{"id":"gen9vgc2024regh-2205390744","format":"[Gen 9] VGC 2024 Reg H","players":["Cereales_Testing","roykeenkennedy"],"log":"|j|\u2606Cereales_Testing\n|j|\u2606roykeenkennedy\n|t:|1726781082\n|gametype|doubles\n|player|p1|Cereales_Testing|fisherman|1781\n|player|p2|roykeenkennedy|alder|1755\n|teamsize|p1|6\n|teamsize|p2|6\n|gen|9\n|tier|[Gen 9] VGC 2024 Reg H\n|rated|\n|rule|Species Clause: Limit one of each Pok\u00e9mon\n|rule|Item Clause: Limit 1 of each item\n|clearpoke\n|poke|p1|Muk-Alola, L50, M|\n|poke|p1|Mandibuzz, L50, F|\n|poke|p1|Hydreigon, L50, F|\n|poke|p1|Gengar, L50, M|\n|poke|p1|Garchomp, L50, F|\n|poke|p1|Tauros-Paldea-Aqua, L50, M|\n|poke|p2|Salamence, L50, F|\n|poke|p2|Incineroar, L50, M|\n|poke|p2|Weezing, L50, F|\n|poke|p2|Dragapult, L50, M|\n|poke|p2|Ursaluna-Bloodmoon, L50, M|\n|poke|p2|Primarina, L50, M|\n|teampreview|4\n|j| Surve\n|\n|t:|1726781118\n|start\n|switch|p1a: Filler|Garchomp, L50, F|100\/100\n|switch|p1b: GF Hunter|Mandibuzz, L50, F, shiny|100\/100\n|switch|p2a: Salamence|Salamence, L50, F|100\/100\n|switch|p2b: Ursaluna|Ursaluna-Bloodmoon, L50, M|100\/100\n|turn|1\n|j| txxhey01\n|\n|t:|1726781158\n|move|p2a: Salamence|Tailwind|p2a: Salamence\n|-sidestart|p2: roykeenkennedy|move: Tailwind\n|move|p2b: Ursaluna|Blood Moon|p1b: GF Hunter\n|-damage|p1b: GF Hunter|27\/100\n|move|p1a: Filler|Dragon Claw|p2a: Salamence\n|-supereffective|p2a: Salamence\n|-damage|p2a: Salamence|0 fnt\n|faint|p2a: Salamence\n|move|p1b: GF Hunter|Foul Play|p2b: Ursaluna\n|-crit|p2b: Ursaluna\n|-damage|p2b: Ursaluna|80\/100\n|\n|upkeep\n|\n|t:|1726781175\n|switch|p2a: Primarina|Primarina, L50, M|100\/100\n|turn|2\n|\n|t:|1726781186\n|-terastallize|p2b: Ursaluna|Normal\n|-terastallize|p1a: Filler|Steel\n|move|p1b: GF Hunter|Protect|p1b: GF Hunter\n|-singleturn|p1b: GF Hunter|Protect\n|move|p2a: Primarina|Hyper Voice|p1b: GF Hunter|[spread] p1a\n|-activate|p1b: GF Hunter|move: Protect\n|-crit|p1a: Filler\n|-damage|p1a: Filler|41\/100\n|-enditem|p2a: Primarina|Throat Spray\n|-boost|p2a: Primarina|spa|1|[from] item: Throat Spray\n|move|p2b: Ursaluna|Hyper Voice|p1a: Filler|[spread] p1a\n|-activate|p1b: GF Hunter|move: Protect\n|-resisted|p1a: Filler\n|-damage|p1a: Filler|16\/100\n|move|p1a: Filler|Earthquake|p2a: Primarina|[spread] p2a,p2b\n|-activate|p1b: GF Hunter|move: Protect\n|-damage|p2a: Primarina|57\/100\n|-damage|p2b: Ursaluna|50\/100\n|\n|upkeep\n|turn|3\n|\n|t:|1726781214\n|move|p1a: Filler|Protect|p1a: Filler\n|-singleturn|p1a: Filler|Protect\n|move|p2a: Primarina|Hyper Voice|p1a: Filler|[spread] p1b\n|-activate|p1a: Filler|move: Protect\n|-damage|p1b: GF Hunter|0 fnt\n|faint|p1b: GF Hunter\n|move|p2b: Ursaluna|Hyper Voice|p1a: Filler\n|-activate|p1a: Filler|move: Protect\n|\n|upkeep\n|\n|t:|1726781223\n|switch|p1b: E=MC^2|Muk-Alola, L50, M, shiny|100\/100\n|turn|4\n|l| Surve\n|\n|t:|1726781246\n|move|p1a: Filler|Protect|p1a: Filler\n|-singleturn|p1a: Filler|Protect\n|move|p2a: Primarina|Hyper Voice|p1b: E=MC^2|[spread] p1b\n|-activate|p1a: Filler|move: Protect\n|-damage|p1b: E=MC^2|77\/100\n|move|p2b: Ursaluna|Earth Power|p1b: E=MC^2\n|-supereffective|p1b: E=MC^2\n|-damage|p1b: E=MC^2|26\/100\n|move|p1b: E=MC^2|Drain Punch|p2b: Ursaluna\n|-supereffective|p2b: Ursaluna\n|-damage|p2b: Ursaluna|16\/100\n|-heal|p1b: E=MC^2|42\/100|[from] drain|[of] p2b: Ursaluna\n|-status|p2b: Ursaluna|psn|[from] ability: Poison Touch|[of] p1b: E=MC^2\n|\n|-damage|p2b: Ursaluna|3\/100 psn|[from] psn\n|-sideend|p2: roykeenkennedy|move: Tailwind\n|upkeep\n|turn|5\n|\n|t:|1726781282\n|move|p2b: Ursaluna|Vacuum Wave|p1a: Filler\n|-supereffective|p1a: Filler\n|-damage|p1a: Filler|0 fnt\n|faint|p1a: Filler\n|move|p2a: Primarina|Hyper Voice|p1b: E=MC^2\n|-damage|p1b: E=MC^2|8\/100\n|move|p1b: E=MC^2|Poison Jab|p2a: Primarina\n|-supereffective|p2a: Primarina\n|-damage|p2a: Primarina|0 fnt\n|faint|p2a: Primarina\n|\n|-damage|p2b: Ursaluna|0 fnt|[from] psn\n|faint|p2b: Ursaluna\n|upkeep\n|\n|t:|1726781297\n|switch|p1a: Smile|Gengar, L50, M|100\/100\n|switch|p2a: Dragapult|Dragapult, L50, M|100\/100\n|turn|6\n|\n|t:|1726781306\n|move|p1b: E=MC^2|Shadow Sneak|p2a: Dragapult\n|-supereffective|p2a: Dragapult\n|-damage|p2a: Dragapult|68\/100\n|-status|p2a: Dragapult|psn|[from] ability: Poison Touch|[of] p1b: E=MC^2\n|move|p2a: Dragapult|Dragon Darts|p1a: Smile\n|-damage|p1a: Smile|20\/100\n|-anim|p2a: Dragapult|Dragon Darts|p1b: E=MC^2\n|-crit|p1b: E=MC^2\n|-damage|p1b: E=MC^2|0 fnt\n|faint|p1b: E=MC^2\n|move|p1a: Smile|Shadow Ball|p2a: Dragapult\n|-supereffective|p2a: Dragapult\n|-damage|p2a: Dragapult|0 fnt\n|faint|p2a: Dragapult\n|\n|win|Cereales_Testing\n|raw|Cereales_Testing's rating: 1781 &rarr; <strong>1800<\/strong><br \/>(+19 for winning)\n|raw|roykeenkennedy's rating: 1755 &rarr; <strong>1736<\/strong><br \/>(-19 for losing)\n|l|\u2606roykeenkennedy\n|player|p2|\n|l|\u2606Cereales_Testing\n|player|p1|\n|l| txxhey01\n","uploadtime":1726781329,"views":58,"formatid":"gen9vgc2024regh","rating":1736,"private":0,"password":null}