{"id":"gen9vgc2024regh-2205060622","format":"[Gen 9] VGC 2024 Reg H","players":["caZISA","roykeenkennedy"],"log":"|j|\u2606caZISA\n|j|\u2606roykeenkennedy\n|t:|1726751981\n|gametype|doubles\n|player|p1|caZISA|red|1681\n|player|p2|roykeenkennedy|alder|1742\n|teamsize|p1|6\n|teamsize|p2|6\n|gen|9\n|tier|[Gen 9] VGC 2024 Reg H\n|rated|\n|rule|Species Clause: Limit one of each Pok\u00e9mon\n|rule|Item Clause: Limit 1 of each item\n|clearpoke\n|poke|p1|Garchomp, L50, F|\n|poke|p1|Tyranitar, L50, M|\n|poke|p1|Rillaboom, L50, F|\n|poke|p1|Talonflame, L50, F|\n|poke|p1|Primarina, L50, M|\n|poke|p1|Gholdengo, L50|\n|poke|p2|Salamence, L50, F|\n|poke|p2|Incineroar, L50, F|\n|poke|p2|Weezing, L50, F|\n|poke|p2|Dragapult, L50, M|\n|poke|p2|Ursaluna-Bloodmoon, L50, M|\n|poke|p2|Primarina, L50, F|\n|teampreview|4\n|j| ny*tta\n|\n|t:|1726752008\n|start\n|switch|p1a: Garchomp|Garchomp, L50, F|100\/100\n|switch|p1b: Primarina|Primarina, L50, M|100\/100\n|switch|p2a: Weezing|Weezing, L50, F|100\/100\n|switch|p2b: Salamence|Salamence, L50, F|100\/100\n|-ability|p2a: Weezing|Neutralizing Gas\n|turn|1\n|inactive|Battle timer is ON: inactive players will automatically lose when time's up. (requested by caZISA)\n|\n|t:|1726752030\n|-terastallize|p1a: Garchomp|Steel\n|move|p2b: Salamence|Tailwind|p2b: Salamence\n|-sidestart|p2: roykeenkennedy|move: Tailwind\n|move|p2a: Weezing|Will-O-Wisp|p1a: Garchomp|[miss]\n|-miss|p2a: Weezing|p1a: Garchomp\n|move|p1a: Garchomp|Stomping Tantrum|p2a: Weezing\n|-supereffective|p2a: Weezing\n|-crit|p2a: Weezing\n|-damage|p2a: Weezing|6\/100\n|move|p1b: Primarina|Hyper Voice|p2a: Weezing|[spread] p2a,p2b\n|-damage|p2a: Weezing|0 fnt\n|-damage|p2b: Salamence|72\/100\n|faint|p2a: Weezing\n|-end|p2a: Weezing|ability: Neutralizing Gas\n|\n|upkeep\n|c|\u2606roykeenkennedy|Dude\n|c|\u2606roykeenkennedy|Willo miss\n|c|\u2606roykeenkennedy|Into a crit\n|inactive|roykeenkennedy has 30 seconds left.\n|\n|t:|1726752057\n|switch|p2a: Dragapult|Dragapult, L50, M|100\/100\n|turn|2\n|j| Figo_44\n|\n|t:|1726752068\n|switch|p2b: Ursaluna|Ursaluna-Bloodmoon, L50, M|100\/100\n|switch|p1b: Tyranitar|Tyranitar, L50, M, shiny|100\/100\n|-weather|Sandstorm|[from] ability: Sand Stream|[of] p1b: Tyranitar\n|-terastallize|p2a: Dragapult|Ghost\n|move|p2a: Dragapult|Tera Blast|p1a: Garchomp|[anim] Tera Blast Ghost\n|-damage|p1a: Garchomp|15\/100\n|move|p1a: Garchomp|Dragon Claw|p2a: Dragapult\n|-damage|p2a: Dragapult|46\/100\n|\n|-weather|Sandstorm|[upkeep]\n|-damage|p2a: Dragapult|40\/100|[from] Sandstorm\n|upkeep\n|turn|3\n|\n|t:|1726752092\n|switch|p2a: Salamence|Salamence, L50, F|72\/100\n|switch|p1b: Rillaboom|Rillaboom, L50, F|100\/100\n|-fieldstart|move: Grassy Terrain|[from] ability: Grassy Surge|[of] p1b: Rillaboom\n|move|p1a: Garchomp|Protect|p1a: Garchomp\n|-singleturn|p1a: Garchomp|Protect\n|move|p2b: Ursaluna|Earth Power|p1b: Rillaboom\n|-resisted|p1b: Rillaboom\n|-damage|p1b: Rillaboom|74\/100\n|\n|-weather|Sandstorm|[upkeep]\n|-damage|p2a: Salamence|66\/100|[from] Sandstorm\n|-damage|p1b: Rillaboom|68\/100|[from] Sandstorm\n|-heal|p1a: Garchomp|21\/100|[from] Grassy Terrain\n|-heal|p1b: Rillaboom|74\/100|[from] Grassy Terrain\n|upkeep\n|turn|4\n|inactive|caZISA has 30 seconds left.\n|inactive|roykeenkennedy has 30 seconds left.\n|\n|t:|1726752120\n|move|p1b: Rillaboom|Fake Out|p2b: Ursaluna\n|-damage|p2b: Ursaluna|88\/100\n|move|p2a: Salamence|Dual Wingbeat|p1b: Rillaboom\n|-supereffective|p1b: Rillaboom\n|-damage|p1b: Rillaboom|25\/100\n|-supereffective|p1b: Rillaboom\n|-damage|p1b: Rillaboom|0 fnt\n|faint|p1b: Rillaboom\n|-ability|p2a: Salamence|Moxie|boost\n|-boost|p2a: Salamence|atk|1\n|-hitcount|p1: Rillaboom|2\n|cant|p2b: Ursaluna|flinch\n|move|p1a: Garchomp|Dragon Claw|p2a: Salamence\n|-supereffective|p2a: Salamence\n|-damage|p2a: Salamence|0 fnt\n|faint|p2a: Salamence\n|\n|-weather|Sandstorm|[upkeep]\n|-heal|p2b: Ursaluna|94\/100|[from] Grassy Terrain\n|-heal|p1a: Garchomp|27\/100|[from] Grassy Terrain\n|-sideend|p2: roykeenkennedy|move: Tailwind\n|upkeep\n|\n|t:|1726752141\n|switch|p2a: Dragapult|Dragapult, L50, M, tera:Ghost|40\/100\n|switch|p1b: Primarina|Primarina, L50, M|100\/100\n|turn|5\n|\n|t:|1726752150\n|move|p2b: Ursaluna|Vacuum Wave|p1a: Garchomp|[miss]\n|-miss|p2b: Ursaluna|p1a: Garchomp\n|move|p2a: Dragapult|Tera Blast|p1b: Primarina|[anim] Tera Blast Ghost\n|-damage|p1b: Primarina|0 fnt\n|faint|p1b: Primarina\n|move|p1a: Garchomp|Dragon Claw|p2a: Dragapult\n|-damage|p2a: Dragapult|0 fnt\n|faint|p2a: Dragapult\n|\n|-weather|Sandstorm|[upkeep]\n|-heal|p1a: Garchomp|33\/100|[from] Grassy Terrain\n|-heal|p2b: Ursaluna|100\/100|[from] Grassy Terrain\n|upkeep\n|\n|t:|1726752155\n|switch|p1b: Tyranitar|Tyranitar, L50, M, shiny|100\/100\n|turn|6\n|c|\u2606roykeenkennedy|Luckyyyyy\n|inactive|roykeenkennedy has 30 seconds left.\n|\n|t:|1726752180\n|move|p1a: Garchomp|Dragon Claw|p2b: Ursaluna\n|-damage|p2b: Ursaluna|70\/100\n|move|p2b: Ursaluna|Earth Power|p1b: Tyranitar\n|-supereffective|p1b: Tyranitar\n|-damage|p1b: Tyranitar|61\/100\n|move|p1b: Tyranitar|Low Kick|p2b: Ursaluna\n|-supereffective|p2b: Ursaluna\n|-damage|p2b: Ursaluna|0 fnt\n|faint|p2b: Ursaluna\n|\n|win|caZISA\n|raw|caZISA's rating: 1681 &rarr; <strong>1704<\/strong><br \/>(+23 for winning)\n|raw|roykeenkennedy's rating: 1742 &rarr; <strong>1719<\/strong><br \/>(-23 for losing)\n|l|\u2606caZISA\n|player|p1|\n|l|\u2606roykeenkennedy\n|player|p2|\n|l| ny*tta\n","uploadtime":1726752382,"views":166,"formatid":"gen9vgc2024regh","rating":1704,"private":0,"password":null}