{"id":"gen9vgc2024regh-2205781774","format":"[Gen 9] VGC 2024 Reg H","players":["Sunym","SamP_64"],"log":"|j|\u2606Sunym\n|j|\u2606SamP_64\n|t:|1726834983\n|gametype|doubles\n|player|p1|Sunym|nate|1702\n|player|p2|SamP_64|170|1652\n|teamsize|p1|6\n|teamsize|p2|6\n|gen|9\n|tier|[Gen 9] VGC 2024 Reg H\n|rated|\n|rule|Species Clause: Limit one of each Pok\u00e9mon\n|rule|Item Clause: Limit 1 of each item\n|clearpoke\n|poke|p1|Delphox, L50, F|\n|poke|p1|Arcanine-Hisui, L50, M|\n|poke|p1|Skeledirge, L50, M|\n|poke|p1|Whimsicott, L50, F|\n|poke|p1|Sneasler, L50, M|\n|poke|p1|Indeedee, L50, M|\n|poke|p2|Pelipper, L50, M|\n|poke|p2|Archaludon, L50, F|\n|poke|p2|Basculegion, L50, M|\n|poke|p2|Incineroar, L50, F|\n|poke|p2|Amoonguss, L50, M|\n|poke|p2|Maushold-Four, L50|\n|teampreview|4\n|inactive|Battle timer is ON: inactive players will automatically lose when time's up. (requested by Sunym)\n|l|\u2606SamP_64\n|inactive|SamP_64 disconnected and has a minute to reconnect!\n|player|p2|\n|j|\u2606SamP_64\n|inactive|SamP_64 reconnected and has 65 seconds left.\n|player|p2|SamP_64|170|\n|inactive|SamP_64 has 60 seconds left.\n|inactive|SamP_64 has 30 seconds left.\n|\n|t:|1726835053\n|start\n|switch|p1a: Whimsicott|Whimsicott, L50, F|100\/100\n|switch|p1b: Delphox|Delphox, L50, F|100\/100\n|switch|p2a: Incineroar|Incineroar, L50, F|100\/100\n|switch|p2b: Pelipper|Pelipper, L50, M|100\/100\n|-weather|RainDance|[from] ability: Drizzle|[of] p2b: Pelipper\n|-ability|p2a: Incineroar|Intimidate|boost\n|-unboost|p1a: Whimsicott|atk|1\n|-unboost|p1b: Delphox|atk|1\n|turn|1\n|inactive|Sunym has 30 seconds left.\n|inactive|Sunym has 20 seconds left.\n|\n|t:|1726835093\n|switch|p1a: Indeedee|Indeedee, L50, M|100\/100\n|-fieldstart|move: Psychic Terrain|[from] ability: Psychic Surge|[of] p1a: Indeedee\n|-terastallize|p1b: Delphox|Fighting\n|move|p1b: Delphox|Tera Blast|p2a: Incineroar|[anim] Tera Blast Fighting\n|-supereffective|p2a: Incineroar\n|-damage|p2a: Incineroar|18\/100\n|-damage|p1b: Delphox|91\/100|[from] item: Life Orb\n|move|p2b: Pelipper|Weather Ball|p1a: Indeedee\n|-damage|p1a: Indeedee|9\/100\n|move|p2a: Incineroar|Knock Off|p1b: Delphox\n|-resisted|p1b: Delphox\n|-damage|p1b: Delphox|61\/100\n|-enditem|p1b: Delphox|Life Orb|[from] move: Knock Off|[of] p2a: Incineroar\n|\n|-weather|RainDance|[upkeep]\n|upkeep\n|turn|2\n|inactive|Sunym has 30 seconds left.\n|inactive|SamP_64 has 30 seconds left.\n|inactive|Sunym has 20 seconds left.\n|\n|t:|1726835128\n|move|p2b: Pelipper|Protect|p2b: Pelipper\n|-singleturn|p2b: Pelipper|Protect\n|move|p1b: Delphox|Tera Blast|p2a: Incineroar|[anim] Tera Blast Fighting\n|-supereffective|p2a: Incineroar\n|-damage|p2a: Incineroar|0 fnt\n|faint|p2a: Incineroar\n|move|p1a: Indeedee|Expanding Force|p2b: Pelipper\n|-activate|p2b: Pelipper|move: Protect\n|\n|-weather|RainDance|[upkeep]\n|upkeep\n|\n|t:|1726835143\n|switch|p2a: Basculegion|Basculegion, L50, M|100\/100\n|turn|3\n|\n|t:|1726835157\n|switch|p1a: Whimsicott|Whimsicott, L50, F|100\/100\n|move|p1b: Delphox|Protect|p1b: Delphox\n|-singleturn|p1b: Delphox|Protect\n|move|p2a: Basculegion|Flip Turn|p1a: Whimsicott\n|-resisted|p1a: Whimsicott\n|-damage|p1a: Whimsicott|37\/100\n|\n|t:|1726835166\n|switch|p2a: Archaludon|Archaludon, L50, F|100\/100|[from] Flip Turn\n|move|p2b: Pelipper|Tailwind|p2b: Pelipper\n|-sidestart|p2: SamP_64|move: Tailwind\n|\n|-weather|RainDance|[upkeep]\n|upkeep\n|turn|4\n|\n|t:|1726835185\n|move|p1a: Whimsicott|Tailwind|p1a: Whimsicott\n|-sidestart|p1: Sunym|move: Tailwind\n|move|p1b: Delphox|Tera Blast|p2a: Archaludon|[anim] Tera Blast Fighting\n|-supereffective|p2a: Archaludon\n|-damage|p2a: Archaludon|52\/100\n|-ability|p2a: Archaludon|Stamina|boost\n|-boost|p2a: Archaludon|def|1\n|move|p2b: Pelipper|Hurricane|p1b: Delphox\n|-supereffective|p1b: Delphox\n|-damage|p1b: Delphox|0 fnt\n|faint|p1b: Delphox\n|move|p2a: Archaludon|Flash Cannon|p1a: Whimsicott\n|-supereffective|p1a: Whimsicott\n|-damage|p1a: Whimsicott|0 fnt\n|faint|p1a: Whimsicott\n|\n|-weather|RainDance|[upkeep]\n|upkeep\n|\n|t:|1726835192\n|switch|p1a: Sneasler|Sneasler, L50, M|100\/100\n|switch|p1b: Indeedee|Indeedee, L50, M|9\/100\n|-enditem|p1a: Sneasler|Psychic Seed\n|-boost|p1a: Sneasler|spd|1|[from] item: Psychic Seed\n|turn|5\n|inactive|Sunym has 30 seconds left.\n|inactive|SamP_64 has 30 seconds left.\n|inactive|SamP_64 has 20 seconds left.\n|inactive|SamP_64 has 15 seconds left.\n|inactive|SamP_64 has 10 seconds left.\n|inactive|SamP_64 has 5 seconds left.\n|\n|t:|1726835246\n|move|p1a: Sneasler|Throat Chop|p2a: Archaludon\n|-damage|p2a: Archaludon|38\/100\n|-start|p2a: Archaludon|Throat Chop|[silent]\n|-ability|p2a: Archaludon|Stamina|boost\n|-boost|p2a: Archaludon|def|1\n|move|p1b: Indeedee|Expanding Force|p2a: Archaludon|[spread] p2a,p2b\n|-resisted|p2a: Archaludon\n|-damage|p2a: Archaludon|21\/100\n|-damage|p2b: Pelipper|12\/100\n|-ability|p2a: Archaludon|Stamina|boost\n|-boost|p2a: Archaludon|def|1\n|move|p2b: Pelipper|Hurricane|p1b: Indeedee\n|-damage|p1b: Indeedee|0 fnt\n|faint|p1b: Indeedee\n|move|p2a: Archaludon|Electro Shot||[still]\n|-prepare|p2a: Archaludon|Electro Shot\n|-boost|p2a: Archaludon|spa|1\n|-anim|p2a: Archaludon|Electro Shot|p1a: Sneasler\n|-damage|p1a: Sneasler|45\/100\n|\n|-weather|none\n|-fieldend|move: Psychic Terrain\n|upkeep\n|turn|6\n|-message|Sunym forfeited.\n|\n|win|SamP_64\n|raw|Sunym's rating: 1702 &rarr; <strong>1679<\/strong><br \/>(-23 for losing)\n|raw|SamP_64's rating: 1652 &rarr; <strong>1675<\/strong><br \/>(+23 for winning)\n|l|\u2606Sunym\n|player|p1|\n|l|\u2606SamP_64\n|player|p2|\n|j|\u2606SamP_64\n|player|p2|SamP_64|170|\n|l|\u2606SamP_64\n|player|p2|\n","uploadtime":1726835402,"views":151,"formatid":"gen9vgc2024regh","rating":1675,"private":0,"password":null}