{"id":"gen9vgc2024regh-2205234918","format":"[Gen 9] VGC 2024 Reg H","players":["wonder gawd","Arkalid"],"log":"|j|\u2606wonder gawd\n|j|\u2606Arkalid\n|t:|1726767104\n|gametype|doubles\n|player|p1|wonder gawd|1|1724\n|player|p2|Arkalid|170|1721\n|teamsize|p1|6\n|teamsize|p2|6\n|gen|9\n|tier|[Gen 9] VGC 2024 Reg H\n|rated|\n|rule|Species Clause: Limit one of each Pok\u00e9mon\n|rule|Item Clause: Limit 1 of each item\n|clearpoke\n|poke|p1|Zoroark-Hisui, L50, F|\n|poke|p1|Inteleon, L50, F|\n|poke|p1|Sneasler, L50, F|\n|poke|p1|Grimmsnarl, L50, M|\n|poke|p1|Archaludon, L50, M|\n|poke|p1|Electabuzz, L50, F|\n|poke|p2|Vivillon, L50, M|\n|poke|p2|Garchomp, L50, F|\n|poke|p2|Primarina, L50, M|\n|poke|p2|Porygon2, L50|\n|poke|p2|Incineroar, L50, F|\n|poke|p2|Gholdengo, L50|\n|teampreview|4\n|inactive|Battle timer is ON: inactive players will automatically lose when time's up. (requested by Arkalid)\nArkalid has agreed to open team sheets.\n|inactive|wonder gawd has 60 seconds left.\n|inactive|Arkalid has 60 seconds left.\n|\n|t:|1726767144\n|start\n|switch|p1a: Sneasler|Sneasler, L50, F, shiny|100\/100\n|switch|p1b: Electabuzz|Electabuzz, L50, F, shiny|100\/100\n|switch|p2a: Vivillon|Vivillon, L50, M|100\/100\n|switch|p2b: Porygon2|Porygon2, L50|100\/100\n|-ability|p2b: Porygon2|Download|boost\n|-boost|p2b: Porygon2|spa|1\n|turn|1\n|inactive|Arkalid has 30 seconds left.\n|\n|t:|1726767171\n|switch|p2a: Gholdengo|Gholdengo, L50|100\/100\n|-terastallize|p1b: Electabuzz|Grass\n|move|p1a: Sneasler|Nasty Plot|p1a: Sneasler\n|-boost|p1a: Sneasler|spa|2\n|move|p1b: Electabuzz|Taunt|p2b: Porygon2\n|-start|p2b: Porygon2|move: Taunt\n|cant|p2b: Porygon2|move: Taunt|Trick Room\n|\n|upkeep\n|turn|2\n|j| RNG Savage\n|inactive|Arkalid has 30 seconds left.\n|\n|t:|1726767199\n|switch|p2b: Incineroar|Incineroar, L50, F|100\/100\n|-ability|p2b: Incineroar|Intimidate|boost\n|-unboost|p1a: Sneasler|atk|1\n|-unboost|p1b: Electabuzz|atk|1\n|move|p1b: Electabuzz|Helping Hand|p1a: Sneasler\n|-singleturn|p1a: Sneasler|Helping Hand|[of] p1b: Electabuzz\n|move|p1a: Sneasler|Shadow Ball|p2a: Gholdengo\n|-supereffective|p2a: Gholdengo\n|-damage|p2a: Gholdengo|0 fnt\n|faint|p2a: Gholdengo\n|\n|upkeep\n|j| BreadTest\n|\n|t:|1726767212\n|switch|p2a: Porygon2|Porygon2, L50|100\/100\n|-ability|p2a: Porygon2|Download|boost\n|-boost|p2a: Porygon2|spa|1\n|turn|3\n|\n|t:|1726767220\n|move|p1b: Electabuzz|Helping Hand|p1a: Sneasler\n|-singleturn|p1a: Sneasler|Helping Hand|[of] p1b: Electabuzz\n|move|p2b: Incineroar|Fake Out|p1b: Electabuzz\n|-damage|p1b: Electabuzz|91\/100\n|-status|p2b: Incineroar|par|[from] ability: Static|[of] p1b: Electabuzz\n|move|p1a: Sneasler|Hyper Beam|p2a: Porygon2\n|-damage|p2a: Porygon2|0 fnt\n|-mustrecharge|p1a: Sneasler\n|faint|p2a: Porygon2\n|\n|upkeep\n|\n|t:|1726767224\n|switch|p2a: Vivillon|Vivillon, L50, M|100\/100\n|turn|4\n|\n|t:|1726767237\n|move|p1b: Electabuzz|Follow Me|p1b: Electabuzz\n|-singleturn|p1b: Electabuzz|move: Follow Me\n|cant|p1a: Sneasler|recharge\n|move|p2a: Vivillon|Hurricane|p1b: Electabuzz\n|-supereffective|p1b: Electabuzz\n|-damage|p1b: Electabuzz|19\/100\n|-start|p1b: Electabuzz|confusion\n|move|p2b: Incineroar|Knock Off|p1b: Electabuzz\n|-damage|p1b: Electabuzz|0 fnt\n|-enditem|p1b: Electabuzz|Eviolite|[from] move: Knock Off|[of] p2b: Incineroar\n|faint|p1b: Electabuzz\n|\n|upkeep\n|\n|t:|1726767247\n|switch|p1b: Inteleon|Inteleon, L50, F, shiny|100\/100\n|turn|5\n|inactive|Arkalid has 30 seconds left.\n|\n|t:|1726767279\n|-terastallize|p2b: Incineroar|Ghost\n|move|p2a: Vivillon|Protect|p2a: Vivillon\n|-singleturn|p2a: Vivillon|Protect\n|move|p1a: Sneasler|Hyper Voice|p2b: Incineroar|[spread] \n|-activate|p2a: Vivillon|move: Protect\n|-immune|p2b: Incineroar\n|move|p1b: Inteleon|Air Cutter|p2a: Vivillon|[spread] p2b\n|-activate|p2a: Vivillon|move: Protect\n|-crit|p2b: Incineroar\n|-damage|p2b: Incineroar|69\/100 par\n|cant|p2b: Incineroar|par\n|\n|upkeep\n|turn|6\n|inactive|Arkalid has 30 seconds left.\n|\n|t:|1726767306\n|move|p1a: Sneasler|Shadow Ball|p2b: Incineroar\n|-supereffective|p2b: Incineroar\n|-damage|p2b: Incineroar|0 fnt\n|faint|p2b: Incineroar\n|move|p1b: Inteleon|Air Cutter|p2a: Vivillon\n|-supereffective|p2a: Vivillon\n|-damage|p2a: Vivillon|5\/100\n|move|p2a: Vivillon|Sleep Powder|p1a: Sneasler\n|-status|p1a: Sneasler|slp|[from] move: Sleep Powder\n|\n|upkeep\n|turn|7\n|\n|t:|1726767317\n|cant|p1a: Sneasler|slp\n|move|p1b: Inteleon|Snipe Shot|p2a: Vivillon\n|-crit|p2a: Vivillon\n|-damage|p2a: Vivillon|0 fnt\n|faint|p2a: Vivillon\n|\n|win|wonder gawd\n|raw|wonder gawd's rating: 1724 &rarr; <strong>1744<\/strong><br \/>(+20 for winning)\n|raw|Arkalid's rating: 1721 &rarr; <strong>1701<\/strong><br \/>(-20 for losing)\n|l|\u2606Arkalid\n|player|p2|\n|l|\u2606wonder gawd\n|player|p1|\n|l| BreadTest\n","uploadtime":1726767550,"views":63,"formatid":"gen9vgc2024regh","rating":1701,"private":0,"password":null}