{"id":"gen9vgc2024regh-2205222923","format":"[Gen 9] VGC 2024 Reg H","players":["Amoguslolli","Arkalid"],"log":"|j|\u2606Amoguslolli\n|j|\u2606Arkalid\n|t:|1726766070\n|gametype|doubles\n|player|p1|Amoguslolli|101|1770\n|player|p2|Arkalid|170|1748\n|teamsize|p1|6\n|teamsize|p2|6\n|gen|9\n|tier|[Gen 9] VGC 2024 Reg H\n|rated|\n|rule|Species Clause: Limit one of each Pok\u00e9mon\n|rule|Item Clause: Limit 1 of each item\n|clearpoke\n|poke|p1|Sneasler, L50, M|\n|poke|p1|Delphox, L50, M|\n|poke|p1|Basculegion, L50, M|\n|poke|p1|Whimsicott, L50, M|\n|poke|p1|Indeedee, L50, M|\n|poke|p1|Maushold, L50|\n|poke|p2|Vivillon, L50, F|\n|poke|p2|Garchomp, L50, M|\n|poke|p2|Primarina, L50, F|\n|poke|p2|Porygon2, L50|\n|poke|p2|Incineroar, L50, F|\n|poke|p2|Gholdengo, L50|\n|teampreview|4\n|inactive|Battle timer is ON: inactive players will automatically lose when time's up. (requested by Arkalid)\nArkalid has agreed to open team sheets.\n|inactive|Amoguslolli has 60 seconds left.\n|inactive|Arkalid has 60 seconds left.\n|j| Lavenderawa\n|inactive|Amoguslolli has 30 seconds left.\n|inactive|Arkalid has 30 seconds left.\n|inactive|Arkalid has 20 seconds left.\n|\n|t:|1726766141\n|start\n|switch|p1a: Maushold|Maushold, L50|100\/100\n|switch|p1b: Indeedee|Indeedee, L50, M|100\/100\n|switch|p2a: Vivillon|Vivillon, L50, F|100\/100\n|switch|p2b: Garchomp|Garchomp, L50, M|100\/100\n|-fieldstart|move: Psychic Terrain|[from] ability: Psychic Surge|[of] p1b: Indeedee\n|turn|1\n|\n|t:|1726766158\n|switch|p2b: Incineroar|Incineroar, L50, F|100\/100\n|-ability|p2b: Incineroar|Intimidate|boost\n|-unboost|p1a: Maushold|atk|1\n|-unboost|p1b: Indeedee|atk|1\n|move|p2a: Vivillon|Protect|p2a: Vivillon\n|-singleturn|p2a: Vivillon|Protect\n|move|p1a: Maushold|Population Bomb|p2a: Vivillon\n|-activate|p2a: Vivillon|move: Protect\n|move|p1b: Indeedee|Expanding Force|p2b: Incineroar|[spread] \n|-activate|p2a: Vivillon|move: Protect\n|-immune|p2b: Incineroar\n|\n|upkeep\n|turn|2\n|j| tonyoo\n|\n|t:|1726766183\n|-terastallize|p2a: Vivillon|Ghost\n|-terastallize|p1b: Indeedee|Fighting\n|move|p1a: Maushold|Population Bomb|p2b: Incineroar\n|-crit|p2b: Incineroar\n|-damage|p2b: Incineroar|88\/100\n|-damage|p2b: Incineroar|82\/100\n|-damage|p2b: Incineroar|76\/100\n|-damage|p2b: Incineroar|70\/100\n|-damage|p2b: Incineroar|65\/100\n|-damage|p2b: Incineroar|60\/100\n|-damage|p2b: Incineroar|55\/100\n|-damage|p2b: Incineroar|50\/100\n|-damage|p2b: Incineroar|44\/100\n|-damage|p2b: Incineroar|38\/100\n|-hitcount|p2b: Incineroar|10\n|move|p2a: Vivillon|Sleep Powder|p1b: Indeedee|[miss]\n|-miss|p2a: Vivillon|p1b: Indeedee\n|move|p1b: Indeedee|Tera Blast|p2b: Incineroar|[anim] Tera Blast Fighting\n|-supereffective|p2b: Incineroar\n|-damage|p2b: Incineroar|0 fnt\n|faint|p2b: Incineroar\n|\n|upkeep\n|\n|t:|1726766195\n|switch|p2b: Gholdengo|Gholdengo, L50|100\/100\n|turn|3\n|\n|t:|1726766212\n|move|p1a: Maushold|Follow Me|p1a: Maushold\n|-singleturn|p1a: Maushold|move: Follow Me\n|move|p2a: Vivillon|Sleep Powder|p1a: Maushold\n|-status|p1a: Maushold|slp|[from] move: Sleep Powder\n|move|p1b: Indeedee|Expanding Force|p2b: Gholdengo|[spread] p2a,p2b\n|-resisted|p2b: Gholdengo\n|-enditem|p2a: Vivillon|Focus Sash\n|-damage|p2a: Vivillon|1\/100\n|-damage|p2b: Gholdengo|72\/100\n|move|p2b: Gholdengo|Nasty Plot|p2b: Gholdengo\n|-boost|p2b: Gholdengo|spa|2\n|\n|upkeep\n|turn|4\n|\n|t:|1726766232\n|cant|p1a: Maushold|slp\n|move|p2a: Vivillon|Sleep Powder|p1b: Indeedee\n|-status|p1b: Indeedee|slp|[from] move: Sleep Powder\n|cant|p1b: Indeedee|slp\n|move|p2b: Gholdengo|Nasty Plot|p2b: Gholdengo\n|-boost|p2b: Gholdengo|spa|2\n|\n|upkeep\n|turn|5\n|j| Peroquecuones\n|\n|t:|1726766245\n|move|p2a: Vivillon|Protect|p2a: Vivillon\n|-singleturn|p2a: Vivillon|Protect\n|cant|p1a: Maushold|slp\n|cant|p1b: Indeedee|slp\n|move|p2b: Gholdengo|Make It Rain|p1a: Maushold|[spread] p1a,p1b\n|-damage|p1a: Maushold|0 fnt\n|-enditem|p1b: Indeedee|Focus Sash\n|-damage|p1b: Indeedee|1\/100 slp\n|-unboost|p2b: Gholdengo|spa|1\n|faint|p1a: Maushold\n|\n|-fieldend|move: Psychic Terrain\n|upkeep\n|j| Incineroar334\n|\n|t:|1726766267\n|switch|p1a: Basculegion|Basculegion, L50, M|100\/100\n|turn|6\n|\n|t:|1726766284\n|move|p2a: Vivillon|Rage Powder|p2a: Vivillon\n|-singleturn|p2a: Vivillon|move: Rage Powder\n|move|p1a: Basculegion|Flip Turn|p2a: Vivillon\n|-damage|p2a: Vivillon|0 fnt\n|faint|p2a: Vivillon\n|\n|t:|1726766288\n|switch|p1a: Sneasler|Sneasler, L50, M|100\/100|[from] Flip Turn\n|cant|p1b: Indeedee|slp\n|move|p2b: Gholdengo|Shadow Ball|p1a: Sneasler\n|-damage|p1a: Sneasler|0 fnt\n|faint|p1a: Sneasler\n|\n|upkeep\n|j| epschrad\n|\n|t:|1726766296\n|switch|p1a: Basculegion|Basculegion, L50, M|100\/100\n|switch|p2a: Garchomp|Garchomp, L50, M|100\/100\n|turn|7\n|l| Peroquecuones\n|inactive|Arkalid has 30 seconds left.\n|inactive|Amoguslolli has 30 seconds left.\n|inactive|Arkalid has 20 seconds left.\n|inactive|Arkalid has 15 seconds left.\n|inactive|Arkalid has 10 seconds left.\n|\n|t:|1726766341\n|move|p2b: Gholdengo|Protect|p2b: Gholdengo\n|-singleturn|p2b: Gholdengo|Protect\n|move|p1a: Basculegion|Last Respects|p2a: Garchomp\n|-damage|p2a: Garchomp|0 fnt\n|faint|p2a: Garchomp\n|-curestatus|p1b: Indeedee|slp|[msg]\n|move|p1b: Indeedee|Expanding Force|p2b: Gholdengo\n|-activate|p2b: Gholdengo|move: Protect\n|\n|upkeep\n|turn|8\n|\n|t:|1726766355\n|move|p1a: Basculegion|Last Respects|p2b: Gholdengo\n|-supereffective|p2b: Gholdengo\n|-damage|p2b: Gholdengo|0 fnt\n|faint|p2b: Gholdengo\n|\n|win|Amoguslolli\n|raw|Amoguslolli's rating: 1770 &rarr; <strong>1789<\/strong><br \/>(+19 for winning)\n|raw|Arkalid's rating: 1748 &rarr; <strong>1729<\/strong><br \/>(-19 for losing)\n|l|\u2606Arkalid\n|player|p2|\n|l|\u2606Amoguslolli\n|player|p1|\n|l| Lavenderawa\n|l| Incineroar334\n","uploadtime":1726766581,"views":79,"formatid":"gen9vgc2024regh","rating":1729,"private":0,"password":null}