{"id":"gen9vgc2024regh-2205359188","format":"[Gen 9] VGC 2024 Reg H","players":["Amoguslolli","chin8"],"log":"|j|\u2606Amoguslolli\n|j|\u2606chin8\n|t:|1726778036\n|gametype|doubles\n|player|p1|Amoguslolli|170|1706\n|player|p2|chin8|gentleman-gen4dp|1758\n|teamsize|p1|6\n|teamsize|p2|6\n|gen|9\n|tier|[Gen 9] VGC 2024 Reg H\n|rated|\n|rule|Species Clause: Limit one of each Pok\u00e9mon\n|rule|Item Clause: Limit 1 of each item\n|clearpoke\n|poke|p1|Sneasler, L50, M|\n|poke|p1|Delphox, L50, M|\n|poke|p1|Basculegion, L50, M|\n|poke|p1|Whimsicott, L50, M|\n|poke|p1|Indeedee, L50, M|\n|poke|p1|Maushold, L50|\n|poke|p2|Baxcalibur, L50, M|\n|poke|p2|Kilowattrel, L50, M|\n|poke|p2|Haxorus, L50, M|\n|poke|p2|Gardevoir, L50, F|\n|poke|p2|Magmortar, L50, F|\n|poke|p2|Gholdengo, L50|\n|teampreview|4\n|j| Deli(VeryReal)\n|\n|t:|1726778075\n|start\n|switch|p1a: Basculegion|Basculegion, L50, M, shiny|100\/100\n|switch|p1b: Sneasler|Sneasler, L50, M, shiny|100\/100\n|switch|p2a: Kilowattrel|Kilowattrel, L50, M|100\/100\n|switch|p2b: Baxcalibur|Baxcalibur, L50, M|100\/100\n|turn|1\n|j| ravioliaifunghi\n|\n|t:|1726778085\n|-terastallize|p2b: Baxcalibur|Ground\n|move|p2a: Kilowattrel|Protect|p2a: Kilowattrel\n|-singleturn|p2a: Kilowattrel|Protect\n|move|p1a: Basculegion|Flip Turn|p2a: Kilowattrel\n|-activate|p2a: Kilowattrel|move: Protect\n|move|p1b: Sneasler|Dire Claw|p2a: Kilowattrel\n|-activate|p2a: Kilowattrel|move: Protect\n|move|p2b: Baxcalibur|Earthquake|p1b: Sneasler|[spread] p1a,p1b\n|-activate|p2a: Kilowattrel|move: Protect\n|-supereffective|p1b: Sneasler\n|-damage|p1a: Basculegion|45\/100\n|-damage|p1b: Sneasler|0 fnt\n|faint|p1b: Sneasler\n|\n|upkeep\n|\n|t:|1726778096\n|switch|p1b: Whimsicott|Whimsicott, L50, M|100\/100\n|turn|2\n|\n|t:|1726778107\n|move|p1a: Basculegion|Flip Turn|p2b: Baxcalibur\n|-supereffective|p2b: Baxcalibur\n|-damage|p2b: Baxcalibur|35\/100\n|\n|t:|1726778109\n|switch|p1a: Indeedee|Indeedee, L50, M|100\/100|[from] Flip Turn\n|-fieldstart|move: Psychic Terrain|[from] ability: Psychic Surge|[of] p1a: Indeedee\n|move|p2a: Kilowattrel|Air Slash|p1b: Whimsicott\n|-supereffective|p1b: Whimsicott\n|-damage|p1b: Whimsicott|2\/100\n|move|p1b: Whimsicott|Moonblast|p2a: Kilowattrel\n|-damage|p2a: Kilowattrel|53\/100\n|move|p2b: Baxcalibur|Earthquake|p1a: Indeedee|[spread] p1a,p1b\n|-immune|p2a: Kilowattrel\n|-resisted|p1b: Whimsicott\n|-damage|p1a: Indeedee|13\/100\n|-damage|p1b: Whimsicott|0 fnt\n|faint|p1b: Whimsicott\n|\n|upkeep\n|\n|t:|1726778123\n|switch|p1b: Basculegion|Basculegion, L50, M, shiny|45\/100\n|turn|3\n|c| Deli(VeryReal)|goat\n|\n|t:|1726778135\n|move|p1b: Basculegion|Last Respects|p2a: Kilowattrel\n|-damage|p2a: Kilowattrel|0 fnt\n|faint|p2a: Kilowattrel\n|move|p1a: Indeedee|Expanding Force|p2b: Baxcalibur\n|-damage|p2b: Baxcalibur|0 fnt\n|faint|p2b: Baxcalibur\n|\n|upkeep\n|\n|t:|1726778138\n|switch|p2a: Magmortar|Magmortar, L50, F|100\/100\n|switch|p2b: Haxorus|Haxorus, L50, M, shiny|100\/100\n|-ability|p2b: Haxorus|Mold Breaker\n|turn|4\n|\n|t:|1726778146\n|move|p2a: Magmortar|Follow Me|p2a: Magmortar\n|-singleturn|p2a: Magmortar|move: Follow Me\n|move|p1b: Basculegion|Last Respects|p2a: Magmortar\n|-damage|p2a: Magmortar|3\/100\n|-enditem|p2a: Magmortar|Sitrus Berry|[eat]\n|-heal|p2a: Magmortar|27\/100|[from] item: Sitrus Berry\n|move|p2b: Haxorus|Rock Slide|p1a: Indeedee|[spread] p1a,p1b\n|-damage|p1a: Indeedee|0 fnt\n|-damage|p1b: Basculegion|13\/100\n|faint|p1a: Indeedee\n|\n|upkeep\n|turn|5\n|-message|Amoguslolli forfeited.\n|\n|win|chin8\n|raw|Amoguslolli's rating: 1706 &rarr; <strong>1689<\/strong><br \/>(-17 for losing)\n|raw|chin8's rating: 1758 &rarr; <strong>1775<\/strong><br \/>(+17 for winning)\n|l|\u2606Amoguslolli\n|player|p1|\n|l|\u2606chin8\n|player|p2|\n|l| Deli(VeryReal)\n","uploadtime":1726778374,"views":36,"formatid":"gen9vgc2024regh","rating":1689,"private":0,"password":null}