{"id":"gen9vgc2024regh-2205363864","format":"[Gen 9] VGC 2024 Reg H","players":["ConnerTEP","si digame"],"log":"|j|\u2606ConnerTEP\n|j|\u2606si digame\n|t:|1726778473\n|gametype|doubles\n|player|p1|ConnerTEP|miku-ground|1684\n|player|p2|si digame|gambler|1664\n|teamsize|p1|6\n|teamsize|p2|6\n|gen|9\n|tier|[Gen 9] VGC 2024 Reg H\n|rated|\n|rule|Species Clause: Limit one of each Pok\u00e9mon\n|rule|Item Clause: Limit 1 of each item\n|clearpoke\n|poke|p1|Arcanine, L50, M|\n|poke|p1|Kingambit, L50, F|\n|poke|p1|Altaria, L50, F|\n|poke|p1|Garchomp, L50, F|\n|poke|p1|Talonflame, L50, F|\n|poke|p1|Indeedee, L50, M|\n|poke|p2|Volcarona, L50, F|\n|poke|p2|Rillaboom, L50, F|\n|poke|p2|Tauros-Paldea-Aqua, L50, M|\n|poke|p2|Glimmora, L50, F|\n|poke|p2|Kingambit, L50, M|\n|poke|p2|Ninetales-Alola, L50, F|\n|teampreview|4\n|inactive|Battle timer is ON: inactive players will automatically lose when time's up. (requested by ConnerTEP)\n|j| William_Guidi_98\n|j| ravioliaifunghi\n|inactive|si digame has 60 seconds left.\n|\n|t:|1726778507\n|start\n|switch|p1a: Arcanine|Arcanine, L50, M|100\/100\n|switch|p1b: Kingambit|Kingambit, L50, F|100\/100\n|switch|p2a: Kingambit|Kingambit, L50, M|100\/100\n|switch|p2b: Volcarona|Volcarona, L50, F|100\/100\n|-ability|p1a: Arcanine|Intimidate|boost\n|-unboost|p2a: Kingambit|atk|1\n|-ability|p2a: Kingambit|Defiant|boost\n|-boost|p2a: Kingambit|atk|2\n|-unboost|p2b: Volcarona|atk|1\n|turn|1\n|\n|t:|1726778529\n|-terastallize|p1b: Kingambit|Fairy\n|move|p2a: Kingambit|Protect|p2a: Kingambit\n|-singleturn|p2a: Kingambit|Protect\n|move|p1a: Arcanine|Flare Blitz|p2a: Kingambit\n|-activate|p2a: Kingambit|move: Protect\n|move|p2b: Volcarona|Quiver Dance|p2b: Volcarona\n|-boost|p2b: Volcarona|spa|1\n|-boost|p2b: Volcarona|spd|1\n|-boost|p2b: Volcarona|spe|1\n|move|p1b: Kingambit|Tera Blast|p2a: Kingambit|[anim] Tera Blast Fairy\n|-activate|p2a: Kingambit|move: Protect\n|\n|upkeep\n|turn|2\n|\n|t:|1726778551\n|move|p2a: Kingambit|Sucker Punch|p1a: Arcanine\n|-damage|p1a: Arcanine|12\/100\n|-damage|p2a: Kingambit|91\/100|[from] item: Life Orb\n|move|p2b: Volcarona|Heat Wave|p1a: Arcanine|[spread] p1a,p1b\n|-resisted|p1a: Arcanine\n|-damage|p1a: Arcanine|0 fnt\n|-damage|p1b: Kingambit|62\/100\n|-status|p1b: Kingambit|brn\n|faint|p1a: Arcanine\n|move|p1b: Kingambit|Tera Blast|p2a: Kingambit|[anim] Tera Blast Fairy\n|-damage|p2a: Kingambit|74\/100\n|\n|-damage|p1b: Kingambit|56\/100 brn|[from] brn\n|upkeep\n|\n|t:|1726778562\n|switch|p1a: Talonflame|Talonflame, L50, F|100\/100\n|turn|3\n|\n|t:|1726778570\n|move|p2b: Volcarona|Protect|p2b: Volcarona\n|-singleturn|p2b: Volcarona|Protect\n|move|p1a: Talonflame|Tailwind|p1a: Talonflame\n|-sidestart|p1: ConnerTEP|move: Tailwind\n|move|p1b: Kingambit|Kowtow Cleave|p2b: Volcarona\n|-activate|p2b: Volcarona|move: Protect\n|move|p2a: Kingambit|Kowtow Cleave|p1a: Talonflame\n|-enditem|p1a: Talonflame|Focus Sash\n|-damage|p1a: Talonflame|1\/100\n|-damage|p2a: Kingambit|64\/100|[from] item: Life Orb\n|\n|-damage|p1b: Kingambit|50\/100 brn|[from] brn\n|upkeep\n|turn|4\n|\n|t:|1726778581\n|move|p2a: Kingambit|Sucker Punch||[still]\n|-fail|p2a: Kingambit\n|move|p1a: Talonflame|Will-O-Wisp|p2a: Kingambit\n|-status|p2a: Kingambit|brn\n|move|p2b: Volcarona|Heat Wave|p1b: Kingambit|[spread] p1b\n|-miss|p2b: Volcarona|p1a: Talonflame\n|-damage|p1b: Kingambit|10\/100 brn\n|move|p1b: Kingambit|Kowtow Cleave|p2b: Volcarona\n|-damage|p2b: Volcarona|68\/100\n|\n|-heal|p2b: Volcarona|74\/100|[from] item: Leftovers\n|-damage|p1b: Kingambit|4\/100 brn|[from] brn\n|-damage|p2a: Kingambit|58\/100 brn|[from] brn\n|upkeep\n|turn|5\n|\n|t:|1726778601\n|move|p1b: Kingambit|Sucker Punch|p2b: Volcarona\n|-damage|p2b: Volcarona|48\/100\n|move|p2a: Kingambit|Sucker Punch|p1a: Talonflame\n|-damage|p1a: Talonflame|0 fnt\n|faint|p1a: Talonflame\n|-damage|p2a: Kingambit|49\/100 brn|[from] item: Life Orb\n|move|p2b: Volcarona|Heat Wave|p1b: Kingambit\n|-damage|p1b: Kingambit|0 fnt\n|faint|p1b: Kingambit\n|\n|-heal|p2b: Volcarona|55\/100|[from] item: Leftovers\n|-damage|p2a: Kingambit|43\/100 brn|[from] brn\n|upkeep\n|\n|t:|1726778604\n|switch|p1b: Garchomp|Garchomp, L50, F|100\/100\n|turn|6\n|l| ravioliaifunghi\n|\n|t:|1726778620\n|move|p2b: Volcarona|Protect|p2b: Volcarona\n|-singleturn|p2b: Volcarona|Protect\n|move|p2a: Kingambit|Sucker Punch|p1b: Garchomp\n|-damage|p1b: Garchomp|57\/100\n|-damage|p2a: Kingambit|31\/100 brn|[from] ability: Rough Skin|[of] p1b: Garchomp\n|-damage|p2a: Kingambit|21\/100 brn|[from] item: Life Orb\n|move|p1b: Garchomp|Earthquake|p2b: Volcarona|[spread] p2a\n|-activate|p2b: Volcarona|move: Protect\n|-supereffective|p2a: Kingambit\n|-damage|p2a: Kingambit|0 fnt\n|faint|p2a: Kingambit\n|\n|-heal|p2b: Volcarona|61\/100|[from] item: Leftovers\n|-sideend|p1: ConnerTEP|move: Tailwind\n|upkeep\n|\n|t:|1726778631\n|switch|p2a: Rillaboom|Rillaboom, L50, F|100\/100\n|-fieldstart|move: Grassy Terrain|[from] ability: Grassy Surge|[of] p2a: Rillaboom\n|turn|7\n|-message|ConnerTEP forfeited.\n|\n|win|si digame\n|raw|ConnerTEP's rating: 1684 &rarr; <strong>1663<\/strong><br \/>(-21 for losing)\n|raw|si digame's rating: 1664 &rarr; <strong>1685<\/strong><br \/>(+21 for winning)\n|l|\u2606ConnerTEP\n|player|p1|\n|l|\u2606si digame\n|player|p2|\n|j| mage vgc\n","uploadtime":1726778789,"views":30,"formatid":"gen9vgc2024regh","rating":1663,"private":0,"password":null}