{"id":"gen9vgc2024regh-2205246124","format":"[Gen 9] VGC 2024 Reg H","players":["rough Pult","ugo brambilla"],"log":"|j|\u2606rough Pult\n|j|\u2606ugo brambilla\n|t:|1726768042\n|gametype|doubles\n|player|p1|rough Pult|giovanni|1822\n|player|p2|ugo brambilla|102|1791\n|teamsize|p1|6\n|teamsize|p2|6\n|gen|9\n|tier|[Gen 9] VGC 2024 Reg H\n|rated|\n|rule|Species Clause: Limit one of each Pok\u00e9mon\n|rule|Item Clause: Limit 1 of each item\n|clearpoke\n|poke|p1|Dondozo, L50, M|\n|poke|p1|Dragapult, L50, M|\n|poke|p1|Magmar, L50, F|\n|poke|p1|Kingambit, L50, M|\n|poke|p1|Rillaboom, L50, F|\n|poke|p1|Sneasler, L50, F|\n|poke|p2|Dondozo, L50, M|\n|poke|p2|Tatsugiri, L50, F|\n|poke|p2|Pawmot, L50, F|\n|poke|p2|Dragonite, L50, F|\n|poke|p2|Gholdengo, L50|\n|poke|p2|Weezing-Galar, L50, F|\n|teampreview|4\n|j| Akwila\n|\n|t:|1726768101\n|start\n|switch|p1a: Dragapult|Dragapult, L50, M|100\/100\n|switch|p1b: Magmar|Magmar, L50, F|100\/100\n|switch|p2a: Pawmot|Pawmot, L50, F|100\/100\n|switch|p2b: Tatsugiri|Tatsugiri, L50, F|100\/100\n|turn|1\n|j| mr pogostick\n|l| Akwila\n|j| stewpeed\n|\n|t:|1726768179\n|switch|p1a: Rillaboom|Rillaboom, L50, F|100\/100\n|-fieldstart|move: Grassy Terrain|[from] ability: Grassy Surge|[of] p1a: Rillaboom\n|-terastallize|p2b: Tatsugiri|Stellar\n|move|p2a: Pawmot|Fake Out|p1b: Magmar\n|-damage|p1b: Magmar|89\/100\n|move|p2b: Tatsugiri|Draco Meteor|p1a: Rillaboom\n|-damage|p1a: Rillaboom|44\/100\n|-unboost|p2b: Tatsugiri|spa|2\n|cant|p1b: Magmar|flinch\n|\n|-heal|p1b: Magmar|95\/100|[from] Grassy Terrain\n|-heal|p1a: Rillaboom|50\/100|[from] Grassy Terrain\n|upkeep\n|turn|2\n|\n|t:|1726768204\n|switch|p2b: Weezing|Weezing-Galar, L50, F|100\/100\n|-ability|p2b: Weezing|Neutralizing Gas\n|move|p1a: Rillaboom|Fake Out|p2a: Pawmot\n|-damage|p2a: Pawmot|77\/100\n|cant|p2a: Pawmot|flinch\n|move|p1b: Magmar|Heat Wave|p2b: Weezing|[spread] p2a,p2b\n|-damage|p2a: Pawmot|36\/100\n|-damage|p2b: Weezing|78\/100\n|\n|-heal|p2a: Pawmot|42\/100|[from] Grassy Terrain\n|-heal|p1b: Magmar|100\/100|[from] Grassy Terrain\n|-heal|p1a: Rillaboom|56\/100|[from] Grassy Terrain\n|-heal|p2b: Weezing|84\/100|[from] Grassy Terrain\n|upkeep\n|turn|3\n|\n|t:|1726768232\n|switch|p2a: Tatsugiri|Tatsugiri, L50, F, tera:Stellar|100\/100\n|switch|p1a: Dragapult|Dragapult, L50, M|100\/100\n|-end|p2b: Weezing|ability: Neutralizing Gas\n|switch|p2b: Dondozo|Dondozo, L50, M|100\/100\n|-activate|p2a: Tatsugiri|ability: Commander|[of] p2b: Dondozo\n|-boost|p2b: Dondozo|atk|2\n|-boost|p2b: Dondozo|spa|2\n|-boost|p2b: Dondozo|spe|2\n|-boost|p2b: Dondozo|def|2\n|-boost|p2b: Dondozo|spd|2\n|move|p1b: Magmar|Heat Wave|p2b: Dondozo|[spread] p2b\n|-miss|p1b: Magmar|p2a: Tatsugiri\n|-resisted|p2b: Dondozo\n|-damage|p2b: Dondozo|94\/100\n|\n|-heal|p2b: Dondozo|99\/100|[from] Grassy Terrain\n|-heal|p2b: Dondozo|100\/100|[from] item: Leftovers\n|upkeep\n|turn|4\n|\n|t:|1726768263\n|move|p1b: Magmar|Follow Me|p1b: Magmar\n|-singleturn|p1b: Magmar|move: Follow Me\n|move|p2b: Dondozo|Wave Crash|p1b: Magmar\n|-supereffective|p1b: Magmar\n|-damage|p1b: Magmar|0 fnt\n|faint|p1b: Magmar\n|-damage|p2b: Dondozo|76\/100|[from] Recoil\n|move|p1a: Dragapult|Dragon Darts|p2b: Dondozo\n|-damage|p2b: Dondozo|61\/100\n|-anim|p1a: Dragapult|Dragon Darts|p2b: Dondozo\n|-damage|p2b: Dondozo|47\/100\n|\n|-heal|p2b: Dondozo|53\/100|[from] Grassy Terrain\n|-heal|p2b: Dondozo|59\/100|[from] item: Leftovers\n|upkeep\n|\n|t:|1726768304\n|switch|p1b: Sneasler|Sneasler, L50, F|100\/100\n|turn|5\n|\n|t:|1726768314\n|switch|p1a: Rillaboom|Rillaboom, L50, F|56\/100\n|move|p2b: Dondozo|Protect|p2b: Dondozo\n|-singleturn|p2b: Dondozo|Protect\n|move|p1b: Sneasler|Dire Claw|p2b: Dondozo\n|-activate|p2b: Dondozo|move: Protect\n|\n|-heal|p2b: Dondozo|65\/100|[from] Grassy Terrain\n|-heal|p2b: Dondozo|71\/100|[from] item: Leftovers\n|-heal|p1a: Rillaboom|61\/100|[from] Grassy Terrain\n|-fieldend|move: Grassy Terrain\n|upkeep\n|turn|6\n|\n|t:|1726768330\n|move|p1a: Rillaboom|Fake Out|p2b: Dondozo\n|-damage|p2b: Dondozo|66\/100\n|cant|p2b: Dondozo|flinch\n|move|p1b: Sneasler|Dire Claw|p2b: Dondozo\n|-damage|p2b: Dondozo|51\/100\n|-status|p2b: Dondozo|slp\n|\n|-heal|p2b: Dondozo|57\/100 slp|[from] item: Leftovers\n|upkeep\n|turn|7\n|\n|t:|1726768347\n|cant|p2b: Dondozo|slp\n|move|p1b: Sneasler|Close Combat|p2b: Dondozo\n|-damage|p2b: Dondozo|36\/100 slp\n|-unboost|p1b: Sneasler|def|1\n|-unboost|p1b: Sneasler|spd|1\n|move|p1a: Rillaboom|U-turn|p2b: Dondozo\n|-damage|p2b: Dondozo|27\/100 slp\n|\n|t:|1726768356\n|switch|p1a: Dragapult|Dragapult, L50, M|100\/100|[from] U-turn\n|\n|-heal|p2b: Dondozo|33\/100 slp|[from] item: Leftovers\n|upkeep\n|turn|8\n|\n|t:|1726768369\n|switch|p1a: Rillaboom|Rillaboom, L50, F|61\/100\n|-fieldstart|move: Grassy Terrain|[from] ability: Grassy Surge|[of] p1a: Rillaboom\n|cant|p2b: Dondozo|slp\n|move|p1b: Sneasler|Close Combat|p2b: Dondozo\n|-damage|p2b: Dondozo|12\/100 slp\n|-unboost|p1b: Sneasler|def|1\n|-unboost|p1b: Sneasler|spd|1\n|\n|-heal|p2b: Dondozo|19\/100 slp|[from] Grassy Terrain\n|-heal|p2b: Dondozo|25\/100 slp|[from] item: Leftovers\n|-heal|p1a: Rillaboom|67\/100|[from] Grassy Terrain\n|upkeep\n|turn|9\n|\n|t:|1726768392\n|-terastallize|p1b: Sneasler|Stellar\n|cant|p2b: Dondozo|slp\n|move|p1b: Sneasler|Close Combat|p2b: Dondozo\n|-damage|p2b: Dondozo|0 fnt\n|-unboost|p1b: Sneasler|def|1\n|-unboost|p1b: Sneasler|spd|1\n|faint|p2b: Dondozo\n|move|p1a: Rillaboom|Wood Hammer|p2a: Tatsugiri\n|-damage|p2a: Tatsugiri|0 fnt\n|faint|p2a: Tatsugiri\n|-damage|p1a: Rillaboom|44\/100|[from] Recoil\n|\n|-heal|p1a: Rillaboom|50\/100|[from] Grassy Terrain\n|upkeep\n|-message|ugo brambilla forfeited.\n|\n|win|rough Pult\n|raw|rough Pult's rating: 1822 &rarr; <strong>1840<\/strong><br \/>(+18 for winning)\n|raw|ugo brambilla's rating: 1791 &rarr; <strong>1773<\/strong><br \/>(-18 for losing)\n|l|\u2606ugo brambilla\n|player|p2|\n|l| mr pogostick\n|l| stewpeed\n","uploadtime":1726768416,"views":161,"formatid":"gen9vgc2024regh","rating":1773,"private":0,"password":null}