{"id":"gen9vgc2024regh-2205575858","format":"[Gen 9] VGC 2024 Reg H","players":["mlm2016","Beccca"],"log":"|j|\u2606mlm2016\n|j|\u2606Beccca\n|t:|1726802727\n|gametype|doubles\n|player|p1|mlm2016|juggler|1643\n|player|p2|Beccca|2|1687\n|teamsize|p1|6\n|teamsize|p2|6\n|gen|9\n|tier|[Gen 9] VGC 2024 Reg H\n|rated|\n|rule|Species Clause: Limit one of each Pok\u00e9mon\n|rule|Item Clause: Limit 1 of each item\n|clearpoke\n|poke|p1|Typhlosion-Hisui, L50, M|\n|poke|p1|Farigiraf, L50, F|\n|poke|p1|Kingambit, L50, M|\n|poke|p1|Primarina, L50, F|\n|poke|p1|Whimsicott, L50, M|\n|poke|p1|Dragapult, L50, F|\n|poke|p2|Dragonite, L50, F|\n|poke|p2|Annihilape, L50, F|\n|poke|p2|Ninetales-Alola, L50, F|\n|poke|p2|Meowscarada, L50, F|\n|poke|p2|Mimikyu, L50, F|\n|poke|p2|Archaludon, L50, M|\n|teampreview|4\n|inactive|Battle timer is ON: inactive players will automatically lose when time's up. (requested by Beccca)\n|inactive|mlm2016 has 60 seconds left.\n|inactive|Beccca has 60 seconds left.\n|inactive|Beccca has 30 seconds left.\n|inactive|Beccca has 20 seconds left.\n|\n|t:|1726802809\n|start\n|switch|p1a: Typhlosion|Typhlosion-Hisui, L50, M|100\/100\n|switch|p1b: Whimsicott|Whimsicott, L50, M|100\/100\n|switch|p2a: Mimikyu|Mimikyu, L50, F, shiny|100\/100\n|switch|p2b: Dragonite|Dragonite, L50, F, shiny|100\/100\n|-item|p2a: Mimikyu|Life Orb|[from] ability: Frisk|[of] p1a: Typhlosion\n|-item|p2b: Dragonite|Lum Berry|[from] ability: Frisk|[of] p1a: Typhlosion\n|turn|1\n|inactive|mlm2016 has 30 seconds left.\n|inactive|Beccca has 30 seconds left.\n|\n|t:|1726802835\n|-terastallize|p2b: Dragonite|Flying\n|move|p2a: Mimikyu|Shadow Sneak|p1a: Typhlosion\n|-supereffective|p1a: Typhlosion\n|-damage|p1a: Typhlosion|33\/100\n|-damage|p2a: Mimikyu|91\/100|[from] item: Life Orb\n|move|p1b: Whimsicott|Moonblast|p2a: Mimikyu\n|-activate|p2a: Mimikyu|ability: Disguise\n|-damage|p2a: Mimikyu|91\/100\n|detailschange|p2a: Mimikyu|Mimikyu-Busted, L50, F, shiny\n|-damage|p2a: Mimikyu|78\/100|[from] pokemon: Mimikyu-Busted\n|move|p1a: Typhlosion|Shadow Ball|p2a: Mimikyu\n|-supereffective|p2a: Mimikyu\n|-damage|p2a: Mimikyu|0 fnt\n|faint|p2a: Mimikyu\n|-damage|p1a: Typhlosion|23\/100|[from] item: Life Orb\n|move|p2b: Dragonite|Tera Blast|p1b: Whimsicott|[anim] Tera Blast Flying\n|-supereffective|p1b: Whimsicott\n|-enditem|p1b: Whimsicott|Focus Sash\n|-damage|p1b: Whimsicott|1\/100\n|\n|upkeep\n|\n|t:|1726802858\n|switch|p2a: Meowscarada|Meowscarada, L50, F|100\/100\n|turn|2\n|j| drewj21\n|l| drewj21\n|inactive|mlm2016 has 30 seconds left.\n|inactive|mlm2016 has 20 seconds left.\n|\n|t:|1726802895\n|-terastallize|p1b: Whimsicott|Ghost\n|move|p1a: Typhlosion|Protect|p1a: Typhlosion\n|-singleturn|p1a: Typhlosion|Protect\n|move|p2b: Dragonite|Extreme Speed|p1b: Whimsicott\n|-immune|p1b: Whimsicott\n|move|p1b: Whimsicott|Tailwind|p1b: Whimsicott\n|-sidestart|p1: mlm2016|move: Tailwind\n|move|p2a: Meowscarada|Knock Off|p1a: Typhlosion\n|-start|p2a: Meowscarada|typechange|Dark|[from] ability: Protean\n|-activate|p1a: Typhlosion|move: Protect\n|\n|upkeep\n|turn|3\n|j| CadennedaC\n|inactive|Beccca has 30 seconds left.\n|l| CadennedaC\n|inactive|mlm2016 has 30 seconds left.\n|\n|t:|1726802930\n|switch|p1a: Farigiraf|Farigiraf, L50, F|100\/100\n|move|p1b: Whimsicott|Moonblast|p2a: Meowscarada\n|-supereffective|p2a: Meowscarada\n|-damage|p2a: Meowscarada|0 fnt\n|faint|p2a: Meowscarada\n|move|p2b: Dragonite|Tera Blast|p1a: Farigiraf|[anim] Tera Blast Flying\n|-damage|p1a: Farigiraf|50\/100\n|\n|upkeep\n|\n|t:|1726802940\n|switch|p2a: Annihilape|Annihilape, L50, F|100\/100\n|turn|4\n|j| mr pogostick\n|inactive|mlm2016 has 30 seconds left.\n|\n|t:|1726802972\n|move|p1b: Whimsicott|Protect|p1b: Whimsicott\n|-singleturn|p1b: Whimsicott|Protect\n|move|p1a: Farigiraf|Psychic Noise|p2a: Annihilape\n|-supereffective|p2a: Annihilape\n|-damage|p2a: Annihilape|65\/100\n|-start|p2a: Annihilape|move: Heal Block\n|move|p2a: Annihilape|Rock Slide|p1a: Farigiraf|[spread] p1a\n|-activate|p1b: Whimsicott|move: Protect\n|-damage|p1a: Farigiraf|35\/100\n|move|p2b: Dragonite|Tera Blast|p1a: Farigiraf|[anim] Tera Blast Flying\n|-damage|p1a: Farigiraf|0 fnt\n|faint|p1a: Farigiraf\n|\n|upkeep\n|\n|t:|1726802987\n|switch|p1a: Typhlosion|Typhlosion-Hisui, L50, M|23\/100\n|-item|p2a: Annihilape|Assault Vest|[from] ability: Frisk|[of] p1a: Typhlosion\n|-item|p2b: Dragonite|Lum Berry|[from] ability: Frisk|[of] p1a: Typhlosion\n|turn|5\n|\n|t:|1726803007\n|switch|p1b: Kingambit|Kingambit, L50, M|100\/100\n|move|p1a: Typhlosion|Shadow Ball|p2a: Annihilape\n|-supereffective|p2a: Annihilape\n|-damage|p2a: Annihilape|9\/100\n|-damage|p1a: Typhlosion|14\/100|[from] item: Life Orb\n|move|p2a: Annihilape|Rage Fist|p1a: Typhlosion\n|-supereffective|p1a: Typhlosion\n|-damage|p1a: Typhlosion|0 fnt\n|faint|p1a: Typhlosion\n|move|p2b: Dragonite|Tera Blast|p1b: Kingambit|[anim] Tera Blast Flying\n|-resisted|p1b: Kingambit\n|-damage|p1b: Kingambit|78\/100\n|\n|-end|p2a: Annihilape|move: Heal Block\n|-sideend|p1: mlm2016|move: Tailwind\n|upkeep\n|\n|t:|1726803021\n|switch|p1a: Whimsicott|Whimsicott, L50, M, tera:Ghost|1\/100\n|turn|6\n|inactive|mlm2016 has 30 seconds left.\n|\n|t:|1726803052\n|move|p1b: Kingambit|Sucker Punch|p2b: Dragonite\n|-damage|p2b: Dragonite|81\/100\n|move|p1a: Whimsicott|Moonblast|p2a: Annihilape\n|-supereffective|p2a: Annihilape\n|-damage|p2a: Annihilape|0 fnt\n|faint|p2a: Annihilape\n|move|p2b: Dragonite|Tera Blast|p1a: Whimsicott|[anim] Tera Blast Flying\n|-damage|p1a: Whimsicott|0 fnt\n|faint|p1a: Whimsicott\n|\n|upkeep\n|turn|7\n|\n|t:|1726803070\n|move|p2b: Dragonite|Fire Punch|p1b: Kingambit\n|-supereffective|p1b: Kingambit\n|-damage|p1b: Kingambit|32\/100\n|move|p1b: Kingambit|Kowtow Cleave|p2b: Dragonite\n|-damage|p2b: Dragonite|35\/100\n|\n|upkeep\n|turn|8\n|\n|t:|1726803083\n|move|p2b: Dragonite|Extreme Speed|p1b: Kingambit\n|-resisted|p1b: Kingambit\n|-damage|p1b: Kingambit|20\/100\n|move|p1b: Kingambit|Sucker Punch||[still]\n|-fail|p1b: Kingambit\n|\n|upkeep\n|turn|9\n|c|\u2606mlm2016|ooh\n|c|\u2606mlm2016|mind games\n|\n|t:|1726803096\n|move|p2b: Dragonite|Protect|p2b: Dragonite\n|-singleturn|p2b: Dragonite|Protect\n|move|p1b: Kingambit|Sucker Punch||[still]\n|-fail|p1b: Kingambit\n|\n|upkeep\n|turn|10\n|\n|t:|1726803108\n|move|p1b: Kingambit|Sucker Punch|p2b: Dragonite\n|-damage|p2b: Dragonite|0 fnt\n|faint|p2b: Dragonite\n|\n|win|mlm2016\n|raw|mlm2016's rating: 1643 &rarr; <strong>1666<\/strong><br \/>(+23 for winning)\n|raw|Beccca's rating: 1687 &rarr; <strong>1664<\/strong><br \/>(-23 for losing)\n|c|\u2606mlm2016|gg\n|l| mr pogostick\n|l|\u2606Beccca\n|player|p2|\n|l|\u2606mlm2016\n|player|p1|\n","uploadtime":1726803150,"views":26,"formatid":"gen9vgc2024regh","rating":1664,"private":0,"password":null}