{"id":"gen9vgc2024regh-2205428801","format":"[Gen 9] VGC 2024 Reg H","players":["Krisuerte","ABCD baby"],"log":"|j|\u2606Krisuerte\n|j|\u2606ABCD baby\n|t:|1726785193\n|gametype|doubles\n|player|p1|Krisuerte|1|1705\n|player|p2|ABCD baby|lady-gen4|1693\n|teamsize|p1|6\n|teamsize|p2|6\n|gen|9\n|tier|[Gen 9] VGC 2024 Reg H\n|rated|\n|rule|Species Clause: Limit one of each Pok\u00e9mon\n|rule|Item Clause: Limit 1 of each item\n|clearpoke\n|poke|p1|Tyranitar, L50, F|\n|poke|p1|Gholdengo, L50|\n|poke|p1|Murkrow, L50, F|\n|poke|p1|Garchomp, L50, F|\n|poke|p1|Excadrill, L50, M|\n|poke|p1|Milotic, L50, F|\n|poke|p2|Whimsicott, L50, F|\n|poke|p2|Maushold-Four, L50|\n|poke|p2|Typhlosion-Hisui, L50, F|\n|poke|p2|Annihilape, L50, F|\n|poke|p2|Farigiraf, L50, M|\n|poke|p2|Ursaluna-Bloodmoon, L50, M|\n|teampreview|4\n|j| salmonelephant\n|\n|t:|1726785249\n|start\n|switch|p1a: Tyranitar|Tyranitar, L50, F|100\/100\n|switch|p1b: Excadrill|Excadrill, L50, M|100\/100\n|switch|p2a: Maushold|Maushold-Four, L50|100\/100\n|switch|p2b: Annihilape|Annihilape, L50, F|100\/100\n|-weather|Sandstorm|[from] ability: Sand Stream|[of] p1a: Tyranitar\n|turn|1\n|\n|t:|1726785277\n|-terastallize|p1a: Tyranitar|Flying\n|move|p1b: Excadrill|Earthquake|p2a: Maushold|[spread] p2a,p2b\n|-immune|p1a: Tyranitar\n|-damage|p2a: Maushold|34\/100\n|-damage|p2b: Annihilape|57\/100\n|move|p2a: Maushold|Population Bomb|p1a: Tyranitar\n|-crit|p1a: Tyranitar\n|-damage|p1a: Tyranitar|87\/100\n|-damage|p1a: Tyranitar|79\/100\n|-damage|p1a: Tyranitar|70\/100\n|-damage|p1a: Tyranitar|60\/100\n|-damage|p1a: Tyranitar|53\/100\n|-damage|p1a: Tyranitar|45\/100\n|-damage|p1a: Tyranitar|36\/100\n|-damage|p1a: Tyranitar|27\/100\n|-damage|p1a: Tyranitar|18\/100\n|-damage|p1a: Tyranitar|9\/100\n|-hitcount|p1a: Tyranitar|10\n|move|p2b: Annihilape|Drain Punch|p1b: Excadrill\n|-supereffective|p1b: Excadrill\n|-damage|p1b: Excadrill|1\/100\n|-heal|p2b: Annihilape|100\/100|[from] drain|[of] p1b: Excadrill\n|move|p1a: Tyranitar|Tera Blast|p2b: Annihilape|[anim] Tera Blast Flying\n|-supereffective|p2b: Annihilape\n|-damage|p2b: Annihilape|11\/100\n|\n|-weather|Sandstorm|[upkeep]\n|-damage|p2a: Maushold|28\/100|[from] Sandstorm\n|-damage|p2b: Annihilape|5\/100|[from] Sandstorm\n|-damage|p1a: Tyranitar|3\/100|[from] Sandstorm\n|upkeep\n|turn|2\n|\n|t:|1726785312\n|switch|p1a: Murkrow|Murkrow, L50, F|100\/100\n|move|p2a: Maushold|Protect|p2a: Maushold\n|-singleturn|p2a: Maushold|Protect\n|move|p1b: Excadrill|Earthquake|p2b: Annihilape|[spread] p2b\n|-activate|p2a: Maushold|move: Protect\n|-immune|p1a: Murkrow\n|-damage|p2b: Annihilape|0 fnt\n|faint|p2b: Annihilape\n|\n|-weather|Sandstorm|[upkeep]\n|-damage|p2a: Maushold|22\/100|[from] Sandstorm\n|-damage|p1a: Murkrow|95\/100|[from] Sandstorm\n|upkeep\n|\n|t:|1726785319\n|switch|p2b: Farigiraf|Farigiraf, L50, M|100\/100\n|turn|3\n|\n|t:|1726785334\n|move|p2a: Maushold|Follow Me|p2a: Maushold\n|-singleturn|p2a: Maushold|move: Follow Me\n|move|p1b: Excadrill|Earthquake|p2b: Farigiraf|[spread] p2a,p2b\n|-immune|p1a: Murkrow\n|-damage|p2a: Maushold|0 fnt\n|-damage|p2b: Farigiraf|57\/100\n|faint|p2a: Maushold\n|move|p1a: Murkrow|Foul Play|p2b: Farigiraf\n|-supereffective|p2b: Farigiraf\n|-damage|p2b: Farigiraf|9\/100\n|move|p2b: Farigiraf|Trick Room|p2b: Farigiraf\n|-fieldstart|move: Trick Room|[of] p2b: Farigiraf\n|\n|-weather|Sandstorm|[upkeep]\n|-damage|p2b: Farigiraf|2\/100|[from] Sandstorm\n|-damage|p1a: Murkrow|89\/100|[from] Sandstorm\n|upkeep\n|\n|t:|1726785344\n|switch|p2a: Ursaluna|Ursaluna-Bloodmoon, L50, M|100\/100\n|turn|4\n|\n|t:|1726785357\n|switch|p1a: Tyranitar|Tyranitar, L50, F, tera:Flying|3\/100\n|move|p2b: Farigiraf|Hyper Voice|p1b: Excadrill|[spread] p1a,p1b\n|-resisted|p1b: Excadrill\n|-damage|p1a: Tyranitar|0 fnt\n|-damage|p1b: Excadrill|0 fnt\n|faint|p1a: Tyranitar\n|faint|p1b: Excadrill\n|-enditem|p2b: Farigiraf|Throat Spray\n|-boost|p2b: Farigiraf|spa|1|[from] item: Throat Spray\n|move|p2a: Ursaluna|Hyper Voice|p1: Tyranitar|[notarget]\n|-fail|p2a: Ursaluna\n|\n|-weather|Sandstorm|[upkeep]\n|-damage|p2b: Farigiraf|0 fnt|[from] Sandstorm\n|faint|p2b: Farigiraf\n|upkeep\n|\n|t:|1726785373\n|switch|p1a: Murkrow|Murkrow, L50, F|89\/100\n|switch|p1b: Gholdengo|Gholdengo, L50|100\/100\n|turn|5\n|\n|t:|1726785390\n|-terastallize|p2a: Ursaluna|Normal\n|move|p1a: Murkrow|Quash|p2a: Ursaluna\n|-activate|p2a: Ursaluna|move: Quash\n|move|p1b: Gholdengo|Make It Rain|p2a: Ursaluna\n|-damage|p2a: Ursaluna|0 fnt\n|-unboost|p1b: Gholdengo|spa|1\n|faint|p2a: Ursaluna\n|\n|win|Krisuerte\n|raw|Krisuerte's rating: 1705 &rarr; <strong>1724<\/strong><br \/>(+19 for winning)\n|raw|ABCD baby's rating: 1693 &rarr; <strong>1674<\/strong><br \/>(-19 for losing)\n|l|\u2606Krisuerte\n|player|p1|\n|l|\u2606ABCD baby\n|player|p2|\n|l| salmonelephant\n","uploadtime":1726785577,"views":21,"formatid":"gen9vgc2024regh","rating":1674,"private":0,"password":null}