{"id":"gen9vgc2024regh-2205120852","format":"[Gen 9] VGC 2024 Reg H","players":["chanpaopao","Zordor"],"log":"|j|\u2606chanpaopao\n|j|\u2606Zordor\n|t:|1726757453\n|gametype|doubles\n|player|p1|chanpaopao|102|1751\n|player|p2|Zordor|pilot|1721\n|teamsize|p1|6\n|teamsize|p2|6\n|gen|9\n|tier|[Gen 9] VGC 2024 Reg H\n|rated|\n|rule|Species Clause: Limit one of each Pok\u00e9mon\n|rule|Item Clause: Limit 1 of each item\n|clearpoke\n|poke|p1|Whimsicott, L50, F|\n|poke|p1|Dragonite, L50, M|\n|poke|p1|Ursaluna-Bloodmoon, L50, M|\n|poke|p1|Gholdengo, L50|\n|poke|p1|Archaludon, L50, M|\n|poke|p1|Rillaboom, L50, M|\n|poke|p2|Rotom-Wash, L50|\n|poke|p2|Cinderace, L50, M|\n|poke|p2|Kingambit, L50, M|\n|poke|p2|Venusaur, L50, M|\n|poke|p2|Armarouge, L50, F|\n|poke|p2|Dragapult, L50, M|\n|teampreview|4\n|j| SlipNSligoo\n|inactive|Battle timer is ON: inactive players will automatically lose when time's up. (requested by chanpaopao)\n|\n|t:|1726757505\n|start\n|switch|p1a: Whimsicott|Whimsicott, L50, F|100\/100\n|switch|p1b: Archaludon|Archaludon, L50, M|100\/100\n|switch|p2a: Cinderace|Cinderace, L50, M|100\/100\n|switch|p2b: Rotom|Rotom-Wash, L50|100\/100\n|turn|1\n|inactive|chanpaopao has 30 seconds left.\n|inactive|chanpaopao has 20 seconds left.\n|inactive|chanpaopao has 15 seconds left.\n|inactive|chanpaopao has 10 seconds left.\n|\n|t:|1726757552\n|move|p2a: Cinderace|Super Fang|p1b: Archaludon\n|-start|p2a: Cinderace|typechange|Normal|[from] ability: Libero\n|-damage|p1b: Archaludon|51\/100\n|move|p1a: Whimsicott|Moonblast|p2b: Rotom\n|-damage|p2b: Rotom|60\/100\n|move|p2b: Rotom|Electroweb|p1a: Whimsicott|[spread] p1a,p1b\n|-resisted|p1a: Whimsicott\n|-resisted|p1b: Archaludon\n|-damage|p1a: Whimsicott|86\/100\n|-damage|p1b: Archaludon|39\/100\n|-unboost|p1a: Whimsicott|spe|1\n|-unboost|p1b: Archaludon|spe|1\n|move|p1b: Archaludon|Electro Shot||[still]\n|-prepare|p1b: Archaludon|Electro Shot\n|-boost|p1b: Archaludon|spa|1\n|-enditem|p1b: Archaludon|Power Herb\n|-anim|p1b: Archaludon|Electro Shot|p2b: Rotom\n|-damage|p2b: Rotom|0 fnt\n|faint|p2b: Rotom\n|\n|upkeep\n|inactive|Zordor has 30 seconds left.\n|inactive|Zordor has 20 seconds left.\n|inactive|Zordor has 15 seconds left.\n|inactive|Zordor has 10 seconds left.\n|\n|t:|1726757597\n|switch|p2b: Dragapult|Dragapult, L50, M|100\/100\n|turn|2\n|j| Tian15\n|\n|t:|1726757607\n|move|p1a: Whimsicott|Tailwind|p1a: Whimsicott\n|-sidestart|p1: chanpaopao|move: Tailwind\n|move|p2b: Dragapult|Dragon Darts|p1b: Archaludon\n|-damage|p1b: Archaludon|21\/100\n|-anim|p2b: Dragapult|Dragon Darts|p1b: Archaludon\n|-damage|p1b: Archaludon|3\/100\n|move|p2a: Cinderace|Pyro Ball|p1a: Whimsicott\n|-supereffective|p1a: Whimsicott\n|-damage|p1a: Whimsicott|0 fnt\n|faint|p1a: Whimsicott\n|move|p1b: Archaludon|Draco Meteor|p2b: Dragapult\n|-supereffective|p2b: Dragapult\n|-damage|p2b: Dragapult|0 fnt\n|-unboost|p1b: Archaludon|spa|2\n|faint|p2b: Dragapult\n|\n|upkeep\n|\n|t:|1726757628\n|switch|p2b: Venusaur|Venusaur, L50, M|100\/100\n|switch|p1a: Dragonite|Dragonite, L50, M|100\/100\n|turn|3\n|\n|t:|1726757652\n|-terastallize|p2b: Venusaur|Dark\n|move|p1a: Dragonite|Scale Shot|p2a: Cinderace\n|-damage|p2a: Cinderace|79\/100\n|-damage|p2a: Cinderace|58\/100\n|-damage|p2a: Cinderace|36\/100\n|-damage|p2a: Cinderace|15\/100\n|-hitcount|p2a: Cinderace|4\n|-unboost|p1a: Dragonite|def|1\n|-boost|p1a: Dragonite|spe|1\n|move|p2a: Cinderace|Super Fang|p1a: Dragonite\n|-damage|p1a: Dragonite|51\/100\n|move|p1b: Archaludon|Draco Meteor|p2a: Cinderace\n|-damage|p2a: Cinderace|0 fnt\n|-unboost|p1b: Archaludon|spa|2\n|faint|p2a: Cinderace\n|move|p2b: Venusaur|Sludge Bomb|p1a: Dragonite\n|-damage|p1a: Dragonite|9\/100\n|\n|upkeep\n|turn|4\n|\n|t:|1726757676\n|move|p2b: Venusaur|Protect|p2b: Venusaur\n|-singleturn|p2b: Venusaur|Protect\n|move|p1a: Dragonite|Scale Shot|p2b: Venusaur\n|-activate|p2b: Venusaur|move: Protect\n|move|p1b: Archaludon|Draco Meteor|p2b: Venusaur\n|-activate|p2b: Venusaur|move: Protect\n|\n|upkeep\n|turn|5\n|\n|t:|1726757690\n|move|p1a: Dragonite|Low Kick|p2b: Venusaur\n|-supereffective|p2b: Venusaur\n|-damage|p2b: Venusaur|13\/100\n|move|p1b: Archaludon|Draco Meteor|p2b: Venusaur\n|-damage|p2b: Venusaur|0 fnt\n|-unboost|p1b: Archaludon|spa|2\n|faint|p2b: Venusaur\n|\n|win|chanpaopao\n|raw|chanpaopao's rating: 1751 &rarr; <strong>1769<\/strong><br \/>(+18 for winning)\n|raw|Zordor's rating: 1721 &rarr; <strong>1703<\/strong><br \/>(-18 for losing)\n|l|\u2606Zordor\n|player|p2|\n|l| SlipNSligoo\n|l|\u2606chanpaopao\n|player|p1|\n|l| Tian15\n","uploadtime":1726757828,"views":52,"formatid":"gen9vgc2024regh","rating":1703,"private":0,"password":null}