{"id":"gen9vgc2024regh-2205674610","format":"[Gen 9] VGC 2024 Reg H","players":["kojimuranishi","chappell murkroan"],"log":"|j|\u2606kojimuranishi\n|j|\u2606chappell murkroan\n|t:|1726819228\n|gametype|doubles\n|player|p1|kojimuranishi|101|1699\n|player|p2|chappell murkroan|caitlin|1827\n|teamsize|p1|6\n|teamsize|p2|6\n|gen|9\n|tier|[Gen 9] VGC 2024 Reg H\n|rated|\n|rule|Species Clause: Limit one of each Pok\u00e9mon\n|rule|Item Clause: Limit 1 of each item\n|clearpoke\n|poke|p1|Ursaluna-Bloodmoon, L50, M|\n|poke|p1|Amoonguss, L50, F|\n|poke|p1|Incineroar, L50, F|\n|poke|p1|Archaludon, L50, F|\n|poke|p1|Pelipper, L50, F|\n|poke|p1|Whimsicott, L50, M|\n|poke|p2|Sneasler, L50, F|\n|poke|p2|Delphox, L50, F|\n|poke|p2|Basculegion, L50, M|\n|poke|p2|Whimsicott, L50, M|\n|poke|p2|Indeedee, L50, M|\n|poke|p2|Maushold-Four, L50|\n|teampreview|4\n|inactive|Battle timer is ON: inactive players will automatically lose when time's up. (requested by chappell murkroan)\n|\n|t:|1726819258\n|start\n|switch|p1a: Whimsicott|Whimsicott, L50, M|100\/100\n|switch|p1b: Incineroar|Incineroar, L50, F|100\/100\n|switch|p2a: Indeedee|Indeedee, L50, M, shiny|100\/100\n|switch|p2b: Delphox|Delphox, L50, F, shiny|100\/100\n|-fieldstart|move: Psychic Terrain|[from] ability: Psychic Surge|[of] p2a: Indeedee\n|-ability|p1b: Incineroar|Intimidate|boost\n|-unboost|p2a: Indeedee|atk|1\n|-unboost|p2b: Delphox|atk|1\n|turn|1\n|\n|t:|1726819278\n|switch|p2b: Whimsicott|Whimsicott, L50, M|100\/100\n|-terastallize|p2a: Indeedee|Fighting\n|move|p1a: Whimsicott|Protect|p1a: Whimsicott\n|-singleturn|p1a: Whimsicott|Protect\n|move|p2a: Indeedee|Tera Blast|p1b: Incineroar|[anim] Tera Blast Fighting\n|-supereffective|p1b: Incineroar\n|-damage|p1b: Incineroar|44\/100\n|-enditem|p1b: Incineroar|Sitrus Berry|[eat]\n|-heal|p1b: Incineroar|69\/100|[from] item: Sitrus Berry\n|move|p1b: Incineroar|Snarl|p2b: Whimsicott|[spread] p2a,p2b\n|-resisted|p2a: Indeedee\n|-resisted|p2b: Whimsicott\n|-damage|p2a: Indeedee|93\/100\n|-damage|p2b: Whimsicott|94\/100\n|-unboost|p2a: Indeedee|spa|1\n|\n|upkeep\n|turn|2\n|\n|t:|1726819302\n|move|p2b: Whimsicott|Tailwind|p2b: Whimsicott\n|-sidestart|p2: chappell murkroan|move: Tailwind\n|move|p2a: Indeedee|Tera Blast|p1b: Incineroar|[anim] Tera Blast Fighting\n|-supereffective|p1b: Incineroar\n|-damage|p1b: Incineroar|30\/100\n|move|p1a: Whimsicott|Moonblast|p2a: Indeedee\n|-supereffective|p2a: Indeedee\n|-damage|p2a: Indeedee|0 fnt\n|faint|p2a: Indeedee\n|move|p1b: Incineroar|Flare Blitz|p2b: Whimsicott\n|-supereffective|p2b: Whimsicott\n|-damage|p2b: Whimsicott|0 fnt\n|faint|p2b: Whimsicott\n|-damage|p1b: Incineroar|5\/100|[from] Recoil\n|\n|upkeep\n|\n|t:|1726819316\n|switch|p2b: Basculegion|Basculegion, L50, M|100\/100\n|switch|p2a: Delphox|Delphox, L50, F, shiny|100\/100\n|turn|3\n|\n|t:|1726819329\n|move|p1a: Whimsicott|Protect|p1a: Whimsicott\n|-singleturn|p1a: Whimsicott|Protect\n|move|p2b: Basculegion|Last Respects|p1b: Incineroar\n|-resisted|p1b: Incineroar\n|-damage|p1b: Incineroar|0 fnt\n|faint|p1b: Incineroar\n|move|p2a: Delphox|Expanding Force|p1a: Whimsicott\n|-activate|p1a: Whimsicott|move: Protect\n|\n|upkeep\n|\n|t:|1726819340\n|switch|p1b: Archaludon|Archaludon, L50, F|100\/100\n|turn|4\n|\n|t:|1726819355\n|move|p1a: Whimsicott|Tailwind|p1a: Whimsicott\n|-sidestart|p1: kojimuranishi|move: Tailwind\n|move|p2b: Basculegion|Last Respects|p1b: Archaludon\n|-damage|p1b: Archaludon|12\/100\n|move|p2a: Delphox|Expanding Force|p1a: Whimsicott|[spread] p1a,p1b\n|-resisted|p1b: Archaludon\n|-enditem|p1a: Whimsicott|Focus Sash\n|-damage|p1a: Whimsicott|1\/100\n|-damage|p1b: Archaludon|0 fnt\n|faint|p1b: Archaludon\n|\n|upkeep\n|\n|t:|1726819366\n|switch|p1b: Ursaluna|Ursaluna-Bloodmoon, L50, M|100\/100\n|turn|5\n|\n|t:|1726819372\n|move|p1a: Whimsicott|Protect|p1a: Whimsicott\n|-singleturn|p1a: Whimsicott|Protect\n|move|p1b: Ursaluna|Protect|p1b: Ursaluna\n|-singleturn|p1b: Ursaluna|Protect\n|move|p2b: Basculegion|Last Respects|p1a: Whimsicott\n|-activate|p1a: Whimsicott|move: Protect\n|move|p2a: Delphox|Expanding Force|p1a: Whimsicott|[spread] \n|-activate|p1a: Whimsicott|move: Protect\n|-activate|p1b: Ursaluna|move: Protect\n|\n|-sideend|p2: chappell murkroan|move: Tailwind\n|-fieldend|move: Psychic Terrain\n|upkeep\n|turn|6\n|\n|t:|1726819389\n|-terastallize|p1b: Ursaluna|Normal\n|move|p1a: Whimsicott|Moonblast|p2b: Basculegion\n|-damage|p2b: Basculegion|57\/100\n|move|p1b: Ursaluna|Blood Moon|p2a: Delphox\n|-damage|p2a: Delphox|0 fnt\n|faint|p2a: Delphox\n|-damage|p1b: Ursaluna|91\/100|[from] item: Life Orb\n|move|p2b: Basculegion|Last Respects|p1a: Whimsicott\n|-damage|p1a: Whimsicott|0 fnt\n|faint|p1a: Whimsicott\n|\n|upkeep\n|turn|7\n|-message|chappell murkroan forfeited.\n|\n|win|kojimuranishi\n|raw|kojimuranishi's rating: 1699 &rarr; <strong>1726<\/strong><br \/>(+27 for winning)\n|raw|chappell murkroan's rating: 1827 &rarr; <strong>1800<\/strong><br \/>(-27 for losing)\n|l|\u2606chappell murkroan\n|player|p2|\n|l|\u2606kojimuranishi\n|player|p1|\n","uploadtime":1726819669,"views":21,"formatid":"gen9vgc2024regh","rating":1726,"private":0,"password":null}