{"id":"gen9vgc2024regh-2205405073","format":"[Gen 9] VGC 2024 Reg H","players":["Last minute player","roykeenkennedy"],"log":"|j|\u2606Last minute player\n|j|\u2606roykeenkennedy\n|t:|1726782544\n|gametype|doubles\n|player|p1|Last minute player|lady-gen4|1800\n|player|p2|roykeenkennedy|alder|1698\n|teamsize|p1|6\n|teamsize|p2|6\n|gen|9\n|tier|[Gen 9] VGC 2024 Reg H\n|rated|\n|rule|Species Clause: Limit one of each Pok\u00e9mon\n|rule|Item Clause: Limit 1 of each item\n|clearpoke\n|poke|p1|Incineroar, L50, M|\n|poke|p1|Rillaboom, L50, F|\n|poke|p1|Primarina, L50, M|\n|poke|p1|Maushold, L50|\n|poke|p1|Gholdengo, L50|\n|poke|p1|Dragapult, L50, F|\n|poke|p2|Salamence, L50, M|\n|poke|p2|Incineroar, L50, F|\n|poke|p2|Weezing, L50, M|\n|poke|p2|Dragapult, L50, M|\n|poke|p2|Ursaluna-Bloodmoon, L50, M|\n|poke|p2|Primarina, L50, F|\n|teampreview|4\n|\n|t:|1726782571\n|start\n|switch|p1a: Dragapult|Dragapult, L50, F|100\/100\n|switch|p1b: Maushold|Maushold, L50|100\/100\n|switch|p2a: Salamence|Salamence, L50, M|100\/100\n|switch|p2b: Dragapult|Dragapult, L50, M|100\/100\n|turn|1\n|\n|t:|1726782588\n|switch|p2b: Weezing|Weezing, L50, M|100\/100\n|-ability|p2b: Weezing|Neutralizing Gas\n|-terastallize|p2a: Salamence|Steel\n|-terastallize|p1a: Dragapult|Dragon\n|move|p1b: Maushold|Follow Me|p1b: Maushold\n|-singleturn|p1b: Maushold|move: Follow Me\n|move|p2a: Salamence|Breaking Swipe|p1a: Dragapult|[spread] p1a,p1b\n|-supereffective|p1a: Dragapult\n|-damage|p1a: Dragapult|29\/100\n|-damage|p1b: Maushold|64\/100\n|-unboost|p1a: Dragapult|atk|1\n|-unboost|p1b: Maushold|atk|1\n|move|p1a: Dragapult|Dragon Darts|p2b: Weezing\n|-damage|p2b: Weezing|69\/100\n|-anim|p1a: Dragapult|Dragon Darts|p2a: Salamence\n|-resisted|p2a: Salamence\n|-damage|p2a: Salamence|77\/100\n|\n|-heal|p2b: Weezing|76\/100|[from] item: Leftovers\n|upkeep\n|turn|2\n|\n|t:|1726782611\n|switch|p1a: Primarina|Primarina, L50, M|100\/100\n|move|p2a: Salamence|Breaking Swipe|p1b: Maushold|[spread] p1b\n|-immune|p1a: Primarina\n|-damage|p1b: Maushold|28\/100\n|-unboost|p1b: Maushold|atk|1\n|move|p1b: Maushold|Thunder Wave|p2a: Salamence|[miss]\n|-miss|p1b: Maushold|p2a: Salamence\n|move|p2b: Weezing|Sludge Bomb|p1a: Primarina\n|-supereffective|p1a: Primarina\n|-damage|p1a: Primarina|48\/100\n|\n|-heal|p2b: Weezing|82\/100|[from] item: Leftovers\n|upkeep\n|turn|3\n|\n|t:|1726782629\n|move|p1a: Primarina|Protect|p1a: Primarina\n|-singleturn|p1a: Primarina|Protect\n|move|p2a: Salamence|Breaking Swipe|p1a: Primarina|[spread] p1b\n|-activate|p1a: Primarina|move: Protect\n|-damage|p1b: Maushold|0 fnt\n|faint|p1b: Maushold\n|move|p2b: Weezing|Sludge Bomb|p1a: Primarina\n|-activate|p1a: Primarina|move: Protect\n|\n|-heal|p2b: Weezing|88\/100|[from] item: Leftovers\n|upkeep\n|\n|t:|1726782638\n|switch|p1b: Gholdengo|Gholdengo, L50|100\/100\n|turn|4\n|\n|t:|1726782652\n|switch|p2a: Incineroar|Incineroar, L50, F|100\/100\n|-ability|p2a: Incineroar|Intimidate|boost\n|-unboost|p1a: Primarina|atk|1\n|-unboost|p1b: Gholdengo|atk|1\n|move|p1b: Gholdengo|Nasty Plot|p1b: Gholdengo\n|-boost|p1b: Gholdengo|spa|2\n|move|p2b: Weezing|Sludge Bomb|p1a: Primarina\n|-supereffective|p1a: Primarina\n|-damage|p1a: Primarina|0 fnt\n|faint|p1a: Primarina\n|\n|-heal|p2b: Weezing|94\/100|[from] item: Leftovers\n|upkeep\n|\n|t:|1726782655\n|switch|p1a: Dragapult|Dragapult, L50, F, tera:Dragon|29\/100\n|turn|5\n|\n|t:|1726782695\n|move|p2a: Incineroar|Fake Out|p1a: Dragapult\n|-damage|p1a: Dragapult|13\/100\n|cant|p1a: Dragapult|flinch\n|move|p1b: Gholdengo|Shadow Ball|p2b: Weezing\n|-damage|p2b: Weezing|0 fnt\n|faint|p2b: Weezing\n|-end|p2b: Weezing|ability: Neutralizing Gas\n|\n|upkeep\n|\n|t:|1726782705\n|switch|p2b: Salamence|Salamence, L50, M, tera:Steel|77\/100\n|turn|6\n|\n|t:|1726782725\n|move|p2b: Salamence|Breaking Swipe|p1b: Gholdengo|[spread] p1a,p1b\n|-supereffective|p1a: Dragapult\n|-resisted|p1b: Gholdengo\n|-damage|p1a: Dragapult|0 fnt\n|-damage|p1b: Gholdengo|90\/100\n|-unboost|p1b: Gholdengo|atk|1\n|faint|p1a: Dragapult\n|-ability|p2b: Salamence|Moxie|boost\n|-boost|p2b: Salamence|atk|1\n|move|p1b: Gholdengo|Shadow Ball|p2b: Salamence\n|-damage|p2b: Salamence|0 fnt\n|faint|p2b: Salamence\n|move|p2a: Incineroar|Flare Blitz|p1b: Gholdengo\n|-supereffective|p1b: Gholdengo\n|-damage|p1b: Gholdengo|10\/100\n|-damage|p2a: Incineroar|77\/100|[from] Recoil\n|\n|-heal|p1b: Gholdengo|16\/100|[from] item: Leftovers\n|upkeep\n|-message|Last minute player forfeited.\n|\n|win|roykeenkennedy\n|raw|Last minute player's rating: 1800 &rarr; <strong>1774<\/strong><br \/>(-26 for losing)\n|raw|roykeenkennedy's rating: 1698 &rarr; <strong>1724<\/strong><br \/>(+26 for winning)\n|l|\u2606Last minute player\n|player|p1|\n|l|\u2606roykeenkennedy\n|player|p2|\n","uploadtime":1726782945,"views":31,"formatid":"gen9vgc2024regh","rating":1724,"private":0,"password":null}