{"id":"gen9vgc2024regh-2205594422","format":"[Gen 9] VGC 2024 Reg H","players":["Dktdragon","fangame10"],"log":"|j|\u2606Dktdragon\n|j|\u2606fangame10\n|t:|1726805367\n|gametype|doubles\n|player|p1|Dktdragon|lady|1702\n|player|p2|fangame10|red|1864\n|teamsize|p1|6\n|teamsize|p2|6\n|gen|9\n|tier|[Gen 9] VGC 2024 Reg H\n|rated|\n|rule|Species Clause: Limit one of each Pok\u00e9mon\n|rule|Item Clause: Limit 1 of each item\n|clearpoke\n|poke|p1|Kommo-o, L50, F|\n|poke|p1|Rillaboom, L50, F|\n|poke|p1|Ninetales-Alola, L50, F|\n|poke|p1|Basculegion, L50, M|\n|poke|p1|Gholdengo, L50|\n|poke|p1|Incineroar, L50, M|\n|poke|p2|Baxcalibur, L50, F|\n|poke|p2|Ninetales-Alola, L50, F|\n|poke|p2|Milotic, L50, M|\n|poke|p2|Skeledirge, L50, M|\n|poke|p2|Rillaboom, L50, M|\n|poke|p2|Sneasler, L50, M|\n|teampreview|4\n|inactive|Battle timer is ON: inactive players will automatically lose when time's up. (requested by fangame10)\n|j| Lavenderawa\n|inactive|Dktdragon has 60 seconds left.\n|inactive|fangame10 has 60 seconds left.\n|\n|t:|1726805426\n|start\n|switch|p1a: Basculegion|Basculegion, L50, M|100\/100\n|switch|p1b: Gholdengo|Gholdengo, L50|100\/100\n|switch|p2a: Ninetales|Ninetales-Alola, L50, F, shiny|100\/100\n|switch|p2b: Milotic|Milotic, L50, M, shiny|100\/100\n|-weather|Snow|[from] ability: Snow Warning|[of] p2a: Ninetales\n|turn|1\n|inactive|Dktdragon has 30 seconds left.\n|\n|t:|1726805458\n|move|p1a: Basculegion|Flip Turn|p2a: Ninetales\n|-damage|p2a: Ninetales|55\/100\n|\n|t:|1726805462\n|switch|p1a: Rillaboom|Rillaboom, L50, F|100\/100|[from] Flip Turn\n|-fieldstart|move: Grassy Terrain|[from] ability: Grassy Surge|[of] p1a: Rillaboom\n|move|p2a: Ninetales|Aurora Veil|p2a: Ninetales\n|-sidestart|p2: fangame10|move: Aurora Veil\n|move|p1b: Gholdengo|Trick|p2b: Milotic\n|-activate|p1b: Gholdengo|move: Trick|[of] p2b: Milotic\n|-item|p2b: Milotic|Choice Specs|[from] move: Trick\n|-item|p1b: Gholdengo|Sitrus Berry|[from] move: Trick\n|move|p2b: Milotic|Coil|p2b: Milotic\n|-boost|p2b: Milotic|atk|1\n|-boost|p2b: Milotic|def|1\n|-boost|p2b: Milotic|accuracy|1\n|\n|-weather|Snow|[upkeep]\n|-heal|p2a: Ninetales|61\/100|[from] Grassy Terrain\n|upkeep\n|turn|2\n|inactive|Dktdragon has 30 seconds left.\n|inactive|fangame10 has 30 seconds left.\n|\n|t:|1726805491\n|switch|p2b: Skeledirge|Skeledirge, L50, M, shiny|100\/100\n|switch|p1a: Incineroar|Incineroar, L50, M|100\/100\n|-ability|p1a: Incineroar|Intimidate|boost\n|-unboost|p2a: Ninetales|atk|1\n|-unboost|p2b: Skeledirge|atk|1\n|move|p2a: Ninetales|Blizzard|p1b: Gholdengo|[spread] p1a,p1b\n|-resisted|p1a: Incineroar\n|-resisted|p1b: Gholdengo\n|-damage|p1a: Incineroar|89\/100\n|-damage|p1b: Gholdengo|83\/100\n|move|p1b: Gholdengo|Make It Rain|p2b: Skeledirge|[spread] p2a,p2b\n|-supereffective|p2a: Ninetales\n|-resisted|p2b: Skeledirge\n|-damage|p2a: Ninetales|0 fnt\n|-damage|p2b: Skeledirge|85\/100\n|-unboost|p1b: Gholdengo|spa|1\n|faint|p2a: Ninetales\n|\n|-weather|Snow|[upkeep]\n|-heal|p1b: Gholdengo|89\/100|[from] Grassy Terrain\n|-heal|p2b: Skeledirge|91\/100|[from] Grassy Terrain\n|-heal|p2b: Skeledirge|97\/100|[from] item: Leftovers\n|-heal|p1a: Incineroar|95\/100|[from] Grassy Terrain\n|upkeep\n|\n|t:|1726805497\n|switch|p2a: Baxcalibur|Baxcalibur, L50, F, shiny|100\/100\n|turn|3\n|inactive|Dktdragon has 30 seconds left.\n|\n|t:|1726805523\n|-terastallize|p2a: Baxcalibur|Dragon\n|move|p1a: Incineroar|Fake Out|p2a: Baxcalibur\n|-damage|p2a: Baxcalibur|93\/100\n|move|p1b: Gholdengo|Shadow Ball|p2b: Skeledirge\n|-supereffective|p2b: Skeledirge\n|-damage|p2b: Skeledirge|41\/100\n|-unboost|p2b: Skeledirge|spd|1\n|cant|p2a: Baxcalibur|flinch\n|move|p2b: Skeledirge|Torch Song|p1b: Gholdengo\n|-supereffective|p1b: Gholdengo\n|-damage|p1b: Gholdengo|0 fnt\n|-boost|p2b: Skeledirge|spa|1\n|faint|p1b: Gholdengo\n|\n|-weather|Snow|[upkeep]\n|-heal|p2a: Baxcalibur|99\/100|[from] ability: Ice Body\n|-heal|p2a: Baxcalibur|100\/100|[from] Grassy Terrain\n|-heal|p2b: Skeledirge|47\/100|[from] Grassy Terrain\n|-heal|p2b: Skeledirge|52\/100|[from] item: Leftovers\n|-heal|p1a: Incineroar|100\/100|[from] Grassy Terrain\n|upkeep\n|inactive|Dktdragon has 30 seconds left.\n|inactive|Dktdragon has 20 seconds left.\n|inactive|Dktdragon has 15 seconds left.\n|inactive|Dktdragon has 10 seconds left.\n|\n|t:|1726805571\n|switch|p1b: Rillaboom|Rillaboom, L50, F|100\/100\n|turn|4\n|inactive|Dktdragon has 30 seconds left.\n|\n|t:|1726805601\n|-terastallize|p1b: Rillaboom|Fire\n|move|p2b: Skeledirge|Protect|p2b: Skeledirge\n|-singleturn|p2b: Skeledirge|Protect\n|move|p1b: Rillaboom|Fake Out|p2a: Baxcalibur\n|-damage|p2a: Baxcalibur|92\/100\n|cant|p2a: Baxcalibur|flinch\n|move|p1a: Incineroar|Knock Off|p2b: Skeledirge\n|-activate|p2b: Skeledirge|move: Protect\n|\n|-weather|Snow|[upkeep]\n|-heal|p2a: Baxcalibur|98\/100|[from] ability: Ice Body\n|-heal|p2a: Baxcalibur|100\/100|[from] Grassy Terrain\n|-heal|p2b: Skeledirge|58\/100|[from] Grassy Terrain\n|-heal|p2b: Skeledirge|64\/100|[from] item: Leftovers\n|upkeep\n|turn|5\n|inactive|Dktdragon has 30 seconds left.\n|\n|t:|1726805636\n|switch|p2b: Milotic|Milotic, L50, M, shiny|100\/100\n|move|p2a: Baxcalibur|Dragon Dance|p2a: Baxcalibur\n|-boost|p2a: Baxcalibur|atk|1\n|-boost|p2a: Baxcalibur|spe|1\n|move|p1b: Rillaboom|U-turn|p2b: Milotic\n|-damage|p2b: Milotic|85\/100\n|\n|t:|1726805644\n|switch|p1b: Basculegion|Basculegion, L50, M|100\/100|[from] U-turn\n|move|p1a: Incineroar|Parting Shot|p2a: Baxcalibur\n|-fail|p2a: Baxcalibur|unboost|[from] item: Clear Amulet|[of] p2a: Baxcalibur\n|\n|-weather|none\n|-heal|p2b: Milotic|91\/100|[from] Grassy Terrain\n|-fieldend|move: Grassy Terrain\n|upkeep\n|turn|6\n|inactive|Dktdragon has 30 seconds left.\n|inactive|Dktdragon has 20 seconds left.\n|\n|t:|1726805680\n|move|p2a: Baxcalibur|Glaive Rush|p1b: Basculegion\n|-damage|p1b: Basculegion|0 fnt\n|-singlemove|p2a: Baxcalibur|Glaive Rush|[silent]\n|faint|p1b: Basculegion\n|move|p2b: Milotic|Coil|p2b: Milotic\n|-boost|p2b: Milotic|atk|1\n|-boost|p2b: Milotic|def|1\n|-boost|p2b: Milotic|accuracy|1\n|move|p1a: Incineroar|Knock Off|p2a: Baxcalibur\n|-damage|p2a: Baxcalibur|56\/100\n|-enditem|p2a: Baxcalibur|Clear Amulet|[from] move: Knock Off|[of] p1a: Incineroar\n|\n|upkeep\n|\n|t:|1726805690\n|switch|p1b: Rillaboom|Rillaboom, L50, F, tera:Fire|100\/100\n|-fieldstart|move: Grassy Terrain|[from] ability: Grassy Surge|[of] p1b: Rillaboom\n|turn|7\n|\n|t:|1726805711\n|switch|p2b: Skeledirge|Skeledirge, L50, M, shiny|64\/100\n|move|p2a: Baxcalibur|Protect|p2a: Baxcalibur\n|-singleturn|p2a: Baxcalibur|Protect\n|move|p1b: Rillaboom|Wood Hammer|p2b: Skeledirge\n|-resisted|p2b: Skeledirge\n|-damage|p2b: Skeledirge|44\/100\n|-damage|p1b: Rillaboom|93\/100|[from] Recoil\n|move|p1a: Incineroar|Knock Off|p2a: Baxcalibur\n|-activate|p2a: Baxcalibur|move: Protect\n|\n|-heal|p2a: Baxcalibur|62\/100|[from] Grassy Terrain\n|-heal|p1b: Rillaboom|99\/100|[from] Grassy Terrain\n|-heal|p2b: Skeledirge|50\/100|[from] Grassy Terrain\n|-heal|p2b: Skeledirge|56\/100|[from] item: Leftovers\n|upkeep\n|turn|8\n|j| mr pogostick\n|inactive|Dktdragon has 30 seconds left.\n|inactive|Dktdragon has 20 seconds left.\n|\n|t:|1726805748\n|move|p2a: Baxcalibur|Glaive Rush|p1b: Rillaboom\n|-damage|p1b: Rillaboom|0 fnt\n|-singlemove|p2a: Baxcalibur|Glaive Rush|[silent]\n|faint|p1b: Rillaboom\n|move|p2b: Skeledirge|Shadow Ball|p1a: Incineroar\n|-resisted|p1a: Incineroar\n|-damage|p1a: Incineroar|87\/100\n|-unboost|p1a: Incineroar|spd|1\n|move|p1a: Incineroar|Knock Off|p2b: Skeledirge\n|-supereffective|p2b: Skeledirge\n|-damage|p2b: Skeledirge|11\/100\n|-enditem|p2b: Skeledirge|Leftovers|[from] move: Knock Off|[of] p1a: Incineroar\n|\n|-heal|p2a: Baxcalibur|67\/100|[from] Grassy Terrain\n|-heal|p2b: Skeledirge|17\/100|[from] Grassy Terrain\n|-heal|p1a: Incineroar|93\/100|[from] Grassy Terrain\n|-sideend|p2: fangame10|move: Aurora Veil\n|upkeep\n|turn|9\n|j| SLNDFJbe\n|\n|t:|1726805764\n|move|p2a: Baxcalibur|Glaive Rush|p1a: Incineroar\n|-damage|p1a: Incineroar|0 fnt\n|-singlemove|p2a: Baxcalibur|Glaive Rush|[silent]\n|faint|p1a: Incineroar\n|\n|win|fangame10\n|raw|Dktdragon's rating: 1702 &rarr; <strong>1691<\/strong><br \/>(-11 for losing)\n|raw|fangame10's rating: 1864 &rarr; <strong>1875<\/strong><br \/>(+11 for winning)\n|l|\u2606fangame10\n|player|p2|\n|l| mr pogostick\n|l|\u2606Dktdragon\n|player|p1|\n|l| Lavenderawa\n","uploadtime":1726805769,"views":423,"formatid":"gen9vgc2024regh","rating":1691,"private":0,"password":null}