{"id":"gen9vgc2024regh-2205580084","format":"[Gen 9] VGC 2024 Reg H","players":["Erupt Isle dis f(x","actuary97"],"log":"|j|\u2606Erupt Isle dis f(x\n|j|\u2606actuary97\n|t:|1726803293\n|gametype|doubles\n|player|p1|Erupt Isle dis f(x|101|1780\n|player|p2|actuary97|sabrina-frlg|1720\n|teamsize|p1|6\n|teamsize|p2|6\n|gen|9\n|tier|[Gen 9] VGC 2024 Reg H\n|rated|\n|rule|Species Clause: Limit one of each Pok\u00e9mon\n|rule|Item Clause: Limit 1 of each item\n|clearpoke\n|poke|p1|Archaludon, L50, F|\n|poke|p1|Dragonite, L50, F|\n|poke|p1|Gengar, L50, F|\n|poke|p1|Kingambit, L50, M|\n|poke|p1|Pelipper, L50, F|\n|poke|p1|Primarina, L50, F|\n|poke|p2|Charizard, L50, M|\n|poke|p2|Whimsicott, L50, F|\n|poke|p2|Gallade, L50, M|\n|poke|p2|Malamar, L50, F|\n|poke|p2|Indeedee, L50, M|\n|poke|p2|Archaludon, L50, F|\n|teampreview|4\n|\n|t:|1726803318\n|start\n|switch|p1a: Kingambit|Kingambit, L50, M, shiny|100\/100\n|switch|p1b: Gengar|Gengar, L50, F|100\/100\n|switch|p2a: Mischief Mother|Whimsicott, L50, F, shiny|100\/100\n|switch|p2b: Bridget|Archaludon, L50, F, shiny|100\/100\n|turn|1\n|inactive|Battle timer is ON: inactive players will automatically lose when time's up. (requested by Erupt Isle dis f(x)\n|\n|t:|1726803336\n|move|p2a: Mischief Mother|Beat Up|p2b: Bridget\n|-damage|p2b: Bridget|98\/100\n|-ability|p2b: Bridget|Stamina|boost\n|-boost|p2b: Bridget|def|1\n|-damage|p2b: Bridget|97\/100\n|-ability|p2b: Bridget|Stamina|boost\n|-boost|p2b: Bridget|def|1\n|-damage|p2b: Bridget|96\/100\n|-ability|p2b: Bridget|Stamina|boost\n|-boost|p2b: Bridget|def|1\n|-damage|p2b: Bridget|95\/100\n|-ability|p2b: Bridget|Stamina|boost\n|-boost|p2b: Bridget|def|1\n|-hitcount|p2b: Bridget|4\n|move|p1b: Gengar|Icy Wind|p2b: Bridget|[spread] p2a,p2b\n|-supereffective|p2a: Mischief Mother\n|-damage|p2a: Mischief Mother|56\/100\n|-damage|p2b: Bridget|85\/100\n|-unboost|p2a: Mischief Mother|spe|1\n|-unboost|p2b: Bridget|spe|1\n|-ability|p2b: Bridget|Stamina|boost\n|-boost|p2b: Bridget|def|1\n|move|p1a: Kingambit|Assurance|p2b: Bridget\n|-damage|p2b: Bridget|68\/100\n|-ability|p2b: Bridget|Stamina|boost\n|-boost|p2b: Bridget|def|1\n|move|p2b: Bridget|Body Press|p1a: Kingambit\n|-supereffective|p1a: Kingambit\n|-damage|p1a: Kingambit|0 fnt\n|faint|p1a: Kingambit\n|\n|upkeep\n|\n|t:|1726803351\n|switch|p1a: Archaludon|Archaludon, L50, F|100\/100\n|turn|2\n|\n|t:|1726803362\n|-terastallize|p1a: Archaludon|Stellar\n|move|p2a: Mischief Mother|Tailwind|p2a: Mischief Mother\n|-sidestart|p2: actuary97|move: Tailwind\n|move|p1b: Gengar|Sludge Wave|p2b: Bridget|[spread] p2a\n|-immune|p1a: Archaludon\n|-immune|p2b: Bridget\n|-supereffective|p2a: Mischief Mother\n|-damage|p2a: Mischief Mother|0 fnt\n|faint|p2a: Mischief Mother\n|move|p2b: Bridget|Snarl|p1a: Archaludon|[spread] p1a,p1b\n|-supereffective|p1b: Gengar\n|-damage|p1a: Archaludon|81\/100\n|-damage|p1b: Gengar|56\/100\n|-unboost|p1a: Archaludon|spa|1\n|-unboost|p1b: Gengar|spa|1\n|move|p1a: Archaludon|Draco Meteor|p2b: Bridget\n|-damage|p2b: Bridget|27\/100\n|-unboost|p1a: Archaludon|spa|2\n|\n|upkeep\n|\n|t:|1726803379\n|switch|p2a: Tapu Deedee|Indeedee, L50, M, shiny|100\/100\n|-fieldstart|move: Psychic Terrain|[from] ability: Psychic Surge|[of] p2a: Tapu Deedee\n|turn|3\n|\n|t:|1726803386\n|move|p1a: Archaludon|Protect|p1a: Archaludon\n|-singleturn|p1a: Archaludon|Protect\n|move|p2a: Tapu Deedee|Expanding Force|p1a: Archaludon|[spread] p1b\n|-activate|p1a: Archaludon|move: Protect\n|-supereffective|p1b: Gengar\n|-damage|p1b: Gengar|0 fnt\n|-start|p2a: Tapu Deedee|Disable|Expanding Force|[from] ability: Cursed Body|[of] p1b: Gengar\n|faint|p1b: Gengar\n|move|p2b: Bridget|Snarl|p1a: Archaludon\n|-activate|p1a: Archaludon|move: Protect\n|\n|upkeep\n|\n|t:|1726803388\n|switch|p1b: Pelipper|Pelipper, L50, F, shiny|100\/100\n|-weather|RainDance|[from] ability: Drizzle|[of] p1b: Pelipper\n|turn|4\n|\n|t:|1726803409\n|switch|p2a: \u2694\ufe0fKing\u2694\ufe0f|Gallade, L50, M, shiny|100\/100\n|move|p1b: Pelipper|Protect|p1b: Pelipper\n|-singleturn|p1b: Pelipper|Protect\n|move|p2b: Bridget|Body Press|p1a: Archaludon\n|-supereffective|p1a: Archaludon\n|-damage|p1a: Archaludon|0 fnt\n|faint|p1a: Archaludon\n|\n|-weather|RainDance|[upkeep]\n|upkeep\n|turn|5\n|-message|Erupt Isle dis f(x forfeited.\n|\n|win|actuary97\n|raw|Erupt Isle dis f(x's rating: 1780 &rarr; <strong>1757<\/strong><br \/>(-23 for losing)\n|raw|actuary97's rating: 1720 &rarr; <strong>1743<\/strong><br \/>(+23 for winning)\n|l|\u2606Erupt Isle dis f(x\n|player|p1|\n|l|\u2606actuary97\n|player|p2|\n","uploadtime":1726803421,"views":203,"formatid":"gen9vgc2024regh","rating":1743,"private":0,"password":null}