{"id":"gen9vgc2024regh-2205558075","format":"[Gen 9] VGC 2024 Reg H","players":["glastrier4lyfe","tommytinkle"],"log":"|j|\u2606glastrier4lyfe\n|j|\u2606tommytinkle\n|t:|1726800401\n|gametype|doubles\n|player|p1|glastrier4lyfe|harlequin|1743\n|player|p2|tommytinkle|linebacker|1684\n|teamsize|p1|6\n|teamsize|p2|6\n|gen|9\n|tier|[Gen 9] VGC 2024 Reg H\n|rated|\n|rule|Species Clause: Limit one of each Pok\u00e9mon\n|rule|Item Clause: Limit 1 of each item\n|clearpoke\n|poke|p1|Volcarona, L50, M|\n|poke|p1|Staraptor, L50, M|\n|poke|p1|Rillaboom, L50, M|\n|poke|p1|Primarina, L50, F|\n|poke|p1|Kingambit, L50, M|\n|poke|p1|Sneasler, L50, F|\n|poke|p2|Garchomp, L50, F|\n|poke|p2|Dragonite, L50, F|\n|poke|p2|Annihilape, L50, M|\n|poke|p2|Maushold, L50|\n|poke|p2|Tyranitar, L50, F|\n|poke|p2|Primarina, L50, F|\n|teampreview|4\n|inactive|Battle timer is ON: inactive players will automatically lose when time's up. (requested by glastrier4lyfe)\n|inactive|tommytinkle has 60 seconds left.\n|\n|t:|1726800449\n|start\n|switch|p1a: Primarina|Primarina, L50, F|100\/100\n|switch|p1b: Staraptor|Staraptor, L50, M|100\/100\n|switch|p2a: Annihilape|Annihilape, L50, M|100\/100\n|switch|p2b: Maushold|Maushold, L50|100\/100\n|-ability|p1b: Staraptor|Intimidate|boost\n|-unboost|p2a: Annihilape|atk|1\n|-ability|p2a: Annihilape|Defiant|boost\n|-boost|p2a: Annihilape|atk|2\n|-unboost|p2b: Maushold|atk|1\n|turn|1\n|\n|t:|1726800467\n|move|p1b: Staraptor|Brave Bird|p2a: Annihilape\n|-supereffective|p2a: Annihilape\n|-damage|p2a: Annihilape|9\/100\n|-damage|p1b: Staraptor|67\/100|[from] Recoil\n|move|p2b: Maushold|Beat Up|p2a: Annihilape\n|-damage|p2a: Annihilape|7\/100\n|-damage|p2a: Annihilape|6\/100\n|-damage|p2a: Annihilape|4\/100\n|-damage|p2a: Annihilape|3\/100\n|-hitcount|p2a: Annihilape|4\n|move|p2a: Annihilape|Rage Fist|p1a: Primarina\n|-damage|p1a: Primarina|0 fnt\n|faint|p1a: Primarina\n|\n|-heal|p2a: Annihilape|9\/100|[from] item: Leftovers\n|upkeep\n|\n|t:|1726800481\n|switch|p1a: Rillaboom|Rillaboom, L50, M|100\/100\n|-fieldstart|move: Grassy Terrain|[from] ability: Grassy Surge|[of] p1a: Rillaboom\n|turn|2\n|\n|t:|1726800494\n|move|p2b: Maushold|Protect|p2b: Maushold\n|-singleturn|p2b: Maushold|Protect\n|move|p2a: Annihilape|Protect|p2a: Annihilape\n|-singleturn|p2a: Annihilape|Protect\n|move|p1a: Rillaboom|Grassy Glide|p2a: Annihilape\n|-activate|p2a: Annihilape|move: Protect\n|move|p1b: Staraptor|Brave Bird|p2a: Annihilape\n|-activate|p2a: Annihilape|move: Protect\n|\n|-heal|p2a: Annihilape|15\/100|[from] Grassy Terrain\n|-heal|p2a: Annihilape|21\/100|[from] item: Leftovers\n|upkeep\n|turn|3\n|\n|t:|1726800505\n|move|p2b: Maushold|Follow Me|p2b: Maushold\n|-singleturn|p2b: Maushold|move: Follow Me\n|move|p1a: Rillaboom|Grassy Glide|p2b: Maushold\n|-damage|p2b: Maushold|62\/100\n|move|p1b: Staraptor|Brave Bird|p2b: Maushold\n|-damage|p2b: Maushold|10\/100\n|-damage|p1b: Staraptor|50\/100|[from] Recoil\n|move|p2a: Annihilape|Rage Fist|p1a: Rillaboom\n|-damage|p1a: Rillaboom|0 fnt\n|faint|p1a: Rillaboom\n|\n|-heal|p2b: Maushold|16\/100|[from] Grassy Terrain\n|-heal|p2a: Annihilape|27\/100|[from] Grassy Terrain\n|-heal|p2a: Annihilape|33\/100|[from] item: Leftovers\n|upkeep\n|\n|t:|1726800512\n|switch|p1a: Sneasler|Sneasler, L50, F|100\/100\n|turn|4\n|\n|t:|1726800529\n|move|p2b: Maushold|Protect|p2b: Maushold\n|-singleturn|p2b: Maushold|Protect\n|move|p2a: Annihilape|Protect|p2a: Annihilape\n|-singleturn|p2a: Annihilape|Protect\n|move|p1b: Staraptor|Brave Bird|p2a: Annihilape\n|-activate|p2a: Annihilape|move: Protect\n|move|p1a: Sneasler|Dire Claw|p2a: Annihilape\n|-activate|p2a: Annihilape|move: Protect\n|\n|-heal|p2b: Maushold|22\/100|[from] Grassy Terrain\n|-heal|p2a: Annihilape|39\/100|[from] Grassy Terrain\n|-heal|p2a: Annihilape|45\/100|[from] item: Leftovers\n|upkeep\n|turn|5\n|\n|t:|1726800547\n|move|p2b: Maushold|Follow Me|p2b: Maushold\n|-singleturn|p2b: Maushold|move: Follow Me\n|move|p1b: Staraptor|Brave Bird|p2b: Maushold\n|-damage|p2b: Maushold|0 fnt\n|faint|p2b: Maushold\n|-damage|p1b: Staraptor|44\/100|[from] Recoil\n|move|p1a: Sneasler|Dire Claw|p2a: Annihilape\n|-resisted|p2a: Annihilape\n|-damage|p2a: Annihilape|24\/100\n|-status|p2a: Annihilape|par\n|move|p2a: Annihilape|Rage Fist|p1b: Staraptor\n|-immune|p1b: Staraptor\n|\n|-heal|p2a: Annihilape|30\/100 par|[from] Grassy Terrain\n|-heal|p2a: Annihilape|36\/100 par|[from] item: Leftovers\n|upkeep\n|\n|t:|1726800560\n|switch|p2b: Tyranitar|Tyranitar, L50, F|100\/100\n|-weather|Sandstorm|[from] ability: Sand Stream|[of] p2b: Tyranitar\n|turn|6\n|\n|t:|1726800574\n|-terastallize|p1b: Staraptor|Ghost\n|-terastallize|p2b: Tyranitar|Flying\n|move|p1b: Staraptor|Brave Bird|p2a: Annihilape\n|-supereffective|p2a: Annihilape\n|-damage|p2a: Annihilape|0 fnt\n|faint|p2a: Annihilape\n|-damage|p1b: Staraptor|31\/100|[from] Recoil\n|move|p1a: Sneasler|Dire Claw|p2b: Tyranitar\n|-damage|p2b: Tyranitar|64\/100\n|-status|p2b: Tyranitar|par\n|cant|p2b: Tyranitar|par\n|\n|-weather|Sandstorm|[upkeep]\n|-damage|p1b: Staraptor|24\/100|[from] Sandstorm\n|-damage|p1a: Sneasler|95\/100|[from] Sandstorm\n|-damage|p2b: Tyranitar|58\/100 par|[from] Sandstorm\n|-heal|p1b: Staraptor|31\/100|[from] Grassy Terrain\n|-heal|p1a: Sneasler|100\/100|[from] Grassy Terrain\n|-fieldend|move: Grassy Terrain\n|upkeep\n|\n|t:|1726800584\n|switch|p2a: Primarina|Primarina, L50, F|100\/100\n|turn|7\n|\n|t:|1726800605\n|move|p2a: Primarina|Protect|p2a: Primarina\n|-singleturn|p2a: Primarina|Protect\n|move|p1b: Staraptor|Brave Bird|p2b: Tyranitar\n|-damage|p2b: Tyranitar|13\/100 par\n|-damage|p1b: Staraptor|15\/100|[from] Recoil\n|move|p1a: Sneasler|Dire Claw|p2a: Primarina\n|-activate|p2a: Primarina|move: Protect\n|cant|p2b: Tyranitar|par\n|\n|-weather|Sandstorm|[upkeep]\n|-damage|p1b: Staraptor|8\/100|[from] Sandstorm\n|-damage|p1a: Sneasler|95\/100|[from] Sandstorm\n|-damage|p2a: Primarina|95\/100|[from] Sandstorm\n|-damage|p2b: Tyranitar|7\/100 par|[from] Sandstorm\n|upkeep\n|turn|8\n|\n|t:|1726800623\n|move|p1b: Staraptor|Brave Bird|p2b: Tyranitar\n|-damage|p2b: Tyranitar|0 fnt\n|faint|p2b: Tyranitar\n|-damage|p1b: Staraptor|6\/100|[from] Recoil\n|move|p1a: Sneasler|Dire Claw|p2a: Primarina\n|-supereffective|p2a: Primarina\n|-damage|p2a: Primarina|0 fnt\n|faint|p2a: Primarina\n|\n|win|glastrier4lyfe\n|raw|glastrier4lyfe's rating: 1743 &rarr; <strong>1760<\/strong><br \/>(+17 for winning)\n|raw|tommytinkle's rating: 1684 &rarr; <strong>1667<\/strong><br \/>(-17 for losing)\n|l|\u2606tommytinkle\n|player|p2|\n|l|\u2606glastrier4lyfe\n|player|p1|\n|j|\u2606glastrier4lyfe\n|player|p1|glastrier4lyfe|harlequin|\n","uploadtime":1726800636,"views":48,"formatid":"gen9vgc2024regh","rating":1667,"private":0,"password":null}