{"id":"gen9vgc2024regh-2205978061","format":"[Gen 9] VGC 2024 Reg H","players":["chin8","Cereales_Hacendado"],"log":"|j|\u2606chin8\n|j|\u2606Cereales_Hacendado\n|t:|1726852855\n|gametype|doubles\n|player|p1|chin8|gentleman-gen4dp|1684\n|player|p2|Cereales_Hacendado|fisherman|1785\n|teamsize|p1|6\n|teamsize|p2|6\n|gen|9\n|tier|[Gen 9] VGC 2024 Reg H\n|rated|\n|rule|Species Clause: Limit one of each Pok\u00e9mon\n|rule|Item Clause: Limit 1 of each item\n|clearpoke\n|poke|p1|Baxcalibur, L50, M|\n|poke|p1|Kilowattrel, L50, F|\n|poke|p1|Haxorus, L50, F|\n|poke|p1|Gardevoir, L50, M|\n|poke|p1|Magmortar, L50, M|\n|poke|p1|Gholdengo, L50|\n|poke|p2|Muk-Alola, L50, F|\n|poke|p2|Mandibuzz, L50, F|\n|poke|p2|Hydreigon, L50, M|\n|poke|p2|Gengar, L50, M|\n|poke|p2|Garchomp, L50, F|\n|poke|p2|Tauros-Paldea-Aqua, L50, M|\n|teampreview|4\n|inactive|Battle timer is ON: inactive players will automatically lose when time's up. (requested by chin8)\n|inactive|Cereales_Hacendado has 60 seconds left.\n|\n|t:|1726852920\n|start\n|switch|p1a: Kilowattrel|Kilowattrel, L50, F|100\/100\n|switch|p1b: Baxcalibur|Baxcalibur, L50, M|100\/100\n|switch|p2a: Smile|Gengar, L50, M|100\/100\n|switch|p2b: Filler|Garchomp, L50, F|100\/100\n|turn|1\n|\n|t:|1726852932\n|-terastallize|p1b: Baxcalibur|Ground\n|move|p2b: Filler|Protect|p2b: Filler\n|-singleturn|p2b: Filler|Protect\n|move|p1a: Kilowattrel|Tailwind|p1a: Kilowattrel\n|-sidestart|p1: chin8|move: Tailwind\n|move|p1b: Baxcalibur|Earthquake|p2b: Filler|[spread] p2a\n|-activate|p2b: Filler|move: Protect\n|-immune|p1a: Kilowattrel\n|-supereffective|p2a: Smile\n|-enditem|p2a: Smile|Focus Sash\n|-damage|p2a: Smile|1\/100\n|move|p2a: Smile|Sludge Wave|p1b: Baxcalibur|[spread] p1a,p1b\n|-activate|p2b: Filler|move: Protect\n|-resisted|p1b: Baxcalibur\n|-damage|p1a: Kilowattrel|32\/100\n|-damage|p1b: Baxcalibur|91\/100\n|-status|p1a: Kilowattrel|psn\n|\n|-damage|p1a: Kilowattrel|20\/100 psn|[from] psn\n|upkeep\n|turn|2\n|inactive|Cereales_Hacendado has 30 seconds left.\n|inactive|Cereales_Hacendado has 20 seconds left.\n|\n|t:|1726852969\n|move|p2a: Smile|Protect|p2a: Smile\n|-singleturn|p2a: Smile|Protect\n|move|p1a: Kilowattrel|Air Slash|p2b: Filler\n|-damage|p2b: Filler|61\/100\n|move|p1b: Baxcalibur|Earthquake|p2a: Smile|[spread] p2b\n|-activate|p2a: Smile|move: Protect\n|-immune|p1a: Kilowattrel\n|-damage|p2b: Filler|14\/100\n|move|p2b: Filler|Rock Slide|p1a: Kilowattrel|[spread] p1a,p1b\n|-supereffective|p1a: Kilowattrel\n|-crit|p1a: Kilowattrel\n|-resisted|p1b: Baxcalibur\n|-damage|p1a: Kilowattrel|0 fnt\n|-damage|p1b: Baxcalibur|83\/100\n|faint|p1a: Kilowattrel\n|\n|upkeep\n|\n|t:|1726852975\n|switch|p1a: Magmortar|Magmortar, L50, M|100\/100\n|turn|3\n|\n|t:|1726852992\n|switch|p2a: Sagitaurus|Tauros-Paldea-Aqua, L50, M|100\/100\n|-ability|p2a: Sagitaurus|Intimidate|boost\n|-unboost|p1a: Magmortar|atk|1\n|-unboost|p1b: Baxcalibur|atk|1\n|move|p1a: Magmortar|Protect|p1a: Magmortar\n|-singleturn|p1a: Magmortar|Protect\n|move|p2b: Filler|Protect|p2b: Filler\n|-singleturn|p2b: Filler|Protect\n|move|p1b: Baxcalibur|Earthquake|p2a: Sagitaurus|[spread] p2a\n|-activate|p1a: Magmortar|move: Protect\n|-activate|p2b: Filler|move: Protect\n|-damage|p2a: Sagitaurus|68\/100\n|\n|upkeep\n|turn|4\n|inactive|Cereales_Hacendado has 30 seconds left.\n|\n|t:|1726853019\n|switch|p2b: E=MC^2|Muk-Alola, L50, F, shiny|100\/100\n|move|p2a: Sagitaurus|Protect|p2a: Sagitaurus\n|-singleturn|p2a: Sagitaurus|Protect\n|move|p1b: Baxcalibur|Glaive Rush|p2a: Sagitaurus\n|-activate|p2a: Sagitaurus|move: Protect\n|move|p1a: Magmortar|Heat Wave|p2a: Sagitaurus|[spread] p2b\n|-activate|p2a: Sagitaurus|move: Protect\n|-damage|p2b: E=MC^2|84\/100\n|\n|-sideend|p1: chin8|move: Tailwind\n|upkeep\n|turn|5\n|\n|t:|1726853038\n|move|p1a: Magmortar|Follow Me|p1a: Magmortar\n|-singleturn|p1a: Magmortar|move: Follow Me\n|move|p2a: Sagitaurus|Raging Bull|p1a: Magmortar\n|-supereffective|p1a: Magmortar\n|-damage|p1a: Magmortar|0 fnt\n|faint|p1a: Magmortar\n|-damage|p2a: Sagitaurus|58\/100|[from] item: Life Orb\n|move|p1b: Baxcalibur|Earthquake|p2a: Sagitaurus|[spread] p2a,p2b\n|-supereffective|p2b: E=MC^2\n|-damage|p2a: Sagitaurus|26\/100\n|-damage|p2b: E=MC^2|19\/100\n|move|p2b: E=MC^2|Knock Off|p1b: Baxcalibur\n|-damage|p1b: Baxcalibur|44\/100\n|-enditem|p1b: Baxcalibur|Assault Vest|[from] move: Knock Off|[of] p2b: E=MC^2\n|\n|upkeep\n|\n|t:|1726853044\n|switch|p1a: Gholdengo|Gholdengo, L50|100\/100\n|turn|6\n|-message|chin8 forfeited.\n|\n|win|Cereales_Hacendado\n|raw|chin8's rating: 1684 &rarr; <strong>1670<\/strong><br \/>(-14 for losing)\n|raw|Cereales_Hacendado's rating: 1785 &rarr; <strong>1799<\/strong><br \/>(+14 for winning)\n|l|\u2606chin8\n|player|p1|\n|l|\u2606Cereales_Hacendado\n|player|p2|\n","uploadtime":1726853275,"views":50,"formatid":"gen9vgc2024regh","rating":1670,"private":0,"password":null}