{"id":"gen9vgc2024regh-2205244297","format":"[Gen 9] VGC 2024 Reg H","players":["Cereales_Testing","pokechan1109"],"log":"|j|\u2606Cereales_Testing\n|j|\u2606pokechan1109\n|t:|1726767889\n|gametype|doubles\n|player|p1|Cereales_Testing|fisherman|1687\n|player|p2|pokechan1109|lucas-gen4pt|1710\n|teamsize|p1|6\n|teamsize|p2|6\n|gen|9\n|tier|[Gen 9] VGC 2024 Reg H\n|rated|\n|rule|Species Clause: Limit one of each Pok\u00e9mon\n|rule|Item Clause: Limit 1 of each item\n|clearpoke\n|poke|p1|Muk-Alola, L50, F|\n|poke|p1|Mandibuzz, L50, F|\n|poke|p1|Hydreigon, L50, F|\n|poke|p1|Gengar, L50, F|\n|poke|p1|Garchomp, L50, F|\n|poke|p1|Tauros-Paldea-Aqua, L50, M|\n|poke|p2|Hydreigon, L50, F|\n|poke|p2|Whimsicott, L50, F|\n|poke|p2|Primarina, L50, M|\n|poke|p2|Arcanine-Hisui, L50, F|\n|poke|p2|Gholdengo, L50|\n|poke|p2|Sneasler, L50, M|\n|teampreview|4\n|\n|t:|1726767916\n|start\n|switch|p1a: Smile|Gengar, L50, F|100\/100\n|switch|p1b: Filler|Garchomp, L50, F|100\/100\n|switch|p2a: Gholdengo|Gholdengo, L50|100\/100\n|switch|p2b: Whimsicott|Whimsicott, L50, F|100\/100\n|turn|1\n|j| DragonKenergy\n|\n|t:|1726767925\n|move|p1b: Filler|Protect|p1b: Filler\n|-singleturn|p1b: Filler|Protect\n|move|p2a: Gholdengo|Protect|p2a: Gholdengo\n|-singleturn|p2a: Gholdengo|Protect\n|move|p2b: Whimsicott|Tailwind|p2b: Whimsicott\n|-sidestart|p2: pokechan1109|move: Tailwind\n|move|p1a: Smile|Sludge Wave|p2a: Gholdengo|[spread] p2b\n|-activate|p1b: Filler|move: Protect\n|-activate|p2a: Gholdengo|move: Protect\n|-supereffective|p2b: Whimsicott\n|-damage|p2b: Whimsicott|0 fnt\n|faint|p2b: Whimsicott\n|\n|upkeep\n|\n|t:|1726767937\n|switch|p2b: Hydreigon|Hydreigon, L50, F|100\/100\n|turn|2\n|\n|t:|1726767953\n|-terastallize|p2b: Hydreigon|Steel\n|-terastallize|p1b: Filler|Steel\n|move|p1a: Smile|Protect|p1a: Smile\n|-singleturn|p1a: Smile|Protect\n|move|p2a: Gholdengo|Shadow Ball|p1b: Filler\n|-damage|p1b: Filler|46\/100\n|-damage|p2a: Gholdengo|91\/100|[from] item: Life Orb\n|move|p2b: Hydreigon|Snarl|p1b: Filler|[spread] p1b\n|-activate|p1a: Smile|move: Protect\n|-damage|p1b: Filler|23\/100\n|move|p1b: Filler|Earthquake|p2a: Gholdengo|[spread] p2a\n|-activate|p1a: Smile|move: Protect\n|-immune|p2b: Hydreigon|[from] ability: Levitate\n|-supereffective|p2a: Gholdengo\n|-damage|p2a: Gholdengo|8\/100\n|\n|upkeep\n|turn|3\n|j| stewpeed\n|\n|t:|1726767979\n|switch|p1a: Lord Gaia|Hydreigon, L50, F|100\/100\n|move|p2a: Gholdengo|Protect|p2a: Gholdengo\n|-singleturn|p2a: Gholdengo|Protect\n|move|p1b: Filler|Protect|p1b: Filler\n|-singleturn|p1b: Filler|Protect\n|move|p2b: Hydreigon|Snarl|p1b: Filler|[spread] p1a\n|-activate|p1b: Filler|move: Protect\n|-resisted|p1a: Lord Gaia\n|-damage|p1a: Lord Gaia|93\/100\n|-unboost|p1a: Lord Gaia|spa|1\n|\n|-heal|p1a: Lord Gaia|99\/100|[from] item: Leftovers\n|upkeep\n|turn|4\n|j| mr pogostick\n|\n|t:|1726767994\n|switch|p1b: GF Hunter|Mandibuzz, L50, F, shiny|100\/100\n|move|p1a: Lord Gaia|Protect|p1a: Lord Gaia\n|-singleturn|p1a: Lord Gaia|Protect\n|move|p2a: Gholdengo|Make It Rain|p1b: GF Hunter|[spread] p1b\n|-activate|p1a: Lord Gaia|move: Protect\n|-damage|p1b: GF Hunter|50\/100\n|-unboost|p2a: Gholdengo|spa|1\n|-damage|p2a: Gholdengo|0 fnt|[from] item: Life Orb\n|faint|p2a: Gholdengo\n|move|p2b: Hydreigon|Dark Pulse|p1b: GF Hunter\n|-resisted|p1b: GF Hunter\n|-damage|p1b: GF Hunter|31\/100\n|\n|-heal|p1a: Lord Gaia|100\/100|[from] item: Leftovers\n|-sideend|p2: pokechan1109|move: Tailwind\n|upkeep\n|\n|t:|1726767998\n|switch|p2a: Sneasler|Sneasler, L50, M|100\/100\n|turn|5\n|\n|t:|1726768020\n|move|p2a: Sneasler|Close Combat|p1b: GF Hunter\n|-damage|p1b: GF Hunter|0 fnt\n|-unboost|p2a: Sneasler|def|1\n|-unboost|p2a: Sneasler|spd|1\n|faint|p1b: GF Hunter\n|move|p2b: Hydreigon|Dark Pulse|p1a: Lord Gaia\n|-resisted|p1a: Lord Gaia\n|-damage|p1a: Lord Gaia|88\/100\n|cant|p1a: Lord Gaia|flinch\n|\n|-heal|p1a: Lord Gaia|94\/100|[from] item: Leftovers\n|upkeep\n|c|\u2606Cereales_Testing|lmao\n|\n|t:|1726768033\n|switch|p1b: Smile|Gengar, L50, F|100\/100\n|turn|6\n|j| Akwila\n|\n|t:|1726768040\n|move|p2a: Sneasler|Protect|p2a: Sneasler\n|-singleturn|p2a: Sneasler|Protect\n|move|p1b: Smile|Shadow Ball|p2a: Sneasler\n|-activate|p2a: Sneasler|move: Protect\n|move|p2b: Hydreigon|Snarl|p1a: Lord Gaia|[spread] p1a,p1b\n|-resisted|p1a: Lord Gaia\n|-supereffective|p1b: Smile\n|-damage|p1a: Lord Gaia|87\/100\n|-damage|p1b: Smile|34\/100\n|-unboost|p1a: Lord Gaia|spa|1\n|-unboost|p1b: Smile|spa|1\n|move|p1a: Lord Gaia|Breaking Swipe|p2a: Sneasler|[spread] p2b\n|-activate|p2a: Sneasler|move: Protect\n|-resisted|p2b: Hydreigon\n|-damage|p2b: Hydreigon|93\/100\n|-unboost|p2b: Hydreigon|atk|1\n|\n|-heal|p1a: Lord Gaia|93\/100|[from] item: Leftovers\n|upkeep\n|turn|7\n|\n|t:|1726768062\n|move|p1b: Smile|Protect|p1b: Smile\n|-singleturn|p1b: Smile|Protect\n|move|p2a: Sneasler|Close Combat|p1a: Lord Gaia\n|-supereffective|p1a: Lord Gaia\n|-damage|p1a: Lord Gaia|0 fnt\n|-unboost|p2a: Sneasler|def|1\n|-unboost|p2a: Sneasler|spd|1\n|faint|p1a: Lord Gaia\n|move|p2b: Hydreigon|Snarl|p1b: Smile\n|-activate|p1b: Smile|move: Protect\n|\n|upkeep\n|\n|t:|1726768072\n|switch|p1a: Filler|Garchomp, L50, F, tera:Steel|23\/100\n|turn|8\n|\n|t:|1726768080\n|move|p1a: Filler|Protect|p1a: Filler\n|-singleturn|p1a: Filler|Protect\n|move|p1b: Smile|Shadow Ball|p2a: Sneasler\n|-damage|p2a: Sneasler|24\/100\n|move|p2a: Sneasler|Close Combat|p1a: Filler\n|-activate|p1a: Filler|move: Protect\n|move|p2b: Hydreigon|Dark Pulse|p1b: Smile\n|-supereffective|p1b: Smile\n|-damage|p1b: Smile|0 fnt\n|faint|p1b: Smile\n|\n|upkeep\n|turn|9\n|l| stewpeed\n|\n|t:|1726768093\n|move|p2a: Sneasler|Close Combat|p1a: Filler\n|-supereffective|p1a: Filler\n|-damage|p1a: Filler|0 fnt\n|-unboost|p2a: Sneasler|def|1\n|-unboost|p2a: Sneasler|spd|1\n|-damage|p2a: Sneasler|11\/100|[from] ability: Rough Skin|[of] p1a: Filler\n|faint|p1a: Filler\n|\n|win|pokechan1109\n|raw|Cereales_Testing's rating: 1687 &rarr; <strong>1668<\/strong><br \/>(-19 for losing)\n|raw|pokechan1109's rating: 1710 &rarr; <strong>1729<\/strong><br \/>(+19 for winning)\n|l|\u2606Cereales_Testing\n|player|p1|\n|l|\u2606pokechan1109\n|player|p2|\n|l| mr pogostick\n","uploadtime":1726768242,"views":34,"formatid":"gen9vgc2024regh","rating":1668,"private":0,"password":null}