{"id":"gen9vgc2024regh-2205148300","format":"[Gen 9] VGC 2024 Reg H","players":["Zordor","Arkalid"],"log":"|j|\u2606Zordor\n|j|\u2606Arkalid\n|t:|1726759765\n|gametype|doubles\n|player|p1|Zordor|pilot|1725\n|player|p2|Arkalid|170|1785\n|teamsize|p1|6\n|teamsize|p2|6\n|gen|9\n|tier|[Gen 9] VGC 2024 Reg H\n|rated|\n|rule|Species Clause: Limit one of each Pok\u00e9mon\n|rule|Item Clause: Limit 1 of each item\n|clearpoke\n|poke|p1|Rotom-Wash, L50|\n|poke|p1|Cinderace, L50, M|\n|poke|p1|Kingambit, L50, F|\n|poke|p1|Venusaur, L50, M|\n|poke|p1|Armarouge, L50, F|\n|poke|p1|Dragapult, L50, F|\n|poke|p2|Talonflame, L50, F|\n|poke|p2|Garchomp, L50, M|\n|poke|p2|Ninetales-Alola, L50, F|\n|poke|p2|Amoonguss, L50, M|\n|poke|p2|Kingambit, L50, M|\n|poke|p2|Dragonite, L50, F|\n|teampreview|4\n|inactive|Battle timer is ON: inactive players will automatically lose when time's up. (requested by Arkalid)\nArkalid has agreed to open team sheets.\n|j| BlindMagneton\n|\n|t:|1726759792\n|start\n|switch|p1a: Rotom|Rotom-Wash, L50|100\/100\n|switch|p1b: Cinderace|Cinderace, L50, M|100\/100\n|switch|p2a: Talonflame|Talonflame, L50, F|100\/100\n|switch|p2b: Garchomp|Garchomp, L50, M|100\/100\n|turn|1\n|j| Millamojake\n|inactive|Zordor has 30 seconds left.\n|\n|t:|1726759819\n|move|p2a: Talonflame|Protect|p2a: Talonflame\n|-singleturn|p2a: Talonflame|Protect\n|move|p2b: Garchomp|Protect|p2b: Garchomp\n|-singleturn|p2b: Garchomp|Protect\n|move|p1b: Cinderace|Pyro Ball|p2b: Garchomp\n|-activate|p2b: Garchomp|move: Protect\n|move|p1a: Rotom|Hydro Pump|p2b: Garchomp\n|-activate|p2b: Garchomp|move: Protect\n|\n|upkeep\n|turn|2\n|inactive|Zordor has 30 seconds left.\n|j| DragonKenergy\n|inactive|Zordor has 20 seconds left.\n|inactive|Zordor has 15 seconds left.\n|inactive|Zordor has 10 seconds left.\n|inactive|Zordor has 5 seconds left.\n|\n|t:|1726759872\n|move|p2a: Talonflame|Tailwind|p2a: Talonflame\n|-sidestart|p2: Arkalid|move: Tailwind\n|move|p2b: Garchomp|Earthquake|p1b: Cinderace|[spread] p1b\n|-immune|p2a: Talonflame\n|-immune|p1a: Rotom|[from] ability: Levitate\n|-supereffective|p1b: Cinderace\n|-enditem|p1b: Cinderace|Focus Sash\n|-damage|p1b: Cinderace|1\/100\n|-damage|p2b: Garchomp|91\/100|[from] item: Life Orb\n|move|p1b: Cinderace|Super Fang|p2a: Talonflame\n|-start|p1b: Cinderace|typechange|Normal|[from] ability: Libero\n|-damage|p2a: Talonflame|51\/100\n|move|p1a: Rotom|Will-O-Wisp|p2b: Garchomp\n|-status|p2b: Garchomp|brn\n|\n|-damage|p2b: Garchomp|85\/100 brn|[from] brn\n|upkeep\n|turn|3\n|inactive|Arkalid has 30 seconds left.\n|inactive|Zordor has 30 seconds left.\n|\n|t:|1726759904\n|move|p1b: Cinderace|Protect|p1b: Cinderace\n|-singleturn|p1b: Cinderace|Protect\n|move|p2a: Talonflame|Taunt|p1a: Rotom\n|-start|p1a: Rotom|move: Taunt\n|move|p2b: Garchomp|Earthquake|p1a: Rotom|[spread] \n|-activate|p1b: Cinderace|move: Protect\n|-immune|p2a: Talonflame\n|-immune|p1a: Rotom|[from] ability: Levitate\n|move|p1a: Rotom|Hydro Pump|p2b: Garchomp\n|-damage|p2b: Garchomp|37\/100 brn\n|\n|-damage|p2b: Garchomp|31\/100 brn|[from] brn\n|upkeep\n|turn|4\n|inactive|Zordor has 30 seconds left.\n|\n|t:|1726759931\n|switch|p2b: Kingambit|Kingambit, L50, M|100\/100\n|move|p2a: Talonflame|Brave Bird|p1b: Cinderace\n|-damage|p1b: Cinderace|0 fnt\n|faint|p1b: Cinderace\n|-damage|p2a: Talonflame|50\/100|[from] Recoil\n|move|p1a: Rotom|Hydro Pump|p2a: Talonflame\n|-supereffective|p2a: Talonflame\n|-damage|p2a: Talonflame|0 fnt\n|faint|p2a: Talonflame\n|\n|upkeep\n|\n|t:|1726759945\n|switch|p1b: Dragapult|Dragapult, L50, F|100\/100\n|switch|p2a: Ninetales|Ninetales-Alola, L50, F|100\/100\n|-weather|Snow|[from] ability: Snow Warning|[of] p2a: Ninetales\n|turn|5\n|inactive|Zordor has 30 seconds left.\n|\n|t:|1726759974\n|switch|p1a: Kingambit|Kingambit, L50, F|100\/100\n|-terastallize|p1b: Dragapult|Fighting\n|move|p2b: Kingambit|Protect|p2b: Kingambit\n|-singleturn|p2b: Kingambit|Protect\n|move|p2a: Ninetales|Freeze-Dry|p1a: Kingambit\n|-resisted|p1a: Kingambit\n|-damage|p1a: Kingambit|87\/100\n|move|p1b: Dragapult|Tera Blast|p2b: Kingambit|[anim] Tera Blast Fighting\n|-activate|p2b: Kingambit|move: Protect\n|\n|-weather|Snow|[upkeep]\n|-sideend|p2: Arkalid|move: Tailwind\n|upkeep\n|turn|6\n|\n|t:|1726759989\n|switch|p2b: Garchomp|Garchomp, L50, M|31\/100 brn\n|move|p1b: Dragapult|Tera Blast|p2b: Garchomp|[anim] Tera Blast Fighting\n|-damage|p2b: Garchomp|0 fnt\n|faint|p2b: Garchomp\n|move|p2a: Ninetales|Blizzard|p1a: Kingambit|[spread] p1a,p1b\n|-resisted|p1a: Kingambit\n|-crit|p1a: Kingambit\n|-damage|p1a: Kingambit|63\/100\n|-damage|p1b: Dragapult|76\/100\n|move|p1a: Kingambit|Iron Head|p2a: Ninetales\n|-supereffective|p2a: Ninetales\n|-enditem|p2a: Ninetales|Focus Sash\n|-damage|p2a: Ninetales|1\/100\n|\n|-weather|Snow|[upkeep]\n|upkeep\n|\n|t:|1726760002\n|switch|p2b: Kingambit|Kingambit, L50, M|100\/100\n|turn|7\n|inactive|Arkalid has 30 seconds left.\n|\n|t:|1726760034\n|-terastallize|p2b: Kingambit|Dark\n|move|p2a: Ninetales|Protect|p2a: Ninetales\n|-singleturn|p2a: Ninetales|Protect\n|move|p1b: Dragapult|Tera Blast|p2a: Ninetales|[anim] Tera Blast Fighting\n|-activate|p2a: Ninetales|move: Protect\n|move|p1a: Kingambit|Iron Head|p2b: Kingambit\n|-damage|p2b: Kingambit|69\/100\n|move|p2b: Kingambit|Low Kick|p1a: Kingambit\n|-supereffective|p1a: Kingambit\n|-damage|p1a: Kingambit|0 fnt\n|faint|p1a: Kingambit\n|\n|-weather|Snow|[upkeep]\n|upkeep\n|\n|t:|1726760045\n|switch|p1a: Rotom|Rotom-Wash, L50|100\/100\n|turn|8\n|inactive|Arkalid has 30 seconds left.\n|\n|t:|1726760071\n|move|p2b: Kingambit|Sucker Punch|p1b: Dragapult\n|-resisted|p1b: Dragapult\n|-damage|p1b: Dragapult|48\/100\n|move|p1b: Dragapult|Tera Blast|p2a: Ninetales|[anim] Tera Blast Fighting\n|-damage|p2a: Ninetales|0 fnt\n|faint|p2a: Ninetales\n|move|p1a: Rotom|Will-O-Wisp|p2b: Kingambit\n|-status|p2b: Kingambit|brn\n|-enditem|p2b: Kingambit|Lum Berry|[eat]\n|-curestatus|p2b: Kingambit|brn|[msg]\n|\n|-weather|Snow|[upkeep]\n|upkeep\n|turn|9\n|inactive|Arkalid has 30 seconds left.\n|inactive|Arkalid has 20 seconds left.\n|inactive|Arkalid has 15 seconds left.\n|inactive|Arkalid has 10 seconds left.\n|inactive|Arkalid has 5 seconds left.\n|\n|t:|1726760123\n|move|p2b: Kingambit|Sucker Punch|p1b: Dragapult\n|-resisted|p1b: Dragapult\n|-damage|p1b: Dragapult|21\/100\n|move|p1b: Dragapult|Tera Blast|p2b: Kingambit|[anim] Tera Blast Fighting\n|-supereffective|p2b: Kingambit\n|-damage|p2b: Kingambit|16\/100\n|move|p1a: Rotom|Will-O-Wisp|p2b: Kingambit|[miss]\n|-miss|p1a: Rotom|p2b: Kingambit\n|\n|-weather|none\n|upkeep\n|turn|10\n|\n|t:|1726760136\n|move|p2b: Kingambit|Sucker Punch|p1b: Dragapult\n|-resisted|p1b: Dragapult\n|-damage|p1b: Dragapult|0 fnt\n|faint|p1b: Dragapult\n|move|p1a: Rotom|Hydro Pump|p2b: Kingambit\n|-crit|p2b: Kingambit\n|-damage|p2b: Kingambit|0 fnt\n|faint|p2b: Kingambit\n|\n|win|Zordor\n|raw|Zordor's rating: 1725 &rarr; <strong>1748<\/strong><br \/>(+23 for winning)\n|raw|Arkalid's rating: 1785 &rarr; <strong>1762<\/strong><br \/>(-23 for losing)\n|l| BlindMagneton\n|l| Millamojake\n|l|\u2606Arkalid\n|player|p2|\n","uploadtime":1726760278,"views":81,"formatid":"gen9vgc2024regh","rating":1748,"private":0,"password":null}