{"id":"gen9vgc2024regh-2205783387","format":"[Gen 9] VGC 2024 Reg H","players":["Vitor_hsaf","pokechan1109"],"log":"|j|\u2606Vitor_hsaf\n|j|\u2606pokechan1109\n|t:|1726835173\n|gametype|doubles\n|player|p1|Vitor_hsaf|gardenia|1707\n|player|p2|pokechan1109|lucas-gen4pt|1667\n|teamsize|p1|6\n|teamsize|p2|6\n|gen|9\n|tier|[Gen 9] VGC 2024 Reg H\n|rated|\n|rule|Species Clause: Limit one of each Pok\u00e9mon\n|rule|Item Clause: Limit 1 of each item\n|clearpoke\n|poke|p1|Whimsicott, L50, F|\n|poke|p1|Primarina, L50, F|\n|poke|p1|Gholdengo, L50|\n|poke|p1|Indeedee-F, L50, F|\n|poke|p1|Armarouge, L50, M|\n|poke|p1|Sneasler, L50, F|\n|poke|p2|Hydreigon, L50, M|\n|poke|p2|Whimsicott, L50, F|\n|poke|p2|Primarina, L50, F|\n|poke|p2|Arcanine-Hisui, L50, M|\n|poke|p2|Gholdengo, L50|\n|poke|p2|Sneasler, L50, M|\n|teampreview|4\n|inactive|Battle timer is ON: inactive players will automatically lose when time's up. (requested by Vitor_hsaf)\n|j| StevPoyo\n|l| StevPoyo\n|inactive|pokechan1109 has 60 seconds left.\n|\n|t:|1726835208\n|start\n|switch|p1a: Whimsicott|Whimsicott, L50, F|100\/100\n|switch|p1b: Primarina|Primarina, L50, F|100\/100\n|switch|p2a: Arcanine|Arcanine-Hisui, L50, M|100\/100\n|switch|p2b: Whimsicott|Whimsicott, L50, F|100\/100\n|-ability|p2a: Arcanine|Intimidate|boost\n|-unboost|p1a: Whimsicott|atk|1\n|-unboost|p1b: Primarina|atk|1\n|turn|1\n|\n|t:|1726835221\n|-terastallize|p2a: Arcanine|Grass\n|move|p2b: Whimsicott|Tailwind|p2b: Whimsicott\n|-sidestart|p2: pokechan1109|move: Tailwind\n|move|p1a: Whimsicott|Tailwind|p1a: Whimsicott\n|-sidestart|p1: Vitor_hsaf|move: Tailwind\n|move|p2a: Arcanine|Rock Slide|p1a: Whimsicott|[spread] p1a,p1b\n|-damage|p1a: Whimsicott|55\/100\n|-damage|p1b: Primarina|50\/100\n|cant|p1b: Primarina|flinch\n|\n|upkeep\n|turn|2\n|\n|t:|1726835233\n|switch|p1a: Gholdengo|Gholdengo, L50|100\/100\n|move|p1b: Primarina|Protect|p1b: Primarina\n|-singleturn|p1b: Primarina|Protect\n|move|p2b: Whimsicott|Encore|p1a: Gholdengo\n|-immune|p1a: Gholdengo|[from] ability: Good as Gold\n|move|p2a: Arcanine|Rock Slide|p1a: Gholdengo|[spread] p1a\n|-activate|p1b: Primarina|move: Protect\n|-resisted|p1a: Gholdengo\n|-damage|p1a: Gholdengo|80\/100\n|\n|upkeep\n|turn|3\n|\n|t:|1726835255\n|switch|p2a: Gholdengo|Gholdengo, L50|100\/100\n|-terastallize|p1a: Gholdengo|Steel\n|move|p2b: Whimsicott|Encore|p1b: Primarina\n|-start|p1b: Primarina|Encore\n|move|p1a: Gholdengo|Make It Rain|p2a: Gholdengo|[spread] p2a,p2b\n|-resisted|p2a: Gholdengo\n|-supereffective|p2b: Whimsicott\n|-damage|p2a: Gholdengo|52\/100\n|-damage|p2b: Whimsicott|0 fnt\n|-unboost|p1a: Gholdengo|spa|1\n|faint|p2b: Whimsicott\n|move|p1b: Primarina|Protect||[still]\n|-fail|p1b: Primarina\n|\n|upkeep\n|\n|t:|1726835266\n|switch|p2b: Arcanine|Arcanine-Hisui, L50, M, tera:Grass|100\/100\n|-ability|p2b: Arcanine|Intimidate|boost\n|-unboost|p1a: Gholdengo|atk|1\n|-unboost|p1b: Primarina|atk|1\n|turn|4\n|\n|t:|1726835273\n|switch|p1b: Sneasler|Sneasler, L50, F|100\/100\n|move|p2b: Arcanine|Flare Blitz|p1a: Gholdengo\n|-supereffective|p1a: Gholdengo\n|-damage|p1a: Gholdengo|0 fnt\n|faint|p1a: Gholdengo\n|-damage|p2b: Arcanine|77\/100|[from] Recoil\n|move|p2a: Gholdengo|Nasty Plot|p2a: Gholdengo\n|-boost|p2a: Gholdengo|spa|2\n|\n|-sideend|p2: pokechan1109|move: Tailwind\n|-sideend|p1: Vitor_hsaf|move: Tailwind\n|upkeep\n|\n|t:|1726835276\n|switch|p1a: Whimsicott|Whimsicott, L50, F|55\/100\n|turn|5\n|\n|t:|1726835293\n|move|p2a: Gholdengo|Protect|p2a: Gholdengo\n|-singleturn|p2a: Gholdengo|Protect\n|move|p1a: Whimsicott|Tailwind|p1a: Whimsicott\n|-sidestart|p1: Vitor_hsaf|move: Tailwind\n|move|p1b: Sneasler|Dire Claw|p2b: Arcanine\n|-supereffective|p2b: Arcanine\n|-damage|p2b: Arcanine|0 fnt\n|faint|p2b: Arcanine\n|\n|upkeep\n|\n|t:|1726835299\n|switch|p2b: Sneasler|Sneasler, L50, M|100\/100\n|turn|6\n|j| The_Beast1440\n|\n|t:|1726835310\n|move|p2b: Sneasler|Fake Out|p1b: Sneasler\n|-damage|p1b: Sneasler|75\/100\n|cant|p1b: Sneasler|flinch\n|move|p1a: Whimsicott|Moonblast|p2a: Gholdengo\n|-resisted|p2a: Gholdengo\n|-damage|p2a: Gholdengo|38\/100\n|move|p2a: Gholdengo|Make It Rain|p1b: Sneasler|[spread] p1a,p1b\n|-supereffective|p1a: Whimsicott\n|-damage|p1a: Whimsicott|0 fnt\n|-damage|p1b: Sneasler|0 fnt\n|-unboost|p2a: Gholdengo|spa|1\n|faint|p1a: Whimsicott\n|faint|p1b: Sneasler\n|-damage|p2a: Gholdengo|29\/100|[from] item: Life Orb\n|\n|upkeep\n|\n|t:|1726835314\n|switch|p1b: Primarina|Primarina, L50, F|50\/100\n|turn|7\n|\n|t:|1726835320\n|move|p2b: Sneasler|Protect|p2b: Sneasler\n|-singleturn|p2b: Sneasler|Protect\n|move|p2a: Gholdengo|Protect|p2a: Gholdengo\n|-singleturn|p2a: Gholdengo|Protect\n|move|p1b: Primarina|Hyper Voice|p2b: Sneasler|[spread] \n|-activate|p2a: Gholdengo|move: Protect\n|-activate|p2b: Sneasler|move: Protect\n|\n|upkeep\n|turn|8\n|\n|t:|1726835324\n|move|p1b: Primarina|Hyper Voice|p2a: Gholdengo|[spread] p2a,p2b\n|-crit|p2b: Sneasler\n|-damage|p2a: Gholdengo|0 fnt\n|-damage|p2b: Sneasler|19\/100\n|faint|p2a: Gholdengo\n|-enditem|p1b: Primarina|Throat Spray\n|-boost|p1b: Primarina|spa|1|[from] item: Throat Spray\n|move|p2b: Sneasler|Dire Claw|p1b: Primarina\n|-supereffective|p1b: Primarina\n|-damage|p1b: Primarina|0 fnt\n|faint|p1b: Primarina\n|\n|win|pokechan1109\n|raw|Vitor_hsaf's rating: 1707 &rarr; <strong>1685<\/strong><br \/>(-22 for losing)\n|raw|pokechan1109's rating: 1667 &rarr; <strong>1689<\/strong><br \/>(+22 for winning)\n|l|\u2606pokechan1109\n|player|p2|\n|l| The_Beast1440\n","uploadtime":1726835541,"views":16,"formatid":"gen9vgc2024regh","rating":1685,"private":0,"password":null}