{"id":"gen9vgc2024regh-2205815419","format":"[Gen 9] VGC 2024 Reg H","players":["actuary97","Vitor_hsaf"],"log":"|j|\u2606actuary97\n|j|\u2606Vitor_hsaf\n|t:|1726838553\n|gametype|doubles\n|player|p1|actuary97|sabrina-frlg|1759\n|player|p2|Vitor_hsaf|gardenia|1693\n|teamsize|p1|6\n|teamsize|p2|6\n|gen|9\n|tier|[Gen 9] VGC 2024 Reg H\n|rated|\n|rule|Species Clause: Limit one of each Pok\u00e9mon\n|rule|Item Clause: Limit 1 of each item\n|clearpoke\n|poke|p1|Charizard, L50, M|\n|poke|p1|Whimsicott, L50, F|\n|poke|p1|Gallade, L50, M|\n|poke|p1|Malamar, L50, F|\n|poke|p1|Indeedee, L50, M|\n|poke|p1|Archaludon, L50, F|\n|poke|p2|Whimsicott, L50, M|\n|poke|p2|Primarina, L50, F|\n|poke|p2|Gholdengo, L50|\n|poke|p2|Indeedee-F, L50, F|\n|poke|p2|Armarouge, L50, M|\n|poke|p2|Sneasler, L50, F|\n|teampreview|4\n|inactive|Battle timer is ON: inactive players will automatically lose when time's up. (requested by Vitor_hsaf)\nactuary97 has agreed to open team sheets.\n|inactive|actuary97 has 60 seconds left.\n|\n|t:|1726838607\n|start\n|switch|p1a: Mischief Mother|Whimsicott, L50, F, shiny|100\/100\n|switch|p1b: Bridget|Archaludon, L50, F, shiny|100\/100\n|switch|p2a: Whimsicott|Whimsicott, L50, M|100\/100\n|switch|p2b: Armarouge|Armarouge, L50, M|100\/100\n|turn|1\n|\n|t:|1726838621\n|move|p1a: Mischief Mother|Tailwind|p1a: Mischief Mother\n|-sidestart|p1: actuary97|move: Tailwind\n|move|p2a: Whimsicott|Tailwind|p2a: Whimsicott\n|-sidestart|p2: Vitor_hsaf|move: Tailwind\n|move|p1b: Bridget|Snarl|p2a: Whimsicott|[spread] p2a,p2b\n|-resisted|p2a: Whimsicott\n|-crit|p2a: Whimsicott\n|-supereffective|p2b: Armarouge\n|-damage|p2a: Whimsicott|90\/100\n|-damage|p2b: Armarouge|66\/100\n|-unboost|p2b: Armarouge|spa|1\n|move|p2b: Armarouge|Heat Wave|p1a: Mischief Mother|[spread] p1a,p1b\n|-supereffective|p1a: Mischief Mother\n|-damage|p1a: Mischief Mother|11\/100\n|-damage|p1b: Bridget|83\/100\n|-status|p1a: Mischief Mother|brn\n|-ability|p1b: Bridget|Stamina|boost\n|-boost|p1b: Bridget|def|1\n|\n|-damage|p1a: Mischief Mother|5\/100 brn|[from] brn\n|upkeep\n|turn|2\n|\n|t:|1726838645\n|switch|p2a: Sneasler|Sneasler, L50, F|100\/100\n|move|p1a: Mischief Mother|Beat Up|p1b: Bridget\n|-damage|p1b: Bridget|83\/100\n|-ability|p1b: Bridget|Stamina|boost\n|-boost|p1b: Bridget|def|1\n|-damage|p1b: Bridget|82\/100\n|-ability|p1b: Bridget|Stamina|boost\n|-boost|p1b: Bridget|def|1\n|-damage|p1b: Bridget|82\/100\n|-ability|p1b: Bridget|Stamina|boost\n|-boost|p1b: Bridget|def|1\n|-damage|p1b: Bridget|81\/100\n|-ability|p1b: Bridget|Stamina|boost\n|-boost|p1b: Bridget|def|1\n|-hitcount|p1b: Bridget|4\n|move|p1b: Bridget|Flash Cannon|p2a: Sneasler\n|-damage|p2a: Sneasler|48\/100\n|move|p2b: Armarouge|Heat Wave|p1a: Mischief Mother|[spread] p1a,p1b\n|-supereffective|p1a: Mischief Mother\n|-damage|p1a: Mischief Mother|0 fnt\n|-damage|p1b: Bridget|64\/100\n|-ability|p1b: Bridget|Stamina|boost\n|-boost|p1b: Bridget|def|1\n|faint|p1a: Mischief Mother\n|\n|upkeep\n|\n|t:|1726838660\n|switch|p1a: \u2694\ufe0fKing\u2694\ufe0f|Gallade, L50, M, shiny|100\/100\n|turn|3\n|\n|t:|1726838672\n|move|p1a: \u2694\ufe0fKing\u2694\ufe0f|Protect|p1a: \u2694\ufe0fKing\u2694\ufe0f\n|-singleturn|p1a: \u2694\ufe0fKing\u2694\ufe0f|Protect\n|move|p2a: Sneasler|Dire Claw|p1a: \u2694\ufe0fKing\u2694\ufe0f\n|-activate|p1a: \u2694\ufe0fKing\u2694\ufe0f|move: Protect\n|move|p1b: Bridget|Body Press|p2a: Sneasler\n|-resisted|p2a: Sneasler\n|-damage|p2a: Sneasler|0 fnt\n|faint|p2a: Sneasler\n|move|p2b: Armarouge|Expanding Force|p1a: \u2694\ufe0fKing\u2694\ufe0f\n|-activate|p1a: \u2694\ufe0fKing\u2694\ufe0f|move: Protect\n|\n|upkeep\n|\n|t:|1726838675\n|switch|p2a: Whimsicott|Whimsicott, L50, M|90\/100\n|turn|4\n|\n|t:|1726838685\n|switch|p1a: Charizard|Charizard, L50, M, shiny|100\/100\n|move|p2a: Whimsicott|Encore||[still]\n|-fail|p2a: Whimsicott\n|move|p1b: Bridget|Snarl|p2a: Whimsicott|[spread] p2a,p2b\n|-resisted|p2a: Whimsicott\n|-supereffective|p2b: Armarouge\n|-damage|p2a: Whimsicott|81\/100\n|-damage|p2b: Armarouge|33\/100\n|-unboost|p2b: Armarouge|spa|1\n|move|p2b: Armarouge|Heat Wave|p1a: Charizard|[spread] p1a,p1b\n|-resisted|p1a: Charizard\n|-damage|p1a: Charizard|87\/100\n|-damage|p1b: Bridget|50\/100\n|\n|-sideend|p1: actuary97|move: Tailwind\n|-sideend|p2: Vitor_hsaf|move: Tailwind\n|upkeep\n|turn|5\n|\n|t:|1726838708\n|move|p2a: Whimsicott|Tailwind|p2a: Whimsicott\n|-sidestart|p2: Vitor_hsaf|move: Tailwind\n|move|p2b: Armarouge|Meteor Beam||[still]\n|-prepare|p2b: Armarouge|Meteor Beam\n|-boost|p2b: Armarouge|spa|1\n|-enditem|p2b: Armarouge|Power Herb\n|-anim|p2b: Armarouge|Meteor Beam|p1a: Charizard\n|-supereffective|p1a: Charizard\n|-damage|p1a: Charizard|0 fnt\n|faint|p1a: Charizard\n|move|p1b: Bridget|Body Press|p2b: Armarouge\n|-resisted|p2b: Armarouge\n|-crit|p2b: Armarouge\n|-damage|p2b: Armarouge|0 fnt\n|faint|p2b: Armarouge\n|\n|upkeep\n|\n|t:|1726838717\n|switch|p1a: \u2694\ufe0fKing\u2694\ufe0f|Gallade, L50, M, shiny|100\/100\n|switch|p2b: Gholdengo|Gholdengo, L50|100\/100\n|turn|6\n|\n|t:|1726838730\n|-terastallize|p1a: \u2694\ufe0fKing\u2694\ufe0f|Grass\n|move|p2a: Whimsicott|Moonblast|p1a: \u2694\ufe0fKing\u2694\ufe0f\n|-damage|p1a: \u2694\ufe0fKing\u2694\ufe0f|68\/100\n|move|p2b: Gholdengo|Shadow Ball|p1b: Bridget\n|-damage|p1b: Bridget|2\/100\n|-unboost|p1b: Bridget|spd|1\n|move|p1a: \u2694\ufe0fKing\u2694\ufe0f|Psycho Cut|p2b: Gholdengo\n|-resisted|p2b: Gholdengo\n|-damage|p2b: Gholdengo|65\/100\n|move|p1b: Bridget|Snarl|p2b: Gholdengo|[spread] p2a,p2b\n|-resisted|p2a: Whimsicott\n|-supereffective|p2b: Gholdengo\n|-damage|p2a: Whimsicott|74\/100\n|-damage|p2b: Gholdengo|32\/100\n|-unboost|p2b: Gholdengo|spa|1\n|\n|upkeep\n|turn|7\n|\n|t:|1726838749\n|move|p2a: Whimsicott|Moonblast|p1b: Bridget\n|-damage|p1b: Bridget|0 fnt\n|faint|p1b: Bridget\n|move|p2b: Gholdengo|Shadow Ball|p1a: \u2694\ufe0fKing\u2694\ufe0f\n|-damage|p1a: \u2694\ufe0fKing\u2694\ufe0f|19\/100\n|move|p1a: \u2694\ufe0fKing\u2694\ufe0f|Psycho Cut|p2a: Whimsicott\n|-damage|p2a: Whimsicott|2\/100\n|\n|upkeep\n|turn|8\n|\n|t:|1726838760\n|move|p2a: Whimsicott|Moonblast|p1a: \u2694\ufe0fKing\u2694\ufe0f\n|-damage|p1a: \u2694\ufe0fKing\u2694\ufe0f|0 fnt\n|faint|p1a: \u2694\ufe0fKing\u2694\ufe0f\n|\n|win|Vitor_hsaf\n|raw|actuary97's rating: 1759 &rarr; <strong>1735<\/strong><br \/>(-24 for losing)\n|raw|Vitor_hsaf's rating: 1693 &rarr; <strong>1717<\/strong><br \/>(+24 for winning)\n|c|\u2606actuary97|gg\n|c|\u2606Vitor_hsaf|gg\n|l|\u2606actuary97\n|player|p1|\n","uploadtime":1726839016,"views":32,"formatid":"gen9vgc2024regh","rating":1717,"private":0,"password":null}