{"id":"gen9vgc2024regh-2205365720","format":"[Gen 9] VGC 2024 Reg H","players":["ABCD baby","chin8"],"log":"|j|\u2606ABCD baby\n|j|\u2606chin8\n|t:|1726778650\n|gametype|doubles\n|player|p1|ABCD baby|lady-gen4|1703\n|player|p2|chin8|gentleman-gen4dp|1723\n|teamsize|p1|6\n|teamsize|p2|6\n|gen|9\n|tier|[Gen 9] VGC 2024 Reg H\n|rated|\n|rule|Species Clause: Limit one of each Pok\u00e9mon\n|rule|Item Clause: Limit 1 of each item\n|clearpoke\n|poke|p1|Whimsicott, L50, M|\n|poke|p1|Maushold-Four, L50|\n|poke|p1|Typhlosion-Hisui, L50, M|\n|poke|p1|Annihilape, L50, F|\n|poke|p1|Farigiraf, L50, M|\n|poke|p1|Ursaluna-Bloodmoon, L50, M|\n|poke|p2|Baxcalibur, L50, F|\n|poke|p2|Kilowattrel, L50, F|\n|poke|p2|Haxorus, L50, F|\n|poke|p2|Gardevoir, L50, F|\n|poke|p2|Magmortar, L50, F|\n|poke|p2|Gholdengo, L50|\n|teampreview|4\n|j| ravioliaifunghi\n|j| DMats\n|\n|t:|1726778665\n|start\n|switch|p1a: Whimsicott|Whimsicott, L50, M|100\/100\n|switch|p1b: Typhlosion|Typhlosion-Hisui, L50, M|100\/100\n|switch|p2a: Kilowattrel|Kilowattrel, L50, F|100\/100\n|switch|p2b: Baxcalibur|Baxcalibur, L50, F|100\/100\n|turn|1\n|inactive|Battle timer is ON: inactive players will automatically lose when time's up. (requested by ABCD baby)\n|\n|t:|1726778693\n|-terastallize|p1b: Typhlosion|Fire\n|move|p1a: Whimsicott|Tailwind|p1a: Whimsicott\n|-sidestart|p1: ABCD baby|move: Tailwind\n|move|p1b: Typhlosion|Eruption|p2a: Kilowattrel|[spread] p2a,p2b\n|-enditem|p2a: Kilowattrel|Focus Sash\n|-damage|p2a: Kilowattrel|1\/100\n|-damage|p2b: Baxcalibur|36\/100\n|-ability|p2b: Baxcalibur|Thermal Exchange|boost\n|-boost|p2b: Baxcalibur|atk|1\n|move|p2a: Kilowattrel|Tailwind|p2a: Kilowattrel\n|-sidestart|p2: chin8|move: Tailwind\n|move|p2b: Baxcalibur|Earthquake|p1a: Whimsicott|[spread] p1a,p1b\n|-immune|p2a: Kilowattrel\n|-resisted|p1a: Whimsicott\n|-supereffective|p1b: Typhlosion\n|-damage|p1a: Whimsicott|73\/100\n|-damage|p1b: Typhlosion|0 fnt\n|faint|p1b: Typhlosion\n|\n|upkeep\n|inactive|ABCD baby has 30 seconds left.\n|\n|t:|1726778718\n|switch|p1b: Maushold|Maushold-Four, L50|100\/100\n|turn|2\n|\n|t:|1726778724\n|switch|p2a: Magmortar|Magmortar, L50, F|100\/100\n|switch|p2b: Gholdengo|Gholdengo, L50|100\/100\n|move|p1b: Maushold|Population Bomb|p2b: Gholdengo\n|-immune|p2b: Gholdengo\n|move|p1a: Whimsicott|Moonblast|p2a: Magmortar\n|-resisted|p2a: Magmortar\n|-damage|p2a: Magmortar|88\/100\n|\n|upkeep\n|turn|3\n|inactive|ABCD baby has 30 seconds left.\n|\n|t:|1726778753\n|switch|p1a: Annihilape|Annihilape, L50, F|100\/100\n|move|p2a: Magmortar|Protect|p2a: Magmortar\n|-singleturn|p2a: Magmortar|Protect\n|move|p1b: Maushold|Population Bomb|p2a: Magmortar\n|-activate|p2a: Magmortar|move: Protect\n|move|p2b: Gholdengo|Nasty Plot|p2b: Gholdengo\n|-boost|p2b: Gholdengo|spa|2\n|\n|upkeep\n|turn|4\n|\n|t:|1726778766\n|move|p2a: Magmortar|Follow Me|p2a: Magmortar\n|-singleturn|p2a: Magmortar|move: Follow Me\n|move|p1b: Maushold|Population Bomb|p2a: Magmortar\n|-damage|p2a: Magmortar|77\/100\n|-status|p1b: Maushold|brn|[from] ability: Flame Body|[of] p2a: Magmortar\n|-damage|p2a: Magmortar|71\/100\n|-damage|p2a: Magmortar|65\/100\n|-damage|p2a: Magmortar|59\/100\n|-damage|p2a: Magmortar|54\/100\n|-damage|p2a: Magmortar|47\/100\n|-enditem|p2a: Magmortar|Sitrus Berry|[eat]\n|-heal|p2a: Magmortar|72\/100|[from] item: Sitrus Berry\n|-damage|p2a: Magmortar|66\/100\n|-damage|p2a: Magmortar|59\/100\n|-damage|p2a: Magmortar|53\/100\n|-damage|p2a: Magmortar|47\/100\n|-hitcount|p2a: Magmortar|10\n|move|p1a: Annihilape|Rage Fist|p2a: Magmortar\n|-damage|p2a: Magmortar|22\/100\n|move|p2b: Gholdengo|Make It Rain|p1a: Annihilape|[spread] p1a,p1b\n|-damage|p1a: Annihilape|38\/100\n|-damage|p1b: Maushold|0 fnt\n|-unboost|p2b: Gholdengo|spa|1\n|faint|p1b: Maushold\n|\n|-sideend|p2: chin8|move: Tailwind\n|-sideend|p1: ABCD baby|move: Tailwind\n|upkeep\n|\n|t:|1726778774\n|switch|p1b: Whimsicott|Whimsicott, L50, M|73\/100\n|turn|5\n|\n|t:|1726778786\n|move|p2a: Magmortar|Follow Me|p2a: Magmortar\n|-singleturn|p2a: Magmortar|move: Follow Me\n|move|p1b: Whimsicott|Moonblast|p2a: Magmortar\n|-resisted|p2a: Magmortar\n|-damage|p2a: Magmortar|10\/100\n|-unboost|p2a: Magmortar|spa|1\n|move|p1a: Annihilape|Drain Punch|p2a: Magmortar\n|-damage|p2a: Magmortar|0 fnt\n|-heal|p1a: Annihilape|42\/100|[from] drain|[of] p2a: Magmortar\n|faint|p2a: Magmortar\n|move|p2b: Gholdengo|Make It Rain|p1b: Whimsicott|[spread] p1a,p1b\n|-supereffective|p1b: Whimsicott\n|-damage|p1a: Annihilape|0 fnt\n|-damage|p1b: Whimsicott|0 fnt\n|-unboost|p2b: Gholdengo|spa|1\n|faint|p1a: Annihilape\n|faint|p1b: Whimsicott\n|\n|win|chin8\n|raw|ABCD baby's rating: 1703 &rarr; <strong>1684<\/strong><br \/>(-19 for losing)\n|raw|chin8's rating: 1723 &rarr; <strong>1742<\/strong><br \/>(+19 for winning)\n|l|\u2606ABCD baby\n|player|p1|\n|l|\u2606chin8\n|player|p2|\n","uploadtime":1726778928,"views":35,"formatid":"gen9vgc2024regh","rating":1684,"private":0,"password":null}