{"id":"gen9vgc2024regh-2205276883","format":"[Gen 9] VGC 2024 Reg H","players":["chaddiestchad","rough Pult"],"log":"|j|\u2606chaddiestchad\n|j|\u2606rough Pult\n|t:|1726770657\n|gametype|doubles\n|player|p1|chaddiestchad|supernerd|1705\n|player|p2|rough Pult|giovanni|1800\n|teamsize|p1|6\n|teamsize|p2|6\n|gen|9\n|tier|[Gen 9] VGC 2024 Reg H\n|rated|\n|rule|Species Clause: Limit one of each Pok\u00e9mon\n|rule|Item Clause: Limit 1 of each item\n|clearpoke\n|poke|p1|Talonflame, L50, M|\n|poke|p1|Tyranitar, L50, F|\n|poke|p1|Garchomp, L50, M|\n|poke|p1|Gholdengo, L50|\n|poke|p1|Primarina, L50, M|\n|poke|p1|Rillaboom, L50, F|\n|poke|p2|Dondozo, L50, M|\n|poke|p2|Dragapult, L50, M|\n|poke|p2|Magmar, L50, F|\n|poke|p2|Kingambit, L50, M|\n|poke|p2|Rillaboom, L50, F|\n|poke|p2|Sneasler, L50, F|\n|teampreview|4\n|inactive|Battle timer is ON: inactive players will automatically lose when time's up. (requested by chaddiestchad)\n|inactive|chaddiestchad has 60 seconds left.\n|inactive|rough Pult has 60 seconds left.\n|j| Therazer456\n|inactive|rough Pult has 30 seconds left.\n|\n|t:|1726770727\n|start\n|switch|p1a: Talonflame|Talonflame, L50, M|100\/100\n|switch|p1b: Garchomp|Garchomp, L50, M|100\/100\n|switch|p2a: Dondozo|Dondozo, L50, M|100\/100\n|switch|p2b: Sneasler|Sneasler, L50, F|100\/100\n|turn|1\n|inactive|chaddiestchad has 30 seconds left.\n|inactive|chaddiestchad has 20 seconds left.\n|inactive|chaddiestchad has 15 seconds left.\n|inactive|chaddiestchad has 10 seconds left.\n|\n|t:|1726770776\n|switch|p1b: Gholdengo|Gholdengo, L50|100\/100\n|move|p1a: Talonflame|Tailwind|p1a: Talonflame\n|-sidestart|p1: chaddiestchad|move: Tailwind\n|move|p2b: Sneasler|Coaching|p2a: Dondozo\n|-boost|p2a: Dondozo|atk|1\n|-boost|p2a: Dondozo|def|1\n|move|p2a: Dondozo|Liquidation|p1a: Talonflame\n|-supereffective|p1a: Talonflame\n|-crit|p1a: Talonflame\n|-damage|p1a: Talonflame|0 fnt\n|faint|p1a: Talonflame\n|\n|upkeep\n|j| mr pogostick\n|\n|t:|1726770792\n|switch|p1a: Garchomp|Garchomp, L50, M|100\/100\n|turn|2\n|\n|t:|1726770811\n|move|p2b: Sneasler|Protect|p2b: Sneasler\n|-singleturn|p2b: Sneasler|Protect\n|move|p1a: Garchomp|Stomping Tantrum|p2b: Sneasler\n|-activate|p2b: Sneasler|move: Protect\n|move|p1b: Gholdengo|Thunderbolt|p2a: Dondozo\n|-supereffective|p2a: Dondozo\n|-damage|p2a: Dondozo|33\/100\n|move|p2a: Dondozo|Liquidation|p1b: Gholdengo\n|-damage|p1b: Gholdengo|53\/100\n|\n|-heal|p2a: Dondozo|39\/100|[from] item: Leftovers\n|upkeep\n|turn|3\n|inactive|rough Pult has 30 seconds left.\n|\n|t:|1726770839\n|move|p2a: Dondozo|Protect|p2a: Dondozo\n|-singleturn|p2a: Dondozo|Protect\n|move|p1a: Garchomp|Stomping Tantrum|p2b: Sneasler\n|-supereffective|p2b: Sneasler\n|-enditem|p2b: Sneasler|Focus Sash\n|-damage|p2b: Sneasler|1\/100\n|move|p2b: Sneasler|Close Combat|p1a: Garchomp\n|-damage|p1a: Garchomp|40\/100\n|-unboost|p2b: Sneasler|def|1\n|-unboost|p2b: Sneasler|spd|1\n|move|p1b: Gholdengo|Thunderbolt|p2b: Sneasler\n|-damage|p2b: Sneasler|0 fnt\n|faint|p2b: Sneasler\n|\n|-heal|p2a: Dondozo|45\/100|[from] item: Leftovers\n|upkeep\n|\n|t:|1726770863\n|switch|p2b: Kingambit|Kingambit, L50, M|100\/100\n|turn|4\n|inactive|chaddiestchad has 30 seconds left.\n|\n|t:|1726770889\n|switch|p1b: Tyranitar|Tyranitar, L50, F|100\/100\n|-weather|Sandstorm|[from] ability: Sand Stream|[of] p1b: Tyranitar\n|switch|p2a: Rillaboom|Rillaboom, L50, F|100\/100\n|-fieldstart|move: Grassy Terrain|[from] ability: Grassy Surge|[of] p2a: Rillaboom\n|-terastallize|p2b: Kingambit|Ghost\n|move|p1a: Garchomp|Stomping Tantrum|p2b: Kingambit\n|-damage|p2b: Kingambit|71\/100\n|move|p2b: Kingambit|Kowtow Cleave|p1b: Tyranitar\n|-resisted|p1b: Tyranitar\n|-damage|p1b: Tyranitar|80\/100\n|\n|-weather|Sandstorm|[upkeep]\n|-damage|p2a: Rillaboom|95\/100|[from] Sandstorm\n|-heal|p1a: Garchomp|46\/100|[from] Grassy Terrain\n|-heal|p1b: Tyranitar|86\/100|[from] Grassy Terrain\n|-heal|p2a: Rillaboom|100\/100|[from] Grassy Terrain\n|-heal|p2b: Kingambit|77\/100|[from] Grassy Terrain\n|-sideend|p1: chaddiestchad|move: Tailwind\n|upkeep\n|turn|5\n|inactive|chaddiestchad has 30 seconds left.\n|inactive|rough Pult has 30 seconds left.\n|inactive|rough Pult has 20 seconds left.\n|inactive|rough Pult has 15 seconds left.\n|inactive|rough Pult has 10 seconds left.\n|\n|t:|1726770938\n|switch|p2b: Dondozo|Dondozo, L50, M|45\/100\n|-terastallize|p1b: Tyranitar|Flying\n|move|p1a: Garchomp|Protect|p1a: Garchomp\n|-singleturn|p1a: Garchomp|Protect\n|move|p2a: Rillaboom|Wood Hammer|p1b: Tyranitar\n|-resisted|p1b: Tyranitar\n|-damage|p1b: Tyranitar|57\/100\n|-damage|p2a: Rillaboom|91\/100|[from] Recoil\n|move|p1b: Tyranitar|Knock Off|p2b: Dondozo\n|-damage|p2b: Dondozo|11\/100\n|-enditem|p2b: Dondozo|Leftovers|[from] move: Knock Off|[of] p1b: Tyranitar\n|\n|-weather|Sandstorm|[upkeep]\n|-damage|p2a: Rillaboom|85\/100|[from] Sandstorm\n|-damage|p1b: Tyranitar|51\/100|[from] Sandstorm\n|-damage|p2b: Dondozo|4\/100|[from] Sandstorm\n|-heal|p1a: Garchomp|52\/100|[from] Grassy Terrain\n|-heal|p2a: Rillaboom|91\/100|[from] Grassy Terrain\n|-heal|p2b: Dondozo|11\/100|[from] Grassy Terrain\n|upkeep\n|turn|6\n|inactive|rough Pult has 30 seconds left.\n|inactive|rough Pult has 20 seconds left.\n|inactive|rough Pult has 15 seconds left.\n|inactive|rough Pult has 10 seconds left.\n|\n|t:|1726770983\n|switch|p2a: Kingambit|Kingambit, L50, M, tera:Ghost|77\/100\n|move|p1a: Garchomp|Dragon Claw|p2b: Dondozo\n|-damage|p2b: Dondozo|0 fnt\n|faint|p2b: Dondozo\n|move|p1b: Tyranitar|Tera Blast|p2a: Kingambit|[anim] Tera Blast Flying\n|-damage|p2a: Kingambit|43\/100\n|\n|-weather|Sandstorm|[upkeep]\n|-damage|p1b: Tyranitar|45\/100|[from] Sandstorm\n|-heal|p1a: Garchomp|58\/100|[from] Grassy Terrain\n|-heal|p2a: Kingambit|49\/100|[from] Grassy Terrain\n|upkeep\n|\n|t:|1726770997\n|switch|p2b: Rillaboom|Rillaboom, L50, F|91\/100\n|turn|7\n|\n|t:|1726771008\n|switch|p1b: Gholdengo|Gholdengo, L50|53\/100\n|move|p2b: Rillaboom|Fake Out|p1b: Gholdengo\n|-immune|p1b: Gholdengo\n|move|p1a: Garchomp|Dragon Claw|p2b: Rillaboom\n|-damage|p2b: Rillaboom|45\/100\n|move|p2a: Kingambit|Kowtow Cleave|p1a: Garchomp\n|-damage|p1a: Garchomp|9\/100\n|\n|-weather|Sandstorm|[upkeep]\n|-damage|p2b: Rillaboom|40\/100|[from] Sandstorm\n|-heal|p1a: Garchomp|15\/100|[from] Grassy Terrain\n|-heal|p1b: Gholdengo|59\/100|[from] Grassy Terrain\n|-heal|p2b: Rillaboom|45\/100|[from] Grassy Terrain\n|-heal|p2a: Kingambit|54\/100|[from] Grassy Terrain\n|upkeep\n|turn|8\n|j| michael1vgc\n|inactive|chaddiestchad has 30 seconds left.\n|inactive|rough Pult has 30 seconds left.\n|j| epschrad\n|\n|t:|1726771039\n|switch|p1a: Tyranitar|Tyranitar, L50, F, tera:Flying|45\/100\n|move|p2b: Rillaboom|Grassy Glide|p1a: Tyranitar\n|-resisted|p1a: Tyranitar\n|-damage|p1a: Tyranitar|29\/100\n|move|p1b: Gholdengo|Shadow Ball|p2a: Kingambit\n|-supereffective|p2a: Kingambit\n|-damage|p2a: Kingambit|0 fnt\n|faint|p2a: Kingambit\n|\n|-weather|none\n|-heal|p1b: Gholdengo|65\/100|[from] Grassy Terrain\n|-heal|p2b: Rillaboom|51\/100|[from] Grassy Terrain\n|-fieldend|move: Grassy Terrain\n|upkeep\n|turn|9\n|j| RNGFallen\n|l| michael1vgc\n|j| michael1vgc\n|-message|rough Pult forfeited.\n|\n|win|chaddiestchad\n|raw|chaddiestchad's rating: 1705 &rarr; <strong>1730<\/strong><br \/>(+25 for winning)\n|raw|rough Pult's rating: 1800 &rarr; <strong>1775<\/strong><br \/>(-25 for losing)\n|l|\u2606rough Pult\n|player|p2|\n|l| michael1vgc\n|l|\u2606chaddiestchad\n|player|p1|\n|l| mr pogostick\n|l| RNGFallen\n","uploadtime":1726771286,"views":28,"formatid":"gen9vgc2024regh","rating":1730,"private":0,"password":null}