{"id":"gen9vgc2024regh-2205545796","format":"[Gen 9] VGC 2024 Reg H","players":["roykeenkennedy","pmawarrior"],"log":"|j|\u2606roykeenkennedy\n|j|\u2606pmawarrior\n|t:|1726798834\n|gametype|doubles\n|player|p1|roykeenkennedy|alder|1770\n|player|p2|pmawarrior|102|1804\n|teamsize|p1|6\n|teamsize|p2|6\n|gen|9\n|tier|[Gen 9] VGC 2024 Reg H\n|rated|\n|rule|Species Clause: Limit one of each Pok\u00e9mon\n|rule|Item Clause: Limit 1 of each item\n|clearpoke\n|poke|p1|Salamence, L50, M|\n|poke|p1|Incineroar, L50, F|\n|poke|p1|Weezing, L50, F|\n|poke|p1|Dragapult, L50, M|\n|poke|p1|Ursaluna-Bloodmoon, L50, M|\n|poke|p1|Primarina, L50, M|\n|poke|p2|Annihilape, L50, F|\n|poke|p2|Maushold-Four, L50|\n|poke|p2|Dondozo, L50, F|\n|poke|p2|Tatsugiri, L50, F|\n|poke|p2|Glimmora, L50, M|\n|poke|p2|Dragonite, L50, M|\n|teampreview|4\n|j| fishle\n|\n|t:|1726798863\n|start\n|switch|p1a: Salamence|Salamence, L50, M|100\/100\n|switch|p1b: Dragapult|Dragapult, L50, M|100\/100\n|switch|p2a: Glimmora|Glimmora, L50, M|100\/100\n|switch|p2b: Annihilape|Annihilape, L50, F|100\/100\n|turn|1\n|j| Samevgcmons\n|\n|t:|1726798904\n|switch|p1a: Weezing|Weezing, L50, F|100\/100\n|-ability|p1a: Weezing|Neutralizing Gas\n|switch|p2a: Dondozo|Dondozo, L50, F|100\/100\n|switch|p2b: Tatsugiri|Tatsugiri, L50, F|100\/100\n|-terastallize|p1b: Dragapult|Ghost\n|move|p1b: Dragapult|Tera Blast|p2a: Dondozo|[anim] Tera Blast Ghost\n|-damage|p2a: Dondozo|42\/100\n|\n|upkeep\n|turn|2\n|\n|t:|1726798933\n|move|p2b: Tatsugiri|Protect|p2b: Tatsugiri\n|-singleturn|p2b: Tatsugiri|Protect\n|move|p2a: Dondozo|Protect|p2a: Dondozo\n|-singleturn|p2a: Dondozo|Protect\n|move|p1a: Weezing|Protect|p1a: Weezing\n|-singleturn|p1a: Weezing|Protect\n|move|p1b: Dragapult|Tera Blast|p2b: Tatsugiri|[anim] Tera Blast Ghost\n|-activate|p2b: Tatsugiri|move: Protect\n|\n|upkeep\n|turn|3\n|\n|t:|1726798956\n|move|p1b: Dragapult|Tera Blast|p2a: Dondozo|[anim] Tera Blast Ghost\n|-damage|p2a: Dondozo|0 fnt\n|faint|p2a: Dondozo\n|move|p2b: Tatsugiri|Draco Meteor|p1b: Dragapult\n|-damage|p1b: Dragapult|0 fnt\n|-unboost|p2b: Tatsugiri|spa|2\n|faint|p1b: Dragapult\n|-damage|p2b: Tatsugiri|91\/100|[from] item: Life Orb\n|move|p1a: Weezing|Sludge Bomb|p2b: Tatsugiri\n|-damage|p2b: Tatsugiri|51\/100\n|\n|upkeep\n|\n|t:|1726798970\n|switch|p1b: Salamence|Salamence, L50, M|100\/100\n|switch|p2a: Glimmora|Glimmora, L50, M|100\/100\n|turn|4\n|\n|t:|1726798995\n|-end|p1a: Weezing|ability: Neutralizing Gas\n|switch|p1a: Incineroar|Incineroar, L50, F|100\/100\n|-ability|p1a: Incineroar|Intimidate|boost\n|-unboost|p2a: Glimmora|atk|1\n|-unboost|p2b: Tatsugiri|atk|1\n|-terastallize|p2a: Glimmora|Ground\n|move|p1b: Salamence|Breaking Swipe|p2b: Tatsugiri|[spread] p2a,p2b\n|-supereffective|p2b: Tatsugiri\n|-crit|p2b: Tatsugiri\n|-damage|p2a: Glimmora|66\/100\n|-damage|p2b: Tatsugiri|0 fnt\n|-unboost|p2a: Glimmora|atk|1\n|-activate|p2a: Glimmora|ability: Toxic Debris\n|-sidestart|p1: roykeenkennedy|move: Toxic Spikes\n|faint|p2b: Tatsugiri\n|-ability|p1b: Salamence|Moxie|boost\n|-boost|p1b: Salamence|atk|1\n|move|p2a: Glimmora|Earth Power|p1a: Incineroar\n|-supereffective|p1a: Incineroar\n|-damage|p1a: Incineroar|29\/100\n|-unboost|p1a: Incineroar|spd|1\n|\n|upkeep\n|\n|t:|1726799001\n|switch|p2b: Annihilape|Annihilape, L50, F|100\/100\n|turn|5\n|j| epschrad\n|\n|t:|1726799021\n|switch|p1a: Weezing|Weezing, L50, F|100\/100\n|-ability|p1a: Weezing|Neutralizing Gas\n|-sideend|p1: roykeenkennedy|move: Toxic Spikes|[of] p1a: Weezing\n|move|p2a: Glimmora|Spiky Shield|p2a: Glimmora\n|-singleturn|p2a: Glimmora|move: Protect\n|move|p1b: Salamence|Breaking Swipe|p2a: Glimmora|[spread] p2b\n|-activate|p2a: Glimmora|move: Protect\n|-damage|p1b: Salamence|88\/100|[from] Spiky Shield|[of] p2a: Glimmora\n|-damage|p2b: Annihilape|60\/100\n|-unboost|p2b: Annihilape|atk|1\n|move|p2b: Annihilape|Drain Punch|p1a: Weezing\n|-resisted|p1a: Weezing\n|-damage|p1a: Weezing|91\/100\n|-heal|p2b: Annihilape|63\/100|[from] drain|[of] p1a: Weezing\n|\n|-heal|p1a: Weezing|97\/100|[from] item: Leftovers\n|upkeep\n|turn|6\n|\n|t:|1726799052\n|move|p1b: Salamence|Breaking Swipe|p2a: Glimmora|[spread] p2a,p2b\n|-damage|p2a: Glimmora|17\/100\n|-damage|p2b: Annihilape|27\/100\n|-unboost|p2a: Glimmora|atk|1\n|-unboost|p2b: Annihilape|atk|1\n|move|p2a: Glimmora|Sludge Bomb|p1b: Salamence\n|-damage|p1b: Salamence|31\/100\n|move|p2b: Annihilape|Rage Fist|p1b: Salamence\n|-damage|p1b: Salamence|0 fnt\n|faint|p1b: Salamence\n|move|p1a: Weezing|Sludge Bomb|p2a: Glimmora\n|-resisted|p2a: Glimmora\n|-damage|p2a: Glimmora|0 fnt\n|faint|p2a: Glimmora\n|\n|-heal|p1a: Weezing|100\/100|[from] item: Leftovers\n|upkeep\n|\n|t:|1726799070\n|switch|p1b: Incineroar|Incineroar, L50, F|29\/100\n|-ability|p1b: Incineroar|Intimidate|boost\n|-unboost|p2b: Annihilape|atk|1\n|turn|7\n|\n|t:|1726799080\n|move|p2b: Annihilape|Drain Punch|p1b: Incineroar\n|-supereffective|p1b: Incineroar\n|-damage|p1b: Incineroar|2\/100\n|-heal|p2b: Annihilape|40\/100|[from] drain|[of] p1b: Incineroar\n|move|p1a: Weezing|Will-O-Wisp|p2b: Annihilape\n|-status|p2b: Annihilape|brn\n|move|p1b: Incineroar|Flare Blitz|p2b: Annihilape\n|-damage|p2b: Annihilape|0 fnt\n|faint|p2b: Annihilape\n|-damage|p1b: Incineroar|0 fnt|[from] Recoil\n|faint|p1b: Incineroar\n|\n|win|roykeenkennedy\n|raw|roykeenkennedy's rating: 1770 &rarr; <strong>1792<\/strong><br \/>(+22 for winning)\n|raw|pmawarrior's rating: 1804 &rarr; <strong>1782<\/strong><br \/>(-22 for losing)\n|l|\u2606pmawarrior\n|player|p2|\n|l| Samevgcmons\n|l| fishle\n|l|\u2606roykeenkennedy\n|player|p1|\n|l| epschrad\n","uploadtime":1726799274,"views":177,"formatid":"gen9vgc2024regh","rating":1782,"private":0,"password":null}