{"id":"gen9vgc2024regh-2205397257","format":"[Gen 9] VGC 2024 Reg H","players":["Zordor","roykeenkennedy"],"log":"|j|\u2606Zordor\n|j|\u2606roykeenkennedy\n|t:|1726781738\n|gametype|doubles\n|player|p1|Zordor|pilot|1748\n|player|p2|roykeenkennedy|alder|1730\n|teamsize|p1|6\n|teamsize|p2|6\n|gen|9\n|tier|[Gen 9] VGC 2024 Reg H\n|rated|\n|rule|Species Clause: Limit one of each Pok\u00e9mon\n|rule|Item Clause: Limit 1 of each item\n|clearpoke\n|poke|p1|Rotom-Wash, L50|\n|poke|p1|Sneasler, L50, F|\n|poke|p1|Kingambit, L50, F|\n|poke|p1|Venusaur, L50, M|\n|poke|p1|Armarouge, L50, F|\n|poke|p1|Dragapult, L50, F|\n|poke|p2|Salamence, L50, F|\n|poke|p2|Incineroar, L50, F|\n|poke|p2|Weezing, L50, M|\n|poke|p2|Dragapult, L50, M|\n|poke|p2|Ursaluna-Bloodmoon, L50, M|\n|poke|p2|Primarina, L50, M|\n|teampreview|4\n|\n|t:|1726781781\n|start\n|switch|p1a: Armarouge|Armarouge, L50, F|100\/100\n|switch|p1b: Rotom|Rotom-Wash, L50|100\/100\n|switch|p2a: Weezing|Weezing, L50, M|100\/100\n|switch|p2b: Salamence|Salamence, L50, F|100\/100\n|-ability|p2a: Weezing|Neutralizing Gas\n|turn|1\n|\n|t:|1726781800\n|move|p2a: Weezing|Protect|p2a: Weezing\n|-singleturn|p2a: Weezing|Protect\n|move|p2b: Salamence|Rock Slide|p1b: Rotom|[spread] p1a,p1b\n|-supereffective|p1a: Armarouge\n|-crit|p1a: Armarouge\n|-damage|p1a: Armarouge|31\/100\n|-damage|p1b: Rotom|78\/100\n|-enditem|p1a: Armarouge|Sitrus Berry|[eat]\n|-heal|p1a: Armarouge|56\/100|[from] item: Sitrus Berry\n|move|p1b: Rotom|Will-O-Wisp|p2b: Salamence\n|-status|p2b: Salamence|brn\n|move|p1a: Armarouge|Psyshock|p2a: Weezing\n|-activate|p2a: Weezing|move: Protect\n|\n|-damage|p2b: Salamence|95\/100 brn|[from] brn\n|upkeep\n|turn|2\n|j| txxhey01\n|\n|t:|1726781819\n|-end|p2a: Weezing|ability: Neutralizing Gas\n|switch|p2a: Incineroar|Incineroar, L50, F|100\/100\n|-ability|p2a: Incineroar|Intimidate|boost\n|-unboost|p1a: Armarouge|atk|1\n|-unboost|p1b: Rotom|atk|1\n|move|p2b: Salamence|Rock Slide|p1b: Rotom|[spread] p1a,p1b\n|-supereffective|p1a: Armarouge\n|-damage|p1a: Armarouge|32\/100\n|-damage|p1b: Rotom|65\/100\n|move|p1b: Rotom|Electroweb|p2a: Incineroar|[spread] p2a,p2b\n|-damage|p2a: Incineroar|90\/100\n|-damage|p2b: Salamence|76\/100 brn\n|-unboost|p2a: Incineroar|spe|1\n|-unboost|p2b: Salamence|spe|1\n|cant|p1a: Armarouge|flinch\n|\n|-damage|p2b: Salamence|70\/100 brn|[from] brn\n|upkeep\n|turn|3\n|\n|t:|1726781853\n|switch|p2b: Dragapult|Dragapult, L50, M|100\/100\n|switch|p1a: Venusaur|Venusaur, L50, M|100\/100\n|move|p2a: Incineroar|Fake Out|p1a: Venusaur\n|-damage|p1a: Venusaur|86\/100\n|move|p1b: Rotom|Hydro Pump|p2a: Incineroar\n|-supereffective|p2a: Incineroar\n|-damage|p2a: Incineroar|32\/100\n|\n|-heal|p1a: Venusaur|93\/100|[from] item: Leftovers\n|upkeep\n|turn|4\n|\n|t:|1726781905\n|switch|p2a: Salamence|Salamence, L50, F|70\/100 brn\n|-terastallize|p2b: Dragapult|Ghost\n|-terastallize|p1b: Rotom|Steel\n|move|p2b: Dragapult|Tera Blast|p1b: Rotom|[anim] Tera Blast Ghost\n|-damage|p1b: Rotom|0 fnt\n|faint|p1b: Rotom\n|move|p1a: Venusaur|Earth Power|p2a: Salamence\n|-immune|p2a: Salamence\n|\n|-heal|p1a: Venusaur|99\/100|[from] item: Leftovers\n|-damage|p2a: Salamence|64\/100 brn|[from] brn\n|upkeep\n|\n|t:|1726781917\n|switch|p1b: Sneasler|Sneasler, L50, F|100\/100\n|turn|5\n|\n|t:|1726781933\n|move|p1b: Sneasler|Protect|p1b: Sneasler\n|-singleturn|p1b: Sneasler|Protect\n|move|p2a: Salamence|Breaking Swipe|p1b: Sneasler|[spread] p1a\n|-activate|p1b: Sneasler|move: Protect\n|-damage|p1a: Venusaur|85\/100\n|-unboost|p1a: Venusaur|atk|1\n|move|p2b: Dragapult|Tera Blast|p1a: Venusaur|[anim] Tera Blast Ghost\n|-damage|p1a: Venusaur|0 fnt\n|faint|p1a: Venusaur\n|\n|-damage|p2a: Salamence|59\/100 brn|[from] brn\n|upkeep\n|\n|t:|1726781942\n|switch|p1a: Armarouge|Armarouge, L50, F|32\/100\n|turn|6\n|\n|t:|1726781951\n|move|p1a: Armarouge|Protect|p1a: Armarouge\n|-singleturn|p1a: Armarouge|Protect\n|move|p2a: Salamence|Breaking Swipe|p1a: Armarouge|[spread] p1b\n|-activate|p1a: Armarouge|move: Protect\n|-damage|p1b: Sneasler|79\/100\n|-unboost|p1b: Sneasler|atk|1\n|move|p2b: Dragapult|Tera Blast|p1b: Sneasler|[anim] Tera Blast Ghost\n|-damage|p1b: Sneasler|0 fnt\n|faint|p1b: Sneasler\n|\n|-damage|p2a: Salamence|53\/100 brn|[from] brn\n|upkeep\n|turn|7\n|-message|Zordor forfeited.\n|\n|win|roykeenkennedy\n|raw|Zordor's rating: 1748 &rarr; <strong>1727<\/strong><br \/>(-21 for losing)\n|raw|roykeenkennedy's rating: 1730 &rarr; <strong>1751<\/strong><br \/>(+21 for winning)\n|l|\u2606Zordor\n|player|p1|\n|l|\u2606roykeenkennedy\n|player|p2|\n","uploadtime":1726782114,"views":179,"formatid":"gen9vgc2024regh","rating":1727,"private":0,"password":null}