{"id":"gen9vgc2024regh-2206540354","format":"[Gen 9] VGC 2024 Reg H","players":["Nuovi Amici","high nyoom"],"log":"|j|\u2606Nuovi Amici\n|j|\u2606high nyoom\n|t:|1726927898\n|gametype|doubles\n|player|p1|Nuovi Amici|unknown|1709\n|player|p2|high nyoom|schoolkid|1692\n|teamsize|p1|6\n|teamsize|p2|6\n|gen|9\n|tier|[Gen 9] VGC 2024 Reg H\n|rated|\n|rule|Species Clause: Limit one of each Pok\u00e9mon\n|rule|Item Clause: Limit 1 of each item\n|clearpoke\n|poke|p1|Typhlosion-Hisui, L50, F|\n|poke|p1|Whimsicott, L50, M|\n|poke|p1|Farigiraf, L50, M|\n|poke|p1|Ursaluna-Bloodmoon, L50, M|\n|poke|p1|Annihilape, L50, M|\n|poke|p1|Maushold-Four, L50|\n|poke|p2|Archaludon, L50, M|\n|poke|p2|Pelipper, L50, M|\n|poke|p2|Gholdengo, L50|\n|poke|p2|Amoonguss, L50, F|\n|poke|p2|Grimmsnarl, L50, M|\n|poke|p2|Gallade, L50, M|\n|teampreview|4\n|inactive|Battle timer is ON: inactive players will automatically lose when time's up. (requested by Nuovi Amici)\n|inactive|high nyoom has 60 seconds left.\n|\n|t:|1726927946\n|start\n|switch|p1a: Typhlosion|Typhlosion-Hisui, L50, F|100\/100\n|switch|p1b: Whimsicott|Whimsicott, L50, M, shiny|100\/100\n|switch|p2a: Grimmsnarl|Grimmsnarl, L50, M|100\/100\n|switch|p2b: Gholdengo|Gholdengo, L50|100\/100\n|-item|p2a: Grimmsnarl|Light Clay|[from] ability: Frisk|[of] p1a: Typhlosion\n|-item|p2b: Gholdengo|Leftovers|[from] ability: Frisk|[of] p1a: Typhlosion\n|turn|1\n|\n|t:|1726927968\n|-terastallize|p1a: Typhlosion|Fire\n|-terastallize|p2b: Gholdengo|Dragon\n|move|p2a: Grimmsnarl|Thunder Wave|p1a: Typhlosion\n|-status|p1a: Typhlosion|par\n|move|p1b: Whimsicott|Moonblast|p2b: Gholdengo\n|-supereffective|p2b: Gholdengo\n|-damage|p2b: Gholdengo|26\/100\n|-unboost|p2b: Gholdengo|spa|1\n|move|p2b: Gholdengo|Shadow Ball|p1a: Typhlosion\n|-damage|p1a: Typhlosion|62\/100 par\n|move|p1a: Typhlosion|Eruption|p2b: Gholdengo|[spread] p2a,p2b\n|-resisted|p2b: Gholdengo\n|-damage|p2a: Grimmsnarl|42\/100\n|-damage|p2b: Gholdengo|0 fnt\n|faint|p2b: Gholdengo\n|\n|upkeep\n|j| lori Kitahara\n|\n|t:|1726927985\n|switch|p2b: Pelipper|Pelipper, L50, M|100\/100\n|-weather|RainDance|[from] ability: Drizzle|[of] p2b: Pelipper\n|turn|2\n|\n|t:|1726928001\n|move|p1b: Whimsicott|Sunny Day|p1b: Whimsicott\n|-weather|SunnyDay\n|move|p2a: Grimmsnarl|Light Screen|p2a: Grimmsnarl\n|-sidestart|p2: high nyoom|move: Light Screen\n|move|p2b: Pelipper|Weather Ball|p1a: Typhlosion\n|-resisted|p1a: Typhlosion\n|-damage|p1a: Typhlosion|32\/100 par\n|cant|p1a: Typhlosion|par\n|\n|-weather|SunnyDay|[upkeep]\n|upkeep\n|turn|3\n|\n|t:|1726928014\n|move|p2b: Pelipper|Protect|p2b: Pelipper\n|-singleturn|p2b: Pelipper|Protect\n|move|p2a: Grimmsnarl|Thunder Wave|p1b: Whimsicott\n|-status|p1b: Whimsicott|par\n|move|p1b: Whimsicott|Moonblast|p2a: Grimmsnarl\n|-supereffective|p2a: Grimmsnarl\n|-damage|p2a: Grimmsnarl|0 fnt\n|faint|p2a: Grimmsnarl\n|move|p1a: Typhlosion|Eruption|p2b: Pelipper\n|-activate|p2b: Pelipper|move: Protect\n|\n|-weather|SunnyDay|[upkeep]\n|upkeep\n|\n|t:|1726928017\n|switch|p2a: Archaludon|Archaludon, L50, M, shiny|100\/100\n|turn|4\n|\n|t:|1726928027\n|move|p1b: Whimsicott|Encore|p2b: Pelipper\n|-start|p2b: Pelipper|Encore\n|move|p2b: Pelipper|Protect||[still]\n|-fail|p2b: Pelipper\n|move|p2a: Archaludon|Body Press|p1a: Typhlosion\n|-damage|p1a: Typhlosion|0 fnt\n|faint|p1a: Typhlosion\n|\n|-weather|SunnyDay|[upkeep]\n|upkeep\n|\n|t:|1726928043\n|switch|p1a: Annihilape|Annihilape, L50, M, shiny|100\/100\n|turn|5\n|\n|t:|1726928064\n|move|p2b: Pelipper|Protect|p2b: Pelipper\n|-singleturn|p2b: Pelipper|Protect\n|cant|p1b: Whimsicott|par\n|move|p1a: Annihilape|Bulk Up|p1a: Annihilape\n|-boost|p1a: Annihilape|atk|1\n|-boost|p1a: Annihilape|def|1\n|move|p2a: Archaludon|Draco Meteor|p1a: Annihilape\n|-damage|p1a: Annihilape|52\/100\n|-unboost|p2a: Archaludon|spa|2\n|\n|-weather|SunnyDay|[upkeep]\n|upkeep\n|turn|6\n|j| Hjtl\n|\n|t:|1726928078\n|move|p2b: Pelipper|Protect||[still]\n|-fail|p2b: Pelipper\n|move|p1a: Annihilape|Rage Fist|p2b: Pelipper\n|-damage|p2b: Pelipper|9\/100\n|move|p2a: Archaludon|Draco Meteor|p1a: Annihilape\n|-damage|p1a: Annihilape|30\/100\n|-unboost|p2a: Archaludon|spa|2\n|-enditem|p1a: Annihilape|Sitrus Berry|[eat]\n|-heal|p1a: Annihilape|55\/100|[from] item: Sitrus Berry\n|move|p1b: Whimsicott|Moonblast|p2b: Pelipper\n|-damage|p2b: Pelipper|0 fnt\n|faint|p2b: Pelipper\n|\n|-weather|none\n|upkeep\n|turn|7\n|-message|high nyoom forfeited.\n|\n|win|Nuovi Amici\n|raw|Nuovi Amici's rating: 1709 &rarr; <strong>1728<\/strong><br \/>(+19 for winning)\n|raw|high nyoom's rating: 1692 &rarr; <strong>1673<\/strong><br \/>(-19 for losing)\n|l|\u2606high nyoom\n|player|p2|\n|l|\u2606Nuovi Amici\n|player|p1|\n|l| Hjtl\n","uploadtime":1726928333,"views":31,"formatid":"gen9vgc2024regh","rating":1673,"private":0,"password":null}