{"id":"gen9vgc2024regh-2206334565","format":"[Gen 9] VGC 2024 Reg H","players":["Zessozessozesso","kojimuranishi"],"log":"|j|\u2606Zessozessozesso\n|j|\u2606kojimuranishi\n|t:|1726892898\n|gametype|doubles\n|player|p1|Zessozessozesso|2|1686\n|player|p2|kojimuranishi|2|1786\n|teamsize|p1|6\n|teamsize|p2|6\n|gen|9\n|tier|[Gen 9] VGC 2024 Reg H\n|rated|\n|rule|Species Clause: Limit one of each Pok\u00e9mon\n|rule|Item Clause: Limit 1 of each item\n|clearpoke\n|poke|p1|Indeedee-F, L50, F|\n|poke|p1|Basculegion, L50, M|\n|poke|p1|Pelipper, L50, F|\n|poke|p1|Archaludon, L50, M|\n|poke|p1|Maushold, L50|\n|poke|p1|Annihilape, L50, M|\n|poke|p2|Ursaluna-Bloodmoon, L50, M|\n|poke|p2|Amoonguss, L50, F|\n|poke|p2|Incineroar, L50, F|\n|poke|p2|Archaludon, L50, M|\n|poke|p2|Pelipper, L50, F|\n|poke|p2|Whimsicott, L50, M|\n|teampreview|4\n|inactive|Battle timer is ON: inactive players will automatically lose when time's up. (requested by Zessozessozesso)\n|inactive|Zessozessozesso has 60 seconds left.\n|\n|t:|1726892954\n|start\n|switch|p1a: Indeedee|Indeedee-F, L50, F|100\/100\n|switch|p1b: Basculegion|Basculegion, L50, M|100\/100\n|switch|p2a: Whimsicott|Whimsicott, L50, M|100\/100\n|switch|p2b: Archaludon|Archaludon, L50, M|100\/100\n|-fieldstart|move: Psychic Terrain|[from] ability: Psychic Surge|[of] p1a: Indeedee\n|-enditem|p1a: Indeedee|Psychic Seed\n|-boost|p1a: Indeedee|spd|1|[from] item: Psychic Seed\n|turn|1\n|inactive|Zessozessozesso has 30 seconds left.\n|inactive|kojimuranishi has 30 seconds left.\n|inactive|Zessozessozesso has 20 seconds left.\n|\n|t:|1726892990\n|move|p1a: Indeedee|Follow Me|p1a: Indeedee\n|-singleturn|p1a: Indeedee|move: Follow Me\n|move|p2a: Whimsicott|Moonblast|p1a: Indeedee\n|-damage|p1a: Indeedee|73\/100\n|move|p2b: Archaludon|Draco Meteor|p1a: Indeedee\n|-damage|p1a: Indeedee|6\/100\n|-unboost|p2b: Archaludon|spa|2\n|move|p1b: Basculegion|Flip Turn|p2a: Whimsicott\n|-resisted|p2a: Whimsicott\n|-damage|p2a: Whimsicott|67\/100\n|\n|t:|1726893006\n|switch|p1b: Maushold|Maushold, L50|100\/100|[from] Flip Turn\n|\n|upkeep\n|turn|2\n|\n|t:|1726893024\n|switch|p2b: Incineroar|Incineroar, L50, F|100\/100\n|-ability|p2b: Incineroar|Intimidate|boost\n|-unboost|p1a: Indeedee|atk|1\n|-unboost|p1b: Maushold|atk|1\n|move|p2a: Whimsicott|Protect|p2a: Whimsicott\n|-singleturn|p2a: Whimsicott|Protect\n|move|p1b: Maushold|Population Bomb|p2a: Whimsicott\n|-activate|p2a: Whimsicott|move: Protect\n|move|p1a: Indeedee|Psychic|p2a: Whimsicott\n|-activate|p2a: Whimsicott|move: Protect\n|\n|upkeep\n|turn|3\n|inactive|Zessozessozesso has 30 seconds left.\n|inactive|kojimuranishi has 30 seconds left.\n|inactive|kojimuranishi has 20 seconds left.\n|inactive|kojimuranishi has 15 seconds left.\n|inactive|kojimuranishi has 10 seconds left.\n|\n|t:|1726893069\n|switch|p2a: Archaludon|Archaludon, L50, M|100\/100\n|switch|p1a: Basculegion|Basculegion, L50, M|100\/100\n|move|p1b: Maushold|Taunt|p2a: Archaludon\n|-start|p2a: Archaludon|move: Taunt\n|move|p2b: Incineroar|Snarl|p1b: Maushold|[spread] p1a,p1b\n|-supereffective|p1a: Basculegion\n|-damage|p1a: Basculegion|82\/100\n|-damage|p1b: Maushold|87\/100\n|-unboost|p1a: Basculegion|spa|1\n|-unboost|p1b: Maushold|spa|1\n|\n|upkeep\n|turn|4\n|inactive|Zessozessozesso has 30 seconds left.\n|inactive|kojimuranishi has 30 seconds left.\n|inactive|Zessozessozesso has 20 seconds left.\n|inactive|Zessozessozesso has 15 seconds left.\n|inactive|Zessozessozesso has 10 seconds left.\n|\n|t:|1726893117\n|-terastallize|p1a: Basculegion|Water\n|-terastallize|p2b: Incineroar|Grass\n|move|p1b: Maushold|Population Bomb|p2b: Incineroar\n|-damage|p2b: Incineroar|96\/100\n|-damage|p2b: Incineroar|91\/100\n|-damage|p2b: Incineroar|87\/100\n|-damage|p2b: Incineroar|82\/100\n|-damage|p2b: Incineroar|78\/100\n|-damage|p2b: Incineroar|73\/100\n|-damage|p2b: Incineroar|69\/100\n|-damage|p2b: Incineroar|64\/100\n|-damage|p2b: Incineroar|60\/100\n|-damage|p2b: Incineroar|55\/100\n|-hitcount|p2b: Incineroar|10\n|move|p2a: Archaludon|Draco Meteor|p1a: Basculegion\n|-damage|p1a: Basculegion|0 fnt\n|-unboost|p2a: Archaludon|spa|2\n|faint|p1a: Basculegion\n|move|p2b: Incineroar|Will-O-Wisp|p1b: Maushold\n|-status|p1b: Maushold|brn\n|\n|-damage|p1b: Maushold|80\/100 brn|[from] brn\n|upkeep\n|\n|t:|1726893133\n|switch|p1a: Annihilape|Annihilape, L50, M|100\/100\n|turn|5\n|inactive|Zessozessozesso has 30 seconds left.\n|inactive|kojimuranishi has 30 seconds left.\n|inactive|Zessozessozesso has 20 seconds left.\n|\n|t:|1726893169\n|move|p1b: Maushold|Taunt|p2b: Incineroar\n|-start|p2b: Incineroar|move: Taunt\n|move|p1a: Annihilape|Drain Punch|p2a: Archaludon\n|-supereffective|p2a: Archaludon\n|-damage|p2a: Archaludon|34\/100\n|move|p2a: Archaludon|Draco Meteor|p1b: Maushold\n|-damage|p1b: Maushold|11\/100 brn\n|-unboost|p2a: Archaludon|spa|2\n|move|p2b: Incineroar|Knock Off|p1a: Annihilape\n|-damage|p1a: Annihilape|73\/100\n|-enditem|p1a: Annihilape|Safety Goggles|[from] move: Knock Off|[of] p2b: Incineroar\n|\n|-damage|p1b: Maushold|5\/100 brn|[from] brn\n|-end|p2a: Archaludon|move: Taunt\n|-fieldend|move: Psychic Terrain\n|upkeep\n|turn|6\n|inactive|Zessozessozesso has 30 seconds left.\n|\n|t:|1726893203\n|move|p1b: Maushold|Population Bomb|p2a: Archaludon\n|-resisted|p2a: Archaludon\n|-damage|p2a: Archaludon|33\/100\n|-resisted|p2a: Archaludon\n|-damage|p2a: Archaludon|33\/100\n|-resisted|p2a: Archaludon\n|-damage|p2a: Archaludon|32\/100\n|-resisted|p2a: Archaludon\n|-damage|p2a: Archaludon|31\/100\n|-resisted|p2a: Archaludon\n|-damage|p2a: Archaludon|31\/100\n|-resisted|p2a: Archaludon\n|-damage|p2a: Archaludon|30\/100\n|-resisted|p2a: Archaludon\n|-damage|p2a: Archaludon|30\/100\n|-resisted|p2a: Archaludon\n|-damage|p2a: Archaludon|29\/100\n|-resisted|p2a: Archaludon\n|-damage|p2a: Archaludon|28\/100\n|-resisted|p2a: Archaludon\n|-damage|p2a: Archaludon|28\/100\n|-hitcount|p2a: Archaludon|10\n|move|p1a: Annihilape|Rage Fist|p2a: Archaludon\n|-damage|p2a: Archaludon|0 fnt\n|faint|p2a: Archaludon\n|move|p2b: Incineroar|Flare Blitz|p1a: Annihilape\n|-damage|p1a: Annihilape|36\/100\n|-damage|p2b: Incineroar|43\/100|[from] Recoil\n|-enditem|p2b: Incineroar|Sitrus Berry|[eat]\n|-heal|p2b: Incineroar|68\/100|[from] item: Sitrus Berry\n|\n|-damage|p1b: Maushold|0 fnt|[from] brn\n|faint|p1b: Maushold\n|upkeep\n|inactive|kojimuranishi has 30 seconds left.\n|\n|t:|1726893235\n|switch|p1b: Indeedee|Indeedee-F, L50, F|6\/100\n|switch|p2a: Whimsicott|Whimsicott, L50, M|67\/100\n|-fieldstart|move: Psychic Terrain|[from] ability: Psychic Surge|[of] p1b: Indeedee\n|turn|7\n|inactive|Zessozessozesso has 30 seconds left.\n|\n|t:|1726893264\n|move|p1b: Indeedee|Follow Me|p1b: Indeedee\n|-singleturn|p1b: Indeedee|move: Follow Me\n|move|p2a: Whimsicott|Moonblast|p1b: Indeedee\n|-damage|p1b: Indeedee|0 fnt\n|faint|p1b: Indeedee\n|move|p1a: Annihilape|Rage Fist|p2a: Whimsicott\n|-damage|p2a: Whimsicott|0 fnt\n|faint|p2a: Whimsicott\n|move|p2b: Incineroar|Flare Blitz|p1a: Annihilape\n|-damage|p1a: Annihilape|0 fnt\n|faint|p1a: Annihilape\n|-damage|p2b: Incineroar|56\/100|[from] Recoil\n|\n|win|kojimuranishi\n|raw|Zessozessozesso's rating: 1686 &rarr; <strong>1672<\/strong><br \/>(-14 for losing)\n|raw|kojimuranishi's rating: 1786 &rarr; <strong>1800<\/strong><br \/>(+14 for winning)\n|l|\u2606Zessozessozesso\n|player|p1|\n|l|\u2606kojimuranishi\n|player|p2|\n","uploadtime":1726893416,"views":23,"formatid":"gen9vgc2024regh","rating":1672,"private":0,"password":null}