{"id":"gen9vgc2024regh-2206726702","format":"[Gen 9] VGC 2024 Reg H","players":["Arkalid","Nuovi Amici"],"log":"|j|\u2606Arkalid\n|j|\u2606Nuovi Amici\n|t:|1726947974\n|gametype|doubles\n|player|p1|Arkalid|101|1733\n|player|p2|Nuovi Amici|unknown|1719\n|teamsize|p1|6\n|teamsize|p2|6\n|gen|9\n|tier|[Gen 9] VGC 2024 Reg H\n|rated|\n|rule|Species Clause: Limit one of each Pok\u00e9mon\n|rule|Item Clause: Limit 1 of each item\n|clearpoke\n|poke|p1|Porygon2, L50|\n|poke|p1|Incineroar, L50, F|\n|poke|p1|Flamigo, L50, M|\n|poke|p1|Serperior, L50, F|\n|poke|p1|Ursaluna, L50, M|\n|poke|p1|Clefable, L50, F|\n|poke|p2|Typhlosion-Hisui, L50, M|\n|poke|p2|Whimsicott, L50, M|\n|poke|p2|Farigiraf, L50, F|\n|poke|p2|Ursaluna-Bloodmoon, L50, M|\n|poke|p2|Annihilape, L50, F|\n|poke|p2|Maushold-Four, L50|\n|teampreview|4\n|inactive|Battle timer is ON: inactive players will automatically lose when time's up. (requested by Nuovi Amici)\nArkalid has agreed to open team sheets.\nNuovi Amici rejected open team sheets.\n|inactive|Arkalid has 60 seconds left.\n|inactive|Arkalid has 30 seconds left.\n|inactive|Arkalid has 20 seconds left.\n|inactive|Arkalid has 15 seconds left.\n|inactive|Arkalid has 10 seconds left.\n|\n|t:|1726948058\n|start\n|switch|p1a: Flamigo|Flamigo, L50, M|100\/100\n|switch|p1b: Serperior|Serperior, L50, F|100\/100\n|switch|p2a: Typhlosion|Typhlosion-Hisui, L50, M|100\/100\n|switch|p2b: Farigiraf|Farigiraf, L50, F, shiny|100\/100\n|-item|p1a: Flamigo|Focus Sash|[from] ability: Frisk|[of] p2a: Typhlosion\n|-item|p1b: Serperior|Covert Cloak|[from] ability: Frisk|[of] p2a: Typhlosion\n|turn|1\n|\n|t:|1726948083\n|switch|p2a: Whimsicott|Whimsicott, L50, M, shiny|100\/100\n|-terastallize|p1b: Serperior|Water\n|move|p1a: Flamigo|Protect|p1a: Flamigo\n|-singleturn|p1a: Flamigo|Protect\n|move|p1b: Serperior|Light Screen|p1b: Serperior\n|-sidestart|p1: Arkalid|move: Light Screen\n|move|p2b: Farigiraf|Hyper Voice|p1a: Flamigo|[spread] p1b\n|-activate|p1a: Flamigo|move: Protect\n|-damage|p1b: Serperior|78\/100\n|-enditem|p2b: Farigiraf|Throat Spray\n|-boost|p2b: Farigiraf|spa|1|[from] item: Throat Spray\n|\n|upkeep\n|turn|2\n|\n|t:|1726948103\n|switch|p1a: Porygon2|Porygon2, L50|100\/100\n|-ability|p1a: Porygon2|Download|boost\n|-boost|p1a: Porygon2|atk|1\n|move|p2a: Whimsicott|Encore||[still]\n|-fail|p2a: Whimsicott\n|move|p1b: Serperior|Leaf Storm|p2b: Farigiraf\n|-damage|p2b: Farigiraf|67\/100\n|-boost|p1b: Serperior|spa|2\n|move|p2b: Farigiraf|Hyper Voice|p1a: Porygon2|[spread] p1a,p1b\n|-damage|p1a: Porygon2|81\/100\n|-damage|p1b: Serperior|45\/100\n|\n|upkeep\n|turn|3\n|inactive|Arkalid has 30 seconds left.\n|inactive|Nuovi Amici has 30 seconds left.\n|\n|t:|1726948136\n|move|p2b: Farigiraf|Protect|p2b: Farigiraf\n|-singleturn|p2b: Farigiraf|Protect\n|move|p2a: Whimsicott|Moonblast|p1b: Serperior\n|-damage|p1b: Serperior|20\/100\n|move|p1b: Serperior|Leaf Storm|p2b: Farigiraf\n|-activate|p2b: Farigiraf|move: Protect\n|move|p1a: Porygon2|Trick Room|p1a: Porygon2\n|-fieldstart|move: Trick Room|[of] p1a: Porygon2\n|\n|upkeep\n|turn|4\n|inactive|Arkalid has 30 seconds left.\n|inactive|Arkalid has 20 seconds left.\n|\n|t:|1726948172\n|switch|p1a: Ursaluna|Ursaluna, L50, M|100\/100\n|move|p2b: Farigiraf|Hyper Voice|p1b: Serperior|[spread] p1a,p1b\n|-damage|p1a: Ursaluna|74\/100\n|-damage|p1b: Serperior|0 fnt\n|faint|p1b: Serperior\n|move|p2a: Whimsicott|Moonblast|p1a: Ursaluna\n|-damage|p1a: Ursaluna|52\/100\n|-unboost|p1a: Ursaluna|spa|1\n|\n|-status|p1a: Ursaluna|brn|[from] item: Flame Orb\n|upkeep\n|\n|t:|1726948184\n|switch|p1b: Porygon2|Porygon2, L50|81\/100\n|-ability|p1b: Porygon2|Download|boost\n|-boost|p1b: Porygon2|atk|1\n|turn|5\n|inactive|Arkalid has 30 seconds left.\n|inactive|Nuovi Amici has 30 seconds left.\n|\n|t:|1726948216\n|switch|p1b: Flamigo|Flamigo, L50, M|100\/100\n|move|p2b: Farigiraf|Protect|p2b: Farigiraf\n|-singleturn|p2b: Farigiraf|Protect\n|move|p1a: Ursaluna|Earthquake|p2b: Farigiraf|[spread] p2a\n|-activate|p2b: Farigiraf|move: Protect\n|-immune|p1b: Flamigo\n|-resisted|p2a: Whimsicott\n|-damage|p2a: Whimsicott|50\/100\n|move|p2a: Whimsicott|Moonblast|p1a: Ursaluna\n|-damage|p1a: Ursaluna|32\/100 brn\n|-unboost|p1a: Ursaluna|spa|1\n|\n|-damage|p1a: Ursaluna|26\/100 brn|[from] brn\n|-sideend|p1: Arkalid|move: Light Screen\n|upkeep\n|turn|6\n|j| series9ine\n|inactive|Nuovi Amici has 30 seconds left.\n|\n|t:|1726948244\n|move|p1b: Flamigo|Protect|p1b: Flamigo\n|-singleturn|p1b: Flamigo|Protect\n|move|p2a: Whimsicott|Encore|p1a: Ursaluna\n|-start|p1a: Ursaluna|Encore\n|move|p1a: Ursaluna|Earthquake|p2a: Whimsicott|[spread] p2a,p2b\n|-activate|p1b: Flamigo|move: Protect\n|-resisted|p2a: Whimsicott\n|-damage|p2a: Whimsicott|0 fnt\n|-damage|p2b: Farigiraf|0 fnt\n|faint|p2a: Whimsicott\n|faint|p2b: Farigiraf\n|\n|-damage|p1a: Ursaluna|20\/100 brn|[from] brn\n|upkeep\n|\n|t:|1726948253\n|switch|p2b: Typhlosion|Typhlosion-Hisui, L50, M|100\/100\n|switch|p2a: Ursaluna|Ursaluna-Bloodmoon, L50, M|100\/100\n|-item|p1a: Ursaluna|Flame Orb|[from] ability: Frisk|[of] p2b: Typhlosion\n|-item|p1b: Flamigo|Focus Sash|[from] ability: Frisk|[of] p2b: Typhlosion\n|turn|7\n|\n|t:|1726948277\n|move|p1a: Ursaluna|Earthquake|p2b: Typhlosion|[spread] p2a,p2b\n|-immune|p1b: Flamigo\n|-supereffective|p2b: Typhlosion\n|-damage|p2a: Ursaluna|48\/100\n|-damage|p2b: Typhlosion|0 fnt\n|faint|p2b: Typhlosion\n|move|p2a: Ursaluna|Hyper Voice|p1a: Ursaluna|[spread] p1a,p1b\n|-damage|p1a: Ursaluna|0 fnt\n|-damage|p1b: Flamigo|18\/100\n|faint|p1a: Ursaluna\n|-damage|p2a: Ursaluna|39\/100|[from] item: Life Orb\n|move|p1b: Flamigo|Close Combat|p2a: Ursaluna\n|-supereffective|p2a: Ursaluna\n|-damage|p2a: Ursaluna|0 fnt\n|-unboost|p1b: Flamigo|def|1\n|-unboost|p1b: Flamigo|spd|1\n|faint|p2a: Ursaluna\n|\n|win|Arkalid\n|raw|Arkalid's rating: 1733 &rarr; <strong>1752<\/strong><br \/>(+19 for winning)\n|raw|Nuovi Amici's rating: 1719 &rarr; <strong>1700<\/strong><br \/>(-19 for losing)\n|l|\u2606Nuovi Amici\n|player|p2|\n","uploadtime":1726948294,"views":40,"formatid":"gen9vgc2024regh","rating":1700,"private":0,"password":null}