{"id":"gen9vgc2024regh-2206333536","format":"[Gen 9] VGC 2024 Reg H","players":["qiin5","tyuiop112"],"log":"|j|\u2606qiin5\n|j|\u2606tyuiop112\n|t:|1726892738\n|gametype|doubles\n|player|p1|qiin5|102|1733\n|player|p2|tyuiop112|265|1700\n|teamsize|p1|6\n|teamsize|p2|6\n|gen|9\n|tier|[Gen 9] VGC 2024 Reg H\n|rated|\n|rule|Species Clause: Limit one of each Pok\u00e9mon\n|rule|Item Clause: Limit 1 of each item\n|clearpoke\n|poke|p1|Archaludon, L50, F|\n|poke|p1|Kingambit, L50, F|\n|poke|p1|Amoonguss, L50, F|\n|poke|p1|Basculegion, L50, M|\n|poke|p1|Pelipper, L50, F|\n|poke|p1|Sneasler, L50, M|\n|poke|p2|Incineroar, L50, M|\n|poke|p2|Gallade, L50, M|\n|poke|p2|Dragonite, L50, F|\n|poke|p2|Gholdengo, L50|\n|poke|p2|Primarina, L50, M|\n|poke|p2|Electabuzz, L50, F|\n|teampreview|4\n|j| Lopez Family\n|\n|t:|1726892786\n|start\n|switch|p1a: Kingambit|Kingambit, L50, F|100\/100\n|switch|p1b: Sneasler|Sneasler, L50, M|100\/100\n|switch|p2a: Electabuzz|Electabuzz, L50, F|100\/100\n|switch|p2b: Primarina|Primarina, L50, M|100\/100\n|turn|1\n|\n|t:|1726892812\n|-terastallize|p1b: Sneasler|Stellar\n|move|p1b: Sneasler|Dire Claw|p2b: Primarina\n|-supereffective|p2b: Primarina\n|-damage|p2b: Primarina|0 fnt\n|faint|p2b: Primarina\n|move|p2a: Electabuzz|Thunder Wave|p1b: Sneasler\n|-status|p1b: Sneasler|par\n|move|p1a: Kingambit|Kowtow Cleave|p2a: Electabuzz\n|-damage|p2a: Electabuzz|57\/100\n|\n|upkeep\n|\n|t:|1726892825\n|switch|p2b: Gallade|Gallade, L50, M|100\/100\n|turn|2\n|\n|t:|1726892836\n|move|p1a: Kingambit|Protect|p1a: Kingambit\n|-singleturn|p1a: Kingambit|Protect\n|move|p2a: Electabuzz|Electroweb|p1b: Sneasler|[spread] p1b\n|-activate|p1a: Kingambit|move: Protect\n|-damage|p1b: Sneasler|76\/100 par\n|-unboost|p1b: Sneasler|spe|1\n|move|p2b: Gallade|Psycho Cut|p1b: Sneasler\n|-supereffective|p1b: Sneasler\n|-damage|p1b: Sneasler|0 fnt\n|faint|p1b: Sneasler\n|\n|upkeep\n|\n|t:|1726892849\n|switch|p1b: Pelipper|Pelipper, L50, F|100\/100\n|-weather|RainDance|[from] ability: Drizzle|[of] p1b: Pelipper\n|turn|3\n|\n|t:|1726892872\n|-terastallize|p2b: Gallade|Water\n|move|p1b: Pelipper|Wide Guard|p1b: Pelipper\n|-singleturn|p1b: Pelipper|Wide Guard\n|move|p1a: Kingambit|Sucker Punch|p2b: Gallade\n|-damage|p2b: Gallade|40\/100\n|move|p2a: Electabuzz|Electroweb|p1b: Pelipper|[spread] \n|-activate|p1a: Kingambit|move: Wide Guard\n|-activate|p1b: Pelipper|move: Wide Guard\n|move|p2b: Gallade|Sacred Sword|p1a: Kingambit\n|-supereffective|p1a: Kingambit\n|-damage|p1a: Kingambit|0 fnt\n|faint|p1a: Kingambit\n|\n|-weather|RainDance|[upkeep]\n|upkeep\n|\n|t:|1726892879\n|switch|p1a: Archaludon|Archaludon, L50, F|100\/100\n|turn|4\n|\n|t:|1726892904\n|move|p2a: Electabuzz|Follow Me|p2a: Electabuzz\n|-singleturn|p2a: Electabuzz|move: Follow Me\n|move|p1a: Archaludon|Electro Shot||[still]\n|-prepare|p1a: Archaludon|Electro Shot\n|-boost|p1a: Archaludon|spa|1\n|-anim|p1a: Archaludon|Electro Shot|p2a: Electabuzz\n|-resisted|p2a: Electabuzz\n|-damage|p2a: Electabuzz|33\/100\n|move|p2b: Gallade|Sacred Sword|p1a: Archaludon\n|-supereffective|p1a: Archaludon\n|-damage|p1a: Archaludon|0 fnt\n|faint|p1a: Archaludon\n|move|p1b: Pelipper|Tailwind|p1b: Pelipper\n|-sidestart|p1: qiin5|move: Tailwind\n|\n|-weather|RainDance|[upkeep]\n|upkeep\n|turn|5\n|-message|qiin5 forfeited.\n|\n|win|tyuiop112\n|raw|qiin5's rating: 1733 &rarr; <strong>1711<\/strong><br \/>(-22 for losing)\n|raw|tyuiop112's rating: 1700 &rarr; <strong>1722<\/strong><br \/>(+22 for winning)\n|l|\u2606qiin5\n|player|p1|\n|l| Lopez Family\n|l|\u2606tyuiop112\n|player|p2|\n","uploadtime":1726893140,"views":23,"formatid":"gen9vgc2024regh","rating":1711,"private":0,"password":null}