{"id":"gen9vgc2024regh-2206776865","format":"[Gen 9] VGC 2024 Reg H","players":["Nuovi Amici","BIO26R"],"log":"|j|\u2606Nuovi Amici\n|j|\u2606BIO26R\n|t:|1726953524\n|gametype|doubles\n|player|p1|Nuovi Amici|unknown|1731\n|player|p2|BIO26R|scientist|1642\n|teamsize|p1|6\n|teamsize|p2|6\n|gen|9\n|tier|[Gen 9] VGC 2024 Reg H\n|rated|\n|rule|Species Clause: Limit one of each Pok\u00e9mon\n|rule|Item Clause: Limit 1 of each item\n|clearpoke\n|poke|p1|Typhlosion-Hisui, L50, F|\n|poke|p1|Whimsicott, L50, M|\n|poke|p1|Farigiraf, L50, F|\n|poke|p1|Ursaluna-Bloodmoon, L50, M|\n|poke|p1|Annihilape, L50, M|\n|poke|p1|Maushold-Four, L50|\n|poke|p2|Amoonguss, L50, M|\n|poke|p2|Basculegion, L50, M|\n|poke|p2|Archaludon, L50, M|\n|poke|p2|Pelipper, L50, F|\n|poke|p2|Maushold, L50|\n|poke|p2|Incineroar, L50, M|\n|teampreview|4\n|inactive|Battle timer is ON: inactive players will automatically lose when time's up. (requested by Nuovi Amici)\n|inactive|BIO26R has 60 seconds left.\n|j| Fancy Cucudrula\n|inactive|BIO26R has 30 seconds left.\n|inactive|BIO26R has 20 seconds left.\n|inactive|BIO26R has 15 seconds left.\n|\n|t:|1726953602\n|start\n|switch|p1a: Whimsicott|Whimsicott, L50, M, shiny|100\/100\n|switch|p1b: Typhlosion|Typhlosion-Hisui, L50, F|100\/100\n|switch|p2a: Incineroar|Incineroar, L50, M|100\/100\n|switch|p2b: Pelipper|Pelipper, L50, F, shiny|100\/100\n|-item|p2a: Incineroar|Safety Goggles|[from] ability: Frisk|[of] p1b: Typhlosion\n|-item|p2b: Pelipper|Focus Sash|[from] ability: Frisk|[of] p1b: Typhlosion\n|-weather|RainDance|[from] ability: Drizzle|[of] p2b: Pelipper\n|-ability|p2a: Incineroar|Intimidate|boost\n|-unboost|p1a: Whimsicott|atk|1\n|-unboost|p1b: Typhlosion|atk|1\n|turn|1\n|l| Fancy Cucudrula\n|\n|t:|1726953626\n|switch|p1b: Ursaluna|Ursaluna-Bloodmoon, L50, M|100\/100\n|move|p1a: Whimsicott|Moonblast|p2b: Pelipper\n|-damage|p2b: Pelipper|34\/100\n|move|p2b: Pelipper|Tailwind|p2b: Pelipper\n|-sidestart|p2: BIO26R|move: Tailwind\n|move|p2a: Incineroar|Knock Off|p1b: Ursaluna\n|-damage|p1b: Ursaluna|63\/100\n|-enditem|p1b: Ursaluna|Life Orb|[from] move: Knock Off|[of] p2a: Incineroar\n|\n|-weather|RainDance|[upkeep]\n|upkeep\n|turn|2\n|inactive|BIO26R has 30 seconds left.\n|inactive|BIO26R has 20 seconds left.\n|inactive|BIO26R has 15 seconds left.\n|j| GraveRangerz\n|inactive|BIO26R has 10 seconds left.\n|\n|t:|1726953675\n|move|p1a: Whimsicott|Encore|p2b: Pelipper\n|-start|p2b: Pelipper|Encore\n|move|p2b: Pelipper|Tailwind||[still]\n|-fail|p2b: Pelipper\n|move|p2a: Incineroar|Parting Shot|p1b: Ursaluna\n|-unboost|p1b: Ursaluna|atk|1\n|-unboost|p1b: Ursaluna|spa|1\n|\n|t:|1726953680\n|switch|p2a: Archaludon|Archaludon, L50, M, shiny|100\/100|[from] Parting Shot\n|move|p1b: Ursaluna|Blood Moon|p2a: Archaludon\n|-resisted|p2a: Archaludon\n|-damage|p2a: Archaludon|80\/100\n|-ability|p2a: Archaludon|Stamina|boost\n|-boost|p2a: Archaludon|def|1\n|\n|-weather|RainDance|[upkeep]\n|upkeep\n|turn|3\n|\n|t:|1726953699\n|switch|p2b: Incineroar|Incineroar, L50, M|100\/100\n|-ability|p2b: Incineroar|Intimidate|boost\n|-unboost|p1a: Whimsicott|atk|1\n|-unboost|p1b: Ursaluna|atk|1\n|move|p1a: Whimsicott|Tailwind|p1a: Whimsicott\n|-sidestart|p1: Nuovi Amici|move: Tailwind\n|move|p2a: Archaludon|Body Press|p1b: Ursaluna\n|-supereffective|p1b: Ursaluna\n|-damage|p1b: Ursaluna|7\/100\n|move|p1b: Ursaluna|Earth Power|p2b: Incineroar\n|-supereffective|p2b: Incineroar\n|-damage|p2b: Incineroar|31\/100\n|\n|-weather|RainDance|[upkeep]\n|upkeep\n|turn|4\n|c|\u2606BIO26R|Nice pred\n|inactive|BIO26R has 30 seconds left.\n|c|\u2606Nuovi Amici|ty\n|inactive|BIO26R has 20 seconds left.\n|\n|t:|1726953735\n|move|p1a: Whimsicott|Encore|p2a: Archaludon\n|-start|p2a: Archaludon|Encore\n|move|p2a: Archaludon|Body Press|p1b: Ursaluna\n|-supereffective|p1b: Ursaluna\n|-damage|p1b: Ursaluna|0 fnt\n|faint|p1b: Ursaluna\n|move|p2b: Incineroar|Parting Shot|p1a: Whimsicott\n|-unboost|p1a: Whimsicott|atk|1\n|-unboost|p1a: Whimsicott|spa|1\n|\n|t:|1726953745\n|switch|p2b: Amoonguss|Amoonguss, L50, M|100\/100|[from] Parting Shot\n|\n|-weather|RainDance|[upkeep]\n|-sideend|p2: BIO26R|move: Tailwind\n|upkeep\n|\n|t:|1726953765\n|switch|p1b: Maushold|Maushold-Four, L50, shiny|100\/100\n|turn|5\n|l| GraveRangerz\n|inactive|Nuovi Amici has 30 seconds left.\n|\n|t:|1726953800\n|move|p1a: Whimsicott|Moonblast|p2a: Archaludon\n|-damage|p2a: Archaludon|61\/100\n|-ability|p2a: Archaludon|Stamina|boost\n|-boost|p2a: Archaludon|def|1\n|move|p1b: Maushold|Taunt|p2b: Amoonguss\n|-start|p2b: Amoonguss|move: Taunt\n|move|p2a: Archaludon|Body Press|p1b: Maushold\n|-supereffective|p1b: Maushold\n|-damage|p1b: Maushold|0 fnt\n|faint|p1b: Maushold\n|cant|p2b: Amoonguss|move: Taunt|Spore\n|\n|-weather|none\n|upkeep\n|\n|t:|1726953804\n|switch|p1b: Typhlosion|Typhlosion-Hisui, L50, F|100\/100\n|-item|p2a: Archaludon|Assault Vest|[from] ability: Frisk|[of] p1b: Typhlosion\n|-item|p2b: Amoonguss|Sitrus Berry|[from] ability: Frisk|[of] p1b: Typhlosion\n|turn|6\n|inactive|BIO26R has 30 seconds left.\n|\n|t:|1726953830\n|switch|p2a: Incineroar|Incineroar, L50, M|31\/100\n|-ability|p2a: Incineroar|Intimidate|boost\n|-unboost|p1a: Whimsicott|atk|1\n|-unboost|p1b: Typhlosion|atk|1\n|-terastallize|p1b: Typhlosion|Fire\n|-terastallize|p2b: Amoonguss|Water\n|move|p1a: Whimsicott|Sunny Day|p1a: Whimsicott\n|-weather|SunnyDay\n|move|p1b: Typhlosion|Eruption|p2a: Incineroar|[spread] p2a,p2b\n|-resisted|p2a: Incineroar\n|-resisted|p2b: Amoonguss\n|-damage|p2a: Incineroar|0 fnt\n|-damage|p2b: Amoonguss|33\/100\n|-enditem|p2b: Amoonguss|Sitrus Berry|[eat]\n|-heal|p2b: Amoonguss|58\/100|[from] item: Sitrus Berry\n|faint|p2a: Incineroar\n|move|p2b: Amoonguss|Clear Smog|p1a: Whimsicott\n|-supereffective|p1a: Whimsicott\n|-damage|p1a: Whimsicott|0 fnt\n|-clearboost|p1a: Whimsicott\n|faint|p1a: Whimsicott\n|\n|-weather|SunnyDay|[upkeep]\n|-sideend|p1: Nuovi Amici|move: Tailwind\n|upkeep\n|c|\u2606Nuovi Amici|gg\n|-message|Nuovi Amici forfeited.\n|\n|win|BIO26R\n|raw|Nuovi Amici's rating: 1731 &rarr; <strong>1706<\/strong><br \/>(-25 for losing)\n|raw|BIO26R's rating: 1642 &rarr; <strong>1667<\/strong><br \/>(+25 for winning)\n|c|\u2606BIO26R|Gg\n|l|\u2606Nuovi Amici\n|player|p1|\n|l|\u2606BIO26R\n|player|p2|\n","uploadtime":1726953857,"views":29,"formatid":"gen9vgc2024regh","rating":1667,"private":0,"password":null}