{"id":"gen9vgc2024regh-2206567259","format":"[Gen 9] VGC 2024 Reg H","players":["chin8","Nuovi Amici"],"log":"|j|\u2606chin8\n|j|\u2606Nuovi Amici\n|t:|1726930961\n|gametype|doubles\n|player|p1|chin8|gentleman-gen4dp|1791\n|player|p2|Nuovi Amici|unknown|1761\n|teamsize|p1|6\n|teamsize|p2|6\n|gen|9\n|tier|[Gen 9] VGC 2024 Reg H\n|rated|\n|rule|Species Clause: Limit one of each Pok\u00e9mon\n|rule|Item Clause: Limit 1 of each item\n|clearpoke\n|poke|p1|Baxcalibur, L50, F|\n|poke|p1|Kilowattrel, L50, F|\n|poke|p1|Haxorus, L50, F|\n|poke|p1|Gardevoir, L50, M|\n|poke|p1|Magmortar, L50, M|\n|poke|p1|Gholdengo, L50|\n|poke|p2|Typhlosion-Hisui, L50, M|\n|poke|p2|Whimsicott, L50, F|\n|poke|p2|Farigiraf, L50, M|\n|poke|p2|Ursaluna-Bloodmoon, L50, M|\n|poke|p2|Annihilape, L50, M|\n|poke|p2|Maushold-Four, L50|\n|teampreview|4\n|inactive|Battle timer is ON: inactive players will automatically lose when time's up. (requested by Nuovi Amici)\n|\n|t:|1726930987\n|start\n|switch|p1a: Baxcalibur|Baxcalibur, L50, F|100\/100\n|switch|p1b: Magmortar|Magmortar, L50, M|100\/100\n|switch|p2a: Typhlosion|Typhlosion-Hisui, L50, M|100\/100\n|switch|p2b: Whimsicott|Whimsicott, L50, F, shiny|100\/100\n|-item|p1a: Baxcalibur|Assault Vest|[from] ability: Frisk|[of] p2a: Typhlosion\n|-item|p1b: Magmortar|Sitrus Berry|[from] ability: Frisk|[of] p2a: Typhlosion\n|turn|1\n|\n|t:|1726930998\n|-terastallize|p2a: Typhlosion|Fire\n|move|p1b: Magmortar|Protect|p1b: Magmortar\n|-singleturn|p1b: Magmortar|Protect\n|move|p2b: Whimsicott|Sunny Day|p2b: Whimsicott\n|-weather|SunnyDay\n|move|p2a: Typhlosion|Eruption|p1a: Baxcalibur|[spread] p1a\n|-activate|p1b: Magmortar|move: Protect\n|-damage|p1a: Baxcalibur|17\/100\n|-ability|p1a: Baxcalibur|Thermal Exchange|boost\n|-boost|p1a: Baxcalibur|atk|1\n|move|p1a: Baxcalibur|Earthquake|p2b: Whimsicott|[spread] p2a,p2b\n|-activate|p1b: Magmortar|move: Protect\n|-supereffective|p2a: Typhlosion\n|-resisted|p2b: Whimsicott\n|-damage|p2a: Typhlosion|0 fnt\n|-damage|p2b: Whimsicott|66\/100\n|faint|p2a: Typhlosion\n|\n|-weather|SunnyDay|[upkeep]\n|upkeep\n|\n|t:|1726931007\n|switch|p2a: Ursaluna|Ursaluna-Bloodmoon, L50, M|100\/100\n|turn|2\n|j| dumpmon0\n|\n|t:|1726931024\n|move|p2a: Ursaluna|Protect|p2a: Ursaluna\n|-singleturn|p2a: Ursaluna|Protect\n|move|p2b: Whimsicott|Encore|p1b: Magmortar\n|-start|p1b: Magmortar|Encore\n|move|p1a: Baxcalibur|Ice Shard|p2a: Ursaluna\n|-activate|p2a: Ursaluna|move: Protect\n|move|p1b: Magmortar|Protect||[still]\n|-fail|p1b: Magmortar\n|\n|-weather|SunnyDay|[upkeep]\n|upkeep\n|turn|3\n|\n|t:|1726931035\n|switch|p1b: Gholdengo|Gholdengo, L50|100\/100\n|move|p2b: Whimsicott|Tailwind|p2b: Whimsicott\n|-sidestart|p2: Nuovi Amici|move: Tailwind\n|move|p1a: Baxcalibur|Ice Shard|p2a: Ursaluna\n|-supereffective|p2a: Ursaluna\n|-damage|p2a: Ursaluna|47\/100\n|move|p2a: Ursaluna|Hyper Voice|p1b: Gholdengo|[spread] p1a,p1b\n|-resisted|p1b: Gholdengo\n|-damage|p1a: Baxcalibur|0 fnt\n|-damage|p1b: Gholdengo|78\/100\n|faint|p1a: Baxcalibur\n|-damage|p2a: Ursaluna|37\/100|[from] item: Life Orb\n|\n|-weather|SunnyDay|[upkeep]\n|-heal|p1b: Gholdengo|85\/100|[from] item: Leftovers\n|upkeep\n|\n|t:|1726931041\n|switch|p1a: Magmortar|Magmortar, L50, M|100\/100\n|turn|4\n|\n|t:|1726931054\n|move|p2a: Ursaluna|Protect|p2a: Ursaluna\n|-singleturn|p2a: Ursaluna|Protect\n|move|p1a: Magmortar|Follow Me|p1a: Magmortar\n|-singleturn|p1a: Magmortar|move: Follow Me\n|move|p2b: Whimsicott|Moonblast|p1a: Magmortar\n|-resisted|p1a: Magmortar\n|-damage|p1a: Magmortar|85\/100\n|move|p1b: Gholdengo|Make It Rain|p2a: Ursaluna|[spread] p2b\n|-activate|p2a: Ursaluna|move: Protect\n|-supereffective|p2b: Whimsicott\n|-damage|p2b: Whimsicott|0 fnt\n|-unboost|p1b: Gholdengo|spa|1\n|faint|p2b: Whimsicott\n|\n|-weather|SunnyDay|[upkeep]\n|-heal|p1b: Gholdengo|91\/100|[from] item: Leftovers\n|upkeep\n|\n|t:|1726931057\n|switch|p2b: Maushold|Maushold-Four, L50, shiny|100\/100\n|turn|5\n|j| Agglo\n|\n|t:|1726931065\n|switch|p1b: Kilowattrel|Kilowattrel, L50, F|100\/100\n|move|p1a: Magmortar|Protect|p1a: Magmortar\n|-singleturn|p1a: Magmortar|Protect\n|move|p2b: Maushold|Population Bomb|p1a: Magmortar\n|-activate|p1a: Magmortar|move: Protect\n|move|p2a: Ursaluna|Earth Power|p1b: Kilowattrel\n|-immune|p1b: Kilowattrel\n|\n|-weather|none\n|upkeep\n|turn|6\n|\n|t:|1726931083\n|move|p1a: Magmortar|Follow Me|p1a: Magmortar\n|-singleturn|p1a: Magmortar|move: Follow Me\n|move|p2b: Maushold|Population Bomb|p1a: Magmortar\n|-damage|p1a: Magmortar|71\/100\n|-status|p2b: Maushold|brn|[from] ability: Flame Body|[of] p1a: Magmortar\n|-damage|p1a: Magmortar|65\/100\n|-damage|p1a: Magmortar|58\/100\n|-damage|p1a: Magmortar|51\/100\n|-damage|p1a: Magmortar|44\/100\n|-enditem|p1a: Magmortar|Sitrus Berry|[eat]\n|-heal|p1a: Magmortar|69\/100|[from] item: Sitrus Berry\n|-damage|p1a: Magmortar|63\/100\n|-damage|p1a: Magmortar|56\/100\n|-damage|p1a: Magmortar|49\/100\n|-damage|p1a: Magmortar|42\/100\n|-damage|p1a: Magmortar|35\/100\n|-hitcount|p1a: Magmortar|10\n|move|p2a: Ursaluna|Hyper Voice|p1b: Kilowattrel|[spread] p1a,p1b\n|-damage|p1a: Magmortar|0 fnt\n|-damage|p1b: Kilowattrel|5\/100\n|faint|p1a: Magmortar\n|-damage|p2a: Ursaluna|27\/100|[from] item: Life Orb\n|move|p1b: Kilowattrel|Air Slash|p2a: Ursaluna|[miss]\n|-miss|p1b: Kilowattrel|p2a: Ursaluna\n|\n|-damage|p2b: Maushold|94\/100 brn|[from] brn\n|-sideend|p2: Nuovi Amici|move: Tailwind\n|upkeep\n|\n|t:|1726931087\n|switch|p1a: Gholdengo|Gholdengo, L50|91\/100\n|turn|7\n|\n|t:|1726931106\n|move|p2a: Ursaluna|Protect|p2a: Ursaluna\n|-singleturn|p2a: Ursaluna|Protect\n|move|p1b: Kilowattrel|Tailwind|p1b: Kilowattrel\n|-sidestart|p1: chin8|move: Tailwind\n|move|p1a: Gholdengo|Make It Rain|p2b: Maushold|[spread] p2b\n|-activate|p2a: Ursaluna|move: Protect\n|-damage|p2b: Maushold|24\/100 brn\n|-unboost|p1a: Gholdengo|spa|1\n|move|p2b: Maushold|Population Bomb|p1b: Kilowattrel\n|-damage|p1b: Kilowattrel|0 fnt\n|faint|p1b: Kilowattrel\n|-hitcount|p1: Kilowattrel|1\n|\n|-heal|p1a: Gholdengo|97\/100|[from] item: Leftovers\n|-damage|p2b: Maushold|18\/100 brn|[from] brn\n|upkeep\n|turn|8\n|\n|t:|1726931114\n|move|p2b: Maushold|Follow Me|p2b: Maushold\n|-singleturn|p2b: Maushold|move: Follow Me\n|move|p1a: Gholdengo|Make It Rain|p2a: Ursaluna|[spread] p2a,p2b\n|-damage|p2a: Ursaluna|0 fnt\n|-damage|p2b: Maushold|0 fnt\n|-unboost|p1a: Gholdengo|spa|1\n|faint|p2a: Ursaluna\n|faint|p2b: Maushold\n|\n|win|chin8\n|raw|chin8's rating: 1791 &rarr; <strong>1809<\/strong><br \/>(+18 for winning)\n|raw|Nuovi Amici's rating: 1761 &rarr; <strong>1743<\/strong><br \/>(-18 for losing)\n|l|\u2606Nuovi Amici\n|player|p2|\n|l|\u2606chin8\n|player|p1|\n|l| dumpmon0\n|l| Agglo\n","uploadtime":1726931381,"views":53,"formatid":"gen9vgc2024regh","rating":1743,"private":0,"password":null}