{"id":"gen9vgc2024regh-2206280649","format":"[Gen 9] VGC 2024 Reg H","players":["Arkalid","pmawarrior"],"log":"|j|\u2606Arkalid\n|j|\u2606pmawarrior\n|t:|1726885420\n|gametype|doubles\n|player|p1|Arkalid|1|1693\n|player|p2|pmawarrior|2|1790\n|teamsize|p1|6\n|teamsize|p2|6\n|gen|9\n|tier|[Gen 9] VGC 2024 Reg H\n|rated|\n|rule|Species Clause: Limit one of each Pok\u00e9mon\n|rule|Item Clause: Limit 1 of each item\n|clearpoke\n|poke|p1|Whimsicott, L50, F|\n|poke|p1|Typhlosion-Hisui, L50, M|\n|poke|p1|Glimmora, L50, M|\n|poke|p1|Kingambit, L50, M|\n|poke|p1|Decidueye-Hisui, L50, F|\n|poke|p1|Maushold, L50|\n|poke|p2|Annihilape, L50, M|\n|poke|p2|Maushold-Four, L50|\n|poke|p2|Dondozo, L50, M|\n|poke|p2|Tatsugiri, L50, M|\n|poke|p2|Glimmora, L50, M|\n|poke|p2|Dragonite, L50, M|\n|teampreview|4\n|inactive|Battle timer is ON: inactive players will automatically lose when time's up. (requested by Arkalid)\nArkalid has agreed to open team sheets.\n|inactive|Arkalid has 60 seconds left.\n|\n|t:|1726885462\n|start\n|switch|p1a: Whimsicott|Whimsicott, L50, F|100\/100\n|switch|p1b: Glimmora|Glimmora, L50, M|100\/100\n|switch|p2a: Glimmora|Glimmora, L50, M|100\/100\n|switch|p2b: Annihilape|Annihilape, L50, M|100\/100\n|turn|1\n|\n|t:|1726885476\n|move|p1a: Whimsicott|Protect|p1a: Whimsicott\n|-singleturn|p1a: Whimsicott|Protect\n|move|p1b: Glimmora|Spiky Shield|p1b: Glimmora\n|-singleturn|p1b: Glimmora|move: Protect\n|move|p2a: Glimmora|Earth Power|p1b: Glimmora\n|-activate|p1b: Glimmora|move: Protect\n|move|p2b: Annihilape|Rage Fist|p1a: Whimsicott\n|-activate|p1a: Whimsicott|move: Protect\n|\n|upkeep\n|turn|2\n|\n|t:|1726885490\n|-terastallize|p1b: Glimmora|Grass\n|move|p1a: Whimsicott|Tailwind|p1a: Whimsicott\n|-sidestart|p1: Arkalid|move: Tailwind\n|move|p1b: Glimmora|Earth Power|p2a: Glimmora\n|-supereffective|p2a: Glimmora\n|-enditem|p2a: Glimmora|Focus Sash\n|-damage|p2a: Glimmora|1\/100\n|move|p2a: Glimmora|Earth Power|p1b: Glimmora\n|-resisted|p1b: Glimmora\n|-damage|p1b: Glimmora|81\/100\n|move|p2b: Annihilape|Rage Fist|p1a: Whimsicott\n|-damage|p1a: Whimsicott|65\/100\n|\n|upkeep\n|turn|3\n|inactive|Arkalid has 30 seconds left.\n|inactive|pmawarrior has 30 seconds left.\n|\n|t:|1726885521\n|move|p1a: Whimsicott|Sunny Day|p1a: Whimsicott\n|-weather|SunnyDay\n|move|p1b: Glimmora|Sludge Bomb|p2a: Glimmora\n|-resisted|p2a: Glimmora\n|-damage|p2a: Glimmora|0 fnt\n|faint|p2a: Glimmora\n|move|p2b: Annihilape|Rage Fist|p1a: Whimsicott\n|-damage|p1a: Whimsicott|29\/100\n|\n|-weather|SunnyDay|[upkeep]\n|upkeep\n|\n|t:|1726885527\n|switch|p2a: Dondozo|Dondozo, L50, M|100\/100\n|turn|4\n|inactive|Arkalid has 30 seconds left.\n|\n|t:|1726885560\n|-terastallize|p2a: Dondozo|Steel\n|move|p1a: Whimsicott|Protect|p1a: Whimsicott\n|-singleturn|p1a: Whimsicott|Protect\n|move|p1b: Glimmora|Spiky Shield|p1b: Glimmora\n|-singleturn|p1b: Glimmora|move: Protect\n|move|p2b: Annihilape|Close Combat|p1b: Glimmora\n|-activate|p1b: Glimmora|move: Protect\n|-damage|p2b: Annihilape|88\/100|[from] Spiky Shield|[of] p1b: Glimmora\n|move|p2a: Dondozo|Heavy Slam|p1a: Whimsicott\n|-activate|p1a: Whimsicott|move: Protect\n|\n|-weather|SunnyDay|[upkeep]\n|upkeep\n|turn|5\n|inactive|Arkalid has 30 seconds left.\n|inactive|pmawarrior has 30 seconds left.\n|inactive|Arkalid has 20 seconds left.\n|inactive|pmawarrior has 20 seconds left.\n|inactive|Arkalid has 15 seconds left.\n|inactive|pmawarrior has 15 seconds left.\n|inactive|Arkalid has 10 seconds left.\n|inactive|Arkalid has 5 seconds left.\n|\n|t:|1726885611\n|switch|p1a: Kingambit|Kingambit, L50, M|100\/100\n|switch|p2b: Tatsugiri|Tatsugiri, L50, M|100\/100\n|-activate|p2b: Tatsugiri|ability: Commander|[of] p2a: Dondozo\n|-boost|p2a: Dondozo|atk|2\n|-boost|p2a: Dondozo|spa|2\n|-boost|p2a: Dondozo|spe|2\n|-boost|p2a: Dondozo|def|2\n|-boost|p2a: Dondozo|spd|2\n|move|p1b: Glimmora|Earth Power|p2a: Dondozo\n|-supereffective|p2a: Dondozo\n|-damage|p2a: Dondozo|64\/100\n|move|p2a: Dondozo|Earthquake|p1a: Kingambit|[spread] p1a,p1b\n|-miss|p2a: Dondozo|p2b: Tatsugiri\n|-supereffective|p1a: Kingambit\n|-resisted|p1b: Glimmora\n|-damage|p1a: Kingambit|38\/100\n|-damage|p1b: Glimmora|54\/100\n|-activate|p1b: Glimmora|ability: Toxic Debris\n|-sidestart|p2: pmawarrior|move: Toxic Spikes\n|\n|-weather|SunnyDay|[upkeep]\n|-sideend|p1: Arkalid|move: Tailwind\n|upkeep\n|turn|6\n|\n|t:|1726885629\n|switch|p1a: Decidueye|Decidueye-Hisui, L50, F|100\/100\n|move|p1b: Glimmora|Spiky Shield|p1b: Glimmora\n|-singleturn|p1b: Glimmora|move: Protect\n|move|p2a: Dondozo|Earthquake|p1b: Glimmora|[spread] p1a\n|-miss|p2a: Dondozo|p2b: Tatsugiri\n|-activate|p1b: Glimmora|move: Protect\n|-resisted|p1a: Decidueye\n|-damage|p1a: Decidueye|73\/100\n|\n|-weather|SunnyDay|[upkeep]\n|upkeep\n|turn|7\n|\n|t:|1726885641\n|move|p2a: Dondozo|Heavy Slam|p1a: Decidueye\n|-damage|p1a: Decidueye|0 fnt\n|faint|p1a: Decidueye\n|move|p1b: Glimmora|Earth Power|p2a: Dondozo\n|-supereffective|p2a: Dondozo\n|-damage|p2a: Dondozo|27\/100\n|\n|-weather|none\n|upkeep\n|\n|t:|1726885649\n|switch|p1a: Whimsicott|Whimsicott, L50, F|29\/100\n|turn|8\n|\n|t:|1726885666\n|move|p1a: Whimsicott|Tailwind|p1a: Whimsicott\n|-sidestart|p1: Arkalid|move: Tailwind\n|move|p1b: Glimmora|Earth Power|p2a: Dondozo\n|-supereffective|p2a: Dondozo\n|-damage|p2a: Dondozo|0 fnt\n|faint|p2a: Dondozo\n|\n|upkeep\n|\n|t:|1726885669\n|switch|p2a: Annihilape|Annihilape, L50, M|88\/100\n|-status|p2a: Annihilape|psn\n|turn|9\n|inactive|Arkalid has 30 seconds left.\n|\n|t:|1726885699\n|move|p1a: Whimsicott|Protect|p1a: Whimsicott\n|-singleturn|p1a: Whimsicott|Protect\n|move|p1b: Glimmora|Spiky Shield|p1b: Glimmora\n|-singleturn|p1b: Glimmora|move: Protect\n|move|p2b: Tatsugiri|Draco Meteor|p1b: Glimmora\n|-activate|p1b: Glimmora|move: Protect\n|move|p2a: Annihilape|Rage Fist|p1a: Whimsicott\n|-activate|p1a: Whimsicott|move: Protect\n|\n|-damage|p2a: Annihilape|75\/100 psn|[from] psn\n|upkeep\n|turn|10\n|\n|t:|1726885713\n|move|p2b: Tatsugiri|Protect|p2b: Tatsugiri\n|-singleturn|p2b: Tatsugiri|Protect\n|move|p1a: Whimsicott|Moonblast|p2b: Tatsugiri\n|-activate|p2b: Tatsugiri|move: Protect\n|move|p1b: Glimmora|Sludge Bomb|p2b: Tatsugiri\n|-activate|p2b: Tatsugiri|move: Protect\n|move|p2a: Annihilape|Rage Fist|p1a: Whimsicott\n|-damage|p1a: Whimsicott|0 fnt\n|faint|p1a: Whimsicott\n|\n|-damage|p2a: Annihilape|63\/100 psn|[from] psn\n|upkeep\n|\n|t:|1726885716\n|switch|p1a: Kingambit|Kingambit, L50, M|38\/100\n|turn|11\n|\n|t:|1726885739\n|move|p1a: Kingambit|Sucker Punch|p2a: Annihilape\n|-damage|p2a: Annihilape|24\/100 psn\n|move|p1b: Glimmora|Meteor Beam||[still]\n|-prepare|p1b: Glimmora|Meteor Beam\n|-boost|p1b: Glimmora|spa|1\n|-enditem|p1b: Glimmora|Power Herb\n|-anim|p1b: Glimmora|Meteor Beam|p2b: Tatsugiri\n|-damage|p2b: Tatsugiri|0 fnt\n|faint|p2b: Tatsugiri\n|move|p2a: Annihilape|Drain Punch|p1a: Kingambit\n|-supereffective|p1a: Kingambit\n|-damage|p1a: Kingambit|0 fnt\n|-heal|p2a: Annihilape|42\/100 psn|[from] drain|[of] p1a: Kingambit\n|faint|p1a: Kingambit\n|\n|-damage|p2a: Annihilape|30\/100 psn|[from] psn\n|-sideend|p1: Arkalid|move: Tailwind\n|upkeep\n|turn|12\n|inactive|pmawarrior has 30 seconds left.\n|\n|t:|1726885765\n|move|p1b: Glimmora|Spiky Shield|p1b: Glimmora\n|-singleturn|p1b: Glimmora|move: Protect\n|move|p2a: Annihilape|Drain Punch|p2: Tatsugiri|[notarget]\n|-fail|p2a: Annihilape\n|\n|-damage|p2a: Annihilape|17\/100 psn|[from] psn\n|upkeep\n|turn|13\n|\n|t:|1726885779\n|move|p1b: Glimmora|Earth Power|p2a: Annihilape\n|-damage|p2a: Annihilape|0 fnt\n|faint|p2a: Annihilape\n|\n|win|Arkalid\n|raw|Arkalid's rating: 1693 &rarr; <strong>1718<\/strong><br \/>(+25 for winning)\n|raw|pmawarrior's rating: 1790 &rarr; <strong>1765<\/strong><br \/>(-25 for losing)\n|l|\u2606pmawarrior\n|player|p2|\n|j| fjdjejfidi\n|l|\u2606Arkalid\n|player|p1|\n","uploadtime":1726885786,"views":27,"formatid":"gen9vgc2024regh","rating":1718,"private":0,"password":null}