{"id":"gen9vgc2024regh-2206344095","format":"[Gen 9] VGC 2024 Reg H","players":["roykeenkennedy","chappell murkroan"],"log":"|j|\u2606roykeenkennedy\n|j|\u2606chappell murkroan\n|t:|1726894382\n|gametype|doubles\n|player|p1|roykeenkennedy|alder|1724\n|player|p2|chappell murkroan|caitlin|1875\n|teamsize|p1|6\n|teamsize|p2|6\n|gen|9\n|tier|[Gen 9] VGC 2024 Reg H\n|rated|\n|rule|Species Clause: Limit one of each Pok\u00e9mon\n|rule|Item Clause: Limit 1 of each item\n|clearpoke\n|poke|p1|Salamence, L50, M|\n|poke|p1|Incineroar, L50, F|\n|poke|p1|Weezing, L50, F|\n|poke|p1|Dragapult, L50, M|\n|poke|p1|Ursaluna-Bloodmoon, L50, M|\n|poke|p1|Primarina, L50, M|\n|poke|p2|Sneasler, L50, F|\n|poke|p2|Delphox, L50, M|\n|poke|p2|Basculegion, L50, M|\n|poke|p2|Indeedee, L50, M|\n|poke|p2|Maushold-Four, L50|\n|poke|p2|Murkrow, L50, F|\n|teampreview|4\n|inactive|Battle timer is ON: inactive players will automatically lose when time's up. (requested by chappell murkroan)\n|inactive|roykeenkennedy has 60 seconds left.\n|inactive|chappell murkroan has 60 seconds left.\n|\n|t:|1726894430\n|start\n|switch|p1a: Weezing|Weezing, L50, F|100\/100\n|switch|p1b: Incineroar|Incineroar, L50, F|100\/100\n|switch|p2a: Maushold|Maushold-Four, L50|100\/100\n|switch|p2b: Indeedee|Indeedee, L50, M, shiny|100\/100\n|-ability|p1a: Weezing|Neutralizing Gas\n|-block|p1b: Incineroar|item: Ability Shield\n|-ability|p1b: Incineroar|Intimidate|boost\n|-unboost|p2a: Maushold|atk|1\n|-unboost|p2b: Indeedee|atk|1\n|turn|1\n|\n|t:|1726894451\n|switch|p2b: Sneasler|Sneasler, L50, F, shiny|100\/100\n|-terastallize|p1a: Weezing|Ghost\n|move|p1b: Incineroar|Fake Out|p2b: Sneasler\n|-damage|p2b: Sneasler|81\/100\n|move|p2a: Maushold|Taunt|p1a: Weezing\n|-start|p1a: Weezing|move: Taunt\n|cant|p1a: Weezing|move: Taunt|Will-O-Wisp\n|\n|upkeep\n|turn|2\n|\n|t:|1726894472\n|switch|p1b: Salamence|Salamence, L50, M|100\/100\n|move|p2a: Maushold|Population Bomb|p1b: Salamence\n|-damage|p1b: Salamence|95\/100\n|-damage|p1b: Salamence|89\/100\n|-damage|p1b: Salamence|82\/100\n|-damage|p1b: Salamence|75\/100\n|-damage|p1b: Salamence|70\/100\n|-damage|p1b: Salamence|64\/100\n|-damage|p1b: Salamence|57\/100\n|-damage|p1b: Salamence|50\/100\n|-damage|p1b: Salamence|44\/100\n|-damage|p1b: Salamence|38\/100\n|-hitcount|p1b: Salamence|10\n|move|p2b: Sneasler|Close Combat|p1b: Salamence\n|-resisted|p1b: Salamence\n|-damage|p1b: Salamence|0 fnt\n|-unboost|p2b: Sneasler|def|1\n|-unboost|p2b: Sneasler|spd|1\n|faint|p1b: Salamence\n|move|p1a: Weezing|Sludge Bomb|p2a: Maushold\n|-damage|p2a: Maushold|62\/100\n|\n|upkeep\n|\n|t:|1726894496\n|switch|p1b: Incineroar|Incineroar, L50, F|100\/100\n|-ability|p1b: Incineroar|Intimidate|boost\n|-unboost|p2a: Maushold|atk|1\n|-unboost|p2b: Sneasler|atk|1\n|turn|3\n|\n|t:|1726894506\n|move|p2a: Maushold|Protect|p2a: Maushold\n|-singleturn|p2a: Maushold|Protect\n|move|p2b: Sneasler|Protect|p2b: Sneasler\n|-singleturn|p2b: Sneasler|Protect\n|move|p1b: Incineroar|Fake Out|p2b: Sneasler\n|-activate|p2b: Sneasler|move: Protect\n|move|p1a: Weezing|Sludge Bomb|p2b: Sneasler\n|-activate|p2b: Sneasler|move: Protect\n|\n|-end|p1a: Weezing|move: Taunt\n|upkeep\n|turn|4\n|\n|t:|1726894525\n|move|p2a: Maushold|Taunt|p1a: Weezing\n|-start|p1a: Weezing|move: Taunt\n|move|p2b: Sneasler|Close Combat|p1b: Incineroar\n|-supereffective|p1b: Incineroar\n|-damage|p1b: Incineroar|14\/100\n|-unboost|p2b: Sneasler|def|1\n|-unboost|p2b: Sneasler|spd|1\n|move|p1a: Weezing|Sludge Bomb|p2a: Maushold\n|-damage|p2a: Maushold|20\/100\n|move|p1b: Incineroar|Flare Blitz|p2b: Sneasler\n|-damage|p2b: Sneasler|0 fnt\n|faint|p2b: Sneasler\n|-damage|p1b: Incineroar|0 fnt|[from] Recoil\n|faint|p1b: Incineroar\n|\n|upkeep\n|\n|t:|1726894543\n|switch|p2b: Delphox|Delphox, L50, M, shiny|100\/100\n|switch|p1b: Ursaluna|Ursaluna-Bloodmoon, L50, M|100\/100\n|turn|5\n|\n|t:|1726894567\n|move|p2a: Maushold|Population Bomb|p1b: Ursaluna\n|-damage|p1b: Ursaluna|97\/100\n|-damage|p1b: Ursaluna|94\/100\n|-damage|p1b: Ursaluna|91\/100\n|-damage|p1b: Ursaluna|88\/100\n|-damage|p1b: Ursaluna|85\/100\n|-damage|p1b: Ursaluna|82\/100\n|-damage|p1b: Ursaluna|79\/100\n|-damage|p1b: Ursaluna|76\/100\n|-damage|p1b: Ursaluna|72\/100\n|-damage|p1b: Ursaluna|69\/100\n|-hitcount|p1b: Ursaluna|10\n|move|p2b: Delphox|Overheat|p1b: Ursaluna\n|-damage|p1b: Ursaluna|0 fnt\n|-unboost|p2b: Delphox|spa|2\n|faint|p1b: Ursaluna\n|move|p1a: Weezing|Sludge Bomb|p2b: Delphox\n|-damage|p2b: Delphox|69\/100\n|\n|upkeep\n|turn|6\n|inactive|roykeenkennedy has 30 seconds left.\n|\n|t:|1726894593\n|switch|p2b: Indeedee|Indeedee, L50, M, shiny|100\/100\n|move|p2a: Maushold|Protect|p2a: Maushold\n|-singleturn|p2a: Maushold|Protect\n|move|p1a: Weezing|Sludge Bomb|p2b: Indeedee\n|-damage|p2b: Indeedee|63\/100\n|-status|p2b: Indeedee|psn\n|\n|-damage|p2b: Indeedee|50\/100 psn|[from] psn\n|-end|p1a: Weezing|move: Taunt\n|upkeep\n|turn|7\n|\n|t:|1726894610\n|move|p1a: Weezing|Protect|p1a: Weezing\n|-singleturn|p1a: Weezing|Protect\n|move|p2a: Maushold|Follow Me|p2a: Maushold\n|-singleturn|p2a: Maushold|move: Follow Me\n|move|p2b: Indeedee|Expanding Force|p1a: Weezing\n|-activate|p1a: Weezing|move: Protect\n|\n|-damage|p2b: Indeedee|38\/100 psn|[from] psn\n|upkeep\n|turn|8\n|\n|t:|1726894621\n|move|p2a: Maushold|Follow Me|p2a: Maushold\n|-singleturn|p2a: Maushold|move: Follow Me\n|move|p2b: Indeedee|Expanding Force|p1a: Weezing\n|-crit|p1a: Weezing\n|-damage|p1a: Weezing|37\/100\n|move|p1a: Weezing|Sludge Bomb|p2a: Maushold\n|-damage|p2a: Maushold|0 fnt\n|faint|p2a: Maushold\n|\n|-heal|p1a: Weezing|43\/100|[from] item: Leftovers\n|-damage|p2b: Indeedee|25\/100 psn|[from] psn\n|upkeep\n|\n|t:|1726894625\n|switch|p2a: Delphox|Delphox, L50, M, shiny|69\/100\n|turn|9\n|\n|t:|1726894635\n|move|p1a: Weezing|Protect|p1a: Weezing\n|-singleturn|p1a: Weezing|Protect\n|move|p2a: Delphox|Expanding Force|p1a: Weezing\n|-activate|p1a: Weezing|move: Protect\n|move|p2b: Indeedee|Expanding Force|p1a: Weezing\n|-activate|p1a: Weezing|move: Protect\n|\n|-heal|p1a: Weezing|50\/100|[from] item: Leftovers\n|-damage|p2b: Indeedee|13\/100 psn|[from] psn\n|upkeep\n|turn|10\n|\n|t:|1726894647\n|move|p1a: Weezing|Protect||[still]\n|-fail|p1a: Weezing\n|move|p2a: Delphox|Expanding Force|p1a: Weezing\n|-crit|p1a: Weezing\n|-damage|p1a: Weezing|0 fnt\n|faint|p1a: Weezing\n|-end|p1a: Weezing|ability: Neutralizing Gas\n|-fieldstart|move: Psychic Terrain|[from] ability: Psychic Surge|[of] p2b: Indeedee\n|\n|win|chappell murkroan\n|raw|roykeenkennedy's rating: 1724 &rarr; <strong>1712<\/strong><br \/>(-12 for losing)\n|raw|chappell murkroan's rating: 1875 &rarr; <strong>1887<\/strong><br \/>(+12 for winning)\n|l|\u2606roykeenkennedy\n|player|p1|\n|l|\u2606chappell murkroan\n|player|p2|\n","uploadtime":1726894797,"views":31,"formatid":"gen9vgc2024regh","rating":1712,"private":0,"password":null}