{"id":"gen9vgc2024regh-2206342114","format":"[Gen 9] VGC 2024 Reg H","players":["kojimuranishi","Burn Them Bridges"],"log":"|j|\u2606kojimuranishi\n|j|\u2606Burn Them Bridges\n|t:|1726894062\n|gametype|doubles\n|player|p1|kojimuranishi|2|1791\n|player|p2|Burn Them Bridges|lucas|1645\n|teamsize|p1|6\n|teamsize|p2|6\n|gen|9\n|tier|[Gen 9] VGC 2024 Reg H\n|rated|\n|rule|Species Clause: Limit one of each Pok\u00e9mon\n|rule|Item Clause: Limit 1 of each item\n|clearpoke\n|poke|p1|Ursaluna-Bloodmoon, L50, M|\n|poke|p1|Amoonguss, L50, M|\n|poke|p1|Incineroar, L50, M|\n|poke|p1|Archaludon, L50, F|\n|poke|p1|Pelipper, L50, M|\n|poke|p1|Whimsicott, L50, F|\n|poke|p2|Mienshao, L50, M|\n|poke|p2|Sinistcha, L50|\n|poke|p2|Torkoal, L50, F|\n|poke|p2|Staraptor, L50, F|\n|poke|p2|Ursaluna, L50, M|\n|poke|p2|Oranguru, L50, F|\n|teampreview|4\n|inactive|Battle timer is ON: inactive players will automatically lose when time's up. (requested by kojimuranishi)\n|inactive|kojimuranishi has 60 seconds left.\n|\n|t:|1726894115\n|start\n|switch|p1a: Ursaluna|Ursaluna-Bloodmoon, L50, M|100\/100\n|switch|p1b: Amoonguss|Amoonguss, L50, M|100\/100\n|switch|p2a: Mienshao|Mienshao, L50, M|100\/100\n|switch|p2b: Oranguru|Oranguru, L50, F|100\/100\n|turn|1\n|inactive|Burn Them Bridges has 30 seconds left.\n|\n|t:|1726894144\n|-terastallize|p1a: Ursaluna|Normal\n|-terastallize|p2b: Oranguru|Grass\n|move|p2a: Mienshao|Close Combat|p1a: Ursaluna\n|-supereffective|p1a: Ursaluna\n|-damage|p1a: Ursaluna|0 fnt\n|-unboost|p2a: Mienshao|def|1\n|-unboost|p2a: Mienshao|spd|1\n|-enditem|p2a: Mienshao|Eject Pack\n|faint|p1a: Ursaluna\n|\n|t:|1726894161\n|switch|p2a: Ursaluna|Ursaluna, L50, M, shiny|100\/100\n|move|p1b: Amoonguss|Spore|p2a: Ursaluna\n|-status|p2a: Ursaluna|slp|[from] move: Spore\n|move|p2b: Oranguru|Trick Room|p2b: Oranguru\n|-fieldstart|move: Trick Room|[of] p2b: Oranguru\n|\n|upkeep\n|\n|t:|1726894177\n|switch|p1a: Incineroar|Incineroar, L50, M|100\/100\n|-ability|p1a: Incineroar|Intimidate|boost\n|-unboost|p2a: Ursaluna|atk|1\n|-fail|p2b: Oranguru|unboost|Attack|[from] ability: Inner Focus|[of] p2b: Oranguru\n|turn|2\n|\n|t:|1726894187\n|move|p1b: Amoonguss|Sludge Bomb|p2b: Oranguru\n|-supereffective|p2b: Oranguru\n|-damage|p2b: Oranguru|64\/100\n|move|p2b: Oranguru|Encore|p1b: Amoonguss\n|-start|p1b: Amoonguss|Encore\n|-enditem|p1b: Amoonguss|Mental Herb\n|-end|p1b: Amoonguss|Encore\n|move|p1a: Incineroar|Flare Blitz|p2b: Oranguru\n|-supereffective|p2b: Oranguru\n|-damage|p2b: Oranguru|0 fnt\n|faint|p2b: Oranguru\n|-damage|p1a: Incineroar|80\/100|[from] Recoil\n|cant|p2a: Ursaluna|slp\n|\n|upkeep\n|\n|t:|1726894191\n|switch|p2b: Torkoal|Torkoal, L50, F|100\/100\n|-weather|SunnyDay|[from] ability: Drought|[of] p2b: Torkoal\n|turn|3\n|inactive|kojimuranishi has 30 seconds left.\n|inactive|kojimuranishi has 20 seconds left.\n|\n|t:|1726894226\n|move|p2b: Torkoal|Eruption|p1b: Amoonguss|[spread] p1a,p1b\n|-resisted|p1a: Incineroar\n|-supereffective|p1b: Amoonguss\n|-damage|p1a: Incineroar|46\/100\n|-damage|p1b: Amoonguss|0 fnt\n|-enditem|p1a: Incineroar|Sitrus Berry|[eat]\n|-heal|p1a: Incineroar|70\/100|[from] item: Sitrus Berry\n|faint|p1b: Amoonguss\n|move|p1a: Incineroar|Knock Off|p2a: Ursaluna\n|-damage|p2a: Ursaluna|71\/100 slp\n|-enditem|p2a: Ursaluna|Flame Orb|[from] move: Knock Off|[of] p1a: Incineroar\n|cant|p2a: Ursaluna|slp\n|\n|-weather|SunnyDay|[upkeep]\n|upkeep\n|\n|t:|1726894239\n|switch|p1b: Archaludon|Archaludon, L50, F|100\/100\n|turn|4\n|\n|t:|1726894246\n|move|p2b: Torkoal|Eruption|p1b: Archaludon|[spread] p1a,p1b\n|-resisted|p1a: Incineroar\n|-damage|p1a: Incineroar|36\/100\n|-ability|p1b: Archaludon|Sturdy\n|-damage|p1b: Archaludon|1\/100\n|move|p1a: Incineroar|Flare Blitz|p2a: Ursaluna\n|-damage|p2a: Ursaluna|17\/100 slp\n|-damage|p1a: Incineroar|18\/100|[from] Recoil\n|-curestatus|p2a: Ursaluna|slp|[msg]\n|move|p2a: Ursaluna|Headlong Rush|p1b: Archaludon\n|-supereffective|p1b: Archaludon\n|-damage|p1b: Archaludon|0 fnt\n|-unboost|p2a: Ursaluna|def|1\n|-unboost|p2a: Ursaluna|spd|1\n|faint|p1b: Archaludon\n|\n|-weather|SunnyDay|[upkeep]\n|upkeep\n|turn|5\n|-message|kojimuranishi forfeited.\n|\n|win|Burn Them Bridges\n|raw|kojimuranishi's rating: 1791 &rarr; <strong>1763<\/strong><br \/>(-28 for losing)\n|raw|Burn Them Bridges's rating: 1645 &rarr; <strong>1673<\/strong><br \/>(+28 for winning)\n|l|\u2606kojimuranishi\n|player|p1|\n|j|\u2606kojimuranishi\n|player|p1|kojimuranishi|2|\n|l|\u2606kojimuranishi\n|player|p1|\n|l|\u2606Burn Them Bridges\n|player|p2|\n","uploadtime":1726894520,"views":27,"formatid":"gen9vgc2024regh","rating":1673,"private":0,"password":null}