{"id":"gen9vgc2024regh-2206213864","format":"[Gen 9] VGC 2024 Reg H","players":["tyuiop112","BIO26R"],"log":"|j|\u2606tyuiop112\n|j|\u2606BIO26R\n|t:|1726877012\n|gametype|doubles\n|player|p1|tyuiop112|169|1691\n|player|p2|BIO26R|scientist|1682\n|teamsize|p1|6\n|teamsize|p2|6\n|gen|9\n|tier|[Gen 9] VGC 2024 Reg H\n|rated|\n|rule|Species Clause: Limit one of each Pok\u00e9mon\n|rule|Item Clause: Limit 1 of each item\n|clearpoke\n|poke|p1|Incineroar, L50, M|\n|poke|p1|Gallade, L50, M|\n|poke|p1|Dragonite, L50, F|\n|poke|p1|Gholdengo, L50|\n|poke|p1|Primarina, L50, F|\n|poke|p1|Electabuzz, L50, F|\n|poke|p2|Amoonguss, L50, M|\n|poke|p2|Basculegion, L50, M|\n|poke|p2|Archaludon, L50, M|\n|poke|p2|Pelipper, L50, F|\n|poke|p2|Maushold, L50|\n|poke|p2|Incineroar, L50, M|\n|teampreview|4\n|inactive|Battle timer is ON: inactive players will automatically lose when time's up. (requested by BIO26R)\n|inactive|tyuiop112 has 60 seconds left.\n|inactive|BIO26R has 60 seconds left.\n|j| nirand94\n|inactive|BIO26R has 30 seconds left.\n|inactive|BIO26R has 20 seconds left.\n|inactive|BIO26R has 15 seconds left.\n|inactive|BIO26R has 10 seconds left.\n|inactive|BIO26R has 5 seconds left.\n|\n|t:|1726877110\n|start\n|switch|p1a: Gallade|Gallade, L50, M|100\/100\n|switch|p1b: Electabuzz|Electabuzz, L50, F|100\/100\n|switch|p2a: Maushold|Maushold, L50|100\/100\n|switch|p2b: Amoonguss|Amoonguss, L50, M|100\/100\n|turn|1\n|j| lswagh\n|\n|t:|1726877133\n|switch|p2b: Pelipper|Pelipper, L50, F, shiny|100\/100\n|-weather|RainDance|[from] ability: Drizzle|[of] p2b: Pelipper\n|-terastallize|p1b: Electabuzz|Ghost\n|move|p1b: Electabuzz|Follow Me|p1b: Electabuzz\n|-singleturn|p1b: Electabuzz|move: Follow Me\n|move|p2a: Maushold|Taunt|p1b: Electabuzz\n|-start|p1b: Electabuzz|move: Taunt\n|move|p1a: Gallade|Sacred Sword|p2a: Maushold\n|-supereffective|p2a: Maushold\n|-damage|p2a: Maushold|0 fnt\n|faint|p2a: Maushold\n|\n|-weather|RainDance|[upkeep]\n|upkeep\n|\n|t:|1726877149\n|switch|p2a: Basculegion|Basculegion, L50, M, shiny|100\/100\n|turn|2\n|\n|t:|1726877172\n|-terastallize|p2a: Basculegion|Water\n|move|p2a: Basculegion|Wave Crash|p1b: Electabuzz\n|-damage|p1b: Electabuzz|0 fnt\n|faint|p1b: Electabuzz\n|-damage|p2a: Basculegion|74\/100|[from] Recoil\n|move|p2b: Pelipper|Hurricane|p1a: Gallade\n|-supereffective|p1a: Gallade\n|-damage|p1a: Gallade|39\/100\n|-start|p1a: Gallade|confusion\n|-activate|p1a: Gallade|confusion\n|move|p1a: Gallade|Leaf Blade|p2a: Basculegion\n|-supereffective|p2a: Basculegion\n|-damage|p2a: Basculegion|0 fnt\n|faint|p2a: Basculegion\n|\n|-weather|RainDance|[upkeep]\n|upkeep\n|\n|t:|1726877192\n|switch|p1b: Gholdengo|Gholdengo, L50|100\/100\n|switch|p2a: Amoonguss|Amoonguss, L50, M|100\/100\n|turn|3\n|inactive|BIO26R has 30 seconds left.\n|\n|t:|1726877220\n|move|p1b: Gholdengo|Nasty Plot|p1b: Gholdengo\n|-boost|p1b: Gholdengo|spa|2\n|move|p2b: Pelipper|Weather Ball|p1b: Gholdengo\n|-damage|p1b: Gholdengo|35\/100\n|-activate|p1a: Gallade|confusion\n|-damage|p1a: Gallade|16\/100|[from] confusion\n|move|p2a: Amoonguss|Spore|p1a: Gallade\n|-status|p1a: Gallade|slp|[from] move: Spore\n|\n|-weather|RainDance|[upkeep]\n|-heal|p1b: Gholdengo|41\/100|[from] item: Leftovers\n|upkeep\n|turn|4\n|\n|t:|1726877243\n|move|p1b: Gholdengo|Protect|p1b: Gholdengo\n|-singleturn|p1b: Gholdengo|Protect\n|move|p2b: Pelipper|Weather Ball|p1b: Gholdengo\n|-activate|p1b: Gholdengo|move: Protect\n|cant|p1a: Gallade|slp\n|move|p2a: Amoonguss|Pollen Puff|p1a: Gallade\n|-crit|p1a: Gallade\n|-damage|p1a: Gallade|0 fnt\n|faint|p1a: Gallade\n|\n|-weather|RainDance|[upkeep]\n|-heal|p1b: Gholdengo|48\/100|[from] item: Leftovers\n|upkeep\n|\n|t:|1726877259\n|switch|p1a: Primarina|Primarina, L50, F|100\/100\n|turn|5\n|j| falcon108\n|inactive|tyuiop112 has 30 seconds left.\n|\n|t:|1726877287\n|move|p1b: Gholdengo|Make It Rain|p2b: Pelipper|[spread] p2a,p2b\n|-resisted|p2b: Pelipper\n|-damage|p2a: Amoonguss|26\/100\n|-damage|p2b: Pelipper|19\/100\n|-unboost|p1b: Gholdengo|spa|1\n|-enditem|p2a: Amoonguss|Sitrus Berry|[eat]\n|-heal|p2a: Amoonguss|51\/100|[from] item: Sitrus Berry\n|move|p2b: Pelipper|Weather Ball|p1b: Gholdengo\n|-damage|p1b: Gholdengo|0 fnt\n|faint|p1b: Gholdengo\n|move|p1a: Primarina|Hyper Voice|p2a: Amoonguss|[spread] p2a,p2b\n|-resisted|p2a: Amoonguss\n|-resisted|p2b: Pelipper\n|-damage|p2a: Amoonguss|22\/100\n|-damage|p2b: Pelipper|0 fnt\n|faint|p2b: Pelipper\n|-damage|p1a: Primarina|91\/100|[from] item: Life Orb\n|move|p2a: Amoonguss|Spore|p1a: Primarina\n|-status|p1a: Primarina|slp|[from] move: Spore\n|\n|-weather|none\n|upkeep\n|turn|6\n|j| Therazer456\n|\n|t:|1726877309\n|cant|p1a: Primarina|slp\n|move|p2a: Amoonguss|Clear Smog|p1a: Primarina\n|-supereffective|p1a: Primarina\n|-damage|p1a: Primarina|67\/100 slp\n|-clearboost|p1a: Primarina\n|\n|upkeep\n|turn|7\n|j| lori Kitahara\n|\n|t:|1726877317\n|-curestatus|p1a: Primarina|slp|[msg]\n|move|p1a: Primarina|Moonblast|p2a: Amoonguss\n|-resisted|p2a: Amoonguss\n|-damage|p2a: Amoonguss|0 fnt\n|faint|p2a: Amoonguss\n|-damage|p1a: Primarina|58\/100|[from] item: Life Orb\n|\n|win|tyuiop112\n|raw|tyuiop112's rating: 1691 &rarr; <strong>1710<\/strong><br \/>(+19 for winning)\n|raw|BIO26R's rating: 1682 &rarr; <strong>1663<\/strong><br \/>(-19 for losing)\n|l|\u2606tyuiop112\n|player|p1|\n|l| Therazer456\n|l| nirand94\n|c|\u2606BIO26R|Gg\n|l|\u2606BIO26R\n|player|p2|\n|l| lswagh\n","uploadtime":1726877500,"views":28,"formatid":"gen9vgc2024regh","rating":1663,"private":0,"password":null}