{"id":"gen9vgc2024regh-2206775031","format":"[Gen 9] VGC 2024 Reg H","players":["Arkalid","Nuovi Amici"],"log":"|j|\u2606Arkalid\n|j|\u2606Nuovi Amici\n|t:|1726953322\n|gametype|doubles\n|player|p1|Arkalid|101|1766\n|player|p2|Nuovi Amici|unknown|1708\n|teamsize|p1|6\n|teamsize|p2|6\n|gen|9\n|tier|[Gen 9] VGC 2024 Reg H\n|rated|\n|rule|Species Clause: Limit one of each Pok\u00e9mon\n|rule|Item Clause: Limit 1 of each item\n|clearpoke\n|poke|p1|Porygon2, L50|\n|poke|p1|Incineroar, L50, M|\n|poke|p1|Flamigo, L50, F|\n|poke|p1|Ursaluna, L50, M|\n|poke|p1|Amoonguss, L50, F|\n|poke|p1|Dragapult, L50, F|\n|poke|p2|Typhlosion-Hisui, L50, M|\n|poke|p2|Whimsicott, L50, F|\n|poke|p2|Farigiraf, L50, M|\n|poke|p2|Ursaluna-Bloodmoon, L50, M|\n|poke|p2|Annihilape, L50, M|\n|poke|p2|Maushold-Four, L50|\n|teampreview|4\n|inactive|Battle timer is ON: inactive players will automatically lose when time's up. (requested by Nuovi Amici)\n|inactive|Arkalid also wants the timer to be on.\nArkalid has agreed to open team sheets.\nNuovi Amici rejected open team sheets.\n|inactive|Arkalid has 60 seconds left.\n|inactive|Nuovi Amici has 60 seconds left.\n|\n|t:|1726953361\n|start\n|switch|p1a: Flamigo|Flamigo, L50, F|100\/100\n|switch|p1b: Dragapult|Dragapult, L50, F|100\/100\n|switch|p2a: Typhlosion|Typhlosion-Hisui, L50, M|100\/100\n|switch|p2b: Whimsicott|Whimsicott, L50, F, shiny|100\/100\n|-item|p1a: Flamigo|Focus Sash|[from] ability: Frisk|[of] p2a: Typhlosion\n|-item|p1b: Dragapult|Choice Specs|[from] ability: Frisk|[of] p2a: Typhlosion\n|turn|1\n|\n|t:|1726953380\n|move|p2b: Whimsicott|Tailwind|p2b: Whimsicott\n|-sidestart|p2: Nuovi Amici|move: Tailwind\n|move|p2a: Typhlosion|Shadow Ball|p1b: Dragapult\n|-supereffective|p1b: Dragapult\n|-damage|p1b: Dragapult|0 fnt\n|faint|p1b: Dragapult\n|move|p1a: Flamigo|Brave Bird|p2b: Whimsicott\n|-supereffective|p2b: Whimsicott\n|-damage|p2b: Whimsicott|0 fnt\n|faint|p2b: Whimsicott\n|-damage|p1a: Flamigo|72\/100|[from] Recoil\n|\n|upkeep\n|\n|t:|1726953387\n|switch|p1b: Porygon2|Porygon2, L50|100\/100\n|switch|p2b: Farigiraf|Farigiraf, L50, M, shiny|100\/100\n|-ability|p1b: Porygon2|Download|boost\n|-boost|p1b: Porygon2|atk|1\n|turn|2\n|\n|t:|1726953410\n|switch|p2a: Ursaluna|Ursaluna-Bloodmoon, L50, M|100\/100\n|switch|p1a: Ursaluna|Ursaluna, L50, M|100\/100\n|move|p2b: Farigiraf|Imprison|p2b: Farigiraf\n|-start|p2b: Farigiraf|move: Imprison\n|move|p1b: Porygon2|Ice Beam|p2b: Farigiraf\n|-damage|p2b: Farigiraf|82\/100\n|\n|-status|p1a: Ursaluna|brn|[from] item: Flame Orb\n|upkeep\n|turn|3\n|inactive|Arkalid has 30 seconds left.\n|inactive|Arkalid has 20 seconds left.\n|\n|t:|1726953448\n|-terastallize|p2a: Ursaluna|Normal\n|-terastallize|p1b: Porygon2|Fighting\n|move|p2a: Ursaluna|Blood Moon|p1b: Porygon2\n|-damage|p1b: Porygon2|10\/100\n|-damage|p2a: Ursaluna|91\/100|[from] item: Life Orb\n|move|p2b: Farigiraf|Hyper Voice|p1a: Ursaluna|[spread] p1a,p1b\n|-damage|p1a: Ursaluna|73\/100 brn\n|-damage|p1b: Porygon2|0 fnt\n|faint|p1b: Porygon2\n|-enditem|p2b: Farigiraf|Throat Spray\n|-boost|p2b: Farigiraf|spa|1|[from] item: Throat Spray\n|move|p1a: Ursaluna|Facade|p2b: Farigiraf\n|-damage|p2b: Farigiraf|0 fnt\n|faint|p2b: Farigiraf\n|\n|-damage|p1a: Ursaluna|67\/100 brn|[from] brn\n|upkeep\n|\n|t:|1726953457\n|switch|p2b: Typhlosion|Typhlosion-Hisui, L50, M|100\/100\n|switch|p1b: Flamigo|Flamigo, L50, F|72\/100\n|-item|p1a: Ursaluna|Flame Orb|[from] ability: Frisk|[of] p2b: Typhlosion\n|-item|p1b: Flamigo|Focus Sash|[from] ability: Frisk|[of] p2b: Typhlosion\n|turn|4\n|\n|t:|1726953469\n|move|p1b: Flamigo|Protect|p1b: Flamigo\n|-singleturn|p1b: Flamigo|Protect\n|move|p1a: Ursaluna|Protect|p1a: Ursaluna\n|-singleturn|p1a: Ursaluna|Protect\n|move|p2b: Typhlosion|Eruption|p1b: Flamigo|[spread] \n|-activate|p1a: Ursaluna|move: Protect\n|-activate|p1b: Flamigo|move: Protect\n|move|p2a: Ursaluna|Hyper Voice|p1a: Ursaluna|[spread] \n|-activate|p1a: Ursaluna|move: Protect\n|-activate|p1b: Flamigo|move: Protect\n|\n|-damage|p1a: Ursaluna|61\/100 brn|[from] brn\n|-sideend|p2: Nuovi Amici|move: Tailwind\n|upkeep\n|turn|5\n|inactive|Arkalid has 30 seconds left.\n|j| Fancy Cucudrula\n|inactive|Arkalid has 20 seconds left.\n|inactive|Arkalid has 15 seconds left.\n|inactive|Arkalid has 10 seconds left.\n|\n|t:|1726953515\n|move|p2b: Typhlosion|Eruption|p1a: Ursaluna|[spread] p1a,p1b\n|-damage|p1a: Ursaluna|0 fnt\n|-damage|p1b: Flamigo|0 fnt\n|faint|p1a: Ursaluna\n|faint|p1b: Flamigo\n|\n|win|Nuovi Amici\n|raw|Arkalid's rating: 1766 &rarr; <strong>1743<\/strong><br \/>(-23 for losing)\n|raw|Nuovi Amici's rating: 1708 &rarr; <strong>1731<\/strong><br \/>(+23 for winning)\n|l|\u2606Nuovi Amici\n|player|p2|\n|l|\u2606Arkalid\n|player|p1|\n|l| Fancy Cucudrula\n","uploadtime":1726953785,"views":42,"formatid":"gen9vgc2024regh","rating":1731,"private":0,"password":null}