{"id":"gen9vgc2024regh-2206482511","format":"[Gen 9] VGC 2024 Reg H","players":["SamP_64","chin8"],"log":"|j|\u2606SamP_64\n|j|\u2606chin8\n|t:|1726920028\n|gametype|doubles\n|player|p1|SamP_64|2|1685\n|player|p2|chin8|gentleman-gen4dp|1682\n|teamsize|p1|6\n|teamsize|p2|6\n|gen|9\n|tier|[Gen 9] VGC 2024 Reg H\n|rated|\n|rule|Species Clause: Limit one of each Pok\u00e9mon\n|rule|Item Clause: Limit 1 of each item\n|clearpoke\n|poke|p1|Pelipper, L50, M|\n|poke|p1|Archaludon, L50, M|\n|poke|p1|Basculegion, L50, M|\n|poke|p1|Incineroar, L50, M|\n|poke|p1|Amoonguss, L50, M|\n|poke|p1|Maushold-Four, L50|\n|poke|p2|Baxcalibur, L50, F|\n|poke|p2|Kilowattrel, L50, M|\n|poke|p2|Haxorus, L50, M|\n|poke|p2|Gardevoir, L50, M|\n|poke|p2|Magmortar, L50, F|\n|poke|p2|Gholdengo, L50|\n|teampreview|4\n|inactive|Battle timer is ON: inactive players will automatically lose when time's up. (requested by chin8)\n|\n|t:|1726920062\n|start\n|switch|p1a: Pelipper|Pelipper, L50, M|100\/100\n|switch|p1b: Basculegion|Basculegion, L50, M|100\/100\n|switch|p2a: Haxorus|Haxorus, L50, M, shiny|100\/100\n|switch|p2b: Kilowattrel|Kilowattrel, L50, M|100\/100\n|-ability|p2a: Haxorus|Mold Breaker\n|-weather|RainDance|[from] ability: Drizzle|[of] p1a: Pelipper\n|turn|1\n|\n|t:|1726920074\n|move|p2b: Kilowattrel|Protect|p2b: Kilowattrel\n|-singleturn|p2b: Kilowattrel|Protect\n|move|p1b: Basculegion|Flip Turn|p2b: Kilowattrel\n|-activate|p2b: Kilowattrel|move: Protect\n|move|p2a: Haxorus|Rock Slide|p1b: Basculegion|[spread] p1a,p1b\n|-supereffective|p1a: Pelipper\n|-damage|p1a: Pelipper|36\/100\n|-damage|p1b: Basculegion|69\/100\n|move|p1a: Pelipper|Tailwind|p1a: Pelipper\n|-sidestart|p1: SamP_64|move: Tailwind\n|\n|-weather|RainDance|[upkeep]\n|upkeep\n|turn|2\n|\n|t:|1726920096\n|switch|p2b: Baxcalibur|Baxcalibur, L50, F|100\/100\n|move|p1b: Basculegion|Flip Turn|p2b: Baxcalibur\n|-resisted|p2b: Baxcalibur\n|-crit|p2b: Baxcalibur\n|-damage|p2b: Baxcalibur|54\/100\n|\n|t:|1726920105\n|switch|p1b: Archaludon|Archaludon, L50, M|100\/100|[from] Flip Turn\n|move|p1a: Pelipper|Hurricane|p2b: Baxcalibur\n|-damage|p2b: Baxcalibur|25\/100\n|move|p2a: Haxorus|Dragon Claw|p1a: Pelipper\n|-damage|p1a: Pelipper|0 fnt\n|faint|p1a: Pelipper\n|\n|-weather|RainDance|[upkeep]\n|upkeep\n|j| Lavenderawa\n|inactive|SamP_64 has 30 seconds left.\n|\n|t:|1726920133\n|switch|p1a: Incineroar|Incineroar, L50, M|100\/100\n|-ability|p1a: Incineroar|Intimidate|boost\n|-fail|p2a: Haxorus|unboost|[from] item: Clear Amulet|[of] p2a: Haxorus\n|-unboost|p2b: Baxcalibur|atk|1\n|turn|3\n|\n|t:|1726920145\n|move|p2a: Haxorus|Protect|p2a: Haxorus\n|-singleturn|p2a: Haxorus|Protect\n|move|p1b: Archaludon|Electro Shot||[still]\n|-prepare|p1b: Archaludon|Electro Shot\n|-boost|p1b: Archaludon|spa|1\n|-anim|p1b: Archaludon|Electro Shot|p2a: Haxorus\n|-activate|p2a: Haxorus|move: Protect\n|move|p1a: Incineroar|Knock Off|p2b: Baxcalibur\n|-damage|p2b: Baxcalibur|0 fnt\n|-enditem|p2b: Baxcalibur|Assault Vest|[from] move: Knock Off|[of] p1a: Incineroar\n|faint|p2b: Baxcalibur\n|\n|-weather|RainDance|[upkeep]\n|upkeep\n|\n|t:|1726920154\n|switch|p2b: Magmortar|Magmortar, L50, F|100\/100\n|turn|4\n|inactive|SamP_64 has 30 seconds left.\n|inactive|SamP_64 has 20 seconds left.\n|inactive|SamP_64 has 15 seconds left.\n|\n|t:|1726920195\n|-terastallize|p2a: Haxorus|Fighting\n|move|p2b: Magmortar|Follow Me|p2b: Magmortar\n|-singleturn|p2b: Magmortar|move: Follow Me\n|move|p1b: Archaludon|Dragon Pulse|p2b: Magmortar\n|-damage|p2b: Magmortar|49\/100\n|-enditem|p2b: Magmortar|Sitrus Berry|[eat]\n|-heal|p2b: Magmortar|74\/100|[from] item: Sitrus Berry\n|move|p1a: Incineroar|Knock Off|p2b: Magmortar\n|-damage|p2b: Magmortar|45\/100\n|move|p2a: Haxorus|Close Combat|p1b: Archaludon\n|-supereffective|p1b: Archaludon\n|-damage|p1b: Archaludon|0 fnt\n|-unboost|p2a: Haxorus|def|1\n|-unboost|p2a: Haxorus|spd|1\n|faint|p1b: Archaludon\n|\n|-weather|RainDance|[upkeep]\n|-sideend|p1: SamP_64|move: Tailwind\n|upkeep\n|inactive|SamP_64 has 30 seconds left.\n|\n|t:|1726920221\n|switch|p1b: Basculegion|Basculegion, L50, M|69\/100\n|turn|5\n|inactive|SamP_64 has 30 seconds left.\n|inactive|SamP_64 has 20 seconds left.\n|inactive|SamP_64 has 15 seconds left.\n|inactive|SamP_64 has 10 seconds left.\n|inactive|SamP_64 has 5 seconds left.\n|\n|t:|1726920276\n|move|p2a: Haxorus|Protect|p2a: Haxorus\n|-singleturn|p2a: Haxorus|Protect\n|move|p2b: Magmortar|Protect|p2b: Magmortar\n|-singleturn|p2b: Magmortar|Protect\n|move|p1a: Incineroar|Fake Out||[still]\n|-hint|Fake Out only works on your first turn out.\n|-fail|p1a: Incineroar\n|move|p1b: Basculegion|Wave Crash|p2b: Magmortar\n|-activate|p2b: Magmortar|move: Protect\n|\n|-weather|none\n|upkeep\n|turn|6\n|inactive|SamP_64 has 30 seconds left.\n|\n|t:|1726920302\n|-terastallize|p1a: Incineroar|Ghost\n|move|p2b: Magmortar|Follow Me|p2b: Magmortar\n|-singleturn|p2b: Magmortar|move: Follow Me\n|move|p2a: Haxorus|Close Combat|p1a: Incineroar\n|-immune|p1a: Incineroar\n|move|p1b: Basculegion|Wave Crash|p2b: Magmortar\n|-supereffective|p2b: Magmortar\n|-damage|p2b: Magmortar|0 fnt\n|faint|p2b: Magmortar\n|-damage|p1b: Basculegion|55\/100|[from] Recoil\n|move|p1a: Incineroar|Flare Blitz|p2a: Haxorus\n|-damage|p2a: Haxorus|18\/100\n|-damage|p1a: Incineroar|80\/100|[from] Recoil\n|\n|upkeep\n|\n|t:|1726920314\n|switch|p2b: Kilowattrel|Kilowattrel, L50, M|100\/100\n|turn|7\n|inactive|SamP_64 has 30 seconds left.\n|inactive|SamP_64 has 20 seconds left.\n|\n|t:|1726920349\n|move|p2b: Kilowattrel|Thunderbolt|p1b: Basculegion\n|-supereffective|p1b: Basculegion\n|-damage|p1b: Basculegion|0 fnt\n|faint|p1b: Basculegion\n|move|p2a: Haxorus|Dragon Claw|p1a: Incineroar\n|-damage|p1a: Incineroar|35\/100\n|move|p1a: Incineroar|Flare Blitz|p2a: Haxorus\n|-damage|p2a: Haxorus|0 fnt\n|faint|p2a: Haxorus\n|-damage|p1a: Incineroar|31\/100|[from] Recoil\n|\n|upkeep\n|turn|8\n|\n|t:|1726920355\n|move|p2b: Kilowattrel|Thunderbolt|p1a: Incineroar\n|-damage|p1a: Incineroar|0 fnt\n|faint|p1a: Incineroar\n|\n|win|chin8\n|raw|SamP_64's rating: 1685 &rarr; <strong>1665<\/strong><br \/>(-20 for losing)\n|raw|chin8's rating: 1682 &rarr; <strong>1702<\/strong><br \/>(+20 for winning)\n|l|\u2606SamP_64\n|player|p1|\n|l|\u2606chin8\n|player|p2|\n|l| Lavenderawa\n","uploadtime":1726920576,"views":35,"formatid":"gen9vgc2024regh","rating":1665,"private":0,"password":null}