{"id":"gen9vgc2024regh-2206779849","format":"[Gen 9] VGC 2024 Reg H","players":["Nuovi Amici","Arkalid"],"log":"|j|\u2606Nuovi Amici\n|j|\u2606Arkalid\n|t:|1726953857\n|gametype|doubles\n|player|p1|Nuovi Amici|unknown|1706\n|player|p2|Arkalid|101|1717\n|teamsize|p1|6\n|teamsize|p2|6\n|gen|9\n|tier|[Gen 9] VGC 2024 Reg H\n|rated|\n|rule|Species Clause: Limit one of each Pok\u00e9mon\n|rule|Item Clause: Limit 1 of each item\n|clearpoke\n|poke|p1|Typhlosion-Hisui, L50, F|\n|poke|p1|Whimsicott, L50, M|\n|poke|p1|Farigiraf, L50, M|\n|poke|p1|Ursaluna-Bloodmoon, L50, M|\n|poke|p1|Annihilape, L50, M|\n|poke|p1|Maushold-Four, L50|\n|poke|p2|Porygon2, L50|\n|poke|p2|Incineroar, L50, M|\n|poke|p2|Flamigo, L50, F|\n|poke|p2|Ursaluna, L50, M|\n|poke|p2|Amoonguss, L50, M|\n|poke|p2|Dragapult, L50, M|\n|teampreview|4\n|inactive|Battle timer is ON: inactive players will automatically lose when time's up. (requested by Arkalid)\n|inactive|Nuovi Amici also wants the timer to be on.\nArkalid has agreed to open team sheets.\nNuovi Amici rejected open team sheets.\n|inactive|Arkalid has 60 seconds left.\n|\n|t:|1726953890\n|start\n|switch|p1a: Whimsicott|Whimsicott, L50, M, shiny|100\/100\n|switch|p1b: Typhlosion|Typhlosion-Hisui, L50, F|100\/100\n|switch|p2a: Flamigo|Flamigo, L50, F|100\/100\n|switch|p2b: Dragapult|Dragapult, L50, M|100\/100\n|-item|p2a: Flamigo|Focus Sash|[from] ability: Frisk|[of] p1b: Typhlosion\n|-item|p2b: Dragapult|Choice Specs|[from] ability: Frisk|[of] p1b: Typhlosion\n|turn|1\n|inactive|Nuovi Amici has 30 seconds left.\n|\n|t:|1726953919\n|-terastallize|p2b: Dragapult|Fairy\n|move|p2a: Flamigo|Wide Guard|p2a: Flamigo\n|-singleturn|p2a: Flamigo|Wide Guard\n|move|p1a: Whimsicott|Tailwind|p1a: Whimsicott\n|-sidestart|p1: Nuovi Amici|move: Tailwind\n|move|p1b: Typhlosion|Eruption|p2a: Flamigo|[spread] \n|-activate|p2a: Flamigo|move: Wide Guard\n|-activate|p2b: Dragapult|move: Wide Guard\n|move|p2b: Dragapult|Shadow Ball|p1b: Typhlosion\n|-supereffective|p1b: Typhlosion\n|-damage|p1b: Typhlosion|0 fnt\n|faint|p1b: Typhlosion\n|\n|upkeep\n|\n|t:|1726953924\n|switch|p1b: Ursaluna|Ursaluna-Bloodmoon, L50, M|100\/100\n|turn|2\n|\n|t:|1726953944\n|move|p1a: Whimsicott|Encore|p2a: Flamigo\n|-start|p2a: Flamigo|Encore\n|move|p1b: Ursaluna|Blood Moon|p2b: Dragapult\n|-damage|p2b: Dragapult|0 fnt\n|faint|p2b: Dragapult\n|-damage|p1b: Ursaluna|91\/100|[from] item: Life Orb\n|move|p2a: Flamigo|Wide Guard||[still]\n|-fail|p2a: Flamigo\n|\n|upkeep\n|\n|t:|1726953953\n|switch|p2b: Porygon2|Porygon2, L50|100\/100\n|-ability|p2b: Porygon2|Download|boost\n|-boost|p2b: Porygon2|spa|1\n|turn|3\n|\n|t:|1726953966\n|switch|p2a: Ursaluna|Ursaluna, L50, M|100\/100\n|move|p1a: Whimsicott|Moonblast|p2a: Ursaluna\n|-damage|p2a: Ursaluna|66\/100\n|move|p1b: Ursaluna|Earth Power|p2a: Ursaluna\n|-damage|p2a: Ursaluna|0 fnt\n|faint|p2a: Ursaluna\n|-damage|p1b: Ursaluna|81\/100|[from] item: Life Orb\n|move|p2b: Porygon2|Trick Room|p2b: Porygon2\n|-fieldstart|move: Trick Room|[of] p2b: Porygon2\n|\n|upkeep\n|\n|t:|1726953972\n|switch|p2a: Flamigo|Flamigo, L50, F|100\/100\n|turn|4\n|\n|t:|1726953994\n|move|p1a: Whimsicott|Encore|p2b: Porygon2\n|-start|p2b: Porygon2|Encore\n|move|p2b: Porygon2|Trick Room|p2b: Porygon2\n|-fieldend|move: Trick Room\n|move|p1b: Ursaluna|Blood Moon|p2a: Flamigo\n|-enditem|p2a: Flamigo|Focus Sash\n|-damage|p2a: Flamigo|1\/100\n|-damage|p1b: Ursaluna|72\/100|[from] item: Life Orb\n|move|p2a: Flamigo|Close Combat|p1b: Ursaluna\n|-supereffective|p1b: Ursaluna\n|-damage|p1b: Ursaluna|0 fnt\n|-unboost|p2a: Flamigo|def|1\n|-unboost|p2a: Flamigo|spd|1\n|faint|p1b: Ursaluna\n|\n|-sideend|p1: Nuovi Amici|move: Tailwind\n|upkeep\n|\n|t:|1726954005\n|switch|p1b: Farigiraf|Farigiraf, L50, M, shiny|100\/100\n|turn|5\n|inactive|Arkalid has 30 seconds left.\n|\n|t:|1726954037\n|move|p1a: Whimsicott|Moonblast|p2a: Flamigo\n|-supereffective|p2a: Flamigo\n|-damage|p2a: Flamigo|0 fnt\n|faint|p2a: Flamigo\n|move|p1b: Farigiraf|Hyper Voice|p2b: Porygon2\n|-damage|p2b: Porygon2|78\/100\n|-enditem|p1b: Farigiraf|Throat Spray\n|-boost|p1b: Farigiraf|spa|1|[from] item: Throat Spray\n|move|p2b: Porygon2|Trick Room|p2b: Porygon2\n|-fieldstart|move: Trick Room|[of] p2b: Porygon2\n|\n|upkeep\n|turn|6\n|\n|t:|1726954043\n|move|p1b: Farigiraf|Hyper Voice|p2b: Porygon2\n|-damage|p2b: Porygon2|44\/100\n|move|p1a: Whimsicott|Moonblast|p2b: Porygon2\n|-damage|p2b: Porygon2|23\/100\n|move|p2b: Porygon2|Trick Room|p2b: Porygon2\n|-fieldend|move: Trick Room\n|\n|-end|p2b: Porygon2|Encore\n|upkeep\n|turn|7\n|\n|t:|1726954049\n|move|p1a: Whimsicott|Encore|p2b: Porygon2\n|-start|p2b: Porygon2|Encore\n|move|p1b: Farigiraf|Hyper Voice|p2b: Porygon2\n|-damage|p2b: Porygon2|0 fnt\n|faint|p2b: Porygon2\n|\n|win|Nuovi Amici\n|raw|Nuovi Amici's rating: 1706 &rarr; <strong>1727<\/strong><br \/>(+21 for winning)\n|raw|Arkalid's rating: 1717 &rarr; <strong>1696<\/strong><br \/>(-21 for losing)\n|l|\u2606Nuovi Amici\n|player|p1|\n","uploadtime":1726954063,"views":33,"formatid":"gen9vgc2024regh","rating":1696,"private":0,"password":null}