{"id":"gen9vgc2024regh-2206223427","format":"[Gen 9] VGC 2024 Reg H","players":["SamP_64","tyuiop112"],"log":"|j|\u2606SamP_64\n|j|\u2606tyuiop112\n|t:|1726878189\n|gametype|doubles\n|player|p1|SamP_64|170|1675\n|player|p2|tyuiop112|169|1719\n|teamsize|p1|6\n|teamsize|p2|6\n|gen|9\n|tier|[Gen 9] VGC 2024 Reg H\n|rated|\n|rule|Species Clause: Limit one of each Pok\u00e9mon\n|rule|Item Clause: Limit 1 of each item\n|clearpoke\n|poke|p1|Pelipper, L50, M|\n|poke|p1|Archaludon, L50, F|\n|poke|p1|Basculegion, L50, M|\n|poke|p1|Incineroar, L50, M|\n|poke|p1|Amoonguss, L50, F|\n|poke|p1|Maushold-Four, L50|\n|poke|p2|Incineroar, L50, F|\n|poke|p2|Gallade, L50, M|\n|poke|p2|Dragonite, L50, M|\n|poke|p2|Gholdengo, L50|\n|poke|p2|Primarina, L50, F|\n|poke|p2|Electabuzz, L50, M|\n|teampreview|4\n|\n|t:|1726878222\n|start\n|switch|p1a: Basculegion|Basculegion, L50, M|100\/100\n|switch|p1b: Pelipper|Pelipper, L50, M|100\/100\n|switch|p2a: Primarina|Primarina, L50, F|100\/100\n|switch|p2b: Electabuzz|Electabuzz, L50, M|100\/100\n|-weather|RainDance|[from] ability: Drizzle|[of] p1b: Pelipper\n|turn|1\n|\n|t:|1726878257\n|-terastallize|p1a: Basculegion|Water\n|move|p2b: Electabuzz|Protect|p2b: Electabuzz\n|-singleturn|p2b: Electabuzz|Protect\n|move|p1a: Basculegion|Wave Crash|p2b: Electabuzz\n|-activate|p2b: Electabuzz|move: Protect\n|move|p1b: Pelipper|Hurricane|p2a: Primarina\n|-damage|p2a: Primarina|61\/100\n|move|p2a: Primarina|Moonblast|p1a: Basculegion\n|-damage|p1a: Basculegion|14\/100\n|-damage|p2a: Primarina|52\/100|[from] item: Life Orb\n|\n|-weather|RainDance|[upkeep]\n|upkeep\n|turn|2\n|\n|t:|1726878284\n|switch|p2b: Gholdengo|Gholdengo, L50|100\/100\n|move|p1a: Basculegion|Wave Crash|p2b: Gholdengo\n|-damage|p2b: Gholdengo|0 fnt\n|faint|p2b: Gholdengo\n|-damage|p1a: Basculegion|0 fnt|[from] Recoil\n|faint|p1a: Basculegion\n|move|p1b: Pelipper|Hurricane|p2a: Primarina\n|-damage|p2a: Primarina|8\/100\n|move|p2a: Primarina|Moonblast|p1b: Pelipper\n|-enditem|p1b: Pelipper|Focus Sash\n|-damage|p1b: Pelipper|1\/100\n|-damage|p2a: Primarina|0 fnt|[from] item: Life Orb\n|faint|p2a: Primarina\n|\n|-weather|RainDance|[upkeep]\n|upkeep\n|inactive|Battle timer is ON: inactive players will automatically lose when time's up. (requested by tyuiop112)\n|\n|t:|1726878315\n|switch|p2b: Gallade|Gallade, L50, M|100\/100\n|switch|p1a: Incineroar|Incineroar, L50, M|100\/100\n|switch|p2a: Electabuzz|Electabuzz, L50, M|100\/100\n|-ability|p1a: Incineroar|Intimidate|boost\n|-unboost|p2a: Electabuzz|atk|1\n|-unboost|p2b: Gallade|atk|1\n|turn|3\n|inactive|SamP_64 has 30 seconds left.\n|inactive|SamP_64 has 20 seconds left.\n|\n|t:|1726878350\n|-terastallize|p2a: Electabuzz|Ghost\n|move|p1a: Incineroar|Fake Out|p2a: Electabuzz\n|-immune|p2a: Electabuzz\n|move|p2a: Electabuzz|Electroweb|p1a: Incineroar|[spread] p1a,p1b\n|-supereffective|p1b: Pelipper\n|-damage|p1a: Incineroar|90\/100\n|-damage|p1b: Pelipper|0 fnt\n|-unboost|p1a: Incineroar|spe|1\n|faint|p1b: Pelipper\n|move|p2b: Gallade|Sacred Sword|p1a: Incineroar\n|-supereffective|p1a: Incineroar\n|-damage|p1a: Incineroar|12\/100\n|\n|-weather|RainDance|[upkeep]\n|upkeep\n|\n|t:|1726878357\n|switch|p1b: Archaludon|Archaludon, L50, F|100\/100\n|turn|4\n|inactive|tyuiop112 has 30 seconds left.\n|\n|t:|1726878383\n|move|p2a: Electabuzz|Follow Me|p2a: Electabuzz\n|-singleturn|p2a: Electabuzz|move: Follow Me\n|move|p1b: Archaludon|Electro Shot||[still]\n|-prepare|p1b: Archaludon|Electro Shot\n|-boost|p1b: Archaludon|spa|1\n|-anim|p1b: Archaludon|Electro Shot|p2a: Electabuzz\n|-damage|p2a: Electabuzz|56\/100\n|move|p2b: Gallade|Sacred Sword|p1b: Archaludon\n|-supereffective|p1b: Archaludon\n|-damage|p1b: Archaludon|29\/100\n|-ability|p1b: Archaludon|Stamina|boost\n|-boost|p1b: Archaludon|def|1\n|move|p1a: Incineroar|Knock Off|p2a: Electabuzz\n|-supereffective|p2a: Electabuzz\n|-damage|p2a: Electabuzz|0 fnt\n|-enditem|p2a: Electabuzz|Eviolite|[from] move: Knock Off|[of] p1a: Incineroar\n|faint|p2a: Electabuzz\n|\n|-weather|RainDance|[upkeep]\n|upkeep\n|turn|5\n|inactive|SamP_64 has 30 seconds left.\n|\n|t:|1726878417\n|move|p1b: Archaludon|Electro Shot||[still]\n|-prepare|p1b: Archaludon|Electro Shot\n|-boost|p1b: Archaludon|spa|1\n|-anim|p1b: Archaludon|Electro Shot|p2b: Gallade\n|-damage|p2b: Gallade|48\/100\n|move|p2b: Gallade|Sacred Sword|p1b: Archaludon\n|-supereffective|p1b: Archaludon\n|-damage|p1b: Archaludon|0 fnt\n|faint|p1b: Archaludon\n|move|p1a: Incineroar|Knock Off|p2b: Gallade\n|-damage|p2b: Gallade|0 fnt\n|-enditem|p2b: Gallade|Assault Vest|[from] move: Knock Off|[of] p1a: Incineroar\n|faint|p2b: Gallade\n|\n|win|SamP_64\n|raw|SamP_64's rating: 1675 &rarr; <strong>1698<\/strong><br \/>(+23 for winning)\n|raw|tyuiop112's rating: 1719 &rarr; <strong>1696<\/strong><br \/>(-23 for losing)\n|l|\u2606tyuiop112\n|player|p2|\n|l|\u2606SamP_64\n|player|p1|\n","uploadtime":1726878606,"views":28,"formatid":"gen9vgc2024regh","rating":1696,"private":0,"password":null}