{"id":"gen9vgc2024regh-2206030782","format":"[Gen 9] VGC 2024 Reg H","players":["Arkalid","Krisuerte"],"log":"|j|\u2606Arkalid\n|j|\u2606Krisuerte\n|t:|1726857641\n|gametype|doubles\n|player|p1|Arkalid|1|1727\n|player|p2|Krisuerte|169|1699\n|teamsize|p1|6\n|teamsize|p2|6\n|gen|9\n|tier|[Gen 9] VGC 2024 Reg H\n|rated|\n|rule|Species Clause: Limit one of each Pok\u00e9mon\n|rule|Item Clause: Limit 1 of each item\n|clearpoke\n|poke|p1|Amoonguss, L50, M|\n|poke|p1|Incineroar, L50, M|\n|poke|p1|Tyranitar, L50, F|\n|poke|p1|Primarina, L50, F|\n|poke|p1|Gholdengo, L50|\n|poke|p1|Sneasler, L50, F|\n|poke|p2|Tyranitar, L50, M|\n|poke|p2|Gholdengo, L50|\n|poke|p2|Murkrow, L50, M|\n|poke|p2|Garchomp, L50, M|\n|poke|p2|Excadrill, L50, F|\n|poke|p2|Milotic, L50, F|\n|teampreview|4\n|inactive|Battle timer is ON: inactive players will automatically lose when time's up. (requested by Arkalid)\nArkalid has agreed to open team sheets.\n|inactive|Arkalid has 60 seconds left.\n|inactive|Krisuerte has 60 seconds left.\n|inactive|Arkalid has 30 seconds left.\n|inactive|Arkalid has 20 seconds left.\n|inactive|Arkalid has 15 seconds left.\n|inactive|Arkalid has 10 seconds left.\n|\n|t:|1726857726\n|start\n|switch|p1a: Tyranitar|Tyranitar, L50, F|100\/100\n|switch|p1b: Gholdengo|Gholdengo, L50|100\/100\n|switch|p2a: Milotic|Milotic, L50, F|100\/100\n|switch|p2b: Gholdengo|Gholdengo, L50|100\/100\n|-weather|Sandstorm|[from] ability: Sand Stream|[of] p1a: Tyranitar\n|turn|1\n|inactive|Krisuerte has 30 seconds left.\n|\n|t:|1726857753\n|switch|p1b: Incineroar|Incineroar, L50, M|100\/100\n|-ability|p1b: Incineroar|Intimidate|boost\n|-unboost|p2a: Milotic|atk|1\n|-ability|p2a: Milotic|Competitive|boost\n|-boost|p2a: Milotic|spa|2\n|-unboost|p2b: Gholdengo|atk|1\n|switch|p2a: Excadrill|Excadrill, L50, F|100\/100\n|-terastallize|p1a: Tyranitar|Flying\n|-terastallize|p2b: Gholdengo|Steel\n|move|p1a: Tyranitar|Knock Off|p2b: Gholdengo\n|-damage|p2b: Gholdengo|46\/100\n|-enditem|p2b: Gholdengo|Choice Specs|[from] move: Knock Off|[of] p1a: Tyranitar\n|move|p2b: Gholdengo|Shadow Ball|p1b: Incineroar\n|-resisted|p1b: Incineroar\n|-damage|p1b: Incineroar|82\/100\n|\n|-weather|Sandstorm|[upkeep]\n|-damage|p1a: Tyranitar|94\/100|[from] Sandstorm\n|upkeep\n|turn|2\n|inactive|Arkalid has 30 seconds left.\n|inactive|Krisuerte has 30 seconds left.\n|inactive|Arkalid has 20 seconds left.\n|inactive|Krisuerte has 20 seconds left.\n|inactive|Arkalid has 15 seconds left.\n|inactive|Krisuerte has 15 seconds left.\n|inactive|Arkalid has 10 seconds left.\n|\n|t:|1726857801\n|switch|p2b: Milotic|Milotic, L50, F|100\/100\n|move|p2a: Excadrill|Protect|p2a: Excadrill\n|-singleturn|p2a: Excadrill|Protect\n|move|p1b: Incineroar|Fake Out|p2a: Excadrill\n|-activate|p2a: Excadrill|move: Protect\n|move|p1a: Tyranitar|Low Kick|p2b: Milotic\n|-damage|p2b: Milotic|71\/100\n|\n|-weather|Sandstorm|[upkeep]\n|-damage|p1a: Tyranitar|88\/100|[from] Sandstorm\n|-damage|p2b: Milotic|64\/100|[from] Sandstorm\n|upkeep\n|turn|3\n|inactive|Arkalid has 30 seconds left.\n|inactive|Krisuerte has 30 seconds left.\n|\n|t:|1726857832\n|move|p2a: Excadrill|Iron Head|p1a: Tyranitar\n|-crit|p1a: Tyranitar\n|-damage|p1a: Tyranitar|26\/100\n|move|p1a: Tyranitar|Low Kick|p2a: Excadrill\n|-supereffective|p2a: Excadrill\n|-damage|p2a: Excadrill|42\/100\n|move|p2b: Milotic|Recover|p2b: Milotic\n|-heal|p2b: Milotic|100\/100\n|move|p1b: Incineroar|Parting Shot|p2a: Excadrill\n|-unboost|p2a: Excadrill|atk|1\n|-unboost|p2a: Excadrill|spa|1\n|inactive|Arkalid has 30 seconds left.\n|\n|t:|1726857857\n|switch|p1b: Gholdengo|Gholdengo, L50|100\/100|[from] Parting Shot\n|\n|-weather|Sandstorm|[upkeep]\n|-damage|p1a: Tyranitar|20\/100|[from] Sandstorm\n|-damage|p2b: Milotic|94\/100|[from] Sandstorm\n|upkeep\n|turn|4\n|inactive|Arkalid has 30 seconds left.\n|inactive|Krisuerte has 30 seconds left.\n|inactive|Krisuerte has 20 seconds left.\n|\n|t:|1726857894\n|move|p2a: Excadrill|Iron Head|p1a: Tyranitar\n|-damage|p1a: Tyranitar|0 fnt\n|faint|p1a: Tyranitar\n|move|p1b: Gholdengo|Shadow Ball|p2a: Excadrill\n|-damage|p2a: Excadrill|0 fnt\n|faint|p2a: Excadrill\n|move|p2b: Milotic|Icy Wind|p1b: Gholdengo\n|-resisted|p1b: Gholdengo\n|-damage|p1b: Gholdengo|93\/100\n|-unboost|p1b: Gholdengo|spe|1\n|\n|-weather|Sandstorm|[upkeep]\n|-damage|p2b: Milotic|88\/100|[from] Sandstorm\n|upkeep\n|\n|t:|1726857917\n|switch|p2a: Gholdengo|Gholdengo, L50, tera:Steel|46\/100\n|switch|p1a: Sneasler|Sneasler, L50, F|100\/100\n|turn|5\n|inactive|Krisuerte has 30 seconds left.\n|inactive|Krisuerte has 20 seconds left.\n|\n|t:|1726857955\n|switch|p2a: Garchomp|Garchomp, L50, M|100\/100\n|move|p1a: Sneasler|Close Combat|p2a: Garchomp|[miss]\n|-miss|p1a: Sneasler|p2a: Garchomp\n|move|p1b: Gholdengo|Shadow Ball|p2b: Milotic\n|-damage|p2b: Milotic|56\/100\n|move|p2b: Milotic|Scald|p1a: Sneasler\n|-damage|p1a: Sneasler|63\/100\n|-status|p1a: Sneasler|brn\n|\n|-weather|none\n|-damage|p1a: Sneasler|57\/100 brn|[from] brn\n|upkeep\n|turn|6\n|inactive|Arkalid has 30 seconds left.\n|inactive|Krisuerte has 30 seconds left.\n|inactive|Krisuerte has 20 seconds left.\n|inactive|Krisuerte has 15 seconds left.\n|\n|t:|1726857998\n|switch|p1b: Incineroar|Incineroar, L50, M|82\/100\n|-ability|p1b: Incineroar|Intimidate|boost\n|-unboost|p2a: Garchomp|atk|1\n|-unboost|p2b: Milotic|atk|1\n|-ability|p2b: Milotic|Competitive|boost\n|-boost|p2b: Milotic|spa|2\n|move|p1a: Sneasler|Dire Claw|p2b: Milotic\n|-damage|p2b: Milotic|41\/100\n|move|p2a: Garchomp|Earthquake|p1a: Sneasler|[spread] p2b,p1a,p1b\n|-supereffective|p1a: Sneasler\n|-supereffective|p1b: Incineroar\n|-damage|p2b: Milotic|19\/100\n|-damage|p1a: Sneasler|0 fnt\n|-damage|p1b: Incineroar|36\/100\n|faint|p1a: Sneasler\n|move|p2b: Milotic|Recover|p2b: Milotic\n|-heal|p2b: Milotic|70\/100\n|\n|upkeep\n|\n|t:|1726858012\n|switch|p1a: Gholdengo|Gholdengo, L50|93\/100\n|turn|7\n|inactive|Arkalid has 30 seconds left.\n|inactive|Krisuerte has 30 seconds left.\n|inactive|Arkalid has 20 seconds left.\n|inactive|Arkalid has 15 seconds left.\n|\n|t:|1726858056\n|move|p2a: Garchomp|Protect|p2a: Garchomp\n|-singleturn|p2a: Garchomp|Protect\n|move|p1b: Incineroar|Fake Out|p2b: Milotic\n|-damage|p2b: Milotic|61\/100\n|move|p1a: Gholdengo|Shadow Ball|p2a: Garchomp\n|-activate|p2a: Garchomp|move: Protect\n|move|p2b: Milotic|Icy Wind|p1b: Incineroar|[spread] p1a,p1b\n|-resisted|p1a: Gholdengo\n|-resisted|p1b: Incineroar\n|-damage|p1a: Gholdengo|83\/100\n|-damage|p1b: Incineroar|29\/100\n|-unboost|p1a: Gholdengo|spe|1\n|-unboost|p1b: Incineroar|spe|1\n|\n|upkeep\n|turn|8\n|\n|t:|1726858076\n|move|p2a: Garchomp|Earthquake|p1a: Gholdengo|[spread] p2b,p1a,p1b\n|-supereffective|p1a: Gholdengo\n|-supereffective|p1b: Incineroar\n|-damage|p2b: Milotic|38\/100\n|-damage|p1a: Gholdengo|18\/100\n|-damage|p1b: Incineroar|0 fnt\n|faint|p1b: Incineroar\n|move|p1a: Gholdengo|Shadow Ball|p2a: Garchomp\n|-damage|p2a: Garchomp|53\/100\n|move|p2b: Milotic|Scald|p1a: Gholdengo\n|-damage|p1a: Gholdengo|0 fnt\n|faint|p1a: Gholdengo\n|\n|win|Krisuerte\n|raw|Arkalid's rating: 1727 &rarr; <strong>1705<\/strong><br \/>(-22 for losing)\n|raw|Krisuerte's rating: 1699 &rarr; <strong>1721<\/strong><br \/>(+22 for winning)\n|l|\u2606Arkalid\n|player|p1|\n|c|\u2606Krisuerte|Gg\n|l|\u2606Krisuerte\n|player|p2|\n","uploadtime":1726858085,"views":45,"formatid":"gen9vgc2024regh","rating":1705,"private":0,"password":null}