{"id":"gen9vgc2024regh-2206616715","format":"[Gen 9] VGC 2024 Reg H","players":["winterbreak","pmawarrior"],"log":"|j|\u2606winterbreak\n|j|\u2606pmawarrior\n|t:|1726936290\n|gametype|doubles\n|player|p1|winterbreak|lucas-gen4pt|1709\n|player|p2|pmawarrior|2|1775\n|teamsize|p1|6\n|teamsize|p2|6\n|gen|9\n|tier|[Gen 9] VGC 2024 Reg H\n|rated|\n|rule|Species Clause: Limit one of each Pok\u00e9mon\n|rule|Item Clause: Limit 1 of each item\n|clearpoke\n|poke|p1|Garganacl, L50, F|\n|poke|p1|Azumarill, L50, M|\n|poke|p1|Dragapult, L50, M|\n|poke|p1|Gholdengo, L50|\n|poke|p1|Incineroar, L50, F|\n|poke|p1|Volcarona, L50, M|\n|poke|p2|Annihilape, L50, M|\n|poke|p2|Maushold-Four, L50|\n|poke|p2|Dondozo, L50, M|\n|poke|p2|Tatsugiri, L50, M|\n|poke|p2|Glimmora, L50, F|\n|poke|p2|Dragonite, L50, F|\n|teampreview|4\n|j| TestingDoublesVGC\n|inactive|Battle timer is ON: inactive players will automatically lose when time's up. (requested by pmawarrior)\n|\n|t:|1726936338\n|start\n|switch|p1a: Garganacl|Garganacl, L50, F|100\/100\n|switch|p1b: Gholdengo|Gholdengo, L50|100\/100\n|switch|p2a: Annihilape|Annihilape, L50, M|100\/100\n|switch|p2b: Glimmora|Glimmora, L50, F|100\/100\n|turn|1\n|j| Lavenderawa\n|\n|t:|1726936362\n|switch|p1a: Dragapult|Dragapult, L50, M|100\/100\n|-terastallize|p2b: Glimmora|Ground\n|move|p1b: Gholdengo|Protect|p1b: Gholdengo\n|-singleturn|p1b: Gholdengo|Protect\n|move|p2b: Glimmora|Earth Power|p1b: Gholdengo\n|-activate|p1b: Gholdengo|move: Protect\n|move|p2a: Annihilape|Final Gambit|p1a: Dragapult\n|-immune|p1a: Dragapult\n|\n|upkeep\n|turn|2\n|inactive|winterbreak has 30 seconds left.\n|inactive|winterbreak has 20 seconds left.\n|inactive|winterbreak has 15 seconds left.\n|\n|t:|1726936405\n|switch|p1b: Azumarill|Azumarill, L50, M|100\/100\n|move|p1a: Dragapult|Draco Meteor|p2b: Glimmora\n|-enditem|p2b: Glimmora|Focus Sash\n|-damage|p2b: Glimmora|1\/100\n|-unboost|p1a: Dragapult|spa|2\n|move|p2b: Glimmora|Earth Power|p1b: Azumarill\n|-damage|p1b: Azumarill|65\/100\n|move|p2a: Annihilape|Rage Fist|p1a: Dragapult\n|-supereffective|p1a: Dragapult\n|-damage|p1a: Dragapult|31\/100\n|\n|upkeep\n|turn|3\n|inactive|pmawarrior has 30 seconds left.\n|\n|t:|1726936435\n|move|p2b: Glimmora|Spiky Shield|p2b: Glimmora\n|-singleturn|p2b: Glimmora|move: Protect\n|move|p1a: Dragapult|Draco Meteor|p2b: Glimmora\n|-activate|p2b: Glimmora|move: Protect\n|move|p2a: Annihilape|Rage Fist|p1b: Azumarill\n|-damage|p1b: Azumarill|39\/100\n|move|p1b: Azumarill|Play Rough|p2a: Annihilape\n|-supereffective|p2a: Annihilape\n|-damage|p2a: Annihilape|0 fnt\n|faint|p2a: Annihilape\n|\n|upkeep\n|\n|t:|1726936441\n|switch|p2a: Dondozo|Dondozo, L50, M|100\/100\n|turn|4\n|\n|t:|1726936459\n|switch|p2b: Tatsugiri|Tatsugiri, L50, M|100\/100\n|-activate|p2b: Tatsugiri|ability: Commander|[of] p2a: Dondozo\n|-boost|p2a: Dondozo|atk|2\n|-boost|p2a: Dondozo|spa|2\n|-boost|p2a: Dondozo|spe|2\n|-boost|p2a: Dondozo|def|2\n|-boost|p2a: Dondozo|spd|2\n|move|p1b: Azumarill|Aqua Jet|p2b: Tatsugiri|[miss]\n|-miss|p1b: Azumarill|p2b: Tatsugiri\n|move|p1a: Dragapult|Draco Meteor|p2a: Dondozo\n|-damage|p2a: Dondozo|51\/100\n|-unboost|p1a: Dragapult|spa|2\n|move|p2a: Dondozo|Earthquake|p1a: Dragapult|[spread] p1a,p1b\n|-miss|p2a: Dondozo|p2b: Tatsugiri\n|-crit|p1a: Dragapult\n|-damage|p1a: Dragapult|0 fnt\n|-damage|p1b: Azumarill|0 fnt\n|faint|p1a: Dragapult\n|faint|p1b: Azumarill\n|\n|upkeep\n|\n|t:|1726936473\n|switch|p1a: Garganacl|Garganacl, L50, F|100\/100\n|switch|p1b: Gholdengo|Gholdengo, L50|100\/100\n|turn|5\n|inactive|winterbreak has 30 seconds left.\n|inactive|winterbreak has 20 seconds left.\n|\n|t:|1726936512\n|-terastallize|p1a: Garganacl|Poison\n|move|p2a: Dondozo|Protect|p2a: Dondozo\n|-singleturn|p2a: Dondozo|Protect\n|move|p1b: Gholdengo|Protect|p1b: Gholdengo\n|-singleturn|p1b: Gholdengo|Protect\n|move|p1a: Garganacl|Salt Cure|p2a: Dondozo\n|-activate|p2a: Dondozo|move: Protect\n|\n|upkeep\n|turn|6\n|inactive|winterbreak has 30 seconds left.\n|inactive|winterbreak has 20 seconds left.\n|\n|t:|1726936548\n|move|p1a: Garganacl|Wide Guard|p1a: Garganacl\n|-singleturn|p1a: Garganacl|Wide Guard\n|move|p2a: Dondozo|Earthquake|p1b: Gholdengo|[spread] \n|-miss|p2a: Dondozo|p2b: Tatsugiri\n|-activate|p1a: Garganacl|move: Wide Guard\n|-activate|p1b: Gholdengo|move: Wide Guard\n|move|p1b: Gholdengo|Shadow Ball|p2a: Dondozo\n|-damage|p2a: Dondozo|27\/100\n|\n|upkeep\n|turn|7\n|\n|t:|1726936563\n|move|p1b: Gholdengo|Protect|p1b: Gholdengo\n|-singleturn|p1b: Gholdengo|Protect\n|move|p2a: Dondozo|Earthquake|p1a: Garganacl|[spread] p1a\n|-miss|p2a: Dondozo|p2b: Tatsugiri\n|-activate|p1b: Gholdengo|move: Protect\n|-supereffective|p1a: Garganacl\n|-crit|p1a: Garganacl\n|-damage|p1a: Garganacl|23\/100\n|move|p1a: Garganacl|Salt Cure|p2a: Dondozo\n|-damage|p2a: Dondozo|22\/100\n|-start|p2a: Dondozo|Salt Cure\n|\n|-heal|p1a: Garganacl|29\/100|[from] item: Leftovers\n|-damage|p2a: Dondozo|0 fnt|[from] Salt Cure\n|faint|p2a: Dondozo\n|upkeep\n|\n|t:|1726936567\n|switch|p2a: Glimmora|Glimmora, L50, F, tera:Ground|1\/100\n|turn|8\n|\n|t:|1726936580\n|move|p1a: Garganacl|Wide Guard|p1a: Garganacl\n|-singleturn|p1a: Garganacl|Wide Guard\n|move|p2a: Glimmora|Earth Power|p1b: Gholdengo\n|-supereffective|p1b: Gholdengo\n|-enditem|p1b: Gholdengo|Focus Sash\n|-damage|p1b: Gholdengo|1\/100\n|move|p1b: Gholdengo|Make It Rain|p2a: Glimmora|[spread] p2a,p2b\n|-resisted|p2b: Tatsugiri\n|-damage|p2a: Glimmora|0 fnt\n|-damage|p2b: Tatsugiri|71\/100\n|-unboost|p1b: Gholdengo|spa|1\n|faint|p2a: Glimmora\n|move|p2b: Tatsugiri|Hydro Pump|p1a: Garganacl\n|-damage|p1a: Garganacl|0 fnt\n|faint|p1a: Garganacl\n|-damage|p2b: Tatsugiri|61\/100|[from] item: Life Orb\n|\n|upkeep\n|turn|9\n|\n|t:|1726936591\n|move|p1b: Gholdengo|Nasty Plot|p1b: Gholdengo\n|-boost|p1b: Gholdengo|spa|2\n|move|p2b: Tatsugiri|Draco Meteor|p1b: Gholdengo\n|-resisted|p1b: Gholdengo\n|-damage|p1b: Gholdengo|0 fnt\n|-unboost|p2b: Tatsugiri|spa|2\n|faint|p1b: Gholdengo\n|-damage|p2b: Tatsugiri|51\/100|[from] item: Life Orb\n|\n|win|pmawarrior\n|raw|winterbreak's rating: 1709 &rarr; <strong>1693<\/strong><br \/>(-16 for losing)\n|raw|pmawarrior's rating: 1775 &rarr; <strong>1791<\/strong><br \/>(+16 for winning)\n|l|\u2606winterbreak\n|player|p1|\n|l|\u2606pmawarrior\n|player|p2|\n|l| Lavenderawa\n|l| TestingDoublesVGC\n","uploadtime":1726936764,"views":36,"formatid":"gen9vgc2024regh","rating":1693,"private":0,"password":null}