{"id":"gen9vgc2024regh-2206325595","format":"[Gen 9] VGC 2024 Reg H","players":["kojimuranishi","tyuiop112"],"log":"|j|\u2606kojimuranishi\n|j|\u2606tyuiop112\n|t:|1726891551\n|gametype|doubles\n|player|p1|kojimuranishi|2|1771\n|player|p2|tyuiop112|265|1770\n|teamsize|p1|6\n|teamsize|p2|6\n|gen|9\n|tier|[Gen 9] VGC 2024 Reg H\n|rated|\n|rule|Species Clause: Limit one of each Pok\u00e9mon\n|rule|Item Clause: Limit 1 of each item\n|clearpoke\n|poke|p1|Ursaluna-Bloodmoon, L50, M|\n|poke|p1|Amoonguss, L50, M|\n|poke|p1|Incineroar, L50, F|\n|poke|p1|Archaludon, L50, F|\n|poke|p1|Pelipper, L50, F|\n|poke|p1|Whimsicott, L50, F|\n|poke|p2|Incineroar, L50, M|\n|poke|p2|Gallade, L50, M|\n|poke|p2|Dragonite, L50, M|\n|poke|p2|Gholdengo, L50|\n|poke|p2|Primarina, L50, M|\n|poke|p2|Electabuzz, L50, F|\n|teampreview|4\n|inactive|Battle timer is ON: inactive players will automatically lose when time's up. (requested by kojimuranishi)\n|inactive|tyuiop112 has 60 seconds left.\n|\n|t:|1726891610\n|start\n|switch|p1a: Whimsicott|Whimsicott, L50, F|100\/100\n|switch|p1b: Incineroar|Incineroar, L50, F|100\/100\n|switch|p2a: Primarina|Primarina, L50, M|100\/100\n|switch|p2b: Electabuzz|Electabuzz, L50, F|100\/100\n|-ability|p1b: Incineroar|Intimidate|boost\n|-unboost|p2a: Primarina|atk|1\n|-unboost|p2b: Electabuzz|atk|1\n|turn|1\n|j| CrittersKilledDad\n|\n|t:|1726891632\n|-terastallize|p1b: Incineroar|Grass\n|move|p1a: Whimsicott|Moonblast|p2a: Primarina\n|-damage|p2a: Primarina|65\/100\n|move|p2b: Electabuzz|Electroweb|p1b: Incineroar|[spread] p1b\n|-miss|p2b: Electabuzz|p1a: Whimsicott\n|-resisted|p1b: Incineroar\n|-damage|p1b: Incineroar|95\/100\n|-unboost|p1b: Incineroar|spe|1\n|move|p2a: Primarina|Hyper Voice|p1b: Incineroar|[spread] p1a,p1b\n|-resisted|p1a: Whimsicott\n|-resisted|p1b: Incineroar\n|-damage|p1a: Whimsicott|62\/100\n|-damage|p1b: Incineroar|77\/100\n|-damage|p2a: Primarina|55\/100|[from] item: Life Orb\n|move|p1b: Incineroar|Snarl|p2a: Primarina|[spread] p2a,p2b\n|-resisted|p2a: Primarina\n|-damage|p2a: Primarina|50\/100\n|-damage|p2b: Electabuzz|92\/100\n|-unboost|p2a: Primarina|spa|1\n|-unboost|p2b: Electabuzz|spa|1\n|\n|upkeep\n|turn|2\n|inactive|kojimuranishi has 30 seconds left.\n|inactive|tyuiop112 has 30 seconds left.\n|inactive|kojimuranishi has 20 seconds left.\n|inactive|tyuiop112 has 20 seconds left.\n|\n|t:|1726891669\n|move|p2a: Primarina|Protect|p2a: Primarina\n|-singleturn|p2a: Primarina|Protect\n|move|p1a: Whimsicott|Moonblast|p2a: Primarina\n|-activate|p2a: Primarina|move: Protect\n|move|p2b: Electabuzz|Thunder Wave|p1b: Incineroar\n|-status|p1b: Incineroar|par\n|move|p1b: Incineroar|Flare Blitz|p2a: Primarina\n|-activate|p2a: Primarina|move: Protect\n|\n|upkeep\n|turn|3\n|inactive|tyuiop112 has 30 seconds left.\n|\n|t:|1726891698\n|move|p1a: Whimsicott|Moonblast|p2a: Primarina\n|-damage|p2a: Primarina|18\/100\n|move|p2b: Electabuzz|Thunder Wave|p1a: Whimsicott\n|-status|p1a: Whimsicott|par\n|move|p2a: Primarina|Moonblast|p1b: Incineroar\n|-damage|p1b: Incineroar|47\/100 par\n|-unboost|p1b: Incineroar|spa|1\n|-enditem|p1b: Incineroar|Sitrus Berry|[eat]\n|-heal|p1b: Incineroar|71\/100 par|[from] item: Sitrus Berry\n|-damage|p2a: Primarina|9\/100|[from] item: Life Orb\n|move|p1b: Incineroar|Knock Off|p2b: Electabuzz\n|-damage|p2b: Electabuzz|55\/100\n|-enditem|p2b: Electabuzz|Eviolite|[from] move: Knock Off|[of] p1b: Incineroar\n|\n|upkeep\n|turn|4\n|inactive|tyuiop112 has 30 seconds left.\n|\n|t:|1726891733\n|move|p2b: Electabuzz|Protect|p2b: Electabuzz\n|-singleturn|p2b: Electabuzz|Protect\n|move|p2a: Primarina|Moonblast|p1b: Incineroar\n|-damage|p1b: Incineroar|36\/100 par\n|-damage|p2a: Primarina|0 fnt|[from] item: Life Orb\n|faint|p2a: Primarina\n|move|p1a: Whimsicott|Moonblast|p2b: Electabuzz\n|-activate|p2b: Electabuzz|move: Protect\n|move|p1b: Incineroar|Flare Blitz|p2b: Electabuzz\n|-activate|p2b: Electabuzz|move: Protect\n|\n|upkeep\n|\n|t:|1726891750\n|switch|p2a: Dragonite|Dragonite, L50, M|100\/100\n|turn|5\n|\n|t:|1726891761\n|switch|p2b: Gallade|Gallade, L50, M|100\/100\n|-terastallize|p2a: Dragonite|Normal\n|move|p2a: Dragonite|Extreme Speed|p1a: Whimsicott\n|-damage|p1a: Whimsicott|0 fnt\n|faint|p1a: Whimsicott\n|move|p1b: Incineroar|Will-O-Wisp|p2a: Dragonite\n|-status|p2a: Dragonite|brn\n|\n|-damage|p2a: Dragonite|95\/100 brn|[from] brn\n|upkeep\n|\n|t:|1726891779\n|switch|p1a: Archaludon|Archaludon, L50, F|100\/100\n|turn|6\n|\n|t:|1726891801\n|move|p2a: Dragonite|Extreme Speed|p1b: Incineroar\n|-damage|p1b: Incineroar|5\/100 par\n|move|p1a: Archaludon|Draco Meteor|p2b: Gallade\n|-damage|p2b: Gallade|36\/100\n|-unboost|p1a: Archaludon|spa|2\n|move|p2b: Gallade|Sacred Sword|p1b: Incineroar\n|-damage|p1b: Incineroar|0 fnt\n|faint|p1b: Incineroar\n|\n|-damage|p2a: Dragonite|89\/100 brn|[from] brn\n|upkeep\n|\n|t:|1726891814\n|switch|p1b: Ursaluna|Ursaluna-Bloodmoon, L50, M|100\/100\n|turn|7\n|inactive|tyuiop112 has 30 seconds left.\n|\n|t:|1726891845\n|switch|p2a: Electabuzz|Electabuzz, L50, F|55\/100\n|move|p1b: Ursaluna|Protect|p1b: Ursaluna\n|-singleturn|p1b: Ursaluna|Protect\n|move|p1a: Archaludon|Draco Meteor|p2b: Gallade\n|-damage|p2b: Gallade|2\/100\n|-unboost|p1a: Archaludon|spa|2\n|move|p2b: Gallade|Sacred Sword|p1a: Archaludon\n|-supereffective|p1a: Archaludon\n|-ability|p1a: Archaludon|Sturdy\n|-damage|p1a: Archaludon|1\/100\n|\n|upkeep\n|turn|8\n|inactive|tyuiop112 has 30 seconds left.\n|inactive|tyuiop112 has 20 seconds left.\n|\n|t:|1726891881\n|move|p2a: Electabuzz|Follow Me|p2a: Electabuzz\n|-singleturn|p2a: Electabuzz|move: Follow Me\n|move|p1a: Archaludon|Draco Meteor|p2a: Electabuzz\n|-damage|p2a: Electabuzz|13\/100\n|-unboost|p1a: Archaludon|spa|2\n|move|p1b: Ursaluna|Hyper Voice|p2a: Electabuzz|[spread] p2a,p2b\n|-crit|p2a: Electabuzz\n|-damage|p2a: Electabuzz|0 fnt\n|-damage|p2b: Gallade|0 fnt\n|faint|p2a: Electabuzz\n|faint|p2b: Gallade\n|-damage|p1b: Ursaluna|91\/100|[from] item: Life Orb\n|\n|upkeep\n|\n|t:|1726891896\n|switch|p2a: Dragonite|Dragonite, L50, M, tera:Normal|89\/100 brn\n|turn|9\n|\n|t:|1726891901\n|move|p1a: Archaludon|Draco Meteor|p2a: Dragonite\n|-damage|p2a: Dragonite|62\/100 brn\n|move|p2a: Dragonite|Low Kick|p1b: Ursaluna\n|-supereffective|p1b: Ursaluna\n|-damage|p1b: Ursaluna|33\/100\n|move|p1b: Ursaluna|Blood Moon|p2a: Dragonite\n|-damage|p2a: Dragonite|0 fnt\n|faint|p2a: Dragonite\n|-damage|p1b: Ursaluna|24\/100|[from] item: Life Orb\n|\n|win|kojimuranishi\n|raw|kojimuranishi's rating: 1771 &rarr; <strong>1791<\/strong><br \/>(+20 for winning)\n|raw|tyuiop112's rating: 1770 &rarr; <strong>1750<\/strong><br \/>(-20 for losing)\n|l|\u2606tyuiop112\n|player|p2|\n|l|\u2606kojimuranishi\n|player|p1|\n","uploadtime":1726892173,"views":69,"formatid":"gen9vgc2024regh","rating":1750,"private":0,"password":null}