{"id":"gen9vgc2024regh-2206677364","format":"[Gen 9] VGC 2024 Reg H","players":["chuanOVO","chin8"],"log":"|j|\u2606chuanOVO\n|j|\u2606chin8\n|t:|1726942696\n|gametype|doubles\n|player|p1|chuanOVO|n|1683\n|player|p2|chin8|gentleman-gen4dp|1743\n|teamsize|p1|6\n|teamsize|p2|6\n|gen|9\n|tier|[Gen 9] VGC 2024 Reg H\n|rated|\n|rule|Species Clause: Limit one of each Pok\u00e9mon\n|rule|Item Clause: Limit 1 of each item\n|clearpoke\n|poke|p1|Sneasler, L50, M|\n|poke|p1|Gholdengo, L50|\n|poke|p1|Glimmora, L50, M|\n|poke|p1|Dragonite, L50, M|\n|poke|p1|Dondozo, L50, M|\n|poke|p1|Tatsugiri, L50, M|\n|poke|p2|Baxcalibur, L50, M|\n|poke|p2|Kilowattrel, L50, M|\n|poke|p2|Haxorus, L50, M|\n|poke|p2|Gardevoir, L50, M|\n|poke|p2|Magmortar, L50, M|\n|poke|p2|Gholdengo, L50|\n|teampreview|4\n|inactive|Battle timer is ON: inactive players will automatically lose when time's up. (requested by chin8)\n|inactive|chuanOVO has 60 seconds left.\n|\n|t:|1726942743\n|start\n|switch|p1a: Tatsugiri|Tatsugiri, L50, M, shiny|100\/100\n|switch|p1b: Gholdengo|Gholdengo, L50, shiny|100\/100\n|switch|p2a: Kilowattrel|Kilowattrel, L50, M|100\/100\n|switch|p2b: Baxcalibur|Baxcalibur, L50, M|100\/100\n|turn|1\n|\n|t:|1726942763\n|-terastallize|p2b: Baxcalibur|Ground\n|move|p1a: Tatsugiri|Icy Wind|p2b: Baxcalibur|[spread] p2a,p2b\n|-supereffective|p2a: Kilowattrel\n|-supereffective|p2b: Baxcalibur\n|-crit|p2b: Baxcalibur\n|-damage|p2a: Kilowattrel|43\/100\n|-damage|p2b: Baxcalibur|76\/100\n|-unboost|p2a: Kilowattrel|spe|1\n|-ability|p2a: Kilowattrel|Competitive|boost\n|-boost|p2a: Kilowattrel|spa|2\n|-unboost|p2b: Baxcalibur|spe|1\n|move|p1b: Gholdengo|Make It Rain|p2a: Kilowattrel|[spread] p2a,p2b\n|-resisted|p2a: Kilowattrel\n|-damage|p2a: Kilowattrel|0 fnt\n|-damage|p2b: Baxcalibur|32\/100\n|-unboost|p1b: Gholdengo|spa|1\n|faint|p2a: Kilowattrel\n|move|p2b: Baxcalibur|Earthquake|p1b: Gholdengo|[spread] p1a,p1b\n|-supereffective|p1b: Gholdengo\n|-damage|p1a: Tatsugiri|25\/100\n|-damage|p1b: Gholdengo|5\/100\n|\n|upkeep\n|\n|t:|1726942770\n|switch|p2a: Gardevoir|Gardevoir, L50, M|100\/100\n|turn|2\n|\n|t:|1726942785\n|-terastallize|p1b: Gholdengo|Steel\n|move|p2a: Gardevoir|Protect|p2a: Gardevoir\n|-singleturn|p2a: Gardevoir|Protect\n|move|p2b: Baxcalibur|Ice Shard|p1b: Gholdengo\n|-resisted|p1b: Gholdengo\n|-damage|p1b: Gholdengo|0 fnt\n|faint|p1b: Gholdengo\n|move|p1a: Tatsugiri|Icy Wind|p2a: Gardevoir|[spread] \n|-activate|p2a: Gardevoir|move: Protect\n|-miss|p1a: Tatsugiri|p2b: Baxcalibur\n|\n|upkeep\n|\n|t:|1726942799\n|switch|p1b: Sneasler|Sneasler, L50, M, shiny|100\/100\n|turn|3\n|\n|t:|1726942810\n|switch|p2a: Gholdengo|Gholdengo, L50|100\/100\n|move|p2b: Baxcalibur|Ice Shard|p1a: Tatsugiri\n|-damage|p1a: Tatsugiri|0 fnt\n|faint|p1a: Tatsugiri\n|move|p1b: Sneasler|Dire Claw|p2a: Gholdengo\n|-immune|p2a: Gholdengo\n|\n|upkeep\n|\n|t:|1726942818\n|switch|p1a: Dragonite|Dragonite, L50, M, shiny|100\/100\n|turn|4\n|\n|t:|1726942826\n|move|p2b: Baxcalibur|Ice Shard|p1a: Dragonite\n|-supereffective|p1a: Dragonite\n|-damage|p1a: Dragonite|48\/100\n|move|p1b: Sneasler|Close Combat|p2b: Baxcalibur\n|-damage|p2b: Baxcalibur|0 fnt\n|-unboost|p1b: Sneasler|def|1\n|-unboost|p1b: Sneasler|spd|1\n|faint|p2b: Baxcalibur\n|move|p1a: Dragonite|Stomping Tantrum|p2a: Gholdengo\n|-supereffective|p2a: Gholdengo\n|-damage|p2a: Gholdengo|18\/100\n|move|p2a: Gholdengo|Make It Rain|p1a: Dragonite|[spread] p1a,p1b\n|-damage|p1a: Dragonite|1\/100\n|-enditem|p1b: Sneasler|Focus Sash\n|-damage|p1b: Sneasler|1\/100\n|-unboost|p2a: Gholdengo|spa|1\n|\n|-heal|p2a: Gholdengo|24\/100|[from] item: Leftovers\n|upkeep\n|\n|t:|1726942829\n|switch|p2b: Gardevoir|Gardevoir, L50, M|100\/100\n|turn|5\n|\n|t:|1726942849\n|move|p2a: Gholdengo|Protect|p2a: Gholdengo\n|-singleturn|p2a: Gholdengo|Protect\n|move|p1b: Sneasler|Dire Claw|p2b: Gardevoir\n|-supereffective|p2b: Gardevoir\n|-damage|p2b: Gardevoir|0 fnt\n|faint|p2b: Gardevoir\n|move|p1a: Dragonite|Stomping Tantrum|p2a: Gholdengo\n|-activate|p2a: Gholdengo|move: Protect\n|\n|-heal|p2a: Gholdengo|30\/100|[from] item: Leftovers\n|upkeep\n|turn|6\n|-message|chin8 forfeited.\n|\n|win|chuanOVO\n|raw|chuanOVO's rating: 1683 &rarr; <strong>1706<\/strong><br \/>(+23 for winning)\n|raw|chin8's rating: 1743 &rarr; <strong>1720<\/strong><br \/>(-23 for losing)\n|l|\u2606chin8\n|player|p2|\n|l|\u2606chuanOVO\n|player|p1|\n","uploadtime":1726943043,"views":42,"formatid":"gen9vgc2024regh","rating":1706,"private":0,"password":null}