{"id":"gen9vgc2024regh-2206902075","format":"[Gen 9] VGC 2024 Reg H","players":["SamP_64","Bougie Oatmeal"],"log":"|j|\u2606SamP_64\n|j|\u2606Bougie Oatmeal\n|t:|1726968807\n|gametype|doubles\n|player|p1|SamP_64|1|1649\n|player|p2|Bougie Oatmeal|rowan|1701\n|teamsize|p1|6\n|teamsize|p2|6\n|gen|9\n|tier|[Gen 9] VGC 2024 Reg H\n|rated|\n|rule|Species Clause: Limit one of each Pok\u00e9mon\n|rule|Item Clause: Limit 1 of each item\n|clearpoke\n|poke|p1|Pelipper, L50, F|\n|poke|p1|Archaludon, L50, F|\n|poke|p1|Basculegion, L50, M|\n|poke|p1|Incineroar, L50, M|\n|poke|p1|Amoonguss, L50, M|\n|poke|p1|Maushold-Four, L50|\n|poke|p2|Farigiraf, L50, F|\n|poke|p2|Raichu, L50, F|\n|poke|p2|Typhlosion-Hisui, L50, M|\n|poke|p2|Sylveon, L50, M|\n|poke|p2|Whimsicott, L50, F|\n|poke|p2|Garchomp, L50, M|\n|teampreview|4\n|inactive|Battle timer is ON: inactive players will automatically lose when time's up. (requested by Bougie Oatmeal)\n|j| michael1vgc\n|inactive|SamP_64 has 60 seconds left.\n|inactive|SamP_64 has 30 seconds left.\n|inactive|SamP_64 has 20 seconds left.\n|inactive|SamP_64 has 15 seconds left.\n|\n|t:|1726968885\n|start\n|switch|p1a: Basculegion|Basculegion, L50, M|100\/100\n|switch|p1b: Pelipper|Pelipper, L50, F|100\/100\n|switch|p2a: Sylveon|Sylveon, L50, M|100\/100\n|switch|p2b: Whimsicott|Whimsicott, L50, F|100\/100\n|-weather|RainDance|[from] ability: Drizzle|[of] p1b: Pelipper\n|turn|1\n|\n|t:|1726968905\n|move|p2b: Whimsicott|Sunny Day|p2b: Whimsicott\n|-weather|SunnyDay\n|move|p1a: Basculegion|Flip Turn|p2a: Sylveon\n|-damage|p2a: Sylveon|78\/100\n|\n|t:|1726968912\n|switch|p1a: Incineroar|Incineroar, L50, M|100\/100|[from] Flip Turn\n|-ability|p1a: Incineroar|Intimidate|boost\n|-unboost|p2a: Sylveon|atk|1\n|-unboost|p2b: Whimsicott|atk|1\n|move|p1b: Pelipper|Weather Ball|p2b: Whimsicott\n|-supereffective|p2b: Whimsicott\n|-damage|p2b: Whimsicott|0 fnt\n|faint|p2b: Whimsicott\n|move|p2a: Sylveon|Hyper Voice|p1b: Pelipper|[spread] p1a,p1b\n|-damage|p1a: Incineroar|72\/100\n|-damage|p1b: Pelipper|38\/100\n|-enditem|p2a: Sylveon|Throat Spray\n|-boost|p2a: Sylveon|spa|1|[from] item: Throat Spray\n|\n|-weather|SunnyDay|[upkeep]\n|upkeep\n|\n|t:|1726968926\n|switch|p2b: Tony|Raichu, L50, F|100\/100\n|turn|2\n|\n|t:|1726968945\n|switch|p1b: Archaludon|Archaludon, L50, F|100\/100\n|move|p2b: Tony|Fake Out|p1a: Incineroar\n|-damage|p1a: Incineroar|65\/100\n|cant|p1a: Incineroar|flinch\n|move|p2a: Sylveon|Hyper Voice|p1a: Incineroar|[spread] p1a,p1b\n|-damage|p1a: Incineroar|25\/100\n|-damage|p1b: Archaludon|69\/100\n|-ability|p1b: Archaludon|Stamina|boost\n|-boost|p1b: Archaludon|def|1\n|\n|-weather|SunnyDay|[upkeep]\n|upkeep\n|turn|3\n|inactive|SamP_64 has 30 seconds left.\n|inactive|Bougie Oatmeal has 30 seconds left.\n|\n|t:|1726968975\n|move|p2b: Tony|Nuzzle|p1a: Incineroar\n|-damage|p1a: Incineroar|21\/100\n|-status|p1a: Incineroar|par\n|move|p1b: Archaludon|Dragon Pulse|p2b: Tony\n|-damage|p2b: Tony|66\/100\n|move|p2a: Sylveon|Hyper Voice|p1a: Incineroar|[spread] p1a,p1b\n|-damage|p1a: Incineroar|0 fnt\n|-damage|p1b: Archaludon|31\/100\n|-ability|p1b: Archaludon|Stamina|boost\n|-boost|p1b: Archaludon|def|1\n|faint|p1a: Incineroar\n|\n|-weather|SunnyDay|[upkeep]\n|upkeep\n|inactive|SamP_64 has 30 seconds left.\n|\n|t:|1726969006\n|switch|p1a: Basculegion|Basculegion, L50, M|100\/100\n|turn|4\n|inactive|SamP_64 has 30 seconds left.\n|j| Fooop?\n|inactive|SamP_64 has 20 seconds left.\n|inactive|SamP_64 has 15 seconds left.\n|inactive|SamP_64 has 10 seconds left.\n|\n|t:|1726969053\n|switch|p2b: Typhlosion|Typhlosion-Hisui, L50, M|100\/100\n|-item|p1a: Basculegion|Choice Band|[from] ability: Frisk|[of] p2b: Typhlosion\n|-item|p1b: Archaludon|Assault Vest|[from] ability: Frisk|[of] p2b: Typhlosion\n|switch|p1b: Pelipper|Pelipper, L50, F|38\/100\n|-weather|RainDance|[from] ability: Drizzle|[of] p1b: Pelipper\n|-terastallize|p1a: Basculegion|Water\n|-terastallize|p2a: Sylveon|Water\n|move|p1a: Basculegion|Wave Crash|p2a: Sylveon\n|-resisted|p2a: Sylveon\n|-damage|p2a: Sylveon|0 fnt\n|faint|p2a: Sylveon\n|-damage|p1a: Basculegion|74\/100|[from] Recoil\n|\n|-weather|RainDance|[upkeep]\n|upkeep\n|\n|t:|1726969069\n|switch|p2a: Tony|Raichu, L50, F|66\/100\n|turn|5\n|inactive|SamP_64 has 30 seconds left.\n|\n|t:|1726969095\n|switch|p1a: Archaludon|Archaludon, L50, F|31\/100\n|move|p2a: Tony|Fake Out|p1a: Archaludon\n|-resisted|p1a: Archaludon\n|-damage|p1a: Archaludon|28\/100\n|-ability|p1a: Archaludon|Stamina|boost\n|-boost|p1a: Archaludon|def|1\n|move|p2b: Typhlosion|Shadow Ball|p1a: Archaludon\n|-damage|p1a: Archaludon|0 fnt\n|faint|p1a: Archaludon\n|move|p1b: Pelipper|Weather Ball|p2a: Tony\n|-damage|p2a: Tony|8\/100\n|\n|-weather|RainDance|[upkeep]\n|upkeep\n|\n|t:|1726969107\n|switch|p1a: Basculegion|Basculegion, L50, M, tera:Water|74\/100\n|turn|6\n|c|\u2606Bougie Oatmeal|gg\n|\n|t:|1726969127\n|move|p1a: Basculegion|Aqua Jet|p2b: Typhlosion\n|-supereffective|p2b: Typhlosion\n|-damage|p2b: Typhlosion|0 fnt\n|faint|p2b: Typhlosion\n|move|p2a: Tony|Thunderbolt|p1a: Basculegion\n|-supereffective|p1a: Basculegion\n|-damage|p1a: Basculegion|8\/100\n|move|p1b: Pelipper|Weather Ball|p2a: Tony\n|-damage|p2a: Tony|0 fnt\n|faint|p2a: Tony\n|\n|win|SamP_64\n|raw|SamP_64's rating: 1649 &rarr; <strong>1672<\/strong><br \/>(+23 for winning)\n|raw|Bougie Oatmeal's rating: 1701 &rarr; <strong>1678<\/strong><br \/>(-23 for losing)\n|l| Fooop?\n|l|\u2606SamP_64\n|player|p1|\n|l|\u2606Bougie Oatmeal\n|player|p2|\n","uploadtime":1726969356,"views":25,"formatid":"gen9vgc2024regh","rating":1672,"private":0,"password":null}