{"id":"gen9vgc2024regh-2206269976","format":"[Gen 9] VGC 2024 Reg H","players":["Arkalid","pmawarrior"],"log":"|j|\u2606Arkalid\n|j|\u2606pmawarrior\n|t:|1726884053\n|gametype|doubles\n|player|p1|Arkalid|1|1695\n|player|p2|pmawarrior|2|1751\n|teamsize|p1|6\n|teamsize|p2|6\n|gen|9\n|tier|[Gen 9] VGC 2024 Reg H\n|rated|\n|rule|Species Clause: Limit one of each Pok\u00e9mon\n|rule|Item Clause: Limit 1 of each item\n|clearpoke\n|poke|p1|Whimsicott, L50, M|\n|poke|p1|Typhlosion-Hisui, L50, F|\n|poke|p1|Glimmora, L50, F|\n|poke|p1|Dragonite, L50, F|\n|poke|p1|Kingambit, L50, M|\n|poke|p1|Clefable, L50, F|\n|poke|p2|Annihilape, L50, F|\n|poke|p2|Maushold-Four, L50|\n|poke|p2|Dondozo, L50, F|\n|poke|p2|Tatsugiri, L50, M|\n|poke|p2|Glimmora, L50, F|\n|poke|p2|Dragonite, L50, F|\n|teampreview|4\n|inactive|Battle timer is ON: inactive players will automatically lose when time's up. (requested by Arkalid)\nArkalid has agreed to open team sheets.\n|inactive|Arkalid has 60 seconds left.\n|inactive|pmawarrior has 60 seconds left.\n|inactive|Arkalid has 30 seconds left.\n|\n|t:|1726884115\n|start\n|switch|p1a: Whimsicott|Whimsicott, L50, M|100\/100\n|switch|p1b: Dragonite|Dragonite, L50, F|100\/100\n|switch|p2a: Annihilape|Annihilape, L50, F|100\/100\n|switch|p2b: Glimmora|Glimmora, L50, F|100\/100\n|turn|1\n|inactive|Arkalid has 30 seconds left.\n|inactive|pmawarrior has 30 seconds left.\n|inactive|pmawarrior has 20 seconds left.\n|inactive|pmawarrior has 15 seconds left.\n|\n|t:|1726884155\n|-terastallize|p1b: Dragonite|Flying\n|move|p1a: Whimsicott|Tailwind|p1a: Whimsicott\n|-sidestart|p1: Arkalid|move: Tailwind\n|move|p1b: Dragonite|Tera Blast|p2a: Annihilape|[anim] Tera Blast Flying\n|-supereffective|p2a: Annihilape\n|-damage|p2a: Annihilape|0 fnt\n|faint|p2a: Annihilape\n|move|p2b: Glimmora|Sludge Bomb|p1a: Whimsicott\n|-supereffective|p1a: Whimsicott\n|-enditem|p1a: Whimsicott|Focus Sash\n|-damage|p1a: Whimsicott|1\/100\n|\n|upkeep\n|\n|t:|1726884160\n|switch|p2a: Dondozo|Dondozo, L50, F|100\/100\n|turn|2\n|\n|t:|1726884184\n|move|p1a: Whimsicott|Protect|p1a: Whimsicott\n|-singleturn|p1a: Whimsicott|Protect\n|move|p1b: Dragonite|Protect|p1b: Dragonite\n|-singleturn|p1b: Dragonite|Protect\n|move|p2a: Dondozo|Protect|p2a: Dondozo\n|-singleturn|p2a: Dondozo|Protect\n|move|p2b: Glimmora|Mortal Spin|p1a: Whimsicott|[spread] \n|-activate|p1a: Whimsicott|move: Protect\n|-activate|p1b: Dragonite|move: Protect\n|\n|upkeep\n|turn|3\n|j| Thundering Morkai\n|\n|t:|1726884212\n|-terastallize|p2a: Dondozo|Steel\n|move|p1a: Whimsicott|Sunny Day|p1a: Whimsicott\n|-weather|SunnyDay\n|move|p1b: Dragonite|Tera Blast|p2a: Dondozo|[anim] Tera Blast Flying\n|-resisted|p2a: Dondozo\n|-damage|p2a: Dondozo|79\/100\n|move|p2b: Glimmora|Mortal Spin|p1b: Dragonite|[spread] p1a,p1b\n|-supereffective|p1a: Whimsicott\n|-crit|p1a: Whimsicott\n|-damage|p1a: Whimsicott|0 fnt\n|-damage|p1b: Dragonite|98\/100\n|-status|p1b: Dragonite|psn\n|-enditem|p1b: Dragonite|Lum Berry|[eat]\n|-curestatus|p1b: Dragonite|psn|[msg]\n|faint|p1a: Whimsicott\n|move|p2a: Dondozo|Wave Crash|p1b: Dragonite\n|-damage|p1b: Dragonite|71\/100\n|-damage|p2a: Dondozo|73\/100|[from] Recoil\n|\n|-weather|SunnyDay|[upkeep]\n|upkeep\n|\n|t:|1726884221\n|switch|p1a: Glimmora|Glimmora, L50, F|100\/100\n|turn|4\n|j| ventusinvictus\n|\n|t:|1726884239\n|move|p2a: Dondozo|Protect|p2a: Dondozo\n|-singleturn|p2a: Dondozo|Protect\n|move|p1a: Glimmora|Earth Power|p2a: Dondozo\n|-activate|p2a: Dondozo|move: Protect\n|move|p1b: Dragonite|Low Kick|p2a: Dondozo\n|-activate|p2a: Dondozo|move: Protect\n|move|p2b: Glimmora|Earth Power|p1a: Glimmora\n|-supereffective|p1a: Glimmora\n|-damage|p1a: Glimmora|0 fnt\n|faint|p1a: Glimmora\n|\n|-weather|SunnyDay|[upkeep]\n|-sideend|p1: Arkalid|move: Tailwind\n|upkeep\n|\n|t:|1726884242\n|switch|p1a: Kingambit|Kingambit, L50, M|100\/100\n|turn|5\n|l| ventusinvictus\n|j| weakertt\n|\n|t:|1726884261\n|switch|p2b: Tatsugiri|Tatsugiri, L50, M|100\/100\n|-activate|p2b: Tatsugiri|ability: Commander|[of] p2a: Dondozo\n|-boost|p2a: Dondozo|atk|2\n|-boost|p2a: Dondozo|spa|2\n|-boost|p2a: Dondozo|spe|2\n|-boost|p2a: Dondozo|def|2\n|-boost|p2a: Dondozo|spd|2\n|move|p2a: Dondozo|Earthquake|p1b: Dragonite|[spread] p1a\n|-miss|p2a: Dondozo|p2b: Tatsugiri\n|-immune|p1b: Dragonite\n|-supereffective|p1a: Kingambit\n|-damage|p1a: Kingambit|38\/100\n|move|p1b: Dragonite|Low Kick|p2a: Dondozo\n|-supereffective|p2a: Dondozo\n|-crit|p2a: Dondozo\n|-damage|p2a: Dondozo|0 fnt\n|faint|p2a: Dondozo\n|move|p1a: Kingambit|Low Kick|p2b: Tatsugiri\n|-damage|p2b: Tatsugiri|85\/100\n|\n|-weather|SunnyDay|[upkeep]\n|upkeep\n|\n|t:|1726884267\n|switch|p2a: Glimmora|Glimmora, L50, F|100\/100\n|turn|6\n|inactive|Arkalid has 30 seconds left.\n|inactive|pmawarrior has 30 seconds left.\n|\n|t:|1726884304\n|move|p2b: Tatsugiri|Protect|p2b: Tatsugiri\n|-singleturn|p2b: Tatsugiri|Protect\n|move|p1b: Dragonite|Extreme Speed|p2b: Tatsugiri\n|-activate|p2b: Tatsugiri|move: Protect\n|move|p1a: Kingambit|Sucker Punch||[still]\n|-fail|p1a: Kingambit\n|move|p2a: Glimmora|Earth Power|p1a: Kingambit\n|-supereffective|p1a: Kingambit\n|-damage|p1a: Kingambit|0 fnt\n|faint|p1a: Kingambit\n|\n|-weather|SunnyDay|[upkeep]\n|upkeep\n|turn|7\n|\n|t:|1726884315\n|move|p2a: Glimmora|Sludge Bomb|p1b: Dragonite\n|-damage|p1b: Dragonite|20\/100\n|move|p2b: Tatsugiri|Draco Meteor|p1b: Dragonite\n|-damage|p1b: Dragonite|0 fnt\n|-unboost|p2b: Tatsugiri|spa|2\n|faint|p1b: Dragonite\n|-damage|p2b: Tatsugiri|75\/100|[from] item: Life Orb\n|\n|win|pmawarrior\n|raw|Arkalid's rating: 1695 &rarr; <strong>1678<\/strong><br \/>(-17 for losing)\n|raw|pmawarrior's rating: 1751 &rarr; <strong>1768<\/strong><br \/>(+17 for winning)\n|l| Thundering Morkai\n|l|\u2606Arkalid\n|player|p1|\n|l|\u2606pmawarrior\n|player|p2|\n","uploadtime":1726884325,"views":28,"formatid":"gen9vgc2024regh","rating":1678,"private":0,"password":null}