{"id":"gen9vgc2024regh-2206080338","format":"[Gen 9] VGC 2024 Reg H","players":["BIO26R","Arkalid"],"log":"|j|\u2606BIO26R\n|j|\u2606Arkalid\n|t:|1726862217\n|gametype|doubles\n|player|p1|BIO26R|scientist|1649\n|player|p2|Arkalid|1|1708\n|teamsize|p1|6\n|teamsize|p2|6\n|gen|9\n|tier|[Gen 9] VGC 2024 Reg H\n|rated|\n|rule|Species Clause: Limit one of each Pok\u00e9mon\n|rule|Item Clause: Limit 1 of each item\n|clearpoke\n|poke|p1|Amoonguss, L50, F|\n|poke|p1|Basculegion, L50, M|\n|poke|p1|Archaludon, L50, M|\n|poke|p1|Pelipper, L50, F|\n|poke|p1|Maushold, L50|\n|poke|p1|Incineroar, L50, F|\n|poke|p2|Amoonguss, L50, F|\n|poke|p2|Incineroar, L50, M|\n|poke|p2|Primarina, L50, F|\n|poke|p2|Gholdengo, L50|\n|poke|p2|Dragonite, L50, F|\n|poke|p2|Weavile, L50, F|\n|teampreview|4\n|inactive|Battle timer is ON: inactive players will automatically lose when time's up. (requested by Arkalid)\nArkalid has agreed to open team sheets.\n|inactive|BIO26R has 60 seconds left.\n|inactive|Arkalid has 60 seconds left.\n|inactive|BIO26R has 30 seconds left.\n|\n|t:|1726862278\n|start\n|switch|p1a: Incineroar|Incineroar, L50, F|100\/100\n|switch|p1b: Maushold|Maushold, L50|100\/100\n|switch|p2a: Dragonite|Dragonite, L50, F|100\/100\n|switch|p2b: Weavile|Weavile, L50, F|100\/100\n|-ability|p2b: Weavile|Pressure\n|-ability|p1a: Incineroar|Intimidate|boost\n|-fail|p2a: Dragonite|unboost|Attack|[from] ability: Inner Focus|[of] p2a: Dragonite\n|-unboost|p2b: Weavile|atk|1\n|turn|1\n|\n|t:|1726862296\n|switch|p2a: Gholdengo|Gholdengo, L50|100\/100\n|switch|p1a: Archaludon|Archaludon, L50, M, shiny|100\/100\n|move|p2b: Weavile|Protect|p2b: Weavile\n|-singleturn|p2b: Weavile|Protect\n|move|p1b: Maushold|Population Bomb|p1a: Archaludon\n|-resisted|p1a: Archaludon\n|-damage|p1a: Archaludon|96\/100\n|-ability|p1a: Archaludon|Stamina|boost\n|-boost|p1a: Archaludon|def|1\n|-resisted|p1a: Archaludon\n|-damage|p1a: Archaludon|93\/100\n|-ability|p1a: Archaludon|Stamina|boost\n|-boost|p1a: Archaludon|def|1\n|-resisted|p1a: Archaludon\n|-damage|p1a: Archaludon|91\/100\n|-ability|p1a: Archaludon|Stamina|boost\n|-boost|p1a: Archaludon|def|1\n|-resisted|p1a: Archaludon\n|-damage|p1a: Archaludon|90\/100\n|-ability|p1a: Archaludon|Stamina|boost\n|-boost|p1a: Archaludon|def|1\n|-resisted|p1a: Archaludon\n|-damage|p1a: Archaludon|88\/100\n|-ability|p1a: Archaludon|Stamina|boost\n|-boost|p1a: Archaludon|def|1\n|-resisted|p1a: Archaludon\n|-damage|p1a: Archaludon|87\/100\n|-ability|p1a: Archaludon|Stamina|boost\n|-boost|p1a: Archaludon|def|1\n|-resisted|p1a: Archaludon\n|-damage|p1a: Archaludon|86\/100\n|-resisted|p1a: Archaludon\n|-damage|p1a: Archaludon|85\/100\n|-resisted|p1a: Archaludon\n|-damage|p1a: Archaludon|84\/100\n|-resisted|p1a: Archaludon\n|-damage|p1a: Archaludon|83\/100\n|-hitcount|p1a: Archaludon|10\n|\n|upkeep\n|turn|2\n|inactive|BIO26R has 30 seconds left.\n|inactive|Arkalid has 30 seconds left.\n|inactive|BIO26R has 20 seconds left.\n|inactive|BIO26R has 15 seconds left.\n|inactive|Arkalid has 20 seconds left.\n|\n|t:|1726862340\n|switch|p1b: Incineroar|Incineroar, L50, F|100\/100\n|-ability|p1b: Incineroar|Intimidate|boost\n|-unboost|p2a: Gholdengo|atk|1\n|-unboost|p2b: Weavile|atk|1\n|move|p2a: Gholdengo|Trick|p1a: Archaludon\n|-activate|p2a: Gholdengo|move: Trick|[of] p1a: Archaludon\n|-item|p1a: Archaludon|Choice Scarf|[from] move: Trick\n|-item|p2a: Gholdengo|Assault Vest|[from] move: Trick\n|move|p2b: Weavile|Knock Off|p1b: Incineroar\n|-resisted|p1b: Incineroar\n|-damage|p1b: Incineroar|89\/100\n|-enditem|p1b: Incineroar|Safety Goggles|[from] move: Knock Off|[of] p2b: Weavile\n|move|p1a: Archaludon|Body Press|p2b: Weavile\n|-supereffective|p2b: Weavile\n|-enditem|p2b: Weavile|Focus Sash\n|-damage|p2b: Weavile|1\/100\n|\n|upkeep\n|turn|3\n|inactive|BIO26R has 30 seconds left.\n|inactive|Arkalid has 30 seconds left.\n|inactive|Arkalid has 20 seconds left.\n|\n|t:|1726862376\n|switch|p2a: Dragonite|Dragonite, L50, F|100\/100\n|move|p2b: Weavile|Protect|p2b: Weavile\n|-singleturn|p2b: Weavile|Protect\n|move|p1a: Archaludon|Body Press|p2b: Weavile\n|-activate|p2b: Weavile|move: Protect\n|move|p1b: Incineroar|Knock Off|p2a: Dragonite\n|-crit|p2a: Dragonite\n|-damage|p2a: Dragonite|23\/100\n|-enditem|p2a: Dragonite|Assault Vest|[from] move: Knock Off|[of] p1b: Incineroar\n|\n|upkeep\n|turn|4\n|\n|t:|1726862397\n|switch|p2b: Gholdengo|Gholdengo, L50|100\/100\n|move|p1a: Archaludon|Body Press|p2b: Gholdengo\n|-immune|p2b: Gholdengo\n|move|p2a: Dragonite|Low Kick|p1b: Incineroar\n|-supereffective|p1b: Incineroar\n|-damage|p1b: Incineroar|30\/100\n|move|p1b: Incineroar|Parting Shot|p2a: Dragonite\n|-unboost|p2a: Dragonite|atk|1\n|-unboost|p2a: Dragonite|spa|1\n|\n|t:|1726862406\n|switch|p1b: Basculegion|Basculegion, L50, M, shiny|100\/100|[from] Parting Shot\n|\n|upkeep\n|turn|5\n|inactive|Arkalid has 30 seconds left.\n|inactive|Arkalid has 20 seconds left.\n|inactive|Arkalid has 15 seconds left.\n|\n|t:|1726862449\n|switch|p2a: Amoonguss|Amoonguss, L50, F|100\/100\n|switch|p2b: Weavile|Weavile, L50, F|1\/100\n|-ability|p2b: Weavile|Pressure\n|-terastallize|p1b: Basculegion|Water\n|move|p1a: Archaludon|Body Press|p2a: Amoonguss\n|-resisted|p2a: Amoonguss\n|-damage|p2a: Amoonguss|63\/100\n|move|p1b: Basculegion|Last Respects|p2b: Weavile\n|-resisted|p2b: Weavile\n|-crit|p2b: Weavile\n|-damage|p2b: Weavile|0 fnt\n|faint|p2b: Weavile\n|\n|upkeep\n|j| falcon108\n|\n|t:|1726862470\n|switch|p2b: Dragonite|Dragonite, L50, F|23\/100\n|turn|6\n|\n|t:|1726862481\n|switch|p1b: Incineroar|Incineroar, L50, F|30\/100\n|-ability|p1b: Incineroar|Intimidate|boost\n|-unboost|p2a: Amoonguss|atk|1\n|-fail|p2b: Dragonite|unboost|Attack|[from] ability: Inner Focus|[of] p2b: Dragonite\n|-terastallize|p2b: Dragonite|Flying\n|move|p2a: Amoonguss|Rage Powder|p2a: Amoonguss\n|-singleturn|p2a: Amoonguss|move: Rage Powder\n|move|p1a: Archaludon|Body Press|p2a: Amoonguss\n|-resisted|p2a: Amoonguss\n|-damage|p2a: Amoonguss|27\/100\n|-enditem|p2a: Amoonguss|Sitrus Berry|[eat]\n|-heal|p2a: Amoonguss|52\/100|[from] item: Sitrus Berry\n|move|p2b: Dragonite|Tera Blast|p1b: Incineroar|[anim] Tera Blast Flying\n|-damage|p1b: Incineroar|0 fnt\n|faint|p1b: Incineroar\n|\n|upkeep\n|\n|t:|1726862498\n|switch|p1b: Maushold|Maushold, L50|100\/100\n|turn|7\n|\n|t:|1726862519\n|switch|p2b: Gholdengo|Gholdengo, L50|100\/100\n|move|p2a: Amoonguss|Protect|p2a: Amoonguss\n|-singleturn|p2a: Amoonguss|Protect\n|move|p1b: Maushold|Population Bomb|p2a: Amoonguss\n|-activate|p2a: Amoonguss|move: Protect\n|move|p1a: Archaludon|Body Press|p2b: Gholdengo\n|-immune|p2b: Gholdengo\n|\n|upkeep\n|turn|8\n|inactive|Arkalid has 30 seconds left.\n|inactive|Arkalid has 20 seconds left.\n|inactive|Arkalid has 15 seconds left.\n|inactive|Arkalid has 10 seconds left.\n|\n|t:|1726862568\n|switch|p1a: Basculegion|Basculegion, L50, M, shiny, tera:Water|100\/100\n|switch|p2a: Dragonite|Dragonite, L50, F, tera:Flying|23\/100\n|move|p1b: Maushold|Population Bomb|p2a: Dragonite\n|-damage|p2a: Dragonite|11\/100\n|-damage|p2a: Dragonite|0 fnt\n|faint|p2a: Dragonite\n|-hitcount|p2: Dragonite|2\n|move|p2b: Gholdengo|Make It Rain|p1a: Basculegion|[spread] p1a,p1b\n|-resisted|p1a: Basculegion\n|-damage|p1a: Basculegion|70\/100\n|-damage|p1b: Maushold|18\/100\n|-unboost|p2b: Gholdengo|spa|1\n|\n|upkeep\n|\n|t:|1726862571\n|switch|p2a: Amoonguss|Amoonguss, L50, F|85\/100\n|turn|9\n|inactive|Arkalid has 30 seconds left.\n|inactive|Arkalid has 20 seconds left.\n|inactive|Arkalid has 15 seconds left.\n|inactive|Arkalid has 10 seconds left.\n|\n|t:|1726862618\n|move|p1a: Basculegion|Protect|p1a: Basculegion\n|-singleturn|p1a: Basculegion|Protect\n|move|p2a: Amoonguss|Rage Powder|p2a: Amoonguss\n|-singleturn|p2a: Amoonguss|move: Rage Powder\n|move|p1b: Maushold|Population Bomb|p2a: Amoonguss\n|-damage|p2a: Amoonguss|76\/100\n|-damage|p2a: Amoonguss|67\/100\n|-damage|p2a: Amoonguss|59\/100\n|-damage|p2a: Amoonguss|51\/100\n|-damage|p2a: Amoonguss|41\/100\n|-damage|p2a: Amoonguss|33\/100\n|-damage|p2a: Amoonguss|24\/100\n|-damage|p2a: Amoonguss|15\/100\n|-damage|p2a: Amoonguss|6\/100\n|-damage|p2a: Amoonguss|0 fnt\n|faint|p2a: Amoonguss\n|-hitcount|p2: Amoonguss|10\n|move|p2b: Gholdengo|Shadow Ball|p1a: Basculegion\n|-activate|p1a: Basculegion|move: Protect\n|\n|upkeep\n|turn|10\n|inactive|BIO26R has 30 seconds left.\n|inactive|Arkalid has 30 seconds left.\n|inactive|BIO26R has 20 seconds left.\n|inactive|BIO26R has 15 seconds left.\n|\n|t:|1726862662\n|move|p1b: Maushold|Follow Me|p1b: Maushold\n|-singleturn|p1b: Maushold|move: Follow Me\n|move|p2b: Gholdengo|Make It Rain|p1b: Maushold|[spread] p1a,p1b\n|-resisted|p1a: Basculegion\n|-damage|p1a: Basculegion|51\/100\n|-damage|p1b: Maushold|0 fnt\n|-unboost|p2b: Gholdengo|spa|1\n|faint|p1b: Maushold\n|move|p1a: Basculegion|Last Respects|p2b: Gholdengo\n|-supereffective|p2b: Gholdengo\n|-damage|p2b: Gholdengo|0 fnt\n|faint|p2b: Gholdengo\n|\n|win|BIO26R\n|raw|BIO26R's rating: 1649 &rarr; <strong>1672<\/strong><br \/>(+23 for winning)\n|raw|Arkalid's rating: 1708 &rarr; <strong>1685<\/strong><br \/>(-23 for losing)\n|c|\u2606BIO26R|Gg\n|l|\u2606BIO26R\n|player|p1|\n|l|\u2606Arkalid\n|player|p2|\n","uploadtime":1726862923,"views":17,"formatid":"gen9vgc2024regh","rating":1672,"private":0,"password":null}