{"id":"gen9vgc2024regh-2206180644","format":"[Gen 9] VGC 2024 Reg H","players":["soap858","Mik91"],"log":"|j|\u2606soap858\n|j|\u2606Mik91\n|t:|1726872933\n|gametype|doubles\n|player|p1|soap858|1|1806\n|player|p2|Mik91|giovanni|1686\n|teamsize|p1|6\n|teamsize|p2|6\n|gen|9\n|tier|[Gen 9] VGC 2024 Reg H\n|rated|\n|rule|Species Clause: Limit one of each Pok\u00e9mon\n|rule|Item Clause: Limit 1 of each item\n|clearpoke\n|poke|p1|Garchomp, L50, M|\n|poke|p1|Talonflame, L50, M|\n|poke|p1|Gholdengo, L50|\n|poke|p1|Rillaboom, L50, F|\n|poke|p1|Primarina, L50, F|\n|poke|p1|Tyranitar, L50, F|\n|poke|p2|Dusclops, L50, M|\n|poke|p2|Ursaluna, L50, M|\n|poke|p2|Medicham, L50, M|\n|poke|p2|Kingambit, L50, M|\n|poke|p2|Hydreigon, L50, M|\n|poke|p2|Primarina, L50, F|\n|teampreview|4\n|inactive|Battle timer is ON: inactive players will automatically lose when time's up. (requested by Mik91)\n|inactive|soap858 also wants the timer to be on.\n|inactive|soap858 has 60 seconds left.\n|\n|t:|1726872988\n|start\n|switch|p1a: Gholdengo|Gholdengo, L50|100\/100\n|switch|p1b: Tyranitar|Tyranitar, L50, F|100\/100\n|switch|p2a: Hydreigon|Hydreigon, L50, M|100\/100\n|switch|p2b: Primarina|Primarina, L50, F|100\/100\n|-weather|Sandstorm|[from] ability: Sand Stream|[of] p1b: Tyranitar\n|turn|1\n|inactive|soap858 has 30 seconds left.\n|inactive|Mik91 has 30 seconds left.\n|inactive|Mik91 has 20 seconds left.\n|\n|t:|1726873024\n|switch|p1b: Rillaboom|Rillaboom, L50, F|100\/100\n|-fieldstart|move: Grassy Terrain|[from] ability: Grassy Surge|[of] p1b: Rillaboom\n|-terastallize|p1a: Gholdengo|Steel\n|-terastallize|p2b: Primarina|Grass\n|move|p2a: Hydreigon|Snarl|p1b: Rillaboom|[spread] p1a,p1b\n|-damage|p1a: Gholdengo|82\/100\n|-damage|p1b: Rillaboom|87\/100\n|-unboost|p1a: Gholdengo|spa|1\n|-unboost|p1b: Rillaboom|spa|1\n|move|p1a: Gholdengo|Nasty Plot|p1a: Gholdengo\n|-boost|p1a: Gholdengo|spa|2\n|move|p2b: Primarina|Hyper Voice|p1b: Rillaboom|[spread] p1a,p1b\n|-resisted|p1b: Rillaboom\n|-damage|p1a: Gholdengo|43\/100\n|-damage|p1b: Rillaboom|73\/100\n|\n|-weather|Sandstorm|[upkeep]\n|-damage|p1b: Rillaboom|68\/100|[from] Sandstorm\n|-damage|p2b: Primarina|95\/100|[from] Sandstorm\n|-heal|p1a: Gholdengo|49\/100|[from] Grassy Terrain\n|-heal|p1b: Rillaboom|73\/100|[from] Grassy Terrain\n|-heal|p2b: Primarina|100\/100|[from] Grassy Terrain\n|upkeep\n|turn|2\n|j| Lex the Luxray\n|inactive|soap858 has 30 seconds left.\n|inactive|Mik91 has 30 seconds left.\n|inactive|soap858 has 20 seconds left.\n|inactive|soap858 has 15 seconds left.\n|\n|t:|1726873065\n|move|p2a: Hydreigon|Protect|p2a: Hydreigon\n|-singleturn|p2a: Hydreigon|Protect\n|move|p1a: Gholdengo|Protect|p1a: Gholdengo\n|-singleturn|p1a: Gholdengo|Protect\n|move|p2b: Primarina|Protect|p2b: Primarina\n|-singleturn|p2b: Primarina|Protect\n|move|p1b: Rillaboom|U-turn|p2a: Hydreigon\n|-activate|p2a: Hydreigon|move: Protect\n|\n|-weather|Sandstorm|[upkeep]\n|-damage|p1b: Rillaboom|68\/100|[from] Sandstorm\n|-damage|p2b: Primarina|95\/100|[from] Sandstorm\n|-heal|p1a: Gholdengo|55\/100|[from] Grassy Terrain\n|-heal|p1b: Rillaboom|73\/100|[from] Grassy Terrain\n|-heal|p2b: Primarina|100\/100|[from] Grassy Terrain\n|upkeep\n|turn|3\n|inactive|Mik91 has 30 seconds left.\n|inactive|Mik91 has 20 seconds left.\n|\n|t:|1726873100\n|move|p2a: Hydreigon|Flamethrower|p1a: Gholdengo\n|-supereffective|p1a: Gholdengo\n|-damage|p1a: Gholdengo|0 fnt\n|faint|p1a: Gholdengo\n|move|p1b: Rillaboom|U-turn|p2b: Primarina\n|-supereffective|p2b: Primarina\n|-damage|p2b: Primarina|45\/100\n|-enditem|p2b: Primarina|Sitrus Berry|[eat]\n|-heal|p2b: Primarina|69\/100|[from] item: Sitrus Berry\n|\n|t:|1726873105\n|switch|p1b: Tyranitar|Tyranitar, L50, F|100\/100|[from] U-turn\n|move|p2b: Primarina|Moonblast|p1b: Tyranitar\n|-supereffective|p1b: Tyranitar\n|-damage|p1b: Tyranitar|33\/100\n|\n|-weather|Sandstorm|[upkeep]\n|-damage|p2b: Primarina|64\/100|[from] Sandstorm\n|-heal|p1b: Tyranitar|39\/100|[from] Grassy Terrain\n|-heal|p2b: Primarina|69\/100|[from] Grassy Terrain\n|upkeep\n|\n|t:|1726873108\n|switch|p1a: Talonflame|Talonflame, L50, M|100\/100\n|turn|4\n|inactive|Mik91 has 30 seconds left.\n|inactive|Mik91 has 20 seconds left.\n|inactive|Mik91 has 15 seconds left.\n|inactive|Mik91 has 10 seconds left.\n|\n|t:|1726873157\n|move|p1a: Talonflame|Tailwind|p1a: Talonflame\n|-sidestart|p1: soap858|move: Tailwind\n|move|p1b: Tyranitar|Rock Slide|p2a: Hydreigon|[spread] p2a,p2b\n|-damage|p2a: Hydreigon|51\/100\n|-damage|p2b: Primarina|16\/100\n|move|p2a: Hydreigon|Flamethrower|p1b: Tyranitar\n|-resisted|p1b: Tyranitar\n|-damage|p1b: Tyranitar|31\/100\n|cant|p2b: Primarina|flinch\n|\n|-weather|Sandstorm|[upkeep]\n|-damage|p1a: Talonflame|95\/100|[from] Sandstorm\n|-damage|p2b: Primarina|10\/100|[from] Sandstorm\n|-heal|p1b: Tyranitar|37\/100|[from] Grassy Terrain\n|-heal|p2b: Primarina|16\/100|[from] Grassy Terrain\n|upkeep\n|turn|5\n|\n|t:|1726873180\n|move|p2b: Primarina|Aqua Jet|p1b: Tyranitar\n|-supereffective|p1b: Tyranitar\n|-crit|p1b: Tyranitar\n|-damage|p1b: Tyranitar|14\/100\n|move|p1a: Talonflame|Flare Blitz|p2a: Hydreigon\n|-resisted|p2a: Hydreigon\n|-damage|p2a: Hydreigon|29\/100\n|-damage|p1a: Talonflame|86\/100|[from] Recoil\n|move|p1b: Tyranitar|Rock Slide|p2a: Hydreigon|[spread] p2a,p2b\n|-damage|p2a: Hydreigon|0 fnt\n|-damage|p2b: Primarina|0 fnt\n|faint|p2a: Hydreigon\n|faint|p2b: Primarina\n|\n|-weather|none\n|-heal|p1b: Tyranitar|19\/100|[from] Grassy Terrain\n|-fieldend|move: Grassy Terrain\n|upkeep\n|\n|t:|1726873184\n|switch|p2a: Ursaluna|Ursaluna, L50, M|100\/100\n|switch|p2b: Medicham|Medicham, L50, M|100\/100\n|turn|6\n|\n|t:|1726873196\n|switch|p1b: Rillaboom|Rillaboom, L50, F|73\/100\n|-fieldstart|move: Grassy Terrain|[from] ability: Grassy Surge|[of] p1b: Rillaboom\n|move|p2a: Ursaluna|Protect|p2a: Ursaluna\n|-singleturn|p2a: Ursaluna|Protect\n|move|p1a: Talonflame|Brave Bird|p2b: Medicham\n|-supereffective|p2b: Medicham\n|-enditem|p2b: Medicham|Focus Sash\n|-damage|p2b: Medicham|1\/100\n|-damage|p1a: Talonflame|57\/100|[from] Recoil\n|move|p2b: Medicham|Trick Room|p2b: Medicham\n|-fieldstart|move: Trick Room|[of] p2b: Medicham\n|\n|-heal|p2b: Medicham|7\/100|[from] Grassy Terrain\n|-heal|p1b: Rillaboom|79\/100|[from] Grassy Terrain\n|-status|p2a: Ursaluna|brn|[from] item: Flame Orb\n|upkeep\n|turn|7\n|inactive|soap858 has 30 seconds left.\n|inactive|soap858 has 20 seconds left.\n|inactive|Mik91 has 30 seconds left.\n|\n|t:|1726873234\n|move|p1b: Rillaboom|Fake Out|p2a: Ursaluna\n|-damage|p2a: Ursaluna|90\/100 brn\n|cant|p2a: Ursaluna|flinch\n|move|p2b: Medicham|Zen Headbutt|p1a: Talonflame\n|-damage|p1a: Talonflame|0 fnt\n|faint|p1a: Talonflame\n|\n|-heal|p2a: Ursaluna|97\/100 brn|[from] Grassy Terrain\n|-heal|p2b: Medicham|13\/100|[from] Grassy Terrain\n|-heal|p1b: Rillaboom|85\/100|[from] Grassy Terrain\n|-damage|p2a: Ursaluna|90\/100 brn|[from] brn\n|-sideend|p1: soap858|move: Tailwind\n|upkeep\n|\n|t:|1726873237\n|switch|p1a: Tyranitar|Tyranitar, L50, F|19\/100\n|-weather|Sandstorm|[from] ability: Sand Stream|[of] p1a: Tyranitar\n|turn|8\n|\n|t:|1726873248\n|move|p1b: Rillaboom|Grassy Glide|p2b: Medicham\n|-damage|p2b: Medicham|0 fnt\n|faint|p2b: Medicham\n|move|p2a: Ursaluna|Facade|p1b: Rillaboom\n|-damage|p1b: Rillaboom|0 fnt\n|faint|p1b: Rillaboom\n|move|p1a: Tyranitar|Low Kick|p2a: Ursaluna\n|-supereffective|p2a: Ursaluna\n|-damage|p2a: Ursaluna|0 fnt\n|faint|p2a: Ursaluna\n|\n|win|soap858\n|raw|soap858's rating: 1806 &rarr; <strong>1819<\/strong><br \/>(+13 for winning)\n|raw|Mik91's rating: 1686 &rarr; <strong>1673<\/strong><br \/>(-13 for losing)\n|l|\u2606Mik91\n|player|p2|\n|l|\u2606soap858\n|player|p1|\n|l| Lex the Luxray\n","uploadtime":1726873474,"views":34,"formatid":"gen9vgc2024regh","rating":1673,"private":0,"password":null}