{"id":"gen9vgc2024regh-2207524437","format":"[Gen 9] VGC 2024 Reg H","players":["elvegis1","chiitancrazymascot"],"log":"|j|\u2606elvegis1\n|j|\u2606chiitancrazymascot\n|t:|1727052874\n|gametype|doubles\n|player|p1|elvegis1|lucas|1776\n|player|p2|chiitancrazymascot|pokemaniac|1817\n|teamsize|p1|6\n|teamsize|p2|6\n|gen|9\n|tier|[Gen 9] VGC 2024 Reg H\n|rated|\n|rule|Species Clause: Limit one of each Pok\u00e9mon\n|rule|Item Clause: Limit 1 of each item\n|clearpoke\n|poke|p1|Ceruledge, L50, F|\n|poke|p1|Primarina, L50, M|\n|poke|p1|Murkrow, L50, M|\n|poke|p1|Sneasler, L50, F|\n|poke|p1|Archaludon, L50, M|\n|poke|p1|Sinistcha, L50|\n|poke|p2|Annihilape, L50, M|\n|poke|p2|Dondozo, L50, M|\n|poke|p2|Maushold-Four, L50|\n|poke|p2|Gholdengo, L50|\n|poke|p2|Whimsicott, L50, M|\n|poke|p2|Tatsugiri, L50, M|\n|teampreview|4\n|inactive|Battle timer is ON: inactive players will automatically lose when time's up. (requested by chiitancrazymascot)\n|inactive|elvegis1 has 60 seconds left.\n|inactive|chiitancrazymascot has 60 seconds left.\n|\n|t:|1727052927\n|start\n|switch|p1a: Archaludon|Archaludon, L50, M|100\/100\n|switch|p1b: Murkrow|Murkrow, L50, M|100\/100\n|switch|p2a: Maushold|Maushold-Four, L50|100\/100\n|switch|p2b: Annihilape|Annihilape, L50, M, shiny|100\/100\n|turn|1\n|inactive|elvegis1 has 30 seconds left.\n|\n|t:|1727052953\n|move|p1b: Murkrow|Tailwind|p1b: Murkrow\n|-sidestart|p1: elvegis1|move: Tailwind\n|move|p1a: Archaludon|Draco Meteor|p2a: Maushold\n|-damage|p2a: Maushold|16\/100\n|-unboost|p1a: Archaludon|spa|2\n|move|p2a: Maushold|Beat Up|p2b: Annihilape\n|-damage|p2b: Annihilape|99\/100\n|-damage|p2b: Annihilape|96\/100\n|-damage|p2b: Annihilape|94\/100\n|-damage|p2b: Annihilape|92\/100\n|-hitcount|p2b: Annihilape|4\n|move|p2b: Annihilape|Rage Fist|p1a: Archaludon\n|-damage|p1a: Archaludon|12\/100\n|-ability|p1a: Archaludon|Stamina|boost\n|-boost|p1a: Archaludon|def|1\n|\n|upkeep\n|turn|2\n|inactive|elvegis1 has 30 seconds left.\n|\n|t:|1727052986\n|move|p2a: Maushold|Protect|p2a: Maushold\n|-singleturn|p2a: Maushold|Protect\n|move|p1b: Murkrow|Foul Play|p2b: Annihilape\n|-damage|p2b: Annihilape|64\/100\n|move|p1a: Archaludon|Body Press|p2a: Maushold\n|-activate|p2a: Maushold|move: Protect\n|move|p2b: Annihilape|Rage Fist|p1a: Archaludon\n|-damage|p1a: Archaludon|0 fnt\n|faint|p1a: Archaludon\n|\n|upkeep\n|\n|t:|1727052996\n|switch|p1a: Primarina|Primarina, L50, M|100\/100\n|turn|3\n|\n|t:|1727053006\n|-terastallize|p2b: Annihilape|Water\n|move|p2a: Maushold|Follow Me|p2a: Maushold\n|-singleturn|p2a: Maushold|move: Follow Me\n|move|p1b: Murkrow|Foul Play|p2a: Maushold\n|-damage|p2a: Maushold|0 fnt\n|faint|p2a: Maushold\n|move|p1a: Primarina|Hyper Voice|p2b: Annihilape\n|-resisted|p2b: Annihilape\n|-damage|p2b: Annihilape|46\/100\n|-enditem|p2b: Annihilape|Sitrus Berry|[eat]\n|-heal|p2b: Annihilape|71\/100|[from] item: Sitrus Berry\n|-enditem|p1a: Primarina|Throat Spray\n|-boost|p1a: Primarina|spa|1|[from] item: Throat Spray\n|move|p2b: Annihilape|Rage Fist|p1a: Primarina\n|-damage|p1a: Primarina|0 fnt\n|faint|p1a: Primarina\n|\n|upkeep\n|\n|t:|1727053020\n|switch|p2a: Whimsicott|Whimsicott, L50, M, shiny|100\/100\n|switch|p1a: Sinistcha|Sinistcha, L50|100\/100\n|turn|4\n|\n|t:|1727053035\n|-terastallize|p1a: Sinistcha|Dark\n|move|p2a: Whimsicott|Tailwind|p2a: Whimsicott\n|-sidestart|p2: chiitancrazymascot|move: Tailwind\n|move|p1b: Murkrow|Foul Play|p2b: Annihilape\n|-damage|p2b: Annihilape|29\/100\n|move|p2b: Annihilape|Rage Fist|p1a: Sinistcha\n|-resisted|p1a: Sinistcha\n|-damage|p1a: Sinistcha|36\/100\n|-enditem|p1a: Sinistcha|Sitrus Berry|[eat]\n|-heal|p1a: Sinistcha|61\/100|[from] item: Sitrus Berry\n|move|p1a: Sinistcha|Matcha Gotcha|p2b: Annihilape|[spread] p2a,p2b\n|-resisted|p2a: Whimsicott\n|-supereffective|p2b: Annihilape\n|-damage|p2a: Whimsicott|84\/100\n|-heal|p1a: Sinistcha|68\/100|[from] drain|[of] p2a: Whimsicott\n|-damage|p2b: Annihilape|0 fnt\n|-heal|p1a: Sinistcha|86\/100|[from] drain|[of] p2b: Annihilape\n|faint|p2b: Annihilape\n|\n|-sideend|p1: elvegis1|move: Tailwind\n|upkeep\n|\n|t:|1727053041\n|switch|p2b: Gholdengo|Gholdengo, L50|100\/100\n|turn|5\n|\n|t:|1727053061\n|move|p2a: Whimsicott|Moonblast|p1a: Sinistcha\n|-supereffective|p1a: Sinistcha\n|-damage|p1a: Sinistcha|31\/100\n|-unboost|p1a: Sinistcha|spa|1\n|move|p2b: Gholdengo|Make It Rain|p1b: Murkrow|[spread] p1a,p1b\n|-damage|p1a: Sinistcha|0 fnt\n|-enditem|p1b: Murkrow|Focus Sash\n|-damage|p1b: Murkrow|1\/100\n|-unboost|p2b: Gholdengo|spa|1\n|faint|p1a: Sinistcha\n|move|p1b: Murkrow|Foul Play|p2b: Gholdengo\n|-supereffective|p2b: Gholdengo\n|-damage|p2b: Gholdengo|66\/100\n|\n|upkeep\n|turn|6\n|\n|t:|1727053068\n|move|p2a: Whimsicott|Moonblast|p1b: Murkrow\n|-supereffective|p1b: Murkrow\n|-damage|p1b: Murkrow|0 fnt\n|faint|p1b: Murkrow\n|\n|win|chiitancrazymascot\n|raw|elvegis1's rating: 1776 &rarr; <strong>1758<\/strong><br \/>(-18 for losing)\n|raw|chiitancrazymascot's rating: 1817 &rarr; <strong>1835<\/strong><br \/>(+18 for winning)\n|l|\u2606elvegis1\n|player|p1|\n|l|\u2606chiitancrazymascot\n|player|p2|\n","uploadtime":1727053071,"views":120,"formatid":"gen9vgc2024regh","rating":1758,"private":0,"password":null}