{"id":"gen9vgc2024regh-2207573625","format":"[Gen 9] VGC 2024 Reg H","players":["Machiapelican","chang21"],"log":"|j|\u2606Machiapelican\n|j|\u2606chang21\n|t:|1727058720\n|gametype|doubles\n|player|p1|Machiapelican|1|1800\n|player|p2|chang21|veteran-gen4|1723\n|teamsize|p1|6\n|teamsize|p2|6\n|gen|9\n|tier|[Gen 9] VGC 2024 Reg H\n|rated|\n|rule|Species Clause: Limit one of each Pok\u00e9mon\n|rule|Item Clause: Limit 1 of each item\n|clearpoke\n|poke|p1|Archaludon, L50, F|\n|poke|p1|Dragonite, L50, F|\n|poke|p1|Gengar, L50, F|\n|poke|p1|Kingambit, L50, M|\n|poke|p1|Pelipper, L50, F|\n|poke|p1|Amoonguss, L50, M|\n|poke|p2|Kingambit, L50, M|\n|poke|p2|Electabuzz, L50, M|\n|poke|p2|Primarina, L50, F|\n|poke|p2|Rillaboom, L50, F|\n|poke|p2|Sneasler, L50, F|\n|poke|p2|Ceruledge, L50, M|\n|teampreview|4\n|inactive|Battle timer is ON: inactive players will automatically lose when time's up. (requested by Machiapelican)\n|j| Andy8105\n|inactive|chang21 has 60 seconds left.\n|\n|t:|1727058790\n|start\n|switch|p1a: Kingambit|Kingambit, L50, M, shiny|100\/100\n|switch|p1b: Gengar|Gengar, L50, F, shiny|100\/100\n|switch|p2a: Kingambit|Kingambit, L50, M|100\/100\n|switch|p2b: Electabuzz|Electabuzz, L50, M|100\/100\n|turn|1\n|\n|t:|1727058809\n|move|p1a: Kingambit|Protect|p1a: Kingambit\n|-singleturn|p1a: Kingambit|Protect\n|move|p2b: Electabuzz|Follow Me|p2b: Electabuzz\n|-singleturn|p2b: Electabuzz|move: Follow Me\n|move|p1b: Gengar|Shadow Ball|p2b: Electabuzz\n|-damage|p2b: Electabuzz|71\/100\n|move|p2a: Kingambit|Swords Dance|p2a: Kingambit\n|-boost|p2a: Kingambit|atk|2\n|\n|upkeep\n|turn|2\n|inactive|chang21 has 30 seconds left.\n|inactive|chang21 has 20 seconds left.\n|inactive|chang21 has 15 seconds left.\n|\n|t:|1727058851\n|move|p2b: Electabuzz|Follow Me|p2b: Electabuzz\n|-singleturn|p2b: Electabuzz|move: Follow Me\n|move|p1b: Gengar|Sludge Wave|p2b: Electabuzz|[spread] p2b\n|-immune|p1a: Kingambit\n|-immune|p2a: Kingambit\n|-damage|p2b: Electabuzz|44\/100\n|move|p1a: Kingambit|Assurance|p2b: Electabuzz\n|-damage|p2b: Electabuzz|0 fnt\n|faint|p2b: Electabuzz\n|-damage|p1a: Kingambit|91\/100|[from] item: Life Orb\n|move|p2a: Kingambit|Kowtow Cleave|p1a: Kingambit\n|-resisted|p1a: Kingambit\n|-crit|p1a: Kingambit\n|-damage|p1a: Kingambit|15\/100\n|\n|upkeep\n|\n|t:|1727058866\n|switch|p2b: Sneasler|Sneasler, L50, F|100\/100\n|turn|3\n|\n|t:|1727058884\n|move|p2a: Kingambit|Sucker Punch|p1b: Gengar\n|-supereffective|p1b: Gengar\n|-enditem|p1b: Gengar|Focus Sash\n|-damage|p1b: Gengar|1\/100\n|move|p2b: Sneasler|Close Combat|p1a: Kingambit\n|-supereffective|p1a: Kingambit\n|-damage|p1a: Kingambit|0 fnt\n|-unboost|p2b: Sneasler|def|1\n|-unboost|p2b: Sneasler|spd|1\n|faint|p1a: Kingambit\n|move|p1b: Gengar|Shadow Ball|p2b: Sneasler\n|-damage|p2b: Sneasler|7\/100\n|\n|upkeep\n|\n|t:|1727058896\n|switch|p1a: Dragonite|Dragonite, L50, F, shiny|100\/100\n|turn|4\n|\n|t:|1727058916\n|move|p2b: Sneasler|Dire Claw|p1b: Gengar\n|-resisted|p1b: Gengar\n|-damage|p1b: Gengar|0 fnt\n|faint|p1b: Gengar\n|move|p1a: Dragonite|Low Kick|p2a: Kingambit\n|-supereffective|p2a: Kingambit\n|-damage|p2a: Kingambit|0 fnt\n|faint|p2a: Kingambit\n|\n|upkeep\n|\n|t:|1727058925\n|switch|p1b: Amoonguss|Amoonguss, L50, M|100\/100\n|switch|p2a: Primarina|Primarina, L50, F|100\/100\n|turn|5\n|\n|t:|1727058945\n|-terastallize|p1a: Dragonite|Normal\n|move|p2b: Sneasler|Protect|p2b: Sneasler\n|-singleturn|p2b: Sneasler|Protect\n|move|p1a: Dragonite|Extreme Speed|p2a: Primarina\n|-damage|p2a: Primarina|44\/100\n|move|p1b: Amoonguss|Rage Powder|p1b: Amoonguss\n|-singleturn|p1b: Amoonguss|move: Rage Powder\n|move|p2a: Primarina|Hyper Voice|p1a: Dragonite|[spread] p1a,p1b\n|-resisted|p1b: Amoonguss\n|-damage|p1a: Dragonite|88\/100\n|-damage|p1b: Amoonguss|87\/100\n|-enditem|p2a: Primarina|Throat Spray\n|-boost|p2a: Primarina|spa|1|[from] item: Throat Spray\n|\n|upkeep\n|turn|6\n|\n|t:|1727058961\n|move|p2b: Sneasler|Protect|p2b: Sneasler\n|-singleturn|p2b: Sneasler|Protect\n|move|p1a: Dragonite|Extreme Speed|p2a: Primarina\n|-damage|p2a: Primarina|0 fnt\n|faint|p2a: Primarina\n|move|p1b: Amoonguss|Rage Powder|p1b: Amoonguss\n|-singleturn|p1b: Amoonguss|move: Rage Powder\n|\n|upkeep\n|turn|7\n|-message|chang21 forfeited.\n|\n|win|Machiapelican\n|raw|Machiapelican's rating: 1800 &rarr; <strong>1816<\/strong><br \/>(+16 for winning)\n|raw|chang21's rating: 1723 &rarr; <strong>1707<\/strong><br \/>(-16 for losing)\n|l|\u2606chang21\n|player|p2|\n|l|\u2606Machiapelican\n|player|p1|\n|l| Andy8105\n","uploadtime":1727058978,"views":65,"formatid":"gen9vgc2024regh","rating":1707,"private":0,"password":null}