{"id":"gen9vgc2024regh-2207478662","format":"[Gen 9] VGC 2024 Reg H","players":["my!lane","Waffles4breakfast"],"log":"|j|\u2606my!lane\n|j|\u2606Waffles4breakfast\n|t:|1727047397\n|gametype|doubles\n|player|p1|my!lane|roxie|1649\n|player|p2|Waffles4breakfast|juggler|1686\n|teamsize|p1|6\n|teamsize|p2|6\n|gen|9\n|tier|[Gen 9] VGC 2024 Reg H\n|rated|\n|rule|Species Clause: Limit one of each Pok\u00e9mon\n|rule|Item Clause: Limit 1 of each item\n|clearpoke\n|poke|p1|Kilowattrel, L50, M|\n|poke|p1|Ursaluna-Bloodmoon, L50, M|\n|poke|p1|Farigiraf, L50, F|\n|poke|p1|Basculegion, L50, M|\n|poke|p1|Arcanine-Hisui, L50, F|\n|poke|p1|Shiftry, L50, M|\n|poke|p2|Archaludon, L50, F|\n|poke|p2|Pelipper, L50, F|\n|poke|p2|Basculegion, L50, M|\n|poke|p2|Amoonguss, L50, M|\n|poke|p2|Gholdengo, L50|\n|poke|p2|Murkrow, L50, M|\n|teampreview|4\n|inactive|Battle timer is ON: inactive players will automatically lose when time's up. (requested by my!lane)\n|\n|t:|1727047417\n|start\n|switch|p1a: Kilowattrel|Kilowattrel, L50, M|100\/100\n|switch|p1b: Ursaluna|Ursaluna-Bloodmoon, L50, M|100\/100\n|switch|p2a: Gholdengo|Gholdengo, L50|100\/100\n|switch|p2b: Murkrow|Murkrow, L50, M|100\/100\n|turn|1\n|\n|t:|1727047433\n|-terastallize|p2a: Gholdengo|Steel\n|move|p1b: Ursaluna|Protect|p1b: Ursaluna\n|-singleturn|p1b: Ursaluna|Protect\n|move|p2b: Murkrow|Tailwind|p2b: Murkrow\n|-sidestart|p2: Waffles4breakfast|move: Tailwind\n|move|p2a: Gholdengo|Make It Rain|p1b: Ursaluna|[spread] p1a\n|-activate|p1b: Ursaluna|move: Protect\n|-resisted|p1a: Kilowattrel\n|-damage|p1a: Kilowattrel|10\/100\n|-unboost|p2a: Gholdengo|spa|1\n|move|p1a: Kilowattrel|Tailwind|p1a: Kilowattrel\n|-sidestart|p1: my!lane|move: Tailwind\n|\n|upkeep\n|turn|2\n|\n|t:|1727047450\n|move|p2b: Murkrow|Quash|p1a: Kilowattrel\n|-activate|p1a: Kilowattrel|move: Quash\n|move|p2a: Gholdengo|Make It Rain|p1a: Kilowattrel|[spread] p1a,p1b\n|-resisted|p1a: Kilowattrel\n|-damage|p1a: Kilowattrel|0 fnt\n|-damage|p1b: Ursaluna|29\/100\n|-unboost|p2a: Gholdengo|spa|1\n|faint|p1a: Kilowattrel\n|move|p1b: Ursaluna|Earth Power|p2a: Gholdengo\n|-supereffective|p2a: Gholdengo\n|-damage|p2a: Gholdengo|0 fnt\n|faint|p2a: Gholdengo\n|-damage|p1b: Ursaluna|19\/100|[from] item: Life Orb\n|\n|upkeep\n|\n|t:|1727047473\n|switch|p1a: Shiftry|Shiftry, L50, M|100\/100\n|switch|p2a: Basculegion|Basculegion, L50, M|100\/100\n|-ability|p1a: Shiftry|Wind Rider|boost\n|-boost|p1a: Shiftry|atk|1\n|turn|3\n|inactive|Waffles4breakfast has 30 seconds left.\n|inactive|my!lane has 30 seconds left.\n|inactive|Waffles4breakfast has 20 seconds left.\n|\n|t:|1727047513\n|switch|p2b: Pelipper|Pelipper, L50, F|100\/100\n|-weather|RainDance|[from] ability: Drizzle|[of] p2b: Pelipper\n|move|p2a: Basculegion|Flip Turn|p1b: Ursaluna\n|-supereffective|p1b: Ursaluna\n|-crit|p1b: Ursaluna\n|-damage|p1b: Ursaluna|0 fnt\n|faint|p1b: Ursaluna\n|inactive|Waffles4breakfast has 30 seconds left.\n|inactive|Waffles4breakfast has 20 seconds left.\n|inactive|Waffles4breakfast has 15 seconds left.\n|\n|t:|1727047556\n|switch|p2a: Murkrow|Murkrow, L50, M|100\/100|[from] Flip Turn\n|move|p1a: Shiftry|Knock Off|p2a: Murkrow\n|-resisted|p2a: Murkrow\n|-damage|p2a: Murkrow|56\/100\n|-enditem|p2a: Murkrow|Eviolite|[from] move: Knock Off|[of] p1a: Shiftry\n|\n|-weather|RainDance|[upkeep]\n|upkeep\n|\n|t:|1727047559\n|switch|p1b: Houndfish|Basculegion, L50, M|100\/100\n|turn|4\n|\n|t:|1727047577\n|move|p2a: Murkrow|Quash|p1b: Houndfish\n|-activate|p1b: Houndfish|move: Quash\n|move|p1a: Shiftry|Knock Off|p2b: Pelipper\n|-damage|p2b: Pelipper|14\/100\n|-enditem|p2b: Pelipper|Focus Sash|[from] move: Knock Off|[of] p1a: Shiftry\n|move|p2b: Pelipper|Hurricane|p1b: Houndfish\n|-damage|p1b: Houndfish|65\/100\n|-start|p1b: Houndfish|confusion\n|-activate|p1b: Houndfish|confusion\n|move|p1b: Houndfish|Aqua Jet|p2a: Murkrow\n|-damage|p2a: Murkrow|0 fnt\n|faint|p2a: Murkrow\n|\n|-weather|RainDance|[upkeep]\n|-sideend|p1: my!lane|move: Tailwind\n|-sideend|p2: Waffles4breakfast|move: Tailwind\n|upkeep\n|\n|t:|1727047579\n|switch|p2a: Basculegion|Basculegion, L50, M|100\/100\n|turn|5\n|\n|t:|1727047601\n|-terastallize|p1b: Houndfish|Grass\n|move|p2a: Basculegion|Last Respects|p1a: Shiftry\n|-resisted|p1a: Shiftry\n|-damage|p1a: Shiftry|8\/100\n|move|p1a: Shiftry|Leaf Blade|p2b: Pelipper\n|-crit|p2b: Pelipper\n|-damage|p2b: Pelipper|0 fnt\n|faint|p2b: Pelipper\n|-activate|p1b: Houndfish|confusion\n|move|p1b: Houndfish|Last Respects|p2a: Basculegion\n|-supereffective|p2a: Basculegion\n|-damage|p2a: Basculegion|0 fnt\n|faint|p2a: Basculegion\n|\n|win|my!lane\n|raw|my!lane's rating: 1649 &rarr; <strong>1671<\/strong><br \/>(+22 for winning)\n|raw|Waffles4breakfast's rating: 1686 &rarr; <strong>1664<\/strong><br \/>(-22 for losing)\n|l|\u2606Waffles4breakfast\n|player|p2|\n|l|\u2606my!lane\n|player|p1|\n","uploadtime":1727047797,"views":25,"formatid":"gen9vgc2024regh","rating":1664,"private":0,"password":null}