{"id":"gen9vgc2024regh-2207320797","format":"[Gen 9] VGC 2024 Reg H","players":["chin8","Arkalid"],"log":"|j|\u2606chin8\n|j|\u2606Arkalid\n|t:|1727029080\n|gametype|doubles\n|player|p1|chin8|gentleman-gen4dp|1646\n|player|p2|Arkalid|266|1700\n|teamsize|p1|6\n|teamsize|p2|6\n|gen|9\n|tier|[Gen 9] VGC 2024 Reg H\n|rated|\n|rule|Species Clause: Limit one of each Pok\u00e9mon\n|rule|Item Clause: Limit 1 of each item\n|clearpoke\n|poke|p1|Baxcalibur, L50, F|\n|poke|p1|Kilowattrel, L50, M|\n|poke|p1|Haxorus, L50, F|\n|poke|p1|Gardevoir, L50, F|\n|poke|p1|Magmortar, L50, M|\n|poke|p1|Gholdengo, L50|\n|poke|p2|Dragapult, L50, F|\n|poke|p2|Flamigo, L50, M|\n|poke|p2|Incineroar, L50, F|\n|poke|p2|Amoonguss, L50, M|\n|poke|p2|Garchomp, L50, F|\n|poke|p2|Corviknight, L50, M|\n|teampreview|4\n|inactive|Battle timer is ON: inactive players will automatically lose when time's up. (requested by Arkalid)\nArkalid has agreed to open team sheets.\n|inactive|Arkalid has 60 seconds left.\n|j| salmonsal\n|\n|t:|1727029140\n|start\n|switch|p1a: Baxcalibur|Baxcalibur, L50, F|100\/100\n|switch|p1b: Kilowattrel|Kilowattrel, L50, M|100\/100\n|switch|p2a: Dragapult|Dragapult, L50, F|100\/100\n|switch|p2b: Flamigo|Flamigo, L50, M|100\/100\n|turn|1\n|inactive|Arkalid has 30 seconds left.\n|\n|t:|1727029166\n|switch|p2b: Incineroar|Incineroar, L50, F|100\/100\n|-ability|p2b: Incineroar|Intimidate|boost\n|-unboost|p1a: Baxcalibur|atk|1\n|-unboost|p1b: Kilowattrel|atk|1\n|-ability|p1b: Kilowattrel|Competitive|boost\n|-boost|p1b: Kilowattrel|spa|2\n|-terastallize|p2a: Dragapult|Fairy\n|move|p1b: Kilowattrel|Tailwind|p1b: Kilowattrel\n|-sidestart|p1: chin8|move: Tailwind\n|move|p1a: Baxcalibur|Icicle Crash|p2a: Dragapult\n|-damage|p2a: Dragapult|54\/100\n|move|p2a: Dragapult|Tera Blast|p1b: Kilowattrel|[anim] Tera Blast Fairy\n|-enditem|p1b: Kilowattrel|Focus Sash\n|-damage|p1b: Kilowattrel|1\/100\n|\n|upkeep\n|turn|2\n|\n|t:|1727029182\n|switch|p1a: Gholdengo|Gholdengo, L50|100\/100\n|move|p1b: Kilowattrel|Protect|p1b: Kilowattrel\n|-singleturn|p1b: Kilowattrel|Protect\n|move|p2b: Incineroar|Fake Out|p1b: Kilowattrel\n|-activate|p1b: Kilowattrel|move: Protect\n|move|p2a: Dragapult|Tera Blast|p1a: Gholdengo|[anim] Tera Blast Fairy\n|-resisted|p1a: Gholdengo\n|-damage|p1a: Gholdengo|73\/100\n|\n|-heal|p1a: Gholdengo|79\/100|[from] item: Leftovers\n|upkeep\n|turn|3\n|inactive|Arkalid has 30 seconds left.\n|\n|t:|1727029212\n|switch|p2a: Corviknight|Corviknight, L50, M|100\/100\n|move|p1b: Kilowattrel|Thunderbolt|p2b: Incineroar\n|-damage|p2b: Incineroar|25\/100\n|move|p1a: Gholdengo|Make It Rain|p2a: Corviknight|[spread] p2a,p2b\n|-resisted|p2a: Corviknight\n|-resisted|p2b: Incineroar\n|-damage|p2a: Corviknight|80\/100\n|-damage|p2b: Incineroar|2\/100\n|-unboost|p1a: Gholdengo|spa|1\n|move|p2b: Incineroar|Knock Off|p1b: Kilowattrel\n|-damage|p1b: Kilowattrel|0 fnt\n|faint|p1b: Kilowattrel\n|\n|-heal|p1a: Gholdengo|85\/100|[from] item: Leftovers\n|upkeep\n|\n|t:|1727029217\n|switch|p1b: Magmortar|Magmortar, L50, M|100\/100\n|turn|4\n|\n|t:|1727029235\n|move|p2a: Corviknight|Protect|p2a: Corviknight\n|-singleturn|p2a: Corviknight|Protect\n|move|p1a: Gholdengo|Nasty Plot|p1a: Gholdengo\n|-boost|p1a: Gholdengo|spa|2\n|move|p1b: Magmortar|Heat Wave|p2a: Corviknight|[spread] p2b\n|-activate|p2a: Corviknight|move: Protect\n|-resisted|p2b: Incineroar\n|-damage|p2b: Incineroar|0 fnt\n|faint|p2b: Incineroar\n|\n|-heal|p1a: Gholdengo|91\/100|[from] item: Leftovers\n|-sideend|p1: chin8|move: Tailwind\n|upkeep\n|\n|t:|1727029242\n|switch|p2b: Flamigo|Flamigo, L50, M|100\/100\n|turn|5\n|\n|t:|1727029255\n|move|p1a: Gholdengo|Protect|p1a: Gholdengo\n|-singleturn|p1a: Gholdengo|Protect\n|move|p2b: Flamigo|Wide Guard|p2b: Flamigo\n|-singleturn|p2b: Flamigo|Wide Guard\n|move|p1b: Magmortar|Heat Wave|p2a: Corviknight|[spread] \n|-activate|p2a: Corviknight|move: Wide Guard\n|-activate|p2b: Flamigo|move: Wide Guard\n|move|p2a: Corviknight|Tailwind|p2a: Corviknight\n|-sidestart|p2: Arkalid|move: Tailwind\n|\n|-heal|p1a: Gholdengo|97\/100|[from] item: Leftovers\n|upkeep\n|turn|6\n|\n|t:|1727029277\n|move|p1b: Magmortar|Follow Me|p1b: Magmortar\n|-singleturn|p1b: Magmortar|move: Follow Me\n|move|p2b: Flamigo|Close Combat|p1b: Magmortar\n|-damage|p1b: Magmortar|36\/100\n|-unboost|p2b: Flamigo|def|1\n|-unboost|p2b: Flamigo|spd|1\n|-enditem|p1b: Magmortar|Sitrus Berry|[eat]\n|-heal|p1b: Magmortar|61\/100|[from] item: Sitrus Berry\n|move|p2a: Corviknight|Brave Bird|p1b: Magmortar\n|-damage|p1b: Magmortar|15\/100\n|-damage|p2a: Corviknight|66\/100|[from] Recoil\n|move|p1a: Gholdengo|Shadow Ball|p2b: Flamigo\n|-enditem|p2b: Flamigo|Focus Sash\n|-damage|p2b: Flamigo|1\/100\n|\n|-heal|p1a: Gholdengo|100\/100|[from] item: Leftovers\n|upkeep\n|turn|7\n|\n|t:|1727029301\n|move|p2b: Flamigo|Protect|p2b: Flamigo\n|-singleturn|p2b: Flamigo|Protect\n|move|p1b: Magmortar|Follow Me|p1b: Magmortar\n|-singleturn|p1b: Magmortar|move: Follow Me\n|move|p2a: Corviknight|Brave Bird|p1b: Magmortar\n|-damage|p1b: Magmortar|0 fnt\n|faint|p1b: Magmortar\n|-damage|p2a: Corviknight|62\/100|[from] Recoil\n|move|p1a: Gholdengo|Shadow Ball|p2a: Corviknight\n|-damage|p2a: Corviknight|5\/100\n|\n|upkeep\n|\n|t:|1727029303\n|switch|p1b: Baxcalibur|Baxcalibur, L50, F|100\/100\n|turn|8\n|inactive|Arkalid has 30 seconds left.\n|\n|t:|1727029328\n|move|p2b: Flamigo|Protect||[still]\n|-fail|p2b: Flamigo\n|move|p1b: Baxcalibur|Ice Shard|p2b: Flamigo\n|-supereffective|p2b: Flamigo\n|-damage|p2b: Flamigo|0 fnt\n|faint|p2b: Flamigo\n|move|p2a: Corviknight|Roost|p2a: Corviknight\n|-heal|p2a: Corviknight|55\/100\n|-singleturn|p2a: Corviknight|move: Roost\n|move|p1a: Gholdengo|Shadow Ball|p2a: Corviknight\n|-damage|p2a: Corviknight|0 fnt\n|faint|p2a: Corviknight\n|\n|-sideend|p2: Arkalid|move: Tailwind\n|upkeep\n|\n|t:|1727029333\n|switch|p2b: Dragapult|Dragapult, L50, F, tera:Fairy|54\/100\n|turn|9\n|\n|t:|1727029341\n|move|p1a: Gholdengo|Protect|p1a: Gholdengo\n|-singleturn|p1a: Gholdengo|Protect\n|move|p1b: Baxcalibur|Ice Shard|p2b: Dragapult\n|-damage|p2b: Dragapult|19\/100\n|move|p2b: Dragapult|Shadow Ball|p1a: Gholdengo\n|-activate|p1a: Gholdengo|move: Protect\n|\n|upkeep\n|turn|10\n|\n|t:|1727029347\n|move|p1b: Baxcalibur|Ice Shard|p2b: Dragapult\n|-damage|p2b: Dragapult|0 fnt\n|faint|p2b: Dragapult\n|\n|win|chin8\n|raw|chin8's rating: 1646 &rarr; <strong>1669<\/strong><br \/>(+23 for winning)\n|raw|Arkalid's rating: 1700 &rarr; <strong>1677<\/strong><br \/>(-23 for losing)\n|l|\u2606chin8\n|player|p1|\n|raw|<div class=\"broadcast-red\"><b>The server is restarting soon.<\/b><br \/>Please finish your battles quickly. No new battles can be started until the server resets in a few minutes.<\/div>\n|l|\u2606Arkalid\n|player|p2|\n|l| salmonsal\n","uploadtime":1727029535,"views":31,"formatid":"gen9vgc2024regh","rating":1669,"private":0,"password":null}