{"id":"gen9vgc2024regh-2207618153","format":"[Gen 9] VGC 2024 Reg H","players":["winterbreak","bigplan47"],"log":"|j|\u2606winterbreak\n|j|\u2606bigplan47\n|t:|1727064869\n|gametype|doubles\n|player|p1|winterbreak|lucas-gen4pt|1744\n|player|p2|bigplan47|cynthia-masters|1663\n|teamsize|p1|6\n|teamsize|p2|6\n|gen|9\n|tier|[Gen 9] VGC 2024 Reg H\n|rated|\n|rule|Species Clause: Limit one of each Pok\u00e9mon\n|rule|Item Clause: Limit 1 of each item\n|clearpoke\n|poke|p1|Serperior, L50, F|\n|poke|p1|Dragonite, L50, F|\n|poke|p1|Smeargle, L50, M|\n|poke|p1|Incineroar, L50, F|\n|poke|p1|Gholdengo, L50|\n|poke|p1|Ursaluna-Bloodmoon, L50, M|\n|poke|p2|Drifblim, L50, F|\n|poke|p2|Amoonguss, L50, M|\n|poke|p2|Indeedee, L50, M|\n|poke|p2|Glimmora, L50, M|\n|poke|p2|Tauros-Paldea-Blaze, L50, M|\n|poke|p2|Garchomp, L50, M|\n|teampreview|4\n|j| futonkagebunshin\n|j| MikeFlem12326171\n|inactive|Battle timer is ON: inactive players will automatically lose when time's up. (requested by bigplan47)\n|j| lori Kitahara\n|\n|t:|1727064938\n|start\n|switch|p1a: Smeargle|Smeargle, L50, M|100\/100\n|switch|p1b: Ursaluna|Ursaluna-Bloodmoon, L50, M|100\/100\n|switch|p2a: Drifblim|Drifblim, L50, F|100\/100\n|switch|p2b: Indeedee|Indeedee, L50, M|100\/100\n|-fieldstart|move: Psychic Terrain|[from] ability: Psychic Surge|[of] p2b: Indeedee\n|-enditem|p2a: Drifblim|Psychic Seed\n|-boost|p2a: Drifblim|spd|1|[from] item: Psychic Seed\n|turn|1\n|inactive|winterbreak has 30 seconds left.\n|inactive|winterbreak has 20 seconds left.\n|inactive|winterbreak has 15 seconds left.\n|inactive|winterbreak has 10 seconds left.\n|\n|t:|1727064986\n|switch|p1a: Incineroar|Incineroar, L50, F|100\/100\n|-ability|p1a: Incineroar|Intimidate|boost\n|-unboost|p2a: Drifblim|atk|1\n|-unboost|p2b: Indeedee|atk|1\n|move|p2a: Drifblim|Acrobatics|p1a: Incineroar\n|-damage|p1a: Incineroar|73\/100\n|move|p2b: Indeedee|Expanding Force|p1a: Incineroar|[spread] p1b\n|-immune|p1a: Incineroar\n|-damage|p1b: Ursaluna|37\/100\n|move|p1b: Ursaluna|Blood Moon|p2a: Drifblim\n|-damage|p2a: Drifblim|35\/100\n|\n|upkeep\n|turn|2\n|inactive|bigplan47 has 30 seconds left.\n|\n|t:|1727065019\n|switch|p2b: Glimmora|Glimmora, L50, M|100\/100\n|move|p2a: Drifblim|Tailwind|p2a: Drifblim\n|-sidestart|p2: bigplan47|move: Tailwind\n|move|p1b: Ursaluna|Hyper Voice|p2a: Drifblim|[spread] p2a,p2b\n|-resisted|p2b: Glimmora\n|-damage|p2a: Drifblim|6\/100\n|-damage|p2b: Glimmora|72\/100\n|move|p1a: Incineroar|Knock Off|p2b: Glimmora\n|-damage|p2b: Glimmora|23\/100\n|-activate|p2b: Glimmora|ability: Toxic Debris\n|-sidestart|p1: winterbreak|move: Toxic Spikes\n|-enditem|p2b: Glimmora|Power Herb|[from] move: Knock Off|[of] p1a: Incineroar\n|\n|upkeep\n|turn|3\n|inactive|winterbreak has 30 seconds left.\n|\n|t:|1727065049\n|switch|p1b: Gholdengo|Gholdengo, L50|100\/100\n|move|p2a: Drifblim|Acrobatics|p1b: Gholdengo\n|-resisted|p1b: Gholdengo\n|-damage|p1b: Gholdengo|88\/100\n|move|p2b: Glimmora|Meteor Beam||[still]\n|-prepare|p2b: Glimmora|Meteor Beam\n|-boost|p2b: Glimmora|spa|1\n|move|p1a: Incineroar|Knock Off|p2b: Glimmora\n|-crit|p2b: Glimmora\n|-damage|p2b: Glimmora|0 fnt\n|-activate|p2b: Glimmora|ability: Toxic Debris\n|-sidestart|p1: winterbreak|move: Toxic Spikes\n|faint|p2b: Glimmora\n|\n|-heal|p1b: Gholdengo|94\/100|[from] item: Leftovers\n|upkeep\n|\n|t:|1727065063\n|switch|p2b: Garchomp|Garchomp, L50, M|100\/100\n|turn|4\n|\n|t:|1727065086\n|switch|p1a: Ursaluna|Ursaluna-Bloodmoon, L50, M|37\/100\n|-status|p1a: Ursaluna|tox\n|-terastallize|p2b: Garchomp|Ground\n|-terastallize|p1b: Gholdengo|Water\n|move|p2a: Drifblim|Acrobatics|p1b: Gholdengo\n|-damage|p1b: Gholdengo|68\/100\n|move|p2b: Garchomp|Earthquake|p1a: Ursaluna|[spread] p1a,p1b\n|-immune|p2a: Drifblim\n|-damage|p1a: Ursaluna|0 fnt\n|-damage|p1b: Gholdengo|10\/100\n|faint|p1a: Ursaluna\n|-damage|p2b: Garchomp|91\/100|[from] item: Life Orb\n|move|p1b: Gholdengo|Nasty Plot|p1b: Gholdengo\n|-boost|p1b: Gholdengo|spa|2\n|\n|-heal|p1b: Gholdengo|16\/100|[from] item: Leftovers\n|upkeep\n|inactive|winterbreak has 30 seconds left.\n|inactive|winterbreak has 20 seconds left.\n|\n|t:|1727065121\n|switch|p1a: Incineroar|Incineroar, L50, F|73\/100\n|-status|p1a: Incineroar|tox\n|-ability|p1a: Incineroar|Intimidate|boost\n|-unboost|p2a: Drifblim|atk|1\n|-unboost|p2b: Garchomp|atk|1\n|turn|5\n|\n|t:|1727065139\n|move|p1b: Gholdengo|Protect|p1b: Gholdengo\n|-singleturn|p1b: Gholdengo|Protect\n|move|p2a: Drifblim|Acrobatics|p1b: Gholdengo\n|-activate|p1b: Gholdengo|move: Protect\n|move|p2b: Garchomp|Earthquake|p1b: Gholdengo|[spread] p1a\n|-activate|p1b: Gholdengo|move: Protect\n|-immune|p2a: Drifblim\n|-supereffective|p1a: Incineroar\n|-damage|p1a: Incineroar|0 fnt\n|faint|p1a: Incineroar\n|-damage|p2b: Garchomp|81\/100|[from] item: Life Orb\n|\n|-heal|p1b: Gholdengo|22\/100|[from] item: Leftovers\n|-sideend|p2: bigplan47|move: Tailwind\n|-fieldend|move: Psychic Terrain\n|upkeep\n|\n|t:|1727065148\n|switch|p1a: Smeargle|Smeargle, L50, M|100\/100\n|-status|p1a: Smeargle|tox\n|turn|6\n|inactive|winterbreak has 30 seconds left.\n|\n|t:|1727065173\n|move|p2b: Garchomp|Protect|p2b: Garchomp\n|-singleturn|p2b: Garchomp|Protect\n|move|p1a: Smeargle|Wide Guard|p1a: Smeargle\n|-singleturn|p1a: Smeargle|Wide Guard\n|move|p2a: Drifblim|Acrobatics|p1b: Gholdengo\n|-crit|p1b: Gholdengo\n|-damage|p1b: Gholdengo|0 fnt\n|faint|p1b: Gholdengo\n|\n|-damage|p1a: Smeargle|94\/100 tox|[from] psn\n|-ability|p1a: Smeargle|Moody|boost\n|-boost|p1a: Smeargle|def|2\n|-unboost|p1a: Smeargle|spa|1\n|upkeep\n|turn|7\n|-message|winterbreak forfeited.\n|\n|win|bigplan47\n|raw|winterbreak's rating: 1744 &rarr; <strong>1719<\/strong><br \/>(-25 for losing)\n|raw|bigplan47's rating: 1663 &rarr; <strong>1688<\/strong><br \/>(+25 for winning)\n|l|\u2606winterbreak\n|player|p1|\n|l|\u2606bigplan47\n|player|p2|\n|l| MikeFlem12326171\n","uploadtime":1727065398,"views":45,"formatid":"gen9vgc2024regh","rating":1688,"private":0,"password":null}