{"id":"gen9vgc2024regh-2207139895","format":"[Gen 9] VGC 2024 Reg H","players":["chang21","tyuiop112"],"log":"|j|\u2606chang21\n|j|\u2606tyuiop112\n|t:|1727007938\n|gametype|doubles\n|player|p1|chang21|veteran-gen4|1699\n|player|p2|tyuiop112|101|1704\n|teamsize|p1|6\n|teamsize|p2|6\n|gen|9\n|tier|[Gen 9] VGC 2024 Reg H\n|rated|\n|rule|Species Clause: Limit one of each Pok\u00e9mon\n|rule|Item Clause: Limit 1 of each item\n|clearpoke\n|poke|p1|Kingambit, L50, F|\n|poke|p1|Electabuzz, L50, F|\n|poke|p1|Primarina, L50, F|\n|poke|p1|Rillaboom, L50, M|\n|poke|p1|Sneasler, L50, F|\n|poke|p1|Ceruledge, L50, F|\n|poke|p2|Incineroar, L50, M|\n|poke|p2|Gallade, L50, M|\n|poke|p2|Dragonite, L50, F|\n|poke|p2|Gholdengo, L50|\n|poke|p2|Primarina, L50, M|\n|poke|p2|Electabuzz, L50, F|\n|teampreview|4\n|inactive|Battle timer is ON: inactive players will automatically lose when time's up. (requested by tyuiop112)\n|\n|t:|1727008008\n|start\n|switch|p1a: Kingambit|Kingambit, L50, F|100\/100\n|switch|p1b: Rillaboom|Rillaboom, L50, M|100\/100\n|switch|p2a: Primarina|Primarina, L50, M|100\/100\n|switch|p2b: Electabuzz|Electabuzz, L50, F|100\/100\n|-fieldstart|move: Grassy Terrain|[from] ability: Grassy Surge|[of] p1b: Rillaboom\n|turn|1\n|inactive|chang21 has 30 seconds left.\n|inactive|tyuiop112 has 30 seconds left.\n|inactive|chang21 has 20 seconds left.\n|\n|t:|1727008044\n|switch|p2a: Gallade|Gallade, L50, M|100\/100\n|move|p1b: Rillaboom|Fake Out|p2b: Electabuzz\n|-damage|p2b: Electabuzz|89\/100\n|cant|p2b: Electabuzz|flinch\n|move|p1a: Kingambit|Swords Dance|p1a: Kingambit\n|-boost|p1a: Kingambit|atk|2\n|\n|-heal|p2b: Electabuzz|95\/100|[from] Grassy Terrain\n|upkeep\n|turn|2\n|inactive|chang21 has 30 seconds left.\n|inactive|tyuiop112 has 30 seconds left.\n|\n|t:|1727008072\n|move|p1a: Kingambit|Protect|p1a: Kingambit\n|-singleturn|p1a: Kingambit|Protect\n|move|p2b: Electabuzz|Follow Me|p2b: Electabuzz\n|-singleturn|p2b: Electabuzz|move: Follow Me\n|move|p2a: Gallade|Psycho Cut|p1b: Rillaboom\n|-damage|p1b: Rillaboom|43\/100\n|move|p1b: Rillaboom|Wood Hammer|p2b: Electabuzz\n|-damage|p2b: Electabuzz|25\/100\n|-damage|p1b: Rillaboom|24\/100|[from] Recoil\n|\n|-heal|p2b: Electabuzz|31\/100|[from] Grassy Terrain\n|-heal|p1b: Rillaboom|30\/100|[from] Grassy Terrain\n|upkeep\n|turn|3\n|inactive|tyuiop112 has 30 seconds left.\n|\n|t:|1727008098\n|switch|p1a: Primarina|Primarina, L50, F|100\/100\n|move|p2b: Electabuzz|Follow Me|p2b: Electabuzz\n|-singleturn|p2b: Electabuzz|move: Follow Me\n|move|p2a: Gallade|Sacred Sword|p1a: Primarina\n|-resisted|p1a: Primarina\n|-damage|p1a: Primarina|61\/100\n|move|p1b: Rillaboom|Wood Hammer|p2b: Electabuzz\n|-damage|p2b: Electabuzz|0 fnt\n|faint|p2b: Electabuzz\n|-damage|p1b: Rillaboom|22\/100|[from] Recoil\n|\n|-heal|p1b: Rillaboom|28\/100|[from] Grassy Terrain\n|-heal|p1a: Primarina|67\/100|[from] Grassy Terrain\n|upkeep\n|\n|t:|1727008116\n|switch|p2b: Dragonite|Dragonite, L50, F|100\/100\n|turn|4\n|\n|t:|1727008132\n|-terastallize|p2b: Dragonite|Normal\n|move|p1a: Primarina|Protect|p1a: Primarina\n|-singleturn|p1a: Primarina|Protect\n|move|p2b: Dragonite|Extreme Speed|p1b: Rillaboom\n|-damage|p1b: Rillaboom|0 fnt\n|faint|p1b: Rillaboom\n|move|p2a: Gallade|Leaf Blade|p1a: Primarina\n|-activate|p1a: Primarina|move: Protect\n|\n|-heal|p1a: Primarina|73\/100|[from] Grassy Terrain\n|upkeep\n|inactive|chang21 has 30 seconds left.\n|\n|t:|1727008163\n|switch|p1b: Sneasler|Sneasler, L50, F|100\/100\n|turn|5\n|inactive|chang21 has 30 seconds left.\n|\n|t:|1727008196\n|switch|p1a: Kingambit|Kingambit, L50, F|100\/100\n|move|p1b: Sneasler|Protect|p1b: Sneasler\n|-singleturn|p1b: Sneasler|Protect\n|move|p2b: Dragonite|Extreme Speed|p1a: Kingambit\n|-resisted|p1a: Kingambit\n|-damage|p1a: Kingambit|75\/100\n|move|p2a: Gallade|Psycho Cut|p1b: Sneasler\n|-activate|p1b: Sneasler|move: Protect\n|\n|-heal|p1a: Kingambit|81\/100|[from] Grassy Terrain\n|-fieldend|move: Grassy Terrain\n|upkeep\n|turn|6\n|inactive|chang21 has 30 seconds left.\n|\n|t:|1727008228\n|-terastallize|p1b: Sneasler|Stellar\n|move|p2b: Dragonite|Extreme Speed|p1b: Sneasler\n|-enditem|p1b: Sneasler|Focus Sash\n|-damage|p1b: Sneasler|1\/100\n|move|p1a: Kingambit|Sucker Punch|p2a: Gallade\n|-damage|p2a: Gallade|33\/100\n|move|p1b: Sneasler|Close Combat|p2b: Dragonite\n|-supereffective|p2b: Dragonite\n|-damage|p2b: Dragonite|0 fnt\n|-unboost|p1b: Sneasler|def|1\n|-unboost|p1b: Sneasler|spd|1\n|faint|p2b: Dragonite\n|move|p2a: Gallade|Sacred Sword|p1a: Kingambit\n|-supereffective|p1a: Kingambit\n|-damage|p1a: Kingambit|0 fnt\n|faint|p1a: Kingambit\n|\n|upkeep\n|\n|t:|1727008246\n|switch|p2b: Primarina|Primarina, L50, M|100\/100\n|switch|p1a: Primarina|Primarina, L50, F|73\/100\n|turn|7\n|inactive|tyuiop112 has 30 seconds left.\n|inactive|chang21 has 30 seconds left.\n|inactive|chang21 has 20 seconds left.\n|\n|t:|1727008302\n|move|p1b: Sneasler|Protect|p1b: Sneasler\n|-singleturn|p1b: Sneasler|Protect\n|move|p1a: Primarina|Protect|p1a: Primarina\n|-singleturn|p1a: Primarina|Protect\n|move|p2a: Gallade|Leaf Blade|p1a: Primarina\n|-activate|p1a: Primarina|move: Protect\n|move|p2b: Primarina|Hyper Voice|p1a: Primarina|[spread] \n|-activate|p1a: Primarina|move: Protect\n|-activate|p1b: Sneasler|move: Protect\n|\n|upkeep\n|turn|8\n|l|\u2606tyuiop112\n|inactive|tyuiop112 disconnected and has a minute to reconnect!\n|player|p2|\n|inactive|tyuiop112 has 30 seconds left.\n|j|\u2606tyuiop112\n|inactive|tyuiop112 reconnected and has 30 seconds left.\n|player|p2|tyuiop112|101|\n|inactive|chang21 has 30 seconds left.\n|inactive|tyuiop112 has 20 seconds left.\n|inactive|tyuiop112 has 15 seconds left.\n|inactive|chang21 has 20 seconds left.\n|\n|t:|1727008348\n|move|p1b: Sneasler|Dire Claw|p2b: Primarina\n|-supereffective|p2b: Primarina\n|-damage|p2b: Primarina|0 fnt\n|faint|p2b: Primarina\n|move|p2a: Gallade|Leaf Blade|p1a: Primarina\n|-supereffective|p1a: Primarina\n|-damage|p1a: Primarina|0 fnt\n|faint|p1a: Primarina\n|\n|upkeep\n|turn|9\n|c|\u2606chang21|gg\n|\n|t:|1727008361\n|move|p1b: Sneasler|Dire Claw|p2a: Gallade\n|-damage|p2a: Gallade|0 fnt\n|faint|p2a: Gallade\n|\n|win|chang21\n|raw|chang21's rating: 1699 &rarr; <strong>1719<\/strong><br \/>(+20 for winning)\n|raw|tyuiop112's rating: 1704 &rarr; <strong>1684<\/strong><br \/>(-20 for losing)\n|l|\u2606tyuiop112\n|player|p2|\n|l|\u2606chang21\n|player|p1|\n","uploadtime":1727008623,"views":365,"formatid":"gen9vgc2024regh","rating":1684,"private":0,"password":null}