{"id":"gen9vgc2024regh-2207018712","format":"[Gen 9] VGC 2024 Reg H","players":["Djjwjwwjj","jayjazZa"],"log":"|j|\u2606Djjwjwwjj\n|j|\u2606jayjazZa\n|t:|1726985559\n|gametype|doubles\n|player|p1|Djjwjwwjj|102|1729\n|player|p2|jayjazZa|102|1655\n|teamsize|p1|6\n|teamsize|p2|6\n|gen|9\n|tier|[Gen 9] VGC 2024 Reg H\n|rated|\n|rule|Species Clause: Limit one of each Pok\u00e9mon\n|rule|Item Clause: Limit 1 of each item\n|clearpoke\n|poke|p1|Palafin, L50, M|\n|poke|p1|Incineroar, L50, M|\n|poke|p1|Rillaboom, L50, M|\n|poke|p1|Gholdengo, L50|\n|poke|p1|Pelipper, L50, F|\n|poke|p1|Maushold-Four, L50|\n|poke|p2|Dondozo, L50, M|\n|poke|p2|Tatsugiri, L50, M|\n|poke|p2|Dragonite, L50, M|\n|poke|p2|Gholdengo, L50|\n|poke|p2|Talonflame, L50, M|\n|poke|p2|Annihilape, L50, M|\n|teampreview|4\n|inactive|Battle timer is ON: inactive players will automatically lose when time's up. (requested by jayjazZa)\n|inactive|Djjwjwwjj also wants the timer to be on.\n|inactive|jayjazZa has 60 seconds left.\n|\n|t:|1726985591\n|start\n|switch|p1a: Palafin|Palafin, L50, M, shiny|100\/100\n|switch|p1b: Pelipper|Pelipper, L50, F|100\/100\n|switch|p2a: Gholdengo|Gholdengo, L50|100\/100\n|switch|p2b: Dragonite|Dragonite, L50, M|100\/100\n|-weather|RainDance|[from] ability: Drizzle|[of] p1b: Pelipper\n|turn|1\n|inactive|Djjwjwwjj has 30 seconds left.\n|\n|t:|1726985626\n|-terastallize|p2a: Gholdengo|Steel\n|move|p2b: Dragonite|Extreme Speed|p1b: Pelipper\n|-damage|p1b: Pelipper|41\/100\n|move|p1b: Pelipper|Icy Wind|p2a: Gholdengo|[spread] p2a,p2b\n|-resisted|p2a: Gholdengo\n|-supereffective|p2b: Dragonite\n|-damage|p2a: Gholdengo|94\/100\n|-damage|p2b: Dragonite|62\/100\n|-unboost|p2a: Gholdengo|spe|1\n|-unboost|p2b: Dragonite|spe|1\n|move|p1a: Palafin|Ice Punch|p2b: Dragonite\n|-supereffective|p2b: Dragonite\n|-damage|p2b: Dragonite|0 fnt\n|faint|p2b: Dragonite\n|move|p2a: Gholdengo|Make It Rain|p1a: Palafin|[spread] p1a,p1b\n|-resisted|p1a: Palafin\n|-resisted|p1b: Pelipper\n|-damage|p1a: Palafin|28\/100\n|-damage|p1b: Pelipper|0 fnt\n|-unboost|p2a: Gholdengo|spa|1\n|faint|p1b: Pelipper\n|\n|-weather|RainDance|[upkeep]\n|upkeep\n|inactive|Djjwjwwjj has 30 seconds left.\n|\n|t:|1726985651\n|switch|p1b: Rillaboom|Rillaboom, L50, M|100\/100\n|switch|p2b: Tatsugiri|Tatsugiri, L50, M|100\/100\n|-fieldstart|move: Grassy Terrain|[from] ability: Grassy Surge|[of] p1b: Rillaboom\n|turn|2\n|\n|t:|1726985667\n|detailschange|p1a: Palafin|Palafin-Hero, L50, M, shiny\n|switch|p1a: Incineroar|Incineroar, L50, M|100\/100\n|-ability|p1a: Incineroar|Intimidate|boost\n|-unboost|p2a: Gholdengo|atk|1\n|-unboost|p2b: Tatsugiri|atk|1\n|move|p1b: Rillaboom|Fake Out|p2b: Tatsugiri\n|-damage|p2b: Tatsugiri|77\/100\n|cant|p2b: Tatsugiri|flinch\n|move|p2a: Gholdengo|Make It Rain|p1b: Rillaboom|[spread] p1a,p1b\n|-resisted|p1a: Incineroar\n|-crit|p1b: Rillaboom\n|-damage|p1a: Incineroar|71\/100\n|-damage|p1b: Rillaboom|11\/100\n|-unboost|p2a: Gholdengo|spa|1\n|\n|-weather|RainDance|[upkeep]\n|-heal|p2b: Tatsugiri|82\/100|[from] Grassy Terrain\n|-heal|p1b: Rillaboom|16\/100|[from] Grassy Terrain\n|-heal|p1a: Incineroar|77\/100|[from] Grassy Terrain\n|-heal|p2a: Gholdengo|100\/100|[from] Grassy Terrain\n|upkeep\n|turn|3\n|inactive|Djjwjwwjj has 30 seconds left.\n|inactive|Djjwjwwjj has 20 seconds left.\n|inactive|Djjwjwwjj has 15 seconds left.\n|\n|t:|1726985712\n|-terastallize|p1b: Rillaboom|Grass\n|move|p2b: Tatsugiri|Protect|p2b: Tatsugiri\n|-singleturn|p2b: Tatsugiri|Protect\n|move|p1a: Incineroar|Fake Out|p2a: Gholdengo\n|-resisted|p2a: Gholdengo\n|-damage|p2a: Gholdengo|94\/100\n|move|p1b: Rillaboom|Grassy Glide|p2b: Tatsugiri\n|-activate|p2b: Tatsugiri|move: Protect\n|cant|p2a: Gholdengo|flinch\n|\n|-weather|RainDance|[upkeep]\n|-heal|p2b: Tatsugiri|88\/100|[from] Grassy Terrain\n|-heal|p1b: Rillaboom|22\/100|[from] Grassy Terrain\n|-heal|p1a: Incineroar|83\/100|[from] Grassy Terrain\n|-heal|p2a: Gholdengo|100\/100|[from] Grassy Terrain\n|upkeep\n|turn|4\n|inactive|Djjwjwwjj has 30 seconds left.\n|\n|t:|1726985739\n|switch|p2a: Dondozo|Dondozo, L50, M|100\/100\n|-activate|p2b: Tatsugiri|ability: Commander|[of] p2a: Dondozo\n|-boost|p2a: Dondozo|atk|2\n|-boost|p2a: Dondozo|spa|2\n|-boost|p2a: Dondozo|spe|2\n|-boost|p2a: Dondozo|def|2\n|-boost|p2a: Dondozo|spd|2\n|move|p1b: Rillaboom|Grassy Glide|p2b: Tatsugiri|[miss]\n|-miss|p1b: Rillaboom|p2b: Tatsugiri\n|move|p1a: Incineroar|Knock Off|p2a: Dondozo\n|-damage|p2a: Dondozo|85\/100\n|-enditem|p2a: Dondozo|Leftovers|[from] move: Knock Off|[of] p1a: Incineroar\n|\n|-weather|RainDance|[upkeep]\n|-heal|p2a: Dondozo|92\/100|[from] Grassy Terrain\n|-heal|p2b: Tatsugiri|94\/100|[from] Grassy Terrain\n|-heal|p1b: Rillaboom|28\/100|[from] Grassy Terrain\n|-heal|p1a: Incineroar|89\/100|[from] Grassy Terrain\n|upkeep\n|turn|5\n|\n|t:|1726985763\n|move|p1b: Rillaboom|Grassy Glide|p2a: Dondozo\n|-supereffective|p2a: Dondozo\n|-damage|p2a: Dondozo|60\/100\n|move|p2a: Dondozo|Wave Crash|p1a: Incineroar\n|-supereffective|p1a: Incineroar\n|-damage|p1a: Incineroar|0 fnt\n|faint|p1a: Incineroar\n|-damage|p2a: Dondozo|33\/100|[from] Recoil\n|\n|-weather|none\n|-heal|p2a: Dondozo|40\/100|[from] Grassy Terrain\n|-heal|p2b: Tatsugiri|99\/100|[from] Grassy Terrain\n|-heal|p1b: Rillaboom|34\/100|[from] Grassy Terrain\n|upkeep\n|\n|t:|1726985777\n|switch|p1a: Palafin|Palafin-Hero, L50, M, shiny|28\/100\n|-activate|p1a: Palafin|ability: Zero to Hero\n|turn|6\n|\n|t:|1726985790\n|move|p2a: Dondozo|Order Up|p1a: Palafin\n|-damage|p1a: Palafin|0 fnt\n|faint|p1a: Palafin\n|-boost|p2a: Dondozo|atk|1\n|move|p1b: Rillaboom|Wood Hammer|p2a: Dondozo\n|-supereffective|p2a: Dondozo\n|-crit|p2a: Dondozo\n|-damage|p2a: Dondozo|0 fnt\n|faint|p2a: Dondozo\n|-damage|p1b: Rillaboom|20\/100|[from] Recoil\n|\n|-heal|p2b: Tatsugiri|100\/100|[from] Grassy Terrain\n|-heal|p1b: Rillaboom|26\/100|[from] Grassy Terrain\n|-fieldend|move: Grassy Terrain\n|upkeep\n|\n|t:|1726985793\n|switch|p2a: Gholdengo|Gholdengo, L50, tera:Steel|100\/100\n|turn|7\n|-message|Djjwjwwjj forfeited.\n|\n|win|jayjazZa\n|raw|Djjwjwwjj's rating: 1729 &rarr; <strong>1705<\/strong><br \/>(-24 for losing)\n|raw|jayjazZa's rating: 1655 &rarr; <strong>1679<\/strong><br \/>(+24 for winning)\n|l|\u2606Djjwjwwjj\n|player|p1|\n|l|\u2606jayjazZa\n|player|p2|\n","uploadtime":1726985963,"views":27,"formatid":"gen9vgc2024regh","rating":1679,"private":0,"password":null}