{"id":"gen9vgc2024regh-2207380034","format":"[Gen 9] VGC 2024 Reg H","players":["Zenchaos","ps12032"],"log":"|j|\u2606Zenchaos\n|j|\u2606ps12032\n|t:|1727036297\n|gametype|doubles\n|player|p1|Zenchaos|1|1641\n|player|p2|ps12032|101|1721\n|teamsize|p1|6\n|teamsize|p2|6\n|gen|9\n|tier|[Gen 9] VGC 2024 Reg H\n|rated|\n|rule|Species Clause: Limit one of each Pok\u00e9mon\n|rule|Item Clause: Limit 1 of each item\n|clearpoke\n|poke|p1|Rillaboom, L50, M|\n|poke|p1|Electabuzz, L50, M|\n|poke|p1|Gholdengo, L50|\n|poke|p1|Murkrow, L50, M|\n|poke|p1|Hydreigon, L50, M|\n|poke|p1|Sneasler, L50, M|\n|poke|p2|Illumise, L50, F|\n|poke|p2|Primarina, L50, F|\n|poke|p2|Espathra, L50, F|\n|poke|p2|Typhlosion-Hisui, L50, F|\n|poke|p2|Indeedee-F, L50, F|\n|poke|p2|Archaludon, L50, F|\n|teampreview|4\n|j| TenebrousWraith\n|inactive|Battle timer is ON: inactive players will automatically lose when time's up. (requested by Zenchaos)\n|\n|t:|1727036352\n|start\n|switch|p1a: Hydreigon|Hydreigon, L50, M|100\/100\n|switch|p1b: Electabuzz|Electabuzz, L50, M|100\/100\n|switch|p2a: Illumise|Illumise, L50, F|100\/100\n|switch|p2b: Typhlosion|Typhlosion-Hisui, L50, F|100\/100\n|turn|1\n|\n|t:|1727036366\n|switch|p2b: Primarina|Primarina, L50, F|100\/100\n|move|p2a: Illumise|Tailwind|p2a: Illumise\n|-sidestart|p2: ps12032|move: Tailwind\n|move|p1a: Hydreigon|Dark Pulse|p2b: Primarina\n|-resisted|p2b: Primarina\n|-damage|p2b: Primarina|68\/100\n|move|p1b: Electabuzz|Electroweb|p2a: Illumise|[spread] p2a,p2b\n|-supereffective|p2b: Primarina\n|-damage|p2a: Illumise|87\/100\n|-damage|p2b: Primarina|39\/100\n|-unboost|p2a: Illumise|spe|1\n|-unboost|p2b: Primarina|spe|1\n|\n|upkeep\n|turn|2\n|inactive|ps12032 has 30 seconds left.\n|inactive|ps12032 has 20 seconds left.\n|inactive|ps12032 has 15 seconds left.\n|inactive|ps12032 has 10 seconds left.\n|\n|t:|1727036413\n|switch|p1a: Rillaboom|Rillaboom, L50, M|100\/100\n|-fieldstart|move: Grassy Terrain|[from] ability: Grassy Surge|[of] p1a: Rillaboom\n|move|p2a: Illumise|Encore|p1b: Electabuzz\n|-start|p1b: Electabuzz|Encore\n|move|p2b: Primarina|Dazzling Gleam|p1b: Electabuzz|[spread] p1a,p1b\n|-damage|p1a: Rillaboom|66\/100\n|-damage|p1b: Electabuzz|69\/100\n|move|p1b: Electabuzz|Electroweb|p2a: Illumise|[spread] p2a,p2b\n|-supereffective|p2b: Primarina\n|-damage|p2a: Illumise|74\/100\n|-damage|p2b: Primarina|12\/100\n|-unboost|p2a: Illumise|spe|1\n|-unboost|p2b: Primarina|spe|1\n|\n|-heal|p1b: Electabuzz|75\/100|[from] Grassy Terrain\n|-heal|p2b: Primarina|18\/100|[from] Grassy Terrain\n|-heal|p1a: Rillaboom|72\/100|[from] Grassy Terrain\n|-heal|p2a: Illumise|80\/100|[from] Grassy Terrain\n|upkeep\n|turn|3\n|\n|t:|1727036434\n|move|p2a: Illumise|Sunny Day|p2a: Illumise\n|-weather|SunnyDay\n|move|p1b: Electabuzz|Electroweb|p2b: Primarina|[spread] p2a,p2b\n|-supereffective|p2b: Primarina\n|-damage|p2a: Illumise|69\/100\n|-damage|p2b: Primarina|0 fnt\n|-unboost|p2a: Illumise|spe|1\n|faint|p2b: Primarina\n|move|p1a: Rillaboom|U-turn|p2a: Illumise\n|-damage|p2a: Illumise|38\/100\n|\n|t:|1727036444\n|switch|p1a: Hydreigon|Hydreigon, L50, M|100\/100|[from] U-turn\n|\n|-weather|SunnyDay|[upkeep]\n|-heal|p1b: Electabuzz|81\/100|[from] Grassy Terrain\n|-heal|p2a: Illumise|44\/100|[from] Grassy Terrain\n|upkeep\n|\n|t:|1727036452\n|switch|p2b: Typhlosion|Typhlosion-Hisui, L50, F|100\/100\n|turn|4\n|\n|t:|1727036471\n|-terastallize|p2b: Typhlosion|Fire\n|move|p2a: Illumise|Encore||[still]\n|-fail|p2a: Illumise\n|move|p2b: Typhlosion|Eruption|p1b: Electabuzz|[spread] p1a,p1b\n|-resisted|p1a: Hydreigon\n|-damage|p1a: Hydreigon|23\/100\n|-damage|p1b: Electabuzz|0 fnt\n|faint|p1b: Electabuzz\n|move|p1a: Hydreigon|Dark Pulse|p2b: Typhlosion\n|-damage|p2b: Typhlosion|23\/100\n|\n|-weather|SunnyDay|[upkeep]\n|-heal|p2b: Typhlosion|29\/100|[from] Grassy Terrain\n|-heal|p2a: Illumise|49\/100|[from] Grassy Terrain\n|-sideend|p2: ps12032|move: Tailwind\n|upkeep\n|\n|t:|1727036479\n|switch|p1b: Slim Shady|Sneasler, L50, M|100\/100\n|-enditem|p1b: Slim Shady|Grassy Seed\n|-boost|p1b: Slim Shady|def|1|[from] item: Grassy Seed\n|turn|5\n|\n|t:|1727036493\n|move|p2b: Typhlosion|Protect|p2b: Typhlosion\n|-singleturn|p2b: Typhlosion|Protect\n|move|p2a: Illumise|Tailwind|p2a: Illumise\n|-sidestart|p2: ps12032|move: Tailwind\n|move|p1b: Slim Shady|Dire Claw|p2b: Typhlosion\n|-activate|p2b: Typhlosion|move: Protect\n|move|p1a: Hydreigon|Dark Pulse|p2a: Illumise\n|-damage|p2a: Illumise|0 fnt\n|faint|p2a: Illumise\n|\n|-weather|SunnyDay|[upkeep]\n|-heal|p2b: Typhlosion|35\/100|[from] Grassy Terrain\n|upkeep\n|\n|t:|1727036501\n|switch|p2a: Archaludon|Archaludon, L50, F|100\/100\n|turn|6\n|\n|t:|1727036511\n|move|p2b: Typhlosion|Eruption|p1a: Hydreigon|[spread] p1a,p1b\n|-resisted|p1a: Hydreigon\n|-damage|p1a: Hydreigon|0 fnt\n|-damage|p1b: Slim Shady|46\/100\n|faint|p1a: Hydreigon\n|move|p1b: Slim Shady|Close Combat|p2a: Archaludon\n|-supereffective|p2a: Archaludon\n|-damage|p2a: Archaludon|0 fnt\n|-unboost|p1b: Slim Shady|def|1\n|-unboost|p1b: Slim Shady|spd|1\n|faint|p2a: Archaludon\n|\n|-weather|SunnyDay|[upkeep]\n|-heal|p2b: Typhlosion|41\/100|[from] Grassy Terrain\n|-heal|p1b: Slim Shady|52\/100|[from] Grassy Terrain\n|-fieldend|move: Grassy Terrain\n|upkeep\n|\n|t:|1727036515\n|switch|p1a: Rillaboom|Rillaboom, L50, M|72\/100\n|-fieldstart|move: Grassy Terrain|[from] ability: Grassy Surge|[of] p1a: Rillaboom\n|turn|7\n|\n|t:|1727036525\n|move|p1a: Rillaboom|Fake Out|p2b: Typhlosion\n|-damage|p2b: Typhlosion|19\/100\n|cant|p2b: Typhlosion|flinch\n|move|p1b: Slim Shady|Swords Dance|p1b: Slim Shady\n|-boost|p1b: Slim Shady|atk|2\n|\n|-weather|none\n|-heal|p2b: Typhlosion|25\/100|[from] Grassy Terrain\n|-heal|p1b: Slim Shady|58\/100|[from] Grassy Terrain\n|-heal|p1a: Rillaboom|77\/100|[from] Grassy Terrain\n|upkeep\n|turn|8\n|\n|t:|1727036534\n|-terastallize|p1a: Rillaboom|Fire\n|move|p1a: Rillaboom|Grassy Glide|p2b: Typhlosion\n|-resisted|p2b: Typhlosion\n|-damage|p2b: Typhlosion|0 fnt\n|faint|p2b: Typhlosion\n|\n|win|Zenchaos\n|raw|Zenchaos's rating: 1641 &rarr; <strong>1666<\/strong><br \/>(+25 for winning)\n|raw|ps12032's rating: 1721 &rarr; <strong>1696<\/strong><br \/>(-25 for losing)\n|l|\u2606Zenchaos\n|player|p1|\n|l|\u2606ps12032\n|player|p2|\n|l| TenebrousWraith\n","uploadtime":1727036721,"views":23,"formatid":"gen9vgc2024regh","rating":1666,"private":0,"password":null}