{"id":"gen9vgc2024regh-2207300906","format":"[Gen 9] VGC 2024 Reg H","players":["tempamental","Pokemariogame570"],"log":"|j|\u2606tempamental\n|j|\u2606Pokemariogame570\n|t:|1727026974\n|gametype|doubles\n|player|p1|tempamental|102|1706\n|player|p2|Pokemariogame570|hilbert|1659\n|teamsize|p1|6\n|teamsize|p2|6\n|gen|9\n|tier|[Gen 9] VGC 2024 Reg H\n|rated|\n|rule|Species Clause: Limit one of each Pok\u00e9mon\n|rule|Item Clause: Limit 1 of each item\n|clearpoke\n|poke|p1|Indeedee-F, L50, F|\n|poke|p1|Sneasler, L50, F|\n|poke|p1|Basculegion, L50, M|\n|poke|p1|Pelipper, L50, M|\n|poke|p1|Amoonguss, L50, F|\n|poke|p1|Hydreigon, L50, F|\n|poke|p2|Dragonite, L50, F|\n|poke|p2|Glimmora, L50, M|\n|poke|p2|Dondozo, L50, M|\n|poke|p2|Tatsugiri, L50, F|\n|poke|p2|Gholdengo, L50|\n|poke|p2|Talonflame, L50, F|\n|teampreview|4\n|inactive|Battle timer is ON: inactive players will automatically lose when time's up. (requested by tempamental)\n|inactive|tempamental has 60 seconds left.\n|inactive|Pokemariogame570 has 60 seconds left.\n|\n|t:|1727027012\n|start\n|switch|p1a: Indeedee|Indeedee-F, L50, F|100\/100\n|switch|p1b: Sneasler|Sneasler, L50, F|100\/100\n|switch|p2a: Dragonite|Dragonite, L50, F|100\/100\n|switch|p2b: Glimmora|Glimmora, L50, M|100\/100\n|-fieldstart|move: Psychic Terrain|[from] ability: Psychic Surge|[of] p1a: Indeedee\n|-enditem|p1b: Sneasler|Psychic Seed\n|-boost|p1b: Sneasler|spd|1|[from] item: Psychic Seed\n|turn|1\n|inactive|Pokemariogame570 has 30 seconds left.\n|j| BonoboF\n|inactive|Pokemariogame570 has 20 seconds left.\n|\n|t:|1727027048\n|-terastallize|p2b: Glimmora|Grass\n|-terastallize|p1a: Indeedee|Fairy\n|move|p1a: Indeedee|Follow Me|p1a: Indeedee\n|-singleturn|p1a: Indeedee|move: Follow Me\n|move|p1b: Sneasler|Close Combat|p2b: Glimmora\n|-damage|p2b: Glimmora|25\/100\n|-unboost|p1b: Sneasler|def|1\n|-unboost|p1b: Sneasler|spd|1\n|-activate|p2b: Glimmora|ability: Toxic Debris\n|-sidestart|p1: tempamental|move: Toxic Spikes\n|move|p2b: Glimmora|Sludge Bomb|p1a: Indeedee\n|-supereffective|p1a: Indeedee\n|-damage|p1a: Indeedee|11\/100\n|move|p2a: Dragonite|Earthquake|p1b: Sneasler|[spread] p2b,p1a,p1b\n|-resisted|p2b: Glimmora\n|-supereffective|p1b: Sneasler\n|-damage|p2b: Glimmora|4\/100\n|-damage|p1a: Indeedee|0 fnt\n|-damage|p1b: Sneasler|0 fnt\n|-activate|p2b: Glimmora|ability: Toxic Debris\n|-sidestart|p1: tempamental|move: Toxic Spikes\n|faint|p1a: Indeedee\n|faint|p1b: Sneasler\n|\n|upkeep\n|\n|t:|1727027073\n|switch|p1b: Amoonguss|Amoonguss, L50, F|100\/100\n|switch|p1a: Hydreigon|Hydreigon, L50, F|100\/100\n|-sideend|p1: tempamental|move: Toxic Spikes|[of] p1b: Amoonguss\n|turn|2\n|j| Jamel1\n|inactive|tempamental has 30 seconds left.\n|inactive|Pokemariogame570 has 30 seconds left.\n|\n|t:|1727027104\n|switch|p2a: Tatsugiri|Tatsugiri, L50, F|100\/100\n|move|p1a: Hydreigon|Dark Pulse|p2a: Tatsugiri\n|-damage|p2a: Tatsugiri|14\/100\n|move|p2b: Glimmora|Mortal Spin|p1b: Amoonguss|[spread] p1a,p1b\n|-damage|p1a: Hydreigon|95\/100\n|-damage|p1b: Amoonguss|96\/100\n|-status|p1a: Hydreigon|psn\n|move|p1b: Amoonguss|Pollen Puff|p2b: Glimmora\n|-supereffective|p2b: Glimmora\n|-damage|p2b: Glimmora|0 fnt\n|faint|p2b: Glimmora\n|\n|-damage|p1a: Hydreigon|83\/100 psn|[from] psn\n|upkeep\n|inactive|Pokemariogame570 has 30 seconds left.\n|\n|t:|1727027133\n|switch|p2b: Dondozo|Dondozo, L50, M|100\/100\n|-activate|p2a: Tatsugiri|ability: Commander|[of] p2b: Dondozo\n|-boost|p2b: Dondozo|atk|2\n|-boost|p2b: Dondozo|spa|2\n|-boost|p2b: Dondozo|spe|2\n|-boost|p2b: Dondozo|def|2\n|-boost|p2b: Dondozo|spd|2\n|turn|3\n|\n|t:|1727027148\n|move|p2b: Dondozo|Protect|p2b: Dondozo\n|-singleturn|p2b: Dondozo|Protect\n|move|p1a: Hydreigon|Dark Pulse|p2b: Dondozo\n|-activate|p2b: Dondozo|move: Protect\n|move|p1b: Amoonguss|Clear Smog|p2b: Dondozo\n|-activate|p2b: Dondozo|move: Protect\n|\n|-damage|p1a: Hydreigon|71\/100 psn|[from] psn\n|upkeep\n|turn|4\n|\n|t:|1727027162\n|move|p1a: Hydreigon|Dark Pulse|p2b: Dondozo\n|-damage|p2b: Dondozo|72\/100\n|move|p2b: Dondozo|Order Up|p1a: Hydreigon\n|-supereffective|p1a: Hydreigon\n|-damage|p1a: Hydreigon|0 fnt\n|faint|p1a: Hydreigon\n|-boost|p2b: Dondozo|atk|1\n|move|p1b: Amoonguss|Clear Smog|p2b: Dondozo\n|-crit|p2b: Dondozo\n|-damage|p2b: Dondozo|52\/100\n|-clearboost|p2b: Dondozo\n|\n|-heal|p2b: Dondozo|58\/100|[from] item: Leftovers\n|upkeep\n|turn|5\n|-message|tempamental forfeited.\n|\n|win|Pokemariogame570\n|raw|tempamental's rating: 1706 &rarr; <strong>1683<\/strong><br \/>(-23 for losing)\n|raw|Pokemariogame570's rating: 1659 &rarr; <strong>1682<\/strong><br \/>(+23 for winning)\n|l|\u2606tempamental\n|player|p1|\n|l| BonoboF\n|l| Jamel1\n|l|\u2606Pokemariogame570\n|player|p2|\n","uploadtime":1727027317,"views":21,"formatid":"gen9vgc2024regh","rating":1682,"private":0,"password":null}