{"id":"gen9vgc2024regh-2207647584","format":"[Gen 9] VGC 2024 Reg H","players":["fangame10","caixueying"],"log":"|j|\u2606fangame10\n|j|\u2606caixueying\n|t:|1727069955\n|gametype|doubles\n|player|p1|fangame10|red|1934\n|player|p2|caixueying|beauty-gen4dp|1794\n|teamsize|p1|6\n|teamsize|p2|6\n|gen|9\n|tier|[Gen 9] VGC 2024 Reg H\n|rated|\n|rule|Species Clause: Limit one of each Pok\u00e9mon\n|rule|Item Clause: Limit 1 of each item\n|clearpoke\n|poke|p1|Baxcalibur, L50, F|\n|poke|p1|Ninetales-Alola, L50, F|\n|poke|p1|Milotic, L50, M|\n|poke|p1|Skeledirge, L50, M|\n|poke|p1|Rillaboom, L50, M|\n|poke|p1|Sneasler, L50, M|\n|poke|p2|Lilligant-Hisui, L50, F|\n|poke|p2|Maushold-Four, L50|\n|poke|p2|Hatterene, L50, F|\n|poke|p2|Indeedee-F, L50, F|\n|poke|p2|Gallade, L50, M|\n|poke|p2|Torkoal, L50, F|\n|teampreview|4\n|inactive|Battle timer is ON: inactive players will automatically lose when time's up. (requested by fangame10)\n|inactive|caixueying also wants the timer to be on.\n|inactive|fangame10 has 60 seconds left.\n|\n|t:|1727069999\n|start\n|switch|p1a: Skeledirge|Skeledirge, L50, M, shiny|100\/100\n|switch|p1b: Ninetales|Ninetales-Alola, L50, F, shiny|100\/100\n|switch|p2a: Maushold|Maushold-Four, L50|100\/100\n|switch|p2b: Hatterene|Hatterene, L50, F|100\/100\n|-weather|Snow|[from] ability: Snow Warning|[of] p1b: Ninetales\n|turn|1\n|\n|t:|1727070014\n|switch|p1b: Milotic|Milotic, L50, M, shiny|100\/100\n|-terastallize|p2a: Maushold|Normal\n|move|p2a: Maushold|Population Bomb|p1b: Milotic\n|-damage|p1b: Milotic|85\/100\n|-damage|p1b: Milotic|69\/100\n|-damage|p1b: Milotic|51\/100\n|-damage|p1b: Milotic|33\/100\n|-enditem|p1b: Milotic|Sitrus Berry|[eat]\n|-heal|p1b: Milotic|58\/100|[from] item: Sitrus Berry\n|-damage|p1b: Milotic|41\/100\n|-damage|p1b: Milotic|26\/100\n|-damage|p1b: Milotic|9\/100\n|-damage|p1b: Milotic|0 fnt\n|faint|p1b: Milotic\n|-hitcount|p1: Milotic|8\n|move|p1a: Skeledirge|Torch Song|p2b: Hatterene\n|-damage|p2b: Hatterene|58\/100\n|-boost|p1a: Skeledirge|spa|1\n|move|p2b: Hatterene|Trick Room|p2b: Hatterene\n|-fieldstart|move: Trick Room|[of] p2b: Hatterene\n|\n|-weather|Snow|[upkeep]\n|upkeep\n|\n|t:|1727070026\n|switch|p1b: Ninetales|Ninetales-Alola, L50, F, shiny|100\/100\n|turn|2\n|inactive|fangame10 has 30 seconds left.\n|\n|t:|1727070057\n|switch|p2a: Indeedee|Indeedee-F, L50, F|100\/100\n|-fieldstart|move: Psychic Terrain|[from] ability: Psychic Surge|[of] p2a: Indeedee\n|-terastallize|p1a: Skeledirge|Dark\n|move|p1b: Ninetales|Protect|p1b: Ninetales\n|-singleturn|p1b: Ninetales|Protect\n|move|p2b: Hatterene|Expanding Force|p1a: Skeledirge|[spread] \n|-activate|p1b: Ninetales|move: Protect\n|-immune|p1a: Skeledirge\n|move|p1a: Skeledirge|Torch Song|p2b: Hatterene\n|-damage|p2b: Hatterene|0 fnt\n|-boost|p1a: Skeledirge|spa|1\n|faint|p2b: Hatterene\n|\n|-weather|Snow|[upkeep]\n|upkeep\n|\n|t:|1727070073\n|switch|p2b: Torkoal|Torkoal, L50, F|100\/100\n|-weather|SunnyDay|[from] ability: Drought|[of] p2b: Torkoal\n|turn|3\n|\n|t:|1727070080\n|move|p2a: Indeedee|Helping Hand|p2b: Torkoal\n|-singleturn|p2b: Torkoal|Helping Hand|[of] p2a: Indeedee\n|move|p1a: Skeledirge|Protect|p1a: Skeledirge\n|-singleturn|p1a: Skeledirge|Protect\n|move|p2b: Torkoal|Eruption|p1a: Skeledirge|[spread] p1b\n|-activate|p1a: Skeledirge|move: Protect\n|-supereffective|p1b: Ninetales\n|-damage|p1b: Ninetales|0 fnt\n|faint|p1b: Ninetales\n|\n|-weather|SunnyDay|[upkeep]\n|upkeep\n|\n|t:|1727070082\n|switch|p1b: Rillaboom|Rillaboom, L50, M, shiny|100\/100\n|-fieldstart|move: Grassy Terrain|[from] ability: Grassy Surge|[of] p1b: Rillaboom\n|turn|4\n|\n|t:|1727070098\n|switch|p2a: Maushold|Maushold-Four, L50, tera:Normal|100\/100\n|move|p2b: Torkoal|Protect|p2b: Torkoal\n|-singleturn|p2b: Torkoal|Protect\n|move|p1b: Rillaboom|Fake Out|p2b: Torkoal\n|-activate|p2b: Torkoal|move: Protect\n|move|p1a: Skeledirge|Torch Song|p2a: Maushold\n|-damage|p2a: Maushold|0 fnt\n|-boost|p1a: Skeledirge|spa|1\n|faint|p2a: Maushold\n|\n|-weather|SunnyDay|[upkeep]\n|upkeep\n|\n|t:|1727070110\n|switch|p2a: Indeedee|Indeedee-F, L50, F|100\/100\n|-fieldstart|move: Psychic Terrain|[from] ability: Psychic Surge|[of] p2a: Indeedee\n|turn|5\n|j| Tian15\n|\n|t:|1727070132\n|move|p2a: Indeedee|Helping Hand|p2b: Torkoal\n|-singleturn|p2b: Torkoal|Helping Hand|[of] p2a: Indeedee\n|move|p1a: Skeledirge|Protect|p1a: Skeledirge\n|-singleturn|p1a: Skeledirge|Protect\n|move|p2b: Torkoal|Eruption|p1a: Skeledirge|[spread] p1b\n|-activate|p1a: Skeledirge|move: Protect\n|-supereffective|p1b: Rillaboom\n|-damage|p1b: Rillaboom|0 fnt\n|faint|p1b: Rillaboom\n|\n|-weather|SunnyDay|[upkeep]\n|-fieldend|move: Trick Room\n|upkeep\n|turn|6\n|\n|t:|1727070155\n|move|p2b: Torkoal|Protect|p2b: Torkoal\n|-singleturn|p2b: Torkoal|Protect\n|move|p1a: Skeledirge|Torch Song|p2a: Indeedee\n|-damage|p2a: Indeedee|0 fnt\n|-boost|p1a: Skeledirge|spa|1\n|faint|p2a: Indeedee\n|\n|-weather|SunnyDay|[upkeep]\n|upkeep\n|turn|7\n|\n|t:|1727070164\n|move|p1a: Skeledirge|Shadow Ball|p2b: Torkoal\n|-damage|p2b: Torkoal|0 fnt\n|faint|p2b: Torkoal\n|\n|win|fangame10\n|raw|fangame10's rating: 1934 &rarr; <strong>1946<\/strong><br \/>(+12 for winning)\n|raw|caixueying's rating: 1794 &rarr; <strong>1782<\/strong><br \/>(-12 for losing)\n|l|\u2606caixueying\n|player|p2|\n|l| Tian15\n","uploadtime":1727070166,"views":348,"formatid":"gen9vgc2024regh","rating":1782,"private":0,"password":null}