{"id":"gen9vgc2024regh-2207557604","format":"[Gen 9] VGC 2024 Reg H","players":["Terry kloak","yuzuda"],"log":"|j|\u2606Terry kloak\n|j|\u2606yuzuda\n|t:|1727056762\n|gametype|doubles\n|player|p1|Terry kloak|2|1674\n|player|p2|yuzuda|2|1695\n|teamsize|p1|6\n|teamsize|p2|6\n|gen|9\n|tier|[Gen 9] VGC 2024 Reg H\n|rated|\n|rule|Species Clause: Limit one of each Pok\u00e9mon\n|rule|Item Clause: Limit 1 of each item\n|clearpoke\n|poke|p1|Meowscarada, L50, F|\n|poke|p1|Armarouge, L50, F|\n|poke|p1|Salamence, L50, M|\n|poke|p1|Indeedee-F, L50, F|\n|poke|p1|Ursaluna-Bloodmoon, L50, M|\n|poke|p1|Torkoal, L50, F|\n|poke|p2|Typhlosion-Hisui, L50, F|\n|poke|p2|Maushold, L50|\n|poke|p2|Whimsicott, L50, M|\n|poke|p2|Annihilape, L50, M|\n|poke|p2|Archaludon, L50, M|\n|poke|p2|Pelipper, L50, M|\n|teampreview|4\n|inactive|Battle timer is ON: inactive players will automatically lose when time's up. (requested by yuzuda)\n|inactive|yuzuda has 60 seconds left.\n|j| Yastgutdwiiys\n|\n|t:|1727056803\n|start\n|switch|p1a: Indeedee|Indeedee-F, L50, F|100\/100\n|switch|p1b: Armarouge|Armarouge, L50, F|100\/100\n|switch|p2a: Maushold|Maushold, L50|100\/100\n|switch|p2b: Whimsicott|Whimsicott, L50, M|100\/100\n|-fieldstart|move: Psychic Terrain|[from] ability: Psychic Surge|[of] p1a: Indeedee\n|turn|1\n|\n|t:|1727056823\n|switch|p2b: Pelipper|Pelipper, L50, M|100\/100\n|-weather|RainDance|[from] ability: Drizzle|[of] p2b: Pelipper\n|move|p1a: Indeedee|Follow Me|p1a: Indeedee\n|-singleturn|p1a: Indeedee|move: Follow Me\n|move|p2a: Maushold|Taunt|p1a: Indeedee\n|-start|p1a: Indeedee|move: Taunt\n|move|p1b: Armarouge|Trick Room|p1b: Armarouge\n|-fieldstart|move: Trick Room|[of] p1b: Armarouge\n|\n|-weather|RainDance|[upkeep]\n|upkeep\n|turn|2\n|\n|t:|1727056843\n|switch|p1a: Torkoal|Torkoal, L50, F|100\/100\n|-weather|SunnyDay|[from] ability: Drought|[of] p1a: Torkoal\n|move|p2b: Pelipper|Wide Guard|p2b: Pelipper\n|-singleturn|p2b: Pelipper|Wide Guard\n|move|p1b: Armarouge|Aura Sphere|p2a: Maushold\n|-supereffective|p2a: Maushold\n|-damage|p2a: Maushold|0 fnt\n|faint|p2a: Maushold\n|-damage|p1b: Armarouge|91\/100|[from] item: Life Orb\n|\n|-weather|SunnyDay|[upkeep]\n|upkeep\n|\n|t:|1727056863\n|switch|p2a: Annihilape|Annihilape, L50, M|100\/100\n|turn|3\n|\n|t:|1727056876\n|-terastallize|p2a: Annihilape|Fire\n|move|p2b: Pelipper|Wide Guard|p2b: Pelipper\n|-singleturn|p2b: Pelipper|Wide Guard\n|move|p1a: Torkoal|Weather Ball|p2b: Pelipper\n|-resisted|p2b: Pelipper\n|-damage|p2b: Pelipper|30\/100\n|move|p1b: Armarouge|Expanding Force|p2b: Pelipper|[spread] \n|-activate|p2a: Annihilape|move: Wide Guard\n|-activate|p2b: Pelipper|move: Wide Guard\n|move|p2a: Annihilape|Rage Fist|p1a: Torkoal\n|-damage|p1a: Torkoal|79\/100\n|\n|-weather|SunnyDay|[upkeep]\n|upkeep\n|turn|4\n|inactive|Terry kloak has 30 seconds left.\n|inactive|yuzuda has 30 seconds left.\n|l| Yastgutdwiiys\n|j| Rabbithorn05\n|inactive|yuzuda has 20 seconds left.\n|\n|t:|1727056914\n|-terastallize|p1b: Armarouge|Fighting\n|move|p2b: Pelipper|Protect||[still]\n|-fail|p2b: Pelipper\n|move|p1a: Torkoal|Weather Ball|p2b: Pelipper\n|-resisted|p2b: Pelipper\n|-damage|p2b: Pelipper|0 fnt\n|faint|p2b: Pelipper\n|move|p1b: Armarouge|Expanding Force|p2a: Annihilape\n|-damage|p2a: Annihilape|4\/100\n|-damage|p1b: Armarouge|81\/100|[from] item: Life Orb\n|move|p2a: Annihilape|Drain Punch|p1a: Torkoal\n|-damage|p1a: Torkoal|48\/100\n|-heal|p2a: Annihilape|16\/100|[from] drain|[of] p1a: Torkoal\n|\n|-weather|SunnyDay|[upkeep]\n|-heal|p2a: Annihilape|22\/100|[from] item: Leftovers\n|upkeep\n|\n|t:|1727056933\n|switch|p2b: Whimsicott|Whimsicott, L50, M|100\/100\n|turn|5\n|\n|t:|1727056944\n|switch|p1a: Indeedee|Indeedee-F, L50, F|100\/100\n|move|p2a: Annihilape|Protect|p2a: Annihilape\n|-singleturn|p2a: Annihilape|Protect\n|move|p1b: Armarouge|Expanding Force|p2a: Annihilape|[spread] p2b\n|-activate|p2a: Annihilape|move: Protect\n|-enditem|p2b: Whimsicott|Focus Sash\n|-damage|p2b: Whimsicott|1\/100\n|-damage|p1b: Armarouge|71\/100|[from] item: Life Orb\n|move|p2b: Whimsicott|Endeavor|p1b: Armarouge\n|-damage|p1b: Armarouge|1\/100\n|\n|-weather|SunnyDay|[upkeep]\n|-heal|p2a: Annihilape|29\/100|[from] item: Leftovers\n|-fieldend|move: Trick Room\n|-fieldend|move: Psychic Terrain\n|upkeep\n|turn|6\n|inactive|yuzuda has 30 seconds left.\n|\n|t:|1727056977\n|move|p1a: Indeedee|Follow Me|p1a: Indeedee\n|-singleturn|p1a: Indeedee|move: Follow Me\n|move|p2b: Whimsicott|Endeavor|p1a: Indeedee\n|-damage|p1a: Indeedee|1\/100\n|move|p2a: Annihilape|Drain Punch|p1a: Indeedee\n|-damage|p1a: Indeedee|0 fnt\n|-heal|p2a: Annihilape|29\/100|[from] drain|[of] p1a: Indeedee\n|faint|p1a: Indeedee\n|move|p1b: Armarouge|Trick Room|p1b: Armarouge\n|-fieldstart|move: Trick Room|[of] p1b: Armarouge\n|\n|-weather|none\n|-heal|p2a: Annihilape|35\/100|[from] item: Leftovers\n|upkeep\n|\n|t:|1727056991\n|switch|p1a: Torkoal|Torkoal, L50, F|48\/100\n|-weather|SunnyDay|[from] ability: Drought|[of] p1a: Torkoal\n|turn|7\n|-message|yuzuda forfeited.\n|\n|win|Terry kloak\n|raw|Terry kloak's rating: 1674 &rarr; <strong>1695<\/strong><br \/>(+21 for winning)\n|raw|yuzuda's rating: 1695 &rarr; <strong>1674<\/strong><br \/>(-21 for losing)\n|l|\u2606yuzuda\n|player|p2|\n|l|\u2606Terry kloak\n|player|p1|\n","uploadtime":1727057152,"views":26,"formatid":"gen9vgc2024regh","rating":1674,"private":0,"password":null}