{"id":"gen9vgc2024regh-2207406158","format":"[Gen 9] VGC 2024 Reg H","players":["Zenchaos","ren122333"],"log":"|j|\u2606Zenchaos\n|j|\u2606ren122333\n|t:|1727039057\n|gametype|doubles\n|player|p1|Zenchaos|1|1660\n|player|p2|ren122333|ethan|1689\n|teamsize|p1|6\n|teamsize|p2|6\n|gen|9\n|tier|[Gen 9] VGC 2024 Reg H\n|rated|\n|rule|Species Clause: Limit one of each Pok\u00e9mon\n|rule|Item Clause: Limit 1 of each item\n|clearpoke\n|poke|p1|Rillaboom, L50, M|\n|poke|p1|Electabuzz, L50, F|\n|poke|p1|Gholdengo, L50|\n|poke|p1|Murkrow, L50, M|\n|poke|p1|Hydreigon, L50, M|\n|poke|p1|Sneasler, L50, M|\n|poke|p2|Whimsicott, L50, M|\n|poke|p2|Mamoswine, L50, F|\n|poke|p2|Lycanroc-Dusk, L50, F|\n|poke|p2|Typhlosion-Hisui, L50, F|\n|poke|p2|Farigiraf, L50, F|\n|poke|p2|Mienshao, L50, F|\n|teampreview|4\n|inactive|Battle timer is ON: inactive players will automatically lose when time's up. (requested by ren122333)\n|\n|t:|1727039125\n|start\n|switch|p1a: Electabuzz|Electabuzz, L50, F|100\/100\n|switch|p1b: Hydreigon|Hydreigon, L50, M|100\/100\n|switch|p2a: Whimsicott|Whimsicott, L50, M|100\/100\n|switch|p2b: Mienshao|Mienshao, L50, F|100\/100\n|turn|1\n|\n|t:|1727039140\n|-terastallize|p1a: Electabuzz|Ghost\n|move|p1a: Electabuzz|Follow Me|p1a: Electabuzz\n|-singleturn|p1a: Electabuzz|move: Follow Me\n|move|p2a: Whimsicott|Tailwind|p2a: Whimsicott\n|-sidestart|p2: ren122333|move: Tailwind\n|move|p2b: Mienshao|Close Combat|p1a: Electabuzz\n|-immune|p1a: Electabuzz\n|move|p1b: Hydreigon|Heat Wave|p2a: Whimsicott|[spread] p2a,p2b\n|-supereffective|p2a: Whimsicott\n|-damage|p2a: Whimsicott|3\/100\n|-damage|p2b: Mienshao|35\/100\n|\n|upkeep\n|turn|2\n|\n|t:|1727039161\n|move|p1a: Electabuzz|Follow Me|p1a: Electabuzz\n|-singleturn|p1a: Electabuzz|move: Follow Me\n|move|p2a: Whimsicott|Moonblast|p1a: Electabuzz\n|-damage|p1a: Electabuzz|80\/100\n|-unboost|p1a: Electabuzz|spa|1\n|move|p2b: Mienshao|Knock Off|p1a: Electabuzz\n|-supereffective|p1a: Electabuzz\n|-damage|p1a: Electabuzz|1\/100\n|-enditem|p1a: Electabuzz|Eviolite|[from] move: Knock Off|[of] p2b: Mienshao\n|-damage|p2b: Mienshao|25\/100|[from] item: Life Orb\n|move|p1b: Hydreigon|Heat Wave|p2b: Mienshao|[spread] p2a,p2b\n|-supereffective|p2a: Whimsicott\n|-damage|p2a: Whimsicott|0 fnt\n|-damage|p2b: Mienshao|0 fnt\n|faint|p2a: Whimsicott\n|faint|p2b: Mienshao\n|\n|upkeep\n|\n|t:|1727039172\n|switch|p2a: Typhlosion|Typhlosion-Hisui, L50, F|100\/100\n|switch|p2b: Farigiraf|Farigiraf, L50, F|100\/100\n|-item|p1b: Hydreigon|Choice Specs|[from] ability: Frisk|[of] p2a: Typhlosion\n|turn|3\n|\n|t:|1727039183\n|switch|p1b: Rillaboom|Rillaboom, L50, M|100\/100\n|-fieldstart|move: Grassy Terrain|[from] ability: Grassy Surge|[of] p1b: Rillaboom\n|-terastallize|p2a: Typhlosion|Fire\n|move|p2a: Typhlosion|Eruption|p1b: Rillaboom|[spread] p1a,p1b\n|-supereffective|p1b: Rillaboom\n|-damage|p1a: Electabuzz|0 fnt\n|-damage|p1b: Rillaboom|0 fnt\n|faint|p1a: Electabuzz\n|faint|p1b: Rillaboom\n|move|p2b: Farigiraf|Hyper Voice|p1: Electabuzz|[notarget]\n|-fail|p2b: Farigiraf\n|\n|upkeep\n|\n|t:|1727039187\n|switch|p1a: Murkrow|Murkrow, L50, M|100\/100\n|switch|p1b: Hydreigon|Hydreigon, L50, M|100\/100\n|turn|4\n|\n|t:|1727039197\n|move|p1a: Murkrow|Tailwind|p1a: Murkrow\n|-sidestart|p1: Zenchaos|move: Tailwind\n|move|p1b: Hydreigon|Dark Pulse|p2b: Farigiraf\n|-supereffective|p2b: Farigiraf\n|-damage|p2b: Farigiraf|0 fnt\n|faint|p2b: Farigiraf\n|move|p2a: Typhlosion|Eruption|p1a: Murkrow|[spread] p1a,p1b\n|-resisted|p1b: Hydreigon\n|-enditem|p1a: Murkrow|Focus Sash\n|-damage|p1a: Murkrow|1\/100\n|-damage|p1b: Hydreigon|36\/100\n|\n|-sideend|p2: ren122333|move: Tailwind\n|upkeep\n|turn|5\n|\n|t:|1727039209\n|move|p1b: Hydreigon|Dark Pulse|p2a: Typhlosion\n|-damage|p2a: Typhlosion|22\/100\n|move|p1a: Murkrow|Foul Play|p2a: Typhlosion\n|-damage|p2a: Typhlosion|0 fnt\n|faint|p2a: Typhlosion\n|\n|win|Zenchaos\n|raw|Zenchaos's rating: 1660 &rarr; <strong>1682<\/strong><br \/>(+22 for winning)\n|raw|ren122333's rating: 1689 &rarr; <strong>1667<\/strong><br \/>(-22 for losing)\n|l|\u2606Zenchaos\n|player|p1|\n|l|\u2606ren122333\n|player|p2|\n","uploadtime":1727039351,"views":27,"formatid":"gen9vgc2024regh","rating":1667,"private":0,"password":null}