{"id":"gen9vgc2024regh-2207700620","format":"[Gen 9] VGC 2024 Reg H","players":["roykeenkennedy","chin8"],"log":"|j|\u2606roykeenkennedy\n|j|\u2606chin8\n|t:|1727079530\n|gametype|doubles\n|player|p1|roykeenkennedy|alder|1692\n|player|p2|chin8|gentleman-gen4dp|1811\n|teamsize|p1|6\n|teamsize|p2|6\n|gen|9\n|tier|[Gen 9] VGC 2024 Reg H\n|rated|\n|rule|Species Clause: Limit one of each Pok\u00e9mon\n|rule|Item Clause: Limit 1 of each item\n|clearpoke\n|poke|p1|Rillaboom, L50, F|\n|poke|p1|Dragonite, L50, M|\n|poke|p1|Annihilape, L50, M|\n|poke|p1|Ceruledge, L50, F|\n|poke|p1|Palafin, L50, M|\n|poke|p1|Weezing-Galar, L50, F|\n|poke|p2|Baxcalibur, L50, F|\n|poke|p2|Kilowattrel, L50, M|\n|poke|p2|Haxorus, L50, M|\n|poke|p2|Gardevoir, L50, M|\n|poke|p2|Magmortar, L50, M|\n|poke|p2|Gholdengo, L50|\n|teampreview|4\n|inactive|Battle timer is ON: inactive players will automatically lose when time's up. (requested by chin8)\n|j| Lavenderawa\n|inactive|roykeenkennedy has 60 seconds left.\n|inactive|roykeenkennedy has 30 seconds left.\n|\n|t:|1727079610\n|start\n|switch|p1a: Annihilape|Annihilape, L50, M|100\/100\n|switch|p1b: Ceruledge|Ceruledge, L50, F|100\/100\n|switch|p2a: Baxcalibur|Baxcalibur, L50, F|100\/100\n|switch|p2b: Kilowattrel|Kilowattrel, L50, M|100\/100\n|turn|1\n|inactive|roykeenkennedy has 30 seconds left.\n|inactive|roykeenkennedy has 20 seconds left.\n|inactive|roykeenkennedy has 15 seconds left.\n|inactive|roykeenkennedy has 10 seconds left.\n|inactive|roykeenkennedy has 5 seconds left.\n|\n|t:|1727079663\n|-terastallize|p2a: Baxcalibur|Ground\n|move|p1a: Annihilape|Coaching|p1b: Ceruledge\n|-boost|p1b: Ceruledge|atk|1\n|-boost|p1b: Ceruledge|def|1\n|move|p2b: Kilowattrel|Tailwind|p2b: Kilowattrel\n|-sidestart|p2: chin8|move: Tailwind\n|move|p2a: Baxcalibur|Earthquake|p1a: Annihilape|[spread] p1a,p1b\n|-immune|p2b: Kilowattrel\n|-supereffective|p1b: Ceruledge\n|-damage|p1a: Annihilape|60\/100\n|-damage|p1b: Ceruledge|26\/100\n|move|p1b: Ceruledge|Bitter Blade|p2b: Kilowattrel\n|-enditem|p2b: Kilowattrel|Focus Sash\n|-damage|p2b: Kilowattrel|1\/100\n|-heal|p1b: Ceruledge|70\/100|[from] drain|[of] p2b: Kilowattrel\n|\n|upkeep\n|turn|2\n|inactive|roykeenkennedy has 30 seconds left.\n|inactive|roykeenkennedy has 20 seconds left.\n|inactive|roykeenkennedy has 15 seconds left.\n|\n|t:|1727079705\n|-terastallize|p1b: Ceruledge|Grass\n|move|p2b: Kilowattrel|Air Slash|p1b: Ceruledge\n|-supereffective|p1b: Ceruledge\n|-damage|p1b: Ceruledge|26\/100\n|move|p1a: Annihilape|Coaching|p1b: Ceruledge\n|-boost|p1b: Ceruledge|atk|1\n|-boost|p1b: Ceruledge|def|1\n|move|p2a: Baxcalibur|Earthquake|p1a: Annihilape|[spread] p1a,p1b\n|-immune|p2b: Kilowattrel\n|-resisted|p1b: Ceruledge\n|-damage|p1a: Annihilape|19\/100\n|-damage|p1b: Ceruledge|13\/100\n|move|p1b: Ceruledge|Phantom Force||[still]\n|-prepare|p1b: Ceruledge|Phantom Force\n|\n|upkeep\n|turn|3\n|\n|t:|1727079731\n|switch|p1a: Rillaboom|Rillaboom, L50, F|100\/100\n|-fieldstart|move: Grassy Terrain|[from] ability: Grassy Surge|[of] p1a: Rillaboom\n|move|p2b: Kilowattrel|Protect|p2b: Kilowattrel\n|-singleturn|p2b: Kilowattrel|Protect\n|move|p2a: Baxcalibur|Icicle Crash|p1b: Ceruledge|[miss]\n|-miss|p2a: Baxcalibur|p1b: Ceruledge\n|move|p1b: Ceruledge|Phantom Force|p2a: Baxcalibur|[from]lockedmove\n|-damage|p2a: Baxcalibur|17\/100\n|\n|-heal|p2a: Baxcalibur|23\/100|[from] Grassy Terrain\n|-heal|p1b: Ceruledge|19\/100|[from] Grassy Terrain\n|upkeep\n|turn|4\n|\n|t:|1727079750\n|move|p1a: Rillaboom|Fake Out|p2a: Baxcalibur\n|-damage|p2a: Baxcalibur|10\/100\n|cant|p2a: Baxcalibur|flinch\n|move|p1b: Ceruledge|Shadow Sneak|p2b: Kilowattrel\n|-damage|p2b: Kilowattrel|0 fnt\n|faint|p2b: Kilowattrel\n|\n|-heal|p2a: Baxcalibur|16\/100|[from] Grassy Terrain\n|-heal|p1b: Ceruledge|25\/100|[from] Grassy Terrain\n|-sideend|p2: chin8|move: Tailwind\n|upkeep\n|\n|t:|1727079755\n|switch|p2b: Magmortar|Magmortar, L50, M|100\/100\n|turn|5\n|j| mr pogostick\n|inactive|roykeenkennedy has 30 seconds left.\n|inactive|roykeenkennedy has 20 seconds left.\n|inactive|roykeenkennedy has 15 seconds left.\n|\n|t:|1727079798\n|move|p2b: Magmortar|Follow Me|p2b: Magmortar\n|-singleturn|p2b: Magmortar|move: Follow Me\n|move|p1a: Rillaboom|Grassy Glide|p2b: Magmortar\n|-resisted|p2b: Magmortar\n|-damage|p2b: Magmortar|75\/100\n|move|p2a: Baxcalibur|Ice Shard|p1b: Ceruledge\n|-supereffective|p1b: Ceruledge\n|-damage|p1b: Ceruledge|0 fnt\n|faint|p1b: Ceruledge\n|\n|-heal|p2a: Baxcalibur|23\/100|[from] Grassy Terrain\n|-heal|p2b: Magmortar|81\/100|[from] Grassy Terrain\n|upkeep\n|\n|t:|1727079817\n|switch|p1b: Annihilape|Annihilape, L50, M|19\/100\n|turn|6\n|\n|t:|1727079828\n|move|p2b: Magmortar|Follow Me|p2b: Magmortar\n|-singleturn|p2b: Magmortar|move: Follow Me\n|move|p2a: Baxcalibur|Ice Shard|p1b: Annihilape\n|-damage|p1b: Annihilape|0 fnt\n|faint|p1b: Annihilape\n|move|p1a: Rillaboom|Taunt|p2b: Magmortar\n|-start|p2b: Magmortar|move: Taunt\n|\n|-heal|p2a: Baxcalibur|29\/100|[from] Grassy Terrain\n|-heal|p2b: Magmortar|87\/100|[from] Grassy Terrain\n|upkeep\n|\n|t:|1727079839\n|switch|p1b: Dragonite|Dragonite, L50, M|100\/100\n|turn|7\n|\n|t:|1727079848\n|switch|p2a: Gholdengo|Gholdengo, L50|100\/100\n|move|p1b: Dragonite|Protect|p1b: Dragonite\n|-singleturn|p1b: Dragonite|Protect\n|move|p1a: Rillaboom|Grassy Glide|p2a: Gholdengo\n|-resisted|p2a: Gholdengo\n|-damage|p2a: Gholdengo|77\/100\n|move|p2b: Magmortar|Heat Wave|p1b: Dragonite|[spread] p1a\n|-activate|p1b: Dragonite|move: Protect\n|-supereffective|p1a: Rillaboom\n|-damage|p1a: Rillaboom|21\/100\n|\n|-heal|p1a: Rillaboom|27\/100|[from] Grassy Terrain\n|-heal|p2a: Gholdengo|83\/100|[from] Grassy Terrain\n|-heal|p2a: Gholdengo|90\/100|[from] item: Leftovers\n|-heal|p2b: Magmortar|93\/100|[from] Grassy Terrain\n|-fieldend|move: Grassy Terrain\n|upkeep\n|turn|8\n|inactive|roykeenkennedy has 30 seconds left.\n|\n|t:|1727079879\n|move|p1a: Rillaboom|Grassy Glide|p2a: Gholdengo\n|-resisted|p2a: Gholdengo\n|-damage|p2a: Gholdengo|71\/100\n|move|p2a: Gholdengo|Nasty Plot|p2a: Gholdengo\n|-boost|p2a: Gholdengo|spa|2\n|move|p2b: Magmortar|Heat Wave|p1a: Rillaboom|[spread] p1a,p1b\n|-supereffective|p1a: Rillaboom\n|-resisted|p1b: Dragonite\n|-damage|p1a: Rillaboom|0 fnt\n|-damage|p1b: Dragonite|86\/100\n|faint|p1a: Rillaboom\n|move|p1b: Dragonite|Stomping Tantrum|p2a: Gholdengo\n|-supereffective|p2a: Gholdengo\n|-damage|p2a: Gholdengo|20\/100\n|\n|-heal|p2a: Gholdengo|26\/100|[from] item: Leftovers\n|upkeep\n|turn|9\n|-message|roykeenkennedy forfeited.\n|\n|win|chin8\n|raw|roykeenkennedy's rating: 1692 &rarr; <strong>1679<\/strong><br \/>(-13 for losing)\n|raw|chin8's rating: 1811 &rarr; <strong>1824<\/strong><br \/>(+13 for winning)\n|l|\u2606roykeenkennedy\n|player|p1|\n|l|\u2606chin8\n|player|p2|\n|l| Lavenderawa\n|l| mr pogostick\n","uploadtime":1727080073,"views":36,"formatid":"gen9vgc2024regh","rating":1679,"private":0,"password":null}