{"id":"gen9vgc2024regh-2207627797","format":"[Gen 9] VGC 2024 Reg H","players":["memory eraser","caZISA"],"log":"|j|\u2606memory eraser\n|j|\u2606caZISA\n|t:|1727066453\n|gametype|doubles\n|player|p1|memory eraser|skyla|1750\n|player|p2|caZISA|red|1726\n|teamsize|p1|6\n|teamsize|p2|6\n|gen|9\n|tier|[Gen 9] VGC 2024 Reg H\n|rated|\n|rule|Species Clause: Limit one of each Pok\u00e9mon\n|rule|Item Clause: Limit 1 of each item\n|clearpoke\n|poke|p1|Arcanine-Hisui, L50, M|\n|poke|p1|Serperior, L50, F|\n|poke|p1|Umbreon, L50, M|\n|poke|p1|Ursaluna-Bloodmoon, L50, M|\n|poke|p1|Clefable, L50, F|\n|poke|p1|Archaludon, L50, M|\n|poke|p2|Garchomp, L50, M|\n|poke|p2|Tyranitar, L50, F|\n|poke|p2|Rillaboom, L50, M|\n|poke|p2|Talonflame, L50, F|\n|poke|p2|Primarina, L50, M|\n|poke|p2|Gholdengo, L50|\n|teampreview|4\n|inactive|Battle timer is ON: inactive players will automatically lose when time's up. (requested by memory eraser)\n|\n|t:|1727066480\n|start\n|switch|p1a: Arcanine|Arcanine-Hisui, L50, M, shiny|100\/100\n|switch|p1b: Archaludon|Archaludon, L50, M|100\/100\n|switch|p2a: Talonflame|Talonflame, L50, F|100\/100\n|switch|p2b: Garchomp|Garchomp, L50, M|100\/100\n|turn|1\n|\n|t:|1727066495\n|-terastallize|p1b: Archaludon|Flying\n|move|p2a: Talonflame|Protect|p2a: Talonflame\n|-singleturn|p2a: Talonflame|Protect\n|move|p1a: Arcanine|Protect|p1a: Arcanine\n|-singleturn|p1a: Arcanine|Protect\n|move|p2b: Garchomp|Earthquake|p1b: Archaludon|[spread] \n|-activate|p2a: Talonflame|move: Protect\n|-activate|p1a: Arcanine|move: Protect\n|-immune|p1b: Archaludon\n|move|p1b: Archaludon|Draco Meteor|p2b: Garchomp\n|-supereffective|p2b: Garchomp\n|-damage|p2b: Garchomp|0 fnt\n|-unboost|p1b: Archaludon|spa|2\n|faint|p2b: Garchomp\n|\n|upkeep\n|\n|t:|1727066504\n|switch|p2b: Primarina|Primarina, L50, M|100\/100\n|turn|2\n|\n|t:|1727066507\n|move|p2a: Talonflame|Tailwind|p2a: Talonflame\n|-sidestart|p2: caZISA|move: Tailwind\n|move|p2b: Primarina|Hyper Voice|p1a: Arcanine|[spread] p1a,p1b\n|-supereffective|p1a: Arcanine\n|-enditem|p1a: Arcanine|Focus Sash\n|-damage|p1a: Arcanine|1\/100\n|-damage|p1b: Archaludon|41\/100\n|move|p1a: Arcanine|Head Smash|p2b: Primarina\n|-damage|p2b: Primarina|24\/100\n|-enditem|p2b: Primarina|Sitrus Berry|[eat]\n|-heal|p2b: Primarina|49\/100|[from] item: Sitrus Berry\n|move|p1b: Archaludon|Electro Shot||[still]\n|-prepare|p1b: Archaludon|Electro Shot\n|-boost|p1b: Archaludon|spa|1\n|-enditem|p1b: Archaludon|Power Herb\n|-anim|p1b: Archaludon|Electro Shot|p2a: Talonflame\n|-supereffective|p2a: Talonflame\n|-damage|p2a: Talonflame|16\/100\n|\n|upkeep\n|turn|3\n|\n|t:|1727066523\n|switch|p2a: Gholdengo|Gholdengo, L50|100\/100\n|move|p1a: Arcanine|Protect|p1a: Arcanine\n|-singleturn|p1a: Arcanine|Protect\n|move|p1b: Archaludon|Protect|p1b: Archaludon\n|-singleturn|p1b: Archaludon|Protect\n|move|p2b: Primarina|Hyper Voice|p1a: Arcanine|[spread] \n|-activate|p1a: Arcanine|move: Protect\n|-activate|p1b: Archaludon|move: Protect\n|\n|upkeep\n|turn|4\n|\n|t:|1727066529\n|move|p1b: Archaludon|Protect||[still]\n|-fail|p1b: Archaludon\n|move|p1a: Arcanine|Extreme Speed|p2b: Primarina\n|-damage|p2b: Primarina|18\/100\n|move|p2a: Gholdengo|Nasty Plot|p2a: Gholdengo\n|-boost|p2a: Gholdengo|spa|2\n|move|p2b: Primarina|Hyper Voice|p1b: Archaludon|[spread] p1a,p1b\n|-supereffective|p1a: Arcanine\n|-damage|p1a: Arcanine|0 fnt\n|-damage|p1b: Archaludon|0 fnt\n|faint|p1a: Arcanine\n|faint|p1b: Archaludon\n|\n|upkeep\n|\n|t:|1727066531\n|switch|p1a: Ursaluna|Ursaluna-Bloodmoon, L50, M|100\/100\n|switch|p1b: Serperior|Serperior, L50, F|100\/100\n|turn|5\n|\n|t:|1727066538\n|switch|p2b: Talonflame|Talonflame, L50, F|16\/100\n|move|p2a: Gholdengo|Make It Rain|p1a: Ursaluna|[spread] p1a,p1b\n|-damage|p1a: Ursaluna|20\/100\n|-damage|p1b: Serperior|0 fnt\n|-unboost|p2a: Gholdengo|spa|1\n|faint|p1b: Serperior\n|-damage|p2a: Gholdengo|91\/100|[from] item: Life Orb\n|move|p1a: Ursaluna|Earth Power|p2a: Gholdengo\n|-supereffective|p2a: Gholdengo\n|-damage|p2a: Gholdengo|0 fnt\n|faint|p2a: Gholdengo\n|\n|-sideend|p2: caZISA|move: Tailwind\n|upkeep\n|\n|t:|1727066544\n|switch|p2a: Primarina|Primarina, L50, M|18\/100\n|turn|6\n|-message|memory eraser forfeited.\n|\n|win|caZISA\n|raw|memory eraser's rating: 1750 &rarr; <strong>1729<\/strong><br \/>(-21 for losing)\n|raw|caZISA's rating: 1726 &rarr; <strong>1747<\/strong><br \/>(+21 for winning)\n|l|\u2606memory eraser\n|player|p1|\n","uploadtime":1727066794,"views":46,"formatid":"gen9vgc2024regh","rating":1729,"private":0,"password":null}