{"id":"gen9vgc2024regh-2207070474","format":"[Gen 9] VGC 2024 Reg H","players":["ps12032","ZZKAllstar"],"log":"|j|\u2606ps12032\n|j|\u2606ZZKAllstar\n|t:|1726995606\n|gametype|doubles\n|player|p1|ps12032|101|1701\n|player|p2|ZZKAllstar|265|1710\n|teamsize|p1|6\n|teamsize|p2|6\n|gen|9\n|tier|[Gen 9] VGC 2024 Reg H\n|rated|\n|rule|Species Clause: Limit one of each Pok\u00e9mon\n|rule|Item Clause: Limit 1 of each item\n|clearpoke\n|poke|p1|Illumise, L50, F|\n|poke|p1|Primarina, L50, F|\n|poke|p1|Espathra, L50, F|\n|poke|p1|Typhlosion-Hisui, L50, M|\n|poke|p1|Indeedee-F, L50, F|\n|poke|p1|Archaludon, L50, F|\n|poke|p2|Incineroar, L50, M|\n|poke|p2|Rillaboom, L50, F|\n|poke|p2|Primarina, L50, F|\n|poke|p2|Sneasler, L50, F|\n|poke|p2|Gholdengo, L50|\n|poke|p2|Garchomp, L50, F|\n|teampreview|4\n|j| sakuratonkathu\n|l| sakuratonkathu\n|inactive|Battle timer is ON: inactive players will automatically lose when time's up. (requested by ps12032)\n|\n|t:|1726995697\n|start\n|switch|p1a: Illumise|Illumise, L50, F|100\/100\n|switch|p1b: Primarina|Primarina, L50, F|100\/100\n|switch|p2a: Rillaboom|Rillaboom, L50, F|100\/100\n|switch|p2b: Sneasler|Sneasler, L50, F|100\/100\n|-fieldstart|move: Grassy Terrain|[from] ability: Grassy Surge|[of] p2a: Rillaboom\n|-enditem|p2b: Sneasler|Grassy Seed\n|-boost|p2b: Sneasler|def|1|[from] item: Grassy Seed\n|turn|1\n|inactive|ZZKAllstar has 30 seconds left.\n|inactive|ps12032 has 30 seconds left.\n|inactive|ZZKAllstar has 20 seconds left.\n|inactive|ZZKAllstar has 15 seconds left.\n|inactive|ZZKAllstar has 10 seconds left.\n|\n|t:|1726995746\n|switch|p1b: Archaludon|Archaludon, L50, F|100\/100\n|move|p1a: Illumise|Tailwind|p1a: Illumise\n|-sidestart|p1: ps12032|move: Tailwind\n|move|p2b: Sneasler|Dire Claw|p1b: Archaludon\n|-immune|p1b: Archaludon\n|move|p2a: Rillaboom|High Horsepower|p1b: Archaludon\n|-supereffective|p1b: Archaludon\n|-damage|p1b: Archaludon|46\/100\n|-ability|p1b: Archaludon|Stamina|boost\n|-boost|p1b: Archaludon|def|1\n|\n|-heal|p1b: Archaludon|52\/100|[from] Grassy Terrain\n|upkeep\n|turn|2\n|inactive|ps12032 has 30 seconds left.\n|inactive|ZZKAllstar has 30 seconds left.\n|inactive|ZZKAllstar has 20 seconds left.\n|inactive|ZZKAllstar has 15 seconds left.\n|inactive|ZZKAllstar has 10 seconds left.\n|inactive|ZZKAllstar has 5 seconds left.\n|\n|t:|1726995798\n|-terastallize|p1b: Archaludon|Grass\n|move|p1a: Illumise|Encore|p2a: Rillaboom\n|-start|p2a: Rillaboom|Encore\n|move|p2b: Sneasler|Close Combat|p1b: Archaludon\n|-damage|p1b: Archaludon|14\/100\n|-unboost|p2b: Sneasler|def|1\n|-unboost|p2b: Sneasler|spd|1\n|-ability|p1b: Archaludon|Stamina|boost\n|-boost|p1b: Archaludon|def|1\n|move|p1b: Archaludon|Electro Shot||[still]\n|-prepare|p1b: Archaludon|Electro Shot\n|-boost|p1b: Archaludon|spa|1\n|-enditem|p1b: Archaludon|Power Herb\n|-anim|p1b: Archaludon|Electro Shot|p2b: Sneasler\n|-damage|p2b: Sneasler|0 fnt\n|faint|p2b: Sneasler\n|move|p2a: Rillaboom|High Horsepower|p1b: Archaludon\n|-resisted|p1b: Archaludon\n|-damage|p1b: Archaludon|7\/100\n|-ability|p1b: Archaludon|Stamina|boost\n|-boost|p1b: Archaludon|def|1\n|\n|-heal|p1b: Archaludon|13\/100|[from] Grassy Terrain\n|upkeep\n|\n|t:|1726995820\n|switch|p2b: Incineroar|Incineroar, L50, M|100\/100\n|-ability|p2b: Incineroar|Intimidate|boost\n|-unboost|p1a: Illumise|atk|1\n|-unboost|p1b: Archaludon|atk|1\n|turn|3\n|inactive|ZZKAllstar has 30 seconds left.\n|inactive|ZZKAllstar has 20 seconds left.\n|\n|t:|1726995855\n|switch|p2a: Garchomp|Garchomp, L50, F|100\/100\n|move|p1b: Archaludon|Protect|p1b: Archaludon\n|-singleturn|p1b: Archaludon|Protect\n|move|p1a: Illumise|Rain Dance|p1a: Illumise\n|-weather|RainDance\n|move|p2b: Incineroar|Flare Blitz|p1b: Archaludon\n|-activate|p1b: Archaludon|move: Protect\n|\n|-weather|RainDance|[upkeep]\n|-heal|p1b: Archaludon|19\/100|[from] Grassy Terrain\n|upkeep\n|turn|4\n|inactive|ps12032 has 30 seconds left.\n|inactive|ZZKAllstar has 30 seconds left.\n|inactive|ZZKAllstar has 20 seconds left.\n|j| ephedrine002\n|inactive|ZZKAllstar has 15 seconds left.\n|inactive|ZZKAllstar has 10 seconds left.\n|\n|t:|1726995904\n|switch|p2a: Rillaboom|Rillaboom, L50, F|100\/100\n|move|p1a: Illumise|Encore|p2b: Incineroar\n|-hint|Since gen 7, Dark is immune to Prankster moves.\n|-immune|p2b: Incineroar\n|move|p1b: Archaludon|Electro Shot||[still]\n|-prepare|p1b: Archaludon|Electro Shot\n|-boost|p1b: Archaludon|spa|1\n|-anim|p1b: Archaludon|Electro Shot|p2b: Incineroar\n|-damage|p2b: Incineroar|32\/100\n|move|p2b: Incineroar|Flare Blitz|p1a: Illumise\n|-supereffective|p1a: Illumise\n|-damage|p1a: Illumise|40\/100\n|-damage|p2b: Incineroar|15\/100|[from] Recoil\n|\n|-weather|RainDance|[upkeep]\n|-heal|p1b: Archaludon|25\/100|[from] Grassy Terrain\n|-heal|p1a: Illumise|46\/100|[from] Grassy Terrain\n|-heal|p2b: Incineroar|21\/100|[from] Grassy Terrain\n|-sideend|p1: ps12032|move: Tailwind\n|upkeep\n|turn|5\n|j| Peroquecuones\n|inactive|ps12032 has 30 seconds left.\n|inactive|ZZKAllstar has 30 seconds left.\n|\n|t:|1726995935\n|switch|p2b: Garchomp|Garchomp, L50, F|100\/100\n|move|p1b: Archaludon|Protect|p1b: Archaludon\n|-singleturn|p1b: Archaludon|Protect\n|move|p2a: Rillaboom|Fake Out|p1a: Illumise\n|-damage|p1a: Illumise|29\/100\n|cant|p1a: Illumise|flinch\n|\n|-weather|RainDance|[upkeep]\n|-heal|p1b: Archaludon|31\/100|[from] Grassy Terrain\n|-heal|p1a: Illumise|35\/100|[from] Grassy Terrain\n|-fieldend|move: Grassy Terrain\n|upkeep\n|turn|6\n|inactive|ZZKAllstar has 30 seconds left.\n|inactive|ZZKAllstar has 20 seconds left.\n|\n|t:|1726995974\n|move|p1a: Illumise|Tailwind|p1a: Illumise\n|-sidestart|p1: ps12032|move: Tailwind\n|move|p1b: Archaludon|Dragon Pulse|p2b: Garchomp\n|-supereffective|p2b: Garchomp\n|-damage|p2b: Garchomp|0 fnt\n|faint|p2b: Garchomp\n|move|p2a: Rillaboom|U-turn|p1b: Archaludon\n|-supereffective|p1b: Archaludon\n|-damage|p1b: Archaludon|13\/100\n|-ability|p1b: Archaludon|Stamina|boost\n|-boost|p1b: Archaludon|def|1\n|-message|ZZKAllstar forfeited.\n|\n|win|ps12032\n|raw|ps12032's rating: 1701 &rarr; <strong>1722<\/strong><br \/>(+21 for winning)\n|raw|ZZKAllstar's rating: 1710 &rarr; <strong>1689<\/strong><br \/>(-21 for losing)\n|l|\u2606ZZKAllstar\n|player|p2|\n|l|\u2606ps12032\n|player|p1|\n|l| ephedrine002\n","uploadtime":1726996150,"views":32,"formatid":"gen9vgc2024regh","rating":1689,"private":0,"password":null}