{"id":"gen9vgc2024regh-2207881262","format":"[Gen 9] VGC 2024 Reg H","players":["YoungJeffNBA","Lmikyu"],"log":"|j|\u2606YoungJeffNBA\n|j|\u2606Lmikyu\n|t:|1727102498\n|gametype|doubles\n|player|p1|YoungJeffNBA|101|1709\n|player|p2|Lmikyu|skierf|1660\n|teamsize|p1|6\n|teamsize|p2|6\n|gen|9\n|tier|[Gen 9] VGC 2024 Reg H\n|rated|\n|rule|Species Clause: Limit one of each Pok\u00e9mon\n|rule|Item Clause: Limit 1 of each item\n|clearpoke\n|poke|p1|Tyranitar, L50, M|\n|poke|p1|Lycanroc, L50, F|\n|poke|p1|Indeedee, L50, M|\n|poke|p1|Gastrodon-East, L50, F|\n|poke|p1|Annihilape, L50, F|\n|poke|p1|Gholdengo, L50|\n|poke|p2|Amoonguss, L50, F|\n|poke|p2|Flamigo, L50, F|\n|poke|p2|Gholdengo, L50|\n|poke|p2|Ursaluna, L50, F|\n|poke|p2|Porygon2, L50|\n|poke|p2|Incineroar, L50, F|\n|teampreview|4\n|inactive|Battle timer is ON: inactive players will automatically lose when time's up. (requested by Lmikyu)\n|\n|t:|1727102521\n|start\n|switch|p1a: Lycanroc|Lycanroc, L50, F|100\/100\n|switch|p1b: Annihilape|Annihilape, L50, F|100\/100\n|switch|p2a: Flamigo|Flamigo, L50, F|100\/100\n|switch|p2b: Porygon2|Porygon2, L50|100\/100\n|-ability|p2b: Porygon2|Download|boost\n|-boost|p2b: Porygon2|atk|1\n|turn|1\n|inactive|YoungJeffNBA has 30 seconds left.\n|inactive|Lmikyu has 30 seconds left.\n|j| peretx\n|inactive|YoungJeffNBA has 20 seconds left.\n|inactive|YoungJeffNBA has 15 seconds left.\n|inactive|YoungJeffNBA has 10 seconds left.\n|\n|t:|1727102568\n|switch|p1b: Gastrodon|Gastrodon-East, L50, F|100\/100\n|move|p2a: Flamigo|Wide Guard|p2a: Flamigo\n|-singleturn|p2a: Flamigo|Wide Guard\n|move|p1a: Lycanroc|Taunt|p2b: Porygon2\n|-start|p2b: Porygon2|move: Taunt\n|cant|p2b: Porygon2|move: Taunt|Trick Room\n|\n|upkeep\n|turn|2\n|inactive|Lmikyu has 30 seconds left.\n|\n|t:|1727102595\n|switch|p2b: Amoonguss|Amoonguss, L50, F, shiny|100\/100\n|move|p1a: Lycanroc|Rock Slide|p2a: Flamigo|[spread] p2a,p2b\n|-damage|p2a: Flamigo|54\/100\n|-damage|p2b: Amoonguss|73\/100\n|cant|p2a: Flamigo|flinch\n|move|p1b: Gastrodon|Yawn|p2a: Flamigo\n|-start|p2a: Flamigo|move: Yawn|[of] p1b: Gastrodon\n|\n|upkeep\n|turn|3\n|j| Lavenderawa\n|inactive|YoungJeffNBA has 30 seconds left.\n|inactive|Lmikyu has 30 seconds left.\n|\n|t:|1727102626\n|switch|p2a: Porygon2|Porygon2, L50|100\/100\n|-ability|p2a: Porygon2|Download|boost\n|-boost|p2a: Porygon2|atk|1\n|move|p1a: Lycanroc|Taunt|p2b: Amoonguss\n|-start|p2b: Amoonguss|move: Taunt\n|move|p1b: Gastrodon|Earth Power|p2b: Amoonguss\n|-damage|p2b: Amoonguss|52\/100\n|cant|p2b: Amoonguss|move: Taunt|Spore\n|\n|upkeep\n|turn|4\n|j| Blueaquajet3\n|l| peretx\n|\n|t:|1727102644\n|switch|p2b: Flamigo|Flamigo, L50, F|54\/100\n|move|p1a: Lycanroc|Taunt|p2a: Porygon2\n|-start|p2a: Porygon2|move: Taunt\n|move|p1b: Gastrodon|Yawn|p2a: Porygon2\n|-start|p2a: Porygon2|move: Yawn|[of] p1b: Gastrodon\n|move|p2a: Porygon2|Ice Beam|p1a: Lycanroc\n|-damage|p1a: Lycanroc|61\/100\n|\n|upkeep\n|turn|5\n|\n|t:|1727102658\n|switch|p2a: Amoonguss|Amoonguss, L50, F, shiny|85\/100\n|move|p1a: Lycanroc|Protect|p1a: Lycanroc\n|-singleturn|p1a: Lycanroc|Protect\n|move|p2b: Flamigo|Detect|p2b: Flamigo\n|-singleturn|p2b: Flamigo|Protect\n|move|p1b: Gastrodon|Clear Smog|p2b: Flamigo\n|-activate|p2b: Flamigo|move: Protect\n|\n|upkeep\n|turn|6\n|inactive|YoungJeffNBA has 30 seconds left.\n|j| DookieVGC\n|inactive|YoungJeffNBA has 20 seconds left.\n|\n|t:|1727102697\n|switch|p2b: Porygon2|Porygon2, L50|100\/100\n|-ability|p2b: Porygon2|Download|boost\n|-boost|p2b: Porygon2|atk|1\n|-terastallize|p1a: Lycanroc|Ghost\n|move|p2a: Amoonguss|Protect|p2a: Amoonguss\n|-singleturn|p2a: Amoonguss|Protect\n|move|p1a: Lycanroc|Taunt|p2a: Amoonguss\n|-activate|p2a: Amoonguss|move: Protect\n|move|p1b: Gastrodon|Yawn|p2b: Porygon2\n|-start|p2b: Porygon2|move: Yawn|[of] p1b: Gastrodon\n|\n|upkeep\n|turn|7\n|\n|t:|1727102720\n|move|p2a: Amoonguss|Rage Powder|p2a: Amoonguss\n|-singleturn|p2a: Amoonguss|move: Rage Powder\n|move|p1a: Lycanroc|Rock Slide|p2a: Amoonguss|[spread] p2a,p2b\n|-damage|p2a: Amoonguss|54\/100\n|-damage|p2b: Porygon2|85\/100\n|move|p1b: Gastrodon|Earth Power|p2a: Amoonguss\n|-damage|p2a: Amoonguss|34\/100\n|move|p2b: Porygon2|Trick Room|p2b: Porygon2\n|-fieldstart|move: Trick Room|[of] p2b: Porygon2\n|\n|-end|p2b: Porygon2|move: Yawn|[silent]\n|-status|p2b: Porygon2|slp\n|upkeep\n|turn|8\n|inactive|YoungJeffNBA has 30 seconds left.\n|inactive|YoungJeffNBA has 20 seconds left.\n|\n|t:|1727102756\n|switch|p2b: Ursaluna|Ursaluna, L50, F|100\/100\n|move|p1a: Lycanroc|Protect|p1a: Lycanroc\n|-singleturn|p1a: Lycanroc|Protect\n|move|p2a: Amoonguss|Spore|p1b: Gastrodon\n|-status|p1b: Gastrodon|slp|[from] move: Spore\n|cant|p1b: Gastrodon|slp\n|\n|-status|p2b: Ursaluna|brn|[from] item: Flame Orb\n|upkeep\n|turn|9\n|inactive|Lmikyu has 30 seconds left.\n|j| xdiaruga\n|\n|t:|1727102783\n|move|p1a: Lycanroc|Protect|p1a: Lycanroc\n|-singleturn|p1a: Lycanroc|Protect\n|move|p2a: Amoonguss|Spore|p1a: Lycanroc\n|-activate|p1a: Lycanroc|move: Protect\n|move|p2b: Ursaluna|Headlong Rush|p1a: Lycanroc\n|-activate|p1a: Lycanroc|move: Protect\n|cant|p1b: Gastrodon|slp\n|\n|-damage|p2b: Ursaluna|95\/100 brn|[from] brn\n|upkeep\n|turn|10\n|j| futonkagebunshin\n|\n|t:|1727102801\n|switch|p2a: Porygon2|Porygon2, L50|85\/100 slp\n|-ability|p2a: Porygon2|Download|boost\n|-boost|p2a: Porygon2|atk|1\n|move|p1a: Lycanroc|Protect||[still]\n|-fail|p1a: Lycanroc\n|move|p2b: Ursaluna|Facade|p1b: Gastrodon\n|-damage|p1b: Gastrodon|0 fnt\n|faint|p1b: Gastrodon\n|\n|-damage|p2b: Ursaluna|89\/100 brn|[from] brn\n|upkeep\n|\n|t:|1727102812\n|switch|p1b: Annihilape|Annihilape, L50, F|100\/100\n|turn|11\n|l| xdiaruga\n|\n|t:|1727102831\n|move|p2b: Ursaluna|Substitute|p2b: Ursaluna\n|-start|p2b: Ursaluna|Substitute\n|-damage|p2b: Ursaluna|64\/100 brn\n|cant|p2a: Porygon2|slp\n|move|p1b: Annihilape|Close Combat|p2b: Ursaluna\n|-supereffective|p2b: Ursaluna\n|-end|p2b: Ursaluna|Substitute\n|-unboost|p1b: Annihilape|def|1\n|-unboost|p1b: Annihilape|spd|1\n|move|p1a: Lycanroc|Close Combat|p2b: Ursaluna\n|-supereffective|p2b: Ursaluna\n|-damage|p2b: Ursaluna|1\/100 brn\n|-unboost|p1a: Lycanroc|def|1\n|-unboost|p1a: Lycanroc|spd|1\n|\n|-damage|p2b: Ursaluna|0 fnt|[from] brn\n|faint|p2b: Ursaluna\n|-fieldend|move: Trick Room\n|upkeep\n|\n|t:|1727102845\n|switch|p2b: Amoonguss|Amoonguss, L50, F, shiny|67\/100\n|turn|12\n|l| DookieVGC\n|\n|t:|1727102862\n|move|p2b: Amoonguss|Protect|p2b: Amoonguss\n|-singleturn|p2b: Amoonguss|Protect\n|move|p1a: Lycanroc|Taunt|p2b: Amoonguss\n|-activate|p2b: Amoonguss|move: Protect\n|move|p1b: Annihilape|Close Combat|p2a: Porygon2\n|-supereffective|p2a: Porygon2\n|-damage|p2a: Porygon2|24\/100 slp\n|-unboost|p1b: Annihilape|def|1\n|-unboost|p1b: Annihilape|spd|1\n|cant|p2a: Porygon2|slp\n|\n|upkeep\n|turn|13\n|\n|t:|1727102883\n|move|p2b: Amoonguss|Rage Powder|p2b: Amoonguss\n|-singleturn|p2b: Amoonguss|move: Rage Powder\n|move|p1a: Lycanroc|Taunt|p2b: Amoonguss\n|-start|p2b: Amoonguss|move: Taunt\n|move|p1b: Annihilape|Close Combat|p2b: Amoonguss\n|-resisted|p2b: Amoonguss\n|-damage|p2b: Amoonguss|37\/100\n|-unboost|p1b: Annihilape|def|1\n|-unboost|p1b: Annihilape|spd|1\n|-damage|p1b: Annihilape|84\/100|[from] item: Rocky Helmet|[of] p2b: Amoonguss\n|-curestatus|p2a: Porygon2|slp|[msg]\n|move|p2a: Porygon2|Trick Room|p2a: Porygon2\n|-fieldstart|move: Trick Room|[of] p2a: Porygon2\n|\n|upkeep\n|turn|14\n|\n|t:|1727102901\n|switch|p2b: Flamigo|Flamigo, L50, F|54\/100\n|move|p1a: Lycanroc|Protect|p1a: Lycanroc\n|-singleturn|p1a: Lycanroc|Protect\n|move|p2a: Porygon2|Ice Beam|p1a: Lycanroc\n|-activate|p1a: Lycanroc|move: Protect\n|move|p1b: Annihilape|Close Combat|p2a: Porygon2\n|-supereffective|p2a: Porygon2\n|-damage|p2a: Porygon2|0 fnt\n|-unboost|p1b: Annihilape|def|1\n|-unboost|p1b: Annihilape|spd|1\n|faint|p2a: Porygon2\n|\n|upkeep\n|\n|t:|1727102905\n|switch|p2a: Amoonguss|Amoonguss, L50, F, shiny|70\/100\n|turn|15\n|inactive|YoungJeffNBA has 30 seconds left.\n|\n|t:|1727102933\n|switch|p1b: Indeedee|Indeedee, L50, M|100\/100\n|-fieldstart|move: Psychic Terrain|[from] ability: Psychic Surge|[of] p1b: Indeedee\n|move|p2a: Amoonguss|Spore|p1a: Lycanroc\n|-status|p1a: Lycanroc|slp|[from] move: Spore\n|move|p2b: Flamigo|Close Combat|p1b: Indeedee\n|-damage|p1b: Indeedee|0 fnt\n|-unboost|p2b: Flamigo|def|1\n|-unboost|p2b: Flamigo|spd|1\n|faint|p1b: Indeedee\n|cant|p1a: Lycanroc|slp\n|\n|upkeep\n|\n|t:|1727102945\n|switch|p1b: Annihilape|Annihilape, L50, F|84\/100\n|turn|16\n|\n|t:|1727102959\n|move|p2a: Amoonguss|Spore|p1b: Annihilape\n|-status|p1b: Annihilape|slp|[from] move: Spore\n|cant|p1b: Annihilape|slp\n|move|p2b: Flamigo|Close Combat|p1a: Lycanroc\n|-damage|p1a: Lycanroc|0 fnt\n|-unboost|p2b: Flamigo|def|1\n|-unboost|p2b: Flamigo|spd|1\n|faint|p1a: Lycanroc\n|\n|upkeep\n|turn|17\n|c|\u2606YoungJeffNBA|gg wp\n|\n|t:|1727102972\n|move|p2a: Amoonguss|Rage Powder|p2a: Amoonguss\n|-singleturn|p2a: Amoonguss|move: Rage Powder\n|cant|p1b: Annihilape|slp\n|move|p2b: Flamigo|Brave Bird|p1b: Annihilape\n|-supereffective|p1b: Annihilape\n|-damage|p1b: Annihilape|0 fnt\n|faint|p1b: Annihilape\n|-damage|p2b: Flamigo|19\/100|[from] Recoil\n|\n|win|Lmikyu\n|raw|YoungJeffNBA's rating: 1709 &rarr; <strong>1686<\/strong><br \/>(-23 for losing)\n|raw|Lmikyu's rating: 1660 &rarr; <strong>1683<\/strong><br \/>(+23 for winning)\n|l|\u2606YoungJeffNBA\n|player|p1|\n|l|\u2606Lmikyu\n|player|p2|\n|l| Lavenderawa\n|l| Blueaquajet3\n","uploadtime":1727103141,"views":29,"formatid":"gen9vgc2024regh","rating":1683,"private":0,"password":null}