{"id":"gen9vgc2024regh-2207725139","format":"[Gen 9] VGC 2024 Reg H","players":["rainha789","gottabadfeeling"],"log":"|j|\u2606rainha789\n|j|\u2606gottabadfeeling\n|t:|1727083688\n|gametype|doubles\n|player|p1|rainha789|265|1642\n|player|p2|gottabadfeeling|magmasuit|1771\n|teamsize|p1|6\n|teamsize|p2|6\n|gen|9\n|tier|[Gen 9] VGC 2024 Reg H\n|rated|\n|rule|Species Clause: Limit one of each Pok\u00e9mon\n|rule|Item Clause: Limit 1 of each item\n|clearpoke\n|poke|p1|Indeedee-F, L50, F|\n|poke|p1|Espathra, L50, F|\n|poke|p1|Sneasler, L50, M|\n|poke|p1|Dragonite, L50, M|\n|poke|p1|Ninetales-Alola, L50, M|\n|poke|p1|Magmortar, L50, F|\n|poke|p2|Sneasler, L50, M|\n|poke|p2|Indeedee, L50, M|\n|poke|p2|Murkrow, L50, M|\n|poke|p2|Typhlosion-Hisui, L50, M|\n|poke|p2|Decidueye-Hisui, L50, M|\n|poke|p2|Dragapult, L50, M|\n|teampreview|4\n|inactive|Battle timer is ON: inactive players will automatically lose when time's up. (requested by gottabadfeeling)\n|inactive|rainha789 has 60 seconds left.\n|inactive|gottabadfeeling has 60 seconds left.\n|inactive|gottabadfeeling has 30 seconds left.\n|inactive|gottabadfeeling has 20 seconds left.\n|\n|t:|1727083760\n|start\n|switch|p1a: Espathra|Espathra, L50, F|100\/100\n|switch|p1b: Magmortar|Magmortar, L50, F|100\/100\n|switch|p2a: Sneasler|Sneasler, L50, M, shiny|100\/100\n|switch|p2b: Indeedee|Indeedee, L50, M, shiny|100\/100\n|-fieldstart|move: Psychic Terrain|[from] ability: Psychic Surge|[of] p2b: Indeedee\n|-enditem|p2a: Sneasler|Psychic Seed\n|-boost|p2a: Sneasler|spd|1|[from] item: Psychic Seed\n|turn|1\n|\n|t:|1727083785\n|-terastallize|p2a: Sneasler|Dark\n|move|p1a: Espathra|Protect|p1a: Espathra\n|-singleturn|p1a: Espathra|Protect\n|move|p2a: Sneasler|Throat Chop|p1a: Espathra\n|-activate|p1a: Espathra|move: Protect\n|move|p2b: Indeedee|Expanding Force|p1b: Magmortar|[spread] p1b\n|-activate|p1a: Espathra|move: Protect\n|-damage|p1b: Magmortar|46\/100\n|-enditem|p1b: Magmortar|Sitrus Berry|[eat]\n|-heal|p1b: Magmortar|71\/100|[from] item: Sitrus Berry\n|move|p1b: Magmortar|Heat Wave|p2a: Sneasler|[spread] p2a,p2b\n|-damage|p2a: Sneasler|71\/100\n|-damage|p2b: Indeedee|58\/100\n|\n|-ability|p1a: Espathra|Speed Boost|boost\n|-boost|p1a: Espathra|spe|1\n|upkeep\n|turn|2\n|inactive|rainha789 has 30 seconds left.\n|inactive|gottabadfeeling has 30 seconds left.\n|\n|t:|1727083810\n|move|p2a: Sneasler|Throat Chop|p1a: Espathra\n|-supereffective|p1a: Espathra\n|-enditem|p1a: Espathra|Focus Sash\n|-damage|p1a: Espathra|1\/100\n|-start|p1a: Espathra|Throat Chop|[silent]\n|move|p1a: Espathra|Dazzling Gleam|p2b: Indeedee|[spread] p2a,p2b\n|-supereffective|p2a: Sneasler\n|-damage|p2a: Sneasler|37\/100\n|-damage|p2b: Indeedee|33\/100\n|move|p2b: Indeedee|Expanding Force|p1a: Espathra|[spread] p1a,p1b\n|-resisted|p1a: Espathra\n|-damage|p1a: Espathra|0 fnt\n|-damage|p1b: Magmortar|12\/100\n|faint|p1a: Espathra\n|move|p1b: Magmortar|Heat Wave|p2b: Indeedee|[spread] p2a,p2b\n|-damage|p2a: Sneasler|12\/100\n|-damage|p2b: Indeedee|0 fnt\n|faint|p2b: Indeedee\n|\n|upkeep\n|inactive|rainha789 has 30 seconds left.\n|\n|t:|1727083839\n|switch|p1a: Sneasler|Sneasler, L50, M, shiny|100\/100\n|switch|p2b: Murkrow|Murkrow, L50, M, shiny|100\/100\n|-enditem|p1a: Sneasler|Psychic Seed\n|-boost|p1a: Sneasler|spd|1|[from] item: Psychic Seed\n|turn|3\n|j| Fulimba\n|inactive|gottabadfeeling has 30 seconds left.\n|inactive|gottabadfeeling has 20 seconds left.\n|inactive|gottabadfeeling has 15 seconds left.\n|inactive|gottabadfeeling has 10 seconds left.\n|inactive|gottabadfeeling has 5 seconds left.\n|\n|t:|1727083891\n|-terastallize|p1a: Sneasler|Dark\n|move|p2a: Sneasler|Protect|p2a: Sneasler\n|-singleturn|p2a: Sneasler|Protect\n|move|p1b: Magmortar|Follow Me|p1b: Magmortar\n|-singleturn|p1b: Magmortar|move: Follow Me\n|move|p2b: Murkrow|Tailwind|p2b: Murkrow\n|-sidestart|p2: gottabadfeeling|move: Tailwind\n|move|p1a: Sneasler|Dire Claw|p2a: Sneasler\n|-activate|p2a: Sneasler|move: Protect\n|\n|upkeep\n|turn|4\n|\n|t:|1727083908\n|move|p1b: Magmortar|Follow Me|p1b: Magmortar\n|-singleturn|p1b: Magmortar|move: Follow Me\n|move|p2a: Sneasler|Close Combat|p1b: Magmortar\n|-damage|p1b: Magmortar|0 fnt\n|-unboost|p2a: Sneasler|def|1\n|-unboost|p2a: Sneasler|spd|1\n|faint|p1b: Magmortar\n|move|p1a: Sneasler|Dire Claw|p2a: Sneasler\n|-damage|p2a: Sneasler|0 fnt\n|faint|p2a: Sneasler\n|move|p2b: Murkrow|Foul Play|p1a: Sneasler\n|-resisted|p1a: Sneasler\n|-damage|p1a: Sneasler|55\/100\n|\n|upkeep\n|\n|t:|1727083922\n|switch|p2a: Typhlosion|Typhlosion-Hisui, L50, M, shiny|100\/100\n|switch|p1b: Dragonite|Dragonite, L50, M|100\/100\n|turn|5\n|inactive|rainha789 has 30 seconds left.\n|inactive|gottabadfeeling has 30 seconds left.\n|inactive|rainha789 has 20 seconds left.\n|\n|t:|1727083959\n|move|p1a: Sneasler|Protect|p1a: Sneasler\n|-singleturn|p1a: Sneasler|Protect\n|move|p2a: Typhlosion|Heat Wave|p1b: Dragonite|[spread] p1b\n|-activate|p1a: Sneasler|move: Protect\n|-resisted|p1b: Dragonite\n|-damage|p1b: Dragonite|93\/100\n|move|p2b: Murkrow|Foul Play|p1b: Dragonite\n|-damage|p1b: Dragonite|44\/100\n|move|p1b: Dragonite|Aerial Ace|p2a: Typhlosion\n|-damage|p2a: Typhlosion|50\/100\n|\n|-fieldend|move: Psychic Terrain\n|upkeep\n|turn|6\n|inactive|rainha789 has 30 seconds left.\n|inactive|gottabadfeeling has 30 seconds left.\n|\n|t:|1727083989\n|move|p1a: Sneasler|Throat Chop|p2a: Typhlosion\n|-supereffective|p2a: Typhlosion\n|-damage|p2a: Typhlosion|0 fnt\n|faint|p2a: Typhlosion\n|move|p2b: Murkrow|Foul Play|p1b: Dragonite\n|-damage|p1b: Dragonite|0 fnt\n|faint|p1b: Dragonite\n|\n|-sideend|p2: gottabadfeeling|move: Tailwind\n|upkeep\n|turn|7\n|\n|t:|1727083999\n|move|p1a: Sneasler|Dire Claw|p2b: Murkrow\n|-damage|p2b: Murkrow|47\/100\n|move|p2b: Murkrow|Foul Play|p1a: Sneasler\n|-resisted|p1a: Sneasler\n|-damage|p1a: Sneasler|9\/100\n|\n|upkeep\n|turn|8\n|\n|t:|1727084007\n|move|p1a: Sneasler|Close Combat|p2b: Murkrow\n|-crit|p2b: Murkrow\n|-damage|p2b: Murkrow|0 fnt\n|-unboost|p1a: Sneasler|def|1\n|-unboost|p1a: Sneasler|spd|1\n|faint|p2b: Murkrow\n|\n|win|rainha789\n|raw|rainha789's rating: 1642 &rarr; <strong>1669<\/strong><br \/>(+27 for winning)\n|raw|gottabadfeeling's rating: 1771 &rarr; <strong>1744<\/strong><br \/>(-27 for losing)\n|l|\u2606gottabadfeeling\n|player|p2|\n|l| Fulimba\n|l|\u2606rainha789\n|player|p1|\n","uploadtime":1727084221,"views":34,"formatid":"gen9vgc2024regh","rating":1669,"private":0,"password":null}