{"id":"gen9vgc2024regh-2207550298","format":"[Gen 9] VGC 2024 Reg H","players":["Beccca","Machiapelican"],"log":"|j|\u2606Beccca\n|j|\u2606Machiapelican\n|t:|1727055879\n|gametype|doubles\n|player|p1|Beccca|265|1724\n|player|p2|Machiapelican|1|1742\n|teamsize|p1|6\n|teamsize|p2|6\n|gen|9\n|tier|[Gen 9] VGC 2024 Reg H\n|rated|\n|rule|Species Clause: Limit one of each Pok\u00e9mon\n|rule|Item Clause: Limit 1 of each item\n|clearpoke\n|poke|p1|Dragonite, L50, M|\n|poke|p1|Annihilape, L50, M|\n|poke|p1|Ninetales-Alola, L50, F|\n|poke|p1|Meowscarada, L50, F|\n|poke|p1|Mimikyu, L50, F|\n|poke|p1|Arcanine-Hisui, L50, F|\n|poke|p2|Archaludon, L50, M|\n|poke|p2|Dragonite, L50, F|\n|poke|p2|Gengar, L50, M|\n|poke|p2|Kingambit, L50, M|\n|poke|p2|Pelipper, L50, F|\n|poke|p2|Amoonguss, L50, M|\n|teampreview|4\n|inactive|Battle timer is ON: inactive players will automatically lose when time's up. (requested by Beccca)\n|inactive|Beccca has 60 seconds left.\n|inactive|Machiapelican has 60 seconds left.\n|\n|t:|1727055929\n|start\n|switch|p1a: Meowscarada|Meowscarada, L50, F|100\/100\n|switch|p1b: Annihilape|Annihilape, L50, M|100\/100\n|switch|p2a: Kingambit|Kingambit, L50, M, shiny|100\/100\n|switch|p2b: Gengar|Gengar, L50, M, shiny|100\/100\n|turn|1\n|\n|t:|1727055942\n|switch|p2b: Amoonguss|Amoonguss, L50, M|100\/100\n|move|p2a: Kingambit|Protect|p2a: Kingambit\n|-singleturn|p2a: Kingambit|Protect\n|move|p1a: Meowscarada|Triple Axel|p2b: Amoonguss\n|-start|p1a: Meowscarada|typechange|Ice|[from] ability: Protean\n|-supereffective|p2b: Amoonguss\n|-damage|p2b: Amoonguss|83\/100\n|-damage|p1a: Meowscarada|84\/100|[from] item: Rocky Helmet|[of] p2b: Amoonguss\n|-hitcount|p2b: Amoonguss|1\n|move|p1b: Annihilape|Drain Punch|p2a: Kingambit\n|-activate|p2a: Kingambit|move: Protect\n|\n|upkeep\n|turn|2\n|inactive|Beccca has 30 seconds left.\n|inactive|Machiapelican has 30 seconds left.\n|inactive|Beccca has 20 seconds left.\n|\n|t:|1727055981\n|-terastallize|p2a: Kingambit|Dark\n|move|p2b: Amoonguss|Rage Powder|p2b: Amoonguss\n|-singleturn|p2b: Amoonguss|move: Rage Powder\n|move|p2a: Kingambit|Sucker Punch|p1a: Meowscarada\n|-damage|p1a: Meowscarada|0 fnt\n|faint|p1a: Meowscarada\n|-damage|p2a: Kingambit|91\/100|[from] item: Life Orb\n|move|p1b: Annihilape|Drain Punch|p2b: Amoonguss\n|-resisted|p2b: Amoonguss\n|-damage|p2b: Amoonguss|67\/100\n|-damage|p1b: Annihilape|84\/100|[from] item: Rocky Helmet|[of] p2b: Amoonguss\n|\n|upkeep\n|\n|t:|1727055995\n|switch|p1a: Arcanine|Arcanine-Hisui, L50, F|100\/100\n|turn|3\n|inactive|Machiapelican has 30 seconds left.\n|\n|t:|1727056022\n|move|p2a: Kingambit|Protect|p2a: Kingambit\n|-singleturn|p2a: Kingambit|Protect\n|move|p1a: Arcanine|Head Smash|p2b: Amoonguss\n|-damage|p2b: Amoonguss|0 fnt\n|-damage|p1a: Arcanine|84\/100|[from] item: Rocky Helmet|[of] p2b: Amoonguss\n|faint|p2b: Amoonguss\n|move|p1b: Annihilape|Drain Punch|p2a: Kingambit\n|-activate|p2a: Kingambit|move: Protect\n|\n|upkeep\n|\n|t:|1727056026\n|switch|p2b: Gengar|Gengar, L50, M, shiny|100\/100\n|turn|4\n|\n|t:|1727056050\n|-terastallize|p1b: Annihilape|Fire\n|move|p2b: Gengar|Icy Wind|p1b: Annihilape|[spread] p1a,p1b\n|-resisted|p1a: Arcanine\n|-resisted|p1b: Annihilape\n|-damage|p1a: Arcanine|74\/100\n|-damage|p1b: Annihilape|80\/100\n|-unboost|p1a: Arcanine|spe|1\n|-unboost|p1b: Annihilape|spe|1\n|-ability|p1b: Annihilape|Defiant|boost\n|-boost|p1b: Annihilape|atk|2\n|move|p2a: Kingambit|Assurance|p1b: Annihilape\n|-damage|p1b: Annihilape|0 fnt\n|faint|p1b: Annihilape\n|-damage|p2a: Kingambit|81\/100|[from] item: Life Orb\n|move|p1a: Arcanine|Head Smash|p2b: Gengar\n|-enditem|p2b: Gengar|Focus Sash\n|-damage|p2b: Gengar|1\/100\n|\n|upkeep\n|\n|t:|1727056068\n|switch|p1b: Ninetales|Ninetales-Alola, L50, F|100\/100\n|-weather|Snow|[from] ability: Snow Warning|[of] p1b: Ninetales\n|turn|5\n|\n|t:|1727056075\n|move|p2b: Gengar|Icy Wind|p1a: Arcanine|[spread] p1a,p1b\n|-resisted|p1a: Arcanine\n|-resisted|p1b: Ninetales\n|-damage|p1a: Arcanine|65\/100\n|-damage|p1b: Ninetales|92\/100\n|-unboost|p1a: Arcanine|spe|1\n|-unboost|p1b: Ninetales|spe|1\n|move|p1b: Ninetales|Blizzard|p2b: Gengar|[spread] p2a,p2b\n|-damage|p2a: Kingambit|48\/100\n|-damage|p2b: Gengar|0 fnt\n|faint|p2b: Gengar\n|move|p2a: Kingambit|Iron Head|p1b: Ninetales\n|-supereffective|p1b: Ninetales\n|-damage|p1b: Ninetales|0 fnt\n|faint|p1b: Ninetales\n|-damage|p2a: Kingambit|39\/100|[from] item: Life Orb\n|move|p1a: Arcanine|Head Smash|p2a: Kingambit\n|-damage|p2a: Kingambit|0 fnt\n|faint|p2a: Kingambit\n|\n|-weather|Snow|[upkeep]\n|upkeep\n|\n|t:|1727056077\n|switch|p2b: Archaludon|Archaludon, L50, M, shiny|100\/100\n|turn|6\n|-message|Beccca forfeited.\n|\n|win|Machiapelican\n|raw|Beccca's rating: 1724 &rarr; <strong>1706<\/strong><br \/>(-18 for losing)\n|raw|Machiapelican's rating: 1757 &rarr; <strong>1775<\/strong><br \/>(+18 for winning)\n|l|\u2606Beccca\n|player|p1|\n|l|\u2606Machiapelican\n|player|p2|\n|j|\u2606Machiapelican\n|player|p2|Machiapelican|1|\n|l|\u2606Machiapelican\n|player|p2|\n","uploadtime":1727056105,"views":52,"formatid":"gen9vgc2024regh","rating":1706,"private":0,"password":null}