{"id":"gen9vgc2024regh-2207712791","format":"[Gen 9] VGC 2024 Reg H","players":["garonpappa","Lmikyu"],"log":"|j|\u2606garonpappa\n|j|\u2606Lmikyu\n|t:|1727081613\n|gametype|doubles\n|player|p1|garonpappa|169|1711\n|player|p2|Lmikyu|skierf|1677\n|teamsize|p1|6\n|teamsize|p2|6\n|gen|9\n|tier|[Gen 9] VGC 2024 Reg H\n|rated|\n|rule|Species Clause: Limit one of each Pok\u00e9mon\n|rule|Item Clause: Limit 1 of each item\n|clearpoke\n|poke|p1|Dragonite, L50, M|\n|poke|p1|Rillaboom, L50, F|\n|poke|p1|Typhlosion-Hisui, L50, F|\n|poke|p1|Weezing-Galar, L50, M|\n|poke|p1|Garchomp, L50, F|\n|poke|p1|Flamigo, L50, M|\n|poke|p2|Amoonguss, L50, M|\n|poke|p2|Flamigo, L50, M|\n|poke|p2|Gholdengo, L50|\n|poke|p2|Ursaluna, L50, M|\n|poke|p2|Porygon2, L50|\n|poke|p2|Incineroar, L50, F|\n|teampreview|4\n|inactive|Battle timer is ON: inactive players will automatically lose when time's up. (requested by Lmikyu)\n|inactive|garonpappa has 60 seconds left.\n|inactive|Lmikyu has 60 seconds left.\n|\n|t:|1727081661\n|start\n|switch|p1a: Typhlosion|Typhlosion-Hisui, L50, F|100\/100\n|switch|p1b: Dragonite|Dragonite, L50, M|100\/100\n|switch|p2a: Incineroar|Incineroar, L50, F|100\/100\n|switch|p2b: Porygon2|Porygon2, L50|100\/100\n|-item|p2a: Incineroar|Sitrus Berry|[from] ability: Frisk|[of] p1a: Typhlosion\n|-item|p2b: Porygon2|Eviolite|[from] ability: Frisk|[of] p1a: Typhlosion\n|-ability|p2a: Incineroar|Intimidate|boost\n|-unboost|p1a: Typhlosion|atk|1\n|-fail|p1b: Dragonite|unboost|Attack|[from] ability: Inner Focus|[of] p1b: Dragonite\n|-ability|p2b: Porygon2|Download|boost\n|-boost|p2b: Porygon2|atk|1\n|turn|1\n|inactive|garonpappa has 30 seconds left.\n|j| mr pogostick\n|inactive|garonpappa has 20 seconds left.\n|l| mr pogostick\n|inactive|garonpappa has 15 seconds left.\n|inactive|garonpappa has 10 seconds left.\n|\n|t:|1727081707\n|move|p1a: Typhlosion|Eruption|p2a: Incineroar|[spread] p2a,p2b\n|-resisted|p2a: Incineroar\n|-damage|p2a: Incineroar|76\/100\n|-damage|p2b: Porygon2|66\/100\n|move|p1b: Dragonite|Breaking Swipe|p2a: Incineroar|[spread] p2a,p2b\n|-damage|p2a: Incineroar|48\/100\n|-damage|p2b: Porygon2|46\/100\n|-unboost|p2a: Incineroar|atk|1\n|-unboost|p2b: Porygon2|atk|1\n|-enditem|p2a: Incineroar|Sitrus Berry|[eat]\n|-heal|p2a: Incineroar|73\/100|[from] item: Sitrus Berry\n|move|p2a: Incineroar|Knock Off|p1a: Typhlosion\n|-supereffective|p1a: Typhlosion\n|-damage|p1a: Typhlosion|19\/100\n|-enditem|p1a: Typhlosion|Choice Scarf|[from] move: Knock Off|[of] p2a: Incineroar\n|move|p2b: Porygon2|Trick Room|p2b: Porygon2\n|-fieldstart|move: Trick Room|[of] p2b: Porygon2\n|\n|upkeep\n|turn|2\n|j| falcon108\n|inactive|garonpappa has 30 seconds left.\n|inactive|garonpappa has 20 seconds left.\n|inactive|garonpappa has 15 seconds left.\n|inactive|garonpappa has 10 seconds left.\n|\n|t:|1727081755\n|switch|p1a: Weezing|Weezing-Galar, L50, M|100\/100\n|-ability|p1a: Weezing|Neutralizing Gas\n|-terastallize|p1b: Dragonite|Normal\n|move|p2b: Porygon2|Ice Beam|p1b: Dragonite\n|-damage|p1b: Dragonite|82\/100\n|move|p2a: Incineroar|Knock Off|p1a: Weezing\n|-resisted|p1a: Weezing\n|-damage|p1a: Weezing|87\/100\n|-enditem|p1a: Weezing|Choice Specs|[from] move: Knock Off|[of] p2a: Incineroar\n|move|p1b: Dragonite|Breaking Swipe|p2b: Porygon2|[spread] p2a,p2b\n|-damage|p2a: Incineroar|46\/100\n|-damage|p2b: Porygon2|25\/100\n|-unboost|p2a: Incineroar|atk|1\n|-unboost|p2b: Porygon2|atk|1\n|\n|upkeep\n|turn|3\n|inactive|Lmikyu has 30 seconds left.\n|\n|t:|1727081787\n|switch|p1b: Typhlosion|Typhlosion-Hisui, L50, F|19\/100\n|move|p2b: Porygon2|Recover|p2b: Porygon2\n|-heal|p2b: Porygon2|75\/100\n|move|p2a: Incineroar|Parting Shot|p1a: Weezing\n|-unboost|p1a: Weezing|atk|1\n|-unboost|p1a: Weezing|spa|1\n|\n|t:|1727081794\n|switch|p2a: Amoonguss|Amoonguss, L50, M, shiny|100\/100|[from] Parting Shot\n|move|p1a: Weezing|Dazzling Gleam|p2b: Porygon2|[spread] p2a,p2b\n|-resisted|p2a: Amoonguss\n|-damage|p2a: Amoonguss|95\/100\n|-damage|p2b: Porygon2|66\/100\n|\n|upkeep\n|turn|4\n|\n|t:|1727081818\n|switch|p2b: Ursaluna|Ursaluna, L50, M|100\/100\n|move|p2a: Amoonguss|Spore|p1b: Typhlosion\n|-status|p1b: Typhlosion|slp|[from] move: Spore\n|move|p1a: Weezing|Dazzling Gleam|p2b: Ursaluna|[spread] p2a,p2b\n|-resisted|p2a: Amoonguss\n|-damage|p2a: Amoonguss|89\/100\n|-damage|p2b: Ursaluna|86\/100\n|cant|p1b: Typhlosion|slp\n|\n|-status|p2b: Ursaluna|brn|[from] item: Flame Orb\n|upkeep\n|turn|5\n|inactive|garonpappa has 30 seconds left.\n|inactive|Lmikyu has 30 seconds left.\n|\n|t:|1727081848\n|switch|p2a: Porygon2|Porygon2, L50|66\/100\n|-end|p1a: Weezing|ability: Neutralizing Gas\n|-ability|p2a: Porygon2|Download|boost\n|-boost|p2a: Porygon2|spa|1\n|-item|p2a: Porygon2|Eviolite|[from] ability: Frisk|[of] p1b: Typhlosion\n|-item|p2b: Ursaluna|Flame Orb|[from] ability: Frisk|[of] p1b: Typhlosion\n|switch|p1a: Flamigo|Flamigo, L50, M|100\/100\n|move|p2b: Ursaluna|Facade|p1a: Flamigo\n|-enditem|p1a: Flamigo|Focus Sash\n|-damage|p1a: Flamigo|1\/100\n|cant|p1b: Typhlosion|slp\n|\n|-damage|p2b: Ursaluna|80\/100 brn|[from] brn\n|-fieldend|move: Trick Room\n|upkeep\n|turn|6\n|inactive|garonpappa has 30 seconds left.\n|inactive|Lmikyu has 30 seconds left.\n|\n|t:|1727081880\n|-terastallize|p2a: Porygon2|Fighting\n|move|p2b: Ursaluna|Protect|p2b: Ursaluna\n|-singleturn|p2b: Ursaluna|Protect\n|move|p1a: Flamigo|Close Combat|p2a: Porygon2\n|-damage|p2a: Porygon2|36\/100\n|-unboost|p1a: Flamigo|def|1\n|-unboost|p1a: Flamigo|spd|1\n|cant|p1b: Typhlosion|slp\n|move|p2a: Porygon2|Trick Room|p2a: Porygon2\n|-fieldstart|move: Trick Room|[of] p2a: Porygon2\n|\n|-damage|p2b: Ursaluna|74\/100 brn|[from] brn\n|upkeep\n|turn|7\n|inactive|garonpappa has 30 seconds left.\n|\n|t:|1727081914\n|move|p2b: Ursaluna|Facade|p1a: Flamigo\n|-damage|p1a: Flamigo|0 fnt\n|faint|p1a: Flamigo\n|move|p2a: Porygon2|Ice Beam|p1b: Typhlosion\n|-resisted|p1b: Typhlosion\n|-damage|p1b: Typhlosion|0 fnt\n|faint|p1b: Typhlosion\n|\n|-damage|p2b: Ursaluna|68\/100 brn|[from] brn\n|upkeep\n|j| lol lol lol blue\n|\n|t:|1727081925\n|switch|p1b: Weezing|Weezing-Galar, L50, M|87\/100\n|switch|p1a: Dragonite|Dragonite, L50, M, tera:Normal|82\/100\n|-ability|p1b: Weezing|Neutralizing Gas\n|turn|8\n|\n|t:|1727081940\n|move|p1a: Dragonite|Extreme Speed|p2b: Ursaluna\n|-damage|p2b: Ursaluna|22\/100 brn\n|move|p2b: Ursaluna|Facade|p1b: Weezing\n|-damage|p1b: Weezing|2\/100\n|move|p2a: Porygon2|Tera Blast|p1a: Dragonite|[anim] Tera Blast Fighting\n|-supereffective|p1a: Dragonite\n|-damage|p1a: Dragonite|3\/100\n|move|p1b: Weezing|Dazzling Gleam|p2b: Ursaluna|[spread] p2a,p2b\n|-supereffective|p2a: Porygon2\n|-crit|p2a: Porygon2\n|-damage|p2a: Porygon2|0 fnt\n|-damage|p2b: Ursaluna|0 fnt\n|faint|p2a: Porygon2\n|faint|p2b: Ursaluna\n|\n|upkeep\n|\n|t:|1727081950\n|switch|p2b: Amoonguss|Amoonguss, L50, M, shiny|89\/100\n|switch|p2a: Incineroar|Incineroar, L50, F|46\/100\n|turn|9\n|\n|t:|1727081961\n|move|p2a: Incineroar|Fake Out|p1a: Dragonite\n|-crit|p1a: Dragonite\n|-damage|p1a: Dragonite|0 fnt\n|faint|p1a: Dragonite\n|move|p2b: Amoonguss|Pollen Puff|p1b: Weezing\n|-resisted|p1b: Weezing\n|-damage|p1b: Weezing|0 fnt\n|faint|p1b: Weezing\n|-end|p1b: Weezing|ability: Neutralizing Gas\n|\n|win|Lmikyu\n|raw|garonpappa's rating: 1711 &rarr; <strong>1689<\/strong><br \/>(-22 for losing)\n|raw|Lmikyu's rating: 1677 &rarr; <strong>1699<\/strong><br \/>(+22 for winning)\n|l|\u2606Lmikyu\n|player|p2|\n|l|\u2606garonpappa\n|player|p1|\n|l| lol lol lol blue\n","uploadtime":1727082147,"views":28,"formatid":"gen9vgc2024regh","rating":1689,"private":0,"password":null}