{"id":"gen9vgc2024regh-2207736381","format":"[Gen 9] VGC 2024 Reg H","players":["gottabadfeeling","chin8"],"log":"|j|\u2606gottabadfeeling\n|j|\u2606chin8\n|t:|1727085479\n|gametype|doubles\n|player|p1|gottabadfeeling|magmasuit|1744\n|player|p2|chin8|gentleman-gen4dp|1798\n|teamsize|p1|6\n|teamsize|p2|6\n|gen|9\n|tier|[Gen 9] VGC 2024 Reg H\n|rated|\n|rule|Species Clause: Limit one of each Pok\u00e9mon\n|rule|Item Clause: Limit 1 of each item\n|clearpoke\n|poke|p1|Sneasler, L50, M|\n|poke|p1|Indeedee, L50, M|\n|poke|p1|Murkrow, L50, M|\n|poke|p1|Typhlosion-Hisui, L50, F|\n|poke|p1|Decidueye-Hisui, L50, M|\n|poke|p1|Dragapult, L50, M|\n|poke|p2|Baxcalibur, L50, F|\n|poke|p2|Kilowattrel, L50, F|\n|poke|p2|Haxorus, L50, F|\n|poke|p2|Gardevoir, L50, F|\n|poke|p2|Magmortar, L50, F|\n|poke|p2|Gholdengo, L50|\n|teampreview|4\n|inactive|Battle timer is ON: inactive players will automatically lose when time's up. (requested by gottabadfeeling)\n|c|\u2606gottabadfeeling|hahaha i can\u2019t beat u man\n|c|\u2606gottabadfeeling|i\u2019m just free for u\n|inactive|gottabadfeeling has 60 seconds left.\n|inactive|chin8 has 60 seconds left.\n|c|\u2606chin8|it depends on the lead, if you take the advantage I will not be able to recover :p\n|inactive|gottabadfeeling has 30 seconds left.\n|inactive|chin8 has 30 seconds left.\n|inactive|gottabadfeeling has 20 seconds left.\n|inactive|gottabadfeeling has 15 seconds left.\n|inactive|gottabadfeeling has 10 seconds left.\n|\n|t:|1727085564\n|start\n|switch|p1a: Sneasler|Sneasler, L50, M, shiny|100\/100\n|switch|p1b: Indeedee|Indeedee, L50, M, shiny|100\/100\n|switch|p2a: Gholdengo|Gholdengo, L50|100\/100\n|switch|p2b: Kilowattrel|Kilowattrel, L50, F|100\/100\n|-fieldstart|move: Psychic Terrain|[from] ability: Psychic Surge|[of] p1b: Indeedee\n|-enditem|p1a: Sneasler|Psychic Seed\n|-boost|p1a: Sneasler|spd|1|[from] item: Psychic Seed\n|turn|1\n|\n|t:|1727085582\n|move|p2b: Kilowattrel|Protect|p2b: Kilowattrel\n|-singleturn|p2b: Kilowattrel|Protect\n|move|p2a: Gholdengo|Protect|p2a: Gholdengo\n|-singleturn|p2a: Gholdengo|Protect\n|move|p1a: Sneasler|Dire Claw|p2b: Kilowattrel\n|-activate|p2b: Kilowattrel|move: Protect\n|move|p1b: Indeedee|Expanding Force|p2a: Gholdengo|[spread] \n|-activate|p2a: Gholdengo|move: Protect\n|-activate|p2b: Kilowattrel|move: Protect\n|\n|upkeep\n|turn|2\n|j| i-TigEr4\n|\n|t:|1727085602\n|-terastallize|p1a: Sneasler|Dark\n|move|p1a: Sneasler|Throat Chop|p2a: Gholdengo\n|-supereffective|p2a: Gholdengo\n|-damage|p2a: Gholdengo|7\/100\n|-start|p2a: Gholdengo|Throat Chop|[silent]\n|move|p2b: Kilowattrel|Tailwind|p2b: Kilowattrel\n|-sidestart|p2: chin8|move: Tailwind\n|move|p2a: Gholdengo|Nasty Plot|p2a: Gholdengo\n|-boost|p2a: Gholdengo|spa|2\n|move|p1b: Indeedee|Expanding Force|p2a: Gholdengo|[spread] p2a,p2b\n|-resisted|p2a: Gholdengo\n|-damage|p2a: Gholdengo|0 fnt\n|-damage|p2b: Kilowattrel|1\/100\n|faint|p2a: Gholdengo\n|\n|upkeep\n|\n|t:|1727085605\n|switch|p2a: Baxcalibur|Baxcalibur, L50, F|100\/100\n|turn|3\n|\n|t:|1727085626\n|-terastallize|p2a: Baxcalibur|Ground\n|move|p1a: Sneasler|Protect|p1a: Sneasler\n|-singleturn|p1a: Sneasler|Protect\n|move|p2b: Kilowattrel|Air Slash|p1a: Sneasler\n|-activate|p1a: Sneasler|move: Protect\n|move|p2a: Baxcalibur|Earthquake|p1b: Indeedee|[spread] p1b\n|-activate|p1a: Sneasler|move: Protect\n|-immune|p2b: Kilowattrel\n|-enditem|p1b: Indeedee|Focus Sash\n|-damage|p1b: Indeedee|1\/100\n|move|p1b: Indeedee|Expanding Force|p2b: Kilowattrel|[spread] p2a,p2b\n|-damage|p2a: Baxcalibur|72\/100\n|-damage|p2b: Kilowattrel|0 fnt\n|faint|p2b: Kilowattrel\n|\n|upkeep\n|\n|t:|1727085631\n|switch|p2b: Magmortar|Magmortar, L50, F|100\/100\n|turn|4\n|inactive|gottabadfeeling has 30 seconds left.\n|l| i-TigEr4\n|inactive|gottabadfeeling has 20 seconds left.\n|inactive|gottabadfeeling has 15 seconds left.\n|inactive|gottabadfeeling has 10 seconds left.\n|inactive|gottabadfeeling has 5 seconds left.\n|\n|t:|1727085683\n|switch|p1b: Murkrow|Murkrow, L50, M, shiny|100\/100\n|move|p1a: Sneasler|Close Combat|p2b: Magmortar\n|-damage|p2b: Magmortar|21\/100\n|-unboost|p1a: Sneasler|def|1\n|-unboost|p1a: Sneasler|spd|1\n|-status|p1a: Sneasler|brn|[from] ability: Flame Body|[of] p2b: Magmortar\n|-enditem|p2b: Magmortar|Sitrus Berry|[eat]\n|-heal|p2b: Magmortar|46\/100|[from] item: Sitrus Berry\n|move|p2a: Baxcalibur|Glaive Rush|p1a: Sneasler\n|-damage|p1a: Sneasler|0 fnt\n|-singlemove|p2a: Baxcalibur|Glaive Rush|[silent]\n|faint|p1a: Sneasler\n|move|p2b: Magmortar|Heat Wave|p1b: Murkrow|[miss]\n|-miss|p2b: Magmortar|p1b: Murkrow\n|\n|upkeep\n|\n|t:|1727085692\n|switch|p1a: Typhlosion|Typhlosion-Hisui, L50, F, shiny|100\/100\n|turn|5\n|-message|chin8 forfeited.\n|\n|win|gottabadfeeling\n|raw|gottabadfeeling's rating: 1744 &rarr; <strong>1767<\/strong><br \/>(+23 for winning)\n|raw|chin8's rating: 1798 &rarr; <strong>1775<\/strong><br \/>(-23 for losing)\n|l|\u2606chin8\n|player|p2|\n|l|\u2606gottabadfeeling\n|player|p1|\n|j|\u2606gottabadfeeling\n|player|p1|gottabadfeeling|magmasuit|\n|l|\u2606gottabadfeeling\n|player|p1|\n","uploadtime":1727085880,"views":94,"formatid":"gen9vgc2024regh","rating":1767,"private":0,"password":null}