{"id":"gen9vgc2024regh-2207552309","format":"[Gen 9] VGC 2024 Reg H","players":["elvegis1","Beccca"],"log":"|j|\u2606elvegis1\n|j|\u2606Beccca\n|t:|1727056119\n|gametype|doubles\n|player|p1|elvegis1|lucas|1697\n|player|p2|Beccca|265|1706\n|teamsize|p1|6\n|teamsize|p2|6\n|gen|9\n|tier|[Gen 9] VGC 2024 Reg H\n|rated|\n|rule|Species Clause: Limit one of each Pok\u00e9mon\n|rule|Item Clause: Limit 1 of each item\n|clearpoke\n|poke|p1|Magmar, L50, F|\n|poke|p1|Primarina, L50, M|\n|poke|p1|Murkrow, L50, F|\n|poke|p1|Sneasler, L50, F|\n|poke|p1|Archaludon, L50, M|\n|poke|p1|Sinistcha, L50|\n|poke|p2|Dragonite, L50, M|\n|poke|p2|Annihilape, L50, M|\n|poke|p2|Ninetales-Alola, L50, F|\n|poke|p2|Meowscarada, L50, F|\n|poke|p2|Mimikyu, L50, M|\n|poke|p2|Arcanine-Hisui, L50, F|\n|teampreview|4\n|inactive|Battle timer is ON: inactive players will automatically lose when time's up. (requested by elvegis1)\n|inactive|Beccca has 60 seconds left.\n|\n|t:|1727056173\n|start\n|switch|p1a: Archaludon|Archaludon, L50, M|100\/100\n|switch|p1b: Murkrow|Murkrow, L50, F|100\/100\n|switch|p2a: Mimikyu|Mimikyu, L50, M, shiny|100\/100\n|switch|p2b: Arcanine|Arcanine-Hisui, L50, F|100\/100\n|turn|1\n|\n|t:|1727056197\n|move|p1b: Murkrow|Rain Dance|p1b: Murkrow\n|-weather|RainDance\n|move|p2b: Arcanine|Head Smash|p1b: Murkrow\n|-supereffective|p1b: Murkrow\n|-crit|p1b: Murkrow\n|-enditem|p1b: Murkrow|Focus Sash\n|-damage|p1b: Murkrow|1\/100\n|move|p2a: Mimikyu|Play Rough|p1a: Archaludon\n|-damage|p1a: Archaludon|61\/100\n|-ability|p1a: Archaludon|Stamina|boost\n|-boost|p1a: Archaludon|def|1\n|-damage|p2a: Mimikyu|91\/100|[from] item: Life Orb\n|move|p1a: Archaludon|Electro Shot||[still]\n|-prepare|p1a: Archaludon|Electro Shot\n|-boost|p1a: Archaludon|spa|1\n|-anim|p1a: Archaludon|Electro Shot|p2b: Arcanine\n|-damage|p2b: Arcanine|15\/100\n|\n|-weather|RainDance|[upkeep]\n|upkeep\n|turn|2\n|inactive|elvegis1 has 30 seconds left.\n|inactive|Beccca has 30 seconds left.\n|\n|t:|1727056227\n|move|p1b: Murkrow|Tailwind|p1b: Murkrow\n|-sidestart|p1: elvegis1|move: Tailwind\n|move|p2a: Mimikyu|Shadow Sneak|p1b: Murkrow\n|-resisted|p1b: Murkrow\n|-damage|p1b: Murkrow|0 fnt\n|faint|p1b: Murkrow\n|-damage|p2a: Mimikyu|82\/100|[from] item: Life Orb\n|move|p1a: Archaludon|Electro Shot||[still]\n|-prepare|p1a: Archaludon|Electro Shot\n|-boost|p1a: Archaludon|spa|1\n|-anim|p1a: Archaludon|Electro Shot|p2a: Mimikyu\n|-activate|p2a: Mimikyu|ability: Disguise\n|-damage|p2a: Mimikyu|82\/100\n|detailschange|p2a: Mimikyu|Mimikyu-Busted, L50, M, shiny\n|-damage|p2a: Mimikyu|70\/100|[from] pokemon: Mimikyu-Busted\n|move|p2b: Arcanine|Head Smash|p1a: Archaludon\n|-resisted|p1a: Archaludon\n|-damage|p1a: Archaludon|32\/100\n|-ability|p1a: Archaludon|Stamina|boost\n|-boost|p1a: Archaludon|def|1\n|\n|-weather|RainDance|[upkeep]\n|upkeep\n|\n|t:|1727056244\n|switch|p1b: Sinistcha|Sinistcha, L50|100\/100\n|-heal|p1a: Archaludon|57\/100|[from] ability: Hospitality|[of] p1b: Sinistcha\n|turn|3\n|inactive|Beccca has 30 seconds left.\n|inactive|Beccca has 20 seconds left.\n|j| jasonrfry2\n|inactive|Beccca has 15 seconds left.\n|l| jasonrfry2\n|inactive|Beccca has 10 seconds left.\n|inactive|Beccca has 5 seconds left.\n|\n|t:|1727056296\n|switch|p2b: Ninetales|Ninetales-Alola, L50, F|100\/100\n|-weather|Snow|[from] ability: Snow Warning|[of] p2b: Ninetales\n|move|p1a: Archaludon|Flash Cannon|p2b: Ninetales\n|-supereffective|p2b: Ninetales\n|-enditem|p2b: Ninetales|Focus Sash\n|-damage|p2b: Ninetales|1\/100\n|move|p1b: Sinistcha|Life Dew||[still]|[spread] p1a,p1b\n|-heal|p1a: Archaludon|82\/100\n|-fail|p1b: Sinistcha|heal\n|move|p2a: Mimikyu|Shadow Claw|p1b: Sinistcha\n|-supereffective|p1b: Sinistcha\n|-damage|p1b: Sinistcha|38\/100\n|-enditem|p1b: Sinistcha|Sitrus Berry|[eat]\n|-heal|p1b: Sinistcha|62\/100|[from] item: Sitrus Berry\n|-damage|p2a: Mimikyu|60\/100|[from] item: Life Orb\n|\n|-weather|Snow|[upkeep]\n|upkeep\n|turn|4\n|inactive|Beccca has 30 seconds left.\n|inactive|Beccca has 20 seconds left.\n|inactive|Beccca has 15 seconds left.\n|\n|t:|1727056337\n|move|p2a: Mimikyu|Shadow Sneak|p1b: Sinistcha\n|-supereffective|p1b: Sinistcha\n|-damage|p1b: Sinistcha|26\/100\n|-damage|p2a: Mimikyu|51\/100|[from] item: Life Orb\n|move|p1a: Archaludon|Flash Cannon|p2a: Mimikyu\n|-supereffective|p2a: Mimikyu\n|-damage|p2a: Mimikyu|0 fnt\n|faint|p2a: Mimikyu\n|move|p1b: Sinistcha|Matcha Gotcha|p2b: Ninetales\n|-damage|p2b: Ninetales|0 fnt\n|-heal|p1b: Sinistcha|26\/100|[from] drain|[of] p2b: Ninetales\n|faint|p2b: Ninetales\n|\n|-weather|Snow|[upkeep]\n|upkeep\n|\n|t:|1727056353\n|switch|p2b: Arcanine|Arcanine-Hisui, L50, F|15\/100\n|switch|p2a: Meowscarada|Meowscarada, L50, F|100\/100\n|turn|5\n|-message|Beccca forfeited.\n|\n|win|elvegis1\n|raw|elvegis1's rating: 1697 &rarr; <strong>1718<\/strong><br \/>(+21 for winning)\n|raw|Beccca's rating: 1706 &rarr; <strong>1685<\/strong><br \/>(-21 for losing)\n|l|\u2606Beccca\n|player|p2|\n|l|\u2606elvegis1\n|player|p1|\n","uploadtime":1727056525,"views":21,"formatid":"gen9vgc2024regh","rating":1685,"private":0,"password":null}