{"id":"gen9vgc2024regh-2207728593","format":"[Gen 9] VGC 2024 Reg H","players":["goodpiplupvgc","chin8"],"log":"|j|\u2606goodpiplupvgc\n|j|\u2606chin8\n|t:|1727084244\n|gametype|doubles\n|player|p1|goodpiplupvgc|266|1658\n|player|p2|chin8|gentleman-gen4dp|1847\n|teamsize|p1|6\n|teamsize|p2|6\n|gen|9\n|tier|[Gen 9] VGC 2024 Reg H\n|rated|\n|rule|Species Clause: Limit one of each Pok\u00e9mon\n|rule|Item Clause: Limit 1 of each item\n|clearpoke\n|poke|p1|Tyranitar, L50, M|\n|poke|p1|Excadrill, L50, F|\n|poke|p1|Indeedee-F, L50, F|\n|poke|p1|Armarouge, L50, F|\n|poke|p1|Sneasler, L50, F|\n|poke|p1|Milotic, L50, F|\n|poke|p2|Baxcalibur, L50, M|\n|poke|p2|Kilowattrel, L50, M|\n|poke|p2|Haxorus, L50, M|\n|poke|p2|Gardevoir, L50, F|\n|poke|p2|Magmortar, L50, F|\n|poke|p2|Gholdengo, L50|\n|teampreview|4\n|inactive|Battle timer is ON: inactive players will automatically lose when time's up. (requested by chin8)\n|\n|t:|1727084265\n|start\n|switch|p1a: Indeedee|Indeedee-F, L50, F|100\/100\n|switch|p1b: Armarouge|Armarouge, L50, F, shiny|100\/100\n|switch|p2a: Kilowattrel|Kilowattrel, L50, M|100\/100\n|switch|p2b: Baxcalibur|Baxcalibur, L50, M|100\/100\n|-fieldstart|move: Psychic Terrain|[from] ability: Psychic Surge|[of] p1a: Indeedee\n|turn|1\n|\n|t:|1727084280\n|-terastallize|p1b: Armarouge|Psychic\n|-terastallize|p2b: Baxcalibur|Ground\n|move|p2a: Kilowattrel|Thunderbolt|p1b: Armarouge\n|-damage|p1b: Armarouge|48\/100\n|move|p1b: Armarouge|Expanding Force|p2a: Kilowattrel|[spread] p2a,p2b\n|-enditem|p2a: Kilowattrel|Focus Sash\n|-damage|p2a: Kilowattrel|1\/100\n|-damage|p2b: Baxcalibur|45\/100\n|move|p2b: Baxcalibur|Earthquake|p1a: Indeedee|[spread] p1a,p1b\n|-immune|p2a: Kilowattrel\n|-damage|p1a: Indeedee|59\/100\n|-damage|p1b: Armarouge|0 fnt\n|faint|p1b: Armarouge\n|move|p1a: Indeedee|Trick Room|p1a: Indeedee\n|-fieldstart|move: Trick Room|[of] p1a: Indeedee\n|\n|upkeep\n|\n|t:|1727084294\n|switch|p1b: Tyranitar|Tyranitar, L50, M, shiny|100\/100\n|-weather|Sandstorm|[from] ability: Sand Stream|[of] p1b: Tyranitar\n|turn|2\n|\n|t:|1727084311\n|move|p1b: Tyranitar|Knock Off|p2b: Baxcalibur\n|-damage|p2b: Baxcalibur|0 fnt\n|-enditem|p2b: Baxcalibur|Assault Vest|[from] move: Knock Off|[of] p1b: Tyranitar\n|faint|p2b: Baxcalibur\n|move|p1a: Indeedee|Dazzling Gleam|p2a: Kilowattrel\n|-damage|p2a: Kilowattrel|0 fnt\n|faint|p2a: Kilowattrel\n|\n|-weather|Sandstorm|[upkeep]\n|upkeep\n|\n|t:|1727084316\n|switch|p2b: Gholdengo|Gholdengo, L50|100\/100\n|switch|p2a: Magmortar|Magmortar, L50, F|100\/100\n|turn|3\n|\n|t:|1727084331\n|move|p1a: Indeedee|Helping Hand|p1b: Tyranitar\n|-singleturn|p1b: Tyranitar|Helping Hand|[of] p1a: Indeedee\n|move|p2a: Magmortar|Follow Me|p2a: Magmortar\n|-singleturn|p2a: Magmortar|move: Follow Me\n|move|p1b: Tyranitar|Rock Slide|p2b: Gholdengo|[spread] p2b\n|-miss|p1b: Tyranitar|p2a: Magmortar\n|-resisted|p2b: Gholdengo\n|-damage|p2b: Gholdengo|78\/100\n|move|p2b: Gholdengo|Nasty Plot|p2b: Gholdengo\n|-boost|p2b: Gholdengo|spa|2\n|\n|-weather|Sandstorm|[upkeep]\n|-damage|p2a: Magmortar|94\/100|[from] Sandstorm\n|-heal|p2b: Gholdengo|84\/100|[from] item: Leftovers\n|upkeep\n|turn|4\n|inactive|goodpiplupvgc has 30 seconds left.\n|\n|t:|1727084357\n|move|p1a: Indeedee|Helping Hand|p1b: Tyranitar\n|-singleturn|p1b: Tyranitar|Helping Hand|[of] p1a: Indeedee\n|move|p2a: Magmortar|Follow Me|p2a: Magmortar\n|-singleturn|p2a: Magmortar|move: Follow Me\n|move|p1b: Tyranitar|Rock Slide|p2b: Gholdengo|[spread] p2a,p2b\n|-supereffective|p2a: Magmortar\n|-resisted|p2b: Gholdengo\n|-damage|p2a: Magmortar|0 fnt\n|-damage|p2b: Gholdengo|61\/100\n|faint|p2a: Magmortar\n|move|p2b: Gholdengo|Make It Rain|p1b: Tyranitar|[spread] p1a,p1b\n|-supereffective|p1b: Tyranitar\n|-damage|p1a: Indeedee|0 fnt\n|-damage|p1b: Tyranitar|31\/100\n|-unboost|p2b: Gholdengo|spa|1\n|faint|p1a: Indeedee\n|\n|-weather|Sandstorm|[upkeep]\n|-heal|p2b: Gholdengo|67\/100|[from] item: Leftovers\n|upkeep\n|\n|t:|1727084373\n|switch|p1a: Excadrill|Excadrill, L50, F, shiny|100\/100\n|turn|5\n|-message|chin8 forfeited.\n|\n|win|goodpiplupvgc\n|raw|goodpiplupvgc's rating: 1658 &rarr; <strong>1688<\/strong><br \/>(+30 for winning)\n|raw|chin8's rating: 1847 &rarr; <strong>1817<\/strong><br \/>(-30 for losing)\n|l|\u2606chin8\n|player|p2|\n|l|\u2606goodpiplupvgc\n|player|p1|\n","uploadtime":1727084636,"views":20,"formatid":"gen9vgc2024regh","rating":1688,"private":0,"password":null}