{"id":"gen9vgc2024regh-2207134656","format":"[Gen 9] VGC 2024 Reg H","players":["Djjwjwwjj","Shikanoko32"],"log":"|j|\u2606Djjwjwwjj\n|j|\u2606Shikanoko32\n|t:|1727007124\n|gametype|doubles\n|player|p1|Djjwjwwjj|170|1708\n|player|p2|Shikanoko32|102|1721\n|teamsize|p1|6\n|teamsize|p2|6\n|gen|9\n|tier|[Gen 9] VGC 2024 Reg H\n|rated|\n|rule|Species Clause: Limit one of each Pok\u00e9mon\n|rule|Item Clause: Limit 1 of each item\n|clearpoke\n|poke|p1|Palafin, L50, M|\n|poke|p1|Incineroar, L50, F|\n|poke|p1|Rillaboom, L50, F|\n|poke|p1|Gholdengo, L50|\n|poke|p1|Pelipper, L50, M|\n|poke|p1|Amoonguss, L50, F|\n|poke|p2|Kingambit, L50, M|\n|poke|p2|Electabuzz, L50, F|\n|poke|p2|Primarina, L50, F|\n|poke|p2|Rillaboom, L50, M|\n|poke|p2|Sneasler, L50, F|\n|poke|p2|Ceruledge, L50, M|\n|teampreview|4\n|inactive|Battle timer is ON: inactive players will automatically lose when time's up. (requested by Djjwjwwjj)\n|inactive|Djjwjwwjj has 60 seconds left.\n|inactive|Shikanoko32 has 60 seconds left.\n|\n|t:|1727007159\n|start\n|switch|p1a: Incineroar|Incineroar, L50, F|100\/100\n|switch|p1b: Palafin|Palafin, L50, M, shiny|100\/100\n|switch|p2a: Rillaboom|Rillaboom, L50, M|100\/100\n|switch|p2b: Ceruledge|Ceruledge, L50, M|100\/100\n|-fieldstart|move: Grassy Terrain|[from] ability: Grassy Surge|[of] p2a: Rillaboom\n|-enditem|p2b: Ceruledge|Grassy Seed\n|-boost|p2b: Ceruledge|def|1|[from] item: Grassy Seed\n|-ability|p1a: Incineroar|Intimidate|boost\n|-unboost|p2a: Rillaboom|atk|1\n|-unboost|p2b: Ceruledge|atk|1\n|turn|1\n|inactive|Djjwjwwjj has 30 seconds left.\n|\n|t:|1727007193\n|-terastallize|p1b: Palafin|Water\n|move|p2a: Rillaboom|Fake Out|p1a: Incineroar\n|-damage|p1a: Incineroar|93\/100\n|cant|p1a: Incineroar|flinch\n|move|p1b: Palafin|Flip Turn|p2b: Ceruledge\n|-supereffective|p2b: Ceruledge\n|-damage|p2b: Ceruledge|46\/100\n|\n|t:|1727007205\n|detailschange|p1b: Palafin|Palafin-Hero, L50, M, shiny, tera:Water\n|switch|p1b: Pelipper|Pelipper, L50, M|100\/100|[from] Flip Turn\n|-weather|RainDance|[from] ability: Drizzle|[of] p1b: Pelipper\n|move|p2b: Ceruledge|Bulk Up|p2b: Ceruledge\n|-boost|p2b: Ceruledge|atk|1\n|-boost|p2b: Ceruledge|def|1\n|\n|-weather|RainDance|[upkeep]\n|-heal|p2b: Ceruledge|52\/100|[from] Grassy Terrain\n|-heal|p1a: Incineroar|99\/100|[from] Grassy Terrain\n|upkeep\n|turn|2\n|\n|t:|1727007226\n|move|p2b: Ceruledge|Protect|p2b: Ceruledge\n|-singleturn|p2b: Ceruledge|Protect\n|move|p1b: Pelipper|Hurricane|p2a: Rillaboom\n|-supereffective|p2a: Rillaboom\n|-damage|p2a: Rillaboom|47\/100\n|move|p2a: Rillaboom|U-turn|p1b: Pelipper\n|-resisted|p1b: Pelipper\n|-damage|p1b: Pelipper|91\/100\n|\n|t:|1727007235\n|switch|p2a: Electabuzz|Electabuzz, L50, F|100\/100|[from] U-turn\n|move|p1a: Incineroar|Parting Shot|p2a: Electabuzz\n|-unboost|p2a: Electabuzz|atk|1\n|-unboost|p2a: Electabuzz|spa|1\n|\n|t:|1727007244\n|switch|p1a: Palafin|Palafin-Hero, L50, M, shiny, tera:Water|100\/100|[from] Parting Shot\n|-activate|p1a: Palafin|ability: Zero to Hero\n|\n|-weather|RainDance|[upkeep]\n|-heal|p2b: Ceruledge|59\/100|[from] Grassy Terrain\n|upkeep\n|turn|3\n|\n|t:|1727007265\n|switch|p1b: Incineroar|Incineroar, L50, F|99\/100\n|-ability|p1b: Incineroar|Intimidate|boost\n|-unboost|p2a: Electabuzz|atk|1\n|-unboost|p2b: Ceruledge|atk|1\n|-terastallize|p2b: Ceruledge|Grass\n|move|p1a: Palafin|Flip Turn|p2b: Ceruledge\n|-resisted|p2b: Ceruledge\n|-damage|p2b: Ceruledge|28\/100\n|\n|t:|1727007274\n|switch|p1a: Amoonguss|Amoonguss, L50, F|100\/100|[from] Flip Turn\n|move|p2a: Electabuzz|Electroweb|p1a: Amoonguss|[spread] p1a,p1b\n|-resisted|p1a: Amoonguss\n|-damage|p1a: Amoonguss|96\/100\n|-damage|p1b: Incineroar|91\/100\n|-unboost|p1b: Incineroar|spe|1\n|move|p2b: Ceruledge|Poltergeist|p1b: Incineroar\n|-activate|p1b: Incineroar|move: Poltergeist|Sitrus Berry\n|-resisted|p1b: Incineroar\n|-damage|p1b: Incineroar|72\/100\n|\n|-weather|RainDance|[upkeep]\n|-heal|p2b: Ceruledge|34\/100|[from] Grassy Terrain\n|-heal|p1b: Incineroar|78\/100|[from] Grassy Terrain\n|-heal|p1a: Amoonguss|100\/100|[from] Grassy Terrain\n|upkeep\n|turn|4\n|inactive|Shikanoko32 has 30 seconds left.\n|\n|t:|1727007305\n|switch|p2a: Sneasler|Sneasler, L50, F|100\/100\n|move|p2b: Ceruledge|Protect|p2b: Ceruledge\n|-singleturn|p2b: Ceruledge|Protect\n|move|p1b: Incineroar|Fake Out|p2a: Sneasler\n|-damage|p2a: Sneasler|80\/100\n|move|p1a: Amoonguss|Spore|p2a: Sneasler\n|-status|p2a: Sneasler|slp|[from] move: Spore\n|\n|-weather|RainDance|[upkeep]\n|-heal|p2a: Sneasler|86\/100 slp|[from] Grassy Terrain\n|-heal|p2b: Ceruledge|40\/100|[from] Grassy Terrain\n|-heal|p1b: Incineroar|84\/100|[from] Grassy Terrain\n|upkeep\n|turn|5\n|\n|t:|1727007329\n|cant|p2a: Sneasler|slp\n|move|p2b: Ceruledge|Bitter Blade|p1a: Amoonguss\n|-supereffective|p1a: Amoonguss\n|-damage|p1a: Amoonguss|78\/100\n|-heal|p2b: Ceruledge|54\/100|[from] drain|[of] p1a: Amoonguss\n|move|p1b: Incineroar|Parting Shot|p2b: Ceruledge\n|-unboost|p2b: Ceruledge|atk|1\n|-unboost|p2b: Ceruledge|spa|1\n|\n|t:|1727007345\n|switch|p1b: Palafin|Palafin-Hero, L50, M, shiny, tera:Water|100\/100|[from] Parting Shot\n|move|p1a: Amoonguss|Clear Smog|p2b: Ceruledge\n|-supereffective|p2b: Ceruledge\n|-damage|p2b: Ceruledge|23\/100\n|-clearboost|p2b: Ceruledge\n|\n|-weather|none\n|-heal|p2a: Sneasler|91\/100 slp|[from] Grassy Terrain\n|-heal|p2b: Ceruledge|29\/100|[from] Grassy Terrain\n|-heal|p1a: Amoonguss|84\/100|[from] Grassy Terrain\n|-fieldend|move: Grassy Terrain\n|upkeep\n|turn|6\n|\n|t:|1727007365\n|switch|p2a: Rillaboom|Rillaboom, L50, M|47\/100\n|-fieldstart|move: Grassy Terrain|[from] ability: Grassy Surge|[of] p2a: Rillaboom\n|switch|p1a: Incineroar|Incineroar, L50, F|84\/100\n|-ability|p1a: Incineroar|Intimidate|boost\n|-unboost|p2a: Rillaboom|atk|1\n|-unboost|p2b: Ceruledge|atk|1\n|move|p2b: Ceruledge|Protect|p2b: Ceruledge\n|-singleturn|p2b: Ceruledge|Protect\n|move|p1b: Palafin|Flip Turn|p2a: Rillaboom\n|-resisted|p2a: Rillaboom\n|-damage|p2a: Rillaboom|14\/100\n|\n|t:|1727007378\n|switch|p1b: Amoonguss|Amoonguss, L50, F|100\/100|[from] Flip Turn\n|\n|-heal|p2b: Ceruledge|35\/100|[from] Grassy Terrain\n|-heal|p2a: Rillaboom|19\/100|[from] Grassy Terrain\n|-heal|p1a: Incineroar|90\/100|[from] Grassy Terrain\n|upkeep\n|turn|7\n|\n|t:|1727007402\n|switch|p1a: Pelipper|Pelipper, L50, M|91\/100\n|-weather|RainDance|[from] ability: Drizzle|[of] p1a: Pelipper\n|move|p2a: Rillaboom|Fake Out|p1a: Pelipper\n|-damage|p1a: Pelipper|80\/100\n|move|p2b: Ceruledge|Bitter Blade|p1b: Amoonguss\n|-supereffective|p1b: Amoonguss\n|-damage|p1b: Amoonguss|76\/100\n|-heal|p2b: Ceruledge|50\/100|[from] drain|[of] p1b: Amoonguss\n|move|p1b: Amoonguss|Pollen Puff|p2b: Ceruledge\n|-supereffective|p2b: Ceruledge\n|-damage|p2b: Ceruledge|15\/100\n|\n|-weather|RainDance|[upkeep]\n|-heal|p2b: Ceruledge|21\/100|[from] Grassy Terrain\n|-heal|p2a: Rillaboom|25\/100|[from] Grassy Terrain\n|-heal|p1b: Amoonguss|82\/100|[from] Grassy Terrain\n|upkeep\n|turn|8\n|j| mr pogostick\n|inactive|Djjwjwwjj has 30 seconds left.\n|inactive|Shikanoko32 has 30 seconds left.\n|\n|t:|1727007431\n|switch|p2a: Electabuzz|Electabuzz, L50, F|100\/100\n|move|p2b: Ceruledge|Protect|p2b: Ceruledge\n|-singleturn|p2b: Ceruledge|Protect\n|move|p1a: Pelipper|Hurricane|p2a: Electabuzz\n|-resisted|p2a: Electabuzz\n|-damage|p2a: Electabuzz|84\/100\n|-start|p2a: Electabuzz|confusion\n|move|p1b: Amoonguss|Spore|p2a: Electabuzz\n|-immune|p2a: Electabuzz|[from] ability: Vital Spirit\n|\n|-weather|RainDance|[upkeep]\n|-heal|p2a: Electabuzz|89\/100|[from] Grassy Terrain\n|-heal|p2b: Ceruledge|28\/100|[from] Grassy Terrain\n|-heal|p1b: Amoonguss|88\/100|[from] Grassy Terrain\n|upkeep\n|turn|9\n|\n|t:|1727007454\n|switch|p1a: Incineroar|Incineroar, L50, F|90\/100\n|-ability|p1a: Incineroar|Intimidate|boost\n|-unboost|p2a: Electabuzz|atk|1\n|-unboost|p2b: Ceruledge|atk|1\n|-activate|p2a: Electabuzz|confusion\n|move|p2a: Electabuzz|Electroweb|p1a: Incineroar|[spread] p1a,p1b\n|-resisted|p1b: Amoonguss\n|-damage|p1a: Incineroar|77\/100\n|-damage|p1b: Amoonguss|81\/100\n|-unboost|p1a: Incineroar|spe|1\n|move|p2b: Ceruledge|Bitter Blade|p1b: Amoonguss\n|-supereffective|p1b: Amoonguss\n|-damage|p1b: Amoonguss|64\/100\n|-heal|p2b: Ceruledge|38\/100|[from] drain|[of] p1b: Amoonguss\n|move|p1b: Amoonguss|Pollen Puff|p2b: Ceruledge\n|-supereffective|p2b: Ceruledge\n|-crit|p2b: Ceruledge\n|-damage|p2b: Ceruledge|0 fnt\n|faint|p2b: Ceruledge\n|\n|-weather|RainDance|[upkeep]\n|-heal|p2a: Electabuzz|95\/100|[from] Grassy Terrain\n|-heal|p1a: Incineroar|83\/100|[from] Grassy Terrain\n|-heal|p1b: Amoonguss|70\/100|[from] Grassy Terrain\n|upkeep\n|inactive|Shikanoko32 has 30 seconds left.\n|\n|t:|1727007482\n|switch|p2b: Sneasler|Sneasler, L50, F|91\/100 slp\n|turn|10\n|\n|t:|1727007499\n|cant|p2b: Sneasler|slp\n|-activate|p2a: Electabuzz|confusion\n|move|p2a: Electabuzz|Taunt|p1a: Incineroar\n|-start|p1a: Incineroar|move: Taunt\n|move|p1a: Incineroar|Knock Off|p2a: Electabuzz\n|-damage|p2a: Electabuzz|65\/100\n|-enditem|p2a: Electabuzz|Eviolite|[from] move: Knock Off|[of] p1a: Incineroar\n|move|p1b: Amoonguss|Pollen Puff|p2a: Electabuzz\n|-damage|p2a: Electabuzz|45\/100\n|\n|-weather|RainDance|[upkeep]\n|-heal|p2b: Sneasler|97\/100 slp|[from] Grassy Terrain\n|-heal|p2a: Electabuzz|50\/100|[from] Grassy Terrain\n|-heal|p1a: Incineroar|89\/100|[from] Grassy Terrain\n|-heal|p1b: Amoonguss|76\/100|[from] Grassy Terrain\n|-fieldend|move: Grassy Terrain\n|upkeep\n|turn|11\n|inactive|Djjwjwwjj has 30 seconds left.\n|inactive|Shikanoko32 has 30 seconds left.\n|inactive|Djjwjwwjj has 20 seconds left.\n|inactive|Djjwjwwjj has 15 seconds left.\n|\n|t:|1727007543\n|cant|p2b: Sneasler|slp\n|-activate|p2a: Electabuzz|confusion\n|-damage|p2a: Electabuzz|45\/100|[from] confusion\n|move|p1a: Incineroar|Close Combat|p2a: Electabuzz\n|-damage|p2a: Electabuzz|9\/100\n|-unboost|p1a: Incineroar|def|1\n|-unboost|p1a: Incineroar|spd|1\n|move|p1b: Amoonguss|Pollen Puff|p2a: Electabuzz\n|-damage|p2a: Electabuzz|0 fnt\n|faint|p2a: Electabuzz\n|\n|-weather|none\n|upkeep\n|\n|t:|1727007559\n|switch|p2a: Rillaboom|Rillaboom, L50, M|25\/100\n|-fieldstart|move: Grassy Terrain|[from] ability: Grassy Surge|[of] p2a: Rillaboom\n|turn|12\n|\n|t:|1727007573\n|switch|p1a: Palafin|Palafin-Hero, L50, M, shiny, tera:Water|100\/100\n|switch|p1b: Pelipper|Pelipper, L50, M|80\/100\n|-weather|RainDance|[from] ability: Drizzle|[of] p1b: Pelipper\n|move|p2a: Rillaboom|Fake Out|p1b: Pelipper\n|-damage|p1b: Pelipper|66\/100\n|-curestatus|p2b: Sneasler|slp|[msg]\n|move|p2b: Sneasler|Close Combat|p1a: Palafin\n|-damage|p1a: Palafin|40\/100\n|-unboost|p2b: Sneasler|def|1\n|-unboost|p2b: Sneasler|spd|1\n|\n|-weather|RainDance|[upkeep]\n|-heal|p2b: Sneasler|100\/100|[from] Grassy Terrain\n|-heal|p1a: Palafin|45\/100|[from] Grassy Terrain\n|-heal|p2a: Rillaboom|31\/100|[from] Grassy Terrain\n|upkeep\n|turn|13\n|inactive|Shikanoko32 has 30 seconds left.\n|\n|t:|1727007608\n|move|p1a: Palafin|Jet Punch|p2a: Rillaboom\n|-resisted|p2a: Rillaboom\n|-damage|p2a: Rillaboom|0 fnt\n|faint|p2a: Rillaboom\n|move|p1b: Pelipper|Hurricane|p2b: Sneasler\n|-supereffective|p2b: Sneasler\n|-enditem|p2b: Sneasler|Focus Sash\n|-damage|p2b: Sneasler|1\/100\n|move|p2b: Sneasler|Dire Claw|p1b: Pelipper\n|-damage|p1b: Pelipper|13\/100\n|-status|p1b: Pelipper|psn\n|\n|-weather|RainDance|[upkeep]\n|-heal|p2b: Sneasler|7\/100|[from] Grassy Terrain\n|-heal|p1a: Palafin|51\/100|[from] Grassy Terrain\n|-damage|p1b: Pelipper|1\/100 psn|[from] psn\n|upkeep\n|turn|14\n|-message|Shikanoko32 forfeited.\n|\n|win|Djjwjwwjj\n|raw|Djjwjwwjj's rating: 1708 &rarr; <strong>1729<\/strong><br \/>(+21 for winning)\n|raw|Shikanoko32's rating: 1721 &rarr; <strong>1700<\/strong><br \/>(-21 for losing)\n|l|\u2606Shikanoko32\n|player|p2|\n|l|\u2606Djjwjwwjj\n|player|p1|\n","uploadtime":1727007788,"views":46,"formatid":"gen9vgc2024regh","rating":1700,"private":0,"password":null}