{"id":"gen9vgc2024regh-2207963308","format":"[Gen 9] VGC 2024 Reg H","players":["very demure","Waffles4breakfast"],"log":"|j|\u2606very demure\n|j|\u2606Waffles4breakfast\n|t:|1727109597\n|gametype|doubles\n|player|p1|very demure|dawn-gen4pt|1757\n|player|p2|Waffles4breakfast|juggler|1695\n|teamsize|p1|6\n|teamsize|p2|6\n|gen|9\n|tier|[Gen 9] VGC 2024 Reg H\n|rated|\n|rule|Species Clause: Limit one of each Pok\u00e9mon\n|rule|Item Clause: Limit 1 of each item\n|clearpoke\n|poke|p1|Dragapult, L50, M|\n|poke|p1|Glimmora, L50, M|\n|poke|p1|Rillaboom, L50, M|\n|poke|p1|Incineroar, L50, F|\n|poke|p1|Dondozo, L50, F|\n|poke|p1|Gholdengo, L50|\n|poke|p2|Archaludon, L50, F|\n|poke|p2|Pelipper, L50, M|\n|poke|p2|Basculegion, L50, M|\n|poke|p2|Amoonguss, L50, F|\n|poke|p2|Gholdengo, L50|\n|poke|p2|Murkrow, L50, F|\n|teampreview|4\n|j| michael1vgc\n|\n|t:|1727109637\n|start\n|switch|p1a: Dragapult|Dragapult, L50, M|100\/100\n|switch|p1b: Glimmora|Glimmora, L50, M|100\/100\n|switch|p2a: Gholdengo|Gholdengo, L50|100\/100\n|switch|p2b: Murkrow|Murkrow, L50, F|100\/100\n|turn|1\n|j| suttonswaggy\n|j| MikeFlem12326171\n|\n|t:|1727109675\n|-terastallize|p2a: Gholdengo|Steel\n|move|p1b: Glimmora|Spiky Shield|p1b: Glimmora\n|-singleturn|p1b: Glimmora|move: Protect\n|move|p2b: Murkrow|Tailwind|p2b: Murkrow\n|-sidestart|p2: Waffles4breakfast|move: Tailwind\n|move|p2a: Gholdengo|Make It Rain|p1b: Glimmora|[spread] p1a\n|-activate|p1b: Glimmora|move: Protect\n|-damage|p1a: Dragapult|0 fnt\n|-unboost|p2a: Gholdengo|spa|1\n|faint|p1a: Dragapult\n|\n|upkeep\n|j| CANDYSIGN\n|\n|t:|1727109686\n|switch|p1a: Rillaboom|Rillaboom, L50, M|100\/100\n|-fieldstart|move: Grassy Terrain|[from] ability: Grassy Surge|[of] p1a: Rillaboom\n|turn|2\n|j| Hurashi\n|\n|t:|1727109706\n|switch|p2a: Pelipper|Pelipper, L50, M|100\/100\n|-weather|RainDance|[from] ability: Drizzle|[of] p2a: Pelipper\n|move|p1a: Rillaboom|Fake Out|p2a: Pelipper\n|-damage|p2a: Pelipper|83\/100\n|move|p2b: Murkrow|Foul Play|p1a: Rillaboom\n|-damage|p1a: Rillaboom|54\/100\n|move|p1b: Glimmora|Earth Power|p2a: Pelipper\n|-immune|p2a: Pelipper\n|\n|-weather|RainDance|[upkeep]\n|-heal|p1a: Rillaboom|59\/100|[from] Grassy Terrain\n|upkeep\n|turn|3\n|\n|t:|1727109744\n|switch|p1a: Gholdengo|Gholdengo, L50|100\/100\n|-terastallize|p1b: Glimmora|Grass\n|move|p2a: Pelipper|Hurricane|p1a: Gholdengo\n|-resisted|p1a: Gholdengo\n|-damage|p1a: Gholdengo|75\/100\n|move|p2b: Murkrow|Foul Play|p1a: Gholdengo\n|-supereffective|p1a: Gholdengo\n|-crit|p1a: Gholdengo\n|-damage|p1a: Gholdengo|25\/100\n|move|p1b: Glimmora|Power Gem|p2a: Pelipper\n|-supereffective|p2a: Pelipper\n|-damage|p2a: Pelipper|0 fnt\n|faint|p2a: Pelipper\n|\n|-weather|RainDance|[upkeep]\n|-heal|p1a: Gholdengo|31\/100|[from] Grassy Terrain\n|upkeep\n|\n|t:|1727109759\n|switch|p2a: Gholdengo|Gholdengo, L50, tera:Steel|100\/100\n|turn|4\n|\n|t:|1727109765\n|move|p1b: Glimmora|Spiky Shield|p1b: Glimmora\n|-singleturn|p1b: Glimmora|move: Protect\n|move|p1a: Gholdengo|Protect|p1a: Gholdengo\n|-singleturn|p1a: Gholdengo|Protect\n|move|p2a: Gholdengo|Make It Rain|p1a: Gholdengo|[spread] \n|-activate|p1a: Gholdengo|move: Protect\n|-activate|p1b: Glimmora|move: Protect\n|move|p2b: Murkrow|Foul Play|p1b: Glimmora\n|-activate|p1b: Glimmora|move: Protect\n|-damage|p2b: Murkrow|89\/100|[from] Spiky Shield|[of] p1b: Glimmora\n|\n|-weather|RainDance|[upkeep]\n|-heal|p1a: Gholdengo|37\/100|[from] Grassy Terrain\n|-sideend|p2: Waffles4breakfast|move: Tailwind\n|upkeep\n|turn|5\n|l| CANDYSIGN\n|\n|t:|1727109807\n|move|p2b: Murkrow|Tailwind|p2b: Murkrow\n|-sidestart|p2: Waffles4breakfast|move: Tailwind\n|move|p2a: Gholdengo|Make It Rain|p1b: Glimmora|[spread] p1a,p1b\n|-resisted|p1a: Gholdengo\n|-damage|p1a: Gholdengo|0 fnt\n|-enditem|p1b: Glimmora|Focus Sash\n|-damage|p1b: Glimmora|1\/100\n|-unboost|p2a: Gholdengo|spa|1\n|faint|p1a: Gholdengo\n|move|p1b: Glimmora|Power Gem|p2b: Murkrow\n|-supereffective|p2b: Murkrow\n|-damage|p2b: Murkrow|20\/100\n|\n|-weather|RainDance|[upkeep]\n|-heal|p1b: Glimmora|7\/100|[from] Grassy Terrain\n|upkeep\n|-message|very demure forfeited.\n|\n|win|Waffles4breakfast\n|raw|very demure's rating: 1757 &rarr; <strong>1733<\/strong><br \/>(-24 for losing)\n|raw|Waffles4breakfast's rating: 1680 &rarr; <strong>1704<\/strong><br \/>(+24 for winning)\n|l|\u2606very demure\n|player|p1|\n|l| michael1vgc\n|l|\u2606Waffles4breakfast\n|player|p2|\n","uploadtime":1727109970,"views":39,"formatid":"gen9vgc2024regh","rating":1704,"private":0,"password":null}