{"id":"gen9vgc2024regh-2207724777","format":"[Gen 9] VGC 2024 Reg H","players":["ROEMO","chin8"],"log":"|j|\u203dROEMO\n|j|\u2606chin8\n|t:|1727083628\n|gametype|doubles\n|player|p1|ROEMO|169|1667\n|player|p2|chin8|gentleman-gen4dp|1835\n|teamsize|p1|6\n|teamsize|p2|6\n|gen|9\n|tier|[Gen 9] VGC 2024 Reg H\n|rated|\n|rule|Species Clause: Limit one of each Pok\u00e9mon\n|rule|Item Clause: Limit 1 of each item\n|clearpoke\n|poke|p1|Gholdengo, L50|\n|poke|p1|Murkrow, L50, M|\n|poke|p1|Dondozo, L50, M|\n|poke|p1|Tatsugiri, L50, F|\n|poke|p1|Archaludon, L50, M|\n|poke|p1|Pelipper, L50, F|\n|poke|p2|Baxcalibur, L50, F|\n|poke|p2|Kilowattrel, L50, M|\n|poke|p2|Haxorus, L50, F|\n|poke|p2|Gardevoir, L50, M|\n|poke|p2|Magmortar, L50, M|\n|poke|p2|Gholdengo, L50|\n|teampreview|4\n|\n|t:|1727083662\n|start\n|switch|p1a: Gholdengo|Gholdengo, L50|100\/100\n|switch|p1b: Murkrow|Murkrow, L50, M|100\/100\n|switch|p2a: Baxcalibur|Baxcalibur, L50, F|100\/100\n|switch|p2b: Kilowattrel|Kilowattrel, L50, M|100\/100\n|turn|1\n|\n|t:|1727083678\n|-terastallize|p1a: Gholdengo|Steel\n|-terastallize|p2a: Baxcalibur|Ground\n|move|p1b: Murkrow|Tailwind|p1b: Murkrow\n|-sidestart|p1: ROEMO|move: Tailwind\n|move|p1a: Gholdengo|Make It Rain|p2b: Kilowattrel|[spread] p2a,p2b\n|-resisted|p2b: Kilowattrel\n|-damage|p2a: Baxcalibur|49\/100\n|-damage|p2b: Kilowattrel|9\/100\n|-unboost|p1a: Gholdengo|spa|1\n|move|p2b: Kilowattrel|Tailwind|p2b: Kilowattrel\n|-sidestart|p2: chin8|move: Tailwind\n|move|p2a: Baxcalibur|Earthquake|p1a: Gholdengo|[spread] p1a\n|-immune|p2b: Kilowattrel\n|-immune|p1b: Murkrow\n|-supereffective|p1a: Gholdengo\n|-damage|p1a: Gholdengo|14\/100\n|\n|upkeep\n|turn|2\n|\n|t:|1727083734\n|switch|p1a: Dondozo|Dondozo, L50, M|100\/100\n|switch|p1b: Tatsugiri|Tatsugiri, L50, F|100\/100\n|-activate|p1b: Tatsugiri|ability: Commander|[of] p1a: Dondozo\n|-boost|p1a: Dondozo|atk|2\n|-boost|p1a: Dondozo|spa|2\n|-boost|p1a: Dondozo|spe|2\n|-boost|p1a: Dondozo|def|2\n|-boost|p1a: Dondozo|spd|2\n|move|p2b: Kilowattrel|Thunderbolt|p1a: Dondozo\n|-supereffective|p1a: Dondozo\n|-damage|p1a: Dondozo|68\/100\n|-status|p1a: Dondozo|par\n|move|p2a: Baxcalibur|Icicle Crash|p1b: Tatsugiri|[miss]\n|-miss|p2a: Baxcalibur|p1b: Tatsugiri\n|\n|-heal|p1a: Dondozo|75\/100 par|[from] item: Leftovers\n|upkeep\n|turn|3\n|inactive|Battle timer is ON: inactive players will automatically lose when time's up. (requested by chin8)\n|\n|t:|1727083761\n|move|p2b: Kilowattrel|Thunderbolt|p1a: Dondozo\n|-supereffective|p1a: Dondozo\n|-damage|p1a: Dondozo|43\/100 par\n|move|p2a: Baxcalibur|Earthquake|p1b: Tatsugiri|[spread] p1a\n|-miss|p2a: Baxcalibur|p1b: Tatsugiri\n|-immune|p2b: Kilowattrel\n|-damage|p1a: Dondozo|31\/100 par\n|move|p1a: Dondozo|Order Up|p2b: Kilowattrel\n|-damage|p2b: Kilowattrel|0 fnt\n|faint|p2b: Kilowattrel\n|-boost|p1a: Dondozo|atk|1\n|\n|-heal|p1a: Dondozo|37\/100 par|[from] item: Leftovers\n|upkeep\n|\n|t:|1727083770\n|switch|p2b: Gardevoir|Gardevoir, L50, M|100\/100\n|turn|4\n|\n|t:|1727083791\n|move|p1a: Dondozo|Protect|p1a: Dondozo\n|-singleturn|p1a: Dondozo|Protect\n|move|p2a: Baxcalibur|Glaive Rush|p1a: Dondozo\n|-activate|p1a: Dondozo|move: Protect\n|move|p2b: Gardevoir|Trick Room|p2b: Gardevoir\n|-fieldstart|move: Trick Room|[of] p2b: Gardevoir\n|\n|-heal|p1a: Dondozo|43\/100 par|[from] item: Leftovers\n|-sideend|p2: chin8|move: Tailwind\n|-sideend|p1: ROEMO|move: Tailwind\n|upkeep\n|turn|5\n|\n|t:|1727083803\n|move|p1a: Dondozo|Earthquake|p2b: Gardevoir|[spread] p2a,p2b\n|-miss|p1a: Dondozo|p1b: Tatsugiri\n|-damage|p2a: Baxcalibur|0 fnt\n|-damage|p2b: Gardevoir|35\/100\n|faint|p2a: Baxcalibur\n|move|p2b: Gardevoir|Dazzling Gleam|p1b: Tatsugiri|[spread] p1a\n|-miss|p2b: Gardevoir|p1b: Tatsugiri\n|-damage|p1a: Dondozo|31\/100 par\n|\n|-heal|p1a: Dondozo|37\/100 par|[from] item: Leftovers\n|upkeep\n|-message|chin8 forfeited.\n|\n|win|ROEMO\n|raw|ROEMO's rating: 1667 &rarr; <strong>1696<\/strong><br \/>(+29 for winning)\n|raw|chin8's rating: 1835 &rarr; <strong>1806<\/strong><br \/>(-29 for losing)\n|l|\u2606chin8\n|player|p2|\n|l|\u203dROEMO\n|player|p1|\n","uploadtime":1727084083,"views":21,"formatid":"gen9vgc2024regh","rating":1696,"private":0,"password":null}