{"id":"gen9vgc2024regh-2207620876","format":"[Gen 9] VGC 2024 Reg H","players":["caixueying","caZISA"],"log":"|j|\u2606caixueying\n|j|\u2606caZISA\n|t:|1727065309\n|gametype|doubles\n|player|p1|caixueying|beauty-gen4dp|1756\n|player|p2|caZISA|red|1716\n|teamsize|p1|6\n|teamsize|p2|6\n|gen|9\n|tier|[Gen 9] VGC 2024 Reg H\n|rated|\n|rule|Species Clause: Limit one of each Pok\u00e9mon\n|rule|Item Clause: Limit 1 of each item\n|clearpoke\n|poke|p1|Lilligant-Hisui, L50, F|\n|poke|p1|Maushold-Four, L50|\n|poke|p1|Hatterene, L50, F|\n|poke|p1|Indeedee-F, L50, F|\n|poke|p1|Gallade, L50, M|\n|poke|p1|Torkoal, L50, F|\n|poke|p2|Garchomp, L50, F|\n|poke|p2|Tyranitar, L50, M|\n|poke|p2|Rillaboom, L50, M|\n|poke|p2|Talonflame, L50, F|\n|poke|p2|Primarina, L50, M|\n|poke|p2|Gholdengo, L50|\n|teampreview|4\n|inactive|Battle timer is ON: inactive players will automatically lose when time's up. (requested by caixueying)\n|\n|t:|1727065337\n|start\n|switch|p1a: Maushold|Maushold-Four, L50|100\/100\n|switch|p1b: Hatterene|Hatterene, L50, F|100\/100\n|switch|p2a: Talonflame|Talonflame, L50, F|100\/100\n|switch|p2b: Garchomp|Garchomp, L50, F|100\/100\n|turn|1\n|j| futonkagebunshin\n|\n|t:|1727065353\n|move|p2a: Talonflame|Brave Bird|p1b: Hatterene\n|-damage|p1b: Hatterene|49\/100\n|-damage|p2a: Talonflame|82\/100|[from] Recoil\n|move|p1a: Maushold|Population Bomb|p2a: Talonflame\n|-damage|p2a: Talonflame|64\/100\n|-damage|p2a: Talonflame|46\/100\n|-damage|p2a: Talonflame|30\/100\n|-damage|p2a: Talonflame|13\/100\n|-damage|p2a: Talonflame|0 fnt\n|faint|p2a: Talonflame\n|-hitcount|p2: Talonflame|5\n|move|p2b: Garchomp|Earthquake|p1b: Hatterene|[spread] p1a,p1b\n|-damage|p1a: Maushold|33\/100\n|-damage|p1b: Hatterene|8\/100\n|move|p1b: Hatterene|Trick Room|p1b: Hatterene\n|-fieldstart|move: Trick Room|[of] p1b: Hatterene\n|\n|upkeep\n|\n|t:|1727065368\n|switch|p2a: Tyranitar|Tyranitar, L50, M, shiny|100\/100\n|-weather|Sandstorm|[from] ability: Sand Stream|[of] p2a: Tyranitar\n|turn|2\n|inactive|caixueying has 30 seconds left.\n|\n|t:|1727065400\n|switch|p2b: Rillaboom|Rillaboom, L50, M|100\/100\n|-fieldstart|move: Grassy Terrain|[from] ability: Grassy Surge|[of] p2b: Rillaboom\n|switch|p1a: Indeedee|Indeedee-F, L50, F|100\/100\n|-fieldstart|move: Psychic Terrain|[from] ability: Psychic Surge|[of] p1a: Indeedee\n|move|p1b: Hatterene|Dazzling Gleam|p2b: Rillaboom|[spread] p2a,p2b\n|-supereffective|p2a: Tyranitar\n|-damage|p2a: Tyranitar|65\/100\n|-damage|p2b: Rillaboom|46\/100\n|-damage|p1b: Hatterene|0 fnt|[from] item: Life Orb\n|faint|p1b: Hatterene\n|move|p2a: Tyranitar|Rock Slide|p1a: Indeedee|[miss]\n|-miss|p2a: Tyranitar|p1a: Indeedee\n|\n|-weather|Sandstorm|[upkeep]\n|-damage|p1a: Indeedee|94\/100|[from] Sandstorm\n|-damage|p2b: Rillaboom|40\/100|[from] Sandstorm\n|upkeep\n|j| MikeFlem12326171\n|\n|t:|1727065417\n|switch|p1b: Torkoal|Torkoal, L50, F|100\/100\n|-weather|SunnyDay|[from] ability: Drought|[of] p1b: Torkoal\n|turn|3\n|\n|t:|1727065426\n|switch|p2b: Garchomp|Garchomp, L50, F|100\/100\n|-terastallize|p1b: Torkoal|Fire\n|move|p1a: Indeedee|Helping Hand|p1b: Torkoal\n|-singleturn|p1b: Torkoal|Helping Hand|[of] p1a: Indeedee\n|move|p1b: Torkoal|Eruption|p2b: Garchomp|[spread] p2a,p2b\n|-resisted|p2a: Tyranitar\n|-resisted|p2b: Garchomp\n|-damage|p2a: Tyranitar|11\/100\n|-damage|p2b: Garchomp|8\/100\n|move|p2a: Tyranitar|Rock Slide|p1a: Indeedee|[spread] p1a,p1b\n|-crit|p1a: Indeedee\n|-supereffective|p1b: Torkoal\n|-damage|p1a: Indeedee|48\/100\n|-damage|p1b: Torkoal|55\/100\n|\n|-weather|SunnyDay|[upkeep]\n|upkeep\n|turn|4\n|\n|t:|1727065442\n|move|p1a: Indeedee|Helping Hand|p1b: Torkoal\n|-singleturn|p1b: Torkoal|Helping Hand|[of] p1a: Indeedee\n|move|p2b: Garchomp|Protect|p2b: Garchomp\n|-singleturn|p2b: Garchomp|Protect\n|move|p1b: Torkoal|Eruption|p2b: Garchomp|[spread] p2a\n|-activate|p2b: Garchomp|move: Protect\n|-resisted|p2a: Tyranitar\n|-damage|p2a: Tyranitar|0 fnt\n|faint|p2a: Tyranitar\n|\n|-weather|SunnyDay|[upkeep]\n|upkeep\n|\n|t:|1727065448\n|switch|p2a: Rillaboom|Rillaboom, L50, M|40\/100\n|-fieldstart|move: Grassy Terrain|[from] ability: Grassy Surge|[of] p2a: Rillaboom\n|turn|5\n|\n|t:|1727065463\n|-terastallize|p2a: Rillaboom|Grass\n|move|p2b: Garchomp|Protect||[still]\n|-fail|p2b: Garchomp\n|move|p2a: Rillaboom|Grassy Glide|p1a: Indeedee\n|-damage|p1a: Indeedee|0 fnt\n|faint|p1a: Indeedee\n|move|p1b: Torkoal|Eruption|p2b: Garchomp|[spread] p2a,p2b\n|-supereffective|p2a: Rillaboom\n|-resisted|p2b: Garchomp\n|-damage|p2a: Rillaboom|0 fnt\n|-damage|p2b: Garchomp|0 fnt\n|faint|p2a: Rillaboom\n|faint|p2b: Garchomp\n|\n|win|caixueying\n|raw|caixueying's rating: 1756 &rarr; <strong>1774<\/strong><br \/>(+18 for winning)\n|raw|caZISA's rating: 1716 &rarr; <strong>1698<\/strong><br \/>(-18 for losing)\n|l|\u2606caZISA\n|player|p2|\n|l|\u2606caixueying\n|player|p1|\n|l| futonkagebunshin\n","uploadtime":1727065677,"views":23,"formatid":"gen9vgc2024regh","rating":1698,"private":0,"password":null}