{"id":"gen9vgc2024regh-2207504261","format":"[Gen 9] VGC 2024 Reg H","players":["elvegis1","bigplan47"],"log":"|j|\u2606elvegis1\n|j|\u2606bigplan47\n|t:|1727050494\n|gametype|doubles\n|player|p1|elvegis1|lucas|1727\n|player|p2|bigplan47|cynthia-masters|1706\n|teamsize|p1|6\n|teamsize|p2|6\n|gen|9\n|tier|[Gen 9] VGC 2024 Reg H\n|rated|\n|rule|Species Clause: Limit one of each Pok\u00e9mon\n|rule|Item Clause: Limit 1 of each item\n|clearpoke\n|poke|p1|Ceruledge, L50, F|\n|poke|p1|Primarina, L50, M|\n|poke|p1|Murkrow, L50, M|\n|poke|p1|Sneasler, L50, F|\n|poke|p1|Archaludon, L50, M|\n|poke|p1|Sinistcha, L50|\n|poke|p2|Drifblim, L50, F|\n|poke|p2|Amoonguss, L50, F|\n|poke|p2|Indeedee, L50, M|\n|poke|p2|Glimmora, L50, M|\n|poke|p2|Tauros-Paldea-Blaze, L50, M|\n|poke|p2|Garchomp, L50, M|\n|teampreview|4\n|inactive|Battle timer is ON: inactive players will automatically lose when time's up. (requested by elvegis1)\n|inactive|elvegis1 has 60 seconds left.\n|inactive|bigplan47 has 60 seconds left.\n|\n|t:|1727050532\n|start\n|switch|p1a: Murkrow|Murkrow, L50, M|100\/100\n|switch|p1b: Archaludon|Archaludon, L50, M|100\/100\n|switch|p2a: Drifblim|Drifblim, L50, F|100\/100\n|switch|p2b: Indeedee|Indeedee, L50, M|100\/100\n|-fieldstart|move: Psychic Terrain|[from] ability: Psychic Surge|[of] p2b: Indeedee\n|-enditem|p2a: Drifblim|Psychic Seed\n|-boost|p2a: Drifblim|spd|1|[from] item: Psychic Seed\n|turn|1\n|\n|t:|1727050555\n|-terastallize|p2a: Drifblim|Fairy\n|move|p1a: Murkrow|Rain Dance|p1a: Murkrow\n|-weather|RainDance\n|move|p2a: Drifblim|Tailwind|p2a: Drifblim\n|-sidestart|p2: bigplan47|move: Tailwind\n|move|p2b: Indeedee|Dazzling Gleam|p1b: Archaludon|[spread] p1a,p1b\n|-supereffective|p1a: Murkrow\n|-enditem|p1a: Murkrow|Focus Sash\n|-damage|p1a: Murkrow|1\/100\n|-damage|p1b: Archaludon|81\/100\n|-ability|p1b: Archaludon|Stamina|boost\n|-boost|p1b: Archaludon|def|1\n|move|p1b: Archaludon|Electro Shot||[still]\n|-prepare|p1b: Archaludon|Electro Shot\n|-boost|p1b: Archaludon|spa|1\n|-anim|p1b: Archaludon|Electro Shot|p2b: Indeedee\n|-damage|p2b: Indeedee|10\/100\n|\n|-weather|RainDance|[upkeep]\n|upkeep\n|turn|2\n|\n|t:|1727050578\n|move|p1a: Murkrow|Tailwind|p1a: Murkrow\n|-sidestart|p1: elvegis1|move: Tailwind\n|move|p2a: Drifblim|Sunny Day|p2a: Drifblim\n|-weather|SunnyDay\n|move|p2b: Indeedee|Dazzling Gleam|p1a: Murkrow|[spread] p1a,p1b\n|-supereffective|p1a: Murkrow\n|-damage|p1a: Murkrow|0 fnt\n|-damage|p1b: Archaludon|59\/100\n|-ability|p1b: Archaludon|Stamina|boost\n|-boost|p1b: Archaludon|def|1\n|faint|p1a: Murkrow\n|move|p1b: Archaludon|Electro Shot||[still]\n|-prepare|p1b: Archaludon|Electro Shot\n|-boost|p1b: Archaludon|spa|1\n|\n|-weather|SunnyDay|[upkeep]\n|upkeep\n|\n|t:|1727050587\n|switch|p1a: Sinistcha|Sinistcha, L50|100\/100\n|-heal|p1b: Archaludon|84\/100|[from] ability: Hospitality|[of] p1a: Sinistcha\n|turn|3\n|\n|t:|1727050604\n|switch|p2b: Garchomp|Garchomp, L50, M|100\/100\n|-terastallize|p1a: Sinistcha|Dark\n|move|p2a: Drifblim|Haze|p2a: Drifblim\n|-clearallboost\n|move|p1b: Archaludon|Electro Shot|p2a: Drifblim|[from]lockedmove\n|-damage|p2a: Drifblim|51\/100\n|move|p1a: Sinistcha|Matcha Gotcha|p2a: Drifblim|[spread] p2a\n|-miss|p1a: Sinistcha|p2b: Garchomp\n|-damage|p2a: Drifblim|22\/100\n|\n|-weather|SunnyDay|[upkeep]\n|upkeep\n|turn|4\n|inactive|elvegis1 has 30 seconds left.\n|inactive|elvegis1 has 20 seconds left.\n|inactive|elvegis1 has 15 seconds left.\n|inactive|bigplan47 has 30 seconds left.\n|\n|t:|1727050646\n|move|p2a: Drifblim|Acrobatics|p1a: Sinistcha\n|-damage|p1a: Sinistcha|68\/100\n|move|p2b: Garchomp|Earthquake|p1b: Archaludon|[spread] p2a,p1a,p1b\n|-supereffective|p1b: Archaludon\n|-damage|p2a: Drifblim|0 fnt\n|-damage|p1a: Sinistcha|30\/100\n|-damage|p1b: Archaludon|1\/100\n|-ability|p1b: Archaludon|Stamina|boost\n|-boost|p1b: Archaludon|def|1\n|-enditem|p1a: Sinistcha|Sitrus Berry|[eat]\n|-heal|p1a: Sinistcha|54\/100|[from] item: Sitrus Berry\n|faint|p2a: Drifblim\n|-damage|p2b: Garchomp|91\/100|[from] item: Life Orb\n|move|p1b: Archaludon|Draco Meteor|p2b: Garchomp|[miss]\n|-miss|p1b: Archaludon|p2b: Garchomp\n|move|p1a: Sinistcha|Matcha Gotcha|p2b: Garchomp\n|-damage|p2b: Garchomp|55\/100\n|-heal|p1a: Sinistcha|73\/100|[from] drain|[of] p2b: Garchomp\n|\n|-weather|SunnyDay|[upkeep]\n|-sideend|p2: bigplan47|move: Tailwind\n|upkeep\n|\n|t:|1727050661\n|switch|p2a: Glimmora|Glimmora, L50, M|100\/100\n|turn|5\n|inactive|elvegis1 has 30 seconds left.\n|\n|t:|1727050706\n|move|p2b: Garchomp|Protect|p2b: Garchomp\n|-singleturn|p2b: Garchomp|Protect\n|move|p2a: Glimmora|Spiky Shield|p2a: Glimmora\n|-singleturn|p2a: Glimmora|move: Protect\n|move|p1b: Archaludon|Draco Meteor|p2b: Garchomp\n|-activate|p2b: Garchomp|move: Protect\n|move|p1a: Sinistcha|Trick Room|p1a: Sinistcha\n|-fieldstart|move: Trick Room|[of] p1a: Sinistcha\n|\n|-weather|SunnyDay|[upkeep]\n|-sideend|p1: elvegis1|move: Tailwind\n|-fieldend|move: Psychic Terrain\n|upkeep\n|turn|6\n|\n|t:|1727050717\n|move|p1a: Sinistcha|Matcha Gotcha|p2a: Glimmora|[spread] p2a,p2b\n|-crit|p2a: Glimmora\n|-damage|p2a: Glimmora|50\/100\n|-heal|p1a: Sinistcha|96\/100|[from] drain|[of] p2a: Glimmora\n|-damage|p2b: Garchomp|25\/100\n|-heal|p1a: Sinistcha|100\/100|[from] drain|[of] p2b: Garchomp\n|move|p1b: Archaludon|Flash Cannon|p2a: Glimmora\n|-supereffective|p2a: Glimmora\n|-damage|p2a: Glimmora|0 fnt\n|faint|p2a: Glimmora\n|move|p2b: Garchomp|Stomping Tantrum|p1b: Archaludon\n|-supereffective|p1b: Archaludon\n|-damage|p1b: Archaludon|0 fnt\n|faint|p1b: Archaludon\n|-damage|p2b: Garchomp|15\/100|[from] item: Life Orb\n|\n|-weather|none\n|upkeep\n|\n|t:|1727050730\n|switch|p1b: Ceruledge|Ceruledge, L50, F|100\/100\n|switch|p2a: Indeedee|Indeedee, L50, M|10\/100\n|-fieldstart|move: Psychic Terrain|[from] ability: Psychic Surge|[of] p2a: Indeedee\n|turn|7\n|\n|t:|1727050739\n|move|p1a: Sinistcha|Matcha Gotcha|p2b: Garchomp|[spread] p2a,p2b\n|-damage|p2a: Indeedee|0 fnt\n|-damage|p2b: Garchomp|0 fnt\n|faint|p2a: Indeedee\n|faint|p2b: Garchomp\n|\n|win|elvegis1\n|raw|elvegis1's rating: 1727 &rarr; <strong>1746<\/strong><br \/>(+19 for winning)\n|raw|bigplan47's rating: 1706 &rarr; <strong>1687<\/strong><br \/>(-19 for losing)\n|l|\u2606bigplan47\n|player|p2|\n|l|\u2606elvegis1\n|player|p1|\n","uploadtime":1727050987,"views":36,"formatid":"gen9vgc2024regh","rating":1687,"private":0,"password":null}