{"id":"gen9vgc2024regh-2207732193","format":"[Gen 9] VGC 2024 Reg H","players":["winterbreak","chin8"],"log":"|j|\u2606winterbreak\n|j|\u2606chin8\n|t:|1727084822\n|gametype|doubles\n|player|p1|winterbreak|lucas-gen4pt|1719\n|player|p2|chin8|gentleman-gen4dp|1848\n|teamsize|p1|6\n|teamsize|p2|6\n|gen|9\n|tier|[Gen 9] VGC 2024 Reg H\n|rated|\n|rule|Species Clause: Limit one of each Pok\u00e9mon\n|rule|Item Clause: Limit 1 of each item\n|clearpoke\n|poke|p1|Serperior, L50, M|\n|poke|p1|Dragonite, L50, M|\n|poke|p1|Smeargle, L50, F|\n|poke|p1|Incineroar, L50, F|\n|poke|p1|Gholdengo, L50|\n|poke|p1|Ursaluna-Bloodmoon, L50, M|\n|poke|p2|Baxcalibur, L50, M|\n|poke|p2|Kilowattrel, L50, M|\n|poke|p2|Haxorus, L50, M|\n|poke|p2|Gardevoir, L50, M|\n|poke|p2|Magmortar, L50, F|\n|poke|p2|Gholdengo, L50|\n|teampreview|4\n|inactive|Battle timer is ON: inactive players will automatically lose when time's up. (requested by chin8)\n|inactive|winterbreak has 60 seconds left.\n|\n|t:|1727084864\n|start\n|switch|p1a: Ursaluna|Ursaluna-Bloodmoon, L50, M|100\/100\n|switch|p1b: Incineroar|Incineroar, L50, F|100\/100\n|switch|p2a: Baxcalibur|Baxcalibur, L50, M|100\/100\n|switch|p2b: Kilowattrel|Kilowattrel, L50, M|100\/100\n|-ability|p1b: Incineroar|Intimidate|boost\n|-unboost|p2a: Baxcalibur|atk|1\n|-unboost|p2b: Kilowattrel|atk|1\n|-ability|p2b: Kilowattrel|Competitive|boost\n|-boost|p2b: Kilowattrel|spa|2\n|turn|1\n|\n|t:|1727084885\n|switch|p2a: Magmortar|Magmortar, L50, F|100\/100\n|move|p2b: Kilowattrel|Protect|p2b: Kilowattrel\n|-singleturn|p2b: Kilowattrel|Protect\n|move|p1b: Incineroar|Fake Out|p2a: Magmortar\n|-damage|p2a: Magmortar|88\/100\n|move|p1a: Ursaluna|Hyper Voice|p2a: Magmortar|[spread] p2a\n|-activate|p2b: Kilowattrel|move: Protect\n|-damage|p2a: Magmortar|52\/100\n|\n|upkeep\n|turn|2\n|\n|t:|1727084903\n|move|p2a: Magmortar|Follow Me|p2a: Magmortar\n|-singleturn|p2a: Magmortar|move: Follow Me\n|move|p2b: Kilowattrel|Thunderbolt|p1b: Incineroar\n|-damage|p1b: Incineroar|44\/100\n|-enditem|p1b: Incineroar|Sitrus Berry|[eat]\n|-heal|p1b: Incineroar|68\/100|[from] item: Sitrus Berry\n|move|p1a: Ursaluna|Hyper Voice|p2a: Magmortar|[spread] p2a,p2b\n|-damage|p2a: Magmortar|20\/100\n|-damage|p2b: Kilowattrel|30\/100\n|-enditem|p2a: Magmortar|Sitrus Berry|[eat]\n|-heal|p2a: Magmortar|45\/100|[from] item: Sitrus Berry\n|move|p1b: Incineroar|Knock Off|p2a: Magmortar\n|-damage|p2a: Magmortar|17\/100\n|\n|upkeep\n|turn|3\n|\n|t:|1727084923\n|switch|p1b: Serperior|Serperior, L50, M|100\/100\n|move|p2b: Kilowattrel|Protect|p2b: Kilowattrel\n|-singleturn|p2b: Kilowattrel|Protect\n|move|p2a: Magmortar|Heat Wave|p1b: Serperior|[spread] p1a,p1b\n|-supereffective|p1b: Serperior\n|-damage|p1a: Ursaluna|77\/100\n|-damage|p1b: Serperior|41\/100\n|move|p1a: Ursaluna|Hyper Voice|p2b: Kilowattrel|[spread] p2a\n|-activate|p2b: Kilowattrel|move: Protect\n|-damage|p2a: Magmortar|0 fnt\n|faint|p2a: Magmortar\n|\n|upkeep\n|\n|t:|1727084933\n|switch|p2a: Gholdengo|Gholdengo, L50|100\/100\n|turn|4\n|\n|t:|1727084947\n|move|p2b: Kilowattrel|Tailwind|p2b: Kilowattrel\n|-sidestart|p2: chin8|move: Tailwind\n|move|p2a: Gholdengo|Nasty Plot|p2a: Gholdengo\n|-boost|p2a: Gholdengo|spa|2\n|move|p1b: Serperior|Light Screen|p1b: Serperior\n|-sidestart|p1: winterbreak|move: Light Screen\n|move|p1a: Ursaluna|Hyper Voice|p2b: Kilowattrel|[spread] p2a,p2b\n|-resisted|p2a: Gholdengo\n|-damage|p2a: Gholdengo|82\/100\n|-damage|p2b: Kilowattrel|0 fnt\n|faint|p2b: Kilowattrel\n|\n|-heal|p2a: Gholdengo|88\/100|[from] item: Leftovers\n|upkeep\n|\n|t:|1727084951\n|switch|p2b: Baxcalibur|Baxcalibur, L50, M|100\/100\n|turn|5\n|inactive|winterbreak has 30 seconds left.\n|inactive|winterbreak has 20 seconds left.\n|inactive|winterbreak has 15 seconds left.\n|inactive|winterbreak has 10 seconds left.\n|inactive|winterbreak has 5 seconds left.\n|\n|t:|1727085003\n|switch|p1a: Incineroar|Incineroar, L50, F|68\/100\n|-ability|p1a: Incineroar|Intimidate|boost\n|-unboost|p2a: Gholdengo|atk|1\n|-unboost|p2b: Baxcalibur|atk|1\n|move|p2a: Gholdengo|Make It Rain|p1a: Incineroar|[spread] p1a,p1b\n|-resisted|p1a: Incineroar\n|-damage|p1a: Incineroar|45\/100\n|-damage|p1b: Serperior|0 fnt\n|-unboost|p2a: Gholdengo|spa|1\n|faint|p1b: Serperior\n|move|p2b: Baxcalibur|Icicle Crash|p1a: Incineroar\n|-resisted|p1a: Incineroar\n|-damage|p1a: Incineroar|29\/100\n|\n|-heal|p2a: Gholdengo|94\/100|[from] item: Leftovers\n|upkeep\n|\n|t:|1727085021\n|switch|p1b: Ursaluna|Ursaluna-Bloodmoon, L50, M|77\/100\n|turn|6\n|\n|t:|1727085034\n|-terastallize|p2b: Baxcalibur|Ground\n|-terastallize|p1b: Ursaluna|Normal\n|move|p2a: Gholdengo|Protect|p2a: Gholdengo\n|-singleturn|p2a: Gholdengo|Protect\n|move|p1a: Incineroar|Fake Out|p2b: Baxcalibur\n|-damage|p2b: Baxcalibur|91\/100\n|cant|p2b: Baxcalibur|flinch\n|move|p1b: Ursaluna|Blood Moon|p2b: Baxcalibur\n|-damage|p2b: Baxcalibur|36\/100\n|\n|-heal|p2a: Gholdengo|100\/100|[from] item: Leftovers\n|upkeep\n|turn|7\n|-message|chin8 forfeited.\n|\n|win|winterbreak\n|raw|winterbreak's rating: 1719 &rarr; <strong>1746<\/strong><br \/>(+27 for winning)\n|raw|chin8's rating: 1848 &rarr; <strong>1821<\/strong><br \/>(-27 for losing)\n|l|\u2606chin8\n|player|p2|\n|l|\u2606winterbreak\n|player|p1|\n","uploadtime":1727085189,"views":59,"formatid":"gen9vgc2024regh","rating":1746,"private":0,"password":null}