{"id":"gen9vgc2024regh-2207195794","format":"[Gen 9] VGC 2024 Reg H","players":["TheLoanRanger","winterbreak"],"log":"|j|\u2606TheLoanRanger\n|j|\u2606winterbreak\n|t:|1727015385\n|gametype|doubles\n|player|p1|TheLoanRanger|gardenia|1651\n|player|p2|winterbreak|lucas-gen4pt|1701\n|teamsize|p1|6\n|teamsize|p2|6\n|gen|9\n|tier|[Gen 9] VGC 2024 Reg H\n|rated|\n|rule|Species Clause: Limit one of each Pok\u00e9mon\n|rule|Item Clause: Limit 1 of each item\n|clearpoke\n|poke|p1|Excadrill, L50, M|\n|poke|p1|Amoonguss, L50, F|\n|poke|p1|Tyranitar, L50, M|\n|poke|p1|Rotom-Heat, L50|\n|poke|p1|Primarina, L50, M|\n|poke|p1|Salamence, L50, F|\n|poke|p2|Serperior, L50, F|\n|poke|p2|Dragonite, L50, M|\n|poke|p2|Incineroar, L50, F|\n|poke|p2|Smeargle, L50, F|\n|poke|p2|Gholdengo, L50|\n|poke|p2|Ursaluna-Bloodmoon, L50, M|\n|teampreview|4\nTheLoanRanger has agreed to open team sheets.\n|j| marctoro08\nwinterbreak rejected open team sheets.\n|\n|t:|1727015458\n|start\n|switch|p1a: Tyranitar|Tyranitar, L50, M|100\/100\n|switch|p1b: Rotom|Rotom-Heat, L50|100\/100\n|switch|p2a: Serperior|Serperior, L50, F|100\/100\n|switch|p2b: Ursaluna|Ursaluna-Bloodmoon, L50, M|100\/100\n|-weather|Sandstorm|[from] ability: Sand Stream|[of] p1a: Tyranitar\n|turn|1\n|\n|t:|1727015486\n|move|p1b: Rotom|Overheat|p2a: Serperior\n|-supereffective|p2a: Serperior\n|-damage|p2a: Serperior|0 fnt\n|-unboost|p1b: Rotom|spa|2\n|faint|p2a: Serperior\n|move|p1a: Tyranitar|Knock Off|p2b: Ursaluna\n|-damage|p2b: Ursaluna|67\/100\n|-enditem|p2b: Ursaluna|Assault Vest|[from] move: Knock Off|[of] p1a: Tyranitar\n|move|p2b: Ursaluna|Blood Moon|p1b: Rotom\n|-damage|p1b: Rotom|1\/100\n|\n|-weather|Sandstorm|[upkeep]\n|-damage|p1b: Rotom|0 fnt|[from] Sandstorm\n|faint|p1b: Rotom\n|upkeep\n|\n|t:|1727015507\n|switch|p2a: Gholdengo|Gholdengo, L50|100\/100\n|switch|p1b: Excadrill|Excadrill, L50, M|100\/100\n|turn|2\n|\n|t:|1727015519\n|switch|p2b: Incineroar|Incineroar, L50, F|100\/100\n|-ability|p2b: Incineroar|Intimidate|boost\n|-unboost|p1a: Tyranitar|atk|1\n|-fail|p1b: Excadrill|unboost|[from] item: Clear Amulet|[of] p1b: Excadrill\n|-terastallize|p2a: Gholdengo|Water\n|move|p1b: Excadrill|High Horsepower|p2a: Gholdengo\n|-damage|p2a: Gholdengo|54\/100\n|move|p2a: Gholdengo|Nasty Plot|p2a: Gholdengo\n|-boost|p2a: Gholdengo|spa|2\n|move|p1a: Tyranitar|Low Kick|p2b: Incineroar\n|-supereffective|p2b: Incineroar\n|-damage|p2b: Incineroar|65\/100\n|\n|-weather|Sandstorm|[upkeep]\n|-damage|p2a: Gholdengo|48\/100|[from] Sandstorm\n|-damage|p2b: Incineroar|59\/100|[from] Sandstorm\n|-heal|p2a: Gholdengo|54\/100|[from] item: Leftovers\n|upkeep\n|turn|3\n|\n|t:|1727015563\n|move|p1b: Excadrill|Protect|p1b: Excadrill\n|-singleturn|p1b: Excadrill|Protect\n|move|p2b: Incineroar|Fake Out|p1b: Excadrill\n|-activate|p1b: Excadrill|move: Protect\n|move|p2a: Gholdengo|Make It Rain|p1b: Excadrill|[spread] p1a\n|-activate|p1b: Excadrill|move: Protect\n|-supereffective|p1a: Tyranitar\n|-damage|p1a: Tyranitar|40\/100\n|-unboost|p2a: Gholdengo|spa|1\n|move|p1a: Tyranitar|Knock Off|p2a: Gholdengo\n|-damage|p2a: Gholdengo|28\/100\n|-enditem|p2a: Gholdengo|Leftovers|[from] move: Knock Off|[of] p1a: Tyranitar\n|\n|-weather|Sandstorm|[upkeep]\n|-damage|p2a: Gholdengo|22\/100|[from] Sandstorm\n|-damage|p2b: Incineroar|53\/100|[from] Sandstorm\n|upkeep\n|turn|4\n|\n|t:|1727015591\n|move|p1b: Excadrill|Earthquake|p2b: Incineroar|[spread] p1a,p2a,p2b\n|-supereffective|p1a: Tyranitar\n|-supereffective|p2b: Incineroar\n|-damage|p1a: Tyranitar|0 fnt\n|-damage|p2a: Gholdengo|0 fnt\n|-damage|p2b: Incineroar|0 fnt\n|faint|p1a: Tyranitar\n|faint|p2a: Gholdengo\n|faint|p2b: Incineroar\n|\n|-weather|Sandstorm|[upkeep]\n|upkeep\n|\n|t:|1727015595\n|switch|p1a: Primarina|Primarina, L50, M|100\/100\n|switch|p2b: Ursaluna|Ursaluna-Bloodmoon, L50, M|67\/100\n|turn|5\n|-message|winterbreak forfeited.\n|\n|win|TheLoanRanger\n|raw|TheLoanRanger's rating: 1651 &rarr; <strong>1674<\/strong><br \/>(+23 for winning)\n|raw|winterbreak's rating: 1701 &rarr; <strong>1678<\/strong><br \/>(-23 for losing)\n|l|\u2606winterbreak\n|player|p2|\n|l|\u2606TheLoanRanger\n|player|p1|\n|l| marctoro08\n","uploadtime":1727015862,"views":37,"formatid":"gen9vgc2024regh","rating":1674,"private":0,"password":null}