{"id":"gen9vgc2024regh-2207809389","format":"[Gen 9] VGC 2024 Reg H","players":["mattun","yuzuda"],"log":"|j|\u2606mattun\n|j|\u2606yuzuda\n|t:|1727095460\n|gametype|doubles\n|player|p1|mattun|169|1681\n|player|p2|yuzuda|1|1689\n|teamsize|p1|6\n|teamsize|p2|6\n|gen|9\n|tier|[Gen 9] VGC 2024 Reg H\n|rated|\n|rule|Species Clause: Limit one of each Pok\u00e9mon\n|rule|Item Clause: Limit 1 of each item\n|clearpoke\n|poke|p1|Blastoise, L50, F|\n|poke|p1|Serperior, L50, M|\n|poke|p1|Sylveon, L50, M|\n|poke|p1|Indeedee, L50, M|\n|poke|p1|Gallade, L50, M|\n|poke|p1|Drifblim, L50, M|\n|poke|p2|Archaludon, L50, F|\n|poke|p2|Pelipper, L50, F|\n|poke|p2|Gholdengo, L50|\n|poke|p2|Annihilape, L50, F|\n|poke|p2|Maushold-Four, L50|\n|poke|p2|Hydreigon, L50, F|\n|teampreview|4\n|inactive|Battle timer is ON: inactive players will automatically lose when time's up. (requested by yuzuda)\n|j| futonkagebunshin\n|j| Mushtoast\n|inactive|mattun has 60 seconds left.\n|inactive|yuzuda has 60 seconds left.\n|l| Mushtoast\n|\n|t:|1727095498\n|start\n|switch|p1a: Indeedee|Indeedee, L50, M|100\/100\n|switch|p1b: Drifblim|Drifblim, L50, M|100\/100\n|switch|p2a: Hydreigon|Hydreigon, L50, F|100\/100\n|switch|p2b: Maushold|Maushold-Four, L50|100\/100\n|-fieldstart|move: Psychic Terrain|[from] ability: Psychic Surge|[of] p1a: Indeedee\n|-enditem|p1b: Drifblim|Psychic Seed\n|-boost|p1b: Drifblim|spd|1|[from] item: Psychic Seed\n|turn|1\n|\n|t:|1727095520\n|-terastallize|p1a: Indeedee|Fighting\n|move|p2b: Maushold|Protect|p2b: Maushold\n|-singleturn|p2b: Maushold|Protect\n|move|p1b: Drifblim|Tailwind|p1b: Drifblim\n|-sidestart|p1: mattun|move: Tailwind\n|move|p1a: Indeedee|Tera Blast|p2a: Hydreigon|[anim] Tera Blast Fighting\n|-supereffective|p2a: Hydreigon\n|-damage|p2a: Hydreigon|39\/100\n|move|p2a: Hydreigon|Snarl|p1a: Indeedee|[spread] p1a,p1b\n|-resisted|p1a: Indeedee\n|-supereffective|p1b: Drifblim\n|-crit|p1b: Drifblim\n|-damage|p1a: Indeedee|80\/100\n|-damage|p1b: Drifblim|6\/100\n|-unboost|p1a: Indeedee|spa|1\n|-unboost|p1b: Drifblim|spa|1\n|-damage|p2a: Hydreigon|29\/100|[from] item: Life Orb\n|\n|upkeep\n|turn|2\n|\n|t:|1727095543\n|move|p2a: Hydreigon|Protect|p2a: Hydreigon\n|-singleturn|p2a: Hydreigon|Protect\n|move|p1b: Drifblim|Acrobatics|p2b: Maushold\n|-damage|p2b: Maushold|37\/100\n|move|p1a: Indeedee|Tera Blast|p2b: Maushold|[anim] Tera Blast Fighting\n|-supereffective|p2b: Maushold\n|-damage|p2b: Maushold|0 fnt\n|faint|p2b: Maushold\n|\n|upkeep\n|\n|t:|1727095555\n|switch|p2b: Gholdengo|Gholdengo, L50|100\/100\n|turn|3\n|\n|t:|1727095565\n|move|p1b: Drifblim|Acrobatics|p2a: Hydreigon\n|-damage|p2a: Hydreigon|0 fnt\n|faint|p2a: Hydreigon\n|move|p1a: Indeedee|Expanding Force|p2b: Gholdengo\n|-resisted|p2b: Gholdengo\n|-damage|p2b: Gholdengo|75\/100\n|move|p2b: Gholdengo|Make It Rain|p1a: Indeedee|[spread] p1a,p1b\n|-damage|p1a: Indeedee|0 fnt\n|-damage|p1b: Drifblim|0 fnt\n|-unboost|p2b: Gholdengo|spa|1\n|faint|p1a: Indeedee\n|faint|p1b: Drifblim\n|\n|upkeep\n|\n|t:|1727095580\n|switch|p1a: Gallade|Gallade, L50, M|100\/100\n|switch|p2a: Archaludon|Archaludon, L50, F, shiny|100\/100\n|switch|p1b: Sylveon|Sylveon, L50, M|100\/100\n|turn|4\n|\n|t:|1727095593\n|move|p1a: Gallade|Knock Off|p2b: Gholdengo\n|-supereffective|p2b: Gholdengo\n|-damage|p2b: Gholdengo|0 fnt\n|-enditem|p2b: Gholdengo|Choice Specs|[from] move: Knock Off|[of] p1a: Gallade\n|faint|p2b: Gholdengo\n|move|p1b: Sylveon|Hyper Voice|p2a: Archaludon\n|-damage|p2a: Archaludon|58\/100\n|-ability|p2a: Archaludon|Stamina|boost\n|-boost|p2a: Archaludon|def|1\n|-enditem|p1b: Sylveon|Throat Spray\n|-boost|p1b: Sylveon|spa|1|[from] item: Throat Spray\n|move|p2a: Archaludon|Flash Cannon|p1b: Sylveon\n|-supereffective|p1b: Sylveon\n|-damage|p1b: Sylveon|42\/100\n|\n|-sideend|p1: mattun|move: Tailwind\n|upkeep\n|turn|5\n|\n|t:|1727095611\n|-terastallize|p2a: Archaludon|Flying\n|move|p1b: Sylveon|Protect|p1b: Sylveon\n|-singleturn|p1b: Sylveon|Protect\n|move|p1a: Gallade|Knock Off|p2a: Archaludon\n|-damage|p2a: Archaludon|42\/100\n|-ability|p2a: Archaludon|Stamina|boost\n|-boost|p2a: Archaludon|def|1\n|-enditem|p2a: Archaludon|Assault Vest|[from] move: Knock Off|[of] p1a: Gallade\n|move|p2a: Archaludon|Flash Cannon|p1b: Sylveon\n|-activate|p1b: Sylveon|move: Protect\n|\n|-fieldend|move: Psychic Terrain\n|upkeep\n|turn|6\n|inactive|mattun has 30 seconds left.\n|inactive|mattun has 20 seconds left.\n|inactive|mattun has 15 seconds left.\n|\n|t:|1727095654\n|move|p1a: Gallade|Knock Off|p2a: Archaludon\n|-damage|p2a: Archaludon|33\/100\n|-ability|p2a: Archaludon|Stamina|boost\n|-boost|p2a: Archaludon|def|1\n|move|p1b: Sylveon|Hyper Voice|p2a: Archaludon\n|-damage|p2a: Archaludon|0 fnt\n|faint|p2a: Archaludon\n|\n|win|mattun\n|raw|mattun's rating: 1681 &rarr; <strong>1701<\/strong><br \/>(+20 for winning)\n|raw|yuzuda's rating: 1689 &rarr; <strong>1669<\/strong><br \/>(-20 for losing)\n|l|\u2606mattun\n|player|p1|\n|l|\u2606yuzuda\n|player|p2|\n","uploadtime":1727095825,"views":33,"formatid":"gen9vgc2024regh","rating":1669,"private":0,"password":null}