{"id":"gen9vgc2024regh-2207787123","format":"[Gen 9] VGC 2024 Reg H","players":["The holy hexall","aaasun"],"log":"|j|\u2606The holy hexall\n|j|\u2606aaasun\n|t:|1727092768\n|gametype|doubles\n|player|p1|The holy hexall|265|1703\n|player|p2|aaasun|policeman|1668\n|teamsize|p1|6\n|teamsize|p2|6\n|gen|9\n|tier|[Gen 9] VGC 2024 Reg H\n|rated|\n|rule|Species Clause: Limit one of each Pok\u00e9mon\n|rule|Item Clause: Limit 1 of each item\n|clearpoke\n|poke|p1|Slaking, L50, M|\n|poke|p1|Weezing, L50, M|\n|poke|p1|Dondozo, L50, M|\n|poke|p1|Tatsugiri, L50, M|\n|poke|p1|Typhlosion-Hisui, L50, M|\n|poke|p1|Meowscarada, L50, M|\n|poke|p2|Dragapult, L50, F|\n|poke|p2|Sneasler, L50, F|\n|poke|p2|Incineroar, L50, F|\n|poke|p2|Porygon2, L50|\n|poke|p2|Amoonguss, L50, F|\n|poke|p2|Ursaluna-Bloodmoon, L50, M|\n|teampreview|4\n|inactive|Battle timer is ON: inactive players will automatically lose when time's up. (requested by The holy hexall)\n|inactive|aaasun has 60 seconds left.\n|j| mr pogostick\n|inactive|aaasun has 30 seconds left.\n|inactive|aaasun has 20 seconds left.\n|inactive|aaasun has 15 seconds left.\n|\n|t:|1727092862\n|start\n|switch|p1a: Typhlosion|Typhlosion-Hisui, L50, M, shiny|100\/100\n|switch|p1b: Meowscarada|Meowscarada, L50, M, shiny|100\/100\n|switch|p2a: Dragapult|Dragapult, L50, F, shiny|100\/100\n|switch|p2b: Sneasler|Sneasler, L50, F|100\/100\n|-item|p2a: Dragapult|Choice Band|[from] ability: Frisk|[of] p1a: Typhlosion\n|-item|p2b: Sneasler|Focus Sash|[from] ability: Frisk|[of] p1a: Typhlosion\n|turn|1\n|l|\u2606The holy hexall\n|inactive|The holy hexall disconnected and has a minute to reconnect!\n|player|p1|\n|j|\u2606The holy hexall\n|inactive|The holy hexall reconnected and has 35 seconds left.\n|player|p1|The holy hexall|265|\n|inactive|The holy hexall has 30 seconds left.\n|inactive|The holy hexall has 20 seconds left.\n|inactive|The holy hexall has 15 seconds left.\n|\n|t:|1727092904\n|switch|p1b: Tatsugiri|Tatsugiri, L50, M, shiny|100\/100\n|-terastallize|p2a: Dragapult|Dragon\n|move|p2b: Sneasler|Fake Out|p1a: Typhlosion\n|-immune|p1a: Typhlosion\n|move|p1a: Typhlosion|Shadow Ball|p2a: Dragapult\n|-damage|p2a: Dragapult|39\/100\n|move|p2a: Dragapult|Dragon Darts|p1a: Typhlosion\n|-damage|p1a: Typhlosion|15\/100\n|-anim|p2a: Dragapult|Dragon Darts|p1b: Tatsugiri\n|-supereffective|p1b: Tatsugiri\n|-enditem|p1b: Tatsugiri|Focus Sash\n|-damage|p1b: Tatsugiri|1\/100\n|\n|upkeep\n|turn|2\n|\n|t:|1727092927\n|switch|p1a: Dondozo|Dondozo, L50, M|100\/100\n|-activate|p1b: Tatsugiri|ability: Commander|[of] p1a: Dondozo\n|-boost|p1a: Dondozo|atk|2\n|-boost|p1a: Dondozo|spa|2\n|-boost|p1a: Dondozo|spe|2\n|-boost|p1a: Dondozo|def|2\n|-boost|p1a: Dondozo|spd|2\n|move|p2a: Dragapult|Dragon Darts|p1a: Dondozo\n|-damage|p1a: Dondozo|85\/100\n|-anim|p2a: Dragapult|Dragon Darts|p1a: Dondozo\n|-damage|p1a: Dondozo|71\/100\n|move|p2b: Sneasler|Dire Claw|p1a: Dondozo\n|-damage|p1a: Dondozo|59\/100\n|-status|p1a: Dondozo|par\n|\n|-heal|p1a: Dondozo|66\/100 par|[from] item: Leftovers\n|upkeep\n|turn|3\n|j| don hotdog\n|j| shanehuang99\n|\n|t:|1727092944\n|move|p1a: Dondozo|Protect|p1a: Dondozo\n|-singleturn|p1a: Dondozo|Protect\n|move|p2a: Dragapult|Dragon Darts|p1a: Dondozo\n|-activate|p1a: Dondozo|move: Protect\n|move|p2b: Sneasler|Close Combat|p1a: Dondozo\n|-activate|p1a: Dondozo|move: Protect\n|\n|-heal|p1a: Dondozo|72\/100 par|[from] item: Leftovers\n|upkeep\n|turn|4\n|\n|t:|1727092948\n|switch|p2a: Incineroar|Incineroar, L50, F|100\/100\n|-ability|p2a: Incineroar|Intimidate|boost\n|-unboost|p1a: Dondozo|atk|1\n|-unboost|p1b: Tatsugiri|atk|1\n|move|p2b: Sneasler|Close Combat|p1a: Dondozo\n|-crit|p1a: Dondozo\n|-damage|p1a: Dondozo|18\/100 par\n|-unboost|p2b: Sneasler|def|1\n|-unboost|p2b: Sneasler|spd|1\n|move|p1a: Dondozo|Order Up|p2a: Incineroar\n|-damage|p2a: Incineroar|75\/100\n|-boost|p1a: Dondozo|atk|1\n|\n|-heal|p1a: Dondozo|24\/100 par|[from] item: Leftovers\n|upkeep\n|turn|5\n|\n|t:|1727092966\n|switch|p2a: Dragapult|Dragapult, L50, F, shiny, tera:Dragon|39\/100\n|move|p1a: Dondozo|Protect|p1a: Dondozo\n|-singleturn|p1a: Dondozo|Protect\n|move|p2b: Sneasler|Close Combat|p1a: Dondozo\n|-activate|p1a: Dondozo|move: Protect\n|\n|-heal|p1a: Dondozo|31\/100 par|[from] item: Leftovers\n|upkeep\n|turn|6\n|c|\u2606The holy hexall|Nice crite\n|c|\u2606aaasun|thanks\n|\n|t:|1727092975\n|move|p2a: Dragapult|Outrage|p1b: Tatsugiri|[miss]\n|-miss|p2a: Dragapult|p1b: Tatsugiri\n|move|p2b: Sneasler|Close Combat|p1a: Dondozo\n|-damage|p1a: Dondozo|14\/100 par\n|-unboost|p2b: Sneasler|def|1\n|-unboost|p2b: Sneasler|spd|1\n|move|p1a: Dondozo|Body Press|p2a: Dragapult\n|-damage|p2a: Dragapult|0 fnt\n|faint|p2a: Dragapult\n|\n|-heal|p1a: Dondozo|20\/100 par|[from] item: Leftovers\n|upkeep\n|c|\u2606aaasun|whoops\n|\n|t:|1727092988\n|switch|p2a: Incineroar|Incineroar, L50, F|75\/100\n|-ability|p2a: Incineroar|Intimidate|boost\n|-unboost|p1a: Dondozo|atk|1\n|-unboost|p1b: Tatsugiri|atk|1\n|turn|7\n|\n|t:|1727092997\n|switch|p2a: Amoonguss|Amoonguss, L50, F, shiny|100\/100\n|move|p1a: Dondozo|Protect|p1a: Dondozo\n|-singleturn|p1a: Dondozo|Protect\n|move|p2b: Sneasler|Close Combat|p1a: Dondozo\n|-activate|p1a: Dondozo|move: Protect\n|\n|-heal|p1a: Dondozo|27\/100 par|[from] item: Leftovers\n|upkeep\n|turn|8\n|\n|t:|1727093014\n|move|p2b: Sneasler|Close Combat|p1a: Dondozo\n|-damage|p1a: Dondozo|8\/100 par\n|-unboost|p2b: Sneasler|def|1\n|-unboost|p2b: Sneasler|spd|1\n|move|p1a: Dondozo|Wave Crash|p2b: Sneasler\n|-enditem|p2b: Sneasler|Focus Sash\n|-damage|p2b: Sneasler|1\/100\n|-damage|p1a: Dondozo|0 fnt|[from] Recoil\n|faint|p1a: Dondozo\n|move|p2a: Amoonguss|Pollen Puff|p2b: Sneasler\n|-heal|p2b: Sneasler|51\/100\n|\n|upkeep\n|\n|t:|1727093024\n|switch|p1a: Typhlosion|Typhlosion-Hisui, L50, M, shiny|15\/100\n|-item|p2a: Amoonguss|Sitrus Berry|[from] ability: Frisk|[of] p1a: Typhlosion\n|turn|9\n|\n|t:|1727093035\n|switch|p2b: Incineroar|Incineroar, L50, F|75\/100\n|-ability|p2b: Incineroar|Intimidate|boost\n|-unboost|p1a: Typhlosion|atk|1\n|-unboost|p1b: Tatsugiri|atk|1\n|move|p2a: Amoonguss|Protect|p2a: Amoonguss\n|-singleturn|p2a: Amoonguss|Protect\n|move|p1a: Typhlosion|Heat Wave|p2a: Amoonguss|[spread] p2b\n|-activate|p2a: Amoonguss|move: Protect\n|-resisted|p2b: Incineroar\n|-crit|p2b: Incineroar\n|-damage|p2b: Incineroar|48\/100\n|move|p1b: Tatsugiri|Draco Meteor|p2a: Amoonguss\n|-activate|p2a: Amoonguss|move: Protect\n|\n|upkeep\n|turn|10\n|j| MikeFlem12326171\n|\n|t:|1727093063\n|move|p1a: Typhlosion|Heat Wave|p2b: Incineroar|[spread] p2a,p2b\n|-supereffective|p2a: Amoonguss\n|-resisted|p2b: Incineroar\n|-damage|p2a: Amoonguss|27\/100\n|-damage|p2b: Incineroar|29\/100\n|-enditem|p2a: Amoonguss|Sitrus Berry|[eat]\n|-heal|p2a: Amoonguss|52\/100|[from] item: Sitrus Berry\n|move|p1b: Tatsugiri|Muddy Water|p2a: Amoonguss|[spread] p2a,p2b\n|-resisted|p2a: Amoonguss\n|-supereffective|p2b: Incineroar\n|-damage|p2a: Amoonguss|35\/100\n|-damage|p2b: Incineroar|0 fnt\n|faint|p2b: Incineroar\n|move|p2a: Amoonguss|Spore|p1a: Typhlosion\n|-status|p1a: Typhlosion|slp|[from] move: Spore\n|\n|upkeep\n|\n|t:|1727093071\n|switch|p2b: Sneasler|Sneasler, L50, F|51\/100\n|turn|11\n|\n|t:|1727093080\n|cant|p1a: Typhlosion|slp\n|move|p2b: Sneasler|Dire Claw|p1b: Tatsugiri\n|-damage|p1b: Tatsugiri|0 fnt\n|faint|p1b: Tatsugiri\n|move|p2a: Amoonguss|Pollen Puff|p2b: Sneasler\n|-heal|p2b: Sneasler|100\/100\n|\n|upkeep\n|\n|t:|1727093082\n|switch|p1b: Meowscarada|Meowscarada, L50, M, shiny|100\/100\n|turn|12\n|inactive|The holy hexall has 30 seconds left.\n|\n|t:|1727093117\n|-terastallize|p1b: Meowscarada|Ghost\n|cant|p1a: Typhlosion|slp\n|move|p2b: Sneasler|Dire Claw|p1a: Typhlosion\n|-resisted|p1a: Typhlosion\n|-damage|p1a: Typhlosion|0 fnt\n|faint|p1a: Typhlosion\n|move|p1b: Meowscarada|Dark Pulse|p2a: Amoonguss\n|-damage|p2a: Amoonguss|0 fnt\n|faint|p2a: Amoonguss\n|\n|upkeep\n|turn|13\n|\n|t:|1727093129\n|move|p2b: Sneasler|Dire Claw|p1b: Meowscarada\n|-resisted|p1b: Meowscarada\n|-damage|p1b: Meowscarada|69\/100\n|-status|p1b: Meowscarada|slp\n|cant|p1b: Meowscarada|slp\n|\n|upkeep\n|turn|14\n|\n|t:|1727093138\n|move|p2b: Sneasler|Dire Claw|p1b: Meowscarada\n|-resisted|p1b: Meowscarada\n|-damage|p1b: Meowscarada|35\/100 slp\n|cant|p1b: Meowscarada|slp\n|\n|upkeep\n|turn|15\n|c|\u2606The holy hexall|Omfg\n|c|\u2606aaasun|??\n|c| MikeFlem12326171|haxed to death\n|c|\u2606The holy hexall|Lucky as hell\n|inactive|The holy hexall has 30 seconds left.\n|c|\u2606aaasun|wym 6 users\n|c|\u2606aaasun|when did that happen\n|inactive|The holy hexall has 20 seconds left.\n|c|\u2606The holy hexall|???\n|inactive|The holy hexall has 15 seconds left.\n|\n|t:|1727093180\n|move|p2b: Sneasler|Dire Claw|p1b: Meowscarada\n|-resisted|p1b: Meowscarada\n|-damage|p1b: Meowscarada|4\/100 slp\n|-curestatus|p1b: Meowscarada|slp|[msg]\n|move|p1b: Meowscarada|Dark Pulse|p2b: Sneasler\n|-resisted|p2b: Sneasler\n|-damage|p2b: Sneasler|64\/100\n|\n|upkeep\n|turn|16\n|c|\u2606aaasun|dark pulse meow lol\n|c|\u2606aaasun|never seen that\n|c|\u2606The holy hexall|Veut sleep and para\n|inactive|aaasun has 30 seconds left.\n|\n|t:|1727093205\n|move|p2b: Sneasler|Dire Claw|p1b: Meowscarada\n|-resisted|p1b: Meowscarada\n|-damage|p1b: Meowscarada|0 fnt\n|faint|p1b: Meowscarada\n|\n|win|aaasun\n|raw|The holy hexall's rating: 1703 &rarr; <strong>1681<\/strong><br \/>(-22 for losing)\n|raw|aaasun's rating: 1668 &rarr; <strong>1690<\/strong><br \/>(+22 for winning)\n|c|\u2606The holy hexall|crit*\n|l|\u2606aaasun\n|player|p2|\n|l| mr pogostick\n|l| don hotdog\n|l|\u2606The holy hexall\n|player|p1|\n","uploadtime":1727093479,"views":21,"formatid":"gen9vgc2024regh","rating":1681,"private":0,"password":null}