{"id":"gen9vgc2024regh-2207832418","format":"[Gen 9] VGC 2024 Reg H","players":["SeaWolfMikess","Djjwjwwjj"],"log":"|badge|p1|bronze|gen9doublesou|100-2\n|uhtml|medal-msg|<div class=\"broadcast-blue\">Curious what those medals under the avatar are? PS now has Ladder Seasons! For more information, check out the <a href=\"https:\/\/www.smogon.com\/forums\/threads\/3740067\/\">thread on Smogon.<\/a><\/div>\n|j|\u2606SeaWolfMikess\n|j|\u2606Djjwjwwjj\n|t:|1727097915\n|gametype|doubles\n|player|p1|SeaWolfMikess|hugh|1758\n|player|p2|Djjwjwwjj|102|1708\n|teamsize|p1|6\n|teamsize|p2|6\n|gen|9\n|tier|[Gen 9] VGC 2024 Reg H\n|rated|\n|rule|Species Clause: Limit one of each Pok\u00e9mon\n|rule|Item Clause: Limit 1 of each item\n|clearpoke\n|poke|p1|Torkoal, L50, F|\n|poke|p1|Slowpoke, L50, F|\n|poke|p1|Kingambit, L50, M|\n|poke|p1|Sneasler, L50, F|\n|poke|p1|Dragapult, L50, F|\n|poke|p1|Volcarona, L50, F|\n|poke|p2|Palafin, L50, M|\n|poke|p2|Incineroar, L50, F|\n|poke|p2|Rillaboom, L50, F|\n|poke|p2|Gholdengo, L50|\n|poke|p2|Pelipper, L50, F|\n|poke|p2|Amoonguss, L50, M|\n|teampreview|4\n|inactive|Battle timer is ON: inactive players will automatically lose when time's up. (requested by Djjwjwwjj)\n|inactive|Djjwjwwjj has 60 seconds left.\n|\n|t:|1727097956\n|start\n|switch|p1a: Dragapult|Dragapult, L50, F|100\/100\n|switch|p1b: Kingambit|Kingambit, L50, M|100\/100\n|switch|p2a: Incineroar|Incineroar, L50, F|100\/100\n|switch|p2b: Palafin|Palafin, L50, M, shiny|100\/100\n|-ability|p2a: Incineroar|Intimidate|boost\n|-fail|p1a: Dragapult|unboost|[from] ability: Clear Body|[of] p1a: Dragapult\n|-unboost|p1b: Kingambit|atk|1\n|-ability|p1b: Kingambit|Defiant|boost\n|-boost|p1b: Kingambit|atk|2\n|turn|1\n|\n|t:|1727097976\n|detailschange|p2b: Palafin|Palafin-Hero, L50, M, shiny\n|switch|p2b: Amoonguss|Amoonguss, L50, M|100\/100\n|-terastallize|p1b: Kingambit|Fire\n|move|p1a: Dragapult|Dragon Darts|p2b: Amoonguss\n|-damage|p2b: Amoonguss|69\/100\n|-anim|p1a: Dragapult|Dragon Darts|p2a: Incineroar\n|-damage|p2a: Incineroar|61\/100\n|move|p2a: Incineroar|Close Combat|p1b: Kingambit\n|-damage|p1b: Kingambit|74\/100\n|-unboost|p2a: Incineroar|def|1\n|-unboost|p2a: Incineroar|spd|1\n|move|p1b: Kingambit|Kowtow Cleave|p2a: Incineroar\n|-resisted|p2a: Incineroar\n|-damage|p2a: Incineroar|9\/100\n|-enditem|p2a: Incineroar|Sitrus Berry|[eat]\n|-heal|p2a: Incineroar|34\/100|[from] item: Sitrus Berry\n|\n|upkeep\n|turn|2\n|inactive|Djjwjwwjj has 30 seconds left.\n|inactive|Djjwjwwjj has 20 seconds left.\n|\n|t:|1727098015\n|-terastallize|p2b: Amoonguss|Fairy\n|move|p1a: Dragapult|Dragon Darts|p2a: Incineroar\n|-damage|p2a: Incineroar|0 fnt\n|faint|p2a: Incineroar\n|move|p1b: Kingambit|Tera Blast|p2b: Amoonguss|[anim] Tera Blast Fire\n|-damage|p2b: Amoonguss|15\/100\n|move|p2b: Amoonguss|Spore|p1b: Kingambit\n|-status|p1b: Kingambit|slp|[from] move: Spore\n|\n|upkeep\n|\n|t:|1727098027\n|switch|p2a: Palafin|Palafin-Hero, L50, M, shiny|100\/100\n|-activate|p2a: Palafin|ability: Zero to Hero\n|turn|3\n|inactive|SeaWolfMikess has 30 seconds left.\n|\n|t:|1727098056\n|switch|p2b: Pelipper|Pelipper, L50, F|100\/100\n|-weather|RainDance|[from] ability: Drizzle|[of] p2b: Pelipper\n|move|p1a: Dragapult|Dragon Darts|p2a: Palafin\n|-damage|p2a: Palafin|67\/100\n|-anim|p1a: Dragapult|Dragon Darts|p2b: Pelipper\n|-damage|p2b: Pelipper|50\/100\n|move|p2a: Palafin|Flip Turn|p1b: Kingambit\n|-supereffective|p1b: Kingambit\n|-crit|p1b: Kingambit\n|-damage|p1b: Kingambit|0 fnt\n|faint|p1b: Kingambit\n|\n|t:|1727098069\n|switch|p2a: Amoonguss|Amoonguss, L50, M, tera:Fairy|48\/100|[from] Flip Turn\n|\n|-weather|RainDance|[upkeep]\n|upkeep\n|\n|t:|1727098083\n|switch|p1b: Sneasler|Sneasler, L50, F|100\/100\n|turn|4\n|j| futonkagebunshin\n|\n|t:|1727098106\n|move|p2a: Amoonguss|Rage Powder|p2a: Amoonguss\n|-singleturn|p2a: Amoonguss|move: Rage Powder\n|move|p1a: Dragapult|Dragon Darts|p2a: Amoonguss\n|-immune|p2a: Amoonguss\n|move|p2b: Pelipper|Hurricane|p1b: Sneasler\n|-supereffective|p1b: Sneasler\n|-enditem|p1b: Sneasler|Focus Sash\n|-damage|p1b: Sneasler|1\/100\n|move|p1b: Sneasler|Dire Claw|p2a: Amoonguss\n|-supereffective|p2a: Amoonguss\n|-damage|p2a: Amoonguss|0 fnt\n|faint|p2a: Amoonguss\n|\n|-weather|RainDance|[upkeep]\n|upkeep\n|\n|t:|1727098121\n|switch|p2a: Palafin|Palafin-Hero, L50, M, shiny|67\/100\n|turn|5\n|\n|t:|1727098127\n|move|p2a: Palafin|Jet Punch|p1a: Dragapult\n|-resisted|p1a: Dragapult\n|-damage|p1a: Dragapult|51\/100\n|move|p1b: Sneasler|Close Combat|p2a: Palafin\n|-damage|p2a: Palafin|7\/100\n|-unboost|p1b: Sneasler|def|1\n|-unboost|p1b: Sneasler|spd|1\n|move|p1a: Dragapult|Dragon Darts|p2b: Pelipper\n|-damage|p2b: Pelipper|4\/100\n|-anim|p1a: Dragapult|Dragon Darts|p2a: Palafin\n|-damage|p2a: Palafin|0 fnt\n|faint|p2a: Palafin\n|move|p2b: Pelipper|Hurricane|p1a: Dragapult\n|-damage|p1a: Dragapult|0 fnt\n|faint|p1a: Dragapult\n|\n|-weather|RainDance|[upkeep]\n|upkeep\n|\n|t:|1727098132\n|switch|p1a: Volcarona|Volcarona, L50, F|100\/100\n|turn|6\n|-message|Djjwjwwjj forfeited.\n|\n|win|SeaWolfMikess\n|raw|SeaWolfMikess's rating: 1758 &rarr; <strong>1775<\/strong><br \/>(+17 for winning)\n|raw|Djjwjwwjj's rating: 1708 &rarr; <strong>1691<\/strong><br \/>(-17 for losing)\n|l|\u2606Djjwjwwjj\n|player|p2|\n|l|\u2606SeaWolfMikess\n|player|p1|\n","uploadtime":1727098309,"views":24,"formatid":"gen9vgc2024regh","rating":1691,"private":0,"password":null}