{"id":"gen9vgc2024regh-2207709636","format":"[Gen 9] VGC 2024 Reg H","players":["chin8","caixueying"],"log":"|j|\u2606chin8\n|j|\u2606caixueying\n|t:|1727081084\n|gametype|doubles\n|player|p1|chin8|gentleman-gen4dp|1770\n|player|p2|caixueying|beauty-gen4dp|1858\n|teamsize|p1|6\n|teamsize|p2|6\n|gen|9\n|tier|[Gen 9] VGC 2024 Reg H\n|rated|\n|rule|Species Clause: Limit one of each Pok\u00e9mon\n|rule|Item Clause: Limit 1 of each item\n|clearpoke\n|poke|p1|Baxcalibur, L50, F|\n|poke|p1|Kilowattrel, L50, F|\n|poke|p1|Haxorus, L50, F|\n|poke|p1|Gardevoir, L50, M|\n|poke|p1|Magmortar, L50, M|\n|poke|p1|Gholdengo, L50|\n|poke|p2|Lilligant-Hisui, L50, F|\n|poke|p2|Maushold-Four, L50|\n|poke|p2|Hatterene, L50, F|\n|poke|p2|Indeedee-F, L50, F|\n|poke|p2|Gallade, L50, M|\n|poke|p2|Torkoal, L50, F|\n|teampreview|4\n|inactive|Battle timer is ON: inactive players will automatically lose when time's up. (requested by caixueying)\n|inactive|caixueying has 60 seconds left.\n|\n|t:|1727081131\n|start\n|switch|p1a: Baxcalibur|Baxcalibur, L50, F|100\/100\n|switch|p1b: Gardevoir|Gardevoir, L50, M|100\/100\n|switch|p2a: Maushold|Maushold-Four, L50|100\/100\n|switch|p2b: Lilligant|Lilligant-Hisui, L50, F|100\/100\n|turn|1\n|\n|t:|1727081143\n|switch|p1a: Gholdengo|Gholdengo, L50|100\/100\n|-terastallize|p2a: Maushold|Normal\n|-terastallize|p1b: Gardevoir|Ghost\n|move|p2a: Maushold|Population Bomb|p1a: Gholdengo\n|-immune|p1a: Gholdengo\n|move|p2b: Lilligant|Sleep Powder|p1b: Gardevoir\n|-status|p1b: Gardevoir|slp|[from] move: Sleep Powder\n|cant|p1b: Gardevoir|slp\n|\n|upkeep\n|turn|2\n|inactive|caixueying has 30 seconds left.\n|inactive|caixueying has 20 seconds left.\n|inactive|caixueying has 15 seconds left.\n|\n|t:|1727081185\n|switch|p2a: Torkoal|Torkoal, L50, F|100\/100\n|-weather|SunnyDay|[from] ability: Drought|[of] p2a: Torkoal\n|move|p2b: Lilligant|Sleep Powder|p1b: Gardevoir|[miss]\n|-miss|p2b: Lilligant|p1b: Gardevoir\n|move|p1a: Gholdengo|Nasty Plot|p1a: Gholdengo\n|-boost|p1a: Gholdengo|spa|2\n|cant|p1b: Gardevoir|slp\n|\n|-weather|SunnyDay|[upkeep]\n|upkeep\n|turn|3\n|\n|t:|1727081202\n|move|p1a: Gholdengo|Protect|p1a: Gholdengo\n|-singleturn|p1a: Gholdengo|Protect\n|move|p2b: Lilligant|After You|p2a: Torkoal\n|-activate|p2a: Torkoal|move: After You\n|move|p2a: Torkoal|Eruption|p1a: Gholdengo|[spread] p1b\n|-activate|p1a: Gholdengo|move: Protect\n|-damage|p1b: Gardevoir|23\/100 slp\n|-curestatus|p1b: Gardevoir|slp|[msg]\n|move|p1b: Gardevoir|Dazzling Gleam|p2b: Lilligant|[spread] p2a,p2b\n|-resisted|p2a: Torkoal\n|-supereffective|p2b: Lilligant\n|-damage|p2a: Torkoal|80\/100\n|-damage|p2b: Lilligant|9\/100\n|\n|-weather|SunnyDay|[upkeep]\n|upkeep\n|turn|4\n|\n|t:|1727081224\n|switch|p1a: Baxcalibur|Baxcalibur, L50, F|100\/100\n|move|p2b: Lilligant|After You|p2a: Torkoal\n|-activate|p2a: Torkoal|move: After You\n|move|p2a: Torkoal|Eruption|p1a: Baxcalibur|[spread] p1a,p1b\n|-damage|p1a: Baxcalibur|63\/100\n|-damage|p1b: Gardevoir|0 fnt\n|-ability|p1a: Baxcalibur|Thermal Exchange|boost\n|-boost|p1a: Baxcalibur|atk|1\n|faint|p1b: Gardevoir\n|\n|-weather|SunnyDay|[upkeep]\n|upkeep\n|\n|t:|1727081229\n|switch|p1b: Kilowattrel|Kilowattrel, L50, F|100\/100\n|turn|5\n|inactive|caixueying has 30 seconds left.\n|\n|t:|1727081256\n|move|p1a: Baxcalibur|Ice Shard|p2b: Lilligant\n|-supereffective|p2b: Lilligant\n|-damage|p2b: Lilligant|0 fnt\n|faint|p2b: Lilligant\n|move|p1b: Kilowattrel|Thunderbolt|p2a: Torkoal\n|-damage|p2a: Torkoal|24\/100\n|move|p2a: Torkoal|Overheat|p1b: Kilowattrel\n|-enditem|p1b: Kilowattrel|Focus Sash\n|-damage|p1b: Kilowattrel|1\/100\n|-unboost|p2a: Torkoal|spa|2\n|\n|-weather|SunnyDay|[upkeep]\n|upkeep\n|\n|t:|1727081267\n|switch|p2b: Maushold|Maushold-Four, L50, tera:Normal|100\/100\n|turn|6\n|inactive|caixueying has 30 seconds left.\n|inactive|caixueying has 20 seconds left.\n|\n|t:|1727081306\n|switch|p2a: Hatterene|Hatterene, L50, F|100\/100\n|move|p1b: Kilowattrel|Tailwind|p1b: Kilowattrel\n|-sidestart|p1: chin8|move: Tailwind\n|move|p1a: Baxcalibur|Earthquake|p2a: Hatterene|[spread] p2a,p2b\n|-immune|p1b: Kilowattrel\n|-damage|p2a: Hatterene|52\/100\n|-damage|p2b: Maushold|35\/100\n|move|p2b: Maushold|Population Bomb|p1b: Kilowattrel\n|-damage|p1b: Kilowattrel|0 fnt\n|faint|p1b: Kilowattrel\n|-hitcount|p1: Kilowattrel|1\n|\n|-weather|none\n|upkeep\n|\n|t:|1727081311\n|switch|p1b: Gholdengo|Gholdengo, L50|100\/100\n|turn|7\n|\n|t:|1727081329\n|move|p2b: Maushold|Follow Me|p2b: Maushold\n|-singleturn|p2b: Maushold|move: Follow Me\n|move|p1a: Baxcalibur|Icicle Crash|p2b: Maushold|[miss]\n|-miss|p1a: Baxcalibur|p2b: Maushold\n|move|p1b: Gholdengo|Make It Rain|p2b: Maushold|[spread] p2a,p2b\n|-supereffective|p2a: Hatterene\n|-damage|p2a: Hatterene|0 fnt\n|-damage|p2b: Maushold|0 fnt\n|-unboost|p1b: Gholdengo|spa|1\n|faint|p2a: Hatterene\n|faint|p2b: Maushold\n|\n|upkeep\n|-message|caixueying forfeited.\n|\n|win|chin8\n|raw|chin8's rating: 1770 &rarr; <strong>1795<\/strong><br \/>(+25 for winning)\n|raw|caixueying's rating: 1858 &rarr; <strong>1833<\/strong><br \/>(-25 for losing)\n|l|\u2606caixueying\n|player|p2|\n|l|\u2606chin8\n|player|p1|\n","uploadtime":1727081594,"views":175,"formatid":"gen9vgc2024regh","rating":1795,"private":0,"password":null}