{"id":"gen9vgc2024regh-2207747212","format":"[Gen 9] VGC 2024 Reg H","players":["goodpiplupvgc","jayjazZa"],"log":"|j|\u2606goodpiplupvgc\n|j|\u2606jayjazZa\n|t:|1727087189\n|gametype|doubles\n|player|p1|goodpiplupvgc|266|1767\n|player|p2|jayjazZa|ghetsis|1716\n|teamsize|p1|6\n|teamsize|p2|6\n|gen|9\n|tier|[Gen 9] VGC 2024 Reg H\n|rated|\n|rule|Species Clause: Limit one of each Pok\u00e9mon\n|rule|Item Clause: Limit 1 of each item\n|clearpoke\n|poke|p1|Tyranitar, L50, F|\n|poke|p1|Excadrill, L50, M|\n|poke|p1|Indeedee-F, L50, F|\n|poke|p1|Armarouge, L50, M|\n|poke|p1|Sneasler, L50, F|\n|poke|p1|Milotic, L50, M|\n|poke|p2|Dondozo, L50, M|\n|poke|p2|Tatsugiri, L50, F|\n|poke|p2|Gholdengo, L50|\n|poke|p2|Talonflame, L50, M|\n|poke|p2|Annihilape, L50, F|\n|poke|p2|Dragapult, L50, M|\n|teampreview|4\n|inactive|Battle timer is ON: inactive players will automatically lose when time's up. (requested by jayjazZa)\n|inactive|goodpiplupvgc has 60 seconds left.\n|\n|t:|1727087244\n|start\n|switch|p1a: Excadrill|Excadrill, L50, M, shiny|100\/100\n|switch|p1b: Tyranitar|Tyranitar, L50, F, shiny|100\/100\n|switch|p2a: Dragapult|Dragapult, L50, M|100\/100\n|switch|p2b: Talonflame|Talonflame, L50, M|100\/100\n|-weather|Sandstorm|[from] ability: Sand Stream|[of] p1b: Tyranitar\n|turn|1\n|\n|t:|1727087260\n|-terastallize|p2a: Dragapult|Dragon\n|move|p2b: Talonflame|Tailwind|p2b: Talonflame\n|-sidestart|p2: jayjazZa|move: Tailwind\n|move|p2a: Dragapult|Dragon Darts|p1a: Excadrill\n|-resisted|p1a: Excadrill\n|-crit|p1a: Excadrill\n|-damage|p1a: Excadrill|40\/100\n|-anim|p2a: Dragapult|Dragon Darts|p1b: Tyranitar\n|-damage|p1b: Tyranitar|60\/100\n|move|p1a: Excadrill|Iron Head|p2a: Dragapult\n|-damage|p2a: Dragapult|37\/100\n|move|p1b: Tyranitar|Rock Slide|p2a: Dragapult|[spread] p2a,p2b\n|-supereffective|p2b: Talonflame\n|-damage|p2a: Dragapult|0 fnt\n|-damage|p2b: Talonflame|0 fnt\n|faint|p2a: Dragapult\n|faint|p2b: Talonflame\n|\n|-weather|Sandstorm|[upkeep]\n|upkeep\n|\n|t:|1727087274\n|switch|p2a: Dondozo|Dondozo, L50, M|100\/100\n|switch|p2b: Tatsugiri|Tatsugiri, L50, F|100\/100\n|-activate|p2b: Tatsugiri|ability: Commander|[of] p2a: Dondozo\n|-boost|p2a: Dondozo|atk|2\n|-boost|p2a: Dondozo|spa|2\n|-boost|p2a: Dondozo|spe|2\n|-boost|p2a: Dondozo|def|2\n|-boost|p2a: Dondozo|spd|2\n|turn|2\n|inactive|goodpiplupvgc has 30 seconds left.\n|\n|t:|1727087302\n|-terastallize|p1b: Tyranitar|Flying\n|move|p2a: Dondozo|Wave Crash|p1b: Tyranitar\n|-damage|p1b: Tyranitar|0 fnt\n|faint|p1b: Tyranitar\n|-damage|p2a: Dondozo|82\/100|[from] Recoil\n|move|p1a: Excadrill|High Horsepower|p2a: Dondozo\n|-damage|p2a: Dondozo|62\/100\n|\n|-weather|Sandstorm|[upkeep]\n|-damage|p2a: Dondozo|56\/100|[from] Sandstorm\n|-damage|p2b: Tatsugiri|95\/100|[from] Sandstorm\n|-heal|p2a: Dondozo|62\/100|[from] item: Leftovers\n|upkeep\n|\n|t:|1727087315\n|switch|p1b: Milotic|Milotic, L50, M|100\/100\n|turn|3\n|\n|t:|1727087325\n|move|p2a: Dondozo|Earthquake|p1a: Excadrill|[spread] p1a,p1b\n|-miss|p2a: Dondozo|p2b: Tatsugiri\n|-supereffective|p1a: Excadrill\n|-damage|p1a: Excadrill|0 fnt\n|-damage|p1b: Milotic|56\/100\n|faint|p1a: Excadrill\n|move|p1b: Milotic|Haze|p1b: Milotic\n|-clearallboost\n|\n|-weather|Sandstorm|[upkeep]\n|-damage|p2b: Tatsugiri|89\/100|[from] Sandstorm\n|-damage|p2a: Dondozo|56\/100|[from] Sandstorm\n|-damage|p1b: Milotic|50\/100|[from] Sandstorm\n|-enditem|p1b: Milotic|Sitrus Berry|[eat]\n|-heal|p1b: Milotic|75\/100|[from] item: Sitrus Berry\n|-heal|p2a: Dondozo|62\/100|[from] item: Leftovers\n|upkeep\n|\n|t:|1727087338\n|switch|p1a: Sneasler|Sneasler, L50, F|100\/100\n|turn|4\n|\n|t:|1727087348\n|move|p1a: Sneasler|Fake Out|p2a: Dondozo\n|-damage|p2a: Dondozo|51\/100\n|cant|p2a: Dondozo|flinch\n|move|p1b: Milotic|Scald|p2a: Dondozo\n|-resisted|p2a: Dondozo\n|-damage|p2a: Dondozo|32\/100\n|\n|-weather|Sandstorm|[upkeep]\n|-damage|p2b: Tatsugiri|84\/100|[from] Sandstorm\n|-damage|p2a: Dondozo|26\/100|[from] Sandstorm\n|-damage|p1a: Sneasler|95\/100|[from] Sandstorm\n|-damage|p1b: Milotic|69\/100|[from] Sandstorm\n|-heal|p2a: Dondozo|32\/100|[from] item: Leftovers\n|-sideend|p2: jayjazZa|move: Tailwind\n|upkeep\n|turn|5\n|j| mr pogostick\n|\n|t:|1727087366\n|move|p1a: Sneasler|Close Combat|p2a: Dondozo\n|-damage|p2a: Dondozo|0 fnt\n|-unboost|p1a: Sneasler|def|1\n|-unboost|p1a: Sneasler|spd|1\n|faint|p2a: Dondozo\n|move|p1b: Milotic|Icy Wind|p2b: Tatsugiri\n|-damage|p2b: Tatsugiri|62\/100\n|-unboost|p2b: Tatsugiri|spe|1\n|\n|-weather|none\n|upkeep\n|turn|6\n|-message|jayjazZa forfeited.\n|\n|win|goodpiplupvgc\n|raw|goodpiplupvgc's rating: 1767 &rarr; <strong>1784<\/strong><br \/>(+17 for winning)\n|raw|jayjazZa's rating: 1716 &rarr; <strong>1699<\/strong><br \/>(-17 for losing)\n|l|\u2606jayjazZa\n|player|p2|\n|l|\u2606goodpiplupvgc\n|player|p1|\n|l| mr pogostick\n","uploadtime":1727087540,"views":30,"formatid":"gen9vgc2024regh","rating":1699,"private":0,"password":null}