{"id":"gen9vgc2024regh-2207504970","format":"[Gen 9] VGC 2024 Reg H","players":["Paradox Mourinho","chang21"],"log":"|j|\u2606Paradox Mourinho\n|j|\u2606chang21\n|t:|1727050578\n|gametype|doubles\n|player|p1|Paradox Mourinho|lance|1767\n|player|p2|chang21|veteran-gen4|1758\n|teamsize|p1|6\n|teamsize|p2|6\n|gen|9\n|tier|[Gen 9] VGC 2024 Reg H\n|rated|\n|rule|Species Clause: Limit one of each Pok\u00e9mon\n|rule|Item Clause: Limit 1 of each item\n|clearpoke\n|poke|p1|Kingambit, L50, M|\n|poke|p1|Volcarona, L50, F|\n|poke|p1|Farigiraf, L50, M|\n|poke|p1|Dragonite, L50, F|\n|poke|p1|Garchomp, L50, F|\n|poke|p1|Weezing-Galar, L50, M|\n|poke|p2|Kingambit, L50, F|\n|poke|p2|Electabuzz, L50, M|\n|poke|p2|Primarina, L50, F|\n|poke|p2|Rillaboom, L50, M|\n|poke|p2|Sneasler, L50, F|\n|poke|p2|Ceruledge, L50, M|\n|teampreview|4\n|inactive|Battle timer is ON: inactive players will automatically lose when time's up. (requested by Paradox Mourinho)\n|inactive|chang21 has 60 seconds left.\n|j| MatMan94\n|\n|t:|1727050658\n|start\n|switch|p1a: Garchomp|Garchomp, L50, F|100\/100\n|switch|p1b: Volcarona|Volcarona, L50, F|100\/100\n|switch|p2a: Ceruledge|Ceruledge, L50, M|100\/100\n|switch|p2b: Rillaboom|Rillaboom, L50, M|100\/100\n|-fieldstart|move: Grassy Terrain|[from] ability: Grassy Surge|[of] p2b: Rillaboom\n|-enditem|p2a: Ceruledge|Grassy Seed\n|-boost|p2a: Ceruledge|def|1|[from] item: Grassy Seed\n|turn|1\n|\n|t:|1727050671\n|move|p2b: Rillaboom|Fake Out|p1a: Garchomp\n|-damage|p1a: Garchomp|87\/100\n|-damage|p2b: Rillaboom|88\/100|[from] ability: Rough Skin|[of] p1a: Garchomp\n|cant|p1a: Garchomp|flinch\n|move|p1b: Volcarona|Fiery Dance|p2b: Rillaboom\n|-supereffective|p2b: Rillaboom\n|-damage|p2b: Rillaboom|41\/100\n|move|p2a: Ceruledge|Bulk Up|p2a: Ceruledge\n|-boost|p2a: Ceruledge|atk|1\n|-boost|p2a: Ceruledge|def|1\n|\n|-heal|p1a: Garchomp|93\/100|[from] Grassy Terrain\n|-heal|p2b: Rillaboom|47\/100|[from] Grassy Terrain\n|upkeep\n|turn|2\n|j| Therazer456\n|inactive|chang21 has 30 seconds left.\n|\n|t:|1727050705\n|switch|p2b: Primarina|Primarina, L50, F|100\/100\n|-terastallize|p2a: Ceruledge|Grass\n|move|p1a: Garchomp|Earthquake|p2b: Primarina|[spread] p1b,p2a,p2b\n|-resisted|p2a: Ceruledge\n|-damage|p1b: Volcarona|74\/100\n|-damage|p2a: Ceruledge|91\/100\n|-damage|p2b: Primarina|67\/100\n|-damage|p1a: Garchomp|83\/100|[from] item: Life Orb\n|move|p1b: Volcarona|Fiery Dance|p2b: Primarina\n|-resisted|p2b: Primarina\n|-damage|p2b: Primarina|51\/100\n|move|p2a: Ceruledge|Poltergeist|p1b: Volcarona\n|-activate|p1b: Volcarona|move: Poltergeist|Rocky Helmet\n|-damage|p1b: Volcarona|2\/100\n|\n|-heal|p1a: Garchomp|89\/100|[from] Grassy Terrain\n|-heal|p1b: Volcarona|8\/100|[from] Grassy Terrain\n|-heal|p2a: Ceruledge|98\/100|[from] Grassy Terrain\n|-heal|p2b: Primarina|57\/100|[from] Grassy Terrain\n|upkeep\n|turn|3\n|j| AFRRB\n|inactive|chang21 has 30 seconds left.\n|inactive|chang21 has 20 seconds left.\n|inactive|chang21 has 15 seconds left.\n|inactive|chang21 has 10 seconds left.\n|\n|t:|1727050753\n|move|p1a: Garchomp|Protect|p1a: Garchomp\n|-singleturn|p1a: Garchomp|Protect\n|move|p2b: Primarina|Protect|p2b: Primarina\n|-singleturn|p2b: Primarina|Protect\n|move|p1b: Volcarona|Tailwind|p1b: Volcarona\n|-sidestart|p1: Paradox Mourinho|move: Tailwind\n|move|p2a: Ceruledge|Bitter Blade|p1b: Volcarona\n|-damage|p1b: Volcarona|0 fnt\n|-heal|p2a: Ceruledge|100\/100|[from] drain|[of] p1b: Volcarona\n|-damage|p2a: Ceruledge|84\/100|[from] item: Rocky Helmet|[of] p1b: Volcarona\n|-status|p2a: Ceruledge|brn|[from] ability: Flame Body|[of] p1b: Volcarona\n|faint|p1b: Volcarona\n|\n|-heal|p1a: Garchomp|95\/100|[from] Grassy Terrain\n|-heal|p2a: Ceruledge|90\/100 brn|[from] Grassy Terrain\n|-heal|p2b: Primarina|63\/100|[from] Grassy Terrain\n|-damage|p2a: Ceruledge|84\/100 brn|[from] brn\n|upkeep\n|\n|t:|1727050758\n|switch|p1b: Weezing|Weezing-Galar, L50, M|100\/100\n|-fieldstart|move: Misty Terrain|[from] ability: Misty Surge|[of] p1b: Weezing\n|turn|4\n|inactive|chang21 has 30 seconds left.\n|\n|t:|1727050790\n|switch|p2b: Rillaboom|Rillaboom, L50, M|47\/100\n|-fieldstart|move: Grassy Terrain|[from] ability: Grassy Surge|[of] p2b: Rillaboom\n|move|p2a: Ceruledge|Protect|p2a: Ceruledge\n|-singleturn|p2a: Ceruledge|Protect\n|move|p1a: Garchomp|Substitute|p1a: Garchomp\n|-start|p1a: Garchomp|Substitute\n|-damage|p1a: Garchomp|70\/100\n|move|p1b: Weezing|Sludge Bomb|p2b: Rillaboom\n|-supereffective|p2b: Rillaboom\n|-damage|p2b: Rillaboom|0 fnt\n|faint|p2b: Rillaboom\n|\n|-heal|p1a: Garchomp|76\/100|[from] Grassy Terrain\n|-heal|p2a: Ceruledge|90\/100 brn|[from] Grassy Terrain\n|-damage|p2a: Ceruledge|84\/100 brn|[from] brn\n|upkeep\n|\n|t:|1727050812\n|switch|p2b: Sneasler|Sneasler, L50, F|100\/100\n|turn|5\n|\n|t:|1727050822\n|move|p1a: Garchomp|Dragon Claw|p2b: Sneasler\n|-enditem|p2b: Sneasler|Focus Sash\n|-damage|p2b: Sneasler|1\/100\n|-damage|p1a: Garchomp|67\/100|[from] item: Life Orb\n|move|p2b: Sneasler|Dire Claw|p1b: Weezing\n|-damage|p1b: Weezing|60\/100\n|move|p1b: Weezing|Sludge Bomb|p2a: Ceruledge\n|-supereffective|p2a: Ceruledge\n|-damage|p2a: Ceruledge|0 fnt\n|faint|p2a: Ceruledge\n|\n|-heal|p2b: Sneasler|7\/100|[from] Grassy Terrain\n|-heal|p1a: Garchomp|73\/100|[from] Grassy Terrain\n|-heal|p1b: Weezing|66\/100|[from] Grassy Terrain\n|upkeep\n|-message|chang21 forfeited.\n|\n|win|Paradox Mourinho\n|raw|Paradox Mourinho's rating: 1767 &rarr; <strong>1786<\/strong><br \/>(+19 for winning)\n|raw|chang21's rating: 1758 &rarr; <strong>1739<\/strong><br \/>(-19 for losing)\n|l|\u2606chang21\n|player|p2|\n|l| AFRRB\n|l| Therazer456\n|l|\u2606Paradox Mourinho\n|player|p1|\n","uploadtime":1727050842,"views":46,"formatid":"gen9vgc2024regh","rating":1739,"private":0,"password":null}