{"id":"gen9vgc2024regh-2207763551","format":"[Gen 9] VGC 2024 Reg H","players":["chin8","roykeenkennedy"],"log":"|j|\u2606chin8\n|j|\u2606roykeenkennedy\n|t:|1727089649\n|gametype|doubles\n|player|p1|chin8|gentleman-gen4dp|1784\n|player|p2|roykeenkennedy|alder|1698\n|teamsize|p1|6\n|teamsize|p2|6\n|gen|9\n|tier|[Gen 9] VGC 2024 Reg H\n|rated|\n|rule|Species Clause: Limit one of each Pok\u00e9mon\n|rule|Item Clause: Limit 1 of each item\n|clearpoke\n|poke|p1|Baxcalibur, L50, M|\n|poke|p1|Kilowattrel, L50, M|\n|poke|p1|Haxorus, L50, M|\n|poke|p1|Gardevoir, L50, F|\n|poke|p1|Magmortar, L50, F|\n|poke|p1|Gholdengo, L50|\n|poke|p2|Salamence, L50, M|\n|poke|p2|Incineroar, L50, F|\n|poke|p2|Weezing, L50, F|\n|poke|p2|Dragapult, L50, F|\n|poke|p2|Ursaluna-Bloodmoon, L50, M|\n|poke|p2|Primarina, L50, F|\n|teampreview|4\n|inactive|Battle timer is ON: inactive players will automatically lose when time's up. (requested by chin8)\n|\n|t:|1727089733\n|start\n|switch|p1a: Baxcalibur|Baxcalibur, L50, M|100\/100\n|switch|p1b: Kilowattrel|Kilowattrel, L50, M|100\/100\n|switch|p2a: Weezing|Weezing, L50, F|100\/100\n|switch|p2b: Dragapult|Dragapult, L50, F|100\/100\n|-ability|p2a: Weezing|Neutralizing Gas\n|turn|1\n|inactive|roykeenkennedy has 30 seconds left.\n|\n|t:|1727089762\n|-terastallize|p1a: Baxcalibur|Ground\n|-terastallize|p2a: Weezing|Ghost\n|move|p2b: Dragapult|Dragon Darts|p1a: Baxcalibur\n|-damage|p1a: Baxcalibur|65\/100\n|-anim|p2b: Dragapult|Dragon Darts|p1b: Kilowattrel\n|-damage|p1b: Kilowattrel|28\/100\n|move|p1b: Kilowattrel|Tailwind|p1b: Kilowattrel\n|-sidestart|p1: chin8|move: Tailwind\n|move|p1a: Baxcalibur|Earthquake|p2a: Weezing|[spread] p2a,p2b\n|-immune|p1b: Kilowattrel\n|-damage|p2a: Weezing|61\/100\n|-damage|p2b: Dragapult|40\/100\n|move|p2a: Weezing|Will-O-Wisp|p1a: Baxcalibur\n|-status|p1a: Baxcalibur|brn\n|\n|-heal|p2a: Weezing|68\/100|[from] item: Leftovers\n|-damage|p1a: Baxcalibur|58\/100 brn|[from] brn\n|upkeep\n|turn|2\n|inactive|roykeenkennedy has 30 seconds left.\n|inactive|roykeenkennedy has 20 seconds left.\n|\n|t:|1727089799\n|move|p2a: Weezing|Protect|p2a: Weezing\n|-singleturn|p2a: Weezing|Protect\n|move|p1b: Kilowattrel|Thunderbolt|p2a: Weezing\n|-activate|p2a: Weezing|move: Protect\n|move|p1a: Baxcalibur|Glaive Rush|p2b: Dragapult\n|-supereffective|p2b: Dragapult\n|-damage|p2b: Dragapult|0 fnt\n|-singlemove|p1a: Baxcalibur|Glaive Rush|[silent]\n|faint|p2b: Dragapult\n|\n|-heal|p2a: Weezing|74\/100|[from] item: Leftovers\n|-damage|p1a: Baxcalibur|52\/100 brn|[from] brn\n|upkeep\n|\n|t:|1727089814\n|switch|p2b: Primarina|Primarina, L50, F|100\/100\n|turn|3\n|\n|t:|1727089826\n|move|p2b: Primarina|Protect|p2b: Primarina\n|-singleturn|p2b: Primarina|Protect\n|move|p1b: Kilowattrel|Thunderbolt|p2b: Primarina\n|-activate|p2b: Primarina|move: Protect\n|move|p1a: Baxcalibur|Icicle Crash|p2a: Weezing\n|-damage|p2a: Weezing|53\/100\n|move|p2a: Weezing|Sludge Bomb|p1b: Kilowattrel\n|-damage|p1b: Kilowattrel|0 fnt\n|faint|p1b: Kilowattrel\n|\n|-heal|p2a: Weezing|59\/100|[from] item: Leftovers\n|-damage|p1a: Baxcalibur|46\/100 brn|[from] brn\n|upkeep\n|\n|t:|1727089830\n|switch|p1b: Gholdengo|Gholdengo, L50|100\/100\n|turn|4\n|\n|t:|1727089851\n|move|p2a: Weezing|Protect|p2a: Weezing\n|-singleturn|p2a: Weezing|Protect\n|move|p1a: Baxcalibur|Icicle Crash|p2b: Primarina\n|-resisted|p2b: Primarina\n|-damage|p2b: Primarina|86\/100\n|move|p1b: Gholdengo|Nasty Plot|p1b: Gholdengo\n|-boost|p1b: Gholdengo|spa|2\n|move|p2b: Primarina|Hydro Cannon|p1b: Gholdengo|[miss]\n|-miss|p2b: Primarina|p1b: Gholdengo\n|\n|-heal|p2a: Weezing|65\/100|[from] item: Leftovers\n|-damage|p1a: Baxcalibur|40\/100 brn|[from] brn\n|-sideend|p1: chin8|move: Tailwind\n|upkeep\n|turn|5\n|\n|t:|1727089875\n|move|p2b: Primarina|Protect|p2b: Primarina\n|-singleturn|p2b: Primarina|Protect\n|move|p1a: Baxcalibur|Icicle Crash|p2b: Primarina\n|-activate|p2b: Primarina|move: Protect\n|move|p1b: Gholdengo|Make It Rain|p2a: Weezing|[spread] p2a\n|-activate|p2b: Primarina|move: Protect\n|-damage|p2a: Weezing|0 fnt\n|-unboost|p1b: Gholdengo|spa|1\n|faint|p2a: Weezing\n|-end|p2a: Weezing|ability: Neutralizing Gas\n|-activate|p1a: Baxcalibur|ability: Thermal Exchange\n|-curestatus|p1a: Baxcalibur|brn|[msg]\n|\n|upkeep\n|\n|t:|1727089891\n|switch|p2a: Salamence|Salamence, L50, M|100\/100\n|turn|6\n|\n|t:|1727089897\n|move|p1a: Baxcalibur|Ice Shard|p2a: Salamence\n|-supereffective|p2a: Salamence\n|-damage|p2a: Salamence|0 fnt\n|faint|p2a: Salamence\n|move|p1b: Gholdengo|Make It Rain|p2b: Primarina\n|-crit|p2b: Primarina\n|-damage|p2b: Primarina|0 fnt\n|-unboost|p1b: Gholdengo|spa|1\n|faint|p2b: Primarina\n|\n|win|chin8\n|raw|chin8's rating: 1784 &rarr; <strong>1799<\/strong><br \/>(+15 for winning)\n|raw|roykeenkennedy's rating: 1698 &rarr; <strong>1683<\/strong><br \/>(-15 for losing)\n|l|\u2606roykeenkennedy\n|player|p2|\n|l|\u2606chin8\n|player|p1|\n","uploadtime":1727090167,"views":20,"formatid":"gen9vgc2024regh","rating":1683,"private":0,"password":null}