{"id":"gen9vgc2024regh-2208433194","format":"[Gen 9] VGC 2024 Reg H","players":["The holy hexall","855wu1"],"log":"|j|\u2606The holy hexall\n|j|\u2606855wu1\n|t:|1727163036\n|gametype|doubles\n|player|p1|The holy hexall|170|1638\n|player|p2|855wu1|lass-gen4dp|1720\n|teamsize|p1|6\n|teamsize|p2|6\n|gen|9\n|tier|[Gen 9] VGC 2024 Reg H\n|rated|\n|rule|Species Clause: Limit one of each Pok\u00e9mon\n|rule|Item Clause: Limit 1 of each item\n|clearpoke\n|poke|p1|Slaking, L50, M|\n|poke|p1|Weezing, L50, M|\n|poke|p1|Dondozo, L50, M|\n|poke|p1|Tatsugiri, L50, M|\n|poke|p1|Typhlosion-Hisui, L50, M|\n|poke|p1|Meowscarada, L50, M|\n|poke|p2|Dondozo, L50, F|\n|poke|p2|Weezing, L50, M|\n|poke|p2|Talonflame, L50, F|\n|poke|p2|Tatsugiri-Droopy, L50, M|\n|poke|p2|Slaking, L50, M|\n|poke|p2|Typhlosion-Hisui, L50, M|\n|teampreview|4\n|\n|t:|1727163063\n|start\n|switch|p1a: Typhlosion|Typhlosion-Hisui, L50, M, shiny|100\/100\n|switch|p1b: Meowscarada|Meowscarada, L50, M, shiny|100\/100\n|switch|p2a: Talonflame|Talonflame, L50, F|100\/100\n|switch|p2b: Typhlosion|Typhlosion-Hisui, L50, M|100\/100\n|-item|p2a: Talonflame|Sharp Beak|[from] ability: Frisk|[of] p1a: Typhlosion\n|-item|p2b: Typhlosion|Choice Specs|[from] ability: Frisk|[of] p1a: Typhlosion\n|-item|p1a: Typhlosion|Choice Scarf|[from] ability: Frisk|[of] p2b: Typhlosion\n|-item|p1b: Meowscarada|Choice Specs|[from] ability: Frisk|[of] p2b: Typhlosion\n|turn|1\n|inactive|Battle timer is ON: inactive players will automatically lose when time's up. (requested by 855wu1)\n|j| falcon108\n|\n|t:|1727163084\n|switch|p1a: Dondozo|Dondozo, L50, M|100\/100\n|switch|p1b: Tatsugiri|Tatsugiri, L50, M, shiny|100\/100\n|-activate|p1b: Tatsugiri|ability: Commander|[of] p1a: Dondozo\n|-boost|p1a: Dondozo|atk|2\n|-boost|p1a: Dondozo|spa|2\n|-boost|p1a: Dondozo|spe|2\n|-boost|p1a: Dondozo|def|2\n|-boost|p1a: Dondozo|spd|2\n|move|p2a: Talonflame|Dual Wingbeat|p1b: Tatsugiri|[miss]\n|-miss|p2a: Talonflame|p1b: Tatsugiri\n|move|p2b: Typhlosion|Shadow Ball|p1a: Dondozo\n|-damage|p1a: Dondozo|72\/100\n|\n|-heal|p1a: Dondozo|78\/100|[from] item: Leftovers\n|upkeep\n|turn|2\n|\n|t:|1727163106\n|switch|p2b: Dondozo|Dondozo, L50, F|100\/100\n|move|p2a: Talonflame|Tailwind|p2a: Talonflame\n|-sidestart|p2: 855wu1|move: Tailwind\n|move|p1a: Dondozo|Wave Crash|p2b: Dondozo\n|-resisted|p2b: Dondozo\n|-damage|p2b: Dondozo|89\/100\n|-damage|p1a: Dondozo|74\/100|[from] Recoil\n|\n|-heal|p2b: Dondozo|95\/100|[from] item: Leftovers\n|-heal|p1a: Dondozo|81\/100|[from] item: Leftovers\n|upkeep\n|turn|3\n|\n|t:|1727163117\n|move|p2a: Talonflame|Sunny Day|p2a: Talonflame\n|-weather|SunnyDay\n|move|p2b: Dondozo|Substitute|p2b: Dondozo\n|-start|p2b: Dondozo|Substitute\n|-damage|p2b: Dondozo|70\/100\n|move|p1a: Dondozo|Wave Crash|p2a: Talonflame\n|-supereffective|p2a: Talonflame\n|-damage|p2a: Talonflame|0 fnt\n|faint|p2a: Talonflame\n|-damage|p1a: Dondozo|57\/100|[from] Recoil\n|\n|-weather|SunnyDay|[upkeep]\n|-heal|p2b: Dondozo|76\/100|[from] item: Leftovers\n|-heal|p1a: Dondozo|63\/100|[from] item: Leftovers\n|upkeep\n|\n|t:|1727163121\n|switch|p2a: Weezing|Weezing, L50, M|100\/100\n|-ability|p2a: Weezing|Neutralizing Gas\n|turn|4\n|\n|t:|1727163132\n|move|p2a: Weezing|Poison Gas|p1b: Tatsugiri|[spread] p1a\n|-miss|p2a: Weezing|p1b: Tatsugiri\n|-status|p1a: Dondozo|psn\n|move|p2b: Dondozo|Body Press|p1a: Dondozo\n|-damage|p1a: Dondozo|56\/100 psn\n|move|p1a: Dondozo|Body Press|p2b: Dondozo\n|-end|p2b: Dondozo|Substitute\n|\n|-weather|SunnyDay|[upkeep]\n|-heal|p2b: Dondozo|83\/100|[from] item: Leftovers\n|-heal|p1a: Dondozo|62\/100 psn|[from] item: Leftovers\n|-damage|p1a: Dondozo|50\/100 psn|[from] psn\n|upkeep\n|turn|5\n|\n|t:|1727163148\n|move|p2a: Weezing|Sludge Bomb|p1a: Dondozo\n|-damage|p1a: Dondozo|35\/100 psn\n|move|p2b: Dondozo|Substitute|p2b: Dondozo\n|-start|p2b: Dondozo|Substitute\n|-damage|p2b: Dondozo|58\/100\n|move|p1a: Dondozo|Body Press|p2b: Dondozo\n|-end|p2b: Dondozo|Substitute\n|\n|-weather|SunnyDay|[upkeep]\n|-heal|p2b: Dondozo|64\/100|[from] item: Leftovers\n|-heal|p1a: Dondozo|41\/100 psn|[from] item: Leftovers\n|-damage|p1a: Dondozo|29\/100 psn|[from] psn\n|-sideend|p2: 855wu1|move: Tailwind\n|upkeep\n|turn|6\n|\n|t:|1727163161\n|move|p1a: Dondozo|Body Press|p2b: Dondozo\n|-damage|p2b: Dondozo|35\/100\n|move|p2a: Weezing|Sludge Bomb|p1a: Dondozo\n|-damage|p1a: Dondozo|17\/100 psn\n|move|p2b: Dondozo|Body Press|p1a: Dondozo\n|-damage|p1a: Dondozo|10\/100 psn\n|\n|-weather|SunnyDay|[upkeep]\n|-heal|p1a: Dondozo|16\/100 psn|[from] item: Leftovers\n|-heal|p2b: Dondozo|41\/100|[from] item: Leftovers\n|-damage|p1a: Dondozo|4\/100 psn|[from] psn\n|upkeep\n|turn|7\n|\n|t:|1727163170\n|move|p2b: Dondozo|Protect|p2b: Dondozo\n|-singleturn|p2b: Dondozo|Protect\n|move|p1a: Dondozo|Body Press|p2b: Dondozo\n|-activate|p2b: Dondozo|move: Protect\n|move|p2a: Weezing|Sludge Bomb|p1a: Dondozo\n|-damage|p1a: Dondozo|0 fnt\n|faint|p1a: Dondozo\n|\n|-weather|none\n|-heal|p2b: Dondozo|48\/100|[from] item: Leftovers\n|upkeep\n|\n|t:|1727163186\n|switch|p1a: Meowscarada|Meowscarada, L50, M, shiny|100\/100\n|turn|8\n|\n|t:|1727163197\n|move|p2b: Dondozo|Protect||[still]\n|-fail|p2b: Dondozo\n|move|p1a: Meowscarada|Grass Pledge|p2b: Dondozo\n|-supereffective|p2b: Dondozo\n|-damage|p2b: Dondozo|0 fnt\n|faint|p2b: Dondozo\n|move|p1b: Tatsugiri|Draco Meteor|p2a: Weezing\n|-damage|p2a: Weezing|34\/100\n|-unboost|p1b: Tatsugiri|spa|2\n|-enditem|p2a: Weezing|Sitrus Berry|[eat]\n|-heal|p2a: Weezing|59\/100|[from] item: Sitrus Berry\n|move|p2a: Weezing|Sludge Bomb|p1a: Meowscarada\n|-supereffective|p1a: Meowscarada\n|-damage|p1a: Meowscarada|16\/100\n|\n|upkeep\n|\n|t:|1727163212\n|switch|p2b: Typhlosion|Typhlosion-Hisui, L50, M|100\/100\n|turn|9\n|\n|t:|1727163222\n|-terastallize|p2b: Typhlosion|Fire\n|move|p1a: Meowscarada|Grass Pledge|p2b: Typhlosion\n|-resisted|p2b: Typhlosion\n|-damage|p2b: Typhlosion|65\/100\n|move|p2b: Typhlosion|Shadow Ball|p1b: Tatsugiri\n|-damage|p1b: Tatsugiri|19\/100\n|move|p1b: Tatsugiri|Muddy Water|p2b: Typhlosion|[spread] \n|-miss|p1b: Tatsugiri|p2a: Weezing\n|-miss|p1b: Tatsugiri|p2b: Typhlosion\n|move|p2a: Weezing|Sludge Bomb|p1a: Meowscarada\n|-supereffective|p1a: Meowscarada\n|-damage|p1a: Meowscarada|0 fnt\n|faint|p1a: Meowscarada\n|\n|upkeep\n|\n|t:|1727163235\n|switch|p1a: Typhlosion|Typhlosion-Hisui, L50, M, shiny|100\/100\n|turn|10\n|\n|t:|1727163245\n|-terastallize|p1a: Typhlosion|Fire\n|move|p1a: Typhlosion|Heat Wave|p2a: Weezing|[spread] p2a,p2b\n|-resisted|p2b: Typhlosion\n|-damage|p2a: Weezing|12\/100\n|-damage|p2b: Typhlosion|30\/100\n|move|p2b: Typhlosion|Shadow Ball|p1a: Typhlosion\n|-damage|p1a: Typhlosion|20\/100\n|move|p1b: Tatsugiri|Muddy Water|p2a: Weezing|[spread] p2a,p2b\n|-supereffective|p2b: Typhlosion\n|-damage|p2a: Weezing|0 fnt\n|-damage|p2b: Typhlosion|0 fnt\n|faint|p2a: Weezing\n|-end|p2a: Weezing|ability: Neutralizing Gas\n|-item|p1a: Typhlosion|Choice Scarf|[from] ability: Frisk|[of] p2b: Typhlosion\n|-item|p1b: Tatsugiri|Focus Sash|[from] ability: Frisk|[of] p2b: Typhlosion\n|faint|p2b: Typhlosion\n|\n|win|The holy hexall\n|raw|The holy hexall's rating: 1638 &rarr; <strong>1663<\/strong><br \/>(+25 for winning)\n|raw|855wu1's rating: 1720 &rarr; <strong>1695<\/strong><br \/>(-25 for losing)\n|l|\u2606855wu1\n|player|p2|\n|l|\u2606The holy hexall\n|player|p1|\n|l| falcon108\n","uploadtime":1727163397,"views":19,"formatid":"gen9vgc2024regh","rating":1663,"private":0,"password":null}