{"id":"gen9vgc2024regh-2208592615","format":"[Gen 9] VGC 2024 Reg H","players":["ORAORWRYYYYYYY","winterbreak"],"log":"|j|\u203dORAORWRYYYYYYY\n|j|\u2606winterbreak\n|t:|1727184655\n|gametype|doubles\n|player|p1|ORAORWRYYYYYYY|169|1669\n|player|p2|winterbreak|lucas-gen4pt|1711\n|teamsize|p1|6\n|teamsize|p2|6\n|gen|9\n|tier|[Gen 9] VGC 2024 Reg H\n|rated|\n|rule|Species Clause: Limit one of each Pok\u00e9mon\n|rule|Item Clause: Limit 1 of each item\n|clearpoke\n|poke|p1|Typhlosion-Hisui, L50, F|\n|poke|p1|Whimsicott, L50, M|\n|poke|p1|Incineroar, L50, F|\n|poke|p1|Ursaluna-Bloodmoon, L50, M|\n|poke|p1|Amoonguss, L50, F|\n|poke|p1|Maushold-Four, L50|\n|poke|p2|Serperior, L50, M|\n|poke|p2|Dragonite, L50, M|\n|poke|p2|Smeargle, L50, F|\n|poke|p2|Incineroar, L50, M|\n|poke|p2|Gholdengo, L50|\n|poke|p2|Ursaluna-Bloodmoon, L50, M|\n|teampreview|4\n|inactive|Battle timer is ON: inactive players will automatically lose when time's up. (requested by ORAORWRYYYYYYY)\n|inactive|ORAORWRYYYYYYY has 60 seconds left.\n|\n|t:|1727184709\n|start\n|switch|p1a: Whimsicott|Whimsicott, L50, M|100\/100\n|switch|p1b: Ursaluna|Ursaluna-Bloodmoon, L50, M|100\/100\n|switch|p2a: Incineroar|Incineroar, L50, M|100\/100\n|switch|p2b: Gholdengo|Gholdengo, L50|100\/100\n|-ability|p2a: Incineroar|Intimidate|boost\n|-unboost|p1a: Whimsicott|atk|1\n|-unboost|p1b: Ursaluna|atk|1\n|turn|1\n|inactive|winterbreak has 30 seconds left.\n|inactive|winterbreak has 20 seconds left.\n|inactive|winterbreak has 15 seconds left.\n|\n|t:|1727184752\n|switch|p1a: Incineroar|Incineroar, L50, F|100\/100\n|-ability|p1a: Incineroar|Intimidate|boost\n|-unboost|p2a: Incineroar|atk|1\n|-unboost|p2b: Gholdengo|atk|1\n|move|p2b: Gholdengo|Protect|p2b: Gholdengo\n|-singleturn|p2b: Gholdengo|Protect\n|move|p1b: Ursaluna|Protect|p1b: Ursaluna\n|-singleturn|p1b: Ursaluna|Protect\n|move|p2a: Incineroar|Parting Shot|p1b: Ursaluna\n|-activate|p1b: Ursaluna|move: Protect\n|\n|upkeep\n|turn|2\n|inactive|ORAORWRYYYYYYY has 30 seconds left.\n|inactive|winterbreak has 30 seconds left.\n|\n|t:|1727184778\n|switch|p2b: Ursaluna|Ursaluna-Bloodmoon, L50, M|100\/100\n|move|p1b: Ursaluna|Earth Power|p2a: Incineroar\n|-supereffective|p2a: Incineroar\n|-damage|p2a: Incineroar|12\/100\n|-enditem|p2a: Incineroar|Sitrus Berry|[eat]\n|-heal|p2a: Incineroar|37\/100|[from] item: Sitrus Berry\n|-damage|p1b: Ursaluna|91\/100|[from] item: Life Orb\n|move|p1a: Incineroar|Flare Blitz|p2b: Ursaluna\n|-crit|p2b: Ursaluna\n|-damage|p2b: Ursaluna|39\/100\n|-damage|p1a: Incineroar|79\/100|[from] Recoil\n|move|p2a: Incineroar|Parting Shot|p1b: Ursaluna\n|-unboost|p1b: Ursaluna|atk|1\n|-unboost|p1b: Ursaluna|spa|1\n|\n|t:|1727184791\n|switch|p2a: Gholdengo|Gholdengo, L50|100\/100|[from] Parting Shot\n|\n|upkeep\n|turn|3\n|inactive|ORAORWRYYYYYYY has 30 seconds left.\n|inactive|ORAORWRYYYYYYY has 20 seconds left.\n|inactive|ORAORWRYYYYYYY has 15 seconds left.\n|inactive|winterbreak has 30 seconds left.\n|inactive|ORAORWRYYYYYYY has 10 seconds left.\n|\n|t:|1727184840\n|-terastallize|p2a: Gholdengo|Water\n|move|p2a: Gholdengo|Nasty Plot|p2a: Gholdengo\n|-boost|p2a: Gholdengo|spa|2\n|move|p1b: Ursaluna|Hyper Voice|p2a: Gholdengo|[spread] p2a,p2b\n|-damage|p2a: Gholdengo|64\/100\n|-damage|p2b: Ursaluna|12\/100\n|-damage|p1b: Ursaluna|81\/100|[from] item: Life Orb\n|move|p2b: Ursaluna|Blood Moon|p1a: Incineroar\n|-damage|p1a: Incineroar|36\/100\n|move|p1a: Incineroar|U-turn|p2b: Ursaluna\n|-damage|p2b: Ursaluna|0 fnt\n|faint|p2b: Ursaluna\n|\n|t:|1727184859\n|switch|p1a: Whimsicott|Whimsicott, L50, M|100\/100|[from] U-turn\n|\n|-heal|p2a: Gholdengo|70\/100|[from] item: Leftovers\n|upkeep\n|\n|t:|1727184869\n|switch|p2b: Smeargle|Smeargle, L50, F|100\/100\n|turn|4\n|\n|t:|1727184880\n|switch|p2b: Incineroar|Incineroar, L50, M|37\/100\n|-ability|p2b: Incineroar|Intimidate|boost\n|-unboost|p1a: Whimsicott|atk|1\n|-unboost|p1b: Ursaluna|atk|1\n|move|p1a: Whimsicott|Tailwind|p1a: Whimsicott\n|-sidestart|p1: ORAORWRYYYYYYY|move: Tailwind\n|move|p1b: Ursaluna|Hyper Voice|p2b: Incineroar|[spread] p2a,p2b\n|-damage|p2a: Gholdengo|38\/100\n|-damage|p2b: Incineroar|13\/100\n|-damage|p1b: Ursaluna|72\/100|[from] item: Life Orb\n|move|p2a: Gholdengo|Make It Rain|p1b: Ursaluna|[spread] p1a,p1b\n|-supereffective|p1a: Whimsicott\n|-damage|p1a: Whimsicott|0 fnt\n|-damage|p1b: Ursaluna|0 fnt\n|-unboost|p2a: Gholdengo|spa|1\n|faint|p1a: Whimsicott\n|faint|p1b: Ursaluna\n|\n|-heal|p2a: Gholdengo|45\/100|[from] item: Leftovers\n|upkeep\n|\n|t:|1727184891\n|switch|p1a: Typhlosion|Typhlosion-Hisui, L50, F|100\/100\n|switch|p1b: Incineroar|Incineroar, L50, F|36\/100\n|-item|p2a: Gholdengo|Leftovers|[from] ability: Frisk|[of] p1a: Typhlosion\n|-ability|p1b: Incineroar|Intimidate|boost\n|-unboost|p2a: Gholdengo|atk|1\n|-unboost|p2b: Incineroar|atk|1\n|turn|5\n|\n|t:|1727184905\n|move|p2a: Gholdengo|Protect|p2a: Gholdengo\n|-singleturn|p2a: Gholdengo|Protect\n|move|p1a: Typhlosion|Eruption|p2a: Gholdengo|[spread] p2b\n|-activate|p2a: Gholdengo|move: Protect\n|-resisted|p2b: Incineroar\n|-damage|p2b: Incineroar|0 fnt\n|faint|p2b: Incineroar\n|move|p1b: Incineroar|Knock Off|p2a: Gholdengo\n|-activate|p2a: Gholdengo|move: Protect\n|\n|-heal|p2a: Gholdengo|51\/100|[from] item: Leftovers\n|upkeep\n|\n|t:|1727184912\n|switch|p2b: Smeargle|Smeargle, L50, F|100\/100\n|turn|6\n|\n|t:|1727184933\n|-terastallize|p1a: Typhlosion|Fire\n|move|p2b: Smeargle|Wide Guard|p2b: Smeargle\n|-singleturn|p2b: Smeargle|Wide Guard\n|move|p1a: Typhlosion|Eruption|p2a: Gholdengo|[spread] \n|-activate|p2a: Gholdengo|move: Wide Guard\n|-activate|p2b: Smeargle|move: Wide Guard\n|move|p1b: Incineroar|Knock Off|p2a: Gholdengo\n|-damage|p2a: Gholdengo|12\/100\n|-enditem|p2a: Gholdengo|Leftovers|[from] move: Knock Off|[of] p1b: Incineroar\n|move|p2a: Gholdengo|Hex|p1a: Typhlosion\n|-damage|p1a: Typhlosion|24\/100\n|\n|-ability|p2b: Smeargle|Moody|boost\n|-boost|p2b: Smeargle|spe|2\n|-unboost|p2b: Smeargle|def|1\n|upkeep\n|turn|7\n|inactive|winterbreak has 30 seconds left.\n|inactive|ORAORWRYYYYYYY has 30 seconds left.\n|inactive|winterbreak has 20 seconds left.\n|\n|t:|1727184969\n|move|p2a: Gholdengo|Protect|p2a: Gholdengo\n|-singleturn|p2a: Gholdengo|Protect\n|move|p1a: Typhlosion|Eruption|p2a: Gholdengo|[spread] p2b\n|-activate|p2a: Gholdengo|move: Protect\n|-damage|p2b: Smeargle|33\/100\n|move|p2b: Smeargle|Spore|p1b: Incineroar\n|-status|p1b: Incineroar|slp|[from] move: Spore\n|cant|p1b: Incineroar|slp\n|\n|-sideend|p1: ORAORWRYYYYYYY|move: Tailwind\n|-ability|p2b: Smeargle|Moody|boost\n|-boost|p2b: Smeargle|atk|2\n|-unboost|p2b: Smeargle|def|1\n|upkeep\n|turn|8\n|\n|t:|1727184992\n|move|p2b: Smeargle|Wide Guard|p2b: Smeargle\n|-singleturn|p2b: Smeargle|Wide Guard\n|move|p1a: Typhlosion|Eruption|p2b: Smeargle|[spread] \n|-activate|p2a: Gholdengo|move: Wide Guard\n|-activate|p2b: Smeargle|move: Wide Guard\n|move|p2a: Gholdengo|Make It Rain|p1b: Incineroar|[spread] p1a,p1b\n|-resisted|p1a: Typhlosion\n|-resisted|p1b: Incineroar\n|-damage|p1a: Typhlosion|0 fnt\n|-damage|p1b: Incineroar|14\/100 slp\n|-unboost|p2a: Gholdengo|spa|1\n|faint|p1a: Typhlosion\n|-curestatus|p1b: Incineroar|slp|[msg]\n|move|p1b: Incineroar|Flare Blitz|p2a: Gholdengo\n|-resisted|p2a: Gholdengo\n|-damage|p2a: Gholdengo|0 fnt\n|faint|p2a: Gholdengo\n|-damage|p1b: Incineroar|11\/100|[from] Recoil\n|\n|-ability|p2b: Smeargle|Moody|boost\n|-boost|p2b: Smeargle|spd|2\n|-unboost|p2b: Smeargle|spa|1\n|upkeep\n|turn|9\n|-message|winterbreak forfeited.\n|\n|win|ORAORWRYYYYYYY\n|raw|ORAORWRYYYYYYY's rating: 1669 &rarr; <strong>1691<\/strong><br \/>(+22 for winning)\n|raw|winterbreak's rating: 1711 &rarr; <strong>1689<\/strong><br \/>(-22 for losing)\n|l|\u2606winterbreak\n|player|p2|\n|l|\u203dORAORWRYYYYYYY\n|player|p1|\n","uploadtime":1727185203,"views":663,"formatid":"gen9vgc2024regh","rating":1689,"private":0,"password":null}