{"id":"gen9vgc2024regh-2208114313","format":"[Gen 9] VGC 2024 Reg H","players":["chappell murkroan","very demure"],"log":"|j|\u2606chappell murkroan\n|j|\u2606very demure\n|t:|1727122621\n|gametype|doubles\n|player|p1|chappell murkroan|caitlin|1752\n|player|p2|very demure|dawn-gen4pt|1797\n|teamsize|p1|6\n|teamsize|p2|6\n|gen|9\n|tier|[Gen 9] VGC 2024 Reg H\n|rated|\n|rule|Species Clause: Limit one of each Pok\u00e9mon\n|rule|Item Clause: Limit 1 of each item\n|clearpoke\n|poke|p1|Salamence, L50, F|\n|poke|p1|Metagross, L50|\n|poke|p1|Houndstone, L50, F|\n|poke|p1|Tyranitar, L50, F|\n|poke|p1|Decidueye-Hisui, L50, M|\n|poke|p1|Primarina, L50, M|\n|poke|p2|Dragapult, L50, F|\n|poke|p2|Glimmora, L50, M|\n|poke|p2|Rillaboom, L50, M|\n|poke|p2|Incineroar, L50, F|\n|poke|p2|Dondozo, L50, M|\n|poke|p2|Gholdengo, L50|\n|teampreview|4\n|inactive|Battle timer is ON: inactive players will automatically lose when time's up. (requested by chappell murkroan)\n|inactive|very demure has 60 seconds left.\n|\n|t:|1727122655\n|start\n|switch|p1a: Tyranitar|Tyranitar, L50, F|100\/100\n|switch|p1b: Houndstone|Houndstone, L50, F|100\/100\n|switch|p2a: Glimmora|Glimmora, L50, M|100\/100\n|switch|p2b: Incineroar|Incineroar, L50, F|100\/100\n|-weather|Sandstorm|[from] ability: Sand Stream|[of] p1a: Tyranitar\n|-ability|p2b: Incineroar|Intimidate|boost\n|-unboost|p1a: Tyranitar|atk|1\n|-unboost|p1b: Houndstone|atk|1\n|turn|1\n|inactive|very demure has 30 seconds left.\n|\n|t:|1727122685\n|move|p1b: Houndstone|Snarl|p2a: Glimmora|[spread] p2a,p2b\n|-resisted|p2b: Incineroar\n|-damage|p2a: Glimmora|96\/100\n|-damage|p2b: Incineroar|99\/100\n|-unboost|p2a: Glimmora|spa|1\n|-unboost|p2b: Incineroar|spa|1\n|move|p2a: Glimmora|Power Gem|p1b: Houndstone\n|-damage|p1b: Houndstone|74\/100\n|move|p1a: Tyranitar|Rock Slide|p2b: Incineroar|[spread] p2a,p2b\n|-supereffective|p2b: Incineroar\n|-damage|p2a: Glimmora|69\/100\n|-damage|p2b: Incineroar|57\/100\n|-activate|p2a: Glimmora|ability: Toxic Debris\n|-sidestart|p1: chappell murkroan|move: Toxic Spikes\n|cant|p2b: Incineroar|flinch\n|\n|-weather|Sandstorm|[upkeep]\n|upkeep\n|turn|2\n|inactive|very demure has 30 seconds left.\n|inactive|very demure has 20 seconds left.\n|\n|t:|1727122721\n|switch|p2a: Dondozo|Dondozo, L50, M|100\/100\n|-terastallize|p2b: Incineroar|Ghost\n|move|p1b: Houndstone|Howl|p1b: Houndstone|[spread] p1a,p1b\n|-boost|p1a: Tyranitar|atk|1\n|-boost|p1b: Houndstone|atk|1\n|move|p1a: Tyranitar|Rock Slide|p2b: Incineroar|[spread] p2a\n|-miss|p1a: Tyranitar|p2b: Incineroar\n|-damage|p2a: Dondozo|79\/100\n|move|p2b: Incineroar|Knock Off|p1b: Houndstone\n|-supereffective|p1b: Houndstone\n|-damage|p1b: Houndstone|0 fnt\n|-enditem|p1b: Houndstone|Sitrus Berry|[from] move: Knock Off|[of] p2b: Incineroar\n|faint|p1b: Houndstone\n|\n|-weather|Sandstorm|[upkeep]\n|-damage|p2a: Dondozo|73\/100|[from] Sandstorm\n|-heal|p2a: Dondozo|79\/100|[from] item: Leftovers\n|upkeep\n|\n|t:|1727122737\n|switch|p1b: Salamence|Salamence, L50, F|100\/100\n|-ability|p1b: Salamence|Intimidate|boost\n|-unboost|p2a: Dondozo|atk|1\n|-unboost|p2b: Incineroar|atk|1\n|turn|3\n|inactive|very demure has 30 seconds left.\n|\n|t:|1727122764\n|move|p2a: Dondozo|Protect|p2a: Dondozo\n|-singleturn|p2a: Dondozo|Protect\n|move|p1b: Salamence|Draco Meteor|p2a: Dondozo\n|-activate|p2a: Dondozo|move: Protect\n|move|p1a: Tyranitar|Knock Off|p2b: Incineroar\n|-supereffective|p2b: Incineroar\n|-damage|p2b: Incineroar|0 fnt\n|-enditem|p2b: Incineroar|Safety Goggles|[from] move: Knock Off|[of] p1a: Tyranitar\n|faint|p2b: Incineroar\n|\n|-weather|Sandstorm|[upkeep]\n|-damage|p1b: Salamence|95\/100|[from] Sandstorm\n|-damage|p2a: Dondozo|73\/100|[from] Sandstorm\n|-heal|p2a: Dondozo|79\/100|[from] item: Leftovers\n|upkeep\n|inactive|very demure has 30 seconds left.\n|inactive|very demure has 20 seconds left.\n|inactive|very demure has 15 seconds left.\n|inactive|very demure has 10 seconds left.\n|\n|t:|1727122809\n|switch|p2b: Dragapult|Dragapult, L50, F|100\/100\n|turn|4\n|\n|t:|1727122823\n|switch|p2a: Glimmora|Glimmora, L50, M|69\/100\n|-terastallize|p1b: Salamence|Fire\n|move|p2b: Dragapult|U-turn|p1a: Tyranitar\n|-supereffective|p1a: Tyranitar\n|-damage|p1a: Tyranitar|41\/100\n|\n|t:|1727122828\n|switch|p2b: Dondozo|Dondozo, L50, M|79\/100|[from] U-turn\n|move|p1b: Salamence|Draco Meteor|p2a: Glimmora\n|-damage|p2a: Glimmora|16\/100\n|-unboost|p1b: Salamence|spa|2\n|move|p1a: Tyranitar|Knock Off|p2a: Glimmora\n|-damage|p2a: Glimmora|0 fnt\n|-activate|p2a: Glimmora|ability: Toxic Debris\n|-sidestart|p1: chappell murkroan|move: Toxic Spikes\n|-enditem|p2a: Glimmora|Focus Sash|[from] move: Knock Off|[of] p1a: Tyranitar\n|faint|p2a: Glimmora\n|\n|-weather|Sandstorm|[upkeep]\n|-damage|p1b: Salamence|89\/100|[from] Sandstorm\n|-damage|p2b: Dondozo|73\/100|[from] Sandstorm\n|-heal|p2b: Dondozo|79\/100|[from] item: Leftovers\n|upkeep\n|\n|t:|1727122836\n|switch|p2a: Dragapult|Dragapult, L50, F|100\/100\n|turn|5\n|inactive|chappell murkroan has 30 seconds left.\n|inactive|very demure has 30 seconds left.\n|inactive|very demure has 20 seconds left.\n|inactive|chappell murkroan has 20 seconds left.\n|inactive|very demure has 15 seconds left.\n|inactive|chappell murkroan has 15 seconds left.\n|inactive|very demure has 10 seconds left.\n|\n|t:|1727122885\n|move|p2a: Dragapult|Outrage|p1a: Tyranitar\n|-damage|p1a: Tyranitar|0 fnt\n|faint|p1a: Tyranitar\n|move|p1b: Salamence|Draco Meteor|p2b: Dondozo\n|-damage|p2b: Dondozo|39\/100\n|-unboost|p1b: Salamence|spa|2\n|move|p2b: Dondozo|Wave Crash|p1b: Salamence\n|-supereffective|p1b: Salamence\n|-damage|p1b: Salamence|0 fnt\n|faint|p1b: Salamence\n|-damage|p2b: Dondozo|18\/100|[from] Recoil\n|\n|-weather|none\n|-heal|p2b: Dondozo|24\/100|[from] item: Leftovers\n|upkeep\n|\n|t:|1727122896\n|switch|p1b: Metagross|Metagross, L50|100\/100\n|turn|6\n|\n|t:|1727122911\n|move|p2b: Dondozo|Protect|p2b: Dondozo\n|-singleturn|p2b: Dondozo|Protect\n|move|p2a: Dragapult|Outrage|p1b: Metagross|[from]lockedmove\n|-resisted|p1b: Metagross\n|-damage|p1b: Metagross|62\/100\n|-start|p2a: Dragapult|confusion|[fatigue]\n|move|p1b: Metagross|Psychic Fangs|p2b: Dondozo\n|-activate|p2b: Dondozo|move: Protect\n|\n|-heal|p2b: Dondozo|31\/100|[from] item: Leftovers\n|upkeep\n|turn|7\n|\n|t:|1727122928\n|-activate|p2a: Dragapult|confusion\n|move|p2a: Dragapult|Outrage|p1b: Metagross\n|-resisted|p1b: Metagross\n|-damage|p1b: Metagross|24\/100\n|move|p1b: Metagross|Psychic Fangs|p2b: Dondozo\n|-damage|p2b: Dondozo|0 fnt\n|faint|p2b: Dondozo\n|\n|upkeep\n|turn|8\n|\n|t:|1727122936\n|-activate|p2a: Dragapult|confusion\n|move|p2a: Dragapult|Outrage|p1b: Metagross|[from]lockedmove\n|-resisted|p1b: Metagross\n|-damage|p1b: Metagross|0 fnt\n|faint|p1b: Metagross\n|\n|win|very demure\n|raw|chappell murkroan's rating: 1752 &rarr; <strong>1735<\/strong><br \/>(-17 for losing)\n|raw|very demure's rating: 1797 &rarr; <strong>1814<\/strong><br \/>(+17 for winning)\n|l|\u2606very demure\n|player|p2|\n|l|\u2606chappell murkroan\n|player|p1|\n","uploadtime":1727123137,"views":64,"formatid":"gen9vgc2024regh","rating":1735,"private":0,"password":null}