{"id":"gen9vgc2024regh-2208400748","format":"[Gen 9] VGC 2024 Reg H","players":["Mode Harambe","chappell murkroan"],"log":"|j|\u2606Mode Harambe\n|j|\u2606chappell murkroan\n|t:|1727157410\n|gametype|doubles\n|player|p1|Mode Harambe|red|1662\n|player|p2|chappell murkroan|caitlin|1753\n|teamsize|p1|6\n|teamsize|p2|6\n|gen|9\n|tier|[Gen 9] VGC 2024 Reg H\n|rated|\n|rule|Species Clause: Limit one of each Pok\u00e9mon\n|rule|Item Clause: Limit 1 of each item\n|clearpoke\n|poke|p1|Sneasler, L50, M|\n|poke|p1|Gholdengo, L50|\n|poke|p1|Dragapult, L50, M|\n|poke|p1|Rillaboom, L50, F|\n|poke|p1|Clefable, L50, M|\n|poke|p1|Incineroar, L50, F|\n|poke|p2|Slaking, L50, F|\n|poke|p2|Weezing, L50, F|\n|poke|p2|Dondozo, L50, F|\n|poke|p2|Tatsugiri, L50, F|\n|poke|p2|Talonflame, L50, F|\n|poke|p2|Brambleghast, L50, M|\n|teampreview|4\n|inactive|Battle timer is ON: inactive players will automatically lose when time's up. (requested by chappell murkroan)\n|j| Lavenderawa\n|inactive|Mode Harambe has 60 seconds left.\n|\n|t:|1727157452\n|start\n|switch|p1a: Sneasler|Sneasler, L50, M|100\/100\n|switch|p1b: Dragapult|Dragapult, L50, M|100\/100\n|switch|p2a: Slaking|Slaking, L50, F|100\/100\n|switch|p2b: Weezing|Weezing, L50, F|100\/100\n|-ability|p2b: Weezing|Neutralizing Gas\n|turn|1\n|\n|t:|1727157471\n|switch|p2a: Tatsugiri|Tatsugiri, L50, F|100\/100\n|-end|p2b: Weezing|ability: Neutralizing Gas\n|switch|p2b: Dondozo|Dondozo, L50, F|100\/100\n|-activate|p2a: Tatsugiri|ability: Commander|[of] p2b: Dondozo\n|-boost|p2b: Dondozo|atk|2\n|-boost|p2b: Dondozo|spa|2\n|-boost|p2b: Dondozo|spe|2\n|-boost|p2b: Dondozo|def|2\n|-boost|p2b: Dondozo|spd|2\n|-terastallize|p1b: Dragapult|Dragon\n|move|p1b: Dragapult|Outrage|p2b: Dondozo\n|-damage|p2b: Dondozo|57\/100\n|move|p1a: Sneasler|Dire Claw|p2a: Tatsugiri|[miss]\n|-miss|p1a: Sneasler|p2a: Tatsugiri\n|\n|upkeep\n|turn|2\n|\n|t:|1727157488\n|-terastallize|p2b: Dondozo|Steel\n|move|p1b: Dragapult|Outrage|p2a: Tatsugiri|[from]lockedmove|[miss]\n|-miss|p1b: Dragapult|p2a: Tatsugiri\n|move|p1a: Sneasler|Dire Claw|p2b: Dondozo\n|-immune|p2b: Dondozo\n|move|p2b: Dondozo|Heavy Slam|p1a: Sneasler\n|-enditem|p1a: Sneasler|Focus Sash\n|-damage|p1a: Sneasler|1\/100\n|\n|upkeep\n|turn|3\n|\n|t:|1727157497\n|switch|p1b: Rillaboom|Rillaboom, L50, F|100\/100\n|-fieldstart|move: Grassy Terrain|[from] ability: Grassy Surge|[of] p1b: Rillaboom\n|move|p1a: Sneasler|Protect|p1a: Sneasler\n|-singleturn|p1a: Sneasler|Protect\n|move|p2b: Dondozo|Order Up|p1a: Sneasler\n|-activate|p1a: Sneasler|move: Protect\n|\n|-heal|p1a: Sneasler|7\/100|[from] Grassy Terrain\n|-heal|p2b: Dondozo|63\/100|[from] Grassy Terrain\n|upkeep\n|turn|4\n|\n|t:|1727157514\n|switch|p1b: Dragapult|Dragapult, L50, M, tera:Dragon|100\/100\n|move|p2b: Dondozo|Protect|p2b: Dondozo\n|-singleturn|p2b: Dondozo|Protect\n|move|p1a: Sneasler|Close Combat|p2b: Dondozo\n|-activate|p2b: Dondozo|move: Protect\n|\n|-heal|p1a: Sneasler|13\/100|[from] Grassy Terrain\n|-heal|p2b: Dondozo|69\/100|[from] Grassy Terrain\n|upkeep\n|turn|5\n|\n|t:|1727157521\n|move|p1b: Dragapult|Phantom Force||[still]\n|-prepare|p1b: Dragapult|Phantom Force\n|move|p1a: Sneasler|Close Combat|p2b: Dondozo\n|-supereffective|p2b: Dondozo\n|-damage|p2b: Dondozo|26\/100\n|-unboost|p1a: Sneasler|def|1\n|-unboost|p1a: Sneasler|spd|1\n|move|p2b: Dondozo|Order Up|p1a: Sneasler\n|-damage|p1a: Sneasler|0 fnt\n|faint|p1a: Sneasler\n|-boost|p2b: Dondozo|atk|1\n|\n|-heal|p2b: Dondozo|32\/100|[from] Grassy Terrain\n|upkeep\n|\n|t:|1727157527\n|switch|p1a: Rillaboom|Rillaboom, L50, F|100\/100\n|turn|6\n|\n|t:|1727157530\n|move|p2b: Dondozo|Protect|p2b: Dondozo\n|-singleturn|p2b: Dondozo|Protect\n|move|p1a: Rillaboom|Fake Out|p2b: Dondozo\n|-activate|p2b: Dondozo|move: Protect\n|move|p1b: Dragapult|Phantom Force|p2b: Dondozo|[from]lockedmove\n|-activate|p2b: Dondozo|move: Phantom Force|[broken]\n|-crit|p2b: Dondozo\n|-damage|p2b: Dondozo|0 fnt\n|faint|p2b: Dondozo\n|\n|upkeep\n|\n|t:|1727157541\n|switch|p2b: Slaking|Slaking, L50, F|100\/100\n|turn|7\n|inactive|Mode Harambe has 30 seconds left.\n|inactive|Mode Harambe has 20 seconds left.\n|\n|t:|1727157576\n|switch|p1b: Clefable|Clefable, L50, M|100\/100\n|switch|p2a: Weezing|Weezing, L50, F|100\/100\n|-ability|p2a: Weezing|Neutralizing Gas\n|move|p2b: Slaking|Double-Edge|p1a: Rillaboom\n|-damage|p1a: Rillaboom|12\/100\n|-damage|p2b: Slaking|74\/100|[from] Recoil\n|-damage|p2b: Slaking|64\/100|[from] item: Life Orb\n|move|p1a: Rillaboom|U-turn|p2b: Slaking\n|-damage|p2b: Slaking|44\/100\n|inactive|Mode Harambe has 30 seconds left.\n|inactive|Mode Harambe has 20 seconds left.\n|inactive|Mode Harambe has 15 seconds left.\n|inactive|Mode Harambe has 10 seconds left.\n|inactive|Mode Harambe has 5 seconds left.\n|\n|t:|1727157631\n|switch|p1a: Dragapult|Dragapult, L50, M, tera:Dragon|100\/100|[from] U-turn\n|\n|-heal|p2b: Slaking|50\/100|[from] Grassy Terrain\n|-fieldend|move: Grassy Terrain\n|upkeep\n|turn|8\n|c|\u2606chappell murkroan|tough decision eh?\n|\n|t:|1727157640\n|move|p1b: Clefable|Follow Me|p1b: Clefable\n|-singleturn|p1b: Clefable|move: Follow Me\n|move|p1a: Dragapult|Outrage|p2a: Weezing\n|-damage|p2a: Weezing|0 fnt\n|faint|p2a: Weezing\n|-end|p2a: Weezing|ability: Neutralizing Gas\n|move|p2b: Slaking|Double-Edge|p1b: Clefable\n|-damage|p1b: Clefable|26\/100\n|-enditem|p1b: Clefable|Sitrus Berry|[eat]\n|-heal|p1b: Clefable|51\/100|[from] item: Sitrus Berry\n|-damage|p2b: Slaking|28\/100|[from] Recoil\n|-damage|p2b: Slaking|18\/100|[from] item: Life Orb\n|\n|upkeep\n|\n|t:|1727157644\n|switch|p2a: Tatsugiri|Tatsugiri, L50, F|100\/100\n|turn|9\n|c|\u2606Mode Harambe|Boss walked in the office sorry \ud83d\ude02\n|c|\u2606chappell murkroan|LMFAO\n|c|\u2606chappell murkroan|ALL GOOD\n|c|\u2606chappell murkroan|thats so real\n|inactive|chappell murkroan has 30 seconds left.\n|\n|t:|1727157672\n|move|p1b: Clefable|Follow Me|p1b: Clefable\n|-singleturn|p1b: Clefable|move: Follow Me\n|move|p1a: Dragapult|Outrage|p2b: Slaking|[from]lockedmove\n|-damage|p2b: Slaking|0 fnt\n|faint|p2b: Slaking\n|-start|p1a: Dragapult|confusion|[fatigue]\n|move|p2a: Tatsugiri|Muddy Water|p1a: Dragapult|[spread] p1a,p1b\n|-resisted|p1a: Dragapult\n|-damage|p1a: Dragapult|79\/100\n|-damage|p1b: Clefable|19\/100\n|\n|upkeep\n|turn|10\n|\n|t:|1727157683\n|switch|p1a: Rillaboom|Rillaboom, L50, F|12\/100\n|-fieldstart|move: Grassy Terrain|[from] ability: Grassy Surge|[of] p1a: Rillaboom\n|move|p2a: Tatsugiri|Muddy Water|p1a: Rillaboom|[spread] p1a,p1b\n|-resisted|p1a: Rillaboom\n|-damage|p1a: Rillaboom|2\/100\n|-damage|p1b: Clefable|0 fnt\n|faint|p1b: Clefable\n|\n|-heal|p1a: Rillaboom|8\/100|[from] Grassy Terrain\n|upkeep\n|\n|t:|1727157685\n|switch|p1b: Dragapult|Dragapult, L50, M, tera:Dragon|79\/100\n|turn|11\n|j| mr pogostick\n|\n|t:|1727157688\n|move|p2a: Tatsugiri|Protect|p2a: Tatsugiri\n|-singleturn|p2a: Tatsugiri|Protect\n|move|p1a: Rillaboom|Grassy Glide|p2a: Tatsugiri\n|-activate|p2a: Tatsugiri|move: Protect\n|move|p1b: Dragapult|Dragon Darts|p2a: Tatsugiri\n|-activate|p2a: Tatsugiri|move: Protect\n|\n|-heal|p1b: Dragapult|85\/100|[from] Grassy Terrain\n|-heal|p1a: Rillaboom|14\/100|[from] Grassy Terrain\n|upkeep\n|turn|12\n|\n|t:|1727157691\n|move|p1a: Rillaboom|Grassy Glide|p2a: Tatsugiri\n|-damage|p2a: Tatsugiri|30\/100\n|move|p1b: Dragapult|Dragon Darts|p2a: Tatsugiri\n|-supereffective|p2a: Tatsugiri\n|-damage|p2a: Tatsugiri|0 fnt\n|faint|p2a: Tatsugiri\n|\n|win|Mode Harambe\n|raw|Mode Harambe's rating: 1662 &rarr; <strong>1687<\/strong><br \/>(+25 for winning)\n|raw|chappell murkroan's rating: 1753 &rarr; <strong>1728<\/strong><br \/>(-25 for losing)\n|c|\u2606chappell murkroan|ggs\n|c|\u2606Mode Harambe|GG\n|l|\u2606chappell murkroan\n|player|p2|\n|l|\u2606Mode Harambe\n|player|p1|\n|l| mr pogostick\n","uploadtime":1727157705,"views":39,"formatid":"gen9vgc2024regh","rating":1687,"private":0,"password":null}