{"id":"gen9vgc2024regh-2208631579","format":"[Gen 9] VGC 2024 Reg H","players":["Aziz On Switch","T1 Gumayushi"],"log":"|j|\u2606Aziz On Switch\n|j|\u2606T1 Gumayushi\n|t:|1727188164\n|gametype|doubles\n|player|p1|Aziz On Switch|hiker|1703\n|player|p2|T1 Gumayushi|2|1684\n|teamsize|p1|6\n|teamsize|p2|6\n|gen|9\n|tier|[Gen 9] VGC 2024 Reg H\n|rated|\n|rule|Species Clause: Limit one of each Pok\u00e9mon\n|rule|Item Clause: Limit 1 of each item\n|clearpoke\n|poke|p1|Archaludon, L50, M|\n|poke|p1|Indeedee, L50, M|\n|poke|p1|Sneasler, L50, F|\n|poke|p1|Pelipper, L50, F|\n|poke|p1|Porygon2, L50|\n|poke|p1|Ursaluna, L50, M|\n|poke|p2|Archaludon, L50, F|\n|poke|p2|Ursaluna-Bloodmoon, L50, M|\n|poke|p2|Dragonite, L50, F|\n|poke|p2|Gholdengo, L50|\n|poke|p2|Pelipper, L50, F|\n|poke|p2|Basculegion, L50, M|\n|teampreview|4\nT1 Gumayushi rejected open team sheets.\n|inactive|Battle timer is ON: inactive players will automatically lose when time's up. (requested by T1 Gumayushi)\n|\n|t:|1727188192\n|start\n|switch|p1a: Porygon2|Porygon2, L50|100\/100\n|switch|p1b: Ursaluna|Ursaluna, L50, M|100\/100\n|switch|p2a: Archaludon|Archaludon, L50, F|100\/100\n|switch|p2b: Dragonite|Dragonite, L50, F|100\/100\n|-ability|p1a: Porygon2|Download|boost\n|-boost|p1a: Porygon2|spa|1\n|turn|1\n|inactive|T1 Gumayushi has 30 seconds left.\n|inactive|T1 Gumayushi has 20 seconds left.\n|\n|t:|1727188231\n|move|p1b: Ursaluna|Protect|p1b: Ursaluna\n|-singleturn|p1b: Ursaluna|Protect\n|move|p2b: Dragonite|Scale Shot|p1a: Porygon2\n|-damage|p1a: Porygon2|91\/100\n|-damage|p1a: Porygon2|80\/100\n|-damage|p1a: Porygon2|70\/100\n|-damage|p1a: Porygon2|59\/100\n|-damage|p1a: Porygon2|48\/100\n|-hitcount|p1a: Porygon2|5\n|-unboost|p2b: Dragonite|def|1\n|-boost|p2b: Dragonite|spe|1\n|move|p2a: Archaludon|Body Press|p1a: Porygon2\n|-supereffective|p1a: Porygon2\n|-damage|p1a: Porygon2|16\/100\n|move|p1a: Porygon2|Trick Room|p1a: Porygon2\n|-fieldstart|move: Trick Room|[of] p1a: Porygon2\n|\n|-status|p1b: Ursaluna|brn|[from] item: Flame Orb\n|upkeep\n|turn|2\n|inactive|Aziz On Switch has 30 seconds left.\n|inactive|T1 Gumayushi has 30 seconds left.\n|inactive|Aziz On Switch has 20 seconds left.\n|\n|t:|1727188267\n|-terastallize|p1b: Ursaluna|Ghost\n|-terastallize|p2a: Archaludon|Grass\n|move|p1b: Ursaluna|Headlong Rush|p2a: Archaludon\n|-resisted|p2a: Archaludon\n|-damage|p2a: Archaludon|64\/100\n|-unboost|p1b: Ursaluna|def|1\n|-unboost|p1b: Ursaluna|spd|1\n|-ability|p2a: Archaludon|Stamina|boost\n|-boost|p2a: Archaludon|def|1\n|move|p1a: Porygon2|Ice Beam|p2b: Dragonite\n|-supereffective|p2b: Dragonite\n|-damage|p2b: Dragonite|29\/100\n|-status|p2b: Dragonite|frz\n|move|p2a: Archaludon|Body Press|p1b: Ursaluna\n|-immune|p1b: Ursaluna\n|cant|p2b: Dragonite|frz\n|\n|-heal|p2a: Archaludon|70\/100|[from] item: Leftovers\n|-damage|p1b: Ursaluna|95\/100 brn|[from] brn\n|upkeep\n|turn|3\n|inactive|T1 Gumayushi has 30 seconds left.\n|\n|t:|1727188294\n|switch|p2b: Gholdengo|Gholdengo, L50|100\/100\n|move|p1b: Ursaluna|Facade|p2a: Archaludon\n|-damage|p2a: Archaludon|12\/100\n|-ability|p2a: Archaludon|Stamina|boost\n|-boost|p2a: Archaludon|def|1\n|move|p1a: Porygon2|Ice Beam|p2b: Gholdengo\n|-resisted|p2b: Gholdengo\n|-damage|p2b: Gholdengo|83\/100\n|move|p2a: Archaludon|Body Press|p1a: Porygon2\n|-supereffective|p1a: Porygon2\n|-damage|p1a: Porygon2|0 fnt\n|faint|p1a: Porygon2\n|\n|-heal|p2a: Archaludon|18\/100|[from] item: Leftovers\n|-damage|p1b: Ursaluna|89\/100 brn|[from] brn\n|upkeep\n|j| televis69\n|\n|t:|1727188317\n|switch|p1a: Indeedee|Indeedee, L50, M, shiny|100\/100\n|-fieldstart|move: Psychic Terrain|[from] ability: Psychic Surge|[of] p1a: Indeedee\n|turn|4\n|inactive|T1 Gumayushi has 30 seconds left.\n|inactive|T1 Gumayushi has 20 seconds left.\n|\n|t:|1727188354\n|switch|p2b: Dragonite|Dragonite, L50, F|29\/100 frz\n|move|p1b: Ursaluna|Headlong Rush|p2b: Dragonite\n|-immune|p2b: Dragonite\n|move|p2a: Archaludon|Body Press|p1a: Indeedee\n|-enditem|p1a: Indeedee|Focus Sash\n|-damage|p1a: Indeedee|1\/100\n|move|p1a: Indeedee|Expanding Force|p2b: Dragonite|[spread] p2a,p2b\n|-damage|p2a: Archaludon|0 fnt\n|-damage|p2b: Dragonite|0 fnt\n|faint|p2a: Archaludon\n|faint|p2b: Dragonite\n|\n|-damage|p1b: Ursaluna|83\/100 brn|[from] brn\n|upkeep\n|\n|t:|1727188368\n|switch|p2a: Gholdengo|Gholdengo, L50|83\/100\n|switch|p2b: Ursaluna|Ursaluna-Bloodmoon, L50, M|100\/100\n|turn|5\n|\n|t:|1727188384\n|move|p2a: Gholdengo|Protect|p2a: Gholdengo\n|-singleturn|p2a: Gholdengo|Protect\n|move|p1b: Ursaluna|Headlong Rush|p2a: Gholdengo\n|-activate|p2a: Gholdengo|move: Protect\n|move|p2b: Ursaluna|Earth Power|p1b: Ursaluna\n|-damage|p1b: Ursaluna|11\/100 brn\n|move|p1a: Indeedee|Expanding Force|p2b: Ursaluna|[spread] p2b\n|-activate|p2a: Gholdengo|move: Protect\n|-damage|p2b: Ursaluna|37\/100\n|\n|-damage|p1b: Ursaluna|6\/100 brn|[from] brn\n|-fieldend|move: Trick Room\n|upkeep\n|turn|6\n|inactive|T1 Gumayushi has 30 seconds left.\n|\n|t:|1727188410\n|move|p2b: Ursaluna|Protect|p2b: Ursaluna\n|-singleturn|p2b: Ursaluna|Protect\n|move|p1a: Indeedee|Expanding Force|p2b: Ursaluna|[spread] p2a\n|-activate|p2b: Ursaluna|move: Protect\n|-resisted|p2a: Gholdengo\n|-damage|p2a: Gholdengo|55\/100\n|move|p2a: Gholdengo|Make It Rain|p1b: Ursaluna|[spread] p1a,p1b\n|-damage|p1a: Indeedee|0 fnt\n|-damage|p1b: Ursaluna|0 fnt\n|-unboost|p2a: Gholdengo|spa|1\n|faint|p1a: Indeedee\n|faint|p1b: Ursaluna\n|\n|upkeep\n|\n|t:|1727188420\n|switch|p1b: Sneasler|Sneasler, L50, F, shiny|100\/100\n|-enditem|p1b: Sneasler|Psychic Seed\n|-boost|p1b: Sneasler|spd|1|[from] item: Psychic Seed\n|turn|7\n|\n|t:|1727188437\n|move|p1b: Sneasler|Close Combat|p2b: Ursaluna\n|-supereffective|p2b: Ursaluna\n|-damage|p2b: Ursaluna|0 fnt\n|-unboost|p1b: Sneasler|def|1\n|-unboost|p1b: Sneasler|spd|1\n|faint|p2b: Ursaluna\n|move|p2a: Gholdengo|Make It Rain|p1b: Sneasler\n|-damage|p1b: Sneasler|40\/100\n|-unboost|p2a: Gholdengo|spa|1\n|\n|upkeep\n|turn|8\n|\n|t:|1727188448\n|move|p1b: Sneasler|Throat Chop|p2a: Gholdengo\n|-supereffective|p2a: Gholdengo\n|-damage|p2a: Gholdengo|0 fnt\n|faint|p2a: Gholdengo\n|\n|win|Aziz On Switch\n|raw|Aziz On Switch's rating: 1703 &rarr; <strong>1722<\/strong><br \/>(+19 for winning)\n|raw|T1 Gumayushi's rating: 1684 &rarr; <strong>1665<\/strong><br \/>(-19 for losing)\n|l| televis69\n|l|\u2606T1 Gumayushi\n|player|p2|\n|l|\u2606Aziz On Switch\n|player|p1|\n","uploadtime":1727188698,"views":26,"formatid":"gen9vgc2024regh","rating":1665,"private":0,"password":null}