{"id":"gen9vgc2024regh-2208036047","format":"[Gen 9] VGC 2024 Reg H","players":["Kellen1999","Last minute player"],"log":"|j|\u2606Kellen1999\n|j|\u2606Last minute player\n|t:|1727115752\n|gametype|doubles\n|player|p1|Kellen1999|rosa|1646\n|player|p2|Last minute player|lady-gen4|1757\n|teamsize|p1|6\n|teamsize|p2|6\n|gen|9\n|tier|[Gen 9] VGC 2024 Reg H\n|rated|\n|rule|Species Clause: Limit one of each Pok\u00e9mon\n|rule|Item Clause: Limit 1 of each item\n|clearpoke\n|poke|p1|Annihilape, L50, F|\n|poke|p1|Maushold, L50|\n|poke|p1|Gholdengo, L50|\n|poke|p1|Murkrow, L50, F|\n|poke|p1|Rillaboom, L50, F|\n|poke|p1|Incineroar, L50, F|\n|poke|p2|Incineroar, L50, M|\n|poke|p2|Rillaboom, L50, F|\n|poke|p2|Primarina, L50, F|\n|poke|p2|Maushold, L50|\n|poke|p2|Gholdengo, L50|\n|poke|p2|Dragapult, L50, F|\n|teampreview|4\n|inactive|Battle timer is ON: inactive players will automatically lose when time's up. (requested by Kellen1999)\n|inactive|Last minute player has 60 seconds left.\n|\n|t:|1727115793\n|start\n|switch|p1a: Annihilape|Annihilape, L50, F, shiny|100\/100\n|switch|p1b: Maushold|Maushold, L50, shiny|100\/100\n|switch|p2a: Gholdengo|Gholdengo, L50|100\/100\n|switch|p2b: Primarina|Primarina, L50, F|100\/100\n|turn|1\n|\n|t:|1727115812\n|-terastallize|p1a: Annihilape|Water\n|move|p1b: Maushold|Beat Up|p1a: Annihilape\n|-damage|p1a: Annihilape|98\/100\n|-damage|p1a: Annihilape|97\/100\n|-damage|p1a: Annihilape|95\/100\n|-damage|p1a: Annihilape|93\/100\n|-hitcount|p1a: Annihilape|4\n|move|p1a: Annihilape|Rage Fist|p2a: Gholdengo\n|-supereffective|p2a: Gholdengo\n|-damage|p2a: Gholdengo|0 fnt\n|faint|p2a: Gholdengo\n|move|p2b: Primarina|Hyper Voice|p1a: Annihilape|[spread] p1a,p1b\n|-resisted|p1a: Annihilape\n|-damage|p1a: Annihilape|79\/100\n|-damage|p1b: Maushold|49\/100\n|-enditem|p2b: Primarina|Throat Spray\n|-boost|p2b: Primarina|spa|1|[from] item: Throat Spray\n|\n|-heal|p1a: Annihilape|85\/100|[from] item: Leftovers\n|upkeep\n|\n|t:|1727115817\n|switch|p2a: Rillaboom|Rillaboom, L50, F|100\/100\n|-fieldstart|move: Grassy Terrain|[from] ability: Grassy Surge|[of] p2a: Rillaboom\n|turn|2\n|\n|t:|1727115835\n|move|p1b: Maushold|Protect|p1b: Maushold\n|-singleturn|p1b: Maushold|Protect\n|move|p1a: Annihilape|Protect|p1a: Annihilape\n|-singleturn|p1a: Annihilape|Protect\n|move|p2a: Rillaboom|Grassy Glide|p1b: Maushold\n|-activate|p1b: Maushold|move: Protect\n|move|p2b: Primarina|Moonblast|p1a: Annihilape\n|-activate|p1a: Annihilape|move: Protect\n|\n|-heal|p1b: Maushold|55\/100|[from] Grassy Terrain\n|-heal|p1a: Annihilape|91\/100|[from] Grassy Terrain\n|-heal|p1a: Annihilape|97\/100|[from] item: Leftovers\n|upkeep\n|turn|3\n|j| Orcat\n|l| Orcat\n|\n|t:|1727115859\n|move|p1b: Maushold|Follow Me|p1b: Maushold\n|-singleturn|p1b: Maushold|move: Follow Me\n|move|p1a: Annihilape|Rage Fist|p2b: Primarina\n|-damage|p2b: Primarina|0 fnt\n|faint|p2b: Primarina\n|move|p2a: Rillaboom|Wood Hammer|p1b: Maushold\n|-damage|p1b: Maushold|0 fnt\n|faint|p1b: Maushold\n|-damage|p2a: Rillaboom|85\/100|[from] Recoil\n|\n|-heal|p1a: Annihilape|100\/100|[from] Grassy Terrain\n|-heal|p2a: Rillaboom|90\/100|[from] Grassy Terrain\n|upkeep\n|\n|t:|1727115874\n|switch|p1b: Murkrow|Murkrow, L50, F, shiny|100\/100\n|switch|p2b: Incineroar|Incineroar, L50, M|100\/100\n|-ability|p2b: Incineroar|Intimidate|boost\n|-unboost|p1a: Annihilape|atk|1\n|-ability|p1a: Annihilape|Defiant|boost\n|-boost|p1a: Annihilape|atk|2\n|-unboost|p1b: Murkrow|atk|1\n|turn|4\n|\n|t:|1727115892\n|-terastallize|p2b: Incineroar|Grass\n|move|p1a: Annihilape|Protect|p1a: Annihilape\n|-singleturn|p1a: Annihilape|Protect\n|move|p1b: Murkrow|Perish Song|p1b: Murkrow\n|-start|p1a: Annihilape|perish3|[silent]\n|-start|p1b: Murkrow|perish3|[silent]\n|-start|p2a: Rillaboom|perish3|[silent]\n|-start|p2b: Incineroar|perish3|[silent]\n|-fieldactivate|move: Perish Song\n|move|p2a: Rillaboom|Wood Hammer|p1b: Murkrow\n|-resisted|p1b: Murkrow\n|-damage|p1b: Murkrow|57\/100\n|-damage|p2a: Rillaboom|79\/100|[from] Recoil\n|move|p2b: Incineroar|Flare Blitz|p1b: Murkrow\n|-damage|p1b: Murkrow|9\/100\n|-damage|p2b: Incineroar|87\/100|[from] Recoil\n|\n|-heal|p2a: Rillaboom|85\/100|[from] Grassy Terrain\n|-heal|p2b: Incineroar|93\/100|[from] Grassy Terrain\n|-start|p1a: Annihilape|perish3\n|-start|p1b: Murkrow|perish3\n|-start|p2a: Rillaboom|perish3\n|-start|p2b: Incineroar|perish3\n|upkeep\n|turn|5\n|inactive|Kellen1999 has 30 seconds left.\n|inactive|Last minute player has 30 seconds left.\n|\n|t:|1727115921\n|move|p1b: Murkrow|Tailwind|p1b: Murkrow\n|-sidestart|p1: Kellen1999|move: Tailwind\n|move|p2a: Rillaboom|Grassy Glide|p1a: Annihilape\n|-supereffective|p1a: Annihilape\n|-damage|p1a: Annihilape|22\/100\n|move|p1a: Annihilape|Rage Fist|p2a: Rillaboom\n|-damage|p2a: Rillaboom|0 fnt\n|faint|p2a: Rillaboom\n|move|p2b: Incineroar|Knock Off|p1a: Annihilape\n|-damage|p1a: Annihilape|0 fnt\n|-enditem|p1a: Annihilape|Leftovers|[from] move: Knock Off|[of] p2b: Incineroar\n|faint|p1a: Annihilape\n|\n|-heal|p2b: Incineroar|99\/100|[from] Grassy Terrain\n|-start|p1b: Murkrow|perish2\n|-start|p2b: Incineroar|perish2\n|upkeep\n|\n|t:|1727115940\n|switch|p1a: Gholdengo|Gholdengo, L50, shiny|100\/100\n|turn|6\n|\n|t:|1727115955\n|move|p1a: Gholdengo|Shadow Ball|p2b: Incineroar\n|-damage|p2b: Incineroar|53\/100\n|move|p1b: Murkrow|Foul Play|p2b: Incineroar\n|-damage|p2b: Incineroar|19\/100\n|-enditem|p2b: Incineroar|Sitrus Berry|[eat]\n|-heal|p2b: Incineroar|44\/100|[from] item: Sitrus Berry\n|move|p2b: Incineroar|Flare Blitz|p1a: Gholdengo\n|-supereffective|p1a: Gholdengo\n|-damage|p1a: Gholdengo|0 fnt\n|faint|p1a: Gholdengo\n|-damage|p2b: Incineroar|17\/100|[from] Recoil\n|\n|-heal|p2b: Incineroar|23\/100|[from] Grassy Terrain\n|-start|p1b: Murkrow|perish1\n|-start|p2b: Incineroar|perish1\n|-fieldend|move: Grassy Terrain\n|upkeep\n|turn|7\n|j| Orcat\n|inactive|Last minute player has 30 seconds left.\n|c|\u2606Last minute player|Aaa so close\n|inactive|Last minute player has 20 seconds left.\n|\n|t:|1727115993\n|move|p1b: Murkrow|Foul Play|p2b: Incineroar\n|-damage|p2b: Incineroar|0 fnt\n|faint|p2b: Incineroar\n|\n|win|Kellen1999\n|raw|Kellen1999's rating: 1646 &rarr; <strong>1672<\/strong><br \/>(+26 for winning)\n|raw|Last minute player's rating: 1757 &rarr; <strong>1731<\/strong><br \/>(-26 for losing)\n|l|\u2606Kellen1999\n|player|p1|\n|l|\u2606Last minute player\n|player|p2|\n|l| Orcat\n","uploadtime":1727116200,"views":24,"formatid":"gen9vgc2024regh","rating":1672,"private":0,"password":null}