{"id":"gen9vgc2024regh-2208079475","format":"[Gen 9] VGC 2024 Reg H","players":["elvegis1","Djjwjwwjj"],"log":"|j|\u2606elvegis1\n|j|\u2606Djjwjwwjj\n|t:|1727119478\n|gametype|doubles\n|player|p1|elvegis1|lucas|1697\n|player|p2|Djjwjwwjj|102|1698\n|teamsize|p1|6\n|teamsize|p2|6\n|gen|9\n|tier|[Gen 9] VGC 2024 Reg H\n|rated|\n|rule|Species Clause: Limit one of each Pok\u00e9mon\n|rule|Item Clause: Limit 1 of each item\n|clearpoke\n|poke|p1|Porygon2, L50|\n|poke|p1|Kingambit, L50, M|\n|poke|p1|Amoonguss, L50, F|\n|poke|p1|Sneasler, L50, M|\n|poke|p1|Ceruledge, L50, F|\n|poke|p1|Dragonite, L50, M|\n|poke|p2|Incineroar, L50, F|\n|poke|p2|Palafin, L50, M|\n|poke|p2|Whimsicott, L50, F|\n|poke|p2|Pelipper, L50, M|\n|poke|p2|Rillaboom, L50, M|\n|poke|p2|Gholdengo, L50|\n|teampreview|4\n|inactive|Battle timer is ON: inactive players will automatically lose when time's up. (requested by Djjwjwwjj)\n|inactive|elvegis1 has 60 seconds left.\n|inactive|Djjwjwwjj has 60 seconds left.\n|\n|t:|1727119524\n|start\n|switch|p1a: Kingambit|Kingambit, L50, M|100\/100\n|switch|p1b: Dragonite|Dragonite, L50, M|100\/100\n|switch|p2a: Palafin|Palafin, L50, M|100\/100\n|switch|p2b: Gholdengo|Gholdengo, L50|100\/100\n|turn|1\n|\n|t:|1727119536\n|move|p2a: Palafin|Close Combat|p1a: Kingambit\n|-supereffective|p1a: Kingambit\n|-damage|p1a: Kingambit|0 fnt\n|-unboost|p2a: Palafin|def|1\n|-unboost|p2a: Palafin|spd|1\n|faint|p1a: Kingambit\n|move|p1b: Dragonite|Dragon Dance|p1b: Dragonite\n|-boost|p1b: Dragonite|atk|1\n|-boost|p1b: Dragonite|spe|1\n|move|p2b: Gholdengo|Nasty Plot|p2b: Gholdengo\n|-boost|p2b: Gholdengo|spa|2\n|\n|upkeep\n|\n|t:|1727119551\n|switch|p1a: Porygon2|Porygon2, L50|100\/100\n|-ability|p1a: Porygon2|Download|boost\n|-boost|p1a: Porygon2|spa|1\n|turn|2\n|\n|t:|1727119570\n|detailschange|p2a: Palafin|Palafin-Hero, L50, M\n|switch|p2a: Incineroar|Incineroar, L50, F|100\/100\n|-ability|p2a: Incineroar|Intimidate|boost\n|-unboost|p1a: Porygon2|atk|1\n|-unboost|p1b: Dragonite|atk|1\n|-terastallize|p1a: Porygon2|Ghost\n|move|p1b: Dragonite|Extreme Speed|p2a: Incineroar\n|-damage|p2a: Incineroar|73\/100\n|move|p2b: Gholdengo|Make It Rain|p1a: Porygon2|[spread] p1a,p1b\n|-damage|p1a: Porygon2|53\/100\n|-damage|p1b: Dragonite|59\/100\n|-unboost|p2b: Gholdengo|spa|1\n|move|p1a: Porygon2|Tera Blast|p2b: Gholdengo|[anim] Tera Blast Ghost\n|-supereffective|p2b: Gholdengo\n|-damage|p2b: Gholdengo|4\/100\n|\n|-heal|p2b: Gholdengo|10\/100|[from] item: Leftovers\n|upkeep\n|turn|3\n|inactive|elvegis1 has 30 seconds left.\n|\n|t:|1727119603\n|move|p2a: Incineroar|Fake Out|p1b: Dragonite\n|-damage|p1b: Dragonite|47\/100\n|cant|p1b: Dragonite|flinch\n|move|p2b: Gholdengo|Shadow Ball|p1a: Porygon2\n|-supereffective|p1a: Porygon2\n|-damage|p1a: Porygon2|0 fnt\n|faint|p1a: Porygon2\n|\n|-heal|p2b: Gholdengo|16\/100|[from] item: Leftovers\n|upkeep\n|\n|t:|1727119606\n|switch|p1a: Amoonguss|Amoonguss, L50, F|100\/100\n|turn|4\n|inactive|Djjwjwwjj has 30 seconds left.\n|\n|t:|1727119633\n|move|p1b: Dragonite|Stomping Tantrum|p2b: Gholdengo\n|-supereffective|p2b: Gholdengo\n|-damage|p2b: Gholdengo|0 fnt\n|faint|p2b: Gholdengo\n|move|p2a: Incineroar|Flare Blitz|p1a: Amoonguss\n|-supereffective|p1a: Amoonguss\n|-damage|p1a: Amoonguss|16\/100\n|-damage|p2a: Incineroar|56\/100|[from] item: Rocky Helmet|[of] p1a: Amoonguss\n|-damage|p2a: Incineroar|26\/100|[from] Recoil\n|-enditem|p2a: Incineroar|Sitrus Berry|[eat]\n|-heal|p2a: Incineroar|51\/100|[from] item: Sitrus Berry\n|move|p1a: Amoonguss|Pollen Puff|p1b: Dragonite\n|-heal|p1b: Dragonite|97\/100\n|\n|upkeep\n|\n|t:|1727119653\n|switch|p2b: Palafin|Palafin-Hero, L50, M|100\/100\n|-activate|p2b: Palafin|ability: Zero to Hero\n|turn|5\n|\n|t:|1727119673\n|switch|p2a: Pelipper|Pelipper, L50, M|100\/100\n|-weather|RainDance|[from] ability: Drizzle|[of] p2a: Pelipper\n|move|p1a: Amoonguss|Protect|p1a: Amoonguss\n|-singleturn|p1a: Amoonguss|Protect\n|move|p2b: Palafin|Jet Punch|p1a: Amoonguss\n|-activate|p1a: Amoonguss|move: Protect\n|move|p1b: Dragonite|Stomping Tantrum|p2a: Pelipper\n|-immune|p2a: Pelipper\n|\n|-weather|RainDance|[upkeep]\n|upkeep\n|turn|6\n|\n|t:|1727119697\n|move|p1b: Dragonite|Extreme Speed|p2a: Pelipper\n|-damage|p2a: Pelipper|63\/100\n|move|p2b: Palafin|Jet Punch|p1a: Amoonguss\n|-resisted|p1a: Amoonguss\n|-damage|p1a: Amoonguss|0 fnt\n|-damage|p2b: Palafin|84\/100|[from] item: Rocky Helmet|[of] p1a: Amoonguss\n|faint|p1a: Amoonguss\n|move|p2a: Pelipper|Icy Wind|p1b: Dragonite\n|-supereffective|p1b: Dragonite\n|-damage|p1b: Dragonite|44\/100\n|-unboost|p1b: Dragonite|spe|1\n|\n|-weather|RainDance|[upkeep]\n|upkeep\n|turn|7\n|\n|t:|1727119714\n|-terastallize|p2b: Palafin|Water\n|move|p2b: Palafin|Jet Punch|p1b: Dragonite\n|-resisted|p1b: Dragonite\n|-damage|p1b: Dragonite|0 fnt\n|faint|p1b: Dragonite\n|\n|win|Djjwjwwjj\n|raw|elvegis1's rating: 1697 &rarr; <strong>1677<\/strong><br \/>(-20 for losing)\n|raw|Djjwjwwjj's rating: 1698 &rarr; <strong>1718<\/strong><br \/>(+20 for winning)\n|l|\u2606Djjwjwwjj\n|player|p2|\n|l|\u2606elvegis1\n|player|p1|\n","uploadtime":1727119937,"views":28,"formatid":"gen9vgc2024regh","rating":1677,"private":0,"password":null}