{"id":"gen9vgc2024regh-2208147915","format":"[Gen 9] VGC 2024 Reg H","players":["YoungsterJoseRegH","Moosewii7"],"log":"|j|\u2606YoungsterJoseRegH\n|j|\u2606Moosewii7\n|t:|1727125783\n|gametype|doubles\n|player|p1|YoungsterJoseRegH|102|1693\n|player|p2|Moosewii7|170|1706\n|teamsize|p1|6\n|teamsize|p2|6\n|gen|9\n|tier|[Gen 9] VGC 2024 Reg H\n|rated|\n|rule|Species Clause: Limit one of each Pok\u00e9mon\n|rule|Item Clause: Limit 1 of each item\n|clearpoke\n|poke|p1|Garchomp, L50, F|\n|poke|p1|Tauros-Paldea-Aqua, L50, M|\n|poke|p1|Gholdengo, L50|\n|poke|p1|Amoonguss, L50, M|\n|poke|p1|Tyranitar, L50, F|\n|poke|p1|Talonflame, L50, M|\n|poke|p2|Garganacl, L50, F|\n|poke|p2|Amoonguss, L50, F|\n|poke|p2|Dragapult, L50, F|\n|poke|p2|Kingambit, L50, F|\n|poke|p2|Dragonite, L50, F|\n|poke|p2|Ninetales-Alola, L50, F|\n|teampreview|4\n|inactive|Battle timer is ON: inactive players will automatically lose when time's up. (requested by YoungsterJoseRegH)\n|\n|t:|1727125808\n|start\n|switch|p1a: Gholdengo|Gholdengo, L50|100\/100\n|switch|p1b: Talonflame|Talonflame, L50, M|100\/100\n|switch|p2a: Garganacl|Garganacl, L50, F|100\/100\n|switch|p2b: Dragapult|Dragapult, L50, F|100\/100\n|turn|1\n|inactive|Moosewii7 has 30 seconds left.\n|\n|t:|1727125840\n|-terastallize|p1a: Gholdengo|Steel\n|move|p2b: Dragapult|Protect|p2b: Dragapult\n|-singleturn|p2b: Dragapult|Protect\n|move|p1b: Talonflame|Taunt|p2a: Garganacl\n|-start|p2a: Garganacl|move: Taunt\n|move|p1a: Gholdengo|Make It Rain|p2a: Garganacl|[spread] p2a\n|-activate|p2b: Dragapult|move: Protect\n|-supereffective|p2a: Garganacl\n|-damage|p2a: Garganacl|0 fnt\n|-unboost|p1a: Gholdengo|spa|1\n|faint|p2a: Garganacl\n|\n|upkeep\n|\n|t:|1727125856\n|switch|p2a: Dragonite|Dragonite, L50, F|100\/100\n|turn|2\n|\n|t:|1727125865\n|move|p1b: Talonflame|Tailwind|p1b: Talonflame\n|-sidestart|p1: YoungsterJoseRegH|move: Tailwind\n|move|p1a: Gholdengo|Make It Rain|p2a: Dragonite|[spread] p2a,p2b\n|-damage|p2a: Dragonite|72\/100\n|-damage|p2b: Dragapult|32\/100\n|-unboost|p1a: Gholdengo|spa|1\n|move|p2b: Dragapult|Phantom Force||[still]\n|-prepare|p2b: Dragapult|Phantom Force\n|move|p2a: Dragonite|Earthquake|p1b: Talonflame|[spread] p1a\n|-miss|p2a: Dragonite|p2b: Dragapult\n|-immune|p1b: Talonflame\n|-supereffective|p1a: Gholdengo\n|-damage|p1a: Gholdengo|41\/100\n|\n|upkeep\n|turn|3\n|\n|t:|1727125883\n|switch|p1a: Tyranitar|Tyranitar, L50, F, shiny|100\/100\n|-weather|Sandstorm|[from] ability: Sand Stream|[of] p1a: Tyranitar\n|move|p2a: Dragonite|Extreme Speed|p1b: Talonflame\n|-damage|p1b: Talonflame|62\/100\n|move|p1b: Talonflame|Will-O-Wisp|p2a: Dragonite\n|-status|p2a: Dragonite|brn\n|move|p2b: Dragapult|Phantom Force|p1a: Tyranitar|[from]lockedmove\n|-resisted|p1a: Tyranitar\n|-damage|p1a: Tyranitar|75\/100\n|-damage|p2b: Dragapult|22\/100|[from] item: Life Orb\n|\n|-weather|Sandstorm|[upkeep]\n|-damage|p1b: Talonflame|56\/100|[from] Sandstorm\n|-damage|p2b: Dragapult|16\/100|[from] Sandstorm\n|-damage|p2a: Dragonite|66\/100 brn|[from] Sandstorm\n|-damage|p2a: Dragonite|60\/100 brn|[from] brn\n|upkeep\n|turn|4\n|\n|t:|1727125903\n|move|p2b: Dragapult|Protect|p2b: Dragapult\n|-singleturn|p2b: Dragapult|Protect\n|move|p1b: Talonflame|Will-O-Wisp|p2b: Dragapult\n|-activate|p2b: Dragapult|move: Protect\n|move|p1a: Tyranitar|Rock Slide|p2b: Dragapult|[spread] p2a\n|-activate|p2b: Dragapult|move: Protect\n|-supereffective|p2a: Dragonite\n|-damage|p2a: Dragonite|7\/100 brn\n|-enditem|p2a: Dragonite|Weakness Policy\n|-boost|p2a: Dragonite|atk|2|[from] item: Weakness Policy\n|-boost|p2a: Dragonite|spa|2|[from] item: Weakness Policy\n|move|p2a: Dragonite|Earthquake|p1b: Talonflame|[spread] p1a\n|-activate|p2b: Dragapult|move: Protect\n|-immune|p1b: Talonflame\n|-supereffective|p1a: Tyranitar\n|-damage|p1a: Tyranitar|23\/100\n|\n|-weather|Sandstorm|[upkeep]\n|-damage|p1b: Talonflame|50\/100|[from] Sandstorm\n|-damage|p2b: Dragapult|10\/100|[from] Sandstorm\n|-damage|p2a: Dragonite|1\/100 brn|[from] Sandstorm\n|-damage|p2a: Dragonite|0 fnt|[from] brn\n|faint|p2a: Dragonite\n|upkeep\n|\n|t:|1727125925\n|switch|p2a: Amoonguss|Amoonguss, L50, F|100\/100\n|turn|5\n|\n|t:|1727125939\n|move|p2b: Dragapult|Sucker Punch||[still]\n|-fail|p2b: Dragapult\n|move|p1b: Talonflame|Taunt|p2a: Amoonguss\n|-start|p2a: Amoonguss|move: Taunt\n|move|p1a: Tyranitar|Rock Slide|p2b: Dragapult|[spread] p2a\n|-miss|p1a: Tyranitar|p2b: Dragapult\n|-damage|p2a: Amoonguss|76\/100\n|cant|p2a: Amoonguss|flinch\n|\n|-weather|Sandstorm|[upkeep]\n|-damage|p1b: Talonflame|44\/100|[from] Sandstorm\n|-damage|p2b: Dragapult|4\/100|[from] Sandstorm\n|-damage|p2a: Amoonguss|70\/100|[from] Sandstorm\n|-sideend|p1: YoungsterJoseRegH|move: Tailwind\n|upkeep\n|turn|6\n|-message|Moosewii7 forfeited.\n|\n|win|YoungsterJoseRegH\n|raw|YoungsterJoseRegH's rating: 1693 &rarr; <strong>1714<\/strong><br \/>(+21 for winning)\n|raw|Moosewii7's rating: 1706 &rarr; <strong>1685<\/strong><br \/>(-21 for losing)\n|l|\u2606YoungsterJoseRegH\n|player|p1|\n|l|\u2606Moosewii7\n|player|p2|\n","uploadtime":1727126172,"views":29,"formatid":"gen9vgc2024regh","rating":1685,"private":0,"password":null}