{"id":"gen9vgc2024regh-2208998066","format":"[Gen 9] VGC 2024 Reg H","players":["Zordor","chiitancrazymascot"],"log":"|j|\u2606Zordor\n|j|\u2606chiitancrazymascot\n|t:|1727221600\n|gametype|doubles\n|player|p1|Zordor|pilot|1751\n|player|p2|chiitancrazymascot|pokemaniac|1860\n|teamsize|p1|6\n|teamsize|p2|6\n|gen|9\n|tier|[Gen 9] VGC 2024 Reg H\n|rated|\n|rule|Species Clause: Limit one of each Pok\u00e9mon\n|rule|Item Clause: Limit 1 of each item\n|clearpoke\n|poke|p1|Rotom-Wash, L50|\n|poke|p1|Sneasler, L50, F|\n|poke|p1|Kingambit, L50, F|\n|poke|p1|Venusaur, L50, M|\n|poke|p1|Armarouge, L50, M|\n|poke|p1|Dragapult, L50, F|\n|poke|p2|Annihilape, L50, F|\n|poke|p2|Dondozo, L50, M|\n|poke|p2|Maushold-Four, L50|\n|poke|p2|Gholdengo, L50|\n|poke|p2|Whimsicott, L50, M|\n|poke|p2|Tatsugiri, L50, M|\n|teampreview|4\n|inactive|Battle timer is ON: inactive players will automatically lose when time's up. (requested by chiitancrazymascot)\n|\n|t:|1727221628\n|start\n|switch|p1a: Sneasler|Sneasler, L50, F|100\/100\n|switch|p1b: Rotom|Rotom-Wash, L50|100\/100\n|switch|p2a: Maushold|Maushold-Four, L50|100\/100\n|switch|p2b: Annihilape|Annihilape, L50, F, shiny|100\/100\n|turn|1\n|\n|t:|1727221645\n|move|p1a: Sneasler|Dire Claw|p2a: Maushold\n|-damage|p2a: Maushold|50\/100\n|move|p2a: Maushold|Taunt|p1b: Rotom\n|-start|p1b: Rotom|move: Taunt\n|cant|p1b: Rotom|move: Taunt|Will-O-Wisp\n|move|p2b: Annihilape|Bulk Up|p2b: Annihilape\n|-boost|p2b: Annihilape|atk|1\n|-boost|p2b: Annihilape|def|1\n|\n|upkeep\n|turn|2\n|\n|t:|1727221664\n|-terastallize|p2a: Maushold|Ghost\n|move|p1a: Sneasler|Dire Claw|p2b: Annihilape\n|-resisted|p2b: Annihilape\n|-damage|p2b: Annihilape|90\/100\n|move|p2a: Maushold|Beat Up|p2b: Annihilape\n|-damage|p2b: Annihilape|89\/100\n|-damage|p2b: Annihilape|87\/100\n|-damage|p2b: Annihilape|85\/100\n|-damage|p2b: Annihilape|84\/100\n|-hitcount|p2b: Annihilape|4\n|move|p1b: Rotom|Hydro Pump|p2b: Annihilape\n|-damage|p2b: Annihilape|63\/100\n|move|p2b: Annihilape|Rage Fist|p1a: Sneasler\n|-crit|p1a: Sneasler\n|-enditem|p1a: Sneasler|Focus Sash\n|-damage|p1a: Sneasler|1\/100\n|\n|upkeep\n|turn|3\n|inactive|Zordor has 30 seconds left.\n|inactive|Zordor has 20 seconds left.\n|\n|t:|1727221700\n|move|p1a: Sneasler|Rock Tomb|p2a: Maushold\n|-damage|p2a: Maushold|24\/100\n|-unboost|p2a: Maushold|spe|1\n|move|p1b: Rotom|Hydro Pump|p2a: Maushold\n|-damage|p2a: Maushold|0 fnt\n|faint|p2a: Maushold\n|move|p2b: Annihilape|Rage Fist|p1b: Rotom\n|-damage|p1b: Rotom|0 fnt\n|faint|p1b: Rotom\n|\n|upkeep\n|\n|t:|1727221711\n|switch|p2a: Dondozo|Dondozo, L50, M, shiny|100\/100\n|switch|p1b: Dragapult|Dragapult, L50, F|100\/100\n|turn|4\n|inactive|Zordor has 30 seconds left.\n|\n|t:|1727221742\n|move|p1a: Sneasler|Dire Claw|p2a: Dondozo\n|-damage|p2a: Dondozo|71\/100\n|move|p1b: Dragapult|Phantom Force||[still]\n|-prepare|p1b: Dragapult|Phantom Force\n|move|p2b: Annihilape|Rage Fist|p1b: Dragapult|[miss]\n|-miss|p2b: Annihilape|p1b: Dragapult\n|move|p2a: Dondozo|Order Up|p1a: Sneasler\n|-damage|p1a: Sneasler|0 fnt\n|faint|p1a: Sneasler\n|\n|-heal|p2a: Dondozo|77\/100|[from] item: Leftovers\n|upkeep\n|\n|t:|1727221749\n|switch|p1a: Venusaur|Venusaur, L50, M|100\/100\n|turn|5\n|\n|t:|1727221764\n|switch|p2b: Tatsugiri|Tatsugiri, L50, M, shiny|100\/100\n|-activate|p2b: Tatsugiri|ability: Commander|[of] p2a: Dondozo\n|-boost|p2a: Dondozo|atk|2\n|-boost|p2a: Dondozo|spa|2\n|-boost|p2a: Dondozo|spe|2\n|-boost|p2a: Dondozo|def|2\n|-boost|p2a: Dondozo|spd|2\n|-terastallize|p1a: Venusaur|Dark\n|move|p1b: Dragapult|Phantom Force|p2a: Dondozo|[from]lockedmove\n|-damage|p2a: Dondozo|64\/100\n|move|p2a: Dondozo|Order Up|p1b: Dragapult\n|-supereffective|p1b: Dragapult\n|-damage|p1b: Dragapult|0 fnt\n|faint|p1b: Dragapult\n|-boost|p2a: Dondozo|atk|1\n|move|p1a: Venusaur|Giga Drain|p2a: Dondozo\n|-supereffective|p2a: Dondozo\n|-damage|p2a: Dondozo|28\/100\n|\n|-heal|p2a: Dondozo|35\/100|[from] item: Leftovers\n|upkeep\n|turn|6\n|\n|t:|1727221776\n|move|p2a: Dondozo|Protect|p2a: Dondozo\n|-singleturn|p2a: Dondozo|Protect\n|move|p1a: Venusaur|Giga Drain|p2a: Dondozo\n|-activate|p2a: Dondozo|move: Protect\n|\n|-heal|p2a: Dondozo|41\/100|[from] item: Leftovers\n|upkeep\n|turn|7\n|\n|t:|1727221779\n|move|p2a: Dondozo|Wave Crash|p1a: Venusaur\n|-damage|p1a: Venusaur|0 fnt\n|faint|p1a: Venusaur\n|-damage|p2a: Dondozo|15\/100|[from] Recoil\n|\n|win|chiitancrazymascot\n|raw|Zordor's rating: 1751 &rarr; <strong>1737<\/strong><br \/>(-14 for losing)\n|raw|chiitancrazymascot's rating: 1860 &rarr; <strong>1874<\/strong><br \/>(+14 for winning)\n","uploadtime":1727221781,"views":90,"formatid":"gen9vgc2024regh","rating":1737,"private":0,"password":null}