{"id":"gen9vgc2024regh-2208383772","format":"[Gen 9] VGC 2024 Reg H","players":["ORAORWRYYYYYYY","chappell murkroan"],"log":"|j|\u203dORAORWRYYYYYYY\n|j|\u2606chappell murkroan\n|t:|1727154467\n|gametype|doubles\n|player|p1|ORAORWRYYYYYYY|2|1687\n|player|p2|chappell murkroan|caitlin|1687\n|teamsize|p1|6\n|teamsize|p2|6\n|gen|9\n|tier|[Gen 9] VGC 2024 Reg H\n|rated|\n|rule|Species Clause: Limit one of each Pok\u00e9mon\n|rule|Item Clause: Limit 1 of each item\n|clearpoke\n|poke|p1|Typhlosion-Hisui, L50, M|\n|poke|p1|Whimsicott, L50, F|\n|poke|p1|Incineroar, L50, F|\n|poke|p1|Ursaluna-Bloodmoon, L50, M|\n|poke|p1|Amoonguss, L50, F|\n|poke|p1|Maushold-Four, L50|\n|poke|p2|Slaking, L50, M|\n|poke|p2|Weezing, L50, F|\n|poke|p2|Dondozo, L50, F|\n|poke|p2|Tatsugiri, L50, F|\n|poke|p2|Talonflame, L50, M|\n|poke|p2|Brambleghast, L50, F|\n|teampreview|4\n|inactive|Battle timer is ON: inactive players will automatically lose when time's up. (requested by chappell murkroan)\n|inactive|ORAORWRYYYYYYY also wants the timer to be on.\n|j| lswagh\n|inactive|ORAORWRYYYYYYY has 60 seconds left.\n|l| lswagh\n|inactive|ORAORWRYYYYYYY has 30 seconds left.\n|inactive|ORAORWRYYYYYYY has 20 seconds left.\n|inactive|ORAORWRYYYYYYY has 15 seconds left.\n|inactive|ORAORWRYYYYYYY has 10 seconds left.\n|inactive|ORAORWRYYYYYYY has 5 seconds left.\n|\n|t:|1727154556\n|start\n|switch|p1a: Amoonguss|Amoonguss, L50, F|100\/100\n|switch|p1b: Typhlosion|Typhlosion-Hisui, L50, M|100\/100\n|switch|p2a: Talonflame|Talonflame, L50, M|100\/100\n|switch|p2b: Brambleghast|Brambleghast, L50, F|100\/100\n|-item|p2a: Talonflame|Covert Cloak|[from] ability: Frisk|[of] p1b: Typhlosion\n|-item|p2b: Brambleghast|Choice Band|[from] ability: Frisk|[of] p1b: Typhlosion\n|turn|1\n|inactive|ORAORWRYYYYYYY has 30 seconds left.\n|\n|t:|1727154589\n|switch|p1a: Incineroar|Incineroar, L50, F|100\/100\n|-ability|p1a: Incineroar|Intimidate|boost\n|-unboost|p2a: Talonflame|atk|1\n|-unboost|p2b: Brambleghast|atk|1\n|-terastallize|p1b: Typhlosion|Fire\n|move|p2a: Talonflame|Brave Bird|p1a: Incineroar\n|-damage|p1a: Incineroar|72\/100\n|-damage|p2a: Talonflame|88\/100|[from] Recoil\n|move|p2b: Brambleghast|Shadow Sneak|p1b: Typhlosion\n|-damage|p1b: Typhlosion|72\/100\n|move|p1b: Typhlosion|Eruption|p2b: Brambleghast|[spread] p2a,p2b\n|-resisted|p2a: Talonflame\n|-supereffective|p2b: Brambleghast\n|-damage|p2a: Talonflame|29\/100\n|-damage|p2b: Brambleghast|0 fnt\n|faint|p2b: Brambleghast\n|\n|upkeep\n|\n|t:|1727154596\n|switch|p2b: Dondozo|Dondozo, L50, F|100\/100\n|turn|2\n|\n|t:|1727154610\n|switch|p1b: Amoonguss|Amoonguss, L50, F|100\/100\n|move|p2b: Dondozo|Protect|p2b: Dondozo\n|-singleturn|p2b: Dondozo|Protect\n|move|p2a: Talonflame|Brave Bird|p1b: Amoonguss\n|-supereffective|p1b: Amoonguss\n|-damage|p1b: Amoonguss|49\/100\n|-damage|p2a: Talonflame|13\/100|[from] item: Rocky Helmet|[of] p1b: Amoonguss\n|-damage|p2a: Talonflame|0 fnt|[from] Recoil\n|faint|p2a: Talonflame\n|move|p1a: Incineroar|U-turn|p2b: Dondozo\n|-activate|p2b: Dondozo|move: Protect\n|\n|upkeep\n|j| Lavenderawa\n|\n|t:|1727154621\n|switch|p2a: Tatsugiri|Tatsugiri, L50, F|100\/100\n|-activate|p2a: Tatsugiri|ability: Commander|[of] p2b: Dondozo\n|-boost|p2b: Dondozo|atk|2\n|-boost|p2b: Dondozo|spa|2\n|-boost|p2b: Dondozo|spe|2\n|-boost|p2b: Dondozo|def|2\n|-boost|p2b: Dondozo|spd|2\n|turn|3\n|\n|t:|1727154629\n|-terastallize|p2b: Dondozo|Steel\n|move|p2b: Dondozo|Wave Crash|p1a: Incineroar\n|-supereffective|p1a: Incineroar\n|-damage|p1a: Incineroar|0 fnt\n|faint|p1a: Incineroar\n|-damage|p2b: Dondozo|79\/100|[from] Recoil\n|move|p1b: Amoonguss|Clear Smog|p2b: Dondozo\n|-immune|p2b: Dondozo\n|\n|upkeep\n|\n|t:|1727154636\n|switch|p1a: Ursaluna|Ursaluna-Bloodmoon, L50, M|100\/100\n|turn|4\n|\n|t:|1727154642\n|move|p1a: Ursaluna|Protect|p1a: Ursaluna\n|-singleturn|p1a: Ursaluna|Protect\n|move|p2b: Dondozo|Wave Crash|p1a: Ursaluna\n|-activate|p1a: Ursaluna|move: Protect\n|move|p1b: Amoonguss|Spore|p2b: Dondozo\n|-activate|p2b: Dondozo|item: Safety Goggles|Spore\n|\n|upkeep\n|turn|5\n|j| lswagh\n|\n|t:|1727154653\n|move|p1b: Amoonguss|Rage Powder|p1b: Amoonguss\n|-singleturn|p1b: Amoonguss|move: Rage Powder\n|move|p2b: Dondozo|Wave Crash|p1a: Ursaluna\n|-supereffective|p1a: Ursaluna\n|-damage|p1a: Ursaluna|0 fnt\n|faint|p1a: Ursaluna\n|-damage|p2b: Dondozo|52\/100|[from] Recoil\n|\n|upkeep\n|c|\u2606chappell murkroan|they're in shambles\n|\n|t:|1727154665\n|switch|p1a: Typhlosion|Typhlosion-Hisui, L50, M, tera:Fire|72\/100\n|-item|p2a: Tatsugiri|Focus Sash|[from] ability: Frisk|[of] p1a: Typhlosion\n|-item|p2b: Dondozo|Safety Goggles|[from] ability: Frisk|[of] p1a: Typhlosion\n|turn|6\n|\n|t:|1727154673\n|move|p2b: Dondozo|Wave Crash|p1a: Typhlosion\n|-supereffective|p1a: Typhlosion\n|-damage|p1a: Typhlosion|0 fnt\n|faint|p1a: Typhlosion\n|-damage|p2b: Dondozo|37\/100|[from] Recoil\n|move|p1b: Amoonguss|Spore|p2a: Tatsugiri|[miss]\n|-miss|p1b: Amoonguss|p2a: Tatsugiri\n|\n|upkeep\n|turn|7\n|-message|ORAORWRYYYYYYY forfeited.\n|\n|win|chappell murkroan\n|raw|ORAORWRYYYYYYY's rating: 1687 &rarr; <strong>1667<\/strong><br \/>(-20 for losing)\n|raw|chappell murkroan's rating: 1687 &rarr; <strong>1707<\/strong><br \/>(+20 for winning)\n|l|\u203dORAORWRYYYYYYY\n|player|p1|\n|l|\u2606chappell murkroan\n|player|p2|\n","uploadtime":1727154831,"views":30,"formatid":"gen9vgc2024regh","rating":1667,"private":0,"password":null}