{"id":"gen9vgc2024regh-2208634161","format":"[Gen 9] VGC 2024 Reg H","players":["Mode Harambe","pr0xsome"],"log":"|j|\u2606Mode Harambe\n|j|\u2606pr0xsome\n|t:|1727188384\n|gametype|doubles\n|player|p1|Mode Harambe|red|1750\n|player|p2|pr0xsome|preschooler|1678\n|teamsize|p1|6\n|teamsize|p2|6\n|gen|9\n|tier|[Gen 9] VGC 2024 Reg H\n|rated|\n|rule|Species Clause: Limit one of each Pok\u00e9mon\n|rule|Item Clause: Limit 1 of each item\n|clearpoke\n|poke|p1|Sneasler, L50, F|\n|poke|p1|Gholdengo, L50|\n|poke|p1|Dragapult, L50, M|\n|poke|p1|Rillaboom, L50, M|\n|poke|p1|Clefable, L50, M|\n|poke|p1|Incineroar, L50, M|\n|poke|p2|Basculegion, L50, M|\n|poke|p2|Pelipper, L50, F|\n|poke|p2|Archaludon, L50, F|\n|poke|p2|Amoonguss, L50, F|\n|poke|p2|Gholdengo, L50|\n|poke|p2|Scrafty, L50, F|\n|teampreview|4\n|\n|t:|1727188431\n|start\n|switch|p1a: Sneasler|Sneasler, L50, F|100\/100\n|switch|p1b: Dragapult|Dragapult, L50, M|100\/100\n|switch|p2a: Gholdengo|Gholdengo, L50|100\/100\n|switch|p2b: Amoonguss|Amoonguss, L50, F|100\/100\n|turn|1\n|j| televis69\n|l| televis69\n|\n|t:|1727188467\n|switch|p1a: Gholdengo|Gholdengo, L50|100\/100\n|-terastallize|p1b: Dragapult|Dragon\n|move|p1b: Dragapult|Dragon Darts|p2b: Amoonguss\n|-damage|p2b: Amoonguss|54\/100\n|-anim|p1b: Dragapult|Dragon Darts|p2a: Gholdengo\n|-resisted|p2a: Gholdengo\n|-damage|p2a: Gholdengo|71\/100\n|move|p2a: Gholdengo|Make It Rain|p1a: Gholdengo|[spread] p1a,p1b\n|-resisted|p1a: Gholdengo\n|-damage|p1a: Gholdengo|62\/100\n|-damage|p1b: Dragapult|19\/100\n|-unboost|p2a: Gholdengo|spa|1\n|move|p2b: Amoonguss|Pollen Puff|p1a: Gholdengo\n|-resisted|p1a: Gholdengo\n|-damage|p1a: Gholdengo|56\/100\n|\n|upkeep\n|turn|2\n|\n|t:|1727188481\n|move|p2b: Amoonguss|Rage Powder|p2b: Amoonguss\n|-singleturn|p2b: Amoonguss|move: Rage Powder\n|move|p1b: Dragapult|Dragon Darts|p2b: Amoonguss\n|-damage|p2b: Amoonguss|7\/100\n|-enditem|p2b: Amoonguss|Sitrus Berry|[eat]\n|-heal|p2b: Amoonguss|32\/100|[from] item: Sitrus Berry\n|-anim|p1b: Dragapult|Dragon Darts|p2b: Amoonguss\n|-damage|p2b: Amoonguss|0 fnt\n|faint|p2b: Amoonguss\n|move|p1a: Gholdengo|Make It Rain|p2a: Gholdengo\n|-resisted|p2a: Gholdengo\n|-damage|p2a: Gholdengo|24\/100\n|-unboost|p1a: Gholdengo|spa|1\n|-damage|p1a: Gholdengo|46\/100|[from] item: Life Orb\n|move|p2a: Gholdengo|Shadow Ball|p1a: Gholdengo\n|-supereffective|p1a: Gholdengo\n|-damage|p1a: Gholdengo|0 fnt\n|faint|p1a: Gholdengo\n|\n|upkeep\n|\n|t:|1727188491\n|switch|p1a: Sneasler|Sneasler, L50, F|100\/100\n|switch|p2b: Scrafty|Scrafty, L50, F|100\/100\n|-ability|p2b: Scrafty|Intimidate|boost\n|-unboost|p1a: Sneasler|atk|1\n|-fail|p1b: Dragapult|unboost|[from] ability: Clear Body|[of] p1b: Dragapult\n|turn|3\n|\n|t:|1727188519\n|move|p2b: Scrafty|Protect|p2b: Scrafty\n|-singleturn|p2b: Scrafty|Protect\n|move|p1a: Sneasler|Fake Out|p2b: Scrafty\n|-activate|p2b: Scrafty|move: Protect\n|move|p1b: Dragapult|Dragon Darts|p2a: Gholdengo\n|-resisted|p2a: Gholdengo\n|-damage|p2a: Gholdengo|0 fnt\n|faint|p2a: Gholdengo\n|\n|upkeep\n|\n|t:|1727188526\n|switch|p2a: Basculegion|Basculegion, L50, M|100\/100\n|turn|4\n|\n|t:|1727188532\n|-terastallize|p2b: Scrafty|Fire\n|move|p2a: Basculegion|Last Respects|p1b: Dragapult\n|-damage|p1b: Dragapult|0 fnt\n|faint|p1b: Dragapult\n|move|p1a: Sneasler|Close Combat|p2b: Scrafty\n|-damage|p2b: Scrafty|65\/100\n|-unboost|p1a: Sneasler|def|1\n|-unboost|p1a: Sneasler|spd|1\n|move|p2b: Scrafty|Knock Off|p1a: Sneasler\n|-resisted|p1a: Sneasler\n|-damage|p1a: Sneasler|54\/100\n|-enditem|p1a: Sneasler|Focus Sash|[from] move: Knock Off|[of] p2b: Scrafty\n|\n|upkeep\n|\n|t:|1727188535\n|switch|p1b: Rillaboom|Rillaboom, L50, M|100\/100\n|-fieldstart|move: Grassy Terrain|[from] ability: Grassy Surge|[of] p1b: Rillaboom\n|turn|5\n|\n|t:|1727188548\n|move|p1b: Rillaboom|Grassy Glide|p2a: Basculegion\n|-supereffective|p2a: Basculegion\n|-damage|p2a: Basculegion|11\/100\n|move|p2a: Basculegion|Last Respects|p1a: Sneasler\n|-damage|p1a: Sneasler|0 fnt\n|faint|p1a: Sneasler\n|move|p2b: Scrafty|Knock Off|p1b: Rillaboom\n|-damage|p1b: Rillaboom|67\/100\n|-enditem|p1b: Rillaboom|Assault Vest|[from] move: Knock Off|[of] p2b: Scrafty\n|\n|-heal|p2a: Basculegion|17\/100|[from] Grassy Terrain\n|-heal|p1b: Rillaboom|72\/100|[from] Grassy Terrain\n|-heal|p2b: Scrafty|71\/100|[from] Grassy Terrain\n|upkeep\n|turn|6\n|\n|t:|1727188567\n|move|p1b: Rillaboom|Grassy Glide|p2a: Basculegion\n|-supereffective|p2a: Basculegion\n|-damage|p2a: Basculegion|0 fnt\n|faint|p2a: Basculegion\n|move|p2b: Scrafty|Low Kick|p1b: Rillaboom\n|-damage|p1b: Rillaboom|47\/100\n|\n|-heal|p1b: Rillaboom|53\/100|[from] Grassy Terrain\n|-heal|p2b: Scrafty|77\/100|[from] Grassy Terrain\n|upkeep\n|turn|7\n|\n|t:|1727188577\n|move|p2b: Scrafty|Protect|p2b: Scrafty\n|-singleturn|p2b: Scrafty|Protect\n|move|p1b: Rillaboom|Wood Hammer|p2b: Scrafty\n|-activate|p2b: Scrafty|move: Protect\n|\n|-heal|p1b: Rillaboom|59\/100|[from] Grassy Terrain\n|-heal|p2b: Scrafty|82\/100|[from] Grassy Terrain\n|upkeep\n|turn|8\n|\n|t:|1727188582\n|move|p1b: Rillaboom|Wood Hammer|p2b: Scrafty\n|-resisted|p2b: Scrafty\n|-damage|p2b: Scrafty|45\/100\n|-damage|p1b: Rillaboom|49\/100|[from] Recoil\n|move|p2b: Scrafty|Low Kick|p1b: Rillaboom\n|-damage|p1b: Rillaboom|22\/100\n|\n|-heal|p1b: Rillaboom|28\/100|[from] Grassy Terrain\n|-heal|p2b: Scrafty|51\/100|[from] Grassy Terrain\n|upkeep\n|turn|9\n|\n|t:|1727188589\n|move|p2b: Scrafty|Protect|p2b: Scrafty\n|-singleturn|p2b: Scrafty|Protect\n|move|p1b: Rillaboom|Wood Hammer|p2b: Scrafty\n|-activate|p2b: Scrafty|move: Protect\n|\n|-heal|p1b: Rillaboom|34\/100|[from] Grassy Terrain\n|-heal|p2b: Scrafty|57\/100|[from] Grassy Terrain\n|-fieldend|move: Grassy Terrain\n|upkeep\n|turn|10\n|\n|t:|1727188594\n|move|p1b: Rillaboom|Grassy Glide|p2b: Scrafty\n|-resisted|p2b: Scrafty\n|-damage|p2b: Scrafty|44\/100\n|move|p2b: Scrafty|Low Kick|p1b: Rillaboom\n|-damage|p1b: Rillaboom|6\/100\n|\n|upkeep\n|turn|11\n|\n|t:|1727188597\n|move|p1b: Rillaboom|Wood Hammer|p2b: Scrafty\n|-resisted|p2b: Scrafty\n|-damage|p2b: Scrafty|18\/100\n|-damage|p1b: Rillaboom|0 fnt|[from] Recoil\n|faint|p1b: Rillaboom\n|\n|win|pr0xsome\n|raw|Mode Harambe's rating: 1750 &rarr; <strong>1726<\/strong><br \/>(-24 for losing)\n|raw|pr0xsome's rating: 1678 &rarr; <strong>1702<\/strong><br \/>(+24 for winning)\n|l|\u2606Mode Harambe\n|player|p1|\n|l|\u2606pr0xsome\n|player|p2|\n","uploadtime":1727188839,"views":27,"formatid":"gen9vgc2024regh","rating":1702,"private":0,"password":null}