{"id":"gen9vgc2024regh-2208333117","format":"[Gen 9] VGC 2024 Reg H","players":["elvegis1","chappell murkroan"],"log":"|j|\u2606elvegis1\n|j|\u2606chappell murkroan\n|t:|1727147042\n|gametype|doubles\n|player|p1|elvegis1|lucas|1728\n|player|p2|chappell murkroan|caitlin|1663\n|teamsize|p1|6\n|teamsize|p2|6\n|gen|9\n|tier|[Gen 9] VGC 2024 Reg H\n|rated|\n|rule|Species Clause: Limit one of each Pok\u00e9mon\n|rule|Item Clause: Limit 1 of each item\n|clearpoke\n|poke|p1|Porygon2, L50|\n|poke|p1|Kingambit, L50, F|\n|poke|p1|Amoonguss, L50, F|\n|poke|p1|Sneasler, L50, M|\n|poke|p1|Gengar, L50, F|\n|poke|p1|Dragonite, L50, F|\n|poke|p2|Slaking, L50, M|\n|poke|p2|Weezing, L50, M|\n|poke|p2|Dondozo, L50, M|\n|poke|p2|Tatsugiri, L50, F|\n|poke|p2|Talonflame, L50, F|\n|poke|p2|Brambleghast, L50, F|\n|teampreview|4\n|inactive|Battle timer is ON: inactive players will automatically lose when time's up. (requested by chappell murkroan)\n|inactive|elvegis1 has 60 seconds left.\n|\n|t:|1727147079\n|start\n|switch|p1a: Sneasler|Sneasler, L50, M|100\/100\n|switch|p1b: Dragonite|Dragonite, L50, F|100\/100\n|switch|p2a: Weezing|Weezing, L50, M|100\/100\n|switch|p2b: Slaking|Slaking, L50, M|100\/100\n|-ability|p2a: Weezing|Neutralizing Gas\n|turn|1\n|\n|t:|1727147086\n|move|p1a: Sneasler|Protect|p1a: Sneasler\n|-singleturn|p1a: Sneasler|Protect\n|move|p2b: Slaking|Protect|p2b: Slaking\n|-singleturn|p2b: Slaking|Protect\n|move|p2a: Weezing|Protect|p2a: Weezing\n|-singleturn|p2a: Weezing|Protect\n|move|p1b: Dragonite|Dragon Dance|p1b: Dragonite\n|-boost|p1b: Dragonite|atk|1\n|-boost|p1b: Dragonite|spe|1\n|\n|upkeep\n|turn|2\n|\n|t:|1727147107\n|-terastallize|p2b: Slaking|Ghost\n|move|p1a: Sneasler|Coaching|p1b: Dragonite\n|-boost|p1b: Dragonite|atk|1\n|-boost|p1b: Dragonite|def|1\n|move|p2b: Slaking|High Horsepower|p1a: Sneasler\n|-supereffective|p1a: Sneasler\n|-damage|p1a: Sneasler|0 fnt\n|faint|p1a: Sneasler\n|-damage|p2b: Slaking|91\/100|[from] item: Life Orb\n|move|p1b: Dragonite|Outrage|p2b: Slaking\n|-damage|p2b: Slaking|0 fnt\n|faint|p2b: Slaking\n|move|p2a: Weezing|Sludge Bomb|p1b: Dragonite\n|-damage|p1b: Dragonite|77\/100\n|\n|upkeep\n|\n|t:|1727147126\n|switch|p1a: Amoonguss|Amoonguss, L50, F|100\/100\n|switch|p2b: Dondozo|Dondozo, L50, M|100\/100\n|turn|3\n|\n|t:|1727147134\n|-end|p2a: Weezing|ability: Neutralizing Gas\n|switch|p2a: Tatsugiri|Tatsugiri, L50, F|100\/100\n|-activate|p2a: Tatsugiri|ability: Commander|[of] p2b: Dondozo\n|-boost|p2b: Dondozo|atk|2\n|-boost|p2b: Dondozo|spa|2\n|-boost|p2b: Dondozo|spe|2\n|-boost|p2b: Dondozo|def|2\n|-boost|p2b: Dondozo|spd|2\n|move|p2b: Dondozo|Order Up|p1b: Dragonite\n|-supereffective|p1b: Dragonite\n|-damage|p1b: Dragonite|0 fnt\n|faint|p1b: Dragonite\n|-boost|p2b: Dondozo|atk|1\n|move|p1a: Amoonguss|Spore|p2b: Dondozo\n|-activate|p2b: Dondozo|item: Safety Goggles|Spore\n|\n|upkeep\n|\n|t:|1727147148\n|switch|p1b: Gengar|Gengar, L50, F|100\/100\n|turn|4\n|\n|t:|1727147153\n|move|p1b: Gengar|Haze|p1b: Gengar\n|-clearallboost\n|move|p2b: Dondozo|Heavy Slam|p1b: Gengar\n|-damage|p1b: Gengar|20\/100\n|-start|p2b: Dondozo|Disable|Heavy Slam|[from] ability: Cursed Body|[of] p1b: Gengar\n|move|p1a: Amoonguss|Pollen Puff|p2b: Dondozo\n|-damage|p2b: Dondozo|80\/100\n|\n|upkeep\n|turn|5\n|\n|t:|1727147165\n|move|p1a: Amoonguss|Rage Powder|p1a: Amoonguss\n|-singleturn|p1a: Amoonguss|move: Rage Powder\n|move|p1b: Gengar|Sludge Bomb|p2b: Dondozo\n|-damage|p2b: Dondozo|26\/100\n|move|p2b: Dondozo|Order Up|p1b: Gengar\n|-damage|p1b: Gengar|0 fnt\n|faint|p1b: Gengar\n|-boost|p2b: Dondozo|atk|1\n|\n|upkeep\n|turn|6\n|-message|elvegis1 forfeited.\n|\n|win|chappell murkroan\n|raw|elvegis1's rating: 1728 &rarr; <strong>1704<\/strong><br \/>(-24 for losing)\n|raw|chappell murkroan's rating: 1663 &rarr; <strong>1687<\/strong><br \/>(+24 for winning)\n|l|\u2606elvegis1\n|player|p1|\n|l|\u2606chappell murkroan\n|player|p2|\n","uploadtime":1727147351,"views":20,"formatid":"gen9vgc2024regh","rating":1687,"private":0,"password":null}