{"id":"gen9vgc2024regh-2208080468","format":"[Gen 9] VGC 2024 Reg H","players":["chin8","very demure"],"log":"|j|\u2606chin8\n|j|\u2606very demure\n|t:|1727119567\n|gametype|doubles\n|player|p1|chin8|gentleman-gen4dp|1701\n|player|p2|very demure|dawn-gen4pt|1798\n|teamsize|p1|6\n|teamsize|p2|6\n|gen|9\n|tier|[Gen 9] VGC 2024 Reg H\n|rated|\n|rule|Species Clause: Limit one of each Pok\u00e9mon\n|rule|Item Clause: Limit 1 of each item\n|clearpoke\n|poke|p1|Baxcalibur, L50, M|\n|poke|p1|Kilowattrel, L50, F|\n|poke|p1|Haxorus, L50, M|\n|poke|p1|Gardevoir, L50, F|\n|poke|p1|Magmortar, L50, M|\n|poke|p1|Gholdengo, L50|\n|poke|p2|Dragapult, L50, F|\n|poke|p2|Glimmora, L50, F|\n|poke|p2|Rillaboom, L50, M|\n|poke|p2|Incineroar, L50, M|\n|poke|p2|Dondozo, L50, M|\n|poke|p2|Gholdengo, L50|\n|teampreview|4\n|\n|t:|1727119617\n|start\n|switch|p1a: Kilowattrel|Kilowattrel, L50, F|100\/100\n|switch|p1b: Baxcalibur|Baxcalibur, L50, M|100\/100\n|switch|p2a: Incineroar|Incineroar, L50, M|100\/100\n|switch|p2b: Glimmora|Glimmora, L50, F|100\/100\n|-ability|p2a: Incineroar|Intimidate|boost\n|-unboost|p1a: Kilowattrel|atk|1\n|-ability|p1a: Kilowattrel|Competitive|boost\n|-boost|p1a: Kilowattrel|spa|2\n|-unboost|p1b: Baxcalibur|atk|1\n|turn|1\n|\n|t:|1727119638\n|-terastallize|p1b: Baxcalibur|Ground\n|move|p1a: Kilowattrel|Protect|p1a: Kilowattrel\n|-singleturn|p1a: Kilowattrel|Protect\n|move|p2a: Incineroar|Fake Out|p1b: Baxcalibur\n|-damage|p1b: Baxcalibur|89\/100\n|move|p2b: Glimmora|Power Gem|p1a: Kilowattrel\n|-activate|p1a: Kilowattrel|move: Protect\n|cant|p1b: Baxcalibur|flinch\n|\n|upkeep\n|turn|2\n|inactive|Battle timer is ON: inactive players will automatically lose when time's up. (requested by chin8)\n|\n|t:|1727119662\n|-terastallize|p2b: Glimmora|Grass\n|move|p1a: Kilowattrel|Tailwind|p1a: Kilowattrel\n|-sidestart|p1: chin8|move: Tailwind\n|move|p1b: Baxcalibur|Earthquake|p2a: Incineroar|[spread] p2a,p2b\n|-immune|p1a: Kilowattrel\n|-supereffective|p2a: Incineroar\n|-resisted|p2b: Glimmora\n|-damage|p2a: Incineroar|52\/100\n|-damage|p2b: Glimmora|81\/100\n|-activate|p2b: Glimmora|ability: Toxic Debris\n|-sidestart|p1: chin8|move: Toxic Spikes\n|move|p2b: Glimmora|Power Gem|p1a: Kilowattrel\n|-supereffective|p1a: Kilowattrel\n|-enditem|p1a: Kilowattrel|Focus Sash\n|-damage|p1a: Kilowattrel|1\/100\n|move|p2a: Incineroar|Knock Off|p1a: Kilowattrel\n|-damage|p1a: Kilowattrel|0 fnt\n|faint|p1a: Kilowattrel\n|\n|upkeep\n|\n|t:|1727119677\n|switch|p1a: Gholdengo|Gholdengo, L50|100\/100\n|turn|3\n|\n|t:|1727119702\n|move|p2b: Glimmora|Spiky Shield|p2b: Glimmora\n|-singleturn|p2b: Glimmora|move: Protect\n|move|p1b: Baxcalibur|Glaive Rush|p2a: Incineroar\n|-damage|p2a: Incineroar|14\/100\n|-singlemove|p1b: Baxcalibur|Glaive Rush|[silent]\n|move|p1a: Gholdengo|Nasty Plot|p1a: Gholdengo\n|-boost|p1a: Gholdengo|spa|2\n|move|p2a: Incineroar|Knock Off|p1a: Gholdengo\n|-supereffective|p1a: Gholdengo\n|-damage|p1a: Gholdengo|20\/100\n|-enditem|p1a: Gholdengo|Leftovers|[from] move: Knock Off|[of] p2a: Incineroar\n|\n|upkeep\n|turn|4\n|\n|t:|1727119716\n|switch|p2b: Dondozo|Dondozo, L50, M|100\/100\n|move|p1b: Baxcalibur|Icicle Crash|p2b: Dondozo\n|-resisted|p2b: Dondozo\n|-damage|p2b: Dondozo|86\/100\n|move|p1a: Gholdengo|Shadow Ball|p2a: Incineroar\n|-resisted|p2a: Incineroar\n|-damage|p2a: Incineroar|0 fnt\n|faint|p2a: Incineroar\n|\n|-heal|p2b: Dondozo|92\/100|[from] item: Leftovers\n|upkeep\n|j| suttonswaggy\n|\n|t:|1727119739\n|switch|p2a: Glimmora|Glimmora, L50, F, tera:Grass|81\/100\n|turn|5\n|inactive|chin8 has 30 seconds left.\n|\n|t:|1727119769\n|switch|p1b: Magmortar|Magmortar, L50, M|100\/100\n|-status|p1b: Magmortar|psn\n|move|p2a: Glimmora|Spiky Shield|p2a: Glimmora\n|-singleturn|p2a: Glimmora|move: Protect\n|move|p1a: Gholdengo|Shadow Ball|p2b: Dondozo\n|-damage|p2b: Dondozo|60\/100\n|move|p2b: Dondozo|Wave Crash|p1b: Magmortar\n|-supereffective|p1b: Magmortar\n|-damage|p1b: Magmortar|4\/100 psn\n|-enditem|p1b: Magmortar|Sitrus Berry|[eat]\n|-heal|p1b: Magmortar|29\/100 psn|[from] item: Sitrus Berry\n|-damage|p2b: Dondozo|38\/100|[from] Recoil\n|\n|-heal|p2b: Dondozo|44\/100|[from] item: Leftovers\n|-damage|p1b: Magmortar|16\/100 psn|[from] psn\n|-sideend|p1: chin8|move: Tailwind\n|upkeep\n|turn|6\n|inactive|very demure has 30 seconds left.\n|\n|t:|1727119797\n|move|p1b: Magmortar|Follow Me|p1b: Magmortar\n|-singleturn|p1b: Magmortar|move: Follow Me\n|move|p2a: Glimmora|Power Gem|p1b: Magmortar\n|-supereffective|p1b: Magmortar\n|-damage|p1b: Magmortar|0 fnt\n|faint|p1b: Magmortar\n|move|p1a: Gholdengo|Make It Rain|p2b: Dondozo|[spread] p2a,p2b\n|-resisted|p2b: Dondozo\n|-damage|p2a: Glimmora|0 fnt\n|-damage|p2b: Dondozo|27\/100\n|-unboost|p1a: Gholdengo|spa|1\n|faint|p2a: Glimmora\n|move|p2b: Dondozo|Wave Crash|p1a: Gholdengo\n|-damage|p1a: Gholdengo|0 fnt\n|faint|p1a: Gholdengo\n|-damage|p2b: Dondozo|22\/100|[from] Recoil\n|\n|-heal|p2b: Dondozo|29\/100|[from] item: Leftovers\n|upkeep\n|inactive|chin8 has 30 seconds left.\n|inactive|chin8 has 20 seconds left.\n|inactive|chin8 has 15 seconds left.\n|inactive|chin8 has 10 seconds left.\n|\n|t:|1727119844\n|switch|p2a: Rillaboom|Rillaboom, L50, M|100\/100\n|switch|p1a: Baxcalibur|Baxcalibur, L50, M, tera:Ground|89\/100\n|-fieldstart|move: Grassy Terrain|[from] ability: Grassy Surge|[of] p2a: Rillaboom\n|-status|p1a: Baxcalibur|psn\n|turn|7\n|-message|chin8 forfeited.\n|\n|win|very demure\n|raw|chin8's rating: 1701 &rarr; <strong>1686<\/strong><br \/>(-15 for losing)\n|raw|very demure's rating: 1798 &rarr; <strong>1813<\/strong><br \/>(+15 for winning)\n|l|\u2606chin8\n|player|p1|\n|l|\u2606very demure\n|player|p2|\n|l| suttonswaggy\n","uploadtime":1727120076,"views":33,"formatid":"gen9vgc2024regh","rating":1686,"private":0,"password":null}