{"id":"gen9vgc2024regh-2208541219","format":"[Gen 9] VGC 2024 Reg H","players":["roykeenkennedy","Labast878"],"log":"|j|\u2606roykeenkennedy\n|j|\u2606Labast878\n|t:|1727179149\n|gametype|doubles\n|player|p1|roykeenkennedy|alder|1773\n|player|p2|Labast878|1|1727\n|teamsize|p1|6\n|teamsize|p2|6\n|gen|9\n|tier|[Gen 9] VGC 2024 Reg H\n|rated|\n|rule|Species Clause: Limit one of each Pok\u00e9mon\n|rule|Item Clause: Limit 1 of each item\n|clearpoke\n|poke|p1|Salamence, L50, F|\n|poke|p1|Incineroar, L50, M|\n|poke|p1|Weezing, L50, M|\n|poke|p1|Dragapult, L50, M|\n|poke|p1|Ursaluna-Bloodmoon, L50, M|\n|poke|p1|Primarina, L50, M|\n|poke|p2|Gholdengo, L50|\n|poke|p2|Talonflame, L50, F|\n|poke|p2|Garchomp, L50, M|\n|poke|p2|Dragonite, L50, F|\n|poke|p2|Rillaboom, L50, F|\n|poke|p2|Primarina, L50, F|\n|teampreview|4\n|inactive|Battle timer is ON: inactive players will automatically lose when time's up. (requested by roykeenkennedy)\n|\n|t:|1727179220\n|start\n|switch|p1a: Salamence|Salamence, L50, F|100\/100\n|switch|p1b: Incineroar|Incineroar, L50, M|100\/100\n|switch|p2a: Talonflame|Talonflame, L50, F, shiny|100\/100\n|switch|p2b: Dragonite|Dragonite, L50, F|100\/100\n|-ability|p1b: Incineroar|Intimidate|boost\n|-unboost|p2a: Talonflame|atk|1\n|-fail|p2b: Dragonite|unboost|Attack|[from] ability: Inner Focus|[of] p2b: Dragonite\n|turn|1\n|inactive|roykeenkennedy has 30 seconds left.\n|\n|t:|1727179250\n|-terastallize|p1a: Salamence|Steel\n|move|p2a: Talonflame|Tailwind|p2a: Talonflame\n|-sidestart|p2: Labast878|move: Tailwind\n|move|p2b: Dragonite|Ice Spinner|p1a: Salamence\n|-resisted|p1a: Salamence\n|-damage|p1a: Salamence|83\/100\n|move|p1a: Salamence|Tailwind|p1a: Salamence\n|-sidestart|p1: roykeenkennedy|move: Tailwind\n|move|p1b: Incineroar|Knock Off|p2b: Dragonite\n|-damage|p2b: Dragonite|65\/100\n|-enditem|p2b: Dragonite|Assault Vest|[from] move: Knock Off|[of] p1b: Incineroar\n|\n|upkeep\n|turn|2\n|inactive|roykeenkennedy has 30 seconds left.\n|\n|t:|1727179280\n|switch|p1a: Ursaluna|Ursaluna-Bloodmoon, L50, M|100\/100\n|move|p2a: Talonflame|Will-O-Wisp|p1a: Ursaluna\n|-status|p1a: Ursaluna|brn\n|move|p2b: Dragonite|Low Kick|p1a: Ursaluna\n|-supereffective|p1a: Ursaluna\n|-damage|p1a: Ursaluna|27\/100 brn\n|move|p1b: Incineroar|Parting Shot|p2b: Dragonite\n|-unboost|p2b: Dragonite|atk|1\n|-unboost|p2b: Dragonite|spa|1\n|\n|t:|1727179292\n|switch|p1b: Salamence|Salamence, L50, F, tera:Steel|83\/100|[from] Parting Shot\n|\n|-damage|p1a: Ursaluna|21\/100 brn|[from] brn\n|upkeep\n|turn|3\n|\n|t:|1727179305\n|move|p2b: Dragonite|Extreme Speed|p1a: Ursaluna\n|-damage|p1a: Ursaluna|4\/100 brn\n|move|p1a: Ursaluna|Vacuum Wave|p2a: Talonflame\n|-resisted|p2a: Talonflame\n|-damage|p2a: Talonflame|92\/100\n|move|p1b: Salamence|Rock Slide|p2b: Dragonite|[spread] p2b\n|-miss|p1b: Salamence|p2a: Talonflame\n|-supereffective|p2b: Dragonite\n|-damage|p2b: Dragonite|20\/100\n|move|p2a: Talonflame|Taunt|p1b: Salamence\n|-start|p1b: Salamence|move: Taunt\n|\n|-damage|p1a: Ursaluna|0 fnt|[from] brn\n|faint|p1a: Ursaluna\n|upkeep\n|\n|t:|1727179324\n|switch|p1a: Dragapult|Dragapult, L50, M|100\/100\n|turn|4\n|\n|t:|1727179340\n|move|p1b: Salamence|Rock Slide|p2a: Talonflame|[spread] p2a,p2b\n|-supereffective|p2a: Talonflame\n|-supereffective|p2b: Dragonite\n|-damage|p2a: Talonflame|0 fnt\n|-damage|p2b: Dragonite|0 fnt\n|faint|p2a: Talonflame\n|faint|p2b: Dragonite\n|-ability|p1b: Salamence|Moxie|boost\n|-boost|p1b: Salamence|atk|2\n|move|p1a: Dragapult|Dragon Darts|p2: Talonflame|[notarget]\n|-fail|p1a: Dragapult\n|\n|-sideend|p1: roykeenkennedy|move: Tailwind\n|-sideend|p2: Labast878|move: Tailwind\n|upkeep\n|\n|t:|1727179354\n|switch|p2a: Gholdengo|Gholdengo, L50|100\/100\n|switch|p2b: Rillaboom|Rillaboom, L50, F, shiny|100\/100\n|-fieldstart|move: Grassy Terrain|[from] ability: Grassy Surge|[of] p2b: Rillaboom\n|turn|5\n|\n|t:|1727179372\n|switch|p1a: Incineroar|Incineroar, L50, M|100\/100\n|-ability|p1a: Incineroar|Intimidate|boost\n|-unboost|p2a: Gholdengo|atk|1\n|-unboost|p2b: Rillaboom|atk|1\n|move|p1b: Salamence|Rock Slide|p2b: Rillaboom|[spread] p2a,p2b\n|-resisted|p2a: Gholdengo\n|-damage|p2a: Gholdengo|77\/100\n|-damage|p2b: Rillaboom|54\/100\n|move|p2a: Gholdengo|Shadow Ball|p1b: Salamence\n|-damage|p1b: Salamence|9\/100\n|-unboost|p1b: Salamence|spd|1\n|move|p2b: Rillaboom|Bullet Seed|p1a: Incineroar\n|-resisted|p1a: Incineroar\n|-damage|p1a: Incineroar|95\/100\n|-resisted|p1a: Incineroar\n|-damage|p1a: Incineroar|89\/100\n|-resisted|p1a: Incineroar\n|-damage|p1a: Incineroar|84\/100\n|-resisted|p1a: Incineroar\n|-damage|p1a: Incineroar|79\/100\n|-resisted|p1a: Incineroar\n|-damage|p1a: Incineroar|74\/100\n|-hitcount|p1a: Incineroar|5\n|\n|-heal|p1b: Salamence|15\/100|[from] Grassy Terrain\n|-heal|p2a: Gholdengo|83\/100|[from] Grassy Terrain\n|-heal|p2b: Rillaboom|61\/100|[from] Grassy Terrain\n|-heal|p1a: Incineroar|80\/100|[from] Grassy Terrain\n|upkeep\n|turn|6\n|inactive|roykeenkennedy has 30 seconds left.\n|inactive|Labast878 has 30 seconds left.\n|\n|t:|1727179405\n|move|p2b: Rillaboom|Grassy Glide|p1b: Salamence\n|-resisted|p1b: Salamence\n|-damage|p1b: Salamence|0 fnt\n|faint|p1b: Salamence\n|move|p2a: Gholdengo|Shadow Ball|p1a: Incineroar\n|-resisted|p1a: Incineroar\n|-damage|p1a: Incineroar|54\/100\n|move|p1a: Incineroar|Flare Blitz|p2a: Gholdengo\n|-supereffective|p2a: Gholdengo\n|-damage|p2a: Gholdengo|0 fnt\n|faint|p2a: Gholdengo\n|-damage|p1a: Incineroar|31\/100|[from] Recoil\n|\n|-heal|p2b: Rillaboom|67\/100|[from] Grassy Terrain\n|-heal|p1a: Incineroar|37\/100|[from] Grassy Terrain\n|upkeep\n|\n|t:|1727179422\n|switch|p1b: Dragapult|Dragapult, L50, M|100\/100\n|turn|7\n|\n|t:|1727179428\n|move|p1b: Dragapult|Dragon Darts|p2b: Rillaboom\n|-damage|p2b: Rillaboom|22\/100\n|-anim|p1b: Dragapult|Dragon Darts|p2b: Rillaboom\n|-damage|p2b: Rillaboom|0 fnt\n|faint|p2b: Rillaboom\n|\n|win|roykeenkennedy\n|raw|roykeenkennedy's rating: 1773 &rarr; <strong>1790<\/strong><br \/>(+17 for winning)\n|raw|Labast878's rating: 1727 &rarr; <strong>1710<\/strong><br \/>(-17 for losing)\n|l|\u2606roykeenkennedy\n|player|p1|\n|l|\u2606Labast878\n|player|p2|\n","uploadtime":1727179614,"views":45,"formatid":"gen9vgc2024regh","rating":1710,"private":0,"password":null}