{"id":"gen9vgc2024regh-2208421800","format":"[Gen 9] VGC 2024 Reg H","players":["Labast878","855wu1"],"log":"|j|\u2606Labast878\n|j|\u2606855wu1\n|t:|1727161105\n|gametype|doubles\n|player|p1|Labast878|102|1680\n|player|p2|855wu1|lass-gen4dp|1707\n|teamsize|p1|6\n|teamsize|p2|6\n|gen|9\n|tier|[Gen 9] VGC 2024 Reg H\n|rated|\n|rule|Species Clause: Limit one of each Pok\u00e9mon\n|rule|Item Clause: Limit 1 of each item\n|clearpoke\n|poke|p1|Gholdengo, L50|\n|poke|p1|Talonflame, L50, F|\n|poke|p1|Garchomp, L50, F|\n|poke|p1|Dragonite, L50, M|\n|poke|p1|Rillaboom, L50, M|\n|poke|p1|Primarina, L50, M|\n|poke|p2|Dondozo, L50, M|\n|poke|p2|Weezing, L50, M|\n|poke|p2|Talonflame, L50, M|\n|poke|p2|Tatsugiri-Droopy, L50, F|\n|poke|p2|Slaking, L50, M|\n|poke|p2|Typhlosion-Hisui, L50, M|\n|teampreview|4\n|inactive|Battle timer is ON: inactive players will automatically lose when time's up. (requested by 855wu1)\n|inactive|Labast878 has 60 seconds left.\n|j| michael1vgc\n|\n|t:|1727161191\n|start\n|switch|p1a: Talonflame|Talonflame, L50, F, shiny|100\/100\n|switch|p1b: Garchomp|Garchomp, L50, F|100\/100\n|switch|p2a: Weezing|Weezing, L50, M|100\/100\n|switch|p2b: Slaking|Slaking, L50, M|100\/100\n|-ability|p2a: Weezing|Neutralizing Gas\n|turn|1\n|\n|t:|1727161209\n|move|p1a: Talonflame|Will-O-Wisp|p2b: Slaking\n|-status|p2b: Slaking|brn\n|move|p1b: Garchomp|Stomping Tantrum|p2a: Weezing\n|-supereffective|p2a: Weezing\n|-damage|p2a: Weezing|4\/100\n|-enditem|p2a: Weezing|Sitrus Berry|[eat]\n|-heal|p2a: Weezing|29\/100|[from] item: Sitrus Berry\n|-damage|p1b: Garchomp|91\/100|[from] item: Life Orb\n|move|p2b: Slaking|Double-Edge|p1a: Talonflame\n|-damage|p1a: Talonflame|42\/100\n|-damage|p2b: Slaking|85\/100 brn|[from] Recoil\n|-damage|p2b: Slaking|76\/100 brn|[from] item: Life Orb\n|move|p2a: Weezing|Sludge Bomb|p1a: Talonflame\n|-damage|p1a: Talonflame|11\/100\n|\n|-damage|p2b: Slaking|70\/100 brn|[from] brn\n|upkeep\n|turn|2\n|\n|t:|1727161234\n|move|p2a: Weezing|Protect|p2a: Weezing\n|-singleturn|p2a: Weezing|Protect\n|move|p1a: Talonflame|Tailwind|p1a: Talonflame\n|-sidestart|p1: Labast878|move: Tailwind\n|move|p1b: Garchomp|Earthquake|p2a: Weezing|[spread] p2b\n|-activate|p2a: Weezing|move: Protect\n|-immune|p1a: Talonflame\n|-damage|p2b: Slaking|33\/100 brn\n|-damage|p1b: Garchomp|81\/100|[from] item: Life Orb\n|move|p2b: Slaking|Double-Edge|p1a: Talonflame\n|-damage|p1a: Talonflame|0 fnt\n|faint|p1a: Talonflame\n|-damage|p2b: Slaking|30\/100 brn|[from] Recoil\n|-damage|p2b: Slaking|20\/100 brn|[from] item: Life Orb\n|\n|-damage|p2b: Slaking|14\/100 brn|[from] brn\n|upkeep\n|inactive|Labast878 has 30 seconds left.\n|\n|t:|1727161259\n|switch|p1a: Primarina|Primarina, L50, M, shiny|100\/100\n|turn|3\n|\n|t:|1727161272\n|move|p1a: Primarina|Protect|p1a: Primarina\n|-singleturn|p1a: Primarina|Protect\n|move|p2b: Slaking|Protect|p2b: Slaking\n|-singleturn|p2b: Slaking|Protect\n|move|p1b: Garchomp|Earthquake|p2a: Weezing|[spread] p2a\n|-activate|p1a: Primarina|move: Protect\n|-activate|p2b: Slaking|move: Protect\n|-supereffective|p2a: Weezing\n|-damage|p2a: Weezing|0 fnt\n|faint|p2a: Weezing\n|-end|p2a: Weezing|ability: Neutralizing Gas\n|-damage|p1b: Garchomp|71\/100|[from] item: Life Orb\n|\n|-damage|p2b: Slaking|8\/100 brn|[from] brn\n|upkeep\n|\n|t:|1727161275\n|switch|p2a: Dondozo|Dondozo, L50, M|100\/100\n|turn|4\n|inactive|Labast878 has 30 seconds left.\n|\n|t:|1727161309\n|-terastallize|p2a: Dondozo|Grass\n|move|p1b: Garchomp|Dragon Claw|p2a: Dondozo\n|-damage|p2a: Dondozo|72\/100\n|-damage|p1b: Garchomp|61\/100|[from] item: Life Orb\n|move|p1a: Primarina|Hyper Voice|p2b: Slaking|[spread] p2a,p2b\n|-resisted|p2a: Dondozo\n|-damage|p2a: Dondozo|53\/100\n|-damage|p2b: Slaking|0 fnt\n|faint|p2b: Slaking\n|move|p2a: Dondozo|Substitute|p2a: Dondozo\n|-start|p2a: Dondozo|Substitute\n|-damage|p2a: Dondozo|28\/100\n|\n|-heal|p2a: Dondozo|35\/100|[from] item: Leftovers\n|upkeep\n|\n|t:|1727161321\n|switch|p2b: Tatsugiri|Tatsugiri-Droopy, L50, F|100\/100\n|-activate|p2b: Tatsugiri|ability: Commander|[of] p2a: Dondozo\n|-boost|p2a: Dondozo|atk|2\n|-boost|p2a: Dondozo|spa|2\n|-boost|p2a: Dondozo|spe|2\n|-boost|p2a: Dondozo|def|2\n|-boost|p2a: Dondozo|spd|2\n|turn|5\n|\n|t:|1727161335\n|move|p1b: Garchomp|Dragon Claw|p2a: Dondozo\n|-activate|p2a: Dondozo|move: Substitute|[damage]\n|-damage|p1b: Garchomp|52\/100|[from] item: Life Orb\n|move|p1a: Primarina|Haze|p1a: Primarina\n|-clearallboost\n|move|p2a: Dondozo|Body Press|p1b: Garchomp\n|-damage|p1b: Garchomp|26\/100\n|-damage|p2a: Dondozo|22\/100|[from] ability: Rough Skin|[of] p1b: Garchomp\n|\n|-heal|p2a: Dondozo|28\/100|[from] item: Leftovers\n|-sideend|p1: Labast878|move: Tailwind\n|upkeep\n|turn|6\n|-message|855wu1 forfeited.\n|\n|win|Labast878\n|raw|Labast878's rating: 1680 &rarr; <strong>1702<\/strong><br \/>(+22 for winning)\n|raw|855wu1's rating: 1707 &rarr; <strong>1685<\/strong><br \/>(-22 for losing)\n|l|\u2606855wu1\n|player|p2|\n|l|\u2606Labast878\n|player|p1|\n|l| michael1vgc\n","uploadtime":1727161602,"views":23,"formatid":"gen9vgc2024regh","rating":1685,"private":0,"password":null}