{"id":"gen9vgc2024regh-2208380789","format":"[Gen 9] VGC 2024 Reg H","players":["Djjwjwwjj","ORAORWRYYYYYYY"],"log":"|j|\u2606Djjwjwwjj\n|j|\u203dORAORWRYYYYYYY\n|t:|1727153963\n|gametype|doubles\n|player|p1|Djjwjwwjj|101|1699\n|player|p2|ORAORWRYYYYYYY|2|1665\n|teamsize|p1|6\n|teamsize|p2|6\n|gen|9\n|tier|[Gen 9] VGC 2024 Reg H\n|rated|\n|rule|Species Clause: Limit one of each Pok\u00e9mon\n|rule|Item Clause: Limit 1 of each item\n|clearpoke\n|poke|p1|Incineroar, L50, M|\n|poke|p1|Palafin, L50, F|\n|poke|p1|Whimsicott, L50, F|\n|poke|p1|Pelipper, L50, F|\n|poke|p1|Gholdengo, L50|\n|poke|p1|Amoonguss, L50, M|\n|poke|p2|Typhlosion-Hisui, L50, F|\n|poke|p2|Whimsicott, L50, F|\n|poke|p2|Incineroar, L50, M|\n|poke|p2|Ursaluna-Bloodmoon, L50, M|\n|poke|p2|Amoonguss, L50, F|\n|poke|p2|Maushold-Four, L50|\n|teampreview|4\n|inactive|Battle timer is ON: inactive players will automatically lose when time's up. (requested by ORAORWRYYYYYYY)\n|inactive|Djjwjwwjj also wants the timer to be on.\n|inactive|Djjwjwwjj has 60 seconds left.\n|\n|t:|1727153995\n|start\n|switch|p1a: Palafin|Palafin, L50, F|100\/100\n|switch|p1b: Incineroar|Incineroar, L50, M|100\/100\n|switch|p2a: Whimsicott|Whimsicott, L50, F|100\/100\n|switch|p2b: Ursaluna|Ursaluna-Bloodmoon, L50, M|100\/100\n|-ability|p1b: Incineroar|Intimidate|boost\n|-unboost|p2a: Whimsicott|atk|1\n|-unboost|p2b: Ursaluna|atk|1\n|turn|1\n|j| Lavenderawa\n|inactive|ORAORWRYYYYYYY has 30 seconds left.\n|j| Myname5555\n|\n|t:|1727154028\n|move|p2b: Ursaluna|Protect|p2b: Ursaluna\n|-singleturn|p2b: Ursaluna|Protect\n|move|p1b: Incineroar|Fake Out|p2b: Ursaluna\n|-activate|p2b: Ursaluna|move: Protect\n|move|p2a: Whimsicott|Tailwind|p2a: Whimsicott\n|-sidestart|p2: ORAORWRYYYYYYY|move: Tailwind\n|move|p1a: Palafin|Flip Turn|p2a: Whimsicott\n|-resisted|p2a: Whimsicott\n|-crit|p2a: Whimsicott\n|-damage|p2a: Whimsicott|70\/100\n|l| Myname5555\n|\n|t:|1727154041\n|detailschange|p1a: Palafin|Palafin-Hero, L50, F\n|switch|p1a: Amoonguss|Amoonguss, L50, M|100\/100|[from] Flip Turn\n|\n|upkeep\n|turn|2\n|\n|t:|1727154062\n|switch|p1b: Pelipper|Pelipper, L50, F|100\/100\n|-weather|RainDance|[from] ability: Drizzle|[of] p1b: Pelipper\n|-terastallize|p2b: Ursaluna|Normal\n|move|p2a: Whimsicott|Sunny Day|p2a: Whimsicott\n|-weather|SunnyDay\n|move|p2b: Ursaluna|Blood Moon|p1a: Amoonguss\n|-damage|p1a: Amoonguss|0 fnt\n|faint|p1a: Amoonguss\n|-damage|p2b: Ursaluna|91\/100|[from] item: Life Orb\n|\n|-weather|SunnyDay|[upkeep]\n|upkeep\n|\n|t:|1727154078\n|switch|p1a: Incineroar|Incineroar, L50, M|100\/100\n|-ability|p1a: Incineroar|Intimidate|boost\n|-unboost|p2a: Whimsicott|atk|1\n|-unboost|p2b: Ursaluna|atk|1\n|turn|3\n|inactive|ORAORWRYYYYYYY has 30 seconds left.\n|inactive|ORAORWRYYYYYYY has 20 seconds left.\n|inactive|ORAORWRYYYYYYY has 15 seconds left.\n|\n|t:|1727154121\n|switch|p2a: Typhlosion|Typhlosion-Hisui, L50, F|100\/100\n|-item|p1a: Incineroar|Mirror Herb|[from] ability: Frisk|[of] p2a: Typhlosion\n|-item|p1b: Pelipper|Choice Scarf|[from] ability: Frisk|[of] p2a: Typhlosion\n|move|p1a: Incineroar|Fake Out|p2b: Ursaluna\n|-damage|p2b: Ursaluna|80\/100\n|cant|p2b: Ursaluna|flinch\n|move|p1b: Pelipper|Weather Ball|p2a: Typhlosion\n|-resisted|p2a: Typhlosion\n|-damage|p2a: Typhlosion|74\/100\n|\n|-weather|SunnyDay|[upkeep]\n|upkeep\n|turn|4\n|l| Lavenderawa\n|j| Lavenderawa\n|l| Lavenderawa\n|inactive|Djjwjwwjj has 30 seconds left.\n|\n|t:|1727154148\n|switch|p2a: Whimsicott|Whimsicott, L50, F|70\/100\n|switch|p1b: Palafin|Palafin-Hero, L50, F|100\/100\n|-activate|p1b: Palafin|ability: Zero to Hero\n|move|p2b: Ursaluna|Earth Power|p1a: Incineroar\n|-supereffective|p1a: Incineroar\n|-damage|p1a: Incineroar|0 fnt\n|faint|p1a: Incineroar\n|-damage|p2b: Ursaluna|71\/100|[from] item: Life Orb\n|\n|-weather|SunnyDay|[upkeep]\n|-sideend|p2: ORAORWRYYYYYYY|move: Tailwind\n|upkeep\n|\n|t:|1727154163\n|switch|p1a: Pelipper|Pelipper, L50, F|100\/100\n|-weather|RainDance|[from] ability: Drizzle|[of] p1a: Pelipper\n|turn|5\n|\n|t:|1727154180\n|-terastallize|p1b: Palafin|Water\n|move|p2b: Ursaluna|Protect|p2b: Ursaluna\n|-singleturn|p2b: Ursaluna|Protect\n|move|p2a: Whimsicott|Sunny Day|p2a: Whimsicott\n|-weather|SunnyDay\n|move|p1b: Palafin|Jet Punch|p2b: Ursaluna\n|-activate|p2b: Ursaluna|move: Protect\n|move|p1a: Pelipper|Weather Ball|p2a: Whimsicott\n|-supereffective|p2a: Whimsicott\n|-damage|p2a: Whimsicott|0 fnt\n|faint|p2a: Whimsicott\n|\n|-weather|SunnyDay|[upkeep]\n|upkeep\n|j| CaptainEricVGC\n|\n|t:|1727154200\n|switch|p2a: Amoonguss|Amoonguss, L50, F|100\/100\n|turn|6\n|\n|t:|1727154211\n|move|p2a: Amoonguss|Protect|p2a: Amoonguss\n|-singleturn|p2a: Amoonguss|Protect\n|move|p1b: Palafin|Jet Punch|p2b: Ursaluna\n|-damage|p2b: Ursaluna|40\/100\n|move|p1a: Pelipper|Weather Ball|p2a: Amoonguss\n|-activate|p2a: Amoonguss|move: Protect\n|move|p2b: Ursaluna|Blood Moon|p1b: Palafin\n|-damage|p1b: Palafin|0 fnt\n|faint|p1b: Palafin\n|-damage|p2b: Ursaluna|30\/100|[from] item: Life Orb\n|\n|-weather|SunnyDay|[upkeep]\n|upkeep\n|turn|7\n|-message|Djjwjwwjj forfeited.\n|\n|win|ORAORWRYYYYYYY\n|raw|Djjwjwwjj's rating: 1699 &rarr; <strong>1677<\/strong><br \/>(-22 for losing)\n|raw|ORAORWRYYYYYYY's rating: 1665 &rarr; <strong>1687<\/strong><br \/>(+22 for winning)\n|l|\u2606Djjwjwwjj\n|player|p1|\n|l|\u203dORAORWRYYYYYYY\n|player|p2|\n","uploadtime":1727154417,"views":22,"formatid":"gen9vgc2024regh","rating":1677,"private":0,"password":null}