{"id":"gen9vgc2024regh-2208386893","format":"[Gen 9] VGC 2024 Reg H","players":["yuzuda","chappell murkroan"],"log":"|j|\u2606yuzuda\n|j|\u2606chappell murkroan\n|t:|1727154997\n|gametype|doubles\n|player|p1|yuzuda|170|1681\n|player|p2|chappell murkroan|caitlin|1709\n|teamsize|p1|6\n|teamsize|p2|6\n|gen|9\n|tier|[Gen 9] VGC 2024 Reg H\n|rated|\n|rule|Species Clause: Limit one of each Pok\u00e9mon\n|rule|Item Clause: Limit 1 of each item\n|clearpoke\n|poke|p1|Archaludon, L50, F|\n|poke|p1|Pelipper, L50, F|\n|poke|p1|Gholdengo, L50|\n|poke|p1|Annihilape, L50, M|\n|poke|p1|Maushold-Four, L50|\n|poke|p1|Amoonguss, L50, F|\n|poke|p2|Slaking, L50, M|\n|poke|p2|Weezing, L50, F|\n|poke|p2|Dondozo, L50, M|\n|poke|p2|Tatsugiri, L50, F|\n|poke|p2|Talonflame, L50, F|\n|poke|p2|Brambleghast, L50, F|\n|teampreview|4\n|inactive|Battle timer is ON: inactive players will automatically lose when time's up. (requested by chappell murkroan)\n|inactive|yuzuda also wants the timer to be on.\n|inactive|chappell murkroan has 60 seconds left.\n|\n|t:|1727155031\n|start\n|switch|p1a: Amoonguss|Amoonguss, L50, F|100\/100\n|switch|p1b: Annihilape|Annihilape, L50, M|100\/100\n|switch|p2a: Slaking|Slaking, L50, M|100\/100\n|switch|p2b: Weezing|Weezing, L50, F|100\/100\n|-ability|p2b: Weezing|Neutralizing Gas\n|turn|1\n|\n|t:|1727155045\n|move|p2a: Slaking|Protect|p2a: Slaking\n|-singleturn|p2a: Slaking|Protect\n|move|p2b: Weezing|Protect|p2b: Weezing\n|-singleturn|p2b: Weezing|Protect\n|move|p1a: Amoonguss|Rage Powder|p1a: Amoonguss\n|-singleturn|p1a: Amoonguss|move: Rage Powder\n|move|p1b: Annihilape|Bulk Up|p1b: Annihilape\n|-boost|p1b: Annihilape|atk|1\n|-boost|p1b: Annihilape|def|1\n|\n|upkeep\n|turn|2\n|\n|t:|1727155064\n|switch|p2a: Dondozo|Dondozo, L50, M|100\/100\n|-end|p2b: Weezing|ability: Neutralizing Gas\n|switch|p2b: Tatsugiri|Tatsugiri, L50, F|100\/100\n|-activate|p2b: Tatsugiri|ability: Commander|[of] p2a: Dondozo\n|-boost|p2a: Dondozo|atk|2\n|-boost|p2a: Dondozo|spa|2\n|-boost|p2a: Dondozo|spe|2\n|-boost|p2a: Dondozo|def|2\n|-boost|p2a: Dondozo|spd|2\n|move|p1b: Annihilape|Protect|p1b: Annihilape\n|-singleturn|p1b: Annihilape|Protect\n|move|p1a: Amoonguss|Spore|p2b: Tatsugiri|[miss]\n|-miss|p1a: Amoonguss|p2b: Tatsugiri\n|\n|upkeep\n|turn|3\n|\n|t:|1727155087\n|-terastallize|p2a: Dondozo|Steel\n|move|p2a: Dondozo|Order Up|p1a: Amoonguss\n|-damage|p1a: Amoonguss|60\/100\n|-boost|p2a: Dondozo|atk|1\n|move|p1b: Annihilape|Drain Punch|p2a: Dondozo\n|-supereffective|p2a: Dondozo\n|-damage|p2a: Dondozo|76\/100\n|move|p1a: Amoonguss|Clear Smog|p2a: Dondozo\n|-immune|p2a: Dondozo\n|\n|upkeep\n|turn|4\n|\n|t:|1727155104\n|switch|p1a: Maushold|Maushold-Four, L50|100\/100\n|move|p2a: Dondozo|Wave Crash|p1b: Annihilape\n|-damage|p1b: Annihilape|0 fnt\n|faint|p1b: Annihilape\n|-damage|p2a: Dondozo|46\/100|[from] Recoil\n|\n|upkeep\n|j| plplk\n|\n|t:|1727155113\n|switch|p1b: Amoonguss|Amoonguss, L50, F|93\/100\n|turn|5\n|\n|t:|1727155126\n|move|p1a: Maushold|Protect|p1a: Maushold\n|-singleturn|p1a: Maushold|Protect\n|move|p2a: Dondozo|Wave Crash|p1a: Maushold\n|-activate|p1a: Maushold|move: Protect\n|move|p1b: Amoonguss|Spore|p2a: Dondozo\n|-activate|p2a: Dondozo|item: Safety Goggles|Spore\n|\n|upkeep\n|turn|6\n|inactive|yuzuda has 30 seconds left.\n|\n|t:|1727155156\n|move|p1a: Maushold|Encore|p2a: Dondozo\n|-start|p2a: Dondozo|Encore\n|move|p2a: Dondozo|Wave Crash|p1a: Maushold\n|-damage|p1a: Maushold|0 fnt\n|faint|p1a: Maushold\n|-damage|p2a: Dondozo|19\/100|[from] Recoil\n|move|p1b: Amoonguss|Pollen Puff|p2a: Dondozo\n|-resisted|p2a: Dondozo\n|-damage|p2a: Dondozo|14\/100\n|\n|upkeep\n|\n|t:|1727155168\n|switch|p1a: Gholdengo|Gholdengo, L50|100\/100\n|turn|7\n|\n|t:|1727155174\n|move|p2a: Dondozo|Wave Crash|p1a: Gholdengo\n|-damage|p1a: Gholdengo|0 fnt\n|faint|p1a: Gholdengo\n|-damage|p2a: Dondozo|0 fnt|[from] Recoil\n|faint|p2a: Dondozo\n|move|p1b: Amoonguss|Spore|p2b: Tatsugiri\n|-status|p2b: Tatsugiri|slp|[from] move: Spore\n|\n|upkeep\n|\n|t:|1727155180\n|switch|p2a: Weezing|Weezing, L50, F|100\/100\n|-ability|p2a: Weezing|Neutralizing Gas\n|turn|8\n|j| garonpappa\n|-message|yuzuda forfeited.\n|\n|win|chappell murkroan\n|raw|yuzuda's rating: 1681 &rarr; <strong>1663<\/strong><br \/>(-18 for losing)\n|raw|chappell murkroan's rating: 1709 &rarr; <strong>1727<\/strong><br \/>(+18 for winning)\n|l|\u2606yuzuda\n|player|p1|\n|l|\u2606chappell murkroan\n|player|p2|\n|j| slopvgc\n|l| slopvgc\n|l| plplk\n","uploadtime":1727155383,"views":25,"formatid":"gen9vgc2024regh","rating":1663,"private":0,"password":null}