{"id":"gen9vgc2024regh-2208357259","format":"[Gen 9] VGC 2024 Reg H","players":["cilan123","greenlightdmp"],"log":"|j|\u2606cilan123\n|j|\u2606greenlightdmp\n|t:|1727150316\n|gametype|doubles\n|player|p1|cilan123|2|1658\n|player|p2|greenlightdmp|265|1712\n|teamsize|p1|6\n|teamsize|p2|6\n|gen|9\n|tier|[Gen 9] VGC 2024 Reg H\n|rated|\n|rule|Species Clause: Limit one of each Pok\u00e9mon\n|rule|Item Clause: Limit 1 of each item\n|clearpoke\n|poke|p1|Ursaluna, L50, M|\n|poke|p1|Indeedee-F, L50, F|\n|poke|p1|Armarouge, L50, F|\n|poke|p1|Torkoal, L50, M|\n|poke|p1|Gallade, L50, M|\n|poke|p1|Zoroark-Hisui, L50, F|\n|poke|p2|Tyranitar, L50, F|\n|poke|p2|Gholdengo, L50|\n|poke|p2|Talonflame, L50, F|\n|poke|p2|Garchomp, L50, F|\n|poke|p2|Cryogonal, L50|\n|poke|p2|Gastrodon-East, L50, F|\n|teampreview|4\ncilan123 has agreed to open team sheets.\n|inactive|Battle timer is ON: inactive players will automatically lose when time's up. (requested by greenlightdmp)\n|inactive|cilan123 has 60 seconds left.\n|\n|t:|1727150353\n|start\n|switch|p1a: Gallade|Gallade, L50, M|100\/100\n|switch|p1b: Armarouge|Armarouge, L50, F|100\/100\n|switch|p2a: Talonflame|Talonflame, L50, F|100\/100\n|switch|p2b: Gholdengo|Gholdengo, L50|100\/100\n|turn|1\n|inactive|cilan123 has 30 seconds left.\n|inactive|greenlightdmp has 30 seconds left.\n|\n|t:|1727150387\n|switch|p1a: Indeeds|Indeedee-F, L50, F, shiny|100\/100\n|-fieldstart|move: Psychic Terrain|[from] ability: Psychic Surge|[of] p1a: Indeeds\n|-enditem|p1a: Indeeds|Psychic Seed\n|-boost|p1a: Indeeds|spd|1|[from] item: Psychic Seed\n|move|p1b: Armarouge|Protect|p1b: Armarouge\n|-singleturn|p1b: Armarouge|Protect\n|move|p2a: Talonflame|Taunt|p1b: Armarouge\n|-activate|p1b: Armarouge|move: Protect\n|move|p2b: Gholdengo|Shadow Ball|p1a: Indeeds\n|-immune|p1a: Indeeds\n|\n|upkeep\n|turn|2\n|inactive|cilan123 has 30 seconds left.\n|inactive|greenlightdmp has 30 seconds left.\n|inactive|cilan123 has 20 seconds left.\n|inactive|greenlightdmp has 20 seconds left.\n|\n|t:|1727150426\n|move|p1a: Indeeds|Follow Me|p1a: Indeeds\n|-singleturn|p1a: Indeeds|move: Follow Me\n|move|p2a: Talonflame|Taunt|p1a: Indeeds\n|-start|p1a: Indeeds|move: Taunt\n|move|p2b: Gholdengo|Shadow Ball|p1a: Indeeds\n|-immune|p1a: Indeeds\n|move|p1b: Armarouge|Trick Room|p1b: Armarouge\n|-fieldstart|move: Trick Room|[of] p1b: Armarouge\n|\n|upkeep\n|turn|3\n|j| GameLurker69\n|inactive|greenlightdmp has 30 seconds left.\n|\n|t:|1727150453\n|switch|p1a: Ursa-spoona|Ursaluna, L50, M, shiny|100\/100\n|switch|p2b: Tyranitar|Tyranitar, L50, F|100\/100\n|-weather|Sandstorm|[from] ability: Sand Stream|[of] p2b: Tyranitar\n|move|p1b: Armarouge|Expanding Force|p2a: Talonflame|[spread] p2a\n|-immune|p2b: Tyranitar\n|-damage|p2a: Talonflame|0 fnt\n|faint|p2a: Talonflame\n|-damage|p1b: Armarouge|91\/100|[from] item: Life Orb\n|\n|-weather|Sandstorm|[upkeep]\n|-damage|p1b: Armarouge|85\/100|[from] Sandstorm\n|-status|p1a: Ursa-spoona|brn|[from] item: Flame Orb\n|upkeep\n|\n|t:|1727150464\n|switch|p2a: Gastrodon|Gastrodon-East, L50, F|100\/100\n|turn|4\n|\n|t:|1727150479\n|switch|p2b: Gholdengo|Gholdengo, L50|100\/100\n|-terastallize|p1a: Ursa-spoona|Ghost\n|move|p2a: Gastrodon|Protect|p2a: Gastrodon\n|-singleturn|p2a: Gastrodon|Protect\n|move|p1a: Ursa-spoona|Facade|p2b: Gholdengo\n|-immune|p2b: Gholdengo\n|move|p1b: Armarouge|Expanding Force|p2a: Gastrodon|[spread] p2b\n|-activate|p2a: Gastrodon|move: Protect\n|-resisted|p2b: Gholdengo\n|-damage|p2b: Gholdengo|57\/100\n|-damage|p1b: Armarouge|75\/100|[from] item: Life Orb\n|\n|-weather|Sandstorm|[upkeep]\n|-damage|p1a: Ursa-spoona|94\/100 brn|[from] Sandstorm\n|-damage|p1b: Armarouge|69\/100|[from] Sandstorm\n|-damage|p1a: Ursa-spoona|88\/100 brn|[from] brn\n|upkeep\n|turn|5\n|inactive|cilan123 has 30 seconds left.\n|inactive|greenlightdmp has 30 seconds left.\n|inactive|greenlightdmp has 20 seconds left.\n|inactive|greenlightdmp has 15 seconds left.\n|\n|t:|1727150519\n|move|p2a: Gastrodon|Earth Power|p1b: Armarouge\n|-supereffective|p1b: Armarouge\n|-damage|p1b: Armarouge|3\/100\n|move|p1a: Ursa-spoona|Substitute|p1a: Ursa-spoona\n|-start|p1a: Ursa-spoona|Substitute\n|-damage|p1a: Ursa-spoona|64\/100 brn\n|move|p1b: Armarouge|Armor Cannon|p2b: Gholdengo\n|-supereffective|p2b: Gholdengo\n|-damage|p2b: Gholdengo|0 fnt\n|-unboost|p1b: Armarouge|def|1\n|-unboost|p1b: Armarouge|spd|1\n|faint|p2b: Gholdengo\n|-damage|p1b: Armarouge|0 fnt|[from] item: Life Orb\n|faint|p1b: Armarouge\n|\n|-weather|Sandstorm|[upkeep]\n|-damage|p1a: Ursa-spoona|58\/100 brn|[from] Sandstorm\n|-damage|p1a: Ursa-spoona|52\/100 brn|[from] brn\n|-fieldend|move: Psychic Terrain\n|upkeep\n|\n|t:|1727150540\n|switch|p1b: Gallade|Gallade, L50, M|100\/100\n|switch|p2b: Tyranitar|Tyranitar, L50, F|100\/100\n|turn|6\n|\n|t:|1727150567\n|-terastallize|p2b: Tyranitar|Flying\n|move|p2a: Gastrodon|Protect|p2a: Gastrodon\n|-singleturn|p2a: Gastrodon|Protect\n|move|p1a: Ursa-spoona|Facade|p2b: Tyranitar\n|-damage|p2b: Tyranitar|0 fnt\n|faint|p2b: Tyranitar\n|move|p1b: Gallade|Sacred Sword|p2a: Gastrodon\n|-activate|p2a: Gastrodon|move: Protect\n|\n|-weather|Sandstorm|[upkeep]\n|-damage|p1a: Ursa-spoona|46\/100 brn|[from] Sandstorm\n|-damage|p1b: Gallade|94\/100|[from] Sandstorm\n|-damage|p1a: Ursa-spoona|39\/100 brn|[from] brn\n|-fieldend|move: Trick Room\n|upkeep\n|turn|7\n|-message|greenlightdmp forfeited.\n|\n|win|cilan123\n|raw|cilan123's rating: 1658 &rarr; <strong>1681<\/strong><br \/>(+23 for winning)\n|raw|greenlightdmp's rating: 1712 &rarr; <strong>1689<\/strong><br \/>(-23 for losing)\n|l|\u2606greenlightdmp\n|player|p2|\n|l|\u2606cilan123\n|player|p1|\n|l| GameLurker69\n","uploadtime":1727150822,"views":32,"formatid":"gen9vgc2024regh","rating":1681,"private":0,"password":null}