{"id":"gen9vgc2024regh-2208198266","format":"[Gen 9] VGC 2024 Reg H","players":["chappell murkroan","speedyturtle87"],"log":"|j|\u2606chappell murkroan\n|j|\u2606speedyturtle87\n|t:|1727131105\n|gametype|doubles\n|player|p1|chappell murkroan|caitlin|1749\n|player|p2|speedyturtle87|carmine|1677\n|teamsize|p1|6\n|teamsize|p2|6\n|gen|9\n|tier|[Gen 9] VGC 2024 Reg H\n|rated|\n|rule|Species Clause: Limit one of each Pok\u00e9mon\n|rule|Item Clause: Limit 1 of each item\n|clearpoke\n|poke|p1|Whimsicott, L50, M|\n|poke|p1|Gholdengo, L50|\n|poke|p1|Ursaluna-Bloodmoon, L50, M|\n|poke|p1|Tauros-Paldea-Aqua, L50, M|\n|poke|p1|Dragonite, L50, F|\n|poke|p1|Rotom-Heat, L50|\n|poke|p2|Magnezone, L50|\n|poke|p2|Flamigo, L50, F|\n|poke|p2|Sneasler, L50, F|\n|poke|p2|Glimmora, L50, F|\n|poke|p2|Volbeat, L50, M|\n|poke|p2|Primarina, L50, F|\n|teampreview|4\n|inactive|Battle timer is ON: inactive players will automatically lose when time's up. (requested by speedyturtle87)\n|inactive|chappell murkroan also wants the timer to be on.\n|j| mr pogostick\n|c|\u2606chappell murkroan|im scared\n|inactive|chappell murkroan has 60 seconds left.\n|\n|t:|1727131142\n|start\n|switch|p1a: Rotom|Rotom-Heat, L50|100\/100\n|switch|p1b: Whimsicott|Whimsicott, L50, M|100\/100\n|switch|p2a: Volbeat|Volbeat, L50, M|100\/100\n|switch|p2b: Sneasler|Sneasler, L50, F|100\/100\n|turn|1\n|\n|t:|1727131159\n|move|p1b: Whimsicott|Tailwind|p1b: Whimsicott\n|-sidestart|p1: chappell murkroan|move: Tailwind\n|move|p2a: Volbeat|Tailwind|p2a: Volbeat\n|-sidestart|p2: speedyturtle87|move: Tailwind\n|move|p1a: Rotom|Volt Switch|p2b: Sneasler\n|-damage|p2b: Sneasler|57\/100\n|\n|t:|1727131165\n|switch|p1a: Tauros|Tauros-Paldea-Aqua, L50, M|100\/100|[from] Volt Switch\n|-ability|p1a: Tauros|Intimidate|boost\n|-unboost|p2a: Volbeat|atk|1\n|-unboost|p2b: Sneasler|atk|1\n|move|p2b: Sneasler|Dire Claw|p1b: Whimsicott\n|-supereffective|p1b: Whimsicott\n|-damage|p1b: Whimsicott|0 fnt\n|faint|p1b: Whimsicott\n|\n|upkeep\n|j| TestingDoublesVGC\n|\n|t:|1727131175\n|switch|p1b: Dragonite|Dragonite, L50, F|100\/100\n|turn|2\n|\n|t:|1727131181\n|move|p2b: Sneasler|Protect|p2b: Sneasler\n|-singleturn|p2b: Sneasler|Protect\n|move|p1a: Tauros|Wave Crash|p2b: Sneasler\n|-activate|p2b: Sneasler|move: Protect\n|move|p1b: Dragonite|Scale Shot|p2a: Volbeat\n|-damage|p2a: Volbeat|82\/100\n|-damage|p2a: Volbeat|64\/100\n|-damage|p2a: Volbeat|45\/100\n|-damage|p2a: Volbeat|25\/100\n|-hitcount|p2a: Volbeat|4\n|-unboost|p1b: Dragonite|def|1\n|-boost|p1b: Dragonite|spe|1\n|move|p2a: Volbeat|U-turn|p1b: Dragonite\n|-resisted|p1b: Dragonite\n|-damage|p1b: Dragonite|95\/100\n|\n|t:|1727131190\n|switch|p2a: Glimmora|Glimmora, L50, F|100\/100|[from] U-turn\n|\n|upkeep\n|turn|3\n|\n|t:|1727131212\n|-terastallize|p1b: Dragonite|Normal\n|-terastallize|p2a: Glimmora|Grass\n|move|p1b: Dragonite|Extreme Speed|p2b: Sneasler\n|-damage|p2b: Sneasler|0 fnt\n|faint|p2b: Sneasler\n|move|p1a: Tauros|Wave Crash|p2a: Glimmora\n|-resisted|p2a: Glimmora\n|-damage|p2a: Glimmora|63\/100\n|-activate|p2a: Glimmora|ability: Toxic Debris\n|-sidestart|p1: chappell murkroan|move: Toxic Spikes\n|-damage|p1a: Tauros|87\/100|[from] Recoil\n|move|p2a: Glimmora|Energy Ball|p1a: Tauros\n|-supereffective|p1a: Tauros\n|-damage|p1a: Tauros|0 fnt\n|faint|p1a: Tauros\n|\n|upkeep\n|j| Nuzzlear\n|j| Therazer456\n|\n|t:|1727131228\n|switch|p2b: Flamigo|Flamigo, L50, F|100\/100\n|switch|p1a: Rotom|Rotom-Heat, L50|100\/100\n|turn|4\n|l| Nuzzlear\n|\n|t:|1727131239\n|move|p2b: Flamigo|Protect|p2b: Flamigo\n|-singleturn|p2b: Flamigo|Protect\n|move|p1a: Rotom|Overheat|p2a: Glimmora|[miss]\n|-miss|p1a: Rotom|p2a: Glimmora\n|move|p1b: Dragonite|Scale Shot|p2b: Flamigo\n|-activate|p2b: Flamigo|move: Protect\n|move|p2a: Glimmora|Power Gem|p1a: Rotom\n|-supereffective|p1a: Rotom\n|-damage|p1a: Rotom|0 fnt\n|faint|p1a: Rotom\n|\n|-sideend|p1: chappell murkroan|move: Tailwind\n|-sideend|p2: speedyturtle87|move: Tailwind\n|upkeep\n|turn|5\n|c|\u2606chappell murkroan|oh\n|c|\u2606chappell murkroan|ok\n|j| Surve\n|l| mr pogostick\n|\n|t:|1727131260\n|move|p1b: Dragonite|Scale Shot|p2b: Flamigo\n|-damage|p2b: Flamigo|81\/100\n|-damage|p2b: Flamigo|58\/100\n|-damage|p2b: Flamigo|37\/100\n|-damage|p2b: Flamigo|15\/100\n|-damage|p2b: Flamigo|0 fnt\n|faint|p2b: Flamigo\n|-hitcount|p2: Flamigo|5\n|-unboost|p1b: Dragonite|def|1\n|-boost|p1b: Dragonite|spe|1\n|move|p2a: Glimmora|Sludge Bomb|p1b: Dragonite\n|-damage|p1b: Dragonite|41\/100\n|\n|upkeep\n|\n|t:|1727131266\n|switch|p2b: Volbeat|Volbeat, L50, M|25\/100\n|turn|6\n|\n|t:|1727131270\n|move|p2b: Volbeat|Tailwind|p2b: Volbeat\n|-sidestart|p2: speedyturtle87|move: Tailwind\n|move|p2a: Glimmora|Sludge Bomb|p1b: Dragonite\n|-damage|p1b: Dragonite|0 fnt\n|faint|p1b: Dragonite\n|\n|win|speedyturtle87\n|raw|chappell murkroan's rating: 1749 &rarr; <strong>1725<\/strong><br \/>(-24 for losing)\n|raw|speedyturtle87's rating: 1677 &rarr; <strong>1701<\/strong><br \/>(+24 for winning)\n|l|\u2606chappell murkroan\n|player|p1|\n|l| TestingDoublesVGC\n|l|\u2606speedyturtle87\n|player|p2|\n|l| Surve\n","uploadtime":1727131409,"views":52,"formatid":"gen9vgc2024regh","rating":1701,"private":0,"password":null}