{"id":"gen9vgc2024regh-2208376150","format":"[Gen 9] VGC 2024 Reg H","players":["elvegis1","roykeenkennedy"],"log":"|j|\u2606elvegis1\n|j|\u2606roykeenkennedy\n|t:|1727153228\n|gametype|doubles\n|player|p1|elvegis1|lucas|1656\n|player|p2|roykeenkennedy|alder|1720\n|teamsize|p1|6\n|teamsize|p2|6\n|gen|9\n|tier|[Gen 9] VGC 2024 Reg H\n|rated|\n|rule|Species Clause: Limit one of each Pok\u00e9mon\n|rule|Item Clause: Limit 1 of each item\n|clearpoke\n|poke|p1|Porygon2, L50|\n|poke|p1|Kingambit, L50, F|\n|poke|p1|Amoonguss, L50, F|\n|poke|p1|Sneasler, L50, M|\n|poke|p1|Dragonite, L50, F|\n|poke|p1|Gastrodon-East, L50, F|\n|poke|p2|Salamence, L50, M|\n|poke|p2|Incineroar, L50, F|\n|poke|p2|Weezing, L50, F|\n|poke|p2|Dragapult, L50, M|\n|poke|p2|Ursaluna-Bloodmoon, L50, M|\n|poke|p2|Primarina, L50, F|\n|teampreview|4\n|inactive|Battle timer is ON: inactive players will automatically lose when time's up. (requested by elvegis1)\n|j| CaptainEricVGC\n|j| Lavenderawa\n|inactive|elvegis1 has 60 seconds left.\n|inactive|elvegis1 has 30 seconds left.\n|\n|t:|1727153292\n|start\n|switch|p1a: Amoonguss|Amoonguss, L50, F|100\/100\n|switch|p1b: Gastrodon|Gastrodon-East, L50, F|100\/100\n|switch|p2a: Weezing|Weezing, L50, F|100\/100\n|switch|p2b: Incineroar|Incineroar, L50, F|100\/100\n|-ability|p2a: Weezing|Neutralizing Gas\n|-block|p2b: Incineroar|item: Ability Shield\n|-ability|p2b: Incineroar|Intimidate|boost\n|-unboost|p1a: Amoonguss|atk|1\n|-unboost|p1b: Gastrodon|atk|1\n|turn|1\n|\n|t:|1727153308\n|move|p1b: Gastrodon|Protect|p1b: Gastrodon\n|-singleturn|p1b: Gastrodon|Protect\n|move|p1a: Amoonguss|Protect|p1a: Amoonguss\n|-singleturn|p1a: Amoonguss|Protect\n|move|p2b: Incineroar|Fake Out|p1b: Gastrodon\n|-activate|p1b: Gastrodon|move: Protect\n|move|p2a: Weezing|Taunt|p1a: Amoonguss\n|-activate|p1a: Amoonguss|move: Protect\n|\n|upkeep\n|turn|2\n|\n|t:|1727153326\n|switch|p1a: Sneasler|Sneasler, L50, M|100\/100\n|-terastallize|p2a: Weezing|Ghost\n|move|p2a: Weezing|Taunt|p1a: Sneasler\n|-start|p1a: Sneasler|move: Taunt\n|move|p2b: Incineroar|Knock Off|p1b: Gastrodon\n|-damage|p1b: Gastrodon|73\/100\n|-enditem|p1b: Gastrodon|Sitrus Berry|[from] move: Knock Off|[of] p2b: Incineroar\n|move|p1b: Gastrodon|Yawn|p2a: Weezing\n|-start|p2a: Weezing|move: Yawn|[of] p1b: Gastrodon\n|\n|upkeep\n|turn|3\n|inactive|elvegis1 has 30 seconds left.\n|inactive|elvegis1 has 20 seconds left.\n|inactive|elvegis1 has 15 seconds left.\n|\n|t:|1727153367\n|-end|p2a: Weezing|ability: Neutralizing Gas\n|switch|p2a: Ursaluna|Ursaluna-Bloodmoon, L50, M|100\/100\n|switch|p2b: Dragapult|Dragapult, L50, M|100\/100\n|move|p1a: Sneasler|Dire Claw|p2b: Dragapult\n|-resisted|p2b: Dragapult\n|-damage|p2b: Dragapult|69\/100\n|-status|p2b: Dragapult|psn\n|move|p1b: Gastrodon|Yawn|p2a: Ursaluna\n|-start|p2a: Ursaluna|move: Yawn|[of] p1b: Gastrodon\n|\n|-damage|p2b: Dragapult|57\/100 psn|[from] psn\n|upkeep\n|turn|4\n|inactive|elvegis1 has 30 seconds left.\n|\n|t:|1727153396\n|switch|p2a: Weezing|Weezing, L50, F, tera:Ghost|100\/100\n|-ability|p2a: Weezing|Neutralizing Gas\n|move|p2b: Dragapult|Dragon Darts|p1a: Sneasler\n|-damage|p1a: Sneasler|39\/100\n|-anim|p2b: Dragapult|Dragon Darts|p1b: Gastrodon\n|-damage|p1b: Gastrodon|38\/100\n|move|p1a: Sneasler|Close Combat|p2a: Weezing\n|-immune|p2a: Weezing\n|move|p1b: Gastrodon|Earth Power|p2b: Dragapult\n|-damage|p2b: Dragapult|15\/100 psn\n|\n|-damage|p2b: Dragapult|2\/100 psn|[from] psn\n|-end|p1a: Sneasler|move: Taunt\n|upkeep\n|turn|5\n|inactive|roykeenkennedy has 30 seconds left.\n|\n|t:|1727153421\n|move|p1a: Sneasler|Protect|p1a: Sneasler\n|-singleturn|p1a: Sneasler|Protect\n|move|p1b: Gastrodon|Protect|p1b: Gastrodon\n|-singleturn|p1b: Gastrodon|Protect\n|move|p2b: Dragapult|Dragon Darts|p1a: Sneasler\n|-activate|p1b: Gastrodon|move: Protect\n|move|p2a: Weezing|Taunt|p1b: Gastrodon\n|-activate|p1b: Gastrodon|move: Protect\n|\n|-damage|p2b: Dragapult|0 fnt|[from] psn\n|faint|p2b: Dragapult\n|upkeep\n|\n|t:|1727153435\n|switch|p2b: Incineroar|Incineroar, L50, F|100\/100\n|-ability|p2b: Incineroar|Intimidate|boost\n|-unboost|p1a: Sneasler|atk|1\n|-unboost|p1b: Gastrodon|atk|1\n|-enditem|p1a: Sneasler|White Herb\n|-clearnegativeboost|p1a: Sneasler|[silent]\n|turn|6\n|\n|t:|1727153451\n|switch|p1a: Amoonguss|Amoonguss, L50, F|100\/100\n|move|p2a: Weezing|Sludge Bomb|p1b: Gastrodon\n|-resisted|p1b: Gastrodon\n|-damage|p1b: Gastrodon|25\/100\n|-status|p1b: Gastrodon|psn\n|move|p2b: Incineroar|Flare Blitz|p1b: Gastrodon\n|-resisted|p1b: Gastrodon\n|-damage|p1b: Gastrodon|6\/100 psn\n|-damage|p2b: Incineroar|94\/100|[from] Recoil\n|move|p1b: Gastrodon|Earth Power|p2b: Incineroar\n|-supereffective|p2b: Incineroar\n|-damage|p2b: Incineroar|51\/100\n|\n|-damage|p1b: Gastrodon|0 fnt|[from] psn\n|faint|p1b: Gastrodon\n|upkeep\n|\n|t:|1727153472\n|switch|p1b: Sneasler|Sneasler, L50, M|39\/100\n|turn|7\n|\n|t:|1727153482\n|switch|p2b: Ursaluna|Ursaluna-Bloodmoon, L50, M|100\/100\n|move|p1b: Sneasler|Close Combat|p2b: Ursaluna\n|-supereffective|p2b: Ursaluna\n|-damage|p2b: Ursaluna|10\/100\n|-unboost|p1b: Sneasler|def|1\n|-unboost|p1b: Sneasler|spd|1\n|move|p2a: Weezing|Will-O-Wisp|p1b: Sneasler\n|-status|p1b: Sneasler|brn\n|move|p1a: Amoonguss|Pollen Puff|p1b: Sneasler\n|-heal|p1b: Sneasler|89\/100 brn\n|\n|-damage|p1b: Sneasler|82\/100 brn|[from] brn\n|upkeep\n|turn|8\n|\n|t:|1727153501\n|switch|p2b: Incineroar|Incineroar, L50, F|51\/100\n|-ability|p2b: Incineroar|Intimidate|boost\n|-unboost|p1a: Amoonguss|atk|1\n|-unboost|p1b: Sneasler|atk|1\n|move|p1b: Sneasler|Dire Claw|p2b: Incineroar\n|-damage|p2b: Incineroar|39\/100\n|-status|p2b: Incineroar|psn\n|move|p2a: Weezing|Taunt|p1a: Amoonguss\n|-start|p1a: Amoonguss|move: Taunt\n|cant|p1a: Amoonguss|move: Taunt|Spore\n|\n|-damage|p2b: Incineroar|26\/100 psn|[from] psn\n|-damage|p1b: Sneasler|76\/100 brn|[from] brn\n|upkeep\n|turn|9\n|\n|t:|1727153521\n|move|p1b: Sneasler|Protect|p1b: Sneasler\n|-singleturn|p1b: Sneasler|Protect\n|move|p2a: Weezing|Will-O-Wisp|p1a: Amoonguss|[miss]\n|-miss|p2a: Weezing|p1a: Amoonguss\n|move|p2b: Incineroar|Flare Blitz|p1a: Amoonguss\n|-supereffective|p1a: Amoonguss\n|-damage|p1a: Amoonguss|29\/100\n|-damage|p2b: Incineroar|10\/100 psn|[from] item: Rocky Helmet|[of] p1a: Amoonguss\n|-damage|p2b: Incineroar|0 fnt|[from] Recoil\n|faint|p2b: Incineroar\n|move|p1a: Amoonguss|Pollen Puff|p2a: Weezing\n|-resisted|p2a: Weezing\n|-damage|p2a: Weezing|89\/100\n|\n|-heal|p2a: Weezing|96\/100|[from] item: Leftovers\n|-damage|p1b: Sneasler|70\/100 brn|[from] brn\n|upkeep\n|\n|t:|1727153539\n|switch|p2b: Ursaluna|Ursaluna-Bloodmoon, L50, M|10\/100\n|turn|10\n|\n|t:|1727153549\n|move|p2b: Ursaluna|Vacuum Wave|p1a: Amoonguss\n|-resisted|p1a: Amoonguss\n|-damage|p1a: Amoonguss|22\/100\n|move|p1b: Sneasler|Close Combat|p2b: Ursaluna\n|-supereffective|p2b: Ursaluna\n|-damage|p2b: Ursaluna|0 fnt\n|-unboost|p1b: Sneasler|def|1\n|-unboost|p1b: Sneasler|spd|1\n|faint|p2b: Ursaluna\n|move|p2a: Weezing|Sludge Bomb|p1a: Amoonguss\n|-damage|p1a: Amoonguss|0 fnt\n|faint|p1a: Amoonguss\n|\n|-heal|p2a: Weezing|100\/100|[from] item: Leftovers\n|-damage|p1b: Sneasler|64\/100 brn|[from] brn\n|upkeep\n|\n|t:|1727153559\n|switch|p1a: Dragonite|Dragonite, L50, F|100\/100\n|turn|11\n|\n|t:|1727153567\n|move|p2a: Weezing|Protect|p2a: Weezing\n|-singleturn|p2a: Weezing|Protect\n|move|p1b: Sneasler|Coaching|p1a: Dragonite\n|-boost|p1a: Dragonite|atk|1\n|-boost|p1a: Dragonite|def|1\n|move|p1a: Dragonite|Dragon Dance|p1a: Dragonite\n|-boost|p1a: Dragonite|atk|1\n|-boost|p1a: Dragonite|spe|1\n|\n|-damage|p1b: Sneasler|57\/100 brn|[from] brn\n|upkeep\n|turn|12\n|\n|t:|1727153580\n|move|p1b: Sneasler|Coaching|p1a: Dragonite\n|-boost|p1a: Dragonite|atk|1\n|-boost|p1a: Dragonite|def|1\n|move|p1a: Dragonite|Outrage|p2a: Weezing\n|-damage|p2a: Weezing|0 fnt\n|faint|p2a: Weezing\n|-end|p2a: Weezing|ability: Neutralizing Gas\n|\n|win|elvegis1\n|raw|elvegis1's rating: 1656 &rarr; <strong>1680<\/strong><br \/>(+24 for winning)\n|raw|roykeenkennedy's rating: 1720 &rarr; <strong>1696<\/strong><br \/>(-24 for losing)\n|l| Lavenderawa\n|l|\u2606roykeenkennedy\n|player|p2|\n|l|\u2606elvegis1\n|player|p1|\n","uploadtime":1727153726,"views":155,"formatid":"gen9vgc2024regh","rating":1680,"private":0,"password":null}