{"id":"gen9vgc2024regh-2208522676","format":"[Gen 9] VGC 2024 Reg H","players":["SeaWolfMikess","basicfit2023"],"log":"|badge|p1|bronze|gen9doublesou|100-2\n|uhtml|medal-msg|<div class=\"broadcast-blue\">Curious what those medals under the avatar are? PS now has Ladder Seasons! For more information, check out the <a href=\"https:\/\/www.smogon.com\/forums\/threads\/3740067\/\">thread on Smogon.<\/a><\/div>\n|j|\u2606SeaWolfMikess\n|j|\u2606basicfit2023\n|t:|1727176799\n|gametype|doubles\n|player|p1|SeaWolfMikess|hugh|1797\n|player|p2|basicfit2023|serena|1686\n|teamsize|p1|6\n|teamsize|p2|6\n|gen|9\n|tier|[Gen 9] VGC 2024 Reg H\n|rated|\n|rule|Species Clause: Limit one of each Pok\u00e9mon\n|rule|Item Clause: Limit 1 of each item\n|clearpoke\n|poke|p1|Murkrow, L50, F|\n|poke|p1|Gholdengo, L50|\n|poke|p1|Archaludon, L50, M|\n|poke|p1|Glimmora, L50, M|\n|poke|p1|Dondozo, L50, M|\n|poke|p1|Tatsugiri, L50, F|\n|poke|p2|Ursaluna-Bloodmoon, L50, M|\n|poke|p2|Arcanine-Hisui, L50, M|\n|poke|p2|Rillaboom, L50, M|\n|poke|p2|Clefable, L50, M|\n|poke|p2|Basculegion, L50, M|\n|poke|p2|Sneasler, L50, F|\n|teampreview|4\n|inactive|Battle timer is ON: inactive players will automatically lose when time's up. (requested by basicfit2023)\n|\n|t:|1727176825\n|start\n|switch|p1a: Murkrow|Murkrow, L50, F|100\/100\n|switch|p1b: Gholdengo|Gholdengo, L50|100\/100\n|switch|p2a: Arcanine|Arcanine-Hisui, L50, M|100\/100\n|switch|p2b: Basculegion|Basculegion, L50, M|100\/100\n|-ability|p2a: Arcanine|Intimidate|boost\n|-unboost|p1a: Murkrow|atk|1\n|-unboost|p1b: Gholdengo|atk|1\n|turn|1\n|\n|t:|1727176839\n|move|p2a: Arcanine|Extreme Speed|p1a: Murkrow\n|-damage|p1a: Murkrow|43\/100\n|move|p1a: Murkrow|Tailwind|p1a: Murkrow\n|-sidestart|p1: SeaWolfMikess|move: Tailwind\n|move|p1b: Gholdengo|Make It Rain|p2b: Basculegion|[spread] p2a,p2b\n|-resisted|p2b: Basculegion\n|-damage|p2a: Arcanine|11\/100\n|-damage|p2b: Basculegion|56\/100\n|-unboost|p1b: Gholdengo|spa|1\n|move|p2b: Basculegion|Flip Turn|p1a: Murkrow\n|-damage|p1a: Murkrow|0 fnt\n|faint|p1a: Murkrow\n|\n|t:|1727176851\n|switch|p2b: Sneasler|Sneasler, L50, F|100\/100|[from] Flip Turn\n|\n|upkeep\n|\n|t:|1727176863\n|switch|p1a: Glimmora|Glimmora, L50, M|100\/100\n|turn|2\n|\n|t:|1727176880\n|switch|p2b: Rillaboom|Rillaboom, L50, M|100\/100\n|-fieldstart|move: Grassy Terrain|[from] ability: Grassy Surge|[of] p2b: Rillaboom\n|move|p2a: Arcanine|Extreme Speed|p1a: Glimmora\n|-resisted|p1a: Glimmora\n|-damage|p1a: Glimmora|78\/100\n|-activate|p1a: Glimmora|ability: Toxic Debris\n|-sidestart|p2: basicfit2023|move: Toxic Spikes\n|move|p1a: Glimmora|Sludge Bomb|p2a: Arcanine\n|-resisted|p2a: Arcanine\n|-damage|p2a: Arcanine|0 fnt\n|faint|p2a: Arcanine\n|move|p1b: Gholdengo|Make It Rain|p2b: Rillaboom\n|-damage|p2b: Rillaboom|47\/100\n|-unboost|p1b: Gholdengo|spa|1\n|\n|-heal|p1a: Glimmora|84\/100|[from] Grassy Terrain\n|-heal|p2b: Rillaboom|53\/100|[from] Grassy Terrain\n|upkeep\n|\n|t:|1727176883\n|switch|p2a: Sneasler|Sneasler, L50, F|100\/100\n|-sideend|p2: basicfit2023|move: Toxic Spikes|[of] p2a: Sneasler\n|turn|3\n|\n|t:|1727176905\n|move|p1a: Glimmora|Earth Power|p2a: Sneasler\n|-supereffective|p2a: Sneasler\n|-damage|p2a: Sneasler|18\/100\n|move|p1b: Gholdengo|Make It Rain|p2b: Rillaboom|[spread] p2a,p2b\n|-damage|p2a: Sneasler|0 fnt\n|-damage|p2b: Rillaboom|23\/100\n|-unboost|p1b: Gholdengo|spa|1\n|faint|p2a: Sneasler\n|move|p2b: Rillaboom|Wood Hammer|p1b: Gholdengo\n|-resisted|p1b: Gholdengo\n|-damage|p1b: Gholdengo|51\/100\n|-damage|p2b: Rillaboom|9\/100|[from] Recoil\n|\n|-heal|p1a: Glimmora|90\/100|[from] Grassy Terrain\n|-heal|p1b: Gholdengo|57\/100|[from] Grassy Terrain\n|-heal|p2b: Rillaboom|16\/100|[from] Grassy Terrain\n|upkeep\n|\n|t:|1727176908\n|switch|p2a: Basculegion|Basculegion, L50, M|56\/100\n|turn|4\n|\n|t:|1727176920\n|-terastallize|p1a: Glimmora|Grass\n|move|p2b: Rillaboom|Grassy Glide|p1a: Glimmora\n|-resisted|p1a: Glimmora\n|-damage|p1a: Glimmora|70\/100\n|-activate|p1a: Glimmora|ability: Toxic Debris\n|-sidestart|p2: basicfit2023|move: Toxic Spikes\n|move|p1a: Glimmora|Sludge Bomb|p2b: Rillaboom\n|-supereffective|p2b: Rillaboom\n|-damage|p2b: Rillaboom|0 fnt\n|faint|p2b: Rillaboom\n|move|p1b: Gholdengo|Make It Rain|p2a: Basculegion\n|-resisted|p2a: Basculegion\n|-damage|p2a: Basculegion|34\/100\n|-unboost|p1b: Gholdengo|spa|1\n|move|p2a: Basculegion|Last Respects|p1b: Gholdengo\n|-supereffective|p1b: Gholdengo\n|-damage|p1b: Gholdengo|0 fnt\n|faint|p1b: Gholdengo\n|\n|-heal|p1a: Glimmora|75\/100|[from] Grassy Terrain\n|-heal|p2a: Basculegion|40\/100|[from] Grassy Terrain\n|-sideend|p1: SeaWolfMikess|move: Tailwind\n|upkeep\n|\n|t:|1727176931\n|switch|p1b: Archaludon|Archaludon, L50, M|100\/100\n|turn|5\n|\n|t:|1727176941\n|move|p2a: Basculegion|Last Respects|p1b: Archaludon\n|-ability|p1b: Archaludon|Sturdy\n|-damage|p1b: Archaludon|1\/100\n|move|p1a: Glimmora|Sludge Bomb|p2a: Basculegion\n|-resisted|p2a: Basculegion\n|-damage|p2a: Basculegion|16\/100\n|move|p1b: Archaludon|Electro Shot||[still]\n|-prepare|p1b: Archaludon|Electro Shot\n|-boost|p1b: Archaludon|spa|1\n|-enditem|p1b: Archaludon|Power Herb\n|-anim|p1b: Archaludon|Electro Shot|p2a: Basculegion\n|-supereffective|p2a: Basculegion\n|-damage|p2a: Basculegion|0 fnt\n|faint|p2a: Basculegion\n|\n|win|SeaWolfMikess\n|raw|SeaWolfMikess's rating: 1819 &rarr; <strong>1832<\/strong><br \/>(+13 for winning)\n|raw|basicfit2023's rating: 1686 &rarr; <strong>1673<\/strong><br \/>(-13 for losing)\n|l|\u2606SeaWolfMikess\n|player|p1|\n","uploadtime":1727177152,"views":27,"formatid":"gen9vgc2024regh","rating":1673,"private":0,"password":null}