{"id":"gen9vgc2024regh-2208388066","format":"[Gen 9] VGC 2024 Reg H","players":["bigplan47","chappell murkroan"],"log":"|j|\u2606bigplan47\n|j|\u2606chappell murkroan\n|t:|1727155195\n|gametype|doubles\n|player|p1|bigplan47|cynthia-masters|1693\n|player|p2|chappell murkroan|caitlin|1727\n|teamsize|p1|6\n|teamsize|p2|6\n|gen|9\n|tier|[Gen 9] VGC 2024 Reg H\n|rated|\n|rule|Species Clause: Limit one of each Pok\u00e9mon\n|rule|Item Clause: Limit 1 of each item\n|clearpoke\n|poke|p1|Drifblim, L50, F|\n|poke|p1|Amoonguss, L50, F|\n|poke|p1|Indeedee, L50, M|\n|poke|p1|Glimmora, L50, M|\n|poke|p1|Tauros-Paldea-Blaze, L50, M|\n|poke|p1|Garchomp, L50, M|\n|poke|p2|Slaking, L50, F|\n|poke|p2|Weezing, L50, M|\n|poke|p2|Dondozo, L50, F|\n|poke|p2|Tatsugiri, L50, F|\n|poke|p2|Talonflame, L50, M|\n|poke|p2|Brambleghast, L50, M|\n|teampreview|4\n|inactive|Battle timer is ON: inactive players will automatically lose when time's up. (requested by chappell murkroan)\n|j| Lavenderawa\n|inactive|bigplan47 has 60 seconds left.\n|\n|t:|1727155243\n|start\n|switch|p1a: Amoonguss|Amoonguss, L50, F|100\/100\n|switch|p1b: Glimmora|Glimmora, L50, M|100\/100\n|switch|p2a: Weezing|Weezing, L50, M|100\/100\n|switch|p2b: Slaking|Slaking, L50, F|100\/100\n|-ability|p2a: Weezing|Neutralizing Gas\n|turn|1\n|j| slopvgc\n|\n|t:|1727155256\n|move|p2b: Slaking|Knock Off|p1b: Glimmora\n|-damage|p1b: Glimmora|43\/100\n|-enditem|p1b: Glimmora|Power Herb|[from] move: Knock Off|[of] p2b: Slaking\n|-damage|p2b: Slaking|91\/100|[from] item: Life Orb\n|move|p1b: Glimmora|Meteor Beam||[still]\n|-prepare|p1b: Glimmora|Meteor Beam\n|-boost|p1b: Glimmora|spa|1\n|move|p2a: Weezing|Taunt|p1a: Amoonguss\n|-start|p1a: Amoonguss|move: Taunt\n|cant|p1a: Amoonguss|move: Taunt|Spore\n|\n|upkeep\n|turn|2\n|j| plplk\n|\n|t:|1727155280\n|move|p2b: Slaking|Protect|p2b: Slaking\n|-singleturn|p2b: Slaking|Protect\n|move|p2a: Weezing|Protect|p2a: Weezing\n|-singleturn|p2a: Weezing|Protect\n|move|p1b: Glimmora|Meteor Beam|p2a: Weezing|[from]lockedmove\n|-activate|p2a: Weezing|move: Protect\n|move|p1a: Amoonguss|Pollen Puff|p1b: Glimmora\n|-heal|p1b: Glimmora|92\/100\n|\n|upkeep\n|turn|3\n|\n|t:|1727155303\n|-terastallize|p1b: Glimmora|Grass\n|move|p2b: Slaking|High Horsepower|p1b: Glimmora\n|-resisted|p1b: Glimmora\n|-damage|p1b: Glimmora|62\/100\n|-damage|p2b: Slaking|81\/100|[from] item: Life Orb\n|move|p1b: Glimmora|Earth Power|p2a: Weezing\n|-supereffective|p2a: Weezing\n|-damage|p2a: Weezing|20\/100\n|-unboost|p2a: Weezing|spd|1\n|-enditem|p2a: Weezing|Sitrus Berry|[eat]\n|-heal|p2a: Weezing|45\/100|[from] item: Sitrus Berry\n|move|p2a: Weezing|Sludge Bomb|p1b: Glimmora\n|-supereffective|p1b: Glimmora\n|-damage|p1b: Glimmora|0 fnt\n|faint|p1b: Glimmora\n|move|p1a: Amoonguss|Pollen Puff|p2b: Slaking\n|-damage|p2b: Slaking|59\/100\n|\n|-end|p1a: Amoonguss|move: Taunt\n|upkeep\n|\n|t:|1727155319\n|switch|p1b: Garchomp|Garchomp, L50, M|100\/100\n|turn|4\n|\n|t:|1727155337\n|move|p2a: Weezing|Protect|p2a: Weezing\n|-singleturn|p2a: Weezing|Protect\n|move|p1b: Garchomp|Stomping Tantrum|p2a: Weezing\n|-activate|p2a: Weezing|move: Protect\n|move|p2b: Slaking|Double-Edge|p1a: Amoonguss\n|-damage|p1a: Amoonguss|30\/100\n|-enditem|p1a: Amoonguss|Sitrus Berry|[eat]\n|-heal|p1a: Amoonguss|55\/100|[from] item: Sitrus Berry\n|-damage|p2b: Slaking|36\/100|[from] Recoil\n|-damage|p2b: Slaking|27\/100|[from] item: Life Orb\n|move|p1a: Amoonguss|Spore|p2b: Slaking\n|-status|p2b: Slaking|slp|[from] move: Spore\n|\n|upkeep\n|turn|5\n|\n|t:|1727155361\n|switch|p2b: Dondozo|Dondozo, L50, F|100\/100\n|-end|p2a: Weezing|ability: Neutralizing Gas\n|switch|p2a: Tatsugiri|Tatsugiri, L50, F|100\/100\n|-activate|p2a: Tatsugiri|ability: Commander|[of] p2b: Dondozo\n|-boost|p2b: Dondozo|atk|2\n|-boost|p2b: Dondozo|spa|2\n|-boost|p2b: Dondozo|spe|2\n|-boost|p2b: Dondozo|def|2\n|-boost|p2b: Dondozo|spd|2\n|move|p1b: Garchomp|Stomping Tantrum|p2a: Tatsugiri|[miss]\n|-miss|p1b: Garchomp|p2a: Tatsugiri\n|move|p1a: Amoonguss|Spore|p2a: Tatsugiri|[miss]\n|-miss|p1a: Amoonguss|p2a: Tatsugiri\n|\n|upkeep\n|turn|6\n|inactive|bigplan47 has 30 seconds left.\n|\n|t:|1727155387\n|-terastallize|p2b: Dondozo|Steel\n|move|p1b: Garchomp|Stomping Tantrum|p2b: Dondozo\n|-supereffective|p2b: Dondozo\n|-damage|p2b: Dondozo|24\/100\n|-damage|p1b: Garchomp|91\/100|[from] item: Life Orb\n|move|p2b: Dondozo|Order Up|p1b: Garchomp\n|-supereffective|p1b: Garchomp\n|-damage|p1b: Garchomp|0 fnt\n|faint|p1b: Garchomp\n|-boost|p2b: Dondozo|atk|1\n|move|p1a: Amoonguss|Clear Smog|p2b: Dondozo\n|-immune|p2b: Dondozo\n|\n|upkeep\n|\n|t:|1727155394\n|switch|p1b: Indeedee|Indeedee, L50, M|100\/100\n|-fieldstart|move: Psychic Terrain|[from] ability: Psychic Surge|[of] p1b: Indeedee\n|turn|7\n|c|\u2606chappell murkroan|gg\n|\n|t:|1727155405\n|move|p1a: Amoonguss|Rage Powder|p1a: Amoonguss\n|-singleturn|p1a: Amoonguss|move: Rage Powder\n|move|p2b: Dondozo|Heavy Slam|p1b: Indeedee\n|-damage|p1b: Indeedee|0 fnt\n|faint|p1b: Indeedee\n|\n|upkeep\n|turn|8\n|-message|bigplan47 forfeited.\n|\n|win|chappell murkroan\n|raw|bigplan47's rating: 1693 &rarr; <strong>1675<\/strong><br \/>(-18 for losing)\n|raw|chappell murkroan's rating: 1727 &rarr; <strong>1745<\/strong><br \/>(+18 for winning)\n|l|\u2606bigplan47\n|player|p1|\n|l|\u2606chappell murkroan\n|player|p2|\n|l| Lavenderawa\n|l| plplk\n|l| slopvgc\n","uploadtime":1727155660,"views":23,"formatid":"gen9vgc2024regh","rating":1675,"private":0,"password":null}