{"id":"gen9vgc2024regh-2209416756","format":"[Gen 9] VGC 2024 Reg H","players":["Pokemonst3r","pmawarrior"],"log":"|j|\u2606Pokemonst3r\n|j|\u2606pmawarrior\n|t:|1727276493\n|gametype|doubles\n|player|p1|Pokemonst3r|2|1681\n|player|p2|pmawarrior|1|1745\n|teamsize|p1|6\n|teamsize|p2|6\n|gen|9\n|tier|[Gen 9] VGC 2024 Reg H\n|rated|\n|rule|Species Clause: Limit one of each Pok\u00e9mon\n|rule|Item Clause: Limit 1 of each item\n|clearpoke\n|poke|p1|Archaludon, L50, F|\n|poke|p1|Pelipper, L50, M|\n|poke|p1|Gholdengo, L50|\n|poke|p1|Hydreigon, L50, F|\n|poke|p1|Basculegion, L50, M|\n|poke|p1|Amoonguss, L50, M|\n|poke|p2|Annihilape, L50, M|\n|poke|p2|Maushold-Four, L50|\n|poke|p2|Dondozo, L50, F|\n|poke|p2|Tatsugiri, L50, F|\n|poke|p2|Glimmora, L50, F|\n|poke|p2|Dragonite, L50, M|\n|teampreview|4\n|inactive|Battle timer is ON: inactive players will automatically lose when time's up. (requested by Pokemonst3r)\n|inactive|pmawarrior has 60 seconds left.\n|\n|t:|1727276549\n|start\n|switch|p1a: Basculegion|Basculegion, L50, M|100\/100\n|switch|p1b: Pelipper|Pelipper, L50, M|100\/100\n|switch|p2a: Maushold|Maushold-Four, L50|100\/100\n|switch|p2b: Glimmora|Glimmora, L50, F|100\/100\n|-weather|RainDance|[from] ability: Drizzle|[of] p1b: Pelipper\n|turn|1\n|inactive|pmawarrior has 30 seconds left.\n|\n|t:|1727276574\n|move|p2a: Maushold|Protect|p2a: Maushold\n|-singleturn|p2a: Maushold|Protect\n|move|p1a: Basculegion|Wave Crash|p2a: Maushold\n|-activate|p2a: Maushold|move: Protect\n|move|p2b: Glimmora|Sludge Bomb|p1b: Pelipper\n|-damage|p1b: Pelipper|16\/100\n|move|p1b: Pelipper|Tailwind|p1b: Pelipper\n|-sidestart|p1: Pokemonst3r|move: Tailwind\n|\n|-weather|RainDance|[upkeep]\n|upkeep\n|turn|2\n|inactive|pmawarrior has 30 seconds left.\n|\n|t:|1727276599\n|switch|p2a: Tatsugiri|Tatsugiri, L50, F|100\/100\n|move|p1a: Basculegion|Wave Crash|p2a: Tatsugiri\n|-resisted|p2a: Tatsugiri\n|-damage|p2a: Tatsugiri|44\/100\n|-damage|p1a: Basculegion|87\/100|[from] Recoil\n|-damage|p1a: Basculegion|77\/100|[from] item: Life Orb\n|move|p1b: Pelipper|Muddy Water|p2a: Tatsugiri|[spread] p2a,p2b\n|-resisted|p2a: Tatsugiri\n|-supereffective|p2b: Glimmora\n|-damage|p2a: Tatsugiri|30\/100\n|-enditem|p2b: Glimmora|Focus Sash\n|-damage|p2b: Glimmora|1\/100\n|-unboost|p2b: Glimmora|accuracy|1\n|move|p2b: Glimmora|Mortal Spin|p1a: Basculegion|[spread] p1a,p1b\n|-resisted|p1a: Basculegion\n|-damage|p1a: Basculegion|74\/100\n|-damage|p1b: Pelipper|11\/100\n|-status|p1a: Basculegion|psn\n|-status|p1b: Pelipper|psn\n|\n|-weather|RainDance|[upkeep]\n|-damage|p1a: Basculegion|62\/100 psn|[from] psn\n|-damage|p1b: Pelipper|0 fnt|[from] psn\n|faint|p1b: Pelipper\n|upkeep\n|\n|t:|1727276623\n|switch|p1b: Archaludon|Archaludon, L50, F|100\/100\n|turn|3\n|inactive|pmawarrior has 30 seconds left.\n|\n|t:|1727276648\n|switch|p1a: Amoonguss|Amoonguss, L50, M|100\/100\n|switch|p2a: Maushold|Maushold-Four, L50|100\/100\n|move|p2b: Glimmora|Spiky Shield|p2b: Glimmora\n|-singleturn|p2b: Glimmora|move: Protect\n|move|p1b: Archaludon|Electro Shot||[still]\n|-prepare|p1b: Archaludon|Electro Shot\n|-boost|p1b: Archaludon|spa|1\n|-anim|p1b: Archaludon|Electro Shot|p2a: Maushold\n|-damage|p2a: Maushold|0 fnt\n|faint|p2a: Maushold\n|\n|-weather|RainDance|[upkeep]\n|upkeep\n|\n|t:|1727276656\n|switch|p2a: Dondozo|Dondozo, L50, F|100\/100\n|turn|4\n|\n|t:|1727276673\n|switch|p2b: Tatsugiri|Tatsugiri, L50, F|30\/100\n|-activate|p2b: Tatsugiri|ability: Commander|[of] p2a: Dondozo\n|-boost|p2a: Dondozo|atk|2\n|-boost|p2a: Dondozo|spa|2\n|-boost|p2a: Dondozo|spe|2\n|-boost|p2a: Dondozo|def|2\n|-boost|p2a: Dondozo|spd|2\n|-terastallize|p2a: Dondozo|Steel\n|move|p1b: Archaludon|Electro Shot||[still]\n|-prepare|p1b: Archaludon|Electro Shot\n|-boost|p1b: Archaludon|spa|1\n|-anim|p1b: Archaludon|Electro Shot|p2a: Dondozo\n|-damage|p2a: Dondozo|78\/100\n|move|p2a: Dondozo|Earthquake|p1a: Amoonguss|[spread] p1a,p1b\n|-miss|p2a: Dondozo|p2b: Tatsugiri\n|-supereffective|p1b: Archaludon\n|-damage|p1a: Amoonguss|61\/100\n|-damage|p1b: Archaludon|38\/100\n|-ability|p1b: Archaludon|Stamina|boost\n|-boost|p1b: Archaludon|def|1\n|move|p1a: Amoonguss|Clear Smog|p2a: Dondozo\n|-immune|p2a: Dondozo\n|\n|-weather|RainDance|[upkeep]\n|-sideend|p1: Pokemonst3r|move: Tailwind\n|upkeep\n|turn|5\n|\n|t:|1727276698\n|-terastallize|p1b: Archaludon|Flying\n|move|p2a: Dondozo|Heavy Slam|p1a: Amoonguss\n|-damage|p1a: Amoonguss|0 fnt\n|-damage|p2a: Dondozo|62\/100|[from] item: Rocky Helmet|[of] p1a: Amoonguss\n|faint|p1a: Amoonguss\n|move|p1b: Archaludon|Draco Meteor|p2a: Dondozo\n|-resisted|p2a: Dondozo\n|-damage|p2a: Dondozo|45\/100\n|-unboost|p1b: Archaludon|spa|2\n|\n|-weather|none\n|upkeep\n|\n|t:|1727276709\n|switch|p1a: Basculegion|Basculegion, L50, M|62\/100 psn\n|turn|6\n|\n|t:|1727276713\n|move|p2a: Dondozo|Protect|p2a: Dondozo\n|-singleturn|p2a: Dondozo|Protect\n|move|p1a: Basculegion|Protect|p1a: Basculegion\n|-singleturn|p1a: Basculegion|Protect\n|move|p1b: Archaludon|Body Press|p2a: Dondozo\n|-activate|p2a: Dondozo|move: Protect\n|\n|-damage|p1a: Basculegion|50\/100 psn|[from] psn\n|upkeep\n|turn|7\n|\n|t:|1727276731\n|move|p2a: Dondozo|Earthquake|p1b: Archaludon|[spread] p1a\n|-miss|p2a: Dondozo|p2b: Tatsugiri\n|-immune|p1b: Archaludon\n|-damage|p1a: Basculegion|0 fnt\n|faint|p1a: Basculegion\n|move|p1b: Archaludon|Body Press|p2a: Dondozo\n|-supereffective|p2a: Dondozo\n|-damage|p2a: Dondozo|29\/100\n|\n|upkeep\n|turn|8\n|-message|Pokemonst3r forfeited.\n|\n|win|pmawarrior\n|raw|Pokemonst3r's rating: 1681 &rarr; <strong>1665<\/strong><br \/>(-16 for losing)\n|raw|pmawarrior's rating: 1745 &rarr; <strong>1761<\/strong><br \/>(+16 for winning)\n|l|\u2606Pokemonst3r\n|player|p1|\n|l|\u2606pmawarrior\n|player|p2|\n","uploadtime":1727276951,"views":17,"formatid":"gen9vgc2024regh","rating":1665,"private":0,"password":null}