{"id":"gen9vgc2024regh-2209480975","format":"[Gen 9] VGC 2024 Reg H","players":["Realfrytki","nootellas"],"log":"|j|\u2606Realfrytki\n|j|\u203dnootellas\n|t:|1727281945\n|gametype|doubles\n|player|p1|Realfrytki|veteranf|1716\n|player|p2|nootellas|169|1696\n|teamsize|p1|6\n|teamsize|p2|6\n|gen|9\n|tier|[Gen 9] VGC 2024 Reg H\n|rated|\n|rule|Species Clause: Limit one of each Pok\u00e9mon\n|rule|Item Clause: Limit 1 of each item\n|clearpoke\n|poke|p1|Primarina, L50, F|\n|poke|p1|Espathra, L50, F|\n|poke|p1|Typhlosion-Hisui, L50, F|\n|poke|p1|Indeedee-F, L50, F|\n|poke|p1|Archaludon, L50, F|\n|poke|p1|Murkrow, L50, F|\n|poke|p2|Ninetales-Alola, L50, M|\n|poke|p2|Zoroark-Hisui, L50, M|\n|poke|p2|Goodra-Hisui, L50, F|\n|poke|p2|Incineroar, L50, F|\n|poke|p2|Sylveon, L50, F|\n|poke|p2|Garchomp, L50, F|\n|teampreview|4\n|j| Lavenderawa\n|\n|t:|1727281996\n|start\n|switch|p1a: Typhlosion|Typhlosion-Hisui, L50, F|100\/100\n|switch|p1b: Murkrow|Murkrow, L50, F|100\/100\n|switch|p2a: Sylveon|Sylveon, L50, F, shiny|100\/100\n|switch|p2b: Garchomp|Garchomp, L50, F, shiny|100\/100\n|turn|1\n|\n|t:|1727282022\n|switch|p2b: Incineroar|Incineroar, L50, F, shiny|100\/100\n|-ability|p2b: Incineroar|Intimidate|boost\n|-unboost|p1a: Typhlosion|atk|1\n|-unboost|p1b: Murkrow|atk|1\n|move|p1a: Typhlosion|Protect|p1a: Typhlosion\n|-singleturn|p1a: Typhlosion|Protect\n|move|p1b: Murkrow|Tailwind|p1b: Murkrow\n|-sidestart|p1: Realfrytki|move: Tailwind\n|move|p2a: Sylveon|Hyper Voice|p1b: Murkrow|[spread] p1b\n|-activate|p1a: Typhlosion|move: Protect\n|-supereffective|p1b: Murkrow\n|-damage|p1b: Murkrow|0 fnt\n|faint|p1b: Murkrow\n|\n|upkeep\n|\n|t:|1727282040\n|switch|p1b: Archaludon|Archaludon, L50, F|100\/100\n|turn|2\n|\n|t:|1727282045\n|move|p1b: Archaludon|Protect|p1b: Archaludon\n|-singleturn|p1b: Archaludon|Protect\n|move|p2a: Sylveon|Protect|p2a: Sylveon\n|-singleturn|p2a: Sylveon|Protect\n|move|p1a: Typhlosion|Eruption|p2b: Incineroar|[spread] p2b\n|-activate|p2a: Sylveon|move: Protect\n|-resisted|p2b: Incineroar\n|-damage|p2b: Incineroar|74\/100\n|move|p2b: Incineroar|Knock Off|p1a: Typhlosion\n|-supereffective|p1a: Typhlosion\n|-damage|p1a: Typhlosion|0 fnt\n|-enditem|p1a: Typhlosion|Charcoal|[from] move: Knock Off|[of] p2b: Incineroar\n|faint|p1a: Typhlosion\n|\n|upkeep\n|\n|t:|1727282058\n|switch|p1a: Primarina|Primarina, L50, F|100\/100\n|turn|3\n|\n|t:|1727282073\n|switch|p2b: Garchomp|Garchomp, L50, F, shiny|100\/100\n|move|p1b: Archaludon|Aura Sphere|p2b: Garchomp\n|-damage|p2b: Garchomp|73\/100\n|move|p1a: Primarina|Dazzling Gleam|p2b: Garchomp|[spread] p2a,p2b\n|-supereffective|p2b: Garchomp\n|-damage|p2a: Sylveon|66\/100\n|-damage|p2b: Garchomp|0 fnt\n|faint|p2b: Garchomp\n|move|p2a: Sylveon|Yawn|p1a: Primarina\n|-start|p1a: Primarina|move: Yawn|[of] p2a: Sylveon\n|\n|upkeep\n|\n|t:|1727282082\n|switch|p2b: Incineroar|Incineroar, L50, F, shiny|74\/100\n|-ability|p2b: Incineroar|Intimidate|boost\n|-unboost|p1a: Primarina|atk|1\n|-unboost|p1b: Archaludon|atk|1\n|turn|4\n|\n|t:|1727282100\n|move|p2b: Incineroar|Fake Out|p1a: Primarina\n|-damage|p1a: Primarina|81\/100\n|move|p1b: Archaludon|Electro Shot||[still]\n|-prepare|p1b: Archaludon|Electro Shot\n|-boost|p1b: Archaludon|spa|1\n|-enditem|p1b: Archaludon|Power Herb\n|-anim|p1b: Archaludon|Electro Shot|p2a: Sylveon\n|-damage|p2a: Sylveon|16\/100\n|cant|p1a: Primarina|flinch\n|move|p2a: Sylveon|Hyper Voice|p1a: Primarina|[spread] p1a,p1b\n|-damage|p1a: Primarina|32\/100\n|-damage|p1b: Archaludon|40\/100\n|-ability|p1b: Archaludon|Stamina|boost\n|-boost|p1b: Archaludon|def|1\n|\n|-end|p1a: Primarina|move: Yawn|[silent]\n|-status|p1a: Primarina|slp\n|-sideend|p1: Realfrytki|move: Tailwind\n|upkeep\n|turn|5\n|\n|t:|1727282124\n|move|p1b: Archaludon|Aura Sphere|p2a: Sylveon\n|-resisted|p2a: Sylveon\n|-damage|p2a: Sylveon|2\/100\n|cant|p1a: Primarina|slp\n|move|p2a: Sylveon|Hyper Voice|p1b: Archaludon|[spread] p1a,p1b\n|-damage|p1a: Primarina|0 fnt\n|-damage|p1b: Archaludon|0 fnt\n|faint|p1a: Primarina\n|faint|p1b: Archaludon\n|\n|win|nootellas\n|raw|Realfrytki's rating: 1716 &rarr; <strong>1695<\/strong><br \/>(-21 for losing)\n|raw|nootellas's rating: 1696 &rarr; <strong>1717<\/strong><br \/>(+21 for winning)\n|l| Lavenderawa\n|l|\u203dnootellas\n|player|p2|\n|l|\u2606Realfrytki\n|player|p1|\n","uploadtime":1727282141,"views":40,"formatid":"gen9vgc2024regh","rating":1695,"private":0,"password":null}