{"id":"gen9vgc2024regh-2209945506","format":"[Gen 9] VGC 2024 Reg H","players":["caixueying","chappell murkroan"],"log":"|j|\u2606caixueying\n|j|\u2606chappell murkroan\n|t:|1727334821\n|gametype|doubles\n|player|p1|caixueying|beauty-gen4dp|1705\n|player|p2|chappell murkroan|caitlin|1734\n|teamsize|p1|6\n|teamsize|p2|6\n|gen|9\n|tier|[Gen 9] VGC 2024 Reg H\n|rated|\n|rule|Species Clause: Limit one of each Pok\u00e9mon\n|rule|Item Clause: Limit 1 of each item\n|clearpoke\n|poke|p1|Pelipper, L50, M|\n|poke|p1|Grimmsnarl, L50, M|\n|poke|p1|Archaludon, L50, F|\n|poke|p1|Sinistcha-Masterpiece, L50|\n|poke|p1|Murkrow, L50, M|\n|poke|p1|Basculegion, L50, M|\n|poke|p2|Slaking, L50, M|\n|poke|p2|Weezing, L50, M|\n|poke|p2|Dondozo, L50, F|\n|poke|p2|Tatsugiri, L50, F|\n|poke|p2|Talonflame, L50, M|\n|poke|p2|Brambleghast, L50, M|\n|teampreview|4\n|inactive|Battle timer is ON: inactive players will automatically lose when time's up. (requested by chappell murkroan)\n|inactive|caixueying also wants the timer to be on.\n|\n|t:|1727334848\n|start\n|switch|p1a: Grimmsnarl|Grimmsnarl, L50, M|100\/100\n|switch|p1b: Archaludon|Archaludon, L50, F|100\/100\n|switch|p2a: Slaking|Slaking, L50, M, shiny|100\/100\n|switch|p2b: Weezing|Weezing, L50, M, shiny|100\/100\n|-ability|p2b: Weezing|Neutralizing Gas\n|turn|1\n|\n|t:|1727334865\n|move|p2a: Slaking|High Horsepower|p1b: Archaludon\n|-supereffective|p1b: Archaludon\n|-damage|p1b: Archaludon|32\/100\n|-damage|p2a: Slaking|91\/100|[from] item: Life Orb\n|move|p1b: Archaludon|Draco Meteor|p2b: Weezing\n|-damage|p2b: Weezing|49\/100\n|-unboost|p1b: Archaludon|spa|2\n|-enditem|p2b: Weezing|Sitrus Berry|[eat]\n|-heal|p2b: Weezing|74\/100|[from] item: Sitrus Berry\n|move|p2b: Weezing|Sludge Bomb|p1a: Grimmsnarl\n|-supereffective|p1a: Grimmsnarl\n|-crit|p1a: Grimmsnarl\n|-damage|p1a: Grimmsnarl|32\/100\n|move|p1a: Grimmsnarl|Reflect|p1a: Grimmsnarl\n|-sidestart|p1: caixueying|Reflect\n|\n|upkeep\n|turn|2\n|inactive|caixueying has 30 seconds left.\n|\n|t:|1727334900\n|move|p2a: Slaking|High Horsepower|p1b: Archaludon\n|-supereffective|p1b: Archaludon\n|-damage|p1b: Archaludon|0 fnt\n|faint|p1b: Archaludon\n|-damage|p2a: Slaking|81\/100|[from] item: Life Orb\n|move|p2b: Weezing|Sludge Bomb|p1a: Grimmsnarl\n|-supereffective|p1a: Grimmsnarl\n|-damage|p1a: Grimmsnarl|0 fnt\n|faint|p1a: Grimmsnarl\n|\n|upkeep\n|\n|t:|1727334910\n|switch|p1b: Basculegion|Basculegion, L50, M|100\/100\n|switch|p1a: Pelipper|Pelipper, L50, M|100\/100\n|turn|3\n|\n|t:|1727334920\n|-terastallize|p1a: Pelipper|Water\n|move|p1b: Basculegion|Protect|p1b: Basculegion\n|-singleturn|p1b: Basculegion|Protect\n|move|p2a: Slaking|Knock Off|p1b: Basculegion\n|-activate|p1b: Basculegion|move: Protect\n|move|p1a: Pelipper|Muddy Water|p2a: Slaking|[spread] p2b\n|-miss|p1a: Pelipper|p2a: Slaking\n|-damage|p2b: Weezing|37\/100\n|move|p2b: Weezing|Sludge Bomb|p1b: Basculegion\n|-activate|p1b: Basculegion|move: Protect\n|\n|upkeep\n|turn|4\n|\n|t:|1727334936\n|move|p1b: Basculegion|Protect|p1b: Basculegion\n|-singleturn|p1b: Basculegion|Protect\n|move|p2a: Slaking|Knock Off|p1b: Basculegion\n|-activate|p1b: Basculegion|move: Protect\n|move|p1a: Pelipper|Muddy Water|p2a: Slaking|[spread] p2a\n|-miss|p1a: Pelipper|p2b: Weezing\n|-damage|p2a: Slaking|31\/100\n|move|p2b: Weezing|Sludge Bomb|p1a: Pelipper\n|-damage|p1a: Pelipper|54\/100\n|\n|upkeep\n|turn|5\n|\n|t:|1727334948\n|move|p1b: Basculegion|Aqua Jet|p2a: Slaking\n|-damage|p2a: Slaking|12\/100\n|-damage|p1b: Basculegion|91\/100|[from] item: Life Orb\n|move|p2a: Slaking|Knock Off|p1b: Basculegion\n|-supereffective|p1b: Basculegion\n|-damage|p1b: Basculegion|0 fnt\n|-enditem|p1b: Basculegion|Life Orb|[from] move: Knock Off|[of] p2a: Slaking\n|faint|p1b: Basculegion\n|-damage|p2a: Slaking|2\/100|[from] item: Life Orb\n|move|p1a: Pelipper|Muddy Water|p2a: Slaking|[spread] p2a,p2b\n|-crit|p2b: Weezing\n|-damage|p2a: Slaking|0 fnt\n|-damage|p2b: Weezing|0 fnt\n|faint|p2a: Slaking\n|faint|p2b: Weezing\n|-end|p2b: Weezing|ability: Neutralizing Gas\n|-weather|RainDance|[from] ability: Drizzle|[of] p1a: Pelipper\n|\n|-weather|RainDance|[upkeep]\n|upkeep\n|\n|t:|1727334952\n|switch|p2a: Dondozo|Dondozo, L50, F, shiny|100\/100\n|switch|p2b: Tatsugiri|Tatsugiri, L50, F, shiny|100\/100\n|-activate|p2b: Tatsugiri|ability: Commander|[of] p2a: Dondozo\n|-boost|p2a: Dondozo|atk|2\n|-boost|p2a: Dondozo|spa|2\n|-boost|p2a: Dondozo|spe|2\n|-boost|p2a: Dondozo|def|2\n|-boost|p2a: Dondozo|spd|2\n|turn|6\n|-message|caixueying forfeited.\n|\n|win|chappell murkroan\n|raw|caixueying's rating: 1705 &rarr; <strong>1687<\/strong><br \/>(-18 for losing)\n|raw|chappell murkroan's rating: 1734 &rarr; <strong>1752<\/strong><br \/>(+18 for winning)\n|l|\u2606caixueying\n|player|p1|\n|l|\u2606chappell murkroan\n|player|p2|\n","uploadtime":1727335100,"views":31,"formatid":"gen9vgc2024regh","rating":1687,"private":0,"password":null}