{"id":"gen9vgc2024regh-2209815510","format":"[Gen 9] VGC 2024 Reg H","players":["moon7777","Moosewii7"],"log":"|j|\u2606moon7777\n|j|\u2606Moosewii7\n|t:|1727315355\n|gametype|doubles\n|player|p1|moon7777|170|1778\n|player|p2|Moosewii7|169|1685\n|teamsize|p1|6\n|teamsize|p2|6\n|gen|9\n|tier|[Gen 9] VGC 2024 Reg H\n|rated|\n|rule|Species Clause: Limit one of each Pok\u00e9mon\n|rule|Item Clause: Limit 1 of each item\n|clearpoke\n|poke|p1|Ursaluna-Bloodmoon, L50, M|\n|poke|p1|Volcarona, L50, M|\n|poke|p1|Basculegion, L50, M|\n|poke|p1|Rillaboom, L50, M|\n|poke|p1|Sneasler, L50, M|\n|poke|p1|Comfey, L50, F|\n|poke|p2|Garganacl, L50, M|\n|poke|p2|Amoonguss, L50, M|\n|poke|p2|Dragapult, L50, F|\n|poke|p2|Kingambit, L50, F|\n|poke|p2|Dragonite, L50, F|\n|poke|p2|Ninetales-Alola, L50, M|\n|teampreview|4\n|inactive|Battle timer is ON: inactive players will automatically lose when time's up. (requested by Moosewii7)\n|inactive|Moosewii7 has 60 seconds left.\n|\n|t:|1727315402\n|start\n|switch|p1a: Basculegion|Basculegion, L50, M|100\/100\n|switch|p1b: Sneasler|Sneasler, L50, M|100\/100\n|switch|p2a: Garganacl|Garganacl, L50, M|100\/100\n|switch|p2b: Dragonite|Dragonite, L50, F|100\/100\n|turn|1\n|\n|t:|1727315418\n|move|p1b: Sneasler|Protect|p1b: Sneasler\n|-singleturn|p1b: Sneasler|Protect\n|move|p2a: Garganacl|Protect|p2a: Garganacl\n|-singleturn|p2a: Garganacl|Protect\n|move|p1a: Basculegion|Flip Turn|p2a: Garganacl\n|-activate|p2a: Garganacl|move: Protect\n|move|p2b: Dragonite|Earthquake|p1b: Sneasler|[spread] p1a\n|-activate|p2a: Garganacl|move: Protect\n|-activate|p1b: Sneasler|move: Protect\n|-damage|p1a: Basculegion|62\/100\n|\n|upkeep\n|turn|2\n|j| fishle\n|j| readabooks\n|\n|t:|1727315442\n|-terastallize|p2a: Garganacl|Fairy\n|move|p2b: Dragonite|Extreme Speed|p1b: Sneasler\n|-damage|p1b: Sneasler|43\/100\n|move|p1a: Basculegion|Flip Turn|p2a: Garganacl\n|-damage|p2a: Garganacl|72\/100\n|\n|t:|1727315452\n|switch|p1a: Ursaluna|Ursaluna-Bloodmoon, L50, M|100\/100|[from] Flip Turn\n|move|p1b: Sneasler|Dire Claw|p2b: Dragonite\n|-damage|p2b: Dragonite|78\/100\n|move|p2a: Garganacl|Salt Cure|p1a: Ursaluna\n|-resisted|p1a: Ursaluna\n|-damage|p1a: Ursaluna|95\/100\n|-start|p1a: Ursaluna|Salt Cure\n|\n|-heal|p2a: Garganacl|78\/100|[from] item: Leftovers\n|-damage|p1a: Ursaluna|83\/100|[from] Salt Cure\n|upkeep\n|turn|3\n|\n|t:|1727315474\n|switch|p1a: Basculegion|Basculegion, L50, M|62\/100\n|move|p1b: Sneasler|Protect|p1b: Sneasler\n|-singleturn|p1b: Sneasler|Protect\n|move|p2b: Dragonite|Protect|p2b: Dragonite\n|-singleturn|p2b: Dragonite|Protect\n|move|p2a: Garganacl|Salt Cure|p1b: Sneasler\n|-activate|p1b: Sneasler|move: Protect\n|\n|-heal|p2a: Garganacl|84\/100|[from] item: Leftovers\n|upkeep\n|turn|4\n|inactive|moon7777 has 30 seconds left.\n|\n|t:|1727315505\n|switch|p1b: Rillaboom|Rillaboom, L50, M|100\/100\n|-fieldstart|move: Grassy Terrain|[from] ability: Grassy Surge|[of] p1b: Rillaboom\n|move|p2b: Dragonite|Extreme Speed|p1b: Rillaboom\n|-damage|p1b: Rillaboom|72\/100\n|move|p1a: Basculegion|Flip Turn|p2b: Dragonite\n|-resisted|p2b: Dragonite\n|-damage|p2b: Dragonite|60\/100\n|\n|t:|1727315514\n|switch|p1a: Ursaluna|Ursaluna-Bloodmoon, L50, M|83\/100|[from] Flip Turn\n|-enditem|p1a: Ursaluna|Grassy Seed\n|-boost|p1a: Ursaluna|def|1|[from] item: Grassy Seed\n|move|p2a: Garganacl|Salt Cure|p1a: Ursaluna\n|-resisted|p1a: Ursaluna\n|-damage|p1a: Ursaluna|79\/100\n|-start|p1a: Ursaluna|Salt Cure\n|\n|-heal|p1b: Rillaboom|78\/100|[from] Grassy Terrain\n|-heal|p1a: Ursaluna|85\/100|[from] Grassy Terrain\n|-heal|p2a: Garganacl|90\/100|[from] Grassy Terrain\n|-heal|p2a: Garganacl|96\/100|[from] item: Leftovers\n|-damage|p1a: Ursaluna|73\/100|[from] Salt Cure\n|upkeep\n|turn|5\n|\n|t:|1727315530\n|switch|p1a: Sneasler|Sneasler, L50, M|43\/100\n|move|p2b: Dragonite|Protect|p2b: Dragonite\n|-singleturn|p2b: Dragonite|Protect\n|move|p2a: Garganacl|Protect|p2a: Garganacl\n|-singleturn|p2a: Garganacl|Protect\n|move|p1b: Rillaboom|Wood Hammer|p2a: Garganacl\n|-activate|p2a: Garganacl|move: Protect\n|\n|-heal|p1a: Sneasler|49\/100|[from] Grassy Terrain\n|-heal|p1b: Rillaboom|84\/100|[from] Grassy Terrain\n|-heal|p2a: Garganacl|100\/100|[from] Grassy Terrain\n|upkeep\n|turn|6\n|\n|t:|1727315547\n|switch|p2a: Kingambit|Kingambit, L50, F|100\/100\n|move|p1a: Sneasler|Protect|p1a: Sneasler\n|-singleturn|p1a: Sneasler|Protect\n|move|p1b: Rillaboom|Wood Hammer|p2a: Kingambit\n|-resisted|p2a: Kingambit\n|-damage|p2a: Kingambit|73\/100\n|-damage|p1b: Rillaboom|75\/100|[from] Recoil\n|move|p2b: Dragonite|Ice Spinner|p1b: Rillaboom\n|-supereffective|p1b: Rillaboom\n|-damage|p1b: Rillaboom|11\/100\n|-fieldend|move: Grassy Terrain\n|\n|upkeep\n|turn|7\n|\n|t:|1727315563\n|switch|p1a: Basculegion|Basculegion, L50, M|62\/100\n|move|p2b: Dragonite|Extreme Speed|p1a: Basculegion\n|-immune|p1a: Basculegion\n|move|p2a: Kingambit|Sucker Punch|p1b: Rillaboom\n|-damage|p1b: Rillaboom|0 fnt\n|faint|p1b: Rillaboom\n|\n|upkeep\n|-message|moon7777 forfeited.\n|\n|win|Moosewii7\n|raw|moon7777's rating: 1778 &rarr; <strong>1753<\/strong><br \/>(-25 for losing)\n|raw|Moosewii7's rating: 1685 &rarr; <strong>1710<\/strong><br \/>(+25 for winning)\n|l|\u2606moon7777\n|player|p1|\n|l| fishle\n|l| readabooks\n|l|\u2606Moosewii7\n|player|p2|\n","uploadtime":1727315721,"views":115,"formatid":"gen9vgc2024regh","rating":1710,"private":0,"password":null}