{"id":"gen9vgc2024regh-2209632005","format":"[Gen 9] VGC 2024 Reg H","players":["kiwigal","chin8"],"log":"|j|\u2606kiwigal\n|j|\u2606chin8\n|t:|1727295049\n|gametype|doubles\n|player|p1|kiwigal|emma|1683\n|player|p2|chin8|gentleman-gen4dp|1786\n|teamsize|p1|6\n|teamsize|p2|6\n|gen|9\n|tier|[Gen 9] VGC 2024 Reg H\n|rated|\n|rule|Species Clause: Limit one of each Pok\u00e9mon\n|rule|Item Clause: Limit 1 of each item\n|clearpoke\n|poke|p1|Porygon2, L50|\n|poke|p1|Grimmsnarl, L50, M|\n|poke|p1|Araquanid, L50, F|\n|poke|p1|Gholdengo, L50|\n|poke|p1|Amoonguss, L50, F|\n|poke|p1|Arcanine-Hisui, L50, M|\n|poke|p2|Baxcalibur, L50, F|\n|poke|p2|Kilowattrel, L50, M|\n|poke|p2|Haxorus, L50, M|\n|poke|p2|Gardevoir, L50, F|\n|poke|p2|Magmortar, L50, F|\n|poke|p2|Gholdengo, L50|\n|teampreview|4\n|inactive|Battle timer is ON: inactive players will automatically lose when time's up. (requested by chin8)\n|inactive|kiwigal has 60 seconds left.\n|\n|t:|1727295096\n|start\n|switch|p1a: Grimmsnarl|Grimmsnarl, L50, M|100\/100\n|switch|p1b: Araquanid|Araquanid, L50, F|100\/100\n|switch|p2a: Magmortar|Magmortar, L50, F|100\/100\n|switch|p2b: Gholdengo|Gholdengo, L50|100\/100\n|turn|1\n|j| Deli(Again)\n|\n|t:|1727295113\n|move|p1a: Grimmsnarl|Light Screen|p1a: Grimmsnarl\n|-sidestart|p1: kiwigal|move: Light Screen\n|move|p2b: Gholdengo|Nasty Plot|p2b: Gholdengo\n|-boost|p2b: Gholdengo|spa|2\n|move|p2a: Magmortar|Taunt|p1b: Araquanid\n|-start|p1b: Araquanid|move: Taunt\n|move|p1b: Araquanid|Liquidation|p2b: Gholdengo\n|-damage|p2b: Gholdengo|36\/100\n|\n|-heal|p2b: Gholdengo|42\/100|[from] item: Leftovers\n|upkeep\n|turn|2\n|\n|t:|1727295134\n|move|p2a: Magmortar|Protect|p2a: Magmortar\n|-singleturn|p2a: Magmortar|Protect\n|move|p1a: Grimmsnarl|Reflect|p1a: Grimmsnarl\n|-sidestart|p1: kiwigal|Reflect\n|move|p2b: Gholdengo|Make It Rain|p1a: Grimmsnarl|[spread] p1a,p1b\n|-supereffective|p1a: Grimmsnarl\n|-resisted|p1b: Araquanid\n|-damage|p1a: Grimmsnarl|0 fnt\n|-damage|p1b: Araquanid|73\/100\n|-unboost|p2b: Gholdengo|spa|1\n|faint|p1a: Grimmsnarl\n|move|p1b: Araquanid|Liquidation|p2b: Gholdengo\n|-damage|p2b: Gholdengo|0 fnt\n|faint|p2b: Gholdengo\n|\n|upkeep\n|\n|t:|1727295150\n|switch|p2b: Kilowattrel|Kilowattrel, L50, M|100\/100\n|switch|p1a: Porygon2|Porygon2, L50|100\/100\n|-ability|p1a: Porygon2|Competitive|[from] ability: Trace|[of] p2b: Kilowattrel\n|turn|3\n|\n|t:|1727295167\n|-terastallize|p1b: Araquanid|Grass\n|move|p2b: Kilowattrel|Thunderbolt|p1b: Araquanid\n|-resisted|p1b: Araquanid\n|-damage|p1b: Araquanid|63\/100\n|move|p2a: Magmortar|Taunt|p1a: Porygon2\n|-start|p1a: Porygon2|move: Taunt\n|move|p1a: Porygon2|Ice Beam|p2b: Kilowattrel\n|-supereffective|p2b: Kilowattrel\n|-damage|p2b: Kilowattrel|7\/100\n|move|p1b: Araquanid|Liquidation|p2b: Kilowattrel\n|-damage|p2b: Kilowattrel|0 fnt\n|faint|p2b: Kilowattrel\n|\n|-end|p1b: Araquanid|move: Taunt\n|upkeep\n|\n|t:|1727295180\n|switch|p2b: Baxcalibur|Baxcalibur, L50, F|100\/100\n|turn|4\n|\n|t:|1727295191\n|move|p1b: Araquanid|Protect|p1b: Araquanid\n|-singleturn|p1b: Araquanid|Protect\n|move|p2b: Baxcalibur|Icicle Crash|p1b: Araquanid\n|-activate|p1b: Araquanid|move: Protect\n|move|p2a: Magmortar|Heat Wave|p1a: Porygon2|[spread] p1a\n|-activate|p1b: Araquanid|move: Protect\n|-damage|p1a: Porygon2|90\/100\n|move|p1a: Porygon2|Ice Beam|p2b: Baxcalibur\n|-damage|p2b: Baxcalibur|87\/100\n|\n|upkeep\n|turn|5\n|\n|t:|1727295204\n|switch|p1b: Arcanine|Arcanine-Hisui, L50, M|100\/100\n|-ability|p1b: Arcanine|Intimidate|boost\n|-unboost|p2a: Magmortar|atk|1\n|-unboost|p2b: Baxcalibur|atk|1\n|move|p2b: Baxcalibur|Icicle Crash|p1b: Arcanine\n|-resisted|p1b: Arcanine\n|-damage|p1b: Arcanine|87\/100\n|move|p2a: Magmortar|Heat Wave|p1a: Porygon2|[spread] p1a,p1b\n|-resisted|p1b: Arcanine\n|-damage|p1a: Porygon2|78\/100\n|-damage|p1b: Arcanine|81\/100\n|move|p1a: Porygon2|Ice Beam|p2b: Baxcalibur\n|-damage|p2b: Baxcalibur|73\/100\n|\n|-end|p1a: Porygon2|move: Taunt\n|upkeep\n|turn|6\n|inactive|kiwigal has 30 seconds left.\n|\n|t:|1727295229\n|-terastallize|p2b: Baxcalibur|Ground\n|move|p2a: Magmortar|Protect|p2a: Magmortar\n|-singleturn|p2a: Magmortar|Protect\n|move|p1b: Arcanine|Flare Blitz|p2b: Baxcalibur\n|-damage|p2b: Baxcalibur|0 fnt\n|faint|p2b: Baxcalibur\n|-damage|p1b: Arcanine|54\/100|[from] Recoil\n|move|p1a: Porygon2|Trick Room|p1a: Porygon2\n|-fieldstart|move: Trick Room|[of] p1a: Porygon2\n|\n|upkeep\n|turn|7\n|-message|chin8 forfeited.\n|\n|win|kiwigal\n|raw|kiwigal's rating: 1683 &rarr; <strong>1709<\/strong><br \/>(+26 for winning)\n|raw|chin8's rating: 1786 &rarr; <strong>1760<\/strong><br \/>(-26 for losing)\n|l|\u2606chin8\n|player|p2|\n|l|\u2606kiwigal\n|player|p1|\n|l| Deli(Again)\n","uploadtime":1727295498,"views":38,"formatid":"gen9vgc2024regh","rating":1709,"private":0,"password":null}