{"id":"gen9vgc2024regh-2209946439","format":"[Gen 9] VGC 2024 Reg H","players":["rough Pult","caixueying"],"log":"|j|\u2606rough Pult\n|j|\u2606caixueying\n|t:|1727334977\n|gametype|doubles\n|player|p1|rough Pult|giovanni|1744\n|player|p2|caixueying|beauty-gen4dp|1687\n|teamsize|p1|6\n|teamsize|p2|6\n|gen|9\n|tier|[Gen 9] VGC 2024 Reg H\n|rated|\n|rule|Species Clause: Limit one of each Pok\u00e9mon\n|rule|Item Clause: Limit 1 of each item\n|clearpoke\n|poke|p1|Dondozo, L50, M|\n|poke|p1|Dragapult, L50, M|\n|poke|p1|Magmar, L50, F|\n|poke|p1|Kingambit, L50, M|\n|poke|p1|Rillaboom, L50, F|\n|poke|p1|Sneasler, L50, F|\n|poke|p2|Pelipper, L50, F|\n|poke|p2|Grimmsnarl, L50, M|\n|poke|p2|Archaludon, L50, F|\n|poke|p2|Sinistcha-Masterpiece, L50|\n|poke|p2|Murkrow, L50, F|\n|poke|p2|Basculegion, L50, M|\n|teampreview|4\n|inactive|Battle timer is ON: inactive players will automatically lose when time's up. (requested by caixueying)\n|j| hachiware\n|\n|t:|1727335002\n|start\n|switch|p1a: Sneasler|Sneasler, L50, F|100\/100\n|switch|p1b: Kingambit|Kingambit, L50, M|100\/100\n|switch|p2a: Grimmsnarl|Grimmsnarl, L50, M|100\/100\n|switch|p2b: Pelipper|Pelipper, L50, F|100\/100\n|-weather|RainDance|[from] ability: Drizzle|[of] p2b: Pelipper\n|turn|1\n|\n|t:|1727335022\n|-terastallize|p2b: Pelipper|Water\n|move|p2a: Grimmsnarl|Reflect|p2a: Grimmsnarl\n|-sidestart|p2: caixueying|Reflect\n|move|p1a: Sneasler|Dire Claw|p2a: Grimmsnarl\n|-supereffective|p2a: Grimmsnarl\n|-damage|p2a: Grimmsnarl|31\/100\n|-status|p2a: Grimmsnarl|slp\n|move|p2b: Pelipper|Muddy Water|p1a: Sneasler|[spread] p1a,p1b\n|-damage|p1a: Sneasler|11\/100\n|-damage|p1b: Kingambit|41\/100\n|-unboost|p1a: Sneasler|accuracy|1\n|move|p1b: Kingambit|Swords Dance|p1b: Kingambit\n|-boost|p1b: Kingambit|atk|2\n|\n|-weather|RainDance|[upkeep]\n|upkeep\n|turn|2\n|inactive|rough Pult has 30 seconds left.\n|inactive|rough Pult has 20 seconds left.\n|inactive|rough Pult has 15 seconds left.\n|inactive|rough Pult has 10 seconds left.\n|\n|t:|1727335072\n|cant|p2a: Grimmsnarl|slp\n|move|p1b: Kingambit|Sucker Punch|p2b: Pelipper\n|-damage|p2b: Pelipper|25\/100\n|move|p1a: Sneasler|Dire Claw|p2b: Pelipper\n|-damage|p2b: Pelipper|0 fnt\n|faint|p2b: Pelipper\n|\n|-weather|RainDance|[upkeep]\n|upkeep\n|\n|t:|1727335082\n|switch|p2b: Archaludon|Archaludon, L50, F|100\/100\n|turn|3\n|\n|t:|1727335101\n|switch|p1a: Dondozo|Dondozo, L50, M|100\/100\n|cant|p2a: Grimmsnarl|slp\n|move|p1b: Kingambit|Sucker Punch|p2b: Archaludon\n|-damage|p2b: Archaludon|61\/100\n|-ability|p2b: Archaludon|Stamina|boost\n|-boost|p2b: Archaludon|def|1\n|move|p2b: Archaludon|Electro Shot||[still]\n|-prepare|p2b: Archaludon|Electro Shot\n|-boost|p2b: Archaludon|spa|1\n|-anim|p2b: Archaludon|Electro Shot|p1a: Dondozo\n|-supereffective|p1a: Dondozo\n|-damage|p1a: Dondozo|49\/100\n|\n|-weather|RainDance|[upkeep]\n|-heal|p1a: Dondozo|55\/100|[from] item: Leftovers\n|upkeep\n|turn|4\n|\n|t:|1727335125\n|move|p1a: Dondozo|Protect|p1a: Dondozo\n|-singleturn|p1a: Dondozo|Protect\n|cant|p2a: Grimmsnarl|slp\n|move|p1b: Kingambit|Sucker Punch||[still]\n|-fail|p1b: Kingambit\n|move|p2b: Archaludon|Electro Shot||[still]\n|-prepare|p2b: Archaludon|Electro Shot\n|-boost|p2b: Archaludon|spa|1\n|-anim|p2b: Archaludon|Electro Shot|p1b: Kingambit\n|-damage|p1b: Kingambit|0 fnt\n|faint|p1b: Kingambit\n|\n|-weather|RainDance|[upkeep]\n|-heal|p1a: Dondozo|61\/100|[from] item: Leftovers\n|upkeep\n|\n|t:|1727335142\n|switch|p1b: Sneasler|Sneasler, L50, F|11\/100\n|turn|5\n|\n|t:|1727335154\n|-terastallize|p1b: Sneasler|Stellar\n|-curestatus|p2a: Grimmsnarl|slp|[msg]\n|move|p2a: Grimmsnarl|Thunder Wave|p1b: Sneasler\n|-status|p1b: Sneasler|par\n|move|p2b: Archaludon|Electro Shot||[still]\n|-prepare|p2b: Archaludon|Electro Shot\n|-boost|p2b: Archaludon|spa|1\n|-anim|p2b: Archaludon|Electro Shot|p1b: Sneasler\n|-damage|p1b: Sneasler|0 fnt\n|faint|p1b: Sneasler\n|move|p1a: Dondozo|Liquidation|p2a: Grimmsnarl\n|-damage|p2a: Grimmsnarl|0 fnt\n|faint|p2a: Grimmsnarl\n|\n|-weather|none\n|-heal|p1a: Dondozo|68\/100|[from] item: Leftovers\n|upkeep\n|\n|t:|1727335172\n|switch|p1b: Dragapult|Dragapult, L50, M|100\/100\n|switch|p2a: Sinistcha|Sinistcha-Masterpiece, L50|100\/100\n|-heal|p2b: Archaludon|86\/100|[from] ability: Hospitality|[of] p2a: Sinistcha\n|turn|6\n|\n|t:|1727335184\n|move|p1a: Dondozo|Protect|p1a: Dondozo\n|-singleturn|p1a: Dondozo|Protect\n|move|p1b: Dragapult|Phantom Force||[still]\n|-prepare|p1b: Dragapult|Phantom Force\n|move|p2b: Archaludon|Draco Meteor|p1b: Dragapult|[miss]\n|-miss|p2b: Archaludon|p1b: Dragapult\n|move|p2a: Sinistcha|Life Dew||[still]|[spread] p2a,p2b\n|-fail|p2a: Sinistcha|heal\n|-heal|p2b: Archaludon|100\/100\n|\n|-heal|p1a: Dondozo|74\/100|[from] item: Leftovers\n|upkeep\n|turn|7\n|\n|t:|1727335202\n|move|p1b: Dragapult|Phantom Force|p2a: Sinistcha|[from]lockedmove\n|-supereffective|p2a: Sinistcha\n|-damage|p2a: Sinistcha|24\/100\n|-enditem|p2a: Sinistcha|Sitrus Berry|[eat]\n|-heal|p2a: Sinistcha|48\/100|[from] item: Sitrus Berry\n|move|p2b: Archaludon|Draco Meteor|p1b: Dragapult\n|-supereffective|p1b: Dragapult\n|-damage|p1b: Dragapult|0 fnt\n|-unboost|p2b: Archaludon|spa|2\n|faint|p1b: Dragapult\n|move|p2a: Sinistcha|Matcha Gotcha|p1a: Dondozo\n|-supereffective|p1a: Dondozo\n|-damage|p1a: Dondozo|24\/100\n|-heal|p2a: Sinistcha|84\/100|[from] drain|[of] p1a: Dondozo\n|move|p1a: Dondozo|Liquidation|p2a: Sinistcha\n|-resisted|p2a: Sinistcha\n|-damage|p2a: Sinistcha|76\/100\n|\n|-heal|p1a: Dondozo|30\/100|[from] item: Leftovers\n|upkeep\n|turn|8\n|j| Rabbithorn05\n|-message|rough Pult forfeited.\n|\n|win|caixueying\n|raw|rough Pult's rating: 1744 &rarr; <strong>1721<\/strong><br \/>(-23 for losing)\n|raw|caixueying's rating: 1687 &rarr; <strong>1710<\/strong><br \/>(+23 for winning)\n|l|\u2606caixueying\n|player|p2|\n|l| hachiware\n|l|\u2606rough Pult\n|player|p1|\n","uploadtime":1727335376,"views":21,"formatid":"gen9vgc2024regh","rating":1710,"private":0,"password":null}