{"id":"gen9vgc2024regh-2209702907","format":"[Gen 9] VGC 2024 Reg H","players":["Strangrdangr","SeaWolfMikess"],"log":"|badge|p2|bronze|gen9doublesou|100-2\n|uhtml|medal-msg|<div class=\"broadcast-blue\">Curious what those medals under the avatar are? PS now has Ladder Seasons! For more information, check out the <a href=\"https:\/\/www.smogon.com\/forums\/threads\/3740067\/\">thread on Smogon.<\/a><\/div>\n|j|\u2606Strangrdangr\n|j|\u2606SeaWolfMikess\n|t:|1727302154\n|gametype|doubles\n|player|p1|Strangrdangr|170|1699\n|player|p2|SeaWolfMikess|hugh|1844\n|teamsize|p1|6\n|teamsize|p2|6\n|gen|9\n|tier|[Gen 9] VGC 2024 Reg H\n|rated|\n|rule|Species Clause: Limit one of each Pok\u00e9mon\n|rule|Item Clause: Limit 1 of each item\n|clearpoke\n|poke|p1|Breloom, L50, F|\n|poke|p1|Dragonite, L50, M|\n|poke|p1|Volcarona, L50, M|\n|poke|p1|Kingambit, L50, F|\n|poke|p1|Porygon2, L50|\n|poke|p1|Primarina, L50, M|\n|poke|p2|Murkrow, L50, M|\n|poke|p2|Gholdengo, L50|\n|poke|p2|Archaludon, L50, F|\n|poke|p2|Glimmora, L50, M|\n|poke|p2|Dondozo, L50, M|\n|poke|p2|Tatsugiri, L50, F|\n|teampreview|4\n|\n|t:|1727302201\n|start\n|switch|p1a: Breloom|Breloom, L50, F|100\/100\n|switch|p1b: Kingambit|Kingambit, L50, F|100\/100\n|switch|p2a: Gholdengo|Gholdengo, L50|100\/100\n|switch|p2b: Archaludon|Archaludon, L50, F|100\/100\n|turn|1\n|j| Therazer456\n|\n|t:|1727302227\n|-terastallize|p2a: Gholdengo|Fighting\n|move|p2b: Archaludon|Flash Cannon|p1a: Breloom\n|-damage|p1a: Breloom|23\/100\n|-unboost|p1a: Breloom|spd|1\n|move|p2a: Gholdengo|Make It Rain|p1b: Kingambit|[spread] p1a,p1b\n|-resisted|p1b: Kingambit\n|-damage|p1a: Breloom|0 fnt\n|-damage|p1b: Kingambit|68\/100\n|-unboost|p2a: Gholdengo|spa|1\n|faint|p1a: Breloom\n|move|p1b: Kingambit|Kowtow Cleave|p2a: Gholdengo\n|-resisted|p2a: Gholdengo\n|-damage|p2a: Gholdengo|69\/100\n|\n|upkeep\n|\n|t:|1727302245\n|switch|p1a: Primarina|Primarina, L50, M|100\/100\n|turn|2\n|\n|t:|1727302265\n|switch|p2a: Dondozo|Dondozo, L50, M|100\/100\n|-terastallize|p1a: Primarina|Steel\n|move|p1b: Kingambit|Protect|p1b: Kingambit\n|-singleturn|p1b: Kingambit|Protect\n|move|p2b: Archaludon|Electro Shot||[still]\n|-prepare|p2b: Archaludon|Electro Shot\n|-boost|p2b: Archaludon|spa|1\n|-enditem|p2b: Archaludon|Power Herb\n|-anim|p2b: Archaludon|Electro Shot|p1a: Primarina\n|-damage|p1a: Primarina|48\/100\n|move|p1a: Primarina|Moonblast|p2a: Dondozo\n|-damage|p2a: Dondozo|58\/100\n|\n|-heal|p1a: Primarina|53\/100|[from] item: Leftovers\n|upkeep\n|turn|3\n|j| 413XP\n|\n|t:|1727302310\n|switch|p2b: Tatsugiri|Tatsugiri, L50, F|100\/100\n|-activate|p2b: Tatsugiri|ability: Commander|[of] p2a: Dondozo\n|-boost|p2a: Dondozo|atk|2\n|-boost|p2a: Dondozo|spa|2\n|-boost|p2a: Dondozo|spe|2\n|-boost|p2a: Dondozo|def|2\n|-boost|p2a: Dondozo|spd|2\n|switch|p1b: Porygon2|Porygon2, L50|100\/100\n|-ability|p1b: Porygon2|Oblivious|[from] ability: Trace|[of] p2a: Dondozo\n|move|p2a: Dondozo|Earthquake|p1a: Primarina|[spread] p1a,p1b\n|-miss|p2a: Dondozo|p2b: Tatsugiri\n|-supereffective|p1a: Primarina\n|-crit|p1a: Primarina\n|-damage|p1a: Primarina|0 fnt\n|-damage|p1b: Porygon2|76\/100\n|faint|p1a: Primarina\n|\n|upkeep\n|\n|t:|1727302328\n|switch|p1a: Kingambit|Kingambit, L50, F|68\/100\n|turn|4\n|\n|t:|1727302338\n|move|p1a: Kingambit|Protect|p1a: Kingambit\n|-singleturn|p1a: Kingambit|Protect\n|move|p2a: Dondozo|Earthquake|p1a: Kingambit|[spread] p1b\n|-miss|p2a: Dondozo|p2b: Tatsugiri\n|-activate|p1a: Kingambit|move: Protect\n|-damage|p1b: Porygon2|53\/100\n|move|p1b: Porygon2|Trick Room|p1b: Porygon2\n|-fieldstart|move: Trick Room|[of] p1b: Porygon2\n|\n|upkeep\n|turn|5\n|\n|t:|1727302354\n|move|p1a: Kingambit|Kowtow Cleave|p2a: Dondozo\n|-damage|p2a: Dondozo|38\/100\n|move|p1b: Porygon2|Thunderbolt|p2a: Dondozo\n|-supereffective|p2a: Dondozo\n|-damage|p2a: Dondozo|18\/100\n|move|p2a: Dondozo|Earthquake|p1a: Kingambit|[spread] p1a,p1b\n|-miss|p2a: Dondozo|p2b: Tatsugiri\n|-supereffective|p1a: Kingambit\n|-damage|p1a: Kingambit|0 fnt\n|-damage|p1b: Porygon2|32\/100\n|faint|p1a: Kingambit\n|\n|upkeep\n|turn|6\n|\n|t:|1727302369\n|move|p1b: Porygon2|Thunderbolt|p2a: Dondozo\n|-supereffective|p2a: Dondozo\n|-damage|p2a: Dondozo|0 fnt\n|faint|p2a: Dondozo\n|\n|upkeep\n|\n|t:|1727302371\n|switch|p2a: Gholdengo|Gholdengo, L50, tera:Fighting|69\/100\n|turn|7\n|\n|t:|1727302377\n|move|p1b: Porygon2|Ice Beam|p2a: Gholdengo\n|-damage|p2a: Gholdengo|42\/100\n|move|p2a: Gholdengo|Tera Blast|p1b: Porygon2|[anim] Tera Blast Fighting\n|-supereffective|p1b: Porygon2\n|-damage|p1b: Porygon2|0 fnt\n|faint|p1b: Porygon2\n|\n|win|SeaWolfMikess\n|raw|Strangrdangr's rating: 1699 &rarr; <strong>1685<\/strong><br \/>(-14 for losing)\n|raw|SeaWolfMikess's rating: 1813 &rarr; <strong>1827<\/strong><br \/>(+14 for winning)\n|l|\u2606SeaWolfMikess\n|player|p2|\n|l|\u2606Strangrdangr\n|player|p1|\n|l| 413XP\n","uploadtime":1727302584,"views":15,"formatid":"gen9vgc2024regh","rating":1685,"private":0,"password":null}