{"id":"gen9vgc2024regh-2209684768","format":"[Gen 9] VGC 2024 Reg H","players":["Strangrdangr","moon7777"],"log":"|j|\u2606Strangrdangr\n|j|\u2606moon7777\n|t:|1727300192\n|gametype|doubles\n|player|p1|Strangrdangr|170|1721\n|player|p2|moon7777|170|1721\n|teamsize|p1|6\n|teamsize|p2|6\n|gen|9\n|tier|[Gen 9] VGC 2024 Reg H\n|rated|\n|rule|Species Clause: Limit one of each Pok\u00e9mon\n|rule|Item Clause: Limit 1 of each item\n|clearpoke\n|poke|p1|Breloom, L50, M|\n|poke|p1|Dragonite, L50, M|\n|poke|p1|Volcarona, L50, M|\n|poke|p1|Kingambit, L50, M|\n|poke|p1|Porygon2, L50|\n|poke|p1|Ursaluna-Bloodmoon, L50, M|\n|poke|p2|Ursaluna-Bloodmoon, L50, M|\n|poke|p2|Electabuzz, L50, M|\n|poke|p2|Basculegion, L50, M|\n|poke|p2|Rillaboom, L50, M|\n|poke|p2|Sneasler, L50, M|\n|poke|p2|Comfey, L50, M|\n|teampreview|4\n|j| Pton\n|j| 413XP\n|\n|t:|1727300228\n|start\n|switch|p1a: Breloom|Breloom, L50, M|100\/100\n|switch|p1b: Dragonite|Dragonite, L50, M|100\/100\n|switch|p2a: Ursaluna|Ursaluna-Bloodmoon, L50, M|100\/100\n|switch|p2b: Rillaboom|Rillaboom, L50, M|100\/100\n|-fieldstart|move: Grassy Terrain|[from] ability: Grassy Surge|[of] p2b: Rillaboom\n|-enditem|p2a: Ursaluna|Grassy Seed\n|-boost|p2a: Ursaluna|def|1|[from] item: Grassy Seed\n|turn|1\n|\n|t:|1727300255\n|move|p1b: Dragonite|Protect|p1b: Dragonite\n|-singleturn|p1b: Dragonite|Protect\n|move|p2a: Ursaluna|Protect|p2a: Ursaluna\n|-singleturn|p2a: Ursaluna|Protect\n|move|p1a: Breloom|Spore|p2a: Ursaluna\n|-activate|p2a: Ursaluna|move: Protect\n|move|p2b: Rillaboom|U-turn|p1a: Breloom\n|-damage|p1a: Breloom|70\/100\n|\n|t:|1727300263\n|switch|p2b: Sneasler|Sneasler, L50, M|100\/100|[from] U-turn\n|\n|-heal|p1a: Breloom|76\/100|[from] Grassy Terrain\n|upkeep\n|turn|2\n|\n|t:|1727300279\n|move|p1a: Breloom|Mach Punch|p2a: Ursaluna\n|-supereffective|p2a: Ursaluna\n|-damage|p2a: Ursaluna|70\/100\n|move|p2b: Sneasler|Dire Claw|p1a: Breloom\n|-supereffective|p1a: Breloom\n|-damage|p1a: Breloom|0 fnt\n|faint|p1a: Breloom\n|move|p1b: Dragonite|Dragon Dance|p1b: Dragonite\n|-boost|p1b: Dragonite|atk|1\n|-boost|p1b: Dragonite|spe|1\n|move|p2a: Ursaluna|Calm Mind|p2a: Ursaluna\n|-boost|p2a: Ursaluna|spa|1\n|-boost|p2a: Ursaluna|spd|1\n|\n|-heal|p2a: Ursaluna|76\/100|[from] Grassy Terrain\n|upkeep\n|\n|t:|1727300297\n|switch|p1a: Porygon2|Porygon2, L50|100\/100\n|-ability|p1a: Porygon2|Mind's Eye|[from] ability: Trace|[of] p2a: Ursaluna\n|turn|3\n|\n|t:|1727300329\n|-terastallize|p1b: Dragonite|Flying\n|move|p1b: Dragonite|Tera Blast|p2a: Ursaluna|[anim] Tera Blast Flying\n|-damage|p2a: Ursaluna|30\/100\n|move|p2b: Sneasler|Dire Claw|p1b: Dragonite\n|-damage|p1b: Dragonite|79\/100\n|-status|p1b: Dragonite|psn\n|-enditem|p1b: Dragonite|Lum Berry|[eat]\n|-curestatus|p1b: Dragonite|psn|[msg]\n|-status|p1b: Dragonite|psn|[from] ability: Poison Touch|[of] p2b: Sneasler\n|move|p1a: Porygon2|Ice Beam|p2b: Sneasler\n|-damage|p2b: Sneasler|72\/100\n|move|p2a: Ursaluna|Hyper Voice|p1a: Porygon2|[spread] p1a,p1b\n|-damage|p1a: Porygon2|70\/100\n|-damage|p1b: Dragonite|27\/100 psn\n|\n|-heal|p2b: Sneasler|77\/100|[from] Grassy Terrain\n|-heal|p1a: Porygon2|77\/100|[from] Grassy Terrain\n|-heal|p2a: Ursaluna|36\/100|[from] Grassy Terrain\n|-damage|p1b: Dragonite|14\/100 psn|[from] psn\n|upkeep\n|turn|4\n|c|\u2606moon7777|never seen that mechanic\n|c|\u2606moon7777|double poison\n|\n|t:|1727300367\n|move|p2b: Sneasler|Protect|p2b: Sneasler\n|-singleturn|p2b: Sneasler|Protect\n|move|p2a: Ursaluna|Protect|p2a: Ursaluna\n|-singleturn|p2a: Ursaluna|Protect\n|move|p1b: Dragonite|Tera Blast|p2a: Ursaluna|[anim] Tera Blast Flying\n|-activate|p2a: Ursaluna|move: Protect\n|move|p1a: Porygon2|Trick Room|p1a: Porygon2\n|-fieldstart|move: Trick Room|[of] p1a: Porygon2\n|\n|-heal|p2a: Ursaluna|42\/100|[from] Grassy Terrain\n|-heal|p1a: Porygon2|83\/100|[from] Grassy Terrain\n|-heal|p2b: Sneasler|83\/100|[from] Grassy Terrain\n|-damage|p1b: Dragonite|2\/100 psn|[from] psn\n|upkeep\n|turn|5\n|\n|t:|1727300402\n|move|p2a: Ursaluna|Hyper Voice|p1b: Dragonite|[spread] p1a,p1b\n|-damage|p1a: Porygon2|53\/100\n|-damage|p1b: Dragonite|0 fnt\n|faint|p1b: Dragonite\n|move|p1a: Porygon2|Ice Beam|p2a: Ursaluna\n|-supereffective|p2a: Ursaluna\n|-damage|p2a: Ursaluna|16\/100\n|move|p2b: Sneasler|Close Combat|p1a: Porygon2\n|-supereffective|p1a: Porygon2\n|-damage|p1a: Porygon2|0 fnt\n|-unboost|p2b: Sneasler|def|1\n|-unboost|p2b: Sneasler|spd|1\n|faint|p1a: Porygon2\n|\n|-heal|p2a: Ursaluna|22\/100|[from] Grassy Terrain\n|-heal|p2b: Sneasler|89\/100|[from] Grassy Terrain\n|-fieldend|move: Grassy Terrain\n|upkeep\n|\n|t:|1727300420\n|switch|p1b: Kingambit|Kingambit, L50, M|100\/100\n|turn|6\n|j| Claarity\n|\n|t:|1727300431\n|switch|p2b: Rillaboom|Rillaboom, L50, M|100\/100\n|-fieldstart|move: Grassy Terrain|[from] ability: Grassy Surge|[of] p2b: Rillaboom\n|move|p2a: Ursaluna|Protect|p2a: Ursaluna\n|-singleturn|p2a: Ursaluna|Protect\n|move|p1b: Kingambit|Kowtow Cleave|p2b: Rillaboom\n|-damage|p2b: Rillaboom|43\/100\n|\n|-heal|p2a: Ursaluna|28\/100|[from] Grassy Terrain\n|-heal|p2b: Rillaboom|49\/100|[from] Grassy Terrain\n|upkeep\n|turn|7\n|\n|t:|1727300447\n|move|p1b: Kingambit|Protect|p1b: Kingambit\n|-singleturn|p1b: Kingambit|Protect\n|move|p2b: Rillaboom|Fake Out|p1b: Kingambit\n|-activate|p1b: Kingambit|move: Protect\n|move|p2a: Ursaluna|Earth Power|p1b: Kingambit\n|-activate|p1b: Kingambit|move: Protect\n|\n|-heal|p2a: Ursaluna|34\/100|[from] Grassy Terrain\n|-heal|p2b: Rillaboom|55\/100|[from] Grassy Terrain\n|upkeep\n|turn|8\n|\n|t:|1727300461\n|move|p1b: Kingambit|Swords Dance|p1b: Kingambit\n|-boost|p1b: Kingambit|atk|2\n|move|p2a: Ursaluna|Earth Power|p1b: Kingambit\n|-supereffective|p1b: Kingambit\n|-damage|p1b: Kingambit|0 fnt\n|faint|p1b: Kingambit\n|\n|win|moon7777\n|raw|Strangrdangr's rating: 1721 &rarr; <strong>1701<\/strong><br \/>(-20 for losing)\n|raw|moon7777's rating: 1721 &rarr; <strong>1741<\/strong><br \/>(+20 for winning)\n|j| machakasaurio\n|l| Pton\n|l|\u2606Strangrdangr\n|player|p1|\n|l|\u2606moon7777\n|player|p2|\n|l| machakasaurio\n","uploadtime":1727300639,"views":24,"formatid":"gen9vgc2024regh","rating":1701,"private":0,"password":null}