{"id":"gen9vgc2024regh-2209850305","format":"[Gen 9] VGC 2024 Reg H","players":["StrangrDangr","moon7777"],"log":"|j|\u2606StrangrDangr\n|j|\u2606moon7777\n|t:|1727319631\n|gametype|doubles\n|player|p1|StrangrDangr|102|1668\n|player|p2|moon7777|170|1729\n|teamsize|p1|6\n|teamsize|p2|6\n|gen|9\n|tier|[Gen 9] VGC 2024 Reg H\n|rated|\n|rule|Species Clause: Limit one of each Pok\u00e9mon\n|rule|Item Clause: Limit 1 of each item\n|clearpoke\n|poke|p1|Brambleghast, L50, F|\n|poke|p1|Talonflame, L50, F|\n|poke|p1|Kingambit, L50, M|\n|poke|p1|Primarina, L50, F|\n|poke|p1|Dragonite, L50, F|\n|poke|p1|Electabuzz, L50, F|\n|poke|p2|Ursaluna-Bloodmoon, L50, M|\n|poke|p2|Krookodile, L50, M|\n|poke|p2|Basculegion, L50, M|\n|poke|p2|Rillaboom, L50, M|\n|poke|p2|Sneasler, L50, F|\n|poke|p2|Comfey, L50, F|\n|teampreview|4\n|\n|t:|1727319667\n|start\n|switch|p1a: Talonflame|Talonflame, L50, F|100\/100\n|switch|p1b: Dragonite|Dragonite, L50, F|100\/100\n|switch|p2a: Ursaluna|Ursaluna-Bloodmoon, L50, M|100\/100\n|switch|p2b: Rillaboom|Rillaboom, L50, M|100\/100\n|-fieldstart|move: Grassy Terrain|[from] ability: Grassy Surge|[of] p2b: Rillaboom\n|-enditem|p2a: Ursaluna|Grassy Seed\n|-boost|p2a: Ursaluna|def|1|[from] item: Grassy Seed\n|turn|1\n|j| Rabbihorn\n|l| Rabbihorn\n|\n|t:|1727319690\n|switch|p2b: Krookodile|Krookodile, L50, M|100\/100\n|-ability|p2b: Krookodile|Intimidate|boost\n|-unboost|p1a: Talonflame|atk|1\n|-unboost|p1b: Dragonite|atk|1\n|move|p1a: Talonflame|Will-O-Wisp|p2b: Krookodile\n|-status|p2b: Krookodile|brn\n|move|p1b: Dragonite|Ice Spinner|p2b: Krookodile\n|-supereffective|p2b: Krookodile\n|-damage|p2b: Krookodile|58\/100 brn\n|-fieldend|move: Grassy Terrain\n|move|p2a: Ursaluna|Calm Mind|p2a: Ursaluna\n|-boost|p2a: Ursaluna|spa|1\n|-boost|p2a: Ursaluna|spd|1\n|\n|-damage|p2b: Krookodile|52\/100 brn|[from] brn\n|upkeep\n|turn|2\n|\n|t:|1727319723\n|move|p1a: Talonflame|Tailwind|p1a: Talonflame\n|-sidestart|p1: StrangrDangr|move: Tailwind\n|move|p1b: Dragonite|Ice Spinner|p2a: Ursaluna\n|-supereffective|p2a: Ursaluna\n|-damage|p2a: Ursaluna|82\/100\n|move|p2b: Krookodile|Knock Off|p1b: Dragonite\n|-damage|p1b: Dragonite|90\/100\n|-enditem|p1b: Dragonite|Assault Vest|[from] move: Knock Off|[of] p2b: Krookodile\n|move|p2a: Ursaluna|Hyper Voice|p1b: Dragonite|[spread] p1a,p1b\n|-damage|p1a: Talonflame|40\/100\n|-damage|p1b: Dragonite|41\/100\n|-enditem|p1a: Talonflame|Sitrus Berry|[eat]\n|-heal|p1a: Talonflame|65\/100|[from] item: Sitrus Berry\n|\n|-damage|p2b: Krookodile|46\/100 brn|[from] brn\n|upkeep\n|turn|3\n|j| Rabbihorn\n|\n|t:|1727319743\n|move|p1a: Talonflame|Brave Bird|p2b: Krookodile\n|-damage|p2b: Krookodile|23\/100 brn\n|-damage|p1a: Talonflame|57\/100|[from] Recoil\n|move|p1b: Dragonite|Ice Spinner|p2b: Krookodile\n|-supereffective|p2b: Krookodile\n|-damage|p2b: Krookodile|0 fnt\n|faint|p2b: Krookodile\n|move|p2a: Ursaluna|Hyper Voice|p1b: Dragonite|[spread] p1a,p1b\n|-damage|p1a: Talonflame|0 fnt\n|-damage|p1b: Dragonite|0 fnt\n|faint|p1a: Talonflame\n|faint|p1b: Dragonite\n|\n|upkeep\n|\n|t:|1727319757\n|switch|p1a: Brambleghast|Brambleghast, L50, F|100\/100\n|switch|p1b: Bubbles|Primarina, L50, F, shiny|100\/100\n|switch|p2b: Sneasler|Sneasler, L50, F|100\/100\n|-ability|p1a: Brambleghast|Wind Rider|boost\n|-boost|p1a: Brambleghast|atk|1\n|turn|4\n|j| YawnVGC\n|\n|t:|1727319792\n|-terastallize|p1b: Bubbles|Steel\n|-terastallize|p2b: Sneasler|Stellar\n|move|p1a: Brambleghast|Poltergeist|p2b: Sneasler\n|-activate|p2b: Sneasler|move: Poltergeist|Focus Sash\n|-enditem|p2b: Sneasler|Focus Sash\n|-damage|p2b: Sneasler|1\/100\n|move|p1b: Bubbles|Hyper Voice|p2b: Sneasler|[spread] p2a,p2b\n|-supereffective|p2a: Ursaluna\n|-damage|p2a: Ursaluna|41\/100\n|-damage|p2b: Sneasler|0 fnt\n|faint|p2b: Sneasler\n|-enditem|p1b: Bubbles|Throat Spray\n|-boost|p1b: Bubbles|spa|1|[from] item: Throat Spray\n|move|p2a: Ursaluna|Hyper Voice|p1b: Bubbles|[spread] p1a,p1b\n|-resisted|p1b: Bubbles\n|-damage|p1a: Brambleghast|13\/100\n|-damage|p1b: Bubbles|79\/100\n|\n|upkeep\n|\n|t:|1727319808\n|switch|p2b: Rillaboom|Rillaboom, L50, M|100\/100\n|-fieldstart|move: Grassy Terrain|[from] ability: Grassy Surge|[of] p2b: Rillaboom\n|turn|5\n|\n|t:|1727319831\n|move|p1a: Brambleghast|Protect|p1a: Brambleghast\n|-singleturn|p1a: Brambleghast|Protect\n|move|p2a: Ursaluna|Protect|p2a: Ursaluna\n|-singleturn|p2a: Ursaluna|Protect\n|move|p2b: Rillaboom|Grassy Glide|p1a: Brambleghast\n|-activate|p1a: Brambleghast|move: Protect\n|move|p1b: Bubbles|Hyper Voice|p2a: Ursaluna|[spread] p2b\n|-activate|p2a: Ursaluna|move: Protect\n|-resisted|p2b: Rillaboom\n|-damage|p2b: Rillaboom|73\/100\n|\n|-heal|p1a: Brambleghast|20\/100|[from] Grassy Terrain\n|-heal|p1b: Bubbles|85\/100|[from] Grassy Terrain\n|-heal|p2b: Rillaboom|79\/100|[from] Grassy Terrain\n|-heal|p2a: Ursaluna|47\/100|[from] Grassy Terrain\n|-sideend|p1: StrangrDangr|move: Tailwind\n|upkeep\n|turn|6\n|\n|t:|1727319855\n|move|p2b: Rillaboom|Grassy Glide|p1a: Brambleghast\n|-resisted|p1a: Brambleghast\n|-damage|p1a: Brambleghast|0 fnt\n|faint|p1a: Brambleghast\n|move|p1b: Bubbles|Hyper Voice|p2b: Rillaboom|[spread] p2a,p2b\n|-supereffective|p2a: Ursaluna\n|-resisted|p2b: Rillaboom\n|-damage|p2a: Ursaluna|0 fnt\n|-damage|p2b: Rillaboom|52\/100\n|faint|p2a: Ursaluna\n|\n|-heal|p2b: Rillaboom|58\/100|[from] Grassy Terrain\n|-heal|p1b: Bubbles|91\/100|[from] Grassy Terrain\n|upkeep\n|turn|7\n|\n|t:|1727319868\n|move|p2b: Rillaboom|Wood Hammer|p1b: Bubbles\n|-resisted|p1b: Bubbles\n|-damage|p1b: Bubbles|41\/100\n|-damage|p2b: Rillaboom|44\/100|[from] Recoil\n|move|p1b: Bubbles|Moonblast|p2b: Rillaboom\n|-damage|p2b: Rillaboom|0 fnt\n|faint|p2b: Rillaboom\n|\n|win|StrangrDangr\n|raw|StrangrDangr's rating: 1668 &rarr; <strong>1691<\/strong><br \/>(+23 for winning)\n|raw|moon7777's rating: 1729 &rarr; <strong>1706<\/strong><br \/>(-23 for losing)\n|l|\u2606StrangrDangr\n|player|p1|\n|l|\u2606moon7777\n|player|p2|\n|l| YawnVGC\n|l|rabbihorn\n","uploadtime":1727319878,"views":39,"formatid":"gen9vgc2024regh","rating":1691,"private":0,"password":null}