{"id":"gen9vgc2024regh-2209266717","format":"[Gen 9] VGC 2024 Reg H","players":["ruddyreboot","mattun"],"log":"|j|\u2606ruddyreboot\n|j|\u2606mattun\n|t:|1727260501\n|gametype|doubles\n|player|p1|ruddyreboot|peony|1649\n|player|p2|mattun|1|1749\n|teamsize|p1|6\n|teamsize|p2|6\n|gen|9\n|tier|[Gen 9] VGC 2024 Reg H\n|rated|\n|rule|Species Clause: Limit one of each Pok\u00e9mon\n|rule|Item Clause: Limit 1 of each item\n|clearpoke\n|poke|p1|Tsareena, L50, F|\n|poke|p1|Ursaluna-Bloodmoon, L50, M|\n|poke|p1|Farigiraf, L50, M|\n|poke|p1|Murkrow, L50, F|\n|poke|p1|Pelipper, L50, F|\n|poke|p1|Archaludon, L50, F|\n|poke|p2|Blastoise, L50, M|\n|poke|p2|Serperior, L50, F|\n|poke|p2|Sylveon, L50, F|\n|poke|p2|Indeedee, L50, M|\n|poke|p2|Gallade, L50, M|\n|poke|p2|Drifblim, L50, M|\n|teampreview|4\n|inactive|Battle timer is ON: inactive players will automatically lose when time's up. (requested by ruddyreboot)\n|inactive|mattun has 60 seconds left.\n|inactive|ruddyreboot has 60 seconds left.\n|\n|t:|1727260541\n|start\n|switch|p1a: Tsareena|Tsareena, L50, F, shiny|100\/100\n|switch|p1b: Murkrow|Murkrow, L50, F|100\/100\n|switch|p2a: Indeedee|Indeedee, L50, M|100\/100\n|switch|p2b: Drifblim|Drifblim, L50, M|100\/100\n|-fieldstart|move: Psychic Terrain|[from] ability: Psychic Surge|[of] p2a: Indeedee\n|-enditem|p2b: Drifblim|Psychic Seed\n|-boost|p2b: Drifblim|spd|1|[from] item: Psychic Seed\n|turn|1\n|\n|t:|1727260564\n|switch|p2a: Sylveon|Sylveon, L50, F|100\/100\n|move|p1b: Murkrow|Quash|p2b: Drifblim\n|-activate|p2b: Drifblim|move: Quash\n|move|p1a: Tsareena|Triple Axel|p2b: Drifblim\n|-supereffective|p2b: Drifblim\n|-damage|p2b: Drifblim|81\/100\n|-supereffective|p2b: Drifblim\n|-damage|p2b: Drifblim|42\/100\n|-supereffective|p2b: Drifblim\n|-damage|p2b: Drifblim|0 fnt\n|faint|p2b: Drifblim\n|-hitcount|p2: Drifblim|3\n|\n|upkeep\n|\n|t:|1727260575\n|switch|p2b: Indeedee|Indeedee, L50, M|100\/100\n|turn|2\n|\n|t:|1727260596\n|-terastallize|p2a: Sylveon|Fairy\n|move|p1b: Murkrow|Tailwind|p1b: Murkrow\n|-sidestart|p1: ruddyreboot|move: Tailwind\n|move|p1a: Tsareena|Bullet Seed|p2b: Indeedee\n|-crit|p2b: Indeedee\n|-damage|p2b: Indeedee|64\/100\n|-damage|p2b: Indeedee|39\/100\n|-damage|p2b: Indeedee|12\/100\n|-damage|p2b: Indeedee|0 fnt\n|faint|p2b: Indeedee\n|-hitcount|p2: Indeedee|4\n|move|p2a: Sylveon|Hyper Voice|p1a: Tsareena|[spread] p1a,p1b\n|-supereffective|p1b: Murkrow\n|-damage|p1a: Tsareena|33\/100\n|-damage|p1b: Murkrow|0 fnt\n|faint|p1b: Murkrow\n|-enditem|p2a: Sylveon|Throat Spray\n|-boost|p2a: Sylveon|spa|1|[from] item: Throat Spray\n|\n|upkeep\n|\n|t:|1727260612\n|switch|p2b: Gallade|Gallade, L50, M|100\/100\n|switch|p1b: Farigiraf|Farigiraf, L50, M|100\/100\n|turn|3\n|\n|t:|1727260621\n|move|p1a: Tsareena|Bullet Seed|p2b: Gallade\n|-damage|p2b: Gallade|80\/100\n|-damage|p2b: Gallade|58\/100\n|-damage|p2b: Gallade|35\/100\n|-damage|p2b: Gallade|12\/100\n|-damage|p2b: Gallade|0 fnt\n|faint|p2b: Gallade\n|-hitcount|p2: Gallade|5\n|move|p1b: Farigiraf|Imprison|p1b: Farigiraf\n|-start|p1b: Farigiraf|move: Imprison\n|cant|p2a: Sylveon|move: Imprison|Hyper Voice\n|\n|upkeep\n|turn|4\n|\n|t:|1727260636\n|move|p2a: Sylveon|Protect|p2a: Sylveon\n|-singleturn|p2a: Sylveon|Protect\n|move|p1a: Tsareena|Bullet Seed|p2a: Sylveon\n|-activate|p2a: Sylveon|move: Protect\n|move|p1b: Farigiraf|Hyper Voice|p2a: Sylveon\n|-activate|p2a: Sylveon|move: Protect\n|\n|upkeep\n|turn|5\n|\n|t:|1727260642\n|move|p1a: Tsareena|Bullet Seed|p2a: Sylveon\n|-damage|p2a: Sylveon|83\/100\n|-damage|p2a: Sylveon|64\/100\n|-damage|p2a: Sylveon|43\/100\n|-damage|p2a: Sylveon|24\/100\n|-hitcount|p2a: Sylveon|4\n|move|p1b: Farigiraf|Hyper Voice|p2a: Sylveon\n|-damage|p2a: Sylveon|0 fnt\n|faint|p2a: Sylveon\n|\n|win|ruddyreboot\n|raw|ruddyreboot's rating: 1649 &rarr; <strong>1675<\/strong><br \/>(+26 for winning)\n|raw|mattun's rating: 1749 &rarr; <strong>1723<\/strong><br \/>(-26 for losing)\n|l|\u2606mattun\n|player|p2|\n|l|\u2606ruddyreboot\n|player|p1|\n","uploadtime":1727260897,"views":19,"formatid":"gen9vgc2024regh","rating":1675,"private":0,"password":null}