{"id":"gen9vgc2024regh-2209642508","format":"[Gen 9] VGC 2024 Reg H","players":["ren122333","zugasteam"],"log":"|j|\u2606ren122333\n|j|\u2606zugasteam\n|t:|1727296050\n|gametype|doubles\n|player|p1|ren122333|hilbert|1681\n|player|p2|zugasteam|170|1719\n|teamsize|p1|6\n|teamsize|p2|6\n|gen|9\n|tier|[Gen 9] VGC 2024 Reg H\n|rated|\n|rule|Species Clause: Limit one of each Pok\u00e9mon\n|rule|Item Clause: Limit 1 of each item\n|clearpoke\n|poke|p1|Whimsicott, L50, F|\n|poke|p1|Mamoswine, L50, F|\n|poke|p1|Lycanroc-Dusk, L50, M|\n|poke|p1|Typhlosion-Hisui, L50, F|\n|poke|p1|Farigiraf, L50, F|\n|poke|p1|Mienshao, L50, M|\n|poke|p2|Archaludon, L50, M|\n|poke|p2|Incineroar, L50, F|\n|poke|p2|Pelipper, L50, M|\n|poke|p2|Amoonguss, L50, F|\n|poke|p2|Basculegion, L50, M|\n|poke|p2|Maushold, L50|\n|teampreview|4\n|inactive|Battle timer is ON: inactive players will automatically lose when time's up. (requested by ren122333)\n|\n|t:|1727296083\n|start\n|switch|p1a: Whimsicott|Whimsicott, L50, F|100\/100\n|switch|p1b: Mienshao|Mienshao, L50, M|100\/100\n|switch|p2a: Pelipper|Pelipper, L50, M|100\/100\n|switch|p2b: Basculegion|Basculegion, L50, M|100\/100\n|-weather|RainDance|[from] ability: Drizzle|[of] p2a: Pelipper\n|turn|1\n|j| ajolt\n|\n|t:|1727296103\n|-terastallize|p2b: Basculegion|Water\n|move|p1a: Whimsicott|Tailwind|p1a: Whimsicott\n|-sidestart|p1: ren122333|move: Tailwind\n|move|p1b: Mienshao|Knock Off|p2b: Basculegion\n|-damage|p2b: Basculegion|45\/100\n|-enditem|p2b: Basculegion|Mystic Water|[from] move: Knock Off|[of] p1b: Mienshao\n|-damage|p1b: Mienshao|90\/100|[from] item: Life Orb\n|move|p2b: Basculegion|Wave Crash|p1b: Mienshao\n|-damage|p1b: Mienshao|0 fnt\n|faint|p1b: Mienshao\n|-damage|p2b: Basculegion|24\/100|[from] Recoil\n|move|p2a: Pelipper|Weather Ball|p1a: Whimsicott\n|-resisted|p1a: Whimsicott\n|-damage|p1a: Whimsicott|54\/100\n|\n|-weather|RainDance|[upkeep]\n|upkeep\n|\n|t:|1727296118\n|switch|p1b: Mamoswine|Mamoswine, L50, F|100\/100\n|turn|2\n|\n|t:|1727296126\n|-terastallize|p1b: Mamoswine|Grass\n|move|p2b: Basculegion|Aqua Jet|p1b: Mamoswine\n|-resisted|p1b: Mamoswine\n|-damage|p1b: Mamoswine|75\/100\n|move|p1a: Whimsicott|Moonblast|p2a: Pelipper\n|-damage|p2a: Pelipper|51\/100\n|move|p1b: Mamoswine|Tera Blast|p2a: Pelipper|[anim] Tera Blast Grass\n|-damage|p2a: Pelipper|0 fnt\n|faint|p2a: Pelipper\n|\n|-weather|RainDance|[upkeep]\n|upkeep\n|\n|t:|1727296139\n|switch|p2a: Archaludon|Archaludon, L50, M|100\/100\n|turn|3\n|j| 413XP\n|\n|t:|1727296148\n|move|p1a: Whimsicott|Sunny Day|p1a: Whimsicott\n|-weather|SunnyDay\n|move|p1b: Mamoswine|High Horsepower|p2a: Archaludon\n|-supereffective|p2a: Archaludon\n|-damage|p2a: Archaludon|9\/100\n|-ability|p2a: Archaludon|Stamina|boost\n|-boost|p2a: Archaludon|def|1\n|move|p2b: Basculegion|Last Respects|p1b: Mamoswine\n|-damage|p1b: Mamoswine|19\/100\n|move|p2a: Archaludon|Flash Cannon|p1a: Whimsicott\n|-supereffective|p1a: Whimsicott\n|-damage|p1a: Whimsicott|0 fnt\n|faint|p1a: Whimsicott\n|\n|-weather|SunnyDay|[upkeep]\n|upkeep\n|\n|t:|1727296157\n|switch|p1a: Typhlosion|Typhlosion-Hisui, L50, F|100\/100\n|-item|p2a: Archaludon|Assault Vest|[from] ability: Frisk|[of] p1a: Typhlosion\n|turn|4\n|j| moon7777\n|\n|t:|1727296171\n|move|p2b: Basculegion|Protect|p2b: Basculegion\n|-singleturn|p2b: Basculegion|Protect\n|move|p1a: Typhlosion|Eruption|p2a: Archaludon|[spread] p2a\n|-activate|p2b: Basculegion|move: Protect\n|-damage|p2a: Archaludon|0 fnt\n|faint|p2a: Archaludon\n|move|p1b: Mamoswine|Tera Blast|p2b: Basculegion|[anim] Tera Blast Grass\n|-activate|p2b: Basculegion|move: Protect\n|\n|-weather|SunnyDay|[upkeep]\n|-sideend|p1: ren122333|move: Tailwind\n|upkeep\n|\n|t:|1727296182\n|switch|p2a: Incineroar|Incineroar, L50, F|100\/100\n|-ability|p2a: Incineroar|Intimidate|boost\n|-unboost|p1a: Typhlosion|atk|1\n|-fail|p1b: Mamoswine|unboost|Attack|[from] ability: Oblivious|[of] p1b: Mamoswine\n|turn|5\n|\n|t:|1727296195\n|move|p2a: Incineroar|Fake Out|p1b: Mamoswine\n|-damage|p1b: Mamoswine|7\/100\n|move|p2b: Basculegion|Aqua Jet|p1b: Mamoswine\n|-resisted|p1b: Mamoswine\n|-damage|p1b: Mamoswine|0 fnt\n|faint|p1b: Mamoswine\n|move|p1a: Typhlosion|Eruption|p2a: Incineroar|[spread] p2a,p2b\n|-resisted|p2a: Incineroar\n|-resisted|p2b: Basculegion\n|-damage|p2a: Incineroar|54\/100\n|-damage|p2b: Basculegion|0 fnt\n|faint|p2b: Basculegion\n|\n|-weather|SunnyDay|[upkeep]\n|upkeep\n|turn|6\n|\n|t:|1727296205\n|move|p1a: Typhlosion|Eruption|p2a: Incineroar\n|-resisted|p2a: Incineroar\n|-damage|p2a: Incineroar|0 fnt\n|faint|p2a: Incineroar\n|\n|win|ren122333\n|raw|ren122333's rating: 1681 &rarr; <strong>1703<\/strong><br \/>(+22 for winning)\n|raw|zugasteam's rating: 1719 &rarr; <strong>1697<\/strong><br \/>(-22 for losing)\n|l| 413XP\n|l|\u2606ren122333\n|player|p1|\n|l|\u2606zugasteam\n|player|p2|\n|l| ajolt\n","uploadtime":1727296471,"views":19,"formatid":"gen9vgc2024regh","rating":1697,"private":0,"password":null}