{"id":"gen9vgc2024regh-2209920500","format":"[Gen 9] VGC 2024 Reg H","players":["chappell murkroan","ddoublechin"],"log":"|j|\u2606chappell murkroan\n|j|\u2606ddoublechin\n|t:|1727330449\n|gametype|doubles\n|player|p1|chappell murkroan|caitlin|1735\n|player|p2|ddoublechin|ninjaboy|1652\n|teamsize|p1|6\n|teamsize|p2|6\n|gen|9\n|tier|[Gen 9] VGC 2024 Reg H\n|rated|\n|rule|Species Clause: Limit one of each Pok\u00e9mon\n|rule|Item Clause: Limit 1 of each item\n|clearpoke\n|poke|p1|Pelipper, L50, F|\n|poke|p1|Archaludon, L50, F|\n|poke|p1|Quaquaval, L50, F|\n|poke|p1|Kingambit, L50, F|\n|poke|p1|Rillaboom, L50, F|\n|poke|p1|Dragapult, L50, F|\n|poke|p2|Whimsicott, L50, F|\n|poke|p2|Archaludon, L50, F|\n|poke|p2|Annihilape, L50, F|\n|poke|p2|Pelipper, L50, M|\n|poke|p2|Arcanine-Hisui, L50, F|\n|poke|p2|Farigiraf, L50, F|\n|teampreview|4\n|inactive|Battle timer is ON: inactive players will automatically lose when time's up. (requested by chappell murkroan)\n|inactive|chappell murkroan has 60 seconds left.\n|inactive|chappell murkroan has 30 seconds left.\n|c|\u2606ddoublechin|I love your username btw\n|c|\u2606chappell murkroan|thank youuu!\n|inactive|chappell murkroan has 20 seconds left.\n|inactive|chappell murkroan has 15 seconds left.\n|c|\u2606ddoublechin|Been giving me a chuckle every time I see it on the ladder\n|\n|t:|1727330529\n|start\n|switch|p1a: dahyun|Pelipper, L50, F|100\/100\n|switch|p1b: tzuyu|Archaludon, L50, F, shiny|100\/100\n|switch|p2a: Whimsicott|Whimsicott, L50, F|100\/100\n|switch|p2b: Annihilape|Annihilape, L50, F|100\/100\n|-weather|RainDance|[from] ability: Drizzle|[of] p1a: dahyun\n|turn|1\n|c|\u2606chappell murkroan|heheheh im happy I can make someone laugh :)\n|inactive|ddoublechin has 30 seconds left.\n|\n|t:|1727330556\n|move|p2a: Whimsicott|Light Screen|p2a: Whimsicott\n|-sidestart|p2: ddoublechin|move: Light Screen\n|move|p1a: dahyun|Tailwind|p1a: dahyun\n|-sidestart|p1: chappell murkroan|move: Tailwind\n|move|p1b: tzuyu|Electro Shot||[still]\n|-prepare|p1b: tzuyu|Electro Shot\n|-boost|p1b: tzuyu|spa|1\n|-anim|p1b: tzuyu|Electro Shot|p2b: Annihilape\n|-damage|p2b: Annihilape|40\/100\n|move|p2b: Annihilape|Final Gambit|p1b: tzuyu\n|-damage|p1b: tzuyu|49\/100\n|faint|p2b: Annihilape\n|\n|-weather|RainDance|[upkeep]\n|upkeep\n|\n|t:|1727330567\n|switch|p2b: Archaludon|Archaludon, L50, F|100\/100\n|turn|2\n|c|\u2606ddoublechin|Also cool team\n|inactive|chappell murkroan has 30 seconds left.\n|c|\u2606chappell murkroan|thank you I stole it from semipro lol\n|\n|t:|1727330595\n|switch|p1a: jihyo|Rillaboom, L50, F, shiny|100\/100\n|-fieldstart|move: Grassy Terrain|[from] ability: Grassy Surge|[of] p1a: jihyo\n|switch|p1b: momo|Quaquaval, L50, F, shiny|100\/100\n|move|p2a: Whimsicott|Beat Up|p2b: Archaludon\n|-damage|p2b: Archaludon|99\/100\n|-ability|p2b: Archaludon|Stamina|boost\n|-boost|p2b: Archaludon|def|1\n|-damage|p2b: Archaludon|98\/100\n|-ability|p2b: Archaludon|Stamina|boost\n|-boost|p2b: Archaludon|def|1\n|-damage|p2b: Archaludon|97\/100\n|-ability|p2b: Archaludon|Stamina|boost\n|-boost|p2b: Archaludon|def|1\n|-hitcount|p2b: Archaludon|3\n|move|p2b: Archaludon|Electro Shot||[still]\n|-prepare|p2b: Archaludon|Electro Shot\n|-boost|p2b: Archaludon|spa|1\n|-anim|p2b: Archaludon|Electro Shot|p1a: jihyo\n|-resisted|p1a: jihyo\n|-damage|p1a: jihyo|79\/100\n|\n|-weather|RainDance|[upkeep]\n|-heal|p1a: jihyo|85\/100|[from] Grassy Terrain\n|-heal|p2b: Archaludon|100\/100|[from] Grassy Terrain\n|upkeep\n|turn|3\n|inactive|ddoublechin has 30 seconds left.\n|c|\u2606chappell murkroan|sempra\n|inactive|ddoublechin has 20 seconds left.\n|c|\u2606chappell murkroan|thanks macbook\n|inactive|ddoublechin has 15 seconds left.\n|inactive|ddoublechin has 10 seconds left.\n|inactive|ddoublechin has 5 seconds left.\n|\n|t:|1727330646\n|move|p1a: jihyo|Fake Out|p2b: Archaludon\n|-resisted|p2b: Archaludon\n|-damage|p2b: Archaludon|98\/100\n|-ability|p2b: Archaludon|Stamina|boost\n|-boost|p2b: Archaludon|def|1\n|move|p1b: momo|Close Combat|p2b: Archaludon\n|-supereffective|p2b: Archaludon\n|-damage|p2b: Archaludon|68\/100\n|-unboost|p1b: momo|def|1\n|-unboost|p1b: momo|spd|1\n|-ability|p2b: Archaludon|Stamina|boost\n|-boost|p2b: Archaludon|def|1\n|move|p2a: Whimsicott|Moonblast|p1b: momo\n|-supereffective|p1b: momo\n|-enditem|p1b: momo|Focus Sash\n|-damage|p1b: momo|1\/100\n|-unboost|p1b: momo|spa|1\n|cant|p2b: Archaludon|flinch\n|\n|-weather|RainDance|[upkeep]\n|-heal|p1b: momo|7\/100|[from] Grassy Terrain\n|-heal|p1a: jihyo|91\/100|[from] Grassy Terrain\n|-heal|p2b: Archaludon|74\/100|[from] Grassy Terrain\n|upkeep\n|turn|4\n|\n|t:|1727330665\n|move|p1b: momo|Close Combat|p2b: Archaludon\n|-supereffective|p2b: Archaludon\n|-damage|p2b: Archaludon|47\/100\n|-unboost|p1b: momo|def|1\n|-unboost|p1b: momo|spd|1\n|-ability|p2b: Archaludon|Stamina|boost\n|-boost|p2b: Archaludon|def|1\n|move|p1a: jihyo|U-turn|p2a: Whimsicott\n|-damage|p2a: Whimsicott|65\/100\n|\n|t:|1727330669\n|switch|p1a: tzuyu|Archaludon, L50, F, shiny|49\/100|[from] U-turn\n|move|p2a: Whimsicott|Moonblast|p1b: momo\n|-supereffective|p1b: momo\n|-damage|p1b: momo|0 fnt\n|faint|p1b: momo\n|move|p2b: Archaludon|Body Press|p1a: tzuyu\n|-supereffective|p1a: tzuyu\n|-damage|p1a: tzuyu|0 fnt\n|faint|p1a: tzuyu\n|\n|-weather|RainDance|[upkeep]\n|-heal|p2a: Whimsicott|71\/100|[from] Grassy Terrain\n|-heal|p2b: Archaludon|54\/100|[from] Grassy Terrain\n|-sideend|p1: chappell murkroan|move: Tailwind\n|upkeep\n|\n|t:|1727330671\n|switch|p1b: dahyun|Pelipper, L50, F|100\/100\n|switch|p1a: jihyo|Rillaboom, L50, F, shiny|91\/100\n|turn|5\n|c|\u2606chappell murkroan|damn ggs!\n|inactive|ddoublechin has 30 seconds left.\n|\n|t:|1727330705\n|move|p1a: jihyo|Fake Out|p2b: Archaludon\n|-resisted|p2b: Archaludon\n|-damage|p2b: Archaludon|52\/100\n|move|p2a: Whimsicott|Tailwind|p2a: Whimsicott\n|-sidestart|p2: ddoublechin|move: Tailwind\n|cant|p2b: Archaludon|flinch\n|move|p1b: dahyun|Hurricane|p2a: Whimsicott\n|-supereffective|p2a: Whimsicott\n|-damage|p2a: Whimsicott|0 fnt\n|faint|p2a: Whimsicott\n|\n|-weather|none\n|-heal|p2b: Archaludon|58\/100|[from] Grassy Terrain\n|-heal|p1a: jihyo|97\/100|[from] Grassy Terrain\n|-sideend|p2: ddoublechin|move: Light Screen\n|upkeep\n|\n|t:|1727330710\n|switch|p2a: Pelipper|Pelipper, L50, M|100\/100\n|-weather|RainDance|[from] ability: Drizzle|[of] p2a: Pelipper\n|turn|6\n|\n|t:|1727330719\n|-terastallize|p1b: dahyun|Ghost\n|move|p2b: Archaludon|Electro Shot||[still]\n|-prepare|p2b: Archaludon|Electro Shot\n|-boost|p2b: Archaludon|spa|1\n|-anim|p2b: Archaludon|Electro Shot|p1b: dahyun\n|-damage|p1b: dahyun|0 fnt\n|faint|p1b: dahyun\n|move|p2a: Pelipper|Hurricane|p1a: jihyo\n|-supereffective|p1a: jihyo\n|-damage|p1a: jihyo|32\/100\n|-damage|p2a: Pelipper|91\/100|[from] item: Life Orb\n|move|p1a: jihyo|Wood Hammer|p2a: Pelipper\n|-damage|p2a: Pelipper|30\/100\n|-damage|p1a: jihyo|16\/100|[from] Recoil\n|\n|-weather|RainDance|[upkeep]\n|-heal|p2b: Archaludon|64\/100|[from] Grassy Terrain\n|-heal|p1a: jihyo|22\/100|[from] Grassy Terrain\n|-fieldend|move: Grassy Terrain\n|upkeep\n|turn|7\n|-message|chappell murkroan forfeited.\n|\n|win|ddoublechin\n|raw|chappell murkroan's rating: 1735 &rarr; <strong>1710<\/strong><br \/>(-25 for losing)\n|raw|ddoublechin's rating: 1652 &rarr; <strong>1677<\/strong><br \/>(+25 for winning)\n|l|\u2606chappell murkroan\n|player|p1|\n|l|\u2606ddoublechin\n|player|p2|\n|j|\u2606ddoublechin\n|player|p2|ddoublechin|ninjaboy|\n|l|\u2606ddoublechin\n|player|p2|\n","uploadtime":1727330739,"views":23,"formatid":"gen9vgc2024regh","rating":1677,"private":0,"password":null}