{"id":"gen9vgc2024regh-2209607028","format":"[Gen 9] VGC 2024 Reg H","players":["The propheseeker2","very demure"],"log":"|j|\u2606The propheseeker2\n|j|\u2606very demure\n|t:|1727292743\n|gametype|doubles\n|player|p1|The propheseeker2|265|1675\n|player|p2|very demure|dawn-gen4pt|1709\n|teamsize|p1|6\n|teamsize|p2|6\n|gen|9\n|tier|[Gen 9] VGC 2024 Reg H\n|rated|\n|rule|Species Clause: Limit one of each Pok\u00e9mon\n|rule|Item Clause: Limit 1 of each item\n|clearpoke\n|poke|p1|Amoonguss, L50, M|\n|poke|p1|Incineroar, L50, M|\n|poke|p1|Dondozo, L50, M|\n|poke|p1|Dragapult, L50, M|\n|poke|p1|Maushold-Four, L50|\n|poke|p1|Gholdengo, L50|\n|poke|p2|Dondozo, L50, M|\n|poke|p2|Dragapult, L50, M|\n|poke|p2|Magmar, L50, F|\n|poke|p2|Kingambit, L50, M|\n|poke|p2|Rillaboom, L50, F|\n|poke|p2|Sneasler, L50, F|\n|teampreview|4\n|inactive|Battle timer is ON: inactive players will automatically lose when time's up. (requested by The propheseeker2)\n|\n|t:|1727292817\n|start\n|switch|p1a: Dragapult|Dragapult, L50, M|100\/100\n|switch|p1b: Dondozo|Dondozo, L50, M|100\/100\n|switch|p2a: Kingambit|Kingambit, L50, M|100\/100\n|switch|p2b: Magmar|Magmar, L50, F|100\/100\n|turn|1\n|\n|t:|1727292826\n|move|p1a: Dragapult|Reflect|p1a: Dragapult\n|-sidestart|p1: The propheseeker2|Reflect\n|move|p2b: Magmar|Taunt|p1b: Dondozo\n|-immune|p1b: Dondozo|[from] ability: Oblivious\n|move|p2a: Kingambit|Swords Dance|p2a: Kingambit\n|-boost|p2a: Kingambit|atk|2\n|move|p1b: Dondozo|Curse|p1b: Dondozo\n|-unboost|p1b: Dondozo|spe|1\n|-boost|p1b: Dondozo|atk|1\n|-boost|p1b: Dondozo|def|1\n|\n|upkeep\n|turn|2\n|\n|t:|1727292840\n|move|p2b: Magmar|Follow Me|p2b: Magmar\n|-singleturn|p2b: Magmar|move: Follow Me\n|move|p1a: Dragapult|Infestation|p2b: Magmar\n|-resisted|p2b: Magmar\n|-crit|p2b: Magmar\n|-damage|p2b: Magmar|98\/100\n|-activate|p2b: Magmar|move: Infestation|[of] p1a: Dragapult\n|move|p2a: Kingambit|Kowtow Cleave|p1a: Dragapult\n|-supereffective|p1a: Dragapult\n|-damage|p1a: Dragapult|0 fnt\n|faint|p1a: Dragapult\n|move|p1b: Dondozo|Wave Crash|p2b: Magmar\n|-supereffective|p2b: Magmar\n|-damage|p2b: Magmar|0 fnt\n|faint|p2b: Magmar\n|-damage|p1b: Dondozo|77\/100|[from] Recoil\n|\n|-heal|p1b: Dondozo|83\/100|[from] item: Leftovers\n|upkeep\n|j| moon7777\n|\n|t:|1727292856\n|switch|p1a: Amoonguss|Amoonguss, L50, M|100\/100\n|switch|p2b: Dondozo|Dondozo, L50, M|100\/100\n|turn|3\n|\n|t:|1727292865\n|move|p2a: Kingambit|Protect|p2a: Kingambit\n|-singleturn|p2a: Kingambit|Protect\n|move|p2b: Dondozo|Curse|p2b: Dondozo\n|-unboost|p2b: Dondozo|spe|1\n|-boost|p2b: Dondozo|atk|1\n|-boost|p2b: Dondozo|def|1\n|move|p1a: Amoonguss|Spore|p2b: Dondozo\n|-status|p2b: Dondozo|slp|[from] move: Spore\n|move|p1b: Dondozo|Yawn|p2a: Kingambit\n|-activate|p2a: Kingambit|move: Protect\n|\n|-heal|p1b: Dondozo|89\/100|[from] item: Leftovers\n|upkeep\n|turn|4\n|inactive|very demure has 30 seconds left.\n|\n|t:|1727292896\n|move|p2a: Kingambit|Kowtow Cleave|p1a: Amoonguss\n|-damage|p1a: Amoonguss|54\/100\n|-damage|p2a: Kingambit|84\/100|[from] item: Rocky Helmet|[of] p1a: Amoonguss\n|move|p1a: Amoonguss|Clear Smog|p2b: Dondozo\n|-damage|p2b: Dondozo|89\/100 slp\n|-clearboost|p2b: Dondozo\n|cant|p2b: Dondozo|slp\n|move|p1b: Dondozo|Yawn|p2a: Kingambit\n|-start|p2a: Kingambit|move: Yawn|[of] p1b: Dondozo\n|\n|-heal|p2b: Dondozo|95\/100 slp|[from] item: Leftovers\n|-heal|p1b: Dondozo|95\/100|[from] item: Leftovers\n|upkeep\n|turn|5\n|\n|t:|1727292910\n|move|p2a: Kingambit|Kowtow Cleave|p1a: Amoonguss\n|-damage|p1a: Amoonguss|2\/100\n|-damage|p2a: Kingambit|68\/100|[from] item: Rocky Helmet|[of] p1a: Amoonguss\n|cant|p2b: Dondozo|slp\n|move|p1a: Amoonguss|Spore|p2a: Kingambit\n|-activate|p2a: Kingambit|item: Safety Goggles|Spore\n|move|p1b: Dondozo|Curse|p1b: Dondozo\n|-unboost|p1b: Dondozo|spe|1\n|-boost|p1b: Dondozo|atk|1\n|-boost|p1b: Dondozo|def|1\n|\n|-heal|p2b: Dondozo|100\/100 slp|[from] item: Leftovers\n|-heal|p1b: Dondozo|100\/100|[from] item: Leftovers\n|-end|p2a: Kingambit|move: Yawn|[silent]\n|-status|p2a: Kingambit|slp\n|upkeep\n|turn|6\n|\n|t:|1727292919\n|switch|p1a: Gholdengo|Gholdengo, L50|100\/100\n|cant|p2a: Kingambit|slp\n|cant|p2b: Dondozo|slp\n|move|p1b: Dondozo|Wave Crash|p2a: Kingambit\n|-damage|p2a: Kingambit|0 fnt\n|faint|p2a: Kingambit\n|-damage|p1b: Dondozo|81\/100|[from] Recoil\n|\n|-heal|p1b: Dondozo|87\/100|[from] item: Leftovers\n|upkeep\n|\n|t:|1727292926\n|switch|p2a: Dragapult|Dragapult, L50, M|100\/100\n|turn|7\n|\n|t:|1727292946\n|-terastallize|p2a: Dragapult|Dragon\n|move|p1b: Dondozo|Protect|p1b: Dondozo\n|-singleturn|p1b: Dondozo|Protect\n|move|p1a: Gholdengo|Trick|p2b: Dondozo\n|-activate|p1a: Gholdengo|move: Trick|[of] p2b: Dondozo\n|-item|p2b: Dondozo|Choice Scarf|[from] move: Trick\n|-item|p1a: Gholdengo|Leftovers|[from] move: Trick\n|move|p2a: Dragapult|Phantom Force||[still]\n|-prepare|p2a: Dragapult|Phantom Force\n|-curestatus|p2b: Dondozo|slp|[msg]\n|move|p2b: Dondozo|Curse|p2b: Dondozo\n|-unboost|p2b: Dondozo|spe|1\n|-boost|p2b: Dondozo|atk|1\n|-boost|p2b: Dondozo|def|1\n|\n|-heal|p1b: Dondozo|93\/100|[from] item: Leftovers\n|upkeep\n|turn|8\n|\n|t:|1727292960\n|move|p2a: Dragapult|Phantom Force|p1a: Gholdengo|[from]lockedmove\n|-supereffective|p1a: Gholdengo\n|-damage|p1a: Gholdengo|0 fnt\n|faint|p1a: Gholdengo\n|move|p2b: Dondozo|Curse|p2b: Dondozo\n|-unboost|p2b: Dondozo|spe|1\n|-boost|p2b: Dondozo|atk|1\n|-boost|p2b: Dondozo|def|1\n|move|p1b: Dondozo|Yawn|p2a: Dragapult\n|-start|p2a: Dragapult|move: Yawn|[of] p1b: Dondozo\n|\n|-heal|p1b: Dondozo|99\/100|[from] item: Leftovers\n|-sideend|p1: The propheseeker2|Reflect\n|upkeep\n|\n|t:|1727292963\n|switch|p1a: Amoonguss|Amoonguss, L50, M|35\/100\n|turn|9\n|\n|t:|1727292979\n|move|p2a: Dragapult|Phantom Force||[still]\n|-prepare|p2a: Dragapult|Phantom Force\n|move|p1a: Amoonguss|Clear Smog|p2b: Dondozo\n|-damage|p2b: Dondozo|89\/100\n|-clearboost|p2b: Dondozo\n|move|p2b: Dondozo|Curse|p2b: Dondozo\n|-unboost|p2b: Dondozo|spe|1\n|-boost|p2b: Dondozo|atk|1\n|-boost|p2b: Dondozo|def|1\n|move|p1b: Dondozo|Wave Crash|p2b: Dondozo\n|-resisted|p2b: Dondozo\n|-damage|p2b: Dondozo|78\/100\n|-damage|p1b: Dondozo|95\/100|[from] Recoil\n|\n|-heal|p1b: Dondozo|100\/100|[from] item: Leftovers\n|-end|p2a: Dragapult|move: Yawn|[silent]\n|-status|p2a: Dragapult|slp\n|upkeep\n|turn|10\n|inactive|very demure has 30 seconds left.\n|\n|t:|1727293008\n|cant|p2a: Dragapult|slp\n|move|p2b: Dondozo|Curse|p2b: Dondozo\n|-unboost|p2b: Dondozo|spe|1\n|-boost|p2b: Dondozo|atk|1\n|-boost|p2b: Dondozo|def|1\n|move|p1a: Amoonguss|Pollen Puff|p2a: Dragapult\n|-damage|p2a: Dragapult|74\/100 slp\n|move|p1b: Dondozo|Wave Crash|p2a: Dragapult\n|-resisted|p2a: Dragapult\n|-damage|p2a: Dragapult|0 fnt\n|faint|p2a: Dragapult\n|-damage|p1b: Dondozo|84\/100|[from] Recoil\n|\n|-heal|p1b: Dondozo|90\/100|[from] item: Leftovers\n|upkeep\n|turn|11\n|-message|very demure forfeited.\n|\n|win|The propheseeker2\n|raw|The propheseeker2's rating: 1675 &rarr; <strong>1697<\/strong><br \/>(+22 for winning)\n|raw|very demure's rating: 1709 &rarr; <strong>1687<\/strong><br \/>(-22 for losing)\n|l|\u2606very demure\n|player|p2|\n|l|\u2606The propheseeker2\n|player|p1|\n","uploadtime":1727293015,"views":45,"formatid":"gen9vgc2024regh","rating":1687,"private":0,"password":null}