{"id":"gen9vgc2024regh-2209476126","format":"[Gen 9] VGC 2024 Reg H","players":["nootellas","ren122333"],"log":"|j|\u203dnootellas\n|j|\u2606ren122333\n|t:|1727281532\n|gametype|doubles\n|player|p1|nootellas|169|1687\n|player|p2|ren122333|hilbert|1697\n|teamsize|p1|6\n|teamsize|p2|6\n|gen|9\n|tier|[Gen 9] VGC 2024 Reg H\n|rated|\n|rule|Species Clause: Limit one of each Pok\u00e9mon\n|rule|Item Clause: Limit 1 of each item\n|clearpoke\n|poke|p1|Ninetales-Alola, L50, F|\n|poke|p1|Zoroark-Hisui, L50, F|\n|poke|p1|Goodra-Hisui, L50, F|\n|poke|p1|Incineroar, L50, M|\n|poke|p1|Sylveon, L50, F|\n|poke|p1|Garchomp, L50, F|\n|poke|p2|Whimsicott, L50, F|\n|poke|p2|Mamoswine, L50, F|\n|poke|p2|Lycanroc-Dusk, L50, F|\n|poke|p2|Typhlosion-Hisui, L50, F|\n|poke|p2|Farigiraf, L50, M|\n|poke|p2|Mienshao, L50, M|\n|teampreview|4\n|inactive|Battle timer is ON: inactive players will automatically lose when time's up. (requested by ren122333)\n|\n|t:|1727281578\n|start\n|switch|p1a: Sylveon|Sylveon, L50, F, shiny|100\/100\n|switch|p1b: Garchomp|Garchomp, L50, F, shiny|100\/100\n|switch|p2a: Whimsicott|Whimsicott, L50, F|100\/100\n|switch|p2b: Lycanroc|Lycanroc-Dusk, L50, F|100\/100\n|turn|1\n|\n|t:|1727281592\n|move|p2a: Whimsicott|Tailwind|p2a: Whimsicott\n|-sidestart|p2: ren122333|move: Tailwind\n|move|p2b: Lycanroc|Throat Chop|p1a: Sylveon\n|-resisted|p1a: Sylveon\n|-damage|p1a: Sylveon|80\/100\n|-start|p1a: Sylveon|Throat Chop|[silent]\n|move|p1b: Garchomp|Hyper Voice|p2b: Lycanroc|[spread] p2a,p2b\n|-resisted|p2b: Lycanroc\n|-damage|p2a: Whimsicott|26\/100\n|-damage|p2b: Lycanroc|52\/100\n|cant|p1a: Sylveon|move: Throat Chop\n|\n|upkeep\n|turn|2\n|\n|t:|1727281609\n|switch|p1b: Incineroar|Incineroar, L50, M, shiny|100\/100\n|-ability|p1b: Incineroar|Intimidate|boost\n|-unboost|p2a: Whimsicott|atk|1\n|-unboost|p2b: Lycanroc|atk|1\n|move|p2a: Whimsicott|Moonblast|p1b: Incineroar\n|-damage|p1b: Incineroar|76\/100\n|move|p2b: Lycanroc|Throat Chop|p1b: Incineroar\n|-resisted|p1b: Incineroar\n|-damage|p1b: Incineroar|64\/100\n|-start|p1b: Incineroar|Throat Chop|[silent]\n|move|p1a: Sylveon|Tera Blast|p2a: Whimsicott\n|-damage|p2a: Whimsicott|0 fnt\n|faint|p2a: Whimsicott\n|\n|-end|p1a: Sylveon|Throat Chop|[silent]\n|upkeep\n|\n|t:|1727281618\n|switch|p2a: Typhlosion|Typhlosion-Hisui, L50, F|100\/100\n|-item|p1a: Sylveon|Pixie Plate|[from] ability: Frisk|[of] p2a: Typhlosion\n|-item|p1b: Incineroar|Sitrus Berry|[from] ability: Frisk|[of] p2a: Typhlosion\n|turn|3\n|j| moon7777\n|\n|t:|1727281631\n|move|p1b: Incineroar|Fake Out|p2b: Lycanroc\n|-resisted|p2b: Lycanroc\n|-damage|p2b: Lycanroc|42\/100\n|cant|p2b: Lycanroc|flinch\n|move|p2a: Typhlosion|Eruption|p1b: Incineroar|[spread] p1a,p1b\n|-resisted|p1b: Incineroar\n|-damage|p1a: Sylveon|20\/100\n|-damage|p1b: Incineroar|30\/100\n|-enditem|p1b: Incineroar|Sitrus Berry|[eat]\n|-heal|p1b: Incineroar|54\/100|[from] item: Sitrus Berry\n|move|p1a: Sylveon|Yawn|p2a: Typhlosion\n|-start|p2a: Typhlosion|move: Yawn|[of] p1a: Sylveon\n|\n|-end|p1b: Incineroar|Throat Chop|[silent]\n|upkeep\n|turn|4\n|\n|t:|1727281652\n|switch|p2a: Mienshao|Mienshao, L50, M|100\/100\n|move|p2b: Lycanroc|Rock Slide|p1b: Incineroar|[spread] p1a,p1b\n|-supereffective|p1b: Incineroar\n|-crit|p1b: Incineroar\n|-damage|p1a: Sylveon|0 fnt\n|-damage|p1b: Incineroar|0 fnt\n|faint|p1a: Sylveon\n|faint|p1b: Incineroar\n|\n|-sideend|p2: ren122333|move: Tailwind\n|upkeep\n|\n|t:|1727281657\n|switch|p1a: Garchomp|Garchomp, L50, F, shiny|100\/100\n|switch|p1b: Garchomp|Garchomp, L50, F, shiny|100\/100\n|turn|5\n|\n|t:|1727281680\n|-terastallize|p2b: Lycanroc|Dark\n|move|p2a: Mienshao|Wide Guard|p2a: Mienshao\n|-singleturn|p2a: Mienshao|Wide Guard\n|move|p2b: Lycanroc|Sucker Punch|p1b: Garchomp\n|-damage|p1b: Garchomp|74\/100\n|-damage|p2b: Lycanroc|30\/100|[from] ability: Rough Skin|[of] p1b: Garchomp\n|move|p1a: Garchomp|Shadow Ball|p2a: Mienshao\n|-damage|p2a: Mienshao|0 fnt\n|faint|p2a: Mienshao\n|move|p1b: Garchomp|Stomping Tantrum|p2b: Lycanroc\n|-damage|p2b: Lycanroc|0 fnt\n|faint|p2b: Lycanroc\n|\n|upkeep\n|-message|ren122333 forfeited.\n|\n|win|nootellas\n|raw|nootellas's rating: 1687 &rarr; <strong>1708<\/strong><br \/>(+21 for winning)\n|raw|ren122333's rating: 1697 &rarr; <strong>1676<\/strong><br \/>(-21 for losing)\n|l|\u2606ren122333\n|player|p2|\n|j| Lavenderawa\n|l|\u203dnootellas\n|player|p1|\n|l| Lavenderawa\n","uploadtime":1727281957,"views":25,"formatid":"gen9vgc2024regh","rating":1676,"private":0,"password":null}