{"id":"gen9vgc2024regh-2209826880","format":"[Gen 9] VGC 2024 Reg H","players":["moon7777","roykeenkennedy"],"log":"|j|\u2606moon7777\n|j|\u2606roykeenkennedy\n|t:|1727316742\n|gametype|doubles\n|player|p1|moon7777|170|1707\n|player|p2|roykeenkennedy|alder|1799\n|teamsize|p1|6\n|teamsize|p2|6\n|gen|9\n|tier|[Gen 9] VGC 2024 Reg H\n|rated|\n|rule|Species Clause: Limit one of each Pok\u00e9mon\n|rule|Item Clause: Limit 1 of each item\n|clearpoke\n|poke|p1|Ursaluna-Bloodmoon, L50, M|\n|poke|p1|Volcarona, L50, M|\n|poke|p1|Basculegion, L50, M|\n|poke|p1|Rillaboom, L50, F|\n|poke|p1|Sneasler, L50, F|\n|poke|p1|Comfey, L50, M|\n|poke|p2|Salamence, L50, F|\n|poke|p2|Incineroar, L50, M|\n|poke|p2|Weezing, L50, F|\n|poke|p2|Dragapult, L50, F|\n|poke|p2|Ursaluna-Bloodmoon, L50, M|\n|poke|p2|Porygon2, L50|\n|teampreview|4\n|j| readabooks\n|j| washed tcg player\n|j| mr pogostick\n|\n|t:|1727316791\n|start\n|switch|p1a: Volcarona|Volcarona, L50, M|100\/100\n|switch|p1b: Basculegion|Basculegion, L50, M|100\/100\n|switch|p2a: Salamence|Salamence, L50, F|100\/100\n|switch|p2b: Dragapult|Dragapult, L50, F|100\/100\n|turn|1\n|\n|t:|1727316820\n|move|p2a: Salamence|Rock Slide|p1a: Volcarona|[spread] p1a,p1b\n|-supereffective|p1a: Volcarona\n|-damage|p1a: Volcarona|21\/100\n|-damage|p1b: Basculegion|74\/100\n|-enditem|p1a: Volcarona|Sitrus Berry|[eat]\n|-heal|p1a: Volcarona|46\/100|[from] item: Sitrus Berry\n|move|p1b: Basculegion|Flip Turn|p2b: Dragapult\n|-resisted|p2b: Dragapult\n|-crit|p2b: Dragapult\n|-damage|p2b: Dragapult|58\/100\n|\n|t:|1727316833\n|switch|p1b: Ursaluna|Ursaluna-Bloodmoon, L50, M|100\/100|[from] Flip Turn\n|move|p2b: Dragapult|Dragon Darts|p1a: Volcarona\n|-damage|p1a: Volcarona|4\/100\n|-anim|p2b: Dragapult|Dragon Darts|p1b: Ursaluna\n|-damage|p1b: Ursaluna|71\/100\n|move|p1a: Volcarona|Tailwind|p1a: Volcarona\n|-sidestart|p1: moon7777|move: Tailwind\n|\n|upkeep\n|turn|2\n|\n|t:|1727316850\n|switch|p1a: Rillaboom|Rillaboom, L50, F|100\/100\n|-fieldstart|move: Grassy Terrain|[from] ability: Grassy Surge|[of] p1a: Rillaboom\n|-enditem|p1b: Ursaluna|Grassy Seed\n|-boost|p1b: Ursaluna|def|1|[from] item: Grassy Seed\n|move|p2a: Salamence|Rock Slide|p1b: Ursaluna|[spread] p1a,p1b\n|-resisted|p1b: Ursaluna\n|-damage|p1a: Rillaboom|80\/100\n|-damage|p1b: Ursaluna|66\/100\n|move|p2b: Dragapult|Dragon Darts|p1a: Rillaboom\n|-damage|p1a: Rillaboom|43\/100\n|-anim|p2b: Dragapult|Dragon Darts|p1b: Ursaluna\n|-damage|p1b: Ursaluna|48\/100\n|cant|p1b: Ursaluna|flinch\n|\n|-heal|p1a: Rillaboom|49\/100|[from] Grassy Terrain\n|-heal|p2b: Dragapult|65\/100|[from] Grassy Terrain\n|-heal|p1b: Ursaluna|54\/100|[from] Grassy Terrain\n|upkeep\n|turn|3\n|\n|t:|1727316885\n|switch|p2a: Weezing|Weezing, L50, F|100\/100\n|-ability|p2a: Weezing|Neutralizing Gas\n|move|p1a: Rillaboom|Fake Out|p2a: Weezing\n|-damage|p2a: Weezing|89\/100\n|move|p2b: Dragapult|Dragon Darts|p1a: Rillaboom\n|-damage|p1a: Rillaboom|14\/100\n|-anim|p2b: Dragapult|Dragon Darts|p1b: Ursaluna\n|-damage|p1b: Ursaluna|35\/100\n|move|p1b: Ursaluna|Calm Mind|p1b: Ursaluna\n|-boost|p1b: Ursaluna|spa|1\n|-boost|p1b: Ursaluna|spd|1\n|\n|-heal|p1a: Rillaboom|19\/100|[from] Grassy Terrain\n|-heal|p2b: Dragapult|71\/100|[from] Grassy Terrain\n|-heal|p1b: Ursaluna|41\/100|[from] Grassy Terrain\n|-heal|p2a: Weezing|96\/100|[from] Grassy Terrain\n|-heal|p2a: Weezing|100\/100|[from] item: Leftovers\n|upkeep\n|turn|4\n|\n|t:|1727316908\n|move|p2a: Weezing|Protect|p2a: Weezing\n|-singleturn|p2a: Weezing|Protect\n|move|p1a: Rillaboom|U-turn|p2b: Dragapult\n|-resisted|p2b: Dragapult\n|-damage|p2b: Dragapult|55\/100\n|\n|t:|1727316915\n|switch|p1a: Volcarona|Volcarona, L50, M|4\/100|[from] U-turn\n|move|p2b: Dragapult|Dragon Darts|p1a: Volcarona\n|-damage|p1a: Volcarona|0 fnt\n|-anim|p2b: Dragapult|Dragon Darts|p1b: Ursaluna\n|-damage|p1b: Ursaluna|20\/100\n|faint|p1a: Volcarona\n|move|p1b: Ursaluna|Earth Power|p2b: Dragapult\n|-damage|p2b: Dragapult|0 fnt\n|faint|p2b: Dragapult\n|\n|-heal|p1b: Ursaluna|26\/100|[from] Grassy Terrain\n|-sideend|p1: moon7777|move: Tailwind\n|upkeep\n|\n|t:|1727316931\n|switch|p2b: Salamence|Salamence, L50, F|100\/100\n|switch|p1a: Rillaboom|Rillaboom, L50, F|19\/100\n|turn|5\n|\n|t:|1727316949\n|-terastallize|p2a: Weezing|Ghost\n|move|p1a: Rillaboom|Fake Out|p2b: Salamence\n|-damage|p2b: Salamence|83\/100\n|cant|p2b: Salamence|flinch\n|move|p2a: Weezing|Sludge Bomb|p1b: Ursaluna\n|-resisted|p1b: Ursaluna\n|-damage|p1b: Ursaluna|17\/100\n|-status|p1b: Ursaluna|psn\n|move|p1b: Ursaluna|Earth Power|p2a: Weezing\n|-damage|p2a: Weezing|20\/100\n|-unboost|p2a: Weezing|spd|1\n|\n|-heal|p1a: Rillaboom|25\/100|[from] Grassy Terrain\n|-heal|p2a: Weezing|27\/100|[from] Grassy Terrain\n|-heal|p2a: Weezing|33\/100|[from] item: Leftovers\n|-heal|p1b: Ursaluna|23\/100 psn|[from] Grassy Terrain\n|-damage|p1b: Ursaluna|11\/100 psn|[from] psn\n|upkeep\n|turn|6\n|\n|t:|1727316973\n|move|p1a: Rillaboom|Grassy Glide|p2a: Weezing\n|-damage|p2a: Weezing|4\/100\n|move|p2b: Salamence|Breaking Swipe|p1b: Ursaluna|[spread] p1a,p1b\n|-damage|p1a: Rillaboom|0 fnt\n|-damage|p1b: Ursaluna|0 fnt\n|faint|p1a: Rillaboom\n|faint|p1b: Ursaluna\n|move|p2a: Weezing|Will-O-Wisp|p1: Rillaboom|[notarget]\n|-fail|p2a: Weezing\n|\n|-heal|p2a: Weezing|10\/100|[from] Grassy Terrain\n|-heal|p2a: Weezing|17\/100|[from] item: Leftovers\n|-fieldend|move: Grassy Terrain\n|upkeep\n|\n|t:|1727316979\n|switch|p1b: Basculegion|Basculegion, L50, M|74\/100\n|turn|7\n|l| washed tcg player\n|\n|t:|1727317000\n|move|p2b: Salamence|Breaking Swipe|p1b: Basculegion\n|-damage|p1b: Basculegion|27\/100\n|-unboost|p1b: Basculegion|atk|1\n|move|p1b: Basculegion|Last Respects|p2b: Salamence\n|-damage|p2b: Salamence|2\/100\n|move|p2a: Weezing|Will-O-Wisp|p1b: Basculegion\n|-status|p1b: Basculegion|brn\n|\n|-heal|p2a: Weezing|23\/100|[from] item: Leftovers\n|-damage|p1b: Basculegion|20\/100 brn|[from] brn\n|upkeep\n|turn|8\n|\n|t:|1727317015\n|-end|p2a: Weezing|ability: Neutralizing Gas\n|switch|p2a: Ursaluna|Ursaluna-Bloodmoon, L50, M|100\/100\n|move|p2b: Salamence|Breaking Swipe|p1b: Basculegion\n|-damage|p1b: Basculegion|0 fnt\n|faint|p1b: Basculegion\n|\n|win|roykeenkennedy\n|raw|moon7777's rating: 1707 &rarr; <strong>1692<\/strong><br \/>(-15 for losing)\n|raw|roykeenkennedy's rating: 1799 &rarr; <strong>1814<\/strong><br \/>(+15 for winning)\n|l| readabooks\n|l|\u2606roykeenkennedy\n|player|p2|\n|l| mr pogostick\n|l|\u2606moon7777\n|player|p1|\n","uploadtime":1727317242,"views":49,"formatid":"gen9vgc2024regh","rating":1692,"private":0,"password":null}