{"id":"gen9vgc2024regh-2209330057","format":"[Gen 9] VGC 2024 Reg H","players":["Waffles4breakfast","rough Pult"],"log":"|j|\u2606Waffles4breakfast\n|j|\u2606rough Pult\n|t:|1727268415\n|gametype|doubles\n|player|p1|Waffles4breakfast|juggler|1677\n|player|p2|rough Pult|giovanni|1766\n|teamsize|p1|6\n|teamsize|p2|6\n|gen|9\n|tier|[Gen 9] VGC 2024 Reg H\n|rated|\n|rule|Species Clause: Limit one of each Pok\u00e9mon\n|rule|Item Clause: Limit 1 of each item\n|clearpoke\n|poke|p1|Archaludon, L50, F|\n|poke|p1|Pelipper, L50, F|\n|poke|p1|Basculegion, L50, M|\n|poke|p1|Amoonguss, L50, F|\n|poke|p1|Gholdengo, L50|\n|poke|p1|Murkrow, L50, F|\n|poke|p2|Dondozo, L50, M|\n|poke|p2|Dragapult, L50, M|\n|poke|p2|Magmar, L50, F|\n|poke|p2|Kingambit, L50, M|\n|poke|p2|Rillaboom, L50, F|\n|poke|p2|Sneasler, L50, F|\n|teampreview|4\n|\n|t:|1727268423\n|start\n|switch|p1a: Gholdengo|Gholdengo, L50|100\/100\n|switch|p1b: Murkrow|Murkrow, L50, F|100\/100\n|switch|p2a: Kingambit|Kingambit, L50, M|100\/100\n|switch|p2b: Sneasler|Sneasler, L50, F|100\/100\n|turn|1\n|\n|t:|1727268436\n|move|p2b: Sneasler|Close Combat|p1b: Murkrow\n|-damage|p1b: Murkrow|14\/100\n|-unboost|p2b: Sneasler|def|1\n|-unboost|p2b: Sneasler|spd|1\n|move|p1a: Gholdengo|Make It Rain|p2b: Sneasler|[spread] p2a,p2b\n|-resisted|p2a: Kingambit\n|-crit|p2a: Kingambit\n|-damage|p2a: Kingambit|48\/100\n|-enditem|p2b: Sneasler|Focus Sash\n|-damage|p2b: Sneasler|1\/100\n|-unboost|p1a: Gholdengo|spa|1\n|move|p1b: Murkrow|Foul Play|p2b: Sneasler\n|-resisted|p2b: Sneasler\n|-damage|p2b: Sneasler|0 fnt\n|faint|p2b: Sneasler\n|move|p2a: Kingambit|Kowtow Cleave|p1a: Gholdengo\n|-supereffective|p1a: Gholdengo\n|-damage|p1a: Gholdengo|0 fnt\n|faint|p1a: Gholdengo\n|\n|upkeep\n|\n|t:|1727268457\n|switch|p2b: Dondozo|Dondozo, L50, M|100\/100\n|switch|p1a: Pelipper|Pelipper, L50, F|100\/100\n|-weather|RainDance|[from] ability: Drizzle|[of] p1a: Pelipper\n|turn|2\n|\n|t:|1727268474\n|move|p1b: Murkrow|Tailwind|p1b: Murkrow\n|-sidestart|p1: Waffles4breakfast|move: Tailwind\n|move|p2a: Kingambit|Sucker Punch|p1a: Pelipper\n|-damage|p1a: Pelipper|49\/100\n|move|p1a: Pelipper|Weather Ball|p2a: Kingambit\n|-damage|p2a: Kingambit|0 fnt\n|faint|p2a: Kingambit\n|move|p2b: Dondozo|Liquidation|p1b: Murkrow\n|-damage|p1b: Murkrow|0 fnt\n|faint|p1b: Murkrow\n|\n|-weather|RainDance|[upkeep]\n|upkeep\n|\n|t:|1727268488\n|switch|p1b: Basculegion|Basculegion, L50, M|100\/100\n|switch|p2a: Dragapult|Dragapult, L50, M|100\/100\n|turn|3\n|\n|t:|1727268501\n|-terastallize|p1b: Basculegion|Grass\n|move|p1b: Basculegion|Last Respects|p2a: Dragapult\n|-supereffective|p2a: Dragapult\n|-damage|p2a: Dragapult|0 fnt\n|faint|p2a: Dragapult\n|move|p1a: Pelipper|Hurricane|p2b: Dondozo\n|-damage|p2b: Dondozo|71\/100\n|move|p2b: Dondozo|Liquidation|p1a: Pelipper\n|-resisted|p1a: Pelipper\n|-damage|p1a: Pelipper|21\/100\n|\n|-weather|RainDance|[upkeep]\n|-heal|p2b: Dondozo|77\/100|[from] item: Leftovers\n|upkeep\n|turn|4\n|\n|t:|1727268516\n|move|p2b: Dondozo|Protect|p2b: Dondozo\n|-singleturn|p2b: Dondozo|Protect\n|move|p1b: Basculegion|Last Respects|p2b: Dondozo\n|-activate|p2b: Dondozo|move: Protect\n|move|p1a: Pelipper|Hurricane|p2b: Dondozo\n|-activate|p2b: Dondozo|move: Protect\n|\n|-weather|RainDance|[upkeep]\n|-heal|p2b: Dondozo|83\/100|[from] item: Leftovers\n|upkeep\n|turn|5\n|\n|t:|1727268534\n|move|p1b: Basculegion|Last Respects|p2b: Dondozo\n|-damage|p2b: Dondozo|26\/100\n|move|p1a: Pelipper|Hurricane|p2b: Dondozo\n|-damage|p2b: Dondozo|0 fnt\n|faint|p2b: Dondozo\n|\n|win|Waffles4breakfast\n|raw|Waffles4breakfast's rating: 1663 &rarr; <strong>1689<\/strong><br \/>(+26 for winning)\n|raw|rough Pult's rating: 1766 &rarr; <strong>1740<\/strong><br \/>(-26 for losing)\n|l|\u2606Waffles4breakfast\n|player|p1|\n|l|\u2606rough Pult\n|player|p2|\n","uploadtime":1727268782,"views":22,"formatid":"gen9vgc2024regh","rating":1689,"private":0,"password":null}