{"id":"gen9vgc2024regh-2209946476","format":"[Gen 9] VGC 2024 Reg H","players":["ddoublechin","chappell murkroan"],"log":"|j|\u2606ddoublechin\n|j|\u2606chappell murkroan\n|t:|1727334982\n|gametype|doubles\n|player|p1|ddoublechin|ninjaboy|1642\n|player|p2|chappell murkroan|caitlin|1752\n|teamsize|p1|6\n|teamsize|p2|6\n|gen|9\n|tier|[Gen 9] VGC 2024 Reg H\n|rated|\n|rule|Species Clause: Limit one of each Pok\u00e9mon\n|rule|Item Clause: Limit 1 of each item\n|clearpoke\n|poke|p1|Whimsicott, L50, M|\n|poke|p1|Archaludon, L50, F|\n|poke|p1|Annihilape, L50, M|\n|poke|p1|Pelipper, L50, M|\n|poke|p1|Arcanine-Hisui, L50, M|\n|poke|p1|Farigiraf, L50, M|\n|poke|p2|Slaking, L50, M|\n|poke|p2|Weezing, L50, F|\n|poke|p2|Dondozo, L50, F|\n|poke|p2|Tatsugiri, L50, F|\n|poke|p2|Talonflame, L50, F|\n|poke|p2|Brambleghast, L50, F|\n|teampreview|4\n|inactive|Battle timer is ON: inactive players will automatically lose when time's up. (requested by chappell murkroan)\n|l|\u2606ddoublechin\n|inactive|ddoublechin disconnected and has a minute to reconnect!\n|player|p1|\n|j|\u2606ddoublechin\n|inactive|ddoublechin reconnected and has 75 seconds left.\n|player|p1|ddoublechin|ninjaboy|\n|j| Lithogen\n|inactive|ddoublechin has 60 seconds left.\n|\n|t:|1727335026\n|start\n|switch|p1a: Whimsicott|Whimsicott, L50, M|100\/100\n|switch|p1b: Annihilape|Annihilape, L50, M|100\/100\n|switch|p2a: Slaking|Slaking, L50, M, shiny|100\/100\n|switch|p2b: Weezing|Weezing, L50, F, shiny|100\/100\n|-ability|p2b: Weezing|Neutralizing Gas\n|turn|1\n|\n|t:|1727335047\n|move|p1a: Whimsicott|Beat Up|p1b: Annihilape\n|-damage|p1b: Annihilape|99\/100\n|-damage|p1b: Annihilape|96\/100\n|-damage|p1b: Annihilape|93\/100\n|-damage|p1b: Annihilape|91\/100\n|-hitcount|p1b: Annihilape|4\n|move|p1b: Annihilape|Rage Fist|p2b: Weezing\n|-damage|p2b: Weezing|0 fnt\n|faint|p2b: Weezing\n|-end|p2b: Weezing|ability: Neutralizing Gas\n|move|p2a: Slaking|Knock Off|p1b: Annihilape\n|-damage|p1b: Annihilape|43\/100\n|-enditem|p1b: Annihilape|Choice Scarf|[from] move: Knock Off|[of] p2a: Slaking\n|-damage|p2a: Slaking|91\/100|[from] item: Life Orb\n|\n|upkeep\n|\n|t:|1727335063\n|switch|p2b: Dondozo|Dondozo, L50, F, shiny|100\/100\n|turn|2\n|\n|t:|1727335078\n|switch|p2a: Tatsugiri|Tatsugiri, L50, F, shiny|100\/100\n|-activate|p2a: Tatsugiri|ability: Commander|[of] p2b: Dondozo\n|-boost|p2b: Dondozo|atk|2\n|-boost|p2b: Dondozo|spa|2\n|-boost|p2b: Dondozo|spe|2\n|-boost|p2b: Dondozo|def|2\n|-boost|p2b: Dondozo|spd|2\n|move|p1a: Whimsicott|Tailwind|p1a: Whimsicott\n|-sidestart|p1: ddoublechin|move: Tailwind\n|move|p1b: Annihilape|Rage Fist|p2b: Dondozo\n|-damage|p2b: Dondozo|46\/100\n|move|p2b: Dondozo|Wave Crash|p1b: Annihilape\n|-damage|p1b: Annihilape|0 fnt\n|faint|p1b: Annihilape\n|-damage|p2b: Dondozo|33\/100|[from] Recoil\n|\n|upkeep\n|\n|t:|1727335096\n|switch|p1b: Pelipper|Pelipper, L50, M|100\/100\n|-weather|RainDance|[from] ability: Drizzle|[of] p1b: Pelipper\n|turn|3\n|\n|t:|1727335105\n|-terastallize|p2b: Dondozo|Steel\n|move|p1a: Whimsicott|Moonblast|p2b: Dondozo\n|-resisted|p2b: Dondozo\n|-damage|p2b: Dondozo|23\/100\n|-unboost|p2b: Dondozo|spa|1\n|move|p1b: Pelipper|Hurricane|p2b: Dondozo\n|-resisted|p2b: Dondozo\n|-damage|p2b: Dondozo|11\/100\n|-damage|p1b: Pelipper|91\/100|[from] item: Life Orb\n|move|p2b: Dondozo|Heavy Slam|p1a: Whimsicott\n|-supereffective|p1a: Whimsicott\n|-enditem|p1a: Whimsicott|Focus Sash\n|-damage|p1a: Whimsicott|1\/100\n|\n|-weather|RainDance|[upkeep]\n|upkeep\n|turn|4\n|\n|t:|1727335121\n|switch|p1a: Archaludon|Archaludon, L50, F|100\/100\n|move|p1b: Pelipper|Weather Ball|p2b: Dondozo\n|-damage|p2b: Dondozo|0 fnt\n|faint|p2b: Dondozo\n|-damage|p1b: Pelipper|81\/100|[from] item: Life Orb\n|\n|-weather|RainDance|[upkeep]\n|upkeep\n|\n|t:|1727335124\n|switch|p2b: Slaking|Slaking, L50, M, shiny|91\/100\n|turn|5\n|-message|chappell murkroan forfeited.\n|\n|win|ddoublechin\n|raw|ddoublechin's rating: 1642 &rarr; <strong>1668<\/strong><br \/>(+26 for winning)\n|raw|chappell murkroan's rating: 1752 &rarr; <strong>1726<\/strong><br \/>(-26 for losing)\n|l|\u2606chappell murkroan\n|player|p2|\n|l|\u2606ddoublechin\n|player|p1|\n","uploadtime":1727335376,"views":27,"formatid":"gen9vgc2024regh","rating":1668,"private":0,"password":null}