{"id":"gen9vgc2024regh-2209008583","format":"[Gen 9] VGC 2024 Reg H","players":["Zordor","greenlightdmp"],"log":"|j|\u2606Zordor\n|j|\u2606greenlightdmp\n|t:|1727222803\n|gametype|doubles\n|player|p1|Zordor|pilot|1701\n|player|p2|greenlightdmp|101|1704\n|teamsize|p1|6\n|teamsize|p2|6\n|gen|9\n|tier|[Gen 9] VGC 2024 Reg H\n|rated|\n|rule|Species Clause: Limit one of each Pok\u00e9mon\n|rule|Item Clause: Limit 1 of each item\n|clearpoke\n|poke|p1|Rotom-Wash, L50|\n|poke|p1|Sneasler, L50, F|\n|poke|p1|Kingambit, L50, M|\n|poke|p1|Venusaur, L50, F|\n|poke|p1|Armarouge, L50, F|\n|poke|p1|Dragapult, L50, F|\n|poke|p2|Tyranitar, L50, F|\n|poke|p2|Gholdengo, L50|\n|poke|p2|Talonflame, L50, F|\n|poke|p2|Garchomp, L50, F|\n|poke|p2|Cryogonal, L50|\n|poke|p2|Gastrodon-East, L50, F|\n|teampreview|4\ngreenlightdmp has agreed to open team sheets.\n|\n|t:|1727222861\n|start\n|switch|p1a: Sneasler|Sneasler, L50, F|100\/100\n|switch|p1b: Rotom|Rotom-Wash, L50|100\/100\n|switch|p2a: Gholdengo|Gholdengo, L50|100\/100\n|switch|p2b: Talonflame|Talonflame, L50, F|100\/100\n|turn|1\n|\n|t:|1727222895\n|move|p2b: Talonflame|Tailwind|p2b: Talonflame\n|-sidestart|p2: greenlightdmp|move: Tailwind\n|move|p2a: Gholdengo|Shadow Ball|p1b: Rotom\n|-damage|p1b: Rotom|26\/100\n|move|p1a: Sneasler|Rock Tomb|p2b: Talonflame\n|-supereffective|p2b: Talonflame\n|-damage|p2b: Talonflame|0 fnt\n|faint|p2b: Talonflame\n|move|p1b: Rotom|Electroweb|p2a: Gholdengo\n|-damage|p2a: Gholdengo|78\/100\n|-unboost|p2a: Gholdengo|spe|1\n|\n|upkeep\n|\n|t:|1727222910\n|switch|p2b: Sashimi|Garchomp, L50, F|100\/100\n|turn|2\n|j| MeloettasSymphony\n|\n|t:|1727222946\n|move|p1a: Sneasler|Protect|p1a: Sneasler\n|-singleturn|p1a: Sneasler|Protect\n|move|p2b: Sashimi|Dragon Claw|p1b: Rotom\n|-damage|p1b: Rotom|0 fnt\n|faint|p1b: Rotom\n|-damage|p2b: Sashimi|91\/100|[from] item: Life Orb\n|move|p2a: Gholdengo|Shadow Ball|p1a: Sneasler\n|-activate|p1a: Sneasler|move: Protect\n|\n|upkeep\n|\n|t:|1727222962\n|switch|p1b: Kingambit|Kingambit, L50, M|100\/100\n|turn|3\n|\n|t:|1727222994\n|switch|p2a: Tyranitar|Tyranitar, L50, F|100\/100\n|-weather|Sandstorm|[from] ability: Sand Stream|[of] p2a: Tyranitar\n|-terastallize|p1b: Kingambit|Fairy\n|move|p2b: Sashimi|Stomping Tantrum|p1a: Sneasler\n|-supereffective|p1a: Sneasler\n|-enditem|p1a: Sneasler|Focus Sash\n|-damage|p1a: Sneasler|1\/100\n|-damage|p2b: Sashimi|81\/100|[from] item: Life Orb\n|move|p1a: Sneasler|Rock Tomb|p2a: Tyranitar\n|-damage|p2a: Tyranitar|85\/100\n|-unboost|p2a: Tyranitar|spe|1\n|move|p1b: Kingambit|Kowtow Cleave|p2b: Sashimi\n|-damage|p2b: Sashimi|35\/100\n|-damage|p1b: Kingambit|88\/100|[from] ability: Rough Skin|[of] p2b: Sashimi\n|\n|-weather|Sandstorm|[upkeep]\n|-damage|p1a: Sneasler|0 fnt|[from] Sandstorm\n|faint|p1a: Sneasler\n|upkeep\n|\n|t:|1727223002\n|switch|p1a: Venusaur|Venusaur, L50, F|100\/100\n|turn|4\n|\n|t:|1727223033\n|move|p1a: Venusaur|Protect|p1a: Venusaur\n|-singleturn|p1a: Venusaur|Protect\n|move|p2b: Sashimi|Dragon Claw|p1a: Venusaur\n|-activate|p1a: Venusaur|move: Protect\n|move|p2a: Tyranitar|Rock Slide|p1a: Venusaur|[spread] p1b\n|-activate|p1a: Venusaur|move: Protect\n|-damage|p1b: Kingambit|66\/100\n|move|p1b: Kingambit|Iron Head|p2a: Tyranitar\n|-supereffective|p2a: Tyranitar\n|-damage|p2a: Tyranitar|11\/100\n|\n|-weather|Sandstorm|[upkeep]\n|-damage|p1a: Venusaur|94\/100|[from] Sandstorm\n|-heal|p1a: Venusaur|100\/100|[from] item: Leftovers\n|-sideend|p2: greenlightdmp|move: Tailwind\n|upkeep\n|turn|5\n|\n|t:|1727223051\n|move|p2b: Sashimi|Protect|p2b: Sashimi\n|-singleturn|p2b: Sashimi|Protect\n|move|p1b: Kingambit|Sucker Punch||[still]\n|-fail|p1b: Kingambit\n|move|p1a: Venusaur|Giga Drain|p2a: Tyranitar\n|-supereffective|p2a: Tyranitar\n|-damage|p2a: Tyranitar|0 fnt\n|faint|p2a: Tyranitar\n|\n|-weather|Sandstorm|[upkeep]\n|-damage|p1a: Venusaur|94\/100|[from] Sandstorm\n|-heal|p1a: Venusaur|100\/100|[from] item: Leftovers\n|upkeep\n|\n|t:|1727223058\n|switch|p2a: Gholdengo|Gholdengo, L50|78\/100\n|turn|6\n|\n|t:|1727223083\n|-terastallize|p2a: Gholdengo|Steel\n|move|p2b: Sashimi|Protect||[still]\n|-fail|p2b: Sashimi\n|move|p1a: Venusaur|Protect|p1a: Venusaur\n|-singleturn|p1a: Venusaur|Protect\n|move|p1b: Kingambit|Sucker Punch||[still]\n|-fail|p1b: Kingambit\n|move|p2a: Gholdengo|Make It Rain|p1b: Kingambit|[spread] p1b\n|-activate|p1a: Venusaur|move: Protect\n|-supereffective|p1b: Kingambit\n|-damage|p1b: Kingambit|0 fnt\n|-unboost|p2a: Gholdengo|spa|1\n|faint|p1b: Kingambit\n|\n|-weather|Sandstorm|[upkeep]\n|-damage|p1a: Venusaur|94\/100|[from] Sandstorm\n|-heal|p1a: Venusaur|100\/100|[from] item: Leftovers\n|upkeep\n|turn|7\n|\n|t:|1727223102\n|move|p2b: Sashimi|Stomping Tantrum|p1a: Venusaur\n|-damage|p1a: Venusaur|0 fnt\n|faint|p1a: Venusaur\n|-damage|p2b: Sashimi|25\/100|[from] item: Life Orb\n|\n|win|greenlightdmp\n|raw|Zordor's rating: 1701 &rarr; <strong>1681<\/strong><br \/>(-20 for losing)\n|raw|greenlightdmp's rating: 1704 &rarr; <strong>1724<\/strong><br \/>(+20 for winning)\n|l|\u2606Zordor\n|player|p1|\n|l| MeloettasSymphony\n|l|\u2606greenlightdmp\n|player|p2|\n","uploadtime":1727223256,"views":23,"formatid":"gen9vgc2024regh","rating":1681,"private":0,"password":null}