{"id":"gen9vgc2024regh-2209552067","format":"[Gen 9] VGC 2024 Reg H","players":["Realfrytki","datbishgames"],"log":"|j|\u2606Realfrytki\n|j|\u2606datbishgames\n|t:|1727287952\n|gametype|doubles\n|player|p1|Realfrytki|veteranf|1716\n|player|p2|datbishgames|mira|1652\n|teamsize|p1|6\n|teamsize|p2|6\n|gen|9\n|tier|[Gen 9] VGC 2024 Reg H\n|rated|\n|rule|Species Clause: Limit one of each Pok\u00e9mon\n|rule|Item Clause: Limit 1 of each item\n|clearpoke\n|poke|p1|Primarina, L50, M|\n|poke|p1|Espathra, L50, M|\n|poke|p1|Typhlosion-Hisui, L50, F|\n|poke|p1|Indeedee-F, L50, F|\n|poke|p1|Archaludon, L50, F|\n|poke|p1|Murkrow, L50, F|\n|poke|p2|Whimsicott, L50, M|\n|poke|p2|Basculegion, L50, M|\n|poke|p2|Typhlosion-Hisui, L50, F|\n|poke|p2|Hydreigon, L50, F|\n|poke|p2|Farigiraf, L50, M|\n|poke|p2|Pawmot, L50, M|\n|teampreview|4\n|inactive|Battle timer is ON: inactive players will automatically lose when time's up. (requested by datbishgames)\n|j| TheShadowInYou1\n|inactive|Realfrytki has 60 seconds left.\n|l| TheShadowInYou1\n|inactive|Realfrytki has 30 seconds left.\n|\n|t:|1727288013\n|start\n|switch|p1a: Murkrow|Murkrow, L50, F|100\/100\n|switch|p1b: Archaludon|Archaludon, L50, F|100\/100\n|switch|p2a: Whimsicott|Whimsicott, L50, M|100\/100\n|switch|p2b: Hydreigon|Hydreigon, L50, F|100\/100\n|turn|1\n|inactive|Realfrytki has 30 seconds left.\n|j| timber1313\n|\n|t:|1727288039\n|-terastallize|p2b: Hydreigon|Fire\n|move|p2a: Whimsicott|Tailwind|p2a: Whimsicott\n|-sidestart|p2: datbishgames|move: Tailwind\n|move|p1a: Murkrow|Tailwind|p1a: Murkrow\n|-sidestart|p1: Realfrytki|move: Tailwind\n|move|p2b: Hydreigon|Heat Wave|p1a: Murkrow|[spread] p1a,p1b\n|-damage|p1a: Murkrow|28\/100\n|-damage|p1b: Archaludon|31\/100\n|-ability|p1b: Archaludon|Stamina|boost\n|-boost|p1b: Archaludon|def|1\n|-damage|p2b: Hydreigon|91\/100|[from] item: Life Orb\n|move|p1b: Archaludon|Dragon Pulse|p2b: Hydreigon\n|-damage|p2b: Hydreigon|45\/100\n|\n|upkeep\n|turn|2\n|inactive|Realfrytki has 30 seconds left.\n|\n|t:|1727288066\n|move|p1a: Murkrow|Rain Dance|p1a: Murkrow\n|-weather|RainDance\n|move|p2b: Hydreigon|Heat Wave|p1a: Murkrow|[spread] p1a,p1b\n|-damage|p1a: Murkrow|0 fnt\n|-damage|p1b: Archaludon|0 fnt\n|faint|p1a: Murkrow\n|faint|p1b: Archaludon\n|-damage|p2b: Hydreigon|36\/100|[from] item: Life Orb\n|move|p2a: Whimsicott|Moonblast|p1: Murkrow|[notarget]\n|-fail|p2a: Whimsicott\n|\n|-weather|RainDance|[upkeep]\n|upkeep\n|\n|t:|1727288076\n|switch|p1b: Typhlosion|Typhlosion-Hisui, L50, F|100\/100\n|switch|p1a: Primarina|Primarina, L50, M|100\/100\n|turn|3\n|inactive|Realfrytki has 30 seconds left.\n|j| moon7777\n|\n|t:|1727288104\n|move|p1b: Typhlosion|Protect|p1b: Typhlosion\n|-singleturn|p1b: Typhlosion|Protect\n|move|p2b: Hydreigon|Dark Pulse|p1b: Typhlosion\n|-activate|p1b: Typhlosion|move: Protect\n|move|p2a: Whimsicott|Giga Drain|p1a: Primarina\n|-supereffective|p1a: Primarina\n|-damage|p1a: Primarina|57\/100\n|move|p1a: Primarina|Hyper Voice|p2a: Whimsicott|[spread] p2a,p2b\n|-resisted|p2a: Whimsicott\n|-supereffective|p2b: Hydreigon\n|-damage|p2a: Whimsicott|63\/100\n|-damage|p2b: Hydreigon|0 fnt\n|faint|p2b: Hydreigon\n|\n|-weather|RainDance|[upkeep]\n|upkeep\n|\n|t:|1727288115\n|switch|p2b: Basculegion|Basculegion, L50, M|100\/100\n|turn|4\n|\n|t:|1727288127\n|move|p2b: Basculegion|Aqua Jet|p1b: Typhlosion\n|-supereffective|p1b: Typhlosion\n|-damage|p1b: Typhlosion|0 fnt\n|faint|p1b: Typhlosion\n|move|p2a: Whimsicott|Giga Drain|p1a: Primarina\n|-supereffective|p1a: Primarina\n|-damage|p1a: Primarina|9\/100\n|-heal|p2a: Whimsicott|85\/100|[from] drain|[of] p1a: Primarina\n|move|p1a: Primarina|Hyper Voice|p2b: Basculegion|[spread] p2a,p2b\n|-resisted|p2a: Whimsicott\n|-resisted|p2b: Basculegion\n|-damage|p2a: Whimsicott|41\/100\n|-damage|p2b: Basculegion|62\/100\n|\n|-weather|RainDance|[upkeep]\n|-sideend|p1: Realfrytki|move: Tailwind\n|-sideend|p2: datbishgames|move: Tailwind\n|upkeep\n|turn|5\n|\n|t:|1727288141\n|move|p2b: Basculegion|Aqua Jet|p1a: Primarina\n|-resisted|p1a: Primarina\n|-damage|p1a: Primarina|0 fnt\n|faint|p1a: Primarina\n|\n|win|datbishgames\n|raw|Realfrytki's rating: 1716 &rarr; <strong>1692<\/strong><br \/>(-24 for losing)\n|raw|datbishgames's rating: 1652 &rarr; <strong>1676<\/strong><br \/>(+24 for winning)\n|l|\u2606datbishgames\n|player|p2|\n","uploadtime":1727288157,"views":29,"formatid":"gen9vgc2024regh","rating":1676,"private":0,"password":null}