{"id":"gen9vgc2024regh-2209938935","format":"[Gen 9] VGC 2024 Reg H","players":["ddoublechin","shulivgc"],"log":"|j|\u2606ddoublechin\n|j|\u2606shulivgc\n|t:|1727333695\n|gametype|doubles\n|player|p1|ddoublechin|ninjaboy|1690\n|player|p2|shulivgc|#smogonxnpa2024draftee2|1654\n|teamsize|p1|6\n|teamsize|p2|6\n|gen|9\n|tier|[Gen 9] VGC 2024 Reg H\n|rated|\n|rule|Species Clause: Limit one of each Pok\u00e9mon\n|rule|Item Clause: Limit 1 of each item\n|clearpoke\n|poke|p1|Whimsicott, L50, M|\n|poke|p1|Archaludon, L50, M|\n|poke|p1|Annihilape, L50, M|\n|poke|p1|Pelipper, L50, M|\n|poke|p1|Arcanine-Hisui, L50, F|\n|poke|p1|Farigiraf, L50, M|\n|poke|p2|Vivillon-Fancy, L50, F|\n|poke|p2|Garchomp, L50, M|\n|poke|p2|Primarina, L50, M|\n|poke|p2|Gholdengo, L50|\n|poke|p2|Dragonite, L50, M|\n|poke|p2|Annihilape, L50, M|\n|teampreview|4\n|inactive|Battle timer is ON: inactive players will automatically lose when time's up. (requested by ddoublechin)\n|\n|t:|1727333732\n|start\n|switch|p1a: Whimsicott|Whimsicott, L50, M|100\/100\n|switch|p1b: Annihilape|Annihilape, L50, M|100\/100\n|switch|p2a: Vivillon|Vivillon-Fancy, L50, F|100\/100\n|switch|p2b: Dragonite|Dragonite, L50, M|100\/100\n|turn|1\n|\n|t:|1727333754\n|-terastallize|p2b: Dragonite|Flying\n|move|p1a: Whimsicott|Beat Up|p1b: Annihilape\n|-damage|p1b: Annihilape|99\/100\n|-damage|p1b: Annihilape|96\/100\n|-damage|p1b: Annihilape|93\/100\n|-damage|p1b: Annihilape|91\/100\n|-hitcount|p1b: Annihilape|4\n|move|p1b: Annihilape|Rage Fist|p2b: Dragonite\n|-damage|p2b: Dragonite|30\/100\n|move|p2a: Vivillon|Sleep Powder|p1b: Annihilape\n|-status|p1b: Annihilape|slp|[from] move: Sleep Powder\n|move|p2b: Dragonite|Tera Blast|p1a: Whimsicott|[anim] Tera Blast Flying\n|-supereffective|p1a: Whimsicott\n|-enditem|p1a: Whimsicott|Focus Sash\n|-damage|p1a: Whimsicott|1\/100\n|\n|upkeep\n|turn|2\n|j| Rabbithorn05\n|\n|t:|1727333776\n|-terastallize|p1a: Whimsicott|Ghost\n|move|p2b: Dragonite|Extreme Speed|p1a: Whimsicott\n|-immune|p1a: Whimsicott\n|move|p1a: Whimsicott|Moonblast|p2b: Dragonite\n|-damage|p2b: Dragonite|0 fnt\n|faint|p2b: Dragonite\n|cant|p1b: Annihilape|slp\n|move|p2a: Vivillon|Tailwind|p2a: Vivillon\n|-sidestart|p2: shulivgc|move: Tailwind\n|\n|upkeep\n|\n|t:|1727333784\n|switch|p2b: Garchomp|Garchomp, L50, M|100\/100\n|turn|3\n|\n|t:|1727333798\n|move|p1a: Whimsicott|Tailwind|p1a: Whimsicott\n|-sidestart|p1: ddoublechin|move: Tailwind\n|cant|p1b: Annihilape|slp\n|move|p2b: Garchomp|Earthquake|p1b: Annihilape|[spread] p1a,p1b\n|-immune|p2a: Vivillon\n|-damage|p1a: Whimsicott|0 fnt\n|-damage|p1b: Annihilape|39\/100 slp\n|faint|p1a: Whimsicott\n|-damage|p2b: Garchomp|91\/100|[from] item: Life Orb\n|move|p2a: Vivillon|Hurricane|p1b: Annihilape\n|-supereffective|p1b: Annihilape\n|-damage|p1b: Annihilape|0 fnt\n|faint|p1b: Annihilape\n|\n|upkeep\n|\n|t:|1727333802\n|switch|p1a: Archaludon|Archaludon, L50, M|100\/100\n|switch|p1b: Pelipper|Pelipper, L50, M|100\/100\n|-weather|RainDance|[from] ability: Drizzle|[of] p1b: Pelipper\n|turn|4\n|j| mine_hang\n|j| cocoseed\n|\n|t:|1727333819\n|move|p2b: Garchomp|Stomping Tantrum|p1a: Archaludon\n|-supereffective|p1a: Archaludon\n|-damage|p1a: Archaludon|35\/100\n|-ability|p1a: Archaludon|Stamina|boost\n|-boost|p1a: Archaludon|def|1\n|-damage|p2b: Garchomp|81\/100|[from] item: Life Orb\n|move|p2a: Vivillon|Sleep Powder|p1b: Pelipper\n|-status|p1b: Pelipper|slp|[from] move: Sleep Powder\n|move|p1a: Archaludon|Draco Meteor|p2b: Garchomp\n|-supereffective|p2b: Garchomp\n|-damage|p2b: Garchomp|0 fnt\n|-unboost|p1a: Archaludon|spa|2\n|faint|p2b: Garchomp\n|cant|p1b: Pelipper|slp\n|\n|-weather|RainDance|[upkeep]\n|upkeep\n|j| strikesuitzero\n|\n|t:|1727333828\n|switch|p2b: Gholdengo|Gholdengo, L50|100\/100\n|turn|5\n|\n|t:|1727333840\n|move|p2b: Gholdengo|Shadow Ball|p1a: Archaludon\n|-damage|p1a: Archaludon|3\/100\n|-ability|p1a: Archaludon|Stamina|boost\n|-boost|p1a: Archaludon|def|1\n|move|p2a: Vivillon|Hurricane|p1a: Archaludon\n|-resisted|p1a: Archaludon\n|-damage|p1a: Archaludon|0 fnt\n|faint|p1a: Archaludon\n|-curestatus|p1b: Pelipper|slp|[msg]\n|move|p1b: Pelipper|Hurricane|p2a: Vivillon\n|-supereffective|p2a: Vivillon\n|-enditem|p2a: Vivillon|Focus Sash\n|-damage|p2a: Vivillon|1\/100\n|-start|p2a: Vivillon|confusion\n|-damage|p1b: Pelipper|91\/100|[from] item: Life Orb\n|\n|-weather|RainDance|[upkeep]\n|-sideend|p2: shulivgc|move: Tailwind\n|upkeep\n|turn|6\n|\n|t:|1727333855\n|move|p2b: Gholdengo|Shadow Ball|p1b: Pelipper\n|-damage|p1b: Pelipper|27\/100\n|move|p1b: Pelipper|Weather Ball|p2a: Vivillon\n|-damage|p2a: Vivillon|0 fnt\n|faint|p2a: Vivillon\n|-damage|p1b: Pelipper|18\/100|[from] item: Life Orb\n|\n|-weather|RainDance|[upkeep]\n|-sideend|p1: ddoublechin|move: Tailwind\n|upkeep\n|turn|7\n|\n|t:|1727333861\n|move|p2b: Gholdengo|Shadow Ball|p1b: Pelipper\n|-damage|p1b: Pelipper|0 fnt\n|faint|p1b: Pelipper\n|\n|win|shulivgc\n|raw|ddoublechin's rating: 1690 &rarr; <strong>1668<\/strong><br \/>(-22 for losing)\n|raw|shulivgc's rating: 1654 &rarr; <strong>1676<\/strong><br \/>(+22 for winning)\n|l|\u2606ddoublechin\n|player|p1|\n|l| cocoseed\n|l|\u2606shulivgc\n|player|p2|\n|l| mine_hang\n|l| strikesuitzero\n","uploadtime":1727333864,"views":37,"formatid":"gen9vgc2024regh","rating":1668,"private":0,"password":null}