{"id":"gen9vgc2024regh-2209631419","format":"[Gen 9] VGC 2024 Reg H","players":["quinn2","Jarvis1"],"log":"|j|\u2606quinn2\n|j|\u2606Jarvis1\n|t:|1727294995\n|gametype|doubles\n|player|p1|quinn2|2|1676\n|player|p2|Jarvis1|102|1718\n|teamsize|p1|6\n|teamsize|p2|6\n|gen|9\n|tier|[Gen 9] VGC 2024 Reg H\n|rated|\n|rule|Species Clause: Limit one of each Pok\u00e9mon\n|rule|Item Clause: Limit 1 of each item\n|clearpoke\n|poke|p1|Dugtrio, L50, F|\n|poke|p1|Tyranitar, L50, F|\n|poke|p1|Excadrill, L50, F|\n|poke|p1|Kilowattrel, L50, M|\n|poke|p1|Gardevoir, L50, M|\n|poke|p1|Garganacl, L50, F|\n|poke|p2|Incineroar, L50, M|\n|poke|p2|Rillaboom, L50, M|\n|poke|p2|Vivillon, L50, M|\n|poke|p2|Pelipper, L50, F|\n|poke|p2|Annihilape, L50, F|\n|poke|p2|Gastrodon, L50, M|\n|teampreview|4\n|j| Deli(Again)\n|j| GameLurker69\n|c| Deli(Again)|quinn2\n|c| Deli(Again)|goat\n|c|\u2606quinn2|ty, but only if it works\n|inactive|Battle timer is ON: inactive players will automatically lose when time's up. (requested by Jarvis1)\n|\n|t:|1727295052\n|start\n|switch|p1a: Dugtrio|Dugtrio, L50, F|100\/100\n|switch|p1b: Kilowattrel|Kilowattrel, L50, M|100\/100\n|switch|p2a: Rillaboom|Rillaboom, L50, M|100\/100\n|switch|p2b: Pelipper|Pelipper, L50, F|100\/100\n|-fieldstart|move: Grassy Terrain|[from] ability: Grassy Surge|[of] p2a: Rillaboom\n|-weather|RainDance|[from] ability: Drizzle|[of] p2b: Pelipper\n|turn|1\n|c| GameLurker69|This kilowattrel better be a hard worker with all those water weaknesses\n|inactive|Jarvis1 has 30 seconds left.\n|inactive|Jarvis1 has 20 seconds left.\n|\n|t:|1727295089\n|-terastallize|p2b: Pelipper|Ground\n|move|p2a: Rillaboom|Fake Out|p1a: Dugtrio\n|-damage|p1a: Dugtrio|58\/100\n|cant|p1a: Dugtrio|flinch\n|move|p1b: Kilowattrel|Discharge|p2b: Pelipper|[spread] p2a\n|-immune|p1a: Dugtrio\n|-immune|p2b: Pelipper\n|-resisted|p2a: Rillaboom\n|-damage|p2a: Rillaboom|91\/100\n|-status|p2a: Rillaboom|par\n|move|p2b: Pelipper|Weather Ball|p1b: Kilowattrel\n|-damage|p1b: Kilowattrel|4\/100\n|\n|-weather|RainDance|[upkeep]\n|-heal|p1a: Dugtrio|63\/100|[from] Grassy Terrain\n|-heal|p2a: Rillaboom|97\/100 par|[from] Grassy Terrain\n|upkeep\n|turn|2\n|inactive|quinn2 has 30 seconds left.\n|inactive|Jarvis1 has 30 seconds left.\n|\n|t:|1727295121\n|move|p1b: Kilowattrel|Protect|p1b: Kilowattrel\n|-singleturn|p1b: Kilowattrel|Protect\n|move|p2a: Rillaboom|Grassy Glide|p1b: Kilowattrel\n|-activate|p1b: Kilowattrel|move: Protect\n|move|p1a: Dugtrio|Endeavor|p2b: Pelipper\n|-damage|p2b: Pelipper|44\/100\n|move|p2b: Pelipper|Weather Ball|p1a: Dugtrio\n|-supereffective|p1a: Dugtrio\n|-damage|p1a: Dugtrio|0 fnt\n|faint|p1a: Dugtrio\n|\n|-weather|RainDance|[upkeep]\n|-heal|p2b: Pelipper|50\/100|[from] Grassy Terrain\n|-heal|p2a: Rillaboom|100\/100 par|[from] Grassy Terrain\n|upkeep\n|\n|t:|1727295137\n|switch|p1a: Tyranitar|Tyranitar, L50, F|100\/100\n|-weather|Sandstorm|[from] ability: Sand Stream|[of] p1a: Tyranitar\n|turn|3\n|\n|t:|1727295148\n|switch|p1b: Gardevoir|Gardevoir, L50, M|100\/100\n|switch|p2b: Annihilape|Annihilape, L50, F|100\/100\n|-terastallize|p1a: Tyranitar|Flying\n|move|p2a: Rillaboom|Grassy Glide|p1b: Gardevoir\n|-damage|p1b: Gardevoir|42\/100\n|move|p1a: Tyranitar|Tera Blast|p2a: Rillaboom|[anim] Tera Blast Flying\n|-supereffective|p2a: Rillaboom\n|-damage|p2a: Rillaboom|0 fnt\n|faint|p2a: Rillaboom\n|\n|-weather|Sandstorm|[upkeep]\n|-damage|p1a: Tyranitar|94\/100|[from] Sandstorm\n|-damage|p2b: Annihilape|95\/100|[from] Sandstorm\n|-damage|p1b: Gardevoir|36\/100|[from] Sandstorm\n|-heal|p2b: Annihilape|100\/100|[from] Grassy Terrain\n|-heal|p1b: Gardevoir|42\/100|[from] Grassy Terrain\n|upkeep\n|\n|t:|1727295167\n|switch|p2a: Pelipper|Pelipper, L50, F, tera:Ground|50\/100\n|-weather|RainDance|[from] ability: Drizzle|[of] p2a: Pelipper\n|turn|4\n|\n|t:|1727295188\n|move|p2b: Annihilape|Protect|p2b: Annihilape\n|-singleturn|p2b: Annihilape|Protect\n|move|p1a: Tyranitar|Tera Blast|p2a: Pelipper|[anim] Tera Blast Flying\n|-damage|p2a: Pelipper|0 fnt\n|faint|p2a: Pelipper\n|move|p1b: Gardevoir|Moonblast|p2b: Annihilape\n|-activate|p2b: Annihilape|move: Protect\n|\n|-weather|RainDance|[upkeep]\n|-heal|p1b: Gardevoir|48\/100|[from] Grassy Terrain\n|upkeep\n|\n|t:|1727295195\n|switch|p2a: Gastrodon|Gastrodon, L50, M|100\/100\n|turn|5\n|c| Deli(Again)|dugtrio carry\n|\n|t:|1727295209\n|move|p1a: Tyranitar|Tera Blast|p2b: Annihilape|[anim] Tera Blast Flying\n|-supereffective|p2b: Annihilape\n|-damage|p2b: Annihilape|17\/100\n|move|p2b: Annihilape|Rage Fist|p1a: Tyranitar\n|-damage|p1a: Tyranitar|53\/100\n|move|p1b: Gardevoir|Moonblast|p2b: Annihilape\n|-supereffective|p2b: Annihilape\n|-damage|p2b: Annihilape|0 fnt\n|faint|p2b: Annihilape\n|move|p2a: Gastrodon|Muddy Water|p1b: Gardevoir|[spread] p1a,p1b\n|-damage|p1a: Tyranitar|10\/100\n|-damage|p1b: Gardevoir|6\/100\n|\n|-weather|RainDance|[upkeep]\n|-heal|p1b: Gardevoir|11\/100|[from] Grassy Terrain\n|-fieldend|move: Grassy Terrain\n|upkeep\n|turn|6\n|\n|t:|1727295223\n|move|p1a: Tyranitar|Tera Blast|p2a: Gastrodon|[anim] Tera Blast Flying\n|-damage|p2a: Gastrodon|64\/100\n|move|p1b: Gardevoir|Moonblast|p2a: Gastrodon\n|-damage|p2a: Gastrodon|0 fnt\n|faint|p2a: Gastrodon\n|\n|win|quinn2\n|raw|quinn2's rating: 1676 &rarr; <strong>1698<\/strong><br \/>(+22 for winning)\n|raw|Jarvis1's rating: 1718 &rarr; <strong>1696<\/strong><br \/>(-22 for losing)\n|c| GameLurker69|Nevermind the Kilowattrel, Ttar MVP\n|l|\u2606Jarvis1\n|player|p2|\n|l|\u2606quinn2\n|player|p1|\n|c| GameLurker69|So close to 1700\n|l| GameLurker69\n|l| Deli(Again)\n","uploadtime":1727295236,"views":26,"formatid":"gen9vgc2024regh","rating":1696,"private":0,"password":null}