{"id":"gen9vgc2024regh-2209529955","format":"[Gen 9] VGC 2024 Reg H","players":["moon7777","ren122333"],"log":"|j|\u2606moon7777\n|j|\u2606ren122333\n|t:|1727286077\n|gametype|doubles\n|player|p1|moon7777|170|1691\n|player|p2|ren122333|hilbert|1707\n|teamsize|p1|6\n|teamsize|p2|6\n|gen|9\n|tier|[Gen 9] VGC 2024 Reg H\n|rated|\n|rule|Species Clause: Limit one of each Pok\u00e9mon\n|rule|Item Clause: Limit 1 of each item\n|clearpoke\n|poke|p1|Pelipper, L50, F|\n|poke|p1|Archaludon, L50, F|\n|poke|p1|Quaquaval, L50, F|\n|poke|p1|Kingambit, L50, F|\n|poke|p1|Rillaboom, L50, F|\n|poke|p1|Dragapult, L50, F|\n|poke|p2|Whimsicott, L50, F|\n|poke|p2|Mamoswine, L50, F|\n|poke|p2|Lycanroc-Dusk, L50, M|\n|poke|p2|Typhlosion-Hisui, L50, M|\n|poke|p2|Farigiraf, L50, F|\n|poke|p2|Mienshao, L50, F|\n|teampreview|4\n|\n|t:|1727286098\n|start\n|switch|p1a: jihyo|Rillaboom, L50, F, shiny|100\/100\n|switch|p1b: tzuyu|Archaludon, L50, F, shiny|100\/100\n|switch|p2a: Whimsicott|Whimsicott, L50, F|100\/100\n|switch|p2b: Mamoswine|Mamoswine, L50, F|100\/100\n|-fieldstart|move: Grassy Terrain|[from] ability: Grassy Surge|[of] p1a: jihyo\n|turn|1\n|j| cipe95\n|\n|t:|1727286117\n|switch|p2a: Farigiraf|Farigiraf, L50, F|100\/100\n|-terastallize|p2b: Mamoswine|Grass\n|move|p1a: jihyo|Fake Out||[still]\n|cant|p2a: Farigiraf|ability: Armor Tail|Fake Out|[of] p1a: jihyo\n|move|p2b: Mamoswine|High Horsepower|p1b: tzuyu|[miss]\n|-miss|p2b: Mamoswine|p1b: tzuyu\n|move|p1b: tzuyu|Flash Cannon|p2a: Farigiraf\n|-crit|p2a: Farigiraf\n|-damage|p2a: Farigiraf|1\/100\n|\n|-heal|p2a: Farigiraf|7\/100|[from] Grassy Terrain\n|upkeep\n|turn|2\n|\n|t:|1727286142\n|move|p2b: Mamoswine|Icicle Crash|p1a: jihyo\n|-supereffective|p1a: jihyo\n|-crit|p1a: jihyo\n|-damage|p1a: jihyo|0 fnt\n|faint|p1a: jihyo\n|move|p1b: tzuyu|Flash Cannon|p2b: Mamoswine\n|-damage|p2b: Mamoswine|0 fnt\n|faint|p2b: Mamoswine\n|move|p2a: Farigiraf|Hyper Voice|p1b: tzuyu\n|-resisted|p1b: tzuyu\n|-damage|p1b: tzuyu|66\/100\n|-enditem|p2a: Farigiraf|Throat Spray\n|-boost|p2a: Farigiraf|spa|1|[from] item: Throat Spray\n|\n|-heal|p1b: tzuyu|72\/100|[from] Grassy Terrain\n|-heal|p2a: Farigiraf|13\/100|[from] Grassy Terrain\n|upkeep\n|\n|t:|1727286157\n|switch|p2b: Typhlosion|Typhlosion-Hisui, L50, M|100\/100\n|switch|p1a: momo|Quaquaval, L50, F, shiny|100\/100\n|-item|p1a: momo|Focus Sash|[from] ability: Frisk|[of] p2b: Typhlosion\n|-item|p1b: tzuyu|Choice Specs|[from] ability: Frisk|[of] p2b: Typhlosion\n|turn|3\n|\n|t:|1727286187\n|move|p2b: Typhlosion|Eruption|p1a: momo|[spread] p1a,p1b\n|-resisted|p1a: momo\n|-crit|p1b: tzuyu\n|-damage|p1a: momo|45\/100\n|-damage|p1b: tzuyu|0 fnt\n|faint|p1b: tzuyu\n|move|p1a: momo|Aqua Step|p2b: Typhlosion\n|-supereffective|p2b: Typhlosion\n|-damage|p2b: Typhlosion|0 fnt\n|-boost|p1a: momo|spe|1\n|faint|p2b: Typhlosion\n|-ability|p1a: momo|Moxie|boost\n|-boost|p1a: momo|atk|1\n|move|p2a: Farigiraf|Hyper Voice|p1a: momo\n|-damage|p1a: momo|0 fnt\n|faint|p1a: momo\n|\n|-heal|p2a: Farigiraf|19\/100|[from] Grassy Terrain\n|upkeep\n|\n|t:|1727286200\n|switch|p2b: Whimsicott|Whimsicott, L50, F|100\/100\n|switch|p1b: dahyun|Pelipper, L50, F|100\/100\n|-weather|RainDance|[from] ability: Drizzle|[of] p1b: dahyun\n|turn|4\n|\n|t:|1727286217\n|move|p2b: Whimsicott|Tailwind|p2b: Whimsicott\n|-sidestart|p2: ren122333|move: Tailwind\n|move|p1b: dahyun|Hurricane|p2a: Farigiraf\n|-damage|p2a: Farigiraf|0 fnt\n|faint|p2a: Farigiraf\n|\n|-weather|RainDance|[upkeep]\n|upkeep\n|turn|5\n|\n|t:|1727286225\n|move|p2b: Whimsicott|Sunny Day|p2b: Whimsicott\n|-weather|SunnyDay\n|move|p1b: dahyun|Hurricane|p2b: Whimsicott\n|-supereffective|p2b: Whimsicott\n|-damage|p2b: Whimsicott|0 fnt\n|faint|p2b: Whimsicott\n|\n|win|moon7777\n|raw|moon7777's rating: 1691 &rarr; <strong>1712<\/strong><br \/>(+21 for winning)\n|raw|ren122333's rating: 1707 &rarr; <strong>1686<\/strong><br \/>(-21 for losing)\n|l|\u2606ren122333\n|player|p2|\n|j| majic8ball\n|l|\u2606moon7777\n|player|p1|\n|l| majic8ball\n","uploadtime":1727286393,"views":136,"formatid":"gen9vgc2024regh","rating":1686,"private":0,"password":null}