{"id":"gen9vgc2024regh-2209800766","format":"[Gen 9] VGC 2024 Reg H","players":["moon7777","memory eraser"],"log":"|j|\u2606moon7777\n|j|\u2606memory eraser\n|t:|1727313590\n|gametype|doubles\n|player|p1|moon7777|170|1750\n|player|p2|memory eraser|skyla|1818\n|teamsize|p1|6\n|teamsize|p2|6\n|gen|9\n|tier|[Gen 9] VGC 2024 Reg H\n|rated|\n|rule|Species Clause: Limit one of each Pok\u00e9mon\n|rule|Item Clause: Limit 1 of each item\n|clearpoke\n|poke|p1|Ursaluna-Bloodmoon, L50, M|\n|poke|p1|Volcarona, L50, M|\n|poke|p1|Basculegion, L50, M|\n|poke|p1|Rillaboom, L50, M|\n|poke|p1|Sneasler, L50, M|\n|poke|p1|Comfey, L50, M|\n|poke|p2|Arcanine-Hisui, L50, F|\n|poke|p2|Serperior, L50, M|\n|poke|p2|Umbreon, L50, M|\n|poke|p2|Ursaluna-Bloodmoon, L50, M|\n|poke|p2|Clefable, L50, F|\n|poke|p2|Archaludon, L50, M|\n|teampreview|4\n|inactive|Battle timer is ON: inactive players will automatically lose when time's up. (requested by memory eraser)\n|\n|t:|1727313618\n|start\n|switch|p1a: Ursaluna|Ursaluna-Bloodmoon, L50, M|100\/100\n|switch|p1b: Rillaboom|Rillaboom, L50, M|100\/100\n|switch|p2a: Umbreon|Umbreon, L50, M, shiny|100\/100\n|switch|p2b: Arcanine|Arcanine-Hisui, L50, F, shiny|100\/100\n|-fieldstart|move: Grassy Terrain|[from] ability: Grassy Surge|[of] p1b: Rillaboom\n|-enditem|p1a: Ursaluna|Grassy Seed\n|-boost|p1a: Ursaluna|def|1|[from] item: Grassy Seed\n|turn|1\n|j| Therazer456\n|\n|t:|1727313639\n|move|p2b: Arcanine|Protect|p2b: Arcanine\n|-singleturn|p2b: Arcanine|Protect\n|move|p1b: Rillaboom|Fake Out|p2b: Arcanine\n|-activate|p2b: Arcanine|move: Protect\n|move|p2a: Umbreon|Snarl|p1b: Rillaboom|[spread] p1a,p1b\n|-damage|p1a: Ursaluna|93\/100\n|-damage|p1b: Rillaboom|95\/100\n|-unboost|p1a: Ursaluna|spa|1\n|-unboost|p1b: Rillaboom|spa|1\n|move|p1a: Ursaluna|Calm Mind|p1a: Ursaluna\n|-boost|p1a: Ursaluna|spa|1\n|-boost|p1a: Ursaluna|spd|1\n|\n|-heal|p1b: Rillaboom|100\/100|[from] Grassy Terrain\n|-heal|p1a: Ursaluna|99\/100|[from] Grassy Terrain\n|upkeep\n|turn|2\n|j| popeye32\n|\n|t:|1727313658\n|move|p1b: Rillaboom|Grassy Glide|p2b: Arcanine\n|-damage|p2b: Arcanine|58\/100\n|move|p2b: Arcanine|Flare Blitz|p1b: Rillaboom\n|-supereffective|p1b: Rillaboom\n|-damage|p1b: Rillaboom|0 fnt\n|faint|p1b: Rillaboom\n|move|p2a: Umbreon|Yawn|p1a: Ursaluna\n|-start|p1a: Ursaluna|move: Yawn|[of] p2a: Umbreon\n|move|p1a: Ursaluna|Earth Power|p2b: Arcanine\n|-supereffective|p2b: Arcanine\n|-damage|p2b: Arcanine|0 fnt\n|faint|p2b: Arcanine\n|\n|-heal|p1a: Ursaluna|100\/100|[from] Grassy Terrain\n|upkeep\n|\n|t:|1727313673\n|switch|p2b: Archaludon|Archaludon, L50, M|100\/100\n|switch|p1b: Sneasler|Sneasler, L50, M|100\/100\n|turn|3\n|j| Lavenderawa\n|\n|t:|1727313689\n|switch|p1a: Basculegion|Basculegion, L50, M|100\/100\n|-terastallize|p2a: Umbreon|Bug\n|move|p1b: Sneasler|Protect|p1b: Sneasler\n|-singleturn|p1b: Sneasler|Protect\n|move|p2b: Archaludon|Protect|p2b: Archaludon\n|-singleturn|p2b: Archaludon|Protect\n|move|p2a: Umbreon|Yawn|p1b: Sneasler\n|-activate|p1b: Sneasler|move: Protect\n|\n|upkeep\n|turn|4\n|\n|t:|1727313713\n|move|p1a: Basculegion|Flip Turn|p2a: Umbreon\n|-damage|p2a: Umbreon|68\/100\n|\n|t:|1727313715\n|switch|p1a: Ursaluna|Ursaluna-Bloodmoon, L50, M|100\/100|[from] Flip Turn\n|move|p1b: Sneasler|Close Combat|p2b: Archaludon\n|-supereffective|p2b: Archaludon\n|-ability|p2b: Archaludon|Sturdy\n|-damage|p2b: Archaludon|1\/100\n|-unboost|p1b: Sneasler|def|1\n|-unboost|p1b: Sneasler|spd|1\n|move|p2b: Archaludon|Electro Shot||[still]\n|-prepare|p2b: Archaludon|Electro Shot\n|-boost|p2b: Archaludon|spa|1\n|-enditem|p2b: Archaludon|Power Herb\n|-anim|p2b: Archaludon|Electro Shot|p1a: Ursaluna\n|-immune|p1a: Ursaluna\n|move|p2a: Umbreon|Foul Play|p1b: Sneasler\n|-resisted|p1b: Sneasler\n|-damage|p1b: Sneasler|33\/100\n|\n|-heal|p1b: Sneasler|39\/100|[from] Grassy Terrain\n|-heal|p2b: Archaludon|7\/100|[from] Grassy Terrain\n|-heal|p2a: Umbreon|74\/100|[from] Grassy Terrain\n|upkeep\n|turn|5\n|inactive|moon7777 has 30 seconds left.\n|\n|t:|1727313749\n|move|p1b: Sneasler|Dire Claw|p2a: Umbreon\n|-damage|p2a: Umbreon|40\/100\n|move|p2b: Archaludon|Draco Meteor|p1a: Ursaluna\n|-crit|p1a: Ursaluna\n|-damage|p1a: Ursaluna|0 fnt\n|-unboost|p2b: Archaludon|spa|2\n|faint|p1a: Ursaluna\n|move|p2a: Umbreon|Foul Play|p1b: Sneasler\n|-resisted|p1b: Sneasler\n|-damage|p1b: Sneasler|0 fnt\n|faint|p1b: Sneasler\n|\n|-heal|p2b: Archaludon|13\/100|[from] Grassy Terrain\n|-heal|p2a: Umbreon|46\/100|[from] Grassy Terrain\n|-fieldend|move: Grassy Terrain\n|upkeep\n|\n|t:|1727313755\n|switch|p1b: Basculegion|Basculegion, L50, M|100\/100\n|turn|6\n|\n|t:|1727313760\n|switch|p2b: Serperior|Serperior, L50, M|100\/100\n|move|p1b: Basculegion|Last Respects|p2a: Umbreon\n|-damage|p2a: Umbreon|0 fnt\n|faint|p2a: Umbreon\n|\n|upkeep\n|\n|t:|1727313761\n|switch|p2a: Archaludon|Archaludon, L50, M|13\/100\n|turn|7\n|\n|t:|1727313769\n|move|p1b: Basculegion|Last Respects|p2b: Serperior\n|-damage|p2b: Serperior|0 fnt\n|faint|p2b: Serperior\n|move|p2a: Archaludon|Electro Shot||[still]\n|-prepare|p2a: Archaludon|Electro Shot\n|-boost|p2a: Archaludon|spa|1\n|\n|upkeep\n|turn|8\n|\n|t:|1727313776\n|move|p1b: Basculegion|Last Respects|p2a: Archaludon\n|-crit|p2a: Archaludon\n|-damage|p2a: Archaludon|0 fnt\n|faint|p2a: Archaludon\n|\n|win|moon7777\n|raw|moon7777's rating: 1750 &rarr; <strong>1774<\/strong><br \/>(+24 for winning)\n|raw|memory eraser's rating: 1818 &rarr; <strong>1794<\/strong><br \/>(-24 for losing)\n|l|\u2606memory eraser\n|player|p2|\n|l| Therazer456\n|l| Lavenderawa\n|l|\u2606moon7777\n|player|p1|\n|l| popeye32\n","uploadtime":1727313922,"views":203,"formatid":"gen9vgc2024regh","rating":1774,"private":0,"password":null}