{"id":"gen9vgc2024regh-2209483349","format":"[Gen 9] VGC 2024 Reg H","players":["nootellas","ren122333"],"log":"|j|\u203dnootellas\n|j|\u2606ren122333\n|t:|1727282142\n|gametype|doubles\n|player|p1|nootellas|169|1717\n|player|p2|ren122333|hilbert|1713\n|teamsize|p1|6\n|teamsize|p2|6\n|gen|9\n|tier|[Gen 9] VGC 2024 Reg H\n|rated|\n|rule|Species Clause: Limit one of each Pok\u00e9mon\n|rule|Item Clause: Limit 1 of each item\n|clearpoke\n|poke|p1|Ninetales-Alola, L50, M|\n|poke|p1|Zoroark-Hisui, L50, M|\n|poke|p1|Goodra-Hisui, L50, F|\n|poke|p1|Incineroar, L50, M|\n|poke|p1|Sylveon, L50, M|\n|poke|p1|Garchomp, L50, F|\n|poke|p2|Whimsicott, L50, M|\n|poke|p2|Mamoswine, L50, F|\n|poke|p2|Lycanroc-Dusk, L50, F|\n|poke|p2|Typhlosion-Hisui, L50, M|\n|poke|p2|Farigiraf, L50, M|\n|poke|p2|Mienshao, L50, F|\n|teampreview|4\n|\n|t:|1727282165\n|start\n|switch|p1a: Sylveon|Sylveon, L50, M, shiny|100\/100\n|switch|p1b: Incineroar|Incineroar, L50, M, shiny|100\/100\n|switch|p2a: Lycanroc|Lycanroc-Dusk, L50, F|100\/100\n|switch|p2b: Whimsicott|Whimsicott, L50, M|100\/100\n|-ability|p1b: Incineroar|Intimidate|boost\n|-unboost|p2a: Lycanroc|atk|1\n|-unboost|p2b: Whimsicott|atk|1\n|turn|1\n|\n|t:|1727282188\n|move|p1b: Incineroar|Fake Out|p2a: Lycanroc\n|-resisted|p2a: Lycanroc\n|-crit|p2a: Lycanroc\n|-damage|p2a: Lycanroc|84\/100\n|move|p2b: Whimsicott|Tailwind|p2b: Whimsicott\n|-sidestart|p2: ren122333|move: Tailwind\n|cant|p2a: Lycanroc|flinch\n|move|p1a: Sylveon|Hyper Voice|p2a: Lycanroc|[spread] p2a,p2b\n|-resisted|p2a: Lycanroc\n|-damage|p2a: Lycanroc|42\/100\n|-damage|p2b: Whimsicott|20\/100\n|\n|upkeep\n|turn|2\n|\n|t:|1727282212\n|switch|p1a: Sylveon|Sylveon, L50, M, shiny|100\/100\n|move|p2b: Whimsicott|Moonblast|p1a: Sylveon\n|-damage|p1a: Sylveon|82\/100\n|move|p2a: Lycanroc|Throat Chop|p1a: Sylveon\n|-resisted|p1a: Sylveon\n|-damage|p1a: Sylveon|69\/100\n|-start|p1a: Sylveon|Throat Chop|[silent]\n|move|p1b: Incineroar|Knock Off|p2a: Lycanroc\n|-damage|p2a: Lycanroc|0 fnt\n|-enditem|p2a: Lycanroc|Focus Sash|[from] move: Knock Off|[of] p1b: Incineroar\n|faint|p2a: Lycanroc\n|\n|upkeep\n|\n|t:|1727282224\n|switch|p2a: Mamoswine|Mamoswine, L50, F|100\/100\n|turn|3\n|\n|t:|1727282238\n|move|p2b: Whimsicott|Moonblast|p1b: Incineroar\n|-damage|p1b: Incineroar|79\/100\n|move|p2a: Mamoswine|High Horsepower|p1b: Incineroar\n|-supereffective|p1b: Incineroar\n|-crit|p1b: Incineroar\n|-damage|p1b: Incineroar|0 fnt\n|faint|p1b: Incineroar\n|move|p1a: Sylveon|Yawn|p2a: Mamoswine\n|-start|p2a: Mamoswine|move: Yawn|[of] p1a: Sylveon\n|\n|-end|p1a: Sylveon|Throat Chop|[silent]\n|upkeep\n|\n|t:|1727282253\n|switch|p1b: Garchomp|Garchomp, L50, F, shiny|100\/100\n|turn|4\n|\n|t:|1727282265\n|-terastallize|p1b: Garchomp|Steel\n|move|p1a: Sylveon|Protect|p1a: Sylveon\n|-singleturn|p1a: Sylveon|Protect\n|move|p2b: Whimsicott|Encore|p1a: Sylveon\n|-activate|p1a: Sylveon|move: Protect\n|move|p2a: Mamoswine|Icicle Crash|p1b: Garchomp\n|-resisted|p1b: Garchomp\n|-damage|p1b: Garchomp|77\/100\n|move|p1b: Garchomp|Stomping Tantrum|p2b: Whimsicott\n|-resisted|p2b: Whimsicott\n|-damage|p2b: Whimsicott|0 fnt\n|faint|p2b: Whimsicott\n|\n|-end|p2a: Mamoswine|move: Yawn|[silent]\n|-status|p2a: Mamoswine|slp\n|-sideend|p2: ren122333|move: Tailwind\n|upkeep\n|\n|t:|1727282270\n|switch|p2b: Typhlosion|Typhlosion-Hisui, L50, M|100\/100\n|-item|p1a: Sylveon|Pixie Plate|[from] ability: Frisk|[of] p2b: Typhlosion\n|-item|p1b: Garchomp|Covert Cloak|[from] ability: Frisk|[of] p2b: Typhlosion\n|turn|5\n|j| Lavenderawa\n|\n|t:|1727282293\n|-terastallize|p2b: Typhlosion|Fire\n|move|p2b: Typhlosion|Eruption|p1a: Sylveon|[spread] p1a,p1b\n|-supereffective|p1b: Garchomp\n|-damage|p1a: Sylveon|0 fnt\n|-damage|p1b: Garchomp|0 fnt\n|faint|p1a: Sylveon\n|faint|p1b: Garchomp\n|cant|p2a: Mamoswine|slp\n|\n|upkeep\n|\n|t:|1727282298\n|switch|p1b: Zoroark|Zoroark-Hisui, L50, M, shiny|100\/100\n|turn|6\n|\n|t:|1727282313\n|move|p1b: Zoroark|Hyper Beam|p2b: Typhlosion\n|-damage|p2b: Typhlosion|0 fnt\n|-mustrecharge|p1b: Zoroark\n|faint|p2b: Typhlosion\n|cant|p2a: Mamoswine|slp\n|\n|upkeep\n|turn|7\n|\n|t:|1727282319\n|cant|p1b: Zoroark|recharge\n|cant|p2a: Mamoswine|slp\n|\n|upkeep\n|turn|8\n|\n|t:|1727282324\n|move|p1b: Zoroark|Hyper Beam|p2a: Mamoswine\n|-damage|p2a: Mamoswine|0 fnt\n|-mustrecharge|p1b: Zoroark\n|faint|p2a: Mamoswine\n|\n|win|nootellas\n|raw|nootellas's rating: 1717 &rarr; <strong>1737<\/strong><br \/>(+20 for winning)\n|raw|ren122333's rating: 1713 &rarr; <strong>1693<\/strong><br \/>(-20 for losing)\n|l|\u2606ren122333\n|player|p2|\n|l|\u203dnootellas\n|player|p1|\n|l| Lavenderawa\n","uploadtime":1727282511,"views":26,"formatid":"gen9vgc2024regh","rating":1693,"private":0,"password":null}