{"id":"gen9vgc2024regh-2209420097","format":"[Gen 9] VGC 2024 Reg H","players":["ren122333","pmawarrior"],"log":"|j|\u2606ren122333\n|j|\u2606pmawarrior\n|t:|1727276785\n|gametype|doubles\n|player|p1|ren122333|hilbert|1798\n|player|p2|pmawarrior|1|1761\n|teamsize|p1|6\n|teamsize|p2|6\n|gen|9\n|tier|[Gen 9] VGC 2024 Reg H\n|rated|\n|rule|Species Clause: Limit one of each Pok\u00e9mon\n|rule|Item Clause: Limit 1 of each item\n|clearpoke\n|poke|p1|Whimsicott, L50, M|\n|poke|p1|Mamoswine, L50, F|\n|poke|p1|Lycanroc-Dusk, L50, M|\n|poke|p1|Typhlosion-Hisui, L50, M|\n|poke|p1|Farigiraf, L50, M|\n|poke|p1|Mienshao, L50, F|\n|poke|p2|Annihilape, L50, F|\n|poke|p2|Maushold-Four, L50|\n|poke|p2|Dondozo, L50, F|\n|poke|p2|Tatsugiri, L50, F|\n|poke|p2|Glimmora, L50, F|\n|poke|p2|Dragonite, L50, M|\n|teampreview|4\n|j| Therazer456\n|j| YawnVGC\n|\n|t:|1727276838\n|start\n|switch|p1a: Lycanroc|Lycanroc-Dusk, L50, M|100\/100\n|switch|p1b: Mienshao|Mienshao, L50, F|100\/100\n|switch|p2a: Glimmora|Glimmora, L50, F|100\/100\n|switch|p2b: Dragonite|Dragonite, L50, M, shiny|100\/100\n|turn|1\n|j| garonpappa\n|\n|t:|1727276857\n|move|p2b: Dragonite|Extreme Speed|p1b: Mienshao\n|-damage|p1b: Mienshao|20\/100\n|move|p1a: Lycanroc|Rock Slide|p2b: Dragonite|[spread] p2a,p2b\n|-supereffective|p2b: Dragonite\n|-damage|p2a: Glimmora|68\/100\n|-damage|p2b: Dragonite|71\/100\n|-activate|p2a: Glimmora|ability: Toxic Debris\n|-sidestart|p1: ren122333|move: Toxic Spikes\n|move|p1b: Mienshao|Close Combat|p2a: Glimmora\n|-damage|p2a: Glimmora|0 fnt\n|-unboost|p1b: Mienshao|def|1\n|-unboost|p1b: Mienshao|spd|1\n|-activate|p2a: Glimmora|ability: Toxic Debris\n|-sidestart|p1: ren122333|move: Toxic Spikes\n|faint|p2a: Glimmora\n|-damage|p1b: Mienshao|10\/100|[from] item: Life Orb\n|\n|upkeep\n|\n|t:|1727276865\n|switch|p2a: Dondozo|Dondozo, L50, F|100\/100\n|turn|2\n|\n|t:|1727276879\n|switch|p1a: Farigiraf|Farigiraf, L50, M|100\/100\n|-status|p1a: Farigiraf|tox\n|switch|p2b: Tatsugiri|Tatsugiri, L50, F|100\/100\n|-activate|p2b: Tatsugiri|ability: Commander|[of] p2a: Dondozo\n|-boost|p2a: Dondozo|atk|2\n|-boost|p2a: Dondozo|spa|2\n|-boost|p2a: Dondozo|spe|2\n|-boost|p2a: Dondozo|def|2\n|-boost|p2a: Dondozo|spd|2\n|move|p2a: Dondozo|Earthquake|p1b: Mienshao|[spread] p1a,p1b\n|-miss|p2a: Dondozo|p2b: Tatsugiri\n|-damage|p1a: Farigiraf|55\/100 tox\n|-damage|p1b: Mienshao|0 fnt\n|faint|p1b: Mienshao\n|\n|-damage|p1a: Farigiraf|49\/100 tox|[from] psn\n|upkeep\n|\n|t:|1727276885\n|switch|p1b: Mamoswine|Mamoswine, L50, F|100\/100\n|-status|p1b: Mamoswine|tox\n|turn|3\n|\n|t:|1727276895\n|-terastallize|p1b: Mamoswine|Grass\n|move|p2a: Dondozo|Earthquake|p1a: Farigiraf|[spread] p1a,p1b\n|-miss|p2a: Dondozo|p2b: Tatsugiri\n|-resisted|p1b: Mamoswine\n|-damage|p1a: Farigiraf|6\/100 tox\n|-damage|p1b: Mamoswine|76\/100 tox\n|move|p1b: Mamoswine|Haze|p1b: Mamoswine\n|-clearallboost\n|move|p1a: Farigiraf|Hyper Voice|p2a: Dondozo|[spread] p2a\n|-miss|p1a: Farigiraf|p2b: Tatsugiri\n|-damage|p2a: Dondozo|60\/100\n|-enditem|p1a: Farigiraf|Throat Spray\n|-boost|p1a: Farigiraf|spa|1|[from] item: Throat Spray\n|\n|-damage|p1b: Mamoswine|70\/100 tox|[from] psn\n|-damage|p1a: Farigiraf|0 fnt|[from] psn\n|faint|p1a: Farigiraf\n|upkeep\n|\n|t:|1727276902\n|switch|p1a: Lycanroc|Lycanroc-Dusk, L50, M|100\/100\n|-status|p1a: Lycanroc|tox\n|turn|4\n|\n|t:|1727276908\n|move|p2a: Dondozo|Protect|p2a: Dondozo\n|-singleturn|p2a: Dondozo|Protect\n|move|p1a: Lycanroc|Throat Chop|p2a: Dondozo\n|-activate|p2a: Dondozo|move: Protect\n|move|p1b: Mamoswine|Tera Blast|p2a: Dondozo|[anim] Tera Blast Grass\n|-activate|p2a: Dondozo|move: Protect\n|\n|-damage|p1a: Lycanroc|94\/100 tox|[from] psn\n|-damage|p1b: Mamoswine|58\/100 tox|[from] psn\n|upkeep\n|turn|5\n|\n|t:|1727276916\n|move|p1a: Lycanroc|Throat Chop|p2a: Dondozo\n|-damage|p2a: Dondozo|38\/100\n|-start|p2a: Dondozo|Throat Chop|[silent]\n|move|p1b: Mamoswine|Tera Blast|p2a: Dondozo|[anim] Tera Blast Grass\n|-supereffective|p2a: Dondozo\n|-damage|p2a: Dondozo|0 fnt\n|faint|p2a: Dondozo\n|\n|-damage|p1a: Lycanroc|82\/100 tox|[from] psn\n|-damage|p1b: Mamoswine|40\/100 tox|[from] psn\n|upkeep\n|\n|t:|1727276920\n|switch|p2a: Dragonite|Dragonite, L50, M, shiny|71\/100\n|turn|6\n|\n|t:|1727276932\n|-terastallize|p2b: Tatsugiri|Steel\n|move|p2a: Dragonite|Extreme Speed|p1b: Mamoswine\n|-damage|p1b: Mamoswine|0 fnt\n|faint|p1b: Mamoswine\n|move|p1a: Lycanroc|Rock Slide|p2a: Dragonite|[spread] p2a,p2b\n|-supereffective|p2a: Dragonite\n|-crit|p2a: Dragonite\n|-resisted|p2b: Tatsugiri\n|-crit|p2b: Tatsugiri\n|-damage|p2a: Dragonite|0 fnt\n|-damage|p2b: Tatsugiri|66\/100\n|faint|p2a: Dragonite\n|move|p2b: Tatsugiri|Muddy Water|p1a: Lycanroc\n|-supereffective|p1a: Lycanroc\n|-damage|p1a: Lycanroc|0 fnt\n|faint|p1a: Lycanroc\n|-damage|p2b: Tatsugiri|56\/100|[from] item: Life Orb\n|\n|win|pmawarrior\n|raw|ren122333's rating: 1798 &rarr; <strong>1776<\/strong><br \/>(-22 for losing)\n|raw|pmawarrior's rating: 1761 &rarr; <strong>1783<\/strong><br \/>(+22 for winning)\n|l|\u2606ren122333\n|player|p1|\n|l| Therazer456\n|l|\u2606pmawarrior\n|player|p2|\n|l| garonpappa\n","uploadtime":1727277091,"views":121,"formatid":"gen9vgc2024regh","rating":1776,"private":0,"password":null}