{"id":"gen9vgc2024regh-2209937248","format":"[Gen 9] VGC 2024 Reg H","players":["caixueying","chang2121"],"log":"|j|\u2606caixueying\n|j|\u2606chang2121\n|t:|1727333409\n|gametype|doubles\n|player|p1|caixueying|beauty-gen4dp|1685\n|player|p2|chang2121|veteran-gen4|1717\n|teamsize|p1|6\n|teamsize|p2|6\n|gen|9\n|tier|[Gen 9] VGC 2024 Reg H\n|rated|\n|rule|Species Clause: Limit one of each Pok\u00e9mon\n|rule|Item Clause: Limit 1 of each item\n|clearpoke\n|poke|p1|Pelipper, L50, M|\n|poke|p1|Grimmsnarl, L50, M|\n|poke|p1|Archaludon, L50, F|\n|poke|p1|Sinistcha-Masterpiece, L50|\n|poke|p1|Murkrow, L50, F|\n|poke|p1|Basculegion, L50, M|\n|poke|p2|Kingambit, L50, M|\n|poke|p2|Electabuzz, L50, F|\n|poke|p2|Primarina, L50, M|\n|poke|p2|Rillaboom, L50, F|\n|poke|p2|Dragapult, L50, M|\n|poke|p2|Blaziken, L50, M|\n|teampreview|4\n|inactive|Battle timer is ON: inactive players will automatically lose when time's up. (requested by caixueying)\n|j| King of Clubs dks\n|\n|t:|1727333436\n|start\n|switch|p1a: Grimmsnarl|Grimmsnarl, L50, M|100\/100\n|switch|p1b: Pelipper|Pelipper, L50, M|100\/100\n|switch|p2a: Kingambit|Kingambit, L50, M|100\/100\n|switch|p2b: Electabuzz|Electabuzz, L50, F|100\/100\n|-weather|RainDance|[from] ability: Drizzle|[of] p1b: Pelipper\n|turn|1\n|\n|t:|1727333450\n|-terastallize|p1b: Pelipper|Water\n|move|p1a: Grimmsnarl|Reflect|p1a: Grimmsnarl\n|-sidestart|p1: caixueying|Reflect\n|move|p2b: Electabuzz|Electroweb|p1a: Grimmsnarl|[spread] p1a,p1b\n|-supereffective|p1b: Pelipper\n|-damage|p1a: Grimmsnarl|89\/100\n|-damage|p1b: Pelipper|56\/100\n|-unboost|p1a: Grimmsnarl|spe|1\n|-unboost|p1b: Pelipper|spe|1\n|move|p1b: Pelipper|Muddy Water|p2a: Kingambit|[spread] p2a,p2b\n|-damage|p2a: Kingambit|36\/100\n|-damage|p2b: Electabuzz|59\/100\n|-unboost|p2a: Kingambit|accuracy|1\n|-ability|p2a: Kingambit|Defiant|boost\n|-boost|p2a: Kingambit|atk|2\n|move|p2a: Kingambit|Swords Dance|p2a: Kingambit\n|-boost|p2a: Kingambit|atk|2\n|\n|-weather|RainDance|[upkeep]\n|upkeep\n|turn|2\n|j| readabooks\n|inactive|caixueying has 30 seconds left.\n|inactive|chang2121 has 30 seconds left.\n|\n|t:|1727333479\n|switch|p1a: Sinistcha|Sinistcha-Masterpiece, L50|100\/100\n|-heal|p1b: Pelipper|81\/100|[from] ability: Hospitality|[of] p1a: Sinistcha\n|move|p2a: Kingambit|Protect|p2a: Kingambit\n|-singleturn|p2a: Kingambit|Protect\n|move|p2b: Electabuzz|Electroweb|p1a: Sinistcha|[spread] p1a,p1b\n|-resisted|p1a: Sinistcha\n|-supereffective|p1b: Pelipper\n|-damage|p1a: Sinistcha|94\/100\n|-damage|p1b: Pelipper|36\/100\n|-unboost|p1a: Sinistcha|spe|1\n|-unboost|p1b: Pelipper|spe|1\n|move|p1b: Pelipper|Muddy Water|p2b: Electabuzz|[spread] p2b\n|-activate|p2a: Kingambit|move: Protect\n|-damage|p2b: Electabuzz|13\/100\n|-unboost|p2b: Electabuzz|accuracy|1\n|\n|-weather|RainDance|[upkeep]\n|upkeep\n|turn|3\n|\n|t:|1727333502\n|switch|p2a: Rillaboom|Rillaboom, L50, F|100\/100\n|-fieldstart|move: Grassy Terrain|[from] ability: Grassy Surge|[of] p2a: Rillaboom\n|switch|p1b: Archaludon|Archaludon, L50, F|100\/100\n|move|p2b: Electabuzz|Protect|p2b: Electabuzz\n|-singleturn|p2b: Electabuzz|Protect\n|move|p1a: Sinistcha|Matcha Gotcha|p2a: Rillaboom|[spread] p2a\n|-activate|p2b: Electabuzz|move: Protect\n|-resisted|p2a: Rillaboom\n|-damage|p2a: Rillaboom|91\/100\n|-heal|p1a: Sinistcha|99\/100|[from] drain|[of] p2a: Rillaboom\n|\n|-weather|RainDance|[upkeep]\n|-heal|p2b: Electabuzz|19\/100|[from] Grassy Terrain\n|-heal|p2a: Rillaboom|97\/100|[from] Grassy Terrain\n|-heal|p1a: Sinistcha|100\/100|[from] Grassy Terrain\n|upkeep\n|turn|4\n|inactive|caixueying has 30 seconds left.\n|inactive|chang2121 has 30 seconds left.\n|inactive|chang2121 has 20 seconds left.\n|\n|t:|1727333540\n|move|p2b: Electabuzz|Taunt|p1a: Sinistcha\n|-start|p1a: Sinistcha|move: Taunt\n|move|p1b: Archaludon|Electro Shot||[still]\n|-prepare|p1b: Archaludon|Electro Shot\n|-boost|p1b: Archaludon|spa|1\n|-anim|p1b: Archaludon|Electro Shot|p2b: Electabuzz\n|-resisted|p2b: Electabuzz\n|-damage|p2b: Electabuzz|0 fnt\n|faint|p2b: Electabuzz\n|move|p2a: Rillaboom|U-turn|p1a: Sinistcha\n|-damage|p1a: Sinistcha|88\/100\n|\n|t:|1727333546\n|switch|p2a: Fastball|Blaziken, L50, M|100\/100|[from] U-turn\n|cant|p1a: Sinistcha|move: Taunt|Life Dew\n|\n|-weather|RainDance|[upkeep]\n|-heal|p1a: Sinistcha|94\/100|[from] Grassy Terrain\n|upkeep\n|\n|t:|1727333551\n|switch|p2b: Kingambit|Kingambit, L50, M|36\/100\n|turn|5\n|\n|t:|1727333571\n|move|p2b: Kingambit|Protect|p2b: Kingambit\n|-singleturn|p2b: Kingambit|Protect\n|move|p2a: Fastball|Coaching|p2b: Kingambit\n|-boost|p2b: Kingambit|atk|1\n|-boost|p2b: Kingambit|def|1\n|move|p1b: Archaludon|Electro Shot||[still]\n|-prepare|p1b: Archaludon|Electro Shot\n|-boost|p1b: Archaludon|spa|1\n|-anim|p1b: Archaludon|Electro Shot|p2a: Fastball\n|-enditem|p2a: Fastball|Focus Sash\n|-damage|p2a: Fastball|1\/100\n|move|p1a: Sinistcha|Matcha Gotcha|p2a: Fastball|[spread] p2a\n|-activate|p2b: Kingambit|move: Protect\n|-resisted|p2a: Fastball\n|-damage|p2a: Fastball|0 fnt\n|-heal|p1a: Sinistcha|94\/100|[from] drain|[of] p2a: Fastball\n|faint|p2a: Fastball\n|\n|-weather|none\n|-heal|p2b: Kingambit|42\/100|[from] Grassy Terrain\n|-heal|p1a: Sinistcha|100\/100|[from] Grassy Terrain\n|upkeep\n|-message|chang2121 forfeited.\n|\n|win|caixueying\n|raw|caixueying's rating: 1685 &rarr; <strong>1707<\/strong><br \/>(+22 for winning)\n|raw|chang2121's rating: 1717 &rarr; <strong>1695<\/strong><br \/>(-22 for losing)\n|l|\u2606chang2121\n|player|p2|\n|l|\u2606caixueying\n|player|p1|\n|l| readabooks\n|l| King of Clubs dks\n","uploadtime":1727333857,"views":16,"formatid":"gen9vgc2024regh","rating":1695,"private":0,"password":null}