{"id":"gen9vgc2024regh-2209693985","format":"[Gen 9] VGC 2024 Reg H","players":["nootellas","moon7777"],"log":"|j|\u2606nootellas\n|j|\u2606moon7777\n|t:|1727301166\n|gametype|doubles\n|player|p1|nootellas|iono|1700\n|player|p2|moon7777|170|1770\n|teamsize|p1|6\n|teamsize|p2|6\n|gen|9\n|tier|[Gen 9] VGC 2024 Reg H\n|rated|\n|rule|Species Clause: Limit one of each Pok\u00e9mon\n|rule|Item Clause: Limit 1 of each item\n|clearpoke\n|poke|p1|Goodra-Hisui, L50, F|\n|poke|p1|Zoroark-Hisui, L50, F|\n|poke|p1|Ninetales-Alola, L50, F|\n|poke|p1|Sylveon, L50, M|\n|poke|p1|Incineroar, L50, F|\n|poke|p1|Garchomp, L50, M|\n|poke|p2|Ursaluna-Bloodmoon, L50, M|\n|poke|p2|Electabuzz, L50, F|\n|poke|p2|Basculegion, L50, M|\n|poke|p2|Rillaboom, L50, F|\n|poke|p2|Sneasler, L50, M|\n|poke|p2|Comfey, L50, F|\n|teampreview|4\n|inactive|Battle timer is ON: inactive players will automatically lose when time's up. (requested by moon7777)\n|\n|t:|1727301227\n|start\n|switch|p1a: Garchomp|Garchomp, L50, M, shiny|100\/100\n|switch|p1b: konata izumi|Ninetales-Alola, L50, F, shiny|100\/100\n|switch|p2a: Ursaluna|Ursaluna-Bloodmoon, L50, M|100\/100\n|switch|p2b: Rillaboom|Rillaboom, L50, F|100\/100\n|-weather|Snow|[from] ability: Snow Warning|[of] p1b: konata izumi\n|-fieldstart|move: Grassy Terrain|[from] ability: Grassy Surge|[of] p2b: Rillaboom\n|-enditem|p2a: Ursaluna|Grassy Seed\n|-boost|p2a: Ursaluna|def|1|[from] item: Grassy Seed\n|turn|1\n|j| mookystank\n|l| mookystank\n|inactive|moon7777 has 30 seconds left.\n|\n|t:|1727301254\n|move|p2b: Rillaboom|Fake Out|p1b: konata izumi\n|-damage|p1b: konata izumi|88\/100\n|cant|p1b: konata izumi|flinch\n|move|p1a: Garchomp|Hyper Beam|p2a: Ursaluna\n|-damage|p2a: Ursaluna|0 fnt\n|-mustrecharge|p1a: Garchomp\n|faint|p2a: Ursaluna\n|\n|-weather|Snow|[upkeep]\n|-heal|p1b: konata izumi|94\/100|[from] Grassy Terrain\n|upkeep\n|\n|t:|1727301266\n|switch|p2a: Sneasler|Sneasler, L50, M|100\/100\n|turn|2\n|\n|t:|1727301277\n|-terastallize|p2a: Sneasler|Stellar\n|move|p1b: konata izumi|Encore|p2b: Rillaboom\n|-start|p2b: Rillaboom|Encore\n|move|p2a: Sneasler|Dire Claw|p1b: konata izumi\n|-supereffective|p1b: konata izumi\n|-damage|p1b: konata izumi|0 fnt\n|faint|p1b: konata izumi\n|cant|p1a: Garchomp|recharge\n|move|p2b: Rillaboom|Fake Out||[still]\n|-hint|Fake Out only works on your first turn out.\n|-fail|p2b: Rillaboom\n|\n|-weather|Snow|[upkeep]\n|upkeep\n|\n|t:|1727301294\n|switch|p1b: gonathan g|Incineroar, L50, F, shiny|100\/100\n|-ability|p1b: gonathan g|Intimidate|boost\n|-unboost|p2a: Sneasler|atk|1\n|-unboost|p2b: Rillaboom|atk|1\n|turn|3\n|j| LyricSum\n|\n|t:|1727301311\n|switch|p1a: Garchomp|Garchomp, L50, M, shiny|100\/100\n|switch|p2b: Basculegion|Basculegion, L50, M|100\/100\n|move|p2a: Sneasler|Protect|p2a: Sneasler\n|-singleturn|p2a: Sneasler|Protect\n|move|p1b: gonathan g|Fake Out|p2a: Sneasler\n|-activate|p2a: Sneasler|move: Protect\n|\n|-weather|Snow|[upkeep]\n|upkeep\n|turn|4\n|j| Feitan 999\n|\n|t:|1727301334\n|switch|p2a: Rillaboom|Rillaboom, L50, F|100\/100\n|-terastallize|p1b: gonathan g|Ghost\n|move|p1a: Garchomp|Protect|p1a: Garchomp\n|-singleturn|p1a: Garchomp|Protect\n|move|p2b: Basculegion|Wave Crash|p1b: gonathan g\n|-damage|p1b: gonathan g|16\/100\n|-enditem|p1b: gonathan g|Sitrus Berry|[eat]\n|-heal|p1b: gonathan g|41\/100|[from] item: Sitrus Berry\n|-damage|p2b: Basculegion|72\/100|[from] Recoil\n|move|p1b: gonathan g|Parting Shot|p2a: Rillaboom\n|-unboost|p2a: Rillaboom|atk|1\n|-unboost|p2a: Rillaboom|spa|1\n|j| Therazer456\n|\n|t:|1727301345\n|switch|p1b: gonathan g|Incineroar, L50, F, shiny|100\/100|[from] Parting Shot\n|\n|-weather|Snow|[upkeep]\n|-heal|p2b: Basculegion|78\/100|[from] Grassy Terrain\n|upkeep\n|-start|p1b: gonathan g|typechange|Ghost|[silent]\n|turn|5\n|inactive|moon7777 has 30 seconds left.\n|l| LyricSum\n|\n|t:|1727301375\n|move|p2b: Basculegion|Wave Crash|p1b: gonathan g\n|-crit|p1b: gonathan g\n|-damage|p1b: gonathan g|0 fnt\n|replace|p1b: mofongo|Zoroark-Hisui, L50, F, shiny\n|-end|p1b: mofongo|Illusion\n|faint|p1b: mofongo\n|-damage|p2b: Basculegion|56\/100|[from] Recoil\n|move|p1a: Garchomp|Swords Dance|p1a: Garchomp\n|-boost|p1a: Garchomp|atk|2\n|move|p2a: Rillaboom|U-turn|p1a: Garchomp\n|-damage|p1a: Garchomp|85\/100\n|-damage|p2a: Rillaboom|88\/100|[from] ability: Rough Skin|[of] p1a: Garchomp\n|\n|t:|1727301387\n|switch|p2a: Sneasler|Sneasler, L50, M, tera:Stellar|100\/100|[from] U-turn\n|\n|-weather|none\n|-heal|p2b: Basculegion|62\/100|[from] Grassy Terrain\n|-heal|p1a: Garchomp|91\/100|[from] Grassy Terrain\n|-fieldend|move: Grassy Terrain\n|upkeep\n|\n|t:|1727301403\n|switch|p1b: gonathan g|Incineroar, L50, F, shiny, tera:Ghost|41\/100\n|-ability|p1b: gonathan g|Intimidate|boost\n|-unboost|p2a: Sneasler|atk|1\n|-unboost|p2b: Basculegion|atk|1\n|turn|6\n|\n|t:|1727301413\n|switch|p2a: Rillaboom|Rillaboom, L50, F|88\/100\n|-fieldstart|move: Grassy Terrain|[from] ability: Grassy Surge|[of] p2a: Rillaboom\n|move|p1b: gonathan g|Fake Out|p2a: Rillaboom\n|-damage|p2a: Rillaboom|77\/100\n|move|p2b: Basculegion|Wave Crash|p1b: gonathan g\n|-damage|p1b: gonathan g|0 fnt\n|faint|p1b: gonathan g\n|-damage|p2b: Basculegion|48\/100|[from] Recoil\n|move|p1a: Garchomp|Dragon Claw|p2b: Basculegion\n|-damage|p2b: Basculegion|0 fnt\n|faint|p2b: Basculegion\n|-damage|p1a: Garchomp|81\/100|[from] item: Life Orb\n|\n|-heal|p1a: Garchomp|87\/100|[from] Grassy Terrain\n|-heal|p2a: Rillaboom|83\/100|[from] Grassy Terrain\n|upkeep\n|\n|t:|1727301422\n|switch|p2b: Sneasler|Sneasler, L50, M, tera:Stellar|100\/100\n|turn|7\n|\n|t:|1727301434\n|move|p1a: Garchomp|Protect|p1a: Garchomp\n|-singleturn|p1a: Garchomp|Protect\n|move|p2a: Rillaboom|Fake Out|p1a: Garchomp\n|-activate|p1a: Garchomp|move: Protect\n|move|p2b: Sneasler|Close Combat|p1a: Garchomp\n|-activate|p1a: Garchomp|move: Protect\n|\n|-heal|p1a: Garchomp|93\/100|[from] Grassy Terrain\n|-heal|p2a: Rillaboom|88\/100|[from] Grassy Terrain\n|upkeep\n|turn|8\n|\n|t:|1727301444\n|move|p2a: Rillaboom|Grassy Glide|p1a: Garchomp\n|-damage|p1a: Garchomp|56\/100\n|-damage|p2a: Rillaboom|76\/100|[from] ability: Rough Skin|[of] p1a: Garchomp\n|move|p2b: Sneasler|Close Combat|p1a: Garchomp\n|-damage|p1a: Garchomp|0 fnt\n|-unboost|p2b: Sneasler|def|1\n|-unboost|p2b: Sneasler|spd|1\n|-damage|p2b: Sneasler|88\/100|[from] ability: Rough Skin|[of] p1a: Garchomp\n|faint|p1a: Garchomp\n|\n|win|moon7777\n|raw|nootellas's rating: 1700 &rarr; <strong>1684<\/strong><br \/>(-16 for losing)\n|raw|moon7777's rating: 1770 &rarr; <strong>1786<\/strong><br \/>(+16 for winning)\n|l|\u2606nootellas\n|player|p1|\n|j| zulrah bot\n|l| Feitan 999\n|l|\u2606moon7777\n|player|p2|\n|l| Therazer456\n","uploadtime":1727301612,"views":23,"formatid":"gen9vgc2024regh","rating":1684,"private":0,"password":null}