{"id":"gen9vgc2024regh-2209251322","format":"[Gen 9] VGC 2024 Reg H","players":["aires17","YoungJeffNBA"],"log":"|j|\u2606aires17\n|j|\u2606YoungJeffNBA\n|t:|1727258162\n|gametype|doubles\n|player|p1|aires17|richboy|1693\n|player|p2|YoungJeffNBA|101|1655\n|teamsize|p1|6\n|teamsize|p2|6\n|gen|9\n|tier|[Gen 9] VGC 2024 Reg H\n|rated|\n|rule|Species Clause: Limit one of each Pok\u00e9mon\n|rule|Item Clause: Limit 1 of each item\n|clearpoke\n|poke|p1|Indeedee, L50, M|\n|poke|p1|Sneasler, L50, M|\n|poke|p1|Torkoal, L50, M|\n|poke|p1|Lilligant-Hisui, L50, F|\n|poke|p1|Dragapult, L50, M|\n|poke|p1|Talonflame, L50, M|\n|poke|p2|Tyranitar, L50, M|\n|poke|p2|Lycanroc, L50, F|\n|poke|p2|Indeedee, L50, M|\n|poke|p2|Gastrodon-East, L50, M|\n|poke|p2|Annihilape, L50, M|\n|poke|p2|Gholdengo, L50|\n|teampreview|4\n|j| tare69\naires17 rejected open team sheets.\n|j| mr pogostick\n|\n|t:|1727258183\n|start\n|switch|p1a: Indeedee|Indeedee, L50, M|100\/100\n|switch|p1b: Sneasler|Sneasler, L50, M|100\/100\n|switch|p2a: Lycanroc|Lycanroc, L50, F|100\/100\n|switch|p2b: Indeedee|Indeedee, L50, M|100\/100\n|-fieldstart|move: Psychic Terrain|[from] ability: Psychic Surge|[of] p2b: Indeedee\n|-enditem|p1b: Sneasler|Psychic Seed\n|-boost|p1b: Sneasler|spd|1|[from] item: Psychic Seed\n|turn|1\n|l| mr pogostick\n|\n|t:|1727258204\n|move|p2a: Lycanroc|Protect|p2a: Lycanroc\n|-singleturn|p2a: Lycanroc|Protect\n|move|p1b: Sneasler|Dire Claw|p2a: Lycanroc\n|-activate|p2a: Lycanroc|move: Protect\n|move|p2b: Indeedee|Expanding Force|p1a: Indeedee|[spread] p1a,p1b\n|-resisted|p1a: Indeedee\n|-supereffective|p1b: Sneasler\n|-damage|p1a: Indeedee|62\/100\n|-damage|p1b: Sneasler|0 fnt\n|faint|p1b: Sneasler\n|move|p1a: Indeedee|Imprison|p1a: Indeedee\n|-start|p1a: Indeedee|move: Imprison\n|\n|upkeep\n|\n|t:|1727258218\n|switch|p1b: Lilligant|Lilligant-Hisui, L50, F|100\/100\n|turn|2\n|c|\u2606aires17|you scarfed or was that a speed tie?\n|\n|t:|1727258253\n|switch|p2b: Tyranitar|Tyranitar, L50, M|100\/100\n|-weather|Sandstorm|[from] ability: Sand Stream|[of] p2b: Tyranitar\n|move|p2a: Lycanroc|Rock Slide|p1a: Indeedee|[spread] p1a,p1b\n|-resisted|p1b: Lilligant\n|-damage|p1a: Indeedee|2\/100\n|-damage|p1b: Lilligant|78\/100\n|move|p1a: Indeedee|Expanding Force|p2b: Tyranitar|[spread] p2a\n|-immune|p2b: Tyranitar\n|-damage|p2a: Lycanroc|22\/100\n|-damage|p1a: Indeedee|0 fnt|[from] item: Life Orb\n|faint|p1a: Indeedee\n|move|p1b: Lilligant|Close Combat|p2b: Tyranitar\n|-supereffective|p2b: Tyranitar\n|-damage|p2b: Tyranitar|0 fnt\n|-unboost|p1b: Lilligant|def|1\n|-unboost|p1b: Lilligant|spd|1\n|faint|p2b: Tyranitar\n|\n|-weather|Sandstorm|[upkeep]\n|-damage|p1b: Lilligant|72\/100|[from] Sandstorm\n|upkeep\n|c|\u2606aires17|i should have tera\n|j| tanoob\n|\n|t:|1727258272\n|switch|p1a: Torkoal|Torkoal, L50, M|100\/100\n|switch|p2b: Gastrodon|Gastrodon-East, L50, M|100\/100\n|-weather|SunnyDay|[from] ability: Drought|[of] p1a: Torkoal\n|turn|3\n|c|\u2606YoungJeffNBA|No i am scarfed\n|\n|t:|1727258330\n|-terastallize|p2b: Gastrodon|Poison\n|move|p2a: Lycanroc|Protect|p2a: Lycanroc\n|-singleturn|p2a: Lycanroc|Protect\n|move|p1b: Lilligant|After You|p1a: Torkoal\n|-activate|p1a: Torkoal|move: After You\n|move|p1a: Torkoal|Earth Power|p2b: Gastrodon\n|-supereffective|p2b: Gastrodon\n|-damage|p2b: Gastrodon|28\/100\n|-unboost|p2b: Gastrodon|spd|1\n|move|p2b: Gastrodon|Earth Power|p1a: Torkoal\n|-supereffective|p1a: Torkoal\n|-damage|p1a: Torkoal|21\/100\n|\n|-weather|SunnyDay|[upkeep]\n|-heal|p2b: Gastrodon|35\/100|[from] item: Leftovers\n|upkeep\n|turn|4\n|c|\u2606aires17|god i called it right and still it isnt enough to win\n|c|\u2606aires17|gg\n|c|\u2606YoungJeffNBA|You played very good\n|\n|t:|1727258362\n|move|p1b: Lilligant|Leaf Blade|p2a: Lycanroc\n|-supereffective|p2a: Lycanroc\n|-crit|p2a: Lycanroc\n|-damage|p2a: Lycanroc|0 fnt\n|faint|p2a: Lycanroc\n|move|p2b: Gastrodon|Clear Smog|p1b: Lilligant\n|-supereffective|p1b: Lilligant\n|-damage|p1b: Lilligant|0 fnt\n|-clearboost|p1b: Lilligant\n|faint|p1b: Lilligant\n|move|p1a: Torkoal|Earth Power|p2b: Gastrodon\n|-supereffective|p2b: Gastrodon\n|-damage|p2b: Gastrodon|0 fnt\n|faint|p2b: Gastrodon\n|\n|-weather|SunnyDay|[upkeep]\n|upkeep\n|c|\u2606aires17|i had a terrible turn one\n|c|\u2606aires17|if i had just tera i would have been golden\n|l| tanoob\n|c|\u2606YoungJeffNBA|No you just didnt know the scarf\n|\n|t:|1727258391\n|switch|p2b: Indeedee|Indeedee, L50, M|100\/100\n|turn|5\n|c|\u2606aires17|i went all in and it was my downfall\n|c|\u2606YoungJeffNBA|In bo3 you know\n|c|\u2606aires17|true but even so\n|c|\u2606YoungJeffNBA|You had dark tera on sneasler?\n|c|\u2606aires17|if i had tera dark i would lose nothing and could have done everything else\n|\n|t:|1727258425\n|move|p2b: Indeedee|Expanding Force|p1a: Torkoal\n|-damage|p1a: Torkoal|0 fnt\n|faint|p1a: Torkoal\n|\n|win|YoungJeffNBA\n|raw|aires17's rating: 1693 &rarr; <strong>1671<\/strong><br \/>(-22 for losing)\n|raw|YoungJeffNBA's rating: 1655 &rarr; <strong>1677<\/strong><br \/>(+22 for winning)\n|c|\u2606aires17|yeah\n|c|\u2606aires17|i just thought my indeedee would be faster and i had imprison\n|c|\u2606YoungJeffNBA|Yeah with the tera you had won instantly\n|c|\u2606aires17|it was a gamble and a bad one\n|c|\u2606aires17|with no need\n|c|\u2606YoungJeffNBA|Gg bro\n|l|\u2606YoungJeffNBA\n|player|p2|\n|c|\u2606aires17|then i had to play with agressive prediction to get back in the game but not koing gastro was my loss\n|l|\u2606aires17\n|player|p1|\n|l| tare69\n","uploadtime":1727258476,"views":88,"formatid":"gen9vgc2024regh","rating":1671,"private":0,"password":null}