{"id":"gen9vgc2024regh-2209949339","format":"[Gen 9] VGC 2024 Reg H","players":["shulivgc","caixueying"],"log":"|j|\u2606shulivgc\n|j|\u2606caixueying\n|t:|1727335463\n|gametype|doubles\n|player|p1|shulivgc|#smogonxnpa2024draftee2|1756\n|player|p2|caixueying|beauty-gen4dp|1728\n|teamsize|p1|6\n|teamsize|p2|6\n|gen|9\n|tier|[Gen 9] VGC 2024 Reg H\n|rated|\n|rule|Species Clause: Limit one of each Pok\u00e9mon\n|rule|Item Clause: Limit 1 of each item\n|clearpoke\n|poke|p1|Vivillon-Fancy, L50, F|\n|poke|p1|Garchomp, L50, F|\n|poke|p1|Primarina, L50, M|\n|poke|p1|Gholdengo, L50|\n|poke|p1|Dragonite, L50, M|\n|poke|p1|Annihilape, L50, F|\n|poke|p2|Pelipper, L50, F|\n|poke|p2|Grimmsnarl, L50, M|\n|poke|p2|Archaludon, L50, F|\n|poke|p2|Sinistcha-Masterpiece, L50|\n|poke|p2|Murkrow, L50, F|\n|poke|p2|Basculegion, L50, M|\n|teampreview|4\n|inactive|Battle timer is ON: inactive players will automatically lose when time's up. (requested by caixueying)\n|inactive|shulivgc has 60 seconds left.\n|\n|t:|1727335494\n|start\n|switch|p1a: Vivillon|Vivillon-Fancy, L50, F|100\/100\n|switch|p1b: Gholdengo|Gholdengo, L50|100\/100\n|switch|p2a: Grimmsnarl|Grimmsnarl, L50, M|100\/100\n|switch|p2b: Pelipper|Pelipper, L50, F|100\/100\n|-weather|RainDance|[from] ability: Drizzle|[of] p2b: Pelipper\n|turn|1\n|\n|t:|1727335506\n|-terastallize|p2b: Pelipper|Water\n|move|p2a: Grimmsnarl|Thunder Wave|p1a: Vivillon|[miss]\n|-miss|p2a: Grimmsnarl|p1a: Vivillon\n|move|p1b: Gholdengo|Thunderbolt|p2b: Pelipper\n|-supereffective|p2b: Pelipper\n|-enditem|p2b: Pelipper|Focus Sash\n|-damage|p2b: Pelipper|1\/100\n|move|p1a: Vivillon|Sleep Powder|p2a: Grimmsnarl\n|-status|p2a: Grimmsnarl|slp|[from] move: Sleep Powder\n|move|p2b: Pelipper|Muddy Water|p1a: Vivillon|[spread] p1a,p1b\n|-enditem|p1a: Vivillon|Focus Sash\n|-damage|p1a: Vivillon|1\/100\n|-damage|p1b: Gholdengo|26\/100\n|-unboost|p1a: Vivillon|accuracy|1\n|\n|-weather|RainDance|[upkeep]\n|upkeep\n|turn|2\n|inactive|shulivgc has 30 seconds left.\n|\n|t:|1727335537\n|switch|p1a: Dragonite|Dragonite, L50, M|100\/100\n|switch|p2b: Archaludon|Archaludon, L50, F|100\/100\n|cant|p2a: Grimmsnarl|slp\n|move|p1b: Gholdengo|Thunderbolt|p2b: Archaludon\n|-resisted|p2b: Archaludon\n|-damage|p2b: Archaludon|89\/100\n|-ability|p2b: Archaludon|Stamina|boost\n|-boost|p2b: Archaludon|def|1\n|\n|-weather|RainDance|[upkeep]\n|upkeep\n|turn|3\n|j| hachiware\n|inactive|shulivgc has 30 seconds left.\n|\n|t:|1727335571\n|switch|p1a: Garchomp|Garchomp, L50, F|100\/100\n|cant|p2a: Grimmsnarl|slp\n|move|p1b: Gholdengo|Thunderbolt|p2a: Grimmsnarl\n|-damage|p2a: Grimmsnarl|69\/100 slp\n|move|p2b: Archaludon|Electro Shot||[still]\n|-prepare|p2b: Archaludon|Electro Shot\n|-boost|p2b: Archaludon|spa|1\n|-anim|p2b: Archaludon|Electro Shot|p1b: Gholdengo\n|-damage|p1b: Gholdengo|0 fnt\n|faint|p1b: Gholdengo\n|\n|-weather|RainDance|[upkeep]\n|upkeep\n|\n|t:|1727335582\n|switch|p1b: Vivillon|Vivillon-Fancy, L50, F|1\/100\n|turn|4\n|\n|t:|1727335603\n|-terastallize|p1a: Garchomp|Ground\n|cant|p2a: Grimmsnarl|slp\n|move|p1a: Garchomp|Earthquake|p2b: Archaludon|[spread] p2a,p2b\n|-immune|p1b: Vivillon\n|-supereffective|p2b: Archaludon\n|-damage|p2a: Grimmsnarl|0 fnt\n|-damage|p2b: Archaludon|26\/100\n|-ability|p2b: Archaludon|Stamina|boost\n|-boost|p2b: Archaludon|def|1\n|faint|p2a: Grimmsnarl\n|-damage|p1a: Garchomp|91\/100|[from] item: Life Orb\n|move|p1b: Vivillon|Sleep Powder|p2b: Archaludon\n|-status|p2b: Archaludon|slp|[from] move: Sleep Powder\n|cant|p2b: Archaludon|slp\n|\n|-weather|RainDance|[upkeep]\n|upkeep\n|\n|t:|1727335618\n|switch|p2a: Basculegion|Basculegion, L50, M|100\/100\n|turn|5\n|\n|t:|1727335626\n|move|p1a: Garchomp|Protect|p1a: Garchomp\n|-singleturn|p1a: Garchomp|Protect\n|move|p2a: Basculegion|Wave Crash|p1a: Garchomp\n|-activate|p1a: Garchomp|move: Protect\n|move|p1b: Vivillon|Sleep Powder|p2a: Basculegion\n|-status|p2a: Basculegion|slp|[from] move: Sleep Powder\n|-curestatus|p2b: Archaludon|slp|[msg]\n|move|p2b: Archaludon|Electro Shot||[still]\n|-prepare|p2b: Archaludon|Electro Shot\n|-boost|p2b: Archaludon|spa|1\n|-anim|p2b: Archaludon|Electro Shot|p1b: Vivillon\n|-supereffective|p1b: Vivillon\n|-damage|p1b: Vivillon|0 fnt\n|faint|p1b: Vivillon\n|\n|-weather|none\n|upkeep\n|\n|t:|1727335632\n|switch|p1b: Dragonite|Dragonite, L50, M|100\/100\n|turn|6\n|j| Littttle_Child\n|l| hachiware\n|\n|t:|1727335649\n|switch|p2a: Pelipper|Pelipper, L50, F, tera:Water|1\/100\n|-weather|RainDance|[from] ability: Drizzle|[of] p2a: Pelipper\n|move|p1a: Garchomp|Earthquake|p2b: Archaludon|[spread] p2a,p2b\n|-immune|p1b: Dragonite\n|-supereffective|p2b: Archaludon\n|-damage|p2a: Pelipper|0 fnt\n|-damage|p2b: Archaludon|0 fnt\n|faint|p2a: Pelipper\n|faint|p2b: Archaludon\n|-damage|p1a: Garchomp|81\/100|[from] item: Life Orb\n|move|p1b: Dragonite|Scale Shot|p2: Pelipper|[notarget]\n|-fail|p1b: Dragonite\n|\n|-weather|RainDance|[upkeep]\n|upkeep\n|\n|t:|1727335663\n|switch|p2a: Basculegion|Basculegion, L50, M|100\/100 slp\n|turn|7\n|\n|t:|1727335668\n|cant|p2a: Basculegion|slp\n|move|p1a: Garchomp|Earthquake|p2a: Basculegion|[spread] p2a\n|-immune|p1b: Dragonite\n|-damage|p2a: Basculegion|17\/100 slp\n|-damage|p1a: Garchomp|71\/100|[from] item: Life Orb\n|move|p1b: Dragonite|Scale Shot|p2a: Basculegion\n|-damage|p2a: Basculegion|0 fnt\n|faint|p2a: Basculegion\n|-hitcount|p2: Basculegion|1\n|\n|win|shulivgc\n|raw|shulivgc's rating: 1756 &rarr; <strong>1774<\/strong><br \/>(+18 for winning)\n|raw|caixueying's rating: 1728 &rarr; <strong>1710<\/strong><br \/>(-18 for losing)\n|l|\u2606caixueying\n|player|p2|\n|l|\u2606shulivgc\n|player|p1|\n|l| Littttle_Child\n","uploadtime":1727335928,"views":119,"formatid":"gen9vgc2024regh","rating":1710,"private":0,"password":null}