{"id":"gen9vgc2024regh-2209037075","format":"[Gen 9] VGC 2024 Reg H","players":["googer315","Zordor"],"log":"|j|\u2606googer315\n|j|\u2606Zordor\n|t:|1727226063\n|gametype|doubles\n|player|p1|googer315|170|1691\n|player|p2|Zordor|pilot|1690\n|teamsize|p1|6\n|teamsize|p2|6\n|gen|9\n|tier|[Gen 9] VGC 2024 Reg H\n|rated|\n|rule|Species Clause: Limit one of each Pok\u00e9mon\n|rule|Item Clause: Limit 1 of each item\n|clearpoke\n|poke|p1|Tyranitar, L50, F|\n|poke|p1|Amoonguss, L50, F|\n|poke|p1|Incineroar, L50, M|\n|poke|p1|Gholdengo, L50|\n|poke|p1|Porygon2, L50|\n|poke|p1|Ursaluna, L50, M|\n|poke|p2|Rotom-Wash, L50|\n|poke|p2|Sneasler, L50, M|\n|poke|p2|Kingambit, L50, F|\n|poke|p2|Venusaur, L50, M|\n|poke|p2|Armarouge, L50, M|\n|poke|p2|Dragapult, L50, M|\n|teampreview|4\n|inactive|Battle timer is ON: inactive players will automatically lose when time's up. (requested by googer315)\n|inactive|Zordor has 60 seconds left.\n|inactive|Zordor has 30 seconds left.\n|inactive|Zordor has 20 seconds left.\n|inactive|Zordor has 15 seconds left.\n|inactive|Zordor has 10 seconds left.\n|\n|t:|1727226154\n|start\n|switch|p1a: Porygon2|Porygon2, L50|100\/100\n|switch|p1b: Tyranitar|Tyranitar, L50, F|100\/100\n|switch|p2a: Sneasler|Sneasler, L50, M|100\/100\n|switch|p2b: Armarouge|Armarouge, L50, M|100\/100\n|-weather|Sandstorm|[from] ability: Sand Stream|[of] p1b: Tyranitar\n|-ability|p1a: Porygon2|Download|boost\n|-boost|p1a: Porygon2|atk|1\n|turn|1\n|inactive|googer315 has 30 seconds left.\n|inactive|Zordor has 30 seconds left.\n|inactive|googer315 has 20 seconds left.\n|inactive|googer315 has 15 seconds left.\n|inactive|googer315 has 10 seconds left.\n|inactive|googer315 has 5 seconds left.\n|\n|t:|1727226206\n|-terastallize|p1b: Tyranitar|Flying\n|move|p2a: Sneasler|Close Combat|p1a: Porygon2\n|-supereffective|p1a: Porygon2\n|-damage|p1a: Porygon2|25\/100\n|-unboost|p2a: Sneasler|def|1\n|-unboost|p2a: Sneasler|spd|1\n|move|p2b: Armarouge|Psychic|p1a: Porygon2\n|-crit|p1a: Porygon2\n|-damage|p1a: Porygon2|0 fnt\n|faint|p1a: Porygon2\n|move|p1b: Tyranitar|Tera Blast|p2a: Sneasler|[anim] Tera Blast Flying\n|-supereffective|p2a: Sneasler\n|-enditem|p2a: Sneasler|Focus Sash\n|-damage|p2a: Sneasler|1\/100\n|\n|-weather|Sandstorm|[upkeep]\n|-damage|p2a: Sneasler|0 fnt|[from] Sandstorm\n|-damage|p2b: Armarouge|94\/100|[from] Sandstorm\n|-damage|p1b: Tyranitar|95\/100|[from] Sandstorm\n|faint|p2a: Sneasler\n|upkeep\n|\n|t:|1727226226\n|switch|p2a: Kingambit|Kingambit, L50, F|100\/100\n|switch|p1a: Ursaluna|Ursaluna, L50, M|100\/100\n|turn|2\n|\n|t:|1727226241\n|-terastallize|p2a: Kingambit|Fairy\n|move|p2b: Armarouge|Psychic|p1b: Tyranitar\n|-damage|p1b: Tyranitar|68\/100\n|move|p2a: Kingambit|Iron Head|p1b: Tyranitar\n|-damage|p1b: Tyranitar|33\/100\n|cant|p1b: Tyranitar|flinch\n|move|p1a: Ursaluna|Headlong Rush|p2b: Armarouge\n|-supereffective|p2b: Armarouge\n|-damage|p2b: Armarouge|0 fnt\n|-unboost|p1a: Ursaluna|def|1\n|-unboost|p1a: Ursaluna|spd|1\n|faint|p2b: Armarouge\n|\n|-weather|Sandstorm|[upkeep]\n|-damage|p1b: Tyranitar|27\/100|[from] Sandstorm\n|-status|p1a: Ursaluna|brn|[from] item: Flame Orb\n|upkeep\n|\n|t:|1727226249\n|switch|p2b: Venusaur|Venusaur, L50, M|100\/100\n|turn|3\n|\n|t:|1727226266\n|switch|p1a: Amoonguss|Amoonguss, L50, F|100\/100\n|move|p2b: Venusaur|Giga Drain|p1a: Amoonguss\n|-resisted|p1a: Amoonguss\n|-damage|p1a: Amoonguss|93\/100\n|move|p2a: Kingambit|Iron Head|p1b: Tyranitar\n|-damage|p1b: Tyranitar|0 fnt\n|faint|p1b: Tyranitar\n|\n|-weather|Sandstorm|[upkeep]\n|-damage|p2b: Venusaur|94\/100|[from] Sandstorm\n|-damage|p1a: Amoonguss|87\/100|[from] Sandstorm\n|-heal|p2b: Venusaur|100\/100|[from] item: Leftovers\n|upkeep\n|\n|t:|1727226277\n|switch|p1b: Ursaluna|Ursaluna, L50, M|100\/100 brn\n|turn|4\n|\n|t:|1727226286\n|move|p2b: Venusaur|Protect|p2b: Venusaur\n|-singleturn|p2b: Venusaur|Protect\n|move|p2a: Kingambit|Protect|p2a: Kingambit\n|-singleturn|p2a: Kingambit|Protect\n|move|p1b: Ursaluna|Protect|p1b: Ursaluna\n|-singleturn|p1b: Ursaluna|Protect\n|move|p1a: Amoonguss|Spore|p2a: Kingambit\n|-activate|p2a: Kingambit|move: Protect\n|\n|-weather|Sandstorm|[upkeep]\n|-damage|p2b: Venusaur|94\/100|[from] Sandstorm\n|-damage|p1a: Amoonguss|81\/100|[from] Sandstorm\n|-heal|p2b: Venusaur|100\/100|[from] item: Leftovers\n|-damage|p1b: Ursaluna|95\/100 brn|[from] brn\n|upkeep\n|turn|5\n|\n|t:|1727226303\n|move|p2b: Venusaur|Giga Drain|p1b: Ursaluna\n|-supereffective|p1b: Ursaluna\n|-damage|p1b: Ursaluna|43\/100 brn\n|move|p2a: Kingambit|Kowtow Cleave|p1b: Ursaluna\n|-damage|p1b: Ursaluna|9\/100 brn\n|move|p1a: Amoonguss|Spore|p2a: Kingambit\n|-activate|p2a: Kingambit|item: Safety Goggles|Spore\n|move|p1b: Ursaluna|Facade|p2b: Venusaur\n|-damage|p2b: Venusaur|0 fnt\n|faint|p2b: Venusaur\n|\n|-weather|none\n|-damage|p1b: Ursaluna|3\/100 brn|[from] brn\n|upkeep\n|turn|6\n|\n|t:|1727226321\n|move|p2a: Kingambit|Kowtow Cleave|p1b: Ursaluna\n|-damage|p1b: Ursaluna|0 fnt\n|faint|p1b: Ursaluna\n|move|p1a: Amoonguss|Clear Smog|p2a: Kingambit\n|-supereffective|p2a: Kingambit\n|-damage|p2a: Kingambit|67\/100\n|-clearboost|p2a: Kingambit\n|\n|upkeep\n|turn|7\n|\n|t:|1727226330\n|move|p2a: Kingambit|Iron Head|p1a: Amoonguss\n|-damage|p1a: Amoonguss|46\/100\n|-enditem|p1a: Amoonguss|Sitrus Berry|[eat]\n|-heal|p1a: Amoonguss|70\/100|[from] item: Sitrus Berry\n|move|p1a: Amoonguss|Clear Smog|p2a: Kingambit\n|-supereffective|p2a: Kingambit\n|-damage|p2a: Kingambit|32\/100\n|-clearboost|p2a: Kingambit\n|\n|upkeep\n|turn|8\n|\n|t:|1727226339\n|move|p2a: Kingambit|Iron Head|p1a: Amoonguss\n|-damage|p1a: Amoonguss|36\/100\n|move|p1a: Amoonguss|Clear Smog|p2a: Kingambit\n|-supereffective|p2a: Kingambit\n|-damage|p2a: Kingambit|2\/100\n|-clearboost|p2a: Kingambit\n|\n|upkeep\n|turn|9\n|\n|t:|1727226347\n|move|p2a: Kingambit|Kowtow Cleave|p1a: Amoonguss\n|-damage|p1a: Amoonguss|0 fnt\n|faint|p1a: Amoonguss\n|\n|win|Zordor\n|raw|googer315's rating: 1691 &rarr; <strong>1671<\/strong><br \/>(-20 for losing)\n|raw|Zordor's rating: 1690 &rarr; <strong>1710<\/strong><br \/>(+20 for winning)\n|l|\u2606Zordor\n|player|p2|\n|l|\u2606googer315\n|player|p1|\n","uploadtime":1727226617,"views":37,"formatid":"gen9vgc2024regh","rating":1671,"private":0,"password":null}