{"id":"gen9vgc2024regh-2209430688","format":"[Gen 9] VGC 2024 Reg H","players":["htotoT","ren122333"],"log":"|j|\u2606htotoT\n|j|\u2606ren122333\n|t:|1727277679\n|gametype|doubles\n|player|p1|htotoT|101|1655\n|player|p2|ren122333|hilbert|1805\n|teamsize|p1|6\n|teamsize|p2|6\n|gen|9\n|tier|[Gen 9] VGC 2024 Reg H\n|rated|\n|rule|Species Clause: Limit one of each Pok\u00e9mon\n|rule|Item Clause: Limit 1 of each item\n|clearpoke\n|poke|p1|Amoonguss, L50, F|\n|poke|p1|Gholdengo, L50|\n|poke|p1|Murkrow, L50, M|\n|poke|p1|Pelipper, L50, M|\n|poke|p1|Archaludon, L50, M|\n|poke|p1|Basculegion, L50, M|\n|poke|p2|Whimsicott, L50, F|\n|poke|p2|Mamoswine, L50, M|\n|poke|p2|Lycanroc-Dusk, L50, F|\n|poke|p2|Typhlosion-Hisui, L50, F|\n|poke|p2|Farigiraf, L50, M|\n|poke|p2|Mienshao, L50, F|\n|teampreview|4\n|j| timber1313\n|l|\u2606htotoT\n|player|p1|\n|inactive|Battle timer is ON: inactive players will automatically lose when time's up. (requested by ren122333)\n|j|\u2606htotoT\n|inactive|htotoT reconnected and has 90 seconds left.\n|player|p1|htotoT|101|\n|inactive|htotoT also wants the timer to be on.\n|inactive|htotoT has 60 seconds left.\n|l|\u2606htotoT\n|inactive|htotoT disconnected and has a minute to reconnect!\n|player|p1|\n|j|\u2606htotoT\n|inactive|htotoT reconnected and has 50 seconds left.\n|player|p1|htotoT|101|\n|\n|t:|1727277786\n|start\n|switch|p1a: Gholdengo|Gholdengo, L50|100\/100\n|switch|p1b: Murkrow|Murkrow, L50, M|100\/100\n|switch|p2a: Whimsicott|Whimsicott, L50, F|100\/100\n|switch|p2b: Lycanroc|Lycanroc-Dusk, L50, F|100\/100\n|turn|1\n|\n|t:|1727277796\n|-terastallize|p2b: Lycanroc|Dark\n|-terastallize|p1a: Gholdengo|Steel\n|move|p2a: Whimsicott|Tailwind|p2a: Whimsicott\n|-sidestart|p2: ren122333|move: Tailwind\n|move|p2b: Lycanroc|Throat Chop|p1a: Gholdengo\n|-damage|p1a: Gholdengo|44\/100\n|-start|p1a: Gholdengo|Throat Chop|[silent]\n|move|p1a: Gholdengo|Make It Rain|p2a: Whimsicott|[spread] p2a,p2b\n|-supereffective|p2a: Whimsicott\n|-damage|p2a: Whimsicott|0 fnt\n|-enditem|p2b: Lycanroc|Focus Sash\n|-damage|p2b: Lycanroc|1\/100\n|-unboost|p1a: Gholdengo|spa|1\n|faint|p2a: Whimsicott\n|move|p1b: Murkrow|Foul Play|p2b: Lycanroc\n|-resisted|p2b: Lycanroc\n|-damage|p2b: Lycanroc|0 fnt\n|faint|p2b: Lycanroc\n|\n|upkeep\n|\n|t:|1727277807\n|switch|p2a: Mienshao|Mienshao, L50, F|100\/100\n|switch|p2b: Typhlosion|Typhlosion-Hisui, L50, F|100\/100\n|-item|p1a: Gholdengo|Choice Specs|[from] ability: Frisk|[of] p2b: Typhlosion\n|-item|p1b: Murkrow|Eviolite|[from] ability: Frisk|[of] p2b: Typhlosion\n|turn|2\n|\n|t:|1727277815\n|switch|p1a: Pelipper|Pelipper, L50, M|100\/100\n|-weather|RainDance|[from] ability: Drizzle|[of] p1a: Pelipper\n|move|p1b: Murkrow|Tailwind|p1b: Murkrow\n|-sidestart|p1: htotoT|move: Tailwind\n|move|p2a: Mienshao|Close Combat|p1b: Murkrow\n|-damage|p1b: Murkrow|0 fnt\n|-unboost|p2a: Mienshao|def|1\n|-unboost|p2a: Mienshao|spd|1\n|faint|p1b: Murkrow\n|-damage|p2a: Mienshao|90\/100|[from] item: Life Orb\n|move|p2b: Typhlosion|Eruption|p1a: Pelipper\n|-resisted|p1a: Pelipper\n|-damage|p1a: Pelipper|53\/100\n|\n|-weather|RainDance|[upkeep]\n|upkeep\n|\n|t:|1727277834\n|switch|p1b: Gholdengo|Gholdengo, L50, tera:Steel|44\/100\n|turn|3\n|\n|t:|1727277841\n|move|p2a: Mienshao|Close Combat|p1b: Gholdengo\n|-supereffective|p1b: Gholdengo\n|-damage|p1b: Gholdengo|0 fnt\n|-unboost|p2a: Mienshao|def|1\n|-unboost|p2a: Mienshao|spd|1\n|faint|p1b: Gholdengo\n|-damage|p2a: Mienshao|80\/100|[from] item: Life Orb\n|move|p2b: Typhlosion|Eruption|p1a: Pelipper\n|-resisted|p1a: Pelipper\n|-damage|p1a: Pelipper|3\/100\n|move|p1a: Pelipper|Hurricane|p2a: Mienshao\n|-supereffective|p2a: Mienshao\n|-damage|p2a: Mienshao|0 fnt\n|faint|p2a: Mienshao\n|\n|-weather|RainDance|[upkeep]\n|upkeep\n|\n|t:|1727277845\n|switch|p1b: Archaludon|Archaludon, L50, M|100\/100\n|turn|4\n|\n|t:|1727277854\n|move|p1a: Pelipper|Protect|p1a: Pelipper\n|-singleturn|p1a: Pelipper|Protect\n|move|p2b: Typhlosion|Eruption|p1b: Archaludon|[spread] p1b\n|-activate|p1a: Pelipper|move: Protect\n|-damage|p1b: Archaludon|60\/100\n|-ability|p1b: Archaludon|Stamina|boost\n|-boost|p1b: Archaludon|def|1\n|move|p1b: Archaludon|Electro Shot||[still]\n|-prepare|p1b: Archaludon|Electro Shot\n|-boost|p1b: Archaludon|spa|1\n|-anim|p1b: Archaludon|Electro Shot|p2b: Typhlosion\n|-damage|p2b: Typhlosion|17\/100\n|\n|-weather|RainDance|[upkeep]\n|-sideend|p2: ren122333|move: Tailwind\n|upkeep\n|turn|5\n|-message|ren122333 forfeited.\n|\n|win|htotoT\n|raw|htotoT's rating: 1655 &rarr; <strong>1683<\/strong><br \/>(+28 for winning)\n|raw|ren122333's rating: 1805 &rarr; <strong>1777<\/strong><br \/>(-28 for losing)\n|l|\u2606ren122333\n|player|p2|\n|l|\u2606htotoT\n|player|p1|\n","uploadtime":1727278062,"views":21,"formatid":"gen9vgc2024regh","rating":1683,"private":0,"password":null}