{"id":"gen9vgc2024regh-2209038069","format":"[Gen 9] VGC 2024 Reg H","players":["mattun","speedyturtle87"],"log":"|j|\u2606mattun\n|j|\u2606speedyturtle87\n|t:|1727226175\n|gametype|doubles\n|player|p1|mattun|170|1690\n|player|p2|speedyturtle87|carmine|1672\n|teamsize|p1|6\n|teamsize|p2|6\n|gen|9\n|tier|[Gen 9] VGC 2024 Reg H\n|rated|\n|rule|Species Clause: Limit one of each Pok\u00e9mon\n|rule|Item Clause: Limit 1 of each item\n|clearpoke\n|poke|p1|Blastoise, L50, F|\n|poke|p1|Serperior, L50, M|\n|poke|p1|Sylveon, L50, M|\n|poke|p1|Indeedee, L50, M|\n|poke|p1|Gallade, L50, M|\n|poke|p1|Drifblim, L50, F|\n|poke|p2|Magnezone, L50|\n|poke|p2|Flamigo, L50, M|\n|poke|p2|Sneasler, L50, M|\n|poke|p2|Glimmora, L50, F|\n|poke|p2|Volbeat, L50, M|\n|poke|p2|Primarina, L50, F|\n|teampreview|4\n|inactive|Battle timer is ON: inactive players will automatically lose when time's up. (requested by speedyturtle87)\n|\n|t:|1727226199\n|start\n|switch|p1a: Blastoise|Blastoise, L50, F|100\/100\n|switch|p1b: Serperior|Serperior, L50, M|100\/100\n|switch|p2a: Volbeat|Volbeat, L50, M|100\/100\n|switch|p2b: Sneasler|Sneasler, L50, M|100\/100\n|turn|1\n|\n|t:|1727226216\n|move|p1a: Blastoise|Fake Out|p2b: Sneasler\n|-damage|p2b: Sneasler|88\/100\n|move|p2a: Volbeat|Tailwind|p2a: Volbeat\n|-sidestart|p2: speedyturtle87|move: Tailwind\n|cant|p2b: Sneasler|flinch\n|move|p1b: Serperior|Leaf Storm|p2b: Sneasler\n|-resisted|p2b: Sneasler\n|-damage|p2b: Sneasler|57\/100\n|-boost|p1b: Serperior|spa|2\n|\n|upkeep\n|turn|2\n|\n|t:|1727226233\n|move|p2a: Volbeat|Encore|p1a: Blastoise\n|-start|p1a: Blastoise|Encore\n|move|p2b: Sneasler|Dire Claw|p1b: Serperior\n|-supereffective|p1b: Serperior\n|-damage|p1b: Serperior|0 fnt\n|faint|p1b: Serperior\n|move|p1a: Blastoise|Fake Out||[still]\n|-hint|Fake Out only works on your first turn out.\n|-fail|p1a: Blastoise\n|\n|upkeep\n|\n|t:|1727226238\n|switch|p1b: Indeedee|Indeedee, L50, M|100\/100\n|-fieldstart|move: Psychic Terrain|[from] ability: Psychic Surge|[of] p1b: Indeedee\n|turn|3\n|\n|t:|1727226247\n|switch|p1a: Gallade|Gallade, L50, M|100\/100\n|-terastallize|p2b: Sneasler|Dark\n|move|p2b: Sneasler|Throat Chop|p1b: Indeedee\n|-supereffective|p1b: Indeedee\n|-enditem|p1b: Indeedee|Focus Sash\n|-damage|p1b: Indeedee|1\/100\n|-start|p1b: Indeedee|Throat Chop|[silent]\n|move|p2a: Volbeat|U-turn|p1b: Indeedee\n|-supereffective|p1b: Indeedee\n|-damage|p1b: Indeedee|0 fnt\n|faint|p1b: Indeedee\n|\n|t:|1727226255\n|switch|p2a: Magnezone|Magnezone, L50|100\/100|[from] U-turn\n|\n|upkeep\n|\n|t:|1727226259\n|switch|p1b: Blastoise|Blastoise, L50, F|100\/100\n|turn|4\n|\n|t:|1727226266\n|move|p2b: Sneasler|Dire Claw|p1a: Gallade\n|-damage|p1a: Gallade|25\/100\n|move|p2a: Magnezone|Volt Switch|p1a: Gallade\n|-damage|p1a: Gallade|0 fnt\n|faint|p1a: Gallade\n|\n|t:|1727226271\n|switch|p2a: Volbeat|Volbeat, L50, M|100\/100|[from] Volt Switch\n|move|p1b: Blastoise|Water Pledge|p2b: Sneasler\n|-damage|p2b: Sneasler|0 fnt\n|faint|p2b: Sneasler\n|\n|-sideend|p2: speedyturtle87|move: Tailwind\n|upkeep\n|\n|t:|1727226275\n|switch|p2b: Magnezone|Magnezone, L50|100\/100\n|turn|5\n|-message|mattun forfeited.\n|\n|win|speedyturtle87\n|raw|mattun's rating: 1690 &rarr; <strong>1669<\/strong><br \/>(-21 for losing)\n|raw|speedyturtle87's rating: 1672 &rarr; <strong>1693<\/strong><br \/>(+21 for winning)\n|l|\u2606mattun\n|player|p1|\n|l|\u2606speedyturtle87\n|player|p2|\n","uploadtime":1727226477,"views":35,"formatid":"gen9vgc2024regh","rating":1669,"private":0,"password":null}