{"id":"gen9vgc2024regh-2209743951","format":"[Gen 9] VGC 2024 Reg H","players":["Strangrdangr","Super Crist"],"log":"|j|\u2606Strangrdangr\n|j|\u203dSuper Crist\n|t:|1727306869\n|gametype|doubles\n|player|p1|Strangrdangr|170|1711\n|player|p2|Super Crist|sabrina|1699\n|teamsize|p1|6\n|teamsize|p2|6\n|gen|9\n|tier|[Gen 9] VGC 2024 Reg H\n|rated|\n|rule|Species Clause: Limit one of each Pok\u00e9mon\n|rule|Item Clause: Limit 1 of each item\n|clearpoke\n|poke|p1|Breloom, L50, M|\n|poke|p1|Dragonite, L50, F|\n|poke|p1|Volcarona, L50, M|\n|poke|p1|Kingambit, L50, F|\n|poke|p1|Porygon2, L50|\n|poke|p1|Primarina, L50, F|\n|poke|p2|Tyranitar, L50, F|\n|poke|p2|Amoonguss, L50, F|\n|poke|p2|Incineroar, L50, M|\n|poke|p2|Gholdengo, L50|\n|poke|p2|Porygon2, L50|\n|poke|p2|Ursaluna, L50, M|\n|teampreview|4\n|inactive|Battle timer is ON: inactive players will automatically lose when time's up. (requested by Super Crist)\n|inactive|Strangrdangr has 60 seconds left.\n|inactive|Super Crist has 60 seconds left.\n|inactive|Super Crist has 30 seconds left.\n|inactive|Strangrdangr has 30 seconds left.\n|inactive|Super Crist has 20 seconds left.\n|inactive|Super Crist has 15 seconds left.\n|inactive|Super Crist has 10 seconds left.\n|\n|t:|1727306949\n|start\n|switch|p1a: Breloom|Breloom, L50, M|100\/100\n|switch|p1b: Volcarona|Volcarona, L50, M|100\/100\n|switch|p2a: Gholdengo|Gholdengo, L50, shiny|100\/100\n|switch|p2b: Tyranitar|Tyranitar, L50, F, shiny|100\/100\n|-weather|Sandstorm|[from] ability: Sand Stream|[of] p2b: Tyranitar\n|turn|1\n|inactive|Strangrdangr has 30 seconds left.\n|inactive|Super Crist has 30 seconds left.\n|inactive|Super Crist has 20 seconds left.\n|inactive|Super Crist has 15 seconds left.\n|l|\u203dSuper Crist\n|inactive|Super Crist disconnected and has a minute to reconnect!\n|player|p2|\n|inactive|Super Crist has 10 seconds left.\n|j|\u203dSuper Crist\n|inactive|Super Crist reconnected and has 10 seconds left.\n|player|p2|Super Crist|sabrina|\n|n|\u203dSuper Crist|supercrist\n|inactive|Super Crist has 5 seconds left.\n|\n|t:|1727307003\n|switch|p2b: Amoonguss|Amoonguss, L50, F, shiny|100\/100\n|-terastallize|p2a: Gholdengo|Dragon\n|move|p1b: Volcarona|Overheat|p2a: Gholdengo\n|-resisted|p2a: Gholdengo\n|-damage|p2a: Gholdengo|69\/100\n|-unboost|p1b: Volcarona|spa|2\n|move|p2a: Gholdengo|Nasty Plot|p2a: Gholdengo\n|-boost|p2a: Gholdengo|spa|2\n|move|p1a: Breloom|Spore|p2b: Amoonguss\n|-immune|p2b: Amoonguss\n|\n|-weather|Sandstorm|[upkeep]\n|-damage|p1b: Volcarona|94\/100|[from] Sandstorm\n|-damage|p2a: Gholdengo|63\/100|[from] Sandstorm\n|-damage|p1a: Breloom|95\/100|[from] Sandstorm\n|-damage|p2b: Amoonguss|95\/100|[from] Sandstorm\n|-heal|p2a: Gholdengo|69\/100|[from] item: Leftovers\n|upkeep\n|turn|2\n|j| moon7777\n|inactive|Strangrdangr has 30 seconds left.\n|\n|t:|1727307033\n|move|p1b: Volcarona|Overheat|p2b: Amoonguss\n|-supereffective|p2b: Amoonguss\n|-damage|p2b: Amoonguss|44\/100\n|-unboost|p1b: Volcarona|spa|2\n|-enditem|p2b: Amoonguss|Sitrus Berry|[eat]\n|-heal|p2b: Amoonguss|69\/100|[from] item: Sitrus Berry\n|move|p2a: Gholdengo|Make It Rain|p1a: Breloom|[spread] p1a,p1b\n|-resisted|p1b: Volcarona\n|-damage|p1a: Breloom|0 fnt\n|-damage|p1b: Volcarona|57\/100\n|-unboost|p2a: Gholdengo|spa|1\n|faint|p1a: Breloom\n|move|p2b: Amoonguss|Spore|p1b: Volcarona\n|-status|p1b: Volcarona|slp|[from] move: Spore\n|\n|-weather|Sandstorm|[upkeep]\n|-damage|p1b: Volcarona|50\/100 slp|[from] Sandstorm\n|-damage|p2a: Gholdengo|63\/100|[from] Sandstorm\n|-damage|p2b: Amoonguss|63\/100|[from] Sandstorm\n|-heal|p2a: Gholdengo|69\/100|[from] item: Leftovers\n|upkeep\n|\n|t:|1727307055\n|switch|p1a: Kingambit|Kingambit, L50, F|100\/100\n|turn|3\n|\n|t:|1727307070\n|move|p1a: Kingambit|Protect|p1a: Kingambit\n|-singleturn|p1a: Kingambit|Protect\n|cant|p1b: Volcarona|slp\n|move|p2a: Gholdengo|Nasty Plot|p2a: Gholdengo\n|-boost|p2a: Gholdengo|spa|2\n|move|p2b: Amoonguss|Spore|p1a: Kingambit\n|-activate|p1a: Kingambit|move: Protect\n|\n|-weather|Sandstorm|[upkeep]\n|-damage|p1b: Volcarona|44\/100 slp|[from] Sandstorm\n|-damage|p2a: Gholdengo|63\/100|[from] Sandstorm\n|-damage|p2b: Amoonguss|57\/100|[from] Sandstorm\n|-heal|p2a: Gholdengo|69\/100|[from] item: Leftovers\n|upkeep\n|turn|4\n|\n|t:|1727307091\n|cant|p1b: Volcarona|slp\n|move|p2a: Gholdengo|Make It Rain|p1b: Volcarona|[spread] p1a,p1b\n|-resisted|p1a: Kingambit\n|-resisted|p1b: Volcarona\n|-damage|p1a: Kingambit|52\/100\n|-damage|p1b: Volcarona|0 fnt\n|-unboost|p2a: Gholdengo|spa|1\n|faint|p1b: Volcarona\n|move|p1a: Kingambit|Kowtow Cleave|p2a: Gholdengo\n|-damage|p2a: Gholdengo|7\/100\n|move|p2b: Amoonguss|Spore|p1a: Kingambit\n|-status|p1a: Kingambit|slp|[from] move: Spore\n|\n|-weather|Sandstorm|[upkeep]\n|-damage|p2a: Gholdengo|1\/100|[from] Sandstorm\n|-damage|p2b: Amoonguss|51\/100|[from] Sandstorm\n|-heal|p2a: Gholdengo|7\/100|[from] item: Leftovers\n|upkeep\n|\n|t:|1727307110\n|switch|p1b: Primarina|Primarina, L50, F|100\/100\n|turn|5\n|\n|t:|1727307121\n|cant|p1a: Kingambit|slp\n|move|p2a: Gholdengo|Make It Rain|p1a: Kingambit|[spread] p1a,p1b\n|-resisted|p1a: Kingambit\n|-damage|p1a: Kingambit|8\/100 slp\n|-damage|p1b: Primarina|33\/100\n|-unboost|p2a: Gholdengo|spa|1\n|move|p1b: Primarina|Calm Mind|p1b: Primarina\n|-boost|p1b: Primarina|spa|1\n|-boost|p1b: Primarina|spd|1\n|move|p2b: Amoonguss|Spore|p1b: Primarina\n|-status|p1b: Primarina|slp|[from] move: Spore\n|\n|-weather|none\n|-heal|p2a: Gholdengo|13\/100|[from] item: Leftovers\n|-heal|p1b: Primarina|38\/100 slp|[from] item: Leftovers\n|upkeep\n|turn|6\n|\n|t:|1727307142\n|cant|p1b: Primarina|slp\n|move|p2b: Amoonguss|Rage Powder|p2b: Amoonguss\n|-singleturn|p2b: Amoonguss|move: Rage Powder\n|cant|p1a: Kingambit|slp\n|move|p2a: Gholdengo|Make It Rain|p1a: Kingambit|[spread] p1a,p1b\n|-resisted|p1a: Kingambit\n|-damage|p1a: Kingambit|0 fnt\n|-damage|p1b: Primarina|3\/100 slp\n|-unboost|p2a: Gholdengo|spa|1\n|faint|p1a: Kingambit\n|\n|-heal|p2a: Gholdengo|19\/100|[from] item: Leftovers\n|-heal|p1b: Primarina|9\/100 slp|[from] item: Leftovers\n|upkeep\n|turn|7\n|\n|t:|1727307162\n|cant|p1b: Primarina|slp\n|move|p2b: Amoonguss|Rage Powder|p2b: Amoonguss\n|-singleturn|p2b: Amoonguss|move: Rage Powder\n|move|p2a: Gholdengo|Make It Rain|p1b: Primarina\n|-damage|p1b: Primarina|0 fnt\n|-unboost|p2a: Gholdengo|spa|1\n|faint|p1b: Primarina\n|\n|win|Super Crist\n|raw|Strangrdangr's rating: 1711 &rarr; <strong>1690<\/strong><br \/>(-21 for losing)\n|raw|Super Crist's rating: 1699 &rarr; <strong>1720<\/strong><br \/>(+21 for winning)\n|l|\u203dSuper Crist\n|player|p2|\n|l|\u2606Strangrdangr\n|player|p1|\n","uploadtime":1727307309,"views":21,"formatid":"gen9vgc2024regh","rating":1690,"private":0,"password":null}