{"id":"gen9vgc2024regh-2209780339","format":"[Gen 9] VGC 2024 Reg H","players":["moon7777","chiitancrazymascot"],"log":"|j|\u2606moon7777\n|j|\u2606chiitancrazymascot\n|t:|1727311150\n|gametype|doubles\n|player|p1|moon7777|170|1761\n|player|p2|chiitancrazymascot|pokemaniac|1845\n|teamsize|p1|6\n|teamsize|p2|6\n|gen|9\n|tier|[Gen 9] VGC 2024 Reg H\n|rated|\n|rule|Species Clause: Limit one of each Pok\u00e9mon\n|rule|Item Clause: Limit 1 of each item\n|clearpoke\n|poke|p1|Ursaluna-Bloodmoon, L50, M|\n|poke|p1|Volcarona, L50, F|\n|poke|p1|Basculegion, L50, M|\n|poke|p1|Rillaboom, L50, M|\n|poke|p1|Sneasler, L50, M|\n|poke|p1|Comfey, L50, M|\n|poke|p2|Annihilape, L50, M|\n|poke|p2|Dondozo, L50, M|\n|poke|p2|Maushold-Four, L50|\n|poke|p2|Gholdengo, L50|\n|poke|p2|Whimsicott, L50, M|\n|poke|p2|Tatsugiri, L50, F|\n|teampreview|4\n|inactive|Battle timer is ON: inactive players will automatically lose when time's up. (requested by chiitancrazymascot)\n|inactive|moon7777 has 60 seconds left.\n|\n|t:|1727311191\n|start\n|switch|p1a: Basculegion|Basculegion, L50, M|100\/100\n|switch|p1b: Sneasler|Sneasler, L50, M|100\/100\n|switch|p2a: Maushold|Maushold-Four, L50|100\/100\n|switch|p2b: Annihilape|Annihilape, L50, M, shiny|100\/100\n|turn|1\n|\n|t:|1727311213\n|move|p1a: Basculegion|Flip Turn|p2a: Maushold\n|-damage|p2a: Maushold|41\/100\n|\n|t:|1727311219\n|switch|p1a: Ursaluna|Ursaluna-Bloodmoon, L50, M|100\/100|[from] Flip Turn\n|move|p2a: Maushold|Beat Up|p2b: Annihilape\n|-damage|p2b: Annihilape|99\/100\n|-damage|p2b: Annihilape|96\/100\n|-damage|p2b: Annihilape|94\/100\n|-damage|p2b: Annihilape|92\/100\n|-hitcount|p2b: Annihilape|4\n|move|p1b: Sneasler|Dire Claw|p2a: Maushold\n|-damage|p2a: Maushold|0 fnt\n|faint|p2a: Maushold\n|move|p2b: Annihilape|Rage Fist|p1a: Ursaluna\n|-immune|p1a: Ursaluna\n|\n|upkeep\n|\n|t:|1727311223\n|switch|p2a: Dondozo|Dondozo, L50, M, shiny|100\/100\n|turn|2\n|\n|t:|1727311239\n|switch|p2b: Tatsugiri|Tatsugiri, L50, F, shiny|100\/100\n|-activate|p2b: Tatsugiri|ability: Commander|[of] p2a: Dondozo\n|-boost|p2a: Dondozo|atk|2\n|-boost|p2a: Dondozo|spa|2\n|-boost|p2a: Dondozo|spe|2\n|-boost|p2a: Dondozo|def|2\n|-boost|p2a: Dondozo|spd|2\n|move|p1b: Sneasler|Protect|p1b: Sneasler\n|-singleturn|p1b: Sneasler|Protect\n|move|p1a: Ursaluna|Protect|p1a: Ursaluna\n|-singleturn|p1a: Ursaluna|Protect\n|move|p2a: Dondozo|Order Up|p1b: Sneasler\n|-activate|p1b: Sneasler|move: Protect\n|\n|upkeep\n|turn|3\n|\n|t:|1727311257\n|switch|p1a: Rillaboom|Rillaboom, L50, M|100\/100\n|-fieldstart|move: Grassy Terrain|[from] ability: Grassy Surge|[of] p1a: Rillaboom\n|move|p1b: Sneasler|Dire Claw|p2a: Dondozo\n|-damage|p2a: Dondozo|86\/100\n|-status|p2a: Dondozo|psn\n|move|p2a: Dondozo|Order Up|p1b: Sneasler\n|-damage|p1b: Sneasler|11\/100\n|-boost|p2a: Dondozo|atk|1\n|\n|-heal|p1b: Sneasler|17\/100|[from] Grassy Terrain\n|-heal|p2a: Dondozo|92\/100 psn|[from] Grassy Terrain\n|-heal|p2a: Dondozo|98\/100 psn|[from] item: Leftovers\n|-damage|p2a: Dondozo|86\/100 psn|[from] psn\n|upkeep\n|turn|4\n|inactive|moon7777 has 30 seconds left.\n|inactive|moon7777 has 20 seconds left.\n|\n|t:|1727311292\n|move|p2a: Dondozo|Protect|p2a: Dondozo\n|-singleturn|p2a: Dondozo|Protect\n|move|p1a: Rillaboom|Fake Out|p2a: Dondozo\n|-activate|p2a: Dondozo|move: Protect\n|move|p1b: Sneasler|Close Combat|p2a: Dondozo\n|-activate|p2a: Dondozo|move: Protect\n|\n|-heal|p1b: Sneasler|22\/100|[from] Grassy Terrain\n|-heal|p2a: Dondozo|92\/100 psn|[from] Grassy Terrain\n|-heal|p2a: Dondozo|98\/100 psn|[from] item: Leftovers\n|-damage|p2a: Dondozo|86\/100 psn|[from] psn\n|upkeep\n|turn|5\n|\n|t:|1727311304\n|-terastallize|p2a: Dondozo|Grass\n|move|p1b: Sneasler|Close Combat|p2a: Dondozo\n|-damage|p2a: Dondozo|63\/100 psn\n|-unboost|p1b: Sneasler|def|1\n|-unboost|p1b: Sneasler|spd|1\n|move|p2a: Dondozo|Order Up|p1b: Sneasler\n|-crit|p1b: Sneasler\n|-damage|p1b: Sneasler|0 fnt\n|faint|p1b: Sneasler\n|-boost|p2a: Dondozo|atk|1\n|move|p1a: Rillaboom|Wood Hammer|p2a: Dondozo\n|-resisted|p2a: Dondozo\n|-damage|p2a: Dondozo|50\/100 psn\n|-damage|p1a: Rillaboom|96\/100|[from] Recoil\n|\n|-heal|p2a: Dondozo|56\/100 psn|[from] Grassy Terrain\n|-heal|p2a: Dondozo|62\/100 psn|[from] item: Leftovers\n|-heal|p1a: Rillaboom|100\/100|[from] Grassy Terrain\n|-damage|p2a: Dondozo|50\/100 psn|[from] psn\n|upkeep\n|\n|t:|1727311312\n|switch|p1b: Basculegion|Basculegion, L50, M|100\/100\n|turn|6\n|\n|t:|1727311329\n|move|p1b: Basculegion|Flip Turn|p2a: Dondozo\n|-resisted|p2a: Dondozo\n|-damage|p2a: Dondozo|43\/100 psn\n|\n|t:|1727311332\n|switch|p1b: Ursaluna|Ursaluna-Bloodmoon, L50, M|100\/100|[from] Flip Turn\n|-enditem|p1b: Ursaluna|Grassy Seed\n|-boost|p1b: Ursaluna|def|1|[from] item: Grassy Seed\n|move|p2a: Dondozo|Tera Blast|p1b: Ursaluna|[anim] Tera Blast Grass\n|-supereffective|p1b: Ursaluna\n|-damage|p1b: Ursaluna|0 fnt\n|faint|p1b: Ursaluna\n|move|p1a: Rillaboom|U-turn|p2a: Dondozo\n|-supereffective|p2a: Dondozo\n|-damage|p2a: Dondozo|27\/100 psn\n|\n|t:|1727311342\n|switch|p1a: Basculegion|Basculegion, L50, M|100\/100|[from] U-turn\n|\n|-heal|p2a: Dondozo|33\/100 psn|[from] Grassy Terrain\n|-heal|p2a: Dondozo|39\/100 psn|[from] item: Leftovers\n|-damage|p2a: Dondozo|27\/100 psn|[from] psn\n|upkeep\n|\n|t:|1727311346\n|switch|p1b: Rillaboom|Rillaboom, L50, M|100\/100\n|turn|7\n|\n|t:|1727311359\n|move|p2a: Dondozo|Protect|p2a: Dondozo\n|-singleturn|p2a: Dondozo|Protect\n|move|p1a: Basculegion|Last Respects|p2a: Dondozo\n|-activate|p2a: Dondozo|move: Protect\n|move|p1b: Rillaboom|Wood Hammer|p2a: Dondozo\n|-activate|p2a: Dondozo|move: Protect\n|\n|-heal|p2a: Dondozo|33\/100 psn|[from] Grassy Terrain\n|-heal|p2a: Dondozo|39\/100 psn|[from] item: Leftovers\n|-damage|p2a: Dondozo|27\/100 psn|[from] psn\n|-fieldend|move: Grassy Terrain\n|upkeep\n|turn|8\n|\n|t:|1727311366\n|move|p1a: Basculegion|Last Respects|p2a: Dondozo\n|-damage|p2a: Dondozo|0 fnt\n|faint|p2a: Dondozo\n|move|p1b: Rillaboom|Wood Hammer|p2b: Tatsugiri\n|-damage|p2b: Tatsugiri|0 fnt\n|faint|p2b: Tatsugiri\n|-damage|p1b: Rillaboom|77\/100|[from] Recoil\n|\n|upkeep\n|\n|t:|1727311370\n|switch|p2b: Annihilape|Annihilape, L50, M, shiny|92\/100\n|turn|9\n|\n|t:|1727311379\n|move|p1a: Basculegion|Last Respects|p2b: Annihilape\n|-supereffective|p2b: Annihilape\n|-damage|p2b: Annihilape|0 fnt\n|faint|p2b: Annihilape\n|\n|win|moon7777\n|raw|moon7777's rating: 1761 &rarr; <strong>1786<\/strong><br \/>(+25 for winning)\n|raw|chiitancrazymascot's rating: 1845 &rarr; <strong>1820<\/strong><br \/>(-25 for losing)\n|l|\u2606chiitancrazymascot\n|player|p2|\n|l|\u2606moon7777\n|player|p1|\n","uploadtime":1727311578,"views":153,"formatid":"gen9vgc2024regh","rating":1786,"private":0,"password":null}