{"id":"gen9vgc2024regh-2209760420","format":"[Gen 9] VGC 2024 Reg H","players":["chiitancrazymascot","moon7777"],"log":"|j|\u2606chiitancrazymascot\n|j|\u2606moon7777\n|t:|1727308794\n|gametype|doubles\n|player|p1|chiitancrazymascot|pokemaniac|1841\n|player|p2|moon7777|170|1800\n|teamsize|p1|6\n|teamsize|p2|6\n|gen|9\n|tier|[Gen 9] VGC 2024 Reg H\n|rated|\n|rule|Species Clause: Limit one of each Pok\u00e9mon\n|rule|Item Clause: Limit 1 of each item\n|clearpoke\n|poke|p1|Annihilape, L50, M|\n|poke|p1|Dondozo, L50, F|\n|poke|p1|Maushold-Four, L50|\n|poke|p1|Gholdengo, L50|\n|poke|p1|Whimsicott, L50, F|\n|poke|p1|Tatsugiri, L50, M|\n|poke|p2|Ursaluna-Bloodmoon, L50, M|\n|poke|p2|Volcarona, L50, F|\n|poke|p2|Basculegion, L50, M|\n|poke|p2|Rillaboom, L50, M|\n|poke|p2|Sneasler, L50, F|\n|poke|p2|Comfey, L50, M|\n|teampreview|4\n|inactive|Battle timer is ON: inactive players will automatically lose when time's up. (requested by chiitancrazymascot)\n|inactive|moon7777 has 60 seconds left.\n|\n|t:|1727308841\n|start\n|switch|p1a: Maushold|Maushold-Four, L50|100\/100\n|switch|p1b: Annihilape|Annihilape, L50, M, shiny|100\/100\n|switch|p2a: Ursaluna|Ursaluna-Bloodmoon, L50, M|100\/100\n|switch|p2b: Rillaboom|Rillaboom, L50, M|100\/100\n|-fieldstart|move: Grassy Terrain|[from] ability: Grassy Surge|[of] p2b: Rillaboom\n|-enditem|p2a: Ursaluna|Grassy Seed\n|-boost|p2a: Ursaluna|def|1|[from] item: Grassy Seed\n|turn|1\n|inactive|chiitancrazymascot has 30 seconds left.\n|inactive|chiitancrazymascot has 20 seconds left.\n|\n|t:|1727308877\n|move|p1a: Maushold|Protect|p1a: Maushold\n|-singleturn|p1a: Maushold|Protect\n|move|p2a: Ursaluna|Protect|p2a: Ursaluna\n|-singleturn|p2a: Ursaluna|Protect\n|move|p1b: Annihilape|Bulk Up|p1b: Annihilape\n|-boost|p1b: Annihilape|atk|1\n|-boost|p1b: Annihilape|def|1\n|move|p2b: Rillaboom|Wood Hammer|p1a: Maushold\n|-activate|p1a: Maushold|move: Protect\n|\n|upkeep\n|turn|2\n|\n|t:|1727308892\n|move|p1a: Maushold|Beat Up|p1b: Annihilape\n|-damage|p1b: Annihilape|99\/100\n|-damage|p1b: Annihilape|97\/100\n|-damage|p1b: Annihilape|95\/100\n|-damage|p1b: Annihilape|94\/100\n|-hitcount|p1b: Annihilape|4\n|move|p1b: Annihilape|Rage Fist|p2b: Rillaboom\n|-damage|p2b: Rillaboom|0 fnt\n|faint|p2b: Rillaboom\n|move|p2a: Ursaluna|Calm Mind|p2a: Ursaluna\n|-boost|p2a: Ursaluna|spa|1\n|-boost|p2a: Ursaluna|spd|1\n|\n|-heal|p1b: Annihilape|100\/100|[from] Grassy Terrain\n|upkeep\n|\n|t:|1727308900\n|switch|p2b: Sneasler|Sneasler, L50, F|100\/100\n|turn|3\n|\n|t:|1727308924\n|move|p1a: Maushold|Beat Up|p2b: Sneasler\n|-resisted|p2b: Sneasler\n|-damage|p2b: Sneasler|99\/100\n|-resisted|p2b: Sneasler\n|-damage|p2b: Sneasler|96\/100\n|-resisted|p2b: Sneasler\n|-damage|p2b: Sneasler|93\/100\n|-resisted|p2b: Sneasler\n|-damage|p2b: Sneasler|92\/100\n|-hitcount|p2b: Sneasler|4\n|move|p2b: Sneasler|Close Combat|p1a: Maushold\n|-supereffective|p1a: Maushold\n|-enditem|p1a: Maushold|Focus Sash\n|-damage|p1a: Maushold|1\/100\n|-unboost|p2b: Sneasler|def|1\n|-unboost|p2b: Sneasler|spd|1\n|-status|p1a: Maushold|psn|[from] ability: Poison Touch|[of] p2b: Sneasler\n|move|p1b: Annihilape|Rage Fist|p2b: Sneasler\n|-damage|p2b: Sneasler|0 fnt\n|faint|p2b: Sneasler\n|move|p2a: Ursaluna|Hyper Voice|p1a: Maushold|[spread] p1a,p1b\n|-crit|p1b: Annihilape\n|-damage|p1a: Maushold|0 fnt\n|-damage|p1b: Annihilape|58\/100\n|faint|p1a: Maushold\n|\n|-heal|p1b: Annihilape|64\/100|[from] Grassy Terrain\n|upkeep\n|\n|t:|1727308945\n|switch|p1a: Dondozo|Dondozo, L50, F, shiny|100\/100\n|switch|p2b: Basculegion|Basculegion, L50, M|100\/100\n|turn|4\n|inactive|moon7777 has 30 seconds left.\n|\n|t:|1727308978\n|switch|p1b: Tatsugiri|Tatsugiri, L50, M, shiny|100\/100\n|-activate|p1b: Tatsugiri|ability: Commander|[of] p1a: Dondozo\n|-boost|p1a: Dondozo|atk|2\n|-boost|p1a: Dondozo|spa|2\n|-boost|p1a: Dondozo|spe|2\n|-boost|p1a: Dondozo|def|2\n|-boost|p1a: Dondozo|spd|2\n|-terastallize|p1a: Dondozo|Grass\n|move|p2b: Basculegion|Last Respects|p1b: Tatsugiri|[miss]\n|-miss|p2b: Basculegion|p1b: Tatsugiri\n|move|p1a: Dondozo|Tera Blast|p2b: Basculegion|[anim] Tera Blast Grass\n|-supereffective|p2b: Basculegion\n|-damage|p2b: Basculegion|0 fnt\n|faint|p2b: Basculegion\n|move|p2a: Ursaluna|Hyper Voice|p1a: Dondozo|[spread] p1a\n|-miss|p2a: Ursaluna|p1b: Tatsugiri\n|-damage|p1a: Dondozo|81\/100\n|\n|-heal|p1a: Dondozo|88\/100|[from] Grassy Terrain\n|-heal|p1a: Dondozo|94\/100|[from] item: Leftovers\n|upkeep\n|turn|5\n|\n|t:|1727308992\n|move|p1a: Dondozo|Tera Blast|p2a: Ursaluna|[anim] Tera Blast Grass\n|-supereffective|p2a: Ursaluna\n|-damage|p2a: Ursaluna|0 fnt\n|faint|p2a: Ursaluna\n|\n|win|chiitancrazymascot\n|raw|chiitancrazymascot's rating: 1841 &rarr; <strong>1859<\/strong><br \/>(+18 for winning)\n|raw|moon7777's rating: 1800 &rarr; <strong>1782<\/strong><br \/>(-18 for losing)\n|l|\u2606chiitancrazymascot\n|player|p1|\n","uploadtime":1727309029,"views":133,"formatid":"gen9vgc2024regh","rating":1782,"private":0,"password":null}