{"id":"gen9vgc2024regh-2209435284","format":"[Gen 9] VGC 2024 Reg H","players":["ren122333","bluestraggler02"],"log":"|j|\u2606ren122333\n|j|\u2606bluestraggler02\n|t:|1727278069\n|gametype|doubles\n|player|p1|ren122333|hilbert|1759\n|player|p2|bluestraggler02|265|1640\n|teamsize|p1|6\n|teamsize|p2|6\n|gen|9\n|tier|[Gen 9] VGC 2024 Reg H\n|rated|\n|rule|Species Clause: Limit one of each Pok\u00e9mon\n|rule|Item Clause: Limit 1 of each item\n|clearpoke\n|poke|p1|Whimsicott, L50, F|\n|poke|p1|Mamoswine, L50, F|\n|poke|p1|Lycanroc-Dusk, L50, M|\n|poke|p1|Typhlosion-Hisui, L50, F|\n|poke|p1|Farigiraf, L50, F|\n|poke|p1|Mienshao, L50, F|\n|poke|p2|Krookodile, L50, F|\n|poke|p2|Talonflame, L50, M|\n|poke|p2|Glimmora, L50, M|\n|poke|p2|Archaludon, L50, M|\n|poke|p2|Pelipper, L50, M|\n|poke|p2|Amoonguss, L50, M|\n|teampreview|4\n|inactive|Battle timer is ON: inactive players will automatically lose when time's up. (requested by ren122333)\n|j| sadf345ed\n|\n|t:|1727278119\n|start\n|switch|p1a: Whimsicott|Whimsicott, L50, F|100\/100\n|switch|p1b: Lycanroc|Lycanroc-Dusk, L50, M|100\/100\n|switch|p2a: \u773c\u5f71\u4e01\u771f|Krookodile, L50, F|100\/100\n|switch|p2b: \u7ffc\u9e70\u4e01\u771f|Talonflame, L50, M|100\/100\n|-ability|p2a: \u773c\u5f71\u4e01\u771f|Intimidate|boost\n|-unboost|p1a: Whimsicott|atk|1\n|-unboost|p1b: Lycanroc|atk|1\n|turn|1\n|\n|t:|1727278130\n|switch|p2b: \u786c\u6cbf\u4e01\u771f|Archaludon, L50, M|100\/100\n|-terastallize|p2a: \u773c\u5f71\u4e01\u771f|Ground\n|move|p1a: Whimsicott|Tailwind|p1a: Whimsicott\n|-sidestart|p1: ren122333|move: Tailwind\n|move|p1b: Lycanroc|Rock Slide|p2a: \u773c\u5f71\u4e01\u771f|[spread] p2a,p2b\n|-resisted|p2a: \u773c\u5f71\u4e01\u771f\n|-resisted|p2b: \u786c\u6cbf\u4e01\u771f\n|-damage|p2a: \u773c\u5f71\u4e01\u771f|89\/100\n|-damage|p2b: \u786c\u6cbf\u4e01\u771f|94\/100\n|-ability|p2b: \u786c\u6cbf\u4e01\u771f|Stamina|boost\n|-boost|p2b: \u786c\u6cbf\u4e01\u771f|def|1\n|move|p2a: \u773c\u5f71\u4e01\u771f|Earthquake|p1b: Lycanroc|[spread] p2b,p1a,p1b\n|-supereffective|p2b: \u786c\u6cbf\u4e01\u771f\n|-resisted|p1a: Whimsicott\n|-supereffective|p1b: Lycanroc\n|-damage|p2b: \u786c\u6cbf\u4e01\u771f|25\/100\n|-damage|p1a: Whimsicott|54\/100\n|-enditem|p1b: Lycanroc|Focus Sash\n|-damage|p1b: Lycanroc|1\/100\n|-ability|p2b: \u786c\u6cbf\u4e01\u771f|Stamina|boost\n|-boost|p2b: \u786c\u6cbf\u4e01\u771f|def|1\n|\n|upkeep\n|turn|2\n|inactive|ren122333 has 30 seconds left.\n|\n|t:|1727278162\n|move|p1a: Whimsicott|Moonblast|p2a: \u773c\u5f71\u4e01\u771f\n|-damage|p2a: \u773c\u5f71\u4e01\u771f|48\/100\n|move|p1b: Lycanroc|Drill Run|p2b: \u786c\u6cbf\u4e01\u771f\n|-supereffective|p2b: \u786c\u6cbf\u4e01\u771f\n|-damage|p2b: \u786c\u6cbf\u4e01\u771f|9\/100\n|-ability|p2b: \u786c\u6cbf\u4e01\u771f|Stamina|boost\n|-boost|p2b: \u786c\u6cbf\u4e01\u771f|def|1\n|move|p2a: \u773c\u5f71\u4e01\u771f|Earthquake|p1b: Lycanroc|[spread] p2b,p1a,p1b\n|-supereffective|p2b: \u786c\u6cbf\u4e01\u771f\n|-resisted|p1a: Whimsicott\n|-crit|p1a: Whimsicott\n|-supereffective|p1b: Lycanroc\n|-damage|p2b: \u786c\u6cbf\u4e01\u771f|0 fnt\n|-damage|p1a: Whimsicott|0 fnt\n|-damage|p1b: Lycanroc|0 fnt\n|faint|p2b: \u786c\u6cbf\u4e01\u771f\n|faint|p1a: Whimsicott\n|faint|p1b: Lycanroc\n|\n|upkeep\n|\n|t:|1727278175\n|switch|p1a: Typhlosion|Typhlosion-Hisui, L50, F|100\/100\n|switch|p1b: Mienshao|Mienshao, L50, F|100\/100\n|switch|p2b: \u7ffc\u9e70\u4e01\u771f|Talonflame, L50, M|100\/100\n|-item|p2a: \u773c\u5f71\u4e01\u771f|Choice Band|[from] ability: Frisk|[of] p1a: Typhlosion\n|-item|p2b: \u7ffc\u9e70\u4e01\u771f|Sharp Beak|[from] ability: Frisk|[of] p1a: Typhlosion\n|turn|3\n|\n|t:|1727278187\n|switch|p2a: \u96e8\u4e91\u4e01\u771f|Pelipper, L50, M|100\/100\n|-weather|RainDance|[from] ability: Drizzle|[of] p2a: \u96e8\u4e91\u4e01\u771f\n|-terastallize|p1a: Typhlosion|Fire\n|move|p2b: \u7ffc\u9e70\u4e01\u771f|Tailwind|p2b: \u7ffc\u9e70\u4e01\u771f\n|-sidestart|p2: bluestraggler02|move: Tailwind\n|move|p1b: Mienshao|Knock Off|p2b: \u7ffc\u9e70\u4e01\u771f\n|-damage|p2b: \u7ffc\u9e70\u4e01\u771f|33\/100\n|-enditem|p2b: \u7ffc\u9e70\u4e01\u771f|Sharp Beak|[from] move: Knock Off|[of] p1b: Mienshao\n|-damage|p1b: Mienshao|90\/100|[from] item: Life Orb\n|move|p1a: Typhlosion|Heat Wave|p2b: \u7ffc\u9e70\u4e01\u771f|[spread] p2a,p2b\n|-resisted|p2a: \u96e8\u4e91\u4e01\u771f\n|-resisted|p2b: \u7ffc\u9e70\u4e01\u771f\n|-damage|p2a: \u96e8\u4e91\u4e01\u771f|70\/100\n|-damage|p2b: \u7ffc\u9e70\u4e01\u771f|6\/100\n|\n|-weather|RainDance|[upkeep]\n|upkeep\n|turn|4\n|j| moon7777\n|\n|t:|1727278211\n|move|p2a: \u96e8\u4e91\u4e01\u771f|Wide Guard|p2a: \u96e8\u4e91\u4e01\u771f\n|-singleturn|p2a: \u96e8\u4e91\u4e01\u771f|Wide Guard\n|move|p2b: \u7ffc\u9e70\u4e01\u771f|Brave Bird|p1b: Mienshao\n|-supereffective|p1b: Mienshao\n|-damage|p1b: Mienshao|0 fnt\n|faint|p1b: Mienshao\n|-damage|p2b: \u7ffc\u9e70\u4e01\u771f|0 fnt|[from] Recoil\n|faint|p2b: \u7ffc\u9e70\u4e01\u771f\n|move|p1a: Typhlosion|Heat Wave|p2a: \u96e8\u4e91\u4e01\u771f\n|-activate|p2a: \u96e8\u4e91\u4e01\u771f|move: Wide Guard\n|\n|-weather|RainDance|[upkeep]\n|-sideend|p1: ren122333|move: Tailwind\n|upkeep\n|\n|t:|1727278215\n|switch|p2b: \u773c\u5f71\u4e01\u771f|Krookodile, L50, F, tera:Ground|48\/100\n|-ability|p2b: \u773c\u5f71\u4e01\u771f|Intimidate|boost\n|-unboost|p1a: Typhlosion|atk|1\n|turn|5\n|-message|ren122333 forfeited.\n|\n|win|bluestraggler02\n|raw|ren122333's rating: 1759 &rarr; <strong>1732<\/strong><br \/>(-27 for losing)\n|raw|bluestraggler02's rating: 1640 &rarr; <strong>1667<\/strong><br \/>(+27 for winning)\n|l|\u2606ren122333\n|player|p1|\n|l|\u2606bluestraggler02\n|player|p2|\n|l| moon7777\n","uploadtime":1727278478,"views":42,"formatid":"gen9vgc2024regh","rating":1667,"private":0,"password":null}