{"id":"gen9vgc2024regh-2209777907","format":"[Gen 9] VGC 2024 Reg H","players":["Apneic","moon7777"],"log":"|j|\u2606Apneic\n|j|\u2606moon7777\n|t:|1727310865\n|gametype|doubles\n|player|p1|Apneic|102|1742\n|player|p2|moon7777|170|1741\n|teamsize|p1|6\n|teamsize|p2|6\n|gen|9\n|tier|[Gen 9] VGC 2024 Reg H\n|rated|\n|rule|Species Clause: Limit one of each Pok\u00e9mon\n|rule|Item Clause: Limit 1 of each item\n|clearpoke\n|poke|p1|Weezing-Galar, L50, F|\n|poke|p1|Toedscruel, L50, M|\n|poke|p1|Tyranitar, L50, M|\n|poke|p1|Corviknight, L50, M|\n|poke|p1|Mamoswine, L50, F|\n|poke|p1|Arcanine, L50, F|\n|poke|p2|Ursaluna-Bloodmoon, L50, M|\n|poke|p2|Volcarona, L50, F|\n|poke|p2|Basculegion, L50, M|\n|poke|p2|Rillaboom, L50, F|\n|poke|p2|Sneasler, L50, F|\n|poke|p2|Comfey, L50, F|\n|teampreview|4\n|j| strikesuitzero\n|inactive|Battle timer is ON: inactive players will automatically lose when time's up. (requested by moon7777)\n|\n|t:|1727310913\n|start\n|switch|p1a: Weezing|Weezing-Galar, L50, F|100\/100\n|switch|p1b: Toedscruel|Toedscruel, L50, M|100\/100\n|switch|p2a: Volcarona|Volcarona, L50, F|100\/100\n|switch|p2b: Sneasler|Sneasler, L50, F|100\/100\n|-ability|p1a: Weezing|Neutralizing Gas\n|turn|1\n|inactive|moon7777 has 30 seconds left.\n|\n|t:|1727310943\n|-terastallize|p1b: Toedscruel|Water\n|move|p1a: Weezing|Protect|p1a: Weezing\n|-singleturn|p1a: Weezing|Protect\n|move|p2b: Sneasler|Dire Claw|p1b: Toedscruel\n|-damage|p1b: Toedscruel|30\/100\n|move|p1b: Toedscruel|Earth Power|p2b: Sneasler\n|-supereffective|p2b: Sneasler\n|-damage|p2b: Sneasler|3\/100\n|move|p2a: Volcarona|Struggle Bug|p1a: Weezing|[spread] p1b\n|-activate|p1a: Weezing|move: Protect\n|-damage|p1b: Toedscruel|12\/100\n|\n|upkeep\n|turn|2\n|j| plplk\n|inactive|moon7777 has 30 seconds left.\n|\n|t:|1727310976\n|move|p1b: Toedscruel|Protect|p1b: Toedscruel\n|-singleturn|p1b: Toedscruel|Protect\n|move|p2b: Sneasler|Dire Claw|p1b: Toedscruel\n|-activate|p1b: Toedscruel|move: Protect\n|move|p2a: Volcarona|Struggle Bug|p1a: Weezing|[spread] p1a\n|-activate|p1b: Toedscruel|move: Protect\n|-resisted|p1a: Weezing\n|-damage|p1a: Weezing|95\/100\n|-unboost|p1a: Weezing|spa|1\n|move|p1a: Weezing|Dazzling Gleam|p2a: Volcarona|[spread] p2a,p2b\n|-resisted|p2a: Volcarona\n|-damage|p2a: Volcarona|91\/100\n|-damage|p2b: Sneasler|0 fnt\n|faint|p2b: Sneasler\n|-damage|p1a: Weezing|85\/100|[from] item: Life Orb\n|\n|upkeep\n|\n|t:|1727310981\n|switch|p2b: Basculegion|Basculegion, L50, M|100\/100\n|turn|3\n|inactive|Apneic has 30 seconds left.\n|inactive|Apneic has 20 seconds left.\n|inactive|Apneic has 15 seconds left.\n|\n|t:|1727311023\n|switch|p1b: Corviknight|Corviknight, L50, M|100\/100\n|move|p2b: Basculegion|Flip Turn|p1b: Corviknight\n|-crit|p1b: Corviknight\n|-damage|p1b: Corviknight|54\/100\n|\n|t:|1727311029\n|switch|p2b: Ursaluna|Ursaluna-Bloodmoon, L50, M|100\/100|[from] Flip Turn\n|move|p2a: Volcarona|Struggle Bug|p1a: Weezing|[spread] p1a,p1b\n|-resisted|p1a: Weezing\n|-resisted|p1b: Corviknight\n|-damage|p1a: Weezing|79\/100\n|-damage|p1b: Corviknight|50\/100\n|-unboost|p1a: Weezing|spa|1\n|-unboost|p1b: Corviknight|spa|1\n|-enditem|p1b: Corviknight|Sitrus Berry|[eat]\n|-heal|p1b: Corviknight|74\/100|[from] item: Sitrus Berry\n|move|p1a: Weezing|Sludge Bomb|p2a: Volcarona\n|-damage|p2a: Volcarona|68\/100\n|-damage|p1a: Weezing|69\/100|[from] item: Life Orb\n|\n|upkeep\n|turn|4\n|inactive|moon7777 has 30 seconds left.\n|inactive|moon7777 has 20 seconds left.\n|\n|t:|1727311067\n|-end|p1a: Weezing|ability: Neutralizing Gas\n|switch|p1a: Tyranitar|Tyranitar, L50, M|100\/100\n|-weather|Sandstorm|[from] ability: Sand Stream|[of] p1a: Tyranitar\n|move|p2a: Volcarona|Overheat|p1b: Corviknight\n|-supereffective|p1b: Corviknight\n|-damage|p1b: Corviknight|0 fnt\n|-unboost|p2a: Volcarona|spa|2\n|faint|p1b: Corviknight\n|move|p2b: Ursaluna|Calm Mind|p2b: Ursaluna\n|-boost|p2b: Ursaluna|spa|1\n|-boost|p2b: Ursaluna|spd|1\n|\n|-weather|Sandstorm|[upkeep]\n|-damage|p2a: Volcarona|62\/100|[from] Sandstorm\n|upkeep\n|\n|t:|1727311078\n|switch|p1b: Toedscruel|Toedscruel, L50, M, tera:Water|12\/100\n|turn|5\n|inactive|Apneic has 30 seconds left.\n|\n|t:|1727311109\n|move|p2b: Ursaluna|Protect|p2b: Ursaluna\n|-singleturn|p2b: Ursaluna|Protect\n|move|p2a: Volcarona|Overheat|p1b: Toedscruel\n|-resisted|p1b: Toedscruel\n|-damage|p1b: Toedscruel|0 fnt\n|-unboost|p2a: Volcarona|spa|2\n|faint|p1b: Toedscruel\n|move|p1a: Tyranitar|Low Kick|p2b: Ursaluna\n|-activate|p2b: Ursaluna|move: Protect\n|\n|-weather|Sandstorm|[upkeep]\n|-damage|p2a: Volcarona|56\/100|[from] Sandstorm\n|upkeep\n|\n|t:|1727311116\n|switch|p1b: Weezing|Weezing-Galar, L50, F|69\/100\n|-ability|p1b: Weezing|Neutralizing Gas\n|turn|6\n|\n|t:|1727311132\n|move|p2a: Volcarona|Rage Powder|p2a: Volcarona\n|-singleturn|p2a: Volcarona|move: Rage Powder\n|move|p1b: Weezing|Dazzling Gleam|p2b: Ursaluna|[spread] p2a,p2b\n|-resisted|p2a: Volcarona\n|-damage|p2a: Volcarona|43\/100\n|-damage|p2b: Ursaluna|85\/100\n|-enditem|p2a: Volcarona|Sitrus Berry|[eat]\n|-heal|p2a: Volcarona|68\/100|[from] item: Sitrus Berry\n|-damage|p1b: Weezing|59\/100|[from] item: Life Orb\n|move|p1a: Tyranitar|Low Kick|p2a: Volcarona\n|-resisted|p2a: Volcarona\n|-damage|p2a: Volcarona|56\/100\n|move|p2b: Ursaluna|Earth Power|p1b: Weezing\n|-supereffective|p1b: Weezing\n|-damage|p1b: Weezing|0 fnt\n|faint|p1b: Weezing\n|-end|p1b: Weezing|ability: Neutralizing Gas\n|\n|-weather|Sandstorm|[upkeep]\n|-damage|p2a: Volcarona|49\/100|[from] Sandstorm\n|upkeep\n|turn|7\n|-message|Apneic forfeited.\n|\n|win|moon7777\n|raw|Apneic's rating: 1742 &rarr; <strong>1722<\/strong><br \/>(-20 for losing)\n|raw|moon7777's rating: 1741 &rarr; <strong>1761<\/strong><br \/>(+20 for winning)\n|l|\u2606Apneic\n|player|p1|\n|l|\u2606moon7777\n|player|p2|\n|l| strikesuitzero\n|l| plplk\n","uploadtime":1727311301,"views":33,"formatid":"gen9vgc2024regh","rating":1722,"private":0,"password":null}