{"id":"gen9vgc2024regh-2209992170","format":"[Gen 9] VGC 2024 Reg H","players":["caixueying","DiDiancie"],"log":"|j|\u2606caixueying\n|j|\u2606DiDiancie\n|t:|1727342498\n|gametype|doubles\n|player|p1|caixueying|beauty-gen4dp|1737\n|player|p2|DiDiancie|caitlin|1684\n|teamsize|p1|6\n|teamsize|p2|6\n|gen|9\n|tier|[Gen 9] VGC 2024 Reg H\n|rated|\n|rule|Species Clause: Limit one of each Pok\u00e9mon\n|rule|Item Clause: Limit 1 of each item\n|clearpoke\n|poke|p1|Pelipper, L50, F|\n|poke|p1|Grimmsnarl, L50, M|\n|poke|p1|Archaludon, L50, F|\n|poke|p1|Sinistcha-Masterpiece, L50|\n|poke|p1|Murkrow, L50, F|\n|poke|p1|Basculegion, L50, M|\n|poke|p2|Ursaluna, L50, M|\n|poke|p2|Porygon2, L50|\n|poke|p2|Chandelure, L50, M|\n|poke|p2|Primarina, L50, M|\n|poke|p2|Meowscarada, L50, M|\n|poke|p2|Maushold-Four, L50|\n|teampreview|4\n|inactive|Battle timer is ON: inactive players will automatically lose when time's up. (requested by DiDiancie)\n|inactive|caixueying also wants the timer to be on.\n|j| Herlin17\n|\n|t:|1727342525\n|start\n|switch|p1a: Murkrow|Murkrow, L50, F|100\/100\n|switch|p1b: Archaludon|Archaludon, L50, F|100\/100\n|switch|p2a: Maushold|Maushold-Four, L50|100\/100\n|switch|p2b: Meowscarada|Meowscarada, L50, M|100\/100\n|turn|1\n|\n|t:|1727342538\n|move|p1a: Murkrow|Tailwind|p1a: Murkrow\n|-sidestart|p1: caixueying|move: Tailwind\n|move|p1b: Archaludon|Body Press|p2b: Meowscarada\n|-supereffective|p2b: Meowscarada\n|-damage|p2b: Meowscarada|28\/100\n|move|p2a: Maushold|Super Fang|p1b: Archaludon\n|-damage|p1b: Archaludon|51\/100\n|-ability|p1b: Archaludon|Stamina|boost\n|-boost|p1b: Archaludon|def|1\n|move|p2b: Meowscarada|Low Kick|p1b: Archaludon\n|-start|p2b: Meowscarada|typechange|Fighting|[from] ability: Protean\n|-supereffective|p1b: Archaludon\n|-damage|p1b: Archaludon|0 fnt\n|faint|p1b: Archaludon\n|\n|upkeep\n|\n|t:|1727342554\n|switch|p1b: Pelipper|Pelipper, L50, F|100\/100\n|-weather|RainDance|[from] ability: Drizzle|[of] p1b: Pelipper\n|turn|2\n|\n|t:|1727342565\n|-terastallize|p1b: Pelipper|Water\n|move|p1b: Pelipper|Muddy Water|p2a: Maushold|[spread] p2a,p2b\n|-damage|p2a: Maushold|0 fnt\n|-damage|p2b: Meowscarada|0 fnt\n|faint|p2a: Maushold\n|faint|p2b: Meowscarada\n|move|p1a: Murkrow|Foul Play|p2: Maushold|[notarget]\n|-fail|p1a: Murkrow\n|\n|-weather|RainDance|[upkeep]\n|upkeep\n|\n|t:|1727342569\n|switch|p2a: Porygon2|Porygon2, L50|100\/100\n|switch|p2b: Primarina|Primarina, L50, M|100\/100\n|-ability|p2a: Porygon2|Download|boost\n|-boost|p2a: Porygon2|spa|1\n|turn|3\n|\n|t:|1727342585\n|move|p1a: Murkrow|Haze|p1a: Murkrow\n|-clearallboost\n|move|p1b: Pelipper|Muddy Water|p2a: Porygon2|[spread] p2a,p2b\n|-resisted|p2b: Primarina\n|-damage|p2a: Porygon2|61\/100\n|-damage|p2b: Primarina|73\/100\n|move|p2b: Primarina|Hyper Voice|p1a: Murkrow|[spread] p1a,p1b\n|-resisted|p1b: Pelipper\n|-damage|p1a: Murkrow|36\/100\n|-damage|p1b: Pelipper|50\/100\n|-enditem|p2b: Primarina|Throat Spray\n|-boost|p2b: Primarina|spa|1|[from] item: Throat Spray\n|move|p2a: Porygon2|Trick Room|p2a: Porygon2\n|-fieldstart|move: Trick Room|[of] p2a: Porygon2\n|\n|-weather|RainDance|[upkeep]\n|upkeep\n|turn|4\n|\n|t:|1727342603\n|move|p1b: Pelipper|Wide Guard|p1b: Pelipper\n|-singleturn|p1b: Pelipper|Wide Guard\n|move|p2b: Primarina|Hyper Voice|p1a: Murkrow|[spread] \n|-activate|p1a: Murkrow|move: Wide Guard\n|-activate|p1b: Pelipper|move: Wide Guard\n|move|p2a: Porygon2|Thunderbolt|p1b: Pelipper\n|-supereffective|p1b: Pelipper\n|-crit|p1b: Pelipper\n|-damage|p1b: Pelipper|0 fnt\n|faint|p1b: Pelipper\n|move|p1a: Murkrow|Foul Play|p2a: Porygon2\n|-damage|p2a: Porygon2|47\/100\n|\n|-weather|RainDance|[upkeep]\n|-sideend|p1: caixueying|move: Tailwind\n|upkeep\n|\n|t:|1727342616\n|switch|p1b: Basculegion|Basculegion, L50, M|100\/100\n|turn|5\n|\n|t:|1727342626\n|move|p1a: Murkrow|Haze|p1a: Murkrow\n|-clearallboost\n|move|p2b: Primarina|Moonblast|p1b: Basculegion\n|-damage|p1b: Basculegion|36\/100\n|move|p2a: Porygon2|Thunderbolt|p1b: Basculegion\n|-supereffective|p1b: Basculegion\n|-damage|p1b: Basculegion|0 fnt\n|faint|p1b: Basculegion\n|\n|-weather|RainDance|[upkeep]\n|upkeep\n|turn|6\n|-message|caixueying forfeited.\n|\n|win|DiDiancie\n|raw|caixueying's rating: 1737 &rarr; <strong>1714<\/strong><br \/>(-23 for losing)\n|raw|DiDiancie's rating: 1684 &rarr; <strong>1707<\/strong><br \/>(+23 for winning)\n|l|\u2606caixueying\n|player|p1|\n|l|\u2606DiDiancie\n|player|p2|\n|l| Herlin17\n","uploadtime":1727342873,"views":18,"formatid":"gen9vgc2024regh","rating":1707,"private":0,"password":null}