{"id":"gen9vgc2024regh-2209644495","format":"[Gen 9] VGC 2024 Reg H","players":["Blueaquajet3","zugasteam"],"log":"|j|\u2606Blueaquajet3\n|j|\u2606zugasteam\n|t:|1727296244\n|gametype|doubles\n|player|p1|Blueaquajet3|2|1712\n|player|p2|zugasteam|170|1697\n|teamsize|p1|6\n|teamsize|p2|6\n|gen|9\n|tier|[Gen 9] VGC 2024 Reg H\n|rated|\n|rule|Species Clause: Limit one of each Pok\u00e9mon\n|rule|Item Clause: Limit 1 of each item\n|clearpoke\n|poke|p1|Amoonguss, L50, F|\n|poke|p1|Gholdengo, L50|\n|poke|p1|Porygon2, L50|\n|poke|p1|Incineroar, L50, M|\n|poke|p1|Ursaluna, L50, M|\n|poke|p1|Tyranitar, L50, F|\n|poke|p2|Archaludon, L50, F|\n|poke|p2|Incineroar, L50, M|\n|poke|p2|Pelipper, L50, F|\n|poke|p2|Amoonguss, L50, F|\n|poke|p2|Basculegion, L50, M|\n|poke|p2|Maushold, L50|\n|teampreview|4\n|inactive|Battle timer is ON: inactive players will automatically lose when time's up. (requested by Blueaquajet3)\n|inactive|Blueaquajet3 has 60 seconds left.\n|inactive|zugasteam has 60 seconds left.\n|\n|t:|1727296293\n|start\n|switch|p1a: Porygon2|Porygon2, L50|100\/100\n|switch|p1b: Tyranitar|Tyranitar, L50, F|100\/100\n|switch|p2a: Maushold|Maushold, L50|100\/100\n|switch|p2b: Archaludon|Archaludon, L50, F|100\/100\n|-weather|Sandstorm|[from] ability: Sand Stream|[of] p1b: Tyranitar\n|-ability|p1a: Porygon2|Download|boost\n|-boost|p1a: Porygon2|spa|1\n|turn|1\n|\n|t:|1727296307\n|switch|p1b: Amoonguss|Amoonguss, L50, F|100\/100\n|move|p2a: Maushold|Population Bomb|p1a: Porygon2\n|-damage|p1a: Porygon2|94\/100\n|-damage|p1a: Porygon2|86\/100\n|-damage|p1a: Porygon2|79\/100\n|-damage|p1a: Porygon2|72\/100\n|-damage|p1a: Porygon2|65\/100\n|-damage|p1a: Porygon2|58\/100\n|-damage|p1a: Porygon2|50\/100\n|-damage|p1a: Porygon2|43\/100\n|-damage|p1a: Porygon2|35\/100\n|-damage|p1a: Porygon2|27\/100\n|-hitcount|p1a: Porygon2|10\n|move|p2b: Archaludon|Body Press|p1a: Porygon2\n|-supereffective|p1a: Porygon2\n|-damage|p1a: Porygon2|0 fnt\n|faint|p1a: Porygon2\n|\n|-weather|Sandstorm|[upkeep]\n|-damage|p2a: Maushold|94\/100|[from] Sandstorm\n|-damage|p1b: Amoonguss|95\/100|[from] Sandstorm\n|upkeep\n|\n|t:|1727296321\n|switch|p1a: Gholdengo|Gholdengo, L50|100\/100\n|turn|2\n|\n|t:|1727296345\n|move|p2a: Maushold|Population Bomb|p1b: Amoonguss\n|-damage|p1b: Amoonguss|86\/100\n|-damage|p2a: Maushold|78\/100|[from] item: Rocky Helmet|[of] p1b: Amoonguss\n|-damage|p1b: Amoonguss|78\/100\n|-damage|p2a: Maushold|61\/100|[from] item: Rocky Helmet|[of] p1b: Amoonguss\n|-damage|p1b: Amoonguss|69\/100\n|-damage|p2a: Maushold|44\/100|[from] item: Rocky Helmet|[of] p1b: Amoonguss\n|-damage|p1b: Amoonguss|59\/100\n|-damage|p2a: Maushold|28\/100|[from] item: Rocky Helmet|[of] p1b: Amoonguss\n|-damage|p1b: Amoonguss|50\/100\n|-damage|p2a: Maushold|11\/100|[from] item: Rocky Helmet|[of] p1b: Amoonguss\n|-damage|p1b: Amoonguss|41\/100\n|-damage|p2a: Maushold|0 fnt|[from] item: Rocky Helmet|[of] p1b: Amoonguss\n|faint|p2a: Maushold\n|-hitcount|p1b: Amoonguss|6\n|move|p1a: Gholdengo|Nasty Plot|p1a: Gholdengo\n|-boost|p1a: Gholdengo|spa|2\n|move|p2b: Archaludon|Dragon Pulse|p1b: Amoonguss\n|-damage|p1b: Amoonguss|6\/100\n|move|p1b: Amoonguss|Spore|p2b: Archaludon\n|-status|p2b: Archaludon|slp|[from] move: Spore\n|\n|-weather|Sandstorm|[upkeep]\n|-damage|p1b: Amoonguss|0 fnt|[from] Sandstorm\n|faint|p1b: Amoonguss\n|upkeep\n|\n|t:|1727296364\n|switch|p2a: Basculegion|Basculegion, L50, M|100\/100\n|switch|p1b: Tyranitar|Tyranitar, L50, F|100\/100\n|turn|3\n|\n|t:|1727296386\n|switch|p2a: Incineroar|Incineroar, L50, M|100\/100\n|-ability|p2a: Incineroar|Intimidate|boost\n|-unboost|p1a: Gholdengo|atk|1\n|-unboost|p1b: Tyranitar|atk|1\n|-terastallize|p1a: Gholdengo|Dragon\n|move|p1a: Gholdengo|Shadow Ball|p2a: Incineroar\n|-resisted|p2a: Incineroar\n|-damage|p2a: Incineroar|58\/100\n|-damage|p1a: Gholdengo|91\/100|[from] item: Life Orb\n|cant|p2b: Archaludon|slp\n|move|p1b: Tyranitar|Rock Slide|p2a: Incineroar|[spread] p2a,p2b\n|-supereffective|p2a: Incineroar\n|-resisted|p2b: Archaludon\n|-damage|p2a: Incineroar|25\/100\n|-damage|p2b: Archaludon|93\/100 slp\n|-ability|p2b: Archaludon|Stamina|boost\n|-boost|p2b: Archaludon|def|1\n|\n|-weather|Sandstorm|[upkeep]\n|-damage|p1a: Gholdengo|85\/100|[from] Sandstorm\n|upkeep\n|turn|4\n|\n|t:|1727296408\n|move|p1a: Gholdengo|Protect|p1a: Gholdengo\n|-singleturn|p1a: Gholdengo|Protect\n|move|p2a: Incineroar|Fake Out|p1a: Gholdengo\n|-activate|p1a: Gholdengo|move: Protect\n|-curestatus|p2b: Archaludon|slp|[msg]\n|move|p2b: Archaludon|Body Press|p1b: Tyranitar\n|-supereffective|p1b: Tyranitar\n|-damage|p1b: Tyranitar|0 fnt\n|faint|p1b: Tyranitar\n|\n|-weather|Sandstorm|[upkeep]\n|-damage|p1a: Gholdengo|79\/100|[from] Sandstorm\n|upkeep\n|turn|5\n|\n|t:|1727296431\n|move|p1a: Gholdengo|Shadow Ball|p2b: Archaludon\n|-damage|p2b: Archaludon|18\/100\n|-ability|p2b: Archaludon|Stamina|boost\n|-boost|p2b: Archaludon|def|1\n|-damage|p1a: Gholdengo|69\/100|[from] item: Life Orb\n|move|p2b: Archaludon|Dragon Pulse|p1a: Gholdengo\n|-supereffective|p1a: Gholdengo\n|-damage|p1a: Gholdengo|0 fnt\n|faint|p1a: Gholdengo\n|\n|win|zugasteam\n|raw|Blueaquajet3's rating: 1712 &rarr; <strong>1691<\/strong><br \/>(-21 for losing)\n|raw|zugasteam's rating: 1697 &rarr; <strong>1718<\/strong><br \/>(+21 for winning)\n|l|\u2606Blueaquajet3\n|player|p1|\n|l|\u2606zugasteam\n|player|p2|\n","uploadtime":1727296610,"views":22,"formatid":"gen9vgc2024regh","rating":1691,"private":0,"password":null}