{"id":"gen9vgc2024regh-2209503379","format":"[Gen 9] VGC 2024 Reg H","players":["ddoublechin","ren122333"],"log":"|j|\u2606ddoublechin\n|j|\u2606ren122333\n|t:|1727283850\n|gametype|doubles\n|player|p1|ddoublechin|ninjaboy|1681\n|player|p2|ren122333|hilbert|1776\n|teamsize|p1|6\n|teamsize|p2|6\n|gen|9\n|tier|[Gen 9] VGC 2024 Reg H\n|rated|\n|rule|Species Clause: Limit one of each Pok\u00e9mon\n|rule|Item Clause: Limit 1 of each item\n|clearpoke\n|poke|p1|Whimsicott, L50, F|\n|poke|p1|Archaludon, L50, F|\n|poke|p1|Annihilape, L50, F|\n|poke|p1|Pelipper, L50, F|\n|poke|p1|Arcanine-Hisui, L50, F|\n|poke|p1|Farigiraf, L50, M|\n|poke|p2|Whimsicott, L50, M|\n|poke|p2|Mamoswine, L50, F|\n|poke|p2|Lycanroc-Dusk, L50, M|\n|poke|p2|Typhlosion-Hisui, L50, F|\n|poke|p2|Farigiraf, L50, F|\n|poke|p2|Mienshao, L50, F|\n|teampreview|4\n|\n|t:|1727283874\n|start\n|switch|p1a: Walla|Arcanine-Hisui, L50, F|100\/100\n|switch|p1b: Ilgakaklis|Farigiraf, L50, M|100\/100\n|switch|p2a: Whimsicott|Whimsicott, L50, M|100\/100\n|switch|p2b: Lycanroc|Lycanroc-Dusk, L50, M|100\/100\n|-ability|p1a: Walla|Intimidate|boost\n|-unboost|p2a: Whimsicott|atk|1\n|-unboost|p2b: Lycanroc|atk|1\n|turn|1\n|j| cipe95\n|\n|t:|1727283885\n|-terastallize|p2b: Lycanroc|Dark\n|-terastallize|p1a: Walla|Normal\n|move|p2a: Whimsicott|Moonblast|p1b: Ilgakaklis\n|-damage|p1b: Ilgakaklis|80\/100\n|-unboost|p1b: Ilgakaklis|spa|1\n|move|p2b: Lycanroc|Throat Chop|p1b: Ilgakaklis\n|-supereffective|p1b: Ilgakaklis\n|-crit|p1b: Ilgakaklis\n|-damage|p1b: Ilgakaklis|0 fnt\n|faint|p1b: Ilgakaklis\n|move|p1a: Walla|Rock Slide|p2b: Lycanroc|[spread] p2b\n|-miss|p1a: Walla|p2a: Whimsicott\n|-damage|p2b: Lycanroc|36\/100\n|\n|upkeep\n|\n|t:|1727283898\n|switch|p1b: Brenda|Whimsicott, L50, F|100\/100\n|turn|2\n|j| moon7777\n|\n|t:|1727283915\n|switch|p1a: WstSeaBridge|Archaludon, L50, F|100\/100\n|move|p2a: Whimsicott|Tailwind|p2a: Whimsicott\n|-sidestart|p2: ren122333|move: Tailwind\n|move|p2b: Lycanroc|Throat Chop|p1a: WstSeaBridge\n|-damage|p1a: WstSeaBridge|79\/100\n|-start|p1a: WstSeaBridge|Throat Chop|[silent]\n|-ability|p1a: WstSeaBridge|Stamina|boost\n|-boost|p1a: WstSeaBridge|def|1\n|move|p1b: Brenda|Beat Up|p1a: WstSeaBridge\n|-damage|p1a: WstSeaBridge|78\/100\n|-ability|p1a: WstSeaBridge|Stamina|boost\n|-boost|p1a: WstSeaBridge|def|1\n|-damage|p1a: WstSeaBridge|76\/100\n|-ability|p1a: WstSeaBridge|Stamina|boost\n|-boost|p1a: WstSeaBridge|def|1\n|-damage|p1a: WstSeaBridge|75\/100\n|-ability|p1a: WstSeaBridge|Stamina|boost\n|-boost|p1a: WstSeaBridge|def|1\n|-hitcount|p1a: WstSeaBridge|3\n|\n|upkeep\n|turn|3\n|\n|t:|1727283941\n|move|p2a: Whimsicott|Encore|p1b: Brenda\n|-start|p1b: Brenda|Encore\n|move|p1b: Brenda|Beat Up|p2a: Whimsicott\n|-resisted|p2a: Whimsicott\n|-damage|p2a: Whimsicott|99\/100\n|-resisted|p2a: Whimsicott\n|-damage|p2a: Whimsicott|98\/100\n|-resisted|p2a: Whimsicott\n|-damage|p2a: Whimsicott|96\/100\n|-hitcount|p2a: Whimsicott|3\n|move|p2b: Lycanroc|Rock Slide|p1b: Brenda|[spread] p1a,p1b\n|-resisted|p1a: WstSeaBridge\n|-damage|p1a: WstSeaBridge|73\/100\n|-damage|p1b: Brenda|79\/100\n|-ability|p1a: WstSeaBridge|Stamina|boost\n|-boost|p1a: WstSeaBridge|def|1\n|cant|p1a: WstSeaBridge|flinch\n|\n|-end|p1a: WstSeaBridge|Throat Chop|[silent]\n|upkeep\n|turn|4\n|\n|t:|1727283960\n|switch|p1b: Walla|Arcanine-Hisui, L50, F, tera:Normal|100\/100\n|-ability|p1b: Walla|Intimidate|boost\n|-unboost|p2a: Whimsicott|atk|1\n|-unboost|p2b: Lycanroc|atk|1\n|move|p2a: Whimsicott|Moonblast|p1b: Walla\n|-damage|p1b: Walla|70\/100\n|move|p2b: Lycanroc|Rock Slide|p1a: WstSeaBridge|[spread] p1a,p1b\n|-resisted|p1a: WstSeaBridge\n|-damage|p1a: WstSeaBridge|72\/100\n|-damage|p1b: Walla|56\/100\n|-ability|p1a: WstSeaBridge|Stamina|boost\n|-boost|p1a: WstSeaBridge|def|1\n|cant|p1a: WstSeaBridge|flinch\n|\n|upkeep\n|turn|5\n|\n|t:|1727283979\n|move|p1b: Walla|Extreme Speed|p2b: Lycanroc\n|-damage|p2b: Lycanroc|0 fnt\n|faint|p2b: Lycanroc\n|move|p2a: Whimsicott|Moonblast|p1b: Walla\n|-damage|p1b: Walla|28\/100\n|move|p1a: WstSeaBridge|Body Press|p2a: Whimsicott\n|-resisted|p2a: Whimsicott\n|-crit|p2a: Whimsicott\n|-damage|p2a: Whimsicott|0 fnt\n|faint|p2a: Whimsicott\n|\n|-sideend|p2: ren122333|move: Tailwind\n|upkeep\n|\n|t:|1727283983\n|switch|p2a: Typhlosion|Typhlosion-Hisui, L50, F|100\/100\n|switch|p2b: Mamoswine|Mamoswine, L50, F|100\/100\n|-item|p1a: WstSeaBridge|Assault Vest|[from] ability: Frisk|[of] p2a: Typhlosion\n|-item|p1b: Walla|Choice Band|[from] ability: Frisk|[of] p2a: Typhlosion\n|turn|6\n|\n|t:|1727284007\n|switch|p1b: Brenda|Whimsicott, L50, F|79\/100\n|move|p2a: Typhlosion|Eruption|p1a: WstSeaBridge|[spread] p1a,p1b\n|-supereffective|p1b: Brenda\n|-damage|p1a: WstSeaBridge|3\/100\n|-damage|p1b: Brenda|0 fnt\n|faint|p1b: Brenda\n|move|p2b: Mamoswine|High Horsepower|p1a: WstSeaBridge\n|-supereffective|p1a: WstSeaBridge\n|-damage|p1a: WstSeaBridge|0 fnt\n|faint|p1a: WstSeaBridge\n|\n|upkeep\n|\n|t:|1727284013\n|switch|p1b: Walla|Arcanine-Hisui, L50, F, tera:Normal|28\/100\n|-ability|p1b: Walla|Intimidate|boost\n|-unboost|p2a: Typhlosion|atk|1\n|-fail|p2b: Mamoswine|unboost|Attack|[from] ability: Oblivious|[of] p2b: Mamoswine\n|turn|7\n|\n|t:|1727284021\n|move|p2a: Typhlosion|Eruption|p1b: Walla\n|-damage|p1b: Walla|0 fnt\n|faint|p1b: Walla\n|\n|win|ren122333\n|raw|ddoublechin's rating: 1681 &rarr; <strong>1666<\/strong><br \/>(-15 for losing)\n|raw|ren122333's rating: 1776 &rarr; <strong>1791<\/strong><br \/>(+15 for winning)\n|l|\u2606ddoublechin\n|player|p1|\n|l|\u2606ren122333\n|player|p2|\n","uploadtime":1727284175,"views":16,"formatid":"gen9vgc2024regh","rating":1666,"private":0,"password":null}