{"id":"gen9vgc2024regh-2209628283","format":"[Gen 9] VGC 2024 Reg H","players":["Jarvis1","ren122333"],"log":"|j|\u2606Jarvis1\n|j|\u2606ren122333\n|t:|1727294701\n|gametype|doubles\n|player|p1|Jarvis1|102|1697\n|player|p2|ren122333|hilbert|1722\n|teamsize|p1|6\n|teamsize|p2|6\n|gen|9\n|tier|[Gen 9] VGC 2024 Reg H\n|rated|\n|rule|Species Clause: Limit one of each Pok\u00e9mon\n|rule|Item Clause: Limit 1 of each item\n|clearpoke\n|poke|p1|Incineroar, L50, M|\n|poke|p1|Rillaboom, L50, M|\n|poke|p1|Vivillon, L50, F|\n|poke|p1|Pelipper, L50, F|\n|poke|p1|Annihilape, L50, M|\n|poke|p1|Gastrodon, L50, M|\n|poke|p2|Whimsicott, L50, M|\n|poke|p2|Mamoswine, L50, M|\n|poke|p2|Lycanroc-Dusk, L50, F|\n|poke|p2|Typhlosion-Hisui, L50, M|\n|poke|p2|Farigiraf, L50, M|\n|poke|p2|Mienshao, L50, F|\n|teampreview|4\n|inactive|Battle timer is ON: inactive players will automatically lose when time's up. (requested by ren122333)\n|\n|t:|1727294758\n|start\n|switch|p1a: Pelipper|Pelipper, L50, F|100\/100\n|switch|p1b: Gastrodon|Gastrodon, L50, M|100\/100\n|switch|p2a: Lycanroc|Lycanroc-Dusk, L50, F|100\/100\n|switch|p2b: Whimsicott|Whimsicott, L50, M|100\/100\n|-weather|RainDance|[from] ability: Drizzle|[of] p1a: Pelipper\n|turn|1\n|\n|t:|1727294771\n|move|p2b: Whimsicott|Moonblast|p1a: Pelipper\n|-damage|p1a: Pelipper|66\/100\n|move|p2a: Lycanroc|Rock Slide|p1b: Gastrodon|[spread] p1b\n|-miss|p2a: Lycanroc|p1a: Pelipper\n|-resisted|p1b: Gastrodon\n|-damage|p1b: Gastrodon|88\/100\n|move|p1a: Pelipper|Hurricane|p2b: Whimsicott\n|-supereffective|p2b: Whimsicott\n|-damage|p2b: Whimsicott|0 fnt\n|faint|p2b: Whimsicott\n|cant|p1b: Gastrodon|flinch\n|\n|-weather|RainDance|[upkeep]\n|upkeep\n|\n|t:|1727294779\n|switch|p2b: Mamoswine|Mamoswine, L50, M|100\/100\n|turn|2\n|\n|t:|1727294794\n|-terastallize|p2b: Mamoswine|Grass\n|-terastallize|p1b: Gastrodon|Steel\n|move|p1a: Pelipper|Wide Guard|p1a: Pelipper\n|-singleturn|p1a: Pelipper|Wide Guard\n|move|p2a: Lycanroc|Rock Slide|p1b: Gastrodon|[spread] \n|-activate|p1a: Pelipper|move: Wide Guard\n|-activate|p1b: Gastrodon|move: Wide Guard\n|move|p2b: Mamoswine|Tera Blast|p1a: Pelipper|[anim] Tera Blast Grass\n|-damage|p1a: Pelipper|19\/100\n|move|p1b: Gastrodon|Muddy Water|p2a: Lycanroc|[spread] \n|-miss|p1b: Gastrodon|p2a: Lycanroc\n|-miss|p1b: Gastrodon|p2b: Mamoswine\n|\n|-weather|RainDance|[upkeep]\n|upkeep\n|turn|3\n|inactive|ren122333 has 30 seconds left.\n|\n|t:|1727294822\n|move|p2a: Lycanroc|Throat Chop|p1a: Pelipper\n|-damage|p1a: Pelipper|0 fnt\n|faint|p1a: Pelipper\n|move|p2b: Mamoswine|High Horsepower|p1b: Gastrodon\n|-supereffective|p1b: Gastrodon\n|-damage|p1b: Gastrodon|0 fnt\n|-damage|p2b: Mamoswine|84\/100|[from] item: Rocky Helmet|[of] p1b: Gastrodon\n|faint|p1b: Gastrodon\n|\n|-weather|RainDance|[upkeep]\n|upkeep\n|\n|t:|1727294830\n|switch|p1a: Incineroar|Incineroar, L50, M|100\/100\n|switch|p1b: Vivillon|Vivillon, L50, F|100\/100\n|-ability|p1a: Incineroar|Intimidate|boost\n|-unboost|p2a: Lycanroc|atk|1\n|-fail|p2b: Mamoswine|unboost|Attack|[from] ability: Oblivious|[of] p2b: Mamoswine\n|turn|4\n|\n|t:|1727294842\n|move|p1a: Incineroar|Fake Out|p2a: Lycanroc\n|-resisted|p2a: Lycanroc\n|-damage|p2a: Lycanroc|89\/100\n|cant|p2a: Lycanroc|flinch\n|move|p1b: Vivillon|Hurricane|p2b: Mamoswine\n|-supereffective|p2b: Mamoswine\n|-damage|p2b: Mamoswine|0 fnt\n|faint|p2b: Mamoswine\n|\n|-weather|RainDance|[upkeep]\n|upkeep\n|\n|t:|1727294849\n|switch|p2b: Typhlosion|Typhlosion-Hisui, L50, M|100\/100\n|-item|p1a: Incineroar|Sitrus Berry|[from] ability: Frisk|[of] p2b: Typhlosion\n|-item|p1b: Vivillon|Focus Sash|[from] ability: Frisk|[of] p2b: Typhlosion\n|turn|5\n|\n|t:|1727294863\n|move|p2a: Lycanroc|Rock Slide|p1a: Incineroar|[spread] p1a,p1b\n|-supereffective|p1a: Incineroar\n|-supereffective|p1b: Vivillon\n|-crit|p1b: Vivillon\n|-damage|p1a: Incineroar|67\/100\n|-enditem|p1b: Vivillon|Focus Sash\n|-damage|p1b: Vivillon|1\/100\n|move|p2b: Typhlosion|Heat Wave|p1a: Incineroar|[spread] p1a,p1b\n|-resisted|p1a: Incineroar\n|-supereffective|p1b: Vivillon\n|-crit|p1b: Vivillon\n|-damage|p1a: Incineroar|55\/100\n|-damage|p1b: Vivillon|0 fnt\n|faint|p1b: Vivillon\n|move|p1a: Incineroar|Knock Off|p2b: Typhlosion\n|-supereffective|p2b: Typhlosion\n|-damage|p2b: Typhlosion|0 fnt\n|-enditem|p2b: Typhlosion|Choice Specs|[from] move: Knock Off|[of] p1a: Incineroar\n|faint|p2b: Typhlosion\n|\n|-weather|none\n|upkeep\n|turn|6\n|\n|t:|1727294880\n|move|p2a: Lycanroc|Rock Slide|p1a: Incineroar|[miss]\n|-miss|p2a: Lycanroc|p1a: Incineroar\n|move|p1a: Incineroar|Will-O-Wisp|p2a: Lycanroc|[miss]\n|-miss|p1a: Incineroar|p2a: Lycanroc\n|\n|upkeep\n|turn|7\n|\n|t:|1727294886\n|move|p2a: Lycanroc|Rock Slide|p1a: Incineroar|[miss]\n|-miss|p2a: Lycanroc|p1a: Incineroar\n|move|p1a: Incineroar|Knock Off|p2a: Lycanroc\n|-damage|p2a: Lycanroc|6\/100\n|-enditem|p2a: Lycanroc|Focus Sash|[from] move: Knock Off|[of] p1a: Incineroar\n|\n|upkeep\n|turn|8\n|\n|t:|1727294893\n|move|p2a: Lycanroc|Rock Slide|p1a: Incineroar\n|-supereffective|p1a: Incineroar\n|-damage|p1a: Incineroar|13\/100\n|-enditem|p1a: Incineroar|Sitrus Berry|[eat]\n|-heal|p1a: Incineroar|38\/100|[from] item: Sitrus Berry\n|move|p1a: Incineroar|Knock Off|p2a: Lycanroc\n|-damage|p2a: Lycanroc|0 fnt\n|faint|p2a: Lycanroc\n|\n|win|Jarvis1\n|raw|Jarvis1's rating: 1697 &rarr; <strong>1718<\/strong><br \/>(+21 for winning)\n|raw|ren122333's rating: 1722 &rarr; <strong>1701<\/strong><br \/>(-21 for losing)\n|l|\u2606ren122333\n|player|p2|\n|l|\u2606Jarvis1\n|player|p1|\n","uploadtime":1727295081,"views":36,"formatid":"gen9vgc2024regh","rating":1701,"private":0,"password":null}