{"id":"gen9vgc2024regh-2209558313","format":"[Gen 9] VGC 2024 Reg H","players":["Realfrytki","LilTic"],"log":"|j|\u2606Realfrytki\n|j|\u2606LilTic\n|t:|1727288484\n|gametype|doubles\n|player|p1|Realfrytki|veteranf|1669\n|player|p2|LilTic|ninjaboy|1707\n|teamsize|p1|6\n|teamsize|p2|6\n|gen|9\n|tier|[Gen 9] VGC 2024 Reg H\n|rated|\n|rule|Species Clause: Limit one of each Pok\u00e9mon\n|rule|Item Clause: Limit 1 of each item\n|clearpoke\n|poke|p1|Primarina, L50, F|\n|poke|p1|Espathra, L50, F|\n|poke|p1|Typhlosion-Hisui, L50, M|\n|poke|p1|Indeedee-F, L50, F|\n|poke|p1|Archaludon, L50, M|\n|poke|p1|Murkrow, L50, F|\n|poke|p2|Volcarona, L50, M|\n|poke|p2|Ninetales-Alola, L50, F|\n|poke|p2|Milotic, L50, M|\n|poke|p2|Incineroar, L50, M|\n|poke|p2|Amoonguss, L50, F|\n|poke|p2|Kingambit, L50, M|\n|teampreview|4\n|j| number86\n|l| number86\n|j| number86\n|l| number86\n|\n|t:|1727288539\n|start\n|switch|p1a: Murkrow|Murkrow, L50, F|100\/100\n|switch|p1b: Archaludon|Archaludon, L50, M|100\/100\n|switch|p2a: Ninetales|Ninetales-Alola, L50, F|100\/100\n|switch|p2b: Kingambit|Kingambit, L50, M|100\/100\n|-weather|Snow|[from] ability: Snow Warning|[of] p2a: Ninetales\n|turn|1\n|\n|t:|1727288555\n|-terastallize|p2b: Kingambit|Dark\n|move|p1a: Murkrow|Taunt|p2a: Ninetales\n|-start|p2a: Ninetales|move: Taunt\n|move|p2a: Ninetales|Moonblast|p1a: Murkrow\n|-supereffective|p1a: Murkrow\n|-damage|p1a: Murkrow|24\/100\n|move|p1b: Archaludon|Aura Sphere|p2b: Kingambit\n|-supereffective|p2b: Kingambit\n|-damage|p2b: Kingambit|61\/100\n|move|p2b: Kingambit|Kowtow Cleave|p1b: Archaludon\n|-damage|p1b: Archaludon|45\/100\n|-ability|p1b: Archaludon|Stamina|boost\n|-boost|p1b: Archaludon|def|1\n|\n|-weather|Snow|[upkeep]\n|upkeep\n|turn|2\n|j| futonkagebunshin\n|\n|t:|1727288586\n|move|p1a: Murkrow|Tailwind|p1a: Murkrow\n|-sidestart|p1: Realfrytki|move: Tailwind\n|move|p1b: Archaludon|Electro Shot||[still]\n|-prepare|p1b: Archaludon|Electro Shot\n|-boost|p1b: Archaludon|spa|1\n|-enditem|p1b: Archaludon|Power Herb\n|-anim|p1b: Archaludon|Electro Shot|p2b: Kingambit\n|-damage|p2b: Kingambit|17\/100\n|move|p2a: Ninetales|Blizzard|p1b: Archaludon|[spread] p1a,p1b\n|-supereffective|p1a: Murkrow\n|-damage|p1a: Murkrow|0 fnt\n|-damage|p1b: Archaludon|12\/100\n|-ability|p1b: Archaludon|Stamina|boost\n|-boost|p1b: Archaludon|def|1\n|faint|p1a: Murkrow\n|move|p2b: Kingambit|Kowtow Cleave|p1b: Archaludon\n|-damage|p1b: Archaludon|0 fnt\n|faint|p1b: Archaludon\n|\n|-weather|Snow|[upkeep]\n|upkeep\n|\n|t:|1727288604\n|switch|p1b: Primarina|Primarina, L50, F|100\/100\n|switch|p1a: Typhlosion|Typhlosion-Hisui, L50, M|100\/100\n|turn|3\n|\n|t:|1727288631\n|move|p1a: Typhlosion|Protect|p1a: Typhlosion\n|-singleturn|p1a: Typhlosion|Protect\n|move|p2b: Kingambit|Sucker Punch||[still]\n|-fail|p2b: Kingambit\n|move|p1b: Primarina|Hyper Voice|p2a: Ninetales|[spread] p2a,p2b\n|-damage|p2a: Ninetales|51\/100\n|-damage|p2b: Kingambit|0 fnt\n|faint|p2b: Kingambit\n|move|p2a: Ninetales|Moonblast|p1b: Primarina\n|-damage|p1b: Primarina|73\/100\n|\n|-weather|Snow|[upkeep]\n|-end|p2a: Ninetales|move: Taunt\n|upkeep\n|\n|t:|1727288640\n|switch|p2b: Amoonguss|Amoonguss, L50, F|100\/100\n|turn|4\n|\n|t:|1727288649\n|-terastallize|p1a: Typhlosion|Fire\n|move|p2a: Ninetales|Protect|p2a: Ninetales\n|-singleturn|p2a: Ninetales|Protect\n|move|p2b: Amoonguss|Protect|p2b: Amoonguss\n|-singleturn|p2b: Amoonguss|Protect\n|move|p1a: Typhlosion|Eruption|p2a: Ninetales|[spread] \n|-activate|p2a: Ninetales|move: Protect\n|-activate|p2b: Amoonguss|move: Protect\n|move|p1b: Primarina|Hyper Voice|p2a: Ninetales|[spread] \n|-activate|p2a: Ninetales|move: Protect\n|-activate|p2b: Amoonguss|move: Protect\n|\n|-weather|Snow|[upkeep]\n|upkeep\n|turn|5\n|\n|t:|1727288663\n|move|p2a: Ninetales|Protect||[still]\n|-fail|p2a: Ninetales\n|move|p2b: Amoonguss|Protect||[still]\n|-fail|p2b: Amoonguss\n|move|p1a: Typhlosion|Eruption|p2b: Amoonguss|[spread] p2a,p2b\n|-supereffective|p2a: Ninetales\n|-supereffective|p2b: Amoonguss\n|-damage|p2a: Ninetales|0 fnt\n|-damage|p2b: Amoonguss|0 fnt\n|faint|p2a: Ninetales\n|faint|p2b: Amoonguss\n|move|p1b: Primarina|Hyper Voice|p2: Ninetales|[notarget]\n|-fail|p1b: Primarina\n|\n|-weather|none\n|-sideend|p1: Realfrytki|move: Tailwind\n|upkeep\n|-message|LilTic forfeited.\n|\n|win|Realfrytki\n|raw|Realfrytki's rating: 1669 &rarr; <strong>1691<\/strong><br \/>(+22 for winning)\n|raw|LilTic's rating: 1707 &rarr; <strong>1685<\/strong><br \/>(-22 for losing)\n|l|\u2606LilTic\n|player|p2|\n|l|\u2606Realfrytki\n|player|p1|\n|l| futonkagebunshin\n","uploadtime":1727288678,"views":27,"formatid":"gen9vgc2024regh","rating":1685,"private":0,"password":null}