{"id":"gen9vgc2024regh-2209344426","format":"[Gen 9] VGC 2024 Reg H","players":["pmawarrior","rough Pult"],"log":"|j|\u2606pmawarrior\n|j|\u2606rough Pult\n|t:|1727269945\n|gametype|doubles\n|player|p1|pmawarrior|1|1676\n|player|p2|rough Pult|giovanni|1789\n|teamsize|p1|6\n|teamsize|p2|6\n|gen|9\n|tier|[Gen 9] VGC 2024 Reg H\n|rated|\n|rule|Species Clause: Limit one of each Pok\u00e9mon\n|rule|Item Clause: Limit 1 of each item\n|clearpoke\n|poke|p1|Annihilape, L50, F|\n|poke|p1|Maushold-Four, L50|\n|poke|p1|Dondozo, L50, F|\n|poke|p1|Tatsugiri, L50, M|\n|poke|p1|Glimmora, L50, F|\n|poke|p1|Dragonite, L50, M|\n|poke|p2|Dondozo, L50, M|\n|poke|p2|Dragapult, L50, M|\n|poke|p2|Magmar, L50, F|\n|poke|p2|Kingambit, L50, M|\n|poke|p2|Rillaboom, L50, F|\n|poke|p2|Sneasler, L50, F|\n|teampreview|4\n|\n|t:|1727269978\n|start\n|switch|p1a: Annihilape|Annihilape, L50, F|100\/100\n|switch|p1b: Glimmora|Glimmora, L50, F|100\/100\n|switch|p2a: Dragapult|Dragapult, L50, M|100\/100\n|switch|p2b: Sneasler|Sneasler, L50, F|100\/100\n|turn|1\n|\n|t:|1727269996\n|-terastallize|p2a: Dragapult|Dragon\n|move|p1a: Annihilape|Rage Fist|p2b: Sneasler\n|-damage|p2b: Sneasler|62\/100\n|move|p2b: Sneasler|Coaching|p2a: Dragapult\n|-boost|p2a: Dragapult|atk|1\n|-boost|p2a: Dragapult|def|1\n|move|p2a: Dragapult|Dragon Darts|p1a: Annihilape\n|-damage|p1a: Annihilape|21\/100\n|-anim|p2a: Dragapult|Dragon Darts|p1b: Glimmora\n|-crit|p1b: Glimmora\n|-enditem|p1b: Glimmora|Focus Sash\n|-damage|p1b: Glimmora|1\/100\n|-activate|p1b: Glimmora|ability: Toxic Debris\n|-sidestart|p2: rough Pult|move: Toxic Spikes\n|move|p1b: Glimmora|Earth Power|p2b: Sneasler\n|-supereffective|p2b: Sneasler\n|-damage|p2b: Sneasler|0 fnt\n|faint|p2b: Sneasler\n|\n|upkeep\n|\n|t:|1727270020\n|switch|p2b: Dondozo|Dondozo, L50, M|100\/100\n|-status|p2b: Dondozo|psn\n|turn|2\n|\n|t:|1727270039\n|move|p1b: Glimmora|Spiky Shield|p1b: Glimmora\n|-singleturn|p1b: Glimmora|move: Protect\n|move|p1a: Annihilape|Rage Fist|p2a: Dragapult\n|-damage|p2a: Dragapult|59\/100\n|move|p2a: Dragapult|Dragon Darts|p1a: Annihilape\n|-damage|p1a: Annihilape|0 fnt\n|faint|p1a: Annihilape\n|move|p2b: Dondozo|Yawn|p1b: Glimmora\n|-activate|p1b: Glimmora|move: Protect\n|\n|-damage|p2b: Dondozo|88\/100 psn|[from] psn\n|upkeep\n|\n|t:|1727270046\n|switch|p1a: Dondozo|Dondozo, L50, F|100\/100\n|turn|3\n|\n|t:|1727270058\n|switch|p2a: Rillaboom|Rillaboom, L50, F|100\/100\n|-status|p2a: Rillaboom|psn\n|-fieldstart|move: Grassy Terrain|[from] ability: Grassy Surge|[of] p2a: Rillaboom\n|switch|p1b: Tatsugiri|Tatsugiri, L50, M|100\/100\n|-activate|p1b: Tatsugiri|ability: Commander|[of] p1a: Dondozo\n|-boost|p1a: Dondozo|atk|2\n|-boost|p1a: Dondozo|spa|2\n|-boost|p1a: Dondozo|spe|2\n|-boost|p1a: Dondozo|def|2\n|-boost|p1a: Dondozo|spd|2\n|-terastallize|p1a: Dondozo|Steel\n|move|p1a: Dondozo|Heavy Slam|p2a: Rillaboom\n|-crit|p2a: Rillaboom\n|-damage|p2a: Rillaboom|25\/100 psn\n|move|p2b: Dondozo|Yawn|p1a: Dondozo\n|-start|p1a: Dondozo|move: Yawn|[of] p2b: Dondozo\n|\n|-heal|p2a: Rillaboom|31\/100 psn|[from] Grassy Terrain\n|-heal|p2b: Dondozo|94\/100 psn|[from] Grassy Terrain\n|-heal|p2b: Dondozo|100\/100 psn|[from] item: Leftovers\n|-damage|p2a: Rillaboom|19\/100 psn|[from] psn\n|-damage|p2b: Dondozo|88\/100 psn|[from] psn\n|upkeep\n|turn|4\n|j| jumbojoshenjoyer\n|\n|t:|1727270085\n|move|p2a: Rillaboom|Fake Out|p1a: Dondozo\n|-resisted|p1a: Dondozo\n|-damage|p1a: Dondozo|98\/100\n|cant|p1a: Dondozo|flinch\n|move|p2b: Dondozo|Fissure|p1a: Dondozo|[miss]\n|-miss|p2b: Dondozo|p1a: Dondozo\n|\n|-heal|p1a: Dondozo|100\/100|[from] Grassy Terrain\n|-heal|p2a: Rillaboom|25\/100 psn|[from] Grassy Terrain\n|-heal|p2b: Dondozo|94\/100 psn|[from] Grassy Terrain\n|-heal|p2b: Dondozo|100\/100 psn|[from] item: Leftovers\n|-damage|p2a: Rillaboom|13\/100 psn|[from] psn\n|-damage|p2b: Dondozo|88\/100 psn|[from] psn\n|-end|p1a: Dondozo|move: Yawn|[silent]\n|-status|p1a: Dondozo|slp\n|upkeep\n|turn|5\n|\n|t:|1727270104\n|cant|p1a: Dondozo|slp\n|move|p2a: Rillaboom|U-turn|p1a: Dondozo\n|-resisted|p1a: Dondozo\n|-damage|p1a: Dondozo|96\/100 slp\n|\n|t:|1727270109\n|switch|p2a: Dragapult|Dragapult, L50, M, tera:Dragon|59\/100|[from] U-turn\n|-status|p2a: Dragapult|psn\n|move|p2b: Dondozo|Fissure|p1a: Dondozo|[miss]\n|-miss|p2b: Dondozo|p1a: Dondozo\n|\n|-heal|p1a: Dondozo|100\/100 slp|[from] Grassy Terrain\n|-heal|p2a: Dragapult|65\/100 psn|[from] Grassy Terrain\n|-heal|p2b: Dondozo|94\/100 psn|[from] Grassy Terrain\n|-heal|p2b: Dondozo|100\/100 psn|[from] item: Leftovers\n|-damage|p2a: Dragapult|52\/100 psn|[from] psn\n|-damage|p2b: Dondozo|88\/100 psn|[from] psn\n|upkeep\n|turn|6\n|\n|t:|1727270131\n|-curestatus|p1a: Dondozo|slp|[msg]\n|move|p1a: Dondozo|Heavy Slam|p2a: Dragapult\n|-damage|p2a: Dragapult|0 fnt\n|faint|p2a: Dragapult\n|move|p2b: Dondozo|Fissure|p1a: Dondozo|[miss]\n|-miss|p2b: Dondozo|p1a: Dondozo\n|\n|-heal|p2b: Dondozo|94\/100 psn|[from] Grassy Terrain\n|-heal|p2b: Dondozo|100\/100 psn|[from] item: Leftovers\n|-damage|p2b: Dondozo|88\/100 psn|[from] psn\n|upkeep\n|-message|rough Pult forfeited.\n|\n|win|pmawarrior\n|raw|pmawarrior's rating: 1676 &rarr; <strong>1702<\/strong><br \/>(+26 for winning)\n|raw|rough Pult's rating: 1789 &rarr; <strong>1763<\/strong><br \/>(-26 for losing)\n|l|\u2606pmawarrior\n|player|p1|\n|l|\u2606rough Pult\n|player|p2|\n|l| jumbojoshenjoyer\n","uploadtime":1727270303,"views":20,"formatid":"gen9vgc2024regh","rating":1702,"private":0,"password":null}