{"id":"gen9vgc2024regh-2209470550","format":"[Gen 9] VGC 2024 Reg H","players":["Pokemonst3r","ren122333"],"log":"|j|\u2606Pokemonst3r\n|j|\u2606ren122333\n|t:|1727281054\n|gametype|doubles\n|player|p1|Pokemonst3r|2|1679\n|player|p2|ren122333|hilbert|1723\n|teamsize|p1|6\n|teamsize|p2|6\n|gen|9\n|tier|[Gen 9] VGC 2024 Reg H\n|rated|\n|rule|Species Clause: Limit one of each Pok\u00e9mon\n|rule|Item Clause: Limit 1 of each item\n|clearpoke\n|poke|p1|Archaludon, L50, M|\n|poke|p1|Pelipper, L50, M|\n|poke|p1|Gholdengo, L50|\n|poke|p1|Hydreigon, L50, F|\n|poke|p1|Basculegion, L50, M|\n|poke|p1|Amoonguss, L50, F|\n|poke|p2|Whimsicott, L50, M|\n|poke|p2|Mamoswine, L50, M|\n|poke|p2|Lycanroc-Dusk, L50, F|\n|poke|p2|Typhlosion-Hisui, L50, F|\n|poke|p2|Farigiraf, L50, F|\n|poke|p2|Mienshao, L50, M|\n|teampreview|4\n|inactive|Battle timer is ON: inactive players will automatically lose when time's up. (requested by Pokemonst3r)\n|j| lswagh\n|\n|t:|1727281073\n|start\n|switch|p1a: Basculegion|Basculegion, L50, M|100\/100\n|switch|p1b: Pelipper|Pelipper, L50, M|100\/100\n|switch|p2a: Whimsicott|Whimsicott, L50, M|100\/100\n|switch|p2b: Mienshao|Mienshao, L50, M|100\/100\n|-weather|RainDance|[from] ability: Drizzle|[of] p1b: Pelipper\n|turn|1\n|\n|t:|1727281090\n|-terastallize|p2b: Mienshao|Dark\n|move|p1a: Basculegion|Aqua Jet|p2b: Mienshao\n|-damage|p2b: Mienshao|22\/100\n|-damage|p1a: Basculegion|91\/100|[from] item: Life Orb\n|move|p2a: Whimsicott|Tailwind|p2a: Whimsicott\n|-sidestart|p2: ren122333|move: Tailwind\n|move|p2b: Mienshao|Knock Off|p1a: Basculegion\n|-supereffective|p1a: Basculegion\n|-damage|p1a: Basculegion|0 fnt\n|-enditem|p1a: Basculegion|Life Orb|[from] move: Knock Off|[of] p2b: Mienshao\n|faint|p1a: Basculegion\n|-damage|p2b: Mienshao|12\/100|[from] item: Life Orb\n|move|p1b: Pelipper|Hurricane|p2a: Whimsicott\n|-supereffective|p2a: Whimsicott\n|-damage|p2a: Whimsicott|0 fnt\n|faint|p2a: Whimsicott\n|\n|-weather|RainDance|[upkeep]\n|upkeep\n|\n|t:|1727281110\n|switch|p2a: Mamoswine|Mamoswine, L50, M|100\/100\n|switch|p1a: Archaludon|Archaludon, L50, M|100\/100\n|turn|2\n|\n|t:|1727281118\n|-terastallize|p1a: Archaludon|Flying\n|move|p2b: Mienshao|Knock Off|p1b: Pelipper\n|-damage|p1b: Pelipper|10\/100\n|-enditem|p1b: Pelipper|Focus Sash|[from] move: Knock Off|[of] p2b: Mienshao\n|-damage|p2b: Mienshao|2\/100|[from] item: Life Orb\n|move|p2a: Mamoswine|Icicle Crash|p1b: Pelipper\n|-damage|p1b: Pelipper|0 fnt\n|faint|p1b: Pelipper\n|move|p1a: Archaludon|Electro Shot||[still]\n|-prepare|p1a: Archaludon|Electro Shot\n|-boost|p1a: Archaludon|spa|1\n|-anim|p1a: Archaludon|Electro Shot|p2b: Mienshao\n|-damage|p2b: Mienshao|0 fnt\n|faint|p2b: Mienshao\n|\n|-weather|RainDance|[upkeep]\n|upkeep\n|\n|t:|1727281132\n|switch|p2b: Typhlosion|Typhlosion-Hisui, L50, F|100\/100\n|switch|p1b: Hydreigon|Hydreigon, L50, F|100\/100\n|-item|p1a: Archaludon|Assault Vest|[from] ability: Frisk|[of] p2b: Typhlosion\n|-item|p1b: Hydreigon|Covert Cloak|[from] ability: Frisk|[of] p2b: Typhlosion\n|turn|3\n|\n|t:|1727281146\n|move|p2b: Typhlosion|Shadow Ball|p1a: Archaludon\n|-damage|p1a: Archaludon|47\/100\n|-ability|p1a: Archaludon|Stamina|boost\n|-boost|p1a: Archaludon|def|1\n|move|p2a: Mamoswine|Icicle Crash|p1b: Hydreigon\n|-supereffective|p1b: Hydreigon\n|-damage|p1b: Hydreigon|0 fnt\n|faint|p1b: Hydreigon\n|move|p1a: Archaludon|Electro Shot||[still]\n|-prepare|p1a: Archaludon|Electro Shot\n|-boost|p1a: Archaludon|spa|1\n|-anim|p1a: Archaludon|Electro Shot|p2b: Typhlosion\n|-damage|p2b: Typhlosion|0 fnt\n|faint|p2b: Typhlosion\n|\n|-weather|RainDance|[upkeep]\n|upkeep\n|turn|4\n|j| Rah999\n|\n|t:|1727281163\n|move|p2a: Mamoswine|Icicle Crash|p1a: Archaludon|[miss]\n|-miss|p2a: Mamoswine|p1a: Archaludon\n|move|p1a: Archaludon|Body Press|p2a: Mamoswine\n|-supereffective|p2a: Mamoswine\n|-damage|p2a: Mamoswine|17\/100\n|\n|-weather|RainDance|[upkeep]\n|-sideend|p2: ren122333|move: Tailwind\n|upkeep\n|turn|5\n|l| Rah999\n|\n|t:|1727281172\n|move|p2a: Mamoswine|Icicle Crash|p1a: Archaludon|[miss]\n|-miss|p2a: Mamoswine|p1a: Archaludon\n|move|p1a: Archaludon|Body Press|p2a: Mamoswine\n|-supereffective|p2a: Mamoswine\n|-damage|p2a: Mamoswine|0 fnt\n|faint|p2a: Mamoswine\n|\n|win|Pokemonst3r\n|raw|Pokemonst3r's rating: 1679 &rarr; <strong>1702<\/strong><br \/>(+23 for winning)\n|raw|ren122333's rating: 1723 &rarr; <strong>1700<\/strong><br \/>(-23 for losing)\n|l|\u2606Pokemonst3r\n|player|p1|\n|c|\u2606ren122333|Really?\n|l|\u2606ren122333\n|player|p2|\n|l| lswagh\n","uploadtime":1727281402,"views":19,"formatid":"gen9vgc2024regh","rating":1700,"private":0,"password":null}