{"id":"gen9vgc2024regh-2209948144","format":"[Gen 9] VGC 2024 Reg H","players":["chappell murkroan","rough Pult"],"log":"|j|\u2606chappell murkroan\n|j|\u2606rough Pult\n|t:|1727335266\n|gametype|doubles\n|player|p1|chappell murkroan|caitlin|1726\n|player|p2|rough Pult|giovanni|1721\n|teamsize|p1|6\n|teamsize|p2|6\n|gen|9\n|tier|[Gen 9] VGC 2024 Reg H\n|rated|\n|rule|Species Clause: Limit one of each Pok\u00e9mon\n|rule|Item Clause: Limit 1 of each item\n|clearpoke\n|poke|p1|Slaking, L50, F|\n|poke|p1|Weezing, L50, M|\n|poke|p1|Dondozo, L50, F|\n|poke|p1|Tatsugiri, L50, F|\n|poke|p1|Talonflame, L50, M|\n|poke|p1|Brambleghast, L50, M|\n|poke|p2|Dondozo, L50, M|\n|poke|p2|Dragapult, L50, M|\n|poke|p2|Magmar, L50, F|\n|poke|p2|Kingambit, L50, M|\n|poke|p2|Rillaboom, L50, F|\n|poke|p2|Sneasler, L50, F|\n|teampreview|4\n|inactive|Battle timer is ON: inactive players will automatically lose when time's up. (requested by chappell murkroan)\n|\n|t:|1727335296\n|start\n|switch|p1a: Slaking|Slaking, L50, F, shiny|100\/100\n|switch|p1b: Weezing|Weezing, L50, M, shiny|100\/100\n|switch|p2a: Sneasler|Sneasler, L50, F|100\/100\n|switch|p2b: Kingambit|Kingambit, L50, M|100\/100\n|-ability|p1b: Weezing|Neutralizing Gas\n|turn|1\n|inactive|rough Pult has 30 seconds left.\n|\n|t:|1727335323\n|move|p1a: Slaking|Protect|p1a: Slaking\n|-singleturn|p1a: Slaking|Protect\n|move|p2a: Sneasler|Coaching|p2b: Kingambit\n|-boost|p2b: Kingambit|atk|1\n|-boost|p2b: Kingambit|def|1\n|move|p1b: Weezing|Sludge Bomb|p2a: Sneasler\n|-resisted|p2a: Sneasler\n|-damage|p2a: Sneasler|83\/100\n|move|p2b: Kingambit|Swords Dance|p2b: Kingambit\n|-boost|p2b: Kingambit|atk|2\n|\n|upkeep\n|turn|2\n|\n|t:|1727335342\n|switch|p1a: Tatsugiri|Tatsugiri, L50, F, shiny|100\/100\n|-end|p1b: Weezing|ability: Neutralizing Gas\n|switch|p1b: Dondozo|Dondozo, L50, F, shiny|100\/100\n|-activate|p1a: Tatsugiri|ability: Commander|[of] p1b: Dondozo\n|-boost|p1b: Dondozo|atk|2\n|-boost|p1b: Dondozo|spa|2\n|-boost|p1b: Dondozo|spe|2\n|-boost|p1b: Dondozo|def|2\n|-boost|p1b: Dondozo|spd|2\n|move|p2a: Sneasler|Protect|p2a: Sneasler\n|-singleturn|p2a: Sneasler|Protect\n|move|p2b: Kingambit|Kowtow Cleave|p1b: Dondozo\n|-damage|p1b: Dondozo|82\/100\n|\n|upkeep\n|turn|3\n|inactive|rough Pult has 30 seconds left.\n|\n|t:|1727335372\n|switch|p2a: Dondozo|Dondozo, L50, M|100\/100\n|move|p1b: Dondozo|Wave Crash|p2a: Dondozo\n|-resisted|p2a: Dondozo\n|-damage|p2a: Dondozo|83\/100\n|-damage|p1b: Dondozo|75\/100|[from] Recoil\n|move|p2b: Kingambit|Kowtow Cleave|p1b: Dondozo\n|-damage|p1b: Dondozo|58\/100\n|\n|-heal|p2a: Dondozo|90\/100|[from] item: Leftovers\n|upkeep\n|turn|4\n|inactive|rough Pult has 30 seconds left.\n|inactive|rough Pult has 20 seconds left.\n|inactive|rough Pult has 15 seconds left.\n|inactive|rough Pult has 10 seconds left.\n|inactive|rough Pult has 5 seconds left.\n|\n|t:|1727335422\n|move|p2b: Kingambit|Protect|p2b: Kingambit\n|-singleturn|p2b: Kingambit|Protect\n|move|p1b: Dondozo|Wave Crash|p2b: Kingambit\n|-activate|p2b: Kingambit|move: Protect\n|move|p2a: Dondozo|Yawn|p1b: Dondozo\n|-start|p1b: Dondozo|move: Yawn|[of] p2a: Dondozo\n|\n|-heal|p2a: Dondozo|96\/100|[from] item: Leftovers\n|upkeep\n|turn|5\n|\n|t:|1727335440\n|move|p2b: Kingambit|Sucker Punch|p1b: Dondozo\n|-damage|p1b: Dondozo|44\/100\n|move|p1b: Dondozo|Wave Crash|p2b: Kingambit\n|-damage|p2b: Kingambit|16\/100\n|-damage|p1b: Dondozo|19\/100|[from] Recoil\n|move|p2a: Dondozo|Fissure|p1b: Dondozo|[miss]\n|-miss|p2a: Dondozo|p1b: Dondozo\n|\n|-heal|p2a: Dondozo|100\/100|[from] item: Leftovers\n|-end|p1b: Dondozo|move: Yawn|[silent]\n|-status|p1b: Dondozo|slp\n|upkeep\n|turn|6\n|j| hachiware\n|\n|t:|1727335458\n|cant|p1b: Dondozo|slp\n|move|p2b: Kingambit|Kowtow Cleave|p1b: Dondozo\n|-damage|p1b: Dondozo|0 fnt\n|faint|p1b: Dondozo\n|move|p2a: Dondozo|Liquidation|p1a: Tatsugiri\n|-resisted|p1a: Tatsugiri\n|-crit|p1a: Tatsugiri\n|-damage|p1a: Tatsugiri|81\/100\n|\n|upkeep\n|\n|t:|1727335466\n|switch|p1b: Slaking|Slaking, L50, F, shiny|100\/100\n|turn|7\n|inactive|rough Pult has 30 seconds left.\n|\n|t:|1727335492\n|move|p2b: Kingambit|Sucker Punch|p1a: Tatsugiri\n|-damage|p1a: Tatsugiri|0 fnt\n|faint|p1a: Tatsugiri\n|move|p1b: Slaking|Double-Edge|p2a: Dondozo\n|-damage|p2a: Dondozo|48\/100\n|-damage|p1b: Slaking|81\/100|[from] Recoil\n|-damage|p1b: Slaking|71\/100|[from] item: Life Orb\n|move|p2a: Dondozo|Liquidation|p1b: Slaking\n|-damage|p1b: Slaking|48\/100\n|\n|-heal|p2a: Dondozo|54\/100|[from] item: Leftovers\n|upkeep\n|-message|chappell murkroan forfeited.\n|\n|win|rough Pult\n|raw|chappell murkroan's rating: 1726 &rarr; <strong>1706<\/strong><br \/>(-20 for losing)\n|raw|rough Pult's rating: 1721 &rarr; <strong>1741<\/strong><br \/>(+20 for winning)\n|l|\u2606chappell murkroan\n|player|p1|\n|l| hachiware\n|l|\u2606rough Pult\n|player|p2|\n","uploadtime":1727335652,"views":32,"formatid":"gen9vgc2024regh","rating":1706,"private":0,"password":null}