{"id":"gen9vgc2024regh-2209574739","format":"[Gen 9] VGC 2024 Reg H","players":["kiwigal","ren122333"],"log":"|j|\u2606kiwigal\n|j|\u2606ren122333\n|t:|1727289888\n|gametype|doubles\n|player|p1|kiwigal|emma|1756\n|player|p2|ren122333|hilbert|1731\n|teamsize|p1|6\n|teamsize|p2|6\n|gen|9\n|tier|[Gen 9] VGC 2024 Reg H\n|rated|\n|rule|Species Clause: Limit one of each Pok\u00e9mon\n|rule|Item Clause: Limit 1 of each item\n|clearpoke\n|poke|p1|Porygon2, L50|\n|poke|p1|Grimmsnarl, L50, M|\n|poke|p1|Araquanid, L50, F|\n|poke|p1|Gholdengo, L50|\n|poke|p1|Amoonguss, L50, F|\n|poke|p1|Arcanine-Hisui, L50, M|\n|poke|p2|Whimsicott, L50, M|\n|poke|p2|Mamoswine, L50, M|\n|poke|p2|Lycanroc-Dusk, L50, M|\n|poke|p2|Typhlosion-Hisui, L50, F|\n|poke|p2|Farigiraf, L50, M|\n|poke|p2|Mienshao, L50, F|\n|teampreview|4\n|\n|t:|1727289917\n|start\n|switch|p1a: Grimmsnarl|Grimmsnarl, L50, M|100\/100\n|switch|p1b: Porygon2|Porygon2, L50|100\/100\n|switch|p2a: Lycanroc|Lycanroc-Dusk, L50, M|100\/100\n|switch|p2b: Farigiraf|Farigiraf, L50, M|100\/100\n|-ability|p1b: Porygon2|Tough Claws|[from] ability: Trace|[of] p2a: Lycanroc\n|turn|1\n|\n|t:|1727289928\n|move|p1a: Grimmsnarl|Reflect|p1a: Grimmsnarl\n|-sidestart|p1: kiwigal|Reflect\n|move|p2a: Lycanroc|Rock Slide|p1b: Porygon2|[spread] p1a,p1b\n|-damage|p1a: Grimmsnarl|85\/100\n|-damage|p1b: Porygon2|90\/100\n|move|p2b: Farigiraf|Imprison|p2b: Farigiraf\n|-start|p2b: Farigiraf|move: Imprison\n|cant|p1b: Porygon2|flinch\n|\n|upkeep\n|turn|2\n|\n|t:|1727289938\n|move|p2a: Lycanroc|Rock Slide|p1b: Porygon2|[spread] p1a,p1b\n|-damage|p1a: Grimmsnarl|68\/100\n|-damage|p1b: Porygon2|79\/100\n|move|p2b: Farigiraf|Hyper Voice|p1a: Grimmsnarl|[spread] p1a,p1b\n|-damage|p1a: Grimmsnarl|34\/100\n|-damage|p1b: Porygon2|60\/100\n|-enditem|p2b: Farigiraf|Throat Spray\n|-boost|p2b: Farigiraf|spa|1|[from] item: Throat Spray\n|cant|p1b: Porygon2|flinch\n|move|p1a: Grimmsnarl|Spirit Break|p2a: Lycanroc\n|-damage|p2a: Lycanroc|46\/100\n|-unboost|p2a: Lycanroc|spa|1\n|\n|upkeep\n|turn|3\n|\n|t:|1727289951\n|move|p1a: Grimmsnarl|Light Screen|p1a: Grimmsnarl\n|-sidestart|p1: kiwigal|move: Light Screen\n|move|p2a: Lycanroc|Rock Slide|p1b: Porygon2|[spread] p1a,p1b\n|-damage|p1a: Grimmsnarl|17\/100\n|-damage|p1b: Porygon2|49\/100\n|move|p1b: Porygon2|Ice Beam|p2a: Lycanroc\n|-damage|p2a: Lycanroc|8\/100\n|move|p2b: Farigiraf|Hyper Voice|p1a: Grimmsnarl|[spread] p1a,p1b\n|-damage|p1a: Grimmsnarl|0 fnt\n|-damage|p1b: Porygon2|31\/100\n|faint|p1a: Grimmsnarl\n|\n|upkeep\n|\n|t:|1727289963\n|switch|p1a: Araquanid|Araquanid, L50, F|100\/100\n|turn|4\n|\n|t:|1727289974\n|move|p1a: Araquanid|Wide Guard|p1a: Araquanid\n|-singleturn|p1a: Araquanid|Wide Guard\n|move|p2a: Lycanroc|Throat Chop|p1b: Porygon2\n|-damage|p1b: Porygon2|16\/100\n|-start|p1b: Porygon2|Throat Chop|[silent]\n|move|p2b: Farigiraf|Psychic|p1b: Porygon2\n|-damage|p1b: Porygon2|0 fnt\n|faint|p1b: Porygon2\n|\n|upkeep\n|\n|t:|1727289978\n|switch|p1b: Amoonguss|Amoonguss, L50, F|100\/100\n|turn|5\n|\n|t:|1727289987\n|-terastallize|p1a: Araquanid|Grass\n|move|p2a: Lycanroc|Rock Slide|p1a: Araquanid|[spread] p1a,p1b\n|-damage|p1a: Araquanid|80\/100\n|-damage|p1b: Amoonguss|83\/100\n|move|p2b: Farigiraf|Psychic|p1b: Amoonguss\n|-supereffective|p1b: Amoonguss\n|-damage|p1b: Amoonguss|15\/100\n|-enditem|p1b: Amoonguss|Sitrus Berry|[eat]\n|-heal|p1b: Amoonguss|40\/100|[from] item: Sitrus Berry\n|move|p1a: Araquanid|Leech Life|p2b: Farigiraf\n|-supereffective|p2b: Farigiraf\n|-crit|p2b: Farigiraf\n|-damage|p2b: Farigiraf|2\/100\n|-heal|p1a: Araquanid|100\/100|[from] drain|[of] p2b: Farigiraf\n|move|p1b: Amoonguss|Spore|p2a: Lycanroc\n|-status|p2a: Lycanroc|slp|[from] move: Spore\n|\n|upkeep\n|turn|6\n|\n|t:|1727290006\n|move|p1b: Amoonguss|Protect|p1b: Amoonguss\n|-singleturn|p1b: Amoonguss|Protect\n|cant|p2a: Lycanroc|slp\n|move|p2b: Farigiraf|Psychic|p1b: Amoonguss\n|-activate|p1b: Amoonguss|move: Protect\n|move|p1a: Araquanid|Liquidation|p2b: Farigiraf\n|-damage|p2b: Farigiraf|0 fnt\n|faint|p2b: Farigiraf\n|\n|upkeep\n|\n|t:|1727290008\n|switch|p2b: Typhlosion|Typhlosion-Hisui, L50, F|100\/100\n|-item|p1a: Araquanid|Clear Amulet|[from] ability: Frisk|[of] p2b: Typhlosion\n|turn|7\n|\n|t:|1727290020\n|-terastallize|p2b: Typhlosion|Fire\n|move|p1a: Araquanid|Wide Guard|p1a: Araquanid\n|-singleturn|p1a: Araquanid|Wide Guard\n|cant|p2a: Lycanroc|slp\n|move|p2b: Typhlosion|Flamethrower|p1b: Amoonguss\n|-supereffective|p1b: Amoonguss\n|-crit|p1b: Amoonguss\n|-damage|p1b: Amoonguss|0 fnt\n|faint|p1b: Amoonguss\n|\n|upkeep\n|turn|8\n|j| futonkagebunshin\n|\n|t:|1727290031\n|-curestatus|p2a: Lycanroc|slp|[msg]\n|move|p2a: Lycanroc|Rock Slide|p1a: Araquanid\n|-damage|p1a: Araquanid|73\/100\n|move|p2b: Typhlosion|Flamethrower|p1a: Araquanid\n|-supereffective|p1a: Araquanid\n|-damage|p1a: Araquanid|25\/100\n|move|p1a: Araquanid|Liquidation|p2b: Typhlosion\n|-supereffective|p2b: Typhlosion\n|-crit|p2b: Typhlosion\n|-damage|p2b: Typhlosion|0 fnt\n|faint|p2b: Typhlosion\n|\n|-sideend|p1: kiwigal|Reflect\n|upkeep\n|\n|t:|1727290042\n|switch|p2b: Mienshao|Mienshao, L50, F|100\/100\n|turn|9\n|-message|kiwigal forfeited.\n|\n|win|ren122333\n|raw|kiwigal's rating: 1756 &rarr; <strong>1735<\/strong><br \/>(-21 for losing)\n|raw|ren122333's rating: 1731 &rarr; <strong>1752<\/strong><br \/>(+21 for winning)\n|l|\u2606kiwigal\n|player|p1|\n|l|\u2606ren122333\n|player|p2|\n","uploadtime":1727290278,"views":30,"formatid":"gen9vgc2024regh","rating":1735,"private":0,"password":null}