{"id":"gen9vgc2024regh-2209273702","format":"[Gen 9] VGC 2024 Reg H","players":["Js1132","YoungJeffNBA"],"log":"|j|\u2606Js1132\n|j|\u2606YoungJeffNBA\n|t:|1727261488\n|gametype|doubles\n|player|p1|Js1132|2|1682\n|player|p2|YoungJeffNBA|101|1749\n|teamsize|p1|6\n|teamsize|p2|6\n|gen|9\n|tier|[Gen 9] VGC 2024 Reg H\n|rated|\n|rule|Species Clause: Limit one of each Pok\u00e9mon\n|rule|Item Clause: Limit 1 of each item\n|clearpoke\n|poke|p1|Dragapult, L50, F|\n|poke|p1|Sneasler, L50, M|\n|poke|p1|Rillaboom, L50, M|\n|poke|p1|Kingambit, L50, F|\n|poke|p1|Primarina, L50, M|\n|poke|p1|Electabuzz, L50, F|\n|poke|p2|Tyranitar, L50, F|\n|poke|p2|Lycanroc, L50, M|\n|poke|p2|Indeedee, L50, M|\n|poke|p2|Gastrodon-East, L50, F|\n|poke|p2|Annihilape, L50, F|\n|poke|p2|Gholdengo, L50|\n|teampreview|4\n|\n|t:|1727261513\n|start\n|switch|p1a: Bishop|Dragapult, L50, F, shiny|100\/100\n|switch|p1b: King|Sneasler, L50, M, shiny|100\/100\n|switch|p2a: Lycanroc|Lycanroc, L50, M|100\/100\n|switch|p2b: Tyranitar|Tyranitar, L50, F|100\/100\n|-weather|Sandstorm|[from] ability: Sand Stream|[of] p2b: Tyranitar\n|turn|1\n|j| Juliana is my name\n|j| pogafina\n|\n|t:|1727261530\n|-terastallize|p1a: Bishop|Dragon\n|move|p2a: Lycanroc|Protect|p2a: Lycanroc\n|-singleturn|p2a: Lycanroc|Protect\n|move|p2b: Tyranitar|Protect|p2b: Tyranitar\n|-singleturn|p2b: Tyranitar|Protect\n|move|p1b: King|Fake Out|p2b: Tyranitar\n|-activate|p2b: Tyranitar|move: Protect\n|move|p1a: Bishop|Dragon Darts|p2b: Tyranitar\n|-activate|p2a: Lycanroc|move: Protect\n|\n|-weather|Sandstorm|[upkeep]\n|-damage|p1a: Bishop|94\/100|[from] Sandstorm\n|-damage|p1b: King|95\/100|[from] Sandstorm\n|upkeep\n|turn|2\n|\n|t:|1727261554\n|-terastallize|p2b: Tyranitar|Flying\n|move|p2a: Lycanroc|Rock Slide|p1b: King|[spread] p1a,p1b\n|-resisted|p1b: King\n|-damage|p1a: Bishop|54\/100\n|-damage|p1b: King|70\/100\n|move|p1a: Bishop|Dragon Darts|p2a: Lycanroc\n|-damage|p2a: Lycanroc|9\/100\n|-anim|p1a: Bishop|Dragon Darts|p2b: Tyranitar\n|-damage|p2b: Tyranitar|58\/100\n|cant|p1b: King|flinch\n|move|p2b: Tyranitar|Tera Blast|p1b: King|[anim] Tera Blast Flying\n|-supereffective|p1b: King\n|-damage|p1b: King|0 fnt\n|faint|p1b: King\n|\n|-weather|Sandstorm|[upkeep]\n|-damage|p1a: Bishop|48\/100|[from] Sandstorm\n|-damage|p2b: Tyranitar|52\/100|[from] Sandstorm\n|upkeep\n|\n|t:|1727261569\n|switch|p1b: Rook|Rillaboom, L50, M|100\/100\n|-fieldstart|move: Grassy Terrain|[from] ability: Grassy Surge|[of] p1b: Rook\n|turn|3\n|\n|t:|1727261579\n|switch|p2b: Indeedee|Indeedee, L50, M|100\/100\n|-fieldstart|move: Psychic Terrain|[from] ability: Psychic Surge|[of] p2b: Indeedee\n|move|p1b: Rook|Fake Out|p2a: Lycanroc\n|-activate|p2a: Lycanroc|move: Psychic Terrain\n|move|p2a: Lycanroc|Close Combat|p1a: Bishop\n|-damage|p1a: Bishop|0 fnt\n|-unboost|p2a: Lycanroc|def|1\n|-unboost|p2a: Lycanroc|spd|1\n|faint|p1a: Bishop\n|\n|-weather|Sandstorm|[upkeep]\n|-damage|p2b: Indeedee|95\/100|[from] Sandstorm\n|-damage|p1b: Rook|95\/100|[from] Sandstorm\n|upkeep\n|\n|t:|1727261584\n|switch|p1a: Queen|Primarina, L50, M, shiny|100\/100\n|turn|4\n|\n|t:|1727261597\n|move|p2a: Lycanroc|Rock Slide|p1a: Queen|[spread] p1a,p1b\n|-damage|p1a: Queen|65\/100\n|-damage|p1b: Rook|66\/100\n|move|p2b: Indeedee|Expanding Force|p1a: Queen|[spread] p1a,p1b\n|-damage|p1a: Queen|19\/100\n|-damage|p1b: Rook|26\/100\n|cant|p1b: Rook|flinch\n|cant|p1a: Queen|flinch\n|\n|-weather|Sandstorm|[upkeep]\n|-damage|p2b: Indeedee|89\/100|[from] Sandstorm\n|-damage|p1b: Rook|20\/100|[from] Sandstorm\n|-damage|p1a: Queen|13\/100|[from] Sandstorm\n|upkeep\n|turn|5\n|l| pogafina\n|l|\u2606Js1132\n|player|p1|\n|c|\u2606YoungJeffNBA|wow\n|c|\u2606YoungJeffNBA|I gonna buy a lottery ticket\n|inactive|Battle timer is ON: inactive players will automatically lose when time's up. (requested by YoungJeffNBA)\n|inactive|Js1132 has 30 seconds to reconnect!\n|j| Hyperhit94\n|inactive|Js1132 has 20 seconds to reconnect!\n|inactive|Js1132 has 15 seconds to reconnect!\n|inactive|Js1132 has 10 seconds to reconnect!\n|inactive|Js1132 has 5 seconds to reconnect!\n|-message|Js1132 lost due to inactivity.\n|\n|win|YoungJeffNBA\n|raw|Js1132's rating: 1682 &rarr; <strong>1666<\/strong><br \/>(-16 for losing)\n|raw|YoungJeffNBA's rating: 1749 &rarr; <strong>1765<\/strong><br \/>(+16 for winning)\n|j| Jibaobao\n|l|\u2606YoungJeffNBA\n|player|p2|\n","uploadtime":1727261863,"views":38,"formatid":"gen9vgc2024regh","rating":1666,"private":0,"password":null}