{"id":"gen9vgc2024regh-2209885900","format":"[Gen 9] VGC 2024 Reg H","players":["memory eraser","StrangrDangr"],"log":"|j|\u2606memory eraser\n|j|\u2606StrangrDangr\n|t:|1727324613\n|gametype|doubles\n|player|p1|memory eraser|skyla|1792\n|player|p2|StrangrDangr|102|1689\n|teamsize|p1|6\n|teamsize|p2|6\n|gen|9\n|tier|[Gen 9] VGC 2024 Reg H\n|rated|\n|rule|Species Clause: Limit one of each Pok\u00e9mon\n|rule|Item Clause: Limit 1 of each item\n|clearpoke\n|poke|p1|Arcanine-Hisui, L50, F|\n|poke|p1|Serperior, L50, F|\n|poke|p1|Umbreon, L50, M|\n|poke|p1|Ursaluna-Bloodmoon, L50, M|\n|poke|p1|Clefable, L50, F|\n|poke|p1|Archaludon, L50, F|\n|poke|p2|Dragapult, L50, M|\n|poke|p2|Ursaluna-Bloodmoon, L50, M|\n|poke|p2|Gholdengo, L50|\n|poke|p2|Porygon2, L50|\n|poke|p2|Decidueye-Hisui, L50, M|\n|poke|p2|Arcanine-Hisui, L50, M|\n|teampreview|4\n|inactive|Battle timer is ON: inactive players will automatically lose when time's up. (requested by memory eraser)\n|j| darkrinorex\n|inactive|memory eraser has 60 seconds left.\n|inactive|StrangrDangr has 60 seconds left.\n|\n|t:|1727324660\n|start\n|switch|p1a: Ursaluna|Ursaluna-Bloodmoon, L50, M|100\/100\n|switch|p1b: Arcanine|Arcanine-Hisui, L50, F, shiny|100\/100\n|switch|p2a: Dragapult|Dragapult, L50, M|100\/100\n|switch|p2b: Ursaluna|Ursaluna-Bloodmoon, L50, M|100\/100\n|turn|1\n|\n|t:|1727324680\n|move|p2a: Dragapult|Thunder Wave|p1b: Arcanine\n|-status|p1b: Arcanine|par\n|move|p1a: Ursaluna|Blood Moon|p2b: Ursaluna\n|-damage|p2b: Ursaluna|48\/100\n|move|p2b: Ursaluna|Earth Power|p1b: Arcanine\n|-supereffective|p1b: Arcanine\n|-enditem|p1b: Arcanine|Focus Sash\n|-damage|p1b: Arcanine|1\/100 par\n|cant|p1b: Arcanine|par\n|\n|upkeep\n|turn|2\n|inactive|StrangrDangr has 30 seconds left.\n|\n|t:|1727324714\n|cant|p1b: Arcanine|par\n|move|p2a: Dragapult|Light Screen|p2a: Dragapult\n|-sidestart|p2: StrangrDangr|move: Light Screen\n|move|p1a: Ursaluna|Hyper Voice|p2a: Dragapult|[spread] p2a,p2b\n|-damage|p2a: Dragapult|75\/100\n|-damage|p2b: Ursaluna|31\/100\n|move|p2b: Ursaluna|Hyper Voice|p1b: Arcanine|[spread] p1a,p1b\n|-resisted|p1b: Arcanine\n|-damage|p1a: Ursaluna|77\/100\n|-damage|p1b: Arcanine|0 fnt\n|faint|p1b: Arcanine\n|\n|upkeep\n|\n|t:|1727324718\n|switch|p1b: Umbreon|Umbreon, L50, M, shiny|100\/100\n|turn|3\n|\n|t:|1727324740\n|switch|p2b: Gholdengo|Gholdengo, L50|100\/100\n|move|p2a: Dragapult|Will-O-Wisp|p1b: Umbreon\n|-status|p1b: Umbreon|brn\n|move|p1b: Umbreon|Foul Play|p2a: Dragapult\n|-supereffective|p2a: Dragapult\n|-damage|p2a: Dragapult|43\/100\n|move|p1a: Ursaluna|Blood Moon|p2b: Gholdengo\n|-resisted|p2b: Gholdengo\n|-damage|p2b: Gholdengo|78\/100\n|\n|-heal|p2b: Gholdengo|85\/100|[from] item: Leftovers\n|-damage|p1b: Umbreon|95\/100 brn|[from] brn\n|upkeep\n|turn|4\n|j| plplk\n|inactive|StrangrDangr has 30 seconds left.\n|inactive|StrangrDangr has 20 seconds left.\n|inactive|StrangrDangr has 15 seconds left.\n|\n|t:|1727324781\n|switch|p2a: Decidueye|Decidueye-Hisui, L50, M|100\/100\n|move|p2b: Gholdengo|Nasty Plot|p2b: Gholdengo\n|-boost|p2b: Gholdengo|spa|2\n|move|p1b: Umbreon|Snarl|p2a: Decidueye|[spread] p2a,p2b\n|-resisted|p2a: Decidueye\n|-supereffective|p2b: Gholdengo\n|-damage|p2a: Decidueye|97\/100\n|-damage|p2b: Gholdengo|72\/100\n|-unboost|p2a: Decidueye|spa|1\n|-unboost|p2b: Gholdengo|spa|1\n|move|p1a: Ursaluna|Earth Power|p2b: Gholdengo\n|-supereffective|p2b: Gholdengo\n|-damage|p2b: Gholdengo|10\/100\n|\n|-heal|p2b: Gholdengo|16\/100|[from] item: Leftovers\n|-damage|p1b: Umbreon|89\/100 brn|[from] brn\n|upkeep\n|turn|5\n|\n|t:|1727324801\n|-terastallize|p1a: Ursaluna|Ghost\n|move|p2b: Gholdengo|Protect|p2b: Gholdengo\n|-singleturn|p2b: Gholdengo|Protect\n|move|p1a: Ursaluna|Vacuum Wave|p2b: Gholdengo\n|-activate|p2b: Gholdengo|move: Protect\n|move|p2a: Decidueye|Triple Arrows|p1a: Ursaluna\n|-damage|p1a: Ursaluna|40\/100\n|move|p1b: Umbreon|Yawn|p2a: Decidueye\n|-start|p2a: Decidueye|move: Yawn|[of] p1b: Umbreon\n|\n|-heal|p2b: Gholdengo|22\/100|[from] item: Leftovers\n|-damage|p1b: Umbreon|83\/100 brn|[from] brn\n|upkeep\n|turn|6\n|inactive|StrangrDangr has 30 seconds left.\n|\n|t:|1727324828\n|switch|p2b: Dragapult|Dragapult, L50, M|43\/100\n|switch|p1b: Serperior|Serperior, L50, F|100\/100\n|move|p1a: Ursaluna|Vacuum Wave|p2b: Dragapult\n|-damage|p2b: Dragapult|32\/100\n|move|p2a: Decidueye|Triple Arrows|p1b: Serperior\n|-crit|p1b: Serperior\n|-damage|p1b: Serperior|21\/100\n|-boost|p1b: Serperior|def|1\n|-enditem|p1b: Serperior|Sitrus Berry|[eat]\n|-heal|p1b: Serperior|46\/100|[from] item: Sitrus Berry\n|\n|-end|p2a: Decidueye|move: Yawn|[silent]\n|-status|p2a: Decidueye|slp\n|-sideend|p2: StrangrDangr|move: Light Screen\n|upkeep\n|turn|7\n|\n|t:|1727324853\n|switch|p1b: Umbreon|Umbreon, L50, M, shiny|83\/100 brn\n|move|p2b: Dragapult|Hex|p1a: Ursaluna\n|-supereffective|p1a: Ursaluna\n|-damage|p1a: Ursaluna|10\/100\n|cant|p2a: Decidueye|slp\n|move|p1a: Ursaluna|Hyper Voice|p2a: Decidueye|[spread] p2a,p2b\n|-damage|p2a: Decidueye|60\/100 slp\n|-damage|p2b: Dragapult|0 fnt\n|faint|p2b: Dragapult\n|\n|-damage|p1b: Umbreon|77\/100 brn|[from] brn\n|upkeep\n|\n|t:|1727324869\n|switch|p2b: Gholdengo|Gholdengo, L50|22\/100\n|turn|8\n|\n|t:|1727324875\n|move|p2b: Gholdengo|Make It Rain|p1b: Umbreon|[spread] p1a,p1b\n|-damage|p1a: Ursaluna|0 fnt\n|-damage|p1b: Umbreon|51\/100 brn\n|-unboost|p2b: Gholdengo|spa|1\n|faint|p1a: Ursaluna\n|cant|p2a: Decidueye|slp\n|move|p1b: Umbreon|Snarl|p2a: Decidueye|[spread] p2a,p2b\n|-resisted|p2a: Decidueye\n|-supereffective|p2b: Gholdengo\n|-damage|p2a: Decidueye|55\/100 slp\n|-damage|p2b: Gholdengo|4\/100\n|-unboost|p2a: Decidueye|spa|1\n|-unboost|p2b: Gholdengo|spa|1\n|\n|-heal|p2b: Gholdengo|10\/100|[from] item: Leftovers\n|-damage|p1b: Umbreon|46\/100 brn|[from] brn\n|upkeep\n|\n|t:|1727324877\n|switch|p1a: Serperior|Serperior, L50, F|46\/100\n|turn|9\n|inactive|StrangrDangr has 30 seconds left.\n|inactive|StrangrDangr has 20 seconds left.\n|\n|t:|1727324914\n|move|p2b: Gholdengo|Protect|p2b: Gholdengo\n|-singleturn|p2b: Gholdengo|Protect\n|move|p1a: Serperior|Leaf Storm|p2b: Gholdengo\n|-activate|p2b: Gholdengo|move: Protect\n|-curestatus|p2a: Decidueye|slp|[msg]\n|move|p2a: Decidueye|Triple Arrows|p1a: Serperior\n|-damage|p1a: Serperior|0 fnt\n|faint|p1a: Serperior\n|move|p1b: Umbreon|Foul Play|p2a: Decidueye\n|-resisted|p2a: Decidueye\n|-damage|p2a: Decidueye|42\/100\n|\n|-heal|p2b: Gholdengo|16\/100|[from] item: Leftovers\n|-damage|p1b: Umbreon|40\/100 brn|[from] brn\n|upkeep\n|turn|10\n|-message|memory eraser forfeited.\n|\n|win|StrangrDangr\n|raw|memory eraser's rating: 1792 &rarr; <strong>1766<\/strong><br \/>(-26 for losing)\n|raw|StrangrDangr's rating: 1689 &rarr; <strong>1715<\/strong><br \/>(+26 for winning)\n|l|\u2606memory eraser\n|player|p1|\n|l|\u2606StrangrDangr\n|player|p2|\n|l| darkrinorex\n|l| plplk\n","uploadtime":1727325157,"views":20,"formatid":"gen9vgc2024regh","rating":1715,"private":0,"password":null}