{"id":"gen9vgc2024regh-2209798218","format":"[Gen 9] VGC 2024 Reg H","players":["Clementine1997","mattun"],"log":"|j|\u2606Clementine1997\n|j|\u2606mattun\n|t:|1727313287\n|gametype|doubles\n|player|p1|Clementine1997|dawn|1688\n|player|p2|mattun|265|1782\n|teamsize|p1|6\n|teamsize|p2|6\n|gen|9\n|tier|[Gen 9] VGC 2024 Reg H\n|rated|\n|rule|Species Clause: Limit one of each Pok\u00e9mon\n|rule|Item Clause: Limit 1 of each item\n|clearpoke\n|poke|p1|Primarina, L50, F|\n|poke|p1|Kingambit, L50, F|\n|poke|p1|Incineroar, L50, F|\n|poke|p1|Rillaboom, L50, F|\n|poke|p1|Ursaluna-Bloodmoon, L50, M|\n|poke|p1|Whimsicott, L50, F|\n|poke|p2|Blastoise, L50, M|\n|poke|p2|Serperior, L50, F|\n|poke|p2|Sylveon, L50, F|\n|poke|p2|Indeedee, L50, M|\n|poke|p2|Gallade, L50, M|\n|poke|p2|Drifblim, L50, M|\n|teampreview|4\n|j| Therazer456\n|inactive|Battle timer is ON: inactive players will automatically lose when time's up. (requested by Clementine1997)\n|\n|t:|1727313326\n|start\n|switch|p1a: Whimsicott|Whimsicott, L50, F, shiny|100\/100\n|switch|p1b: Ursaluna|Ursaluna-Bloodmoon, L50, M|100\/100\n|switch|p2a: Blastoise|Blastoise, L50, M|100\/100\n|switch|p2b: Serperior|Serperior, L50, F|100\/100\n|turn|1\n|\n|t:|1727313339\n|-terastallize|p1b: Ursaluna|Fairy\n|move|p1a: Whimsicott|Tailwind|p1a: Whimsicott\n|-sidestart|p1: Clementine1997|move: Tailwind\n|move|p1b: Ursaluna|Blood Moon|p2b: Serperior\n|-damage|p2b: Serperior|25\/100\n|-damage|p1b: Ursaluna|91\/100|[from] item: Life Orb\n|move|p2b: Serperior|Grass Pledge|p1b: Ursaluna\n|-waiting|p2b: Serperior|p2a: Blastoise\n|move|p2a: Blastoise|Water Pledge|p1b: Ursaluna|[from]move: Grass Pledge\n|-combine\n|-damage|p1b: Ursaluna|4\/100\n|-sidestart|p1: Clementine1997|Grass Pledge\n|\n|upkeep\n|turn|2\n|\n|t:|1727313356\n|move|p1b: Ursaluna|Protect|p1b: Ursaluna\n|-singleturn|p1b: Ursaluna|Protect\n|move|p2b: Serperior|Grass Pledge|p1b: Ursaluna\n|-activate|p1b: Ursaluna|move: Protect\n|move|p2a: Blastoise|Water Spout|p1b: Ursaluna|[spread] p1a\n|-activate|p1b: Ursaluna|move: Protect\n|-resisted|p1a: Whimsicott\n|-damage|p1a: Whimsicott|65\/100\n|move|p1a: Whimsicott|Trick Room|p1a: Whimsicott\n|-fieldstart|move: Trick Room|[of] p1a: Whimsicott\n|\n|upkeep\n|turn|3\n|j| moon7777\n|\n|t:|1727313374\n|move|p2a: Blastoise|Protect|p2a: Blastoise\n|-singleturn|p2a: Blastoise|Protect\n|move|p1b: Ursaluna|Blood Moon|p2a: Blastoise\n|-activate|p2a: Blastoise|move: Protect\n|move|p1a: Whimsicott|Moonblast|p2b: Serperior\n|-damage|p2b: Serperior|4\/100\n|move|p2b: Serperior|Leaf Storm|p1a: Whimsicott\n|-resisted|p1a: Whimsicott\n|-damage|p1a: Whimsicott|35\/100\n|-boost|p2b: Serperior|spa|2\n|\n|upkeep\n|turn|4\n|\n|t:|1727313398\n|switch|p1b: Rillaboom|Rillaboom, L50, F, shiny|100\/100\n|-fieldstart|move: Grassy Terrain|[from] ability: Grassy Surge|[of] p1b: Rillaboom\n|move|p1a: Whimsicott|Encore|p2a: Blastoise\n|-start|p2a: Blastoise|Encore\n|move|p2a: Blastoise|Protect||[still]\n|-fail|p2a: Blastoise\n|move|p2b: Serperior|Leaf Storm|p1a: Whimsicott|[miss]\n|-miss|p2b: Serperior|p1a: Whimsicott\n|\n|-heal|p1a: Whimsicott|41\/100|[from] Grassy Terrain\n|-heal|p2b: Serperior|10\/100|[from] Grassy Terrain\n|-sideend|p1: Clementine1997|move: Tailwind\n|-sideend|p1: Clementine1997|Grass Pledge\n|upkeep\n|turn|5\n|j| Rabbihorn\n|\n|t:|1727313416\n|switch|p2a: Sylveon|Sylveon, L50, F|100\/100\n|move|p1b: Rillaboom|Fake Out|p2b: Serperior\n|-damage|p2b: Serperior|0 fnt\n|faint|p2b: Serperior\n|move|p1a: Whimsicott|Moonblast|p2a: Sylveon\n|-damage|p2a: Sylveon|79\/100\n|\n|-heal|p2a: Sylveon|85\/100|[from] Grassy Terrain\n|-heal|p1a: Whimsicott|47\/100|[from] Grassy Terrain\n|upkeep\n|\n|t:|1727313430\n|switch|p2b: Blastoise|Blastoise, L50, M|100\/100\n|turn|6\n|\n|t:|1727313453\n|switch|p1a: Kingambit|Kingambit, L50, F, shiny|100\/100\n|-terastallize|p2a: Sylveon|Fairy\n|move|p1b: Rillaboom|U-turn|p2a: Sylveon\n|-resisted|p2a: Sylveon\n|-damage|p2a: Sylveon|66\/100\n|\n|t:|1727313459\n|switch|p1b: Whimsicott|Whimsicott, L50, F, shiny|47\/100|[from] U-turn\n|move|p2a: Sylveon|Hyper Voice|p1b: Whimsicott|[spread] p1a,p1b\n|-damage|p1a: Kingambit|47\/100\n|-damage|p1b: Whimsicott|0 fnt\n|-enditem|p1a: Kingambit|Sitrus Berry|[eat]\n|-heal|p1a: Kingambit|72\/100|[from] item: Sitrus Berry\n|faint|p1b: Whimsicott\n|-enditem|p2a: Sylveon|Throat Spray\n|-boost|p2a: Sylveon|spa|1|[from] item: Throat Spray\n|move|p2b: Blastoise|Water Pledge|p1a: Kingambit\n|-crit|p1a: Kingambit\n|-damage|p1a: Kingambit|15\/100\n|\n|-heal|p1a: Kingambit|21\/100|[from] Grassy Terrain\n|-heal|p2a: Sylveon|71\/100|[from] Grassy Terrain\n|-fieldend|move: Trick Room\n|upkeep\n|\n|t:|1727313466\n|switch|p1b: Rillaboom|Rillaboom, L50, F, shiny|100\/100\n|turn|7\n|\n|t:|1727313482\n|move|p2b: Blastoise|Protect|p2b: Blastoise\n|-singleturn|p2b: Blastoise|Protect\n|move|p2a: Sylveon|Protect|p2a: Sylveon\n|-singleturn|p2a: Sylveon|Protect\n|move|p1b: Rillaboom|Fake Out|p2a: Sylveon\n|-activate|p2a: Sylveon|move: Protect\n|move|p1a: Kingambit|Iron Head|p2a: Sylveon\n|-activate|p2a: Sylveon|move: Protect\n|\n|-heal|p2a: Sylveon|77\/100|[from] Grassy Terrain\n|-heal|p1a: Kingambit|27\/100|[from] Grassy Terrain\n|upkeep\n|turn|8\n|\n|t:|1727313491\n|move|p1a: Kingambit|Protect|p1a: Kingambit\n|-singleturn|p1a: Kingambit|Protect\n|move|p1b: Rillaboom|Grassy Glide|p2b: Blastoise\n|-supereffective|p2b: Blastoise\n|-damage|p2b: Blastoise|22\/100\n|move|p2b: Blastoise|Water Pledge|p1b: Rillaboom\n|-resisted|p1b: Rillaboom\n|-damage|p1b: Rillaboom|62\/100\n|move|p2a: Sylveon|Hyper Voice|p1b: Rillaboom|[spread] p1b\n|-activate|p1a: Kingambit|move: Protect\n|-damage|p1b: Rillaboom|0 fnt\n|faint|p1b: Rillaboom\n|\n|-heal|p2b: Blastoise|28\/100|[from] Grassy Terrain\n|-heal|p2a: Sylveon|83\/100|[from] Grassy Terrain\n|-heal|p1a: Kingambit|33\/100|[from] Grassy Terrain\n|-fieldend|move: Grassy Terrain\n|upkeep\n|\n|t:|1727313503\n|switch|p1b: Ursaluna|Ursaluna-Bloodmoon, L50, M, tera:Fairy|4\/100\n|turn|9\n|\n|t:|1727313513\n|move|p1a: Kingambit|Sucker Punch|p2b: Blastoise\n|-damage|p2b: Blastoise|0 fnt\n|faint|p2b: Blastoise\n|move|p2a: Sylveon|Hyper Voice|p1b: Ursaluna|[spread] p1a,p1b\n|-damage|p1a: Kingambit|0 fnt\n|-damage|p1b: Ursaluna|0 fnt\n|faint|p1a: Kingambit\n|faint|p1b: Ursaluna\n|\n|win|mattun\n|raw|Clementine1997's rating: 1688 &rarr; <strong>1673<\/strong><br \/>(-15 for losing)\n|raw|mattun's rating: 1782 &rarr; <strong>1797<\/strong><br \/>(+15 for winning)\n|l|\u2606mattun\n|player|p2|\n|l| Therazer456\n|l|\u2606Clementine1997\n|player|p1|\n|l| Rabbihorn\n","uploadtime":1727313524,"views":22,"formatid":"gen9vgc2024regh","rating":1673,"private":0,"password":null}