{"id":"gen9vgc2024regh-2209941283","format":"[Gen 9] VGC 2024 Reg H","players":["shulivgc","ddoublechin"],"log":"|j|\u2606shulivgc\n|j|\u2606ddoublechin\n|t:|1727334104\n|gametype|doubles\n|player|p1|shulivgc|#smogonxnpa2024draftee2|1691\n|player|p2|ddoublechin|ninjaboy|1686\n|teamsize|p1|6\n|teamsize|p2|6\n|gen|9\n|tier|[Gen 9] VGC 2024 Reg H\n|rated|\n|rule|Species Clause: Limit one of each Pok\u00e9mon\n|rule|Item Clause: Limit 1 of each item\n|clearpoke\n|poke|p1|Vivillon-Fancy, L50, F|\n|poke|p1|Garchomp, L50, M|\n|poke|p1|Primarina, L50, F|\n|poke|p1|Gholdengo, L50|\n|poke|p1|Dragonite, L50, M|\n|poke|p1|Annihilape, L50, F|\n|poke|p2|Whimsicott, L50, M|\n|poke|p2|Archaludon, L50, M|\n|poke|p2|Annihilape, L50, M|\n|poke|p2|Pelipper, L50, M|\n|poke|p2|Arcanine-Hisui, L50, F|\n|poke|p2|Farigiraf, L50, M|\n|teampreview|4\n|\n|t:|1727334146\n|start\n|switch|p1a: Vivillon|Vivillon-Fancy, L50, F|100\/100\n|switch|p1b: Dragonite|Dragonite, L50, M|100\/100\n|switch|p2a: Arcanine|Arcanine-Hisui, L50, F|100\/100\n|switch|p2b: Annihilape|Annihilape, L50, M|100\/100\n|-ability|p2a: Arcanine|Intimidate|boost\n|-unboost|p1a: Vivillon|atk|1\n|-unboost|p1b: Dragonite|atk|1\n|turn|1\n|j| Rabbithorn05\n|\n|t:|1727334185\n|move|p1a: Vivillon|Protect|p1a: Vivillon\n|-singleturn|p1a: Vivillon|Protect\n|move|p2b: Annihilape|Rage Fist|p1a: Vivillon\n|-activate|p1a: Vivillon|move: Protect\n|move|p1b: Dragonite|Scale Shot|p2b: Annihilape\n|-damage|p2b: Annihilape|90\/100\n|-damage|p2b: Annihilape|81\/100\n|-damage|p2b: Annihilape|70\/100\n|-damage|p2b: Annihilape|59\/100\n|-damage|p2b: Annihilape|51\/100\n|-hitcount|p2b: Annihilape|5\n|-unboost|p1b: Dragonite|def|1\n|-boost|p1b: Dragonite|spe|1\n|move|p2a: Arcanine|Rock Slide|p1b: Dragonite|[spread] p1b\n|-activate|p1a: Vivillon|move: Protect\n|-supereffective|p1b: Dragonite\n|-damage|p1b: Dragonite|28\/100\n|\n|upkeep\n|turn|2\n|\n|t:|1727334220\n|-terastallize|p1b: Dragonite|Flying\n|-terastallize|p2b: Annihilape|Fairy\n|move|p1b: Dragonite|Tera Blast|p2b: Annihilape|[anim] Tera Blast Flying\n|-crit|p2b: Annihilape\n|-damage|p2b: Annihilape|0 fnt\n|faint|p2b: Annihilape\n|move|p1a: Vivillon|Sleep Powder|p2a: Arcanine\n|-status|p2a: Arcanine|slp|[from] move: Sleep Powder\n|cant|p2a: Arcanine|slp\n|\n|upkeep\n|\n|t:|1727334229\n|switch|p2b: Whimsicott|Whimsicott, L50, M|100\/100\n|turn|3\n|\n|t:|1727334242\n|move|p1b: Dragonite|Tera Blast|p2b: Whimsicott|[anim] Tera Blast Flying\n|-supereffective|p2b: Whimsicott\n|-enditem|p2b: Whimsicott|Focus Sash\n|-damage|p2b: Whimsicott|1\/100\n|move|p2b: Whimsicott|Moonblast|p1b: Dragonite\n|-crit|p1b: Dragonite\n|-damage|p1b: Dragonite|0 fnt\n|faint|p1b: Dragonite\n|move|p1a: Vivillon|Tailwind|p1a: Vivillon\n|-sidestart|p1: shulivgc|move: Tailwind\n|cant|p2a: Arcanine|slp\n|\n|upkeep\n|\n|t:|1727334252\n|switch|p1b: Garchomp|Garchomp, L50, M|100\/100\n|turn|4\n|j| Lithogen\n|\n|t:|1727334268\n|switch|p2a: Pelipper|Pelipper, L50, M|100\/100\n|-weather|RainDance|[from] ability: Drizzle|[of] p2a: Pelipper\n|move|p1b: Garchomp|Earthquake|p2a: Pelipper|[spread] p2b\n|-immune|p1a: Vivillon\n|-immune|p2a: Pelipper\n|-resisted|p2b: Whimsicott\n|-damage|p2b: Whimsicott|0 fnt\n|faint|p2b: Whimsicott\n|-damage|p1b: Garchomp|91\/100|[from] item: Life Orb\n|move|p1a: Vivillon|Hurricane|p2a: Pelipper\n|-crit|p2a: Pelipper\n|-damage|p2a: Pelipper|7\/100\n|\n|-weather|RainDance|[upkeep]\n|upkeep\n|\n|t:|1727334270\n|switch|p2b: Arcanine|Arcanine-Hisui, L50, F|100\/100 slp\n|-ability|p2b: Arcanine|Intimidate|boost\n|-unboost|p1a: Vivillon|atk|1\n|-unboost|p1b: Garchomp|atk|1\n|turn|5\n|j| cocoseed\n|\n|t:|1727334285\n|move|p1b: Garchomp|Stomping Tantrum|p2b: Arcanine\n|-supereffective|p2b: Arcanine\n|-damage|p2b: Arcanine|0 fnt\n|faint|p2b: Arcanine\n|-damage|p1b: Garchomp|81\/100|[from] item: Life Orb\n|move|p1a: Vivillon|Hurricane|p2a: Pelipper\n|-damage|p2a: Pelipper|0 fnt\n|faint|p2a: Pelipper\n|\n|win|shulivgc\n|raw|shulivgc's rating: 1691 &rarr; <strong>1711<\/strong><br \/>(+20 for winning)\n|raw|ddoublechin's rating: 1686 &rarr; <strong>1666<\/strong><br \/>(-20 for losing)\n|l| cocoseed\n|l|\u2606ddoublechin\n|player|p2|\n|l|\u2606shulivgc\n|player|p1|\n","uploadtime":1727334293,"views":45,"formatid":"gen9vgc2024regh","rating":1666,"private":0,"password":null}