{"id":"gen9vgc2024regh-2209999712","format":"[Gen 9] VGC 2024 Reg H","players":["Nightwind Husky1","Moosewii7"],"log":"|j|\u2606Nightwind Husky1\n|j|\u2606Moosewii7\n|t:|1727343690\n|gametype|doubles\n|player|p1|Nightwind Husky1|1|1642\n|player|p2|Moosewii7|102|1710\n|teamsize|p1|6\n|teamsize|p2|6\n|gen|9\n|tier|[Gen 9] VGC 2024 Reg H\n|rated|\n|rule|Species Clause: Limit one of each Pok\u00e9mon\n|rule|Item Clause: Limit 1 of each item\n|clearpoke\n|poke|p1|Ursaluna-Bloodmoon, L50, M|\n|poke|p1|Porygon2, L50|\n|poke|p1|Amoonguss, L50, F|\n|poke|p1|Incineroar, L50, M|\n|poke|p1|Dragapult, L50, F|\n|poke|p1|Sneasler, L50, M|\n|poke|p2|Garganacl, L50, M|\n|poke|p2|Amoonguss, L50, M|\n|poke|p2|Dragapult, L50, F|\n|poke|p2|Kingambit, L50, F|\n|poke|p2|Dragonite, L50, F|\n|poke|p2|Ninetales-Alola, L50, F|\n|teampreview|4\n|inactive|Battle timer is ON: inactive players will automatically lose when time's up. (requested by Moosewii7)\n|j| manwtfisthis\n|inactive|Moosewii7 has 60 seconds left.\n|\n|t:|1727343729\n|start\n|switch|p1a: Sneasler|Sneasler, L50, M|100\/100\n|switch|p1b: Ursaluna|Ursaluna-Bloodmoon, L50, M|100\/100\n|switch|p2a: Garganacl|Garganacl, L50, M|100\/100\n|switch|p2b: Dragapult|Dragapult, L50, F|100\/100\n|turn|1\n|inactive|Moosewii7 has 30 seconds left.\n|\n|t:|1727343754\n|-terastallize|p1b: Ursaluna|Normal\n|-terastallize|p2a: Garganacl|Fairy\n|move|p1a: Sneasler|Fake Out|p2a: Garganacl\n|-damage|p2a: Garganacl|90\/100\n|move|p2b: Dragapult|Dragon Darts|p1a: Sneasler\n|-damage|p1a: Sneasler|42\/100\n|-anim|p2b: Dragapult|Dragon Darts|p1b: Ursaluna\n|-damage|p1b: Ursaluna|75\/100\n|-damage|p2b: Dragapult|91\/100|[from] item: Life Orb\n|move|p1b: Ursaluna|Blood Moon|p2b: Dragapult\n|-damage|p2b: Dragapult|0 fnt\n|faint|p2b: Dragapult\n|cant|p2a: Garganacl|flinch\n|\n|-heal|p2a: Garganacl|96\/100|[from] item: Leftovers\n|upkeep\n|\n|t:|1727343774\n|switch|p2b: Dragonite|Dragonite, L50, F|100\/100\n|turn|2\n|\n|t:|1727343784\n|move|p2b: Dragonite|Extreme Speed|p1a: Sneasler\n|-damage|p1a: Sneasler|0 fnt\n|faint|p1a: Sneasler\n|move|p1b: Ursaluna|Hyper Voice|p2a: Garganacl|[spread] p2a,p2b\n|-damage|p2a: Garganacl|59\/100\n|-damage|p2b: Dragonite|77\/100\n|move|p2a: Garganacl|Salt Cure|p1b: Ursaluna\n|-damage|p1b: Ursaluna|65\/100\n|-start|p1b: Ursaluna|Salt Cure\n|\n|-heal|p2a: Garganacl|65\/100|[from] item: Leftovers\n|-damage|p1b: Ursaluna|52\/100|[from] Salt Cure\n|upkeep\n|\n|t:|1727343795\n|switch|p1a: Amoonguss|Amoonguss, L50, F|100\/100\n|turn|3\n|\n|t:|1727343807\n|move|p2b: Dragonite|Protect|p2b: Dragonite\n|-singleturn|p2b: Dragonite|Protect\n|move|p1b: Ursaluna|Blood Moon|p2a: Garganacl\n|-damage|p2a: Garganacl|0 fnt\n|faint|p2a: Garganacl\n|move|p1a: Amoonguss|Pollen Puff|p1b: Ursaluna\n|-heal|p1b: Ursaluna|100\/100\n|\n|-damage|p1b: Ursaluna|88\/100|[from] Salt Cure\n|upkeep\n|\n|t:|1727343815\n|switch|p2a: Amoonguss|Amoonguss, L50, M|100\/100\n|turn|4\n|\n|t:|1727343831\n|switch|p1b: Porygon2|Porygon2, L50|100\/100\n|-ability|p1b: Porygon2|Regenerator|[from] ability: Trace|[of] p2a: Amoonguss\n|move|p2b: Dragonite|Ice Spinner|p1a: Amoonguss\n|-supereffective|p1a: Amoonguss\n|-damage|p1a: Amoonguss|48\/100\n|move|p1a: Amoonguss|Spore|p2b: Dragonite\n|-status|p2b: Dragonite|slp|[from] move: Spore\n|move|p2a: Amoonguss|Spore|p1b: Porygon2\n|-status|p1b: Porygon2|slp|[from] move: Spore\n|\n|upkeep\n|turn|5\n|\n|t:|1727343853\n|switch|p1a: Ursaluna|Ursaluna-Bloodmoon, L50, M, tera:Normal|88\/100\n|cant|p2b: Dragonite|slp\n|cant|p1b: Porygon2|slp\n|move|p2a: Amoonguss|Pollen Puff|p2b: Dragonite\n|-heal|p2b: Dragonite|100\/100 slp\n|\n|upkeep\n|turn|6\n|\n|t:|1727343866\n|cant|p2b: Dragonite|slp\n|cant|p1b: Porygon2|slp\n|move|p1a: Ursaluna|Blood Moon|p2a: Amoonguss\n|-damage|p2a: Amoonguss|19\/100\n|-enditem|p2a: Amoonguss|Sitrus Berry|[eat]\n|-heal|p2a: Amoonguss|44\/100|[from] item: Sitrus Berry\n|move|p2a: Amoonguss|Spore|p1a: Ursaluna\n|-status|p1a: Ursaluna|slp|[from] move: Spore\n|\n|upkeep\n|turn|7\n|\n|t:|1727343890\n|cant|p2b: Dragonite|slp\n|-curestatus|p1b: Porygon2|slp|[msg]\n|move|p1b: Porygon2|Ice Beam|p2a: Amoonguss\n|-supereffective|p2a: Amoonguss\n|-damage|p2a: Amoonguss|8\/100\n|cant|p1a: Ursaluna|slp\n|move|p2a: Amoonguss|Spore|p1b: Porygon2\n|-status|p1b: Porygon2|slp|[from] move: Spore\n|\n|upkeep\n|turn|8\n|\n|t:|1727343906\n|move|p2a: Amoonguss|Protect|p2a: Amoonguss\n|-singleturn|p2a: Amoonguss|Protect\n|-curestatus|p2b: Dragonite|slp|[msg]\n|move|p2b: Dragonite|Earthquake|p1a: Ursaluna|[spread] p1a,p1b\n|-activate|p2a: Amoonguss|move: Protect\n|-crit|p1a: Ursaluna\n|-damage|p1a: Ursaluna|54\/100 slp\n|-damage|p1b: Porygon2|84\/100 slp\n|cant|p1b: Porygon2|slp\n|cant|p1a: Ursaluna|slp\n|\n|upkeep\n|turn|9\n|\n|t:|1727343925\n|move|p2b: Dragonite|Extreme Speed|p1a: Ursaluna\n|-damage|p1a: Ursaluna|31\/100 slp\n|-curestatus|p1b: Porygon2|slp|[msg]\n|move|p1b: Porygon2|Ice Beam|p2a: Amoonguss\n|-supereffective|p2a: Amoonguss\n|-damage|p2a: Amoonguss|0 fnt\n|faint|p2a: Amoonguss\n|-curestatus|p1a: Ursaluna|slp|[msg]\n|move|p1a: Ursaluna|Hyper Voice|p2b: Dragonite\n|-damage|p2b: Dragonite|66\/100\n|\n|upkeep\n|turn|10\n|\n|t:|1727343939\n|move|p2b: Dragonite|Earthquake|p1b: Porygon2|[spread] p1a,p1b\n|-damage|p1a: Ursaluna|11\/100\n|-damage|p1b: Porygon2|70\/100\n|move|p1b: Porygon2|Ice Beam|p2b: Dragonite\n|-supereffective|p2b: Dragonite\n|-damage|p2b: Dragonite|0 fnt\n|faint|p2b: Dragonite\n|\n|win|Nightwind Husky1\n|raw|Nightwind Husky1's rating: 1642 &rarr; <strong>1666<\/strong><br \/>(+24 for winning)\n|raw|Moosewii7's rating: 1710 &rarr; <strong>1686<\/strong><br \/>(-24 for losing)\n|l|\u2606Nightwind Husky1\n|player|p1|\n|l|\u2606Moosewii7\n|player|p2|\n","uploadtime":1727344118,"views":21,"formatid":"gen9vgc2024regh","rating":1666,"private":0,"password":null}