{"id":"gen9vgc2024regh-2209074069","format":"[Gen 9] VGC 2024 Reg H","players":["Zenchaos","AsukaHikaru"],"log":"|j|\u2606Zenchaos\n|j|\u2606AsukaHikaru\n|t:|1727230383\n|gametype|doubles\n|player|p1|Zenchaos|2|1734\n|player|p2|AsukaHikaru|169|1689\n|teamsize|p1|6\n|teamsize|p2|6\n|gen|9\n|tier|[Gen 9] VGC 2024 Reg H\n|rated|\n|rule|Species Clause: Limit one of each Pok\u00e9mon\n|rule|Item Clause: Limit 1 of each item\n|clearpoke\n|poke|p1|Rillaboom, L50, M|\n|poke|p1|Electabuzz, L50, M|\n|poke|p1|Gholdengo, L50|\n|poke|p1|Murkrow, L50, M|\n|poke|p1|Hydreigon, L50, M|\n|poke|p1|Sneasler, L50, F|\n|poke|p2|Rillaboom, L50, M|\n|poke|p2|Electabuzz, L50, M|\n|poke|p2|Sneasler, L50, M|\n|poke|p2|Primarina, L50, F|\n|poke|p2|Dragapult, L50, M|\n|poke|p2|Kingambit, L50, M|\n|teampreview|4\n|j| Rabbihorn\n|inactive|Battle timer is ON: inactive players will automatically lose when time's up. (requested by Zenchaos)\n|\n|t:|1727230440\n|start\n|switch|p1a: Electabuzz|Electabuzz, L50, M|100\/100\n|switch|p1b: Slim Shady|Sneasler, L50, F|100\/100\n|switch|p2a: Dragapult|Dragapult, L50, M|100\/100\n|switch|p2b: Sneasler|Sneasler, L50, M|100\/100\n|turn|1\n|\n|t:|1727230453\n|move|p2b: Sneasler|Fake Out|p1b: Slim Shady\n|-damage|p1b: Slim Shady|79\/100\n|move|p2a: Dragapult|Dragon Darts|p1b: Slim Shady\n|-damage|p1b: Slim Shady|22\/100\n|-anim|p2a: Dragapult|Dragon Darts|p1a: Electabuzz\n|-damage|p1a: Electabuzz|58\/100\n|move|p1a: Electabuzz|Electroweb|p2a: Dragapult|[spread] p2a,p2b\n|-resisted|p2a: Dragapult\n|-damage|p2a: Dragapult|91\/100\n|-damage|p2b: Sneasler|83\/100\n|-unboost|p2b: Sneasler|spe|1\n|cant|p1b: Slim Shady|flinch\n|\n|upkeep\n|turn|2\n|\n|t:|1727230477\n|move|p1a: Electabuzz|Follow Me|p1a: Electabuzz\n|-singleturn|p1a: Electabuzz|move: Follow Me\n|move|p2a: Dragapult|Dragon Darts|p1a: Electabuzz\n|-damage|p1a: Electabuzz|19\/100\n|-anim|p2a: Dragapult|Dragon Darts|p1a: Electabuzz\n|-damage|p1a: Electabuzz|0 fnt\n|faint|p1a: Electabuzz\n|move|p1b: Slim Shady|Throat Chop|p2a: Dragapult\n|-supereffective|p2a: Dragapult\n|-damage|p2a: Dragapult|10\/100\n|-start|p2a: Dragapult|Throat Chop|[silent]\n|move|p2b: Sneasler|Dire Claw|p1b: Slim Shady\n|-resisted|p1b: Slim Shady\n|-damage|p1b: Slim Shady|0 fnt\n|faint|p1b: Slim Shady\n|\n|upkeep\n|\n|t:|1727230482\n|switch|p1a: Hydreigon|Hydreigon, L50, M|100\/100\n|switch|p1b: Rillaboom|Rillaboom, L50, M|100\/100\n|-fieldstart|move: Grassy Terrain|[from] ability: Grassy Surge|[of] p1b: Rillaboom\n|turn|3\n|\n|t:|1727230507\n|switch|p2a: Kingambit|Kingambit, L50, M|100\/100\n|switch|p2b: Electabuzz|Electabuzz, L50, M|100\/100\n|-terastallize|p1a: Hydreigon|Fire\n|move|p1b: Rillaboom|Grassy Glide|p2a: Kingambit\n|-resisted|p2a: Kingambit\n|-damage|p2a: Kingambit|85\/100\n|move|p1a: Hydreigon|Heat Wave|p2b: Electabuzz|[spread] p2a\n|-miss|p1a: Hydreigon|p2b: Electabuzz\n|-supereffective|p2a: Kingambit\n|-damage|p2a: Kingambit|0 fnt\n|faint|p2a: Kingambit\n|\n|upkeep\n|\n|t:|1727230524\n|switch|p2a: Dragapult|Dragapult, L50, M|10\/100\n|turn|4\n|\n|t:|1727230537\n|-terastallize|p2a: Dragapult|Dragon\n|move|p1b: Rillaboom|Fake Out||[still]\n|-hint|Fake Out only works on your first turn out.\n|-fail|p1b: Rillaboom\n|move|p2b: Electabuzz|Follow Me|p2b: Electabuzz\n|-singleturn|p2b: Electabuzz|move: Follow Me\n|move|p2a: Dragapult|Outrage|p1a: Hydreigon\n|-crit|p1a: Hydreigon\n|-damage|p1a: Hydreigon|0 fnt\n|faint|p1a: Hydreigon\n|\n|-heal|p2a: Dragapult|16\/100|[from] Grassy Terrain\n|upkeep\n|turn|5\n|-message|Zenchaos forfeited.\n|\n|win|AsukaHikaru\n|raw|Zenchaos's rating: 1734 &rarr; <strong>1711<\/strong><br \/>(-23 for losing)\n|raw|AsukaHikaru's rating: 1689 &rarr; <strong>1712<\/strong><br \/>(+23 for winning)\n|l|\u2606Zenchaos\n|player|p1|\n|l|\u2606AsukaHikaru\n|player|p2|\n","uploadtime":1727230552,"views":26,"formatid":"gen9vgc2024regh","rating":1711,"private":0,"password":null}