{"id":"gen9vgc2024regh-2209817510","format":"[Gen 9] VGC 2024 Reg H","players":["Moosewii7","Luca8"],"log":"|j|\u2606Moosewii7\n|j|\u2606Luca8\n|t:|1727315596\n|gametype|doubles\n|player|p1|Moosewii7|169|1710\n|player|p2|Luca8|flint|1683\n|teamsize|p1|6\n|teamsize|p2|6\n|gen|9\n|tier|[Gen 9] VGC 2024 Reg H\n|rated|\n|rule|Species Clause: Limit one of each Pok\u00e9mon\n|rule|Item Clause: Limit 1 of each item\n|clearpoke\n|poke|p1|Garganacl, L50, F|\n|poke|p1|Amoonguss, L50, F|\n|poke|p1|Dragapult, L50, F|\n|poke|p1|Kingambit, L50, M|\n|poke|p1|Dragonite, L50, F|\n|poke|p1|Ninetales-Alola, L50, M|\n|poke|p2|Whimsicott, L50, M|\n|poke|p2|Archaludon, L50, F|\n|poke|p2|Typhlosion-Hisui, L50, M|\n|poke|p2|Sneasler, L50, F|\n|poke|p2|Pelipper, L50, F|\n|poke|p2|Indeedee, L50, M|\n|teampreview|4\n|inactive|Battle timer is ON: inactive players will automatically lose when time's up. (requested by Moosewii7)\nMoosewii7 rejected open team sheets.\n|\n|t:|1727315612\n|start\n|switch|p1a: Garganacl|Garganacl, L50, F|100\/100\n|switch|p1b: Dragonite|Dragonite, L50, F|100\/100\n|switch|p2a: Indeedee|Indeedee, L50, M|100\/100\n|switch|p2b: Sneasler|Sneasler, L50, F|100\/100\n|-fieldstart|move: Psychic Terrain|[from] ability: Psychic Surge|[of] p2a: Indeedee\n|-enditem|p2b: Sneasler|Psychic Seed\n|-boost|p2b: Sneasler|spd|1|[from] item: Psychic Seed\n|turn|1\n|\n|t:|1727315628\n|-terastallize|p1a: Garganacl|Fairy\n|move|p1a: Garganacl|Wide Guard|p1a: Garganacl\n|-singleturn|p1a: Garganacl|Wide Guard\n|move|p2b: Sneasler|Dire Claw|p1b: Dragonite\n|-damage|p1b: Dragonite|81\/100\n|-status|p1b: Dragonite|par\n|move|p2a: Indeedee|Expanding Force|p1b: Dragonite|[spread] \n|-activate|p1a: Garganacl|move: Wide Guard\n|-activate|p1b: Dragonite|move: Wide Guard\n|move|p1b: Dragonite|Ice Spinner|p2b: Sneasler\n|-damage|p2b: Sneasler|54\/100\n|-fieldend|move: Psychic Terrain\n|\n|upkeep\n|turn|2\n|\n|t:|1727315652\n|switch|p2a: Archaludon|Archaludon, L50, F|100\/100\n|move|p1a: Garganacl|Protect||[still]\n|-fail|p1a: Garganacl\n|move|p2b: Sneasler|Dire Claw|p1a: Garganacl\n|-supereffective|p1a: Garganacl\n|-damage|p1a: Garganacl|37\/100\n|move|p1b: Dragonite|Earthquake|p2b: Sneasler|[spread] p1a,p2a,p2b\n|-supereffective|p2a: Archaludon\n|-supereffective|p2b: Sneasler\n|-damage|p1a: Garganacl|17\/100\n|-damage|p2a: Archaludon|56\/100\n|-damage|p2b: Sneasler|0 fnt\n|-ability|p2a: Archaludon|Stamina|boost\n|-boost|p2a: Archaludon|def|1\n|faint|p2b: Sneasler\n|\n|-heal|p1a: Garganacl|23\/100|[from] item: Leftovers\n|upkeep\n|\n|t:|1727315676\n|switch|p2b: Pelipper|Pelipper, L50, F|100\/100\n|-weather|RainDance|[from] ability: Drizzle|[of] p2b: Pelipper\n|turn|3\n|\n|t:|1727315686\n|switch|p2b: Indeedee|Indeedee, L50, M|100\/100\n|-fieldstart|move: Psychic Terrain|[from] ability: Psychic Surge|[of] p2b: Indeedee\n|switch|p1a: Ninetales|Ninetales-Alola, L50, M|100\/100\n|-weather|Snow|[from] ability: Snow Warning|[of] p1a: Ninetales\n|move|p1b: Dragonite|Extreme Speed|p2b: Indeedee\n|-activate|p2b: Indeedee|move: Psychic Terrain\n|move|p2a: Archaludon|Electro Shot||[still]\n|-prepare|p2a: Archaludon|Electro Shot\n|-boost|p2a: Archaludon|spa|1\n|\n|-weather|Snow|[upkeep]\n|upkeep\n|turn|4\n|\n|t:|1727315706\n|move|p2b: Indeedee|Expanding Force|p1a: Ninetales|[spread] p1a,p1b\n|-damage|p1a: Ninetales|27\/100\n|-damage|p1b: Dragonite|11\/100 par\n|move|p1a: Ninetales|Aurora Veil|p1a: Ninetales\n|-sidestart|p1: Moosewii7|move: Aurora Veil\n|move|p2a: Archaludon|Electro Shot|p1a: Ninetales|[from]lockedmove\n|-damage|p1a: Ninetales|0 fnt\n|faint|p1a: Ninetales\n|move|p1b: Dragonite|Ice Spinner|p2b: Indeedee\n|-damage|p2b: Indeedee|43\/100\n|-fieldend|move: Psychic Terrain\n|\n|-weather|Snow|[upkeep]\n|upkeep\n|\n|t:|1727315724\n|switch|p1a: Dragapult|Dragapult, L50, F|100\/100\n|turn|5\n|j| mr pogostick\n|j| michael1vgc\n|j| readabooks\n|inactive|Luca8 has 30 seconds left.\n|\n|t:|1727315755\n|switch|p2b: Pelipper|Pelipper, L50, F|100\/100\n|-weather|RainDance|[from] ability: Drizzle|[of] p2b: Pelipper\n|cant|p1b: Dragonite|par\n|move|p1a: Dragapult|Phantom Force||[still]\n|-prepare|p1a: Dragapult|Phantom Force\n|move|p2a: Archaludon|Dragon Pulse|p1a: Dragapult|[miss]\n|-miss|p2a: Archaludon|p1a: Dragapult\n|\n|-weather|RainDance|[upkeep]\n|upkeep\n|turn|6\n|inactive|Luca8 has 30 seconds left.\n|inactive|Luca8 has 20 seconds left.\n|inactive|Luca8 has 15 seconds left.\n|inactive|Moosewii7 has 30 seconds left.\n|inactive|Luca8 has 10 seconds left.\n|\n|t:|1727315804\n|move|p1a: Dragapult|Phantom Force|p2a: Archaludon|[from]lockedmove\n|-damage|p2a: Archaludon|26\/100\n|-ability|p2a: Archaludon|Stamina|boost\n|-boost|p2a: Archaludon|def|1\n|-damage|p1a: Dragapult|91\/100|[from] item: Life Orb\n|move|p2a: Archaludon|Snarl|p1b: Dragonite|[spread] p1a,p1b\n|-supereffective|p1a: Dragapult\n|-damage|p1a: Dragapult|65\/100\n|-damage|p1b: Dragonite|0 fnt\n|faint|p1b: Dragonite\n|move|p2b: Pelipper|Hurricane|p1a: Dragapult\n|-damage|p1a: Dragapult|23\/100\n|\n|-weather|RainDance|[upkeep]\n|upkeep\n|\n|t:|1727315818\n|switch|p1b: Garganacl|Garganacl, L50, F, tera:Fairy|23\/100\n|turn|7\n|\n|t:|1727315839\n|move|p1a: Dragapult|Dragon Darts|p2a: Archaludon\n|-damage|p2a: Archaludon|12\/100\n|-ability|p2a: Archaludon|Stamina|boost\n|-boost|p2a: Archaludon|def|1\n|-anim|p1a: Dragapult|Dragon Darts|p2b: Pelipper\n|-crit|p2b: Pelipper\n|-damage|p2b: Pelipper|43\/100\n|-damage|p1a: Dragapult|13\/100|[from] item: Life Orb\n|move|p2a: Archaludon|Electro Shot||[still]\n|-prepare|p2a: Archaludon|Electro Shot\n|-boost|p2a: Archaludon|spa|1\n|-anim|p2a: Archaludon|Electro Shot|p1b: Garganacl\n|-damage|p1b: Garganacl|0 fnt\n|faint|p1b: Garganacl\n|move|p2b: Pelipper|Hurricane|p1a: Dragapult\n|-damage|p1a: Dragapult|0 fnt\n|faint|p1a: Dragapult\n|\n|win|Luca8\n|raw|Moosewii7's rating: 1710 &rarr; <strong>1688<\/strong><br \/>(-22 for losing)\n|raw|Luca8's rating: 1683 &rarr; <strong>1705<\/strong><br \/>(+22 for winning)\n|l|\u2606Moosewii7\n|player|p1|\n|l| mr pogostick\n|l| readabooks\n|l|\u2606Luca8\n|player|p2|\n|l| michael1vgc\n","uploadtime":1727315996,"views":645,"formatid":"gen9vgc2024regh","rating":1688,"private":0,"password":null}