{"id":"gen9vgc2024regh-2210081158","format":"[Gen 9] VGC 2024 Reg H","players":["Jamel1","Isloe"],"log":"|j|\u2606Jamel1\n|j|\u2606Isloe\n|t:|1727354685\n|gametype|doubles\n|player|p1|Jamel1|cyrus|1714\n|player|p2|Isloe|dahlia|1708\n|teamsize|p1|6\n|teamsize|p2|6\n|gen|9\n|tier|[Gen 9] VGC 2024 Reg H\n|rated|\n|rule|Species Clause: Limit one of each Pok\u00e9mon\n|rule|Item Clause: Limit 1 of each item\n|clearpoke\n|poke|p1|Indeedee-F, L50, F|\n|poke|p1|Armarouge, L50, M|\n|poke|p1|Stonjourner, L50, F|\n|poke|p1|Sneasler, L50, M|\n|poke|p1|Stantler, L50, F|\n|poke|p1|Milotic, L50, F|\n|poke|p2|Hydreigon, L50, F|\n|poke|p2|Gholdengo, L50|\n|poke|p2|Talonflame, L50, F|\n|poke|p2|Garchomp, L50, M|\n|poke|p2|Rillaboom, L50, M|\n|poke|p2|Clefairy, L50, M|\n|teampreview|4\n|inactive|Battle timer is ON: inactive players will automatically lose when time's up. (requested by Isloe)\n|\n|t:|1727354768\n|start\n|switch|p1a: Stantler|Stantler, L50, F|100\/100\n|switch|p1b: Milotic|Milotic, L50, F|100\/100\n|switch|p2a: Talonflame|Talonflame, L50, F|100\/100\n|switch|p2b: Garchomp|Garchomp, L50, M|100\/100\n|-ability|p1a: Stantler|Intimidate|boost\n|-unboost|p2a: Talonflame|atk|1\n|-unboost|p2b: Garchomp|atk|1\n|turn|1\n|inactive|Isloe has 30 seconds left.\n|\n|t:|1727354795\n|switch|p2b: Rillaboom|Rillaboom, L50, M|100\/100\n|-fieldstart|move: Grassy Terrain|[from] ability: Grassy Surge|[of] p2b: Rillaboom\n|move|p2a: Talonflame|Taunt|p1b: Milotic\n|-start|p1b: Milotic|move: Taunt\n|move|p1a: Stantler|Skill Swap|p2b: Rillaboom\n|-activate|p1a: Stantler|move: Skill Swap|Grassy Surge|Intimidate|[of] p2b: Rillaboom\n|-ability|p2b: Rillaboom|Intimidate|boost\n|-unboost|p1a: Stantler|atk|1\n|-unboost|p1b: Milotic|atk|1\n|-ability|p1b: Milotic|Competitive|boost\n|-boost|p1b: Milotic|spa|2\n|-enditem|p1b: Milotic|Adrenaline Orb\n|-boost|p1b: Milotic|spe|1|[from] item: Adrenaline Orb\n|cant|p1b: Milotic|move: Taunt|Coil\n|\n|upkeep\n|turn|2\n|inactive|Isloe has 30 seconds left.\n|inactive|Isloe has 20 seconds left.\n|inactive|Isloe has 15 seconds left.\n|\n|t:|1727354836\n|switch|p1a: Indeedee|Indeedee-F, L50, F|100\/100\n|-fieldstart|move: Psychic Terrain|[from] ability: Psychic Surge|[of] p1a: Indeedee\n|-terastallize|p1b: Milotic|Grass\n|move|p2b: Rillaboom|Fake Out|p1b: Milotic\n|-activate|p1b: Milotic|move: Psychic Terrain\n|move|p2a: Talonflame|Tailwind|p2a: Talonflame\n|-sidestart|p2: Isloe|move: Tailwind\n|move|p1b: Milotic|Blizzard|p2a: Talonflame|[spread] p2a\n|-miss|p1b: Milotic|p2b: Rillaboom\n|-damage|p2a: Talonflame|19\/100\n|\n|upkeep\n|turn|3\n|\n|t:|1727354854\n|move|p1a: Indeedee|Follow Me|p1a: Indeedee\n|-singleturn|p1a: Indeedee|move: Follow Me\n|move|p2a: Talonflame|Brave Bird|p1a: Indeedee\n|-damage|p1a: Indeedee|68\/100\n|-damage|p2a: Talonflame|9\/100|[from] Recoil\n|move|p2b: Rillaboom|Wood Hammer|p1a: Indeedee\n|-damage|p1a: Indeedee|0 fnt\n|faint|p1a: Indeedee\n|-damage|p2b: Rillaboom|85\/100|[from] Recoil\n|move|p1b: Milotic|Blizzard|p2a: Talonflame|[spread] p2b\n|-miss|p1b: Milotic|p2a: Talonflame\n|-supereffective|p2b: Rillaboom\n|-damage|p2b: Rillaboom|26\/100\n|-status|p2b: Rillaboom|frz\n|\n|-end|p1b: Milotic|move: Taunt\n|upkeep\n|\n|t:|1727354872\n|switch|p1a: Stantler|Stantler, L50, F|100\/100\n|-ability|p1a: Stantler|Intimidate|boost\n|-unboost|p2a: Talonflame|atk|1\n|-unboost|p2b: Rillaboom|atk|1\n|turn|4\n|\n|t:|1727354886\n|move|p2a: Talonflame|Taunt|p1b: Milotic\n|-start|p1b: Milotic|move: Taunt\n|cant|p2b: Rillaboom|frz\n|cant|p1b: Milotic|move: Taunt|Coil\n|move|p1a: Stantler|Skill Swap|p2a: Talonflame\n|-activate|p1a: Stantler|move: Skill Swap|Gale Wings|Intimidate|[of] p2a: Talonflame\n|-ability|p2a: Talonflame|Intimidate|boost\n|-unboost|p1a: Stantler|atk|1\n|-unboost|p1b: Milotic|atk|1\n|-ability|p1b: Milotic|Competitive|boost\n|-boost|p1b: Milotic|spa|2\n|\n|upkeep\n|turn|5\n|inactive|Isloe has 30 seconds left.\n|inactive|Isloe has 20 seconds left.\n|\n|t:|1727354923\n|switch|p2a: Garchomp|Garchomp, L50, M|100\/100\n|cant|p2b: Rillaboom|frz\n|move|p1b: Milotic|Muddy Water|p2b: Rillaboom|[spread] p2a,p2b\n|-resisted|p2b: Rillaboom\n|-damage|p2a: Garchomp|3\/100\n|-damage|p2b: Rillaboom|0 fnt\n|faint|p2b: Rillaboom\n|move|p1a: Stantler|Psych Up|p1b: Milotic\n|-copyboost|p1a: Stantler|p1b: Milotic|[from] move: Psych Up\n|\n|-sideend|p2: Isloe|move: Tailwind\n|upkeep\n|\n|t:|1727354935\n|switch|p2b: Talonflame|Talonflame, L50, F|9\/100\n|turn|6\n|\n|t:|1727354940\n|move|p2a: Garchomp|Protect|p2a: Garchomp\n|-singleturn|p2a: Garchomp|Protect\n|move|p1a: Stantler|Stored Power|p2b: Talonflame\n|-damage|p2b: Talonflame|0 fnt\n|faint|p2b: Talonflame\n|move|p1b: Milotic|Muddy Water|p2a: Garchomp\n|-activate|p2a: Garchomp|move: Protect\n|\n|-end|p1b: Milotic|move: Taunt\n|upkeep\n|\n|t:|1727354945\n|switch|p2b: Hydreigon|Hydreigon, L50, F|100\/100\n|turn|7\n|\n|t:|1727354954\n|-terastallize|p2b: Hydreigon|Fire\n|move|p1a: Stantler|Stored Power|p2a: Garchomp\n|-damage|p2a: Garchomp|0 fnt\n|faint|p2a: Garchomp\n|move|p1b: Milotic|Coil|p1b: Milotic\n|-boost|p1b: Milotic|atk|1\n|-boost|p1b: Milotic|def|1\n|-boost|p1b: Milotic|accuracy|1\n|move|p2b: Hydreigon|Heat Wave|p1a: Stantler|[spread] p1a,p1b\n|-supereffective|p1b: Milotic\n|-damage|p1a: Stantler|51\/100\n|-damage|p1b: Milotic|4\/100\n|-status|p1a: Stantler|brn\n|\n|-damage|p1a: Stantler|45\/100 brn|[from] brn\n|upkeep\n|turn|8\n|\n|t:|1727354969\n|move|p1a: Stantler|Stored Power|p2b: Hydreigon\n|-damage|p2b: Hydreigon|0 fnt\n|faint|p2b: Hydreigon\n|\n|win|Jamel1\n|raw|Jamel1's rating: 1714 &rarr; <strong>1734<\/strong><br \/>(+20 for winning)\n|raw|Isloe's rating: 1708 &rarr; <strong>1688<\/strong><br \/>(-20 for losing)\n|l|\u2606Isloe\n|player|p2|\n|l|\u2606Jamel1\n|player|p1|\n","uploadtime":1727355202,"views":25,"formatid":"gen9vgc2024regh","rating":1688,"private":0,"password":null}