{"id":"gen9vgc2024regh-2210581060","format":"[Gen 9] VGC 2024 Reg H","players":["Isloe","grafaiaionnaperc"],"log":"|j|\u2606Isloe\n|j|\u2606grafaiaionnaperc\n|t:|1727403817\n|gametype|doubles\n|player|p1|Isloe|dahlia|1709\n|player|p2|grafaiaionnaperc|magmasuit|1671\n|teamsize|p1|6\n|teamsize|p2|6\n|gen|9\n|tier|[Gen 9] VGC 2024 Reg H\n|rated|\n|rule|Species Clause: Limit one of each Pok\u00e9mon\n|rule|Item Clause: Limit 1 of each item\n|clearpoke\n|poke|p1|Hydreigon, L50, M|\n|poke|p1|Clefairy, L50, F|\n|poke|p1|Garchomp, L50, F|\n|poke|p1|Talonflame, L50, F|\n|poke|p1|Gholdengo, L50|\n|poke|p1|Rillaboom, L50, F|\n|poke|p2|Sneasler, L50, M|\n|poke|p2|Indeedee, L50, M|\n|poke|p2|Murkrow, L50, M|\n|poke|p2|Decidueye-Hisui, L50, M|\n|poke|p2|Dragapult, L50, M|\n|poke|p2|Delphox, L50, F|\n|teampreview|4\n|inactive|Battle timer is ON: inactive players will automatically lose when time's up. (requested by grafaiaionnaperc)\n|inactive|Isloe has 60 seconds left.\n|inactive|grafaiaionnaperc has 60 seconds left.\n|\n|t:|1727403872\n|start\n|switch|p1a: Hydreigon|Hydreigon, L50, M|100\/100\n|switch|p1b: Clefairy|Clefairy, L50, F|100\/100\n|switch|p2a: Murkrow|Murkrow, L50, M, shiny|100\/100\n|switch|p2b: Dragapult|Dragapult, L50, M|100\/100\n|turn|1\n|inactive|Isloe has 30 seconds left.\n|inactive|grafaiaionnaperc has 30 seconds left.\n|inactive|Isloe has 20 seconds left.\n|\n|t:|1727403911\n|move|p1b: Clefairy|Follow Me|p1b: Clefairy\n|-singleturn|p1b: Clefairy|move: Follow Me\n|move|p2a: Murkrow|Tailwind|p2a: Murkrow\n|-sidestart|p2: grafaiaionnaperc|move: Tailwind\n|move|p2b: Dragapult|Phantom Force||[still]\n|-prepare|p2b: Dragapult|Phantom Force\n|move|p1a: Hydreigon|Draco Meteor|p2b: Dragapult|[miss]\n|-miss|p1a: Hydreigon|p2b: Dragapult\n|\n|upkeep\n|turn|2\n|\n|t:|1727403931\n|move|p2b: Dragapult|Phantom Force|p1b: Clefairy|[from]lockedmove\n|-damage|p1b: Clefairy|44\/100\n|move|p2a: Murkrow|Foul Play|p1a: Hydreigon\n|-resisted|p1a: Hydreigon\n|-damage|p1a: Hydreigon|89\/100\n|move|p1a: Hydreigon|Draco Meteor|p2b: Dragapult\n|-supereffective|p2b: Dragapult\n|-damage|p2b: Dragapult|0 fnt\n|-unboost|p1a: Hydreigon|spa|2\n|faint|p2b: Dragapult\n|move|p1b: Clefairy|Life Dew|p1b: Clefairy|[spread] p1a,p1b\n|-heal|p1a: Hydreigon|100\/100\n|-heal|p1b: Clefairy|69\/100\n|\n|upkeep\n|\n|t:|1727403945\n|switch|p2b: Indeedee|Indeedee, L50, M, shiny|100\/100\n|-fieldstart|move: Psychic Terrain|[from] ability: Psychic Surge|[of] p2b: Indeedee\n|turn|3\n|j| plplk\n|\n|t:|1727403970\n|switch|p1a: Gholdengo|Gholdengo, L50|100\/100\n|-terastallize|p2b: Indeedee|Fighting\n|move|p1b: Clefairy|Protect|p1b: Clefairy\n|-singleturn|p1b: Clefairy|Protect\n|move|p2b: Indeedee|Tera Blast|p1a: Gholdengo|[anim] Tera Blast Fighting\n|-immune|p1a: Gholdengo\n|move|p2a: Murkrow|Foul Play|p1a: Gholdengo\n|-supereffective|p1a: Gholdengo\n|-damage|p1a: Gholdengo|79\/100\n|\n|upkeep\n|turn|4\n|inactive|Isloe has 30 seconds left.\n|\n|t:|1727404000\n|move|p2b: Indeedee|Expanding Force|p1b: Clefairy|[spread] p1a,p1b\n|-resisted|p1a: Gholdengo\n|-damage|p1a: Gholdengo|56\/100\n|-damage|p1b: Clefairy|20\/100\n|move|p2a: Murkrow|Foul Play|p1a: Gholdengo\n|-supereffective|p1a: Gholdengo\n|-damage|p1a: Gholdengo|32\/100\n|move|p1a: Gholdengo|Nasty Plot|p1a: Gholdengo\n|-boost|p1a: Gholdengo|spa|2\n|move|p1b: Clefairy|Life Dew|p1b: Clefairy|[spread] p1b\n|-immune|p1a: Gholdengo|[from] ability: Good as Gold\n|-heal|p1b: Clefairy|45\/100\n|\n|-sideend|p2: grafaiaionnaperc|move: Tailwind\n|upkeep\n|turn|5\n|inactive|Isloe has 30 seconds left.\n|\n|t:|1727404027\n|move|p1b: Clefairy|Follow Me|p1b: Clefairy\n|-singleturn|p1b: Clefairy|move: Follow Me\n|move|p2a: Murkrow|Haze|p2a: Murkrow\n|-clearallboost\n|move|p2b: Indeedee|Expanding Force|p1b: Clefairy|[spread] p1a,p1b\n|-resisted|p1a: Gholdengo\n|-damage|p1a: Gholdengo|10\/100\n|-damage|p1b: Clefairy|0 fnt\n|faint|p1b: Clefairy\n|move|p1a: Gholdengo|Make It Rain|p2b: Indeedee|[spread] p2a,p2b\n|-damage|p2a: Murkrow|47\/100\n|-damage|p2b: Indeedee|22\/100\n|-unboost|p1a: Gholdengo|spa|1\n|\n|upkeep\n|\n|t:|1727404037\n|switch|p1b: Hydreigon|Hydreigon, L50, M|100\/100\n|turn|6\n|\n|t:|1727404046\n|switch|p1b: Talonflame|Talonflame, L50, F|100\/100\n|move|p2a: Murkrow|Tailwind|p2a: Murkrow\n|-sidestart|p2: grafaiaionnaperc|move: Tailwind\n|move|p2b: Indeedee|Tera Blast|p1b: Talonflame|[anim] Tera Blast Fighting\n|-resisted|p1b: Talonflame\n|-damage|p1b: Talonflame|69\/100\n|move|p1a: Gholdengo|Make It Rain|p2a: Murkrow|[spread] p2a,p2b\n|-damage|p2a: Murkrow|5\/100\n|-damage|p2b: Indeedee|0 fnt\n|-unboost|p1a: Gholdengo|spa|1\n|faint|p2b: Indeedee\n|\n|upkeep\n|\n|t:|1727404048\n|switch|p2b: Delphox|Delphox, L50, F|100\/100\n|turn|7\n|j| Syachilove0408\n|\n|t:|1727404070\n|move|p2b: Delphox|Heat Wave|p1a: Gholdengo|[spread] p1a,p1b\n|-supereffective|p1a: Gholdengo\n|-resisted|p1b: Talonflame\n|-damage|p1a: Gholdengo|0 fnt\n|-damage|p1b: Talonflame|31\/100\n|faint|p1a: Gholdengo\n|move|p2a: Murkrow|Foul Play|p1b: Talonflame\n|-damage|p1b: Talonflame|0 fnt\n|faint|p1b: Talonflame\n|\n|-fieldend|move: Psychic Terrain\n|upkeep\n|\n|t:|1727404076\n|switch|p1b: Hydreigon|Hydreigon, L50, M|100\/100\n|turn|8\n|\n|t:|1727404087\n|move|p2a: Murkrow|Sunny Day|p2a: Murkrow\n|-weather|SunnyDay\n|move|p2b: Delphox|Heat Wave|p1b: Hydreigon\n|-resisted|p1b: Hydreigon\n|-damage|p1b: Hydreigon|40\/100\n|move|p1b: Hydreigon|Snarl|p2b: Delphox|[spread] p2a,p2b\n|-resisted|p2a: Murkrow\n|-supereffective|p2b: Delphox\n|-damage|p2a: Murkrow|0 fnt\n|-damage|p2b: Delphox|32\/100\n|-unboost|p2b: Delphox|spa|1\n|faint|p2a: Murkrow\n|\n|-weather|SunnyDay|[upkeep]\n|upkeep\n|turn|9\n|\n|t:|1727404093\n|move|p2b: Delphox|Heat Wave|p1b: Hydreigon\n|-resisted|p1b: Hydreigon\n|-damage|p1b: Hydreigon|0 fnt\n|faint|p1b: Hydreigon\n|\n|win|grafaiaionnaperc\n|raw|Isloe's rating: 1709 &rarr; <strong>1687<\/strong><br \/>(-22 for losing)\n|raw|grafaiaionnaperc's rating: 1671 &rarr; <strong>1693<\/strong><br \/>(+22 for winning)\n|l|\u2606Isloe\n|player|p1|\n|l|\u2606grafaiaionnaperc\n|player|p2|\n|l| plplk\n|l| Syachilove0408\n","uploadtime":1727404246,"views":23,"formatid":"gen9vgc2024regh","rating":1687,"private":0,"password":null}