{"id":"gen9vgc2024regh-2210540065","format":"[Gen 9] VGC 2024 Reg H","players":["Betsie","mattun"],"log":"|j|\u2606Betsie\n|j|\u2606mattun\n|t:|1727398811\n|gametype|doubles\n|player|p1|Betsie|grimsley-masters|1698\n|player|p2|mattun|265|1813\n|teamsize|p1|6\n|teamsize|p2|6\n|gen|9\n|tier|[Gen 9] VGC 2024 Reg H\n|rated|\n|rule|Species Clause: Limit one of each Pok\u00e9mon\n|rule|Item Clause: Limit 1 of each item\n|clearpoke\n|poke|p1|Rillaboom, L50, M|\n|poke|p1|Pelipper, L50, F|\n|poke|p1|Farigiraf, L50, M|\n|poke|p1|Primarina, L50, M|\n|poke|p1|Ursaluna, L50, M|\n|poke|p1|Amoonguss, L50, M|\n|poke|p2|Blastoise, L50, M|\n|poke|p2|Serperior, L50, F|\n|poke|p2|Sylveon, L50, F|\n|poke|p2|Indeedee, L50, M|\n|poke|p2|Gallade, L50, M|\n|poke|p2|Drifblim, L50, M|\n|teampreview|4\n|inactive|Battle timer is ON: inactive players will automatically lose when time's up. (requested by Betsie)\n|j| CGplays\n|l| CGplays\n|j| whoknewmewtwo\n|j| MikeFlem12326171\n|inactive|Betsie has 60 seconds left.\n|\n|t:|1727398867\n|start\n|switch|p1a: Primarina|Primarina, L50, M|100\/100\n|switch|p1b: Pelipper|Pelipper, L50, F|100\/100\n|switch|p2a: Indeedee|Indeedee, L50, M|100\/100\n|switch|p2b: Gallade|Gallade, L50, M|100\/100\n|-fieldstart|move: Psychic Terrain|[from] ability: Psychic Surge|[of] p2a: Indeedee\n|-weather|RainDance|[from] ability: Drizzle|[of] p1b: Pelipper\n|turn|1\n|\n|t:|1727398885\n|move|p1b: Pelipper|Wide Guard|p1b: Pelipper\n|-singleturn|p1b: Pelipper|Wide Guard\n|move|p2b: Gallade|Psycho Cut|p1b: Pelipper\n|-damage|p1b: Pelipper|3\/100\n|move|p2a: Indeedee|Expanding Force|p1a: Primarina|[spread] \n|-activate|p1a: Primarina|move: Wide Guard\n|-activate|p1b: Pelipper|move: Wide Guard\n|move|p1a: Primarina|Hyper Voice|p2b: Gallade|[spread] p2a,p2b\n|-damage|p2a: Indeedee|25\/100\n|-damage|p2b: Gallade|39\/100\n|-enditem|p1a: Primarina|Throat Spray\n|-boost|p1a: Primarina|spa|1|[from] item: Throat Spray\n|\n|-weather|RainDance|[upkeep]\n|upkeep\n|turn|2\n|\n|t:|1727398900\n|switch|p1b: Rillaboom|Rillaboom, L50, M|100\/100\n|-fieldstart|move: Grassy Terrain|[from] ability: Grassy Surge|[of] p1b: Rillaboom\n|-terastallize|p2b: Gallade|Psychic\n|move|p1a: Primarina|Protect|p1a: Primarina\n|-singleturn|p1a: Primarina|Protect\n|move|p2b: Gallade|Psycho Cut|p1a: Primarina\n|-activate|p1a: Primarina|move: Protect\n|move|p2a: Indeedee|Tera Blast|p1b: Rillaboom\n|-damage|p1b: Rillaboom|72\/100\n|\n|-weather|RainDance|[upkeep]\n|-heal|p2b: Gallade|45\/100|[from] Grassy Terrain\n|-heal|p2a: Indeedee|31\/100|[from] Grassy Terrain\n|-heal|p1b: Rillaboom|78\/100|[from] Grassy Terrain\n|upkeep\n|turn|3\n|j| number86\n|l| number86\n|\n|t:|1727398924\n|switch|p2b: Sylveon|Sylveon, L50, F|100\/100\n|switch|p2a: Drifblim|Drifblim, L50, M|100\/100\n|move|p1b: Rillaboom|Grassy Glide|p2b: Sylveon\n|-damage|p2b: Sylveon|42\/100\n|move|p1a: Primarina|Moonblast|p2a: Drifblim\n|-damage|p2a: Drifblim|21\/100\n|\n|-weather|RainDance|[upkeep]\n|-heal|p2b: Sylveon|48\/100|[from] Grassy Terrain\n|-heal|p1b: Rillaboom|84\/100|[from] Grassy Terrain\n|upkeep\n|turn|4\n|\n|t:|1727398938\n|switch|p2b: Indeedee|Indeedee, L50, M|31\/100\n|-fieldstart|move: Psychic Terrain|[from] ability: Psychic Surge|[of] p2b: Indeedee\n|-enditem|p2a: Drifblim|Psychic Seed\n|-boost|p2a: Drifblim|spd|1|[from] item: Psychic Seed\n|move|p2a: Drifblim|Acrobatics|p1b: Rillaboom\n|-supereffective|p1b: Rillaboom\n|-damage|p1b: Rillaboom|3\/100\n|move|p1b: Rillaboom|Grassy Glide|p2b: Indeedee\n|-damage|p2b: Indeedee|0 fnt\n|faint|p2b: Indeedee\n|move|p1a: Primarina|Hyper Voice|p2a: Drifblim\n|-damage|p2a: Drifblim|0 fnt\n|faint|p2a: Drifblim\n|\n|-weather|RainDance|[upkeep]\n|upkeep\n|\n|t:|1727398948\n|switch|p2b: Gallade|Gallade, L50, M, tera:Psychic|45\/100\n|switch|p2a: Sylveon|Sylveon, L50, F|48\/100\n|turn|5\n|\n|t:|1727398952\n|switch|p1b: Amoonguss|Amoonguss, L50, M|100\/100\n|move|p1a: Primarina|Protect|p1a: Primarina\n|-singleturn|p1a: Primarina|Protect\n|move|p2b: Gallade|Psycho Cut|p1a: Primarina\n|-activate|p1a: Primarina|move: Protect\n|move|p2a: Sylveon|Hyper Voice|p1a: Primarina|[spread] p1b\n|-activate|p1a: Primarina|move: Protect\n|-resisted|p1b: Amoonguss\n|-damage|p1b: Amoonguss|82\/100\n|-enditem|p2a: Sylveon|Throat Spray\n|-boost|p2a: Sylveon|spa|1|[from] item: Throat Spray\n|\n|-weather|none\n|upkeep\n|turn|6\n|\n|t:|1727398966\n|move|p1b: Amoonguss|Rage Powder|p1b: Amoonguss\n|-singleturn|p1b: Amoonguss|move: Rage Powder\n|move|p2b: Gallade|Psycho Cut|p1b: Amoonguss\n|-supereffective|p1b: Amoonguss\n|-damage|p1b: Amoonguss|0 fnt\n|faint|p1b: Amoonguss\n|move|p2a: Sylveon|Hyper Voice|p1a: Primarina\n|-damage|p1a: Primarina|27\/100\n|move|p1a: Primarina|Moonblast|p2a: Sylveon\n|-damage|p2a: Sylveon|0 fnt\n|faint|p2a: Sylveon\n|\n|upkeep\n|\n|t:|1727398976\n|switch|p1b: Rillaboom|Rillaboom, L50, M|3\/100\n|-fieldstart|move: Grassy Terrain|[from] ability: Grassy Surge|[of] p1b: Rillaboom\n|turn|7\n|-message|mattun forfeited.\n|\n|win|Betsie\n|raw|Betsie's rating: 1698 &rarr; <strong>1724<\/strong><br \/>(+26 for winning)\n|raw|mattun's rating: 1813 &rarr; <strong>1787<\/strong><br \/>(-26 for losing)\n|l|\u2606mattun\n|player|p2|\n","uploadtime":1727399245,"views":21,"formatid":"gen9vgc2024regh","rating":1724,"private":0,"password":null}