{"id":"gen9vgc2024regh-2210242846","format":"[Gen 9] VGC 2024 Reg H","players":["Betsie","RocksTheRock"],"log":"|j|\u2606Betsie\n|j|\u2606RocksTheRock\n|t:|1727369349\n|gametype|doubles\n|player|p1|Betsie|grimsley-masters|1731\n|player|p2|RocksTheRock|red|1702\n|teamsize|p1|6\n|teamsize|p2|6\n|gen|9\n|tier|[Gen 9] VGC 2024 Reg H\n|rated|\n|rule|Species Clause: Limit one of each Pok\u00e9mon\n|rule|Item Clause: Limit 1 of each item\n|clearpoke\n|poke|p1|Rillaboom, L50, F|\n|poke|p1|Pelipper, L50, M|\n|poke|p1|Farigiraf, L50, M|\n|poke|p1|Primarina, L50, M|\n|poke|p1|Ursaluna-Bloodmoon, L50, M|\n|poke|p1|Amoonguss, L50, F|\n|poke|p2|Indeedee-F, L50, F|\n|poke|p2|Torkoal, L50, M|\n|poke|p2|Gallade, L50, M|\n|poke|p2|Lilligant-Hisui, L50, F|\n|poke|p2|Hatterene, L50, F|\n|poke|p2|Ursaluna, L50, M|\n|teampreview|4\n|inactive|Battle timer is ON: inactive players will automatically lose when time's up. (requested by Betsie)\n|j| ghangart\n|inactive|Betsie has 60 seconds left.\n|inactive|RocksTheRock has 60 seconds left.\n|c|\u2606RocksTheRock|Gl\n|\n|t:|1727369398\n|start\n|switch|p1a: Ursaluna|Ursaluna-Bloodmoon, L50, M|100\/100\n|switch|p1b: Rillaboom|Rillaboom, L50, F|100\/100\n|switch|p2a: Indeedee|Indeedee-F, L50, F|100\/100\n|switch|p2b: Gallade|Gallade, L50, M|100\/100\n|-fieldstart|move: Psychic Terrain|[from] ability: Psychic Surge|[of] p2a: Indeedee\n|-enditem|p2a: Indeedee|Psychic Seed\n|-boost|p2a: Indeedee|spd|1|[from] item: Psychic Seed\n|-fieldstart|move: Grassy Terrain|[from] ability: Grassy Surge|[of] p1b: Rillaboom\n|turn|1\n|\n|t:|1727369419\n|-terastallize|p1a: Ursaluna|Normal\n|move|p1b: Rillaboom|Fake Out|p2a: Indeedee\n|-damage|p2a: Indeedee|88\/100\n|move|p2b: Gallade|Sacred Sword|p1a: Ursaluna\n|-supereffective|p1a: Ursaluna\n|-damage|p1a: Ursaluna|0 fnt\n|faint|p1a: Ursaluna\n|cant|p2a: Indeedee|flinch\n|\n|-heal|p2a: Indeedee|94\/100|[from] Grassy Terrain\n|upkeep\n|\n|t:|1727369433\n|switch|p1a: Primarina|Primarina, L50, M, shiny|100\/100\n|turn|2\n|l| ghangart\n|\n|t:|1727369451\n|move|p2a: Indeedee|Follow Me|p2a: Indeedee\n|-singleturn|p2a: Indeedee|move: Follow Me\n|move|p1b: Rillaboom|U-turn|p2a: Indeedee\n|-supereffective|p2a: Indeedee\n|-damage|p2a: Indeedee|43\/100\n|\n|t:|1727369457\n|switch|p1b: Pelipper|Pelipper, L50, M|100\/100|[from] U-turn\n|-weather|RainDance|[from] ability: Drizzle|[of] p1b: Pelipper\n|move|p1a: Primarina|Hyper Voice|p2b: Gallade|[spread] p2a,p2b\n|-damage|p2a: Indeedee|10\/100\n|-damage|p2b: Gallade|47\/100\n|-enditem|p1a: Primarina|Throat Spray\n|-boost|p1a: Primarina|spa|1|[from] item: Throat Spray\n|move|p2b: Gallade|Trick Room|p2b: Gallade\n|-fieldstart|move: Trick Room|[of] p2b: Gallade\n|\n|-weather|RainDance|[upkeep]\n|-heal|p2a: Indeedee|16\/100|[from] Grassy Terrain\n|-heal|p2b: Gallade|53\/100|[from] Grassy Terrain\n|upkeep\n|turn|3\n|inactive|RocksTheRock has 30 seconds left.\n|inactive|RocksTheRock has 20 seconds left.\n|\n|t:|1727369493\n|switch|p2a: Ursaluna|Ursaluna, L50, M|100\/100\n|switch|p1b: Rillaboom|Rillaboom, L50, F|100\/100\n|move|p1a: Primarina|Hyper Voice|p2b: Gallade|[spread] p2a,p2b\n|-supereffective|p2a: Ursaluna\n|-damage|p2a: Ursaluna|0 fnt\n|-damage|p2b: Gallade|0 fnt\n|faint|p2a: Ursaluna\n|faint|p2b: Gallade\n|\n|-weather|RainDance|[upkeep]\n|upkeep\n|\n|t:|1727369501\n|switch|p2a: Indeedee|Indeedee-F, L50, F|16\/100\n|switch|p2b: Torkoal|Torkoal, L50, M|100\/100\n|-weather|SunnyDay|[from] ability: Drought|[of] p2b: Torkoal\n|-fieldstart|move: Psychic Terrain|[from] ability: Psychic Surge|[of] p2a: Indeedee\n|turn|4\n|\n|t:|1727369513\n|switch|p1b: Pelipper|Pelipper, L50, M|100\/100\n|-weather|RainDance|[from] ability: Drizzle|[of] p1b: Pelipper\n|-terastallize|p2b: Torkoal|Fire\n|move|p2a: Indeedee|Helping Hand|p2b: Torkoal\n|-singleturn|p2b: Torkoal|Helping Hand|[of] p2a: Indeedee\n|move|p1a: Primarina|Protect|p1a: Primarina\n|-singleturn|p1a: Primarina|Protect\n|move|p2b: Torkoal|Eruption|p1b: Pelipper|[spread] p1b\n|-activate|p1a: Primarina|move: Protect\n|-resisted|p1b: Pelipper\n|-damage|p1b: Pelipper|49\/100\n|\n|-weather|RainDance|[upkeep]\n|upkeep\n|turn|5\n|\n|t:|1727369526\n|move|p2a: Indeedee|Helping Hand|p2b: Torkoal\n|-singleturn|p2b: Torkoal|Helping Hand|[of] p2a: Indeedee\n|move|p1b: Pelipper|Wide Guard|p1b: Pelipper\n|-singleturn|p1b: Pelipper|Wide Guard\n|move|p2b: Torkoal|Eruption|p1a: Primarina|[spread] \n|-activate|p1a: Primarina|move: Wide Guard\n|-activate|p1b: Pelipper|move: Wide Guard\n|move|p1a: Primarina|Hyper Voice|p2b: Torkoal|[spread] p2a,p2b\n|-supereffective|p2b: Torkoal\n|-damage|p2a: Indeedee|0 fnt\n|-damage|p2b: Torkoal|0 fnt\n|faint|p2a: Indeedee\n|faint|p2b: Torkoal\n|\n|win|Betsie\n|raw|Betsie's rating: 1731 &rarr; <strong>1749<\/strong><br \/>(+18 for winning)\n|raw|RocksTheRock's rating: 1702 &rarr; <strong>1684<\/strong><br \/>(-18 for losing)\n|l|\u2606RocksTheRock\n|player|p2|\n","uploadtime":1727369733,"views":37,"formatid":"gen9vgc2024regh","rating":1684,"private":0,"password":null}