{"id":"gen9vgc2024regh-2210525138","format":"[Gen 9] VGC 2024 Reg H","players":["Betsie","rebirthruby"],"log":"|j|\u2606Betsie\n|j|\u2606rebirthruby\n|t:|1727397036\n|gametype|doubles\n|player|p1|Betsie|grimsley-masters|1787\n|player|p2|rebirthruby|170|1690\n|teamsize|p1|6\n|teamsize|p2|6\n|gen|9\n|tier|[Gen 9] VGC 2024 Reg H\n|rated|\n|rule|Species Clause: Limit one of each Pok\u00e9mon\n|rule|Item Clause: Limit 1 of each item\n|clearpoke\n|poke|p1|Rillaboom, L50, F|\n|poke|p1|Pelipper, L50, F|\n|poke|p1|Farigiraf, L50, F|\n|poke|p1|Primarina, L50, F|\n|poke|p1|Ursaluna-Bloodmoon, L50, M|\n|poke|p1|Amoonguss, L50, M|\n|poke|p2|Weezing, L50, M|\n|poke|p2|Slaking, L50, F|\n|poke|p2|Dondozo, L50, M|\n|poke|p2|Tatsugiri, L50, F|\n|poke|p2|Talonflame, L50, F|\n|poke|p2|Garchomp, L50, M|\n|teampreview|4\n|inactive|Battle timer is ON: inactive players will automatically lose when time's up. (requested by Betsie)\n|inactive|Betsie has 60 seconds left.\n|\n|t:|1727397071\n|start\n|switch|p1a: Amoonguss|Amoonguss, L50, M|100\/100\n|switch|p1b: Farigiraf|Farigiraf, L50, F|100\/100\n|switch|p2a: Weezing|Weezing, L50, M|100\/100\n|switch|p2b: Slaking|Slaking, L50, F|100\/100\n|-ability|p2a: Weezing|Neutralizing Gas\n|turn|1\n|inactive|rebirthruby has 30 seconds left.\n|\n|t:|1727397099\n|move|p1a: Amoonguss|Rage Powder|p1a: Amoonguss\n|-singleturn|p1a: Amoonguss|move: Rage Powder\n|move|p2b: Slaking|Double-Edge|p1a: Amoonguss\n|-damage|p1a: Amoonguss|39\/100\n|-damage|p2b: Slaking|84\/100|[from] item: Rocky Helmet|[of] p1a: Amoonguss\n|-damage|p2b: Slaking|64\/100|[from] Recoil\n|move|p2a: Weezing|Gunk Shot|p1a: Amoonguss|[miss]\n|-miss|p2a: Weezing|p1a: Amoonguss\n|move|p1b: Farigiraf|Trick Room|p1b: Farigiraf\n|-fieldstart|move: Trick Room|[of] p1b: Farigiraf\n|\n|upkeep\n|turn|2\n|\n|t:|1727397120\n|switch|p1b: Ursaluna|Ursaluna-Bloodmoon, L50, M|100\/100\n|move|p1a: Amoonguss|Spore|p2b: Slaking\n|-status|p2b: Slaking|slp|[from] move: Spore\n|move|p2a: Weezing|Gunk Shot|p1a: Amoonguss\n|-damage|p1a: Amoonguss|2\/100\n|cant|p2b: Slaking|slp\n|\n|upkeep\n|turn|3\n|\n|t:|1727397135\n|-terastallize|p1b: Ursaluna|Normal\n|move|p2a: Weezing|Protect|p2a: Weezing\n|-singleturn|p2a: Weezing|Protect\n|move|p1a: Amoonguss|Spore|p2a: Weezing\n|-activate|p2a: Weezing|move: Protect\n|move|p1b: Ursaluna|Hyper Voice|p2a: Weezing|[spread] p2b\n|-activate|p2a: Weezing|move: Protect\n|-crit|p2b: Slaking\n|-damage|p2b: Slaking|0 fnt\n|faint|p2b: Slaking\n|-damage|p1b: Ursaluna|91\/100|[from] item: Life Orb\n|\n|upkeep\n|\n|t:|1727397150\n|switch|p2b: Dondozo|Dondozo, L50, M|100\/100\n|turn|4\n|\n|t:|1727397161\n|move|p1b: Ursaluna|Protect|p1b: Ursaluna\n|-singleturn|p1b: Ursaluna|Protect\n|move|p2b: Dondozo|Protect|p2b: Dondozo\n|-singleturn|p2b: Dondozo|Protect\n|move|p1a: Amoonguss|Spore|p2b: Dondozo\n|-activate|p2b: Dondozo|move: Protect\n|move|p2a: Weezing|Gunk Shot|p1a: Amoonguss\n|-damage|p1a: Amoonguss|0 fnt\n|faint|p1a: Amoonguss\n|\n|upkeep\n|\n|t:|1727397165\n|switch|p1a: Primarina|Primarina, L50, F, shiny|100\/100\n|turn|5\n|inactive|rebirthruby has 30 seconds left.\n|j| Therazer456\n|inactive|Betsie has 30 seconds left.\n|inactive|rebirthruby has 20 seconds left.\n|inactive|Betsie has 20 seconds left.\n|inactive|rebirthruby has 15 seconds left.\n|inactive|Betsie has 15 seconds left.\n|\n|t:|1727397212\n|-terastallize|p2a: Weezing|Ghost\n|move|p2b: Dondozo|Protect||[still]\n|-fail|p2b: Dondozo\n|move|p1b: Ursaluna|Earth Power|p2a: Weezing\n|-enditem|p2a: Weezing|Focus Sash\n|-damage|p2a: Weezing|1\/100\n|-damage|p1b: Ursaluna|81\/100|[from] item: Life Orb\n|move|p1a: Primarina|Haze|p1a: Primarina\n|-clearallboost\n|move|p2a: Weezing|Gunk Shot|p1a: Primarina|[miss]\n|-miss|p2a: Weezing|p1a: Primarina\n|\n|-fieldend|move: Trick Room\n|upkeep\n|turn|6\n|inactive|rebirthruby has 30 seconds left.\n|\n|t:|1727397243\n|move|p1a: Primarina|Protect|p1a: Primarina\n|-singleturn|p1a: Primarina|Protect\n|move|p2a: Weezing|Gunk Shot|p1a: Primarina\n|-activate|p1a: Primarina|move: Protect\n|move|p2b: Dondozo|Order Up|p1b: Ursaluna\n|-damage|p1b: Ursaluna|67\/100\n|move|p1b: Ursaluna|Hyper Voice|p2a: Weezing|[spread] p2b\n|-immune|p2a: Weezing\n|-damage|p2b: Dondozo|45\/100\n|-damage|p1b: Ursaluna|57\/100|[from] item: Life Orb\n|\n|-heal|p2b: Dondozo|51\/100|[from] item: Leftovers\n|upkeep\n|turn|7\n|\n|t:|1727397259\n|switch|p1a: Farigiraf|Farigiraf, L50, F|100\/100\n|move|p2b: Dondozo|Protect|p2b: Dondozo\n|-singleturn|p2b: Dondozo|Protect\n|move|p2a: Weezing|Gunk Shot|p1a: Farigiraf\n|-damage|p1a: Farigiraf|66\/100\n|move|p1b: Ursaluna|Blood Moon|p2b: Dondozo\n|-activate|p2b: Dondozo|move: Protect\n|\n|-heal|p2b: Dondozo|57\/100|[from] item: Leftovers\n|upkeep\n|turn|8\n|\n|t:|1727397279\n|move|p2a: Weezing|Poison Gas|p1b: Ursaluna|[spread] p1a,p1b\n|-status|p1a: Farigiraf|psn\n|-status|p1b: Ursaluna|psn\n|move|p2b: Dondozo|Wave Crash|p1a: Farigiraf\n|-damage|p1a: Farigiraf|33\/100 psn\n|-enditem|p1a: Farigiraf|Sitrus Berry|[eat]\n|-heal|p1a: Farigiraf|57\/100 psn|[from] item: Sitrus Berry\n|-damage|p2b: Dondozo|46\/100|[from] Recoil\n|move|p1b: Ursaluna|Earth Power|p2a: Weezing\n|-damage|p2a: Weezing|0 fnt\n|faint|p2a: Weezing\n|-end|p2a: Weezing|ability: Neutralizing Gas\n|-damage|p1b: Ursaluna|48\/100 psn|[from] item: Life Orb\n|move|p1a: Farigiraf|Trick Room|p1a: Farigiraf\n|-fieldstart|move: Trick Room|[of] p1a: Farigiraf\n|\n|-heal|p2b: Dondozo|52\/100|[from] item: Leftovers\n|-damage|p1a: Farigiraf|45\/100 psn|[from] psn\n|-damage|p1b: Ursaluna|35\/100 psn|[from] psn\n|upkeep\n|\n|t:|1727397299\n|switch|p2a: Tatsugiri|Tatsugiri, L50, F|100\/100\n|-activate|p2a: Tatsugiri|ability: Commander|[of] p2b: Dondozo\n|-boost|p2b: Dondozo|atk|2\n|-boost|p2b: Dondozo|spa|2\n|-boost|p2b: Dondozo|spe|2\n|-boost|p2b: Dondozo|def|2\n|-boost|p2b: Dondozo|spd|2\n|turn|9\n|\n|t:|1727397313\n|move|p2b: Dondozo|Protect|p2b: Dondozo\n|-singleturn|p2b: Dondozo|Protect\n|move|p1a: Farigiraf|Psychic|p2b: Dondozo\n|-activate|p2b: Dondozo|move: Protect\n|move|p1b: Ursaluna|Hyper Voice|p2b: Dondozo|[spread] \n|-miss|p1b: Ursaluna|p2a: Tatsugiri\n|-activate|p2b: Dondozo|move: Protect\n|\n|-heal|p2b: Dondozo|58\/100|[from] item: Leftovers\n|-damage|p1a: Farigiraf|33\/100 psn|[from] psn\n|-damage|p1b: Ursaluna|23\/100 psn|[from] psn\n|upkeep\n|turn|10\n|\n|t:|1727397333\n|move|p1a: Farigiraf|Psychic|p2b: Dondozo\n|-damage|p2b: Dondozo|43\/100\n|move|p1b: Ursaluna|Blood Moon|p2b: Dondozo\n|-damage|p2b: Dondozo|0 fnt\n|faint|p2b: Dondozo\n|-damage|p1b: Ursaluna|13\/100 psn|[from] item: Life Orb\n|\n|-damage|p1a: Farigiraf|20\/100 psn|[from] psn\n|-damage|p1b: Ursaluna|0 fnt|[from] psn\n|faint|p1b: Ursaluna\n|upkeep\n|\n|t:|1727397339\n|switch|p1b: Primarina|Primarina, L50, F, shiny|100\/100\n|turn|11\n|\n|t:|1727397355\n|move|p2a: Tatsugiri|Protect|p2a: Tatsugiri\n|-singleturn|p2a: Tatsugiri|Protect\n|move|p1a: Farigiraf|Psychic|p2a: Tatsugiri\n|-activate|p2a: Tatsugiri|move: Protect\n|move|p1b: Primarina|Moonblast|p2a: Tatsugiri\n|-activate|p2a: Tatsugiri|move: Protect\n|\n|-damage|p1a: Farigiraf|8\/100 psn|[from] psn\n|upkeep\n|turn|12\n|-activate|p2a: Tatsugiri|item: Quick Claw\n|\n|t:|1727397368\n|move|p2a: Tatsugiri|Muddy Water|p1b: Primarina|[spread] p1a\n|-miss|p2a: Tatsugiri|p1b: Primarina\n|-damage|p1a: Farigiraf|0 fnt\n|faint|p1a: Farigiraf\n|move|p1b: Primarina|Moonblast|p2a: Tatsugiri\n|-supereffective|p2a: Tatsugiri\n|-damage|p2a: Tatsugiri|0 fnt\n|faint|p2a: Tatsugiri\n|\n|win|Betsie\n|raw|Betsie's rating: 1787 &rarr; <strong>1802<\/strong><br \/>(+15 for winning)\n|raw|rebirthruby's rating: 1690 &rarr; <strong>1675<\/strong><br \/>(-15 for losing)\n|l|\u2606rebirthruby\n|player|p2|\n|l| Therazer456\n","uploadtime":1727397577,"views":14,"formatid":"gen9vgc2024regh","rating":1675,"private":0,"password":null}