{"id":"gen9vgc2024regh-2210149758","format":"[Gen 9] VGC 2024 Reg H","players":["nootellas","CarryTheBoats"],"log":"|j|\u203dnootellas\n|j|\u2606CarryTheBoats\n|t:|1727361400\n|gametype|doubles\n|player|p1|nootellas|1|1701\n|player|p2|CarryTheBoats|crasherwake|1670\n|teamsize|p1|6\n|teamsize|p2|6\n|gen|9\n|tier|[Gen 9] VGC 2024 Reg H\n|rated|\n|rule|Species Clause: Limit one of each Pok\u00e9mon\n|rule|Item Clause: Limit 1 of each item\n|clearpoke\n|poke|p1|Ninetales-Alola, L50, M|\n|poke|p1|Zoroark-Hisui, L50, F|\n|poke|p1|Goodra-Hisui, L50, M|\n|poke|p1|Incineroar, L50, M|\n|poke|p1|Sylveon, L50, M|\n|poke|p1|Garchomp, L50, F|\n|poke|p2|Salamence, L50, M|\n|poke|p2|Archaludon, L50, M|\n|poke|p2|Pelipper, L50, F|\n|poke|p2|Basculegion, L50, M|\n|poke|p2|Rillaboom, L50, M|\n|poke|p2|Kingambit, L50, F|\n|teampreview|4\n|j| Happppyyyyyy\n|\n|t:|1727361438\n|start\n|switch|p1a: Goodra|Goodra-Hisui, L50, M, shiny|100\/100\n|switch|p1b: Garchomp|Garchomp, L50, F, shiny|100\/100\n|switch|p2a: Salamence|Salamence, L50, M|100\/100\n|switch|p2b: Archaludon|Archaludon, L50, M|100\/100\n|-ability|p2a: Salamence|Intimidate|boost\n|-unboost|p1a: Goodra|atk|1\n|-unboost|p1b: Garchomp|atk|1\n|turn|1\n|\n|t:|1727361458\n|move|p2a: Salamence|Draco Meteor|p1b: Garchomp\n|-damage|p1b: Garchomp|0 fnt\n|-unboost|p2a: Salamence|spa|2\n|replace|p1b: Zoroark|Zoroark-Hisui, L50, F, shiny\n|-end|p1b: Zoroark|Illusion\n|faint|p1b: Zoroark\n|move|p2b: Archaludon|Electro Shot||[still]\n|-prepare|p2b: Archaludon|Electro Shot\n|-boost|p2b: Archaludon|spa|1\n|-enditem|p2b: Archaludon|Power Herb\n|-anim|p2b: Archaludon|Electro Shot|p1a: Goodra\n|-resisted|p1a: Goodra\n|-damage|p1a: Goodra|78\/100\n|move|p1a: Goodra|Acid Armor|p1a: Goodra\n|-boost|p1a: Goodra|def|2\n|\n|-heal|p1a: Goodra|83\/100|[from] item: Leftovers\n|upkeep\n|\n|t:|1727361466\n|switch|p1b: Garchomp|Garchomp, L50, F, shiny|100\/100\n|turn|2\n|\n|t:|1727361486\n|-terastallize|p2a: Salamence|Steel\n|-terastallize|p1b: Garchomp|Steel\n|move|p2b: Archaludon|Protect|p2b: Archaludon\n|-singleturn|p2b: Archaludon|Protect\n|move|p2a: Salamence|Tailwind|p2a: Salamence\n|-sidestart|p2: CarryTheBoats|move: Tailwind\n|move|p1b: Garchomp|Swords Dance|p1b: Garchomp\n|-boost|p1b: Garchomp|atk|2\n|move|p1a: Goodra|Acid Armor|p1a: Goodra\n|-boost|p1a: Goodra|def|2\n|\n|-heal|p1a: Goodra|89\/100|[from] item: Leftovers\n|upkeep\n|turn|3\n|\n|t:|1727361503\n|switch|p2a: Pelipper|Pelipper, L50, F|100\/100\n|-weather|RainDance|[from] ability: Drizzle|[of] p2a: Pelipper\n|move|p1b: Garchomp|Protect|p1b: Garchomp\n|-singleturn|p1b: Garchomp|Protect\n|move|p2b: Archaludon|Electro Shot||[still]\n|-prepare|p2b: Archaludon|Electro Shot\n|-boost|p2b: Archaludon|spa|1\n|-anim|p2b: Archaludon|Electro Shot|p1b: Garchomp\n|-activate|p1b: Garchomp|move: Protect\n|move|p1a: Goodra|Body Press|p2b: Archaludon\n|-supereffective|p2b: Archaludon\n|-ability|p2b: Archaludon|Sturdy\n|-damage|p2b: Archaludon|1\/100\n|\n|-weather|RainDance|[upkeep]\n|-heal|p1a: Goodra|95\/100|[from] item: Leftovers\n|upkeep\n|turn|4\n|j| mr pogostick\n|j| fgdgfdgdgfdgdf\n|\n|t:|1727361544\n|switch|p1b: Ninetales|Ninetales-Alola, L50, M, shiny|100\/100\n|-weather|Snow|[from] ability: Snow Warning|[of] p1b: Ninetales\n|move|p2b: Archaludon|Dragon Pulse|p1a: Goodra\n|-damage|p1a: Goodra|34\/100\n|move|p2a: Pelipper|Weather Ball|p1a: Goodra\n|-damage|p1a: Goodra|11\/100\n|move|p1a: Goodra|Body Press|p2a: Pelipper\n|-resisted|p2a: Pelipper\n|-damage|p2a: Pelipper|53\/100\n|\n|-weather|Snow|[upkeep]\n|-heal|p1a: Goodra|17\/100|[from] item: Leftovers\n|upkeep\n|turn|5\n|\n|t:|1727361558\n|switch|p2a: Salamence|Salamence, L50, M, tera:Steel|100\/100\n|-ability|p2a: Salamence|Intimidate|boost\n|-unboost|p1a: Goodra|atk|1\n|-unboost|p1b: Ninetales|atk|1\n|move|p2b: Archaludon|Flash Cannon|p1b: Ninetales\n|-supereffective|p1b: Ninetales\n|-damage|p1b: Ninetales|0 fnt\n|faint|p1b: Ninetales\n|move|p1a: Goodra|Life Dew|p1a: Goodra\n|-heal|p1a: Goodra|42\/100\n|\n|-weather|Snow|[upkeep]\n|-heal|p1a: Goodra|48\/100|[from] item: Leftovers\n|-sideend|p2: CarryTheBoats|move: Tailwind\n|upkeep\n|\n|t:|1727361564\n|switch|p1b: Garchomp|Garchomp, L50, F, shiny, tera:Steel|100\/100\n|turn|6\n|\n|t:|1727361578\n|move|p2a: Salamence|Tailwind|p2a: Salamence\n|-sidestart|p2: CarryTheBoats|move: Tailwind\n|move|p2b: Archaludon|Dragon Pulse|p1a: Goodra\n|-damage|p1a: Goodra|0 fnt\n|faint|p1a: Goodra\n|move|p1b: Garchomp|Stomping Tantrum|p2a: Salamence\n|-supereffective|p2a: Salamence\n|-damage|p2a: Salamence|0 fnt\n|faint|p2a: Salamence\n|\n|-weather|Snow|[upkeep]\n|upkeep\n|\n|t:|1727361583\n|switch|p2a: Pelipper|Pelipper, L50, F|53\/100\n|-weather|RainDance|[from] ability: Drizzle|[of] p2a: Pelipper\n|turn|7\n|-message|nootellas forfeited.\n|\n|win|CarryTheBoats\n|raw|nootellas's rating: 1701 &rarr; <strong>1679<\/strong><br \/>(-22 for losing)\n|raw|CarryTheBoats's rating: 1670 &rarr; <strong>1692<\/strong><br \/>(+22 for winning)\n|l|\u203dnootellas\n|player|p1|\n|l|\u2606CarryTheBoats\n|player|p2|\n|l| Happppyyyyyy\n","uploadtime":1727361730,"views":32,"formatid":"gen9vgc2024regh","rating":1679,"private":0,"password":null}