{"id":"gen9vgc2024regh-2210006037","format":"[Gen 9] VGC 2024 Reg H","players":["caixueying","The propheseeker2"],"log":"|j|\u2606caixueying\n|j|\u2606The propheseeker2\n|t:|1727344668\n|gametype|doubles\n|player|p1|caixueying|beauty-gen4dp|1699\n|player|p2|The propheseeker2|265|1711\n|teamsize|p1|6\n|teamsize|p2|6\n|gen|9\n|tier|[Gen 9] VGC 2024 Reg H\n|rated|\n|rule|Species Clause: Limit one of each Pok\u00e9mon\n|rule|Item Clause: Limit 1 of each item\n|clearpoke\n|poke|p1|Pelipper, L50, F|\n|poke|p1|Grimmsnarl, L50, M|\n|poke|p1|Archaludon, L50, F|\n|poke|p1|Sinistcha-Masterpiece, L50|\n|poke|p1|Murkrow, L50, M|\n|poke|p1|Basculegion, L50, M|\n|poke|p2|Amoonguss, L50, M|\n|poke|p2|Incineroar, L50, M|\n|poke|p2|Ursaluna-Bloodmoon, L50, M|\n|poke|p2|Dragapult, L50, F|\n|poke|p2|Grimmsnarl, L50, M|\n|poke|p2|Flamigo, L50, M|\n|teampreview|4\n|inactive|Battle timer is ON: inactive players will automatically lose when time's up. (requested by caixueying)\n|\n|t:|1727344696\n|start\n|switch|p1a: Grimmsnarl|Grimmsnarl, L50, M|100\/100\n|switch|p1b: Pelipper|Pelipper, L50, F|100\/100\n|switch|p2a: Grimmsnarl|Grimmsnarl, L50, M|100\/100\n|switch|p2b: Incineroar|Incineroar, L50, M|100\/100\n|-weather|RainDance|[from] ability: Drizzle|[of] p1b: Pelipper\n|-ability|p2b: Incineroar|Intimidate|boost\n|-unboost|p1a: Grimmsnarl|atk|1\n|-unboost|p1b: Pelipper|atk|1\n|turn|1\n|\n|t:|1727344715\n|move|p2b: Incineroar|Fake Out|p1b: Pelipper\n|-damage|p1b: Pelipper|82\/100\n|move|p2a: Grimmsnarl|Light Screen|p2a: Grimmsnarl\n|-sidestart|p2: The propheseeker2|move: Light Screen\n|move|p1a: Grimmsnarl|Thunder Wave|p2a: Grimmsnarl\n|-hint|Since gen 7, Dark is immune to Prankster moves.\n|-immune|p2a: Grimmsnarl\n|cant|p1b: Pelipper|flinch\n|\n|-weather|RainDance|[upkeep]\n|upkeep\n|turn|2\n|\n|t:|1727344731\n|switch|p2b: Amoonguss|Amoonguss, L50, M|100\/100\n|move|p2a: Grimmsnarl|Parting Shot|p1b: Pelipper\n|-unboost|p1b: Pelipper|atk|1\n|-unboost|p1b: Pelipper|spa|1\n|\n|t:|1727344735\n|switch|p2a: Incineroar|Incineroar, L50, M|100\/100|[from] Parting Shot\n|-ability|p2a: Incineroar|Intimidate|boost\n|-unboost|p1a: Grimmsnarl|atk|1\n|-unboost|p1b: Pelipper|atk|1\n|move|p1a: Grimmsnarl|Reflect|p1a: Grimmsnarl\n|-sidestart|p1: caixueying|Reflect\n|move|p1b: Pelipper|Muddy Water|p2b: Amoonguss|[spread] p2a,p2b\n|-supereffective|p2a: Incineroar\n|-resisted|p2b: Amoonguss\n|-crit|p2b: Amoonguss\n|-damage|p2a: Incineroar|62\/100\n|-damage|p2b: Amoonguss|68\/100\n|\n|-weather|RainDance|[upkeep]\n|upkeep\n|turn|3\n|\n|t:|1727344757\n|move|p2a: Incineroar|Fake Out|p1a: Grimmsnarl\n|-damage|p1a: Grimmsnarl|91\/100\n|cant|p1a: Grimmsnarl|flinch\n|move|p1b: Pelipper|Muddy Water|p2a: Incineroar|[spread] p2a,p2b\n|-supereffective|p2a: Incineroar\n|-resisted|p2b: Amoonguss\n|-damage|p2a: Incineroar|24\/100\n|-damage|p2b: Amoonguss|59\/100\n|move|p2b: Amoonguss|Spore|p1a: Grimmsnarl\n|-status|p1a: Grimmsnarl|slp|[from] move: Spore\n|\n|-weather|RainDance|[upkeep]\n|upkeep\n|turn|4\n|\n|t:|1727344773\n|switch|p2a: Grimmsnarl|Grimmsnarl, L50, M|100\/100\n|switch|p1a: Archaludon|Archaludon, L50, F|100\/100\n|move|p1b: Pelipper|Muddy Water|p2b: Amoonguss|[spread] p2a,p2b\n|-resisted|p2b: Amoonguss\n|-damage|p2a: Grimmsnarl|81\/100\n|-damage|p2b: Amoonguss|50\/100\n|move|p2b: Amoonguss|Spore|p1b: Pelipper\n|-status|p1b: Pelipper|slp|[from] move: Spore\n|\n|-weather|RainDance|[upkeep]\n|upkeep\n|turn|5\n|inactive|caixueying has 30 seconds left.\n|\n|t:|1727344799\n|switch|p1b: Basculegion|Basculegion, L50, M|100\/100\n|-terastallize|p1a: Archaludon|Grass\n|move|p2a: Grimmsnarl|Parting Shot|p1a: Archaludon\n|-unboost|p1a: Archaludon|atk|1\n|-unboost|p1a: Archaludon|spa|1\n|\n|t:|1727344803\n|switch|p2a: Incineroar|Incineroar, L50, M|24\/100|[from] Parting Shot\n|-ability|p2a: Incineroar|Intimidate|boost\n|-unboost|p1a: Archaludon|atk|1\n|-unboost|p1b: Basculegion|atk|1\n|move|p1a: Archaludon|Electro Shot||[still]\n|-prepare|p1a: Archaludon|Electro Shot\n|-boost|p1a: Archaludon|spa|1\n|-anim|p1a: Archaludon|Electro Shot|p2b: Amoonguss\n|-resisted|p2b: Amoonguss\n|-damage|p2b: Amoonguss|38\/100\n|move|p2b: Amoonguss|Spore|p1a: Archaludon\n|-immune|p1a: Archaludon\n|\n|-weather|none\n|upkeep\n|turn|6\n|inactive|caixueying has 30 seconds left.\n|\n|t:|1727344829\n|switch|p2a: Grimmsnarl|Grimmsnarl, L50, M|81\/100\n|switch|p2b: Ursaluna|Ursaluna-Bloodmoon, L50, M|100\/100\n|move|p1b: Basculegion|Wave Crash|p2a: Grimmsnarl\n|-damage|p2a: Grimmsnarl|30\/100\n|-damage|p1b: Basculegion|83\/100|[from] Recoil\n|-damage|p1b: Basculegion|73\/100|[from] item: Life Orb\n|move|p1a: Archaludon|Draco Meteor|p2b: Ursaluna\n|-damage|p2b: Ursaluna|75\/100\n|-unboost|p1a: Archaludon|spa|2\n|\n|upkeep\n|turn|7\n|\n|t:|1727344847\n|-terastallize|p2b: Ursaluna|Grass\n|move|p2a: Grimmsnarl|Parting Shot|p1a: Archaludon\n|-unboost|p1a: Archaludon|atk|1\n|-unboost|p1a: Archaludon|spa|1\n|\n|t:|1727344851\n|switch|p2a: Amoonguss|Amoonguss, L50, M|71\/100|[from] Parting Shot\n|move|p1b: Basculegion|Wave Crash|p2b: Ursaluna\n|-resisted|p2b: Ursaluna\n|-damage|p2b: Ursaluna|57\/100\n|-damage|p1b: Basculegion|67\/100|[from] Recoil\n|-damage|p1b: Basculegion|57\/100|[from] item: Life Orb\n|move|p1a: Archaludon|Body Press|p2b: Ursaluna\n|-damage|p2b: Ursaluna|42\/100\n|move|p2b: Ursaluna|Blood Moon|p1b: Basculegion\n|-damage|p1b: Basculegion|0 fnt\n|faint|p1b: Basculegion\n|\n|upkeep\n|\n|t:|1727344867\n|switch|p1b: Pelipper|Pelipper, L50, F|82\/100 slp\n|-weather|RainDance|[from] ability: Drizzle|[of] p1b: Pelipper\n|turn|8\n|\n|t:|1727344889\n|cant|p1b: Pelipper|slp\n|move|p1a: Archaludon|Body Press|p2b: Ursaluna\n|-damage|p2b: Ursaluna|26\/100\n|move|p2b: Ursaluna|Hyper Voice|p1b: Pelipper|[spread] p1a,p1b\n|-damage|p1a: Archaludon|79\/100\n|-damage|p1b: Pelipper|12\/100 slp\n|-ability|p1a: Archaludon|Stamina|boost\n|-boost|p1a: Archaludon|def|1\n|move|p2a: Amoonguss|Pollen Puff|p2b: Ursaluna\n|-heal|p2b: Ursaluna|76\/100\n|\n|-weather|RainDance|[upkeep]\n|-sideend|p2: The propheseeker2|move: Light Screen\n|upkeep\n|turn|9\n|\n|t:|1727344914\n|move|p2a: Amoonguss|Rage Powder|p2a: Amoonguss\n|-singleturn|p2a: Amoonguss|move: Rage Powder\n|cant|p1b: Pelipper|slp\n|move|p1a: Archaludon|Body Press|p2b: Ursaluna\n|-damage|p2b: Ursaluna|52\/100\n|move|p2b: Ursaluna|Hyper Voice|p1b: Pelipper|[spread] p1a,p1b\n|-damage|p1a: Archaludon|56\/100\n|-damage|p1b: Pelipper|0 fnt\n|-ability|p1a: Archaludon|Stamina|boost\n|-boost|p1a: Archaludon|def|1\n|faint|p1b: Pelipper\n|\n|-weather|RainDance|[upkeep]\n|-sideend|p1: caixueying|Reflect\n|upkeep\n|\n|t:|1727344925\n|switch|p1b: Grimmsnarl|Grimmsnarl, L50, M|91\/100 slp\n|turn|10\n|\n|t:|1727344934\n|cant|p1b: Grimmsnarl|slp\n|move|p1a: Archaludon|Body Press|p2b: Ursaluna\n|-damage|p2b: Ursaluna|21\/100\n|move|p2b: Ursaluna|Blood Moon|p1a: Archaludon\n|-damage|p1a: Archaludon|4\/100\n|-ability|p1a: Archaludon|Stamina|boost\n|-boost|p1a: Archaludon|def|1\n|move|p2a: Amoonguss|Clear Smog|p1a: Archaludon\n|-supereffective|p1a: Archaludon\n|-damage|p1a: Archaludon|0 fnt\n|-clearboost|p1a: Archaludon\n|faint|p1a: Archaludon\n|\n|-weather|RainDance|[upkeep]\n|upkeep\n|turn|11\n|-message|caixueying forfeited.\n|\n|win|The propheseeker2\n|raw|caixueying's rating: 1699 &rarr; <strong>1680<\/strong><br \/>(-19 for losing)\n|raw|The propheseeker2's rating: 1711 &rarr; <strong>1730<\/strong><br \/>(+19 for winning)\n|l|\u2606caixueying\n|player|p1|\n|l|\u2606The propheseeker2\n|player|p2|\n","uploadtime":1727344954,"views":38,"formatid":"gen9vgc2024regh","rating":1680,"private":0,"password":null}