{"id":"gen9vgc2024regh-2210148545","format":"[Gen 9] VGC 2024 Reg H","players":["Isloe","Moosewii7"],"log":"|j|\u2606Isloe\n|j|\u2606Moosewii7\n|t:|1727361297\n|gametype|doubles\n|player|p1|Isloe|dahlia|1707\n|player|p2|Moosewii7|266|1686\n|teamsize|p1|6\n|teamsize|p2|6\n|gen|9\n|tier|[Gen 9] VGC 2024 Reg H\n|rated|\n|rule|Species Clause: Limit one of each Pok\u00e9mon\n|rule|Item Clause: Limit 1 of each item\n|clearpoke\n|poke|p1|Hydreigon, L50, M|\n|poke|p1|Gholdengo, L50|\n|poke|p1|Talonflame, L50, F|\n|poke|p1|Garchomp, L50, M|\n|poke|p1|Rillaboom, L50, F|\n|poke|p1|Clefairy, L50, F|\n|poke|p2|Garganacl, L50, F|\n|poke|p2|Amoonguss, L50, M|\n|poke|p2|Dragapult, L50, F|\n|poke|p2|Kingambit, L50, M|\n|poke|p2|Dragonite, L50, F|\n|poke|p2|Ninetales-Alola, L50, F|\n|teampreview|4\n|inactive|Battle timer is ON: inactive players will automatically lose when time's up. (requested by Moosewii7)\n|j| VirtuaSphere\n|j| MikeFlem12326171\n|\n|t:|1727361336\n|start\n|switch|p1a: Gholdengo|Gholdengo, L50|100\/100\n|switch|p1b: Clefairy|Clefairy, L50, F|100\/100\n|switch|p2a: Garganacl|Garganacl, L50, F|100\/100\n|switch|p2b: Dragonite|Dragonite, L50, F|100\/100\n|turn|1\n|\n|t:|1727361354\n|move|p2a: Garganacl|Wide Guard|p2a: Garganacl\n|-singleturn|p2a: Garganacl|Wide Guard\n|move|p1b: Clefairy|Follow Me|p1b: Clefairy\n|-singleturn|p1b: Clefairy|move: Follow Me\n|move|p1a: Gholdengo|Nasty Plot|p1a: Gholdengo\n|-boost|p1a: Gholdengo|spa|2\n|move|p2b: Dragonite|Earthquake|p1a: Gholdengo|[spread] p1a,p1b\n|-activate|p2a: Garganacl|move: Wide Guard\n|-supereffective|p1a: Gholdengo\n|-damage|p1a: Gholdengo|60\/100\n|-damage|p1b: Clefairy|76\/100\n|\n|upkeep\n|turn|2\n|inactive|Isloe has 30 seconds left.\n|inactive|Isloe has 20 seconds left.\n|\n|t:|1727361393\n|move|p2a: Garganacl|Wide Guard|p2a: Garganacl\n|-singleturn|p2a: Garganacl|Wide Guard\n|move|p1b: Clefairy|Follow Me|p1b: Clefairy\n|-singleturn|p1b: Clefairy|move: Follow Me\n|move|p1a: Gholdengo|Shadow Ball|p2b: Dragonite\n|-damage|p2b: Dragonite|63\/100\n|move|p2b: Dragonite|Earthquake|p1b: Clefairy|[spread] p1a,p1b\n|-activate|p2a: Garganacl|move: Wide Guard\n|-supereffective|p1a: Gholdengo\n|-damage|p1a: Gholdengo|18\/100\n|-damage|p1b: Clefairy|51\/100\n|\n|upkeep\n|turn|3\n|\n|t:|1727361408\n|move|p2b: Dragonite|Protect|p2b: Dragonite\n|-singleturn|p2b: Dragonite|Protect\n|move|p1b: Clefairy|Follow Me|p1b: Clefairy\n|-singleturn|p1b: Clefairy|move: Follow Me\n|move|p1a: Gholdengo|Shadow Ball|p2b: Dragonite\n|-activate|p2b: Dragonite|move: Protect\n|move|p2a: Garganacl|Salt Cure|p1b: Clefairy\n|-damage|p1b: Clefairy|40\/100\n|-start|p1b: Clefairy|Salt Cure\n|\n|-damage|p1b: Clefairy|28\/100|[from] Salt Cure\n|upkeep\n|turn|4\n|inactive|Moosewii7 has 30 seconds left.\n|inactive|Moosewii7 has 20 seconds left.\n|inactive|Moosewii7 has 15 seconds left.\n|inactive|Moosewii7 has 10 seconds left.\n|\n|t:|1727361453\n|move|p2a: Garganacl|Protect|p2a: Garganacl\n|-singleturn|p2a: Garganacl|Protect\n|move|p1b: Clefairy|Follow Me|p1b: Clefairy\n|-singleturn|p1b: Clefairy|move: Follow Me\n|move|p1a: Gholdengo|Shadow Ball|p2b: Dragonite\n|-damage|p2b: Dragonite|0 fnt\n|faint|p2b: Dragonite\n|\n|-damage|p1b: Clefairy|15\/100|[from] Salt Cure\n|upkeep\n|\n|t:|1727361472\n|switch|p2b: Dragapult|Dragapult, L50, F|100\/100\n|turn|5\n|inactive|Isloe has 30 seconds left.\n|\n|t:|1727361505\n|move|p2b: Dragapult|Protect|p2b: Dragapult\n|-singleturn|p2b: Dragapult|Protect\n|move|p2a: Garganacl|Wide Guard|p2a: Garganacl\n|-singleturn|p2a: Garganacl|Wide Guard\n|move|p1b: Clefairy|Follow Me|p1b: Clefairy\n|-singleturn|p1b: Clefairy|move: Follow Me\n|move|p1a: Gholdengo|Make It Rain|p2b: Dragapult|[spread] \n|-activate|p2a: Garganacl|move: Wide Guard\n|-activate|p2b: Dragapult|move: Wide Guard\n|\n|-damage|p1b: Clefairy|3\/100|[from] Salt Cure\n|upkeep\n|turn|6\n|j| fgdgfdgdgfdgdf\n|inactive|Moosewii7 has 30 seconds left.\n|\n|t:|1727361532\n|switch|p2b: Ninetales|Ninetales-Alola, L50, F|100\/100\n|-weather|Snow|[from] ability: Snow Warning|[of] p2b: Ninetales\n|move|p2a: Garganacl|Wide Guard|p2a: Garganacl\n|-singleturn|p2a: Garganacl|Wide Guard\n|move|p1b: Clefairy|Follow Me|p1b: Clefairy\n|-singleturn|p1b: Clefairy|move: Follow Me\n|move|p1a: Gholdengo|Make It Rain|p2b: Ninetales|[spread] \n|-activate|p2a: Garganacl|move: Wide Guard\n|-activate|p2b: Ninetales|move: Wide Guard\n|\n|-weather|Snow|[upkeep]\n|-damage|p1b: Clefairy|0 fnt|[from] Salt Cure\n|faint|p1b: Clefairy\n|upkeep\n|\n|t:|1727361540\n|switch|p1b: Talonflame|Talonflame, L50, F|100\/100\n|turn|7\n|\n|t:|1727361559\n|move|p2b: Ninetales|Protect|p2b: Ninetales\n|-singleturn|p2b: Ninetales|Protect\n|move|p1a: Gholdengo|Protect|p1a: Gholdengo\n|-singleturn|p1a: Gholdengo|Protect\n|move|p1b: Talonflame|Taunt|p2a: Garganacl\n|-start|p2a: Garganacl|move: Taunt\n|move|p2a: Garganacl|Salt Cure|p1a: Gholdengo\n|-activate|p1a: Gholdengo|move: Protect\n|\n|-weather|Snow|[upkeep]\n|upkeep\n|turn|8\n|l|\u2606Moosewii7\n|inactive|Moosewii7 disconnected and has a minute to reconnect!\n|player|p2|\n|inactive|Moosewii7 has 30 seconds left.\n|inactive|Moosewii7 has 20 seconds left.\n|inactive|Moosewii7 has 15 seconds left.\n|inactive|Moosewii7 has 10 seconds left.\n|inactive|Moosewii7 has 5 seconds left.\n|-message|Moosewii7 lost due to inactivity.\n|\n|win|Isloe\n|raw|Isloe's rating: 1707 &rarr; <strong>1726<\/strong><br \/>(+19 for winning)\n|raw|Moosewii7's rating: 1686 &rarr; <strong>1667<\/strong><br \/>(-19 for losing)\n|l|\u2606Isloe\n|player|p1|\n|l| MikeFlem12326171\n","uploadtime":1727361869,"views":31,"formatid":"gen9vgc2024regh","rating":1667,"private":0,"password":null}