{"id":"gen9vgc2024regh-2210571166","format":"[Gen 9] VGC 2024 Reg H","players":["xGSx3ntr0py","Betsie"],"log":"|j|\u2606xGSx3ntr0py\n|j|\u2606Betsie\n|t:|1727402593\n|gametype|doubles\n|player|p1|xGSx3ntr0py|170|1726\n|player|p2|Betsie|grimsley-masters|1771\n|teamsize|p1|6\n|teamsize|p2|6\n|gen|9\n|tier|[Gen 9] VGC 2024 Reg H\n|rated|\n|rule|Species Clause: Limit one of each Pok\u00e9mon\n|rule|Item Clause: Limit 1 of each item\n|clearpoke\n|poke|p1|Salamence, L50, M|\n|poke|p1|Amoonguss, L50, F|\n|poke|p1|Tyranitar, L50, F|\n|poke|p1|Garchomp, L50, F|\n|poke|p1|Rillaboom, L50, F|\n|poke|p1|Kingambit, L50, M|\n|poke|p2|Rillaboom, L50, F|\n|poke|p2|Pelipper, L50, M|\n|poke|p2|Farigiraf, L50, M|\n|poke|p2|Primarina, L50, F|\n|poke|p2|Ursaluna, L50, M|\n|poke|p2|Amoonguss, L50, F|\n|teampreview|4\n|inactive|Battle timer is ON: inactive players will automatically lose when time's up. (requested by Betsie)\n|inactive|xGSx3ntr0py has 60 seconds left.\n|inactive|Betsie has 60 seconds left.\n|\n|t:|1727402650\n|start\n|switch|p1a: Garchomp|Garchomp, L50, F|100\/100\n|switch|p1b: Amoonguss|Amoonguss, L50, F|100\/100\n|switch|p2a: Ursaluna|Ursaluna, L50, M|100\/100\n|switch|p2b: Amoonguss|Amoonguss, L50, F|100\/100\n|turn|1\n|\n|t:|1727402670\n|move|p2a: Ursaluna|Protect|p2a: Ursaluna\n|-singleturn|p2a: Ursaluna|Protect\n|move|p1a: Garchomp|Substitute|p1a: Garchomp\n|-start|p1a: Garchomp|Substitute\n|-damage|p1a: Garchomp|76\/100\n|move|p1b: Amoonguss|Spore|p2a: Ursaluna\n|-activate|p2a: Ursaluna|move: Protect\n|move|p2b: Amoonguss|Spore||[still]\n|-fail|p2b: Amoonguss\n|\n|-heal|p1a: Garchomp|82\/100|[from] item: Leftovers\n|-status|p2a: Ursaluna|brn|[from] item: Flame Orb\n|upkeep\n|turn|2\n|\n|t:|1727402694\n|switch|p1b: Tyranitar|Tyranitar, L50, F|100\/100\n|-weather|Sandstorm|[from] ability: Sand Stream|[of] p1b: Tyranitar\n|move|p1a: Garchomp|Dragon Claw|p2a: Ursaluna\n|-damage|p2a: Ursaluna|71\/100 brn\n|move|p2a: Ursaluna|Facade|p1a: Garchomp\n|-end|p1a: Garchomp|Substitute\n|move|p2b: Amoonguss|Spore|p1b: Tyranitar\n|-status|p1b: Tyranitar|slp|[from] move: Spore\n|\n|-weather|Sandstorm|[upkeep]\n|-damage|p2b: Amoonguss|95\/100|[from] Sandstorm\n|-heal|p1a: Garchomp|88\/100|[from] item: Leftovers\n|-damage|p2a: Ursaluna|65\/100 brn|[from] brn\n|upkeep\n|turn|3\n|\n|t:|1727402718\n|move|p1a: Garchomp|Protect|p1a: Garchomp\n|-singleturn|p1a: Garchomp|Protect\n|cant|p1b: Tyranitar|slp\n|move|p2a: Ursaluna|Facade|p1a: Garchomp\n|-activate|p1a: Garchomp|move: Protect\n|move|p2b: Amoonguss|Pollen Puff|p2a: Ursaluna\n|-heal|p2a: Ursaluna|100\/100 brn\n|\n|-weather|Sandstorm|[upkeep]\n|-damage|p2b: Amoonguss|89\/100|[from] Sandstorm\n|-heal|p1a: Garchomp|94\/100|[from] item: Leftovers\n|-damage|p2a: Ursaluna|95\/100 brn|[from] brn\n|upkeep\n|turn|4\n|\n|t:|1727402749\n|switch|p1b: Salamence|Salamence, L50, M|100\/100\n|-ability|p1b: Salamence|Intimidate|boost\n|-unboost|p2a: Ursaluna|atk|1\n|-unboost|p2b: Amoonguss|atk|1\n|move|p1a: Garchomp|Substitute|p1a: Garchomp\n|-start|p1a: Garchomp|Substitute\n|-damage|p1a: Garchomp|69\/100\n|move|p2a: Ursaluna|Facade|p1a: Garchomp\n|-end|p1a: Garchomp|Substitute\n|move|p2b: Amoonguss|Spore|p1a: Garchomp|[miss]\n|-miss|p2b: Amoonguss|p1a: Garchomp\n|\n|-weather|Sandstorm|[upkeep]\n|-damage|p1b: Salamence|95\/100|[from] Sandstorm\n|-damage|p2b: Amoonguss|83\/100|[from] Sandstorm\n|-heal|p1a: Garchomp|76\/100|[from] item: Leftovers\n|-damage|p2a: Ursaluna|89\/100 brn|[from] brn\n|upkeep\n|turn|5\n|inactive|xGSx3ntr0py has 30 seconds left.\n|inactive|Betsie has 30 seconds left.\n|\n|t:|1727402781\n|switch|p2b: Primarina|Primarina, L50, F|100\/100\n|move|p1a: Garchomp|Substitute|p1a: Garchomp\n|-start|p1a: Garchomp|Substitute\n|-damage|p1a: Garchomp|51\/100\n|move|p1b: Salamence|Draco Meteor|p2a: Ursaluna\n|-damage|p2a: Ursaluna|10\/100 brn\n|-unboost|p1b: Salamence|spa|2\n|-damage|p1b: Salamence|85\/100|[from] item: Life Orb\n|move|p2a: Ursaluna|Facade|p1b: Salamence\n|-damage|p1b: Salamence|0 fnt\n|faint|p1b: Salamence\n|\n|-weather|Sandstorm|[upkeep]\n|-damage|p2b: Primarina|95\/100|[from] Sandstorm\n|-heal|p1a: Garchomp|57\/100|[from] item: Leftovers\n|-damage|p2a: Ursaluna|4\/100 brn|[from] brn\n|upkeep\n|\n|t:|1727402802\n|switch|p1b: Amoonguss|Amoonguss, L50, F|100\/100\n|turn|6\n|\n|t:|1727402815\n|move|p1a: Garchomp|Dragon Claw|p2a: Ursaluna\n|-damage|p2a: Ursaluna|0 fnt\n|faint|p2a: Ursaluna\n|move|p2b: Primarina|Hyper Voice|p1b: Amoonguss|[spread] p1a,p1b\n|-resisted|p1b: Amoonguss\n|-damage|p1a: Garchomp|21\/100\n|-damage|p1b: Amoonguss|86\/100\n|-enditem|p2b: Primarina|Throat Spray\n|-boost|p2b: Primarina|spa|1|[from] item: Throat Spray\n|move|p1b: Amoonguss|Spore|p2b: Primarina\n|-status|p2b: Primarina|slp|[from] move: Spore\n|\n|-weather|none\n|-heal|p1a: Garchomp|27\/100|[from] item: Leftovers\n|upkeep\n|\n|t:|1727402822\n|switch|p2a: Pelipper|Pelipper, L50, M|100\/100\n|-weather|RainDance|[from] ability: Drizzle|[of] p2a: Pelipper\n|turn|7\n|\n|t:|1727402842\n|move|p2a: Pelipper|Wide Guard|p2a: Pelipper\n|-singleturn|p2a: Pelipper|Wide Guard\n|move|p1a: Garchomp|Dragon Claw|p2a: Pelipper\n|-damage|p2a: Pelipper|49\/100\n|cant|p2b: Primarina|slp\n|move|p1b: Amoonguss|Clear Smog|p2b: Primarina\n|-supereffective|p2b: Primarina\n|-damage|p2b: Primarina|68\/100 slp\n|-clearboost|p2b: Primarina\n|\n|-weather|RainDance|[upkeep]\n|-heal|p1a: Garchomp|33\/100|[from] item: Leftovers\n|upkeep\n|turn|8\n|inactive|xGSx3ntr0py has 30 seconds left.\n|inactive|xGSx3ntr0py has 20 seconds left.\n|\n|t:|1727402878\n|switch|p2a: Amoonguss|Amoonguss, L50, F|100\/100\n|switch|p1b: Tyranitar|Tyranitar, L50, F|100\/100 slp\n|-weather|Sandstorm|[from] ability: Sand Stream|[of] p1b: Tyranitar\n|move|p1a: Garchomp|Dragon Claw|p2a: Amoonguss\n|-damage|p2a: Amoonguss|70\/100\n|-damage|p1a: Garchomp|17\/100|[from] item: Rocky Helmet|[of] p2a: Amoonguss\n|cant|p2b: Primarina|slp\n|\n|-weather|Sandstorm|[upkeep]\n|-damage|p2b: Primarina|62\/100 slp|[from] Sandstorm\n|-damage|p2a: Amoonguss|64\/100|[from] Sandstorm\n|-heal|p1a: Garchomp|23\/100|[from] item: Leftovers\n|upkeep\n|turn|9\n|\n|t:|1727402898\n|move|p1a: Garchomp|Protect|p1a: Garchomp\n|-singleturn|p1a: Garchomp|Protect\n|cant|p1b: Tyranitar|slp\n|cant|p2b: Primarina|slp\n|move|p2a: Amoonguss|Pollen Puff|p2b: Primarina\n|-heal|p2b: Primarina|100\/100 slp\n|\n|-weather|Sandstorm|[upkeep]\n|-damage|p2b: Primarina|95\/100 slp|[from] Sandstorm\n|-damage|p2a: Amoonguss|58\/100|[from] Sandstorm\n|-heal|p1a: Garchomp|29\/100|[from] item: Leftovers\n|upkeep\n|turn|10\n|j| AmdAndrewVGC\n|\n|t:|1727402919\n|switch|p2a: Pelipper|Pelipper, L50, M|49\/100\n|-weather|RainDance|[from] ability: Drizzle|[of] p2a: Pelipper\n|-terastallize|p1b: Tyranitar|Flying\n|-curestatus|p1b: Tyranitar|slp|[msg]\n|move|p1b: Tyranitar|Tera Blast|p2b: Primarina|[anim] Tera Blast Flying\n|-damage|p2b: Primarina|40\/100 slp\n|move|p1a: Garchomp|Earthquake|p2a: Pelipper|[spread] p2b\n|-immune|p1b: Tyranitar\n|-immune|p2a: Pelipper\n|-damage|p2b: Primarina|0 fnt\n|faint|p2b: Primarina\n|\n|-weather|RainDance|[upkeep]\n|-heal|p1a: Garchomp|35\/100|[from] item: Leftovers\n|upkeep\n|l| AmdAndrewVGC\n|-message|Betsie forfeited.\n|\n|win|xGSx3ntr0py\n|raw|xGSx3ntr0py's rating: 1726 &rarr; <strong>1749<\/strong><br \/>(+23 for winning)\n|raw|Betsie's rating: 1771 &rarr; <strong>1748<\/strong><br \/>(-23 for losing)\n|l|\u2606Betsie\n|player|p2|\n|j| AmdAndrewVGC\n|l|\u2606xGSx3ntr0py\n|player|p1|\n|l| AmdAndrewVGC\n","uploadtime":1727403134,"views":58,"formatid":"gen9vgc2024regh","rating":1748,"private":0,"password":null}