{"id":"gen9vgc2024regh-2210275336","format":"[Gen 9] VGC 2024 Reg H","players":["RocksTheRock","Realfrytki"],"log":"|j|\u2606RocksTheRock\n|j|\u2606Realfrytki\n|t:|1727372091\n|gametype|doubles\n|player|p1|RocksTheRock|red|1711\n|player|p2|Realfrytki|veteranf|1704\n|teamsize|p1|6\n|teamsize|p2|6\n|gen|9\n|tier|[Gen 9] VGC 2024 Reg H\n|rated|\n|rule|Species Clause: Limit one of each Pok\u00e9mon\n|rule|Item Clause: Limit 1 of each item\n|clearpoke\n|poke|p1|Indeedee-F, L50, F|\n|poke|p1|Torkoal, L50, F|\n|poke|p1|Gallade, L50, M|\n|poke|p1|Lilligant-Hisui, L50, F|\n|poke|p1|Hatterene, L50, F|\n|poke|p1|Ursaluna, L50, F|\n|poke|p2|Primarina, L50, F|\n|poke|p2|Espathra, L50, M|\n|poke|p2|Typhlosion-Hisui, L50, M|\n|poke|p2|Indeedee-F, L50, F|\n|poke|p2|Archaludon, L50, F|\n|poke|p2|Murkrow, L50, F|\n|teampreview|4\n|inactive|Battle timer is ON: inactive players will automatically lose when time's up. (requested by RocksTheRock)\nRocksTheRock has agreed to open team sheets.\nRealfrytki has agreed to open team sheets.\n|j| Lavenderawa\n|inactive|Realfrytki has 30 seconds left.\n|inactive|Realfrytki has 20 seconds left.\n|inactive|Realfrytki has 15 seconds left.\n|inactive|RocksTheRock has 30 seconds left.\n|\n|t:|1727372166\n|start\n|switch|p1a: Indeedee|Indeedee-F, L50, F|100\/100\n|switch|p1b: Gallade|Gallade, L50, M|100\/100\n|switch|p2a: Indeedee|Indeedee-F, L50, F|100\/100\n|switch|p2b: Typhlosion|Typhlosion-Hisui, L50, M|100\/100\n|-fieldstart|move: Psychic Terrain|[from] ability: Psychic Surge|[of] p2a: Indeedee\n|-enditem|p1a: Indeedee|Psychic Seed\n|-boost|p1a: Indeedee|spd|1|[from] item: Psychic Seed\n|turn|1\n|\n|t:|1727372187\n|-terastallize|p2b: Typhlosion|Fire\n|move|p1a: Indeedee|Helping Hand|p1b: Gallade\n|-singleturn|p1b: Gallade|Helping Hand|[of] p1a: Indeedee\n|move|p2b: Typhlosion|Flamethrower|p1b: Gallade\n|-damage|p1b: Gallade|38\/100\n|move|p2a: Indeedee|Imprison|p2a: Indeedee\n|-start|p2a: Indeedee|move: Imprison\n|move|p1b: Gallade|Sacred Sword|p2a: Indeedee\n|-damage|p2a: Indeedee|0 fnt\n|faint|p2a: Indeedee\n|\n|upkeep\n|inactive|Realfrytki has 30 seconds left.\n|\n|t:|1727372215\n|switch|p2a: Espathra|Espathra, L50, M|100\/100\n|turn|2\n|\n|t:|1727372227\n|move|p1b: Gallade|Wide Guard|p1b: Gallade\n|-singleturn|p1b: Gallade|Wide Guard\n|move|p2a: Espathra|Lumina Crash|p1a: Indeedee\n|-resisted|p1a: Indeedee\n|-damage|p1a: Indeedee|86\/100\n|-unboost|p1a: Indeedee|spd|2\n|move|p2b: Typhlosion|Flamethrower|p1a: Indeedee\n|-damage|p1a: Indeedee|0 fnt\n|faint|p1a: Indeedee\n|\n|-ability|p2a: Espathra|Speed Boost|boost\n|-boost|p2a: Espathra|spe|1\n|upkeep\n|\n|t:|1727372239\n|switch|p1a: Ursaluna|Ursaluna, L50, F|100\/100\n|turn|3\n|\n|t:|1727372254\n|move|p2a: Espathra|Protect|p2a: Espathra\n|-singleturn|p2a: Espathra|Protect\n|move|p2b: Typhlosion|Flamethrower|p1b: Gallade\n|-damage|p1b: Gallade|0 fnt\n|faint|p1b: Gallade\n|move|p1a: Ursaluna|Headlong Rush|p2b: Typhlosion\n|-supereffective|p2b: Typhlosion\n|-damage|p2b: Typhlosion|0 fnt\n|-unboost|p1a: Ursaluna|def|1\n|-unboost|p1a: Ursaluna|spd|1\n|faint|p2b: Typhlosion\n|\n|-ability|p2a: Espathra|Speed Boost|boost\n|-boost|p2a: Espathra|spe|1\n|-status|p1a: Ursaluna|brn|[from] item: Flame Orb\n|upkeep\n|\n|t:|1727372267\n|switch|p2b: Primarina|Primarina, L50, F|100\/100\n|switch|p1b: Torkoal|Torkoal, L50, F|100\/100\n|-weather|SunnyDay|[from] ability: Drought|[of] p1b: Torkoal\n|turn|4\n|\n|t:|1727372281\n|-terastallize|p1a: Ursaluna|Ghost\n|move|p1b: Torkoal|Protect|p1b: Torkoal\n|-singleturn|p1b: Torkoal|Protect\n|move|p2a: Espathra|Expanding Force|p1a: Ursaluna|[spread] p1a\n|-activate|p1b: Torkoal|move: Protect\n|-damage|p1a: Ursaluna|36\/100 brn\n|move|p2b: Primarina|Hyper Voice|p1a: Ursaluna|[spread] p1a\n|-activate|p1b: Torkoal|move: Protect\n|-damage|p1a: Ursaluna|3\/100 brn\n|move|p1a: Ursaluna|Facade|p2b: Primarina\n|-damage|p2b: Primarina|0 fnt\n|faint|p2b: Primarina\n|\n|-weather|SunnyDay|[upkeep]\n|-damage|p1a: Ursaluna|0 fnt|[from] brn\n|faint|p1a: Ursaluna\n|-ability|p2a: Espathra|Speed Boost|boost\n|-boost|p2a: Espathra|spe|1\n|upkeep\n|turn|5\n|inactive|Realfrytki has 30 seconds left.\n|\n|t:|1727372312\n|move|p2a: Espathra|Expanding Force|p1b: Torkoal\n|-damage|p1b: Torkoal|14\/100\n|move|p1b: Torkoal|Weather Ball|p2a: Espathra\n|-enditem|p2a: Espathra|Focus Sash\n|-damage|p2a: Espathra|1\/100\n|\n|-weather|SunnyDay|[upkeep]\n|-fieldend|move: Psychic Terrain\n|-ability|p2a: Espathra|Speed Boost|boost\n|-boost|p2a: Espathra|spe|1\n|upkeep\n|turn|6\n|\n|t:|1727372323\n|move|p2a: Espathra|Lumina Crash|p1b: Torkoal\n|-damage|p1b: Torkoal|0 fnt\n|faint|p1b: Torkoal\n|\n|win|Realfrytki\n|raw|RocksTheRock's rating: 1711 &rarr; <strong>1691<\/strong><br \/>(-20 for losing)\n|raw|Realfrytki's rating: 1704 &rarr; <strong>1724<\/strong><br \/>(+20 for winning)\n|l|\u2606RocksTheRock\n|player|p1|\n|l|\u2606Realfrytki\n|player|p2|\n|l| Lavenderawa\n","uploadtime":1727372334,"views":42,"formatid":"gen9vgc2024regh","rating":1691,"private":0,"password":null}