{"id":"gen9vgc2024regh-2210239895","format":"[Gen 9] VGC 2024 Reg H","players":["actuary97","RocksTheRock"],"log":"|j|\u2606actuary97\n|j|\u2606RocksTheRock\n|t:|1727369104\n|gametype|doubles\n|player|p1|actuary97|sabrina-frlg|1719\n|player|p2|RocksTheRock|red|1680\n|teamsize|p1|6\n|teamsize|p2|6\n|gen|9\n|tier|[Gen 9] VGC 2024 Reg H\n|rated|\n|rule|Species Clause: Limit one of each Pok\u00e9mon\n|rule|Item Clause: Limit 1 of each item\n|clearpoke\n|poke|p1|Ninetales, L50, M|\n|poke|p1|Whimsicott, L50, F|\n|poke|p1|Gallade, L50, M|\n|poke|p1|Malamar, L50, F|\n|poke|p1|Indeedee, L50, M|\n|poke|p1|Archaludon, L50, F|\n|poke|p2|Indeedee-F, L50, F|\n|poke|p2|Torkoal, L50, M|\n|poke|p2|Gallade, L50, M|\n|poke|p2|Lilligant-Hisui, L50, F|\n|poke|p2|Hatterene, L50, F|\n|poke|p2|Ursaluna, L50, M|\n|teampreview|4\n|inactive|Battle timer is ON: inactive players will automatically lose when time's up. (requested by RocksTheRock)\nactuary97 has agreed to open team sheets.\nRocksTheRock has agreed to open team sheets.\n|inactive|actuary97 has 30 seconds left.\n|inactive|RocksTheRock has 30 seconds left.\n|inactive|actuary97 has 20 seconds left.\n|inactive|RocksTheRock has 20 seconds left.\n|inactive|actuary97 has 15 seconds left.\n|inactive|RocksTheRock has 15 seconds left.\n|inactive|actuary97 has 10 seconds left.\n|inactive|RocksTheRock has 10 seconds left.\n|inactive|actuary97 has 5 seconds left.\n|\n|t:|1727369162\n|start\n|switch|p1a: Tapu Deedee|Indeedee, L50, M, shiny|100\/100\n|switch|p1b: Bridget|Archaludon, L50, F, shiny|100\/100\n|switch|p2a: Indeedee|Indeedee-F, L50, F|100\/100\n|switch|p2b: Gallade|Gallade, L50, M|100\/100\n|-fieldstart|move: Psychic Terrain|[from] ability: Psychic Surge|[of] p1a: Tapu Deedee\n|-enditem|p2a: Indeedee|Psychic Seed\n|-boost|p2a: Indeedee|spd|1|[from] item: Psychic Seed\n|turn|1\n|inactive|RocksTheRock has 30 seconds left.\n|\n|t:|1727369196\n|switch|p1b: \u2694\ufe0fKing\u2694\ufe0f|Gallade, L50, M, shiny|100\/100\n|move|p2a: Indeedee|Follow Me|p2a: Indeedee\n|-singleturn|p2a: Indeedee|move: Follow Me\n|move|p1a: Tapu Deedee|Trick|p2a: Indeedee\n|-activate|p1a: Tapu Deedee|move: Trick|[of] p2a: Indeedee\n|-item|p2a: Indeedee|Choice Specs|[from] move: Trick\n|-enditem|p1a: Tapu Deedee|Choice Specs|[silent]|[from] move: Trick\n|move|p2b: Gallade|Trick Room|p2b: Gallade\n|-fieldstart|move: Trick Room|[of] p2b: Gallade\n|\n|upkeep\n|turn|2\n|inactive|actuary97 has 30 seconds left.\n|\n|t:|1727369224\n|switch|p2a: Ursaluna|Ursaluna, L50, M|100\/100\n|switch|p1b: Malamother|Malamar, L50, F, shiny|100\/100\n|move|p2b: Gallade|Sacred Sword|p1a: Tapu Deedee\n|-damage|p1a: Tapu Deedee|0 fnt\n|faint|p1a: Tapu Deedee\n|\n|-status|p2a: Ursaluna|brn|[from] item: Flame Orb\n|upkeep\n|\n|t:|1727369235\n|switch|p1a: Bridget|Archaludon, L50, F, shiny|100\/100\n|turn|3\n|inactive|RocksTheRock has 30 seconds left.\n|\n|t:|1727369267\n|-terastallize|p1a: Bridget|Flying\n|move|p2a: Ursaluna|Facade|p1b: Malamother\n|-damage|p1b: Malamother|0 fnt\n|faint|p1b: Malamother\n|move|p2b: Gallade|Sacred Sword|p1a: Bridget\n|-resisted|p1a: Bridget\n|-damage|p1a: Bridget|73\/100\n|-ability|p1a: Bridget|Stamina|boost\n|-boost|p1a: Bridget|def|1\n|move|p1a: Bridget|Body Press|p2a: Ursaluna\n|-supereffective|p2a: Ursaluna\n|-damage|p2a: Ursaluna|48\/100 brn\n|\n|-damage|p2a: Ursaluna|42\/100 brn|[from] brn\n|upkeep\n|\n|t:|1727369272\n|switch|p1b: \u2694\ufe0fKing\u2694\ufe0f|Gallade, L50, M, shiny|100\/100\n|turn|4\n|\n|t:|1727369288\n|move|p2a: Ursaluna|Facade|p1a: Bridget\n|-damage|p1a: Bridget|10\/100\n|-ability|p1a: Bridget|Stamina|boost\n|-boost|p1a: Bridget|def|1\n|move|p2b: Gallade|Psycho Cut|p1a: Bridget\n|-damage|p1a: Bridget|0 fnt\n|faint|p1a: Bridget\n|move|p1b: \u2694\ufe0fKing\u2694\ufe0f|Psycho Cut|p2b: Gallade\n|-crit|p2b: Gallade\n|-damage|p2b: Gallade|0 fnt\n|faint|p2b: Gallade\n|\n|-damage|p2a: Ursaluna|36\/100 brn|[from] brn\n|upkeep\n|\n|t:|1727369303\n|switch|p2b: Torkoal|Torkoal, L50, M|100\/100\n|-weather|SunnyDay|[from] ability: Drought|[of] p2b: Torkoal\n|turn|5\n|\n|t:|1727369310\n|-terastallize|p2b: Torkoal|Fire\n|move|p1b: \u2694\ufe0fKing\u2694\ufe0f|Protect|p1b: \u2694\ufe0fKing\u2694\ufe0f\n|-singleturn|p1b: \u2694\ufe0fKing\u2694\ufe0f|Protect\n|move|p2b: Torkoal|Eruption|p1b: \u2694\ufe0fKing\u2694\ufe0f\n|-activate|p1b: \u2694\ufe0fKing\u2694\ufe0f|move: Protect\n|move|p2a: Ursaluna|Facade|p1b: \u2694\ufe0fKing\u2694\ufe0f\n|-activate|p1b: \u2694\ufe0fKing\u2694\ufe0f|move: Protect\n|\n|-weather|SunnyDay|[upkeep]\n|-damage|p2a: Ursaluna|30\/100 brn|[from] brn\n|-fieldend|move: Trick Room\n|-fieldend|move: Psychic Terrain\n|upkeep\n|turn|6\n|\n|t:|1727369315\n|move|p1b: \u2694\ufe0fKing\u2694\ufe0f|Psycho Cut|p2a: Ursaluna\n|-damage|p2a: Ursaluna|0 fnt\n|faint|p2a: Ursaluna\n|move|p2b: Torkoal|Eruption|p1b: \u2694\ufe0fKing\u2694\ufe0f\n|-damage|p1b: \u2694\ufe0fKing\u2694\ufe0f|0 fnt\n|faint|p1b: \u2694\ufe0fKing\u2694\ufe0f\n|\n|win|RocksTheRock\n|raw|actuary97's rating: 1719 &rarr; <strong>1697<\/strong><br \/>(-22 for losing)\n|raw|RocksTheRock's rating: 1680 &rarr; <strong>1702<\/strong><br \/>(+22 for winning)\n|c|\u2606actuary97|gg\n|l|\u2606actuary97\n|player|p1|\n|c|\u2606RocksTheRock|Gg\n|l|\u2606RocksTheRock\n|player|p2|\n","uploadtime":1727369456,"views":31,"formatid":"gen9vgc2024regh","rating":1697,"private":0,"password":null}