{"id":"gen9vgc2024regh-2210015189","format":"[Gen 9] VGC 2024 Reg H","players":["Luca8","Mumblin'Penguin"],"log":"|j|\u2606Luca8\n|j|\u2606Mumblin'Penguin\n|t:|1727346056\n|gametype|doubles\n|player|p1|Luca8|flint|1678\n|player|p2|Mumblin'Penguin|teamrocket|1706\n|teamsize|p1|6\n|teamsize|p2|6\n|gen|9\n|tier|[Gen 9] VGC 2024 Reg H\n|rated|\n|rule|Species Clause: Limit one of each Pok\u00e9mon\n|rule|Item Clause: Limit 1 of each item\n|clearpoke\n|poke|p1|Whimsicott, L50, F|\n|poke|p1|Archaludon, L50, F|\n|poke|p1|Typhlosion-Hisui, L50, M|\n|poke|p1|Sneasler, L50, F|\n|poke|p1|Pelipper, L50, M|\n|poke|p1|Indeedee, L50, M|\n|poke|p2|Rillaboom, L50, F|\n|poke|p2|Overqwil, L50, M|\n|poke|p2|Archaludon, L50, F|\n|poke|p2|Pelipper, L50, F|\n|poke|p2|Primarina, L50, M|\n|poke|p2|Ursaluna-Bloodmoon, L50, M|\n|teampreview|4\n|\n|t:|1727346096\n|start\n|switch|p1a: Indeedee|Indeedee, L50, M|100\/100\n|switch|p1b: Sneasler|Sneasler, L50, F|100\/100\n|switch|p2a: Overqwil|Overqwil, L50, M|100\/100\n|switch|p2b: Pelipper|Pelipper, L50, F|100\/100\n|-fieldstart|move: Psychic Terrain|[from] ability: Psychic Surge|[of] p1a: Indeedee\n|-enditem|p1b: Sneasler|Psychic Seed\n|-boost|p1b: Sneasler|spd|1|[from] item: Psychic Seed\n|-weather|RainDance|[from] ability: Drizzle|[of] p2b: Pelipper\n|turn|1\n|\n|t:|1727346126\n|switch|p1a: Archaludon|Archaludon, L50, F|100\/100\n|move|p1b: Sneasler|Rock Slide|p2a: Overqwil|[spread] p2a,p2b\n|-supereffective|p2b: Pelipper\n|-damage|p2a: Overqwil|74\/100\n|-damage|p2b: Pelipper|39\/100\n|move|p2a: Overqwil|Crunch|p1a: Archaludon\n|-damage|p1a: Archaludon|60\/100\n|-ability|p1a: Archaludon|Stamina|boost\n|-boost|p1a: Archaludon|def|1\n|-damage|p2a: Overqwil|64\/100|[from] item: Life Orb\n|cant|p2b: Pelipper|flinch\n|\n|-weather|RainDance|[upkeep]\n|upkeep\n|turn|2\n|\n|t:|1727346146\n|move|p2a: Overqwil|Protect|p2a: Overqwil\n|-singleturn|p2a: Overqwil|Protect\n|move|p1b: Sneasler|Dire Claw|p2b: Pelipper\n|-damage|p2b: Pelipper|0 fnt\n|faint|p2b: Pelipper\n|move|p1a: Archaludon|Electro Shot||[still]\n|-prepare|p1a: Archaludon|Electro Shot\n|-boost|p1a: Archaludon|spa|1\n|-anim|p1a: Archaludon|Electro Shot|p2a: Overqwil\n|-activate|p2a: Overqwil|move: Protect\n|\n|-weather|RainDance|[upkeep]\n|upkeep\n|\n|t:|1727346156\n|switch|p2b: Archaludon|Archaludon, L50, F|100\/100\n|turn|3\n|\n|t:|1727346168\n|-terastallize|p2b: Archaludon|Bug\n|move|p1b: Sneasler|Close Combat|p2b: Archaludon\n|-resisted|p2b: Archaludon\n|-damage|p2b: Archaludon|73\/100\n|-unboost|p1b: Sneasler|def|1\n|-unboost|p1b: Sneasler|spd|1\n|-ability|p2b: Archaludon|Stamina|boost\n|-boost|p2b: Archaludon|def|1\n|move|p2a: Overqwil|Waterfall|p1b: Sneasler\n|-damage|p1b: Sneasler|0 fnt\n|faint|p1b: Sneasler\n|-damage|p2a: Overqwil|55\/100|[from] item: Life Orb\n|move|p1a: Archaludon|Electro Shot||[still]\n|-prepare|p1a: Archaludon|Electro Shot\n|-boost|p1a: Archaludon|spa|1\n|-anim|p1a: Archaludon|Electro Shot|p2a: Overqwil\n|-damage|p2a: Overqwil|0 fnt\n|faint|p2a: Overqwil\n|move|p2b: Archaludon|Draco Meteor|p1a: Archaludon\n|-damage|p1a: Archaludon|21\/100\n|-unboost|p2b: Archaludon|spa|2\n|-ability|p1a: Archaludon|Stamina|boost\n|-boost|p1a: Archaludon|def|1\n|\n|-weather|RainDance|[upkeep]\n|upkeep\n|\n|t:|1727346199\n|switch|p1b: Whimsicott|Whimsicott, L50, F|100\/100\n|switch|p2a: Primarina|Primarina, L50, M|100\/100\n|turn|4\n|\n|t:|1727346223\n|-terastallize|p1a: Archaludon|Bug\n|move|p2a: Primarina|Protect|p2a: Primarina\n|-singleturn|p2a: Primarina|Protect\n|move|p1b: Whimsicott|Tailwind|p1b: Whimsicott\n|-sidestart|p1: Luca8|move: Tailwind\n|move|p1a: Archaludon|Electro Shot||[still]\n|-prepare|p1a: Archaludon|Electro Shot\n|-boost|p1a: Archaludon|spa|1\n|-anim|p1a: Archaludon|Electro Shot|p2a: Primarina\n|-activate|p2a: Primarina|move: Protect\n|move|p2b: Archaludon|Body Press|p1a: Archaludon\n|-resisted|p1a: Archaludon\n|-damage|p1a: Archaludon|14\/100\n|-ability|p1a: Archaludon|Stamina|boost\n|-boost|p1a: Archaludon|def|1\n|\n|-weather|RainDance|[upkeep]\n|upkeep\n|turn|5\n|j| sadiexo\n|c|\u2606Mumblin'Penguin|omg someone else with tera bug lets goo\n|\n|t:|1727346265\n|move|p2a: Primarina|Protect|p2a: Primarina\n|-singleturn|p2a: Primarina|Protect\n|move|p1b: Whimsicott|Leech Seed|p2b: Archaludon\n|-activate|p2b: Archaludon|move: Psychic Terrain\n|move|p1a: Archaludon|Electro Shot||[still]\n|-prepare|p1a: Archaludon|Electro Shot\n|-boost|p1a: Archaludon|spa|1\n|-anim|p1a: Archaludon|Electro Shot|p2a: Primarina\n|-activate|p2a: Primarina|move: Protect\n|move|p2b: Archaludon|Flash Cannon|p1b: Whimsicott\n|-supereffective|p1b: Whimsicott\n|-damage|p1b: Whimsicott|32\/100\n|\n|-weather|none\n|-fieldend|move: Psychic Terrain\n|upkeep\n|turn|6\n|\n|t:|1727346290\n|move|p1b: Whimsicott|Leech Seed|p2a: Primarina\n|-start|p2a: Primarina|move: Leech Seed\n|move|p1a: Archaludon|Dragon Pulse|p2b: Archaludon\n|-damage|p2b: Archaludon|0 fnt\n|faint|p2b: Archaludon\n|move|p2a: Primarina|Hyper Voice|p1a: Archaludon|[spread] p1a,p1b\n|-resisted|p1b: Whimsicott\n|-damage|p1a: Archaludon|0 fnt\n|-damage|p1b: Whimsicott|0 fnt\n|faint|p1a: Archaludon\n|faint|p1b: Whimsicott\n|\n|upkeep\n|\n|t:|1727346303\n|switch|p1b: Indeedee|Indeedee, L50, M|100\/100\n|-fieldstart|move: Psychic Terrain|[from] ability: Psychic Surge|[of] p1b: Indeedee\n|turn|7\n|\n|t:|1727346312\n|move|p1b: Indeedee|Expanding Force|p2a: Primarina\n|-damage|p2a: Primarina|0 fnt\n|faint|p2a: Primarina\n|\n|win|Luca8\n|raw|Luca8's rating: 1678 &rarr; <strong>1700<\/strong><br \/>(+22 for winning)\n|raw|Mumblin&apos;Penguin's rating: 1706 &rarr; <strong>1684<\/strong><br \/>(-22 for losing)\n|l|\u2606Mumblin'Penguin\n|player|p2|\n|l|\u2606Luca8\n|player|p1|\n","uploadtime":1727346469,"views":32,"formatid":"gen9vgc2024regh","rating":1684,"private":0,"password":null}