{"id":"gen9vgc2024regh-2210575584","format":"[Gen 9] VGC 2024 Reg H","players":["Isloe","Betsie"],"log":"|j|\u2606Isloe\n|j|\u2606Betsie\n|t:|1727403134\n|gametype|doubles\n|player|p1|Isloe|dahlia|1665\n|player|p2|Betsie|grimsley-masters|1722\n|teamsize|p1|6\n|teamsize|p2|6\n|gen|9\n|tier|[Gen 9] VGC 2024 Reg H\n|rated|\n|rule|Species Clause: Limit one of each Pok\u00e9mon\n|rule|Item Clause: Limit 1 of each item\n|clearpoke\n|poke|p1|Hydreigon, L50, F|\n|poke|p1|Clefairy, L50, F|\n|poke|p1|Garchomp, L50, M|\n|poke|p1|Talonflame, L50, F|\n|poke|p1|Gholdengo, L50|\n|poke|p1|Rillaboom, L50, M|\n|poke|p2|Rillaboom, L50, F|\n|poke|p2|Pelipper, L50, F|\n|poke|p2|Farigiraf, L50, F|\n|poke|p2|Primarina, L50, F|\n|poke|p2|Ursaluna, L50, F|\n|poke|p2|Amoonguss, L50, M|\n|teampreview|4\n|inactive|Battle timer is ON: inactive players will automatically lose when time's up. (requested by Betsie)\n|inactive|Isloe has 60 seconds left.\n|inactive|Betsie has 60 seconds left.\n|inactive|Betsie has 30 seconds left.\n|inactive|Betsie has 20 seconds left.\n|\n|t:|1727403206\n|start\n|switch|p1a: Hydreigon|Hydreigon, L50, F|100\/100\n|switch|p1b: Rillaboom|Rillaboom, L50, M|100\/100\n|switch|p2a: Pelipper|Pelipper, L50, F|100\/100\n|switch|p2b: Farigiraf|Farigiraf, L50, F|100\/100\n|-fieldstart|move: Grassy Terrain|[from] ability: Grassy Surge|[of] p1b: Rillaboom\n|-weather|RainDance|[from] ability: Drizzle|[of] p2a: Pelipper\n|turn|1\n|inactive|Isloe has 30 seconds left.\n|inactive|Isloe has 20 seconds left.\n|inactive|Isloe has 15 seconds left.\n|\n|t:|1727403249\n|move|p2b: Farigiraf|Protect|p2b: Farigiraf\n|-singleturn|p2b: Farigiraf|Protect\n|move|p1a: Hydreigon|Snarl|p2b: Farigiraf|[spread] p2a\n|-activate|p2b: Farigiraf|move: Protect\n|-damage|p2a: Pelipper|45\/100\n|-unboost|p2a: Pelipper|spa|1\n|move|p1b: Rillaboom|Wood Hammer|p2a: Pelipper\n|-damage|p2a: Pelipper|0 fnt\n|faint|p2a: Pelipper\n|-damage|p1b: Rillaboom|91\/100|[from] Recoil\n|\n|-weather|RainDance|[upkeep]\n|-heal|p1b: Rillaboom|97\/100|[from] Grassy Terrain\n|upkeep\n|\n|t:|1727403258\n|switch|p2a: Ursaluna|Ursaluna, L50, F|100\/100\n|turn|2\n|j| AmdAndrewVGC\n|\n|t:|1727403282\n|-terastallize|p2b: Farigiraf|Grass\n|move|p2a: Ursaluna|Protect|p2a: Ursaluna\n|-singleturn|p2a: Ursaluna|Protect\n|move|p1a: Hydreigon|Snarl|p2b: Farigiraf|[spread] p2b\n|-activate|p2a: Ursaluna|move: Protect\n|-damage|p2b: Farigiraf|73\/100\n|-unboost|p2b: Farigiraf|spa|1\n|move|p1b: Rillaboom|Wood Hammer|p2b: Farigiraf\n|-resisted|p2b: Farigiraf\n|-damage|p2b: Farigiraf|44\/100\n|-enditem|p2b: Farigiraf|Sitrus Berry|[eat]\n|-heal|p2b: Farigiraf|68\/100|[from] item: Sitrus Berry\n|-damage|p1b: Rillaboom|86\/100|[from] Recoil\n|move|p2b: Farigiraf|Trick Room|p2b: Farigiraf\n|-fieldstart|move: Trick Room|[of] p2b: Farigiraf\n|\n|-weather|RainDance|[upkeep]\n|-heal|p2b: Farigiraf|75\/100|[from] Grassy Terrain\n|-heal|p1b: Rillaboom|92\/100|[from] Grassy Terrain\n|-status|p2a: Ursaluna|brn|[from] item: Flame Orb\n|upkeep\n|turn|3\n|inactive|Isloe has 30 seconds left.\n|\n|t:|1727403308\n|switch|p2b: Amoonguss|Amoonguss, L50, M|100\/100\n|switch|p1b: Gholdengo|Gholdengo, L50|100\/100\n|move|p2a: Ursaluna|Facade|p1b: Gholdengo\n|-immune|p1b: Gholdengo\n|move|p1a: Hydreigon|Snarl|p2b: Amoonguss|[spread] p2a,p2b\n|-damage|p2a: Ursaluna|73\/100 brn\n|-damage|p2b: Amoonguss|76\/100\n|-unboost|p2a: Ursaluna|spa|1\n|-unboost|p2b: Amoonguss|spa|1\n|\n|-weather|RainDance|[upkeep]\n|-heal|p2b: Amoonguss|82\/100|[from] Grassy Terrain\n|-heal|p2a: Ursaluna|79\/100 brn|[from] Grassy Terrain\n|-damage|p2a: Ursaluna|73\/100 brn|[from] brn\n|upkeep\n|turn|4\n|l| AmdAndrewVGC\n|j| AmdAndrewVGC\n|inactive|Isloe has 30 seconds left.\n|inactive|Isloe has 20 seconds left.\n|inactive|Isloe has 15 seconds left.\n|\n|t:|1727403356\n|switch|p1a: Rillaboom|Rillaboom, L50, M|92\/100\n|move|p1b: Gholdengo|Protect|p1b: Gholdengo\n|-singleturn|p1b: Gholdengo|Protect\n|move|p2b: Amoonguss|Pollen Puff|p2a: Ursaluna\n|-heal|p2a: Ursaluna|100\/100 brn\n|move|p2a: Ursaluna|Facade|p1a: Rillaboom\n|-damage|p1a: Rillaboom|0 fnt\n|faint|p1a: Rillaboom\n|\n|-weather|RainDance|[upkeep]\n|-heal|p2b: Amoonguss|88\/100|[from] Grassy Terrain\n|-damage|p2a: Ursaluna|95\/100 brn|[from] brn\n|upkeep\n|\n|t:|1727403364\n|switch|p1a: Clefairy|Clefairy, L50, F|100\/100\n|turn|5\n|inactive|Betsie has 30 seconds left.\n|\n|t:|1727403395\n|move|p1a: Clefairy|Follow Me|p1a: Clefairy\n|-singleturn|p1a: Clefairy|move: Follow Me\n|move|p2b: Amoonguss|Pollen Puff|p1a: Clefairy\n|-resisted|p1a: Clefairy\n|-damage|p1a: Clefairy|96\/100\n|move|p2a: Ursaluna|Facade|p1a: Clefairy\n|-damage|p1a: Clefairy|0 fnt\n|faint|p1a: Clefairy\n|move|p1b: Gholdengo|Nasty Plot|p1b: Gholdengo\n|-boost|p1b: Gholdengo|spa|2\n|\n|-weather|none\n|-heal|p2b: Amoonguss|94\/100|[from] Grassy Terrain\n|-heal|p2a: Ursaluna|100\/100 brn|[from] Grassy Terrain\n|-damage|p2a: Ursaluna|95\/100 brn|[from] brn\n|-fieldend|move: Grassy Terrain\n|upkeep\n|\n|t:|1727403403\n|switch|p1a: Hydreigon|Hydreigon, L50, F|100\/100\n|turn|6\n|\n|t:|1727403418\n|switch|p2b: Farigiraf|Farigiraf, L50, F, tera:Grass|75\/100\n|-terastallize|p1a: Hydreigon|Fire\n|move|p2a: Ursaluna|Facade|p1a: Hydreigon\n|-damage|p1a: Hydreigon|0 fnt\n|faint|p1a: Hydreigon\n|move|p1b: Gholdengo|Nasty Plot|p1b: Gholdengo\n|-boost|p1b: Gholdengo|spa|2\n|\n|-damage|p2a: Ursaluna|89\/100 brn|[from] brn\n|-fieldend|move: Trick Room\n|upkeep\n|turn|7\n|\n|t:|1727403436\n|move|p1b: Gholdengo|Make It Rain|p2b: Farigiraf|[spread] p2a,p2b\n|-damage|p2a: Ursaluna|0 fnt\n|-damage|p2b: Farigiraf|0 fnt\n|-unboost|p1b: Gholdengo|spa|1\n|faint|p2a: Ursaluna\n|faint|p2b: Farigiraf\n|\n|upkeep\n|-message|Betsie forfeited.\n|\n|win|Isloe\n|raw|Isloe's rating: 1665 &rarr; <strong>1688<\/strong><br \/>(+23 for winning)\n|raw|Betsie's rating: 1722 &rarr; <strong>1699<\/strong><br \/>(-23 for losing)\n|l|\u2606Betsie\n|player|p2|\n|l| AmdAndrewVGC\n|l|\u2606Isloe\n|player|p1|\n","uploadtime":1727403690,"views":18,"formatid":"gen9vgc2024regh","rating":1688,"private":0,"password":null}