{"id":"gen9vgc2024regh-2210438346","format":"[Gen 9] VGC 2024 Reg H","players":["elvegis1","Strangrdangr"],"log":"|j|\u2606elvegis1\n|j|\u2606Strangrdangr\n|t:|1727387160\n|gametype|doubles\n|player|p1|elvegis1|lucas|1726\n|player|p2|Strangrdangr|2|1759\n|teamsize|p1|6\n|teamsize|p2|6\n|gen|9\n|tier|[Gen 9] VGC 2024 Reg H\n|rated|\n|rule|Species Clause: Limit one of each Pok\u00e9mon\n|rule|Item Clause: Limit 1 of each item\n|clearpoke\n|poke|p1|Porygon2, L50|\n|poke|p1|Kingambit, L50, F|\n|poke|p1|Amoonguss, L50, M|\n|poke|p1|Sneasler, L50, F|\n|poke|p1|Dragonite, L50, M|\n|poke|p1|Primarina, L50, F|\n|poke|p2|Dragapult, L50, F|\n|poke|p2|Ursaluna-Bloodmoon, L50, M|\n|poke|p2|Tyranitar, L50, M|\n|poke|p2|Porygon2, L50|\n|poke|p2|Decidueye-Hisui, L50, M|\n|poke|p2|Volcarona, L50, M|\n|teampreview|4\n|inactive|Battle timer is ON: inactive players will automatically lose when time's up. (requested by elvegis1)\n|inactive|elvegis1 has 60 seconds left.\n|inactive|Strangrdangr has 60 seconds left.\n|\n|t:|1727387197\n|start\n|switch|p1a: Sneasler|Sneasler, L50, F|100\/100\n|switch|p1b: Dragonite|Dragonite, L50, M|100\/100\n|switch|p2a: Dragapult|Dragapult, L50, F|100\/100\n|switch|p2b: Decidueye|Decidueye-Hisui, L50, M|100\/100\n|turn|1\n|\n|t:|1727387220\n|move|p1b: Dragonite|Protect|p1b: Dragonite\n|-singleturn|p1b: Dragonite|Protect\n|move|p2b: Decidueye|Protect|p2b: Decidueye\n|-singleturn|p2b: Decidueye|Protect\n|move|p2a: Dragapult|Will-O-Wisp|p1a: Sneasler\n|-status|p1a: Sneasler|brn\n|move|p1a: Sneasler|Coaching|p1b: Dragonite\n|-boost|p1b: Dragonite|atk|1\n|-boost|p1b: Dragonite|def|1\n|\n|-damage|p1a: Sneasler|95\/100 brn|[from] brn\n|upkeep\n|turn|2\n|\n|t:|1727387243\n|switch|p2b: Porygon2|Porygon2, L50|100\/100\n|-ability|p2b: Porygon2|Unburden|[from] ability: Trace|[of] p1a: Sneasler\n|move|p1b: Dragonite|Extreme Speed|p2b: Porygon2\n|-damage|p2b: Porygon2|75\/100\n|move|p2a: Dragapult|Will-O-Wisp|p1b: Dragonite\n|-status|p1b: Dragonite|brn\n|move|p1a: Sneasler|Dire Claw|p2b: Porygon2\n|-damage|p2b: Porygon2|65\/100\n|\n|-damage|p1a: Sneasler|89\/100 brn|[from] brn\n|-damage|p1b: Dragonite|95\/100 brn|[from] brn\n|upkeep\n|turn|3\n|j| mr pogostick\n|j| MarikoKanai\n|inactive|Strangrdangr has 30 seconds left.\n|\n|t:|1727387278\n|move|p2a: Dragapult|Hex|p1a: Sneasler\n|-damage|p1a: Sneasler|25\/100 brn\n|move|p1a: Sneasler|Dire Claw|p2b: Porygon2\n|-crit|p2b: Porygon2\n|-damage|p2b: Porygon2|48\/100\n|move|p1b: Dragonite|Scale Shot|p2a: Dragapult\n|-supereffective|p2a: Dragapult\n|-damage|p2a: Dragapult|76\/100\n|-supereffective|p2a: Dragapult\n|-damage|p2a: Dragapult|54\/100\n|-supereffective|p2a: Dragapult\n|-damage|p2a: Dragapult|31\/100\n|-supereffective|p2a: Dragapult\n|-damage|p2a: Dragapult|8\/100\n|-supereffective|p2a: Dragapult\n|-damage|p2a: Dragapult|0 fnt\n|faint|p2a: Dragapult\n|-hitcount|p2: Dragapult|5\n|-unboost|p1b: Dragonite|def|1\n|-boost|p1b: Dragonite|spe|1\n|move|p2b: Porygon2|Trick Room|p2b: Porygon2\n|-fieldstart|move: Trick Room|[of] p2b: Porygon2\n|\n|-damage|p1a: Sneasler|19\/100 brn|[from] brn\n|-damage|p1b: Dragonite|89\/100 brn|[from] brn\n|upkeep\n|\n|t:|1727387301\n|switch|p2a: Ursaluna|Ursaluna-Bloodmoon, L50, M|100\/100\n|turn|4\n|\n|t:|1727387310\n|move|p1b: Dragonite|Protect|p1b: Dragonite\n|-singleturn|p1b: Dragonite|Protect\n|move|p2a: Ursaluna|Hyper Voice|p1b: Dragonite|[spread] p1a\n|-activate|p1b: Dragonite|move: Protect\n|-damage|p1a: Sneasler|0 fnt\n|faint|p1a: Sneasler\n|move|p2b: Porygon2|Recover|p2b: Porygon2\n|-heal|p2b: Porygon2|98\/100\n|\n|-damage|p1b: Dragonite|83\/100 brn|[from] brn\n|upkeep\n|\n|t:|1727387318\n|switch|p1a: Amoonguss|Amoonguss, L50, M|100\/100\n|turn|5\n|\n|t:|1727387336\n|-terastallize|p1b: Dragonite|Steel\n|move|p1a: Amoonguss|Spore|p2a: Ursaluna\n|-status|p2a: Ursaluna|slp|[from] move: Spore\n|cant|p2a: Ursaluna|slp\n|move|p2b: Porygon2|Ice Beam|p1b: Dragonite\n|-resisted|p1b: Dragonite\n|-damage|p1b: Dragonite|72\/100 brn\n|move|p1b: Dragonite|Scale Shot|p2b: Porygon2\n|-crit|p2b: Porygon2\n|-damage|p2b: Porygon2|90\/100\n|-damage|p2b: Porygon2|84\/100\n|-damage|p2b: Porygon2|79\/100\n|-damage|p2b: Porygon2|72\/100\n|-damage|p2b: Porygon2|66\/100\n|-hitcount|p2b: Porygon2|5\n|-unboost|p1b: Dragonite|def|1\n|-boost|p1b: Dragonite|spe|1\n|\n|-damage|p1b: Dragonite|66\/100 brn|[from] brn\n|upkeep\n|turn|6\n|inactive|Strangrdangr has 30 seconds left.\n|inactive|Strangrdangr has 20 seconds left.\n|\n|t:|1727387373\n|move|p1a: Amoonguss|Pollen Puff|p1b: Dragonite\n|-heal|p1b: Dragonite|100\/100 brn\n|-curestatus|p2a: Ursaluna|slp|[msg]\n|move|p2a: Ursaluna|Blood Moon|p1a: Amoonguss\n|-crit|p1a: Amoonguss\n|-damage|p1a: Amoonguss|0 fnt\n|faint|p1a: Amoonguss\n|move|p2b: Porygon2|Ice Beam|p1b: Dragonite\n|-resisted|p1b: Dragonite\n|-damage|p1b: Dragonite|95\/100 brn\n|move|p1b: Dragonite|Scale Shot|p2a: Ursaluna\n|-damage|p2a: Ursaluna|92\/100\n|-damage|p2a: Ursaluna|83\/100\n|-damage|p2a: Ursaluna|74\/100\n|-damage|p2a: Ursaluna|66\/100\n|-damage|p2a: Ursaluna|57\/100\n|-hitcount|p2a: Ursaluna|5\n|-unboost|p1b: Dragonite|def|1\n|-boost|p1b: Dragonite|spe|1\n|\n|-damage|p1b: Dragonite|89\/100 brn|[from] brn\n|upkeep\n|\n|t:|1727387392\n|switch|p1a: Kingambit|Kingambit, L50, F|100\/100\n|turn|7\n|inactive|Strangrdangr has 30 seconds left.\n|\n|t:|1727387418\n|move|p1b: Dragonite|Extreme Speed|p2a: Ursaluna\n|-damage|p2a: Ursaluna|38\/100\n|move|p1a: Kingambit|Sucker Punch|p2a: Ursaluna\n|-damage|p2a: Ursaluna|6\/100\n|move|p2a: Ursaluna|Vacuum Wave|p1a: Kingambit\n|-supereffective|p1a: Kingambit\n|-damage|p1a: Kingambit|63\/100\n|move|p2b: Porygon2|Recover|p2b: Porygon2\n|-heal|p2b: Porygon2|100\/100\n|\n|-damage|p1b: Dragonite|83\/100 brn|[from] brn\n|-fieldend|move: Trick Room\n|upkeep\n|turn|8\n|inactive|Strangrdangr has 30 seconds left.\n|\n|t:|1727387450\n|-terastallize|p2a: Ursaluna|Ghost\n|move|p1b: Dragonite|Extreme Speed|p2a: Ursaluna\n|-immune|p2a: Ursaluna\n|move|p2a: Ursaluna|Vacuum Wave|p1a: Kingambit\n|-supereffective|p1a: Kingambit\n|-damage|p1a: Kingambit|20\/100\n|move|p2b: Porygon2|Thunderbolt|p1a: Kingambit\n|-damage|p1a: Kingambit|6\/100\n|move|p1a: Kingambit|Iron Head|p2b: Porygon2\n|-damage|p2b: Porygon2|78\/100\n|\n|-damage|p1b: Dragonite|78\/100 brn|[from] brn\n|upkeep\n|turn|9\n|\n|t:|1727387474\n|move|p2a: Ursaluna|Vacuum Wave|p1a: Kingambit\n|-supereffective|p1a: Kingambit\n|-damage|p1a: Kingambit|0 fnt\n|faint|p1a: Kingambit\n|move|p1b: Dragonite|Stomping Tantrum|p2a: Ursaluna\n|-damage|p2a: Ursaluna|0 fnt\n|faint|p2a: Ursaluna\n|move|p2b: Porygon2|Thunderbolt|p1b: Dragonite\n|-crit|p1b: Dragonite\n|-damage|p1b: Dragonite|42\/100 brn\n|\n|-damage|p1b: Dragonite|36\/100 brn|[from] brn\n|upkeep\n|j| frenchnails\n|\n|t:|1727387486\n|switch|p2a: Decidueye|Decidueye-Hisui, L50, M|100\/100\n|turn|10\n|\n|t:|1727387491\n|move|p1b: Dragonite|Scale Shot|p2a: Decidueye|[miss]\n|-miss|p1b: Dragonite|p2a: Decidueye\n|move|p2a: Decidueye|Triple Arrows|p1b: Dragonite\n|-supereffective|p1b: Dragonite\n|-damage|p1b: Dragonite|0 fnt\n|faint|p1b: Dragonite\n|\n|win|Strangrdangr\n|raw|elvegis1's rating: 1726 &rarr; <strong>1708<\/strong><br \/>(-18 for losing)\n|raw|Strangrdangr's rating: 1759 &rarr; <strong>1777<\/strong><br \/>(+18 for winning)\n|l| frenchnails\n|l|\u2606elvegis1\n|player|p1|\n|l| MarikoKanai\n|l| mr pogostick\n","uploadtime":1727387740,"views":17,"formatid":"gen9vgc2024regh","rating":1708,"private":0,"password":null}