{"id":"gen9vgc2024regh-2210340293","format":"[Gen 9] VGC 2024 Reg H","players":["Strangrdangr","Zenchaos"],"log":"|j|\u2606Strangrdangr\n|j|\u2606Zenchaos\n|t:|1727377739\n|gametype|doubles\n|player|p1|Strangrdangr|170|1719\n|player|p2|Zenchaos|266|1689\n|teamsize|p1|6\n|teamsize|p2|6\n|gen|9\n|tier|[Gen 9] VGC 2024 Reg H\n|rated|\n|rule|Species Clause: Limit one of each Pok\u00e9mon\n|rule|Item Clause: Limit 1 of each item\n|clearpoke\n|poke|p1|Dragapult, L50, F|\n|poke|p1|Ursaluna-Bloodmoon, L50, M|\n|poke|p1|Basculegion, L50, M|\n|poke|p1|Porygon2, L50|\n|poke|p1|Decidueye-Hisui, L50, F|\n|poke|p1|Volcarona, L50, F|\n|poke|p2|Rillaboom, L50, M|\n|poke|p2|Electabuzz, L50, M|\n|poke|p2|Gholdengo, L50|\n|poke|p2|Murkrow, L50, M|\n|poke|p2|Hydreigon, L50, F|\n|poke|p2|Sneasler, L50, M|\n|teampreview|4\n|inactive|Battle timer is ON: inactive players will automatically lose when time's up. (requested by Zenchaos)\n|\n|t:|1727377773\n|start\n|switch|p1a: Dragapult|Dragapult, L50, F|100\/100\n|switch|p1b: Volcarona|Volcarona, L50, F|100\/100\n|switch|p2a: Electabuzz|Electabuzz, L50, M|100\/100\n|switch|p2b: Hydreigon|Hydreigon, L50, F|100\/100\n|turn|1\n|\n|t:|1727377788\n|move|p1a: Dragapult|Light Screen|p1a: Dragapult\n|-sidestart|p1: Strangrdangr|move: Light Screen\n|move|p2b: Hydreigon|Dark Pulse|p1a: Dragapult\n|-supereffective|p1a: Dragapult\n|-damage|p1a: Dragapult|16\/100\n|move|p2a: Electabuzz|Taunt|p1b: Volcarona\n|-start|p1b: Volcarona|move: Taunt\n|cant|p1b: Volcarona|move: Taunt|Quiver Dance\n|\n|upkeep\n|turn|2\n|\n|t:|1727377806\n|move|p1a: Dragapult|Thunder Wave|p2b: Hydreigon\n|-status|p2b: Hydreigon|par\n|move|p2a: Electabuzz|Electroweb|p1b: Volcarona|[spread] p1a,p1b\n|-resisted|p1a: Dragapult\n|-damage|p1a: Dragapult|12\/100\n|-damage|p1b: Volcarona|92\/100\n|-unboost|p1b: Volcarona|spe|1\n|move|p1b: Volcarona|Heat Wave|p2a: Electabuzz|[spread] p2a,p2b\n|-resisted|p2b: Hydreigon\n|-damage|p2a: Electabuzz|73\/100\n|-damage|p2b: Hydreigon|79\/100 par\n|-status|p2a: Electabuzz|brn\n|move|p2b: Hydreigon|Dark Pulse|p1b: Volcarona\n|-damage|p1b: Volcarona|56\/100\n|\n|-heal|p1b: Volcarona|62\/100|[from] item: Leftovers\n|-damage|p2a: Electabuzz|67\/100 brn|[from] brn\n|upkeep\n|turn|3\n|j| Therazer456\n|\n|t:|1727377829\n|move|p1a: Dragapult|Hex|p2a: Electabuzz\n|-damage|p2a: Electabuzz|37\/100 brn\n|move|p2a: Electabuzz|Electroweb|p1a: Dragapult|[spread] p1a,p1b\n|-resisted|p1a: Dragapult\n|-damage|p1a: Dragapult|7\/100\n|-damage|p1b: Volcarona|54\/100\n|-unboost|p1b: Volcarona|spe|1\n|cant|p2b: Hydreigon|par\n|move|p1b: Volcarona|Bug Buzz|p2b: Hydreigon\n|-supereffective|p2b: Hydreigon\n|-damage|p2b: Hydreigon|0 fnt\n|faint|p2b: Hydreigon\n|\n|-heal|p1b: Volcarona|60\/100|[from] item: Leftovers\n|-damage|p2a: Electabuzz|31\/100 brn|[from] brn\n|-end|p1b: Volcarona|move: Taunt\n|upkeep\n|\n|t:|1727377838\n|switch|p2b: Slim Shady|Sneasler, L50, M|100\/100\n|turn|4\n|\n|t:|1727377858\n|move|p2a: Electabuzz|Follow Me|p2a: Electabuzz\n|-singleturn|p2a: Electabuzz|move: Follow Me\n|move|p1a: Dragapult|Hex|p2a: Electabuzz\n|-damage|p2a: Electabuzz|0 fnt\n|faint|p2a: Electabuzz\n|move|p2b: Slim Shady|Dire Claw|p1b: Volcarona\n|-damage|p1b: Volcarona|7\/100\n|-status|p1b: Volcarona|par\n|move|p1b: Volcarona|Quiver Dance|p1b: Volcarona\n|-boost|p1b: Volcarona|spa|1\n|-boost|p1b: Volcarona|spd|1\n|-boost|p1b: Volcarona|spe|1\n|\n|-heal|p1b: Volcarona|14\/100 par|[from] item: Leftovers\n|upkeep\n|\n|t:|1727377860\n|switch|p2a: Rillaboom|Rillaboom, L50, M|100\/100\n|-fieldstart|move: Grassy Terrain|[from] ability: Grassy Surge|[of] p2a: Rillaboom\n|-enditem|p2b: Slim Shady|Grassy Seed\n|-boost|p2b: Slim Shady|def|1|[from] item: Grassy Seed\n|turn|5\n|inactive|Strangrdangr has 30 seconds left.\n|\n|t:|1727377885\n|-terastallize|p2a: Rillaboom|Fire\n|move|p2b: Slim Shady|Dire Claw|p1a: Dragapult\n|-resisted|p1a: Dragapult\n|-damage|p1a: Dragapult|0 fnt\n|faint|p1a: Dragapult\n|move|p2a: Rillaboom|Wood Hammer|p1b: Volcarona\n|-resisted|p1b: Volcarona\n|-damage|p1b: Volcarona|0 fnt\n|faint|p1b: Volcarona\n|-damage|p2a: Rillaboom|97\/100|[from] Recoil\n|\n|-heal|p2a: Rillaboom|100\/100|[from] Grassy Terrain\n|-sideend|p1: Strangrdangr|move: Light Screen\n|upkeep\n|\n|t:|1727377900\n|switch|p1a: Decidueye|Decidueye-Hisui, L50, F|100\/100\n|switch|p1b: Ursaluna|Ursaluna-Bloodmoon, L50, M|100\/100\n|turn|6\n|j| Lavenderawa\n|\n|t:|1727377923\n|-terastallize|p1b: Ursaluna|Ghost\n|move|p1a: Decidueye|Protect|p1a: Decidueye\n|-singleturn|p1a: Decidueye|Protect\n|move|p2b: Slim Shady|Close Combat|p1b: Ursaluna\n|-immune|p1b: Ursaluna\n|move|p2a: Rillaboom|Wood Hammer|p1b: Ursaluna\n|-damage|p1b: Ursaluna|38\/100\n|-damage|p2a: Rillaboom|81\/100|[from] Recoil\n|move|p1b: Ursaluna|Earth Power|p2b: Slim Shady\n|-supereffective|p2b: Slim Shady\n|-damage|p2b: Slim Shady|0 fnt\n|faint|p2b: Slim Shady\n|\n|-heal|p2a: Rillaboom|86\/100|[from] Grassy Terrain\n|-heal|p1b: Ursaluna|44\/100|[from] Grassy Terrain\n|upkeep\n|turn|7\n|inactive|Strangrdangr has 30 seconds left.\n|\n|t:|1727377948\n|move|p2a: Rillaboom|Wood Hammer|p1b: Ursaluna\n|-damage|p1b: Ursaluna|0 fnt\n|faint|p1b: Ursaluna\n|-damage|p2a: Rillaboom|72\/100|[from] Recoil\n|move|p1a: Decidueye|Triple Arrows|p2a: Rillaboom\n|-crit|p2a: Rillaboom\n|-damage|p2a: Rillaboom|11\/100\n|-unboost|p2a: Rillaboom|def|1\n|\n|-heal|p2a: Rillaboom|17\/100|[from] Grassy Terrain\n|upkeep\n|turn|8\n|-message|Zenchaos forfeited.\n|\n|win|Strangrdangr\n|raw|Strangrdangr's rating: 1719 &rarr; <strong>1737<\/strong><br \/>(+18 for winning)\n|raw|Zenchaos's rating: 1689 &rarr; <strong>1671<\/strong><br \/>(-18 for losing)\n|l|\u2606Zenchaos\n|player|p2|\n|l|\u2606Strangrdangr\n|player|p1|\n|l| Lavenderawa\n|l| Therazer456\n","uploadtime":1727378191,"views":23,"formatid":"gen9vgc2024regh","rating":1671,"private":0,"password":null}