{"id":"gen9vgc2024regh-2210132022","format":"[Gen 9] VGC 2024 Reg H","players":["rebirthruby","actuary97"],"log":"|j|\u2606rebirthruby\n|j|\u2606actuary97\n|t:|1727359810\n|gametype|doubles\n|player|p1|rebirthruby|169|1656\n|player|p2|actuary97|sabrina-frlg|1706\n|teamsize|p1|6\n|teamsize|p2|6\n|gen|9\n|tier|[Gen 9] VGC 2024 Reg H\n|rated|\n|rule|Species Clause: Limit one of each Pok\u00e9mon\n|rule|Item Clause: Limit 1 of each item\n|clearpoke\n|poke|p1|Weezing, L50, F|\n|poke|p1|Slaking, L50, M|\n|poke|p1|Dondozo, L50, F|\n|poke|p1|Tatsugiri, L50, F|\n|poke|p1|Talonflame, L50, M|\n|poke|p1|Garchomp, L50, M|\n|poke|p2|Ninetales, L50, M|\n|poke|p2|Whimsicott, L50, F|\n|poke|p2|Gallade, L50, M|\n|poke|p2|Malamar, L50, F|\n|poke|p2|Indeedee, L50, M|\n|poke|p2|Archaludon, L50, F|\n|teampreview|4\nactuary97 has agreed to open team sheets.\n|inactive|Battle timer is ON: inactive players will automatically lose when time's up. (requested by rebirthruby)\n|\n|t:|1727359861\n|start\n|switch|p1a: Weezing|Weezing, L50, F|100\/100\n|switch|p1b: Slaking|Slaking, L50, M|100\/100\n|switch|p2a: Ghost|Ninetales, L50, M, shiny|100\/100\n|switch|p2b: Tapu Deedee|Indeedee, L50, M, shiny|100\/100\n|-ability|p1a: Weezing|Neutralizing Gas\n|turn|1\n|inactive|rebirthruby has 30 seconds left.\n|j| fgdgfdgdgfdgdf\n|inactive|rebirthruby has 20 seconds left.\n|inactive|rebirthruby has 15 seconds left.\n|inactive|rebirthruby has 10 seconds left.\n|\n|t:|1727359907\n|move|p1b: Slaking|Double-Edge|p2b: Tapu Deedee\n|-damage|p2b: Tapu Deedee|0 fnt\n|faint|p2b: Tapu Deedee\n|-damage|p1b: Slaking|81\/100|[from] Recoil\n|move|p2a: Ghost|Will-O-Wisp|p1b: Slaking\n|-status|p1b: Slaking|brn\n|move|p1a: Weezing|Toxic Spikes|p2a: Ghost\n|-sidestart|p2: actuary97|move: Toxic Spikes\n|\n|-damage|p1b: Slaking|75\/100 brn|[from] brn\n|upkeep\n|c|\u2606actuary97|dang lost the speed tie\n|\n|t:|1727359926\n|switch|p2b: \u2694\ufe0fKing\u2694\ufe0f|Gallade, L50, M, shiny|100\/100\n|-status|p2b: \u2694\ufe0fKing\u2694\ufe0f|psn\n|turn|2\n|j| MikeFlem12326171\n|\n|t:|1727359943\n|move|p2b: \u2694\ufe0fKing\u2694\ufe0f|Protect|p2b: \u2694\ufe0fKing\u2694\ufe0f\n|-singleturn|p2b: \u2694\ufe0fKing\u2694\ufe0f|Protect\n|move|p1a: Weezing|Protect|p1a: Weezing\n|-singleturn|p1a: Weezing|Protect\n|move|p1b: Slaking|Double-Edge|p2b: \u2694\ufe0fKing\u2694\ufe0f\n|-activate|p2b: \u2694\ufe0fKing\u2694\ufe0f|move: Protect\n|move|p2a: Ghost|Fake Tears|p1b: Slaking\n|-unboost|p1b: Slaking|spd|2\n|\n|-damage|p2b: \u2694\ufe0fKing\u2694\ufe0f|88\/100 psn|[from] psn\n|-damage|p1b: Slaking|68\/100 brn|[from] brn\n|upkeep\n|turn|3\n|\n|t:|1727359959\n|move|p1b: Slaking|Double-Edge|p2b: \u2694\ufe0fKing\u2694\ufe0f\n|-damage|p2b: \u2694\ufe0fKing\u2694\ufe0f|20\/100 psn\n|-damage|p1b: Slaking|53\/100 brn|[from] Recoil\n|move|p2a: Ghost|Overheat|p1b: Slaking\n|-damage|p1b: Slaking|0 fnt\n|-unboost|p2a: Ghost|spa|2\n|faint|p1b: Slaking\n|move|p2b: \u2694\ufe0fKing\u2694\ufe0f|Psycho Cut|p1a: Weezing\n|-supereffective|p1a: Weezing\n|-damage|p1a: Weezing|20\/100\n|move|p1a: Weezing|Gunk Shot|p2a: Ghost\n|-damage|p2a: Ghost|40\/100\n|\n|-damage|p2b: \u2694\ufe0fKing\u2694\ufe0f|8\/100 psn|[from] psn\n|upkeep\n|l| MikeFlem12326171\n|\n|t:|1727359977\n|switch|p1b: Dondozo|Dondozo, L50, F|100\/100\n|turn|4\n|c|\u2606actuary97|was that choice scarf?\n|c|\u2606actuary97|or did I lose a bunch of speed ties\n|\n|t:|1727359998\n|switch|p2b: Malamother|Malamar, L50, F, shiny|100\/100\n|-status|p2b: Malamother|psn\n|move|p1b: Dondozo|Protect|p1b: Dondozo\n|-singleturn|p1b: Dondozo|Protect\n|move|p2a: Ghost|Will-O-Wisp|p1b: Dondozo\n|-activate|p1b: Dondozo|move: Protect\n|move|p1a: Weezing|Gunk Shot|p2a: Ghost\n|-damage|p2a: Ghost|0 fnt\n|faint|p2a: Ghost\n|\n|-damage|p2b: Malamother|88\/100 psn|[from] psn\n|upkeep\n|\n|t:|1727360003\n|switch|p2a: \u2694\ufe0fKing\u2694\ufe0f|Gallade, L50, M, shiny|8\/100 psn\n|turn|5\n|j| Greater Sunda\n|c|\u2606actuary97|good talk\n|c|\u2606rebirthruby|yeah\n|inactive|rebirthruby has 30 seconds left.\n|c|\u2606actuary97|ah that ks\n|c|\u2606actuary97|thanks\n|inactive|rebirthruby has 20 seconds left.\n|c|\u2606actuary97|cool team just thought inwas unlucky\n|inactive|rebirthruby has 15 seconds left.\n|inactive|rebirthruby has 10 seconds left.\n|\n|t:|1727360049\n|-end|p1a: Weezing|ability: Neutralizing Gas\n|switch|p1a: Tatsugiri|Tatsugiri, L50, F|100\/100\n|-activate|p1a: Tatsugiri|ability: Commander|[of] p1b: Dondozo\n|-boost|p1b: Dondozo|atk|2\n|-boost|p1b: Dondozo|spa|2\n|-boost|p1b: Dondozo|spe|2\n|-boost|p1b: Dondozo|def|2\n|-boost|p1b: Dondozo|spd|2\n|-terastallize|p2a: \u2694\ufe0fKing\u2694\ufe0f|Grass\n|move|p1b: Dondozo|Order Up|p2a: \u2694\ufe0fKing\u2694\ufe0f\n|-damage|p2a: \u2694\ufe0fKing\u2694\ufe0f|0 fnt\n|faint|p2a: \u2694\ufe0fKing\u2694\ufe0f\n|-boost|p1b: Dondozo|atk|1\n|move|p2b: Malamother|Topsy-Turvy|p1b: Dondozo\n|-invertboost|p1b: Dondozo|[from] move: Topsy-Turvy\n|\n|-damage|p2b: Malamother|76\/100 psn|[from] psn\n|upkeep\n|turn|6\n|-message|actuary97 forfeited.\n|\n|win|rebirthruby\n|raw|rebirthruby's rating: 1656 &rarr; <strong>1679<\/strong><br \/>(+23 for winning)\n|raw|actuary97's rating: 1706 &rarr; <strong>1683<\/strong><br \/>(-23 for losing)\n|c| Greater Sunda|goat move\n|c|\u2606rebirthruby|thanks\n|l|\u2606actuary97\n|player|p2|\n|c|\u2606rebirthruby|nice play\n|l| Greater Sunda\n|l|\u2606rebirthruby\n|player|p1|\n","uploadtime":1727360216,"views":33,"formatid":"gen9vgc2024regh","rating":1679,"private":0,"password":null}