{"id":"gen9vgc2024regh-2210442068","format":"[Gen 9] VGC 2024 Reg H","players":["grafaiaionnaperc","Strangrdangr"],"log":"|j|\u2606grafaiaionnaperc\n|j|\u2606Strangrdangr\n|t:|1727387550\n|gametype|doubles\n|player|p1|grafaiaionnaperc|magmasuit|1659\n|player|p2|Strangrdangr|2|1777\n|teamsize|p1|6\n|teamsize|p2|6\n|gen|9\n|tier|[Gen 9] VGC 2024 Reg H\n|rated|\n|rule|Species Clause: Limit one of each Pok\u00e9mon\n|rule|Item Clause: Limit 1 of each item\n|clearpoke\n|poke|p1|Sneasler, L50, M|\n|poke|p1|Indeedee, L50, M|\n|poke|p1|Murkrow, L50, M|\n|poke|p1|Typhlosion-Hisui, L50, F|\n|poke|p1|Decidueye-Hisui, L50, F|\n|poke|p1|Dragapult, L50, F|\n|poke|p2|Dragapult, L50, M|\n|poke|p2|Ursaluna-Bloodmoon, L50, M|\n|poke|p2|Tyranitar, L50, F|\n|poke|p2|Porygon2, L50|\n|poke|p2|Decidueye-Hisui, L50, F|\n|poke|p2|Volcarona, L50, F|\n|teampreview|4\n|inactive|Battle timer is ON: inactive players will automatically lose when time's up. (requested by grafaiaionnaperc)\n|inactive|grafaiaionnaperc has 60 seconds left.\n|inactive|Strangrdangr has 60 seconds left.\n|j| Fishyyism\n|inactive|Strangrdangr has 30 seconds left.\n|inactive|Strangrdangr has 20 seconds left.\n|inactive|Strangrdangr has 15 seconds left.\n|j| MarikoKanai\n|inactive|Strangrdangr has 10 seconds left.\n|inactive|Strangrdangr has 5 seconds left.\n|\n|t:|1727387639\n|start\n|switch|p1a: Indeedee|Indeedee, L50, M, shiny|100\/100\n|switch|p1b: Sneasler|Sneasler, L50, M, shiny|100\/100\n|switch|p2a: Dragapult|Dragapult, L50, M|100\/100\n|switch|p2b: Tyranitar|Tyranitar, L50, F|100\/100\n|-fieldstart|move: Psychic Terrain|[from] ability: Psychic Surge|[of] p1a: Indeedee\n|-enditem|p1b: Sneasler|Psychic Seed\n|-boost|p1b: Sneasler|spd|1|[from] item: Psychic Seed\n|-weather|Sandstorm|[from] ability: Sand Stream|[of] p2b: Tyranitar\n|turn|1\n|j| mr pogostick\n|inactive|grafaiaionnaperc has 30 seconds left.\n|\n|t:|1727387666\n|-terastallize|p1b: Sneasler|Dark\n|move|p2b: Tyranitar|Protect|p2b: Tyranitar\n|-singleturn|p2b: Tyranitar|Protect\n|move|p1b: Sneasler|Throat Chop|p2a: Dragapult\n|-supereffective|p2a: Dragapult\n|-damage|p2a: Dragapult|0 fnt\n|faint|p2a: Dragapult\n|move|p1a: Indeedee|Expanding Force|p2b: Tyranitar\n|-activate|p2b: Tyranitar|move: Protect\n|\n|-weather|Sandstorm|[upkeep]\n|-damage|p1b: Sneasler|95\/100|[from] Sandstorm\n|-damage|p1a: Indeedee|95\/100|[from] Sandstorm\n|upkeep\n|\n|t:|1727387679\n|switch|p2a: Porygon2|Porygon2, L50|100\/100\n|-ability|p2a: Porygon2|Unburden|[from] ability: Trace|[of] p1b: Sneasler\n|turn|2\n|\n|t:|1727387695\n|-terastallize|p2a: Porygon2|Electric\n|move|p1b: Sneasler|Close Combat|p2a: Porygon2\n|-damage|p2a: Porygon2|66\/100\n|-unboost|p1b: Sneasler|def|1\n|-unboost|p1b: Sneasler|spd|1\n|move|p1a: Indeedee|Expanding Force|p2b: Tyranitar|[spread] p2a\n|-immune|p2b: Tyranitar\n|-damage|p2a: Porygon2|31\/100\n|move|p2b: Tyranitar|Rock Slide|p1a: Indeedee|[spread] p1a,p1b\n|-damage|p1a: Indeedee|28\/100\n|-damage|p1b: Sneasler|17\/100\n|move|p2a: Porygon2|Trick Room|p2a: Porygon2\n|-fieldstart|move: Trick Room|[of] p2a: Porygon2\n|\n|-weather|Sandstorm|[upkeep]\n|-damage|p2a: Porygon2|25\/100|[from] Sandstorm\n|-damage|p1a: Indeedee|22\/100|[from] Sandstorm\n|-damage|p1b: Sneasler|11\/100|[from] Sandstorm\n|upkeep\n|turn|3\n|inactive|Strangrdangr has 30 seconds left.\n|\n|t:|1727387722\n|move|p2a: Porygon2|Recover|p2a: Porygon2\n|-heal|p2a: Porygon2|75\/100\n|move|p2b: Tyranitar|Knock Off|p1b: Sneasler\n|-resisted|p1b: Sneasler\n|-damage|p1b: Sneasler|0 fnt\n|faint|p1b: Sneasler\n|move|p1a: Indeedee|Trick Room|p1a: Indeedee\n|-fieldend|move: Trick Room\n|\n|-weather|Sandstorm|[upkeep]\n|-damage|p1a: Indeedee|16\/100|[from] Sandstorm\n|-damage|p2a: Porygon2|69\/100|[from] Sandstorm\n|upkeep\n|\n|t:|1727387740\n|switch|p1b: DR. CRITS|Decidueye-Hisui, L50, F|100\/100\n|turn|4\n|\n|t:|1727387754\n|move|p1a: Indeedee|Imprison|p1a: Indeedee\n|-start|p1a: Indeedee|move: Imprison\n|move|p1b: DR. CRITS|Triple Arrows|p2b: Tyranitar\n|-supereffective|p2b: Tyranitar\n|-damage|p2b: Tyranitar|0 fnt\n|faint|p2b: Tyranitar\n|move|p2a: Porygon2|Ice Beam|p1b: DR. CRITS\n|-supereffective|p1b: DR. CRITS\n|-damage|p1b: DR. CRITS|48\/100\n|\n|-weather|Sandstorm|[upkeep]\n|-damage|p1a: Indeedee|10\/100|[from] Sandstorm\n|-damage|p1b: DR. CRITS|42\/100|[from] Sandstorm\n|-damage|p2a: Porygon2|62\/100|[from] Sandstorm\n|upkeep\n|\n|t:|1727387767\n|switch|p2b: Ursaluna|Ursaluna-Bloodmoon, L50, M|100\/100\n|turn|5\n|\n|t:|1727387780\n|move|p1a: Indeedee|Expanding Force|p2b: Ursaluna|[spread] p2a,p2b\n|-damage|p2a: Porygon2|28\/100\n|-damage|p2b: Ursaluna|56\/100\n|move|p1b: DR. CRITS|Triple Arrows|p2a: Porygon2\n|-crit|p2a: Porygon2\n|-damage|p2a: Porygon2|0 fnt\n|faint|p2a: Porygon2\n|move|p2b: Ursaluna|Hyper Voice|p1a: Indeedee|[spread] p1a,p1b\n|-damage|p1a: Indeedee|0 fnt\n|-damage|p1b: DR. CRITS|0 fnt\n|faint|p1a: Indeedee\n|faint|p1b: DR. CRITS\n|\n|-weather|none\n|-fieldend|move: Psychic Terrain\n|upkeep\n|\n|t:|1727387783\n|switch|p1b: Dragapult|Dragapult, L50, F|100\/100\n|turn|6\n|\n|t:|1727387799\n|move|p1b: Dragapult|Dragon Darts|p2b: Ursaluna\n|-damage|p2b: Ursaluna|26\/100\n|-anim|p1b: Dragapult|Dragon Darts|p2b: Ursaluna\n|-damage|p2b: Ursaluna|0 fnt\n|faint|p2b: Ursaluna\n|\n|win|grafaiaionnaperc\n|raw|grafaiaionnaperc's rating: 1659 &rarr; <strong>1686<\/strong><br \/>(+27 for winning)\n|raw|Strangrdangr's rating: 1777 &rarr; <strong>1750<\/strong><br \/>(-27 for losing)\n|l| mr pogostick\n|c|\u2606grafaiaionnaperc|go to brazil\n|l| MarikoKanai\n|c|\u2606grafaiaionnaperc|i\u2019m sending you to thacrow\n|l|\u2606grafaiaionnaperc\n|player|p1|\n|c|\u2606Strangrdangr|lol what?\n|l|\u2606Strangrdangr\n|player|p2|\n","uploadtime":1727388017,"views":13,"formatid":"gen9vgc2024regh","rating":1686,"private":0,"password":null}