{"id":"gen9vgc2024regh-2210560178","format":"[Gen 9] VGC 2024 Reg H","players":["Betsie","xGSx3ntr0py"],"log":"|j|\u2606Betsie\n|j|\u2606xGSx3ntr0py\n|t:|1727401260\n|gametype|doubles\n|player|p1|Betsie|grimsley-masters|1730\n|player|p2|xGSx3ntr0py|170|1736\n|teamsize|p1|6\n|teamsize|p2|6\n|gen|9\n|tier|[Gen 9] VGC 2024 Reg H\n|rated|\n|rule|Species Clause: Limit one of each Pok\u00e9mon\n|rule|Item Clause: Limit 1 of each item\n|clearpoke\n|poke|p1|Rillaboom, L50, F|\n|poke|p1|Pelipper, L50, F|\n|poke|p1|Farigiraf, L50, M|\n|poke|p1|Primarina, L50, M|\n|poke|p1|Ursaluna, L50, F|\n|poke|p1|Amoonguss, L50, M|\n|poke|p2|Salamence, L50, M|\n|poke|p2|Amoonguss, L50, F|\n|poke|p2|Tyranitar, L50, F|\n|poke|p2|Garchomp, L50, M|\n|poke|p2|Rillaboom, L50, M|\n|poke|p2|Kingambit, L50, M|\n|teampreview|4\n|inactive|Battle timer is ON: inactive players will automatically lose when time's up. (requested by Betsie)\n|\n|t:|1727401281\n|start\n|switch|p1a: Ursaluna|Ursaluna, L50, F|100\/100\n|switch|p1b: Amoonguss|Amoonguss, L50, M|100\/100\n|switch|p2a: Garchomp|Garchomp, L50, M|100\/100\n|switch|p2b: Amoonguss|Amoonguss, L50, F|100\/100\n|turn|1\n|\n|t:|1727401290\n|move|p1a: Ursaluna|Protect|p1a: Ursaluna\n|-singleturn|p1a: Ursaluna|Protect\n|move|p2a: Garchomp|Substitute|p2a: Garchomp\n|-start|p2a: Garchomp|Substitute\n|-damage|p2a: Garchomp|76\/100\n|move|p2b: Amoonguss|Spore|p1a: Ursaluna\n|-activate|p1a: Ursaluna|move: Protect\n|move|p1b: Amoonguss|Spore||[still]\n|-fail|p1b: Amoonguss\n|\n|-heal|p2a: Garchomp|82\/100|[from] item: Leftovers\n|-status|p1a: Ursaluna|brn|[from] item: Flame Orb\n|upkeep\n|turn|2\n|\n|t:|1727401309\n|switch|p2b: Salamence|Salamence, L50, M|100\/100\n|-ability|p2b: Salamence|Intimidate|boost\n|-unboost|p1a: Ursaluna|atk|1\n|-unboost|p1b: Amoonguss|atk|1\n|move|p2a: Garchomp|Protect|p2a: Garchomp\n|-singleturn|p2a: Garchomp|Protect\n|move|p1a: Ursaluna|Facade|p2b: Salamence\n|-damage|p2b: Salamence|0 fnt\n|faint|p2b: Salamence\n|move|p1b: Amoonguss|Pollen Puff|p1a: Ursaluna\n|-immune|p1a: Ursaluna\n|\n|-heal|p2a: Garchomp|88\/100|[from] item: Leftovers\n|-damage|p1a: Ursaluna|95\/100 brn|[from] brn\n|upkeep\n|\n|t:|1727401330\n|switch|p2b: Tyranitar|Tyranitar, L50, F|100\/100\n|-weather|Sandstorm|[from] ability: Sand Stream|[of] p2b: Tyranitar\n|turn|3\n|inactive|Betsie has 30 seconds left.\n|\n|t:|1727401360\n|-terastallize|p2b: Tyranitar|Flying\n|-terastallize|p1b: Amoonguss|Dark\n|move|p2b: Tyranitar|Tera Blast|p1b: Amoonguss|[anim] Tera Blast Flying\n|-damage|p1b: Amoonguss|64\/100\n|move|p2a: Garchomp|Earthquake|p1a: Ursaluna|[spread] p1a,p1b\n|-immune|p2b: Tyranitar\n|-damage|p1a: Ursaluna|66\/100 brn\n|-damage|p1b: Amoonguss|31\/100\n|move|p1a: Ursaluna|Facade|p2a: Garchomp\n|-end|p2a: Garchomp|Substitute\n|move|p1b: Amoonguss|Spore|p2b: Tyranitar\n|-status|p2b: Tyranitar|slp|[from] move: Spore\n|\n|-weather|Sandstorm|[upkeep]\n|-damage|p2b: Tyranitar|94\/100 slp|[from] Sandstorm\n|-damage|p1b: Amoonguss|25\/100|[from] Sandstorm\n|-heal|p2a: Garchomp|94\/100|[from] item: Leftovers\n|-damage|p1a: Ursaluna|60\/100 brn|[from] brn\n|upkeep\n|turn|4\n|inactive|xGSx3ntr0py has 30 seconds left.\n|\n|t:|1727401390\n|switch|p1b: Pelipper|Pelipper, L50, F|100\/100\n|-weather|RainDance|[from] ability: Drizzle|[of] p1b: Pelipper\n|move|p2a: Garchomp|Protect|p2a: Garchomp\n|-singleturn|p2a: Garchomp|Protect\n|cant|p2b: Tyranitar|slp\n|move|p1a: Ursaluna|Facade|p2b: Tyranitar\n|-damage|p2b: Tyranitar|14\/100 slp\n|\n|-weather|RainDance|[upkeep]\n|-heal|p2a: Garchomp|100\/100|[from] item: Leftovers\n|-damage|p1a: Ursaluna|55\/100 brn|[from] brn\n|upkeep\n|turn|5\n|\n|t:|1727401407\n|switch|p2b: Amoonguss|Amoonguss, L50, F|100\/100\n|move|p2a: Garchomp|Substitute|p2a: Garchomp\n|-start|p2a: Garchomp|Substitute\n|-damage|p2a: Garchomp|76\/100\n|move|p1b: Pelipper|Hurricane|p2b: Amoonguss\n|-supereffective|p2b: Amoonguss\n|-damage|p2b: Amoonguss|18\/100\n|move|p1a: Ursaluna|Facade|p2a: Garchomp\n|-end|p2a: Garchomp|Substitute\n|\n|-weather|RainDance|[upkeep]\n|-heal|p2a: Garchomp|82\/100|[from] item: Leftovers\n|-damage|p1a: Ursaluna|49\/100 brn|[from] brn\n|upkeep\n|turn|6\n|inactive|xGSx3ntr0py has 30 seconds left.\n|inactive|Betsie has 30 seconds left.\n|inactive|xGSx3ntr0py has 20 seconds left.\n|\n|t:|1727401446\n|switch|p1b: Primarina|Primarina, L50, M|100\/100\n|switch|p2b: Tyranitar|Tyranitar, L50, F, tera:Flying|14\/100 slp\n|-weather|Sandstorm|[from] ability: Sand Stream|[of] p2b: Tyranitar\n|move|p2a: Garchomp|Substitute|p2a: Garchomp\n|-start|p2a: Garchomp|Substitute\n|-damage|p2a: Garchomp|57\/100\n|move|p1a: Ursaluna|Facade|p2b: Tyranitar\n|-damage|p2b: Tyranitar|0 fnt\n|faint|p2b: Tyranitar\n|\n|-weather|Sandstorm|[upkeep]\n|-damage|p1b: Primarina|95\/100|[from] Sandstorm\n|-heal|p2a: Garchomp|63\/100|[from] item: Leftovers\n|-damage|p1a: Ursaluna|43\/100 brn|[from] brn\n|upkeep\n|\n|t:|1727401464\n|switch|p2b: Amoonguss|Amoonguss, L50, F|52\/100\n|turn|7\n|\n|t:|1727401476\n|move|p2a: Garchomp|Protect|p2a: Garchomp\n|-singleturn|p2a: Garchomp|Protect\n|move|p2b: Amoonguss|Protect|p2b: Amoonguss\n|-singleturn|p2b: Amoonguss|Protect\n|move|p1b: Primarina|Hyper Voice|p2a: Garchomp|[spread] \n|-activate|p2a: Garchomp|move: Protect\n|-activate|p2b: Amoonguss|move: Protect\n|move|p1a: Ursaluna|Facade|p2b: Amoonguss\n|-activate|p2b: Amoonguss|move: Protect\n|\n|-weather|Sandstorm|[upkeep]\n|-damage|p1b: Primarina|89\/100|[from] Sandstorm\n|-damage|p2b: Amoonguss|46\/100|[from] Sandstorm\n|-heal|p2a: Garchomp|69\/100|[from] item: Leftovers\n|-damage|p1a: Ursaluna|37\/100 brn|[from] brn\n|upkeep\n|turn|8\n|inactive|Betsie has 30 seconds left.\n|\n|t:|1727401506\n|move|p1b: Primarina|Protect|p1b: Primarina\n|-singleturn|p1b: Primarina|Protect\n|move|p2a: Garchomp|Dragon Claw|p1a: Ursaluna\n|-damage|p1a: Ursaluna|6\/100 brn\n|move|p2b: Amoonguss|Spore|p1b: Primarina\n|-activate|p1b: Primarina|move: Protect\n|move|p1a: Ursaluna|Headlong Rush|p2b: Amoonguss\n|-damage|p2b: Amoonguss|0 fnt\n|-unboost|p1a: Ursaluna|def|1\n|-unboost|p1a: Ursaluna|spd|1\n|faint|p2b: Amoonguss\n|\n|-weather|Sandstorm|[upkeep]\n|-damage|p1b: Primarina|83\/100|[from] Sandstorm\n|-heal|p2a: Garchomp|76\/100|[from] item: Leftovers\n|-damage|p1a: Ursaluna|0 fnt|[from] brn\n|faint|p1a: Ursaluna\n|upkeep\n|\n|t:|1727401513\n|switch|p1a: Pelipper|Pelipper, L50, F|100\/100\n|-weather|RainDance|[from] ability: Drizzle|[of] p1a: Pelipper\n|turn|9\n|\n|t:|1727401516\n|move|p2a: Garchomp|Earthquake|p1a: Pelipper|[spread] p1b\n|-immune|p1a: Pelipper\n|-damage|p1b: Primarina|41\/100\n|move|p1a: Pelipper|Weather Ball|p2a: Garchomp\n|-end|p2a: Garchomp|Substitute\n|move|p1b: Primarina|Hyper Voice|p2a: Garchomp\n|-damage|p2a: Garchomp|1\/100\n|-enditem|p1b: Primarina|Throat Spray\n|-boost|p1b: Primarina|spa|1|[from] item: Throat Spray\n|\n|-weather|RainDance|[upkeep]\n|-heal|p2a: Garchomp|7\/100|[from] item: Leftovers\n|upkeep\n|turn|10\n|-message|xGSx3ntr0py forfeited.\n|\n|win|Betsie\n|raw|Betsie's rating: 1730 &rarr; <strong>1750<\/strong><br \/>(+20 for winning)\n|raw|xGSx3ntr0py's rating: 1736 &rarr; <strong>1716<\/strong><br \/>(-20 for losing)\n|l|\u2606xGSx3ntr0py\n|player|p2|\n","uploadtime":1727401746,"views":28,"formatid":"gen9vgc2024regh","rating":1716,"private":0,"password":null}