{"id":"gen9vgc2024regh-2210289737","format":"[Gen 9] VGC 2024 Reg H","players":["Realfrytki","xGSx3ntr0py"],"log":"|j|\u2606Realfrytki\n|j|\u2606xGSx3ntr0py\n|t:|1727373331\n|gametype|doubles\n|player|p1|Realfrytki|veteranf|1688\n|player|p2|xGSx3ntr0py|266|1754\n|teamsize|p1|6\n|teamsize|p2|6\n|gen|9\n|tier|[Gen 9] VGC 2024 Reg H\n|rated|\n|rule|Species Clause: Limit one of each Pok\u00e9mon\n|rule|Item Clause: Limit 1 of each item\n|clearpoke\n|poke|p1|Primarina, L50, M|\n|poke|p1|Espathra, L50, M|\n|poke|p1|Typhlosion-Hisui, L50, M|\n|poke|p1|Indeedee-F, L50, F|\n|poke|p1|Archaludon, L50, F|\n|poke|p1|Murkrow, L50, M|\n|poke|p2|Salamence, L50, F|\n|poke|p2|Amoonguss, L50, F|\n|poke|p2|Tyranitar, L50, F|\n|poke|p2|Garchomp, L50, F|\n|poke|p2|Rillaboom, L50, M|\n|poke|p2|Kingambit, L50, F|\n|teampreview|4\n|j| garonpappa\n|j| piedidiconkeldurr\n|\n|t:|1727373372\n|start\n|switch|p1a: Murkrow|Murkrow, L50, M|100\/100\n|switch|p1b: Primarina|Primarina, L50, M|100\/100\n|switch|p2a: Salamence|Salamence, L50, F|100\/100\n|switch|p2b: Kingambit|Kingambit, L50, F|100\/100\n|-ability|p2a: Salamence|Intimidate|boost\n|-unboost|p1a: Murkrow|atk|1\n|-unboost|p1b: Primarina|atk|1\n|turn|1\n|j| Meditate Golisopod\n|\n|t:|1727373386\n|switch|p2a: Rillaboom|Rillaboom, L50, M|100\/100\n|-fieldstart|move: Grassy Terrain|[from] ability: Grassy Surge|[of] p2a: Rillaboom\n|move|p1a: Murkrow|Sunny Day|p1a: Murkrow\n|-weather|SunnyDay\n|move|p1b: Primarina|Weather Ball|p2b: Kingambit\n|-supereffective|p2b: Kingambit\n|-damage|p2b: Kingambit|0 fnt\n|faint|p2b: Kingambit\n|\n|-weather|SunnyDay|[upkeep]\n|upkeep\n|\n|t:|1727373396\n|switch|p2b: Garchomp|Garchomp, L50, F|100\/100\n|turn|2\n|l| Meditate Golisopod\n|\n|t:|1727373411\n|move|p2a: Rillaboom|Grassy Glide|p1b: Primarina\n|-supereffective|p1b: Primarina\n|-damage|p1b: Primarina|0 fnt\n|faint|p1b: Primarina\n|move|p1a: Murkrow|Tailwind|p1a: Murkrow\n|-sidestart|p1: Realfrytki|move: Tailwind\n|move|p2b: Garchomp|Substitute|p2b: Garchomp\n|-start|p2b: Garchomp|Substitute\n|-damage|p2b: Garchomp|76\/100\n|\n|-weather|SunnyDay|[upkeep]\n|-heal|p2b: Garchomp|82\/100|[from] Grassy Terrain\n|-heal|p2b: Garchomp|88\/100|[from] item: Leftovers\n|upkeep\n|\n|t:|1727373426\n|switch|p1b: Typhlosion|Typhlosion-Hisui, L50, M|100\/100\n|turn|3\n|\n|t:|1727373450\n|-terastallize|p1b: Typhlosion|Fire\n|-terastallize|p2a: Rillaboom|Fire\n|move|p1a: Murkrow|Sunny Day||[still]\n|-fail|p1a: Murkrow\n|move|p1b: Typhlosion|Eruption|p2b: Garchomp|[spread] p2a,p2b\n|-resisted|p2b: Garchomp\n|-end|p2b: Garchomp|Substitute\n|-resisted|p2a: Rillaboom\n|-damage|p2a: Rillaboom|54\/100\n|move|p2b: Garchomp|Substitute|p2b: Garchomp\n|-start|p2b: Garchomp|Substitute\n|-damage|p2b: Garchomp|63\/100\n|move|p2a: Rillaboom|High Horsepower|p1b: Typhlosion\n|-supereffective|p1b: Typhlosion\n|-damage|p1b: Typhlosion|2\/100\n|\n|-weather|SunnyDay|[upkeep]\n|-heal|p1b: Typhlosion|8\/100|[from] Grassy Terrain\n|-heal|p2b: Garchomp|69\/100|[from] Grassy Terrain\n|-heal|p2b: Garchomp|76\/100|[from] item: Leftovers\n|-heal|p2a: Rillaboom|60\/100|[from] Grassy Terrain\n|upkeep\n|turn|4\n|j| Rabbithorn05\n|j| MYLKO VGC\n|\n|t:|1727373495\n|switch|p1b: Archaludon|Archaludon, L50, F|100\/100\n|move|p1a: Murkrow|Rain Dance|p1a: Murkrow\n|-weather|RainDance\n|move|p2a: Rillaboom|Grassy Glide|p1a: Murkrow\n|-resisted|p1a: Murkrow\n|-damage|p1a: Murkrow|82\/100\n|move|p2b: Garchomp|Dragon Claw|p1a: Murkrow\n|-damage|p1a: Murkrow|48\/100\n|\n|-weather|RainDance|[upkeep]\n|-heal|p2b: Garchomp|82\/100|[from] Grassy Terrain\n|-heal|p2b: Garchomp|88\/100|[from] item: Leftovers\n|-heal|p2a: Rillaboom|67\/100|[from] Grassy Terrain\n|upkeep\n|turn|5\n|\n|t:|1727373528\n|move|p1a: Murkrow|Rain Dance||[still]\n|-fail|p1a: Murkrow\n|move|p1b: Archaludon|Dragon Pulse|p2b: Garchomp\n|-supereffective|p2b: Garchomp\n|-end|p2b: Garchomp|Substitute\n|move|p2b: Garchomp|Dragon Claw|p1a: Murkrow\n|-damage|p1a: Murkrow|11\/100\n|move|p2a: Rillaboom|U-turn|p1a: Murkrow\n|-damage|p1a: Murkrow|0 fnt\n|faint|p1a: Murkrow\n|\n|t:|1727373540\n|switch|p2a: Salamence|Salamence, L50, F|100\/100|[from] U-turn\n|-ability|p2a: Salamence|Intimidate|boost\n|-unboost|p1b: Archaludon|atk|1\n|\n|-weather|RainDance|[upkeep]\n|-heal|p2b: Garchomp|94\/100|[from] Grassy Terrain\n|-heal|p2b: Garchomp|100\/100|[from] item: Leftovers\n|-sideend|p1: Realfrytki|move: Tailwind\n|-fieldend|move: Grassy Terrain\n|upkeep\n|\n|t:|1727373548\n|switch|p1a: Typhlosion|Typhlosion-Hisui, L50, M, tera:Fire|8\/100\n|turn|6\n|\n|t:|1727373564\n|move|p2b: Garchomp|Earthquake|p1b: Archaludon|[spread] p1a,p1b\n|-immune|p2a: Salamence\n|-supereffective|p1a: Typhlosion\n|-supereffective|p1b: Archaludon\n|-damage|p1a: Typhlosion|0 fnt\n|-damage|p1b: Archaludon|37\/100\n|-ability|p1b: Archaludon|Stamina|boost\n|-boost|p1b: Archaludon|def|1\n|faint|p1a: Typhlosion\n|move|p2a: Salamence|Draco Meteor|p1b: Archaludon\n|-damage|p1b: Archaludon|0 fnt\n|-unboost|p2a: Salamence|spa|2\n|faint|p1b: Archaludon\n|-damage|p2a: Salamence|91\/100|[from] item: Life Orb\n|\n|win|xGSx3ntr0py\n|raw|Realfrytki's rating: 1688 &rarr; <strong>1672<\/strong><br \/>(-16 for losing)\n|raw|xGSx3ntr0py's rating: 1754 &rarr; <strong>1770<\/strong><br \/>(+16 for winning)\n|l| garonpappa\n|l|\u2606xGSx3ntr0py\n|player|p2|\n|l|\u2606Realfrytki\n|player|p1|\n|l| Rabbithorn05\n|l| piedidiconkeldurr\n|j| Rabbithorn05\n","uploadtime":1727373583,"views":23,"formatid":"gen9vgc2024regh","rating":1672,"private":0,"password":null}