{"id":"gen9vgc2024regh-2210769711","format":"[Gen 9] VGC 2024 Reg H","players":["pmawarrior","roykeenkennedy"],"log":"|j|\u2606pmawarrior\n|j|\u2606roykeenkennedy\n|t:|1727435482\n|gametype|doubles\n|player|p1|pmawarrior|101|1801\n|player|p2|roykeenkennedy|alder|1729\n|teamsize|p1|6\n|teamsize|p2|6\n|gen|9\n|tier|[Gen 9] VGC 2024 Reg H\n|rated|\n|rule|Species Clause: Limit one of each Pok\u00e9mon\n|rule|Item Clause: Limit 1 of each item\n|clearpoke\n|poke|p1|Gholdengo, L50|\n|poke|p1|Talonflame, L50, F|\n|poke|p1|Dondozo, L50, F|\n|poke|p1|Tatsugiri, L50, M|\n|poke|p1|Glimmora, L50, M|\n|poke|p1|Dragonite, L50, M|\n|poke|p2|Salamence, L50, M|\n|poke|p2|Incineroar, L50, F|\n|poke|p2|Weezing, L50, F|\n|poke|p2|Dragapult, L50, F|\n|poke|p2|Ursaluna-Bloodmoon, L50, M|\n|poke|p2|Porygon2, L50|\n|teampreview|4\n|\n|t:|1727435504\n|start\n|switch|p1a: Glimmora|Glimmora, L50, M|100\/100\n|switch|p1b: Gholdengo|Gholdengo, L50|100\/100\n|switch|p2a: Salamence|Salamence, L50, M|100\/100\n|switch|p2b: Ursaluna|Ursaluna-Bloodmoon, L50, M|100\/100\n|turn|1\n|\n|t:|1727435525\n|-terastallize|p2a: Salamence|Steel\n|move|p2a: Salamence|Tailwind|p2a: Salamence\n|-sidestart|p2: roykeenkennedy|move: Tailwind\n|move|p2b: Ursaluna|Earth Power|p1b: Gholdengo\n|-supereffective|p1b: Gholdengo\n|-damage|p1b: Gholdengo|0 fnt\n|faint|p1b: Gholdengo\n|move|p1a: Glimmora|Mortal Spin|p2a: Salamence|[spread] p2b\n|-immune|p2a: Salamence\n|-resisted|p2b: Ursaluna\n|-damage|p2b: Ursaluna|99\/100\n|-status|p2b: Ursaluna|psn\n|\n|-damage|p2b: Ursaluna|86\/100 psn|[from] psn\n|upkeep\n|\n|t:|1727435532\n|switch|p1b: Dondozo|Dondozo, L50, F|100\/100\n|turn|2\n|\n|t:|1727435548\n|switch|p2a: Weezing|Weezing, L50, F|100\/100\n|-ability|p2a: Weezing|Neutralizing Gas\n|move|p1b: Dondozo|Protect|p1b: Dondozo\n|-singleturn|p1b: Dondozo|Protect\n|move|p2b: Ursaluna|Blood Moon|p1a: Glimmora\n|-resisted|p1a: Glimmora\n|-damage|p1a: Glimmora|45\/100\n|move|p1a: Glimmora|Earth Power|p2a: Weezing\n|-supereffective|p2a: Weezing\n|-damage|p2a: Weezing|23\/100\n|-unboost|p2a: Weezing|spd|1\n|\n|-heal|p2a: Weezing|30\/100|[from] item: Leftovers\n|-damage|p2b: Ursaluna|74\/100 psn|[from] psn\n|upkeep\n|turn|3\n|j| gannetVGC\n|j| Kahboomafu\n|\n|t:|1727435592\n|move|p2a: Weezing|Will-O-Wisp|p1b: Dondozo\n|-status|p1b: Dondozo|brn\n|move|p2b: Ursaluna|Earth Power|p1a: Glimmora\n|-supereffective|p1a: Glimmora\n|-damage|p1a: Glimmora|0 fnt\n|faint|p1a: Glimmora\n|move|p1b: Dondozo|Wave Crash|p2b: Ursaluna\n|-supereffective|p2b: Ursaluna\n|-damage|p2b: Ursaluna|32\/100 psn\n|-damage|p1b: Dondozo|88\/100 brn|[from] Recoil\n|\n|-heal|p2a: Weezing|36\/100|[from] item: Leftovers\n|-damage|p2b: Ursaluna|19\/100 psn|[from] psn\n|-damage|p1b: Dondozo|82\/100 brn|[from] brn\n|upkeep\n|\n|t:|1727435598\n|switch|p1a: Tatsugiri|Tatsugiri, L50, M|100\/100\n|turn|4\n|\n|t:|1727435613\n|move|p2a: Weezing|Protect|p2a: Weezing\n|-singleturn|p2a: Weezing|Protect\n|move|p1a: Tatsugiri|Protect|p1a: Tatsugiri\n|-singleturn|p1a: Tatsugiri|Protect\n|move|p1b: Dondozo|Protect|p1b: Dondozo\n|-singleturn|p1b: Dondozo|Protect\n|move|p2b: Ursaluna|Blood Moon|p1a: Tatsugiri\n|-activate|p1a: Tatsugiri|move: Protect\n|\n|-heal|p2a: Weezing|42\/100|[from] item: Leftovers\n|-damage|p2b: Ursaluna|7\/100 psn|[from] psn\n|-damage|p1b: Dondozo|76\/100 brn|[from] brn\n|-sideend|p2: roykeenkennedy|move: Tailwind\n|upkeep\n|turn|5\n|\n|t:|1727435645\n|move|p1a: Tatsugiri|Muddy Water|p2a: Weezing|[spread] p2a,p2b\n|-supereffective|p2b: Ursaluna\n|-damage|p2a: Weezing|0 fnt\n|-damage|p2b: Ursaluna|0 fnt\n|faint|p2a: Weezing\n|-end|p2a: Weezing|ability: Neutralizing Gas\n|faint|p2b: Ursaluna\n|-activate|p1a: Tatsugiri|ability: Commander|[of] p1b: Dondozo\n|-boost|p1b: Dondozo|atk|2\n|-boost|p1b: Dondozo|spa|2\n|-boost|p1b: Dondozo|spe|2\n|-boost|p1b: Dondozo|def|2\n|-boost|p1b: Dondozo|spd|2\n|-damage|p1a: Tatsugiri|91\/100|[from] item: Life Orb\n|move|p1b: Dondozo|Earthquake|p1a: Tatsugiri|[miss]\n|-miss|p1b: Dondozo|p1a: Tatsugiri\n|\n|-damage|p1b: Dondozo|70\/100 brn|[from] brn\n|upkeep\n|\n|t:|1727435662\n|switch|p2a: Dragapult|Dragapult, L50, F|100\/100\n|switch|p2b: Salamence|Salamence, L50, M, tera:Steel|100\/100\n|turn|6\n|\n|t:|1727435672\n|-terastallize|p1b: Dondozo|Steel\n|move|p2b: Salamence|Breaking Swipe|p1b: Dondozo|[spread] p1b\n|-miss|p2b: Salamence|p1a: Tatsugiri\n|-resisted|p1b: Dondozo\n|-damage|p1b: Dondozo|65\/100 brn\n|move|p2a: Dragapult|Dragon Darts|p1b: Dondozo\n|-resisted|p1b: Dondozo\n|-damage|p1b: Dondozo|58\/100 brn\n|-anim|p2a: Dragapult|Dragon Darts|p1b: Dondozo\n|-resisted|p1b: Dondozo\n|-damage|p1b: Dondozo|50\/100 brn\n|move|p1b: Dondozo|Earthquake|p2a: Dragapult|[spread] p2a,p2b\n|-miss|p1b: Dondozo|p1a: Tatsugiri\n|-supereffective|p2b: Salamence\n|-damage|p2a: Dragapult|72\/100\n|-damage|p2b: Salamence|44\/100\n|\n|-damage|p1b: Dondozo|43\/100 brn|[from] brn\n|upkeep\n|turn|7\n|\n|t:|1727435704\n|move|p2b: Salamence|Breaking Swipe|p1a: Tatsugiri|[spread] p1b\n|-miss|p2b: Salamence|p1a: Tatsugiri\n|-resisted|p1b: Dondozo\n|-damage|p1b: Dondozo|39\/100 brn\n|move|p2a: Dragapult|Dragon Darts|p1b: Dondozo\n|-resisted|p1b: Dondozo\n|-damage|p1b: Dondozo|33\/100 brn\n|-anim|p2a: Dragapult|Dragon Darts|p1b: Dondozo\n|-resisted|p1b: Dondozo\n|-damage|p1b: Dondozo|26\/100 brn\n|move|p1b: Dondozo|Earthquake|p2a: Dragapult|[spread] p2a,p2b\n|-miss|p1b: Dondozo|p1a: Tatsugiri\n|-crit|p2a: Dragapult\n|-supereffective|p2b: Salamence\n|-damage|p2a: Dragapult|26\/100\n|-damage|p2b: Salamence|0 fnt\n|faint|p2b: Salamence\n|\n|-damage|p1b: Dondozo|20\/100 brn|[from] brn\n|upkeep\n|turn|8\n|\n|t:|1727435724\n|move|p2a: Dragapult|Dragon Darts|p1b: Dondozo\n|-resisted|p1b: Dondozo\n|-damage|p1b: Dondozo|13\/100 brn\n|-anim|p2a: Dragapult|Dragon Darts|p1b: Dondozo\n|-resisted|p1b: Dondozo\n|-damage|p1b: Dondozo|5\/100 brn\n|move|p1b: Dondozo|Earthquake|p2a: Dragapult|[spread] p2a\n|-miss|p1b: Dondozo|p1a: Tatsugiri\n|-damage|p2a: Dragapult|0 fnt\n|faint|p2a: Dragapult\n|\n|win|pmawarrior\n|raw|pmawarrior's rating: 1801 &rarr; <strong>1817<\/strong><br \/>(+16 for winning)\n|raw|roykeenkennedy's rating: 1729 &rarr; <strong>1713<\/strong><br \/>(-16 for losing)\n|l|\u2606pmawarrior\n|player|p1|\n|l|\u2606roykeenkennedy\n|player|p2|\n|l| Kahboomafu\n","uploadtime":1727435866,"views":20,"formatid":"gen9vgc2024regh","rating":1713,"private":0,"password":null}