{"id":"gen9vgc2024regh-2210013596","format":"[Gen 9] VGC 2024 Reg H","players":["The propheseeker2","Mumblin'Penguin"],"log":"|j|\u2606The propheseeker2\n|j|\u2606Mumblin'Penguin\n|t:|1727345827\n|gametype|doubles\n|player|p1|The propheseeker2|265|1741\n|player|p2|Mumblin'Penguin|teamrocket|1684\n|teamsize|p1|6\n|teamsize|p2|6\n|gen|9\n|tier|[Gen 9] VGC 2024 Reg H\n|rated|\n|rule|Species Clause: Limit one of each Pok\u00e9mon\n|rule|Item Clause: Limit 1 of each item\n|clearpoke\n|poke|p1|Amoonguss, L50, F|\n|poke|p1|Incineroar, L50, M|\n|poke|p1|Ursaluna-Bloodmoon, L50, M|\n|poke|p1|Dragapult, L50, M|\n|poke|p1|Grimmsnarl, L50, M|\n|poke|p1|Sneasler, L50, F|\n|poke|p2|Rillaboom, L50, M|\n|poke|p2|Overqwil, L50, M|\n|poke|p2|Archaludon, L50, M|\n|poke|p2|Pelipper, L50, F|\n|poke|p2|Primarina, L50, M|\n|poke|p2|Ursaluna-Bloodmoon, L50, M|\n|teampreview|4\n|\n|t:|1727345860\n|start\n|switch|p1a: Grimmsnarl|Grimmsnarl, L50, M|100\/100\n|switch|p1b: Incineroar|Incineroar, L50, M|100\/100\n|switch|p2a: Pelipper|Pelipper, L50, F|100\/100\n|switch|p2b: Primarina|Primarina, L50, M|100\/100\n|-weather|RainDance|[from] ability: Drizzle|[of] p2a: Pelipper\n|-ability|p1b: Incineroar|Intimidate|boost\n|-unboost|p2a: Pelipper|atk|1\n|-unboost|p2b: Primarina|atk|1\n|turn|1\n|\n|t:|1727345877\n|move|p2b: Primarina|Protect|p2b: Primarina\n|-singleturn|p2b: Primarina|Protect\n|move|p1b: Incineroar|Fake Out|p2b: Primarina\n|-activate|p2b: Primarina|move: Protect\n|move|p1a: Grimmsnarl|Light Screen|p1a: Grimmsnarl\n|-sidestart|p1: The propheseeker2|move: Light Screen\n|move|p2a: Pelipper|Weather Ball|p1b: Incineroar\n|-supereffective|p1b: Incineroar\n|-damage|p1b: Incineroar|26\/100\n|\n|-weather|RainDance|[upkeep]\n|upkeep\n|turn|2\n|\n|t:|1727345903\n|move|p2a: Pelipper|Weather Ball|p1b: Incineroar\n|-supereffective|p1b: Incineroar\n|-damage|p1b: Incineroar|0 fnt\n|faint|p1b: Incineroar\n|move|p2b: Primarina|Hyper Voice|p1a: Grimmsnarl\n|-damage|p1a: Grimmsnarl|49\/100\n|move|p1a: Grimmsnarl|Spirit Break|p2a: Pelipper\n|-damage|p2a: Pelipper|59\/100\n|-unboost|p2a: Pelipper|spa|1\n|\n|-weather|RainDance|[upkeep]\n|upkeep\n|\n|t:|1727345907\n|switch|p1b: Ursaluna|Ursaluna-Bloodmoon, L50, M|100\/100\n|turn|3\n|\n|t:|1727345937\n|-terastallize|p1b: Ursaluna|Grass\n|move|p1a: Grimmsnarl|Parting Shot|p2a: Pelipper\n|-unboost|p2a: Pelipper|atk|1\n|-unboost|p2a: Pelipper|spa|1\n|\n|t:|1727345941\n|switch|p1a: Amoonguss|Amoonguss, L50, F|100\/100|[from] Parting Shot\n|move|p2a: Pelipper|Hurricane|p1b: Ursaluna\n|-supereffective|p1b: Ursaluna\n|-damage|p1b: Ursaluna|78\/100\n|-start|p1b: Ursaluna|confusion\n|move|p2b: Primarina|Hyper Voice|p1a: Amoonguss|[spread] p1a,p1b\n|-resisted|p1a: Amoonguss\n|-resisted|p1b: Ursaluna\n|-damage|p1a: Amoonguss|83\/100\n|-damage|p1b: Ursaluna|63\/100\n|-activate|p1b: Ursaluna|confusion\n|move|p1b: Ursaluna|Hyper Voice|p2a: Pelipper|[spread] p2a,p2b\n|-crit|p2b: Primarina\n|-damage|p2a: Pelipper|0 fnt\n|-damage|p2b: Primarina|44\/100\n|faint|p2a: Pelipper\n|\n|-weather|RainDance|[upkeep]\n|upkeep\n|\n|t:|1727345959\n|switch|p2a: Overqwil|Overqwil, L50, M|100\/100\n|turn|4\n|inactive|Battle timer is ON: inactive players will automatically lose when time's up. (requested by The propheseeker2)\n|j| alalalhehe\n|\n|t:|1727345969\n|switch|p2b: Archaludon|Archaludon, L50, M|100\/100\n|-terastallize|p2a: Overqwil|Grass\n|move|p1a: Amoonguss|Rage Powder|p1a: Amoonguss\n|-singleturn|p1a: Amoonguss|move: Rage Powder\n|move|p2a: Overqwil|Poison Jab|p1b: Ursaluna\n|-supereffective|p1b: Ursaluna\n|-damage|p1b: Ursaluna|0 fnt\n|faint|p1b: Ursaluna\n|-damage|p2a: Overqwil|91\/100|[from] item: Life Orb\n|\n|-weather|RainDance|[upkeep]\n|upkeep\n|\n|t:|1727345973\n|switch|p1b: Grimmsnarl|Grimmsnarl, L50, M|49\/100\n|turn|5\n|-message|The propheseeker2 forfeited.\n|\n|win|Mumblin'Penguin\n|raw|The propheseeker2's rating: 1714 &rarr; <strong>1692<\/strong><br \/>(-22 for losing)\n|raw|Mumblin&apos;Penguin's rating: 1684 &rarr; <strong>1706<\/strong><br \/>(+22 for winning)\n|l|\u2606The propheseeker2\n|player|p1|\n|l|\u2606Mumblin'Penguin\n|player|p2|\n|l| alalalhehe\n","uploadtime":1727346192,"views":28,"formatid":"gen9vgc2024regh","rating":1692,"private":0,"password":null}