{"id":"gen9vgc2024regh-2210489647","format":"[Gen 9] VGC 2024 Reg H","players":["chiitancrazymascot","rebirthruby"],"log":"|j|\u2606chiitancrazymascot\n|j|\u2606rebirthruby\n|t:|1727392916\n|gametype|doubles\n|player|p1|chiitancrazymascot|pokemaniac|1831\n|player|p2|rebirthruby|170|1714\n|teamsize|p1|6\n|teamsize|p2|6\n|gen|9\n|tier|[Gen 9] VGC 2024 Reg H\n|rated|\n|rule|Species Clause: Limit one of each Pok\u00e9mon\n|rule|Item Clause: Limit 1 of each item\n|clearpoke\n|poke|p1|Annihilape, L50, F|\n|poke|p1|Dondozo, L50, M|\n|poke|p1|Maushold-Four, L50|\n|poke|p1|Gholdengo, L50|\n|poke|p1|Whimsicott, L50, M|\n|poke|p1|Tatsugiri, L50, F|\n|poke|p2|Weezing, L50, M|\n|poke|p2|Slaking, L50, M|\n|poke|p2|Dondozo, L50, F|\n|poke|p2|Tatsugiri, L50, F|\n|poke|p2|Talonflame, L50, F|\n|poke|p2|Garchomp, L50, M|\n|teampreview|4\n|inactive|Battle timer is ON: inactive players will automatically lose when time's up. (requested by chiitancrazymascot)\n|\n|t:|1727392940\n|start\n|switch|p1a: Maushold|Maushold-Four, L50|100\/100\n|switch|p1b: Annihilape|Annihilape, L50, F, shiny|100\/100\n|switch|p2a: Weezing|Weezing, L50, M|100\/100\n|switch|p2b: Slaking|Slaking, L50, M|100\/100\n|-ability|p2a: Weezing|Neutralizing Gas\n|turn|1\n|\n|t:|1727392955\n|move|p2b: Slaking|High Horsepower|p1a: Maushold\n|-damage|p1a: Maushold|49\/100\n|move|p1a: Maushold|Beat Up|p1b: Annihilape\n|-damage|p1b: Annihilape|98\/100\n|-damage|p1b: Annihilape|95\/100\n|-crit|p1b: Annihilape\n|-damage|p1b: Annihilape|90\/100\n|-damage|p1b: Annihilape|88\/100\n|-hitcount|p1b: Annihilape|4\n|move|p2a: Weezing|Poison Gas|p1b: Annihilape|[spread] p1a,p1b\n|-status|p1a: Maushold|psn\n|-status|p1b: Annihilape|psn\n|move|p1b: Annihilape|Rage Fist|p2a: Weezing\n|-enditem|p2a: Weezing|Focus Sash\n|-damage|p2a: Weezing|1\/100\n|\n|-damage|p1a: Maushold|37\/100 psn|[from] psn\n|-damage|p1b: Annihilape|75\/100 psn|[from] psn\n|upkeep\n|turn|2\n|inactive|chiitancrazymascot has 30 seconds left.\n|inactive|rebirthruby has 30 seconds left.\n|inactive|chiitancrazymascot has 20 seconds left.\n|inactive|chiitancrazymascot has 15 seconds left.\n|inactive|chiitancrazymascot has 10 seconds left.\n|\n|t:|1727393003\n|move|p2a: Weezing|Protect|p2a: Weezing\n|-singleturn|p2a: Weezing|Protect\n|move|p2b: Slaking|High Horsepower|p1b: Annihilape\n|-damage|p1b: Annihilape|38\/100 psn\n|-enditem|p1b: Annihilape|Sitrus Berry|[eat]\n|-heal|p1b: Annihilape|63\/100 psn|[from] item: Sitrus Berry\n|move|p1a: Maushold|Beat Up|p2a: Weezing\n|-activate|p2a: Weezing|move: Protect\n|move|p1b: Annihilape|Drain Punch|p2b: Slaking\n|-supereffective|p2b: Slaking\n|-damage|p2b: Slaking|50\/100\n|-heal|p1b: Annihilape|89\/100 psn|[from] drain|[of] p2b: Slaking\n|\n|-damage|p1a: Maushold|25\/100 psn|[from] psn\n|-damage|p1b: Annihilape|77\/100 psn|[from] psn\n|upkeep\n|turn|3\n|j| YawnVGC\n|inactive|chiitancrazymascot has 30 seconds left.\n|\n|t:|1727393030\n|move|p2b: Slaking|High Horsepower|p1a: Maushold\n|-damage|p1a: Maushold|0 fnt\n|faint|p1a: Maushold\n|move|p2a: Weezing|Gunk Shot|p1b: Annihilape\n|-resisted|p1b: Annihilape\n|-damage|p1b: Annihilape|53\/100 psn\n|move|p1b: Annihilape|Rage Fist|p2a: Weezing\n|-damage|p2a: Weezing|0 fnt\n|faint|p2a: Weezing\n|-end|p2a: Weezing|ability: Neutralizing Gas\n|\n|-damage|p1b: Annihilape|41\/100 psn|[from] psn\n|upkeep\n|\n|t:|1727393043\n|switch|p1a: Dondozo|Dondozo, L50, M, shiny|100\/100\n|switch|p2a: Dondozo|Dondozo, L50, F|100\/100\n|turn|4\n|inactive|rebirthruby has 30 seconds left.\n|inactive|rebirthruby has 20 seconds left.\n|inactive|rebirthruby has 15 seconds left.\n|inactive|rebirthruby has 10 seconds left.\n|\n|t:|1727393091\n|switch|p2b: Tatsugiri|Tatsugiri, L50, F|100\/100\n|-activate|p2b: Tatsugiri|ability: Commander|[of] p2a: Dondozo\n|-boost|p2a: Dondozo|atk|2\n|-boost|p2a: Dondozo|spa|2\n|-boost|p2a: Dondozo|spe|2\n|-boost|p2a: Dondozo|def|2\n|-boost|p2a: Dondozo|spd|2\n|switch|p1b: Tatsugiri|Tatsugiri, L50, F, shiny|100\/100\n|-activate|p1b: Tatsugiri|ability: Commander|[of] p1a: Dondozo\n|-boost|p1a: Dondozo|atk|2\n|-boost|p1a: Dondozo|spa|2\n|-boost|p1a: Dondozo|spe|2\n|-boost|p1a: Dondozo|def|2\n|-boost|p1a: Dondozo|spd|2\n|-terastallize|p1a: Dondozo|Grass\n|move|p2a: Dondozo|Wave Crash|p1b: Tatsugiri|[miss]\n|-miss|p2a: Dondozo|p1b: Tatsugiri\n|move|p1a: Dondozo|Tera Blast|p2a: Dondozo|[anim] Tera Blast Grass\n|-supereffective|p2a: Dondozo\n|-damage|p2a: Dondozo|53\/100\n|\n|-heal|p2a: Dondozo|59\/100|[from] item: Leftovers\n|upkeep\n|turn|5\n|\n|t:|1727393114\n|-terastallize|p2a: Dondozo|Dragon\n|move|p2a: Dondozo|Substitute|p2a: Dondozo\n|-start|p2a: Dondozo|Substitute\n|-damage|p2a: Dondozo|34\/100\n|move|p1a: Dondozo|Order Up|p2a: Dondozo\n|-supereffective|p2a: Dondozo\n|-end|p2a: Dondozo|Substitute\n|-boost|p1a: Dondozo|atk|1\n|\n|-heal|p2a: Dondozo|40\/100|[from] item: Leftovers\n|upkeep\n|turn|6\n|j| moon7777\n|\n|t:|1727393126\n|move|p2a: Dondozo|Protect|p2a: Dondozo\n|-singleturn|p2a: Dondozo|Protect\n|move|p1a: Dondozo|Order Up|p2a: Dondozo\n|-activate|p2a: Dondozo|move: Protect\n|\n|-heal|p2a: Dondozo|47\/100|[from] item: Leftovers\n|upkeep\n|turn|7\n|\n|t:|1727393135\n|move|p2a: Dondozo|Order Up|p1a: Dondozo\n|-damage|p1a: Dondozo|79\/100\n|-boost|p2a: Dondozo|atk|1\n|move|p1a: Dondozo|Order Up|p2a: Dondozo\n|-supereffective|p2a: Dondozo\n|-damage|p2a: Dondozo|16\/100\n|-boost|p1a: Dondozo|atk|1\n|\n|-heal|p2a: Dondozo|22\/100|[from] item: Leftovers\n|-heal|p1a: Dondozo|85\/100|[from] item: Leftovers\n|upkeep\n|turn|8\n|\n|t:|1727393147\n|move|p2a: Dondozo|Order Up|p1a: Dondozo\n|-damage|p1a: Dondozo|66\/100\n|-boost|p2a: Dondozo|atk|1\n|move|p1a: Dondozo|Order Up|p2a: Dondozo\n|-supereffective|p2a: Dondozo\n|-damage|p2a: Dondozo|0 fnt\n|faint|p2a: Dondozo\n|-boost|p1a: Dondozo|atk|1\n|\n|-heal|p1a: Dondozo|73\/100|[from] item: Leftovers\n|upkeep\n|\n|t:|1727393161\n|switch|p2a: Slaking|Slaking, L50, M|50\/100\n|turn|9\n|\n|t:|1727393170\n|move|p1a: Dondozo|Protect|p1a: Dondozo\n|-singleturn|p1a: Dondozo|Protect\n|move|p2a: Slaking|Ice Punch|p1a: Dondozo\n|-activate|p1a: Dondozo|move: Protect\n|move|p2b: Tatsugiri|Icy Wind|p1a: Dondozo|[spread] \n|-miss|p2b: Tatsugiri|p1b: Tatsugiri\n|-activate|p1a: Dondozo|move: Protect\n|\n|-heal|p1a: Dondozo|79\/100|[from] item: Leftovers\n|upkeep\n|turn|10\n|\n|t:|1727393184\n|cant|p2a: Slaking|ability: Truant\n|move|p1a: Dondozo|Order Up|p2a: Slaking\n|-damage|p2a: Slaking|0 fnt\n|faint|p2a: Slaking\n|-boost|p1a: Dondozo|atk|1\n|move|p2b: Tatsugiri|Icy Wind|p1a: Dondozo|[spread] p1a\n|-miss|p2b: Tatsugiri|p1b: Tatsugiri\n|-supereffective|p1a: Dondozo\n|-damage|p1a: Dondozo|63\/100\n|-unboost|p1a: Dondozo|spe|1\n|\n|-heal|p1a: Dondozo|69\/100|[from] item: Leftovers\n|upkeep\n|turn|11\n|-message|rebirthruby forfeited.\n|\n|win|chiitancrazymascot\n|raw|chiitancrazymascot's rating: 1831 &rarr; <strong>1845<\/strong><br \/>(+14 for winning)\n|raw|rebirthruby's rating: 1714 &rarr; <strong>1700<\/strong><br \/>(-14 for losing)\n|l|\u2606rebirthruby\n|player|p2|\n|l|\u2606chiitancrazymascot\n|player|p1|\n|l| YawnVGC\n","uploadtime":1727393191,"views":39,"formatid":"gen9vgc2024regh","rating":1700,"private":0,"password":null}