{"id":"gen9vgc2024regh-2210605820","format":"[Gen 9] VGC 2024 Reg H","players":["actuary97","xGSx3ntr0py"],"log":"|j|\u2606actuary97\n|j|\u2606xGSx3ntr0py\n|t:|1727406995\n|gametype|doubles\n|player|p1|actuary97|sabrina-frlg|1683\n|player|p2|xGSx3ntr0py|170|1712\n|teamsize|p1|6\n|teamsize|p2|6\n|gen|9\n|tier|[Gen 9] VGC 2024 Reg H\n|rated|\n|rule|Species Clause: Limit one of each Pok\u00e9mon\n|rule|Item Clause: Limit 1 of each item\n|clearpoke\n|poke|p1|Ninetales, L50, M|\n|poke|p1|Whimsicott, L50, F|\n|poke|p1|Gallade, L50, M|\n|poke|p1|Malamar, L50, F|\n|poke|p1|Indeedee, L50, M|\n|poke|p1|Archaludon, L50, F|\n|poke|p2|Salamence, L50, M|\n|poke|p2|Amoonguss, L50, F|\n|poke|p2|Tyranitar, L50, M|\n|poke|p2|Garchomp, L50, F|\n|poke|p2|Rillaboom, L50, F|\n|poke|p2|Kingambit, L50, F|\n|teampreview|4\nactuary97 has agreed to open team sheets.\n|\n|t:|1727407026\n|start\n|switch|p1a: Mischief Mother|Whimsicott, L50, F, shiny|100\/100\n|switch|p1b: Malamother|Malamar, L50, F, shiny|100\/100\n|switch|p2a: Garchomp|Garchomp, L50, F|100\/100\n|switch|p2b: Tyranitar|Tyranitar, L50, M|100\/100\n|-weather|Sandstorm|[from] ability: Sand Stream|[of] p2b: Tyranitar\n|turn|1\n|inactive|Battle timer is ON: inactive players will automatically lose when time's up. (requested by actuary97)\n|\n|t:|1727407045\n|switch|p1b: Bridget|Archaludon, L50, F, shiny|100\/100\n|-terastallize|p2b: Tyranitar|Flying\n|move|p2b: Tyranitar|Tera Blast|p1a: Mischief Mother|[anim] Tera Blast Flying\n|-supereffective|p1a: Mischief Mother\n|-enditem|p1a: Mischief Mother|Focus Sash\n|-damage|p1a: Mischief Mother|1\/100\n|move|p1a: Mischief Mother|Beat Up|p1b: Bridget\n|-damage|p1b: Bridget|99\/100\n|-ability|p1b: Bridget|Stamina|boost\n|-boost|p1b: Bridget|def|1\n|-damage|p1b: Bridget|97\/100\n|-ability|p1b: Bridget|Stamina|boost\n|-boost|p1b: Bridget|def|1\n|-damage|p1b: Bridget|96\/100\n|-ability|p1b: Bridget|Stamina|boost\n|-boost|p1b: Bridget|def|1\n|-damage|p1b: Bridget|95\/100\n|-ability|p1b: Bridget|Stamina|boost\n|-boost|p1b: Bridget|def|1\n|-hitcount|p1b: Bridget|4\n|move|p2a: Garchomp|Earthquake|p1b: Bridget|[spread] p1a,p1b\n|-immune|p2b: Tyranitar\n|-resisted|p1a: Mischief Mother\n|-supereffective|p1b: Bridget\n|-damage|p1a: Mischief Mother|0 fnt\n|-damage|p1b: Bridget|79\/100\n|-ability|p1b: Bridget|Stamina|boost\n|-boost|p1b: Bridget|def|1\n|faint|p1a: Mischief Mother\n|\n|-weather|Sandstorm|[upkeep]\n|-damage|p2b: Tyranitar|94\/100|[from] Sandstorm\n|upkeep\n|\n|t:|1727407054\n|switch|p1a: Malamother|Malamar, L50, F, shiny|100\/100\n|turn|2\n|\n|t:|1727407078\n|move|p2b: Tyranitar|Tera Blast|p1a: Malamother|[anim] Tera Blast Flying\n|-crit|p1a: Malamother\n|-damage|p1a: Malamother|41\/100\n|-enditem|p1a: Malamother|Sitrus Berry|[eat]\n|-heal|p1a: Malamother|66\/100|[from] item: Sitrus Berry\n|move|p2a: Garchomp|Substitute|p2a: Garchomp\n|-start|p2a: Garchomp|Substitute\n|-damage|p2a: Garchomp|76\/100\n|move|p1b: Bridget|Body Press|p2a: Garchomp\n|-end|p2a: Garchomp|Substitute\n|move|p1a: Malamother|Knock Off|p2a: Garchomp\n|-damage|p2a: Garchomp|41\/100\n|-enditem|p2a: Garchomp|Leftovers|[from] move: Knock Off|[of] p1a: Malamother\n|\n|-weather|Sandstorm|[upkeep]\n|-damage|p2b: Tyranitar|88\/100|[from] Sandstorm\n|-damage|p1a: Malamother|60\/100|[from] Sandstorm\n|upkeep\n|turn|3\n|\n|t:|1727407099\n|move|p2b: Tyranitar|Tera Blast|p1a: Malamother|[anim] Tera Blast Flying\n|-damage|p1a: Malamother|22\/100\n|move|p2a: Garchomp|Earthquake|p1a: Malamother|[spread] p1a,p1b\n|-immune|p2b: Tyranitar\n|-supereffective|p1b: Bridget\n|-damage|p1a: Malamother|0 fnt\n|-damage|p1b: Bridget|64\/100\n|-ability|p1b: Bridget|Stamina|boost\n|-boost|p1b: Bridget|def|1\n|faint|p1a: Malamother\n|move|p1b: Bridget|Body Press|p2a: Garchomp|[miss]\n|-miss|p1b: Bridget|p2a: Garchomp\n|\n|-weather|Sandstorm|[upkeep]\n|-damage|p2b: Tyranitar|82\/100|[from] Sandstorm\n|upkeep\n|\n|t:|1727407113\n|switch|p1a: Tapu Deedee|Indeedee, L50, M, shiny|100\/100\n|-fieldstart|move: Psychic Terrain|[from] ability: Psychic Surge|[of] p1a: Tapu Deedee\n|turn|4\n|j| mr pogostick\n|l| mr pogostick\n|inactive|xGSx3ntr0py has 30 seconds left.\n|\n|t:|1727407143\n|-terastallize|p1a: Tapu Deedee|Fairy\n|move|p2b: Tyranitar|Tera Blast|p1a: Tapu Deedee|[anim] Tera Blast Flying\n|-damage|p1a: Tapu Deedee|14\/100\n|move|p2a: Garchomp|Earthquake|p1b: Bridget|[spread] p1a,p1b\n|-immune|p2b: Tyranitar\n|-supereffective|p1b: Bridget\n|-damage|p1a: Tapu Deedee|0 fnt\n|-damage|p1b: Bridget|52\/100\n|faint|p1a: Tapu Deedee\n|move|p1b: Bridget|Electro Shot||[still]\n|-prepare|p1b: Bridget|Electro Shot\n|-boost|p1b: Bridget|spa|1\n|\n|-weather|Sandstorm|[upkeep]\n|-damage|p2b: Tyranitar|75\/100|[from] Sandstorm\n|upkeep\n|turn|5\n|c|\u2606actuary97|scarf ttar behind a cts nice\n|inactive|xGSx3ntr0py has 30 seconds left.\n|\n|t:|1727407172\n|move|p2b: Tyranitar|Tera Blast|p1b: Bridget|[anim] Tera Blast Flying\n|-resisted|p1b: Bridget\n|-damage|p1b: Bridget|48\/100\n|move|p2a: Garchomp|Substitute|p2a: Garchomp\n|-start|p2a: Garchomp|Substitute\n|-damage|p2a: Garchomp|16\/100\n|move|p1b: Bridget|Electro Shot|p2b: Tyranitar|[from]lockedmove\n|-supereffective|p2b: Tyranitar\n|-damage|p2b: Tyranitar|0 fnt\n|faint|p2b: Tyranitar\n|\n|-weather|none\n|upkeep\n|j| Lavenderawa\n|\n|t:|1727407181\n|switch|p2b: Kingambit|Kingambit, L50, F|100\/100\n|turn|6\n|\n|t:|1727407194\n|move|p2b: Kingambit|Protect|p2b: Kingambit\n|-singleturn|p2b: Kingambit|Protect\n|move|p2a: Garchomp|Earthquake|p1b: Bridget|[spread] p1b\n|-activate|p2b: Kingambit|move: Protect\n|-supereffective|p1b: Bridget\n|-damage|p1b: Bridget|35\/100\n|move|p1b: Bridget|Body Press|p2b: Kingambit\n|-activate|p2b: Kingambit|move: Protect\n|\n|upkeep\n|turn|7\n|\n|t:|1727407211\n|move|p2b: Kingambit|Sucker Punch|p1b: Bridget\n|-activate|p1b: Bridget|move: Psychic Terrain\n|move|p2a: Garchomp|Dragon Claw|p1b: Bridget\n|-crit|p1b: Bridget\n|-damage|p1b: Bridget|0 fnt\n|faint|p1b: Bridget\n|\n|win|xGSx3ntr0py\n|raw|actuary97's rating: 1683 &rarr; <strong>1665<\/strong><br \/>(-18 for losing)\n|raw|xGSx3ntr0py's rating: 1712 &rarr; <strong>1730<\/strong><br \/>(+18 for winning)\n|l|\u2606actuary97\n|player|p1|\n|l|\u2606xGSx3ntr0py\n|player|p2|\n|l| Lavenderawa\n|j| Lavenderawa\n|l| Lavenderawa\n","uploadtime":1727407440,"views":21,"formatid":"gen9vgc2024regh","rating":1665,"private":0,"password":null}