{"id":"gen9vgc2024regh-2210974729","format":"[Gen 9] VGC 2024 Reg H","players":["Js1132","Arkalid"],"log":"|j|\u2606Js1132\n|j|\u2606Arkalid\n|t:|1727456253\n|gametype|doubles\n|player|p1|Js1132|170|1708\n|player|p2|Arkalid|2|1659\n|teamsize|p1|6\n|teamsize|p2|6\n|gen|9\n|tier|[Gen 9] VGC 2024 Reg H\n|rated|\n|rule|Species Clause: Limit one of each Pok\u00e9mon\n|rule|Item Clause: Limit 1 of each item\n|clearpoke\n|poke|p1|Dragapult, L50, F|\n|poke|p1|Sneasler, L50, F|\n|poke|p1|Rillaboom, L50, M|\n|poke|p1|Kingambit, L50, M|\n|poke|p1|Primarina, L50, F|\n|poke|p1|Electabuzz, L50, M|\n|poke|p2|Vivillon, L50, F|\n|poke|p2|Garchomp, L50, M|\n|poke|p2|Porygon2, L50|\n|poke|p2|Incineroar, L50, F|\n|poke|p2|Ursaluna-Bloodmoon, L50, M|\n|poke|p2|Archaludon, L50, M|\n|teampreview|4\n|inactive|Battle timer is ON: inactive players will automatically lose when time's up. (requested by Arkalid)\nArkalid has agreed to open team sheets.\n|inactive|Arkalid has 60 seconds left.\n|\n|t:|1727456285\n|start\n|switch|p1a: Bishop|Dragapult, L50, F, shiny|100\/100\n|switch|p1b: King|Sneasler, L50, F, shiny|100\/100\n|switch|p2a: Vivillon|Vivillon, L50, F|100\/100\n|switch|p2b: Garchomp|Garchomp, L50, M|100\/100\n|turn|1\n|\n|t:|1727456304\n|-terastallize|p1a: Bishop|Dragon\n|move|p2b: Garchomp|Protect|p2b: Garchomp\n|-singleturn|p2b: Garchomp|Protect\n|move|p2a: Vivillon|Protect|p2a: Vivillon\n|-singleturn|p2a: Vivillon|Protect\n|move|p1a: Bishop|Dragon Darts|p2a: Vivillon\n|-activate|p2b: Garchomp|move: Protect\n|move|p1b: King|Dire Claw|p2a: Vivillon\n|-activate|p2a: Vivillon|move: Protect\n|\n|upkeep\n|turn|2\n|inactive|Arkalid has 30 seconds left.\n|inactive|Arkalid has 20 seconds left.\n|inactive|Arkalid has 15 seconds left.\n|inactive|Arkalid has 10 seconds left.\n|\n|t:|1727456353\n|move|p2a: Vivillon|Rage Powder|p2a: Vivillon\n|-singleturn|p2a: Vivillon|move: Rage Powder\n|move|p1a: Bishop|Dragon Darts|p2a: Vivillon\n|-enditem|p2a: Vivillon|Focus Sash\n|-damage|p2a: Vivillon|1\/100\n|-anim|p1a: Bishop|Dragon Darts|p2a: Vivillon\n|-damage|p2a: Vivillon|0 fnt\n|faint|p2a: Vivillon\n|move|p1b: King|Dire Claw|p2b: Garchomp\n|-resisted|p2b: Garchomp\n|-damage|p2b: Garchomp|78\/100\n|-status|p2b: Garchomp|psn\n|-damage|p1b: King|88\/100|[from] ability: Rough Skin|[of] p2b: Garchomp\n|move|p2b: Garchomp|Earthquake|p1a: Bishop|[spread] p1a,p1b\n|-supereffective|p1b: King\n|-damage|p1a: Bishop|31\/100\n|-damage|p1b: King|0 fnt\n|faint|p1b: King\n|-damage|p2b: Garchomp|68\/100 psn|[from] item: Life Orb\n|\n|-damage|p2b: Garchomp|56\/100 psn|[from] psn\n|upkeep\n|l|\u2606Js1132\n|inactive|Js1132 disconnected and has a minute to reconnect!\n|player|p1|\n|j|\u2606Js1132\n|inactive|Js1132 reconnected and has 35 seconds left.\n|player|p1|Js1132|170|\n|\n|t:|1727456377\n|switch|p1b: Queen|Primarina, L50, F, shiny|100\/100\n|switch|p2a: Archaludon|Archaludon, L50, M|100\/100\n|turn|3\n|\n|t:|1727456402\n|switch|p1a: Rook|Rillaboom, L50, M|100\/100\n|-fieldstart|move: Grassy Terrain|[from] ability: Grassy Surge|[of] p1a: Rook\n|move|p2b: Garchomp|Stomping Tantrum|p1a: Rook\n|-resisted|p1a: Rook\n|-damage|p1a: Rook|76\/100\n|-damage|p2b: Garchomp|46\/100 psn|[from] item: Life Orb\n|move|p2a: Archaludon|Aura Sphere|p1a: Rook\n|-damage|p1a: Rook|56\/100\n|move|p1b: Queen|Hyper Voice|p2b: Garchomp|[spread] p2a,p2b\n|-resisted|p2a: Archaludon\n|-damage|p2a: Archaludon|75\/100\n|-damage|p2b: Garchomp|6\/100 psn\n|-enditem|p1b: Queen|Throat Spray\n|-boost|p1b: Queen|spa|1|[from] item: Throat Spray\n|\n|-heal|p2b: Garchomp|12\/100 psn|[from] Grassy Terrain\n|-heal|p2a: Archaludon|81\/100|[from] Grassy Terrain\n|-heal|p1a: Rook|61\/100|[from] Grassy Terrain\n|-damage|p2b: Garchomp|0 fnt|[from] psn\n|faint|p2b: Garchomp\n|upkeep\n|\n|t:|1727456406\n|switch|p2b: Ursaluna|Ursaluna-Bloodmoon, L50, M|100\/100\n|turn|4\n|j| mr pogostick\n|\n|t:|1727456425\n|-terastallize|p2b: Ursaluna|Ghost\n|move|p2a: Archaludon|Protect|p2a: Archaludon\n|-singleturn|p2a: Archaludon|Protect\n|move|p1a: Rook|Fake Out|p2b: Ursaluna\n|-immune|p2b: Ursaluna\n|move|p1b: Queen|Moonblast|p2a: Archaludon\n|-activate|p2a: Archaludon|move: Protect\n|move|p2b: Ursaluna|Blood Moon|p1a: Rook\n|-damage|p1a: Rook|4\/100\n|\n|-heal|p2a: Archaludon|87\/100|[from] Grassy Terrain\n|-heal|p1a: Rook|10\/100|[from] Grassy Terrain\n|upkeep\n|turn|5\n|inactive|Arkalid has 30 seconds left.\n|inactive|Arkalid has 20 seconds left.\n|inactive|Arkalid has 15 seconds left.\n|\n|t:|1727456469\n|move|p2a: Archaludon|Electro Shot||[still]\n|-prepare|p2a: Archaludon|Electro Shot\n|-boost|p2a: Archaludon|spa|1\n|-enditem|p2a: Archaludon|Power Herb\n|-anim|p2a: Archaludon|Electro Shot|p1b: Queen\n|-supereffective|p1b: Queen\n|-damage|p1b: Queen|0 fnt\n|faint|p1b: Queen\n|move|p1a: Rook|Wood Hammer|p2b: Ursaluna\n|-damage|p2b: Ursaluna|47\/100\n|-damage|p1a: Rook|0 fnt|[from] Recoil\n|faint|p1a: Rook\n|move|p2b: Ursaluna|Hyper Voice|p1: Rook|[notarget]\n|-fail|p2b: Ursaluna\n|\n|-heal|p2a: Archaludon|93\/100|[from] Grassy Terrain\n|-heal|p2b: Ursaluna|53\/100|[from] Grassy Terrain\n|upkeep\n|\n|t:|1727456476\n|switch|p1b: Bishop|Dragapult, L50, F, shiny, tera:Dragon|31\/100\n|turn|6\n|l|\u2606Js1132\n|inactive|Js1132 disconnected and has a minute to reconnect!\n|player|p1|\n|j|\u2606Js1132\n|inactive|Js1132 reconnected.\n|player|p1|Js1132|170|\n|inactive|Arkalid has 30 seconds left.\n|\n|t:|1727456505\n|move|p1b: Bishop|Phantom Force||[still]\n|-prepare|p1b: Bishop|Phantom Force\n|move|p2a: Archaludon|Flash Cannon|p1b: Bishop|[miss]\n|-miss|p2a: Archaludon|p1b: Bishop\n|move|p2b: Ursaluna|Blood Moon|p1b: Bishop|[miss]\n|-miss|p2b: Ursaluna|p1b: Bishop\n|\n|-heal|p2a: Archaludon|99\/100|[from] Grassy Terrain\n|-heal|p2b: Ursaluna|59\/100|[from] Grassy Terrain\n|upkeep\n|turn|7\n|\n|t:|1727456516\n|move|p1b: Bishop|Phantom Force|p2a: Archaludon|[from]lockedmove\n|-damage|p2a: Archaludon|31\/100\n|move|p2a: Archaludon|Flash Cannon|p1b: Bishop\n|-damage|p1b: Bishop|0 fnt\n|faint|p1b: Bishop\n|\n|win|Arkalid\n|raw|Js1132's rating: 1708 &rarr; <strong>1685<\/strong><br \/>(-23 for losing)\n|raw|Arkalid's rating: 1659 &rarr; <strong>1682<\/strong><br \/>(+23 for winning)\n|l|\u2606Js1132\n|player|p1|\n|l| mr pogostick\n|l|\u2606Arkalid\n|player|p2|\n","uploadtime":1727456726,"views":16,"formatid":"gen9vgc2024regh","rating":1682,"private":0,"password":null}