{"id":"gen9vgc2024regh-2210583396","format":"[Gen 9] VGC 2024 Reg H","players":["nootellas","grafaiaionnaperc"],"log":"|j|\u2606nootellas\n|j|\u2606grafaiaionnaperc\n|t:|1727404109\n|gametype|doubles\n|player|p1|nootellas|iono|1653\n|player|p2|grafaiaionnaperc|magmasuit|1693\n|teamsize|p1|6\n|teamsize|p2|6\n|gen|9\n|tier|[Gen 9] VGC 2024 Reg H\n|rated|\n|rule|Species Clause: Limit one of each Pok\u00e9mon\n|rule|Item Clause: Limit 1 of each item\n|clearpoke\n|poke|p1|Goodra-Hisui, L50, F|\n|poke|p1|Zoroark-Hisui, L50, M|\n|poke|p1|Ninetales-Alola, L50, M|\n|poke|p1|Sylveon, L50, F|\n|poke|p1|Incineroar, L50, M|\n|poke|p1|Garchomp, L50, M|\n|poke|p2|Sneasler, L50, M|\n|poke|p2|Indeedee, L50, M|\n|poke|p2|Murkrow, L50, M|\n|poke|p2|Decidueye-Hisui, L50, M|\n|poke|p2|Dragapult, L50, M|\n|poke|p2|Delphox, L50, M|\n|teampreview|4\n|inactive|Battle timer is ON: inactive players will automatically lose when time's up. (requested by grafaiaionnaperc)\n|inactive|grafaiaionnaperc has 60 seconds left.\n|\n|t:|1727404146\n|start\n|switch|p1a: madoka|Sylveon, L50, F, shiny|100\/100\n|switch|p1b: konata izumi|Ninetales-Alola, L50, M, shiny|100\/100\n|switch|p2a: Delphox|Delphox, L50, M|100\/100\n|switch|p2b: Indeedee|Indeedee, L50, M, shiny|100\/100\n|-weather|Snow|[from] ability: Snow Warning|[of] p1b: konata izumi\n|-fieldstart|move: Psychic Terrain|[from] ability: Psychic Surge|[of] p2b: Indeedee\n|turn|1\n|inactive|nootellas has 30 seconds left.\n|inactive|nootellas has 20 seconds left.\n|\n|t:|1727404183\n|move|p1b: konata izumi|Aurora Veil|p1b: konata izumi\n|-sidestart|p1: nootellas|move: Aurora Veil\n|move|p2a: Delphox|Heat Wave|p1b: konata izumi|[spread] p1a,p1b\n|-supereffective|p1b: konata izumi\n|-damage|p1a: madoka|74\/100\n|-damage|p1b: konata izumi|38\/100\n|move|p2b: Indeedee|Expanding Force|p1a: madoka|[spread] p1a,p1b\n|-damage|p1a: madoka|45\/100\n|-damage|p1b: konata izumi|2\/100\n|move|p1a: madoka|Yawn|p2a: Delphox\n|-start|p2a: Delphox|move: Yawn|[of] p1a: madoka\n|\n|-weather|Snow|[upkeep]\n|upkeep\n|turn|2\n|j| plplk\n|\n|t:|1727404202\n|switch|p1b: gonathan g|Incineroar, L50, M, shiny|100\/100\n|-ability|p1b: gonathan g|Intimidate|boost\n|-unboost|p2a: Delphox|atk|1\n|-unboost|p2b: Indeedee|atk|1\n|switch|p2a: Sneasler|Sneasler, L50, M, shiny|100\/100\n|-enditem|p2a: Sneasler|Psychic Seed\n|-boost|p2a: Sneasler|spd|1|[from] item: Psychic Seed\n|move|p1a: madoka|Detect|p1a: madoka\n|-singleturn|p1a: madoka|Protect\n|move|p2b: Indeedee|Expanding Force|p1b: gonathan g|[spread] \n|-activate|p1a: madoka|move: Protect\n|-immune|p1b: gonathan g\n|\n|-weather|Snow|[upkeep]\n|upkeep\n|turn|3\n|\n|t:|1727404219\n|-terastallize|p1b: gonathan g|Ghost\n|move|p2a: Sneasler|Close Combat|p1b: gonathan g\n|-immune|p1b: gonathan g\n|move|p2b: Indeedee|Expanding Force|p1b: gonathan g|[spread] p1a,p1b\n|-damage|p1a: madoka|16\/100\n|-damage|p1b: gonathan g|68\/100\n|move|p1a: madoka|Hyper Voice|p2a: Sneasler|[spread] p2a,p2b\n|-crit|p2a: Sneasler\n|-damage|p2a: Sneasler|0 fnt\n|-damage|p2b: Indeedee|34\/100\n|faint|p2a: Sneasler\n|move|p1b: gonathan g|Flare Blitz|p2b: Indeedee\n|-damage|p2b: Indeedee|0 fnt\n|faint|p2b: Indeedee\n|-damage|p1b: gonathan g|61\/100|[from] Recoil\n|\n|-weather|Snow|[upkeep]\n|upkeep\n|\n|t:|1727404223\n|switch|p2a: Delphox|Delphox, L50, M|100\/100\n|switch|p2b: Dragapult|Dragapult, L50, M|100\/100\n|turn|4\n|j| Syachilove0408\n|l| Syachilove0408\n|inactive|grafaiaionnaperc has 30 seconds left.\n|inactive|grafaiaionnaperc has 20 seconds left.\n|\n|t:|1727404260\n|switch|p1b: tam gandr|Goodra-Hisui, L50, F, shiny|100\/100\n|-terastallize|p2b: Dragapult|Ghost\n|move|p1a: madoka|Detect|p1a: madoka\n|-singleturn|p1a: madoka|Protect\n|move|p2b: Dragapult|Tera Blast|p1b: tam gandr|[anim] Tera Blast Ghost\n|-damage|p1b: tam gandr|60\/100\n|move|p2a: Delphox|Heat Wave|p1a: madoka|[spread] p1b\n|-activate|p1a: madoka|move: Protect\n|-damage|p1b: tam gandr|35\/100\n|\n|-weather|Snow|[upkeep]\n|-heal|p1b: tam gandr|41\/100|[from] item: Leftovers\n|upkeep\n|turn|5\n|inactive|nootellas has 30 seconds left.\n|\n|t:|1727404293\n|move|p2b: Dragapult|Tera Blast|p1b: tam gandr|[anim] Tera Blast Ghost\n|-damage|p1b: tam gandr|0 fnt\n|faint|p1b: tam gandr\n|move|p2a: Delphox|Heat Wave|p1a: madoka|[miss]\n|-miss|p2a: Delphox|p1a: madoka\n|move|p1a: madoka|Hyper Voice|p2b: Dragapult|[spread] p2a,p2b\n|-resisted|p2a: Delphox\n|-damage|p2a: Delphox|74\/100\n|-damage|p2b: Dragapult|29\/100\n|\n|-weather|none\n|-fieldend|move: Psychic Terrain\n|upkeep\n|l| plplk\n|\n|t:|1727404309\n|switch|p1b: gonathan g|Incineroar, L50, M, shiny, tera:Ghost|61\/100\n|-ability|p1b: gonathan g|Intimidate|boost\n|-unboost|p2a: Delphox|atk|1\n|-fail|p2b: Dragapult|unboost|[from] ability: Clear Body|[of] p2b: Dragapult\n|turn|6\n|inactive|nootellas has 30 seconds left.\n|inactive|grafaiaionnaperc has 30 seconds left.\n|\n|t:|1727404346\n|move|p1b: gonathan g|Fake Out|p2a: Delphox\n|-damage|p2a: Delphox|53\/100\n|move|p2b: Dragapult|Tera Blast|p1b: gonathan g|[anim] Tera Blast Ghost\n|-supereffective|p1b: gonathan g\n|-damage|p1b: gonathan g|0 fnt\n|faint|p1b: gonathan g\n|cant|p2a: Delphox|flinch\n|move|p1a: madoka|Hyper Voice|p2b: Dragapult|[spread] p2a,p2b\n|-resisted|p2a: Delphox\n|-damage|p2a: Delphox|25\/100\n|-damage|p2b: Dragapult|0 fnt\n|faint|p2b: Dragapult\n|\n|upkeep\n|\n|t:|1727404355\n|switch|p1b: konata izumi|Ninetales-Alola, L50, M, shiny|2\/100\n|-weather|Snow|[from] ability: Snow Warning|[of] p1b: konata izumi\n|turn|7\n|\n|t:|1727404369\n|move|p1b: konata izumi|Disable|p2a: Delphox\n|-start|p2a: Delphox|Disable|Heat Wave\n|cant|p2a: Delphox|Disable|Heat Wave\n|move|p1a: madoka|Hyper Voice|p2a: Delphox\n|-resisted|p2a: Delphox\n|-crit|p2a: Delphox\n|-damage|p2a: Delphox|0 fnt\n|faint|p2a: Delphox\n|\n|win|nootellas\n|raw|nootellas's rating: 1653 &rarr; <strong>1675<\/strong><br \/>(+22 for winning)\n|raw|grafaiaionnaperc's rating: 1693 &rarr; <strong>1671<\/strong><br \/>(-22 for losing)\n|l|\u2606grafaiaionnaperc\n|player|p2|\n|l|\u2606nootellas\n|player|p1|\n|j| plplk\n|l| plplk\n","uploadtime":1727404524,"views":19,"formatid":"gen9vgc2024regh","rating":1671,"private":0,"password":null}