{"id":"gen9vgc2024regh-2210398681","format":"[Gen 9] VGC 2024 Reg H","players":["RocksTheRock","xGSx3ntr0py"],"log":"|j|\u2606RocksTheRock\n|j|\u2606xGSx3ntr0py\n|t:|1727383173\n|gametype|doubles\n|player|p1|RocksTheRock|red|1665\n|player|p2|xGSx3ntr0py|101|1767\n|teamsize|p1|6\n|teamsize|p2|6\n|gen|9\n|tier|[Gen 9] VGC 2024 Reg H\n|rated|\n|rule|Species Clause: Limit one of each Pok\u00e9mon\n|rule|Item Clause: Limit 1 of each item\n|clearpoke\n|poke|p1|Indeedee-F, L50, F|\n|poke|p1|Torkoal, L50, F|\n|poke|p1|Gallade, L50, M|\n|poke|p1|Lilligant-Hisui, L50, F|\n|poke|p1|Hatterene, L50, F|\n|poke|p1|Ursaluna, L50, M|\n|poke|p2|Salamence, L50, F|\n|poke|p2|Amoonguss, L50, M|\n|poke|p2|Tyranitar, L50, M|\n|poke|p2|Garchomp, L50, F|\n|poke|p2|Rillaboom, L50, M|\n|poke|p2|Kingambit, L50, M|\n|teampreview|4\n|inactive|Battle timer is ON: inactive players will automatically lose when time's up. (requested by RocksTheRock)\n|inactive|xGSx3ntr0py has 60 seconds left.\n|\n|t:|1727383219\n|start\n|switch|p1a: Indeedee|Indeedee-F, L50, F|100\/100\n|switch|p1b: Gallade|Gallade, L50, M|100\/100\n|switch|p2a: Garchomp|Garchomp, L50, F|100\/100\n|switch|p2b: Salamence|Salamence, L50, F|100\/100\n|-ability|p2b: Salamence|Intimidate|boost\n|-unboost|p1a: Indeedee|atk|1\n|-fail|p1b: Gallade|unboost|[from] item: Clear Amulet|[of] p1b: Gallade\n|-fieldstart|move: Psychic Terrain|[from] ability: Psychic Surge|[of] p1a: Indeedee\n|-enditem|p1a: Indeedee|Psychic Seed\n|-boost|p1a: Indeedee|spd|1|[from] item: Psychic Seed\n|turn|1\n|inactive|xGSx3ntr0py has 30 seconds left.\n|\n|t:|1727383246\n|switch|p2b: Rillaboom|Rillaboom, L50, M|100\/100\n|-fieldstart|move: Grassy Terrain|[from] ability: Grassy Surge|[of] p2b: Rillaboom\n|move|p1a: Indeedee|Follow Me|p1a: Indeedee\n|-singleturn|p1a: Indeedee|move: Follow Me\n|move|p2a: Garchomp|Substitute|p2a: Garchomp\n|-start|p2a: Garchomp|Substitute\n|-damage|p2a: Garchomp|76\/100\n|move|p1b: Gallade|Trick Room|p1b: Gallade\n|-fieldstart|move: Trick Room|[of] p1b: Gallade\n|\n|-heal|p2a: Garchomp|82\/100|[from] Grassy Terrain\n|-heal|p2a: Garchomp|88\/100|[from] item: Leftovers\n|upkeep\n|turn|2\n|\n|t:|1727383265\n|switch|p1a: Ursaluna|Ursaluna, L50, M|100\/100\n|move|p2a: Garchomp|Protect|p2a: Garchomp\n|-singleturn|p2a: Garchomp|Protect\n|move|p1b: Gallade|Sacred Sword|p2a: Garchomp\n|-activate|p2a: Garchomp|move: Protect\n|move|p2b: Rillaboom|U-turn|p1a: Ursaluna\n|-damage|p1a: Ursaluna|81\/100\n|\n|t:|1727383275\n|switch|p2b: Salamence|Salamence, L50, F|100\/100|[from] U-turn\n|-ability|p2b: Salamence|Intimidate|boost\n|-unboost|p1a: Ursaluna|atk|1\n|-fail|p1b: Gallade|unboost|[from] item: Clear Amulet|[of] p1b: Gallade\n|\n|-heal|p1a: Ursaluna|87\/100|[from] Grassy Terrain\n|-heal|p2a: Garchomp|94\/100|[from] Grassy Terrain\n|-heal|p2a: Garchomp|100\/100|[from] item: Leftovers\n|-status|p1a: Ursaluna|brn|[from] item: Flame Orb\n|upkeep\n|turn|3\n|\n|t:|1727383292\n|switch|p2b: Tyranitar|Tyranitar, L50, M|100\/100\n|-weather|Sandstorm|[from] ability: Sand Stream|[of] p2b: Tyranitar\n|move|p1a: Ursaluna|Facade|p2b: Tyranitar\n|-resisted|p2b: Tyranitar\n|-damage|p2b: Tyranitar|58\/100\n|move|p1b: Gallade|Sacred Sword|p2a: Garchomp\n|-end|p2a: Garchomp|Substitute\n|move|p2a: Garchomp|Dragon Claw|p1b: Gallade\n|-damage|p1b: Gallade|47\/100\n|\n|-weather|Sandstorm|[upkeep]\n|-damage|p1b: Gallade|41\/100|[from] Sandstorm\n|-heal|p1a: Ursaluna|92\/100 brn|[from] Grassy Terrain\n|-heal|p1b: Gallade|47\/100|[from] Grassy Terrain\n|-heal|p2b: Tyranitar|64\/100|[from] Grassy Terrain\n|-damage|p1a: Ursaluna|87\/100 brn|[from] brn\n|upkeep\n|turn|4\n|inactive|xGSx3ntr0py has 30 seconds left.\n|\n|t:|1727383321\n|switch|p2b: Salamence|Salamence, L50, F|100\/100\n|-ability|p2b: Salamence|Intimidate|boost\n|-unboost|p1a: Ursaluna|atk|1\n|-fail|p1b: Gallade|unboost|[from] item: Clear Amulet|[of] p1b: Gallade\n|move|p2a: Garchomp|Protect|p2a: Garchomp\n|-singleturn|p2a: Garchomp|Protect\n|move|p1a: Ursaluna|Facade|p2b: Salamence\n|-damage|p2b: Salamence|21\/100\n|move|p1b: Gallade|Sacred Sword|p2a: Garchomp\n|-activate|p2a: Garchomp|move: Protect\n|\n|-weather|Sandstorm|[upkeep]\n|-damage|p1b: Gallade|41\/100|[from] Sandstorm\n|-damage|p2b: Salamence|15\/100|[from] Sandstorm\n|-heal|p1a: Ursaluna|92\/100 brn|[from] Grassy Terrain\n|-heal|p1b: Gallade|47\/100|[from] Grassy Terrain\n|-damage|p1a: Ursaluna|87\/100 brn|[from] brn\n|upkeep\n|turn|5\n|\n|t:|1727383342\n|switch|p1a: Indeedee|Indeedee-F, L50, F|100\/100\n|-fieldstart|move: Psychic Terrain|[from] ability: Psychic Surge|[of] p1a: Indeedee\n|move|p2b: Salamence|Protect|p2b: Salamence\n|-singleturn|p2b: Salamence|Protect\n|move|p1b: Gallade|Sacred Sword|p2a: Garchomp\n|-damage|p2a: Garchomp|32\/100\n|move|p2a: Garchomp|Earthquake|p1a: Indeedee|[spread] p1a,p1b\n|-activate|p2b: Salamence|move: Protect\n|-damage|p1a: Indeedee|66\/100\n|-damage|p1b: Gallade|0 fnt\n|faint|p1b: Gallade\n|\n|-weather|Sandstorm|[upkeep]\n|-damage|p1a: Indeedee|60\/100|[from] Sandstorm\n|-damage|p2b: Salamence|9\/100|[from] Sandstorm\n|-heal|p2a: Garchomp|38\/100|[from] item: Leftovers\n|-fieldend|move: Trick Room\n|upkeep\n|\n|t:|1727383353\n|switch|p1b: Hatterene|Hatterene, L50, F|100\/100\n|turn|6\n|\n|t:|1727383368\n|move|p2a: Garchomp|Earthquake|p1a: Indeedee|[spread] p1a,p1b\n|-immune|p2b: Salamence\n|-damage|p1a: Indeedee|27\/100\n|-damage|p1b: Hatterene|56\/100\n|move|p2b: Salamence|Heat Wave|p1b: Hatterene|[spread] p1a,p1b\n|-crit|p1b: Hatterene\n|-damage|p1a: Indeedee|0 fnt\n|-damage|p1b: Hatterene|5\/100\n|faint|p1a: Indeedee\n|-damage|p2b: Salamence|0 fnt|[from] item: Life Orb\n|faint|p2b: Salamence\n|move|p1b: Hatterene|Dazzling Gleam|p2a: Garchomp\n|-supereffective|p2a: Garchomp\n|-damage|p2a: Garchomp|0 fnt\n|faint|p2a: Garchomp\n|-damage|p1b: Hatterene|0 fnt|[from] item: Life Orb\n|faint|p1b: Hatterene\n|\n|-weather|Sandstorm|[upkeep]\n|upkeep\n|\n|t:|1727383376\n|switch|p2a: Tyranitar|Tyranitar, L50, M|64\/100\n|switch|p2b: Rillaboom|Rillaboom, L50, M|100\/100\n|switch|p1b: Ursaluna|Ursaluna, L50, M|87\/100 brn\n|-fieldstart|move: Grassy Terrain|[from] ability: Grassy Surge|[of] p2b: Rillaboom\n|turn|7\n|j| mr pogostick\n|\n|t:|1727383390\n|-terastallize|p2a: Tyranitar|Flying\n|-terastallize|p1b: Ursaluna|Ghost\n|move|p2b: Rillaboom|Fake Out|p1b: Ursaluna\n|-immune|p1b: Ursaluna\n|move|p2a: Tyranitar|Tera Blast|p1b: Ursaluna|[anim] Tera Blast Flying\n|-damage|p1b: Ursaluna|56\/100 brn\n|move|p1b: Ursaluna|Facade|p2b: Rillaboom\n|-damage|p2b: Rillaboom|0 fnt\n|faint|p2b: Rillaboom\n|\n|-weather|none\n|-heal|p1b: Ursaluna|62\/100 brn|[from] Grassy Terrain\n|-damage|p1b: Ursaluna|56\/100 brn|[from] brn\n|upkeep\n|turn|8\n|\n|t:|1727383403\n|move|p2a: Tyranitar|Tera Blast|p1b: Ursaluna|[anim] Tera Blast Flying\n|-damage|p1b: Ursaluna|27\/100 brn\n|move|p1b: Ursaluna|Facade|p2a: Tyranitar\n|-damage|p2a: Tyranitar|0 fnt\n|faint|p2a: Tyranitar\n|\n|win|RocksTheRock\n|raw|RocksTheRock's rating: 1665 &rarr; <strong>1691<\/strong><br \/>(+26 for winning)\n|raw|xGSx3ntr0py's rating: 1767 &rarr; <strong>1741<\/strong><br \/>(-26 for losing)\n|l|\u2606xGSx3ntr0py\n|player|p2|\n|l|\u2606RocksTheRock\n|player|p1|\n|l| mr pogostick\n","uploadtime":1727383588,"views":25,"formatid":"gen9vgc2024regh","rating":1691,"private":0,"password":null}