{"id":"gen9vgc2024regh-2210046953","format":"[Gen 9] VGC 2024 Reg H","players":["wonder gawd","The propheseeker2"],"log":"|j|\u2606wonder gawd\n|j|\u2606The propheseeker2\n|t:|1727350549\n|gametype|doubles\n|player|p1|wonder gawd|169|1743\n|player|p2|The propheseeker2|265|1700\n|teamsize|p1|6\n|teamsize|p2|6\n|gen|9\n|tier|[Gen 9] VGC 2024 Reg H\n|rated|\n|rule|Species Clause: Limit one of each Pok\u00e9mon\n|rule|Item Clause: Limit 1 of each item\n|clearpoke\n|poke|p1|Zoroark-Hisui, L50, F|\n|poke|p1|Inteleon, L50, F|\n|poke|p1|Sneasler, L50, F|\n|poke|p1|Grimmsnarl, L50, M|\n|poke|p1|Blaziken, L50, F|\n|poke|p1|Electabuzz, L50, F|\n|poke|p2|Archaludon, L50, F|\n|poke|p2|Gengar, L50, F|\n|poke|p2|Kingambit, L50, F|\n|poke|p2|Talonflame, L50, M|\n|poke|p2|Dondozo, L50, M|\n|poke|p2|Tatsugiri, L50, M|\n|teampreview|4\n|inactive|Battle timer is ON: inactive players will automatically lose when time's up. (requested by The propheseeker2)\n|j| mr pogostick\n|\n|t:|1727350573\n|start\n|switch|p1a: Grimmsnarl|Grimmsnarl, L50, M, shiny|100\/100\n|switch|p1b: Sneasler|Sneasler, L50, F, shiny|100\/100\n|switch|p2a: Gengar|Gengar, L50, F, shiny|100\/100\n|switch|p2b: Kingambit|Kingambit, L50, F, shiny|100\/100\n|turn|1\n|j| manwtfisthis\n|inactive|wonder gawd has 30 seconds left.\n|\n|t:|1727350604\n|-terastallize|p1a: Grimmsnarl|Water\n|move|p2b: Kingambit|Protect|p2b: Kingambit\n|-singleturn|p2b: Kingambit|Protect\n|move|p1b: Sneasler|Throat Chop|p2a: Gengar\n|-supereffective|p2a: Gengar\n|-enditem|p2a: Gengar|Focus Sash\n|-damage|p2a: Gengar|1\/100\n|-start|p2a: Gengar|Throat Chop|[silent]\n|move|p2a: Gengar|Sludge Wave|p1b: Sneasler|[spread] p1a,p1b\n|-activate|p2b: Kingambit|move: Protect\n|-resisted|p1b: Sneasler\n|-damage|p1a: Grimmsnarl|64\/100\n|-damage|p1b: Sneasler|79\/100\n|-status|p1a: Grimmsnarl|psn\n|move|p1a: Grimmsnarl|Spirit Break|p2a: Gengar\n|-resisted|p2a: Gengar\n|-damage|p2a: Gengar|0 fnt\n|faint|p2a: Gengar\n|\n|-damage|p1a: Grimmsnarl|52\/100 psn|[from] psn\n|upkeep\n|j| real_utopias\n|\n|t:|1727350624\n|switch|p2a: Dondozo|Dondozo, L50, M|100\/100\n|turn|2\n|inactive|wonder gawd has 30 seconds left.\n|inactive|wonder gawd has 20 seconds left.\n|\n|t:|1727350661\n|switch|p2b: Tatsugiri|Tatsugiri, L50, M|100\/100\n|-activate|p2b: Tatsugiri|ability: Commander|[of] p2a: Dondozo\n|-boost|p2a: Dondozo|atk|2\n|-boost|p2a: Dondozo|spa|2\n|-boost|p2a: Dondozo|spe|2\n|-boost|p2a: Dondozo|def|2\n|-boost|p2a: Dondozo|spd|2\n|move|p1a: Grimmsnarl|Thunder Wave|p2a: Dondozo\n|-status|p2a: Dondozo|par\n|move|p1b: Sneasler|Close Combat|p2b: Tatsugiri|[miss]\n|-miss|p1b: Sneasler|p2b: Tatsugiri\n|move|p2a: Dondozo|Earthquake|p1a: Grimmsnarl|[spread] p1a,p1b\n|-miss|p2a: Dondozo|p2b: Tatsugiri\n|-supereffective|p1b: Sneasler\n|-damage|p1a: Grimmsnarl|0 fnt\n|-damage|p1b: Sneasler|0 fnt\n|faint|p1a: Grimmsnarl\n|faint|p1b: Sneasler\n|\n|upkeep\n|\n|t:|1727350666\n|switch|p1b: Blaziken|Blaziken, L50, F, shiny|100\/100\n|switch|p1a: Inteleon|Inteleon, L50, F, shiny|100\/100\n|turn|3\n|\n|t:|1727350676\n|move|p1b: Blaziken|Protect|p1b: Blaziken\n|-singleturn|p1b: Blaziken|Protect\n|move|p1a: Inteleon|Haze|p1a: Inteleon\n|-clearallboost\n|move|p2a: Dondozo|Earthquake|p1a: Inteleon|[spread] p1a\n|-miss|p2a: Dondozo|p2b: Tatsugiri\n|-activate|p1b: Blaziken|move: Protect\n|-damage|p1a: Inteleon|68\/100\n|\n|-ability|p1b: Blaziken|Speed Boost|boost\n|-boost|p1b: Blaziken|spe|1\n|upkeep\n|turn|4\n|\n|t:|1727350692\n|move|p1b: Blaziken|Thunder Punch|p2a: Dondozo\n|-supereffective|p2a: Dondozo\n|-damage|p2a: Dondozo|51\/100 par\n|-damage|p1b: Blaziken|91\/100|[from] item: Life Orb\n|move|p1a: Inteleon|Snipe Shot|p2a: Dondozo\n|-resisted|p2a: Dondozo\n|-crit|p2a: Dondozo\n|-damage|p2a: Dondozo|10\/100 par\n|move|p2a: Dondozo|Wave Crash|p1b: Blaziken\n|-supereffective|p1b: Blaziken\n|-damage|p1b: Blaziken|0 fnt\n|faint|p1b: Blaziken\n|-damage|p2a: Dondozo|0 fnt|[from] Recoil\n|faint|p2a: Dondozo\n|\n|upkeep\n|\n|t:|1727350696\n|switch|p2a: Kingambit|Kingambit, L50, F, shiny|100\/100\n|turn|5\n|l| real_utopias\n|\n|t:|1727350708\n|-terastallize|p2a: Kingambit|Dark\n|move|p2a: Kingambit|Sucker Punch|p1a: Inteleon\n|-damage|p1a: Inteleon|0 fnt\n|faint|p1a: Inteleon\n|-damage|p2a: Kingambit|91\/100|[from] item: Life Orb\n|\n|win|The propheseeker2\n|raw|wonder gawd's rating: 1743 &rarr; <strong>1721<\/strong><br \/>(-22 for losing)\n|raw|The propheseeker2's rating: 1700 &rarr; <strong>1722<\/strong><br \/>(+22 for winning)\n|c|\u2606The propheseeker2|Nice counter\n|l|\u2606The propheseeker2\n|player|p2|\n|l|\u2606wonder gawd\n|player|p1|\n|j|\u2606The propheseeker2\n|player|p2|The propheseeker2|265|\n|l| mr pogostick\n|l|\u2606The propheseeker2\n|player|p2|\n|j|\u2606The propheseeker2\n|player|p2|The propheseeker2|265|\n|l|\u2606The propheseeker2\n|player|p2|\n","uploadtime":1727350732,"views":53,"formatid":"gen9vgc2024regh","rating":1721,"private":0,"password":null}