{"id":"gen9vgc2024regh-2210636508","format":"[Gen 9] VGC 2024 Reg H","players":["HitMonLeeVGC","rebirthruby"],"log":"|j|\u2606HitMonLeeVGC\n|j|\u2606rebirthruby\n|t:|1727411468\n|gametype|doubles\n|player|p1|HitMonLeeVGC|doctor-gen8|1707\n|player|p2|rebirthruby|1|1708\n|teamsize|p1|6\n|teamsize|p2|6\n|gen|9\n|tier|[Gen 9] VGC 2024 Reg H\n|rated|\n|rule|Species Clause: Limit one of each Pok\u00e9mon\n|rule|Item Clause: Limit 1 of each item\n|clearpoke\n|poke|p1|Dragapult, L50, M|\n|poke|p1|Sneasler, L50, M|\n|poke|p1|Magmar, L50, M|\n|poke|p1|Primarina, L50, M|\n|poke|p1|Rillaboom, L50, M|\n|poke|p1|Kingambit, L50, M|\n|poke|p2|Weezing, L50, M|\n|poke|p2|Slaking, L50, M|\n|poke|p2|Dondozo, L50, F|\n|poke|p2|Tatsugiri, L50, F|\n|poke|p2|Talonflame, L50, F|\n|poke|p2|Garchomp, L50, M|\n|teampreview|4\n|l|\u2606rebirthruby\n|player|p2|\n|j|\u2606rebirthruby\n|player|p2|rebirthruby|1|\n|\n|t:|1727411513\n|start\n|switch|p1a: Dragapult|Dragapult, L50, M, shiny|100\/100\n|switch|p1b: Sneasler|Sneasler, L50, M, shiny|100\/100\n|switch|p2a: Weezing|Weezing, L50, M|100\/100\n|switch|p2b: Slaking|Slaking, L50, M|100\/100\n|-ability|p2a: Weezing|Neutralizing Gas\n|turn|1\n|j| mr pogostick\n|\n|t:|1727411542\n|-terastallize|p2b: Slaking|Ghost\n|-terastallize|p1a: Dragapult|Dragon\n|move|p2b: Slaking|Knock Off|p1a: Dragapult\n|-damage|p1a: Dragapult|40\/100\n|-enditem|p1a: Dragapult|Choice Band|[from] move: Knock Off|[of] p2b: Slaking\n|move|p1a: Dragapult|Outrage|p2a: Weezing\n|-damage|p2a: Weezing|13\/100\n|move|p1b: Sneasler|Close Combat|p2b: Slaking\n|-immune|p2b: Slaking\n|move|p2a: Weezing|Toxic Spikes|p1b: Sneasler\n|-sidestart|p1: HitMonLeeVGC|move: Toxic Spikes\n|\n|upkeep\n|turn|2\n|\n|t:|1727411560\n|move|p2a: Weezing|Protect|p2a: Weezing\n|-singleturn|p2a: Weezing|Protect\n|move|p2b: Slaking|Knock Off|p1a: Dragapult\n|-damage|p1a: Dragapult|0 fnt\n|faint|p1a: Dragapult\n|move|p1b: Sneasler|Dire Claw|p2a: Weezing\n|-activate|p2a: Weezing|move: Protect\n|\n|upkeep\n|\n|t:|1727411564\n|switch|p1a: Primarina|Primarina, L50, M, shiny|100\/100\n|-status|p1a: Primarina|psn\n|turn|3\n|\n|t:|1727411579\n|move|p2b: Slaking|Knock Off|p1a: Primarina\n|-resisted|p1a: Primarina\n|-damage|p1a: Primarina|75\/100 psn\n|-enditem|p1a: Primarina|Sitrus Berry|[from] move: Knock Off|[of] p2b: Slaking\n|move|p1b: Sneasler|Dire Claw|p2a: Weezing\n|-resisted|p2a: Weezing\n|-damage|p2a: Weezing|0 fnt\n|faint|p2a: Weezing\n|-end|p2a: Weezing|ability: Neutralizing Gas\n|move|p1a: Primarina|Moonblast|p2b: Slaking\n|-damage|p2b: Slaking|50\/100\n|\n|-damage|p1a: Primarina|63\/100 psn|[from] psn\n|upkeep\n|\n|t:|1727411593\n|switch|p2a: Dondozo|Dondozo, L50, F|100\/100\n|turn|4\n|\n|t:|1727411610\n|cant|p2b: Slaking|ability: Truant\n|move|p1b: Sneasler|Dire Claw|p2a: Dondozo\n|-damage|p2a: Dondozo|75\/100\n|-status|p2a: Dondozo|psn|[from] ability: Poison Touch|[of] p1b: Sneasler\n|move|p1a: Primarina|Haze|p1a: Primarina\n|-clearallboost\n|move|p2a: Dondozo|Wave Crash|p1a: Primarina\n|-resisted|p1a: Primarina\n|-damage|p1a: Primarina|40\/100 psn\n|-damage|p2a: Dondozo|69\/100 psn|[from] Recoil\n|\n|-heal|p2a: Dondozo|75\/100 psn|[from] item: Leftovers\n|-damage|p1a: Primarina|28\/100 psn|[from] psn\n|-damage|p2a: Dondozo|63\/100 psn|[from] psn\n|upkeep\n|turn|5\n|\n|t:|1727411629\n|switch|p1b: Rillaboom|Rillaboom, L50, M|100\/100\n|-status|p1b: Rillaboom|psn\n|-fieldstart|move: Grassy Terrain|[from] ability: Grassy Surge|[of] p1b: Rillaboom\n|move|p1a: Primarina|Protect|p1a: Primarina\n|-singleturn|p1a: Primarina|Protect\n|move|p2a: Dondozo|Protect|p2a: Dondozo\n|-singleturn|p2a: Dondozo|Protect\n|move|p2b: Slaking|Knock Off|p1a: Primarina\n|-activate|p1a: Primarina|move: Protect\n|\n|-heal|p2b: Slaking|56\/100|[from] Grassy Terrain\n|-heal|p1a: Primarina|34\/100 psn|[from] Grassy Terrain\n|-heal|p2a: Dondozo|69\/100 psn|[from] Grassy Terrain\n|-heal|p2a: Dondozo|75\/100 psn|[from] item: Leftovers\n|-damage|p1b: Rillaboom|88\/100 psn|[from] psn\n|-damage|p1a: Primarina|21\/100 psn|[from] psn\n|-damage|p2a: Dondozo|63\/100 psn|[from] psn\n|upkeep\n|turn|6\n|\n|t:|1727411653\n|switch|p2b: Tatsugiri|Tatsugiri, L50, F|100\/100\n|-activate|p2b: Tatsugiri|ability: Commander|[of] p2a: Dondozo\n|-boost|p2a: Dondozo|atk|2\n|-boost|p2a: Dondozo|spa|2\n|-boost|p2a: Dondozo|spe|2\n|-boost|p2a: Dondozo|def|2\n|-boost|p2a: Dondozo|spd|2\n|move|p1b: Rillaboom|Fake Out|p2a: Dondozo\n|-damage|p2a: Dondozo|58\/100 psn\n|cant|p2a: Dondozo|flinch\n|move|p1a: Primarina|Moonblast|p2b: Tatsugiri|[miss]\n|-miss|p1a: Primarina|p2b: Tatsugiri\n|\n|-heal|p2a: Dondozo|64\/100 psn|[from] Grassy Terrain\n|-heal|p2a: Dondozo|70\/100 psn|[from] item: Leftovers\n|-heal|p1b: Rillaboom|94\/100 psn|[from] Grassy Terrain\n|-heal|p1a: Primarina|27\/100 psn|[from] Grassy Terrain\n|-damage|p2a: Dondozo|58\/100 psn|[from] psn\n|-damage|p1b: Rillaboom|82\/100 psn|[from] psn\n|-damage|p1a: Primarina|15\/100 psn|[from] psn\n|upkeep\n|turn|7\n|\n|t:|1727411675\n|move|p1a: Primarina|Protect|p1a: Primarina\n|-singleturn|p1a: Primarina|Protect\n|move|p2a: Dondozo|Wave Crash|p1a: Primarina\n|-activate|p1a: Primarina|move: Protect\n|move|p1b: Rillaboom|U-turn|p2a: Dondozo\n|-damage|p2a: Dondozo|51\/100 psn\n|\n|t:|1727411684\n|switch|p1b: Sneasler|Sneasler, L50, M, shiny|100\/100|[from] U-turn\n|-sideend|p1: HitMonLeeVGC|move: Toxic Spikes|[of] p1b: Sneasler\n|\n|-heal|p2a: Dondozo|57\/100 psn|[from] Grassy Terrain\n|-heal|p2a: Dondozo|63\/100 psn|[from] item: Leftovers\n|-heal|p1a: Primarina|21\/100 psn|[from] Grassy Terrain\n|-damage|p2a: Dondozo|51\/100 psn|[from] psn\n|-damage|p1a: Primarina|8\/100 psn|[from] psn\n|upkeep\n|turn|8\n|\n|t:|1727411702\n|move|p1b: Sneasler|Fake Out|p2a: Dondozo\n|-damage|p2a: Dondozo|46\/100 psn\n|cant|p2a: Dondozo|flinch\n|move|p1a: Primarina|Haze|p1a: Primarina\n|-clearallboost\n|\n|-heal|p1a: Primarina|14\/100 psn|[from] Grassy Terrain\n|-heal|p2a: Dondozo|52\/100 psn|[from] Grassy Terrain\n|-heal|p2a: Dondozo|58\/100 psn|[from] item: Leftovers\n|-damage|p1a: Primarina|2\/100 psn|[from] psn\n|-damage|p2a: Dondozo|46\/100 psn|[from] psn\n|upkeep\n|turn|9\n|\n|t:|1727411716\n|move|p2a: Dondozo|Protect|p2a: Dondozo\n|-singleturn|p2a: Dondozo|Protect\n|move|p1b: Sneasler|Close Combat|p2a: Dondozo\n|-activate|p2a: Dondozo|move: Protect\n|move|p1a: Primarina|Moonblast|p2a: Dondozo\n|-activate|p2a: Dondozo|move: Protect\n|\n|-heal|p1a: Primarina|8\/100 psn|[from] Grassy Terrain\n|-heal|p2a: Dondozo|52\/100 psn|[from] Grassy Terrain\n|-heal|p2a: Dondozo|58\/100 psn|[from] item: Leftovers\n|-damage|p1a: Primarina|0 fnt|[from] psn\n|faint|p1a: Primarina\n|-damage|p2a: Dondozo|46\/100 psn|[from] psn\n|-fieldend|move: Grassy Terrain\n|upkeep\n|\n|t:|1727411718\n|switch|p1a: Rillaboom|Rillaboom, L50, M|82\/100 psn\n|-fieldstart|move: Grassy Terrain|[from] ability: Grassy Surge|[of] p1a: Rillaboom\n|turn|10\n|\n|t:|1727411738\n|move|p1b: Sneasler|Close Combat|p2a: Dondozo\n|-damage|p2a: Dondozo|9\/100 psn\n|-unboost|p1b: Sneasler|def|1\n|-unboost|p1b: Sneasler|spd|1\n|move|p1a: Rillaboom|Wood Hammer|p2a: Dondozo\n|-supereffective|p2a: Dondozo\n|-damage|p2a: Dondozo|0 fnt\n|faint|p2a: Dondozo\n|-damage|p1a: Rillaboom|79\/100 psn|[from] Recoil\n|\n|-heal|p1a: Rillaboom|85\/100 psn|[from] Grassy Terrain\n|-damage|p1a: Rillaboom|72\/100 psn|[from] psn\n|upkeep\n|\n|t:|1727411753\n|switch|p2a: Slaking|Slaking, L50, M, tera:Ghost|56\/100\n|turn|11\n|\n|t:|1727411775\n|move|p1a: Rillaboom|Grassy Glide|p2b: Tatsugiri\n|-damage|p2b: Tatsugiri|48\/100\n|move|p2a: Slaking|Ice Punch|p1a: Rillaboom\n|-supereffective|p1a: Rillaboom\n|-damage|p1a: Rillaboom|8\/100 psn\n|move|p1b: Sneasler|Close Combat|p2b: Tatsugiri\n|-damage|p2b: Tatsugiri|0 fnt\n|-unboost|p1b: Sneasler|def|1\n|-unboost|p1b: Sneasler|spd|1\n|faint|p2b: Tatsugiri\n|\n|-heal|p2a: Slaking|63\/100|[from] Grassy Terrain\n|-heal|p1a: Rillaboom|14\/100 psn|[from] Grassy Terrain\n|-damage|p1a: Rillaboom|1\/100 psn|[from] psn\n|upkeep\n|turn|12\n|-message|rebirthruby forfeited.\n|\n|win|HitMonLeeVGC\n|raw|HitMonLeeVGC's rating: 1707 &rarr; <strong>1727<\/strong><br \/>(+20 for winning)\n|raw|rebirthruby's rating: 1708 &rarr; <strong>1688<\/strong><br \/>(-20 for losing)\n|l|\u2606rebirthruby\n|player|p2|\n|l| mr pogostick\n|raw|<div class=\"broadcast-red\"><b>The server is restarting soon.<\/b><br \/>Please finish your battles quickly. No new battles can be started until the server resets in a few minutes.<\/div>\n","uploadtime":1727411819,"views":41,"formatid":"gen9vgc2024regh","rating":1688,"private":0,"password":null}