{"id":"gen9vgc2024regh-2210558271","format":"[Gen 9] VGC 2024 Reg H","players":["Betsie","grafaiaionnaperc"],"log":"|j|\u2606Betsie\n|j|\u2606grafaiaionnaperc\n|t:|1727401022\n|gametype|doubles\n|player|p1|Betsie|grimsley-masters|1709\n|player|p2|grafaiaionnaperc|magmasuit|1730\n|teamsize|p1|6\n|teamsize|p2|6\n|gen|9\n|tier|[Gen 9] VGC 2024 Reg H\n|rated|\n|rule|Species Clause: Limit one of each Pok\u00e9mon\n|rule|Item Clause: Limit 1 of each item\n|clearpoke\n|poke|p1|Rillaboom, L50, F|\n|poke|p1|Pelipper, L50, F|\n|poke|p1|Farigiraf, L50, M|\n|poke|p1|Primarina, L50, M|\n|poke|p1|Ursaluna, L50, M|\n|poke|p1|Amoonguss, L50, F|\n|poke|p2|Sneasler, L50, M|\n|poke|p2|Indeedee, L50, M|\n|poke|p2|Murkrow, L50, M|\n|poke|p2|Decidueye-Hisui, L50, F|\n|poke|p2|Dragapult, L50, F|\n|poke|p2|Delphox, L50, F|\n|teampreview|4\n|inactive|Battle timer is ON: inactive players will automatically lose when time's up. (requested by grafaiaionnaperc)\n|inactive|Betsie also wants the timer to be on.\n|inactive|Betsie has 60 seconds left.\n|inactive|grafaiaionnaperc has 60 seconds left.\n|\n|t:|1727401071\n|start\n|switch|p1a: Rillaboom|Rillaboom, L50, F|100\/100\n|switch|p1b: Farigiraf|Farigiraf, L50, M|100\/100\n|switch|p2a: Indeedee|Indeedee, L50, M, shiny|100\/100\n|switch|p2b: Sneasler|Sneasler, L50, M, shiny|100\/100\n|-fieldstart|move: Psychic Terrain|[from] ability: Psychic Surge|[of] p2a: Indeedee\n|-enditem|p2b: Sneasler|Psychic Seed\n|-boost|p2b: Sneasler|spd|1|[from] item: Psychic Seed\n|-fieldstart|move: Grassy Terrain|[from] ability: Grassy Surge|[of] p1a: Rillaboom\n|turn|1\n|inactive|grafaiaionnaperc has 30 seconds left.\n|\n|t:|1727401098\n|-terastallize|p2b: Sneasler|Dark\n|move|p1a: Rillaboom|Fake Out|p2a: Indeedee\n|-damage|p2a: Indeedee|67\/100\n|move|p2b: Sneasler|Throat Chop|p1b: Farigiraf\n|-supereffective|p1b: Farigiraf\n|-damage|p1b: Farigiraf|26\/100\n|-start|p1b: Farigiraf|Throat Chop|[silent]\n|-enditem|p1b: Farigiraf|Sitrus Berry|[eat]\n|-heal|p1b: Farigiraf|51\/100|[from] item: Sitrus Berry\n|cant|p2a: Indeedee|flinch\n|move|p1b: Farigiraf|Trick Room|p1b: Farigiraf\n|-fieldstart|move: Trick Room|[of] p1b: Farigiraf\n|\n|-heal|p1b: Farigiraf|57\/100|[from] Grassy Terrain\n|-heal|p2a: Indeedee|73\/100|[from] Grassy Terrain\n|upkeep\n|turn|2\n|inactive|Betsie has 30 seconds left.\n|inactive|grafaiaionnaperc has 30 seconds left.\n|\n|t:|1727401135\n|switch|p2a: DR. CRITS|Decidueye-Hisui, L50, F|100\/100\n|move|p1b: Farigiraf|Psychic|p2a: DR. CRITS\n|-supereffective|p2a: DR. CRITS\n|-damage|p2a: DR. CRITS|26\/100\n|-unboost|p2a: DR. CRITS|spd|1\n|move|p1a: Rillaboom|U-turn|p2a: DR. CRITS\n|-damage|p2a: DR. CRITS|0 fnt\n|faint|p2a: DR. CRITS\n|\n|t:|1727401144\n|switch|p1a: Pelipper|Pelipper, L50, F|100\/100|[from] U-turn\n|-weather|RainDance|[from] ability: Drizzle|[of] p1a: Pelipper\n|move|p2b: Sneasler|Dire Claw|p1a: Pelipper\n|-damage|p1a: Pelipper|40\/100\n|-status|p1a: Pelipper|slp\n|\n|-weather|RainDance|[upkeep]\n|-heal|p1b: Farigiraf|63\/100|[from] Grassy Terrain\n|-end|p1b: Farigiraf|Throat Chop|[silent]\n|upkeep\n|j| zAaronz\n|\n|t:|1727401149\n|switch|p2a: Indeedee|Indeedee, L50, M, shiny|73\/100\n|-fieldstart|move: Psychic Terrain|[from] ability: Psychic Surge|[of] p2a: Indeedee\n|turn|3\n|j| FBIAltMan\n|\n|t:|1727401159\n|switch|p1a: Rillaboom|Rillaboom, L50, F|100\/100\n|-fieldstart|move: Grassy Terrain|[from] ability: Grassy Surge|[of] p1a: Rillaboom\n|move|p1b: Farigiraf|Protect|p1b: Farigiraf\n|-singleturn|p1b: Farigiraf|Protect\n|move|p2b: Sneasler|Throat Chop|p1b: Farigiraf\n|-activate|p1b: Farigiraf|move: Protect\n|move|p2a: Indeedee|Trick Room|p2a: Indeedee\n|-fieldend|move: Trick Room\n|\n|-weather|RainDance|[upkeep]\n|-heal|p2a: Indeedee|79\/100|[from] Grassy Terrain\n|-heal|p1b: Farigiraf|70\/100|[from] Grassy Terrain\n|upkeep\n|turn|4\n|\n|t:|1727401175\n|-terastallize|p1b: Farigiraf|Grass\n|move|p1a: Rillaboom|Fake Out|p2a: Indeedee\n|-damage|p2a: Indeedee|45\/100\n|move|p2b: Sneasler|Throat Chop|p1b: Farigiraf\n|-damage|p1b: Farigiraf|31\/100\n|-start|p1b: Farigiraf|Throat Chop|[silent]\n|cant|p2a: Indeedee|flinch\n|move|p1b: Farigiraf|Trick Room|p1b: Farigiraf\n|-fieldstart|move: Trick Room|[of] p1b: Farigiraf\n|\n|-weather|RainDance|[upkeep]\n|-heal|p1b: Farigiraf|37\/100|[from] Grassy Terrain\n|-heal|p2a: Indeedee|51\/100|[from] Grassy Terrain\n|upkeep\n|turn|5\n|inactive|grafaiaionnaperc has 30 seconds left.\n|\n|t:|1727401203\n|move|p1b: Farigiraf|Psychic|p2a: Indeedee\n|-resisted|p2a: Indeedee\n|-damage|p2a: Indeedee|26\/100\n|move|p1a: Rillaboom|Wood Hammer|p2a: Indeedee\n|-damage|p2a: Indeedee|0 fnt\n|faint|p2a: Indeedee\n|-damage|p1a: Rillaboom|95\/100|[from] Recoil\n|move|p2b: Sneasler|Dire Claw|p1a: Rillaboom\n|-supereffective|p1a: Rillaboom\n|-damage|p1a: Rillaboom|2\/100\n|\n|-weather|RainDance|[upkeep]\n|-heal|p1b: Farigiraf|43\/100|[from] Grassy Terrain\n|-heal|p1a: Rillaboom|8\/100|[from] Grassy Terrain\n|-end|p1b: Farigiraf|Throat Chop|[silent]\n|upkeep\n|\n|t:|1727401209\n|switch|p2a: Dragapult|Dragapult, L50, F|100\/100\n|turn|6\n|\n|t:|1727401223\n|move|p1b: Farigiraf|Psychic|p2a: Dragapult\n|-damage|p2a: Dragapult|51\/100\n|move|p1a: Rillaboom|Wood Hammer|p2b: Sneasler\n|-damage|p2b: Sneasler|0 fnt\n|faint|p2b: Sneasler\n|-damage|p1a: Rillaboom|0 fnt|[from] Recoil\n|faint|p1a: Rillaboom\n|move|p2a: Dragapult|Dragon Darts|p1b: Farigiraf\n|-damage|p1b: Farigiraf|10\/100\n|-anim|p2a: Dragapult|Dragon Darts|p1b: Farigiraf\n|-damage|p1b: Farigiraf|0 fnt\n|faint|p1b: Farigiraf\n|\n|-weather|none\n|-heal|p2a: Dragapult|57\/100|[from] Grassy Terrain\n|upkeep\n|\n|t:|1727401230\n|switch|p1b: Pelipper|Pelipper, L50, F|40\/100 slp\n|switch|p1a: Primarina|Primarina, L50, M|100\/100\n|-weather|RainDance|[from] ability: Drizzle|[of] p1b: Pelipper\n|turn|7\n|\n|t:|1727401247\n|move|p1a: Primarina|Moonblast|p2a: Dragapult\n|-supereffective|p2a: Dragapult\n|-damage|p2a: Dragapult|0 fnt\n|faint|p2a: Dragapult\n|\n|win|Betsie\n|raw|Betsie's rating: 1709 &rarr; <strong>1730<\/strong><br \/>(+21 for winning)\n|raw|grafaiaionnaperc's rating: 1730 &rarr; <strong>1709<\/strong><br \/>(-21 for losing)\n|l|\u2606grafaiaionnaperc\n|player|p2|\n|l|\u2606Betsie\n|player|p1|\n|l| FBIAltMan\n|j| FBIAltMan\n|l| FBIAltMan\n|l| zAaronz\n","uploadtime":1727401468,"views":25,"formatid":"gen9vgc2024regh","rating":1709,"private":0,"password":null}