{"id":"gen9vgc2024regh-2210286099","format":"[Gen 9] VGC 2024 Reg H","players":["xGSx3ntr0py","Jamel1"],"log":"|j|\u2606xGSx3ntr0py\n|j|\u2606Jamel1\n|t:|1727373013\n|gametype|doubles\n|player|p1|xGSx3ntr0py|266|1735\n|player|p2|Jamel1|cyrus|1725\n|teamsize|p1|6\n|teamsize|p2|6\n|gen|9\n|tier|[Gen 9] VGC 2024 Reg H\n|rated|\n|rule|Species Clause: Limit one of each Pok\u00e9mon\n|rule|Item Clause: Limit 1 of each item\n|clearpoke\n|poke|p1|Salamence, L50, F|\n|poke|p1|Amoonguss, L50, M|\n|poke|p1|Tyranitar, L50, F|\n|poke|p1|Garchomp, L50, F|\n|poke|p1|Rillaboom, L50, F|\n|poke|p1|Kingambit, L50, M|\n|poke|p2|Indeedee-F, L50, F|\n|poke|p2|Armarouge, L50, M|\n|poke|p2|Stonjourner, L50, F|\n|poke|p2|Sneasler, L50, F|\n|poke|p2|Stantler, L50, F|\n|poke|p2|Milotic, L50, M|\n|teampreview|4\n|\n|t:|1727373060\n|start\n|switch|p1a: Garchomp|Garchomp, L50, F|100\/100\n|switch|p1b: Kingambit|Kingambit, L50, M|100\/100\n|switch|p2a: Stantler|Stantler, L50, F|100\/100\n|switch|p2b: Milotic|Milotic, L50, M|100\/100\n|-ability|p2a: Stantler|Intimidate|boost\n|-unboost|p1a: Garchomp|atk|1\n|-unboost|p1b: Kingambit|atk|1\n|-ability|p1b: Kingambit|Defiant|boost\n|-boost|p1b: Kingambit|atk|2\n|turn|1\n|\n|t:|1727373094\n|switch|p1a: Rillaboom|Rillaboom, L50, F|100\/100\n|-fieldstart|move: Grassy Terrain|[from] ability: Grassy Surge|[of] p1a: Rillaboom\n|-terastallize|p1b: Kingambit|Flying\n|move|p2a: Stantler|Skill Swap|p1b: Kingambit\n|-activate|p2a: Stantler|move: Skill Swap|Defiant|Intimidate|[of] p1b: Kingambit\n|-ability|p1b: Kingambit|Intimidate|boost\n|-unboost|p2a: Stantler|atk|1\n|-ability|p2a: Stantler|Defiant|boost\n|-boost|p2a: Stantler|atk|2\n|-unboost|p2b: Milotic|atk|1\n|-ability|p2b: Milotic|Competitive|boost\n|-boost|p2b: Milotic|spa|2\n|-enditem|p2b: Milotic|Adrenaline Orb\n|-boost|p2b: Milotic|spe|1|[from] item: Adrenaline Orb\n|move|p2b: Milotic|Coil|p2b: Milotic\n|-boost|p2b: Milotic|atk|1\n|-boost|p2b: Milotic|def|1\n|-boost|p2b: Milotic|accuracy|1\n|move|p1b: Kingambit|Tera Blast|p2a: Stantler|[anim] Tera Blast Flying\n|-damage|p2a: Stantler|38\/100\n|\n|-heal|p2a: Stantler|44\/100|[from] Grassy Terrain\n|upkeep\n|turn|2\n|j| Meditate Golisopod\n|\n|t:|1727373123\n|switch|p2a: Indeedee|Indeedee-F, L50, F|100\/100\n|-fieldstart|move: Psychic Terrain|[from] ability: Psychic Surge|[of] p2a: Indeedee\n|-terastallize|p2b: Milotic|Grass\n|move|p2b: Milotic|Blizzard|p1a: Rillaboom|[spread] p1a,p1b\n|-supereffective|p1a: Rillaboom\n|-supereffective|p1b: Kingambit\n|-damage|p1a: Rillaboom|30\/100\n|-damage|p1b: Kingambit|15\/100\n|move|p1a: Rillaboom|Grassy Glide|p2b: Milotic\n|-resisted|p2b: Milotic\n|-damage|p2b: Milotic|87\/100\n|move|p1b: Kingambit|Tera Blast|p2b: Milotic|[anim] Tera Blast Flying\n|-supereffective|p2b: Milotic\n|-damage|p2b: Milotic|0 fnt\n|faint|p2b: Milotic\n|\n|upkeep\n|\n|t:|1727373141\n|switch|p2b: Armarouge|Armarouge, L50, M|100\/100\n|turn|3\n|\n|t:|1727373159\n|switch|p1a: Tyranitar|Tyranitar, L50, F|100\/100\n|-weather|Sandstorm|[from] ability: Sand Stream|[of] p1a: Tyranitar\n|switch|p2a: Stantler|Stantler, L50, F|44\/100\n|-ability|p2a: Stantler|Intimidate|boost\n|-unboost|p1a: Tyranitar|atk|1\n|-unboost|p1b: Kingambit|atk|1\n|move|p2b: Armarouge|Expanding Force|p1b: Kingambit|[spread] p1b\n|-immune|p1a: Tyranitar\n|-damage|p1b: Kingambit|0 fnt\n|faint|p1b: Kingambit\n|\n|-weather|Sandstorm|[upkeep]\n|-damage|p2a: Stantler|38\/100|[from] Sandstorm\n|-damage|p2b: Armarouge|94\/100|[from] Sandstorm\n|upkeep\n|\n|t:|1727373175\n|switch|p1b: Garchomp|Garchomp, L50, F|100\/100\n|turn|4\n|\n|t:|1727373195\n|move|p1a: Tyranitar|Knock Off|p2b: Armarouge\n|-supereffective|p2b: Armarouge\n|-damage|p2b: Armarouge|22\/100\n|-ability|p2b: Armarouge|Weak Armor|boost\n|-unboost|p2b: Armarouge|def|1\n|-boost|p2b: Armarouge|spe|2\n|-enditem|p2b: Armarouge|Weakness Policy\n|-boost|p2b: Armarouge|atk|2|[from] item: Weakness Policy\n|-boost|p2b: Armarouge|spa|2|[from] item: Weakness Policy\n|move|p2b: Armarouge|Aura Sphere|p1a: Tyranitar\n|-supereffective|p1a: Tyranitar\n|-damage|p1a: Tyranitar|0 fnt\n|faint|p1a: Tyranitar\n|move|p1b: Garchomp|Substitute|p1b: Garchomp\n|-start|p1b: Garchomp|Substitute\n|-damage|p1b: Garchomp|76\/100\n|move|p2a: Stantler|Psych Up|p2b: Armarouge\n|-copyboost|p2a: Stantler|p2b: Armarouge|[from] move: Psych Up\n|\n|-weather|Sandstorm|[upkeep]\n|-damage|p2a: Stantler|32\/100|[from] Sandstorm\n|-damage|p2b: Armarouge|15\/100|[from] Sandstorm\n|-heal|p1b: Garchomp|82\/100|[from] item: Leftovers\n|upkeep\n|\n|t:|1727373205\n|switch|p1a: Rillaboom|Rillaboom, L50, F|30\/100\n|-fieldstart|move: Grassy Terrain|[from] ability: Grassy Surge|[of] p1a: Rillaboom\n|turn|5\n|\n|t:|1727373232\n|switch|p2a: Indeedee|Indeedee-F, L50, F|100\/100\n|-fieldstart|move: Psychic Terrain|[from] ability: Psychic Surge|[of] p2a: Indeedee\n|move|p2b: Armarouge|Expanding Force|p1b: Garchomp|[spread] p1a,p1b\n|-end|p1b: Garchomp|Substitute\n|-damage|p1a: Rillaboom|0 fnt\n|faint|p1a: Rillaboom\n|move|p1b: Garchomp|Dragon Claw|p2b: Armarouge\n|-damage|p2b: Armarouge|0 fnt\n|faint|p2b: Armarouge\n|\n|-weather|Sandstorm|[upkeep]\n|-damage|p2a: Indeedee|94\/100|[from] Sandstorm\n|-heal|p1b: Garchomp|88\/100|[from] item: Leftovers\n|upkeep\n|\n|t:|1727373240\n|switch|p2b: Stantler|Stantler, L50, F|32\/100\n|-ability|p2b: Stantler|Intimidate|boost\n|-unboost|p1b: Garchomp|atk|1\n|turn|6\n|\n|t:|1727373246\n|move|p1b: Garchomp|Earthquake|p2b: Stantler|[spread] p2a,p2b\n|-damage|p2a: Indeedee|68\/100\n|-damage|p2b: Stantler|7\/100\n|move|p2b: Stantler|Uproar|p1b: Garchomp|[miss]\n|-miss|p2b: Stantler|p1b: Garchomp\n|move|p2a: Indeedee|Psychic|p1b: Garchomp\n|-damage|p1b: Garchomp|40\/100\n|\n|-weather|Sandstorm|[upkeep]\n|-damage|p2b: Stantler|1\/100|[from] Sandstorm\n|-damage|p2a: Indeedee|62\/100|[from] Sandstorm\n|-heal|p1b: Garchomp|46\/100|[from] item: Leftovers\n|upkeep\n|turn|7\n|j| Rabbithorn05\n|\n|t:|1727373259\n|move|p1b: Garchomp|Protect|p1b: Garchomp\n|-singleturn|p1b: Garchomp|Protect\n|move|p2b: Stantler|Uproar|p1b: Garchomp\n|-activate|p1b: Garchomp|move: Protect\n|move|p2a: Indeedee|Psychic|p1b: Garchomp\n|-activate|p1b: Garchomp|move: Protect\n|\n|-weather|none\n|-heal|p1b: Garchomp|52\/100|[from] item: Leftovers\n|upkeep\n|turn|8\n|\n|t:|1727373268\n|move|p1b: Garchomp|Earthquake|p2b: Stantler|[spread] p2a,p2b\n|-damage|p2a: Indeedee|31\/100\n|-damage|p2b: Stantler|0 fnt\n|faint|p2b: Stantler\n|move|p2a: Indeedee|Psychic|p1b: Garchomp\n|-damage|p1b: Garchomp|3\/100\n|\n|-heal|p1b: Garchomp|9\/100|[from] item: Leftovers\n|upkeep\n|turn|9\n|\n|t:|1727373278\n|move|p1b: Garchomp|Protect|p1b: Garchomp\n|-singleturn|p1b: Garchomp|Protect\n|move|p2a: Indeedee|Psychic|p1b: Garchomp\n|-activate|p1b: Garchomp|move: Protect\n|\n|-heal|p1b: Garchomp|15\/100|[from] item: Leftovers\n|upkeep\n|turn|10\n|\n|t:|1727373283\n|move|p1b: Garchomp|Earthquake|p2a: Indeedee\n|-damage|p2a: Indeedee|0 fnt\n|faint|p2a: Indeedee\n|\n|win|xGSx3ntr0py\n|raw|xGSx3ntr0py's rating: 1735 &rarr; <strong>1754<\/strong><br \/>(+19 for winning)\n|raw|Jamel1's rating: 1725 &rarr; <strong>1706<\/strong><br \/>(-19 for losing)\n|l|\u2606Jamel1\n|player|p2|\n|l| Meditate Golisopod\n|l|\u2606xGSx3ntr0py\n|player|p1|\n","uploadtime":1727373393,"views":26,"formatid":"gen9vgc2024regh","rating":1706,"private":0,"password":null}