{"id":"gen9vgc2024regh-2210551239","format":"[Gen 9] VGC 2024 Reg H","players":["Phononmode","Betsie"],"log":"|j|\u2606Phononmode\n|j|\u2606Betsie\n|t:|1727400168\n|gametype|doubles\n|player|p1|Phononmode|101|1749\n|player|p2|Betsie|grimsley-masters|1727\n|teamsize|p1|6\n|teamsize|p2|6\n|gen|9\n|tier|[Gen 9] VGC 2024 Reg H\n|rated|\n|rule|Species Clause: Limit one of each Pok\u00e9mon\n|rule|Item Clause: Limit 1 of each item\n|clearpoke\n|poke|p1|Pawmot, L50, M|\n|poke|p1|Dondozo, L50, F|\n|poke|p1|Tatsugiri, L50, F|\n|poke|p1|Dragapult, L50, F|\n|poke|p1|Weezing, L50, M|\n|poke|p1|Incineroar, L50, F|\n|poke|p2|Rillaboom, L50, M|\n|poke|p2|Pelipper, L50, M|\n|poke|p2|Farigiraf, L50, M|\n|poke|p2|Primarina, L50, F|\n|poke|p2|Ursaluna, L50, M|\n|poke|p2|Amoonguss, L50, F|\n|teampreview|4\n|inactive|Battle timer is ON: inactive players will automatically lose when time's up. (requested by Betsie)\nPhononmode has agreed to open team sheets.\n|inactive|Betsie has 60 seconds left.\n|\n|t:|1727400199\n|start\n|switch|p1a: will-o-miss|Weezing, L50, M|100\/100\n|switch|p1b: Incineroar|Incineroar, L50, F|100\/100\n|switch|p2a: Ursaluna|Ursaluna, L50, M|100\/100\n|switch|p2b: Farigiraf|Farigiraf, L50, M|100\/100\n|-ability|p1a: will-o-miss|Neutralizing Gas\n|-block|p1b: Incineroar|item: Ability Shield\n|-ability|p1b: Incineroar|Intimidate|boost\n|-unboost|p2a: Ursaluna|atk|1\n|-unboost|p2b: Farigiraf|atk|1\n|turn|1\n|\n|t:|1727400214\n|move|p2b: Farigiraf|Protect|p2b: Farigiraf\n|-singleturn|p2b: Farigiraf|Protect\n|move|p1b: Incineroar|Fake Out|p2b: Farigiraf\n|-activate|p2b: Farigiraf|move: Protect\n|move|p1a: will-o-miss|Taunt|p2b: Farigiraf\n|-activate|p2b: Farigiraf|move: Protect\n|move|p2a: Ursaluna|Headlong Rush|p1a: will-o-miss\n|-supereffective|p1a: will-o-miss\n|-damage|p1a: will-o-miss|13\/100\n|-unboost|p2a: Ursaluna|def|1\n|-unboost|p2a: Ursaluna|spd|1\n|-enditem|p1a: will-o-miss|Sitrus Berry|[eat]\n|-heal|p1a: will-o-miss|38\/100|[from] item: Sitrus Berry\n|\n|-status|p2a: Ursaluna|brn|[from] item: Flame Orb\n|upkeep\n|turn|2\n|inactive|Betsie has 30 seconds left.\n|\n|t:|1727400243\n|switch|p2b: Rillaboom|Rillaboom, L50, M|100\/100\n|move|p1b: Incineroar|Knock Off|p2b: Rillaboom\n|-damage|p2b: Rillaboom|49\/100\n|-enditem|p2b: Rillaboom|Assault Vest|[from] move: Knock Off|[of] p1b: Incineroar\n|move|p1a: will-o-miss|Sludge Bomb|p2b: Rillaboom\n|-supereffective|p2b: Rillaboom\n|-damage|p2b: Rillaboom|0 fnt\n|faint|p2b: Rillaboom\n|move|p2a: Ursaluna|Earthquake|p1b: Incineroar|[spread] p1a,p1b\n|-supereffective|p1a: will-o-miss\n|-supereffective|p1b: Incineroar\n|-damage|p1a: will-o-miss|12\/100\n|-damage|p1b: Incineroar|68\/100\n|\n|-damage|p2a: Ursaluna|95\/100 brn|[from] brn\n|upkeep\n|\n|t:|1727400253\n|switch|p2b: Farigiraf|Farigiraf, L50, M|100\/100\n|turn|3\n|\n|t:|1727400271\n|switch|p2a: Primarina|Primarina, L50, F|100\/100\n|move|p1a: will-o-miss|Protect|p1a: will-o-miss\n|-singleturn|p1a: will-o-miss|Protect\n|move|p1b: Incineroar|Knock Off|p2b: Farigiraf\n|-supereffective|p2b: Farigiraf\n|-damage|p2b: Farigiraf|15\/100\n|-enditem|p2b: Farigiraf|Sitrus Berry|[from] move: Knock Off|[of] p1b: Incineroar\n|move|p2b: Farigiraf|Trick Room|p2b: Farigiraf\n|-fieldstart|move: Trick Room|[of] p2b: Farigiraf\n|\n|upkeep\n|turn|4\n|inactive|Phononmode has 30 seconds left.\n|\n|t:|1727400303\n|-end|p1a: will-o-miss|ability: Neutralizing Gas\n|switch|p1a: Dragapult|Dragapult, L50, F|100\/100\n|move|p2b: Farigiraf|Hyper Voice|p1b: Incineroar|[spread] p1b\n|-immune|p1a: Dragapult\n|-damage|p1b: Incineroar|40\/100\n|move|p2a: Primarina|Hyper Voice|p1a: Dragapult|[spread] p1a,p1b\n|-resisted|p1a: Dragapult\n|-supereffective|p1b: Incineroar\n|-damage|p1a: Dragapult|74\/100\n|-damage|p1b: Incineroar|0 fnt\n|faint|p1b: Incineroar\n|-enditem|p2a: Primarina|Throat Spray\n|-boost|p2a: Primarina|spa|1|[from] item: Throat Spray\n|\n|upkeep\n|\n|t:|1727400316\n|switch|p1b: Pawmot|Pawmot, L50, M|100\/100\n|turn|5\n|\n|t:|1727400330\n|switch|p1a: will-o-miss|Weezing, L50, M|12\/100\n|-ability|p1a: will-o-miss|Neutralizing Gas\n|move|p1b: Pawmot|Fake Out|p2b: Farigiraf\n|-crit|p2b: Farigiraf\n|-damage|p2b: Farigiraf|0 fnt\n|faint|p2b: Farigiraf\n|move|p2a: Primarina|Hyper Voice|p1a: will-o-miss|[spread] p1a,p1b\n|-damage|p1a: will-o-miss|0 fnt\n|-damage|p1b: Pawmot|37\/100\n|faint|p1a: will-o-miss\n|-end|p1a: will-o-miss|ability: Neutralizing Gas\n|\n|upkeep\n|\n|t:|1727400339\n|switch|p2b: Ursaluna|Ursaluna, L50, M|95\/100 brn\n|switch|p1a: Dragapult|Dragapult, L50, F|74\/100\n|turn|6\n|\n|t:|1727400350\n|-terastallize|p1a: Dragapult|Dragon\n|move|p2b: Ursaluna|Facade|p1b: Pawmot\n|-damage|p1b: Pawmot|0 fnt\n|faint|p1b: Pawmot\n|move|p2a: Primarina|Moonblast|p1a: Dragapult\n|-supereffective|p1a: Dragapult\n|-damage|p1a: Dragapult|0 fnt\n|faint|p1a: Dragapult\n|\n|win|Betsie\n|raw|Phononmode's rating: 1749 &rarr; <strong>1728<\/strong><br \/>(-21 for losing)\n|raw|Betsie's rating: 1727 &rarr; <strong>1748<\/strong><br \/>(+21 for winning)\n|l|\u2606Phononmode\n|player|p1|\n","uploadtime":1727400495,"views":39,"formatid":"gen9vgc2024regh","rating":1728,"private":0,"password":null}