{"id":"gen9vgc2024regh-2210513135","format":"[Gen 9] VGC 2024 Reg H","players":["actuary97","KLooby"],"log":"|j|\u2606actuary97\n|j|\u2606KLooby\n|t:|1727395621\n|gametype|doubles\n|player|p1|actuary97|sabrina-frlg|1767\n|player|p2|KLooby|brycen|1646\n|teamsize|p1|6\n|teamsize|p2|6\n|gen|9\n|tier|[Gen 9] VGC 2024 Reg H\n|rated|\n|rule|Species Clause: Limit one of each Pok\u00e9mon\n|rule|Item Clause: Limit 1 of each item\n|clearpoke\n|poke|p1|Ninetales, L50, M|\n|poke|p1|Whimsicott, L50, F|\n|poke|p1|Gallade, L50, M|\n|poke|p1|Malamar, L50, F|\n|poke|p1|Indeedee, L50, M|\n|poke|p1|Archaludon, L50, F|\n|poke|p2|Tyranitar, L50, F|\n|poke|p2|Glimmora, L50, M|\n|poke|p2|Garganacl, L50, F|\n|poke|p2|Farigiraf, L50, M|\n|poke|p2|Corviknight, L50, F|\n|poke|p2|Excadrill, L50, F|\n|teampreview|4\n|inactive|Battle timer is ON: inactive players will automatically lose when time's up. (requested by KLooby)\nactuary97 has agreed to open team sheets.\n|c|\u2606actuary97|cool team\n|inactive|actuary97 has 60 seconds left.\n|inactive|KLooby has 60 seconds left.\n|inactive|actuary97 has 30 seconds left.\n|inactive|actuary97 has 20 seconds left.\n|inactive|actuary97 has 15 seconds left.\n|\n|t:|1727395698\n|start\n|switch|p1a: Mischief Mother|Whimsicott, L50, F, shiny|100\/100\n|switch|p1b: Tapu Deedee|Indeedee, L50, M, shiny|100\/100\n|switch|p2a: Glimmora|Glimmora, L50, M|100\/100\n|switch|p2b: Corviknight|Corviknight, L50, F|100\/100\n|-fieldstart|move: Psychic Terrain|[from] ability: Psychic Surge|[of] p1b: Tapu Deedee\n|turn|1\n|c|\u2606KLooby|Thanks!\n|c|\u2606KLooby|Glhf\n|inactive|KLooby has 30 seconds left.\n|inactive|KLooby has 20 seconds left.\n|inactive|KLooby has 15 seconds left.\n|inactive|KLooby has 10 seconds left.\n|\n|t:|1727395744\n|move|p1a: Mischief Mother|Tailwind|p1a: Mischief Mother\n|-sidestart|p1: actuary97|move: Tailwind\n|move|p1b: Tapu Deedee|Expanding Force|p2b: Corviknight|[spread] p2a,p2b\n|-supereffective|p2a: Glimmora\n|-resisted|p2b: Corviknight\n|-enditem|p2a: Glimmora|Focus Sash\n|-damage|p2a: Glimmora|1\/100\n|-damage|p2b: Corviknight|57\/100\n|move|p2a: Glimmora|Sludge Wave|p1a: Mischief Mother|[spread] p1a,p1b\n|-immune|p2b: Corviknight\n|-supereffective|p1a: Mischief Mother\n|-enditem|p1a: Mischief Mother|Focus Sash\n|-damage|p1a: Mischief Mother|1\/100\n|-damage|p1b: Tapu Deedee|47\/100\n|move|p2b: Corviknight|Body Press|p1a: Mischief Mother\n|-resisted|p1a: Mischief Mother\n|-damage|p1a: Mischief Mother|0 fnt\n|faint|p1a: Mischief Mother\n|\n|upkeep\n|\n|t:|1727395750\n|switch|p1a: \u2694\ufe0fKing\u2694\ufe0f|Gallade, L50, M, shiny|100\/100\n|turn|2\n|\n|t:|1727395775\n|move|p2a: Glimmora|Spiky Shield|p2a: Glimmora\n|-singleturn|p2a: Glimmora|move: Protect\n|move|p2b: Corviknight|Protect|p2b: Corviknight\n|-singleturn|p2b: Corviknight|Protect\n|move|p1b: Tapu Deedee|Expanding Force|p2b: Corviknight|[spread] \n|-activate|p2a: Glimmora|move: Protect\n|-activate|p2b: Corviknight|move: Protect\n|move|p1a: \u2694\ufe0fKing\u2694\ufe0f|Sacred Sword|p2b: Corviknight\n|-activate|p2b: Corviknight|move: Protect\n|\n|upkeep\n|turn|3\n|inactive|KLooby has 30 seconds left.\n|\n|t:|1727395806\n|switch|p2a: Tyranitar|Tyranitar, L50, F|100\/100\n|-weather|Sandstorm|[from] ability: Sand Stream|[of] p2a: Tyranitar\n|move|p1b: Tapu Deedee|Expanding Force|p2b: Corviknight|[spread] p2b\n|-immune|p2a: Tyranitar\n|-resisted|p2b: Corviknight\n|-damage|p2b: Corviknight|11\/100\n|move|p1a: \u2694\ufe0fKing\u2694\ufe0f|Sacred Sword|p2a: Tyranitar\n|-supereffective|p2a: Tyranitar\n|-crit|p2a: Tyranitar\n|-damage|p2a: Tyranitar|0 fnt\n|faint|p2a: Tyranitar\n|move|p2b: Corviknight|Tailwind|p2b: Corviknight\n|-sidestart|p2: KLooby|move: Tailwind\n|\n|-weather|Sandstorm|[upkeep]\n|-damage|p1b: Tapu Deedee|41\/100|[from] Sandstorm\n|-damage|p1a: \u2694\ufe0fKing\u2694\ufe0f|95\/100|[from] Sandstorm\n|upkeep\n|\n|t:|1727395823\n|switch|p2a: Excadrill|Excadrill, L50, F|100\/100\n|turn|4\n|inactive|KLooby has 30 seconds left.\n|inactive|actuary97 has 30 seconds left.\n|\n|t:|1727395854\n|-terastallize|p1a: \u2694\ufe0fKing\u2694\ufe0f|Grass\n|move|p2a: Excadrill|Protect|p2a: Excadrill\n|-singleturn|p2a: Excadrill|Protect\n|move|p2b: Corviknight|Protect|p2b: Corviknight\n|-singleturn|p2b: Corviknight|Protect\n|move|p1b: Tapu Deedee|Expanding Force|p2b: Corviknight|[spread] \n|-activate|p2a: Excadrill|move: Protect\n|-activate|p2b: Corviknight|move: Protect\n|move|p1a: \u2694\ufe0fKing\u2694\ufe0f|Sacred Sword|p2a: Excadrill\n|-activate|p2a: Excadrill|move: Protect\n|\n|-weather|Sandstorm|[upkeep]\n|-damage|p1b: Tapu Deedee|35\/100|[from] Sandstorm\n|-damage|p1a: \u2694\ufe0fKing\u2694\ufe0f|89\/100|[from] Sandstorm\n|-sideend|p1: actuary97|move: Tailwind\n|upkeep\n|turn|5\n|\n|t:|1727395878\n|switch|p1b: Bridget|Archaludon, L50, F, shiny|100\/100\n|-terastallize|p2a: Excadrill|Ground\n|move|p1a: \u2694\ufe0fKing\u2694\ufe0f|Protect|p1a: \u2694\ufe0fKing\u2694\ufe0f\n|-singleturn|p1a: \u2694\ufe0fKing\u2694\ufe0f|Protect\n|move|p2a: Excadrill|Earthquake|p1a: \u2694\ufe0fKing\u2694\ufe0f|[spread] p1b\n|-activate|p1a: \u2694\ufe0fKing\u2694\ufe0f|move: Protect\n|-immune|p2b: Corviknight\n|-supereffective|p1b: Bridget\n|-damage|p1b: Bridget|17\/100\n|-ability|p1b: Bridget|Stamina|boost\n|-boost|p1b: Bridget|def|1\n|move|p2b: Corviknight|Brave Bird|p1a: \u2694\ufe0fKing\u2694\ufe0f\n|-activate|p1a: \u2694\ufe0fKing\u2694\ufe0f|move: Protect\n|\n|-weather|Sandstorm|[upkeep]\n|-damage|p1a: \u2694\ufe0fKing\u2694\ufe0f|83\/100|[from] Sandstorm\n|-fieldend|move: Psychic Terrain\n|upkeep\n|turn|6\n|\n|t:|1727395899\n|switch|p1a: Tapu Deedee|Indeedee, L50, M, shiny|35\/100\n|-fieldstart|move: Psychic Terrain|[from] ability: Psychic Surge|[of] p1a: Tapu Deedee\n|move|p2a: Excadrill|Earthquake|p1a: Tapu Deedee|[spread] p1a,p1b\n|-immune|p2b: Corviknight\n|-supereffective|p1b: Bridget\n|-damage|p1a: Tapu Deedee|0 fnt\n|-damage|p1b: Bridget|0 fnt\n|faint|p1a: Tapu Deedee\n|faint|p1b: Bridget\n|move|p2b: Corviknight|Brave Bird|p1: Tapu Deedee|[notarget]\n|-fail|p2b: Corviknight\n|\n|-weather|Sandstorm|[upkeep]\n|-sideend|p2: KLooby|move: Tailwind\n|upkeep\n|\n|t:|1727395903\n|switch|p1b: \u2694\ufe0fKing\u2694\ufe0f|Gallade, L50, M, shiny, tera:Grass|83\/100\n|turn|7\n|\n|t:|1727395915\n|move|p2a: Excadrill|Iron Head|p1b: \u2694\ufe0fKing\u2694\ufe0f\n|-damage|p1b: \u2694\ufe0fKing\u2694\ufe0f|12\/100\n|cant|p1b: \u2694\ufe0fKing\u2694\ufe0f|flinch\n|move|p2b: Corviknight|Brave Bird|p1b: \u2694\ufe0fKing\u2694\ufe0f\n|-supereffective|p1b: \u2694\ufe0fKing\u2694\ufe0f\n|-damage|p1b: \u2694\ufe0fKing\u2694\ufe0f|0 fnt\n|faint|p1b: \u2694\ufe0fKing\u2694\ufe0f\n|-damage|p2b: Corviknight|8\/100|[from] Recoil\n|\n|win|KLooby\n|raw|actuary97's rating: 1767 &rarr; <strong>1740<\/strong><br \/>(-27 for losing)\n|raw|KLooby's rating: 1646 &rarr; <strong>1673<\/strong><br \/>(+27 for winning)\n|c|\u2606actuary97|gg\n|l|\u2606actuary97\n|player|p1|\n|c|\u2606KLooby|GG\n|l|\u2606KLooby\n|player|p2|\n","uploadtime":1727396188,"views":14,"formatid":"gen9vgc2024regh","rating":1673,"private":0,"password":null}