{"id":"gen9vgc2024regh-2211723909","format":"[Gen 9] VGC 2024 Reg H","players":["ren122333","chin8"],"log":"|j|\u2606ren122333\n|j|\u2606chin8\n|t:|1727554209\n|gametype|doubles\n|player|p1|ren122333|hilbert|1674\n|player|p2|chin8|gentleman-gen4dp|1846\n|teamsize|p1|6\n|teamsize|p2|6\n|gen|9\n|tier|[Gen 9] VGC 2024 Reg H\n|rated|\n|rule|Species Clause: Limit one of each Pok\u00e9mon\n|rule|Item Clause: Limit 1 of each item\n|clearpoke\n|poke|p1|Whimsicott, L50, M|\n|poke|p1|Mamoswine, L50, M|\n|poke|p1|Lycanroc-Dusk, L50, M|\n|poke|p1|Typhlosion-Hisui, L50, M|\n|poke|p1|Farigiraf, L50, F|\n|poke|p1|Mienshao, L50, M|\n|poke|p2|Baxcalibur, L50, F|\n|poke|p2|Kilowattrel, L50, M|\n|poke|p2|Haxorus, L50, M|\n|poke|p2|Gardevoir, L50, F|\n|poke|p2|Magmortar, L50, F|\n|poke|p2|Gholdengo, L50|\n|teampreview|4\n|\n|t:|1727554262\n|start\n|switch|p1a: Farigiraf|Farigiraf, L50, F|100\/100\n|switch|p1b: Mienshao|Mienshao, L50, M|100\/100\n|switch|p2a: Gardevoir|Gardevoir, L50, F|100\/100\n|switch|p2b: Baxcalibur|Baxcalibur, L50, F|100\/100\n|turn|1\n|j| mr pogostick\n|\n|t:|1727554282\n|switch|p2b: Gholdengo|Gholdengo, L50|100\/100\n|move|p1b: Mienshao|Wide Guard|p1b: Mienshao\n|-singleturn|p1b: Mienshao|Wide Guard\n|move|p2a: Gardevoir|Dazzling Gleam|p1b: Mienshao|[spread] \n|-activate|p1a: Farigiraf|move: Wide Guard\n|-activate|p1b: Mienshao|move: Wide Guard\n|move|p1a: Farigiraf|Imprison|p1a: Farigiraf\n|-start|p1a: Farigiraf|move: Imprison\n|\n|upkeep\n|turn|2\n|\n|t:|1727554298\n|-terastallize|p1b: Mienshao|Dark\n|move|p1b: Mienshao|Knock Off|p2b: Gholdengo\n|-supereffective|p2b: Gholdengo\n|-damage|p2b: Gholdengo|0 fnt\n|-enditem|p2b: Gholdengo|Leftovers|[from] move: Knock Off|[of] p1b: Mienshao\n|faint|p2b: Gholdengo\n|-damage|p1b: Mienshao|90\/100|[from] item: Life Orb\n|move|p2a: Gardevoir|Dazzling Gleam|p1a: Farigiraf|[spread] p1a,p1b\n|-supereffective|p1b: Mienshao\n|-damage|p1a: Farigiraf|69\/100\n|-damage|p1b: Mienshao|0 fnt\n|faint|p1b: Mienshao\n|move|p1a: Farigiraf|Hyper Voice|p2a: Gardevoir\n|-damage|p2a: Gardevoir|61\/100\n|-enditem|p1a: Farigiraf|Throat Spray\n|-boost|p1a: Farigiraf|spa|1|[from] item: Throat Spray\n|-enditem|p2a: Gardevoir|Mirror Herb\n|-boost|p2a: Gardevoir|spa|1|[from] item: Mirror Herb\n|\n|upkeep\n|\n|t:|1727554313\n|switch|p1b: Mamoswine|Mamoswine, L50, M|100\/100\n|switch|p2b: Baxcalibur|Baxcalibur, L50, F|100\/100\n|turn|3\n|\n|t:|1727554327\n|move|p1b: Mamoswine|High Horsepower|p2a: Gardevoir\n|-damage|p2a: Gardevoir|0 fnt\n|faint|p2a: Gardevoir\n|move|p2b: Baxcalibur|Glaive Rush|p1b: Mamoswine\n|-damage|p1b: Mamoswine|12\/100\n|-singlemove|p2b: Baxcalibur|Glaive Rush|[silent]\n|move|p1a: Farigiraf|Hyper Voice|p2b: Baxcalibur\n|-damage|p2b: Baxcalibur|25\/100\n|\n|upkeep\n|\n|t:|1727554330\n|switch|p2a: Magmortar|Magmortar, L50, F|100\/100\n|turn|4\n|\n|t:|1727554340\n|move|p2a: Magmortar|Protect|p2a: Magmortar\n|-singleturn|p2a: Magmortar|Protect\n|move|p1b: Mamoswine|High Horsepower|p2b: Baxcalibur\n|-damage|p2b: Baxcalibur|0 fnt\n|faint|p2b: Baxcalibur\n|move|p1a: Farigiraf|Hyper Voice|p2a: Magmortar\n|-activate|p2a: Magmortar|move: Protect\n|\n|upkeep\n|turn|5\n|-message|chin8 forfeited.\n|\n|win|ren122333\n|raw|ren122333's rating: 1674 &rarr; <strong>1703<\/strong><br \/>(+29 for winning)\n|raw|chin8's rating: 1846 &rarr; <strong>1817<\/strong><br \/>(-29 for losing)\n|l|\u2606chin8\n|player|p2|\n|l|\u2606ren122333\n|player|p1|\n","uploadtime":1727554610,"views":19,"formatid":"gen9vgc2024regh","rating":1703,"private":0,"password":null}