{"id":"gen9vgc2024regh-2211699313","format":"[Gen 9] VGC 2024 Reg H","players":["ShoRii","pr0xsome"],"log":"|j|\u2606ShoRii\n|j|\u2606pr0xsome\n|t:|1727551505\n|gametype|doubles\n|player|p1|ShoRii|1|1660\n|player|p2|pr0xsome|preschooler|1727\n|teamsize|p1|6\n|teamsize|p2|6\n|gen|9\n|tier|[Gen 9] VGC 2024 Reg H\n|rated|\n|rule|Species Clause: Limit one of each Pok\u00e9mon\n|rule|Item Clause: Limit 1 of each item\n|clearpoke\n|poke|p1|Weezing, L50, M|\n|poke|p1|Slaking, L50, F|\n|poke|p1|Dragapult, L50, F|\n|poke|p1|Talonflame, L50, M|\n|poke|p1|Toedscruel, L50, F|\n|poke|p1|Basculegion, L50, M|\n|poke|p2|Basculegion, L50, M|\n|poke|p2|Pelipper, L50, F|\n|poke|p2|Archaludon, L50, F|\n|poke|p2|Amoonguss, L50, F|\n|poke|p2|Gholdengo, L50|\n|poke|p2|Hydreigon, L50, M|\n|teampreview|4\n|inactive|Battle timer is ON: inactive players will automatically lose when time's up. (requested by ShoRii)\n|inactive|pr0xsome has 60 seconds left.\n|\n|t:|1727551550\n|start\n|switch|p1a: Weezing|Weezing, L50, M|100\/100\n|switch|p1b: Slaking|Slaking, L50, F|100\/100\n|switch|p2a: Basculegion|Basculegion, L50, M|100\/100\n|switch|p2b: Amoonguss|Amoonguss, L50, F|100\/100\n|-ability|p1a: Weezing|Neutralizing Gas\n|turn|1\n|\n|t:|1727551565\n|move|p2a: Basculegion|Flip Turn|p1a: Weezing\n|-damage|p1a: Weezing|74\/100\n|\n|t:|1727551568\n|switch|p2a: Hydreigon|Hydreigon, L50, M|100\/100|[from] Flip Turn\n|move|p1b: Slaking|Knock Off|p2a: Hydreigon\n|-resisted|p2a: Hydreigon\n|-damage|p2a: Hydreigon|71\/100\n|-enditem|p2a: Hydreigon|Chople Berry|[from] move: Knock Off|[of] p1b: Slaking\n|-damage|p1b: Slaking|91\/100|[from] item: Life Orb\n|move|p1a: Weezing|Taunt|p2b: Amoonguss\n|-start|p2b: Amoonguss|move: Taunt\n|cant|p2b: Amoonguss|move: Taunt|Spore\n|\n|upkeep\n|turn|2\n|inactive|pr0xsome has 30 seconds left.\n|\n|t:|1727551597\n|move|p1b: Slaking|Double-Edge|p2a: Hydreigon\n|-damage|p2a: Hydreigon|0 fnt\n|faint|p2a: Hydreigon\n|-damage|p1b: Slaking|72\/100|[from] Recoil\n|-damage|p1b: Slaking|62\/100|[from] item: Life Orb\n|move|p1a: Weezing|Will-O-Wisp|p2b: Amoonguss\n|-status|p2b: Amoonguss|brn\n|move|p2b: Amoonguss|Pollen Puff|p2: Hydreigon|[notarget]\n|-fail|p2b: Amoonguss\n|\n|-damage|p2b: Amoonguss|95\/100 brn|[from] brn\n|upkeep\n|\n|t:|1727551602\n|switch|p2a: Basculegion|Basculegion, L50, M|100\/100\n|turn|3\n|\n|t:|1727551613\n|switch|p2b: Gholdengo|Gholdengo, L50|100\/100\n|move|p2a: Basculegion|Wave Crash|p1b: Slaking\n|-damage|p1b: Slaking|15\/100\n|-damage|p2a: Basculegion|83\/100|[from] Recoil\n|move|p1b: Slaking|Knock Off|p2a: Basculegion\n|-supereffective|p2a: Basculegion\n|-damage|p2a: Basculegion|0 fnt\n|-enditem|p2a: Basculegion|Choice Scarf|[from] move: Knock Off|[of] p1b: Slaking\n|faint|p2a: Basculegion\n|-damage|p1b: Slaking|5\/100|[from] item: Life Orb\n|move|p1a: Weezing|Will-O-Wisp|p2b: Gholdengo\n|-status|p2b: Gholdengo|brn\n|\n|-damage|p2b: Gholdengo|95\/100 brn|[from] brn\n|upkeep\n|\n|t:|1727551632\n|switch|p2a: Amoonguss|Amoonguss, L50, F|95\/100 brn\n|turn|4\n|\n|t:|1727551638\n|move|p1b: Slaking|Protect|p1b: Slaking\n|-singleturn|p1b: Slaking|Protect\n|move|p2a: Amoonguss|Rage Powder|p2a: Amoonguss\n|-singleturn|p2a: Amoonguss|move: Rage Powder\n|move|p2b: Gholdengo|Nasty Plot|p2b: Gholdengo\n|-boost|p2b: Gholdengo|spa|2\n|move|p1a: Weezing|Taunt|p2a: Amoonguss\n|-start|p2a: Amoonguss|move: Taunt\n|\n|-damage|p2b: Gholdengo|89\/100 brn|[from] brn\n|-damage|p2a: Amoonguss|89\/100 brn|[from] brn\n|upkeep\n|turn|5\n|\n|t:|1727551659\n|-terastallize|p2b: Gholdengo|Steel\n|move|p1b: Slaking|Knock Off|p2b: Gholdengo\n|-damage|p2b: Gholdengo|35\/100 brn\n|-enditem|p2b: Gholdengo|Metal Coat|[from] move: Knock Off|[of] p1b: Slaking\n|-damage|p1b: Slaking|0 fnt|[from] item: Life Orb\n|faint|p1b: Slaking\n|move|p2b: Gholdengo|Make It Rain|p1a: Weezing\n|-damage|p1a: Weezing|0 fnt\n|-unboost|p2b: Gholdengo|spa|1\n|faint|p1a: Weezing\n|-end|p1a: Weezing|ability: Neutralizing Gas\n|move|p2a: Amoonguss|Pollen Puff|p2b: Gholdengo\n|-heal|p2b: Gholdengo|84\/100 brn\n|\n|-damage|p2b: Gholdengo|78\/100 brn|[from] brn\n|-damage|p2a: Amoonguss|83\/100 brn|[from] brn\n|upkeep\n|\n|t:|1727551676\n|switch|p1b: Basculegion|Basculegion, L50, M|100\/100\n|switch|p1a: Dragapult|Dragapult, L50, F|100\/100\n|turn|6\n|inactive|pr0xsome has 30 seconds left.\n|\n|t:|1727551702\n|-terastallize|p1b: Basculegion|Ghost\n|move|p2b: Gholdengo|Protect|p2b: Gholdengo\n|-singleturn|p2b: Gholdengo|Protect\n|move|p1b: Basculegion|Last Respects|p2b: Gholdengo\n|-activate|p2b: Gholdengo|move: Protect\n|move|p1a: Dragapult|Phantom Force||[still]\n|-prepare|p1a: Dragapult|Phantom Force\n|move|p2a: Amoonguss|Pollen Puff|p1b: Basculegion\n|-resisted|p1b: Basculegion\n|-damage|p1b: Basculegion|90\/100\n|\n|-damage|p2b: Gholdengo|72\/100 brn|[from] brn\n|-damage|p2a: Amoonguss|77\/100 brn|[from] brn\n|upkeep\n|turn|7\n|\n|t:|1727551721\n|move|p2b: Gholdengo|Protect||[still]\n|-fail|p2b: Gholdengo\n|move|p1b: Basculegion|Last Respects|p2b: Gholdengo\n|-damage|p2b: Gholdengo|0 fnt\n|faint|p2b: Gholdengo\n|move|p1a: Dragapult|Phantom Force|p2a: Amoonguss|[from]lockedmove\n|-damage|p2a: Amoonguss|16\/100 brn\n|-enditem|p2a: Amoonguss|Sitrus Berry|[eat]\n|-heal|p2a: Amoonguss|41\/100 brn|[from] item: Sitrus Berry\n|move|p2a: Amoonguss|Pollen Puff|p1b: Basculegion\n|-resisted|p1b: Basculegion\n|-damage|p1b: Basculegion|80\/100\n|\n|-damage|p2a: Amoonguss|35\/100 brn|[from] brn\n|-end|p2a: Amoonguss|move: Taunt\n|upkeep\n|turn|8\n|\n|t:|1727551738\n|move|p1b: Basculegion|Last Respects|p2a: Amoonguss\n|-damage|p2a: Amoonguss|0 fnt\n|faint|p2a: Amoonguss\n|\n|win|ShoRii\n|raw|ShoRii's rating: 1660 &rarr; <strong>1684<\/strong><br \/>(+24 for winning)\n|raw|pr0xsome's rating: 1727 &rarr; <strong>1703<\/strong><br \/>(-24 for losing)\n|l|\u2606ShoRii\n|player|p1|\n|l|\u2606pr0xsome\n|player|p2|\n","uploadtime":1727551938,"views":15,"formatid":"gen9vgc2024regh","rating":1684,"private":0,"password":null}