{"id":"gen9vgc2024regh-2211296805","format":"[Gen 9] VGC 2024 Reg H","players":["mattun","roykeenkennedy"],"log":"|j|\u2606mattun\n|j|\u2606roykeenkennedy\n|t:|1727491850\n|gametype|doubles\n|player|p1|mattun|101|1659\n|player|p2|roykeenkennedy|alder|1801\n|teamsize|p1|6\n|teamsize|p2|6\n|gen|9\n|tier|[Gen 9] VGC 2024 Reg H\n|rated|\n|rule|Species Clause: Limit one of each Pok\u00e9mon\n|rule|Item Clause: Limit 1 of each item\n|clearpoke\n|poke|p1|Blastoise, L50, F|\n|poke|p1|Serperior, L50, M|\n|poke|p1|Sylveon, L50, M|\n|poke|p1|Indeedee, L50, M|\n|poke|p1|Gallade, L50, M|\n|poke|p1|Drifblim, L50, F|\n|poke|p2|Salamence, L50, F|\n|poke|p2|Incineroar, L50, F|\n|poke|p2|Weezing, L50, F|\n|poke|p2|Dragapult, L50, M|\n|poke|p2|Ursaluna-Bloodmoon, L50, M|\n|poke|p2|Porygon2, L50|\n|teampreview|4\n|\n|t:|1727491872\n|start\n|switch|p1a: Indeedee|Indeedee, L50, M|100\/100\n|switch|p1b: Gallade|Gallade, L50, M|100\/100\n|switch|p2a: Salamence|Salamence, L50, F|100\/100\n|switch|p2b: Weezing|Weezing, L50, F|100\/100\n|-ability|p2b: Weezing|Neutralizing Gas\n|turn|1\n|\n|t:|1727491887\n|-terastallize|p2b: Weezing|Ghost\n|move|p2a: Salamence|Dual Wingbeat|p1b: Gallade|[miss]\n|-miss|p2a: Salamence|p1b: Gallade\n|move|p1b: Gallade|Ice Punch|p2a: Salamence\n|-supereffective|p2a: Salamence\n|-damage|p2a: Salamence|0 fnt\n|faint|p2a: Salamence\n|move|p1a: Indeedee|Expanding Force|p2b: Weezing\n|-damage|p2b: Weezing|63\/100\n|move|p2b: Weezing|Taunt|p1a: Indeedee\n|-start|p1a: Indeedee|move: Taunt\n|\n|-heal|p2b: Weezing|69\/100|[from] item: Leftovers\n|upkeep\n|\n|t:|1727491903\n|switch|p2a: Dragapult|Dragapult, L50, M|100\/100\n|turn|2\n|\n|t:|1727491913\n|move|p1b: Gallade|Ice Punch|p2a: Dragapult\n|-supereffective|p2a: Dragapult\n|-damage|p2a: Dragapult|26\/100\n|move|p2a: Dragapult|Dragon Darts|p1b: Gallade\n|-damage|p1b: Gallade|29\/100\n|-anim|p2a: Dragapult|Dragon Darts|p1a: Indeedee\n|-damage|p1a: Indeedee|12\/100\n|move|p1a: Indeedee|Expanding Force|p2b: Weezing\n|-damage|p2b: Weezing|24\/100\n|move|p2b: Weezing|Will-O-Wisp|p1b: Gallade\n|-status|p1b: Gallade|brn\n|\n|-heal|p2b: Weezing|30\/100|[from] item: Leftovers\n|-damage|p1b: Gallade|24\/100 brn|[from] brn\n|upkeep\n|turn|3\n|\n|t:|1727491939\n|switch|p2a: Porygon2|Porygon2, L50|100\/100\n|move|p2b: Weezing|Protect|p2b: Weezing\n|-singleturn|p2b: Weezing|Protect\n|move|p1b: Gallade|Ice Punch|p2a: Porygon2\n|-damage|p2a: Porygon2|92\/100\n|move|p1a: Indeedee|Expanding Force|p2b: Weezing\n|-activate|p2b: Weezing|move: Protect\n|\n|-heal|p2b: Weezing|37\/100|[from] item: Leftovers\n|-damage|p1b: Gallade|18\/100 brn|[from] brn\n|upkeep\n|turn|4\n|\n|t:|1727491959\n|move|p1b: Gallade|Ice Punch|p2b: Weezing\n|-damage|p2b: Weezing|25\/100\n|move|p1a: Indeedee|Expanding Force|p2b: Weezing\n|-damage|p2b: Weezing|0 fnt\n|faint|p2b: Weezing\n|-end|p2b: Weezing|ability: Neutralizing Gas\n|-fieldstart|move: Psychic Terrain|[from] ability: Psychic Surge|[of] p1a: Indeedee\n|-ability|p2a: Porygon2|Download|boost\n|-boost|p2a: Porygon2|atk|1\n|move|p2a: Porygon2|Trick Room|p2a: Porygon2\n|-fieldstart|move: Trick Room|[of] p2a: Porygon2\n|\n|-damage|p1b: Gallade|12\/100 brn|[from] brn\n|-end|p1a: Indeedee|move: Taunt\n|upkeep\n|\n|t:|1727491974\n|switch|p2b: Dragapult|Dragapult, L50, M|26\/100\n|turn|5\n|\n|t:|1727491985\n|move|p2a: Porygon2|Ice Beam|p1a: Indeedee\n|-damage|p1a: Indeedee|0 fnt\n|faint|p1a: Indeedee\n|move|p2b: Dragapult|Dragon Darts|p1b: Gallade\n|-damage|p1b: Gallade|0 fnt\n|faint|p1b: Gallade\n|\n|upkeep\n|\n|t:|1727491988\n|switch|p1b: Blastoise|Blastoise, L50, F|100\/100\n|switch|p1a: Sylveon|Sylveon, L50, M|100\/100\n|turn|6\n|\n|t:|1727492000\n|-terastallize|p1a: Sylveon|Fairy\n|move|p2a: Porygon2|Tera Blast|p1b: Blastoise\n|-damage|p1b: Blastoise|64\/100\n|move|p1a: Sylveon|Hyper Voice|p2b: Dragapult|[spread] p2a,p2b\n|-supereffective|p2b: Dragapult\n|-damage|p2a: Porygon2|57\/100\n|-damage|p2b: Dragapult|0 fnt\n|faint|p2b: Dragapult\n|-enditem|p1a: Sylveon|Throat Spray\n|-boost|p1a: Sylveon|spa|1|[from] item: Throat Spray\n|move|p1b: Blastoise|Water Spout|p2a: Porygon2\n|-damage|p2a: Porygon2|24\/100\n|\n|upkeep\n|turn|7\n|-message|roykeenkennedy forfeited.\n|\n|win|mattun\n|raw|mattun's rating: 1659 &rarr; <strong>1687<\/strong><br \/>(+28 for winning)\n|raw|roykeenkennedy's rating: 1801 &rarr; <strong>1773<\/strong><br \/>(-28 for losing)\n|l|\u2606roykeenkennedy\n|player|p2|\n|l|\u2606mattun\n|player|p1|\n","uploadtime":1727492237,"views":22,"formatid":"gen9vgc2024regh","rating":1687,"private":0,"password":null}