{"id":"gen9vgc2024regh-2211271245","format":"[Gen 9] VGC 2024 Reg H","players":["Rebirthruby","mattun"],"log":"|j|\u2606Rebirthruby\n|j|\u2606mattun\n|t:|1727488469\n|gametype|doubles\n|player|p1|Rebirthruby|102|1661\n|player|p2|mattun|101|1712\n|teamsize|p1|6\n|teamsize|p2|6\n|gen|9\n|tier|[Gen 9] VGC 2024 Reg H\n|rated|\n|rule|Species Clause: Limit one of each Pok\u00e9mon\n|rule|Item Clause: Limit 1 of each item\n|clearpoke\n|poke|p1|Weezing, L50, F|\n|poke|p1|Slaking, L50, F|\n|poke|p1|Dondozo, L50, F|\n|poke|p1|Tatsugiri, L50, F|\n|poke|p1|Talonflame, L50, F|\n|poke|p1|Garchomp, L50, F|\n|poke|p2|Blastoise, L50, M|\n|poke|p2|Serperior, L50, F|\n|poke|p2|Sylveon, L50, M|\n|poke|p2|Indeedee, L50, M|\n|poke|p2|Gallade, L50, M|\n|poke|p2|Drifblim, L50, M|\n|teampreview|4\n|j| CGplays\n|l| CGplays\n|\n|t:|1727488501\n|start\n|switch|p1a: Weezing|Weezing, L50, F|100\/100\n|switch|p1b: Slaking|Slaking, L50, F|100\/100\n|switch|p2a: Indeedee|Indeedee, L50, M|100\/100\n|switch|p2b: Gallade|Gallade, L50, M|100\/100\n|-ability|p1a: Weezing|Neutralizing Gas\n|turn|1\n|\n|t:|1727488530\n|-terastallize|p1b: Slaking|Ghost\n|move|p1b: Slaking|Knock Off|p2a: Indeedee\n|-supereffective|p2a: Indeedee\n|-enditem|p2a: Indeedee|Focus Sash\n|-damage|p2a: Indeedee|1\/100\n|move|p2b: Gallade|Psycho Cut|p1a: Weezing\n|-supereffective|p1a: Weezing\n|-damage|p1a: Weezing|20\/100\n|move|p1a: Weezing|Toxic Spikes|p2a: Indeedee\n|-sidestart|p2: mattun|move: Toxic Spikes\n|move|p2a: Indeedee|Trick Room|p2a: Indeedee\n|-fieldstart|move: Trick Room|[of] p2a: Indeedee\n|\n|upkeep\n|turn|2\n|\n|t:|1727488545\n|move|p1a: Weezing|Protect|p1a: Weezing\n|-singleturn|p1a: Weezing|Protect\n|move|p2a: Indeedee|Expanding Force|p1a: Weezing\n|-activate|p1a: Weezing|move: Protect\n|move|p2b: Gallade|Psycho Cut|p1b: Slaking\n|-damage|p1b: Slaking|70\/100\n|move|p1b: Slaking|Knock Off|p2a: Indeedee\n|-supereffective|p2a: Indeedee\n|-damage|p2a: Indeedee|0 fnt\n|faint|p2a: Indeedee\n|\n|upkeep\n|\n|t:|1727488549\n|switch|p2a: Blastoise|Blastoise, L50, M|100\/100\n|-status|p2a: Blastoise|psn\n|turn|3\n|\n|t:|1727488565\n|switch|p2b: Sylveon|Sylveon, L50, M|100\/100\n|-status|p2b: Sylveon|psn\n|-terastallize|p2a: Blastoise|Water\n|move|p2a: Blastoise|Water Spout|p1b: Slaking|[spread] p1a,p1b\n|-damage|p1a: Weezing|0 fnt\n|-damage|p1b: Slaking|0 fnt\n|faint|p1a: Weezing\n|-end|p1a: Weezing|ability: Neutralizing Gas\n|faint|p1b: Slaking\n|\n|-damage|p2b: Sylveon|88\/100 psn|[from] psn\n|-damage|p2a: Blastoise|88\/100 psn|[from] psn\n|upkeep\n|\n|t:|1727488580\n|switch|p1a: Dondozo|Dondozo, L50, F|100\/100\n|switch|p1b: Tatsugiri|Tatsugiri, L50, F|100\/100\n|-activate|p1b: Tatsugiri|ability: Commander|[of] p1a: Dondozo\n|-boost|p1a: Dondozo|atk|2\n|-boost|p1a: Dondozo|spa|2\n|-boost|p1a: Dondozo|spe|2\n|-boost|p1a: Dondozo|def|2\n|-boost|p1a: Dondozo|spd|2\n|turn|4\n|\n|t:|1727488589\n|move|p1a: Dondozo|Protect|p1a: Dondozo\n|-singleturn|p1a: Dondozo|Protect\n|move|p2b: Sylveon|Hyper Voice|p1b: Tatsugiri|[spread] \n|-miss|p2b: Sylveon|p1b: Tatsugiri\n|-activate|p1a: Dondozo|move: Protect\n|move|p2a: Blastoise|Water Spout|p1a: Dondozo|[spread] \n|-miss|p2a: Blastoise|p1b: Tatsugiri\n|-activate|p1a: Dondozo|move: Protect\n|\n|-damage|p2b: Sylveon|76\/100 psn|[from] psn\n|-damage|p2a: Blastoise|75\/100 psn|[from] psn\n|upkeep\n|turn|5\n|\n|t:|1727488608\n|move|p2b: Sylveon|Hyper Voice|p1b: Tatsugiri|[spread] p1a\n|-miss|p2b: Sylveon|p1b: Tatsugiri\n|-damage|p1a: Dondozo|84\/100\n|-enditem|p2b: Sylveon|Throat Spray\n|-boost|p2b: Sylveon|spa|1|[from] item: Throat Spray\n|move|p2a: Blastoise|Water Spout|p1b: Tatsugiri|[spread] p1a\n|-miss|p2a: Blastoise|p1b: Tatsugiri\n|-resisted|p1a: Dondozo\n|-damage|p1a: Dondozo|72\/100\n|move|p1a: Dondozo|Order Up|p2a: Blastoise\n|-damage|p2a: Blastoise|36\/100 psn\n|-boost|p1a: Dondozo|atk|1\n|\n|-heal|p1a: Dondozo|78\/100|[from] item: Leftovers\n|-damage|p2b: Sylveon|64\/100 psn|[from] psn\n|-damage|p2a: Blastoise|24\/100 psn|[from] psn\n|-fieldend|move: Trick Room\n|upkeep\n|turn|6\n|\n|t:|1727488627\n|move|p2b: Sylveon|Protect|p2b: Sylveon\n|-singleturn|p2b: Sylveon|Protect\n|move|p1a: Dondozo|Wave Crash|p2b: Sylveon\n|-activate|p2b: Sylveon|move: Protect\n|move|p2a: Blastoise|Water Pledge|p1a: Dondozo\n|-resisted|p1a: Dondozo\n|-damage|p1a: Dondozo|60\/100\n|\n|-heal|p1a: Dondozo|66\/100|[from] item: Leftovers\n|-damage|p2a: Blastoise|11\/100 psn|[from] psn\n|-damage|p2b: Sylveon|52\/100 psn|[from] psn\n|upkeep\n|turn|7\n|\n|t:|1727488650\n|move|p1a: Dondozo|Wave Crash|p2b: Sylveon\n|-damage|p2b: Sylveon|0 fnt\n|faint|p2b: Sylveon\n|-damage|p1a: Dondozo|53\/100|[from] Recoil\n|move|p2a: Blastoise|Water Pledge|p1a: Dondozo\n|-resisted|p1a: Dondozo\n|-damage|p1a: Dondozo|34\/100\n|\n|-heal|p1a: Dondozo|40\/100|[from] item: Leftovers\n|-damage|p2a: Blastoise|0 fnt|[from] psn\n|faint|p2a: Blastoise\n|upkeep\n|\n|t:|1727488655\n|switch|p2b: Gallade|Gallade, L50, M|100\/100\n|-status|p2b: Gallade|psn\n|turn|8\n|\n|t:|1727488667\n|move|p1a: Dondozo|Protect|p1a: Dondozo\n|-singleturn|p1a: Dondozo|Protect\n|move|p2b: Gallade|Sacred Sword|p1a: Dondozo\n|-activate|p1a: Dondozo|move: Protect\n|\n|-heal|p1a: Dondozo|46\/100|[from] item: Leftovers\n|-damage|p2b: Gallade|89\/100 psn|[from] psn\n|upkeep\n|turn|9\n|\n|t:|1727488685\n|move|p2b: Gallade|Sacred Sword|p1a: Dondozo\n|-damage|p1a: Dondozo|2\/100\n|move|p1a: Dondozo|Wave Crash|p2b: Gallade\n|-damage|p2b: Gallade|0 fnt\n|faint|p2b: Gallade\n|-damage|p1a: Dondozo|0 fnt|[from] Recoil\n|faint|p1a: Dondozo\n|\n|win|Rebirthruby\n|raw|Rebirthruby's rating: 1661 &rarr; <strong>1684<\/strong><br \/>(+23 for winning)\n|raw|mattun's rating: 1712 &rarr; <strong>1689<\/strong><br \/>(-23 for losing)\n|l|\u2606mattun\n|player|p2|\n|l|\u2606Rebirthruby\n|player|p1|\n","uploadtime":1727488917,"views":19,"formatid":"gen9vgc2024regh","rating":1684,"private":0,"password":null}