{"id":"gen9vgc2024regh-2211111656","format":"[Gen 9] VGC 2024 Reg H","players":["Luca8","very demure"],"log":"|j|\u2606Luca8\n|j|\u2606very demure\n|t:|1727469336\n|gametype|doubles\n|player|p1|Luca8|flint|1708\n|player|p2|very demure|dawn-gen4pt|1695\n|teamsize|p1|6\n|teamsize|p2|6\n|gen|9\n|tier|[Gen 9] VGC 2024 Reg H\n|rated|\n|rule|Species Clause: Limit one of each Pok\u00e9mon\n|rule|Item Clause: Limit 1 of each item\n|clearpoke\n|poke|p1|Archaludon, L50, M|\n|poke|p1|Typhlosion-Hisui, L50, M|\n|poke|p1|Sneasler, L50, F|\n|poke|p1|Pelipper, L50, M|\n|poke|p1|Indeedee, L50, M|\n|poke|p1|Murkrow, L50, M|\n|poke|p2|Sneasler, L50, F|\n|poke|p2|Gholdengo, L50|\n|poke|p2|Dragapult, L50, M|\n|poke|p2|Rillaboom, L50, F|\n|poke|p2|Clefable, L50, F|\n|poke|p2|Incineroar, L50, F|\n|teampreview|4\n|\n|t:|1727469379\n|start\n|switch|p1a: Archaludon|Archaludon, L50, M|100\/100\n|switch|p1b: Typhlosion|Typhlosion-Hisui, L50, M|100\/100\n|switch|p2a: Dragapult|Dragapult, L50, M|100\/100\n|switch|p2b: Incineroar|Incineroar, L50, F|100\/100\n|-ability|p2b: Incineroar|Intimidate|boost\n|-unboost|p1a: Archaludon|atk|1\n|-unboost|p1b: Typhlosion|atk|1\n|turn|1\n|\n|t:|1727469408\n|switch|p1b: Sneasler|Sneasler, L50, F|100\/100\n|move|p2a: Dragapult|Phantom Force||[still]\n|-prepare|p2a: Dragapult|Phantom Force\n|move|p1a: Archaludon|Body Press|p2b: Incineroar\n|-supereffective|p2b: Incineroar\n|-crit|p2b: Incineroar\n|-damage|p2b: Incineroar|41\/100\n|move|p2b: Incineroar|Knock Off|p1b: Sneasler\n|-resisted|p1b: Sneasler\n|-damage|p1b: Sneasler|69\/100\n|-enditem|p1b: Sneasler|Psychic Seed|[from] move: Knock Off|[of] p2b: Incineroar\n|\n|upkeep\n|turn|2\n|\n|t:|1727469437\n|move|p1b: Sneasler|Dire Claw|p2b: Incineroar\n|-crit|p2b: Incineroar\n|-damage|p2b: Incineroar|0 fnt\n|faint|p2b: Incineroar\n|move|p2a: Dragapult|Phantom Force|p1b: Sneasler|[from]lockedmove\n|-damage|p1b: Sneasler|0 fnt\n|faint|p1b: Sneasler\n|move|p1a: Archaludon|Dragon Pulse|p2a: Dragapult\n|-supereffective|p2a: Dragapult\n|-damage|p2a: Dragapult|0 fnt\n|faint|p2a: Dragapult\n|\n|upkeep\n|\n|t:|1727469454\n|switch|p2a: Sneasler|Sneasler, L50, F|100\/100\n|switch|p1b: Typhlosion|Typhlosion-Hisui, L50, M|100\/100\n|switch|p2b: Gholdengo|Gholdengo, L50|100\/100\n|turn|3\n|\n|t:|1727469469\n|move|p2a: Sneasler|Protect|p2a: Sneasler\n|-singleturn|p2a: Sneasler|Protect\n|move|p2b: Gholdengo|Protect|p2b: Gholdengo\n|-singleturn|p2b: Gholdengo|Protect\n|move|p1b: Typhlosion|Eruption|p2b: Gholdengo|[spread] \n|-activate|p2a: Sneasler|move: Protect\n|-activate|p2b: Gholdengo|move: Protect\n|move|p1a: Archaludon|Snarl|p2a: Sneasler|[spread] \n|-activate|p2a: Sneasler|move: Protect\n|-activate|p2b: Gholdengo|move: Protect\n|\n|upkeep\n|turn|4\n|\n|t:|1727469489\n|-terastallize|p1b: Typhlosion|Fire\n|-terastallize|p2b: Gholdengo|Dragon\n|move|p1b: Typhlosion|Eruption|p2a: Sneasler|[spread] p2a,p2b\n|-resisted|p2b: Gholdengo\n|-enditem|p2a: Sneasler|Focus Sash\n|-damage|p2a: Sneasler|1\/100\n|-damage|p2b: Gholdengo|55\/100\n|move|p2a: Sneasler|Close Combat|p1a: Archaludon\n|-supereffective|p1a: Archaludon\n|-damage|p1a: Archaludon|1\/100\n|-unboost|p2a: Sneasler|def|1\n|-unboost|p2a: Sneasler|spd|1\n|-ability|p1a: Archaludon|Stamina|boost\n|-boost|p1a: Archaludon|def|1\n|move|p2b: Gholdengo|Make It Rain|p1a: Archaludon|[spread] p1a,p1b\n|-resisted|p1a: Archaludon\n|-resisted|p1b: Typhlosion\n|-damage|p1a: Archaludon|0 fnt\n|-damage|p1b: Typhlosion|62\/100\n|-unboost|p2b: Gholdengo|spa|1\n|faint|p1a: Archaludon\n|-damage|p2b: Gholdengo|46\/100|[from] item: Life Orb\n|\n|upkeep\n|\n|t:|1727469513\n|switch|p1a: Pelipper|Pelipper, L50, M|100\/100\n|-weather|RainDance|[from] ability: Drizzle|[of] p1a: Pelipper\n|turn|5\n|j| edoreon55555vgc\n|\n|t:|1727469534\n|move|p2a: Sneasler|Protect|p2a: Sneasler\n|-singleturn|p2a: Sneasler|Protect\n|move|p1b: Typhlosion|Eruption|p2a: Sneasler|[spread] p2b\n|-activate|p2a: Sneasler|move: Protect\n|-resisted|p2b: Gholdengo\n|-damage|p2b: Gholdengo|32\/100\n|move|p2b: Gholdengo|Shadow Ball|p1b: Typhlosion\n|-crit|p1b: Typhlosion\n|-damage|p1b: Typhlosion|0 fnt\n|faint|p1b: Typhlosion\n|-damage|p2b: Gholdengo|22\/100|[from] item: Life Orb\n|move|p1a: Pelipper|Hurricane|p2b: Gholdengo\n|-crit|p2b: Gholdengo\n|-damage|p2b: Gholdengo|0 fnt\n|faint|p2b: Gholdengo\n|\n|-weather|RainDance|[upkeep]\n|upkeep\n|turn|6\n|\n|t:|1727469555\n|move|p2a: Sneasler|Dire Claw|p1a: Pelipper\n|-damage|p1a: Pelipper|52\/100\n|-status|p1a: Pelipper|par\n|move|p1a: Pelipper|Surf|p2a: Sneasler\n|-damage|p2a: Sneasler|0 fnt\n|faint|p2a: Sneasler\n|\n|win|Luca8\n|raw|Luca8's rating: 1708 &rarr; <strong>1727<\/strong><br \/>(+19 for winning)\n|raw|very demure's rating: 1695 &rarr; <strong>1676<\/strong><br \/>(-19 for losing)\n|l|\u2606very demure\n|player|p2|\n|l| edoreon55555vgc\n|l|\u2606Luca8\n|player|p1|\n","uploadtime":1727469751,"views":24,"formatid":"gen9vgc2024regh","rating":1676,"private":0,"password":null}