{"id":"gen9vgc2024regh-2211785372","format":"[Gen 9] VGC 2024 Reg H","players":["pokehys3","ren122333"],"log":"|j|\u2606pokehys3\n|j|\u2606ren122333\n|t:|1727561195\n|gametype|doubles\n|player|p1|pokehys3|1|1707\n|player|p2|ren122333|hilbert|1688\n|teamsize|p1|6\n|teamsize|p2|6\n|gen|9\n|tier|[Gen 9] VGC 2024 Reg H\n|rated|\n|rule|Species Clause: Limit one of each Pok\u00e9mon\n|rule|Item Clause: Limit 1 of each item\n|clearpoke\n|poke|p1|Dragapult, L50, F|\n|poke|p1|Sneasler, L50, F|\n|poke|p1|Indeedee, L50, M|\n|poke|p1|Talonflame, L50, F|\n|poke|p1|Gholdengo, L50|\n|poke|p1|Inteleon, L50, M|\n|poke|p2|Whimsicott, L50, M|\n|poke|p2|Mamoswine, L50, M|\n|poke|p2|Lycanroc-Dusk, L50, M|\n|poke|p2|Typhlosion-Hisui, L50, M|\n|poke|p2|Farigiraf, L50, F|\n|poke|p2|Mienshao, L50, F|\n|teampreview|4\n|inactive|Battle timer is ON: inactive players will automatically lose when time's up. (requested by pokehys3)\n|\n|t:|1727561217\n|start\n|switch|p1a: Talonflame|Talonflame, L50, F|100\/100\n|switch|p1b: Dragapult|Dragapult, L50, F|100\/100\n|switch|p2a: Whimsicott|Whimsicott, L50, M|100\/100\n|switch|p2b: Lycanroc|Lycanroc-Dusk, L50, M|100\/100\n|turn|1\n|\n|t:|1727561229\n|-terastallize|p2a: Whimsicott|Steel\n|move|p1a: Talonflame|Tailwind|p1a: Talonflame\n|-sidestart|p1: pokehys3|move: Tailwind\n|move|p2a: Whimsicott|Tailwind|p2a: Whimsicott\n|-sidestart|p2: ren122333|move: Tailwind\n|move|p1b: Dragapult|Dragon Darts|p2a: Whimsicott\n|-resisted|p2a: Whimsicott\n|-damage|p2a: Whimsicott|75\/100\n|-anim|p1b: Dragapult|Dragon Darts|p2b: Lycanroc\n|-damage|p2b: Lycanroc|29\/100\n|move|p2b: Lycanroc|Rock Slide|p1a: Talonflame|[spread] p1a,p1b\n|-supereffective|p1a: Talonflame\n|-damage|p1a: Talonflame|0 fnt\n|-damage|p1b: Dragapult|63\/100\n|faint|p1a: Talonflame\n|\n|upkeep\n|\n|t:|1727561238\n|switch|p1a: Sneasler|Sneasler, L50, F|100\/100\n|turn|2\n|\n|t:|1727561257\n|switch|p2a: Typhlosion|Typhlosion-Hisui, L50, M|100\/100\n|-item|p1a: Sneasler|Psychic Seed|[from] ability: Frisk|[of] p2a: Typhlosion\n|-item|p1b: Dragapult|Choice Band|[from] ability: Frisk|[of] p2a: Typhlosion\n|move|p2b: Lycanroc|Sucker Punch|p1b: Dragapult\n|-supereffective|p1b: Dragapult\n|-damage|p1b: Dragapult|0 fnt\n|faint|p1b: Dragapult\n|move|p1a: Sneasler|Close Combat|p2a: Typhlosion\n|-immune|p2a: Typhlosion\n|\n|upkeep\n|\n|t:|1727561262\n|switch|p1b: Indeedee|Indeedee, L50, M|100\/100\n|-fieldstart|move: Psychic Terrain|[from] ability: Psychic Surge|[of] p1b: Indeedee\n|-enditem|p1a: Sneasler|Psychic Seed\n|-boost|p1a: Sneasler|spd|1|[from] item: Psychic Seed\n|turn|3\n|inactive|pokehys3 has 30 seconds left.\n|\n|t:|1727561297\n|-terastallize|p1a: Sneasler|Dark\n|move|p1a: Sneasler|Throat Chop|p2a: Typhlosion\n|-supereffective|p2a: Typhlosion\n|-damage|p2a: Typhlosion|0 fnt\n|faint|p2a: Typhlosion\n|move|p2b: Lycanroc|Stomping Tantrum|p1a: Sneasler\n|-damage|p1a: Sneasler|45\/100\n|move|p1b: Indeedee|Expanding Force|p2b: Lycanroc\n|-damage|p2b: Lycanroc|0 fnt\n|faint|p2b: Lycanroc\n|\n|upkeep\n|\n|t:|1727561301\n|switch|p2b: Mamoswine|Mamoswine, L50, M|100\/100\n|switch|p2a: Whimsicott|Whimsicott, L50, M, tera:Steel|75\/100\n|turn|4\n|\n|t:|1727561324\n|move|p1a: Sneasler|Protect|p1a: Sneasler\n|-singleturn|p1a: Sneasler|Protect\n|move|p2a: Whimsicott|Moonblast|p1a: Sneasler\n|-activate|p1a: Sneasler|move: Protect\n|move|p1b: Indeedee|Expanding Force|p2a: Whimsicott|[spread] p2a,p2b\n|-resisted|p2a: Whimsicott\n|-damage|p2a: Whimsicott|35\/100\n|-damage|p2b: Mamoswine|19\/100\n|move|p2b: Mamoswine|Icicle Crash|p1b: Indeedee\n|-damage|p1b: Indeedee|13\/100\n|\n|-sideend|p2: ren122333|move: Tailwind\n|-sideend|p1: pokehys3|move: Tailwind\n|upkeep\n|turn|5\n|inactive|ren122333 has 30 seconds left.\n|\n|t:|1727561355\n|move|p2a: Whimsicott|Tailwind|p2a: Whimsicott\n|-sidestart|p2: ren122333|move: Tailwind\n|move|p1a: Sneasler|Close Combat|p2b: Mamoswine\n|-supereffective|p2b: Mamoswine\n|-damage|p2b: Mamoswine|0 fnt\n|-unboost|p1a: Sneasler|def|1\n|-unboost|p1a: Sneasler|spd|1\n|faint|p2b: Mamoswine\n|move|p1b: Indeedee|Expanding Force|p2a: Whimsicott\n|-resisted|p2a: Whimsicott\n|-damage|p2a: Whimsicott|0 fnt\n|faint|p2a: Whimsicott\n|\n|win|pokehys3\n|raw|pokehys3's rating: 1707 &rarr; <strong>1726<\/strong><br \/>(+19 for winning)\n|raw|ren122333's rating: 1688 &rarr; <strong>1669<\/strong><br \/>(-19 for losing)\n|l|\u2606ren122333\n|player|p2|\n|l|\u2606pokehys3\n|player|p1|\n","uploadtime":1727561637,"views":22,"formatid":"gen9vgc2024regh","rating":1669,"private":0,"password":null}