{"id":"gen9vgc2024regh-2211796780","format":"[Gen 9] VGC 2024 Reg H","players":["greenlightdmp","ren122333"],"log":"|j|\u2606greenlightdmp\n|j|\u2606ren122333\n|t:|1727562579\n|gametype|doubles\n|player|p1|greenlightdmp|266|1697\n|player|p2|ren122333|hilbert|1693\n|teamsize|p1|6\n|teamsize|p2|6\n|gen|9\n|tier|[Gen 9] VGC 2024 Reg H\n|rated|\n|rule|Species Clause: Limit one of each Pok\u00e9mon\n|rule|Item Clause: Limit 1 of each item\n|clearpoke\n|poke|p1|Tyranitar, L50, F|\n|poke|p1|Gholdengo, L50|\n|poke|p1|Talonflame, L50, F|\n|poke|p1|Garchomp, L50, F|\n|poke|p1|Cryogonal, L50|\n|poke|p1|Gastrodon-East, L50, F|\n|poke|p2|Whimsicott, L50, F|\n|poke|p2|Mamoswine, L50, F|\n|poke|p2|Lycanroc-Dusk, L50, F|\n|poke|p2|Typhlosion-Hisui, L50, M|\n|poke|p2|Farigiraf, L50, F|\n|poke|p2|Mienshao, L50, F|\n|teampreview|4\ngreenlightdmp has agreed to open team sheets.\n|inactive|Battle timer is ON: inactive players will automatically lose when time's up. (requested by ren122333)\nren122333 has agreed to open team sheets.\n|\n|t:|1727562626\n|start\n|switch|p1a: Tyranitar|Tyranitar, L50, F|100\/100\n|switch|p1b: Gastrodon|Gastrodon-East, L50, F|100\/100\n|switch|p2a: Whimsicott|Whimsicott, L50, F|100\/100\n|switch|p2b: Lycanroc|Lycanroc-Dusk, L50, F|100\/100\n|-weather|Sandstorm|[from] ability: Sand Stream|[of] p1a: Tyranitar\n|turn|1\n|inactive|greenlightdmp has 30 seconds left.\n|inactive|ren122333 has 30 seconds left.\n|\n|t:|1727562657\n|-terastallize|p2a: Whimsicott|Steel\n|-terastallize|p1a: Tyranitar|Flying\n|move|p2a: Whimsicott|Tailwind|p2a: Whimsicott\n|-sidestart|p2: ren122333|move: Tailwind\n|move|p2b: Lycanroc|Rock Slide|p1b: Gastrodon|[spread] p1a,p1b\n|-supereffective|p1a: Tyranitar\n|-resisted|p1b: Gastrodon\n|-damage|p1a: Tyranitar|56\/100\n|-damage|p1b: Gastrodon|88\/100\n|cant|p1a: Tyranitar|flinch\n|move|p1b: Gastrodon|Earth Power|p2b: Lycanroc\n|-supereffective|p2b: Lycanroc\n|-damage|p2b: Lycanroc|23\/100\n|-unboost|p2b: Lycanroc|spd|1\n|\n|-weather|Sandstorm|[upkeep]\n|-damage|p1a: Tyranitar|50\/100|[from] Sandstorm\n|upkeep\n|turn|2\n|j| BreadTest\n|inactive|greenlightdmp has 30 seconds left.\n|\n|t:|1727562687\n|move|p2a: Whimsicott|Moonblast|p1a: Tyranitar\n|-damage|p1a: Tyranitar|37\/100\n|-unboost|p1a: Tyranitar|spa|1\n|move|p2b: Lycanroc|Rock Slide|p1a: Tyranitar|[spread] p1a\n|-miss|p2b: Lycanroc|p1b: Gastrodon\n|-supereffective|p1a: Tyranitar\n|-damage|p1a: Tyranitar|0 fnt\n|faint|p1a: Tyranitar\n|move|p1b: Gastrodon|Earth Power|p2b: Lycanroc\n|-supereffective|p2b: Lycanroc\n|-damage|p2b: Lycanroc|0 fnt\n|faint|p2b: Lycanroc\n|\n|-weather|Sandstorm|[upkeep]\n|upkeep\n|\n|t:|1727562708\n|switch|p2b: Mamoswine|Mamoswine, L50, F|100\/100\n|switch|p1a: Talonflame|Talonflame, L50, F|100\/100\n|turn|3\n|\n|t:|1727562732\n|move|p1a: Talonflame|Tailwind|p1a: Talonflame\n|-sidestart|p1: greenlightdmp|move: Tailwind\n|move|p2a: Whimsicott|Moonblast|p1a: Talonflame\n|-resisted|p1a: Talonflame\n|-damage|p1a: Talonflame|84\/100\n|move|p2b: Mamoswine|High Horsepower|p1b: Gastrodon\n|-damage|p1b: Gastrodon|38\/100\n|-enditem|p1b: Gastrodon|Sitrus Berry|[eat]\n|-heal|p1b: Gastrodon|63\/100|[from] item: Sitrus Berry\n|move|p1b: Gastrodon|Yawn|p2b: Mamoswine\n|-start|p2b: Mamoswine|move: Yawn|[of] p1b: Gastrodon\n|\n|-weather|Sandstorm|[upkeep]\n|-damage|p1a: Talonflame|77\/100|[from] Sandstorm\n|upkeep\n|turn|4\n|inactive|greenlightdmp has 30 seconds left.\n|inactive|greenlightdmp has 20 seconds left.\n|\n|t:|1727562767\n|switch|p2b: Typhlosion|Typhlosion-Hisui, L50, M|100\/100\n|-item|p1a: Talonflame|Covert Cloak|[from] ability: Frisk|[of] p2b: Typhlosion\n|move|p2a: Whimsicott|Encore|p1a: Talonflame\n|-start|p1a: Talonflame|Encore\n|move|p1a: Talonflame|Tailwind||[still]\n|-fail|p1a: Talonflame\n|move|p1b: Gastrodon|Earth Power|p2b: Typhlosion\n|-supereffective|p2b: Typhlosion\n|-damage|p2b: Typhlosion|12\/100\n|\n|-weather|Sandstorm|[upkeep]\n|-damage|p1a: Talonflame|71\/100|[from] Sandstorm\n|-damage|p2b: Typhlosion|6\/100|[from] Sandstorm\n|-sideend|p2: ren122333|move: Tailwind\n|upkeep\n|turn|5\n|inactive|greenlightdmp has 30 seconds left.\n|\n|t:|1727562799\n|switch|p1a: Sashimi|Garchomp, L50, F|100\/100\n|move|p2a: Whimsicott|Tailwind|p2a: Whimsicott\n|-sidestart|p2: ren122333|move: Tailwind\n|move|p2b: Typhlosion|Shadow Ball|p1b: Gastrodon\n|-damage|p1b: Gastrodon|15\/100\n|move|p1b: Gastrodon|Earth Power|p2a: Whimsicott\n|-supereffective|p2a: Whimsicott\n|-damage|p2a: Whimsicott|3\/100\n|\n|-weather|none\n|upkeep\n|turn|6\n|inactive|greenlightdmp has 30 seconds left.\n|\n|t:|1727562832\n|move|p1b: Gastrodon|Protect|p1b: Gastrodon\n|-singleturn|p1b: Gastrodon|Protect\n|move|p2a: Whimsicott|Moonblast|p1a: Sashimi\n|-supereffective|p1a: Sashimi\n|-damage|p1a: Sashimi|42\/100\n|move|p1a: Sashimi|Earthquake|p2b: Typhlosion|[spread] p2a,p2b\n|-activate|p1b: Gastrodon|move: Protect\n|-supereffective|p2a: Whimsicott\n|-supereffective|p2b: Typhlosion\n|-damage|p2a: Whimsicott|0 fnt\n|-damage|p2b: Typhlosion|0 fnt\n|faint|p2a: Whimsicott\n|faint|p2b: Typhlosion\n|-damage|p1a: Sashimi|32\/100|[from] item: Life Orb\n|\n|-sideend|p1: greenlightdmp|move: Tailwind\n|upkeep\n|\n|t:|1727562840\n|switch|p2b: Mamoswine|Mamoswine, L50, F|100\/100\n|turn|7\n|\n|t:|1727562861\n|switch|p1b: Talonflame|Talonflame, L50, F|71\/100\n|move|p1a: Sashimi|Protect|p1a: Sashimi\n|-singleturn|p1a: Sashimi|Protect\n|move|p2b: Mamoswine|Icicle Crash|p1a: Sashimi\n|-activate|p1a: Sashimi|move: Protect\n|\n|upkeep\n|turn|8\n|inactive|greenlightdmp has 30 seconds left.\n|inactive|greenlightdmp has 20 seconds left.\n|\n|t:|1727562900\n|switch|p1a: Gastrodon|Gastrodon-East, L50, F|15\/100\n|move|p2b: Mamoswine|Icicle Crash|p1b: Talonflame\n|-damage|p1b: Talonflame|12\/100\n|move|p1b: Talonflame|Will-O-Wisp|p2b: Mamoswine\n|-status|p2b: Mamoswine|brn\n|\n|-damage|p2b: Mamoswine|95\/100 brn|[from] brn\n|-sideend|p2: ren122333|move: Tailwind\n|upkeep\n|turn|9\n|inactive|greenlightdmp has 30 seconds left.\n|inactive|greenlightdmp has 20 seconds left.\n|\n|t:|1727562939\n|move|p1b: Talonflame|Brave Bird|p2b: Mamoswine\n|-damage|p2b: Mamoswine|54\/100 brn\n|-damage|p1b: Talonflame|0 fnt|[from] Recoil\n|faint|p1b: Talonflame\n|move|p2b: Mamoswine|Icicle Crash|p1a: Gastrodon\n|-damage|p1a: Gastrodon|0 fnt\n|faint|p1a: Gastrodon\n|\n|-damage|p2b: Mamoswine|48\/100 brn|[from] brn\n|upkeep\n|\n|t:|1727562948\n|switch|p1b: Sashimi|Garchomp, L50, F|32\/100\n|turn|10\n|\n|t:|1727562956\n|move|p1b: Sashimi|Protect|p1b: Sashimi\n|-singleturn|p1b: Sashimi|Protect\n|move|p2b: Mamoswine|Icicle Crash|p1b: Sashimi\n|-activate|p1b: Sashimi|move: Protect\n|\n|-damage|p2b: Mamoswine|42\/100 brn|[from] brn\n|upkeep\n|turn|11\n|\n|t:|1727562967\n|move|p1b: Sashimi|Earthquake|p2b: Mamoswine\n|-damage|p2b: Mamoswine|0 fnt\n|faint|p2b: Mamoswine\n|-damage|p1b: Sashimi|22\/100|[from] item: Life Orb\n|\n|win|greenlightdmp\n|raw|greenlightdmp's rating: 1697 &rarr; <strong>1717<\/strong><br \/>(+20 for winning)\n|raw|ren122333's rating: 1693 &rarr; <strong>1673<\/strong><br \/>(-20 for losing)\n|c|\u2606ren122333|Gg\n|l| BreadTest\n|l|\u2606ren122333\n|player|p2|\n|c|\u2606greenlightdmp|Gg\n","uploadtime":1727563214,"views":31,"formatid":"gen9vgc2024regh","rating":1673,"private":0,"password":null}