{"id":"gen9vgc2024regh-2211826239","format":"[Gen 9] VGC 2024 Reg H","players":["Blueaquajet3","chiitancrazymascot"],"log":"|j|\u2606Blueaquajet3\n|j|\u2606chiitancrazymascot\n|t:|1727566317\n|gametype|doubles\n|player|p1|Blueaquajet3|2|1843\n|player|p2|chiitancrazymascot|pokemaniac|1836\n|teamsize|p1|6\n|teamsize|p2|6\n|gen|9\n|tier|[Gen 9] VGC 2024 Reg H\n|rated|\n|rule|Species Clause: Limit one of each Pok\u00e9mon\n|rule|Item Clause: Limit 1 of each item\n|clearpoke\n|poke|p1|Amoonguss, L50, M|\n|poke|p1|Gholdengo, L50|\n|poke|p1|Porygon2, L50|\n|poke|p1|Incineroar, L50, M|\n|poke|p1|Ursaluna, L50, M|\n|poke|p1|Tyranitar, L50, F|\n|poke|p2|Annihilape, L50, F|\n|poke|p2|Dondozo, L50, F|\n|poke|p2|Maushold-Four, L50|\n|poke|p2|Gholdengo, L50|\n|poke|p2|Whimsicott, L50, M|\n|poke|p2|Tatsugiri, L50, F|\n|teampreview|4\n|inactive|Battle timer is ON: inactive players will automatically lose when time's up. (requested by chiitancrazymascot)\n|inactive|Blueaquajet3 has 60 seconds left.\n|inactive|Blueaquajet3 has 30 seconds left.\n|\n|t:|1727566385\n|start\n|switch|p1a: Porygon2|Porygon2, L50|100\/100\n|switch|p1b: Amoonguss|Amoonguss, L50, M|100\/100\n|switch|p2a: Maushold|Maushold-Four, L50|100\/100\n|switch|p2b: Annihilape|Annihilape, L50, F, shiny|100\/100\n|-ability|p1a: Porygon2|Download|boost\n|-boost|p1a: Porygon2|atk|1\n|turn|1\n|\n|t:|1727566398\n|move|p1b: Amoonguss|Rage Powder|p1b: Amoonguss\n|-singleturn|p1b: Amoonguss|move: Rage Powder\n|move|p2a: Maushold|Taunt|p1b: Amoonguss\n|-start|p1b: Amoonguss|move: Taunt\n|move|p2b: Annihilape|Bulk Up|p2b: Annihilape\n|-boost|p2b: Annihilape|atk|1\n|-boost|p2b: Annihilape|def|1\n|move|p1a: Porygon2|Trick Room|p1a: Porygon2\n|-fieldstart|move: Trick Room|[of] p1a: Porygon2\n|\n|upkeep\n|turn|2\n|\n|t:|1727566417\n|switch|p1a: Ursaluna|Ursaluna, L50, M|100\/100\n|move|p1b: Amoonguss|Pollen Puff|p2a: Maushold\n|-damage|p2a: Maushold|80\/100\n|move|p2b: Annihilape|Bulk Up|p2b: Annihilape\n|-boost|p2b: Annihilape|atk|1\n|-boost|p2b: Annihilape|def|1\n|move|p2a: Maushold|Beat Up|p2b: Annihilape\n|-damage|p2b: Annihilape|99\/100\n|-damage|p2b: Annihilape|98\/100\n|-damage|p2b: Annihilape|97\/100\n|-damage|p2b: Annihilape|96\/100\n|-hitcount|p2b: Annihilape|4\n|\n|-status|p1a: Ursaluna|brn|[from] item: Flame Orb\n|upkeep\n|turn|3\n|inactive|Blueaquajet3 has 30 seconds left.\n|inactive|Blueaquajet3 has 20 seconds left.\n|inactive|Blueaquajet3 has 15 seconds left.\n|\n|t:|1727566462\n|switch|p1b: Gholdengo|Gholdengo, L50|100\/100\n|move|p2a: Maushold|Protect|p2a: Maushold\n|-singleturn|p2a: Maushold|Protect\n|move|p1a: Ursaluna|Headlong Rush|p2b: Annihilape\n|-damage|p2b: Annihilape|58\/100\n|-unboost|p1a: Ursaluna|def|1\n|-unboost|p1a: Ursaluna|spd|1\n|move|p2b: Annihilape|Rage Fist|p1b: Gholdengo\n|-supereffective|p1b: Gholdengo\n|-damage|p1b: Gholdengo|0 fnt\n|faint|p1b: Gholdengo\n|\n|-damage|p1a: Ursaluna|95\/100 brn|[from] brn\n|upkeep\n|inactive|Blueaquajet3 has 30 seconds left.\n|\n|t:|1727566490\n|switch|p1b: Amoonguss|Amoonguss, L50, M|100\/100\n|turn|4\n|\n|t:|1727566508\n|move|p2a: Maushold|Follow Me|p2a: Maushold\n|-singleturn|p2a: Maushold|move: Follow Me\n|move|p1b: Amoonguss|Spore|p2a: Maushold\n|-status|p2a: Maushold|slp|[from] move: Spore\n|move|p1a: Ursaluna|Substitute|p1a: Ursaluna\n|-start|p1a: Ursaluna|Substitute\n|-damage|p1a: Ursaluna|70\/100 brn\n|move|p2b: Annihilape|Rage Fist|p1b: Amoonguss\n|-damage|p1b: Amoonguss|0 fnt\n|-damage|p2b: Annihilape|41\/100|[from] item: Rocky Helmet|[of] p1b: Amoonguss\n|-enditem|p2b: Annihilape|Sitrus Berry|[eat]\n|-heal|p2b: Annihilape|66\/100|[from] item: Sitrus Berry\n|faint|p1b: Amoonguss\n|\n|-damage|p1a: Ursaluna|64\/100 brn|[from] brn\n|upkeep\n|j| Therazer456\n|\n|t:|1727566510\n|switch|p1b: Porygon2|Porygon2, L50|100\/100\n|-ability|p1b: Porygon2|Download|boost\n|-boost|p1b: Porygon2|spa|1\n|turn|5\n|\n|t:|1727566523\n|move|p2b: Annihilape|Protect|p2b: Annihilape\n|-singleturn|p2b: Annihilape|Protect\n|move|p1b: Porygon2|Ice Beam|p2b: Annihilape\n|-activate|p2b: Annihilape|move: Protect\n|move|p1a: Ursaluna|Facade|p2a: Maushold\n|-damage|p2a: Maushold|0 fnt\n|faint|p2a: Maushold\n|\n|-damage|p1a: Ursaluna|58\/100 brn|[from] brn\n|-fieldend|move: Trick Room\n|upkeep\n|\n|t:|1727566528\n|switch|p2a: Dondozo|Dondozo, L50, F, shiny|100\/100\n|turn|6\n|\n|t:|1727566548\n|move|p1a: Ursaluna|Protect|p1a: Ursaluna\n|-singleturn|p1a: Ursaluna|Protect\n|move|p2b: Annihilape|Drain Punch|p1b: Porygon2\n|-supereffective|p1b: Porygon2\n|-damage|p1b: Porygon2|19\/100\n|-heal|p2b: Annihilape|100\/100|[from] drain|[of] p1b: Porygon2\n|move|p2a: Dondozo|Wave Crash|p1b: Porygon2\n|-damage|p1b: Porygon2|0 fnt\n|faint|p1b: Porygon2\n|-damage|p2a: Dondozo|95\/100|[from] Recoil\n|\n|-heal|p2a: Dondozo|100\/100|[from] item: Leftovers\n|-damage|p1a: Ursaluna|52\/100 brn|[from] brn\n|upkeep\n|turn|7\n|-message|Blueaquajet3 forfeited.\n|\n|win|chiitancrazymascot\n|raw|Blueaquajet3's rating: 1843 &rarr; <strong>1823<\/strong><br \/>(-20 for losing)\n|raw|chiitancrazymascot's rating: 1836 &rarr; <strong>1856<\/strong><br \/>(+20 for winning)\n|l|\u2606Blueaquajet3\n|player|p1|\n|l|\u2606chiitancrazymascot\n|player|p2|\n|l| Therazer456\n","uploadtime":1727566800,"views":374,"formatid":"gen9vgc2024regh","rating":1823,"private":0,"password":null}