{"id":"gen9vgc2024regh-2211734798","format":"[Gen 9] VGC 2024 Reg H","players":["DengoIsSoDuumb","ren122333"],"log":"|j|\u2606DengoIsSoDuumb\n|j|\u2606ren122333\n|t:|1727555445\n|gametype|doubles\n|player|p1|DengoIsSoDuumb|265|1699\n|player|p2|ren122333|hilbert|1707\n|teamsize|p1|6\n|teamsize|p2|6\n|gen|9\n|tier|[Gen 9] VGC 2024 Reg H\n|rated|\n|rule|Species Clause: Limit one of each Pok\u00e9mon\n|rule|Item Clause: Limit 1 of each item\n|clearpoke\n|poke|p1|Gholdengo, L50|\n|poke|p1|Ursaluna-Bloodmoon, L50, M|\n|poke|p1|Sylveon, L50, F|\n|poke|p1|Garchomp, L50, M|\n|poke|p1|Incineroar, L50, M|\n|poke|p1|Grimmsnarl, L50, M|\n|poke|p2|Whimsicott, L50, F|\n|poke|p2|Mamoswine, L50, M|\n|poke|p2|Lycanroc-Dusk, L50, F|\n|poke|p2|Typhlosion-Hisui, L50, F|\n|poke|p2|Farigiraf, L50, M|\n|poke|p2|Mienshao, L50, F|\n|teampreview|4\n|inactive|Battle timer is ON: inactive players will automatically lose when time's up. (requested by DengoIsSoDuumb)\n|\n|t:|1727555475\n|start\n|switch|p1a: Grimmsnarl|Grimmsnarl, L50, M|100\/100\n|switch|p1b: Garchomp|Garchomp, L50, M|100\/100\n|switch|p2a: Mienshao|Mienshao, L50, F|100\/100\n|switch|p2b: Mamoswine|Mamoswine, L50, M|100\/100\n|turn|1\n|\n|t:|1727555497\n|switch|p1b: Gholdengo|Gholdengo, L50|100\/100\n|move|p1a: Grimmsnarl|Reflect|p1a: Grimmsnarl\n|-sidestart|p1: DengoIsSoDuumb|Reflect\n|move|p2a: Mienshao|Ice Spinner|p1b: Gholdengo\n|-resisted|p1b: Gholdengo\n|-damage|p1b: Gholdengo|92\/100\n|-damage|p2a: Mienshao|90\/100|[from] item: Life Orb\n|move|p2b: Mamoswine|High Horsepower|p1b: Gholdengo\n|-supereffective|p1b: Gholdengo\n|-damage|p1b: Gholdengo|24\/100\n|\n|-heal|p1b: Gholdengo|30\/100|[from] item: Leftovers\n|upkeep\n|turn|2\n|\n|t:|1727555513\n|move|p1b: Gholdengo|Protect|p1b: Gholdengo\n|-singleturn|p1b: Gholdengo|Protect\n|move|p2a: Mienshao|Close Combat|p1a: Grimmsnarl\n|-damage|p1a: Grimmsnarl|44\/100\n|-unboost|p2a: Mienshao|def|1\n|-unboost|p2a: Mienshao|spd|1\n|-damage|p2a: Mienshao|80\/100|[from] item: Life Orb\n|move|p2b: Mamoswine|High Horsepower|p1b: Gholdengo\n|-activate|p1b: Gholdengo|move: Protect\n|move|p1a: Grimmsnarl|Spirit Break|p2a: Mienshao\n|-supereffective|p2a: Mienshao\n|-damage|p2a: Mienshao|0 fnt\n|faint|p2a: Mienshao\n|\n|-heal|p1b: Gholdengo|37\/100|[from] item: Leftovers\n|upkeep\n|\n|t:|1727555517\n|switch|p2a: Typhlosion|Typhlosion-Hisui, L50, F|100\/100\n|-item|p1a: Grimmsnarl|Light Clay|[from] ability: Frisk|[of] p2a: Typhlosion\n|-item|p1b: Gholdengo|Leftovers|[from] ability: Frisk|[of] p2a: Typhlosion\n|turn|3\n|inactive|DengoIsSoDuumb has 30 seconds left.\n|\n|t:|1727555543\n|move|p1a: Grimmsnarl|Light Screen|p1a: Grimmsnarl\n|-sidestart|p1: DengoIsSoDuumb|move: Light Screen\n|move|p2a: Typhlosion|Eruption|p1a: Grimmsnarl|[spread] p1a,p1b\n|-supereffective|p1b: Gholdengo\n|-damage|p1a: Grimmsnarl|0 fnt\n|-damage|p1b: Gholdengo|0 fnt\n|faint|p1a: Grimmsnarl\n|faint|p1b: Gholdengo\n|move|p2b: Mamoswine|High Horsepower|p1: Grimmsnarl|[notarget]\n|-fail|p2b: Mamoswine\n|\n|upkeep\n|\n|t:|1727555549\n|switch|p1b: Garchomp|Garchomp, L50, M|100\/100\n|switch|p1a: Incineroar|Incineroar, L50, M|100\/100\n|-ability|p1a: Incineroar|Intimidate|boost\n|-unboost|p2a: Typhlosion|atk|1\n|-fail|p2b: Mamoswine|unboost|Attack|[from] ability: Oblivious|[of] p2b: Mamoswine\n|turn|4\n|\n|t:|1727555563\n|switch|p2a: Farigiraf|Farigiraf, L50, M|100\/100\n|-terastallize|p2b: Mamoswine|Grass\n|move|p1a: Incineroar|Fake Out||[still]\n|cant|p2a: Farigiraf|ability: Armor Tail|Fake Out|[of] p1a: Incineroar\n|move|p1b: Garchomp|Stomping Tantrum|p2a: Farigiraf\n|-damage|p2a: Farigiraf|60\/100\n|move|p2b: Mamoswine|Icicle Crash|p1b: Garchomp\n|-supereffective|p1b: Garchomp\n|-damage|p1b: Garchomp|0 fnt\n|faint|p1b: Garchomp\n|\n|upkeep\n|turn|5\n|-message|DengoIsSoDuumb forfeited.\n|\n|win|ren122333\n|raw|DengoIsSoDuumb's rating: 1699 &rarr; <strong>1679<\/strong><br \/>(-20 for losing)\n|raw|ren122333's rating: 1707 &rarr; <strong>1727<\/strong><br \/>(+20 for winning)\n|l|\u2606DengoIsSoDuumb\n|player|p1|\n|l|\u2606ren122333\n|player|p2|\n","uploadtime":1727555757,"views":28,"formatid":"gen9vgc2024regh","rating":1679,"private":0,"password":null}