{"id":"gen9vgc2024regh-2211907123","format":"[Gen 9] VGC 2024 Reg H","players":["Zordor","ren122333"],"log":"|j|\u2606Zordor\n|j|\u2606ren122333\n|t:|1727576682\n|gametype|doubles\n|player|p1|Zordor|pilot|1788\n|player|p2|ren122333|hilbert|1680\n|teamsize|p1|6\n|teamsize|p2|6\n|gen|9\n|tier|[Gen 9] VGC 2024 Reg H\n|rated|\n|rule|Species Clause: Limit one of each Pok\u00e9mon\n|rule|Item Clause: Limit 1 of each item\n|clearpoke\n|poke|p1|Rotom-Wash, L50|\n|poke|p1|Sneasler, L50, F|\n|poke|p1|Venusaur, L50, F|\n|poke|p1|Kingambit, L50, F|\n|poke|p1|Armarouge, L50, F|\n|poke|p1|Dragapult, L50, F|\n|poke|p2|Whimsicott, L50, F|\n|poke|p2|Mamoswine, L50, M|\n|poke|p2|Lycanroc-Dusk, L50, M|\n|poke|p2|Typhlosion-Hisui, L50, F|\n|poke|p2|Farigiraf, L50, M|\n|poke|p2|Mienshao, L50, M|\n|teampreview|4\n|inactive|Battle timer is ON: inactive players will automatically lose when time's up. (requested by ren122333)\n|inactive|Zordor has 60 seconds left.\n|j| BreadTest\n|\n|t:|1727576758\n|start\n|switch|p1a: Sneasler|Sneasler, L50, F|100\/100\n|switch|p1b: Kingambit|Kingambit, L50, F|100\/100\n|switch|p2a: Lycanroc|Lycanroc-Dusk, L50, M|100\/100\n|switch|p2b: Mienshao|Mienshao, L50, M|100\/100\n|turn|1\n|\n|t:|1727576780\n|move|p1a: Sneasler|Protect|p1a: Sneasler\n|-singleturn|p1a: Sneasler|Protect\n|move|p1b: Kingambit|Protect|p1b: Kingambit\n|-singleturn|p1b: Kingambit|Protect\n|move|p2a: Lycanroc|Rock Slide|p1b: Kingambit|[spread] \n|-activate|p1a: Sneasler|move: Protect\n|-activate|p1b: Kingambit|move: Protect\n|move|p2b: Mienshao|Close Combat|p1b: Kingambit\n|-activate|p1b: Kingambit|move: Protect\n|\n|upkeep\n|turn|2\n|inactive|Zordor has 30 seconds left.\n|inactive|Zordor has 20 seconds left.\n|inactive|Zordor has 15 seconds left.\n|\n|t:|1727576824\n|-terastallize|p1b: Kingambit|Flying\n|move|p1b: Kingambit|Sucker Punch|p2a: Lycanroc\n|-damage|p2a: Lycanroc|34\/100\n|move|p1a: Sneasler|Dire Claw|p2a: Lycanroc\n|-resisted|p2a: Lycanroc\n|-damage|p2a: Lycanroc|0 fnt\n|faint|p2a: Lycanroc\n|move|p2b: Mienshao|Ice Spinner|p1a: Sneasler\n|-damage|p1a: Sneasler|45\/100\n|-damage|p2b: Mienshao|90\/100|[from] item: Life Orb\n|\n|upkeep\n|\n|t:|1727576842\n|switch|p2a: Typhlosion|Typhlosion-Hisui, L50, F|100\/100\n|-item|p1a: Sneasler|Focus Sash|[from] ability: Frisk|[of] p2a: Typhlosion\n|-item|p1b: Kingambit|Sitrus Berry|[from] ability: Frisk|[of] p2a: Typhlosion\n|turn|3\n|l| BreadTest\n|\n|t:|1727576853\n|switch|p1a: Armarouge|Armarouge, L50, F|100\/100\n|switch|p2b: Farigiraf|Farigiraf, L50, M|100\/100\n|-terastallize|p2a: Typhlosion|Fire\n|move|p1b: Kingambit|Protect|p1b: Kingambit\n|-singleturn|p1b: Kingambit|Protect\n|move|p2a: Typhlosion|Eruption|p1b: Kingambit|[spread] \n|-activate|p1b: Kingambit|move: Protect\n|-start|p1a: Armarouge|ability: Flash Fire\n|\n|upkeep\n|turn|4\n|inactive|Zordor has 30 seconds left.\n|\n|t:|1727576879\n|move|p2a: Typhlosion|Eruption|p1a: Armarouge|[spread] p1b\n|-immune|p1a: Armarouge|[from] ability: Flash Fire\n|-damage|p1b: Kingambit|0 fnt\n|faint|p1b: Kingambit\n|move|p1a: Armarouge|Meteor Beam||[still]\n|-prepare|p1a: Armarouge|Meteor Beam\n|-boost|p1a: Armarouge|spa|1\n|-enditem|p1a: Armarouge|Power Herb\n|-anim|p1a: Armarouge|Meteor Beam|p2a: Typhlosion\n|-supereffective|p2a: Typhlosion\n|-damage|p2a: Typhlosion|0 fnt\n|faint|p2a: Typhlosion\n|move|p2b: Farigiraf|Hyper Voice|p1a: Armarouge\n|-damage|p1a: Armarouge|50\/100\n|\n|upkeep\n|\n|t:|1727576904\n|switch|p2a: Mienshao|Mienshao, L50, M|90\/100\n|switch|p1b: Sneasler|Sneasler, L50, F|45\/100\n|turn|5\n|\n|t:|1727576915\n|move|p1b: Sneasler|Protect|p1b: Sneasler\n|-singleturn|p1b: Sneasler|Protect\n|move|p1a: Armarouge|Protect|p1a: Armarouge\n|-singleturn|p1a: Armarouge|Protect\n|move|p2a: Mienshao|Knock Off|p1a: Armarouge\n|-activate|p1a: Armarouge|move: Protect\n|move|p2b: Farigiraf|Psychic|p1b: Sneasler\n|-activate|p1b: Sneasler|move: Protect\n|\n|upkeep\n|turn|6\n|\n|t:|1727576922\n|move|p1b: Sneasler|Rock Tomb|p2a: Mienshao\n|-resisted|p2a: Mienshao\n|-damage|p2a: Mienshao|70\/100\n|-unboost|p2a: Mienshao|spe|1\n|move|p1a: Armarouge|Heat Wave|p2a: Mienshao|[spread] p2a,p2b\n|-damage|p2a: Mienshao|0 fnt\n|-damage|p2b: Farigiraf|25\/100\n|faint|p2a: Mienshao\n|move|p2b: Farigiraf|Hyper Voice|p1b: Sneasler|[spread] p1a,p1b\n|-damage|p1a: Armarouge|12\/100\n|-damage|p1b: Sneasler|0 fnt\n|faint|p1b: Sneasler\n|\n|upkeep\n|\n|t:|1727576930\n|switch|p1b: Venusaur|Venusaur, L50, F|100\/100\n|turn|7\n|\n|t:|1727576938\n|move|p1b: Venusaur|Sludge Bomb|p2b: Farigiraf\n|-damage|p2b: Farigiraf|0 fnt\n|faint|p2b: Farigiraf\n|\n|win|Zordor\n|raw|Zordor's rating: 1788 &rarr; <strong>1802<\/strong><br \/>(+14 for winning)\n|raw|ren122333's rating: 1680 &rarr; <strong>1666<\/strong><br \/>(-14 for losing)\n|l|\u2606ren122333\n|player|p2|\n|l|\u2606Zordor\n|player|p1|\n","uploadtime":1727577200,"views":22,"formatid":"gen9vgc2024regh","rating":1666,"private":0,"password":null}