{"id":"gen9vgc2024regh-2211281076","format":"[Gen 9] VGC 2024 Reg H","players":["roykeenkennedy","bertscai"],"log":"|j|\u2606roykeenkennedy\n|j|\u2606bertscai\n|t:|1727489752\n|gametype|doubles\n|player|p1|roykeenkennedy|alder|1765\n|player|p2|bertscai|hiker|1709\n|teamsize|p1|6\n|teamsize|p2|6\n|gen|9\n|tier|[Gen 9] VGC 2024 Reg H\n|rated|\n|rule|Species Clause: Limit one of each Pok\u00e9mon\n|rule|Item Clause: Limit 1 of each item\n|clearpoke\n|poke|p1|Salamence, L50, M|\n|poke|p1|Incineroar, L50, M|\n|poke|p1|Weezing, L50, M|\n|poke|p1|Dragapult, L50, M|\n|poke|p1|Ursaluna-Bloodmoon, L50, M|\n|poke|p1|Porygon2, L50|\n|poke|p2|Drifblim, L50, F|\n|poke|p2|Amoonguss, L50, F|\n|poke|p2|Indeedee, L50, M|\n|poke|p2|Glimmora, L50, F|\n|poke|p2|Maushold-Four, L50|\n|poke|p2|Typhlosion-Hisui, L50, F|\n|teampreview|4\n|inactive|Battle timer is ON: inactive players will automatically lose when time's up. (requested by bertscai)\n|inactive|roykeenkennedy has 60 seconds left.\n|\n|t:|1727489796\n|start\n|switch|p1a: Weezing|Weezing, L50, M|100\/100\n|switch|p1b: Salamence|Salamence, L50, M|100\/100\n|switch|p2a: Typhlosion|Typhlosion-Hisui, L50, F|100\/100\n|switch|p2b: Maushold|Maushold-Four, L50|100\/100\n|-ability|p1a: Weezing|Neutralizing Gas\n|turn|1\n|\n|t:|1727489813\n|-terastallize|p1a: Weezing|Ghost\n|move|p1b: Salamence|Rock Slide|p2a: Typhlosion|[spread] p2b\n|-miss|p1b: Salamence|p2a: Typhlosion\n|-damage|p2b: Maushold|65\/100\n|move|p2a: Typhlosion|Eruption|p1a: Weezing|[spread] p1a,p1b\n|-resisted|p1b: Salamence\n|-damage|p1a: Weezing|29\/100\n|-damage|p1b: Salamence|65\/100\n|move|p2b: Maushold|Population Bomb|p1b: Salamence\n|-damage|p1b: Salamence|54\/100\n|-crit|p1b: Salamence\n|-damage|p1b: Salamence|38\/100\n|-damage|p1b: Salamence|28\/100\n|-damage|p1b: Salamence|18\/100\n|-damage|p1b: Salamence|7\/100\n|-damage|p1b: Salamence|0 fnt\n|faint|p1b: Salamence\n|-hitcount|p1: Salamence|6\n|move|p1a: Weezing|Will-O-Wisp|p2b: Maushold\n|-status|p2b: Maushold|brn\n|\n|-heal|p1a: Weezing|35\/100|[from] item: Leftovers\n|-damage|p2b: Maushold|59\/100 brn|[from] brn\n|upkeep\n|c|\u2606roykeenkennedy|........\n|c|\u2606roykeenkennedy|Ffs\n|inactive|roykeenkennedy has 30 seconds left.\n|\n|t:|1727489846\n|switch|p1b: Dragapult|Dragapult, L50, M|100\/100\n|turn|2\n|\n|t:|1727489853\n|move|p1a: Weezing|Protect|p1a: Weezing\n|-singleturn|p1a: Weezing|Protect\n|move|p2b: Maushold|Follow Me|p2b: Maushold\n|-singleturn|p2b: Maushold|move: Follow Me\n|move|p2a: Typhlosion|Eruption|p1b: Dragapult|[spread] p1b\n|-activate|p1a: Weezing|move: Protect\n|-resisted|p1b: Dragapult\n|-damage|p1b: Dragapult|55\/100\n|move|p1b: Dragapult|Dragon Darts|p2b: Maushold\n|-damage|p2b: Maushold|0 fnt\n|faint|p2b: Maushold\n|\n|-heal|p1a: Weezing|41\/100|[from] item: Leftovers\n|upkeep\n|\n|t:|1727489868\n|switch|p2b: Indeedee|Indeedee, L50, M|100\/100\n|turn|3\n|j| MikeFlem12326171\n|\n|t:|1727489878\n|move|p1a: Weezing|Protect|p1a: Weezing\n|-singleturn|p1a: Weezing|Protect\n|move|p2a: Typhlosion|Eruption|p1b: Dragapult|[spread] p1b\n|-activate|p1a: Weezing|move: Protect\n|-resisted|p1b: Dragapult\n|-damage|p1b: Dragapult|17\/100\n|move|p1b: Dragapult|Dragon Darts|p2a: Typhlosion\n|-damage|p2a: Typhlosion|40\/100\n|-anim|p1b: Dragapult|Dragon Darts|p2b: Indeedee\n|-damage|p2b: Indeedee|13\/100\n|move|p2b: Indeedee|Dazzling Gleam|p1b: Dragapult|[spread] p1b\n|-activate|p1a: Weezing|move: Protect\n|-supereffective|p1b: Dragapult\n|-damage|p1b: Dragapult|0 fnt\n|faint|p1b: Dragapult\n|\n|-heal|p1a: Weezing|48\/100|[from] item: Leftovers\n|upkeep\n|j| Therazer456\n|\n|t:|1727489897\n|switch|p1b: Ursaluna|Ursaluna-Bloodmoon, L50, M|100\/100\n|turn|4\n|\n|t:|1727489907\n|-terastallize|p2a: Typhlosion|Fire\n|move|p2a: Typhlosion|Eruption|p1b: Ursaluna|[spread] p1a,p1b\n|-damage|p1a: Weezing|8\/100\n|-damage|p1b: Ursaluna|76\/100\n|move|p2b: Indeedee|Dazzling Gleam|p1a: Weezing|[spread] p1a,p1b\n|-damage|p1a: Weezing|0 fnt\n|-damage|p1b: Ursaluna|55\/100\n|faint|p1a: Weezing\n|-end|p1a: Weezing|ability: Neutralizing Gas\n|-fieldstart|move: Psychic Terrain|[from] ability: Psychic Surge|[of] p2b: Indeedee\n|move|p1b: Ursaluna|Hyper Voice|p2a: Typhlosion|[spread] p2a,p2b\n|-damage|p2a: Typhlosion|0 fnt\n|-damage|p2b: Indeedee|0 fnt\n|faint|p2a: Typhlosion\n|faint|p2b: Indeedee\n|\n|upkeep\n|\n|t:|1727489919\n|switch|p2b: Glimmora|Glimmora, L50, F|100\/100\n|turn|5\n|\n|t:|1727489927\n|move|p2b: Glimmora|Meteor Beam||[still]\n|-prepare|p2b: Glimmora|Meteor Beam\n|-boost|p2b: Glimmora|spa|1\n|-enditem|p2b: Glimmora|Power Herb\n|-anim|p2b: Glimmora|Meteor Beam|p1b: Ursaluna\n|-resisted|p1b: Ursaluna\n|-damage|p1b: Ursaluna|19\/100\n|move|p1b: Ursaluna|Earth Power|p2b: Glimmora\n|-supereffective|p2b: Glimmora\n|-damage|p2b: Glimmora|0 fnt\n|faint|p2b: Glimmora\n|\n|win|roykeenkennedy\n|raw|roykeenkennedy's rating: 1765 &rarr; <strong>1782<\/strong><br \/>(+17 for winning)\n|raw|bertscai's rating: 1709 &rarr; <strong>1692<\/strong><br \/>(-17 for losing)\n|c| MikeFlem12326171|earth power\n|l|\u2606bertscai\n|player|p2|\n|c|\u2606roykeenkennedy|Gg\n|l|\u2606roykeenkennedy\n|player|p1|\n|l| Therazer456\n","uploadtime":1727490162,"views":22,"formatid":"gen9vgc2024regh","rating":1692,"private":0,"password":null}