{"id":"gen9vgc2024regh-2211798821","format":"[Gen 9] VGC 2024 Reg H","players":["pokehys3","zhanlinxie"],"log":"|j|\u2606pokehys3\n|j|\u2606zhanlinxie\n|t:|1727562831\n|gametype|doubles\n|player|p1|pokehys3|1|1740\n|player|p2|zhanlinxie|marley|1745\n|teamsize|p1|6\n|teamsize|p2|6\n|gen|9\n|tier|[Gen 9] VGC 2024 Reg H\n|rated|\n|rule|Species Clause: Limit one of each Pok\u00e9mon\n|rule|Item Clause: Limit 1 of each item\n|clearpoke\n|poke|p1|Dragapult, L50, M|\n|poke|p1|Sneasler, L50, F|\n|poke|p1|Indeedee, L50, M|\n|poke|p1|Talonflame, L50, M|\n|poke|p1|Gholdengo, L50|\n|poke|p1|Inteleon, L50, F|\n|poke|p2|Incineroar, L50, F|\n|poke|p2|Pelipper, L50, F|\n|poke|p2|Archaludon, L50, F|\n|poke|p2|Basculegion, L50, M|\n|poke|p2|Amoonguss, L50, F|\n|poke|p2|Maushold-Four, L50|\n|teampreview|4\n|inactive|Battle timer is ON: inactive players will automatically lose when time's up. (requested by pokehys3)\n|inactive|zhanlinxie has 60 seconds left.\n|\n|t:|1727562871\n|start\n|switch|p1a: Talonflame|Talonflame, L50, M|100\/100\n|switch|p1b: Dragapult|Dragapult, L50, M|100\/100\n|switch|p2a: Incineroar|Incineroar, L50, F|100\/100\n|switch|p2b: Archaludon|Archaludon, L50, F|100\/100\n|-ability|p2a: Incineroar|Intimidate|boost\n|-unboost|p1a: Talonflame|atk|1\n|-fail|p1b: Dragapult|unboost|[from] ability: Clear Body|[of] p1b: Dragapult\n|turn|1\n|\n|t:|1727562893\n|move|p1a: Talonflame|Tailwind|p1a: Talonflame\n|-sidestart|p1: pokehys3|move: Tailwind\n|move|p1b: Dragapult|U-turn|p2a: Incineroar\n|-damage|p2a: Incineroar|60\/100\n|\n|t:|1727562898\n|switch|p1b: Sneasler|Sneasler, L50, F|100\/100|[from] U-turn\n|move|p2b: Archaludon|Dragon Pulse|p1b: Sneasler\n|-damage|p1b: Sneasler|44\/100\n|move|p2a: Incineroar|Knock Off|p1b: Sneasler\n|-resisted|p1b: Sneasler\n|-damage|p1b: Sneasler|1\/100\n|-enditem|p1b: Sneasler|Psychic Seed|[from] move: Knock Off|[of] p2a: Incineroar\n|\n|upkeep\n|turn|2\n|inactive|zhanlinxie has 30 seconds left.\n|inactive|zhanlinxie has 20 seconds left.\n|inactive|zhanlinxie has 15 seconds left.\n|inactive|zhanlinxie has 10 seconds left.\n|\n|t:|1727562944\n|switch|p2b: Pelipper|Pelipper, L50, F|100\/100\n|-weather|RainDance|[from] ability: Drizzle|[of] p2b: Pelipper\n|move|p1b: Sneasler|Close Combat|p2b: Pelipper\n|-resisted|p2b: Pelipper\n|-damage|p2b: Pelipper|56\/100\n|-unboost|p1b: Sneasler|def|1\n|-unboost|p1b: Sneasler|spd|1\n|move|p1a: Talonflame|Taunt|p2a: Incineroar\n|-start|p2a: Incineroar|move: Taunt\n|move|p2a: Incineroar|Knock Off|p1a: Talonflame\n|-damage|p1a: Talonflame|31\/100\n|-enditem|p1a: Talonflame|Life Orb|[from] move: Knock Off|[of] p2a: Incineroar\n|\n|-weather|RainDance|[upkeep]\n|upkeep\n|turn|3\n|\n|t:|1727562965\n|switch|p2a: Basculegion|Basculegion, L50, M|100\/100\n|move|p2b: Pelipper|Protect|p2b: Pelipper\n|-singleturn|p2b: Pelipper|Protect\n|move|p1b: Sneasler|Close Combat|p2a: Basculegion\n|-immune|p2a: Basculegion\n|move|p1a: Talonflame|Brave Bird|p2b: Pelipper\n|-activate|p2b: Pelipper|move: Protect\n|\n|-weather|RainDance|[upkeep]\n|upkeep\n|turn|4\n|inactive|zhanlinxie has 30 seconds left.\n|j| BreadTest\n|inactive|zhanlinxie has 20 seconds left.\n|inactive|pokehys3 has 30 seconds left.\n|inactive|zhanlinxie has 15 seconds left.\n|inactive|zhanlinxie has 10 seconds left.\n|\n|t:|1727563011\n|switch|p1a: Indeedee|Indeedee, L50, M|100\/100\n|-fieldstart|move: Psychic Terrain|[from] ability: Psychic Surge|[of] p1a: Indeedee\n|move|p2a: Basculegion|Protect|p2a: Basculegion\n|-singleturn|p2a: Basculegion|Protect\n|move|p1b: Sneasler|Dire Claw|p2b: Pelipper\n|-damage|p2b: Pelipper|0 fnt\n|faint|p2b: Pelipper\n|\n|-weather|RainDance|[upkeep]\n|-sideend|p1: pokehys3|move: Tailwind\n|upkeep\n|inactive|zhanlinxie has 30 seconds left.\n|\n|t:|1727563042\n|switch|p2b: Incineroar|Incineroar, L50, F|60\/100\n|-ability|p2b: Incineroar|Intimidate|boost\n|-unboost|p1a: Indeedee|atk|1\n|-unboost|p1b: Sneasler|atk|1\n|turn|5\n|\n|t:|1727563064\n|-terastallize|p1a: Indeedee|Fighting\n|move|p1b: Sneasler|Throat Chop|p2a: Basculegion\n|-supereffective|p2a: Basculegion\n|-damage|p2a: Basculegion|48\/100\n|-start|p2a: Basculegion|Throat Chop|[silent]\n|move|p2a: Basculegion|Last Respects|p1b: Sneasler\n|-damage|p1b: Sneasler|0 fnt\n|faint|p1b: Sneasler\n|move|p1a: Indeedee|Expanding Force|p2a: Basculegion|[spread] p2a\n|-immune|p2b: Incineroar\n|-damage|p2a: Basculegion|0 fnt\n|faint|p2a: Basculegion\n|move|p2b: Incineroar|Knock Off|p1a: Indeedee\n|-resisted|p1a: Indeedee\n|-damage|p1a: Indeedee|52\/100\n|-enditem|p1a: Indeedee|Focus Sash|[from] move: Knock Off|[of] p2b: Incineroar\n|\n|-weather|RainDance|[upkeep]\n|upkeep\n|\n|t:|1727563084\n|switch|p1b: Dragapult|Dragapult, L50, M|100\/100\n|switch|p2a: Archaludon|Archaludon, L50, F|100\/100\n|turn|6\n|\n|t:|1727563098\n|move|p1b: Dragapult|Outrage|p2b: Incineroar\n|-damage|p2b: Incineroar|0 fnt\n|faint|p2b: Incineroar\n|move|p1a: Indeedee|Tera Blast|p2a: Archaludon|[anim] Tera Blast Fighting\n|-supereffective|p2a: Archaludon\n|-damage|p2a: Archaludon|49\/100\n|-ability|p2a: Archaludon|Stamina|boost\n|-boost|p2a: Archaludon|def|1\n|move|p2a: Archaludon|Electro Shot||[still]\n|-prepare|p2a: Archaludon|Electro Shot\n|-boost|p2a: Archaludon|spa|1\n|-anim|p2a: Archaludon|Electro Shot|p1a: Indeedee\n|-damage|p1a: Indeedee|0 fnt\n|faint|p1a: Indeedee\n|\n|-weather|none\n|upkeep\n|\n|t:|1727563105\n|switch|p1a: Talonflame|Talonflame, L50, M|31\/100\n|turn|7\n|\n|t:|1727563117\n|move|p1a: Talonflame|Flare Blitz|p2a: Archaludon\n|-damage|p2a: Archaludon|27\/100\n|-ability|p2a: Archaludon|Stamina|boost\n|-boost|p2a: Archaludon|def|1\n|-damage|p1a: Talonflame|22\/100|[from] Recoil\n|move|p1b: Dragapult|Outrage|p2a: Archaludon|[from]lockedmove\n|-damage|p2a: Archaludon|0 fnt\n|faint|p2a: Archaludon\n|\n|win|pokehys3\n|raw|pokehys3's rating: 1740 &rarr; <strong>1760<\/strong><br \/>(+20 for winning)\n|raw|zhanlinxie's rating: 1745 &rarr; <strong>1725<\/strong><br \/>(-20 for losing)\n|l|\u2606zhanlinxie\n|player|p2|\n|l|\u2606pokehys3\n|player|p1|\n|l| BreadTest\n","uploadtime":1727563357,"views":24,"formatid":"gen9vgc2024regh","rating":1725,"private":0,"password":null}