{"id":"gen9vgc2024regh-2211156780","format":"[Gen 9] VGC 2024 Reg H","players":["elvegis1","pokehys3"],"log":"|j|\u2606elvegis1\n|j|\u2606pokehys3\n|t:|1727474164\n|gametype|doubles\n|player|p1|elvegis1|lucas|1783\n|player|p2|pokehys3|1|1698\n|teamsize|p1|6\n|teamsize|p2|6\n|gen|9\n|tier|[Gen 9] VGC 2024 Reg H\n|rated|\n|rule|Species Clause: Limit one of each Pok\u00e9mon\n|rule|Item Clause: Limit 1 of each item\n|clearpoke\n|poke|p1|Porygon2, L50|\n|poke|p1|Kingambit, L50, M|\n|poke|p1|Amoonguss, L50, M|\n|poke|p1|Sneasler, L50, M|\n|poke|p1|Dragonite, L50, F|\n|poke|p1|Primarina, L50, M|\n|poke|p2|Dragapult, L50, M|\n|poke|p2|Sneasler, L50, M|\n|poke|p2|Indeedee, L50, M|\n|poke|p2|Talonflame, L50, F|\n|poke|p2|Gholdengo, L50|\n|poke|p2|Maushold-Four, L50|\n|teampreview|4\n|inactive|Battle timer is ON: inactive players will automatically lose when time's up. (requested by pokehys3)\n|j| kyotgst\n|j| Therazer456\n|\n|t:|1727474192\n|start\n|switch|p1a: Porygon2|Porygon2, L50|100\/100\n|switch|p1b: Amoonguss|Amoonguss, L50, M|100\/100\n|switch|p2a: Indeedee|Indeedee, L50, M|100\/100\n|switch|p2b: Dragapult|Dragapult, L50, M|100\/100\n|-fieldstart|move: Psychic Terrain|[from] ability: Psychic Surge|[of] p2a: Indeedee\n|-ability|p1a: Porygon2|Download|boost\n|-boost|p1a: Porygon2|atk|1\n|turn|1\n|\n|t:|1727474209\n|switch|p1a: Kingambit|Kingambit, L50, M|100\/100\n|move|p1b: Amoonguss|Protect|p1b: Amoonguss\n|-singleturn|p1b: Amoonguss|Protect\n|move|p2b: Dragapult|U-turn|p1b: Amoonguss\n|-activate|p1b: Amoonguss|move: Protect\n|move|p2a: Indeedee|Imprison|p2a: Indeedee\n|-start|p2a: Indeedee|move: Imprison\n|\n|upkeep\n|turn|2\n|inactive|elvegis1 has 30 seconds left.\n|\n|t:|1727474237\n|-terastallize|p2a: Indeedee|Fighting\n|-terastallize|p1b: Amoonguss|Dark\n|move|p2b: Dragapult|U-turn|p1b: Amoonguss\n|-supereffective|p1b: Amoonguss\n|-damage|p1b: Amoonguss|36\/100\n|-damage|p2b: Dragapult|84\/100|[from] item: Rocky Helmet|[of] p1b: Amoonguss\n|\n|t:|1727474244\n|switch|p2b: Gholdengo|Gholdengo, L50|100\/100|[from] U-turn\n|move|p2a: Indeedee|Tera Blast|p1a: Kingambit|[anim] Tera Blast Fighting\n|-supereffective|p1a: Kingambit\n|-damage|p1a: Kingambit|4\/100\n|move|p1a: Kingambit|Kowtow Cleave|p2a: Indeedee\n|-resisted|p2a: Indeedee\n|-damage|p2a: Indeedee|49\/100\n|move|p1b: Amoonguss|Spore|p2b: Gholdengo\n|-immune|p2b: Gholdengo|[from] ability: Good as Gold\n|\n|upkeep\n|turn|3\n|inactive|elvegis1 has 30 seconds left.\n|inactive|pokehys3 has 30 seconds left.\n|j| karaflas\n|\n|t:|1727474272\n|move|p2a: Indeedee|Expanding Force|p1b: Amoonguss|[spread] \n|-immune|p1a: Kingambit\n|-immune|p1b: Amoonguss\n|move|p2b: Gholdengo|Make It Rain|p1b: Amoonguss|[spread] p1a,p1b\n|-resisted|p1a: Kingambit\n|-damage|p1a: Kingambit|0 fnt\n|-damage|p1b: Amoonguss|0 fnt\n|-unboost|p2b: Gholdengo|spa|1\n|faint|p1a: Kingambit\n|faint|p1b: Amoonguss\n|\n|upkeep\n|\n|t:|1727474278\n|switch|p1a: Primarina|Primarina, L50, M|100\/100\n|switch|p1b: Porygon2|Porygon2, L50|100\/100\n|-ability|p1b: Porygon2|Download|boost\n|-boost|p1b: Porygon2|atk|1\n|turn|4\n|\n|t:|1727474297\n|move|p2a: Indeedee|Expanding Force|p1a: Primarina|[spread] p1a,p1b\n|-damage|p1a: Primarina|54\/100\n|-damage|p1b: Porygon2|67\/100\n|move|p2b: Gholdengo|Make It Rain|p1b: Porygon2|[spread] p1a,p1b\n|-damage|p1a: Primarina|8\/100\n|-damage|p1b: Porygon2|35\/100\n|-unboost|p2b: Gholdengo|spa|1\n|move|p1a: Primarina|Hyper Voice|p2a: Indeedee|[spread] p2a,p2b\n|-damage|p2a: Indeedee|0 fnt\n|-damage|p2b: Gholdengo|56\/100\n|faint|p2a: Indeedee\n|-enditem|p1a: Primarina|Throat Spray\n|-boost|p1a: Primarina|spa|1|[from] item: Throat Spray\n|move|p1b: Porygon2|Ice Beam|p2b: Gholdengo\n|-resisted|p2b: Gholdengo\n|-damage|p2b: Gholdengo|42\/100\n|\n|upkeep\n|\n|t:|1727474306\n|switch|p2a: Dragapult|Dragapult, L50, M|84\/100\n|turn|5\n|\n|t:|1727474311\n|move|p1a: Primarina|Protect|p1a: Primarina\n|-singleturn|p1a: Primarina|Protect\n|move|p2a: Dragapult|Dragon Darts|p1b: Porygon2\n|-damage|p1b: Porygon2|10\/100\n|-anim|p2a: Dragapult|Dragon Darts|p1b: Porygon2\n|-damage|p1b: Porygon2|0 fnt\n|faint|p1b: Porygon2\n|move|p2b: Gholdengo|Make It Rain|p1a: Primarina\n|-activate|p1a: Primarina|move: Protect\n|\n|-fieldend|move: Psychic Terrain\n|upkeep\n|turn|6\n|-message|elvegis1 forfeited.\n|\n|win|pokehys3\n|raw|elvegis1's rating: 1783 &rarr; <strong>1758<\/strong><br \/>(-25 for losing)\n|raw|pokehys3's rating: 1698 &rarr; <strong>1723<\/strong><br \/>(+25 for winning)\n|l|\u2606elvegis1\n|player|p1|\n|l|\u2606pokehys3\n|player|p2|\n|l| Therazer456\n","uploadtime":1727474525,"views":25,"formatid":"gen9vgc2024regh","rating":1723,"private":0,"password":null}