{"id":"gen9vgc2024regh-2211064069","format":"[Gen 9] VGC 2024 Reg H","players":["snowperegrine","mezobasha"],"log":"|j|\u2606snowperegrine\n|j|\u2606mezobasha\n|t:|1727464514\n|gametype|doubles\n|player|p1|snowperegrine|2|1706\n|player|p2|mezobasha|170|1642\n|teamsize|p1|6\n|teamsize|p2|6\n|gen|9\n|tier|[Gen 9] VGC 2024 Reg H\n|rated|\n|rule|Species Clause: Limit one of each Pok\u00e9mon\n|rule|Item Clause: Limit 1 of each item\n|clearpoke\n|poke|p1|Rillaboom, L50, M|\n|poke|p1|Sneasler, L50, F|\n|poke|p1|Clefable, L50, M|\n|poke|p1|Incineroar, L50, F|\n|poke|p1|Kingambit, L50, M|\n|poke|p1|Basculegion-F, L50, F|\n|poke|p2|Armarouge, L50, F|\n|poke|p2|Indeedee-F, L50, F|\n|poke|p2|Ursaluna, L50, M|\n|poke|p2|Gallade, L50, M|\n|poke|p2|Torkoal, L50, M|\n|poke|p2|Lilligant-Hisui, L50, F|\n|teampreview|4\n|inactive|Battle timer is ON: inactive players will automatically lose when time's up. (requested by mezobasha)\n|j| edoreon55555vgc\n|inactive|snowperegrine has 60 seconds left.\n|inactive|mezobasha has 60 seconds left.\n|inactive|snowperegrine has 30 seconds left.\n|\n|t:|1727464584\n|start\n|switch|p1a: Sneasler|Sneasler, L50, F|100\/100\n|switch|p1b: Incineroar|Incineroar, L50, F, shiny|100\/100\n|switch|p2a: Lilligant|Lilligant-Hisui, L50, F|100\/100\n|switch|p2b: Torkoal|Torkoal, L50, M|100\/100\n|-ability|p1b: Incineroar|Intimidate|boost\n|-unboost|p2a: Lilligant|atk|1\n|-unboost|p2b: Torkoal|atk|1\n|-weather|SunnyDay|[from] ability: Drought|[of] p2b: Torkoal\n|turn|1\n|inactive|snowperegrine has 30 seconds left.\n|inactive|mezobasha has 30 seconds left.\n|inactive|snowperegrine has 20 seconds left.\n|inactive|snowperegrine has 15 seconds left.\n|inactive|snowperegrine has 10 seconds left.\n|j| TestingDoublesVGC\n|inactive|snowperegrine has 5 seconds left.\n|\n|t:|1727464637\n|switch|p2b: Indeedee|Indeedee-F, L50, F|100\/100\n|-fieldstart|move: Psychic Terrain|[from] ability: Psychic Surge|[of] p2b: Indeedee\n|-enditem|p2b: Indeedee|Psychic Seed\n|-boost|p2b: Indeedee|spd|1|[from] item: Psychic Seed\n|move|p1a: Sneasler|Protect|p1a: Sneasler\n|-singleturn|p1a: Sneasler|Protect\n|move|p2a: Lilligant|Sleep Powder|p1a: Sneasler\n|-activate|p1a: Sneasler|move: Protect\n|move|p1b: Incineroar|Knock Off|p2a: Lilligant\n|-resisted|p2a: Lilligant\n|-damage|p2a: Lilligant|72\/100\n|-enditem|p2a: Lilligant|Focus Sash|[from] move: Knock Off|[of] p1b: Incineroar\n|\n|-weather|SunnyDay|[upkeep]\n|upkeep\n|turn|2\n|inactive|snowperegrine has 30 seconds left.\n|inactive|mezobasha has 30 seconds left.\n|inactive|snowperegrine has 20 seconds left.\n|inactive|snowperegrine has 15 seconds left.\n|\n|t:|1727464677\n|move|p2a: Lilligant|Close Combat|p1b: Incineroar\n|-supereffective|p1b: Incineroar\n|-damage|p1b: Incineroar|35\/100\n|-unboost|p2a: Lilligant|def|1\n|-unboost|p2a: Lilligant|spd|1\n|-enditem|p1b: Incineroar|Sitrus Berry|[eat]\n|-heal|p1b: Incineroar|60\/100|[from] item: Sitrus Berry\n|move|p1a: Sneasler|Dire Claw|p2b: Indeedee\n|-damage|p2b: Indeedee|60\/100\n|move|p1b: Incineroar|Knock Off|p2b: Indeedee\n|-supereffective|p2b: Indeedee\n|-damage|p2b: Indeedee|6\/100\n|move|p2b: Indeedee|Trick Room|p2b: Indeedee\n|-fieldstart|move: Trick Room|[of] p2b: Indeedee\n|\n|-weather|SunnyDay|[upkeep]\n|upkeep\n|turn|3\n|inactive|snowperegrine has 30 seconds left.\n|inactive|mezobasha has 30 seconds left.\n|inactive|snowperegrine has 20 seconds left.\n|inactive|snowperegrine has 15 seconds left.\n|inactive|snowperegrine has 10 seconds left.\n|l| TestingDoublesVGC\n|inactive|snowperegrine has 5 seconds left.\n|\n|t:|1727464729\n|-terastallize|p1a: Sneasler|Dragon\n|move|p2b: Indeedee|Follow Me|p2b: Indeedee\n|-singleturn|p2b: Indeedee|move: Follow Me\n|move|p1b: Incineroar|Flare Blitz|p2b: Indeedee\n|-damage|p2b: Indeedee|0 fnt\n|faint|p2b: Indeedee\n|-damage|p1b: Incineroar|58\/100|[from] Recoil\n|move|p1a: Sneasler|Dire Claw|p2a: Lilligant\n|-supereffective|p2a: Lilligant\n|-damage|p2a: Lilligant|0 fnt\n|faint|p2a: Lilligant\n|\n|-weather|SunnyDay|[upkeep]\n|upkeep\n|\n|t:|1727464740\n|switch|p2b: Gallade|Gallade, L50, M|100\/100\n|switch|p2a: Torkoal|Torkoal, L50, M|100\/100\n|turn|4\n|\n|t:|1727464760\n|switch|p1b: Rillaboom|Rillaboom, L50, M, shiny|100\/100\n|-fieldstart|move: Grassy Terrain|[from] ability: Grassy Surge|[of] p1b: Rillaboom\n|-enditem|p1a: Sneasler|Grassy Seed\n|-boost|p1a: Sneasler|def|1|[from] item: Grassy Seed\n|-terastallize|p2a: Torkoal|Fire\n|move|p1a: Sneasler|Protect|p1a: Sneasler\n|-singleturn|p1a: Sneasler|Protect\n|move|p2a: Torkoal|Eruption|p1b: Rillaboom|[spread] p1b\n|-activate|p1a: Sneasler|move: Protect\n|-supereffective|p1b: Rillaboom\n|-damage|p1b: Rillaboom|0 fnt\n|faint|p1b: Rillaboom\n|move|p2b: Gallade|Sacred Sword|p1a: Sneasler\n|-activate|p1a: Sneasler|move: Protect\n|\n|-weather|SunnyDay|[upkeep]\n|upkeep\n|\n|t:|1727464778\n|switch|p1b: Incineroar|Incineroar, L50, F, shiny|58\/100\n|-ability|p1b: Incineroar|Intimidate|boost\n|-unboost|p2a: Torkoal|atk|1\n|-fail|p2b: Gallade|unboost|[from] item: Clear Amulet|[of] p2b: Gallade\n|turn|5\n|inactive|snowperegrine has 30 seconds left.\n|inactive|snowperegrine has 20 seconds left.\n|inactive|snowperegrine has 15 seconds left.\n|\n|t:|1727464819\n|move|p1b: Incineroar|Fake Out|p2a: Torkoal\n|-damage|p2a: Torkoal|91\/100\n|cant|p2a: Torkoal|flinch\n|move|p2b: Gallade|Sacred Sword|p1a: Sneasler\n|-damage|p1a: Sneasler|0 fnt\n|faint|p1a: Sneasler\n|\n|-weather|none\n|-heal|p2a: Torkoal|98\/100|[from] Grassy Terrain\n|-heal|p1b: Incineroar|64\/100|[from] Grassy Terrain\n|upkeep\n|\n|t:|1727464831\n|switch|p1a: Basculegion|Basculegion-F, L50, F|100\/100\n|turn|6\n|inactive|mezobasha has 30 seconds left.\n|\n|t:|1727464859\n|move|p2a: Torkoal|Heat Wave|p1b: Incineroar|[spread] p1a,p1b\n|-resisted|p1a: Basculegion\n|-resisted|p1b: Incineroar\n|-damage|p1a: Basculegion|74\/100\n|-damage|p1b: Incineroar|44\/100\n|move|p2b: Gallade|Psycho Cut|p1a: Basculegion\n|-crit|p1a: Basculegion\n|-damage|p1a: Basculegion|0 fnt\n|faint|p1a: Basculegion\n|move|p1b: Incineroar|Knock Off|p2b: Gallade\n|-damage|p2b: Gallade|42\/100\n|-enditem|p2b: Gallade|Clear Amulet|[from] move: Knock Off|[of] p1b: Incineroar\n|\n|-heal|p2a: Torkoal|100\/100|[from] Grassy Terrain\n|-heal|p2b: Gallade|47\/100|[from] Grassy Terrain\n|-heal|p1b: Incineroar|50\/100|[from] Grassy Terrain\n|-fieldend|move: Trick Room\n|upkeep\n|turn|7\n|\n|t:|1727464876\n|move|p1b: Incineroar|Flare Blitz|p2b: Gallade\n|-damage|p2b: Gallade|0 fnt\n|faint|p2b: Gallade\n|-damage|p1b: Incineroar|37\/100|[from] Recoil\n|move|p2a: Torkoal|Eruption|p1b: Incineroar\n|-resisted|p1b: Incineroar\n|-crit|p1b: Incineroar\n|-damage|p1b: Incineroar|0 fnt\n|faint|p1b: Incineroar\n|\n|win|mezobasha\n|raw|snowperegrine's rating: 1706 &rarr; <strong>1682<\/strong><br \/>(-24 for losing)\n|raw|mezobasha's rating: 1642 &rarr; <strong>1666<\/strong><br \/>(+24 for winning)\n|l| edoreon55555vgc\n|l|\u2606mezobasha\n|player|p2|\n","uploadtime":1727465093,"views":12,"formatid":"gen9vgc2024regh","rating":1666,"private":0,"password":null}