{"id":"gen9vgc2024regh-2211808884","format":"[Gen 9] VGC 2024 Reg H","players":["karaflas","pokehys3"],"log":"|j|\u2606karaflas\n|j|\u2606pokehys3\n|t:|1727564080\n|gametype|doubles\n|player|p1|karaflas|2|1688\n|player|p2|pokehys3|1|1733\n|teamsize|p1|6\n|teamsize|p2|6\n|gen|9\n|tier|[Gen 9] VGC 2024 Reg H\n|rated|\n|rule|Species Clause: Limit one of each Pok\u00e9mon\n|rule|Item Clause: Limit 1 of each item\n|clearpoke\n|poke|p1|Ceruledge, L50, M|\n|poke|p1|Sinistcha-Masterpiece, L50|\n|poke|p1|Indeedee-F, L50, F|\n|poke|p1|Primarina, L50, F|\n|poke|p1|Braviary, L50, M|\n|poke|p1|Tyranitar, L50, F|\n|poke|p2|Dragapult, L50, M|\n|poke|p2|Sneasler, L50, F|\n|poke|p2|Indeedee, L50, M|\n|poke|p2|Talonflame, L50, F|\n|poke|p2|Gholdengo, L50|\n|poke|p2|Inteleon, L50, M|\n|teampreview|4\n|inactive|Battle timer is ON: inactive players will automatically lose when time's up. (requested by karaflas)\n|inactive|pokehys3 also wants the timer to be on.\n|inactive|karaflas has 60 seconds left.\n|\n|t:|1727564122\n|start\n|switch|p1a: Braviary|Braviary, L50, M|100\/100\n|switch|p1b: Tyranitar|Tyranitar, L50, F|100\/100\n|switch|p2a: Talonflame|Talonflame, L50, F|100\/100\n|switch|p2b: Sneasler|Sneasler, L50, F|100\/100\n|-weather|Sandstorm|[from] ability: Sand Stream|[of] p1b: Tyranitar\n|turn|1\n|\n|t:|1727564140\n|switch|p1b: Ceruledge|Ceruledge, L50, M|100\/100\n|move|p2b: Sneasler|Protect|p2b: Sneasler\n|-singleturn|p2b: Sneasler|Protect\n|move|p2a: Talonflame|Tailwind|p2a: Talonflame\n|-sidestart|p2: pokehys3|move: Tailwind\n|move|p1a: Braviary|Dual Wingbeat|p2b: Sneasler\n|-activate|p2b: Sneasler|move: Protect\n|\n|-weather|Sandstorm|[upkeep]\n|-damage|p2a: Talonflame|95\/100|[from] Sandstorm\n|-damage|p2b: Sneasler|95\/100|[from] Sandstorm\n|-damage|p1a: Braviary|94\/100|[from] Sandstorm\n|-damage|p1b: Ceruledge|94\/100|[from] Sandstorm\n|upkeep\n|turn|2\n|\n|t:|1727564153\n|-terastallize|p2b: Sneasler|Dark\n|move|p1a: Braviary|Protect|p1a: Braviary\n|-singleturn|p1a: Braviary|Protect\n|move|p2a: Talonflame|Brave Bird|p1b: Ceruledge\n|-damage|p1b: Ceruledge|40\/100\n|-damage|p2a: Talonflame|73\/100|[from] Recoil\n|-damage|p2a: Talonflame|63\/100|[from] item: Life Orb\n|move|p2b: Sneasler|Throat Chop|p1b: Ceruledge\n|-supereffective|p1b: Ceruledge\n|-damage|p1b: Ceruledge|0 fnt\n|faint|p1b: Ceruledge\n|\n|-weather|Sandstorm|[upkeep]\n|-damage|p2a: Talonflame|57\/100|[from] Sandstorm\n|-damage|p2b: Sneasler|89\/100|[from] Sandstorm\n|-damage|p1a: Braviary|88\/100|[from] Sandstorm\n|upkeep\n|\n|t:|1727564157\n|switch|p1b: Tyranitar|Tyranitar, L50, F|100\/100\n|turn|3\n|\n|t:|1727564176\n|switch|p1b: Sinistcha|Sinistcha-Masterpiece, L50|100\/100\n|-heal|p1a: Braviary|100\/100|[from] ability: Hospitality|[of] p1b: Sinistcha\n|move|p2b: Sneasler|Protect|p2b: Sneasler\n|-singleturn|p2b: Sneasler|Protect\n|move|p2a: Talonflame|Flare Blitz|p1a: Braviary\n|-damage|p1a: Braviary|21\/100\n|-damage|p2a: Talonflame|27\/100|[from] Recoil\n|-damage|p2a: Talonflame|17\/100|[from] item: Life Orb\n|move|p1a: Braviary|Close Combat|p2b: Sneasler\n|-activate|p2b: Sneasler|move: Protect\n|\n|-weather|Sandstorm|[upkeep]\n|-damage|p2a: Talonflame|12\/100|[from] Sandstorm\n|-damage|p2b: Sneasler|83\/100|[from] Sandstorm\n|-damage|p1a: Braviary|15\/100|[from] Sandstorm\n|-damage|p1b: Sinistcha|94\/100|[from] Sandstorm\n|upkeep\n|turn|4\n|\n|t:|1727564193\n|-terastallize|p1b: Sinistcha|Water\n|move|p1b: Sinistcha|Rage Powder|p1b: Sinistcha\n|-singleturn|p1b: Sinistcha|move: Rage Powder\n|move|p2a: Talonflame|Flare Blitz|p1b: Sinistcha\n|-resisted|p1b: Sinistcha\n|-damage|p1b: Sinistcha|68\/100\n|-damage|p2a: Talonflame|1\/100|[from] Recoil\n|-damage|p2a: Talonflame|0 fnt|[from] item: Life Orb\n|faint|p2a: Talonflame\n|move|p2b: Sneasler|Throat Chop|p1b: Sinistcha\n|-damage|p1b: Sinistcha|30\/100\n|-start|p1b: Sinistcha|Throat Chop|[silent]\n|-enditem|p1b: Sinistcha|Sitrus Berry|[eat]\n|-heal|p1b: Sinistcha|55\/100|[from] item: Sitrus Berry\n|move|p1a: Braviary|Close Combat|p2b: Sneasler\n|-supereffective|p2b: Sneasler\n|-damage|p2b: Sneasler|0 fnt\n|-unboost|p1a: Braviary|def|1\n|-unboost|p1a: Braviary|spd|1\n|faint|p2b: Sneasler\n|\n|-weather|Sandstorm|[upkeep]\n|-damage|p1a: Braviary|8\/100|[from] Sandstorm\n|-damage|p1b: Sinistcha|49\/100|[from] Sandstorm\n|-sideend|p2: pokehys3|move: Tailwind\n|upkeep\n|\n|t:|1727564201\n|switch|p2a: Gholdengo|Gholdengo, L50|100\/100\n|switch|p2b: Dragapult|Dragapult, L50, M|100\/100\n|turn|5\n|\n|t:|1727564224\n|switch|p1b: Tyranitar|Tyranitar, L50, F|100\/100\n|move|p2b: Dragapult|Dragon Darts|p1a: Braviary\n|-damage|p1a: Braviary|0 fnt\n|-anim|p2b: Dragapult|Dragon Darts|p1b: Tyranitar\n|-damage|p1b: Tyranitar|69\/100\n|faint|p1a: Braviary\n|move|p2a: Gholdengo|Make It Rain|p1b: Tyranitar\n|-supereffective|p1b: Tyranitar\n|-damage|p1b: Tyranitar|0 fnt\n|-unboost|p2a: Gholdengo|spa|1\n|faint|p1b: Tyranitar\n|\n|-weather|none\n|upkeep\n|\n|t:|1727564226\n|switch|p1b: Sinistcha|Sinistcha-Masterpiece, L50, tera:Water|49\/100\n|turn|6\n|\n|t:|1727564237\n|move|p2b: Dragapult|Dragon Darts|p1b: Sinistcha\n|-damage|p1b: Sinistcha|15\/100\n|-anim|p2b: Dragapult|Dragon Darts|p1b: Sinistcha\n|-damage|p1b: Sinistcha|0 fnt\n|faint|p1b: Sinistcha\n|\n|win|pokehys3\n|raw|karaflas's rating: 1688 &rarr; <strong>1671<\/strong><br \/>(-17 for losing)\n|raw|pokehys3's rating: 1733 &rarr; <strong>1750<\/strong><br \/>(+17 for winning)\n|l|\u2606karaflas\n|player|p1|\n|l|\u2606pokehys3\n|player|p2|\n","uploadtime":1727564504,"views":21,"formatid":"gen9vgc2024regh","rating":1671,"private":0,"password":null}