{"id":"gen9vgc2024regh-2211682107","format":"[Gen 9] VGC 2024 Reg H","players":["Tapu Lisa","TheOnlyFizzo"],"log":"|j|\u2606Tapu Lisa\n|j|\u2606TheOnlyFizzo\n|t:|1727549616\n|gametype|doubles\n|player|p1|Tapu Lisa|2|1674\n|player|p2|TheOnlyFizzo|265|1704\n|teamsize|p1|6\n|teamsize|p2|6\n|gen|9\n|tier|[Gen 9] VGC 2024 Reg H\n|rated|\n|rule|Species Clause: Limit one of each Pok\u00e9mon\n|rule|Item Clause: Limit 1 of each item\n|clearpoke\n|poke|p1|Whimsicott, L50, F|\n|poke|p1|Indeedee, L50, M|\n|poke|p1|Typhlosion-Hisui, L50, F|\n|poke|p1|Sneasler, L50, M|\n|poke|p1|Dragonite, L50, F|\n|poke|p1|Tsareena, L50, F|\n|poke|p2|Torkoal, L50, M|\n|poke|p2|Ursaluna-Bloodmoon, L50, M|\n|poke|p2|Farigiraf, L50, F|\n|poke|p2|Metagross, L50|\n|poke|p2|Annihilape, L50, F|\n|poke|p2|Smeargle, L50, M|\n|teampreview|4\nTapu Lisa has agreed to open team sheets.\n|inactive|Battle timer is ON: inactive players will automatically lose when time's up. (requested by TheOnlyFizzo)\n|inactive|Tapu Lisa has 60 seconds left.\n|inactive|TheOnlyFizzo has 60 seconds left.\n|\n|t:|1727549663\n|start\n|switch|p1a: Typhlosion|Typhlosion-Hisui, L50, F, shiny|100\/100\n|switch|p1b: Indeedee|Indeedee, L50, M|100\/100\n|switch|p2a: Farigiraf|Farigiraf, L50, F|100\/100\n|switch|p2b: Smeargle|Smeargle, L50, M|100\/100\n|-fieldstart|move: Psychic Terrain|[from] ability: Psychic Surge|[of] p1b: Indeedee\n|turn|1\n|inactive|TheOnlyFizzo has 30 seconds left.\n|inactive|TheOnlyFizzo has 20 seconds left.\n|inactive|TheOnlyFizzo has 15 seconds left.\n|\n|t:|1727549703\n|switch|p2a: Ursaluna|Ursaluna-Bloodmoon, L50, M|100\/100\n|-terastallize|p1a: Typhlosion|Fire\n|move|p2b: Smeargle|Wide Guard|p2b: Smeargle\n|-singleturn|p2b: Smeargle|Wide Guard\n|move|p1a: Typhlosion|Eruption|p2a: Ursaluna|[spread] \n|-activate|p2a: Ursaluna|move: Wide Guard\n|-activate|p2b: Smeargle|move: Wide Guard\n|move|p1b: Indeedee|Expanding Force|p2b: Smeargle|[spread] \n|-activate|p2a: Ursaluna|move: Wide Guard\n|-activate|p2b: Smeargle|move: Wide Guard\n|\n|-ability|p2b: Smeargle|Moody|boost\n|-boost|p2b: Smeargle|atk|2\n|-unboost|p2b: Smeargle|spa|1\n|upkeep\n|turn|2\n|\n|t:|1727549727\n|switch|p1a: Tsareena|Tsareena, L50, F|100\/100\n|-terastallize|p2a: Ursaluna|Normal\n|move|p2b: Smeargle|Wide Guard|p2b: Smeargle\n|-singleturn|p2b: Smeargle|Wide Guard\n|move|p1b: Indeedee|Tera Blast|p2b: Smeargle\n|-damage|p2b: Smeargle|52\/100\n|move|p2a: Ursaluna|Hyper Voice|p1a: Tsareena|[spread] p1a,p1b\n|-crit|p1b: Indeedee\n|-damage|p1a: Tsareena|25\/100\n|-enditem|p1b: Indeedee|Focus Sash\n|-damage|p1b: Indeedee|1\/100\n|\n|-ability|p2b: Smeargle|Moody|boost\n|-boost|p2b: Smeargle|spd|2\n|-unboost|p2b: Smeargle|spe|1\n|upkeep\n|turn|3\n|inactive|Tapu Lisa has 30 seconds left.\n|inactive|TheOnlyFizzo has 30 seconds left.\n|inactive|Tapu Lisa has 20 seconds left.\n|inactive|TheOnlyFizzo has 20 seconds left.\n|inactive|Tapu Lisa has 15 seconds left.\n|inactive|TheOnlyFizzo has 15 seconds left.\n|inactive|TheOnlyFizzo has 10 seconds left.\n|inactive|TheOnlyFizzo has 5 seconds left.\n|\n|t:|1727549777\n|move|p2a: Ursaluna|Protect|p2a: Ursaluna\n|-singleturn|p2a: Ursaluna|Protect\n|move|p1b: Indeedee|Tera Blast|p2a: Ursaluna\n|-activate|p2a: Ursaluna|move: Protect\n|move|p1a: Tsareena|High Jump Kick|p2a: Ursaluna\n|-activate|p2a: Ursaluna|move: Protect\n|-damage|p1a: Tsareena|0 fnt|[from] highjumpkick\n|faint|p1a: Tsareena\n|move|p2b: Smeargle|Explosion|p1b: Indeedee|[spread] p1b\n|-activate|p2a: Ursaluna|move: Protect\n|-damage|p1b: Indeedee|0 fnt\n|faint|p2b: Smeargle\n|faint|p1b: Indeedee\n|\n|upkeep\n|\n|t:|1727549794\n|switch|p1b: Typhlosion|Typhlosion-Hisui, L50, F, shiny, tera:Fire|100\/100\n|switch|p1a: Sneasler|Sneasler, L50, M|100\/100\n|switch|p2b: Farigiraf|Farigiraf, L50, F|100\/100\n|-enditem|p1a: Sneasler|Psychic Seed\n|-boost|p1a: Sneasler|spd|1|[from] item: Psychic Seed\n|turn|4\n|inactive|Tapu Lisa has 30 seconds left.\n|inactive|TheOnlyFizzo has 30 seconds left.\n|\n|t:|1727549823\n|move|p2b: Farigiraf|Protect|p2b: Farigiraf\n|-singleturn|p2b: Farigiraf|Protect\n|move|p1a: Sneasler|Throat Chop|p2b: Farigiraf\n|-activate|p2b: Farigiraf|move: Protect\n|move|p1b: Typhlosion|Eruption|p2b: Farigiraf|[spread] p2a\n|-activate|p2b: Farigiraf|move: Protect\n|-damage|p2a: Ursaluna|0 fnt\n|faint|p2a: Ursaluna\n|\n|upkeep\n|\n|t:|1727549835\n|switch|p2a: Torkoal|Torkoal, L50, M|100\/100\n|-weather|SunnyDay|[from] ability: Drought|[of] p2a: Torkoal\n|turn|5\n|-message|TheOnlyFizzo forfeited.\n|\n|win|Tapu Lisa\n|raw|Tapu Lisa's rating: 1674 &rarr; <strong>1696<\/strong><br \/>(+22 for winning)\n|raw|TheOnlyFizzo's rating: 1704 &rarr; <strong>1682<\/strong><br \/>(-22 for losing)\n|l|\u2606TheOnlyFizzo\n|player|p2|\n|l|\u2606Tapu Lisa\n|player|p1|\n","uploadtime":1727550020,"views":26,"formatid":"gen9vgc2024regh","rating":1682,"private":0,"password":null}