{"id":"gen9vgc2024regh-2211336338","format":"[Gen 9] VGC 2024 Reg H","players":["birdkeeperneek","roykeenkennedy"],"log":"|j|\u2606birdkeeperneek\n|j|\u2606roykeenkennedy\n|t:|1727497532\n|gametype|doubles\n|player|p1|birdkeeperneek|falkner|1669\n|player|p2|roykeenkennedy|alder|1786\n|teamsize|p1|6\n|teamsize|p2|6\n|gen|9\n|tier|[Gen 9] VGC 2024 Reg H\n|rated|\n|rule|Species Clause: Limit one of each Pok\u00e9mon\n|rule|Item Clause: Limit 1 of each item\n|clearpoke\n|poke|p1|Incineroar, L50, F|\n|poke|p1|Porygon2, L50|\n|poke|p1|Amoonguss, L50, F|\n|poke|p1|Ursaluna, L50, F|\n|poke|p1|Gholdengo, L50|\n|poke|p1|Flamigo, L50, F|\n|poke|p2|Salamence, L50, M|\n|poke|p2|Incineroar, L50, M|\n|poke|p2|Weezing, L50, F|\n|poke|p2|Dragapult, L50, F|\n|poke|p2|Ursaluna-Bloodmoon, L50, M|\n|poke|p2|Porygon2, L50|\n|teampreview|4\n|\n|t:|1727497564\n|start\n|switch|p1a: Porygon2|Porygon2, L50, shiny|100\/100\n|switch|p1b: Flamigo|Flamigo, L50, F, shiny|100\/100\n|switch|p2a: Salamence|Salamence, L50, M|100\/100\n|switch|p2b: Dragapult|Dragapult, L50, F|100\/100\n|-ability|p1a: Porygon2|Download|boost\n|-boost|p1a: Porygon2|spa|1\n|turn|1\n|\n|t:|1727497599\n|move|p2a: Salamence|Dual Wingbeat|p1b: Flamigo\n|-supereffective|p1b: Flamigo\n|-damage|p1b: Flamigo|36\/100\n|-supereffective|p1b: Flamigo\n|-damage|p1b: Flamigo|0 fnt\n|faint|p1b: Flamigo\n|-ability|p2a: Salamence|Moxie|boost\n|-boost|p2a: Salamence|atk|1\n|-hitcount|p1: Flamigo|2\n|move|p2b: Dragapult|Dragon Darts|p1a: Porygon2\n|-damage|p1a: Porygon2|78\/100\n|-anim|p2b: Dragapult|Dragon Darts|p1a: Porygon2\n|-damage|p1a: Porygon2|56\/100\n|move|p1a: Porygon2|Trick Room|p1a: Porygon2\n|-fieldstart|move: Trick Room|[of] p1a: Porygon2\n|\n|upkeep\n|\n|t:|1727497616\n|switch|p1b: Gholdengo|Gholdengo, L50, shiny|100\/100\n|turn|2\n|j| bluestraggler02\n|\n|t:|1727497641\n|switch|p2b: Incineroar|Incineroar, L50, M|100\/100\n|-ability|p2b: Incineroar|Intimidate|boost\n|-unboost|p1a: Porygon2|atk|1\n|-unboost|p1b: Gholdengo|atk|1\n|-terastallize|p2a: Salamence|Steel\n|move|p1a: Porygon2|Ice Beam|p2a: Salamence\n|-resisted|p2a: Salamence\n|-damage|p2a: Salamence|80\/100\n|move|p1b: Gholdengo|Shadow Ball|p2a: Salamence\n|-damage|p2a: Salamence|13\/100\n|-damage|p1b: Gholdengo|91\/100|[from] item: Life Orb\n|move|p2a: Salamence|Dual Wingbeat|p1a: Porygon2\n|-damage|p1a: Porygon2|35\/100\n|-damage|p1a: Porygon2|16\/100\n|-hitcount|p1a: Porygon2|2\n|\n|upkeep\n|turn|3\n|\n|t:|1727497678\n|move|p1a: Porygon2|Recover|p1a: Porygon2\n|-heal|p1a: Porygon2|66\/100\n|move|p2b: Incineroar|Flare Blitz|p1b: Gholdengo\n|-supereffective|p1b: Gholdengo\n|-damage|p1b: Gholdengo|0 fnt\n|faint|p1b: Gholdengo\n|-damage|p2b: Incineroar|76\/100|[from] Recoil\n|move|p2a: Salamence|Dual Wingbeat|p1a: Porygon2|[miss]\n|-miss|p2a: Salamence|p1a: Porygon2\n|\n|upkeep\n|\n|t:|1727497704\n|switch|p1b: Ursaluna|Ursaluna, L50, F, shiny|100\/100\n|turn|4\n|j| pogafina\n|\n|t:|1727497720\n|switch|p2b: Dragapult|Dragapult, L50, F|100\/100\n|move|p1b: Ursaluna|Headlong Rush|p2b: Dragapult\n|-damage|p2b: Dragapult|9\/100\n|-unboost|p1b: Ursaluna|def|1\n|-unboost|p1b: Ursaluna|spd|1\n|move|p1a: Porygon2|Tera Blast|p2a: Salamence\n|-resisted|p2a: Salamence\n|-damage|p2a: Salamence|0 fnt\n|faint|p2a: Salamence\n|\n|-status|p1b: Ursaluna|brn|[from] item: Flame Orb\n|upkeep\n|\n|t:|1727497737\n|switch|p2a: Weezing|Weezing, L50, F|100\/100\n|-ability|p2a: Weezing|Neutralizing Gas\n|turn|5\n|inactive|Battle timer is ON: inactive players will automatically lose when time's up. (requested by roykeenkennedy)\n|\n|t:|1727497785\n|switch|p2b: Incineroar|Incineroar, L50, M|76\/100\n|-ability|p2b: Incineroar|Intimidate|boost\n|-unboost|p1a: Porygon2|atk|1\n|-unboost|p1b: Ursaluna|atk|1\n|move|p2a: Weezing|Protect|p2a: Weezing\n|-singleturn|p2a: Weezing|Protect\n|move|p1b: Ursaluna|Earthquake|p2a: Weezing|[spread] p1a,p2b\n|-activate|p2a: Weezing|move: Protect\n|-supereffective|p2b: Incineroar\n|-damage|p1a: Porygon2|58\/100\n|-damage|p2b: Incineroar|51\/100\n|move|p1a: Porygon2|Recover|p1a: Porygon2\n|-heal|p1a: Porygon2|100\/100\n|\n|-damage|p1b: Ursaluna|95\/100 brn|[from] brn\n|-fieldend|move: Trick Room\n|upkeep\n|turn|6\n|inactive|birdkeeperneek has 30 seconds left.\n|\n|t:|1727497811\n|-terastallize|p1a: Porygon2|Fighting\n|move|p2a: Weezing|Taunt|p1a: Porygon2\n|-start|p1a: Porygon2|move: Taunt\n|move|p2b: Incineroar|Knock Off|p1a: Porygon2\n|-resisted|p1a: Porygon2\n|-damage|p1a: Porygon2|91\/100\n|-enditem|p1a: Porygon2|Eviolite|[from] move: Knock Off|[of] p2b: Incineroar\n|move|p1a: Porygon2|Tera Blast|p2b: Incineroar|[anim] Tera Blast Fighting\n|-supereffective|p2b: Incineroar\n|-damage|p2b: Incineroar|0 fnt\n|faint|p2b: Incineroar\n|move|p1b: Ursaluna|Facade|p2a: Weezing\n|-damage|p2a: Weezing|55\/100\n|\n|-heal|p2a: Weezing|61\/100|[from] item: Leftovers\n|-damage|p1b: Ursaluna|89\/100 brn|[from] brn\n|upkeep\n|inactive|roykeenkennedy has 30 seconds left.\n|\n|t:|1727497846\n|switch|p2b: Dragapult|Dragapult, L50, F|9\/100\n|turn|7\n|\n|t:|1727497874\n|move|p2b: Dragapult|Dragon Darts|p1a: Porygon2\n|-damage|p1a: Porygon2|60\/100\n|-anim|p2b: Dragapult|Dragon Darts|p1b: Ursaluna\n|-damage|p1b: Ursaluna|43\/100 brn\n|move|p2a: Weezing|Sludge Bomb|p1a: Porygon2\n|-damage|p1a: Porygon2|36\/100\n|move|p1a: Porygon2|Ice Beam|p2b: Dragapult\n|-supereffective|p2b: Dragapult\n|-damage|p2b: Dragapult|0 fnt\n|faint|p2b: Dragapult\n|move|p1b: Ursaluna|Earthquake|p2a: Weezing|[spread] p1a,p2a\n|-crit|p1a: Porygon2\n|-supereffective|p2a: Weezing\n|-damage|p1a: Porygon2|11\/100\n|-damage|p2a: Weezing|35\/100\n|\n|-heal|p2a: Weezing|41\/100|[from] item: Leftovers\n|-damage|p1b: Ursaluna|37\/100 brn|[from] brn\n|upkeep\n|turn|8\n|inactive|birdkeeperneek has 30 seconds left.\n|\n|t:|1727497900\n|move|p2a: Weezing|Protect|p2a: Weezing\n|-singleturn|p2a: Weezing|Protect\n|move|p1a: Porygon2|Ice Beam|p2a: Weezing\n|-activate|p2a: Weezing|move: Protect\n|move|p1b: Ursaluna|Facade|p2a: Weezing\n|-activate|p2a: Weezing|move: Protect\n|\n|-heal|p2a: Weezing|48\/100|[from] item: Leftovers\n|-damage|p1b: Ursaluna|31\/100 brn|[from] brn\n|-end|p1a: Porygon2|move: Taunt\n|upkeep\n|turn|9\n|c|\u2606roykeenkennedy|This facade is a roll\n|\n|t:|1727497925\n|move|p2a: Weezing|Sludge Bomb|p1a: Porygon2\n|-damage|p1a: Porygon2|0 fnt\n|faint|p1a: Porygon2\n|move|p1b: Ursaluna|Facade|p2a: Weezing\n|-damage|p2a: Weezing|0 fnt\n|faint|p2a: Weezing\n|-end|p2a: Weezing|ability: Neutralizing Gas\n|\n|win|birdkeeperneek\n|raw|birdkeeperneek's rating: 1669 &rarr; <strong>1695<\/strong><br \/>(+26 for winning)\n|raw|roykeenkennedy's rating: 1786 &rarr; <strong>1760<\/strong><br \/>(-26 for losing)\n|c|\u2606birdkeeperneek|gg\n|l|\u2606birdkeeperneek\n|player|p1|\n|c|\u2606roykeenkennedy|Gg\n|l|\u2606roykeenkennedy\n|player|p2|\n|l| pogafina\n","uploadtime":1727498075,"views":25,"formatid":"gen9vgc2024regh","rating":1695,"private":0,"password":null}