{"id":"gen9vgc2024regh-2211016207","format":"[Gen 9] VGC 2024 Reg H","players":["Krisuerte","Arkalid"],"log":"|j|\u2606Krisuerte\n|j|\u2606Arkalid\n|t:|1727460019\n|gametype|doubles\n|player|p1|Krisuerte|170|1745\n|player|p2|Arkalid|2|1697\n|teamsize|p1|6\n|teamsize|p2|6\n|gen|9\n|tier|[Gen 9] VGC 2024 Reg H\n|rated|\n|rule|Species Clause: Limit one of each Pok\u00e9mon\n|rule|Item Clause: Limit 1 of each item\n|clearpoke\n|poke|p1|Tyranitar, L50, F|\n|poke|p1|Gholdengo, L50|\n|poke|p1|Murkrow, L50, M|\n|poke|p1|Garchomp, L50, M|\n|poke|p1|Excadrill, L50, F|\n|poke|p1|Milotic, L50, M|\n|poke|p2|Vivillon, L50, F|\n|poke|p2|Porygon2, L50|\n|poke|p2|Ursaluna-Bloodmoon, L50, M|\n|poke|p2|Archaludon, L50, M|\n|poke|p2|Volcarona, L50, M|\n|poke|p2|Garchomp, L50, M|\n|teampreview|4\n|inactive|Battle timer is ON: inactive players will automatically lose when time's up. (requested by Arkalid)\nArkalid has agreed to open team sheets.\n|j| mr pogostick\n|inactive|Krisuerte has 60 seconds left.\n|inactive|Arkalid has 60 seconds left.\n|\n|t:|1727460063\n|start\n|switch|p1a: Tyranitar|Tyranitar, L50, F|100\/100\n|switch|p1b: Excadrill|Excadrill, L50, F|100\/100\n|switch|p2a: Vivillon|Vivillon, L50, F|100\/100\n|switch|p2b: Garchomp|Garchomp, L50, M|100\/100\n|-weather|Sandstorm|[from] ability: Sand Stream|[of] p1a: Tyranitar\n|turn|1\n|\n|t:|1727460086\n|-terastallize|p1a: Tyranitar|Flying\n|move|p1b: Excadrill|Iron Head|p2a: Vivillon\n|-damage|p2a: Vivillon|8\/100\n|move|p2b: Garchomp|Earthquake|p1a: Tyranitar|[spread] p1b\n|-immune|p2a: Vivillon\n|-immune|p1a: Tyranitar\n|-supereffective|p1b: Excadrill\n|-enditem|p1b: Excadrill|Focus Sash\n|-damage|p1b: Excadrill|1\/100\n|-damage|p2b: Garchomp|91\/100|[from] item: Life Orb\n|cant|p2a: Vivillon|flinch\n|move|p1a: Tyranitar|Knock Off|p2b: Garchomp\n|-damage|p2b: Garchomp|46\/100\n|-damage|p1a: Tyranitar|88\/100|[from] ability: Rough Skin|[of] p2b: Garchomp\n|-enditem|p2b: Garchomp|Life Orb|[from] move: Knock Off|[of] p1a: Tyranitar\n|\n|-weather|Sandstorm|[upkeep]\n|-damage|p2a: Vivillon|2\/100|[from] Sandstorm\n|-damage|p1a: Tyranitar|83\/100|[from] Sandstorm\n|upkeep\n|turn|2\n|inactive|Krisuerte has 30 seconds left.\n|inactive|Arkalid has 30 seconds left.\n|inactive|Arkalid has 20 seconds left.\n|\n|t:|1727460124\n|move|p1a: Tyranitar|Protect|p1a: Tyranitar\n|-singleturn|p1a: Tyranitar|Protect\n|move|p1b: Excadrill|Earthquake|p2a: Vivillon|[spread] p2b\n|-activate|p1a: Tyranitar|move: Protect\n|-immune|p2a: Vivillon\n|-damage|p2b: Garchomp|15\/100\n|move|p2b: Garchomp|Earthquake|p1a: Tyranitar|[spread] p1b\n|-activate|p1a: Tyranitar|move: Protect\n|-immune|p2a: Vivillon\n|-supereffective|p1b: Excadrill\n|-damage|p1b: Excadrill|0 fnt\n|faint|p1b: Excadrill\n|move|p2a: Vivillon|Pollen Puff|p2b: Garchomp\n|-heal|p2b: Garchomp|64\/100\n|\n|-weather|Sandstorm|[upkeep]\n|-damage|p2a: Vivillon|0 fnt|[from] Sandstorm\n|-damage|p1a: Tyranitar|77\/100|[from] Sandstorm\n|faint|p2a: Vivillon\n|upkeep\n|\n|t:|1727460146\n|switch|p2a: Ursaluna|Ursaluna-Bloodmoon, L50, M|100\/100\n|switch|p1b: Garchomp|Garchomp, L50, M|100\/100\n|turn|3\n|j| gfdgvdfde\n|inactive|Arkalid has 30 seconds left.\n|inactive|Arkalid has 20 seconds left.\n|\n|t:|1727460184\n|move|p2b: Garchomp|Protect|p2b: Garchomp\n|-singleturn|p2b: Garchomp|Protect\n|move|p1b: Garchomp|Earthquake|p2b: Garchomp|[spread] p2a\n|-activate|p2b: Garchomp|move: Protect\n|-immune|p1a: Tyranitar\n|-damage|p2a: Ursaluna|70\/100\n|move|p1a: Tyranitar|Knock Off|p2a: Ursaluna\n|-damage|p2a: Ursaluna|36\/100\n|-enditem|p2a: Ursaluna|Assault Vest|[from] move: Knock Off|[of] p1a: Tyranitar\n|move|p2a: Ursaluna|Blood Moon|p1a: Tyranitar\n|-damage|p1a: Tyranitar|11\/100\n|\n|-weather|Sandstorm|[upkeep]\n|-damage|p1a: Tyranitar|5\/100|[from] Sandstorm\n|upkeep\n|turn|4\n|j| c4rlosm4gno\n|c| c4rlosm4gno|hi!\n|inactive|Krisuerte has 30 seconds left.\n|\n|t:|1727460211\n|move|p2a: Ursaluna|Vacuum Wave|p1a: Tyranitar\n|-resisted|p1a: Tyranitar\n|-damage|p1a: Tyranitar|0 fnt\n|faint|p1a: Tyranitar\n|move|p2b: Garchomp|Dragon Claw|p1b: Garchomp\n|-supereffective|p1b: Garchomp\n|-damage|p1b: Garchomp|18\/100\n|move|p1b: Garchomp|Scale Shot|p2b: Garchomp\n|-supereffective|p2b: Garchomp\n|-damage|p2b: Garchomp|35\/100\n|-supereffective|p2b: Garchomp\n|-crit|p2b: Garchomp\n|-damage|p2b: Garchomp|0 fnt\n|faint|p2b: Garchomp\n|-hitcount|p2: Garchomp|2\n|-unboost|p1b: Garchomp|def|1\n|-boost|p1b: Garchomp|spe|1\n|\n|-weather|Sandstorm|[upkeep]\n|upkeep\n|\n|t:|1727460228\n|switch|p2b: Archaludon|Archaludon, L50, M|100\/100\n|switch|p1a: Gholdengo|Gholdengo, L50|100\/100\n|turn|5\n|inactive|Arkalid has 30 seconds left.\n|inactive|Arkalid has 20 seconds left.\n|inactive|Arkalid has 15 seconds left.\n|inactive|Arkalid has 10 seconds left.\n|inactive|Arkalid has 5 seconds left.\n|\n|t:|1727460281\n|move|p2a: Ursaluna|Vacuum Wave|p1b: Garchomp|[miss]\n|-miss|p2a: Ursaluna|p1b: Garchomp\n|move|p1b: Garchomp|Scale Shot|p2a: Ursaluna\n|-damage|p2a: Ursaluna|26\/100\n|-damage|p2a: Ursaluna|15\/100\n|-damage|p2a: Ursaluna|5\/100\n|-damage|p2a: Ursaluna|0 fnt\n|faint|p2a: Ursaluna\n|-hitcount|p2: Ursaluna|4\n|-unboost|p1b: Garchomp|def|1\n|-boost|p1b: Garchomp|spe|1\n|move|p2b: Archaludon|Electro Shot||[still]\n|-prepare|p2b: Archaludon|Electro Shot\n|-boost|p2b: Archaludon|spa|1\n|-enditem|p2b: Archaludon|Power Herb\n|-anim|p2b: Archaludon|Electro Shot|p1a: Gholdengo\n|-damage|p1a: Gholdengo|31\/100\n|move|p1a: Gholdengo|Focus Blast|p2b: Archaludon\n|-supereffective|p2b: Archaludon\n|-ability|p2b: Archaludon|Sturdy\n|-damage|p2b: Archaludon|1\/100\n|-unboost|p2b: Archaludon|spd|1\n|\n|-weather|none\n|upkeep\n|turn|6\n|l| mr pogostick\n|inactive|Krisuerte has 30 seconds left.\n|\n|t:|1727460310\n|move|p1b: Garchomp|Iron Head|p2b: Archaludon\n|-resisted|p2b: Archaludon\n|-damage|p2b: Archaludon|0 fnt\n|faint|p2b: Archaludon\n|\n|win|Krisuerte\n|raw|Krisuerte's rating: 1745 &rarr; <strong>1762<\/strong><br \/>(+17 for winning)\n|raw|Arkalid's rating: 1697 &rarr; <strong>1680<\/strong><br \/>(-17 for losing)\n|l| c4rlosm4gno\n|l|\u2606Krisuerte\n|player|p1|\n|l|\u2606Arkalid\n|player|p2|\n","uploadtime":1727460490,"views":46,"formatid":"gen9vgc2024regh","rating":1680,"private":0,"password":null}