{"id":"gen9vgc2024regh-2211649583","format":"[Gen 9] VGC 2024 Reg H","players":["kojiminori1","pmawarrior"],"log":"|j|\u2606kojiminori1\n|j|\u2606pmawarrior\n|t:|1727546047\n|gametype|doubles\n|player|p1|kojiminori1|169|1776\n|player|p2|pmawarrior|265|1761\n|teamsize|p1|6\n|teamsize|p2|6\n|gen|9\n|tier|[Gen 9] VGC 2024 Reg H\n|rated|\n|rule|Species Clause: Limit one of each Pok\u00e9mon\n|rule|Item Clause: Limit 1 of each item\n|clearpoke\n|poke|p1|Ursaluna-Bloodmoon, L50, M|\n|poke|p1|Dusclops, L50, F|\n|poke|p1|Incineroar, L50, M|\n|poke|p1|Archaludon, L50, F|\n|poke|p1|Pelipper, L50, M|\n|poke|p1|Whimsicott, L50, F|\n|poke|p2|Gholdengo, L50|\n|poke|p2|Talonflame, L50, M|\n|poke|p2|Dondozo, L50, M|\n|poke|p2|Tatsugiri, L50, F|\n|poke|p2|Glimmora, L50, M|\n|poke|p2|Dragonite, L50, F|\n|teampreview|4\n|inactive|Battle timer is ON: inactive players will automatically lose when time's up. (requested by kojiminori1)\n|inactive|pmawarrior has 60 seconds left.\n|\n|t:|1727546085\n|start\n|switch|p1a: Dusclops|Dusclops, L50, F|100\/100\n|switch|p1b: Archaludon|Archaludon, L50, F|100\/100\n|switch|p2a: Glimmora|Glimmora, L50, M|100\/100\n|switch|p2b: Tatsugiri|Tatsugiri, L50, F|100\/100\n|-item|p2a: Glimmora|Focus Sash|[from] ability: Frisk|[of] p1a: Dusclops\n|-item|p2b: Tatsugiri|Life Orb|[from] ability: Frisk|[of] p1a: Dusclops\n|turn|1\n|inactive|pmawarrior has 30 seconds left.\n|\n|t:|1727546113\n|move|p2a: Glimmora|Earth Power|p1b: Archaludon\n|-supereffective|p1b: Archaludon\n|-damage|p1b: Archaludon|12\/100\n|move|p2b: Tatsugiri|Draco Meteor|p1b: Archaludon\n|-damage|p1b: Archaludon|0 fnt\n|-unboost|p2b: Tatsugiri|spa|2\n|faint|p1b: Archaludon\n|-damage|p2b: Tatsugiri|91\/100|[from] item: Life Orb\n|move|p1a: Dusclops|Trick Room|p1a: Dusclops\n|-fieldstart|move: Trick Room|[of] p1a: Dusclops\n|\n|upkeep\n|\n|t:|1727546126\n|switch|p1b: Ursaluna|Ursaluna-Bloodmoon, L50, M|100\/100\n|turn|2\n|\n|t:|1727546148\n|move|p2b: Tatsugiri|Protect|p2b: Tatsugiri\n|-singleturn|p2b: Tatsugiri|Protect\n|move|p2a: Glimmora|Spiky Shield|p2a: Glimmora\n|-singleturn|p2a: Glimmora|move: Protect\n|move|p1a: Dusclops|Night Shade|p2a: Glimmora\n|-activate|p2a: Glimmora|move: Protect\n|move|p1b: Ursaluna|Earth Power|p2a: Glimmora\n|-activate|p2a: Glimmora|move: Protect\n|\n|upkeep\n|turn|3\n|inactive|pmawarrior has 30 seconds left.\n|inactive|pmawarrior has 20 seconds left.\n|inactive|pmawarrior has 15 seconds left.\n|\n|t:|1727546188\n|switch|p2b: Dondozo|Dondozo, L50, M|100\/100\n|-terastallize|p1b: Ursaluna|Normal\n|move|p1a: Dusclops|Night Shade|p2a: Glimmora\n|-damage|p2a: Glimmora|69\/100\n|move|p1b: Ursaluna|Blood Moon|p2a: Glimmora\n|-resisted|p2a: Glimmora\n|-damage|p2a: Glimmora|0 fnt\n|faint|p2a: Glimmora\n|-damage|p1b: Ursaluna|91\/100|[from] item: Life Orb\n|\n|upkeep\n|\n|t:|1727546200\n|switch|p2a: Gholdengo|Gholdengo, L50|100\/100\n|turn|4\n|\n|t:|1727546225\n|switch|p2a: Tatsugiri|Tatsugiri, L50, F|91\/100\n|-activate|p2a: Tatsugiri|ability: Commander|[of] p2b: Dondozo\n|-boost|p2b: Dondozo|atk|2\n|-boost|p2b: Dondozo|spa|2\n|-boost|p2b: Dondozo|spe|2\n|-boost|p2b: Dondozo|def|2\n|-boost|p2b: Dondozo|spd|2\n|move|p1a: Dusclops|Will-O-Wisp|p2b: Dondozo|[miss]\n|-miss|p1a: Dusclops|p2b: Dondozo\n|move|p1b: Ursaluna|Earth Power|p2a: Tatsugiri|[miss]\n|-miss|p1b: Ursaluna|p2a: Tatsugiri\n|move|p2b: Dondozo|Wave Crash|p1b: Ursaluna\n|-damage|p1b: Ursaluna|5\/100\n|-damage|p2b: Dondozo|77\/100|[from] Recoil\n|\n|upkeep\n|turn|5\n|j| Mixam91\n|inactive|kojiminori1 has 30 seconds left.\n|inactive|kojiminori1 has 20 seconds left.\n|\n|t:|1727546263\n|switch|p1b: Incineroar|Incineroar, L50, M|100\/100\n|-ability|p1b: Incineroar|Intimidate|boost\n|-unboost|p2a: Tatsugiri|atk|1\n|-fail|p2b: Dondozo|unboost|[from] item: Clear Amulet|[of] p2b: Dondozo\n|move|p1a: Dusclops|Will-O-Wisp|p2b: Dondozo\n|-status|p2b: Dondozo|brn\n|move|p2b: Dondozo|Wave Crash|p1a: Dusclops\n|-damage|p1a: Dusclops|75\/100\n|-damage|p2b: Dondozo|71\/100 brn|[from] Recoil\n|\n|-damage|p2b: Dondozo|65\/100 brn|[from] brn\n|-fieldend|move: Trick Room\n|upkeep\n|turn|6\n|\n|t:|1727546280\n|move|p2b: Dondozo|Wave Crash|p1b: Incineroar\n|-supereffective|p1b: Incineroar\n|-damage|p1b: Incineroar|0 fnt\n|faint|p1b: Incineroar\n|-damage|p2b: Dondozo|35\/100 brn|[from] Recoil\n|move|p1a: Dusclops|Trick Room|p1a: Dusclops\n|-fieldstart|move: Trick Room|[of] p1a: Dusclops\n|\n|-damage|p2b: Dondozo|29\/100 brn|[from] brn\n|upkeep\n|\n|t:|1727546290\n|switch|p1b: Ursaluna|Ursaluna-Bloodmoon, L50, M, tera:Normal|5\/100\n|turn|7\n|\n|t:|1727546304\n|move|p1b: Ursaluna|Protect|p1b: Ursaluna\n|-singleturn|p1b: Ursaluna|Protect\n|move|p2b: Dondozo|Protect|p2b: Dondozo\n|-singleturn|p2b: Dondozo|Protect\n|move|p1a: Dusclops|Night Shade|p2b: Dondozo\n|-activate|p2b: Dondozo|move: Protect\n|\n|-damage|p2b: Dondozo|23\/100 brn|[from] brn\n|upkeep\n|turn|8\n|inactive|kojiminori1 has 30 seconds left.\n|\n|t:|1727546337\n|move|p1b: Ursaluna|Protect|p1b: Ursaluna\n|-singleturn|p1b: Ursaluna|Protect\n|move|p2b: Dondozo|Protect||[still]\n|-fail|p2b: Dondozo\n|move|p1a: Dusclops|Night Shade|p2b: Dondozo\n|-damage|p2b: Dondozo|0 fnt\n|faint|p2b: Dondozo\n|\n|upkeep\n|\n|t:|1727546341\n|switch|p2b: Gholdengo|Gholdengo, L50|100\/100\n|turn|9\n|inactive|pmawarrior has 30 seconds left.\n|\n|t:|1727546368\n|move|p1a: Dusclops|Night Shade|p2a: Tatsugiri\n|-damage|p2a: Tatsugiri|56\/100\n|move|p1b: Ursaluna|Earth Power|p2b: Gholdengo\n|-supereffective|p2b: Gholdengo\n|-damage|p2b: Gholdengo|0 fnt\n|faint|p2b: Gholdengo\n|-damage|p1b: Ursaluna|0 fnt|[from] item: Life Orb\n|faint|p1b: Ursaluna\n|move|p2a: Tatsugiri|Hydro Pump|p1a: Dusclops\n|-damage|p1a: Dusclops|32\/100\n|-damage|p2a: Tatsugiri|46\/100|[from] item: Life Orb\n|\n|upkeep\n|turn|10\n|\n|t:|1727546388\n|move|p1a: Dusclops|Night Shade|p2a: Tatsugiri\n|-damage|p2a: Tatsugiri|12\/100\n|move|p2a: Tatsugiri|Draco Meteor|p1a: Dusclops\n|-damage|p1a: Dusclops|0 fnt\n|-unboost|p2a: Tatsugiri|spa|2\n|faint|p1a: Dusclops\n|-damage|p2a: Tatsugiri|2\/100|[from] item: Life Orb\n|\n|win|pmawarrior\n|raw|kojiminori1's rating: 1776 &rarr; <strong>1755<\/strong><br \/>(-21 for losing)\n|raw|pmawarrior's rating: 1761 &rarr; <strong>1782<\/strong><br \/>(+21 for winning)\n|l| Mixam91\n|l|\u2606pmawarrior\n|player|p2|\n|l|\u2606kojiminori1\n|player|p1|\n","uploadtime":1727546602,"views":47,"formatid":"gen9vgc2024regh","rating":1755,"private":0,"password":null}