{"id":"gen9vgc2024regh-2211455862","format":"[Gen 9] VGC 2024 Reg H","players":["stbai","pokehys3"],"log":"|j|\u2606stbai\n|j|\u2606pokehys3\n|t:|1727520940\n|gametype|doubles\n|player|p1|stbai|janitor|1640\n|player|p2|pokehys3|1|1696\n|teamsize|p1|6\n|teamsize|p2|6\n|gen|9\n|tier|[Gen 9] VGC 2024 Reg H\n|rated|\n|rule|Species Clause: Limit one of each Pok\u00e9mon\n|rule|Item Clause: Limit 1 of each item\n|clearpoke\n|poke|p1|Tatsugiri, L50, F|\n|poke|p1|Smeargle, L50, M|\n|poke|p1|Gholdengo, L50|\n|poke|p1|Kleavor, L50, M|\n|poke|p1|Ursaluna-Bloodmoon, L50, M|\n|poke|p1|Dondozo, L50, M|\n|poke|p2|Dragapult, L50, M|\n|poke|p2|Sneasler, L50, M|\n|poke|p2|Indeedee, L50, M|\n|poke|p2|Talonflame, L50, F|\n|poke|p2|Gholdengo, L50|\n|poke|p2|Maushold-Four, L50|\n|teampreview|4\n|inactive|Battle timer is ON: inactive players will automatically lose when time's up. (requested by pokehys3)\n|inactive|stbai also wants the timer to be on.\n|j| Lavenderawa\n|inactive|pokehys3 has 60 seconds left.\n|\n|t:|1727520983\n|start\n|switch|p1a: Smeargle|Smeargle, L50, M|100\/100\n|switch|p1b: Gholdengo|Gholdengo, L50|100\/100\n|switch|p2a: Talonflame|Talonflame, L50, F|100\/100\n|switch|p2b: Gholdengo|Gholdengo, L50|100\/100\n|turn|1\n|inactive|pokehys3 has 30 seconds left.\n|\n|t:|1727521009\n|switch|p1b: Dondozo|Dondozo, L50, M|100\/100\n|move|p2a: Talonflame|Tailwind|p2a: Talonflame\n|-sidestart|p2: pokehys3|move: Tailwind\n|move|p2b: Gholdengo|Make It Rain|p1b: Dondozo|[spread] p1a,p1b\n|-resisted|p1b: Dondozo\n|-enditem|p1a: Smeargle|Focus Sash\n|-damage|p1a: Smeargle|1\/100\n|-damage|p1b: Dondozo|66\/100\n|-unboost|p2b: Gholdengo|spa|1\n|move|p1a: Smeargle|Simple Beam|p1b: Dondozo\n|-endability|p1b: Dondozo|Unaware|[from] move: Simple Beam\n|-ability|p1b: Dondozo|Simple|[from] move: Simple Beam\n|\n|-heal|p1b: Dondozo|72\/100|[from] item: Leftovers\n|-ability|p1a: Smeargle|Moody|boost\n|-boost|p1a: Smeargle|spa|2\n|-unboost|p1a: Smeargle|spd|1\n|upkeep\n|turn|2\n|\n|t:|1727521020\n|switch|p1a: Tatsugiri|Tatsugiri, L50, F|100\/100\n|-activate|p1a: Tatsugiri|ability: Commander|[of] p1b: Dondozo\n|-boost|p1b: Dondozo|atk|4\n|-boost|p1b: Dondozo|spa|4\n|-boost|p1b: Dondozo|spe|4\n|-boost|p1b: Dondozo|def|4\n|-boost|p1b: Dondozo|spd|4\n|move|p2a: Talonflame|Brave Bird|p1b: Dondozo\n|-damage|p1b: Dondozo|58\/100\n|-damage|p2a: Talonflame|94\/100|[from] Recoil\n|-damage|p2a: Talonflame|84\/100|[from] item: Life Orb\n|move|p2b: Gholdengo|Make It Rain|p1a: Tatsugiri|[spread] p1b\n|-miss|p2b: Gholdengo|p1a: Tatsugiri\n|-resisted|p1b: Dondozo\n|-damage|p1b: Dondozo|50\/100\n|-unboost|p2b: Gholdengo|spa|1\n|move|p1b: Dondozo|Order Up|p2a: Talonflame\n|-damage|p2a: Talonflame|0 fnt\n|faint|p2a: Talonflame\n|-boost|p1b: Dondozo|atk|2\n|\n|-heal|p1b: Dondozo|57\/100|[from] item: Leftovers\n|upkeep\n|\n|t:|1727521024\n|switch|p2a: Maushold|Maushold-Four, L50|100\/100\n|turn|3\n|\n|t:|1727521031\n|-terastallize|p2a: Maushold|Grass\n|move|p2a: Maushold|Population Bomb|p1b: Dondozo\n|-damage|p1b: Dondozo|54\/100\n|-damage|p1b: Dondozo|50\/100\n|-damage|p1b: Dondozo|47\/100\n|-damage|p1b: Dondozo|44\/100\n|-damage|p1b: Dondozo|41\/100\n|-damage|p1b: Dondozo|38\/100\n|-damage|p1b: Dondozo|35\/100\n|-damage|p1b: Dondozo|32\/100\n|-damage|p1b: Dondozo|29\/100\n|-damage|p1b: Dondozo|25\/100\n|-hitcount|p1b: Dondozo|10\n|move|p2b: Gholdengo|Make It Rain|p1b: Dondozo|[spread] p1b\n|-miss|p2b: Gholdengo|p1a: Tatsugiri\n|-resisted|p1b: Dondozo\n|-damage|p1b: Dondozo|19\/100\n|-unboost|p2b: Gholdengo|spa|1\n|move|p1b: Dondozo|Earthquake|p2b: Gholdengo|[spread] p2a,p2b\n|-miss|p1b: Dondozo|p1a: Tatsugiri\n|-resisted|p2a: Maushold\n|-supereffective|p2b: Gholdengo\n|-damage|p2a: Maushold|36\/100\n|-damage|p2b: Gholdengo|0 fnt\n|faint|p2b: Gholdengo\n|\n|-heal|p1b: Dondozo|25\/100|[from] item: Leftovers\n|upkeep\n|\n|t:|1727521048\n|switch|p2b: Sneasler|Sneasler, L50, M|100\/100\n|turn|4\n|\n|t:|1727521055\n|move|p1b: Dondozo|Protect|p1b: Dondozo\n|-singleturn|p1b: Dondozo|Protect\n|move|p2a: Maushold|Population Bomb|p1b: Dondozo\n|-activate|p1b: Dondozo|move: Protect\n|move|p2b: Sneasler|Close Combat|p1a: Tatsugiri|[miss]\n|-miss|p2b: Sneasler|p1a: Tatsugiri\n|\n|-heal|p1b: Dondozo|31\/100|[from] item: Leftovers\n|-sideend|p2: pokehys3|move: Tailwind\n|upkeep\n|turn|5\n|\n|t:|1727521061\n|move|p2b: Sneasler|Protect|p2b: Sneasler\n|-singleturn|p2b: Sneasler|Protect\n|move|p1b: Dondozo|Earthquake|p2a: Maushold|[spread] p2a\n|-miss|p1b: Dondozo|p1a: Tatsugiri\n|-activate|p2b: Sneasler|move: Protect\n|-resisted|p2a: Maushold\n|-damage|p2a: Maushold|0 fnt\n|faint|p2a: Maushold\n|\n|-heal|p1b: Dondozo|37\/100|[from] item: Leftovers\n|upkeep\n|turn|6\n|-message|pokehys3 forfeited.\n|\n|win|stbai\n|raw|stbai's rating: 1640 &rarr; <strong>1663<\/strong><br \/>(+23 for winning)\n|raw|pokehys3's rating: 1696 &rarr; <strong>1673<\/strong><br \/>(-23 for losing)\n|l|\u2606pokehys3\n|player|p2|\n|l|\u2606stbai\n|player|p1|\n|l| Lavenderawa\n","uploadtime":1727521317,"views":17,"formatid":"gen9vgc2024regh","rating":1663,"private":0,"password":null}