{"id":"gen9vgc2024regh-2211454451","format":"[Gen 9] VGC 2024 Reg H","players":["stbai","Bill Clinton y Rex"],"log":"|j|\u2606stbai\n|j|\u2606Bill Clinton y Rex\n|t:|1727520667\n|gametype|doubles\n|player|p1|stbai|janitor|1649\n|player|p2|Bill Clinton y Rex|1|1710\n|teamsize|p1|6\n|teamsize|p2|6\n|gen|9\n|tier|[Gen 9] VGC 2024 Reg H\n|rated|\n|rule|Species Clause: Limit one of each Pok\u00e9mon\n|rule|Item Clause: Limit 1 of each item\n|clearpoke\n|poke|p1|Tatsugiri, L50, M|\n|poke|p1|Smeargle, L50, F|\n|poke|p1|Gholdengo, L50|\n|poke|p1|Kleavor, L50, M|\n|poke|p1|Ursaluna-Bloodmoon, L50, M|\n|poke|p1|Dondozo, L50, M|\n|poke|p2|Lilligant-Hisui, L50, F|\n|poke|p2|Kingambit, L50, M|\n|poke|p2|Torkoal, L50, F|\n|poke|p2|Dragonite, L50, M|\n|poke|p2|Mimikyu, L50, M|\n|poke|p2|Porygon2, L50|\n|teampreview|4\n|inactive|Battle timer is ON: inactive players will automatically lose when time's up. (requested by stbai)\n|inactive|Bill Clinton y Rex has 60 seconds left.\n|\n|t:|1727520707\n|start\n|switch|p1a: Smeargle|Smeargle, L50, F|100\/100\n|switch|p1b: Kleavor|Kleavor, L50, M|100\/100\n|switch|p2a: Lilligant|Lilligant-Hisui, L50, F|100\/100\n|switch|p2b: Torkoal|Torkoal, L50, F|100\/100\n|-weather|SunnyDay|[from] ability: Drought|[of] p2b: Torkoal\n|turn|1\n|j| gdgfdsgsgs\n|l| gdgfdsgsgs\n|\n|t:|1727520717\n|move|p2a: Lilligant|Protect|p2a: Lilligant\n|-singleturn|p2a: Lilligant|Protect\n|move|p2b: Torkoal|Protect|p2b: Torkoal\n|-singleturn|p2b: Torkoal|Protect\n|move|p1b: Kleavor|Tailwind|p1b: Kleavor\n|-sidestart|p1: stbai|move: Tailwind\n|move|p1a: Smeargle|Spore|p2b: Torkoal\n|-activate|p2b: Torkoal|move: Protect\n|\n|-weather|SunnyDay|[upkeep]\n|-ability|p1a: Smeargle|Moody|boost\n|-boost|p1a: Smeargle|spd|2\n|-unboost|p1a: Smeargle|spa|1\n|upkeep\n|turn|2\n|\n|t:|1727520732\n|move|p2a: Lilligant|After You|p2b: Torkoal\n|-activate|p2b: Torkoal|move: After You\n|move|p2b: Torkoal|Eruption|p1a: Smeargle|[spread] p1a,p1b\n|-damage|p1a: Smeargle|20\/100\n|-damage|p1b: Kleavor|0 fnt\n|faint|p1b: Kleavor\n|move|p1a: Smeargle|Spore|p2b: Torkoal\n|-status|p2b: Torkoal|slp|[from] move: Spore\n|\n|-weather|SunnyDay|[upkeep]\n|-ability|p1a: Smeargle|Moody|boost\n|-boost|p1a: Smeargle|def|2\n|-unboost|p1a: Smeargle|spe|1\n|upkeep\n|\n|t:|1727520738\n|switch|p1b: Gholdengo|Gholdengo, L50|100\/100\n|turn|3\n|\n|t:|1727520754\n|switch|p2b: Kingambit|Kingambit, L50, M|100\/100\n|move|p2a: Lilligant|Close Combat|p1a: Smeargle\n|-supereffective|p1a: Smeargle\n|-damage|p1a: Smeargle|0 fnt\n|-unboost|p2a: Lilligant|def|1\n|-unboost|p2a: Lilligant|spd|1\n|faint|p1a: Smeargle\n|move|p1b: Gholdengo|Nasty Plot|p1b: Gholdengo\n|-boost|p1b: Gholdengo|spa|2\n|\n|-weather|SunnyDay|[upkeep]\n|upkeep\n|\n|t:|1727520760\n|switch|p1a: Ursaluna|Ursaluna-Bloodmoon, L50, M|100\/100\n|turn|4\n|\n|t:|1727520772\n|-terastallize|p1b: Gholdengo|Water\n|move|p2a: Lilligant|Coaching|p2b: Kingambit\n|-boost|p2b: Kingambit|atk|1\n|-boost|p2b: Kingambit|def|1\n|move|p1b: Gholdengo|Make It Rain|p2b: Kingambit|[spread] p2a,p2b\n|-resisted|p2b: Kingambit\n|-enditem|p2a: Lilligant|Focus Sash\n|-damage|p2a: Lilligant|1\/100\n|-damage|p2b: Kingambit|69\/100\n|-unboost|p1b: Gholdengo|spa|1\n|move|p1a: Ursaluna|Earth Power|p2b: Kingambit\n|-supereffective|p2b: Kingambit\n|-damage|p2b: Kingambit|0 fnt\n|faint|p2b: Kingambit\n|-damage|p1a: Ursaluna|90\/100|[from] item: Life Orb\n|\n|-weather|SunnyDay|[upkeep]\n|-sideend|p1: stbai|move: Tailwind\n|upkeep\n|\n|t:|1727520778\n|switch|p2b: Porygon2|Porygon2, L50|100\/100\n|-ability|p2b: Porygon2|Mind's Eye|[from] ability: Trace|[of] p1a: Ursaluna\n|turn|5\n|\n|t:|1727520796\n|move|p1a: Ursaluna|Protect|p1a: Ursaluna\n|-singleturn|p1a: Ursaluna|Protect\n|move|p2a: Lilligant|After You|p2b: Porygon2\n|-activate|p2b: Porygon2|move: After You\n|move|p2b: Porygon2|Trick Room|p2b: Porygon2\n|-fieldstart|move: Trick Room|[of] p2b: Porygon2\n|move|p1b: Gholdengo|Make It Rain|p2b: Porygon2|[spread] p2a,p2b\n|-crit|p2a: Lilligant\n|-damage|p2a: Lilligant|0 fnt\n|-damage|p2b: Porygon2|60\/100\n|-unboost|p1b: Gholdengo|spa|1\n|faint|p2a: Lilligant\n|\n|-weather|none\n|upkeep\n|\n|t:|1727520798\n|switch|p2a: Torkoal|Torkoal, L50, F|100\/100 slp\n|-weather|SunnyDay|[from] ability: Drought|[of] p2a: Torkoal\n|turn|6\n|\n|t:|1727520806\n|-terastallize|p2b: Porygon2|Fighting\n|cant|p2a: Torkoal|slp\n|move|p2b: Porygon2|Tera Blast|p1a: Ursaluna|[anim] Tera Blast Fighting\n|-supereffective|p1a: Ursaluna\n|-damage|p1a: Ursaluna|13\/100\n|move|p1a: Ursaluna|Earth Power|p2a: Torkoal\n|-supereffective|p2a: Torkoal\n|-damage|p2a: Torkoal|0 fnt\n|faint|p2a: Torkoal\n|-damage|p1a: Ursaluna|3\/100|[from] item: Life Orb\n|move|p1b: Gholdengo|Nasty Plot|p1b: Gholdengo\n|-boost|p1b: Gholdengo|spa|2\n|\n|-weather|SunnyDay|[upkeep]\n|upkeep\n|turn|7\n|-message|Bill Clinton y Rex forfeited.\n|\n|win|stbai\n|raw|stbai's rating: 1649 &rarr; <strong>1672<\/strong><br \/>(+23 for winning)\n|raw|Bill Clinton y Rex's rating: 1710 &rarr; <strong>1687<\/strong><br \/>(-23 for losing)\n|l|\u2606Bill Clinton y Rex\n|player|p2|\n|l|\u2606stbai\n|player|p1|\n","uploadtime":1727521044,"views":16,"formatid":"gen9vgc2024regh","rating":1672,"private":0,"password":null}