{"id":"gen9vgc2024regh-2211745213","format":"[Gen 9] VGC 2024 Reg H","players":["p1atypus","wheresZa"],"log":"|j|\u2606p1atypus\n|j|\u2606wheresZa\n|t:|1727556612\n|gametype|doubles\n|player|p1|p1atypus|170|1673\n|player|p2|wheresZa|rood|1704\n|teamsize|p1|6\n|teamsize|p2|6\n|gen|9\n|tier|[Gen 9] VGC 2024 Reg H\n|rated|\n|rule|Species Clause: Limit one of each Pok\u00e9mon\n|rule|Item Clause: Limit 1 of each item\n|clearpoke\n|poke|p1|Salamence, L50, F|\n|poke|p1|Gastrodon, L50, M|\n|poke|p1|Tauros-Paldea-Blaze, L50, M|\n|poke|p1|Whimsicott, L50, F|\n|poke|p1|Glimmora, L50, M|\n|poke|p1|Farigiraf, L50, F|\n|poke|p2|Armarouge, L50, F|\n|poke|p2|Indeedee-F, L50, F|\n|poke|p2|Ursaluna, L50, M|\n|poke|p2|Gallade, L50, M|\n|poke|p2|Torkoal, L50, F|\n|poke|p2|Primarina, L50, F|\n|teampreview|4\n|inactive|Battle timer is ON: inactive players will automatically lose when time's up. (requested by wheresZa)\n|inactive|p1atypus also wants the timer to be on.\np1atypus has agreed to open team sheets.\nwheresZa has agreed to open team sheets.\n|inactive|p1atypus has 30 seconds left.\n|inactive|wheresZa has 30 seconds left.\n|inactive|wheresZa has 20 seconds left.\n|inactive|wheresZa has 15 seconds left.\n|j| Joey The Blonde\n|inactive|wheresZa has 10 seconds left.\n|inactive|wheresZa has 5 seconds left.\n|\n|t:|1727556667\n|start\n|switch|p1a: Farigiraf|Farigiraf, L50, F|100\/100\n|switch|p1b: Gastrodon|Gastrodon, L50, M|100\/100\n|switch|p2a: Indeedee|Indeedee-F, L50, F|100\/100\n|switch|p2b: Armarouge|Armarouge, L50, F|100\/100\n|-fieldstart|move: Psychic Terrain|[from] ability: Psychic Surge|[of] p2a: Indeedee\n|turn|1\n|inactive|wheresZa has 30 seconds left.\n|\n|t:|1727556698\n|-terastallize|p2b: Armarouge|Grass\n|move|p2a: Indeedee|Helping Hand|p2b: Armarouge\n|-singleturn|p2b: Armarouge|Helping Hand|[of] p2a: Indeedee\n|move|p2b: Armarouge|Meteor Beam||[still]\n|-prepare|p2b: Armarouge|Meteor Beam\n|-boost|p2b: Armarouge|spa|1\n|-enditem|p2b: Armarouge|Power Herb\n|-anim|p2b: Armarouge|Meteor Beam|p1a: Farigiraf\n|-damage|p1a: Farigiraf|16\/100\n|move|p1a: Farigiraf|Imprison|p1a: Farigiraf\n|-start|p1a: Farigiraf|move: Imprison\n|move|p1b: Gastrodon|Muddy Water|p2a: Indeedee|[spread] p2a,p2b\n|-resisted|p2b: Armarouge\n|-damage|p2a: Indeedee|72\/100\n|-damage|p2b: Armarouge|82\/100\n|-unboost|p2a: Indeedee|accuracy|1\n|\n|upkeep\n|turn|2\n|inactive|p1atypus has 30 seconds left.\n|\n|t:|1727556732\n|move|p2a: Indeedee|Helping Hand|p2b: Armarouge\n|-singleturn|p2b: Armarouge|Helping Hand|[of] p2a: Indeedee\n|move|p1a: Farigiraf|Protect|p1a: Farigiraf\n|-singleturn|p1a: Farigiraf|Protect\n|move|p2b: Armarouge|Expanding Force|p1b: Gastrodon|[spread] p1b\n|-activate|p1a: Farigiraf|move: Protect\n|-damage|p1b: Gastrodon|8\/100\n|move|p1b: Gastrodon|Ice Beam|p2b: Armarouge\n|-supereffective|p2b: Armarouge\n|-damage|p2b: Armarouge|21\/100\n|\n|upkeep\n|turn|3\n|\n|t:|1727556748\n|move|p2a: Indeedee|Follow Me|p2a: Indeedee\n|-singleturn|p2a: Indeedee|move: Follow Me\n|move|p2b: Armarouge|Expanding Force|p1b: Gastrodon|[spread] p1a,p1b\n|-resisted|p1a: Farigiraf\n|-damage|p1a: Farigiraf|0 fnt\n|-damage|p1b: Gastrodon|0 fnt\n|faint|p1a: Farigiraf\n|faint|p1b: Gastrodon\n|\n|upkeep\n|\n|t:|1727556752\n|switch|p1a: Glimmora|Glimmora, L50, M|100\/100\n|switch|p1b: Tauros|Tauros-Paldea-Blaze, L50, M|100\/100\n|-ability|p1b: Tauros|Intimidate|boost\n|-unboost|p2a: Indeedee|atk|1\n|-unboost|p2b: Armarouge|atk|1\n|turn|4\n|inactive|p1atypus has 30 seconds left.\n|j| DonShitDozo\n|\n|t:|1727556783\n|-terastallize|p1b: Tauros|Stellar\n|move|p2a: Indeedee|Follow Me|p2a: Indeedee\n|-singleturn|p2a: Indeedee|move: Follow Me\n|move|p1b: Tauros|Flare Blitz|p2a: Indeedee\n|-damage|p2a: Indeedee|0 fnt\n|faint|p2a: Indeedee\n|-damage|p1b: Tauros|72\/100|[from] Recoil\n|-damage|p1b: Tauros|62\/100|[from] item: Life Orb\n|move|p1a: Glimmora|Meteor Beam||[still]\n|-prepare|p1a: Glimmora|Meteor Beam\n|-boost|p1a: Glimmora|spa|1\n|-enditem|p1a: Glimmora|Power Herb\n|-anim|p1a: Glimmora|Meteor Beam|p2b: Armarouge\n|-crit|p2b: Armarouge\n|-damage|p2b: Armarouge|0 fnt\n|faint|p2b: Armarouge\n|\n|upkeep\n|\n|t:|1727556795\n|switch|p2b: Ursaluna|Ursaluna, L50, M|100\/100\n|switch|p2a: Gallade|Gallade, L50, M|100\/100\n|turn|5\n|inactive|p1atypus has 30 seconds left.\n|inactive|wheresZa has 30 seconds left.\n|inactive|p1atypus has 20 seconds left.\n|inactive|p1atypus has 15 seconds left.\n|\n|t:|1727556836\n|move|p2b: Ursaluna|Protect|p2b: Ursaluna\n|-singleturn|p2b: Ursaluna|Protect\n|move|p1b: Tauros|Close Combat|p2a: Gallade\n|-resisted|p2a: Gallade\n|-damage|p2a: Gallade|23\/100\n|-unboost|p1b: Tauros|def|1\n|-unboost|p1b: Tauros|spd|1\n|-damage|p1b: Tauros|52\/100|[from] item: Life Orb\n|move|p1a: Glimmora|Sludge Bomb|p2a: Gallade\n|-damage|p2a: Gallade|0 fnt\n|faint|p2a: Gallade\n|\n|-fieldend|move: Psychic Terrain\n|-status|p2b: Ursaluna|brn|[from] item: Flame Orb\n|upkeep\n|turn|6\n|\n|t:|1727556850\n|move|p1b: Tauros|Close Combat|p2b: Ursaluna\n|-supereffective|p2b: Ursaluna\n|-damage|p2b: Ursaluna|0 fnt\n|-unboost|p1b: Tauros|def|1\n|-unboost|p1b: Tauros|spd|1\n|faint|p2b: Ursaluna\n|-damage|p1b: Tauros|42\/100|[from] item: Life Orb\n|\n|win|p1atypus\n|raw|p1atypus's rating: 1673 &rarr; <strong>1695<\/strong><br \/>(+22 for winning)\n|raw|wheresZa's rating: 1704 &rarr; <strong>1682<\/strong><br \/>(-22 for losing)\n|l|\u2606wheresZa\n|player|p2|\n|l|\u2606p1atypus\n|player|p1|\n|l| Joey The Blonde\n|l| DonShitDozo\n","uploadtime":1727557048,"views":19,"formatid":"gen9vgc2024regh","rating":1682,"private":0,"password":null}