{"id":"gen9vgc2024regh-2211331183","format":"[Gen 9] VGC 2024 Reg H","players":["rough Pult","roykeenkennedy"],"log":"|j|\u2606rough Pult\n|j|\u2606roykeenkennedy\n|t:|1727496733\n|gametype|doubles\n|player|p1|rough Pult|giovanni|1681\n|player|p2|roykeenkennedy|alder|1782\n|teamsize|p1|6\n|teamsize|p2|6\n|gen|9\n|tier|[Gen 9] VGC 2024 Reg H\n|rated|\n|rule|Species Clause: Limit one of each Pok\u00e9mon\n|rule|Item Clause: Limit 1 of each item\n|clearpoke\n|poke|p1|Dondozo, L50, M|\n|poke|p1|Dragapult, L50, M|\n|poke|p1|Magmar, L50, F|\n|poke|p1|Kingambit, L50, M|\n|poke|p1|Rillaboom, L50, F|\n|poke|p1|Sneasler, L50, F|\n|poke|p2|Salamence, L50, M|\n|poke|p2|Incineroar, L50, M|\n|poke|p2|Weezing, L50, M|\n|poke|p2|Dragapult, L50, M|\n|poke|p2|Ursaluna-Bloodmoon, L50, M|\n|poke|p2|Porygon2, L50|\n|teampreview|4\n|\n|t:|1727496765\n|start\n|switch|p1a: Magmar|Magmar, L50, F|100\/100\n|switch|p1b: Dragapult|Dragapult, L50, M|100\/100\n|switch|p2a: Salamence|Salamence, L50, M|100\/100\n|switch|p2b: Weezing|Weezing, L50, M|100\/100\n|-ability|p2b: Weezing|Neutralizing Gas\n|turn|1\n|\n|t:|1727496780\n|-terastallize|p2a: Salamence|Steel\n|move|p1a: Magmar|Follow Me|p1a: Magmar\n|-singleturn|p1a: Magmar|move: Follow Me\n|move|p2a: Salamence|Breaking Swipe|p1b: Dragapult|[spread] p1a,p1b\n|-supereffective|p1b: Dragapult\n|-damage|p1a: Magmar|80\/100\n|-damage|p1b: Dragapult|36\/100\n|-unboost|p1a: Magmar|atk|1\n|-unboost|p1b: Dragapult|atk|1\n|move|p1b: Dragapult|Dragon Darts|p2a: Salamence\n|-resisted|p2a: Salamence\n|-damage|p2a: Salamence|84\/100\n|-anim|p1b: Dragapult|Dragon Darts|p2b: Weezing\n|-damage|p2b: Weezing|78\/100\n|move|p2b: Weezing|Taunt|p1a: Magmar\n|-start|p1a: Magmar|move: Taunt\n|\n|-heal|p2b: Weezing|84\/100|[from] item: Leftovers\n|upkeep\n|turn|2\n|\n|t:|1727496805\n|switch|p2a: Incineroar|Incineroar, L50, M|100\/100\n|-ability|p2a: Incineroar|Intimidate|boost\n|-unboost|p1a: Magmar|atk|1\n|-unboost|p1b: Dragapult|atk|1\n|switch|p1b: Kingambit|Kingambit, L50, M|100\/100\n|move|p1a: Magmar|Heat Wave|p2b: Weezing|[spread] p2b\n|-miss|p1a: Magmar|p2a: Incineroar\n|-damage|p2b: Weezing|52\/100\n|move|p2b: Weezing|Will-O-Wisp|p1b: Kingambit\n|-status|p1b: Kingambit|brn\n|\n|-heal|p2b: Weezing|58\/100|[from] item: Leftovers\n|-damage|p1b: Kingambit|95\/100 brn|[from] brn\n|upkeep\n|turn|3\n|\n|t:|1727496827\n|move|p1a: Magmar|Heat Wave|p2a: Incineroar|[spread] p2b\n|-miss|p1a: Magmar|p2a: Incineroar\n|-damage|p2b: Weezing|28\/100\n|-status|p2b: Weezing|brn\n|move|p2b: Weezing|Taunt|p1b: Kingambit\n|-start|p1b: Kingambit|move: Taunt\n|move|p2a: Incineroar|Knock Off|p1a: Magmar\n|-damage|p1a: Magmar|48\/100\n|-enditem|p1a: Magmar|Eviolite|[from] move: Knock Off|[of] p2a: Incineroar\n|cant|p1b: Kingambit|move: Taunt|Swords Dance\n|\n|-heal|p2b: Weezing|35\/100 brn|[from] item: Leftovers\n|-damage|p2b: Weezing|28\/100 brn|[from] brn\n|-damage|p1b: Kingambit|89\/100 brn|[from] brn\n|upkeep\n|turn|4\n|\n|t:|1727496848\n|move|p2b: Weezing|Protect|p2b: Weezing\n|-singleturn|p2b: Weezing|Protect\n|move|p1a: Magmar|Heat Wave|p2b: Weezing|[spread] p2a\n|-activate|p2b: Weezing|move: Protect\n|-resisted|p2a: Incineroar\n|-damage|p2a: Incineroar|91\/100\n|move|p2a: Incineroar|Flare Blitz|p1b: Kingambit\n|-supereffective|p1b: Kingambit\n|-damage|p1b: Kingambit|22\/100 brn\n|-damage|p2a: Incineroar|68\/100|[from] Recoil\n|move|p1b: Kingambit|Kowtow Cleave|p2a: Incineroar\n|-resisted|p2a: Incineroar\n|-damage|p2a: Incineroar|58\/100\n|\n|-heal|p2b: Weezing|35\/100 brn|[from] item: Leftovers\n|-damage|p2b: Weezing|28\/100 brn|[from] brn\n|-damage|p1b: Kingambit|16\/100 brn|[from] brn\n|-end|p1a: Magmar|move: Taunt\n|upkeep\n|turn|5\n|\n|t:|1727496874\n|-end|p2b: Weezing|ability: Neutralizing Gas\n|switch|p2b: Ursaluna|Ursaluna-Bloodmoon, L50, M|100\/100\n|move|p1a: Magmar|Protect|p1a: Magmar\n|-singleturn|p1a: Magmar|Protect\n|move|p1b: Kingambit|Sucker Punch||[still]\n|-fail|p1b: Kingambit\n|move|p2a: Incineroar|Parting Shot|p1a: Magmar\n|-activate|p1a: Magmar|move: Protect\n|\n|-damage|p1b: Kingambit|10\/100 brn|[from] brn\n|-end|p1b: Kingambit|move: Taunt\n|upkeep\n|turn|6\n|inactive|Battle timer is ON: inactive players will automatically lose when time's up. (requested by roykeenkennedy)\n|\n|t:|1727496947\n|move|p1b: Kingambit|Sucker Punch|p2b: Ursaluna\n|-damage|p2b: Ursaluna|85\/100\n|move|p1a: Magmar|Taunt|p2a: Incineroar\n|-start|p2a: Incineroar|move: Taunt\n|move|p2b: Ursaluna|Hyper Voice|p1b: Kingambit|[spread] p1a,p1b\n|-resisted|p1b: Kingambit\n|-damage|p1a: Magmar|2\/100\n|-damage|p1b: Kingambit|0 fnt\n|faint|p1b: Kingambit\n|cant|p2a: Incineroar|move: Taunt|Parting Shot\n|\n|upkeep\n|\n|t:|1727496965\n|switch|p1b: Dragapult|Dragapult, L50, M|36\/100\n|turn|7\n|\n|t:|1727496972\n|move|p1a: Magmar|Protect|p1a: Magmar\n|-singleturn|p1a: Magmar|Protect\n|move|p2b: Ursaluna|Vacuum Wave|p1a: Magmar\n|-activate|p1a: Magmar|move: Protect\n|move|p1b: Dragapult|Dragon Darts|p2a: Incineroar\n|-damage|p2a: Incineroar|23\/100\n|-anim|p1b: Dragapult|Dragon Darts|p2b: Ursaluna\n|-damage|p2b: Ursaluna|55\/100\n|move|p2a: Incineroar|Knock Off|p1b: Dragapult\n|-supereffective|p1b: Dragapult\n|-damage|p1b: Dragapult|0 fnt\n|-enditem|p1b: Dragapult|Choice Band|[from] move: Knock Off|[of] p2a: Incineroar\n|faint|p1b: Dragapult\n|\n|upkeep\n|\n|t:|1727496986\n|switch|p1b: Sneasler|Sneasler, L50, F|100\/100\n|turn|8\n|\n|t:|1727496993\n|move|p1a: Magmar|Protect||[still]\n|-fail|p1a: Magmar\n|move|p2b: Ursaluna|Vacuum Wave|p1a: Magmar\n|-damage|p1a: Magmar|0 fnt\n|faint|p1a: Magmar\n|move|p1b: Sneasler|Close Combat|p2b: Ursaluna\n|-supereffective|p2b: Ursaluna\n|-damage|p2b: Ursaluna|0 fnt\n|-unboost|p1b: Sneasler|def|1\n|-unboost|p1b: Sneasler|spd|1\n|faint|p2b: Ursaluna\n|move|p2a: Incineroar|Knock Off|p1b: Sneasler\n|-resisted|p1b: Sneasler\n|-damage|p1b: Sneasler|49\/100\n|-enditem|p1b: Sneasler|Focus Sash|[from] move: Knock Off|[of] p2a: Incineroar\n|\n|-end|p2a: Incineroar|move: Taunt\n|upkeep\n|\n|t:|1727497010\n|switch|p2b: Weezing|Weezing, L50, M|28\/100 brn\n|-ability|p2b: Weezing|Neutralizing Gas\n|-block|p2a: Incineroar|item: Ability Shield\n|turn|9\n|-message|rough Pult forfeited.\n|\n|win|roykeenkennedy\n|raw|rough Pult's rating: 1681 &rarr; <strong>1667<\/strong><br \/>(-14 for losing)\n|raw|roykeenkennedy's rating: 1782 &rarr; <strong>1796<\/strong><br \/>(+14 for winning)\n|l|\u2606rough Pult\n|player|p1|\n|l|\u2606roykeenkennedy\n|player|p2|\n","uploadtime":1727497258,"views":25,"formatid":"gen9vgc2024regh","rating":1667,"private":0,"password":null}