{"id":"gen9vgc2024regh-2211174815","format":"[Gen 9] VGC 2024 Reg H","players":["dayron91","grade a type b"],"log":"|j|\u2606dayron91\n|j|\u203dgrade a type b\n|t:|1727476244\n|gametype|doubles\n|player|p1|dayron91|dragontamer|1684\n|player|p2|grade a type b|waiter-gen4dp|1681\n|teamsize|p1|6\n|teamsize|p2|6\n|gen|9\n|tier|[Gen 9] VGC 2024 Reg H\n|rated|\n|rule|Species Clause: Limit one of each Pok\u00e9mon\n|rule|Item Clause: Limit 1 of each item\n|clearpoke\n|poke|p1|Archaludon, L50, F|\n|poke|p1|Whimsicott, L50, M|\n|poke|p1|Incineroar, L50, M|\n|poke|p1|Murkrow, L50, M|\n|poke|p1|Annihilape, L50, M|\n|poke|p1|Basculegion, L50, M|\n|poke|p2|Whimsicott, L50, F|\n|poke|p2|Ursaluna-Bloodmoon, L50, M|\n|poke|p2|Primarina, L50, F|\n|poke|p2|Gholdengo, L50|\n|poke|p2|Typhlosion-Hisui, L50, M|\n|poke|p2|Sneasler, L50, F|\n|teampreview|4\n|inactive|Battle timer is ON: inactive players will automatically lose when time's up. (requested by grade a type b)\n|j| dckilla28\n|inactive|dayron91 has 60 seconds left.\n|inactive|dayron91 has 30 seconds left.\n|inactive|dayron91 has 20 seconds left.\n|inactive|dayron91 has 15 seconds left.\n|inactive|dayron91 has 10 seconds left.\n|\n|t:|1727476325\n|start\n|switch|p1a: Murkrow|Murkrow, L50, M|100\/100\n|switch|p1b: Archaludon|Archaludon, L50, F|100\/100\n|switch|p2a: Whimsicott|Whimsicott, L50, F, shiny|100\/100\n|switch|p2b: Ursaluna|Ursaluna-Bloodmoon, L50, M|100\/100\n|turn|1\n|inactive|dayron91 has 30 seconds left.\n|inactive|dayron91 has 20 seconds left.\n|inactive|dayron91 has 15 seconds left.\n|inactive|dayron91 has 10 seconds left.\n|inactive|dayron91 has 5 seconds left.\n|\n|t:|1727476377\n|-terastallize|p1b: Archaludon|Fairy\n|-terastallize|p2b: Ursaluna|Ghost\n|move|p2a: Whimsicott|Tailwind|p2a: Whimsicott\n|-sidestart|p2: grade a type b|move: Tailwind\n|move|p1a: Murkrow|Tailwind|p1a: Murkrow\n|-sidestart|p1: dayron91|move: Tailwind\n|move|p1b: Archaludon|Body Press|p2b: Ursaluna\n|-immune|p2b: Ursaluna\n|move|p2b: Ursaluna|Earth Power|p1b: Archaludon\n|-damage|p1b: Archaludon|53\/100\n|-ability|p1b: Archaludon|Stamina|boost\n|-boost|p1b: Archaludon|def|1\n|-damage|p2b: Ursaluna|91\/100|[from] item: Life Orb\n|\n|upkeep\n|turn|2\n|inactive|dayron91 has 30 seconds left.\n|inactive|dayron91 has 20 seconds left.\n|\n|t:|1727476416\n|move|p2a: Whimsicott|Encore|p1b: Archaludon\n|-start|p1b: Archaludon|Encore\n|move|p1a: Murkrow|Rain Dance|p1a: Murkrow\n|-weather|RainDance\n|move|p1b: Archaludon|Body Press|p2a: Whimsicott\n|-resisted|p2a: Whimsicott\n|-damage|p2a: Whimsicott|79\/100\n|move|p2b: Ursaluna|Hyper Voice|p1b: Archaludon|[spread] p1a,p1b\n|-damage|p1a: Murkrow|27\/100\n|-damage|p1b: Archaludon|17\/100\n|-ability|p1b: Archaludon|Stamina|boost\n|-boost|p1b: Archaludon|def|1\n|-damage|p2b: Ursaluna|81\/100|[from] item: Life Orb\n|\n|-weather|RainDance|[upkeep]\n|upkeep\n|turn|3\n|inactive|dayron91 has 30 seconds left.\n|inactive|dayron91 has 20 seconds left.\n|inactive|dayron91 has 15 seconds left.\n|inactive|dayron91 has 10 seconds left.\n|\n|t:|1727476464\n|move|p2a: Whimsicott|Moonblast|p1b: Archaludon\n|-damage|p1b: Archaludon|0 fnt\n|faint|p1b: Archaludon\n|move|p1a: Murkrow|Dual Wingbeat|p2a: Whimsicott\n|-supereffective|p2a: Whimsicott\n|-crit|p2a: Whimsicott\n|-damage|p2a: Whimsicott|36\/100\n|-supereffective|p2a: Whimsicott\n|-damage|p2a: Whimsicott|7\/100\n|-hitcount|p2a: Whimsicott|2\n|move|p2b: Ursaluna|Hyper Voice|p1a: Murkrow\n|-damage|p1a: Murkrow|0 fnt\n|faint|p1a: Murkrow\n|-damage|p2b: Ursaluna|72\/100|[from] item: Life Orb\n|\n|-weather|RainDance|[upkeep]\n|upkeep\n|\n|t:|1727476481\n|switch|p1a: Annihilape|Annihilape, L50, M|100\/100\n|switch|p1b: Basculegion|Basculegion, L50, M|100\/100\n|turn|4\n|inactive|dayron91 has 30 seconds left.\n|\n|t:|1727476510\n|switch|p2a: Primarina|Primarina, L50, F, shiny|100\/100\n|move|p2b: Ursaluna|Protect|p2b: Ursaluna\n|-singleturn|p2b: Ursaluna|Protect\n|move|p1b: Basculegion|Last Respects|p2b: Ursaluna\n|-activate|p2b: Ursaluna|move: Protect\n|move|p1a: Annihilape|Rage Fist|p2a: Primarina\n|-damage|p2a: Primarina|66\/100\n|\n|-weather|RainDance|[upkeep]\n|-sideend|p2: grade a type b|move: Tailwind\n|-sideend|p1: dayron91|move: Tailwind\n|upkeep\n|turn|5\n|inactive|dayron91 has 30 seconds left.\n|inactive|grade a type b has 30 seconds left.\n|inactive|dayron91 has 20 seconds left.\n|inactive|dayron91 has 15 seconds left.\n|inactive|grade a type b has 20 seconds left.\n|j| piedidiconkeldurr\n|inactive|dayron91 has 10 seconds left.\n|\n|t:|1727476556\n|move|p1b: Basculegion|Last Respects|p2b: Ursaluna\n|-supereffective|p2b: Ursaluna\n|-damage|p2b: Ursaluna|0 fnt\n|faint|p2b: Ursaluna\n|move|p1a: Annihilape|Rage Fist|p2a: Primarina\n|-damage|p2a: Primarina|34\/100\n|move|p2a: Primarina|Moonblast|p1a: Annihilape\n|-supereffective|p1a: Annihilape\n|-damage|p1a: Annihilape|7\/100\n|\n|-weather|RainDance|[upkeep]\n|upkeep\n|\n|t:|1727476564\n|switch|p2b: Whimsicott|Whimsicott, L50, F, shiny|7\/100\n|turn|6\n|inactive|dayron91 has 30 seconds left.\n|inactive|dayron91 has 20 seconds left.\n|inactive|dayron91 has 15 seconds left.\n|\n|t:|1727476605\n|move|p2b: Whimsicott|Tailwind|p2b: Whimsicott\n|-sidestart|p2: grade a type b|move: Tailwind\n|move|p1b: Basculegion|Last Respects|p2b: Whimsicott\n|-damage|p2b: Whimsicott|0 fnt\n|faint|p2b: Whimsicott\n|move|p2a: Primarina|Hyper Voice|p1a: Annihilape|[spread] p1a,p1b\n|-resisted|p1b: Basculegion\n|-damage|p1a: Annihilape|0 fnt\n|-damage|p1b: Basculegion|68\/100\n|faint|p1a: Annihilape\n|-enditem|p2a: Primarina|Throat Spray\n|-boost|p2a: Primarina|spa|1|[from] item: Throat Spray\n|\n|-weather|none\n|upkeep\n|\n|t:|1727476612\n|switch|p2b: Gholdengo|Gholdengo, L50|100\/100\n|turn|7\n|\n|t:|1727476623\n|move|p2b: Gholdengo|Shadow Ball|p1b: Basculegion\n|-supereffective|p1b: Basculegion\n|-damage|p1b: Basculegion|0 fnt\n|faint|p1b: Basculegion\n|\n|win|grade a type b\n|raw|dayron91's rating: 1684 &rarr; <strong>1664<\/strong><br \/>(-20 for losing)\n|raw|grade a type b's rating: 1681 &rarr; <strong>1701<\/strong><br \/>(+20 for winning)\n|l|\u203dgrade a type b\n|player|p2|\n|l|\u2606dayron91\n|player|p1|\n","uploadtime":1727476773,"views":14,"formatid":"gen9vgc2024regh","rating":1664,"private":0,"password":null}