{"id":"gen9vgc2024regh-2211031600","format":"[Gen 9] VGC 2024 Reg H","players":["Zordor","Arkalid"],"log":"|j|\u2606Zordor\n|j|\u2606Arkalid\n|t:|1727461426\n|gametype|doubles\n|player|p1|Zordor|pilot|1686\n|player|p2|Arkalid|2|1725\n|teamsize|p1|6\n|teamsize|p2|6\n|gen|9\n|tier|[Gen 9] VGC 2024 Reg H\n|rated|\n|rule|Species Clause: Limit one of each Pok\u00e9mon\n|rule|Item Clause: Limit 1 of each item\n|clearpoke\n|poke|p1|Rotom-Wash, L50|\n|poke|p1|Sneasler, L50, F|\n|poke|p1|Kingambit, L50, M|\n|poke|p1|Venusaur, L50, F|\n|poke|p1|Armarouge, L50, M|\n|poke|p1|Dragapult, L50, F|\n|poke|p2|Vivillon, L50, F|\n|poke|p2|Porygon2, L50|\n|poke|p2|Ursaluna-Bloodmoon, L50, M|\n|poke|p2|Archaludon, L50, F|\n|poke|p2|Volcarona, L50, M|\n|poke|p2|Garchomp, L50, F|\n|teampreview|4\n|inactive|Battle timer is ON: inactive players will automatically lose when time's up. (requested by Arkalid)\nArkalid has agreed to open team sheets.\n|j| kyotgst\n|inactive|Zordor has 60 seconds left.\n|inactive|Arkalid has 60 seconds left.\n|\n|t:|1727461476\n|start\n|switch|p1a: Sneasler|Sneasler, L50, F|100\/100\n|switch|p1b: Armarouge|Armarouge, L50, M|100\/100\n|switch|p2a: Vivillon|Vivillon, L50, F|100\/100\n|switch|p2b: Ursaluna|Ursaluna-Bloodmoon, L50, M|100\/100\n|turn|1\n|j| Ajolt\n|\n|t:|1727461488\n|-terastallize|p1b: Armarouge|Grass\n|-terastallize|p2b: Ursaluna|Ghost\n|move|p2a: Vivillon|Rage Powder|p2a: Vivillon\n|-singleturn|p2a: Vivillon|move: Rage Powder\n|move|p1a: Sneasler|Rock Tomb|p2a: Vivillon\n|-supereffective|p2a: Vivillon\n|-enditem|p2a: Vivillon|Focus Sash\n|-damage|p2a: Vivillon|1\/100\n|-unboost|p2a: Vivillon|spe|1\n|move|p1b: Armarouge|Heat Wave|p2b: Ursaluna|[spread] p2a,p2b\n|-supereffective|p2a: Vivillon\n|-damage|p2a: Vivillon|0 fnt\n|-damage|p2b: Ursaluna|85\/100\n|faint|p2a: Vivillon\n|move|p2b: Ursaluna|Earth Power|p1b: Armarouge\n|-resisted|p1b: Armarouge\n|-damage|p1b: Armarouge|75\/100\n|\n|upkeep\n|\n|t:|1727461498\n|switch|p2a: Volcarona|Volcarona, L50, M|100\/100\n|turn|2\n|\n|t:|1727461514\n|move|p1a: Sneasler|Rock Tomb|p2a: Volcarona\n|-supereffective|p2a: Volcarona\n|-damage|p2a: Volcarona|0 fnt\n|faint|p2a: Volcarona\n|move|p1b: Armarouge|Meteor Beam||[still]\n|-prepare|p1b: Armarouge|Meteor Beam\n|-boost|p1b: Armarouge|spa|1\n|-enditem|p1b: Armarouge|Power Herb\n|-anim|p1b: Armarouge|Meteor Beam|p2b: Ursaluna\n|-damage|p2b: Ursaluna|52\/100\n|move|p2b: Ursaluna|Blood Moon|p1b: Armarouge\n|-damage|p1b: Armarouge|0 fnt\n|faint|p1b: Armarouge\n|\n|upkeep\n|inactive|Arkalid has 30 seconds left.\n|\n|t:|1727461544\n|switch|p2a: Archaludon|Archaludon, L50, F|100\/100\n|switch|p1b: Kingambit|Kingambit, L50, M|100\/100\n|turn|3\n|\n|t:|1727461555\n|move|p1a: Sneasler|Close Combat|p2a: Archaludon\n|-supereffective|p2a: Archaludon\n|-ability|p2a: Archaludon|Sturdy\n|-damage|p2a: Archaludon|1\/100\n|-unboost|p1a: Sneasler|def|1\n|-unboost|p1a: Sneasler|spd|1\n|move|p2a: Archaludon|Aura Sphere|p1b: Kingambit\n|-supereffective|p1b: Kingambit\n|-damage|p1b: Kingambit|0 fnt\n|faint|p1b: Kingambit\n|move|p2b: Ursaluna|Earth Power|p1a: Sneasler\n|-supereffective|p1a: Sneasler\n|-enditem|p1a: Sneasler|Focus Sash\n|-damage|p1a: Sneasler|1\/100\n|\n|upkeep\n|\n|t:|1727461565\n|switch|p1b: Venusaur|Venusaur, L50, F|100\/100\n|turn|4\n|inactive|Arkalid has 30 seconds left.\n|inactive|Zordor has 30 seconds left.\n|inactive|Arkalid has 20 seconds left.\n|inactive|Arkalid has 15 seconds left.\n|inactive|Arkalid has 10 seconds left.\n|inactive|Arkalid has 5 seconds left.\n|\n|t:|1727461620\n|move|p2a: Archaludon|Protect|p2a: Archaludon\n|-singleturn|p2a: Archaludon|Protect\n|move|p1a: Sneasler|Dire Claw|p2b: Ursaluna\n|-resisted|p2b: Ursaluna\n|-damage|p2b: Ursaluna|38\/100\n|-status|p2b: Ursaluna|psn\n|move|p1b: Venusaur|Giga Drain|p2b: Ursaluna\n|-damage|p2b: Ursaluna|17\/100 psn\n|move|p2b: Ursaluna|Hyper Voice|p1b: Venusaur|[spread] p1a,p1b\n|-damage|p1a: Sneasler|0 fnt\n|-damage|p1b: Venusaur|66\/100\n|faint|p1a: Sneasler\n|\n|-heal|p1b: Venusaur|72\/100|[from] item: Leftovers\n|-damage|p2b: Ursaluna|5\/100 psn|[from] psn\n|upkeep\n|turn|5\n|inactive|Arkalid has 30 seconds left.\n|inactive|Arkalid has 20 seconds left.\n|inactive|Arkalid has 15 seconds left.\n|inactive|Arkalid has 10 seconds left.\n|inactive|Arkalid has 5 seconds left.\n|\n|t:|1727461675\n|move|p2a: Archaludon|Protect||[still]\n|-fail|p2a: Archaludon\n|move|p1b: Venusaur|Protect|p1b: Venusaur\n|-singleturn|p1b: Venusaur|Protect\n|move|p2b: Ursaluna|Hyper Voice|p1b: Venusaur\n|-activate|p1b: Venusaur|move: Protect\n|\n|-heal|p1b: Venusaur|78\/100|[from] item: Leftovers\n|-damage|p2b: Ursaluna|0 fnt|[from] psn\n|faint|p2b: Ursaluna\n|upkeep\n|turn|6\n|\n|t:|1727461687\n|move|p2a: Archaludon|Flash Cannon|p1b: Venusaur\n|-damage|p1b: Venusaur|40\/100\n|move|p1b: Venusaur|Giga Drain|p2a: Archaludon\n|-resisted|p2a: Archaludon\n|-damage|p2a: Archaludon|0 fnt\n|-heal|p1b: Venusaur|41\/100|[from] drain|[of] p2a: Archaludon\n|faint|p2a: Archaludon\n|\n|win|Zordor\n|raw|Zordor's rating: 1686 &rarr; <strong>1708<\/strong><br \/>(+22 for winning)\n|raw|Arkalid's rating: 1725 &rarr; <strong>1703<\/strong><br \/>(-22 for losing)\n|l|\u2606Zordor\n|player|p1|\n|l| kyotgst\n","uploadtime":1727461885,"views":21,"formatid":"gen9vgc2024regh","rating":1703,"private":0,"password":null}