{"id":"gen9vgc2024regh-2211684545","format":"[Gen 9] VGC 2024 Reg H","players":["Tapu Lisa","pmawarrior"],"log":"|j|\u2606Tapu Lisa\n|j|\u2606pmawarrior\n|t:|1727549883\n|gametype|doubles\n|player|p1|Tapu Lisa|2|1696\n|player|p2|pmawarrior|265|1787\n|teamsize|p1|6\n|teamsize|p2|6\n|gen|9\n|tier|[Gen 9] VGC 2024 Reg H\n|rated|\n|rule|Species Clause: Limit one of each Pok\u00e9mon\n|rule|Item Clause: Limit 1 of each item\n|clearpoke\n|poke|p1|Whimsicott, L50, F|\n|poke|p1|Indeedee, L50, M|\n|poke|p1|Typhlosion-Hisui, L50, M|\n|poke|p1|Sneasler, L50, F|\n|poke|p1|Dragonite, L50, M|\n|poke|p1|Tsareena, L50, F|\n|poke|p2|Gholdengo, L50|\n|poke|p2|Talonflame, L50, M|\n|poke|p2|Dondozo, L50, M|\n|poke|p2|Tatsugiri, L50, F|\n|poke|p2|Glimmora, L50, F|\n|poke|p2|Dragonite, L50, F|\n|teampreview|4\nTapu Lisa has agreed to open team sheets.\n|inactive|Battle timer is ON: inactive players will automatically lose when time's up. (requested by pmawarrior)\n|\n|t:|1727549957\n|start\n|switch|p1a: Whimsicott|Whimsicott, L50, F, shiny|100\/100\n|switch|p1b: Indeedee|Indeedee, L50, M|100\/100\n|switch|p2a: Glimmora|Glimmora, L50, F|100\/100\n|switch|p2b: Dragonite|Dragonite, L50, F, shiny|100\/100\n|-fieldstart|move: Psychic Terrain|[from] ability: Psychic Surge|[of] p1b: Indeedee\n|turn|1\n|\n|t:|1727549979\n|move|p1a: Whimsicott|Moonblast|p2b: Dragonite\n|-supereffective|p2b: Dragonite\n|-damage|p2b: Dragonite|59\/100\n|move|p1b: Indeedee|Expanding Force|p2b: Dragonite|[spread] p2a,p2b\n|-supereffective|p2a: Glimmora\n|-enditem|p2a: Glimmora|Focus Sash\n|-damage|p2a: Glimmora|1\/100\n|-damage|p2b: Dragonite|3\/100\n|move|p2a: Glimmora|Sludge Bomb|p1a: Whimsicott\n|-supereffective|p1a: Whimsicott\n|-damage|p1a: Whimsicott|0 fnt\n|faint|p1a: Whimsicott\n|move|p2b: Dragonite|Outrage|p1b: Indeedee\n|-enditem|p1b: Indeedee|Focus Sash\n|-damage|p1b: Indeedee|1\/100\n|\n|upkeep\n|\n|t:|1727549996\n|switch|p1a: Dragonite|Dragonite, L50, M|100\/100\n|turn|2\n|\n|t:|1727550011\n|move|p2a: Glimmora|Spiky Shield|p2a: Glimmora\n|-singleturn|p2a: Glimmora|move: Protect\n|move|p1a: Dragonite|Extreme Speed|p2b: Dragonite\n|-hint|Psychic Terrain doesn't affect Pok\u00e9mon immune to Ground.\n|-damage|p2b: Dragonite|0 fnt\n|faint|p2b: Dragonite\n|move|p1b: Indeedee|Expanding Force|p2a: Glimmora\n|-activate|p2a: Glimmora|move: Protect\n|\n|upkeep\n|\n|t:|1727550015\n|switch|p2b: Dondozo|Dondozo, L50, M|100\/100\n|turn|3\n|inactive|pmawarrior has 30 seconds left.\n|\n|t:|1727550047\n|switch|p2a: Tatsugiri|Tatsugiri, L50, F|100\/100\n|-activate|p2a: Tatsugiri|ability: Commander|[of] p2b: Dondozo\n|-boost|p2b: Dondozo|atk|2\n|-boost|p2b: Dondozo|spa|2\n|-boost|p2b: Dondozo|spe|2\n|-boost|p2b: Dondozo|def|2\n|-boost|p2b: Dondozo|spd|2\n|-terastallize|p1a: Dragonite|Normal\n|-terastallize|p2b: Dondozo|Steel\n|move|p2b: Dondozo|Wave Crash|p1a: Dragonite\n|-damage|p1a: Dragonite|0 fnt\n|faint|p1a: Dragonite\n|-damage|p2b: Dondozo|76\/100|[from] Recoil\n|move|p1b: Indeedee|Expanding Force|p2a: Tatsugiri|[spread] p2b\n|-miss|p1b: Indeedee|p2a: Tatsugiri\n|-resisted|p2b: Dondozo\n|-damage|p2b: Dondozo|60\/100\n|\n|upkeep\n|\n|t:|1727550061\n|switch|p1a: Typhlosion|Typhlosion-Hisui, L50, M, shiny|100\/100\n|turn|4\n|\n|t:|1727550070\n|move|p2b: Dondozo|Protect|p2b: Dondozo\n|-singleturn|p2b: Dondozo|Protect\n|move|p1a: Typhlosion|Eruption|p2a: Tatsugiri|[spread] \n|-miss|p1a: Typhlosion|p2a: Tatsugiri\n|-activate|p2b: Dondozo|move: Protect\n|move|p1b: Indeedee|Expanding Force|p2a: Tatsugiri|[spread] \n|-miss|p1b: Indeedee|p2a: Tatsugiri\n|-activate|p2b: Dondozo|move: Protect\n|\n|upkeep\n|turn|5\n|\n|t:|1727550073\n|move|p2b: Dondozo|Earthquake|p1a: Typhlosion|[spread] p1a,p1b\n|-miss|p2b: Dondozo|p2a: Tatsugiri\n|-supereffective|p1a: Typhlosion\n|-damage|p1a: Typhlosion|0 fnt\n|-damage|p1b: Indeedee|0 fnt\n|faint|p1a: Typhlosion\n|faint|p1b: Indeedee\n|\n|win|pmawarrior\n|raw|Tapu Lisa's rating: 1696 &rarr; <strong>1681<\/strong><br \/>(-15 for losing)\n|raw|pmawarrior's rating: 1787 &rarr; <strong>1802<\/strong><br \/>(+15 for winning)\n|l|\u2606pmawarrior\n|player|p2|\n|l|\u2606Tapu Lisa\n|player|p1|\n","uploadtime":1727550293,"views":65,"formatid":"gen9vgc2024regh","rating":1681,"private":0,"password":null}