{"id":"gen9vgc2024regh-2211009648","format":"[Gen 9] VGC 2024 Reg H","players":["Zordor","Federic_0"],"log":"|j|\u2606Zordor\n|j|\u2606Federic_0\n|t:|1727459405\n|gametype|doubles\n|player|p1|Zordor|pilot|1760\n|player|p2|Federic_0|265|1692\n|teamsize|p1|6\n|teamsize|p2|6\n|gen|9\n|tier|[Gen 9] VGC 2024 Reg H\n|rated|\n|rule|Species Clause: Limit one of each Pok\u00e9mon\n|rule|Item Clause: Limit 1 of each item\n|clearpoke\n|poke|p1|Rotom-Wash, L50|\n|poke|p1|Sneasler, L50, F|\n|poke|p1|Kingambit, L50, M|\n|poke|p1|Venusaur, L50, M|\n|poke|p1|Armarouge, L50, M|\n|poke|p1|Dragapult, L50, M|\n|poke|p2|Whimsicott, L50, M|\n|poke|p2|Sneasler, L50, F|\n|poke|p2|Ceruledge, L50, M|\n|poke|p2|Hydreigon, L50, M|\n|poke|p2|Primarina, L50, F|\n|poke|p2|Rillaboom, L50, F|\n|teampreview|4\n|\n|t:|1727459474\n|start\n|switch|p1a: Dragapult|Dragapult, L50, M|100\/100\n|switch|p1b: Sneasler|Sneasler, L50, F|100\/100\n|switch|p2a: Sneasler|Sneasler, L50, F|100\/100\n|switch|p2b: Ceruledge|Ceruledge, L50, M|100\/100\n|turn|1\n|\n|t:|1727459487\n|-terastallize|p2b: Ceruledge|Steel\n|move|p1a: Dragapult|Dragon Darts|p2a: Sneasler\n|-damage|p2a: Sneasler|62\/100\n|-anim|p1a: Dragapult|Dragon Darts|p2b: Ceruledge\n|-resisted|p2b: Ceruledge\n|-damage|p2b: Ceruledge|86\/100\n|move|p1b: Sneasler|Dire Claw|p2b: Ceruledge\n|-immune|p2b: Ceruledge\n|move|p2a: Sneasler|Coaching|p2b: Ceruledge\n|-boost|p2b: Ceruledge|atk|1\n|-boost|p2b: Ceruledge|def|1\n|move|p2b: Ceruledge|Bitter Blade|p1b: Sneasler\n|-enditem|p1b: Sneasler|Focus Sash\n|-damage|p1b: Sneasler|1\/100\n|-heal|p2b: Ceruledge|100\/100|[from] drain|[of] p1b: Sneasler\n|\n|upkeep\n|turn|2\n|j| Millamojake\n|\n|t:|1727459537\n|move|p2b: Ceruledge|Shadow Sneak|p1b: Sneasler\n|-damage|p1b: Sneasler|0 fnt\n|faint|p1b: Sneasler\n|move|p1a: Dragapult|Psychic Fangs|p2a: Sneasler\n|-supereffective|p2a: Sneasler\n|-damage|p2a: Sneasler|0 fnt\n|faint|p2a: Sneasler\n|\n|upkeep\n|\n|t:|1727459545\n|switch|p1b: Venusaur|Venusaur, L50, M|100\/100\n|switch|p2a: Rillaboom|Rillaboom, L50, F|100\/100\n|-fieldstart|move: Grassy Terrain|[from] ability: Grassy Surge|[of] p2a: Rillaboom\n|turn|3\n|\n|t:|1727459582\n|move|p1b: Venusaur|Protect|p1b: Venusaur\n|-singleturn|p1b: Venusaur|Protect\n|move|p2a: Rillaboom|Fake Out|p1b: Venusaur\n|-activate|p1b: Venusaur|move: Protect\n|move|p1a: Dragapult|Phantom Force||[still]\n|-prepare|p1a: Dragapult|Phantom Force\n|move|p2b: Ceruledge|Poltergeist|p1a: Dragapult|[miss]\n|-miss|p2b: Ceruledge|p1a: Dragapult\n|\n|upkeep\n|turn|4\n|\n|t:|1727459603\n|move|p1a: Dragapult|Phantom Force|p2b: Ceruledge|[from]lockedmove\n|-damage|p2b: Ceruledge|60\/100\n|move|p2b: Ceruledge|Bitter Blade|p1b: Venusaur\n|-supereffective|p1b: Venusaur\n|-damage|p1b: Venusaur|0 fnt\n|-heal|p2b: Ceruledge|100\/100|[from] drain|[of] p1b: Venusaur\n|faint|p1b: Venusaur\n|move|p2a: Rillaboom|Wood Hammer|p1a: Dragapult\n|-resisted|p1a: Dragapult\n|-damage|p1a: Dragapult|62\/100\n|-damage|p2a: Rillaboom|89\/100|[from] Recoil\n|\n|-heal|p1a: Dragapult|68\/100|[from] Grassy Terrain\n|-heal|p2a: Rillaboom|95\/100|[from] Grassy Terrain\n|upkeep\n|\n|t:|1727459612\n|switch|p1b: Kingambit|Kingambit, L50, M|100\/100\n|turn|5\n|j| gfdgvdfde\n|\n|t:|1727459626\n|-terastallize|p1a: Dragapult|Fighting\n|move|p2b: Ceruledge|Shadow Sneak|p1a: Dragapult\n|-damage|p1a: Dragapult|31\/100\n|move|p1b: Kingambit|Sucker Punch||[still]\n|-fail|p1b: Kingambit\n|move|p1a: Dragapult|Tera Blast|p2b: Ceruledge|[anim] Tera Blast Fighting\n|-supereffective|p2b: Ceruledge\n|-damage|p2b: Ceruledge|37\/100\n|move|p2a: Rillaboom|U-turn|p1b: Kingambit\n|-damage|p1b: Kingambit|84\/100\n|\n|t:|1727459630\n|switch|p2a: Primarina|Primarina, L50, F|100\/100|[from] U-turn\n|\n|-heal|p1a: Dragapult|37\/100|[from] Grassy Terrain\n|-heal|p2b: Ceruledge|43\/100|[from] Grassy Terrain\n|-heal|p1b: Kingambit|90\/100|[from] Grassy Terrain\n|upkeep\n|turn|6\n|\n|t:|1727459653\n|move|p2b: Ceruledge|Shadow Sneak|p1a: Dragapult\n|-damage|p1a: Dragapult|4\/100\n|move|p1a: Dragapult|Phantom Force||[still]\n|-prepare|p1a: Dragapult|Phantom Force\n|move|p2a: Primarina|Moonblast|p1b: Kingambit\n|-damage|p1b: Kingambit|42\/100\n|move|p1b: Kingambit|Iron Head|p2a: Primarina\n|-damage|p2a: Primarina|45\/100\n|\n|-heal|p2b: Ceruledge|49\/100|[from] Grassy Terrain\n|-heal|p2a: Primarina|51\/100|[from] Grassy Terrain\n|-heal|p1b: Kingambit|48\/100|[from] Grassy Terrain\n|upkeep\n|turn|7\n|\n|t:|1727459702\n|move|p1b: Kingambit|Sucker Punch|p2b: Ceruledge\n|-damage|p2b: Ceruledge|12\/100\n|move|p1a: Dragapult|Phantom Force|p2a: Primarina|[from]lockedmove\n|-damage|p2a: Primarina|2\/100\n|move|p2b: Ceruledge|Bitter Blade|p1b: Kingambit\n|-supereffective|p1b: Kingambit\n|-damage|p1b: Kingambit|0 fnt\n|-heal|p2b: Ceruledge|44\/100|[from] drain|[of] p1b: Kingambit\n|faint|p1b: Kingambit\n|move|p2a: Primarina|Hyper Voice|p1a: Dragapult\n|-damage|p1a: Dragapult|0 fnt\n|faint|p1a: Dragapult\n|\n|win|Federic_0\n|raw|Zordor's rating: 1760 &rarr; <strong>1735<\/strong><br \/>(-25 for losing)\n|raw|Federic_0's rating: 1668 &rarr; <strong>1693<\/strong><br \/>(+25 for winning)\n|l|\u2606Zordor\n|player|p1|\n|l|\u2606Federic_0\n|player|p2|\n|l| Millamojake\n","uploadtime":1727459933,"views":28,"formatid":"gen9vgc2024regh","rating":1693,"private":0,"password":null}