{"id":"gen9vgc2024regh-2211161166","format":"[Gen 9] VGC 2024 Reg H","players":["grade a type b","pokehys3"],"log":"|j|\u2606grade a type b\n|j|\u2606pokehys3\n|t:|1727474666\n|gametype|doubles\n|player|p1|grade a type b|waiter-gen4dp|1660\n|player|p2|pokehys3|1|1696\n|teamsize|p1|6\n|teamsize|p2|6\n|gen|9\n|tier|[Gen 9] VGC 2024 Reg H\n|rated|\n|rule|Species Clause: Limit one of each Pok\u00e9mon\n|rule|Item Clause: Limit 1 of each item\n|clearpoke\n|poke|p1|Whimsicott, L50, F|\n|poke|p1|Ursaluna-Bloodmoon, L50, M|\n|poke|p1|Primarina, L50, F|\n|poke|p1|Gholdengo, L50|\n|poke|p1|Typhlosion-Hisui, L50, M|\n|poke|p1|Sneasler, L50, M|\n|poke|p2|Dragapult, L50, M|\n|poke|p2|Sneasler, L50, M|\n|poke|p2|Indeedee, L50, M|\n|poke|p2|Talonflame, L50, M|\n|poke|p2|Gholdengo, L50|\n|poke|p2|Maushold-Four, L50|\n|teampreview|4\n|inactive|Battle timer is ON: inactive players will automatically lose when time's up. (requested by pokehys3)\n|inactive|grade a type b also wants the timer to be on.\n|j| pmg9\n|j| Therazer456\n|j| The_Beast1440\n|\n|t:|1727474688\n|start\n|switch|p1a: Communist Kamala|Whimsicott, L50, F, shiny|100\/100\n|switch|p1b: All Hail Trump!|Ursaluna-Bloodmoon, L50, M|100\/100\n|switch|p2a: Talonflame|Talonflame, L50, M|100\/100\n|switch|p2b: Dragapult|Dragapult, L50, M|100\/100\n|turn|1\n|inactive|pokehys3 has 30 seconds left.\n|inactive|pokehys3 has 20 seconds left.\n|inactive|pokehys3 has 15 seconds left.\n|inactive|pokehys3 has 10 seconds left.\n|\n|t:|1727474734\n|move|p2a: Talonflame|Tailwind|p2a: Talonflame\n|-sidestart|p2: pokehys3|move: Tailwind\n|move|p1a: Communist Kamala|Tailwind|p1a: Communist Kamala\n|-sidestart|p1: grade a type b|move: Tailwind\n|move|p2b: Dragapult|Dragon Darts|p1b: All Hail Trump!\n|-damage|p1b: All Hail Trump!|67\/100\n|-anim|p2b: Dragapult|Dragon Darts|p1b: All Hail Trump!\n|-damage|p1b: All Hail Trump!|32\/100\n|move|p1b: All Hail Trump!|Hyper Voice|p2b: Dragapult|[spread] p2a,p2b\n|-damage|p2a: Talonflame|21\/100\n|-damage|p2b: Dragapult|29\/100\n|-damage|p1b: All Hail Trump!|22\/100|[from] item: Life Orb\n|\n|upkeep\n|turn|2\n|\n|t:|1727474747\n|move|p1b: All Hail Trump!|Protect|p1b: All Hail Trump!\n|-singleturn|p1b: All Hail Trump!|Protect\n|move|p1a: Communist Kamala|Encore|p2a: Talonflame\n|-start|p2a: Talonflame|Encore\n|move|p2a: Talonflame|Tailwind||[still]\n|-fail|p2a: Talonflame\n|move|p2b: Dragapult|Dragon Darts|p1b: All Hail Trump!\n|-immune|p1a: Communist Kamala\n|\n|upkeep\n|turn|3\n|\n|t:|1727474765\n|switch|p2a: Indeedee|Indeedee, L50, M|100\/100\n|-fieldstart|move: Psychic Terrain|[from] ability: Psychic Surge|[of] p2a: Indeedee\n|move|p2b: Dragapult|Dragon Darts|p1b: All Hail Trump!\n|-damage|p1b: All Hail Trump!|0 fnt\n|faint|p1b: All Hail Trump!\n|move|p1a: Communist Kamala|Moonblast|p2b: Dragapult\n|-supereffective|p2b: Dragapult\n|-damage|p2b: Dragapult|0 fnt\n|faint|p2b: Dragapult\n|\n|upkeep\n|\n|t:|1727474774\n|switch|p2b: Sneasler|Sneasler, L50, M|100\/100\n|switch|p1b: Alex Jones|Typhlosion-Hisui, L50, M, shiny|100\/100\n|-enditem|p2b: Sneasler|Psychic Seed\n|-boost|p2b: Sneasler|spd|1|[from] item: Psychic Seed\n|-item|p2a: Indeedee|Focus Sash|[from] ability: Frisk|[of] p1b: Alex Jones\n|turn|4\n|\n|t:|1727474784\n|-terastallize|p2b: Sneasler|Dark\n|move|p1b: Alex Jones|Protect|p1b: Alex Jones\n|-singleturn|p1b: Alex Jones|Protect\n|move|p1a: Communist Kamala|Sunny Day|p1a: Communist Kamala\n|-weather|SunnyDay\n|move|p2b: Sneasler|Throat Chop|p1b: Alex Jones\n|-activate|p1b: Alex Jones|move: Protect\n|move|p2a: Indeedee|Expanding Force|p1b: Alex Jones|[spread] p1a\n|-activate|p1b: Alex Jones|move: Protect\n|-damage|p1a: Communist Kamala|21\/100\n|\n|-weather|SunnyDay|[upkeep]\n|-sideend|p1: grade a type b|move: Tailwind\n|-sideend|p2: pokehys3|move: Tailwind\n|upkeep\n|turn|5\n|\n|t:|1727474810\n|-terastallize|p1b: Alex Jones|Flying\n|move|p2b: Sneasler|Protect|p2b: Sneasler\n|-singleturn|p2b: Sneasler|Protect\n|move|p1a: Communist Kamala|Tailwind|p1a: Communist Kamala\n|-sidestart|p1: grade a type b|move: Tailwind\n|move|p1b: Alex Jones|Heat Wave|p2b: Sneasler|[spread] p2a\n|-activate|p2b: Sneasler|move: Protect\n|-damage|p2a: Indeedee|2\/100\n|-status|p2a: Indeedee|brn\n|move|p2a: Indeedee|Expanding Force|p1a: Communist Kamala|[spread] p1a,p1b\n|-damage|p1a: Communist Kamala|0 fnt\n|-damage|p1b: Alex Jones|23\/100\n|faint|p1a: Communist Kamala\n|\n|-weather|SunnyDay|[upkeep]\n|-damage|p2a: Indeedee|0 fnt|[from] brn\n|faint|p2a: Indeedee\n|upkeep\n|\n|t:|1727474818\n|switch|p1a: BLM SCAM BIGGER|Gholdengo, L50|100\/100\n|switch|p2a: Talonflame|Talonflame, L50, M|21\/100\n|turn|6\n|inactive|pokehys3 has 30 seconds left.\n|\n|t:|1727474851\n|move|p2b: Sneasler|Throat Chop|p1b: Alex Jones\n|-damage|p1b: Alex Jones|0 fnt\n|faint|p1b: Alex Jones\n|move|p1a: BLM SCAM BIGGER|Make It Rain|p2b: Sneasler|[spread] p2a,p2b\n|-resisted|p2a: Talonflame\n|-damage|p2a: Talonflame|0 fnt\n|-damage|p2b: Sneasler|27\/100\n|-unboost|p1a: BLM SCAM BIGGER|spa|1\n|faint|p2a: Talonflame\n|\n|-weather|SunnyDay|[upkeep]\n|upkeep\n|turn|7\n|inactive|grade a type b has 30 seconds left.\n|\n|t:|1727474879\n|move|p2b: Sneasler|Throat Chop|p1a: BLM SCAM BIGGER\n|-supereffective|p1a: BLM SCAM BIGGER\n|-damage|p1a: BLM SCAM BIGGER|1\/100\n|-start|p1a: BLM SCAM BIGGER|Throat Chop|[silent]\n|move|p1a: BLM SCAM BIGGER|Make It Rain|p2b: Sneasler\n|-damage|p2b: Sneasler|0 fnt\n|-unboost|p1a: BLM SCAM BIGGER|spa|1\n|faint|p2b: Sneasler\n|\n|win|grade a type b\n|raw|grade a type b's rating: 1660 &rarr; <strong>1682<\/strong><br \/>(+22 for winning)\n|raw|pokehys3's rating: 1696 &rarr; <strong>1674<\/strong><br \/>(-22 for losing)\n|l| Therazer456\n|l|\u2606pokehys3\n|player|p2|\n|l|\u2606grade a type b\n|player|p1|\n|l| pmg9\n|l| The_Beast1440\n","uploadtime":1727475087,"views":15,"formatid":"gen9vgc2024regh","rating":1674,"private":0,"password":null}