{"id":"gen9vgc2024regh-2211259123","format":"[Gen 9] VGC 2024 Reg H","players":["mattun","Elemt"],"log":"|j|\u2606mattun\n|j|\u2606Elemt\n|t:|1727486909\n|gametype|doubles\n|player|p1|mattun|101|1707\n|player|p2|Elemt|265|1706\n|teamsize|p1|6\n|teamsize|p2|6\n|gen|9\n|tier|[Gen 9] VGC 2024 Reg H\n|rated|\n|rule|Species Clause: Limit one of each Pok\u00e9mon\n|rule|Item Clause: Limit 1 of each item\n|clearpoke\n|poke|p1|Blastoise, L50, F|\n|poke|p1|Serperior, L50, M|\n|poke|p1|Sylveon, L50, F|\n|poke|p1|Indeedee, L50, M|\n|poke|p1|Gallade, L50, M|\n|poke|p1|Drifblim, L50, F|\n|poke|p2|Mandibuzz, L50, F|\n|poke|p2|Garchomp, L50, F|\n|poke|p2|Incineroar, L50, F|\n|poke|p2|Tyranitar, L50, M|\n|poke|p2|Gholdengo, L50|\n|poke|p2|Amoonguss, L50, M|\n|teampreview|4\n|\n|t:|1727486990\n|start\n|switch|p1a: Indeedee|Indeedee, L50, M|100\/100\n|switch|p1b: Drifblim|Drifblim, L50, F|100\/100\n|switch|p2a: Mandibuzz|Mandibuzz, L50, F, shiny|100\/100\n|switch|p2b: Gholdengo|Gholdengo, L50|100\/100\n|-fieldstart|move: Psychic Terrain|[from] ability: Psychic Surge|[of] p1a: Indeedee\n|-enditem|p1b: Drifblim|Psychic Seed\n|-boost|p1b: Drifblim|spd|1|[from] item: Psychic Seed\n|turn|1\n|\n|t:|1727487034\n|move|p2b: Gholdengo|Protect|p2b: Gholdengo\n|-singleturn|p2b: Gholdengo|Protect\n|move|p1b: Drifblim|Tailwind|p1b: Drifblim\n|-sidestart|p1: mattun|move: Tailwind\n|move|p1a: Indeedee|Expanding Force|p2b: Gholdengo|[spread] \n|-activate|p2b: Gholdengo|move: Protect\n|-immune|p2a: Mandibuzz\n|move|p2a: Mandibuzz|Snarl|p1b: Drifblim|[spread] p1b\n|-miss|p2a: Mandibuzz|p1a: Indeedee\n|-supereffective|p1b: Drifblim\n|-damage|p1b: Drifblim|89\/100\n|-unboost|p1b: Drifblim|spa|1\n|\n|upkeep\n|turn|2\n|\n|t:|1727487049\n|switch|p2b: Tyranitar|Tyranitar, L50, M|100\/100\n|-weather|Sandstorm|[from] ability: Sand Stream|[of] p2b: Tyranitar\n|move|p1b: Drifblim|Acrobatics|p2b: Tyranitar\n|-resisted|p2b: Tyranitar\n|-damage|p2b: Tyranitar|83\/100\n|move|p1a: Indeedee|Expanding Force|p2a: Mandibuzz|[spread] \n|-immune|p2a: Mandibuzz\n|-immune|p2b: Tyranitar\n|move|p2a: Mandibuzz|Snarl|p1b: Drifblim|[spread] p1a,p1b\n|-supereffective|p1a: Indeedee\n|-supereffective|p1b: Drifblim\n|-damage|p1a: Indeedee|77\/100\n|-damage|p1b: Drifblim|77\/100\n|-unboost|p1a: Indeedee|spa|1\n|-unboost|p1b: Drifblim|spa|1\n|\n|-weather|Sandstorm|[upkeep]\n|-damage|p1b: Drifblim|71\/100|[from] Sandstorm\n|-damage|p1a: Indeedee|71\/100|[from] Sandstorm\n|upkeep\n|turn|3\n|\n|t:|1727487074\n|-terastallize|p1a: Indeedee|Fighting\n|move|p1b: Drifblim|Haze|p1b: Drifblim\n|-clearallboost\n|move|p1a: Indeedee|Tera Blast|p2b: Tyranitar|[anim] Tera Blast Fighting\n|-supereffective|p2b: Tyranitar\n|-damage|p2b: Tyranitar|25\/100\n|move|p2a: Mandibuzz|Snarl|p1a: Indeedee|[spread] p1a,p1b\n|-resisted|p1a: Indeedee\n|-supereffective|p1b: Drifblim\n|-damage|p1a: Indeedee|65\/100\n|-damage|p1b: Drifblim|53\/100\n|-unboost|p1a: Indeedee|spa|1\n|-unboost|p1b: Drifblim|spa|1\n|move|p2b: Tyranitar|Knock Off|p1a: Indeedee\n|-resisted|p1a: Indeedee\n|-damage|p1a: Indeedee|6\/100\n|-enditem|p1a: Indeedee|Focus Sash|[from] move: Knock Off|[of] p2b: Tyranitar\n|\n|-weather|Sandstorm|[upkeep]\n|-damage|p1b: Drifblim|47\/100|[from] Sandstorm\n|-damage|p1a: Indeedee|0 fnt|[from] Sandstorm\n|faint|p1a: Indeedee\n|upkeep\n|\n|t:|1727487082\n|switch|p1a: Sylveon|Sylveon, L50, F|100\/100\n|turn|4\n|\n|t:|1727487137\n|move|p1b: Drifblim|Acrobatics|p2a: Mandibuzz\n|-damage|p2a: Mandibuzz|67\/100\n|move|p1a: Sylveon|Hyper Voice|p2a: Mandibuzz|[spread] p2a,p2b\n|-supereffective|p2a: Mandibuzz\n|-supereffective|p2b: Tyranitar\n|-damage|p2a: Mandibuzz|15\/100\n|-damage|p2b: Tyranitar|0 fnt\n|faint|p2b: Tyranitar\n|-enditem|p1a: Sylveon|Throat Spray\n|-boost|p1a: Sylveon|spa|1|[from] item: Throat Spray\n|move|p2a: Mandibuzz|Tailwind|p2a: Mandibuzz\n|-sidestart|p2: Elemt|move: Tailwind\n|\n|-weather|Sandstorm|[upkeep]\n|-damage|p1b: Drifblim|40\/100|[from] Sandstorm\n|-damage|p1a: Sylveon|95\/100|[from] Sandstorm\n|-sideend|p1: mattun|move: Tailwind\n|upkeep\n|\n|t:|1727487164\n|switch|p2b: Garchomp|Garchomp, L50, F|100\/100\n|turn|5\n|j| Therazer456\n|\n|t:|1727487197\n|switch|p2a: Gholdengo|Gholdengo, L50|100\/100\n|-terastallize|p2b: Garchomp|Steel\n|move|p1a: Sylveon|Quick Attack|p2a: Gholdengo\n|-activate|p2a: Gholdengo|move: Psychic Terrain\n|move|p2b: Garchomp|Dragon Claw|p1b: Drifblim\n|-damage|p1b: Drifblim|0 fnt\n|faint|p1b: Drifblim\n|\n|-weather|Sandstorm|[upkeep]\n|-damage|p1a: Sylveon|89\/100|[from] Sandstorm\n|-fieldend|move: Psychic Terrain\n|upkeep\n|\n|t:|1727487203\n|switch|p1b: Gallade|Gallade, L50, M|100\/100\n|turn|6\n|\n|t:|1727487256\n|move|p1a: Sylveon|Protect|p1a: Sylveon\n|-singleturn|p1a: Sylveon|Protect\n|move|p2b: Garchomp|Dragon Claw|p1b: Gallade\n|-damage|p1b: Gallade|27\/100\n|move|p2a: Gholdengo|Make It Rain|p1b: Gallade|[spread] p1b\n|-activate|p1a: Sylveon|move: Protect\n|-damage|p1b: Gallade|0 fnt\n|-unboost|p2a: Gholdengo|spa|1\n|faint|p1b: Gallade\n|\n|-weather|none\n|upkeep\n|turn|7\n|-message|mattun forfeited.\n|\n|win|Elemt\n|raw|mattun's rating: 1707 &rarr; <strong>1687<\/strong><br \/>(-20 for losing)\n|raw|Elemt's rating: 1706 &rarr; <strong>1726<\/strong><br \/>(+20 for winning)\n|l|\u2606mattun\n|player|p1|\n|l| Therazer456\n|l|\u2606Elemt\n|player|p2|\n","uploadtime":1727487535,"views":31,"formatid":"gen9vgc2024regh","rating":1687,"private":0,"password":null}