{"id":"gen9vgc2024regh-2211249322","format":"[Gen 9] VGC 2024 Reg H","players":["elvegis1","Elemt"],"log":"|j|\u2606elvegis1\n|j|\u2606Elemt\n|t:|1727485659\n|gametype|doubles\n|player|p1|elvegis1|lucas|1752\n|player|p2|Elemt|265|1677\n|teamsize|p1|6\n|teamsize|p2|6\n|gen|9\n|tier|[Gen 9] VGC 2024 Reg H\n|rated|\n|rule|Species Clause: Limit one of each Pok\u00e9mon\n|rule|Item Clause: Limit 1 of each item\n|clearpoke\n|poke|p1|Porygon2, L50|\n|poke|p1|Kingambit, L50, F|\n|poke|p1|Amoonguss, L50, F|\n|poke|p1|Sneasler, L50, F|\n|poke|p1|Dragonite, L50, F|\n|poke|p1|Primarina, L50, F|\n|poke|p2|Mandibuzz, L50, F|\n|poke|p2|Garchomp, L50, M|\n|poke|p2|Incineroar, L50, F|\n|poke|p2|Tyranitar, L50, M|\n|poke|p2|Gholdengo, L50|\n|poke|p2|Amoonguss, L50, F|\n|teampreview|4\n|inactive|Battle timer is ON: inactive players will automatically lose when time's up. (requested by elvegis1)\n|j| Therazer456\n|inactive|Elemt has 60 seconds left.\n|inactive|Elemt has 30 seconds left.\n|inactive|Elemt has 20 seconds left.\n|inactive|Elemt has 15 seconds left.\n|j| Washed tcg player\n|j| Oblivianti\n|inactive|Elemt has 10 seconds left.\n|\n|t:|1727485744\n|start\n|switch|p1a: Sneasler|Sneasler, L50, F|100\/100\n|switch|p1b: Primarina|Primarina, L50, F|100\/100\n|switch|p2a: Mandibuzz|Mandibuzz, L50, F, shiny|100\/100\n|switch|p2b: Tyranitar|Tyranitar, L50, M|100\/100\n|-weather|Sandstorm|[from] ability: Sand Stream|[of] p2b: Tyranitar\n|turn|1\n|inactive|Elemt has 30 seconds left.\n|inactive|Elemt has 20 seconds left.\n|inactive|Elemt has 15 seconds left.\n|\n|t:|1727485784\n|switch|p1a: Kingambit|Kingambit, L50, F|100\/100\n|-terastallize|p2b: Tyranitar|Flying\n|move|p2a: Mandibuzz|Snarl|p1b: Primarina|[spread] p1a,p1b\n|-resisted|p1a: Kingambit\n|-resisted|p1b: Primarina\n|-damage|p1a: Kingambit|98\/100\n|-damage|p1b: Primarina|97\/100\n|-unboost|p1a: Kingambit|spa|1\n|-ability|p1a: Kingambit|Defiant|boost\n|-boost|p1a: Kingambit|atk|2\n|-unboost|p1b: Primarina|spa|1\n|move|p1b: Primarina|Hyper Voice|p2a: Mandibuzz|[spread] p2a,p2b\n|-damage|p2a: Mandibuzz|85\/100\n|-damage|p2b: Tyranitar|86\/100\n|-enditem|p1b: Primarina|Throat Spray\n|-boost|p1b: Primarina|spa|1|[from] item: Throat Spray\n|move|p2b: Tyranitar|Tera Blast|p1a: Kingambit|[anim] Tera Blast Flying\n|-resisted|p1a: Kingambit\n|-damage|p1a: Kingambit|78\/100\n|\n|-weather|Sandstorm|[upkeep]\n|-damage|p1b: Primarina|90\/100|[from] Sandstorm\n|-damage|p2b: Tyranitar|80\/100|[from] Sandstorm\n|upkeep\n|turn|2\n|\n|t:|1727485809\n|switch|p2b: Incineroar|Incineroar, L50, F|100\/100\n|-ability|p2b: Incineroar|Intimidate|boost\n|-unboost|p1a: Kingambit|atk|1\n|-ability|p1a: Kingambit|Defiant|boost\n|-boost|p1a: Kingambit|atk|2\n|-unboost|p1b: Primarina|atk|1\n|-terastallize|p1a: Kingambit|Fire\n|move|p2a: Mandibuzz|Foul Play|p1a: Kingambit\n|-damage|p1a: Kingambit|0 fnt\n|faint|p1a: Kingambit\n|move|p1b: Primarina|Moonblast|p2a: Mandibuzz\n|-supereffective|p2a: Mandibuzz\n|-damage|p2a: Mandibuzz|20\/100\n|\n|-weather|Sandstorm|[upkeep]\n|-damage|p1b: Primarina|84\/100|[from] Sandstorm\n|upkeep\n|\n|t:|1727485826\n|switch|p1a: Sneasler|Sneasler, L50, F|100\/100\n|turn|3\n|inactive|Elemt has 30 seconds left.\n|inactive|Elemt has 20 seconds left.\n|inactive|Elemt has 15 seconds left.\n|inactive|Elemt has 10 seconds left.\n|inactive|Elemt has 5 seconds left.\n|\n|t:|1727485876\n|move|p2b: Incineroar|Fake Out|p1a: Sneasler\n|-damage|p1a: Sneasler|82\/100\n|cant|p1a: Sneasler|flinch\n|move|p2a: Mandibuzz|Tailwind|p2a: Mandibuzz\n|-sidestart|p2: Elemt|move: Tailwind\n|move|p1b: Primarina|Hyper Voice|p2a: Mandibuzz|[spread] p2a,p2b\n|-supereffective|p2b: Incineroar\n|-damage|p2a: Mandibuzz|0 fnt\n|-damage|p2b: Incineroar|45\/100\n|faint|p2a: Mandibuzz\n|\n|-weather|Sandstorm|[upkeep]\n|-damage|p1a: Sneasler|76\/100|[from] Sandstorm\n|-damage|p1b: Primarina|78\/100|[from] Sandstorm\n|upkeep\n|\n|t:|1727485884\n|switch|p2a: Tyranitar|Tyranitar, L50, M, tera:Flying|80\/100\n|turn|4\n|\n|t:|1727485903\n|switch|p2b: Garchomp|Garchomp, L50, M|100\/100\n|move|p1a: Sneasler|Protect|p1a: Sneasler\n|-singleturn|p1a: Sneasler|Protect\n|move|p1b: Primarina|Protect|p1b: Primarina\n|-singleturn|p1b: Primarina|Protect\n|move|p2a: Tyranitar|Tera Blast|p1a: Sneasler|[anim] Tera Blast Flying\n|-activate|p1a: Sneasler|move: Protect\n|\n|-weather|Sandstorm|[upkeep]\n|-damage|p1a: Sneasler|70\/100|[from] Sandstorm\n|-damage|p2a: Tyranitar|74\/100|[from] Sandstorm\n|-damage|p1b: Primarina|72\/100|[from] Sandstorm\n|upkeep\n|turn|5\n|\n|t:|1727485926\n|switch|p1a: Dragonite|Dragonite, L50, F|100\/100\n|move|p2b: Garchomp|Earthquake|p1a: Dragonite|[spread] p1b\n|-immune|p2a: Tyranitar\n|-immune|p1a: Dragonite\n|-damage|p1b: Primarina|25\/100\n|move|p2a: Tyranitar|Tera Blast|p1b: Primarina|[anim] Tera Blast Flying\n|-damage|p1b: Primarina|0 fnt\n|faint|p1b: Primarina\n|\n|-weather|none\n|upkeep\n|\n|t:|1727485936\n|switch|p1b: Sneasler|Sneasler, L50, F|70\/100\n|turn|6\n|inactive|elvegis1 has 30 seconds left.\n|inactive|Elemt has 30 seconds left.\n|\n|t:|1727485964\n|switch|p2b: Incineroar|Incineroar, L50, F|45\/100\n|-ability|p2b: Incineroar|Intimidate|boost\n|-unboost|p1a: Dragonite|atk|1\n|-unboost|p1b: Sneasler|atk|1\n|move|p1b: Sneasler|Close Combat|p2b: Incineroar\n|-supereffective|p2b: Incineroar\n|-damage|p2b: Incineroar|0 fnt\n|-unboost|p1b: Sneasler|def|1\n|-unboost|p1b: Sneasler|spd|1\n|faint|p2b: Incineroar\n|move|p2a: Tyranitar|Knock Off|p1a: Dragonite\n|-damage|p1a: Dragonite|69\/100\n|-enditem|p1a: Dragonite|Loaded Dice|[from] move: Knock Off|[of] p2a: Tyranitar\n|move|p1a: Dragonite|Scale Shot|p2a: Tyranitar\n|-damage|p2a: Tyranitar|66\/100\n|-damage|p2a: Tyranitar|58\/100\n|-damage|p2a: Tyranitar|50\/100\n|-hitcount|p2a: Tyranitar|3\n|-unboost|p1a: Dragonite|def|1\n|-boost|p1a: Dragonite|spe|1\n|\n|-sideend|p2: Elemt|move: Tailwind\n|upkeep\n|\n|t:|1727485979\n|switch|p2b: Garchomp|Garchomp, L50, M|100\/100\n|turn|7\n|inactive|elvegis1 has 30 seconds left.\n|inactive|elvegis1 has 20 seconds left.\n|\n|t:|1727486019\n|move|p1a: Dragonite|Scale Shot|p2b: Garchomp\n|-supereffective|p2b: Garchomp\n|-damage|p2b: Garchomp|81\/100\n|-supereffective|p2b: Garchomp\n|-damage|p2b: Garchomp|61\/100\n|-supereffective|p2b: Garchomp\n|-damage|p2b: Garchomp|42\/100\n|-hitcount|p2b: Garchomp|3\n|-unboost|p1a: Dragonite|def|1\n|-boost|p1a: Dragonite|spe|1\n|move|p1b: Sneasler|Dire Claw|p2a: Tyranitar\n|-damage|p2a: Tyranitar|27\/100\n|move|p2b: Garchomp|Dragon Claw|p1a: Dragonite\n|-supereffective|p1a: Dragonite\n|-damage|p1a: Dragonite|0 fnt\n|faint|p1a: Dragonite\n|move|p2a: Tyranitar|Tera Blast|p1b: Sneasler|[anim] Tera Blast Flying\n|-supereffective|p1b: Sneasler\n|-damage|p1b: Sneasler|0 fnt\n|faint|p1b: Sneasler\n|\n|win|Elemt\n|raw|elvegis1's rating: 1752 &rarr; <strong>1728<\/strong><br \/>(-24 for losing)\n|raw|Elemt's rating: 1677 &rarr; <strong>1701<\/strong><br \/>(+24 for winning)\n|l| Therazer456\n|l| Washed tcg player\n|l|\u2606Elemt\n|player|p2|\n|l| Oblivianti\n|l|\u2606elvegis1\n|player|p1|\n","uploadtime":1727486290,"views":11,"formatid":"gen9vgc2024regh","rating":1701,"private":0,"password":null}