{"id":"gen9vgc2024regh-2211827190","format":"[Gen 9] VGC 2024 Reg H","players":["theavent","michisio"],"log":"|j|\u2606theavent\n|j|\u2606michisio\n|t:|1727566438\n|gametype|doubles\n|player|p1|theavent|yellow|1662\n|player|p2|michisio|265|1689\n|teamsize|p1|6\n|teamsize|p2|6\n|gen|9\n|tier|[Gen 9] VGC 2024 Reg H\n|rated|\n|rule|Species Clause: Limit one of each Pok\u00e9mon\n|rule|Item Clause: Limit 1 of each item\n|clearpoke\n|poke|p1|Basculegion, L50, M|\n|poke|p1|Pelipper, L50, F|\n|poke|p1|Archaludon, L50, F|\n|poke|p1|Amoonguss, L50, F|\n|poke|p1|Gholdengo, L50|\n|poke|p1|Hydreigon, L50, F|\n|poke|p2|Gothitelle, L50, M|\n|poke|p2|Amoonguss, L50, M|\n|poke|p2|Incineroar, L50, M|\n|poke|p2|Kommo-o, L50, F|\n|poke|p2|Murkrow, L50, F|\n|poke|p2|Gengar, L50, M|\n|teampreview|4\n|j| mr.lumbre\n|inactive|Battle timer is ON: inactive players will automatically lose when time's up. (requested by theavent)\n|inactive|michisio has 60 seconds left.\n|\n|t:|1727566513\n|start\n|switch|p1a: Gholdengo|Gholdengo, L50|100\/100\n|switch|p1b: Amoonguss|Amoonguss, L50, F|100\/100\n|switch|p2a: Gothitelle|Gothitelle, L50, M|100\/100\n|switch|p2b: Gengar|Gengar, L50, M|100\/100\n|turn|1\n|inactive|theavent has 30 seconds left.\n|\n|t:|1727566540\n|-terastallize|p1a: Gholdengo|Steel\n|move|p2a: Gothitelle|Fake Out|p1b: Amoonguss\n|-damage|p1b: Amoonguss|95\/100\n|move|p2b: Gengar|Shadow Ball|p1a: Gholdengo\n|-damage|p1a: Gholdengo|50\/100\n|move|p1a: Gholdengo|Shadow Ball|p2a: Gothitelle\n|-supereffective|p2a: Gothitelle\n|-damage|p2a: Gothitelle|12\/100\n|-enditem|p2a: Gothitelle|Sitrus Berry|[eat]\n|-heal|p2a: Gothitelle|37\/100|[from] item: Sitrus Berry\n|-damage|p1a: Gholdengo|41\/100|[from] item: Life Orb\n|cant|p1b: Amoonguss|flinch\n|\n|upkeep\n|turn|2\n|inactive|michisio has 30 seconds left.\n|\n|t:|1727566569\n|switch|p2a: Amoonguss|Amoonguss, L50, M|100\/100\n|move|p1a: Gholdengo|Protect|p1a: Gholdengo\n|-singleturn|p1a: Gholdengo|Protect\n|move|p2b: Gengar|Shadow Ball|p1a: Gholdengo\n|-activate|p1a: Gholdengo|move: Protect\n|move|p1b: Amoonguss|Spore|p2b: Gengar\n|-status|p2b: Gengar|slp|[from] move: Spore\n|\n|upkeep\n|turn|3\n|\n|t:|1727566584\n|switch|p2b: Incineroar|Incineroar, L50, M|100\/100\n|-ability|p2b: Incineroar|Intimidate|boost\n|-unboost|p1a: Gholdengo|atk|1\n|-unboost|p1b: Amoonguss|atk|1\n|move|p2a: Amoonguss|Protect|p2a: Amoonguss\n|-singleturn|p2a: Amoonguss|Protect\n|move|p1a: Gholdengo|Nasty Plot|p1a: Gholdengo\n|-boost|p1a: Gholdengo|spa|2\n|move|p1b: Amoonguss|Pollen Puff|p1a: Gholdengo\n|-heal|p1a: Gholdengo|90\/100\n|\n|upkeep\n|turn|4\n|j| Therazer456\n|inactive|michisio has 30 seconds left.\n|\n|t:|1727566610\n|switch|p1b: Basculegion|Basculegion, L50, M|100\/100\n|-terastallize|p2b: Incineroar|Grass\n|move|p1a: Gholdengo|Protect|p1a: Gholdengo\n|-singleturn|p1a: Gholdengo|Protect\n|move|p2b: Incineroar|Flare Blitz|p1a: Gholdengo\n|-activate|p1a: Gholdengo|move: Protect\n|move|p2a: Amoonguss|Pollen Puff|p2b: Incineroar\n|-immune|p2b: Incineroar\n|\n|upkeep\n|turn|5\n|inactive|theavent has 30 seconds left.\n|inactive|michisio has 30 seconds left.\n|\n|t:|1727566637\n|move|p1a: Gholdengo|Make It Rain|p2b: Incineroar|[spread] p2a,p2b\n|-damage|p2a: Amoonguss|0 fnt\n|-damage|p2b: Incineroar|0 fnt\n|-unboost|p1a: Gholdengo|spa|1\n|faint|p2a: Amoonguss\n|faint|p2b: Incineroar\n|-damage|p1a: Gholdengo|81\/100|[from] item: Life Orb\n|move|p1b: Basculegion|Wave Crash|p2: Amoonguss|[notarget]\n|-fail|p1b: Basculegion\n|\n|upkeep\n|-message|michisio forfeited.\n|\n|win|theavent\n|raw|theavent's rating: 1662 &rarr; <strong>1684<\/strong><br \/>(+22 for winning)\n|raw|michisio's rating: 1689 &rarr; <strong>1667<\/strong><br \/>(-22 for losing)\n|l| mr.lumbre\n|l|\u2606theavent\n|player|p1|\n","uploadtime":1727566658,"views":24,"formatid":"gen9vgc2024regh","rating":1667,"private":0,"password":null}