{"id":"gen9vgc2024regh-2211204992","format":"[Gen 9] VGC 2024 Reg H","players":["yuzuda","pokehys3"],"log":"|j|\u2606yuzuda\n|j|\u2606pokehys3\n|t:|1727479953\n|gametype|doubles\n|player|p1|yuzuda|266|1669\n|player|p2|pokehys3|1|1718\n|teamsize|p1|6\n|teamsize|p2|6\n|gen|9\n|tier|[Gen 9] VGC 2024 Reg H\n|rated|\n|rule|Species Clause: Limit one of each Pok\u00e9mon\n|rule|Item Clause: Limit 1 of each item\n|clearpoke\n|poke|p1|Archaludon, L50, F|\n|poke|p1|Annihilape, L50, M|\n|poke|p1|Grimmsnarl, L50, M|\n|poke|p1|Maushold, L50|\n|poke|p1|Rillaboom, L50, F|\n|poke|p1|Gholdengo, L50|\n|poke|p2|Dragapult, L50, F|\n|poke|p2|Sneasler, L50, F|\n|poke|p2|Indeedee, L50, M|\n|poke|p2|Talonflame, L50, F|\n|poke|p2|Gholdengo, L50|\n|poke|p2|Maushold-Four, L50|\n|teampreview|4\n|inactive|Battle timer is ON: inactive players will automatically lose when time's up. (requested by pokehys3)\n|inactive|yuzuda also wants the timer to be on.\n|inactive|yuzuda has 60 seconds left.\n|inactive|pokehys3 has 60 seconds left.\n|\n|t:|1727480004\n|start\n|switch|p1a: Archaludon|Archaludon, L50, F|100\/100\n|switch|p1b: Rillaboom|Rillaboom, L50, F|100\/100\n|switch|p2a: Talonflame|Talonflame, L50, F|100\/100\n|switch|p2b: Gholdengo|Gholdengo, L50|100\/100\n|-fieldstart|move: Grassy Terrain|[from] ability: Grassy Surge|[of] p1b: Rillaboom\n|turn|1\n|\n|t:|1727480029\n|move|p1b: Rillaboom|Protect|p1b: Rillaboom\n|-singleturn|p1b: Rillaboom|Protect\n|move|p2a: Talonflame|Brave Bird|p1b: Rillaboom\n|-activate|p1b: Rillaboom|move: Protect\n|move|p2b: Gholdengo|Shadow Ball|p1a: Archaludon\n|-damage|p1a: Archaludon|44\/100\n|-unboost|p1a: Archaludon|spd|1\n|-ability|p1a: Archaludon|Stamina|boost\n|-boost|p1a: Archaludon|def|1\n|move|p1a: Archaludon|Snarl|p2b: Gholdengo|[spread] p2a,p2b\n|-supereffective|p2b: Gholdengo\n|-damage|p2a: Talonflame|82\/100\n|-damage|p2b: Gholdengo|74\/100\n|-unboost|p2a: Talonflame|spa|1\n|-unboost|p2b: Gholdengo|spa|1\n|\n|-heal|p2b: Gholdengo|80\/100|[from] Grassy Terrain\n|-heal|p1a: Archaludon|49\/100|[from] Grassy Terrain\n|upkeep\n|turn|2\n|j| hachiware\n|inactive|yuzuda has 30 seconds left.\n|\n|t:|1727480062\n|switch|p1a: Grimmsnarl|Grimmsnarl, L50, M|100\/100\n|move|p1b: Rillaboom|Grassy Glide|p2a: Talonflame\n|-resisted|p2a: Talonflame\n|-damage|p2a: Talonflame|63\/100\n|move|p2a: Talonflame|Brave Bird|p1b: Rillaboom\n|-supereffective|p1b: Rillaboom\n|-damage|p1b: Rillaboom|0 fnt\n|faint|p1b: Rillaboom\n|-damage|p2a: Talonflame|19\/100|[from] Recoil\n|-damage|p2a: Talonflame|9\/100|[from] item: Life Orb\n|move|p2b: Gholdengo|Shadow Ball|p1a: Grimmsnarl\n|-resisted|p1a: Grimmsnarl\n|-damage|p1a: Grimmsnarl|84\/100\n|\n|-heal|p2b: Gholdengo|86\/100|[from] Grassy Terrain\n|-heal|p1a: Grimmsnarl|90\/100|[from] Grassy Terrain\n|upkeep\n|\n|t:|1727480082\n|switch|p1b: Annihilape|Annihilape, L50, M|100\/100\n|turn|3\n|\n|t:|1727480098\n|-terastallize|p1b: Annihilape|Water\n|move|p1a: Grimmsnarl|Light Screen|p1a: Grimmsnarl\n|-sidestart|p1: yuzuda|move: Light Screen\n|move|p2a: Talonflame|Tailwind|p2a: Talonflame\n|-sidestart|p2: pokehys3|move: Tailwind\n|move|p2b: Gholdengo|Shadow Ball|p1b: Annihilape\n|-damage|p1b: Annihilape|70\/100\n|move|p1b: Annihilape|Bulk Up|p1b: Annihilape\n|-boost|p1b: Annihilape|atk|1\n|-boost|p1b: Annihilape|def|1\n|\n|-heal|p2b: Gholdengo|92\/100|[from] Grassy Terrain\n|-heal|p1b: Annihilape|76\/100|[from] Grassy Terrain\n|-heal|p1b: Annihilape|82\/100|[from] item: Leftovers\n|-heal|p1a: Grimmsnarl|96\/100|[from] Grassy Terrain\n|upkeep\n|turn|4\n|inactive|pokehys3 has 30 seconds left.\n|\n|t:|1727480124\n|switch|p2b: Indeedee|Indeedee, L50, M|100\/100\n|-fieldstart|move: Psychic Terrain|[from] ability: Psychic Surge|[of] p2b: Indeedee\n|move|p1b: Annihilape|Protect|p1b: Annihilape\n|-singleturn|p1b: Annihilape|Protect\n|move|p2a: Talonflame|Brave Bird|p1a: Grimmsnarl\n|-damage|p1a: Grimmsnarl|16\/100\n|-damage|p2a: Talonflame|0 fnt|[from] Recoil\n|faint|p2a: Talonflame\n|move|p1a: Grimmsnarl|Spirit Break|p2b: Indeedee\n|-damage|p2b: Indeedee|40\/100\n|-unboost|p2b: Indeedee|spa|1\n|\n|-heal|p1b: Annihilape|88\/100|[from] item: Leftovers\n|upkeep\n|j| bug hands\n|\n|t:|1727480126\n|switch|p2a: Sneasler|Sneasler, L50, F|100\/100\n|-enditem|p2a: Sneasler|Psychic Seed\n|-boost|p2a: Sneasler|spd|1|[from] item: Psychic Seed\n|turn|5\n|inactive|yuzuda has 30 seconds left.\n|inactive|pokehys3 has 30 seconds left.\n|inactive|pokehys3 has 20 seconds left.\n|inactive|pokehys3 has 15 seconds left.\n|\n|t:|1727480166\n|move|p2a: Sneasler|Protect|p2a: Sneasler\n|-singleturn|p2a: Sneasler|Protect\n|move|p1a: Grimmsnarl|Reflect|p1a: Grimmsnarl\n|-sidestart|p1: yuzuda|Reflect\n|move|p2b: Indeedee|Expanding Force|p1b: Annihilape|[spread] p1b\n|-immune|p1a: Grimmsnarl\n|-damage|p1b: Annihilape|63\/100\n|move|p1b: Annihilape|Drain Punch|p2b: Indeedee\n|-damage|p2b: Indeedee|0 fnt\n|-heal|p1b: Annihilape|76\/100|[from] drain|[of] p2b: Indeedee\n|faint|p2b: Indeedee\n|\n|-heal|p1b: Annihilape|82\/100|[from] item: Leftovers\n|upkeep\n|\n|t:|1727480173\n|switch|p2b: Gholdengo|Gholdengo, L50|92\/100\n|turn|6\n|inactive|pokehys3 has 30 seconds left.\n|inactive|pokehys3 has 20 seconds left.\n|inactive|pokehys3 has 15 seconds left.\n|inactive|pokehys3 has 10 seconds left.\n|inactive|pokehys3 has 5 seconds left.\n|\n|t:|1727480223\n|switch|p1a: Archaludon|Archaludon, L50, F|49\/100\n|-terastallize|p2b: Gholdengo|Steel\n|move|p1b: Annihilape|Protect|p1b: Annihilape\n|-singleturn|p1b: Annihilape|Protect\n|move|p2a: Sneasler|Dire Claw|p1b: Annihilape\n|-activate|p1b: Annihilape|move: Protect\n|move|p2b: Gholdengo|Shadow Ball|p1b: Annihilape\n|-activate|p1b: Annihilape|move: Protect\n|\n|-heal|p1b: Annihilape|89\/100|[from] item: Leftovers\n|-sideend|p2: pokehys3|move: Tailwind\n|upkeep\n|turn|7\n|\n|t:|1727480244\n|move|p2a: Sneasler|Dire Claw|p1b: Annihilape\n|-damage|p1b: Annihilape|69\/100\n|move|p2b: Gholdengo|Shadow Ball|p1a: Archaludon\n|-damage|p1a: Archaludon|13\/100\n|-ability|p1a: Archaludon|Stamina|boost\n|-boost|p1a: Archaludon|def|1\n|move|p1b: Annihilape|Drain Punch|p2b: Gholdengo\n|-supereffective|p2b: Gholdengo\n|-damage|p2b: Gholdengo|0 fnt\n|-heal|p1b: Annihilape|100\/100|[from] drain|[of] p2b: Gholdengo\n|faint|p2b: Gholdengo\n|move|p1a: Archaludon|Snarl|p2a: Sneasler\n|-resisted|p2a: Sneasler\n|-damage|p2a: Sneasler|93\/100\n|-unboost|p2a: Sneasler|spa|1\n|\n|upkeep\n|turn|8\n|-message|pokehys3 forfeited.\n|\n|win|yuzuda\n|raw|yuzuda's rating: 1669 &rarr; <strong>1692<\/strong><br \/>(+23 for winning)\n|raw|pokehys3's rating: 1718 &rarr; <strong>1695<\/strong><br \/>(-23 for losing)\n|l|\u2606pokehys3\n|player|p2|\n|l| hachiware\n|l|\u2606yuzuda\n|player|p1|\n","uploadtime":1727480426,"views":25,"formatid":"gen9vgc2024regh","rating":1692,"private":0,"password":null}