{"id":"gen9vgc2024regh-2211236825","format":"[Gen 9] VGC 2024 Reg H","players":["actuary97","Elemt"],"log":"|j|\u2606actuary97\n|j|\u2606Elemt\n|t:|1727484032\n|gametype|doubles\n|player|p1|actuary97|sabrina-frlg|1702\n|player|p2|Elemt|265|1741\n|teamsize|p1|6\n|teamsize|p2|6\n|gen|9\n|tier|[Gen 9] VGC 2024 Reg H\n|rated|\n|rule|Species Clause: Limit one of each Pok\u00e9mon\n|rule|Item Clause: Limit 1 of each item\n|clearpoke\n|poke|p1|Ninetales, L50, M|\n|poke|p1|Whimsicott, L50, F|\n|poke|p1|Gallade, L50, M|\n|poke|p1|Malamar, L50, F|\n|poke|p1|Indeedee, L50, M|\n|poke|p1|Archaludon, L50, F|\n|poke|p2|Mandibuzz, L50, F|\n|poke|p2|Garchomp, L50, M|\n|poke|p2|Incineroar, L50, F|\n|poke|p2|Tyranitar, L50, M|\n|poke|p2|Gholdengo, L50|\n|poke|p2|Amoonguss, L50, F|\n|teampreview|4\nactuary97 has agreed to open team sheets.\nElemt has agreed to open team sheets.\n|c|\u2606actuary97|how do you like that mandabuzz set?\n|c|\u2606actuary97|is it good for ghold?\n|c|\u2606Elemt|hes a tank\n|j| Washed tcg player\n|c|\u2606actuary97|love it I've been wanting to try\n|inactive|Battle timer is ON: inactive players will automatically lose when time's up. (requested by actuary97)\n|\n|t:|1727484163\n|start\n|switch|p1a: Ghost|Ninetales, L50, M, shiny|100\/100\n|switch|p1b: Malamother|Malamar, L50, F, shiny|100\/100\n|switch|p2a: Mandibuzz|Mandibuzz, L50, F, shiny|100\/100\n|switch|p2b: Tyranitar|Tyranitar, L50, M|100\/100\n|-weather|SunnyDay|[from] ability: Drought|[of] p1a: Ghost\n|-weather|Sandstorm|[from] ability: Sand Stream|[of] p2b: Tyranitar\n|turn|1\n|inactive|actuary97 has 30 seconds left.\n|inactive|Elemt has 30 seconds left.\n|inactive|Elemt has 20 seconds left.\n|inactive|Elemt has 15 seconds left.\n|inactive|Elemt has 10 seconds left.\n|\n|t:|1727484210\n|switch|p1b: Bridget|Archaludon, L50, F, shiny|100\/100\n|move|p1a: Ghost|Will-O-Wisp|p2b: Tyranitar\n|-status|p2b: Tyranitar|brn\n|move|p2a: Mandibuzz|Foul Play|p1b: Bridget\n|-damage|p1b: Bridget|82\/100\n|-ability|p1b: Bridget|Stamina|boost\n|-boost|p1b: Bridget|def|1\n|move|p2b: Tyranitar|Rock Slide|p1a: Ghost|[spread] p1a,p1b\n|-supereffective|p1a: Ghost\n|-resisted|p1b: Bridget\n|-damage|p1a: Ghost|60\/100\n|-damage|p1b: Bridget|78\/100\n|-ability|p1b: Bridget|Stamina|boost\n|-boost|p1b: Bridget|def|1\n|\n|-weather|Sandstorm|[upkeep]\n|-damage|p1a: Ghost|54\/100|[from] Sandstorm\n|-damage|p2b: Tyranitar|95\/100 brn|[from] brn\n|upkeep\n|turn|2\n|inactive|Elemt has 30 seconds left.\n|inactive|Elemt has 20 seconds left.\n|inactive|Elemt has 15 seconds left.\n|inactive|Elemt has 10 seconds left.\n|inactive|Elemt has 5 seconds left.\n|\n|t:|1727484262\n|switch|p1a: Malamother|Malamar, L50, F, shiny|100\/100\n|move|p1b: Bridget|Electro Shot||[still]\n|-prepare|p1b: Bridget|Electro Shot\n|-boost|p1b: Bridget|spa|1\n|move|p2a: Mandibuzz|Tailwind|p2a: Mandibuzz\n|-sidestart|p2: Elemt|move: Tailwind\n|move|p2b: Tyranitar|Knock Off|p1b: Bridget\n|-damage|p1b: Bridget|66\/100\n|-ability|p1b: Bridget|Stamina|boost\n|-boost|p1b: Bridget|def|1\n|-enditem|p1b: Bridget|Assault Vest|[from] move: Knock Off|[of] p2b: Tyranitar\n|\n|-weather|Sandstorm|[upkeep]\n|-damage|p1a: Malamother|94\/100|[from] Sandstorm\n|-damage|p2b: Tyranitar|89\/100 brn|[from] brn\n|upkeep\n|turn|3\n|\n|t:|1727484285\n|switch|p2a: Garchomp|Garchomp, L50, M|100\/100\n|move|p2b: Tyranitar|Knock Off|p1a: Malamother\n|-damage|p1a: Malamother|69\/100\n|-enditem|p1a: Malamother|Sitrus Berry|[from] move: Knock Off|[of] p2b: Tyranitar\n|move|p1b: Bridget|Electro Shot|p2a: Garchomp|[from]lockedmove\n|-immune|p2a: Garchomp\n|move|p1a: Malamother|Trick Room|p1a: Malamother\n|-fieldstart|move: Trick Room|[of] p1a: Malamother\n|\n|-weather|Sandstorm|[upkeep]\n|-damage|p1a: Malamother|63\/100|[from] Sandstorm\n|-damage|p2b: Tyranitar|83\/100 brn|[from] brn\n|upkeep\n|turn|4\n|inactive|Elemt has 30 seconds left.\n|\n|t:|1727484321\n|switch|p2b: Mandibuzz|Mandibuzz, L50, F, shiny|100\/100\n|move|p1a: Malamother|Superpower|p2b: Mandibuzz\n|-damage|p2b: Mandibuzz|77\/100\n|-boost|p1a: Malamother|atk|1\n|-boost|p1a: Malamother|def|1\n|move|p1b: Bridget|Body Press|p2a: Garchomp\n|-damage|p2a: Garchomp|47\/100\n|-damage|p1b: Bridget|54\/100|[from] ability: Rough Skin|[of] p2a: Garchomp\n|move|p2a: Garchomp|Earthquake|p1a: Malamother|[spread] p1a,p1b\n|-immune|p2b: Mandibuzz\n|-supereffective|p1b: Bridget\n|-damage|p1a: Malamother|39\/100\n|-damage|p1b: Bridget|33\/100\n|-ability|p1b: Bridget|Stamina|boost\n|-boost|p1b: Bridget|def|1\n|\n|-weather|Sandstorm|[upkeep]\n|-damage|p1a: Malamother|33\/100|[from] Sandstorm\n|upkeep\n|turn|5\n|inactive|Elemt has 30 seconds left.\n|inactive|Elemt has 20 seconds left.\n|\n|t:|1727484359\n|switch|p2b: Tyranitar|Tyranitar, L50, M|83\/100 brn\n|move|p2a: Garchomp|Protect|p2a: Garchomp\n|-singleturn|p2a: Garchomp|Protect\n|move|p1a: Malamother|Superpower|p2b: Tyranitar\n|-supereffective|p2b: Tyranitar\n|-damage|p2b: Tyranitar|0 fnt\n|-boost|p1a: Malamother|atk|1\n|-boost|p1a: Malamother|def|1\n|faint|p2b: Tyranitar\n|move|p1b: Bridget|Body Press|p2a: Garchomp\n|-activate|p2a: Garchomp|move: Protect\n|\n|-weather|none\n|-sideend|p2: Elemt|move: Tailwind\n|upkeep\n|\n|t:|1727484375\n|switch|p2b: Gholdengo|Gholdengo, L50|100\/100\n|turn|6\n|inactive|Elemt has 30 seconds left.\n|inactive|Elemt has 20 seconds left.\n|inactive|Elemt has 15 seconds left.\n|\n|t:|1727484416\n|switch|p2a: Mandibuzz|Mandibuzz, L50, F, shiny|77\/100\n|-terastallize|p2b: Gholdengo|Dragon\n|move|p1a: Malamother|Knock Off|p2b: Gholdengo\n|-damage|p2b: Gholdengo|38\/100\n|-enditem|p2b: Gholdengo|Leftovers|[from] move: Knock Off|[of] p1a: Malamother\n|move|p1b: Bridget|Body Press|p2a: Mandibuzz\n|-damage|p2a: Mandibuzz|24\/100\n|move|p2b: Gholdengo|Nasty Plot|p2b: Gholdengo\n|-boost|p2b: Gholdengo|spa|2\n|\n|upkeep\n|turn|7\n|inactive|actuary97 has 30 seconds left.\n|\n|t:|1727484442\n|move|p2b: Gholdengo|Protect|p2b: Gholdengo\n|-singleturn|p2b: Gholdengo|Protect\n|move|p1a: Malamother|Superpower|p2a: Mandibuzz\n|-damage|p2a: Mandibuzz|0 fnt\n|-boost|p1a: Malamother|atk|1\n|-boost|p1a: Malamother|def|1\n|faint|p2a: Mandibuzz\n|move|p1b: Bridget|Body Press|p2b: Gholdengo\n|-activate|p2b: Gholdengo|move: Protect\n|\n|-fieldend|move: Trick Room\n|upkeep\n|\n|t:|1727484446\n|switch|p2a: Garchomp|Garchomp, L50, M|47\/100\n|turn|8\n|j| Therazer456\n|inactive|actuary97 has 30 seconds left.\n|\n|t:|1727484475\n|move|p2a: Garchomp|Stomping Tantrum|p1b: Bridget\n|-supereffective|p1b: Bridget\n|-damage|p1b: Bridget|13\/100\n|-ability|p1b: Bridget|Stamina|boost\n|-boost|p1b: Bridget|def|1\n|move|p2b: Gholdengo|Make It Rain|p1b: Bridget|[spread] p1a,p1b\n|-resisted|p1b: Bridget\n|-damage|p1a: Malamother|0 fnt\n|-damage|p1b: Bridget|0 fnt\n|-unboost|p2b: Gholdengo|spa|1\n|faint|p1a: Malamother\n|faint|p1b: Bridget\n|\n|upkeep\n|\n|t:|1727484478\n|switch|p1b: Tapu Deedee|Indeedee, L50, M, shiny|100\/100\n|switch|p1a: Ghost|Ninetales, L50, M, shiny|54\/100\n|-weather|SunnyDay|[from] ability: Drought|[of] p1a: Ghost\n|-fieldstart|move: Psychic Terrain|[from] ability: Psychic Surge|[of] p1b: Tapu Deedee\n|-enditem|p1a: Ghost|Psychic Seed\n|-boost|p1a: Ghost|spd|1|[from] item: Psychic Seed\n|turn|9\n|inactive|Elemt has 30 seconds left.\n|\n|t:|1727484507\n|-terastallize|p1a: Ghost|Grass\n|move|p2b: Gholdengo|Protect|p2b: Gholdengo\n|-singleturn|p2b: Gholdengo|Protect\n|move|p2a: Garchomp|Earthquake|p1a: Ghost|[spread] p1a,p1b\n|-activate|p2b: Gholdengo|move: Protect\n|-resisted|p1a: Ghost\n|-damage|p1a: Ghost|32\/100\n|-damage|p1b: Tapu Deedee|20\/100\n|move|p1a: Ghost|Solar Beam||[still]\n|-prepare|p1a: Ghost|Solar Beam\n|-anim|p1a: Ghost|Solar Beam|p2a: Garchomp\n|-damage|p2a: Garchomp|7\/100\n|move|p1b: Tapu Deedee|Expanding Force|p2b: Gholdengo|[spread] p2a\n|-activate|p2b: Gholdengo|move: Protect\n|-damage|p2a: Garchomp|0 fnt\n|faint|p2a: Garchomp\n|\n|-weather|SunnyDay|[upkeep]\n|upkeep\n|turn|10\n|\n|t:|1727484523\n|move|p1a: Ghost|Overheat|p2b: Gholdengo\n|-resisted|p2b: Gholdengo\n|-damage|p2b: Gholdengo|13\/100\n|-unboost|p1a: Ghost|spa|2\n|move|p1b: Tapu Deedee|Expanding Force|p2b: Gholdengo\n|-damage|p2b: Gholdengo|0 fnt\n|faint|p2b: Gholdengo\n|\n|win|actuary97\n|raw|actuary97's rating: 1702 &rarr; <strong>1724<\/strong><br \/>(+22 for winning)\n|raw|Elemt's rating: 1741 &rarr; <strong>1719<\/strong><br \/>(-22 for losing)\n|c|\u2606actuary97|gg\n|l|\u2606Elemt\n|player|p2|\n|c|\u2606actuary97|was worried u were timid\n|l|\u2606actuary97\n|player|p1|\n|j|\u2606actuary97\n|player|p1|actuary97|sabrina-frlg|\n|l| Therazer456\n","uploadtime":1727484769,"views":24,"formatid":"gen9vgc2024regh","rating":1719,"private":0,"password":null}