{"id":"gen9vgc2024regh-2211635161","format":"[Gen 9] VGC 2024 Reg H","players":["chin8","kojiminori1"],"log":"|j|\u2606chin8\n|j|\u2606kojiminori1\n|t:|1727544481\n|gametype|doubles\n|player|p1|chin8|gentleman-gen4dp|1710\n|player|p2|kojiminori1|169|1761\n|teamsize|p1|6\n|teamsize|p2|6\n|gen|9\n|tier|[Gen 9] VGC 2024 Reg H\n|rated|\n|rule|Species Clause: Limit one of each Pok\u00e9mon\n|rule|Item Clause: Limit 1 of each item\n|clearpoke\n|poke|p1|Baxcalibur, L50, F|\n|poke|p1|Kilowattrel, L50, F|\n|poke|p1|Haxorus, L50, M|\n|poke|p1|Gardevoir, L50, M|\n|poke|p1|Magmortar, L50, F|\n|poke|p1|Gholdengo, L50|\n|poke|p2|Ursaluna-Bloodmoon, L50, M|\n|poke|p2|Dusclops, L50, M|\n|poke|p2|Incineroar, L50, M|\n|poke|p2|Archaludon, L50, F|\n|poke|p2|Pelipper, L50, F|\n|poke|p2|Whimsicott, L50, F|\n|teampreview|4\n|j| dckilla28\n|j| zirimba\n|inactive|Battle timer is ON: inactive players will automatically lose when time's up. (requested by kojiminori1)\n|\n|t:|1727544520\n|start\n|switch|p1a: Kilowattrel|Kilowattrel, L50, F|100\/100\n|switch|p1b: Haxorus|Haxorus, L50, M, shiny|100\/100\n|switch|p2a: Whimsicott|Whimsicott, L50, F|100\/100\n|switch|p2b: Archaludon|Archaludon, L50, F|100\/100\n|-ability|p1b: Haxorus|Mold Breaker\n|turn|1\n|\n|t:|1727544535\n|-terastallize|p1b: Haxorus|Fighting\n|move|p1a: Kilowattrel|Tailwind|p1a: Kilowattrel\n|-sidestart|p1: chin8|move: Tailwind\n|move|p1b: Haxorus|Close Combat|p2b: Archaludon\n|-supereffective|p2b: Archaludon\n|-damage|p2b: Archaludon|0 fnt\n|-unboost|p1b: Haxorus|def|1\n|-unboost|p1b: Haxorus|spd|1\n|faint|p2b: Archaludon\n|move|p2a: Whimsicott|Trick Room|p2a: Whimsicott\n|-fieldstart|move: Trick Room|[of] p2a: Whimsicott\n|\n|upkeep\n|\n|t:|1727544548\n|switch|p2b: Ursaluna|Ursaluna-Bloodmoon, L50, M|100\/100\n|turn|2\n|\n|t:|1727544555\n|move|p1a: Kilowattrel|Protect|p1a: Kilowattrel\n|-singleturn|p1a: Kilowattrel|Protect\n|move|p2b: Ursaluna|Blood Moon|p1a: Kilowattrel\n|-activate|p1a: Kilowattrel|move: Protect\n|move|p2a: Whimsicott|Moonblast|p1b: Haxorus\n|-supereffective|p1b: Haxorus\n|-damage|p1b: Haxorus|0 fnt\n|faint|p1b: Haxorus\n|\n|upkeep\n|\n|t:|1727544558\n|switch|p1b: Baxcalibur|Baxcalibur, L50, F|100\/100\n|turn|3\n|\n|t:|1727544577\n|-terastallize|p2b: Ursaluna|Normal\n|move|p2b: Ursaluna|Hyper Voice|p1b: Baxcalibur|[spread] p1a,p1b\n|-enditem|p1a: Kilowattrel|Focus Sash\n|-damage|p1a: Kilowattrel|1\/100\n|-damage|p1b: Baxcalibur|68\/100\n|-damage|p2b: Ursaluna|91\/100|[from] item: Life Orb\n|move|p2a: Whimsicott|Moonblast|p1a: Kilowattrel\n|-damage|p1a: Kilowattrel|0 fnt\n|faint|p1a: Kilowattrel\n|move|p1b: Baxcalibur|Icicle Crash|p2b: Ursaluna\n|-damage|p2b: Ursaluna|50\/100\n|\n|upkeep\n|\n|t:|1727544592\n|switch|p1a: Gholdengo|Gholdengo, L50|100\/100\n|turn|4\n|\n|t:|1727544602\n|move|p1a: Gholdengo|Protect|p1a: Gholdengo\n|-singleturn|p1a: Gholdengo|Protect\n|move|p2b: Ursaluna|Earth Power|p1a: Gholdengo\n|-activate|p1a: Gholdengo|move: Protect\n|move|p2a: Whimsicott|Moonblast|p1b: Baxcalibur\n|-supereffective|p1b: Baxcalibur\n|-crit|p1b: Baxcalibur\n|-damage|p1b: Baxcalibur|4\/100\n|move|p1b: Baxcalibur|Icicle Crash|p2b: Ursaluna\n|-damage|p2b: Ursaluna|9\/100\n|\n|-sideend|p1: chin8|move: Tailwind\n|upkeep\n|turn|5\n|\n|t:|1727544626\n|switch|p2b: Incineroar|Incineroar, L50, M|100\/100\n|-ability|p2b: Incineroar|Intimidate|boost\n|-unboost|p1a: Gholdengo|atk|1\n|-unboost|p1b: Baxcalibur|atk|1\n|move|p2a: Whimsicott|Protect|p2a: Whimsicott\n|-singleturn|p2a: Whimsicott|Protect\n|move|p1b: Baxcalibur|Ice Shard|p2b: Incineroar\n|-resisted|p2b: Incineroar\n|-damage|p2b: Incineroar|94\/100\n|move|p1a: Gholdengo|Make It Rain|p2a: Whimsicott|[spread] p2b\n|-activate|p2a: Whimsicott|move: Protect\n|-resisted|p2b: Incineroar\n|-damage|p2b: Incineroar|72\/100\n|-unboost|p1a: Gholdengo|spa|1\n|\n|-fieldend|move: Trick Room\n|upkeep\n|turn|6\n|-message|chin8 forfeited.\n|\n|win|kojiminori1\n|raw|chin8's rating: 1710 &rarr; <strong>1693<\/strong><br \/>(-17 for losing)\n|raw|kojiminori1's rating: 1761 &rarr; <strong>1778<\/strong><br \/>(+17 for winning)\n|l|\u2606chin8\n|player|p1|\n|l|\u2606kojiminori1\n|player|p2|\n","uploadtime":1727544825,"views":25,"formatid":"gen9vgc2024regh","rating":1693,"private":0,"password":null}