{"id":"gen9vgc2024regh-2211681557","format":"[Gen 9] VGC 2024 Reg H","players":["pmawarrior","chin8"],"log":"|j|\u2606pmawarrior\n|j|\u2606chin8\n|t:|1727549552\n|gametype|doubles\n|player|p1|pmawarrior|265|1801\n|player|p2|chin8|gentleman-gen4dp|1726\n|teamsize|p1|6\n|teamsize|p2|6\n|gen|9\n|tier|[Gen 9] VGC 2024 Reg H\n|rated|\n|rule|Species Clause: Limit one of each Pok\u00e9mon\n|rule|Item Clause: Limit 1 of each item\n|clearpoke\n|poke|p1|Gholdengo, L50|\n|poke|p1|Talonflame, L50, M|\n|poke|p1|Dondozo, L50, F|\n|poke|p1|Tatsugiri, L50, M|\n|poke|p1|Glimmora, L50, F|\n|poke|p1|Dragonite, L50, F|\n|poke|p2|Baxcalibur, L50, F|\n|poke|p2|Kilowattrel, L50, M|\n|poke|p2|Haxorus, L50, M|\n|poke|p2|Gardevoir, L50, F|\n|poke|p2|Magmortar, L50, M|\n|poke|p2|Gholdengo, L50|\n|teampreview|4\n|inactive|Battle timer is ON: inactive players will automatically lose when time's up. (requested by chin8)\n|\n|t:|1727549598\n|start\n|switch|p1a: Glimmora|Glimmora, L50, F|100\/100\n|switch|p1b: Dragonite|Dragonite, L50, F, shiny|100\/100\n|switch|p2a: Gholdengo|Gholdengo, L50|100\/100\n|switch|p2b: Kilowattrel|Kilowattrel, L50, M|100\/100\n|turn|1\n|inactive|pmawarrior has 30 seconds left.\n|inactive|pmawarrior has 20 seconds left.\n|inactive|pmawarrior has 15 seconds left.\n|inactive|pmawarrior has 10 seconds left.\n|inactive|pmawarrior has 5 seconds left.\n|\n|t:|1727549648\n|move|p2b: Kilowattrel|Tailwind|p2b: Kilowattrel\n|-sidestart|p2: chin8|move: Tailwind\n|move|p2a: Gholdengo|Make It Rain|p1b: Dragonite|[spread] p1a,p1b\n|-supereffective|p1a: Glimmora\n|-enditem|p1a: Glimmora|Focus Sash\n|-damage|p1a: Glimmora|1\/100\n|-damage|p1b: Dragonite|75\/100\n|-unboost|p2a: Gholdengo|spa|1\n|move|p1a: Glimmora|Earth Power|p2a: Gholdengo\n|-supereffective|p2a: Gholdengo\n|-damage|p2a: Gholdengo|45\/100\n|move|p1b: Dragonite|Outrage|p2b: Kilowattrel\n|-enditem|p2b: Kilowattrel|Focus Sash\n|-damage|p2b: Kilowattrel|1\/100\n|\n|-heal|p2a: Gholdengo|51\/100|[from] item: Leftovers\n|upkeep\n|turn|2\n|\n|t:|1727549658\n|switch|p2b: Gardevoir|Gardevoir, L50, F|100\/100\n|move|p1a: Glimmora|Spiky Shield|p1a: Glimmora\n|-singleturn|p1a: Glimmora|move: Protect\n|move|p2a: Gholdengo|Make It Rain|p1a: Glimmora|[spread] p1b\n|-activate|p1a: Glimmora|move: Protect\n|-damage|p1b: Dragonite|37\/100\n|-unboost|p2a: Gholdengo|spa|1\n|move|p1b: Dragonite|Outrage|p2b: Gardevoir|[from]lockedmove\n|-immune|p2b: Gardevoir\n|-start|p1b: Dragonite|confusion|[fatigue]\n|\n|-heal|p2a: Gholdengo|57\/100|[from] item: Leftovers\n|upkeep\n|turn|3\n|\n|t:|1727549677\n|switch|p1a: Tatsugiri|Tatsugiri, L50, M|100\/100\n|switch|p1b: Dondozo|Dondozo, L50, F|100\/100\n|-activate|p1a: Tatsugiri|ability: Commander|[of] p1b: Dondozo\n|-boost|p1b: Dondozo|atk|2\n|-boost|p1b: Dondozo|spa|2\n|-boost|p1b: Dondozo|spe|2\n|-boost|p1b: Dondozo|def|2\n|-boost|p1b: Dondozo|spd|2\n|-enditem|p2b: Gardevoir|Mirror Herb\n|-boost|p2b: Gardevoir|atk|2|[from] item: Mirror Herb\n|-boost|p2b: Gardevoir|spa|2|[from] item: Mirror Herb\n|-boost|p2b: Gardevoir|spe|2|[from] item: Mirror Herb\n|-boost|p2b: Gardevoir|def|2|[from] item: Mirror Herb\n|-boost|p2b: Gardevoir|spd|2|[from] item: Mirror Herb\n|move|p2b: Gardevoir|Dazzling Gleam|p1b: Dondozo|[spread] p1b\n|-miss|p2b: Gardevoir|p1a: Tatsugiri\n|-damage|p1b: Dondozo|82\/100\n|move|p2a: Gholdengo|Nasty Plot|p2a: Gholdengo\n|-boost|p2a: Gholdengo|spa|2\n|\n|-heal|p2a: Gholdengo|63\/100|[from] item: Leftovers\n|upkeep\n|turn|4\n|\n|t:|1727549692\n|-terastallize|p1b: Dondozo|Steel\n|move|p2b: Gardevoir|Skill Swap|p1b: Dondozo\n|-activate|p2b: Gardevoir|move: Skill Swap|Unaware|Telepathy|[of] p1b: Dondozo\n|move|p2a: Gholdengo|Nasty Plot|p2a: Gholdengo\n|-boost|p2a: Gholdengo|spa|2\n|move|p1b: Dondozo|Heavy Slam|p2b: Gardevoir\n|-supereffective|p2b: Gardevoir\n|-damage|p2b: Gardevoir|46\/100\n|\n|-heal|p2a: Gholdengo|70\/100|[from] item: Leftovers\n|-sideend|p2: chin8|move: Tailwind\n|upkeep\n|turn|5\n|\n|t:|1727549703\n|-terastallize|p2b: Gardevoir|Ghost\n|move|p2b: Gardevoir|Dazzling Gleam|p1a: Tatsugiri|[spread] p1b\n|-miss|p2b: Gardevoir|p1a: Tatsugiri\n|-resisted|p1b: Dondozo\n|-damage|p1b: Dondozo|46\/100\n|move|p1b: Dondozo|Heavy Slam|p2b: Gardevoir\n|-damage|p2b: Gardevoir|16\/100\n|move|p2a: Gholdengo|Shadow Ball|p1b: Dondozo\n|-damage|p1b: Dondozo|0 fnt\n|faint|p1b: Dondozo\n|\n|-heal|p2a: Gholdengo|76\/100|[from] item: Leftovers\n|upkeep\n|\n|t:|1727549712\n|switch|p1b: Glimmora|Glimmora, L50, F|1\/100\n|turn|6\n|\n|t:|1727549721\n|move|p1a: Tatsugiri|Protect|p1a: Tatsugiri\n|-singleturn|p1a: Tatsugiri|Protect\n|move|p2b: Gardevoir|Dazzling Gleam|p1a: Tatsugiri|[spread] p1b\n|-activate|p1a: Tatsugiri|move: Protect\n|-resisted|p1b: Glimmora\n|-crit|p1b: Glimmora\n|-damage|p1b: Glimmora|0 fnt\n|faint|p1b: Glimmora\n|move|p2a: Gholdengo|Make It Rain|p1a: Tatsugiri\n|-activate|p1a: Tatsugiri|move: Protect\n|\n|-heal|p2a: Gholdengo|82\/100|[from] item: Leftovers\n|upkeep\n|-message|pmawarrior forfeited.\n|\n|win|chin8\n|raw|pmawarrior's rating: 1801 &rarr; <strong>1777<\/strong><br \/>(-24 for losing)\n|raw|chin8's rating: 1726 &rarr; <strong>1750<\/strong><br \/>(+24 for winning)\n|l|\u2606pmawarrior\n|player|p1|\n|l|\u2606chin8\n|player|p2|\n","uploadtime":1727549884,"views":48,"formatid":"gen9vgc2024regh","rating":1750,"private":0,"password":null}