{"id":"gen9vgc2024regh-2211452411","format":"[Gen 9] VGC 2024 Reg H","players":["Bill Clinton y Rex","stbai"],"log":"|j|\u2606Bill Clinton y Rex\n|j|\u2606stbai\n|t:|1727520263\n|gametype|doubles\n|player|p1|Bill Clinton y Rex|1|1667\n|player|p2|stbai|janitor|1703\n|teamsize|p1|6\n|teamsize|p2|6\n|gen|9\n|tier|[Gen 9] VGC 2024 Reg H\n|rated|\n|rule|Species Clause: Limit one of each Pok\u00e9mon\n|rule|Item Clause: Limit 1 of each item\n|clearpoke\n|poke|p1|Lilligant-Hisui, L50, F|\n|poke|p1|Kingambit, L50, M|\n|poke|p1|Torkoal, L50, M|\n|poke|p1|Dragonite, L50, M|\n|poke|p1|Mimikyu, L50, F|\n|poke|p1|Porygon2, L50|\n|poke|p2|Tatsugiri, L50, M|\n|poke|p2|Smeargle, L50, F|\n|poke|p2|Gholdengo, L50|\n|poke|p2|Kleavor, L50, M|\n|poke|p2|Ursaluna-Bloodmoon, L50, M|\n|poke|p2|Dondozo, L50, M|\n|teampreview|4\n|inactive|Battle timer is ON: inactive players will automatically lose when time's up. (requested by stbai)\n|\n|t:|1727520284\n|start\n|switch|p1a: Lilligant|Lilligant-Hisui, L50, F|100\/100\n|switch|p1b: Torkoal|Torkoal, L50, M|100\/100\n|switch|p2a: Smeargle|Smeargle, L50, F|100\/100\n|switch|p2b: Kleavor|Kleavor, L50, M|100\/100\n|-weather|SunnyDay|[from] ability: Drought|[of] p1b: Torkoal\n|turn|1\n|\n|t:|1727520300\n|move|p1a: Lilligant|After You|p1b: Torkoal\n|-activate|p1b: Torkoal|move: After You\n|move|p1b: Torkoal|Eruption|p2b: Kleavor|[spread] p2a,p2b\n|-enditem|p2a: Smeargle|Focus Sash\n|-damage|p2a: Smeargle|1\/100\n|-damage|p2b: Kleavor|0 fnt\n|faint|p2b: Kleavor\n|move|p2a: Smeargle|Spore|p1b: Torkoal\n|-status|p1b: Torkoal|slp|[from] move: Spore\n|\n|-weather|SunnyDay|[upkeep]\n|-ability|p2a: Smeargle|Moody|boost\n|-boost|p2a: Smeargle|spe|2\n|-unboost|p2a: Smeargle|atk|1\n|upkeep\n|\n|t:|1727520306\n|switch|p2b: Dondozo|Dondozo, L50, M|100\/100\n|turn|2\n|j| gdgfdsgsgs\n|\n|t:|1727520319\n|-terastallize|p2b: Dondozo|Dragon\n|move|p1a: Lilligant|Close Combat|p2a: Smeargle\n|-supereffective|p2a: Smeargle\n|-damage|p2a: Smeargle|0 fnt\n|-unboost|p1a: Lilligant|def|1\n|-unboost|p1a: Lilligant|spd|1\n|faint|p2a: Smeargle\n|move|p2b: Dondozo|Substitute|p2b: Dondozo\n|-start|p2b: Dondozo|Substitute\n|-damage|p2b: Dondozo|75\/100\n|cant|p1b: Torkoal|slp\n|\n|-weather|SunnyDay|[upkeep]\n|-heal|p2b: Dondozo|82\/100|[from] item: Leftovers\n|upkeep\n|\n|t:|1727520323\n|switch|p2a: Tatsugiri|Tatsugiri, L50, M|100\/100\n|-activate|p2a: Tatsugiri|ability: Commander|[of] p2b: Dondozo\n|-boost|p2b: Dondozo|atk|2\n|-boost|p2b: Dondozo|spa|2\n|-boost|p2b: Dondozo|spe|2\n|-boost|p2b: Dondozo|def|2\n|-boost|p2b: Dondozo|spd|2\n|turn|3\n|\n|t:|1727520328\n|switch|p1b: Porygon2|Porygon2, L50|100\/100\n|-ability|p1b: Porygon2|Unaware|[from] ability: Trace|[of] p2b: Dondozo\n|move|p1a: Lilligant|Coaching|p1b: Porygon2\n|-boost|p1b: Porygon2|atk|1\n|-boost|p1b: Porygon2|def|1\n|move|p2b: Dondozo|Earthquake|p1b: Porygon2|[spread] p1a,p1b\n|-miss|p2b: Dondozo|p2a: Tatsugiri\n|-resisted|p1a: Lilligant\n|-damage|p1a: Lilligant|69\/100\n|-damage|p1b: Porygon2|89\/100\n|\n|-weather|SunnyDay|[upkeep]\n|-heal|p2b: Dondozo|88\/100|[from] item: Leftovers\n|upkeep\n|turn|4\n|\n|t:|1727520351\n|move|p1a: Lilligant|After You|p1b: Porygon2\n|-activate|p1b: Porygon2|move: After You\n|move|p1b: Porygon2|Ice Beam|p2b: Dondozo\n|-supereffective|p2b: Dondozo\n|-end|p2b: Dondozo|Substitute\n|move|p2b: Dondozo|Order Up|p1a: Lilligant\n|-damage|p1a: Lilligant|0 fnt\n|faint|p1a: Lilligant\n|-boost|p2b: Dondozo|atk|1\n|\n|-weather|SunnyDay|[upkeep]\n|-heal|p2b: Dondozo|94\/100|[from] item: Leftovers\n|upkeep\n|\n|t:|1727520354\n|switch|p1a: Mimikyu|Mimikyu, L50, F|100\/100\n|turn|5\n|\n|t:|1727520363\n|switch|p1b: Torkoal|Torkoal, L50, M|100\/100 slp\n|move|p2b: Dondozo|Earthquake|p1b: Torkoal|[spread] p1a,p1b\n|-miss|p2b: Dondozo|p2a: Tatsugiri\n|-supereffective|p1b: Torkoal\n|-activate|p1a: Mimikyu|ability: Disguise\n|-damage|p1a: Mimikyu|100\/100\n|-damage|p1b: Torkoal|11\/100 slp\n|detailschange|p1a: Mimikyu|Mimikyu-Busted, L50, F\n|-damage|p1a: Mimikyu|88\/100|[from] pokemon: Mimikyu-Busted\n|move|p1a: Mimikyu|Trick Room|p1a: Mimikyu\n|-fieldstart|move: Trick Room|[of] p1a: Mimikyu\n|\n|-weather|none\n|-heal|p2b: Dondozo|99\/100|[from] item: Leftovers\n|upkeep\n|turn|6\n|\n|t:|1727520367\n|switch|p1b: Porygon2|Porygon2, L50|89\/100\n|-ability|p1b: Porygon2|Unaware|[from] ability: Trace|[of] p2b: Dondozo\n|move|p1a: Mimikyu|Play Rough|p2b: Dondozo|[miss]\n|-miss|p1a: Mimikyu|p2b: Dondozo\n|move|p2b: Dondozo|Earthquake|p1a: Mimikyu|[spread] p1a,p1b\n|-miss|p2b: Dondozo|p2a: Tatsugiri\n|-damage|p1a: Mimikyu|13\/100\n|-damage|p1b: Porygon2|77\/100\n|\n|-heal|p2b: Dondozo|100\/100|[from] item: Leftovers\n|upkeep\n|turn|7\n|\n|t:|1727520382\n|move|p1b: Porygon2|Ice Beam|p2b: Dondozo\n|-supereffective|p2b: Dondozo\n|-damage|p2b: Dondozo|57\/100\n|move|p1a: Mimikyu|Play Rough|p2b: Dondozo\n|-supereffective|p2b: Dondozo\n|-damage|p2b: Dondozo|23\/100\n|-damage|p1a: Mimikyu|3\/100|[from] item: Life Orb\n|move|p2b: Dondozo|Earthquake|p1a: Mimikyu|[spread] p1a,p1b\n|-miss|p2b: Dondozo|p2a: Tatsugiri\n|-damage|p1a: Mimikyu|0 fnt\n|-damage|p1b: Porygon2|65\/100\n|faint|p1a: Mimikyu\n|\n|-heal|p2b: Dondozo|29\/100|[from] item: Leftovers\n|upkeep\n|\n|t:|1727520385\n|switch|p1a: Torkoal|Torkoal, L50, M|11\/100 slp\n|-weather|SunnyDay|[from] ability: Drought|[of] p1a: Torkoal\n|turn|8\n|\n|t:|1727520399\n|move|p2b: Dondozo|Protect|p2b: Dondozo\n|-singleturn|p2b: Dondozo|Protect\n|-curestatus|p1a: Torkoal|slp|[msg]\n|move|p1a: Torkoal|Eruption|p2a: Tatsugiri|[spread] \n|-miss|p1a: Torkoal|p2a: Tatsugiri\n|-activate|p2b: Dondozo|move: Protect\n|move|p1b: Porygon2|Ice Beam|p2b: Dondozo\n|-activate|p2b: Dondozo|move: Protect\n|\n|-weather|SunnyDay|[upkeep]\n|-heal|p2b: Dondozo|35\/100|[from] item: Leftovers\n|upkeep\n|turn|9\n|\n|t:|1727520408\n|move|p2b: Dondozo|Protect||[still]\n|-fail|p2b: Dondozo\n|move|p1a: Torkoal|Earth Power|p2b: Dondozo\n|-crit|p2b: Dondozo\n|-damage|p2b: Dondozo|1\/100\n|move|p1b: Porygon2|Ice Beam|p2b: Dondozo\n|-supereffective|p2b: Dondozo\n|-damage|p2b: Dondozo|0 fnt\n|faint|p2b: Dondozo\n|\n|-weather|SunnyDay|[upkeep]\n|-fieldend|move: Trick Room\n|upkeep\n|turn|10\n|\n|t:|1727520417\n|move|p1a: Torkoal|Protect|p1a: Torkoal\n|-singleturn|p1a: Torkoal|Protect\n|move|p2a: Tatsugiri|Muddy Water|p1b: Porygon2|[spread] p1b\n|-activate|p1a: Torkoal|move: Protect\n|-damage|p1b: Porygon2|56\/100\n|move|p1b: Porygon2|Trick Room|p1b: Porygon2\n|-fieldstart|move: Trick Room|[of] p1b: Porygon2\n|\n|-weather|SunnyDay|[upkeep]\n|upkeep\n|turn|11\n|\n|t:|1727520425\n|move|p1a: Torkoal|Earth Power|p2a: Tatsugiri\n|-damage|p2a: Tatsugiri|70\/100\n|move|p1b: Porygon2|Tera Blast|p2a: Tatsugiri\n|-damage|p2a: Tatsugiri|27\/100\n|move|p2a: Tatsugiri|Muddy Water|p1b: Porygon2|[spread] p1a,p1b\n|-supereffective|p1a: Torkoal\n|-damage|p1a: Torkoal|0 fnt\n|-damage|p1b: Porygon2|46\/100\n|-unboost|p1b: Porygon2|accuracy|1\n|faint|p1a: Torkoal\n|\n|-weather|SunnyDay|[upkeep]\n|upkeep\n|turn|12\n|\n|t:|1727520435\n|move|p1b: Porygon2|Tera Blast|p2a: Tatsugiri\n|-damage|p2a: Tatsugiri|0 fnt\n|faint|p2a: Tatsugiri\n|\n|win|Bill Clinton y Rex\n|raw|Bill Clinton y Rex's rating: 1667 &rarr; <strong>1689<\/strong><br \/>(+22 for winning)\n|raw|stbai's rating: 1703 &rarr; <strong>1681<\/strong><br \/>(-22 for losing)\n|l|\u2606stbai\n|player|p2|\n|l|\u2606Bill Clinton y Rex\n|player|p1|\n","uploadtime":1727520633,"views":16,"formatid":"gen9vgc2024regh","rating":1681,"private":0,"password":null}