{"id":"gen9vgc2024regh-2211795542","format":"[Gen 9] VGC 2024 Reg H","players":["ShoRii","ren122333"],"log":"|j|\u2606ShoRii\n|j|\u2606ren122333\n|t:|1727562425\n|gametype|doubles\n|player|p1|ShoRii|169|1684\n|player|p2|ren122333|hilbert|1672\n|teamsize|p1|6\n|teamsize|p2|6\n|gen|9\n|tier|[Gen 9] VGC 2024 Reg H\n|rated|\n|rule|Species Clause: Limit one of each Pok\u00e9mon\n|rule|Item Clause: Limit 1 of each item\n|clearpoke\n|poke|p1|Weezing, L50, F|\n|poke|p1|Slaking, L50, F|\n|poke|p1|Dragapult, L50, F|\n|poke|p1|Talonflame, L50, M|\n|poke|p1|Toedscruel, L50, F|\n|poke|p1|Basculegion, L50, M|\n|poke|p2|Whimsicott, L50, M|\n|poke|p2|Mamoswine, L50, M|\n|poke|p2|Lycanroc-Dusk, L50, M|\n|poke|p2|Typhlosion-Hisui, L50, F|\n|poke|p2|Farigiraf, L50, F|\n|poke|p2|Mienshao, L50, F|\n|teampreview|4\n|inactive|Battle timer is ON: inactive players will automatically lose when time's up. (requested by ShoRii)\n|inactive|ShoRii has 60 seconds left.\n|\n|t:|1727562462\n|start\n|switch|p1a: Dragapult|Dragapult, L50, F|100\/100\n|switch|p1b: Talonflame|Talonflame, L50, M|100\/100\n|switch|p2a: Whimsicott|Whimsicott, L50, M|100\/100\n|switch|p2b: Lycanroc|Lycanroc-Dusk, L50, M|100\/100\n|turn|1\n|\n|t:|1727562473\n|-terastallize|p2b: Lycanroc|Dark\n|move|p1b: Talonflame|Tailwind|p1b: Talonflame\n|-sidestart|p1: ShoRii|move: Tailwind\n|move|p2a: Whimsicott|Tailwind|p2a: Whimsicott\n|-sidestart|p2: ren122333|move: Tailwind\n|move|p2b: Lycanroc|Sucker Punch|p1a: Dragapult\n|-supereffective|p1a: Dragapult\n|-damage|p1a: Dragapult|0 fnt\n|faint|p1a: Dragapult\n|\n|upkeep\n|\n|t:|1727562483\n|switch|p1a: Slaking|Slaking, L50, F|100\/100\n|turn|2\n|\n|t:|1727562499\n|move|p1b: Talonflame|Air Slash|p2a: Whimsicott\n|-supereffective|p2a: Whimsicott\n|-damage|p2a: Whimsicott|47\/100\n|move|p2a: Whimsicott|Moonblast|p1a: Slaking\n|-damage|p1a: Slaking|71\/100\n|move|p2b: Lycanroc|Rock Slide|p1a: Slaking|[spread] p1a,p1b\n|-supereffective|p1b: Talonflame\n|-damage|p1a: Slaking|49\/100\n|-damage|p1b: Talonflame|0 fnt\n|faint|p1b: Talonflame\n|move|p1a: Slaking|Double-Edge|p2b: Lycanroc\n|-enditem|p2b: Lycanroc|Focus Sash\n|-damage|p2b: Lycanroc|1\/100\n|-damage|p1a: Slaking|27\/100|[from] Recoil\n|-damage|p1a: Slaking|17\/100|[from] item: Life Orb\n|\n|upkeep\n|\n|t:|1727562514\n|switch|p1b: Weezing|Weezing, L50, F|100\/100\n|-ability|p1b: Weezing|Neutralizing Gas\n|-block|p2a: Whimsicott|item: Ability Shield\n|turn|3\n|\n|t:|1727562529\n|move|p1a: Slaking|Protect|p1a: Slaking\n|-singleturn|p1a: Slaking|Protect\n|move|p2a: Whimsicott|Moonblast|p1a: Slaking\n|-activate|p1a: Slaking|move: Protect\n|move|p2b: Lycanroc|Stomping Tantrum|p1b: Weezing\n|-supereffective|p1b: Weezing\n|-damage|p1b: Weezing|56\/100\n|move|p1b: Weezing|Sludge Bomb|p2b: Lycanroc\n|-damage|p2b: Lycanroc|0 fnt\n|faint|p2b: Lycanroc\n|\n|upkeep\n|\n|t:|1727562539\n|switch|p2b: Typhlosion|Typhlosion-Hisui, L50, F|100\/100\n|turn|4\n|\n|t:|1727562549\n|move|p1a: Slaking|Protect|p1a: Slaking\n|-singleturn|p1a: Slaking|Protect\n|move|p2a: Whimsicott|Encore|p1a: Slaking\n|-activate|p1a: Slaking|move: Protect\n|move|p2b: Typhlosion|Eruption|p1a: Slaking|[spread] p1b\n|-activate|p1a: Slaking|move: Protect\n|-damage|p1b: Weezing|0 fnt\n|faint|p1b: Weezing\n|-end|p1b: Weezing|ability: Neutralizing Gas\n|-item|p1a: Slaking|Life Orb|[from] ability: Frisk|[of] p2b: Typhlosion\n|\n|-sideend|p1: ShoRii|move: Tailwind\n|-sideend|p2: ren122333|move: Tailwind\n|upkeep\n|turn|5\n|j| BreadTest\n|-message|ShoRii forfeited.\n|\n|win|ren122333\n|raw|ShoRii's rating: 1684 &rarr; <strong>1663<\/strong><br \/>(-21 for losing)\n|raw|ren122333's rating: 1672 &rarr; <strong>1693<\/strong><br \/>(+21 for winning)\n|l|\u2606ShoRii\n|player|p1|\n|l|\u2606ren122333\n|player|p2|\n|l| BreadTest\n","uploadtime":1727562784,"views":18,"formatid":"gen9vgc2024regh","rating":1663,"private":0,"password":null}