{"id":"gen9vgc2024regh-2212660515","format":"[Gen 9] VGC 2024 Reg H","players":["Xeoffee","something123"],"log":"|j|\u2606Xeoffee\n|j|\u2606something123\n|t:|1727683754\n|gametype|doubles\n|player|p1|Xeoffee|n|1744\n|player|p2|something123|266|1741\n|teamsize|p1|6\n|teamsize|p2|6\n|gen|9\n|tier|[Gen 9] VGC 2024 Reg H\n|rated|\n|rule|Species Clause: Limit one of each Pok\u00e9mon\n|rule|Item Clause: Limit 1 of each item\n|clearpoke\n|poke|p1|Volcarona, L50, M|\n|poke|p1|Primarina, L50, F|\n|poke|p1|Rillaboom, L50, F|\n|poke|p1|Ursaluna-Bloodmoon, L50, M|\n|poke|p1|Electabuzz, L50, F|\n|poke|p1|Farigiraf, L50, F|\n|poke|p2|Dragapult, L50, F|\n|poke|p2|Sneasler, L50, F|\n|poke|p2|Rillaboom, L50, M|\n|poke|p2|Milotic, L50, F|\n|poke|p2|Hydreigon, L50, F|\n|poke|p2|Incineroar, L50, M|\n|teampreview|4\n|\n|t:|1727683805\n|start\n|switch|p1a: Farigiraf|Farigiraf, L50, F|100\/100\n|switch|p1b: Rillaboom|Rillaboom, L50, F|100\/100\n|switch|p2a: Sneasler|Sneasler, L50, F|100\/100\n|switch|p2b: Rillaboom|Rillaboom, L50, M|100\/100\n|-fieldstart|move: Grassy Terrain|[from] ability: Grassy Surge|[of] p2b: Rillaboom\n|-enditem|p2a: Sneasler|Grassy Seed\n|-boost|p2a: Sneasler|def|1|[from] item: Grassy Seed\n|-enditem|p1a: Farigiraf|Grassy Seed\n|-boost|p1a: Farigiraf|def|1|[from] item: Grassy Seed\n|turn|1\n|\n|t:|1727683846\n|switch|p2b: Incineroar|Incineroar, L50, M|100\/100\n|-ability|p2b: Incineroar|Intimidate|boost\n|-unboost|p1a: Farigiraf|atk|1\n|-unboost|p1b: Rillaboom|atk|1\n|move|p1b: Rillaboom|Fake Out|p2b: Incineroar\n|-damage|p2b: Incineroar|91\/100\n|-damage|p1b: Rillaboom|84\/100|[from] item: Rocky Helmet|[of] p2b: Incineroar\n|move|p2a: Sneasler|Swords Dance|p2a: Sneasler\n|-boost|p2a: Sneasler|atk|2\n|move|p1a: Farigiraf|Trick Room|p1a: Farigiraf\n|-fieldstart|move: Trick Room|[of] p1a: Farigiraf\n|\n|-heal|p2b: Incineroar|97\/100|[from] Grassy Terrain\n|-heal|p1b: Rillaboom|90\/100|[from] Grassy Terrain\n|upkeep\n|turn|2\n|\n|t:|1727683889\n|-terastallize|p2a: Sneasler|Flying\n|move|p2b: Incineroar|Flare Blitz|p1a: Farigiraf\n|-damage|p1a: Farigiraf|60\/100\n|-damage|p2b: Incineroar|82\/100|[from] Recoil\n|move|p1a: Farigiraf|Hyper Voice|p2a: Sneasler|[spread] p2a,p2b\n|-damage|p2a: Sneasler|65\/100\n|-damage|p2b: Incineroar|57\/100\n|move|p1b: Rillaboom|Stomping Tantrum|p2b: Incineroar\n|-supereffective|p2b: Incineroar\n|-damage|p2b: Incineroar|26\/100\n|-damage|p1b: Rillaboom|73\/100|[from] item: Rocky Helmet|[of] p2b: Incineroar\n|move|p2a: Sneasler|Acrobatics|p1a: Farigiraf\n|-damage|p1a: Farigiraf|0 fnt\n|faint|p1a: Farigiraf\n|\n|-heal|p2b: Incineroar|32\/100|[from] Grassy Terrain\n|-heal|p1b: Rillaboom|79\/100|[from] Grassy Terrain\n|upkeep\n|\n|t:|1727683907\n|switch|p1a: Ursaluna|Ursaluna-Bloodmoon, L50, M|100\/100\n|turn|3\n|\n|t:|1727683914\n|switch|p2b: Rillaboom|Rillaboom, L50, M|100\/100\n|switch|p1b: Primarina|Primarina, L50, F|100\/100\n|-terastallize|p1a: Ursaluna|Normal\n|move|p2a: Sneasler|Protect|p2a: Sneasler\n|-singleturn|p2a: Sneasler|Protect\n|move|p1a: Ursaluna|Hyper Voice|p2b: Rillaboom|[spread] p2b\n|-activate|p2a: Sneasler|move: Protect\n|-damage|p2b: Rillaboom|57\/100\n|-damage|p1a: Ursaluna|91\/100|[from] item: Life Orb\n|\n|-heal|p1a: Ursaluna|97\/100|[from] Grassy Terrain\n|-heal|p2b: Rillaboom|62\/100|[from] Grassy Terrain\n|upkeep\n|turn|4\n|inactive|Battle timer is ON: inactive players will automatically lose when time's up. (requested by something123)\n|\n|t:|1727683964\n|switch|p1b: Rillaboom|Rillaboom, L50, F|79\/100\n|switch|p2a: Incineroar|Incineroar, L50, M|32\/100\n|-ability|p2a: Incineroar|Intimidate|boost\n|-unboost|p1a: Ursaluna|atk|1\n|-unboost|p1b: Rillaboom|atk|1\n|move|p2b: Rillaboom|Fake Out|p1a: Ursaluna\n|-damage|p1a: Ursaluna|87\/100\n|cant|p1a: Ursaluna|flinch\n|\n|-heal|p2a: Incineroar|38\/100|[from] Grassy Terrain\n|-heal|p1a: Ursaluna|93\/100|[from] Grassy Terrain\n|-heal|p1b: Rillaboom|85\/100|[from] Grassy Terrain\n|-heal|p2b: Rillaboom|68\/100|[from] Grassy Terrain\n|upkeep\n|turn|5\n|inactive|something123 has 30 seconds left.\n|\n|t:|1727683990\n|switch|p2b: Sneasler|Sneasler, L50, F, tera:Flying|65\/100\n|move|p2a: Incineroar|Fake Out|p1a: Ursaluna\n|-damage|p1a: Ursaluna|83\/100\n|move|p1b: Rillaboom|Fake Out|p2a: Incineroar\n|-damage|p2a: Incineroar|29\/100\n|-damage|p1b: Rillaboom|69\/100|[from] item: Rocky Helmet|[of] p2a: Incineroar\n|cant|p1a: Ursaluna|flinch\n|\n|-heal|p2a: Incineroar|35\/100|[from] Grassy Terrain\n|-heal|p1a: Ursaluna|89\/100|[from] Grassy Terrain\n|-heal|p1b: Rillaboom|74\/100|[from] Grassy Terrain\n|-fieldend|move: Trick Room\n|-fieldend|move: Grassy Terrain\n|upkeep\n|turn|6\n|\n|t:|1727684009\n|switch|p1b: Primarina|Primarina, L50, F|100\/100\n|move|p2b: Sneasler|Close Combat|p1a: Ursaluna\n|-supereffective|p1a: Ursaluna\n|-damage|p1a: Ursaluna|1\/100\n|-unboost|p2b: Sneasler|def|1\n|-unboost|p2b: Sneasler|spd|1\n|move|p1a: Ursaluna|Hyper Voice|p2b: Sneasler|[spread] p2a,p2b\n|-damage|p2a: Incineroar|0 fnt\n|-damage|p2b: Sneasler|0 fnt\n|faint|p2a: Incineroar\n|faint|p2b: Sneasler\n|-damage|p1a: Ursaluna|0 fnt|[from] item: Life Orb\n|faint|p1a: Ursaluna\n|\n|upkeep\n|\n|t:|1727684022\n|switch|p2b: Hydreigon|Hydreigon, L50, F|100\/100\n|switch|p1a: Rillaboom|Rillaboom, L50, F|74\/100\n|switch|p2a: Rillaboom|Rillaboom, L50, M|68\/100\n|-fieldstart|move: Grassy Terrain|[from] ability: Grassy Surge|[of] p2a: Rillaboom\n|turn|7\n|j| Manchester1997!\n|inactive|Xeoffee has 30 seconds left.\n|\n|t:|1727684047\n|move|p2b: Hydreigon|Protect|p2b: Hydreigon\n|-singleturn|p2b: Hydreigon|Protect\n|move|p1a: Rillaboom|Fake Out|p2a: Rillaboom\n|-damage|p2a: Rillaboom|53\/100\n|cant|p2a: Rillaboom|flinch\n|move|p1b: Primarina|Moonblast|p2b: Hydreigon\n|-activate|p2b: Hydreigon|move: Protect\n|\n|-heal|p2a: Rillaboom|59\/100|[from] Grassy Terrain\n|-heal|p1a: Rillaboom|80\/100|[from] Grassy Terrain\n|upkeep\n|turn|8\n|\n|t:|1727684067\n|move|p2b: Hydreigon|Dark Pulse|p1a: Rillaboom\n|-damage|p1a: Rillaboom|38\/100\n|-damage|p2b: Hydreigon|91\/100|[from] item: Life Orb\n|move|p2a: Rillaboom|Wood Hammer|p1b: Primarina\n|-supereffective|p1b: Primarina\n|-damage|p1b: Primarina|0 fnt\n|faint|p1b: Primarina\n|-damage|p2a: Rillaboom|31\/100|[from] Recoil\n|move|p1a: Rillaboom|Wood Hammer|p2a: Rillaboom\n|-resisted|p2a: Rillaboom\n|-damage|p2a: Rillaboom|0 fnt\n|faint|p2a: Rillaboom\n|-damage|p1a: Rillaboom|28\/100|[from] Recoil\n|\n|-heal|p1a: Rillaboom|34\/100|[from] Grassy Terrain\n|upkeep\n|turn|9\n|-message|Xeoffee forfeited.\n|\n|win|something123\n|raw|Xeoffee's rating: 1744 &rarr; <strong>1724<\/strong><br \/>(-20 for losing)\n|raw|something123's rating: 1741 &rarr; <strong>1761<\/strong><br \/>(+20 for winning)\n|l|\u2606Xeoffee\n|player|p1|\n|l|\u2606something123\n|player|p2|\n","uploadtime":1727684318,"views":26,"formatid":"gen9vgc2024regh","rating":1724,"private":0,"password":null}