{"id":"gen9vgc2024regh-2212600260","format":"[Gen 9] VGC 2024 Reg H","players":["anton19","moon7777alt2"],"log":"|j|\u2606anton19\n|j|\u2606moon7777alt2\n|t:|1727672945\n|gametype|doubles\n|player|p1|anton19|1|1756\n|player|p2|moon7777alt2|1|1748\n|teamsize|p1|6\n|teamsize|p2|6\n|gen|9\n|tier|[Gen 9] VGC 2024 Reg H\n|rated|\n|rule|Species Clause: Limit one of each Pok\u00e9mon\n|rule|Item Clause: Limit 1 of each item\n|clearpoke\n|poke|p1|Gholdengo, L50|\n|poke|p1|Rillaboom, L50, F|\n|poke|p1|Sneasler, L50, F|\n|poke|p1|Dragapult, L50, M|\n|poke|p1|Primarina, L50, F|\n|poke|p1|Electabuzz, L50, M|\n|poke|p2|Dragonite, L50, F|\n|poke|p2|Krookodile, L50, M|\n|poke|p2|Basculegion, L50, M|\n|poke|p2|Garchomp, L50, F|\n|poke|p2|Sneasler, L50, M|\n|poke|p2|Comfey, L50, M|\n|teampreview|4\n|inactive|Battle timer is ON: inactive players will automatically lose when time's up. (requested by anton19)\n|j| mr pogostick\n|inactive|moon7777alt2 has 60 seconds left.\n|\n|t:|1727672985\n|start\n|switch|p1a: Electabuzz|Electabuzz, L50, M|100\/100\n|switch|p1b: Dragapult|Dragapult, L50, M|100\/100\n|switch|p2a: Sneasler|Sneasler, L50, M|100\/100\n|switch|p2b: Dragonite|Dragonite, L50, F|100\/100\n|turn|1\n|inactive|anton19 has 30 seconds left.\n|inactive|anton19 has 20 seconds left.\n|\n|t:|1727673022\n|-terastallize|p1b: Dragapult|Dragon\n|-terastallize|p2b: Dragonite|Flying\n|move|p1a: Electabuzz|Follow Me|p1a: Electabuzz\n|-singleturn|p1a: Electabuzz|move: Follow Me\n|move|p1b: Dragapult|Dragon Darts|p2a: Sneasler\n|-damage|p2a: Sneasler|21\/100\n|-anim|p1b: Dragapult|Dragon Darts|p2b: Dragonite\n|-damage|p2b: Dragonite|75\/100\n|move|p2a: Sneasler|Coaching|p2b: Dragonite\n|-boost|p2b: Dragonite|atk|1\n|-boost|p2b: Dragonite|def|1\n|move|p2b: Dragonite|Tera Blast|p1a: Electabuzz|[anim] Tera Blast Flying\n|-resisted|p1a: Electabuzz\n|-damage|p1a: Electabuzz|67\/100\n|\n|upkeep\n|turn|2\n|\n|t:|1727673041\n|switch|p2a: Comfey|Comfey, L50, M|100\/100\n|move|p2b: Dragonite|Protect|p2b: Dragonite\n|-singleturn|p2b: Dragonite|Protect\n|move|p1a: Electabuzz|Follow Me|p1a: Electabuzz\n|-singleturn|p1a: Electabuzz|move: Follow Me\n|move|p1b: Dragapult|Dragon Darts|p2a: Comfey\n|-immune|p2a: Comfey\n|\n|upkeep\n|turn|3\n|\n|t:|1727673056\n|move|p2a: Comfey|Floral Healing|p2b: Dragonite\n|-heal|p2b: Dragonite|100\/100\n|move|p2b: Dragonite|Extreme Speed|p1b: Dragapult\n|-damage|p1b: Dragapult|34\/100\n|move|p1b: Dragapult|Dragon Darts|p2b: Dragonite\n|-damage|p2b: Dragonite|85\/100\n|-anim|p1b: Dragapult|Dragon Darts|p2b: Dragonite\n|-damage|p2b: Dragonite|55\/100\n|move|p1a: Electabuzz|Taunt|p2a: Comfey\n|-start|p2a: Comfey|move: Taunt\n|\n|upkeep\n|turn|4\n|\n|t:|1727673072\n|move|p2a: Comfey|Draining Kiss|p1b: Dragapult\n|-supereffective|p1b: Dragapult\n|-damage|p1b: Dragapult|0 fnt\n|faint|p1b: Dragapult\n|move|p1a: Electabuzz|Follow Me|p1a: Electabuzz\n|-singleturn|p1a: Electabuzz|move: Follow Me\n|move|p2b: Dragonite|Extreme Speed|p1a: Electabuzz\n|-crit|p1a: Electabuzz\n|-damage|p1a: Electabuzz|12\/100\n|\n|upkeep\n|\n|t:|1727673083\n|switch|p1b: Primarina|Primarina, L50, F|100\/100\n|turn|5\n|\n|t:|1727673091\n|move|p1a: Electabuzz|Protect|p1a: Electabuzz\n|-singleturn|p1a: Electabuzz|Protect\n|move|p2a: Comfey|Draining Kiss|p1a: Electabuzz\n|-activate|p1a: Electabuzz|move: Protect\n|move|p2b: Dragonite|Tera Blast|p1b: Primarina|[anim] Tera Blast Flying\n|-damage|p1b: Primarina|0 fnt\n|faint|p1b: Primarina\n|\n|upkeep\n|-message|anton19 forfeited.\n|\n|win|moon7777alt2\n|raw|anton19's rating: 1756 &rarr; <strong>1736<\/strong><br \/>(-20 for losing)\n|raw|moon7777alt2's rating: 1748 &rarr; <strong>1768<\/strong><br \/>(+20 for winning)\n|l|\u2606anton19\n|player|p1|\n|l|\u2606moon7777alt2\n|player|p2|\n","uploadtime":1727673246,"views":33,"formatid":"gen9vgc2024regh","rating":1736,"private":0,"password":null}