{"id":"gen9vgc2024regh-2212290086","format":"[Gen 9] VGC 2024 Reg H","players":["Blueaquajet3","UltraPaolo1"],"log":"|j|\u2606Blueaquajet3\n|j|\u2606UltraPaolo1\n|t:|1727634072\n|gametype|doubles\n|player|p1|Blueaquajet3|265|1816\n|player|p2|UltraPaolo1|2|1662\n|teamsize|p1|6\n|teamsize|p2|6\n|gen|9\n|tier|[Gen 9] VGC 2024 Reg H\n|rated|\n|rule|Species Clause: Limit one of each Pok\u00e9mon\n|rule|Item Clause: Limit 1 of each item\n|clearpoke\n|poke|p1|Amoonguss, L50, F|\n|poke|p1|Gholdengo, L50|\n|poke|p1|Porygon2, L50|\n|poke|p1|Incineroar, L50, F|\n|poke|p1|Ursaluna, L50, F|\n|poke|p1|Tyranitar, L50, M|\n|poke|p2|Garchomp, L50, F|\n|poke|p2|Gholdengo, L50|\n|poke|p2|Indeedee-F, L50, F|\n|poke|p2|Lycanroc, L50, F|\n|poke|p2|Murkrow, L50, M|\n|poke|p2|Tyranitar, L50, M|\n|teampreview|4\n|inactive|Battle timer is ON: inactive players will automatically lose when time's up. (requested by UltraPaolo1)\n|j| Happppyyyyyy\n|inactive|Blueaquajet3 has 60 seconds left.\n|inactive|Blueaquajet3 has 30 seconds left.\n|inactive|Blueaquajet3 has 20 seconds left.\n|inactive|Blueaquajet3 has 15 seconds left.\n|inactive|Blueaquajet3 has 10 seconds left.\n|\n|t:|1727634155\n|start\n|switch|p1a: Incineroar|Incineroar, L50, F|100\/100\n|switch|p1b: Amoonguss|Amoonguss, L50, F|100\/100\n|switch|p2a: Garchomp|Garchomp, L50, F|100\/100\n|switch|p2b: Tyranitar|Tyranitar, L50, M|100\/100\n|-ability|p1a: Incineroar|Intimidate|boost\n|-fail|p2a: Garchomp|unboost|[from] item: Clear Amulet|[of] p2a: Garchomp\n|-unboost|p2b: Tyranitar|atk|1\n|-weather|Sandstorm|[from] ability: Sand Stream|[of] p2b: Tyranitar\n|turn|1\n|j| moon7777\n|inactive|UltraPaolo1 has 30 seconds left.\n|\n|t:|1727634185\n|-terastallize|p2b: Tyranitar|Grass\n|move|p2a: Garchomp|Protect|p2a: Garchomp\n|-singleturn|p2a: Garchomp|Protect\n|move|p1a: Incineroar|Knock Off|p2b: Tyranitar\n|-damage|p2b: Tyranitar|68\/100\n|-enditem|p2b: Tyranitar|Assault Vest|[from] move: Knock Off|[of] p1a: Incineroar\n|move|p2b: Tyranitar|Rock Slide|p1a: Incineroar|[spread] p1a,p1b\n|-supereffective|p1a: Incineroar\n|-damage|p1a: Incineroar|61\/100\n|-damage|p1b: Amoonguss|83\/100\n|move|p1b: Amoonguss|Spore|p2a: Garchomp\n|-activate|p2a: Garchomp|move: Protect\n|\n|-weather|Sandstorm|[upkeep]\n|-damage|p2b: Tyranitar|62\/100|[from] Sandstorm\n|-damage|p1b: Amoonguss|77\/100|[from] Sandstorm\n|upkeep\n|turn|2\n|inactive|Blueaquajet3 has 30 seconds left.\n|\n|t:|1727634218\n|switch|p2a: Gholdengo|Gholdengo, L50|100\/100\n|move|p1a: Incineroar|Knock Off|p2a: Gholdengo\n|-supereffective|p2a: Gholdengo\n|-damage|p2a: Gholdengo|26\/100\n|-enditem|p2a: Gholdengo|Life Orb|[from] move: Knock Off|[of] p1a: Incineroar\n|move|p2b: Tyranitar|Rock Slide|p1b: Amoonguss|[spread] p1a,p1b\n|-supereffective|p1a: Incineroar\n|-damage|p1a: Incineroar|24\/100\n|-damage|p1b: Amoonguss|59\/100\n|move|p1b: Amoonguss|Spore|p2a: Gholdengo\n|-immune|p2a: Gholdengo|[from] ability: Good as Gold\n|\n|-weather|Sandstorm|[upkeep]\n|-damage|p2b: Tyranitar|57\/100|[from] Sandstorm\n|-damage|p1b: Amoonguss|53\/100|[from] Sandstorm\n|upkeep\n|turn|3\n|inactive|Blueaquajet3 has 30 seconds left.\n|\n|t:|1727634243\n|switch|p1a: Gholdengo|Gholdengo, L50|100\/100\n|-terastallize|p1b: Amoonguss|Water\n|move|p2a: Gholdengo|Make It Rain|p1b: Amoonguss|[spread] p1a,p1b\n|-resisted|p1a: Gholdengo\n|-resisted|p1b: Amoonguss\n|-damage|p1a: Gholdengo|71\/100\n|-damage|p1b: Amoonguss|32\/100\n|-unboost|p2a: Gholdengo|spa|1\n|move|p2b: Tyranitar|Rock Slide|p1b: Amoonguss|[spread] p1a,p1b\n|-resisted|p1a: Gholdengo\n|-damage|p1a: Gholdengo|59\/100\n|-damage|p1b: Amoonguss|13\/100\n|cant|p1b: Amoonguss|flinch\n|\n|-weather|Sandstorm|[upkeep]\n|-damage|p2b: Tyranitar|51\/100|[from] Sandstorm\n|-damage|p1b: Amoonguss|7\/100|[from] Sandstorm\n|upkeep\n|turn|4\n|inactive|Blueaquajet3 has 30 seconds left.\n|inactive|Blueaquajet3 has 20 seconds left.\n|inactive|Blueaquajet3 has 15 seconds left.\n|\n|t:|1727634287\n|move|p1a: Gholdengo|Make It Rain|p2a: Gholdengo|[spread] p2a,p2b\n|-resisted|p2a: Gholdengo\n|-damage|p2a: Gholdengo|0 fnt\n|-damage|p2b: Tyranitar|0 fnt\n|-unboost|p1a: Gholdengo|spa|1\n|faint|p2a: Gholdengo\n|faint|p2b: Tyranitar\n|-damage|p1a: Gholdengo|49\/100|[from] item: Life Orb\n|move|p1b: Amoonguss|Spore|p2: Gholdengo|[notarget]\n|-fail|p1b: Amoonguss\n|\n|-weather|Sandstorm|[upkeep]\n|-damage|p1b: Amoonguss|1\/100|[from] Sandstorm\n|upkeep\n|\n|t:|1727634301\n|switch|p2a: Lycanroc|Lycanroc, L50, F|100\/100\n|switch|p2b: Garchomp|Garchomp, L50, F|100\/100\n|turn|5\n|inactive|Blueaquajet3 has 30 seconds left.\n|l| moon7777\n|\n|t:|1727634332\n|move|p2a: Lycanroc|Protect|p2a: Lycanroc\n|-singleturn|p2a: Lycanroc|Protect\n|move|p1b: Amoonguss|Rage Powder|p1b: Amoonguss\n|-singleturn|p1b: Amoonguss|move: Rage Powder\n|move|p1a: Gholdengo|Make It Rain|p2a: Lycanroc|[spread] \n|-activate|p2a: Lycanroc|move: Protect\n|-miss|p1a: Gholdengo|p2b: Garchomp\n|move|p2b: Garchomp|Earthquake|p1b: Amoonguss|[spread] p1a,p1b\n|-activate|p2a: Lycanroc|move: Protect\n|-supereffective|p1a: Gholdengo\n|-damage|p1a: Gholdengo|0 fnt\n|-damage|p1b: Amoonguss|0 fnt\n|faint|p1a: Gholdengo\n|faint|p1b: Amoonguss\n|\n|-weather|none\n|upkeep\n|j| moon7777\n|\n|t:|1727634338\n|switch|p1a: Tyranitar|Tyranitar, L50, M|100\/100\n|switch|p1b: Incineroar|Incineroar, L50, F|24\/100\n|-ability|p1b: Incineroar|Intimidate|boost\n|-unboost|p2a: Lycanroc|atk|1\n|-fail|p2b: Garchomp|unboost|[from] item: Clear Amulet|[of] p2b: Garchomp\n|-weather|Sandstorm|[from] ability: Sand Stream|[of] p1a: Tyranitar\n|turn|6\n|inactive|Blueaquajet3 has 30 seconds left.\n|inactive|UltraPaolo1 has 30 seconds left.\n|inactive|Blueaquajet3 has 20 seconds left.\n|inactive|Blueaquajet3 has 15 seconds left.\n|inactive|Blueaquajet3 has 10 seconds left.\n|inactive|Blueaquajet3 has 5 seconds left.\n|\n|t:|1727634388\n|move|p2a: Lycanroc|Protect|p2a: Lycanroc\n|-singleturn|p2a: Lycanroc|Protect\n|move|p2b: Garchomp|Protect|p2b: Garchomp\n|-singleturn|p2b: Garchomp|Protect\n|move|p1b: Incineroar|Fake Out|p2b: Garchomp\n|-activate|p2b: Garchomp|move: Protect\n|move|p1a: Tyranitar|Knock Off|p2a: Lycanroc\n|-activate|p2a: Lycanroc|move: Protect\n|\n|-weather|Sandstorm|[upkeep]\n|upkeep\n|turn|7\n|inactive|UltraPaolo1 has 30 seconds left.\n|\n|t:|1727634413\n|move|p2a: Lycanroc|Close Combat|p1a: Tyranitar\n|-supereffective|p1a: Tyranitar\n|-damage|p1a: Tyranitar|25\/100\n|-unboost|p2a: Lycanroc|def|1\n|-unboost|p2a: Lycanroc|spd|1\n|move|p2b: Garchomp|Earthquake|p1b: Incineroar|[spread] p2a,p1a,p1b\n|-supereffective|p2a: Lycanroc\n|-supereffective|p1a: Tyranitar\n|-supereffective|p1b: Incineroar\n|-crit|p1b: Incineroar\n|-enditem|p2a: Lycanroc|Focus Sash\n|-damage|p2a: Lycanroc|1\/100\n|-damage|p1a: Tyranitar|0 fnt\n|-damage|p1b: Incineroar|0 fnt\n|faint|p1a: Tyranitar\n|faint|p1b: Incineroar\n|\n|win|UltraPaolo1\n|raw|Blueaquajet3's rating: 1816 &rarr; <strong>1788<\/strong><br \/>(-28 for losing)\n|raw|UltraPaolo1's rating: 1662 &rarr; <strong>1690<\/strong><br \/>(+28 for winning)\n|l|\u2606Blueaquajet3\n|player|p1|\n|l| Happppyyyyyy\n|l|\u2606UltraPaolo1\n|player|p2|\n","uploadtime":1727634444,"views":15,"formatid":"gen9vgc2024regh","rating":1690,"private":0,"password":null}