{"id":"gen9vgc2024regh-2212619381","format":"[Gen 9] VGC 2024 Reg H","players":["TubbbbbyToucan","855wu1"],"log":"|j|\u2606TubbbbbyToucan\n|j|\u2606855wu1\n|t:|1727676465\n|gametype|doubles\n|player|p1|TubbbbbyToucan|170|1687\n|player|p2|855wu1|lass-gen4dp|1684\n|teamsize|p1|6\n|teamsize|p2|6\n|gen|9\n|tier|[Gen 9] VGC 2024 Reg H\n|rated|\n|rule|Species Clause: Limit one of each Pok\u00e9mon\n|rule|Item Clause: Limit 1 of each item\n|clearpoke\n|poke|p1|Indeedee, L50, M|\n|poke|p1|Metagross, L50|\n|poke|p1|Murkrow, L50, F|\n|poke|p1|Basculegion-F, L50, F|\n|poke|p1|Ursaluna, L50, M|\n|poke|p1|Flamigo, L50, M|\n|poke|p2|Dondozo, L50, M|\n|poke|p2|Weezing, L50, F|\n|poke|p2|Talonflame, L50, F|\n|poke|p2|Tatsugiri-Droopy, L50, F|\n|poke|p2|Slaking, L50, F|\n|poke|p2|Typhlosion-Hisui, L50, F|\n|teampreview|4\n|\n|t:|1727676494\n|start\n|switch|p1a: Indeedee|Indeedee, L50, M|100\/100\n|switch|p1b: Metagross|Metagross, L50|100\/100\n|switch|p2a: Weezing|Weezing, L50, F|100\/100\n|switch|p2b: Slaking|Slaking, L50, F|100\/100\n|-ability|p2a: Weezing|Neutralizing Gas\n|turn|1\n|inactive|Battle timer is ON: inactive players will automatically lose when time's up. (requested by 855wu1)\n|\n|t:|1727676513\n|move|p2a: Weezing|Protect|p2a: Weezing\n|-singleturn|p2a: Weezing|Protect\n|move|p2b: Slaking|Knock Off|p1a: Indeedee\n|-supereffective|p1a: Indeedee\n|-enditem|p1a: Indeedee|Focus Sash\n|-damage|p1a: Indeedee|1\/100\n|-damage|p2b: Slaking|91\/100|[from] item: Life Orb\n|move|p1a: Indeedee|Expanding Force|p2a: Weezing\n|-activate|p2a: Weezing|move: Protect\n|move|p1b: Metagross|Psychic Fangs|p2b: Slaking\n|-damage|p2b: Slaking|54\/100\n|\n|upkeep\n|turn|2\n|\n|t:|1727676533\n|move|p1a: Indeedee|Protect|p1a: Indeedee\n|-singleturn|p1a: Indeedee|Protect\n|move|p2b: Slaking|Knock Off|p1a: Indeedee\n|-activate|p1a: Indeedee|move: Protect\n|move|p1b: Metagross|Psychic Fangs|p2a: Weezing\n|-supereffective|p2a: Weezing\n|-damage|p2a: Weezing|17\/100\n|-enditem|p2a: Weezing|Sitrus Berry|[eat]\n|-heal|p2a: Weezing|42\/100|[from] item: Sitrus Berry\n|move|p2a: Weezing|Toxic Spikes|p1b: Metagross\n|-sidestart|p1: TubbbbbyToucan|move: Toxic Spikes\n|\n|upkeep\n|turn|3\n|inactive|TubbbbbyToucan has 30 seconds left.\n|j| edoreon55555vgc\n|inactive|TubbbbbyToucan has 20 seconds left.\n|inactive|TubbbbbyToucan has 15 seconds left.\n|inactive|TubbbbbyToucan has 10 seconds left.\n|inactive|TubbbbbyToucan has 5 seconds left.\n|\n|t:|1727676586\n|switch|p1a: Murkrow|Murkrow, L50, F|100\/100\n|move|p2a: Weezing|Protect|p2a: Weezing\n|-singleturn|p2a: Weezing|Protect\n|move|p2b: Slaking|Double-Edge|p1a: Murkrow\n|-damage|p1a: Murkrow|1\/100\n|-damage|p2b: Slaking|30\/100|[from] Recoil\n|-damage|p2b: Slaking|20\/100|[from] item: Life Orb\n|move|p1b: Metagross|Hammer Arm|p2b: Slaking\n|-supereffective|p2b: Slaking\n|-damage|p2b: Slaking|0 fnt\n|-unboost|p1b: Metagross|spe|1\n|faint|p2b: Slaking\n|\n|upkeep\n|\n|t:|1727676600\n|switch|p2b: Dondozo|Dondozo, L50, M|100\/100\n|turn|4\n|\n|t:|1727676613\n|switch|p1a: Indeedee|Indeedee, L50, M|1\/100\n|-status|p1a: Indeedee|psn\n|move|p2a: Weezing|Toxic Spikes|p1a: Indeedee\n|-sidestart|p1: TubbbbbyToucan|move: Toxic Spikes\n|move|p2b: Dondozo|Body Press|p1a: Indeedee\n|-damage|p1a: Indeedee|0 fnt\n|faint|p1a: Indeedee\n|move|p1b: Metagross|Psychic Fangs|p2a: Weezing\n|-supereffective|p2a: Weezing\n|-crit|p2a: Weezing\n|-damage|p2a: Weezing|0 fnt\n|faint|p2a: Weezing\n|-end|p2a: Weezing|ability: Neutralizing Gas\n|\n|upkeep\n|\n|t:|1727676626\n|switch|p1a: Murkrow|Murkrow, L50, F|1\/100\n|switch|p2a: Tatsugiri|Tatsugiri-Droopy, L50, F|100\/100\n|-activate|p2a: Tatsugiri|ability: Commander|[of] p2b: Dondozo\n|-boost|p2b: Dondozo|atk|2\n|-boost|p2b: Dondozo|spa|2\n|-boost|p2b: Dondozo|spe|2\n|-boost|p2b: Dondozo|def|2\n|-boost|p2b: Dondozo|spd|2\n|turn|5\n|\n|t:|1727676636\n|move|p1a: Murkrow|Haze|p1a: Murkrow\n|-clearallboost\n|move|p1b: Metagross|Knock Off|p2b: Dondozo\n|-damage|p2b: Dondozo|81\/100\n|-enditem|p2b: Dondozo|Safety Goggles|[from] move: Knock Off|[of] p1b: Metagross\n|move|p2b: Dondozo|Body Press|p1a: Murkrow\n|-damage|p1a: Murkrow|0 fnt\n|faint|p1a: Murkrow\n|\n|upkeep\n|\n|t:|1727676645\n|switch|p1a: Basculegion|Basculegion-F, L50, F|100\/100\n|-status|p1a: Basculegion|tox\n|turn|6\n|\n|t:|1727676659\n|-terastallize|p1b: Metagross|Grass\n|move|p2b: Dondozo|Protect|p2b: Dondozo\n|-singleturn|p2b: Dondozo|Protect\n|move|p1a: Basculegion|Shadow Ball|p2b: Dondozo\n|-activate|p2b: Dondozo|move: Protect\n|move|p1b: Metagross|Iron Head|p2b: Dondozo\n|-activate|p2b: Dondozo|move: Protect\n|\n|-damage|p1a: Basculegion|95\/100 tox|[from] psn\n|upkeep\n|turn|7\n|\n|t:|1727676674\n|-terastallize|p2b: Dondozo|Steel\n|move|p1a: Basculegion|Shadow Ball|p2b: Dondozo\n|-crit|p2b: Dondozo\n|-damage|p2b: Dondozo|0 fnt\n|faint|p2b: Dondozo\n|move|p1b: Metagross|Iron Head|p2a: Tatsugiri\n|-resisted|p2a: Tatsugiri\n|-damage|p2a: Tatsugiri|62\/100\n|\n|-damage|p1a: Basculegion|83\/100 tox|[from] psn\n|upkeep\n|turn|8\n|l| edoreon55555vgc\n|-message|855wu1 forfeited.\n|\n|win|TubbbbbyToucan\n|raw|TubbbbbyToucan's rating: 1687 &rarr; <strong>1707<\/strong><br \/>(+20 for winning)\n|raw|855wu1's rating: 1684 &rarr; <strong>1664<\/strong><br \/>(-20 for losing)\n|l|\u2606855wu1\n|player|p2|\n|l|\u2606TubbbbbyToucan\n|player|p1|\n","uploadtime":1727676841,"views":20,"formatid":"gen9vgc2024regh","rating":1664,"private":0,"password":null}