{"id":"gen9vgc2024regh-2212657523","format":"[Gen 9] VGC 2024 Reg H","players":["Xeoffee","fangame10"],"log":"|j|\u2606Xeoffee\n|j|\u2606fangame10\n|t:|1727683244\n|gametype|doubles\n|player|p1|Xeoffee|n|1742\n|player|p2|fangame10|red|1939\n|teamsize|p1|6\n|teamsize|p2|6\n|gen|9\n|tier|[Gen 9] VGC 2024 Reg H\n|rated|\n|rule|Species Clause: Limit one of each Pok\u00e9mon\n|rule|Item Clause: Limit 1 of each item\n|clearpoke\n|poke|p1|Volcarona, L50, M|\n|poke|p1|Primarina, L50, M|\n|poke|p1|Rillaboom, L50, M|\n|poke|p1|Ursaluna-Bloodmoon, L50, M|\n|poke|p1|Electabuzz, L50, M|\n|poke|p1|Farigiraf, L50, M|\n|poke|p2|Baxcalibur, L50, F|\n|poke|p2|Ninetales-Alola, L50, F|\n|poke|p2|Milotic, L50, M|\n|poke|p2|Skeledirge, L50, M|\n|poke|p2|Rillaboom, L50, M|\n|poke|p2|Sneasler, L50, M|\n|teampreview|4\n|inactive|Battle timer is ON: inactive players will automatically lose when time's up. (requested by fangame10)\n|j| bluestraggler01\n|inactive|Xeoffee has 60 seconds left.\n|\n|t:|1727683284\n|start\n|switch|p1a: Farigiraf|Farigiraf, L50, M|100\/100\n|switch|p1b: Rillaboom|Rillaboom, L50, M|100\/100\n|switch|p2a: Ninetales|Ninetales-Alola, L50, F, shiny|100\/100\n|switch|p2b: Skeledirge|Skeledirge, L50, M, shiny|100\/100\n|-weather|Snow|[from] ability: Snow Warning|[of] p2a: Ninetales\n|-fieldstart|move: Grassy Terrain|[from] ability: Grassy Surge|[of] p1b: Rillaboom\n|-enditem|p1a: Farigiraf|Grassy Seed\n|-boost|p1a: Farigiraf|def|1|[from] item: Grassy Seed\n|turn|1\n|\n|t:|1727683306\n|move|p2a: Ninetales|Aurora Veil|p2a: Ninetales\n|-sidestart|p2: fangame10|move: Aurora Veil\n|move|p2b: Skeledirge|Will-O-Wisp|p1b: Rillaboom\n|-status|p1b: Rillaboom|brn\n|move|p1b: Rillaboom|Stomping Tantrum|p2b: Skeledirge\n|-supereffective|p2b: Skeledirge\n|-damage|p2b: Skeledirge|84\/100\n|move|p1a: Farigiraf|Trick Room|p1a: Farigiraf\n|-fieldstart|move: Trick Room|[of] p1a: Farigiraf\n|\n|-weather|Snow|[upkeep]\n|-heal|p2b: Skeledirge|89\/100|[from] Grassy Terrain\n|-heal|p2b: Skeledirge|95\/100|[from] item: Leftovers\n|-damage|p1b: Rillaboom|95\/100 brn|[from] brn\n|upkeep\n|turn|2\n|\n|t:|1727683323\n|switch|p1b: Primarina|Primarina, L50, M|100\/100\n|move|p1a: Farigiraf|Psychic|p2b: Skeledirge\n|-damage|p2b: Skeledirge|67\/100\n|move|p2b: Skeledirge|Torch Song|p1b: Primarina\n|-resisted|p1b: Primarina\n|-damage|p1b: Primarina|82\/100\n|-boost|p2b: Skeledirge|spa|1\n|move|p2a: Ninetales|Blizzard|p1a: Farigiraf|[spread] p1a,p1b\n|-resisted|p1b: Primarina\n|-crit|p1b: Primarina\n|-damage|p1a: Farigiraf|73\/100\n|-damage|p1b: Primarina|63\/100\n|\n|-weather|Snow|[upkeep]\n|-heal|p1b: Primarina|69\/100|[from] Grassy Terrain\n|-heal|p1a: Farigiraf|79\/100|[from] Grassy Terrain\n|-heal|p2b: Skeledirge|73\/100|[from] Grassy Terrain\n|-heal|p2b: Skeledirge|79\/100|[from] item: Leftovers\n|upkeep\n|turn|3\n|inactive|Xeoffee has 30 seconds left.\n|inactive|Xeoffee has 20 seconds left.\n|inactive|Xeoffee has 15 seconds left.\n|inactive|Xeoffee has 10 seconds left.\n|\n|t:|1727683369\n|switch|p2a: Milotic|Milotic, L50, M, shiny|100\/100\n|move|p2b: Skeledirge|Protect|p2b: Skeledirge\n|-singleturn|p2b: Skeledirge|Protect\n|move|p1b: Primarina|Hyper Voice|p2a: Milotic|[spread] p2a\n|-activate|p2b: Skeledirge|move: Protect\n|-resisted|p2a: Milotic\n|-damage|p2a: Milotic|92\/100\n|-enditem|p1b: Primarina|Throat Spray\n|-boost|p1b: Primarina|spa|1|[from] item: Throat Spray\n|move|p1a: Farigiraf|Psychic|p2b: Skeledirge\n|-activate|p2b: Skeledirge|move: Protect\n|\n|-weather|Snow|[upkeep]\n|-heal|p1b: Primarina|75\/100|[from] Grassy Terrain\n|-heal|p1a: Farigiraf|85\/100|[from] Grassy Terrain\n|-heal|p2b: Skeledirge|85\/100|[from] Grassy Terrain\n|-heal|p2b: Skeledirge|91\/100|[from] item: Leftovers\n|-heal|p2a: Milotic|98\/100|[from] Grassy Terrain\n|upkeep\n|turn|4\n|inactive|Xeoffee has 30 seconds left.\n|\n|t:|1727683401\n|switch|p1a: Ursaluna|Ursaluna-Bloodmoon, L50, M|100\/100\n|-terastallize|p2b: Skeledirge|Dark\n|move|p1b: Primarina|Moonblast|p2a: Milotic\n|-damage|p2a: Milotic|69\/100\n|move|p2b: Skeledirge|Torch Song|p1a: Ursaluna\n|-damage|p1a: Ursaluna|40\/100\n|-boost|p2b: Skeledirge|spa|1\n|move|p2a: Milotic|Coil|p2a: Milotic\n|-boost|p2a: Milotic|atk|1\n|-boost|p2a: Milotic|def|1\n|-boost|p2a: Milotic|accuracy|1\n|\n|-weather|Snow|[upkeep]\n|-heal|p1b: Primarina|82\/100|[from] Grassy Terrain\n|-heal|p1a: Ursaluna|46\/100|[from] Grassy Terrain\n|-heal|p2b: Skeledirge|97\/100|[from] Grassy Terrain\n|-heal|p2b: Skeledirge|100\/100|[from] item: Leftovers\n|-heal|p2a: Milotic|75\/100|[from] Grassy Terrain\n|upkeep\n|turn|5\n|inactive|Xeoffee has 30 seconds left.\n|inactive|Xeoffee has 20 seconds left.\n|\n|t:|1727683440\n|-terastallize|p1a: Ursaluna|Normal\n|move|p2b: Skeledirge|Protect|p2b: Skeledirge\n|-singleturn|p2b: Skeledirge|Protect\n|move|p1b: Primarina|Moonblast|p2a: Milotic\n|-damage|p2a: Milotic|43\/100\n|-enditem|p2a: Milotic|Sitrus Berry|[eat]\n|-heal|p2a: Milotic|68\/100|[from] item: Sitrus Berry\n|move|p1a: Ursaluna|Blood Moon|p2a: Milotic\n|-damage|p2a: Milotic|9\/100\n|-damage|p1a: Ursaluna|36\/100|[from] item: Life Orb\n|move|p2a: Milotic|Coil|p2a: Milotic\n|-boost|p2a: Milotic|atk|1\n|-boost|p2a: Milotic|def|1\n|-boost|p2a: Milotic|accuracy|1\n|\n|-weather|none\n|-heal|p1b: Primarina|88\/100|[from] Grassy Terrain\n|-heal|p1a: Ursaluna|42\/100|[from] Grassy Terrain\n|-heal|p2a: Milotic|15\/100|[from] Grassy Terrain\n|-fieldend|move: Trick Room\n|-fieldend|move: Grassy Terrain\n|upkeep\n|turn|6\n|\n|t:|1727683456\n|move|p1a: Ursaluna|Protect|p1a: Ursaluna\n|-singleturn|p1a: Ursaluna|Protect\n|move|p2a: Milotic|Hypnosis|p1b: Primarina\n|-status|p1b: Primarina|slp|[from] move: Hypnosis\n|move|p2b: Skeledirge|Torch Song|p1a: Ursaluna\n|-activate|p1a: Ursaluna|move: Protect\n|cant|p1b: Primarina|slp\n|\n|upkeep\n|turn|7\n|\n|t:|1727683472\n|switch|p1b: Farigiraf|Farigiraf, L50, M|85\/100\n|move|p2a: Milotic|Life Dew||[still]|[spread] p2a,p2b\n|-heal|p2a: Milotic|40\/100\n|-fail|p2b: Skeledirge|heal\n|move|p2b: Skeledirge|Torch Song|p1a: Ursaluna\n|-damage|p1a: Ursaluna|0 fnt\n|-boost|p2b: Skeledirge|spa|1\n|faint|p1a: Ursaluna\n|\n|upkeep\n|l| bluestraggler01\n|j| bluestraggler01\n|\n|t:|1727683483\n|switch|p1a: Rillaboom|Rillaboom, L50, M|95\/100 brn\n|-fieldstart|move: Grassy Terrain|[from] ability: Grassy Surge|[of] p1a: Rillaboom\n|turn|8\n|\n|t:|1727683497\n|move|p1a: Rillaboom|Fake Out|p2a: Milotic\n|-damage|p2a: Milotic|37\/100\n|cant|p2a: Milotic|flinch\n|move|p2b: Skeledirge|Torch Song|p1b: Farigiraf\n|-damage|p1b: Farigiraf|2\/100\n|-boost|p2b: Skeledirge|spa|1\n|move|p1b: Farigiraf|Trick Room|p1b: Farigiraf\n|-fieldstart|move: Trick Room|[of] p1b: Farigiraf\n|\n|-heal|p1b: Farigiraf|8\/100|[from] Grassy Terrain\n|-heal|p1a: Rillaboom|100\/100 brn|[from] Grassy Terrain\n|-heal|p2a: Milotic|43\/100|[from] Grassy Terrain\n|-damage|p1a: Rillaboom|95\/100 brn|[from] brn\n|-sideend|p2: fangame10|move: Aurora Veil\n|upkeep\n|turn|9\n|\n|t:|1727683516\n|switch|p1b: Primarina|Primarina, L50, M|88\/100 slp\n|move|p2b: Skeledirge|Protect|p2b: Skeledirge\n|-singleturn|p2b: Skeledirge|Protect\n|move|p1a: Rillaboom|Wood Hammer|p2a: Milotic\n|-supereffective|p2a: Milotic\n|-damage|p2a: Milotic|0 fnt\n|faint|p2a: Milotic\n|-damage|p1a: Rillaboom|82\/100 brn|[from] Recoil\n|\n|-heal|p1b: Primarina|94\/100 slp|[from] Grassy Terrain\n|-heal|p1a: Rillaboom|87\/100 brn|[from] Grassy Terrain\n|-damage|p1a: Rillaboom|82\/100 brn|[from] brn\n|upkeep\n|\n|t:|1727683518\n|switch|p2a: Ninetales|Ninetales-Alola, L50, F, shiny|100\/100\n|-weather|Snow|[from] ability: Snow Warning|[of] p2a: Ninetales\n|turn|10\n|\n|t:|1727683539\n|cant|p1b: Primarina|slp\n|move|p1a: Rillaboom|Wood Hammer|p2b: Skeledirge\n|-damage|p2b: Skeledirge|65\/100\n|-damage|p1a: Rillaboom|70\/100 brn|[from] Recoil\n|move|p2b: Skeledirge|Shadow Ball|p1b: Primarina\n|-damage|p1b: Primarina|0 fnt\n|faint|p1b: Primarina\n|move|p2a: Ninetales|Aurora Veil|p2a: Ninetales\n|-sidestart|p2: fangame10|move: Aurora Veil\n|\n|-weather|Snow|[upkeep]\n|-heal|p1a: Rillaboom|76\/100 brn|[from] Grassy Terrain\n|-heal|p2b: Skeledirge|70\/100|[from] Grassy Terrain\n|-heal|p2b: Skeledirge|76\/100|[from] item: Leftovers\n|-damage|p1a: Rillaboom|70\/100 brn|[from] brn\n|upkeep\n|-message|Xeoffee forfeited.\n|\n|win|fangame10\n|raw|Xeoffee's rating: 1742 &rarr; <strong>1731<\/strong><br \/>(-11 for losing)\n|raw|fangame10's rating: 1909 &rarr; <strong>1920<\/strong><br \/>(+11 for winning)\n|l|\u2606Xeoffee\n|player|p1|\n|l|\u2606fangame10\n|player|p2|\n|l| bluestraggler01\n","uploadtime":1727683761,"views":47,"formatid":"gen9vgc2024regh","rating":1731,"private":0,"password":null}