{"id":"gen9vgc2024regh-2212616133","format":"[Gen 9] VGC 2024 Reg H","players":["855wu1","something123"],"log":"|j|\u2606855wu1\n|j|\u2606something123\n|t:|1727675842\n|gametype|doubles\n|player|p1|855wu1|lass-gen4dp|1647\n|player|p2|something123|266|1728\n|teamsize|p1|6\n|teamsize|p2|6\n|gen|9\n|tier|[Gen 9] VGC 2024 Reg H\n|rated|\n|rule|Species Clause: Limit one of each Pok\u00e9mon\n|rule|Item Clause: Limit 1 of each item\n|clearpoke\n|poke|p1|Dondozo, L50, F|\n|poke|p1|Weezing, L50, F|\n|poke|p1|Talonflame, L50, M|\n|poke|p1|Tatsugiri-Droopy, L50, M|\n|poke|p1|Slaking, L50, M|\n|poke|p1|Typhlosion-Hisui, L50, F|\n|poke|p2|Dragapult, L50, F|\n|poke|p2|Sneasler, L50, F|\n|poke|p2|Rillaboom, L50, M|\n|poke|p2|Milotic, L50, M|\n|poke|p2|Ursaluna-Bloodmoon, L50, M|\n|poke|p2|Incineroar, L50, F|\n|teampreview|4\n|inactive|Battle timer is ON: inactive players will automatically lose when time's up. (requested by 855wu1)\n|j| Nido_kingj\n|inactive|something123 has 60 seconds left.\n|\n|t:|1727675908\n|start\n|switch|p1a: Weezing|Weezing, L50, F|100\/100\n|switch|p1b: Slaking|Slaking, L50, M|100\/100\n|switch|p2a: Dragapult|Dragapult, L50, F|100\/100\n|switch|p2b: Sneasler|Sneasler, L50, F|100\/100\n|-ability|p1a: Weezing|Neutralizing Gas\n|turn|1\n|inactive|855wu1 has 30 seconds left.\n|\n|t:|1727675935\n|-terastallize|p1b: Slaking|Ghost\n|move|p2b: Sneasler|Protect|p2b: Sneasler\n|-singleturn|p2b: Sneasler|Protect\n|move|p2a: Dragapult|Will-O-Wisp|p1b: Slaking\n|-status|p1b: Slaking|brn\n|move|p1b: Slaking|High Horsepower|p2b: Sneasler\n|-activate|p2b: Sneasler|move: Protect\n|move|p1a: Weezing|Sludge Bomb|p2b: Sneasler\n|-activate|p2b: Sneasler|move: Protect\n|\n|-damage|p1b: Slaking|94\/100 brn|[from] brn\n|upkeep\n|turn|2\n|inactive|something123 has 30 seconds left.\n|inactive|something123 has 20 seconds left.\n|\n|t:|1727675973\n|switch|p2b: Milotic|Milotic, L50, M|100\/100\n|move|p2a: Dragapult|Shadow Ball|p1a: Weezing\n|-damage|p1a: Weezing|74\/100\n|move|p1b: Slaking|Knock Off|p2a: Dragapult\n|-supereffective|p2a: Dragapult\n|-damage|p2a: Dragapult|38\/100\n|-enditem|p2a: Dragapult|Sitrus Berry|[from] move: Knock Off|[of] p1b: Slaking\n|-damage|p1b: Slaking|85\/100 brn|[from] item: Life Orb\n|move|p1a: Weezing|Toxic Spikes|p2a: Dragapult\n|-sidestart|p2: something123|move: Toxic Spikes\n|\n|-damage|p1b: Slaking|78\/100 brn|[from] brn\n|upkeep\n|turn|3\n|inactive|something123 has 30 seconds left.\n|inactive|855wu1 has 30 seconds left.\n|inactive|something123 has 20 seconds left.\n|\n|t:|1727676011\n|move|p2a: Dragapult|Shadow Ball|p1b: Slaking\n|-supereffective|p1b: Slaking\n|-damage|p1b: Slaking|19\/100 brn\n|move|p1b: Slaking|Knock Off|p2a: Dragapult\n|-supereffective|p2a: Dragapult\n|-damage|p2a: Dragapult|0 fnt\n|faint|p2a: Dragapult\n|-damage|p1b: Slaking|9\/100 brn|[from] item: Life Orb\n|move|p2b: Milotic|Icy Wind|p1a: Weezing|[spread] p1a,p1b\n|-damage|p1a: Weezing|62\/100\n|-damage|p1b: Slaking|0 fnt\n|-unboost|p1a: Weezing|spe|1\n|faint|p1b: Slaking\n|move|p1a: Weezing|Poison Gas|p2b: Milotic\n|-status|p2b: Milotic|psn\n|\n|-damage|p2b: Milotic|88\/100 psn|[from] psn\n|upkeep\n|\n|t:|1727676025\n|switch|p2a: Sneasler|Sneasler, L50, F|100\/100\n|switch|p1b: Dondozo|Dondozo, L50, F|100\/100\n|-sideend|p2: something123|move: Toxic Spikes|[of] p2a: Sneasler\n|turn|4\n|inactive|something123 has 30 seconds left.\n|inactive|something123 has 20 seconds left.\n|inactive|something123 has 15 seconds left.\n|inactive|something123 has 10 seconds left.\n|inactive|something123 has 5 seconds left.\n|\n|t:|1727676076\n|move|p2b: Milotic|Protect|p2b: Milotic\n|-singleturn|p2b: Milotic|Protect\n|move|p2a: Sneasler|Swords Dance|p2a: Sneasler\n|-boost|p2a: Sneasler|atk|2\n|move|p1b: Dondozo|Earthquake|p2b: Milotic|[spread] p1a,p2a\n|-activate|p2b: Milotic|move: Protect\n|-supereffective|p1a: Weezing\n|-supereffective|p2a: Sneasler\n|-damage|p1a: Weezing|29\/100\n|-damage|p2a: Sneasler|48\/100\n|-enditem|p1a: Weezing|Sitrus Berry|[eat]\n|-heal|p1a: Weezing|54\/100|[from] item: Sitrus Berry\n|move|p1a: Weezing|Sludge Bomb|p2a: Sneasler\n|-resisted|p2a: Sneasler\n|-damage|p2a: Sneasler|32\/100\n|\n|-damage|p2b: Milotic|76\/100 psn|[from] psn\n|upkeep\n|turn|5\n|inactive|855wu1 has 30 seconds left.\n|\n|t:|1727676104\n|switch|p2a: Rillaboom|Rillaboom, L50, M|100\/100\n|move|p2b: Milotic|Haze|p2b: Milotic\n|-clearallboost\n|move|p1a: Weezing|Sludge Bomb|p2a: Rillaboom\n|-supereffective|p2a: Rillaboom\n|-damage|p2a: Rillaboom|63\/100\n|move|p1b: Dondozo|Substitute|p1b: Dondozo\n|-start|p1b: Dondozo|Substitute\n|-damage|p1b: Dondozo|75\/100\n|\n|-damage|p2b: Milotic|64\/100 psn|[from] psn\n|upkeep\n|turn|6\n|\n|t:|1727676123\n|move|p2a: Rillaboom|Fake Out|p1a: Weezing\n|-damage|p1a: Weezing|43\/100\n|move|p2b: Milotic|Scald|p1a: Weezing\n|-damage|p1a: Weezing|4\/100\n|cant|p1a: Weezing|flinch\n|move|p1b: Dondozo|Body Press|p2a: Rillaboom\n|-damage|p2a: Rillaboom|41\/100\n|\n|-damage|p2b: Milotic|52\/100 psn|[from] psn\n|upkeep\n|turn|7\n|\n|t:|1727676144\n|move|p1a: Weezing|Protect|p1a: Weezing\n|-singleturn|p1a: Weezing|Protect\n|move|p2a: Rillaboom|Wood Hammer|p1b: Dondozo\n|-supereffective|p1b: Dondozo\n|-end|p1b: Dondozo|Substitute\n|-damage|p2a: Rillaboom|31\/100|[from] Recoil|[of] p1b: Dondozo\n|move|p2b: Milotic|Icy Wind|p1a: Weezing|[spread] p1b\n|-activate|p1a: Weezing|move: Protect\n|-resisted|p1b: Dondozo\n|-damage|p1b: Dondozo|69\/100\n|-unboost|p1b: Dondozo|spe|1\n|move|p1b: Dondozo|Body Press|p2a: Rillaboom\n|-damage|p2a: Rillaboom|8\/100\n|\n|-damage|p2b: Milotic|39\/100 psn|[from] psn\n|upkeep\n|turn|8\n|l| Nido_kingj\n|inactive|something123 has 30 seconds left.\n|\n|t:|1727676172\n|-end|p1a: Weezing|ability: Neutralizing Gas\n|-fieldstart|move: Grassy Terrain|[from] ability: Grassy Surge|[of] p2a: Rillaboom\n|switch|p1a: Tatsugiri|Tatsugiri-Droopy, L50, M|100\/100\n|-activate|p1a: Tatsugiri|ability: Commander|[of] p1b: Dondozo\n|-boost|p1b: Dondozo|atk|2\n|-boost|p1b: Dondozo|spa|2\n|-boost|p1b: Dondozo|spe|2\n|-boost|p1b: Dondozo|def|2\n|-boost|p1b: Dondozo|spd|2\n|move|p2a: Rillaboom|Grassy Glide|p1a: Tatsugiri|[miss]\n|-miss|p2a: Rillaboom|p1a: Tatsugiri\n|move|p1b: Dondozo|Body Press|p2b: Milotic\n|-damage|p2b: Milotic|0 fnt\n|faint|p2b: Milotic\n|\n|-heal|p1b: Dondozo|75\/100|[from] Grassy Terrain\n|-heal|p2a: Rillaboom|14\/100|[from] Grassy Terrain\n|upkeep\n|\n|t:|1727676186\n|switch|p2b: Sneasler|Sneasler, L50, F|32\/100\n|-enditem|p2b: Sneasler|Grassy Seed\n|-boost|p2b: Sneasler|def|1|[from] item: Grassy Seed\n|turn|9\n|\n|t:|1727676194\n|move|p2b: Sneasler|Protect|p2b: Sneasler\n|-singleturn|p2b: Sneasler|Protect\n|move|p1b: Dondozo|Protect|p1b: Dondozo\n|-singleturn|p1b: Dondozo|Protect\n|move|p2a: Rillaboom|Wood Hammer|p1b: Dondozo\n|-activate|p1b: Dondozo|move: Protect\n|\n|-heal|p2b: Sneasler|38\/100|[from] Grassy Terrain\n|-heal|p1b: Dondozo|81\/100|[from] Grassy Terrain\n|-heal|p2a: Rillaboom|20\/100|[from] Grassy Terrain\n|upkeep\n|turn|10\n|\n|t:|1727676205\n|-terastallize|p2b: Sneasler|Flying\n|move|p2b: Sneasler|Acrobatics|p1b: Dondozo\n|-damage|p1b: Dondozo|66\/100\n|move|p1b: Dondozo|Body Press|p2a: Rillaboom\n|-damage|p2a: Rillaboom|0 fnt\n|faint|p2a: Rillaboom\n|\n|-heal|p1b: Dondozo|73\/100|[from] Grassy Terrain\n|upkeep\n|turn|11\n|-message|something123 forfeited.\n|\n|win|855wu1\n|raw|855wu1's rating: 1647 &rarr; <strong>1672<\/strong><br \/>(+25 for winning)\n|raw|something123's rating: 1728 &rarr; <strong>1703<\/strong><br \/>(-25 for losing)\n|l|\u2606something123\n|player|p2|\n|l|\u2606855wu1\n|player|p1|\n","uploadtime":1727676426,"views":14,"formatid":"gen9vgc2024regh","rating":1672,"private":0,"password":null}