{"id":"gen9vgc2024regh-2212137460","format":"[Gen 9] VGC 2024 Reg H","players":["Xeoffee","ChikoRanium"],"log":"|j|\u2606Xeoffee\n|j|\u2606ChikoRanium\n|t:|1727616551\n|gametype|doubles\n|player|p1|Xeoffee|n|1704\n|player|p2|ChikoRanium|volo-ginkgo|1650\n|teamsize|p1|6\n|teamsize|p2|6\n|gen|9\n|tier|[Gen 9] VGC 2024 Reg H\n|rated|\n|rule|Species Clause: Limit one of each Pok\u00e9mon\n|rule|Item Clause: Limit 1 of each item\n|clearpoke\n|poke|p1|Volcarona, L50, F|\n|poke|p1|Primarina, L50, M|\n|poke|p1|Rillaboom, L50, F|\n|poke|p1|Ursaluna-Bloodmoon, L50, M|\n|poke|p1|Electabuzz, L50, M|\n|poke|p1|Farigiraf, L50, F|\n|poke|p2|Dragapult, L50, M|\n|poke|p2|Grimmsnarl, L50, M|\n|poke|p2|Clefable, L50, M|\n|poke|p2|Tyranitar, L50, F|\n|poke|p2|Sneasler, L50, F|\n|poke|p2|Rillaboom, L50, F|\n|teampreview|4\n|inactive|Battle timer is ON: inactive players will automatically lose when time's up. (requested by ChikoRanium)\n|inactive|Xeoffee has 60 seconds left.\n|inactive|ChikoRanium has 60 seconds left.\n|inactive|Xeoffee has 30 seconds left.\n|\n|t:|1727616614\n|start\n|switch|p1a: Volcarona|Volcarona, L50, F|100\/100\n|switch|p1b: Electabuzz|Electabuzz, L50, M|100\/100\n|switch|p2a: Grimmsnarl|Grimmsnarl, L50, M|100\/100\n|switch|p2b: Sneasler|Sneasler, L50, F|100\/100\n|turn|1\n|j| neonkyojin\n|\n|t:|1727616630\n|switch|p2a: Dragapult|Dragapult, L50, M|100\/100\n|move|p1b: Electabuzz|Follow Me|p1b: Electabuzz\n|-singleturn|p1b: Electabuzz|move: Follow Me\n|move|p2b: Sneasler|Coaching|p2a: Dragapult\n|-boost|p2a: Dragapult|atk|1\n|-boost|p2a: Dragapult|def|1\n|move|p1a: Volcarona|Quiver Dance|p1a: Volcarona\n|-boost|p1a: Volcarona|spa|1\n|-boost|p1a: Volcarona|spd|1\n|-boost|p1a: Volcarona|spe|1\n|\n|upkeep\n|turn|2\n|inactive|Xeoffee has 30 seconds left.\n|\n|t:|1727616664\n|move|p1a: Volcarona|Protect|p1a: Volcarona\n|-singleturn|p1a: Volcarona|Protect\n|move|p2b: Sneasler|Dire Claw|p1a: Volcarona\n|-activate|p1a: Volcarona|move: Protect\n|move|p2a: Dragapult|Dragon Dance|p2a: Dragapult\n|-boost|p2a: Dragapult|atk|1\n|-boost|p2a: Dragapult|spe|1\n|move|p1b: Electabuzz|Electroweb|p2a: Dragapult|[spread] p2a,p2b\n|-resisted|p2a: Dragapult\n|-damage|p2a: Dragapult|93\/100\n|-damage|p2b: Sneasler|81\/100\n|\n|upkeep\n|turn|3\n|inactive|Xeoffee has 30 seconds left.\n|inactive|ChikoRanium has 30 seconds left.\n|inactive|Xeoffee has 20 seconds left.\n|inactive|Xeoffee has 15 seconds left.\n|\n|t:|1727616704\n|switch|p2b: Grimmsnarl|Grimmsnarl, L50, M|100\/100\n|move|p1b: Electabuzz|Helping Hand|p1a: Volcarona\n|-singleturn|p1a: Volcarona|Helping Hand|[of] p1b: Electabuzz\n|move|p2a: Dragapult|Dragon Darts|p1b: Electabuzz\n|-damage|p1b: Electabuzz|44\/100\n|-anim|p2a: Dragapult|Dragon Darts|p1a: Volcarona\n|-damage|p1a: Volcarona|28\/100\n|-damage|p2a: Dragapult|83\/100|[from] item: Life Orb\n|move|p1a: Volcarona|Bug Buzz|p2a: Dragapult\n|-resisted|p2a: Dragapult\n|-damage|p2a: Dragapult|18\/100\n|\n|-heal|p1a: Volcarona|34\/100|[from] item: Leftovers\n|upkeep\n|turn|4\n|\n|t:|1727616726\n|switch|p2b: Rillaboom|Rillaboom, L50, F|100\/100\n|-fieldstart|move: Grassy Terrain|[from] ability: Grassy Surge|[of] p2b: Rillaboom\n|move|p1a: Volcarona|Protect|p1a: Volcarona\n|-singleturn|p1a: Volcarona|Protect\n|move|p1b: Electabuzz|Follow Me|p1b: Electabuzz\n|-singleturn|p1b: Electabuzz|move: Follow Me\n|move|p2a: Dragapult|Dragon Darts|p1b: Electabuzz\n|-damage|p1b: Electabuzz|0 fnt\n|faint|p1b: Electabuzz\n|-damage|p2a: Dragapult|8\/100|[from] item: Life Orb\n|\n|-heal|p2a: Dragapult|15\/100|[from] Grassy Terrain\n|-heal|p1a: Volcarona|40\/100|[from] Grassy Terrain\n|-heal|p1a: Volcarona|46\/100|[from] item: Leftovers\n|upkeep\n|\n|t:|1727616738\n|switch|p1b: Rillaboom|Rillaboom, L50, F|100\/100\n|turn|5\n|inactive|ChikoRanium has 30 seconds left.\n|inactive|ChikoRanium has 20 seconds left.\n|\n|t:|1727616787\n|move|p2a: Dragapult|Protect|p2a: Dragapult\n|-singleturn|p2a: Dragapult|Protect\n|move|p1b: Rillaboom|Grassy Glide|p2a: Dragapult\n|-activate|p2a: Dragapult|move: Protect\n|move|p1a: Volcarona|Bug Buzz|p2a: Dragapult\n|-activate|p2a: Dragapult|move: Protect\n|move|p2b: Rillaboom|Wood Hammer|p1a: Volcarona\n|-resisted|p1a: Volcarona\n|-damage|p1a: Volcarona|17\/100\n|-damage|p2b: Rillaboom|90\/100|[from] Recoil\n|\n|-heal|p2a: Dragapult|21\/100|[from] Grassy Terrain\n|-heal|p1a: Volcarona|23\/100|[from] Grassy Terrain\n|-heal|p1a: Volcarona|29\/100|[from] item: Leftovers\n|-heal|p2b: Rillaboom|96\/100|[from] Grassy Terrain\n|upkeep\n|turn|6\n|\n|t:|1727616808\n|switch|p2b: Grimmsnarl|Grimmsnarl, L50, M|100\/100\n|move|p1a: Volcarona|Protect|p1a: Volcarona\n|-singleturn|p1a: Volcarona|Protect\n|move|p1b: Rillaboom|Grassy Glide|p2a: Dragapult\n|-resisted|p2a: Dragapult\n|-damage|p2a: Dragapult|2\/100\n|move|p2a: Dragapult|Dragon Darts|p1b: Rillaboom\n|-damage|p1b: Rillaboom|38\/100\n|-anim|p2a: Dragapult|Dragon Darts|p1b: Rillaboom\n|-damage|p1b: Rillaboom|0 fnt\n|faint|p1b: Rillaboom\n|-damage|p2a: Dragapult|0 fnt|[from] item: Life Orb\n|faint|p2a: Dragapult\n|\n|-heal|p1a: Volcarona|35\/100|[from] Grassy Terrain\n|-heal|p1a: Volcarona|42\/100|[from] item: Leftovers\n|upkeep\n|\n|t:|1727616822\n|switch|p2a: Sneasler|Sneasler, L50, F|81\/100\n|switch|p1b: Primarina|Primarina, L50, M|100\/100\n|turn|7\n|inactive|Xeoffee has 30 seconds left.\n|\n|t:|1727616852\n|move|p2b: Grimmsnarl|Thunder Wave|p1a: Volcarona\n|-status|p1a: Volcarona|par\n|move|p2a: Sneasler|Dire Claw|p1a: Volcarona\n|-damage|p1a: Volcarona|0 fnt\n|faint|p1a: Volcarona\n|move|p1b: Primarina|Hyper Voice|p2b: Grimmsnarl|[spread] p2a,p2b\n|-damage|p2a: Sneasler|33\/100\n|-damage|p2b: Grimmsnarl|67\/100\n|-enditem|p1b: Primarina|Throat Spray\n|-boost|p1b: Primarina|spa|1|[from] item: Throat Spray\n|\n|-heal|p2a: Sneasler|38\/100|[from] Grassy Terrain\n|-heal|p2b: Grimmsnarl|73\/100|[from] Grassy Terrain\n|upkeep\n|turn|8\n|\n|t:|1727616869\n|-terastallize|p1b: Primarina|Poison\n|move|p2b: Grimmsnarl|Thunder Wave|p1b: Primarina\n|-status|p1b: Primarina|par\n|move|p2a: Sneasler|Dire Claw|p1b: Primarina\n|-resisted|p1b: Primarina\n|-damage|p1b: Primarina|76\/100 par\n|move|p1b: Primarina|Hyper Voice|p2b: Grimmsnarl|[spread] p2a,p2b\n|-damage|p2a: Sneasler|0 fnt\n|-damage|p2b: Grimmsnarl|28\/100\n|faint|p2a: Sneasler\n|\n|-heal|p2b: Grimmsnarl|34\/100|[from] Grassy Terrain\n|-heal|p1b: Primarina|82\/100 par|[from] Grassy Terrain\n|-fieldend|move: Grassy Terrain\n|upkeep\n|\n|t:|1727616879\n|switch|p2a: Rillaboom|Rillaboom, L50, F|96\/100\n|-fieldstart|move: Grassy Terrain|[from] ability: Grassy Surge|[of] p2a: Rillaboom\n|turn|9\n|\n|t:|1727616887\n|cant|p1b: Primarina|par\n|move|p2a: Rillaboom|High Horsepower|p1b: Primarina\n|-supereffective|p1b: Primarina\n|-crit|p1b: Primarina\n|-damage|p1b: Primarina|0 fnt\n|faint|p1b: Primarina\n|\n|win|ChikoRanium\n|raw|Xeoffee's rating: 1704 &rarr; <strong>1681<\/strong><br \/>(-23 for losing)\n|raw|ChikoRanium's rating: 1650 &rarr; <strong>1673<\/strong><br \/>(+23 for winning)\n|l|\u2606ChikoRanium\n|player|p2|\n|l|\u2606Xeoffee\n|player|p1|\n|l| neonkyojin\n","uploadtime":1727617032,"views":14,"formatid":"gen9vgc2024regh","rating":1673,"private":0,"password":null}