{"id":"gen9vgc2024regh-2212796533","format":"[Gen 9] VGC 2024 Reg H","players":["chin8","Anna giacristo"],"log":"|j|\u2606chin8\n|j|\u2606Anna giacristo\n|t:|1727702677\n|gametype|doubles\n|player|p1|chin8|gentleman-gen4dp|1689\n|player|p2|Anna giacristo|170|1701\n|teamsize|p1|6\n|teamsize|p2|6\n|gen|9\n|tier|[Gen 9] VGC 2024 Reg H\n|rated|\n|rule|Species Clause: Limit one of each Pok\u00e9mon\n|rule|Item Clause: Limit 1 of each item\n|clearpoke\n|poke|p1|Baxcalibur, L50, F|\n|poke|p1|Kilowattrel, L50, M|\n|poke|p1|Heracross, L50, F|\n|poke|p1|Gardevoir, L50, M|\n|poke|p1|Magmortar, L50, M|\n|poke|p1|Gholdengo, L50|\n|poke|p2|Murkrow, L50, F|\n|poke|p2|Gholdengo, L50|\n|poke|p2|Hydreigon, L50, M|\n|poke|p2|Rillaboom, L50, M|\n|poke|p2|Amoonguss, L50, F|\n|poke|p2|Sneasler, L50, M|\n|teampreview|4\n|inactive|Battle timer is ON: inactive players will automatically lose when time's up. (requested by chin8)\n|\n|t:|1727702702\n|start\n|switch|p1a: Magmortar|Magmortar, L50, M|100\/100\n|switch|p1b: Gholdengo|Gholdengo, L50|100\/100\n|switch|p2a: Murkrow|Murkrow, L50, F|100\/100\n|switch|p2b: Hydreigon|Hydreigon, L50, M, shiny|100\/100\n|turn|1\n|\n|t:|1727702718\n|-terastallize|p2b: Hydreigon|Fire\n|move|p2a: Murkrow|Sunny Day|p2a: Murkrow\n|-weather|SunnyDay\n|move|p2b: Hydreigon|Heat Wave|p1b: Gholdengo|[spread] p1a,p1b\n|-resisted|p1a: Magmortar\n|-supereffective|p1b: Gholdengo\n|-damage|p1a: Magmortar|63\/100\n|-damage|p1b: Gholdengo|0 fnt\n|faint|p1b: Gholdengo\n|move|p1a: Magmortar|Heat Wave|p2a: Murkrow|[spread] p2a,p2b\n|-resisted|p2b: Hydreigon\n|-damage|p2a: Murkrow|39\/100\n|-damage|p2b: Hydreigon|76\/100\n|-status|p2a: Murkrow|brn\n|\n|-weather|SunnyDay|[upkeep]\n|-damage|p2a: Murkrow|33\/100 brn|[from] brn\n|upkeep\n|\n|t:|1727702723\n|switch|p1b: Kilowattrel|Kilowattrel, L50, M|100\/100\n|turn|2\n|\n|t:|1727702739\n|move|p2a: Murkrow|Tailwind|p2a: Murkrow\n|-sidestart|p2: Anna giacristo|move: Tailwind\n|move|p2b: Hydreigon|Heat Wave|p1a: Magmortar|[spread] p1a,p1b\n|-resisted|p1a: Magmortar\n|-damage|p1a: Magmortar|24\/100\n|-enditem|p1b: Kilowattrel|Focus Sash\n|-damage|p1b: Kilowattrel|1\/100\n|-enditem|p1a: Magmortar|Sitrus Berry|[eat]\n|-heal|p1a: Magmortar|48\/100|[from] item: Sitrus Berry\n|move|p1b: Kilowattrel|Thunderbolt|p2b: Hydreigon\n|-damage|p2b: Hydreigon|30\/100\n|-status|p2b: Hydreigon|par\n|move|p1a: Magmortar|Heat Wave|p2a: Murkrow|[spread] p2a\n|-miss|p1a: Magmortar|p2b: Hydreigon\n|-crit|p2a: Murkrow\n|-damage|p2a: Murkrow|0 fnt\n|faint|p2a: Murkrow\n|\n|-weather|SunnyDay|[upkeep]\n|upkeep\n|j| observerstephen\n|\n|t:|1727702760\n|switch|p2a: Sneasler|Sneasler, L50, M|100\/100\n|turn|3\n|l| observerstephen\n|\n|t:|1727702783\n|move|p1b: Kilowattrel|Protect|p1b: Kilowattrel\n|-singleturn|p1b: Kilowattrel|Protect\n|move|p1a: Magmortar|Protect|p1a: Magmortar\n|-singleturn|p1a: Magmortar|Protect\n|move|p2a: Sneasler|Dire Claw|p1b: Kilowattrel\n|-activate|p1b: Kilowattrel|move: Protect\n|cant|p2b: Hydreigon|par\n|\n|-weather|SunnyDay|[upkeep]\n|upkeep\n|turn|4\n|\n|t:|1727702805\n|move|p1a: Magmortar|Follow Me|p1a: Magmortar\n|-singleturn|p1a: Magmortar|move: Follow Me\n|move|p2a: Sneasler|Dire Claw|p1a: Magmortar\n|-damage|p1a: Magmortar|0 fnt\n|faint|p1a: Magmortar\n|move|p1b: Kilowattrel|Thunderbolt|p2b: Hydreigon\n|-damage|p2b: Hydreigon|0 fnt\n|faint|p2b: Hydreigon\n|\n|-weather|SunnyDay|[upkeep]\n|upkeep\n|\n|t:|1727702813\n|switch|p2b: Rillaboom|Rillaboom, L50, M, shiny|100\/100\n|switch|p1a: Baxcalibur|Baxcalibur, L50, F|100\/100\n|-fieldstart|move: Grassy Terrain|[from] ability: Grassy Surge|[of] p2b: Rillaboom\n|-enditem|p2a: Sneasler|Grassy Seed\n|-boost|p2a: Sneasler|def|1|[from] item: Grassy Seed\n|turn|5\n|-message|chin8 forfeited.\n|\n|win|Anna giacristo\n|raw|chin8's rating: 1689 &rarr; <strong>1670<\/strong><br \/>(-19 for losing)\n|raw|Anna giacristo's rating: 1701 &rarr; <strong>1720<\/strong><br \/>(+19 for winning)\n|l|\u2606chin8\n|player|p1|\n|l|\u2606Anna giacristo\n|player|p2|\n","uploadtime":1727702856,"views":25,"formatid":"gen9vgc2024regh","rating":1670,"private":0,"password":null}