{"id":"gen9vgc2024regh-2212658820","format":"[Gen 9] VGC 2024 Reg H","players":["something123","fangame10"],"log":"|j|\u2606something123\n|j|\u2606fangame10\n|t:|1727683463\n|gametype|doubles\n|player|p1|something123|266|1710\n|player|p2|fangame10|red|1909\n|teamsize|p1|6\n|teamsize|p2|6\n|gen|9\n|tier|[Gen 9] VGC 2024 Reg H\n|rated|\n|rule|Species Clause: Limit one of each Pok\u00e9mon\n|rule|Item Clause: Limit 1 of each item\n|clearpoke\n|poke|p1|Dragapult, L50, M|\n|poke|p1|Sneasler, L50, M|\n|poke|p1|Rillaboom, L50, F|\n|poke|p1|Milotic, L50, M|\n|poke|p1|Hydreigon, L50, M|\n|poke|p1|Incineroar, L50, M|\n|poke|p2|Baxcalibur, L50, F|\n|poke|p2|Ninetales-Alola, L50, F|\n|poke|p2|Milotic, L50, M|\n|poke|p2|Skeledirge, L50, M|\n|poke|p2|Rillaboom, L50, M|\n|poke|p2|Sneasler, L50, M|\n|teampreview|4\n|inactive|Battle timer is ON: inactive players will automatically lose when time's up. (requested by fangame10)\n|j| bluestraggler01\n|inactive|something123 has 60 seconds left.\n|\n|t:|1727683504\n|start\n|switch|p1a: Dragapult|Dragapult, L50, M|100\/100\n|switch|p1b: Sneasler|Sneasler, L50, M|100\/100\n|switch|p2a: Skeledirge|Skeledirge, L50, M, shiny|100\/100\n|switch|p2b: Ninetales|Ninetales-Alola, L50, F, shiny|100\/100\n|-weather|Snow|[from] ability: Snow Warning|[of] p2b: Ninetales\n|turn|1\n|inactive|fangame10 has 30 seconds left.\n|\n|t:|1727683538\n|move|p2b: Ninetales|Protect|p2b: Ninetales\n|-singleturn|p2b: Ninetales|Protect\n|move|p2a: Skeledirge|Protect|p2a: Skeledirge\n|-singleturn|p2a: Skeledirge|Protect\n|move|p1a: Dragapult|Light Screen|p1a: Dragapult\n|-sidestart|p1: something123|move: Light Screen\n|move|p1b: Sneasler|Swords Dance|p1b: Sneasler\n|-boost|p1b: Sneasler|atk|2\n|\n|-weather|Snow|[upkeep]\n|upkeep\n|turn|2\n|inactive|something123 has 30 seconds left.\n|inactive|fangame10 has 30 seconds left.\n|inactive|something123 has 20 seconds left.\n|\n|t:|1727683574\n|move|p1a: Dragapult|Draco Meteor|p2a: Skeledirge\n|-damage|p2a: Skeledirge|58\/100\n|-unboost|p1a: Dragapult|spa|2\n|move|p2b: Ninetales|Aurora Veil|p2b: Ninetales\n|-sidestart|p2: fangame10|move: Aurora Veil\n|move|p1b: Sneasler|Swords Dance|p1b: Sneasler\n|-boost|p1b: Sneasler|atk|2\n|move|p2a: Skeledirge|Will-O-Wisp|p1b: Sneasler\n|-status|p1b: Sneasler|brn\n|\n|-weather|Snow|[upkeep]\n|-heal|p2a: Skeledirge|64\/100|[from] item: Leftovers\n|-damage|p1b: Sneasler|95\/100 brn|[from] brn\n|upkeep\n|turn|3\n|\n|t:|1727683598\n|move|p1a: Dragapult|Draco Meteor|p2a: Skeledirge\n|-damage|p2a: Skeledirge|33\/100\n|-unboost|p1a: Dragapult|spa|2\n|move|p2b: Ninetales|Blizzard|p1a: Dragapult|[spread] p1a,p1b\n|-supereffective|p1a: Dragapult\n|-damage|p1a: Dragapult|61\/100\n|-damage|p1b: Sneasler|68\/100 brn\n|move|p1b: Sneasler|Swords Dance|p1b: Sneasler\n|-boost|p1b: Sneasler|atk|2\n|move|p2a: Skeledirge|Torch Song|p1b: Sneasler\n|-damage|p1b: Sneasler|33\/100 brn\n|-boost|p2a: Skeledirge|spa|1\n|\n|-weather|Snow|[upkeep]\n|-heal|p2a: Skeledirge|39\/100|[from] item: Leftovers\n|-damage|p1b: Sneasler|27\/100 brn|[from] brn\n|upkeep\n|turn|4\n|inactive|something123 has 30 seconds left.\n|inactive|fangame10 has 30 seconds left.\n|\n|t:|1727683627\n|move|p1b: Sneasler|Protect|p1b: Sneasler\n|-singleturn|p1b: Sneasler|Protect\n|move|p1a: Dragapult|Draco Meteor|p2a: Skeledirge\n|-crit|p2a: Skeledirge\n|-damage|p2a: Skeledirge|0 fnt\n|-unboost|p1a: Dragapult|spa|2\n|faint|p2a: Skeledirge\n|move|p2b: Ninetales|Blizzard|p1b: Sneasler|[spread] p1a\n|-activate|p1b: Sneasler|move: Protect\n|-supereffective|p1a: Dragapult\n|-damage|p1a: Dragapult|18\/100\n|-start|p2b: Ninetales|Disable|Blizzard|[from] ability: Cursed Body|[of] p1a: Dragapult\n|-enditem|p1a: Dragapult|Sitrus Berry|[eat]\n|-heal|p1a: Dragapult|42\/100|[from] item: Sitrus Berry\n|\n|-weather|Snow|[upkeep]\n|-damage|p1b: Sneasler|21\/100 brn|[from] brn\n|upkeep\n|\n|t:|1727683638\n|switch|p2a: Baxcalibur|Baxcalibur, L50, F, shiny|100\/100\n|turn|5\n|inactive|something123 has 30 seconds left.\n|inactive|something123 has 20 seconds left.\n|inactive|something123 has 15 seconds left.\n|inactive|something123 has 10 seconds left.\n|\n|t:|1727683688\n|switch|p1a: Rillaboom|Rillaboom, L50, F|100\/100\n|-fieldstart|move: Grassy Terrain|[from] ability: Grassy Surge|[of] p1a: Rillaboom\n|-enditem|p1b: Sneasler|Grassy Seed\n|-boost|p1b: Sneasler|def|1|[from] item: Grassy Seed\n|-terastallize|p2b: Ninetales|Ghost\n|-terastallize|p1b: Sneasler|Flying\n|move|p2a: Baxcalibur|Protect|p2a: Baxcalibur\n|-singleturn|p2a: Baxcalibur|Protect\n|move|p1b: Sneasler|Acrobatics|p2b: Ninetales\n|-damage|p2b: Ninetales|0 fnt\n|faint|p2b: Ninetales\n|\n|-weather|none\n|-damage|p1b: Sneasler|15\/100 brn|[from] brn\n|-sideend|p1: something123|move: Light Screen\n|upkeep\n|\n|t:|1727683697\n|switch|p2b: Milotic|Milotic, L50, M, shiny|100\/100\n|turn|6\n|\n|t:|1727683710\n|move|p1a: Rillaboom|Fake Out|p2b: Milotic\n|-damage|p2b: Milotic|90\/100\n|move|p1b: Sneasler|Close Combat|p2a: Baxcalibur\n|-supereffective|p2a: Baxcalibur\n|-damage|p2a: Baxcalibur|0 fnt\n|-unboost|p1b: Sneasler|def|1\n|-unboost|p1b: Sneasler|spd|1\n|faint|p2a: Baxcalibur\n|cant|p2b: Milotic|flinch\n|\n|-heal|p2b: Milotic|96\/100|[from] Grassy Terrain\n|-damage|p1b: Sneasler|9\/100 brn|[from] brn\n|upkeep\n|turn|7\n|-message|fangame10 forfeited.\n|\n|win|something123\n|raw|something123's rating: 1710 &rarr; <strong>1741<\/strong><br \/>(+31 for winning)\n|raw|fangame10's rating: 1920 &rarr; <strong>1889<\/strong><br \/>(-31 for losing)\n|l|\u2606fangame10\n|player|p2|\n|l|\u2606something123\n|player|p1|\n|l| bluestraggler01\n","uploadtime":1727683900,"views":46,"formatid":"gen9vgc2024regh","rating":1741,"private":0,"password":null}