{"id":"gen9vgc2024regh-2212617467","format":"[Gen 9] VGC 2024 Reg H","players":["laegm","DRIPcaster"],"log":"|j|\u2606laegm\n|j|\u2606DRIPcaster\n|t:|1727676090\n|gametype|doubles\n|player|p1|laegm|lyra|1657\n|player|p2|DRIPcaster|flannery|1742\n|teamsize|p1|6\n|teamsize|p2|6\n|gen|9\n|tier|[Gen 9] VGC 2024 Reg H\n|rated|\n|rule|Species Clause: Limit one of each Pok\u00e9mon\n|rule|Item Clause: Limit 1 of each item\n|clearpoke\n|poke|p1|Garganacl, L50, M|\n|poke|p1|Gholdengo, L50|\n|poke|p1|Meowscarada, L50, F|\n|poke|p1|Dragonite, L50, F|\n|poke|p1|Kommo-o, L50, F|\n|poke|p1|Clefable, L50, M|\n|poke|p2|Amoonguss, L50, F|\n|poke|p2|Chandelure, L50, M|\n|poke|p2|Primarina, L50, M|\n|poke|p2|Ursaluna, L50, M|\n|poke|p2|Kingambit, L50, M|\n|poke|p2|Dragonite, L50, F|\n|teampreview|4\n|inactive|Battle timer is ON: inactive players will automatically lose when time's up. (requested by DRIPcaster)\n|inactive|laegm has 60 seconds left.\n|\n|t:|1727676133\n|start\n|switch|p1a: Dragonite|Dragonite, L50, F|100\/100\n|switch|p1b: Gholdengo|Gholdengo, L50|100\/100\n|switch|p2a: Amoonguss|Amoonguss, L50, F|100\/100\n|switch|p2b: Chandelure|Chandelure, L50, M, shiny|100\/100\n|turn|1\n|\n|t:|1727676148\n|move|p2a: Amoonguss|Rage Powder|p2a: Amoonguss\n|-singleturn|p2a: Amoonguss|move: Rage Powder\n|move|p1b: Gholdengo|Make It Rain|p2a: Amoonguss|[spread] p2a,p2b\n|-resisted|p2b: Chandelure\n|-damage|p2a: Amoonguss|53\/100\n|-damage|p2b: Chandelure|65\/100\n|-unboost|p1b: Gholdengo|spa|1\n|move|p1a: Dragonite|Scale Shot|p2a: Amoonguss\n|-damage|p2a: Amoonguss|39\/100\n|-damage|p2a: Amoonguss|24\/100\n|-damage|p2a: Amoonguss|10\/100\n|-damage|p2a: Amoonguss|0 fnt\n|faint|p2a: Amoonguss\n|-hitcount|p2: Amoonguss|4\n|-unboost|p1a: Dragonite|def|1\n|-boost|p1a: Dragonite|spe|1\n|move|p2b: Chandelure|Trick Room|p2b: Chandelure\n|-fieldstart|move: Trick Room|[of] p2b: Chandelure\n|\n|upkeep\n|inactive|DRIPcaster has 30 seconds left.\n|\n|t:|1727676175\n|switch|p2a: Kingambit|Kingambit, L50, M, shiny|100\/100\n|turn|2\n|\n|t:|1727676191\n|move|p2a: Kingambit|Kowtow Cleave|p1a: Dragonite\n|-damage|p1a: Dragonite|60\/100\n|move|p2b: Chandelure|Shadow Ball|p1a: Dragonite\n|-damage|p1a: Dragonite|3\/100\n|move|p1b: Gholdengo|Make It Rain|p2b: Chandelure|[spread] p2a,p2b\n|-resisted|p2a: Kingambit\n|-resisted|p2b: Chandelure\n|-damage|p2a: Kingambit|87\/100\n|-damage|p2b: Chandelure|42\/100\n|-unboost|p1b: Gholdengo|spa|1\n|move|p1a: Dragonite|Scale Shot|p2a: Kingambit\n|-resisted|p2a: Kingambit\n|-damage|p2a: Kingambit|81\/100\n|-resisted|p2a: Kingambit\n|-damage|p2a: Kingambit|75\/100\n|-resisted|p2a: Kingambit\n|-damage|p2a: Kingambit|69\/100\n|-resisted|p2a: Kingambit\n|-damage|p2a: Kingambit|64\/100\n|-resisted|p2a: Kingambit\n|-damage|p2a: Kingambit|58\/100\n|-hitcount|p2a: Kingambit|5\n|-unboost|p1a: Dragonite|def|1\n|-boost|p1a: Dragonite|spe|1\n|\n|upkeep\n|turn|3\n|\n|t:|1727676215\n|move|p1a: Dragonite|Protect|p1a: Dragonite\n|-singleturn|p1a: Dragonite|Protect\n|move|p2a: Kingambit|Kowtow Cleave|p1b: Gholdengo\n|-supereffective|p1b: Gholdengo\n|-damage|p1b: Gholdengo|0 fnt\n|faint|p1b: Gholdengo\n|move|p2b: Chandelure|Heat Wave|p1a: Dragonite\n|-activate|p1a: Dragonite|move: Protect\n|\n|upkeep\n|\n|t:|1727676220\n|switch|p1b: Garganacl|Garganacl, L50, M|100\/100\n|turn|4\n|\n|t:|1727676230\n|-terastallize|p1b: Garganacl|Poison\n|move|p1a: Dragonite|Extreme Speed|p2a: Kingambit\n|-resisted|p2a: Kingambit\n|-damage|p2a: Kingambit|47\/100\n|move|p1b: Garganacl|Salt Cure|p2a: Kingambit\n|-resisted|p2a: Kingambit\n|-damage|p2a: Kingambit|41\/100\n|-start|p2a: Kingambit|Salt Cure\n|move|p2a: Kingambit|Low Kick|p1b: Garganacl\n|-resisted|p1b: Garganacl\n|-damage|p1b: Garganacl|85\/100\n|move|p2b: Chandelure|Heat Wave|p1a: Dragonite|[spread] p1a,p1b\n|-resisted|p1a: Dragonite\n|-damage|p1a: Dragonite|0 fnt\n|-damage|p1b: Garganacl|53\/100\n|faint|p1a: Dragonite\n|\n|-heal|p1b: Garganacl|58\/100|[from] item: Leftovers\n|-damage|p2a: Kingambit|16\/100|[from] Salt Cure\n|upkeep\n|\n|t:|1727676244\n|switch|p1a: Meowscarada|Meowscarada, L50, F|100\/100\n|turn|5\n|\n|t:|1727676261\n|move|p1a: Meowscarada|Protect|p1a: Meowscarada\n|-singleturn|p1a: Meowscarada|Protect\n|move|p2a: Kingambit|Sucker Punch||[still]\n|-fail|p2a: Kingambit\n|move|p1b: Garganacl|Salt Cure|p2b: Chandelure\n|-supereffective|p2b: Chandelure\n|-damage|p2b: Chandelure|10\/100\n|-start|p2b: Chandelure|Salt Cure\n|move|p2b: Chandelure|Heat Wave|p1b: Garganacl|[spread] p1b\n|-activate|p1a: Meowscarada|move: Protect\n|-damage|p1b: Garganacl|29\/100\n|\n|-heal|p1b: Garganacl|35\/100|[from] item: Leftovers\n|-damage|p2a: Kingambit|0 fnt|[from] Salt Cure\n|faint|p2a: Kingambit\n|-damage|p2b: Chandelure|0 fnt|[from] Salt Cure\n|faint|p2b: Chandelure\n|-fieldend|move: Trick Room\n|upkeep\n|\n|t:|1727676266\n|switch|p2b: Primarina|Primarina, L50, M|100\/100\n|turn|6\n|l|\u2606laegm\n|inactive|laegm disconnected and has a minute to reconnect!\n|player|p1|\n|inactive|laegm has 30 seconds left.\n|j| Dexeious\n|inactive|laegm has 20 seconds left.\n|inactive|laegm has 15 seconds left.\n|j|\u2606laegm\n|inactive|laegm reconnected and has 15 seconds left.\n|player|p1|laegm|lyra|\n|\n|t:|1727676309\n|-terastallize|p2b: Primarina|Grass\n|move|p1a: Meowscarada|Flower Trick|p2b: Primarina\n|-resisted|p2b: Primarina\n|-crit|p2b: Primarina\n|-damage|p2b: Primarina|74\/100\n|move|p2b: Primarina|Moonblast|p1a: Meowscarada\n|-supereffective|p1a: Meowscarada\n|-enditem|p1a: Meowscarada|Focus Sash\n|-damage|p1a: Meowscarada|1\/100\n|-unboost|p1a: Meowscarada|spa|1\n|move|p1b: Garganacl|Recover|p1b: Garganacl\n|-heal|p1b: Garganacl|86\/100\n|\n|-heal|p1b: Garganacl|91\/100|[from] item: Leftovers\n|upkeep\n|turn|7\n|\n|t:|1727676317\n|move|p1a: Meowscarada|Knock Off|p2b: Primarina\n|-damage|p2b: Primarina|25\/100\n|-enditem|p2b: Primarina|Sitrus Berry|[from] move: Knock Off|[of] p1a: Meowscarada\n|move|p2b: Primarina|Hyper Voice|p1a: Meowscarada|[spread] p1a,p1b\n|-resisted|p1a: Meowscarada\n|-damage|p1a: Meowscarada|0 fnt\n|-damage|p1b: Garganacl|65\/100\n|faint|p1a: Meowscarada\n|move|p1b: Garganacl|Salt Cure|p2b: Primarina\n|-damage|p2b: Primarina|9\/100\n|-start|p2b: Primarina|Salt Cure\n|\n|-heal|p1b: Garganacl|71\/100|[from] item: Leftovers\n|-damage|p2b: Primarina|0 fnt|[from] Salt Cure\n|faint|p2b: Primarina\n|\n|win|laegm\n|upkeep\n|raw|laegm's rating: 1657 &rarr; <strong>1682<\/strong><br \/>(+25 for winning)\n|raw|DRIPcaster's rating: 1742 &rarr; <strong>1717<\/strong><br \/>(-25 for losing)\n|l|\u2606DRIPcaster\n|player|p2|\n|l|\u2606laegm\n|player|p1|\n|l| Dexeious\n","uploadtime":1727676565,"views":18,"formatid":"gen9vgc2024regh","rating":1682,"private":0,"password":null}