{"id":"gen9vgc2024regh-2212991186","format":"[Gen 9] VGC 2024 Reg H","players":["Tapu Lisa","YAYSH"],"log":"|j|\u2606Tapu Lisa\n|j|\u2606YAYSH\n|t:|1727720037\n|gametype|doubles\n|player|p1|Tapu Lisa|169|1652\n|player|p2|YAYSH|170|1709\n|teamsize|p1|6\n|teamsize|p2|6\n|gen|9\n|tier|[Gen 9] VGC 2024 Reg H\n|rated|\n|rule|Species Clause: Limit one of each Pok\u00e9mon\n|rule|Item Clause: Limit 1 of each item\n|clearpoke\n|poke|p1|Dragapult, L50, M|\n|poke|p1|Clefable, L50, M|\n|poke|p1|Gholdengo, L50|\n|poke|p1|Porygon2, L50|\n|poke|p1|Rillaboom, L50, M|\n|poke|p1|Conkeldurr, L50, F|\n|poke|p2|Dragapult, L50, M|\n|poke|p2|Sneasler, L50, F|\n|poke|p2|Kingambit, L50, F|\n|poke|p2|Volcarona, L50, M|\n|poke|p2|Rillaboom, L50, F|\n|poke|p2|Primarina, L50, F|\n|teampreview|4\nTapu Lisa has agreed to open team sheets.\n|inactive|Battle timer is ON: inactive players will automatically lose when time's up. (requested by Tapu Lisa)\n|\n|t:|1727720059\n|start\n|switch|p1a: Dragapult|Dragapult, L50, M|100\/100\n|switch|p1b: Clefable|Clefable, L50, M|100\/100\n|switch|p2a: Sneasler|Sneasler, L50, F, shiny|100\/100\n|switch|p2b: Dragapult|Dragapult, L50, M|100\/100\n|turn|1\n|\n|t:|1727720070\n|-terastallize|p2b: Dragapult|Dragon\n|-terastallize|p1a: Dragapult|Fairy\n|move|p1b: Clefable|Protect|p1b: Clefable\n|-singleturn|p1b: Clefable|Protect\n|move|p2a: Sneasler|Fake Out|p1b: Clefable\n|-activate|p1b: Clefable|move: Protect\n|move|p2b: Dragapult|Dragon Darts|p1a: Dragapult\n|-immune|p1a: Dragapult\n|move|p1a: Dragapult|Dragon Dance|p1a: Dragapult\n|-boost|p1a: Dragapult|atk|1\n|-boost|p1a: Dragapult|spe|1\n|\n|upkeep\n|turn|2\n|\n|t:|1727720088\n|switch|p2b: Kingambit|Kingambit, L50, F|100\/100\n|move|p1b: Clefable|Follow Me|p1b: Clefable\n|-singleturn|p1b: Clefable|move: Follow Me\n|move|p1a: Dragapult|Dragon Darts|p2b: Kingambit\n|-resisted|p2b: Kingambit\n|-damage|p2b: Kingambit|87\/100\n|-anim|p1a: Dragapult|Dragon Darts|p2a: Sneasler\n|-damage|p2a: Sneasler|38\/100\n|move|p2a: Sneasler|Dire Claw|p1b: Clefable\n|-supereffective|p1b: Clefable\n|-crit|p1b: Clefable\n|-damage|p1b: Clefable|0 fnt\n|faint|p1b: Clefable\n|\n|upkeep\n|\n|t:|1727720101\n|switch|p1b: Conkeldurr|Conkeldurr, L50, F|100\/100\n|turn|3\n|\n|t:|1727720124\n|switch|p1b: Porygon2|Porygon2, L50, shiny|100\/100\n|-ability|p1b: Porygon2|Download|boost\n|-boost|p1b: Porygon2|spa|1\n|move|p2b: Kingambit|Sucker Punch|p1a: Dragapult\n|-resisted|p1a: Dragapult\n|-damage|p1a: Dragapult|77\/100\n|move|p1a: Dragapult|Dragon Darts|p2a: Sneasler\n|-damage|p2a: Sneasler|0 fnt\n|-anim|p1a: Dragapult|Dragon Darts|p2b: Kingambit\n|-resisted|p2b: Kingambit\n|-damage|p2b: Kingambit|75\/100\n|faint|p2a: Sneasler\n|\n|upkeep\n|\n|t:|1727720129\n|switch|p2a: Volcarona|Volcarona, L50, M|100\/100\n|turn|4\n|inactive|Tapu Lisa has 30 seconds left.\n|\n|t:|1727720155\n|move|p1a: Dragapult|Phantom Force||[still]\n|-prepare|p1a: Dragapult|Phantom Force\n|move|p2a: Volcarona|Heat Wave|p1a: Dragapult|[spread] p1b\n|-miss|p2a: Volcarona|p1a: Dragapult\n|-damage|p1b: Porygon2|76\/100\n|move|p2b: Kingambit|Swords Dance|p2b: Kingambit\n|-boost|p2b: Kingambit|atk|2\n|move|p1b: Porygon2|Trick Room|p1b: Porygon2\n|-fieldstart|move: Trick Room|[of] p1b: Porygon2\n|\n|upkeep\n|turn|5\n|\n|t:|1727720174\n|move|p2b: Kingambit|Kowtow Cleave|p1b: Porygon2\n|-damage|p1b: Porygon2|19\/100\n|move|p1b: Porygon2|Tera Blast|p2a: Volcarona\n|-crit|p2a: Volcarona\n|-damage|p2a: Volcarona|34\/100\n|move|p2a: Volcarona|Quiver Dance|p2a: Volcarona\n|-boost|p2a: Volcarona|spa|1\n|-boost|p2a: Volcarona|spd|1\n|-boost|p2a: Volcarona|spe|1\n|move|p1a: Dragapult|Phantom Force|p2a: Volcarona|[from]lockedmove\n|-damage|p2a: Volcarona|0 fnt\n|faint|p2a: Volcarona\n|\n|upkeep\n|\n|t:|1727720179\n|switch|p2a: Dragapult|Dragapult, L50, M, tera:Dragon|100\/100\n|turn|6\n|inactive|Tapu Lisa has 30 seconds left.\n|\n|t:|1727720210\n|move|p2b: Kingambit|Swords Dance|p2b: Kingambit\n|-boost|p2b: Kingambit|atk|2\n|move|p1b: Porygon2|Ice Beam|p2a: Dragapult\n|-supereffective|p2a: Dragapult\n|-damage|p2a: Dragapult|12\/100\n|move|p2a: Dragapult|Dragon Darts|p1b: Porygon2\n|-damage|p1b: Porygon2|0 fnt\n|faint|p1b: Porygon2\n|move|p1a: Dragapult|Dragon Darts|p2a: Dragapult\n|-supereffective|p2a: Dragapult\n|-damage|p2a: Dragapult|0 fnt\n|-anim|p1a: Dragapult|Dragon Darts|p2b: Kingambit\n|-resisted|p2b: Kingambit\n|-damage|p2b: Kingambit|62\/100\n|faint|p2a: Dragapult\n|\n|upkeep\n|\n|t:|1727720218\n|switch|p1b: Conkeldurr|Conkeldurr, L50, F|100\/100\n|turn|7\n|inactive|YAYSH has 30 seconds left.\n|inactive|YAYSH has 20 seconds left.\n|inactive|YAYSH has 15 seconds left.\n|inactive|YAYSH has 10 seconds left.\n|inactive|YAYSH has 5 seconds left.\n|\n|t:|1727720273\n|move|p1b: Conkeldurr|Close Combat|p2b: Kingambit\n|-supereffective|p2b: Kingambit\n|-damage|p2b: Kingambit|0 fnt\n|-unboost|p1b: Conkeldurr|def|1\n|-unboost|p1b: Conkeldurr|spd|1\n|faint|p2b: Kingambit\n|\n|win|Tapu Lisa\n|raw|Tapu Lisa's rating: 1652 &rarr; <strong>1675<\/strong><br \/>(+23 for winning)\n|raw|YAYSH's rating: 1709 &rarr; <strong>1686<\/strong><br \/>(-23 for losing)\n|l|\u2606Tapu Lisa\n|player|p1|\n|l|\u2606YAYSH\n|player|p2|\n","uploadtime":1727720544,"views":19,"formatid":"gen9vgc2024regh","rating":1675,"private":0,"password":null}