{"id":"gen9vgc2024regh-2212918687","format":"[Gen 9] VGC 2024 Reg H","players":["Lil Tic","chin8"],"log":"|j|\u2606Lil Tic\n|j|\u2606chin8\n|t:|1727713771\n|gametype|doubles\n|player|p1|Lil Tic|ninjaboy|1690\n|player|p2|chin8|gentleman-gen4dp|1786\n|teamsize|p1|6\n|teamsize|p2|6\n|gen|9\n|tier|[Gen 9] VGC 2024 Reg H\n|rated|\n|rule|Species Clause: Limit one of each Pok\u00e9mon\n|rule|Item Clause: Limit 1 of each item\n|clearpoke\n|poke|p1|Volcarona, L50, M|\n|poke|p1|Ninetales-Alola, L50, M|\n|poke|p1|Milotic, L50, M|\n|poke|p1|Incineroar, L50, F|\n|poke|p1|Amoonguss, L50, F|\n|poke|p1|Kingambit, L50, M|\n|poke|p2|Baxcalibur, L50, F|\n|poke|p2|Kilowattrel, L50, M|\n|poke|p2|Heracross, L50, M|\n|poke|p2|Gardevoir, L50, M|\n|poke|p2|Magmortar, L50, M|\n|poke|p2|Gholdengo, L50|\n|teampreview|4\n|inactive|Battle timer is ON: inactive players will automatically lose when time's up. (requested by chin8)\n|inactive|Lil Tic has 60 seconds left.\n|\n|t:|1727713814\n|start\n|switch|p1a: Kingambit|Kingambit, L50, M|100\/100\n|switch|p1b: Ninetales|Ninetales-Alola, L50, M|100\/100\n|switch|p2a: Kilowattrel|Kilowattrel, L50, M|100\/100\n|switch|p2b: Heracross|Heracross, L50, M|100\/100\n|-weather|Snow|[from] ability: Snow Warning|[of] p1b: Ninetales\n|turn|1\n|inactive|chin8 has 30 seconds left.\n|inactive|chin8 has 20 seconds left.\n|\n|t:|1727713853\n|switch|p1a: Amoonguss|Amoonguss, L50, F|100\/100\n|move|p2a: Kilowattrel|Thunderbolt|p1a: Amoonguss\n|-resisted|p1a: Amoonguss\n|-damage|p1a: Amoonguss|85\/100\n|move|p1b: Ninetales|Aurora Veil|p1b: Ninetales\n|-sidestart|p1: Lil Tic|move: Aurora Veil\n|move|p2b: Heracross|Close Combat|p1a: Amoonguss\n|-resisted|p1a: Amoonguss\n|-damage|p1a: Amoonguss|65\/100\n|-unboost|p2b: Heracross|def|1\n|-unboost|p2b: Heracross|spd|1\n|-damage|p2b: Heracross|84\/100|[from] item: Rocky Helmet|[of] p1a: Amoonguss\n|\n|-weather|Snow|[upkeep]\n|upkeep\n|turn|2\n|\n|t:|1727713865\n|switch|p2b: Magmortar|Magmortar, L50, M|100\/100\n|move|p2a: Kilowattrel|Protect|p2a: Kilowattrel\n|-singleturn|p2a: Kilowattrel|Protect\n|move|p1b: Ninetales|Moonblast|p2b: Magmortar\n|-resisted|p2b: Magmortar\n|-damage|p2b: Magmortar|87\/100\n|-unboost|p2b: Magmortar|spa|1\n|move|p1a: Amoonguss|Spore|p2a: Kilowattrel\n|-activate|p2a: Kilowattrel|move: Protect\n|\n|-weather|Snow|[upkeep]\n|upkeep\n|turn|3\n|inactive|Lil Tic has 30 seconds left.\n|\n|t:|1727713894\n|switch|p2a: Baxcalibur|Baxcalibur, L50, F|100\/100\n|move|p1b: Ninetales|Moonblast|p2a: Baxcalibur\n|-supereffective|p2a: Baxcalibur\n|-damage|p2a: Baxcalibur|72\/100\n|move|p2b: Magmortar|Taunt|p1a: Amoonguss\n|-start|p1a: Amoonguss|move: Taunt\n|cant|p1a: Amoonguss|move: Taunt|Spore\n|\n|-weather|Snow|[upkeep]\n|upkeep\n|turn|4\n|\n|t:|1727713907\n|switch|p1a: Kingambit|Kingambit, L50, M|100\/100\n|move|p1b: Ninetales|Moonblast|p2a: Baxcalibur\n|-supereffective|p2a: Baxcalibur\n|-damage|p2a: Baxcalibur|43\/100\n|-unboost|p2a: Baxcalibur|spa|1\n|move|p2a: Baxcalibur|Icicle Crash|p1a: Kingambit\n|-resisted|p1a: Kingambit\n|-damage|p1a: Kingambit|88\/100\n|move|p2b: Magmortar|Heat Wave|p1b: Ninetales|[spread] p1a,p1b\n|-supereffective|p1a: Kingambit\n|-supereffective|p1b: Ninetales\n|-damage|p1a: Kingambit|71\/100\n|-damage|p1b: Ninetales|75\/100\n|\n|-weather|Snow|[upkeep]\n|upkeep\n|turn|5\n|\n|t:|1727713930\n|move|p1b: Ninetales|Moonblast|p2a: Baxcalibur\n|-supereffective|p2a: Baxcalibur\n|-damage|p2a: Baxcalibur|12\/100\n|move|p2a: Baxcalibur|Icicle Crash|p1a: Kingambit\n|-resisted|p1a: Kingambit\n|-damage|p1a: Kingambit|59\/100\n|move|p2b: Magmortar|Heat Wave|p1a: Kingambit|[spread] p1a,p1b\n|-supereffective|p1a: Kingambit\n|-supereffective|p1b: Ninetales\n|-damage|p1a: Kingambit|42\/100\n|-damage|p1b: Ninetales|47\/100\n|move|p1a: Kingambit|Kowtow Cleave|p2b: Magmortar\n|-damage|p2b: Magmortar|36\/100\n|-status|p1a: Kingambit|brn|[from] ability: Flame Body|[of] p2b: Magmortar\n|-enditem|p2b: Magmortar|Sitrus Berry|[eat]\n|-heal|p2b: Magmortar|60\/100|[from] item: Sitrus Berry\n|\n|-weather|none\n|-damage|p1a: Kingambit|36\/100 brn|[from] brn\n|upkeep\n|turn|6\n|\n|t:|1727713949\n|move|p1b: Ninetales|Moonblast|p2a: Baxcalibur\n|-supereffective|p2a: Baxcalibur\n|-damage|p2a: Baxcalibur|0 fnt\n|faint|p2a: Baxcalibur\n|move|p2b: Magmortar|Heat Wave|p1a: Kingambit|[spread] p1a,p1b\n|-supereffective|p1a: Kingambit\n|-supereffective|p1b: Ninetales\n|-damage|p1a: Kingambit|18\/100 brn\n|-damage|p1b: Ninetales|22\/100\n|move|p1a: Kingambit|Kowtow Cleave|p2b: Magmortar\n|-damage|p2b: Magmortar|32\/100\n|\n|-damage|p1a: Kingambit|13\/100 brn|[from] brn\n|upkeep\n|\n|t:|1727713952\n|switch|p2a: Kilowattrel|Kilowattrel, L50, M|100\/100\n|turn|7\n|\n|t:|1727713960\n|move|p1a: Kingambit|Sucker Punch|p2b: Magmortar\n|-damage|p2b: Magmortar|9\/100\n|move|p2a: Kilowattrel|Tailwind|p2a: Kilowattrel\n|-sidestart|p2: chin8|move: Tailwind\n|move|p2b: Magmortar|Heat Wave|p1b: Ninetales|[spread] p1a,p1b\n|-supereffective|p1a: Kingambit\n|-supereffective|p1b: Ninetales\n|-damage|p1a: Kingambit|0 fnt\n|-damage|p1b: Ninetales|0 fnt\n|faint|p1a: Kingambit\n|faint|p1b: Ninetales\n|\n|upkeep\n|\n|t:|1727713968\n|switch|p1b: Volcarona|Volcarona, L50, M|100\/100\n|switch|p1a: Amoonguss|Amoonguss, L50, F|99\/100\n|turn|8\n|\n|t:|1727713980\n|move|p1a: Amoonguss|Protect|p1a: Amoonguss\n|-singleturn|p1a: Amoonguss|Protect\n|move|p2a: Kilowattrel|Air Slash|p1b: Volcarona\n|-supereffective|p1b: Volcarona\n|-damage|p1b: Volcarona|57\/100\n|move|p2b: Magmortar|Taunt|p1a: Amoonguss\n|-activate|p1a: Amoonguss|move: Protect\n|move|p1b: Volcarona|Fiery Dance|p2b: Magmortar\n|-resisted|p2b: Magmortar\n|-damage|p2b: Magmortar|0 fnt\n|-boost|p1b: Volcarona|spa|1\n|faint|p2b: Magmortar\n|\n|-heal|p1b: Volcarona|63\/100|[from] item: Leftovers\n|-sideend|p1: Lil Tic|move: Aurora Veil\n|upkeep\n|\n|t:|1727713982\n|switch|p2b: Heracross|Heracross, L50, M|84\/100\n|turn|9\n|\n|t:|1727713993\n|-terastallize|p2b: Heracross|Water\n|move|p1a: Amoonguss|Rage Powder|p1a: Amoonguss\n|-singleturn|p1a: Amoonguss|move: Rage Powder\n|move|p2a: Kilowattrel|Air Slash|p1a: Amoonguss\n|-supereffective|p1a: Amoonguss\n|-damage|p1a: Amoonguss|36\/100\n|move|p2b: Heracross|Rock Slide|p1b: Volcarona|[spread] p1a,p1b\n|-supereffective|p1b: Volcarona\n|-damage|p1a: Amoonguss|18\/100\n|-damage|p1b: Volcarona|0 fnt\n|faint|p1b: Volcarona\n|-ability|p2b: Heracross|Moxie|boost\n|-boost|p2b: Heracross|atk|1\n|\n|upkeep\n|turn|10\n|-message|Lil Tic forfeited.\n|\n|win|chin8\n|raw|Lil Tic's rating: 1690 &rarr; <strong>1675<\/strong><br \/>(-15 for losing)\n|raw|chin8's rating: 1786 &rarr; <strong>1801<\/strong><br \/>(+15 for winning)\n|l|\u2606Lil Tic\n|player|p1|\n|l|\u2606chin8\n|player|p2|\n","uploadtime":1727714269,"views":28,"formatid":"gen9vgc2024regh","rating":1675,"private":0,"password":null}