{"id":"gen9vgc2024regh-2212380510","format":"[Gen 9] VGC 2024 Reg H","players":["kiwigal","bearguy223"],"log":"|j|\u2606kiwigal\n|j|\u2606bearguy223\n|t:|1727643680\n|gametype|doubles\n|player|p1|kiwigal|emma|1693\n|player|p2|bearguy223|169|1652\n|teamsize|p1|6\n|teamsize|p2|6\n|gen|9\n|tier|[Gen 9] VGC 2024 Reg H\n|rated|\n|rule|Species Clause: Limit one of each Pok\u00e9mon\n|rule|Item Clause: Limit 1 of each item\n|clearpoke\n|poke|p1|Porygon2, L50|\n|poke|p1|Grimmsnarl, L50, M|\n|poke|p1|Araquanid, L50, M|\n|poke|p1|Gholdengo, L50|\n|poke|p1|Amoonguss, L50, M|\n|poke|p1|Dragonite, L50, F|\n|poke|p2|Baxcalibur, L50, F|\n|poke|p2|Ninetales-Alola, L50, F|\n|poke|p2|Volcarona, L50, M|\n|poke|p2|Rillaboom, L50, F|\n|poke|p2|Kingambit, L50, M|\n|poke|p2|Primarina, L50, M|\n|teampreview|4\n|\n|t:|1727643739\n|start\n|switch|p1a: Grimmsnarl|Grimmsnarl, L50, M|100\/100\n|switch|p1b: Gholdengo|Gholdengo, L50|100\/100\n|switch|p2a: Kingambit|Kingambit, L50, M|100\/100\n|switch|p2b: Volcarona|Volcarona, L50, M|100\/100\n|turn|1\n|\n|t:|1727643762\n|move|p1b: Gholdengo|Protect|p1b: Gholdengo\n|-singleturn|p1b: Gholdengo|Protect\n|move|p2b: Volcarona|Rage Powder|p2b: Volcarona\n|-singleturn|p2b: Volcarona|move: Rage Powder\n|move|p1a: Grimmsnarl|Taunt|p2b: Volcarona\n|-start|p2b: Volcarona|move: Taunt\n|move|p2a: Kingambit|Swords Dance|p2a: Kingambit\n|-boost|p2a: Kingambit|atk|2\n|\n|upkeep\n|turn|2\n|\n|t:|1727643777\n|switch|p1b: Porygon2|Porygon2, L50|100\/100\n|-ability|p1b: Porygon2|Defiant|[from] ability: Trace|[of] p2a: Kingambit\n|move|p1a: Grimmsnarl|Reflect|p1a: Grimmsnarl\n|-sidestart|p1: kiwigal|Reflect\n|move|p2b: Volcarona|Struggle Bug|p1a: Grimmsnarl|[spread] p1a,p1b\n|-damage|p1a: Grimmsnarl|83\/100\n|-damage|p1b: Porygon2|91\/100\n|-unboost|p1a: Grimmsnarl|spa|1\n|-unboost|p1b: Porygon2|spa|1\n|-ability|p1b: Porygon2|Defiant|boost\n|-boost|p1b: Porygon2|atk|2\n|move|p2a: Kingambit|Iron Head|p1a: Grimmsnarl\n|-supereffective|p1a: Grimmsnarl\n|-damage|p1a: Grimmsnarl|0 fnt\n|faint|p1a: Grimmsnarl\n|\n|upkeep\n|\n|t:|1727643789\n|switch|p1a: Araquanid|Araquanid, L50, M|100\/100\n|turn|3\n|\n|t:|1727643804\n|switch|p2b: Rillaboom|Rillaboom, L50, F|100\/100\n|-fieldstart|move: Grassy Terrain|[from] ability: Grassy Surge|[of] p2b: Rillaboom\n|-terastallize|p1b: Porygon2|Fighting\n|move|p2a: Kingambit|Protect|p2a: Kingambit\n|-singleturn|p2a: Kingambit|Protect\n|move|p1a: Araquanid|Liquidation|p2b: Rillaboom\n|-resisted|p2b: Rillaboom\n|-damage|p2b: Rillaboom|70\/100\n|move|p1b: Porygon2|Trick Room|p1b: Porygon2\n|-fieldstart|move: Trick Room|[of] p1b: Porygon2\n|\n|-heal|p1b: Porygon2|97\/100|[from] Grassy Terrain\n|-heal|p2b: Rillaboom|76\/100|[from] Grassy Terrain\n|upkeep\n|turn|4\n|\n|t:|1727643825\n|-terastallize|p2a: Kingambit|Dark\n|move|p1a: Araquanid|Protect|p1a: Araquanid\n|-singleturn|p1a: Araquanid|Protect\n|move|p2b: Rillaboom|Fake Out|p1b: Porygon2\n|-damage|p1b: Porygon2|92\/100\n|move|p2a: Kingambit|Sucker Punch||[still]\n|-fail|p2a: Kingambit\n|cant|p1b: Porygon2|flinch\n|\n|-heal|p1b: Porygon2|98\/100|[from] Grassy Terrain\n|-heal|p2b: Rillaboom|82\/100|[from] Grassy Terrain\n|upkeep\n|turn|5\n|\n|t:|1727643840\n|move|p2a: Kingambit|Protect|p2a: Kingambit\n|-singleturn|p2a: Kingambit|Protect\n|move|p1a: Araquanid|Leech Life|p2a: Kingambit\n|-activate|p2a: Kingambit|move: Protect\n|move|p1b: Porygon2|Tera Blast|p2a: Kingambit|[anim] Tera Blast Fighting\n|-activate|p2a: Kingambit|move: Protect\n|move|p2b: Rillaboom|Knock Off|p1b: Porygon2\n|-resisted|p1b: Porygon2\n|-damage|p1b: Porygon2|91\/100\n|-enditem|p1b: Porygon2|Eviolite|[from] move: Knock Off|[of] p2b: Rillaboom\n|\n|-heal|p1b: Porygon2|97\/100|[from] Grassy Terrain\n|-heal|p2b: Rillaboom|89\/100|[from] Grassy Terrain\n|upkeep\n|turn|6\n|\n|t:|1727643861\n|switch|p2a: Volcarona|Volcarona, L50, M|100\/100\n|move|p1a: Araquanid|Leech Life|p2b: Rillaboom\n|-supereffective|p2b: Rillaboom\n|-damage|p2b: Rillaboom|28\/100\n|move|p1b: Porygon2|Tera Blast|p2a: Volcarona|[anim] Tera Blast Fighting\n|-resisted|p2a: Volcarona\n|-crit|p2a: Volcarona\n|-damage|p2a: Volcarona|68\/100\n|move|p2b: Rillaboom|Wood Hammer|p1a: Araquanid\n|-damage|p1a: Araquanid|44\/100\n|-damage|p2b: Rillaboom|11\/100|[from] Recoil\n|\n|-heal|p1a: Araquanid|49\/100|[from] Grassy Terrain\n|-heal|p1b: Porygon2|100\/100|[from] Grassy Terrain\n|-heal|p2b: Rillaboom|17\/100|[from] Grassy Terrain\n|-heal|p2a: Volcarona|74\/100|[from] Grassy Terrain\n|upkeep\n|turn|7\n|\n|t:|1727643885\n|switch|p2a: Primarina|Primarina, L50, M|100\/100\n|move|p2b: Rillaboom|Grassy Glide|p1a: Araquanid\n|-damage|p1a: Araquanid|23\/100\n|move|p1a: Araquanid|Liquidation|p2a: Primarina\n|-resisted|p2a: Primarina\n|-damage|p2a: Primarina|65\/100\n|-unboost|p2a: Primarina|def|1\n|move|p1b: Porygon2|Tera Blast|p2b: Rillaboom|[anim] Tera Blast Fighting\n|-damage|p2b: Rillaboom|0 fnt\n|faint|p2b: Rillaboom\n|\n|-heal|p1a: Araquanid|29\/100|[from] Grassy Terrain\n|-heal|p2a: Primarina|71\/100|[from] Grassy Terrain\n|-fieldend|move: Trick Room\n|-fieldend|move: Grassy Terrain\n|upkeep\n|\n|t:|1727643911\n|switch|p2b: Volcarona|Volcarona, L50, M|74\/100\n|turn|8\n|\n|t:|1727643922\n|move|p2b: Volcarona|Overheat|p1a: Araquanid\n|-damage|p1a: Araquanid|3\/100\n|-unboost|p2b: Volcarona|spa|2\n|move|p2a: Primarina|Moonblast|p1b: Porygon2\n|-supereffective|p1b: Porygon2\n|-crit|p1b: Porygon2\n|-damage|p1b: Porygon2|0 fnt\n|faint|p1b: Porygon2\n|move|p1a: Araquanid|Liquidation|p2b: Volcarona\n|-supereffective|p2b: Volcarona\n|-damage|p2b: Volcarona|0 fnt\n|-damage|p1a: Araquanid|0 fnt|[from] item: Rocky Helmet|[of] p2b: Volcarona\n|faint|p2b: Volcarona\n|faint|p1a: Araquanid\n|\n|upkeep\n|\n|t:|1727643933\n|switch|p2b: Kingambit|Kingambit, L50, M, tera:Dark|100\/100\n|switch|p1b: Gholdengo|Gholdengo, L50|100\/100\n|turn|9\n|-message|kiwigal forfeited.\n|\n|win|bearguy223\n|raw|kiwigal's rating: 1693 &rarr; <strong>1671<\/strong><br \/>(-22 for losing)\n|raw|bearguy223's rating: 1652 &rarr; <strong>1674<\/strong><br \/>(+22 for winning)\n|l|\u2606kiwigal\n|player|p1|\n|l|\u2606bearguy223\n|player|p2|\n","uploadtime":1727644120,"views":18,"formatid":"gen9vgc2024regh","rating":1671,"private":0,"password":null}