{"id":"gen9vgc2024regh-2212402422","format":"[Gen 9] VGC 2024 Reg H","players":["elvegis1","Draxolotl"],"log":"|j|\u2606elvegis1\n|j|\u2606Draxolotl\n|t:|1727646095\n|gametype|doubles\n|player|p1|elvegis1|lucas|1715\n|player|p2|Draxolotl|102|1659\n|teamsize|p1|6\n|teamsize|p2|6\n|gen|9\n|tier|[Gen 9] VGC 2024 Reg H\n|rated|\n|rule|Species Clause: Limit one of each Pok\u00e9mon\n|rule|Item Clause: Limit 1 of each item\n|clearpoke\n|poke|p1|Porygon2, L50|\n|poke|p1|Kingambit, L50, M|\n|poke|p1|Sinistcha, L50|\n|poke|p1|Sneasler, L50, M|\n|poke|p1|Dragonite, L50, F|\n|poke|p1|Primarina, L50, M|\n|poke|p2|Corviknight, L50, F|\n|poke|p2|Porygon2, L50|\n|poke|p2|Garchomp, L50, F|\n|poke|p2|Amoonguss, L50, F|\n|poke|p2|Incineroar, L50, M|\n|poke|p2|Sneasler, L50, F|\n|teampreview|4\n|inactive|Battle timer is ON: inactive players will automatically lose when time's up. (requested by elvegis1)\n|inactive|Draxolotl has 60 seconds left.\n|\n|t:|1727646138\n|start\n|switch|p1a: Sneasler|Sneasler, L50, M|100\/100\n|switch|p1b: Dragonite|Dragonite, L50, F|100\/100\n|switch|p2a: Sneasler|Sneasler, L50, F|100\/100\n|switch|p2b: Garchomp|Garchomp, L50, F|100\/100\n|turn|1\n|j| Nido_kingj\n|\n|t:|1727646157\n|move|p1a: Sneasler|Protect|p1a: Sneasler\n|-singleturn|p1a: Sneasler|Protect\n|move|p2b: Garchomp|Protect|p2b: Garchomp\n|-singleturn|p2b: Garchomp|Protect\n|move|p1b: Dragonite|Protect|p1b: Dragonite\n|-singleturn|p1b: Dragonite|Protect\n|move|p2a: Sneasler|Fake Out|p1b: Dragonite\n|-activate|p1b: Dragonite|move: Protect\n|\n|upkeep\n|turn|2\n|\n|t:|1727646174\n|-terastallize|p1b: Dragonite|Flying\n|move|p2a: Sneasler|Dire Claw|p1b: Dragonite\n|-damage|p1b: Dragonite|78\/100\n|-status|p1b: Dragonite|slp\n|-enditem|p1b: Dragonite|Lum Berry|[eat]\n|-curestatus|p1b: Dragonite|slp|[msg]\n|-status|p1b: Dragonite|psn|[from] ability: Poison Touch|[of] p2a: Sneasler\n|move|p1a: Sneasler|Coaching|p1b: Dragonite\n|-boost|p1b: Dragonite|atk|1\n|-boost|p1b: Dragonite|def|1\n|move|p2b: Garchomp|Dragon Claw|p1b: Dragonite\n|-damage|p1b: Dragonite|38\/100 psn\n|-damage|p2b: Garchomp|91\/100|[from] item: Life Orb\n|move|p1b: Dragonite|Tera Blast|p2b: Garchomp|[anim] Tera Blast Flying\n|-damage|p2b: Garchomp|0 fnt\n|faint|p2b: Garchomp\n|\n|-damage|p1b: Dragonite|25\/100 psn|[from] psn\n|upkeep\n|\n|t:|1727646193\n|switch|p2b: Corviknight|Corviknight, L50, F|100\/100\n|turn|3\n|\n|t:|1727646212\n|move|p1a: Sneasler|Protect|p1a: Sneasler\n|-singleturn|p1a: Sneasler|Protect\n|move|p2a: Sneasler|Coaching|p2b: Corviknight\n|-boost|p2b: Corviknight|atk|1\n|-boost|p2b: Corviknight|def|1\n|move|p1b: Dragonite|Tera Blast|p2a: Sneasler|[anim] Tera Blast Flying\n|-supereffective|p2a: Sneasler\n|-enditem|p2a: Sneasler|Focus Sash\n|-damage|p2a: Sneasler|1\/100\n|move|p2b: Corviknight|Bulk Up|p2b: Corviknight\n|-boost|p2b: Corviknight|atk|1\n|-boost|p2b: Corviknight|def|1\n|\n|-damage|p1b: Dragonite|13\/100 psn|[from] psn\n|upkeep\n|turn|4\n|c|\u2606Draxolotl|I didnt even know that could happen lol\n|c|\u2606Draxolotl|The sleep + poison\n|inactive|Draxolotl has 30 seconds left.\n|\n|t:|1727646243\n|move|p1a: Sneasler|Dire Claw|p2a: Sneasler\n|-resisted|p2a: Sneasler\n|-damage|p2a: Sneasler|0 fnt\n|faint|p2a: Sneasler\n|move|p1b: Dragonite|Tera Blast|p2b: Corviknight|[anim] Tera Blast Flying\n|-resisted|p2b: Corviknight\n|-damage|p2b: Corviknight|85\/100\n|move|p2b: Corviknight|Body Press|p1a: Sneasler\n|-resisted|p1a: Sneasler\n|-damage|p1a: Sneasler|61\/100\n|\n|-damage|p1b: Dragonite|0 fnt|[from] psn\n|faint|p1b: Dragonite\n|upkeep\n|\n|t:|1727646255\n|switch|p2a: Amoonguss|Amoonguss, L50, F|100\/100\n|switch|p1b: Porygon2|Porygon2, L50|100\/100\n|-ability|p1b: Porygon2|Download|boost\n|-boost|p1b: Porygon2|spa|1\n|turn|5\n|\n|t:|1727646269\n|-terastallize|p2a: Amoonguss|Water\n|move|p1a: Sneasler|Protect|p1a: Sneasler\n|-singleturn|p1a: Sneasler|Protect\n|move|p2b: Corviknight|Brave Bird|p1a: Sneasler\n|-activate|p1a: Sneasler|move: Protect\n|move|p1b: Porygon2|Ice Beam|p2a: Amoonguss\n|-resisted|p2a: Amoonguss\n|-damage|p2a: Amoonguss|88\/100\n|move|p2a: Amoonguss|Spore|p1b: Porygon2\n|-status|p1b: Porygon2|slp|[from] move: Spore\n|\n|upkeep\n|turn|6\n|\n|t:|1727646288\n|move|p1a: Sneasler|Coaching|p1b: Porygon2\n|-boost|p1b: Porygon2|atk|1\n|-boost|p1b: Porygon2|def|1\n|move|p2b: Corviknight|Brave Bird|p1a: Sneasler\n|-supereffective|p1a: Sneasler\n|-damage|p1a: Sneasler|0 fnt\n|faint|p1a: Sneasler\n|-damage|p2b: Corviknight|70\/100|[from] Recoil\n|cant|p1b: Porygon2|slp\n|move|p2a: Amoonguss|Clear Smog|p1b: Porygon2\n|-crit|p1b: Porygon2\n|-damage|p1b: Porygon2|86\/100 slp\n|-clearboost|p1b: Porygon2\n|\n|upkeep\n|\n|t:|1727646301\n|switch|p1a: Primarina|Primarina, L50, M|100\/100\n|turn|7\n|\n|t:|1727646308\n|move|p2b: Corviknight|Roost|p2b: Corviknight\n|-heal|p2b: Corviknight|100\/100\n|-singleturn|p2b: Corviknight|move: Roost\n|move|p1a: Primarina|Hyper Voice|p2a: Amoonguss|[spread] p2a,p2b\n|-resisted|p2a: Amoonguss\n|-damage|p2a: Amoonguss|74\/100\n|-damage|p2b: Corviknight|65\/100\n|-enditem|p1a: Primarina|Throat Spray\n|-boost|p1a: Primarina|spa|1|[from] item: Throat Spray\n|-curestatus|p1b: Porygon2|slp|[msg]\n|move|p1b: Porygon2|Tera Blast|p2a: Amoonguss\n|-damage|p2a: Amoonguss|50\/100\n|-enditem|p2a: Amoonguss|Sitrus Berry|[eat]\n|-heal|p2a: Amoonguss|75\/100|[from] item: Sitrus Berry\n|move|p2a: Amoonguss|Spore|p1a: Primarina\n|-status|p1a: Primarina|slp|[from] move: Spore\n|\n|upkeep\n|turn|8\n|\n|t:|1727646328\n|cant|p1a: Primarina|slp\n|move|p2b: Corviknight|Roost|p2b: Corviknight\n|-heal|p2b: Corviknight|100\/100\n|-singleturn|p2b: Corviknight|move: Roost\n|move|p1b: Porygon2|Tera Blast|p2a: Amoonguss\n|-damage|p2a: Amoonguss|48\/100\n|move|p2a: Amoonguss|Spore|p1b: Porygon2\n|-status|p1b: Porygon2|slp|[from] move: Spore\n|\n|upkeep\n|turn|9\n|\n|t:|1727646342\n|move|p2b: Corviknight|Brave Bird|p1a: Primarina\n|-damage|p1a: Primarina|19\/100 slp\n|-damage|p2b: Corviknight|77\/100|[from] Recoil\n|-curestatus|p1a: Primarina|slp|[msg]\n|move|p1a: Primarina|Moonblast|p2a: Amoonguss\n|-crit|p2a: Amoonguss\n|-damage|p2a: Amoonguss|0 fnt\n|faint|p2a: Amoonguss\n|cant|p1b: Porygon2|slp\n|\n|upkeep\n|turn|10\n|\n|t:|1727646352\n|move|p1a: Primarina|Protect|p1a: Primarina\n|-singleturn|p1a: Primarina|Protect\n|move|p2b: Corviknight|Body Press|p1a: Primarina\n|-activate|p1a: Primarina|move: Protect\n|cant|p1b: Porygon2|slp\n|\n|upkeep\n|turn|11\n|\n|t:|1727646360\n|move|p1a: Primarina|Protect|p1a: Primarina\n|-singleturn|p1a: Primarina|Protect\n|move|p2b: Corviknight|Body Press|p1a: Primarina\n|-activate|p1a: Primarina|move: Protect\n|cant|p1b: Porygon2|slp\n|\n|upkeep\n|turn|12\n|\n|t:|1727646367\n|move|p1a: Primarina|Protect||[still]\n|-fail|p1a: Primarina\n|move|p2b: Corviknight|Body Press|p1a: Primarina\n|-resisted|p1a: Primarina\n|-damage|p1a: Primarina|0 fnt\n|faint|p1a: Primarina\n|-curestatus|p1b: Porygon2|slp|[msg]\n|move|p1b: Porygon2|Trick Room|p1b: Porygon2\n|-fieldstart|move: Trick Room|[of] p1b: Porygon2\n|\n|upkeep\n|turn|13\n|\n|t:|1727646375\n|move|p1b: Porygon2|Ice Beam|p2b: Corviknight\n|-damage|p2b: Corviknight|55\/100\n|move|p2b: Corviknight|Roost|p2b: Corviknight\n|-heal|p2b: Corviknight|100\/100\n|-singleturn|p2b: Corviknight|move: Roost\n|\n|upkeep\n|turn|14\n|\n|t:|1727646379\n|move|p1b: Porygon2|Ice Beam|p2b: Corviknight\n|-damage|p2b: Corviknight|78\/100\n|move|p2b: Corviknight|Body Press|p1b: Porygon2\n|-supereffective|p1b: Porygon2\n|-damage|p1b: Porygon2|34\/100\n|\n|upkeep\n|turn|15\n|\n|t:|1727646384\n|move|p1b: Porygon2|Ice Beam|p2b: Corviknight\n|-damage|p2b: Corviknight|55\/100\n|move|p2b: Corviknight|Body Press|p1b: Porygon2\n|-supereffective|p1b: Porygon2\n|-damage|p1b: Porygon2|0 fnt\n|faint|p1b: Porygon2\n|\n|win|Draxolotl\n|raw|elvegis1's rating: 1715 &rarr; <strong>1692<\/strong><br \/>(-23 for losing)\n|raw|Draxolotl's rating: 1659 &rarr; <strong>1682<\/strong><br \/>(+23 for winning)\n|l|\u2606elvegis1\n|player|p1|\n|l|\u2606Draxolotl\n|player|p2|\n|l| Nido_kingj\n","uploadtime":1727646580,"views":21,"formatid":"gen9vgc2024regh","rating":1682,"private":0,"password":null}