{"id":"gen9vgc2024regh-2212388814","format":"[Gen 9] VGC 2024 Reg H","players":["elvegis1","Blueaquajet3"],"log":"|j|\u2606elvegis1\n|j|\u2606Blueaquajet3\n|t:|1727644601\n|gametype|doubles\n|player|p1|elvegis1|lucas|1726\n|player|p2|Blueaquajet3|170|1754\n|teamsize|p1|6\n|teamsize|p2|6\n|gen|9\n|tier|[Gen 9] VGC 2024 Reg H\n|rated|\n|rule|Species Clause: Limit one of each Pok\u00e9mon\n|rule|Item Clause: Limit 1 of each item\n|clearpoke\n|poke|p1|Porygon2, L50|\n|poke|p1|Kingambit, L50, F|\n|poke|p1|Sinistcha, L50|\n|poke|p1|Sneasler, L50, F|\n|poke|p1|Dragonite, L50, F|\n|poke|p1|Primarina, L50, F|\n|poke|p2|Amoonguss, L50, F|\n|poke|p2|Gholdengo, L50|\n|poke|p2|Porygon2, L50|\n|poke|p2|Incineroar, L50, M|\n|poke|p2|Ursaluna, L50, M|\n|poke|p2|Tyranitar, L50, M|\n|teampreview|4\n|inactive|Battle timer is ON: inactive players will automatically lose when time's up. (requested by Blueaquajet3)\n|\n|t:|1727644628\n|start\n|switch|p1a: Kingambit|Kingambit, L50, F|100\/100\n|switch|p1b: Sneasler|Sneasler, L50, F|100\/100\n|switch|p2a: Gholdengo|Gholdengo, L50|100\/100\n|switch|p2b: Tyranitar|Tyranitar, L50, M|100\/100\n|-weather|Sandstorm|[from] ability: Sand Stream|[of] p2b: Tyranitar\n|turn|1\n|\n|t:|1727644652\n|-terastallize|p1a: Kingambit|Fire\n|move|p1b: Sneasler|Close Combat|p2b: Tyranitar\n|-supereffective|p2b: Tyranitar\n|-damage|p2b: Tyranitar|0 fnt\n|-unboost|p1b: Sneasler|def|1\n|-unboost|p1b: Sneasler|spd|1\n|faint|p2b: Tyranitar\n|move|p2a: Gholdengo|Make It Rain|p1a: Kingambit|[spread] p1a,p1b\n|-resisted|p1a: Kingambit\n|-damage|p1a: Kingambit|81\/100\n|-enditem|p1b: Sneasler|Focus Sash\n|-damage|p1b: Sneasler|1\/100\n|-unboost|p2a: Gholdengo|spa|1\n|-damage|p2a: Gholdengo|91\/100|[from] item: Life Orb\n|move|p1a: Kingambit|Kowtow Cleave|p2a: Gholdengo\n|-supereffective|p2a: Gholdengo\n|-damage|p2a: Gholdengo|0 fnt\n|faint|p2a: Gholdengo\n|\n|-weather|Sandstorm|[upkeep]\n|-damage|p1b: Sneasler|0 fnt|[from] Sandstorm\n|-damage|p1a: Kingambit|75\/100|[from] Sandstorm\n|faint|p1b: Sneasler\n|upkeep\n|\n|t:|1727644674\n|switch|p1b: Porygon2|Porygon2, L50|100\/100\n|switch|p2a: Porygon2|Porygon2, L50|100\/100\n|switch|p2b: Amoonguss|Amoonguss, L50, F|100\/100\n|-ability|p2a: Porygon2|Download|boost\n|-boost|p2a: Porygon2|spa|1\n|-ability|p1b: Porygon2|Download|boost\n|-boost|p1b: Porygon2|atk|1\n|turn|2\n|inactive|Blueaquajet3 has 30 seconds left.\n|\n|t:|1727644700\n|-terastallize|p2b: Amoonguss|Water\n|move|p1a: Kingambit|Iron Head|p2b: Amoonguss\n|-resisted|p2b: Amoonguss\n|-damage|p2b: Amoonguss|83\/100\n|-damage|p1a: Kingambit|59\/100|[from] item: Rocky Helmet|[of] p2b: Amoonguss\n|move|p1b: Porygon2|Ice Beam|p2b: Amoonguss\n|-resisted|p2b: Amoonguss\n|-damage|p2b: Amoonguss|73\/100\n|move|p2a: Porygon2|Tera Blast|p1b: Porygon2\n|-damage|p1b: Porygon2|75\/100\n|move|p2b: Amoonguss|Spore|p1a: Kingambit\n|-status|p1a: Kingambit|slp|[from] move: Spore\n|\n|-weather|Sandstorm|[upkeep]\n|-damage|p1a: Kingambit|53\/100 slp|[from] Sandstorm\n|-damage|p1b: Porygon2|69\/100|[from] Sandstorm\n|-damage|p2a: Porygon2|94\/100|[from] Sandstorm\n|-damage|p2b: Amoonguss|67\/100|[from] Sandstorm\n|upkeep\n|turn|3\n|\n|t:|1727644721\n|switch|p1b: Sinistcha|Sinistcha, L50|100\/100\n|-heal|p1a: Kingambit|78\/100 slp|[from] ability: Hospitality|[of] p1b: Sinistcha\n|cant|p1a: Kingambit|slp\n|move|p2a: Porygon2|Tera Blast|p1a: Kingambit\n|-damage|p1a: Kingambit|51\/100 slp\n|move|p2b: Amoonguss|Spore|p1b: Sinistcha\n|-immune|p1b: Sinistcha\n|\n|-weather|Sandstorm|[upkeep]\n|-damage|p1b: Sinistcha|94\/100|[from] Sandstorm\n|-damage|p1a: Kingambit|45\/100 slp|[from] Sandstorm\n|-damage|p2a: Porygon2|88\/100|[from] Sandstorm\n|-damage|p2b: Amoonguss|61\/100|[from] Sandstorm\n|upkeep\n|turn|4\n|inactive|Blueaquajet3 has 30 seconds left.\n|inactive|Blueaquajet3 has 20 seconds left.\n|\n|t:|1727644758\n|move|p1b: Sinistcha|Matcha Gotcha|p2a: Porygon2|[spread] p2a,p2b\n|-supereffective|p2b: Amoonguss\n|-crit|p2b: Amoonguss\n|-damage|p2a: Porygon2|77\/100\n|-heal|p1b: Sinistcha|100\/100|[from] drain|[of] p2a: Porygon2\n|-damage|p2b: Amoonguss|0 fnt\n|faint|p2b: Amoonguss\n|-curestatus|p1a: Kingambit|slp|[msg]\n|move|p1a: Kingambit|Kowtow Cleave|p2a: Porygon2\n|-damage|p2a: Porygon2|48\/100\n|move|p2a: Porygon2|Tera Blast|p1a: Kingambit\n|-damage|p1a: Kingambit|16\/100\n|\n|-weather|Sandstorm|[upkeep]\n|-damage|p1b: Sinistcha|94\/100|[from] Sandstorm\n|-damage|p1a: Kingambit|10\/100|[from] Sandstorm\n|-damage|p2a: Porygon2|42\/100|[from] Sandstorm\n|upkeep\n|turn|5\n|\n|t:|1727644777\n|move|p1b: Sinistcha|Matcha Gotcha|p2a: Porygon2\n|-damage|p2a: Porygon2|27\/100\n|-heal|p1b: Sinistcha|100\/100|[from] drain|[of] p2a: Porygon2\n|move|p1a: Kingambit|Kowtow Cleave|p2a: Porygon2\n|-damage|p2a: Porygon2|0 fnt\n|faint|p2a: Porygon2\n|\n|win|elvegis1\n|raw|elvegis1's rating: 1726 &rarr; <strong>1748<\/strong><br \/>(+22 for winning)\n|raw|Blueaquajet3's rating: 1754 &rarr; <strong>1732<\/strong><br \/>(-22 for losing)\n|l|\u2606Blueaquajet3\n|player|p2|\n|l|\u2606elvegis1\n|player|p1|\n","uploadtime":1727644942,"views":22,"formatid":"gen9vgc2024regh","rating":1732,"private":0,"password":null}