{"id":"gen9vgc2024regh-2212662443","format":"[Gen 9] VGC 2024 Reg H","players":["ChikoRanium","fangame10"],"log":"|j|\u2606ChikoRanium\n|j|\u2606fangame10\n|t:|1727684083\n|gametype|doubles\n|player|p1|ChikoRanium|volo-ginkgo|1737\n|player|p2|fangame10|red|1862\n|teamsize|p1|6\n|teamsize|p2|6\n|gen|9\n|tier|[Gen 9] VGC 2024 Reg H\n|rated|\n|rule|Species Clause: Limit one of each Pok\u00e9mon\n|rule|Item Clause: Limit 1 of each item\n|clearpoke\n|poke|p1|Grimmsnarl, L50, M|\n|poke|p1|Skeledirge, L50, M|\n|poke|p1|Tyranitar, L50, M|\n|poke|p1|Corviknight, L50, F|\n|poke|p1|Rillaboom, L50, M|\n|poke|p1|Archaludon, L50, F|\n|poke|p2|Baxcalibur, L50, F|\n|poke|p2|Ninetales-Alola, L50, F|\n|poke|p2|Milotic, L50, M|\n|poke|p2|Skeledirge, L50, M|\n|poke|p2|Rillaboom, L50, M|\n|poke|p2|Sneasler, L50, M|\n|teampreview|4\n|inactive|Battle timer is ON: inactive players will automatically lose when time's up. (requested by fangame10)\n|inactive|ChikoRanium also wants the timer to be on.\n|j| Syachilove0408\n|l| Syachilove0408\n|inactive|ChikoRanium has 60 seconds left.\n|inactive|fangame10 has 60 seconds left.\n|inactive|fangame10 has 30 seconds left.\n|j| bluestraggler01\n|inactive|fangame10 has 20 seconds left.\n|inactive|fangame10 has 15 seconds left.\n|\n|t:|1727684161\n|start\n|switch|p1a: Grimmsnarl|Grimmsnarl, L50, M|100\/100\n|switch|p1b: Skeledirge|Skeledirge, L50, M|100\/100\n|switch|p2a: Milotic|Milotic, L50, M, shiny|100\/100\n|switch|p2b: Skeledirge|Skeledirge, L50, M, shiny|100\/100\n|turn|1\n|\n|t:|1727684176\n|-terastallize|p2b: Skeledirge|Dark\n|move|p1a: Grimmsnarl|Thunder Wave|p2a: Milotic\n|-status|p2a: Milotic|par\n|move|p1b: Skeledirge|Torch Song|p2a: Milotic\n|-resisted|p2a: Milotic\n|-damage|p2a: Milotic|89\/100 par\n|-boost|p1b: Skeledirge|spa|1\n|move|p2b: Skeledirge|Torch Song|p1a: Grimmsnarl\n|-damage|p1a: Grimmsnarl|69\/100\n|-boost|p2b: Skeledirge|spa|1\n|move|p2a: Milotic|Coil|p2a: Milotic\n|-boost|p2a: Milotic|atk|1\n|-boost|p2a: Milotic|def|1\n|-boost|p2a: Milotic|accuracy|1\n|\n|upkeep\n|turn|2\n|inactive|ChikoRanium has 30 seconds left.\n|inactive|ChikoRanium has 20 seconds left.\n|\n|t:|1727684212\n|move|p1b: Skeledirge|Torch Song|p2b: Skeledirge\n|-damage|p2b: Skeledirge|67\/100\n|-boost|p1b: Skeledirge|spa|1\n|move|p2b: Skeledirge|Torch Song|p1a: Grimmsnarl\n|-damage|p1a: Grimmsnarl|15\/100\n|-boost|p2b: Skeledirge|spa|1\n|move|p1a: Grimmsnarl|Spirit Break|p2b: Skeledirge\n|-supereffective|p2b: Skeledirge\n|-damage|p2b: Skeledirge|14\/100\n|-unboost|p2b: Skeledirge|spa|1\n|move|p2a: Milotic|Hypnosis|p1b: Skeledirge\n|-status|p1b: Skeledirge|slp|[from] move: Hypnosis\n|\n|-heal|p2b: Skeledirge|19\/100|[from] item: Leftovers\n|upkeep\n|turn|3\n|l| bluestraggler01\n|inactive|ChikoRanium has 30 seconds left.\n|inactive|fangame10 has 30 seconds left.\n|inactive|ChikoRanium has 20 seconds left.\n|\n|t:|1727684250\n|move|p2b: Skeledirge|Protect|p2b: Skeledirge\n|-singleturn|p2b: Skeledirge|Protect\n|move|p1a: Grimmsnarl|Light Screen|p1a: Grimmsnarl\n|-sidestart|p1: ChikoRanium|move: Light Screen\n|cant|p1b: Skeledirge|slp\n|move|p2a: Milotic|Hypnosis|p1a: Grimmsnarl\n|-status|p1a: Grimmsnarl|slp|[from] move: Hypnosis\n|\n|-heal|p2b: Skeledirge|25\/100|[from] item: Leftovers\n|upkeep\n|turn|4\n|j| huchen\n|\n|t:|1727684274\n|cant|p1a: Grimmsnarl|slp\n|cant|p1b: Skeledirge|slp\n|move|p2b: Skeledirge|Shadow Ball|p1b: Skeledirge\n|-supereffective|p1b: Skeledirge\n|-damage|p1b: Skeledirge|54\/100 slp\n|move|p2a: Milotic|Life Dew|p2a: Milotic|[spread] p2a,p2b\n|-heal|p2a: Milotic|100\/100 par\n|-heal|p2b: Skeledirge|50\/100\n|\n|-heal|p1b: Skeledirge|60\/100 slp|[from] item: Leftovers\n|-heal|p2b: Skeledirge|56\/100|[from] item: Leftovers\n|upkeep\n|turn|5\n|inactive|ChikoRanium has 30 seconds left.\n|\n|t:|1727684304\n|-terastallize|p1b: Skeledirge|Normal\n|cant|p1b: Skeledirge|slp\n|move|p2b: Skeledirge|Shadow Ball|p1b: Skeledirge\n|-immune|p1b: Skeledirge\n|-curestatus|p1a: Grimmsnarl|slp|[msg]\n|move|p1a: Grimmsnarl|Spirit Break|p2b: Skeledirge\n|-supereffective|p2b: Skeledirge\n|-damage|p2b: Skeledirge|0 fnt\n|faint|p2b: Skeledirge\n|move|p2a: Milotic|Muddy Water|p1b: Skeledirge|[spread] p1a,p1b\n|-damage|p1a: Grimmsnarl|1\/100\n|-damage|p1b: Skeledirge|46\/100 slp\n|-unboost|p1a: Grimmsnarl|accuracy|1\n|\n|-heal|p1b: Skeledirge|52\/100 slp|[from] item: Leftovers\n|upkeep\n|\n|t:|1727684309\n|switch|p2b: Sneasler|Sneasler, L50, M, shiny|100\/100\n|turn|6\n|\n|t:|1727684331\n|-curestatus|p1b: Skeledirge|slp|[msg]\n|move|p1b: Skeledirge|Protect|p1b: Skeledirge\n|-singleturn|p1b: Skeledirge|Protect\n|move|p1a: Grimmsnarl|Reflect|p1a: Grimmsnarl\n|-sidestart|p1: ChikoRanium|Reflect\n|move|p2b: Sneasler|Close Combat|p1b: Skeledirge\n|-activate|p1b: Skeledirge|move: Protect\n|move|p2a: Milotic|Muddy Water|p1a: Grimmsnarl|[spread] p1a\n|-activate|p1b: Skeledirge|move: Protect\n|-crit|p1a: Grimmsnarl\n|-damage|p1a: Grimmsnarl|0 fnt\n|faint|p1a: Grimmsnarl\n|\n|-heal|p1b: Skeledirge|58\/100|[from] item: Leftovers\n|upkeep\n|\n|t:|1727684344\n|switch|p1a: Archaludon|Archaludon, L50, F|100\/100\n|turn|7\n|\n|t:|1727684353\n|move|p2b: Sneasler|Close Combat|p1b: Skeledirge\n|-supereffective|p1b: Skeledirge\n|-damage|p1b: Skeledirge|0 fnt\n|-unboost|p2b: Sneasler|def|1\n|-unboost|p2b: Sneasler|spd|1\n|faint|p1b: Skeledirge\n|move|p1a: Archaludon|Dragon Pulse|p2b: Sneasler\n|-damage|p2b: Sneasler|7\/100\n|cant|p2a: Milotic|par\n|\n|upkeep\n|\n|t:|1727684363\n|switch|p1b: Tyranitar|Tyranitar, L50, M|100\/100\n|-weather|Sandstorm|[from] ability: Sand Stream|[of] p1b: Tyranitar\n|turn|8\n|\n|t:|1727684369\n|switch|p2b: Ninetales|Ninetales-Alola, L50, F, shiny|100\/100\n|-weather|Snow|[from] ability: Snow Warning|[of] p2b: Ninetales\n|move|p1a: Archaludon|Dragon Pulse|p2b: Ninetales\n|-immune|p2b: Ninetales\n|move|p1b: Tyranitar|Knock Off|p2a: Milotic\n|-damage|p2a: Milotic|51\/100 par\n|-enditem|p2a: Milotic|Sitrus Berry|[from] move: Knock Off|[of] p1b: Tyranitar\n|-damage|p1b: Tyranitar|91\/100|[from] item: Life Orb\n|move|p2a: Milotic|Hypnosis|p1a: Archaludon|[miss]\n|-miss|p2a: Milotic|p1a: Archaludon\n|\n|-weather|Snow|[upkeep]\n|upkeep\n|turn|9\n|j| Manchester1997!\n|\n|t:|1727684386\n|move|p2b: Ninetales|Aurora Veil|p2b: Ninetales\n|-sidestart|p2: fangame10|move: Aurora Veil\n|move|p1a: Archaludon|Flash Cannon|p2b: Ninetales\n|-supereffective|p2b: Ninetales\n|-damage|p2b: Ninetales|0 fnt\n|faint|p2b: Ninetales\n|move|p1b: Tyranitar|Rock Slide|p2a: Milotic\n|-damage|p2a: Milotic|25\/100 par\n|-damage|p1b: Tyranitar|81\/100|[from] item: Life Orb\n|move|p2a: Milotic|Hypnosis|p1a: Archaludon\n|-status|p1a: Archaludon|slp|[from] move: Hypnosis\n|\n|-weather|Snow|[upkeep]\n|upkeep\n|\n|t:|1727684390\n|switch|p2b: Sneasler|Sneasler, L50, M, shiny|7\/100\n|turn|10\n|\n|t:|1727684399\n|move|p1b: Tyranitar|Protect|p1b: Tyranitar\n|-singleturn|p1b: Tyranitar|Protect\n|move|p2b: Sneasler|Close Combat|p1b: Tyranitar\n|-activate|p1b: Tyranitar|move: Protect\n|cant|p1a: Archaludon|slp\n|cant|p2a: Milotic|par\n|\n|-weather|Snow|[upkeep]\n|-sideend|p1: ChikoRanium|move: Light Screen\n|upkeep\n|turn|11\n|\n|t:|1727684419\n|move|p2b: Sneasler|Close Combat|p1b: Tyranitar\n|-supereffective|p1b: Tyranitar\n|-damage|p1b: Tyranitar|0 fnt\n|-unboost|p2b: Sneasler|def|1\n|-unboost|p2b: Sneasler|spd|1\n|faint|p1b: Tyranitar\n|cant|p1a: Archaludon|slp\n|move|p2a: Milotic|Life Dew|p2a: Milotic|[spread] p2a,p2b\n|-heal|p2a: Milotic|50\/100 par\n|-heal|p2b: Sneasler|32\/100\n|\n|-weather|Snow|[upkeep]\n|upkeep\n|turn|12\n|\n|t:|1727684430\n|move|p2b: Sneasler|Close Combat|p1a: Archaludon\n|-supereffective|p1a: Archaludon\n|-damage|p1a: Archaludon|41\/100 slp\n|-unboost|p2b: Sneasler|def|1\n|-unboost|p2b: Sneasler|spd|1\n|-ability|p1a: Archaludon|Stamina|boost\n|-boost|p1a: Archaludon|def|1\n|-curestatus|p1a: Archaludon|slp|[msg]\n|move|p1a: Archaludon|Dragon Pulse|p2b: Sneasler\n|-damage|p2b: Sneasler|0 fnt\n|faint|p2b: Sneasler\n|move|p2a: Milotic|Hypnosis|p1a: Archaludon\n|-status|p1a: Archaludon|slp|[from] move: Hypnosis\n|\n|-weather|none\n|upkeep\n|turn|13\n|\n|t:|1727684447\n|cant|p1a: Archaludon|slp\n|cant|p2a: Milotic|par\n|\n|-sideend|p1: ChikoRanium|Reflect\n|upkeep\n|turn|14\n|\n|t:|1727684454\n|cant|p1a: Archaludon|slp\n|move|p2a: Milotic|Coil|p2a: Milotic\n|-boost|p2a: Milotic|atk|1\n|-boost|p2a: Milotic|def|1\n|-boost|p2a: Milotic|accuracy|1\n|\n|upkeep\n|turn|15\n|\n|t:|1727684460\n|-curestatus|p1a: Archaludon|slp|[msg]\n|move|p1a: Archaludon|Dragon Pulse|p2a: Milotic\n|-damage|p2a: Milotic|32\/100 par\n|move|p2a: Milotic|Muddy Water|p1a: Archaludon\n|-resisted|p1a: Archaludon\n|-damage|p1a: Archaludon|28\/100\n|-ability|p1a: Archaludon|Stamina|boost\n|-boost|p1a: Archaludon|def|1\n|\n|upkeep\n|turn|16\n|\n|t:|1727684470\n|move|p1a: Archaludon|Dragon Pulse|p2a: Milotic\n|-damage|p2a: Milotic|15\/100 par\n|move|p2a: Milotic|Hypnosis|p1a: Archaludon\n|-status|p1a: Archaludon|slp|[from] move: Hypnosis\n|\n|-sideend|p2: fangame10|move: Aurora Veil\n|upkeep\n|turn|17\n|\n|t:|1727684474\n|cant|p1a: Archaludon|slp\n|move|p2a: Milotic|Life Dew|p2a: Milotic\n|-heal|p2a: Milotic|40\/100 par\n|\n|upkeep\n|turn|18\n|\n|t:|1727684478\n|cant|p1a: Archaludon|slp\n|cant|p2a: Milotic|par\n|\n|upkeep\n|turn|19\n|\n|t:|1727684481\n|-curestatus|p1a: Archaludon|slp|[msg]\n|move|p1a: Archaludon|Dragon Pulse|p2a: Milotic\n|-damage|p2a: Milotic|15\/100 par\n|move|p2a: Milotic|Muddy Water|p1a: Archaludon\n|-resisted|p1a: Archaludon\n|-damage|p1a: Archaludon|17\/100\n|-ability|p1a: Archaludon|Stamina|boost\n|-boost|p1a: Archaludon|def|1\n|\n|upkeep\n|turn|20\n|\n|t:|1727684488\n|move|p1a: Archaludon|Dragon Pulse|p2a: Milotic\n|-damage|p2a: Milotic|0 fnt\n|faint|p2a: Milotic\n|\n|win|ChikoRanium\n|raw|ChikoRanium's rating: 1737 &rarr; <strong>1762<\/strong><br \/>(+25 for winning)\n|raw|fangame10's rating: 1831 &rarr; <strong>1806<\/strong><br \/>(-25 for losing)\n|l|\u2606fangame10\n|player|p2|\n|l|\u2606ChikoRanium\n|player|p1|\n|l| huchen\n","uploadtime":1727684735,"views":99,"formatid":"gen9vgc2024regh","rating":1762,"private":0,"password":null}