{"id":"gen9vgc2024regh-2212667579","format":"[Gen 9] VGC 2024 Reg H","players":["something123","ChikoRanium"],"log":"|j|\u2606something123\n|j|\u2606ChikoRanium\n|t:|1727684957\n|gametype|doubles\n|player|p1|something123|266|1726\n|player|p2|ChikoRanium|volo-ginkgo|1769\n|teamsize|p1|6\n|teamsize|p2|6\n|gen|9\n|tier|[Gen 9] VGC 2024 Reg H\n|rated|\n|rule|Species Clause: Limit one of each Pok\u00e9mon\n|rule|Item Clause: Limit 1 of each item\n|clearpoke\n|poke|p1|Dragapult, L50, F|\n|poke|p1|Sneasler, L50, M|\n|poke|p1|Rillaboom, L50, F|\n|poke|p1|Milotic, L50, F|\n|poke|p1|Hydreigon, L50, F|\n|poke|p1|Incineroar, L50, F|\n|poke|p2|Grimmsnarl, L50, M|\n|poke|p2|Skeledirge, L50, M|\n|poke|p2|Tyranitar, L50, F|\n|poke|p2|Corviknight, L50, M|\n|poke|p2|Rillaboom, L50, M|\n|poke|p2|Archaludon, L50, F|\n|teampreview|4\n|inactive|Battle timer is ON: inactive players will automatically lose when time's up. (requested by ChikoRanium)\n|inactive|something123 has 60 seconds left.\n|inactive|ChikoRanium has 60 seconds left.\n|inactive|ChikoRanium has 30 seconds left.\n|inactive|ChikoRanium has 20 seconds left.\n|inactive|ChikoRanium has 15 seconds left.\n|inactive|ChikoRanium has 10 seconds left.\n|inactive|ChikoRanium has 5 seconds left.\n|\n|t:|1727685045\n|start\n|switch|p1a: Dragapult|Dragapult, L50, F|100\/100\n|switch|p1b: Sneasler|Sneasler, L50, M|100\/100\n|switch|p2a: Rillaboom|Rillaboom, L50, M|100\/100\n|switch|p2b: Grimmsnarl|Grimmsnarl, L50, M|100\/100\n|-fieldstart|move: Grassy Terrain|[from] ability: Grassy Surge|[of] p2a: Rillaboom\n|-enditem|p1b: Sneasler|Grassy Seed\n|-boost|p1b: Sneasler|def|1|[from] item: Grassy Seed\n|turn|1\n|inactive|ChikoRanium has 30 seconds left.\n|inactive|ChikoRanium has 20 seconds left.\n|\n|t:|1727685083\n|switch|p2b: Archaludon|Archaludon, L50, F|100\/100\n|-terastallize|p2a: Rillaboom|Fire\n|move|p1b: Sneasler|Swords Dance|p1b: Sneasler\n|-boost|p1b: Sneasler|atk|2\n|move|p1a: Dragapult|Will-O-Wisp|p2a: Rillaboom\n|-immune|p2a: Rillaboom\n|move|p2a: Rillaboom|Bullet Seed|p2b: Archaludon\n|-resisted|p2b: Archaludon\n|-damage|p2b: Archaludon|97\/100\n|-ability|p2b: Archaludon|Stamina|boost\n|-boost|p2b: Archaludon|def|1\n|-resisted|p2b: Archaludon\n|-damage|p2b: Archaludon|95\/100\n|-ability|p2b: Archaludon|Stamina|boost\n|-boost|p2b: Archaludon|def|1\n|-resisted|p2b: Archaludon\n|-damage|p2b: Archaludon|94\/100\n|-ability|p2b: Archaludon|Stamina|boost\n|-boost|p2b: Archaludon|def|1\n|-resisted|p2b: Archaludon\n|-damage|p2b: Archaludon|92\/100\n|-ability|p2b: Archaludon|Stamina|boost\n|-boost|p2b: Archaludon|def|1\n|-hitcount|p2b: Archaludon|4\n|\n|-heal|p2b: Archaludon|98\/100|[from] Grassy Terrain\n|upkeep\n|turn|2\n|inactive|something123 has 30 seconds left.\n|inactive|something123 has 20 seconds left.\n|inactive|something123 has 15 seconds left.\n|inactive|something123 has 10 seconds left.\n|inactive|something123 has 5 seconds left.\n|\n|t:|1727685133\n|move|p1b: Sneasler|Protect|p1b: Sneasler\n|-singleturn|p1b: Sneasler|Protect\n|move|p1a: Dragapult|Light Screen|p1a: Dragapult\n|-sidestart|p1: something123|move: Light Screen\n|move|p2a: Rillaboom|Knock Off|p1a: Dragapult\n|-supereffective|p1a: Dragapult\n|-damage|p1a: Dragapult|18\/100\n|-enditem|p1a: Dragapult|Sitrus Berry|[from] move: Knock Off|[of] p2a: Rillaboom\n|move|p2b: Archaludon|Dragon Pulse|p1b: Sneasler\n|-activate|p1b: Sneasler|move: Protect\n|\n|-heal|p1a: Dragapult|24\/100|[from] Grassy Terrain\n|-heal|p2b: Archaludon|100\/100|[from] Grassy Terrain\n|upkeep\n|turn|3\n|\n|t:|1727685157\n|move|p2a: Rillaboom|Grassy Glide|p1a: Dragapult\n|-resisted|p1a: Dragapult\n|-damage|p1a: Dragapult|2\/100\n|move|p1b: Sneasler|Close Combat|p2b: Archaludon\n|-supereffective|p2b: Archaludon\n|-damage|p2b: Archaludon|42\/100\n|-unboost|p1b: Sneasler|def|1\n|-unboost|p1b: Sneasler|spd|1\n|-ability|p2b: Archaludon|Stamina|boost\n|-boost|p2b: Archaludon|def|1\n|move|p1a: Dragapult|Draco Meteor|p2b: Archaludon\n|-damage|p2b: Archaludon|6\/100\n|-unboost|p1a: Dragapult|spa|2\n|-ability|p2b: Archaludon|Stamina|boost\n|-boost|p2b: Archaludon|def|1\n|move|p2b: Archaludon|Dragon Pulse|p1b: Sneasler\n|-damage|p1b: Sneasler|47\/100\n|\n|-heal|p1b: Sneasler|53\/100|[from] Grassy Terrain\n|-heal|p1a: Dragapult|8\/100|[from] Grassy Terrain\n|-heal|p2b: Archaludon|12\/100|[from] Grassy Terrain\n|upkeep\n|turn|4\n|j| Manchester1997!\n|inactive|something123 has 30 seconds left.\n|inactive|ChikoRanium has 30 seconds left.\n|inactive|something123 has 20 seconds left.\n|inactive|ChikoRanium has 20 seconds left.\n|inactive|ChikoRanium has 15 seconds left.\n|\n|t:|1727685198\n|switch|p2a: Corviknight|Corviknight, L50, M|100\/100\n|move|p1b: Sneasler|Protect|p1b: Sneasler\n|-singleturn|p1b: Sneasler|Protect\n|move|p1a: Dragapult|Draco Meteor|p2b: Archaludon\n|-damage|p2b: Archaludon|0 fnt\n|-unboost|p1a: Dragapult|spa|2\n|faint|p2b: Archaludon\n|\n|-heal|p1b: Sneasler|59\/100|[from] Grassy Terrain\n|-heal|p1a: Dragapult|14\/100|[from] Grassy Terrain\n|upkeep\n|\n|t:|1727685208\n|switch|p2b: Grimmsnarl|Grimmsnarl, L50, M|100\/100\n|turn|5\n|\n|t:|1727685219\n|move|p2b: Grimmsnarl|Reflect|p2b: Grimmsnarl\n|-sidestart|p2: ChikoRanium|Reflect\n|move|p1b: Sneasler|Close Combat|p2a: Corviknight\n|-crit|p2a: Corviknight\n|-damage|p2a: Corviknight|0 fnt\n|-unboost|p1b: Sneasler|def|1\n|-unboost|p1b: Sneasler|spd|1\n|-damage|p1b: Sneasler|43\/100|[from] item: Rocky Helmet|[of] p2a: Corviknight\n|faint|p2a: Corviknight\n|move|p1a: Dragapult|Will-O-Wisp|p2b: Grimmsnarl\n|-status|p2b: Grimmsnarl|brn\n|\n|-heal|p1b: Sneasler|48\/100|[from] Grassy Terrain\n|-heal|p1a: Dragapult|20\/100|[from] Grassy Terrain\n|-damage|p2b: Grimmsnarl|95\/100 brn|[from] brn\n|-fieldend|move: Grassy Terrain\n|upkeep\n|\n|t:|1727685233\n|switch|p2a: Rillaboom|Rillaboom, L50, M, tera:Fire|100\/100\n|-fieldstart|move: Grassy Terrain|[from] ability: Grassy Surge|[of] p2a: Rillaboom\n|turn|6\n|\n|t:|1727685249\n|move|p1b: Sneasler|Protect|p1b: Sneasler\n|-singleturn|p1b: Sneasler|Protect\n|move|p2a: Rillaboom|Grassy Glide|p1b: Sneasler\n|-activate|p1b: Sneasler|move: Protect\n|move|p1a: Dragapult|Shadow Ball|p2a: Rillaboom\n|-damage|p2a: Rillaboom|88\/100\n|move|p2b: Grimmsnarl|Spirit Break|p1a: Dragapult\n|-supereffective|p1a: Dragapult\n|-damage|p1a: Dragapult|0 fnt\n|faint|p1a: Dragapult\n|\n|-heal|p1b: Sneasler|54\/100|[from] Grassy Terrain\n|-heal|p2a: Rillaboom|94\/100|[from] Grassy Terrain\n|-heal|p2b: Grimmsnarl|100\/100 brn|[from] Grassy Terrain\n|-damage|p2b: Grimmsnarl|95\/100 brn|[from] brn\n|-sideend|p1: something123|move: Light Screen\n|upkeep\n|\n|t:|1727685260\n|switch|p1a: Rillaboom|Rillaboom, L50, F|100\/100\n|turn|7\n|\n|t:|1727685272\n|move|p1a: Rillaboom|Fake Out|p2b: Grimmsnarl\n|-damage|p2b: Grimmsnarl|85\/100 brn\n|move|p2a: Rillaboom|Grassy Glide|p1b: Sneasler\n|-resisted|p1b: Sneasler\n|-damage|p1b: Sneasler|5\/100\n|move|p1b: Sneasler|Close Combat|p2a: Rillaboom\n|-damage|p2a: Rillaboom|4\/100\n|-unboost|p1b: Sneasler|def|1\n|-unboost|p1b: Sneasler|spd|1\n|cant|p2b: Grimmsnarl|flinch\n|\n|-heal|p1b: Sneasler|11\/100|[from] Grassy Terrain\n|-heal|p2a: Rillaboom|10\/100|[from] Grassy Terrain\n|-heal|p2b: Grimmsnarl|91\/100 brn|[from] Grassy Terrain\n|-damage|p2b: Grimmsnarl|85\/100 brn|[from] brn\n|upkeep\n|turn|8\n|inactive|ChikoRanium has 30 seconds left.\n|\n|t:|1727685301\n|move|p1b: Sneasler|Close Combat|p2b: Grimmsnarl\n|-damage|p2b: Grimmsnarl|2\/100 brn\n|-unboost|p1b: Sneasler|def|1\n|-unboost|p1b: Sneasler|spd|1\n|move|p2a: Rillaboom|U-turn|p1a: Rillaboom\n|-supereffective|p1a: Rillaboom\n|-damage|p1a: Rillaboom|50\/100\n|move|p1a: Rillaboom|Wood Hammer|p2a: Rillaboom\n|-resisted|p2a: Rillaboom\n|-damage|p2a: Rillaboom|0 fnt\n|faint|p2a: Rillaboom\n|-damage|p1a: Rillaboom|47\/100|[from] Recoil\n|move|p2b: Grimmsnarl|Spirit Break|p1b: Sneasler\n|-damage|p1b: Sneasler|0 fnt\n|faint|p1b: Sneasler\n|\n|-heal|p1a: Rillaboom|53\/100|[from] Grassy Terrain\n|-heal|p2b: Grimmsnarl|8\/100 brn|[from] Grassy Terrain\n|-damage|p2b: Grimmsnarl|2\/100 brn|[from] brn\n|upkeep\n|\n|t:|1727685311\n|switch|p1b: Hydreigon|Hydreigon, L50, F|100\/100\n|turn|9\n|\n|t:|1727685317\n|move|p1a: Rillaboom|Grassy Glide|p2b: Grimmsnarl\n|-damage|p2b: Grimmsnarl|0 fnt\n|faint|p2b: Grimmsnarl\n|\n|win|something123\n|raw|something123's rating: 1726 &rarr; <strong>1748<\/strong><br \/>(+22 for winning)\n|raw|ChikoRanium's rating: 1769 &rarr; <strong>1747<\/strong><br \/>(-22 for losing)\n|l|\u2606something123\n|player|p1|\n|l| Manchester1997!\n|l|\u2606ChikoRanium\n|player|p2|\n","uploadtime":1727685570,"views":30,"formatid":"gen9vgc2024regh","rating":1747,"private":0,"password":null}