{"id":"gen9vgc2024regh-2212351443","format":"[Gen 9] VGC 2024 Reg H","players":["kiwigal","moon7777"],"log":"|j|\u2606kiwigal\n|j|\u2606moon7777\n|t:|1727640575\n|gametype|doubles\n|player|p1|kiwigal|emma|1691\n|player|p2|moon7777|170|1839\n|teamsize|p1|6\n|teamsize|p2|6\n|gen|9\n|tier|[Gen 9] VGC 2024 Reg H\n|rated|\n|rule|Species Clause: Limit one of each Pok\u00e9mon\n|rule|Item Clause: Limit 1 of each item\n|clearpoke\n|poke|p1|Ninetales-Alola, L50, F|\n|poke|p1|Kingambit, L50, F|\n|poke|p1|Incineroar, L50, M|\n|poke|p1|Amoonguss, L50, F|\n|poke|p1|Primarina, L50, F|\n|poke|p1|Porygon2, L50|\n|poke|p2|Dragonite, L50, F|\n|poke|p2|Krookodile, L50, F|\n|poke|p2|Basculegion, L50, M|\n|poke|p2|Rillaboom, L50, F|\n|poke|p2|Sneasler, L50, F|\n|poke|p2|Comfey, L50, M|\n|teampreview|4\n|\n|t:|1727640603\n|start\n|switch|p1a: Ninetales|Ninetales-Alola, L50, F|100\/100\n|switch|p1b: Incineroar|Incineroar, L50, M|100\/100\n|switch|p2a: Dragonite|Dragonite, L50, F|100\/100\n|switch|p2b: Sneasler|Sneasler, L50, F|100\/100\n|-weather|Snow|[from] ability: Snow Warning|[of] p1a: Ninetales\n|-ability|p1b: Incineroar|Intimidate|boost\n|-unboost|p2a: Dragonite|atk|1\n|-unboost|p2b: Sneasler|atk|1\n|turn|1\n|\n|t:|1727640636\n|-terastallize|p2a: Dragonite|Flying\n|move|p1b: Incineroar|Fake Out|p2b: Sneasler\n|-damage|p2b: Sneasler|79\/100\n|move|p1a: Ninetales|Aurora Veil|p1a: Ninetales\n|-sidestart|p1: kiwigal|move: Aurora Veil\n|cant|p2b: Sneasler|flinch\n|move|p2a: Dragonite|Tera Blast|p1a: Ninetales|[anim] Tera Blast Flying\n|-damage|p1a: Ninetales|73\/100\n|\n|-weather|Snow|[upkeep]\n|upkeep\n|turn|2\n|\n|t:|1727640665\n|move|p1a: Ninetales|Protect|p1a: Ninetales\n|-singleturn|p1a: Ninetales|Protect\n|move|p2b: Sneasler|Coaching|p2a: Dragonite\n|-boost|p2a: Dragonite|atk|1\n|-boost|p2a: Dragonite|def|1\n|move|p2a: Dragonite|Dragon Dance|p2a: Dragonite\n|-boost|p2a: Dragonite|atk|1\n|-boost|p2a: Dragonite|spe|1\n|move|p1b: Incineroar|U-turn|p2a: Dragonite\n|-resisted|p2a: Dragonite\n|-damage|p2a: Dragonite|97\/100\n|\n|t:|1727640678\n|switch|p1b: Kingambit|Kingambit, L50, F|100\/100|[from] U-turn\n|\n|-weather|Snow|[upkeep]\n|upkeep\n|turn|3\n|\n|t:|1727640705\n|move|p1b: Kingambit|Protect|p1b: Kingambit\n|-singleturn|p1b: Kingambit|Protect\n|move|p2a: Dragonite|Extreme Speed|p1a: Ninetales\n|-damage|p1a: Ninetales|44\/100\n|move|p1a: Ninetales|Freeze-Dry|p2a: Dragonite\n|-supereffective|p2a: Dragonite\n|-damage|p2a: Dragonite|49\/100\n|move|p2b: Sneasler|Dire Claw|p1a: Ninetales\n|-supereffective|p1a: Ninetales\n|-damage|p1a: Ninetales|3\/100\n|-status|p1a: Ninetales|par\n|\n|-weather|Snow|[upkeep]\n|upkeep\n|turn|4\n|\n|t:|1727640741\n|switch|p1a: Incineroar|Incineroar, L50, M|100\/100\n|-ability|p1a: Incineroar|Intimidate|boost\n|-unboost|p2a: Dragonite|atk|1\n|-unboost|p2b: Sneasler|atk|1\n|-terastallize|p1b: Kingambit|Dark\n|move|p2b: Sneasler|Close Combat|p1b: Kingambit\n|-supereffective|p1b: Kingambit\n|-damage|p1b: Kingambit|64\/100\n|-unboost|p2b: Sneasler|def|1\n|-unboost|p2b: Sneasler|spd|1\n|move|p2a: Dragonite|Dragon Dance|p2a: Dragonite\n|-boost|p2a: Dragonite|atk|1\n|-boost|p2a: Dragonite|spe|1\n|move|p1b: Kingambit|Kowtow Cleave|p2a: Dragonite\n|-damage|p2a: Dragonite|4\/100\n|\n|-weather|Snow|[upkeep]\n|upkeep\n|turn|5\n|\n|t:|1727640765\n|switch|p2b: Comfey|Comfey, L50, M|100\/100\n|move|p2a: Dragonite|Protect|p2a: Dragonite\n|-singleturn|p2a: Dragonite|Protect\n|move|p1a: Incineroar|Fake Out|p2a: Dragonite\n|-activate|p2a: Dragonite|move: Protect\n|move|p1b: Kingambit|Kowtow Cleave|p2b: Comfey\n|-resisted|p2b: Comfey\n|-damage|p2b: Comfey|74\/100\n|\n|-weather|none\n|upkeep\n|turn|6\n|\n|t:|1727640784\n|move|p2b: Comfey|Floral Healing|p2a: Dragonite\n|-heal|p2a: Dragonite|54\/100\n|move|p2a: Dragonite|Tera Blast|p1b: Kingambit|[anim] Tera Blast Flying\n|-damage|p1b: Kingambit|16\/100\n|move|p1a: Incineroar|Knock Off|p2a: Dragonite\n|-damage|p2a: Dragonite|23\/100\n|-enditem|p2a: Dragonite|Lum Berry|[from] move: Knock Off|[of] p1a: Incineroar\n|move|p1b: Kingambit|Kowtow Cleave|p2a: Dragonite\n|-damage|p2a: Dragonite|0 fnt\n|faint|p2a: Dragonite\n|\n|upkeep\n|\n|t:|1727640797\n|switch|p2a: Sneasler|Sneasler, L50, F|79\/100\n|turn|7\n|\n|t:|1727640811\n|switch|p1b: Amoonguss|Amoonguss, L50, F|100\/100\n|move|p2b: Comfey|Draining Kiss|p1b: Amoonguss\n|-resisted|p1b: Amoonguss\n|-damage|p1b: Amoonguss|96\/100\n|-heal|p2b: Comfey|79\/100|[from] drain|[of] p1b: Amoonguss\n|move|p2a: Sneasler|Close Combat|p1a: Incineroar\n|-supereffective|p1a: Incineroar\n|-damage|p1a: Incineroar|28\/100\n|-unboost|p2a: Sneasler|def|1\n|-unboost|p2a: Sneasler|spd|1\n|-status|p1a: Incineroar|psn|[from] ability: Poison Touch|[of] p2a: Sneasler\n|move|p1a: Incineroar|U-turn|p2a: Sneasler\n|-resisted|p2a: Sneasler\n|-damage|p2a: Sneasler|67\/100\n|\n|t:|1727640837\n|switch|p1a: Kingambit|Kingambit, L50, F, tera:Dark|16\/100|[from] U-turn\n|\n|upkeep\n|turn|8\n|\n|t:|1727640860\n|switch|p2a: Krookodile|Krookodile, L50, F|100\/100\n|-ability|p2a: Krookodile|Intimidate|boost\n|-unboost|p1a: Kingambit|atk|1\n|-ability|p1a: Kingambit|Defiant|boost\n|-boost|p1a: Kingambit|atk|2\n|-unboost|p1b: Amoonguss|atk|1\n|move|p1a: Kingambit|Protect|p1a: Kingambit\n|-singleturn|p1a: Kingambit|Protect\n|move|p2b: Comfey|Taunt|p1b: Amoonguss\n|-start|p1b: Amoonguss|move: Taunt\n|-enditem|p1b: Amoonguss|Mental Herb\n|-end|p1b: Amoonguss|move: Taunt\n|move|p1b: Amoonguss|Spore|p2b: Comfey\n|-activate|p2b: Comfey|item: Safety Goggles|Spore\n|\n|-sideend|p1: kiwigal|move: Aurora Veil\n|upkeep\n|turn|9\n|-message|kiwigal forfeited.\n|\n|win|moon7777\n|raw|kiwigal's rating: 1691 &rarr; <strong>1679<\/strong><br \/>(-12 for losing)\n|raw|moon7777's rating: 1839 &rarr; <strong>1851<\/strong><br \/>(+12 for winning)\n|l|\u2606kiwigal\n|player|p1|\n|l|\u2606moon7777\n|player|p2|\n","uploadtime":1727641119,"views":99,"formatid":"gen9vgc2024regh","rating":1679,"private":0,"password":null}