{"id":"gen9vgc2024regh-2212635742","format":"[Gen 9] VGC 2024 Reg H","players":["855wu1","Xeoffee"],"log":"|j|\u2606855wu1\n|j|\u2606Xeoffee\n|t:|1727679445\n|gametype|doubles\n|player|p1|855wu1|lass-gen4dp|1701\n|player|p2|Xeoffee|n|1788\n|teamsize|p1|6\n|teamsize|p2|6\n|gen|9\n|tier|[Gen 9] VGC 2024 Reg H\n|rated|\n|rule|Species Clause: Limit one of each Pok\u00e9mon\n|rule|Item Clause: Limit 1 of each item\n|clearpoke\n|poke|p1|Dondozo, L50, F|\n|poke|p1|Weezing, L50, M|\n|poke|p1|Talonflame, L50, F|\n|poke|p1|Tatsugiri-Droopy, L50, M|\n|poke|p1|Slaking, L50, F|\n|poke|p1|Typhlosion-Hisui, L50, F|\n|poke|p2|Volcarona, L50, F|\n|poke|p2|Primarina, L50, M|\n|poke|p2|Rillaboom, L50, M|\n|poke|p2|Ursaluna-Bloodmoon, L50, M|\n|poke|p2|Electabuzz, L50, M|\n|poke|p2|Farigiraf, L50, M|\n|teampreview|4\n|inactive|Battle timer is ON: inactive players will automatically lose when time's up. (requested by 855wu1)\n|\n|t:|1727679488\n|start\n|switch|p1a: Weezing|Weezing, L50, M|100\/100\n|switch|p1b: Slaking|Slaking, L50, F|100\/100\n|switch|p2a: Farigiraf|Farigiraf, L50, M|100\/100\n|switch|p2b: Electabuzz|Electabuzz, L50, M|100\/100\n|-ability|p1a: Weezing|Neutralizing Gas\n|turn|1\n|\n|t:|1727679505\n|move|p2b: Electabuzz|Follow Me|p2b: Electabuzz\n|-singleturn|p2b: Electabuzz|move: Follow Me\n|move|p1b: Slaking|Knock Off|p2b: Electabuzz\n|-damage|p2b: Electabuzz|63\/100\n|-enditem|p2b: Electabuzz|Eviolite|[from] move: Knock Off|[of] p1b: Slaking\n|-damage|p1b: Slaking|91\/100|[from] item: Life Orb\n|move|p1a: Weezing|Toxic Spikes|p2a: Farigiraf\n|-sidestart|p2: Xeoffee|move: Toxic Spikes\n|move|p2a: Farigiraf|Trick Room|p2a: Farigiraf\n|-fieldstart|move: Trick Room|[of] p2a: Farigiraf\n|\n|upkeep\n|turn|2\n|\n|t:|1727679520\n|move|p1a: Weezing|Protect|p1a: Weezing\n|-singleturn|p1a: Weezing|Protect\n|move|p2b: Electabuzz|Follow Me|p2b: Electabuzz\n|-singleturn|p2b: Electabuzz|move: Follow Me\n|move|p2a: Farigiraf|Psychic|p1b: Slaking\n|-damage|p1b: Slaking|47\/100\n|move|p1b: Slaking|High Horsepower|p2b: Electabuzz\n|-supereffective|p2b: Electabuzz\n|-damage|p2b: Electabuzz|0 fnt\n|faint|p2b: Electabuzz\n|-damage|p1b: Slaking|37\/100|[from] item: Life Orb\n|\n|upkeep\n|j| Satansinlaw\n|\n|t:|1727679531\n|switch|p2b: Ursaluna|Ursaluna-Bloodmoon, L50, M|100\/100\n|-status|p2b: Ursaluna|psn\n|turn|3\n|\n|t:|1727679542\n|-terastallize|p2b: Ursaluna|Normal\n|-terastallize|p1b: Slaking|Ghost\n|move|p2b: Ursaluna|Hyper Voice|p1a: Weezing|[spread] p1a\n|-immune|p1b: Slaking\n|-damage|p1a: Weezing|31\/100\n|-enditem|p1a: Weezing|Sitrus Berry|[eat]\n|-heal|p1a: Weezing|56\/100|[from] item: Sitrus Berry\n|-damage|p2b: Ursaluna|91\/100 psn|[from] item: Life Orb\n|move|p2a: Farigiraf|Psychic|p1a: Weezing\n|-supereffective|p1a: Weezing\n|-damage|p1a: Weezing|0 fnt\n|faint|p1a: Weezing\n|-end|p1a: Weezing|ability: Neutralizing Gas\n|move|p1b: Slaking|Knock Off|p2a: Farigiraf\n|-supereffective|p2a: Farigiraf\n|-damage|p2a: Farigiraf|0 fnt\n|-enditem|p2a: Farigiraf|Grassy Seed|[from] move: Knock Off|[of] p1b: Slaking\n|faint|p2a: Farigiraf\n|-damage|p1b: Slaking|27\/100|[from] item: Life Orb\n|\n|-damage|p2b: Ursaluna|79\/100 psn|[from] psn\n|upkeep\n|\n|t:|1727679561\n|switch|p2a: Primarina|Primarina, L50, M|100\/100\n|switch|p1a: Dondozo|Dondozo, L50, F|100\/100\n|-status|p2a: Primarina|psn\n|turn|4\n|\n|t:|1727679581\n|move|p2a: Primarina|Haze|p2a: Primarina\n|-clearallboost\n|move|p2b: Ursaluna|Blood Moon|p1a: Dondozo\n|-damage|p1a: Dondozo|0 fnt\n|faint|p1a: Dondozo\n|-damage|p2b: Ursaluna|69\/100 psn|[from] item: Life Orb\n|cant|p1b: Slaking|ability: Truant\n|\n|-damage|p2a: Primarina|88\/100 psn|[from] psn\n|-damage|p2b: Ursaluna|57\/100 psn|[from] psn\n|upkeep\n|\n|t:|1727679589\n|switch|p1a: Tatsugiri|Tatsugiri-Droopy, L50, M|100\/100\n|turn|5\n|\n|t:|1727679598\n|move|p1a: Tatsugiri|Protect|p1a: Tatsugiri\n|-singleturn|p1a: Tatsugiri|Protect\n|move|p2a: Primarina|Moonblast|p1a: Tatsugiri\n|-activate|p1a: Tatsugiri|move: Protect\n|move|p2b: Ursaluna|Hyper Voice|p1b: Slaking|[spread] p1b\n|-activate|p1a: Tatsugiri|move: Protect\n|-damage|p1b: Slaking|0 fnt\n|faint|p1b: Slaking\n|-damage|p2b: Ursaluna|47\/100 psn|[from] item: Life Orb\n|\n|-damage|p2a: Primarina|75\/100 psn|[from] psn\n|-damage|p2b: Ursaluna|35\/100 psn|[from] psn\n|-fieldend|move: Trick Room\n|upkeep\n|turn|6\n|\n|t:|1727679607\n|move|p1a: Tatsugiri|Muddy Water|p2b: Ursaluna|[spread] p2a,p2b\n|-resisted|p2a: Primarina\n|-damage|p2a: Primarina|60\/100 psn\n|-damage|p2b: Ursaluna|0 fnt\n|-unboost|p2a: Primarina|accuracy|1\n|faint|p2b: Ursaluna\n|move|p2a: Primarina|Moonblast|p1a: Tatsugiri\n|-supereffective|p1a: Tatsugiri\n|-enditem|p1a: Tatsugiri|Focus Sash\n|-damage|p1a: Tatsugiri|1\/100\n|\n|-damage|p2a: Primarina|48\/100 psn|[from] psn\n|upkeep\n|turn|7\n|-message|855wu1 forfeited.\n|\n|win|Xeoffee\n|raw|855wu1's rating: 1701 &rarr; <strong>1686<\/strong><br \/>(-15 for losing)\n|raw|Xeoffee's rating: 1788 &rarr; <strong>1803<\/strong><br \/>(+15 for winning)\n|l|\u2606855wu1\n|player|p1|\n|l|\u2606Xeoffee\n|player|p2|\n|l| Satansinlaw\n","uploadtime":1727679749,"views":23,"formatid":"gen9vgc2024regh","rating":1686,"private":0,"password":null}