{"id":"gen9vgc2024regh-2212220628","format":"[Gen 9] VGC 2024 Reg H","players":["gutsgantz","ChikoRanium"],"log":"|j|\u2606gutsgantz\n|j|\u2606ChikoRanium\n|t:|1727626549\n|gametype|doubles\n|player|p1|gutsgantz|acetrainer-gen4|1649\n|player|p2|ChikoRanium|volo-ginkgo|1705\n|teamsize|p1|6\n|teamsize|p2|6\n|gen|9\n|tier|[Gen 9] VGC 2024 Reg H\n|rated|\n|rule|Species Clause: Limit one of each Pok\u00e9mon\n|rule|Item Clause: Limit 1 of each item\n|clearpoke\n|poke|p1|Archaludon, L50, M|\n|poke|p1|Pelipper, L50, M|\n|poke|p1|Whimsicott, L50, M|\n|poke|p1|Farigiraf, L50, F|\n|poke|p1|Shiftry, L50, F|\n|poke|p1|Rillaboom, L50, M|\n|poke|p2|Grimmsnarl, L50, M|\n|poke|p2|Skeledirge, L50, M|\n|poke|p2|Tyranitar, L50, M|\n|poke|p2|Corviknight, L50, F|\n|poke|p2|Rillaboom, L50, M|\n|poke|p2|Archaludon, L50, F|\n|teampreview|4\n|inactive|Battle timer is ON: inactive players will automatically lose when time's up. (requested by ChikoRanium)\n|inactive|ChikoRanium has 60 seconds left.\n|\n|t:|1727626602\n|start\n|switch|p1a: Whimsicott|Whimsicott, L50, M|100\/100\n|switch|p1b: Shiftry|Shiftry, L50, F|100\/100\n|switch|p2a: Archaludon|Archaludon, L50, F|100\/100\n|switch|p2b: Rillaboom|Rillaboom, L50, M|100\/100\n|-fieldstart|move: Grassy Terrain|[from] ability: Grassy Surge|[of] p2b: Rillaboom\n|turn|1\n|\n|t:|1727626616\n|-terastallize|p1b: Shiftry|Fighting\n|move|p1a: Whimsicott|Tailwind|p1a: Whimsicott\n|-sidestart|p1: gutsgantz|move: Tailwind\n|-ability|p1b: Shiftry|Wind Rider|boost\n|-boost|p1b: Shiftry|atk|1\n|move|p1b: Shiftry|Low Kick|p2a: Archaludon\n|-supereffective|p2a: Archaludon\n|-damage|p2a: Archaludon|0 fnt\n|faint|p2a: Archaludon\n|-damage|p1b: Shiftry|91\/100|[from] item: Life Orb\n|move|p2b: Rillaboom|Bullet Seed|p2: Archaludon|[notarget]\n|-fail|p2b: Rillaboom\n|\n|-heal|p1b: Shiftry|97\/100|[from] Grassy Terrain\n|upkeep\n|\n|t:|1727626641\n|switch|p2a: Tyranitar|Tyranitar, L50, M|100\/100\n|-weather|Sandstorm|[from] ability: Sand Stream|[of] p2a: Tyranitar\n|turn|2\n|\n|t:|1727626658\n|-terastallize|p2a: Tyranitar|Flying\n|move|p2b: Rillaboom|Grassy Glide|p1b: Shiftry\n|-damage|p1b: Shiftry|28\/100\n|move|p1a: Whimsicott|Moonblast|p2a: Tyranitar\n|-damage|p2a: Tyranitar|65\/100\n|move|p1b: Shiftry|Knock Off|p2a: Tyranitar\n|-crit|p2a: Tyranitar\n|-damage|p2a: Tyranitar|0 fnt\n|-enditem|p2a: Tyranitar|Life Orb|[from] move: Knock Off|[of] p1b: Shiftry\n|faint|p2a: Tyranitar\n|-damage|p1b: Shiftry|18\/100|[from] item: Life Orb\n|\n|-weather|Sandstorm|[upkeep]\n|-damage|p1a: Whimsicott|95\/100|[from] Sandstorm\n|-damage|p1b: Shiftry|12\/100|[from] Sandstorm\n|-damage|p2b: Rillaboom|94\/100|[from] Sandstorm\n|-heal|p1a: Whimsicott|100\/100|[from] Grassy Terrain\n|-heal|p1b: Shiftry|18\/100|[from] Grassy Terrain\n|-heal|p2b: Rillaboom|100\/100|[from] Grassy Terrain\n|upkeep\n|\n|t:|1727626671\n|switch|p2a: Skeledirge|Skeledirge, L50, M|100\/100\n|turn|3\n|j| mr pogostick\n|inactive|gutsgantz has 30 seconds left.\n|\n|t:|1727626696\n|switch|p1b: Archaludon|Archaludon, L50, M|100\/100\n|move|p2b: Rillaboom|Grassy Glide|p1b: Archaludon\n|-resisted|p1b: Archaludon\n|-damage|p1b: Archaludon|94\/100\n|-ability|p1b: Archaludon|Stamina|boost\n|-boost|p1b: Archaludon|def|1\n|move|p1a: Whimsicott|Beat Up|p1b: Archaludon\n|-damage|p1b: Archaludon|93\/100\n|-ability|p1b: Archaludon|Stamina|boost\n|-boost|p1b: Archaludon|def|1\n|-damage|p1b: Archaludon|92\/100\n|-ability|p1b: Archaludon|Stamina|boost\n|-boost|p1b: Archaludon|def|1\n|-damage|p1b: Archaludon|91\/100\n|-ability|p1b: Archaludon|Stamina|boost\n|-boost|p1b: Archaludon|def|1\n|-damage|p1b: Archaludon|90\/100\n|-ability|p1b: Archaludon|Stamina|boost\n|-boost|p1b: Archaludon|def|1\n|-hitcount|p1b: Archaludon|4\n|move|p2a: Skeledirge|Torch Song|p1a: Whimsicott\n|-supereffective|p1a: Whimsicott\n|-damage|p1a: Whimsicott|0 fnt\n|-boost|p2a: Skeledirge|spa|1\n|faint|p1a: Whimsicott\n|\n|-weather|Sandstorm|[upkeep]\n|-damage|p2b: Rillaboom|94\/100|[from] Sandstorm\n|-damage|p2a: Skeledirge|94\/100|[from] Sandstorm\n|-heal|p1b: Archaludon|96\/100|[from] Grassy Terrain\n|-heal|p2b: Rillaboom|100\/100|[from] Grassy Terrain\n|-heal|p2a: Skeledirge|100\/100|[from] Grassy Terrain\n|upkeep\n|\n|t:|1727626717\n|switch|p1a: Pelipper|Pelipper, L50, M|100\/100\n|-weather|RainDance|[from] ability: Drizzle|[of] p1a: Pelipper\n|turn|4\n|\n|t:|1727626726\n|move|p1a: Pelipper|Weather Ball|p2a: Skeledirge\n|-supereffective|p2a: Skeledirge\n|-damage|p2a: Skeledirge|0 fnt\n|faint|p2a: Skeledirge\n|move|p1b: Archaludon|Snarl|p2b: Rillaboom\n|-damage|p2b: Rillaboom|81\/100\n|-unboost|p2b: Rillaboom|spa|1\n|move|p2b: Rillaboom|Bullet Seed|p1a: Pelipper\n|-damage|p1a: Pelipper|78\/100\n|-damage|p1a: Pelipper|50\/100\n|-damage|p1a: Pelipper|26\/100\n|-damage|p1a: Pelipper|0 fnt\n|faint|p1a: Pelipper\n|-hitcount|p1: Pelipper|4\n|\n|-weather|RainDance|[upkeep]\n|-heal|p1b: Archaludon|100\/100|[from] Grassy Terrain\n|-heal|p2b: Rillaboom|87\/100|[from] Grassy Terrain\n|-sideend|p1: gutsgantz|move: Tailwind\n|upkeep\n|\n|t:|1727626733\n|switch|p1a: Shiftry|Shiftry, L50, F, tera:Fighting|18\/100\n|turn|5\n|j| Nido_kingj\n|-message|ChikoRanium forfeited.\n|\n|win|gutsgantz\n|raw|gutsgantz's rating: 1649 &rarr; <strong>1672<\/strong><br \/>(+23 for winning)\n|raw|ChikoRanium's rating: 1705 &rarr; <strong>1682<\/strong><br \/>(-23 for losing)\n|l|\u2606ChikoRanium\n|player|p2|\n|l| mr pogostick\n|l|\u2606gutsgantz\n|player|p1|\n","uploadtime":1727627002,"views":26,"formatid":"gen9vgc2024regh","rating":1672,"private":0,"password":null}