{"id":"gen9vgc2024regh-2212609580","format":"[Gen 9] VGC 2024 Reg H","players":["kanotake","Abro hilo"],"log":"|j|\u2606kanotake\n|j|\u2606Abro hilo\n|t:|1727674640\n|gametype|doubles\n|player|p1|kanotake|1|1656\n|player|p2|Abro hilo|benga|1704\n|teamsize|p1|6\n|teamsize|p2|6\n|gen|9\n|tier|[Gen 9] VGC 2024 Reg H\n|rated|\n|rule|Species Clause: Limit one of each Pok\u00e9mon\n|rule|Item Clause: Limit 1 of each item\n|clearpoke\n|poke|p1|Garchomp, L50, F|\n|poke|p1|Torkoal, L50, M|\n|poke|p1|Lilligant-Hisui, L50, F|\n|poke|p1|Milotic, L50, M|\n|poke|p1|Annihilape, L50, F|\n|poke|p1|Gardevoir, L50, M|\n|poke|p2|Gallade, L50, M|\n|poke|p2|Kingambit, L50, M|\n|poke|p2|Rillaboom, L50, F|\n|poke|p2|Pelipper, L50, F|\n|poke|p2|Archaludon, L50, M|\n|poke|p2|Maushold, L50|\n|teampreview|4\n|inactive|Battle timer is ON: inactive players will automatically lose when time's up. (requested by kanotake)\n|\n|t:|1727674685\n|start\n|switch|p1a: Garchomp|Garchomp, L50, F|100\/100\n|switch|p1b: Gardevoir|Gardevoir, L50, M|100\/100\n|switch|p2a: Gallade|Gallade, L50, M, shiny|100\/100\n|switch|p2b: Kingambit|Kingambit, L50, M, shiny|100\/100\n|turn|1\n|\n|t:|1727674702\n|move|p2a: Gallade|Protect|p2a: Gallade\n|-singleturn|p2a: Gallade|Protect\n|move|p2b: Kingambit|Protect|p2b: Kingambit\n|-singleturn|p2b: Kingambit|Protect\n|move|p1a: Garchomp|Earthquake|p2a: Gallade|[spread] \n|-activate|p2a: Gallade|move: Protect\n|-activate|p2b: Kingambit|move: Protect\n|-activate|p1b: Gardevoir|ability: Telepathy\n|move|p1b: Gardevoir|Aura Sphere|p2b: Kingambit\n|-activate|p2b: Kingambit|move: Protect\n|\n|upkeep\n|turn|2\n|\n|t:|1727674719\n|-terastallize|p2b: Kingambit|Dragon\n|move|p2a: Gallade|Wide Guard|p2a: Gallade\n|-singleturn|p2a: Gallade|Wide Guard\n|move|p1a: Garchomp|Earthquake|p2b: Kingambit|[spread] \n|-activate|p2a: Gallade|move: Wide Guard\n|-activate|p2b: Kingambit|move: Wide Guard\n|-activate|p1b: Gardevoir|ability: Telepathy\n|move|p1b: Gardevoir|Will-O-Wisp|p2b: Kingambit|[miss]\n|-miss|p1b: Gardevoir|p2b: Kingambit\n|move|p2b: Kingambit|Iron Head|p1b: Gardevoir\n|-supereffective|p1b: Gardevoir\n|-damage|p1b: Gardevoir|14\/100\n|\n|upkeep\n|turn|3\n|\n|t:|1727674740\n|move|p2b: Kingambit|Protect|p2b: Kingambit\n|-singleturn|p2b: Kingambit|Protect\n|move|p1a: Garchomp|Earthquake|p2b: Kingambit|[spread] p2a\n|-activate|p2b: Kingambit|move: Protect\n|-activate|p1b: Gardevoir|ability: Telepathy\n|-damage|p2a: Gallade|42\/100\n|move|p2a: Gallade|Psycho Cut|p1b: Gardevoir\n|-resisted|p1b: Gardevoir\n|-damage|p1b: Gardevoir|0 fnt\n|faint|p1b: Gardevoir\n|\n|upkeep\n|\n|t:|1727674753\n|switch|p1b: Lilligant|Lilligant-Hisui, L50, F|100\/100\n|turn|4\n|inactive|kanotake has 30 seconds left.\n|\n|t:|1727674781\n|move|p2a: Gallade|Wide Guard|p2a: Gallade\n|-singleturn|p2a: Gallade|Wide Guard\n|move|p1b: Lilligant|Coaching|p1a: Garchomp\n|-boost|p1a: Garchomp|atk|1\n|-boost|p1a: Garchomp|def|1\n|move|p1a: Garchomp|Dragon Claw|p2b: Kingambit\n|-supereffective|p2b: Kingambit\n|-damage|p2b: Kingambit|8\/100\n|move|p2b: Kingambit|Iron Head|p1b: Lilligant\n|-damage|p1b: Lilligant|32\/100\n|\n|upkeep\n|turn|5\n|\n|t:|1727674803\n|move|p1b: Lilligant|Protect|p1b: Lilligant\n|-singleturn|p1b: Lilligant|Protect\n|move|p2b: Kingambit|Protect|p2b: Kingambit\n|-singleturn|p2b: Kingambit|Protect\n|move|p1a: Garchomp|Dragon Claw|p2a: Gallade\n|-damage|p2a: Gallade|0 fnt\n|faint|p2a: Gallade\n|\n|upkeep\n|\n|t:|1727674817\n|switch|p2a: Pelipper|Pelipper, L50, F, shiny|100\/100\n|-weather|RainDance|[from] ability: Drizzle|[of] p2a: Pelipper\n|turn|6\n|\n|t:|1727674827\n|switch|p1b: Torkoal|Torkoal, L50, M|100\/100\n|-weather|SunnyDay|[from] ability: Drought|[of] p1b: Torkoal\n|move|p2b: Kingambit|Sucker Punch||[still]\n|-fail|p2b: Kingambit\n|move|p1a: Garchomp|Dragon Claw|p2b: Kingambit\n|-supereffective|p2b: Kingambit\n|-damage|p2b: Kingambit|0 fnt\n|faint|p2b: Kingambit\n|move|p2a: Pelipper|Tailwind|p2a: Pelipper\n|-sidestart|p2: Abro hilo|move: Tailwind\n|\n|-weather|SunnyDay|[upkeep]\n|upkeep\n|\n|t:|1727674834\n|switch|p2b: Archaludon|Archaludon, L50, M, shiny|100\/100\n|turn|7\n|\n|t:|1727674856\n|-terastallize|p1a: Garchomp|Ground\n|move|p1b: Torkoal|Helping Hand|p1a: Garchomp\n|-singleturn|p1a: Garchomp|Helping Hand|[of] p1b: Torkoal\n|move|p2a: Pelipper|Weather Ball|p1a: Garchomp\n|-damage|p1a: Garchomp|68\/100\n|move|p2b: Archaludon|Dragon Pulse|p1a: Garchomp\n|-damage|p1a: Garchomp|41\/100\n|move|p1a: Garchomp|Stomping Tantrum|p2b: Archaludon\n|-supereffective|p2b: Archaludon\n|-damage|p2b: Archaludon|0 fnt\n|faint|p2b: Archaludon\n|\n|-weather|SunnyDay|[upkeep]\n|upkeep\n|turn|8\n|-message|Abro hilo forfeited.\n|\n|win|kanotake\n|raw|kanotake's rating: 1656 &rarr; <strong>1679<\/strong><br \/>(+23 for winning)\n|raw|Abro hilo's rating: 1704 &rarr; <strong>1681<\/strong><br \/>(-23 for losing)\n|l|\u2606Abro hilo\n|player|p2|\n","uploadtime":1727675044,"views":15,"formatid":"gen9vgc2024regh","rating":1679,"private":0,"password":null}