{"id":"gen9vgc2024regh-2212136013","format":"[Gen 9] VGC 2024 Reg H","players":["Waffles4breakfast","epigrlozvgc"],"log":"|j|\u2606Waffles4breakfast\n|j|\u2606epigrlozvgc\n|t:|1727616349\n|gametype|doubles\n|player|p1|Waffles4breakfast|juggler|1735\n|player|p2|epigrlozvgc|alder|1662\n|teamsize|p1|6\n|teamsize|p2|6\n|gen|9\n|tier|[Gen 9] VGC 2024 Reg H\n|rated|\n|rule|Species Clause: Limit one of each Pok\u00e9mon\n|rule|Item Clause: Limit 1 of each item\n|clearpoke\n|poke|p1|Archaludon, L50, F|\n|poke|p1|Pelipper, L50, M|\n|poke|p1|Basculegion, L50, M|\n|poke|p1|Amoonguss, L50, F|\n|poke|p1|Gholdengo, L50|\n|poke|p1|Murkrow, L50, M|\n|poke|p2|Dragonite, L50, F|\n|poke|p2|Quaquaval, L50, M|\n|poke|p2|Whimsicott, L50, F|\n|poke|p2|Volcarona, L50, F|\n|poke|p2|Kingambit, L50, M|\n|poke|p2|Rillaboom, L50, M|\n|teampreview|4\n|inactive|Battle timer is ON: inactive players will automatically lose when time's up. (requested by Waffles4breakfast)\n|\n|t:|1727616377\n|start\n|switch|p1a: Archaludon|Archaludon, L50, F|100\/100\n|switch|p1b: Pelipper|Pelipper, L50, M|100\/100\n|switch|p2a: Whimsicott|Whimsicott, L50, F|100\/100\n|switch|p2b: Volcarona|Volcarona, L50, F|100\/100\n|-weather|RainDance|[from] ability: Drizzle|[of] p1b: Pelipper\n|turn|1\n|\n|t:|1727616393\n|move|p2a: Whimsicott|Sunny Day|p2a: Whimsicott\n|-weather|SunnyDay\n|move|p2b: Volcarona|Heat Wave|p1b: Pelipper|[spread] p1a,p1b\n|-resisted|p1b: Pelipper\n|-damage|p1a: Archaludon|24\/100\n|-damage|p1b: Pelipper|18\/100\n|-status|p1b: Pelipper|brn\n|-ability|p1a: Archaludon|Stamina|boost\n|-boost|p1a: Archaludon|def|1\n|move|p1b: Pelipper|Weather Ball|p2a: Whimsicott\n|-supereffective|p2a: Whimsicott\n|-damage|p2a: Whimsicott|4\/100\n|move|p1a: Archaludon|Flash Cannon|p2a: Whimsicott\n|-supereffective|p2a: Whimsicott\n|-damage|p2a: Whimsicott|0 fnt\n|faint|p2a: Whimsicott\n|\n|-weather|SunnyDay|[upkeep]\n|-damage|p1b: Pelipper|12\/100 brn|[from] brn\n|upkeep\n|\n|t:|1727616408\n|switch|p2a: Quaquaval|Quaquaval, L50, M|100\/100\n|turn|2\n|\n|t:|1727616428\n|switch|p1b: Amoonguss|Amoonguss, L50, F|100\/100\n|move|p2b: Volcarona|Heat Wave|p1a: Archaludon|[spread] p1a,p1b\n|-supereffective|p1b: Amoonguss\n|-damage|p1a: Archaludon|0 fnt\n|-damage|p1b: Amoonguss|0 fnt\n|faint|p1a: Archaludon\n|faint|p1b: Amoonguss\n|move|p2a: Quaquaval|Aqua Step|p1: Archaludon|[notarget]\n|-fail|p2a: Quaquaval\n|\n|-weather|SunnyDay|[upkeep]\n|upkeep\n|\n|t:|1727616431\n|switch|p1a: Gholdengo|Gholdengo, L50|100\/100\n|switch|p1b: Pelipper|Pelipper, L50, M|12\/100 brn\n|-weather|RainDance|[from] ability: Drizzle|[of] p1b: Pelipper\n|turn|3\n|\n|t:|1727616448\n|-terastallize|p1a: Gholdengo|Steel\n|move|p1b: Pelipper|Protect|p1b: Pelipper\n|-singleturn|p1b: Pelipper|Protect\n|move|p2b: Volcarona|Heat Wave|p1b: Pelipper|[spread] \n|-activate|p1b: Pelipper|move: Protect\n|-miss|p2b: Volcarona|p1a: Gholdengo\n|move|p1a: Gholdengo|Make It Rain|p2a: Quaquaval|[spread] p2a,p2b\n|-resisted|p2a: Quaquaval\n|-resisted|p2b: Volcarona\n|-damage|p2a: Quaquaval|32\/100\n|-damage|p2b: Volcarona|50\/100\n|-unboost|p1a: Gholdengo|spa|1\n|move|p2a: Quaquaval|Aqua Step|p1b: Pelipper\n|-activate|p1b: Pelipper|move: Protect\n|\n|-weather|RainDance|[upkeep]\n|-damage|p1b: Pelipper|6\/100 brn|[from] brn\n|upkeep\n|turn|4\n|\n|t:|1727616458\n|move|p2a: Quaquaval|Protect|p2a: Quaquaval\n|-singleturn|p2a: Quaquaval|Protect\n|move|p1b: Pelipper|Wide Guard|p1b: Pelipper\n|-singleturn|p1b: Pelipper|Wide Guard\n|move|p2b: Volcarona|Heat Wave|p1a: Gholdengo|[spread] \n|-activate|p1a: Gholdengo|move: Wide Guard\n|-activate|p1b: Pelipper|move: Wide Guard\n|move|p1a: Gholdengo|Make It Rain|p2b: Volcarona|[spread] p2b\n|-activate|p2a: Quaquaval|move: Protect\n|-resisted|p2b: Volcarona\n|-damage|p2b: Volcarona|19\/100\n|-unboost|p1a: Gholdengo|spa|1\n|\n|-weather|RainDance|[upkeep]\n|-damage|p1b: Pelipper|0 fnt|[from] brn\n|faint|p1b: Pelipper\n|upkeep\n|turn|5\n|\n|t:|1727616476\n|move|p2b: Volcarona|Heat Wave|p1a: Gholdengo\n|-supereffective|p1a: Gholdengo\n|-damage|p1a: Gholdengo|5\/100\n|move|p1a: Gholdengo|Make It Rain|p2b: Volcarona|[spread] p2a,p2b\n|-resisted|p2a: Quaquaval\n|-resisted|p2b: Volcarona\n|-damage|p2a: Quaquaval|0 fnt\n|-damage|p2b: Volcarona|0 fnt\n|-unboost|p1a: Gholdengo|spa|1\n|faint|p2a: Quaquaval\n|faint|p2b: Volcarona\n|\n|-weather|RainDance|[upkeep]\n|upkeep\n|\n|t:|1727616481\n|switch|p2b: Kingambit|Kingambit, L50, M|100\/100\n|turn|6\n|\n|t:|1727616483\n|move|p2b: Kingambit|Sucker Punch|p1a: Gholdengo\n|-damage|p1a: Gholdengo|0 fnt\n|faint|p1a: Gholdengo\n|\n|win|epigrlozvgc\n|raw|Waffles4breakfast's rating: 1735 &rarr; <strong>1711<\/strong><br \/>(-24 for losing)\n|raw|epigrlozvgc's rating: 1662 &rarr; <strong>1686<\/strong><br \/>(+24 for winning)\n|l|\u2606Waffles4breakfast\n|player|p1|\n|l|\u2606epigrlozvgc\n|player|p2|\n","uploadtime":1727616754,"views":19,"formatid":"gen9vgc2024regh","rating":1686,"private":0,"password":null}