{"id":"gen9vgc2024regh-2212614377","format":"[Gen 9] VGC 2024 Reg H","players":["Abro hilo","something123"],"log":"|j|\u2606Abro hilo\n|j|\u2606something123\n|t:|1727675519\n|gametype|doubles\n|player|p1|Abro hilo|benga|1709\n|player|p2|something123|266|1708\n|teamsize|p1|6\n|teamsize|p2|6\n|gen|9\n|tier|[Gen 9] VGC 2024 Reg H\n|rated|\n|rule|Species Clause: Limit one of each Pok\u00e9mon\n|rule|Item Clause: Limit 1 of each item\n|clearpoke\n|poke|p1|Gallade, L50, M|\n|poke|p1|Kingambit, L50, M|\n|poke|p1|Rillaboom, L50, M|\n|poke|p1|Pelipper, L50, M|\n|poke|p1|Archaludon, L50, F|\n|poke|p1|Maushold, L50|\n|poke|p2|Dragapult, L50, F|\n|poke|p2|Sneasler, L50, M|\n|poke|p2|Rillaboom, L50, M|\n|poke|p2|Milotic, L50, F|\n|poke|p2|Ursaluna-Bloodmoon, L50, M|\n|poke|p2|Incineroar, L50, M|\n|teampreview|4\n|inactive|Battle timer is ON: inactive players will automatically lose when time's up. (requested by something123)\n|inactive|Abro hilo has 60 seconds left.\n|\n|t:|1727675607\n|start\n|switch|p1a: Archaludon|Archaludon, L50, F, shiny|100\/100\n|switch|p1b: Pelipper|Pelipper, L50, M, shiny|100\/100\n|switch|p2a: Sneasler|Sneasler, L50, M|100\/100\n|switch|p2b: Dragapult|Dragapult, L50, F|100\/100\n|-weather|RainDance|[from] ability: Drizzle|[of] p1b: Pelipper\n|turn|1\n|\n|t:|1727675628\n|-terastallize|p1a: Archaludon|Grass\n|move|p2b: Dragapult|Light Screen|p2b: Dragapult\n|-sidestart|p2: something123|move: Light Screen\n|move|p2a: Sneasler|Close Combat|p1a: Archaludon\n|-damage|p1a: Archaludon|52\/100\n|-unboost|p2a: Sneasler|def|1\n|-unboost|p2a: Sneasler|spd|1\n|-ability|p1a: Archaludon|Stamina|boost\n|-boost|p1a: Archaludon|def|1\n|move|p1b: Pelipper|Tailwind|p1b: Pelipper\n|-sidestart|p1: Abro hilo|move: Tailwind\n|move|p1a: Archaludon|Dragon Pulse|p2b: Dragapult\n|-supereffective|p2b: Dragapult\n|-damage|p2b: Dragapult|50\/100\n|-start|p1a: Archaludon|Disable|Dragon Pulse|[from] ability: Cursed Body|[of] p2b: Dragapult\n|-enditem|p2b: Dragapult|Sitrus Berry|[eat]\n|-heal|p2b: Dragapult|75\/100|[from] item: Sitrus Berry\n|\n|-weather|RainDance|[upkeep]\n|upkeep\n|turn|2\n|inactive|something123 has 30 seconds left.\n|\n|t:|1727675662\n|switch|p2b: Rillaboom|Rillaboom, L50, M|100\/100\n|-fieldstart|move: Grassy Terrain|[from] ability: Grassy Surge|[of] p2b: Rillaboom\n|-enditem|p2a: Sneasler|Grassy Seed\n|-boost|p2a: Sneasler|def|1|[from] item: Grassy Seed\n|-terastallize|p2a: Sneasler|Flying\n|move|p2a: Sneasler|Acrobatics|p1a: Archaludon\n|-supereffective|p1a: Archaludon\n|-damage|p1a: Archaludon|0 fnt\n|faint|p1a: Archaludon\n|move|p1b: Pelipper|Hurricane|p2a: Sneasler\n|-damage|p2a: Sneasler|37\/100\n|\n|-weather|RainDance|[upkeep]\n|upkeep\n|\n|t:|1727675676\n|switch|p1a: Maushold|Maushold, L50, shiny|100\/100\n|turn|3\n|inactive|something123 has 30 seconds left.\n|\n|t:|1727675701\n|switch|p2b: Incineroar|Incineroar, L50, M|100\/100\n|-ability|p2b: Incineroar|Intimidate|boost\n|-unboost|p1a: Maushold|atk|1\n|-unboost|p1b: Pelipper|atk|1\n|move|p2a: Sneasler|Protect|p2a: Sneasler\n|-singleturn|p2a: Sneasler|Protect\n|move|p1a: Maushold|Protect|p1a: Maushold\n|-singleturn|p1a: Maushold|Protect\n|move|p1b: Pelipper|Protect||[still]\n|-fail|p1b: Pelipper\n|\n|-weather|RainDance|[upkeep]\n|upkeep\n|turn|4\n|\n|t:|1727675716\n|switch|p2a: Dragapult|Dragapult, L50, F|75\/100\n|switch|p1a: Gallade|Gallade, L50, M, shiny|100\/100\n|move|p2b: Incineroar|Fake Out|p1b: Pelipper\n|-damage|p1b: Pelipper|84\/100\n|cant|p1b: Pelipper|flinch\n|\n|-weather|RainDance|[upkeep]\n|-heal|p2a: Dragapult|81\/100|[from] Grassy Terrain\n|-sideend|p1: Abro hilo|move: Tailwind\n|upkeep\n|turn|5\n|inactive|something123 has 30 seconds left.\n|inactive|something123 has 20 seconds left.\n|inactive|something123 has 15 seconds left.\n|\n|t:|1727675760\n|move|p1a: Gallade|Protect|p1a: Gallade\n|-singleturn|p1a: Gallade|Protect\n|move|p2a: Dragapult|Shadow Ball|p1a: Gallade\n|-activate|p1a: Gallade|move: Protect\n|move|p1b: Pelipper|Weather Ball|p2b: Incineroar\n|-supereffective|p2b: Incineroar\n|-damage|p2b: Incineroar|21\/100\n|move|p2b: Incineroar|Parting Shot|p1b: Pelipper\n|-unboost|p1b: Pelipper|atk|1\n|-unboost|p1b: Pelipper|spa|1\n|\n|t:|1727675775\n|switch|p2b: Sneasler|Sneasler, L50, M, tera:Flying|37\/100|[from] Parting Shot\n|\n|-weather|none\n|-heal|p2a: Dragapult|88\/100|[from] Grassy Terrain\n|-sideend|p2: something123|move: Light Screen\n|upkeep\n|turn|6\n|\n|t:|1727675790\n|switch|p1a: Maushold|Maushold, L50, shiny|100\/100\n|move|p2a: Dragapult|Shadow Ball|p1b: Pelipper\n|-damage|p1b: Pelipper|48\/100\n|move|p2b: Sneasler|Acrobatics|p1b: Pelipper\n|-damage|p1b: Pelipper|0 fnt\n|faint|p1b: Pelipper\n|\n|-heal|p2a: Dragapult|94\/100|[from] Grassy Terrain\n|-fieldend|move: Grassy Terrain\n|upkeep\n|-message|Abro hilo forfeited.\n|\n|win|something123\n|raw|Abro hilo's rating: 1709 &rarr; <strong>1689<\/strong><br \/>(-20 for losing)\n|raw|something123's rating: 1708 &rarr; <strong>1728<\/strong><br \/>(+20 for winning)\n|l|\u2606Abro hilo\n|player|p1|\n|l|\u2606something123\n|player|p2|\n","uploadtime":1727676011,"views":29,"formatid":"gen9vgc2024regh","rating":1689,"private":0,"password":null}