{"id":"gen9vgc2024regh-2212660462","format":"[Gen 9] VGC 2024 Reg H","players":["Aki Hoshino","fangame10"],"log":"|j|\u2606Aki Hoshino\n|j|\u2606fangame10\n|t:|1727683746\n|gametype|doubles\n|player|p1|Aki Hoshino|aromalady|1764\n|player|p2|fangame10|red|1889\n|teamsize|p1|6\n|teamsize|p2|6\n|gen|9\n|tier|[Gen 9] VGC 2024 Reg H\n|rated|\n|rule|Species Clause: Limit one of each Pok\u00e9mon\n|rule|Item Clause: Limit 1 of each item\n|clearpoke\n|poke|p1|Whimsicott, L50, F|\n|poke|p1|Ursaluna-Bloodmoon, L50, M|\n|poke|p1|Gholdengo, L50|\n|poke|p1|Meowscarada, L50, M|\n|poke|p1|Volcarona, L50, M|\n|poke|p1|Archaludon, L50, M|\n|poke|p2|Baxcalibur, L50, F|\n|poke|p2|Ninetales-Alola, L50, F|\n|poke|p2|Milotic, L50, M|\n|poke|p2|Skeledirge, L50, M|\n|poke|p2|Rillaboom, L50, M|\n|poke|p2|Sneasler, L50, M|\n|teampreview|4\n|inactive|Battle timer is ON: inactive players will automatically lose when time's up. (requested by fangame10)\n|j| bluestraggler01\n|j| TrebleKlefki\n|inactive|Aki Hoshino has 60 seconds left.\n|l| bluestraggler01\n|\n|t:|1727683792\n|start\n|switch|p1a: Whimsicott|Whimsicott, L50, F|100\/100\n|switch|p1b: Meowscarada|Meowscarada, L50, M|100\/100\n|switch|p2a: Baxcalibur|Baxcalibur, L50, F, shiny|100\/100\n|switch|p2b: Ninetales|Ninetales-Alola, L50, F, shiny|100\/100\n|-weather|Snow|[from] ability: Snow Warning|[of] p2b: Ninetales\n|turn|1\n|inactive|Aki Hoshino has 30 seconds left.\n|\n|t:|1727683823\n|move|p1b: Meowscarada|Flower Trick|p2b: Ninetales\n|-start|p1b: Meowscarada|typechange|Grass|[from] ability: Protean\n|-crit|p2b: Ninetales\n|-damage|p2b: Ninetales|24\/100\n|move|p1a: Whimsicott|Moonblast|p2b: Ninetales\n|-damage|p2b: Ninetales|0 fnt\n|faint|p2b: Ninetales\n|move|p2a: Baxcalibur|Glaive Rush|p1b: Meowscarada\n|-damage|p1b: Meowscarada|0 fnt\n|-singlemove|p2a: Baxcalibur|Glaive Rush|[silent]\n|faint|p1b: Meowscarada\n|\n|-weather|Snow|[upkeep]\n|upkeep\n|inactive|Aki Hoshino has 30 seconds left.\n|\n|t:|1727683855\n|switch|p1b: Gholdengo|Gholdengo, L50|100\/100\n|switch|p2b: Milotic|Milotic, L50, M, shiny|100\/100\n|turn|2\n|\n|t:|1727683879\n|switch|p2a: Skeledirge|Skeledirge, L50, M, shiny|100\/100\n|move|p1a: Whimsicott|Tailwind|p1a: Whimsicott\n|-sidestart|p1: Aki Hoshino|move: Tailwind\n|move|p1b: Gholdengo|Nasty Plot|p1b: Gholdengo\n|-boost|p1b: Gholdengo|spa|2\n|move|p2b: Milotic|Hypnosis|p1a: Whimsicott\n|-status|p1a: Whimsicott|slp|[from] move: Hypnosis\n|\n|-weather|Snow|[upkeep]\n|upkeep\n|turn|3\n|inactive|Aki Hoshino has 30 seconds left.\n|inactive|Aki Hoshino has 20 seconds left.\n|inactive|fangame10 has 30 seconds left.\n|inactive|Aki Hoshino has 15 seconds left.\n|inactive|Aki Hoshino has 10 seconds left.\n|inactive|Aki Hoshino has 5 seconds left.\n|\n|t:|1727683933\n|-terastallize|p2a: Skeledirge|Dark\n|cant|p1a: Whimsicott|slp\n|move|p1b: Gholdengo|Shadow Ball|p2a: Skeledirge\n|-resisted|p2a: Skeledirge\n|-damage|p2a: Skeledirge|79\/100\n|move|p2b: Milotic|Hypnosis|p1a: Whimsicott\n|-fail|p1a: Whimsicott|slp\n|move|p2a: Skeledirge|Torch Song|p1b: Gholdengo\n|-supereffective|p1b: Gholdengo\n|-damage|p1b: Gholdengo|29\/100\n|-boost|p2a: Skeledirge|spa|1\n|-enditem|p1b: Gholdengo|Sitrus Berry|[eat]\n|-heal|p1b: Gholdengo|54\/100|[from] item: Sitrus Berry\n|\n|-weather|Snow|[upkeep]\n|-heal|p2a: Skeledirge|85\/100|[from] item: Leftovers\n|upkeep\n|turn|4\n|inactive|Aki Hoshino has 30 seconds left.\n|\n|t:|1727683966\n|-curestatus|p1a: Whimsicott|slp|[msg]\n|move|p1a: Whimsicott|Moonblast|p2a: Skeledirge\n|-supereffective|p2a: Skeledirge\n|-damage|p2a: Skeledirge|17\/100\n|move|p1b: Gholdengo|Shadow Ball|p2b: Milotic\n|-damage|p2b: Milotic|46\/100\n|-enditem|p2b: Milotic|Sitrus Berry|[eat]\n|-heal|p2b: Milotic|71\/100|[from] item: Sitrus Berry\n|move|p2b: Milotic|Coil|p2b: Milotic\n|-boost|p2b: Milotic|atk|1\n|-boost|p2b: Milotic|def|1\n|-boost|p2b: Milotic|accuracy|1\n|move|p2a: Skeledirge|Torch Song|p1b: Gholdengo\n|-supereffective|p1b: Gholdengo\n|-damage|p1b: Gholdengo|0 fnt\n|-boost|p2a: Skeledirge|spa|1\n|faint|p1b: Gholdengo\n|\n|-weather|Snow|[upkeep]\n|-heal|p2a: Skeledirge|23\/100|[from] item: Leftovers\n|upkeep\n|\n|t:|1727683987\n|switch|p1b: Ursaluna|Ursaluna-Bloodmoon, L50, M|100\/100\n|turn|5\n|j| Syachilove0408\n|inactive|fangame10 has 30 seconds left.\n|\n|t:|1727684014\n|-terastallize|p1b: Ursaluna|Normal\n|move|p2a: Skeledirge|Protect|p2a: Skeledirge\n|-singleturn|p2a: Skeledirge|Protect\n|move|p1a: Whimsicott|Fake Tears|p2b: Milotic\n|-unboost|p2b: Milotic|spd|2\n|-ability|p2b: Milotic|Competitive|boost\n|-boost|p2b: Milotic|spa|2\n|move|p1b: Ursaluna|Hyper Voice|p2a: Skeledirge|[spread] p2b\n|-activate|p2a: Skeledirge|move: Protect\n|-damage|p2b: Milotic|0 fnt\n|faint|p2b: Milotic\n|-damage|p1b: Ursaluna|91\/100|[from] item: Life Orb\n|\n|-weather|none\n|-heal|p2a: Skeledirge|29\/100|[from] item: Leftovers\n|-sideend|p1: Aki Hoshino|move: Tailwind\n|upkeep\n|\n|t:|1727684016\n|switch|p2b: Baxcalibur|Baxcalibur, L50, F, shiny|100\/100\n|turn|6\n|-message|fangame10 forfeited.\n|\n|win|Aki Hoshino\n|raw|Aki Hoshino's rating: 1764 &rarr; <strong>1791<\/strong><br \/>(+27 for winning)\n|raw|fangame10's rating: 1889 &rarr; <strong>1862<\/strong><br \/>(-27 for losing)\n|l|\u2606fangame10\n|player|p2|\n|l| TrebleKlefki\n|l|\u2606Aki Hoshino\n|player|p1|\n|j| bluestraggler01\n|l| Syachilove0408\n","uploadtime":1727684179,"views":160,"formatid":"gen9vgc2024regh","rating":1791,"private":0,"password":null}