{"id":"gen9vgc2024regh-2212458770","format":"[Gen 9] VGC 2024 Reg H","players":["elvegis1","schmokeapancake"],"log":"|j|\u2606elvegis1\n|j|\u2606schmokeapancake\n|t:|1727652862\n|gametype|doubles\n|player|p1|elvegis1|lucas|1677\n|player|p2|schmokeapancake|red-gen2|1686\n|teamsize|p1|6\n|teamsize|p2|6\n|gen|9\n|tier|[Gen 9] VGC 2024 Reg H\n|rated|\n|rule|Species Clause: Limit one of each Pok\u00e9mon\n|rule|Item Clause: Limit 1 of each item\n|clearpoke\n|poke|p1|Porygon2, L50|\n|poke|p1|Kingambit, L50, M|\n|poke|p1|Sinistcha, L50|\n|poke|p1|Sneasler, L50, F|\n|poke|p1|Dragonite, L50, F|\n|poke|p1|Primarina, L50, M|\n|poke|p2|Ursaluna-Bloodmoon, L50, M|\n|poke|p2|Dragapult, L50, F|\n|poke|p2|Porygon2, L50|\n|poke|p2|Amoonguss, L50, M|\n|poke|p2|Incineroar, L50, M|\n|poke|p2|Sneasler, L50, M|\n|teampreview|4\n|inactive|Battle timer is ON: inactive players will automatically lose when time's up. (requested by elvegis1)\n|inactive|elvegis1 has 60 seconds left.\n|inactive|schmokeapancake has 60 seconds left.\n|\n|t:|1727652919\n|start\n|switch|p1a: Sneasler|Sneasler, L50, F|100\/100\n|switch|p1b: Dragonite|Dragonite, L50, F|100\/100\n|switch|p2a: Dragapult|Dragapult, L50, F|100\/100\n|switch|p2b: Sneasler|Sneasler, L50, M|100\/100\n|turn|1\n|j| hachiware\n|\n|t:|1727652932\n|-terastallize|p2a: Dragapult|Dragon\n|move|p1a: Sneasler|Protect|p1a: Sneasler\n|-singleturn|p1a: Sneasler|Protect\n|move|p1b: Dragonite|Protect|p1b: Dragonite\n|-singleturn|p1b: Dragonite|Protect\n|move|p2b: Sneasler|Fake Out|p1a: Sneasler\n|-activate|p1a: Sneasler|move: Protect\n|move|p2a: Dragapult|Dragon Darts|p1a: Sneasler\n|-activate|p1b: Dragonite|move: Protect\n|\n|upkeep\n|turn|2\n|\n|t:|1727652951\n|move|p1b: Dragonite|Extreme Speed|p2a: Dragapult\n|-crit|p2a: Dragapult\n|-damage|p2a: Dragapult|34\/100\n|move|p2a: Dragapult|Dragon Darts|p1b: Dragonite\n|-supereffective|p1b: Dragonite\n|-damage|p1b: Dragonite|48\/100\n|-anim|p2a: Dragapult|Dragon Darts|p1a: Sneasler\n|-damage|p1a: Sneasler|12\/100\n|move|p1a: Sneasler|Dire Claw|p2a: Dragapult\n|-damage|p2a: Dragapult|0 fnt\n|faint|p2a: Dragapult\n|move|p2b: Sneasler|Dire Claw|p1b: Dragonite\n|-damage|p1b: Dragonite|3\/100\n|-status|p1b: Dragonite|psn\n|-enditem|p1b: Dragonite|Lum Berry|[eat]\n|-curestatus|p1b: Dragonite|psn|[msg]\n|\n|upkeep\n|inactive|schmokeapancake has 30 seconds left.\n|\n|t:|1727652985\n|switch|p2a: Ursaluna|Ursaluna-Bloodmoon, L50, M|100\/100\n|turn|3\n|\n|t:|1727653000\n|move|p1a: Sneasler|Protect|p1a: Sneasler\n|-singleturn|p1a: Sneasler|Protect\n|move|p1b: Dragonite|Extreme Speed|p2b: Sneasler\n|-damage|p2b: Sneasler|46\/100\n|move|p2a: Ursaluna|Vacuum Wave|p1b: Dragonite\n|-resisted|p1b: Dragonite\n|-damage|p1b: Dragonite|0 fnt\n|faint|p1b: Dragonite\n|move|p2b: Sneasler|Dire Claw|p1a: Sneasler\n|-activate|p1a: Sneasler|move: Protect\n|\n|upkeep\n|\n|t:|1727653018\n|switch|p1b: Porygon2|Porygon2, L50|100\/100\n|-ability|p1b: Porygon2|Download|boost\n|-boost|p1b: Porygon2|spa|1\n|turn|4\n|\n|t:|1727653033\n|-terastallize|p1b: Porygon2|Ghost\n|move|p1a: Sneasler|Close Combat|p2a: Ursaluna\n|-supereffective|p2a: Ursaluna\n|-damage|p2a: Ursaluna|6\/100\n|-unboost|p1a: Sneasler|def|1\n|-unboost|p1a: Sneasler|spd|1\n|move|p2b: Sneasler|Dire Claw|p1a: Sneasler\n|-resisted|p1a: Sneasler\n|-damage|p1a: Sneasler|0 fnt\n|faint|p1a: Sneasler\n|move|p2a: Ursaluna|Blood Moon|p1b: Porygon2\n|-damage|p1b: Porygon2|48\/100\n|move|p1b: Porygon2|Tera Blast|p2b: Sneasler|[anim] Tera Blast Ghost\n|-damage|p2b: Sneasler|0 fnt\n|faint|p2b: Sneasler\n|\n|upkeep\n|\n|t:|1727653049\n|switch|p2b: Porygon2|Porygon2, L50|100\/100\n|switch|p1a: Primarina|Primarina, L50, M|100\/100\n|-ability|p2b: Porygon2|Download|boost\n|-boost|p2b: Porygon2|atk|1\n|-ability|p2b: Porygon2|Download|[from] ability: Trace|[of] p1b: Porygon2\n|turn|5\n|\n|t:|1727653062\n|move|p1a: Primarina|Hyper Voice|p2b: Porygon2|[spread] p2a,p2b\n|-supereffective|p2a: Ursaluna\n|-damage|p2a: Ursaluna|0 fnt\n|-damage|p2b: Porygon2|78\/100\n|faint|p2a: Ursaluna\n|-enditem|p1a: Primarina|Throat Spray\n|-boost|p1a: Primarina|spa|1|[from] item: Throat Spray\n|move|p2b: Porygon2|Thunderbolt|p1a: Primarina\n|-supereffective|p1a: Primarina\n|-damage|p1a: Primarina|62\/100\n|move|p1b: Porygon2|Recover|p1b: Porygon2\n|-heal|p1b: Porygon2|98\/100\n|\n|upkeep\n|turn|6\n|-message|schmokeapancake forfeited.\n|\n|win|elvegis1\n|raw|elvegis1's rating: 1677 &rarr; <strong>1698<\/strong><br \/>(+21 for winning)\n|raw|schmokeapancake's rating: 1686 &rarr; <strong>1665<\/strong><br \/>(-21 for losing)\n|l|\u2606schmokeapancake\n|player|p2|\n|l|\u2606elvegis1\n|player|p1|\n|l| hachiware\n","uploadtime":1727653294,"views":19,"formatid":"gen9vgc2024regh","rating":1665,"private":0,"password":null}