{"id":"gen9vgc2024regh-2212062053","format":"[Gen 9] VGC 2024 Reg H","players":["adam skye 2","chin8"],"log":"|j|\u2606adam skye 2\n|j|\u2606chin8\n|t:|1727603730\n|gametype|doubles\n|player|p1|adam skye 2|caitlin|1698\n|player|p2|chin8|gentleman-gen4dp|1769\n|teamsize|p1|6\n|teamsize|p2|6\n|gen|9\n|tier|[Gen 9] VGC 2024 Reg H\n|rated|\n|rule|Species Clause: Limit one of each Pok\u00e9mon\n|rule|Item Clause: Limit 1 of each item\n|clearpoke\n|poke|p1|Porygon2, L50|\n|poke|p1|Ursaluna, L50, F|\n|poke|p1|Flamigo, L50, F|\n|poke|p1|Amoonguss, L50, F|\n|poke|p1|Incineroar, L50, F|\n|poke|p1|Gholdengo, L50|\n|poke|p2|Baxcalibur, L50, M|\n|poke|p2|Kilowattrel, L50, F|\n|poke|p2|Haxorus, L50, M|\n|poke|p2|Gardevoir, L50, M|\n|poke|p2|Magmortar, L50, F|\n|poke|p2|Gholdengo, L50|\n|teampreview|4\n|inactive|Battle timer is ON: inactive players will automatically lose when time's up. (requested by chin8)\n|\n|t:|1727603764\n|start\n|switch|p1a: Incineroar|Incineroar, L50, F|100\/100\n|switch|p1b: Porygon2|Porygon2, L50|100\/100\n|switch|p2a: Magmortar|Magmortar, L50, F|100\/100\n|switch|p2b: Kilowattrel|Kilowattrel, L50, F|100\/100\n|-ability|p1a: Incineroar|Intimidate|boost\n|-unboost|p2a: Magmortar|atk|1\n|-unboost|p2b: Kilowattrel|atk|1\n|-ability|p2b: Kilowattrel|Competitive|boost\n|-boost|p2b: Kilowattrel|spa|2\n|-ability|p1b: Porygon2|Download|boost\n|-boost|p1b: Porygon2|atk|1\n|turn|1\n|\n|t:|1727603773\n|move|p1a: Incineroar|Fake Out|p2b: Kilowattrel\n|-damage|p2b: Kilowattrel|76\/100\n|cant|p2b: Kilowattrel|flinch\n|move|p2a: Magmortar|Taunt|p1b: Porygon2\n|-start|p1b: Porygon2|move: Taunt\n|cant|p1b: Porygon2|move: Taunt|Trick Room\n|\n|upkeep\n|turn|2\n|\n|t:|1727603784\n|move|p2b: Kilowattrel|Thunderbolt|p1b: Porygon2\n|-damage|p1b: Porygon2|45\/100\n|move|p2a: Magmortar|Heat Wave|p1b: Porygon2|[spread] p1a\n|-miss|p2a: Magmortar|p1b: Porygon2\n|-resisted|p1a: Incineroar\n|-damage|p1a: Incineroar|86\/100\n|move|p1a: Incineroar|Knock Off|p2b: Kilowattrel\n|-damage|p2b: Kilowattrel|0 fnt\n|-enditem|p2b: Kilowattrel|Focus Sash|[from] move: Knock Off|[of] p1a: Incineroar\n|faint|p2b: Kilowattrel\n|move|p1b: Porygon2|Ice Beam|p2a: Magmortar\n|-resisted|p2a: Magmortar\n|-damage|p2a: Magmortar|89\/100\n|\n|upkeep\n|\n|t:|1727603790\n|switch|p2b: Baxcalibur|Baxcalibur, L50, M|100\/100\n|turn|3\n|\n|t:|1727603800\n|-terastallize|p2b: Baxcalibur|Ground\n|move|p2a: Magmortar|Protect|p2a: Magmortar\n|-singleturn|p2a: Magmortar|Protect\n|move|p2b: Baxcalibur|Earthquake|p1b: Porygon2|[spread] p1a,p1b\n|-activate|p2a: Magmortar|move: Protect\n|-supereffective|p1a: Incineroar\n|-damage|p1a: Incineroar|0 fnt\n|-damage|p1b: Porygon2|23\/100\n|faint|p1a: Incineroar\n|move|p1b: Porygon2|Tera Blast|p2b: Baxcalibur\n|-damage|p2b: Baxcalibur|83\/100\n|\n|-end|p1b: Porygon2|move: Taunt\n|upkeep\n|\n|t:|1727603811\n|switch|p1a: Gholdengo|Gholdengo, L50|100\/100\n|turn|4\n|\n|t:|1727603824\n|-terastallize|p1a: Gholdengo|Dragon\n|move|p1a: Gholdengo|Make It Rain|p2b: Baxcalibur|[spread] p2a,p2b\n|-resisted|p2a: Magmortar\n|-damage|p2a: Magmortar|61\/100\n|-damage|p2b: Baxcalibur|50\/100\n|-unboost|p1a: Gholdengo|spa|1\n|-damage|p1a: Gholdengo|91\/100|[from] item: Life Orb\n|move|p2b: Baxcalibur|Icicle Crash|p1b: Porygon2\n|-damage|p1b: Porygon2|0 fnt\n|faint|p1b: Porygon2\n|move|p2a: Magmortar|Heat Wave|p1a: Gholdengo|[miss]\n|-miss|p2a: Magmortar|p1a: Gholdengo\n|\n|upkeep\n|\n|t:|1727603835\n|switch|p1b: Ursaluna|Ursaluna, L50, F|100\/100\n|turn|5\n|\n|t:|1727603843\n|move|p1a: Gholdengo|Protect|p1a: Gholdengo\n|-singleturn|p1a: Gholdengo|Protect\n|move|p1b: Ursaluna|Protect|p1b: Ursaluna\n|-singleturn|p1b: Ursaluna|Protect\n|move|p2b: Baxcalibur|Icicle Crash|p1b: Ursaluna\n|-activate|p1b: Ursaluna|move: Protect\n|move|p2a: Magmortar|Heat Wave|p1b: Ursaluna|[spread] \n|-activate|p1a: Gholdengo|move: Protect\n|-activate|p1b: Ursaluna|move: Protect\n|\n|-status|p1b: Ursaluna|brn|[from] item: Flame Orb\n|upkeep\n|turn|6\n|\n|t:|1727603850\n|move|p1a: Gholdengo|Nasty Plot|p1a: Gholdengo\n|-boost|p1a: Gholdengo|spa|2\n|move|p2b: Baxcalibur|Icicle Crash|p1a: Gholdengo\n|-supereffective|p1a: Gholdengo\n|-damage|p1a: Gholdengo|0 fnt\n|faint|p1a: Gholdengo\n|move|p2a: Magmortar|Heat Wave|p1b: Ursaluna\n|-damage|p1b: Ursaluna|64\/100 brn\n|move|p1b: Ursaluna|Facade|p2b: Baxcalibur\n|-damage|p2b: Baxcalibur|0 fnt\n|faint|p2b: Baxcalibur\n|\n|-damage|p1b: Ursaluna|58\/100 brn|[from] brn\n|upkeep\n|\n|t:|1727603852\n|switch|p2b: Gholdengo|Gholdengo, L50|100\/100\n|turn|7\n|-message|adam skye 2 forfeited.\n|\n|win|chin8\n|raw|adam skye 2's rating: 1698 &rarr; <strong>1682<\/strong><br \/>(-16 for losing)\n|raw|chin8's rating: 1769 &rarr; <strong>1785<\/strong><br \/>(+16 for winning)\n|l|\u2606adam skye 2\n|player|p1|\n|l|\u2606chin8\n|player|p2|\n","uploadtime":1727604003,"views":43,"formatid":"gen9vgc2024regh","rating":1682,"private":0,"password":null}