{"id":"gen9vgc2024regh-2212646646","format":"[Gen 9] VGC 2024 Reg H","players":["sixtales","Xeoffee"],"log":"|j|\u2606sixtales\n|j|\u2606Xeoffee\n|t:|1727681351\n|gametype|doubles\n|player|p1|sixtales|lyra|1690\n|player|p2|Xeoffee|n|1813\n|teamsize|p1|6\n|teamsize|p2|6\n|gen|9\n|tier|[Gen 9] VGC 2024 Reg H\n|rated|\n|rule|Species Clause: Limit one of each Pok\u00e9mon\n|rule|Item Clause: Limit 1 of each item\n|clearpoke\n|poke|p1|Gholdengo, L50|\n|poke|p1|Dragonite, L50, M|\n|poke|p1|Whimsicott, L50, M|\n|poke|p1|Volcarona, L50, F|\n|poke|p1|Kingambit, L50, M|\n|poke|p1|Annihilape, L50, M|\n|poke|p2|Volcarona, L50, M|\n|poke|p2|Primarina, L50, M|\n|poke|p2|Rillaboom, L50, M|\n|poke|p2|Ursaluna-Bloodmoon, L50, M|\n|poke|p2|Electabuzz, L50, M|\n|poke|p2|Farigiraf, L50, F|\n|teampreview|4\n|j| TrebleKlefki\n|j| kyotgst\n|\n|t:|1727681409\n|start\n|switch|p1a: Annihilape|Annihilape, L50, M|100\/100\n|switch|p1b: Volcarona|Volcarona, L50, F|100\/100\n|switch|p2a: Volcarona|Volcarona, L50, M|100\/100\n|switch|p2b: Electabuzz|Electabuzz, L50, M|100\/100\n|turn|1\n|\n|t:|1727681437\n|move|p2b: Electabuzz|Follow Me|p2b: Electabuzz\n|-singleturn|p2b: Electabuzz|move: Follow Me\n|move|p1b: Volcarona|Overheat|p2b: Electabuzz\n|-damage|p2b: Electabuzz|22\/100\n|-unboost|p1b: Volcarona|spa|2\n|move|p1a: Annihilape|Close Combat|p2b: Electabuzz\n|-damage|p2b: Electabuzz|0 fnt\n|-unboost|p1a: Annihilape|def|1\n|-unboost|p1a: Annihilape|spd|1\n|faint|p2b: Electabuzz\n|move|p2a: Volcarona|Quiver Dance|p2a: Volcarona\n|-boost|p2a: Volcarona|spa|1\n|-boost|p2a: Volcarona|spd|1\n|-boost|p2a: Volcarona|spe|1\n|\n|upkeep\n|\n|t:|1727681451\n|switch|p2b: Primarina|Primarina, L50, M|100\/100\n|turn|2\n|\n|t:|1727681477\n|move|p2a: Volcarona|Quiver Dance|p2a: Volcarona\n|-boost|p2a: Volcarona|spa|1\n|-boost|p2a: Volcarona|spd|1\n|-boost|p2a: Volcarona|spe|1\n|move|p1b: Volcarona|Overheat|p2a: Volcarona\n|-damage|p2a: Volcarona|78\/100\n|-unboost|p1b: Volcarona|spa|2\n|move|p1a: Annihilape|Final Gambit|p2a: Volcarona\n|-damage|p2a: Volcarona|0 fnt\n|faint|p1a: Annihilape\n|faint|p2a: Volcarona\n|move|p2b: Primarina|Hyper Voice|p1b: Volcarona\n|-supereffective|p1b: Volcarona\n|-damage|p1b: Volcarona|4\/100\n|-enditem|p2b: Primarina|Throat Spray\n|-boost|p2b: Primarina|spa|1|[from] item: Throat Spray\n|\n|upkeep\n|\n|t:|1727681501\n|switch|p1a: Dragonite|Dragonite, L50, M|100\/100\n|switch|p2a: Ursaluna|Ursaluna-Bloodmoon, L50, M|100\/100\n|turn|3\n|\n|t:|1727681524\n|-terastallize|p2a: Ursaluna|Normal\n|move|p1a: Dragonite|Protect|p1a: Dragonite\n|-singleturn|p1a: Dragonite|Protect\n|move|p1b: Volcarona|Overheat|p2a: Ursaluna\n|-damage|p2a: Ursaluna|62\/100\n|-unboost|p1b: Volcarona|spa|2\n|move|p2a: Ursaluna|Hyper Voice|p1a: Dragonite|[spread] p1b\n|-activate|p1a: Dragonite|move: Protect\n|-damage|p1b: Volcarona|0 fnt\n|faint|p1b: Volcarona\n|-damage|p2a: Ursaluna|52\/100|[from] item: Life Orb\n|move|p2b: Primarina|Hyper Voice|p1a: Dragonite\n|-activate|p1a: Dragonite|move: Protect\n|\n|upkeep\n|\n|t:|1727681542\n|switch|p1b: Kingambit|Kingambit, L50, M|100\/100\n|turn|4\n|\n|t:|1727681576\n|-terastallize|p1b: Kingambit|Flying\n|move|p2a: Ursaluna|Protect|p2a: Ursaluna\n|-singleturn|p2a: Ursaluna|Protect\n|move|p1a: Dragonite|Extreme Speed|p2b: Primarina\n|-damage|p2b: Primarina|64\/100\n|move|p1b: Kingambit|Low Kick|p2a: Ursaluna\n|-activate|p2a: Ursaluna|move: Protect\n|move|p2b: Primarina|Hyper Voice|p1a: Dragonite|[spread] p1a,p1b\n|-resisted|p1a: Dragonite\n|-damage|p1a: Dragonite|86\/100\n|-damage|p1b: Kingambit|64\/100\n|\n|upkeep\n|turn|5\n|\n|t:|1727681626\n|move|p1a: Dragonite|Extreme Speed|p2a: Ursaluna\n|-damage|p2a: Ursaluna|30\/100\n|move|p1b: Kingambit|Sucker Punch|p2a: Ursaluna\n|-damage|p2a: Ursaluna|3\/100\n|move|p2a: Ursaluna|Blood Moon|p1b: Kingambit\n|-damage|p1b: Kingambit|0 fnt\n|faint|p1b: Kingambit\n|-damage|p2a: Ursaluna|0 fnt|[from] item: Life Orb\n|faint|p2a: Ursaluna\n|move|p2b: Primarina|Moonblast|p1a: Dragonite\n|-supereffective|p1a: Dragonite\n|-damage|p1a: Dragonite|0 fnt\n|faint|p1a: Dragonite\n|\n|win|Xeoffee\n|raw|sixtales's rating: 1690 &rarr; <strong>1677<\/strong><br \/>(-13 for losing)\n|raw|Xeoffee's rating: 1813 &rarr; <strong>1826<\/strong><br \/>(+13 for winning)\n|l|\u2606sixtales\n|player|p1|\n|l|\u2606Xeoffee\n|player|p2|\n|l| TrebleKlefki\n","uploadtime":1727681823,"views":14,"formatid":"gen9vgc2024regh","rating":1677,"private":0,"password":null}