{"id":"gen9vgc2024regh-2212417923","format":"[Gen 9] VGC 2024 Reg H","players":["bearguy223","Gameplaya"],"log":"|j|\u2606bearguy223\n|j|\u2606Gameplaya\n|t:|1727647880\n|gametype|doubles\n|player|p1|bearguy223|169|1694\n|player|p2|Gameplaya|teamrocket|1650\n|teamsize|p1|6\n|teamsize|p2|6\n|gen|9\n|tier|[Gen 9] VGC 2024 Reg H\n|rated|\n|rule|Species Clause: Limit one of each Pok\u00e9mon\n|rule|Item Clause: Limit 1 of each item\n|clearpoke\n|poke|p1|Baxcalibur, L50, F|\n|poke|p1|Ninetales-Alola, L50, M|\n|poke|p1|Volcarona, L50, F|\n|poke|p1|Rillaboom, L50, F|\n|poke|p1|Kingambit, L50, F|\n|poke|p1|Primarina, L50, F|\n|poke|p2|Tyranitar, L50, M|\n|poke|p2|Excadrill, L50, F|\n|poke|p2|Chandelure, L50, M|\n|poke|p2|Ursaluna-Bloodmoon, L50, M|\n|poke|p2|Rillaboom, L50, F|\n|poke|p2|Masquerain, L50, M|\n|teampreview|4\n|inactive|Battle timer is ON: inactive players will automatically lose when time's up. (requested by Gameplaya)\n|inactive|bearguy223 has 60 seconds left.\n|\n|t:|1727647920\n|start\n|switch|p1a: Kingambit|Kingambit, L50, F|100\/100\n|switch|p1b: Rillaboom|Rillaboom, L50, F|100\/100\n|switch|p2a: Chandelure|Chandelure, L50, M, shiny|100\/100\n|switch|p2b: Excadrill|Excadrill, L50, F|100\/100\n|-fieldstart|move: Grassy Terrain|[from] ability: Grassy Surge|[of] p1b: Rillaboom\n|turn|1\n|\n|t:|1727647943\n|switch|p2b: Rillaboom|Rillaboom, L50, F|100\/100\n|-terastallize|p2a: Chandelure|Dark\n|-terastallize|p1a: Kingambit|Dark\n|move|p1b: Rillaboom|Grassy Glide|p2a: Chandelure\n|-damage|p2a: Chandelure|40\/100\n|move|p1a: Kingambit|Sucker Punch|p2a: Chandelure\n|-resisted|p2a: Chandelure\n|-damage|p2a: Chandelure|6\/100\n|move|p2a: Chandelure|Heat Wave|p1a: Kingambit|[spread] p1a,p1b\n|-supereffective|p1b: Rillaboom\n|-damage|p1a: Kingambit|62\/100\n|-damage|p1b: Rillaboom|31\/100\n|\n|-heal|p2a: Chandelure|12\/100|[from] Grassy Terrain\n|-heal|p1b: Rillaboom|37\/100|[from] Grassy Terrain\n|-heal|p1a: Kingambit|69\/100|[from] Grassy Terrain\n|upkeep\n|turn|2\n|inactive|bearguy223 has 30 seconds left.\n|inactive|Gameplaya has 30 seconds left.\n|\n|t:|1727647973\n|move|p1b: Rillaboom|Grassy Glide|p2a: Chandelure\n|-damage|p2a: Chandelure|0 fnt\n|faint|p2a: Chandelure\n|move|p2b: Rillaboom|Wood Hammer|p1a: Kingambit\n|-damage|p1a: Kingambit|1\/100\n|-damage|p2b: Rillaboom|79\/100|[from] Recoil\n|move|p1a: Kingambit|Swords Dance|p1a: Kingambit\n|-boost|p1a: Kingambit|atk|2\n|\n|-heal|p1b: Rillaboom|43\/100|[from] Grassy Terrain\n|-heal|p2b: Rillaboom|85\/100|[from] Grassy Terrain\n|-heal|p1a: Kingambit|7\/100|[from] Grassy Terrain\n|upkeep\n|\n|t:|1727647992\n|switch|p2a: Excadrill|Excadrill, L50, F|100\/100\n|turn|3\n|j| burrito9000\n|\n|t:|1727648014\n|switch|p1b: Primarina|Primarina, L50, F|100\/100\n|move|p1a: Kingambit|Protect|p1a: Kingambit\n|-singleturn|p1a: Kingambit|Protect\n|move|p2b: Rillaboom|Grassy Glide|p1a: Kingambit\n|-activate|p1a: Kingambit|move: Protect\n|move|p2a: Excadrill|Iron Head|p1b: Primarina\n|-damage|p1b: Primarina|42\/100\n|-enditem|p1b: Primarina|Sitrus Berry|[eat]\n|-heal|p1b: Primarina|67\/100|[from] item: Sitrus Berry\n|\n|-heal|p2b: Rillaboom|91\/100|[from] Grassy Terrain\n|-heal|p1b: Primarina|73\/100|[from] Grassy Terrain\n|-heal|p1a: Kingambit|13\/100|[from] Grassy Terrain\n|upkeep\n|turn|4\n|inactive|Gameplaya has 30 seconds left.\n|\n|t:|1727648042\n|switch|p1a: Ninetales|Ninetales-Alola, L50, M|100\/100\n|-weather|Snow|[from] ability: Snow Warning|[of] p1a: Ninetales\n|move|p2a: Excadrill|Protect|p2a: Excadrill\n|-singleturn|p2a: Excadrill|Protect\n|move|p2b: Rillaboom|Grassy Glide|p1a: Ninetales\n|-damage|p1a: Ninetales|64\/100\n|move|p1b: Primarina|Hyper Voice|p2a: Excadrill|[spread] p2b\n|-activate|p2a: Excadrill|move: Protect\n|-resisted|p2b: Rillaboom\n|-damage|p2b: Rillaboom|76\/100\n|\n|-weather|Snow|[upkeep]\n|-heal|p1a: Ninetales|70\/100|[from] Grassy Terrain\n|-heal|p2b: Rillaboom|82\/100|[from] Grassy Terrain\n|-heal|p1b: Primarina|79\/100|[from] Grassy Terrain\n|upkeep\n|turn|5\n|j| Mad deedee\n|\n|t:|1727648066\n|switch|p1a: Rillaboom|Rillaboom, L50, F|43\/100\n|switch|p2a: Tyranitar|Tyranitar, L50, M|100\/100\n|-weather|Sandstorm|[from] ability: Sand Stream|[of] p2a: Tyranitar\n|move|p2b: Rillaboom|Wood Hammer|p1b: Primarina\n|-supereffective|p1b: Primarina\n|-damage|p1b: Primarina|0 fnt\n|faint|p1b: Primarina\n|-damage|p2b: Rillaboom|60\/100|[from] Recoil\n|\n|-weather|Sandstorm|[upkeep]\n|-damage|p1a: Rillaboom|37\/100|[from] Sandstorm\n|-damage|p2b: Rillaboom|54\/100|[from] Sandstorm\n|-heal|p1a: Rillaboom|43\/100|[from] Grassy Terrain\n|-heal|p2b: Rillaboom|60\/100|[from] Grassy Terrain\n|-fieldend|move: Grassy Terrain\n|upkeep\n|\n|t:|1727648079\n|switch|p1b: Kingambit|Kingambit, L50, F, tera:Dark|13\/100\n|turn|6\n|\n|t:|1727648096\n|switch|p2b: Excadrill|Excadrill, L50, F|100\/100\n|move|p2a: Tyranitar|Protect|p2a: Tyranitar\n|-singleturn|p2a: Tyranitar|Protect\n|move|p1a: Rillaboom|Fake Out|p2a: Tyranitar\n|-activate|p2a: Tyranitar|move: Protect\n|move|p1b: Kingambit|Iron Head|p2a: Tyranitar\n|-activate|p2a: Tyranitar|move: Protect\n|\n|-weather|Sandstorm|[upkeep]\n|-damage|p1a: Rillaboom|37\/100|[from] Sandstorm\n|-damage|p1b: Kingambit|7\/100|[from] Sandstorm\n|upkeep\n|turn|7\n|-message|bearguy223 forfeited.\n|\n|win|Gameplaya\n|raw|bearguy223's rating: 1694 &rarr; <strong>1671<\/strong><br \/>(-23 for losing)\n|raw|Gameplaya's rating: 1650 &rarr; <strong>1673<\/strong><br \/>(+23 for winning)\n|l|\u2606bearguy223\n|player|p1|\n|l| burrito9000\n|l|\u2606Gameplaya\n|player|p2|\n|l| Mad deedee\n","uploadtime":1727648362,"views":16,"formatid":"gen9vgc2024regh","rating":1671,"private":0,"password":null}