{"id":"gen9vgc2024regh-2212354377","format":"[Gen 9] VGC 2024 Reg H","players":["kiwigal","Phononmode"],"log":"|j|\u2606kiwigal\n|j|\u2606Phononmode\n|t:|1727640888\n|gametype|doubles\n|player|p1|kiwigal|emma|1679\n|player|p2|Phononmode|2|1709\n|teamsize|p1|6\n|teamsize|p2|6\n|gen|9\n|tier|[Gen 9] VGC 2024 Reg H\n|rated|\n|rule|Species Clause: Limit one of each Pok\u00e9mon\n|rule|Item Clause: Limit 1 of each item\n|clearpoke\n|poke|p1|Ninetales-Alola, L50, M|\n|poke|p1|Kingambit, L50, F|\n|poke|p1|Incineroar, L50, F|\n|poke|p1|Amoonguss, L50, M|\n|poke|p1|Primarina, L50, M|\n|poke|p1|Porygon2, L50|\n|poke|p2|Pawmot, L50, F|\n|poke|p2|Dondozo, L50, F|\n|poke|p2|Tatsugiri, L50, M|\n|poke|p2|Dragapult, L50, M|\n|poke|p2|Weezing, L50, M|\n|poke|p2|Incineroar, L50, F|\n|teampreview|4\nPhononmode has agreed to open team sheets.\n|inactive|Battle timer is ON: inactive players will automatically lose when time's up. (requested by Phononmode)\n|inactive|kiwigal has 60 seconds left.\n|\n|t:|1727640934\n|start\n|switch|p1a: Incineroar|Incineroar, L50, F|100\/100\n|switch|p1b: Porygon2|Porygon2, L50|100\/100\n|switch|p2a: will-o-miss|Weezing, L50, M|100\/100\n|switch|p2b: Incineroar|Incineroar, L50, F|100\/100\n|-ability|p2a: will-o-miss|Neutralizing Gas\n|-block|p2b: Incineroar|item: Ability Shield\n|-ability|p2b: Incineroar|Intimidate|boost\n|-unboost|p1a: Incineroar|atk|1\n|-unboost|p1b: Porygon2|atk|1\n|turn|1\n|\n|t:|1727640944\n|move|p2b: Incineroar|Fake Out|p1b: Porygon2\n|-damage|p1b: Porygon2|92\/100\n|move|p1a: Incineroar|Fake Out|p2a: will-o-miss\n|-damage|p2a: will-o-miss|93\/100\n|cant|p2a: will-o-miss|flinch\n|cant|p1b: Porygon2|flinch\n|\n|upkeep\n|turn|2\n|\n|t:|1727640953\n|move|p2b: Incineroar|Knock Off|p1b: Porygon2\n|-damage|p1b: Porygon2|64\/100\n|-enditem|p1b: Porygon2|Eviolite|[from] move: Knock Off|[of] p2b: Incineroar\n|move|p1a: Incineroar|Knock Off|p2a: will-o-miss\n|-damage|p2a: will-o-miss|65\/100\n|-enditem|p2a: will-o-miss|Sitrus Berry|[from] move: Knock Off|[of] p1a: Incineroar\n|move|p2a: will-o-miss|Sludge Bomb|p1b: Porygon2\n|-damage|p1b: Porygon2|38\/100\n|move|p1b: Porygon2|Tera Blast|p2a: will-o-miss\n|-damage|p2a: will-o-miss|37\/100\n|\n|upkeep\n|turn|3\n|inactive|kiwigal has 30 seconds left.\n|\n|t:|1727640983\n|switch|p1b: Primarina|Primarina, L50, M|100\/100\n|move|p2b: Incineroar|Flare Blitz|p1b: Primarina\n|-resisted|p1b: Primarina\n|-damage|p1b: Primarina|64\/100\n|-damage|p2b: Incineroar|88\/100|[from] Recoil\n|move|p1a: Incineroar|Flare Blitz|p2a: will-o-miss\n|-damage|p2a: will-o-miss|4\/100\n|-damage|p1a: Incineroar|91\/100|[from] Recoil\n|move|p2a: will-o-miss|Sludge Bomb|p1b: Primarina\n|-supereffective|p1b: Primarina\n|-damage|p1b: Primarina|10\/100\n|-status|p1b: Primarina|psn\n|\n|-damage|p1b: Primarina|0 fnt|[from] psn\n|faint|p1b: Primarina\n|upkeep\n|\n|t:|1727641004\n|switch|p1b: Amoonguss|Amoonguss, L50, M|100\/100\n|turn|4\n|\n|t:|1727641022\n|move|p1b: Amoonguss|Protect|p1b: Amoonguss\n|-singleturn|p1b: Amoonguss|Protect\n|move|p2b: Incineroar|Knock Off|p1b: Amoonguss\n|-activate|p1b: Amoonguss|move: Protect\n|move|p1a: Incineroar|U-turn|p2a: will-o-miss\n|-resisted|p2a: will-o-miss\n|-damage|p2a: will-o-miss|0 fnt\n|faint|p2a: will-o-miss\n|-end|p2a: will-o-miss|ability: Neutralizing Gas\n|-ability|p1a: Incineroar|Intimidate|boost\n|-unboost|p2b: Incineroar|atk|1\n|\n|t:|1727641030\n|switch|p1a: Porygon2|Porygon2, L50|38\/100|[from] U-turn\n|-ability|p1a: Porygon2|Download|boost\n|-boost|p1a: Porygon2|atk|1\n|\n|upkeep\n|\n|t:|1727641034\n|switch|p2a: Pawmot|Pawmot, L50, F|100\/100\n|turn|5\n|inactive|Phononmode has 30 seconds left.\n|\n|t:|1727641059\n|switch|p1a: Incineroar|Incineroar, L50, F|91\/100\n|-ability|p1a: Incineroar|Intimidate|boost\n|-unboost|p2a: Pawmot|atk|1\n|-unboost|p2b: Incineroar|atk|1\n|-terastallize|p2a: Pawmot|Electric\n|move|p2a: Pawmot|Double Shock|p1b: Amoonguss\n|-resisted|p1b: Amoonguss\n|-damage|p1b: Amoonguss|81\/100\n|-start|p2a: Pawmot|typechange|Electric|[from] move: Double Shock\n|move|p2b: Incineroar|Flare Blitz|p1b: Amoonguss\n|-supereffective|p1b: Amoonguss\n|-damage|p1b: Amoonguss|28\/100\n|-damage|p2b: Incineroar|66\/100|[from] Recoil\n|move|p1b: Amoonguss|Spore|p2a: Pawmot\n|-status|p2a: Pawmot|slp|[from] move: Spore\n|\n|upkeep\n|turn|6\n|inactive|kiwigal has 30 seconds left.\n|inactive|Phononmode has 30 seconds left.\n|inactive|kiwigal has 20 seconds left.\n|\n|t:|1727641097\n|switch|p1b: Porygon2|Porygon2, L50|38\/100\n|-ability|p1b: Porygon2|Download|boost\n|-boost|p1b: Porygon2|spa|1\n|cant|p2a: Pawmot|slp\n|move|p2b: Incineroar|Flare Blitz|p1b: Porygon2\n|-damage|p1b: Porygon2|8\/100\n|-damage|p2b: Incineroar|55\/100|[from] Recoil\n|move|p1a: Incineroar|Flare Blitz|p2a: Pawmot\n|-damage|p2a: Pawmot|20\/100 slp\n|-damage|p1a: Incineroar|72\/100|[from] Recoil\n|\n|upkeep\n|turn|7\n|\n|t:|1727641114\n|cant|p2a: Pawmot|slp\n|move|p2b: Incineroar|Flare Blitz|p1b: Porygon2\n|-damage|p1b: Porygon2|0 fnt\n|faint|p1b: Porygon2\n|-damage|p2b: Incineroar|52\/100|[from] Recoil\n|move|p1a: Incineroar|U-turn|p2a: Pawmot\n|-damage|p2a: Pawmot|0 fnt\n|faint|p2a: Pawmot\n|\n|t:|1727641117\n|switch|p1a: Amoonguss|Amoonguss, L50, M|61\/100|[from] U-turn\n|\n|upkeep\n|\n|t:|1727641121\n|switch|p2a: Dragapult|Dragapult, L50, M|100\/100\n|switch|p1b: Incineroar|Incineroar, L50, F|72\/100\n|-ability|p1b: Incineroar|Intimidate|boost\n|-fail|p2a: Dragapult|unboost|[from] ability: Clear Body|[of] p2a: Dragapult\n|-unboost|p2b: Incineroar|atk|1\n|turn|8\n|\n|t:|1727641142\n|-terastallize|p1a: Amoonguss|Water\n|move|p1b: Incineroar|Fake Out|p2b: Incineroar\n|-damage|p2b: Incineroar|40\/100\n|move|p2a: Dragapult|Dragon Darts|p1a: Amoonguss\n|-damage|p1a: Amoonguss|34\/100\n|-anim|p2a: Dragapult|Dragon Darts|p1b: Incineroar\n|-damage|p1b: Incineroar|39\/100\n|cant|p2b: Incineroar|flinch\n|move|p1a: Amoonguss|Spore|p2a: Dragapult\n|-status|p2a: Dragapult|slp|[from] move: Spore\n|\n|upkeep\n|turn|9\n|\n|t:|1727641157\n|cant|p2a: Dragapult|slp\n|move|p2b: Incineroar|Parting Shot|p1b: Incineroar\n|-unboost|p1b: Incineroar|atk|1\n|-unboost|p1b: Incineroar|spa|1\n|move|p1b: Incineroar|Knock Off|p2a: Dragapult\n|-supereffective|p2a: Dragapult\n|-damage|p2a: Dragapult|19\/100 slp\n|-enditem|p2a: Dragapult|Choice Band|[from] move: Knock Off|[of] p1b: Incineroar\n|move|p1a: Amoonguss|Spore|p2b: Incineroar\n|-status|p2b: Incineroar|slp|[from] move: Spore\n|\n|upkeep\n|turn|10\n|\n|t:|1727641176\n|cant|p2a: Dragapult|slp\n|cant|p2b: Incineroar|slp\n|move|p1b: Incineroar|Knock Off|p2a: Dragapult\n|-supereffective|p2a: Dragapult\n|-damage|p2a: Dragapult|0 fnt\n|faint|p2a: Dragapult\n|move|p1a: Amoonguss|Pollen Puff|p1b: Incineroar\n|-heal|p1b: Incineroar|89\/100\n|\n|upkeep\n|turn|11\n|-message|Phononmode forfeited.\n|\n|win|kiwigal\n|raw|kiwigal's rating: 1679 &rarr; <strong>1701<\/strong><br \/>(+22 for winning)\n|raw|Phononmode's rating: 1709 &rarr; <strong>1687<\/strong><br \/>(-22 for losing)\n|l|\u2606Phononmode\n|player|p2|\n|l|\u2606kiwigal\n|player|p1|\n","uploadtime":1727641392,"views":18,"formatid":"gen9vgc2024regh","rating":1687,"private":0,"password":null}