{"id":"gen9vgc2024regh-2212607541","format":"[Gen 9] VGC 2024 Reg H","players":["moon7777alt2","Xeoffee"],"log":"|j|\u2606moon7777alt2\n|j|\u2606Xeoffee\n|t:|1727674264\n|gametype|doubles\n|player|p1|moon7777alt2|1|1689\n|player|p2|Xeoffee|n|1750\n|teamsize|p1|6\n|teamsize|p2|6\n|gen|9\n|tier|[Gen 9] VGC 2024 Reg H\n|rated|\n|rule|Species Clause: Limit one of each Pok\u00e9mon\n|rule|Item Clause: Limit 1 of each item\n|clearpoke\n|poke|p1|Dragonite, L50, F|\n|poke|p1|Krookodile, L50, F|\n|poke|p1|Basculegion, L50, M|\n|poke|p1|Sableye, L50, F|\n|poke|p1|Sneasler, L50, F|\n|poke|p1|Comfey, L50, M|\n|poke|p2|Volcarona, L50, F|\n|poke|p2|Primarina, L50, M|\n|poke|p2|Rillaboom, L50, M|\n|poke|p2|Ursaluna-Bloodmoon, L50, M|\n|poke|p2|Electabuzz, L50, F|\n|poke|p2|Farigiraf, L50, F|\n|teampreview|4\n|j| quinn2\nXeoffee has agreed to open team sheets.\nmoon7777alt2 has agreed to open team sheets.\n|\n|t:|1727674310\n|start\n|switch|p1a: Sneasler|Sneasler, L50, F|100\/100\n|switch|p1b: Dragonite|Dragonite, L50, F|100\/100\n|switch|p2a: Farigiraf|Farigiraf, L50, F|100\/100\n|switch|p2b: Rillaboom|Rillaboom, L50, M|100\/100\n|-fieldstart|move: Grassy Terrain|[from] ability: Grassy Surge|[of] p2b: Rillaboom\n|-enditem|p2a: Farigiraf|Grassy Seed\n|-boost|p2a: Farigiraf|def|1|[from] item: Grassy Seed\n|turn|1\n|\n|t:|1727674323\n|switch|p1a: Comfey|Comfey, L50, M|100\/100\n|move|p2b: Rillaboom|Fake Out|p1b: Dragonite\n|-damage|p1b: Dragonite|94\/100\n|cant|p1b: Dragonite|flinch\n|move|p2a: Farigiraf|Trick Room|p2a: Farigiraf\n|-fieldstart|move: Trick Room|[of] p2a: Farigiraf\n|\n|upkeep\n|turn|2\n|\n|t:|1727674343\n|-terastallize|p1b: Dragonite|Flying\n|move|p2a: Farigiraf|Hyper Voice|p1a: Comfey|[spread] p1a,p1b\n|-damage|p1a: Comfey|68\/100\n|-damage|p1b: Dragonite|68\/100\n|move|p1b: Dragonite|Tera Blast|p2b: Rillaboom|[anim] Tera Blast Flying\n|-supereffective|p2b: Rillaboom\n|-damage|p2b: Rillaboom|0 fnt\n|faint|p2b: Rillaboom\n|move|p1a: Comfey|Trick Room|p1a: Comfey\n|-fieldend|move: Trick Room\n|\n|-heal|p1a: Comfey|74\/100|[from] Grassy Terrain\n|upkeep\n|\n|t:|1727674351\n|switch|p2b: Ursaluna|Ursaluna-Bloodmoon, L50, M|100\/100\n|turn|3\n|\n|t:|1727674359\n|-terastallize|p2b: Ursaluna|Normal\n|move|p1a: Comfey|Floral Healing|p1b: Dragonite\n|-heal|p1b: Dragonite|100\/100\n|move|p1b: Dragonite|Tera Blast|p2b: Ursaluna|[anim] Tera Blast Flying\n|-damage|p2b: Ursaluna|57\/100\n|move|p2a: Farigiraf|Psychic|p1a: Comfey\n|-damage|p1a: Comfey|32\/100\n|move|p2b: Ursaluna|Hyper Voice|p1b: Dragonite|[spread] p1a,p1b\n|-damage|p1a: Comfey|0 fnt\n|-damage|p1b: Dragonite|70\/100\n|faint|p1a: Comfey\n|-damage|p2b: Ursaluna|47\/100|[from] item: Life Orb\n|\n|-heal|p2b: Ursaluna|53\/100|[from] Grassy Terrain\n|upkeep\n|\n|t:|1727674372\n|switch|p1a: Sneasler|Sneasler, L50, F|100\/100\n|turn|4\n|\n|t:|1727674400\n|move|p1a: Sneasler|Dire Claw|p2a: Farigiraf\n|-damage|p2a: Farigiraf|71\/100\n|move|p1b: Dragonite|Tera Blast|p2a: Farigiraf|[anim] Tera Blast Flying\n|-damage|p2a: Farigiraf|28\/100\n|move|p2a: Farigiraf|Hyper Voice|p1a: Sneasler|[spread] p1a,p1b\n|-damage|p1a: Sneasler|59\/100\n|-damage|p1b: Dragonite|41\/100\n|move|p2b: Ursaluna|Hyper Voice|p1b: Dragonite|[spread] p1a,p1b\n|-damage|p1a: Sneasler|0 fnt\n|-damage|p1b: Dragonite|0 fnt\n|faint|p1a: Sneasler\n|faint|p1b: Dragonite\n|-damage|p2b: Ursaluna|43\/100|[from] item: Life Orb\n|\n|-heal|p2a: Farigiraf|33\/100|[from] Grassy Terrain\n|-heal|p2b: Ursaluna|49\/100|[from] Grassy Terrain\n|upkeep\n|\n|t:|1727674408\n|switch|p1b: Krookodile|Krookodile, L50, F|100\/100\n|-ability|p1b: Krookodile|Intimidate|boost\n|-unboost|p2a: Farigiraf|atk|1\n|-unboost|p2b: Ursaluna|atk|1\n|turn|5\n|\n|t:|1727674424\n|move|p1b: Krookodile|Knock Off|p2b: Ursaluna\n|-damage|p2b: Ursaluna|19\/100\n|-enditem|p2b: Ursaluna|Life Orb|[from] move: Knock Off|[of] p1b: Krookodile\n|move|p2a: Farigiraf|Hyper Voice|p1b: Krookodile\n|-damage|p1b: Krookodile|75\/100\n|move|p2b: Ursaluna|Blood Moon|p1b: Krookodile\n|-damage|p1b: Krookodile|0 fnt\n|faint|p1b: Krookodile\n|\n|win|Xeoffee\n|raw|moon7777alt2's rating: 1689 &rarr; <strong>1672<\/strong><br \/>(-17 for losing)\n|raw|Xeoffee's rating: 1750 &rarr; <strong>1767<\/strong><br \/>(+17 for winning)\n|l|\u2606Xeoffee\n|player|p2|\n|l| quinn2\n|l|\u2606moon7777alt2\n|player|p1|\n","uploadtime":1727674629,"views":17,"formatid":"gen9vgc2024regh","rating":1672,"private":0,"password":null}