{"id":"gen9vgc2024regh-2212879700","format":"[Gen 9] VGC 2024 Reg H","players":["Phononmode","Aires17"],"log":"|j|\u2606Phononmode\n|j|\u2606Aires17\n|t:|1727710303\n|gametype|doubles\n|player|p1|Phononmode|2|1688\n|player|p2|Aires17|blackbelt-gen4dp|1670\n|teamsize|p1|6\n|teamsize|p2|6\n|gen|9\n|tier|[Gen 9] VGC 2024 Reg H\n|rated|\n|rule|Species Clause: Limit one of each Pok\u00e9mon\n|rule|Item Clause: Limit 1 of each item\n|clearpoke\n|poke|p1|Pawmot, L50, M|\n|poke|p1|Dondozo, L50, M|\n|poke|p1|Tatsugiri, L50, M|\n|poke|p1|Dragapult, L50, F|\n|poke|p1|Weezing, L50, F|\n|poke|p1|Incineroar, L50, M|\n|poke|p2|Indeedee, L50, M|\n|poke|p2|Sneasler, L50, F|\n|poke|p2|Torkoal, L50, M|\n|poke|p2|Lilligant-Hisui, L50, F|\n|poke|p2|Dragapult, L50, F|\n|poke|p2|Talonflame, L50, F|\n|teampreview|4\nAires17 rejected open team sheets.\n|\n|t:|1727710336\n|start\n|switch|p1a: Wee-o-miss|Weezing, L50, F|100\/100\n|switch|p1b: Incineroar|Incineroar, L50, M|100\/100\n|switch|p2a: Talonflame|Talonflame, L50, F|100\/100\n|switch|p2b: Dragapult|Dragapult, L50, F|100\/100\n|-ability|p1a: Wee-o-miss|Neutralizing Gas\n|-block|p1b: Incineroar|item: Ability Shield\n|-ability|p1b: Incineroar|Intimidate|boost\n|-unboost|p2a: Talonflame|atk|1\n|-unboost|p2b: Dragapult|atk|1\n|turn|1\n|\n|t:|1727710362\n|switch|p2b: Sneasler|Sneasler, L50, F|100\/100\n|move|p2a: Talonflame|Tailwind|p2a: Talonflame\n|-sidestart|p2: Aires17|move: Tailwind\n|move|p1b: Incineroar|Knock Off|p2a: Talonflame\n|-damage|p2a: Talonflame|30\/100\n|-enditem|p2a: Talonflame|Covert Cloak|[from] move: Knock Off|[of] p1b: Incineroar\n|move|p1a: Wee-o-miss|Sludge Bomb|p2a: Talonflame\n|-damage|p2a: Talonflame|0 fnt\n|faint|p2a: Talonflame\n|\n|upkeep\n|\n|t:|1727710373\n|switch|p2a: Dragapult|Dragapult, L50, F|100\/100\n|turn|2\n|\n|t:|1727710387\n|-terastallize|p2a: Dragapult|Dragon\n|-terastallize|p1b: Incineroar|Flying\n|move|p2a: Dragapult|Outrage|p1b: Incineroar\n|-damage|p1b: Incineroar|0 fnt\n|faint|p1b: Incineroar\n|move|p2b: Sneasler|Close Combat|p1a: Wee-o-miss\n|-resisted|p1a: Wee-o-miss\n|-damage|p1a: Wee-o-miss|71\/100\n|-unboost|p2b: Sneasler|def|1\n|-unboost|p2b: Sneasler|spd|1\n|move|p1a: Wee-o-miss|Will-O-Wisp|p2a: Dragapult\n|-status|p2a: Dragapult|brn\n|\n|-damage|p2a: Dragapult|94\/100 brn|[from] brn\n|upkeep\n|\n|t:|1727710395\n|switch|p1b: Dragapult|Dragapult, L50, F|100\/100\n|turn|3\n|\n|t:|1727710418\n|move|p2b: Sneasler|Protect|p2b: Sneasler\n|-singleturn|p2b: Sneasler|Protect\n|move|p2a: Dragapult|Outrage|p1a: Wee-o-miss|[from]lockedmove\n|-damage|p1a: Wee-o-miss|19\/100\n|-enditem|p1a: Wee-o-miss|Sitrus Berry|[eat]\n|-heal|p1a: Wee-o-miss|44\/100|[from] item: Sitrus Berry\n|-start|p2a: Dragapult|confusion|[fatigue]\n|move|p1b: Dragapult|Dragon Darts|p2a: Dragapult\n|-supereffective|p2a: Dragapult\n|-damage|p2a: Dragapult|2\/100 brn\n|-anim|p1b: Dragapult|Dragon Darts|p2a: Dragapult\n|-supereffective|p2a: Dragapult\n|-damage|p2a: Dragapult|0 fnt\n|faint|p2a: Dragapult\n|move|p1a: Wee-o-miss|Sludge Bomb|p2b: Sneasler\n|-activate|p2b: Sneasler|move: Protect\n|\n|upkeep\n|\n|t:|1727710433\n|switch|p2a: Indeedee|Indeedee, L50, M|100\/100\n|turn|4\n|\n|t:|1727710446\n|move|p2a: Indeedee|Helping Hand|p2b: Sneasler\n|-singleturn|p2b: Sneasler|Helping Hand|[of] p2a: Indeedee\n|move|p2b: Sneasler|Throat Chop|p1b: Dragapult\n|-supereffective|p1b: Dragapult\n|-damage|p1b: Dragapult|0 fnt\n|faint|p1b: Dragapult\n|move|p1a: Wee-o-miss|Taunt|p2a: Indeedee\n|-start|p2a: Indeedee|move: Taunt\n|\n|-sideend|p2: Aires17|move: Tailwind\n|upkeep\n|\n|t:|1727710450\n|switch|p1b: Tatsugiri|Tatsugiri, L50, M|100\/100\n|turn|5\n|\n|t:|1727710478\n|move|p1b: Tatsugiri|Draco Meteor|p2a: Indeedee\n|-damage|p2a: Indeedee|7\/100\n|-unboost|p1b: Tatsugiri|spa|2\n|move|p2b: Sneasler|Dire Claw|p1b: Tatsugiri\n|-damage|p1b: Tatsugiri|20\/100\n|move|p2a: Indeedee|Expanding Force|p1a: Wee-o-miss\n|-supereffective|p1a: Wee-o-miss\n|-damage|p1a: Wee-o-miss|0 fnt\n|faint|p1a: Wee-o-miss\n|-end|p1a: Wee-o-miss|ability: Neutralizing Gas\n|-fieldstart|move: Psychic Terrain|[from] ability: Psychic Surge|[of] p2a: Indeedee\n|-enditem|p2b: Sneasler|Psychic Seed\n|-boost|p2b: Sneasler|spd|1|[from] item: Psychic Seed\n|-damage|p2a: Indeedee|0 fnt|[from] item: Life Orb\n|faint|p2a: Indeedee\n|\n|upkeep\n|turn|6\n|\n|t:|1727710496\n|move|p2b: Sneasler|Dire Claw|p1b: Tatsugiri\n|-damage|p1b: Tatsugiri|0 fnt\n|faint|p1b: Tatsugiri\n|\n|win|Aires17\n|raw|Phononmode's rating: 1688 &rarr; <strong>1667<\/strong><br \/>(-21 for losing)\n|raw|Aires17's rating: 1670 &rarr; <strong>1691<\/strong><br \/>(+21 for winning)\n|l|\u2606Phononmode\n|player|p1|\n|l|\u2606Aires17\n|player|p2|\n","uploadtime":1727710751,"views":15,"formatid":"gen9vgc2024regh","rating":1667,"private":0,"password":null}