{"id":"gen9vgc2024regh-2212601326","format":"[Gen 9] VGC 2024 Reg H","players":["Xeoffee","moon7777alt2"],"log":"|j|\u2606Xeoffee\n|j|\u2606moon7777alt2\n|t:|1727673136\n|gametype|doubles\n|player|p1|Xeoffee|n|1713\n|player|p2|moon7777alt2|1|1768\n|teamsize|p1|6\n|teamsize|p2|6\n|gen|9\n|tier|[Gen 9] VGC 2024 Reg H\n|rated|\n|rule|Species Clause: Limit one of each Pok\u00e9mon\n|rule|Item Clause: Limit 1 of each item\n|clearpoke\n|poke|p1|Volcarona, L50, F|\n|poke|p1|Primarina, L50, M|\n|poke|p1|Rillaboom, L50, F|\n|poke|p1|Ursaluna-Bloodmoon, L50, M|\n|poke|p1|Electabuzz, L50, M|\n|poke|p1|Farigiraf, L50, F|\n|poke|p2|Dragonite, L50, F|\n|poke|p2|Krookodile, L50, F|\n|poke|p2|Basculegion, L50, M|\n|poke|p2|Garchomp, L50, M|\n|poke|p2|Sneasler, L50, F|\n|poke|p2|Comfey, L50, F|\n|teampreview|4\n|inactive|Battle timer is ON: inactive players will automatically lose when time's up. (requested by moon7777alt2)\nmoon7777alt2 has agreed to open team sheets.\nXeoffee has agreed to open team sheets.\n|inactive|Xeoffee has 30 seconds left.\n|\n|t:|1727673208\n|start\n|switch|p1a: Farigiraf|Farigiraf, L50, F|100\/100\n|switch|p1b: Rillaboom|Rillaboom, L50, F|100\/100\n|switch|p2a: Sneasler|Sneasler, L50, F|100\/100\n|switch|p2b: Dragonite|Dragonite, L50, F|100\/100\n|-fieldstart|move: Grassy Terrain|[from] ability: Grassy Surge|[of] p1b: Rillaboom\n|-enditem|p1a: Farigiraf|Grassy Seed\n|-boost|p1a: Farigiraf|def|1|[from] item: Grassy Seed\n|turn|1\n|\n|t:|1727673228\n|move|p1b: Rillaboom|Fake Out|p2a: Sneasler\n|-damage|p2a: Sneasler|74\/100\n|cant|p2a: Sneasler|flinch\n|move|p2b: Dragonite|Dragon Dance|p2b: Dragonite\n|-boost|p2b: Dragonite|atk|1\n|-boost|p2b: Dragonite|spe|1\n|move|p1a: Farigiraf|Trick Room|p1a: Farigiraf\n|-fieldstart|move: Trick Room|[of] p1a: Farigiraf\n|\n|-heal|p2a: Sneasler|80\/100|[from] Grassy Terrain\n|upkeep\n|turn|2\n|inactive|Xeoffee has 30 seconds left.\n|inactive|moon7777alt2 has 30 seconds left.\n|inactive|Xeoffee has 20 seconds left.\n|\n|t:|1727673265\n|switch|p1b: Primarina|Primarina, L50, M|100\/100\n|switch|p2a: Krookodile|Krookodile, L50, F|100\/100\n|-ability|p2a: Krookodile|Intimidate|boost\n|-unboost|p1a: Farigiraf|atk|1\n|-unboost|p1b: Primarina|atk|1\n|-terastallize|p2b: Dragonite|Flying\n|move|p1a: Farigiraf|Psychic|p2a: Krookodile\n|-immune|p2a: Krookodile\n|move|p2b: Dragonite|Tera Blast|p1b: Primarina|[anim] Tera Blast Flying\n|-damage|p1b: Primarina|0 fnt\n|faint|p1b: Primarina\n|\n|upkeep\n|\n|t:|1727673279\n|switch|p1b: Ursaluna|Ursaluna-Bloodmoon, L50, M|100\/100\n|turn|3\n|\n|t:|1727673292\n|-terastallize|p1b: Ursaluna|Normal\n|move|p1b: Ursaluna|Blood Moon|p2a: Krookodile\n|-damage|p2a: Krookodile|6\/100\n|-damage|p1b: Ursaluna|91\/100|[from] item: Life Orb\n|move|p1a: Farigiraf|Hyper Voice|p2b: Dragonite|[spread] p2a,p2b\n|-damage|p2a: Krookodile|0 fnt\n|-damage|p2b: Dragonite|88\/100\n|faint|p2a: Krookodile\n|move|p2b: Dragonite|Tera Blast|p1b: Ursaluna|[anim] Tera Blast Flying\n|-damage|p1b: Ursaluna|27\/100\n|\n|-heal|p1b: Ursaluna|33\/100|[from] Grassy Terrain\n|upkeep\n|\n|t:|1727673307\n|switch|p2a: Basculegion|Basculegion, L50, M|100\/100\n|turn|4\n|inactive|Xeoffee has 30 seconds left.\n|\n|t:|1727673335\n|move|p1b: Ursaluna|Hyper Voice|p2a: Basculegion|[spread] p2a,p2b\n|-damage|p2a: Basculegion|18\/100\n|-damage|p2b: Dragonite|28\/100\n|-damage|p1b: Ursaluna|23\/100|[from] item: Life Orb\n|move|p1a: Farigiraf|Psychic|p2b: Dragonite\n|-damage|p2b: Dragonite|0 fnt\n|faint|p2b: Dragonite\n|move|p2a: Basculegion|Flip Turn|p1a: Farigiraf\n|-crit|p1a: Farigiraf\n|-damage|p1a: Farigiraf|28\/100\n|\n|t:|1727673345\n|switch|p2a: Sneasler|Sneasler, L50, F|80\/100|[from] Flip Turn\n|\n|-heal|p1b: Ursaluna|29\/100|[from] Grassy Terrain\n|-heal|p1a: Farigiraf|33\/100|[from] Grassy Terrain\n|-heal|p2a: Sneasler|86\/100|[from] Grassy Terrain\n|upkeep\n|\n|t:|1727673351\n|switch|p2b: Basculegion|Basculegion, L50, M|18\/100\n|turn|5\n|\n|t:|1727673360\n|move|p1b: Ursaluna|Hyper Voice|p2b: Basculegion|[spread] p2a,p2b\n|-damage|p2a: Sneasler|0 fnt\n|-damage|p2b: Basculegion|0 fnt\n|faint|p2a: Sneasler\n|faint|p2b: Basculegion\n|-damage|p1b: Ursaluna|20\/100|[from] item: Life Orb\n|\n|win|Xeoffee\n|raw|Xeoffee's rating: 1713 &rarr; <strong>1736<\/strong><br \/>(+23 for winning)\n|raw|moon7777alt2's rating: 1768 &rarr; <strong>1745<\/strong><br \/>(-23 for losing)\n|l|\u2606Xeoffee\n|player|p1|\n|l|\u2606moon7777alt2\n|player|p2|\n","uploadtime":1727673523,"views":32,"formatid":"gen9vgc2024regh","rating":1736,"private":0,"password":null}