{"id":"gen9vgc2024regh-2212349600","format":"[Gen 9] VGC 2024 Reg H","players":["chin8","moon7777"],"log":"|j|\u2606chin8\n|j|\u2606moon7777\n|t:|1727640376\n|gametype|doubles\n|player|p1|chin8|gentleman-gen4dp|1884\n|player|p2|moon7777|170|1815\n|teamsize|p1|6\n|teamsize|p2|6\n|gen|9\n|tier|[Gen 9] VGC 2024 Reg H\n|rated|\n|rule|Species Clause: Limit one of each Pok\u00e9mon\n|rule|Item Clause: Limit 1 of each item\n|clearpoke\n|poke|p1|Baxcalibur, L50, F|\n|poke|p1|Kilowattrel, L50, M|\n|poke|p1|Haxorus, L50, F|\n|poke|p1|Gardevoir, L50, M|\n|poke|p1|Magmortar, L50, M|\n|poke|p1|Gholdengo, L50|\n|poke|p2|Dragonite, L50, F|\n|poke|p2|Krookodile, L50, M|\n|poke|p2|Basculegion, L50, M|\n|poke|p2|Rillaboom, L50, M|\n|poke|p2|Sneasler, L50, F|\n|poke|p2|Comfey, L50, M|\n|teampreview|4\n|inactive|Battle timer is ON: inactive players will automatically lose when time's up. (requested by moon7777)\n|\n|t:|1727640424\n|start\n|switch|p1a: Baxcalibur|Baxcalibur, L50, F|100\/100\n|switch|p1b: Magmortar|Magmortar, L50, M|100\/100\n|switch|p2a: Dragonite|Dragonite, L50, F|100\/100\n|switch|p2b: Sneasler|Sneasler, L50, F|100\/100\n|turn|1\n|\n|t:|1727640434\n|-terastallize|p2a: Dragonite|Flying\n|move|p2b: Sneasler|Fake Out|p1a: Baxcalibur\n|-damage|p1a: Baxcalibur|85\/100\n|-status|p1a: Baxcalibur|psn|[from] ability: Poison Touch|[of] p2b: Sneasler\n|cant|p1a: Baxcalibur|flinch\n|move|p1b: Magmortar|Heat Wave|p2b: Sneasler|[spread] p2b\n|-miss|p1b: Magmortar|p2a: Dragonite\n|-damage|p2b: Sneasler|56\/100\n|move|p2a: Dragonite|Dragon Dance|p2a: Dragonite\n|-boost|p2a: Dragonite|atk|1\n|-boost|p2a: Dragonite|spe|1\n|\n|-damage|p1a: Baxcalibur|73\/100 psn|[from] psn\n|upkeep\n|turn|2\n|j| spectator2938723\n|inactive|moon7777 has 30 seconds left.\n|\n|t:|1727640460\n|move|p1b: Magmortar|Follow Me|p1b: Magmortar\n|-singleturn|p1b: Magmortar|move: Follow Me\n|move|p2b: Sneasler|Coaching|p2a: Dragonite\n|-boost|p2a: Dragonite|atk|1\n|-boost|p2a: Dragonite|def|1\n|move|p2a: Dragonite|Tera Blast|p1b: Magmortar|[anim] Tera Blast Flying\n|-damage|p1b: Magmortar|0 fnt\n|faint|p1b: Magmortar\n|move|p1a: Baxcalibur|Icicle Crash|p2a: Dragonite\n|-supereffective|p2a: Dragonite\n|-damage|p2a: Dragonite|70\/100\n|\n|-damage|p1a: Baxcalibur|60\/100 psn|[from] psn\n|upkeep\n|\n|t:|1727640464\n|switch|p1b: Kilowattrel|Kilowattrel, L50, M|100\/100\n|turn|3\n|\n|t:|1727640489\n|switch|p2b: Comfey|Comfey, L50, M|100\/100\n|move|p2a: Dragonite|Protect|p2a: Dragonite\n|-singleturn|p2a: Dragonite|Protect\n|move|p1b: Kilowattrel|Thunderbolt|p2a: Dragonite\n|-activate|p2a: Dragonite|move: Protect\n|move|p1a: Baxcalibur|Icicle Crash|p2b: Comfey\n|-damage|p2b: Comfey|55\/100\n|\n|-damage|p1a: Baxcalibur|48\/100 psn|[from] psn\n|upkeep\n|turn|4\n|\n|t:|1727640503\n|move|p2b: Comfey|Floral Healing|p2a: Dragonite\n|-heal|p2a: Dragonite|100\/100\n|move|p2a: Dragonite|Extreme Speed|p1a: Baxcalibur\n|-damage|p1a: Baxcalibur|0 fnt\n|faint|p1a: Baxcalibur\n|move|p1b: Kilowattrel|Thunderbolt|p2a: Dragonite\n|-supereffective|p2a: Dragonite\n|-damage|p2a: Dragonite|64\/100\n|-status|p2a: Dragonite|par\n|-enditem|p2a: Dragonite|Lum Berry|[eat]\n|-curestatus|p2a: Dragonite|par|[msg]\n|\n|upkeep\n|\n|t:|1727640508\n|switch|p1a: Gholdengo|Gholdengo, L50|100\/100\n|turn|5\n|\n|t:|1727640523\n|move|p2b: Comfey|Draining Kiss|p1b: Kilowattrel\n|-damage|p1b: Kilowattrel|75\/100\n|-heal|p2b: Comfey|73\/100|[from] drain|[of] p1b: Kilowattrel\n|move|p2a: Dragonite|Extreme Speed|p1b: Kilowattrel\n|-damage|p1b: Kilowattrel|0 fnt\n|faint|p1b: Kilowattrel\n|move|p1a: Gholdengo|Nasty Plot|p1a: Gholdengo\n|-boost|p1a: Gholdengo|spa|2\n|\n|upkeep\n|turn|6\n|-message|chin8 forfeited.\n|\n|win|moon7777\n|raw|chin8's rating: 1884 &rarr; <strong>1860<\/strong><br \/>(-24 for losing)\n|raw|moon7777's rating: 1815 &rarr; <strong>1839<\/strong><br \/>(+24 for winning)\n|l|\u2606chin8\n|player|p1|\n|c|\u2606moon7777|gg\n|l| spectator2938723\n|l|\u2606moon7777\n|player|p2|\n","uploadtime":1727640711,"views":433,"formatid":"gen9vgc2024regh","rating":1839,"private":0,"password":null}