{"id":"gen9vgc2024regh-2212217791","format":"[Gen 9] VGC 2024 Reg H","players":["bluestraggler01","bean muffin"],"log":"|j|\u2606bluestraggler01\n|j|\u2606bean muffin\n|t:|1727626232\n|gametype|doubles\n|player|p1|bluestraggler01|169|1648\n|player|p2|bean muffin|pokekid|1699\n|teamsize|p1|6\n|teamsize|p2|6\n|gen|9\n|tier|[Gen 9] VGC 2024 Reg H\n|rated|\n|rule|Species Clause: Limit one of each Pok\u00e9mon\n|rule|Item Clause: Limit 1 of each item\n|clearpoke\n|poke|p1|Skeledirge, L50, M|\n|poke|p1|Porygon2, L50|\n|poke|p1|Ursaluna, L50, M|\n|poke|p1|Amoonguss, L50, F|\n|poke|p1|Mienshao, L50, F|\n|poke|p1|Slowbro, L50, F|\n|poke|p2|Incineroar, L50, F|\n|poke|p2|Porygon2, L50|\n|poke|p2|Amoonguss, L50, M|\n|poke|p2|Ursaluna, L50, M|\n|poke|p2|Tyranitar, L50, M|\n|poke|p2|Gholdengo, L50|\n|teampreview|4\n|j| AceEnby\n|inactive|Battle timer is ON: inactive players will automatically lose when time's up. (requested by bluestraggler01)\nbluestraggler01 rejected open team sheets.\n|j| Nido_kingj\n|\n|t:|1727626270\n|start\n|switch|p1a: Mienshao|Mienshao, L50, F|100\/100\n|switch|p1b: Skeledirge|Skeledirge, L50, M|100\/100\n|switch|p2a: Porygon2|Porygon2, L50|100\/100\n|switch|p2b: Gholdengo|Gholdengo, L50|100\/100\n|-ability|p2a: Porygon2|Download|boost\n|-boost|p2a: Porygon2|spa|1\n|turn|1\n|\n|t:|1727626290\n|move|p1a: Mienshao|Knock Off|p2b: Gholdengo\n|-supereffective|p2b: Gholdengo\n|-damage|p2b: Gholdengo|40\/100\n|-enditem|p2b: Gholdengo|Leftovers|[from] move: Knock Off|[of] p1a: Mienshao\n|move|p2b: Gholdengo|Shadow Ball|p1b: Skeledirge\n|-supereffective|p1b: Skeledirge\n|-damage|p1b: Skeledirge|49\/100\n|move|p1b: Skeledirge|Torch Song|p2b: Gholdengo\n|-supereffective|p2b: Gholdengo\n|-damage|p2b: Gholdengo|0 fnt\n|-boost|p1b: Skeledirge|spa|1\n|faint|p2b: Gholdengo\n|move|p2a: Porygon2|Tera Blast|p1a: Mienshao\n|-enditem|p1a: Mienshao|Focus Sash\n|-damage|p1a: Mienshao|1\/100\n|\n|upkeep\n|\n|t:|1727626314\n|switch|p2b: Incineroar|Incineroar, L50, F, shiny|100\/100\n|-ability|p2b: Incineroar|Intimidate|boost\n|-fail|p1a: Mienshao|unboost|Attack|[from] ability: Inner Focus|[of] p1a: Mienshao\n|-unboost|p1b: Skeledirge|atk|1\n|turn|2\n|\n|t:|1727626325\n|switch|p1a: Porygon2|Porygon2, L50|100\/100\n|-ability|p1a: Porygon2|Download|boost\n|-boost|p1a: Porygon2|atk|1\n|-terastallize|p1b: Skeledirge|Dark\n|-terastallize|p2b: Incineroar|Grass\n|move|p1b: Skeledirge|Earth Power|p2b: Incineroar\n|-resisted|p2b: Incineroar\n|-damage|p2b: Incineroar|82\/100\n|move|p2b: Incineroar|Knock Off|p1b: Skeledirge\n|-resisted|p1b: Skeledirge\n|-damage|p1b: Skeledirge|30\/100\n|-enditem|p1b: Skeledirge|Assault Vest|[from] move: Knock Off|[of] p2b: Incineroar\n|move|p2a: Porygon2|Tera Blast|p1a: Porygon2\n|-damage|p1a: Porygon2|72\/100\n|\n|upkeep\n|turn|3\n|\n|t:|1727626349\n|move|p1b: Skeledirge|Torch Song|p2b: Incineroar\n|-supereffective|p2b: Incineroar\n|-damage|p2b: Incineroar|0 fnt\n|-boost|p1b: Skeledirge|spa|1\n|faint|p2b: Incineroar\n|move|p2a: Porygon2|Tera Blast|p1b: Skeledirge\n|-damage|p1b: Skeledirge|0 fnt\n|faint|p1b: Skeledirge\n|move|p1a: Porygon2|Recover|p1a: Porygon2\n|-heal|p1a: Porygon2|100\/100\n|\n|upkeep\n|\n|t:|1727626360\n|switch|p1b: Ursaluna|Ursaluna, L50, M|100\/100\n|switch|p2b: Amoonguss|Amoonguss, L50, M, shiny|100\/100\n|turn|4\n|\n|t:|1727626376\n|move|p1b: Ursaluna|Protect|p1b: Ursaluna\n|-singleturn|p1b: Ursaluna|Protect\n|move|p2a: Porygon2|Ice Beam|p1b: Ursaluna\n|-activate|p1b: Ursaluna|move: Protect\n|move|p1a: Porygon2|Ice Beam|p2b: Amoonguss\n|-supereffective|p2b: Amoonguss\n|-damage|p2b: Amoonguss|63\/100\n|move|p2b: Amoonguss|Spore|p1a: Porygon2\n|-status|p1a: Porygon2|slp|[from] move: Spore\n|\n|-status|p1b: Ursaluna|brn|[from] item: Flame Orb\n|upkeep\n|turn|5\n|\n|t:|1727626389\n|switch|p1a: Mienshao|Mienshao, L50, F|1\/100\n|move|p2a: Porygon2|Ice Beam|p1b: Ursaluna\n|-supereffective|p1b: Ursaluna\n|-damage|p1b: Ursaluna|39\/100 brn\n|move|p1b: Ursaluna|Facade|p2b: Amoonguss\n|-damage|p2b: Amoonguss|0 fnt\n|faint|p2b: Amoonguss\n|\n|-damage|p1b: Ursaluna|33\/100 brn|[from] brn\n|upkeep\n|turn|6\n|\n|t:|1727626400\n|move|p1a: Mienshao|Close Combat|p2a: Porygon2\n|-supereffective|p2a: Porygon2\n|-damage|p2a: Porygon2|31\/100\n|-unboost|p1a: Mienshao|def|1\n|-unboost|p1a: Mienshao|spd|1\n|move|p1b: Ursaluna|Facade|p2a: Porygon2\n|-damage|p2a: Porygon2|0 fnt\n|faint|p2a: Porygon2\n|\n|win|bluestraggler01\n|raw|bluestraggler01's rating: 1648 &rarr; <strong>1671<\/strong><br \/>(+23 for winning)\n|raw|bean muffin's rating: 1699 &rarr; <strong>1676<\/strong><br \/>(-23 for losing)\n|l|\u2606bluestraggler01\n|player|p1|\n|l| Nido_kingj\n|l| AceEnby\n|l|\u2606bean muffin\n|player|p2|\n","uploadtime":1727626587,"views":19,"formatid":"gen9vgc2024regh","rating":1671,"private":0,"password":null}