{"id":"gen9vgc2024regh-2212604821","format":"[Gen 9] VGC 2024 Reg H","players":["badayagetchi","Xeoffee"],"log":"|j|\u2606badayagetchi\n|j|\u2606Xeoffee\n|t:|1727673773\n|gametype|doubles\n|player|p1|badayagetchi|skyla|1720\n|player|p2|Xeoffee|n|1758\n|teamsize|p1|6\n|teamsize|p2|6\n|gen|9\n|tier|[Gen 9] VGC 2024 Reg H\n|rated|\n|rule|Species Clause: Limit one of each Pok\u00e9mon\n|rule|Item Clause: Limit 1 of each item\n|clearpoke\n|poke|p1|Arcanine-Hisui, L50, F|\n|poke|p1|Pelipper, L50, M|\n|poke|p1|Umbreon, L50, M|\n|poke|p1|Ursaluna-Bloodmoon, L50, M|\n|poke|p1|Clefable, L50, F|\n|poke|p1|Archaludon, L50, F|\n|poke|p2|Volcarona, L50, F|\n|poke|p2|Primarina, L50, M|\n|poke|p2|Rillaboom, L50, F|\n|poke|p2|Ursaluna-Bloodmoon, L50, M|\n|poke|p2|Electabuzz, L50, M|\n|poke|p2|Farigiraf, L50, F|\n|teampreview|4\n|inactive|Battle timer is ON: inactive players will automatically lose when time's up. (requested by badayagetchi)\n|inactive|Xeoffee has 60 seconds left.\n|\n|t:|1727673819\n|start\n|switch|p1a: Arcanine|Arcanine-Hisui, L50, F, shiny|100\/100\n|switch|p1b: Umbreon|Umbreon, L50, M, shiny|100\/100\n|switch|p2a: Electabuzz|Electabuzz, L50, M|100\/100\n|switch|p2b: Ursaluna|Ursaluna-Bloodmoon, L50, M|100\/100\n|turn|1\n|\n|t:|1727673839\n|move|p1a: Arcanine|Protect|p1a: Arcanine\n|-singleturn|p1a: Arcanine|Protect\n|move|p2b: Ursaluna|Protect|p2b: Ursaluna\n|-singleturn|p2b: Ursaluna|Protect\n|move|p2a: Electabuzz|Electroweb|p1b: Umbreon|[spread] p1b\n|-activate|p1a: Arcanine|move: Protect\n|-crit|p1b: Umbreon\n|-damage|p1b: Umbreon|88\/100\n|-unboost|p1b: Umbreon|spe|1\n|move|p1b: Umbreon|Snarl|p2b: Ursaluna|[spread] p2a\n|-activate|p2b: Ursaluna|move: Protect\n|-damage|p2a: Electabuzz|93\/100\n|-unboost|p2a: Electabuzz|spa|1\n|\n|upkeep\n|turn|2\n|\n|t:|1727673859\n|-terastallize|p2b: Ursaluna|Normal\n|move|p1a: Arcanine|Flare Blitz|p2b: Ursaluna\n|-damage|p2b: Ursaluna|64\/100\n|move|p2a: Electabuzz|Electroweb|p1b: Umbreon|[spread] p1a,p1b\n|-damage|p1a: Arcanine|90\/100\n|-damage|p1b: Umbreon|83\/100\n|-unboost|p1a: Arcanine|spe|1\n|-unboost|p1b: Umbreon|spe|1\n|move|p2b: Ursaluna|Blood Moon|p1b: Umbreon\n|-enditem|p1b: Umbreon|Chilan Berry|[eat]\n|-enditem|p1b: Umbreon|Chilan Berry|[weaken]\n|-damage|p1b: Umbreon|39\/100\n|-damage|p2b: Ursaluna|54\/100|[from] item: Life Orb\n|move|p1b: Umbreon|Yawn|p2b: Ursaluna\n|-start|p2b: Ursaluna|move: Yawn|[of] p1b: Umbreon\n|\n|upkeep\n|turn|3\n|\n|t:|1727673881\n|switch|p2b: Primarina|Primarina, L50, M|100\/100\n|move|p1a: Arcanine|Protect|p1a: Arcanine\n|-singleturn|p1a: Arcanine|Protect\n|move|p2a: Electabuzz|Electroweb|p1a: Arcanine|[spread] p1b\n|-activate|p1a: Arcanine|move: Protect\n|-damage|p1b: Umbreon|34\/100\n|-unboost|p1b: Umbreon|spe|1\n|move|p1b: Umbreon|Snarl|p2a: Electabuzz|[spread] p2a,p2b\n|-resisted|p2b: Primarina\n|-damage|p2a: Electabuzz|85\/100\n|-damage|p2b: Primarina|96\/100\n|-unboost|p2a: Electabuzz|spa|1\n|-unboost|p2b: Primarina|spa|1\n|\n|upkeep\n|turn|4\n|\n|t:|1727673897\n|-terastallize|p1a: Arcanine|Ghost\n|move|p2a: Electabuzz|Electroweb|p1b: Umbreon|[spread] p1a,p1b\n|-damage|p1a: Arcanine|81\/100\n|-damage|p1b: Umbreon|30\/100\n|-unboost|p1a: Arcanine|spe|1\n|-unboost|p1b: Umbreon|spe|1\n|move|p1a: Arcanine|Head Smash|p2b: Primarina|[miss]\n|-miss|p1a: Arcanine|p2b: Primarina\n|move|p2b: Primarina|Hyper Voice|p1a: Arcanine|[spread] p1a,p1b\n|-damage|p1a: Arcanine|51\/100\n|-damage|p1b: Umbreon|16\/100\n|-enditem|p2b: Primarina|Throat Spray\n|-boost|p2b: Primarina|spa|1|[from] item: Throat Spray\n|move|p1b: Umbreon|Taunt|p2a: Electabuzz\n|-start|p2a: Electabuzz|move: Taunt\n|\n|upkeep\n|turn|5\n|\n|t:|1727673918\n|move|p1a: Arcanine|Protect|p1a: Arcanine\n|-singleturn|p1a: Arcanine|Protect\n|move|p2a: Electabuzz|Electroweb|p1a: Arcanine|[spread] p1b\n|-activate|p1a: Arcanine|move: Protect\n|-damage|p1b: Umbreon|12\/100\n|-unboost|p1b: Umbreon|spe|1\n|move|p2b: Primarina|Hyper Voice|p1a: Arcanine|[spread] p1b\n|-activate|p1a: Arcanine|move: Protect\n|-damage|p1b: Umbreon|0 fnt\n|faint|p1b: Umbreon\n|\n|upkeep\n|\n|t:|1727673922\n|switch|p1b: Archaludon|Archaludon, L50, F|100\/100\n|turn|6\n|inactive|Xeoffee has 30 seconds left.\n|\n|t:|1727673950\n|move|p2b: Primarina|Protect|p2b: Primarina\n|-singleturn|p2b: Primarina|Protect\n|move|p1b: Archaludon|Electro Shot||[still]\n|-prepare|p1b: Archaludon|Electro Shot\n|-boost|p1b: Archaludon|spa|1\n|-enditem|p1b: Archaludon|Power Herb\n|-anim|p1b: Archaludon|Electro Shot|p2b: Primarina\n|-activate|p2b: Primarina|move: Protect\n|move|p2a: Electabuzz|Electroweb|p1a: Arcanine|[spread] p1a,p1b\n|-resisted|p1b: Archaludon\n|-damage|p1a: Arcanine|44\/100\n|-damage|p1b: Archaludon|96\/100\n|-unboost|p1a: Arcanine|spe|1\n|-unboost|p1b: Archaludon|spe|1\n|move|p1a: Arcanine|Head Smash|p2b: Primarina\n|-activate|p2b: Primarina|move: Protect\n|\n|upkeep\n|turn|7\n|\n|t:|1727673972\n|move|p1a: Arcanine|Protect|p1a: Arcanine\n|-singleturn|p1a: Arcanine|Protect\n|move|p2a: Electabuzz|Electroweb|p1a: Arcanine|[spread] p1b\n|-activate|p1a: Arcanine|move: Protect\n|-resisted|p1b: Archaludon\n|-damage|p1b: Archaludon|90\/100\n|-unboost|p1b: Archaludon|spe|1\n|move|p1b: Archaludon|Draco Meteor|p2a: Electabuzz\n|-damage|p2a: Electabuzz|13\/100\n|-unboost|p1b: Archaludon|spa|2\n|move|p2b: Primarina|Moonblast|p1b: Archaludon\n|-damage|p1b: Archaludon|19\/100\n|\n|-end|p2a: Electabuzz|move: Taunt\n|upkeep\n|turn|8\n|-message|badayagetchi forfeited.\n|\n|win|Xeoffee\n|raw|badayagetchi's rating: 1720 &rarr; <strong>1702<\/strong><br \/>(-18 for losing)\n|raw|Xeoffee's rating: 1758 &rarr; <strong>1776<\/strong><br \/>(+18 for winning)\n|l|\u2606badayagetchi\n|player|p1|\n|l|\u2606Xeoffee\n|player|p2|\n","uploadtime":1727674214,"views":100,"formatid":"gen9vgc2024regh","rating":1702,"private":0,"password":null}