{"id":"gen9vgc2024regh-2212348935","format":"[Gen 9] VGC 2024 Reg H","players":["kiwigal","Phononmode"],"log":"|j|\u2606kiwigal\n|j|\u2606Phononmode\n|t:|1727640310\n|gametype|doubles\n|player|p1|kiwigal|emma|1712\n|player|p2|Phononmode|2|1691\n|teamsize|p1|6\n|teamsize|p2|6\n|gen|9\n|tier|[Gen 9] VGC 2024 Reg H\n|rated|\n|rule|Species Clause: Limit one of each Pok\u00e9mon\n|rule|Item Clause: Limit 1 of each item\n|clearpoke\n|poke|p1|Ninetales-Alola, L50, M|\n|poke|p1|Kingambit, L50, M|\n|poke|p1|Incineroar, L50, F|\n|poke|p1|Amoonguss, L50, F|\n|poke|p1|Primarina, L50, F|\n|poke|p1|Porygon2, L50|\n|poke|p2|Pawmot, L50, F|\n|poke|p2|Dondozo, L50, M|\n|poke|p2|Tatsugiri, L50, F|\n|poke|p2|Dragapult, L50, F|\n|poke|p2|Weezing, L50, M|\n|poke|p2|Incineroar, L50, F|\n|teampreview|4\nPhononmode has agreed to open team sheets.\n|inactive|Battle timer is ON: inactive players will automatically lose when time's up. (requested by Phononmode)\n|inactive|kiwigal has 60 seconds left.\n|\n|t:|1727640356\n|start\n|switch|p1a: Porygon2|Porygon2, L50|100\/100\n|switch|p1b: Incineroar|Incineroar, L50, F|100\/100\n|switch|p2a: will-o-miss|Weezing, L50, M|100\/100\n|switch|p2b: Incineroar|Incineroar, L50, F|100\/100\n|-ability|p2a: will-o-miss|Neutralizing Gas\n|-block|p2b: Incineroar|item: Ability Shield\n|-ability|p2b: Incineroar|Intimidate|boost\n|-unboost|p1a: Porygon2|atk|1\n|-unboost|p1b: Incineroar|atk|1\n|turn|1\n|\n|t:|1727640366\n|move|p1b: Incineroar|Fake Out|p2a: will-o-miss\n|-damage|p2a: will-o-miss|94\/100\n|move|p2b: Incineroar|Knock Off|p1a: Porygon2\n|-damage|p1a: Porygon2|70\/100\n|-enditem|p1a: Porygon2|Eviolite|[from] move: Knock Off|[of] p2b: Incineroar\n|cant|p2a: will-o-miss|flinch\n|move|p1a: Porygon2|Trick Room|p1a: Porygon2\n|-fieldstart|move: Trick Room|[of] p1a: Porygon2\n|\n|upkeep\n|turn|2\n|\n|t:|1727640383\n|move|p1a: Porygon2|Tera Blast|p2a: will-o-miss\n|-damage|p2a: will-o-miss|66\/100\n|move|p2a: will-o-miss|Sludge Bomb|p1a: Porygon2\n|-damage|p1a: Porygon2|47\/100\n|move|p1b: Incineroar|Knock Off|p2a: will-o-miss\n|-damage|p2a: will-o-miss|39\/100\n|-enditem|p2a: will-o-miss|Sitrus Berry|[from] move: Knock Off|[of] p1b: Incineroar\n|move|p2b: Incineroar|Flare Blitz|p1b: Incineroar\n|-resisted|p1b: Incineroar\n|-damage|p1b: Incineroar|76\/100\n|-damage|p2b: Incineroar|91\/100|[from] Recoil\n|\n|upkeep\n|turn|3\n|\n|t:|1727640401\n|move|p1a: Porygon2|Recover|p1a: Porygon2\n|-heal|p1a: Porygon2|97\/100\n|move|p2a: will-o-miss|Sludge Bomb|p1b: Incineroar\n|-damage|p1b: Incineroar|58\/100\n|-status|p1b: Incineroar|psn\n|move|p1b: Incineroar|Flare Blitz|p2a: will-o-miss\n|-damage|p2a: will-o-miss|6\/100\n|-damage|p1b: Incineroar|49\/100 psn|[from] Recoil\n|move|p2b: Incineroar|Flare Blitz|p1a: Porygon2\n|-crit|p1a: Porygon2\n|-damage|p1a: Porygon2|9\/100\n|-damage|p2b: Incineroar|59\/100|[from] Recoil\n|\n|-damage|p1b: Incineroar|36\/100 psn|[from] psn\n|upkeep\n|turn|4\n|\n|t:|1727640428\n|switch|p2b: Dragapult|Dragapult, L50, F|100\/100\n|move|p2a: will-o-miss|Protect|p2a: will-o-miss\n|-singleturn|p2a: will-o-miss|Protect\n|move|p1a: Porygon2|Recover|p1a: Porygon2\n|-heal|p1a: Porygon2|59\/100\n|move|p1b: Incineroar|U-turn|p2a: will-o-miss\n|-activate|p2a: will-o-miss|move: Protect\n|\n|-damage|p1b: Incineroar|24\/100 psn|[from] psn\n|upkeep\n|turn|5\n|\n|t:|1727640447\n|switch|p1a: Amoonguss|Amoonguss, L50, F|100\/100\n|switch|p2b: Incineroar|Incineroar, L50, F|59\/100\n|-ability|p2b: Incineroar|Intimidate|boost\n|-unboost|p1a: Amoonguss|atk|1\n|-unboost|p1b: Incineroar|atk|1\n|move|p2a: will-o-miss|Sludge Bomb|p1b: Incineroar\n|-damage|p1b: Incineroar|7\/100 psn\n|move|p1b: Incineroar|U-turn|p2a: will-o-miss\n|-resisted|p2a: will-o-miss\n|-damage|p2a: will-o-miss|1\/100\n|\n|t:|1727640455\n|switch|p1b: Porygon2|Porygon2, L50|59\/100|[from] U-turn\n|\n|-fieldend|move: Trick Room\n|upkeep\n|turn|6\n|inactive|kiwigal has 30 seconds left.\n|\n|t:|1727640489\n|-terastallize|p1a: Amoonguss|Water\n|move|p2b: Incineroar|Fake Out|p1a: Amoonguss\n|-damage|p1a: Amoonguss|90\/100\n|cant|p1a: Amoonguss|flinch\n|move|p2a: will-o-miss|Taunt|p1b: Porygon2\n|-start|p1b: Porygon2|move: Taunt\n|cant|p1b: Porygon2|move: Taunt|Trick Room\n|\n|upkeep\n|turn|7\n|\n|t:|1727640511\n|switch|p1b: Incineroar|Incineroar, L50, F|7\/100 psn\n|move|p2b: Incineroar|Flare Blitz|p1b: Incineroar\n|-resisted|p1b: Incineroar\n|-damage|p1b: Incineroar|0 fnt\n|faint|p1b: Incineroar\n|-damage|p2b: Incineroar|56\/100|[from] Recoil\n|move|p2a: will-o-miss|Sludge Bomb|p1a: Amoonguss\n|-damage|p1a: Amoonguss|66\/100\n|move|p1a: Amoonguss|Pollen Puff|p2a: will-o-miss\n|-resisted|p2a: will-o-miss\n|-damage|p2a: will-o-miss|0 fnt\n|faint|p2a: will-o-miss\n|-end|p2a: will-o-miss|ability: Neutralizing Gas\n|\n|upkeep\n|\n|t:|1727640532\n|switch|p1b: Primarina|Primarina, L50, F|100\/100\n|switch|p2a: Pawmot|Pawmot, L50, F|100\/100\n|turn|8\n|inactive|Phononmode has 30 seconds left.\n|j| spectator2938723\n|\n|t:|1727640564\n|-terastallize|p2a: Pawmot|Electric\n|move|p1b: Primarina|Protect|p1b: Primarina\n|-singleturn|p1b: Primarina|Protect\n|move|p2a: Pawmot|Double Shock|p1a: Amoonguss\n|-supereffective|p1a: Amoonguss\n|-damage|p1a: Amoonguss|0 fnt\n|-start|p2a: Pawmot|typechange|Electric|[from] move: Double Shock\n|faint|p1a: Amoonguss\n|move|p2b: Incineroar|Flare Blitz|p1b: Primarina\n|-activate|p1b: Primarina|move: Protect\n|\n|upkeep\n|-message|kiwigal forfeited.\n|\n|win|Phononmode\n|raw|kiwigal's rating: 1712 &rarr; <strong>1691<\/strong><br \/>(-21 for losing)\n|raw|Phononmode's rating: 1691 &rarr; <strong>1712<\/strong><br \/>(+21 for winning)\n|l|\u2606kiwigal\n|player|p1|\n|l|\u2606Phononmode\n|player|p2|\n|l| spectator2938723\n","uploadtime":1727640711,"views":20,"formatid":"gen9vgc2024regh","rating":1691,"private":0,"password":null}