{"id":"gen9vgc2024regh-2212990920","format":"[Gen 9] VGC 2024 Reg H","players":["post_testing","rough Pult"],"log":"|j|\u2606post_testing\n|j|\u2606rough Pult\n|t:|1727720016\n|gametype|doubles\n|player|p1|post_testing|2|1694\n|player|p2|rough Pult|giovanni|1706\n|teamsize|p1|6\n|teamsize|p2|6\n|gen|9\n|tier|[Gen 9] VGC 2024 Reg H\n|rated|\n|rule|Species Clause: Limit one of each Pok\u00e9mon\n|rule|Item Clause: Limit 1 of each item\n|clearpoke\n|poke|p1|Archaludon, L50, M|\n|poke|p1|Grimmsnarl, L50, M|\n|poke|p1|Volcarona, L50, F|\n|poke|p1|Pelipper, L50, F|\n|poke|p1|Sinistcha, L50|\n|poke|p1|Maushold, L50|\n|poke|p2|Annihilape, L50, M|\n|poke|p2|Archaludon, L50, M|\n|poke|p2|Gyarados, L50, M|\n|poke|p2|Ursaluna-Bloodmoon, L50, M|\n|poke|p2|Volcarona, L50, F|\n|poke|p2|Whimsicott, L50, M|\n|teampreview|4\n|inactive|Battle timer is ON: inactive players will automatically lose when time's up. (requested by post_testing)\n|inactive|rough Pult has 60 seconds left.\n|\n|t:|1727720063\n|start\n|switch|p1a: Grimmsnarl|Grimmsnarl, L50, M|100\/100\n|switch|p1b: Archaludon|Archaludon, L50, M|100\/100\n|switch|p2a: Archaludon|Archaludon, L50, M|100\/100\n|switch|p2b: Whimsicott|Whimsicott, L50, M|100\/100\n|turn|1\n|\n|t:|1727720088\n|-terastallize|p1b: Archaludon|Fairy\n|move|p1a: Grimmsnarl|Light Screen|p1a: Grimmsnarl\n|-sidestart|p1: post_testing|move: Light Screen\n|move|p2b: Whimsicott|Moonblast|p1a: Grimmsnarl\n|-supereffective|p1a: Grimmsnarl\n|-damage|p1a: Grimmsnarl|58\/100\n|-unboost|p1a: Grimmsnarl|spa|1\n|move|p2a: Archaludon|Electro Shot||[still]\n|-prepare|p2a: Archaludon|Electro Shot\n|-boost|p2a: Archaludon|spa|1\n|-enditem|p2a: Archaludon|Power Herb\n|-anim|p2a: Archaludon|Electro Shot|p1a: Grimmsnarl\n|-crit|p1a: Grimmsnarl\n|-damage|p1a: Grimmsnarl|0 fnt\n|faint|p1a: Grimmsnarl\n|move|p1b: Archaludon|Snarl|p2a: Archaludon|[spread] p2b\n|-miss|p1b: Archaludon|p2a: Archaludon\n|-resisted|p2b: Whimsicott\n|-damage|p2b: Whimsicott|90\/100\n|-unboost|p2b: Whimsicott|spa|1\n|\n|upkeep\n|\n|t:|1727720109\n|switch|p1a: dahyun|Pelipper, L50, F|100\/100\n|-weather|RainDance|[from] ability: Drizzle|[of] p1a: dahyun\n|turn|2\n|\n|t:|1727720122\n|move|p2b: Whimsicott|Encore|p1b: Archaludon\n|-start|p1b: Archaludon|Encore\n|move|p2a: Archaludon|Electro Shot||[still]\n|-prepare|p2a: Archaludon|Electro Shot\n|-boost|p2a: Archaludon|spa|1\n|-anim|p2a: Archaludon|Electro Shot|p1a: dahyun\n|-supereffective|p1a: dahyun\n|-enditem|p1a: dahyun|Focus Sash\n|-damage|p1a: dahyun|1\/100\n|move|p1a: dahyun|Hurricane|p2b: Whimsicott\n|-supereffective|p2b: Whimsicott\n|-damage|p2b: Whimsicott|0 fnt\n|faint|p2b: Whimsicott\n|move|p1b: Archaludon|Snarl|p2a: Archaludon\n|-damage|p2a: Archaludon|73\/100\n|-unboost|p2a: Archaludon|spa|1\n|\n|-weather|RainDance|[upkeep]\n|upkeep\n|\n|t:|1727720141\n|switch|p2b: Annihilape|Annihilape, L50, M|100\/100\n|turn|3\n|\n|t:|1727720149\n|switch|p1b: Sinistcha|Sinistcha, L50|100\/100\n|-heal|p1a: dahyun|26\/100|[from] ability: Hospitality|[of] p1b: Sinistcha\n|move|p1a: dahyun|Protect|p1a: dahyun\n|-singleturn|p1a: dahyun|Protect\n|move|p2a: Archaludon|Electro Shot||[still]\n|-prepare|p2a: Archaludon|Electro Shot\n|-boost|p2a: Archaludon|spa|1\n|-anim|p2a: Archaludon|Electro Shot|p1a: dahyun\n|-activate|p1a: dahyun|move: Protect\n|move|p2b: Annihilape|Bulk Up|p2b: Annihilape\n|-boost|p2b: Annihilape|atk|1\n|-boost|p2b: Annihilape|def|1\n|\n|-weather|RainDance|[upkeep]\n|upkeep\n|turn|4\n|inactive|rough Pult has 30 seconds left.\n|\n|t:|1727720177\n|move|p2b: Annihilape|Protect|p2b: Annihilape\n|-singleturn|p2b: Annihilape|Protect\n|move|p1b: Sinistcha|Rage Powder|p1b: Sinistcha\n|-singleturn|p1b: Sinistcha|move: Rage Powder\n|move|p2a: Archaludon|Electro Shot||[still]\n|-prepare|p2a: Archaludon|Electro Shot\n|-boost|p2a: Archaludon|spa|1\n|-anim|p2a: Archaludon|Electro Shot|p1b: Sinistcha\n|-resisted|p1b: Sinistcha\n|-damage|p1b: Sinistcha|59\/100\n|move|p1a: dahyun|Hurricane|p2b: Annihilape\n|-activate|p2b: Annihilape|move: Protect\n|\n|-weather|RainDance|[upkeep]\n|upkeep\n|turn|5\n|\n|t:|1727720201\n|-terastallize|p2b: Annihilape|Water\n|move|p1b: Sinistcha|Rage Powder|p1b: Sinistcha\n|-singleturn|p1b: Sinistcha|move: Rage Powder\n|move|p2a: Archaludon|Electro Shot||[still]\n|-prepare|p2a: Archaludon|Electro Shot\n|-boost|p2a: Archaludon|spa|1\n|-anim|p2a: Archaludon|Electro Shot|p1b: Sinistcha\n|-resisted|p1b: Sinistcha\n|-damage|p1b: Sinistcha|12\/100\n|-enditem|p1b: Sinistcha|Sitrus Berry|[eat]\n|-heal|p1b: Sinistcha|37\/100|[from] item: Sitrus Berry\n|move|p2b: Annihilape|Rage Fist|p1a: dahyun\n|-damage|p1a: dahyun|0 fnt\n|faint|p1a: dahyun\n|\n|-weather|RainDance|[upkeep]\n|upkeep\n|\n|t:|1727720217\n|switch|p1a: Archaludon|Archaludon, L50, M, tera:Fairy|100\/100\n|turn|6\n|\n|t:|1727720238\n|move|p2b: Annihilape|Protect|p2b: Annihilape\n|-singleturn|p2b: Annihilape|Protect\n|move|p2a: Archaludon|Electro Shot||[still]\n|-prepare|p2a: Archaludon|Electro Shot\n|-boost|p2a: Archaludon|spa|1\n|-anim|p2a: Archaludon|Electro Shot|p1b: Sinistcha\n|-resisted|p1b: Sinistcha\n|-damage|p1b: Sinistcha|0 fnt\n|faint|p1b: Sinistcha\n|move|p1a: Archaludon|Electro Shot||[still]\n|-prepare|p1a: Archaludon|Electro Shot\n|-boost|p1a: Archaludon|spa|1\n|-anim|p1a: Archaludon|Electro Shot|p2b: Annihilape\n|-activate|p2b: Annihilape|move: Protect\n|\n|-weather|none\n|upkeep\n|turn|7\n|-message|post_testing forfeited.\n|\n|win|rough Pult\n|raw|post_testing's rating: 1694 &rarr; <strong>1675<\/strong><br \/>(-19 for losing)\n|raw|rough Pult's rating: 1706 &rarr; <strong>1725<\/strong><br \/>(+19 for winning)\n|l|\u2606post_testing\n|player|p1|\n","uploadtime":1727720358,"views":54,"formatid":"gen9vgc2024regh","rating":1675,"private":0,"password":null}