{"id":"gen9vgc2024regh-2212606036","format":"[Gen 9] VGC 2024 Reg H","players":["badayagetchi","anton19"],"log":"|j|\u2606badayagetchi\n|j|\u2606anton19\n|t:|1727673990\n|gametype|doubles\n|player|p1|badayagetchi|skyla|1702\n|player|p2|anton19|1|1742\n|teamsize|p1|6\n|teamsize|p2|6\n|gen|9\n|tier|[Gen 9] VGC 2024 Reg H\n|rated|\n|rule|Species Clause: Limit one of each Pok\u00e9mon\n|rule|Item Clause: Limit 1 of each item\n|clearpoke\n|poke|p1|Arcanine-Hisui, L50, F|\n|poke|p1|Pelipper, L50, F|\n|poke|p1|Umbreon, L50, M|\n|poke|p1|Ursaluna-Bloodmoon, L50, M|\n|poke|p1|Clefable, L50, F|\n|poke|p1|Archaludon, L50, M|\n|poke|p2|Gholdengo, L50|\n|poke|p2|Rillaboom, L50, M|\n|poke|p2|Sneasler, L50, F|\n|poke|p2|Dragapult, L50, F|\n|poke|p2|Primarina, L50, M|\n|poke|p2|Electabuzz, L50, M|\n|teampreview|4\n|inactive|Battle timer is ON: inactive players will automatically lose when time's up. (requested by anton19)\n|inactive|badayagetchi also wants the timer to be on.\n|inactive|badayagetchi has 60 seconds left.\n|inactive|anton19 has 60 seconds left.\n|\n|t:|1727674034\n|start\n|switch|p1a: Umbreon|Umbreon, L50, M, shiny|100\/100\n|switch|p1b: Arcanine|Arcanine-Hisui, L50, F, shiny|100\/100\n|switch|p2a: Dragapult|Dragapult, L50, F|100\/100\n|switch|p2b: Gholdengo|Gholdengo, L50|100\/100\n|turn|1\n|\n|t:|1727674056\n|-terastallize|p2a: Dragapult|Dragon\n|move|p2a: Dragapult|Dragon Darts|p1b: Arcanine\n|-damage|p1b: Arcanine|41\/100\n|-anim|p2a: Dragapult|Dragon Darts|p1a: Umbreon\n|-damage|p1a: Umbreon|62\/100\n|move|p1b: Arcanine|Flare Blitz|p2b: Gholdengo\n|-supereffective|p2b: Gholdengo\n|-damage|p2b: Gholdengo|0 fnt\n|faint|p2b: Gholdengo\n|move|p1a: Umbreon|Snarl|p2a: Dragapult\n|-damage|p2a: Dragapult|83\/100\n|\n|upkeep\n|\n|t:|1727674066\n|switch|p2b: Primarina|Primarina, L50, M|100\/100\n|turn|2\n|\n|t:|1727674073\n|switch|p1a: Clefable|Clefable, L50, F|100\/100\n|move|p1b: Arcanine|Protect|p1b: Arcanine\n|-singleturn|p1b: Arcanine|Protect\n|move|p2a: Dragapult|Dragon Darts|p1b: Arcanine\n|-immune|p1a: Clefable\n|move|p2b: Primarina|Hyper Voice|p1b: Arcanine|[spread] p1a\n|-activate|p1b: Arcanine|move: Protect\n|-damage|p1a: Clefable|69\/100\n|-enditem|p2b: Primarina|Throat Spray\n|-boost|p2b: Primarina|spa|1|[from] item: Throat Spray\n|\n|upkeep\n|turn|3\n|\n|t:|1727674084\n|switch|p2a: Rillaboom|Rillaboom, L50, M|100\/100\n|-fieldstart|move: Grassy Terrain|[from] ability: Grassy Surge|[of] p2a: Rillaboom\n|move|p2b: Primarina|Protect|p2b: Primarina\n|-singleturn|p2b: Primarina|Protect\n|move|p1a: Clefable|Follow Me|p1a: Clefable\n|-singleturn|p1a: Clefable|move: Follow Me\n|move|p1b: Arcanine|Head Smash|p2b: Primarina\n|-activate|p2b: Primarina|move: Protect\n|\n|-heal|p1b: Arcanine|47\/100|[from] Grassy Terrain\n|-heal|p1a: Clefable|75\/100|[from] Grassy Terrain\n|upkeep\n|turn|4\n|\n|t:|1727674105\n|-terastallize|p1b: Arcanine|Ghost\n|move|p1b: Arcanine|Head Smash|p2b: Primarina\n|-damage|p2b: Primarina|20\/100\n|move|p2a: Rillaboom|Wood Hammer|p1a: Clefable\n|-damage|p1a: Clefable|0 fnt\n|faint|p1a: Clefable\n|-damage|p2a: Rillaboom|76\/100|[from] Recoil\n|move|p2b: Primarina|Moonblast|p1b: Arcanine\n|-damage|p1b: Arcanine|0 fnt\n|faint|p1b: Arcanine\n|\n|-heal|p2a: Rillaboom|82\/100|[from] Grassy Terrain\n|-heal|p2b: Primarina|26\/100|[from] Grassy Terrain\n|upkeep\n|\n|t:|1727674109\n|switch|p1b: Umbreon|Umbreon, L50, M, shiny|62\/100\n|switch|p1a: Ursaluna|Ursaluna-Bloodmoon, L50, M|100\/100\n|turn|5\n|\n|t:|1727674120\n|move|p2a: Rillaboom|Grassy Glide|p1a: Ursaluna\n|-supereffective|p1a: Ursaluna\n|-damage|p1a: Ursaluna|23\/100\n|move|p1b: Umbreon|Foul Play|p2b: Primarina\n|-resisted|p2b: Primarina\n|-damage|p2b: Primarina|15\/100\n|move|p2b: Primarina|Moonblast|p1b: Umbreon\n|-supereffective|p1b: Umbreon\n|-damage|p1b: Umbreon|0 fnt\n|faint|p1b: Umbreon\n|move|p1a: Ursaluna|Blood Moon|p2a: Rillaboom\n|-damage|p2a: Rillaboom|4\/100\n|\n|-heal|p2a: Rillaboom|10\/100|[from] Grassy Terrain\n|-heal|p2b: Primarina|21\/100|[from] Grassy Terrain\n|-heal|p1a: Ursaluna|29\/100|[from] Grassy Terrain\n|upkeep\n|turn|6\n|-message|badayagetchi forfeited.\n|\n|win|anton19\n|raw|badayagetchi's rating: 1702 &rarr; <strong>1684<\/strong><br \/>(-18 for losing)\n|raw|anton19's rating: 1742 &rarr; <strong>1760<\/strong><br \/>(+18 for winning)\n|l|\u2606badayagetchi\n|player|p1|\n|l|\u2606anton19\n|player|p2|\n","uploadtime":1727674353,"views":24,"formatid":"gen9vgc2024regh","rating":1684,"private":0,"password":null}