{"id":"gen9vgc2024regh-2212635011","format":"[Gen 9] VGC 2024 Reg H","players":["badayagetchi","855wu1"],"log":"|j|\u2606badayagetchi\n|j|\u2606855wu1\n|t:|1727679319\n|gametype|doubles\n|player|p1|badayagetchi|skyla|1681\n|player|p2|855wu1|lass-gen4dp|1723\n|teamsize|p1|6\n|teamsize|p2|6\n|gen|9\n|tier|[Gen 9] VGC 2024 Reg H\n|rated|\n|rule|Species Clause: Limit one of each Pok\u00e9mon\n|rule|Item Clause: Limit 1 of each item\n|clearpoke\n|poke|p1|Arcanine-Hisui, L50, F|\n|poke|p1|Pelipper, L50, F|\n|poke|p1|Umbreon, L50, M|\n|poke|p1|Ursaluna-Bloodmoon, L50, M|\n|poke|p1|Clefable, L50, F|\n|poke|p1|Archaludon, L50, F|\n|poke|p2|Dondozo, L50, M|\n|poke|p2|Weezing, L50, M|\n|poke|p2|Talonflame, L50, F|\n|poke|p2|Tatsugiri-Droopy, L50, M|\n|poke|p2|Slaking, L50, F|\n|poke|p2|Typhlosion-Hisui, L50, F|\n|teampreview|4\n|inactive|Battle timer is ON: inactive players will automatically lose when time's up. (requested by badayagetchi)\n|\n|t:|1727679349\n|start\n|switch|p1a: Umbreon|Umbreon, L50, M, shiny|100\/100\n|switch|p1b: Arcanine|Arcanine-Hisui, L50, F, shiny|100\/100\n|switch|p2a: Weezing|Weezing, L50, M|100\/100\n|switch|p2b: Slaking|Slaking, L50, F|100\/100\n|-ability|p2a: Weezing|Neutralizing Gas\n|turn|1\n|\n|t:|1727679364\n|move|p1b: Arcanine|Protect|p1b: Arcanine\n|-singleturn|p1b: Arcanine|Protect\n|move|p2b: Slaking|High Horsepower|p1b: Arcanine\n|-activate|p1b: Arcanine|move: Protect\n|move|p1a: Umbreon|Yawn|p2b: Slaking\n|-start|p2b: Slaking|move: Yawn|[of] p1a: Umbreon\n|move|p2a: Weezing|Poison Gas|p1a: Umbreon|[spread] p1a\n|-activate|p1b: Arcanine|move: Protect\n|-status|p1a: Umbreon|psn\n|\n|-damage|p1a: Umbreon|88\/100 psn|[from] psn\n|upkeep\n|turn|2\n|\n|t:|1727679375\n|move|p2b: Slaking|High Horsepower|p1b: Arcanine\n|-supereffective|p1b: Arcanine\n|-enditem|p1b: Arcanine|Focus Sash\n|-damage|p1b: Arcanine|1\/100\n|-damage|p2b: Slaking|91\/100|[from] item: Life Orb\n|move|p1b: Arcanine|Head Smash|p2a: Weezing\n|-damage|p2a: Weezing|41\/100\n|-enditem|p2a: Weezing|Sitrus Berry|[eat]\n|-heal|p2a: Weezing|66\/100|[from] item: Sitrus Berry\n|-damage|p1b: Arcanine|0 fnt|[from] Recoil\n|faint|p1b: Arcanine\n|move|p1a: Umbreon|Taunt|p2a: Weezing\n|-start|p2a: Weezing|move: Taunt\n|cant|p2a: Weezing|move: Taunt|Toxic Spikes\n|\n|-damage|p1a: Umbreon|76\/100 psn|[from] psn\n|-end|p2b: Slaking|move: Yawn|[silent]\n|-status|p2b: Slaking|slp\n|upkeep\n|\n|t:|1727679382\n|switch|p1b: Archaludon|Archaludon, L50, F|100\/100\n|turn|3\n|\n|t:|1727679393\n|cant|p2b: Slaking|slp\n|move|p1b: Archaludon|Electro Shot||[still]\n|-prepare|p1b: Archaludon|Electro Shot\n|-boost|p1b: Archaludon|spa|1\n|-enditem|p1b: Archaludon|Power Herb\n|-anim|p1b: Archaludon|Electro Shot|p2a: Weezing\n|-damage|p2a: Weezing|9\/100\n|move|p1a: Umbreon|Yawn|p2a: Weezing\n|-start|p2a: Weezing|move: Yawn|[of] p1a: Umbreon\n|move|p2a: Weezing|Sludge Bomb|p1a: Umbreon\n|-damage|p1a: Umbreon|59\/100 psn\n|\n|-damage|p1a: Umbreon|47\/100 psn|[from] psn\n|upkeep\n|turn|4\n|\n|t:|1727679402\n|cant|p2b: Slaking|slp\n|move|p1b: Archaludon|Flash Cannon|p2a: Weezing\n|-damage|p2a: Weezing|0 fnt\n|faint|p2a: Weezing\n|-end|p2a: Weezing|ability: Neutralizing Gas\n|move|p1a: Umbreon|Foul Play|p2b: Slaking\n|-damage|p2b: Slaking|47\/100 slp\n|\n|-damage|p1a: Umbreon|35\/100 psn|[from] psn\n|upkeep\n|\n|t:|1727679408\n|switch|p2a: Dondozo|Dondozo, L50, M|100\/100\n|turn|5\n|\n|t:|1727679413\n|move|p1b: Archaludon|Protect|p1b: Archaludon\n|-singleturn|p1b: Archaludon|Protect\n|move|p2a: Dondozo|Protect|p2a: Dondozo\n|-singleturn|p2a: Dondozo|Protect\n|-curestatus|p2b: Slaking|slp|[msg]\n|cant|p2b: Slaking|ability: Truant\n|move|p1a: Umbreon|Foul Play|p2b: Slaking\n|-crit|p2b: Slaking\n|-damage|p2b: Slaking|0 fnt\n|faint|p2b: Slaking\n|\n|-damage|p1a: Umbreon|22\/100 psn|[from] psn\n|upkeep\n|\n|t:|1727679416\n|switch|p2b: Tatsugiri|Tatsugiri-Droopy, L50, M|100\/100\n|-activate|p2b: Tatsugiri|ability: Commander|[of] p2a: Dondozo\n|-boost|p2a: Dondozo|atk|2\n|-boost|p2a: Dondozo|spa|2\n|-boost|p2a: Dondozo|spe|2\n|-boost|p2a: Dondozo|def|2\n|-boost|p2a: Dondozo|spd|2\n|turn|6\n|\n|t:|1727679426\n|switch|p1a: Clefable|Clefable, L50, F|100\/100\n|-terastallize|p2a: Dondozo|Steel\n|-terastallize|p1b: Archaludon|Flying\n|move|p2a: Dondozo|Substitute|p2a: Dondozo\n|-start|p2a: Dondozo|Substitute\n|-damage|p2a: Dondozo|75\/100\n|move|p1b: Archaludon|Draco Meteor|p2a: Dondozo\n|-resisted|p2a: Dondozo\n|-activate|p2a: Dondozo|move: Substitute|[damage]\n|-unboost|p1b: Archaludon|spa|2\n|\n|upkeep\n|turn|7\n|\n|t:|1727679432\n|move|p2a: Dondozo|Earthquake|p1b: Archaludon|[spread] p1a\n|-miss|p2a: Dondozo|p2b: Tatsugiri\n|-immune|p1b: Archaludon\n|-damage|p1a: Clefable|87\/100\n|move|p1b: Archaludon|Electro Shot||[still]\n|-prepare|p1b: Archaludon|Electro Shot\n|-boost|p1b: Archaludon|spa|1\n|move|p1a: Clefable|Moonblast|p2a: Dondozo\n|-resisted|p2a: Dondozo\n|-end|p2a: Dondozo|Substitute\n|\n|upkeep\n|turn|8\n|-message|855wu1 forfeited.\n|\n|win|badayagetchi\n|raw|badayagetchi's rating: 1681 &rarr; <strong>1703<\/strong><br \/>(+22 for winning)\n|raw|855wu1's rating: 1723 &rarr; <strong>1701<\/strong><br \/>(-22 for losing)\n|l|\u2606855wu1\n|player|p2|\n|l|\u2606badayagetchi\n|player|p1|\n","uploadtime":1727679611,"views":38,"formatid":"gen9vgc2024regh","rating":1701,"private":0,"password":null}