{"id":"gen9vgc2024regh-2212655863","format":"[Gen 9] VGC 2024 Reg H","players":["Aki Hoshino","fangame10"],"log":"|j|\u2606Aki Hoshino\n|j|\u2606fangame10\n|t:|1727682952\n|gametype|doubles\n|player|p1|Aki Hoshino|aromalady|1759\n|player|p2|fangame10|red|1939\n|teamsize|p1|6\n|teamsize|p2|6\n|gen|9\n|tier|[Gen 9] VGC 2024 Reg H\n|rated|\n|rule|Species Clause: Limit one of each Pok\u00e9mon\n|rule|Item Clause: Limit 1 of each item\n|clearpoke\n|poke|p1|Whimsicott, L50, M|\n|poke|p1|Ursaluna-Bloodmoon, L50, M|\n|poke|p1|Gholdengo, L50|\n|poke|p1|Meowscarada, L50, F|\n|poke|p1|Volcarona, L50, M|\n|poke|p1|Archaludon, L50, M|\n|poke|p2|Baxcalibur, L50, F|\n|poke|p2|Ninetales-Alola, L50, F|\n|poke|p2|Milotic, L50, M|\n|poke|p2|Skeledirge, L50, M|\n|poke|p2|Rillaboom, L50, M|\n|poke|p2|Sneasler, L50, M|\n|teampreview|4\n|inactive|Battle timer is ON: inactive players will automatically lose when time's up. (requested by fangame10)\n|inactive|Aki Hoshino has 60 seconds left.\n|inactive|fangame10 has 60 seconds left.\n|j| bluestraggler01\n|inactive|Aki Hoshino has 30 seconds left.\n|inactive|Aki Hoshino has 20 seconds left.\n|inactive|Aki Hoshino has 15 seconds left.\n|inactive|Aki Hoshino has 10 seconds left.\n|inactive|fangame10 has 30 seconds left.\n|inactive|Aki Hoshino has 5 seconds left.\n|\n|t:|1727683042\n|start\n|switch|p1a: Whimsicott|Whimsicott, L50, M|100\/100\n|switch|p1b: Meowscarada|Meowscarada, L50, F|100\/100\n|switch|p2a: Milotic|Milotic, L50, M, shiny|100\/100\n|switch|p2b: Rillaboom|Rillaboom, L50, M, shiny|100\/100\n|-fieldstart|move: Grassy Terrain|[from] ability: Grassy Surge|[of] p2b: Rillaboom\n|turn|1\n|inactive|Aki Hoshino has 30 seconds left.\n|inactive|fangame10 has 30 seconds left.\n|l| bluestraggler01\n|inactive|Aki Hoshino has 20 seconds left.\n|inactive|Aki Hoshino has 15 seconds left.\n|inactive|Aki Hoshino has 10 seconds left.\n|inactive|fangame10 has 20 seconds left.\n|inactive|fangame10 has 15 seconds left.\n|\n|t:|1727683094\n|switch|p2a: Skeledirge|Skeledirge, L50, M, shiny|100\/100\n|move|p1b: Meowscarada|Triple Axel|p2b: Rillaboom\n|-start|p1b: Meowscarada|typechange|Ice|[from] ability: Protean\n|-supereffective|p2b: Rillaboom\n|-crit|p2b: Rillaboom\n|-damage|p2b: Rillaboom|57\/100\n|-supereffective|p2b: Rillaboom\n|-damage|p2b: Rillaboom|1\/100\n|-supereffective|p2b: Rillaboom\n|-damage|p2b: Rillaboom|0 fnt\n|faint|p2b: Rillaboom\n|-hitcount|p2: Rillaboom|3\n|move|p1a: Whimsicott|Moonblast|p2a: Skeledirge\n|-resisted|p2a: Skeledirge\n|-damage|p2a: Skeledirge|83\/100\n|\n|-heal|p2a: Skeledirge|89\/100|[from] Grassy Terrain\n|-heal|p2a: Skeledirge|95\/100|[from] item: Leftovers\n|upkeep\n|\n|t:|1727683103\n|switch|p2b: Milotic|Milotic, L50, M, shiny|100\/100\n|turn|2\n|j| fishle\n|inactive|Aki Hoshino has 30 seconds left.\n|\n|t:|1727683133\n|switch|p1b: Volcarona|Volcarona, L50, M|100\/100\n|move|p1a: Whimsicott|Tailwind|p1a: Whimsicott\n|-sidestart|p1: Aki Hoshino|move: Tailwind\n|move|p2b: Milotic|Hypnosis|p1a: Whimsicott|[miss]\n|-miss|p2b: Milotic|p1a: Whimsicott\n|move|p2a: Skeledirge|Torch Song|p1b: Volcarona\n|-damage|p1b: Volcarona|57\/100\n|-boost|p2a: Skeledirge|spa|1\n|\n|-heal|p1b: Volcarona|63\/100|[from] Grassy Terrain\n|-heal|p2a: Skeledirge|100\/100|[from] Grassy Terrain\n|upkeep\n|turn|3\n|j| bluestraggler01\n|\n|t:|1727683151\n|move|p1a: Whimsicott|Fake Tears|p2b: Milotic\n|-unboost|p2b: Milotic|spd|2\n|-ability|p2b: Milotic|Competitive|boost\n|-boost|p2b: Milotic|spa|2\n|move|p1b: Volcarona|Giga Drain|p2b: Milotic\n|-supereffective|p2b: Milotic\n|-damage|p2b: Milotic|0 fnt\n|-heal|p1b: Volcarona|100\/100|[from] drain|[of] p2b: Milotic\n|faint|p2b: Milotic\n|move|p2a: Skeledirge|Torch Song|p1b: Volcarona\n|-damage|p1b: Volcarona|37\/100\n|-boost|p2a: Skeledirge|spa|1\n|\n|-heal|p1b: Volcarona|43\/100|[from] Grassy Terrain\n|upkeep\n|\n|t:|1727683157\n|switch|p2b: Sneasler|Sneasler, L50, M, shiny|100\/100\n|turn|4\n|\n|t:|1727683177\n|move|p1a: Whimsicott|Moonblast|p2b: Sneasler\n|-damage|p2b: Sneasler|51\/100\n|-unboost|p2b: Sneasler|spa|1\n|move|p1b: Volcarona|Giga Drain|p2b: Sneasler\n|-resisted|p2b: Sneasler\n|-damage|p2b: Sneasler|13\/100\n|-heal|p1b: Volcarona|62\/100|[from] drain|[of] p2b: Sneasler\n|move|p2b: Sneasler|Dire Claw|p1a: Whimsicott\n|-supereffective|p1a: Whimsicott\n|-crit|p1a: Whimsicott\n|-enditem|p1a: Whimsicott|Focus Sash\n|-damage|p1a: Whimsicott|1\/100\n|-status|p1a: Whimsicott|psn|[from] ability: Poison Touch|[of] p2b: Sneasler\n|move|p2a: Skeledirge|Torch Song|p1b: Volcarona\n|-damage|p1b: Volcarona|0 fnt\n|-boost|p2a: Skeledirge|spa|1\n|faint|p1b: Volcarona\n|\n|-heal|p1a: Whimsicott|7\/100 psn|[from] Grassy Terrain\n|-heal|p2b: Sneasler|19\/100|[from] Grassy Terrain\n|-damage|p1a: Whimsicott|0 fnt|[from] psn\n|faint|p1a: Whimsicott\n|upkeep\n|\n|t:|1727683202\n|switch|p1a: Meowscarada|Meowscarada, L50, F|100\/100\n|switch|p1b: Ursaluna|Ursaluna-Bloodmoon, L50, M|100\/100\n|turn|5\n|\n|t:|1727683214\n|-terastallize|p1b: Ursaluna|Normal\n|move|p2a: Skeledirge|Protect|p2a: Skeledirge\n|-singleturn|p2a: Skeledirge|Protect\n|move|p1a: Meowscarada|Flower Trick|p2b: Sneasler\n|-start|p1a: Meowscarada|typechange|Grass|[from] ability: Protean\n|-resisted|p2b: Sneasler\n|-crit|p2b: Sneasler\n|-damage|p2b: Sneasler|0 fnt\n|faint|p2b: Sneasler\n|move|p1b: Ursaluna|Blood Moon|p2a: Skeledirge\n|-activate|p2a: Skeledirge|move: Protect\n|\n|-sideend|p1: Aki Hoshino|move: Tailwind\n|-fieldend|move: Grassy Terrain\n|upkeep\n|turn|6\n|inactive|Aki Hoshino has 30 seconds left.\n|\n|t:|1727683248\n|move|p1a: Meowscarada|Flower Trick|p2a: Skeledirge\n|-resisted|p2a: Skeledirge\n|-crit|p2a: Skeledirge\n|-damage|p2a: Skeledirge|68\/100\n|move|p1b: Ursaluna|Hyper Voice|p2a: Skeledirge\n|-damage|p2a: Skeledirge|0 fnt\n|faint|p2a: Skeledirge\n|-damage|p1b: Ursaluna|91\/100|[from] item: Life Orb\n|\n|win|Aki Hoshino\n|raw|Aki Hoshino's rating: 1759 &rarr; <strong>1789<\/strong><br \/>(+30 for winning)\n|raw|fangame10's rating: 1939 &rarr; <strong>1909<\/strong><br \/>(-30 for losing)\n|l| fishle\n|l|\u2606fangame10\n|player|p2|\n","uploadtime":1727683278,"views":130,"formatid":"gen9vgc2024regh","rating":1789,"private":0,"password":null}