{"id":"gen9vgc2024regh-2212266915","format":"[Gen 9] VGC 2024 Reg H","players":["Zordor","Jamel1"],"log":"|badge|p2|bronze|gen9ou|100-2\n|uhtml|medal-msg|<div class=\"broadcast-blue\">Curious what those medals under the avatar are? PS now has Ladder Seasons! For more information, check out the <a href=\"https:\/\/www.smogon.com\/forums\/threads\/3740067\/\">thread on Smogon.<\/a><\/div>\n|j|\u2606Zordor\n|j|\u2606Jamel1\n|t:|1727631611\n|gametype|doubles\n|player|p1|Zordor|pilot|1750\n|player|p2|Jamel1|cyrus|1710\n|teamsize|p1|6\n|teamsize|p2|6\n|gen|9\n|tier|[Gen 9] VGC 2024 Reg H\n|rated|\n|rule|Species Clause: Limit one of each Pok\u00e9mon\n|rule|Item Clause: Limit 1 of each item\n|clearpoke\n|poke|p1|Rotom-Wash, L50|\n|poke|p1|Sneasler, L50, M|\n|poke|p1|Venusaur, L50, M|\n|poke|p1|Kingambit, L50, M|\n|poke|p1|Armarouge, L50, F|\n|poke|p1|Dragapult, L50, F|\n|poke|p2|Indeedee-F, L50, F|\n|poke|p2|Armarouge, L50, M|\n|poke|p2|Stonjourner, L50, F|\n|poke|p2|Sneasler, L50, F|\n|poke|p2|Stantler, L50, F|\n|poke|p2|Milotic, L50, M|\n|teampreview|4\n|inactive|Battle timer is ON: inactive players will automatically lose when time's up. (requested by Jamel1)\n|\n|t:|1727631629\n|start\n|switch|p1a: Armarouge|Armarouge, L50, F|100\/100\n|switch|p1b: Sneasler|Sneasler, L50, M|100\/100\n|switch|p2a: Armarouge|Armarouge, L50, M|100\/100\n|switch|p2b: Stonjourner|Stonjourner, L50, F|100\/100\n|turn|1\n|inactive|Zordor has 30 seconds left.\n|\n|t:|1727631655\n|move|p2a: Armarouge|Endure|p2a: Armarouge\n|-singleturn|p2a: Armarouge|move: Endure\n|move|p1b: Sneasler|Close Combat|p2b: Stonjourner\n|-supereffective|p2b: Stonjourner\n|-damage|p2b: Stonjourner|8\/100\n|-unboost|p1b: Sneasler|def|1\n|-unboost|p1b: Sneasler|spd|1\n|move|p2b: Stonjourner|Earthquake|p1a: Armarouge|[spread] p2a,p1a,p1b\n|-supereffective|p2a: Armarouge\n|-crit|p2a: Armarouge\n|-supereffective|p1a: Armarouge\n|-supereffective|p1b: Sneasler\n|-damage|p2a: Armarouge|23\/100\n|-damage|p1a: Armarouge|50\/100\n|-enditem|p1b: Sneasler|Focus Sash\n|-damage|p1b: Sneasler|1\/100\n|-ability|p2a: Armarouge|Weak Armor|boost\n|-unboost|p2a: Armarouge|def|1\n|-boost|p2a: Armarouge|spe|2\n|-enditem|p2a: Armarouge|Weakness Policy\n|-boost|p2a: Armarouge|atk|2|[from] item: Weakness Policy\n|-boost|p2a: Armarouge|spa|2|[from] item: Weakness Policy\n|move|p1a: Armarouge|Meteor Beam||[still]\n|-prepare|p1a: Armarouge|Meteor Beam\n|-boost|p1a: Armarouge|spa|1\n|-enditem|p1a: Armarouge|Power Herb\n|-anim|p1a: Armarouge|Meteor Beam|p2a: Armarouge\n|-supereffective|p2a: Armarouge\n|-activate|p2a: Armarouge|move: Endure\n|-damage|p2a: Armarouge|1\/100\n|\n|upkeep\n|turn|2\n|inactive|Zordor has 30 seconds left.\n|inactive|Jamel1 has 30 seconds left.\n|inactive|Zordor has 20 seconds left.\n|inactive|Zordor has 15 seconds left.\n|inactive|Zordor has 10 seconds left.\n|inactive|Zordor has 5 seconds left.\n|inactive|Jamel1 has 20 seconds left.\n|inactive|Jamel1 has 15 seconds left.\n|\n|t:|1727631712\n|move|p1a: Armarouge|Protect|p1a: Armarouge\n|-singleturn|p1a: Armarouge|Protect\n|move|p1b: Sneasler|Dire Claw|p2a: Armarouge\n|-damage|p2a: Armarouge|0 fnt\n|faint|p2a: Armarouge\n|move|p2b: Stonjourner|Rock Blast|p1a: Armarouge\n|-activate|p1a: Armarouge|move: Protect\n|\n|upkeep\n|\n|t:|1727631726\n|switch|p2a: Sneasler|Sneasler, L50, F|100\/100\n|turn|3\n|\n|t:|1727631739\n|switch|p2b: Indeedee|Indeedee-F, L50, F|100\/100\n|-fieldstart|move: Psychic Terrain|[from] ability: Psychic Surge|[of] p2b: Indeedee\n|-enditem|p2a: Sneasler|Psychic Seed\n|-boost|p2a: Sneasler|spd|1|[from] item: Psychic Seed\n|move|p1b: Sneasler|Dire Claw|p2b: Indeedee\n|-damage|p2b: Indeedee|52\/100\n|-status|p2b: Indeedee|psn\n|move|p2a: Sneasler|Rock Slide|p1b: Sneasler|[spread] p1a,p1b\n|-supereffective|p1a: Armarouge\n|-resisted|p1b: Sneasler\n|-damage|p1a: Armarouge|8\/100\n|-damage|p1b: Sneasler|0 fnt\n|faint|p1b: Sneasler\n|cant|p1a: Armarouge|flinch\n|\n|-damage|p2b: Indeedee|39\/100 psn|[from] psn\n|upkeep\n|\n|t:|1727631756\n|switch|p1b: Venusaur|Venusaur, L50, M|100\/100\n|turn|4\n|\n|t:|1727631774\n|move|p1b: Venusaur|Protect|p1b: Venusaur\n|-singleturn|p1b: Venusaur|Protect\n|move|p1a: Armarouge|Protect|p1a: Armarouge\n|-singleturn|p1a: Armarouge|Protect\n|move|p2a: Sneasler|Rock Slide|p1b: Venusaur|[spread] \n|-activate|p1a: Armarouge|move: Protect\n|-activate|p1b: Venusaur|move: Protect\n|move|p2b: Indeedee|Psychic|p1b: Venusaur\n|-activate|p1b: Venusaur|move: Protect\n|\n|-damage|p2b: Indeedee|27\/100 psn|[from] psn\n|upkeep\n|turn|5\n|\n|t:|1727631792\n|move|p2a: Sneasler|Rock Slide|p1b: Venusaur|[spread] p1b\n|-miss|p2a: Sneasler|p1a: Armarouge\n|-damage|p1b: Venusaur|74\/100\n|move|p1b: Venusaur|Sludge Bomb|p2b: Indeedee\n|-damage|p2b: Indeedee|0 fnt\n|faint|p2b: Indeedee\n|move|p1a: Armarouge|Psychic|p2a: Sneasler\n|-supereffective|p2a: Sneasler\n|-damage|p2a: Sneasler|0 fnt\n|faint|p2a: Sneasler\n|\n|-heal|p1b: Venusaur|80\/100|[from] item: Leftovers\n|upkeep\n|-message|Jamel1 forfeited.\n|\n|win|Zordor\n|raw|Zordor's rating: 1750 &rarr; <strong>1768<\/strong><br \/>(+18 for winning)\n|raw|Jamel1's rating: 1710 &rarr; <strong>1692<\/strong><br \/>(-18 for losing)\n|l|\u2606Jamel1\n|player|p2|\n|l|\u2606Zordor\n|player|p1|\n","uploadtime":1727631978,"views":36,"formatid":"gen9vgc2024regh","rating":1692,"private":0,"password":null}