{"id":"gen9vgc2024regh-2212996184","format":"[Gen 9] VGC 2024 Reg H","players":["chin8","Tapu Lisa"],"log":"|j|\u2606chin8\n|j|\u2606Tapu Lisa\n|t:|1727720462\n|gametype|doubles\n|player|p1|chin8|gentleman-gen4dp|1741\n|player|p2|Tapu Lisa|169|1691\n|teamsize|p1|6\n|teamsize|p2|6\n|gen|9\n|tier|[Gen 9] VGC 2024 Reg H\n|rated|\n|rule|Species Clause: Limit one of each Pok\u00e9mon\n|rule|Item Clause: Limit 1 of each item\n|clearpoke\n|poke|p1|Baxcalibur, L50, M|\n|poke|p1|Kilowattrel, L50, M|\n|poke|p1|Heracross, L50, F|\n|poke|p1|Gardevoir, L50, M|\n|poke|p1|Magmortar, L50, M|\n|poke|p1|Gholdengo, L50|\n|poke|p2|Dragapult, L50, M|\n|poke|p2|Clefable, L50, M|\n|poke|p2|Gholdengo, L50|\n|poke|p2|Porygon2, L50|\n|poke|p2|Rillaboom, L50, M|\n|poke|p2|Conkeldurr, L50, M|\n|teampreview|4\nTapu Lisa has agreed to open team sheets.\n|inactive|Battle timer is ON: inactive players will automatically lose when time's up. (requested by chin8)\n|inactive|Tapu Lisa has 60 seconds left.\n|\n|t:|1727720509\n|start\n|switch|p1a: Baxcalibur|Baxcalibur, L50, M|100\/100\n|switch|p1b: Kilowattrel|Kilowattrel, L50, M|100\/100\n|switch|p2a: Porygon2|Porygon2, L50, shiny|100\/100\n|switch|p2b: Rillaboom|Rillaboom, L50, M|100\/100\n|-fieldstart|move: Grassy Terrain|[from] ability: Grassy Surge|[of] p2b: Rillaboom\n|-ability|p2a: Porygon2|Download|boost\n|-boost|p2a: Porygon2|atk|1\n|turn|1\n|\n|t:|1727720521\n|switch|p2b: Gholdengo|Gholdengo, L50|100\/100\n|move|p1b: Kilowattrel|Air Slash|p2a: Porygon2\n|-damage|p2a: Porygon2|80\/100\n|move|p1a: Baxcalibur|Icicle Crash|p2b: Gholdengo|[miss]\n|-miss|p1a: Baxcalibur|p2b: Gholdengo\n|move|p2a: Porygon2|Trick Room|p2a: Porygon2\n|-fieldstart|move: Trick Room|[of] p2a: Porygon2\n|\n|-heal|p2a: Porygon2|86\/100|[from] Grassy Terrain\n|upkeep\n|turn|2\n|\n|t:|1727720536\n|switch|p1a: Magmortar|Magmortar, L50, M|100\/100\n|switch|p1b: Gholdengo|Gholdengo, L50|100\/100\n|move|p2a: Porygon2|Ice Beam|p1a: Magmortar\n|-resisted|p1a: Magmortar\n|-damage|p1a: Magmortar|91\/100\n|move|p2b: Gholdengo|Make It Rain|p1b: Gholdengo|[spread] p1a,p1b\n|-resisted|p1a: Magmortar\n|-resisted|p1b: Gholdengo\n|-damage|p1a: Magmortar|61\/100\n|-damage|p1b: Gholdengo|68\/100\n|-unboost|p2b: Gholdengo|spa|1\n|\n|-heal|p2a: Porygon2|93\/100|[from] Grassy Terrain\n|-heal|p1a: Magmortar|67\/100|[from] Grassy Terrain\n|-heal|p1b: Gholdengo|74\/100|[from] Grassy Terrain\n|-heal|p1b: Gholdengo|80\/100|[from] item: Leftovers\n|upkeep\n|turn|3\n|\n|t:|1727720556\n|switch|p2b: Rillaboom|Rillaboom, L50, M|100\/100\n|move|p2a: Porygon2|Tera Blast|p1a: Magmortar\n|-damage|p1a: Magmortar|40\/100\n|-enditem|p1a: Magmortar|Sitrus Berry|[eat]\n|-heal|p1a: Magmortar|65\/100|[from] item: Sitrus Berry\n|move|p1a: Magmortar|Heat Wave|p2b: Rillaboom|[spread] p2a,p2b\n|-supereffective|p2b: Rillaboom\n|-damage|p2a: Porygon2|72\/100\n|-damage|p2b: Rillaboom|62\/100\n|-status|p2b: Rillaboom|brn\n|move|p1b: Gholdengo|Nasty Plot|p1b: Gholdengo\n|-boost|p1b: Gholdengo|spa|2\n|\n|-heal|p2a: Porygon2|78\/100|[from] Grassy Terrain\n|-heal|p1a: Magmortar|71\/100|[from] Grassy Terrain\n|-heal|p1b: Gholdengo|87\/100|[from] Grassy Terrain\n|-heal|p1b: Gholdengo|93\/100|[from] item: Leftovers\n|-heal|p2b: Rillaboom|68\/100 brn|[from] Grassy Terrain\n|-damage|p2b: Rillaboom|62\/100 brn|[from] brn\n|upkeep\n|turn|4\n|\n|t:|1727720576\n|move|p1a: Magmortar|Protect|p1a: Magmortar\n|-singleturn|p1a: Magmortar|Protect\n|move|p2a: Porygon2|Tera Blast|p1a: Magmortar\n|-activate|p1a: Magmortar|move: Protect\n|move|p1b: Gholdengo|Nasty Plot|p1b: Gholdengo\n|-boost|p1b: Gholdengo|spa|2\n|move|p2b: Rillaboom|Knock Off|p1b: Gholdengo\n|-supereffective|p1b: Gholdengo\n|-damage|p1b: Gholdengo|65\/100\n|-enditem|p1b: Gholdengo|Leftovers|[from] move: Knock Off|[of] p2b: Rillaboom\n|\n|-heal|p2a: Porygon2|85\/100|[from] Grassy Terrain\n|-heal|p1a: Magmortar|77\/100|[from] Grassy Terrain\n|-heal|p1b: Gholdengo|71\/100|[from] Grassy Terrain\n|-heal|p2b: Rillaboom|68\/100 brn|[from] Grassy Terrain\n|-damage|p2b: Rillaboom|62\/100 brn|[from] brn\n|upkeep\n|turn|5\n|j| waltermelon2\n|\n|t:|1727720600\n|switch|p2b: Gholdengo|Gholdengo, L50|100\/100\n|move|p2a: Porygon2|Tera Blast|p1a: Magmortar\n|-damage|p1a: Magmortar|50\/100\n|move|p1a: Magmortar|Heat Wave|p2b: Gholdengo|[spread] p2a,p2b\n|-supereffective|p2b: Gholdengo\n|-damage|p2a: Porygon2|66\/100\n|-damage|p2b: Gholdengo|45\/100\n|move|p1b: Gholdengo|Make It Rain|p2b: Gholdengo|[spread] p2a,p2b\n|-resisted|p2b: Gholdengo\n|-damage|p2a: Porygon2|0 fnt\n|-damage|p2b: Gholdengo|0 fnt\n|-unboost|p1b: Gholdengo|spa|1\n|faint|p2a: Porygon2\n|faint|p2b: Gholdengo\n|\n|-heal|p1a: Magmortar|57\/100|[from] Grassy Terrain\n|-heal|p1b: Gholdengo|77\/100|[from] Grassy Terrain\n|-fieldend|move: Trick Room\n|-fieldend|move: Grassy Terrain\n|upkeep\n|-message|Tapu Lisa forfeited.\n|\n|win|chin8\n|raw|chin8's rating: 1741 &rarr; <strong>1758<\/strong><br \/>(+17 for winning)\n|raw|Tapu Lisa's rating: 1691 &rarr; <strong>1674<\/strong><br \/>(-17 for losing)\n|l|\u2606Tapu Lisa\n|player|p2|\n|l|\u2606chin8\n|player|p1|\n","uploadtime":1727720823,"views":32,"formatid":"gen9vgc2024regh","rating":1674,"private":0,"password":null}