{"id":"gen9vgc2024regh-2212345718","format":"[Gen 9] VGC 2024 Reg H","players":["grafaiaionnaperc","moon7777"],"log":"|j|\u2606grafaiaionnaperc\n|j|\u2606moon7777\n|t:|1727639971\n|gametype|doubles\n|player|p1|grafaiaionnaperc|magmasuit|1814\n|player|p2|moon7777|170|1836\n|teamsize|p1|6\n|teamsize|p2|6\n|gen|9\n|tier|[Gen 9] VGC 2024 Reg H\n|rated|\n|rule|Species Clause: Limit one of each Pok\u00e9mon\n|rule|Item Clause: Limit 1 of each item\n|clearpoke\n|poke|p1|Sneasler, L50, M|\n|poke|p1|Indeedee, L50, M|\n|poke|p1|Murkrow, L50, M|\n|poke|p1|Maushold, L50|\n|poke|p1|Delphox, L50, M|\n|poke|p1|Basculegion, L50, M|\n|poke|p2|Dragonite, L50, F|\n|poke|p2|Krookodile, L50, F|\n|poke|p2|Basculegion, L50, M|\n|poke|p2|Rillaboom, L50, M|\n|poke|p2|Sneasler, L50, M|\n|poke|p2|Comfey, L50, M|\n|teampreview|4\n|inactive|Battle timer is ON: inactive players will automatically lose when time's up. (requested by grafaiaionnaperc)\n|inactive|grafaiaionnaperc has 60 seconds left.\n|inactive|grafaiaionnaperc has 30 seconds left.\n|inactive|grafaiaionnaperc has 20 seconds left.\n|inactive|grafaiaionnaperc has 15 seconds left.\n|inactive|grafaiaionnaperc has 10 seconds left.\n|inactive|grafaiaionnaperc has 5 seconds left.\n|\n|t:|1727640060\n|start\n|switch|p1a: Maushold|Maushold, L50|100\/100\n|switch|p1b: Basculegion|Basculegion, L50, M, shiny|100\/100\n|switch|p2a: Dragonite|Dragonite, L50, F|100\/100\n|switch|p2b: Sneasler|Sneasler, L50, M|100\/100\n|turn|1\n|inactive|grafaiaionnaperc has 30 seconds left.\n|inactive|moon7777 has 30 seconds left.\n|\n|t:|1727640097\n|-terastallize|p1a: Maushold|Ghost\n|-terastallize|p2a: Dragonite|Flying\n|move|p1b: Basculegion|Wave Crash|p2b: Sneasler\n|-enditem|p2b: Sneasler|Focus Sash\n|-damage|p2b: Sneasler|1\/100\n|-damage|p1b: Basculegion|74\/100|[from] Recoil\n|move|p1a: Maushold|Population Bomb|p2a: Dragonite\n|-damage|p2a: Dragonite|96\/100\n|-damage|p2a: Dragonite|85\/100\n|-damage|p2a: Dragonite|75\/100\n|-damage|p2a: Dragonite|64\/100\n|-damage|p2a: Dragonite|55\/100\n|-damage|p2a: Dragonite|45\/100\n|-damage|p2a: Dragonite|34\/100\n|-damage|p2a: Dragonite|23\/100\n|-damage|p2a: Dragonite|13\/100\n|-damage|p2a: Dragonite|2\/100\n|-hitcount|p2a: Dragonite|10\n|move|p2b: Sneasler|Coaching|p2a: Dragonite\n|-boost|p2a: Dragonite|atk|1\n|-boost|p2a: Dragonite|def|1\n|move|p2a: Dragonite|Tera Blast|p1b: Basculegion|[anim] Tera Blast Flying\n|-damage|p1b: Basculegion|0 fnt\n|faint|p1b: Basculegion\n|\n|upkeep\n|inactive|grafaiaionnaperc has 30 seconds left.\n|\n|t:|1727640126\n|switch|p1b: Sneasler|Sneasler, L50, M, shiny|100\/100\n|turn|2\n|inactive|grafaiaionnaperc has 30 seconds left.\n|\n|t:|1727640155\n|move|p1b: Sneasler|Protect|p1b: Sneasler\n|-singleturn|p1b: Sneasler|Protect\n|move|p2a: Dragonite|Protect|p2a: Dragonite\n|-singleturn|p2a: Dragonite|Protect\n|move|p1a: Maushold|Population Bomb|p2a: Dragonite\n|-activate|p2a: Dragonite|move: Protect\n|move|p2b: Sneasler|Dire Claw|p1b: Sneasler\n|-activate|p1b: Sneasler|move: Protect\n|\n|upkeep\n|turn|3\n|\n|t:|1727640175\n|switch|p2b: Rillaboom|Rillaboom, L50, M|100\/100\n|-fieldstart|move: Grassy Terrain|[from] ability: Grassy Surge|[of] p2b: Rillaboom\n|move|p2a: Dragonite|Extreme Speed|p1b: Sneasler\n|-damage|p1b: Sneasler|26\/100\n|move|p1a: Maushold|Population Bomb|p2b: Rillaboom\n|-damage|p2b: Rillaboom|90\/100\n|-damage|p2b: Rillaboom|79\/100\n|-damage|p2b: Rillaboom|67\/100\n|-damage|p2b: Rillaboom|56\/100\n|-damage|p2b: Rillaboom|45\/100\n|-damage|p2b: Rillaboom|34\/100\n|-damage|p2b: Rillaboom|24\/100\n|-enditem|p2b: Rillaboom|Iapapa Berry|[eat]\n|-heal|p2b: Rillaboom|57\/100|[from] item: Iapapa Berry\n|-damage|p2b: Rillaboom|45\/100\n|-damage|p2b: Rillaboom|35\/100\n|-damage|p2b: Rillaboom|24\/100\n|-hitcount|p2b: Rillaboom|10\n|move|p1b: Sneasler|Dire Claw|p2a: Dragonite\n|-damage|p2a: Dragonite|0 fnt\n|faint|p2a: Dragonite\n|\n|-heal|p1b: Sneasler|32\/100|[from] Grassy Terrain\n|-heal|p2b: Rillaboom|30\/100|[from] Grassy Terrain\n|upkeep\n|\n|t:|1727640195\n|switch|p2a: Krookodile|Krookodile, L50, F|100\/100\n|-ability|p2a: Krookodile|Intimidate|boost\n|-unboost|p1a: Maushold|atk|1\n|-unboost|p1b: Sneasler|atk|1\n|turn|4\n|inactive|grafaiaionnaperc has 30 seconds left.\n|inactive|grafaiaionnaperc has 20 seconds left.\n|inactive|grafaiaionnaperc has 15 seconds left.\n|inactive|grafaiaionnaperc has 10 seconds left.\n|inactive|grafaiaionnaperc has 5 seconds left.\n|\n|t:|1727640246\n|switch|p1b: Indeedee|Indeedee, L50, M, shiny|100\/100\n|-fieldstart|move: Psychic Terrain|[from] ability: Psychic Surge|[of] p1b: Indeedee\n|switch|p2b: Sneasler|Sneasler, L50, M|1\/100\n|move|p1a: Maushold|Population Bomb|p2b: Sneasler\n|-damage|p2b: Sneasler|0 fnt\n|faint|p2b: Sneasler\n|-hitcount|p2: Sneasler|1\n|move|p2a: Krookodile|Knock Off|p1a: Maushold\n|-supereffective|p1a: Maushold\n|-damage|p1a: Maushold|0 fnt\n|-enditem|p1a: Maushold|Wide Lens|[from] move: Knock Off|[of] p2a: Krookodile\n|faint|p1a: Maushold\n|\n|upkeep\n|\n|t:|1727640260\n|switch|p1a: Sneasler|Sneasler, L50, M, shiny|32\/100\n|switch|p2b: Rillaboom|Rillaboom, L50, M|30\/100\n|-enditem|p1a: Sneasler|Psychic Seed\n|-boost|p1a: Sneasler|spd|1|[from] item: Psychic Seed\n|-fieldstart|move: Grassy Terrain|[from] ability: Grassy Surge|[of] p2b: Rillaboom\n|turn|5\n|inactive|grafaiaionnaperc has 30 seconds left.\n|inactive|grafaiaionnaperc has 20 seconds left.\n|inactive|grafaiaionnaperc has 15 seconds left.\n|inactive|grafaiaionnaperc has 10 seconds left.\n|inactive|grafaiaionnaperc has 5 seconds left.\n|\n|t:|1727640314\n|move|p1a: Sneasler|Protect|p1a: Sneasler\n|-singleturn|p1a: Sneasler|Protect\n|move|p2b: Rillaboom|Fake Out|p1a: Sneasler\n|-activate|p1a: Sneasler|move: Protect\n|move|p1b: Indeedee|Tera Blast|p2b: Rillaboom\n|-damage|p2b: Rillaboom|0 fnt\n|faint|p2b: Rillaboom\n|move|p2a: Krookodile|High Horsepower|p1a: Sneasler\n|-activate|p1a: Sneasler|move: Protect\n|\n|-heal|p1a: Sneasler|38\/100|[from] Grassy Terrain\n|upkeep\n|turn|6\n|c|\u2606moon7777|dang\n|c|\u2606moon7777|almost doubled into indeedee too\n|\n|t:|1727640335\n|move|p1a: Sneasler|Close Combat|p2a: Krookodile\n|-supereffective|p2a: Krookodile\n|-damage|p2a: Krookodile|0 fnt\n|-unboost|p1a: Sneasler|def|1\n|-unboost|p1a: Sneasler|spd|1\n|faint|p2a: Krookodile\n|\n|win|grafaiaionnaperc\n|raw|grafaiaionnaperc's rating: 1814 &rarr; <strong>1835<\/strong><br \/>(+21 for winning)\n|raw|moon7777's rating: 1836 &rarr; <strong>1815<\/strong><br \/>(-21 for losing)\n|c|\u2606moon7777|gg\n|c|\u2606grafaiaionnaperc|wp ggs\n|l|\u2606moon7777\n|player|p2|\n|l|\u2606grafaiaionnaperc\n|player|p1|\n|j|\u2606grafaiaionnaperc\n|player|p1|grafaiaionnaperc|magmasuit|\n|l|\u2606grafaiaionnaperc\n|player|p1|\n","uploadtime":1727640575,"views":259,"formatid":"gen9vgc2024regh","rating":1815,"private":0,"password":null}