{"id":"gen9vgc2024regh-2212647830","format":"[Gen 9] VGC 2024 Reg H","players":["something123","ChikoRanium"],"log":"|j|\u2606something123\n|j|\u2606ChikoRanium\n|t:|1727681550\n|gametype|doubles\n|player|p1|something123|266|1688\n|player|p2|ChikoRanium|volo-ginkgo|1729\n|teamsize|p1|6\n|teamsize|p2|6\n|gen|9\n|tier|[Gen 9] VGC 2024 Reg H\n|rated|\n|rule|Species Clause: Limit one of each Pok\u00e9mon\n|rule|Item Clause: Limit 1 of each item\n|clearpoke\n|poke|p1|Dragapult, L50, F|\n|poke|p1|Sneasler, L50, M|\n|poke|p1|Rillaboom, L50, M|\n|poke|p1|Milotic, L50, F|\n|poke|p1|Hydreigon, L50, M|\n|poke|p1|Incineroar, L50, F|\n|poke|p2|Grimmsnarl, L50, M|\n|poke|p2|Skeledirge, L50, F|\n|poke|p2|Tyranitar, L50, F|\n|poke|p2|Corviknight, L50, M|\n|poke|p2|Rillaboom, L50, F|\n|poke|p2|Archaludon, L50, F|\n|teampreview|4\n|inactive|Battle timer is ON: inactive players will automatically lose when time's up. (requested by ChikoRanium)\n|inactive|something123 has 60 seconds left.\n|inactive|ChikoRanium has 60 seconds left.\n|j| kobitz\n|\n|t:|1727681599\n|start\n|switch|p1a: Dragapult|Dragapult, L50, F|100\/100\n|switch|p1b: Sneasler|Sneasler, L50, M|100\/100\n|switch|p2a: Corviknight|Corviknight, L50, M|100\/100\n|switch|p2b: Rillaboom|Rillaboom, L50, F|100\/100\n|-fieldstart|move: Grassy Terrain|[from] ability: Grassy Surge|[of] p2b: Rillaboom\n|-enditem|p1b: Sneasler|Grassy Seed\n|-boost|p1b: Sneasler|def|1|[from] item: Grassy Seed\n|turn|1\n|c| kobitz|bruh, reg H is so fun. tf are these teams I love it\n|inactive|ChikoRanium has 30 seconds left.\n|inactive|ChikoRanium has 20 seconds left.\n|inactive|ChikoRanium has 15 seconds left.\n|inactive|ChikoRanium has 10 seconds left.\n|\n|t:|1727681645\n|switch|p2b: Archaludon|Archaludon, L50, F|100\/100\n|move|p1b: Sneasler|Swords Dance|p1b: Sneasler\n|-boost|p1b: Sneasler|atk|2\n|move|p1a: Dragapult|Will-O-Wisp|p2a: Corviknight\n|-status|p2a: Corviknight|brn\n|move|p2a: Corviknight|Tailwind|p2a: Corviknight\n|-sidestart|p2: ChikoRanium|move: Tailwind\n|\n|-damage|p2a: Corviknight|95\/100 brn|[from] brn\n|upkeep\n|turn|2\n|inactive|something123 has 30 seconds left.\n|\n|t:|1727681678\n|switch|p2b: Grimmsnarl|Grimmsnarl, L50, M|100\/100\n|move|p1b: Sneasler|Protect|p1b: Sneasler\n|-singleturn|p1b: Sneasler|Protect\n|move|p1a: Dragapult|Light Screen|p1a: Dragapult\n|-sidestart|p1: something123|move: Light Screen\n|move|p2a: Corviknight|Brave Bird|p1b: Sneasler\n|-activate|p1b: Sneasler|move: Protect\n|\n|-damage|p2a: Corviknight|89\/100 brn|[from] brn\n|upkeep\n|turn|3\n|inactive|something123 has 30 seconds left.\n|inactive|ChikoRanium has 30 seconds left.\n|j| fishle\n|\n|t:|1727681711\n|move|p2b: Grimmsnarl|Thunder Wave|p1b: Sneasler\n|-status|p1b: Sneasler|par\n|move|p1a: Dragapult|Will-O-Wisp|p2b: Grimmsnarl\n|-status|p2b: Grimmsnarl|brn\n|move|p2a: Corviknight|Brave Bird|p1b: Sneasler\n|-supereffective|p1b: Sneasler\n|-damage|p1b: Sneasler|61\/100 par\n|-damage|p2a: Corviknight|78\/100 brn|[from] Recoil\n|move|p1b: Sneasler|Close Combat|p2a: Corviknight\n|-damage|p2a: Corviknight|0 fnt\n|-unboost|p1b: Sneasler|def|1\n|-unboost|p1b: Sneasler|spd|1\n|-damage|p1b: Sneasler|44\/100 par|[from] item: Rocky Helmet|[of] p2a: Corviknight\n|faint|p2a: Corviknight\n|\n|-heal|p1b: Sneasler|50\/100 par|[from] Grassy Terrain\n|-damage|p2b: Grimmsnarl|95\/100 brn|[from] brn\n|upkeep\n|\n|t:|1727681728\n|switch|p2a: Rillaboom|Rillaboom, L50, F|100\/100\n|turn|4\n|\n|t:|1727681734\n|switch|p2b: Archaludon|Archaludon, L50, F|100\/100\n|move|p1b: Sneasler|Protect|p1b: Sneasler\n|-singleturn|p1b: Sneasler|Protect\n|move|p2a: Rillaboom|Bullet Seed|p2b: Archaludon\n|-resisted|p2b: Archaludon\n|-damage|p2b: Archaludon|97\/100\n|-ability|p2b: Archaludon|Stamina|boost\n|-boost|p2b: Archaludon|def|1\n|-resisted|p2b: Archaludon\n|-damage|p2b: Archaludon|95\/100\n|-ability|p2b: Archaludon|Stamina|boost\n|-boost|p2b: Archaludon|def|1\n|-resisted|p2b: Archaludon\n|-damage|p2b: Archaludon|94\/100\n|-ability|p2b: Archaludon|Stamina|boost\n|-boost|p2b: Archaludon|def|1\n|-resisted|p2b: Archaludon\n|-damage|p2b: Archaludon|92\/100\n|-ability|p2b: Archaludon|Stamina|boost\n|-boost|p2b: Archaludon|def|1\n|-resisted|p2b: Archaludon\n|-damage|p2b: Archaludon|91\/100\n|-ability|p2b: Archaludon|Stamina|boost\n|-boost|p2b: Archaludon|def|1\n|-hitcount|p2b: Archaludon|5\n|move|p1a: Dragapult|Will-O-Wisp|p2a: Rillaboom|[miss]\n|-miss|p1a: Dragapult|p2a: Rillaboom\n|\n|-heal|p2b: Archaludon|97\/100|[from] Grassy Terrain\n|-heal|p1b: Sneasler|56\/100 par|[from] Grassy Terrain\n|-sideend|p2: ChikoRanium|move: Tailwind\n|upkeep\n|turn|5\n|\n|t:|1727681757\n|switch|p2a: Grimmsnarl|Grimmsnarl, L50, M|95\/100 brn\n|move|p1a: Dragapult|Will-O-Wisp|p2b: Archaludon\n|-status|p2b: Archaludon|brn\n|move|p1b: Sneasler|Acrobatics|p2a: Grimmsnarl\n|-damage|p2a: Grimmsnarl|13\/100 brn\n|move|p2b: Archaludon|Dragon Pulse|p1a: Dragapult\n|-supereffective|p1a: Dragapult\n|-damage|p1a: Dragapult|41\/100\n|-enditem|p1a: Dragapult|Sitrus Berry|[eat]\n|-heal|p1a: Dragapult|65\/100|[from] item: Sitrus Berry\n|\n|-heal|p1a: Dragapult|72\/100|[from] Grassy Terrain\n|-heal|p1b: Sneasler|62\/100 par|[from] Grassy Terrain\n|-heal|p2b: Archaludon|100\/100 brn|[from] Grassy Terrain\n|-heal|p2a: Grimmsnarl|19\/100 brn|[from] Grassy Terrain\n|-damage|p2b: Archaludon|94\/100 brn|[from] brn\n|-damage|p2a: Grimmsnarl|13\/100 brn|[from] brn\n|-fieldend|move: Grassy Terrain\n|upkeep\n|turn|6\n|inactive|something123 has 30 seconds left.\n|inactive|ChikoRanium has 30 seconds left.\n|inactive|something123 has 20 seconds left.\n|inactive|ChikoRanium has 20 seconds left.\n|\n|t:|1727681796\n|switch|p1a: Hydreigon|Hydreigon, L50, M|100\/100\n|move|p2a: Grimmsnarl|Light Screen|p2a: Grimmsnarl\n|-sidestart|p2: ChikoRanium|move: Light Screen\n|move|p1b: Sneasler|Acrobatics|p2a: Grimmsnarl\n|-damage|p2a: Grimmsnarl|0 fnt\n|faint|p2a: Grimmsnarl\n|move|p2b: Archaludon|Dragon Pulse|p1b: Sneasler\n|-damage|p1b: Sneasler|4\/100 par\n|\n|-damage|p2b: Archaludon|88\/100 brn|[from] brn\n|-sideend|p1: something123|move: Light Screen\n|upkeep\n|\n|t:|1727681805\n|switch|p2a: Rillaboom|Rillaboom, L50, F|100\/100\n|-fieldstart|move: Grassy Terrain|[from] ability: Grassy Surge|[of] p2a: Rillaboom\n|turn|7\n|\n|t:|1727681827\n|move|p1a: Hydreigon|Protect|p1a: Hydreigon\n|-singleturn|p1a: Hydreigon|Protect\n|move|p2a: Rillaboom|Grassy Glide|p1b: Sneasler\n|-resisted|p1b: Sneasler\n|-damage|p1b: Sneasler|0 fnt\n|faint|p1b: Sneasler\n|move|p2b: Archaludon|Snarl|p1a: Hydreigon\n|-activate|p1a: Hydreigon|move: Protect\n|\n|-heal|p2b: Archaludon|94\/100 brn|[from] Grassy Terrain\n|-damage|p2b: Archaludon|88\/100 brn|[from] brn\n|upkeep\n|\n|t:|1727681851\n|switch|p1b: Rillaboom|Rillaboom, L50, M|100\/100\n|turn|8\n|inactive|something123 has 30 seconds left.\n|inactive|something123 has 20 seconds left.\n|\n|t:|1727681887\n|-terastallize|p1a: Hydreigon|Steel\n|-terastallize|p2a: Rillaboom|Fire\n|move|p1a: Hydreigon|Dark Pulse|p2b: Archaludon\n|-damage|p2b: Archaludon|60\/100 brn\n|-ability|p2b: Archaludon|Stamina|boost\n|-boost|p2b: Archaludon|def|1\n|-damage|p1a: Hydreigon|91\/100|[from] item: Life Orb\n|move|p2a: Rillaboom|Knock Off|p1b: Rillaboom\n|-damage|p1b: Rillaboom|70\/100\n|-enditem|p1b: Rillaboom|Assault Vest|[from] move: Knock Off|[of] p2a: Rillaboom\n|move|p1b: Rillaboom|Knock Off|p2b: Archaludon\n|-damage|p2b: Archaludon|55\/100 brn\n|-enditem|p2b: Archaludon|Assault Vest|[from] move: Knock Off|[of] p1b: Rillaboom\n|move|p2b: Archaludon|Body Press|p1a: Hydreigon\n|-supereffective|p1a: Hydreigon\n|-damage|p1a: Hydreigon|0 fnt\n|faint|p1a: Hydreigon\n|\n|-heal|p1b: Rillaboom|75\/100|[from] Grassy Terrain\n|-heal|p2b: Archaludon|61\/100 brn|[from] Grassy Terrain\n|-damage|p2b: Archaludon|55\/100 brn|[from] brn\n|upkeep\n|\n|t:|1727681903\n|switch|p1a: Dragapult|Dragapult, L50, F|72\/100\n|turn|9\n|j| mine_hang\n|\n|t:|1727681921\n|move|p1a: Dragapult|Light Screen|p1a: Dragapult\n|-sidestart|p1: something123|move: Light Screen\n|move|p2a: Rillaboom|Knock Off|p1a: Dragapult\n|-supereffective|p1a: Dragapult\n|-damage|p1a: Dragapult|19\/100\n|-start|p2a: Rillaboom|Disable|Knock Off|[from] ability: Cursed Body|[of] p1a: Dragapult\n|move|p1b: Rillaboom|Knock Off|p2a: Rillaboom\n|-damage|p2a: Rillaboom|64\/100\n|-enditem|p2a: Rillaboom|Loaded Dice|[from] move: Knock Off|[of] p1b: Rillaboom\n|move|p2b: Archaludon|Body Press|p1b: Rillaboom\n|-damage|p1b: Rillaboom|32\/100\n|\n|-heal|p1a: Dragapult|25\/100|[from] Grassy Terrain\n|-heal|p2a: Rillaboom|70\/100|[from] Grassy Terrain\n|-heal|p2b: Archaludon|61\/100 brn|[from] Grassy Terrain\n|-heal|p1b: Rillaboom|38\/100|[from] Grassy Terrain\n|-damage|p2b: Archaludon|55\/100 brn|[from] brn\n|upkeep\n|turn|10\n|\n|t:|1727681943\n|move|p1a: Dragapult|Draco Meteor|p2b: Archaludon|[miss]\n|-miss|p1a: Dragapult|p2b: Archaludon\n|move|p2a: Rillaboom|U-turn|p1b: Rillaboom\n|-supereffective|p1b: Rillaboom\n|-crit|p1b: Rillaboom\n|-damage|p1b: Rillaboom|0 fnt\n|faint|p1b: Rillaboom\n|move|p2b: Archaludon|Dragon Pulse|p1a: Dragapult\n|-supereffective|p1a: Dragapult\n|-damage|p1a: Dragapult|0 fnt\n|faint|p1a: Dragapult\n|\n|win|ChikoRanium\n|raw|something123's rating: 1688 &rarr; <strong>1670<\/strong><br \/>(-18 for losing)\n|raw|ChikoRanium's rating: 1729 &rarr; <strong>1747<\/strong><br \/>(+18 for winning)\n|l|\u2606something123\n|player|p1|\n|c| kobitz|nail biter\n|l| fishle\n|c|\u2606ChikoRanium|gg\n|l|\u2606ChikoRanium\n|player|p2|\n|l| kobitz\n","uploadtime":1727682100,"views":19,"formatid":"gen9vgc2024regh","rating":1670,"private":0,"password":null}