{"id":"gen9vgc2024regh-2212700674","format":"[Gen 9] VGC 2024 Reg H","players":["Tusking Chusking","cobalt_poke"],"log":"|j|\u2606Tusking Chusking\n|j|\u2606cobalt_poke\n|t:|1727690395\n|gametype|doubles\n|player|p1|Tusking Chusking|265|1657\n|player|p2|cobalt_poke|1|1779\n|teamsize|p1|6\n|teamsize|p2|6\n|gen|9\n|tier|[Gen 9] VGC 2024 Reg H\n|rated|\n|rule|Species Clause: Limit one of each Pok\u00e9mon\n|rule|Item Clause: Limit 1 of each item\n|clearpoke\n|poke|p1|Indeedee-F, L50, F|\n|poke|p1|Hatterene, L50, F|\n|poke|p1|Gallade, L50, M|\n|poke|p1|Annihilape, L50, M|\n|poke|p1|Torkoal, L50, F|\n|poke|p1|Kingambit, L50, M|\n|poke|p2|Maushold-Four, L50|\n|poke|p2|Annihilape, L50, M|\n|poke|p2|Archaludon, L50, F|\n|poke|p2|Amoonguss, L50, F|\n|poke|p2|Pelipper, L50, F|\n|poke|p2|Basculegion, L50, M|\n|teampreview|4\n|inactive|Battle timer is ON: inactive players will automatically lose when time's up. (requested by cobalt_poke)\n|\n|t:|1727690418\n|start\n|switch|p1a: Indeedee|Indeedee-F, L50, F|100\/100\n|switch|p1b: Gallade|Gallade, L50, M|100\/100\n|switch|p2a: Annihilape|Annihilape, L50, M|100\/100\n|switch|p2b: Maushold|Maushold-Four, L50|100\/100\n|-fieldstart|move: Psychic Terrain|[from] ability: Psychic Surge|[of] p1a: Indeedee\n|-enditem|p1a: Indeedee|Psychic Seed\n|-boost|p1a: Indeedee|spd|1|[from] item: Psychic Seed\n|turn|1\n|\n|t:|1727690442\n|move|p1a: Indeedee|Follow Me|p1a: Indeedee\n|-singleturn|p1a: Indeedee|move: Follow Me\n|move|p2b: Maushold|Taunt|p1a: Indeedee\n|-start|p1a: Indeedee|move: Taunt\n|move|p2a: Annihilape|Bulk Up|p2a: Annihilape\n|-boost|p2a: Annihilape|atk|1\n|-boost|p2a: Annihilape|def|1\n|move|p1b: Gallade|Trick Room|p1b: Gallade\n|-fieldstart|move: Trick Room|[of] p1b: Gallade\n|\n|upkeep\n|turn|2\n|\n|t:|1727690455\n|-terastallize|p2a: Annihilape|Steel\n|move|p2b: Maushold|Protect|p2b: Maushold\n|-singleturn|p2b: Maushold|Protect\n|move|p1b: Gallade|Psycho Cut|p2a: Annihilape\n|-resisted|p2a: Annihilape\n|-damage|p2a: Annihilape|81\/100\n|move|p1a: Indeedee|Dazzling Gleam|p2a: Annihilape|[spread] p2a\n|-activate|p2b: Maushold|move: Protect\n|-resisted|p2a: Annihilape\n|-damage|p2a: Annihilape|77\/100\n|move|p2a: Annihilape|Drain Punch|p1a: Indeedee\n|-damage|p1a: Indeedee|59\/100\n|-heal|p2a: Annihilape|94\/100|[from] drain|[of] p1a: Indeedee\n|\n|upkeep\n|turn|3\n|\n|t:|1727690470\n|move|p2b: Maushold|Follow Me|p2b: Maushold\n|-singleturn|p2b: Maushold|move: Follow Me\n|move|p1b: Gallade|Sacred Sword|p2b: Maushold\n|-supereffective|p2b: Maushold\n|-damage|p2b: Maushold|0 fnt\n|faint|p2b: Maushold\n|move|p1a: Indeedee|Dazzling Gleam|p2a: Annihilape\n|-resisted|p2a: Annihilape\n|-damage|p2a: Annihilape|87\/100\n|move|p2a: Annihilape|Rage Fist|p1b: Gallade\n|-supereffective|p1b: Gallade\n|-damage|p1b: Gallade|0 fnt\n|faint|p1b: Gallade\n|\n|upkeep\n|\n|t:|1727690480\n|switch|p1b: Hatterene|Hatterene, L50, F|100\/100\n|switch|p2b: Pelipper|Pelipper, L50, F|100\/100\n|-weather|RainDance|[from] ability: Drizzle|[of] p2b: Pelipper\n|turn|4\n|\n|t:|1727690492\n|switch|p2b: Amoonguss|Amoonguss, L50, F|100\/100\n|move|p1b: Hatterene|Expanding Force|p2b: Amoonguss|[spread] p2a,p2b\n|-resisted|p2a: Annihilape\n|-supereffective|p2b: Amoonguss\n|-damage|p2a: Annihilape|49\/100\n|-damage|p2b: Amoonguss|0 fnt\n|-enditem|p2a: Annihilape|Sitrus Berry|[eat]\n|-heal|p2a: Annihilape|74\/100|[from] item: Sitrus Berry\n|faint|p2b: Amoonguss\n|-damage|p1b: Hatterene|91\/100|[from] item: Life Orb\n|move|p1a: Indeedee|Dazzling Gleam|p2a: Annihilape\n|-resisted|p2a: Annihilape\n|-damage|p2a: Annihilape|66\/100\n|move|p2a: Annihilape|Drain Punch|p1a: Indeedee\n|-damage|p1a: Indeedee|17\/100\n|-heal|p2a: Annihilape|83\/100|[from] drain|[of] p1a: Indeedee\n|\n|-weather|RainDance|[upkeep]\n|-end|p1a: Indeedee|move: Taunt\n|upkeep\n|\n|t:|1727690505\n|switch|p2b: Pelipper|Pelipper, L50, F|100\/100\n|turn|5\n|\n|t:|1727690515\n|move|p1a: Indeedee|Follow Me|p1a: Indeedee\n|-singleturn|p1a: Indeedee|move: Follow Me\n|move|p1b: Hatterene|Expanding Force|p2a: Annihilape|[spread] p2a,p2b\n|-resisted|p2a: Annihilape\n|-damage|p2a: Annihilape|42\/100\n|-damage|p2b: Pelipper|0 fnt\n|faint|p2b: Pelipper\n|-damage|p1b: Hatterene|81\/100|[from] item: Life Orb\n|move|p2a: Annihilape|Drain Punch|p1a: Indeedee\n|-damage|p1a: Indeedee|0 fnt\n|-heal|p2a: Annihilape|49\/100|[from] drain|[of] p1a: Indeedee\n|faint|p1a: Indeedee\n|\n|-weather|RainDance|[upkeep]\n|-fieldend|move: Trick Room\n|-fieldend|move: Psychic Terrain\n|upkeep\n|\n|t:|1727690521\n|switch|p1a: Kingambit|Kingambit, L50, M|100\/100\n|turn|6\n|\n|t:|1727690530\n|-terastallize|p1a: Kingambit|Flying\n|move|p2a: Annihilape|Rage Fist|p1b: Hatterene\n|-supereffective|p1b: Hatterene\n|-damage|p1b: Hatterene|0 fnt\n|faint|p1b: Hatterene\n|move|p1a: Kingambit|Low Kick|p2a: Annihilape\n|-supereffective|p2a: Annihilape\n|-damage|p2a: Annihilape|8\/100\n|\n|-weather|RainDance|[upkeep]\n|upkeep\n|turn|7\n|\n|t:|1727690536\n|move|p1a: Kingambit|Sucker Punch||[still]\n|-fail|p1a: Kingambit\n|move|p2a: Annihilape|Bulk Up|p2a: Annihilape\n|-boost|p2a: Annihilape|atk|1\n|-boost|p2a: Annihilape|def|1\n|\n|-weather|RainDance|[upkeep]\n|upkeep\n|turn|8\n|\n|t:|1727690539\n|move|p1a: Kingambit|Sucker Punch||[still]\n|-fail|p1a: Kingambit\n|move|p2a: Annihilape|Bulk Up|p2a: Annihilape\n|-boost|p2a: Annihilape|atk|1\n|-boost|p2a: Annihilape|def|1\n|\n|-weather|none\n|upkeep\n|turn|9\n|\n|t:|1727690542\n|move|p1a: Kingambit|Sucker Punch||[still]\n|-fail|p1a: Kingambit\n|move|p2a: Annihilape|Bulk Up|p2a: Annihilape\n|-boost|p2a: Annihilape|atk|1\n|-boost|p2a: Annihilape|def|1\n|\n|upkeep\n|turn|10\n|\n|t:|1727690547\n|move|p1a: Kingambit|Sucker Punch|p2a: Annihilape\n|-damage|p2a: Annihilape|0 fnt\n|faint|p2a: Annihilape\n|\n|win|Tusking Chusking\n|raw|Tusking Chusking's rating: 1657 &rarr; <strong>1684<\/strong><br \/>(+27 for winning)\n|raw|cobalt_poke's rating: 1779 &rarr; <strong>1752<\/strong><br \/>(-27 for losing)\n|l|\u2606cobalt_poke\n|player|p2|\n|l|\u2606Tusking Chusking\n|player|p1|\n|j|\u2606Tusking Chusking\n|player|p1|Tusking Chusking|265|\n","uploadtime":1727690719,"views":21,"formatid":"gen9vgc2024regh","rating":1684,"private":0,"password":null}