{"id":"gen9vgc2024regh-2212639690","format":"[Gen 9] VGC 2024 Reg H","players":["badayagetchi","DRIPcaster"],"log":"|j|\u2606badayagetchi\n|j|\u2606DRIPcaster\n|t:|1727680140\n|gametype|doubles\n|player|p1|badayagetchi|skyla|1692\n|player|p2|DRIPcaster|flannery|1711\n|teamsize|p1|6\n|teamsize|p2|6\n|gen|9\n|tier|[Gen 9] VGC 2024 Reg H\n|rated|\n|rule|Species Clause: Limit one of each Pok\u00e9mon\n|rule|Item Clause: Limit 1 of each item\n|clearpoke\n|poke|p1|Arcanine-Hisui, L50, F|\n|poke|p1|Pelipper, L50, F|\n|poke|p1|Umbreon, L50, M|\n|poke|p1|Ursaluna-Bloodmoon, L50, M|\n|poke|p1|Clefable, L50, F|\n|poke|p1|Archaludon, L50, M|\n|poke|p2|Amoonguss, L50, M|\n|poke|p2|Chandelure, L50, M|\n|poke|p2|Primarina, L50, F|\n|poke|p2|Kingambit, L50, F|\n|poke|p2|Dragapult, L50, F|\n|poke|p2|Flamigo, L50, F|\n|teampreview|4\n|inactive|Battle timer is ON: inactive players will automatically lose when time's up. (requested by DRIPcaster)\n|inactive|badayagetchi also wants the timer to be on.\n|inactive|badayagetchi has 60 seconds left.\n|inactive|DRIPcaster has 60 seconds left.\n|\n|t:|1727680179\n|start\n|switch|p1a: Pelipper|Pelipper, L50, F|100\/100\n|switch|p1b: Ursaluna|Ursaluna-Bloodmoon, L50, M|100\/100\n|switch|p2a: Chandelure|Chandelure, L50, M, shiny|100\/100\n|switch|p2b: Amoonguss|Amoonguss, L50, M|100\/100\n|-weather|RainDance|[from] ability: Drizzle|[of] p1a: Pelipper\n|turn|1\n|\n|t:|1727680196\n|-terastallize|p2b: Amoonguss|Water\n|move|p2b: Amoonguss|Rage Powder|p2b: Amoonguss\n|-singleturn|p2b: Amoonguss|move: Rage Powder\n|move|p1a: Pelipper|Hurricane|p2b: Amoonguss\n|-damage|p2b: Amoonguss|68\/100\n|-start|p2b: Amoonguss|confusion\n|move|p1b: Ursaluna|Blood Moon|p2b: Amoonguss\n|-damage|p2b: Amoonguss|11\/100\n|move|p2a: Chandelure|Trick Room|p2a: Chandelure\n|-fieldstart|move: Trick Room|[of] p2a: Chandelure\n|\n|-weather|RainDance|[upkeep]\n|upkeep\n|turn|2\n|\n|t:|1727680210\n|switch|p1b: Clefable|Clefable, L50, F|100\/100\n|-activate|p2b: Amoonguss|confusion\n|move|p2b: Amoonguss|Spore|p1b: Clefable\n|-activate|p1b: Clefable|item: Safety Goggles|Spore\n|move|p2a: Chandelure|Shadow Ball|p1a: Pelipper\n|-damage|p1a: Pelipper|10\/100\n|move|p1a: Pelipper|Hurricane|p2a: Chandelure\n|-damage|p2a: Chandelure|40\/100\n|-start|p2a: Chandelure|confusion\n|\n|-weather|RainDance|[upkeep]\n|upkeep\n|turn|3\n|\n|t:|1727680230\n|switch|p2b: Kingambit|Kingambit, L50, F, shiny|100\/100\n|switch|p1a: Ursaluna|Ursaluna-Bloodmoon, L50, M|100\/100\n|move|p1b: Clefable|Follow Me|p1b: Clefable\n|-singleturn|p1b: Clefable|move: Follow Me\n|-activate|p2a: Chandelure|confusion\n|move|p2a: Chandelure|Shadow Ball|p1b: Clefable\n|-damage|p1b: Clefable|52\/100\n|\n|-weather|RainDance|[upkeep]\n|upkeep\n|turn|4\n|\n|t:|1727680246\n|switch|p2a: Amoonguss|Amoonguss, L50, M, tera:Water|44\/100\n|move|p2b: Kingambit|Iron Head|p1b: Clefable\n|-supereffective|p1b: Clefable\n|-crit|p1b: Clefable\n|-damage|p1b: Clefable|0 fnt\n|faint|p1b: Clefable\n|move|p1a: Ursaluna|Earth Power|p2a: Amoonguss\n|-damage|p2a: Amoonguss|11\/100\n|\n|-weather|RainDance|[upkeep]\n|upkeep\n|\n|t:|1727680251\n|switch|p1b: Archaludon|Archaludon, L50, M|100\/100\n|turn|5\n|j| Satansinlaw\n|\n|t:|1727680269\n|switch|p2b: Primarina|Primarina, L50, F|100\/100\n|move|p1a: Ursaluna|Vacuum Wave|p2a: Amoonguss\n|-damage|p2a: Amoonguss|0 fnt\n|faint|p2a: Amoonguss\n|move|p1b: Archaludon|Electro Shot||[still]\n|-prepare|p1b: Archaludon|Electro Shot\n|-boost|p1b: Archaludon|spa|1\n|-anim|p1b: Archaludon|Electro Shot|p2b: Primarina\n|-supereffective|p2b: Primarina\n|-damage|p2b: Primarina|0 fnt\n|faint|p2b: Primarina\n|\n|-weather|none\n|-fieldend|move: Trick Room\n|upkeep\n|\n|t:|1727680275\n|switch|p2b: Kingambit|Kingambit, L50, F, shiny|100\/100\n|switch|p2a: Chandelure|Chandelure, L50, M, shiny|40\/100\n|turn|6\n|-message|DRIPcaster forfeited.\n|\n|win|badayagetchi\n|raw|badayagetchi's rating: 1692 &rarr; <strong>1713<\/strong><br \/>(+21 for winning)\n|raw|DRIPcaster's rating: 1711 &rarr; <strong>1690<\/strong><br \/>(-21 for losing)\n|l|\u2606DRIPcaster\n|player|p2|\n|l|\u2606badayagetchi\n|player|p1|\n|l| Satansinlaw\n","uploadtime":1727680441,"views":44,"formatid":"gen9vgc2024regh","rating":1690,"private":0,"password":null}