{"id":"gen9vgc2024regh-2212879920","format":"[Gen 9] VGC 2024 Reg H","players":["Lovac","Paradox Mourinho"],"log":"|j|\u2606Lovac\n|j|\u2606Paradox Mourinho\n|t:|1727710325\n|gametype|doubles\n|player|p1|Lovac|169|1673\n|player|p2|Paradox Mourinho|lance|1732\n|teamsize|p1|6\n|teamsize|p2|6\n|gen|9\n|tier|[Gen 9] VGC 2024 Reg H\n|rated|\n|rule|Species Clause: Limit one of each Pok\u00e9mon\n|rule|Item Clause: Limit 1 of each item\n|clearpoke\n|poke|p1|Serperior, L50, M|\n|poke|p1|Ceruledge, L50, F|\n|poke|p1|Sneasler, L50, M|\n|poke|p1|Indeedee-F, L50, F|\n|poke|p1|Ursaluna-Bloodmoon, L50, M|\n|poke|p1|Hydreigon, L50, M|\n|poke|p2|Kingambit, L50, M|\n|poke|p2|Gothitelle, L50, F|\n|poke|p2|Sneasler, L50, F|\n|poke|p2|Dragonite, L50, M|\n|poke|p2|Ninetales-Alola, L50, F|\n|poke|p2|Tauros-Paldea-Blaze, L50, M|\n|teampreview|4\n|inactive|Battle timer is ON: inactive players will automatically lose when time's up. (requested by Lovac)\n|\n|t:|1727710360\n|start\n|switch|p1a: Serperior|Serperior, L50, M, shiny|100\/100\n|switch|p1b: Ceruledge|Ceruledge, L50, F|100\/100\n|switch|p2a: Dragonite|Dragonite, L50, M|100\/100\n|switch|p2b: Sneasler|Sneasler, L50, F|100\/100\n|turn|1\n|\n|t:|1727710380\n|move|p2b: Sneasler|Dire Claw|p1a: Serperior\n|-supereffective|p1a: Serperior\n|-damage|p1a: Serperior|17\/100\n|-status|p1a: Serperior|psn|[from] ability: Poison Touch|[of] p2b: Sneasler\n|move|p1a: Serperior|Reflect|p1a: Serperior\n|-sidestart|p1: Lovac|Reflect\n|move|p2a: Dragonite|Tailwind|p2a: Dragonite\n|-sidestart|p2: Paradox Mourinho|move: Tailwind\n|move|p1b: Ceruledge|Bulk Up|p1b: Ceruledge\n|-boost|p1b: Ceruledge|atk|1\n|-boost|p1b: Ceruledge|def|1\n|\n|-damage|p1a: Serperior|4\/100 psn|[from] psn\n|upkeep\n|turn|2\n|\n|t:|1727710394\n|move|p1b: Ceruledge|Protect|p1b: Ceruledge\n|-singleturn|p1b: Ceruledge|Protect\n|move|p2b: Sneasler|Dire Claw|p1b: Ceruledge\n|-activate|p1b: Ceruledge|move: Protect\n|move|p2a: Dragonite|Tera Blast|p1a: Serperior\n|-damage|p1a: Serperior|0 fnt\n|faint|p1a: Serperior\n|\n|upkeep\n|\n|t:|1727710405\n|switch|p1a: Indeedee|Indeedee-F, L50, F|100\/100\n|-fieldstart|move: Psychic Terrain|[from] ability: Psychic Surge|[of] p1a: Indeedee\n|turn|3\n|inactive|Lovac has 30 seconds left.\n|\n|t:|1727710433\n|switch|p2a: Tauros|Tauros-Paldea-Blaze, L50, M|100\/100\n|-ability|p2a: Tauros|Intimidate|boost\n|-unboost|p1a: Indeedee|atk|1\n|-fail|p1b: Ceruledge|unboost|[from] item: Clear Amulet|[of] p1b: Ceruledge\n|move|p1a: Indeedee|Follow Me|p1a: Indeedee\n|-singleturn|p1a: Indeedee|move: Follow Me\n|move|p2b: Sneasler|Dire Claw|p1a: Indeedee\n|-damage|p1a: Indeedee|74\/100\n|move|p1b: Ceruledge|Bitter Blade|p2b: Sneasler\n|-enditem|p2b: Sneasler|Focus Sash\n|-damage|p2b: Sneasler|1\/100\n|\n|upkeep\n|turn|4\n|\n|t:|1727710456\n|move|p1a: Indeedee|Follow Me|p1a: Indeedee\n|-singleturn|p1a: Indeedee|move: Follow Me\n|move|p2b: Sneasler|Close Combat|p1a: Indeedee\n|-damage|p1a: Indeedee|29\/100\n|-unboost|p2b: Sneasler|def|1\n|-unboost|p2b: Sneasler|spd|1\n|-enditem|p1a: Indeedee|Sitrus Berry|[eat]\n|-heal|p1a: Indeedee|54\/100|[from] item: Sitrus Berry\n|move|p2a: Tauros|Flare Blitz|p1a: Indeedee\n|-damage|p1a: Indeedee|17\/100\n|-damage|p2a: Tauros|86\/100|[from] Recoil\n|move|p1b: Ceruledge|Bitter Blade|p2b: Sneasler\n|-damage|p2b: Sneasler|0 fnt\n|faint|p2b: Sneasler\n|\n|-sideend|p2: Paradox Mourinho|move: Tailwind\n|upkeep\n|\n|t:|1727710466\n|switch|p2b: Dragonite|Dragonite, L50, M|100\/100\n|turn|5\n|\n|t:|1727710480\n|move|p2a: Tauros|Protect|p2a: Tauros\n|-singleturn|p2a: Tauros|Protect\n|move|p2b: Dragonite|Tailwind|p2b: Dragonite\n|-sidestart|p2: Paradox Mourinho|move: Tailwind\n|move|p1a: Indeedee|Psychic|p2b: Dragonite\n|-damage|p2b: Dragonite|61\/100\n|move|p1b: Ceruledge|Poltergeist|p2b: Dragonite\n|-activate|p2b: Dragonite|move: Poltergeist|Lum Berry\n|-damage|p2b: Dragonite|0 fnt\n|faint|p2b: Dragonite\n|\n|upkeep\n|j| Flame180\n|\n|t:|1727710487\n|switch|p2b: Ninetales|Ninetales-Alola, L50, F|100\/100\n|-weather|Snow|[from] ability: Snow Warning|[of] p2b: Ninetales\n|turn|6\n|\n|t:|1727710508\n|-terastallize|p2b: Ninetales|Ice\n|move|p1a: Indeedee|Follow Me|p1a: Indeedee\n|-singleturn|p1a: Indeedee|move: Follow Me\n|move|p2b: Ninetales|Blizzard|p1b: Ceruledge|[spread] p1a,p1b\n|-resisted|p1b: Ceruledge\n|-damage|p1a: Indeedee|0 fnt\n|-damage|p1b: Ceruledge|73\/100\n|faint|p1a: Indeedee\n|move|p2a: Tauros|Close Combat|p1b: Ceruledge\n|-immune|p1b: Ceruledge\n|move|p1b: Ceruledge|Poltergeist|p2a: Tauros\n|-activate|p2a: Tauros|move: Poltergeist|Mirror Herb\n|-damage|p2a: Tauros|0 fnt\n|faint|p2a: Tauros\n|\n|-weather|Snow|[upkeep]\n|upkeep\n|\n|t:|1727710515\n|switch|p1a: Sneasler|Sneasler, L50, M|100\/100\n|-enditem|p1a: Sneasler|Psychic Seed\n|-boost|p1a: Sneasler|spd|1|[from] item: Psychic Seed\n|turn|7\n|\n|t:|1727710529\n|move|p2b: Ninetales|Blizzard|p1a: Sneasler|[spread] p1a,p1b\n|-resisted|p1b: Ceruledge\n|-damage|p1a: Sneasler|45\/100\n|-damage|p1b: Ceruledge|42\/100\n|move|p1a: Sneasler|Close Combat|p2b: Ninetales\n|-supereffective|p2b: Ninetales\n|-damage|p2b: Ninetales|0 fnt\n|-unboost|p1a: Sneasler|def|1\n|-unboost|p1a: Sneasler|spd|1\n|faint|p2b: Ninetales\n|\n|win|Lovac\n|raw|Lovac's rating: 1673 &rarr; <strong>1696<\/strong><br \/>(+23 for winning)\n|raw|Paradox Mourinho's rating: 1732 &rarr; <strong>1709<\/strong><br \/>(-23 for losing)\n|l|\u2606Paradox Mourinho\n|player|p2|\n|l|\u2606Lovac\n|player|p1|\n|l| Flame180\n","uploadtime":1727710751,"views":21,"formatid":"gen9vgc2024regh","rating":1696,"private":0,"password":null}