{"id":"gen9vgc2024regh-2212762913","format":"[Gen 9] VGC 2024 Reg H","players":["badayagetchi","chin8"],"log":"|j|\u2606badayagetchi\n|j|\u2606chin8\n|t:|1727698979\n|gametype|doubles\n|player|p1|badayagetchi|skyla|1760\n|player|p2|chin8|gentleman-gen4dp|1816\n|teamsize|p1|6\n|teamsize|p2|6\n|gen|9\n|tier|[Gen 9] VGC 2024 Reg H\n|rated|\n|rule|Species Clause: Limit one of each Pok\u00e9mon\n|rule|Item Clause: Limit 1 of each item\n|clearpoke\n|poke|p1|Arcanine-Hisui, L50, M|\n|poke|p1|Pelipper, L50, F|\n|poke|p1|Umbreon, L50, M|\n|poke|p1|Ursaluna-Bloodmoon, L50, M|\n|poke|p1|Clefable, L50, F|\n|poke|p1|Archaludon, L50, M|\n|poke|p2|Baxcalibur, L50, M|\n|poke|p2|Kilowattrel, L50, M|\n|poke|p2|Haxorus, L50, F|\n|poke|p2|Gardevoir, L50, M|\n|poke|p2|Magmortar, L50, F|\n|poke|p2|Gholdengo, L50|\n|teampreview|4\n|inactive|Battle timer is ON: inactive players will automatically lose when time's up. (requested by badayagetchi)\n|j| TrubbishTyler\n|\n|t:|1727699000\n|start\n|switch|p1a: Umbreon|Umbreon, L50, M, shiny|100\/100\n|switch|p1b: Arcanine|Arcanine-Hisui, L50, M, shiny|100\/100\n|switch|p2a: Kilowattrel|Kilowattrel, L50, M|100\/100\n|switch|p2b: Baxcalibur|Baxcalibur, L50, M|100\/100\n|turn|1\n|\n|t:|1727699013\n|move|p2a: Kilowattrel|Tailwind|p2a: Kilowattrel\n|-sidestart|p2: chin8|move: Tailwind\n|move|p2b: Baxcalibur|Earthquake|p1b: Arcanine|[spread] p1a,p1b\n|-immune|p2a: Kilowattrel\n|-supereffective|p1b: Arcanine\n|-damage|p1a: Umbreon|79\/100\n|-enditem|p1b: Arcanine|Focus Sash\n|-damage|p1b: Arcanine|1\/100\n|move|p1b: Arcanine|Head Smash|p2a: Kilowattrel\n|-supereffective|p2a: Kilowattrel\n|-enditem|p2a: Kilowattrel|Focus Sash\n|-damage|p2a: Kilowattrel|1\/100\n|move|p1a: Umbreon|Yawn|p2b: Baxcalibur\n|-start|p2b: Baxcalibur|move: Yawn|[of] p1a: Umbreon\n|\n|upkeep\n|turn|2\n|\n|t:|1727699023\n|switch|p2b: Gholdengo|Gholdengo, L50|100\/100\n|move|p2a: Kilowattrel|Protect|p2a: Kilowattrel\n|-singleturn|p2a: Kilowattrel|Protect\n|move|p1b: Arcanine|Protect|p1b: Arcanine\n|-singleturn|p1b: Arcanine|Protect\n|move|p1a: Umbreon|Snarl|p2b: Gholdengo|[spread] p2b\n|-activate|p2a: Kilowattrel|move: Protect\n|-supereffective|p2b: Gholdengo\n|-damage|p2b: Gholdengo|82\/100\n|-unboost|p2b: Gholdengo|spa|1\n|\n|-heal|p2b: Gholdengo|88\/100|[from] item: Leftovers\n|upkeep\n|turn|3\n|j| igsCheapLabor\n|\n|t:|1727699032\n|switch|p2a: Baxcalibur|Baxcalibur, L50, M|100\/100\n|move|p1b: Arcanine|Extreme Speed|p2a: Baxcalibur\n|-damage|p2a: Baxcalibur|78\/100\n|move|p2b: Gholdengo|Make It Rain|p1a: Umbreon|[spread] p1a,p1b\n|-damage|p1a: Umbreon|60\/100\n|-damage|p1b: Arcanine|0 fnt\n|-unboost|p2b: Gholdengo|spa|1\n|faint|p1b: Arcanine\n|move|p1a: Umbreon|Snarl|p2b: Gholdengo|[spread] p2a,p2b\n|-supereffective|p2b: Gholdengo\n|-damage|p2a: Baxcalibur|72\/100\n|-damage|p2b: Gholdengo|72\/100\n|-unboost|p2a: Baxcalibur|spa|1\n|-unboost|p2b: Gholdengo|spa|1\n|\n|-heal|p2b: Gholdengo|78\/100|[from] item: Leftovers\n|upkeep\n|\n|t:|1727699037\n|switch|p1b: Pelipper|Pelipper, L50, F|100\/100\n|-weather|RainDance|[from] ability: Drizzle|[of] p1b: Pelipper\n|turn|4\n|\n|t:|1727699046\n|move|p2b: Gholdengo|Shadow Ball|p1b: Pelipper\n|-damage|p1b: Pelipper|69\/100\n|move|p2a: Baxcalibur|Icicle Crash|p1b: Pelipper\n|-damage|p1b: Pelipper|4\/100\n|move|p1b: Pelipper|Weather Ball|p2b: Gholdengo\n|-crit|p2b: Gholdengo\n|-damage|p2b: Gholdengo|0 fnt\n|faint|p2b: Gholdengo\n|move|p1a: Umbreon|Foul Play|p2a: Baxcalibur\n|-damage|p2a: Baxcalibur|19\/100\n|\n|-weather|RainDance|[upkeep]\n|-sideend|p2: chin8|move: Tailwind\n|upkeep\n|\n|t:|1727699051\n|switch|p2b: Kilowattrel|Kilowattrel, L50, M|1\/100\n|turn|5\n|\n|t:|1727699060\n|move|p2b: Kilowattrel|Thunderbolt|p1b: Pelipper\n|-supereffective|p1b: Pelipper\n|-damage|p1b: Pelipper|0 fnt\n|faint|p1b: Pelipper\n|move|p2a: Baxcalibur|Glaive Rush|p1a: Umbreon\n|-damage|p1a: Umbreon|7\/100\n|-singlemove|p2a: Baxcalibur|Glaive Rush|[silent]\n|move|p1a: Umbreon|Foul Play|p2a: Baxcalibur\n|-damage|p2a: Baxcalibur|0 fnt\n|faint|p2a: Baxcalibur\n|\n|-weather|RainDance|[upkeep]\n|upkeep\n|\n|t:|1727699062\n|switch|p1b: Archaludon|Archaludon, L50, M|100\/100\n|switch|p2a: Haxorus|Haxorus, L50, F, shiny|100\/100\n|-ability|p2a: Haxorus|Mold Breaker\n|turn|6\n|\n|t:|1727699070\n|-terastallize|p1b: Archaludon|Flying\n|move|p2b: Kilowattrel|Protect|p2b: Kilowattrel\n|-singleturn|p2b: Kilowattrel|Protect\n|move|p2a: Haxorus|Protect|p2a: Haxorus\n|-singleturn|p2a: Haxorus|Protect\n|move|p1b: Archaludon|Draco Meteor|p2a: Haxorus\n|-activate|p2a: Haxorus|move: Protect\n|move|p1a: Umbreon|Foul Play|p2b: Kilowattrel\n|-activate|p2b: Kilowattrel|move: Protect\n|\n|-weather|RainDance|[upkeep]\n|upkeep\n|turn|7\n|\n|t:|1727699080\n|-terastallize|p2b: Kilowattrel|Electric\n|move|p2b: Kilowattrel|Thunderbolt|p1b: Archaludon\n|-supereffective|p1b: Archaludon\n|-ability|p1b: Archaludon|Sturdy\n|-damage|p1b: Archaludon|1\/100\n|move|p1b: Archaludon|Draco Meteor|p2a: Haxorus\n|-supereffective|p2a: Haxorus\n|-damage|p2a: Haxorus|0 fnt\n|-unboost|p1b: Archaludon|spa|2\n|faint|p2a: Haxorus\n|move|p1a: Umbreon|Snarl|p2b: Kilowattrel\n|-damage|p2b: Kilowattrel|0 fnt\n|faint|p2b: Kilowattrel\n|\n|win|badayagetchi\n|raw|badayagetchi's rating: 1760 &rarr; <strong>1783<\/strong><br \/>(+23 for winning)\n|raw|chin8's rating: 1816 &rarr; <strong>1793<\/strong><br \/>(-23 for losing)\n|l|\u2606badayagetchi\n|player|p1|\n|l|\u2606chin8\n|player|p2|\n|l| igsCheapLabor\n","uploadtime":1727699341,"views":149,"formatid":"gen9vgc2024regh","rating":1783,"private":0,"password":null}