{"id":"gen9vgc2024regh-2212604730","format":"[Gen 9] VGC 2024 Reg H","players":["elvegis1","anton19"],"log":"|j|\u2606elvegis1\n|j|\u2606anton19\n|t:|1727673756\n|gametype|doubles\n|player|p1|elvegis1|lucas|1639\n|player|p2|anton19|1|1769\n|teamsize|p1|6\n|teamsize|p2|6\n|gen|9\n|tier|[Gen 9] VGC 2024 Reg H\n|rated|\n|rule|Species Clause: Limit one of each Pok\u00e9mon\n|rule|Item Clause: Limit 1 of each item\n|clearpoke\n|poke|p1|Porygon2, L50|\n|poke|p1|Kingambit, L50, M|\n|poke|p1|Sinistcha, L50|\n|poke|p1|Sneasler, L50, M|\n|poke|p1|Dragonite, L50, M|\n|poke|p1|Primarina, L50, F|\n|poke|p2|Gholdengo, L50|\n|poke|p2|Rillaboom, L50, M|\n|poke|p2|Sneasler, L50, M|\n|poke|p2|Dragapult, L50, F|\n|poke|p2|Primarina, L50, M|\n|poke|p2|Electabuzz, L50, M|\n|teampreview|4\n|inactive|Battle timer is ON: inactive players will automatically lose when time's up. (requested by anton19)\n|j| ademerald\n|\n|t:|1727673777\n|start\n|switch|p1a: Sneasler|Sneasler, L50, M|100\/100\n|switch|p1b: Kingambit|Kingambit, L50, M|100\/100\n|switch|p2a: Electabuzz|Electabuzz, L50, M|100\/100\n|switch|p2b: Primarina|Primarina, L50, M|100\/100\n|turn|1\n|\n|t:|1727673798\n|move|p2b: Primarina|Protect|p2b: Primarina\n|-singleturn|p2b: Primarina|Protect\n|move|p1a: Sneasler|Coaching|p1b: Kingambit\n|-boost|p1b: Kingambit|atk|1\n|-boost|p1b: Kingambit|def|1\n|move|p2a: Electabuzz|Taunt|p1b: Kingambit\n|-start|p1b: Kingambit|move: Taunt\n|move|p1b: Kingambit|Kowtow Cleave|p2a: Electabuzz\n|-damage|p2a: Electabuzz|42\/100\n|\n|upkeep\n|turn|2\n|\n|t:|1727673816\n|move|p1a: Sneasler|Protect|p1a: Sneasler\n|-singleturn|p1a: Sneasler|Protect\n|move|p2a: Electabuzz|Follow Me|p2a: Electabuzz\n|-singleturn|p2a: Electabuzz|move: Follow Me\n|move|p2b: Primarina|Haze|p2b: Primarina\n|-clearallboost\n|move|p1b: Kingambit|Kowtow Cleave|p2a: Electabuzz\n|-damage|p2a: Electabuzz|4\/100\n|\n|upkeep\n|turn|3\n|inactive|elvegis1 has 30 seconds left.\n|\n|t:|1727673847\n|move|p1a: Sneasler|Dire Claw|p2b: Primarina\n|-supereffective|p2b: Primarina\n|-damage|p2b: Primarina|5\/100\n|-status|p2b: Primarina|par\n|move|p2a: Electabuzz|Taunt|p1a: Sneasler\n|-start|p1a: Sneasler|move: Taunt\n|move|p1b: Kingambit|Iron Head|p2a: Electabuzz\n|-resisted|p2a: Electabuzz\n|-damage|p2a: Electabuzz|0 fnt\n|faint|p2a: Electabuzz\n|move|p2b: Primarina|Hyper Voice|p1b: Kingambit|[spread] p1a,p1b\n|-damage|p1a: Sneasler|52\/100\n|-damage|p1b: Kingambit|78\/100\n|-enditem|p2b: Primarina|Throat Spray\n|-boost|p2b: Primarina|spa|1|[from] item: Throat Spray\n|\n|-end|p1b: Kingambit|move: Taunt\n|upkeep\n|\n|t:|1727673872\n|switch|p2a: Sneasler|Sneasler, L50, M|100\/100\n|turn|4\n|\n|t:|1727673892\n|switch|p1a: Sinistcha|Sinistcha, L50|100\/100\n|-heal|p1b: Kingambit|100\/100|[from] ability: Hospitality|[of] p1a: Sinistcha\n|switch|p2b: Rillaboom|Rillaboom, L50, M|100\/100\n|-fieldstart|move: Grassy Terrain|[from] ability: Grassy Surge|[of] p2b: Rillaboom\n|-enditem|p2a: Sneasler|Grassy Seed\n|-boost|p2a: Sneasler|def|1|[from] item: Grassy Seed\n|-terastallize|p1b: Kingambit|Fire\n|move|p2a: Sneasler|Close Combat|p1a: Sinistcha\n|-immune|p1a: Sinistcha\n|move|p1b: Kingambit|Iron Head|p2a: Sneasler\n|-damage|p2a: Sneasler|48\/100\n|\n|-heal|p2a: Sneasler|54\/100|[from] Grassy Terrain\n|upkeep\n|turn|5\n|inactive|elvegis1 has 30 seconds left.\n|\n|t:|1727673925\n|switch|p1b: Porygon2|Porygon2, L50|100\/100\n|-ability|p1b: Porygon2|Download|boost\n|-boost|p1b: Porygon2|spa|1\n|-terastallize|p2a: Sneasler|Dark\n|move|p2b: Rillaboom|Fake Out|p1b: Porygon2\n|-damage|p1b: Porygon2|91\/100\n|move|p2a: Sneasler|Throat Chop|p1a: Sinistcha\n|-supereffective|p1a: Sinistcha\n|-damage|p1a: Sinistcha|23\/100\n|-start|p1a: Sinistcha|Throat Chop|[silent]\n|-enditem|p1a: Sinistcha|Sitrus Berry|[eat]\n|-heal|p1a: Sinistcha|48\/100|[from] item: Sitrus Berry\n|move|p1a: Sinistcha|Matcha Gotcha|p2b: Rillaboom|[spread] p2a\n|-miss|p1a: Sinistcha|p2b: Rillaboom\n|-damage|p2a: Sneasler|9\/100\n|-heal|p1a: Sinistcha|67\/100|[from] drain|[of] p2a: Sneasler\n|\n|-heal|p2a: Sneasler|15\/100|[from] Grassy Terrain\n|-heal|p1a: Sinistcha|74\/100|[from] Grassy Terrain\n|-heal|p1b: Porygon2|97\/100|[from] Grassy Terrain\n|upkeep\n|turn|6\n|inactive|elvegis1 has 30 seconds left.\n|inactive|anton19 has 30 seconds left.\n|inactive|elvegis1 has 20 seconds left.\n|\n|t:|1727673963\n|move|p2a: Sneasler|Dire Claw|p1a: Sinistcha\n|-damage|p1a: Sinistcha|38\/100\n|-status|p1a: Sinistcha|psn\n|move|p2b: Rillaboom|Wood Hammer|p1b: Porygon2\n|-damage|p1b: Porygon2|40\/100\n|-damage|p2b: Rillaboom|83\/100|[from] Recoil\n|move|p1a: Sinistcha|Matcha Gotcha|p2b: Rillaboom|[spread] p2a,p2b\n|-resisted|p2b: Rillaboom\n|-damage|p2a: Sneasler|0 fnt\n|-heal|p1a: Sinistcha|44\/100 psn|[from] drain|[of] p2a: Sneasler\n|-damage|p2b: Rillaboom|64\/100\n|-heal|p1a: Sinistcha|56\/100 psn|[from] drain|[of] p2b: Rillaboom\n|faint|p2a: Sneasler\n|move|p1b: Porygon2|Tera Blast|p2b: Rillaboom\n|-damage|p2b: Rillaboom|10\/100\n|\n|-heal|p2b: Rillaboom|16\/100|[from] Grassy Terrain\n|-heal|p1a: Sinistcha|62\/100 psn|[from] Grassy Terrain\n|-heal|p1b: Porygon2|46\/100|[from] Grassy Terrain\n|-damage|p1a: Sinistcha|49\/100 psn|[from] psn\n|-end|p1a: Sinistcha|Throat Chop|[silent]\n|upkeep\n|-message|anton19 forfeited.\n|\n|win|elvegis1\n|raw|elvegis1's rating: 1639 &rarr; <strong>1666<\/strong><br \/>(+27 for winning)\n|raw|anton19's rating: 1769 &rarr; <strong>1742<\/strong><br \/>(-27 for losing)\n|l|\u2606anton19\n|player|p2|\n|l|\u2606elvegis1\n|player|p1|\n","uploadtime":1727674214,"views":17,"formatid":"gen9vgc2024regh","rating":1666,"private":0,"password":null}