{"id":"gen9vgc2024regh-2212648708","format":"[Gen 9] VGC 2024 Reg H","players":["fangame10","Xeoffee"],"log":"|j|\u2606fangame10\n|j|\u2606Xeoffee\n|t:|1727681702\n|gametype|doubles\n|player|p1|fangame10|red|1950\n|player|p2|Xeoffee|n|1826\n|teamsize|p1|6\n|teamsize|p2|6\n|gen|9\n|tier|[Gen 9] VGC 2024 Reg H\n|rated|\n|rule|Species Clause: Limit one of each Pok\u00e9mon\n|rule|Item Clause: Limit 1 of each item\n|clearpoke\n|poke|p1|Baxcalibur, L50, F|\n|poke|p1|Ninetales-Alola, L50, F|\n|poke|p1|Milotic, L50, M|\n|poke|p1|Skeledirge, L50, M|\n|poke|p1|Rillaboom, L50, M|\n|poke|p1|Sneasler, L50, M|\n|poke|p2|Volcarona, L50, F|\n|poke|p2|Primarina, L50, M|\n|poke|p2|Rillaboom, L50, F|\n|poke|p2|Ursaluna-Bloodmoon, L50, M|\n|poke|p2|Electabuzz, L50, F|\n|poke|p2|Farigiraf, L50, F|\n|teampreview|4\n|inactive|Battle timer is ON: inactive players will automatically lose when time's up. (requested by fangame10)\n|inactive|Xeoffee has 60 seconds left.\n|inactive|fangame10 has 60 seconds left.\n|\n|t:|1727681740\n|start\n|switch|p1a: Ninetales|Ninetales-Alola, L50, F, shiny|100\/100\n|switch|p1b: Milotic|Milotic, L50, M, shiny|100\/100\n|switch|p2a: Farigiraf|Farigiraf, L50, F|100\/100\n|switch|p2b: Rillaboom|Rillaboom, L50, F|100\/100\n|-weather|Snow|[from] ability: Snow Warning|[of] p1a: Ninetales\n|-fieldstart|move: Grassy Terrain|[from] ability: Grassy Surge|[of] p2b: Rillaboom\n|-enditem|p2a: Farigiraf|Grassy Seed\n|-boost|p2a: Farigiraf|def|1|[from] item: Grassy Seed\n|turn|1\n|\n|t:|1727681753\n|switch|p1b: Skeledirge|Skeledirge, L50, M, shiny|100\/100\n|-terastallize|p1a: Ninetales|Ghost\n|move|p2b: Rillaboom|Fake Out|p1b: Skeledirge\n|-immune|p1b: Skeledirge\n|move|p1a: Ninetales|Aurora Veil|p1a: Ninetales\n|-sidestart|p1: fangame10|move: Aurora Veil\n|move|p2a: Farigiraf|Trick Room|p2a: Farigiraf\n|-fieldstart|move: Trick Room|[of] p2a: Farigiraf\n|\n|-weather|Snow|[upkeep]\n|upkeep\n|turn|2\n|\n|t:|1727681767\n|move|p2a: Farigiraf|Psychic|p1b: Skeledirge\n|-damage|p1b: Skeledirge|76\/100\n|move|p2b: Rillaboom|Stomping Tantrum|p1b: Skeledirge\n|-supereffective|p1b: Skeledirge\n|-damage|p1b: Skeledirge|18\/100\n|move|p1b: Skeledirge|Torch Song|p2a: Farigiraf\n|-damage|p2a: Farigiraf|67\/100\n|-boost|p1b: Skeledirge|spa|1\n|move|p1a: Ninetales|Blizzard|p2b: Rillaboom|[spread] p2a,p2b\n|-supereffective|p2b: Rillaboom\n|-damage|p2a: Farigiraf|41\/100\n|-damage|p2b: Rillaboom|51\/100\n|-status|p2b: Rillaboom|frz\n|\n|-weather|Snow|[upkeep]\n|-heal|p2a: Farigiraf|46\/100|[from] Grassy Terrain\n|-heal|p2b: Rillaboom|57\/100 frz|[from] Grassy Terrain\n|-heal|p1b: Skeledirge|24\/100|[from] Grassy Terrain\n|-heal|p1b: Skeledirge|30\/100|[from] item: Leftovers\n|upkeep\n|turn|3\n|j| mine_hang\n|inactive|Xeoffee has 30 seconds left.\n|inactive|fangame10 has 30 seconds left.\n|inactive|Xeoffee has 20 seconds left.\n|\n|t:|1727681803\n|switch|p2b: Volcarona|Volcarona, L50, F|100\/100\n|switch|p1a: Milotic|Milotic, L50, M, shiny|100\/100\n|move|p1b: Skeledirge|Protect|p1b: Skeledirge\n|-singleturn|p1b: Skeledirge|Protect\n|move|p2a: Farigiraf|Psychic|p1b: Skeledirge\n|-activate|p1b: Skeledirge|move: Protect\n|\n|-weather|Snow|[upkeep]\n|-heal|p2a: Farigiraf|52\/100|[from] Grassy Terrain\n|-heal|p1b: Skeledirge|35\/100|[from] Grassy Terrain\n|-heal|p1b: Skeledirge|41\/100|[from] item: Leftovers\n|upkeep\n|turn|4\n|inactive|Xeoffee has 30 seconds left.\n|\n|t:|1727681832\n|-terastallize|p2b: Volcarona|Water\n|move|p2a: Farigiraf|Psychic|p1b: Skeledirge\n|-damage|p1b: Skeledirge|15\/100\n|move|p1b: Skeledirge|Torch Song|p2b: Volcarona\n|-resisted|p2b: Volcarona\n|-damage|p2b: Volcarona|72\/100\n|-boost|p1b: Skeledirge|spa|1\n|move|p1a: Milotic|Life Dew||[still]|[spread] p1a,p1b\n|-fail|p1a: Milotic|heal\n|-heal|p1b: Skeledirge|40\/100\n|move|p2b: Volcarona|Bug Buzz|p1b: Skeledirge\n|-resisted|p1b: Skeledirge\n|-damage|p1b: Skeledirge|33\/100\n|\n|-weather|Snow|[upkeep]\n|-heal|p2a: Farigiraf|58\/100|[from] Grassy Terrain\n|-heal|p1b: Skeledirge|38\/100|[from] Grassy Terrain\n|-heal|p1b: Skeledirge|44\/100|[from] item: Leftovers\n|-heal|p2b: Volcarona|79\/100|[from] Grassy Terrain\n|-heal|p2b: Volcarona|85\/100|[from] item: Leftovers\n|upkeep\n|turn|5\n|\n|t:|1727681852\n|switch|p2b: Rillaboom|Rillaboom, L50, F|57\/100 frz\n|move|p2a: Farigiraf|Psychic|p1b: Skeledirge\n|-crit|p1b: Skeledirge\n|-damage|p1b: Skeledirge|0 fnt\n|faint|p1b: Skeledirge\n|move|p1a: Milotic|Life Dew||[still]\n|-fail|p1a: Milotic|heal\n|\n|-weather|none\n|-heal|p2a: Farigiraf|64\/100|[from] Grassy Terrain\n|-heal|p2b: Rillaboom|63\/100 frz|[from] Grassy Terrain\n|-fieldend|move: Trick Room\n|-fieldend|move: Grassy Terrain\n|upkeep\n|\n|t:|1727681859\n|switch|p1b: Baxcalibur|Baxcalibur, L50, F, shiny|100\/100\n|turn|6\n|j| kyotgst\n|\n|t:|1727681868\n|move|p2a: Farigiraf|Protect|p2a: Farigiraf\n|-singleturn|p2a: Farigiraf|Protect\n|move|p1b: Baxcalibur|Glaive Rush|p2a: Farigiraf\n|-activate|p2a: Farigiraf|move: Protect\n|move|p1a: Milotic|Hypnosis|p2a: Farigiraf\n|-activate|p2a: Farigiraf|move: Protect\n|cant|p2b: Rillaboom|frz\n|\n|upkeep\n|turn|7\n|\n|t:|1727681883\n|move|p1b: Baxcalibur|Dragon Dance|p1b: Baxcalibur\n|-boost|p1b: Baxcalibur|atk|1\n|-boost|p1b: Baxcalibur|spe|1\n|move|p1a: Milotic|Hypnosis|p2a: Farigiraf\n|-status|p2a: Farigiraf|slp|[from] move: Hypnosis\n|cant|p2b: Rillaboom|frz\n|cant|p2a: Farigiraf|slp\n|\n|upkeep\n|turn|8\n|-message|Xeoffee forfeited.\n|\n|win|fangame10\n|raw|fangame10's rating: 1950 &rarr; <strong>1963<\/strong><br \/>(+13 for winning)\n|raw|Xeoffee's rating: 1826 &rarr; <strong>1813<\/strong><br \/>(-13 for losing)\n|l|\u2606Xeoffee\n|player|p2|\n|l|\u2606fangame10\n|player|p1|\n|l| kyotgst\n","uploadtime":1727682100,"views":261,"formatid":"gen9vgc2024regh","rating":1813,"private":0,"password":null}