{"id":"gen9vgc2024regh-2212308982","format":"[Gen 9] VGC 2024 Reg H","players":["UltraPaolo1","moon7777"],"log":"|j|\u2606UltraPaolo1\n|j|\u2606moon7777\n|t:|1727636078\n|gametype|doubles\n|player|p1|UltraPaolo1|2|1660\n|player|p2|moon7777|170|1737\n|teamsize|p1|6\n|teamsize|p2|6\n|gen|9\n|tier|[Gen 9] VGC 2024 Reg H\n|rated|\n|rule|Species Clause: Limit one of each Pok\u00e9mon\n|rule|Item Clause: Limit 1 of each item\n|clearpoke\n|poke|p1|Garchomp, L50, M|\n|poke|p1|Gholdengo, L50|\n|poke|p1|Indeedee-F, L50, F|\n|poke|p1|Lycanroc, L50, M|\n|poke|p1|Murkrow, L50, M|\n|poke|p1|Tyranitar, L50, M|\n|poke|p2|Ursaluna-Bloodmoon, L50, M|\n|poke|p2|Krookodile, L50, M|\n|poke|p2|Basculegion, L50, M|\n|poke|p2|Rillaboom, L50, M|\n|poke|p2|Sneasler, L50, M|\n|poke|p2|Comfey, L50, M|\n|teampreview|4\n|inactive|Battle timer is ON: inactive players will automatically lose when time's up. (requested by UltraPaolo1)\nmoon7777 has agreed to open team sheets.\n|inactive|UltraPaolo1 has 60 seconds left.\n|inactive|moon7777 has 60 seconds left.\n|\n|t:|1727636129\n|start\n|switch|p1a: Garchomp|Garchomp, L50, M|100\/100\n|switch|p1b: Indeedee|Indeedee-F, L50, F|100\/100\n|switch|p2a: Krookodile|Krookodile, L50, M|100\/100\n|switch|p2b: Sneasler|Sneasler, L50, M|100\/100\n|-ability|p2a: Krookodile|Intimidate|boost\n|-fail|p1a: Garchomp|unboost|[from] item: Clear Amulet|[of] p1a: Garchomp\n|-unboost|p1b: Indeedee|atk|1\n|-fieldstart|move: Psychic Terrain|[from] ability: Psychic Surge|[of] p1b: Indeedee\n|turn|1\n|j| agnalam\n|j| Nido_kingj\n|inactive|UltraPaolo1 has 30 seconds left.\n|inactive|UltraPaolo1 has 20 seconds left.\n|inactive|UltraPaolo1 has 15 seconds left.\n|inactive|UltraPaolo1 has 10 seconds left.\n|\n|t:|1727636177\n|move|p2b: Sneasler|Coaching|p2a: Krookodile\n|-boost|p2a: Krookodile|atk|1\n|-boost|p2a: Krookodile|def|1\n|move|p1a: Garchomp|Breaking Swipe|p2b: Sneasler|[spread] p2a,p2b\n|-damage|p2a: Krookodile|83\/100\n|-damage|p2b: Sneasler|59\/100\n|-unboost|p2a: Krookodile|atk|1\n|-unboost|p2b: Sneasler|atk|1\n|move|p2a: Krookodile|Knock Off|p1b: Indeedee\n|-supereffective|p1b: Indeedee\n|-damage|p1b: Indeedee|11\/100\n|-enditem|p1b: Indeedee|Safety Goggles|[from] move: Knock Off|[of] p2a: Krookodile\n|move|p1b: Indeedee|Psychic|p2b: Sneasler\n|-supereffective|p2b: Sneasler\n|-damage|p2b: Sneasler|0 fnt\n|faint|p2b: Sneasler\n|\n|upkeep\n|\n|t:|1727636191\n|switch|p2b: Rillaboom|Rillaboom, L50, M|100\/100\n|-fieldstart|move: Grassy Terrain|[from] ability: Grassy Surge|[of] p2b: Rillaboom\n|turn|2\n|inactive|UltraPaolo1 has 30 seconds left.\n|\n|t:|1727636219\n|move|p1a: Garchomp|Protect|p1a: Garchomp\n|-singleturn|p1a: Garchomp|Protect\n|move|p1b: Indeedee|Protect|p1b: Indeedee\n|-singleturn|p1b: Indeedee|Protect\n|move|p2b: Rillaboom|Fake Out|p1a: Garchomp\n|-activate|p1a: Garchomp|move: Protect\n|move|p2a: Krookodile|Knock Off|p1a: Garchomp\n|-activate|p1a: Garchomp|move: Protect\n|\n|-heal|p2a: Krookodile|89\/100|[from] Grassy Terrain\n|-heal|p1b: Indeedee|17\/100|[from] Grassy Terrain\n|upkeep\n|turn|3\n|inactive|UltraPaolo1 has 30 seconds left.\n|\n|t:|1727636251\n|-terastallize|p1a: Garchomp|Poison\n|move|p1b: Indeedee|Follow Me|p1b: Indeedee\n|-singleturn|p1b: Indeedee|move: Follow Me\n|move|p1a: Garchomp|Poison Jab|p2b: Rillaboom\n|-supereffective|p2b: Rillaboom\n|-damage|p2b: Rillaboom|11\/100\n|-status|p2b: Rillaboom|psn\n|-enditem|p2b: Rillaboom|Iapapa Berry|[eat]\n|-heal|p2b: Rillaboom|44\/100 psn|[from] item: Iapapa Berry\n|move|p2a: Krookodile|Knock Off|p1b: Indeedee\n|-supereffective|p1b: Indeedee\n|-damage|p1b: Indeedee|0 fnt\n|faint|p1b: Indeedee\n|move|p2b: Rillaboom|U-turn|p1a: Garchomp\n|-resisted|p1a: Garchomp\n|-damage|p1a: Garchomp|91\/100\n|\n|t:|1727636264\n|switch|p2b: Basculegion|Basculegion, L50, M|100\/100|[from] U-turn\n|\n|-heal|p1a: Garchomp|97\/100|[from] Grassy Terrain\n|-heal|p2a: Krookodile|95\/100|[from] Grassy Terrain\n|upkeep\n|\n|t:|1727636277\n|switch|p1b: Tyranitar|Tyranitar, L50, M|100\/100\n|-weather|Sandstorm|[from] ability: Sand Stream|[of] p1b: Tyranitar\n|turn|4\n|inactive|moon7777 has 30 seconds left.\n|\n|t:|1727636306\n|move|p2b: Basculegion|Flip Turn|p1b: Tyranitar\n|-supereffective|p1b: Tyranitar\n|-damage|p1b: Tyranitar|31\/100\n|\n|t:|1727636309\n|switch|p2b: Rillaboom|Rillaboom, L50, M|44\/100 psn|[from] Flip Turn\n|move|p1a: Garchomp|Breaking Swipe|p2b: Rillaboom|[spread] p2a,p2b\n|-damage|p2a: Krookodile|77\/100\n|-damage|p2b: Rillaboom|18\/100 psn\n|-unboost|p2a: Krookodile|atk|1\n|-unboost|p2b: Rillaboom|atk|1\n|move|p2a: Krookodile|High Horsepower|p1b: Tyranitar\n|-supereffective|p1b: Tyranitar\n|-damage|p1b: Tyranitar|0 fnt\n|faint|p1b: Tyranitar\n|\n|-weather|Sandstorm|[upkeep]\n|-damage|p2b: Rillaboom|12\/100 psn|[from] Sandstorm\n|-heal|p1a: Garchomp|100\/100|[from] Grassy Terrain\n|-heal|p2a: Krookodile|83\/100|[from] Grassy Terrain\n|-heal|p2b: Rillaboom|18\/100 psn|[from] Grassy Terrain\n|-damage|p2b: Rillaboom|6\/100 psn|[from] psn\n|upkeep\n|\n|t:|1727636329\n|switch|p1b: Lycanroc|Lycanroc, L50, M|100\/100\n|turn|5\n|\n|t:|1727636345\n|move|p2b: Rillaboom|Fake Out|p1b: Lycanroc\n|-resisted|p1b: Lycanroc\n|-damage|p1b: Lycanroc|93\/100\n|cant|p1b: Lycanroc|flinch\n|move|p1a: Garchomp|Breaking Swipe|p2a: Krookodile|[spread] p2a,p2b\n|-damage|p2a: Krookodile|66\/100\n|-damage|p2b: Rillaboom|0 fnt\n|-unboost|p2a: Krookodile|atk|1\n|faint|p2b: Rillaboom\n|move|p2a: Krookodile|High Horsepower|p1b: Lycanroc\n|-supereffective|p1b: Lycanroc\n|-damage|p1b: Lycanroc|13\/100\n|\n|-weather|Sandstorm|[upkeep]\n|-heal|p1b: Lycanroc|19\/100|[from] Grassy Terrain\n|-heal|p2a: Krookodile|72\/100|[from] Grassy Terrain\n|upkeep\n|j| deathly pants\n|\n|t:|1727636359\n|switch|p2b: Basculegion|Basculegion, L50, M|100\/100\n|turn|6\n|\n|t:|1727636369\n|move|p1b: Lycanroc|Close Combat|p2a: Krookodile\n|-supereffective|p2a: Krookodile\n|-damage|p2a: Krookodile|22\/100\n|-unboost|p1b: Lycanroc|def|1\n|-unboost|p1b: Lycanroc|spd|1\n|move|p2b: Basculegion|Last Respects|p1b: Lycanroc\n|-damage|p1b: Lycanroc|0 fnt\n|faint|p1b: Lycanroc\n|move|p1a: Garchomp|Breaking Swipe|p2b: Basculegion|[spread] p2a,p2b\n|-damage|p2a: Krookodile|4\/100\n|-damage|p2b: Basculegion|69\/100\n|-unboost|p2a: Krookodile|atk|1\n|-unboost|p2b: Basculegion|atk|1\n|move|p2a: Krookodile|High Horsepower|p1a: Garchomp\n|-supereffective|p1a: Garchomp\n|-damage|p1a: Garchomp|69\/100\n|\n|-weather|Sandstorm|[upkeep]\n|-damage|p2b: Basculegion|63\/100|[from] Sandstorm\n|-heal|p2b: Basculegion|69\/100|[from] Grassy Terrain\n|-heal|p1a: Garchomp|75\/100|[from] Grassy Terrain\n|-heal|p2a: Krookodile|10\/100|[from] Grassy Terrain\n|-fieldend|move: Grassy Terrain\n|upkeep\n|turn|7\n|inactive|UltraPaolo1 has 30 seconds left.\n|\n|t:|1727636395\n|move|p2b: Basculegion|Last Respects|p1a: Garchomp|[miss]\n|-miss|p2b: Basculegion|p1a: Garchomp\n|move|p1a: Garchomp|Breaking Swipe|p2b: Basculegion|[spread] p2a,p2b\n|-damage|p2a: Krookodile|0 fnt\n|-damage|p2b: Basculegion|33\/100\n|-unboost|p2b: Basculegion|atk|1\n|faint|p2a: Krookodile\n|\n|-weather|Sandstorm|[upkeep]\n|-damage|p2b: Basculegion|27\/100|[from] Sandstorm\n|upkeep\n|turn|8\n|\n|t:|1727636415\n|move|p2b: Basculegion|Last Respects|p1a: Garchomp\n|-damage|p1a: Garchomp|12\/100\n|move|p1a: Garchomp|Breaking Swipe|p2b: Basculegion\n|-damage|p2b: Basculegion|0 fnt\n|faint|p2b: Basculegion\n|\n|win|UltraPaolo1\n|raw|UltraPaolo1's rating: 1660 &rarr; <strong>1684<\/strong><br \/>(+24 for winning)\n|raw|moon7777's rating: 1737 &rarr; <strong>1713<\/strong><br \/>(-24 for losing)\n|l| deathly pants\n|l|\u2606moon7777\n|player|p2|\n|l|\u2606UltraPaolo1\n|player|p1|\n|l| Nido_kingj\n|l| agnalam\n","uploadtime":1727636424,"views":35,"formatid":"gen9vgc2024regh","rating":1684,"private":0,"password":null}