{"id":"gen9vgc2024regh-2212691996","format":"[Gen 9] VGC 2024 Reg H","players":["sixtales","winterbreak"],"log":"|j|\u2606sixtales\n|j|\u2606winterbreak\n|t:|1727688985\n|gametype|doubles\n|player|p1|sixtales|lyra|1747\n|player|p2|winterbreak|lucas-gen4pt|1725\n|teamsize|p1|6\n|teamsize|p2|6\n|gen|9\n|tier|[Gen 9] VGC 2024 Reg H\n|rated|\n|rule|Species Clause: Limit one of each Pok\u00e9mon\n|rule|Item Clause: Limit 1 of each item\n|clearpoke\n|poke|p1|Gholdengo, L50|\n|poke|p1|Dragonite, L50, M|\n|poke|p1|Whimsicott, L50, M|\n|poke|p1|Volcarona, L50, M|\n|poke|p1|Kingambit, L50, M|\n|poke|p1|Annihilape, L50, M|\n|poke|p2|Serperior, L50, M|\n|poke|p2|Dragonite, L50, F|\n|poke|p2|Smeargle, L50, M|\n|poke|p2|Incineroar, L50, F|\n|poke|p2|Gholdengo, L50|\n|poke|p2|Ursaluna-Bloodmoon, L50, M|\n|teampreview|4\n|\n|t:|1727689009\n|start\n|switch|p1a: Dragonite|Dragonite, L50, M|100\/100\n|switch|p1b: Kingambit|Kingambit, L50, M|100\/100\n|switch|p2a: Ursaluna|Ursaluna-Bloodmoon, L50, M|100\/100\n|switch|p2b: Serperior|Serperior, L50, M|100\/100\n|turn|1\n|\n|t:|1727689030\n|move|p2b: Serperior|Reflect|p2b: Serperior\n|-sidestart|p2: winterbreak|Reflect\n|move|p1a: Dragonite|Scale Shot|p2b: Serperior\n|-damage|p2b: Serperior|89\/100\n|-damage|p2b: Serperior|78\/100\n|-damage|p2b: Serperior|68\/100\n|-damage|p2b: Serperior|57\/100\n|-hitcount|p2b: Serperior|4\n|-unboost|p1a: Dragonite|def|1\n|-boost|p1a: Dragonite|spe|1\n|move|p2a: Ursaluna|Earth Power|p1b: Kingambit\n|-supereffective|p1b: Kingambit\n|-damage|p1b: Kingambit|29\/100\n|move|p1b: Kingambit|Low Kick|p2a: Ursaluna\n|-supereffective|p2a: Ursaluna\n|-damage|p2a: Ursaluna|51\/100\n|\n|upkeep\n|turn|2\n|\n|t:|1727689063\n|move|p2a: Ursaluna|Vacuum Wave|p1b: Kingambit\n|-supereffective|p1b: Kingambit\n|-damage|p1b: Kingambit|0 fnt\n|faint|p1b: Kingambit\n|move|p1a: Dragonite|Scale Shot|p2a: Ursaluna\n|-damage|p2a: Ursaluna|44\/100\n|-damage|p2a: Ursaluna|37\/100\n|-damage|p2a: Ursaluna|30\/100\n|-damage|p2a: Ursaluna|22\/100\n|-hitcount|p2a: Ursaluna|4\n|-unboost|p1a: Dragonite|def|1\n|-boost|p1a: Dragonite|spe|1\n|move|p2b: Serperior|Glare|p1a: Dragonite\n|-status|p1a: Dragonite|par\n|\n|upkeep\n|\n|t:|1727689077\n|switch|p1b: Volcarona|Volcarona, L50, M|100\/100\n|turn|3\n|\n|t:|1727689131\n|move|p2b: Serperior|Light Screen|p2b: Serperior\n|-sidestart|p2: winterbreak|move: Light Screen\n|move|p1b: Volcarona|Heat Wave|p2a: Ursaluna|[spread] p2a,p2b\n|-supereffective|p2b: Serperior\n|-damage|p2a: Ursaluna|0 fnt\n|-damage|p2b: Serperior|0 fnt\n|faint|p2a: Ursaluna\n|faint|p2b: Serperior\n|move|p1a: Dragonite|Scale Shot|p2: Ursaluna|[notarget]\n|-fail|p1a: Dragonite\n|\n|upkeep\n|\n|t:|1727689140\n|switch|p2b: Smeargle|Smeargle, L50, M|100\/100\n|switch|p2a: Dragonite|Dragonite, L50, F|100\/100\n|turn|4\n|\n|t:|1727689155\n|-terastallize|p1a: Dragonite|Fairy\n|move|p2b: Smeargle|Burning Bulwark|p2b: Smeargle\n|-singleturn|p2b: Smeargle|move: Protect\n|move|p1b: Volcarona|Heat Wave|p2a: Dragonite|[spread] p2a\n|-activate|p2b: Smeargle|move: Protect\n|-resisted|p2a: Dragonite\n|-damage|p2a: Dragonite|91\/100\n|cant|p1a: Dragonite|par\n|move|p2a: Dragonite|Dragon Dance|p2a: Dragonite\n|-boost|p2a: Dragonite|atk|1\n|-boost|p2a: Dragonite|spe|1\n|\n|-ability|p2b: Smeargle|Moody|boost\n|-boost|p2b: Smeargle|spd|2\n|-unboost|p2b: Smeargle|spa|1\n|upkeep\n|turn|5\n|\n|t:|1727689190\n|-terastallize|p2a: Dragonite|Flying\n|move|p2a: Dragonite|Tera Blast|p1a: Dragonite|[anim] Tera Blast Flying\n|-damage|p1a: Dragonite|0 fnt\n|faint|p1a: Dragonite\n|move|p1b: Volcarona|Heat Wave|p2a: Dragonite|[spread] p2a,p2b\n|-damage|p2a: Dragonite|51\/100\n|-damage|p2b: Smeargle|49\/100\n|move|p2b: Smeargle|Spore|p1b: Volcarona\n|-status|p1b: Volcarona|slp|[from] move: Spore\n|\n|-ability|p2b: Smeargle|Moody|boost\n|-boost|p2b: Smeargle|atk|2\n|-unboost|p2b: Smeargle|spd|1\n|upkeep\n|\n|t:|1727689205\n|switch|p1a: Whimsicott|Whimsicott, L50, M|100\/100\n|turn|6\n|\n|t:|1727689227\n|move|p2b: Smeargle|Follow Me|p2b: Smeargle\n|-singleturn|p2b: Smeargle|move: Follow Me\n|move|p2a: Dragonite|Tera Blast|p1b: Volcarona|[anim] Tera Blast Flying\n|-supereffective|p1b: Volcarona\n|-damage|p1b: Volcarona|0 fnt\n|faint|p1b: Volcarona\n|move|p1a: Whimsicott|Moonblast|p2b: Smeargle\n|-damage|p2b: Smeargle|10\/100\n|\n|-ability|p2b: Smeargle|Moody|boost\n|-boost|p2b: Smeargle|spe|2\n|-unboost|p2b: Smeargle|atk|1\n|upkeep\n|turn|7\n|-message|sixtales forfeited.\n|\n|win|winterbreak\n|raw|sixtales's rating: 1747 &rarr; <strong>1726<\/strong><br \/>(-21 for losing)\n|raw|winterbreak's rating: 1725 &rarr; <strong>1746<\/strong><br \/>(+21 for winning)\n|l|\u2606sixtales\n|player|p1|\n|l|\u2606winterbreak\n|player|p2|\n","uploadtime":1727689466,"views":50,"formatid":"gen9vgc2024regh","rating":1726,"private":0,"password":null}