{"id":"gen9vgc2024regh-2212416367","format":"[Gen 9] VGC 2024 Reg H","players":["bearguy223","chin8"],"log":"|j|\u2606bearguy223\n|j|\u2606chin8\n|t:|1727647695\n|gametype|doubles\n|player|p1|bearguy223|169|1706\n|player|p2|chin8|gentleman-gen4dp|1863\n|teamsize|p1|6\n|teamsize|p2|6\n|gen|9\n|tier|[Gen 9] VGC 2024 Reg H\n|rated|\n|rule|Species Clause: Limit one of each Pok\u00e9mon\n|rule|Item Clause: Limit 1 of each item\n|clearpoke\n|poke|p1|Baxcalibur, L50, M|\n|poke|p1|Ninetales-Alola, L50, F|\n|poke|p1|Volcarona, L50, F|\n|poke|p1|Rillaboom, L50, F|\n|poke|p1|Kingambit, L50, M|\n|poke|p1|Primarina, L50, F|\n|poke|p2|Baxcalibur, L50, M|\n|poke|p2|Kilowattrel, L50, F|\n|poke|p2|Haxorus, L50, F|\n|poke|p2|Gardevoir, L50, F|\n|poke|p2|Magmortar, L50, F|\n|poke|p2|Gholdengo, L50|\n|teampreview|4\n|inactive|Battle timer is ON: inactive players will automatically lose when time's up. (requested by chin8)\n|j| Mad deedee\n|\n|t:|1727647729\n|start\n|switch|p1a: Kingambit|Kingambit, L50, M|100\/100\n|switch|p1b: Volcarona|Volcarona, L50, F|100\/100\n|switch|p2a: Gholdengo|Gholdengo, L50|100\/100\n|switch|p2b: Kilowattrel|Kilowattrel, L50, F|100\/100\n|turn|1\n|\n|t:|1727647743\n|switch|p2a: Magmortar|Magmortar, L50, F|100\/100\n|move|p1b: Volcarona|Rage Powder|p1b: Volcarona\n|-singleturn|p1b: Volcarona|move: Rage Powder\n|move|p2b: Kilowattrel|Air Slash|p1b: Volcarona\n|-supereffective|p1b: Volcarona\n|-damage|p1b: Volcarona|44\/100\n|move|p1a: Kingambit|Swords Dance|p1a: Kingambit\n|-boost|p1a: Kingambit|atk|2\n|\n|upkeep\n|turn|2\n|inactive|bearguy223 has 30 seconds left.\n|\n|t:|1727647777\n|switch|p1b: Primarina|Primarina, L50, F|100\/100\n|-terastallize|p1a: Kingambit|Dark\n|move|p1a: Kingambit|Sucker Punch||[still]\n|-fail|p1a: Kingambit\n|move|p2b: Kilowattrel|Tailwind|p2b: Kilowattrel\n|-sidestart|p2: chin8|move: Tailwind\n|move|p2a: Magmortar|Heat Wave|p1b: Primarina|[spread] p1a,p1b\n|-resisted|p1b: Primarina\n|-damage|p1a: Kingambit|74\/100\n|-damage|p1b: Primarina|86\/100\n|\n|upkeep\n|turn|3\n|j| burrito9000\n|\n|t:|1727647794\n|move|p1b: Primarina|Protect|p1b: Primarina\n|-singleturn|p1b: Primarina|Protect\n|move|p1a: Kingambit|Sucker Punch|p2b: Kilowattrel\n|-enditem|p2b: Kilowattrel|Focus Sash\n|-damage|p2b: Kilowattrel|1\/100\n|move|p2b: Kilowattrel|Thunderbolt|p1a: Kingambit\n|-damage|p1a: Kingambit|43\/100\n|move|p2a: Magmortar|Heat Wave|p1b: Primarina|[spread] p1a\n|-activate|p1b: Primarina|move: Protect\n|-damage|p1a: Kingambit|18\/100\n|-status|p1a: Kingambit|brn\n|-enditem|p1a: Kingambit|Lum Berry|[eat]\n|-curestatus|p1a: Kingambit|brn|[msg]\n|\n|upkeep\n|turn|4\n|\n|t:|1727647806\n|move|p1a: Kingambit|Protect|p1a: Kingambit\n|-singleturn|p1a: Kingambit|Protect\n|move|p2b: Kilowattrel|Thunderbolt|p1b: Primarina\n|-supereffective|p1b: Primarina\n|-damage|p1b: Primarina|16\/100\n|-enditem|p1b: Primarina|Sitrus Berry|[eat]\n|-heal|p1b: Primarina|41\/100|[from] item: Sitrus Berry\n|move|p2a: Magmortar|Heat Wave|p1a: Kingambit|[spread] p1b\n|-activate|p1a: Kingambit|move: Protect\n|-resisted|p1b: Primarina\n|-damage|p1b: Primarina|29\/100\n|move|p1b: Primarina|Hyper Voice|p2a: Magmortar|[spread] p2a,p2b\n|-supereffective|p2a: Magmortar\n|-damage|p2a: Magmortar|38\/100\n|-damage|p2b: Kilowattrel|0 fnt\n|-enditem|p2a: Magmortar|Sitrus Berry|[eat]\n|-heal|p2a: Magmortar|63\/100|[from] item: Sitrus Berry\n|faint|p2b: Kilowattrel\n|\n|upkeep\n|\n|t:|1727647809\n|switch|p2b: Baxcalibur|Baxcalibur, L50, M|100\/100\n|turn|5\n|\n|t:|1727647830\n|move|p2b: Baxcalibur|Ice Shard|p1a: Kingambit\n|-damage|p1a: Kingambit|0 fnt\n|faint|p1a: Kingambit\n|move|p2a: Magmortar|Heat Wave|p1b: Primarina\n|-resisted|p1b: Primarina\n|-damage|p1b: Primarina|10\/100\n|move|p1b: Primarina|Moonblast|p2b: Baxcalibur\n|-supereffective|p2b: Baxcalibur\n|-damage|p2b: Baxcalibur|49\/100\n|-unboost|p2b: Baxcalibur|spa|1\n|\n|-sideend|p2: chin8|move: Tailwind\n|upkeep\n|\n|t:|1727647837\n|switch|p1a: Rillaboom|Rillaboom, L50, F|100\/100\n|-fieldstart|move: Grassy Terrain|[from] ability: Grassy Surge|[of] p1a: Rillaboom\n|turn|6\n|\n|t:|1727647847\n|switch|p2b: Gholdengo|Gholdengo, L50|100\/100\n|move|p2a: Magmortar|Protect|p2a: Magmortar\n|-singleturn|p2a: Magmortar|Protect\n|move|p1a: Rillaboom|Fake Out|p2b: Gholdengo\n|-immune|p2b: Gholdengo\n|move|p1b: Primarina|Hyper Voice|p2a: Magmortar|[spread] p2b\n|-activate|p2a: Magmortar|move: Protect\n|-damage|p2b: Gholdengo|71\/100\n|\n|-heal|p2b: Gholdengo|77\/100|[from] Grassy Terrain\n|-heal|p2b: Gholdengo|83\/100|[from] item: Leftovers\n|-heal|p2a: Magmortar|69\/100|[from] Grassy Terrain\n|-heal|p1b: Primarina|16\/100|[from] Grassy Terrain\n|upkeep\n|turn|7\n|\n|t:|1727647862\n|move|p1b: Primarina|Protect|p1b: Primarina\n|-singleturn|p1b: Primarina|Protect\n|move|p1a: Rillaboom|Knock Off|p2b: Gholdengo\n|-supereffective|p2b: Gholdengo\n|-damage|p2b: Gholdengo|22\/100\n|-enditem|p2b: Gholdengo|Leftovers|[from] move: Knock Off|[of] p1a: Rillaboom\n|move|p2b: Gholdengo|Nasty Plot|p2b: Gholdengo\n|-boost|p2b: Gholdengo|spa|2\n|move|p2a: Magmortar|Heat Wave|p1a: Rillaboom|[spread] p1a\n|-activate|p1b: Primarina|move: Protect\n|-supereffective|p1a: Rillaboom\n|-damage|p1a: Rillaboom|56\/100\n|\n|-heal|p1a: Rillaboom|62\/100|[from] Grassy Terrain\n|-heal|p2b: Gholdengo|28\/100|[from] Grassy Terrain\n|-heal|p2a: Magmortar|75\/100|[from] Grassy Terrain\n|-heal|p1b: Primarina|23\/100|[from] Grassy Terrain\n|upkeep\n|turn|8\n|\n|t:|1727647875\n|move|p2a: Magmortar|Follow Me|p2a: Magmortar\n|-singleturn|p2a: Magmortar|move: Follow Me\n|move|p1a: Rillaboom|Knock Off|p2a: Magmortar\n|-damage|p2a: Magmortar|50\/100\n|move|p2b: Gholdengo|Make It Rain|p1b: Primarina|[spread] p1a,p1b\n|-damage|p1a: Rillaboom|0 fnt\n|-damage|p1b: Primarina|0 fnt\n|-unboost|p2b: Gholdengo|spa|1\n|faint|p1a: Rillaboom\n|faint|p1b: Primarina\n|\n|-heal|p2b: Gholdengo|35\/100|[from] Grassy Terrain\n|-heal|p2a: Magmortar|56\/100|[from] Grassy Terrain\n|upkeep\n|-message|bearguy223 forfeited.\n|\n|win|chin8\n|raw|bearguy223's rating: 1706 &rarr; <strong>1694<\/strong><br \/>(-12 for losing)\n|raw|chin8's rating: 1863 &rarr; <strong>1875<\/strong><br \/>(+12 for winning)\n|l|\u2606bearguy223\n|player|p1|\n|l|\u2606chin8\n|player|p2|\n|l| burrito9000\n|l| Mad deedee\n","uploadtime":1727648088,"views":37,"formatid":"gen9vgc2024regh","rating":1694,"private":0,"password":null}