{"id":"gen9vgc2024regh-2212457551","format":"[Gen 9] VGC 2024 Reg H","players":["theavent","chiitancrazymascot"],"log":"|j|\u2606theavent\n|j|\u2606chiitancrazymascot\n|t:|1727652707\n|gametype|doubles\n|player|p1|theavent|yellow|1691\n|player|p2|chiitancrazymascot|pokemaniac|1858\n|teamsize|p1|6\n|teamsize|p2|6\n|gen|9\n|tier|[Gen 9] VGC 2024 Reg H\n|rated|\n|rule|Species Clause: Limit one of each Pok\u00e9mon\n|rule|Item Clause: Limit 1 of each item\n|clearpoke\n|poke|p1|Basculegion, L50, M|\n|poke|p1|Pelipper, L50, M|\n|poke|p1|Archaludon, L50, M|\n|poke|p1|Amoonguss, L50, F|\n|poke|p1|Gholdengo, L50|\n|poke|p1|Incineroar, L50, F|\n|poke|p2|Annihilape, L50, F|\n|poke|p2|Dondozo, L50, F|\n|poke|p2|Maushold-Four, L50|\n|poke|p2|Gholdengo, L50|\n|poke|p2|Whimsicott, L50, M|\n|poke|p2|Tatsugiri, L50, F|\n|teampreview|4\n|inactive|Battle timer is ON: inactive players will automatically lose when time's up. (requested by chiitancrazymascot)\n|\n|t:|1727652727\n|start\n|switch|p1a: Gholdengo|Gholdengo, L50|100\/100\n|switch|p1b: Amoonguss|Amoonguss, L50, F|100\/100\n|switch|p2a: Maushold|Maushold-Four, L50|100\/100\n|switch|p2b: Annihilape|Annihilape, L50, F, shiny|100\/100\n|turn|1\n|\n|t:|1727652745\n|move|p1b: Amoonguss|Rage Powder|p1b: Amoonguss\n|-singleturn|p1b: Amoonguss|move: Rage Powder\n|move|p2a: Maushold|Taunt|p1b: Amoonguss\n|-start|p1b: Amoonguss|move: Taunt\n|move|p1a: Gholdengo|Nasty Plot|p1a: Gholdengo\n|-boost|p1a: Gholdengo|spa|2\n|move|p2b: Annihilape|Bulk Up|p2b: Annihilape\n|-boost|p2b: Annihilape|atk|1\n|-boost|p2b: Annihilape|def|1\n|\n|upkeep\n|turn|2\n|j| futonkagebunshin\n|inactive|theavent has 30 seconds left.\n|\n|t:|1727652780\n|-terastallize|p1a: Gholdengo|Steel\n|-terastallize|p2b: Annihilape|Water\n|move|p2a: Maushold|Beat Up|p2b: Annihilape\n|-damage|p2b: Annihilape|99\/100\n|-damage|p2b: Annihilape|97\/100\n|-damage|p2b: Annihilape|95\/100\n|-damage|p2b: Annihilape|94\/100\n|-hitcount|p2b: Annihilape|4\n|move|p1a: Gholdengo|Make It Rain|p2a: Maushold|[spread] p2a,p2b\n|-resisted|p2b: Annihilape\n|-enditem|p2a: Maushold|Focus Sash\n|-damage|p2a: Maushold|1\/100\n|-damage|p2b: Annihilape|47\/100\n|-unboost|p1a: Gholdengo|spa|1\n|-enditem|p2b: Annihilape|Sitrus Berry|[eat]\n|-heal|p2b: Annihilape|72\/100|[from] item: Sitrus Berry\n|-damage|p1a: Gholdengo|91\/100|[from] item: Life Orb\n|move|p2b: Annihilape|Rage Fist|p1b: Amoonguss\n|-damage|p1b: Amoonguss|0 fnt\n|faint|p1b: Amoonguss\n|\n|upkeep\n|\n|t:|1727652803\n|switch|p1b: Pelipper|Pelipper, L50, M|100\/100\n|-weather|RainDance|[from] ability: Drizzle|[of] p1b: Pelipper\n|turn|3\n|\n|t:|1727652809\n|move|p2a: Maushold|Beat Up|p1b: Pelipper\n|-damage|p1b: Pelipper|97\/100\n|-damage|p1b: Pelipper|92\/100\n|-damage|p1b: Pelipper|89\/100\n|-damage|p1b: Pelipper|86\/100\n|-hitcount|p1b: Pelipper|4\n|move|p1a: Gholdengo|Make It Rain|p2a: Maushold|[spread] p2a,p2b\n|-resisted|p2b: Annihilape\n|-damage|p2a: Maushold|0 fnt\n|-damage|p2b: Annihilape|35\/100\n|-unboost|p1a: Gholdengo|spa|1\n|faint|p2a: Maushold\n|-damage|p1a: Gholdengo|82\/100|[from] item: Life Orb\n|move|p2b: Annihilape|Rage Fist|p1b: Pelipper\n|-damage|p1b: Pelipper|0 fnt\n|faint|p1b: Pelipper\n|\n|-weather|RainDance|[upkeep]\n|upkeep\n|\n|t:|1727652826\n|switch|p2a: Dondozo|Dondozo, L50, F, shiny|100\/100\n|switch|p1b: Archaludon|Archaludon, L50, M|100\/100\n|turn|4\n|\n|t:|1727652835\n|switch|p2b: Tatsugiri|Tatsugiri, L50, F, shiny|100\/100\n|-activate|p2b: Tatsugiri|ability: Commander|[of] p2a: Dondozo\n|-boost|p2a: Dondozo|atk|2\n|-boost|p2a: Dondozo|spa|2\n|-boost|p2a: Dondozo|spe|2\n|-boost|p2a: Dondozo|def|2\n|-boost|p2a: Dondozo|spd|2\n|move|p2a: Dondozo|Wave Crash|p1a: Gholdengo\n|-damage|p1a: Gholdengo|0 fnt\n|faint|p1a: Gholdengo\n|-damage|p2a: Dondozo|81\/100|[from] Recoil\n|move|p1b: Archaludon|Electro Shot||[still]\n|-prepare|p1b: Archaludon|Electro Shot\n|-boost|p1b: Archaludon|spa|1\n|-anim|p1b: Archaludon|Electro Shot|p2a: Dondozo\n|-supereffective|p2a: Dondozo\n|-damage|p2a: Dondozo|35\/100\n|\n|-weather|RainDance|[upkeep]\n|-heal|p2a: Dondozo|42\/100|[from] item: Leftovers\n|upkeep\n|turn|5\n|j| hachiware\n|\n|t:|1727652852\n|move|p2a: Dondozo|Protect|p2a: Dondozo\n|-singleturn|p2a: Dondozo|Protect\n|move|p1b: Archaludon|Electro Shot||[still]\n|-prepare|p1b: Archaludon|Electro Shot\n|-boost|p1b: Archaludon|spa|1\n|-anim|p1b: Archaludon|Electro Shot|p2a: Dondozo\n|-activate|p2a: Dondozo|move: Protect\n|\n|-weather|RainDance|[upkeep]\n|-heal|p2a: Dondozo|48\/100|[from] item: Leftovers\n|upkeep\n|turn|6\n|\n|t:|1727652861\n|move|p2a: Dondozo|Order Up|p1b: Archaludon\n|-damage|p1b: Archaludon|63\/100\n|-ability|p1b: Archaludon|Stamina|boost\n|-boost|p1b: Archaludon|def|1\n|-boost|p2a: Dondozo|atk|1\n|move|p1b: Archaludon|Electro Shot||[still]\n|-prepare|p1b: Archaludon|Electro Shot\n|-boost|p1b: Archaludon|spa|1\n|-anim|p1b: Archaludon|Electro Shot|p2a: Dondozo\n|-supereffective|p2a: Dondozo\n|-damage|p2a: Dondozo|0 fnt\n|faint|p2a: Dondozo\n|\n|-weather|RainDance|[upkeep]\n|upkeep\n|\n|t:|1727652866\n|switch|p2a: Annihilape|Annihilape, L50, F, shiny, tera:Water|35\/100\n|turn|7\n|\n|t:|1727652877\n|move|p2b: Tatsugiri|Icy Wind|p1b: Archaludon\n|-damage|p1b: Archaludon|51\/100\n|-unboost|p1b: Archaludon|spe|1\n|-ability|p1b: Archaludon|Stamina|boost\n|-boost|p1b: Archaludon|def|1\n|move|p2a: Annihilape|Rage Fist|p1b: Archaludon\n|-damage|p1b: Archaludon|0 fnt\n|faint|p1b: Archaludon\n|\n|win|chiitancrazymascot\n|raw|theavent's rating: 1691 &rarr; <strong>1680<\/strong><br \/>(-11 for losing)\n|raw|chiitancrazymascot's rating: 1858 &rarr; <strong>1869<\/strong><br \/>(+11 for winning)\n|l|\u2606chiitancrazymascot\n|player|p2|\n|l|\u2606theavent\n|player|p1|\n|l| hachiware\n","uploadtime":1727652879,"views":47,"formatid":"gen9vgc2024regh","rating":1680,"private":0,"password":null}