{"id":"gen9vgc2024regh-2212620680","format":"[Gen 9] VGC 2024 Reg H","players":["TubbbbbyToucan","Abro hilo"],"log":"|j|\u2606TubbbbbyToucan\n|j|\u2606Abro hilo\n|t:|1727676713\n|gametype|doubles\n|player|p1|TubbbbbyToucan|170|1707\n|player|p2|Abro hilo|benga|1733\n|teamsize|p1|6\n|teamsize|p2|6\n|gen|9\n|tier|[Gen 9] VGC 2024 Reg H\n|rated|\n|rule|Species Clause: Limit one of each Pok\u00e9mon\n|rule|Item Clause: Limit 1 of each item\n|clearpoke\n|poke|p1|Indeedee, L50, M|\n|poke|p1|Metagross, L50|\n|poke|p1|Murkrow, L50, F|\n|poke|p1|Basculegion-F, L50, F|\n|poke|p1|Ursaluna, L50, F|\n|poke|p1|Flamigo, L50, M|\n|poke|p2|Gallade, L50, M|\n|poke|p2|Kingambit, L50, F|\n|poke|p2|Rillaboom, L50, F|\n|poke|p2|Pelipper, L50, M|\n|poke|p2|Archaludon, L50, M|\n|poke|p2|Maushold, L50|\n|teampreview|4\n|j| mr pogostick\n|\n|t:|1727676767\n|start\n|switch|p1a: Murkrow|Murkrow, L50, F|100\/100\n|switch|p1b: Basculegion|Basculegion-F, L50, F|100\/100\n|switch|p2a: Archaludon|Archaludon, L50, M, shiny|100\/100\n|switch|p2b: Pelipper|Pelipper, L50, M, shiny|100\/100\n|-weather|RainDance|[from] ability: Drizzle|[of] p2b: Pelipper\n|turn|1\n|\n|t:|1727676825\n|switch|p2b: Maushold|Maushold, L50, shiny|100\/100\n|-terastallize|p1b: Basculegion|Fighting\n|move|p1b: Basculegion|Tera Blast|p2a: Archaludon|[anim] Tera Blast Fighting\n|-supereffective|p2a: Archaludon\n|-damage|p2a: Archaludon|39\/100\n|-ability|p2a: Archaludon|Stamina|boost\n|-boost|p2a: Archaludon|def|1\n|move|p2a: Archaludon|Electro Shot||[still]\n|-prepare|p2a: Archaludon|Electro Shot\n|-boost|p2a: Archaludon|spa|1\n|-anim|p2a: Archaludon|Electro Shot|p1a: Murkrow\n|-supereffective|p1a: Murkrow\n|-damage|p1a: Murkrow|0 fnt\n|faint|p1a: Murkrow\n|\n|-weather|RainDance|[upkeep]\n|upkeep\n|\n|t:|1727676840\n|switch|p1a: Ursaluna|Ursaluna, L50, F, shiny|100\/100\n|turn|2\n|\n|t:|1727676859\n|switch|p1b: Indeedee|Indeedee, L50, M|100\/100\n|-fieldstart|move: Psychic Terrain|[from] ability: Psychic Surge|[of] p1b: Indeedee\n|-terastallize|p2b: Maushold|Ghost\n|move|p2b: Maushold|Follow Me|p2b: Maushold\n|-singleturn|p2b: Maushold|move: Follow Me\n|move|p2a: Archaludon|Electro Shot||[still]\n|-prepare|p2a: Archaludon|Electro Shot\n|-boost|p2a: Archaludon|spa|1\n|-anim|p2a: Archaludon|Electro Shot|p1b: Indeedee\n|-enditem|p1b: Indeedee|Focus Sash\n|-damage|p1b: Indeedee|1\/100\n|move|p1a: Ursaluna|Headlong Rush|p2b: Maushold\n|-damage|p2b: Maushold|26\/100\n|-unboost|p1a: Ursaluna|def|1\n|-unboost|p1a: Ursaluna|spd|1\n|\n|-weather|RainDance|[upkeep]\n|-status|p1a: Ursaluna|brn|[from] item: Flame Orb\n|upkeep\n|turn|3\n|\n|t:|1727676883\n|move|p1b: Indeedee|Expanding Force|p2a: Archaludon|[spread] p2a,p2b\n|-resisted|p2a: Archaludon\n|-damage|p2a: Archaludon|25\/100\n|-damage|p2b: Maushold|0 fnt\n|-ability|p2a: Archaludon|Stamina|boost\n|-boost|p2a: Archaludon|def|1\n|faint|p2b: Maushold\n|move|p2a: Archaludon|Snarl|p1a: Ursaluna|[spread] p1a,p1b\n|-supereffective|p1b: Indeedee\n|-damage|p1a: Ursaluna|65\/100 brn\n|-damage|p1b: Indeedee|0 fnt\n|-unboost|p1a: Ursaluna|spa|1\n|faint|p1b: Indeedee\n|move|p1a: Ursaluna|Earthquake|p2a: Archaludon\n|-supereffective|p2a: Archaludon\n|-damage|p2a: Archaludon|0 fnt\n|faint|p2a: Archaludon\n|\n|-weather|RainDance|[upkeep]\n|-damage|p1a: Ursaluna|59\/100 brn|[from] brn\n|upkeep\n|j| edoreon55555vgc\n|\n|t:|1727676898\n|switch|p1b: Basculegion|Basculegion-F, L50, F, tera:Fighting|100\/100\n|switch|p2b: Rillaboom|Rillaboom, L50, F, shiny|100\/100\n|switch|p2a: Pelipper|Pelipper, L50, M, shiny|100\/100\n|-fieldstart|move: Grassy Terrain|[from] ability: Grassy Surge|[of] p2b: Rillaboom\n|turn|4\n|\n|t:|1727676913\n|move|p1a: Ursaluna|Protect|p1a: Ursaluna\n|-singleturn|p1a: Ursaluna|Protect\n|move|p2b: Rillaboom|Fake Out|p1a: Ursaluna\n|-activate|p1a: Ursaluna|move: Protect\n|move|p1b: Basculegion|Icy Wind|p2b: Rillaboom|[spread] p2a,p2b\n|-supereffective|p2b: Rillaboom\n|-damage|p2a: Pelipper|67\/100\n|-damage|p2b: Rillaboom|48\/100\n|-unboost|p2a: Pelipper|spe|1\n|-unboost|p2b: Rillaboom|spe|1\n|move|p2a: Pelipper|Hurricane|p1b: Basculegion\n|-supereffective|p1b: Basculegion\n|-damage|p1b: Basculegion|0 fnt\n|faint|p1b: Basculegion\n|\n|-weather|RainDance|[upkeep]\n|-heal|p2b: Rillaboom|54\/100|[from] Grassy Terrain\n|-heal|p1a: Ursaluna|65\/100 brn|[from] Grassy Terrain\n|-damage|p1a: Ursaluna|59\/100 brn|[from] brn\n|upkeep\n|turn|5\n|\n|t:|1727676932\n|move|p2b: Rillaboom|Grassy Glide|p1a: Ursaluna\n|-supereffective|p1a: Ursaluna\n|-damage|p1a: Ursaluna|0 fnt\n|faint|p1a: Ursaluna\n|\n|win|Abro hilo\n|raw|TubbbbbyToucan's rating: 1707 &rarr; <strong>1688<\/strong><br \/>(-19 for losing)\n|raw|Abro hilo's rating: 1733 &rarr; <strong>1752<\/strong><br \/>(+19 for winning)\n|l|\u2606TubbbbbyToucan\n|player|p1|\n|l|\u2606Abro hilo\n|player|p2|\n|l| mr pogostick\n|l| edoreon55555vgc\n","uploadtime":1727677119,"views":22,"formatid":"gen9vgc2024regh","rating":1688,"private":0,"password":null}