{"id":"gen9vgc2024regh-2212940693","format":"[Gen 9] VGC 2024 Reg H","players":["Lovac","kid_the_phantom"],"log":"|j|\u2606Lovac\n|j|\u2606kid_the_phantom\n|t:|1727715701\n|gametype|doubles\n|player|p1|Lovac|169|1741\n|player|p2|kid_the_phantom|1|1829\n|teamsize|p1|6\n|teamsize|p2|6\n|gen|9\n|tier|[Gen 9] VGC 2024 Reg H\n|rated|\n|rule|Species Clause: Limit one of each Pok\u00e9mon\n|rule|Item Clause: Limit 1 of each item\n|clearpoke\n|poke|p1|Serperior, L50, F|\n|poke|p1|Ceruledge, L50, F|\n|poke|p1|Sneasler, L50, F|\n|poke|p1|Indeedee-F, L50, F|\n|poke|p1|Ursaluna-Bloodmoon, L50, M|\n|poke|p1|Hydreigon, L50, M|\n|poke|p2|Dragonite, L50, M|\n|poke|p2|Garchomp, L50, M|\n|poke|p2|Ursaluna-Bloodmoon, L50, M|\n|poke|p2|Whimsicott, L50, M|\n|poke|p2|Rillaboom, L50, F|\n|poke|p2|Gholdengo, L50|\n|teampreview|4\n|inactive|Battle timer is ON: inactive players will automatically lose when time's up. (requested by Lovac)\n|inactive|kid_the_phantom has 60 seconds left.\n|inactive|kid_the_phantom has 30 seconds left.\n|inactive|kid_the_phantom has 20 seconds left.\n|\n|t:|1727715825\n|start\n|switch|p1a: Indeedee|Indeedee-F, L50, F|100\/100\n|switch|p1b: Sneasler|Sneasler, L50, F|100\/100\n|switch|p2a: Whimsicott|Whimsicott, L50, M|100\/100\n|switch|p2b: Gholdengo|Gholdengo, L50|100\/100\n|-fieldstart|move: Psychic Terrain|[from] ability: Psychic Surge|[of] p1a: Indeedee\n|-enditem|p1b: Sneasler|Psychic Seed\n|-boost|p1b: Sneasler|spd|1|[from] item: Psychic Seed\n|turn|1\n|\n|t:|1727715849\n|-terastallize|p1b: Sneasler|Dark\n|-terastallize|p2b: Gholdengo|Steel\n|move|p1a: Indeedee|Helping Hand|p1b: Sneasler\n|-singleturn|p1b: Sneasler|Helping Hand|[of] p1a: Indeedee\n|move|p2a: Whimsicott|Tailwind|p2a: Whimsicott\n|-sidestart|p2: kid_the_phantom|move: Tailwind\n|move|p1b: Sneasler|Throat Chop|p2b: Gholdengo\n|-damage|p2b: Gholdengo|16\/100\n|-start|p2b: Gholdengo|Throat Chop|[silent]\n|move|p2b: Gholdengo|Make It Rain|p1a: Indeedee|[spread] p1a,p1b\n|-damage|p1a: Indeedee|0 fnt\n|-damage|p1b: Sneasler|8\/100\n|-unboost|p2b: Gholdengo|spa|1\n|faint|p1a: Indeedee\n|\n|upkeep\n|\n|t:|1727715855\n|switch|p1a: Ceruledge|Ceruledge, L50, F|100\/100\n|turn|2\n|inactive|kid_the_phantom has 30 seconds left.\n|\n|t:|1727715886\n|switch|p2b: Ursaluna|Ursaluna-Bloodmoon, L50, M|100\/100\n|move|p1b: Sneasler|Protect|p1b: Sneasler\n|-singleturn|p1b: Sneasler|Protect\n|move|p2a: Whimsicott|Moonblast|p1b: Sneasler\n|-activate|p1b: Sneasler|move: Protect\n|move|p1a: Ceruledge|Bitter Blade|p2a: Whimsicott\n|-supereffective|p2a: Whimsicott\n|-enditem|p2a: Whimsicott|Focus Sash\n|-damage|p2a: Whimsicott|1\/100\n|\n|upkeep\n|turn|3\n|inactive|kid_the_phantom has 30 seconds left.\n|\n|t:|1727715914\n|move|p1b: Sneasler|Protect||[still]\n|-fail|p1b: Sneasler\n|move|p2a: Whimsicott|Encore|p1a: Ceruledge\n|-activate|p1a: Ceruledge|move: Psychic Terrain\n|move|p2b: Ursaluna|Vacuum Wave|p1b: Sneasler\n|-activate|p1b: Sneasler|move: Psychic Terrain\n|move|p1a: Ceruledge|Bitter Blade|p2a: Whimsicott\n|-supereffective|p2a: Whimsicott\n|-damage|p2a: Whimsicott|0 fnt\n|faint|p2a: Whimsicott\n|\n|upkeep\n|j| fairytailrpg\n|c|\u2606Lovac|uhhh\n|\n|t:|1727715936\n|switch|p2a: Dragonite|Dragonite, L50, M, shiny|100\/100\n|turn|4\n|j| mr pogostick\n|inactive|kid_the_phantom has 30 seconds left.\n|inactive|kid_the_phantom has 20 seconds left.\n|\n|t:|1727715971\n|move|p1b: Sneasler|Close Combat|p2b: Ursaluna\n|-supereffective|p2b: Ursaluna\n|-damage|p2b: Ursaluna|0 fnt\n|-unboost|p1b: Sneasler|def|1\n|-unboost|p1b: Sneasler|spd|1\n|faint|p2b: Ursaluna\n|move|p2a: Dragonite|Outrage|p1a: Ceruledge\n|-damage|p1a: Ceruledge|0 fnt\n|faint|p1a: Ceruledge\n|\n|-sideend|p2: kid_the_phantom|move: Tailwind\n|upkeep\n|\n|t:|1727715981\n|switch|p1a: Hydreigon|Hydreigon, L50, M|100\/100\n|switch|p2b: Gholdengo|Gholdengo, L50, tera:Steel|16\/100\n|turn|5\n|\n|t:|1727715989\n|move|p1b: Sneasler|Protect|p1b: Sneasler\n|-singleturn|p1b: Sneasler|Protect\n|move|p1a: Hydreigon|Protect|p1a: Hydreigon\n|-singleturn|p1a: Hydreigon|Protect\n|move|p2b: Gholdengo|Make It Rain|p1b: Sneasler|[spread] \n|-activate|p1a: Hydreigon|move: Protect\n|-activate|p1b: Sneasler|move: Protect\n|move|p2a: Dragonite|Outrage|p1b: Sneasler|[from]lockedmove\n|-activate|p1b: Sneasler|move: Protect\n|\n|-fieldend|move: Psychic Terrain\n|upkeep\n|turn|6\n|\n|t:|1727716008\n|move|p1b: Sneasler|Dire Claw|p2a: Dragonite\n|-damage|p2a: Dragonite|79\/100\n|move|p1a: Hydreigon|Dark Pulse|p2b: Gholdengo\n|-damage|p2b: Gholdengo|0 fnt\n|faint|p2b: Gholdengo\n|move|p2a: Dragonite|Outrage|p1b: Sneasler\n|-damage|p1b: Sneasler|0 fnt\n|faint|p1b: Sneasler\n|\n|upkeep\n|turn|7\n|\n|t:|1727716020\n|move|p1a: Hydreigon|Draco Meteor|p2a: Dragonite\n|-supereffective|p2a: Dragonite\n|-damage|p2a: Dragonite|0 fnt\n|-unboost|p1a: Hydreigon|spa|2\n|faint|p2a: Dragonite\n|\n|win|Lovac\n|raw|Lovac's rating: 1741 &rarr; <strong>1766<\/strong><br \/>(+25 for winning)\n|raw|kid_the_phantom's rating: 1829 &rarr; <strong>1804<\/strong><br \/>(-25 for losing)\n|l|\u2606Lovac\n|player|p1|\n|l| fairytailrpg\n|l|\u2606kid_the_phantom\n|player|p2|\n","uploadtime":1727716221,"views":62,"formatid":"gen9vgc2024regh","rating":1766,"private":0,"password":null}