{"id":"gen9vgc2024regh-2212606108","format":"[Gen 9] VGC 2024 Reg H","players":["elvegis1","Xeoffee"],"log":"|j|\u2606elvegis1\n|j|\u2606Xeoffee\n|t:|1727674005\n|gametype|doubles\n|player|p1|elvegis1|lucas|1666\n|player|p2|Xeoffee|n|1776\n|teamsize|p1|6\n|teamsize|p2|6\n|gen|9\n|tier|[Gen 9] VGC 2024 Reg H\n|rated|\n|rule|Species Clause: Limit one of each Pok\u00e9mon\n|rule|Item Clause: Limit 1 of each item\n|clearpoke\n|poke|p1|Porygon2, L50|\n|poke|p1|Kingambit, L50, M|\n|poke|p1|Sinistcha, L50|\n|poke|p1|Sneasler, L50, M|\n|poke|p1|Dragonite, L50, F|\n|poke|p1|Primarina, L50, F|\n|poke|p2|Volcarona, L50, F|\n|poke|p2|Primarina, L50, F|\n|poke|p2|Rillaboom, L50, M|\n|poke|p2|Ursaluna-Bloodmoon, L50, M|\n|poke|p2|Electabuzz, L50, F|\n|poke|p2|Farigiraf, L50, M|\n|teampreview|4\n|inactive|Battle timer is ON: inactive players will automatically lose when time's up. (requested by elvegis1)\n|inactive|Xeoffee has 60 seconds left.\n|\n|t:|1727674062\n|start\n|switch|p1a: Sneasler|Sneasler, L50, M|100\/100\n|switch|p1b: Dragonite|Dragonite, L50, F|100\/100\n|switch|p2a: Electabuzz|Electabuzz, L50, F|100\/100\n|switch|p2b: Volcarona|Volcarona, L50, F|100\/100\n|turn|1\n|\n|t:|1727674083\n|move|p2b: Volcarona|Protect|p2b: Volcarona\n|-singleturn|p2b: Volcarona|Protect\n|move|p1a: Sneasler|Dire Claw|p2b: Volcarona\n|-activate|p2b: Volcarona|move: Protect\n|move|p1b: Dragonite|Stomping Tantrum|p2a: Electabuzz\n|-supereffective|p2a: Electabuzz\n|-damage|p2a: Electabuzz|54\/100\n|move|p2a: Electabuzz|Electroweb|p1a: Sneasler|[spread] p1a,p1b\n|-crit|p1b: Dragonite\n|-damage|p1a: Sneasler|81\/100\n|-damage|p1b: Dragonite|88\/100\n|-unboost|p1a: Sneasler|spe|1\n|-unboost|p1b: Dragonite|spe|1\n|\n|upkeep\n|turn|2\n|\n|t:|1727674107\n|switch|p1a: Kingambit|Kingambit, L50, M|100\/100\n|move|p2b: Volcarona|Quiver Dance|p2b: Volcarona\n|-boost|p2b: Volcarona|spa|1\n|-boost|p2b: Volcarona|spd|1\n|-boost|p2b: Volcarona|spe|1\n|move|p2a: Electabuzz|Electroweb|p1b: Dragonite|[spread] p1a,p1b\n|-damage|p1a: Kingambit|93\/100\n|-damage|p1b: Dragonite|73\/100\n|-unboost|p1a: Kingambit|spe|1\n|-ability|p1a: Kingambit|Defiant|boost\n|-boost|p1a: Kingambit|atk|2\n|-unboost|p1b: Dragonite|spe|1\n|move|p1b: Dragonite|Stomping Tantrum|p2a: Electabuzz\n|-supereffective|p2a: Electabuzz\n|-damage|p2a: Electabuzz|7\/100\n|\n|upkeep\n|turn|3\n|\n|t:|1727674132\n|-terastallize|p1a: Kingambit|Fire\n|move|p2b: Volcarona|Protect|p2b: Volcarona\n|-singleturn|p2b: Volcarona|Protect\n|move|p2a: Electabuzz|Protect|p2a: Electabuzz\n|-singleturn|p2a: Electabuzz|Protect\n|move|p1b: Dragonite|Extreme Speed|p2a: Electabuzz\n|-activate|p2a: Electabuzz|move: Protect\n|move|p1a: Kingambit|Kowtow Cleave|p2b: Volcarona\n|-activate|p2b: Volcarona|move: Protect\n|\n|upkeep\n|turn|4\n|inactive|Xeoffee has 30 seconds left.\n|\n|t:|1727674160\n|move|p2a: Electabuzz|Follow Me|p2a: Electabuzz\n|-singleturn|p2a: Electabuzz|move: Follow Me\n|move|p2b: Volcarona|Bug Buzz|p1b: Dragonite\n|-resisted|p1b: Dragonite\n|-damage|p1b: Dragonite|39\/100\n|move|p1b: Dragonite|Stomping Tantrum|p2a: Electabuzz\n|-supereffective|p2a: Electabuzz\n|-crit|p2a: Electabuzz\n|-damage|p2a: Electabuzz|0 fnt\n|faint|p2a: Electabuzz\n|move|p1a: Kingambit|Kowtow Cleave|p2b: Volcarona\n|-damage|p2b: Volcarona|0 fnt\n|faint|p2b: Volcarona\n|\n|upkeep\n|\n|t:|1727674171\n|switch|p2b: Ursaluna|Ursaluna-Bloodmoon, L50, M|100\/100\n|switch|p2a: Rillaboom|Rillaboom, L50, M|100\/100\n|-fieldstart|move: Grassy Terrain|[from] ability: Grassy Surge|[of] p2a: Rillaboom\n|turn|5\n|inactive|Xeoffee has 30 seconds left.\n|\n|t:|1727674203\n|move|p2a: Rillaboom|Fake Out|p1b: Dragonite\n|-damage|p1b: Dragonite|24\/100\n|cant|p1b: Dragonite|flinch\n|move|p2b: Ursaluna|Earth Power|p1a: Kingambit\n|-supereffective|p1a: Kingambit\n|-damage|p1a: Kingambit|7\/100\n|-damage|p2b: Ursaluna|91\/100|[from] item: Life Orb\n|move|p1a: Kingambit|Low Kick|p2b: Ursaluna\n|-supereffective|p2b: Ursaluna\n|-damage|p2b: Ursaluna|0 fnt\n|faint|p2b: Ursaluna\n|\n|-heal|p1a: Kingambit|13\/100|[from] Grassy Terrain\n|upkeep\n|turn|6\n|\n|t:|1727674219\n|move|p1b: Dragonite|Extreme Speed|p2a: Rillaboom\n|-damage|p2a: Rillaboom|64\/100\n|move|p2a: Rillaboom|Grassy Glide|p1a: Kingambit\n|-resisted|p1a: Kingambit\n|-damage|p1a: Kingambit|0 fnt\n|faint|p1a: Kingambit\n|\n|-heal|p2a: Rillaboom|70\/100|[from] Grassy Terrain\n|upkeep\n|\n|t:|1727674229\n|switch|p1a: Sneasler|Sneasler, L50, M|81\/100\n|turn|7\n|-message|Xeoffee forfeited.\n|\n|win|elvegis1\n|raw|elvegis1's rating: 1666 &rarr; <strong>1692<\/strong><br \/>(+26 for winning)\n|raw|Xeoffee's rating: 1776 &rarr; <strong>1750<\/strong><br \/>(-26 for losing)\n|l|\u2606Xeoffee\n|player|p2|\n|l|\u2606elvegis1\n|player|p1|\n","uploadtime":1727674491,"views":24,"formatid":"gen9vgc2024regh","rating":1692,"private":0,"password":null}