{"id":"gen9vgc2024regh-2212480877","format":"[Gen 9] VGC 2024 Reg H","players":["actuary97","Mage26"],"log":"|j|\u2606actuary97\n|j|\u2606Mage26\n|t:|1727655641\n|gametype|doubles\n|player|p1|actuary97|sabrina-frlg|1694\n|player|p2|Mage26|gambler|1735\n|teamsize|p1|6\n|teamsize|p2|6\n|gen|9\n|tier|[Gen 9] VGC 2024 Reg H\n|rated|\n|rule|Species Clause: Limit one of each Pok\u00e9mon\n|rule|Item Clause: Limit 1 of each item\n|clearpoke\n|poke|p1|Ninetales, L50, M|\n|poke|p1|Whimsicott, L50, F|\n|poke|p1|Gallade, L50, M|\n|poke|p1|Malamar, L50, F|\n|poke|p1|Indeedee, L50, M|\n|poke|p1|Archaludon, L50, F|\n|poke|p2|Garchomp, L50, F|\n|poke|p2|Gardevoir, L50, F|\n|poke|p2|Talonflame, L50, M|\n|poke|p2|Toxtricity, L50, M|\n|poke|p2|Tsareena, L50, F|\n|poke|p2|Basculegion, L50, M|\n|teampreview|4\n|inactive|Battle timer is ON: inactive players will automatically lose when time's up. (requested by Mage26)\nactuary97 has agreed to open team sheets.\n|c|\u2606actuary97|cool team\nMage26 has agreed to open team sheets.\n|c|\u2606Mage26|Thnx you too\n|inactive|actuary97 has 30 seconds left.\n|inactive|Mage26 has 30 seconds left.\n|inactive|actuary97 has 20 seconds left.\n|inactive|Mage26 has 20 seconds left.\n|inactive|actuary97 has 15 seconds left.\n|j| Trainer Jaeger\n|inactive|actuary97 has 10 seconds left.\n|\n|t:|1727655705\n|start\n|switch|p1a: Mischief Mother|Whimsicott, L50, F, shiny|100\/100\n|switch|p1b: Bridget|Archaludon, L50, F, shiny|100\/100\n|switch|p2a: Talonflame|Talonflame, L50, M|100\/100\n|switch|p2b: Toxtricity|Toxtricity, L50, M|100\/100\n|turn|1\n|\n|t:|1727655722\n|-terastallize|p2a: Talonflame|Ghost\n|move|p2a: Talonflame|Tailwind|p2a: Talonflame\n|-sidestart|p2: Mage26|move: Tailwind\n|move|p1a: Mischief Mother|Tailwind|p1a: Mischief Mother\n|-sidestart|p1: actuary97|move: Tailwind\n|move|p2b: Toxtricity|Boomburst|p1b: Bridget|[spread] p1a,p1b\n|-immune|p2a: Talonflame\n|-resisted|p1b: Bridget\n|-damage|p1a: Mischief Mother|5\/100\n|-damage|p1b: Bridget|79\/100\n|-ability|p1b: Bridget|Stamina|boost\n|-boost|p1b: Bridget|def|1\n|move|p1b: Bridget|Snarl|p2b: Toxtricity|[spread] p2a,p2b\n|-supereffective|p2a: Talonflame\n|-damage|p2a: Talonflame|57\/100\n|-damage|p2b: Toxtricity|91\/100\n|-unboost|p2b: Toxtricity|spa|1\n|\n|upkeep\n|turn|2\n|j| edoreon55555vgc\n|\n|t:|1727655741\n|move|p1a: Mischief Mother|Encore|p2a: Talonflame\n|-start|p2a: Talonflame|Encore\n|move|p2a: Talonflame|Tailwind||[still]\n|-fail|p2a: Talonflame\n|move|p2b: Toxtricity|Boomburst|p1a: Mischief Mother|[spread] p1a,p1b\n|-immune|p2a: Talonflame\n|-resisted|p1b: Bridget\n|-damage|p1a: Mischief Mother|0 fnt\n|-damage|p1b: Bridget|65\/100\n|-ability|p1b: Bridget|Stamina|boost\n|-boost|p1b: Bridget|def|1\n|faint|p1a: Mischief Mother\n|move|p1b: Bridget|Snarl|p2a: Talonflame|[spread] p2a,p2b\n|-supereffective|p2a: Talonflame\n|-damage|p2a: Talonflame|19\/100\n|-damage|p2b: Toxtricity|81\/100\n|-unboost|p2b: Toxtricity|spa|1\n|\n|upkeep\n|\n|t:|1727655752\n|switch|p1a: Tapu Deedee|Indeedee, L50, M, shiny|100\/100\n|-fieldstart|move: Psychic Terrain|[from] ability: Psychic Surge|[of] p1a: Tapu Deedee\n|turn|3\n|\n|t:|1727655769\n|switch|p2b: Basculegion|Basculegion, L50, M|100\/100\n|move|p2a: Talonflame|Tailwind||[still]\n|-fail|p2a: Talonflame\n|move|p1a: Tapu Deedee|Expanding Force|p2b: Basculegion|[spread] p2a,p2b\n|-damage|p2a: Talonflame|0 fnt\n|-damage|p2b: Basculegion|4\/100\n|faint|p2a: Talonflame\n|move|p1b: Bridget|Electro Shot||[still]\n|-prepare|p1b: Bridget|Electro Shot\n|-boost|p1b: Bridget|spa|1\n|\n|upkeep\n|\n|t:|1727655786\n|switch|p2a: Garchomp|Garchomp, L50, F|100\/100\n|turn|4\n|\n|t:|1727655796\n|move|p2b: Basculegion|Wave Crash|p1a: Tapu Deedee\n|-damage|p1a: Tapu Deedee|0 fnt\n|faint|p1a: Tapu Deedee\n|-damage|p2b: Basculegion|0 fnt|[from] Recoil\n|faint|p2b: Basculegion\n|move|p2a: Garchomp|Stomping Tantrum|p1b: Bridget\n|-supereffective|p1b: Bridget\n|-damage|p1b: Bridget|37\/100\n|-ability|p1b: Bridget|Stamina|boost\n|-boost|p1b: Bridget|def|1\n|move|p1b: Bridget|Electro Shot|p2a: Garchomp|[from]lockedmove\n|-immune|p2a: Garchomp\n|\n|-sideend|p2: Mage26|move: Tailwind\n|-sideend|p1: actuary97|move: Tailwind\n|upkeep\n|\n|t:|1727655808\n|switch|p1a: \u2694\ufe0fKing\u2694\ufe0f|Gallade, L50, M, shiny|100\/100\n|switch|p2b: Toxtricity|Toxtricity, L50, M|81\/100\n|turn|5\n|c|\u2606actuary97|I always forget I can't tera while in e shot mode\n|\n|t:|1727655822\n|-terastallize|p1a: \u2694\ufe0fKing\u2694\ufe0f|Grass\n|move|p2a: Garchomp|Dragon Claw|p1a: \u2694\ufe0fKing\u2694\ufe0f\n|-damage|p1a: \u2694\ufe0fKing\u2694\ufe0f|26\/100\n|move|p2b: Toxtricity|Overdrive|p1b: Bridget|[spread] p1a,p1b\n|-resisted|p1a: \u2694\ufe0fKing\u2694\ufe0f\n|-resisted|p1b: Bridget\n|-damage|p1a: \u2694\ufe0fKing\u2694\ufe0f|0 fnt\n|-damage|p1b: Bridget|20\/100\n|-ability|p1b: Bridget|Stamina|boost\n|-boost|p1b: Bridget|def|1\n|faint|p1a: \u2694\ufe0fKing\u2694\ufe0f\n|move|p1b: Bridget|Body Press|p2a: Garchomp\n|-crit|p2a: Garchomp\n|-damage|p2a: Garchomp|0 fnt\n|-damage|p1b: Bridget|8\/100|[from] ability: Rough Skin|[of] p2a: Garchomp\n|faint|p2a: Garchomp\n|\n|upkeep\n|turn|6\n|\n|t:|1727655836\n|move|p2b: Toxtricity|Overdrive|p1b: Bridget\n|-resisted|p1b: Bridget\n|-damage|p1b: Bridget|0 fnt\n|faint|p1b: Bridget\n|\n|win|Mage26\n|raw|actuary97's rating: 1694 &rarr; <strong>1676<\/strong><br \/>(-18 for losing)\n|raw|Mage26's rating: 1735 &rarr; <strong>1753<\/strong><br \/>(+18 for winning)\n|c|\u2606actuary97|gg\n|c|\u2606Mage26|Gg\n|l|\u2606actuary97\n|player|p1|\n|l| Trainer Jaeger\n|l|\u2606Mage26\n|player|p2|\n|l| edoreon55555vgc\n","uploadtime":1727656079,"views":14,"formatid":"gen9vgc2024regh","rating":1676,"private":0,"password":null}