{"id":"gen9vgc2024regh-2213661709","format":"[Gen 9] VGC 2024 Reg H","players":["DeyTey","tyuiop112"],"log":"|j|\u2606DeyTey\n|j|\u2606tyuiop112\n|t:|1727800226\n|gametype|doubles\n|player|p1|DeyTey|lucas|1699\n|player|p2|tyuiop112|102|1670\n|teamsize|p1|6\n|teamsize|p2|6\n|gen|9\n|tier|[Gen 9] VGC 2024 Reg H\n|rated|\n|rule|Species Clause: Limit one of each Pok\u00e9mon\n|rule|Item Clause: Limit 1 of each item\n|clearpoke\n|poke|p1|Ninetales, L50, F|\n|poke|p1|Indeedee-F, L50, F|\n|poke|p1|Whimsicott, L50, M|\n|poke|p1|Typhlosion-Hisui, L50, M|\n|poke|p1|Meowscarada, L50, F|\n|poke|p1|Dragonite, L50, M|\n|poke|p2|Incineroar, L50, F|\n|poke|p2|Garchomp, L50, M|\n|poke|p2|Dragonite, L50, F|\n|poke|p2|Ninetales-Alola, L50, F|\n|poke|p2|Amoonguss, L50, M|\n|poke|p2|Kingambit, L50, M|\n|teampreview|4\n|\n|t:|1727800257\n|start\n|switch|p1a: Whimsicott|Whimsicott, L50, M, shiny|100\/100\n|switch|p1b: Dragonite|Dragonite, L50, M, shiny|100\/100\n|switch|p2a: Incineroar|Incineroar, L50, F|100\/100\n|switch|p2b: Amoonguss|Amoonguss, L50, M|100\/100\n|-ability|p2a: Incineroar|Intimidate|boost\n|-unboost|p1a: Whimsicott|atk|1\n|-fail|p1b: Dragonite|unboost|Attack|[from] ability: Inner Focus|[of] p1b: Dragonite\n|turn|1\n|\n|t:|1727800275\n|switch|p1a: Typhlosion|Typhlosion-Hisui, L50, M, shiny|100\/100\n|move|p1b: Dragonite|Protect|p1b: Dragonite\n|-singleturn|p1b: Dragonite|Protect\n|move|p2a: Incineroar|Parting Shot|p1b: Dragonite\n|-activate|p1b: Dragonite|move: Protect\n|move|p2b: Amoonguss|Clear Smog|p1a: Typhlosion\n|-resisted|p1a: Typhlosion\n|-damage|p1a: Typhlosion|90\/100\n|-clearboost|p1a: Typhlosion\n|\n|upkeep\n|turn|2\n|j| BreadTest\n|j| tytht\n|\n|t:|1727800297\n|-terastallize|p1a: Typhlosion|Fire\n|-terastallize|p2b: Amoonguss|Water\n|move|p1a: Typhlosion|Eruption|p2a: Incineroar|[spread] p2a,p2b\n|-resisted|p2a: Incineroar\n|-crit|p2a: Incineroar\n|-resisted|p2b: Amoonguss\n|-damage|p2a: Incineroar|29\/100\n|-damage|p2b: Amoonguss|59\/100\n|move|p1b: Dragonite|Scale Shot|p2b: Amoonguss\n|-damage|p2b: Amoonguss|48\/100\n|-enditem|p2b: Amoonguss|Sitrus Berry|[eat]\n|-heal|p2b: Amoonguss|73\/100|[from] item: Sitrus Berry\n|-damage|p2b: Amoonguss|62\/100\n|-damage|p2b: Amoonguss|52\/100\n|-damage|p2b: Amoonguss|42\/100\n|-damage|p2b: Amoonguss|32\/100\n|-hitcount|p2b: Amoonguss|5\n|-unboost|p1b: Dragonite|def|1\n|-boost|p1b: Dragonite|spe|1\n|move|p2a: Incineroar|Knock Off|p1a: Typhlosion\n|-damage|p1a: Typhlosion|33\/100\n|-enditem|p1a: Typhlosion|Choice Specs|[from] move: Knock Off|[of] p2a: Incineroar\n|move|p2b: Amoonguss|Spore|p1b: Dragonite\n|-status|p1b: Dragonite|slp|[from] move: Spore\n|\n|upkeep\n|turn|3\n|\n|t:|1727800346\n|switch|p2b: Garchomp|Garchomp, L50, M|100\/100\n|cant|p1b: Dragonite|slp\n|move|p1a: Typhlosion|Shadow Ball|p2b: Garchomp\n|-damage|p2b: Garchomp|54\/100\n|move|p2a: Incineroar|Knock Off|p1b: Dragonite\n|-damage|p1b: Dragonite|42\/100 slp\n|-enditem|p1b: Dragonite|Loaded Dice|[from] move: Knock Off|[of] p2a: Incineroar\n|\n|upkeep\n|turn|4\n|j| chaoneng\n|\n|t:|1727800388\n|switch|p1a: Whimsicott|Whimsicott, L50, M, shiny|100\/100\n|cant|p1b: Dragonite|slp\n|move|p2b: Garchomp|Stomping Tantrum|p1a: Whimsicott\n|-resisted|p1a: Whimsicott\n|-damage|p1a: Whimsicott|71\/100\n|-damage|p2b: Garchomp|45\/100|[from] item: Life Orb\n|move|p2a: Incineroar|Parting Shot|p1b: Dragonite\n|-unboost|p1b: Dragonite|atk|1\n|-unboost|p1b: Dragonite|spa|1\n|\n|t:|1727800406\n|switch|p2a: Amoonguss|Amoonguss, L50, M, tera:Water|65\/100|[from] Parting Shot\n|\n|upkeep\n|turn|5\n|\n|t:|1727800419\n|move|p2b: Garchomp|Protect|p2b: Garchomp\n|-singleturn|p2b: Garchomp|Protect\n|-curestatus|p1b: Dragonite|slp|[msg]\n|move|p1b: Dragonite|Scale Shot|p2a: Amoonguss\n|-damage|p2a: Amoonguss|58\/100\n|-damage|p2a: Amoonguss|51\/100\n|-hitcount|p2a: Amoonguss|2\n|-unboost|p1b: Dragonite|def|1\n|-boost|p1b: Dragonite|spe|1\n|move|p1a: Whimsicott|Moonblast|p2b: Garchomp\n|-activate|p2b: Garchomp|move: Protect\n|move|p2a: Amoonguss|Clear Smog|p1a: Whimsicott\n|-supereffective|p1a: Whimsicott\n|-damage|p1a: Whimsicott|0 fnt\n|-clearboost|p1a: Whimsicott\n|faint|p1a: Whimsicott\n|\n|upkeep\n|\n|t:|1727800428\n|switch|p1a: Indeedee|Indeedee-F, L50, F, shiny|100\/100\n|-fieldstart|move: Psychic Terrain|[from] ability: Psychic Surge|[of] p1a: Indeedee\n|turn|6\n|l| chaoneng\n|\n|t:|1727800461\n|switch|p2b: Incineroar|Incineroar, L50, F|29\/100\n|-ability|p2b: Incineroar|Intimidate|boost\n|-unboost|p1a: Indeedee|atk|1\n|-fail|p1b: Dragonite|unboost|Attack|[from] ability: Inner Focus|[of] p1b: Dragonite\n|move|p1b: Dragonite|Scale Shot|p2a: Amoonguss\n|-damage|p2a: Amoonguss|43\/100\n|-damage|p2a: Amoonguss|37\/100\n|-hitcount|p2a: Amoonguss|2\n|-unboost|p1b: Dragonite|def|1\n|-boost|p1b: Dragonite|spe|1\n|move|p1a: Indeedee|Psychic|p2a: Amoonguss\n|-damage|p2a: Amoonguss|3\/100\n|move|p2a: Amoonguss|Spore|p1a: Indeedee\n|-status|p1a: Indeedee|slp|[from] move: Spore\n|\n|upkeep\n|turn|7\n|\n|t:|1727800489\n|switch|p1b: Typhlosion|Typhlosion-Hisui, L50, M, shiny, tera:Fire|33\/100\n|cant|p1a: Indeedee|slp\n|move|p2b: Incineroar|Knock Off|p1a: Indeedee\n|-supereffective|p1a: Indeedee\n|-damage|p1a: Indeedee|32\/100 slp\n|-damage|p2b: Incineroar|13\/100|[from] item: Rocky Helmet|[of] p1a: Indeedee\n|-enditem|p1a: Indeedee|Rocky Helmet|[from] move: Knock Off|[of] p2b: Incineroar\n|move|p2a: Amoonguss|Pollen Puff|p2b: Incineroar\n|-heal|p2b: Incineroar|63\/100\n|\n|upkeep\n|turn|8\n|j| Unlnown\n|j| chaoneng\n|\n|t:|1727800519\n|cant|p1a: Indeedee|slp\n|move|p1b: Typhlosion|Heat Wave|p2b: Incineroar|[spread] p2a,p2b\n|-resisted|p2a: Amoonguss\n|-resisted|p2b: Incineroar\n|-damage|p2a: Amoonguss|0 fnt\n|-damage|p2b: Incineroar|32\/100\n|faint|p2a: Amoonguss\n|move|p2b: Incineroar|Knock Off|p1b: Typhlosion\n|-damage|p1b: Typhlosion|0 fnt\n|faint|p1b: Typhlosion\n|\n|upkeep\n|\n|t:|1727800531\n|switch|p1b: Dragonite|Dragonite, L50, M, shiny|42\/100\n|switch|p2a: Dragonite|Dragonite, L50, F|100\/100\n|turn|9\n|\n|t:|1727800545\n|move|p2a: Dragonite|Extreme Speed|p1b: Dragonite\n|-hint|Psychic Terrain doesn't affect Pok\u00e9mon immune to Ground.\n|-damage|p1b: Dragonite|12\/100\n|cant|p1a: Indeedee|slp\n|move|p1b: Dragonite|Scale Shot|p2a: Dragonite\n|-supereffective|p2a: Dragonite\n|-damage|p2a: Dragonite|86\/100\n|-supereffective|p2a: Dragonite\n|-damage|p2a: Dragonite|52\/100\n|-hitcount|p2a: Dragonite|2\n|-unboost|p1b: Dragonite|def|1\n|-boost|p1b: Dragonite|spe|1\n|move|p2b: Incineroar|Knock Off|p1b: Dragonite\n|-damage|p1b: Dragonite|0 fnt\n|faint|p1b: Dragonite\n|\n|upkeep\n|turn|10\n|-message|DeyTey forfeited.\n|\n|win|tyuiop112\n|raw|DeyTey's rating: 1699 &rarr; <strong>1677<\/strong><br \/>(-22 for losing)\n|raw|tyuiop112's rating: 1670 &rarr; <strong>1692<\/strong><br \/>(+22 for winning)\n|l|\u2606DeyTey\n|player|p1|\n|l|\u2606tyuiop112\n|player|p2|\n|l| Unlnown\n|l| BreadTest\n|l| chaoneng\n","uploadtime":1727800771,"views":12,"formatid":"gen9vgc2024regh","rating":1677,"private":0,"password":null}