{"id":"gen9vgc2024regh-2213424075","format":"[Gen 9] VGC 2024 Reg H","players":["Marchingegno","AndriCons"],"log":"|j|\u2606Marchingegno\n|j|\u2606AndriCons\n|t:|1727773348\n|gametype|doubles\n|player|p1|Marchingegno|cynthia|1698\n|player|p2|AndriCons|2|1758\n|teamsize|p1|6\n|teamsize|p2|6\n|gen|9\n|tier|[Gen 9] VGC 2024 Reg H\n|rated|\n|rule|Species Clause: Limit one of each Pok\u00e9mon\n|rule|Item Clause: Limit 1 of each item\n|clearpoke\n|poke|p1|Volcarona, L50, F|\n|poke|p1|Primarina, L50, F|\n|poke|p1|Sneasler, L50, F|\n|poke|p1|Dragapult, L50, F|\n|poke|p1|Kingambit, L50, M|\n|poke|p1|Rillaboom, L50, F|\n|poke|p2|Maushold, L50|\n|poke|p2|Annihilape, L50, M|\n|poke|p2|Sinistcha, L50|\n|poke|p2|Incineroar, L50, M|\n|poke|p2|Pelipper, L50, F|\n|poke|p2|Archaludon, L50, M|\n|teampreview|4\n|\n|t:|1727773381\n|start\n|switch|p1a: Volcarona|Volcarona, L50, F, shiny|100\/100\n|switch|p1b: Rillaboom|Rillaboom, L50, F|100\/100\n|switch|p2a: Maushold|Maushold, L50|100\/100\n|switch|p2b: Archaludon|Archaludon, L50, M|100\/100\n|-fieldstart|move: Grassy Terrain|[from] ability: Grassy Surge|[of] p1b: Rillaboom\n|-enditem|p1a: Volcarona|Grassy Seed\n|-boost|p1a: Volcarona|def|1|[from] item: Grassy Seed\n|turn|1\n|inactive|Battle timer is ON: inactive players will automatically lose when time's up. (requested by Marchingegno)\n|inactive|AndriCons has 60 seconds left.\n|\n|t:|1727773418\n|-terastallize|p2a: Maushold|Ghost\n|move|p1b: Rillaboom|Fake Out|p2b: Archaludon\n|-resisted|p2b: Archaludon\n|-damage|p2b: Archaludon|97\/100\n|-ability|p2b: Archaludon|Stamina|boost\n|-boost|p2b: Archaludon|def|1\n|move|p2a: Maushold|Taunt|p1a: Volcarona\n|-start|p1a: Volcarona|move: Taunt\n|cant|p2b: Archaludon|flinch\n|cant|p1a: Volcarona|move: Taunt|Quiver Dance\n|\n|-heal|p2b: Archaludon|100\/100|[from] Grassy Terrain\n|upkeep\n|turn|2\n|inactive|AndriCons has 30 seconds left.\n|j| hackervgc\n|inactive|AndriCons has 20 seconds left.\n|inactive|AndriCons has 15 seconds left.\n|inactive|AndriCons has 10 seconds left.\n|inactive|AndriCons has 5 seconds left.\n|\n|t:|1727773471\n|switch|p2a: Pelipper|Pelipper, L50, F|100\/100\n|-weather|RainDance|[from] ability: Drizzle|[of] p2a: Pelipper\n|move|p2b: Archaludon|Electro Shot||[still]\n|-prepare|p2b: Archaludon|Electro Shot\n|-boost|p2b: Archaludon|spa|1\n|-anim|p2b: Archaludon|Electro Shot|p1a: Volcarona\n|-damage|p1a: Volcarona|50\/100\n|move|p1a: Volcarona|Heat Wave|p2b: Archaludon|[spread] p2a,p2b\n|-resisted|p2a: Pelipper\n|-damage|p2a: Pelipper|86\/100\n|-damage|p2b: Archaludon|85\/100\n|-ability|p2b: Archaludon|Stamina|boost\n|-boost|p2b: Archaludon|def|1\n|move|p1b: Rillaboom|Wood Hammer|p2a: Pelipper\n|-damage|p2a: Pelipper|0 fnt\n|faint|p2a: Pelipper\n|-damage|p1b: Rillaboom|81\/100|[from] Recoil\n|\n|-weather|RainDance|[upkeep]\n|-heal|p2b: Archaludon|91\/100|[from] Grassy Terrain\n|-heal|p1a: Volcarona|56\/100|[from] Grassy Terrain\n|-heal|p1b: Rillaboom|87\/100|[from] Grassy Terrain\n|upkeep\n|j| mr pogostick\n|\n|t:|1727773496\n|switch|p2a: Maushold|Maushold, L50, tera:Ghost|100\/100\n|turn|3\n|\n|t:|1727773512\n|move|p2a: Maushold|Protect|p2a: Maushold\n|-singleturn|p2a: Maushold|Protect\n|move|p2b: Archaludon|Electro Shot||[still]\n|-prepare|p2b: Archaludon|Electro Shot\n|-boost|p2b: Archaludon|spa|1\n|-anim|p2b: Archaludon|Electro Shot|p1a: Volcarona\n|-crit|p1a: Volcarona\n|-damage|p1a: Volcarona|0 fnt\n|faint|p1a: Volcarona\n|move|p1b: Rillaboom|Wood Hammer|p2a: Maushold\n|-activate|p2a: Maushold|move: Protect\n|\n|-weather|RainDance|[upkeep]\n|-heal|p2b: Archaludon|97\/100|[from] Grassy Terrain\n|-heal|p1b: Rillaboom|93\/100|[from] Grassy Terrain\n|upkeep\n|\n|t:|1727773517\n|switch|p1a: Sneasler|Sneasler, L50, F|100\/100\n|turn|4\n|inactive|AndriCons has 30 seconds left.\n|\n|t:|1727773546\n|move|p1a: Sneasler|Fake Out|p2b: Archaludon\n|-resisted|p2b: Archaludon\n|-damage|p2b: Archaludon|95\/100\n|-ability|p2b: Archaludon|Stamina|boost\n|-boost|p2b: Archaludon|def|1\n|move|p2a: Maushold|Beat Up|p2b: Archaludon\n|-damage|p2b: Archaludon|94\/100\n|-ability|p2b: Archaludon|Stamina|boost\n|-boost|p2b: Archaludon|def|1\n|-damage|p2b: Archaludon|94\/100\n|-ability|p2b: Archaludon|Stamina|boost\n|-boost|p2b: Archaludon|def|1\n|-damage|p2b: Archaludon|93\/100\n|-ability|p2b: Archaludon|Stamina|boost\n|-boost|p2b: Archaludon|def|1\n|-hitcount|p2b: Archaludon|3\n|cant|p2b: Archaludon|flinch\n|move|p1b: Rillaboom|Wood Hammer|p2a: Maushold\n|-damage|p2a: Maushold|0 fnt\n|faint|p2a: Maushold\n|-damage|p1b: Rillaboom|63\/100|[from] Recoil\n|\n|-weather|RainDance|[upkeep]\n|-heal|p2b: Archaludon|99\/100|[from] Grassy Terrain\n|-heal|p1b: Rillaboom|69\/100|[from] Grassy Terrain\n|upkeep\n|\n|t:|1727773570\n|switch|p2a: Sinistcha|Sinistcha, L50|100\/100\n|-heal|p2b: Archaludon|100\/100|[from] ability: Hospitality|[of] p2a: Sinistcha\n|turn|5\n|\n|t:|1727773590\n|-terastallize|p1a: Sneasler|Stellar\n|move|p1a: Sneasler|Close Combat|p2b: Archaludon\n|-supereffective|p2b: Archaludon\n|-damage|p2b: Archaludon|66\/100\n|-unboost|p1a: Sneasler|def|1\n|-unboost|p1a: Sneasler|spd|1\n|move|p2b: Archaludon|Electro Shot||[still]\n|-prepare|p2b: Archaludon|Electro Shot\n|-boost|p2b: Archaludon|spa|1\n|-anim|p2b: Archaludon|Electro Shot|p1a: Sneasler\n|-enditem|p1a: Sneasler|Focus Sash\n|-damage|p1a: Sneasler|1\/100\n|move|p1b: Rillaboom|High Horsepower|p2b: Archaludon\n|-supereffective|p2b: Archaludon\n|-damage|p2b: Archaludon|53\/100\n|move|p2a: Sinistcha|Matcha Gotcha|p1a: Sneasler|[spread] p1a,p1b\n|-resisted|p1a: Sneasler\n|-resisted|p1b: Rillaboom\n|-damage|p1a: Sneasler|0 fnt\n|-damage|p1b: Rillaboom|58\/100\n|faint|p1a: Sneasler\n|\n|-weather|RainDance|[upkeep]\n|-heal|p2b: Archaludon|59\/100|[from] Grassy Terrain\n|-heal|p1b: Rillaboom|64\/100|[from] Grassy Terrain\n|-fieldend|move: Grassy Terrain\n|upkeep\n|-message|Marchingegno forfeited.\n|\n|win|AndriCons\n|raw|Marchingegno's rating: 1698 &rarr; <strong>1681<\/strong><br \/>(-17 for losing)\n|raw|AndriCons's rating: 1758 &rarr; <strong>1775<\/strong><br \/>(+17 for winning)\n|l|\u2606Marchingegno\n|player|p1|\n|l| hackervgc\n|l| mr pogostick\n|l|\u2606AndriCons\n|player|p2|\n","uploadtime":1727773760,"views":23,"formatid":"gen9vgc2024regh","rating":1681,"private":0,"password":null}