{"id":"gen9vgc2024regh-2213764450","format":"[Gen 9] VGC 2024 Reg H","players":["fangame10","very demure"],"log":"|j|\u2606fangame10\n|j|\u2606very demure\n|t:|1727809009\n|gametype|doubles\n|player|p1|fangame10|red|1716\n|player|p2|very demure|dawn-gen4pt|1704\n|teamsize|p1|6\n|teamsize|p2|6\n|gen|9\n|tier|[Gen 9] VGC 2024 Reg H\n|rated|\n|rule|Species Clause: Limit one of each Pok\u00e9mon\n|rule|Item Clause: Limit 1 of each item\n|clearpoke\n|poke|p1|Baxcalibur, L50, F|\n|poke|p1|Ninetales-Alola, L50, F|\n|poke|p1|Milotic, L50, M|\n|poke|p1|Skeledirge, L50, M|\n|poke|p1|Rillaboom, L50, M|\n|poke|p1|Sneasler, L50, M|\n|poke|p2|Kilowattrel, L50, F|\n|poke|p2|Garchomp, L50, F|\n|poke|p2|Weezing-Galar, L50, M|\n|poke|p2|Toedscruel, L50, M|\n|poke|p2|Corviknight, L50, M|\n|poke|p2|Typhlosion-Hisui, L50, M|\n|teampreview|4\n|inactive|Battle timer is ON: inactive players will automatically lose when time's up. (requested by fangame10)\n|j| don mcbozo\n|inactive|fangame10 has 60 seconds left.\n|inactive|very demure has 60 seconds left.\n|j| fasdfasdfddddd\n|inactive|very demure has 30 seconds left.\n|\n|t:|1727809078\n|start\n|switch|p1a: Ninetales|Ninetales-Alola, L50, F, shiny|100\/100\n|switch|p1b: Milotic|Milotic, L50, M, shiny|100\/100\n|switch|p2a: Weezing|Weezing-Galar, L50, M|100\/100\n|switch|p2b: Toedscruel|Toedscruel, L50, M|100\/100\n|-ability|p2a: Weezing|Neutralizing Gas\n|turn|1\n|\n|t:|1727809098\n|-terastallize|p2b: Toedscruel|Water\n|move|p1a: Ninetales|Blizzard|p2b: Toedscruel|[spread] \n|-miss|p1a: Ninetales|p2a: Weezing\n|-miss|p1a: Ninetales|p2b: Toedscruel\n|move|p2b: Toedscruel|Spore|p1b: Milotic\n|-status|p1b: Milotic|slp|[from] move: Spore\n|cant|p1b: Milotic|slp\n|move|p2a: Weezing|Sludge Bomb|p1a: Ninetales\n|-supereffective|p1a: Ninetales\n|-damage|p1a: Ninetales|0 fnt\n|faint|p1a: Ninetales\n|\n|upkeep\n|\n|t:|1727809105\n|switch|p1a: Sneasler|Sneasler, L50, M, shiny|100\/100\n|turn|2\n|j| oherrodersir\n|l| don mcbozo\n|\n|t:|1727809125\n|move|p1a: Sneasler|Fake Out|p2b: Toedscruel\n|-crit|p2b: Toedscruel\n|-damage|p2b: Toedscruel|71\/100\n|move|p2b: Toedscruel|Spore|p1a: Sneasler\n|-status|p1a: Sneasler|slp|[from] move: Spore\n|cant|p1b: Milotic|slp\n|move|p2a: Weezing|Sludge Bomb|p1b: Milotic\n|-damage|p1b: Milotic|71\/100 slp\n|\n|upkeep\n|turn|3\n|\n|t:|1727809139\n|cant|p1a: Sneasler|slp\n|move|p2b: Toedscruel|Earth Power|p1a: Sneasler\n|-supereffective|p1a: Sneasler\n|-damage|p1a: Sneasler|22\/100 slp\n|-curestatus|p1b: Milotic|slp|[msg]\n|move|p1b: Milotic|Hypnosis|p2a: Weezing\n|-status|p2a: Weezing|slp|[from] move: Hypnosis\n|cant|p2a: Weezing|slp\n|\n|upkeep\n|turn|4\n|\n|t:|1727809153\n|-terastallize|p1a: Sneasler|Stellar\n|cant|p1a: Sneasler|slp\n|move|p2b: Toedscruel|Spore|p1b: Milotic\n|-status|p1b: Milotic|slp|[from] move: Spore\n|cant|p1b: Milotic|slp\n|-curestatus|p2a: Weezing|slp|[msg]\n|move|p2a: Weezing|Sludge Bomb|p1a: Sneasler\n|-resisted|p1a: Sneasler\n|-damage|p1a: Sneasler|0 fnt\n|faint|p1a: Sneasler\n|\n|upkeep\n|\n|t:|1727809157\n|switch|p1a: Skeledirge|Skeledirge, L50, M, shiny|100\/100\n|turn|5\n|\n|t:|1727809165\n|move|p1a: Skeledirge|Protect|p1a: Skeledirge\n|-singleturn|p1a: Skeledirge|Protect\n|move|p2b: Toedscruel|Acid Spray|p1b: Milotic\n|-damage|p1b: Milotic|65\/100 slp\n|-unboost|p1b: Milotic|spd|2\n|cant|p1b: Milotic|slp\n|move|p2a: Weezing|Sludge Bomb|p1b: Milotic\n|-damage|p1b: Milotic|7\/100 slp\n|-enditem|p1b: Milotic|Sitrus Berry|[eat]\n|-heal|p1b: Milotic|31\/100 slp|[from] item: Sitrus Berry\n|\n|upkeep\n|turn|6\n|-message|fangame10 forfeited.\n|\n|win|very demure\n|raw|fangame10's rating: 1716 &rarr; <strong>1695<\/strong><br \/>(-21 for losing)\n|raw|very demure's rating: 1704 &rarr; <strong>1725<\/strong><br \/>(+21 for winning)\n|l|\u2606fangame10\n|player|p1|\n|l|\u2606very demure\n|player|p2|\n","uploadtime":1727809372,"views":57,"formatid":"gen9vgc2024regh","rating":1695,"private":0,"password":null}