{"id":"gen9vgc2024regh-2213656705","format":"[Gen 9] VGC 2024 Reg H","players":["datbishgames","tz99"],"log":"|j|\u2606datbishgames\n|j|\u2606tz99\n|t:|1727799796\n|gametype|doubles\n|player|p1|datbishgames|mira|1647\n|player|p2|tz99|102|1686\n|teamsize|p1|6\n|teamsize|p2|6\n|gen|9\n|tier|[Gen 9] VGC 2024 Reg H\n|rated|\n|rule|Species Clause: Limit one of each Pok\u00e9mon\n|rule|Item Clause: Limit 1 of each item\n|clearpoke\n|poke|p1|Whimsicott, L50, M|\n|poke|p1|Basculegion, L50, M|\n|poke|p1|Arcanine-Hisui, L50, M|\n|poke|p1|Hydreigon, L50, M|\n|poke|p1|Farigiraf, L50, F|\n|poke|p1|Pawmot, L50, F|\n|poke|p2|Gholdengo, L50|\n|poke|p2|Annihilape, L50, M|\n|poke|p2|Whimsicott, L50, M|\n|poke|p2|Dragonite, L50, F|\n|poke|p2|Kingambit, L50, F|\n|poke|p2|Volcarona, L50, M|\n|teampreview|4\n|inactive|Battle timer is ON: inactive players will automatically lose when time's up. (requested by datbishgames)\n|inactive|datbishgames has 60 seconds left.\n|\n|t:|1727799834\n|start\n|switch|p1a: Whimsicott|Whimsicott, L50, M|100\/100\n|switch|p1b: Hydreigon|Hydreigon, L50, M|100\/100\n|switch|p2a: Gholdengo|Gholdengo, L50|100\/100\n|switch|p2b: Dragonite|Dragonite, L50, F|100\/100\n|turn|1\n|\n|t:|1727799855\n|-terastallize|p2a: Gholdengo|Steel\n|-terastallize|p1b: Hydreigon|Fire\n|move|p1a: Whimsicott|Tailwind|p1a: Whimsicott\n|-sidestart|p1: datbishgames|move: Tailwind\n|move|p1b: Hydreigon|Heat Wave|p2a: Gholdengo|[spread] p2a,p2b\n|-supereffective|p2a: Gholdengo\n|-resisted|p2b: Dragonite\n|-damage|p2a: Gholdengo|0 fnt\n|-damage|p2b: Dragonite|88\/100\n|faint|p2a: Gholdengo\n|-damage|p1b: Hydreigon|91\/100|[from] item: Life Orb\n|move|p2b: Dragonite|Scale Shot|p1b: Hydreigon\n|-damage|p1b: Hydreigon|72\/100\n|-damage|p1b: Hydreigon|53\/100\n|-damage|p1b: Hydreigon|34\/100\n|-damage|p1b: Hydreigon|18\/100\n|-hitcount|p1b: Hydreigon|4\n|-unboost|p2b: Dragonite|def|1\n|-boost|p2b: Dragonite|spe|1\n|\n|upkeep\n|\n|t:|1727799879\n|switch|p2a: Annihilape|Annihilape, L50, M|100\/100\n|turn|2\n|\n|t:|1727799892\n|switch|p1b: Farigiraf|Farigiraf, L50, F|100\/100\n|move|p2b: Dragonite|Extreme Speed||[still]\n|cant|p1b: Farigiraf|ability: Armor Tail|Extreme Speed|[of] p2b: Dragonite\n|move|p1a: Whimsicott|Moonblast|p2a: Annihilape\n|-supereffective|p2a: Annihilape\n|-damage|p2a: Annihilape|49\/100\n|-unboost|p2a: Annihilape|spa|1\n|-ability|p2a: Annihilape|Defiant|boost\n|-boost|p2a: Annihilape|atk|2\n|-enditem|p2a: Annihilape|Sitrus Berry|[eat]\n|-heal|p2a: Annihilape|74\/100|[from] item: Sitrus Berry\n|move|p2a: Annihilape|Rage Fist|p1a: Whimsicott\n|-damage|p1a: Whimsicott|19\/100\n|\n|upkeep\n|turn|3\n|\n|t:|1727799913\n|switch|p2b: Whimsicott|Whimsicott, L50, M|100\/100\n|move|p1a: Whimsicott|Encore||[still]\n|-fail|p1a: Whimsicott\n|move|p1b: Farigiraf|Psychic|p2a: Annihilape\n|-supereffective|p2a: Annihilape\n|-damage|p2a: Annihilape|0 fnt\n|faint|p2a: Annihilape\n|\n|upkeep\n|\n|t:|1727799921\n|switch|p2a: Dragonite|Dragonite, L50, F|88\/100\n|turn|4\n|\n|t:|1727799931\n|move|p2a: Dragonite|Protect|p2a: Dragonite\n|-singleturn|p2a: Dragonite|Protect\n|move|p1a: Whimsicott|Moonblast|p2a: Dragonite\n|-activate|p2a: Dragonite|move: Protect\n|move|p2b: Whimsicott|Moonblast|p1a: Whimsicott\n|-damage|p1a: Whimsicott|0 fnt\n|faint|p1a: Whimsicott\n|move|p1b: Farigiraf|Hyper Voice|p2b: Whimsicott|[spread] p2b\n|-activate|p2a: Dragonite|move: Protect\n|-damage|p2b: Whimsicott|43\/100\n|-enditem|p1b: Farigiraf|Throat Spray\n|-boost|p1b: Farigiraf|spa|1|[from] item: Throat Spray\n|\n|-sideend|p1: datbishgames|move: Tailwind\n|upkeep\n|\n|t:|1727799939\n|switch|p1a: Hydreigon|Hydreigon, L50, M, tera:Fire|18\/100\n|turn|5\n|\n|t:|1727799950\n|move|p2b: Whimsicott|Tailwind|p2b: Whimsicott\n|-sidestart|p2: tz99|move: Tailwind\n|move|p2a: Dragonite|Scale Shot|p1a: Hydreigon\n|-damage|p1a: Hydreigon|1\/100\n|-crit|p1a: Hydreigon\n|-damage|p1a: Hydreigon|0 fnt\n|faint|p1a: Hydreigon\n|-hitcount|p1: Hydreigon|2\n|-unboost|p2a: Dragonite|def|1\n|-boost|p2a: Dragonite|spe|1\n|move|p1b: Farigiraf|Trick Room|p1b: Farigiraf\n|-fieldstart|move: Trick Room|[of] p1b: Farigiraf\n|\n|upkeep\n|\n|t:|1727799955\n|switch|p1a: Basculegion|Basculegion, L50, M|100\/100\n|turn|6\n|\n|t:|1727799965\n|move|p1b: Farigiraf|Psychic|p2b: Whimsicott\n|-damage|p2b: Whimsicott|0 fnt\n|faint|p2b: Whimsicott\n|move|p1a: Basculegion|Last Respects|p2a: Dragonite\n|-damage|p2a: Dragonite|0 fnt\n|faint|p2a: Dragonite\n|\n|win|datbishgames\n|raw|datbishgames's rating: 1647 &rarr; <strong>1669<\/strong><br \/>(+22 for winning)\n|raw|tz99's rating: 1686 &rarr; <strong>1664<\/strong><br \/>(-22 for losing)\n|l|\u2606tz99\n|player|p2|\n|l|\u2606datbishgames\n|player|p1|\n","uploadtime":1727800216,"views":19,"formatid":"gen9vgc2024regh","rating":1664,"private":0,"password":null}