{"id":"gen9vgc2024regh-2213745363","format":"[Gen 9] VGC 2024 Reg H","players":["fangame10","pokehys3"],"log":"|j|\u2606fangame10\n|j|\u2606pokehys3\n|t:|1727807356\n|gametype|doubles\n|player|p1|fangame10|red|1744\n|player|p2|pokehys3|169|1667\n|teamsize|p1|6\n|teamsize|p2|6\n|gen|9\n|tier|[Gen 9] VGC 2024 Reg H\n|rated|\n|rule|Species Clause: Limit one of each Pok\u00e9mon\n|rule|Item Clause: Limit 1 of each item\n|clearpoke\n|poke|p1|Baxcalibur, L50, F|\n|poke|p1|Ninetales-Alola, L50, F|\n|poke|p1|Milotic, L50, M|\n|poke|p1|Skeledirge, L50, M|\n|poke|p1|Rillaboom, L50, M|\n|poke|p1|Sneasler, L50, M|\n|poke|p2|Dragapult, L50, F|\n|poke|p2|Sneasler, L50, M|\n|poke|p2|Indeedee, L50, M|\n|poke|p2|Talonflame, L50, M|\n|poke|p2|Gholdengo, L50|\n|poke|p2|Amoonguss, L50, F|\n|teampreview|4\n|inactive|Battle timer is ON: inactive players will automatically lose when time's up. (requested by pokehys3)\n|inactive|fangame10 also wants the timer to be on.\n|j| Furret the one\n|j| axdw\n|j| Millamojake\n|inactive|pokehys3 has 60 seconds left.\n|\n|t:|1727807399\n|start\n|switch|p1a: Ninetales|Ninetales-Alola, L50, F, shiny|100\/100\n|switch|p1b: Sneasler|Sneasler, L50, M, shiny|100\/100\n|switch|p2a: Talonflame|Talonflame, L50, M|100\/100\n|switch|p2b: Gholdengo|Gholdengo, L50|100\/100\n|-weather|Snow|[from] ability: Snow Warning|[of] p1a: Ninetales\n|turn|1\n|j| Seaksos\n|inactive|fangame10 has 30 seconds left.\n|inactive|pokehys3 has 30 seconds left.\n|\n|t:|1727807427\n|move|p1a: Ninetales|Protect|p1a: Ninetales\n|-singleturn|p1a: Ninetales|Protect\n|move|p2a: Talonflame|Tailwind|p2a: Talonflame\n|-sidestart|p2: pokehys3|move: Tailwind\n|move|p2b: Gholdengo|Make It Rain|p1b: Sneasler|[spread] p1b\n|-activate|p1a: Ninetales|move: Protect\n|-enditem|p1b: Sneasler|Focus Sash\n|-damage|p1b: Sneasler|1\/100\n|-unboost|p2b: Gholdengo|spa|1\n|move|p1b: Sneasler|Dire Claw|p2a: Talonflame\n|-damage|p2a: Talonflame|31\/100\n|-status|p2a: Talonflame|psn\n|\n|-weather|Snow|[upkeep]\n|-damage|p2a: Talonflame|19\/100 psn|[from] psn\n|upkeep\n|turn|2\n|\n|t:|1727807443\n|switch|p1b: Milotic|Milotic, L50, M, shiny|100\/100\n|-terastallize|p1a: Ninetales|Ghost\n|move|p2a: Talonflame|Flare Blitz|p1a: Ninetales\n|-damage|p1a: Ninetales|10\/100\n|-damage|p2a: Talonflame|0 fnt|[from] Recoil\n|faint|p2a: Talonflame\n|move|p2b: Gholdengo|Make It Rain|p1a: Ninetales|[spread] p1a,p1b\n|-resisted|p1b: Milotic\n|-damage|p1a: Ninetales|0 fnt\n|-damage|p1b: Milotic|83\/100\n|-unboost|p2b: Gholdengo|spa|1\n|faint|p1a: Ninetales\n|\n|-weather|Snow|[upkeep]\n|upkeep\n|\n|t:|1727807458\n|switch|p2a: Sneasler|Sneasler, L50, M|100\/100\n|switch|p1a: Baxcalibur|Baxcalibur, L50, F, shiny|100\/100\n|turn|3\n|\n|t:|1727807477\n|move|p1a: Baxcalibur|Protect|p1a: Baxcalibur\n|-singleturn|p1a: Baxcalibur|Protect\n|move|p2a: Sneasler|Close Combat|p1a: Baxcalibur\n|-activate|p1a: Baxcalibur|move: Protect\n|move|p2b: Gholdengo|Make It Rain|p1a: Baxcalibur|[spread] p1b\n|-activate|p1a: Baxcalibur|move: Protect\n|-resisted|p1b: Milotic\n|-damage|p1b: Milotic|72\/100\n|-unboost|p2b: Gholdengo|spa|1\n|move|p1b: Milotic|Hypnosis|p2a: Sneasler|[miss]\n|-miss|p1b: Milotic|p2a: Sneasler\n|\n|-weather|Snow|[upkeep]\n|upkeep\n|turn|4\n|\n|t:|1727807494\n|switch|p2b: Indeedee|Indeedee, L50, M|100\/100\n|-fieldstart|move: Psychic Terrain|[from] ability: Psychic Surge|[of] p2b: Indeedee\n|-enditem|p2a: Sneasler|Psychic Seed\n|-boost|p2a: Sneasler|spd|1|[from] item: Psychic Seed\n|switch|p1a: Sneasler|Sneasler, L50, M, shiny|1\/100\n|move|p2a: Sneasler|Close Combat|p1a: Sneasler\n|-resisted|p1a: Sneasler\n|-damage|p1a: Sneasler|0 fnt\n|-unboost|p2a: Sneasler|def|1\n|-unboost|p2a: Sneasler|spd|1\n|faint|p1a: Sneasler\n|move|p1b: Milotic|Hypnosis|p2a: Sneasler\n|-status|p2a: Sneasler|slp|[from] move: Hypnosis\n|\n|-weather|Snow|[upkeep]\n|-sideend|p2: pokehys3|move: Tailwind\n|upkeep\n|\n|t:|1727807497\n|switch|p1a: Baxcalibur|Baxcalibur, L50, F, shiny|100\/100\n|turn|5\n|\n|t:|1727807521\n|cant|p2a: Sneasler|slp\n|move|p2b: Indeedee|Expanding Force|p1a: Baxcalibur|[spread] p1a,p1b\n|-damage|p1a: Baxcalibur|43\/100\n|-damage|p1b: Milotic|34\/100\n|-enditem|p1b: Milotic|Sitrus Berry|[eat]\n|-heal|p1b: Milotic|59\/100|[from] item: Sitrus Berry\n|move|p1a: Baxcalibur|Dragon Dance|p1a: Baxcalibur\n|-boost|p1a: Baxcalibur|atk|1\n|-boost|p1a: Baxcalibur|spe|1\n|move|p1b: Milotic|Hypnosis|p2b: Indeedee|[miss]\n|-miss|p1b: Milotic|p2b: Indeedee\n|\n|-weather|none\n|upkeep\n|turn|6\n|\n|t:|1727807537\n|move|p1a: Baxcalibur|Protect|p1a: Baxcalibur\n|-singleturn|p1a: Baxcalibur|Protect\n|-curestatus|p2a: Sneasler|slp|[msg]\n|move|p2a: Sneasler|Close Combat|p1b: Milotic\n|-damage|p1b: Milotic|0 fnt\n|-unboost|p2a: Sneasler|def|1\n|-unboost|p2a: Sneasler|spd|1\n|faint|p1b: Milotic\n|move|p2b: Indeedee|Expanding Force|p1a: Baxcalibur\n|-activate|p1a: Baxcalibur|move: Protect\n|\n|upkeep\n|turn|7\n|\n|t:|1727807547\n|move|p1a: Baxcalibur|Protect|p1a: Baxcalibur\n|-singleturn|p1a: Baxcalibur|Protect\n|move|p2a: Sneasler|Close Combat|p1a: Baxcalibur\n|-activate|p1a: Baxcalibur|move: Protect\n|move|p2b: Indeedee|Expanding Force|p1a: Baxcalibur\n|-activate|p1a: Baxcalibur|move: Protect\n|\n|upkeep\n|turn|8\n|\n|t:|1727807552\n|-terastallize|p2b: Indeedee|Fighting\n|move|p1a: Baxcalibur|Protect||[still]\n|-fail|p1a: Baxcalibur\n|move|p2a: Sneasler|Close Combat|p1a: Baxcalibur\n|-supereffective|p1a: Baxcalibur\n|-damage|p1a: Baxcalibur|0 fnt\n|-unboost|p2a: Sneasler|def|1\n|-unboost|p2a: Sneasler|spd|1\n|faint|p1a: Baxcalibur\n|\n|win|pokehys3\n|raw|fangame10's rating: 1744 &rarr; <strong>1720<\/strong><br \/>(-24 for losing)\n|raw|pokehys3's rating: 1667 &rarr; <strong>1691<\/strong><br \/>(+24 for winning)\n|l|\u2606fangame10\n|player|p1|\n|l| Millamojake\n|l| Seaksos\n|l| axdw\n|l|\u2606pokehys3\n|player|p2|\n","uploadtime":1727807707,"views":46,"formatid":"gen9vgc2024regh","rating":1691,"private":0,"password":null}