{"id":"gen9vgc2024regh-2213839637","format":"[Gen 9] VGC 2024 Reg H","players":["ren122333","ABCD baby"],"log":"|j|\u2606ren122333\n|j|\u2606ABCD baby\n|t:|1727816080\n|gametype|doubles\n|player|p1|ren122333|hilbert|1680\n|player|p2|ABCD baby|lady-gen4|1726\n|teamsize|p1|6\n|teamsize|p2|6\n|gen|9\n|tier|[Gen 9] VGC 2024 Reg H\n|rated|\n|rule|Species Clause: Limit one of each Pok\u00e9mon\n|rule|Item Clause: Limit 1 of each item\n|clearpoke\n|poke|p1|Whimsicott, L50, M|\n|poke|p1|Mamoswine, L50, M|\n|poke|p1|Lycanroc-Dusk, L50, F|\n|poke|p1|Typhlosion-Hisui, L50, F|\n|poke|p1|Farigiraf, L50, M|\n|poke|p1|Mienshao, L50, F|\n|poke|p2|Dragapult, L50, M|\n|poke|p2|Sneasler, L50, M|\n|poke|p2|Electabuzz, L50, M|\n|poke|p2|Rillaboom, L50, M|\n|poke|p2|Primarina, L50, F|\n|poke|p2|Kingambit, L50, M|\n|teampreview|4\nABCD baby has agreed to open team sheets.\n|\n|t:|1727816123\n|start\n|switch|p1a: Lycanroc|Lycanroc-Dusk, L50, F|100\/100\n|switch|p1b: Mamoswine|Mamoswine, L50, M|100\/100\n|switch|p2a: Electabuzz|Electabuzz, L50, M|100\/100\n|switch|p2b: Primarina|Primarina, L50, F|100\/100\n|turn|1\n|\n|t:|1727816139\n|-terastallize|p1b: Mamoswine|Grass\n|move|p2a: Electabuzz|Protect|p2a: Electabuzz\n|-singleturn|p2a: Electabuzz|Protect\n|move|p2b: Primarina|Protect|p2b: Primarina\n|-singleturn|p2b: Primarina|Protect\n|move|p1a: Lycanroc|Rock Slide|p2a: Electabuzz|[spread] \n|-activate|p2a: Electabuzz|move: Protect\n|-activate|p2b: Primarina|move: Protect\n|move|p1b: Mamoswine|Tera Blast|p2b: Primarina|[anim] Tera Blast Grass\n|-activate|p2b: Primarina|move: Protect\n|\n|upkeep\n|turn|2\n|\n|t:|1727816159\n|move|p2a: Electabuzz|Follow Me|p2a: Electabuzz\n|-singleturn|p2a: Electabuzz|move: Follow Me\n|move|p1a: Lycanroc|Stomping Tantrum|p2a: Electabuzz\n|-supereffective|p2a: Electabuzz\n|-damage|p2a: Electabuzz|51\/100\n|move|p1b: Mamoswine|Tera Blast|p2a: Electabuzz|[anim] Tera Blast Grass\n|-damage|p2a: Electabuzz|16\/100\n|move|p2b: Primarina|Hyper Voice|p1b: Mamoswine|[spread] p1a,p1b\n|-supereffective|p1a: Lycanroc\n|-resisted|p1b: Mamoswine\n|-damage|p1a: Lycanroc|0 fnt\n|-damage|p1b: Mamoswine|70\/100\n|faint|p1a: Lycanroc\n|-damage|p2b: Primarina|91\/100|[from] item: Life Orb\n|\n|upkeep\n|\n|t:|1727816170\n|switch|p1a: Typhlosion|Typhlosion-Hisui, L50, F|100\/100\n|-item|p2a: Electabuzz|Eviolite|[from] ability: Frisk|[of] p1a: Typhlosion\n|-item|p2b: Primarina|Life Orb|[from] ability: Frisk|[of] p1a: Typhlosion\n|turn|3\n|j| chonarthas\n|\n|t:|1727816179\n|move|p2b: Primarina|Protect|p2b: Primarina\n|-singleturn|p2b: Primarina|Protect\n|move|p1a: Typhlosion|Eruption|p2a: Electabuzz|[spread] p2a\n|-activate|p2b: Primarina|move: Protect\n|-damage|p2a: Electabuzz|0 fnt\n|faint|p2a: Electabuzz\n|move|p1b: Mamoswine|Tera Blast|p2b: Primarina|[anim] Tera Blast Grass\n|-activate|p2b: Primarina|move: Protect\n|\n|upkeep\n|\n|t:|1727816193\n|switch|p2a: Sneasler|Sneasler, L50, M|100\/100\n|turn|4\n|\n|t:|1727816208\n|-terastallize|p2b: Primarina|Poison\n|move|p2a: Sneasler|Fake Out|p1b: Mamoswine\n|-damage|p1b: Mamoswine|53\/100\n|-status|p1b: Mamoswine|psn|[from] ability: Poison Touch|[of] p2a: Sneasler\n|move|p1a: Typhlosion|Eruption|p2b: Primarina|[spread] p2a,p2b\n|-enditem|p2a: Sneasler|Focus Sash\n|-damage|p2a: Sneasler|1\/100\n|-damage|p2b: Primarina|20\/100\n|cant|p1b: Mamoswine|flinch\n|move|p2b: Primarina|Hyper Voice|p1a: Typhlosion|[spread] p1a,p1b\n|-supereffective|p1a: Typhlosion\n|-resisted|p1b: Mamoswine\n|-damage|p1a: Typhlosion|0 fnt\n|-damage|p1b: Mamoswine|20\/100 psn\n|faint|p1a: Typhlosion\n|-damage|p2b: Primarina|11\/100|[from] item: Life Orb\n|\n|-damage|p1b: Mamoswine|8\/100 psn|[from] psn\n|upkeep\n|\n|t:|1727816222\n|switch|p1a: Farigiraf|Farigiraf, L50, M|100\/100\n|turn|5\n|\n|t:|1727816241\n|move|p2a: Sneasler|Protect|p2a: Sneasler\n|-singleturn|p2a: Sneasler|Protect\n|move|p2b: Primarina|Protect|p2b: Primarina\n|-singleturn|p2b: Primarina|Protect\n|move|p1b: Mamoswine|High Horsepower|p2a: Sneasler\n|-activate|p2a: Sneasler|move: Protect\n|move|p1a: Farigiraf|Hyper Voice|p2b: Primarina|[spread] \n|-activate|p2a: Sneasler|move: Protect\n|-activate|p2b: Primarina|move: Protect\n|\n|-damage|p1b: Mamoswine|0 fnt|[from] psn\n|faint|p1b: Mamoswine\n|upkeep\n|turn|6\n|\n|t:|1727816259\n|move|p2a: Sneasler|Dire Claw|p1a: Farigiraf\n|-damage|p1a: Farigiraf|56\/100\n|move|p2b: Primarina|Moonblast|p1a: Farigiraf\n|-damage|p1a: Farigiraf|0 fnt\n|faint|p1a: Farigiraf\n|-damage|p2b: Primarina|1\/100|[from] item: Life Orb\n|\n|win|ABCD baby\n|raw|ren122333's rating: 1680 &rarr; <strong>1663<\/strong><br \/>(-17 for losing)\n|raw|ABCD baby's rating: 1726 &rarr; <strong>1743<\/strong><br \/>(+17 for winning)\n|l|\u2606ren122333\n|player|p1|\n|l| chonarthas\n|l|\u2606ABCD baby\n|player|p2|\n","uploadtime":1727816420,"views":18,"formatid":"gen9vgc2024regh","rating":1663,"private":0,"password":null}