{"id":"gen9vgc2024regh-2213760466","format":"[Gen 9] VGC 2024 Reg H","players":["fangame10","yumeiouo"],"log":"|j|\u2606fangame10\n|j|\u2606yumeiouo\n|t:|1727808658\n|gametype|doubles\n|player|p1|fangame10|red|1675\n|player|p2|yumeiouo|dawn|1856\n|teamsize|p1|6\n|teamsize|p2|6\n|gen|9\n|tier|[Gen 9] VGC 2024 Reg H\n|rated|\n|rule|Species Clause: Limit one of each Pok\u00e9mon\n|rule|Item Clause: Limit 1 of each item\n|clearpoke\n|poke|p1|Baxcalibur, L50, F|\n|poke|p1|Ninetales-Alola, L50, F|\n|poke|p1|Milotic, L50, M|\n|poke|p1|Skeledirge, L50, M|\n|poke|p1|Rillaboom, L50, M|\n|poke|p1|Sneasler, L50, M|\n|poke|p2|Gholdengo, L50|\n|poke|p2|Dragonite, L50, M|\n|poke|p2|Kingambit, L50, F|\n|poke|p2|Annihilape, L50, M|\n|poke|p2|Armarouge, L50, F|\n|poke|p2|Indeedee, L50, M|\n|teampreview|4\n|inactive|Battle timer is ON: inactive players will automatically lose when time's up. (requested by fangame10)\n|j| fasdfasdfddddd\n|j| Tartaruga_PP\n|inactive|fangame10 has 60 seconds left.\n|\n|t:|1727808694\n|start\n|switch|p1a: Baxcalibur|Baxcalibur, L50, F, shiny|100\/100\n|switch|p1b: Milotic|Milotic, L50, M, shiny|100\/100\n|switch|p2a: Gholdengo|Gholdengo, L50, shiny|100\/100\n|switch|p2b: Armarouge|Armarouge, L50, F|100\/100\n|turn|1\n|\n|t:|1727808703\n|-terastallize|p1a: Baxcalibur|Steel\n|move|p2a: Gholdengo|Trick|p1b: Milotic\n|-activate|p2a: Gholdengo|move: Trick|[of] p1b: Milotic\n|-item|p1b: Milotic|Choice Scarf|[from] move: Trick\n|-item|p2a: Gholdengo|Sitrus Berry|[from] move: Trick\n|move|p1b: Milotic|Hypnosis|p2b: Armarouge|[miss]\n|-miss|p1b: Milotic|p2b: Armarouge\n|move|p1a: Baxcalibur|Dragon Dance|p1a: Baxcalibur\n|-boost|p1a: Baxcalibur|atk|1\n|-boost|p1a: Baxcalibur|spe|1\n|move|p2b: Armarouge|Meteor Beam||[still]\n|-prepare|p2b: Armarouge|Meteor Beam\n|-boost|p2b: Armarouge|spa|1\n|-enditem|p2b: Armarouge|Power Herb\n|-anim|p2b: Armarouge|Meteor Beam|p1a: Baxcalibur\n|-resisted|p1a: Baxcalibur\n|-damage|p1a: Baxcalibur|66\/100\n|\n|upkeep\n|turn|2\n|inactive|yumeiouo has 30 seconds left.\n|inactive|yumeiouo has 20 seconds left.\n|\n|t:|1727808738\n|move|p2b: Armarouge|Protect|p2b: Armarouge\n|-singleturn|p2b: Armarouge|Protect\n|move|p1a: Baxcalibur|High Horsepower|p2a: Gholdengo\n|-supereffective|p2a: Gholdengo\n|-damage|p2a: Gholdengo|0 fnt\n|faint|p2a: Gholdengo\n|move|p1b: Milotic|Hypnosis|p2b: Armarouge\n|-activate|p2b: Armarouge|move: Protect\n|\n|upkeep\n|\n|t:|1727808747\n|switch|p2a: Dragonite|Dragonite, L50, M, shiny|100\/100\n|turn|3\n|\n|t:|1727808767\n|-terastallize|p2a: Dragonite|Steel\n|move|p1a: Baxcalibur|Glaive Rush|p2b: Armarouge\n|-damage|p2b: Armarouge|0 fnt\n|-singlemove|p1a: Baxcalibur|Glaive Rush|[silent]\n|faint|p2b: Armarouge\n|move|p1b: Milotic|Hypnosis|p2a: Dragonite|[miss]\n|-miss|p1b: Milotic|p2a: Dragonite\n|move|p2a: Dragonite|Stomping Tantrum|p1a: Baxcalibur\n|-supereffective|p1a: Baxcalibur\n|-damage|p1a: Baxcalibur|0 fnt\n|faint|p1a: Baxcalibur\n|\n|upkeep\n|\n|t:|1727808778\n|switch|p1a: Ninetales|Ninetales-Alola, L50, F, shiny|100\/100\n|switch|p2b: Indeedee|Indeedee, L50, M|100\/100\n|-weather|Snow|[from] ability: Snow Warning|[of] p1a: Ninetales\n|-fieldstart|move: Psychic Terrain|[from] ability: Psychic Surge|[of] p2b: Indeedee\n|turn|4\n|\n|t:|1727808787\n|move|p1a: Ninetales|Protect|p1a: Ninetales\n|-singleturn|p1a: Ninetales|Protect\n|move|p1b: Milotic|Hypnosis|p2a: Dragonite\n|-status|p2a: Dragonite|slp|[from] move: Hypnosis\n|move|p2b: Indeedee|Expanding Force|p1b: Milotic|[spread] p1b\n|-activate|p1a: Ninetales|move: Protect\n|-damage|p1b: Milotic|67\/100\n|cant|p2a: Dragonite|slp\n|\n|-weather|Snow|[upkeep]\n|upkeep\n|turn|5\n|\n|t:|1727808794\n|move|p1b: Milotic|Hypnosis|p2b: Indeedee\n|-status|p2b: Indeedee|slp|[from] move: Hypnosis\n|move|p1a: Ninetales|Aurora Veil|p1a: Ninetales\n|-sidestart|p1: fangame10|move: Aurora Veil\n|cant|p2b: Indeedee|slp\n|cant|p2a: Dragonite|slp\n|\n|-weather|Snow|[upkeep]\n|upkeep\n|turn|6\n|\n|t:|1727808802\n|switch|p1b: Skeledirge|Skeledirge, L50, M, shiny|100\/100\n|move|p1a: Ninetales|Blizzard|p2b: Indeedee|[spread] p2a,p2b\n|-resisted|p2a: Dragonite\n|-damage|p2a: Dragonite|93\/100 slp\n|-damage|p2b: Indeedee|59\/100 slp\n|cant|p2b: Indeedee|slp\n|cant|p2a: Dragonite|slp\n|\n|-weather|Snow|[upkeep]\n|upkeep\n|turn|7\n|\n|t:|1727808816\n|move|p1a: Ninetales|Blizzard|p2a: Dragonite|[spread] p2a,p2b\n|-resisted|p2a: Dragonite\n|-damage|p2a: Dragonite|77\/100 slp\n|-damage|p2b: Indeedee|17\/100 slp\n|-curestatus|p2b: Indeedee|slp|[msg]\n|move|p2b: Indeedee|Expanding Force|p1b: Skeledirge|[spread] p1a,p1b\n|-damage|p1a: Ninetales|58\/100\n|-damage|p1b: Skeledirge|69\/100\n|-curestatus|p2a: Dragonite|slp|[msg]\n|move|p2a: Dragonite|Scale Shot|p1b: Skeledirge\n|-damage|p1b: Skeledirge|61\/100\n|-damage|p1b: Skeledirge|52\/100\n|-damage|p1b: Skeledirge|44\/100\n|-damage|p1b: Skeledirge|35\/100\n|-hitcount|p1b: Skeledirge|4\n|-unboost|p2a: Dragonite|def|1\n|-boost|p2a: Dragonite|spe|1\n|move|p1b: Skeledirge|Torch Song|p2a: Dragonite\n|-supereffective|p2a: Dragonite\n|-damage|p2a: Dragonite|0 fnt\n|-boost|p1b: Skeledirge|spa|1\n|faint|p2a: Dragonite\n|\n|-weather|Snow|[upkeep]\n|-heal|p1b: Skeledirge|41\/100|[from] item: Leftovers\n|upkeep\n|turn|8\n|j| geekaleek\n|-message|yumeiouo forfeited.\n|\n|win|fangame10\n|raw|fangame10's rating: 1675 &rarr; <strong>1705<\/strong><br \/>(+30 for winning)\n|raw|yumeiouo's rating: 1856 &rarr; <strong>1826<\/strong><br \/>(-30 for losing)\n|l|\u2606yumeiouo\n|player|p2|\n|l| Tartaruga_PP\n|l|\u2606fangame10\n|player|p1|\n|l| geekaleek\n","uploadtime":1727808845,"views":78,"formatid":"gen9vgc2024regh","rating":1705,"private":0,"password":null}