{"id":"gen9vgc2024regh-2213440269","format":"[Gen 9] VGC 2024 Reg H","players":["Engineer vgc","roykeenkennedy"],"log":"|j|\u2606Engineer vgc\n|j|\u2606roykeenkennedy\n|t:|1727775923\n|gametype|doubles\n|player|p1|Engineer vgc|1|1733\n|player|p2|roykeenkennedy|alder|1678\n|teamsize|p1|6\n|teamsize|p2|6\n|gen|9\n|tier|[Gen 9] VGC 2024 Reg H\n|rated|\n|rule|Species Clause: Limit one of each Pok\u00e9mon\n|rule|Item Clause: Limit 1 of each item\n|clearpoke\n|poke|p1|Gholdengo, L50|\n|poke|p1|Garchomp, L50, F|\n|poke|p1|Tyranitar, L50, M|\n|poke|p1|Amoonguss, L50, F|\n|poke|p1|Primarina, L50, F|\n|poke|p1|Kilowattrel, L50, M|\n|poke|p2|Salamence, L50, F|\n|poke|p2|Incineroar, L50, F|\n|poke|p2|Weezing, L50, F|\n|poke|p2|Porygon2, L50|\n|poke|p2|Dragapult, L50, M|\n|poke|p2|Ursaluna-Bloodmoon, L50, M|\n|teampreview|4\n|j| Tian15\n|inactive|Battle timer is ON: inactive players will automatically lose when time's up. (requested by roykeenkennedy)\n|\n|t:|1727775981\n|start\n|switch|p1a: Primarina|Primarina, L50, F|100\/100\n|switch|p1b: Kilowattrel|Kilowattrel, L50, M|100\/100\n|switch|p2a: Salamence|Salamence, L50, F|100\/100\n|switch|p2b: Dragapult|Dragapult, L50, M|100\/100\n|turn|1\n|\n|t:|1727775998\n|-terastallize|p2b: Dragapult|Ghost\n|move|p1b: Kilowattrel|Protect|p1b: Kilowattrel\n|-singleturn|p1b: Kilowattrel|Protect\n|move|p2a: Salamence|Rock Slide|p1b: Kilowattrel|[spread] \n|-activate|p1b: Kilowattrel|move: Protect\n|-miss|p2a: Salamence|p1a: Primarina\n|move|p2b: Dragapult|Tera Blast|p1a: Primarina|[anim] Tera Blast Ghost\n|-damage|p1a: Primarina|0 fnt\n|faint|p1a: Primarina\n|\n|upkeep\n|\n|t:|1727776011\n|switch|p1a: Tyranitar|Tyranitar, L50, M|100\/100\n|-weather|Sandstorm|[from] ability: Sand Stream|[of] p1a: Tyranitar\n|turn|2\n|\n|t:|1727776021\n|switch|p2b: Weezing|Weezing, L50, F|100\/100\n|-ability|p2b: Weezing|Neutralizing Gas\n|move|p2a: Salamence|Rock Slide|p1b: Kilowattrel|[spread] p1b\n|-miss|p2a: Salamence|p1a: Tyranitar\n|-supereffective|p1b: Kilowattrel\n|-damage|p1b: Kilowattrel|18\/100\n|move|p1b: Kilowattrel|Tailwind|p1b: Kilowattrel\n|-sidestart|p1: Engineer vgc|move: Tailwind\n|move|p1a: Tyranitar|Rock Slide|p2a: Salamence|[spread] p2a,p2b\n|-supereffective|p2a: Salamence\n|-crit|p2a: Salamence\n|-damage|p2a: Salamence|8\/100\n|-damage|p2b: Weezing|78\/100\n|\n|-weather|Sandstorm|[upkeep]\n|-damage|p1b: Kilowattrel|12\/100|[from] Sandstorm\n|-damage|p2a: Salamence|2\/100|[from] Sandstorm\n|-damage|p2b: Weezing|72\/100|[from] Sandstorm\n|-heal|p2b: Weezing|78\/100|[from] item: Leftovers\n|upkeep\n|turn|3\n|inactive|Engineer vgc has 30 seconds left.\n|inactive|roykeenkennedy has 30 seconds left.\n|\n|t:|1727776052\n|switch|p1a: Amoonguss|Amoonguss, L50, F|100\/100\n|move|p1b: Kilowattrel|Protect|p1b: Kilowattrel\n|-singleturn|p1b: Kilowattrel|Protect\n|move|p2b: Weezing|Protect|p2b: Weezing\n|-singleturn|p2b: Weezing|Protect\n|move|p2a: Salamence|Rock Slide|p1b: Kilowattrel|[spread] p1a\n|-activate|p1b: Kilowattrel|move: Protect\n|-damage|p1a: Amoonguss|81\/100\n|\n|-weather|Sandstorm|[upkeep]\n|-damage|p1b: Kilowattrel|5\/100|[from] Sandstorm\n|-damage|p2a: Salamence|0 fnt|[from] Sandstorm\n|-damage|p1a: Amoonguss|75\/100|[from] Sandstorm\n|-damage|p2b: Weezing|72\/100|[from] Sandstorm\n|faint|p2a: Salamence\n|-heal|p2b: Weezing|78\/100|[from] item: Leftovers\n|upkeep\n|\n|t:|1727776070\n|switch|p2a: Ursaluna|Ursaluna-Bloodmoon, L50, M|100\/100\n|turn|4\n|\n|t:|1727776077\n|move|p2a: Ursaluna|Vacuum Wave|p1b: Kilowattrel\n|-resisted|p1b: Kilowattrel\n|-damage|p1b: Kilowattrel|0 fnt\n|faint|p1b: Kilowattrel\n|move|p1a: Amoonguss|Spore|p2a: Ursaluna\n|-status|p2a: Ursaluna|slp|[from] move: Spore\n|move|p2b: Weezing|Taunt|p1a: Amoonguss\n|-start|p1a: Amoonguss|move: Taunt\n|\n|-weather|Sandstorm|[upkeep]\n|-damage|p1a: Amoonguss|69\/100|[from] Sandstorm\n|-damage|p2b: Weezing|72\/100|[from] Sandstorm\n|-heal|p2b: Weezing|78\/100|[from] item: Leftovers\n|upkeep\n|\n|t:|1727776082\n|switch|p1b: Tyranitar|Tyranitar, L50, M|100\/100\n|turn|5\n|\n|t:|1727776096\n|move|p2b: Weezing|Protect|p2b: Weezing\n|-singleturn|p2b: Weezing|Protect\n|move|p1b: Tyranitar|Low Kick|p2a: Ursaluna\n|-supereffective|p2a: Ursaluna\n|-damage|p2a: Ursaluna|37\/100 slp\n|move|p1a: Amoonguss|Sludge Bomb|p2a: Ursaluna\n|-resisted|p2a: Ursaluna\n|-damage|p2a: Ursaluna|27\/100 slp\n|cant|p2a: Ursaluna|slp\n|\n|-weather|Sandstorm|[upkeep]\n|-damage|p1a: Amoonguss|63\/100|[from] Sandstorm\n|-damage|p2b: Weezing|72\/100|[from] Sandstorm\n|-heal|p2b: Weezing|78\/100|[from] item: Leftovers\n|-sideend|p1: Engineer vgc|move: Tailwind\n|upkeep\n|turn|6\n|\n|t:|1727776115\n|cant|p2a: Ursaluna|slp\n|move|p2b: Weezing|Will-O-Wisp|p1b: Tyranitar\n|-status|p1b: Tyranitar|brn\n|move|p1b: Tyranitar|Rock Slide|p2b: Weezing|[spread] p2a\n|-miss|p1b: Tyranitar|p2b: Weezing\n|-resisted|p2a: Ursaluna\n|-damage|p2a: Ursaluna|22\/100 slp\n|move|p1a: Amoonguss|Sludge Bomb|p2a: Ursaluna\n|-resisted|p2a: Ursaluna\n|-damage|p2a: Ursaluna|11\/100 slp\n|\n|-weather|none\n|-heal|p2b: Weezing|84\/100|[from] item: Leftovers\n|-damage|p1b: Tyranitar|95\/100 brn|[from] brn\n|upkeep\n|turn|7\n|inactive|roykeenkennedy has 30 seconds left.\n|inactive|Engineer vgc has 30 seconds left.\n|\n|t:|1727776146\n|-terastallize|p1b: Tyranitar|Flying\n|move|p2b: Weezing|Sludge Bomb|p1a: Amoonguss\n|-damage|p1a: Amoonguss|37\/100\n|-enditem|p1a: Amoonguss|Sitrus Berry|[eat]\n|-heal|p1a: Amoonguss|61\/100|[from] item: Sitrus Berry\n|-curestatus|p2a: Ursaluna|slp|[msg]\n|move|p2a: Ursaluna|Earth Power|p1b: Tyranitar\n|-immune|p1b: Tyranitar\n|move|p1b: Tyranitar|Low Kick|p2a: Ursaluna\n|-supereffective|p2a: Ursaluna\n|-damage|p2a: Ursaluna|0 fnt\n|faint|p2a: Ursaluna\n|move|p1a: Amoonguss|Sludge Bomb|p2b: Weezing\n|-resisted|p2b: Weezing\n|-damage|p2b: Weezing|69\/100\n|\n|-heal|p2b: Weezing|76\/100|[from] item: Leftovers\n|-damage|p1b: Tyranitar|89\/100 brn|[from] brn\n|-end|p1a: Amoonguss|move: Taunt\n|upkeep\n|\n|t:|1727776167\n|switch|p2a: Dragapult|Dragapult, L50, M, tera:Ghost|100\/100\n|turn|8\n|\n|t:|1727776180\n|move|p1a: Amoonguss|Protect|p1a: Amoonguss\n|-singleturn|p1a: Amoonguss|Protect\n|move|p2a: Dragapult|Tera Blast|p1a: Amoonguss|[anim] Tera Blast Ghost\n|-activate|p1a: Amoonguss|move: Protect\n|move|p2b: Weezing|Taunt|p1a: Amoonguss\n|-activate|p1a: Amoonguss|move: Protect\n|move|p1b: Tyranitar|Crunch|p2a: Dragapult\n|-supereffective|p2a: Dragapult\n|-damage|p2a: Dragapult|49\/100\n|-unboost|p2a: Dragapult|def|1\n|\n|-heal|p2b: Weezing|82\/100|[from] item: Leftovers\n|-damage|p1b: Tyranitar|83\/100 brn|[from] brn\n|upkeep\n|turn|9\n|\n|t:|1727776202\n|move|p1a: Amoonguss|Protect||[still]\n|-fail|p1a: Amoonguss\n|move|p2a: Dragapult|Tera Blast|p1a: Amoonguss|[anim] Tera Blast Ghost\n|-damage|p1a: Amoonguss|0 fnt\n|faint|p1a: Amoonguss\n|move|p2b: Weezing|Sludge Bomb|p1b: Tyranitar\n|-damage|p1b: Tyranitar|67\/100 brn\n|move|p1b: Tyranitar|Crunch|p2a: Dragapult\n|-supereffective|p2a: Dragapult\n|-damage|p2a: Dragapult|0 fnt\n|faint|p2a: Dragapult\n|\n|-heal|p2b: Weezing|88\/100|[from] item: Leftovers\n|-damage|p1b: Tyranitar|62\/100 brn|[from] brn\n|upkeep\n|turn|10\n|c|\u2606Engineer vgc|gg\n|\n|t:|1727776221\n|move|p2b: Weezing|Protect|p2b: Weezing\n|-singleturn|p2b: Weezing|Protect\n|move|p1b: Tyranitar|Crunch|p2b: Weezing\n|-activate|p2b: Weezing|move: Protect\n|\n|-heal|p2b: Weezing|94\/100|[from] item: Leftovers\n|-damage|p1b: Tyranitar|56\/100 brn|[from] brn\n|upkeep\n|turn|11\n|\n|t:|1727776232\n|move|p2b: Weezing|Sludge Bomb|p1b: Tyranitar\n|-damage|p1b: Tyranitar|41\/100 brn\n|move|p1b: Tyranitar|Rock Slide|p2b: Weezing\n|-damage|p2b: Weezing|79\/100\n|\n|-heal|p2b: Weezing|86\/100|[from] item: Leftovers\n|-damage|p1b: Tyranitar|35\/100 brn|[from] brn\n|upkeep\n|turn|12\n|-message|Engineer vgc forfeited.\n|\n|win|roykeenkennedy\n|raw|Engineer vgc's rating: 1733 &rarr; <strong>1710<\/strong><br \/>(-23 for losing)\n|raw|roykeenkennedy's rating: 1678 &rarr; <strong>1701<\/strong><br \/>(+23 for winning)\n|l|\u2606Engineer vgc\n|player|p1|\n|c|\u2606roykeenkennedy|Gg\n|l| Tian15\n|l|\u2606roykeenkennedy\n|player|p2|\n","uploadtime":1727776379,"views":37,"formatid":"gen9vgc2024regh","rating":1701,"private":0,"password":null}