{"id":"gen9vgc2024regh-2213863934","format":"[Gen 9] VGC 2024 Reg H","players":["Phononmode","Zordor"],"log":"|j|\u2606Phononmode\n|j|\u2606Zordor\n|t:|1727818549\n|gametype|doubles\n|player|p1|Phononmode|266|1708\n|player|p2|Zordor|pilot|1838\n|teamsize|p1|6\n|teamsize|p2|6\n|gen|9\n|tier|[Gen 9] VGC 2024 Reg H\n|rated|\n|rule|Species Clause: Limit one of each Pok\u00e9mon\n|rule|Item Clause: Limit 1 of each item\n|clearpoke\n|poke|p1|Pawmot, L50, M|\n|poke|p1|Dondozo, L50, F|\n|poke|p1|Tatsugiri, L50, M|\n|poke|p1|Dragapult, L50, M|\n|poke|p1|Weezing, L50, F|\n|poke|p1|Incineroar, L50, M|\n|poke|p2|Rotom-Wash, L50|\n|poke|p2|Sneasler, L50, F|\n|poke|p2|Venusaur, L50, F|\n|poke|p2|Kingambit, L50, M|\n|poke|p2|Armarouge, L50, M|\n|poke|p2|Dragapult, L50, M|\n|teampreview|4\nPhononmode has agreed to open team sheets.\n|inactive|Battle timer is ON: inactive players will automatically lose when time's up. (requested by Phononmode)\n|inactive|Zordor has 60 seconds left.\n|\n|t:|1727818627\n|start\n|switch|p1a: will-o-miss|Weezing, L50, F|100\/100\n|switch|p1b: Incineroar|Incineroar, L50, M|100\/100\n|switch|p2a: Rotom|Rotom-Wash, L50|100\/100\n|switch|p2b: Dragapult|Dragapult, L50, M|100\/100\n|-ability|p1a: will-o-miss|Neutralizing Gas\n|-block|p1b: Incineroar|item: Ability Shield\n|-ability|p1b: Incineroar|Intimidate|boost\n|-unboost|p2a: Rotom|atk|1\n|-unboost|p2b: Dragapult|atk|1\n|turn|1\n|inactive|Phononmode has 30 seconds left.\n|inactive|Zordor has 30 seconds left.\n|inactive|Zordor has 20 seconds left.\n|inactive|Zordor has 15 seconds left.\n|\n|t:|1727818667\n|switch|p2b: Venusaur|Venusaur, L50, F|100\/100\n|move|p2a: Rotom|Hydro Pump|p1b: Incineroar\n|-supereffective|p1b: Incineroar\n|-damage|p1b: Incineroar|20\/100\n|move|p1b: Incineroar|Knock Off|p2b: Venusaur\n|-damage|p2b: Venusaur|36\/100\n|-enditem|p2b: Venusaur|Leftovers|[from] move: Knock Off|[of] p1b: Incineroar\n|move|p1a: will-o-miss|Will-O-Wisp|p2b: Venusaur\n|-status|p2b: Venusaur|brn\n|\n|-damage|p2b: Venusaur|29\/100 brn|[from] brn\n|upkeep\n|turn|2\n|j| mr pogostick\n|\n|t:|1727818691\n|move|p2a: Rotom|Thunderbolt|p1b: Incineroar\n|-damage|p1b: Incineroar|0 fnt\n|faint|p1b: Incineroar\n|move|p2b: Venusaur|Earth Power|p1a: will-o-miss\n|-supereffective|p1a: will-o-miss\n|-damage|p1a: will-o-miss|54\/100\n|move|p1a: will-o-miss|Sludge Bomb|p2a: Rotom\n|-damage|p2a: Rotom|68\/100\n|\n|-damage|p2b: Venusaur|23\/100 brn|[from] brn\n|upkeep\n|\n|t:|1727818707\n|switch|p1b: Tatsugiri|Tatsugiri, L50, M|100\/100\n|turn|3\n|\n|t:|1727818717\n|move|p1b: Tatsugiri|Icy Wind|p2a: Rotom|[spread] p2a,p2b\n|-resisted|p2a: Rotom\n|-supereffective|p2b: Venusaur\n|-damage|p2a: Rotom|61\/100\n|-damage|p2b: Venusaur|0 fnt\n|-unboost|p2a: Rotom|spe|1\n|faint|p2b: Venusaur\n|move|p2a: Rotom|Electroweb|p1a: will-o-miss|[spread] p1a,p1b\n|-damage|p1a: will-o-miss|41\/100\n|-damage|p1b: Tatsugiri|80\/100\n|-unboost|p1a: will-o-miss|spe|1\n|-unboost|p1b: Tatsugiri|spe|1\n|-enditem|p1a: will-o-miss|Sitrus Berry|[eat]\n|-heal|p1a: will-o-miss|66\/100|[from] item: Sitrus Berry\n|move|p1a: will-o-miss|Sludge Bomb|p2a: Rotom\n|-damage|p2a: Rotom|33\/100\n|\n|upkeep\n|\n|t:|1727818738\n|switch|p2b: Kingambit|Kingambit, L50, M|100\/100\n|turn|4\n|inactive|Phononmode has 30 seconds left.\n|inactive|Phononmode has 20 seconds left.\n|inactive|Phononmode has 15 seconds left.\n|inactive|Phononmode has 10 seconds left.\n|inactive|Phononmode has 5 seconds left.\n|\n|t:|1727818791\n|switch|p1b: Dondozo|Dondozo, L50, F|100\/100\n|move|p2b: Kingambit|Protect|p2b: Kingambit\n|-singleturn|p2b: Kingambit|Protect\n|move|p2a: Rotom|Will-O-Wisp|p1a: will-o-miss\n|-status|p1a: will-o-miss|brn\n|move|p1a: will-o-miss|Sludge Bomb|p2a: Rotom\n|-damage|p2a: Rotom|2\/100\n|-status|p2a: Rotom|psn\n|\n|-damage|p2a: Rotom|0 fnt|[from] psn\n|faint|p2a: Rotom\n|-damage|p1a: will-o-miss|60\/100 brn|[from] brn\n|upkeep\n|\n|t:|1727818795\n|switch|p2a: Dragapult|Dragapult, L50, M|100\/100\n|turn|5\n|\n|t:|1727818811\n|-end|p1a: will-o-miss|ability: Neutralizing Gas\n|switch|p1a: Tatsugiri|Tatsugiri, L50, M|80\/100\n|-activate|p1a: Tatsugiri|ability: Commander|[of] p1b: Dondozo\n|-boost|p1b: Dondozo|atk|2\n|-boost|p1b: Dondozo|spa|2\n|-boost|p1b: Dondozo|spe|2\n|-boost|p1b: Dondozo|def|2\n|-boost|p1b: Dondozo|spd|2\n|-terastallize|p2a: Dragapult|Fighting\n|move|p2a: Dragapult|Dragon Darts|p1b: Dondozo\n|-damage|p1b: Dondozo|93\/100\n|-anim|p2a: Dragapult|Dragon Darts|p1b: Dondozo\n|-damage|p1b: Dondozo|83\/100\n|move|p1b: Dondozo|Order Up|p2a: Dragapult\n|-damage|p2a: Dragapult|52\/100\n|-boost|p1b: Dondozo|atk|1\n|move|p2b: Kingambit|Kowtow Cleave|p1b: Dondozo\n|-damage|p1b: Dondozo|67\/100\n|\n|-heal|p1b: Dondozo|74\/100|[from] item: Leftovers\n|upkeep\n|turn|6\n|\n|t:|1727818831\n|move|p1b: Dondozo|Protect|p1b: Dondozo\n|-singleturn|p1b: Dondozo|Protect\n|move|p2a: Dragapult|Phantom Force||[still]\n|-prepare|p2a: Dragapult|Phantom Force\n|move|p2b: Kingambit|Kowtow Cleave|p1b: Dondozo\n|-activate|p1b: Dondozo|move: Protect\n|\n|-heal|p1b: Dondozo|80\/100|[from] item: Leftovers\n|upkeep\n|turn|7\n|\n|t:|1727818840\n|move|p2a: Dragapult|Phantom Force|p1b: Dondozo|[from]lockedmove\n|-damage|p1b: Dondozo|64\/100\n|move|p1b: Dondozo|Order Up|p2a: Dragapult\n|-damage|p2a: Dragapult|0 fnt\n|faint|p2a: Dragapult\n|-boost|p1b: Dondozo|atk|1\n|move|p2b: Kingambit|Kowtow Cleave|p1b: Dondozo\n|-damage|p1b: Dondozo|47\/100\n|\n|-heal|p1b: Dondozo|53\/100|[from] item: Leftovers\n|upkeep\n|turn|8\n|\n|t:|1727818846\n|move|p1b: Dondozo|Protect|p1b: Dondozo\n|-singleturn|p1b: Dondozo|Protect\n|move|p2b: Kingambit|Kowtow Cleave|p1b: Dondozo\n|-activate|p1b: Dondozo|move: Protect\n|\n|-heal|p1b: Dondozo|59\/100|[from] item: Leftovers\n|upkeep\n|turn|9\n|\n|t:|1727818848\n|move|p1b: Dondozo|Wave Crash|p2b: Kingambit\n|-damage|p2b: Kingambit|0 fnt\n|faint|p2b: Kingambit\n|-damage|p1b: Dondozo|31\/100|[from] Recoil\n|\n|win|Phononmode\n|raw|Phononmode's rating: 1708 &rarr; <strong>1735<\/strong><br \/>(+27 for winning)\n|raw|Zordor's rating: 1838 &rarr; <strong>1811<\/strong><br \/>(-27 for losing)\n|l|\u2606Zordor\n|player|p2|\n","uploadtime":1727819049,"views":26,"formatid":"gen9vgc2024regh","rating":1735,"private":0,"password":null}