{"id":"gen9vgc2024regh-2213117776","format":"[Gen 9] VGC 2024 Reg H","players":["Yung Trav","SilverH4wk"],"log":"|j|\u2606Yung Trav\n|j|\u2606SilverH4wk\n|t:|1727731776\n|gametype|doubles\n|player|p1|Yung Trav|265|1726\n|player|p2|SilverH4wk|red|1641\n|teamsize|p1|6\n|teamsize|p2|6\n|gen|9\n|tier|[Gen 9] VGC 2024 Reg H\n|rated|\n|rule|Species Clause: Limit one of each Pok\u00e9mon\n|rule|Item Clause: Limit 1 of each item\n|clearpoke\n|poke|p1|Gholdengo, L50|\n|poke|p1|Hatterene, L50, F|\n|poke|p1|Typhlosion-Hisui, L50, M|\n|poke|p1|Murkrow, L50, M|\n|poke|p1|Indeedee-F, L50, F|\n|poke|p1|Ursaluna, L50, M|\n|poke|p2|Maushold, L50|\n|poke|p2|Archaludon, L50, M|\n|poke|p2|Pelipper, L50, M|\n|poke|p2|Annihilape, L50, M|\n|poke|p2|Basculegion, L50, M|\n|poke|p2|Kommo-o, L50, F|\n|teampreview|4\n|\n|t:|1727731834\n|start\n|switch|p1a: Murkrow|Murkrow, L50, M, shiny|100\/100\n|switch|p1b: Ursaluna|Ursaluna, L50, M, shiny|100\/100\n|switch|p2a: Pelipper|Pelipper, L50, M, shiny|100\/100\n|switch|p2b: Kommo-o|Kommo-o, L50, F|100\/100\n|-weather|RainDance|[from] ability: Drizzle|[of] p2a: Pelipper\n|turn|1\n|\n|t:|1727731865\n|move|p1a: Murkrow|Sunny Day|p1a: Murkrow\n|-weather|SunnyDay\n|move|p2b: Kommo-o|Clangorous Soul|p2b: Kommo-o\n|-boost|p2b: Kommo-o|atk|1\n|-boost|p2b: Kommo-o|def|1\n|-boost|p2b: Kommo-o|spa|1\n|-boost|p2b: Kommo-o|spd|1\n|-boost|p2b: Kommo-o|spe|1\n|-damage|p2b: Kommo-o|68\/100\n|-enditem|p2b: Kommo-o|Throat Spray\n|-boost|p2b: Kommo-o|spa|1|[from] item: Throat Spray\n|move|p2a: Pelipper|Tailwind|p2a: Pelipper\n|-sidestart|p2: SilverH4wk|move: Tailwind\n|move|p1b: Ursaluna|Facade|p2a: Pelipper\n|-damage|p2a: Pelipper|45\/100\n|\n|-weather|SunnyDay|[upkeep]\n|-status|p1b: Ursaluna|brn|[from] item: Flame Orb\n|upkeep\n|turn|2\n|j| DaN00biest\n|\n|t:|1727731899\n|move|p1a: Murkrow|Haze|p1a: Murkrow\n|-clearallboost\n|move|p2b: Kommo-o|Clanging Scales|p1a: Murkrow|[spread] p1a,p1b\n|-damage|p1a: Murkrow|66\/100\n|-damage|p1b: Ursaluna|64\/100 brn\n|-unboost|p2b: Kommo-o|def|1\n|move|p2a: Pelipper|Weather Ball|p1b: Ursaluna\n|-damage|p1b: Ursaluna|21\/100 brn\n|move|p1b: Ursaluna|Facade|p2a: Pelipper\n|-damage|p2a: Pelipper|0 fnt\n|faint|p2a: Pelipper\n|\n|-weather|SunnyDay|[upkeep]\n|-damage|p1b: Ursaluna|15\/100 brn|[from] brn\n|upkeep\n|\n|t:|1727731917\n|switch|p2a: Annihilape|Annihilape, L50, M, shiny|100\/100\n|turn|3\n|\n|t:|1727731944\n|-terastallize|p1b: Ursaluna|Ghost\n|move|p1a: Murkrow|Tailwind|p1a: Murkrow\n|-sidestart|p1: Yung Trav|move: Tailwind\n|move|p2a: Annihilape|Drain Punch|p1a: Murkrow\n|-damage|p1a: Murkrow|30\/100\n|move|p2b: Kommo-o|Clanging Scales|p1b: Ursaluna|[spread] p1a,p1b\n|-damage|p1a: Murkrow|0 fnt\n|-damage|p1b: Ursaluna|0 fnt\n|faint|p1a: Murkrow\n|faint|p1b: Ursaluna\n|-unboost|p2b: Kommo-o|def|1\n|\n|-weather|SunnyDay|[upkeep]\n|upkeep\n|j| thurtsalot\n|\n|t:|1727731960\n|switch|p1a: Typhlosion|Typhlosion-Hisui, L50, M|100\/100\n|switch|p1b: Gholdengo|Gholdengo, L50, shiny|100\/100\n|turn|4\n|\n|t:|1727731979\n|-terastallize|p2a: Annihilape|Water\n|move|p1a: Typhlosion|Eruption|p2b: Kommo-o|[spread] p2a,p2b\n|-resisted|p2a: Annihilape\n|-resisted|p2b: Kommo-o\n|-damage|p2a: Annihilape|56\/100\n|-damage|p2b: Kommo-o|18\/100\n|move|p2a: Annihilape|Rage Fist|p1b: Gholdengo\n|-supereffective|p1b: Gholdengo\n|-damage|p1b: Gholdengo|3\/100\n|move|p2b: Kommo-o|Clanging Scales|p1b: Gholdengo|[spread] p1a,p1b\n|-resisted|p1b: Gholdengo\n|-damage|p1a: Typhlosion|46\/100\n|-damage|p1b: Gholdengo|0 fnt\n|faint|p1b: Gholdengo\n|-unboost|p2b: Kommo-o|def|1\n|\n|-weather|SunnyDay|[upkeep]\n|-heal|p2a: Annihilape|62\/100|[from] item: Leftovers\n|-sideend|p2: SilverH4wk|move: Tailwind\n|upkeep\n|turn|5\n|\n|t:|1727732008\n|move|p2a: Annihilape|Protect|p2a: Annihilape\n|-singleturn|p2a: Annihilape|Protect\n|move|p1a: Typhlosion|Shadow Ball|p2a: Annihilape\n|-activate|p2a: Annihilape|move: Protect\n|move|p2b: Kommo-o|Clanging Scales|p1a: Typhlosion\n|-damage|p1a: Typhlosion|0 fnt\n|faint|p1a: Typhlosion\n|\n|win|SilverH4wk\n|raw|Yung Trav's rating: 1726 &rarr; <strong>1701<\/strong><br \/>(-25 for losing)\n|raw|SilverH4wk's rating: 1641 &rarr; <strong>1666<\/strong><br \/>(+25 for winning)\n|l|\u2606Yung Trav\n|player|p1|\n|l| thurtsalot\n|l|\u2606SilverH4wk\n|player|p2|\n|l| DaN00biest\n","uploadtime":1727732243,"views":15,"formatid":"gen9vgc2024regh","rating":1666,"private":0,"password":null}