{"id":"gen9vgc2024regh-2213743188","format":"[Gen 9] VGC 2024 Reg H","players":["fangame10","yumeiouo"],"log":"|j|\u2606fangame10\n|j|\u2606yumeiouo\n|t:|1727807172\n|gametype|doubles\n|player|p1|fangame10|red|1764\n|player|p2|yumeiouo|dawn|1765\n|teamsize|p1|6\n|teamsize|p2|6\n|gen|9\n|tier|[Gen 9] VGC 2024 Reg H\n|rated|\n|rule|Species Clause: Limit one of each Pok\u00e9mon\n|rule|Item Clause: Limit 1 of each item\n|clearpoke\n|poke|p1|Baxcalibur, L50, F|\n|poke|p1|Ninetales-Alola, L50, F|\n|poke|p1|Milotic, L50, M|\n|poke|p1|Skeledirge, L50, M|\n|poke|p1|Rillaboom, L50, M|\n|poke|p1|Sneasler, L50, M|\n|poke|p2|Gholdengo, L50|\n|poke|p2|Dragonite, L50, F|\n|poke|p2|Kingambit, L50, M|\n|poke|p2|Annihilape, L50, M|\n|poke|p2|Armarouge, L50, M|\n|poke|p2|Indeedee, L50, M|\n|teampreview|4\n|inactive|Battle timer is ON: inactive players will automatically lose when time's up. (requested by fangame10)\n|j| axdw\n|inactive|fangame10 has 60 seconds left.\n|\n|t:|1727807204\n|start\n|switch|p1a: Ninetales|Ninetales-Alola, L50, F, shiny|100\/100\n|switch|p1b: Milotic|Milotic, L50, M, shiny|100\/100\n|switch|p2a: Gholdengo|Gholdengo, L50, shiny|100\/100\n|switch|p2b: Dragonite|Dragonite, L50, F, shiny|100\/100\n|-weather|Snow|[from] ability: Snow Warning|[of] p1a: Ninetales\n|turn|1\n|j| Furret the one\n|\n|t:|1727807219\n|-terastallize|p2a: Gholdengo|Steel\n|move|p2b: Dragonite|Extreme Speed|p1a: Ninetales\n|-crit|p1a: Ninetales\n|-damage|p1a: Ninetales|56\/100\n|move|p2a: Gholdengo|Make It Rain|p1b: Milotic|[spread] p1a,p1b\n|-supereffective|p1a: Ninetales\n|-resisted|p1b: Milotic\n|-damage|p1a: Ninetales|0 fnt\n|-damage|p1b: Milotic|77\/100\n|-unboost|p2a: Gholdengo|spa|1\n|faint|p1a: Ninetales\n|move|p1b: Milotic|Coil|p1b: Milotic\n|-boost|p1b: Milotic|atk|1\n|-boost|p1b: Milotic|def|1\n|-boost|p1b: Milotic|accuracy|1\n|\n|-weather|Snow|[upkeep]\n|upkeep\n|\n|t:|1727807225\n|switch|p1a: Skeledirge|Skeledirge, L50, M, shiny|100\/100\n|turn|2\n|j| Millamojake\n|\n|t:|1727807246\n|switch|p2a: Annihilape|Annihilape, L50, M, shiny|100\/100\n|move|p2b: Dragonite|Scale Shot|p1a: Skeledirge\n|-damage|p1a: Skeledirge|87\/100\n|-damage|p1a: Skeledirge|75\/100\n|-damage|p1a: Skeledirge|62\/100\n|-damage|p1a: Skeledirge|48\/100\n|-damage|p1a: Skeledirge|34\/100\n|-hitcount|p1a: Skeledirge|5\n|-unboost|p2b: Dragonite|def|1\n|-boost|p2b: Dragonite|spe|1\n|move|p1b: Milotic|Hypnosis|p2b: Dragonite\n|-status|p2b: Dragonite|slp|[from] move: Hypnosis\n|move|p1a: Skeledirge|Shadow Ball|p2a: Annihilape\n|-supereffective|p2a: Annihilape\n|-damage|p2a: Annihilape|28\/100\n|-unboost|p2a: Annihilape|spd|1\n|-ability|p2a: Annihilape|Defiant|boost\n|-boost|p2a: Annihilape|atk|2\n|-enditem|p2a: Annihilape|Sitrus Berry|[eat]\n|-heal|p2a: Annihilape|53\/100|[from] item: Sitrus Berry\n|\n|-weather|Snow|[upkeep]\n|-heal|p1a: Skeledirge|40\/100|[from] item: Leftovers\n|upkeep\n|turn|3\n|\n|t:|1727807269\n|move|p1a: Skeledirge|Protect|p1a: Skeledirge\n|-singleturn|p1a: Skeledirge|Protect\n|cant|p2b: Dragonite|slp\n|move|p2a: Annihilape|Rage Fist|p1b: Milotic\n|-damage|p1b: Milotic|13\/100\n|-enditem|p1b: Milotic|Sitrus Berry|[eat]\n|-heal|p1b: Milotic|38\/100|[from] item: Sitrus Berry\n|move|p1b: Milotic|Hypnosis|p2a: Annihilape\n|-status|p2a: Annihilape|slp|[from] move: Hypnosis\n|\n|-weather|Snow|[upkeep]\n|-heal|p1a: Skeledirge|46\/100|[from] item: Leftovers\n|upkeep\n|turn|4\n|\n|t:|1727807276\n|cant|p2b: Dragonite|slp\n|cant|p2a: Annihilape|slp\n|move|p1b: Milotic|Life Dew|p1b: Milotic|[spread] p1a,p1b\n|-heal|p1a: Skeledirge|71\/100\n|-heal|p1b: Milotic|63\/100\n|move|p1a: Skeledirge|Shadow Ball|p2a: Annihilape\n|-supereffective|p2a: Annihilape\n|-damage|p2a: Annihilape|0 fnt\n|faint|p2a: Annihilape\n|\n|-weather|Snow|[upkeep]\n|-heal|p1a: Skeledirge|77\/100|[from] item: Leftovers\n|upkeep\n|\n|t:|1727807285\n|switch|p2a: Gholdengo|Gholdengo, L50, shiny, tera:Steel|100\/100\n|turn|5\n|\n|t:|1727807296\n|switch|p1a: Rillaboom|Rillaboom, L50, M, shiny|100\/100\n|-fieldstart|move: Grassy Terrain|[from] ability: Grassy Surge|[of] p1a: Rillaboom\n|move|p2a: Gholdengo|Thunderbolt|p1b: Milotic\n|-supereffective|p1b: Milotic\n|-damage|p1b: Milotic|22\/100\n|cant|p2b: Dragonite|slp\n|move|p1b: Milotic|Life Dew||[still]|[spread] p1a,p1b\n|-fail|p1a: Rillaboom|heal\n|-heal|p1b: Milotic|47\/100\n|\n|-weather|none\n|-heal|p1b: Milotic|53\/100|[from] Grassy Terrain\n|upkeep\n|turn|6\n|\n|t:|1727807313\n|move|p2a: Gholdengo|Thunderbolt|p1b: Milotic\n|-supereffective|p1b: Milotic\n|-damage|p1b: Milotic|11\/100\n|-curestatus|p2b: Dragonite|slp|[msg]\n|move|p2b: Dragonite|Scale Shot|p1b: Milotic\n|-damage|p1b: Milotic|0 fnt\n|faint|p1b: Milotic\n|-hitcount|p1: Milotic|1\n|-unboost|p2b: Dragonite|def|1\n|-boost|p2b: Dragonite|spe|1\n|move|p1a: Rillaboom|High Horsepower|p2a: Gholdengo\n|-supereffective|p2a: Gholdengo\n|-damage|p2a: Gholdengo|35\/100\n|\n|-heal|p2a: Gholdengo|41\/100|[from] Grassy Terrain\n|upkeep\n|\n|t:|1727807319\n|switch|p1b: Skeledirge|Skeledirge, L50, M, shiny|77\/100\n|turn|7\n|\n|t:|1727807335\n|switch|p2a: Kingambit|Kingambit, L50, M, shiny|100\/100\n|move|p1b: Skeledirge|Protect|p1b: Skeledirge\n|-singleturn|p1b: Skeledirge|Protect\n|move|p2b: Dragonite|Scale Shot|p1a: Rillaboom\n|-damage|p1a: Rillaboom|86\/100\n|-damage|p1a: Rillaboom|71\/100\n|-damage|p1a: Rillaboom|58\/100\n|-damage|p1a: Rillaboom|43\/100\n|-damage|p1a: Rillaboom|29\/100\n|-hitcount|p1a: Rillaboom|5\n|-unboost|p2b: Dragonite|def|1\n|-boost|p2b: Dragonite|spe|1\n|move|p1a: Rillaboom|Wood Hammer|p2b: Dragonite\n|-resisted|p2b: Dragonite\n|-damage|p2b: Dragonite|73\/100\n|-damage|p1a: Rillaboom|21\/100|[from] Recoil\n|\n|-heal|p1a: Rillaboom|27\/100|[from] Grassy Terrain\n|-heal|p1b: Skeledirge|83\/100|[from] Grassy Terrain\n|-heal|p1b: Skeledirge|88\/100|[from] item: Leftovers\n|upkeep\n|turn|8\n|-message|fangame10 forfeited.\n|\n|win|yumeiouo\n|raw|fangame10's rating: 1764 &rarr; <strong>1744<\/strong><br \/>(-20 for losing)\n|raw|yumeiouo's rating: 1765 &rarr; <strong>1785<\/strong><br \/>(+20 for winning)\n|l|\u2606fangame10\n|player|p1|\n|l|\u2606yumeiouo\n|player|p2|\n|j|\u2606yumeiouo\n|player|p2|yumeiouo|dawn|\n|l| axdw\n|l| Millamojake\n|l| Furret the one\n|l|\u2606yumeiouo\n|player|p2|\n","uploadtime":1727807569,"views":110,"formatid":"gen9vgc2024regh","rating":1744,"private":0,"password":null}