{"id":"gen9vgc2024regh-2213991613","format":"[Gen 9] VGC 2024 Reg H","players":["roykeenkennedy","shulivgc"],"log":"|j|\u2606roykeenkennedy\n|j|\u2606shulivgc\n|t:|1727833540\n|gametype|doubles\n|player|p1|roykeenkennedy|alder|1675\n|player|p2|shulivgc|#smogonxnpa2024draftee2|1898\n|teamsize|p1|6\n|teamsize|p2|6\n|gen|9\n|tier|[Gen 9] VGC 2024 Reg H\n|rated|\n|rule|Species Clause: Limit one of each Pok\u00e9mon\n|rule|Item Clause: Limit 1 of each item\n|clearpoke\n|poke|p1|Salamence, L50, F|\n|poke|p1|Incineroar, L50, F|\n|poke|p1|Weezing, L50, M|\n|poke|p1|Porygon2, L50|\n|poke|p1|Dragapult, L50, F|\n|poke|p1|Ursaluna-Bloodmoon, L50, M|\n|poke|p2|Gholdengo, L50|\n|poke|p2|Dragonite, L50, M|\n|poke|p2|Kingambit, L50, M|\n|poke|p2|Annihilape, L50, F|\n|poke|p2|Armarouge, L50, F|\n|poke|p2|Indeedee, L50, M|\n|teampreview|4\n|\n|t:|1727833579\n|start\n|switch|p1a: Weezing|Weezing, L50, M|100\/100\n|switch|p1b: Incineroar|Incineroar, L50, F|100\/100\n|switch|p2a: Armarouge|Armarouge, L50, F|100\/100\n|switch|p2b: Gholdengo|Gholdengo, L50, shiny|100\/100\n|-ability|p1a: Weezing|Neutralizing Gas\n|-block|p1b: Incineroar|item: Ability Shield\n|-ability|p1b: Incineroar|Intimidate|boost\n|-unboost|p2a: Armarouge|atk|1\n|-unboost|p2b: Gholdengo|atk|1\n|turn|1\n|\n|t:|1727833615\n|-terastallize|p1b: Incineroar|Grass\n|move|p1a: Weezing|Protect|p1a: Weezing\n|-singleturn|p1a: Weezing|Protect\n|move|p2b: Gholdengo|Make It Rain|p1b: Incineroar|[spread] p1b\n|-activate|p1a: Weezing|move: Protect\n|-damage|p1b: Incineroar|64\/100\n|-unboost|p2b: Gholdengo|spa|1\n|move|p2a: Armarouge|Meteor Beam||[still]\n|-prepare|p2a: Armarouge|Meteor Beam\n|-boost|p2a: Armarouge|spa|1\n|-enditem|p2a: Armarouge|Power Herb\n|-anim|p2a: Armarouge|Meteor Beam|p1b: Incineroar\n|-damage|p1b: Incineroar|10\/100\n|move|p1b: Incineroar|Flare Blitz|p2b: Gholdengo\n|-supereffective|p2b: Gholdengo\n|-damage|p2b: Gholdengo|3\/100\n|-damage|p1b: Incineroar|0 fnt|[from] Recoil\n|faint|p1b: Incineroar\n|\n|upkeep\n|inactive|Battle timer is ON: inactive players will automatically lose when time's up. (requested by shulivgc)\n|\n|t:|1727833656\n|switch|p1b: Dragapult|Dragapult, L50, F|100\/100\n|turn|2\n|\n|t:|1727833675\n|move|p2b: Gholdengo|Make It Rain|p1a: Weezing|[spread] p1a,p1b\n|-damage|p1a: Weezing|64\/100\n|-damage|p1b: Dragapult|49\/100\n|-unboost|p2b: Gholdengo|spa|1\n|move|p1b: Dragapult|Dragon Darts|p2a: Armarouge\n|-damage|p2a: Armarouge|59\/100\n|-anim|p1b: Dragapult|Dragon Darts|p2b: Gholdengo\n|-resisted|p2b: Gholdengo\n|-crit|p2b: Gholdengo\n|-damage|p2b: Gholdengo|0 fnt\n|faint|p2b: Gholdengo\n|move|p2a: Armarouge|Expanding Force|p1a: Weezing\n|-supereffective|p1a: Weezing\n|-damage|p1a: Weezing|0 fnt\n|faint|p1a: Weezing\n|-end|p1a: Weezing|ability: Neutralizing Gas\n|\n|upkeep\n|\n|t:|1727833692\n|switch|p2b: Dragonite|Dragonite, L50, M, shiny|100\/100\n|switch|p1a: Ursaluna|Ursaluna-Bloodmoon, L50, M|100\/100\n|turn|3\n|inactive|roykeenkennedy has 30 seconds left.\n|inactive|roykeenkennedy has 20 seconds left.\n|\n|t:|1727833730\n|switch|p2b: Indeedee|Indeedee, L50, M|100\/100\n|-fieldstart|move: Psychic Terrain|[from] ability: Psychic Surge|[of] p2b: Indeedee\n|move|p1b: Dragapult|Dragon Darts|p2a: Armarouge\n|-damage|p2a: Armarouge|17\/100\n|-ability|p2a: Armarouge|Weak Armor|boost\n|-unboost|p2a: Armarouge|def|1\n|-boost|p2a: Armarouge|spe|2\n|-anim|p1b: Dragapult|Dragon Darts|p2b: Indeedee\n|-damage|p2b: Indeedee|9\/100\n|move|p2a: Armarouge|Expanding Force|p1a: Ursaluna|[spread] p1a,p1b\n|-damage|p1a: Ursaluna|31\/100\n|-damage|p1b: Dragapult|0 fnt\n|faint|p1b: Dragapult\n|move|p1a: Ursaluna|Hyper Voice|p2b: Indeedee|[spread] p2a,p2b\n|-damage|p2a: Armarouge|0 fnt\n|-damage|p2b: Indeedee|0 fnt\n|faint|p2a: Armarouge\n|faint|p2b: Indeedee\n|\n|upkeep\n|\n|t:|1727833741\n|switch|p2b: Dragonite|Dragonite, L50, M, shiny|100\/100\n|turn|4\n|\n|t:|1727833753\n|move|p2b: Dragonite|Stomping Tantrum|p1a: Ursaluna\n|-damage|p1a: Ursaluna|11\/100\n|move|p1a: Ursaluna|Blood Moon|p2b: Dragonite\n|-damage|p2b: Dragonite|56\/100\n|\n|upkeep\n|turn|5\n|j| Manchester1997!\n|\n|t:|1727833762\n|move|p2b: Dragonite|Stomping Tantrum|p1a: Ursaluna\n|-damage|p1a: Ursaluna|0 fnt\n|faint|p1a: Ursaluna\n|\n|win|shulivgc\n|raw|roykeenkennedy's rating: 1675 &rarr; <strong>1666<\/strong><br \/>(-9 for losing)\n|raw|shulivgc's rating: 1898 &rarr; <strong>1907<\/strong><br \/>(+9 for winning)\n|l|\u2606roykeenkennedy\n|player|p1|\n|l|\u2606shulivgc\n|player|p2|\n|l| Manchester1997!\n","uploadtime":1727834000,"views":86,"formatid":"gen9vgc2024regh","rating":1666,"private":0,"password":null}