{"id":"gen9vgc2024regh-2213710951","format":"[Gen 9] VGC 2024 Reg H","players":["Anna giacristo","Lovac"],"log":"|j|\u2606Anna giacristo\n|j|\u2606Lovac\n|t:|1727804442\n|gametype|doubles\n|player|p1|Anna giacristo|101|1682\n|player|p2|Lovac|2|1724\n|teamsize|p1|6\n|teamsize|p2|6\n|gen|9\n|tier|[Gen 9] VGC 2024 Reg H\n|rated|\n|rule|Species Clause: Limit one of each Pok\u00e9mon\n|rule|Item Clause: Limit 1 of each item\n|clearpoke\n|poke|p1|Maushold-Four, L50|\n|poke|p1|Sinistcha-Masterpiece, L50|\n|poke|p1|Archaludon, L50, M|\n|poke|p1|Basculegion, L50, M|\n|poke|p1|Pelipper, L50, M|\n|poke|p1|Annihilape, L50, M|\n|poke|p2|Serperior, L50, F|\n|poke|p2|Ceruledge, L50, M|\n|poke|p2|Sneasler, L50, M|\n|poke|p2|Indeedee-F, L50, F|\n|poke|p2|Ursaluna-Bloodmoon, L50, M|\n|poke|p2|Hydreigon, L50, M|\n|teampreview|4\n|inactive|Battle timer is ON: inactive players will automatically lose when time's up. (requested by Lovac)\n|\n|t:|1727804478\n|start\n|switch|p1a: Maushold|Maushold-Four, L50|100\/100\n|switch|p1b: Archaludon|Archaludon, L50, M, shiny|100\/100\n|switch|p2a: Serperior|Serperior, L50, F, shiny|100\/100\n|switch|p2b: Hydreigon|Hydreigon, L50, M|100\/100\n|turn|1\n|inactive|Anna giacristo has 30 seconds left.\n|\n|t:|1727804509\n|move|p1a: Maushold|Protect|p1a: Maushold\n|-singleturn|p1a: Maushold|Protect\n|move|p2a: Serperior|Glare|p1a: Maushold\n|-activate|p1a: Maushold|move: Protect\n|move|p2b: Hydreigon|Draco Meteor|p1a: Maushold\n|-activate|p1a: Maushold|move: Protect\n|move|p1b: Archaludon|Body Press|p2b: Hydreigon\n|-supereffective|p2b: Hydreigon\n|-damage|p2b: Hydreigon|46\/100\n|\n|upkeep\n|turn|2\n|inactive|Anna giacristo has 30 seconds left.\n|inactive|Anna giacristo has 20 seconds left.\n|\n|t:|1727804549\n|switch|p1a: Pelipper|Pelipper, L50, M|100\/100\n|-weather|RainDance|[from] ability: Drizzle|[of] p1a: Pelipper\n|move|p2a: Serperior|Glare|p1a: Pelipper\n|-status|p1a: Pelipper|par\n|move|p2b: Hydreigon|Draco Meteor|p1a: Pelipper\n|-enditem|p1a: Pelipper|Focus Sash\n|-damage|p1a: Pelipper|1\/100 par\n|-unboost|p2b: Hydreigon|spa|2\n|move|p1b: Archaludon|Electro Shot||[still]\n|-prepare|p1b: Archaludon|Electro Shot\n|-boost|p1b: Archaludon|spa|1\n|-anim|p1b: Archaludon|Electro Shot|p2b: Hydreigon\n|-resisted|p2b: Hydreigon\n|-damage|p2b: Hydreigon|7\/100\n|\n|-weather|RainDance|[upkeep]\n|upkeep\n|turn|3\n|inactive|Anna giacristo has 30 seconds left.\n|j| Furret the one\n|inactive|Anna giacristo has 20 seconds left.\n|\n|t:|1727804585\n|move|p2a: Serperior|Glare|p1b: Archaludon\n|-status|p1b: Archaludon|par\n|move|p2b: Hydreigon|Dark Pulse|p1a: Pelipper\n|-crit|p1a: Pelipper\n|-damage|p1a: Pelipper|0 fnt\n|faint|p1a: Pelipper\n|move|p1b: Archaludon|Dragon Pulse|p2a: Serperior\n|-damage|p2a: Serperior|37\/100\n|\n|-weather|RainDance|[upkeep]\n|upkeep\n|\n|t:|1727804597\n|switch|p1a: Basculegion|Basculegion, L50, M, shiny|100\/100\n|turn|4\n|\n|t:|1727804613\n|move|p1a: Basculegion|Flip Turn|p2a: Serperior\n|-resisted|p2a: Serperior\n|-damage|p2a: Serperior|0 fnt\n|faint|p2a: Serperior\n|\n|t:|1727804618\n|switch|p1a: Maushold|Maushold-Four, L50|100\/100|[from] Flip Turn\n|move|p2b: Hydreigon|Dark Pulse|p1a: Maushold\n|-crit|p1a: Maushold\n|-damage|p1a: Maushold|8\/100\n|move|p1b: Archaludon|Electro Shot||[still]\n|-prepare|p1b: Archaludon|Electro Shot\n|-boost|p1b: Archaludon|spa|1\n|-anim|p1b: Archaludon|Electro Shot|p2b: Hydreigon\n|-resisted|p2b: Hydreigon\n|-damage|p2b: Hydreigon|0 fnt\n|faint|p2b: Hydreigon\n|\n|-weather|RainDance|[upkeep]\n|upkeep\n|\n|t:|1727804622\n|switch|p2a: Indeedee|Indeedee-F, L50, F|100\/100\n|switch|p2b: Sneasler|Sneasler, L50, M|100\/100\n|-fieldstart|move: Psychic Terrain|[from] ability: Psychic Surge|[of] p2a: Indeedee\n|-enditem|p2b: Sneasler|Psychic Seed\n|-boost|p2b: Sneasler|spd|1|[from] item: Psychic Seed\n|turn|5\n|\n|t:|1727804645\n|move|p2b: Sneasler|Protect|p2b: Sneasler\n|-singleturn|p2b: Sneasler|Protect\n|move|p2a: Indeedee|Protect|p2a: Indeedee\n|-singleturn|p2a: Indeedee|Protect\n|move|p1a: Maushold|Follow Me|p1a: Maushold\n|-singleturn|p1a: Maushold|move: Follow Me\n|cant|p1b: Archaludon|par\n|\n|-weather|RainDance|[upkeep]\n|upkeep\n|turn|6\n|inactive|Anna giacristo has 30 seconds left.\n|\n|t:|1727804678\n|-terastallize|p1a: Maushold|Ghost\n|move|p1a: Maushold|Follow Me|p1a: Maushold\n|-singleturn|p1a: Maushold|move: Follow Me\n|move|p2a: Indeedee|Follow Me|p2a: Indeedee\n|-singleturn|p2a: Indeedee|move: Follow Me\n|move|p2b: Sneasler|Throat Chop|p1a: Maushold\n|-supereffective|p1a: Maushold\n|-damage|p1a: Maushold|0 fnt\n|faint|p1a: Maushold\n|move|p1b: Archaludon|Electro Shot||[still]\n|-prepare|p1b: Archaludon|Electro Shot\n|-boost|p1b: Archaludon|spa|1\n|-anim|p1b: Archaludon|Electro Shot|p2a: Indeedee\n|-damage|p2a: Indeedee|0 fnt\n|faint|p2a: Indeedee\n|\n|-weather|none\n|upkeep\n|\n|t:|1727804695\n|switch|p1a: Basculegion|Basculegion, L50, M, shiny|100\/100\n|turn|7\n|\n|t:|1727804714\n|-terastallize|p2b: Sneasler|Dark\n|move|p2b: Sneasler|Close Combat|p1b: Archaludon\n|-supereffective|p1b: Archaludon\n|-damage|p1b: Archaludon|8\/100 par\n|-unboost|p2b: Sneasler|def|1\n|-unboost|p2b: Sneasler|spd|1\n|-ability|p1b: Archaludon|Stamina|boost\n|-boost|p1b: Archaludon|def|1\n|move|p1a: Basculegion|Wave Crash|p2b: Sneasler\n|-damage|p2b: Sneasler|0 fnt\n|faint|p2b: Sneasler\n|-damage|p1a: Basculegion|74\/100|[from] Recoil\n|\n|win|Anna giacristo\n|raw|Anna giacristo's rating: 1682 &rarr; <strong>1704<\/strong><br \/>(+22 for winning)\n|raw|Lovac's rating: 1724 &rarr; <strong>1702<\/strong><br \/>(-22 for losing)\n|l|\u2606Lovac\n|player|p2|\n|l|\u2606Anna giacristo\n|player|p1|\n","uploadtime":1727804933,"views":18,"formatid":"gen9vgc2024regh","rating":1702,"private":0,"password":null}