{"id":"gen9vgc2024regh-2213766569","format":"[Gen 9] VGC 2024 Reg H","players":["chuppacrossfan","fangame10"],"log":"|j|\u2606chuppacrossfan\n|j|\u2606fangame10\n|t:|1727809202\n|gametype|doubles\n|player|p1|chuppacrossfan|gentleman-gen4dp|1674\n|player|p2|fangame10|red|1695\n|teamsize|p1|6\n|teamsize|p2|6\n|gen|9\n|tier|[Gen 9] VGC 2024 Reg H\n|rated|\n|rule|Species Clause: Limit one of each Pok\u00e9mon\n|rule|Item Clause: Limit 1 of each item\n|clearpoke\n|poke|p1|Murkrow, L50, F|\n|poke|p1|Basculegion, L50, M|\n|poke|p1|Gholdengo, L50|\n|poke|p1|Pawmot, L50, F|\n|poke|p1|Farigiraf, L50, M|\n|poke|p1|Ursaluna-Bloodmoon, L50, M|\n|poke|p2|Dragapult, L50, F|\n|poke|p2|Ninetales-Alola, L50, F|\n|poke|p2|Milotic, L50, M|\n|poke|p2|Skeledirge, L50, M|\n|poke|p2|Rillaboom, L50, M|\n|poke|p2|Sneasler, L50, M|\n|teampreview|4\n|inactive|Battle timer is ON: inactive players will automatically lose when time's up. (requested by fangame10)\n|inactive|chuppacrossfan also wants the timer to be on.\nchuppacrossfan has agreed to open team sheets.\nfangame10 has agreed to open team sheets.\n|inactive|chuppacrossfan has 30 seconds left.\n|\n|t:|1727809234\n|start\n|switch|p1a: Boeing|Murkrow, L50, F|100\/100\n|switch|p1b: Company|Gholdengo, L50|100\/100\n|switch|p2a: Dragapult|Dragapult, L50, F, shiny|100\/100\n|switch|p2b: Milotic|Milotic, L50, M, shiny|100\/100\n|turn|1\n|\n|t:|1727809247\n|switch|p2a: Skeledirge|Skeledirge, L50, M, shiny|100\/100\n|-terastallize|p1b: Company|Steel\n|move|p1a: Boeing|Tailwind|p1a: Boeing\n|-sidestart|p1: chuppacrossfan|move: Tailwind\n|move|p1b: Company|Make It Rain|p2a: Skeledirge|[spread] p2a,p2b\n|-resisted|p2a: Skeledirge\n|-resisted|p2b: Milotic\n|-damage|p2a: Skeledirge|54\/100\n|-damage|p2b: Milotic|66\/100\n|-unboost|p1b: Company|spa|1\n|move|p2b: Milotic|Hypnosis|p1a: Boeing\n|-status|p1a: Boeing|slp|[from] move: Hypnosis\n|\n|-heal|p2a: Skeledirge|60\/100|[from] item: Leftovers\n|upkeep\n|turn|2\n|\n|t:|1727809260\n|switch|p1b: Airplane|Basculegion, L50, M|100\/100\n|cant|p1a: Boeing|slp\n|move|p2b: Milotic|Life Dew|p2b: Milotic|[spread] p2a,p2b\n|-heal|p2a: Skeledirge|85\/100\n|-heal|p2b: Milotic|91\/100\n|move|p2a: Skeledirge|Torch Song|p1b: Airplane\n|-resisted|p1b: Airplane\n|-damage|p1b: Airplane|78\/100\n|-boost|p2a: Skeledirge|spa|1\n|\n|-heal|p2a: Skeledirge|91\/100|[from] item: Leftovers\n|upkeep\n|turn|3\n|inactive|fangame10 has 30 seconds left.\n|\n|t:|1727809286\n|-terastallize|p2a: Skeledirge|Dark\n|move|p1b: Airplane|Flip Turn|p2a: Skeledirge\n|-damage|p2a: Skeledirge|57\/100\n|\n|t:|1727809292\n|switch|p1b: Unalived|Pawmot, L50, F|100\/100|[from] Flip Turn\n|-curestatus|p1a: Boeing|slp|[msg]\n|move|p1a: Boeing|Brave Bird|p2a: Skeledirge\n|-damage|p2a: Skeledirge|17\/100\n|-damage|p1a: Boeing|83\/100|[from] Recoil\n|move|p2b: Milotic|Coil|p2b: Milotic\n|-boost|p2b: Milotic|atk|1\n|-boost|p2b: Milotic|def|1\n|-boost|p2b: Milotic|accuracy|1\n|move|p2a: Skeledirge|Shadow Ball|p1b: Unalived\n|-damage|p1b: Unalived|1\/100\n|\n|-heal|p2a: Skeledirge|22\/100|[from] item: Leftovers\n|upkeep\n|turn|4\n|j| geekaleek\n|\n|t:|1727809315\n|switch|p1b: Company|Gholdengo, L50, tera:Steel|100\/100\n|move|p1a: Boeing|Brave Bird|p2a: Skeledirge\n|-damage|p2a: Skeledirge|0 fnt\n|faint|p2a: Skeledirge\n|-damage|p1a: Boeing|73\/100|[from] Recoil\n|move|p2b: Milotic|Hypnosis|p1a: Boeing\n|-status|p1a: Boeing|slp|[from] move: Hypnosis\n|\n|-sideend|p1: chuppacrossfan|move: Tailwind\n|upkeep\n|\n|t:|1727809321\n|switch|p2a: Dragapult|Dragapult, L50, F, shiny|100\/100\n|turn|5\n|\n|t:|1727809336\n|cant|p1a: Boeing|slp\n|move|p2a: Dragapult|Phantom Force||[still]\n|-prepare|p2a: Dragapult|Phantom Force\n|move|p1b: Company|Make It Rain|p2a: Dragapult|[spread] p2b\n|-miss|p1b: Company|p2a: Dragapult\n|-resisted|p2b: Milotic\n|-crit|p2b: Milotic\n|-damage|p2b: Milotic|46\/100\n|-unboost|p1b: Company|spa|1\n|-enditem|p2b: Milotic|Sitrus Berry|[eat]\n|-heal|p2b: Milotic|71\/100|[from] item: Sitrus Berry\n|move|p2b: Milotic|Muddy Water|p1b: Company|[spread] p1a,p1b\n|-damage|p1a: Boeing|44\/100 slp\n|-damage|p1b: Company|73\/100\n|\n|upkeep\n|turn|6\n|\n|t:|1727809344\n|-curestatus|p1a: Boeing|slp|[msg]\n|move|p1a: Boeing|Haze|p1a: Boeing\n|-clearallboost\n|move|p2a: Dragapult|Phantom Force|p1b: Company|[from]lockedmove\n|-damage|p1b: Company|0 fnt\n|faint|p1b: Company\n|move|p2b: Milotic|Muddy Water|p1a: Boeing\n|-damage|p1a: Boeing|3\/100\n|\n|upkeep\n|\n|t:|1727809356\n|switch|p1b: Unalived|Pawmot, L50, F|1\/100\n|turn|7\n|inactive|fangame10 has 30 seconds left.\n|\n|t:|1727809388\n|move|p1a: Boeing|Tailwind|p1a: Boeing\n|-sidestart|p1: chuppacrossfan|move: Tailwind\n|move|p1b: Unalived|Revival Blessing|p1b: Unalived\n|\n|t:|1727809392\n|-heal|p1: Company|50\/100|[from] move: Revival Blessing\n|move|p2a: Dragapult|Phantom Force||[still]\n|-prepare|p2a: Dragapult|Phantom Force\n|move|p2b: Milotic|Muddy Water|p1b: Unalived|[spread] p1a,p1b\n|-damage|p1a: Boeing|0 fnt\n|-damage|p1b: Unalived|0 fnt\n|faint|p1a: Boeing\n|faint|p1b: Unalived\n|\n|upkeep\n|\n|t:|1727809397\n|switch|p1b: Airplane|Basculegion, L50, M|78\/100\n|switch|p1a: Company|Gholdengo, L50|50\/100\n|turn|8\n|\n|t:|1727809409\n|move|p1b: Airplane|Last Respects|p2b: Milotic\n|-damage|p2b: Milotic|0 fnt\n|faint|p2b: Milotic\n|move|p1a: Company|Make It Rain|p2a: Dragapult|[miss]\n|-miss|p1a: Company|p2a: Dragapult\n|move|p2a: Dragapult|Phantom Force|p1b: Airplane|[from]lockedmove\n|-supereffective|p1b: Airplane\n|-damage|p1b: Airplane|0 fnt\n|faint|p1b: Airplane\n|\n|upkeep\n|\n|t:|1727809418\n|switch|p2b: Ninetales|Ninetales-Alola, L50, F, shiny|100\/100\n|-weather|Snow|[from] ability: Snow Warning|[of] p2b: Ninetales\n|turn|9\n|\n|t:|1727809421\n|move|p2b: Ninetales|Protect|p2b: Ninetales\n|-singleturn|p2b: Ninetales|Protect\n|move|p1a: Company|Make It Rain|p2a: Dragapult|[spread] p2a\n|-activate|p2b: Ninetales|move: Protect\n|-damage|p2a: Dragapult|0 fnt\n|-unboost|p1a: Company|spa|1\n|faint|p2a: Dragapult\n|\n|-weather|Snow|[upkeep]\n|upkeep\n|turn|10\n|\n|t:|1727809428\n|move|p2b: Ninetales|Protect||[still]\n|-fail|p2b: Ninetales\n|move|p1a: Company|Make It Rain|p2b: Ninetales\n|-supereffective|p2b: Ninetales\n|-crit|p2b: Ninetales\n|-damage|p2b: Ninetales|0 fnt\n|-unboost|p1a: Company|spa|1\n|faint|p2b: Ninetales\n|\n|win|chuppacrossfan\n|raw|chuppacrossfan's rating: 1674 &rarr; <strong>1695<\/strong><br \/>(+21 for winning)\n|raw|fangame10's rating: 1695 &rarr; <strong>1674<\/strong><br \/>(-21 for losing)\n|l|\u2606fangame10\n|player|p2|\n|j| 0l'Bones\n|l| 0l'Bones\n|l| geekaleek\n|l|\u2606chuppacrossfan\n|player|p1|\n","uploadtime":1727809431,"views":92,"formatid":"gen9vgc2024regh","rating":1674,"private":0,"password":null}