{"id":"gen9vgc2024regh-2213906693","format":"[Gen 9] VGC 2024 Reg H","players":["ABCD baby","gamakura"],"log":"|j|\u2606ABCD baby\n|j|\u2606gamakura\n|t:|1727823351\n|gametype|doubles\n|player|p1|ABCD baby|lady-gen4|1710\n|player|p2|gamakura|lyra|1692\n|teamsize|p1|6\n|teamsize|p2|6\n|gen|9\n|tier|[Gen 9] VGC 2024 Reg H\n|rated|\n|rule|Species Clause: Limit one of each Pok\u00e9mon\n|rule|Item Clause: Limit 1 of each item\n|clearpoke\n|poke|p1|Dragapult, L50, M|\n|poke|p1|Sneasler, L50, M|\n|poke|p1|Electabuzz, L50, M|\n|poke|p1|Rillaboom, L50, M|\n|poke|p1|Primarina, L50, F|\n|poke|p1|Kingambit, L50, M|\n|poke|p2|Ursaluna, L50, M|\n|poke|p2|Indeedee-F, L50, F|\n|poke|p2|Murkrow, L50, M|\n|poke|p2|Gardevoir, L50, F|\n|poke|p2|Pelipper, L50, F|\n|poke|p2|Amoonguss, L50, M|\n|teampreview|4\n|\n|t:|1727823380\n|start\n|switch|p1a: Sneasler|Sneasler, L50, M|100\/100\n|switch|p1b: Dragapult|Dragapult, L50, M|100\/100\n|switch|p2a: Indeedee|Indeedee-F, L50, F|100\/100\n|switch|p2b: Ursaluna|Ursaluna, L50, M|100\/100\n|-fieldstart|move: Psychic Terrain|[from] ability: Psychic Surge|[of] p2a: Indeedee\n|turn|1\n|j| iceman440\n|j| RNG Mad\n|\n|t:|1727823403\n|move|p2a: Indeedee|Follow Me|p2a: Indeedee\n|-singleturn|p2a: Indeedee|move: Follow Me\n|move|p1b: Dragapult|U-turn|p2a: Indeedee\n|-supereffective|p2a: Indeedee\n|-damage|p2a: Indeedee|16\/100\n|-damage|p1b: Dragapult|84\/100|[from] item: Rocky Helmet|[of] p2a: Indeedee\n|\n|t:|1727823409\n|switch|p1b: Rillaboom|Rillaboom, L50, M|100\/100|[from] U-turn\n|-fieldstart|move: Grassy Terrain|[from] ability: Grassy Surge|[of] p1b: Rillaboom\n|move|p1a: Sneasler|Dire Claw|p2a: Indeedee\n|-damage|p2a: Indeedee|0 fnt\n|-damage|p1a: Sneasler|84\/100|[from] item: Rocky Helmet|[of] p2a: Indeedee\n|faint|p2a: Indeedee\n|move|p2b: Ursaluna|Earthquake|p1a: Sneasler|[spread] p1a,p1b\n|-supereffective|p1a: Sneasler\n|-crit|p1a: Sneasler\n|-resisted|p1b: Rillaboom\n|-damage|p1a: Sneasler|0 fnt\n|-damage|p1b: Rillaboom|91\/100\n|faint|p1a: Sneasler\n|\n|-heal|p1b: Rillaboom|97\/100|[from] Grassy Terrain\n|-status|p2b: Ursaluna|brn|[from] item: Flame Orb\n|upkeep\n|j| Zadom456\n|\n|t:|1727823433\n|switch|p1a: Dragapult|Dragapult, L50, M|84\/100\n|switch|p2a: Murkrow|Murkrow, L50, M|100\/100\n|turn|2\n|\n|t:|1727823445\n|-terastallize|p1a: Dragapult|Dragon\n|-terastallize|p2b: Ursaluna|Steel\n|move|p1b: Rillaboom|Grassy Glide|p2b: Ursaluna\n|-resisted|p2b: Ursaluna\n|-damage|p2b: Ursaluna|87\/100 brn\n|move|p2a: Murkrow|Tailwind|p2a: Murkrow\n|-sidestart|p2: gamakura|move: Tailwind\n|move|p2b: Ursaluna|Facade|p1b: Rillaboom\n|-damage|p1b: Rillaboom|0 fnt\n|faint|p1b: Rillaboom\n|move|p1a: Dragapult|Dragon Darts|p2b: Ursaluna\n|-resisted|p2b: Ursaluna\n|-damage|p2b: Ursaluna|65\/100 brn\n|-anim|p1a: Dragapult|Dragon Darts|p2a: Murkrow\n|-damage|p2a: Murkrow|47\/100\n|\n|-heal|p2b: Ursaluna|71\/100 brn|[from] Grassy Terrain\n|-heal|p1a: Dragapult|90\/100|[from] Grassy Terrain\n|-damage|p2b: Ursaluna|65\/100 brn|[from] brn\n|upkeep\n|\n|t:|1727823458\n|switch|p1b: Kingambit|Kingambit, L50, M, shiny|100\/100\n|turn|3\n|\n|t:|1727823471\n|move|p2a: Murkrow|Foul Play|p1b: Kingambit\n|-resisted|p1b: Kingambit\n|-damage|p1b: Kingambit|78\/100\n|move|p2b: Ursaluna|Facade|p1a: Dragapult\n|-damage|p1a: Dragapult|0 fnt\n|faint|p1a: Dragapult\n|move|p1b: Kingambit|Kowtow Cleave|p2b: Ursaluna\n|-damage|p2b: Ursaluna|21\/100 brn\n|\n|-heal|p2b: Ursaluna|27\/100 brn|[from] Grassy Terrain\n|-heal|p1b: Kingambit|84\/100|[from] Grassy Terrain\n|-damage|p2b: Ursaluna|21\/100 brn|[from] brn\n|upkeep\n|turn|4\n|\n|t:|1727823484\n|move|p1b: Kingambit|Protect|p1b: Kingambit\n|-singleturn|p1b: Kingambit|Protect\n|move|p2a: Murkrow|Foul Play|p1b: Kingambit\n|-activate|p1b: Kingambit|move: Protect\n|move|p2b: Ursaluna|Earthquake|p1b: Kingambit|[spread] \n|-activate|p1b: Kingambit|move: Protect\n|-immune|p2a: Murkrow\n|\n|-heal|p2b: Ursaluna|27\/100 brn|[from] Grassy Terrain\n|-heal|p1b: Kingambit|90\/100|[from] Grassy Terrain\n|-damage|p2b: Ursaluna|21\/100 brn|[from] brn\n|upkeep\n|turn|5\n|\n|t:|1727823489\n|move|p1b: Kingambit|Sucker Punch|p2b: Ursaluna\n|-damage|p2b: Ursaluna|0 fnt\n|faint|p2b: Ursaluna\n|move|p2a: Murkrow|Foul Play|p1b: Kingambit\n|-resisted|p1b: Kingambit\n|-damage|p1b: Kingambit|69\/100\n|\n|-heal|p1b: Kingambit|75\/100|[from] Grassy Terrain\n|-sideend|p2: gamakura|move: Tailwind\n|-fieldend|move: Grassy Terrain\n|upkeep\n|\n|t:|1727823491\n|switch|p2b: Gardevoir|Gardevoir, L50, F|100\/100\n|turn|6\n|\n|t:|1727823500\n|move|p2b: Gardevoir|Protect|p2b: Gardevoir\n|-singleturn|p2b: Gardevoir|Protect\n|move|p1b: Kingambit|Protect|p1b: Kingambit\n|-singleturn|p1b: Kingambit|Protect\n|move|p2a: Murkrow|Foul Play|p1b: Kingambit\n|-activate|p1b: Kingambit|move: Protect\n|\n|upkeep\n|turn|7\n|\n|t:|1727823507\n|move|p2b: Gardevoir|Moonblast|p1b: Kingambit\n|-damage|p1b: Kingambit|4\/100\n|-damage|p2b: Gardevoir|91\/100|[from] item: Life Orb\n|move|p2a: Murkrow|Foul Play|p1b: Kingambit\n|-resisted|p1b: Kingambit\n|-damage|p1b: Kingambit|0 fnt\n|faint|p1b: Kingambit\n|\n|win|gamakura\n|raw|ABCD baby's rating: 1710 &rarr; <strong>1689<\/strong><br \/>(-21 for losing)\n|raw|gamakura's rating: 1692 &rarr; <strong>1713<\/strong><br \/>(+21 for winning)\n|l|\u2606ABCD baby\n|player|p1|\n|l| Zadom456\n|l| iceman440\n|l| RNG Mad\n|l|\u2606gamakura\n|player|p2|\n","uploadtime":1727823752,"views":20,"formatid":"gen9vgc2024regh","rating":1689,"private":0,"password":null}