{"id":"gen9vgc2024regh-2213001707","format":"[Gen 9] VGC 2024 Reg H","players":["Engineer vgc","chin8"],"log":"|j|\u2606Engineer vgc\n|j|\u2606chin8\n|t:|1727720936\n|gametype|doubles\n|player|p1|Engineer vgc|266|1765\n|player|p2|chin8|gentleman-gen4dp|1745\n|teamsize|p1|6\n|teamsize|p2|6\n|gen|9\n|tier|[Gen 9] VGC 2024 Reg H\n|rated|\n|rule|Species Clause: Limit one of each Pok\u00e9mon\n|rule|Item Clause: Limit 1 of each item\n|clearpoke\n|poke|p1|Smeargle, L50, M|\n|poke|p1|Muk-Alola, L50, F|\n|poke|p1|Delphox, L50, F|\n|poke|p1|Indeedee-F, L50, F|\n|poke|p1|Torkoal, L50, F|\n|poke|p1|Flamigo, L50, F|\n|poke|p2|Baxcalibur, L50, M|\n|poke|p2|Kilowattrel, L50, M|\n|poke|p2|Heracross, L50, F|\n|poke|p2|Gardevoir, L50, F|\n|poke|p2|Magmortar, L50, F|\n|poke|p2|Gholdengo, L50|\n|teampreview|4\n|j| waltermelon2\n|\n|t:|1727720994\n|start\n|switch|p1a: Unlucky|Delphox, L50, F|100\/100\n|switch|p1b: tiktoker|Indeedee-F, L50, F|100\/100\n|switch|p2a: Gardevoir|Gardevoir, L50, F|100\/100\n|switch|p2b: Baxcalibur|Baxcalibur, L50, M|100\/100\n|-fieldstart|move: Psychic Terrain|[from] ability: Psychic Surge|[of] p1b: tiktoker\n|-enditem|p1b: tiktoker|Psychic Seed\n|-boost|p1b: tiktoker|spd|1|[from] item: Psychic Seed\n|-enditem|p2a: Gardevoir|Mirror Herb\n|-boost|p2a: Gardevoir|spd|1|[from] item: Mirror Herb\n|turn|1\n|\n|t:|1727721002\n|-terastallize|p2b: Baxcalibur|Ground\n|move|p1a: Unlucky|Expanding Force|p2b: Baxcalibur|[spread] p2a,p2b\n|-resisted|p2a: Gardevoir\n|-damage|p2a: Gardevoir|76\/100\n|-damage|p2b: Baxcalibur|61\/100\n|-damage|p1a: Unlucky|90\/100|[from] item: Life Orb\n|move|p2b: Baxcalibur|Earthquake|p1b: tiktoker|[spread] p1a,p1b\n|-activate|p2a: Gardevoir|ability: Telepathy\n|-supereffective|p1a: Unlucky\n|-damage|p1a: Unlucky|0 fnt\n|-damage|p1b: tiktoker|37\/100\n|faint|p1a: Unlucky\n|move|p2a: Gardevoir|Imprison|p2a: Gardevoir\n|-start|p2a: Gardevoir|move: Imprison\n|cant|p1b: tiktoker|move: Imprison|Trick Room\n|\n|upkeep\n|\n|t:|1727721019\n|switch|p1a: El pintor|Muk-Alola, L50, F|100\/100\n|turn|2\n|\n|t:|1727721037\n|-terastallize|p1a: El pintor|Fairy\n|move|p1b: tiktoker|Protect|p1b: tiktoker\n|-singleturn|p1b: tiktoker|Protect\n|move|p2b: Baxcalibur|Earthquake|p1a: El pintor|[spread] p1a\n|-activate|p1b: tiktoker|move: Protect\n|-activate|p2a: Gardevoir|ability: Telepathy\n|-damage|p1a: El pintor|54\/100\n|move|p2a: Gardevoir|Dazzling Gleam|p1a: El pintor|[spread] p1a\n|-activate|p1b: tiktoker|move: Protect\n|-damage|p1a: El pintor|34\/100\n|move|p1a: El pintor|Gunk Shot|p2a: Gardevoir\n|-supereffective|p2a: Gardevoir\n|-damage|p2a: Gardevoir|0 fnt\n|faint|p2a: Gardevoir\n|\n|-heal|p1a: El pintor|40\/100|[from] item: Leftovers\n|upkeep\n|\n|t:|1727721041\n|switch|p2a: Kilowattrel|Kilowattrel, L50, M|100\/100\n|turn|3\n|\n|t:|1727721059\n|switch|p2a: Gholdengo|Gholdengo, L50|100\/100\n|move|p1a: El pintor|Protect|p1a: El pintor\n|-singleturn|p1a: El pintor|Protect\n|move|p2b: Baxcalibur|Icicle Crash|p1a: El pintor\n|-activate|p1a: El pintor|move: Protect\n|move|p1b: tiktoker|Trick Room|p1b: tiktoker\n|-fieldstart|move: Trick Room|[of] p1b: tiktoker\n|\n|-heal|p1a: El pintor|46\/100|[from] item: Leftovers\n|upkeep\n|turn|4\n|\n|t:|1727721075\n|move|p1b: tiktoker|Helping Hand|p1a: El pintor\n|-singleturn|p1a: El pintor|Helping Hand|[of] p1b: tiktoker\n|move|p1a: El pintor|Knock Off|p2b: Baxcalibur\n|-damage|p2b: Baxcalibur|7\/100\n|-enditem|p2b: Baxcalibur|Assault Vest|[from] move: Knock Off|[of] p1a: El pintor\n|move|p2b: Baxcalibur|Icicle Crash|p1a: El pintor\n|-damage|p1a: El pintor|0 fnt\n|faint|p1a: El pintor\n|move|p2a: Gholdengo|Make It Rain|p1b: tiktoker\n|-damage|p1b: tiktoker|7\/100\n|-unboost|p2a: Gholdengo|spa|1\n|\n|upkeep\n|\n|t:|1727721080\n|switch|p1a: el teide|Torkoal, L50, F|100\/100\n|-weather|SunnyDay|[from] ability: Drought|[of] p1a: el teide\n|turn|5\n|\n|t:|1727721099\n|switch|p2b: Kilowattrel|Kilowattrel, L50, M|100\/100\n|move|p1b: tiktoker|Helping Hand|p1a: el teide\n|-singleturn|p1a: el teide|Helping Hand|[of] p1b: tiktoker\n|move|p2a: Gholdengo|Protect|p2a: Gholdengo\n|-singleturn|p2a: Gholdengo|Protect\n|move|p1a: el teide|Eruption|p2a: Gholdengo|[spread] p2b\n|-activate|p2a: Gholdengo|move: Protect\n|-enditem|p2b: Kilowattrel|Focus Sash\n|-damage|p2b: Kilowattrel|1\/100\n|\n|-weather|SunnyDay|[upkeep]\n|-fieldend|move: Psychic Terrain\n|upkeep\n|turn|6\n|\n|t:|1727721109\n|switch|p2a: Baxcalibur|Baxcalibur, L50, M, tera:Ground|7\/100\n|move|p1b: tiktoker|Helping Hand|p1a: el teide\n|-singleturn|p1a: el teide|Helping Hand|[of] p1b: tiktoker\n|move|p2b: Kilowattrel|Protect|p2b: Kilowattrel\n|-singleturn|p2b: Kilowattrel|Protect\n|move|p1a: el teide|Eruption|p2a: Baxcalibur|[spread] p2a\n|-activate|p2b: Kilowattrel|move: Protect\n|-damage|p2a: Baxcalibur|0 fnt\n|faint|p2a: Baxcalibur\n|\n|-weather|SunnyDay|[upkeep]\n|upkeep\n|j| mr pogostick\n|\n|t:|1727721121\n|switch|p2a: Gholdengo|Gholdengo, L50|100\/100\n|turn|7\n|\n|t:|1727721128\n|move|p1b: tiktoker|Helping Hand|p1a: el teide\n|-singleturn|p1a: el teide|Helping Hand|[of] p1b: tiktoker\n|move|p2a: Gholdengo|Protect|p2a: Gholdengo\n|-singleturn|p2a: Gholdengo|Protect\n|move|p2b: Kilowattrel|Protect|p2b: Kilowattrel\n|-singleturn|p2b: Kilowattrel|Protect\n|move|p1a: el teide|Eruption|p2b: Kilowattrel|[spread] \n|-activate|p2a: Gholdengo|move: Protect\n|-activate|p2b: Kilowattrel|move: Protect\n|\n|-weather|SunnyDay|[upkeep]\n|-fieldend|move: Trick Room\n|upkeep\n|turn|8\n|c|\u2606Engineer vgc|Xd\n|c|\u2606Engineer vgc|Well playes\n|\n|t:|1727721161\n|move|p1b: tiktoker|Follow Me|p1b: tiktoker\n|-singleturn|p1b: tiktoker|move: Follow Me\n|move|p2b: Kilowattrel|Thunderbolt|p1b: tiktoker\n|-damage|p1b: tiktoker|0 fnt\n|faint|p1b: tiktoker\n|move|p2a: Gholdengo|Shadow Ball|p1a: el teide\n|-damage|p1a: el teide|39\/100\n|move|p1a: el teide|Weather Ball|p2a: Gholdengo\n|-supereffective|p2a: Gholdengo\n|-damage|p2a: Gholdengo|0 fnt\n|faint|p2a: Gholdengo\n|\n|-weather|SunnyDay|[upkeep]\n|upkeep\n|turn|9\n|\n|t:|1727721174\n|move|p2b: Kilowattrel|Thunderbolt|p1a: el teide\n|-damage|p1a: el teide|0 fnt\n|faint|p1a: el teide\n|\n|win|chin8\n|raw|Engineer vgc's rating: 1765 &rarr; <strong>1744<\/strong><br \/>(-21 for losing)\n|raw|chin8's rating: 1745 &rarr; <strong>1766<\/strong><br \/>(+21 for winning)\n|l|\u2606chin8\n|player|p2|\n|l| mr pogostick\n|l|\u2606Engineer vgc\n|player|p1|\n|l| waltermelon2\n","uploadtime":1727721380,"views":55,"formatid":"gen9vgc2024regh","rating":1744,"private":0,"password":null}