{"id":"gen9vgc2024regh-2213889793","format":"[Gen 9] VGC 2024 Reg H","players":["Zordor","fangame10"],"log":"|j|\u2606Zordor\n|j|\u2606fangame10\n|t:|1727821398\n|gametype|doubles\n|player|p1|Zordor|pilot|1762\n|player|p2|fangame10|red|1762\n|teamsize|p1|6\n|teamsize|p2|6\n|gen|9\n|tier|[Gen 9] VGC 2024 Reg H\n|rated|\n|rule|Species Clause: Limit one of each Pok\u00e9mon\n|rule|Item Clause: Limit 1 of each item\n|clearpoke\n|poke|p1|Rotom-Wash, L50|\n|poke|p1|Sneasler, L50, F|\n|poke|p1|Venusaur, L50, M|\n|poke|p1|Kingambit, L50, M|\n|poke|p1|Armarouge, L50, M|\n|poke|p1|Dragapult, L50, M|\n|poke|p2|Dragapult, L50, F|\n|poke|p2|Ninetales-Alola, L50, F|\n|poke|p2|Milotic, L50, M|\n|poke|p2|Skeledirge, L50, M|\n|poke|p2|Rillaboom, L50, M|\n|poke|p2|Sneasler, L50, M|\n|teampreview|4\n|inactive|Battle timer is ON: inactive players will automatically lose when time's up. (requested by fangame10)\n|inactive|Zordor has 60 seconds left.\n|inactive|fangame10 has 60 seconds left.\n|inactive|fangame10 has 30 seconds left.\n|inactive|fangame10 has 20 seconds left.\n|\n|t:|1727821472\n|start\n|switch|p1a: Dragapult|Dragapult, L50, M|100\/100\n|switch|p1b: Sneasler|Sneasler, L50, F|100\/100\n|switch|p2a: Ninetales|Ninetales-Alola, L50, F, shiny|100\/100\n|switch|p2b: Skeledirge|Skeledirge, L50, M, shiny|100\/100\n|-weather|Snow|[from] ability: Snow Warning|[of] p2a: Ninetales\n|turn|1\n|inactive|Zordor has 30 seconds left.\n|inactive|Zordor has 20 seconds left.\n|\n|t:|1727821511\n|move|p2b: Skeledirge|Protect|p2b: Skeledirge\n|-singleturn|p2b: Skeledirge|Protect\n|move|p1a: Dragapult|Dragon Darts|p2a: Ninetales\n|-immune|p2a: Ninetales\n|move|p1b: Sneasler|Dire Claw|p2a: Ninetales\n|-supereffective|p2a: Ninetales\n|-damage|p2a: Ninetales|22\/100\n|move|p2a: Ninetales|Aurora Veil|p2a: Ninetales\n|-sidestart|p2: fangame10|move: Aurora Veil\n|\n|-weather|Snow|[upkeep]\n|upkeep\n|turn|2\n|\n|t:|1727821530\n|switch|p2a: Milotic|Milotic, L50, M, shiny|100\/100\n|move|p1a: Dragapult|Psychic Fangs|p2b: Skeledirge\n|-sideend|p2: fangame10|move: Aurora Veil\n|-damage|p2b: Skeledirge|77\/100\n|move|p1b: Sneasler|Dire Claw|p2a: Milotic\n|-damage|p2a: Milotic|51\/100\n|move|p2b: Skeledirge|Will-O-Wisp|p1a: Dragapult\n|-status|p1a: Dragapult|brn\n|\n|-weather|Snow|[upkeep]\n|-heal|p2b: Skeledirge|83\/100|[from] item: Leftovers\n|-damage|p1a: Dragapult|94\/100 brn|[from] brn\n|upkeep\n|turn|3\n|\n|t:|1727821550\n|move|p1a: Dragapult|Dragon Darts|p2a: Milotic\n|-damage|p2a: Milotic|38\/100\n|-enditem|p2a: Milotic|Sitrus Berry|[eat]\n|-heal|p2a: Milotic|62\/100|[from] item: Sitrus Berry\n|-anim|p1a: Dragapult|Dragon Darts|p2b: Skeledirge\n|-damage|p2b: Skeledirge|72\/100\n|move|p1b: Sneasler|Dire Claw|p2a: Milotic\n|-damage|p2a: Milotic|15\/100\n|-status|p2a: Milotic|par\n|move|p2b: Skeledirge|Will-O-Wisp|p1b: Sneasler\n|-status|p1b: Sneasler|brn\n|move|p2a: Milotic|Life Dew|p2a: Milotic|[spread] p2a,p2b\n|-heal|p2a: Milotic|40\/100 par\n|-heal|p2b: Skeledirge|98\/100\n|\n|-weather|Snow|[upkeep]\n|-heal|p2b: Skeledirge|100\/100|[from] item: Leftovers\n|-damage|p1a: Dragapult|88\/100 brn|[from] brn\n|-damage|p1b: Sneasler|95\/100 brn|[from] brn\n|upkeep\n|turn|4\n|inactive|Zordor has 30 seconds left.\n|\n|t:|1727821575\n|switch|p1a: Venusaur|Venusaur, L50, M|100\/100\n|move|p1b: Sneasler|Dire Claw|p2b: Skeledirge\n|-resisted|p2b: Skeledirge\n|-damage|p2b: Skeledirge|92\/100\n|-status|p2b: Skeledirge|par\n|cant|p2a: Milotic|par\n|move|p2b: Skeledirge|Torch Song|p1b: Sneasler\n|-damage|p1b: Sneasler|41\/100 brn\n|-boost|p2b: Skeledirge|spa|1\n|\n|-weather|Snow|[upkeep]\n|-heal|p2b: Skeledirge|98\/100 par|[from] item: Leftovers\n|-damage|p1b: Sneasler|35\/100 brn|[from] brn\n|upkeep\n|turn|5\n|\n|t:|1727821590\n|move|p1b: Sneasler|Rock Tomb|p2b: Skeledirge\n|-supereffective|p2b: Skeledirge\n|-damage|p2b: Skeledirge|80\/100 par\n|-unboost|p2b: Skeledirge|spe|1\n|move|p1a: Venusaur|Earth Power|p2b: Skeledirge\n|-supereffective|p2b: Skeledirge\n|-damage|p2b: Skeledirge|30\/100 par\n|move|p2a: Milotic|Hypnosis|p1a: Venusaur|[miss]\n|-miss|p2a: Milotic|p1a: Venusaur\n|move|p2b: Skeledirge|Torch Song|p1a: Venusaur\n|-supereffective|p1a: Venusaur\n|-damage|p1a: Venusaur|0 fnt\n|-boost|p2b: Skeledirge|spa|1\n|faint|p1a: Venusaur\n|\n|-weather|none\n|-heal|p2b: Skeledirge|35\/100 par|[from] item: Leftovers\n|-damage|p1b: Sneasler|29\/100 brn|[from] brn\n|upkeep\n|inactive|Zordor has 30 seconds left.\n|\n|t:|1727821618\n|switch|p1a: Dragapult|Dragapult, L50, M|88\/100 brn\n|turn|6\n|\n|t:|1727821623\n|cant|p2b: Skeledirge|par\n|move|p1a: Dragapult|Phantom Force||[still]\n|-prepare|p1a: Dragapult|Phantom Force\n|move|p1b: Sneasler|Close Combat|p2a: Milotic\n|-damage|p2a: Milotic|5\/100 par\n|-unboost|p1b: Sneasler|def|1\n|-unboost|p1b: Sneasler|spd|1\n|move|p2a: Milotic|Life Dew|p2a: Milotic|[spread] p2a,p2b\n|-heal|p2a: Milotic|29\/100 par\n|-heal|p2b: Skeledirge|61\/100 par\n|\n|-heal|p2b: Skeledirge|67\/100 par|[from] item: Leftovers\n|-damage|p1a: Dragapult|82\/100 brn|[from] brn\n|-damage|p1b: Sneasler|24\/100 brn|[from] brn\n|upkeep\n|turn|7\n|inactive|fangame10 has 30 seconds left.\n|\n|t:|1727821651\n|-terastallize|p2b: Skeledirge|Dark\n|move|p1a: Dragapult|Phantom Force|p2b: Skeledirge|[from]lockedmove\n|-resisted|p2b: Skeledirge\n|-damage|p2b: Skeledirge|57\/100 par\n|move|p1b: Sneasler|Rock Tomb|p2b: Skeledirge\n|-damage|p2b: Skeledirge|49\/100 par\n|-unboost|p2b: Skeledirge|spe|1\n|move|p2a: Milotic|Muddy Water|p1a: Dragapult|[spread] p1a\n|-miss|p2a: Milotic|p1b: Sneasler\n|-resisted|p1a: Dragapult\n|-damage|p1a: Dragapult|72\/100 brn\n|move|p2b: Skeledirge|Shadow Ball|p1a: Dragapult\n|-supereffective|p1a: Dragapult\n|-crit|p1a: Dragapult\n|-damage|p1a: Dragapult|0 fnt\n|faint|p1a: Dragapult\n|\n|-heal|p2b: Skeledirge|55\/100 par|[from] item: Leftovers\n|-damage|p1b: Sneasler|18\/100 brn|[from] brn\n|upkeep\n|\n|t:|1727821655\n|switch|p1a: Kingambit|Kingambit, L50, M|100\/100\n|turn|8\n|\n|t:|1727821669\n|switch|p2b: Dragapult|Dragapult, L50, F, shiny|100\/100\n|move|p1b: Sneasler|Close Combat|p2b: Dragapult\n|-immune|p2b: Dragapult\n|move|p1a: Kingambit|Kowtow Cleave|p2a: Milotic\n|-damage|p2a: Milotic|0 fnt\n|faint|p2a: Milotic\n|\n|-damage|p1b: Sneasler|12\/100 brn|[from] brn\n|upkeep\n|\n|t:|1727821671\n|switch|p2a: Ninetales|Ninetales-Alola, L50, F, shiny|22\/100\n|-weather|Snow|[from] ability: Snow Warning|[of] p2a: Ninetales\n|turn|9\n|\n|t:|1727821682\n|move|p1a: Kingambit|Sucker Punch|p2b: Dragapult\n|-supereffective|p2b: Dragapult\n|-damage|p2b: Dragapult|0 fnt\n|faint|p2b: Dragapult\n|move|p1b: Sneasler|Dire Claw|p2a: Ninetales\n|-supereffective|p2a: Ninetales\n|-damage|p2a: Ninetales|0 fnt\n|faint|p2a: Ninetales\n|\n|-weather|Snow|[upkeep]\n|-damage|p1b: Sneasler|6\/100 brn|[from] brn\n|upkeep\n|\n|t:|1727821685\n|switch|p2b: Skeledirge|Skeledirge, L50, M, shiny, tera:Dark|55\/100 par\n|turn|10\n|\n|t:|1727821691\n|-terastallize|p1a: Kingambit|Flying\n|move|p2b: Skeledirge|Protect|p2b: Skeledirge\n|-singleturn|p2b: Skeledirge|Protect\n|move|p1b: Sneasler|Close Combat|p2b: Skeledirge\n|-activate|p2b: Skeledirge|move: Protect\n|move|p1a: Kingambit|Iron Head|p2b: Skeledirge\n|-activate|p2b: Skeledirge|move: Protect\n|\n|-weather|Snow|[upkeep]\n|-heal|p2b: Skeledirge|61\/100 par|[from] item: Leftovers\n|-damage|p1b: Sneasler|0 fnt|[from] brn\n|faint|p1b: Sneasler\n|upkeep\n|turn|11\n|\n|t:|1727821697\n|move|p1a: Kingambit|Iron Head|p2b: Skeledirge\n|-damage|p2b: Skeledirge|23\/100 par\n|cant|p2b: Skeledirge|flinch\n|\n|-weather|Snow|[upkeep]\n|-heal|p2b: Skeledirge|29\/100 par|[from] item: Leftovers\n|upkeep\n|turn|12\n|-message|fangame10 forfeited.\n|\n|win|Zordor\n|raw|Zordor's rating: 1762 &rarr; <strong>1782<\/strong><br \/>(+20 for winning)\n|raw|fangame10's rating: 1762 &rarr; <strong>1742<\/strong><br \/>(-20 for losing)\n|l|\u2606fangame10\n|player|p2|\n|l|\u2606Zordor\n|player|p1|\n","uploadtime":1727821954,"views":66,"formatid":"gen9vgc2024regh","rating":1742,"private":0,"password":null}