{"id":"gen9vgc2024regh-2213471063","format":"[Gen 9] VGC 2024 Reg H","players":["koji muranishi","pokehys3"],"log":"|j|\u2606koji muranishi\n|j|\u2606pokehys3\n|t:|1727780505\n|gametype|doubles\n|player|p1|koji muranishi|170|1667\n|player|p2|pokehys3|265|1750\n|teamsize|p1|6\n|teamsize|p2|6\n|gen|9\n|tier|[Gen 9] VGC 2024 Reg H\n|rated|\n|rule|Species Clause: Limit one of each Pok\u00e9mon\n|rule|Item Clause: Limit 1 of each item\n|clearpoke\n|poke|p1|Ursaluna-Bloodmoon, L50, M|\n|poke|p1|Electabuzz, L50, F|\n|poke|p1|Incineroar, L50, M|\n|poke|p1|Archaludon, L50, F|\n|poke|p1|Pelipper, L50, F|\n|poke|p1|Whimsicott, L50, M|\n|poke|p2|Dragapult, L50, F|\n|poke|p2|Sneasler, L50, M|\n|poke|p2|Indeedee, L50, M|\n|poke|p2|Talonflame, L50, F|\n|poke|p2|Gholdengo, L50|\n|poke|p2|Amoonguss, L50, F|\n|teampreview|4\n|inactive|Battle timer is ON: inactive players will automatically lose when time's up. (requested by pokehys3)\n|inactive|koji muranishi has 60 seconds left.\n|inactive|pokehys3 has 60 seconds left.\n|\n|t:|1727780538\n|start\n|switch|p1a: Whimsicott|Whimsicott, L50, M|100\/100\n|switch|p1b: Incineroar|Incineroar, L50, M|100\/100\n|switch|p2a: Talonflame|Talonflame, L50, F|100\/100\n|switch|p2b: Dragapult|Dragapult, L50, F|100\/100\n|-ability|p1b: Incineroar|Intimidate|boost\n|-unboost|p2a: Talonflame|atk|1\n|-fail|p2b: Dragapult|unboost|[from] ability: Clear Body|[of] p2b: Dragapult\n|turn|1\n|\n|t:|1727780554\n|move|p2a: Talonflame|Tailwind|p2a: Talonflame\n|-sidestart|p2: pokehys3|move: Tailwind\n|move|p2b: Dragapult|U-turn|p1a: Whimsicott\n|-damage|p1a: Whimsicott|42\/100\n|\n|t:|1727780559\n|switch|p2b: Sneasler|Sneasler, L50, M|100\/100|[from] U-turn\n|move|p1b: Incineroar|Knock Off|p2a: Talonflame\n|-damage|p2a: Talonflame|45\/100\n|-enditem|p2a: Talonflame|Life Orb|[from] move: Knock Off|[of] p1b: Incineroar\n|move|p1a: Whimsicott|Trick Room|p1a: Whimsicott\n|-fieldstart|move: Trick Room|[of] p1a: Whimsicott\n|\n|upkeep\n|turn|2\n|inactive|koji muranishi has 30 seconds left.\n|inactive|koji muranishi has 20 seconds left.\n|inactive|koji muranishi has 15 seconds left.\n|inactive|koji muranishi has 10 seconds left.\n|\n|t:|1727780606\n|switch|p2b: Indeedee|Indeedee, L50, M|100\/100\n|-fieldstart|move: Psychic Terrain|[from] ability: Psychic Surge|[of] p2b: Indeedee\n|move|p1b: Incineroar|Flare Blitz|p2b: Indeedee\n|-damage|p2b: Indeedee|4\/100\n|-damage|p1b: Incineroar|79\/100|[from] Recoil\n|move|p1a: Whimsicott|Moonblast|p2b: Indeedee\n|-damage|p2b: Indeedee|0 fnt\n|faint|p2b: Indeedee\n|move|p2a: Talonflame|Taunt|p1b: Incineroar\n|-start|p1b: Incineroar|move: Taunt\n|\n|upkeep\n|\n|t:|1727780618\n|switch|p2b: Sneasler|Sneasler, L50, M|100\/100\n|-enditem|p2b: Sneasler|Psychic Seed\n|-boost|p2b: Sneasler|spd|1|[from] item: Psychic Seed\n|turn|3\n|\n|t:|1727780637\n|move|p1a: Whimsicott|Protect|p1a: Whimsicott\n|-singleturn|p1a: Whimsicott|Protect\n|move|p2b: Sneasler|Protect|p2b: Sneasler\n|-singleturn|p2b: Sneasler|Protect\n|move|p1b: Incineroar|Flare Blitz|p2b: Sneasler\n|-activate|p2b: Sneasler|move: Protect\n|move|p2a: Talonflame|Taunt|p1a: Whimsicott\n|-activate|p1a: Whimsicott|move: Protect\n|\n|upkeep\n|turn|4\n|\n|t:|1727780654\n|switch|p2a: Dragapult|Dragapult, L50, F|100\/100\n|move|p1b: Incineroar|Flare Blitz|p2b: Sneasler\n|-damage|p2b: Sneasler|24\/100\n|-damage|p1b: Incineroar|59\/100|[from] Recoil\n|move|p1a: Whimsicott|Moonblast|p2b: Sneasler\n|-damage|p2b: Sneasler|0 fnt\n|faint|p2b: Sneasler\n|\n|-sideend|p2: pokehys3|move: Tailwind\n|upkeep\n|\n|t:|1727780661\n|switch|p2b: Talonflame|Talonflame, L50, F|45\/100\n|turn|5\n|\n|t:|1727780675\n|-terastallize|p2a: Dragapult|Dragon\n|move|p1b: Incineroar|Flare Blitz|p2b: Talonflame\n|-resisted|p2b: Talonflame\n|-damage|p2b: Talonflame|8\/100\n|-damage|p1b: Incineroar|50\/100|[from] Recoil\n|-enditem|p1b: Incineroar|Sitrus Berry|[eat]\n|-heal|p1b: Incineroar|75\/100|[from] item: Sitrus Berry\n|move|p1a: Whimsicott|Moonblast|p2b: Talonflame\n|-resisted|p2b: Talonflame\n|-damage|p2b: Talonflame|0 fnt\n|faint|p2b: Talonflame\n|move|p2a: Dragapult|Dragon Darts|p1b: Incineroar\n|-damage|p1b: Incineroar|30\/100\n|-anim|p2a: Dragapult|Dragon Darts|p1b: Incineroar\n|-damage|p1b: Incineroar|0 fnt\n|faint|p1b: Incineroar\n|\n|-fieldend|move: Trick Room\n|upkeep\n|c|\u2606pokehys3|man that's such a dumb trick\n|-message|pokehys3 forfeited.\n|\n|win|koji muranishi\n|raw|koji muranishi's rating: 1667 &rarr; <strong>1692<\/strong><br \/>(+25 for winning)\n|raw|pokehys3's rating: 1750 &rarr; <strong>1725<\/strong><br \/>(-25 for losing)\n|l|\u2606pokehys3\n|player|p2|\n|l|\u2606koji muranishi\n|player|p1|\n","uploadtime":1727780908,"views":15,"formatid":"gen9vgc2024regh","rating":1692,"private":0,"password":null}