{"id":"gen9vgc2024regh-2213521292","format":"[Gen 9] VGC 2024 Reg H","players":["gohan92","super crist"],"log":"|j|\u2606gohan92\n|j|\u203dsuper crist\n|t:|1727786637\n|gametype|doubles\n|player|p1|gohan92|170|1688\n|player|p2|super crist|sabrina|1791\n|teamsize|p1|6\n|teamsize|p2|6\n|gen|9\n|tier|[Gen 9] VGC 2024 Reg H\n|rated|\n|rule|Species Clause: Limit one of each Pok\u00e9mon\n|rule|Item Clause: Limit 1 of each item\n|clearpoke\n|poke|p1|Dondozo, L50, F|\n|poke|p1|Tatsugiri, L50, F|\n|poke|p1|Annihilape, L50, M|\n|poke|p1|Kingambit, L50, F|\n|poke|p1|Dragonite, L50, M|\n|poke|p1|Gholdengo, L50|\n|poke|p2|Torkoal, L50, M|\n|poke|p2|Lilligant-Hisui, L50, F|\n|poke|p2|Ursaluna-Bloodmoon, L50, M|\n|poke|p2|Dragonite, L50, M|\n|poke|p2|Armarouge, L50, F|\n|poke|p2|Indeedee-F, L50, F|\n|teampreview|4\n|inactive|Battle timer is ON: inactive players will automatically lose when time's up. (requested by super crist)\n|j| Andy8105\n|inactive|gohan92 has 60 seconds left.\n|inactive|super crist has 60 seconds left.\n|j| vgdjfifIFFIGgcu\n|\n|t:|1727786690\n|start\n|switch|p1a: Dragonite|Dragonite, L50, M|100\/100\n|switch|p1b: Tatsugiri|Tatsugiri, L50, F|100\/100\n|switch|p2a: Lilligant|Lilligant-Hisui, L50, F, shiny|100\/100\n|switch|p2b: Ursaluna|Ursaluna-Bloodmoon, L50, M|100\/100\n|turn|1\n|j| THUNDERSND77\n|\n|t:|1727786714\n|switch|p2b: Torkoal|Torkoal, L50, M, shiny|100\/100\n|-weather|SunnyDay|[from] ability: Drought|[of] p2b: Torkoal\n|move|p2a: Lilligant|Sleep Powder|p1b: Tatsugiri\n|-status|p1b: Tatsugiri|slp|[from] move: Sleep Powder\n|cant|p1b: Tatsugiri|slp\n|move|p1a: Dragonite|Ice Spinner|p2a: Lilligant\n|-supereffective|p2a: Lilligant\n|-enditem|p2a: Lilligant|Focus Sash\n|-damage|p2a: Lilligant|1\/100\n|\n|-weather|SunnyDay|[upkeep]\n|upkeep\n|turn|2\n|inactive|super crist has 30 seconds left.\n|\n|t:|1727786742\n|-terastallize|p2a: Lilligant|Ghost\n|move|p2a: Lilligant|Leaf Blade|p1b: Tatsugiri\n|-damage|p1b: Tatsugiri|18\/100 slp\n|-curestatus|p1b: Tatsugiri|slp|[msg]\n|move|p1b: Tatsugiri|Muddy Water|p2b: Torkoal|[spread] p2a,p2b\n|-supereffective|p2b: Torkoal\n|-damage|p2a: Lilligant|0 fnt\n|-damage|p2b: Torkoal|55\/100\n|faint|p2a: Lilligant\n|move|p1a: Dragonite|Ice Spinner|p2b: Torkoal\n|-resisted|p2b: Torkoal\n|-damage|p2b: Torkoal|45\/100\n|move|p2b: Torkoal|Eruption|p1a: Dragonite|[spread] p1a,p1b\n|-resisted|p1a: Dragonite\n|-resisted|p1b: Tatsugiri\n|-damage|p1a: Dragonite|92\/100\n|-damage|p1b: Tatsugiri|6\/100\n|\n|-weather|SunnyDay|[upkeep]\n|upkeep\n|l| Andy8105\n|\n|t:|1727786756\n|switch|p2a: Dragonite|Dragonite, L50, M, shiny|100\/100\n|turn|3\n|j| MarikoKanai\n|inactive|gohan92 has 30 seconds left.\n|inactive|gohan92 has 20 seconds left.\n|\n|t:|1727786793\n|move|p1b: Tatsugiri|Draco Meteor|p2a: Dragonite|[miss]\n|-miss|p1b: Tatsugiri|p2a: Dragonite\n|move|p2a: Dragonite|Tailwind|p2a: Dragonite\n|-sidestart|p2: super crist|move: Tailwind\n|move|p1a: Dragonite|Ice Spinner|p2a: Dragonite\n|-supereffective|p2a: Dragonite\n|-damage|p2a: Dragonite|31\/100\n|move|p2b: Torkoal|Eruption|p1a: Dragonite|[spread] p1a,p1b\n|-resisted|p1a: Dragonite\n|-resisted|p1b: Tatsugiri\n|-damage|p1a: Dragonite|74\/100\n|-damage|p1b: Tatsugiri|0 fnt\n|faint|p1b: Tatsugiri\n|\n|-weather|SunnyDay|[upkeep]\n|upkeep\n|\n|t:|1727786806\n|switch|p1b: Kingambit|Kingambit, L50, F|100\/100\n|turn|4\n|inactive|super crist has 30 seconds left.\n|inactive|gohan92 has 30 seconds left.\n|l| THUNDERSND77\n|inactive|super crist has 20 seconds left.\n|inactive|gohan92 has 20 seconds left.\n|\n|t:|1727786850\n|-terastallize|p1b: Kingambit|Fire\n|move|p1a: Dragonite|Extreme Speed|p2a: Dragonite\n|-damage|p2a: Dragonite|0 fnt\n|faint|p2a: Dragonite\n|move|p1b: Kingambit|Kowtow Cleave|p2b: Torkoal\n|-damage|p2b: Torkoal|4\/100\n|move|p2b: Torkoal|Overheat|p1b: Kingambit\n|-resisted|p1b: Kingambit\n|-damage|p1b: Kingambit|69\/100\n|-unboost|p2b: Torkoal|spa|2\n|\n|-weather|SunnyDay|[upkeep]\n|upkeep\n|\n|t:|1727786854\n|switch|p2a: Ursaluna|Ursaluna-Bloodmoon, L50, M|100\/100\n|turn|5\n|\n|t:|1727786876\n|move|p2b: Torkoal|Protect|p2b: Torkoal\n|-singleturn|p2b: Torkoal|Protect\n|move|p1a: Dragonite|Extreme Speed|p2b: Torkoal\n|-activate|p2b: Torkoal|move: Protect\n|move|p1b: Kingambit|Sucker Punch|p2a: Ursaluna\n|-damage|p2a: Ursaluna|68\/100\n|move|p2a: Ursaluna|Hyper Voice|p1b: Kingambit|[spread] p1a,p1b\n|-damage|p1a: Dragonite|32\/100\n|-damage|p1b: Kingambit|39\/100\n|-damage|p2a: Ursaluna|59\/100|[from] item: Life Orb\n|\n|-weather|none\n|upkeep\n|turn|6\n|\n|t:|1727786897\n|move|p1a: Dragonite|Extreme Speed|p2b: Torkoal\n|-damage|p2b: Torkoal|0 fnt\n|faint|p2b: Torkoal\n|move|p1b: Kingambit|Sucker Punch|p2a: Ursaluna\n|-damage|p2a: Ursaluna|28\/100\n|move|p2a: Ursaluna|Hyper Voice|p1b: Kingambit|[spread] p1a,p1b\n|-damage|p1a: Dragonite|0 fnt\n|-damage|p1b: Kingambit|9\/100\n|faint|p1a: Dragonite\n|-damage|p2a: Ursaluna|18\/100|[from] item: Life Orb\n|\n|-sideend|p2: super crist|move: Tailwind\n|upkeep\n|\n|t:|1727786908\n|switch|p1a: Annihilape|Annihilape, L50, M|100\/100\n|turn|7\n|-message|super crist forfeited.\n|\n|win|gohan92\n|raw|gohan92's rating: 1688 &rarr; <strong>1714<\/strong><br \/>(+26 for winning)\n|raw|super crist's rating: 1791 &rarr; <strong>1765<\/strong><br \/>(-26 for losing)\n|l|\u203dsuper crist\n|player|p2|\n|l| MarikoKanai\n|l|\u2606gohan92\n|player|p1|\n","uploadtime":1727786920,"views":31,"formatid":"gen9vgc2024regh","rating":1714,"private":0,"password":null}