{"id":"gen9vgc2024regh-2213939760","format":"[Gen 9] VGC 2024 Reg H","players":["fangame10","BetterCallHall"],"log":"|j|\u2606fangame10\n|j|\u2606BetterCallHall\n|t:|1727827340\n|gametype|doubles\n|player|p1|fangame10|red|1778\n|player|p2|BetterCallHall|169|1667\n|teamsize|p1|6\n|teamsize|p2|6\n|gen|9\n|tier|[Gen 9] VGC 2024 Reg H\n|rated|\n|rule|Species Clause: Limit one of each Pok\u00e9mon\n|rule|Item Clause: Limit 1 of each item\n|clearpoke\n|poke|p1|Dragapult, L50, F|\n|poke|p1|Ninetales-Alola, L50, F|\n|poke|p1|Milotic, L50, M|\n|poke|p1|Skeledirge, L50, M|\n|poke|p1|Rillaboom, L50, M|\n|poke|p1|Sneasler, L50, M|\n|poke|p2|Electabuzz, L50, M|\n|poke|p2|Gholdengo, L50|\n|poke|p2|Pelipper, L50, M|\n|poke|p2|Samurott-Hisui, L50, M|\n|poke|p2|Amoonguss, L50, F|\n|poke|p2|Sneasler, L50, M|\n|teampreview|4\n|inactive|Battle timer is ON: inactive players will automatically lose when time's up. (requested by fangame10)\n|j| zidanedude\n|j| lori Kitahara\n|inactive|BetterCallHall has 60 seconds left.\n|inactive|fangame10 has 60 seconds left.\n|inactive|fangame10 has 30 seconds left.\n|inactive|fangame10 has 20 seconds left.\n|\n|t:|1727827417\n|start\n|switch|p1a: Dragapult|Dragapult, L50, F, shiny|100\/100\n|switch|p1b: Milotic|Milotic, L50, M, shiny|100\/100\n|switch|p2a: Sneasler|Sneasler, L50, M|100\/100\n|switch|p2b: Gholdengo|Gholdengo, L50|100\/100\n|turn|1\n|inactive|BetterCallHall has 30 seconds left.\n|inactive|fangame10 has 30 seconds left.\n|inactive|BetterCallHall has 20 seconds left.\n|inactive|BetterCallHall has 15 seconds left.\n|j| oherrodersir\n|inactive|BetterCallHall has 10 seconds left.\n|inactive|BetterCallHall has 5 seconds left.\n|\n|t:|1727827468\n|-terastallize|p2b: Gholdengo|Flying\n|move|p2a: Sneasler|Fake Out|p1b: Milotic\n|-crit|p1b: Milotic\n|-damage|p1b: Milotic|79\/100\n|move|p1a: Dragapult|Phantom Force||[still]\n|-prepare|p1a: Dragapult|Phantom Force\n|move|p2b: Gholdengo|Shadow Ball|p1a: Dragapult|[miss]\n|-miss|p2b: Gholdengo|p1a: Dragapult\n|cant|p1b: Milotic|flinch\n|\n|upkeep\n|turn|2\n|\n|t:|1727827482\n|switch|p2b: Samurott|Samurott-Hisui, L50, M|100\/100\n|move|p1a: Dragapult|Phantom Force|p2b: Samurott|[from]lockedmove\n|-resisted|p2b: Samurott\n|-damage|p2b: Samurott|53\/100\n|move|p2a: Sneasler|Dire Claw|p1b: Milotic\n|-damage|p1b: Milotic|29\/100\n|-enditem|p1b: Milotic|Sitrus Berry|[eat]\n|-heal|p1b: Milotic|54\/100|[from] item: Sitrus Berry\n|move|p1b: Milotic|Hypnosis|p2a: Sneasler|[miss]\n|-miss|p1b: Milotic|p2a: Sneasler\n|\n|upkeep\n|turn|3\n|\n|t:|1727827503\n|move|p2b: Samurott|Flip Turn|p1b: Milotic\n|-resisted|p1b: Milotic\n|-damage|p1b: Milotic|37\/100\n|j| rhoodhomie4\n|\n|t:|1727827510\n|switch|p2b: Gholdengo|Gholdengo, L50, tera:Flying|100\/100|[from] Flip Turn\n|move|p1a: Dragapult|Phantom Force||[still]\n|-prepare|p1a: Dragapult|Phantom Force\n|move|p2a: Sneasler|Dire Claw|p1b: Milotic\n|-crit|p1b: Milotic\n|-damage|p1b: Milotic|0 fnt\n|faint|p1b: Milotic\n|\n|upkeep\n|j| RNG Mad\n|\n|t:|1727827516\n|switch|p1b: Ninetales|Ninetales-Alola, L50, F, shiny|100\/100\n|-weather|Snow|[from] ability: Snow Warning|[of] p1b: Ninetales\n|turn|4\n|\n|t:|1727827528\n|move|p1b: Ninetales|Protect|p1b: Ninetales\n|-singleturn|p1b: Ninetales|Protect\n|move|p1a: Dragapult|Phantom Force|p2a: Sneasler|[from]lockedmove\n|-enditem|p2a: Sneasler|Focus Sash\n|-damage|p2a: Sneasler|1\/100\n|move|p2a: Sneasler|Dire Claw|p1b: Ninetales\n|-activate|p1b: Ninetales|move: Protect\n|move|p2b: Gholdengo|Make It Rain|p1a: Dragapult|[spread] p1a\n|-activate|p1b: Ninetales|move: Protect\n|-damage|p1a: Dragapult|28\/100\n|-unboost|p2b: Gholdengo|spa|1\n|\n|-weather|Snow|[upkeep]\n|upkeep\n|turn|5\n|\n|t:|1727827548\n|switch|p1a: Skeledirge|Skeledirge, L50, M, shiny|100\/100\n|switch|p2b: Pelipper|Pelipper, L50, M|100\/100\n|-weather|RainDance|[from] ability: Drizzle|[of] p2b: Pelipper\n|move|p2a: Sneasler|Dire Claw|p1b: Ninetales\n|-supereffective|p1b: Ninetales\n|-damage|p1b: Ninetales|0 fnt\n|faint|p1b: Ninetales\n|\n|-weather|RainDance|[upkeep]\n|upkeep\n|\n|t:|1727827552\n|switch|p1b: Dragapult|Dragapult, L50, F, shiny|28\/100\n|turn|6\n|l| rhoodhomie4\n|inactive|fangame10 has 30 seconds left.\n|\n|t:|1727827582\n|-terastallize|p1b: Dragapult|Dragon\n|move|p1b: Dragapult|Dragon Darts|p2b: Pelipper\n|-damage|p2b: Pelipper|41\/100\n|-anim|p1b: Dragapult|Dragon Darts|p2a: Sneasler\n|-damage|p2a: Sneasler|0 fnt\n|faint|p2a: Sneasler\n|-enditem|p2b: Pelipper|Eject Button\n|j| weirdo33\n|\n|t:|1727827592\n|switch|p2b: Samurott|Samurott-Hisui, L50, M|53\/100\n|move|p1a: Skeledirge|Shadow Ball|p2b: Samurott\n|-resisted|p2b: Samurott\n|-damage|p2b: Samurott|23\/100\n|\n|-weather|RainDance|[upkeep]\n|upkeep\n|\n|t:|1727827594\n|switch|p2a: Gholdengo|Gholdengo, L50, tera:Flying|100\/100\n|turn|7\n|l| weirdo33\n|\n|t:|1727827604\n|switch|p2b: Pelipper|Pelipper, L50, M|41\/100\n|move|p1b: Dragapult|Dragon Darts|p2a: Gholdengo\n|-damage|p2a: Gholdengo|40\/100\n|-anim|p1b: Dragapult|Dragon Darts|p2b: Pelipper\n|-damage|p2b: Pelipper|0 fnt\n|faint|p2b: Pelipper\n|move|p2a: Gholdengo|Make It Rain|p1b: Dragapult|[spread] p1a,p1b\n|-resisted|p1a: Skeledirge\n|-damage|p1a: Skeledirge|75\/100\n|-damage|p1b: Dragapult|0 fnt\n|-unboost|p2a: Gholdengo|spa|1\n|faint|p1b: Dragapult\n|move|p1a: Skeledirge|Shadow Ball|p2a: Gholdengo\n|-damage|p2a: Gholdengo|0 fnt\n|faint|p2a: Gholdengo\n|\n|-weather|RainDance|[upkeep]\n|-heal|p1a: Skeledirge|81\/100|[from] item: Leftovers\n|upkeep\n|\n|t:|1727827606\n|switch|p2b: Samurott|Samurott-Hisui, L50, M|23\/100\n|turn|8\n|\n|t:|1727827610\n|move|p2b: Samurott|Razor Shell|p1a: Skeledirge\n|-supereffective|p1a: Skeledirge\n|-damage|p1a: Skeledirge|0 fnt\n|faint|p1a: Skeledirge\n|\n|win|BetterCallHall\n|raw|fangame10's rating: 1778 &rarr; <strong>1752<\/strong><br \/>(-26 for losing)\n|raw|BetterCallHall's rating: 1667 &rarr; <strong>1693<\/strong><br \/>(+26 for winning)\n|l|\u2606fangame10\n|player|p1|\n|l|\u2606BetterCallHall\n|player|p2|\n|l| zidanedude\n|l| RNG Mad\n|l| oherrodersir\n","uploadtime":1727827880,"views":46,"formatid":"gen9vgc2024regh","rating":1693,"private":0,"password":null}