{"id":"gen9vgc2024regh-2213837792","format":"[Gen 9] VGC 2024 Reg H","players":["bug hands","Strangrdangr"],"log":"|j|\u2606bug hands\n|j|\u2606Strangrdangr\n|t:|1727815895\n|gametype|doubles\n|player|p1|bug hands|cheryl|1639\n|player|p2|Strangrdangr|169|1724\n|teamsize|p1|6\n|teamsize|p2|6\n|gen|9\n|tier|[Gen 9] VGC 2024 Reg H\n|rated|\n|rule|Species Clause: Limit one of each Pok\u00e9mon\n|rule|Item Clause: Limit 1 of each item\n|clearpoke\n|poke|p1|Ursaluna, L50, M|\n|poke|p1|Annihilape, L50, M|\n|poke|p1|Klefki, L50, M|\n|poke|p1|Volcarona, L50, F|\n|poke|p1|Porygon2, L50|\n|poke|p1|Dragonite, L50, F|\n|poke|p2|Dragapult, L50, F|\n|poke|p2|Primarina, L50, F|\n|poke|p2|Tyranitar, L50, M|\n|poke|p2|Porygon2, L50|\n|poke|p2|Decidueye-Hisui, L50, M|\n|poke|p2|Volcarona, L50, F|\n|teampreview|4\n|inactive|Battle timer is ON: inactive players will automatically lose when time's up. (requested by bug hands)\n|j| Therazer456\n|inactive|bug hands has 60 seconds left.\n|inactive|Strangrdangr has 60 seconds left.\n|inactive|bug hands has 30 seconds left.\n|\n|t:|1727815972\n|start\n|switch|p1a: Porygon2|Porygon2, L50|100\/100\n|switch|p1b: Annihilape|Annihilape, L50, M|100\/100\n|switch|p2a: Volcarona|Volcarona, L50, F|100\/100\n|switch|p2b: Decidueye|Decidueye-Hisui, L50, M|100\/100\n|-ability|p1a: Porygon2|Flame Body|[from] ability: Trace|[of] p2a: Volcarona\n|turn|1\n|inactive|Strangrdangr has 30 seconds left.\n|inactive|bug hands has 30 seconds left.\n|inactive|Strangrdangr has 20 seconds left.\n|\n|t:|1727816007\n|move|p2a: Volcarona|Rage Powder|p2a: Volcarona\n|-singleturn|p2a: Volcarona|move: Rage Powder\n|move|p1b: Annihilape|Final Gambit|p2a: Volcarona\n|-damage|p2a: Volcarona|0 fnt\n|faint|p1b: Annihilape\n|faint|p2a: Volcarona\n|move|p2b: Decidueye|Taunt|p1a: Porygon2\n|-start|p1a: Porygon2|move: Taunt\n|cant|p1a: Porygon2|move: Taunt|Trick Room\n|\n|upkeep\n|inactive|bug hands has 30 seconds left.\n|\n|t:|1727816036\n|switch|p1b: Dragonite|Dragonite, L50, F|100\/100\n|switch|p2a: Primarina|Primarina, L50, F|100\/100\n|turn|2\n|\n|t:|1727816059\n|-terastallize|p1b: Dragonite|Flying\n|-terastallize|p2b: Decidueye|Steel\n|move|p1b: Dragonite|Tera Blast|p2b: Decidueye|[anim] Tera Blast Flying\n|-resisted|p2b: Decidueye\n|-damage|p2b: Decidueye|61\/100\n|move|p2b: Decidueye|Triple Arrows|p1a: Porygon2\n|-supereffective|p1a: Porygon2\n|-crit|p1a: Porygon2\n|-damage|p1a: Porygon2|13\/100\n|move|p2a: Primarina|Moonblast|p1b: Dragonite\n|-damage|p1b: Dragonite|67\/100\n|-unboost|p1b: Dragonite|spa|1\n|move|p1a: Porygon2|Tri Attack|p2a: Primarina\n|-damage|p2a: Primarina|69\/100\n|-status|p2a: Primarina|brn\n|\n|-damage|p2a: Primarina|63\/100 brn|[from] brn\n|upkeep\n|turn|3\n|inactive|bug hands has 30 seconds left.\n|\n|t:|1727816086\n|switch|p1a: Ursaluna|Ursaluna, L50, M|100\/100\n|move|p1b: Dragonite|Stomping Tantrum|p2b: Decidueye\n|-supereffective|p2b: Decidueye\n|-damage|p2b: Decidueye|0 fnt\n|faint|p2b: Decidueye\n|move|p2a: Primarina|Hyper Voice|p1a: Ursaluna|[spread] p1a,p1b\n|-supereffective|p1a: Ursaluna\n|-damage|p1a: Ursaluna|39\/100\n|-damage|p1b: Dragonite|45\/100\n|-enditem|p2a: Primarina|Throat Spray\n|-boost|p2a: Primarina|spa|1|[from] item: Throat Spray\n|\n|-damage|p2a: Primarina|57\/100 brn|[from] brn\n|-status|p1a: Ursaluna|brn|[from] item: Flame Orb\n|upkeep\n|\n|t:|1727816101\n|switch|p2b: Porygon2|Porygon2, L50|100\/100\n|-ability|p2b: Porygon2|Guts|[from] ability: Trace|[of] p1a: Ursaluna\n|turn|4\n|inactive|bug hands has 30 seconds left.\n|inactive|Strangrdangr has 30 seconds left.\n|\n|t:|1727816139\n|move|p2a: Primarina|Protect|p2a: Primarina\n|-singleturn|p2a: Primarina|Protect\n|move|p1b: Dragonite|Tera Blast|p2a: Primarina|[anim] Tera Blast Flying\n|-activate|p2a: Primarina|move: Protect\n|move|p2b: Porygon2|Ice Beam|p1b: Dragonite\n|-supereffective|p1b: Dragonite\n|-damage|p1b: Dragonite|18\/100\n|move|p1a: Ursaluna|Facade|p2b: Porygon2\n|-damage|p2b: Porygon2|41\/100\n|\n|-damage|p2a: Primarina|52\/100 brn|[from] brn\n|-damage|p1a: Ursaluna|33\/100 brn|[from] brn\n|upkeep\n|turn|5\n|inactive|Strangrdangr has 30 seconds left.\n|\n|t:|1727816169\n|move|p2a: Primarina|Protect||[still]\n|-fail|p2a: Primarina\n|move|p1b: Dragonite|Tera Blast|p2a: Primarina|[anim] Tera Blast Flying\n|-damage|p2a: Primarina|0 fnt\n|faint|p2a: Primarina\n|move|p2b: Porygon2|Ice Beam|p1b: Dragonite\n|-supereffective|p1b: Dragonite\n|-damage|p1b: Dragonite|0 fnt\n|faint|p1b: Dragonite\n|move|p1a: Ursaluna|Facade|p2b: Porygon2\n|-damage|p2b: Porygon2|0 fnt\n|faint|p2b: Porygon2\n|\n|win|bug hands\n|raw|bug hands's rating: 1639 &rarr; <strong>1664<\/strong><br \/>(+25 for winning)\n|raw|Strangrdangr's rating: 1724 &rarr; <strong>1699<\/strong><br \/>(-25 for losing)\n|l|\u2606Strangrdangr\n|player|p2|\n","uploadtime":1727816176,"views":25,"formatid":"gen9vgc2024regh","rating":1664,"private":0,"password":null}