{"id":"gen9vgc2024regh-2213008119","format":"[Gen 9] VGC 2024 Reg H","players":["Paradox Mourinho","Muttonhead"],"log":"|j|\u2606Paradox Mourinho\n|j|\u2606Muttonhead\n|t:|1727721494\n|gametype|doubles\n|player|p1|Paradox Mourinho|lance|1735\n|player|p2|Muttonhead|swimmerf|1718\n|teamsize|p1|6\n|teamsize|p2|6\n|gen|9\n|tier|[Gen 9] VGC 2024 Reg H\n|rated|\n|rule|Species Clause: Limit one of each Pok\u00e9mon\n|rule|Item Clause: Limit 1 of each item\n|clearpoke\n|poke|p1|Kingambit, L50, M|\n|poke|p1|Gothitelle, L50, M|\n|poke|p1|Sneasler, L50, F|\n|poke|p1|Dragonite, L50, F|\n|poke|p1|Ninetales-Alola, L50, F|\n|poke|p1|Tauros-Paldea-Blaze, L50, M|\n|poke|p2|Archaludon, L50, F|\n|poke|p2|Pelipper, L50, F|\n|poke|p2|Basculegion, L50, M|\n|poke|p2|Amoonguss, L50, M|\n|poke|p2|Salamence, L50, M|\n|poke|p2|Kingambit, L50, M|\n|teampreview|4\n|inactive|Battle timer is ON: inactive players will automatically lose when time's up. (requested by Muttonhead)\n|inactive|Muttonhead has 60 seconds left.\n|j| DewgongMVP\n|\n|t:|1727721540\n|start\n|switch|p1a: Gothitelle|Gothitelle, L50, M|100\/100\n|switch|p1b: Kingambit|Kingambit, L50, M|100\/100\n|switch|p2a: Kingambit|Kingambit, L50, M|100\/100\n|switch|p2b: Archaludon|Archaludon, L50, F|100\/100\n|turn|1\n|\n|t:|1727721560\n|move|p1a: Gothitelle|Fake Out|p2a: Kingambit\n|-resisted|p2a: Kingambit\n|-damage|p2a: Kingambit|98\/100\n|move|p2b: Archaludon|Body Press|p1b: Kingambit\n|-supereffective|p1b: Kingambit\n|-damage|p1b: Kingambit|33\/100\n|move|p1b: Kingambit|Low Kick|p2a: Kingambit\n|-supereffective|p2a: Kingambit\n|-damage|p2a: Kingambit|0 fnt\n|faint|p2a: Kingambit\n|\n|upkeep\n|\n|t:|1727721577\n|switch|p2a: Amoonguss|Amoonguss, L50, M|100\/100\n|turn|2\n|\n|t:|1727721598\n|-terastallize|p2b: Archaludon|Grass\n|move|p2b: Archaludon|Body Press|p1b: Kingambit\n|-supereffective|p1b: Kingambit\n|-damage|p1b: Kingambit|0 fnt\n|faint|p1b: Kingambit\n|move|p1a: Gothitelle|Psychic|p2a: Amoonguss\n|-supereffective|p2a: Amoonguss\n|-damage|p2a: Amoonguss|50\/100\n|move|p2a: Amoonguss|Spore|p1a: Gothitelle\n|-status|p1a: Gothitelle|slp|[from] move: Spore\n|\n|upkeep\n|\n|t:|1727721608\n|switch|p1b: Ninetales|Ninetales-Alola, L50, F|100\/100\n|-weather|Snow|[from] ability: Snow Warning|[of] p1b: Ninetales\n|turn|3\n|\n|t:|1727721619\n|-terastallize|p1b: Ninetales|Ice\n|cant|p1a: Gothitelle|slp\n|move|p1b: Ninetales|Blizzard|p2a: Amoonguss|[spread] p2a,p2b\n|-supereffective|p2a: Amoonguss\n|-supereffective|p2b: Archaludon\n|-damage|p2a: Amoonguss|0 fnt\n|-damage|p2b: Archaludon|0 fnt\n|faint|p2a: Amoonguss\n|faint|p2b: Archaludon\n|\n|-weather|Snow|[upkeep]\n|upkeep\n|\n|t:|1727721629\n|switch|p2b: Pelipper|Pelipper, L50, F|100\/100\n|-weather|RainDance|[from] ability: Drizzle|[of] p2b: Pelipper\n|turn|4\n|\n|t:|1727721636\n|switch|p1b: Sneasler|Sneasler, L50, F|100\/100\n|move|p2b: Pelipper|Hurricane|p1b: Sneasler\n|-supereffective|p1b: Sneasler\n|-crit|p1b: Sneasler\n|-enditem|p1b: Sneasler|Focus Sash\n|-damage|p1b: Sneasler|1\/100\n|cant|p1a: Gothitelle|slp\n|\n|-weather|RainDance|[upkeep]\n|upkeep\n|turn|5\n|\n|t:|1727721647\n|move|p1b: Sneasler|Fake Out|p2b: Pelipper\n|-damage|p2b: Pelipper|80\/100\n|cant|p2b: Pelipper|flinch\n|cant|p1a: Gothitelle|slp\n|\n|-weather|RainDance|[upkeep]\n|upkeep\n|turn|6\n|-message|Muttonhead forfeited.\n|\n|win|Paradox Mourinho\n|raw|Paradox Mourinho's rating: 1735 &rarr; <strong>1754<\/strong><br \/>(+19 for winning)\n|raw|Muttonhead's rating: 1718 &rarr; <strong>1699<\/strong><br \/>(-19 for losing)\n|l|\u2606Muttonhead\n|player|p2|\n|l| DewgongMVP\n|l|\u2606Paradox Mourinho\n|player|p1|\n","uploadtime":1727721938,"views":28,"formatid":"gen9vgc2024regh","rating":1699,"private":0,"password":null}