{"id":"gen9vgc2024regh-2213946257","format":"[Gen 9] VGC 2024 Reg H","players":["TheOnlyFizzo","fangame10"],"log":"|j|\u2606TheOnlyFizzo\n|j|\u2606fangame10\n|t:|1727828156\n|gametype|doubles\n|player|p1|TheOnlyFizzo|2|1720\n|player|p2|fangame10|red|1758\n|teamsize|p1|6\n|teamsize|p2|6\n|gen|9\n|tier|[Gen 9] VGC 2024 Reg H\n|rated|\n|rule|Species Clause: Limit one of each Pok\u00e9mon\n|rule|Item Clause: Limit 1 of each item\n|clearpoke\n|poke|p1|Metagross, L50|\n|poke|p1|Farigiraf, L50, M|\n|poke|p1|Torkoal, L50, M|\n|poke|p1|Smeargle, L50, F|\n|poke|p1|Annihilape, L50, F|\n|poke|p1|Ursaluna-Bloodmoon, L50, M|\n|poke|p2|Dragapult, L50, F|\n|poke|p2|Ninetales-Alola, L50, F|\n|poke|p2|Milotic, L50, M|\n|poke|p2|Skeledirge, L50, M|\n|poke|p2|Rillaboom, L50, M|\n|poke|p2|Sneasler, L50, M|\n|teampreview|4\n|inactive|Battle timer is ON: inactive players will automatically lose when time's up. (requested by fangame10)\n|j| strikesuitzero\n|inactive|TheOnlyFizzo has 60 seconds left.\n|inactive|fangame10 has 60 seconds left.\n|\n|t:|1727828204\n|start\n|switch|p1a: Farigiraf|Farigiraf, L50, M|100\/100\n|switch|p1b: Annihilape|Annihilape, L50, F|100\/100\n|switch|p2a: Dragapult|Dragapult, L50, F, shiny|100\/100\n|switch|p2b: Skeledirge|Skeledirge, L50, M, shiny|100\/100\n|turn|1\n|inactive|TheOnlyFizzo has 30 seconds left.\n|inactive|TheOnlyFizzo has 20 seconds left.\n|inactive|TheOnlyFizzo has 15 seconds left.\n|inactive|TheOnlyFizzo has 10 seconds left.\n|inactive|TheOnlyFizzo has 5 seconds left.\n|\n|t:|1727828258\n|-terastallize|p2a: Dragapult|Dragon\n|-terastallize|p1a: Farigiraf|Fairy\n|move|p1b: Annihilape|U-turn|p2a: Dragapult\n|-damage|p2a: Dragapult|69\/100\n|\n|t:|1727828266\n|switch|p1b: Ursaluna|Ursaluna-Bloodmoon, L50, M|100\/100|[from] U-turn\n|move|p2a: Dragapult|Dragon Darts|p1b: Ursaluna\n|-crit|p1b: Ursaluna\n|-damage|p1b: Ursaluna|38\/100\n|-anim|p2a: Dragapult|Dragon Darts|p1b: Ursaluna\n|-damage|p1b: Ursaluna|2\/100\n|move|p2b: Skeledirge|Torch Song|p1a: Farigiraf\n|-damage|p1a: Farigiraf|69\/100\n|-boost|p2b: Skeledirge|spa|1\n|move|p1a: Farigiraf|Trick Room|p1a: Farigiraf\n|-fieldstart|move: Trick Room|[of] p1a: Farigiraf\n|\n|upkeep\n|turn|2\n|inactive|TheOnlyFizzo has 30 seconds left.\n|\n|t:|1727828298\n|switch|p2a: Milotic|Milotic, L50, M, shiny|100\/100\n|move|p1b: Ursaluna|Blood Moon|p2b: Skeledirge\n|-damage|p2b: Skeledirge|3\/100\n|move|p1a: Farigiraf|Dazzling Gleam|p2b: Skeledirge|[spread] p2a,p2b\n|-resisted|p2b: Skeledirge\n|-damage|p2a: Milotic|86\/100\n|-damage|p2b: Skeledirge|0 fnt\n|faint|p2b: Skeledirge\n|\n|upkeep\n|\n|t:|1727828305\n|switch|p2b: Ninetales|Ninetales-Alola, L50, F, shiny|100\/100\n|-weather|Snow|[from] ability: Snow Warning|[of] p2b: Ninetales\n|turn|3\n|\n|t:|1727828328\n|switch|p1a: Torkoal|Torkoal, L50, M|100\/100\n|-weather|SunnyDay|[from] ability: Drought|[of] p1a: Torkoal\n|move|p1b: Ursaluna|Hyper Voice|p2b: Ninetales|[spread] p2a,p2b\n|-damage|p2a: Milotic|58\/100\n|-damage|p2b: Ninetales|50\/100\n|move|p2a: Milotic|Hypnosis|p1b: Ursaluna\n|-status|p1b: Ursaluna|slp|[from] move: Hypnosis\n|move|p2b: Ninetales|Aurora Veil||[still]\n|-fail|p2b: Ninetales\n|\n|-weather|SunnyDay|[upkeep]\n|upkeep\n|turn|4\n|inactive|TheOnlyFizzo has 30 seconds left.\n|inactive|TheOnlyFizzo has 20 seconds left.\n|inactive|TheOnlyFizzo has 15 seconds left.\n|inactive|TheOnlyFizzo has 10 seconds left.\n|inactive|TheOnlyFizzo has 5 seconds left.\n|\n|t:|1727828381\n|switch|p1b: Farigiraf|Farigiraf, L50, M, tera:Fairy|69\/100\n|move|p2b: Ninetales|Protect|p2b: Ninetales\n|-singleturn|p2b: Ninetales|Protect\n|move|p1a: Torkoal|Eruption|p2b: Ninetales|[spread] p2a\n|-activate|p2b: Ninetales|move: Protect\n|-resisted|p2a: Milotic\n|-damage|p2a: Milotic|32\/100\n|-enditem|p2a: Milotic|Sitrus Berry|[eat]\n|-heal|p2a: Milotic|57\/100|[from] item: Sitrus Berry\n|move|p2a: Milotic|Hypnosis|p1a: Torkoal|[miss]\n|-miss|p2a: Milotic|p1a: Torkoal\n|\n|-weather|SunnyDay|[upkeep]\n|upkeep\n|turn|5\n|inactive|TheOnlyFizzo has 30 seconds left.\n|\n|t:|1727828411\n|move|p1b: Farigiraf|Helping Hand|p1a: Torkoal\n|-singleturn|p1a: Torkoal|Helping Hand|[of] p1b: Farigiraf\n|move|p1a: Torkoal|Eruption|p2b: Ninetales|[spread] p2a,p2b\n|-resisted|p2a: Milotic\n|-supereffective|p2b: Ninetales\n|-damage|p2a: Milotic|14\/100\n|-damage|p2b: Ninetales|0 fnt\n|faint|p2b: Ninetales\n|move|p2a: Milotic|Hypnosis|p1b: Farigiraf|[miss]\n|-miss|p2a: Milotic|p1b: Farigiraf\n|\n|-weather|SunnyDay|[upkeep]\n|-fieldend|move: Trick Room\n|upkeep\n|\n|t:|1727828417\n|switch|p2b: Dragapult|Dragapult, L50, F, shiny, tera:Dragon|69\/100\n|turn|6\n|inactive|TheOnlyFizzo has 30 seconds left.\n|inactive|TheOnlyFizzo has 20 seconds left.\n|inactive|TheOnlyFizzo has 15 seconds left.\n|inactive|TheOnlyFizzo has 10 seconds left.\n|\n|t:|1727828466\n|move|p2b: Dragapult|Dragon Darts|p1a: Torkoal\n|-damage|p1a: Torkoal|59\/100\n|-anim|p2b: Dragapult|Dragon Darts|p1a: Torkoal\n|-damage|p1a: Torkoal|18\/100\n|move|p2a: Milotic|Hypnosis|p1b: Farigiraf\n|-status|p1b: Farigiraf|slp|[from] move: Hypnosis\n|cant|p1b: Farigiraf|slp\n|move|p1a: Torkoal|Weather Ball|p2a: Milotic\n|-resisted|p2a: Milotic\n|-damage|p2a: Milotic|0 fnt\n|faint|p2a: Milotic\n|\n|-weather|SunnyDay|[upkeep]\n|upkeep\n|turn|7\n|inactive|fangame10 has 30 seconds left.\n|\n|t:|1727828493\n|move|p1a: Torkoal|Protect|p1a: Torkoal\n|-singleturn|p1a: Torkoal|Protect\n|move|p2b: Dragapult|Dragon Darts|p1a: Torkoal\n|-immune|p1b: Farigiraf\n|cant|p1b: Farigiraf|slp\n|\n|-weather|none\n|upkeep\n|turn|8\n|l| strikesuitzero\n|-message|fangame10 forfeited.\n|\n|win|TheOnlyFizzo\n|raw|TheOnlyFizzo's rating: 1720 &rarr; <strong>1742<\/strong><br \/>(+22 for winning)\n|raw|fangame10's rating: 1758 &rarr; <strong>1736<\/strong><br \/>(-22 for losing)\n|l|\u2606fangame10\n|player|p2|\n|l|\u2606TheOnlyFizzo\n|player|p1|\n","uploadtime":1727828714,"views":63,"formatid":"gen9vgc2024regh","rating":1736,"private":0,"password":null}