{"id":"gen9vgc2024regh-2213036009","format":"[Gen 9] VGC 2024 Reg H","players":["anton19","Lovac"],"log":"|j|\u2606anton19\n|j|\u2606Lovac\n|t:|1727723980\n|gametype|doubles\n|player|p1|anton19|101|1711\n|player|p2|Lovac|169|1740\n|teamsize|p1|6\n|teamsize|p2|6\n|gen|9\n|tier|[Gen 9] VGC 2024 Reg H\n|rated|\n|rule|Species Clause: Limit one of each Pok\u00e9mon\n|rule|Item Clause: Limit 1 of each item\n|clearpoke\n|poke|p1|Rillaboom, L50, M|\n|poke|p1|Sneasler, L50, F|\n|poke|p1|Dragapult, L50, M|\n|poke|p1|Primarina, L50, F|\n|poke|p1|Electabuzz, L50, M|\n|poke|p1|Talonflame, L50, M|\n|poke|p2|Serperior, L50, M|\n|poke|p2|Ceruledge, L50, F|\n|poke|p2|Sneasler, L50, F|\n|poke|p2|Indeedee-F, L50, F|\n|poke|p2|Ursaluna-Bloodmoon, L50, M|\n|poke|p2|Hydreigon, L50, F|\n|teampreview|4\n|inactive|Battle timer is ON: inactive players will automatically lose when time's up. (requested by anton19)\n|inactive|anton19 has 60 seconds left.\n|inactive|Lovac has 60 seconds left.\n|inactive|Lovac has 30 seconds left.\n|\n|t:|1727724049\n|start\n|switch|p1a: Talonflame|Talonflame, L50, M|100\/100\n|switch|p1b: Dragapult|Dragapult, L50, M|100\/100\n|switch|p2a: Indeedee|Indeedee-F, L50, F|100\/100\n|switch|p2b: Sneasler|Sneasler, L50, F|100\/100\n|-fieldstart|move: Psychic Terrain|[from] ability: Psychic Surge|[of] p2a: Indeedee\n|-enditem|p2b: Sneasler|Psychic Seed\n|-boost|p2b: Sneasler|spd|1|[from] item: Psychic Seed\n|turn|1\n|inactive|Lovac has 30 seconds left.\n|\n|t:|1727724080\n|move|p2a: Indeedee|Protect|p2a: Indeedee\n|-singleturn|p2a: Indeedee|Protect\n|move|p1a: Talonflame|Tailwind|p1a: Talonflame\n|-sidestart|p1: anton19|move: Tailwind\n|move|p1b: Dragapult|U-turn|p2a: Indeedee\n|-activate|p2a: Indeedee|move: Protect\n|move|p2b: Sneasler|Dire Claw|p1b: Dragapult\n|-resisted|p1b: Dragapult\n|-crit|p1b: Dragapult\n|-damage|p1b: Dragapult|55\/100\n|-status|p1b: Dragapult|slp\n|\n|upkeep\n|turn|2\n|\n|t:|1727724098\n|move|p2a: Indeedee|Protect|p2a: Indeedee\n|-singleturn|p2a: Indeedee|Protect\n|move|p1a: Talonflame|Brave Bird|p2b: Sneasler\n|-activate|p2b: Sneasler|move: Psychic Terrain\n|cant|p1b: Dragapult|slp\n|move|p2b: Sneasler|Dire Claw|p1a: Talonflame\n|-damage|p1a: Talonflame|25\/100\n|\n|upkeep\n|turn|3\n|inactive|Lovac has 30 seconds left.\n|\n|t:|1727724129\n|move|p2a: Indeedee|Follow Me|p2a: Indeedee\n|-singleturn|p2a: Indeedee|move: Follow Me\n|cant|p1b: Dragapult|slp\n|move|p1a: Talonflame|Brave Bird|p2a: Indeedee\n|-damage|p2a: Indeedee|54\/100\n|-damage|p1a: Talonflame|8\/100|[from] Recoil\n|move|p2b: Sneasler|Dire Claw|p1a: Talonflame\n|-damage|p1a: Talonflame|0 fnt\n|faint|p1a: Talonflame\n|\n|upkeep\n|\n|t:|1727724140\n|switch|p1a: Sneasler|Sneasler, L50, F|100\/100\n|turn|4\n|\n|t:|1727724152\n|move|p2b: Sneasler|Protect|p2b: Sneasler\n|-singleturn|p2b: Sneasler|Protect\n|move|p2a: Indeedee|Protect|p2a: Indeedee\n|-singleturn|p2a: Indeedee|Protect\n|cant|p1b: Dragapult|slp\n|move|p1a: Sneasler|Throat Chop|p2a: Indeedee\n|-activate|p2a: Indeedee|move: Protect\n|\n|-sideend|p1: anton19|move: Tailwind\n|upkeep\n|turn|5\n|\n|t:|1727724164\n|move|p2b: Sneasler|Throat Chop|p1b: Dragapult\n|-supereffective|p1b: Dragapult\n|-damage|p1b: Dragapult|0 fnt\n|faint|p1b: Dragapult\n|move|p1a: Sneasler|Throat Chop|p2a: Indeedee\n|-supereffective|p2a: Indeedee\n|-damage|p2a: Indeedee|0 fnt\n|faint|p2a: Indeedee\n|\n|-fieldend|move: Psychic Terrain\n|upkeep\n|\n|t:|1727724180\n|switch|p1b: Rillaboom|Rillaboom, L50, M|100\/100\n|switch|p2a: Ceruledge|Ceruledge, L50, F|100\/100\n|-fieldstart|move: Grassy Terrain|[from] ability: Grassy Surge|[of] p1b: Rillaboom\n|-enditem|p1a: Sneasler|Grassy Seed\n|-boost|p1a: Sneasler|def|1|[from] item: Grassy Seed\n|turn|6\n|\n|t:|1727724188\n|move|p2b: Sneasler|Protect|p2b: Sneasler\n|-singleturn|p2b: Sneasler|Protect\n|move|p2a: Ceruledge|Protect|p2a: Ceruledge\n|-singleturn|p2a: Ceruledge|Protect\n|move|p1b: Rillaboom|Fake Out|p2b: Sneasler\n|-activate|p2b: Sneasler|move: Protect\n|move|p1a: Sneasler|Dire Claw|p2b: Sneasler\n|-activate|p2b: Sneasler|move: Protect\n|\n|upkeep\n|turn|7\n|\n|t:|1727724213\n|-terastallize|p1b: Rillaboom|Fire\n|move|p1a: Sneasler|Throat Chop|p2a: Ceruledge\n|-supereffective|p2a: Ceruledge\n|-damage|p2a: Ceruledge|35\/100\n|-start|p2a: Ceruledge|Throat Chop|[silent]\n|move|p2b: Sneasler|Dire Claw|p1b: Rillaboom\n|-damage|p1b: Rillaboom|55\/100\n|-status|p1b: Rillaboom|par\n|move|p2a: Ceruledge|Bulk Up|p2a: Ceruledge\n|-boost|p2a: Ceruledge|atk|1\n|-boost|p2a: Ceruledge|def|1\n|move|p1b: Rillaboom|High Horsepower|p2a: Ceruledge|[miss]\n|-miss|p1b: Rillaboom|p2a: Ceruledge\n|\n|-heal|p2a: Ceruledge|41\/100|[from] Grassy Terrain\n|-heal|p1b: Rillaboom|61\/100 par|[from] Grassy Terrain\n|upkeep\n|turn|8\n|j| edoreon55555vgc\n|\n|t:|1727724230\n|move|p1a: Sneasler|Protect|p1a: Sneasler\n|-singleturn|p1a: Sneasler|Protect\n|move|p2a: Ceruledge|Protect|p2a: Ceruledge\n|-singleturn|p2a: Ceruledge|Protect\n|move|p2b: Sneasler|Dire Claw|p1a: Sneasler\n|-activate|p1a: Sneasler|move: Protect\n|move|p1b: Rillaboom|High Horsepower|p2b: Sneasler\n|-supereffective|p2b: Sneasler\n|-damage|p2b: Sneasler|0 fnt\n|faint|p2b: Sneasler\n|\n|-heal|p2a: Ceruledge|47\/100|[from] Grassy Terrain\n|-heal|p1b: Rillaboom|67\/100 par|[from] Grassy Terrain\n|-end|p2a: Ceruledge|Throat Chop|[silent]\n|upkeep\n|\n|t:|1727724237\n|switch|p2b: Serperior|Serperior, L50, M, shiny|100\/100\n|turn|9\n|\n|t:|1727724256\n|-terastallize|p2b: Serperior|Water\n|move|p1b: Rillaboom|Grassy Glide|p2a: Ceruledge\n|-resisted|p2a: Ceruledge\n|-damage|p2a: Ceruledge|32\/100\n|move|p1a: Sneasler|Throat Chop|p2a: Ceruledge\n|-supereffective|p2a: Ceruledge\n|-damage|p2a: Ceruledge|0 fnt\n|faint|p2a: Ceruledge\n|move|p2b: Serperior|Reflect|p2b: Serperior\n|-sidestart|p2: Lovac|Reflect\n|\n|-heal|p1b: Rillaboom|72\/100 par|[from] Grassy Terrain\n|upkeep\n|turn|10\n|-message|Lovac forfeited.\n|\n|win|anton19\n|raw|anton19's rating: 1711 &rarr; <strong>1733<\/strong><br \/>(+22 for winning)\n|raw|Lovac's rating: 1740 &rarr; <strong>1718<\/strong><br \/>(-22 for losing)\n|l|\u2606Lovac\n|player|p2|\n|l|\u2606anton19\n|player|p1|\n|l| edoreon55555vgc\n","uploadtime":1727724450,"views":21,"formatid":"gen9vgc2024regh","rating":1718,"private":0,"password":null}