{"id":"gen9vgc2024regh-2213900768","format":"[Gen 9] VGC 2024 Reg H","players":["ABCD baby","fangame10"],"log":"|j|\u2606ABCD baby\n|j|\u2606fangame10\n|t:|1727822652\n|gametype|doubles\n|player|p1|ABCD baby|lady-gen4|1740\n|player|p2|fangame10|red|1766\n|teamsize|p1|6\n|teamsize|p2|6\n|gen|9\n|tier|[Gen 9] VGC 2024 Reg H\n|rated|\n|rule|Species Clause: Limit one of each Pok\u00e9mon\n|rule|Item Clause: Limit 1 of each item\n|clearpoke\n|poke|p1|Dragapult, L50, M|\n|poke|p1|Sneasler, L50, M|\n|poke|p1|Electabuzz, L50, M|\n|poke|p1|Rillaboom, L50, M|\n|poke|p1|Primarina, L50, F|\n|poke|p1|Kingambit, L50, M|\n|poke|p2|Dragapult, L50, F|\n|poke|p2|Ninetales-Alola, L50, F|\n|poke|p2|Milotic, L50, M|\n|poke|p2|Skeledirge, L50, M|\n|poke|p2|Rillaboom, L50, M|\n|poke|p2|Sneasler, L50, M|\n|teampreview|4\n|inactive|Battle timer is ON: inactive players will automatically lose when time's up. (requested by fangame10)\n|inactive|ABCD baby has 60 seconds left.\n|inactive|fangame10 has 60 seconds left.\n|\n|t:|1727822693\n|start\n|switch|p1a: Dragapult|Dragapult, L50, M|100\/100\n|switch|p1b: Kingambit|Kingambit, L50, M, shiny|100\/100\n|switch|p2a: Ninetales|Ninetales-Alola, L50, F, shiny|100\/100\n|switch|p2b: Skeledirge|Skeledirge, L50, M, shiny|100\/100\n|-weather|Snow|[from] ability: Snow Warning|[of] p2a: Ninetales\n|turn|1\n|inactive|ABCD baby has 30 seconds left.\n|inactive|ABCD baby has 20 seconds left.\n|inactive|ABCD baby has 15 seconds left.\n|inactive|ABCD baby has 10 seconds left.\n|inactive|ABCD baby has 5 seconds left.\n|\n|t:|1727822748\n|move|p2b: Skeledirge|Protect|p2b: Skeledirge\n|-singleturn|p2b: Skeledirge|Protect\n|move|p1a: Dragapult|Dragon Darts|p2a: Ninetales\n|-immune|p2a: Ninetales\n|move|p2a: Ninetales|Aurora Veil|p2a: Ninetales\n|-sidestart|p2: fangame10|move: Aurora Veil\n|move|p1b: Kingambit|Kowtow Cleave|p2b: Skeledirge\n|-activate|p2b: Skeledirge|move: Protect\n|\n|-weather|Snow|[upkeep]\n|upkeep\n|turn|2\n|j| iceman440\n|inactive|fangame10 has 30 seconds left.\n|inactive|fangame10 has 20 seconds left.\n|inactive|fangame10 has 15 seconds left.\n|\n|t:|1727822792\n|move|p1b: Kingambit|Protect|p1b: Kingambit\n|-singleturn|p1b: Kingambit|Protect\n|move|p1a: Dragapult|Dragon Darts|p2b: Skeledirge\n|-damage|p2b: Skeledirge|79\/100\n|-anim|p1a: Dragapult|Dragon Darts|p2b: Skeledirge\n|-damage|p2b: Skeledirge|56\/100\n|move|p2a: Ninetales|Blizzard|p1b: Kingambit|[spread] p1a\n|-activate|p1b: Kingambit|move: Protect\n|-supereffective|p1a: Dragapult\n|-damage|p1a: Dragapult|15\/100\n|move|p2b: Skeledirge|Shadow Ball|p1a: Dragapult\n|-supereffective|p1a: Dragapult\n|-damage|p1a: Dragapult|0 fnt\n|faint|p1a: Dragapult\n|\n|-weather|Snow|[upkeep]\n|-heal|p2b: Skeledirge|62\/100|[from] item: Leftovers\n|upkeep\n|\n|t:|1727822805\n|switch|p1a: Sneasler|Sneasler, L50, M|100\/100\n|turn|3\n|\n|t:|1727822814\n|switch|p2a: Sneasler|Sneasler, L50, M, shiny|100\/100\n|-terastallize|p1b: Kingambit|Dark\n|move|p1a: Sneasler|Dire Claw|p2a: Sneasler\n|-resisted|p2a: Sneasler\n|-damage|p2a: Sneasler|77\/100\n|-status|p2a: Sneasler|par\n|move|p2b: Skeledirge|Will-O-Wisp|p1b: Kingambit\n|-status|p1b: Kingambit|brn\n|move|p1b: Kingambit|Kowtow Cleave|p2b: Skeledirge\n|-supereffective|p2b: Skeledirge\n|-damage|p2b: Skeledirge|17\/100\n|\n|-weather|Snow|[upkeep]\n|-heal|p2b: Skeledirge|23\/100|[from] item: Leftovers\n|-damage|p1b: Kingambit|95\/100 brn|[from] brn\n|upkeep\n|turn|4\n|\n|t:|1727822836\n|move|p1a: Sneasler|Protect|p1a: Sneasler\n|-singleturn|p1a: Sneasler|Protect\n|move|p1b: Kingambit|Sucker Punch|p2a: Sneasler\n|-resisted|p2a: Sneasler\n|-damage|p2a: Sneasler|60\/100 par\n|cant|p2a: Sneasler|par\n|move|p2b: Skeledirge|Will-O-Wisp|p1a: Sneasler\n|-activate|p1a: Sneasler|move: Protect\n|\n|-weather|Snow|[upkeep]\n|-heal|p2b: Skeledirge|29\/100|[from] item: Leftovers\n|-damage|p1b: Kingambit|89\/100 brn|[from] brn\n|upkeep\n|turn|5\n|\n|t:|1727822855\n|move|p1a: Sneasler|Dire Claw|p2b: Skeledirge\n|-resisted|p2b: Skeledirge\n|-damage|p2b: Skeledirge|17\/100\n|-status|p2b: Skeledirge|slp\n|move|p2a: Sneasler|Close Combat|p1b: Kingambit\n|-supereffective|p1b: Kingambit\n|-damage|p1b: Kingambit|0 fnt\n|-unboost|p2a: Sneasler|def|1\n|-unboost|p2a: Sneasler|spd|1\n|faint|p1b: Kingambit\n|cant|p2b: Skeledirge|slp\n|\n|-weather|none\n|-heal|p2b: Skeledirge|22\/100 slp|[from] item: Leftovers\n|upkeep\n|\n|t:|1727822863\n|switch|p1b: Rillaboom|Rillaboom, L50, M|100\/100\n|-fieldstart|move: Grassy Terrain|[from] ability: Grassy Surge|[of] p1b: Rillaboom\n|turn|6\n|\n|t:|1727822873\n|move|p1a: Sneasler|Dire Claw|p2a: Sneasler\n|-resisted|p2a: Sneasler\n|-damage|p2a: Sneasler|24\/100 par\n|move|p1b: Rillaboom|Wood Hammer|p2b: Skeledirge\n|-resisted|p2b: Skeledirge\n|-damage|p2b: Skeledirge|1\/100 slp\n|-damage|p1b: Rillaboom|93\/100|[from] Recoil\n|move|p2a: Sneasler|Dire Claw|p1b: Rillaboom\n|-supereffective|p1b: Rillaboom\n|-damage|p1b: Rillaboom|15\/100\n|-status|p1b: Rillaboom|slp\n|-curestatus|p2b: Skeledirge|slp|[msg]\n|move|p2b: Skeledirge|Will-O-Wisp|p1a: Sneasler\n|-status|p1a: Sneasler|brn\n|\n|-heal|p1b: Rillaboom|21\/100 slp|[from] Grassy Terrain\n|-heal|p2a: Sneasler|30\/100 par|[from] Grassy Terrain\n|-heal|p2b: Skeledirge|7\/100|[from] Grassy Terrain\n|-heal|p2b: Skeledirge|13\/100|[from] item: Leftovers\n|-damage|p1a: Sneasler|95\/100 brn|[from] brn\n|upkeep\n|turn|7\n|-message|ABCD baby forfeited.\n|\n|win|fangame10\n|raw|ABCD baby's rating: 1740 &rarr; <strong>1721<\/strong><br \/>(-19 for losing)\n|raw|fangame10's rating: 1766 &rarr; <strong>1785<\/strong><br \/>(+19 for winning)\n|l|\u2606ABCD baby\n|player|p1|\n|l|\u2606fangame10\n|player|p2|\n|l| iceman440\n","uploadtime":1727823060,"views":60,"formatid":"gen9vgc2024regh","rating":1721,"private":0,"password":null}