{"id":"gen9vgc2024regh-2213438663","format":"[Gen 9] VGC 2024 Reg H","players":["Anna giacristo","Engineer vgc"],"log":"|j|\u2606Anna giacristo\n|j|\u2606Engineer vgc\n|t:|1727775671\n|gametype|doubles\n|player|p1|Anna giacristo|169|1701\n|player|p2|Engineer vgc|1|1731\n|teamsize|p1|6\n|teamsize|p2|6\n|gen|9\n|tier|[Gen 9] VGC 2024 Reg H\n|rated|\n|rule|Species Clause: Limit one of each Pok\u00e9mon\n|rule|Item Clause: Limit 1 of each item\n|clearpoke\n|poke|p1|Mamoswine, L50, F|\n|poke|p1|Drifblim, L50, M|\n|poke|p1|Indeedee-F, L50, F|\n|poke|p1|Volcarona, L50, F|\n|poke|p1|Dragapult, L50, M|\n|poke|p1|Kingambit, L50, F|\n|poke|p2|Gholdengo, L50|\n|poke|p2|Garchomp, L50, F|\n|poke|p2|Tyranitar, L50, M|\n|poke|p2|Amoonguss, L50, F|\n|poke|p2|Primarina, L50, M|\n|poke|p2|Kilowattrel, L50, F|\n|teampreview|4\n|\n|t:|1727775706\n|start\n|switch|p1a: Indeedee|Indeedee-F, L50, F, shiny|100\/100\n|switch|p1b: Drifblim|Drifblim, L50, M, shiny|100\/100\n|switch|p2a: Amoonguss|Amoonguss, L50, F|100\/100\n|switch|p2b: Primarina|Primarina, L50, M|100\/100\n|-fieldstart|move: Psychic Terrain|[from] ability: Psychic Surge|[of] p1a: Indeedee\n|-enditem|p1b: Drifblim|Psychic Seed\n|-boost|p1b: Drifblim|spd|1|[from] item: Psychic Seed\n|turn|1\n|\n|t:|1727775729\n|-terastallize|p1b: Drifblim|Flying\n|move|p1a: Indeedee|Follow Me|p1a: Indeedee\n|-singleturn|p1a: Indeedee|move: Follow Me\n|move|p1b: Drifblim|Acrobatics|p2a: Amoonguss\n|-supereffective|p2a: Amoonguss\n|-damage|p2a: Amoonguss|0 fnt\n|faint|p2a: Amoonguss\n|move|p2b: Primarina|Hyper Voice|p1b: Drifblim|[spread] p1a,p1b\n|-damage|p1a: Indeedee|65\/100\n|-damage|p1b: Drifblim|73\/100\n|-enditem|p2b: Primarina|Throat Spray\n|-boost|p2b: Primarina|spa|1|[from] item: Throat Spray\n|\n|upkeep\n|\n|t:|1727775740\n|switch|p2a: Tyranitar|Tyranitar, L50, M|100\/100\n|-weather|Sandstorm|[from] ability: Sand Stream|[of] p2a: Tyranitar\n|turn|2\n|\n|t:|1727775753\n|switch|p2a: Gholdengo|Gholdengo, L50|100\/100\n|move|p1a: Indeedee|Follow Me|p1a: Indeedee\n|-singleturn|p1a: Indeedee|move: Follow Me\n|move|p1b: Drifblim|Will-O-Wisp|p2a: Gholdengo\n|-immune|p2a: Gholdengo|[from] ability: Good as Gold\n|move|p2b: Primarina|Hyper Voice|p1b: Drifblim|[spread] p1a,p1b\n|-damage|p1a: Indeedee|19\/100\n|-damage|p1b: Drifblim|31\/100\n|\n|-weather|Sandstorm|[upkeep]\n|-damage|p1b: Drifblim|25\/100|[from] Sandstorm\n|-damage|p2b: Primarina|94\/100|[from] Sandstorm\n|upkeep\n|turn|3\n|\n|t:|1727775772\n|switch|p2b: Tyranitar|Tyranitar, L50, M|100\/100\n|move|p1a: Indeedee|Helping Hand|p1b: Drifblim\n|-singleturn|p1b: Drifblim|Helping Hand|[of] p1a: Indeedee\n|move|p1b: Drifblim|Acrobatics|p2b: Tyranitar\n|-resisted|p2b: Tyranitar\n|-damage|p2b: Tyranitar|65\/100\n|move|p2a: Gholdengo|Make It Rain|p1a: Indeedee|[spread] p1a,p1b\n|-damage|p1a: Indeedee|0 fnt\n|-damage|p1b: Drifblim|0 fnt\n|-unboost|p2a: Gholdengo|spa|1\n|faint|p1a: Indeedee\n|faint|p1b: Drifblim\n|\n|-weather|Sandstorm|[upkeep]\n|upkeep\n|\n|t:|1727775781\n|switch|p1b: Mamoswine|Mamoswine, L50, F, shiny|100\/100\n|switch|p1a: Dragapult|Dragapult, L50, M|100\/100\n|turn|4\n|\n|t:|1727775796\n|-terastallize|p2b: Tyranitar|Flying\n|move|p1a: Dragapult|Phantom Force||[still]\n|-prepare|p1a: Dragapult|Phantom Force\n|move|p2a: Gholdengo|Make It Rain|p1a: Dragapult|[spread] p1b\n|-miss|p2a: Gholdengo|p1a: Dragapult\n|-supereffective|p1b: Mamoswine\n|-damage|p1b: Mamoswine|28\/100\n|-unboost|p2a: Gholdengo|spa|1\n|move|p1b: Mamoswine|Earthquake|p2b: Tyranitar|[spread] p2a\n|-miss|p1b: Mamoswine|p1a: Dragapult\n|-immune|p2b: Tyranitar\n|-supereffective|p2a: Gholdengo\n|-damage|p2a: Gholdengo|0 fnt\n|faint|p2a: Gholdengo\n|move|p2b: Tyranitar|Crunch|p1a: Dragapult|[miss]\n|-miss|p2b: Tyranitar|p1a: Dragapult\n|\n|-weather|Sandstorm|[upkeep]\n|-damage|p1a: Dragapult|94\/100|[from] Sandstorm\n|-damage|p2b: Tyranitar|59\/100|[from] Sandstorm\n|upkeep\n|\n|t:|1727775809\n|switch|p2a: Primarina|Primarina, L50, M|94\/100\n|turn|5\n|j| mr pogostick\n|\n|t:|1727775824\n|move|p1a: Dragapult|Phantom Force|p2a: Primarina|[from]lockedmove\n|-damage|p2a: Primarina|2\/100\n|move|p1b: Mamoswine|Icicle Crash|p2b: Tyranitar\n|-supereffective|p2b: Tyranitar\n|-damage|p2b: Tyranitar|0 fnt\n|faint|p2b: Tyranitar\n|move|p2a: Primarina|Hyper Voice|p1a: Dragapult|[spread] p1a,p1b\n|-resisted|p1a: Dragapult\n|-supereffective|p1b: Mamoswine\n|-damage|p1a: Dragapult|70\/100\n|-damage|p1b: Mamoswine|0 fnt\n|faint|p1b: Mamoswine\n|\n|-weather|Sandstorm|[upkeep]\n|-damage|p1a: Dragapult|64\/100|[from] Sandstorm\n|-damage|p2a: Primarina|0 fnt|[from] Sandstorm\n|faint|p2a: Primarina\n|\n|win|Anna giacristo\n|upkeep\n|raw|Anna giacristo's rating: 1701 &rarr; <strong>1723<\/strong><br \/>(+22 for winning)\n|raw|Engineer vgc's rating: 1731 &rarr; <strong>1709<\/strong><br \/>(-22 for losing)\n|l| mr pogostick\n|l|\u2606Engineer vgc\n|player|p2|\n","uploadtime":1727775849,"views":24,"formatid":"gen9vgc2024regh","rating":1709,"private":0,"password":null}