{"id":"gen9vgc2024regh-2213895310","format":"[Gen 9] VGC 2024 Reg H","players":["super crist","fangame10"],"log":"|j|\u203dsuper crist\n|j|\u2606fangame10\n|t:|1727822020\n|gametype|doubles\n|player|p1|super crist|sabrina|1724\n|player|p2|fangame10|red|1760\n|teamsize|p1|6\n|teamsize|p2|6\n|gen|9\n|tier|[Gen 9] VGC 2024 Reg H\n|rated|\n|rule|Species Clause: Limit one of each Pok\u00e9mon\n|rule|Item Clause: Limit 1 of each item\n|clearpoke\n|poke|p1|Torkoal, L50, F|\n|poke|p1|Lilligant-Hisui, L50, F|\n|poke|p1|Ursaluna-Bloodmoon, L50, M|\n|poke|p1|Dragonite, L50, M|\n|poke|p1|Armarouge, L50, F|\n|poke|p1|Indeedee-F, L50, F|\n|poke|p2|Dragapult, L50, F|\n|poke|p2|Ninetales-Alola, L50, F|\n|poke|p2|Milotic, L50, M|\n|poke|p2|Skeledirge, L50, M|\n|poke|p2|Rillaboom, L50, M|\n|poke|p2|Sneasler, L50, M|\n|teampreview|4\n|inactive|Battle timer is ON: inactive players will automatically lose when time's up. (requested by fangame10)\n|inactive|super crist also wants the timer to be on.\n|inactive|super crist has 60 seconds left.\n|inactive|fangame10 has 60 seconds left.\n|j| Smeggers\n|inactive|fangame10 has 30 seconds left.\n|inactive|fangame10 has 20 seconds left.\n|inactive|fangame10 has 15 seconds left.\n|\n|t:|1727822100\n|start\n|switch|p1a: Lilligant|Lilligant-Hisui, L50, F, shiny|100\/100\n|switch|p1b: Torkoal|Torkoal, L50, F, shiny|100\/100\n|switch|p2a: Dragapult|Dragapult, L50, F, shiny|100\/100\n|switch|p2b: Milotic|Milotic, L50, M, shiny|100\/100\n|-weather|SunnyDay|[from] ability: Drought|[of] p1b: Torkoal\n|turn|1\n|inactive|fangame10 has 30 seconds left.\n|inactive|super crist has 30 seconds left.\n|inactive|fangame10 has 20 seconds left.\n|inactive|fangame10 has 15 seconds left.\n|\n|t:|1727822145\n|move|p1a: Lilligant|After You|p1b: Torkoal\n|-activate|p1b: Torkoal|move: After You\n|move|p1b: Torkoal|Eruption|p2a: Dragapult|[spread] p2a,p2b\n|-resisted|p2a: Dragapult\n|-resisted|p2b: Milotic\n|-crit|p2b: Milotic\n|-damage|p2a: Dragapult|42\/100\n|-damage|p2b: Milotic|61\/100\n|move|p2a: Dragapult|Dragon Darts|p1a: Lilligant\n|-damage|p1a: Lilligant|36\/100\n|-anim|p2a: Dragapult|Dragon Darts|p1b: Torkoal\n|-damage|p1b: Torkoal|68\/100\n|move|p2b: Milotic|Hypnosis|p1a: Lilligant\n|-status|p1a: Lilligant|slp|[from] move: Hypnosis\n|\n|-weather|SunnyDay|[upkeep]\n|upkeep\n|turn|2\n|\n|t:|1727822161\n|-terastallize|p2a: Dragapult|Dragon\n|move|p1b: Torkoal|Protect|p1b: Torkoal\n|-singleturn|p1b: Torkoal|Protect\n|cant|p1a: Lilligant|slp\n|move|p2a: Dragapult|Dragon Darts|p1a: Lilligant\n|-damage|p1a: Lilligant|0 fnt\n|faint|p1a: Lilligant\n|move|p2b: Milotic|Life Dew|p2b: Milotic|[spread] p2a,p2b\n|-heal|p2a: Dragapult|67\/100\n|-heal|p2b: Milotic|86\/100\n|\n|-weather|SunnyDay|[upkeep]\n|upkeep\n|\n|t:|1727822170\n|switch|p1a: Dragonite|Dragonite, L50, M, shiny|100\/100\n|turn|3\n|inactive|fangame10 has 30 seconds left.\n|\n|t:|1727822196\n|switch|p2a: Ninetales|Ninetales-Alola, L50, F, shiny|100\/100\n|-weather|Snow|[from] ability: Snow Warning|[of] p2a: Ninetales\n|-terastallize|p1a: Dragonite|Steel\n|move|p1a: Dragonite|Scale Shot|p2a: Ninetales\n|-immune|p2a: Ninetales\n|move|p2b: Milotic|Hypnosis|p1a: Dragonite|[miss]\n|-miss|p2b: Milotic|p1a: Dragonite\n|move|p1b: Torkoal|Eruption|p2a: Ninetales|[spread] p2a,p2b\n|-supereffective|p2a: Ninetales\n|-resisted|p2b: Milotic\n|-damage|p2a: Ninetales|1\/100\n|-damage|p2b: Milotic|75\/100\n|\n|-weather|Snow|[upkeep]\n|upkeep\n|turn|4\n|inactive|super crist has 30 seconds left.\n|\n|t:|1727822224\n|move|p1a: Dragonite|Extreme Speed|p2a: Ninetales\n|-damage|p2a: Ninetales|0 fnt\n|faint|p2a: Ninetales\n|move|p2b: Milotic|Coil|p2b: Milotic\n|-boost|p2b: Milotic|atk|1\n|-boost|p2b: Milotic|def|1\n|-boost|p2b: Milotic|accuracy|1\n|move|p1b: Torkoal|Earth Power|p2b: Milotic\n|-damage|p2b: Milotic|57\/100\n|\n|-weather|Snow|[upkeep]\n|upkeep\n|\n|t:|1727822229\n|switch|p2a: Rillaboom|Rillaboom, L50, M, shiny|100\/100\n|-fieldstart|move: Grassy Terrain|[from] ability: Grassy Surge|[of] p2a: Rillaboom\n|turn|5\n|\n|t:|1727822241\n|move|p1a: Dragonite|Haze|p1a: Dragonite\n|-clearallboost\n|move|p2b: Milotic|Hypnosis|p1a: Dragonite\n|-status|p1a: Dragonite|slp|[from] move: Hypnosis\n|move|p2a: Rillaboom|High Horsepower|p1b: Torkoal\n|-supereffective|p1b: Torkoal\n|-damage|p1b: Torkoal|20\/100\n|move|p1b: Torkoal|Eruption|p2a: Rillaboom|[spread] p2a,p2b\n|-supereffective|p2a: Rillaboom\n|-resisted|p2b: Milotic\n|-damage|p2a: Rillaboom|85\/100\n|-damage|p2b: Milotic|54\/100\n|\n|-weather|Snow|[upkeep]\n|-heal|p2b: Milotic|60\/100|[from] Grassy Terrain\n|-heal|p2a: Rillaboom|91\/100|[from] Grassy Terrain\n|-heal|p1b: Torkoal|26\/100|[from] Grassy Terrain\n|upkeep\n|turn|6\n|\n|t:|1727822256\n|cant|p1a: Dragonite|slp\n|move|p2b: Milotic|Coil|p2b: Milotic\n|-boost|p2b: Milotic|atk|1\n|-boost|p2b: Milotic|def|1\n|-boost|p2b: Milotic|accuracy|1\n|move|p2a: Rillaboom|High Horsepower|p1a: Dragonite\n|-supereffective|p1a: Dragonite\n|-damage|p1a: Dragonite|63\/100 slp\n|move|p1b: Torkoal|Overheat|p2a: Rillaboom\n|-supereffective|p2a: Rillaboom\n|-damage|p2a: Rillaboom|0 fnt\n|-unboost|p1b: Torkoal|spa|2\n|faint|p2a: Rillaboom\n|\n|-weather|Snow|[upkeep]\n|-heal|p1a: Dragonite|69\/100 slp|[from] Grassy Terrain\n|-heal|p2b: Milotic|66\/100|[from] Grassy Terrain\n|-heal|p1b: Torkoal|32\/100|[from] Grassy Terrain\n|upkeep\n|\n|t:|1727822258\n|switch|p2a: Dragapult|Dragapult, L50, F, shiny, tera:Dragon|67\/100\n|turn|7\n|\n|t:|1727822280\n|move|p2a: Dragapult|Dragon Darts|p1a: Dragonite\n|-resisted|p1a: Dragonite\n|-damage|p1a: Dragonite|35\/100 slp\n|-anim|p2a: Dragapult|Dragon Darts|p1b: Torkoal\n|-damage|p1b: Torkoal|0 fnt\n|faint|p1b: Torkoal\n|cant|p1a: Dragonite|slp\n|move|p2b: Milotic|Muddy Water|p1a: Dragonite\n|-damage|p1a: Dragonite|0 fnt\n|faint|p1a: Dragonite\n|\n|-weather|none\n|-heal|p2a: Dragapult|73\/100|[from] Grassy Terrain\n|-heal|p2b: Milotic|73\/100|[from] Grassy Terrain\n|upkeep\n|-message|super crist forfeited.\n|\n|win|fangame10\n|raw|super crist's rating: 1724 &rarr; <strong>1706<\/strong><br \/>(-18 for losing)\n|raw|fangame10's rating: 1760 &rarr; <strong>1778<\/strong><br \/>(+18 for winning)\n|l|\u203dsuper crist\n|player|p1|\n|l|\u2606fangame10\n|player|p2|\n|l| Smeggers\n","uploadtime":1727822297,"views":40,"formatid":"gen9vgc2024regh","rating":1706,"private":0,"password":null}