{"id":"gen9vgc2024regh-2213843397","format":"[Gen 9] VGC 2024 Reg H","players":["Strangrdangr","bug hands"],"log":"|j|\u2606Strangrdangr\n|j|\u2606bug hands\n|t:|1727816459\n|gametype|doubles\n|player|p1|Strangrdangr|169|1715\n|player|p2|bug hands|cheryl|1681\n|teamsize|p1|6\n|teamsize|p2|6\n|gen|9\n|tier|[Gen 9] VGC 2024 Reg H\n|rated|\n|rule|Species Clause: Limit one of each Pok\u00e9mon\n|rule|Item Clause: Limit 1 of each item\n|clearpoke\n|poke|p1|Dragapult, L50, M|\n|poke|p1|Primarina, L50, M|\n|poke|p1|Tyranitar, L50, M|\n|poke|p1|Porygon2, L50|\n|poke|p1|Decidueye-Hisui, L50, F|\n|poke|p1|Volcarona, L50, F|\n|poke|p2|Ursaluna, L50, F|\n|poke|p2|Annihilape, L50, M|\n|poke|p2|Klefki, L50, M|\n|poke|p2|Volcarona, L50, F|\n|poke|p2|Porygon2, L50|\n|poke|p2|Dragonite, L50, F|\n|teampreview|4\n|c|\u2606bug hands|hi again\n|c|\u2606bug hands|i've never hit 1700 before and its been a goal for a while\n|c|\u2606bug hands|glhf\n|inactive|Battle timer is ON: inactive players will automatically lose when time's up. (requested by bug hands)\n|inactive|bug hands has 60 seconds left.\n|inactive|bug hands has 30 seconds left.\n|\n|t:|1727816568\n|start\n|switch|p1a: Tyranitar|Tyranitar, L50, M|100\/100\n|switch|p1b: Decidueye|Decidueye-Hisui, L50, F|100\/100\n|switch|p2a: Ursaluna|Ursaluna, L50, F|100\/100\n|switch|p2b: Klefki|Klefki, L50, M|100\/100\n|-weather|Sandstorm|[from] ability: Sand Stream|[of] p1a: Tyranitar\n|turn|1\n|inactive|Strangrdangr has 30 seconds left.\n|inactive|Strangrdangr has 20 seconds left.\n|inactive|Strangrdangr has 15 seconds left.\n|inactive|Strangrdangr has 10 seconds left.\n|inactive|Strangrdangr has 5 seconds left.\n|\n|t:|1727816619\n|move|p2a: Ursaluna|Protect|p2a: Ursaluna\n|-singleturn|p2a: Ursaluna|Protect\n|move|p2b: Klefki|Reflect|p2b: Klefki\n|-sidestart|p2: bug hands|Reflect\n|move|p1a: Tyranitar|Knock Off|p2a: Ursaluna\n|-activate|p2a: Ursaluna|move: Protect\n|move|p1b: Decidueye|Taunt|p2b: Klefki\n|-start|p2b: Klefki|move: Taunt\n|\n|-weather|Sandstorm|[upkeep]\n|-damage|p1b: Decidueye|94\/100|[from] Sandstorm\n|-status|p2a: Ursaluna|brn|[from] item: Flame Orb\n|upkeep\n|turn|2\n|inactive|bug hands has 30 seconds left.\n|inactive|bug hands has 20 seconds left.\n|inactive|bug hands has 15 seconds left.\n|inactive|bug hands has 10 seconds left.\n|\n|t:|1727816666\n|switch|p2b: Porygon2|Porygon2, L50|100\/100\n|-ability|p2b: Porygon2|Sand Stream|[from] ability: Trace|[of] p1a: Tyranitar\n|-terastallize|p2a: Ursaluna|Fairy\n|move|p1a: Tyranitar|Rock Slide|p2b: Porygon2|[spread] p2a,p2b\n|-damage|p2a: Ursaluna|87\/100 brn\n|-damage|p2b: Porygon2|87\/100\n|move|p1b: Decidueye|Triple Arrows|p2a: Ursaluna\n|-resisted|p2a: Ursaluna\n|-crit|p2a: Ursaluna\n|-damage|p2a: Ursaluna|65\/100 brn\n|-unboost|p2a: Ursaluna|def|1\n|move|p2a: Ursaluna|Earthquake|p1a: Tyranitar|[spread] p2b,p1a,p1b\n|-supereffective|p1a: Tyranitar\n|-resisted|p1b: Decidueye\n|-damage|p2b: Porygon2|65\/100\n|-damage|p1a: Tyranitar|0 fnt\n|-damage|p1b: Decidueye|57\/100\n|faint|p1a: Tyranitar\n|\n|-weather|Sandstorm|[upkeep]\n|-damage|p1b: Decidueye|51\/100|[from] Sandstorm\n|-damage|p2b: Porygon2|58\/100|[from] Sandstorm\n|-damage|p2a: Ursaluna|60\/100 brn|[from] Sandstorm\n|-damage|p2a: Ursaluna|54\/100 brn|[from] brn\n|upkeep\n|inactive|Strangrdangr has 30 seconds left.\n|\n|t:|1727816694\n|switch|p1a: Primarina|Primarina, L50, M|100\/100\n|turn|3\n|inactive|Strangrdangr has 30 seconds left.\n|inactive|bug hands has 30 seconds left.\n|\n|t:|1727816723\n|switch|p2a: Klefki|Klefki, L50, M|100\/100\n|move|p1b: Decidueye|Triple Arrows|p2b: Porygon2\n|-supereffective|p2b: Porygon2\n|-crit|p2b: Porygon2\n|-damage|p2b: Porygon2|0 fnt\n|faint|p2b: Porygon2\n|move|p1a: Primarina|Hyper Voice|p2a: Klefki\n|-damage|p2a: Klefki|53\/100\n|-enditem|p1a: Primarina|Throat Spray\n|-boost|p1a: Primarina|spa|1|[from] item: Throat Spray\n|\n|-weather|Sandstorm|[upkeep]\n|-damage|p1b: Decidueye|45\/100|[from] Sandstorm\n|-damage|p1a: Primarina|95\/100|[from] Sandstorm\n|upkeep\n|\n|t:|1727816743\n|switch|p2b: Annihilape|Annihilape, L50, M|100\/100\n|turn|4\n|inactive|Strangrdangr has 30 seconds left.\n|inactive|bug hands has 30 seconds left.\n|inactive|bug hands has 20 seconds left.\n|inactive|bug hands has 15 seconds left.\n|\n|t:|1727816786\n|switch|p1b: Porygon2|Porygon2, L50|100\/100\n|-ability|p1b: Porygon2|Defiant|[from] ability: Trace|[of] p2b: Annihilape\n|move|p2a: Klefki|Light Screen|p2a: Klefki\n|-sidestart|p2: bug hands|move: Light Screen\n|move|p2b: Annihilape|Close Combat|p1b: Porygon2\n|-supereffective|p1b: Porygon2\n|-damage|p1b: Porygon2|49\/100\n|-unboost|p2b: Annihilape|def|1\n|-unboost|p2b: Annihilape|spd|1\n|move|p1a: Primarina|Hyper Voice|p2a: Klefki|[spread] p2a,p2b\n|-damage|p2a: Klefki|17\/100\n|-damage|p2b: Annihilape|47\/100\n|\n|-weather|Sandstorm|[upkeep]\n|-damage|p2b: Annihilape|41\/100|[from] Sandstorm\n|-damage|p1a: Primarina|89\/100|[from] Sandstorm\n|-damage|p1b: Porygon2|43\/100|[from] Sandstorm\n|upkeep\n|turn|5\n|j| mr pogostick\n|inactive|Strangrdangr has 30 seconds left.\n|inactive|bug hands has 30 seconds left.\n|\n|t:|1727816814\n|move|p2a: Klefki|Sunny Day|p2a: Klefki\n|-weather|SunnyDay\n|move|p2b: Annihilape|Close Combat|p1a: Primarina\n|-resisted|p1a: Primarina\n|-damage|p1a: Primarina|63\/100\n|-unboost|p2b: Annihilape|def|1\n|-unboost|p2b: Annihilape|spd|1\n|move|p1a: Primarina|Hyper Voice|p2b: Annihilape|[spread] p2a,p2b\n|-damage|p2a: Klefki|0 fnt\n|-damage|p2b: Annihilape|7\/100\n|faint|p2a: Klefki\n|move|p1b: Porygon2|Recover|p1b: Porygon2\n|-heal|p1b: Porygon2|93\/100\n|\n|-weather|SunnyDay|[upkeep]\n|upkeep\n|\n|t:|1727816819\n|switch|p2a: Ursaluna|Ursaluna, L50, F, tera:Fairy|54\/100 brn\n|turn|6\n|inactive|Strangrdangr has 30 seconds left.\n|inactive|bug hands has 30 seconds left.\n|inactive|bug hands has 20 seconds left.\n|inactive|bug hands has 15 seconds left.\n|\n|t:|1727816860\n|move|p2b: Annihilape|Close Combat|p1b: Porygon2\n|-supereffective|p1b: Porygon2\n|-damage|p1b: Porygon2|39\/100\n|-unboost|p2b: Annihilape|def|1\n|-unboost|p2b: Annihilape|spd|1\n|move|p1a: Primarina|Moonblast|p2a: Ursaluna\n|-damage|p2a: Ursaluna|11\/100 brn\n|-unboost|p2a: Ursaluna|spa|1\n|move|p1b: Porygon2|Ice Beam|p2b: Annihilape\n|-damage|p2b: Annihilape|0 fnt\n|faint|p2b: Annihilape\n|move|p2a: Ursaluna|Earthquake|p1a: Primarina|[spread] p1a,p1b\n|-damage|p1a: Primarina|0 fnt\n|-damage|p1b: Porygon2|8\/100\n|faint|p1a: Primarina\n|\n|-weather|SunnyDay|[upkeep]\n|-damage|p2a: Ursaluna|5\/100 brn|[from] brn\n|upkeep\n|-message|bug hands forfeited.\n|\n|win|Strangrdangr\n|raw|Strangrdangr's rating: 1715 &rarr; <strong>1733<\/strong><br \/>(+18 for winning)\n|raw|bug hands's rating: 1681 &rarr; <strong>1663<\/strong><br \/>(-18 for losing)\n|l|\u2606Strangrdangr\n|player|p1|\n|l| mr pogostick\n","uploadtime":1727817112,"views":17,"formatid":"gen9vgc2024regh","rating":1663,"private":0,"password":null}