{"id":"gen9vgc2024regh-2213786004","format":"[Gen 9] VGC 2024 Reg H","players":["fangame10","very demure"],"log":"|j|\u2606fangame10\n|j|\u2606very demure\n|t:|1727811013\n|gametype|doubles\n|player|p1|fangame10|red|1748\n|player|p2|very demure|dawn-gen4pt|1754\n|teamsize|p1|6\n|teamsize|p2|6\n|gen|9\n|tier|[Gen 9] VGC 2024 Reg H\n|rated|\n|rule|Species Clause: Limit one of each Pok\u00e9mon\n|rule|Item Clause: Limit 1 of each item\n|clearpoke\n|poke|p1|Dragapult, L50, F|\n|poke|p1|Ninetales-Alola, L50, F|\n|poke|p1|Milotic, L50, M|\n|poke|p1|Skeledirge, L50, M|\n|poke|p1|Rillaboom, L50, M|\n|poke|p1|Sneasler, L50, M|\n|poke|p2|Kilowattrel, L50, F|\n|poke|p2|Garchomp, L50, F|\n|poke|p2|Weezing-Galar, L50, F|\n|poke|p2|Toedscruel, L50, F|\n|poke|p2|Corviknight, L50, M|\n|poke|p2|Typhlosion-Hisui, L50, F|\n|teampreview|4\n|inactive|Battle timer is ON: inactive players will automatically lose when time's up. (requested by fangame10)\n|inactive|fangame10 has 60 seconds left.\n|inactive|very demure has 60 seconds left.\n|\n|t:|1727811051\n|start\n|switch|p1a: Sneasler|Sneasler, L50, M, shiny|100\/100\n|switch|p1b: Dragapult|Dragapult, L50, F, shiny|100\/100\n|switch|p2a: Weezing|Weezing-Galar, L50, F|100\/100\n|switch|p2b: Toedscruel|Toedscruel, L50, F|100\/100\n|-ability|p2a: Weezing|Neutralizing Gas\n|turn|1\n|\n|t:|1727811073\n|switch|p2b: Corviknight|Corviknight, L50, M|100\/100\n|-terastallize|p1b: Dragapult|Dragon\n|move|p1a: Sneasler|Fake Out|p2a: Weezing\n|-damage|p2a: Weezing|87\/100\n|move|p1b: Dragapult|Dragon Darts|p2b: Corviknight\n|-resisted|p2b: Corviknight\n|-damage|p2b: Corviknight|80\/100\n|-anim|p1b: Dragapult|Dragon Darts|p2b: Corviknight\n|-resisted|p2b: Corviknight\n|-damage|p2b: Corviknight|60\/100\n|cant|p2a: Weezing|flinch\n|\n|upkeep\n|turn|2\n|j| HereOnNeptune\n|\n|t:|1727811094\n|switch|p1b: Skeledirge|Skeledirge, L50, M, shiny|100\/100\n|move|p2b: Corviknight|Protect|p2b: Corviknight\n|-singleturn|p2b: Corviknight|Protect\n|move|p1a: Sneasler|Dire Claw|p2a: Weezing\n|-damage|p2a: Weezing|46\/100\n|move|p2a: Weezing|Dazzling Gleam|p1a: Sneasler|[spread] p1a,p1b\n|-resisted|p1b: Skeledirge\n|-damage|p1a: Sneasler|52\/100\n|-damage|p1b: Skeledirge|84\/100\n|\n|-heal|p1b: Skeledirge|89\/100|[from] item: Leftovers\n|upkeep\n|turn|3\n|inactive|very demure has 30 seconds left.\n|inactive|very demure has 20 seconds left.\n|\n|t:|1727811134\n|-end|p2a: Weezing|ability: Neutralizing Gas\n|switch|p2a: Garchomp|Garchomp, L50, F|100\/100\n|move|p1a: Sneasler|Dire Claw|p2a: Garchomp\n|-resisted|p2a: Garchomp\n|-damage|p2a: Garchomp|79\/100\n|-status|p2a: Garchomp|psn\n|-damage|p1a: Sneasler|40\/100|[from] ability: Rough Skin|[of] p2a: Garchomp\n|move|p2b: Corviknight|Brave Bird|p1a: Sneasler\n|-supereffective|p1a: Sneasler\n|-damage|p1a: Sneasler|0 fnt\n|faint|p1a: Sneasler\n|-damage|p2b: Corviknight|50\/100|[from] Recoil\n|-enditem|p2b: Corviknight|Sitrus Berry|[eat]\n|-heal|p2b: Corviknight|75\/100|[from] item: Sitrus Berry\n|move|p1b: Skeledirge|Torch Song|p2a: Garchomp\n|-resisted|p2a: Garchomp\n|-damage|p2a: Garchomp|56\/100 psn\n|-boost|p1b: Skeledirge|spa|1\n|\n|-heal|p1b: Skeledirge|95\/100|[from] item: Leftovers\n|-damage|p2a: Garchomp|43\/100 psn|[from] psn\n|upkeep\n|\n|t:|1727811137\n|switch|p1a: Dragapult|Dragapult, L50, F, shiny, tera:Dragon|100\/100\n|turn|4\n|inactive|fangame10 has 30 seconds left.\n|inactive|very demure has 30 seconds left.\n|inactive|very demure has 20 seconds left.\n|inactive|very demure has 15 seconds left.\n|inactive|very demure has 10 seconds left.\n|\n|t:|1727811183\n|-terastallize|p2a: Garchomp|Ground\n|move|p1a: Dragapult|Dragon Darts|p2a: Garchomp\n|-damage|p2a: Garchomp|0 fnt\n|-anim|p1a: Dragapult|Dragon Darts|p2b: Corviknight\n|-resisted|p2b: Corviknight\n|-damage|p2b: Corviknight|53\/100\n|faint|p2a: Garchomp\n|move|p2b: Corviknight|Brave Bird|p1a: Dragapult\n|-damage|p1a: Dragapult|42\/100\n|-damage|p2b: Corviknight|37\/100|[from] Recoil\n|move|p1b: Skeledirge|Torch Song|p2b: Corviknight\n|-supereffective|p2b: Corviknight\n|-damage|p2b: Corviknight|0 fnt\n|-boost|p1b: Skeledirge|spa|1\n|faint|p2b: Corviknight\n|\n|-heal|p1b: Skeledirge|100\/100|[from] item: Leftovers\n|upkeep\n|\n|t:|1727811188\n|switch|p2a: Weezing|Weezing-Galar, L50, F|46\/100\n|switch|p2b: Toedscruel|Toedscruel, L50, F|100\/100\n|-ability|p2a: Weezing|Neutralizing Gas\n|turn|5\n|\n|t:|1727811197\n|move|p1a: Dragapult|Dragon Darts|p2b: Toedscruel\n|-damage|p2b: Toedscruel|32\/100\n|-anim|p1a: Dragapult|Dragon Darts|p2b: Toedscruel\n|-damage|p2b: Toedscruel|0 fnt\n|faint|p2b: Toedscruel\n|move|p2a: Weezing|Dazzling Gleam|p1b: Skeledirge|[spread] p1a,p1b\n|-supereffective|p1a: Dragapult\n|-resisted|p1b: Skeledirge\n|-damage|p1a: Dragapult|0 fnt\n|-damage|p1b: Skeledirge|84\/100\n|faint|p1a: Dragapult\n|move|p1b: Skeledirge|Torch Song|p2a: Weezing\n|-damage|p2a: Weezing|0 fnt\n|-boost|p1b: Skeledirge|spa|1\n|faint|p2a: Weezing\n|-end|p2a: Weezing|ability: Neutralizing Gas\n|\n|win|fangame10\n|raw|fangame10's rating: 1748 &rarr; <strong>1768<\/strong><br \/>(+20 for winning)\n|raw|very demure's rating: 1754 &rarr; <strong>1734<\/strong><br \/>(-20 for losing)\n|l|\u2606very demure\n|player|p2|\n|l|\u2606fangame10\n|player|p1|\n","uploadtime":1727811454,"views":218,"formatid":"gen9vgc2024regh","rating":1734,"private":0,"password":null}