{"id":"gen9vgc2024regh-2213188736","format":"[Gen 9] VGC 2024 Reg H","players":["sixtales","chiitancrazymascot"],"log":"|j|\u2606sixtales\n|j|\u2606chiitancrazymascot\n|t:|1727739827\n|gametype|doubles\n|player|p1|sixtales|lyra|1765\n|player|p2|chiitancrazymascot|pokemaniac|1813\n|teamsize|p1|6\n|teamsize|p2|6\n|gen|9\n|tier|[Gen 9] VGC 2024 Reg H\n|rated|\n|rule|Species Clause: Limit one of each Pok\u00e9mon\n|rule|Item Clause: Limit 1 of each item\n|clearpoke\n|poke|p1|Gholdengo, L50|\n|poke|p1|Dragonite, L50, M|\n|poke|p1|Whimsicott, L50, M|\n|poke|p1|Volcarona, L50, F|\n|poke|p1|Kingambit, L50, F|\n|poke|p1|Annihilape, L50, M|\n|poke|p2|Annihilape, L50, M|\n|poke|p2|Dondozo, L50, M|\n|poke|p2|Maushold-Four, L50|\n|poke|p2|Gholdengo, L50|\n|poke|p2|Whimsicott, L50, F|\n|poke|p2|Tatsugiri, L50, F|\n|teampreview|4\n|inactive|Battle timer is ON: inactive players will automatically lose when time's up. (requested by chiitancrazymascot)\n|inactive|sixtales has 60 seconds left.\n|\n|t:|1727739865\n|start\n|switch|p1a: Gholdengo|Gholdengo, L50|100\/100\n|switch|p1b: Dragonite|Dragonite, L50, M|100\/100\n|switch|p2a: Maushold|Maushold-Four, L50|100\/100\n|switch|p2b: Annihilape|Annihilape, L50, M, shiny|100\/100\n|turn|1\n|\n|t:|1727739881\n|move|p1a: Gholdengo|Make It Rain|p2b: Annihilape|[spread] p2a,p2b\n|-damage|p2a: Maushold|37\/100\n|-damage|p2b: Annihilape|71\/100\n|-unboost|p1a: Gholdengo|spa|1\n|move|p2a: Maushold|Taunt|p1b: Dragonite\n|-start|p1b: Dragonite|move: Taunt\n|move|p1b: Dragonite|Scale Shot|p2b: Annihilape\n|-crit|p2b: Annihilape\n|-damage|p2b: Annihilape|55\/100\n|-damage|p2b: Annihilape|45\/100\n|-enditem|p2b: Annihilape|Sitrus Berry|[eat]\n|-heal|p2b: Annihilape|70\/100|[from] item: Sitrus Berry\n|-damage|p2b: Annihilape|60\/100\n|-damage|p2b: Annihilape|50\/100\n|-hitcount|p2b: Annihilape|4\n|-unboost|p1b: Dragonite|def|1\n|-boost|p1b: Dragonite|spe|1\n|move|p2b: Annihilape|Bulk Up|p2b: Annihilape\n|-boost|p2b: Annihilape|atk|1\n|-boost|p2b: Annihilape|def|1\n|\n|upkeep\n|turn|2\n|inactive|sixtales has 30 seconds left.\n|\n|t:|1727739907\n|-terastallize|p2b: Annihilape|Water\n|move|p2a: Maushold|Protect|p2a: Maushold\n|-singleturn|p2a: Maushold|Protect\n|move|p1a: Gholdengo|Make It Rain|p2b: Annihilape|[spread] p2b\n|-activate|p2a: Maushold|move: Protect\n|-resisted|p2b: Annihilape\n|-damage|p2b: Annihilape|40\/100\n|-unboost|p1a: Gholdengo|spa|1\n|move|p1b: Dragonite|Scale Shot|p2b: Annihilape\n|-damage|p2b: Annihilape|33\/100\n|-damage|p2b: Annihilape|26\/100\n|-damage|p2b: Annihilape|19\/100\n|-damage|p2b: Annihilape|13\/100\n|-damage|p2b: Annihilape|6\/100\n|-hitcount|p2b: Annihilape|5\n|-unboost|p1b: Dragonite|def|1\n|-boost|p1b: Dragonite|spe|1\n|move|p2b: Annihilape|Rage Fist|p1b: Dragonite\n|-damage|p1b: Dragonite|0 fnt\n|faint|p1b: Dragonite\n|\n|upkeep\n|inactive|sixtales has 30 seconds left.\n|\n|t:|1727739935\n|switch|p1b: Whimsicott|Whimsicott, L50, M|100\/100\n|turn|3\n|\n|t:|1727739940\n|move|p2b: Annihilape|Protect|p2b: Annihilape\n|-singleturn|p2b: Annihilape|Protect\n|move|p1a: Gholdengo|Make It Rain|p2b: Annihilape|[spread] p2a\n|-activate|p2b: Annihilape|move: Protect\n|-damage|p2a: Maushold|5\/100\n|-unboost|p1a: Gholdengo|spa|1\n|move|p1b: Whimsicott|Moonblast|p2a: Maushold\n|-damage|p2a: Maushold|0 fnt\n|faint|p2a: Maushold\n|\n|upkeep\n|\n|t:|1727739946\n|switch|p2a: Dondozo|Dondozo, L50, M, shiny|100\/100\n|turn|4\n|\n|t:|1727739963\n|switch|p1a: Annihilape|Annihilape, L50, M|100\/100\n|switch|p2b: Tatsugiri|Tatsugiri, L50, F, shiny|100\/100\n|-activate|p2b: Tatsugiri|ability: Commander|[of] p2a: Dondozo\n|-boost|p2a: Dondozo|atk|2\n|-boost|p2a: Dondozo|spa|2\n|-boost|p2a: Dondozo|spe|2\n|-boost|p2a: Dondozo|def|2\n|-boost|p2a: Dondozo|spd|2\n|move|p1b: Whimsicott|Beat Up|p1a: Annihilape\n|-damage|p1a: Annihilape|98\/100\n|-damage|p1a: Annihilape|96\/100\n|-damage|p1a: Annihilape|94\/100\n|-hitcount|p1a: Annihilape|3\n|move|p2a: Dondozo|Wave Crash|p1a: Annihilape\n|-damage|p1a: Annihilape|0 fnt\n|faint|p1a: Annihilape\n|-damage|p2a: Dondozo|72\/100|[from] Recoil\n|\n|-heal|p2a: Dondozo|78\/100|[from] item: Leftovers\n|upkeep\n|\n|t:|1727739986\n|switch|p1a: Gholdengo|Gholdengo, L50|100\/100\n|turn|5\n|\n|t:|1727739995\n|move|p1a: Gholdengo|Thunderbolt|p2a: Dondozo\n|-supereffective|p2a: Dondozo\n|-damage|p2a: Dondozo|39\/100\n|-status|p2a: Dondozo|par\n|move|p1b: Whimsicott|Moonblast|p2a: Dondozo\n|-damage|p2a: Dondozo|22\/100 par\n|move|p2a: Dondozo|Wave Crash|p1a: Gholdengo\n|-damage|p1a: Gholdengo|0 fnt\n|faint|p1a: Gholdengo\n|-damage|p2a: Dondozo|0 fnt|[from] Recoil\n|faint|p2a: Dondozo\n|\n|upkeep\n|\n|t:|1727739998\n|switch|p2a: Annihilape|Annihilape, L50, M, shiny, tera:Water|6\/100\n|turn|6\n|\n|t:|1727740022\n|move|p2b: Tatsugiri|Icy Wind|p1b: Whimsicott\n|-supereffective|p1b: Whimsicott\n|-damage|p1b: Whimsicott|42\/100\n|-unboost|p1b: Whimsicott|spe|1\n|move|p1b: Whimsicott|Moonblast|p2a: Annihilape\n|-damage|p2a: Annihilape|0 fnt\n|faint|p2a: Annihilape\n|\n|upkeep\n|turn|7\n|\n|t:|1727740033\n|-terastallize|p1b: Whimsicott|Ghost\n|move|p2b: Tatsugiri|Icy Wind|p1b: Whimsicott\n|-damage|p1b: Whimsicott|13\/100\n|-unboost|p1b: Whimsicott|spe|1\n|move|p1b: Whimsicott|Moonblast|p2b: Tatsugiri\n|-supereffective|p2b: Tatsugiri\n|-damage|p2b: Tatsugiri|16\/100\n|\n|upkeep\n|turn|8\n|\n|t:|1727740051\n|move|p2b: Tatsugiri|Icy Wind|p1b: Whimsicott\n|-damage|p1b: Whimsicott|0 fnt\n|faint|p1b: Whimsicott\n|\n|win|chiitancrazymascot\n|raw|sixtales's rating: 1765 &rarr; <strong>1748<\/strong><br \/>(-17 for losing)\n|raw|chiitancrazymascot's rating: 1813 &rarr; <strong>1830<\/strong><br \/>(+17 for winning)\n","uploadtime":1727740053,"views":93,"formatid":"gen9vgc2024regh","rating":1748,"private":0,"password":null}