{"id":"gen9vgc2024regh-2213161753","format":"[Gen 9] VGC 2024 Reg H","players":["anton19","Yung Trav"],"log":"|j|\u2606anton19\n|j|\u2606Yung Trav\n|t:|1727736610\n|gametype|doubles\n|player|p1|anton19|101|1670\n|player|p2|Yung Trav|265|1710\n|teamsize|p1|6\n|teamsize|p2|6\n|gen|9\n|tier|[Gen 9] VGC 2024 Reg H\n|rated|\n|rule|Species Clause: Limit one of each Pok\u00e9mon\n|rule|Item Clause: Limit 1 of each item\n|clearpoke\n|poke|p1|Rillaboom, L50, M|\n|poke|p1|Sneasler, L50, M|\n|poke|p1|Dragapult, L50, M|\n|poke|p1|Primarina, L50, M|\n|poke|p1|Electabuzz, L50, M|\n|poke|p1|Talonflame, L50, M|\n|poke|p2|Gholdengo, L50|\n|poke|p2|Hatterene, L50, F|\n|poke|p2|Typhlosion-Hisui, L50, M|\n|poke|p2|Murkrow, L50, M|\n|poke|p2|Indeedee-F, L50, F|\n|poke|p2|Ursaluna, L50, M|\n|teampreview|4\n|inactive|Battle timer is ON: inactive players will automatically lose when time's up. (requested by anton19)\n|\n|t:|1727736637\n|start\n|switch|p1a: Electabuzz|Electabuzz, L50, M|100\/100\n|switch|p1b: Dragapult|Dragapult, L50, M|100\/100\n|switch|p2a: Hatterene|Hatterene, L50, F, shiny|100\/100\n|switch|p2b: Indeedee|Indeedee-F, L50, F, shiny|100\/100\n|-fieldstart|move: Psychic Terrain|[from] ability: Psychic Surge|[of] p2b: Indeedee\n|turn|1\n|\n|t:|1727736662\n|switch|p1a: Rillaboom|Rillaboom, L50, M|100\/100\n|-fieldstart|move: Grassy Terrain|[from] ability: Grassy Surge|[of] p1a: Rillaboom\n|move|p2b: Indeedee|Follow Me|p2b: Indeedee\n|-singleturn|p2b: Indeedee|move: Follow Me\n|move|p1b: Dragapult|U-turn|p2b: Indeedee\n|-supereffective|p2b: Indeedee\n|-damage|p2b: Indeedee|33\/100\n|\n|t:|1727736679\n|switch|p1b: Sneasler|Sneasler, L50, M|100\/100|[from] U-turn\n|-enditem|p1b: Sneasler|Grassy Seed\n|-boost|p1b: Sneasler|def|1|[from] item: Grassy Seed\n|move|p2a: Hatterene|Trick Room|p2a: Hatterene\n|-fieldstart|move: Trick Room|[of] p2a: Hatterene\n|\n|-heal|p2b: Indeedee|39\/100|[from] Grassy Terrain\n|upkeep\n|turn|2\n|\n|t:|1727736694\n|switch|p2b: Ursaluna|Ursaluna, L50, M, shiny|100\/100\n|move|p2a: Hatterene|Protect|p2a: Hatterene\n|-singleturn|p2a: Hatterene|Protect\n|move|p1a: Rillaboom|Fake Out|p2a: Hatterene\n|-activate|p2a: Hatterene|move: Protect\n|move|p1b: Sneasler|Close Combat|p2b: Ursaluna\n|-supereffective|p2b: Ursaluna\n|-damage|p2b: Ursaluna|0 fnt\n|-unboost|p1b: Sneasler|def|1\n|-unboost|p1b: Sneasler|spd|1\n|faint|p2b: Ursaluna\n|\n|upkeep\n|\n|t:|1727736708\n|switch|p2b: Indeedee|Indeedee-F, L50, F, shiny|39\/100\n|-fieldstart|move: Psychic Terrain|[from] ability: Psychic Surge|[of] p2b: Indeedee\n|turn|3\n|\n|t:|1727736728\n|switch|p1a: Electabuzz|Electabuzz, L50, M|100\/100\n|move|p2b: Indeedee|Helping Hand|p2a: Hatterene\n|-singleturn|p2a: Hatterene|Helping Hand|[of] p2b: Indeedee\n|move|p1b: Sneasler|Protect|p1b: Sneasler\n|-singleturn|p1b: Sneasler|Protect\n|move|p2a: Hatterene|Expanding Force|p1a: Electabuzz|[spread] p1a\n|-activate|p1b: Sneasler|move: Protect\n|-damage|p1a: Electabuzz|0 fnt\n|faint|p1a: Electabuzz\n|-damage|p2a: Hatterene|91\/100|[from] item: Life Orb\n|\n|upkeep\n|\n|t:|1727736738\n|switch|p1a: Rillaboom|Rillaboom, L50, M|100\/100\n|-fieldstart|move: Grassy Terrain|[from] ability: Grassy Surge|[of] p1a: Rillaboom\n|turn|4\n|inactive|Yung Trav has 30 seconds left.\n|\n|t:|1727736770\n|switch|p2b: Gholdengo|Gholdengo, L50, shiny|100\/100\n|-terastallize|p1b: Sneasler|Dark\n|move|p2a: Hatterene|Protect|p2a: Hatterene\n|-singleturn|p2a: Hatterene|Protect\n|move|p1a: Rillaboom|Grassy Glide|p2b: Gholdengo\n|-resisted|p2b: Gholdengo\n|-damage|p2b: Gholdengo|79\/100\n|move|p1b: Sneasler|Dire Claw|p2a: Hatterene\n|-activate|p2a: Hatterene|move: Protect\n|\n|-heal|p2a: Hatterene|97\/100|[from] Grassy Terrain\n|-heal|p2b: Gholdengo|85\/100|[from] Grassy Terrain\n|upkeep\n|turn|5\n|inactive|Yung Trav has 30 seconds left.\n|\n|t:|1727736797\n|-terastallize|p2b: Gholdengo|Steel\n|move|p1b: Sneasler|Protect|p1b: Sneasler\n|-singleturn|p1b: Sneasler|Protect\n|move|p2a: Hatterene|Dazzling Gleam|p1b: Sneasler|[spread] p1a\n|-activate|p1b: Sneasler|move: Protect\n|-damage|p1a: Rillaboom|67\/100\n|-damage|p2a: Hatterene|87\/100|[from] item: Life Orb\n|move|p1a: Rillaboom|Wood Hammer|p2a: Hatterene\n|-damage|p2a: Hatterene|0 fnt\n|faint|p2a: Hatterene\n|-damage|p1a: Rillaboom|44\/100|[from] Recoil\n|move|p2b: Gholdengo|Make It Rain|p1b: Sneasler|[spread] p1a\n|-activate|p1b: Sneasler|move: Protect\n|-damage|p1a: Rillaboom|0 fnt\n|-unboost|p2b: Gholdengo|spa|1\n|faint|p1a: Rillaboom\n|\n|-heal|p2b: Gholdengo|91\/100|[from] Grassy Terrain\n|-fieldend|move: Trick Room\n|upkeep\n|\n|t:|1727736821\n|switch|p1a: Dragapult|Dragapult, L50, M|100\/100\n|switch|p2a: Indeedee|Indeedee-F, L50, F, shiny|39\/100\n|-fieldstart|move: Psychic Terrain|[from] ability: Psychic Surge|[of] p2a: Indeedee\n|turn|6\n|\n|t:|1727736838\n|move|p2a: Indeedee|Follow Me|p2a: Indeedee\n|-singleturn|p2a: Indeedee|move: Follow Me\n|move|p1b: Sneasler|Throat Chop|p2a: Indeedee\n|-supereffective|p2a: Indeedee\n|-damage|p2a: Indeedee|0 fnt\n|faint|p2a: Indeedee\n|move|p1a: Dragapult|Outrage|p2b: Gholdengo\n|-resisted|p2b: Gholdengo\n|-damage|p2b: Gholdengo|43\/100\n|move|p2b: Gholdengo|Make It Rain|p1a: Dragapult|[spread] p1a,p1b\n|-damage|p1a: Dragapult|4\/100\n|-damage|p1b: Sneasler|0 fnt\n|-unboost|p2b: Gholdengo|spa|1\n|faint|p1b: Sneasler\n|\n|upkeep\n|turn|7\n|\n|t:|1727736855\n|move|p1a: Dragapult|Outrage|p2b: Gholdengo|[from]lockedmove\n|-resisted|p2b: Gholdengo\n|-damage|p2b: Gholdengo|0 fnt\n|faint|p2b: Gholdengo\n|\n|win|anton19\n|raw|anton19's rating: 1670 &rarr; <strong>1692<\/strong><br \/>(+22 for winning)\n|raw|Yung Trav's rating: 1710 &rarr; <strong>1688<\/strong><br \/>(-22 for losing)\n|l|\u2606Yung Trav\n|player|p2|\n|l|\u2606anton19\n|player|p1|\n","uploadtime":1727737107,"views":21,"formatid":"gen9vgc2024regh","rating":1688,"private":0,"password":null}