{"id":"gen9vgc2024regh-2213908255","format":"[Gen 9] VGC 2024 Reg H","players":["gutsgantz","ABCD baby"],"log":"|j|\u2606gutsgantz\n|j|\u2606ABCD baby\n|t:|1727823535\n|gametype|doubles\n|player|p1|gutsgantz|acetrainer-gen4|1712\n|player|p2|ABCD baby|lady-gen4|1710\n|teamsize|p1|6\n|teamsize|p2|6\n|gen|9\n|tier|[Gen 9] VGC 2024 Reg H\n|rated|\n|rule|Species Clause: Limit one of each Pok\u00e9mon\n|rule|Item Clause: Limit 1 of each item\n|clearpoke\n|poke|p1|Archaludon, L50, M|\n|poke|p1|Pelipper, L50, M|\n|poke|p1|Typhlosion-Hisui, L50, M|\n|poke|p1|Rillaboom, L50, M|\n|poke|p1|Shiftry, L50, F|\n|poke|p1|Whimsicott, L50, M|\n|poke|p2|Dragapult, L50, F|\n|poke|p2|Sneasler, L50, M|\n|poke|p2|Electabuzz, L50, M|\n|poke|p2|Rillaboom, L50, M|\n|poke|p2|Primarina, L50, F|\n|poke|p2|Kingambit, L50, M|\n|teampreview|4\n|\n|t:|1727823565\n|start\n|switch|p1a: Whimsicott|Whimsicott, L50, M|100\/100\n|switch|p1b: Typhlosion|Typhlosion-Hisui, L50, M|100\/100\n|switch|p2a: Dragapult|Dragapult, L50, F|100\/100\n|switch|p2b: Electabuzz|Electabuzz, L50, M|100\/100\n|-item|p2a: Dragapult|Choice Band|[from] ability: Frisk|[of] p1b: Typhlosion\n|-item|p2b: Electabuzz|Eviolite|[from] ability: Frisk|[of] p1b: Typhlosion\n|turn|1\n|\n|t:|1727823580\n|-terastallize|p1b: Typhlosion|Fire\n|move|p2b: Electabuzz|Protect|p2b: Electabuzz\n|-singleturn|p2b: Electabuzz|Protect\n|move|p1a: Whimsicott|Tailwind|p1a: Whimsicott\n|-sidestart|p1: gutsgantz|move: Tailwind\n|move|p1b: Typhlosion|Eruption|p2a: Dragapult|[spread] p2a\n|-activate|p2b: Electabuzz|move: Protect\n|-resisted|p2a: Dragapult\n|-damage|p2a: Dragapult|15\/100\n|move|p2a: Dragapult|Dragon Darts|p1b: Typhlosion\n|-damage|p1b: Typhlosion|45\/100\n|-anim|p2a: Dragapult|Dragon Darts|p1b: Typhlosion\n|-damage|p1b: Typhlosion|0 fnt\n|faint|p1b: Typhlosion\n|\n|upkeep\n|\n|t:|1727823586\n|switch|p1b: Shiftry|Shiftry, L50, F|100\/100\n|-ability|p1b: Shiftry|Wind Rider|boost\n|-boost|p1b: Shiftry|atk|1\n|turn|2\n|\n|t:|1727823605\n|switch|p2a: Rillaboom|Rillaboom, L50, M|100\/100\n|-fieldstart|move: Grassy Terrain|[from] ability: Grassy Surge|[of] p2a: Rillaboom\n|move|p1a: Whimsicott|Encore|p2b: Electabuzz\n|-start|p2b: Electabuzz|Encore\n|move|p1b: Shiftry|Knock Off|p2a: Rillaboom\n|-damage|p2a: Rillaboom|23\/100\n|-enditem|p2a: Rillaboom|Assault Vest|[from] move: Knock Off|[of] p1b: Shiftry\n|-damage|p1b: Shiftry|91\/100|[from] item: Life Orb\n|move|p2b: Electabuzz|Protect||[still]\n|-fail|p2b: Electabuzz\n|\n|-heal|p1b: Shiftry|97\/100|[from] Grassy Terrain\n|-heal|p2a: Rillaboom|29\/100|[from] Grassy Terrain\n|upkeep\n|turn|3\n|\n|t:|1727823621\n|switch|p2b: Sneasler|Sneasler, L50, M|100\/100\n|move|p2a: Rillaboom|Fake Out|p1b: Shiftry\n|-damage|p1b: Shiftry|76\/100\n|move|p1a: Whimsicott|Moonblast|p2a: Rillaboom\n|-damage|p2a: Rillaboom|0 fnt\n|faint|p2a: Rillaboom\n|cant|p1b: Shiftry|flinch\n|\n|-heal|p1b: Shiftry|82\/100|[from] Grassy Terrain\n|upkeep\n|\n|t:|1727823627\n|switch|p2a: Electabuzz|Electabuzz, L50, M|100\/100\n|turn|4\n|j| RNG Mad\n|\n|t:|1727823654\n|move|p2a: Electabuzz|Follow Me|p2a: Electabuzz\n|-singleturn|p2a: Electabuzz|move: Follow Me\n|move|p1a: Whimsicott|Moonblast|p2a: Electabuzz\n|-damage|p2a: Electabuzz|83\/100\n|move|p1b: Shiftry|Explosion|p2a: Electabuzz|[spread] p1a,p2a,p2b\n|-damage|p1a: Whimsicott|0 fnt\n|-damage|p2a: Electabuzz|0 fnt\n|-enditem|p2b: Sneasler|Focus Sash\n|-damage|p2b: Sneasler|1\/100\n|faint|p1b: Shiftry\n|faint|p1a: Whimsicott\n|faint|p2a: Electabuzz\n|move|p2b: Sneasler|Dire Claw|p1: Whimsicott|[notarget]\n|-fail|p2b: Sneasler\n|\n|-heal|p2b: Sneasler|7\/100|[from] Grassy Terrain\n|-sideend|p1: gutsgantz|move: Tailwind\n|upkeep\n|\n|t:|1727823664\n|switch|p1b: Archaludon|Archaludon, L50, M|100\/100\n|switch|p2a: Dragapult|Dragapult, L50, F|15\/100\n|turn|5\n|\n|t:|1727823671\n|-terastallize|p2a: Dragapult|Dragon\n|move|p2b: Sneasler|Protect|p2b: Sneasler\n|-singleturn|p2b: Sneasler|Protect\n|move|p2a: Dragapult|Outrage|p1b: Archaludon\n|-damage|p1b: Archaludon|1\/100\n|-ability|p1b: Archaludon|Stamina|boost\n|-boost|p1b: Archaludon|def|1\n|move|p1b: Archaludon|Snarl|p2b: Sneasler|[spread] \n|-activate|p2b: Sneasler|move: Protect\n|-miss|p1b: Archaludon|p2a: Dragapult\n|\n|-heal|p2a: Dragapult|21\/100|[from] Grassy Terrain\n|-heal|p2b: Sneasler|13\/100|[from] Grassy Terrain\n|-heal|p1b: Archaludon|7\/100|[from] Grassy Terrain\n|upkeep\n|turn|6\n|\n|t:|1727823683\n|move|p2a: Dragapult|Outrage|p1b: Archaludon|[from]lockedmove\n|-damage|p1b: Archaludon|0 fnt\n|faint|p1b: Archaludon\n|\n|win|ABCD baby\n|raw|gutsgantz's rating: 1712 &rarr; <strong>1691<\/strong><br \/>(-21 for losing)\n|raw|ABCD baby's rating: 1689 &rarr; <strong>1710<\/strong><br \/>(+21 for winning)\n|l|\u2606ABCD baby\n|player|p2|\n|l|\u2606gutsgantz\n|player|p1|\n","uploadtime":1727823890,"views":31,"formatid":"gen9vgc2024regh","rating":1691,"private":0,"password":null}