{"id":"gen9vgc2024regh-2213688217","format":"[Gen 9] VGC 2024 Reg H","players":["YSE-Mill","koolkidz4life"],"log":"|j|\u2606YSE-Mill\n|j|\u2606koolkidz4life\n|t:|1727802508\n|gametype|doubles\n|player|p1|YSE-Mill|n|1689\n|player|p2|koolkidz4life|102|1662\n|teamsize|p1|6\n|teamsize|p2|6\n|gen|9\n|tier|[Gen 9] VGC 2024 Reg H\n|rated|\n|rule|Species Clause: Limit one of each Pok\u00e9mon\n|rule|Item Clause: Limit 1 of each item\n|clearpoke\n|poke|p1|Archaludon, L50, M|\n|poke|p1|Pelipper, L50, F|\n|poke|p1|Incineroar, L50, M|\n|poke|p1|Amoonguss, L50, F|\n|poke|p1|Dragonite, L50, M|\n|poke|p1|Porygon2, L50|\n|poke|p2|Gholdengo, L50|\n|poke|p2|Whimsicott, L50, M|\n|poke|p2|Incineroar, L50, M|\n|poke|p2|Dragonite, L50, M|\n|poke|p2|Annihilape, L50, F|\n|poke|p2|Gyarados, L50, M|\n|teampreview|4\n|\n|t:|1727802543\n|start\n|switch|p1a: Dragonite|Dragonite, L50, M, shiny|100\/100\n|switch|p1b: Amoonguss|Amoonguss, L50, F|100\/100\n|switch|p2a: Annihilape|Annihilape, L50, F|100\/100\n|switch|p2b: Gholdengo|Gholdengo, L50|100\/100\n|turn|1\n|inactive|Battle timer is ON: inactive players will automatically lose when time's up. (requested by koolkidz4life)\n|\n|t:|1727802566\n|-terastallize|p1a: Dragonite|Flying\n|move|p2b: Gholdengo|Nasty Plot|p2b: Gholdengo\n|-boost|p2b: Gholdengo|spa|2\n|move|p2a: Annihilape|Final Gambit|p1a: Dragonite\n|-damage|p1a: Dragonite|0 fnt\n|faint|p2a: Annihilape\n|faint|p1a: Dragonite\n|move|p1b: Amoonguss|Pollen Puff|p1: Dragonite|[notarget]\n|-fail|p1b: Amoonguss\n|\n|upkeep\n|\n|t:|1727802582\n|switch|p2a: Gyarados|Gyarados, L50, M|100\/100\n|switch|p1a: Archaludon|Archaludon, L50, M, shiny|100\/100\n|turn|2\n|\n|t:|1727802589\n|switch|p1b: Pelipper|Pelipper, L50, F, shiny|100\/100\n|-weather|RainDance|[from] ability: Drizzle|[of] p1b: Pelipper\n|-terastallize|p2a: Gyarados|Ground\n|move|p2b: Gholdengo|Shadow Ball|p1a: Archaludon\n|-damage|p1a: Archaludon|43\/100\n|-ability|p1a: Archaludon|Stamina|boost\n|-boost|p1a: Archaludon|def|1\n|move|p2a: Gyarados|Taunt|p1b: Pelipper\n|-start|p1b: Pelipper|move: Taunt\n|move|p1a: Archaludon|Electro Shot||[still]\n|-prepare|p1a: Archaludon|Electro Shot\n|-boost|p1a: Archaludon|spa|1\n|-anim|p1a: Archaludon|Electro Shot|p2a: Gyarados\n|-immune|p2a: Gyarados\n|\n|-weather|RainDance|[upkeep]\n|upkeep\n|turn|3\n|\n|t:|1727802601\n|move|p2b: Gholdengo|Shadow Ball|p1b: Pelipper\n|-enditem|p1b: Pelipper|Focus Sash\n|-damage|p1b: Pelipper|1\/100\n|move|p1b: Pelipper|Weather Ball|p2b: Gholdengo\n|-damage|p2b: Gholdengo|26\/100\n|move|p1a: Archaludon|Electro Shot||[still]\n|-prepare|p1a: Archaludon|Electro Shot\n|-boost|p1a: Archaludon|spa|1\n|-anim|p1a: Archaludon|Electro Shot|p2b: Gholdengo\n|-damage|p2b: Gholdengo|0 fnt\n|faint|p2b: Gholdengo\n|move|p2a: Gyarados|Waterfall|p1b: Pelipper\n|-resisted|p1b: Pelipper\n|-damage|p1b: Pelipper|0 fnt\n|faint|p1b: Pelipper\n|-ability|p2a: Gyarados|Moxie|boost\n|-boost|p2a: Gyarados|atk|1\n|\n|-weather|RainDance|[upkeep]\n|upkeep\n|\n|t:|1727802605\n|switch|p2b: Dragonite|Dragonite, L50, M|100\/100\n|switch|p1b: Amoonguss|Amoonguss, L50, F|100\/100\n|turn|4\n|\n|t:|1727802617\n|move|p1b: Amoonguss|Rage Powder|p1b: Amoonguss\n|-singleturn|p1b: Amoonguss|move: Rage Powder\n|move|p2b: Dragonite|Brick Break|p1b: Amoonguss\n|-resisted|p1b: Amoonguss\n|-damage|p1b: Amoonguss|86\/100\n|-damage|p2b: Dragonite|91\/100|[from] item: Life Orb\n|move|p1a: Archaludon|Electro Shot||[still]\n|-prepare|p1a: Archaludon|Electro Shot\n|-boost|p1a: Archaludon|spa|1\n|-anim|p1a: Archaludon|Electro Shot|p2b: Dragonite\n|-damage|p2b: Dragonite|0 fnt\n|faint|p2b: Dragonite\n|move|p2a: Gyarados|Taunt|p1b: Amoonguss\n|-start|p1b: Amoonguss|move: Taunt\n|\n|-weather|RainDance|[upkeep]\n|upkeep\n|turn|5\n|\n|t:|1727802636\n|move|p2a: Gyarados|Tera Blast|p1a: Archaludon|[anim] Tera Blast Ground\n|-supereffective|p1a: Archaludon\n|-damage|p1a: Archaludon|0 fnt\n|faint|p1a: Archaludon\n|-ability|p2a: Gyarados|Moxie|boost\n|-boost|p2a: Gyarados|atk|1\n|move|p1b: Amoonguss|Pollen Puff|p1: Archaludon|[notarget]\n|-fail|p1b: Amoonguss\n|\n|-weather|RainDance|[upkeep]\n|upkeep\n|turn|6\n|j| BreadTest\n|\n|t:|1727802645\n|move|p2a: Gyarados|Waterfall|p1b: Amoonguss\n|-resisted|p1b: Amoonguss\n|-damage|p1b: Amoonguss|39\/100\n|-enditem|p1b: Amoonguss|Sitrus Berry|[eat]\n|-heal|p1b: Amoonguss|64\/100|[from] item: Sitrus Berry\n|move|p1b: Amoonguss|Clear Smog|p2a: Gyarados\n|-resisted|p2a: Gyarados\n|-damage|p2a: Gyarados|94\/100\n|-clearboost|p2a: Gyarados\n|\n|-weather|none\n|upkeep\n|turn|7\n|\n|t:|1727802654\n|move|p2a: Gyarados|Thunder Wave|p1b: Amoonguss\n|-status|p1b: Amoonguss|par\n|cant|p1b: Amoonguss|par\n|\n|-end|p1b: Amoonguss|move: Taunt\n|upkeep\n|turn|8\n|\n|t:|1727802661\n|move|p2a: Gyarados|Tera Blast|p1b: Amoonguss|[anim] Tera Blast Ground\n|-damage|p1b: Amoonguss|37\/100 par\n|cant|p1b: Amoonguss|par\n|\n|upkeep\n|turn|9\n|\n|t:|1727802666\n|move|p2a: Gyarados|Taunt|p1b: Amoonguss\n|-start|p1b: Amoonguss|move: Taunt\n|cant|p1b: Amoonguss|move: Taunt|Spore\n|\n|upkeep\n|turn|10\n|\n|t:|1727802669\n|move|p2a: Gyarados|Tera Blast|p1b: Amoonguss|[anim] Tera Blast Ground\n|-damage|p1b: Amoonguss|5\/100 par\n|move|p1b: Amoonguss|Pollen Puff|p2a: Gyarados\n|-damage|p2a: Gyarados|80\/100\n|\n|upkeep\n|turn|11\n|-message|YSE-Mill forfeited.\n|\n|win|koolkidz4life\n|raw|YSE-Mill's rating: 1689 &rarr; <strong>1667<\/strong><br \/>(-22 for losing)\n|raw|koolkidz4life's rating: 1662 &rarr; <strong>1684<\/strong><br \/>(+22 for winning)\n|l|\u2606YSE-Mill\n|player|p1|\n|l|\u2606koolkidz4life\n|player|p2|\n|l| BreadTest\n","uploadtime":1727802851,"views":16,"formatid":"gen9vgc2024regh","rating":1667,"private":0,"password":null}