{"id":"gen9vgc2024regh-2213713017","format":"[Gen 9] VGC 2024 Reg H","players":["YSE-Mill","chin8"],"log":"|j|\u2606YSE-Mill\n|j|\u2606chin8\n|t:|1727804618\n|gametype|doubles\n|player|p1|YSE-Mill|n|1723\n|player|p2|chin8|gentleman-gen4dp|1789\n|teamsize|p1|6\n|teamsize|p2|6\n|gen|9\n|tier|[Gen 9] VGC 2024 Reg H\n|rated|\n|rule|Species Clause: Limit one of each Pok\u00e9mon\n|rule|Item Clause: Limit 1 of each item\n|clearpoke\n|poke|p1|Archaludon, L50, M|\n|poke|p1|Pelipper, L50, F|\n|poke|p1|Incineroar, L50, M|\n|poke|p1|Amoonguss, L50, F|\n|poke|p1|Dragonite, L50, M|\n|poke|p1|Porygon2, L50|\n|poke|p2|Baxcalibur, L50, M|\n|poke|p2|Kilowattrel, L50, F|\n|poke|p2|Heracross, L50, F|\n|poke|p2|Gardevoir, L50, F|\n|poke|p2|Magmortar, L50, F|\n|poke|p2|Gholdengo, L50|\n|teampreview|4\n|inactive|Battle timer is ON: inactive players will automatically lose when time's up. (requested by chin8)\n|\n|t:|1727804639\n|start\n|switch|p1a: Dragonite|Dragonite, L50, M, shiny|100\/100\n|switch|p1b: Amoonguss|Amoonguss, L50, F|100\/100\n|switch|p2a: Kilowattrel|Kilowattrel, L50, F|100\/100\n|switch|p2b: Heracross|Heracross, L50, F|100\/100\n|turn|1\n|\n|t:|1727804647\n|-terastallize|p1a: Dragonite|Flying\n|move|p1b: Amoonguss|Rage Powder|p1b: Amoonguss\n|-singleturn|p1b: Amoonguss|move: Rage Powder\n|move|p2a: Kilowattrel|Air Slash|p1b: Amoonguss\n|-supereffective|p1b: Amoonguss\n|-damage|p1b: Amoonguss|38\/100\n|-enditem|p1b: Amoonguss|Sitrus Berry|[eat]\n|-heal|p1b: Amoonguss|63\/100|[from] item: Sitrus Berry\n|move|p2b: Heracross|Rock Slide|p1b: Amoonguss|[spread] p1a,p1b\n|-supereffective|p1a: Dragonite\n|-damage|p1a: Dragonite|82\/100\n|-damage|p1b: Amoonguss|46\/100\n|move|p1a: Dragonite|Tera Blast|p2b: Heracross|[anim] Tera Blast Flying\n|-supereffective|p2b: Heracross\n|-damage|p2b: Heracross|0 fnt\n|faint|p2b: Heracross\n|\n|upkeep\n|\n|t:|1727804659\n|switch|p2b: Gholdengo|Gholdengo, L50|100\/100\n|turn|2\n|\n|t:|1727804666\n|switch|p1a: Archaludon|Archaludon, L50, M, shiny|100\/100\n|move|p2a: Kilowattrel|Protect|p2a: Kilowattrel\n|-singleturn|p2a: Kilowattrel|Protect\n|move|p2b: Gholdengo|Nasty Plot|p2b: Gholdengo\n|-boost|p2b: Gholdengo|spa|2\n|move|p1b: Amoonguss|Spore|p2a: Kilowattrel\n|-activate|p2a: Kilowattrel|move: Protect\n|\n|upkeep\n|turn|3\n|\n|t:|1727804677\n|switch|p1b: Pelipper|Pelipper, L50, F, shiny|100\/100\n|-weather|RainDance|[from] ability: Drizzle|[of] p1b: Pelipper\n|move|p2a: Kilowattrel|Tailwind|p2a: Kilowattrel\n|-sidestart|p2: chin8|move: Tailwind\n|move|p2b: Gholdengo|Make It Rain|p1a: Archaludon|[spread] p1a,p1b\n|-resisted|p1a: Archaludon\n|-resisted|p1b: Pelipper\n|-damage|p1a: Archaludon|70\/100\n|-damage|p1b: Pelipper|8\/100\n|-unboost|p2b: Gholdengo|spa|1\n|-ability|p1a: Archaludon|Stamina|boost\n|-boost|p1a: Archaludon|def|1\n|move|p1a: Archaludon|Electro Shot||[still]\n|-prepare|p1a: Archaludon|Electro Shot\n|-boost|p1a: Archaludon|spa|1\n|-anim|p1a: Archaludon|Electro Shot|p2b: Gholdengo\n|-damage|p2b: Gholdengo|47\/100\n|\n|-weather|RainDance|[upkeep]\n|-heal|p2b: Gholdengo|53\/100|[from] item: Leftovers\n|upkeep\n|turn|4\n|inactive|chin8 has 30 seconds left.\n|\n|t:|1727804704\n|move|p1b: Pelipper|Protect|p1b: Pelipper\n|-singleturn|p1b: Pelipper|Protect\n|move|p2a: Kilowattrel|Air Slash|p1a: Archaludon\n|-resisted|p1a: Archaludon\n|-damage|p1a: Archaludon|59\/100\n|-ability|p1a: Archaludon|Stamina|boost\n|-boost|p1a: Archaludon|def|1\n|move|p2b: Gholdengo|Shadow Ball|p1a: Archaludon\n|-damage|p1a: Archaludon|17\/100\n|-ability|p1a: Archaludon|Stamina|boost\n|-boost|p1a: Archaludon|def|1\n|cant|p1a: Archaludon|flinch\n|\n|-weather|RainDance|[upkeep]\n|-heal|p2b: Gholdengo|59\/100|[from] item: Leftovers\n|upkeep\n|turn|5\n|\n|t:|1727804718\n|move|p2a: Kilowattrel|Thunderbolt|p1b: Pelipper\n|-supereffective|p1b: Pelipper\n|-damage|p1b: Pelipper|0 fnt\n|faint|p1b: Pelipper\n|move|p2b: Gholdengo|Shadow Ball|p1a: Archaludon\n|-damage|p1a: Archaludon|0 fnt\n|faint|p1a: Archaludon\n|\n|-weather|RainDance|[upkeep]\n|-heal|p2b: Gholdengo|65\/100|[from] item: Leftovers\n|upkeep\n|\n|t:|1727804720\n|switch|p1b: Dragonite|Dragonite, L50, M, shiny, tera:Flying|82\/100\n|switch|p1a: Amoonguss|Amoonguss, L50, F|79\/100\n|turn|6\n|\n|t:|1727804729\n|move|p2a: Kilowattrel|Air Slash|p1a: Amoonguss\n|-supereffective|p1a: Amoonguss\n|-damage|p1a: Amoonguss|22\/100\n|move|p2b: Gholdengo|Make It Rain|p1b: Dragonite|[spread] p1a,p1b\n|-damage|p1a: Amoonguss|0 fnt\n|-damage|p1b: Dragonite|22\/100\n|-unboost|p2b: Gholdengo|spa|1\n|faint|p1a: Amoonguss\n|move|p1b: Dragonite|Tera Blast|p2b: Gholdengo|[anim] Tera Blast Flying\n|-resisted|p2b: Gholdengo\n|-damage|p2b: Gholdengo|22\/100\n|\n|-weather|RainDance|[upkeep]\n|-heal|p2b: Gholdengo|28\/100|[from] item: Leftovers\n|-sideend|p2: chin8|move: Tailwind\n|upkeep\n|turn|7\n|-message|YSE-Mill forfeited.\n|\n|win|chin8\n|raw|YSE-Mill's rating: 1723 &rarr; <strong>1707<\/strong><br \/>(-16 for losing)\n|raw|chin8's rating: 1789 &rarr; <strong>1805<\/strong><br \/>(+16 for winning)\n|l|\u2606YSE-Mill\n|player|p1|\n|j| Furret the one\n|l|\u2606chin8\n|player|p2|\n","uploadtime":1727804933,"views":23,"formatid":"gen9vgc2024regh","rating":1707,"private":0,"password":null}