{"id":"gen9vgc2024regh-2213326587","format":"[Gen 9] VGC 2024 Reg H","players":["Silralisk","Paradox Mourinho"],"log":"|j|\u2606Silralisk\n|j|\u2606Paradox Mourinho\n|t:|1727757086\n|gametype|doubles\n|player|p1|Silralisk|harlequin|1685\n|player|p2|Paradox Mourinho|lance|1699\n|teamsize|p1|6\n|teamsize|p2|6\n|gen|9\n|tier|[Gen 9] VGC 2024 Reg H\n|rated|\n|rule|Species Clause: Limit one of each Pok\u00e9mon\n|rule|Item Clause: Limit 1 of each item\n|clearpoke\n|poke|p1|Ursaluna-Bloodmoon, L50, M|\n|poke|p1|Whimsicott, L50, F|\n|poke|p1|Annihilape, L50, M|\n|poke|p1|Primarina, L50, M|\n|poke|p1|Ceruledge, L50, F|\n|poke|p1|Porygon2, L50|\n|poke|p2|Kingambit, L50, M|\n|poke|p2|Gothitelle, L50, F|\n|poke|p2|Sneasler, L50, F|\n|poke|p2|Dragonite, L50, F|\n|poke|p2|Ninetales-Alola, L50, M|\n|poke|p2|Maushold-Four, L50|\n|teampreview|4\n|inactive|Battle timer is ON: inactive players will automatically lose when time's up. (requested by Silralisk)\n|j| mr pogostick\n|inactive|Silralisk has 60 seconds left.\n|\n|t:|1727757128\n|start\n|switch|p1a: Whimsicott|Whimsicott, L50, F|100\/100\n|switch|p1b: Ursaluna|Ursaluna-Bloodmoon, L50, M|100\/100\n|switch|p2a: Sneasler|Sneasler, L50, F|100\/100\n|switch|p2b: Dragonite|Dragonite, L50, F|100\/100\n|turn|1\n|\n|t:|1727757144\n|move|p1a: Whimsicott|Tailwind|p1a: Whimsicott\n|-sidestart|p1: Silralisk|move: Tailwind\n|move|p2a: Sneasler|Dire Claw|p1a: Whimsicott\n|-supereffective|p1a: Whimsicott\n|-enditem|p1a: Whimsicott|Focus Sash\n|-damage|p1a: Whimsicott|1\/100\n|-status|p1a: Whimsicott|psn|[from] ability: Poison Touch|[of] p2a: Sneasler\n|move|p1b: Ursaluna|Earth Power|p2a: Sneasler\n|-supereffective|p2a: Sneasler\n|-enditem|p2a: Sneasler|Focus Sash\n|-damage|p2a: Sneasler|1\/100\n|-damage|p1b: Ursaluna|91\/100|[from] item: Life Orb\n|move|p2b: Dragonite|Tailwind|p2b: Dragonite\n|-sidestart|p2: Paradox Mourinho|move: Tailwind\n|\n|-damage|p1a: Whimsicott|0 fnt|[from] psn\n|faint|p1a: Whimsicott\n|upkeep\n|\n|t:|1727757159\n|switch|p1a: Ceruledge|Ceruledge, L50, F|100\/100\n|turn|2\n|\n|t:|1727757169\n|switch|p2a: Ninetales|Ninetales-Alola, L50, M|100\/100\n|-weather|Snow|[from] ability: Snow Warning|[of] p2a: Ninetales\n|move|p2b: Dragonite|Protect|p2b: Dragonite\n|-singleturn|p2b: Dragonite|Protect\n|move|p1a: Ceruledge|Shadow Sneak|p2a: Ninetales\n|-damage|p2a: Ninetales|78\/100\n|move|p1b: Ursaluna|Hyper Voice|p2b: Dragonite|[spread] p2a\n|-activate|p2b: Dragonite|move: Protect\n|-damage|p2a: Ninetales|15\/100\n|-damage|p1b: Ursaluna|81\/100|[from] item: Life Orb\n|\n|-weather|Snow|[upkeep]\n|upkeep\n|turn|3\n|\n|t:|1727757192\n|switch|p2a: Kingambit|Kingambit, L50, M|100\/100\n|-terastallize|p2b: Dragonite|Flying\n|move|p1a: Ceruledge|Shadow Sneak|p2a: Kingambit\n|-resisted|p2a: Kingambit\n|-damage|p2a: Kingambit|92\/100\n|move|p2b: Dragonite|Tera Blast|p1a: Ceruledge|[anim] Tera Blast Flying\n|-damage|p1a: Ceruledge|34\/100\n|move|p1b: Ursaluna|Hyper Voice|p2b: Dragonite|[spread] p2a,p2b\n|-resisted|p2a: Kingambit\n|-damage|p2a: Kingambit|69\/100\n|-damage|p2b: Dragonite|55\/100\n|-damage|p1b: Ursaluna|72\/100|[from] item: Life Orb\n|\n|-weather|Snow|[upkeep]\n|upkeep\n|turn|4\n|\n|t:|1727757217\n|move|p1a: Ceruledge|Shadow Sneak|p2b: Dragonite\n|-damage|p2b: Dragonite|32\/100\n|move|p2b: Dragonite|Tera Blast|p1a: Ceruledge|[anim] Tera Blast Flying\n|-damage|p1a: Ceruledge|0 fnt\n|faint|p1a: Ceruledge\n|move|p1b: Ursaluna|Earth Power|p2a: Kingambit\n|-supereffective|p2a: Kingambit\n|-damage|p2a: Kingambit|0 fnt\n|faint|p2a: Kingambit\n|-damage|p1b: Ursaluna|62\/100|[from] item: Life Orb\n|\n|-weather|Snow|[upkeep]\n|-sideend|p1: Silralisk|move: Tailwind\n|-sideend|p2: Paradox Mourinho|move: Tailwind\n|upkeep\n|\n|t:|1727757230\n|switch|p1a: Annihilape|Annihilape, L50, M|100\/100\n|switch|p2a: Sneasler|Sneasler, L50, F|1\/100\n|turn|5\n|\n|t:|1727757251\n|-terastallize|p1a: Annihilape|Steel\n|move|p2a: Sneasler|Close Combat|p1b: Ursaluna\n|-supereffective|p1b: Ursaluna\n|-damage|p1b: Ursaluna|0 fnt\n|-unboost|p2a: Sneasler|def|1\n|-unboost|p2a: Sneasler|spd|1\n|faint|p1b: Ursaluna\n|move|p1a: Annihilape|Rage Fist|p2a: Sneasler\n|-damage|p2a: Sneasler|0 fnt\n|faint|p2a: Sneasler\n|move|p2b: Dragonite|Tailwind|p2b: Dragonite\n|-sidestart|p2: Paradox Mourinho|move: Tailwind\n|\n|-weather|Snow|[upkeep]\n|upkeep\n|\n|t:|1727757259\n|switch|p2a: Ninetales|Ninetales-Alola, L50, M|15\/100\n|turn|6\n|\n|t:|1727757269\n|move|p2a: Ninetales|Blizzard|p1a: Annihilape\n|-resisted|p1a: Annihilape\n|-damage|p1a: Annihilape|69\/100\n|move|p2b: Dragonite|Tera Blast|p1a: Annihilape|[anim] Tera Blast Flying\n|-resisted|p1a: Annihilape\n|-damage|p1a: Annihilape|38\/100\n|move|p1a: Annihilape|Rage Fist|p2b: Dragonite\n|-damage|p2b: Dragonite|0 fnt\n|faint|p2b: Dragonite\n|\n|-weather|none\n|-heal|p1a: Annihilape|44\/100|[from] item: Leftovers\n|upkeep\n|turn|7\n|\n|t:|1727757281\n|move|p1a: Annihilape|Protect|p1a: Annihilape\n|-singleturn|p1a: Annihilape|Protect\n|move|p2a: Ninetales|Blizzard|p1a: Annihilape\n|-activate|p1a: Annihilape|move: Protect\n|\n|-heal|p1a: Annihilape|50\/100|[from] item: Leftovers\n|upkeep\n|turn|8\n|\n|t:|1727757286\n|move|p2a: Ninetales|Blizzard|p1a: Annihilape\n|-resisted|p1a: Annihilape\n|-damage|p1a: Annihilape|18\/100\n|-status|p1a: Annihilape|frz\n|-curestatus|p1a: Annihilape|frz|[msg]\n|move|p1a: Annihilape|Drain Punch|p2a: Ninetales\n|-damage|p2a: Ninetales|0 fnt\n|-heal|p1a: Annihilape|24\/100|[from] drain|[of] p2a: Ninetales\n|faint|p2a: Ninetales\n|\n|win|Silralisk\n|raw|Silralisk's rating: 1685 &rarr; <strong>1706<\/strong><br \/>(+21 for winning)\n|raw|Paradox Mourinho's rating: 1699 &rarr; <strong>1678<\/strong><br \/>(-21 for losing)\n|l|\u2606Paradox Mourinho\n|player|p2|\n|l| mr pogostick\n","uploadtime":1727757436,"views":16,"formatid":"gen9vgc2024regh","rating":1678,"private":0,"password":null}