{"id":"gen9vgc2024regh-2213227072","format":"[Gen 9] VGC 2024 Reg H","players":["anton19","super crist"],"log":"|j|\u2606anton19\n|j|\u2606super crist\n|t:|1727744378\n|gametype|doubles\n|player|p1|anton19|101|1798\n|player|p2|super crist|sabrina|1692\n|teamsize|p1|6\n|teamsize|p2|6\n|gen|9\n|tier|[Gen 9] VGC 2024 Reg H\n|rated|\n|rule|Species Clause: Limit one of each Pok\u00e9mon\n|rule|Item Clause: Limit 1 of each item\n|clearpoke\n|poke|p1|Rillaboom, L50, M|\n|poke|p1|Sneasler, L50, M|\n|poke|p1|Primarina, L50, M|\n|poke|p1|Electabuzz, L50, M|\n|poke|p1|Talonflame, L50, M|\n|poke|p1|Gholdengo, L50|\n|poke|p2|Dragapult, L50, M|\n|poke|p2|Sneasler, L50, F|\n|poke|p2|Incineroar, L50, F|\n|poke|p2|Amoonguss, L50, M|\n|poke|p2|Porygon2, L50|\n|poke|p2|Ursaluna-Bloodmoon, L50, M|\n|teampreview|4\n|inactive|Battle timer is ON: inactive players will automatically lose when time's up. (requested by anton19)\n|inactive|super crist also wants the timer to be on.\n|inactive|anton19 has 60 seconds left.\n|inactive|super crist has 60 seconds left.\n|\n|t:|1727744415\n|start\n|switch|p1a: Electabuzz|Electabuzz, L50, M|100\/100\n|switch|p1b: Primarina|Primarina, L50, M|100\/100\n|switch|p2a: Porygon2|Porygon2, L50, shiny|100\/100\n|switch|p2b: Incineroar|Incineroar, L50, F, shiny|100\/100\n|-ability|p2b: Incineroar|Intimidate|boost\n|-unboost|p1a: Electabuzz|atk|1\n|-unboost|p1b: Primarina|atk|1\n|-ability|p2a: Porygon2|Liquid Voice|[from] ability: Trace|[of] p1b: Primarina\n|turn|1\n|\n|t:|1727744423\n|-terastallize|p1a: Electabuzz|Ghost\n|move|p2b: Incineroar|Fake Out|p1a: Electabuzz\n|-immune|p1a: Electabuzz\n|move|p1a: Electabuzz|Taunt|p2a: Porygon2\n|-start|p2a: Porygon2|move: Taunt\n|move|p1b: Primarina|Hyper Voice|p2a: Porygon2|[spread] p2a,p2b\n|-crit|p2a: Porygon2\n|-supereffective|p2b: Incineroar\n|-damage|p2a: Porygon2|69\/100\n|-damage|p2b: Incineroar|32\/100\n|-enditem|p1b: Primarina|Throat Spray\n|-boost|p1b: Primarina|spa|1|[from] item: Throat Spray\n|cant|p2a: Porygon2|move: Taunt|Trick Room\n|\n|upkeep\n|turn|2\n|\n|t:|1727744440\n|switch|p2b: Amoonguss|Amoonguss, L50, M, shiny|100\/100\n|move|p1a: Electabuzz|Electroweb|p2b: Amoonguss|[spread] p2a,p2b\n|-resisted|p2b: Amoonguss\n|-damage|p2a: Porygon2|60\/100\n|-damage|p2b: Amoonguss|95\/100\n|-unboost|p2a: Porygon2|spe|1\n|move|p1b: Primarina|Hyper Voice|p2b: Amoonguss|[spread] p2a,p2b\n|-resisted|p2b: Amoonguss\n|-damage|p2a: Porygon2|29\/100\n|-damage|p2b: Amoonguss|71\/100\n|move|p2a: Porygon2|Thunderbolt|p1b: Primarina\n|-supereffective|p1b: Primarina\n|-damage|p1b: Primarina|62\/100\n|-status|p1b: Primarina|par\n|\n|upkeep\n|turn|3\n|\n|t:|1727744459\n|move|p1a: Electabuzz|Follow Me|p1a: Electabuzz\n|-singleturn|p1a: Electabuzz|move: Follow Me\n|move|p2a: Porygon2|Thunderbolt|p1a: Electabuzz\n|-damage|p1a: Electabuzz|83\/100\n|-status|p1a: Electabuzz|par\n|move|p2b: Amoonguss|Sludge Bomb|p1a: Electabuzz\n|-resisted|p1a: Electabuzz\n|-damage|p1a: Electabuzz|73\/100 par\n|cant|p1b: Primarina|par\n|\n|-end|p2a: Porygon2|move: Taunt\n|upkeep\n|turn|4\n|l|\u2606super crist\n|inactive|super crist disconnected and has a minute to reconnect!\n|player|p2|\n|j|\u2606super crist\n|inactive|super crist reconnected and has 45 seconds left.\n|player|p2|super crist|sabrina|\n|inactive|super crist has 30 seconds left.\n|l|\u2606super crist\n|inactive|super crist disconnected and has a minute to reconnect!\n|player|p2|\n|j|\u2606super crist\n|inactive|super crist reconnected and has 25 seconds left.\n|player|p2|super crist|sabrina|\n|inactive|super crist has 20 seconds left.\n|\n|t:|1727744497\n|move|p1a: Electabuzz|Follow Me|p1a: Electabuzz\n|-singleturn|p1a: Electabuzz|move: Follow Me\n|move|p2a: Porygon2|Recover|p2a: Porygon2\n|-heal|p2a: Porygon2|79\/100\n|move|p2b: Amoonguss|Sludge Bomb|p1a: Electabuzz\n|-resisted|p1a: Electabuzz\n|-damage|p1a: Electabuzz|63\/100 par\n|move|p1b: Primarina|Hyper Voice|p2a: Porygon2|[spread] p2a,p2b\n|-resisted|p2b: Amoonguss\n|-damage|p2a: Porygon2|46\/100\n|-damage|p2b: Amoonguss|46\/100\n|\n|upkeep\n|turn|5\n|l|\u2606super crist\n|inactive|super crist disconnected and has a minute to reconnect!\n|player|p2|\n|j|\u2606super crist\n|inactive|super crist reconnected and has 40 seconds left.\n|player|p2|super crist|sabrina|\n|inactive|super crist has 30 seconds left.\n|l|\u2606super crist\n|inactive|super crist disconnected and has a minute to reconnect!\n|player|p2|\n|inactive|super crist has 20 seconds left.\n|j|\u2606super crist\n|inactive|super crist reconnected and has 20 seconds left.\n|player|p2|super crist|sabrina|\n|inactive|super crist has 15 seconds left.\n|inactive|super crist has 10 seconds left.\n|\n|t:|1727744546\n|move|p1b: Primarina|Protect|p1b: Primarina\n|-singleturn|p1b: Primarina|Protect\n|move|p1a: Electabuzz|Taunt|p2a: Porygon2\n|-start|p2a: Porygon2|move: Taunt\n|move|p2a: Porygon2|Thunderbolt|p1b: Primarina\n|-activate|p1b: Primarina|move: Protect\n|move|p2b: Amoonguss|Pollen Puff|p2a: Porygon2\n|-heal|p2a: Porygon2|96\/100\n|\n|upkeep\n|turn|6\n|\n|t:|1727744564\n|move|p1a: Electabuzz|Follow Me|p1a: Electabuzz\n|-singleturn|p1a: Electabuzz|move: Follow Me\n|move|p2a: Porygon2|Thunderbolt|p1a: Electabuzz\n|-damage|p1a: Electabuzz|45\/100 par\n|move|p2b: Amoonguss|Sludge Bomb|p1a: Electabuzz\n|-resisted|p1a: Electabuzz\n|-damage|p1a: Electabuzz|35\/100 par\n|move|p1b: Primarina|Hyper Voice|p2a: Porygon2|[spread] p2a,p2b\n|-resisted|p2b: Amoonguss\n|-damage|p2a: Porygon2|65\/100\n|-damage|p2b: Amoonguss|24\/100\n|\n|upkeep\n|turn|7\n|\n|t:|1727744576\n|switch|p2b: Incineroar|Incineroar, L50, F, shiny|32\/100\n|-ability|p2b: Incineroar|Intimidate|boost\n|-unboost|p1a: Electabuzz|atk|1\n|-unboost|p1b: Primarina|atk|1\n|move|p1a: Electabuzz|Follow Me|p1a: Electabuzz\n|-singleturn|p1a: Electabuzz|move: Follow Me\n|move|p2a: Porygon2|Thunderbolt|p1a: Electabuzz\n|-damage|p1a: Electabuzz|18\/100 par\n|move|p1b: Primarina|Hyper Voice|p2b: Incineroar|[spread] p2a,p2b\n|-supereffective|p2b: Incineroar\n|-damage|p2a: Porygon2|33\/100\n|-damage|p2b: Incineroar|0 fnt\n|faint|p2b: Incineroar\n|\n|-end|p2a: Porygon2|move: Taunt\n|upkeep\n|\n|t:|1727744581\n|switch|p2b: Ursaluna|Ursaluna-Bloodmoon, L50, M|100\/100\n|turn|8\n|j| Prometheus756\n|inactive|anton19 has 30 seconds left.\n|\n|t:|1727744620\n|switch|p1a: Rillaboom|Rillaboom, L50, M|100\/100\n|-fieldstart|move: Grassy Terrain|[from] ability: Grassy Surge|[of] p1a: Rillaboom\n|-terastallize|p2b: Ursaluna|Normal\n|move|p1b: Primarina|Protect|p1b: Primarina\n|-singleturn|p1b: Primarina|Protect\n|move|p2b: Ursaluna|Blood Moon|p1b: Primarina\n|-activate|p1b: Primarina|move: Protect\n|move|p2a: Porygon2|Recover|p2a: Porygon2\n|-heal|p2a: Porygon2|83\/100\n|\n|-heal|p2a: Porygon2|89\/100|[from] Grassy Terrain\n|-heal|p1b: Primarina|68\/100 par|[from] Grassy Terrain\n|upkeep\n|turn|9\n|\n|t:|1727744639\n|switch|p2b: Amoonguss|Amoonguss, L50, M, shiny|58\/100\n|move|p1a: Rillaboom|Fake Out|p2a: Porygon2\n|-damage|p2a: Porygon2|82\/100\n|cant|p2a: Porygon2|flinch\n|move|p1b: Primarina|Hyper Voice|p2b: Amoonguss|[spread] p2a,p2b\n|-resisted|p2b: Amoonguss\n|-damage|p2a: Porygon2|50\/100\n|-damage|p2b: Amoonguss|36\/100\n|\n|-heal|p2a: Porygon2|57\/100|[from] Grassy Terrain\n|-heal|p2b: Amoonguss|42\/100|[from] Grassy Terrain\n|-heal|p1b: Primarina|74\/100 par|[from] Grassy Terrain\n|upkeep\n|turn|10\n|\n|t:|1727744653\n|move|p1a: Rillaboom|Wood Hammer|p2a: Porygon2\n|-damage|p2a: Porygon2|9\/100\n|-damage|p1a: Rillaboom|86\/100|[from] Recoil\n|move|p2b: Amoonguss|Sludge Bomb|p1b: Primarina\n|-supereffective|p1b: Primarina\n|-damage|p1b: Primarina|25\/100 par\n|cant|p1b: Primarina|par\n|move|p2a: Porygon2|Trick Room|p2a: Porygon2\n|-fieldstart|move: Trick Room|[of] p2a: Porygon2\n|\n|-heal|p1b: Primarina|31\/100 par|[from] Grassy Terrain\n|-heal|p2b: Amoonguss|48\/100|[from] Grassy Terrain\n|-heal|p2a: Porygon2|16\/100|[from] Grassy Terrain\n|-heal|p1a: Rillaboom|92\/100|[from] Grassy Terrain\n|upkeep\n|turn|11\n|\n|t:|1727744672\n|move|p1a: Rillaboom|Grassy Glide|p2a: Porygon2\n|-damage|p2a: Porygon2|0 fnt\n|faint|p2a: Porygon2\n|move|p1b: Primarina|Hyper Voice|p2b: Amoonguss\n|-resisted|p2b: Amoonguss\n|-damage|p2b: Amoonguss|19\/100\n|move|p2b: Amoonguss|Sludge Bomb|p1a: Rillaboom\n|-supereffective|p1a: Rillaboom\n|-damage|p1a: Rillaboom|51\/100\n|\n|-heal|p1b: Primarina|37\/100 par|[from] Grassy Terrain\n|-heal|p2b: Amoonguss|25\/100|[from] Grassy Terrain\n|-heal|p1a: Rillaboom|57\/100|[from] Grassy Terrain\n|upkeep\n|\n|t:|1727744675\n|switch|p2a: Ursaluna|Ursaluna-Bloodmoon, L50, M, tera:Normal|100\/100\n|turn|12\n|\n|t:|1727744690\n|move|p1a: Rillaboom|Grassy Glide|p2a: Ursaluna\n|-damage|p2a: Ursaluna|69\/100\n|move|p1b: Primarina|Hyper Voice|p2b: Amoonguss|[spread] p2a,p2b\n|-resisted|p2b: Amoonguss\n|-damage|p2a: Ursaluna|34\/100\n|-damage|p2b: Amoonguss|0 fnt\n|faint|p2b: Amoonguss\n|move|p2a: Ursaluna|Hyper Voice|p1b: Primarina|[spread] p1a,p1b\n|-damage|p1a: Rillaboom|12\/100\n|-damage|p1b: Primarina|0 fnt\n|faint|p1b: Primarina\n|\n|-heal|p2a: Ursaluna|40\/100|[from] Grassy Terrain\n|-heal|p1a: Rillaboom|18\/100|[from] Grassy Terrain\n|-fieldend|move: Grassy Terrain\n|upkeep\n|\n|t:|1727744699\n|switch|p1b: Sneasler|Sneasler, L50, M|100\/100\n|turn|13\n|-message|super crist forfeited.\n|\n|win|anton19\n|raw|anton19's rating: 1798 &rarr; <strong>1812<\/strong><br \/>(+14 for winning)\n|raw|super crist's rating: 1692 &rarr; <strong>1678<\/strong><br \/>(-14 for losing)\n|l|\u2606super crist\n|player|p2|\n|c| Prometheus756|Gg\n|c| Prometheus756|should switch clear smog for toxic\n","uploadtime":1727744845,"views":25,"formatid":"gen9vgc2024regh","rating":1678,"private":0,"password":null}