{"id":"gen9vgc2024regh-2213924149","format":"[Gen 9] VGC 2024 Reg H","players":["moon7777alt2","Waffles4breakfast"],"log":"|j|\u2606moon7777alt2\n|j|\u2606Waffles4breakfast\n|t:|1727825467\n|gametype|doubles\n|player|p1|moon7777alt2|265|1678\n|player|p2|Waffles4breakfast|juggler|1731\n|teamsize|p1|6\n|teamsize|p2|6\n|gen|9\n|tier|[Gen 9] VGC 2024 Reg H\n|rated|\n|rule|Species Clause: Limit one of each Pok\u00e9mon\n|rule|Item Clause: Limit 1 of each item\n|clearpoke\n|poke|p1|Dragonite, L50, F|\n|poke|p1|Kingambit, L50, F|\n|poke|p1|Basculegion, L50, M|\n|poke|p1|Ninetales-Alola, L50, F|\n|poke|p1|Sneasler, L50, M|\n|poke|p1|Comfey, L50, F|\n|poke|p2|Archaludon, L50, F|\n|poke|p2|Pelipper, L50, F|\n|poke|p2|Basculegion, L50, M|\n|poke|p2|Amoonguss, L50, F|\n|poke|p2|Gholdengo, L50|\n|poke|p2|Murkrow, L50, M|\n|teampreview|4\n|inactive|Battle timer is ON: inactive players will automatically lose when time's up. (requested by Waffles4breakfast)\n|\n|t:|1727825483\n|start\n|switch|p1a: Dragonite|Dragonite, L50, F|100\/100\n|switch|p1b: Sneasler|Sneasler, L50, M|100\/100\n|switch|p2a: Gholdengo|Gholdengo, L50|100\/100\n|switch|p2b: Murkrow|Murkrow, L50, M|100\/100\n|turn|1\n|\n|t:|1727825495\n|-terastallize|p2a: Gholdengo|Steel\n|move|p2b: Murkrow|Tailwind|p2b: Murkrow\n|-sidestart|p2: Waffles4breakfast|move: Tailwind\n|move|p2a: Gholdengo|Make It Rain|p1a: Dragonite|[spread] p1a,p1b\n|-damage|p1a: Dragonite|61\/100\n|-enditem|p1b: Sneasler|Focus Sash\n|-damage|p1b: Sneasler|1\/100\n|-unboost|p2a: Gholdengo|spa|1\n|move|p1b: Sneasler|Coaching|p1a: Dragonite\n|-boost|p1a: Dragonite|atk|1\n|-boost|p1a: Dragonite|def|1\n|move|p1a: Dragonite|Stomping Tantrum|p2a: Gholdengo\n|-supereffective|p2a: Gholdengo\n|-damage|p2a: Gholdengo|1\/100\n|\n|upkeep\n|turn|2\n|j| RNG Mad\n|\n|t:|1727825521\n|move|p1a: Dragonite|Protect|p1a: Dragonite\n|-singleturn|p1a: Dragonite|Protect\n|move|p2a: Gholdengo|Make It Rain|p1a: Dragonite|[spread] p1b\n|-activate|p1a: Dragonite|move: Protect\n|-damage|p1b: Sneasler|0 fnt\n|-unboost|p2a: Gholdengo|spa|1\n|faint|p1b: Sneasler\n|move|p2b: Murkrow|Foul Play|p1a: Dragonite\n|-activate|p1a: Dragonite|move: Protect\n|\n|upkeep\n|\n|t:|1727825525\n|switch|p1b: Comfey|Comfey, L50, F|100\/100\n|turn|3\n|\n|t:|1727825541\n|switch|p2a: Pelipper|Pelipper, L50, F|100\/100\n|-weather|RainDance|[from] ability: Drizzle|[of] p2a: Pelipper\n|-terastallize|p1a: Dragonite|Flying\n|move|p1b: Comfey|Draining Kiss|p2a: Pelipper\n|-damage|p2a: Pelipper|73\/100\n|move|p2b: Murkrow|Haze|p2b: Murkrow\n|-clearallboost\n|move|p1a: Dragonite|Tera Blast|p2b: Murkrow|[anim] Tera Blast Flying\n|-damage|p2b: Murkrow|21\/100\n|\n|-weather|RainDance|[upkeep]\n|upkeep\n|turn|4\n|\n|t:|1727825558\n|move|p1b: Comfey|Floral Healing|p1a: Dragonite\n|-heal|p1a: Dragonite|100\/100\n|move|p2a: Pelipper|Weather Ball|p1b: Comfey\n|-damage|p1b: Comfey|37\/100\n|move|p2b: Murkrow|Foul Play|p1a: Dragonite\n|-damage|p1a: Dragonite|72\/100\n|move|p1a: Dragonite|Tera Blast|p2a: Pelipper|[anim] Tera Blast Flying\n|-damage|p2a: Pelipper|0 fnt\n|faint|p2a: Pelipper\n|\n|-weather|RainDance|[upkeep]\n|-sideend|p2: Waffles4breakfast|move: Tailwind\n|upkeep\n|\n|t:|1727825566\n|switch|p2a: Archaludon|Archaludon, L50, F|100\/100\n|turn|5\n|\n|t:|1727825582\n|move|p1b: Comfey|Draining Kiss|p2b: Murkrow\n|-supereffective|p2b: Murkrow\n|-damage|p2b: Murkrow|0 fnt\n|-heal|p1b: Comfey|54\/100|[from] drain|[of] p2b: Murkrow\n|faint|p2b: Murkrow\n|move|p2a: Archaludon|Electro Shot||[still]\n|-prepare|p2a: Archaludon|Electro Shot\n|-boost|p2a: Archaludon|spa|1\n|-anim|p2a: Archaludon|Electro Shot|p1a: Dragonite\n|-supereffective|p1a: Dragonite\n|-damage|p1a: Dragonite|0 fnt\n|faint|p1a: Dragonite\n|\n|-weather|RainDance|[upkeep]\n|upkeep\n|\n|t:|1727825591\n|switch|p2b: Gholdengo|Gholdengo, L50, tera:Steel|1\/100\n|switch|p1a: Kingambit|Kingambit, L50, F|100\/100\n|turn|6\n|\n|t:|1727825601\n|move|p1b: Comfey|Draining Kiss|p2b: Gholdengo\n|-resisted|p2b: Gholdengo\n|-damage|p2b: Gholdengo|0 fnt\n|-heal|p1b: Comfey|54\/100|[from] drain|[of] p2b: Gholdengo\n|faint|p2b: Gholdengo\n|move|p2a: Archaludon|Flash Cannon|p1b: Comfey\n|-supereffective|p1b: Comfey\n|-damage|p1b: Comfey|0 fnt\n|faint|p1b: Comfey\n|move|p1a: Kingambit|Swords Dance|p1a: Kingambit\n|-boost|p1a: Kingambit|atk|2\n|\n|-weather|RainDance|[upkeep]\n|upkeep\n|turn|7\n|\n|t:|1727825612\n|move|p2a: Archaludon|Body Press|p1a: Kingambit\n|-supereffective|p1a: Kingambit\n|-damage|p1a: Kingambit|31\/100\n|move|p1a: Kingambit|Kowtow Cleave|p2a: Archaludon\n|-damage|p2a: Archaludon|15\/100\n|-ability|p2a: Archaludon|Stamina|boost\n|-boost|p2a: Archaludon|def|1\n|\n|-weather|none\n|upkeep\n|turn|8\n|\n|t:|1727825620\n|move|p1a: Kingambit|Sucker Punch|p2a: Archaludon\n|-damage|p2a: Archaludon|0 fnt\n|faint|p2a: Archaludon\n|\n|win|moon7777alt2\n|raw|moon7777alt2's rating: 1678 &rarr; <strong>1701<\/strong><br \/>(+23 for winning)\n|raw|Waffles4breakfast's rating: 1731 &rarr; <strong>1708<\/strong><br \/>(-23 for losing)\n|l|\u2606Waffles4breakfast\n|player|p2|\n|l|\u2606moon7777alt2\n|player|p1|\n","uploadtime":1727825827,"views":18,"formatid":"gen9vgc2024regh","rating":1701,"private":0,"password":null}