{"id":"gen9vgc2024regh-2213288124","format":"[Gen 9] VGC 2024 Reg H","players":["rainha789","memory eraser"],"log":"|j|\u2606rainha789\n|j|\u2606memory eraser\n|t:|1727751708\n|gametype|doubles\n|player|p1|rainha789|170|1742\n|player|p2|memory eraser|skyla|1748\n|teamsize|p1|6\n|teamsize|p2|6\n|gen|9\n|tier|[Gen 9] VGC 2024 Reg H\n|rated|\n|rule|Species Clause: Limit one of each Pok\u00e9mon\n|rule|Item Clause: Limit 1 of each item\n|clearpoke\n|poke|p1|Indeedee-F, L50, F|\n|poke|p1|Espathra, L50, F|\n|poke|p1|Sneasler, L50, F|\n|poke|p1|Murkrow, L50, M|\n|poke|p1|Gholdengo, L50|\n|poke|p1|Primarina, L50, M|\n|poke|p2|Arcanine-Hisui, L50, F|\n|poke|p2|Pelipper, L50, F|\n|poke|p2|Umbreon, L50, M|\n|poke|p2|Ursaluna-Bloodmoon, L50, M|\n|poke|p2|Clefable, L50, F|\n|poke|p2|Archaludon, L50, F|\n|teampreview|4\n|inactive|Battle timer is ON: inactive players will automatically lose when time's up. (requested by memory eraser)\n|\n|t:|1727751738\n|start\n|switch|p1a: Indeedee|Indeedee-F, L50, F, shiny|100\/100\n|switch|p1b: Espathra|Espathra, L50, F|100\/100\n|switch|p2a: Umbreon|Umbreon, L50, M, shiny|100\/100\n|switch|p2b: Arcanine|Arcanine-Hisui, L50, F, shiny|100\/100\n|-fieldstart|move: Psychic Terrain|[from] ability: Psychic Surge|[of] p1a: Indeedee\n|turn|1\n|\n|t:|1727751756\n|move|p1a: Indeedee|Follow Me|p1a: Indeedee\n|-singleturn|p1a: Indeedee|move: Follow Me\n|move|p1b: Espathra|Lumina Crash|p2b: Arcanine\n|-damage|p2b: Arcanine|39\/100\n|-unboost|p2b: Arcanine|spd|2\n|move|p2b: Arcanine|Head Smash|p1a: Indeedee\n|-damage|p1a: Indeedee|31\/100\n|-damage|p2b: Arcanine|23\/100|[from] item: Rocky Helmet|[of] p1a: Indeedee\n|move|p2a: Umbreon|Taunt|p1a: Indeedee\n|-start|p1a: Indeedee|move: Taunt\n|\n|-ability|p1b: Espathra|Speed Boost|boost\n|-boost|p1b: Espathra|spe|1\n|upkeep\n|turn|2\n|inactive|rainha789 has 30 seconds left.\n|inactive|rainha789 has 20 seconds left.\n|inactive|rainha789 has 15 seconds left.\n|\n|t:|1727751800\n|switch|p1a: Sneasler|Sneasler, L50, F, shiny|100\/100\n|-enditem|p1a: Sneasler|Psychic Seed\n|-boost|p1a: Sneasler|spd|1|[from] item: Psychic Seed\n|move|p2b: Arcanine|Protect|p2b: Arcanine\n|-singleturn|p2b: Arcanine|Protect\n|move|p1b: Espathra|Lumina Crash|p2b: Arcanine\n|-activate|p2b: Arcanine|move: Protect\n|move|p2a: Umbreon|Yawn|p1b: Espathra\n|-start|p1b: Espathra|move: Yawn|[of] p2a: Umbreon\n|\n|-ability|p1b: Espathra|Speed Boost|boost\n|-boost|p1b: Espathra|spe|1\n|upkeep\n|turn|3\n|inactive|rainha789 has 30 seconds left.\n|\n|t:|1727751833\n|switch|p1b: Gholdengo|Gholdengo, L50|100\/100\n|move|p1a: Sneasler|Dire Claw|p2b: Arcanine\n|-resisted|p2b: Arcanine\n|-damage|p2b: Arcanine|0 fnt\n|faint|p2b: Arcanine\n|move|p2a: Umbreon|Yawn|p1a: Sneasler\n|-start|p1a: Sneasler|move: Yawn|[of] p2a: Umbreon\n|\n|upkeep\n|\n|t:|1727751839\n|switch|p2b: Archaludon|Archaludon, L50, F|100\/100\n|turn|4\n|j| futonkagebunshin\n|\n|t:|1727751856\n|move|p2b: Archaludon|Protect|p2b: Archaludon\n|-singleturn|p2b: Archaludon|Protect\n|move|p1a: Sneasler|Close Combat|p2a: Umbreon\n|-supereffective|p2a: Umbreon\n|-damage|p2a: Umbreon|2\/100\n|-unboost|p1a: Sneasler|def|1\n|-unboost|p1a: Sneasler|spd|1\n|move|p1b: Gholdengo|Make It Rain|p2b: Archaludon|[spread] p2a\n|-activate|p2b: Archaludon|move: Protect\n|-damage|p2a: Umbreon|0 fnt\n|-unboost|p1b: Gholdengo|spa|1\n|faint|p2a: Umbreon\n|\n|-end|p1a: Sneasler|move: Yawn|[silent]\n|-status|p1a: Sneasler|slp\n|upkeep\n|\n|t:|1727751861\n|switch|p2a: Pelipper|Pelipper, L50, F|100\/100\n|-weather|RainDance|[from] ability: Drizzle|[of] p2a: Pelipper\n|turn|5\n|inactive|rainha789 has 30 seconds left.\n|\n|t:|1727751891\n|cant|p1a: Sneasler|slp\n|move|p2a: Pelipper|Muddy Water|p1a: Sneasler|[spread] p1a,p1b\n|-damage|p1a: Sneasler|37\/100 slp\n|-damage|p1b: Gholdengo|56\/100\n|-unboost|p1b: Gholdengo|accuracy|1\n|move|p2b: Archaludon|Electro Shot||[still]\n|-prepare|p2b: Archaludon|Electro Shot\n|-boost|p2b: Archaludon|spa|1\n|-anim|p2b: Archaludon|Electro Shot|p1b: Gholdengo\n|-damage|p1b: Gholdengo|0 fnt\n|faint|p1b: Gholdengo\n|\n|-weather|RainDance|[upkeep]\n|-fieldend|move: Psychic Terrain\n|upkeep\n|\n|t:|1727751905\n|switch|p1b: Indeedee|Indeedee-F, L50, F, shiny|31\/100\n|-fieldstart|move: Psychic Terrain|[from] ability: Psychic Surge|[of] p1b: Indeedee\n|turn|6\n|\n|t:|1727751917\n|cant|p1a: Sneasler|slp\n|move|p2a: Pelipper|Muddy Water|p1b: Indeedee|[spread] p1a\n|-miss|p2a: Pelipper|p1b: Indeedee\n|-damage|p1a: Sneasler|0 fnt\n|faint|p1a: Sneasler\n|move|p2b: Archaludon|Electro Shot||[still]\n|-prepare|p2b: Archaludon|Electro Shot\n|-boost|p2b: Archaludon|spa|1\n|-anim|p2b: Archaludon|Electro Shot|p1b: Indeedee\n|-crit|p1b: Indeedee\n|-damage|p1b: Indeedee|0 fnt\n|faint|p1b: Indeedee\n|\n|-weather|RainDance|[upkeep]\n|upkeep\n|\n|t:|1727751931\n|switch|p1b: Espathra|Espathra, L50, F|100\/100\n|turn|7\n|\n|t:|1727751936\n|-terastallize|p1b: Espathra|Psychic\n|move|p2a: Pelipper|Muddy Water|p1b: Espathra\n|-damage|p1b: Espathra|14\/100\n|move|p1b: Espathra|Expanding Force|p2b: Archaludon|[spread] p2a,p2b\n|-resisted|p2b: Archaludon\n|-damage|p2a: Pelipper|0 fnt\n|-damage|p2b: Archaludon|52\/100\n|faint|p2a: Pelipper\n|move|p2b: Archaludon|Flash Cannon|p1b: Espathra\n|-damage|p1b: Espathra|0 fnt\n|faint|p1b: Espathra\n|\n|win|memory eraser\n|raw|rainha789's rating: 1742 &rarr; <strong>1722<\/strong><br \/>(-20 for losing)\n|raw|memory eraser's rating: 1748 &rarr; <strong>1768<\/strong><br \/>(+20 for winning)\n|l|\u2606memory eraser\n|player|p2|\n|l|\u2606rainha789\n|player|p1|\n|j|\u2606memory eraser\n|player|p2|memory eraser|skyla|\n|l|\u2606memory eraser\n|player|p2|\n","uploadtime":1727752079,"views":23,"formatid":"gen9vgc2024regh","rating":1722,"private":0,"password":null}