{"id":"gen9vgc2024regh-2213740784","format":"[Gen 9] VGC 2024 Reg H","players":["fangame10","Stempe"],"log":"|j|\u2606fangame10\n|j|\u2606Stempe\n|t:|1727806970\n|gametype|doubles\n|player|p1|fangame10|red|1732\n|player|p2|Stempe|265|1719\n|teamsize|p1|6\n|teamsize|p2|6\n|gen|9\n|tier|[Gen 9] VGC 2024 Reg H\n|rated|\n|rule|Species Clause: Limit one of each Pok\u00e9mon\n|rule|Item Clause: Limit 1 of each item\n|clearpoke\n|poke|p1|Baxcalibur, L50, F|\n|poke|p1|Ninetales-Alola, L50, F|\n|poke|p1|Milotic, L50, M|\n|poke|p1|Skeledirge, L50, M|\n|poke|p1|Rillaboom, L50, M|\n|poke|p1|Sneasler, L50, M|\n|poke|p2|Dragapult, L50, F|\n|poke|p2|Annihilape, L50, F|\n|poke|p2|Whimsicott, L50, F|\n|poke|p2|Maushold-Four, L50|\n|poke|p2|Typhlosion-Hisui, L50, F|\n|poke|p2|Rillaboom, L50, M|\n|teampreview|4\n|inactive|Battle timer is ON: inactive players will automatically lose when time's up. (requested by fangame10)\n|\n|t:|1727806999\n|start\n|switch|p1a: Sneasler|Sneasler, L50, M, shiny|100\/100\n|switch|p1b: Skeledirge|Skeledirge, L50, M, shiny|100\/100\n|switch|p2a: Maushold|Maushold-Four, L50|100\/100\n|switch|p2b: Typhlosion|Typhlosion-Hisui, L50, F|100\/100\n|-item|p1a: Sneasler|Focus Sash|[from] ability: Frisk|[of] p2b: Typhlosion\n|-item|p1b: Skeledirge|Leftovers|[from] ability: Frisk|[of] p2b: Typhlosion\n|turn|1\n|inactive|fangame10 has 30 seconds left.\n|j| axdw\n|inactive|fangame10 has 20 seconds left.\n|inactive|fangame10 has 15 seconds left.\n|\n|t:|1727807042\n|-terastallize|p1a: Sneasler|Stellar\n|-terastallize|p2a: Maushold|Ghost\n|move|p1b: Skeledirge|Protect|p1b: Skeledirge\n|-singleturn|p1b: Skeledirge|Protect\n|move|p2b: Typhlosion|Shadow Ball|p1b: Skeledirge\n|-activate|p1b: Skeledirge|move: Protect\n|move|p1a: Sneasler|Throat Chop|p2a: Maushold\n|-supereffective|p2a: Maushold\n|-damage|p2a: Maushold|0 fnt\n|faint|p2a: Maushold\n|\n|upkeep\n|\n|t:|1727807063\n|switch|p2a: Dragapult|Dragapult, L50, F|100\/100\n|turn|2\n|\n|t:|1727807074\n|move|p2b: Typhlosion|Shadow Ball|p1a: Sneasler\n|-damage|p1a: Sneasler|40\/100\n|-unboost|p1a: Sneasler|spd|1\n|move|p2a: Dragapult|Dragon Darts|p1a: Sneasler\n|-damage|p1a: Sneasler|0 fnt\n|-anim|p2a: Dragapult|Dragon Darts|p1b: Skeledirge\n|-damage|p1b: Skeledirge|71\/100\n|faint|p1a: Sneasler\n|move|p1b: Skeledirge|Shadow Ball|p2b: Typhlosion\n|-supereffective|p2b: Typhlosion\n|-damage|p2b: Typhlosion|0 fnt\n|faint|p2b: Typhlosion\n|\n|-heal|p1b: Skeledirge|77\/100|[from] item: Leftovers\n|upkeep\n|\n|t:|1727807085\n|switch|p1a: Ninetales|Ninetales-Alola, L50, F, shiny|100\/100\n|switch|p2b: Annihilape|Annihilape, L50, F|100\/100\n|-weather|Snow|[from] ability: Snow Warning|[of] p1a: Ninetales\n|turn|3\n|\n|t:|1727807101\n|move|p1b: Skeledirge|Protect|p1b: Skeledirge\n|-singleturn|p1b: Skeledirge|Protect\n|move|p2a: Dragapult|Dragon Darts|p1b: Skeledirge\n|-immune|p1a: Ninetales\n|move|p1a: Ninetales|Aurora Veil|p1a: Ninetales\n|-sidestart|p1: fangame10|move: Aurora Veil\n|move|p2b: Annihilape|Rage Fist|p1a: Ninetales\n|-damage|p1a: Ninetales|84\/100\n|\n|-weather|Snow|[upkeep]\n|-heal|p1b: Skeledirge|83\/100|[from] item: Leftovers\n|upkeep\n|turn|4\n|\n|t:|1727807110\n|switch|p1a: Milotic|Milotic, L50, M, shiny|100\/100\n|move|p2a: Dragapult|Dragon Darts|p1b: Skeledirge\n|-damage|p1b: Skeledirge|62\/100\n|-anim|p2a: Dragapult|Dragon Darts|p1a: Milotic\n|-damage|p1a: Milotic|73\/100\n|move|p2b: Annihilape|Rage Fist|p1b: Skeledirge\n|-supereffective|p1b: Skeledirge\n|-damage|p1b: Skeledirge|31\/100\n|move|p1b: Skeledirge|Will-O-Wisp|p2b: Annihilape\n|-status|p2b: Annihilape|brn\n|\n|-weather|Snow|[upkeep]\n|-heal|p1b: Skeledirge|36\/100|[from] item: Leftovers\n|-damage|p2b: Annihilape|95\/100 brn|[from] brn\n|upkeep\n|turn|5\n|\n|t:|1727807122\n|move|p1b: Skeledirge|Protect|p1b: Skeledirge\n|-singleturn|p1b: Skeledirge|Protect\n|move|p2a: Dragapult|Dragon Darts|p1a: Milotic\n|-crit|p1a: Milotic\n|-damage|p1a: Milotic|8\/100\n|-enditem|p1a: Milotic|Sitrus Berry|[eat]\n|-heal|p1a: Milotic|33\/100|[from] item: Sitrus Berry\n|-anim|p2a: Dragapult|Dragon Darts|p1a: Milotic\n|-damage|p1a: Milotic|3\/100\n|move|p1a: Milotic|Life Dew|p1a: Milotic|[spread] p1a,p1b\n|-heal|p1a: Milotic|28\/100\n|-heal|p1b: Skeledirge|62\/100\n|move|p2b: Annihilape|Bulk Up|p2b: Annihilape\n|-boost|p2b: Annihilape|atk|1\n|-boost|p2b: Annihilape|def|1\n|\n|-weather|Snow|[upkeep]\n|-heal|p2b: Annihilape|100\/100 brn|[from] item: Leftovers\n|-heal|p1b: Skeledirge|67\/100|[from] item: Leftovers\n|-damage|p2b: Annihilape|95\/100 brn|[from] brn\n|upkeep\n|turn|6\n|\n|t:|1727807133\n|move|p2a: Dragapult|Dragon Darts|p1a: Milotic\n|-damage|p1a: Milotic|2\/100\n|-anim|p2a: Dragapult|Dragon Darts|p1b: Skeledirge\n|-damage|p1b: Skeledirge|45\/100\n|move|p1a: Milotic|Life Dew|p1a: Milotic|[spread] p1a,p1b\n|-heal|p1a: Milotic|26\/100\n|-heal|p1b: Skeledirge|70\/100\n|move|p2b: Annihilape|Rage Fist|p1b: Skeledirge\n|-supereffective|p1b: Skeledirge\n|-damage|p1b: Skeledirge|54\/100\n|move|p1b: Skeledirge|Shadow Ball|p2a: Dragapult\n|-supereffective|p2a: Dragapult\n|-damage|p2a: Dragapult|0 fnt\n|faint|p2a: Dragapult\n|\n|-weather|Snow|[upkeep]\n|-heal|p2b: Annihilape|100\/100 brn|[from] item: Leftovers\n|-heal|p1b: Skeledirge|60\/100|[from] item: Leftovers\n|-damage|p2b: Annihilape|95\/100 brn|[from] brn\n|upkeep\n|turn|7\n|\n|t:|1727807150\n|move|p1b: Skeledirge|Protect|p1b: Skeledirge\n|-singleturn|p1b: Skeledirge|Protect\n|move|p1a: Milotic|Life Dew|p1a: Milotic|[spread] p1a,p1b\n|-heal|p1a: Milotic|51\/100\n|-heal|p1b: Skeledirge|85\/100\n|move|p2b: Annihilape|Bulk Up|p2b: Annihilape\n|-boost|p2b: Annihilape|atk|1\n|-boost|p2b: Annihilape|def|1\n|\n|-weather|none\n|-heal|p2b: Annihilape|100\/100 brn|[from] item: Leftovers\n|-heal|p1b: Skeledirge|91\/100|[from] item: Leftovers\n|-damage|p2b: Annihilape|95\/100 brn|[from] brn\n|upkeep\n|turn|8\n|j| Furret the one\n|\n|t:|1727807161\n|move|p1a: Milotic|Coil|p1a: Milotic\n|-boost|p1a: Milotic|atk|1\n|-boost|p1a: Milotic|def|1\n|-boost|p1a: Milotic|accuracy|1\n|move|p2b: Annihilape|Drain Punch|p1a: Milotic\n|-damage|p1a: Milotic|33\/100\n|-heal|p2b: Annihilape|100\/100 brn|[from] drain|[of] p1a: Milotic\n|move|p1b: Skeledirge|Shadow Ball|p2b: Annihilape\n|-supereffective|p2b: Annihilape\n|-damage|p2b: Annihilape|36\/100 brn\n|\n|-heal|p2b: Annihilape|42\/100 brn|[from] item: Leftovers\n|-heal|p1b: Skeledirge|97\/100|[from] item: Leftovers\n|-damage|p2b: Annihilape|36\/100 brn|[from] brn\n|upkeep\n|turn|9\n|-message|Stempe forfeited.\n|\n|win|fangame10\n|raw|fangame10's rating: 1746 &rarr; <strong>1764<\/strong><br \/>(+18 for winning)\n|raw|Stempe's rating: 1719 &rarr; <strong>1701<\/strong><br \/>(-18 for losing)\n|l|\u2606Stempe\n|player|p2|\n|l|\u2606fangame10\n|player|p1|\n|l| axdw\n|l| Furret the one\n","uploadtime":1727807430,"views":63,"formatid":"gen9vgc2024regh","rating":1701,"private":0,"password":null}