{"id":"gen9vgc2024regh-2213851831","format":"[Gen 9] VGC 2024 Reg H","players":["Phononmode","DeyTey"],"log":"|j|\u2606Phononmode\n|j|\u2606DeyTey\n|t:|1727817301\n|gametype|doubles\n|player|p1|Phononmode|266|1680\n|player|p2|DeyTey|lucas|1709\n|teamsize|p1|6\n|teamsize|p2|6\n|gen|9\n|tier|[Gen 9] VGC 2024 Reg H\n|rated|\n|rule|Species Clause: Limit one of each Pok\u00e9mon\n|rule|Item Clause: Limit 1 of each item\n|clearpoke\n|poke|p1|Pawmot, L50, F|\n|poke|p1|Dondozo, L50, F|\n|poke|p1|Tatsugiri, L50, F|\n|poke|p1|Dragapult, L50, F|\n|poke|p1|Weezing, L50, F|\n|poke|p1|Incineroar, L50, M|\n|poke|p2|Ninetales, L50, F|\n|poke|p2|Indeedee-F, L50, F|\n|poke|p2|Whimsicott, L50, M|\n|poke|p2|Typhlosion-Hisui, L50, M|\n|poke|p2|Meowscarada, L50, F|\n|poke|p2|Dragonite, L50, M|\n|teampreview|4\nPhononmode has agreed to open team sheets.\n|inactive|Battle timer is ON: inactive players will automatically lose when time's up. (requested by Phononmode)\n|\n|t:|1727817375\n|start\n|switch|p1a: will-o-miss|Weezing, L50, F|100\/100\n|switch|p1b: Incineroar|Incineroar, L50, M|100\/100\n|switch|p2a: Whimsicott|Whimsicott, L50, M, shiny|100\/100\n|switch|p2b: Typhlosion|Typhlosion-Hisui, L50, M, shiny|100\/100\n|-ability|p1a: will-o-miss|Neutralizing Gas\n|-block|p1b: Incineroar|item: Ability Shield\n|-ability|p1b: Incineroar|Intimidate|boost\n|-unboost|p2a: Whimsicott|atk|1\n|-unboost|p2b: Typhlosion|atk|1\n|turn|1\n|\n|t:|1727817400\n|-terastallize|p2b: Typhlosion|Fire\n|-terastallize|p1a: will-o-miss|Water\n|move|p2a: Whimsicott|Sunny Day|p2a: Whimsicott\n|-weather|SunnyDay\n|move|p2b: Typhlosion|Eruption|p1a: will-o-miss|[spread] p1a,p1b\n|-resisted|p1a: will-o-miss\n|-resisted|p1b: Incineroar\n|-damage|p1a: will-o-miss|22\/100\n|-damage|p1b: Incineroar|8\/100\n|-enditem|p1a: will-o-miss|Sitrus Berry|[eat]\n|-heal|p1a: will-o-miss|47\/100|[from] item: Sitrus Berry\n|move|p1b: Incineroar|Knock Off|p2b: Typhlosion\n|-damage|p2b: Typhlosion|20\/100\n|-enditem|p2b: Typhlosion|Choice Specs|[from] move: Knock Off|[of] p1b: Incineroar\n|move|p1a: will-o-miss|Sludge Bomb|p2a: Whimsicott\n|-supereffective|p2a: Whimsicott\n|-damage|p2a: Whimsicott|0 fnt\n|faint|p2a: Whimsicott\n|\n|-weather|SunnyDay|[upkeep]\n|upkeep\n|\n|t:|1727817415\n|switch|p2a: Indeedee|Indeedee-F, L50, F, shiny|100\/100\n|turn|2\n|\n|t:|1727817425\n|move|p2a: Indeedee|Follow Me|p2a: Indeedee\n|-singleturn|p2a: Indeedee|move: Follow Me\n|move|p2b: Typhlosion|Heat Wave|p1b: Incineroar|[spread] p1a,p1b\n|-resisted|p1a: will-o-miss\n|-resisted|p1b: Incineroar\n|-damage|p1a: will-o-miss|16\/100\n|-damage|p1b: Incineroar|0 fnt\n|faint|p1b: Incineroar\n|move|p1a: will-o-miss|Taunt|p2a: Indeedee\n|-start|p2a: Indeedee|move: Taunt\n|\n|-weather|SunnyDay|[upkeep]\n|upkeep\n|\n|t:|1727817434\n|switch|p1b: Dragapult|Dragapult, L50, F|100\/100\n|turn|3\n|\n|t:|1727817449\n|move|p1a: will-o-miss|Protect|p1a: will-o-miss\n|-singleturn|p1a: will-o-miss|Protect\n|move|p1b: Dragapult|Dragon Darts|p2a: Indeedee\n|-damage|p2a: Indeedee|66\/100\n|-anim|p1b: Dragapult|Dragon Darts|p2b: Typhlosion\n|-damage|p2b: Typhlosion|0 fnt\n|faint|p2b: Typhlosion\n|move|p2a: Indeedee|Psychic|p1b: Dragapult\n|-damage|p1b: Dragapult|62\/100\n|\n|-weather|SunnyDay|[upkeep]\n|upkeep\n|\n|t:|1727817461\n|switch|p2b: Meowscarada|Meowscarada, L50, F, shiny|100\/100\n|turn|4\n|\n|t:|1727817466\n|switch|p1b: Pawmot|Pawmot, L50, F|100\/100\n|move|p2b: Meowscarada|Sucker Punch||[still]\n|-fail|p2b: Meowscarada\n|move|p2a: Indeedee|Psychic|p1a: will-o-miss\n|-damage|p1a: will-o-miss|0 fnt\n|faint|p1a: will-o-miss\n|-end|p1a: will-o-miss|ability: Neutralizing Gas\n|-fieldstart|move: Psychic Terrain|[from] ability: Psychic Surge|[of] p2a: Indeedee\n|\n|-weather|SunnyDay|[upkeep]\n|upkeep\n|\n|t:|1727817473\n|switch|p1a: Dragapult|Dragapult, L50, F|62\/100\n|turn|5\n|\n|t:|1727817491\n|move|p1a: Dragapult|Dragon Darts|p2a: Indeedee\n|-damage|p2a: Indeedee|31\/100\n|-anim|p1a: Dragapult|Dragon Darts|p2b: Meowscarada\n|-damage|p2b: Meowscarada|42\/100\n|move|p2b: Meowscarada|Knock Off|p1a: Dragapult\n|-supereffective|p1a: Dragapult\n|-damage|p1a: Dragapult|0 fnt\n|-enditem|p1a: Dragapult|Choice Band|[from] move: Knock Off|[of] p2b: Meowscarada\n|faint|p1a: Dragapult\n|move|p1b: Pawmot|Double Shock|p2a: Indeedee\n|-damage|p2a: Indeedee|0 fnt\n|-start|p1b: Pawmot|typechange|???\/Fighting|[from] move: Double Shock\n|-damage|p1b: Pawmot|84\/100|[from] item: Rocky Helmet|[of] p2a: Indeedee\n|faint|p2a: Indeedee\n|\n|-weather|none\n|upkeep\n|turn|6\n|\n|t:|1727817500\n|move|p2b: Meowscarada|Flower Trick|p1b: Pawmot\n|-crit|p1b: Pawmot\n|-damage|p1b: Pawmot|3\/100\n|move|p1b: Pawmot|Revival Blessing|p1b: Pawmot\n|\n|t:|1727817509\n|-heal|p1: Dragapult|50\/100|[from] move: Revival Blessing\n|\n|upkeep\n|switch|p1a: Dragapult|Dragapult, L50, F|50\/100\n|turn|7\n|\n|t:|1727817513\n|move|p2b: Meowscarada|Protect|p2b: Meowscarada\n|-singleturn|p2b: Meowscarada|Protect\n|move|p1a: Dragapult|Dragon Darts|p2b: Meowscarada\n|-activate|p2b: Meowscarada|move: Protect\n|move|p1b: Pawmot|Close Combat|p2b: Meowscarada\n|-activate|p2b: Meowscarada|move: Protect\n|\n|upkeep\n|turn|8\n|\n|t:|1727817517\n|move|p2b: Meowscarada|Protect|p2b: Meowscarada\n|-singleturn|p2b: Meowscarada|Protect\n|move|p1a: Dragapult|Dragon Darts|p2b: Meowscarada\n|-activate|p2b: Meowscarada|move: Protect\n|move|p1b: Pawmot|Close Combat|p2b: Meowscarada\n|-activate|p2b: Meowscarada|move: Protect\n|\n|-fieldend|move: Psychic Terrain\n|upkeep\n|turn|9\n|\n|t:|1727817526\n|move|p2b: Meowscarada|Sucker Punch|p1a: Dragapult\n|-supereffective|p1a: Dragapult\n|-damage|p1a: Dragapult|0 fnt\n|faint|p1a: Dragapult\n|move|p1b: Pawmot|Close Combat|p2b: Meowscarada\n|-supereffective|p2b: Meowscarada\n|-damage|p2b: Meowscarada|0 fnt\n|-unboost|p1b: Pawmot|def|1\n|-unboost|p1b: Pawmot|spd|1\n|faint|p2b: Meowscarada\n|\n|win|Phononmode\n|raw|Phononmode's rating: 1680 &rarr; <strong>1702<\/strong><br \/>(+22 for winning)\n|raw|DeyTey's rating: 1709 &rarr; <strong>1687<\/strong><br \/>(-22 for losing)\n|l|\u2606DeyTey\n|player|p2|\n|l|\u2606Phononmode\n|player|p1|\n","uploadtime":1727817665,"views":14,"formatid":"gen9vgc2024regh","rating":1687,"private":0,"password":null}