{"id":"gen9vgc2024regh-2214839935","format":"[Gen 9] VGC 2024 Reg H","players":["Strangrdangr","Escatross"],"log":"|j|\u2606Strangrdangr\n|j|\u2606Escatross\n|t:|1727934907\n|gametype|doubles\n|player|p1|Strangrdangr|266|1705\n|player|p2|Escatross|2|1730\n|teamsize|p1|6\n|teamsize|p2|6\n|gen|9\n|tier|[Gen 9] VGC 2024 Reg H\n|rated|\n|rule|Species Clause: Limit one of each Pok\u00e9mon\n|rule|Item Clause: Limit 1 of each item\n|clearpoke\n|poke|p1|Dragapult, L50, M|\n|poke|p1|Primarina, L50, M|\n|poke|p1|Tyranitar, L50, F|\n|poke|p1|Porygon2, L50|\n|poke|p1|Decidueye-Hisui, L50, F|\n|poke|p1|Volcarona, L50, M|\n|poke|p2|Dondozo, L50, F|\n|poke|p2|Tatsugiri, L50, M|\n|poke|p2|Gholdengo, L50|\n|poke|p2|Toedscruel, L50, M|\n|poke|p2|Weezing-Galar, L50, M|\n|poke|p2|Incineroar, L50, M|\n|teampreview|4\n|inactive|Battle timer is ON: inactive players will automatically lose when time's up. (requested by Escatross)\n|inactive|Escatross has 60 seconds left.\n|inactive|Strangrdangr has 60 seconds left.\n|\n|t:|1727934961\n|start\n|switch|p1a: Dragapult|Dragapult, L50, M|100\/100\n|switch|p1b: Volcarona|Volcarona, L50, M|100\/100\n|switch|p2a: Gholdengo|Gholdengo, L50|100\/100\n|switch|p2b: Incineroar|Incineroar, L50, M|100\/100\n|-ability|p2b: Incineroar|Intimidate|boost\n|-fail|p1a: Dragapult|unboost|[from] ability: Clear Body|[of] p1a: Dragapult\n|-unboost|p1b: Volcarona|atk|1\n|turn|1\n|inactive|Strangrdangr has 30 seconds left.\n|inactive|Escatross has 30 seconds left.\n|\n|t:|1727934987\n|move|p1b: Volcarona|Protect|p1b: Volcarona\n|-singleturn|p1b: Volcarona|Protect\n|move|p2b: Incineroar|Fake Out|p1b: Volcarona\n|-activate|p1b: Volcarona|move: Protect\n|move|p2a: Gholdengo|Shadow Ball|p1a: Dragapult\n|-supereffective|p1a: Dragapult\n|-damage|p1a: Dragapult|0 fnt\n|faint|p1a: Dragapult\n|\n|upkeep\n|\n|t:|1727934999\n|switch|p1a: Porygon2|Porygon2, L50|100\/100\n|-ability|p1a: Porygon2|Download|boost\n|-boost|p1a: Porygon2|spa|1\n|turn|2\n|\n|t:|1727935010\n|switch|p2a: Dondozo|Dondozo, L50, F|100\/100\n|move|p1b: Volcarona|Overheat|p2a: Dondozo\n|-resisted|p2a: Dondozo\n|-damage|p2a: Dondozo|70\/100\n|-unboost|p1b: Volcarona|spa|2\n|move|p2b: Incineroar|Knock Off|p1b: Volcarona\n|-damage|p1b: Volcarona|43\/100\n|-enditem|p1b: Volcarona|Sitrus Berry|[from] move: Knock Off|[of] p2b: Incineroar\n|move|p1a: Porygon2|Trick Room|p1a: Porygon2\n|-fieldstart|move: Trick Room|[of] p1a: Porygon2\n|\n|-heal|p2a: Dondozo|76\/100|[from] item: Leftovers\n|upkeep\n|turn|3\n|j| garonpappa\n|\n|t:|1727935034\n|move|p1b: Volcarona|Protect|p1b: Volcarona\n|-singleturn|p1b: Volcarona|Protect\n|move|p1a: Porygon2|Thunderbolt|p2a: Dondozo\n|-supereffective|p2a: Dondozo\n|-damage|p2a: Dondozo|23\/100\n|move|p2a: Dondozo|Wave Crash|p1b: Volcarona\n|-activate|p1b: Volcarona|move: Protect\n|move|p2b: Incineroar|Knock Off|p1a: Porygon2\n|-damage|p1a: Porygon2|70\/100\n|-enditem|p1a: Porygon2|Eviolite|[from] move: Knock Off|[of] p2b: Incineroar\n|\n|-heal|p2a: Dondozo|29\/100|[from] item: Leftovers\n|upkeep\n|turn|4\n|inactive|Strangrdangr has 30 seconds left.\n|\n|t:|1727935063\n|move|p2a: Dondozo|Protect|p2a: Dondozo\n|-singleturn|p2a: Dondozo|Protect\n|move|p1a: Porygon2|Thunderbolt|p2a: Dondozo\n|-activate|p2a: Dondozo|move: Protect\n|move|p2b: Incineroar|Flare Blitz|p1b: Volcarona\n|-damage|p1b: Volcarona|0 fnt\n|faint|p1b: Volcarona\n|-damage|p2b: Incineroar|85\/100|[from] Recoil\n|\n|-heal|p2a: Dondozo|36\/100|[from] item: Leftovers\n|upkeep\n|\n|t:|1727935076\n|switch|p1b: Decidueye|Decidueye-Hisui, L50, F|100\/100\n|turn|5\n|\n|t:|1727935094\n|-terastallize|p2b: Incineroar|Grass\n|move|p1b: Decidueye|Protect|p1b: Decidueye\n|-singleturn|p1b: Decidueye|Protect\n|move|p1a: Porygon2|Thunderbolt|p2a: Dondozo\n|-supereffective|p2a: Dondozo\n|-damage|p2a: Dondozo|0 fnt\n|faint|p2a: Dondozo\n|move|p2b: Incineroar|Flare Blitz|p1b: Decidueye\n|-activate|p1b: Decidueye|move: Protect\n|\n|upkeep\n|\n|t:|1727935107\n|switch|p2a: Tatsugiri|Tatsugiri, L50, M|100\/100\n|turn|6\n|\n|t:|1727935121\n|move|p1a: Porygon2|Ice Beam|p2b: Incineroar\n|-supereffective|p2b: Incineroar\n|-damage|p2b: Incineroar|30\/100\n|move|p1b: Decidueye|Triple Arrows|p2a: Tatsugiri\n|-crit|p2a: Tatsugiri\n|-enditem|p2a: Tatsugiri|Focus Sash\n|-damage|p2a: Tatsugiri|1\/100\n|move|p2b: Incineroar|Flare Blitz|p1b: Decidueye\n|-supereffective|p1b: Decidueye\n|-damage|p1b: Decidueye|0 fnt\n|faint|p1b: Decidueye\n|-damage|p2b: Incineroar|0 fnt|[from] Recoil\n|faint|p2b: Incineroar\n|move|p2a: Tatsugiri|Dragon Pulse|p1a: Porygon2\n|-damage|p1a: Porygon2|34\/100\n|\n|-fieldend|move: Trick Room\n|upkeep\n|\n|t:|1727935138\n|switch|p2b: Gholdengo|Gholdengo, L50|100\/100\n|turn|7\n|\n|t:|1727935146\n|-terastallize|p1a: Porygon2|Electric\n|move|p2b: Gholdengo|Make It Rain|p1a: Porygon2\n|-resisted|p1a: Porygon2\n|-damage|p1a: Porygon2|3\/100\n|-unboost|p2b: Gholdengo|spa|1\n|move|p2a: Tatsugiri|Dragon Pulse|p1a: Porygon2\n|-damage|p1a: Porygon2|0 fnt\n|faint|p1a: Porygon2\n|\n|win|Escatross\n|raw|Strangrdangr's rating: 1705 &rarr; <strong>1686<\/strong><br \/>(-19 for losing)\n|raw|Escatross's rating: 1730 &rarr; <strong>1749<\/strong><br \/>(+19 for winning)\n|l| garonpappa\n|l|\u2606Strangrdangr\n|player|p1|\n|l|\u2606Escatross\n|player|p2|\n","uploadtime":1727935311,"views":26,"formatid":"gen9vgc2024regh","rating":1686,"private":0,"password":null}