{"id":"gen9vgc2024regh-2214837930","format":"[Gen 9] VGC 2024 Reg H","players":["moon7777alt2","rough Pult"],"log":"|j|\u2606moon7777alt2\n|j|\u2606rough Pult\n|t:|1727934531\n|gametype|doubles\n|player|p1|moon7777alt2|266|1721\n|player|p2|rough Pult|giovanni|1733\n|teamsize|p1|6\n|teamsize|p2|6\n|gen|9\n|tier|[Gen 9] VGC 2024 Reg H\n|rated|\n|rule|Species Clause: Limit one of each Pok\u00e9mon\n|rule|Item Clause: Limit 1 of each item\n|clearpoke\n|poke|p1|Dragonite, L50, F|\n|poke|p1|Clefable, L50, M|\n|poke|p1|Kingambit, L50, F|\n|poke|p1|Rillaboom, L50, M|\n|poke|p1|Dondozo, L50, F|\n|poke|p1|Sneasler, L50, F|\n|poke|p2|Dondozo, L50, M|\n|poke|p2|Dragonite, L50, M|\n|poke|p2|Kingambit, L50, M|\n|poke|p2|Magmar, L50, F|\n|poke|p2|Rillaboom, L50, M|\n|poke|p2|Sneasler, L50, F|\n|teampreview|4\n|j| mr pogostick\n|\n|t:|1727934597\n|start\n|switch|p1a: Sneasler|Sneasler, L50, F|100\/100\n|switch|p1b: Dragonite|Dragonite, L50, F|100\/100\n|switch|p2a: Magmar|Magmar, L50, F|100\/100\n|switch|p2b: Dragonite|Dragonite, L50, M|100\/100\n|turn|1\n|\n|t:|1727934627\n|-terastallize|p2a: Magmar|Ghost\n|move|p2b: Dragonite|Protect|p2b: Dragonite\n|-singleturn|p2b: Dragonite|Protect\n|move|p1b: Dragonite|Protect|p1b: Dragonite\n|-singleturn|p1b: Dragonite|Protect\n|move|p1a: Sneasler|Dire Claw|p2b: Dragonite\n|-activate|p2b: Dragonite|move: Protect\n|move|p2a: Magmar|Will-O-Wisp|p1b: Dragonite\n|-activate|p1b: Dragonite|move: Protect\n|\n|upkeep\n|turn|2\n|\n|t:|1727934646\n|move|p1a: Sneasler|Coaching|p1b: Dragonite\n|-boost|p1b: Dragonite|atk|1\n|-boost|p1b: Dragonite|def|1\n|move|p2a: Magmar|Will-O-Wisp|p1b: Dragonite\n|-status|p1b: Dragonite|brn\n|move|p2b: Dragonite|Scale Shot|p1a: Sneasler\n|-damage|p1a: Sneasler|75\/100\n|-damage|p1a: Sneasler|50\/100\n|-damage|p1a: Sneasler|24\/100\n|-damage|p1a: Sneasler|0 fnt\n|faint|p1a: Sneasler\n|-hitcount|p1: Sneasler|4\n|-unboost|p2b: Dragonite|def|1\n|-boost|p2b: Dragonite|spe|1\n|move|p1b: Dragonite|Scale Shot|p2b: Dragonite\n|-supereffective|p2b: Dragonite\n|-damage|p2b: Dragonite|84\/100\n|-supereffective|p2b: Dragonite\n|-damage|p2b: Dragonite|52\/100\n|-supereffective|p2b: Dragonite\n|-damage|p2b: Dragonite|21\/100\n|-supereffective|p2b: Dragonite\n|-crit|p2b: Dragonite\n|-damage|p2b: Dragonite|0 fnt\n|faint|p2b: Dragonite\n|-hitcount|p2: Dragonite|4\n|-unboost|p1b: Dragonite|def|1\n|-boost|p1b: Dragonite|spe|1\n|\n|-damage|p1b: Dragonite|95\/100 brn|[from] brn\n|upkeep\n|\n|t:|1727934680\n|switch|p1a: Rillaboom|Rillaboom, L50, M|100\/100\n|switch|p2b: Kingambit|Kingambit, L50, M|100\/100\n|-fieldstart|move: Grassy Terrain|[from] ability: Grassy Surge|[of] p1a: Rillaboom\n|turn|3\n|\n|t:|1727934696\n|-terastallize|p1a: Rillaboom|Fire\n|move|p2b: Kingambit|Protect|p2b: Kingambit\n|-singleturn|p2b: Kingambit|Protect\n|move|p1b: Dragonite|Scale Shot|p2a: Magmar\n|-damage|p2a: Magmar|92\/100\n|-crit|p2a: Magmar\n|-damage|p2a: Magmar|79\/100\n|-crit|p2a: Magmar\n|-damage|p2a: Magmar|66\/100\n|-damage|p2a: Magmar|57\/100\n|-damage|p2a: Magmar|48\/100\n|-hitcount|p2a: Magmar|5\n|-unboost|p1b: Dragonite|def|1\n|-boost|p1b: Dragonite|spe|1\n|move|p2a: Magmar|Will-O-Wisp|p1a: Rillaboom\n|-immune|p1a: Rillaboom\n|move|p1a: Rillaboom|Wood Hammer|p2a: Magmar\n|-damage|p2a: Magmar|0 fnt\n|faint|p2a: Magmar\n|-damage|p1a: Rillaboom|88\/100|[from] Recoil\n|\n|-heal|p1a: Rillaboom|94\/100|[from] Grassy Terrain\n|-damage|p1b: Dragonite|89\/100 brn|[from] brn\n|upkeep\n|\n|t:|1727934723\n|switch|p2a: Sneasler|Sneasler, L50, F|100\/100\n|turn|4\n|\n|t:|1727934748\n|move|p2a: Sneasler|Protect|p2a: Sneasler\n|-singleturn|p2a: Sneasler|Protect\n|move|p1b: Dragonite|Stomping Tantrum|p2a: Sneasler\n|-activate|p2a: Sneasler|move: Protect\n|move|p1a: Rillaboom|U-turn|p2a: Sneasler\n|-activate|p2a: Sneasler|move: Protect\n|move|p2b: Kingambit|Kowtow Cleave|p1b: Dragonite\n|-damage|p1b: Dragonite|18\/100 brn\n|\n|-heal|p1a: Rillaboom|99\/100|[from] Grassy Terrain\n|-damage|p1b: Dragonite|12\/100 brn|[from] brn\n|upkeep\n|turn|5\n|\n|t:|1727934769\n|move|p1b: Dragonite|Extreme Speed|p2a: Sneasler\n|-damage|p2a: Sneasler|62\/100\n|move|p2b: Kingambit|Sucker Punch||[still]\n|-fail|p2b: Kingambit\n|move|p2a: Sneasler|Coaching|p2b: Kingambit\n|-boost|p2b: Kingambit|atk|1\n|-boost|p2b: Kingambit|def|1\n|move|p1a: Rillaboom|Wood Hammer|p2a: Sneasler\n|-resisted|p2a: Sneasler\n|-damage|p2a: Sneasler|0 fnt\n|faint|p2a: Sneasler\n|-damage|p1a: Rillaboom|84\/100|[from] Recoil\n|\n|-heal|p1a: Rillaboom|90\/100|[from] Grassy Terrain\n|-damage|p1b: Dragonite|6\/100 brn|[from] brn\n|upkeep\n|turn|6\n|\n|t:|1727934804\n|move|p1b: Dragonite|Stomping Tantrum|p2b: Kingambit\n|-supereffective|p2b: Kingambit\n|-crit|p2b: Kingambit\n|-damage|p2b: Kingambit|61\/100\n|move|p1a: Rillaboom|U-turn|p2b: Kingambit\n|-damage|p2b: Kingambit|49\/100\n|\n|t:|1727934810\n|switch|p1a: Dondozo|Dondozo, L50, F|100\/100|[from] U-turn\n|move|p2b: Kingambit|Swords Dance|p2b: Kingambit\n|-boost|p2b: Kingambit|atk|2\n|\n|-heal|p2b: Kingambit|54\/100|[from] Grassy Terrain\n|-damage|p1b: Dragonite|0 fnt|[from] brn\n|faint|p1b: Dragonite\n|upkeep\n|\n|t:|1727934818\n|switch|p1b: Rillaboom|Rillaboom, L50, M, tera:Fire|90\/100\n|turn|7\n|\n|t:|1727934823\n|move|p2b: Kingambit|Protect|p2b: Kingambit\n|-singleturn|p2b: Kingambit|Protect\n|move|p1b: Rillaboom|Fake Out|p2b: Kingambit\n|-activate|p2b: Kingambit|move: Protect\n|move|p1a: Dondozo|Curse|p1a: Dondozo\n|-unboost|p1a: Dondozo|spe|1\n|-boost|p1a: Dondozo|atk|1\n|-boost|p1a: Dondozo|def|1\n|\n|-heal|p1b: Rillaboom|96\/100|[from] Grassy Terrain\n|-heal|p2b: Kingambit|60\/100|[from] Grassy Terrain\n|-fieldend|move: Grassy Terrain\n|upkeep\n|turn|8\n|\n|t:|1727934837\n|move|p1b: Rillaboom|U-turn|p2b: Kingambit\n|-damage|p2b: Kingambit|49\/100\n|move|p2b: Kingambit|Kowtow Cleave|p1a: Dondozo\n|-damage|p1a: Dondozo|79\/100\n|move|p1a: Dondozo|Yawn|p2b: Kingambit\n|-start|p2b: Kingambit|move: Yawn|[of] p1a: Dondozo\n|\n|-heal|p1a: Dondozo|86\/100|[from] item: Leftovers\n|upkeep\n|turn|9\n|-message|rough Pult forfeited.\n|\n|win|moon7777alt2\n|raw|moon7777alt2's rating: 1721 &rarr; <strong>1742<\/strong><br \/>(+21 for winning)\n|raw|rough Pult's rating: 1733 &rarr; <strong>1712<\/strong><br \/>(-21 for losing)\n|l|\u2606rough Pult\n|player|p2|\n|c|\u2606moon7777alt2|gg\n|l|\u2606moon7777alt2\n|player|p1|\n|l| mr pogostick\n","uploadtime":1727935031,"views":23,"formatid":"gen9vgc2024regh","rating":1712,"private":0,"password":null}