{"id":"gen9vgc2024regh-2214150466","format":"[Gen 9] VGC 2024 Reg H","players":["srlopezlot","Engineer vgc"],"log":"|j|\u2606srlopezlot\n|j|\u2606Engineer vgc\n|t:|1727858877\n|gametype|doubles\n|player|p1|srlopezlot|102|1721\n|player|p2|Engineer vgc|170|1692\n|teamsize|p1|6\n|teamsize|p2|6\n|gen|9\n|tier|[Gen 9] VGC 2024 Reg H\n|rated|\n|rule|Species Clause: Limit one of each Pok\u00e9mon\n|rule|Item Clause: Limit 1 of each item\n|clearpoke\n|poke|p1|Kingambit, L50, F|\n|poke|p1|Dondozo, L50, M|\n|poke|p1|Tatsugiri, L50, M|\n|poke|p1|Dragonite, L50, M|\n|poke|p1|Sylveon, L50, M|\n|poke|p1|Archaludon, L50, F|\n|poke|p2|Gholdengo, L50|\n|poke|p2|Garchomp, L50, F|\n|poke|p2|Tyranitar, L50, M|\n|poke|p2|Amoonguss, L50, M|\n|poke|p2|Primarina, L50, F|\n|poke|p2|Kilowattrel, L50, F|\n|teampreview|4\n|j| mr pogostick\n|\n|t:|1727858947\n|start\n|switch|p1a: Dondozo|Dondozo, L50, M|100\/100\n|switch|p1b: Archaludon|Archaludon, L50, F|100\/100\n|switch|p2a: Amoonguss|Amoonguss, L50, M|100\/100\n|switch|p2b: Garchomp|Garchomp, L50, F|100\/100\n|turn|1\n|\n|t:|1727858963\n|switch|p1b: Tatsugiri|Tatsugiri, L50, M|100\/100\n|-activate|p1b: Tatsugiri|ability: Commander|[of] p1a: Dondozo\n|-boost|p1a: Dondozo|atk|2\n|-boost|p1a: Dondozo|spa|2\n|-boost|p1a: Dondozo|spe|2\n|-boost|p1a: Dondozo|def|2\n|-boost|p1a: Dondozo|spd|2\n|-terastallize|p1a: Dondozo|Flying\n|move|p2b: Garchomp|Protect|p2b: Garchomp\n|-singleturn|p2b: Garchomp|Protect\n|move|p1a: Dondozo|Tera Blast|p2a: Amoonguss|[anim] Tera Blast Flying\n|-supereffective|p2a: Amoonguss\n|-damage|p2a: Amoonguss|0 fnt\n|faint|p2a: Amoonguss\n|\n|upkeep\n|\n|t:|1727858970\n|switch|p2a: Primarina|Primarina, L50, F|100\/100\n|turn|2\n|\n|t:|1727858986\n|switch|p2b: Gholdengo|Gholdengo, L50|100\/100\n|move|p2a: Primarina|Protect|p2a: Primarina\n|-singleturn|p2a: Primarina|Protect\n|move|p1a: Dondozo|Tera Blast|p2a: Primarina|[anim] Tera Blast Flying\n|-activate|p2a: Primarina|move: Protect\n|\n|upkeep\n|turn|3\n|\n|t:|1727858995\n|move|p2b: Gholdengo|Shadow Ball|p1a: Dondozo\n|-damage|p1a: Dondozo|74\/100\n|move|p1a: Dondozo|Tera Blast|p2a: Primarina|[anim] Tera Blast Flying\n|-damage|p2a: Primarina|10\/100\n|move|p2a: Primarina|Haze|p2a: Primarina\n|-clearallboost\n|\n|upkeep\n|turn|4\n|\n|t:|1727859010\n|move|p2b: Gholdengo|Shadow Ball|p1a: Dondozo\n|-damage|p1a: Dondozo|17\/100\n|move|p2a: Primarina|Moonblast|p1a: Dondozo\n|-damage|p1a: Dondozo|0 fnt\n|faint|p1a: Dondozo\n|\n|upkeep\n|\n|t:|1727859028\n|switch|p1a: Archaludon|Archaludon, L50, F|100\/100\n|turn|5\n|\n|t:|1727859042\n|move|p2a: Primarina|Protect|p2a: Primarina\n|-singleturn|p2a: Primarina|Protect\n|move|p1a: Archaludon|Electro Shot||[still]\n|-prepare|p1a: Archaludon|Electro Shot\n|-boost|p1a: Archaludon|spa|1\n|-enditem|p1a: Archaludon|Power Herb\n|-anim|p1a: Archaludon|Electro Shot|p2b: Gholdengo\n|-damage|p2b: Gholdengo|17\/100\n|move|p2b: Gholdengo|Shadow Ball|p1a: Archaludon\n|-damage|p1a: Archaludon|8\/100\n|-unboost|p1a: Archaludon|spd|1\n|move|p1b: Tatsugiri|Muddy Water|p2b: Gholdengo|[spread] p2b\n|-activate|p2a: Primarina|move: Protect\n|-damage|p2b: Gholdengo|0 fnt\n|faint|p2b: Gholdengo\n|\n|upkeep\n|\n|t:|1727859057\n|switch|p2b: Garchomp|Garchomp, L50, F|100\/100\n|turn|6\n|\n|t:|1727859067\n|move|p2b: Garchomp|Stomping Tantrum|p1a: Archaludon\n|-supereffective|p1a: Archaludon\n|-damage|p1a: Archaludon|0 fnt\n|faint|p1a: Archaludon\n|-damage|p2b: Garchomp|91\/100|[from] item: Life Orb\n|move|p1b: Tatsugiri|Muddy Water|p2b: Garchomp|[spread] p2a,p2b\n|-resisted|p2a: Primarina\n|-damage|p2a: Primarina|0 fnt\n|-damage|p2b: Garchomp|59\/100\n|faint|p2a: Primarina\n|\n|upkeep\n|\n|t:|1727859079\n|switch|p1a: Kingambit|Kingambit, L50, F|100\/100\n|turn|7\n|\n|t:|1727859099\n|-terastallize|p2b: Garchomp|Ground\n|move|p1a: Kingambit|Sucker Punch|p2b: Garchomp\n|-damage|p2b: Garchomp|21\/100\n|-damage|p1a: Kingambit|88\/100|[from] ability: Rough Skin|[of] p2b: Garchomp\n|move|p2b: Garchomp|Earthquake|p1b: Tatsugiri|[spread] p1a,p1b\n|-supereffective|p1a: Kingambit\n|-damage|p1a: Kingambit|0 fnt\n|-enditem|p1b: Tatsugiri|Focus Sash\n|-damage|p1b: Tatsugiri|1\/100\n|faint|p1a: Kingambit\n|-damage|p2b: Garchomp|11\/100|[from] item: Life Orb\n|move|p1b: Tatsugiri|Draco Meteor|p2b: Garchomp\n|-damage|p2b: Garchomp|0 fnt\n|-unboost|p1b: Tatsugiri|spa|2\n|faint|p2b: Garchomp\n|\n|win|srlopezlot\n|raw|srlopezlot's rating: 1721 &rarr; <strong>1739<\/strong><br \/>(+18 for winning)\n|raw|Engineer vgc's rating: 1692 &rarr; <strong>1674<\/strong><br \/>(-18 for losing)\n|l| mr pogostick\n|l|\u2606Engineer vgc\n|player|p2|\n|l|\u2606srlopezlot\n|player|p1|\n","uploadtime":1727859358,"views":36,"formatid":"gen9vgc2024regh","rating":1674,"private":0,"password":null}