{"id":"gen9vgc2024regh-2214036858","format":"[Gen 9] VGC 2024 Reg H","players":["post_testing","stbai"],"log":"|j|\u2606post_testing\n|j|\u2606stbai\n|t:|1727839142\n|gametype|doubles\n|player|p1|post_testing|265|1658\n|player|p2|stbai|janitor|1714\n|teamsize|p1|6\n|teamsize|p2|6\n|gen|9\n|tier|[Gen 9] VGC 2024 Reg H\n|rated|\n|rule|Species Clause: Limit one of each Pok\u00e9mon\n|rule|Item Clause: Limit 1 of each item\n|clearpoke\n|poke|p1|Archaludon, L50, M|\n|poke|p1|Grimmsnarl, L50, M|\n|poke|p1|Volcarona, L50, M|\n|poke|p1|Pelipper, L50, F|\n|poke|p1|Sinistcha, L50|\n|poke|p1|Maushold, L50|\n|poke|p2|Rillaboom, L50, F|\n|poke|p2|Primarina, L50, F|\n|poke|p2|Magmar, L50, M|\n|poke|p2|Kingambit, L50, M|\n|poke|p2|Dragapult, L50, F|\n|poke|p2|Sneasler, L50, M|\n|teampreview|4\n|inactive|Battle timer is ON: inactive players will automatically lose when time's up. (requested by stbai)\n|inactive|post_testing has 60 seconds left.\n|\n|t:|1727839174\n|start\n|switch|p1a: Grimmsnarl|Grimmsnarl, L50, M|100\/100\n|switch|p1b: Archaludon|Archaludon, L50, M|100\/100\n|switch|p2a: Magmar|Magmar, L50, M|100\/100\n|switch|p2b: Rillaboom|Rillaboom, L50, F, shiny|100\/100\n|-fieldstart|move: Grassy Terrain|[from] ability: Grassy Surge|[of] p2b: Rillaboom\n|turn|1\n|j| biect\n|\n|t:|1727839195\n|move|p2b: Rillaboom|Fake Out|p1a: Grimmsnarl\n|-damage|p1a: Grimmsnarl|88\/100\n|cant|p1a: Grimmsnarl|flinch\n|move|p2a: Magmar|Will-O-Wisp|p1b: Archaludon\n|-status|p1b: Archaludon|brn\n|move|p1b: Archaludon|Snarl|p2b: Rillaboom|[spread] p2a\n|-miss|p1b: Archaludon|p2b: Rillaboom\n|-damage|p2a: Magmar|91\/100\n|-unboost|p2a: Magmar|spa|1\n|\n|-heal|p2a: Magmar|97\/100|[from] Grassy Terrain\n|-heal|p1a: Grimmsnarl|94\/100|[from] Grassy Terrain\n|-damage|p1b: Archaludon|94\/100 brn|[from] brn\n|upkeep\n|turn|2\n|\n|t:|1727839216\n|move|p2a: Magmar|Helping Hand|p2b: Rillaboom\n|-singleturn|p2b: Rillaboom|Helping Hand|[of] p2a: Magmar\n|move|p1a: Grimmsnarl|Reflect|p1a: Grimmsnarl\n|-sidestart|p1: post_testing|Reflect\n|move|p2b: Rillaboom|Wood Hammer|p1a: Grimmsnarl\n|-damage|p1a: Grimmsnarl|23\/100\n|-damage|p2b: Rillaboom|76\/100|[from] Recoil\n|move|p1b: Archaludon|Snarl|p2b: Rillaboom|[spread] p2a,p2b\n|-damage|p2a: Magmar|88\/100\n|-damage|p2b: Rillaboom|66\/100\n|-unboost|p2a: Magmar|spa|1\n|-unboost|p2b: Rillaboom|spa|1\n|\n|-heal|p2b: Rillaboom|73\/100|[from] Grassy Terrain\n|-heal|p2a: Magmar|94\/100|[from] Grassy Terrain\n|-heal|p1b: Archaludon|100\/100 brn|[from] Grassy Terrain\n|-heal|p1a: Grimmsnarl|29\/100|[from] Grassy Terrain\n|-damage|p1b: Archaludon|94\/100 brn|[from] brn\n|upkeep\n|turn|3\n|j| Therazer456\n|inactive|post_testing has 30 seconds left.\n|\n|t:|1727839247\n|move|p2a: Magmar|Helping Hand|p2b: Rillaboom\n|-singleturn|p2b: Rillaboom|Helping Hand|[of] p2a: Magmar\n|move|p2b: Rillaboom|Grassy Glide|p1a: Grimmsnarl\n|-damage|p1a: Grimmsnarl|0 fnt\n|faint|p1a: Grimmsnarl\n|move|p1b: Archaludon|Dragon Pulse|p2b: Rillaboom\n|-damage|p2b: Rillaboom|42\/100\n|\n|-heal|p2b: Rillaboom|49\/100|[from] Grassy Terrain\n|-heal|p2a: Magmar|99\/100|[from] Grassy Terrain\n|-heal|p1b: Archaludon|100\/100 brn|[from] Grassy Terrain\n|-damage|p1b: Archaludon|94\/100 brn|[from] brn\n|upkeep\n|\n|t:|1727839262\n|switch|p1a: dahyun|Pelipper, L50, F|100\/100\n|-weather|RainDance|[from] ability: Drizzle|[of] p1a: dahyun\n|turn|4\n|\n|t:|1727839271\n|move|p2a: Magmar|Follow Me|p2a: Magmar\n|-singleturn|p2a: Magmar|move: Follow Me\n|move|p1a: dahyun|Weather Ball|p2a: Magmar\n|-supereffective|p2a: Magmar\n|-damage|p2a: Magmar|8\/100\n|move|p2b: Rillaboom|Wood Hammer|p1a: dahyun\n|-damage|p1a: dahyun|36\/100\n|-damage|p2b: Rillaboom|34\/100|[from] Recoil\n|move|p1b: Archaludon|Electro Shot||[still]\n|-prepare|p1b: Archaludon|Electro Shot\n|-boost|p1b: Archaludon|spa|1\n|-anim|p1b: Archaludon|Electro Shot|p2a: Magmar\n|-crit|p2a: Magmar\n|-damage|p2a: Magmar|0 fnt\n|faint|p2a: Magmar\n|\n|-weather|RainDance|[upkeep]\n|-heal|p2b: Rillaboom|40\/100|[from] Grassy Terrain\n|-heal|p1b: Archaludon|100\/100 brn|[from] Grassy Terrain\n|-damage|p1b: Archaludon|94\/100 brn|[from] brn\n|upkeep\n|\n|t:|1727839291\n|switch|p2a: Sneasler|Sneasler, L50, M|100\/100\n|turn|5\n|\n|t:|1727839299\n|switch|p1a: Sinistcha|Sinistcha, L50|100\/100\n|-heal|p1b: Archaludon|100\/100 brn|[from] ability: Hospitality|[of] p1a: Sinistcha\n|-terastallize|p1b: Archaludon|Fairy\n|move|p2a: Sneasler|Fake Out|p1a: Sinistcha\n|-immune|p1a: Sinistcha\n|move|p2b: Rillaboom|High Horsepower|p1b: Archaludon\n|-damage|p1b: Archaludon|86\/100 brn\n|-ability|p1b: Archaludon|Stamina|boost\n|-boost|p1b: Archaludon|def|1\n|move|p1b: Archaludon|Electro Shot||[still]\n|-prepare|p1b: Archaludon|Electro Shot\n|-boost|p1b: Archaludon|spa|1\n|-anim|p1b: Archaludon|Electro Shot|p2a: Sneasler\n|-enditem|p2a: Sneasler|Focus Sash\n|-damage|p2a: Sneasler|1\/100\n|\n|-weather|RainDance|[upkeep]\n|-heal|p2a: Sneasler|7\/100|[from] Grassy Terrain\n|-heal|p2b: Rillaboom|46\/100|[from] Grassy Terrain\n|-heal|p1b: Archaludon|93\/100 brn|[from] Grassy Terrain\n|-damage|p1b: Archaludon|86\/100 brn|[from] brn\n|-fieldend|move: Grassy Terrain\n|upkeep\n|turn|6\n|inactive|post_testing has 30 seconds left.\n|\n|t:|1727839333\n|move|p1a: Sinistcha|Rage Powder|p1a: Sinistcha\n|-singleturn|p1a: Sinistcha|move: Rage Powder\n|move|p2a: Sneasler|Dire Claw|p1a: Sinistcha\n|-damage|p1a: Sinistcha|80\/100\n|-status|p1a: Sinistcha|psn|[from] ability: Poison Touch|[of] p2a: Sneasler\n|move|p2b: Rillaboom|Wood Hammer|p1b: Archaludon\n|-damage|p1b: Archaludon|67\/100 brn\n|-ability|p1b: Archaludon|Stamina|boost\n|-boost|p1b: Archaludon|def|1\n|-damage|p2b: Rillaboom|39\/100|[from] Recoil\n|move|p1b: Archaludon|Electro Shot||[still]\n|-prepare|p1b: Archaludon|Electro Shot\n|-boost|p1b: Archaludon|spa|1\n|-anim|p1b: Archaludon|Electro Shot|p2b: Rillaboom\n|-resisted|p2b: Rillaboom\n|-damage|p2b: Rillaboom|5\/100\n|\n|-weather|RainDance|[upkeep]\n|-damage|p1a: Sinistcha|67\/100 psn|[from] psn\n|-damage|p1b: Archaludon|60\/100 brn|[from] brn\n|upkeep\n|turn|7\n|inactive|post_testing has 30 seconds left.\n|inactive|stbai has 30 seconds left.\n|j| Yawnchamp\n|inactive|stbai has 20 seconds left.\n|\n|t:|1727839369\n|switch|p2b: Primarina|Primarina, L50, F, shiny|100\/100\n|move|p2a: Sneasler|Dire Claw|p1b: Archaludon\n|-supereffective|p1b: Archaludon\n|-damage|p1b: Archaludon|39\/100 brn\n|-ability|p1b: Archaludon|Stamina|boost\n|-boost|p1b: Archaludon|def|1\n|move|p1b: Archaludon|Snarl|p2b: Primarina|[spread] p2a,p2b\n|-resisted|p2a: Sneasler\n|-resisted|p2b: Primarina\n|-damage|p2a: Sneasler|0 fnt\n|-damage|p2b: Primarina|86\/100\n|-unboost|p2b: Primarina|spa|1\n|faint|p2a: Sneasler\n|move|p1a: Sinistcha|Life Dew|p1a: Sinistcha|[spread] p1a,p1b\n|-heal|p1a: Sinistcha|93\/100 psn\n|-heal|p1b: Archaludon|64\/100 brn\n|\n|-weather|RainDance|[upkeep]\n|-damage|p1a: Sinistcha|80\/100 psn|[from] psn\n|-damage|p1b: Archaludon|58\/100 brn|[from] brn\n|upkeep\n|\n|t:|1727839371\n|switch|p2a: Rillaboom|Rillaboom, L50, F, shiny|5\/100\n|-fieldstart|move: Grassy Terrain|[from] ability: Grassy Surge|[of] p2a: Rillaboom\n|turn|8\n|l| Yawnchamp\n|inactive|post_testing has 30 seconds left.\n|\n|t:|1727839399\n|move|p2a: Rillaboom|Fake Out|p1b: Archaludon\n|-damage|p1b: Archaludon|55\/100 brn\n|-ability|p1b: Archaludon|Stamina|boost\n|-boost|p1b: Archaludon|def|1\n|cant|p1b: Archaludon|flinch\n|move|p2b: Primarina|Hyper Voice|p1b: Archaludon|[spread] p1a,p1b\n|-resisted|p1a: Sinistcha\n|-damage|p1a: Sinistcha|63\/100 psn\n|-damage|p1b: Archaludon|32\/100 brn\n|-ability|p1b: Archaludon|Stamina|boost\n|-boost|p1b: Archaludon|def|1\n|move|p1a: Sinistcha|Matcha Gotcha|p2b: Primarina|[spread] p2a,p2b\n|-resisted|p2a: Rillaboom\n|-supereffective|p2b: Primarina\n|-damage|p2a: Rillaboom|0 fnt\n|-heal|p1a: Sinistcha|66\/100 psn|[from] drain|[of] p2a: Rillaboom\n|-damage|p2b: Primarina|30\/100\n|-heal|p1a: Sinistcha|94\/100 psn|[from] drain|[of] p2b: Primarina\n|-enditem|p2b: Primarina|Sitrus Berry|[eat]\n|-heal|p2b: Primarina|55\/100|[from] item: Sitrus Berry\n|faint|p2a: Rillaboom\n|\n|-weather|none\n|-heal|p1b: Archaludon|38\/100 brn|[from] Grassy Terrain\n|-heal|p2b: Primarina|61\/100|[from] Grassy Terrain\n|-heal|p1a: Sinistcha|100\/100 psn|[from] Grassy Terrain\n|-damage|p1a: Sinistcha|88\/100 psn|[from] psn\n|-damage|p1b: Archaludon|32\/100 brn|[from] brn\n|upkeep\n|turn|9\n|inactive|post_testing has 30 seconds left.\n|inactive|stbai has 30 seconds left.\n|-message|stbai forfeited.\n|\n|win|post_testing\n|raw|post_testing's rating: 1658 &rarr; <strong>1682<\/strong><br \/>(+24 for winning)\n|raw|stbai's rating: 1729 &rarr; <strong>1705<\/strong><br \/>(-24 for losing)\n|l|\u2606stbai\n|player|p2|\n|l| biect\n|l| Therazer456\n","uploadtime":1727839702,"views":16,"formatid":"gen9vgc2024regh","rating":1682,"private":0,"password":null}