{"id":"gen9vgc2024regh-2214345228","format":"[Gen 9] VGC 2024 Reg H","players":["tremendo_perkin","Shikanoko32"],"log":"|j|\u2606tremendo_perkin\n|j|\u2606Shikanoko32\n|t:|1727881325\n|gametype|doubles\n|player|p1|tremendo_perkin|2|1731\n|player|p2|Shikanoko32|101|1718\n|teamsize|p1|6\n|teamsize|p2|6\n|gen|9\n|tier|[Gen 9] VGC 2024 Reg H\n|rated|\n|rule|Species Clause: Limit one of each Pok\u00e9mon\n|rule|Item Clause: Limit 1 of each item\n|clearpoke\n|poke|p1|Archaludon, L50, F|\n|poke|p1|Pelipper, L50, M|\n|poke|p1|Maushold-Four, L50|\n|poke|p1|Annihilape, L50, F|\n|poke|p1|Sinistcha, L50|\n|poke|p1|Grimmsnarl, L50, M|\n|poke|p2|Kingambit, L50, M|\n|poke|p2|Electabuzz, L50, F|\n|poke|p2|Primarina, L50, M|\n|poke|p2|Rillaboom, L50, M|\n|poke|p2|Sneasler, L50, M|\n|poke|p2|Ceruledge, L50, F|\n|teampreview|4\n|inactive|Battle timer is ON: inactive players will automatically lose when time's up. (requested by tremendo_perkin)\n|inactive|Shikanoko32 has 60 seconds left.\n|\n|t:|1727881380\n|start\n|switch|p1a: Maushold|Maushold-Four, L50|100\/100\n|switch|p1b: Annihilape|Annihilape, L50, F|100\/100\n|switch|p2a: Electabuzz|Electabuzz, L50, F|100\/100\n|switch|p2b: Kingambit|Kingambit, L50, M|100\/100\n|turn|1\n|\n|t:|1727881391\n|move|p2a: Electabuzz|Follow Me|p2a: Electabuzz\n|-singleturn|p2a: Electabuzz|move: Follow Me\n|move|p1a: Maushold|Taunt|p2a: Electabuzz\n|-start|p2a: Electabuzz|move: Taunt\n|move|p1b: Annihilape|Bulk Up|p1b: Annihilape\n|-boost|p1b: Annihilape|atk|1\n|-boost|p1b: Annihilape|def|1\n|move|p2b: Kingambit|Swords Dance|p2b: Kingambit\n|-boost|p2b: Kingambit|atk|2\n|\n|upkeep\n|turn|2\n|\n|t:|1727881408\n|switch|p2a: Rillaboom|Rillaboom, L50, M|100\/100\n|-fieldstart|move: Grassy Terrain|[from] ability: Grassy Surge|[of] p2a: Rillaboom\n|move|p2b: Kingambit|Protect|p2b: Kingambit\n|-singleturn|p2b: Kingambit|Protect\n|move|p1a: Maushold|Beat Up|p1b: Annihilape\n|-damage|p1b: Annihilape|99\/100\n|-damage|p1b: Annihilape|98\/100\n|-damage|p1b: Annihilape|97\/100\n|-damage|p1b: Annihilape|96\/100\n|-hitcount|p1b: Annihilape|4\n|move|p1b: Annihilape|Drain Punch|p2b: Kingambit\n|-activate|p2b: Kingambit|move: Protect\n|\n|-heal|p1b: Annihilape|100\/100|[from] Grassy Terrain\n|upkeep\n|turn|3\n|inactive|Shikanoko32 has 30 seconds left.\n|\n|t:|1727881441\n|-terastallize|p1a: Maushold|Ghost\n|-terastallize|p2b: Kingambit|Dark\n|move|p2a: Rillaboom|Fake Out|p1a: Maushold\n|-immune|p1a: Maushold\n|move|p1a: Maushold|Follow Me|p1a: Maushold\n|-singleturn|p1a: Maushold|move: Follow Me\n|move|p2b: Kingambit|Sucker Punch||[still]\n|-fail|p2b: Kingambit\n|move|p1b: Annihilape|Drain Punch|p2b: Kingambit\n|-supereffective|p2b: Kingambit\n|-damage|p2b: Kingambit|21\/100\n|\n|-heal|p2b: Kingambit|27\/100|[from] Grassy Terrain\n|upkeep\n|turn|4\n|\n|t:|1727881464\n|move|p2b: Kingambit|Protect|p2b: Kingambit\n|-singleturn|p2b: Kingambit|Protect\n|move|p1a: Maushold|Follow Me|p1a: Maushold\n|-singleturn|p1a: Maushold|move: Follow Me\n|move|p1b: Annihilape|Rage Fist|p2a: Rillaboom\n|-damage|p2a: Rillaboom|0 fnt\n|faint|p2a: Rillaboom\n|\n|-heal|p2b: Kingambit|33\/100|[from] Grassy Terrain\n|upkeep\n|\n|t:|1727881477\n|switch|p2a: Electabuzz|Electabuzz, L50, F|100\/100\n|turn|5\n|\n|t:|1727881489\n|move|p2a: Electabuzz|Follow Me|p2a: Electabuzz\n|-singleturn|p2a: Electabuzz|move: Follow Me\n|move|p1a: Maushold|Taunt|p2a: Electabuzz\n|-start|p2a: Electabuzz|move: Taunt\n|move|p1b: Annihilape|Bulk Up|p1b: Annihilape\n|-boost|p1b: Annihilape|atk|1\n|-boost|p1b: Annihilape|def|1\n|move|p2b: Kingambit|Kowtow Cleave|p1b: Annihilape\n|-damage|p1b: Annihilape|50\/100\n|\n|-heal|p1b: Annihilape|56\/100|[from] Grassy Terrain\n|-heal|p1b: Annihilape|63\/100|[from] item: Leftovers\n|-heal|p2b: Kingambit|39\/100|[from] Grassy Terrain\n|upkeep\n|turn|6\n|\n|t:|1727881509\n|move|p2b: Kingambit|Protect|p2b: Kingambit\n|-singleturn|p2b: Kingambit|Protect\n|move|p1a: Maushold|Follow Me|p1a: Maushold\n|-singleturn|p1a: Maushold|move: Follow Me\n|move|p2a: Electabuzz|Electroweb|p1b: Annihilape|[spread] p1a,p1b\n|-damage|p1a: Maushold|84\/100\n|-damage|p1b: Annihilape|54\/100\n|-unboost|p1a: Maushold|spe|1\n|-unboost|p1b: Annihilape|spe|1\n|-ability|p1b: Annihilape|Defiant|boost\n|-boost|p1b: Annihilape|atk|2\n|move|p1b: Annihilape|Rage Fist|p2a: Electabuzz\n|-damage|p2a: Electabuzz|0 fnt\n|faint|p2a: Electabuzz\n|\n|-heal|p1a: Maushold|90\/100|[from] Grassy Terrain\n|-heal|p1b: Annihilape|60\/100|[from] Grassy Terrain\n|-heal|p1b: Annihilape|66\/100|[from] item: Leftovers\n|-heal|p2b: Kingambit|44\/100|[from] Grassy Terrain\n|-fieldend|move: Grassy Terrain\n|upkeep\n|\n|t:|1727881529\n|switch|p2a: Ceruledge|Ceruledge, L50, F|100\/100\n|turn|7\n|\n|t:|1727881538\n|move|p1a: Maushold|Follow Me|p1a: Maushold\n|-singleturn|p1a: Maushold|move: Follow Me\n|move|p2a: Ceruledge|Poltergeist|p1a: Maushold\n|-activate|p1a: Maushold|move: Poltergeist|Safety Goggles\n|-supereffective|p1a: Maushold\n|-damage|p1a: Maushold|0 fnt\n|faint|p1a: Maushold\n|move|p1b: Annihilape|Drain Punch|p2b: Kingambit\n|-supereffective|p2b: Kingambit\n|-damage|p2b: Kingambit|0 fnt\n|-heal|p1b: Annihilape|88\/100|[from] drain|[of] p2b: Kingambit\n|faint|p2b: Kingambit\n|\n|-heal|p1b: Annihilape|95\/100|[from] item: Leftovers\n|upkeep\n|-message|Shikanoko32 forfeited.\n|\n|win|tremendo_perkin\n|raw|tremendo_perkin's rating: 1731 &rarr; <strong>1750<\/strong><br \/>(+19 for winning)\n|raw|Shikanoko32's rating: 1718 &rarr; <strong>1699<\/strong><br \/>(-19 for losing)\n|l|\u2606Shikanoko32\n|player|p2|\n|l|\u2606tremendo_perkin\n|player|p1|\n","uploadtime":1727881781,"views":19,"formatid":"gen9vgc2024regh","rating":1699,"private":0,"password":null}