{"id":"gen9vgc2024regh-2214166975","format":"[Gen 9] VGC 2024 Reg H","players":["aires17","Engineer vgc"],"log":"|j|\u2606aires17\n|j|\u2606Engineer vgc\n|t:|1727861459\n|gametype|doubles\n|player|p1|aires17|richboy|1641\n|player|p2|Engineer vgc|170|1691\n|teamsize|p1|6\n|teamsize|p2|6\n|gen|9\n|tier|[Gen 9] VGC 2024 Reg H\n|rated|\n|rule|Species Clause: Limit one of each Pok\u00e9mon\n|rule|Item Clause: Limit 1 of each item\n|clearpoke\n|poke|p1|Indeedee, L50, M|\n|poke|p1|Sneasler, L50, F|\n|poke|p1|Torkoal, L50, F|\n|poke|p1|Lilligant-Hisui, L50, F|\n|poke|p1|Dragapult, L50, F|\n|poke|p1|Talonflame, L50, F|\n|poke|p2|Gholdengo, L50|\n|poke|p2|Garchomp, L50, F|\n|poke|p2|Tyranitar, L50, M|\n|poke|p2|Amoonguss, L50, M|\n|poke|p2|Primarina, L50, F|\n|poke|p2|Kilowattrel, L50, F|\n|teampreview|4\n|inactive|Battle timer is ON: inactive players will automatically lose when time's up. (requested by aires17)\naires17 rejected open team sheets.\n|inactive|Engineer vgc has 60 seconds left.\n|\n|t:|1727861501\n|start\n|switch|p1a: Indeedee|Indeedee, L50, M|100\/100\n|switch|p1b: Sneasler|Sneasler, L50, F|100\/100\n|switch|p2a: Kilowattrel|Kilowattrel, L50, F|100\/100\n|switch|p2b: Garchomp|Garchomp, L50, F|100\/100\n|-fieldstart|move: Psychic Terrain|[from] ability: Psychic Surge|[of] p1a: Indeedee\n|-enditem|p1b: Sneasler|Psychic Seed\n|-boost|p1b: Sneasler|spd|1|[from] item: Psychic Seed\n|turn|1\n|inactive|aires17 has 30 seconds left.\n|inactive|aires17 has 20 seconds left.\n|inactive|aires17 has 15 seconds left.\n|inactive|aires17 has 10 seconds left.\n|\n|t:|1727861549\n|-terastallize|p2a: Kilowattrel|Steel\n|move|p1a: Indeedee|Helping Hand|p1b: Sneasler\n|-singleturn|p1b: Sneasler|Helping Hand|[of] p1a: Indeedee\n|move|p2b: Garchomp|Protect|p2b: Garchomp\n|-singleturn|p2b: Garchomp|Protect\n|move|p1b: Sneasler|Close Combat|p2b: Garchomp\n|-activate|p2b: Garchomp|move: Protect\n|move|p2a: Kilowattrel|Tailwind|p2a: Kilowattrel\n|-sidestart|p2: Engineer vgc|move: Tailwind\n|\n|upkeep\n|turn|2\n|inactive|Engineer vgc has 30 seconds left.\n|inactive|Engineer vgc has 20 seconds left.\n|inactive|Engineer vgc has 15 seconds left.\n|inactive|Engineer vgc has 10 seconds left.\n|\n|t:|1727861597\n|move|p2a: Kilowattrel|Protect|p2a: Kilowattrel\n|-singleturn|p2a: Kilowattrel|Protect\n|move|p1b: Sneasler|Protect|p1b: Sneasler\n|-singleturn|p1b: Sneasler|Protect\n|move|p2b: Garchomp|Earthquake|p1a: Indeedee|[spread] p1a\n|-activate|p2a: Kilowattrel|move: Protect\n|-activate|p1b: Sneasler|move: Protect\n|-damage|p1a: Indeedee|2\/100\n|-damage|p2b: Garchomp|91\/100|[from] item: Life Orb\n|move|p1a: Indeedee|Expanding Force|p2a: Kilowattrel|[spread] p2b\n|-activate|p2a: Kilowattrel|move: Protect\n|-damage|p2b: Garchomp|23\/100\n|-damage|p1a: Indeedee|0 fnt|[from] item: Life Orb\n|faint|p1a: Indeedee\n|\n|upkeep\n|\n|t:|1727861612\n|switch|p1a: Lilligant|Lilligant-Hisui, L50, F|100\/100\n|turn|3\n|\n|t:|1727861628\n|move|p2b: Garchomp|Protect|p2b: Garchomp\n|-singleturn|p2b: Garchomp|Protect\n|move|p1a: Lilligant|Protect|p1a: Lilligant\n|-singleturn|p1a: Lilligant|Protect\n|move|p2a: Kilowattrel|Air Slash|p1a: Lilligant\n|-activate|p1a: Lilligant|move: Protect\n|move|p1b: Sneasler|Close Combat|p2a: Kilowattrel\n|-supereffective|p2a: Kilowattrel\n|-damage|p2a: Kilowattrel|0 fnt\n|-unboost|p1b: Sneasler|def|1\n|-unboost|p1b: Sneasler|spd|1\n|faint|p2a: Kilowattrel\n|\n|upkeep\n|\n|t:|1727861640\n|switch|p2a: Primarina|Primarina, L50, F|100\/100\n|turn|4\n|\n|t:|1727861657\n|switch|p1b: Torkoal|Torkoal, L50, F|100\/100\n|-weather|SunnyDay|[from] ability: Drought|[of] p1b: Torkoal\n|move|p1a: Lilligant|Leaf Blade|p2b: Garchomp\n|-damage|p2b: Garchomp|0 fnt\n|-damage|p1a: Lilligant|88\/100|[from] ability: Rough Skin|[of] p2b: Garchomp\n|faint|p2b: Garchomp\n|move|p2a: Primarina|Moonblast|p1b: Torkoal\n|-resisted|p1b: Torkoal\n|-damage|p1b: Torkoal|70\/100\n|-unboost|p1b: Torkoal|spa|1\n|\n|-weather|SunnyDay|[upkeep]\n|-sideend|p2: Engineer vgc|move: Tailwind\n|upkeep\n|\n|t:|1727861664\n|switch|p2b: Tyranitar|Tyranitar, L50, M|100\/100\n|-weather|Sandstorm|[from] ability: Sand Stream|[of] p2b: Tyranitar\n|turn|5\n|inactive|aires17 has 30 seconds left.\n|\n|t:|1727861696\n|move|p1a: Lilligant|Leaf Blade|p2a: Primarina\n|-supereffective|p2a: Primarina\n|-damage|p2a: Primarina|0 fnt\n|faint|p2a: Primarina\n|move|p2b: Tyranitar|Rock Slide|p1a: Lilligant|[spread] p1a,p1b\n|-resisted|p1a: Lilligant\n|-supereffective|p1b: Torkoal\n|-damage|p1a: Lilligant|66\/100\n|-damage|p1b: Torkoal|29\/100\n|move|p1b: Torkoal|Earth Power|p2b: Tyranitar\n|-supereffective|p2b: Tyranitar\n|-damage|p2b: Tyranitar|82\/100\n|\n|-weather|Sandstorm|[upkeep]\n|-damage|p1a: Lilligant|59\/100|[from] Sandstorm\n|-damage|p1b: Torkoal|23\/100|[from] Sandstorm\n|-fieldend|move: Psychic Terrain\n|upkeep\n|turn|6\n|-message|Engineer vgc forfeited.\n|\n|win|aires17\n|raw|aires17's rating: 1641 &rarr; <strong>1664<\/strong><br \/>(+23 for winning)\n|raw|Engineer vgc's rating: 1691 &rarr; <strong>1668<\/strong><br \/>(-23 for losing)\n|l|\u2606Engineer vgc\n|player|p2|\n|c|\u2606aires17|ggwp\n|l|\u2606aires17\n|player|p1|\n","uploadtime":1727861879,"views":20,"formatid":"gen9vgc2024regh","rating":1664,"private":0,"password":null}