{"id":"gen9vgc2024regh-2214354941","format":"[Gen 9] VGC 2024 Reg H","players":["ShinigamiRowlet","tyuiop112"],"log":"|j|\u2606ShinigamiRowlet\n|j|\u2606tyuiop112\n|t:|1727882154\n|gametype|doubles\n|player|p1|ShinigamiRowlet|bruno|1686\n|player|p2|tyuiop112|linebacker|1762\n|teamsize|p1|6\n|teamsize|p2|6\n|gen|9\n|tier|[Gen 9] VGC 2024 Reg H\n|rated|\n|rule|Species Clause: Limit one of each Pok\u00e9mon\n|rule|Item Clause: Limit 1 of each item\n|clearpoke\n|poke|p1|Garchomp, L50, F|\n|poke|p1|Tyranitar, L50, M|\n|poke|p1|Talonflame, L50, M|\n|poke|p1|Houndstone, L50, M|\n|poke|p1|Gholdengo, L50|\n|poke|p1|Primarina, L50, M|\n|poke|p2|Incineroar, L50, M|\n|poke|p2|Garchomp, L50, M|\n|poke|p2|Dragonite, L50, M|\n|poke|p2|Ninetales-Alola, L50, F|\n|poke|p2|Amoonguss, L50, F|\n|poke|p2|Kingambit, L50, M|\n|teampreview|4\n|j| BankitVGC\n|\n|t:|1727882222\n|start\n|switch|p1a: Talonflame|Talonflame, L50, M|100\/100\n|switch|p1b: Gholdengo|Gholdengo, L50|100\/100\n|switch|p2a: Incineroar|Incineroar, L50, M|100\/100\n|switch|p2b: Kingambit|Kingambit, L50, M|100\/100\n|-ability|p2a: Incineroar|Intimidate|boost\n|-unboost|p1a: Talonflame|atk|1\n|-unboost|p1b: Gholdengo|atk|1\n|turn|1\n|\n|t:|1727882240\n|switch|p1b: Garchomp|Garchomp, L50, F|100\/100\n|move|p1a: Talonflame|Will-O-Wisp|p2b: Kingambit\n|-status|p2b: Kingambit|brn\n|move|p2a: Incineroar|Knock Off|p1b: Garchomp\n|-damage|p1b: Garchomp|63\/100\n|-damage|p2a: Incineroar|88\/100|[from] ability: Rough Skin|[of] p1b: Garchomp\n|-enditem|p1b: Garchomp|Clear Amulet|[from] move: Knock Off|[of] p2a: Incineroar\n|move|p2b: Kingambit|Kowtow Cleave|p1b: Garchomp\n|-damage|p1b: Garchomp|40\/100\n|-damage|p2b: Kingambit|88\/100 brn|[from] ability: Rough Skin|[of] p1b: Garchomp\n|\n|-damage|p2b: Kingambit|83\/100 brn|[from] brn\n|upkeep\n|turn|2\n|\n|t:|1727882276\n|move|p1a: Talonflame|Tailwind|p1a: Talonflame\n|-sidestart|p1: ShinigamiRowlet|move: Tailwind\n|move|p1b: Garchomp|Earthquake|p2a: Incineroar|[spread] p2a,p2b\n|-immune|p1a: Talonflame\n|-supereffective|p2a: Incineroar\n|-supereffective|p2b: Kingambit\n|-damage|p2a: Incineroar|31\/100\n|-damage|p2b: Kingambit|28\/100 brn\n|move|p2a: Incineroar|Parting Shot|p1b: Garchomp\n|-unboost|p1b: Garchomp|atk|1\n|-unboost|p1b: Garchomp|spa|1\n|\n|t:|1727882303\n|switch|p2a: Ninetales|Ninetales-Alola, L50, F|100\/100|[from] Parting Shot\n|-weather|Snow|[from] ability: Snow Warning|[of] p2a: Ninetales\n|move|p2b: Kingambit|Kowtow Cleave|p1a: Talonflame\n|-crit|p1a: Talonflame\n|-damage|p1a: Talonflame|52\/100\n|\n|-weather|Snow|[upkeep]\n|-damage|p2b: Kingambit|22\/100 brn|[from] brn\n|upkeep\n|turn|3\n|\n|t:|1727882329\n|switch|p2b: Incineroar|Incineroar, L50, M|31\/100\n|-ability|p2b: Incineroar|Intimidate|boost\n|-unboost|p1a: Talonflame|atk|1\n|-unboost|p1b: Garchomp|atk|1\n|move|p1a: Talonflame|Taunt|p2a: Ninetales\n|-start|p2a: Ninetales|move: Taunt\n|move|p1b: Garchomp|Earthquake|p2b: Incineroar|[spread] p2a,p2b\n|-immune|p1a: Talonflame\n|-supereffective|p2b: Incineroar\n|-damage|p2a: Ninetales|82\/100\n|-damage|p2b: Incineroar|0 fnt\n|faint|p2b: Incineroar\n|move|p2a: Ninetales|Blizzard|p1a: Talonflame|[spread] p1a,p1b\n|-supereffective|p1b: Garchomp\n|-damage|p1a: Talonflame|0 fnt\n|-damage|p1b: Garchomp|0 fnt\n|faint|p1a: Talonflame\n|faint|p1b: Garchomp\n|\n|-weather|Snow|[upkeep]\n|upkeep\n|inactive|Battle timer is ON: inactive players will automatically lose when time's up. (requested by ShinigamiRowlet)\n|inactive|tyuiop112 has 60 seconds left.\n|inactive|tyuiop112 has 30 seconds left.\n|inactive|tyuiop112 has 20 seconds left.\n|inactive|tyuiop112 has 15 seconds left.\n|inactive|tyuiop112 has 10 seconds left.\n|inactive|tyuiop112 has 5 seconds left.\n|\n|t:|1727882475\n|switch|p1a: Primarina|Primarina, L50, M|100\/100\n|switch|p1b: Gholdengo|Gholdengo, L50|100\/100\n|switch|p2b: Kingambit|Kingambit, L50, M|22\/100 brn\n|turn|4\n|j| BreadTest\n|inactive|ShinigamiRowlet has 30 seconds left.\n|inactive|tyuiop112 has 30 seconds left.\n|inactive|ShinigamiRowlet has 20 seconds left.\n|inactive|tyuiop112 has 20 seconds left.\n|inactive|ShinigamiRowlet has 15 seconds left.\n|inactive|tyuiop112 has 15 seconds left.\n|inactive|tyuiop112 has 10 seconds left.\n|l| BreadTest\n|inactive|tyuiop112 has 5 seconds left.\n|\n|t:|1727882530\n|-terastallize|p1b: Gholdengo|Steel\n|move|p1b: Gholdengo|Shadow Ball|p2a: Ninetales\n|-damage|p2a: Ninetales|0 fnt\n|faint|p2a: Ninetales\n|move|p1a: Primarina|Hyper Voice|p2b: Kingambit\n|-damage|p2b: Kingambit|0 fnt\n|faint|p2b: Kingambit\n|-enditem|p1a: Primarina|Throat Spray\n|-boost|p1a: Primarina|spa|1|[from] item: Throat Spray\n|\n|-weather|Snow|[upkeep]\n|upkeep\n|j| Baby Swiss\n|inactive|tyuiop112 has 30 seconds left.\n|inactive|tyuiop112 has 20 seconds left.\n|inactive|tyuiop112 has 15 seconds left.\n|inactive|tyuiop112 has 10 seconds left.\n|inactive|tyuiop112 has 5 seconds left.\n|\n|t:|1727882585\n|switch|p2a: Garchomp|Garchomp, L50, M|100\/100\n|turn|5\n|inactive|tyuiop112 has 30 seconds left.\n|inactive|tyuiop112 has 20 seconds left.\n|l| BankitVGC\n|inactive|tyuiop112 has 15 seconds left.\n|j| BankitVGC\n|inactive|tyuiop112 has 10 seconds left.\n|l| BankitVGC\n|inactive|tyuiop112 has 5 seconds left.\n|\n|t:|1727882640\n|move|p1b: Gholdengo|Shadow Ball|p2a: Garchomp\n|-damage|p2a: Garchomp|17\/100\n|-unboost|p2a: Garchomp|spd|1\n|move|p1a: Primarina|Moonblast|p2a: Garchomp\n|-supereffective|p2a: Garchomp\n|-damage|p2a: Garchomp|0 fnt\n|faint|p2a: Garchomp\n|\n|win|ShinigamiRowlet\n|raw|ShinigamiRowlet's rating: 1686 &rarr; <strong>1710<\/strong><br \/>(+24 for winning)\n|raw|tyuiop112's rating: 1762 &rarr; <strong>1738<\/strong><br \/>(-24 for losing)\n|c|\u2606ShinigamiRowlet|why the wait lol\n|c|\u2606ShinigamiRowlet|gg\n|l|\u2606ShinigamiRowlet\n|player|p1|\n|l| Baby Swiss\n","uploadtime":1727882651,"views":21,"formatid":"gen9vgc2024regh","rating":1710,"private":0,"password":null}