{"id":"gen9vgc2024regh-2214422197","format":"[Gen 9] VGC 2024 Reg H","players":["Dylantr0VGC_","Hikawari"],"log":"|j|\u2606Dylantr0VGC_\n|j|\u2606Hikawari\n|t:|1727887900\n|gametype|doubles\n|player|p1|Dylantr0VGC_|102|1651\n|player|p2|Hikawari|169|1756\n|teamsize|p1|6\n|teamsize|p2|6\n|gen|9\n|tier|[Gen 9] VGC 2024 Reg H\n|rated|\n|rule|Species Clause: Limit one of each Pok\u00e9mon\n|rule|Item Clause: Limit 1 of each item\n|clearpoke\n|poke|p1|Braviary-Hisui, L50, M|\n|poke|p1|Sneasler, L50, M|\n|poke|p1|Zoroark-Hisui, L50, M|\n|poke|p1|Clefable, L50, F|\n|poke|p1|Kingambit, L50, M|\n|poke|p1|Rillaboom, L50, M|\n|poke|p2|Sneasler, L50, F|\n|poke|p2|Murkrow, L50, F|\n|poke|p2|Gholdengo, L50|\n|poke|p2|Indeedee, L50, M|\n|poke|p2|Annihilape, L50, F|\n|poke|p2|Sinistcha, L50|\n|teampreview|4\n|inactive|Battle timer is ON: inactive players will automatically lose when time's up. (requested by Dylantr0VGC_)\n|inactive|Hikawari also wants the timer to be on.\nDylantr0VGC_ has agreed to open team sheets.\nHikawari has agreed to open team sheets.\n|\n|t:|1727887932\n|start\n|switch|p1a: Braviary|Braviary-Hisui, L50, M|100\/100\n|switch|p1b: Rillaboom|Rillaboom, L50, M|100\/100\n|switch|p2a: Murkrow|Murkrow, L50, F|100\/100\n|switch|p2b: Gholdengo|Gholdengo, L50|100\/100\n|turn|1\n|\n|t:|1727887950\n|-terastallize|p2b: Gholdengo|Steel\n|move|p1a: Braviary|Protect|p1a: Braviary\n|-singleturn|p1a: Braviary|Protect\n|move|p2a: Murkrow|Tailwind|p2a: Murkrow\n|-sidestart|p2: Hikawari|move: Tailwind\n|move|p2b: Gholdengo|Make It Rain|p1a: Braviary|[spread] p1b\n|-activate|p1a: Braviary|move: Protect\n|-crit|p1b: Rillaboom\n|-enditem|p1b: Rillaboom|Focus Sash\n|-damage|p1b: Rillaboom|1\/100\n|-unboost|p2b: Gholdengo|spa|1\n|replace|p1b: Zoroark|Zoroark-Hisui, L50, M\n|-end|p1b: Zoroark|Illusion\n|move|p1b: Zoroark|Icy Wind|p2a: Murkrow|[spread] p2a,p2b\n|-supereffective|p2a: Murkrow\n|-resisted|p2b: Gholdengo\n|-damage|p2a: Murkrow|74\/100\n|-damage|p2b: Gholdengo|92\/100\n|-unboost|p2a: Murkrow|spe|1\n|-unboost|p2b: Gholdengo|spe|1\n|\n|upkeep\n|turn|2\n|\n|t:|1727887971\n|switch|p1b: Sneasler|Sneasler, L50, M|100\/100\n|-terastallize|p1a: Braviary|Fire\n|move|p2a: Murkrow|Haze|p2a: Murkrow\n|-clearallboost\n|move|p2b: Gholdengo|Make It Rain|p1a: Braviary|[spread] p1a,p1b\n|-resisted|p1a: Braviary\n|-damage|p1a: Braviary|39\/100\n|-damage|p1b: Sneasler|0 fnt\n|-unboost|p2b: Gholdengo|spa|1\n|faint|p1b: Sneasler\n|move|p1a: Braviary|Heat Wave|p2a: Murkrow|[spread] p2a,p2b\n|-supereffective|p2b: Gholdengo\n|-damage|p2a: Murkrow|16\/100\n|-damage|p2b: Gholdengo|0 fnt\n|faint|p2b: Gholdengo\n|\n|upkeep\n|\n|t:|1727887980\n|switch|p1b: Rillaboom|Rillaboom, L50, M|100\/100\n|switch|p2b: Indeedee|Indeedee, L50, M|100\/100\n|-fieldstart|move: Psychic Terrain|[from] ability: Psychic Surge|[of] p2b: Indeedee\n|-fieldstart|move: Grassy Terrain|[from] ability: Grassy Surge|[of] p1b: Rillaboom\n|turn|3\n|\n|t:|1727887991\n|switch|p2b: Sneasler|Sneasler, L50, F, shiny|100\/100\n|move|p1b: Rillaboom|Fake Out|p2b: Sneasler\n|-damage|p2b: Sneasler|74\/100\n|move|p2a: Murkrow|Foul Play|p1b: Rillaboom\n|-damage|p1b: Rillaboom|52\/100\n|move|p1a: Braviary|Heat Wave|p2a: Murkrow|[spread] p2a,p2b\n|-damage|p2a: Murkrow|0 fnt\n|-damage|p2b: Sneasler|0 fnt\n|faint|p2a: Murkrow\n|faint|p2b: Sneasler\n|\n|-heal|p1a: Braviary|45\/100|[from] Grassy Terrain\n|-heal|p1b: Rillaboom|58\/100|[from] Grassy Terrain\n|upkeep\n|\n|t:|1727887993\n|switch|p2b: Indeedee|Indeedee, L50, M|100\/100\n|-fieldstart|move: Psychic Terrain|[from] ability: Psychic Surge|[of] p2b: Indeedee\n|turn|4\n|\n|t:|1727888004\n|switch|p1b: Rillaboom|Rillaboom, L50, M|1\/100\n|move|p1a: Braviary|Protect|p1a: Braviary\n|-singleturn|p1a: Braviary|Protect\n|move|p2b: Indeedee|Expanding Force|p1a: Braviary|[spread] p1b\n|-activate|p1a: Braviary|move: Protect\n|-damage|p1b: Rillaboom|0 fnt\n|replace|p1b: Zoroark|Zoroark-Hisui, L50, M\n|-end|p1b: Zoroark|Illusion\n|faint|p1b: Zoroark\n|\n|-sideend|p2: Hikawari|move: Tailwind\n|upkeep\n|\n|t:|1727888010\n|switch|p1b: Rillaboom|Rillaboom, L50, M|58\/100\n|-fieldstart|move: Grassy Terrain|[from] ability: Grassy Surge|[of] p1b: Rillaboom\n|turn|5\n|\n|t:|1727888015\n|move|p2b: Indeedee|Protect|p2b: Indeedee\n|-singleturn|p2b: Indeedee|Protect\n|move|p1b: Rillaboom|Fake Out|p2b: Indeedee\n|-activate|p2b: Indeedee|move: Protect\n|move|p1a: Braviary|Heat Wave|p2b: Indeedee\n|-activate|p2b: Indeedee|move: Protect\n|\n|-heal|p1a: Braviary|51\/100|[from] Grassy Terrain\n|-heal|p1b: Rillaboom|64\/100|[from] Grassy Terrain\n|upkeep\n|turn|6\n|\n|t:|1727888020\n|move|p2b: Indeedee|Psychic|p1a: Braviary\n|-damage|p1a: Braviary|0 fnt\n|faint|p1a: Braviary\n|move|p1b: Rillaboom|Wood Hammer|p2b: Indeedee\n|-crit|p2b: Indeedee\n|-enditem|p2b: Indeedee|Focus Sash\n|-damage|p2b: Indeedee|1\/100\n|-damage|p1b: Rillaboom|43\/100|[from] Recoil\n|\n|-heal|p2b: Indeedee|7\/100|[from] Grassy Terrain\n|-heal|p1b: Rillaboom|48\/100|[from] Grassy Terrain\n|upkeep\n|turn|7\n|\n|t:|1727888024\n|move|p1b: Rillaboom|Grassy Glide|p2b: Indeedee\n|-damage|p2b: Indeedee|0 fnt\n|faint|p2b: Indeedee\n|\n|win|Dylantr0VGC_\n|raw|Dylantr0VGC_'s rating: 1651 &rarr; <strong>1677<\/strong><br \/>(+26 for winning)\n|raw|Hikawari's rating: 1756 &rarr; <strong>1730<\/strong><br \/>(-26 for losing)\n|l|\u2606Hikawari\n|player|p2|\n|l|\u2606Dylantr0VGC_\n|player|p1|\n","uploadtime":1727888278,"views":24,"formatid":"gen9vgc2024regh","rating":1677,"private":0,"password":null}