{"id":"gen9vgc2024regh-2214643055","format":"[Gen 9] VGC 2024 Reg H","players":["Waffles4breakfast","daniiivgc"],"log":"|j|\u2606Waffles4breakfast\n|j|\u203ddaniiivgc\n|t:|1727908741\n|gametype|doubles\n|player|p1|Waffles4breakfast|juggler|1719\n|player|p2|daniiivgc|lucas|1726\n|teamsize|p1|6\n|teamsize|p2|6\n|gen|9\n|tier|[Gen 9] VGC 2024 Reg H\n|rated|\n|rule|Species Clause: Limit one of each Pok\u00e9mon\n|rule|Item Clause: Limit 1 of each item\n|clearpoke\n|poke|p1|Archaludon, L50, F|\n|poke|p1|Pelipper, L50, F|\n|poke|p1|Basculegion, L50, M|\n|poke|p1|Amoonguss, L50, F|\n|poke|p1|Gholdengo, L50|\n|poke|p1|Murkrow, L50, M|\n|poke|p2|Dondozo, L50, F|\n|poke|p2|Sylveon, L50, M|\n|poke|p2|Kingambit, L50, M|\n|poke|p2|Tatsugiri, L50, M|\n|poke|p2|Dragonite, L50, F|\n|poke|p2|Archaludon, L50, M|\n|teampreview|4\n|inactive|Battle timer is ON: inactive players will automatically lose when time's up. (requested by Waffles4breakfast)\n|\n|t:|1727908757\n|start\n|switch|p1a: Archaludon|Archaludon, L50, F|100\/100\n|switch|p1b: Pelipper|Pelipper, L50, F|100\/100\n|switch|p2a: Archaludon|Archaludon, L50, M|100\/100\n|switch|p2b: Sylveon|Sylveon, L50, M|100\/100\n|-weather|RainDance|[from] ability: Drizzle|[of] p1b: Pelipper\n|turn|1\n|\n|t:|1727908768\n|move|p2a: Archaludon|Electro Shot||[still]\n|-prepare|p2a: Archaludon|Electro Shot\n|-boost|p2a: Archaludon|spa|1\n|-anim|p2a: Archaludon|Electro Shot|p1b: Pelipper\n|-supereffective|p1b: Pelipper\n|-enditem|p1b: Pelipper|Focus Sash\n|-damage|p1b: Pelipper|1\/100\n|move|p1b: Pelipper|Weather Ball|p2b: Sylveon\n|-damage|p2b: Sylveon|52\/100\n|move|p2b: Sylveon|Hyper Voice|p1b: Pelipper|[spread] p1a,p1b\n|-damage|p1a: Archaludon|50\/100\n|-damage|p1b: Pelipper|0 fnt\n|-ability|p1a: Archaludon|Stamina|boost\n|-boost|p1a: Archaludon|def|1\n|faint|p1b: Pelipper\n|move|p1a: Archaludon|Electro Shot||[still]\n|-prepare|p1a: Archaludon|Electro Shot\n|-boost|p1a: Archaludon|spa|1\n|-anim|p1a: Archaludon|Electro Shot|p2b: Sylveon\n|-damage|p2b: Sylveon|0 fnt\n|faint|p2b: Sylveon\n|\n|-weather|RainDance|[upkeep]\n|upkeep\n|\n|t:|1727908785\n|switch|p1b: Gholdengo|Gholdengo, L50|100\/100\n|switch|p2b: Dondozo|Dondozo, L50, F|100\/100\n|turn|2\n|\n|t:|1727908799\n|switch|p2a: Tatsugiri|Tatsugiri, L50, M|100\/100\n|-activate|p2a: Tatsugiri|ability: Commander|[of] p2b: Dondozo\n|-boost|p2b: Dondozo|atk|2\n|-boost|p2b: Dondozo|spa|2\n|-boost|p2b: Dondozo|spe|2\n|-boost|p2b: Dondozo|def|2\n|-boost|p2b: Dondozo|spd|2\n|-terastallize|p1a: Archaludon|Fairy\n|move|p2b: Dondozo|Earthquake|p1a: Archaludon|[spread] p1a,p1b\n|-miss|p2b: Dondozo|p2a: Tatsugiri\n|-supereffective|p1b: Gholdengo\n|-damage|p1a: Archaludon|26\/100\n|-damage|p1b: Gholdengo|0 fnt\n|-ability|p1a: Archaludon|Stamina|boost\n|-boost|p1a: Archaludon|def|1\n|faint|p1b: Gholdengo\n|move|p1a: Archaludon|Draco Meteor|p2a: Tatsugiri|[miss]\n|-miss|p1a: Archaludon|p2a: Tatsugiri\n|\n|-weather|RainDance|[upkeep]\n|upkeep\n|\n|t:|1727908801\n|switch|p1b: Murkrow|Murkrow, L50, M|100\/100\n|turn|3\n|\n|t:|1727908824\n|move|p1b: Murkrow|Haze|p1b: Murkrow\n|-clearallboost\n|move|p1a: Archaludon|Electro Shot||[still]\n|-prepare|p1a: Archaludon|Electro Shot\n|-boost|p1a: Archaludon|spa|1\n|-anim|p1a: Archaludon|Electro Shot|p2b: Dondozo\n|-supereffective|p2b: Dondozo\n|-damage|p2b: Dondozo|0 fnt\n|faint|p2b: Dondozo\n|\n|-weather|RainDance|[upkeep]\n|upkeep\n|\n|t:|1727908831\n|switch|p2b: Archaludon|Archaludon, L50, M|100\/100\n|turn|4\n|\n|t:|1727908839\n|move|p2a: Tatsugiri|Helping Hand|p2b: Archaludon\n|-singleturn|p2b: Archaludon|Helping Hand|[of] p2a: Tatsugiri\n|move|p1b: Murkrow|Tailwind|p1b: Murkrow\n|-sidestart|p1: Waffles4breakfast|move: Tailwind\n|move|p1a: Archaludon|Draco Meteor|p2a: Tatsugiri\n|-supereffective|p2a: Tatsugiri\n|-crit|p2a: Tatsugiri\n|-enditem|p2a: Tatsugiri|Focus Sash\n|-damage|p2a: Tatsugiri|1\/100\n|-unboost|p1a: Archaludon|spa|2\n|move|p2b: Archaludon|Flash Cannon|p1a: Archaludon\n|-supereffective|p1a: Archaludon\n|-damage|p1a: Archaludon|0 fnt\n|faint|p1a: Archaludon\n|\n|-weather|RainDance|[upkeep]\n|upkeep\n|turn|5\n|-message|Waffles4breakfast forfeited.\n|\n|win|daniiivgc\n|raw|Waffles4breakfast's rating: 1733 &rarr; <strong>1713<\/strong><br \/>(-20 for losing)\n|raw|daniiivgc's rating: 1726 &rarr; <strong>1746<\/strong><br \/>(+20 for winning)\n|l|\u2606Waffles4breakfast\n|player|p1|\n|l|\u203ddaniiivgc\n|player|p2|\n","uploadtime":1727909052,"views":13,"formatid":"gen9vgc2024regh","rating":1713,"private":0,"password":null}