{"id":"gen9vgc2024regh-2214350269","format":"[Gen 9] VGC 2024 Reg H","players":["Shikanoko32","tremendo_perkin"],"log":"|j|\u2606Shikanoko32\n|j|\u2606tremendo_perkin\n|t:|1727881761\n|gametype|doubles\n|player|p1|Shikanoko32|101|1714\n|player|p2|tremendo_perkin|2|1722\n|teamsize|p1|6\n|teamsize|p2|6\n|gen|9\n|tier|[Gen 9] VGC 2024 Reg H\n|rated|\n|rule|Species Clause: Limit one of each Pok\u00e9mon\n|rule|Item Clause: Limit 1 of each item\n|clearpoke\n|poke|p1|Kingambit, L50, M|\n|poke|p1|Electabuzz, L50, M|\n|poke|p1|Primarina, L50, F|\n|poke|p1|Rillaboom, L50, M|\n|poke|p1|Sneasler, L50, M|\n|poke|p1|Ceruledge, L50, M|\n|poke|p2|Archaludon, L50, M|\n|poke|p2|Pelipper, L50, M|\n|poke|p2|Maushold-Four, L50|\n|poke|p2|Annihilape, L50, M|\n|poke|p2|Sinistcha, L50|\n|poke|p2|Grimmsnarl, L50, M|\n|teampreview|4\n|inactive|Battle timer is ON: inactive players will automatically lose when time's up. (requested by tremendo_perkin)\n|inactive|Shikanoko32 has 60 seconds left.\n|inactive|tremendo_perkin has 60 seconds left.\n|\n|t:|1727881819\n|start\n|switch|p1a: Electabuzz|Electabuzz, L50, M|100\/100\n|switch|p1b: Primarina|Primarina, L50, F|100\/100\n|switch|p2a: Annihilape|Annihilape, L50, M|100\/100\n|switch|p2b: Maushold|Maushold-Four, L50|100\/100\n|turn|1\n|\n|t:|1727881837\n|-terastallize|p2a: Annihilape|Water\n|move|p2b: Maushold|Taunt|p1a: Electabuzz\n|-start|p1a: Electabuzz|move: Taunt\n|move|p1a: Electabuzz|Electroweb|p2b: Maushold|[spread] p2a,p2b\n|-supereffective|p2a: Annihilape\n|-damage|p2a: Annihilape|85\/100\n|-damage|p2b: Maushold|83\/100\n|-unboost|p2a: Annihilape|spe|1\n|-ability|p2a: Annihilape|Defiant|boost\n|-boost|p2a: Annihilape|atk|2\n|-unboost|p2b: Maushold|spe|1\n|move|p1b: Primarina|Moonblast|p2a: Annihilape\n|-damage|p2a: Annihilape|54\/100\n|-unboost|p2a: Annihilape|spa|1\n|-ability|p2a: Annihilape|Defiant|boost\n|-boost|p2a: Annihilape|atk|2\n|move|p2a: Annihilape|Bulk Up|p2a: Annihilape\n|-boost|p2a: Annihilape|atk|1\n|-boost|p2a: Annihilape|def|1\n|\n|-heal|p2a: Annihilape|61\/100|[from] item: Leftovers\n|upkeep\n|turn|2\n|inactive|tremendo_perkin has 30 seconds left.\n|\n|t:|1727881870\n|move|p2b: Maushold|Follow Me|p2b: Maushold\n|-singleturn|p2b: Maushold|move: Follow Me\n|move|p1a: Electabuzz|Electroweb|p2b: Maushold|[spread] p2a,p2b\n|-supereffective|p2a: Annihilape\n|-damage|p2a: Annihilape|46\/100\n|-damage|p2b: Maushold|67\/100\n|-unboost|p2a: Annihilape|spe|1\n|-ability|p2a: Annihilape|Defiant|boost\n|-boost|p2a: Annihilape|atk|1\n|-unboost|p2b: Maushold|spe|1\n|move|p1b: Primarina|Haze|p1b: Primarina\n|-clearallboost\n|move|p2a: Annihilape|Rage Fist|p1b: Primarina\n|-damage|p1b: Primarina|0 fnt\n|faint|p1b: Primarina\n|\n|-heal|p2a: Annihilape|52\/100|[from] item: Leftovers\n|upkeep\n|inactive|Shikanoko32 has 30 seconds left.\n|\n|t:|1727881899\n|switch|p1b: Ceruledge|Ceruledge, L50, M|100\/100\n|turn|3\n|\n|t:|1727881909\n|move|p1b: Ceruledge|Protect|p1b: Ceruledge\n|-singleturn|p1b: Ceruledge|Protect\n|move|p2b: Maushold|Follow Me|p2b: Maushold\n|-singleturn|p2b: Maushold|move: Follow Me\n|move|p1a: Electabuzz|Electroweb|p2b: Maushold|[spread] p2a,p2b\n|-supereffective|p2a: Annihilape\n|-damage|p2a: Annihilape|36\/100\n|-damage|p2b: Maushold|50\/100\n|-unboost|p2a: Annihilape|spe|1\n|-ability|p2a: Annihilape|Defiant|boost\n|-boost|p2a: Annihilape|atk|2\n|-unboost|p2b: Maushold|spe|1\n|move|p2a: Annihilape|Rage Fist|p1b: Ceruledge\n|-activate|p1b: Ceruledge|move: Protect\n|\n|-heal|p2a: Annihilape|42\/100|[from] item: Leftovers\n|-end|p1a: Electabuzz|move: Taunt\n|upkeep\n|turn|4\n|inactive|Shikanoko32 has 30 seconds left.\n|\n|t:|1727881938\n|move|p2b: Maushold|Follow Me|p2b: Maushold\n|-singleturn|p2b: Maushold|move: Follow Me\n|move|p1a: Electabuzz|Electroweb|p2a: Annihilape|[spread] p2a,p2b\n|-supereffective|p2a: Annihilape\n|-damage|p2a: Annihilape|26\/100\n|-damage|p2b: Maushold|32\/100\n|-unboost|p2a: Annihilape|spe|1\n|-ability|p2a: Annihilape|Defiant|boost\n|-boost|p2a: Annihilape|atk|2\n|-unboost|p2b: Maushold|spe|1\n|move|p1b: Ceruledge|Bitter Blade|p2b: Maushold\n|-damage|p2b: Maushold|0 fnt\n|faint|p2b: Maushold\n|move|p2a: Annihilape|Rage Fist|p1a: Electabuzz\n|-damage|p1a: Electabuzz|0 fnt\n|faint|p1a: Electabuzz\n|\n|-heal|p2a: Annihilape|33\/100|[from] item: Leftovers\n|upkeep\n|j| burrito9000\n|\n|t:|1727881957\n|switch|p2b: Sinistcha|Sinistcha, L50|100\/100\n|switch|p1a: Kingambit|Kingambit, L50, M|100\/100\n|-heal|p2a: Annihilape|58\/100|[from] ability: Hospitality|[of] p2b: Sinistcha\n|turn|5\n|inactive|Shikanoko32 has 30 seconds left.\n|inactive|tremendo_perkin has 30 seconds left.\n|\n|t:|1727881990\n|-terastallize|p1a: Kingambit|Dark\n|move|p2a: Annihilape|Protect|p2a: Annihilape\n|-singleturn|p2a: Annihilape|Protect\n|move|p1b: Ceruledge|Poltergeist|p2a: Annihilape\n|-activate|p2a: Annihilape|move: Protect\n|move|p1a: Kingambit|Swords Dance|p1a: Kingambit\n|-boost|p1a: Kingambit|atk|2\n|move|p2b: Sinistcha|Trick Room|p2b: Sinistcha\n|-fieldstart|move: Trick Room|[of] p2b: Sinistcha\n|\n|-heal|p2a: Annihilape|64\/100|[from] item: Leftovers\n|upkeep\n|turn|6\n|inactive|Shikanoko32 has 30 seconds left.\n|\n|t:|1727882017\n|move|p2b: Sinistcha|Rage Powder|p2b: Sinistcha\n|-singleturn|p2b: Sinistcha|move: Rage Powder\n|move|p1a: Kingambit|Sucker Punch||[still]\n|-fail|p1a: Kingambit\n|move|p2a: Annihilape|Drain Punch|p1a: Kingambit\n|-supereffective|p1a: Kingambit\n|-damage|p1a: Kingambit|0 fnt\n|-heal|p2a: Annihilape|100\/100|[from] drain|[of] p1a: Kingambit\n|faint|p1a: Kingambit\n|move|p1b: Ceruledge|Bitter Blade|p2b: Sinistcha\n|-supereffective|p2b: Sinistcha\n|-damage|p2b: Sinistcha|22\/100\n|-enditem|p2b: Sinistcha|Sitrus Berry|[eat]\n|-heal|p2b: Sinistcha|47\/100|[from] item: Sitrus Berry\n|\n|upkeep\n|turn|7\n|-message|Shikanoko32 forfeited.\n|\n|win|tremendo_perkin\n|raw|Shikanoko32's rating: 1714 &rarr; <strong>1694<\/strong><br \/>(-20 for losing)\n|raw|tremendo_perkin's rating: 1722 &rarr; <strong>1742<\/strong><br \/>(+20 for winning)\n|l|\u2606Shikanoko32\n|player|p1|\n|j|\u2606Shikanoko32\n|player|p1|Shikanoko32|101|\n|l|\u2606tremendo_perkin\n|player|p2|\n","uploadtime":1727882028,"views":34,"formatid":"gen9vgc2024regh","rating":1694,"private":0,"password":null}