{"id":"gen9vgc2024regh-2214696821","format":"[Gen 9] VGC 2024 Reg H","players":["Bill Clinton y Rex","PhantumKai"],"log":"|j|\u2606Bill Clinton y Rex\n|j|\u2606PhantumKai\n|t:|1727915191\n|gametype|doubles\n|player|p1|Bill Clinton y Rex|170|1708\n|player|p2|PhantumKai|benga|1649\n|teamsize|p1|6\n|teamsize|p2|6\n|gen|9\n|tier|[Gen 9] VGC 2024 Reg H\n|rated|\n|rule|Species Clause: Limit one of each Pok\u00e9mon\n|rule|Item Clause: Limit 1 of each item\n|clearpoke\n|poke|p1|Amoonguss, L50, F|\n|poke|p1|Archaludon, L50, M|\n|poke|p1|Kommo-o, L50, F|\n|poke|p1|Gengar, L50, M|\n|poke|p1|Kingambit, L50, M|\n|poke|p1|Talonflame, L50, F|\n|poke|p2|Annihilape, L50, F|\n|poke|p2|Sinistcha-Masterpiece, L50|\n|poke|p2|Maushold-Four, L50|\n|poke|p2|Archaludon, L50, M|\n|poke|p2|Grimmsnarl, L50, M|\n|poke|p2|Pelipper, L50, F|\n|teampreview|4\n|inactive|Battle timer is ON: inactive players will automatically lose when time's up. (requested by Bill Clinton y Rex)\n|\n|t:|1727915224\n|start\n|switch|p1a: Talonflame|Talonflame, L50, F|100\/100\n|switch|p1b: Archaludon|Archaludon, L50, M, shiny|100\/100\n|switch|p2a: Archaludon|Archaludon, L50, M, shiny|100\/100\n|switch|p2b: Grimmsnarl|Grimmsnarl, L50, M, shiny|100\/100\n|turn|1\n|inactive|Bill Clinton y Rex has 30 seconds left.\n|inactive|PhantumKai has 30 seconds left.\n|\n|t:|1727915253\n|-terastallize|p1b: Archaludon|Electric\n|move|p2b: Grimmsnarl|Light Screen|p2b: Grimmsnarl\n|-sidestart|p2: PhantumKai|move: Light Screen\n|move|p1a: Talonflame|Rain Dance|p1a: Talonflame\n|-weather|RainDance\n|move|p1b: Archaludon|Electro Shot||[still]\n|-prepare|p1b: Archaludon|Electro Shot\n|-boost|p1b: Archaludon|spa|1\n|-anim|p1b: Archaludon|Electro Shot|p2b: Grimmsnarl\n|-damage|p2b: Grimmsnarl|53\/100\n|move|p2a: Archaludon|Snarl|p1b: Archaludon|[spread] p1b\n|-miss|p2a: Archaludon|p1a: Talonflame\n|-damage|p1b: Archaludon|84\/100\n|-unboost|p1b: Archaludon|spa|1\n|\n|-weather|RainDance|[upkeep]\n|upkeep\n|turn|2\n|\n|t:|1727915274\n|switch|p1a: Kingambit|Kingambit, L50, M, shiny|100\/100\n|move|p2b: Grimmsnarl|Reflect|p2b: Grimmsnarl\n|-sidestart|p2: PhantumKai|Reflect\n|move|p1b: Archaludon|Electro Shot||[still]\n|-prepare|p1b: Archaludon|Electro Shot\n|-boost|p1b: Archaludon|spa|1\n|-anim|p1b: Archaludon|Electro Shot|p2b: Grimmsnarl\n|-damage|p2b: Grimmsnarl|1\/100\n|move|p2a: Archaludon|Electro Shot||[still]\n|-prepare|p2a: Archaludon|Electro Shot\n|-boost|p2a: Archaludon|spa|1\n|-anim|p2a: Archaludon|Electro Shot|p1a: Kingambit\n|-damage|p1a: Kingambit|41\/100\n|\n|-weather|RainDance|[upkeep]\n|upkeep\n|turn|3\n|inactive|Bill Clinton y Rex has 30 seconds left.\n|j| carlinss\n|\n|t:|1727915305\n|move|p1b: Archaludon|Protect|p1b: Archaludon\n|-singleturn|p1b: Archaludon|Protect\n|move|p2b: Grimmsnarl|Misty Terrain|p2b: Grimmsnarl\n|-fieldstart|move: Misty Terrain\n|move|p2a: Archaludon|Electro Shot||[still]\n|-prepare|p2a: Archaludon|Electro Shot\n|-boost|p2a: Archaludon|spa|1\n|-anim|p2a: Archaludon|Electro Shot|p1a: Kingambit\n|-damage|p1a: Kingambit|0 fnt\n|faint|p1a: Kingambit\n|\n|-weather|RainDance|[upkeep]\n|upkeep\n|\n|t:|1727915313\n|switch|p1a: Gengar|Gengar, L50, M, shiny|100\/100\n|turn|4\n|\n|t:|1727915322\n|move|p1a: Gengar|Shadow Ball|p2a: Archaludon\n|-damage|p2a: Archaludon|83\/100\n|-ability|p2a: Archaludon|Stamina|boost\n|-boost|p2a: Archaludon|def|1\n|move|p1b: Archaludon|Electro Shot||[still]\n|-prepare|p1b: Archaludon|Electro Shot\n|-boost|p1b: Archaludon|spa|1\n|-anim|p1b: Archaludon|Electro Shot|p2a: Archaludon\n|-resisted|p2a: Archaludon\n|-damage|p2a: Archaludon|53\/100\n|-ability|p2a: Archaludon|Stamina|boost\n|-boost|p2a: Archaludon|def|1\n|move|p2a: Archaludon|Snarl|p1b: Archaludon|[spread] p1a,p1b\n|-supereffective|p1a: Gengar\n|-damage|p1a: Gengar|23\/100\n|-damage|p1b: Archaludon|48\/100\n|-unboost|p1a: Gengar|spa|1\n|-unboost|p1b: Archaludon|spa|1\n|move|p2b: Grimmsnarl|Spirit Break|p1b: Archaludon\n|-damage|p1b: Archaludon|21\/100\n|-unboost|p1b: Archaludon|spa|1\n|\n|-weather|RainDance|[upkeep]\n|upkeep\n|turn|5\n|-message|Bill Clinton y Rex forfeited.\n|\n|win|PhantumKai\n|raw|Bill Clinton y Rex's rating: 1708 &rarr; <strong>1685<\/strong><br \/>(-23 for losing)\n|raw|PhantumKai's rating: 1649 &rarr; <strong>1672<\/strong><br \/>(+23 for winning)\n|l|\u2606Bill Clinton y Rex\n|player|p1|\n|l|\u2606PhantumKai\n|player|p2|\n|l| carlinss\n","uploadtime":1727915507,"views":12,"formatid":"gen9vgc2024regh","rating":1672,"private":0,"password":null}