{"id":"gen9vgc2024regh-2214157945","format":"[Gen 9] VGC 2024 Reg H","players":["wsnsssnnn","gabutngantor"],"log":"|j|\u2606wsnsssnnn\n|j|\u2606gabutngantor\n|t:|1727860047\n|gametype|doubles\n|player|p1|wsnsssnnn|2|1691\n|player|p2|gabutngantor|bugcatcher-gen4dp|1668\n|teamsize|p1|6\n|teamsize|p2|6\n|gen|9\n|tier|[Gen 9] VGC 2024 Reg H\n|rated|\n|rule|Species Clause: Limit one of each Pok\u00e9mon\n|rule|Item Clause: Limit 1 of each item\n|clearpoke\n|poke|p1|Armarouge, L50, M|\n|poke|p1|Primarina, L50, F|\n|poke|p1|Indeedee-F, L50, F|\n|poke|p1|Hatterene, L50, F|\n|poke|p1|Annihilape, L50, F|\n|poke|p1|Sneasler, L50, F|\n|poke|p2|Quaquaval, L50, M|\n|poke|p2|Murkrow, L50, F|\n|poke|p2|Archaludon, L50, M|\n|poke|p2|Kingambit, L50, M|\n|poke|p2|Skeledirge, L50, F|\n|poke|p2|Arboliva, L50, M|\n|teampreview|4\n|inactive|Battle timer is ON: inactive players will automatically lose when time's up. (requested by wsnsssnnn)\n|\n|t:|1727860073\n|start\n|switch|p1a: Primarina|Primarina, L50, F|100\/100\n|switch|p1b: Sneasler|Sneasler, L50, F|100\/100\n|switch|p2a: Kingambit|Kingambit, L50, M|100\/100\n|switch|p2b: Quaquaval|Quaquaval, L50, M|100\/100\n|turn|1\n|\n|t:|1727860096\n|switch|p2a: Arboliva|Arboliva, L50, M|100\/100\n|move|p1b: Sneasler|Protect|p1b: Sneasler\n|-singleturn|p1b: Sneasler|Protect\n|move|p1a: Primarina|Protect|p1a: Primarina\n|-singleturn|p1a: Primarina|Protect\n|move|p2b: Quaquaval|Aqua Step|p1b: Sneasler\n|-activate|p1b: Sneasler|move: Protect\n|\n|upkeep\n|turn|2\n|\n|t:|1727860110\n|move|p2b: Quaquaval|Protect|p2b: Quaquaval\n|-singleturn|p2b: Quaquaval|Protect\n|move|p2a: Arboliva|Protect|p2a: Arboliva\n|-singleturn|p2a: Arboliva|Protect\n|move|p1b: Sneasler|Dire Claw|p2a: Arboliva\n|-activate|p2a: Arboliva|move: Protect\n|move|p1a: Primarina|Moonblast|p2b: Quaquaval\n|-activate|p2b: Quaquaval|move: Protect\n|\n|upkeep\n|turn|3\n|\n|t:|1727860131\n|-terastallize|p2a: Arboliva|Ghost\n|move|p1b: Sneasler|Protect|p1b: Sneasler\n|-singleturn|p1b: Sneasler|Protect\n|move|p1a: Primarina|Protect|p1a: Primarina\n|-singleturn|p1a: Primarina|Protect\n|move|p2b: Quaquaval|Aqua Step|p1b: Sneasler\n|-activate|p1b: Sneasler|move: Protect\n|move|p2a: Arboliva|Pollen Puff|p2b: Quaquaval\n|-immune|p2b: Quaquaval\n|\n|upkeep\n|turn|4\n|c|\u2606gabutngantor|lol\n|c|\u2606gabutngantor|just watch each other\n|\n|t:|1727860154\n|-terastallize|p1a: Primarina|Steel\n|move|p1b: Sneasler|Dire Claw|p2b: Quaquaval\n|-damage|p2b: Quaquaval|35\/100\n|move|p2b: Quaquaval|Aqua Step|p1b: Sneasler\n|-damage|p1b: Sneasler|25\/100\n|-boost|p2b: Quaquaval|spe|1\n|move|p1a: Primarina|Hyper Voice|p2a: Arboliva|[spread] p2a,p2b\n|-resisted|p2b: Quaquaval\n|-damage|p2a: Arboliva|67\/100\n|-damage|p2b: Quaquaval|9\/100\n|-fieldstart|move: Grassy Terrain|[from] ability: Seed Sower|[of] p2a: Arboliva\n|-enditem|p1a: Primarina|Throat Spray\n|-boost|p1a: Primarina|spa|1|[from] item: Throat Spray\n|move|p2a: Arboliva|Energy Ball|p1a: Primarina\n|-resisted|p1a: Primarina\n|-damage|p1a: Primarina|78\/100\n|\n|-heal|p2b: Quaquaval|15\/100|[from] Grassy Terrain\n|-heal|p1b: Sneasler|31\/100|[from] Grassy Terrain\n|-heal|p1a: Primarina|84\/100|[from] Grassy Terrain\n|-heal|p2a: Arboliva|73\/100|[from] Grassy Terrain\n|-heal|p2a: Arboliva|79\/100|[from] item: Leftovers\n|upkeep\n|turn|5\n|inactive|gabutngantor has 30 seconds left.\n|\n|t:|1727860183\n|move|p1a: Primarina|Protect|p1a: Primarina\n|-singleturn|p1a: Primarina|Protect\n|move|p2b: Quaquaval|Close Combat|p1a: Primarina\n|-activate|p1a: Primarina|move: Protect\n|move|p1b: Sneasler|Dire Claw|p2b: Quaquaval\n|-damage|p2b: Quaquaval|0 fnt\n|faint|p2b: Quaquaval\n|move|p2a: Arboliva|Energy Ball|p1b: Sneasler\n|-resisted|p1b: Sneasler\n|-damage|p1b: Sneasler|0 fnt\n|faint|p1b: Sneasler\n|\n|-heal|p1a: Primarina|90\/100|[from] Grassy Terrain\n|-heal|p2a: Arboliva|85\/100|[from] Grassy Terrain\n|-heal|p2a: Arboliva|91\/100|[from] item: Leftovers\n|upkeep\n|\n|t:|1727860196\n|switch|p1b: Indeedee|Indeedee-F, L50, F|100\/100\n|switch|p2b: Archaludon|Archaludon, L50, M|100\/100\n|-fieldstart|move: Psychic Terrain|[from] ability: Psychic Surge|[of] p1b: Indeedee\n|turn|6\n|\n|t:|1727860207\n|move|p1b: Indeedee|Helping Hand|p1a: Primarina\n|-singleturn|p1a: Primarina|Helping Hand|[of] p1b: Indeedee\n|move|p2b: Archaludon|Electro Shot||[still]\n|-prepare|p2b: Archaludon|Electro Shot\n|-boost|p2b: Archaludon|spa|1\n|-enditem|p2b: Archaludon|Power Herb\n|-anim|p2b: Archaludon|Electro Shot|p1a: Primarina\n|-damage|p1a: Primarina|32\/100\n|move|p1a: Primarina|Moonblast|p2b: Archaludon\n|-ability|p2b: Archaludon|Sturdy\n|-damage|p2b: Archaludon|1\/100\n|move|p2a: Arboliva|Leech Seed|p1a: Primarina\n|-start|p1a: Primarina|move: Leech Seed\n|\n|-heal|p2a: Arboliva|97\/100|[from] item: Leftovers\n|-damage|p1a: Primarina|19\/100|[from] Leech Seed|[of] p2a: Arboliva\n|-heal|p2a: Arboliva|100\/100|[silent]\n|upkeep\n|turn|7\n|\n|t:|1727860227\n|switch|p1a: Armarouge|Armarouge, L50, M|100\/100\n|move|p2b: Archaludon|Protect|p2b: Archaludon\n|-singleturn|p2b: Archaludon|Protect\n|move|p1b: Indeedee|Dazzling Gleam|p2a: Arboliva|[spread] p2a\n|-activate|p2b: Archaludon|move: Protect\n|-damage|p2a: Arboliva|89\/100\n|-fieldstart|move: Grassy Terrain|[from] ability: Seed Sower|[of] p2a: Arboliva\n|move|p2a: Arboliva|Leech Seed|p1b: Indeedee\n|-start|p1b: Indeedee|move: Leech Seed\n|\n|-heal|p2b: Archaludon|7\/100|[from] Grassy Terrain\n|-heal|p2a: Arboliva|95\/100|[from] Grassy Terrain\n|-heal|p2a: Arboliva|100\/100|[from] item: Leftovers\n|-damage|p1b: Indeedee|88\/100|[from] Leech Seed|[of] p2a: Arboliva\n|upkeep\n|turn|8\n|\n|t:|1727860251\n|switch|p1b: Primarina|Primarina, L50, F, tera:Steel|19\/100\n|move|p2b: Archaludon|Draco Meteor|p1a: Armarouge\n|-damage|p1a: Armarouge|0 fnt\n|-unboost|p2b: Archaludon|spa|2\n|faint|p1a: Armarouge\n|move|p2a: Arboliva|Leech Seed|p1b: Primarina\n|-start|p1b: Primarina|move: Leech Seed\n|\n|-heal|p2b: Archaludon|13\/100|[from] Grassy Terrain\n|-heal|p1b: Primarina|25\/100|[from] Grassy Terrain\n|-damage|p1b: Primarina|13\/100|[from] Leech Seed|[of] p2a: Arboliva\n|upkeep\n|\n|t:|1727860255\n|switch|p1a: Indeedee|Indeedee-F, L50, F|88\/100\n|-fieldstart|move: Psychic Terrain|[from] ability: Psychic Surge|[of] p1a: Indeedee\n|turn|9\n|-message|wsnsssnnn forfeited.\n|\n|win|gabutngantor\n|raw|wsnsssnnn's rating: 1691 &rarr; <strong>1670<\/strong><br \/>(-21 for losing)\n|raw|gabutngantor's rating: 1668 &rarr; <strong>1689<\/strong><br \/>(+21 for winning)\n|l|\u2606wsnsssnnn\n|player|p1|\n|c|\u2606gabutngantor|gg\n|l|\u2606gabutngantor\n|player|p2|\n","uploadtime":1727860479,"views":26,"formatid":"gen9vgc2024regh","rating":1670,"private":0,"password":null}