{"id":"gen9vgc2024regh-2214988988","format":"[Gen 9] VGC 2024 Reg H","players":["Moonlight410","tyuiop112"],"log":"|j|\u2606Moonlight410\n|j|\u2606tyuiop112\n|t:|1727958083\n|gametype|doubles\n|player|p1|Moonlight410|169|1711\n|player|p2|tyuiop112|linebacker|1724\n|teamsize|p1|6\n|teamsize|p2|6\n|gen|9\n|tier|[Gen 9] VGC 2024 Reg H\n|rated|\n|rule|Species Clause: Limit one of each Pok\u00e9mon\n|rule|Item Clause: Limit 1 of each item\n|clearpoke\n|poke|p1|Porygon2, L50|\n|poke|p1|Smeargle, L50, M|\n|poke|p1|Incineroar, L50, F|\n|poke|p1|Ursaluna, L50, F|\n|poke|p1|Kingambit, L50, F|\n|poke|p1|Dragonite, L50, F|\n|poke|p2|Incineroar, L50, F|\n|poke|p2|Garchomp, L50, M|\n|poke|p2|Dragonite, L50, M|\n|poke|p2|Ninetales-Alola, L50, M|\n|poke|p2|Amoonguss, L50, M|\n|poke|p2|Kingambit, L50, F|\n|teampreview|4\n|j| EllAkuro\n|\n|t:|1727958139\n|start\n|switch|p1a: Porygon2|Porygon2, L50|100\/100\n|switch|p1b: Smeargle|Smeargle, L50, M|100\/100\n|switch|p2a: Incineroar|Incineroar, L50, F|100\/100\n|switch|p2b: Dragonite|Dragonite, L50, M|100\/100\n|-ability|p2a: Incineroar|Intimidate|boost\n|-unboost|p1a: Porygon2|atk|1\n|-fail|p1b: Smeargle|unboost|Attack|[from] ability: Own Tempo|[of] p1b: Smeargle\n|-ability|p1a: Porygon2|Download|boost\n|-boost|p1a: Porygon2|spa|1\n|turn|1\n|\n|t:|1727958173\n|move|p2b: Dragonite|Protect|p2b: Dragonite\n|-singleturn|p2b: Dragonite|Protect\n|move|p1b: Smeargle|Fake Out|p2b: Dragonite\n|-activate|p2b: Dragonite|move: Protect\n|move|p2a: Incineroar|Taunt|p1a: Porygon2\n|-start|p1a: Porygon2|move: Taunt\n|cant|p1a: Porygon2|move: Taunt|Trick Room\n|\n|upkeep\n|turn|2\n|\n|t:|1727958201\n|switch|p1b: Incineroar|Incineroar, L50, F|100\/100\n|-ability|p1b: Incineroar|Intimidate|boost\n|-unboost|p2a: Incineroar|atk|1\n|-fail|p2b: Dragonite|unboost|[from] item: Clear Amulet|[of] p2b: Dragonite\n|move|p2b: Dragonite|Low Kick|p1b: Incineroar\n|-supereffective|p1b: Incineroar\n|-damage|p1b: Incineroar|56\/100\n|move|p2a: Incineroar|Taunt||[still]\n|-fail|p2a: Incineroar\n|move|p1a: Porygon2|Tera Blast|p2a: Incineroar\n|-damage|p2a: Incineroar|47\/100\n|\n|upkeep\n|turn|3\n|\n|t:|1727958242\n|switch|p2a: Amoonguss|Amoonguss, L50, M|100\/100\n|move|p2b: Dragonite|Protect|p2b: Dragonite\n|-singleturn|p2b: Dragonite|Protect\n|move|p1b: Incineroar|Fake Out|p2a: Amoonguss\n|-damage|p2a: Amoonguss|92\/100\n|move|p1a: Porygon2|Tera Blast|p2a: Amoonguss\n|-damage|p2a: Amoonguss|43\/100\n|-enditem|p2a: Amoonguss|Sitrus Berry|[eat]\n|-heal|p2a: Amoonguss|67\/100|[from] item: Sitrus Berry\n|\n|-end|p1a: Porygon2|move: Taunt\n|upkeep\n|turn|4\n|inactive|Battle timer is ON: inactive players will automatically lose when time's up. (requested by tyuiop112)\n|\n|t:|1727958272\n|-terastallize|p2b: Dragonite|Flying\n|move|p2b: Dragonite|Tera Blast|p1b: Incineroar|[anim] Tera Blast Flying\n|-damage|p1b: Incineroar|8\/100\n|move|p1b: Incineroar|Knock Off|p2a: Amoonguss\n|-damage|p2a: Amoonguss|47\/100\n|move|p1a: Porygon2|Tera Blast|p2a: Amoonguss\n|-damage|p2a: Amoonguss|0 fnt\n|faint|p2a: Amoonguss\n|\n|upkeep\n|\n|t:|1727958284\n|switch|p2a: Incineroar|Incineroar, L50, F|47\/100\n|-ability|p2a: Incineroar|Intimidate|boost\n|-unboost|p1a: Porygon2|atk|1\n|-unboost|p1b: Incineroar|atk|1\n|turn|5\n|\n|t:|1727958299\n|move|p2b: Dragonite|Tera Blast|p1a: Porygon2|[anim] Tera Blast Flying\n|-damage|p1a: Porygon2|56\/100\n|move|p2a: Incineroar|Parting Shot|p1a: Porygon2\n|-unboost|p1a: Porygon2|atk|1\n|-unboost|p1a: Porygon2|spa|1\n|\n|t:|1727958305\n|switch|p2a: Garchomp|Garchomp, L50, M|100\/100|[from] Parting Shot\n|move|p1b: Incineroar|Knock Off|p2b: Dragonite\n|-damage|p2b: Dragonite|87\/100\n|-enditem|p2b: Dragonite|Clear Amulet|[from] move: Knock Off|[of] p1b: Incineroar\n|move|p1a: Porygon2|Tera Blast|p2a: Garchomp\n|-damage|p2a: Garchomp|58\/100\n|\n|upkeep\n|turn|6\n|inactive|Moonlight410 has 30 seconds left.\n|\n|t:|1727958337\n|switch|p1b: Smeargle|Smeargle, L50, M|100\/100\n|move|p2a: Garchomp|Earthquake|p1a: Porygon2|[spread] p1a,p1b\n|-immune|p2b: Dragonite\n|-damage|p1a: Porygon2|20\/100\n|-damage|p1b: Smeargle|28\/100\n|-damage|p2a: Garchomp|48\/100|[from] item: Life Orb\n|move|p2b: Dragonite|Tera Blast|p1a: Porygon2|[anim] Tera Blast Flying\n|-damage|p1a: Porygon2|0 fnt\n|faint|p1a: Porygon2\n|\n|upkeep\n|\n|t:|1727958349\n|switch|p1a: Ursaluna|Ursaluna, L50, F|100\/100\n|turn|7\n|\n|t:|1727958367\n|move|p1b: Smeargle|Fake Out|p2a: Garchomp\n|-damage|p2a: Garchomp|42\/100\n|-damage|p1b: Smeargle|15\/100|[from] ability: Rough Skin|[of] p2a: Garchomp\n|cant|p2a: Garchomp|flinch\n|move|p2b: Dragonite|Low Kick|p1a: Ursaluna\n|-supereffective|p1a: Ursaluna\n|-damage|p1a: Ursaluna|36\/100\n|move|p1a: Ursaluna|Substitute|p1a: Ursaluna\n|-start|p1a: Ursaluna|Substitute\n|-damage|p1a: Ursaluna|11\/100\n|\n|-status|p1a: Ursaluna|brn|[from] item: Flame Orb\n|upkeep\n|turn|8\n|inactive|Moonlight410 has 30 seconds left.\n|inactive|Moonlight410 has 20 seconds left.\n|inactive|Moonlight410 has 15 seconds left.\n|-message|Moonlight410 forfeited.\n|\n|win|tyuiop112\n|raw|Moonlight410's rating: 1711 &rarr; <strong>1692<\/strong><br \/>(-19 for losing)\n|raw|tyuiop112's rating: 1724 &rarr; <strong>1743<\/strong><br \/>(+19 for winning)\n|l|\u2606Moonlight410\n|player|p1|\n|l|\u2606tyuiop112\n|player|p2|\n|l| EllAkuro\n","uploadtime":1727958646,"views":14,"formatid":"gen9vgc2024regh","rating":1692,"private":0,"password":null}