{"id":"gen9vgc2024regh-2214828675","format":"[Gen 9] VGC 2024 Reg H","players":["maggeprutten","Strangrdangr"],"log":"|j|\u2606maggeprutten\n|j|\u2606Strangrdangr\n|t:|1727932883\n|gametype|doubles\n|player|p1|maggeprutten|lass-gen4dp|1686\n|player|p2|Strangrdangr|266|1706\n|teamsize|p1|6\n|teamsize|p2|6\n|gen|9\n|tier|[Gen 9] VGC 2024 Reg H\n|rated|\n|rule|Species Clause: Limit one of each Pok\u00e9mon\n|rule|Item Clause: Limit 1 of each item\n|clearpoke\n|poke|p1|Dondozo, L50, F|\n|poke|p1|Tatsugiri, L50, F|\n|poke|p1|Talonflame, L50, F|\n|poke|p1|Gholdengo, L50|\n|poke|p1|Glimmora, L50, F|\n|poke|p1|Dragonite, L50, F|\n|poke|p2|Dragapult, L50, M|\n|poke|p2|Primarina, L50, M|\n|poke|p2|Tyranitar, L50, M|\n|poke|p2|Porygon2, L50|\n|poke|p2|Decidueye-Hisui, L50, M|\n|poke|p2|Volcarona, L50, F|\n|teampreview|4\n|inactive|Battle timer is ON: inactive players will automatically lose when time's up. (requested by maggeprutten)\n|\n|t:|1727932928\n|start\n|switch|p1a: Dragonite|Dragonite, L50, F|100\/100\n|switch|p1b: Glimmora|Glimmora, L50, F, shiny|100\/100\n|switch|p2a: Volcarona|Volcarona, L50, F|100\/100\n|switch|p2b: Primarina|Primarina, L50, M|100\/100\n|turn|1\n|j| MYLKO VGC\n|inactive|maggeprutten has 30 seconds left.\n|\n|t:|1727932959\n|-terastallize|p1b: Glimmora|Grass\n|move|p2a: Volcarona|Tailwind|p2a: Volcarona\n|-sidestart|p2: Strangrdangr|move: Tailwind\n|move|p2b: Primarina|Hyper Voice|p1b: Glimmora|[spread] p1a,p1b\n|-resisted|p1a: Dragonite\n|-resisted|p1b: Glimmora\n|-damage|p1a: Dragonite|83\/100\n|-damage|p1b: Glimmora|88\/100\n|-enditem|p2b: Primarina|Throat Spray\n|-boost|p2b: Primarina|spa|1|[from] item: Throat Spray\n|move|p1b: Glimmora|Sludge Bomb|p2b: Primarina\n|-supereffective|p2b: Primarina\n|-damage|p2b: Primarina|20\/100\n|move|p1a: Dragonite|Earthquake|p2a: Volcarona|[spread] p1b,p2a,p2b\n|-resisted|p1b: Glimmora\n|-crit|p2a: Volcarona\n|-damage|p1b: Glimmora|67\/100\n|-damage|p2a: Volcarona|21\/100\n|-damage|p2b: Primarina|0 fnt\n|-activate|p1b: Glimmora|ability: Toxic Debris\n|-sidestart|p2: Strangrdangr|move: Toxic Spikes\n|-enditem|p2a: Volcarona|Sitrus Berry|[eat]\n|-heal|p2a: Volcarona|46\/100|[from] item: Sitrus Berry\n|faint|p2b: Primarina\n|\n|upkeep\n|inactive|Strangrdangr has 30 seconds left.\n|\n|t:|1727932987\n|switch|p2b: Porygon2|Porygon2, L50|100\/100\n|-status|p2b: Porygon2|psn\n|-ability|p2b: Porygon2|Download|boost\n|-boost|p2b: Porygon2|spa|1\n|turn|2\n|\n|t:|1727932996\n|move|p2a: Volcarona|Overheat|p1b: Glimmora\n|-supereffective|p1b: Glimmora\n|-damage|p1b: Glimmora|0 fnt\n|-unboost|p2a: Volcarona|spa|2\n|faint|p1b: Glimmora\n|move|p2b: Porygon2|Ice Beam|p1a: Dragonite\n|-supereffective|p1a: Dragonite\n|-damage|p1a: Dragonite|0 fnt\n|faint|p1a: Dragonite\n|\n|-damage|p2b: Porygon2|88\/100 psn|[from] psn\n|upkeep\n|\n|t:|1727933006\n|switch|p1b: Dondozo|Dondozo, L50, F|100\/100\n|switch|p1a: Tatsugiri|Tatsugiri, L50, F|100\/100\n|-activate|p1a: Tatsugiri|ability: Commander|[of] p1b: Dondozo\n|-boost|p1b: Dondozo|atk|2\n|-boost|p1b: Dondozo|spa|2\n|-boost|p1b: Dondozo|spe|2\n|-boost|p1b: Dondozo|def|2\n|-boost|p1b: Dondozo|spd|2\n|turn|3\n|inactive|Strangrdangr has 30 seconds left.\n|inactive|Strangrdangr has 20 seconds left.\n|inactive|Strangrdangr has 15 seconds left.\n|inactive|Strangrdangr has 10 seconds left.\n|\n|t:|1727933054\n|move|p2a: Volcarona|Overheat|p1b: Dondozo\n|-resisted|p1b: Dondozo\n|-damage|p1b: Dondozo|84\/100\n|-unboost|p2a: Volcarona|spa|2\n|move|p1b: Dondozo|Earthquake|p2a: Volcarona|[spread] p2a,p2b\n|-miss|p1b: Dondozo|p1a: Tatsugiri\n|-damage|p2a: Volcarona|0 fnt\n|-damage|p2b: Porygon2|59\/100 psn\n|faint|p2a: Volcarona\n|move|p2b: Porygon2|Thunderbolt|p1b: Dondozo\n|-supereffective|p1b: Dondozo\n|-damage|p1b: Dondozo|59\/100\n|\n|-heal|p1b: Dondozo|65\/100|[from] item: Leftovers\n|-damage|p2b: Porygon2|47\/100 psn|[from] psn\n|upkeep\n|\n|t:|1727933069\n|switch|p2a: Decidueye|Decidueye-Hisui, L50, M|100\/100\n|-status|p2a: Decidueye|psn\n|turn|4\n|j| weakertt\n|inactive|maggeprutten has 30 seconds left.\n|\n|t:|1727933101\n|move|p1b: Dondozo|Protect|p1b: Dondozo\n|-singleturn|p1b: Dondozo|Protect\n|move|p2a: Decidueye|Leaf Blade|p1b: Dondozo\n|-activate|p1b: Dondozo|move: Protect\n|move|p2b: Porygon2|Trick Room|p2b: Porygon2\n|-fieldstart|move: Trick Room|[of] p2b: Porygon2\n|\n|-heal|p1b: Dondozo|71\/100|[from] item: Leftovers\n|-damage|p2b: Porygon2|34\/100 psn|[from] psn\n|-damage|p2a: Decidueye|88\/100 psn|[from] psn\n|-sideend|p2: Strangrdangr|move: Tailwind\n|upkeep\n|turn|5\n|\n|t:|1727933125\n|move|p2b: Porygon2|Thunderbolt|p1b: Dondozo\n|-supereffective|p1b: Dondozo\n|-crit|p1b: Dondozo\n|-damage|p1b: Dondozo|0 fnt\n|faint|p1b: Dondozo\n|move|p2a: Decidueye|Leaf Blade|p1a: Tatsugiri\n|-damage|p1a: Tatsugiri|21\/100\n|\n|-damage|p2b: Porygon2|22\/100 psn|[from] psn\n|-damage|p2a: Decidueye|76\/100 psn|[from] psn\n|upkeep\n|turn|6\n|\n|t:|1727933139\n|move|p2b: Porygon2|Recover|p2b: Porygon2\n|-heal|p2b: Porygon2|72\/100 psn\n|move|p2a: Decidueye|Triple Arrows|p1a: Tatsugiri\n|-crit|p1a: Tatsugiri\n|-damage|p1a: Tatsugiri|0 fnt\n|faint|p1a: Tatsugiri\n|\n|win|Strangrdangr\n|raw|maggeprutten's rating: 1686 &rarr; <strong>1667<\/strong><br \/>(-19 for losing)\n|raw|Strangrdangr's rating: 1706 &rarr; <strong>1725<\/strong><br \/>(+19 for winning)\n|l|\u2606maggeprutten\n|player|p1|\n|l|\u2606Strangrdangr\n|player|p2|\n|l| MYLKO VGC\n","uploadtime":1727933349,"views":18,"formatid":"gen9vgc2024regh","rating":1667,"private":0,"password":null}