{"id":"gen9vgc2024regh-2214363761","format":"[Gen 9] VGC 2024 Reg H","players":["theavent","shulivgc"],"log":"|j|\u2606theavent\n|j|\u2606shulivgc\n|t:|1727882907\n|gametype|doubles\n|player|p1|theavent|yellow|1711\n|player|p2|shulivgc|#smogonxnpa2024draftee2|1855\n|teamsize|p1|6\n|teamsize|p2|6\n|gen|9\n|tier|[Gen 9] VGC 2024 Reg H\n|rated|\n|rule|Species Clause: Limit one of each Pok\u00e9mon\n|rule|Item Clause: Limit 1 of each item\n|clearpoke\n|poke|p1|Basculegion, L50, M|\n|poke|p1|Pelipper, L50, F|\n|poke|p1|Archaludon, L50, F|\n|poke|p1|Amoonguss, L50, F|\n|poke|p1|Gholdengo, L50|\n|poke|p1|Murkrow, L50, M|\n|poke|p2|Gholdengo, L50|\n|poke|p2|Dragonite, L50, M|\n|poke|p2|Kingambit, L50, F|\n|poke|p2|Annihilape, L50, M|\n|poke|p2|Whimsicott, L50, F|\n|poke|p2|Volcarona, L50, F|\n|teampreview|4\n|j| thejruth3\n|\n|t:|1727882955\n|start\n|switch|p1a: Basculegion|Basculegion, L50, M|100\/100\n|switch|p1b: Amoonguss|Amoonguss, L50, F|100\/100\n|switch|p2a: Whimsicott|Whimsicott, L50, F, shiny|100\/100\n|switch|p2b: Volcarona|Volcarona, L50, F, shiny|100\/100\n|turn|1\n|\n|t:|1727882979\n|-terastallize|p1a: Basculegion|Water\n|move|p2a: Whimsicott|Sunny Day|p2a: Whimsicott\n|-weather|SunnyDay\n|move|p2b: Volcarona|Heat Wave|p1a: Basculegion|[spread] p1a,p1b\n|-resisted|p1a: Basculegion\n|-supereffective|p1b: Amoonguss\n|-damage|p1a: Basculegion|48\/100\n|-damage|p1b: Amoonguss|0 fnt\n|faint|p1b: Amoonguss\n|move|p1a: Basculegion|Wave Crash|p2b: Volcarona\n|-supereffective|p2b: Volcarona\n|-damage|p2b: Volcarona|0 fnt\n|-status|p1a: Basculegion|brn|[from] ability: Flame Body|[of] p2b: Volcarona\n|faint|p2b: Volcarona\n|-damage|p1a: Basculegion|21\/100 brn|[from] Recoil\n|\n|-weather|SunnyDay|[upkeep]\n|-damage|p1a: Basculegion|15\/100 brn|[from] brn\n|upkeep\n|\n|t:|1727882996\n|switch|p2b: Gholdengo|Gholdengo, L50, shiny|100\/100\n|switch|p1b: Pelipper|Pelipper, L50, F|100\/100\n|-weather|RainDance|[from] ability: Drizzle|[of] p1b: Pelipper\n|turn|2\n|\n|t:|1727883007\n|move|p1b: Pelipper|Wide Guard|p1b: Pelipper\n|-singleturn|p1b: Pelipper|Wide Guard\n|move|p2a: Whimsicott|Sunny Day|p2a: Whimsicott\n|-weather|SunnyDay\n|move|p2b: Gholdengo|Shadow Ball|p1b: Pelipper\n|-damage|p1b: Pelipper|24\/100\n|move|p1a: Basculegion|Wave Crash|p2b: Gholdengo\n|-damage|p2b: Gholdengo|74\/100\n|-damage|p1a: Basculegion|7\/100 brn|[from] Recoil\n|\n|-weather|SunnyDay|[upkeep]\n|-damage|p1a: Basculegion|1\/100 brn|[from] brn\n|upkeep\n|turn|3\n|\n|t:|1727883025\n|move|p2b: Gholdengo|Shadow Ball|p1b: Pelipper\n|-damage|p1b: Pelipper|0 fnt\n|faint|p1b: Pelipper\n|move|p2a: Whimsicott|Moonblast|p1a: Basculegion\n|-damage|p1a: Basculegion|0 fnt\n|faint|p1a: Basculegion\n|\n|-weather|SunnyDay|[upkeep]\n|upkeep\n|\n|t:|1727883035\n|switch|p1a: Archaludon|Archaludon, L50, F|100\/100\n|turn|4\n|\n|t:|1727883039\n|move|p2b: Gholdengo|Shadow Ball|p1a: Archaludon\n|-damage|p1a: Archaludon|64\/100\n|-ability|p1a: Archaludon|Stamina|boost\n|-boost|p1a: Archaludon|def|1\n|move|p2a: Whimsicott|Moonblast|p1a: Archaludon\n|-damage|p1a: Archaludon|38\/100\n|-ability|p1a: Archaludon|Stamina|boost\n|-boost|p1a: Archaludon|def|1\n|move|p1a: Archaludon|Flash Cannon|p2a: Whimsicott\n|-supereffective|p2a: Whimsicott\n|-enditem|p2a: Whimsicott|Focus Sash\n|-damage|p2a: Whimsicott|1\/100\n|\n|-weather|SunnyDay|[upkeep]\n|upkeep\n|turn|5\n|inactive|Battle timer is ON: inactive players will automatically lose when time's up. (requested by shulivgc)\n|\n|t:|1727883055\n|move|p2b: Gholdengo|Shadow Ball|p1a: Archaludon\n|-damage|p1a: Archaludon|2\/100\n|-unboost|p1a: Archaludon|spd|1\n|-ability|p1a: Archaludon|Stamina|boost\n|-boost|p1a: Archaludon|def|1\n|move|p2a: Whimsicott|Moonblast|p1a: Archaludon\n|-damage|p1a: Archaludon|0 fnt\n|faint|p1a: Archaludon\n|\n|win|shulivgc\n|raw|theavent's rating: 1711 &rarr; <strong>1699<\/strong><br \/>(-12 for losing)\n|raw|shulivgc's rating: 1855 &rarr; <strong>1867<\/strong><br \/>(+12 for winning)\n|l|\u2606shulivgc\n|player|p2|\n|l|\u2606theavent\n|player|p1|\n","uploadtime":1727883295,"views":101,"formatid":"gen9vgc2024regh","rating":1699,"private":0,"password":null}