{"id":"gen9vgc2024regh-2214319508","format":"[Gen 9] VGC 2024 Reg H","players":["zhanlinxie","koolkidz4life"],"log":"|j|\u2606zhanlinxie\n|j|\u2606koolkidz4life\n|t:|1727879112\n|gametype|doubles\n|player|p1|zhanlinxie|marley|1774\n|player|p2|koolkidz4life|2|1743\n|teamsize|p1|6\n|teamsize|p2|6\n|gen|9\n|tier|[Gen 9] VGC 2024 Reg H\n|rated|\n|rule|Species Clause: Limit one of each Pok\u00e9mon\n|rule|Item Clause: Limit 1 of each item\n|clearpoke\n|poke|p1|Incineroar, L50, F|\n|poke|p1|Pelipper, L50, F|\n|poke|p1|Archaludon, L50, F|\n|poke|p1|Basculegion, L50, M|\n|poke|p1|Amoonguss, L50, F|\n|poke|p1|Maushold-Four, L50|\n|poke|p2|Gholdengo, L50|\n|poke|p2|Whimsicott, L50, F|\n|poke|p2|Incineroar, L50, F|\n|poke|p2|Dragonite, L50, M|\n|poke|p2|Annihilape, L50, F|\n|poke|p2|Milotic, L50, M|\n|teampreview|4\n|j| DonShitDozo\n|\n|t:|1727879198\n|start\n|switch|p1a: Maushold|Maushold-Four, L50|100\/100\n|switch|p1b: Archaludon|Archaludon, L50, F|100\/100\n|switch|p2a: Annihilape|Annihilape, L50, F|100\/100\n|switch|p2b: Milotic|Milotic, L50, M|100\/100\n|turn|1\n|\n|t:|1727879232\n|switch|p1b: Basculegion|Basculegion, L50, M|100\/100\n|move|p1a: Maushold|Population Bomb|p2b: Milotic\n|-damage|p2b: Milotic|92\/100\n|-damage|p2b: Milotic|82\/100\n|-damage|p2b: Milotic|73\/100\n|-damage|p2b: Milotic|64\/100\n|-damage|p2b: Milotic|54\/100\n|-damage|p2b: Milotic|46\/100\n|-damage|p2b: Milotic|36\/100\n|-damage|p2b: Milotic|27\/100\n|-damage|p2b: Milotic|18\/100\n|-damage|p2b: Milotic|8\/100\n|-hitcount|p2b: Milotic|10\n|move|p2a: Annihilape|Close Combat|p1b: Basculegion\n|-immune|p1b: Basculegion\n|move|p2b: Milotic|Icy Wind|p1b: Basculegion|[spread] p1a,p1b\n|-resisted|p1b: Basculegion\n|-damage|p1a: Maushold|83\/100\n|-damage|p1b: Basculegion|92\/100\n|-unboost|p1a: Maushold|spe|1\n|-unboost|p1b: Basculegion|spe|1\n|\n|upkeep\n|turn|2\n|\n|t:|1727879285\n|switch|p1a: Pelipper|Pelipper, L50, F|100\/100\n|-weather|RainDance|[from] ability: Drizzle|[of] p1a: Pelipper\n|move|p1b: Basculegion|Wave Crash|p2b: Milotic\n|-resisted|p2b: Milotic\n|-damage|p2b: Milotic|0 fnt\n|faint|p2b: Milotic\n|-damage|p1b: Basculegion|90\/100|[from] Recoil\n|move|p2a: Annihilape|Rage Fist|p1b: Basculegion\n|-supereffective|p1b: Basculegion\n|-damage|p1b: Basculegion|24\/100\n|\n|-weather|RainDance|[upkeep]\n|upkeep\n|j| Memento1\n|\n|t:|1727879300\n|switch|p2b: Whimsicott|Whimsicott, L50, F|100\/100\n|turn|3\n|\n|t:|1727879326\n|move|p1b: Basculegion|Wave Crash|p2a: Annihilape\n|-damage|p2a: Annihilape|0 fnt\n|faint|p2a: Annihilape\n|-damage|p1b: Basculegion|0 fnt|[from] Recoil\n|faint|p1b: Basculegion\n|move|p2b: Whimsicott|Moonblast|p1a: Pelipper\n|-damage|p1a: Pelipper|43\/100\n|-unboost|p1a: Pelipper|spa|1\n|move|p1a: Pelipper|Weather Ball|p2b: Whimsicott\n|-resisted|p2b: Whimsicott\n|-damage|p2b: Whimsicott|74\/100\n|\n|-weather|RainDance|[upkeep]\n|upkeep\n|\n|t:|1727879342\n|switch|p1b: Archaludon|Archaludon, L50, F|100\/100\n|switch|p2a: Gholdengo|Gholdengo, L50|100\/100\n|turn|4\n|\n|t:|1727879359\n|-terastallize|p2b: Whimsicott|Ghost\n|move|p2b: Whimsicott|Moonblast|p1a: Pelipper\n|-damage|p1a: Pelipper|0 fnt\n|faint|p1a: Pelipper\n|move|p2a: Gholdengo|Nasty Plot|p2a: Gholdengo\n|-boost|p2a: Gholdengo|spa|2\n|move|p1b: Archaludon|Flash Cannon|p2b: Whimsicott\n|-damage|p2b: Whimsicott|23\/100\n|\n|-weather|RainDance|[upkeep]\n|upkeep\n|\n|t:|1727879366\n|switch|p1a: Maushold|Maushold-Four, L50|83\/100\n|turn|5\n|\n|t:|1727879394\n|move|p1a: Maushold|Protect|p1a: Maushold\n|-singleturn|p1a: Maushold|Protect\n|move|p2b: Whimsicott|Moonblast|p1b: Archaludon\n|-damage|p1b: Archaludon|79\/100\n|-unboost|p1b: Archaludon|spa|1\n|-ability|p1b: Archaludon|Stamina|boost\n|-boost|p1b: Archaludon|def|1\n|move|p2a: Gholdengo|Make It Rain|p1a: Maushold|[spread] p1b\n|-activate|p1a: Maushold|move: Protect\n|-resisted|p1b: Archaludon\n|-damage|p1b: Archaludon|45\/100\n|-unboost|p2a: Gholdengo|spa|1\n|-ability|p1b: Archaludon|Stamina|boost\n|-boost|p1b: Archaludon|def|1\n|move|p1b: Archaludon|Flash Cannon|p2b: Whimsicott\n|-crit|p2b: Whimsicott\n|-damage|p2b: Whimsicott|0 fnt\n|faint|p2b: Whimsicott\n|\n|-weather|RainDance|[upkeep]\n|upkeep\n|turn|6\n|\n|t:|1727879408\n|move|p1a: Maushold|Follow Me|p1a: Maushold\n|-singleturn|p1a: Maushold|move: Follow Me\n|move|p2a: Gholdengo|Make It Rain|p1a: Maushold|[spread] p1a,p1b\n|-resisted|p1b: Archaludon\n|-damage|p1a: Maushold|0 fnt\n|-damage|p1b: Archaludon|24\/100\n|-unboost|p2a: Gholdengo|spa|1\n|-ability|p1b: Archaludon|Stamina|boost\n|-boost|p1b: Archaludon|def|1\n|faint|p1a: Maushold\n|move|p1b: Archaludon|Electro Shot||[still]\n|-prepare|p1b: Archaludon|Electro Shot\n|-boost|p1b: Archaludon|spa|1\n|-anim|p1b: Archaludon|Electro Shot|p2a: Gholdengo\n|-damage|p2a: Gholdengo|47\/100\n|\n|-weather|none\n|upkeep\n|turn|7\n|\n|t:|1727879431\n|move|p2a: Gholdengo|Shadow Ball|p1b: Archaludon\n|-damage|p1b: Archaludon|0 fnt\n|faint|p1b: Archaludon\n|\n|win|koolkidz4life\n|raw|zhanlinxie's rating: 1774 &rarr; <strong>1752<\/strong><br \/>(-22 for losing)\n|raw|koolkidz4life's rating: 1743 &rarr; <strong>1765<\/strong><br \/>(+22 for winning)\n|l|\u2606zhanlinxie\n|player|p1|\n|l| DonShitDozo\n|l|\u2606koolkidz4life\n|player|p2|\n|l| Memento1\n","uploadtime":1727879588,"views":41,"formatid":"gen9vgc2024regh","rating":1752,"private":0,"password":null}