{"id":"gen9vgc2024regh-2214491772","format":"[Gen 9] VGC 2024 Reg H","players":["very demure","snowperegrine"],"log":"|j|\u2606very demure\n|j|\u2606snowperegrine\n|t:|1727893778\n|gametype|doubles\n|player|p1|very demure|dawn-gen4pt|1816\n|player|p2|snowperegrine|266|1718\n|teamsize|p1|6\n|teamsize|p2|6\n|gen|9\n|tier|[Gen 9] VGC 2024 Reg H\n|rated|\n|rule|Species Clause: Limit one of each Pok\u00e9mon\n|rule|Item Clause: Limit 1 of each item\n|clearpoke\n|poke|p1|Basculegion, L50, M|\n|poke|p1|Pelipper, L50, M|\n|poke|p1|Archaludon, L50, M|\n|poke|p1|Indeedee, L50, M|\n|poke|p1|Sneasler, L50, F|\n|poke|p1|Amoonguss, L50, F|\n|poke|p2|Rillaboom, L50, M|\n|poke|p2|Sneasler, L50, F|\n|poke|p2|Clefable, L50, M|\n|poke|p2|Incineroar, L50, F|\n|poke|p2|Kingambit, L50, M|\n|poke|p2|Basculegion-F, L50, F|\n|teampreview|4\n|inactive|Battle timer is ON: inactive players will automatically lose when time's up. (requested by snowperegrine)\n|\n|t:|1727893858\n|start\n|switch|p1a: Indeedee|Indeedee, L50, M|100\/100\n|switch|p1b: Sneasler|Sneasler, L50, F|100\/100\n|switch|p2a: Kingambit|Kingambit, L50, M, shiny|100\/100\n|switch|p2b: Basculegion|Basculegion-F, L50, F|100\/100\n|-fieldstart|move: Psychic Terrain|[from] ability: Psychic Surge|[of] p1a: Indeedee\n|-enditem|p1b: Sneasler|Psychic Seed\n|-boost|p1b: Sneasler|spd|1|[from] item: Psychic Seed\n|turn|1\n|inactive|snowperegrine has 30 seconds left.\n|inactive|very demure has 30 seconds left.\n|inactive|very demure has 20 seconds left.\n|\n|t:|1727893902\n|move|p2a: Kingambit|Protect|p2a: Kingambit\n|-singleturn|p2a: Kingambit|Protect\n|move|p1b: Sneasler|Close Combat|p2a: Kingambit\n|-activate|p2a: Kingambit|move: Protect\n|move|p1a: Indeedee|Expanding Force|p2a: Kingambit|[spread] p2b\n|-activate|p2a: Kingambit|move: Protect\n|-damage|p2b: Basculegion|42\/100\n|move|p2b: Basculegion|Muddy Water|p1b: Sneasler|[spread] p1a\n|-miss|p2b: Basculegion|p1b: Sneasler\n|-damage|p1a: Indeedee|46\/100\n|\n|upkeep\n|turn|2\n|\n|t:|1727893917\n|switch|p2a: Rillaboom|Rillaboom, L50, M, shiny|100\/100\n|-fieldstart|move: Grassy Terrain|[from] ability: Grassy Surge|[of] p2a: Rillaboom\n|move|p1b: Sneasler|Close Combat|p2a: Rillaboom\n|-damage|p2a: Rillaboom|35\/100\n|-unboost|p1b: Sneasler|def|1\n|-unboost|p1b: Sneasler|spd|1\n|move|p1a: Indeedee|Expanding Force|p2a: Rillaboom\n|-damage|p2a: Rillaboom|5\/100\n|move|p2b: Basculegion|Muddy Water|p1b: Sneasler|[spread] p1a,p1b\n|-damage|p1a: Indeedee|0 fnt\n|-damage|p1b: Sneasler|45\/100\n|faint|p1a: Indeedee\n|\n|-heal|p1b: Sneasler|51\/100|[from] Grassy Terrain\n|-heal|p2b: Basculegion|48\/100|[from] Grassy Terrain\n|-heal|p2a: Rillaboom|11\/100|[from] Grassy Terrain\n|upkeep\n|inactive|very demure has 30 seconds left.\n|inactive|very demure has 20 seconds left.\n|\n|t:|1727893955\n|switch|p1a: Archaludon|Archaludon, L50, M|100\/100\n|turn|3\n|j| mr pogostick\n|inactive|snowperegrine has 30 seconds left.\n|\n|t:|1727893983\n|move|p1b: Sneasler|Protect|p1b: Sneasler\n|-singleturn|p1b: Sneasler|Protect\n|move|p1a: Archaludon|Protect|p1a: Archaludon\n|-singleturn|p1a: Archaludon|Protect\n|move|p2a: Rillaboom|Fake Out|p1b: Sneasler\n|-activate|p1b: Sneasler|move: Protect\n|move|p2b: Basculegion|Muddy Water|p1b: Sneasler|[spread] \n|-activate|p1a: Archaludon|move: Protect\n|-activate|p1b: Sneasler|move: Protect\n|\n|-heal|p1b: Sneasler|57\/100|[from] Grassy Terrain\n|-heal|p2b: Basculegion|54\/100|[from] Grassy Terrain\n|-heal|p2a: Rillaboom|18\/100|[from] Grassy Terrain\n|upkeep\n|turn|4\n|\n|t:|1727893998\n|move|p2a: Rillaboom|Grassy Glide|p1b: Sneasler\n|-resisted|p1b: Sneasler\n|-damage|p1b: Sneasler|13\/100\n|move|p1b: Sneasler|Throat Chop|p2b: Basculegion\n|-supereffective|p2b: Basculegion\n|-damage|p2b: Basculegion|0 fnt\n|faint|p2b: Basculegion\n|move|p1a: Archaludon|Flash Cannon|p2a: Rillaboom\n|-damage|p2a: Rillaboom|0 fnt\n|faint|p2a: Rillaboom\n|\n|-heal|p1b: Sneasler|19\/100|[from] Grassy Terrain\n|upkeep\n|\n|t:|1727894009\n|switch|p2b: Sneasler|Sneasler, L50, F|100\/100\n|switch|p2a: Kingambit|Kingambit, L50, M, shiny|100\/100\n|-enditem|p2b: Sneasler|Grassy Seed\n|-boost|p2b: Sneasler|def|1|[from] item: Grassy Seed\n|turn|5\n|inactive|snowperegrine has 30 seconds left.\n|inactive|snowperegrine has 20 seconds left.\n|inactive|snowperegrine has 15 seconds left.\n|\n|t:|1727894053\n|move|p1b: Sneasler|Protect|p1b: Sneasler\n|-singleturn|p1b: Sneasler|Protect\n|move|p1a: Archaludon|Protect|p1a: Archaludon\n|-singleturn|p1a: Archaludon|Protect\n|move|p2a: Kingambit|Sucker Punch||[still]\n|-fail|p2a: Kingambit\n|move|p2b: Sneasler|Substitute|p2b: Sneasler\n|-start|p2b: Sneasler|Substitute\n|-damage|p2b: Sneasler|75\/100\n|\n|-heal|p1b: Sneasler|25\/100|[from] Grassy Terrain\n|-heal|p2b: Sneasler|82\/100|[from] Grassy Terrain\n|upkeep\n|turn|6\n|inactive|snowperegrine has 30 seconds left.\n|inactive|snowperegrine has 20 seconds left.\n|inactive|snowperegrine has 15 seconds left.\n|inactive|snowperegrine has 10 seconds left.\n|\n|t:|1727894099\n|switch|p1b: Pelipper|Pelipper, L50, M|100\/100\n|-weather|RainDance|[from] ability: Drizzle|[of] p1b: Pelipper\n|-terastallize|p1a: Archaludon|Flying\n|move|p2a: Kingambit|Sucker Punch||[still]\n|-fail|p2a: Kingambit\n|move|p2b: Sneasler|Close Combat|p1a: Archaludon\n|-resisted|p1a: Archaludon\n|-damage|p1a: Archaludon|71\/100\n|-unboost|p2b: Sneasler|def|1\n|-unboost|p2b: Sneasler|spd|1\n|move|p1a: Archaludon|Electro Shot||[still]\n|-prepare|p1a: Archaludon|Electro Shot\n|-boost|p1a: Archaludon|spa|1\n|-anim|p1a: Archaludon|Electro Shot|p2b: Sneasler\n|-end|p2b: Sneasler|Substitute\n|\n|-weather|RainDance|[upkeep]\n|-heal|p2b: Sneasler|88\/100|[from] Grassy Terrain\n|-fieldend|move: Grassy Terrain\n|upkeep\n|turn|7\n|inactive|very demure has 30 seconds left.\n|inactive|snowperegrine has 30 seconds left.\n|\n|t:|1727894127\n|move|p2b: Sneasler|Dire Claw|p1b: Pelipper\n|-damage|p1b: Pelipper|41\/100\n|-status|p1b: Pelipper|par\n|move|p1a: Archaludon|Electro Shot||[still]\n|-prepare|p1a: Archaludon|Electro Shot\n|-boost|p1a: Archaludon|spa|1\n|-anim|p1a: Archaludon|Electro Shot|p2b: Sneasler\n|-damage|p2b: Sneasler|0 fnt\n|faint|p2b: Sneasler\n|move|p2a: Kingambit|Kowtow Cleave|p1b: Pelipper\n|-damage|p1b: Pelipper|0 fnt\n|faint|p1b: Pelipper\n|\n|-weather|RainDance|[upkeep]\n|upkeep\n|\n|t:|1727894138\n|switch|p1b: Sneasler|Sneasler, L50, F|25\/100\n|turn|8\n|\n|t:|1727894154\n|move|p1b: Sneasler|Protect|p1b: Sneasler\n|-singleturn|p1b: Sneasler|Protect\n|move|p1a: Archaludon|Protect|p1a: Archaludon\n|-singleturn|p1a: Archaludon|Protect\n|move|p2a: Kingambit|Protect||[still]\n|-fail|p2a: Kingambit\n|\n|-weather|RainDance|[upkeep]\n|upkeep\n|turn|9\n|\n|t:|1727894170\n|-terastallize|p2a: Kingambit|Dark\n|move|p2a: Kingambit|Sucker Punch|p1a: Archaludon\n|-damage|p1a: Archaludon|24\/100\n|move|p1b: Sneasler|Close Combat|p2a: Kingambit\n|-supereffective|p2a: Kingambit\n|-damage|p2a: Kingambit|5\/100\n|-unboost|p1b: Sneasler|def|1\n|-unboost|p1b: Sneasler|spd|1\n|move|p1a: Archaludon|Electro Shot||[still]\n|-prepare|p1a: Archaludon|Electro Shot\n|-boost|p1a: Archaludon|spa|1\n|-anim|p1a: Archaludon|Electro Shot|p2a: Kingambit\n|-damage|p2a: Kingambit|0 fnt\n|faint|p2a: Kingambit\n|\n|win|very demure\n|raw|very demure's rating: 1816 &rarr; <strong>1831<\/strong><br \/>(+15 for winning)\n|raw|snowperegrine's rating: 1718 &rarr; <strong>1703<\/strong><br \/>(-15 for losing)\n|c|\u2606very demure|nt\n|l|\u2606very demure\n|player|p1|\n|l|\u2606snowperegrine\n|player|p2|\n|l| mr pogostick\n","uploadtime":1727894204,"views":19,"formatid":"gen9vgc2024regh","rating":1703,"private":0,"password":null}