{"id":"gen9vgc2024regh-2214983937","format":"[Gen 9] VGC 2024 Reg H","players":["tyuiop112","DARIUS I.B."],"log":"|j|\u2606tyuiop112\n|j|\u2606DARIUS I.B.\n|t:|1727957467\n|gametype|doubles\n|player|p1|tyuiop112|linebacker|1712\n|player|p2|DARIUS I.B.|101|1722\n|teamsize|p1|6\n|teamsize|p2|6\n|gen|9\n|tier|[Gen 9] VGC 2024 Reg H\n|rated|\n|rule|Species Clause: Limit one of each Pok\u00e9mon\n|rule|Item Clause: Limit 1 of each item\n|clearpoke\n|poke|p1|Incineroar, L50, F|\n|poke|p1|Garchomp, L50, F|\n|poke|p1|Dragonite, L50, F|\n|poke|p1|Ninetales-Alola, L50, F|\n|poke|p1|Amoonguss, L50, M|\n|poke|p1|Kingambit, L50, M|\n|poke|p2|Pelipper, L50, M|\n|poke|p2|Archaludon, L50, F|\n|poke|p2|Basculegion, L50, M|\n|poke|p2|Sneasler, L50, M|\n|poke|p2|Farigiraf, L50, M|\n|poke|p2|Gholdengo, L50|\n|teampreview|4\n|\n|t:|1727957499\n|start\n|switch|p1a: Garchomp|Garchomp, L50, F|100\/100\n|switch|p1b: Dragonite|Dragonite, L50, F|100\/100\n|switch|p2a: Pelipper|Pelipper, L50, M, shiny|100\/100\n|switch|p2b: Archaludon|Archaludon, L50, F|100\/100\n|-weather|RainDance|[from] ability: Drizzle|[of] p2a: Pelipper\n|turn|1\n|inactive|Battle timer is ON: inactive players will automatically lose when time's up. (requested by DARIUS I.B.)\n|\n|t:|1727957522\n|-terastallize|p2b: Archaludon|Electric\n|move|p1b: Dragonite|Extreme Speed|p2a: Pelipper\n|-damage|p2a: Pelipper|61\/100\n|move|p2a: Pelipper|Weather Ball|p1a: Garchomp\n|-damage|p1a: Garchomp|33\/100\n|move|p1a: Garchomp|Dragon Claw|p2a: Pelipper\n|-damage|p2a: Pelipper|0 fnt\n|faint|p2a: Pelipper\n|-damage|p1a: Garchomp|23\/100|[from] item: Life Orb\n|move|p2b: Archaludon|Electro Shot||[still]\n|-prepare|p2b: Archaludon|Electro Shot\n|-boost|p2b: Archaludon|spa|1\n|-anim|p2b: Archaludon|Electro Shot|p1b: Dragonite\n|-damage|p1b: Dragonite|20\/100\n|\n|-weather|RainDance|[upkeep]\n|upkeep\n|\n|t:|1727957545\n|switch|p2a: Sneasler|Sneasler, L50, M|100\/100\n|turn|2\n|\n|t:|1727957565\n|move|p1a: Garchomp|Protect|p1a: Garchomp\n|-singleturn|p1a: Garchomp|Protect\n|move|p1b: Dragonite|Extreme Speed|p2a: Sneasler\n|-damage|p2a: Sneasler|46\/100\n|move|p2a: Sneasler|Close Combat|p1a: Garchomp\n|-activate|p1a: Garchomp|move: Protect\n|move|p2b: Archaludon|Electro Shot||[still]\n|-prepare|p2b: Archaludon|Electro Shot\n|-boost|p2b: Archaludon|spa|1\n|-anim|p2b: Archaludon|Electro Shot|p1b: Dragonite\n|-damage|p1b: Dragonite|0 fnt\n|faint|p1b: Dragonite\n|\n|-weather|RainDance|[upkeep]\n|upkeep\n|\n|t:|1727957582\n|switch|p1b: Ninetales|Ninetales-Alola, L50, F|100\/100\n|-weather|Snow|[from] ability: Snow Warning|[of] p1b: Ninetales\n|turn|3\n|\n|t:|1727957605\n|switch|p2b: Gholdengo|Gholdengo, L50|100\/100\n|-terastallize|p1b: Ninetales|Ice\n|move|p2a: Sneasler|Close Combat|p1a: Garchomp\n|-damage|p1a: Garchomp|0 fnt\n|-unboost|p2a: Sneasler|def|1\n|-unboost|p2a: Sneasler|spd|1\n|-damage|p2a: Sneasler|34\/100|[from] ability: Rough Skin|[of] p1a: Garchomp\n|faint|p1a: Garchomp\n|move|p1b: Ninetales|Blizzard|p2a: Sneasler|[spread] p2a,p2b\n|-resisted|p2b: Gholdengo\n|-damage|p2a: Sneasler|0 fnt\n|-damage|p2b: Gholdengo|66\/100\n|faint|p2a: Sneasler\n|\n|-weather|Snow|[upkeep]\n|upkeep\n|\n|t:|1727957622\n|switch|p2a: Archaludon|Archaludon, L50, F, tera:Electric|100\/100\n|switch|p1a: Kingambit|Kingambit, L50, M|100\/100\n|turn|4\n|\n|t:|1727957645\n|move|p1a: Kingambit|Sucker Punch|p2b: Gholdengo\n|-supereffective|p2b: Gholdengo\n|-damage|p2b: Gholdengo|0 fnt\n|faint|p2b: Gholdengo\n|move|p1b: Ninetales|Blizzard|p2a: Archaludon\n|-ability|p2a: Archaludon|Sturdy\n|-damage|p2a: Archaludon|1\/100\n|-status|p2a: Archaludon|frz\n|cant|p2a: Archaludon|frz\n|\n|-weather|Snow|[upkeep]\n|upkeep\n|turn|5\n|l|\u2606DARIUS I.B.\n|inactive|DARIUS I.B. disconnected and has a minute to reconnect!\n|player|p2|\n|inactive|DARIUS I.B. has 30 seconds left.\n|inactive|DARIUS I.B. has 20 seconds left.\n|inactive|DARIUS I.B. has 15 seconds left.\n|inactive|DARIUS I.B. has 10 seconds left.\n|inactive|DARIUS I.B. has 5 seconds left.\n|-message|DARIUS I.B. lost due to inactivity.\n|\n|win|tyuiop112\n|raw|tyuiop112's rating: 1712 &rarr; <strong>1733<\/strong><br \/>(+21 for winning)\n|raw|DARIUS I.B.'s rating: 1722 &rarr; <strong>1701<\/strong><br \/>(-21 for losing)\n|l|\u2606tyuiop112\n|player|p1|\n","uploadtime":1727957951,"views":12,"formatid":"gen9vgc2024regh","rating":1701,"private":0,"password":null}