{"id":"gen9vgc2024regh-2214955103","format":"[Gen 9] VGC 2024 Reg H","players":["QuinlanBuilds","koolkidz4life"],"log":"|j|\u2606QuinlanBuilds\n|j|\u2606koolkidz4life\n|t:|1727953708\n|gametype|doubles\n|player|p1|QuinlanBuilds|101|1654\n|player|p2|koolkidz4life|170|1758\n|teamsize|p1|6\n|teamsize|p2|6\n|gen|9\n|tier|[Gen 9] VGC 2024 Reg H\n|rated|\n|rule|Species Clause: Limit one of each Pok\u00e9mon\n|rule|Item Clause: Limit 1 of each item\n|clearpoke\n|poke|p1|Volbeat, L50, M|\n|poke|p1|Primarina, L50, F|\n|poke|p1|Espathra, L50, F|\n|poke|p1|Typhlosion-Hisui, L50, F|\n|poke|p1|Indeedee-F, L50, F|\n|poke|p1|Archaludon, L50, F|\n|poke|p2|Gholdengo, L50|\n|poke|p2|Whimsicott, L50, M|\n|poke|p2|Incineroar, L50, M|\n|poke|p2|Dragonite, L50, M|\n|poke|p2|Annihilape, L50, F|\n|poke|p2|Gyarados, L50, M|\n|teampreview|4\n|inactive|Battle timer is ON: inactive players will automatically lose when time's up. (requested by QuinlanBuilds)\n|\n|t:|1727953732\n|start\n|switch|p1a: Primarina|Primarina, L50, F|100\/100\n|switch|p1b: Volbeat|Volbeat, L50, M|100\/100\n|switch|p2a: Gholdengo|Gholdengo, L50|100\/100\n|switch|p2b: Whimsicott|Whimsicott, L50, M|100\/100\n|turn|1\n|\n|t:|1727953748\n|-terastallize|p1a: Primarina|Steel\n|move|p1b: Volbeat|Sunny Day|p1b: Volbeat\n|-weather|SunnyDay\n|move|p2b: Whimsicott|Energy Ball|p1a: Primarina\n|-resisted|p1a: Primarina\n|-damage|p1a: Primarina|83\/100\n|move|p2a: Gholdengo|Nasty Plot|p2a: Gholdengo\n|-boost|p2a: Gholdengo|spa|2\n|move|p1a: Primarina|Weather Ball|p2a: Gholdengo\n|-supereffective|p2a: Gholdengo\n|-enditem|p2a: Gholdengo|Focus Sash\n|-damage|p2a: Gholdengo|1\/100\n|\n|-weather|SunnyDay|[upkeep]\n|upkeep\n|turn|2\n|j| MONOLO0O\n|inactive|QuinlanBuilds has 30 seconds left.\n|inactive|QuinlanBuilds has 20 seconds left.\n|\n|t:|1727953783\n|move|p2b: Whimsicott|Tailwind|p2b: Whimsicott\n|-sidestart|p2: koolkidz4life|move: Tailwind\n|move|p1b: Volbeat|Tailwind|p1b: Volbeat\n|-sidestart|p1: QuinlanBuilds|move: Tailwind\n|move|p2a: Gholdengo|Make It Rain|p1a: Primarina|[spread] p1a,p1b\n|-resisted|p1a: Primarina\n|-damage|p1a: Primarina|39\/100\n|-damage|p1b: Volbeat|22\/100\n|-unboost|p2a: Gholdengo|spa|1\n|move|p1a: Primarina|Weather Ball|p2b: Whimsicott\n|-supereffective|p2b: Whimsicott\n|-damage|p2b: Whimsicott|0 fnt\n|faint|p2b: Whimsicott\n|\n|-weather|SunnyDay|[upkeep]\n|upkeep\n|\n|t:|1727953790\n|switch|p2b: Annihilape|Annihilape, L50, F|100\/100\n|turn|3\n|j| MarikoKanai\n|\n|t:|1727953814\n|move|p1b: Volbeat|Rain Dance|p1b: Volbeat\n|-weather|RainDance\n|move|p2a: Gholdengo|Shadow Ball|p1b: Volbeat\n|-damage|p1b: Volbeat|0 fnt\n|faint|p1b: Volbeat\n|move|p1a: Primarina|Weather Ball|p2a: Gholdengo\n|-damage|p2a: Gholdengo|0 fnt\n|faint|p2a: Gholdengo\n|move|p2b: Annihilape|Drain Punch|p1a: Primarina\n|-supereffective|p1a: Primarina\n|-damage|p1a: Primarina|0 fnt\n|faint|p1a: Primarina\n|\n|-weather|RainDance|[upkeep]\n|upkeep\n|\n|t:|1727953822\n|switch|p2a: Dragonite|Dragonite, L50, M|100\/100\n|switch|p1a: Archaludon|Archaludon, L50, F|100\/100\n|switch|p1b: Espathra|Espathra, L50, F|100\/100\n|turn|4\n|\n|t:|1727953836\n|-terastallize|p2a: Dragonite|Normal\n|move|p1b: Espathra|Protect|p1b: Espathra\n|-singleturn|p1b: Espathra|Protect\n|move|p1a: Archaludon|Protect|p1a: Archaludon\n|-singleturn|p1a: Archaludon|Protect\n|move|p2b: Annihilape|Close Combat|p1a: Archaludon\n|-activate|p1a: Archaludon|move: Protect\n|move|p2a: Dragonite|Brick Break|p1a: Archaludon\n|-activate|p1a: Archaludon|move: Protect\n|\n|-weather|RainDance|[upkeep]\n|-ability|p1b: Espathra|Speed Boost|boost\n|-boost|p1b: Espathra|spe|1\n|upkeep\n|turn|5\n|\n|t:|1727953860\n|move|p2a: Dragonite|Extreme Speed|p1b: Espathra\n|-damage|p1b: Espathra|13\/100\n|-damage|p2a: Dragonite|91\/100|[from] item: Life Orb\n|move|p1b: Espathra|Lumina Crash|p2a: Dragonite\n|-damage|p2a: Dragonite|56\/100\n|-unboost|p2a: Dragonite|spd|2\n|move|p1a: Archaludon|Electro Shot||[still]\n|-prepare|p1a: Archaludon|Electro Shot\n|-boost|p1a: Archaludon|spa|1\n|-anim|p1a: Archaludon|Electro Shot|p2a: Dragonite\n|-damage|p2a: Dragonite|0 fnt\n|faint|p2a: Dragonite\n|move|p2b: Annihilape|Rage Fist|p1b: Espathra\n|-supereffective|p1b: Espathra\n|-damage|p1b: Espathra|0 fnt\n|faint|p1b: Espathra\n|\n|-weather|RainDance|[upkeep]\n|-sideend|p1: QuinlanBuilds|move: Tailwind\n|-sideend|p2: koolkidz4life|move: Tailwind\n|upkeep\n|turn|6\n|inactive|QuinlanBuilds has 30 seconds left.\n|\n|t:|1727953893\n|move|p1a: Archaludon|Electro Shot||[still]\n|-prepare|p1a: Archaludon|Electro Shot\n|-boost|p1a: Archaludon|spa|1\n|-anim|p1a: Archaludon|Electro Shot|p2b: Annihilape\n|-damage|p2b: Annihilape|47\/100\n|move|p2b: Annihilape|Drain Punch|p1a: Archaludon\n|-supereffective|p1a: Archaludon\n|-damage|p1a: Archaludon|41\/100\n|-heal|p2b: Annihilape|70\/100|[from] drain|[of] p1a: Archaludon\n|-ability|p1a: Archaludon|Stamina|boost\n|-boost|p1a: Archaludon|def|1\n|\n|-weather|RainDance|[upkeep]\n|upkeep\n|turn|7\n|\n|t:|1727953909\n|move|p1a: Archaludon|Electro Shot||[still]\n|-prepare|p1a: Archaludon|Electro Shot\n|-boost|p1a: Archaludon|spa|1\n|-anim|p1a: Archaludon|Electro Shot|p2b: Annihilape\n|-damage|p2b: Annihilape|0 fnt\n|faint|p2b: Annihilape\n|\n|win|QuinlanBuilds\n|raw|QuinlanBuilds's rating: 1654 &rarr; <strong>1680<\/strong><br \/>(+26 for winning)\n|raw|koolkidz4life's rating: 1758 &rarr; <strong>1732<\/strong><br \/>(-26 for losing)\n|l|\u2606QuinlanBuilds\n|player|p1|\n|l|\u2606koolkidz4life\n|player|p2|\n|l| MONOLO0O\n","uploadtime":1727954159,"views":19,"formatid":"gen9vgc2024regh","rating":1680,"private":0,"password":null}