{"id":"gen9vgc2024regh-2214854548","format":"[Gen 9] VGC 2024 Reg H","players":["rainha678","carrotbeafsteak"],"log":"|j|\u2606rainha678\n|j|\u2606carrotbeafsteak\n|t:|1727937540\n|gametype|doubles\n|player|p1|rainha678|169|1642\n|player|p2|carrotbeafsteak|101|1701\n|teamsize|p1|6\n|teamsize|p2|6\n|gen|9\n|tier|[Gen 9] VGC 2024 Reg H\n|rated|\n|rule|Species Clause: Limit one of each Pok\u00e9mon\n|rule|Item Clause: Limit 1 of each item\n|clearpoke\n|poke|p1|Whimsicott, L50, M|\n|poke|p1|Ursaluna-Bloodmoon, L50, M|\n|poke|p1|Indeedee-F, L50, F|\n|poke|p1|Armarouge, L50, F|\n|poke|p1|Sneasler, L50, F|\n|poke|p1|Dragonite, L50, F|\n|poke|p2|Volcarona, L50, F|\n|poke|p2|Cloyster, L50, M|\n|poke|p2|Rillaboom, L50, M|\n|poke|p2|Ninetales-Alola, L50, M|\n|poke|p2|Tyranitar, L50, M|\n|poke|p2|Metagross, L50|\n|teampreview|4\n|\n|t:|1727937596\n|start\n|switch|p1a: Whimsicott|Whimsicott, L50, M|100\/100\n|switch|p1b: Dragonite|Dragonite, L50, F|100\/100\n|switch|p2a: Volcarona|Volcarona, L50, F|100\/100\n|switch|p2b: Metagross|Metagross, L50|100\/100\n|turn|1\n|\n|t:|1727937621\n|move|p1a: Whimsicott|Tailwind|p1a: Whimsicott\n|-sidestart|p1: rainha678|move: Tailwind\n|move|p1b: Dragonite|Aerial Ace|p2a: Volcarona\n|-supereffective|p2a: Volcarona\n|-damage|p2a: Volcarona|18\/100\n|move|p2a: Volcarona|Tailwind|p2a: Volcarona\n|-sidestart|p2: carrotbeafsteak|move: Tailwind\n|move|p2b: Metagross|Trick|p1b: Dragonite\n|-activate|p2b: Metagross|move: Trick|[of] p1b: Dragonite\n|-item|p1b: Dragonite|Lagging Tail|[from] move: Trick\n|-item|p2b: Metagross|Assault Vest|[from] move: Trick\n|\n|upkeep\n|turn|2\n|\n|t:|1727937641\n|switch|p1a: Ursaluna|Ursaluna-Bloodmoon, L50, M|100\/100\n|switch|p2a: Tyranitar|Tyranitar, L50, M|100\/100\n|-weather|Sandstorm|[from] ability: Sand Stream|[of] p2a: Tyranitar\n|move|p1b: Dragonite|Extreme Speed|p2a: Tyranitar\n|-resisted|p2a: Tyranitar\n|-damage|p2a: Tyranitar|85\/100\n|move|p2b: Metagross|Bullet Punch|p1a: Ursaluna\n|-damage|p1a: Ursaluna|85\/100\n|\n|-weather|Sandstorm|[upkeep]\n|-damage|p1b: Dragonite|94\/100|[from] Sandstorm\n|upkeep\n|turn|3\n|j| hackervgc\n|\n|t:|1727937667\n|move|p1a: Ursaluna|Protect|p1a: Ursaluna\n|-singleturn|p1a: Ursaluna|Protect\n|move|p2a: Tyranitar|Rock Slide|p1b: Dragonite|[spread] p1b\n|-activate|p1a: Ursaluna|move: Protect\n|-supereffective|p1b: Dragonite\n|-damage|p1b: Dragonite|28\/100\n|move|p2b: Metagross|Body Press|p1a: Ursaluna\n|-activate|p1a: Ursaluna|move: Protect\n|move|p1b: Dragonite|Earthquake|p2a: Tyranitar|[spread] p2a,p2b\n|-activate|p1a: Ursaluna|move: Protect\n|-supereffective|p2a: Tyranitar\n|-supereffective|p2b: Metagross\n|-damage|p2a: Tyranitar|34\/100\n|-damage|p2b: Metagross|66\/100\n|\n|-weather|Sandstorm|[upkeep]\n|-damage|p1b: Dragonite|21\/100|[from] Sandstorm\n|upkeep\n|turn|4\n|\n|t:|1727937707\n|move|p1b: Dragonite|Extreme Speed|p2a: Tyranitar\n|-resisted|p2a: Tyranitar\n|-damage|p2a: Tyranitar|20\/100\n|move|p2a: Tyranitar|Rock Slide|p1b: Dragonite|[spread] p1a,p1b\n|-resisted|p1a: Ursaluna\n|-supereffective|p1b: Dragonite\n|-damage|p1a: Ursaluna|72\/100\n|-damage|p1b: Dragonite|0 fnt\n|faint|p1b: Dragonite\n|move|p1a: Ursaluna|Earth Power|p2b: Metagross\n|-supereffective|p2b: Metagross\n|-damage|p2b: Metagross|0 fnt\n|faint|p2b: Metagross\n|-damage|p1a: Ursaluna|63\/100|[from] item: Life Orb\n|\n|-weather|Sandstorm|[upkeep]\n|-sideend|p2: carrotbeafsteak|move: Tailwind\n|-sideend|p1: rainha678|move: Tailwind\n|upkeep\n|\n|t:|1727937723\n|switch|p1b: Whimsicott|Whimsicott, L50, M|100\/100\n|switch|p2b: Volcarona|Volcarona, L50, F|18\/100\n|turn|5\n|\n|t:|1727937738\n|-terastallize|p1a: Ursaluna|Normal\n|move|p2b: Volcarona|Rage Powder|p2b: Volcarona\n|-singleturn|p2b: Volcarona|move: Rage Powder\n|move|p1b: Whimsicott|Tailwind|p1b: Whimsicott\n|-sidestart|p1: rainha678|move: Tailwind\n|move|p1a: Ursaluna|Hyper Voice|p2b: Volcarona|[spread] p2a,p2b\n|-resisted|p2a: Tyranitar\n|-damage|p2a: Tyranitar|4\/100\n|-damage|p2b: Volcarona|0 fnt\n|faint|p2b: Volcarona\n|-damage|p1a: Ursaluna|53\/100|[from] item: Life Orb\n|move|p2a: Tyranitar|Low Kick|p1a: Ursaluna\n|-supereffective|p1a: Ursaluna\n|-damage|p1a: Ursaluna|0 fnt\n|faint|p1a: Ursaluna\n|\n|-weather|Sandstorm|[upkeep]\n|-damage|p1b: Whimsicott|95\/100|[from] Sandstorm\n|upkeep\n|\n|t:|1727937754\n|switch|p2b: Cloyster|Cloyster, L50, M|100\/100\n|switch|p1a: Armarouge|Armarouge, L50, F|100\/100\n|turn|6\n|\n|t:|1727937767\n|move|p1b: Whimsicott|Sunny Day|p1b: Whimsicott\n|-weather|SunnyDay\n|move|p1a: Armarouge|Heat Wave|p2a: Tyranitar|[spread] p2a\n|-miss|p1a: Armarouge|p2b: Cloyster\n|-resisted|p2a: Tyranitar\n|-damage|p2a: Tyranitar|0 fnt\n|faint|p2a: Tyranitar\n|move|p2b: Cloyster|Blizzard|p1b: Whimsicott|[spread] p1a\n|-miss|p2b: Cloyster|p1b: Whimsicott\n|-resisted|p1a: Armarouge\n|-damage|p1a: Armarouge|82\/100\n|\n|-weather|SunnyDay|[upkeep]\n|upkeep\n|turn|7\n|j| Manchester1997!\n|-message|carrotbeafsteak forfeited.\n|\n|win|rainha678\n|raw|rainha678's rating: 1642 &rarr; <strong>1665<\/strong><br \/>(+23 for winning)\n|raw|carrotbeafsteak's rating: 1701 &rarr; <strong>1678<\/strong><br \/>(-23 for losing)\n|l|\u2606carrotbeafsteak\n|player|p2|\n|l|\u2606rainha678\n|player|p1|\n|l| hackervgc\n|l| Manchester1997!\n","uploadtime":1727937975,"views":31,"formatid":"gen9vgc2024regh","rating":1665,"private":0,"password":null}