{"id":"gen9vgc2024regh-2214843424","format":"[Gen 9] VGC 2024 Reg H","players":["mattun","rough Pult"],"log":"|j|\u2606mattun\n|j|\u2606rough Pult\n|t:|1727935563\n|gametype|doubles\n|player|p1|mattun|1|1708\n|player|p2|rough Pult|giovanni|1733\n|teamsize|p1|6\n|teamsize|p2|6\n|gen|9\n|tier|[Gen 9] VGC 2024 Reg H\n|rated|\n|rule|Species Clause: Limit one of each Pok\u00e9mon\n|rule|Item Clause: Limit 1 of each item\n|clearpoke\n|poke|p1|Blastoise, L50, M|\n|poke|p1|Serperior, L50, M|\n|poke|p1|Sylveon, L50, M|\n|poke|p1|Indeedee, L50, M|\n|poke|p1|Gallade, L50, M|\n|poke|p1|Drifblim, L50, M|\n|poke|p2|Dondozo, L50, M|\n|poke|p2|Dragonite, L50, M|\n|poke|p2|Kingambit, L50, M|\n|poke|p2|Magmar, L50, F|\n|poke|p2|Rillaboom, L50, M|\n|poke|p2|Sneasler, L50, F|\n|teampreview|4\n|j| PrincessHoshino\n|\n|t:|1727935603\n|start\n|switch|p1a: Indeedee|Indeedee, L50, M|100\/100\n|switch|p1b: Drifblim|Drifblim, L50, M|100\/100\n|switch|p2a: Magmar|Magmar, L50, F|100\/100\n|switch|p2b: Dragonite|Dragonite, L50, M|100\/100\n|-fieldstart|move: Psychic Terrain|[from] ability: Psychic Surge|[of] p1a: Indeedee\n|-enditem|p1b: Drifblim|Psychic Seed\n|-boost|p1b: Drifblim|spd|1|[from] item: Psychic Seed\n|turn|1\n|\n|t:|1727935624\n|switch|p2a: Rillaboom|Rillaboom, L50, M|100\/100\n|-fieldstart|move: Grassy Terrain|[from] ability: Grassy Surge|[of] p2a: Rillaboom\n|move|p1b: Drifblim|Acrobatics|p2b: Dragonite\n|-damage|p2b: Dragonite|78\/100\n|move|p1a: Indeedee|Expanding Force|p2b: Dragonite\n|-damage|p2b: Dragonite|37\/100\n|move|p2b: Dragonite|Scale Shot|p1a: Indeedee\n|-damage|p1a: Indeedee|72\/100\n|-damage|p1a: Indeedee|42\/100\n|-damage|p1a: Indeedee|12\/100\n|-damage|p1a: Indeedee|0 fnt\n|faint|p1a: Indeedee\n|-hitcount|p1: Indeedee|4\n|-unboost|p2b: Dragonite|def|1\n|-boost|p2b: Dragonite|spe|1\n|\n|upkeep\n|\n|t:|1727935635\n|switch|p1a: Sylveon|Sylveon, L50, M|100\/100\n|turn|2\n|\n|t:|1727935652\n|move|p1a: Sylveon|Protect|p1a: Sylveon\n|-singleturn|p1a: Sylveon|Protect\n|move|p2b: Dragonite|Extreme Speed|p1a: Sylveon\n|-activate|p1a: Sylveon|move: Protect\n|move|p1b: Drifblim|Acrobatics|p2b: Dragonite\n|-damage|p2b: Dragonite|0 fnt\n|faint|p2b: Dragonite\n|move|p2a: Rillaboom|Wood Hammer|p1a: Sylveon\n|-activate|p1a: Sylveon|move: Protect\n|\n|upkeep\n|\n|t:|1727935667\n|switch|p2b: Sneasler|Sneasler, L50, F|100\/100\n|turn|3\n|\n|t:|1727935673\n|move|p1b: Drifblim|Tailwind|p1b: Drifblim\n|-sidestart|p1: mattun|move: Tailwind\n|move|p1a: Sylveon|Hyper Voice|p2a: Rillaboom|[spread] p2a,p2b\n|-damage|p2a: Rillaboom|75\/100\n|-damage|p2b: Sneasler|40\/100\n|-enditem|p1a: Sylveon|Throat Spray\n|-boost|p1a: Sylveon|spa|1|[from] item: Throat Spray\n|move|p2b: Sneasler|Dire Claw|p1a: Sylveon\n|-supereffective|p1a: Sylveon\n|-damage|p1a: Sylveon|0 fnt\n|faint|p1a: Sylveon\n|move|p2a: Rillaboom|Wood Hammer|p1b: Drifblim\n|-resisted|p1b: Drifblim\n|-damage|p1b: Drifblim|40\/100\n|-damage|p2a: Rillaboom|53\/100|[from] Recoil\n|\n|-heal|p2b: Sneasler|46\/100|[from] Grassy Terrain\n|-heal|p2a: Rillaboom|59\/100|[from] Grassy Terrain\n|upkeep\n|\n|t:|1727935682\n|switch|p1a: Gallade|Gallade, L50, M|100\/100\n|turn|4\n|\n|t:|1727935708\n|switch|p2a: Magmar|Magmar, L50, F|100\/100\n|-terastallize|p1a: Gallade|Psychic\n|move|p2b: Sneasler|Protect|p2b: Sneasler\n|-singleturn|p2b: Sneasler|Protect\n|move|p1b: Drifblim|Acrobatics|p2b: Sneasler\n|-activate|p2b: Sneasler|move: Protect\n|move|p1a: Gallade|Psycho Cut|p2a: Magmar\n|-damage|p2a: Magmar|38\/100\n|\n|-heal|p2b: Sneasler|52\/100|[from] Grassy Terrain\n|-heal|p2a: Magmar|44\/100|[from] Grassy Terrain\n|upkeep\n|turn|5\n|j| notthealtaccount\n|l| PrincessHoshino\n|\n|t:|1727935741\n|-terastallize|p2b: Sneasler|Stellar\n|move|p2a: Magmar|Follow Me|p2a: Magmar\n|-singleturn|p2a: Magmar|move: Follow Me\n|move|p1b: Drifblim|Acrobatics|p2a: Magmar\n|-damage|p2a: Magmar|3\/100\n|move|p1a: Gallade|Psycho Cut|p2a: Magmar\n|-crit|p2a: Magmar\n|-damage|p2a: Magmar|0 fnt\n|faint|p2a: Magmar\n|move|p2b: Sneasler|Dire Claw|p1a: Gallade\n|-damage|p1a: Gallade|0 fnt\n|faint|p1a: Gallade\n|\n|-heal|p2b: Sneasler|58\/100|[from] Grassy Terrain\n|-fieldend|move: Grassy Terrain\n|upkeep\n|\n|t:|1727935758\n|switch|p2a: Rillaboom|Rillaboom, L50, M|59\/100\n|-fieldstart|move: Grassy Terrain|[from] ability: Grassy Surge|[of] p2a: Rillaboom\n|turn|6\n|\n|t:|1727935767\n|move|p1b: Drifblim|Acrobatics|p2a: Rillaboom\n|-supereffective|p2a: Rillaboom\n|-damage|p2a: Rillaboom|0 fnt\n|faint|p2a: Rillaboom\n|move|p2b: Sneasler|Dire Claw|p1b: Drifblim\n|-resisted|p1b: Drifblim\n|-damage|p1b: Drifblim|8\/100\n|\n|-heal|p2b: Sneasler|63\/100|[from] Grassy Terrain\n|-sideend|p1: mattun|move: Tailwind\n|upkeep\n|turn|7\n|\n|t:|1727935780\n|move|p2b: Sneasler|Protect|p2b: Sneasler\n|-singleturn|p2b: Sneasler|Protect\n|move|p1b: Drifblim|Acrobatics|p2b: Sneasler\n|-activate|p2b: Sneasler|move: Protect\n|\n|-heal|p2b: Sneasler|69\/100|[from] Grassy Terrain\n|upkeep\n|turn|8\n|\n|t:|1727935790\n|move|p1b: Drifblim|Acrobatics|p2b: Sneasler\n|-supereffective|p2b: Sneasler\n|-damage|p2b: Sneasler|0 fnt\n|faint|p2b: Sneasler\n|\n|win|mattun\n|raw|mattun's rating: 1708 &rarr; <strong>1729<\/strong><br \/>(+21 for winning)\n|raw|rough Pult's rating: 1733 &rarr; <strong>1712<\/strong><br \/>(-21 for losing)\n|l|\u2606mattun\n|player|p1|\n|l|\u2606rough Pult\n|player|p2|\n","uploadtime":1727936012,"views":22,"formatid":"gen9vgc2024regh","rating":1712,"private":0,"password":null}