{"id":"gen9vgc2024regh-2214398593","format":"[Gen 9] VGC 2024 Reg H","players":["datbishgames","PhantumKai"],"log":"|j|\u2606datbishgames\n|j|\u2606PhantumKai\n|t:|1727885881\n|gametype|doubles\n|player|p1|datbishgames|mira|1719\n|player|p2|PhantumKai|benga|1675\n|teamsize|p1|6\n|teamsize|p2|6\n|gen|9\n|tier|[Gen 9] VGC 2024 Reg H\n|rated|\n|rule|Species Clause: Limit one of each Pok\u00e9mon\n|rule|Item Clause: Limit 1 of each item\n|clearpoke\n|poke|p1|Whimsicott, L50, F|\n|poke|p1|Basculegion, L50, M|\n|poke|p1|Arcanine-Hisui, L50, M|\n|poke|p1|Hydreigon, L50, F|\n|poke|p1|Farigiraf, L50, F|\n|poke|p1|Pawmot, L50, F|\n|poke|p2|Annihilape, L50, F|\n|poke|p2|Sinistcha-Masterpiece, L50|\n|poke|p2|Maushold-Four, L50|\n|poke|p2|Archaludon, L50, M|\n|poke|p2|Grimmsnarl, L50, M|\n|poke|p2|Pelipper, L50, F|\n|teampreview|4\n|inactive|Battle timer is ON: inactive players will automatically lose when time's up. (requested by datbishgames)\n|\n|t:|1727885911\n|start\n|switch|p1a: Whimsicott|Whimsicott, L50, F|100\/100\n|switch|p1b: Pawmot|Pawmot, L50, F|100\/100\n|switch|p2a: Grimmsnarl|Grimmsnarl, L50, M, shiny|100\/100\n|switch|p2b: Archaludon|Archaludon, L50, M, shiny|100\/100\n|turn|1\n|\n|t:|1727885935\n|move|p2a: Grimmsnarl|Reflect|p2a: Grimmsnarl\n|-sidestart|p2: PhantumKai|Reflect\n|move|p1b: Pawmot|Close Combat|p2b: Archaludon\n|-supereffective|p2b: Archaludon\n|-damage|p2b: Archaludon|37\/100\n|-unboost|p1b: Pawmot|def|1\n|-unboost|p1b: Pawmot|spd|1\n|-ability|p2b: Archaludon|Stamina|boost\n|-boost|p2b: Archaludon|def|1\n|move|p1a: Whimsicott|Moonblast|p2b: Archaludon\n|-damage|p2b: Archaludon|20\/100\n|-unboost|p2b: Archaludon|spa|1\n|-ability|p2b: Archaludon|Stamina|boost\n|-boost|p2b: Archaludon|def|1\n|move|p2b: Archaludon|Flash Cannon|p1a: Whimsicott\n|-supereffective|p1a: Whimsicott\n|-damage|p1a: Whimsicott|54\/100\n|\n|upkeep\n|turn|2\n|\n|t:|1727885960\n|switch|p2a: Sinistcha|Sinistcha-Masterpiece, L50, shiny|100\/100\n|-heal|p2b: Archaludon|45\/100|[from] ability: Hospitality|[of] p2a: Sinistcha\n|-terastallize|p2b: Archaludon|Grass\n|move|p1b: Pawmot|Close Combat|p2b: Archaludon\n|-damage|p2b: Archaludon|28\/100\n|-unboost|p1b: Pawmot|def|1\n|-unboost|p1b: Pawmot|spd|1\n|-ability|p2b: Archaludon|Stamina|boost\n|-boost|p2b: Archaludon|def|1\n|move|p1a: Whimsicott|Moonblast|p2a: Sinistcha\n|-damage|p2a: Sinistcha|78\/100\n|move|p2b: Archaludon|Body Press|p1b: Pawmot\n|-enditem|p1b: Pawmot|Focus Sash\n|-damage|p1b: Pawmot|1\/100\n|\n|upkeep\n|turn|3\n|\n|t:|1727885982\n|switch|p1b: Basculegion|Basculegion, L50, M|100\/100\n|switch|p2b: Grimmsnarl|Grimmsnarl, L50, M, shiny|100\/100\n|move|p1a: Whimsicott|Encore|p2b: Grimmsnarl\n|-hint|Since gen 7, Dark is immune to Prankster moves.\n|-immune|p2b: Grimmsnarl\n|move|p2a: Sinistcha|Trick Room|p2a: Sinistcha\n|-fieldstart|move: Trick Room|[of] p2a: Sinistcha\n|\n|upkeep\n|turn|4\n|\n|t:|1727886000\n|switch|p2a: Archaludon|Archaludon, L50, M, shiny, tera:Grass|28\/100\n|-terastallize|p1b: Basculegion|Fairy\n|move|p2b: Grimmsnarl|Light Screen|p2b: Grimmsnarl\n|-sidestart|p2: PhantumKai|move: Light Screen\n|move|p1b: Basculegion|Tera Blast|p2b: Grimmsnarl|[anim] Tera Blast Fairy\n|-supereffective|p2b: Grimmsnarl\n|-damage|p2b: Grimmsnarl|0 fnt\n|faint|p2b: Grimmsnarl\n|move|p1a: Whimsicott|Moonblast|p2a: Archaludon\n|-damage|p2a: Archaludon|16\/100\n|-ability|p2a: Archaludon|Stamina|boost\n|-boost|p2a: Archaludon|def|1\n|\n|upkeep\n|\n|t:|1727886011\n|switch|p2b: Sinistcha|Sinistcha-Masterpiece, L50, shiny|78\/100\n|-heal|p2a: Archaludon|41\/100|[from] ability: Hospitality|[of] p2b: Sinistcha\n|turn|5\n|\n|t:|1727886031\n|switch|p1a: Farigiraf|Farigiraf, L50, F|100\/100\n|move|p2b: Sinistcha|Life Dew|p2b: Sinistcha|[spread] p2a,p2b\n|-heal|p2a: Archaludon|66\/100\n|-heal|p2b: Sinistcha|100\/100\n|move|p1b: Basculegion|Tera Blast|p2a: Archaludon|[anim] Tera Blast Fairy\n|-damage|p2a: Archaludon|44\/100\n|-ability|p2a: Archaludon|Stamina|boost\n|-boost|p2a: Archaludon|def|1\n|move|p2a: Archaludon|Flash Cannon|p1a: Farigiraf\n|-damage|p1a: Farigiraf|73\/100\n|\n|upkeep\n|turn|6\n|\n|t:|1727886050\n|move|p1a: Farigiraf|Hyper Voice|p2b: Sinistcha|[spread] p2a\n|-immune|p2b: Sinistcha\n|-damage|p2a: Archaludon|29\/100\n|-ability|p2a: Archaludon|Stamina|boost\n|-boost|p2a: Archaludon|def|1\n|-enditem|p1a: Farigiraf|Throat Spray\n|-boost|p1a: Farigiraf|spa|1|[from] item: Throat Spray\n|move|p2b: Sinistcha|Life Dew||[still]|[spread] p2a,p2b\n|-heal|p2a: Archaludon|54\/100\n|-fail|p2b: Sinistcha|heal\n|move|p1b: Basculegion|Tera Blast|p2a: Archaludon|[anim] Tera Blast Fairy\n|-damage|p2a: Archaludon|41\/100\n|-ability|p2a: Archaludon|Stamina|boost\n|-boost|p2a: Archaludon|def|1\n|move|p2a: Archaludon|Body Press|p1a: Farigiraf\n|-crit|p1a: Farigiraf\n|-damage|p1a: Farigiraf|0 fnt\n|faint|p1a: Farigiraf\n|\n|upkeep\n|\n|t:|1727886073\n|switch|p1a: Whimsicott|Whimsicott, L50, F|54\/100\n|turn|7\n|\n|t:|1727886082\n|move|p1a: Whimsicott|Encore|p2a: Archaludon\n|-start|p2a: Archaludon|Encore\n|move|p2b: Sinistcha|Life Dew||[still]|[spread] p2a,p2b\n|-heal|p2a: Archaludon|65\/100\n|-fail|p2b: Sinistcha|heal\n|move|p1b: Basculegion|Tera Blast|p2b: Sinistcha|[anim] Tera Blast Fairy\n|-damage|p2b: Sinistcha|56\/100\n|move|p2a: Archaludon|Body Press|p1a: Whimsicott\n|-resisted|p1a: Whimsicott\n|-damage|p1a: Whimsicott|17\/100\n|\n|-fieldend|move: Trick Room\n|upkeep\n|turn|8\n|\n|t:|1727886103\n|move|p1a: Whimsicott|Moonblast|p2b: Sinistcha\n|-damage|p2b: Sinistcha|41\/100\n|-enditem|p2b: Sinistcha|Sitrus Berry|[eat]\n|-heal|p2b: Sinistcha|66\/100|[from] item: Sitrus Berry\n|move|p1b: Basculegion|Tera Blast|p2b: Sinistcha|[anim] Tera Blast Fairy\n|-damage|p2b: Sinistcha|16\/100\n|move|p2a: Archaludon|Body Press|p1b: Basculegion\n|-resisted|p1b: Basculegion\n|-damage|p1b: Basculegion|67\/100\n|move|p2b: Sinistcha|Life Dew|p2b: Sinistcha|[spread] p2a,p2b\n|-heal|p2a: Archaludon|90\/100\n|-heal|p2b: Sinistcha|42\/100\n|\n|-sideend|p2: PhantumKai|Reflect\n|upkeep\n|turn|9\n|j| Daniel_E_T_VGC\n|\n|t:|1727886130\n|move|p1a: Whimsicott|Moonblast|p2a: Archaludon\n|-damage|p2a: Archaludon|78\/100\n|-ability|p2a: Archaludon|Stamina|boost\n|-boost|p2a: Archaludon|def|1\n|move|p2a: Archaludon|Body Press|p1a: Whimsicott\n|-resisted|p1a: Whimsicott\n|-damage|p1a: Whimsicott|0 fnt\n|faint|p1a: Whimsicott\n|move|p1b: Basculegion|Tera Blast|p2b: Sinistcha|[anim] Tera Blast Fairy\n|-damage|p2b: Sinistcha|0 fnt\n|faint|p2b: Sinistcha\n|\n|-end|p2a: Archaludon|Encore\n|upkeep\n|j| epicdefender13\n|\n|t:|1727886142\n|switch|p1a: Pawmot|Pawmot, L50, F|1\/100\n|switch|p2b: Pelipper|Pelipper, L50, F, shiny|100\/100\n|-weather|RainDance|[from] ability: Drizzle|[of] p2b: Pelipper\n|turn|10\n|\n|t:|1727886157\n|move|p2b: Pelipper|Protect|p2b: Pelipper\n|-singleturn|p2b: Pelipper|Protect\n|move|p1a: Pawmot|Revival Blessing|p1a: Pawmot\n|\n|t:|1727886163\n|-heal|p1: Whimsicott|50\/100|[from] move: Revival Blessing\n|move|p1b: Basculegion|Tera Blast|p2b: Pelipper|[anim] Tera Blast Fairy\n|-activate|p2b: Pelipper|move: Protect\n|move|p2a: Archaludon|Electro Shot||[still]\n|-prepare|p2a: Archaludon|Electro Shot\n|-boost|p2a: Archaludon|spa|1\n|-anim|p2a: Archaludon|Electro Shot|p1b: Basculegion\n|-damage|p1b: Basculegion|11\/100\n|\n|-weather|RainDance|[upkeep]\n|upkeep\n|turn|11\n|\n|t:|1727886177\n|move|p1a: Pawmot|Double Shock|p2b: Pelipper\n|-supereffective|p2b: Pelipper\n|-enditem|p2b: Pelipper|Focus Sash\n|-damage|p2b: Pelipper|1\/100\n|-start|p1a: Pawmot|typechange|???\/Fighting|[from] move: Double Shock\n|move|p1b: Basculegion|Tera Blast|p2b: Pelipper|[anim] Tera Blast Fairy\n|-damage|p2b: Pelipper|0 fnt\n|faint|p2b: Pelipper\n|move|p2a: Archaludon|Snarl|p1a: Pawmot|[spread] p1a,p1b\n|-resisted|p1a: Pawmot\n|-resisted|p1b: Basculegion\n|-damage|p1a: Pawmot|0 fnt\n|-damage|p1b: Basculegion|2\/100\n|-unboost|p1b: Basculegion|spa|1\n|faint|p1a: Pawmot\n|\n|-weather|RainDance|[upkeep]\n|-sideend|p2: PhantumKai|move: Light Screen\n|upkeep\n|\n|t:|1727886187\n|switch|p1a: Whimsicott|Whimsicott, L50, F|50\/100\n|turn|12\n|\n|t:|1727886194\n|move|p1a: Whimsicott|Encore|p2a: Archaludon\n|-start|p2a: Archaludon|Encore\n|move|p1b: Basculegion|Tera Blast|p2a: Archaludon|[anim] Tera Blast Fairy\n|-damage|p2a: Archaludon|63\/100\n|-ability|p2a: Archaludon|Stamina|boost\n|-boost|p2a: Archaludon|def|1\n|move|p2a: Archaludon|Snarl|p1a: Whimsicott|[spread] p1a,p1b\n|-resisted|p1a: Whimsicott\n|-resisted|p1b: Basculegion\n|-damage|p1a: Whimsicott|42\/100\n|-damage|p1b: Basculegion|0 fnt\n|faint|p1b: Basculegion\n|\n|-weather|RainDance|[upkeep]\n|upkeep\n|turn|13\n|\n|t:|1727886205\n|move|p1a: Whimsicott|Moonblast|p2a: Archaludon\n|-damage|p2a: Archaludon|46\/100\n|move|p2a: Archaludon|Snarl|p1a: Whimsicott\n|-resisted|p1a: Whimsicott\n|-damage|p1a: Whimsicott|29\/100\n|\n|-weather|RainDance|[upkeep]\n|upkeep\n|turn|14\n|\n|t:|1727886212\n|move|p1a: Whimsicott|Giga Drain|p2a: Archaludon\n|-resisted|p2a: Archaludon\n|-damage|p2a: Archaludon|39\/100\n|-heal|p1a: Whimsicott|33\/100|[from] drain|[of] p2a: Archaludon\n|move|p2a: Archaludon|Snarl|p1a: Whimsicott\n|-resisted|p1a: Whimsicott\n|-damage|p1a: Whimsicott|20\/100\n|\n|-weather|none\n|-end|p2a: Archaludon|Encore\n|upkeep\n|turn|15\n|\n|t:|1727886221\n|move|p1a: Whimsicott|Moonblast|p2a: Archaludon\n|-damage|p2a: Archaludon|20\/100\n|-unboost|p2a: Archaludon|spa|1\n|move|p2a: Archaludon|Flash Cannon|p1a: Whimsicott\n|-supereffective|p1a: Whimsicott\n|-damage|p1a: Whimsicott|0 fnt\n|faint|p1a: Whimsicott\n|\n|win|PhantumKai\n|raw|datbishgames's rating: 1719 &rarr; <strong>1696<\/strong><br \/>(-23 for losing)\n|raw|PhantumKai's rating: 1675 &rarr; <strong>1698<\/strong><br \/>(+23 for winning)\n|l|\u2606datbishgames\n|player|p1|\n|l|\u2606PhantumKai\n|player|p2|\n|l| epicdefender13\n|l| Daniel_E_T_VGC\n","uploadtime":1727886482,"views":19,"formatid":"gen9vgc2024regh","rating":1696,"private":0,"password":null}