{"id":"gen9vgc2024regh-2214636460","format":"[Gen 9] VGC 2024 Reg H","players":["gamakura","zhanlinxie"],"log":"|j|\u2606gamakura\n|j|\u2606zhanlinxie\n|t:|1727907988\n|gametype|doubles\n|player|p1|gamakura|lyra|1648\n|player|p2|zhanlinxie|marley|1761\n|teamsize|p1|6\n|teamsize|p2|6\n|gen|9\n|tier|[Gen 9] VGC 2024 Reg H\n|rated|\n|rule|Species Clause: Limit one of each Pok\u00e9mon\n|rule|Item Clause: Limit 1 of each item\n|clearpoke\n|poke|p1|Ursaluna, L50, M|\n|poke|p1|Indeedee-F, L50, F|\n|poke|p1|Murkrow, L50, F|\n|poke|p1|Gardevoir, L50, M|\n|poke|p1|Pelipper, L50, M|\n|poke|p1|Amoonguss, L50, M|\n|poke|p2|Incineroar, L50, F|\n|poke|p2|Pelipper, L50, F|\n|poke|p2|Archaludon, L50, F|\n|poke|p2|Basculegion, L50, M|\n|poke|p2|Amoonguss, L50, F|\n|poke|p2|Maushold-Four, L50|\n|teampreview|4\n|j| mr pogostick\n|l| mr pogostick\n|\n|t:|1727908021\n|start\n|switch|p1a: Indeedee|Indeedee-F, L50, F|100\/100\n|switch|p1b: Gardevoir|Gardevoir, L50, M|100\/100\n|switch|p2a: Incineroar|Incineroar, L50, F|100\/100\n|switch|p2b: Archaludon|Archaludon, L50, F|100\/100\n|-fieldstart|move: Psychic Terrain|[from] ability: Psychic Surge|[of] p1a: Indeedee\n|-ability|p2a: Incineroar|Intimidate|boost\n|-unboost|p1a: Indeedee|atk|1\n|-unboost|p1b: Gardevoir|atk|1\n|turn|1\n|\n|t:|1727908058\n|move|p1a: Indeedee|Follow Me|p1a: Indeedee\n|-singleturn|p1a: Indeedee|move: Follow Me\n|move|p1b: Gardevoir|Dazzling Gleam|p2a: Incineroar|[spread] p2a,p2b\n|-damage|p2a: Incineroar|60\/100\n|-damage|p2b: Archaludon|71\/100\n|-ability|p2b: Archaludon|Stamina|boost\n|-boost|p2b: Archaludon|def|1\n|-damage|p1b: Gardevoir|91\/100|[from] item: Life Orb\n|move|p2b: Archaludon|Flash Cannon|p1a: Indeedee\n|-damage|p1a: Indeedee|62\/100\n|move|p2a: Incineroar|Taunt|p1a: Indeedee\n|-start|p1a: Indeedee|move: Taunt\n|\n|upkeep\n|turn|2\n|inactive|Battle timer is ON: inactive players will automatically lose when time's up. (requested by zhanlinxie)\n|\n|t:|1727908107\n|switch|p1a: Ursaluna|Ursaluna, L50, M|100\/100\n|move|p1b: Gardevoir|Protect|p1b: Gardevoir\n|-singleturn|p1b: Gardevoir|Protect\n|move|p2b: Archaludon|Flash Cannon|p1b: Gardevoir\n|-activate|p1b: Gardevoir|move: Protect\n|move|p2a: Incineroar|Taunt|p1b: Gardevoir\n|-activate|p1b: Gardevoir|move: Protect\n|\n|-status|p1a: Ursaluna|brn|[from] item: Flame Orb\n|upkeep\n|turn|3\n|inactive|zhanlinxie has 30 seconds left.\n|inactive|zhanlinxie has 20 seconds left.\n|inactive|zhanlinxie has 15 seconds left.\n|inactive|gamakura has 30 seconds left.\n|inactive|zhanlinxie has 10 seconds left.\n|\n|t:|1727908154\n|move|p1b: Gardevoir|Dazzling Gleam|p2b: Archaludon|[spread] p2a,p2b\n|-crit|p2a: Incineroar\n|-damage|p2a: Incineroar|0 fnt\n|-damage|p2b: Archaludon|45\/100\n|-ability|p2b: Archaludon|Stamina|boost\n|-boost|p2b: Archaludon|def|1\n|faint|p2a: Incineroar\n|-damage|p1b: Gardevoir|81\/100|[from] item: Life Orb\n|move|p1a: Ursaluna|Earthquake|p2b: Archaludon|[spread] p2b\n|-activate|p1b: Gardevoir|ability: Telepathy\n|-supereffective|p2b: Archaludon\n|-damage|p2b: Archaludon|1\/100\n|-ability|p2b: Archaludon|Stamina|boost\n|-boost|p2b: Archaludon|def|1\n|move|p2b: Archaludon|Body Press|p1a: Ursaluna\n|-supereffective|p1a: Ursaluna\n|-damage|p1a: Ursaluna|8\/100 brn\n|\n|-damage|p1a: Ursaluna|2\/100 brn|[from] brn\n|upkeep\n|inactive|zhanlinxie has 30 seconds left.\n|inactive|zhanlinxie has 20 seconds left.\n|inactive|zhanlinxie has 15 seconds left.\n|inactive|zhanlinxie has 10 seconds left.\n|inactive|zhanlinxie has 5 seconds left.\n|\n|t:|1727908207\n|switch|p2a: Basculegion|Basculegion, L50, M|100\/100\n|turn|4\n|inactive|zhanlinxie has 30 seconds left.\n|inactive|zhanlinxie has 20 seconds left.\n|\n|t:|1727908245\n|move|p2a: Basculegion|Protect|p2a: Basculegion\n|-singleturn|p2a: Basculegion|Protect\n|move|p1b: Gardevoir|Expanding Force|p2b: Archaludon|[spread] p2b\n|-activate|p2a: Basculegion|move: Protect\n|-resisted|p2b: Archaludon\n|-damage|p2b: Archaludon|0 fnt\n|faint|p2b: Archaludon\n|-damage|p1b: Gardevoir|71\/100|[from] item: Life Orb\n|move|p1a: Ursaluna|Earthquake|p2a: Basculegion|[spread] \n|-activate|p2a: Basculegion|move: Protect\n|-activate|p1b: Gardevoir|ability: Telepathy\n|\n|-damage|p1a: Ursaluna|0 fnt|[from] brn\n|faint|p1a: Ursaluna\n|upkeep\n|\n|t:|1727908256\n|switch|p1a: Indeedee|Indeedee-F, L50, F|62\/100\n|switch|p2b: Pelipper|Pelipper, L50, F|100\/100\n|-weather|RainDance|[from] ability: Drizzle|[of] p2b: Pelipper\n|turn|5\n|\n|t:|1727908268\n|move|p1a: Indeedee|Follow Me|p1a: Indeedee\n|-singleturn|p1a: Indeedee|move: Follow Me\n|move|p2a: Basculegion|Wave Crash|p1a: Indeedee\n|-crit|p1a: Indeedee\n|-damage|p1a: Indeedee|0 fnt\n|-damage|p2a: Basculegion|84\/100|[from] item: Rocky Helmet|[of] p1a: Indeedee\n|faint|p1a: Indeedee\n|-damage|p2a: Basculegion|66\/100|[from] Recoil\n|move|p1b: Gardevoir|Expanding Force|p2b: Pelipper|[spread] p2a,p2b\n|-damage|p2a: Basculegion|0 fnt\n|-enditem|p2b: Pelipper|Focus Sash\n|-damage|p2b: Pelipper|1\/100\n|faint|p2a: Basculegion\n|-damage|p1b: Gardevoir|62\/100|[from] item: Life Orb\n|move|p2b: Pelipper|Weather Ball|p1b: Gardevoir\n|-damage|p1b: Gardevoir|0 fnt\n|faint|p1b: Gardevoir\n|\n|-weather|RainDance|[upkeep]\n|-fieldend|move: Psychic Terrain\n|upkeep\n|\n|t:|1727908282\n|switch|p1a: Murkrow|Murkrow, L50, F|100\/100\n|turn|6\n|\n|t:|1727908295\n|move|p2b: Pelipper|Weather Ball|p1a: Murkrow\n|-damage|p1a: Murkrow|29\/100\n|move|p1a: Murkrow|Foul Play|p2b: Pelipper\n|-crit|p2b: Pelipper\n|-damage|p2b: Pelipper|0 fnt\n|faint|p2b: Pelipper\n|\n|win|gamakura\n|raw|gamakura's rating: 1648 &rarr; <strong>1674<\/strong><br \/>(+26 for winning)\n|raw|zhanlinxie's rating: 1761 &rarr; <strong>1735<\/strong><br \/>(-26 for losing)\n|l|\u2606zhanlinxie\n|player|p2|\n","uploadtime":1727908488,"views":12,"formatid":"gen9vgc2024regh","rating":1674,"private":0,"password":null}