{"id":"gen9vgc2024regh-2214569707","format":"[Gen 9] VGC 2024 Reg H","players":["dayron91","very demure"],"log":"|j|\u2606dayron91\n|j|\u2606very demure\n|t:|1727900921\n|gametype|doubles\n|player|p1|dayron91|dragontamer|1710\n|player|p2|very demure|dawn-gen4pt|1812\n|teamsize|p1|6\n|teamsize|p2|6\n|gen|9\n|tier|[Gen 9] VGC 2024 Reg H\n|rated|\n|rule|Species Clause: Limit one of each Pok\u00e9mon\n|rule|Item Clause: Limit 1 of each item\n|clearpoke\n|poke|p1|Archaludon, L50, M|\n|poke|p1|Whimsicott, L50, M|\n|poke|p1|Incineroar, L50, M|\n|poke|p1|Primarina, L50, F|\n|poke|p1|Annihilape, L50, F|\n|poke|p1|Basculegion, L50, M|\n|poke|p2|Sneasler, L50, M|\n|poke|p2|Kingambit, L50, M|\n|poke|p2|Garchomp, L50, F|\n|poke|p2|Dragonite, L50, M|\n|poke|p2|Primarina, L50, M|\n|poke|p2|Electabuzz, L50, F|\n|teampreview|4\n|\n|t:|1727900996\n|start\n|switch|p1a: Whimsicott|Whimsicott, L50, M|100\/100\n|switch|p1b: Annihilape|Annihilape, L50, F|100\/100\n|switch|p2a: Sneasler|Sneasler, L50, M|100\/100\n|switch|p2b: Dragonite|Dragonite, L50, M|100\/100\n|turn|1\n|\n|t:|1727901047\n|-terastallize|p2b: Dragonite|Flying\n|move|p2a: Sneasler|Coaching|p2b: Dragonite\n|-boost|p2b: Dragonite|atk|1\n|-boost|p2b: Dragonite|def|1\n|move|p1a: Whimsicott|Beat Up|p1b: Annihilape\n|-damage|p1b: Annihilape|99\/100\n|-damage|p1b: Annihilape|97\/100\n|-damage|p1b: Annihilape|95\/100\n|-crit|p1b: Annihilape\n|-damage|p1b: Annihilape|91\/100\n|-hitcount|p1b: Annihilape|4\n|move|p1b: Annihilape|U-turn|p2b: Dragonite\n|-resisted|p2b: Dragonite\n|-crit|p2b: Dragonite\n|-damage|p2b: Dragonite|91\/100\n|j| mr pogostick\n|\n|t:|1727901062\n|switch|p1b: Archaludon|Archaludon, L50, M|100\/100|[from] U-turn\n|move|p2b: Dragonite|Tera Blast|p1a: Whimsicott|[anim] Tera Blast Flying\n|-supereffective|p1a: Whimsicott\n|-enditem|p1a: Whimsicott|Focus Sash\n|-damage|p1a: Whimsicott|1\/100\n|\n|upkeep\n|turn|2\n|j| oherrodersir\n|\n|t:|1727901111\n|-terastallize|p1b: Archaludon|Fairy\n|move|p2b: Dragonite|Extreme Speed|p1a: Whimsicott\n|-damage|p1a: Whimsicott|0 fnt\n|faint|p1a: Whimsicott\n|move|p2a: Sneasler|Close Combat|p1b: Archaludon\n|-resisted|p1b: Archaludon\n|-damage|p1b: Archaludon|82\/100\n|-unboost|p2a: Sneasler|def|1\n|-unboost|p2a: Sneasler|spd|1\n|-ability|p1b: Archaludon|Stamina|boost\n|-boost|p1b: Archaludon|def|1\n|move|p1b: Archaludon|Electro Shot||[still]\n|-prepare|p1b: Archaludon|Electro Shot\n|-boost|p1b: Archaludon|spa|1\n|\n|upkeep\n|\n|t:|1727901134\n|switch|p1a: Basculegion|Basculegion, L50, M, shiny|100\/100\n|turn|3\n|\n|t:|1727901153\n|move|p2a: Sneasler|Dire Claw|p1b: Archaludon\n|-supereffective|p1b: Archaludon\n|-damage|p1b: Archaludon|46\/100\n|-ability|p1b: Archaludon|Stamina|boost\n|-boost|p1b: Archaludon|def|1\n|move|p1a: Basculegion|Flip Turn|p2a: Sneasler\n|-crit|p2a: Sneasler\n|-enditem|p2a: Sneasler|Focus Sash\n|-damage|p2a: Sneasler|1\/100\n|\n|t:|1727901164\n|switch|p1a: Annihilape|Annihilape, L50, F|91\/100|[from] Flip Turn\n|move|p2b: Dragonite|Tera Blast|p1a: Annihilape|[anim] Tera Blast Flying\n|-supereffective|p1a: Annihilape\n|-damage|p1a: Annihilape|0 fnt\n|faint|p1a: Annihilape\n|move|p1b: Archaludon|Electro Shot|p2b: Dragonite|[from]lockedmove\n|-supereffective|p2b: Dragonite\n|-damage|p2b: Dragonite|11\/100\n|\n|upkeep\n|\n|t:|1727901175\n|switch|p1a: Basculegion|Basculegion, L50, M, shiny|100\/100\n|turn|4\n|\n|t:|1727901204\n|move|p2b: Dragonite|Extreme Speed|p1b: Archaludon\n|-damage|p1b: Archaludon|30\/100\n|-ability|p1b: Archaludon|Stamina|boost\n|-boost|p1b: Archaludon|def|1\n|move|p1a: Basculegion|Aqua Jet|p2b: Dragonite\n|-damage|p2b: Dragonite|0 fnt\n|faint|p2b: Dragonite\n|move|p2a: Sneasler|Dire Claw|p1b: Archaludon\n|-supereffective|p1b: Archaludon\n|-damage|p1b: Archaludon|7\/100\n|-ability|p1b: Archaludon|Stamina|boost\n|-boost|p1b: Archaludon|def|1\n|move|p1b: Archaludon|Body Press|p2a: Sneasler\n|-resisted|p2a: Sneasler\n|-damage|p2a: Sneasler|0 fnt\n|faint|p2a: Sneasler\n|\n|upkeep\n|\n|t:|1727901215\n|switch|p2a: Primarina|Primarina, L50, M|100\/100\n|switch|p2b: Electabuzz|Electabuzz, L50, F|100\/100\n|turn|5\n|\n|t:|1727901231\n|move|p2b: Electabuzz|Follow Me|p2b: Electabuzz\n|-singleturn|p2b: Electabuzz|move: Follow Me\n|move|p1a: Basculegion|Aqua Jet|p2b: Electabuzz\n|-damage|p2b: Electabuzz|73\/100\n|move|p1b: Archaludon|Body Press|p2b: Electabuzz\n|-damage|p2b: Electabuzz|15\/100\n|move|p2a: Primarina|Hyper Voice|p1b: Archaludon|[spread] p1a,p1b\n|-resisted|p1a: Basculegion\n|-damage|p1a: Basculegion|79\/100\n|-damage|p1b: Archaludon|0 fnt\n|faint|p1b: Archaludon\n|\n|upkeep\n|turn|6\n|\n|t:|1727901245\n|move|p1a: Basculegion|Aqua Jet|p2b: Electabuzz\n|-damage|p2b: Electabuzz|0 fnt\n|faint|p2b: Electabuzz\n|move|p2a: Primarina|Moonblast|p1a: Basculegion\n|-damage|p1a: Basculegion|19\/100\n|\n|upkeep\n|turn|7\n|-message|dayron91 forfeited.\n|\n|win|very demure\n|raw|dayron91's rating: 1710 &rarr; <strong>1696<\/strong><br \/>(-14 for losing)\n|raw|very demure's rating: 1812 &rarr; <strong>1826<\/strong><br \/>(+14 for winning)\n|l|\u2606dayron91\n|player|p1|\n|l|\u2606very demure\n|player|p2|\n|l| mr pogostick\n|l| oherrodersir\n","uploadtime":1727901461,"views":35,"formatid":"gen9vgc2024regh","rating":1696,"private":0,"password":null}