{"id":"gen9vgc2024regh-2214622302","format":"[Gen 9] VGC 2024 Reg H","players":["Hikawari","Strangrdangr"],"log":"|j|\u2606Hikawari\n|j|\u2606Strangrdangr\n|t:|1727906363\n|gametype|doubles\n|player|p1|Hikawari|101|1671\n|player|p2|Strangrdangr|169|1723\n|teamsize|p1|6\n|teamsize|p2|6\n|gen|9\n|tier|[Gen 9] VGC 2024 Reg H\n|rated|\n|rule|Species Clause: Limit one of each Pok\u00e9mon\n|rule|Item Clause: Limit 1 of each item\n|clearpoke\n|poke|p1|Sneasler, L50, F|\n|poke|p1|Murkrow, L50, F|\n|poke|p1|Gholdengo, L50|\n|poke|p1|Indeedee, L50, M|\n|poke|p1|Annihilape, L50, F|\n|poke|p1|Sinistcha, L50|\n|poke|p2|Dragapult, L50, F|\n|poke|p2|Primarina, L50, F|\n|poke|p2|Tyranitar, L50, F|\n|poke|p2|Porygon2, L50|\n|poke|p2|Decidueye-Hisui, L50, M|\n|poke|p2|Volcarona, L50, F|\n|teampreview|4\n|inactive|Battle timer is ON: inactive players will automatically lose when time's up. (requested by Hikawari)\n|inactive|Strangrdangr has 60 seconds left.\nHikawari has agreed to open team sheets.\n|\n|t:|1727906412\n|start\n|switch|p1a: Sneasler|Sneasler, L50, F, shiny|100\/100\n|switch|p1b: Indeedee|Indeedee, L50, M|100\/100\n|switch|p2a: Volcarona|Volcarona, L50, F|100\/100\n|switch|p2b: Tyranitar|Tyranitar, L50, F|100\/100\n|-fieldstart|move: Psychic Terrain|[from] ability: Psychic Surge|[of] p1b: Indeedee\n|-weather|Sandstorm|[from] ability: Sand Stream|[of] p2b: Tyranitar\n|turn|1\n|inactive|Strangrdangr has 30 seconds left.\n|\n|t:|1727906442\n|move|p1a: Sneasler|Dire Claw|p2a: Volcarona\n|-damage|p2a: Volcarona|42\/100\n|-status|p2a: Volcarona|slp\n|-status|p1a: Sneasler|brn|[from] ability: Flame Body|[of] p2a: Volcarona\n|-enditem|p2a: Volcarona|Sitrus Berry|[eat]\n|-heal|p2a: Volcarona|67\/100 slp|[from] item: Sitrus Berry\n|-damage|p1a: Sneasler|91\/100 brn|[from] item: Life Orb\n|cant|p2a: Volcarona|slp\n|move|p1b: Indeedee|Expanding Force|p2b: Tyranitar|[spread] p2a\n|-immune|p2b: Tyranitar\n|-damage|p2a: Volcarona|14\/100 slp\n|move|p2b: Tyranitar|Knock Off|p1b: Indeedee\n|-supereffective|p1b: Indeedee\n|-enditem|p1b: Indeedee|Focus Sash\n|-damage|p1b: Indeedee|1\/100\n|\n|-weather|Sandstorm|[upkeep]\n|-damage|p1a: Sneasler|85\/100 brn|[from] Sandstorm\n|-damage|p2a: Volcarona|7\/100 slp|[from] Sandstorm\n|-damage|p1b: Indeedee|0 fnt|[from] Sandstorm\n|faint|p1b: Indeedee\n|-damage|p1a: Sneasler|79\/100 brn|[from] brn\n|upkeep\n|j| michael1vgc\n|\n|t:|1727906454\n|switch|p1b: Annihilape|Annihilape, L50, F, shiny|100\/100\n|turn|2\n|inactive|Strangrdangr has 30 seconds left.\n|\n|t:|1727906481\n|-terastallize|p2b: Tyranitar|Ghost\n|move|p1a: Sneasler|Dire Claw|p2b: Tyranitar\n|-resisted|p2b: Tyranitar\n|-damage|p2b: Tyranitar|89\/100\n|-damage|p1a: Sneasler|70\/100 brn|[from] item: Life Orb\n|cant|p2a: Volcarona|slp\n|move|p1b: Annihilape|Bulk Up|p1b: Annihilape\n|-boost|p1b: Annihilape|atk|1\n|-boost|p1b: Annihilape|def|1\n|move|p2b: Tyranitar|Dragon Dance|p2b: Tyranitar\n|-boost|p2b: Tyranitar|atk|1\n|-boost|p2b: Tyranitar|spe|1\n|\n|-weather|Sandstorm|[upkeep]\n|-damage|p1a: Sneasler|64\/100 brn|[from] Sandstorm\n|-damage|p2a: Volcarona|1\/100 slp|[from] Sandstorm\n|-damage|p2b: Tyranitar|83\/100|[from] Sandstorm\n|-damage|p1b: Annihilape|95\/100|[from] Sandstorm\n|-heal|p1b: Annihilape|100\/100|[from] item: Leftovers\n|-damage|p1a: Sneasler|58\/100 brn|[from] brn\n|upkeep\n|turn|3\n|inactive|Strangrdangr has 30 seconds left.\n|\n|t:|1727906508\n|-terastallize|p1b: Annihilape|Fire\n|cant|p2a: Volcarona|slp\n|move|p1a: Sneasler|Throat Chop|p2b: Tyranitar\n|-supereffective|p2b: Tyranitar\n|-damage|p2b: Tyranitar|51\/100\n|-start|p2b: Tyranitar|Throat Chop|[silent]\n|-damage|p1a: Sneasler|48\/100 brn|[from] item: Life Orb\n|move|p2b: Tyranitar|Knock Off|p1a: Sneasler\n|-resisted|p1a: Sneasler\n|-damage|p1a: Sneasler|0 fnt\n|-enditem|p1a: Sneasler|Life Orb|[from] move: Knock Off|[of] p2b: Tyranitar\n|faint|p1a: Sneasler\n|move|p1b: Annihilape|Rage Fist|p2b: Tyranitar\n|-supereffective|p2b: Tyranitar\n|-damage|p2b: Tyranitar|0 fnt\n|faint|p2b: Tyranitar\n|\n|-weather|Sandstorm|[upkeep]\n|-damage|p2a: Volcarona|0 fnt|[from] Sandstorm\n|-damage|p1b: Annihilape|95\/100|[from] Sandstorm\n|faint|p2a: Volcarona\n|-heal|p1b: Annihilape|100\/100|[from] item: Leftovers\n|upkeep\n|inactive|Hikawari has 30 seconds left.\n|\n|t:|1727906539\n|switch|p1a: Murkrow|Murkrow, L50, F|100\/100\n|switch|p2a: Porygon2|Porygon2, L50|100\/100\n|switch|p2b: Decidueye|Decidueye-Hisui, L50, M|100\/100\n|-ability|p2a: Porygon2|Download|boost\n|-boost|p2a: Porygon2|spa|1\n|turn|4\n|\n|t:|1727906557\n|move|p1a: Murkrow|Foul Play|p2a: Porygon2\n|-damage|p2a: Porygon2|87\/100\n|move|p1b: Annihilape|Drain Punch|p2a: Porygon2\n|-supereffective|p2a: Porygon2\n|-damage|p2a: Porygon2|36\/100\n|move|p2b: Decidueye|Triple Arrows|p1b: Annihilape\n|-damage|p1b: Annihilape|75\/100\n|move|p2a: Porygon2|Ice Beam|p1a: Murkrow\n|-supereffective|p1a: Murkrow\n|-damage|p1a: Murkrow|29\/100\n|\n|-weather|Sandstorm|[upkeep]\n|-damage|p1a: Murkrow|23\/100|[from] Sandstorm\n|-damage|p1b: Annihilape|69\/100|[from] Sandstorm\n|-damage|p2b: Decidueye|94\/100|[from] Sandstorm\n|-damage|p2a: Porygon2|30\/100|[from] Sandstorm\n|-heal|p1b: Annihilape|75\/100|[from] item: Leftovers\n|upkeep\n|turn|5\n|\n|t:|1727906577\n|move|p1a: Murkrow|Foul Play|p2b: Decidueye\n|-resisted|p2b: Decidueye\n|-damage|p2b: Decidueye|64\/100\n|move|p1b: Annihilape|Drain Punch|p2a: Porygon2\n|-supereffective|p2a: Porygon2\n|-damage|p2a: Porygon2|0 fnt\n|-heal|p1b: Annihilape|89\/100|[from] drain|[of] p2a: Porygon2\n|faint|p2a: Porygon2\n|move|p2b: Decidueye|Triple Arrows|p1b: Annihilape\n|-damage|p1b: Annihilape|65\/100\n|\n|-weather|none\n|-heal|p1b: Annihilape|71\/100|[from] item: Leftovers\n|-fieldend|move: Psychic Terrain\n|upkeep\n|turn|6\n|\n|t:|1727906592\n|move|p1a: Murkrow|Foul Play|p2b: Decidueye\n|-resisted|p2b: Decidueye\n|-damage|p2b: Decidueye|36\/100\n|move|p1b: Annihilape|Rage Fist|p2b: Decidueye\n|-damage|p2b: Decidueye|0 fnt\n|faint|p2b: Decidueye\n|\n|win|Hikawari\n|raw|Hikawari's rating: 1671 &rarr; <strong>1694<\/strong><br \/>(+23 for winning)\n|raw|Strangrdangr's rating: 1723 &rarr; <strong>1700<\/strong><br \/>(-23 for losing)\n|l|\u2606Strangrdangr\n|player|p2|\n|l|\u2606Hikawari\n|player|p1|\n|l| michael1vgc\n|j|\u2606Hikawari\n|player|p1|Hikawari|101|\n|l|\u2606Hikawari\n|player|p1|\n","uploadtime":1727906798,"views":17,"formatid":"gen9vgc2024regh","rating":1694,"private":0,"password":null}