{"id":"gen9vgc2024regh-2214306311","format":"[Gen 9] VGC 2024 Reg H","players":["memory eraser","srlopezlot"],"log":"|j|\u2606memory eraser\n|j|\u2606srlopezlot\n|t:|1727877968\n|gametype|doubles\n|player|p1|memory eraser|skyla|1794\n|player|p2|srlopezlot|102|1758\n|teamsize|p1|6\n|teamsize|p2|6\n|gen|9\n|tier|[Gen 9] VGC 2024 Reg H\n|rated|\n|rule|Species Clause: Limit one of each Pok\u00e9mon\n|rule|Item Clause: Limit 1 of each item\n|clearpoke\n|poke|p1|Arcanine-Hisui, L50, M|\n|poke|p1|Pelipper, L50, F|\n|poke|p1|Umbreon, L50, M|\n|poke|p1|Ursaluna-Bloodmoon, L50, M|\n|poke|p1|Clefable, L50, F|\n|poke|p1|Archaludon, L50, M|\n|poke|p2|Kingambit, L50, F|\n|poke|p2|Dondozo, L50, M|\n|poke|p2|Tatsugiri, L50, M|\n|poke|p2|Dragonite, L50, M|\n|poke|p2|Sylveon, L50, F|\n|poke|p2|Archaludon, L50, M|\n|teampreview|4\n|inactive|Battle timer is ON: inactive players will automatically lose when time's up. (requested by memory eraser)\n|j| DonShitDozo\n|\n|t:|1727877991\n|start\n|switch|p1a: Arcanine|Arcanine-Hisui, L50, M, shiny|100\/100\n|switch|p1b: Ursaluna|Ursaluna-Bloodmoon, L50, M|100\/100\n|switch|p2a: Sylveon|Sylveon, L50, F|100\/100\n|switch|p2b: Dondozo|Dondozo, L50, M|100\/100\n|turn|1\n|\n|t:|1727878012\n|move|p1a: Arcanine|Protect|p1a: Arcanine\n|-singleturn|p1a: Arcanine|Protect\n|move|p2a: Sylveon|Hyper Voice|p1a: Arcanine|[spread] p1b\n|-activate|p1a: Arcanine|move: Protect\n|-damage|p1b: Ursaluna|67\/100\n|move|p1b: Ursaluna|Blood Moon|p2a: Sylveon\n|-damage|p2a: Sylveon|40\/100\n|move|p2b: Dondozo|Wave Crash|p1b: Ursaluna\n|-supereffective|p1b: Ursaluna\n|-damage|p1b: Ursaluna|0 fnt\n|faint|p1b: Ursaluna\n|-damage|p2b: Dondozo|81\/100|[from] Recoil\n|\n|upkeep\n|\n|t:|1727878016\n|switch|p1b: Archaludon|Archaludon, L50, M|100\/100\n|turn|2\n|inactive|srlopezlot has 30 seconds left.\n|\n|t:|1727878043\n|switch|p2a: Tatsugiri|Tatsugiri, L50, M|100\/100\n|-activate|p2a: Tatsugiri|ability: Commander|[of] p2b: Dondozo\n|-boost|p2b: Dondozo|atk|2\n|-boost|p2b: Dondozo|spa|2\n|-boost|p2b: Dondozo|spe|2\n|-boost|p2b: Dondozo|def|2\n|-boost|p2b: Dondozo|spd|2\n|-terastallize|p1b: Archaludon|Flying\n|move|p1a: Arcanine|Flare Blitz|p2a: Tatsugiri|[miss]\n|-miss|p1a: Arcanine|p2a: Tatsugiri\n|move|p1b: Archaludon|Electro Shot||[still]\n|-prepare|p1b: Archaludon|Electro Shot\n|-boost|p1b: Archaludon|spa|1\n|-enditem|p1b: Archaludon|Power Herb\n|-anim|p1b: Archaludon|Electro Shot|p2b: Dondozo\n|-supereffective|p2b: Dondozo\n|-damage|p2b: Dondozo|18\/100\n|move|p2b: Dondozo|Earthquake|p1b: Archaludon|[spread] p1a\n|-miss|p2b: Dondozo|p2a: Tatsugiri\n|-immune|p1b: Archaludon\n|-supereffective|p1a: Arcanine\n|-enditem|p1a: Arcanine|Focus Sash\n|-damage|p1a: Arcanine|1\/100\n|\n|upkeep\n|turn|3\n|j| Digimonuniverse\n|inactive|srlopezlot has 30 seconds left.\n|\n|t:|1727878068\n|move|p2b: Dondozo|Protect|p2b: Dondozo\n|-singleturn|p2b: Dondozo|Protect\n|move|p1a: Arcanine|Head Smash|p2b: Dondozo\n|-activate|p2b: Dondozo|move: Protect\n|move|p1b: Archaludon|Draco Meteor|p2a: Tatsugiri|[miss]\n|-miss|p1b: Archaludon|p2a: Tatsugiri\n|\n|upkeep\n|turn|4\n|\n|t:|1727878079\n|move|p1a: Arcanine|Head Smash|p2b: Dondozo\n|-damage|p2b: Dondozo|0 fnt\n|faint|p2b: Dondozo\n|move|p1b: Archaludon|Draco Meteor|p2a: Tatsugiri\n|-supereffective|p2a: Tatsugiri\n|-enditem|p2a: Tatsugiri|Focus Sash\n|-damage|p2a: Tatsugiri|1\/100\n|-unboost|p1b: Archaludon|spa|2\n|\n|upkeep\n|\n|t:|1727878093\n|switch|p2b: Kingambit|Kingambit, L50, F|100\/100\n|turn|5\n|\n|t:|1727878106\n|-terastallize|p2b: Kingambit|Water\n|move|p1a: Arcanine|Protect|p1a: Arcanine\n|-singleturn|p1a: Arcanine|Protect\n|move|p1b: Archaludon|Flash Cannon|p2a: Tatsugiri\n|-resisted|p2a: Tatsugiri\n|-damage|p2a: Tatsugiri|0 fnt\n|faint|p2a: Tatsugiri\n|move|p2b: Kingambit|Kowtow Cleave|p1b: Archaludon\n|-damage|p1b: Archaludon|58\/100\n|\n|upkeep\n|\n|t:|1727878117\n|switch|p2a: Sylveon|Sylveon, L50, F|40\/100\n|turn|6\n|\n|t:|1727878123\n|switch|p1a: Clefable|Clefable, L50, F|100\/100\n|move|p2b: Kingambit|Sucker Punch||[still]\n|-fail|p2b: Kingambit\n|move|p1b: Archaludon|Flash Cannon|p2a: Sylveon\n|-supereffective|p2a: Sylveon\n|-damage|p2a: Sylveon|0 fnt\n|faint|p2a: Sylveon\n|\n|upkeep\n|turn|7\n|-message|srlopezlot forfeited.\n|\n|win|memory eraser\n|raw|memory eraser's rating: 1794 &rarr; <strong>1812<\/strong><br \/>(+18 for winning)\n|raw|srlopezlot's rating: 1758 &rarr; <strong>1740<\/strong><br \/>(-18 for losing)\n|l|\u2606srlopezlot\n|player|p2|\n|l|\u2606memory eraser\n|player|p1|\n|l| DonShitDozo\n|l| Digimonuniverse\n","uploadtime":1727878158,"views":40,"formatid":"gen9vgc2024regh","rating":1740,"private":0,"password":null}