{"id":"gen9vgc2024regh-2214030079","format":"[Gen 9] VGC 2024 Reg H","players":["riplubbock","cobalt_poke"],"log":"|j|\u2606riplubbock\n|j|\u2606cobalt_poke\n|t:|1727838239\n|gametype|doubles\n|player|p1|riplubbock|steven|1705\n|player|p2|cobalt_poke|2|1730\n|teamsize|p1|6\n|teamsize|p2|6\n|gen|9\n|tier|[Gen 9] VGC 2024 Reg H\n|rated|\n|rule|Species Clause: Limit one of each Pok\u00e9mon\n|rule|Item Clause: Limit 1 of each item\n|clearpoke\n|poke|p1|Primarina, L50, M|\n|poke|p1|Dragonite, L50, F|\n|poke|p1|Incineroar, L50, M|\n|poke|p1|Gholdengo, L50|\n|poke|p1|Amoonguss, L50, F|\n|poke|p1|Porygon2, L50|\n|poke|p2|Maushold-Four, L50|\n|poke|p2|Annihilape, L50, M|\n|poke|p2|Archaludon, L50, F|\n|poke|p2|Amoonguss, L50, F|\n|poke|p2|Pelipper, L50, M|\n|poke|p2|Basculegion, L50, M|\n|teampreview|4\nriplubbock has agreed to open team sheets.\n|inactive|Battle timer is ON: inactive players will automatically lose when time's up. (requested by cobalt_poke)\n|\n|t:|1727838294\n|start\n|switch|p1a: Dragonite|Dragonite, L50, F|100\/100\n|switch|p1b: Porygon2|Porygon2, L50|100\/100\n|switch|p2a: Archaludon|Archaludon, L50, F|100\/100\n|switch|p2b: Pelipper|Pelipper, L50, M|100\/100\n|-weather|RainDance|[from] ability: Drizzle|[of] p2b: Pelipper\n|-ability|p1b: Porygon2|Download|boost\n|-boost|p1b: Porygon2|spa|1\n|turn|1\n|\n|t:|1727838311\n|move|p2b: Pelipper|Icy Wind|p1a: Dragonite|[spread] p1a,p1b\n|-supereffective|p1a: Dragonite\n|-damage|p1a: Dragonite|60\/100\n|-damage|p1b: Porygon2|94\/100\n|-unboost|p1a: Dragonite|spe|1\n|-unboost|p1b: Porygon2|spe|1\n|move|p2a: Archaludon|Electro Shot||[still]\n|-prepare|p2a: Archaludon|Electro Shot\n|-boost|p2a: Archaludon|spa|1\n|-anim|p2a: Archaludon|Electro Shot|p1a: Dragonite\n|-damage|p1a: Dragonite|2\/100\n|move|p1a: Dragonite|Outrage|p2b: Pelipper\n|-damage|p2b: Pelipper|0 fnt\n|faint|p2b: Pelipper\n|move|p1b: Porygon2|Trick Room|p1b: Porygon2\n|-fieldstart|move: Trick Room|[of] p1b: Porygon2\n|\n|-weather|RainDance|[upkeep]\n|upkeep\n|\n|t:|1727838326\n|switch|p2b: Amoonguss|Amoonguss, L50, F|100\/100\n|turn|2\n|\n|t:|1727838334\n|switch|p1b: Amoonguss|Amoonguss, L50, F|100\/100\n|move|p2b: Amoonguss|Protect|p2b: Amoonguss\n|-singleturn|p2b: Amoonguss|Protect\n|move|p1a: Dragonite|Outrage|p2a: Archaludon|[from]lockedmove\n|-damage|p2a: Archaludon|9\/100\n|-ability|p2a: Archaludon|Stamina|boost\n|-boost|p2a: Archaludon|def|1\n|move|p2a: Archaludon|Electro Shot||[still]\n|-prepare|p2a: Archaludon|Electro Shot\n|-boost|p2a: Archaludon|spa|1\n|-anim|p2a: Archaludon|Electro Shot|p1b: Amoonguss\n|-resisted|p1b: Amoonguss\n|-damage|p1b: Amoonguss|68\/100\n|\n|-weather|RainDance|[upkeep]\n|upkeep\n|turn|3\n|j| Digimonuniverse\n|l| Digimonuniverse\n|inactive|riplubbock has 30 seconds left.\n|l|\u2606cobalt_poke\n|inactive|cobalt_poke disconnected and has a minute to reconnect!\n|player|p2|\n|inactive|riplubbock has 20 seconds left.\n|j|\u2606cobalt_poke\n|inactive|cobalt_poke reconnected.\n|player|p2|cobalt_poke|2|\n|inactive|riplubbock has 15 seconds left.\n|\n|t:|1727838376\n|-terastallize|p2a: Archaludon|Grass\n|move|p1b: Amoonguss|Spore|p2a: Archaludon\n|-immune|p2a: Archaludon\n|move|p2b: Amoonguss|Spore|p1a: Dragonite\n|-status|p1a: Dragonite|slp|[from] move: Spore\n|cant|p1a: Dragonite|slp\n|move|p2a: Archaludon|Electro Shot||[still]\n|-prepare|p2a: Archaludon|Electro Shot\n|-boost|p2a: Archaludon|spa|1\n|-anim|p2a: Archaludon|Electro Shot|p1b: Amoonguss\n|-resisted|p1b: Amoonguss\n|-damage|p1b: Amoonguss|29\/100\n|-enditem|p1b: Amoonguss|Sitrus Berry|[eat]\n|-heal|p1b: Amoonguss|54\/100|[from] item: Sitrus Berry\n|\n|-weather|RainDance|[upkeep]\n|-start|p1a: Dragonite|confusion|[fatigue]\n|upkeep\n|turn|4\n|\n|t:|1727838394\n|move|p1b: Amoonguss|Pollen Puff|p2a: Archaludon\n|-supereffective|p2a: Archaludon\n|-damage|p2a: Archaludon|0 fnt\n|faint|p2a: Archaludon\n|move|p2b: Amoonguss|Pollen Puff|p2: Archaludon|[notarget]\n|-fail|p2b: Amoonguss\n|cant|p1a: Dragonite|slp\n|\n|-weather|RainDance|[upkeep]\n|upkeep\n|\n|t:|1727838397\n|switch|p2a: Basculegion|Basculegion, L50, M|100\/100\n|turn|5\n|-message|cobalt_poke forfeited.\n|\n|win|riplubbock\n|raw|riplubbock's rating: 1705 &rarr; <strong>1726<\/strong><br \/>(+21 for winning)\n|raw|cobalt_poke's rating: 1730 &rarr; <strong>1709<\/strong><br \/>(-21 for losing)\n|l|\u2606cobalt_poke\n|player|p2|\n","uploadtime":1727838590,"views":20,"formatid":"gen9vgc2024regh","rating":1709,"private":0,"password":null}