{"id":"gen9vgc2024regh-2214698120","format":"[Gen 9] VGC 2024 Reg H","players":["chiitancrazymascot","Bill Clinton y Rex"],"log":"|j|\u2606chiitancrazymascot\n|j|\u2606Bill Clinton y Rex\n|t:|1727915352\n|gametype|doubles\n|player|p1|chiitancrazymascot|pokemaniac|1702\n|player|p2|Bill Clinton y Rex|170|1685\n|teamsize|p1|6\n|teamsize|p2|6\n|gen|9\n|tier|[Gen 9] VGC 2024 Reg H\n|rated|\n|rule|Species Clause: Limit one of each Pok\u00e9mon\n|rule|Item Clause: Limit 1 of each item\n|clearpoke\n|poke|p1|Annihilape, L50, M|\n|poke|p1|Dondozo, L50, F|\n|poke|p1|Maushold-Four, L50|\n|poke|p1|Gholdengo, L50|\n|poke|p1|Whimsicott, L50, M|\n|poke|p1|Tatsugiri, L50, F|\n|poke|p2|Amoonguss, L50, M|\n|poke|p2|Archaludon, L50, F|\n|poke|p2|Kommo-o, L50, F|\n|poke|p2|Gengar, L50, M|\n|poke|p2|Kingambit, L50, M|\n|poke|p2|Talonflame, L50, M|\n|teampreview|4\n|inactive|Battle timer is ON: inactive players will automatically lose when time's up. (requested by chiitancrazymascot)\n|\n|t:|1727915380\n|start\n|switch|p1a: Maushold|Maushold-Four, L50|100\/100\n|switch|p1b: Annihilape|Annihilape, L50, M, shiny|100\/100\n|switch|p2a: Talonflame|Talonflame, L50, M|100\/100\n|switch|p2b: Archaludon|Archaludon, L50, F, shiny|100\/100\n|turn|1\n|\n|t:|1727915394\n|-terastallize|p2b: Archaludon|Electric\n|move|p2a: Talonflame|Tailwind|p2a: Talonflame\n|-sidestart|p2: Bill Clinton y Rex|move: Tailwind\n|move|p2b: Archaludon|Electro Shot||[still]\n|-prepare|p2b: Archaludon|Electro Shot\n|-boost|p2b: Archaludon|spa|1\n|-enditem|p2b: Archaludon|Power Herb\n|-anim|p2b: Archaludon|Electro Shot|p1a: Maushold\n|-enditem|p1a: Maushold|Focus Sash\n|-damage|p1a: Maushold|1\/100\n|move|p1a: Maushold|Beat Up|p1b: Annihilape\n|-damage|p1b: Annihilape|99\/100\n|-damage|p1b: Annihilape|96\/100\n|-damage|p1b: Annihilape|94\/100\n|-damage|p1b: Annihilape|93\/100\n|-hitcount|p1b: Annihilape|4\n|move|p1b: Annihilape|Rage Fist|p2a: Talonflame\n|-damage|p2a: Talonflame|0 fnt\n|faint|p2a: Talonflame\n|\n|upkeep\n|\n|t:|1727915412\n|switch|p2a: Kommo-o|Kommo-o, L50, F|100\/100\n|turn|2\n|j| DaN00biest\n|\n|t:|1727915433\n|move|p1a: Maushold|Follow Me|p1a: Maushold\n|-singleturn|p1a: Maushold|move: Follow Me\n|move|p2a: Kommo-o|Vacuum Wave|p1a: Maushold\n|-supereffective|p1a: Maushold\n|-damage|p1a: Maushold|0 fnt\n|faint|p1a: Maushold\n|move|p2b: Archaludon|Draco Meteor|p1b: Annihilape\n|-damage|p1b: Annihilape|16\/100\n|-unboost|p2b: Archaludon|spa|2\n|-enditem|p1b: Annihilape|Sitrus Berry|[eat]\n|-heal|p1b: Annihilape|41\/100|[from] item: Sitrus Berry\n|move|p1b: Annihilape|Rage Fist|p2b: Archaludon\n|-ability|p2b: Archaludon|Sturdy\n|-damage|p2b: Archaludon|1\/100\n|\n|upkeep\n|\n|t:|1727915442\n|switch|p1a: Dondozo|Dondozo, L50, F, shiny|100\/100\n|turn|3\n|\n|t:|1727915449\n|switch|p2a: Amoonguss|Amoonguss, L50, M|100\/100\n|switch|p1b: Tatsugiri|Tatsugiri, L50, F, shiny|100\/100\n|-activate|p1b: Tatsugiri|ability: Commander|[of] p1a: Dondozo\n|-boost|p1a: Dondozo|atk|2\n|-boost|p1a: Dondozo|spa|2\n|-boost|p1a: Dondozo|spe|2\n|-boost|p1a: Dondozo|def|2\n|-boost|p1a: Dondozo|spd|2\n|move|p2b: Archaludon|Draco Meteor|p1b: Tatsugiri|[miss]\n|-miss|p2b: Archaludon|p1b: Tatsugiri\n|move|p1a: Dondozo|Order Up|p2b: Archaludon\n|-crit|p2b: Archaludon\n|-damage|p2b: Archaludon|0 fnt\n|faint|p2b: Archaludon\n|-boost|p1a: Dondozo|atk|1\n|\n|upkeep\n|\n|t:|1727915452\n|switch|p2b: Kommo-o|Kommo-o, L50, F|100\/100\n|turn|4\n|j| carlinss\n|\n|t:|1727915469\n|-terastallize|p1a: Dondozo|Grass\n|move|p2b: Kommo-o|Clanging Scales|p1a: Dondozo|[spread] p1a\n|-miss|p2b: Kommo-o|p1b: Tatsugiri\n|-damage|p1a: Dondozo|67\/100\n|-unboost|p2b: Kommo-o|def|1\n|move|p1a: Dondozo|Order Up|p2b: Kommo-o\n|-supereffective|p2b: Kommo-o\n|-damage|p2b: Kommo-o|0 fnt\n|faint|p2b: Kommo-o\n|-boost|p1a: Dondozo|atk|1\n|move|p2a: Amoonguss|Spore|p1a: Dondozo\n|-immune|p1a: Dondozo\n|\n|-heal|p1a: Dondozo|73\/100|[from] item: Leftovers\n|-sideend|p2: Bill Clinton y Rex|move: Tailwind\n|upkeep\n|turn|5\n|-message|Bill Clinton y Rex forfeited.\n|\n|win|chiitancrazymascot\n|raw|chiitancrazymascot's rating: 1702 &rarr; <strong>1721<\/strong><br \/>(+19 for winning)\n|raw|Bill Clinton y Rex's rating: 1685 &rarr; <strong>1666<\/strong><br \/>(-19 for losing)\n|l|\u2606Bill Clinton y Rex\n|player|p2|\n|l|\u2606chiitancrazymascot\n|player|p1|\n|l| DaN00biest\n|l| carlinss\n","uploadtime":1727915643,"views":27,"formatid":"gen9vgc2024regh","rating":1666,"private":0,"password":null}