{"id":"gen9vgc2024regh-2214261514","format":"[Gen 9] VGC 2024 Reg H","players":["badpiplupvgc","Geodude3138"],"log":"|j|\u2606badpiplupvgc\n|j|\u2606Geodude3138\n|t:|1727873664\n|gametype|doubles\n|player|p1|badpiplupvgc|2|1787\n|player|p2|Geodude3138|psychicf|1738\n|teamsize|p1|6\n|teamsize|p2|6\n|gen|9\n|tier|[Gen 9] VGC 2024 Reg H\n|rated|\n|rule|Species Clause: Limit one of each Pok\u00e9mon\n|rule|Item Clause: Limit 1 of each item\n|clearpoke\n|poke|p1|Tyranitar, L50, F|\n|poke|p1|Excadrill, L50, F|\n|poke|p1|Indeedee-F, L50, F|\n|poke|p1|Armarouge, L50, F|\n|poke|p1|Sneasler, L50, F|\n|poke|p1|Milotic, L50, F|\n|poke|p2|Dragonite, L50, M|\n|poke|p2|Gholdengo, L50|\n|poke|p2|Whimsicott, L50, F|\n|poke|p2|Basculegion, L50, M|\n|poke|p2|Archaludon, L50, M|\n|poke|p2|Politoed, L50, F|\n|teampreview|4\n|\n|t:|1727873705\n|start\n|switch|p1a: Indeedee|Indeedee-F, L50, F|100\/100\n|switch|p1b: Armarouge|Armarouge, L50, F, shiny|100\/100\n|switch|p2a: Whimsicott|Whimsicott, L50, F|100\/100\n|switch|p2b: Dragonite|Dragonite, L50, M|100\/100\n|-fieldstart|move: Psychic Terrain|[from] ability: Psychic Surge|[of] p1a: Indeedee\n|turn|1\n|j| hfghdfhgfghf\n|\n|t:|1727873722\n|-terastallize|p2b: Dragonite|Flying\n|move|p1a: Indeedee|Follow Me|p1a: Indeedee\n|-singleturn|p1a: Indeedee|move: Follow Me\n|move|p2a: Whimsicott|Misty Terrain|p2a: Whimsicott\n|-fieldstart|move: Misty Terrain\n|move|p1b: Armarouge|Expanding Force|p2a: Whimsicott\n|-damage|p2a: Whimsicott|29\/100\n|move|p2b: Dragonite|Tera Blast|p1a: Indeedee|[anim] Tera Blast Flying\n|-damage|p1a: Indeedee|38\/100\n|\n|upkeep\n|turn|2\n|\n|t:|1727873757\n|switch|p1a: Tyranitar|Tyranitar, L50, F, shiny|100\/100\n|-weather|Sandstorm|[from] ability: Sand Stream|[of] p1a: Tyranitar\n|move|p1b: Armarouge|Expanding Force|p2a: Whimsicott\n|-damage|p2a: Whimsicott|0 fnt\n|faint|p2a: Whimsicott\n|move|p2b: Dragonite|Tera Blast|p1b: Armarouge|[anim] Tera Blast Flying\n|-damage|p1b: Armarouge|33\/100\n|\n|-weather|Sandstorm|[upkeep]\n|-damage|p1b: Armarouge|27\/100|[from] Sandstorm\n|-damage|p2b: Dragonite|94\/100|[from] Sandstorm\n|upkeep\n|\n|t:|1727873769\n|switch|p2a: Politoed|Politoed, L50, F|100\/100\n|-weather|RainDance|[from] ability: Drizzle|[of] p2a: Politoed\n|turn|3\n|\n|t:|1727873779\n|switch|p1a: Indeedee|Indeedee-F, L50, F|38\/100\n|-fieldstart|move: Psychic Terrain|[from] ability: Psychic Surge|[of] p1a: Indeedee\n|move|p1b: Armarouge|Expanding Force|p2a: Politoed|[spread] p2a,p2b\n|-damage|p2a: Politoed|25\/100\n|-damage|p2b: Dragonite|26\/100\n|move|p2b: Dragonite|Low Kick|p1a: Indeedee\n|-damage|p1a: Indeedee|16\/100\n|move|p2a: Politoed|Weather Ball|p1b: Armarouge\n|-supereffective|p1b: Armarouge\n|-damage|p1b: Armarouge|0 fnt\n|faint|p1b: Armarouge\n|\n|-weather|RainDance|[upkeep]\n|upkeep\n|\n|t:|1727873796\n|switch|p1b: Sneasler|Sneasler, L50, F|100\/100\n|-enditem|p1b: Sneasler|Psychic Seed\n|-boost|p1b: Sneasler|spd|1|[from] item: Psychic Seed\n|turn|4\n|inactive|Battle timer is ON: inactive players will automatically lose when time's up. (requested by badpiplupvgc)\n|\n|t:|1727873829\n|move|p1a: Indeedee|Follow Me|p1a: Indeedee\n|-singleturn|p1a: Indeedee|move: Follow Me\n|move|p1b: Sneasler|Dire Claw|p2a: Politoed\n|-damage|p2a: Politoed|0 fnt\n|faint|p2a: Politoed\n|move|p2b: Dragonite|Tera Blast|p1a: Indeedee|[anim] Tera Blast Flying\n|-damage|p1a: Indeedee|0 fnt\n|faint|p1a: Indeedee\n|\n|-weather|RainDance|[upkeep]\n|upkeep\n|\n|t:|1727873839\n|switch|p1a: Tyranitar|Tyranitar, L50, F, shiny|100\/100\n|switch|p2a: Basculegion|Basculegion, L50, M|100\/100\n|-weather|Sandstorm|[from] ability: Sand Stream|[of] p1a: Tyranitar\n|turn|5\n|\n|t:|1727873852\n|-terastallize|p1a: Tyranitar|Flying\n|move|p1b: Sneasler|Dire Claw|p2b: Dragonite\n|-damage|p2b: Dragonite|0 fnt\n|faint|p2b: Dragonite\n|move|p1a: Tyranitar|Knock Off|p2a: Basculegion\n|-supereffective|p2a: Basculegion\n|-damage|p2a: Basculegion|0 fnt\n|-enditem|p2a: Basculegion|Iron Ball|[from] move: Knock Off|[of] p1a: Tyranitar\n|faint|p2a: Basculegion\n|\n|win|badpiplupvgc\n|raw|badpiplupvgc's rating: 1787 &rarr; <strong>1804<\/strong><br \/>(+17 for winning)\n|raw|Geodude3138's rating: 1738 &rarr; <strong>1721<\/strong><br \/>(-17 for losing)\n|l|\u2606badpiplupvgc\n|player|p1|\n|l|\u2606Geodude3138\n|player|p2|\n","uploadtime":1727874103,"views":32,"formatid":"gen9vgc2024regh","rating":1721,"private":0,"password":null}