{"id":"gen9vgc2024regh-2214323601","format":"[Gen 9] VGC 2024 Reg H","players":["kapunhu","Phononmode"],"log":"|j|\u2606kapunhu\n|j|\u2606Phononmode\n|t:|1727879467\n|gametype|doubles\n|player|p1|kapunhu|101|1745\n|player|p2|Phononmode|1|1735\n|teamsize|p1|6\n|teamsize|p2|6\n|gen|9\n|tier|[Gen 9] VGC 2024 Reg H\n|rated|\n|rule|Species Clause: Limit one of each Pok\u00e9mon\n|rule|Item Clause: Limit 1 of each item\n|clearpoke\n|poke|p1|Annihilape, L50, M|\n|poke|p1|Gholdengo, L50|\n|poke|p1|Kingambit, L50, F|\n|poke|p1|Dragonite, L50, M|\n|poke|p1|Typhlosion-Hisui, L50, F|\n|poke|p1|Whimsicott, L50, M|\n|poke|p2|Pawmot, L50, F|\n|poke|p2|Dondozo, L50, F|\n|poke|p2|Tatsugiri, L50, F|\n|poke|p2|Dragapult, L50, M|\n|poke|p2|Weezing, L50, M|\n|poke|p2|Incineroar, L50, F|\n|teampreview|4\n|j| baibian\nPhononmode has agreed to open team sheets.\n|inactive|Battle timer is ON: inactive players will automatically lose when time's up. (requested by Phononmode)\n|inactive|kapunhu has 60 seconds left.\n|\n|t:|1727879531\n|start\n|switch|p1a: Whimsicott|Whimsicott, L50, M|100\/100\n|switch|p1b: Dragonite|Dragonite, L50, M|100\/100\n|switch|p2a: will-o-miss|Weezing, L50, M|100\/100\n|switch|p2b: Incineroar|Incineroar, L50, F|100\/100\n|-ability|p2a: will-o-miss|Neutralizing Gas\n|-block|p2b: Incineroar|item: Ability Shield\n|-ability|p2b: Incineroar|Intimidate|boost\n|-unboost|p1a: Whimsicott|atk|1\n|-unboost|p1b: Dragonite|atk|1\n|turn|1\n|inactive|kapunhu has 30 seconds left.\n|inactive|kapunhu has 20 seconds left.\n|inactive|kapunhu has 15 seconds left.\n|inactive|kapunhu has 10 seconds left.\n|\n|t:|1727879578\n|switch|p1a: Kingambit|Kingambit, L50, F|100\/100\n|move|p1b: Dragonite|Scale Shot|p2a: will-o-miss\n|-damage|p2a: will-o-miss|91\/100\n|-damage|p2a: will-o-miss|82\/100\n|-damage|p2a: will-o-miss|73\/100\n|-damage|p2a: will-o-miss|64\/100\n|-damage|p2a: will-o-miss|55\/100\n|-hitcount|p2a: will-o-miss|5\n|-unboost|p1b: Dragonite|def|1\n|-boost|p1b: Dragonite|spe|1\n|move|p2b: Incineroar|Flare Blitz|p1a: Kingambit\n|-supereffective|p1a: Kingambit\n|-damage|p1a: Kingambit|9\/100\n|-damage|p2b: Incineroar|65\/100|[from] Recoil\n|move|p2a: will-o-miss|Sludge Bomb|p1a: Kingambit\n|-immune|p1a: Kingambit\n|\n|upkeep\n|turn|2\n|inactive|kapunhu has 30 seconds left.\n|j| hfghdfhgfghf\n|inactive|kapunhu has 20 seconds left.\n|inactive|kapunhu has 15 seconds left.\n|inactive|kapunhu has 10 seconds left.\n|\n|t:|1727879627\n|move|p1a: Kingambit|Sucker Punch||[still]\n|-fail|p1a: Kingambit\n|move|p1b: Dragonite|Scale Shot|p2a: will-o-miss\n|-damage|p2a: will-o-miss|46\/100\n|-enditem|p2a: will-o-miss|Sitrus Berry|[eat]\n|-heal|p2a: will-o-miss|71\/100|[from] item: Sitrus Berry\n|-damage|p2a: will-o-miss|62\/100\n|-damage|p2a: will-o-miss|53\/100\n|-damage|p2a: will-o-miss|45\/100\n|-damage|p2a: will-o-miss|34\/100\n|-hitcount|p2a: will-o-miss|5\n|-unboost|p1b: Dragonite|def|1\n|-boost|p1b: Dragonite|spe|1\n|move|p2b: Incineroar|Knock Off|p1b: Dragonite\n|-damage|p1b: Dragonite|0 fnt\n|-enditem|p1b: Dragonite|Loaded Dice|[from] move: Knock Off|[of] p2b: Incineroar\n|faint|p1b: Dragonite\n|move|p2a: will-o-miss|Will-O-Wisp|p1a: Kingambit\n|-status|p1a: Kingambit|brn\n|\n|-damage|p1a: Kingambit|3\/100 brn|[from] brn\n|upkeep\n|\n|t:|1727879638\n|switch|p1b: Annihilape|Annihilape, L50, M|100\/100\n|turn|3\n|\n|t:|1727879663\n|move|p1b: Annihilape|Close Combat|p2b: Incineroar\n|-supereffective|p2b: Incineroar\n|-damage|p2b: Incineroar|0 fnt\n|-unboost|p1b: Annihilape|def|1\n|-unboost|p1b: Annihilape|spd|1\n|faint|p2b: Incineroar\n|move|p2a: will-o-miss|Will-O-Wisp|p1b: Annihilape\n|-status|p1b: Annihilape|brn\n|move|p1a: Kingambit|Iron Head|p2a: will-o-miss\n|-damage|p2a: will-o-miss|13\/100\n|\n|-damage|p1b: Annihilape|95\/100 brn|[from] brn\n|-damage|p1a: Kingambit|0 fnt|[from] brn\n|faint|p1a: Kingambit\n|upkeep\n|j| Wonderful Bob\n|\n|t:|1727879675\n|switch|p2b: Dondozo|Dondozo, L50, F|100\/100\n|switch|p1a: Whimsicott|Whimsicott, L50, M|100\/100\n|turn|4\n|\n|t:|1727879685\n|-end|p2a: will-o-miss|ability: Neutralizing Gas\n|switch|p2a: Tatsugiri|Tatsugiri, L50, F|100\/100\n|-activate|p2a: Tatsugiri|ability: Commander|[of] p2b: Dondozo\n|-boost|p2b: Dondozo|atk|2\n|-boost|p2b: Dondozo|spa|2\n|-boost|p2b: Dondozo|spe|2\n|-boost|p2b: Dondozo|def|2\n|-boost|p2b: Dondozo|spd|2\n|move|p1a: Whimsicott|Tailwind|p1a: Whimsicott\n|-sidestart|p1: kapunhu|move: Tailwind\n|move|p1b: Annihilape|Final Gambit|p2b: Dondozo\n|-damage|p2b: Dondozo|10\/100\n|faint|p1b: Annihilape\n|move|p2b: Dondozo|Wave Crash|p1a: Whimsicott\n|-resisted|p1a: Whimsicott\n|-damage|p1a: Whimsicott|38\/100\n|-damage|p2b: Dondozo|0 fnt|[from] Recoil\n|faint|p2b: Dondozo\n|\n|upkeep\n|\n|t:|1727879700\n|switch|p2b: will-o-miss|Weezing, L50, M|13\/100\n|-ability|p2b: will-o-miss|Neutralizing Gas\n|turn|5\n|l| Wonderful Bob\n|\n|t:|1727879706\n|-terastallize|p1a: Whimsicott|Dark\n|-terastallize|p2a: Tatsugiri|Stellar\n|move|p1a: Whimsicott|Moonblast|p2a: Tatsugiri\n|-supereffective|p2a: Tatsugiri\n|-damage|p2a: Tatsugiri|28\/100\n|move|p2a: Tatsugiri|Icy Wind|p1a: Whimsicott\n|-damage|p1a: Whimsicott|12\/100\n|move|p2b: will-o-miss|Sludge Bomb|p1a: Whimsicott\n|-damage|p1a: Whimsicott|0 fnt\n|faint|p1a: Whimsicott\n|\n|win|Phononmode\n|raw|kapunhu's rating: 1745 &rarr; <strong>1724<\/strong><br \/>(-21 for losing)\n|raw|Phononmode's rating: 1735 &rarr; <strong>1756<\/strong><br \/>(+21 for winning)\n|l|\u2606kapunhu\n|player|p1|\n|l|\u2606Phononmode\n|player|p2|\n|l| baibian\n","uploadtime":1727879862,"views":26,"formatid":"gen9vgc2024regh","rating":1724,"private":0,"password":null}