{"id":"gen9vgc2024regh-2214641464","format":"[Gen 9] VGC 2024 Reg H","players":["daniiivgc","zhanlinxie"],"log":"|j|\u203ddaniiivgc\n|j|\u2606zhanlinxie\n|t:|1727908560\n|gametype|doubles\n|player|p1|daniiivgc|lucas|1705\n|player|p2|zhanlinxie|marley|1720\n|teamsize|p1|6\n|teamsize|p2|6\n|gen|9\n|tier|[Gen 9] VGC 2024 Reg H\n|rated|\n|rule|Species Clause: Limit one of each Pok\u00e9mon\n|rule|Item Clause: Limit 1 of each item\n|clearpoke\n|poke|p1|Dondozo, L50, M|\n|poke|p1|Sylveon, L50, F|\n|poke|p1|Kingambit, L50, F|\n|poke|p1|Tatsugiri, L50, F|\n|poke|p1|Dragonite, L50, F|\n|poke|p1|Archaludon, L50, M|\n|poke|p2|Incineroar, L50, F|\n|poke|p2|Pelipper, L50, F|\n|poke|p2|Archaludon, L50, F|\n|poke|p2|Basculegion, L50, M|\n|poke|p2|Amoonguss, L50, F|\n|poke|p2|Maushold-Four, L50|\n|teampreview|4\n|inactive|Battle timer is ON: inactive players will automatically lose when time's up. (requested by daniiivgc)\n|\n|t:|1727908591\n|start\n|switch|p1a: Sylveon|Sylveon, L50, F|100\/100\n|switch|p1b: Archaludon|Archaludon, L50, M|100\/100\n|switch|p2a: Incineroar|Incineroar, L50, F|100\/100\n|switch|p2b: Archaludon|Archaludon, L50, F|100\/100\n|-ability|p2a: Incineroar|Intimidate|boost\n|-unboost|p1a: Sylveon|atk|1\n|-unboost|p1b: Archaludon|atk|1\n|turn|1\n|\n|t:|1727908608\n|move|p2a: Incineroar|Fake Out|p1a: Sylveon\n|-damage|p1a: Sylveon|81\/100\n|move|p1b: Archaludon|Electro Shot||[still]\n|-prepare|p1b: Archaludon|Electro Shot\n|-boost|p1b: Archaludon|spa|1\n|-enditem|p1b: Archaludon|Power Herb\n|-anim|p1b: Archaludon|Electro Shot|p2a: Incineroar\n|-damage|p2a: Incineroar|46\/100\n|cant|p1a: Sylveon|flinch\n|move|p2b: Archaludon|Flash Cannon|p1a: Sylveon\n|-supereffective|p1a: Sylveon\n|-damage|p1a: Sylveon|23\/100\n|\n|upkeep\n|turn|2\n|inactive|zhanlinxie has 30 seconds left.\n|inactive|zhanlinxie has 20 seconds left.\n|\n|t:|1727908646\n|move|p1b: Archaludon|Draco Meteor|p2b: Archaludon\n|-damage|p2b: Archaludon|38\/100\n|-unboost|p1b: Archaludon|spa|2\n|-ability|p2b: Archaludon|Stamina|boost\n|-boost|p2b: Archaludon|def|1\n|move|p1a: Sylveon|Hyper Voice|p2b: Archaludon|[spread] p2a,p2b\n|-damage|p2a: Incineroar|0 fnt\n|-damage|p2b: Archaludon|2\/100\n|-ability|p2b: Archaludon|Stamina|boost\n|-boost|p2b: Archaludon|def|1\n|faint|p2a: Incineroar\n|move|p2b: Archaludon|Flash Cannon|p1a: Sylveon\n|-supereffective|p1a: Sylveon\n|-damage|p1a: Sylveon|0 fnt\n|faint|p1a: Sylveon\n|\n|upkeep\n|\n|t:|1727908668\n|switch|p1a: Dondozo|Dondozo, L50, M|100\/100\n|switch|p2a: Amoonguss|Amoonguss, L50, F|100\/100\n|turn|3\n|\n|t:|1727908686\n|switch|p1b: Tatsugiri|Tatsugiri, L50, F|100\/100\n|-activate|p1b: Tatsugiri|ability: Commander|[of] p1a: Dondozo\n|-boost|p1a: Dondozo|atk|2\n|-boost|p1a: Dondozo|spa|2\n|-boost|p1a: Dondozo|spe|2\n|-boost|p1a: Dondozo|def|2\n|-boost|p1a: Dondozo|spd|2\n|switch|p2b: Pelipper|Pelipper, L50, F|100\/100\n|-weather|RainDance|[from] ability: Drizzle|[of] p2b: Pelipper\n|-terastallize|p1a: Dondozo|Flying\n|move|p1a: Dondozo|Tera Blast|p2a: Amoonguss|[anim] Tera Blast Flying\n|-supereffective|p2a: Amoonguss\n|-damage|p2a: Amoonguss|0 fnt\n|faint|p2a: Amoonguss\n|\n|-weather|RainDance|[upkeep]\n|upkeep\n|\n|t:|1727908692\n|switch|p2a: Archaludon|Archaludon, L50, F|2\/100\n|turn|4\n|\n|t:|1727908707\n|move|p1a: Dondozo|Tera Blast|p2a: Archaludon|[anim] Tera Blast Flying\n|-resisted|p2a: Archaludon\n|-damage|p2a: Archaludon|0 fnt\n|faint|p2a: Archaludon\n|move|p2b: Pelipper|Weather Ball|p1a: Dondozo\n|-damage|p1a: Dondozo|63\/100\n|\n|-weather|RainDance|[upkeep]\n|upkeep\n|turn|5\n|-message|zhanlinxie forfeited.\n|\n|win|daniiivgc\n|raw|daniiivgc's rating: 1705 &rarr; <strong>1726<\/strong><br \/>(+21 for winning)\n|raw|zhanlinxie's rating: 1720 &rarr; <strong>1699<\/strong><br \/>(-21 for losing)\n|l|\u2606zhanlinxie\n|player|p2|\n|l|\u203ddaniiivgc\n|player|p1|\n","uploadtime":1727908909,"views":13,"formatid":"gen9vgc2024regh","rating":1699,"private":0,"password":null}