{"id":"gen9vgc2024regh-2214326430","format":"[Gen 9] VGC 2024 Reg H","players":["kapunhu","zhanlinxie"],"log":"|j|\u2606kapunhu\n|j|\u2606zhanlinxie\n|t:|1727879714\n|gametype|doubles\n|player|p1|kapunhu|101|1724\n|player|p2|zhanlinxie|marley|1766\n|teamsize|p1|6\n|teamsize|p2|6\n|gen|9\n|tier|[Gen 9] VGC 2024 Reg H\n|rated|\n|rule|Species Clause: Limit one of each Pok\u00e9mon\n|rule|Item Clause: Limit 1 of each item\n|clearpoke\n|poke|p1|Annihilape, L50, F|\n|poke|p1|Gholdengo, L50|\n|poke|p1|Kingambit, L50, F|\n|poke|p1|Dragonite, L50, F|\n|poke|p1|Typhlosion-Hisui, L50, M|\n|poke|p1|Whimsicott, L50, F|\n|poke|p2|Incineroar, L50, F|\n|poke|p2|Pelipper, L50, F|\n|poke|p2|Archaludon, L50, F|\n|poke|p2|Basculegion, L50, M|\n|poke|p2|Amoonguss, L50, F|\n|poke|p2|Maushold-Four, L50|\n|teampreview|4\n|j| baibian\n|j| Zadom123\n|inactive|Battle timer is ON: inactive players will automatically lose when time's up. (requested by zhanlinxie)\n|\n|t:|1727879800\n|start\n|switch|p1a: Whimsicott|Whimsicott, L50, F|100\/100\n|switch|p1b: Dragonite|Dragonite, L50, F|100\/100\n|switch|p2a: Archaludon|Archaludon, L50, F|100\/100\n|switch|p2b: Amoonguss|Amoonguss, L50, F|100\/100\n|turn|1\n|\n|t:|1727879819\n|switch|p2b: Incineroar|Incineroar, L50, F|100\/100\n|-ability|p2b: Incineroar|Intimidate|boost\n|-unboost|p1a: Whimsicott|atk|1\n|-unboost|p1b: Dragonite|atk|1\n|-terastallize|p1b: Dragonite|Flying\n|move|p1a: Whimsicott|Sunny Day|p1a: Whimsicott\n|-weather|SunnyDay\n|move|p1b: Dragonite|Tera Blast|p2b: Incineroar|[anim] Tera Blast Flying\n|-damage|p2b: Incineroar|58\/100\n|move|p2a: Archaludon|Flash Cannon|p1a: Whimsicott\n|-supereffective|p1a: Whimsicott\n|-damage|p1a: Whimsicott|9\/100\n|\n|-weather|SunnyDay|[upkeep]\n|upkeep\n|turn|2\n|j| axdw\n|inactive|zhanlinxie has 30 seconds left.\n|\n|t:|1727879851\n|switch|p1a: Annihilape|Annihilape, L50, F|100\/100\n|move|p2b: Incineroar|Fake Out|p1a: Annihilape\n|-immune|p1a: Annihilape\n|move|p1b: Dragonite|Scale Shot|p2b: Incineroar\n|-damage|p2b: Incineroar|47\/100\n|-damage|p2b: Incineroar|38\/100\n|-damage|p2b: Incineroar|27\/100\n|-damage|p2b: Incineroar|17\/100\n|-damage|p2b: Incineroar|6\/100\n|-hitcount|p2b: Incineroar|5\n|-unboost|p1b: Dragonite|def|1\n|-boost|p1b: Dragonite|spe|1\n|move|p2a: Archaludon|Dragon Pulse|p1b: Dragonite\n|-damage|p1b: Dragonite|80\/100\n|\n|-weather|SunnyDay|[upkeep]\n|upkeep\n|turn|3\n|inactive|kapunhu has 30 seconds left.\n|inactive|zhanlinxie has 30 seconds left.\n|inactive|kapunhu has 20 seconds left.\n|inactive|zhanlinxie has 20 seconds left.\n|inactive|kapunhu has 15 seconds left.\n|\n|t:|1727879893\n|switch|p2a: Amoonguss|Amoonguss, L50, F|100\/100\n|switch|p2b: Pelipper|Pelipper, L50, F|100\/100\n|-weather|RainDance|[from] ability: Drizzle|[of] p2b: Pelipper\n|move|p1b: Dragonite|Scale Shot|p2b: Pelipper\n|-damage|p2b: Pelipper|87\/100\n|-damage|p2b: Pelipper|72\/100\n|-damage|p2b: Pelipper|58\/100\n|-damage|p2b: Pelipper|44\/100\n|-damage|p2b: Pelipper|30\/100\n|-hitcount|p2b: Pelipper|5\n|-unboost|p1b: Dragonite|def|1\n|-boost|p1b: Dragonite|spe|1\n|move|p1a: Annihilape|Final Gambit|p2a: Amoonguss\n|-damage|p2a: Amoonguss|2\/100\n|-enditem|p2a: Amoonguss|Sitrus Berry|[eat]\n|-heal|p2a: Amoonguss|27\/100|[from] item: Sitrus Berry\n|faint|p1a: Annihilape\n|\n|-weather|RainDance|[upkeep]\n|upkeep\n|\n|t:|1727879912\n|switch|p1a: Whimsicott|Whimsicott, L50, F|9\/100\n|turn|4\n|inactive|zhanlinxie has 30 seconds left.\n|inactive|kapunhu has 30 seconds left.\n|\n|t:|1727879943\n|move|p2a: Amoonguss|Rage Powder|p2a: Amoonguss\n|-singleturn|p2a: Amoonguss|move: Rage Powder\n|move|p1a: Whimsicott|Tailwind|p1a: Whimsicott\n|-sidestart|p1: kapunhu|move: Tailwind\n|move|p1b: Dragonite|Tera Blast|p2a: Amoonguss|[anim] Tera Blast Flying\n|-supereffective|p2a: Amoonguss\n|-damage|p2a: Amoonguss|0 fnt\n|faint|p2a: Amoonguss\n|move|p2b: Pelipper|Weather Ball|p1a: Whimsicott\n|-resisted|p1a: Whimsicott\n|-damage|p1a: Whimsicott|0 fnt\n|faint|p1a: Whimsicott\n|\n|-weather|RainDance|[upkeep]\n|upkeep\n|\n|t:|1727879953\n|switch|p1a: Kingambit|Kingambit, L50, F|100\/100\n|switch|p2a: Archaludon|Archaludon, L50, F|100\/100\n|turn|5\n|\n|t:|1727879971\n|move|p1b: Dragonite|Protect|p1b: Dragonite\n|-singleturn|p1b: Dragonite|Protect\n|move|p1a: Kingambit|Low Kick|p2a: Archaludon\n|-supereffective|p2a: Archaludon\n|-damage|p2a: Archaludon|57\/100\n|-ability|p2a: Archaludon|Stamina|boost\n|-boost|p2a: Archaludon|def|1\n|move|p2b: Pelipper|Weather Ball|p1a: Kingambit\n|-damage|p1a: Kingambit|58\/100\n|move|p2a: Archaludon|Electro Shot||[still]\n|-prepare|p2a: Archaludon|Electro Shot\n|-boost|p2a: Archaludon|spa|1\n|-anim|p2a: Archaludon|Electro Shot|p1b: Dragonite\n|-activate|p1b: Dragonite|move: Protect\n|\n|-weather|RainDance|[upkeep]\n|upkeep\n|turn|6\n|inactive|kapunhu has 30 seconds left.\n|inactive|zhanlinxie has 30 seconds left.\n|\n|t:|1727880004\n|move|p1b: Dragonite|Protect||[still]\n|-fail|p1b: Dragonite\n|move|p1a: Kingambit|Low Kick|p2a: Archaludon\n|-supereffective|p2a: Archaludon\n|-damage|p2a: Archaludon|24\/100\n|-ability|p2a: Archaludon|Stamina|boost\n|-boost|p2a: Archaludon|def|1\n|move|p2b: Pelipper|Weather Ball|p1a: Kingambit\n|-damage|p1a: Kingambit|17\/100\n|move|p2a: Archaludon|Electro Shot||[still]\n|-prepare|p2a: Archaludon|Electro Shot\n|-boost|p2a: Archaludon|spa|1\n|-anim|p2a: Archaludon|Electro Shot|p1b: Dragonite\n|-supereffective|p1b: Dragonite\n|-damage|p1b: Dragonite|0 fnt\n|faint|p1b: Dragonite\n|\n|-weather|RainDance|[upkeep]\n|upkeep\n|turn|7\n|-message|kapunhu forfeited.\n|\n|win|zhanlinxie\n|raw|kapunhu's rating: 1724 &rarr; <strong>1706<\/strong><br \/>(-18 for losing)\n|raw|zhanlinxie's rating: 1766 &rarr; <strong>1784<\/strong><br \/>(+18 for winning)\n|l|\u2606kapunhu\n|player|p1|\n|l| Zadom123\n|l|\u2606zhanlinxie\n|player|p2|\n|l| axdw\n|l| baibian\n","uploadtime":1727880271,"views":16,"formatid":"gen9vgc2024regh","rating":1706,"private":0,"password":null}