{"id":"gen9vgc2024regh-2214213141","format":"[Gen 9] VGC 2024 Reg H","players":["aires17","Waffles4breakfast"],"log":"|j|\u2606aires17\n|j|\u2606Waffles4breakfast\n|t:|1727868009\n|gametype|doubles\n|player|p1|aires17|richboy|1688\n|player|p2|Waffles4breakfast|juggler|1731\n|teamsize|p1|6\n|teamsize|p2|6\n|gen|9\n|tier|[Gen 9] VGC 2024 Reg H\n|rated|\n|rule|Species Clause: Limit one of each Pok\u00e9mon\n|rule|Item Clause: Limit 1 of each item\n|clearpoke\n|poke|p1|Indeedee, L50, M|\n|poke|p1|Sneasler, L50, M|\n|poke|p1|Torkoal, L50, M|\n|poke|p1|Lilligant-Hisui, L50, F|\n|poke|p1|Dragapult, L50, M|\n|poke|p1|Talonflame, L50, M|\n|poke|p2|Archaludon, L50, F|\n|poke|p2|Pelipper, L50, M|\n|poke|p2|Basculegion, L50, M|\n|poke|p2|Amoonguss, L50, F|\n|poke|p2|Gholdengo, L50|\n|poke|p2|Murkrow, L50, M|\n|teampreview|4\naires17 rejected open team sheets.\n|\n|t:|1727868027\n|start\n|switch|p1a: Indeedee|Indeedee, L50, M|100\/100\n|switch|p1b: Sneasler|Sneasler, L50, M|100\/100\n|switch|p2a: Gholdengo|Gholdengo, L50|100\/100\n|switch|p2b: Basculegion|Basculegion, L50, M|100\/100\n|-fieldstart|move: Psychic Terrain|[from] ability: Psychic Surge|[of] p1a: Indeedee\n|-enditem|p1b: Sneasler|Psychic Seed\n|-boost|p1b: Sneasler|spd|1|[from] item: Psychic Seed\n|turn|1\n|\n|t:|1727868068\n|switch|p2a: Pelipper|Pelipper, L50, M|100\/100\n|-weather|RainDance|[from] ability: Drizzle|[of] p2a: Pelipper\n|-terastallize|p1b: Sneasler|Dark\n|-terastallize|p2b: Basculegion|Grass\n|move|p1a: Indeedee|Helping Hand|p1b: Sneasler\n|-singleturn|p1b: Sneasler|Helping Hand|[of] p1a: Indeedee\n|move|p1b: Sneasler|Throat Chop|p2a: Pelipper\n|-damage|p2a: Pelipper|10\/100\n|-start|p2a: Pelipper|Throat Chop|[silent]\n|move|p2b: Basculegion|Wave Crash|p1b: Sneasler\n|-damage|p1b: Sneasler|0 fnt\n|faint|p1b: Sneasler\n|-damage|p2b: Basculegion|74\/100|[from] Recoil\n|\n|-weather|RainDance|[upkeep]\n|upkeep\n|\n|t:|1727868084\n|switch|p1b: Lilligant|Lilligant-Hisui, L50, F|100\/100\n|turn|2\n|\n|t:|1727868092\n|switch|p1b: Torkoal|Torkoal, L50, M|100\/100\n|-weather|SunnyDay|[from] ability: Drought|[of] p1b: Torkoal\n|move|p2a: Pelipper|Wide Guard|p2a: Pelipper\n|-singleturn|p2a: Pelipper|Wide Guard\n|move|p1a: Indeedee|Expanding Force|p2a: Pelipper|[spread] \n|-activate|p2a: Pelipper|move: Wide Guard\n|-activate|p2b: Basculegion|move: Wide Guard\n|move|p2b: Basculegion|Wave Crash|p1a: Indeedee\n|-damage|p1a: Indeedee|14\/100\n|-damage|p2b: Basculegion|55\/100|[from] Recoil\n|\n|-weather|SunnyDay|[upkeep]\n|-end|p2a: Pelipper|Throat Chop|[silent]\n|upkeep\n|turn|3\n|\n|t:|1727868111\n|move|p1a: Indeedee|Helping Hand|p1b: Torkoal\n|-singleturn|p1b: Torkoal|Helping Hand|[of] p1a: Indeedee\n|move|p2a: Pelipper|Wide Guard|p2a: Pelipper\n|-singleturn|p2a: Pelipper|Wide Guard\n|move|p2b: Basculegion|Wave Crash|p1b: Torkoal\n|-supereffective|p1b: Torkoal\n|-damage|p1b: Torkoal|33\/100\n|-damage|p2b: Basculegion|34\/100|[from] Recoil\n|move|p1b: Torkoal|Eruption|p2a: Pelipper|[spread] \n|-activate|p2a: Pelipper|move: Wide Guard\n|-activate|p2b: Basculegion|move: Wide Guard\n|\n|-weather|SunnyDay|[upkeep]\n|upkeep\n|turn|4\n|\n|t:|1727868127\n|switch|p1a: Lilligant|Lilligant-Hisui, L50, F|100\/100\n|move|p2a: Pelipper|Wide Guard|p2a: Pelipper\n|-singleturn|p2a: Pelipper|Wide Guard\n|move|p2b: Basculegion|Wave Crash|p1a: Lilligant\n|-resisted|p1a: Lilligant\n|-damage|p1a: Lilligant|68\/100\n|-damage|p2b: Basculegion|26\/100|[from] Recoil\n|move|p1b: Torkoal|Eruption|p2a: Pelipper|[spread] \n|-activate|p2a: Pelipper|move: Wide Guard\n|-activate|p2b: Basculegion|move: Wide Guard\n|\n|-weather|SunnyDay|[upkeep]\n|upkeep\n|turn|5\n|\n|t:|1727868144\n|switch|p1b: Indeedee|Indeedee, L50, M|14\/100\n|move|p1a: Lilligant|Leaf Blade|p2b: Basculegion\n|-resisted|p2b: Basculegion\n|-damage|p2b: Basculegion|0 fnt\n|faint|p2b: Basculegion\n|move|p2a: Pelipper|Weather Ball|p1a: Lilligant\n|-supereffective|p1a: Lilligant\n|-damage|p1a: Lilligant|0 fnt\n|faint|p1a: Lilligant\n|\n|-weather|SunnyDay|[upkeep]\n|-fieldend|move: Psychic Terrain\n|upkeep\n|\n|t:|1727868157\n|switch|p1a: Torkoal|Torkoal, L50, M|33\/100\n|switch|p2b: Amoonguss|Amoonguss, L50, F|100\/100\n|turn|6\n|-message|aires17 forfeited.\n|\n|win|Waffles4breakfast\n|raw|aires17's rating: 1688 &rarr; <strong>1670<\/strong><br \/>(-18 for losing)\n|raw|Waffles4breakfast's rating: 1731 &rarr; <strong>1749<\/strong><br \/>(+18 for winning)\n|c|\u2606aires17|i had a brain fart\n|l|\u2606aires17\n|player|p1|\n|l|\u2606Waffles4breakfast\n|player|p2|\n","uploadtime":1727868322,"views":29,"formatid":"gen9vgc2024regh","rating":1670,"private":0,"password":null}