{"id":"gen9vgc2024regh-2214841753","format":"[Gen 9] VGC 2024 Reg H","players":["lieyanshu","moon7777alt2"],"log":"|j|\u2606lieyanshu\n|j|\u2606moon7777alt2\n|t:|1727935250\n|gametype|doubles\n|player|p1|lieyanshu|lucas|1788\n|player|p2|moon7777alt2|266|1761\n|teamsize|p1|6\n|teamsize|p2|6\n|gen|9\n|tier|[Gen 9] VGC 2024 Reg H\n|rated|\n|rule|Species Clause: Limit one of each Pok\u00e9mon\n|rule|Item Clause: Limit 1 of each item\n|clearpoke\n|poke|p1|Gholdengo, L50|\n|poke|p1|Ursaluna-Bloodmoon, L50, M|\n|poke|p1|Dragapult, L50, M|\n|poke|p1|Murkrow, L50, F|\n|poke|p1|Kingambit, L50, F|\n|poke|p1|Sneasler, L50, F|\n|poke|p2|Dragonite, L50, M|\n|poke|p2|Clefable, L50, M|\n|poke|p2|Kingambit, L50, M|\n|poke|p2|Rillaboom, L50, M|\n|poke|p2|Dondozo, L50, F|\n|poke|p2|Sneasler, L50, F|\n|teampreview|4\nlieyanshu rejected open team sheets.\n|\n|t:|1727935307\n|start\n|switch|p1a: Gholdengo|Gholdengo, L50|100\/100\n|switch|p1b: Murkrow|Murkrow, L50, F|100\/100\n|switch|p2a: Clefable|Clefable, L50, M|100\/100\n|switch|p2b: Kingambit|Kingambit, L50, M|100\/100\n|turn|1\n|\n|t:|1727935329\n|-terastallize|p1a: Gholdengo|Steel\n|-terastallize|p2b: Kingambit|Dark\n|move|p2a: Clefable|Helping Hand|p2b: Kingambit\n|-singleturn|p2b: Kingambit|Helping Hand|[of] p2a: Clefable\n|move|p1b: Murkrow|Tailwind|p1b: Murkrow\n|-sidestart|p1: lieyanshu|move: Tailwind\n|move|p2b: Kingambit|Sucker Punch|p1a: Gholdengo\n|-damage|p1a: Gholdengo|0 fnt\n|faint|p1a: Gholdengo\n|\n|upkeep\n|\n|t:|1727935339\n|switch|p1a: Kingambit|Kingambit, L50, F|100\/100\n|turn|2\n|\n|t:|1727935355\n|switch|p2b: Dragonite|Dragonite, L50, M|100\/100\n|move|p1b: Murkrow|Brave Bird|p2a: Clefable\n|-damage|p2a: Clefable|69\/100\n|-damage|p1b: Murkrow|88\/100|[from] Recoil\n|move|p1a: Kingambit|Iron Head|p2a: Clefable\n|-supereffective|p2a: Clefable\n|-damage|p2a: Clefable|0 fnt\n|faint|p2a: Clefable\n|\n|upkeep\n|\n|t:|1727935364\n|switch|p2a: Rillaboom|Rillaboom, L50, M|100\/100\n|-fieldstart|move: Grassy Terrain|[from] ability: Grassy Surge|[of] p2a: Rillaboom\n|turn|3\n|\n|t:|1727935374\n|switch|p1a: Dragapult|Dragapult, L50, M|100\/100\n|move|p2a: Rillaboom|Fake Out|p1a: Dragapult\n|-immune|p1a: Dragapult\n|move|p1b: Murkrow|Brave Bird|p2a: Rillaboom\n|-supereffective|p2a: Rillaboom\n|-damage|p2a: Rillaboom|34\/100\n|-damage|p1b: Murkrow|60\/100|[from] Recoil\n|move|p2b: Dragonite|Stomping Tantrum|p1a: Dragapult\n|-damage|p1a: Dragapult|60\/100\n|\n|-heal|p1a: Dragapult|66\/100|[from] Grassy Terrain\n|-heal|p2a: Rillaboom|40\/100|[from] Grassy Terrain\n|upkeep\n|turn|4\n|\n|t:|1727935392\n|switch|p2a: Kingambit|Kingambit, L50, M, tera:Dark|100\/100\n|move|p2b: Dragonite|Protect|p2b: Dragonite\n|-singleturn|p2b: Dragonite|Protect\n|move|p1a: Dragapult|Dragon Darts|p2a: Kingambit\n|-damage|p2a: Kingambit|69\/100\n|-anim|p1a: Dragapult|Dragon Darts|p2a: Kingambit\n|-damage|p2a: Kingambit|41\/100\n|move|p1b: Murkrow|Brave Bird|p2b: Dragonite\n|-activate|p2b: Dragonite|move: Protect\n|\n|-heal|p1a: Dragapult|72\/100|[from] Grassy Terrain\n|-heal|p2a: Kingambit|46\/100|[from] Grassy Terrain\n|-sideend|p1: lieyanshu|move: Tailwind\n|upkeep\n|turn|5\n|\n|t:|1727935415\n|switch|p1a: Kingambit|Kingambit, L50, F|100\/100\n|move|p2a: Kingambit|Sucker Punch||[still]\n|-fail|p2a: Kingambit\n|move|p2b: Dragonite|Scale Shot|p1b: Murkrow\n|-damage|p1b: Murkrow|46\/100\n|-damage|p1b: Murkrow|32\/100\n|-damage|p1b: Murkrow|17\/100\n|-damage|p1b: Murkrow|4\/100\n|-damage|p1b: Murkrow|0 fnt\n|faint|p1b: Murkrow\n|-hitcount|p1: Murkrow|5\n|-unboost|p2b: Dragonite|def|1\n|-boost|p2b: Dragonite|spe|1\n|\n|-heal|p2a: Kingambit|52\/100|[from] Grassy Terrain\n|upkeep\n|\n|t:|1727935430\n|switch|p1b: Dragapult|Dragapult, L50, M|72\/100\n|turn|6\n|\n|t:|1727935444\n|move|p2a: Kingambit|Sucker Punch|p1b: Dragapult\n|-supereffective|p1b: Dragapult\n|-damage|p1b: Dragapult|0 fnt\n|faint|p1b: Dragapult\n|move|p2b: Dragonite|Stomping Tantrum|p1a: Kingambit\n|-supereffective|p1a: Kingambit\n|-damage|p1a: Kingambit|62\/100\n|move|p1a: Kingambit|Low Kick|p2a: Kingambit\n|-supereffective|p2a: Kingambit\n|-damage|p2a: Kingambit|0 fnt\n|faint|p2a: Kingambit\n|\n|-heal|p1a: Kingambit|68\/100|[from] Grassy Terrain\n|upkeep\n|\n|t:|1727935453\n|switch|p2a: Rillaboom|Rillaboom, L50, M|40\/100\n|turn|7\n|\n|t:|1727935460\n|move|p2a: Rillaboom|Fake Out|p1a: Kingambit\n|-resisted|p1a: Kingambit\n|-damage|p1a: Kingambit|62\/100\n|cant|p1a: Kingambit|flinch\n|move|p2b: Dragonite|Stomping Tantrum|p1a: Kingambit\n|-supereffective|p1a: Kingambit\n|-damage|p1a: Kingambit|24\/100\n|\n|-heal|p2a: Rillaboom|45\/100|[from] Grassy Terrain\n|-heal|p1a: Kingambit|29\/100|[from] Grassy Terrain\n|-fieldend|move: Grassy Terrain\n|upkeep\n|turn|8\n|\n|t:|1727935475\n|move|p1a: Kingambit|Sucker Punch|p2b: Dragonite\n|-damage|p2b: Dragonite|69\/100\n|move|p2b: Dragonite|Stomping Tantrum|p1a: Kingambit\n|-supereffective|p1a: Kingambit\n|-damage|p1a: Kingambit|0 fnt\n|faint|p1a: Kingambit\n|\n|win|moon7777alt2\n|raw|lieyanshu's rating: 1788 &rarr; <strong>1766<\/strong><br \/>(-22 for losing)\n|raw|moon7777alt2's rating: 1761 &rarr; <strong>1783<\/strong><br \/>(+22 for winning)\n|l|\u2606lieyanshu\n|player|p1|\n|c|\u2606moon7777alt2|gg\n|l|\u2606moon7777alt2\n|player|p2|\n","uploadtime":1727935733,"views":65,"formatid":"gen9vgc2024regh","rating":1766,"private":0,"password":null}