{"id":"gen9vgc2024regh-2214871941","format":"[Gen 9] VGC 2024 Reg H","players":["coolestmolerat","Aki Hoshino"],"log":"|j|\u2606coolestmolerat\n|j|\u2606Aki Hoshino\n|t:|1727940556\n|gametype|doubles\n|player|p1|coolestmolerat|hugh|1655\n|player|p2|Aki Hoshino|aromalady|1767\n|teamsize|p1|6\n|teamsize|p2|6\n|gen|9\n|tier|[Gen 9] VGC 2024 Reg H\n|rated|\n|rule|Species Clause: Limit one of each Pok\u00e9mon\n|rule|Item Clause: Limit 1 of each item\n|clearpoke\n|poke|p1|Tyranitar, L50, F|\n|poke|p1|Excadrill, L50, M|\n|poke|p1|Amoonguss, L50, M|\n|poke|p1|Primarina, L50, F|\n|poke|p1|Dragapult, L50, M|\n|poke|p1|Sneasler, L50, M|\n|poke|p2|Whimsicott, L50, F|\n|poke|p2|Ursaluna-Bloodmoon, L50, M|\n|poke|p2|Gholdengo, L50|\n|poke|p2|Meowscarada, L50, M|\n|poke|p2|Volcarona, L50, M|\n|poke|p2|Archaludon, L50, M|\n|teampreview|4\n|j| MJS25\n|inactive|Battle timer is ON: inactive players will automatically lose when time's up. (requested by coolestmolerat)\n|\n|t:|1727940629\n|start\n|switch|p1a: Sneasler|Sneasler, L50, M|100\/100\n|switch|p1b: Primarina|Primarina, L50, F|100\/100\n|switch|p2a: Whimsicott|Whimsicott, L50, F|100\/100\n|switch|p2b: Meowscarada|Meowscarada, L50, M|100\/100\n|turn|1\n|\n|t:|1727940647\n|move|p1a: Sneasler|Fake Out|p2b: Meowscarada\n|-damage|p2b: Meowscarada|76\/100\n|-status|p2b: Meowscarada|psn|[from] ability: Poison Touch|[of] p1a: Sneasler\n|move|p2a: Whimsicott|Tailwind|p2a: Whimsicott\n|-sidestart|p2: Aki Hoshino|move: Tailwind\n|cant|p2b: Meowscarada|flinch\n|move|p1b: Primarina|Ice Beam|p2b: Meowscarada\n|-supereffective|p2b: Meowscarada\n|-damage|p2b: Meowscarada|0 fnt\n|faint|p2b: Meowscarada\n|\n|upkeep\n|\n|t:|1727940668\n|switch|p2b: Gholdengo|Gholdengo, L50|100\/100\n|turn|2\n|j| Meditate Golisopod\n|inactive|Aki Hoshino has 30 seconds left.\n|inactive|Aki Hoshino has 20 seconds left.\n|\n|t:|1727940704\n|move|p1b: Primarina|Protect|p1b: Primarina\n|-singleturn|p1b: Primarina|Protect\n|move|p2a: Whimsicott|Moonblast|p1a: Sneasler\n|-damage|p1a: Sneasler|50\/100\n|move|p2b: Gholdengo|Make It Rain|p1a: Sneasler|[spread] p1a\n|-activate|p1b: Primarina|move: Protect\n|-damage|p1a: Sneasler|0 fnt\n|-unboost|p2b: Gholdengo|spa|1\n|faint|p1a: Sneasler\n|\n|upkeep\n|\n|t:|1727940712\n|switch|p1a: Tyranitar|Tyranitar, L50, F|100\/100\n|-weather|Sandstorm|[from] ability: Sand Stream|[of] p1a: Tyranitar\n|turn|3\n|\n|t:|1727940734\n|-terastallize|p2b: Gholdengo|Dragon\n|-terastallize|p1a: Tyranitar|Flying\n|move|p2a: Whimsicott|Moonblast|p1b: Primarina\n|-damage|p1b: Primarina|73\/100\n|move|p2b: Gholdengo|Nasty Plot|p2b: Gholdengo\n|-boost|p2b: Gholdengo|spa|2\n|move|p1b: Primarina|Ice Beam|p2a: Whimsicott\n|-supereffective|p2a: Whimsicott\n|-damage|p2a: Whimsicott|5\/100\n|move|p1a: Tyranitar|Knock Off|p2b: Gholdengo\n|-damage|p2b: Gholdengo|52\/100\n|-enditem|p2b: Gholdengo|Sitrus Berry|[from] move: Knock Off|[of] p1a: Tyranitar\n|\n|-weather|Sandstorm|[upkeep]\n|-damage|p2a: Whimsicott|0 fnt|[from] Sandstorm\n|-damage|p2b: Gholdengo|46\/100|[from] Sandstorm\n|-damage|p1a: Tyranitar|95\/100|[from] Sandstorm\n|-damage|p1b: Primarina|67\/100|[from] Sandstorm\n|faint|p2a: Whimsicott\n|upkeep\n|\n|t:|1727940755\n|switch|p2a: Archaludon|Archaludon, L50, M|100\/100\n|turn|4\n|\n|t:|1727940776\n|move|p1b: Primarina|Protect|p1b: Primarina\n|-singleturn|p1b: Primarina|Protect\n|move|p2a: Archaludon|Electro Shot||[still]\n|-prepare|p2a: Archaludon|Electro Shot\n|-boost|p2a: Archaludon|spa|1\n|-enditem|p2a: Archaludon|Power Herb\n|-anim|p2a: Archaludon|Electro Shot|p1a: Tyranitar\n|-supereffective|p1a: Tyranitar\n|-damage|p1a: Tyranitar|8\/100\n|move|p2b: Gholdengo|Make It Rain|p1b: Primarina|[spread] p1a\n|-activate|p1b: Primarina|move: Protect\n|-damage|p1a: Tyranitar|0 fnt\n|-unboost|p2b: Gholdengo|spa|1\n|faint|p1a: Tyranitar\n|\n|-weather|Sandstorm|[upkeep]\n|-damage|p2b: Gholdengo|40\/100|[from] Sandstorm\n|-damage|p1b: Primarina|61\/100|[from] Sandstorm\n|-sideend|p2: Aki Hoshino|move: Tailwind\n|upkeep\n|\n|t:|1727940783\n|switch|p1a: Excadrill|Excadrill, L50, M|100\/100\n|turn|5\n|inactive|coolestmolerat has 30 seconds left.\n|inactive|Aki Hoshino has 30 seconds left.\n|inactive|Aki Hoshino has 20 seconds left.\n|inactive|Aki Hoshino has 15 seconds left.\n|inactive|Aki Hoshino has 10 seconds left.\n|\n|t:|1727940831\n|move|p1a: Excadrill|Iron Head|p2b: Gholdengo\n|-damage|p2b: Gholdengo|0 fnt\n|faint|p2b: Gholdengo\n|move|p2a: Archaludon|Aura Sphere|p1a: Excadrill\n|-supereffective|p1a: Excadrill\n|-enditem|p1a: Excadrill|Focus Sash\n|-damage|p1a: Excadrill|1\/100\n|move|p1b: Primarina|Moonblast|p2a: Archaludon\n|-damage|p2a: Archaludon|20\/100\n|\n|-weather|Sandstorm|[upkeep]\n|-damage|p1b: Primarina|56\/100|[from] Sandstorm\n|upkeep\n|turn|6\n|\n|t:|1727940845\n|move|p1a: Excadrill|Earthquake|p2a: Archaludon|[spread] p1b,p2a\n|-supereffective|p2a: Archaludon\n|-damage|p1b: Primarina|12\/100\n|-damage|p2a: Archaludon|0 fnt\n|faint|p2a: Archaludon\n|\n|win|coolestmolerat\n|raw|coolestmolerat's rating: 1655 &rarr; <strong>1681<\/strong><br \/>(+26 for winning)\n|raw|Aki Hoshino's rating: 1767 &rarr; <strong>1741<\/strong><br \/>(-26 for losing)\n|l| Meditate Golisopod\n|l|\u2606Aki Hoshino\n|player|p2|\n|l|\u2606coolestmolerat\n|player|p1|\n|l| MJS25\n","uploadtime":1727941058,"views":16,"formatid":"gen9vgc2024regh","rating":1681,"private":0,"password":null}