{"id":"gen9vgc2024regh-2214400048","format":"[Gen 9] VGC 2024 Reg H","players":["Geodude3138","aires17"],"log":"|j|\u2606Geodude3138\n|j|\u2606aires17\n|t:|1727886004\n|gametype|doubles\n|player|p1|Geodude3138|psychicf|1763\n|player|p2|aires17|richboy|1692\n|teamsize|p1|6\n|teamsize|p2|6\n|gen|9\n|tier|[Gen 9] VGC 2024 Reg H\n|rated|\n|rule|Species Clause: Limit one of each Pok\u00e9mon\n|rule|Item Clause: Limit 1 of each item\n|clearpoke\n|poke|p1|Dragonite, L50, M|\n|poke|p1|Gholdengo, L50|\n|poke|p1|Whimsicott, L50, M|\n|poke|p1|Basculegion, L50, M|\n|poke|p1|Archaludon, L50, F|\n|poke|p1|Politoed, L50, M|\n|poke|p2|Indeedee, L50, M|\n|poke|p2|Sneasler, L50, M|\n|poke|p2|Torkoal, L50, M|\n|poke|p2|Lilligant-Hisui, L50, F|\n|poke|p2|Dragapult, L50, M|\n|poke|p2|Talonflame, L50, M|\n|teampreview|4\naires17 rejected open team sheets.\n|\n|t:|1727886033\n|start\n|switch|p1a: Whimsicott|Whimsicott, L50, M|100\/100\n|switch|p1b: Gholdengo|Gholdengo, L50|100\/100\n|switch|p2a: Indeedee|Indeedee, L50, M|100\/100\n|switch|p2b: Sneasler|Sneasler, L50, M|100\/100\n|-fieldstart|move: Psychic Terrain|[from] ability: Psychic Surge|[of] p2a: Indeedee\n|-enditem|p2b: Sneasler|Psychic Seed\n|-boost|p2b: Sneasler|spd|1|[from] item: Psychic Seed\n|turn|1\n|\n|t:|1727886055\n|-terastallize|p2b: Sneasler|Dark\n|-terastallize|p1a: Whimsicott|Steel\n|move|p2a: Indeedee|Helping Hand|p2b: Sneasler\n|-singleturn|p2b: Sneasler|Helping Hand|[of] p2a: Indeedee\n|move|p2b: Sneasler|Throat Chop|p1b: Gholdengo\n|-supereffective|p1b: Gholdengo\n|-damage|p1b: Gholdengo|0 fnt\n|faint|p1b: Gholdengo\n|move|p1a: Whimsicott|Trick Room|p1a: Whimsicott\n|-fieldstart|move: Trick Room|[of] p1a: Whimsicott\n|\n|upkeep\n|\n|t:|1727886065\n|switch|p1b: Archaludon|Archaludon, L50, F|100\/100\n|turn|2\n|\n|t:|1727886084\n|move|p2b: Sneasler|Protect|p2b: Sneasler\n|-singleturn|p2b: Sneasler|Protect\n|move|p1b: Archaludon|Electro Shot||[still]\n|-prepare|p1b: Archaludon|Electro Shot\n|-boost|p1b: Archaludon|spa|1\n|-enditem|p1b: Archaludon|Power Herb\n|-anim|p1b: Archaludon|Electro Shot|p2a: Indeedee\n|-damage|p2a: Indeedee|0 fnt\n|faint|p2a: Indeedee\n|move|p1a: Whimsicott|Moonblast|p2b: Sneasler\n|-activate|p2b: Sneasler|move: Protect\n|\n|upkeep\n|\n|t:|1727886094\n|switch|p2a: Torkoal|Torkoal, L50, M|100\/100\n|-weather|SunnyDay|[from] ability: Drought|[of] p2a: Torkoal\n|turn|3\n|\n|t:|1727886113\n|switch|p1a: Politoed|Politoed, L50, M|100\/100\n|-weather|RainDance|[from] ability: Drizzle|[of] p1a: Politoed\n|move|p2a: Torkoal|Eruption|p1a: Politoed|[spread] p1a,p1b\n|-resisted|p1a: Politoed\n|-damage|p1a: Politoed|84\/100\n|-damage|p1b: Archaludon|57\/100\n|move|p1b: Archaludon|Electro Shot||[still]\n|-prepare|p1b: Archaludon|Electro Shot\n|-boost|p1b: Archaludon|spa|1\n|-anim|p1b: Archaludon|Electro Shot|p2b: Sneasler\n|-damage|p2b: Sneasler|14\/100\n|move|p2b: Sneasler|Close Combat|p1b: Archaludon\n|-supereffective|p1b: Archaludon\n|-damage|p1b: Archaludon|0 fnt\n|-unboost|p2b: Sneasler|def|1\n|-unboost|p2b: Sneasler|spd|1\n|faint|p1b: Archaludon\n|\n|-weather|RainDance|[upkeep]\n|upkeep\n|j| Daniel_E_T_VGC\n|\n|t:|1727886131\n|switch|p1b: Whimsicott|Whimsicott, L50, M, tera:Steel|100\/100\n|turn|4\n|\n|t:|1727886140\n|switch|p2a: Lilligant|Lilligant-Hisui, L50, F|100\/100\n|move|p2b: Sneasler|Protect|p2b: Sneasler\n|-singleturn|p2b: Sneasler|Protect\n|move|p1a: Politoed|Weather Ball|p2a: Lilligant\n|-resisted|p2a: Lilligant\n|-damage|p2a: Lilligant|47\/100\n|move|p1b: Whimsicott|Moonblast|p2b: Sneasler\n|-activate|p2b: Sneasler|move: Protect\n|\n|-weather|RainDance|[upkeep]\n|upkeep\n|turn|5\n|j| epicdefender13\n|\n|t:|1727886163\n|move|p2a: Lilligant|Protect|p2a: Lilligant\n|-singleturn|p2a: Lilligant|Protect\n|move|p1a: Politoed|Weather Ball|p2b: Sneasler\n|-damage|p2b: Sneasler|0 fnt\n|faint|p2b: Sneasler\n|move|p1b: Whimsicott|Moonblast|p2a: Lilligant\n|-activate|p2a: Lilligant|move: Protect\n|\n|-weather|RainDance|[upkeep]\n|-fieldend|move: Trick Room\n|-fieldend|move: Psychic Terrain\n|upkeep\n|\n|t:|1727886173\n|switch|p2b: Torkoal|Torkoal, L50, M|100\/100\n|-weather|SunnyDay|[from] ability: Drought|[of] p2b: Torkoal\n|turn|6\n|\n|t:|1727886194\n|move|p2a: Lilligant|After You|p2b: Torkoal\n|-activate|p2b: Torkoal|move: After You\n|move|p2b: Torkoal|Eruption|p1b: Whimsicott|[spread] p1a,p1b\n|-resisted|p1a: Politoed\n|-supereffective|p1b: Whimsicott\n|-damage|p1a: Politoed|33\/100\n|-enditem|p1b: Whimsicott|Focus Sash\n|-damage|p1b: Whimsicott|1\/100\n|move|p1b: Whimsicott|Moonblast|p2a: Lilligant\n|-supereffective|p2a: Lilligant\n|-damage|p2a: Lilligant|0 fnt\n|faint|p2a: Lilligant\n|move|p1a: Politoed|Weather Ball|p2b: Torkoal\n|-resisted|p2b: Torkoal\n|-damage|p2b: Torkoal|68\/100\n|\n|-weather|SunnyDay|[upkeep]\n|upkeep\n|turn|7\n|c|\u2606aires17|you might win\n|\n|t:|1727886214\n|move|p1b: Whimsicott|Moonblast|p2b: Torkoal\n|-resisted|p2b: Torkoal\n|-damage|p2b: Torkoal|43\/100\n|move|p1a: Politoed|Weather Ball|p2b: Torkoal\n|-resisted|p2b: Torkoal\n|-damage|p2b: Torkoal|14\/100\n|move|p2b: Torkoal|Eruption|p1b: Whimsicott|[spread] p1a,p1b\n|-resisted|p1a: Politoed\n|-supereffective|p1b: Whimsicott\n|-damage|p1a: Politoed|27\/100\n|-damage|p1b: Whimsicott|0 fnt\n|faint|p1b: Whimsicott\n|\n|-weather|SunnyDay|[upkeep]\n|upkeep\n|turn|8\n|c|\u2606aires17|i was going for politoed but got afraid you would protect\n|c|\u2606aires17|gg\n|c|\u2606aires17|you win\n|c|\u2606aires17|nice final turn\n|\n|t:|1727886236\n|move|p1a: Politoed|Weather Ball|p2b: Torkoal\n|-resisted|p2b: Torkoal\n|-damage|p2b: Torkoal|0 fnt\n|faint|p2b: Torkoal\n|\n|win|Geodude3138\n|raw|Geodude3138's rating: 1763 &rarr; <strong>1779<\/strong><br \/>(+16 for winning)\n|raw|aires17's rating: 1692 &rarr; <strong>1676<\/strong><br \/>(-16 for losing)\n|c|\u2606Geodude3138|gg\n|l|\u2606aires17\n|player|p2|\n|l|\u2606Geodude3138\n|player|p1|\n|l| epicdefender13\n|l| Daniel_E_T_VGC\n","uploadtime":1727886482,"views":22,"formatid":"gen9vgc2024regh","rating":1676,"private":0,"password":null}