{"id":"gen9vgc2024regh-2214362476","format":"[Gen 9] VGC 2024 Reg H","players":["ShinigamiRowlet","Kronicler"],"log":"|j|\u2606ShinigamiRowlet\n|j|\u2606Kronicler\n|t:|1727882794\n|gametype|doubles\n|player|p1|ShinigamiRowlet|bruno|1721\n|player|p2|Kronicler|yellow|1763\n|teamsize|p1|6\n|teamsize|p2|6\n|gen|9\n|tier|[Gen 9] VGC 2024 Reg H\n|rated|\n|rule|Species Clause: Limit one of each Pok\u00e9mon\n|rule|Item Clause: Limit 1 of each item\n|clearpoke\n|poke|p1|Garchomp, L50, M|\n|poke|p1|Tyranitar, L50, F|\n|poke|p1|Talonflame, L50, M|\n|poke|p1|Houndstone, L50, M|\n|poke|p1|Gholdengo, L50|\n|poke|p1|Primarina, L50, M|\n|poke|p2|Gengar, L50, F|\n|poke|p2|Volcarona, L50, M|\n|poke|p2|Rillaboom, L50, M|\n|poke|p2|Bisharp, L50, M|\n|poke|p2|Primarina, L50, M|\n|poke|p2|Gothitelle, L50, M|\n|teampreview|4\nKronicler rejected open team sheets.\n|inactive|Battle timer is ON: inactive players will automatically lose when time's up. (requested by Kronicler)\n|j| Baby Swiss\n|inactive|ShinigamiRowlet has 60 seconds left.\n|inactive|Kronicler has 60 seconds left.\n|\n|t:|1727882845\n|start\n|switch|p1a: Talonflame|Talonflame, L50, M|100\/100\n|switch|p1b: Gholdengo|Gholdengo, L50|100\/100\n|switch|p2a: Volcarona|Volcarona, L50, M|100\/100\n|switch|p2b: Gengar|Gengar, L50, F|100\/100\n|turn|1\n|inactive|Kronicler has 30 seconds left.\n|inactive|Kronicler has 20 seconds left.\n|inactive|Kronicler has 15 seconds left.\n|\n|t:|1727882888\n|switch|p1b: Tyranitar|Tyranitar, L50, F, shiny|100\/100\n|-weather|Sandstorm|[from] ability: Sand Stream|[of] p1b: Tyranitar\n|-terastallize|p2a: Volcarona|Ground\n|move|p1a: Talonflame|Tailwind|p1a: Talonflame\n|-sidestart|p1: ShinigamiRowlet|move: Tailwind\n|move|p2b: Gengar|Encore|p1a: Talonflame\n|-start|p1a: Talonflame|Encore\n|move|p2a: Volcarona|Heat Wave|p1b: Tyranitar|[spread] p1a,p1b\n|-resisted|p1a: Talonflame\n|-resisted|p1b: Tyranitar\n|-damage|p1a: Talonflame|69\/100\n|-damage|p1b: Tyranitar|91\/100\n|-damage|p2a: Volcarona|91\/100|[from] item: Life Orb\n|\n|-weather|Sandstorm|[upkeep]\n|-damage|p1a: Talonflame|63\/100|[from] Sandstorm\n|-damage|p2b: Gengar|95\/100|[from] Sandstorm\n|upkeep\n|turn|2\n|inactive|ShinigamiRowlet has 30 seconds left.\n|\n|t:|1727882914\n|move|p1a: Talonflame|Tailwind||[still]\n|-fail|p1a: Talonflame\n|move|p1b: Tyranitar|Knock Off|p2b: Gengar\n|-supereffective|p2b: Gengar\n|-damage|p2b: Gengar|0 fnt\n|-start|p1b: Tyranitar|Disable|Knock Off|[from] ability: Cursed Body|[of] p2b: Gengar\n|-enditem|p2b: Gengar|Focus Sash|[from] move: Knock Off|[of] p1b: Tyranitar\n|faint|p2b: Gengar\n|move|p2a: Volcarona|Tera Blast|p1b: Tyranitar|[anim] Tera Blast Ground\n|-supereffective|p1b: Tyranitar\n|-damage|p1b: Tyranitar|42\/100\n|-damage|p2a: Volcarona|81\/100|[from] item: Life Orb\n|\n|-weather|Sandstorm|[upkeep]\n|-damage|p1a: Talonflame|57\/100|[from] Sandstorm\n|upkeep\n|\n|t:|1727882929\n|switch|p2b: Rillaboom|Rillaboom, L50, M|100\/100\n|-fieldstart|move: Grassy Terrain|[from] ability: Grassy Surge|[of] p2b: Rillaboom\n|turn|3\n|j| thejruth3\n|inactive|Kronicler has 30 seconds left.\n|\n|t:|1727882962\n|switch|p1a: Houndstone|Houndstone, L50, M|100\/100\n|-terastallize|p1b: Tyranitar|Flying\n|move|p2b: Rillaboom|Grassy Glide|p1b: Tyranitar\n|-resisted|p1b: Tyranitar\n|-damage|p1b: Tyranitar|27\/100\n|move|p1b: Tyranitar|Tera Blast|p2b: Rillaboom|[anim] Tera Blast Flying\n|-supereffective|p2b: Rillaboom\n|-damage|p2b: Rillaboom|14\/100\n|move|p2a: Volcarona|Heat Wave|p1b: Tyranitar|[spread] p1a,p1b\n|-damage|p1a: Houndstone|35\/100\n|-damage|p1b: Tyranitar|0 fnt\n|faint|p1b: Tyranitar\n|-damage|p2a: Volcarona|71\/100|[from] item: Life Orb\n|\n|-weather|Sandstorm|[upkeep]\n|-damage|p2b: Rillaboom|8\/100|[from] Sandstorm\n|-heal|p1a: Houndstone|41\/100|[from] Grassy Terrain\n|-heal|p2a: Volcarona|77\/100|[from] Grassy Terrain\n|-heal|p2b: Rillaboom|14\/100|[from] Grassy Terrain\n|upkeep\n|\n|t:|1727882981\n|switch|p1b: Gholdengo|Gholdengo, L50|100\/100\n|turn|4\n|\n|t:|1727882991\n|move|p1a: Houndstone|Protect|p1a: Houndstone\n|-singleturn|p1a: Houndstone|Protect\n|move|p2a: Volcarona|Protect|p2a: Volcarona\n|-singleturn|p2a: Volcarona|Protect\n|move|p2b: Rillaboom|Grassy Glide|p1a: Houndstone\n|-activate|p1a: Houndstone|move: Protect\n|move|p1b: Gholdengo|Make It Rain|p2b: Rillaboom|[spread] p2b\n|-activate|p2a: Volcarona|move: Protect\n|-damage|p2b: Rillaboom|0 fnt\n|-unboost|p1b: Gholdengo|spa|1\n|faint|p2b: Rillaboom\n|\n|-weather|Sandstorm|[upkeep]\n|-heal|p1a: Houndstone|47\/100|[from] Grassy Terrain\n|-heal|p2a: Volcarona|83\/100|[from] Grassy Terrain\n|-sideend|p1: ShinigamiRowlet|move: Tailwind\n|upkeep\n|\n|t:|1727882999\n|switch|p2b: Bisharp|Bisharp, L50, M|100\/100\n|turn|5\n|inactive|ShinigamiRowlet has 30 seconds left.\n|inactive|ShinigamiRowlet has 20 seconds left.\n|inactive|ShinigamiRowlet has 15 seconds left.\n|\n|t:|1727883041\n|switch|p1b: Talonflame|Talonflame, L50, M|57\/100\n|move|p2b: Bisharp|Sucker Punch||[still]\n|-fail|p2b: Bisharp\n|move|p1a: Houndstone|Will-O-Wisp|p2b: Bisharp\n|-status|p2b: Bisharp|brn\n|move|p2a: Volcarona|Heat Wave|p1a: Houndstone|[spread] p1a,p1b\n|-resisted|p1b: Talonflame\n|-damage|p1a: Houndstone|0 fnt\n|-damage|p1b: Talonflame|26\/100\n|faint|p1a: Houndstone\n|-damage|p2a: Volcarona|73\/100|[from] item: Life Orb\n|\n|-weather|none\n|-heal|p2a: Volcarona|79\/100|[from] Grassy Terrain\n|-damage|p2b: Bisharp|94\/100 brn|[from] brn\n|upkeep\n|\n|t:|1727883050\n|switch|p1a: Gholdengo|Gholdengo, L50|100\/100\n|turn|6\n|\n|t:|1727883065\n|move|p2a: Volcarona|Protect|p2a: Volcarona\n|-singleturn|p2a: Volcarona|Protect\n|move|p1b: Talonflame|Tailwind|p1b: Talonflame\n|-sidestart|p1: ShinigamiRowlet|move: Tailwind\n|move|p1a: Gholdengo|Make It Rain|p2a: Volcarona|[spread] p2b\n|-activate|p2a: Volcarona|move: Protect\n|-resisted|p2b: Bisharp\n|-damage|p2b: Bisharp|52\/100 brn\n|-unboost|p1a: Gholdengo|spa|1\n|move|p2b: Bisharp|Assurance|p1b: Talonflame\n|-damage|p1b: Talonflame|7\/100\n|\n|-heal|p2a: Volcarona|86\/100|[from] Grassy Terrain\n|-heal|p2b: Bisharp|58\/100 brn|[from] Grassy Terrain\n|-damage|p2b: Bisharp|52\/100 brn|[from] brn\n|upkeep\n|turn|7\n|\n|t:|1727883085\n|move|p2b: Bisharp|Sucker Punch|p1b: Talonflame\n|-damage|p1b: Talonflame|0 fnt\n|faint|p1b: Talonflame\n|move|p1a: Gholdengo|Make It Rain|p2a: Volcarona|[spread] p2a,p2b\n|-resisted|p2b: Bisharp\n|-damage|p2a: Volcarona|29\/100\n|-damage|p2b: Bisharp|25\/100 brn\n|-unboost|p1a: Gholdengo|spa|1\n|move|p2a: Volcarona|Tera Blast|p1a: Gholdengo|[anim] Tera Blast Ground\n|-supereffective|p1a: Gholdengo\n|-damage|p1a: Gholdengo|0 fnt\n|faint|p1a: Gholdengo\n|-damage|p2a: Volcarona|19\/100|[from] item: Life Orb\n|\n|win|Kronicler\n|raw|ShinigamiRowlet's rating: 1721 &rarr; <strong>1703<\/strong><br \/>(-18 for losing)\n|raw|Kronicler's rating: 1763 &rarr; <strong>1781<\/strong><br \/>(+18 for winning)\n|l| Baby Swiss\n|c|\u2606ShinigamiRowlet|ggwp\n|c|\u2606Kronicler|gg\n|l|\u2606Kronicler\n|player|p2|\n","uploadtime":1727883098,"views":41,"formatid":"gen9vgc2024regh","rating":1703,"private":0,"password":null}