{"id":"gen9vgc2024regh-2214947128","format":"[Gen 9] VGC 2024 Reg H","players":["koolkidz4life","BrodaxVGC"],"log":"|j|\u2606koolkidz4life\n|j|\u2606BrodaxVGC\n|t:|1727952558\n|gametype|doubles\n|player|p1|koolkidz4life|170|1778\n|player|p2|BrodaxVGC|265|1729\n|teamsize|p1|6\n|teamsize|p2|6\n|gen|9\n|tier|[Gen 9] VGC 2024 Reg H\n|rated|\n|rule|Species Clause: Limit one of each Pok\u00e9mon\n|rule|Item Clause: Limit 1 of each item\n|clearpoke\n|poke|p1|Gholdengo, L50|\n|poke|p1|Whimsicott, L50, F|\n|poke|p1|Incineroar, L50, M|\n|poke|p1|Dragonite, L50, F|\n|poke|p1|Annihilape, L50, M|\n|poke|p1|Gyarados, L50, M|\n|poke|p2|Gholdengo, L50|\n|poke|p2|Incineroar, L50, F|\n|poke|p2|Rillaboom, L50, M|\n|poke|p2|Pelipper, L50, F|\n|poke|p2|Basculegion, L50, M|\n|poke|p2|Archaludon, L50, M|\n|teampreview|4\n|inactive|Battle timer is ON: inactive players will automatically lose when time's up. (requested by BrodaxVGC)\n|inactive|BrodaxVGC has 60 seconds left.\n|\n|t:|1727952592\n|start\n|switch|p1a: Gholdengo|Gholdengo, L50|100\/100\n|switch|p1b: Whimsicott|Whimsicott, L50, F|100\/100\n|switch|p2a: Archaludon|Archaludon, L50, M|100\/100\n|switch|p2b: Pelipper|Pelipper, L50, F|100\/100\n|-weather|RainDance|[from] ability: Drizzle|[of] p2b: Pelipper\n|turn|1\n|\n|t:|1727952609\n|-terastallize|p1a: Gholdengo|Ground\n|move|p1b: Whimsicott|Moonblast|p2b: Pelipper\n|-damage|p2b: Pelipper|38\/100\n|move|p1a: Gholdengo|Nasty Plot|p1a: Gholdengo\n|-boost|p1a: Gholdengo|spa|2\n|move|p2b: Pelipper|Tailwind|p2b: Pelipper\n|-sidestart|p2: BrodaxVGC|move: Tailwind\n|move|p2a: Archaludon|Snarl|p1a: Gholdengo|[spread] p1a,p1b\n|-resisted|p1b: Whimsicott\n|-damage|p1a: Gholdengo|84\/100\n|-damage|p1b: Whimsicott|92\/100\n|-unboost|p1a: Gholdengo|spa|1\n|-unboost|p1b: Whimsicott|spa|1\n|\n|-weather|RainDance|[upkeep]\n|upkeep\n|turn|2\n|inactive|koolkidz4life has 30 seconds left.\n|\n|t:|1727952635\n|move|p1b: Whimsicott|Encore|p2b: Pelipper\n|-start|p2b: Pelipper|Encore\n|move|p2b: Pelipper|Tailwind||[still]\n|-fail|p2b: Pelipper\n|move|p2a: Archaludon|Snarl|p1b: Whimsicott|[spread] p1a,p1b\n|-resisted|p1b: Whimsicott\n|-damage|p1a: Gholdengo|68\/100\n|-damage|p1b: Whimsicott|82\/100\n|-unboost|p1a: Gholdengo|spa|1\n|-unboost|p1b: Whimsicott|spa|1\n|move|p1a: Gholdengo|Tera Blast|p2a: Archaludon|[anim] Tera Blast Ground\n|-supereffective|p2a: Archaludon\n|-damage|p2a: Archaludon|33\/100\n|-ability|p2a: Archaludon|Stamina|boost\n|-boost|p2a: Archaludon|def|1\n|\n|-weather|RainDance|[upkeep]\n|upkeep\n|turn|3\n|inactive|BrodaxVGC has 30 seconds left.\n|\n|t:|1727952669\n|switch|p2b: Basculegion|Basculegion, L50, M|100\/100\n|move|p1b: Whimsicott|Tailwind|p1b: Whimsicott\n|-sidestart|p1: koolkidz4life|move: Tailwind\n|move|p1a: Gholdengo|Tera Blast|p2a: Archaludon|[anim] Tera Blast Ground\n|-supereffective|p2a: Archaludon\n|-damage|p2a: Archaludon|0 fnt\n|faint|p2a: Archaludon\n|\n|-weather|RainDance|[upkeep]\n|upkeep\n|j| michael1vgc\n|\n|t:|1727952683\n|switch|p2a: Pelipper|Pelipper, L50, F|38\/100\n|turn|4\n|\n|t:|1727952704\n|-terastallize|p2b: Basculegion|Water\n|move|p2b: Basculegion|Flip Turn|p1a: Gholdengo\n|-supereffective|p1a: Gholdengo\n|-damage|p1a: Gholdengo|0 fnt\n|faint|p1a: Gholdengo\n|\n|t:|1727952710\n|switch|p2b: Gholdengo|Gholdengo, L50|100\/100|[from] Flip Turn\n|move|p1b: Whimsicott|Energy Ball|p2b: Gholdengo\n|-resisted|p2b: Gholdengo\n|-damage|p2b: Gholdengo|93\/100\n|move|p2a: Pelipper|Hurricane|p1b: Whimsicott\n|-supereffective|p1b: Whimsicott\n|-damage|p1b: Whimsicott|0 fnt\n|faint|p1b: Whimsicott\n|\n|-weather|RainDance|[upkeep]\n|-heal|p2b: Gholdengo|99\/100|[from] item: Leftovers\n|-sideend|p2: BrodaxVGC|move: Tailwind\n|upkeep\n|\n|t:|1727952714\n|switch|p1b: Dragonite|Dragonite, L50, F|100\/100\n|switch|p1a: Annihilape|Annihilape, L50, M|100\/100\n|turn|5\n|inactive|BrodaxVGC has 30 seconds left.\n|\n|t:|1727952742\n|switch|p2a: Basculegion|Basculegion, L50, M, tera:Water|100\/100\n|move|p2b: Gholdengo|Protect|p2b: Gholdengo\n|-singleturn|p2b: Gholdengo|Protect\n|move|p1a: Annihilape|Rage Fist|p2b: Gholdengo\n|-activate|p2b: Gholdengo|move: Protect\n|move|p1b: Dragonite|Rock Slide|p2a: Basculegion|[spread] p2a\n|-activate|p2b: Gholdengo|move: Protect\n|-crit|p2a: Basculegion\n|-damage|p2a: Basculegion|42\/100\n|-damage|p1b: Dragonite|91\/100|[from] item: Life Orb\n|\n|-weather|none\n|-heal|p2b: Gholdengo|100\/100|[from] item: Leftovers\n|upkeep\n|turn|6\n|inactive|BrodaxVGC has 30 seconds left.\n|\n|t:|1727952773\n|switch|p2a: Pelipper|Pelipper, L50, F|38\/100\n|-weather|RainDance|[from] ability: Drizzle|[of] p2a: Pelipper\n|move|p1b: Dragonite|Extreme Speed|p2a: Pelipper\n|-damage|p2a: Pelipper|0 fnt\n|faint|p2a: Pelipper\n|-damage|p1b: Dragonite|81\/100|[from] item: Life Orb\n|move|p1a: Annihilape|Rage Fist|p2b: Gholdengo\n|-supereffective|p2b: Gholdengo\n|-damage|p2b: Gholdengo|57\/100\n|move|p2b: Gholdengo|Shadow Ball|p1a: Annihilape\n|-supereffective|p1a: Annihilape\n|-damage|p1a: Annihilape|50\/100\n|-unboost|p1a: Annihilape|spd|1\n|-ability|p1a: Annihilape|Defiant|boost\n|-boost|p1a: Annihilape|atk|2\n|\n|-weather|RainDance|[upkeep]\n|-heal|p2b: Gholdengo|63\/100|[from] item: Leftovers\n|-sideend|p1: koolkidz4life|move: Tailwind\n|upkeep\n|\n|t:|1727952793\n|switch|p2a: Basculegion|Basculegion, L50, M, tera:Water|42\/100\n|turn|7\n|\n|t:|1727952816\n|move|p1b: Dragonite|Extreme Speed|p2a: Basculegion\n|-damage|p2a: Basculegion|0 fnt\n|faint|p2a: Basculegion\n|-damage|p1b: Dragonite|72\/100|[from] item: Life Orb\n|move|p2b: Gholdengo|Shadow Ball|p1a: Annihilape\n|-supereffective|p1a: Annihilape\n|-damage|p1a: Annihilape|0 fnt\n|faint|p1a: Annihilape\n|\n|-weather|RainDance|[upkeep]\n|-heal|p2b: Gholdengo|70\/100|[from] item: Leftovers\n|upkeep\n|turn|8\n|\n|t:|1727952839\n|move|p2b: Gholdengo|Nasty Plot|p2b: Gholdengo\n|-boost|p2b: Gholdengo|spa|2\n|move|p1b: Dragonite|Rock Slide|p2b: Gholdengo\n|-resisted|p2b: Gholdengo\n|-damage|p2b: Gholdengo|53\/100\n|-damage|p1b: Dragonite|62\/100|[from] item: Life Orb\n|\n|-weather|RainDance|[upkeep]\n|-heal|p2b: Gholdengo|59\/100|[from] item: Leftovers\n|upkeep\n|turn|9\n|\n|t:|1727952851\n|move|p2b: Gholdengo|Make It Rain|p1b: Dragonite\n|-damage|p1b: Dragonite|0 fnt\n|-unboost|p2b: Gholdengo|spa|1\n|faint|p1b: Dragonite\n|\n|win|BrodaxVGC\n|raw|koolkidz4life's rating: 1778 &rarr; <strong>1755<\/strong><br \/>(-23 for losing)\n|raw|BrodaxVGC's rating: 1729 &rarr; <strong>1752<\/strong><br \/>(+23 for winning)\n|l|\u2606koolkidz4life\n|player|p1|\n|l| michael1vgc\n|l|\u2606BrodaxVGC\n|player|p2|\n","uploadtime":1727953052,"views":74,"formatid":"gen9vgc2024regh","rating":1752,"private":0,"password":null}