{"id":"gen9vgc2024regh-2214509718","format":"[Gen 9] VGC 2024 Reg H","players":["Luca8","very demure"],"log":"|j|\u2606Luca8\n|j|\u2606very demure\n|t:|1727895347\n|gametype|doubles\n|player|p1|Luca8|flint|1788\n|player|p2|very demure|dawn-gen4pt|1842\n|teamsize|p1|6\n|teamsize|p2|6\n|gen|9\n|tier|[Gen 9] VGC 2024 Reg H\n|rated|\n|rule|Species Clause: Limit one of each Pok\u00e9mon\n|rule|Item Clause: Limit 1 of each item\n|clearpoke\n|poke|p1|Archaludon, L50, M|\n|poke|p1|Typhlosion-Hisui, L50, F|\n|poke|p1|Sneasler, L50, F|\n|poke|p1|Pelipper, L50, F|\n|poke|p1|Indeedee, L50, M|\n|poke|p1|Murkrow, L50, F|\n|poke|p2|Basculegion, L50, M|\n|poke|p2|Pelipper, L50, M|\n|poke|p2|Archaludon, L50, F|\n|poke|p2|Indeedee, L50, M|\n|poke|p2|Sneasler, L50, M|\n|poke|p2|Amoonguss, L50, M|\n|teampreview|4\n|\n|t:|1727895385\n|start\n|switch|p1a: Murkrow|Murkrow, L50, F|100\/100\n|switch|p1b: Indeedee|Indeedee, L50, M|100\/100\n|switch|p2a: Indeedee|Indeedee, L50, M|100\/100\n|switch|p2b: Sneasler|Sneasler, L50, M|100\/100\n|-fieldstart|move: Psychic Terrain|[from] ability: Psychic Surge|[of] p2a: Indeedee\n|-enditem|p2b: Sneasler|Psychic Seed\n|-boost|p2b: Sneasler|spd|1|[from] item: Psychic Seed\n|turn|1\n|inactive|Battle timer is ON: inactive players will automatically lose when time's up. (requested by Luca8)\n|\n|t:|1727895424\n|-terastallize|p2b: Sneasler|Dark\n|-terastallize|p1b: Indeedee|Fighting\n|move|p1a: Murkrow|Tailwind|p1a: Murkrow\n|-sidestart|p1: Luca8|move: Tailwind\n|move|p2b: Sneasler|Dire Claw|p1b: Indeedee\n|-damage|p1b: Indeedee|11\/100\n|move|p1b: Indeedee|Expanding Force|p2a: Indeedee|[spread] p2a\n|-immune|p2b: Sneasler\n|-resisted|p2a: Indeedee\n|-damage|p2a: Indeedee|49\/100\n|move|p2a: Indeedee|Dazzling Gleam|p1b: Indeedee|[spread] p1a,p1b\n|-supereffective|p1a: Murkrow\n|-supereffective|p1b: Indeedee\n|-damage|p1a: Murkrow|11\/100\n|-damage|p1b: Indeedee|0 fnt\n|faint|p1b: Indeedee\n|\n|upkeep\n|\n|t:|1727895444\n|switch|p1b: Sneasler|Sneasler, L50, F|100\/100\n|-enditem|p1b: Sneasler|Psychic Seed\n|-boost|p1b: Sneasler|spd|1|[from] item: Psychic Seed\n|turn|2\n|\n|t:|1727895463\n|move|p1b: Sneasler|Close Combat|p2b: Sneasler\n|-supereffective|p2b: Sneasler\n|-damage|p2b: Sneasler|0 fnt\n|-unboost|p1b: Sneasler|def|1\n|-unboost|p1b: Sneasler|spd|1\n|faint|p2b: Sneasler\n|move|p1a: Murkrow|Brave Bird|p2a: Indeedee\n|-damage|p2a: Indeedee|0 fnt\n|faint|p2a: Indeedee\n|-damage|p1a: Murkrow|0 fnt|[from] Recoil\n|faint|p1a: Murkrow\n|\n|upkeep\n|\n|t:|1727895476\n|switch|p2b: Archaludon|Archaludon, L50, F|100\/100\n|switch|p2a: Pelipper|Pelipper, L50, M|100\/100\n|switch|p1a: Archaludon|Archaludon, L50, M|100\/100\n|-weather|RainDance|[from] ability: Drizzle|[of] p2a: Pelipper\n|turn|3\n|inactive|very demure has 30 seconds left.\n|j| kyubi_oni\n|inactive|very demure has 20 seconds left.\n|\n|t:|1727895520\n|move|p2b: Archaludon|Protect|p2b: Archaludon\n|-singleturn|p2b: Archaludon|Protect\n|move|p1b: Sneasler|Close Combat|p2b: Archaludon\n|-activate|p2b: Archaludon|move: Protect\n|move|p1a: Archaludon|Body Press|p2b: Archaludon\n|-activate|p2b: Archaludon|move: Protect\n|move|p2a: Pelipper|Hurricane|p1b: Sneasler\n|-supereffective|p1b: Sneasler\n|-damage|p1b: Sneasler|0 fnt\n|faint|p1b: Sneasler\n|\n|-weather|RainDance|[upkeep]\n|upkeep\n|turn|4\n|\n|t:|1727895538\n|move|p1a: Archaludon|Electro Shot||[still]\n|-prepare|p1a: Archaludon|Electro Shot\n|-boost|p1a: Archaludon|spa|1\n|-anim|p1a: Archaludon|Electro Shot|p2a: Pelipper\n|-supereffective|p2a: Pelipper\n|-enditem|p2a: Pelipper|Focus Sash\n|-damage|p2a: Pelipper|1\/100\n|move|p2b: Archaludon|Electro Shot||[still]\n|-prepare|p2b: Archaludon|Electro Shot\n|-boost|p2b: Archaludon|spa|1\n|-anim|p2b: Archaludon|Electro Shot|p1a: Archaludon\n|-resisted|p1a: Archaludon\n|-damage|p1a: Archaludon|80\/100\n|-ability|p1a: Archaludon|Stamina|boost\n|-boost|p1a: Archaludon|def|1\n|move|p2a: Pelipper|Tailwind|p2a: Pelipper\n|-sidestart|p2: very demure|move: Tailwind\n|\n|-weather|RainDance|[upkeep]\n|-sideend|p1: Luca8|move: Tailwind\n|upkeep\n|turn|5\n|\n|t:|1727895558\n|move|p2b: Archaludon|Electro Shot||[still]\n|-prepare|p2b: Archaludon|Electro Shot\n|-boost|p2b: Archaludon|spa|1\n|-anim|p2b: Archaludon|Electro Shot|p1a: Archaludon\n|-resisted|p1a: Archaludon\n|-damage|p1a: Archaludon|53\/100\n|-ability|p1a: Archaludon|Stamina|boost\n|-boost|p1a: Archaludon|def|1\n|move|p2a: Pelipper|Hurricane|p1a: Archaludon\n|-resisted|p1a: Archaludon\n|-damage|p1a: Archaludon|38\/100\n|-ability|p1a: Archaludon|Stamina|boost\n|-boost|p1a: Archaludon|def|1\n|move|p1a: Archaludon|Snarl|p2a: Pelipper|[spread] p2a,p2b\n|-damage|p2a: Pelipper|0 fnt\n|-damage|p2b: Archaludon|73\/100\n|-unboost|p2b: Archaludon|spa|1\n|faint|p2a: Pelipper\n|\n|-weather|RainDance|[upkeep]\n|-fieldend|move: Psychic Terrain\n|upkeep\n|turn|6\n|\n|t:|1727895579\n|move|p2b: Archaludon|Draco Meteor|p1a: Archaludon\n|-damage|p1a: Archaludon|0 fnt\n|-unboost|p2b: Archaludon|spa|2\n|faint|p1a: Archaludon\n|\n|win|very demure\n|raw|Luca8's rating: 1788 &rarr; <strong>1771<\/strong><br \/>(-17 for losing)\n|raw|very demure's rating: 1842 &rarr; <strong>1859<\/strong><br \/>(+17 for winning)\n|l|\u2606very demure\n|player|p2|\n|l|\u2606Luca8\n|player|p1|\n|l| kyubi_oni\n","uploadtime":1727895748,"views":77,"formatid":"gen9vgc2024regh","rating":1771,"private":0,"password":null}