{"id":"gen9vgc2024regh-2214638865","format":"[Gen 9] VGC 2024 Reg H","players":["Hikawari","Waffles4breakfast"],"log":"|j|\u2606Hikawari\n|j|\u2606Waffles4breakfast\n|t:|1727908265\n|gametype|doubles\n|player|p1|Hikawari|101|1680\n|player|p2|Waffles4breakfast|juggler|1743\n|teamsize|p1|6\n|teamsize|p2|6\n|gen|9\n|tier|[Gen 9] VGC 2024 Reg H\n|rated|\n|rule|Species Clause: Limit one of each Pok\u00e9mon\n|rule|Item Clause: Limit 1 of each item\n|clearpoke\n|poke|p1|Sneasler, L50, F|\n|poke|p1|Murkrow, L50, M|\n|poke|p1|Gholdengo, L50|\n|poke|p1|Indeedee, L50, M|\n|poke|p1|Annihilape, L50, F|\n|poke|p1|Sinistcha, L50|\n|poke|p2|Archaludon, L50, F|\n|poke|p2|Pelipper, L50, F|\n|poke|p2|Basculegion, L50, M|\n|poke|p2|Amoonguss, L50, F|\n|poke|p2|Gholdengo, L50|\n|poke|p2|Murkrow, L50, F|\n|teampreview|4\n|inactive|Battle timer is ON: inactive players will automatically lose when time's up. (requested by Hikawari)\nHikawari has agreed to open team sheets.\nWaffles4breakfast has agreed to open team sheets.\n|\n|t:|1727908306\n|start\n|switch|p1a: Murkrow|Murkrow, L50, M|100\/100\n|switch|p1b: Indeedee|Indeedee, L50, M|100\/100\n|switch|p2a: Basculegion|Basculegion, L50, M|100\/100\n|switch|p2b: Gholdengo|Gholdengo, L50|100\/100\n|-fieldstart|move: Psychic Terrain|[from] ability: Psychic Surge|[of] p1b: Indeedee\n|turn|1\n|c|\u2606Waffles4breakfast|Why do you run that build on sneaslee??\n|\n|t:|1727908330\n|switch|p2a: Archaludon|Archaludon, L50, F|100\/100\n|-terastallize|p2b: Gholdengo|Steel\n|move|p1b: Indeedee|Protect|p1b: Indeedee\n|-singleturn|p1b: Indeedee|Protect\n|move|p1a: Murkrow|Tailwind|p1a: Murkrow\n|-sidestart|p1: Hikawari|move: Tailwind\n|move|p2b: Gholdengo|Make It Rain|p1a: Murkrow|[spread] p1a\n|-activate|p1b: Indeedee|move: Protect\n|-damage|p1a: Murkrow|0 fnt\n|-unboost|p2b: Gholdengo|spa|1\n|faint|p1a: Murkrow\n|\n|upkeep\n|\n|t:|1727908337\n|switch|p1a: Gholdengo|Gholdengo, L50|100\/100\n|turn|2\n|\n|t:|1727908353\n|-terastallize|p1b: Indeedee|Psychic\n|move|p1b: Indeedee|Expanding Force|p2a: Archaludon|[spread] p2a,p2b\n|-resisted|p2a: Archaludon\n|-resisted|p2b: Gholdengo\n|-damage|p2a: Archaludon|68\/100\n|-damage|p2b: Gholdengo|55\/100\n|-ability|p2a: Archaludon|Stamina|boost\n|-boost|p2a: Archaludon|def|1\n|move|p1a: Gholdengo|Shadow Ball|p2a: Archaludon\n|-damage|p2a: Archaludon|12\/100\n|-ability|p2a: Archaludon|Stamina|boost\n|-boost|p2a: Archaludon|def|1\n|move|p2b: Gholdengo|Make It Rain|p1a: Gholdengo|[spread] p1a,p1b\n|-resisted|p1a: Gholdengo\n|-crit|p1a: Gholdengo\n|-damage|p1a: Gholdengo|11\/100\n|-damage|p1b: Indeedee|12\/100\n|-unboost|p2b: Gholdengo|spa|1\n|move|p2a: Archaludon|Draco Meteor|p1b: Indeedee|[miss]\n|-miss|p2a: Archaludon|p1b: Indeedee\n|\n|upkeep\n|turn|3\n|inactive|Waffles4breakfast has 30 seconds left.\n|\n|t:|1727908381\n|move|p1b: Indeedee|Expanding Force|p2a: Archaludon|[spread] p2a,p2b\n|-resisted|p2a: Archaludon\n|-resisted|p2b: Gholdengo\n|-damage|p2a: Archaludon|0 fnt\n|-damage|p2b: Gholdengo|9\/100\n|faint|p2a: Archaludon\n|move|p1a: Gholdengo|Shadow Ball|p2b: Gholdengo\n|-damage|p2b: Gholdengo|0 fnt\n|faint|p2b: Gholdengo\n|\n|upkeep\n|\n|t:|1727908383\n|switch|p2b: Basculegion|Basculegion, L50, M|100\/100\n|switch|p2a: Pelipper|Pelipper, L50, F|100\/100\n|-weather|RainDance|[from] ability: Drizzle|[of] p2a: Pelipper\n|turn|4\n|\n|t:|1727908394\n|move|p2a: Pelipper|Wide Guard|p2a: Pelipper\n|-singleturn|p2a: Pelipper|Wide Guard\n|move|p1b: Indeedee|Psychic|p2a: Pelipper\n|-enditem|p2a: Pelipper|Focus Sash\n|-damage|p2a: Pelipper|1\/100\n|move|p2b: Basculegion|Last Respects|p1a: Gholdengo\n|-supereffective|p1a: Gholdengo\n|-damage|p1a: Gholdengo|0 fnt\n|faint|p1a: Gholdengo\n|\n|-weather|RainDance|[upkeep]\n|-sideend|p1: Hikawari|move: Tailwind\n|upkeep\n|\n|t:|1727908398\n|switch|p1a: Sinistcha|Sinistcha, L50, shiny|100\/100\n|-heal|p1b: Indeedee|36\/100|[from] ability: Hospitality|[of] p1a: Sinistcha\n|turn|5\n|inactive|Hikawari has 30 seconds left.\n|\n|t:|1727908427\n|move|p1a: Sinistcha|Protect|p1a: Sinistcha\n|-singleturn|p1a: Sinistcha|Protect\n|move|p2b: Basculegion|Last Respects|p1a: Sinistcha\n|-activate|p1a: Sinistcha|move: Protect\n|move|p1b: Indeedee|Expanding Force|p2a: Pelipper|[spread] p2a,p2b\n|-damage|p2a: Pelipper|0 fnt\n|-damage|p2b: Basculegion|15\/100\n|faint|p2a: Pelipper\n|\n|-weather|RainDance|[upkeep]\n|-fieldend|move: Psychic Terrain\n|upkeep\n|turn|6\n|c|\u2606Waffles4breakfast|Gg\n|\n|t:|1727908437\n|move|p1a: Sinistcha|Rage Powder|p1a: Sinistcha\n|-singleturn|p1a: Sinistcha|move: Rage Powder\n|move|p2b: Basculegion|Last Respects|p1a: Sinistcha\n|-supereffective|p1a: Sinistcha\n|-damage|p1a: Sinistcha|0 fnt\n|faint|p1a: Sinistcha\n|move|p1b: Indeedee|Psychic|p2b: Basculegion\n|-damage|p2b: Basculegion|0 fnt\n|faint|p2b: Basculegion\n|\n|win|Hikawari\n|raw|Hikawari's rating: 1680 &rarr; <strong>1704<\/strong><br \/>(+24 for winning)\n|raw|Waffles4breakfast's rating: 1743 &rarr; <strong>1719<\/strong><br \/>(-24 for losing)\n|l|\u2606Waffles4breakfast\n|player|p2|\n|l|\u2606Hikawari\n|player|p1|\n","uploadtime":1727908628,"views":20,"formatid":"gen9vgc2024regh","rating":1704,"private":0,"password":null}