{"id":"gen9vgc2024regh-2214314139","format":"[Gen 9] VGC 2024 Reg H","players":["Shikanoko32","koolkidz4life"],"log":"|j|\u2606Shikanoko32\n|j|\u2606koolkidz4life\n|t:|1727878641\n|gametype|doubles\n|player|p1|Shikanoko32|101|1680\n|player|p2|koolkidz4life|2|1731\n|teamsize|p1|6\n|teamsize|p2|6\n|gen|9\n|tier|[Gen 9] VGC 2024 Reg H\n|rated|\n|rule|Species Clause: Limit one of each Pok\u00e9mon\n|rule|Item Clause: Limit 1 of each item\n|clearpoke\n|poke|p1|Kingambit, L50, F|\n|poke|p1|Electabuzz, L50, F|\n|poke|p1|Primarina, L50, F|\n|poke|p1|Rillaboom, L50, M|\n|poke|p1|Sneasler, L50, M|\n|poke|p1|Ceruledge, L50, F|\n|poke|p2|Gholdengo, L50|\n|poke|p2|Whimsicott, L50, M|\n|poke|p2|Incineroar, L50, M|\n|poke|p2|Dragonite, L50, M|\n|poke|p2|Annihilape, L50, F|\n|poke|p2|Milotic, L50, M|\n|teampreview|4\n|inactive|Battle timer is ON: inactive players will automatically lose when time's up. (requested by koolkidz4life)\n|\n|t:|1727878676\n|start\n|switch|p1a: Electabuzz|Electabuzz, L50, F|100\/100\n|switch|p1b: Kingambit|Kingambit, L50, F|100\/100\n|switch|p2a: Whimsicott|Whimsicott, L50, M|100\/100\n|switch|p2b: Annihilape|Annihilape, L50, F|100\/100\n|turn|1\n|\n|t:|1727878700\n|move|p1a: Electabuzz|Follow Me|p1a: Electabuzz\n|-singleturn|p1a: Electabuzz|move: Follow Me\n|move|p2a: Whimsicott|Tailwind|p2a: Whimsicott\n|-sidestart|p2: koolkidz4life|move: Tailwind\n|move|p2b: Annihilape|Final Gambit|p1a: Electabuzz\n|-damage|p1a: Electabuzz|0 fnt\n|faint|p2b: Annihilape\n|faint|p1a: Electabuzz\n|move|p1b: Kingambit|Swords Dance|p1b: Kingambit\n|-boost|p1b: Kingambit|atk|2\n|\n|upkeep\n|\n|t:|1727878716\n|switch|p1a: Primarina|Primarina, L50, F|100\/100\n|switch|p2b: Dragonite|Dragonite, L50, M|100\/100\n|turn|2\n|\n|t:|1727878733\n|-terastallize|p2b: Dragonite|Normal\n|move|p2b: Dragonite|Extreme Speed|p1a: Primarina\n|-damage|p1a: Primarina|34\/100\n|-damage|p2b: Dragonite|91\/100|[from] item: Life Orb\n|move|p2a: Whimsicott|Energy Ball|p1a: Primarina\n|-supereffective|p1a: Primarina\n|-damage|p1a: Primarina|0 fnt\n|faint|p1a: Primarina\n|move|p1b: Kingambit|Kowtow Cleave|p2b: Dragonite\n|-crit|p2b: Dragonite\n|-damage|p2b: Dragonite|0 fnt\n|faint|p2b: Dragonite\n|\n|upkeep\n|\n|t:|1727878748\n|switch|p2b: Gholdengo|Gholdengo, L50|100\/100\n|switch|p1a: Sneasler|Sneasler, L50, M|100\/100\n|turn|3\n|\n|t:|1727878760\n|move|p1b: Kingambit|Sucker Punch|p2b: Gholdengo\n|-supereffective|p2b: Gholdengo\n|-enditem|p2b: Gholdengo|Focus Sash\n|-damage|p2b: Gholdengo|1\/100\n|move|p2a: Whimsicott|Moonblast|p1a: Sneasler\n|-damage|p1a: Sneasler|56\/100\n|move|p2b: Gholdengo|Shadow Ball|p1a: Sneasler\n|-damage|p1a: Sneasler|0 fnt\n|faint|p1a: Sneasler\n|\n|upkeep\n|turn|4\n|inactive|Shikanoko32 has 30 seconds left.\n|\n|t:|1727878788\n|move|p2a: Whimsicott|Moonblast|p1b: Kingambit\n|-damage|p1b: Kingambit|69\/100\n|move|p2b: Gholdengo|Shadow Ball|p1b: Kingambit\n|-resisted|p1b: Kingambit\n|-damage|p1b: Kingambit|47\/100\n|move|p1b: Kingambit|Kowtow Cleave|p2a: Whimsicott\n|-resisted|p2a: Whimsicott\n|-damage|p2a: Whimsicott|32\/100\n|\n|-sideend|p2: koolkidz4life|move: Tailwind\n|upkeep\n|turn|5\n|\n|t:|1727878806\n|move|p2a: Whimsicott|Encore|p1b: Kingambit\n|-hint|Since gen 7, Dark is immune to Prankster moves.\n|-immune|p1b: Kingambit\n|move|p1b: Kingambit|Sucker Punch|p2b: Gholdengo\n|-supereffective|p2b: Gholdengo\n|-damage|p2b: Gholdengo|0 fnt\n|faint|p2b: Gholdengo\n|\n|upkeep\n|turn|6\n|\n|t:|1727878817\n|move|p1b: Kingambit|Sucker Punch|p2a: Whimsicott\n|-resisted|p2a: Whimsicott\n|-damage|p2a: Whimsicott|0 fnt\n|faint|p2a: Whimsicott\n|\n|win|Shikanoko32\n|raw|Shikanoko32's rating: 1680 &rarr; <strong>1703<\/strong><br \/>(+23 for winning)\n|raw|koolkidz4life's rating: 1731 &rarr; <strong>1708<\/strong><br \/>(-23 for losing)\n|l|\u2606koolkidz4life\n|player|p2|\n","uploadtime":1727879038,"views":19,"formatid":"gen9vgc2024regh","rating":1703,"private":0,"password":null}