{"id":"gen9vgc2024regh-2214833641","format":"[Gen 9] VGC 2024 Reg H","players":["mine_hang","Strangrdangr"],"log":"|j|\u2606mine_hang\n|j|\u2606Strangrdangr\n|t:|1727933765\n|gametype|doubles\n|player|p1|mine_hang|2|1792\n|player|p2|Strangrdangr|266|1717\n|teamsize|p1|6\n|teamsize|p2|6\n|gen|9\n|tier|[Gen 9] VGC 2024 Reg H\n|rated|\n|rule|Species Clause: Limit one of each Pok\u00e9mon\n|rule|Item Clause: Limit 1 of each item\n|clearpoke\n|poke|p1|Indeedee-F, L50, F|\n|poke|p1|Pelipper, L50, M|\n|poke|p1|Primarina, L50, F|\n|poke|p1|Gallade, L50, M|\n|poke|p1|Armarouge, L50, F|\n|poke|p1|Archaludon, L50, M|\n|poke|p2|Dragapult, L50, F|\n|poke|p2|Primarina, L50, F|\n|poke|p2|Tyranitar, L50, M|\n|poke|p2|Porygon2, L50|\n|poke|p2|Decidueye-Hisui, L50, F|\n|poke|p2|Volcarona, L50, M|\n|teampreview|4\n|inactive|Battle timer is ON: inactive players will automatically lose when time's up. (requested by mine_hang)\n|j| MausoldMyBeer\n|\n|t:|1727933807\n|start\n|switch|p1a: Indeedee|Indeedee-F, L50, F|100\/100\n|switch|p1b: Gallade|Gallade, L50, M|100\/100\n|switch|p2a: Volcarona|Volcarona, L50, M|100\/100\n|switch|p2b: Tyranitar|Tyranitar, L50, M|100\/100\n|-fieldstart|move: Psychic Terrain|[from] ability: Psychic Surge|[of] p1a: Indeedee\n|-weather|Sandstorm|[from] ability: Sand Stream|[of] p2b: Tyranitar\n|turn|1\n|\n|t:|1727933832\n|move|p2a: Volcarona|Rage Powder|p2a: Volcarona\n|-singleturn|p2a: Volcarona|move: Rage Powder\n|move|p1a: Indeedee|Follow Me|p1a: Indeedee\n|-singleturn|p1a: Indeedee|move: Follow Me\n|move|p1b: Gallade|Psycho Cut|p2a: Volcarona\n|-damage|p2a: Volcarona|11\/100\n|-enditem|p2a: Volcarona|Sitrus Berry|[eat]\n|-heal|p2a: Volcarona|36\/100|[from] item: Sitrus Berry\n|move|p2b: Tyranitar|Rock Slide|p1b: Gallade|[spread] p1a,p1b\n|-resisted|p1b: Gallade\n|-damage|p1a: Indeedee|72\/100\n|-damage|p1b: Gallade|75\/100\n|\n|-weather|Sandstorm|[upkeep]\n|-damage|p2a: Volcarona|30\/100|[from] Sandstorm\n|-damage|p1b: Gallade|69\/100|[from] Sandstorm\n|upkeep\n|turn|2\n|j| moon7777alt2\n|inactive|Strangrdangr has 30 seconds left.\n|inactive|Strangrdangr has 20 seconds left.\n|inactive|Strangrdangr has 15 seconds left.\n|inactive|Strangrdangr has 10 seconds left.\n|\n|t:|1727933878\n|move|p1a: Indeedee|Follow Me|p1a: Indeedee\n|-singleturn|p1a: Indeedee|move: Follow Me\n|move|p2a: Volcarona|Tailwind|p2a: Volcarona\n|-sidestart|p2: Strangrdangr|move: Tailwind\n|move|p2b: Tyranitar|Knock Off|p1a: Indeedee\n|-supereffective|p1a: Indeedee\n|-damage|p1a: Indeedee|0 fnt\n|-enditem|p1a: Indeedee|Safety Goggles|[from] move: Knock Off|[of] p2b: Tyranitar\n|faint|p1a: Indeedee\n|move|p1b: Gallade|Sacred Sword|p2b: Tyranitar\n|-supereffective|p2b: Tyranitar\n|-damage|p2b: Tyranitar|0 fnt\n|faint|p2b: Tyranitar\n|\n|-weather|Sandstorm|[upkeep]\n|-damage|p2a: Volcarona|23\/100|[from] Sandstorm\n|-damage|p1b: Gallade|63\/100|[from] Sandstorm\n|upkeep\n|inactive|mine_hang has 30 seconds left.\n|\n|t:|1727933907\n|switch|p1a: Primarina|Primarina, L50, F|100\/100\n|switch|p2b: Primarina|Primarina, L50, F|100\/100\n|turn|3\n|\n|t:|1727933928\n|switch|p2a: Decidueye|Decidueye-Hisui, L50, F|100\/100\n|move|p2b: Primarina|Moonblast|p1b: Gallade\n|-supereffective|p1b: Gallade\n|-damage|p1b: Gallade|0 fnt\n|faint|p1b: Gallade\n|move|p1a: Primarina|Hyper Voice|p2a: Decidueye|[spread] p2a,p2b\n|-resisted|p2a: Decidueye\n|-resisted|p2b: Primarina\n|-damage|p2a: Decidueye|80\/100\n|-damage|p2b: Primarina|85\/100\n|\n|-weather|Sandstorm|[upkeep]\n|-damage|p2a: Decidueye|74\/100|[from] Sandstorm\n|-damage|p2b: Primarina|79\/100|[from] Sandstorm\n|-damage|p1a: Primarina|95\/100|[from] Sandstorm\n|upkeep\n|\n|t:|1727933944\n|switch|p1b: Armarouge|Armarouge, L50, F|100\/100\n|turn|4\n|inactive|Strangrdangr has 30 seconds left.\n|\n|t:|1727933970\n|move|p1a: Primarina|Aqua Jet|p1b: Armarouge\n|-supereffective|p1b: Armarouge\n|-damage|p1b: Armarouge|74\/100\n|-ability|p1b: Armarouge|Weak Armor|boost\n|-unboost|p1b: Armarouge|def|1\n|-boost|p1b: Armarouge|spe|2\n|-enditem|p1b: Armarouge|Weakness Policy\n|-boost|p1b: Armarouge|atk|2|[from] item: Weakness Policy\n|-boost|p1b: Armarouge|spa|2|[from] item: Weakness Policy\n|move|p1b: Armarouge|Expanding Force|p2b: Primarina|[spread] p2a,p2b\n|-supereffective|p2a: Decidueye\n|-damage|p2a: Decidueye|0 fnt\n|-damage|p2b: Primarina|0 fnt\n|faint|p2a: Decidueye\n|faint|p2b: Primarina\n|\n|-weather|Sandstorm|[upkeep]\n|-damage|p1b: Armarouge|68\/100|[from] Sandstorm\n|-damage|p1a: Primarina|89\/100|[from] Sandstorm\n|upkeep\n|\n|t:|1727933986\n|switch|p2a: Volcarona|Volcarona, L50, M|23\/100\n|turn|5\n|\n|t:|1727933997\n|-terastallize|p2a: Volcarona|Dragon\n|move|p2a: Volcarona|Overheat|p1b: Armarouge\n|-resisted|p1b: Armarouge\n|-crit|p1b: Armarouge\n|-damage|p1b: Armarouge|7\/100\n|-unboost|p2a: Volcarona|spa|2\n|move|p1b: Armarouge|Expanding Force|p2a: Volcarona\n|-damage|p2a: Volcarona|0 fnt\n|faint|p2a: Volcarona\n|\n|win|mine_hang\n|raw|mine_hang's rating: 1792 &rarr; <strong>1808<\/strong><br \/>(+16 for winning)\n|raw|Strangrdangr's rating: 1717 &rarr; <strong>1701<\/strong><br \/>(-16 for losing)\n|l|\u2606Strangrdangr\n|player|p2|\n|l| MausoldMyBeer\n|l|\u2606mine_hang\n|player|p1|\n","uploadtime":1727934190,"views":23,"formatid":"gen9vgc2024regh","rating":1701,"private":0,"password":null}