{"id":"gen9vgc2024regh-2214584077","format":"[Gen 9] VGC 2024 Reg H","players":["Anna giacristo","Strangrdangr"],"log":"|j|\u2606Anna giacristo\n|j|\u2606Strangrdangr\n|t:|1727902365\n|gametype|doubles\n|player|p1|Anna giacristo|169|1705\n|player|p2|Strangrdangr|169|1711\n|teamsize|p1|6\n|teamsize|p2|6\n|gen|9\n|tier|[Gen 9] VGC 2024 Reg H\n|rated|\n|rule|Species Clause: Limit one of each Pok\u00e9mon\n|rule|Item Clause: Limit 1 of each item\n|clearpoke\n|poke|p1|Murkrow, L50, M|\n|poke|p1|Gholdengo, L50|\n|poke|p1|Volcarona, L50, F|\n|poke|p1|Rillaboom, L50, M|\n|poke|p1|Clefable, L50, M|\n|poke|p1|Sneasler, L50, F|\n|poke|p2|Dragapult, L50, F|\n|poke|p2|Primarina, L50, M|\n|poke|p2|Tyranitar, L50, M|\n|poke|p2|Porygon2, L50|\n|poke|p2|Decidueye-Hisui, L50, M|\n|poke|p2|Volcarona, L50, M|\n|teampreview|4\n|\n|t:|1727902396\n|start\n|switch|p1a: Murkrow|Murkrow, L50, M|100\/100\n|switch|p1b: Volcarona|Volcarona, L50, F|100\/100\n|switch|p2a: Volcarona|Volcarona, L50, M|100\/100\n|switch|p2b: Tyranitar|Tyranitar, L50, M|100\/100\n|-weather|Sandstorm|[from] ability: Sand Stream|[of] p2b: Tyranitar\n|turn|1\n|\n|t:|1727902414\n|move|p2a: Volcarona|Rage Powder|p2a: Volcarona\n|-singleturn|p2a: Volcarona|move: Rage Powder\n|move|p1a: Murkrow|Sunny Day|p1a: Murkrow\n|-weather|SunnyDay\n|move|p1b: Volcarona|Bug Buzz|p2a: Volcarona\n|-resisted|p2a: Volcarona\n|-damage|p2a: Volcarona|69\/100\n|move|p2b: Tyranitar|Rock Slide|p1a: Murkrow|[spread] p1a,p1b\n|-supereffective|p1a: Murkrow\n|-supereffective|p1b: Volcarona\n|-damage|p1a: Murkrow|47\/100\n|-damage|p1b: Volcarona|0 fnt\n|faint|p1b: Volcarona\n|\n|-weather|SunnyDay|[upkeep]\n|upkeep\n|\n|t:|1727902425\n|switch|p1b: Sneasler|Sneasler, L50, F|100\/100\n|turn|2\n|\n|t:|1727902443\n|move|p1a: Murkrow|Tailwind|p1a: Murkrow\n|-sidestart|p1: Anna giacristo|move: Tailwind\n|move|p1b: Sneasler|Dire Claw|p2a: Volcarona\n|-damage|p2a: Volcarona|25\/100\n|-status|p2a: Volcarona|par\n|-enditem|p2a: Volcarona|Sitrus Berry|[eat]\n|-heal|p2a: Volcarona|50\/100 par|[from] item: Sitrus Berry\n|move|p2b: Tyranitar|Rock Slide|p1a: Murkrow|[spread] p1a\n|-miss|p2b: Tyranitar|p1b: Sneasler\n|-supereffective|p1a: Murkrow\n|-damage|p1a: Murkrow|0 fnt\n|faint|p1a: Murkrow\n|move|p2a: Volcarona|Tailwind|p2a: Volcarona\n|-sidestart|p2: Strangrdangr|move: Tailwind\n|\n|-weather|SunnyDay|[upkeep]\n|upkeep\n|j| Fishyyism\n|\n|t:|1727902460\n|switch|p1a: Rillaboom|Rillaboom, L50, M, shiny|100\/100\n|-fieldstart|move: Grassy Terrain|[from] ability: Grassy Surge|[of] p1a: Rillaboom\n|-enditem|p1b: Sneasler|Grassy Seed\n|-boost|p1b: Sneasler|def|1|[from] item: Grassy Seed\n|turn|3\n|\n|t:|1727902496\n|switch|p2b: Dragapult|Dragapult, L50, F|100\/100\n|-terastallize|p1a: Rillaboom|Grass\n|move|p1b: Sneasler|Dire Claw|p2a: Volcarona\n|-damage|p2a: Volcarona|0 fnt\n|-status|p1b: Sneasler|brn|[from] ability: Flame Body|[of] p2a: Volcarona\n|faint|p2a: Volcarona\n|move|p1a: Rillaboom|Wood Hammer|p2b: Dragapult\n|-resisted|p2b: Dragapult\n|-damage|p2b: Dragapult|37\/100\n|-damage|p1a: Rillaboom|80\/100|[from] Recoil\n|\n|-weather|SunnyDay|[upkeep]\n|-heal|p2b: Dragapult|43\/100|[from] Grassy Terrain\n|-heal|p1a: Rillaboom|86\/100|[from] Grassy Terrain\n|-damage|p1b: Sneasler|94\/100 brn|[from] brn\n|upkeep\n|\n|t:|1727902518\n|switch|p2a: Tyranitar|Tyranitar, L50, M|100\/100\n|-weather|Sandstorm|[from] ability: Sand Stream|[of] p2a: Tyranitar\n|turn|4\n|c|\u2606Anna giacristo|Ofc mannaggia alla Madonna\n|\n|t:|1727902548\n|-terastallize|p2a: Tyranitar|Ghost\n|move|p1b: Sneasler|Throat Chop|p2b: Dragapult\n|-supereffective|p2b: Dragapult\n|-damage|p2b: Dragapult|14\/100\n|-start|p2b: Dragapult|Throat Chop|[silent]\n|move|p2b: Dragapult|Will-O-Wisp|p1a: Rillaboom\n|-status|p1a: Rillaboom|brn\n|move|p1a: Rillaboom|Wood Hammer|p2a: Tyranitar\n|-damage|p2a: Tyranitar|55\/100\n|-damage|p1a: Rillaboom|72\/100 brn|[from] Recoil\n|move|p2a: Tyranitar|Knock Off|p1a: Rillaboom\n|-damage|p1a: Rillaboom|21\/100 brn\n|-enditem|p1a: Rillaboom|Assault Vest|[from] move: Knock Off|[of] p2a: Tyranitar\n|\n|-weather|Sandstorm|[upkeep]\n|-damage|p1b: Sneasler|88\/100 brn|[from] Sandstorm\n|-damage|p2b: Dragapult|8\/100|[from] Sandstorm\n|-damage|p1a: Rillaboom|15\/100 brn|[from] Sandstorm\n|-damage|p2a: Tyranitar|49\/100|[from] Sandstorm\n|-heal|p1b: Sneasler|94\/100 brn|[from] Grassy Terrain\n|-heal|p2b: Dragapult|14\/100|[from] Grassy Terrain\n|-heal|p1a: Rillaboom|21\/100 brn|[from] Grassy Terrain\n|-heal|p2a: Tyranitar|55\/100|[from] Grassy Terrain\n|-damage|p1b: Sneasler|88\/100 brn|[from] brn\n|-damage|p1a: Rillaboom|15\/100 brn|[from] brn\n|upkeep\n|turn|5\n|\n|t:|1727902592\n|move|p1b: Sneasler|Throat Chop|p2b: Dragapult\n|-supereffective|p2b: Dragapult\n|-damage|p2b: Dragapult|0 fnt\n|faint|p2b: Dragapult\n|move|p1a: Rillaboom|Wood Hammer|p2a: Tyranitar\n|-damage|p2a: Tyranitar|10\/100\n|-damage|p1a: Rillaboom|0 fnt|[from] Recoil\n|faint|p1a: Rillaboom\n|move|p2a: Tyranitar|Rock Slide|p1b: Sneasler\n|-resisted|p1b: Sneasler\n|-damage|p1b: Sneasler|64\/100 brn\n|\n|-weather|Sandstorm|[upkeep]\n|-damage|p1b: Sneasler|58\/100 brn|[from] Sandstorm\n|-damage|p2a: Tyranitar|4\/100|[from] Sandstorm\n|-heal|p1b: Sneasler|64\/100 brn|[from] Grassy Terrain\n|-heal|p2a: Tyranitar|10\/100|[from] Grassy Terrain\n|-damage|p1b: Sneasler|58\/100 brn|[from] brn\n|-sideend|p1: Anna giacristo|move: Tailwind\n|-sideend|p2: Strangrdangr|move: Tailwind\n|upkeep\n|\n|t:|1727902611\n|switch|p2b: Primarina|Primarina, L50, M|100\/100\n|turn|6\n|\n|t:|1727902631\n|move|p1b: Sneasler|Dire Claw|p2b: Primarina\n|-supereffective|p2b: Primarina\n|-damage|p2b: Primarina|52\/100\n|-status|p2b: Primarina|psn\n|move|p2a: Tyranitar|Knock Off|p1b: Sneasler\n|-resisted|p1b: Sneasler\n|-damage|p1b: Sneasler|37\/100 brn\n|move|p2b: Primarina|Hyper Voice|p1b: Sneasler\n|-damage|p1b: Sneasler|0 fnt\n|faint|p1b: Sneasler\n|-enditem|p2b: Primarina|Throat Spray\n|\n|win|Strangrdangr\n|raw|Anna giacristo's rating: 1705 &rarr; <strong>1685<\/strong><br \/>(-20 for losing)\n|raw|Strangrdangr's rating: 1711 &rarr; <strong>1731<\/strong><br \/>(+20 for winning)\n|l|\u2606Anna giacristo\n|player|p1|\n|l|\u2606Strangrdangr\n|player|p2|\n","uploadtime":1727902869,"views":12,"formatid":"gen9vgc2024regh","rating":1685,"private":0,"password":null}