{"id":"gen9vgc2024regh-2214395968","format":"[Gen 9] VGC 2024 Reg H","players":["KD-Alt-711","PhantumKai"],"log":"|j|\u2606KD-Alt-711\n|j|\u2606PhantumKai\n|t:|1727885654\n|gametype|doubles\n|player|p1|KD-Alt-711|265|1694\n|player|p2|PhantumKai|benga|1695\n|teamsize|p1|6\n|teamsize|p2|6\n|gen|9\n|tier|[Gen 9] VGC 2024 Reg H\n|rated|\n|rule|Species Clause: Limit one of each Pok\u00e9mon\n|rule|Item Clause: Limit 1 of each item\n|clearpoke\n|poke|p1|Torkoal, L50, F|\n|poke|p1|Charizard, L50, F|\n|poke|p1|Exeggutor-Alola, L50, M|\n|poke|p1|Lilligant-Hisui, L50, F|\n|poke|p1|Ursaluna, L50, M|\n|poke|p1|Arcanine-Hisui, L50, M|\n|poke|p2|Annihilape, L50, M|\n|poke|p2|Sinistcha-Masterpiece, L50|\n|poke|p2|Maushold-Four, L50|\n|poke|p2|Archaludon, L50, M|\n|poke|p2|Grimmsnarl, L50, M|\n|poke|p2|Pelipper, L50, M|\n|teampreview|4\n|j| Deli(VeryReal)\n|\n|t:|1727885682\n|start\n|switch|p1a: Exeggutor|Exeggutor-Alola, L50, M, shiny|100\/100\n|switch|p1b: Lilligant|Lilligant-Hisui, L50, F, shiny|100\/100\n|switch|p2a: Annihilape|Annihilape, L50, M, shiny|100\/100\n|switch|p2b: Maushold|Maushold-Four, L50, shiny|100\/100\n|turn|1\n|inactive|Battle timer is ON: inactive players will automatically lose when time's up. (requested by KD-Alt-711)\n|\n|t:|1727885700\n|move|p2b: Maushold|Protect|p2b: Maushold\n|-singleturn|p2b: Maushold|Protect\n|move|p2a: Annihilape|Protect|p2a: Annihilape\n|-singleturn|p2a: Annihilape|Protect\n|move|p1b: Lilligant|Sleep Powder|p2a: Annihilape\n|-activate|p2a: Annihilape|move: Protect\n|move|p1a: Exeggutor|Trick Room|p1a: Exeggutor\n|-fieldstart|move: Trick Room|[of] p1a: Exeggutor\n|\n|upkeep\n|turn|2\n|c| Deli(VeryReal)|after you trik room is a classic\n|c| Deli(VeryReal)|lowkey\n|\n|t:|1727885730\n|switch|p1b: Torkoal|Torkoal, L50, F, shiny|100\/100\n|-weather|SunnyDay|[from] ability: Drought|[of] p1b: Torkoal\n|move|p1a: Exeggutor|Draco Meteor|p2b: Maushold\n|-damage|p2b: Maushold|20\/100\n|-unboost|p1a: Exeggutor|spa|2\n|move|p2a: Annihilape|Rage Fist|p1b: Torkoal\n|-damage|p1b: Torkoal|85\/100\n|move|p2b: Maushold|Population Bomb|p1b: Torkoal\n|-damage|p1b: Torkoal|77\/100\n|-damage|p1b: Torkoal|68\/100\n|-damage|p1b: Torkoal|59\/100\n|-damage|p1b: Torkoal|51\/100\n|-damage|p1b: Torkoal|42\/100\n|-damage|p1b: Torkoal|34\/100\n|-damage|p1b: Torkoal|25\/100\n|-damage|p1b: Torkoal|15\/100\n|-damage|p1b: Torkoal|7\/100\n|-damage|p1b: Torkoal|0 fnt\n|faint|p1b: Torkoal\n|-hitcount|p1: Torkoal|10\n|\n|-weather|SunnyDay|[upkeep]\n|upkeep\n|\n|t:|1727885739\n|switch|p1b: Ursaluna|Ursaluna, L50, M, shiny|100\/100\n|turn|3\n|inactive|PhantumKai has 30 seconds left.\n|\n|t:|1727885773\n|move|p2b: Maushold|Protect|p2b: Maushold\n|-singleturn|p2b: Maushold|Protect\n|move|p1a: Exeggutor|Sleep Powder|p2a: Annihilape|[miss]\n|-miss|p1a: Exeggutor|p2a: Annihilape\n|move|p1b: Ursaluna|Earthquake|p2b: Maushold|[spread] p1a,p2a\n|-activate|p2b: Maushold|move: Protect\n|-resisted|p1a: Exeggutor\n|-damage|p1a: Exeggutor|82\/100\n|-damage|p2a: Annihilape|55\/100\n|move|p2a: Annihilape|Bulk Up|p2a: Annihilape\n|-boost|p2a: Annihilape|atk|1\n|-boost|p2a: Annihilape|def|1\n|\n|-weather|SunnyDay|[upkeep]\n|-heal|p2a: Annihilape|61\/100|[from] item: Leftovers\n|-status|p1b: Ursaluna|brn|[from] item: Flame Orb\n|upkeep\n|turn|4\n|inactive|PhantumKai has 30 seconds left.\n|l| Deli(VeryReal)\n|\n|t:|1727885805\n|move|p2a: Annihilape|Protect|p2a: Annihilape\n|-singleturn|p2a: Annihilape|Protect\n|move|p1a: Exeggutor|Draco Meteor|p2b: Maushold\n|-damage|p2b: Maushold|0 fnt\n|-unboost|p1a: Exeggutor|spa|2\n|faint|p2b: Maushold\n|move|p1b: Ursaluna|Headlong Rush|p2a: Annihilape\n|-activate|p2a: Annihilape|move: Protect\n|\n|-weather|SunnyDay|[upkeep]\n|-heal|p2a: Annihilape|67\/100|[from] item: Leftovers\n|-damage|p1b: Ursaluna|95\/100 brn|[from] brn\n|upkeep\n|\n|t:|1727885821\n|switch|p2b: Archaludon|Archaludon, L50, M, shiny|100\/100\n|turn|5\n|\n|t:|1727885838\n|switch|p2a: Pelipper|Pelipper, L50, M, shiny|100\/100\n|-weather|RainDance|[from] ability: Drizzle|[of] p2a: Pelipper\n|-terastallize|p1b: Ursaluna|Normal\n|-terastallize|p2b: Archaludon|Grass\n|move|p1a: Exeggutor|Sleep Powder|p2a: Pelipper\n|-status|p2a: Pelipper|slp|[from] move: Sleep Powder\n|move|p1b: Ursaluna|Facade|p2b: Archaludon\n|-damage|p2b: Archaludon|0 fnt\n|faint|p2b: Archaludon\n|\n|-weather|RainDance|[upkeep]\n|-damage|p1b: Ursaluna|89\/100 brn|[from] brn\n|-fieldend|move: Trick Room\n|upkeep\n|\n|t:|1727885852\n|switch|p2b: Annihilape|Annihilape, L50, M, shiny|67\/100\n|turn|6\n|\n|t:|1727885857\n|move|p2b: Annihilape|Drain Punch|p1b: Ursaluna\n|-supereffective|p1b: Ursaluna\n|-damage|p1b: Ursaluna|46\/100 brn\n|-heal|p2b: Annihilape|90\/100|[from] drain|[of] p1b: Ursaluna\n|cant|p2a: Pelipper|slp\n|move|p1b: Ursaluna|Facade|p2a: Pelipper\n|-enditem|p2a: Pelipper|Focus Sash\n|-damage|p2a: Pelipper|1\/100 slp\n|move|p1a: Exeggutor|Trick Room|p1a: Exeggutor\n|-fieldstart|move: Trick Room|[of] p1a: Exeggutor\n|\n|-weather|RainDance|[upkeep]\n|-heal|p2b: Annihilape|96\/100|[from] item: Leftovers\n|-damage|p1b: Ursaluna|40\/100 brn|[from] brn\n|upkeep\n|turn|7\n|\n|t:|1727885872\n|cant|p2a: Pelipper|slp\n|move|p1a: Exeggutor|Draco Meteor|p2a: Pelipper\n|-damage|p2a: Pelipper|0 fnt\n|-unboost|p1a: Exeggutor|spa|2\n|faint|p2a: Pelipper\n|move|p1b: Ursaluna|Headlong Rush|p2b: Annihilape\n|-damage|p2b: Annihilape|0 fnt\n|-unboost|p1b: Ursaluna|def|1\n|-unboost|p1b: Ursaluna|spd|1\n|faint|p2b: Annihilape\n|\n|win|KD-Alt-711\n|raw|KD-Alt-711's rating: 1694 &rarr; <strong>1714<\/strong><br \/>(+20 for winning)\n|raw|PhantumKai's rating: 1695 &rarr; <strong>1675<\/strong><br \/>(-20 for losing)\n|l|\u2606PhantumKai\n|player|p2|\n|l|\u2606KD-Alt-711\n|player|p1|\n","uploadtime":1727886067,"views":15,"formatid":"gen9vgc2024regh","rating":1675,"private":0,"password":null}