{"id":"gen9vgc2024regh-2214870285","format":"[Gen 9] VGC 2024 Reg H","players":["Aki Hoshino","mattun"],"log":"|j|\u2606Aki Hoshino\n|j|\u2606mattun\n|t:|1727940273\n|gametype|doubles\n|player|p1|Aki Hoshino|aromalady|1789\n|player|p2|mattun|1|1748\n|teamsize|p1|6\n|teamsize|p2|6\n|gen|9\n|tier|[Gen 9] VGC 2024 Reg H\n|rated|\n|rule|Species Clause: Limit one of each Pok\u00e9mon\n|rule|Item Clause: Limit 1 of each item\n|clearpoke\n|poke|p1|Whimsicott, L50, F|\n|poke|p1|Ursaluna-Bloodmoon, L50, M|\n|poke|p1|Gholdengo, L50|\n|poke|p1|Meowscarada, L50, F|\n|poke|p1|Volcarona, L50, M|\n|poke|p1|Archaludon, L50, M|\n|poke|p2|Blastoise, L50, F|\n|poke|p2|Serperior, L50, F|\n|poke|p2|Sylveon, L50, F|\n|poke|p2|Indeedee, L50, M|\n|poke|p2|Gallade, L50, M|\n|poke|p2|Drifblim, L50, M|\n|teampreview|4\n|\n|t:|1727940334\n|start\n|switch|p1a: Whimsicott|Whimsicott, L50, F|100\/100\n|switch|p1b: Archaludon|Archaludon, L50, M|100\/100\n|switch|p2a: Blastoise|Blastoise, L50, F|100\/100\n|switch|p2b: Serperior|Serperior, L50, F|100\/100\n|turn|1\n|j| MJS25\n|\n|t:|1727940382\n|move|p1a: Whimsicott|Moonblast|p2b: Serperior\n|-damage|p2b: Serperior|75\/100\n|-boost|p2b: Serperior|spa|1\n|move|p2b: Serperior|Grass Pledge|p1a: Whimsicott\n|-waiting|p2b: Serperior|p2a: Blastoise\n|move|p2a: Blastoise|Water Pledge|p1a: Whimsicott|[from]move: Grass Pledge\n|-combine\n|-resisted|p1a: Whimsicott\n|-damage|p1a: Whimsicott|42\/100\n|-sidestart|p1: Aki Hoshino|Grass Pledge\n|move|p1b: Archaludon|Electro Shot||[still]\n|-prepare|p1b: Archaludon|Electro Shot\n|-boost|p1b: Archaludon|spa|1\n|-enditem|p1b: Archaludon|Power Herb\n|-anim|p1b: Archaludon|Electro Shot|p2a: Blastoise\n|-supereffective|p2a: Blastoise\n|-damage|p2a: Blastoise|0 fnt\n|faint|p2a: Blastoise\n|\n|upkeep\n|j| plplk\n|\n|t:|1727940400\n|switch|p2a: Gallade|Gallade, L50, M|100\/100\n|turn|2\n|\n|t:|1727940435\n|move|p2a: Gallade|Sacred Sword|p1b: Archaludon\n|-supereffective|p1b: Archaludon\n|-ability|p1b: Archaludon|Sturdy\n|-damage|p1b: Archaludon|1\/100\n|move|p2b: Serperior|Leaf Storm|p1b: Archaludon\n|-resisted|p1b: Archaludon\n|-damage|p1b: Archaludon|0 fnt\n|-boost|p2b: Serperior|spa|2\n|faint|p1b: Archaludon\n|move|p1a: Whimsicott|Trick Room|p1a: Whimsicott\n|-fieldstart|move: Trick Room|[of] p1a: Whimsicott\n|\n|upkeep\n|\n|t:|1727940453\n|switch|p1b: Ursaluna|Ursaluna-Bloodmoon, L50, M|100\/100\n|turn|3\n|\n|t:|1727940479\n|-terastallize|p1b: Ursaluna|Normal\n|-terastallize|p2b: Serperior|Stellar\n|move|p1b: Ursaluna|Blood Moon|p2a: Gallade\n|-damage|p2a: Gallade|0 fnt\n|faint|p2a: Gallade\n|-damage|p1b: Ursaluna|91\/100|[from] item: Life Orb\n|move|p1a: Whimsicott|Moonblast|p2b: Serperior\n|-damage|p2b: Serperior|48\/100\n|-boost|p2b: Serperior|spa|1\n|move|p2b: Serperior|Giga Drain|p1b: Ursaluna\n|-damage|p1b: Ursaluna|0 fnt\n|-heal|p2b: Serperior|100\/100|[from] drain|[of] p1b: Ursaluna\n|faint|p1b: Ursaluna\n|\n|upkeep\n|\n|t:|1727940498\n|switch|p1b: Volcarona|Volcarona, L50, M|100\/100\n|switch|p2a: Sylveon|Sylveon, L50, F|100\/100\n|turn|4\n|\n|t:|1727940518\n|move|p1a: Whimsicott|Fake Tears|p2a: Sylveon\n|-unboost|p2a: Sylveon|spd|2\n|move|p1b: Volcarona|Heat Wave|p2b: Serperior|[spread] p2a,p2b\n|-supereffective|p2b: Serperior\n|-damage|p2a: Sylveon|0 fnt\n|-damage|p2b: Serperior|10\/100\n|faint|p2a: Sylveon\n|move|p2b: Serperior|Tera Blast|p1b: Volcarona|[anim] Tera Blast Stellar\n|-crit|p1b: Volcarona\n|-damage|p1b: Volcarona|0 fnt\n|-boost|p2b: Serperior|atk|1\n|-boost|p2b: Serperior|spa|1\n|faint|p1b: Volcarona\n|\n|-sideend|p1: Aki Hoshino|Grass Pledge\n|upkeep\n|turn|5\n|l| plplk\n|\n|t:|1727940536\n|move|p2b: Serperior|Tera Blast|p1a: Whimsicott|[anim] Tera Blast Stellar\n|-damage|p1a: Whimsicott|0 fnt\n|-boost|p2b: Serperior|atk|1\n|-boost|p2b: Serperior|spa|1\n|faint|p1a: Whimsicott\n|\n|win|mattun\n|raw|Aki Hoshino's rating: 1789 &rarr; <strong>1767<\/strong><br \/>(-22 for losing)\n|raw|mattun's rating: 1748 &rarr; <strong>1770<\/strong><br \/>(+22 for winning)\n|l|\u2606Aki Hoshino\n|player|p1|\n|l|\u2606mattun\n|player|p2|\n|l| MJS25\n","uploadtime":1727940778,"views":45,"formatid":"gen9vgc2024regh","rating":1767,"private":0,"password":null}