{"id":"gen9vgc2024regh-2214835043","format":"[Gen 9] VGC 2024 Reg H","players":["Strangrdangr","lieyanshu"],"log":"|j|\u2606Strangrdangr\n|j|\u2606lieyanshu\n|t:|1727934013\n|gametype|doubles\n|player|p1|Strangrdangr|266|1701\n|player|p2|lieyanshu|lucas|1738\n|teamsize|p1|6\n|teamsize|p2|6\n|gen|9\n|tier|[Gen 9] VGC 2024 Reg H\n|rated|\n|rule|Species Clause: Limit one of each Pok\u00e9mon\n|rule|Item Clause: Limit 1 of each item\n|clearpoke\n|poke|p1|Dragapult, L50, F|\n|poke|p1|Primarina, L50, M|\n|poke|p1|Tyranitar, L50, F|\n|poke|p1|Porygon2, L50|\n|poke|p1|Decidueye-Hisui, L50, F|\n|poke|p1|Volcarona, L50, M|\n|poke|p2|Gholdengo, L50|\n|poke|p2|Ursaluna-Bloodmoon, L50, M|\n|poke|p2|Dragapult, L50, M|\n|poke|p2|Murkrow, L50, M|\n|poke|p2|Kingambit, L50, F|\n|poke|p2|Sneasler, L50, M|\n|teampreview|4\nlieyanshu rejected open team sheets.\n|\n|t:|1727934048\n|start\n|switch|p1a: Dragapult|Dragapult, L50, F|100\/100\n|switch|p1b: Primarina|Primarina, L50, M|100\/100\n|switch|p2a: Gholdengo|Gholdengo, L50|100\/100\n|switch|p2b: Sneasler|Sneasler, L50, M|100\/100\n|turn|1\n|\n|t:|1727934071\n|-terastallize|p2a: Gholdengo|Steel\n|-terastallize|p1b: Primarina|Steel\n|move|p2b: Sneasler|Protect|p2b: Sneasler\n|-singleturn|p2b: Sneasler|Protect\n|move|p1a: Dragapult|Light Screen|p1a: Dragapult\n|-sidestart|p1: Strangrdangr|move: Light Screen\n|move|p2a: Gholdengo|Make It Rain|p1b: Primarina|[spread] p1a,p1b\n|-resisted|p1b: Primarina\n|-damage|p1a: Dragapult|31\/100\n|-damage|p1b: Primarina|69\/100\n|-unboost|p2a: Gholdengo|spa|1\n|move|p1b: Primarina|Hyper Voice|p2a: Gholdengo|[spread] p2a\n|-activate|p2b: Sneasler|move: Protect\n|-damage|p2a: Gholdengo|56\/100\n|-enditem|p1b: Primarina|Throat Spray\n|-boost|p1b: Primarina|spa|1|[from] item: Throat Spray\n|\n|upkeep\n|turn|2\n|j| cucumber man sauce\n|\n|t:|1727934092\n|move|p1a: Dragapult|Thunder Wave|p2b: Sneasler\n|-status|p2b: Sneasler|par\n|move|p2a: Gholdengo|Make It Rain|p1b: Primarina|[spread] p1a,p1b\n|-resisted|p1b: Primarina\n|-damage|p1a: Dragapult|0 fnt\n|-damage|p1b: Primarina|47\/100\n|-unboost|p2a: Gholdengo|spa|1\n|faint|p1a: Dragapult\n|move|p1b: Primarina|Hyper Voice|p2a: Gholdengo|[spread] p2a,p2b\n|-damage|p2a: Gholdengo|0 fnt\n|-damage|p2b: Sneasler|20\/100 par\n|faint|p2a: Gholdengo\n|move|p2b: Sneasler|Close Combat|p1b: Primarina\n|-supereffective|p1b: Primarina\n|-damage|p1b: Primarina|0 fnt\n|-unboost|p2b: Sneasler|def|1\n|-unboost|p2b: Sneasler|spd|1\n|faint|p1b: Primarina\n|\n|upkeep\n|\n|t:|1727934113\n|switch|p1a: Decidueye|Decidueye-Hisui, L50, F|100\/100\n|switch|p2a: Murkrow|Murkrow, L50, M|100\/100\n|switch|p1b: Porygon2|Porygon2, L50|100\/100\n|-ability|p1b: Porygon2|Download|boost\n|-boost|p1b: Porygon2|atk|1\n|turn|3\n|\n|t:|1727934147\n|move|p2a: Murkrow|Tailwind|p2a: Murkrow\n|-sidestart|p2: lieyanshu|move: Tailwind\n|move|p2b: Sneasler|Dire Claw|p1a: Decidueye\n|-supereffective|p1a: Decidueye\n|-damage|p1a: Decidueye|0 fnt\n|faint|p1a: Decidueye\n|move|p1b: Porygon2|Trick Room|p1b: Porygon2\n|-fieldstart|move: Trick Room|[of] p1b: Porygon2\n|\n|upkeep\n|turn|4\n|\n|t:|1727934168\n|move|p2b: Sneasler|Protect|p2b: Sneasler\n|-singleturn|p2b: Sneasler|Protect\n|move|p1b: Porygon2|Ice Beam|p2b: Sneasler\n|-activate|p2b: Sneasler|move: Protect\n|move|p2a: Murkrow|Brave Bird|p1b: Porygon2\n|-damage|p1b: Porygon2|79\/100\n|-damage|p2a: Murkrow|92\/100|[from] Recoil\n|\n|upkeep\n|turn|5\n|j| mr pogostick\n|\n|t:|1727934183\n|move|p1b: Porygon2|Ice Beam|p2b: Sneasler\n|-damage|p2b: Sneasler|0 fnt\n|faint|p2b: Sneasler\n|move|p2a: Murkrow|Brave Bird|p1b: Porygon2\n|-crit|p1b: Porygon2\n|-damage|p1b: Porygon2|44\/100\n|-damage|p2a: Murkrow|79\/100|[from] Recoil\n|\n|-sideend|p1: Strangrdangr|move: Light Screen\n|upkeep\n|\n|t:|1727934191\n|switch|p2b: Ursaluna|Ursaluna-Bloodmoon, L50, M|100\/100\n|turn|6\n|\n|t:|1727934198\n|move|p1b: Porygon2|Ice Beam|p2b: Ursaluna\n|-supereffective|p2b: Ursaluna\n|-crit|p2b: Ursaluna\n|-damage|p2b: Ursaluna|8\/100\n|move|p2b: Ursaluna|Blood Moon|p1b: Porygon2\n|-damage|p1b: Porygon2|0 fnt\n|faint|p1b: Porygon2\n|-damage|p2b: Ursaluna|0 fnt|[from] item: Life Orb\n|faint|p2b: Ursaluna\n|\n|win|lieyanshu\n|raw|Strangrdangr's rating: 1701 &rarr; <strong>1683<\/strong><br \/>(-18 for losing)\n|raw|lieyanshu's rating: 1738 &rarr; <strong>1756<\/strong><br \/>(+18 for winning)\n|l| mr pogostick\n|l|\u2606Strangrdangr\n|player|p1|\n|l|\u2606lieyanshu\n|player|p2|\n","uploadtime":1727934470,"views":23,"formatid":"gen9vgc2024regh","rating":1683,"private":0,"password":null}