{"id":"gen9vgc2024regh-2214354336","format":"[Gen 9] VGC 2024 Reg H","players":["kapunhu","greenlightdmp"],"log":"|j|\u2606kapunhu\n|j|\u2606greenlightdmp\n|t:|1727882107\n|gametype|doubles\n|player|p1|kapunhu|101|1688\n|player|p2|greenlightdmp|2|1768\n|teamsize|p1|6\n|teamsize|p2|6\n|gen|9\n|tier|[Gen 9] VGC 2024 Reg H\n|rated|\n|rule|Species Clause: Limit one of each Pok\u00e9mon\n|rule|Item Clause: Limit 1 of each item\n|clearpoke\n|poke|p1|Annihilape, L50, M|\n|poke|p1|Gholdengo, L50|\n|poke|p1|Kingambit, L50, F|\n|poke|p1|Dragonite, L50, F|\n|poke|p1|Typhlosion-Hisui, L50, F|\n|poke|p1|Whimsicott, L50, M|\n|poke|p2|Tyranitar, L50, F|\n|poke|p2|Gholdengo, L50|\n|poke|p2|Talonflame, L50, F|\n|poke|p2|Garchomp, L50, F|\n|poke|p2|Cryogonal, L50|\n|poke|p2|Gastrodon-East, L50, F|\n|teampreview|4\n|\n|t:|1727882167\n|start\n|switch|p1a: Dragonite|Dragonite, L50, F|100\/100\n|switch|p1b: Annihilape|Annihilape, L50, M|100\/100\n|switch|p2a: Sashimi|Garchomp, L50, F|100\/100\n|switch|p2b: Gholdengo|Gholdengo, L50|100\/100\n|turn|1\n|\n|t:|1727882225\n|move|p1a: Dragonite|Protect|p1a: Dragonite\n|-singleturn|p1a: Dragonite|Protect\n|move|p2a: Sashimi|Dragon Claw|p1a: Dragonite\n|-activate|p1a: Dragonite|move: Protect\n|move|p1b: Annihilape|Coaching|p1a: Dragonite\n|-boost|p1a: Dragonite|atk|1\n|-boost|p1a: Dragonite|def|1\n|move|p2b: Gholdengo|Shadow Ball|p1b: Annihilape\n|-supereffective|p1b: Annihilape\n|-damage|p1b: Annihilape|0 fnt\n|faint|p1b: Annihilape\n|\n|upkeep\n|\n|t:|1727882238\n|switch|p1b: Whimsicott|Whimsicott, L50, M|100\/100\n|turn|2\n|\n|t:|1727882256\n|move|p1b: Whimsicott|Tailwind|p1b: Whimsicott\n|-sidestart|p1: kapunhu|move: Tailwind\n|move|p1a: Dragonite|Scale Shot|p2a: Sashimi\n|-supereffective|p2a: Sashimi\n|-damage|p2a: Sashimi|52\/100\n|-supereffective|p2a: Sashimi\n|-damage|p2a: Sashimi|9\/100\n|-supereffective|p2a: Sashimi\n|-crit|p2a: Sashimi\n|-damage|p2a: Sashimi|0 fnt\n|faint|p2a: Sashimi\n|-hitcount|p2: Sashimi|3\n|-unboost|p1a: Dragonite|def|1\n|-boost|p1a: Dragonite|spe|1\n|move|p2b: Gholdengo|Shadow Ball|p1a: Dragonite\n|-damage|p1a: Dragonite|65\/100\n|\n|upkeep\n|\n|t:|1727882276\n|switch|p2a: Talonflame|Talonflame, L50, F|100\/100\n|turn|3\n|\n|t:|1727882301\n|switch|p1b: Kingambit|Kingambit, L50, F|100\/100\n|move|p1a: Dragonite|Scale Shot|p2a: Talonflame\n|-damage|p2a: Talonflame|73\/100\n|-damage|p2a: Talonflame|46\/100\n|-damage|p2a: Talonflame|19\/100\n|-damage|p2a: Talonflame|0 fnt\n|faint|p2a: Talonflame\n|-hitcount|p2: Talonflame|4\n|-unboost|p1a: Dragonite|def|1\n|-boost|p1a: Dragonite|spe|1\n|move|p2b: Gholdengo|Shadow Ball|p1a: Dragonite\n|-damage|p1a: Dragonite|0 fnt\n|faint|p1a: Dragonite\n|\n|upkeep\n|\n|t:|1727882320\n|switch|p2a: Tyranitar|Tyranitar, L50, F|100\/100\n|switch|p1a: Whimsicott|Whimsicott, L50, M|100\/100\n|-weather|Sandstorm|[from] ability: Sand Stream|[of] p2a: Tyranitar\n|turn|4\n|\n|t:|1727882342\n|-terastallize|p2a: Tyranitar|Flying\n|move|p1a: Whimsicott|Sunny Day|p1a: Whimsicott\n|-weather|SunnyDay\n|move|p1b: Kingambit|Low Kick|p2a: Tyranitar\n|-resisted|p2a: Tyranitar\n|-damage|p2a: Tyranitar|82\/100\n|move|p2b: Gholdengo|Shadow Ball|p1a: Whimsicott\n|-damage|p1a: Whimsicott|12\/100\n|move|p2a: Tyranitar|Tera Blast|p1a: Whimsicott|[anim] Tera Blast Flying\n|-supereffective|p1a: Whimsicott\n|-damage|p1a: Whimsicott|0 fnt\n|faint|p1a: Whimsicott\n|\n|-weather|SunnyDay|[upkeep]\n|upkeep\n|turn|5\n|\n|t:|1727882364\n|move|p1b: Kingambit|Kowtow Cleave|p2b: Gholdengo\n|-supereffective|p2b: Gholdengo\n|-damage|p2b: Gholdengo|0 fnt\n|faint|p2b: Gholdengo\n|move|p2a: Tyranitar|Low Kick|p1b: Kingambit\n|-supereffective|p1b: Kingambit\n|-damage|p1b: Kingambit|0 fnt\n|faint|p1b: Kingambit\n|\n|win|greenlightdmp\n|raw|kapunhu's rating: 1688 &rarr; <strong>1673<\/strong><br \/>(-15 for losing)\n|raw|greenlightdmp's rating: 1768 &rarr; <strong>1783<\/strong><br \/>(+15 for winning)\n|l|\u2606greenlightdmp\n|player|p2|\n","uploadtime":1727882604,"views":16,"formatid":"gen9vgc2024regh","rating":1673,"private":0,"password":null}