{"id":"gen9vgc2024regh-2214841281","format":"[Gen 9] VGC 2024 Reg H","players":["Strangrdangr","rough Pult"],"log":"|j|\u2606Strangrdangr\n|j|\u2606rough Pult\n|t:|1727935163\n|gametype|doubles\n|player|p1|Strangrdangr|266|1686\n|player|p2|rough Pult|giovanni|1737\n|teamsize|p1|6\n|teamsize|p2|6\n|gen|9\n|tier|[Gen 9] VGC 2024 Reg H\n|rated|\n|rule|Species Clause: Limit one of each Pok\u00e9mon\n|rule|Item Clause: Limit 1 of each item\n|clearpoke\n|poke|p1|Dragapult, L50, M|\n|poke|p1|Primarina, L50, M|\n|poke|p1|Tyranitar, L50, M|\n|poke|p1|Porygon2, L50|\n|poke|p1|Decidueye-Hisui, L50, F|\n|poke|p1|Volcarona, L50, F|\n|poke|p2|Dondozo, L50, M|\n|poke|p2|Dragonite, L50, M|\n|poke|p2|Kingambit, L50, M|\n|poke|p2|Magmar, L50, F|\n|poke|p2|Rillaboom, L50, F|\n|poke|p2|Sneasler, L50, F|\n|teampreview|4\n|j| bloodypuppy\n|\n|t:|1727935229\n|start\n|switch|p1a: Dragapult|Dragapult, L50, M|100\/100\n|switch|p1b: Primarina|Primarina, L50, M|100\/100\n|switch|p2a: Kingambit|Kingambit, L50, M|100\/100\n|switch|p2b: Sneasler|Sneasler, L50, F|100\/100\n|turn|1\n|j| moon7777alt2\n|\n|t:|1727935267\n|-terastallize|p2b: Sneasler|Stellar\n|move|p1b: Primarina|Protect|p1b: Primarina\n|-singleturn|p1b: Primarina|Protect\n|move|p2a: Kingambit|Sucker Punch||[still]\n|-fail|p2a: Kingambit\n|move|p1a: Dragapult|Will-O-Wisp|p2a: Kingambit\n|-status|p2a: Kingambit|brn\n|move|p2b: Sneasler|Dire Claw|p1b: Primarina\n|-activate|p1b: Primarina|move: Protect\n|\n|-damage|p2a: Kingambit|95\/100 brn|[from] brn\n|upkeep\n|turn|2\n|\n|t:|1727935290\n|move|p2b: Sneasler|Protect|p2b: Sneasler\n|-singleturn|p2b: Sneasler|Protect\n|move|p1a: Dragapult|Thunder Wave|p2b: Sneasler\n|-activate|p2b: Sneasler|move: Protect\n|move|p1b: Primarina|Hyper Voice|p2b: Sneasler|[spread] p2a\n|-activate|p2b: Sneasler|move: Protect\n|-damage|p2a: Kingambit|60\/100 brn\n|-enditem|p1b: Primarina|Throat Spray\n|-boost|p1b: Primarina|spa|1|[from] item: Throat Spray\n|move|p2a: Kingambit|Kowtow Cleave|p1a: Dragapult\n|-supereffective|p1a: Dragapult\n|-damage|p1a: Dragapult|45\/100\n|\n|-damage|p2a: Kingambit|54\/100 brn|[from] brn\n|upkeep\n|turn|3\n|\n|t:|1727935312\n|move|p1a: Dragapult|Thunder Wave|p2b: Sneasler\n|-status|p2b: Sneasler|par\n|move|p1b: Primarina|Hyper Voice|p2b: Sneasler|[spread] p2a,p2b\n|-damage|p2a: Kingambit|1\/100 brn\n|-damage|p2b: Sneasler|27\/100 par\n|cant|p2b: Sneasler|par\n|move|p2a: Kingambit|Kowtow Cleave|p1a: Dragapult\n|-supereffective|p1a: Dragapult\n|-damage|p1a: Dragapult|0 fnt\n|faint|p1a: Dragapult\n|\n|-damage|p2a: Kingambit|0 fnt|[from] brn\n|faint|p2a: Kingambit\n|upkeep\n|\n|t:|1727935329\n|switch|p1a: Volcarona|Volcarona, L50, F|100\/100\n|switch|p2a: Dragonite|Dragonite, L50, M|100\/100\n|turn|4\n|\n|t:|1727935346\n|move|p1a: Volcarona|Tailwind|p1a: Volcarona\n|-sidestart|p1: Strangrdangr|move: Tailwind\n|move|p1b: Primarina|Hyper Voice|p2b: Sneasler|[spread] p2a,p2b\n|-resisted|p2a: Dragonite\n|-damage|p2a: Dragonite|85\/100\n|-damage|p2b: Sneasler|0 fnt\n|faint|p2b: Sneasler\n|move|p2a: Dragonite|Scale Shot|p1a: Volcarona\n|-damage|p1a: Volcarona|83\/100\n|-damage|p1a: Volcarona|67\/100\n|-damage|p1a: Volcarona|50\/100\n|-enditem|p1a: Volcarona|Sitrus Berry|[eat]\n|-heal|p1a: Volcarona|75\/100|[from] item: Sitrus Berry\n|-damage|p1a: Volcarona|59\/100\n|-hitcount|p1a: Volcarona|4\n|-unboost|p2a: Dragonite|def|1\n|-boost|p2a: Dragonite|spe|1\n|\n|upkeep\n|\n|t:|1727935362\n|switch|p2b: Magmar|Magmar, L50, F|100\/100\n|turn|5\n|\n|t:|1727935379\n|move|p1a: Volcarona|Protect|p1a: Volcarona\n|-singleturn|p1a: Volcarona|Protect\n|move|p2b: Magmar|Follow Me|p2b: Magmar\n|-singleturn|p2b: Magmar|move: Follow Me\n|move|p2a: Dragonite|Scale Shot|p1a: Volcarona\n|-activate|p1a: Volcarona|move: Protect\n|move|p1b: Primarina|Hyper Voice|p2a: Dragonite|[spread] p2a,p2b\n|-resisted|p2a: Dragonite\n|-supereffective|p2b: Magmar\n|-damage|p2a: Dragonite|59\/100\n|-damage|p2b: Magmar|23\/100\n|\n|upkeep\n|turn|6\n|-message|rough Pult forfeited.\n|\n|win|Strangrdangr\n|raw|Strangrdangr's rating: 1686 &rarr; <strong>1709<\/strong><br \/>(+23 for winning)\n|raw|rough Pult's rating: 1737 &rarr; <strong>1714<\/strong><br \/>(-23 for losing)\n","uploadtime":1727935393,"views":29,"formatid":"gen9vgc2024regh","rating":1709,"private":0,"password":null}