{"id":"gen9vgc2024regh-2214373060","format":"[Gen 9] VGC 2024 Reg H","players":["Zordor","shulivgc"],"log":"|j|\u2606Zordor\n|j|\u2606shulivgc\n|t:|1727883693\n|gametype|doubles\n|player|p1|Zordor|pilot|1804\n|player|p2|shulivgc|#smogonxnpa2024draftee2|1900\n|teamsize|p1|6\n|teamsize|p2|6\n|gen|9\n|tier|[Gen 9] VGC 2024 Reg H\n|rated|\n|rule|Species Clause: Limit one of each Pok\u00e9mon\n|rule|Item Clause: Limit 1 of each item\n|clearpoke\n|poke|p1|Rotom-Wash, L50|\n|poke|p1|Sneasler, L50, F|\n|poke|p1|Venusaur, L50, M|\n|poke|p1|Kingambit, L50, M|\n|poke|p1|Armarouge, L50, F|\n|poke|p1|Dragapult, L50, M|\n|poke|p2|Gholdengo, L50|\n|poke|p2|Dragonite, L50, F|\n|poke|p2|Kingambit, L50, F|\n|poke|p2|Annihilape, L50, F|\n|poke|p2|Whimsicott, L50, F|\n|poke|p2|Volcarona, L50, F|\n|teampreview|4\n|inactive|Battle timer is ON: inactive players will automatically lose when time's up. (requested by shulivgc)\nshulivgc rejected open team sheets.\n|\n|t:|1727883783\n|start\n|switch|p1a: Rotom|Rotom-Wash, L50|100\/100\n|switch|p1b: Sneasler|Sneasler, L50, F|100\/100\n|switch|p2a: Annihilape|Annihilape, L50, F, shiny|100\/100\n|switch|p2b: Dragonite|Dragonite, L50, F, shiny|100\/100\n|turn|1\n|\n|t:|1727883798\n|move|p1b: Sneasler|Protect|p1b: Sneasler\n|-singleturn|p1b: Sneasler|Protect\n|move|p2b: Dragonite|Protect|p2b: Dragonite\n|-singleturn|p2b: Dragonite|Protect\n|move|p2a: Annihilape|Coaching|p2b: Dragonite\n|-boost|p2b: Dragonite|atk|1\n|-boost|p2b: Dragonite|def|1\n|move|p1a: Rotom|Will-O-Wisp|p2b: Dragonite\n|-activate|p2b: Dragonite|move: Protect\n|\n|upkeep\n|turn|2\n|inactive|Zordor has 30 seconds left.\n|\n|t:|1727883831\n|-terastallize|p2b: Dragonite|Steel\n|move|p1b: Sneasler|Rock Tomb|p2b: Dragonite\n|-resisted|p2b: Dragonite\n|-damage|p2b: Dragonite|97\/100\n|-unboost|p2b: Dragonite|spe|1\n|move|p2a: Annihilape|Coaching|p2b: Dragonite\n|-boost|p2b: Dragonite|atk|1\n|-boost|p2b: Dragonite|def|1\n|move|p1a: Rotom|Will-O-Wisp|p2b: Dragonite\n|-status|p2b: Dragonite|brn\n|move|p2b: Dragonite|Scale Shot|p1a: Rotom\n|-damage|p1a: Rotom|84\/100\n|-damage|p1a: Rotom|68\/100\n|-damage|p1a: Rotom|53\/100\n|-damage|p1a: Rotom|38\/100\n|-hitcount|p1a: Rotom|4\n|-unboost|p2b: Dragonite|def|1\n|-boost|p2b: Dragonite|spe|1\n|\n|-damage|p2b: Dragonite|91\/100 brn|[from] brn\n|upkeep\n|turn|3\n|inactive|Zordor has 30 seconds left.\n|\n|t:|1727883860\n|move|p1b: Sneasler|Close Combat|p2b: Dragonite\n|-supereffective|p2b: Dragonite\n|-damage|p2b: Dragonite|1\/100 brn\n|-unboost|p1b: Sneasler|def|1\n|-unboost|p1b: Sneasler|spd|1\n|move|p2a: Annihilape|Coaching|p2b: Dragonite\n|-boost|p2b: Dragonite|atk|1\n|-boost|p2b: Dragonite|def|1\n|move|p1a: Rotom|Will-O-Wisp|p2a: Annihilape\n|-status|p2a: Annihilape|brn\n|move|p2b: Dragonite|Scale Shot|p1b: Sneasler\n|-damage|p1b: Sneasler|56\/100\n|-damage|p1b: Sneasler|10\/100\n|-damage|p1b: Sneasler|0 fnt\n|faint|p1b: Sneasler\n|-hitcount|p1: Sneasler|3\n|-unboost|p2b: Dragonite|def|1\n|-boost|p2b: Dragonite|spe|1\n|\n|-damage|p2b: Dragonite|0 fnt|[from] brn\n|faint|p2b: Dragonite\n|-damage|p2a: Annihilape|94\/100 brn|[from] brn\n|upkeep\n|inactive|Zordor has 30 seconds left.\n|\n|t:|1727883886\n|switch|p1b: Dragapult|Dragapult, L50, M|100\/100\n|switch|p2b: Kingambit|Kingambit, L50, F, shiny|100\/100\n|turn|4\n|\n|t:|1727883898\n|switch|p1a: Armarouge|Armarouge, L50, F|100\/100\n|-terastallize|p1b: Dragapult|Fighting\n|move|p1b: Dragapult|Tera Blast|p2b: Kingambit|[anim] Tera Blast Fighting\n|-supereffective|p2b: Kingambit\n|-damage|p2b: Kingambit|0 fnt\n|faint|p2b: Kingambit\n|move|p2a: Annihilape|Coaching|p2: Kingambit|[notarget]\n|-fail|p2a: Annihilape\n|\n|-damage|p2a: Annihilape|88\/100 brn|[from] brn\n|upkeep\n|j| oherrodersir\n|\n|t:|1727883904\n|switch|p2b: Gholdengo|Gholdengo, L50, shiny|100\/100\n|turn|5\n|\n|t:|1727883924\n|move|p1b: Dragapult|Phantom Force||[still]\n|-prepare|p1b: Dragapult|Phantom Force\n|move|p2b: Gholdengo|Shadow Ball|p1a: Armarouge\n|-supereffective|p1a: Armarouge\n|-damage|p1a: Armarouge|0 fnt\n|faint|p1a: Armarouge\n|move|p2a: Annihilape|Rage Fist|p1b: Dragapult|[miss]\n|-miss|p2a: Annihilape|p1b: Dragapult\n|\n|-damage|p2a: Annihilape|82\/100 brn|[from] brn\n|upkeep\n|\n|t:|1727883933\n|switch|p1a: Rotom|Rotom-Wash, L50|38\/100\n|turn|6\n|\n|t:|1727883945\n|move|p1b: Dragapult|Phantom Force|p2b: Gholdengo|[from]lockedmove\n|-supereffective|p2b: Gholdengo\n|-damage|p2b: Gholdengo|13\/100\n|move|p2b: Gholdengo|Shadow Ball|p1a: Rotom\n|-damage|p1a: Rotom|0 fnt\n|faint|p1a: Rotom\n|move|p2a: Annihilape|Rage Fist|p1b: Dragapult\n|-damage|p1b: Dragapult|87\/100\n|\n|-damage|p2a: Annihilape|75\/100 brn|[from] brn\n|upkeep\n|turn|7\n|\n|t:|1727883962\n|move|p1b: Dragapult|Phantom Force||[still]\n|-prepare|p1b: Dragapult|Phantom Force\n|move|p2b: Gholdengo|Shadow Ball|p1b: Dragapult|[miss]\n|-miss|p2b: Gholdengo|p1b: Dragapult\n|move|p2a: Annihilape|Close Combat|p1b: Dragapult|[miss]\n|-miss|p2a: Annihilape|p1b: Dragapult\n|\n|-damage|p2a: Annihilape|69\/100 brn|[from] brn\n|upkeep\n|turn|8\n|\n|t:|1727883970\n|move|p1b: Dragapult|Phantom Force|p2b: Gholdengo|[from]lockedmove\n|-supereffective|p2b: Gholdengo\n|-damage|p2b: Gholdengo|0 fnt\n|faint|p2b: Gholdengo\n|move|p2a: Annihilape|Close Combat|p1b: Dragapult\n|-damage|p1b: Dragapult|60\/100\n|-unboost|p2a: Annihilape|def|1\n|-unboost|p2a: Annihilape|spd|1\n|\n|-damage|p2a: Annihilape|63\/100 brn|[from] brn\n|upkeep\n|turn|9\n|-message|shulivgc forfeited.\n|\n|win|Zordor\n|raw|Zordor's rating: 1804 &rarr; <strong>1829<\/strong><br \/>(+25 for winning)\n|raw|shulivgc's rating: 1900 &rarr; <strong>1875<\/strong><br \/>(-25 for losing)\n|l|\u2606shulivgc\n|player|p2|\n","uploadtime":1727884790,"views":410,"formatid":"gen9vgc2024regh","rating":1829,"private":0,"password":null}