{"id":"gen9vgc2024regh-2214613676","format":"[Gen 9] VGC 2024 Reg H","players":["Strangrdangr","Dylantr0VGC_"],"log":"|j|\u2606Strangrdangr\n|j|\u2606Dylantr0VGC_\n|t:|1727905431\n|gametype|doubles\n|player|p1|Strangrdangr|169|1755\n|player|p2|Dylantr0VGC_|102|1649\n|teamsize|p1|6\n|teamsize|p2|6\n|gen|9\n|tier|[Gen 9] VGC 2024 Reg H\n|rated|\n|rule|Species Clause: Limit one of each Pok\u00e9mon\n|rule|Item Clause: Limit 1 of each item\n|clearpoke\n|poke|p1|Dragapult, L50, M|\n|poke|p1|Primarina, L50, F|\n|poke|p1|Tyranitar, L50, F|\n|poke|p1|Porygon2, L50|\n|poke|p1|Decidueye-Hisui, L50, M|\n|poke|p1|Volcarona, L50, F|\n|poke|p2|Braviary-Hisui, L50, M|\n|poke|p2|Sneasler, L50, M|\n|poke|p2|Zoroark-Hisui, L50, F|\n|poke|p2|Clefable, L50, F|\n|poke|p2|Kingambit, L50, M|\n|poke|p2|Rillaboom, L50, F|\n|teampreview|4\n|inactive|Battle timer is ON: inactive players will automatically lose when time's up. (requested by Dylantr0VGC_)\nDylantr0VGC_ has agreed to open team sheets.\n|inactive|Strangrdangr has 60 seconds left.\n|inactive|Dylantr0VGC_ has 60 seconds left.\n|inactive|Dylantr0VGC_ has 30 seconds left.\n|\n|t:|1727905497\n|start\n|switch|p1a: Tyranitar|Tyranitar, L50, F|100\/100\n|switch|p1b: Volcarona|Volcarona, L50, F|100\/100\n|switch|p2a: Sneasler|Sneasler, L50, M|100\/100\n|switch|p2b: Clefable|Clefable, L50, F|100\/100\n|-weather|Sandstorm|[from] ability: Sand Stream|[of] p1a: Tyranitar\n|turn|1\n|inactive|Strangrdangr has 30 seconds left.\n|j| mr pogostick\n|\n|t:|1727905531\n|move|p2a: Sneasler|Fake Out|p1a: Tyranitar\n|-resisted|p1a: Tyranitar\n|-damage|p1a: Tyranitar|94\/100\n|move|p1b: Volcarona|Tailwind|p1b: Volcarona\n|-sidestart|p1: Strangrdangr|move: Tailwind\n|cant|p1a: Tyranitar|flinch\n|move|p2b: Clefable|Moonblast|p1a: Tyranitar\n|-supereffective|p1a: Tyranitar\n|-damage|p1a: Tyranitar|45\/100\n|\n|-weather|Sandstorm|[upkeep]\n|-damage|p1b: Volcarona|94\/100|[from] Sandstorm\n|-damage|p2a: Sneasler|95\/100|[from] Sandstorm\n|upkeep\n|turn|2\n|inactive|Dylantr0VGC_ has 30 seconds left.\n|\n|t:|1727905556\n|move|p1b: Volcarona|Rage Powder|p1b: Volcarona\n|-singleturn|p1b: Volcarona|move: Rage Powder\n|move|p2b: Clefable|Follow Me|p2b: Clefable\n|-singleturn|p2b: Clefable|move: Follow Me\n|move|p1a: Tyranitar|Rock Slide|p2b: Clefable|[spread] p2a,p2b\n|-resisted|p2a: Sneasler\n|-damage|p2a: Sneasler|69\/100\n|-damage|p2b: Clefable|65\/100\n|move|p2a: Sneasler|Dire Claw|p1b: Volcarona\n|-damage|p1b: Volcarona|44\/100\n|-status|p1b: Volcarona|psn\n|-status|p2a: Sneasler|brn|[from] ability: Flame Body|[of] p1b: Volcarona\n|-enditem|p1b: Volcarona|Sitrus Berry|[eat]\n|-heal|p1b: Volcarona|69\/100 psn|[from] item: Sitrus Berry\n|\n|-weather|Sandstorm|[upkeep]\n|-damage|p1b: Volcarona|63\/100 psn|[from] Sandstorm\n|-damage|p2a: Sneasler|63\/100 brn|[from] Sandstorm\n|-damage|p1b: Volcarona|50\/100 psn|[from] psn\n|-damage|p2a: Sneasler|58\/100 brn|[from] brn\n|upkeep\n|turn|3\n|inactive|Strangrdangr has 30 seconds left.\n|\n|t:|1727905589\n|move|p2a: Sneasler|Protect|p2a: Sneasler\n|-singleturn|p2a: Sneasler|Protect\n|move|p2b: Clefable|Protect|p2b: Clefable\n|-singleturn|p2b: Clefable|Protect\n|move|p1b: Volcarona|Overheat|p2a: Sneasler\n|-activate|p2a: Sneasler|move: Protect\n|move|p1a: Tyranitar|Knock Off|p2b: Clefable\n|-activate|p2b: Clefable|move: Protect\n|\n|-weather|Sandstorm|[upkeep]\n|-damage|p1b: Volcarona|44\/100 psn|[from] Sandstorm\n|-damage|p2a: Sneasler|52\/100 brn|[from] Sandstorm\n|-damage|p1b: Volcarona|32\/100 psn|[from] psn\n|-damage|p2a: Sneasler|46\/100 brn|[from] brn\n|upkeep\n|turn|4\n|inactive|Strangrdangr has 30 seconds left.\n|\n|t:|1727905620\n|switch|p2b: Rillaboom|Rillaboom, L50, F|100\/100\n|-fieldstart|move: Grassy Terrain|[from] ability: Grassy Surge|[of] p2b: Rillaboom\n|-enditem|p2a: Sneasler|Grassy Seed\n|-boost|p2a: Sneasler|def|1|[from] item: Grassy Seed\n|move|p1b: Volcarona|Protect|p1b: Volcarona\n|-singleturn|p1b: Volcarona|Protect\n|move|p2a: Sneasler|Close Combat|p1a: Tyranitar\n|-supereffective|p1a: Tyranitar\n|-damage|p1a: Tyranitar|0 fnt\n|-unboost|p2a: Sneasler|def|1\n|-unboost|p2a: Sneasler|spd|1\n|faint|p1a: Tyranitar\n|\n|-weather|Sandstorm|[upkeep]\n|-damage|p2a: Sneasler|40\/100 brn|[from] Sandstorm\n|-damage|p1b: Volcarona|25\/100 psn|[from] Sandstorm\n|-damage|p2b: Rillaboom|95\/100|[from] Sandstorm\n|-heal|p2a: Sneasler|46\/100 brn|[from] Grassy Terrain\n|-heal|p1b: Volcarona|32\/100 psn|[from] Grassy Terrain\n|-heal|p2b: Rillaboom|100\/100|[from] Grassy Terrain\n|-damage|p1b: Volcarona|19\/100 psn|[from] psn\n|-damage|p2a: Sneasler|40\/100 brn|[from] brn\n|-sideend|p1: Strangrdangr|move: Tailwind\n|upkeep\n|j| BreadTest\n|inactive|Strangrdangr has 30 seconds left.\n|\n|t:|1727905646\n|switch|p1a: Primarina|Primarina, L50, F|100\/100\n|turn|5\n|\n|t:|1727905662\n|-terastallize|p1a: Primarina|Steel\n|move|p2b: Rillaboom|Fake Out|p1b: Volcarona\n|-damage|p1b: Volcarona|4\/100 psn\n|-status|p2b: Rillaboom|brn|[from] ability: Flame Body|[of] p1b: Volcarona\n|move|p2a: Sneasler|Close Combat|p1a: Primarina\n|-supereffective|p1a: Primarina\n|-damage|p1a: Primarina|13\/100\n|-unboost|p2a: Sneasler|def|1\n|-unboost|p2a: Sneasler|spd|1\n|cant|p1b: Volcarona|flinch\n|move|p1a: Primarina|Hyper Voice|p2b: Rillaboom|[spread] p2a,p2b\n|-resisted|p2b: Rillaboom\n|-damage|p2a: Sneasler|0 fnt\n|-damage|p2b: Rillaboom|86\/100 brn\n|faint|p2a: Sneasler\n|-enditem|p1a: Primarina|Throat Spray\n|-boost|p1a: Primarina|spa|1|[from] item: Throat Spray\n|\n|-weather|none\n|-heal|p1b: Volcarona|10\/100 psn|[from] Grassy Terrain\n|-heal|p2b: Rillaboom|92\/100 brn|[from] Grassy Terrain\n|-heal|p1a: Primarina|18\/100|[from] Grassy Terrain\n|-damage|p1b: Volcarona|0 fnt|[from] psn\n|faint|p1b: Volcarona\n|-damage|p2b: Rillaboom|86\/100 brn|[from] brn\n|upkeep\n|inactive|Strangrdangr has 30 seconds left.\n|\n|t:|1727905689\n|switch|p2a: Kingambit|Kingambit, L50, M|100\/100\n|switch|p1b: Decidueye|Decidueye-Hisui, L50, M|100\/100\n|turn|6\n|\n|t:|1727905703\n|move|p2a: Kingambit|Protect|p2a: Kingambit\n|-singleturn|p2a: Kingambit|Protect\n|move|p2b: Rillaboom|U-turn|p1b: Decidueye\n|-crit|p1b: Decidueye\n|-damage|p1b: Decidueye|78\/100\n|\n|t:|1727905708\n|switch|p2b: Clefable|Clefable, L50, F|65\/100|[from] U-turn\n|move|p1b: Decidueye|Triple Arrows|p2a: Kingambit\n|-activate|p2a: Kingambit|move: Protect\n|move|p1a: Primarina|Hyper Voice|p2a: Kingambit|[spread] p2b\n|-activate|p2a: Kingambit|move: Protect\n|-damage|p2b: Clefable|29\/100\n|\n|-heal|p1b: Decidueye|84\/100|[from] Grassy Terrain\n|-heal|p1a: Primarina|24\/100|[from] Grassy Terrain\n|-heal|p2b: Clefable|35\/100|[from] Grassy Terrain\n|upkeep\n|turn|7\n|\n|t:|1727905729\n|move|p1b: Decidueye|Protect|p1b: Decidueye\n|-singleturn|p1b: Decidueye|Protect\n|move|p2b: Clefable|Follow Me|p2b: Clefable\n|-singleturn|p2b: Clefable|move: Follow Me\n|move|p2a: Kingambit|Sucker Punch|p1a: Primarina\n|-damage|p1a: Primarina|0 fnt\n|faint|p1a: Primarina\n|\n|-heal|p1b: Decidueye|90\/100|[from] Grassy Terrain\n|-heal|p2b: Clefable|41\/100|[from] Grassy Terrain\n|upkeep\n|turn|8\n|\n|t:|1727905742\n|move|p2b: Clefable|Follow Me|p2b: Clefable\n|-singleturn|p2b: Clefable|move: Follow Me\n|move|p1b: Decidueye|Leaf Blade|p2b: Clefable\n|-crit|p2b: Clefable\n|-damage|p2b: Clefable|0 fnt\n|faint|p2b: Clefable\n|move|p2a: Kingambit|Swords Dance|p2a: Kingambit\n|-boost|p2a: Kingambit|atk|2\n|\n|-heal|p1b: Decidueye|97\/100|[from] Grassy Terrain\n|-fieldend|move: Grassy Terrain\n|upkeep\n|\n|t:|1727905747\n|switch|p2b: Rillaboom|Rillaboom, L50, F|86\/100 brn\n|-fieldstart|move: Grassy Terrain|[from] ability: Grassy Surge|[of] p2b: Rillaboom\n|turn|9\n|\n|t:|1727905759\n|move|p1b: Decidueye|Protect|p1b: Decidueye\n|-singleturn|p1b: Decidueye|Protect\n|move|p2b: Rillaboom|Fake Out|p1b: Decidueye\n|-activate|p1b: Decidueye|move: Protect\n|move|p2a: Kingambit|Swords Dance|p2a: Kingambit\n|-boost|p2a: Kingambit|atk|2\n|\n|-heal|p2b: Rillaboom|92\/100 brn|[from] Grassy Terrain\n|-heal|p1b: Decidueye|100\/100|[from] Grassy Terrain\n|-damage|p2b: Rillaboom|86\/100 brn|[from] brn\n|upkeep\n|turn|10\n|\n|t:|1727905773\n|-terastallize|p2a: Kingambit|Dark\n|move|p2a: Kingambit|Sucker Punch|p1b: Decidueye\n|-resisted|p1b: Decidueye\n|-damage|p1b: Decidueye|0 fnt\n|faint|p1b: Decidueye\n|\n|win|Dylantr0VGC_\n|raw|Strangrdangr's rating: 1755 &rarr; <strong>1729<\/strong><br \/>(-26 for losing)\n|raw|Dylantr0VGC_'s rating: 1649 &rarr; <strong>1675<\/strong><br \/>(+26 for winning)\n|l| mr pogostick\n|l|\u2606Strangrdangr\n|player|p1|\n|l| BreadTest\n|l|\u2606Dylantr0VGC_\n|player|p2|\n","uploadtime":1727905955,"views":13,"formatid":"gen9vgc2024regh","rating":1675,"private":0,"password":null}