{"id":"gen9vgc2024regh-2214830198","format":"[Gen 9] VGC 2024 Reg H","players":["lieyanshu","Strangrdangr"],"log":"|j|\u2606lieyanshu\n|j|\u2606Strangrdangr\n|t:|1727933158\n|gametype|doubles\n|player|p1|lieyanshu|lucas|1676\n|player|p2|Strangrdangr|266|1725\n|teamsize|p1|6\n|teamsize|p2|6\n|gen|9\n|tier|[Gen 9] VGC 2024 Reg H\n|rated|\n|rule|Species Clause: Limit one of each Pok\u00e9mon\n|rule|Item Clause: Limit 1 of each item\n|clearpoke\n|poke|p1|Gholdengo, L50|\n|poke|p1|Ursaluna-Bloodmoon, L50, M|\n|poke|p1|Dragapult, L50, F|\n|poke|p1|Murkrow, L50, M|\n|poke|p1|Kingambit, L50, M|\n|poke|p1|Sneasler, L50, F|\n|poke|p2|Dragapult, L50, M|\n|poke|p2|Primarina, L50, M|\n|poke|p2|Tyranitar, L50, F|\n|poke|p2|Porygon2, L50|\n|poke|p2|Decidueye-Hisui, L50, F|\n|poke|p2|Volcarona, L50, M|\n|teampreview|4\n|\n|t:|1727933228\n|start\n|switch|p1a: Gholdengo|Gholdengo, L50|100\/100\n|switch|p1b: Sneasler|Sneasler, L50, F|100\/100\n|switch|p2a: Volcarona|Volcarona, L50, M|100\/100\n|switch|p2b: Tyranitar|Tyranitar, L50, F|100\/100\n|-weather|Sandstorm|[from] ability: Sand Stream|[of] p2b: Tyranitar\n|turn|1\n|j| chonarthas\n|l| chonarthas\n|\n|t:|1727933250\n|-terastallize|p1a: Gholdengo|Steel\n|move|p2b: Tyranitar|Protect|p2b: Tyranitar\n|-singleturn|p2b: Tyranitar|Protect\n|move|p1b: Sneasler|Rock Slide|p2a: Volcarona|[spread] p2a\n|-activate|p2b: Tyranitar|move: Protect\n|-supereffective|p2a: Volcarona\n|-damage|p2a: Volcarona|9\/100\n|-enditem|p2a: Volcarona|Sitrus Berry|[eat]\n|-heal|p2a: Volcarona|34\/100|[from] item: Sitrus Berry\n|move|p2a: Volcarona|Tailwind|p2a: Volcarona\n|-sidestart|p2: Strangrdangr|move: Tailwind\n|move|p1a: Gholdengo|Make It Rain|p2b: Tyranitar|[spread] p2a\n|-activate|p2b: Tyranitar|move: Protect\n|-resisted|p2a: Volcarona\n|-damage|p2a: Volcarona|0 fnt\n|-unboost|p1a: Gholdengo|spa|1\n|faint|p2a: Volcarona\n|\n|-weather|Sandstorm|[upkeep]\n|-damage|p1b: Sneasler|95\/100|[from] Sandstorm\n|upkeep\n|\n|t:|1727933279\n|switch|p2a: Dragapult|Dragapult, L50, M|100\/100\n|turn|2\n|\n|t:|1727933321\n|switch|p1b: Murkrow|Murkrow, L50, M|100\/100\n|move|p2a: Dragapult|Light Screen|p2a: Dragapult\n|-sidestart|p2: Strangrdangr|move: Light Screen\n|move|p2b: Tyranitar|Knock Off|p1a: Gholdengo\n|-damage|p1a: Gholdengo|32\/100\n|-enditem|p1a: Gholdengo|Choice Specs|[from] move: Knock Off|[of] p2b: Tyranitar\n|move|p1a: Gholdengo|Make It Rain|p2a: Dragapult|[spread] p2a,p2b\n|-supereffective|p2b: Tyranitar\n|-damage|p2a: Dragapult|70\/100\n|-damage|p2b: Tyranitar|59\/100\n|-unboost|p1a: Gholdengo|spa|1\n|\n|-weather|Sandstorm|[upkeep]\n|-damage|p2a: Dragapult|64\/100|[from] Sandstorm\n|-damage|p1b: Murkrow|95\/100|[from] Sandstorm\n|upkeep\n|turn|3\n|j| moon7777alt2\n|\n|t:|1727933349\n|move|p1b: Murkrow|Tailwind|p1b: Murkrow\n|-sidestart|p1: lieyanshu|move: Tailwind\n|move|p2a: Dragapult|Thunder Wave|p1b: Murkrow\n|-status|p1b: Murkrow|par\n|move|p1a: Gholdengo|Make It Rain|p2b: Tyranitar|[spread] p2a,p2b\n|-supereffective|p2b: Tyranitar\n|-damage|p2a: Dragapult|42\/100\n|-damage|p2b: Tyranitar|33\/100\n|-unboost|p1a: Gholdengo|spa|1\n|move|p2b: Tyranitar|Rock Slide|p1a: Gholdengo|[spread] p1a,p1b\n|-resisted|p1a: Gholdengo\n|-supereffective|p1b: Murkrow\n|-damage|p1a: Gholdengo|15\/100\n|-damage|p1b: Murkrow|30\/100 par\n|\n|-weather|Sandstorm|[upkeep]\n|-damage|p2a: Dragapult|36\/100|[from] Sandstorm\n|-damage|p1b: Murkrow|24\/100 par|[from] Sandstorm\n|upkeep\n|turn|4\n|\n|t:|1727933380\n|move|p1b: Murkrow|Haze|p1b: Murkrow\n|-clearallboost\n|move|p2a: Dragapult|Hex|p1a: Gholdengo\n|-damage|p1a: Gholdengo|0 fnt\n|faint|p1a: Gholdengo\n|move|p2b: Tyranitar|Dragon Dance|p2b: Tyranitar\n|-boost|p2b: Tyranitar|atk|1\n|-boost|p2b: Tyranitar|spe|1\n|\n|-weather|Sandstorm|[upkeep]\n|-damage|p2a: Dragapult|30\/100|[from] Sandstorm\n|-damage|p1b: Murkrow|18\/100 par|[from] Sandstorm\n|-sideend|p2: Strangrdangr|move: Tailwind\n|upkeep\n|\n|t:|1727933392\n|switch|p1a: Ursaluna|Ursaluna-Bloodmoon, L50, M|100\/100\n|turn|5\n|\n|t:|1727933421\n|move|p1b: Murkrow|Sunny Day|p1b: Murkrow\n|-weather|SunnyDay\n|move|p2a: Dragapult|Hex|p1b: Murkrow\n|-resisted|p1b: Murkrow\n|-damage|p1b: Murkrow|0 fnt\n|faint|p1b: Murkrow\n|move|p1a: Ursaluna|Hyper Voice|p2a: Dragapult|[spread] p2a,p2b\n|-resisted|p2b: Tyranitar\n|-damage|p2a: Dragapult|0 fnt\n|-damage|p2b: Tyranitar|16\/100\n|faint|p2a: Dragapult\n|-damage|p1a: Ursaluna|91\/100|[from] item: Life Orb\n|move|p2b: Tyranitar|Knock Off|p1a: Ursaluna\n|-damage|p1a: Ursaluna|30\/100\n|-enditem|p1a: Ursaluna|Life Orb|[from] move: Knock Off|[of] p2b: Tyranitar\n|\n|-weather|SunnyDay|[upkeep]\n|upkeep\n|j| weakertt\n|\n|t:|1727933437\n|switch|p2a: Decidueye|Decidueye-Hisui, L50, F|100\/100\n|switch|p1b: Sneasler|Sneasler, L50, F|95\/100\n|turn|6\n|\n|t:|1727933462\n|move|p1a: Ursaluna|Protect|p1a: Ursaluna\n|-singleturn|p1a: Ursaluna|Protect\n|move|p2b: Tyranitar|Protect|p2b: Tyranitar\n|-singleturn|p2b: Tyranitar|Protect\n|move|p2a: Decidueye|Protect|p2a: Decidueye\n|-singleturn|p2a: Decidueye|Protect\n|move|p1b: Sneasler|Dire Claw|p2a: Decidueye\n|-activate|p2a: Decidueye|move: Protect\n|\n|-weather|SunnyDay|[upkeep]\n|-sideend|p2: Strangrdangr|move: Light Screen\n|-sideend|p1: lieyanshu|move: Tailwind\n|upkeep\n|turn|7\n|\n|t:|1727933510\n|-terastallize|p2b: Tyranitar|Ghost\n|move|p2a: Decidueye|Protect|p2a: Decidueye\n|-singleturn|p2a: Decidueye|Protect\n|move|p1a: Ursaluna|Protect|p1a: Ursaluna\n|-singleturn|p1a: Ursaluna|Protect\n|move|p1b: Sneasler|Close Combat|p2b: Tyranitar\n|-immune|p2b: Tyranitar\n|move|p2b: Tyranitar|Knock Off|p1a: Ursaluna\n|-activate|p1a: Ursaluna|move: Protect\n|\n|-weather|SunnyDay|[upkeep]\n|upkeep\n|turn|8\n|\n|t:|1727933549\n|move|p1b: Sneasler|Rock Slide|p2b: Tyranitar|[spread] p2a,p2b\n|-resisted|p2a: Decidueye\n|-damage|p2a: Decidueye|87\/100\n|-damage|p2b: Tyranitar|0 fnt\n|faint|p2b: Tyranitar\n|move|p2a: Decidueye|Triple Arrows|p1b: Sneasler\n|-resisted|p1b: Sneasler\n|-damage|p1b: Sneasler|58\/100\n|-unboost|p1b: Sneasler|def|1\n|move|p1a: Ursaluna|Hyper Voice|p2a: Decidueye\n|-damage|p2a: Decidueye|36\/100\n|\n|-weather|SunnyDay|[upkeep]\n|upkeep\n|turn|9\n|\n|t:|1727933563\n|move|p1b: Sneasler|Dire Claw|p2a: Decidueye\n|-supereffective|p2a: Decidueye\n|-damage|p2a: Decidueye|0 fnt\n|faint|p2a: Decidueye\n|\n|win|lieyanshu\n|raw|lieyanshu's rating: 1676 &rarr; <strong>1699<\/strong><br \/>(+23 for winning)\n|raw|Strangrdangr's rating: 1725 &rarr; <strong>1702<\/strong><br \/>(-23 for losing)\n|j| MausoldMyBeer\n|l|\u2606lieyanshu\n|player|p1|\n|l|\u2606Strangrdangr\n|player|p2|\n|l| MausoldMyBeer\n","uploadtime":1727933769,"views":14,"formatid":"gen9vgc2024regh","rating":1699,"private":0,"password":null}