{"id":"gen9vgc2024regh-2214670621","format":"[Gen 9] VGC 2024 Reg H","players":["Spottedwoot","chiitancrazymascot"],"log":"|j|\u2606Spottedwoot\n|j|\u2606chiitancrazymascot\n|t:|1727912007\n|gametype|doubles\n|player|p1|Spottedwoot|265|1725\n|player|p2|chiitancrazymascot|pokemaniac|1879\n|teamsize|p1|6\n|teamsize|p2|6\n|gen|9\n|tier|[Gen 9] VGC 2024 Reg H\n|rated|\n|rule|Species Clause: Limit one of each Pok\u00e9mon\n|rule|Item Clause: Limit 1 of each item\n|clearpoke\n|poke|p1|Tyranitar, L50, F|\n|poke|p1|Excadrill, L50, F|\n|poke|p1|Primarina, L50, M|\n|poke|p1|Gothitelle, L50, M|\n|poke|p1|Rillaboom, L50, F|\n|poke|p1|Incineroar, L50, F|\n|poke|p2|Annihilape, L50, M|\n|poke|p2|Dondozo, L50, M|\n|poke|p2|Maushold-Four, L50|\n|poke|p2|Gholdengo, L50|\n|poke|p2|Whimsicott, L50, F|\n|poke|p2|Tatsugiri, L50, F|\n|teampreview|4\n|inactive|Battle timer is ON: inactive players will automatically lose when time's up. (requested by chiitancrazymascot)\n|inactive|Spottedwoot has 60 seconds left.\n|\n|t:|1727912038\n|start\n|switch|p1a: Primarina|Primarina, L50, M|100\/100\n|switch|p1b: Gothitelle|Gothitelle, L50, M|100\/100\n|switch|p2a: Maushold|Maushold-Four, L50|100\/100\n|switch|p2b: Annihilape|Annihilape, L50, M, shiny|100\/100\n|turn|1\n|j| BUNNY801\n|inactive|chiitancrazymascot has 30 seconds left.\n|\n|t:|1727912071\n|-terastallize|p2a: Maushold|Ghost\n|move|p1b: Gothitelle|Fake Out|p2a: Maushold\n|-immune|p2a: Maushold\n|move|p2a: Maushold|Taunt|p1b: Gothitelle\n|-start|p1b: Gothitelle|move: Taunt\n|move|p2b: Annihilape|Bulk Up|p2b: Annihilape\n|-boost|p2b: Annihilape|atk|1\n|-boost|p2b: Annihilape|def|1\n|move|p1a: Primarina|Perish Song|p1a: Primarina\n|-start|p1a: Primarina|perish3|[silent]\n|-start|p1b: Gothitelle|perish3|[silent]\n|-start|p2a: Maushold|perish3|[silent]\n|-start|p2b: Annihilape|perish3|[silent]\n|-fieldactivate|move: Perish Song\n|-enditem|p1a: Primarina|Throat Spray\n|-boost|p1a: Primarina|spa|1|[from] item: Throat Spray\n|\n|-start|p2a: Maushold|perish3\n|-start|p2b: Annihilape|perish3\n|-start|p1b: Gothitelle|perish3\n|-start|p1a: Primarina|perish3\n|upkeep\n|turn|2\n|\n|t:|1727912085\n|move|p2a: Maushold|Beat Up|p2b: Annihilape\n|-damage|p2b: Annihilape|99\/100\n|-damage|p2b: Annihilape|97\/100\n|-damage|p2b: Annihilape|95\/100\n|-damage|p2b: Annihilape|94\/100\n|-hitcount|p2b: Annihilape|4\n|move|p2b: Annihilape|Rage Fist|p1b: Gothitelle\n|-supereffective|p1b: Gothitelle\n|-damage|p1b: Gothitelle|0 fnt\n|faint|p1b: Gothitelle\n|move|p1a: Primarina|Moonblast|p2b: Annihilape\n|-supereffective|p2b: Annihilape\n|-damage|p2b: Annihilape|0 fnt\n|faint|p2b: Annihilape\n|\n|-start|p2a: Maushold|perish2\n|-start|p1a: Primarina|perish2\n|upkeep\n|\n|t:|1727912098\n|switch|p2b: Dondozo|Dondozo, L50, M, shiny|100\/100\n|switch|p1b: Tyranitar|Tyranitar, L50, F|100\/100\n|-weather|Sandstorm|[from] ability: Sand Stream|[of] p1b: Tyranitar\n|turn|3\n|\n|t:|1727912104\n|switch|p1b: monke|Rillaboom, L50, F|100\/100\n|-fieldstart|move: Grassy Terrain|[from] ability: Grassy Surge|[of] p1b: monke\n|move|p2a: Maushold|Taunt|p1a: Primarina\n|-start|p1a: Primarina|move: Taunt\n|move|p2b: Dondozo|Wave Crash|p1b: monke\n|-resisted|p1b: monke\n|-damage|p1b: monke|73\/100\n|-damage|p2b: Dondozo|93\/100|[from] Recoil\n|cant|p1a: Primarina|move: Taunt|Perish Song\n|\n|-weather|Sandstorm|[upkeep]\n|-damage|p2a: Maushold|94\/100|[from] Sandstorm\n|-damage|p1b: monke|67\/100|[from] Sandstorm\n|-damage|p2b: Dondozo|86\/100|[from] Sandstorm\n|-damage|p1a: Primarina|95\/100|[from] Sandstorm\n|-heal|p2a: Maushold|100\/100|[from] Grassy Terrain\n|-heal|p1b: monke|73\/100|[from] Grassy Terrain\n|-heal|p2b: Dondozo|93\/100|[from] Grassy Terrain\n|-heal|p2b: Dondozo|99\/100|[from] item: Leftovers\n|-heal|p1a: Primarina|100\/100|[from] Grassy Terrain\n|-start|p2a: Maushold|perish1\n|-start|p1a: Primarina|perish1\n|upkeep\n|turn|4\n|\n|t:|1727912118\n|switch|p2a: Tatsugiri|Tatsugiri, L50, F, shiny|100\/100\n|-activate|p2a: Tatsugiri|ability: Commander|[of] p2b: Dondozo\n|-boost|p2b: Dondozo|atk|2\n|-boost|p2b: Dondozo|spa|2\n|-boost|p2b: Dondozo|spe|2\n|-boost|p2b: Dondozo|def|2\n|-boost|p2b: Dondozo|spd|2\n|switch|p1a: Tyranitar|Tyranitar, L50, F|100\/100\n|move|p2b: Dondozo|Protect|p2b: Dondozo\n|-singleturn|p2b: Dondozo|Protect\n|move|p1b: monke|Fake Out|p2b: Dondozo\n|-activate|p2b: Dondozo|move: Protect\n|\n|-weather|Sandstorm|[upkeep]\n|-damage|p2a: Tatsugiri|94\/100|[from] Sandstorm\n|-damage|p2b: Dondozo|93\/100|[from] Sandstorm\n|-damage|p1b: monke|67\/100|[from] Sandstorm\n|-heal|p2a: Tatsugiri|100\/100|[from] Grassy Terrain\n|-heal|p2b: Dondozo|99\/100|[from] Grassy Terrain\n|-heal|p2b: Dondozo|100\/100|[from] item: Leftovers\n|-heal|p1b: monke|73\/100|[from] Grassy Terrain\n|upkeep\n|turn|5\n|\n|t:|1727912124\n|switch|p1a: Primarina|Primarina, L50, M|100\/100\n|move|p2b: Dondozo|Order Up|p1b: monke\n|-damage|p1b: monke|24\/100\n|-boost|p2b: Dondozo|atk|1\n|move|p1b: monke|Wood Hammer|p2b: Dondozo\n|-supereffective|p2b: Dondozo\n|-crit|p2b: Dondozo\n|-damage|p2b: Dondozo|0 fnt\n|faint|p2b: Dondozo\n|-damage|p1b: monke|0 fnt|[from] Recoil\n|faint|p1b: monke\n|\n|-weather|Sandstorm|[upkeep]\n|-damage|p2a: Tatsugiri|94\/100|[from] Sandstorm\n|-damage|p1a: Primarina|95\/100|[from] Sandstorm\n|-heal|p2a: Tatsugiri|100\/100|[from] Grassy Terrain\n|-heal|p1a: Primarina|100\/100|[from] Grassy Terrain\n|upkeep\n|\n|t:|1727912129\n|switch|p1b: Tyranitar|Tyranitar, L50, F|100\/100\n|switch|p2b: Maushold|Maushold-Four, L50, tera:Ghost|100\/100\n|turn|6\n|\n|t:|1727912142\n|move|p2a: Tatsugiri|Muddy Water|p1b: Tyranitar|[spread] p1a\n|-miss|p2a: Tatsugiri|p1b: Tyranitar\n|-resisted|p1a: Primarina\n|-damage|p1a: Primarina|88\/100\n|move|p1b: Tyranitar|Knock Off|p2b: Maushold\n|-supereffective|p2b: Maushold\n|-enditem|p2b: Maushold|Focus Sash\n|-damage|p2b: Maushold|1\/100\n|move|p2b: Maushold|Taunt|p1a: Primarina\n|-start|p1a: Primarina|move: Taunt\n|move|p1a: Primarina|Moonblast|p2a: Tatsugiri\n|-supereffective|p2a: Tatsugiri\n|-damage|p2a: Tatsugiri|0 fnt\n|faint|p2a: Tatsugiri\n|\n|-weather|Sandstorm|[upkeep]\n|-damage|p2b: Maushold|0 fnt|[from] Sandstorm\n|-damage|p1a: Primarina|82\/100|[from] Sandstorm\n|faint|p2b: Maushold\n|\n|win|Spottedwoot\n|upkeep\n|raw|Spottedwoot's rating: 1725 &rarr; <strong>1753<\/strong><br \/>(+28 for winning)\n|raw|chiitancrazymascot's rating: 1879 &rarr; <strong>1851<\/strong><br \/>(-28 for losing)\n|l|\u2606chiitancrazymascot\n|player|p2|\n|l|\u2606Spottedwoot\n|player|p1|\n|l| BUNNY801\n","uploadtime":1727912292,"views":113,"formatid":"gen9vgc2024regh","rating":1753,"private":0,"password":null}