{"id":"gen9vgc2024regh-2215230346","format":"[Gen 9] VGC 2024 Reg H","players":["Shikanoko32","quinn2"],"log":"|j|\u2606Shikanoko32\n|j|\u2606quinn2\n|t:|1727980089\n|gametype|doubles\n|player|p1|Shikanoko32|101|1725\n|player|p2|quinn2|1|1752\n|teamsize|p1|6\n|teamsize|p2|6\n|gen|9\n|tier|[Gen 9] VGC 2024 Reg H\n|rated|\n|rule|Species Clause: Limit one of each Pok\u00e9mon\n|rule|Item Clause: Limit 1 of each item\n|clearpoke\n|poke|p1|Rillaboom, L50, F|\n|poke|p1|Incineroar, L50, M|\n|poke|p1|Altaria, L50, M|\n|poke|p1|Electabuzz, L50, F|\n|poke|p1|Gholdengo, L50|\n|poke|p1|Milotic, L50, F|\n|poke|p2|Dugtrio, L50, F|\n|poke|p2|Tyranitar, L50, F|\n|poke|p2|Excadrill, L50, M|\n|poke|p2|Kilowattrel, L50, F|\n|poke|p2|Gardevoir, L50, F|\n|poke|p2|Garganacl, L50, F|\n|teampreview|4\n|\n|t:|1727980126\n|start\n|switch|p1a: Incineroar|Incineroar, L50, M|100\/100\n|switch|p1b: Milotic|Milotic, L50, F|100\/100\n|switch|p2a: Dugtrio|Dugtrio, L50, F|100\/100\n|switch|p2b: Kilowattrel|Kilowattrel, L50, F|100\/100\n|-ability|p1a: Incineroar|Intimidate|boost\n|-unboost|p2a: Dugtrio|atk|1\n|-unboost|p2b: Kilowattrel|atk|1\n|-ability|p2b: Kilowattrel|Competitive|boost\n|-boost|p2b: Kilowattrel|spa|2\n|turn|1\n|inactive|Battle timer is ON: inactive players will automatically lose when time's up. (requested by quinn2)\n|j| LA Ranger\n|\n|t:|1727980145\n|move|p2a: Dugtrio|Protect|p2a: Dugtrio\n|-singleturn|p2a: Dugtrio|Protect\n|move|p2b: Kilowattrel|Protect|p2b: Kilowattrel\n|-singleturn|p2b: Kilowattrel|Protect\n|move|p1a: Incineroar|Fake Out|p2b: Kilowattrel\n|-activate|p2b: Kilowattrel|move: Protect\n|move|p1b: Milotic|Coil|p1b: Milotic\n|-boost|p1b: Milotic|atk|1\n|-boost|p1b: Milotic|def|1\n|-boost|p1b: Milotic|accuracy|1\n|\n|upkeep\n|turn|2\n|\n|t:|1727980169\n|-terastallize|p1b: Milotic|Grass\n|move|p2a: Dugtrio|Rock Slide|p1b: Milotic|[spread] p1a,p1b\n|-supereffective|p1a: Incineroar\n|-crit|p1b: Milotic\n|-damage|p1a: Incineroar|81\/100\n|-damage|p1b: Milotic|75\/100\n|move|p2b: Kilowattrel|Discharge|p1b: Milotic|[spread] p1a,p1b\n|-immune|p2a: Dugtrio\n|-resisted|p1b: Milotic\n|-damage|p1a: Incineroar|21\/100\n|-damage|p1b: Milotic|56\/100\n|-status|p1a: Incineroar|par\n|move|p1b: Milotic|Hypnosis|p2b: Kilowattrel\n|-status|p2b: Kilowattrel|slp|[from] move: Hypnosis\n|move|p1a: Incineroar|Knock Off|p2b: Kilowattrel\n|-damage|p2b: Kilowattrel|44\/100 slp\n|-enditem|p2b: Kilowattrel|Covert Cloak|[from] move: Knock Off|[of] p1a: Incineroar\n|\n|upkeep\n|turn|3\n|inactive|quinn2 has 30 seconds left.\n|\n|t:|1727980197\n|move|p2a: Dugtrio|Rock Slide|p1a: Incineroar|[spread] p1a,p1b\n|-supereffective|p1a: Incineroar\n|-damage|p1a: Incineroar|1\/100 par\n|-damage|p1b: Milotic|49\/100\n|cant|p2b: Kilowattrel|slp\n|move|p1b: Milotic|Muddy Water|p2a: Dugtrio|[spread] p2a,p2b\n|-supereffective|p2a: Dugtrio\n|-damage|p2a: Dugtrio|2\/100\n|-damage|p2b: Kilowattrel|8\/100 slp\n|-unboost|p2b: Kilowattrel|accuracy|1\n|-ability|p2b: Kilowattrel|Competitive|boost\n|-boost|p2b: Kilowattrel|spa|2\n|cant|p1a: Incineroar|par\n|\n|upkeep\n|turn|4\n|\n|t:|1727980217\n|move|p2a: Dugtrio|Endeavor|p1b: Milotic\n|-damage|p1b: Milotic|1\/100\n|-curestatus|p2b: Kilowattrel|slp|[msg]\n|move|p2b: Kilowattrel|Discharge|p1b: Milotic|[spread] p1a,p1b\n|-immune|p2a: Dugtrio\n|-resisted|p1b: Milotic\n|-damage|p1a: Incineroar|0 fnt\n|-damage|p1b: Milotic|0 fnt\n|faint|p1a: Incineroar\n|faint|p1b: Milotic\n|\n|upkeep\n|j| TrubbishTyler\n|\n|t:|1727980228\n|switch|p1a: Rillaboom|Rillaboom, L50, F, shiny|100\/100\n|switch|p1b: Gholdengo|Gholdengo, L50|100\/100\n|-fieldstart|move: Grassy Terrain|[from] ability: Grassy Surge|[of] p1a: Rillaboom\n|turn|5\n|\n|t:|1727980245\n|move|p1a: Rillaboom|Grassy Glide|p2b: Kilowattrel\n|-resisted|p2b: Kilowattrel\n|-damage|p2b: Kilowattrel|0 fnt\n|faint|p2b: Kilowattrel\n|move|p2a: Dugtrio|Endeavor|p1a: Rillaboom\n|-damage|p1a: Rillaboom|1\/100\n|move|p1b: Gholdengo|Nasty Plot|p1b: Gholdengo\n|-boost|p1b: Gholdengo|spa|2\n|\n|-heal|p2a: Dugtrio|8\/100|[from] Grassy Terrain\n|-heal|p1a: Rillaboom|7\/100|[from] Grassy Terrain\n|upkeep\n|\n|t:|1727980259\n|switch|p2b: Tyranitar|Tyranitar, L50, F|100\/100\n|-weather|Sandstorm|[from] ability: Sand Stream|[of] p2b: Tyranitar\n|turn|6\n|inactive|quinn2 has 30 seconds left.\n|\n|t:|1727980290\n|-terastallize|p2b: Tyranitar|Flying\n|move|p1a: Rillaboom|Grassy Glide|p2b: Tyranitar\n|-resisted|p2b: Tyranitar\n|-crit|p2b: Tyranitar\n|-damage|p2b: Tyranitar|75\/100\n|move|p2a: Dugtrio|Rock Slide|p1a: Rillaboom|[spread] p1a,p1b\n|-resisted|p1b: Gholdengo\n|-damage|p1a: Rillaboom|0 fnt\n|-damage|p1b: Gholdengo|95\/100\n|faint|p1a: Rillaboom\n|move|p2b: Tyranitar|Knock Off|p1b: Gholdengo\n|-supereffective|p1b: Gholdengo\n|-damage|p1b: Gholdengo|0 fnt\n|-enditem|p1b: Gholdengo|Leftovers|[from] move: Knock Off|[of] p2b: Tyranitar\n|faint|p1b: Gholdengo\n|\n|win|quinn2\n|raw|Shikanoko32's rating: 1725 &rarr; <strong>1707<\/strong><br \/>(-18 for losing)\n|raw|quinn2's rating: 1752 &rarr; <strong>1770<\/strong><br \/>(+18 for winning)\n|l|\u2606Shikanoko32\n|player|p1|\n","uploadtime":1727980305,"views":31,"formatid":"gen9vgc2024regh","rating":1707,"private":0,"password":null}