{"id":"gen9vgc2024regh-2215652312","format":"[Gen 9] VGC 2024 Reg H","players":["AndriCons","winterbreak"],"log":"|j|\u2606AndriCons\n|j|\u2606winterbreak\n|t:|1728033966\n|gametype|doubles\n|player|p1|AndriCons|266|1707\n|player|p2|winterbreak|lucas-gen4pt|1752\n|teamsize|p1|6\n|teamsize|p2|6\n|gen|9\n|tier|[Gen 9] VGC 2024 Reg H\n|rated|\n|rule|Species Clause: Limit one of each Pok\u00e9mon\n|rule|Item Clause: Limit 1 of each item\n|clearpoke\n|poke|p1|Sneasler, L50, F|\n|poke|p1|Tyranitar, L50, F|\n|poke|p1|Typhlosion-Hisui, L50, M|\n|poke|p1|Gholdengo, L50|\n|poke|p1|Indeedee-F, L50, F|\n|poke|p1|Whimsicott, L50, F|\n|poke|p2|Serperior, L50, M|\n|poke|p2|Dragonite, L50, M|\n|poke|p2|Smeargle, L50, F|\n|poke|p2|Incineroar, L50, M|\n|poke|p2|Gholdengo, L50|\n|poke|p2|Ursaluna-Bloodmoon, L50, M|\n|teampreview|4\n|l|\u2606AndriCons\n|player|p1|\n|j|\u2606AndriCons\n|player|p1|AndriCons|266|\n|l|\u2606AndriCons\n|player|p1|\n|j| Jokojok\n|j|\u2606AndriCons\n|player|p1|AndriCons|266|\n|inactive|Battle timer is ON: inactive players will automatically lose when time's up. (requested by AndriCons)\n|j| SneakyFaves\n|inactive|winterbreak has 60 seconds left.\n|\n|t:|1728034093\n|start\n|switch|p1a: Whimsicott|Whimsicott, L50, F|100\/100\n|switch|p1b: Typhlosion|Typhlosion-Hisui, L50, M|100\/100\n|switch|p2a: Dragonite|Dragonite, L50, M|100\/100\n|switch|p2b: Incineroar|Incineroar, L50, M|100\/100\n|-item|p2a: Dragonite|Clear Amulet|[from] ability: Frisk|[of] p1b: Typhlosion\n|-item|p2b: Incineroar|Sitrus Berry|[from] ability: Frisk|[of] p1b: Typhlosion\n|-ability|p2b: Incineroar|Intimidate|boost\n|-unboost|p1a: Whimsicott|atk|1\n|-unboost|p1b: Typhlosion|atk|1\n|turn|1\n|l|\u2606AndriCons\n|inactive|AndriCons disconnected and has a minute to reconnect!\n|player|p1|\n|j|\u2606AndriCons\n|inactive|AndriCons reconnected and has 35 seconds left.\n|player|p1|AndriCons|266|\n|inactive|AndriCons has 30 seconds left.\n|inactive|winterbreak has 30 seconds left.\n|inactive|winterbreak has 20 seconds left.\n|inactive|winterbreak has 15 seconds left.\n|inactive|winterbreak has 10 seconds left.\n|inactive|winterbreak has 5 seconds left.\n|\n|t:|1728034148\n|move|p1b: Typhlosion|Protect|p1b: Typhlosion\n|-singleturn|p1b: Typhlosion|Protect\n|move|p1a: Whimsicott|Tailwind|p1a: Whimsicott\n|-sidestart|p1: AndriCons|move: Tailwind\n|move|p2a: Dragonite|Tera Blast|p1b: Typhlosion\n|-activate|p1b: Typhlosion|move: Protect\n|move|p2b: Incineroar|Flare Blitz|p1b: Typhlosion\n|-activate|p1b: Typhlosion|move: Protect\n|\n|upkeep\n|turn|2\n|inactive|AndriCons has 30 seconds left.\n|\n|t:|1728034178\n|move|p2a: Dragonite|Protect|p2a: Dragonite\n|-singleturn|p2a: Dragonite|Protect\n|move|p1a: Whimsicott|Moonblast|p2a: Dragonite\n|-activate|p2a: Dragonite|move: Protect\n|move|p1b: Typhlosion|Eruption|p2b: Incineroar|[spread] p2b\n|-activate|p2a: Dragonite|move: Protect\n|-resisted|p2b: Incineroar\n|-damage|p2b: Incineroar|79\/100\n|move|p2b: Incineroar|Knock Off|p1b: Typhlosion\n|-supereffective|p1b: Typhlosion\n|-damage|p1b: Typhlosion|0 fnt\n|-enditem|p1b: Typhlosion|Charcoal|[from] move: Knock Off|[of] p2b: Incineroar\n|faint|p1b: Typhlosion\n|\n|upkeep\n|\n|t:|1728034194\n|switch|p1b: Tyranitar|Tyranitar, L50, F|100\/100\n|-weather|Sandstorm|[from] ability: Sand Stream|[of] p1b: Tyranitar\n|turn|3\n|inactive|winterbreak has 30 seconds left.\n|\n|t:|1728034229\n|switch|p2a: Ursaluna|Ursaluna-Bloodmoon, L50, M|100\/100\n|-terastallize|p1b: Tyranitar|Fairy\n|move|p1a: Whimsicott|Moonblast|p2b: Incineroar\n|-damage|p2b: Incineroar|60\/100\n|move|p1b: Tyranitar|Rock Slide|p2a: Ursaluna|[spread] p2a,p2b\n|-resisted|p2a: Ursaluna\n|-supereffective|p2b: Incineroar\n|-damage|p2a: Ursaluna|89\/100\n|-damage|p2b: Incineroar|0 fnt\n|faint|p2b: Incineroar\n|\n|-weather|Sandstorm|[upkeep]\n|-damage|p1a: Whimsicott|95\/100|[from] Sandstorm\n|-damage|p1b: Tyranitar|95\/100|[from] Sandstorm\n|upkeep\n|\n|t:|1728034241\n|switch|p2b: Serperior|Serperior, L50, M|100\/100\n|turn|4\n|l|\u2606AndriCons\n|inactive|AndriCons disconnected and has a minute to reconnect!\n|player|p1|\n|j|\u2606AndriCons\n|inactive|AndriCons reconnected and has 35 seconds left.\n|player|p1|AndriCons|266|\n|inactive|AndriCons has 30 seconds left.\n|inactive|winterbreak has 30 seconds left.\n|inactive|winterbreak has 20 seconds left.\n|inactive|winterbreak has 15 seconds left.\n|inactive|winterbreak has 10 seconds left.\n|inactive|winterbreak has 5 seconds left.\n|\n|t:|1728034294\n|move|p1a: Whimsicott|Moonblast|p2b: Serperior\n|-damage|p2b: Serperior|75\/100\n|-boost|p2b: Serperior|spa|1\n|move|p2b: Serperior|Reflect|p2b: Serperior\n|-sidestart|p2: winterbreak|Reflect\n|move|p1b: Tyranitar|Knock Off|p2b: Serperior\n|-damage|p2b: Serperior|36\/100\n|-enditem|p2b: Serperior|Light Clay|[from] move: Knock Off|[of] p1b: Tyranitar\n|move|p2a: Ursaluna|Blood Moon|p1a: Whimsicott\n|-damage|p1a: Whimsicott|0 fnt\n|faint|p1a: Whimsicott\n|\n|-weather|Sandstorm|[upkeep]\n|-damage|p2b: Serperior|30\/100|[from] Sandstorm\n|-damage|p1b: Tyranitar|89\/100|[from] Sandstorm\n|-sideend|p1: AndriCons|move: Tailwind\n|upkeep\n|l|\u2606AndriCons\n|inactive|AndriCons disconnected and has a minute to reconnect!\n|player|p1|\n|j|\u2606AndriCons\n|inactive|AndriCons reconnected and has 35 seconds left.\n|player|p1|AndriCons|266|\n|\n|t:|1728034317\n|switch|p1a: Gholdengo|Gholdengo, L50|100\/100\n|turn|5\n|\n|t:|1728034334\n|move|p2b: Serperior|Glare|p1b: Tyranitar\n|-status|p1b: Tyranitar|par\n|move|p1a: Gholdengo|Make It Rain|p2b: Serperior|[spread] p2a,p2b\n|-damage|p2a: Ursaluna|39\/100\n|-damage|p2b: Serperior|0 fnt\n|-unboost|p1a: Gholdengo|spa|1\n|faint|p2b: Serperior\n|-damage|p1a: Gholdengo|91\/100|[from] item: Life Orb\n|move|p2a: Ursaluna|Earth Power|p1a: Gholdengo\n|-supereffective|p1a: Gholdengo\n|-damage|p1a: Gholdengo|0 fnt\n|faint|p1a: Gholdengo\n|move|p1b: Tyranitar|Low Kick|p2a: Ursaluna\n|-supereffective|p2a: Ursaluna\n|-damage|p2a: Ursaluna|0 fnt\n|faint|p2a: Ursaluna\n|\n|-weather|Sandstorm|[upkeep]\n|-damage|p1b: Tyranitar|83\/100 par|[from] Sandstorm\n|upkeep\n|\n|t:|1728034352\n|switch|p2b: Dragonite|Dragonite, L50, M|100\/100\n|turn|6\n|\n|t:|1728034360\n|-terastallize|p2b: Dragonite|Flying\n|move|p2b: Dragonite|Tera Blast|p1b: Tyranitar|[anim] Tera Blast Flying\n|-crit|p1b: Tyranitar\n|-damage|p1b: Tyranitar|10\/100 par\n|move|p1b: Tyranitar|Knock Off|p2b: Dragonite\n|-damage|p2b: Dragonite|82\/100\n|-enditem|p2b: Dragonite|Clear Amulet|[from] move: Knock Off|[of] p1b: Tyranitar\n|\n|-weather|Sandstorm|[upkeep]\n|-damage|p2b: Dragonite|76\/100|[from] Sandstorm\n|-damage|p1b: Tyranitar|4\/100 par|[from] Sandstorm\n|upkeep\n|turn|7\n|-message|AndriCons forfeited.\n|\n|win|winterbreak\n|raw|AndriCons's rating: 1707 &rarr; <strong>1690<\/strong><br \/>(-17 for losing)\n|raw|winterbreak's rating: 1752 &rarr; <strong>1769<\/strong><br \/>(+17 for winning)\n|j| defnotatesacc\n|l|\u2606AndriCons\n|player|p1|\n|l|\u2606winterbreak\n|player|p2|\n|l| Jokojok\n|l| defnotatesacc\n|l| SneakyFaves\n","uploadtime":1728034549,"views":31,"formatid":"gen9vgc2024regh","rating":1690,"private":0,"password":null}