{"id":"gen9vgc2024regh-2215878795","format":"[Gen 9] VGC 2024 Reg H","players":["winterbreak","Zordor"],"log":"|j|\u2606winterbreak\n|j|\u2606Zordor\n|t:|1728058607\n|gametype|doubles\n|player|p1|winterbreak|lucas-gen4pt|1856\n|player|p2|Zordor|pilot|1812\n|teamsize|p1|6\n|teamsize|p2|6\n|gen|9\n|tier|[Gen 9] VGC 2024 Reg H\n|rated|\n|rule|Species Clause: Limit one of each Pok\u00e9mon\n|rule|Item Clause: Limit 1 of each item\n|clearpoke\n|poke|p1|Serperior, L50, F|\n|poke|p1|Dragonite, L50, M|\n|poke|p1|Smeargle, L50, F|\n|poke|p1|Incineroar, L50, M|\n|poke|p1|Gholdengo, L50|\n|poke|p1|Ursaluna-Bloodmoon, L50, M|\n|poke|p2|Rotom-Wash, L50|\n|poke|p2|Sneasler, L50, F|\n|poke|p2|Venusaur, L50, M|\n|poke|p2|Kingambit, L50, F|\n|poke|p2|Armarouge, L50, F|\n|poke|p2|Dragapult, L50, F|\n|teampreview|4\n|j| TrubbishTyler\n|\n|t:|1728058662\n|start\n|switch|p1a: Serperior|Serperior, L50, F|100\/100\n|switch|p1b: Ursaluna|Ursaluna-Bloodmoon, L50, M|100\/100\n|switch|p2a: Rotom|Rotom-Wash, L50|100\/100\n|switch|p2b: Kingambit|Kingambit, L50, F|100\/100\n|turn|1\n|j| PlasticAttorney\n|\n|t:|1728058701\n|-terastallize|p2a: Rotom|Ghost\n|move|p1a: Serperior|Light Screen|p1a: Serperior\n|-sidestart|p1: winterbreak|move: Light Screen\n|move|p2a: Rotom|Hydro Pump|p1b: Ursaluna\n|-supereffective|p1b: Ursaluna\n|-damage|p1b: Ursaluna|58\/100\n|move|p2b: Kingambit|Kowtow Cleave|p1b: Ursaluna\n|-damage|p1b: Ursaluna|28\/100\n|move|p1b: Ursaluna|Earth Power|p2b: Kingambit\n|-supereffective|p2b: Kingambit\n|-damage|p2b: Kingambit|0 fnt\n|faint|p2b: Kingambit\n|\n|upkeep\n|j| EllAkuro\n|\n|t:|1728058711\n|switch|p2b: Armarouge|Armarouge, L50, F|100\/100\n|turn|2\n|\n|t:|1728058734\n|move|p1a: Serperior|Glare|p2a: Rotom\n|-status|p2a: Rotom|par\n|move|p2b: Armarouge|Heat Wave|p1b: Ursaluna|[spread] p1a,p1b\n|-supereffective|p1a: Serperior\n|-damage|p1a: Serperior|58\/100\n|-damage|p1b: Ursaluna|9\/100\n|move|p1b: Ursaluna|Earth Power|p2b: Armarouge\n|-supereffective|p2b: Armarouge\n|-damage|p2b: Armarouge|0 fnt\n|faint|p2b: Armarouge\n|move|p2a: Rotom|Hydro Pump|p1b: Ursaluna\n|-supereffective|p1b: Ursaluna\n|-damage|p1b: Ursaluna|0 fnt\n|faint|p1b: Ursaluna\n|\n|upkeep\n|\n|t:|1728058749\n|switch|p2b: Dragapult|Dragapult, L50, F|100\/100\n|switch|p1b: Incineroar|Incineroar, L50, M|100\/100\n|-ability|p1b: Incineroar|Intimidate|boost\n|-unboost|p2a: Rotom|atk|1\n|-fail|p2b: Dragapult|unboost|[from] ability: Clear Body|[of] p2b: Dragapult\n|turn|3\n|\n|t:|1728058778\n|-terastallize|p1b: Incineroar|Water\n|move|p2b: Dragapult|Phantom Force||[still]\n|-prepare|p2b: Dragapult|Phantom Force\n|move|p1a: Serperior|Glare|p2b: Dragapult|[miss]\n|-miss|p1a: Serperior|p2b: Dragapult\n|move|p1b: Incineroar|Knock Off|p2a: Rotom\n|-supereffective|p2a: Rotom\n|-damage|p2a: Rotom|22\/100 par\n|-enditem|p2a: Rotom|Safety Goggles|[from] move: Knock Off|[of] p1b: Incineroar\n|move|p2a: Rotom|Hydro Pump|p1b: Incineroar\n|-resisted|p1b: Incineroar\n|-damage|p1b: Incineroar|91\/100\n|\n|upkeep\n|turn|4\n|\n|t:|1728058798\n|move|p2b: Dragapult|Phantom Force|p1a: Serperior|[from]lockedmove\n|-damage|p1a: Serperior|19\/100\n|move|p1a: Serperior|Glare|p2b: Dragapult\n|-status|p2b: Dragapult|par\n|move|p1b: Incineroar|Knock Off|p2b: Dragapult\n|-supereffective|p2b: Dragapult\n|-damage|p2b: Dragapult|6\/100 par\n|-enditem|p2b: Dragapult|Assault Vest|[from] move: Knock Off|[of] p1b: Incineroar\n|move|p2a: Rotom|Thunderbolt|p1b: Incineroar\n|-supereffective|p1b: Incineroar\n|-damage|p1b: Incineroar|57\/100\n|\n|upkeep\n|turn|5\n|\n|t:|1728058815\n|move|p1a: Serperior|Leaf Storm|p2a: Rotom\n|-damage|p2a: Rotom|0 fnt\n|-boost|p1a: Serperior|spa|2\n|faint|p2a: Rotom\n|move|p2b: Dragapult|Dragon Darts|p1a: Serperior\n|-damage|p1a: Serperior|0 fnt\n|-anim|p2b: Dragapult|Dragon Darts|p1b: Incineroar\n|-damage|p1b: Incineroar|35\/100\n|-enditem|p1b: Incineroar|Sitrus Berry|[eat]\n|-heal|p1b: Incineroar|59\/100|[from] item: Sitrus Berry\n|faint|p1a: Serperior\n|move|p1b: Incineroar|Knock Off|p2b: Dragapult\n|-supereffective|p2b: Dragapult\n|-damage|p2b: Dragapult|0 fnt\n|faint|p2b: Dragapult\n|\n|win|winterbreak\n|raw|winterbreak's rating: 1856 &rarr; <strong>1873<\/strong><br \/>(+17 for winning)\n|raw|Zordor's rating: 1812 &rarr; <strong>1795<\/strong><br \/>(-17 for losing)\n|l|\u2606Zordor\n|player|p2|\n|l| PlasticAttorney\n|l| TrubbishTyler\n|l| EllAkuro\n|l|\u2606winterbreak\n|player|p1|\n","uploadtime":1728059019,"views":260,"formatid":"gen9vgc2024regh","rating":1795,"private":0,"password":null}