{"id":"gen9vgc2024regh-2215988196","format":"[Gen 9] VGC 2024 Reg H","players":["pys_max","Jit444"],"log":"|j|\u2606pys_max\n|j|\u2606Jit444\n|t:|1728068361\n|gametype|doubles\n|player|p1|pys_max|170|1700\n|player|p2|Jit444|102|1713\n|teamsize|p1|6\n|teamsize|p2|6\n|gen|9\n|tier|[Gen 9] VGC 2024 Reg H\n|rated|\n|rule|Species Clause: Limit one of each Pok\u00e9mon\n|rule|Item Clause: Limit 1 of each item\n|clearpoke\n|poke|p1|Excadrill, L50, M|\n|poke|p1|Bronzong, L50|\n|poke|p1|Talonflame, L50, F|\n|poke|p1|Tyranitar, L50, F|\n|poke|p1|Primarina, L50, F|\n|poke|p1|Sinistcha-Masterpiece, L50|\n|poke|p2|Abomasnow, L50, F|\n|poke|p2|Rotom-Frost, L50|\n|poke|p2|Blaziken, L50, M|\n|poke|p2|Samurott-Hisui, L50, M|\n|poke|p2|Talonflame, L50, F|\n|poke|p2|Garchomp, L50, F|\n|teampreview|4\n|inactive|Battle timer is ON: inactive players will automatically lose when time's up. (requested by Jit444)\n|inactive|pys_max has 60 seconds left.\n|inactive|Jit444 has 60 seconds left.\n|\n|t:|1728068408\n|start\n|switch|p1a: Bronzong|Bronzong, L50|100\/100\n|switch|p1b: Excadrill|Excadrill, L50, M|100\/100\n|switch|p2a: Samurott|Samurott-Hisui, L50, M|100\/100\n|switch|p2b: Blaziken|Blaziken, L50, M|100\/100\n|turn|1\n|\n|t:|1728068427\n|switch|p1b: Primarina|Primarina, L50, F|100\/100\n|move|p2b: Blaziken|Heat Wave|p1a: Bronzong|[spread] p1a,p1b\n|-supereffective|p1a: Bronzong\n|-resisted|p1b: Primarina\n|-damage|p1a: Bronzong|15\/100\n|-damage|p1b: Primarina|80\/100\n|-damage|p2b: Blaziken|91\/100|[from] item: Life Orb\n|move|p2a: Samurott|Night Slash|p1a: Bronzong\n|-supereffective|p1a: Bronzong\n|-crit|p1a: Bronzong\n|-damage|p1a: Bronzong|0 fnt\n|faint|p1a: Bronzong\n|\n|-ability|p2b: Blaziken|Speed Boost|boost\n|-boost|p2b: Blaziken|spe|1\n|upkeep\n|\n|t:|1728068438\n|switch|p1a: Excadrill|Excadrill, L50, M|100\/100\n|turn|2\n|inactive|Jit444 has 30 seconds left.\n|\n|t:|1728068466\n|move|p2b: Blaziken|Protect|p2b: Blaziken\n|-singleturn|p2b: Blaziken|Protect\n|move|p1a: Excadrill|Protect|p1a: Excadrill\n|-singleturn|p1a: Excadrill|Protect\n|move|p2a: Samurott|Aqua Cutter|p1b: Primarina\n|-resisted|p1b: Primarina\n|-crit|p1b: Primarina\n|-damage|p1b: Primarina|34\/100\n|-enditem|p1b: Primarina|Sitrus Berry|[eat]\n|-heal|p1b: Primarina|59\/100|[from] item: Sitrus Berry\n|move|p1b: Primarina|Moonblast|p2a: Samurott\n|-supereffective|p2a: Samurott\n|-damage|p2a: Samurott|0 fnt\n|faint|p2a: Samurott\n|\n|-ability|p2b: Blaziken|Speed Boost|boost\n|-boost|p2b: Blaziken|spe|1\n|upkeep\n|inactive|Jit444 has 30 seconds left.\n|\n|t:|1728068495\n|switch|p2a: Rotom|Rotom-Frost, L50|100\/100\n|turn|3\n|\n|t:|1728068510\n|switch|p1b: Tyranitar|Tyranitar, L50, F|100\/100\n|-weather|Sandstorm|[from] ability: Sand Stream|[of] p1b: Tyranitar\n|-terastallize|p2a: Rotom|Electric\n|move|p1a: Excadrill|High Horsepower|p2b: Blaziken\n|-supereffective|p2b: Blaziken\n|-damage|p2b: Blaziken|0 fnt\n|faint|p2b: Blaziken\n|-damage|p1a: Excadrill|91\/100|[from] item: Life Orb\n|move|p2a: Rotom|Volt Switch|p1b: Tyranitar\n|-damage|p1b: Tyranitar|74\/100\n|\n|t:|1728068522\n|switch|p2a: Garchomp|Garchomp, L50, F|100\/100|[from] Volt Switch\n|\n|-weather|Sandstorm|[upkeep]\n|upkeep\n|\n|t:|1728068526\n|switch|p2b: Rotom|Rotom-Frost, L50, tera:Electric|100\/100\n|turn|4\n|inactive|pys_max has 30 seconds left.\n|inactive|pys_max has 20 seconds left.\n|inactive|pys_max has 15 seconds left.\n|\n|t:|1728068568\n|switch|p1b: Primarina|Primarina, L50, F|59\/100\n|move|p1a: Excadrill|Protect|p1a: Excadrill\n|-singleturn|p1a: Excadrill|Protect\n|move|p2a: Garchomp|Earthquake|p1a: Excadrill|[spread] p1b\n|-activate|p1a: Excadrill|move: Protect\n|-immune|p2b: Rotom|[from] ability: Levitate\n|-damage|p1b: Primarina|0 fnt\n|faint|p1b: Primarina\n|move|p2b: Rotom|Discharge|p1a: Excadrill|[spread] \n|-activate|p1a: Excadrill|move: Protect\n|-immune|p2a: Garchomp\n|\n|-weather|Sandstorm|[upkeep]\n|-damage|p2b: Rotom|95\/100|[from] Sandstorm\n|upkeep\n|\n|t:|1728068589\n|switch|p1b: Tyranitar|Tyranitar, L50, F|74\/100\n|turn|5\n|\n|t:|1728068597\n|-terastallize|p1b: Tyranitar|Flying\n|move|p1a: Excadrill|Iron Head|p2b: Rotom\n|-resisted|p2b: Rotom\n|-damage|p2b: Rotom|54\/100\n|-damage|p1a: Excadrill|81\/100|[from] item: Life Orb\n|move|p2a: Garchomp|Earthquake|p1b: Tyranitar|[spread] p1a\n|-immune|p2b: Rotom|[from] ability: Levitate\n|-immune|p1b: Tyranitar\n|-supereffective|p1a: Excadrill\n|-damage|p1a: Excadrill|0 fnt\n|faint|p1a: Excadrill\n|move|p2b: Rotom|Discharge|p1b: Tyranitar|[spread] p1b\n|-immune|p2a: Garchomp\n|-supereffective|p1b: Tyranitar\n|-damage|p1b: Tyranitar|3\/100\n|move|p1b: Tyranitar|Knock Off|p2b: Rotom\n|-damage|p2b: Rotom|0 fnt\n|-enditem|p2b: Rotom|Choice Specs|[from] move: Knock Off|[of] p1b: Tyranitar\n|faint|p2b: Rotom\n|\n|-weather|Sandstorm|[upkeep]\n|-damage|p1b: Tyranitar|0 fnt|[from] Sandstorm\n|faint|p1b: Tyranitar\n|\n|win|Jit444\n|upkeep\n|raw|pys_max's rating: 1700 &rarr; <strong>1681<\/strong><br \/>(-19 for losing)\n|raw|Jit444's rating: 1713 &rarr; <strong>1732<\/strong><br \/>(+19 for winning)\n|l|\u2606Jit444\n|player|p2|\n|l|\u2606pys_max\n|player|p1|\n","uploadtime":1728068623,"views":18,"formatid":"gen9vgc2024regh","rating":1681,"private":0,"password":null}