{"id":"gen9vgc2024regh-2215793541","format":"[Gen 9] VGC 2024 Reg H","players":["NoPants1101","chin8"],"log":"|j|\u2606NoPants1101\n|j|\u2606chin8\n|t:|1728051112\n|gametype|doubles\n|player|p1|NoPants1101|rei|1685\n|player|p2|chin8|gentleman-gen4dp|1758\n|teamsize|p1|6\n|teamsize|p2|6\n|gen|9\n|tier|[Gen 9] VGC 2024 Reg H\n|rated|\n|rule|Species Clause: Limit one of each Pok\u00e9mon\n|rule|Item Clause: Limit 1 of each item\n|clearpoke\n|poke|p1|Kilowattrel, L50, M|\n|poke|p1|Garchomp, L50, M|\n|poke|p1|Sneasler, L50, F|\n|poke|p1|Indeedee, L50, M|\n|poke|p1|Kingambit, L50, F|\n|poke|p1|Clefable, L50, M|\n|poke|p2|Baxcalibur, L50, F|\n|poke|p2|Kilowattrel, L50, M|\n|poke|p2|Heracross, L50, M|\n|poke|p2|Gardevoir, L50, F|\n|poke|p2|Magmortar, L50, F|\n|poke|p2|Gholdengo, L50|\n|teampreview|4\n|inactive|Battle timer is ON: inactive players will automatically lose when time's up. (requested by chin8)\n|\n|t:|1728051136\n|start\n|switch|p1a: Kilowattrel|Kilowattrel, L50, M|100\/100\n|switch|p1b: Garchomp|Garchomp, L50, M|100\/100\n|switch|p2a: Kilowattrel|Kilowattrel, L50, M|100\/100\n|switch|p2b: Baxcalibur|Baxcalibur, L50, F|100\/100\n|turn|1\n|\n|t:|1728051155\n|-terastallize|p1b: Garchomp|Steel\n|-terastallize|p2b: Baxcalibur|Ground\n|move|p2a: Kilowattrel|Thunderbolt|p1a: Kilowattrel\n|-damage|p1a: Kilowattrel|20\/100\n|move|p1a: Kilowattrel|Tailwind|p1a: Kilowattrel\n|-sidestart|p1: NoPants1101|move: Tailwind\n|move|p1b: Garchomp|Dragon Claw|p2b: Baxcalibur\n|-damage|p2b: Baxcalibur|50\/100\n|-damage|p1b: Garchomp|91\/100|[from] item: Life Orb\n|move|p2b: Baxcalibur|Earthquake|p1a: Kilowattrel|[spread] p1b\n|-immune|p2a: Kilowattrel\n|-immune|p1a: Kilowattrel\n|-supereffective|p1b: Garchomp\n|-damage|p1b: Garchomp|2\/100\n|\n|upkeep\n|turn|2\n|inactive|NoPants1101 has 30 seconds left.\n|inactive|NoPants1101 has 20 seconds left.\n|inactive|chin8 has 30 seconds left.\n|inactive|NoPants1101 has 15 seconds left.\n|inactive|NoPants1101 has 10 seconds left.\n|j| Rabbithorn05\n|\n|t:|1728051206\n|switch|p1b: Kingambit|Kingambit, L50, F|100\/100\n|move|p2b: Baxcalibur|Ice Shard|p1b: Kingambit\n|-resisted|p1b: Kingambit\n|-damage|p1b: Kingambit|91\/100\n|move|p1a: Kilowattrel|Air Slash|p2b: Baxcalibur\n|-damage|p2b: Baxcalibur|32\/100\n|move|p2a: Kilowattrel|Tailwind|p2a: Kilowattrel\n|-sidestart|p2: chin8|move: Tailwind\n|\n|upkeep\n|turn|3\n|inactive|NoPants1101 has 30 seconds left.\n|\n|t:|1728051231\n|move|p2b: Baxcalibur|Ice Shard|p1a: Kilowattrel\n|-supereffective|p1a: Kilowattrel\n|-damage|p1a: Kilowattrel|0 fnt\n|faint|p1a: Kilowattrel\n|move|p1b: Kingambit|Sucker Punch|p2a: Kilowattrel\n|-damage|p2a: Kilowattrel|9\/100\n|move|p2a: Kilowattrel|Thunderbolt|p1b: Kingambit\n|-damage|p1b: Kingambit|49\/100\n|\n|upkeep\n|\n|t:|1728051239\n|switch|p1a: Indeedee|Indeedee, L50, M, shiny|100\/100\n|-fieldstart|move: Psychic Terrain|[from] ability: Psychic Surge|[of] p1a: Indeedee\n|turn|4\n|\n|t:|1728051254\n|move|p2a: Kilowattrel|Protect|p2a: Kilowattrel\n|-singleturn|p2a: Kilowattrel|Protect\n|move|p1b: Kingambit|Protect|p1b: Kingambit\n|-singleturn|p1b: Kingambit|Protect\n|move|p2b: Baxcalibur|Earthquake|p1b: Kingambit|[spread] p1a\n|-activate|p2a: Kilowattrel|move: Protect\n|-activate|p1b: Kingambit|move: Protect\n|-damage|p1a: Indeedee|14\/100\n|move|p1a: Indeedee|Trick Room|p1a: Indeedee\n|-fieldstart|move: Trick Room|[of] p1a: Indeedee\n|\n|-sideend|p1: NoPants1101|move: Tailwind\n|upkeep\n|turn|5\n|\n|t:|1728051269\n|move|p1b: Kingambit|Swords Dance|p1b: Kingambit\n|-boost|p1b: Kingambit|atk|2\n|move|p1a: Indeedee|Expanding Force|p2a: Kilowattrel|[spread] p2a,p2b\n|-damage|p2a: Kilowattrel|0 fnt\n|-damage|p2b: Baxcalibur|5\/100\n|faint|p2a: Kilowattrel\n|move|p2b: Baxcalibur|Earthquake|p1a: Indeedee|[spread] p1a,p1b\n|-supereffective|p1b: Kingambit\n|-damage|p1a: Indeedee|0 fnt\n|-damage|p1b: Kingambit|0 fnt\n|faint|p1a: Indeedee\n|faint|p1b: Kingambit\n|\n|-sideend|p2: chin8|move: Tailwind\n|upkeep\n|-message|NoPants1101 forfeited.\n|\n|win|chin8\n|raw|NoPants1101's rating: 1685 &rarr; <strong>1669<\/strong><br \/>(-16 for losing)\n|raw|chin8's rating: 1758 &rarr; <strong>1774<\/strong><br \/>(+16 for winning)\n|l|\u2606NoPants1101\n|player|p1|\n|l|\u2606chin8\n|player|p2|\n","uploadtime":1728051282,"views":23,"formatid":"gen9vgc2024regh","rating":1669,"private":0,"password":null}