{"id":"gen9vgc2024regh-2215055949","format":"[Gen 9] VGC 2024 Reg H","players":["pr0xsome","koolkidz4life"],"log":"|j|\u2606pr0xsome\n|j|\u2606koolkidz4life\n|t:|1727964939\n|gametype|doubles\n|player|p1|pr0xsome|preschooler|1740\n|player|p2|koolkidz4life|102|1718\n|teamsize|p1|6\n|teamsize|p2|6\n|gen|9\n|tier|[Gen 9] VGC 2024 Reg H\n|rated|\n|rule|Species Clause: Limit one of each Pok\u00e9mon\n|rule|Item Clause: Limit 1 of each item\n|clearpoke\n|poke|p1|Basculegion, L50, M|\n|poke|p1|Pelipper, L50, M|\n|poke|p1|Archaludon, L50, F|\n|poke|p1|Amoonguss, L50, F|\n|poke|p1|Gholdengo, L50|\n|poke|p1|Clefairy, L50, M|\n|poke|p2|Gholdengo, L50|\n|poke|p2|Whimsicott, L50, M|\n|poke|p2|Incineroar, L50, M|\n|poke|p2|Dragonite, L50, F|\n|poke|p2|Annihilape, L50, F|\n|poke|p2|Gyarados, L50, M|\n|teampreview|4\n|\n|t:|1727964988\n|start\n|switch|p1a: Clefairy|Clefairy, L50, M|100\/100\n|switch|p1b: Gholdengo|Gholdengo, L50|100\/100\n|switch|p2a: Whimsicott|Whimsicott, L50, M|100\/100\n|switch|p2b: Annihilape|Annihilape, L50, F|100\/100\n|turn|1\n|\n|t:|1727965007\n|move|p1a: Clefairy|Follow Me|p1a: Clefairy\n|-singleturn|p1a: Clefairy|move: Follow Me\n|move|p2a: Whimsicott|Tailwind|p2a: Whimsicott\n|-sidestart|p2: koolkidz4life|move: Tailwind\n|move|p2b: Annihilape|Rage Fist|p1a: Clefairy\n|-damage|p1a: Clefairy|81\/100\n|move|p1b: Gholdengo|Nasty Plot|p1b: Gholdengo\n|-boost|p1b: Gholdengo|spa|2\n|\n|upkeep\n|turn|2\n|\n|t:|1727965017\n|-terastallize|p2b: Annihilape|Fire\n|move|p1a: Clefairy|Follow Me|p1a: Clefairy\n|-singleturn|p1a: Clefairy|move: Follow Me\n|move|p2a: Whimsicott|Moonblast|p1a: Clefairy\n|-damage|p1a: Clefairy|50\/100\n|-unboost|p1a: Clefairy|spa|1\n|move|p2b: Annihilape|Rage Fist|p1a: Clefairy\n|-damage|p1a: Clefairy|32\/100\n|move|p1b: Gholdengo|Nasty Plot|p1b: Gholdengo\n|-boost|p1b: Gholdengo|spa|2\n|\n|upkeep\n|turn|3\n|\n|t:|1727965036\n|move|p1a: Clefairy|Follow Me|p1a: Clefairy\n|-singleturn|p1a: Clefairy|move: Follow Me\n|move|p2a: Whimsicott|Moonblast|p1a: Clefairy\n|-damage|p1a: Clefairy|3\/100\n|move|p2b: Annihilape|Rage Fist|p1a: Clefairy\n|-damage|p1a: Clefairy|0 fnt\n|faint|p1a: Clefairy\n|move|p1b: Gholdengo|Shadow Ball|p2b: Annihilape\n|-damage|p2b: Annihilape|27\/100\n|\n|upkeep\n|\n|t:|1727965045\n|switch|p1a: Pelipper|Pelipper, L50, M|100\/100\n|-weather|RainDance|[from] ability: Drizzle|[of] p1a: Pelipper\n|turn|4\n|j| Rabbithorn05\n|\n|t:|1727965051\n|move|p1b: Gholdengo|Protect|p1b: Gholdengo\n|-singleturn|p1b: Gholdengo|Protect\n|move|p2a: Whimsicott|Moonblast|p1a: Pelipper\n|-damage|p1a: Pelipper|45\/100\n|-unboost|p1a: Pelipper|spa|1\n|move|p2b: Annihilape|Rage Fist|p1a: Pelipper\n|-damage|p1a: Pelipper|0 fnt\n|faint|p1a: Pelipper\n|\n|-weather|RainDance|[upkeep]\n|-sideend|p2: koolkidz4life|move: Tailwind\n|upkeep\n|\n|t:|1727965056\n|switch|p1a: Archaludon|Archaludon, L50, F|100\/100\n|turn|5\n|\n|t:|1727965062\n|-terastallize|p1b: Gholdengo|Steel\n|move|p2a: Whimsicott|Tailwind|p2a: Whimsicott\n|-sidestart|p2: koolkidz4life|move: Tailwind\n|move|p2b: Annihilape|Rage Fist|p1b: Gholdengo\n|-damage|p1b: Gholdengo|51\/100\n|move|p1b: Gholdengo|Make It Rain|p2b: Annihilape|[spread] p2a,p2b\n|-supereffective|p2a: Whimsicott\n|-resisted|p2b: Annihilape\n|-damage|p2a: Whimsicott|0 fnt\n|-damage|p2b: Annihilape|0 fnt\n|-unboost|p1b: Gholdengo|spa|1\n|faint|p2a: Whimsicott\n|faint|p2b: Annihilape\n|move|p1a: Archaludon|Electro Shot||[still]\n|-prepare|p1a: Archaludon|Electro Shot\n|-boost|p1a: Archaludon|spa|1\n|-anim|p1a: Archaludon|Electro Shot|p2: Whimsicott|[notarget]\n|-fail|p1a: Archaludon\n|\n|-weather|RainDance|[upkeep]\n|upkeep\n|\n|t:|1727965065\n|switch|p2a: Gholdengo|Gholdengo, L50|100\/100\n|switch|p2b: Dragonite|Dragonite, L50, F|100\/100\n|turn|6\n|\n|t:|1727965074\n|move|p2a: Gholdengo|Nasty Plot|p2a: Gholdengo\n|-boost|p2a: Gholdengo|spa|2\n|move|p2b: Dragonite|Brick Break|p1b: Gholdengo\n|-supereffective|p1b: Gholdengo\n|-damage|p1b: Gholdengo|0 fnt\n|faint|p1b: Gholdengo\n|-damage|p2b: Dragonite|91\/100|[from] item: Life Orb\n|move|p1a: Archaludon|Electro Shot||[still]\n|-prepare|p1a: Archaludon|Electro Shot\n|-boost|p1a: Archaludon|spa|1\n|-anim|p1a: Archaludon|Electro Shot|p2a: Gholdengo\n|-damage|p2a: Gholdengo|21\/100\n|\n|-weather|RainDance|[upkeep]\n|upkeep\n|turn|7\n|\n|t:|1727965084\n|move|p2a: Gholdengo|Shadow Ball|p1a: Archaludon\n|-damage|p1a: Archaludon|47\/100\n|-unboost|p1a: Archaludon|spd|1\n|-ability|p1a: Archaludon|Stamina|boost\n|-boost|p1a: Archaludon|def|1\n|move|p2b: Dragonite|Brick Break|p1a: Archaludon\n|-supereffective|p1a: Archaludon\n|-damage|p1a: Archaludon|16\/100\n|-ability|p1a: Archaludon|Stamina|boost\n|-boost|p1a: Archaludon|def|1\n|-damage|p2b: Dragonite|81\/100|[from] item: Life Orb\n|move|p1a: Archaludon|Electro Shot||[still]\n|-prepare|p1a: Archaludon|Electro Shot\n|-boost|p1a: Archaludon|spa|1\n|-anim|p1a: Archaludon|Electro Shot|p2a: Gholdengo\n|-damage|p2a: Gholdengo|0 fnt\n|faint|p2a: Gholdengo\n|\n|-weather|RainDance|[upkeep]\n|upkeep\n|turn|8\n|\n|t:|1727965089\n|move|p2b: Dragonite|Brick Break|p1a: Archaludon\n|-supereffective|p1a: Archaludon\n|-damage|p1a: Archaludon|0 fnt\n|faint|p1a: Archaludon\n|-damage|p2b: Dragonite|72\/100|[from] item: Life Orb\n|\n|win|koolkidz4life\n|raw|pr0xsome's rating: 1740 &rarr; <strong>1719<\/strong><br \/>(-21 for losing)\n|raw|koolkidz4life's rating: 1718 &rarr; <strong>1739<\/strong><br \/>(+21 for winning)\n|l|\u2606pr0xsome\n|player|p1|\n|l|\u2606koolkidz4life\n|player|p2|\n","uploadtime":1727965120,"views":21,"formatid":"gen9vgc2024regh","rating":1719,"private":0,"password":null}