{"id":"gen9vgc2024regh-2215413817","format":"[Gen 9] VGC 2024 Reg H","players":["chiitancrazymascot","Dylantr0VGC_"],"log":"|j|\u2606chiitancrazymascot\n|j|\u2606Dylantr0VGC_\n|t:|1727998840\n|gametype|doubles\n|player|p1|chiitancrazymascot|pokemaniac|1648\n|player|p2|Dylantr0VGC_|1|1697\n|teamsize|p1|6\n|teamsize|p2|6\n|gen|9\n|tier|[Gen 9] VGC 2024 Reg H\n|rated|\n|rule|Species Clause: Limit one of each Pok\u00e9mon\n|rule|Item Clause: Limit 1 of each item\n|clearpoke\n|poke|p1|Annihilape, L50, M|\n|poke|p1|Dondozo, L50, M|\n|poke|p1|Maushold-Four, L50|\n|poke|p1|Gholdengo, L50|\n|poke|p1|Whimsicott, L50, M|\n|poke|p1|Tatsugiri, L50, M|\n|poke|p2|Braviary-Hisui, L50, M|\n|poke|p2|Sneasler, L50, M|\n|poke|p2|Zoroark-Hisui, L50, M|\n|poke|p2|Clefable, L50, M|\n|poke|p2|Kingambit, L50, M|\n|poke|p2|Rillaboom, L50, F|\n|teampreview|4\n|inactive|Battle timer is ON: inactive players will automatically lose when time's up. (requested by chiitancrazymascot)\nDylantr0VGC_ has agreed to open team sheets.\nchiitancrazymascot has agreed to open team sheets.\n|inactive|chiitancrazymascot has 30 seconds left.\n|\n|t:|1727998876\n|start\n|switch|p1a: Whimsicott|Whimsicott, L50, M, shiny|100\/100\n|switch|p1b: Gholdengo|Gholdengo, L50|100\/100\n|switch|p2a: Braviary|Braviary-Hisui, L50, M|100\/100\n|switch|p2b: Sneasler|Sneasler, L50, M|100\/100\n|turn|1\n|\n|t:|1727998889\n|-terastallize|p2a: Braviary|Fire\n|move|p1a: Whimsicott|Tailwind|p1a: Whimsicott\n|-sidestart|p1: chiitancrazymascot|move: Tailwind\n|move|p1b: Gholdengo|Make It Rain|p2a: Braviary|[spread] p2a,p2b\n|-resisted|p2a: Braviary\n|-damage|p2a: Braviary|53\/100\n|-enditem|p2b: Sneasler|Focus Sash\n|-damage|p2b: Sneasler|1\/100\n|-unboost|p1b: Gholdengo|spa|1\n|replace|p2b: Zoroark|Zoroark-Hisui, L50, M\n|-end|p2b: Zoroark|Illusion\n|move|p2b: Zoroark|Bitter Malice|p1b: Gholdengo\n|-supereffective|p1b: Gholdengo\n|-damage|p1b: Gholdengo|25\/100\n|-unboost|p1b: Gholdengo|atk|1\n|move|p2a: Braviary|Heat Wave|p1b: Gholdengo|[spread] p1a,p1b\n|-supereffective|p1a: Whimsicott\n|-supereffective|p1b: Gholdengo\n|-damage|p1a: Whimsicott|0 fnt\n|-damage|p1b: Gholdengo|0 fnt\n|faint|p1a: Whimsicott\n|faint|p1b: Gholdengo\n|\n|upkeep\n|\n|t:|1727998906\n|switch|p1a: Dondozo|Dondozo, L50, M, shiny|100\/100\n|switch|p1b: Tatsugiri|Tatsugiri, L50, M, shiny|100\/100\n|-activate|p1b: Tatsugiri|ability: Commander|[of] p1a: Dondozo\n|-boost|p1a: Dondozo|atk|2\n|-boost|p1a: Dondozo|spa|2\n|-boost|p1a: Dondozo|spe|2\n|-boost|p1a: Dondozo|def|2\n|-boost|p1a: Dondozo|spd|2\n|turn|2\n|\n|t:|1727998914\n|switch|p2b: Rillaboom|Rillaboom, L50, F|100\/100\n|-fieldstart|move: Grassy Terrain|[from] ability: Grassy Surge|[of] p2b: Rillaboom\n|move|p2a: Braviary|Protect|p2a: Braviary\n|-singleturn|p2a: Braviary|Protect\n|move|p1a: Dondozo|Order Up|p2b: Rillaboom\n|-damage|p2b: Rillaboom|48\/100\n|-boost|p1a: Dondozo|atk|1\n|\n|-heal|p2a: Braviary|59\/100|[from] Grassy Terrain\n|-heal|p2b: Rillaboom|54\/100|[from] Grassy Terrain\n|upkeep\n|turn|3\n|\n|t:|1727998933\n|move|p1a: Dondozo|Protect|p1a: Dondozo\n|-singleturn|p1a: Dondozo|Protect\n|move|p2b: Rillaboom|Fake Out|p1a: Dondozo\n|-activate|p1a: Dondozo|move: Protect\n|move|p2a: Braviary|Psychic|p1a: Dondozo\n|-activate|p1a: Dondozo|move: Protect\n|\n|-heal|p2a: Braviary|65\/100|[from] Grassy Terrain\n|-heal|p2b: Rillaboom|60\/100|[from] Grassy Terrain\n|upkeep\n|turn|4\n|\n|t:|1727998943\n|move|p1a: Dondozo|Order Up|p2b: Rillaboom\n|-damage|p2b: Rillaboom|0 fnt\n|faint|p2b: Rillaboom\n|-boost|p1a: Dondozo|atk|1\n|move|p2a: Braviary|Psychic|p1a: Dondozo\n|-damage|p1a: Dondozo|59\/100\n|\n|-heal|p1a: Dondozo|65\/100|[from] Grassy Terrain\n|-heal|p1a: Dondozo|71\/100|[from] item: Leftovers\n|-heal|p2a: Braviary|71\/100|[from] Grassy Terrain\n|-sideend|p1: chiitancrazymascot|move: Tailwind\n|upkeep\n|\n|t:|1727998958\n|switch|p2b: Sneasler|Sneasler, L50, M|1\/100\n|turn|5\n|\n|t:|1727998965\n|move|p1a: Dondozo|Protect|p1a: Dondozo\n|-singleturn|p1a: Dondozo|Protect\n|move|p2b: Sneasler|Bitter Malice|p1a: Dondozo\n|-activate|p1a: Dondozo|move: Protect\n|move|p2a: Braviary|Psychic|p1a: Dondozo\n|-activate|p1a: Dondozo|move: Protect\n|\n|-heal|p2b: Sneasler|7\/100|[from] Grassy Terrain\n|-heal|p1a: Dondozo|77\/100|[from] Grassy Terrain\n|-heal|p1a: Dondozo|84\/100|[from] item: Leftovers\n|-heal|p2a: Braviary|77\/100|[from] Grassy Terrain\n|upkeep\n|turn|6\n|\n|t:|1727998969\n|move|p2b: Sneasler|Bitter Malice|p1a: Dondozo\n|-damage|p1a: Dondozo|62\/100\n|-unboost|p1a: Dondozo|atk|1\n|move|p1a: Dondozo|Order Up|p2b: Sneasler\n|-crit|p2b: Sneasler\n|-damage|p2b: Sneasler|0 fnt\n|replace|p2b: Zoroark|Zoroark-Hisui, L50, M\n|-end|p2b: Zoroark|Illusion\n|faint|p2b: Zoroark\n|-boost|p1a: Dondozo|atk|1\n|move|p2a: Braviary|Psychic|p1a: Dondozo\n|-damage|p1a: Dondozo|19\/100\n|\n|-heal|p1a: Dondozo|25\/100|[from] Grassy Terrain\n|-heal|p1a: Dondozo|31\/100|[from] item: Leftovers\n|-heal|p2a: Braviary|84\/100|[from] Grassy Terrain\n|-fieldend|move: Grassy Terrain\n|upkeep\n|\n|t:|1727998977\n|switch|p2b: Sneasler|Sneasler, L50, M|100\/100\n|turn|7\n|\n|t:|1727998982\n|move|p1a: Dondozo|Protect|p1a: Dondozo\n|-singleturn|p1a: Dondozo|Protect\n|move|p2b: Sneasler|Fake Out|p1a: Dondozo\n|-activate|p1a: Dondozo|move: Protect\n|move|p2a: Braviary|Psychic|p1a: Dondozo\n|-activate|p1a: Dondozo|move: Protect\n|\n|-heal|p1a: Dondozo|38\/100|[from] item: Leftovers\n|upkeep\n|turn|8\n|j| andrekratos\n|\n|t:|1727998998\n|move|p2b: Sneasler|Dire Claw|p1a: Dondozo\n|-damage|p1a: Dondozo|22\/100\n|move|p1a: Dondozo|Order Up|p2a: Braviary\n|-damage|p2a: Braviary|0 fnt\n|faint|p2a: Braviary\n|-boost|p1a: Dondozo|atk|1\n|\n|-heal|p1a: Dondozo|28\/100|[from] item: Leftovers\n|upkeep\n|turn|9\n|-message|Dylantr0VGC_ forfeited.\n|\n|win|chiitancrazymascot\n|raw|chiitancrazymascot's rating: 1648 &rarr; <strong>1671<\/strong><br \/>(+23 for winning)\n|raw|Dylantr0VGC_'s rating: 1697 &rarr; <strong>1674<\/strong><br \/>(-23 for losing)\n|l|\u2606Dylantr0VGC_\n|player|p2|\n","uploadtime":1727999014,"views":17,"formatid":"gen9vgc2024regh","rating":1671,"private":0,"password":null}