{"id":"gen9vgc2024regh-2215300901","format":"[Gen 9] VGC 2024 Reg H","players":["very demure","fangame10"],"log":"|j|\u2606very demure\n|j|\u2606fangame10\n|t:|1727986526\n|gametype|doubles\n|player|p1|very demure|dawn-gen4pt|1788\n|player|p2|fangame10|red|1769\n|teamsize|p1|6\n|teamsize|p2|6\n|gen|9\n|tier|[Gen 9] VGC 2024 Reg H\n|rated|\n|rule|Species Clause: Limit one of each Pok\u00e9mon\n|rule|Item Clause: Limit 1 of each item\n|clearpoke\n|poke|p1|Grimmsnarl, L50, M|\n|poke|p1|Annihilape, L50, M|\n|poke|p1|Gholdengo, L50|\n|poke|p1|Ursaluna-Bloodmoon, L50, M|\n|poke|p1|Dragonite, L50, M|\n|poke|p1|Volcarona, L50, M|\n|poke|p2|Glaceon, L50, F|\n|poke|p2|Ninetales-Alola, L50, F|\n|poke|p2|Milotic, L50, M|\n|poke|p2|Skeledirge, L50, M|\n|poke|p2|Dragapult, L50, F|\n|poke|p2|Sneasler, L50, M|\n|teampreview|4\n|inactive|Battle timer is ON: inactive players will automatically lose when time's up. (requested by fangame10)\n|j|+Mengy \u32db\n|\n|t:|1727986556\n|start\n|switch|p1a: Grimmsnarl|Grimmsnarl, L50, M|100\/100\n|switch|p1b: Gholdengo|Gholdengo, L50|100\/100\n|switch|p2a: Ninetales|Ninetales-Alola, L50, F, shiny|100\/100\n|switch|p2b: Milotic|Milotic, L50, M, shiny|100\/100\n|-weather|Snow|[from] ability: Snow Warning|[of] p2a: Ninetales\n|turn|1\n|\n|t:|1727986578\n|move|p2a: Ninetales|Protect|p2a: Ninetales\n|-singleturn|p2a: Ninetales|Protect\n|move|p1a: Grimmsnarl|Light Screen|p1a: Grimmsnarl\n|-sidestart|p1: very demure|move: Light Screen\n|move|p1b: Gholdengo|Make It Rain|p2a: Ninetales|[spread] p2b\n|-activate|p2a: Ninetales|move: Protect\n|-resisted|p2b: Milotic\n|-damage|p2b: Milotic|84\/100\n|-unboost|p1b: Gholdengo|spa|1\n|move|p2b: Milotic|Hypnosis|p1a: Grimmsnarl|[miss]\n|-miss|p2b: Milotic|p1a: Grimmsnarl\n|\n|-weather|Snow|[upkeep]\n|upkeep\n|turn|2\n|\n|t:|1727986597\n|switch|p1b: Annihilape|Annihilape, L50, M|100\/100\n|move|p1a: Grimmsnarl|Misty Terrain|p1a: Grimmsnarl\n|-fieldstart|move: Misty Terrain\n|move|p2a: Ninetales|Aurora Veil|p2a: Ninetales\n|-sidestart|p2: fangame10|move: Aurora Veil\n|move|p2b: Milotic|Coil|p2b: Milotic\n|-boost|p2b: Milotic|atk|1\n|-boost|p2b: Milotic|def|1\n|-boost|p2b: Milotic|accuracy|1\n|\n|-weather|Snow|[upkeep]\n|upkeep\n|turn|3\n|\n|t:|1727986610\n|switch|p2b: Skeledirge|Skeledirge, L50, M, shiny|100\/100\n|move|p2a: Ninetales|Moonblast|p1a: Grimmsnarl\n|-supereffective|p1a: Grimmsnarl\n|-damage|p1a: Grimmsnarl|62\/100\n|move|p1b: Annihilape|Bulk Up|p1b: Annihilape\n|-boost|p1b: Annihilape|atk|1\n|-boost|p1b: Annihilape|def|1\n|move|p1a: Grimmsnarl|Spirit Break|p2a: Ninetales\n|-damage|p2a: Ninetales|80\/100\n|-unboost|p2a: Ninetales|spa|1\n|\n|-weather|Snow|[upkeep]\n|upkeep\n|turn|4\n|j| Back2Reality\n|inactive|very demure has 30 seconds left.\n|inactive|fangame10 has 30 seconds left.\n|inactive|very demure has 20 seconds left.\n|inactive|very demure has 15 seconds left.\n|inactive|very demure has 10 seconds left.\n|\n|t:|1727986656\n|move|p2a: Ninetales|Moonblast|p1a: Grimmsnarl\n|-supereffective|p1a: Grimmsnarl\n|-damage|p1a: Grimmsnarl|35\/100\n|move|p1b: Annihilape|Rage Fist|p2b: Skeledirge\n|-supereffective|p2b: Skeledirge\n|-damage|p2b: Skeledirge|75\/100\n|move|p2b: Skeledirge|Torch Song|p1a: Grimmsnarl\n|-damage|p1a: Grimmsnarl|13\/100\n|-boost|p2b: Skeledirge|spa|1\n|move|p1a: Grimmsnarl|Spirit Break|p2b: Skeledirge\n|-resisted|p2b: Skeledirge\n|-damage|p2b: Skeledirge|67\/100\n|-unboost|p2b: Skeledirge|spa|1\n|\n|-weather|Snow|[upkeep]\n|-heal|p2b: Skeledirge|72\/100|[from] item: Leftovers\n|upkeep\n|turn|5\n|inactive|very demure has 30 seconds left.\n|inactive|fangame10 has 30 seconds left.\n|inactive|very demure has 20 seconds left.\n|inactive|very demure has 15 seconds left.\n|inactive|fangame10 has 20 seconds left.\n|\n|t:|1727986698\n|switch|p1a: Ursaluna|Ursaluna-Bloodmoon, L50, M|100\/100\n|move|p2b: Skeledirge|Protect|p2b: Skeledirge\n|-singleturn|p2b: Skeledirge|Protect\n|move|p2a: Ninetales|Moonblast|p1a: Ursaluna\n|-damage|p1a: Ursaluna|90\/100\n|move|p1b: Annihilape|Rage Fist|p2b: Skeledirge\n|-activate|p2b: Skeledirge|move: Protect\n|\n|-weather|none\n|-heal|p2b: Skeledirge|78\/100|[from] item: Leftovers\n|upkeep\n|turn|6\n|\n|t:|1727986706\n|move|p2a: Ninetales|Moonblast|p1a: Ursaluna\n|-damage|p1a: Ursaluna|79\/100\n|-unboost|p1a: Ursaluna|spa|1\n|move|p1b: Annihilape|Rage Fist|p2b: Skeledirge\n|-supereffective|p2b: Skeledirge\n|-damage|p2b: Skeledirge|52\/100\n|move|p2b: Skeledirge|Torch Song|p1a: Ursaluna\n|-damage|p1a: Ursaluna|60\/100\n|-boost|p2b: Skeledirge|spa|1\n|move|p1a: Ursaluna|Earth Power|p2b: Skeledirge\n|-supereffective|p2b: Skeledirge\n|-damage|p2b: Skeledirge|0 fnt\n|faint|p2b: Skeledirge\n|\n|-fieldend|Misty Terrain\n|upkeep\n|\n|t:|1727986712\n|switch|p2b: Milotic|Milotic, L50, M, shiny|84\/100\n|turn|7\n|\n|t:|1727986735\n|switch|p2a: Glaceon|Glaceon, L50, F, shiny|100\/100\n|switch|p1a: Gholdengo|Gholdengo, L50|100\/100\n|move|p1b: Annihilape|Rage Fist|p2a: Glaceon\n|-damage|p2a: Glaceon|79\/100\n|move|p2b: Milotic|Hypnosis|p1b: Annihilape\n|-status|p1b: Annihilape|slp|[from] move: Hypnosis\n|\n|upkeep\n|turn|8\n|inactive|very demure has 30 seconds left.\n|\n|t:|1727986774\n|-terastallize|p2a: Glaceon|Fire\n|move|p1a: Gholdengo|Thunderbolt|p2b: Milotic\n|-supereffective|p2b: Milotic\n|-damage|p2b: Milotic|59\/100\n|cant|p1b: Annihilape|slp\n|move|p2b: Milotic|Coil|p2b: Milotic\n|-boost|p2b: Milotic|atk|1\n|-boost|p2b: Milotic|def|1\n|-boost|p2b: Milotic|accuracy|1\n|move|p2a: Glaceon|Tera Blast|p1a: Gholdengo|[anim] Tera Blast Fire\n|-supereffective|p1a: Gholdengo\n|-damage|p1a: Gholdengo|26\/100\n|\n|-sideend|p1: very demure|move: Light Screen\n|upkeep\n|turn|9\n|inactive|very demure has 30 seconds left.\n|inactive|fangame10 has 30 seconds left.\n|\n|t:|1727986810\n|move|p1a: Gholdengo|Thunderbolt|p2b: Milotic\n|-supereffective|p2b: Milotic\n|-damage|p2b: Milotic|33\/100\n|-enditem|p2b: Milotic|Sitrus Berry|[eat]\n|-heal|p2b: Milotic|58\/100|[from] item: Sitrus Berry\n|-curestatus|p1b: Annihilape|slp|[msg]\n|move|p1b: Annihilape|Bulk Up|p1b: Annihilape\n|-boost|p1b: Annihilape|atk|1\n|-boost|p1b: Annihilape|def|1\n|move|p2b: Milotic|Muddy Water|p1b: Annihilape|[spread] p1a,p1b\n|-damage|p1a: Gholdengo|0 fnt\n|-damage|p1b: Annihilape|81\/100\n|-unboost|p1b: Annihilape|accuracy|1\n|-ability|p1b: Annihilape|Defiant|boost\n|-boost|p1b: Annihilape|atk|2\n|faint|p1a: Gholdengo\n|move|p2a: Glaceon|Freeze-Dry|p1b: Annihilape\n|-damage|p1b: Annihilape|46\/100\n|-status|p1b: Annihilape|frz\n|\n|-heal|p1b: Annihilape|52\/100 frz|[from] item: Leftovers\n|-sideend|p2: fangame10|move: Aurora Veil\n|upkeep\n|\n|t:|1727986821\n|switch|p1a: Grimmsnarl|Grimmsnarl, L50, M|13\/100\n|turn|10\n|\n|t:|1727986833\n|move|p1a: Grimmsnarl|Light Screen|p1a: Grimmsnarl\n|-sidestart|p1: very demure|move: Light Screen\n|-curestatus|p1b: Annihilape|frz|[msg]\n|move|p1b: Annihilape|Rage Fist|p2a: Glaceon\n|-damage|p2a: Glaceon|0 fnt\n|faint|p2a: Glaceon\n|move|p2b: Milotic|Muddy Water|p1a: Grimmsnarl|[spread] p1a,p1b\n|-damage|p1a: Grimmsnarl|0 fnt\n|-damage|p1b: Annihilape|38\/100\n|-unboost|p1b: Annihilape|accuracy|1\n|-ability|p1b: Annihilape|Defiant|boost\n|-boost|p1b: Annihilape|atk|2\n|faint|p1a: Grimmsnarl\n|\n|-heal|p1b: Annihilape|44\/100|[from] item: Leftovers\n|upkeep\n|\n|t:|1727986837\n|switch|p2a: Ninetales|Ninetales-Alola, L50, F, shiny|80\/100\n|switch|p1a: Ursaluna|Ursaluna-Bloodmoon, L50, M|60\/100\n|-weather|Snow|[from] ability: Snow Warning|[of] p2a: Ninetales\n|turn|11\n|inactive|very demure has 30 seconds left.\n|\n|t:|1727986868\n|-terastallize|p1a: Ursaluna|Normal\n|move|p2a: Ninetales|Blizzard|p1b: Annihilape|[spread] p1a,p1b\n|-damage|p1a: Ursaluna|44\/100\n|-damage|p1b: Annihilape|27\/100\n|move|p1b: Annihilape|Drain Punch|p2b: Milotic\n|-damage|p2b: Milotic|0 fnt\n|-heal|p1b: Annihilape|55\/100|[from] drain|[of] p2b: Milotic\n|faint|p2b: Milotic\n|move|p1a: Ursaluna|Hyper Voice|p2a: Ninetales\n|-damage|p2a: Ninetales|4\/100\n|\n|-weather|Snow|[upkeep]\n|-heal|p1b: Annihilape|61\/100|[from] item: Leftovers\n|upkeep\n|turn|12\n|-message|fangame10 forfeited.\n|\n|win|very demure\n|raw|very demure's rating: 1788 &rarr; <strong>1807<\/strong><br \/>(+19 for winning)\n|raw|fangame10's rating: 1769 &rarr; <strong>1750<\/strong><br \/>(-19 for losing)\n|l|\u2606fangame10\n|player|p2|\n","uploadtime":1727986886,"views":94,"formatid":"gen9vgc2024regh","rating":1750,"private":0,"password":null}