{"id":"gen9vgc2024regh-2215218315","format":"[Gen 9] VGC 2024 Reg H","players":["coolestmolerat","Shikanoko32"],"log":"|j|\u2606coolestmolerat\n|j|\u2606Shikanoko32\n|t:|1727979045\n|gametype|doubles\n|player|p1|coolestmolerat|hugh|1700\n|player|p2|Shikanoko32|101|1737\n|teamsize|p1|6\n|teamsize|p2|6\n|gen|9\n|tier|[Gen 9] VGC 2024 Reg H\n|rated|\n|rule|Species Clause: Limit one of each Pok\u00e9mon\n|rule|Item Clause: Limit 1 of each item\n|clearpoke\n|poke|p1|Tyranitar, L50, F|\n|poke|p1|Excadrill, L50, M|\n|poke|p1|Amoonguss, L50, F|\n|poke|p1|Primarina, L50, M|\n|poke|p1|Dragapult, L50, F|\n|poke|p1|Sneasler, L50, M|\n|poke|p2|Rillaboom, L50, F|\n|poke|p2|Incineroar, L50, M|\n|poke|p2|Altaria, L50, F|\n|poke|p2|Electabuzz, L50, F|\n|poke|p2|Gholdengo, L50|\n|poke|p2|Milotic, L50, M|\n|teampreview|4\n|\n|t:|1727979118\n|start\n|switch|p1a: Dragapult|Dragapult, L50, F|100\/100\n|switch|p1b: Sneasler|Sneasler, L50, M|100\/100\n|switch|p2a: Incineroar|Incineroar, L50, M|100\/100\n|switch|p2b: Milotic|Milotic, L50, M|100\/100\n|-ability|p2a: Incineroar|Intimidate|boost\n|-fail|p1a: Dragapult|unboost|[from] ability: Clear Body|[of] p1a: Dragapult\n|-fail|p1b: Sneasler|unboost|[from] item: Clear Amulet|[of] p1b: Sneasler\n|turn|1\n|inactive|Battle timer is ON: inactive players will automatically lose when time's up. (requested by coolestmolerat)\n|\n|t:|1727979140\n|-terastallize|p2a: Incineroar|Ghost\n|move|p1b: Sneasler|Fake Out|p2a: Incineroar\n|-immune|p2a: Incineroar\n|move|p1a: Dragapult|Thunderbolt|p2b: Milotic\n|-supereffective|p2b: Milotic\n|-damage|p2b: Milotic|48\/100\n|move|p2a: Incineroar|Knock Off|p1a: Dragapult\n|-supereffective|p1a: Dragapult\n|-damage|p1a: Dragapult|0 fnt\n|-enditem|p1a: Dragapult|Choice Specs|[from] move: Knock Off|[of] p2a: Incineroar\n|faint|p1a: Dragapult\n|move|p2b: Milotic|Coil|p2b: Milotic\n|-boost|p2b: Milotic|atk|1\n|-boost|p2b: Milotic|def|1\n|-boost|p2b: Milotic|accuracy|1\n|\n|upkeep\n|\n|t:|1727979151\n|switch|p1a: Tyranitar|Tyranitar, L50, F|100\/100\n|-weather|Sandstorm|[from] ability: Sand Stream|[of] p1a: Tyranitar\n|turn|2\n|\n|t:|1727979165\n|switch|p2a: Rillaboom|Rillaboom, L50, F, shiny|100\/100\n|-fieldstart|move: Grassy Terrain|[from] ability: Grassy Surge|[of] p2a: Rillaboom\n|move|p1b: Sneasler|Dire Claw|p2b: Milotic\n|-damage|p2b: Milotic|18\/100\n|move|p2b: Milotic|Recover|p2b: Milotic\n|-heal|p2b: Milotic|68\/100\n|move|p1a: Tyranitar|Knock Off|p2a: Rillaboom\n|-damage|p2a: Rillaboom|48\/100\n|-enditem|p2a: Rillaboom|Assault Vest|[from] move: Knock Off|[of] p1a: Tyranitar\n|\n|-weather|Sandstorm|[upkeep]\n|-damage|p1b: Sneasler|95\/100|[from] Sandstorm\n|-damage|p2a: Rillaboom|43\/100|[from] Sandstorm\n|-damage|p2b: Milotic|62\/100|[from] Sandstorm\n|-heal|p1b: Sneasler|100\/100|[from] Grassy Terrain\n|-heal|p2a: Rillaboom|48\/100|[from] Grassy Terrain\n|-heal|p2b: Milotic|68\/100|[from] Grassy Terrain\n|upkeep\n|turn|3\n|\n|t:|1727979188\n|-terastallize|p1a: Tyranitar|Flying\n|move|p1b: Sneasler|Protect|p1b: Sneasler\n|-singleturn|p1b: Sneasler|Protect\n|move|p2a: Rillaboom|Fake Out|p1b: Sneasler\n|-activate|p1b: Sneasler|move: Protect\n|move|p2b: Milotic|Hypnosis|p1a: Tyranitar\n|-status|p1a: Tyranitar|slp|[from] move: Hypnosis\n|cant|p1a: Tyranitar|slp\n|\n|-weather|Sandstorm|[upkeep]\n|-damage|p1b: Sneasler|95\/100|[from] Sandstorm\n|-damage|p2a: Rillaboom|43\/100|[from] Sandstorm\n|-damage|p2b: Milotic|62\/100|[from] Sandstorm\n|-damage|p1a: Tyranitar|95\/100 slp|[from] Sandstorm\n|-heal|p1b: Sneasler|100\/100|[from] Grassy Terrain\n|-heal|p2a: Rillaboom|48\/100|[from] Grassy Terrain\n|-heal|p2b: Milotic|68\/100|[from] Grassy Terrain\n|upkeep\n|turn|4\n|\n|t:|1727979212\n|move|p2a: Rillaboom|Grassy Glide|p1b: Sneasler\n|-resisted|p1b: Sneasler\n|-damage|p1b: Sneasler|67\/100\n|move|p1b: Sneasler|Dire Claw|p2a: Rillaboom\n|-supereffective|p2a: Rillaboom\n|-damage|p2a: Rillaboom|0 fnt\n|faint|p2a: Rillaboom\n|move|p2b: Milotic|Coil|p2b: Milotic\n|-boost|p2b: Milotic|atk|1\n|-boost|p2b: Milotic|def|1\n|-boost|p2b: Milotic|accuracy|1\n|-curestatus|p1a: Tyranitar|slp|[msg]\n|move|p1a: Tyranitar|Tera Blast|p2b: Milotic|[anim] Tera Blast Flying\n|-damage|p2b: Milotic|47\/100\n|\n|-weather|Sandstorm|[upkeep]\n|-damage|p1b: Sneasler|61\/100|[from] Sandstorm\n|-damage|p2b: Milotic|41\/100|[from] Sandstorm\n|-damage|p1a: Tyranitar|89\/100|[from] Sandstorm\n|-heal|p1b: Sneasler|67\/100|[from] Grassy Terrain\n|-heal|p2b: Milotic|47\/100|[from] Grassy Terrain\n|upkeep\n|\n|t:|1727979230\n|switch|p2a: Gholdengo|Gholdengo, L50|100\/100\n|turn|5\n|\n|t:|1727979250\n|move|p1b: Sneasler|Dire Claw|p2b: Milotic\n|-damage|p2b: Milotic|26\/100\n|move|p2a: Gholdengo|Nasty Plot|p2a: Gholdengo\n|-boost|p2a: Gholdengo|spa|2\n|move|p2b: Milotic|Hypnosis|p1a: Tyranitar\n|-status|p1a: Tyranitar|slp|[from] move: Hypnosis\n|cant|p1a: Tyranitar|slp\n|\n|-weather|Sandstorm|[upkeep]\n|-damage|p1b: Sneasler|61\/100|[from] Sandstorm\n|-damage|p2b: Milotic|20\/100|[from] Sandstorm\n|-damage|p1a: Tyranitar|83\/100 slp|[from] Sandstorm\n|-heal|p1b: Sneasler|67\/100|[from] Grassy Terrain\n|-heal|p2b: Milotic|26\/100|[from] Grassy Terrain\n|upkeep\n|turn|6\n|\n|t:|1727979265\n|move|p1b: Sneasler|Dire Claw|p2b: Milotic\n|-damage|p2b: Milotic|5\/100\n|move|p2a: Gholdengo|Make It Rain|p1b: Sneasler|[spread] p1a,p1b\n|-damage|p1a: Tyranitar|31\/100 slp\n|-damage|p1b: Sneasler|0 fnt\n|-unboost|p2a: Gholdengo|spa|1\n|faint|p1b: Sneasler\n|move|p2b: Milotic|Recover|p2b: Milotic\n|-heal|p2b: Milotic|55\/100\n|-curestatus|p1a: Tyranitar|slp|[msg]\n|move|p1a: Tyranitar|Knock Off|p2a: Gholdengo\n|-supereffective|p2a: Gholdengo\n|-damage|p2a: Gholdengo|0 fnt\n|-enditem|p2a: Gholdengo|Leftovers|[from] move: Knock Off|[of] p1a: Tyranitar\n|faint|p2a: Gholdengo\n|\n|-weather|none\n|-heal|p2b: Milotic|61\/100|[from] Grassy Terrain\n|-fieldend|move: Grassy Terrain\n|upkeep\n|\n|t:|1727979283\n|switch|p1b: Excadrill|Excadrill, L50, M|100\/100\n|switch|p2a: Incineroar|Incineroar, L50, M, tera:Ghost|100\/100\n|-ability|p2a: Incineroar|Intimidate|boost\n|-unboost|p1a: Tyranitar|atk|1\n|-unboost|p1b: Excadrill|atk|1\n|turn|7\n|\n|t:|1727979294\n|move|p1b: Excadrill|Protect|p1b: Excadrill\n|-singleturn|p1b: Excadrill|Protect\n|move|p2a: Incineroar|Fake Out|p1b: Excadrill\n|-activate|p1b: Excadrill|move: Protect\n|move|p2b: Milotic|Hypnosis|p1a: Tyranitar\n|-status|p1a: Tyranitar|slp|[from] move: Hypnosis\n|cant|p1a: Tyranitar|slp\n|\n|upkeep\n|turn|8\n|\n|t:|1727979308\n|move|p1b: Excadrill|Earthquake|p2b: Milotic|[spread] p2a,p2b\n|-immune|p1a: Tyranitar\n|-damage|p2a: Incineroar|76\/100\n|-damage|p2b: Milotic|48\/100\n|move|p2a: Incineroar|Knock Off|p1a: Tyranitar\n|-damage|p1a: Tyranitar|0 fnt\n|-enditem|p1a: Tyranitar|Assault Vest|[from] move: Knock Off|[of] p2a: Incineroar\n|faint|p1a: Tyranitar\n|move|p2b: Milotic|Muddy Water|p1b: Excadrill\n|-supereffective|p1b: Excadrill\n|-damage|p1b: Excadrill|18\/100\n|-unboost|p1b: Excadrill|accuracy|1\n|\n|upkeep\n|turn|9\n|-message|coolestmolerat forfeited.\n|\n|win|Shikanoko32\n|raw|coolestmolerat's rating: 1700 &rarr; <strong>1682<\/strong><br \/>(-18 for losing)\n|raw|Shikanoko32's rating: 1737 &rarr; <strong>1755<\/strong><br \/>(+18 for winning)\n|l|\u2606coolestmolerat\n|player|p1|\n","uploadtime":1727979323,"views":14,"formatid":"gen9vgc2024regh","rating":1682,"private":0,"password":null}