{"id":"gen9vgc2024regh-2215732086","format":"[Gen 9] VGC 2024 Reg H","players":["Topperlecat","winterbreak"],"log":"|j|\u2606Topperlecat\n|j|\u2606winterbreak\n|t:|1728044920\n|gametype|doubles\n|player|p1|Topperlecat|aquasuit|1729\n|player|p2|winterbreak|lucas-gen4pt|1842\n|teamsize|p1|6\n|teamsize|p2|6\n|gen|9\n|tier|[Gen 9] VGC 2024 Reg H\n|rated|\n|rule|Species Clause: Limit one of each Pok\u00e9mon\n|rule|Item Clause: Limit 1 of each item\n|clearpoke\n|poke|p1|Dondozo, L50, M|\n|poke|p1|Tatsugiri, L50, M|\n|poke|p1|Weezing-Galar, L50, M|\n|poke|p1|Corviknight, L50, M|\n|poke|p1|Garchomp, L50, M|\n|poke|p1|Slaking, L50, M|\n|poke|p2|Serperior, L50, M|\n|poke|p2|Dragonite, L50, F|\n|poke|p2|Smeargle, L50, F|\n|poke|p2|Incineroar, L50, F|\n|poke|p2|Gholdengo, L50|\n|poke|p2|Ursaluna-Bloodmoon, L50, M|\n|teampreview|4\n|\n|t:|1728044959\n|start\n|switch|p1a: Weezing|Weezing-Galar, L50, M|100\/100\n|switch|p1b: Slaking|Slaking, L50, M|100\/100\n|switch|p2a: Serperior|Serperior, L50, M|100\/100\n|switch|p2b: Ursaluna|Ursaluna-Bloodmoon, L50, M|100\/100\n|-ability|p1a: Weezing|Neutralizing Gas\n|turn|1\n|\n|t:|1728044972\n|switch|p2b: Gholdengo|Gholdengo, L50|100\/100\n|move|p1a: Weezing|Protect|p1a: Weezing\n|-singleturn|p1a: Weezing|Protect\n|move|p2a: Serperior|Reflect|p2a: Serperior\n|-sidestart|p2: winterbreak|Reflect\n|move|p1b: Slaking|Knock Off|p2b: Gholdengo\n|-supereffective|p2b: Gholdengo\n|-damage|p2b: Gholdengo|47\/100\n|-enditem|p2b: Gholdengo|Leftovers|[from] move: Knock Off|[of] p1b: Slaking\n|\n|upkeep\n|turn|2\n|j| sauromon\n|\n|t:|1728044985\n|move|p2a: Serperior|Glare|p1b: Slaking\n|-status|p1b: Slaking|par\n|move|p1a: Weezing|Sludge Bomb|p2a: Serperior\n|-supereffective|p2a: Serperior\n|-damage|p2a: Serperior|33\/100\n|move|p2b: Gholdengo|Make It Rain|p1a: Weezing|[spread] p1a,p1b\n|-supereffective|p1a: Weezing\n|-enditem|p1a: Weezing|Focus Sash\n|-damage|p1a: Weezing|1\/100\n|-damage|p1b: Slaking|68\/100 par\n|-unboost|p2b: Gholdengo|spa|1\n|cant|p1b: Slaking|par\n|\n|upkeep\n|turn|3\n|\n|t:|1728045012\n|move|p1a: Weezing|Protect|p1a: Weezing\n|-singleturn|p1a: Weezing|Protect\n|move|p2a: Serperior|Leaf Storm|p1a: Weezing\n|-activate|p1a: Weezing|move: Protect\n|move|p2b: Gholdengo|Nasty Plot|p2b: Gholdengo\n|-boost|p2b: Gholdengo|spa|2\n|move|p1b: Slaking|Double-Edge|p2a: Serperior\n|-damage|p2a: Serperior|0 fnt\n|faint|p2a: Serperior\n|-damage|p1b: Slaking|60\/100 par|[from] Recoil\n|\n|upkeep\n|\n|t:|1728045030\n|switch|p2a: Ursaluna|Ursaluna-Bloodmoon, L50, M|100\/100\n|turn|4\n|\n|t:|1728045045\n|move|p1a: Weezing|Strange Steam|p2a: Ursaluna\n|-damage|p2a: Ursaluna|73\/100\n|move|p2b: Gholdengo|Make It Rain|p1a: Weezing|[spread] p1a,p1b\n|-supereffective|p1a: Weezing\n|-damage|p1a: Weezing|0 fnt\n|-damage|p1b: Slaking|9\/100 par\n|-unboost|p2b: Gholdengo|spa|1\n|faint|p1a: Weezing\n|-end|p1a: Weezing|ability: Neutralizing Gas\n|move|p2a: Ursaluna|Hyper Voice|p1b: Slaking\n|-damage|p1b: Slaking|0 fnt\n|faint|p1b: Slaking\n|\n|upkeep\n|\n|t:|1728045048\n|switch|p1a: Tatsugiri|Tatsugiri, L50, M, shiny|100\/100\n|switch|p1b: Dondozo|Dondozo, L50, M|100\/100\n|-activate|p1a: Tatsugiri|ability: Commander|[of] p1b: Dondozo\n|-boost|p1b: Dondozo|atk|2\n|-boost|p1b: Dondozo|spa|2\n|-boost|p1b: Dondozo|spe|2\n|-boost|p1b: Dondozo|def|2\n|-boost|p1b: Dondozo|spd|2\n|turn|5\n|\n|t:|1728045071\n|switch|p2b: Incineroar|Incineroar, L50, F|100\/100\n|-ability|p2b: Incineroar|Intimidate|boost\n|-unboost|p1a: Tatsugiri|atk|1\n|-unboost|p1b: Dondozo|atk|1\n|-terastallize|p2a: Ursaluna|Normal\n|move|p1b: Dondozo|Protect|p1b: Dondozo\n|-singleturn|p1b: Dondozo|Protect\n|move|p2a: Ursaluna|Blood Moon|p1b: Dondozo\n|-activate|p1b: Dondozo|move: Protect\n|\n|upkeep\n|turn|6\n|\n|t:|1728045085\n|move|p2b: Incineroar|Fake Out|p1b: Dondozo\n|-damage|p1b: Dondozo|96\/100\n|cant|p1b: Dondozo|flinch\n|move|p2a: Ursaluna|Hyper Voice|p1b: Dondozo|[spread] p1b\n|-miss|p2a: Ursaluna|p1a: Tatsugiri\n|-damage|p1b: Dondozo|65\/100\n|\n|upkeep\n|turn|7\n|\n|t:|1728045103\n|switch|p2b: Gholdengo|Gholdengo, L50|47\/100\n|move|p1b: Dondozo|Order Up|p2a: Ursaluna\n|-damage|p2a: Ursaluna|53\/100\n|-boost|p1b: Dondozo|atk|1\n|move|p2a: Ursaluna|Blood Moon|p1b: Dondozo\n|-damage|p1b: Dondozo|10\/100\n|\n|upkeep\n|turn|8\n|\n|t:|1728045140\n|switch|p2b: Incineroar|Incineroar, L50, F|100\/100\n|-ability|p2b: Incineroar|Intimidate|boost\n|-unboost|p1a: Tatsugiri|atk|1\n|-unboost|p1b: Dondozo|atk|1\n|move|p1b: Dondozo|Earthquake|p2b: Incineroar|[spread] p2a,p2b\n|-miss|p1b: Dondozo|p1a: Tatsugiri\n|-supereffective|p2b: Incineroar\n|-damage|p2a: Ursaluna|35\/100\n|-damage|p2b: Incineroar|55\/100\n|move|p2a: Ursaluna|Hyper Voice|p1b: Dondozo|[spread] p1b\n|-miss|p2a: Ursaluna|p1a: Tatsugiri\n|-damage|p1b: Dondozo|0 fnt\n|faint|p1b: Dondozo\n|\n|-sideend|p2: winterbreak|Reflect\n|upkeep\n|turn|9\n|\n|t:|1728045154\n|-terastallize|p1a: Tatsugiri|Flying\n|move|p2b: Incineroar|Fake Out|p1a: Tatsugiri\n|-damage|p1a: Tatsugiri|82\/100\n|cant|p1a: Tatsugiri|flinch\n|move|p2a: Ursaluna|Blood Moon|p1a: Tatsugiri\n|-damage|p1a: Tatsugiri|0 fnt\n|faint|p1a: Tatsugiri\n|\n|win|winterbreak\n|raw|Topperlecat's rating: 1729 &rarr; <strong>1715<\/strong><br \/>(-14 for losing)\n|raw|winterbreak's rating: 1842 &rarr; <strong>1856<\/strong><br \/>(+14 for winning)\n|l|\u2606winterbreak\n|player|p2|\n|c|\u2606Topperlecat|GG\n|l|\u2606Topperlecat\n|player|p1|\n","uploadtime":1728045444,"views":53,"formatid":"gen9vgc2024regh","rating":1715,"private":0,"password":null}