{"id":"gen9vgc2024regh-2215769480","format":"[Gen 9] VGC 2024 Reg H","players":["dummevenus","Sparkbladexd"],"log":"|j|\u2606dummevenus\n|j|\u2606Sparkbladexd\n|t:|1728048870\n|gametype|doubles\n|player|p1|dummevenus|acerola-masters|1692\n|player|p2|Sparkbladexd|cynthia|1717\n|teamsize|p1|6\n|teamsize|p2|6\n|gen|9\n|tier|[Gen 9] VGC 2024 Reg H\n|rated|\n|rule|Species Clause: Limit one of each Pok\u00e9mon\n|rule|Item Clause: Limit 1 of each item\n|clearpoke\n|poke|p1|Farigiraf, L50, M|\n|poke|p1|Ursaluna-Bloodmoon, L50, M|\n|poke|p1|Pelipper, L50, F|\n|poke|p1|Rillaboom, L50, F|\n|poke|p1|Gallade, L50, M|\n|poke|p1|Gholdengo, L50|\n|poke|p2|Typhlosion-Hisui, L50, F|\n|poke|p2|Toedscruel, L50, M|\n|poke|p2|Corviknight, L50, M|\n|poke|p2|Weezing-Galar, L50, M|\n|poke|p2|Garchomp, L50, F|\n|poke|p2|Pawmot, L50, M|\n|teampreview|4\n|inactive|Battle timer is ON: inactive players will automatically lose when time's up. (requested by dummevenus)\n|inactive|Sparkbladexd also wants the timer to be on.\n|j| uppercut vgc\n|inactive|Sparkbladexd has 60 seconds left.\n|\n|t:|1728048902\n|start\n|switch|p1a: suguru gato|Farigiraf, L50, M|100\/100\n|switch|p1b: Gallade|Gallade, L50, M|100\/100\n|switch|p2a: Weezing|Weezing-Galar, L50, M|100\/100\n|switch|p2b: Toedscruel|Toedscruel, L50, M, shiny|100\/100\n|-ability|p2a: Weezing|Neutralizing Gas\n|turn|1\n|l| uppercut vgc\n|\n|t:|1728048918\n|move|p1b: Gallade|Protect|p1b: Gallade\n|-singleturn|p1b: Gallade|Protect\n|move|p2b: Toedscruel|Spore|p1a: suguru gato\n|-activate|p1a: suguru gato|item: Safety Goggles|Spore\n|move|p2a: Weezing|Strange Steam|p1b: Gallade\n|-activate|p1b: Gallade|move: Protect\n|move|p1a: suguru gato|Trick Room|p1a: suguru gato\n|-fieldstart|move: Trick Room|[of] p1a: suguru gato\n|\n|upkeep\n|turn|2\n|\n|t:|1728048937\n|move|p1a: suguru gato|Psychic Noise|p2a: Weezing\n|-supereffective|p2a: Weezing\n|-damage|p2a: Weezing|8\/100\n|-start|p2a: Weezing|move: Heal Block\n|move|p1b: Gallade|Psycho Cut|p2a: Weezing\n|-supereffective|p2a: Weezing\n|-crit|p2a: Weezing\n|-damage|p2a: Weezing|0 fnt\n|faint|p2a: Weezing\n|-end|p2a: Weezing|ability: Neutralizing Gas\n|move|p2b: Toedscruel|Acid Spray|p1a: suguru gato\n|-damage|p1a: suguru gato|93\/100\n|-unboost|p1a: suguru gato|spd|2\n|\n|upkeep\n|\n|t:|1728048952\n|switch|p2a: Corviknight|Corviknight, L50, M, shiny|100\/100\n|turn|3\n|\n|t:|1728048970\n|switch|p1a: Pelipper|Pelipper, L50, F|100\/100\n|-weather|RainDance|[from] ability: Drizzle|[of] p1a: Pelipper\n|move|p1b: Gallade|Sacred Sword|p2a: Corviknight\n|-damage|p2a: Corviknight|38\/100\n|-enditem|p2a: Corviknight|Sitrus Berry|[eat]\n|-heal|p2a: Corviknight|62\/100|[from] item: Sitrus Berry\n|move|p2a: Corviknight|Brave Bird|p1b: Gallade\n|-supereffective|p1b: Gallade\n|-damage|p1b: Gallade|0 fnt\n|faint|p1b: Gallade\n|-damage|p2a: Corviknight|34\/100|[from] Recoil\n|move|p2b: Toedscruel|Earth Power|p1a: Pelipper\n|-immune|p1a: Pelipper\n|\n|-weather|RainDance|[upkeep]\n|upkeep\n|j| TrubbishTyler\n|\n|t:|1728048985\n|switch|p1b: Gholdengo|Gholdengo, L50|100\/100\n|turn|4\n|\n|t:|1728049002\n|-terastallize|p2b: Toedscruel|Water\n|move|p2a: Corviknight|Protect|p2a: Corviknight\n|-singleturn|p2a: Corviknight|Protect\n|move|p1a: Pelipper|Hurricane|p2b: Toedscruel\n|-damage|p2b: Toedscruel|53\/100\n|move|p1b: Gholdengo|Shadow Ball|p2a: Corviknight\n|-activate|p2a: Corviknight|move: Protect\n|move|p2b: Toedscruel|Spore|p1a: Pelipper\n|-status|p1a: Pelipper|slp|[from] move: Spore\n|\n|-weather|RainDance|[upkeep]\n|upkeep\n|turn|5\n|\n|t:|1728049019\n|cant|p1a: Pelipper|slp\n|move|p2a: Corviknight|Roost|p2a: Corviknight\n|-heal|p2a: Corviknight|84\/100\n|-singleturn|p2a: Corviknight|move: Roost\n|move|p1b: Gholdengo|Shadow Ball|p2b: Toedscruel\n|-damage|p2b: Toedscruel|0 fnt\n|faint|p2b: Toedscruel\n|-damage|p1b: Gholdengo|91\/100|[from] item: Life Orb\n|\n|-weather|RainDance|[upkeep]\n|-fieldend|move: Trick Room\n|upkeep\n|\n|t:|1728049028\n|switch|p2b: Garchomp|Garchomp, L50, F|100\/100\n|turn|6\n|\n|t:|1728049047\n|switch|p1b: suguru gato|Farigiraf, L50, M|93\/100\n|move|p2b: Garchomp|Stomping Tantrum|p1b: suguru gato\n|-damage|p1b: suguru gato|46\/100\n|-damage|p2b: Garchomp|91\/100|[from] item: Life Orb\n|move|p2a: Corviknight|Tailwind|p2a: Corviknight\n|-sidestart|p2: Sparkbladexd|move: Tailwind\n|cant|p1a: Pelipper|slp\n|\n|-weather|RainDance|[upkeep]\n|upkeep\n|turn|7\n|\n|t:|1728049066\n|move|p1b: suguru gato|Protect|p1b: suguru gato\n|-singleturn|p1b: suguru gato|Protect\n|move|p2b: Garchomp|Earthquake|p1a: Pelipper|[spread] \n|-activate|p1b: suguru gato|move: Protect\n|-immune|p2a: Corviknight\n|-immune|p1a: Pelipper\n|move|p2a: Corviknight|Brave Bird|p1b: suguru gato\n|-activate|p1b: suguru gato|move: Protect\n|-curestatus|p1a: Pelipper|slp|[msg]\n|move|p1a: Pelipper|Weather Ball|p2b: Garchomp\n|-damage|p2b: Garchomp|10\/100\n|\n|-weather|none\n|upkeep\n|turn|8\n|\n|t:|1728049081\n|move|p2b: Garchomp|Protect|p2b: Garchomp\n|-singleturn|p2b: Garchomp|Protect\n|move|p1a: Pelipper|Wide Guard|p1a: Pelipper\n|-singleturn|p1a: Pelipper|Wide Guard\n|move|p2a: Corviknight|Brave Bird|p1b: suguru gato\n|-damage|p1b: suguru gato|2\/100\n|-damage|p2a: Corviknight|68\/100|[from] Recoil\n|move|p1b: suguru gato|Trick Room|p1b: suguru gato\n|-fieldstart|move: Trick Room|[of] p1b: suguru gato\n|\n|upkeep\n|turn|9\n|-message|Sparkbladexd forfeited.\n|\n|win|dummevenus\n|raw|dummevenus's rating: 1692 &rarr; <strong>1713<\/strong><br \/>(+21 for winning)\n|raw|Sparkbladexd's rating: 1717 &rarr; <strong>1696<\/strong><br \/>(-21 for losing)\n|l|\u2606Sparkbladexd\n|player|p2|\n|l|\u2606dummevenus\n|player|p1|\n","uploadtime":1728049272,"views":28,"formatid":"gen9vgc2024regh","rating":1696,"private":0,"password":null}