{"id":"gen9vgc2024regh-2215424837","format":"[Gen 9] VGC 2024 Reg H","players":["toritonLJK","fangame10"],"log":"|j|\u2606toritonLJK\n|j|\u2606fangame10\n|t:|1728000181\n|gametype|doubles\n|player|p1|toritonLJK|266|1734\n|player|p2|fangame10|red|1770\n|teamsize|p1|6\n|teamsize|p2|6\n|gen|9\n|tier|[Gen 9] VGC 2024 Reg H\n|rated|\n|rule|Species Clause: Limit one of each Pok\u00e9mon\n|rule|Item Clause: Limit 1 of each item\n|clearpoke\n|poke|p1|Dondozo, L50, M|\n|poke|p1|Tatsugiri-Stretchy, L50, M|\n|poke|p1|Sylveon, L50, F|\n|poke|p1|Archaludon, L50, M|\n|poke|p1|Dragonite, L50, M|\n|poke|p1|Kingambit, L50, M|\n|poke|p2|Glaceon, L50, F|\n|poke|p2|Ninetales-Alola, L50, F|\n|poke|p2|Milotic, L50, M|\n|poke|p2|Skeledirge, L50, M|\n|poke|p2|Dragapult, L50, F|\n|poke|p2|Sneasler, L50, M|\n|teampreview|4\n|inactive|Battle timer is ON: inactive players will automatically lose when time's up. (requested by fangame10)\n|inactive|fangame10 has 60 seconds left.\n|\n|t:|1728000211\n|start\n|switch|p1a: Dondozo|Dondozo, L50, M|100\/100\n|switch|p1b: Kingambit|Kingambit, L50, M|100\/100\n|switch|p2a: Ninetales|Ninetales-Alola, L50, F, shiny|100\/100\n|switch|p2b: Milotic|Milotic, L50, M, shiny|100\/100\n|-weather|Snow|[from] ability: Snow Warning|[of] p2a: Ninetales\n|turn|1\n|inactive|toritonLJK has 30 seconds left.\n|\n|t:|1728000245\n|move|p2a: Ninetales|Aurora Veil|p2a: Ninetales\n|-sidestart|p2: fangame10|move: Aurora Veil\n|move|p2b: Milotic|Coil|p2b: Milotic\n|-boost|p2b: Milotic|atk|1\n|-boost|p2b: Milotic|def|1\n|-boost|p2b: Milotic|accuracy|1\n|move|p1a: Dondozo|Wave Crash|p2a: Ninetales\n|-damage|p2a: Ninetales|64\/100\n|-damage|p1a: Dondozo|92\/100|[from] Recoil\n|move|p1b: Kingambit|Kowtow Cleave|p2a: Ninetales\n|-resisted|p2a: Ninetales\n|-damage|p2a: Ninetales|48\/100\n|\n|-weather|Snow|[upkeep]\n|upkeep\n|turn|2\n|j| garonpappa\n|\n|t:|1728000269\n|switch|p2a: Skeledirge|Skeledirge, L50, M, shiny|100\/100\n|switch|p1a: Sylveon|Sylveon, L50, F|100\/100\n|move|p2b: Milotic|Hypnosis|p1b: Kingambit|[miss]\n|-miss|p2b: Milotic|p1b: Kingambit\n|move|p1b: Kingambit|Iron Head|p2a: Skeledirge\n|-resisted|p2a: Skeledirge\n|-damage|p2a: Skeledirge|86\/100\n|\n|-weather|Snow|[upkeep]\n|-heal|p2a: Skeledirge|92\/100|[from] item: Leftovers\n|upkeep\n|turn|3\n|j| assistnt2themgr\n|\n|t:|1728000292\n|-terastallize|p2a: Skeledirge|Dark\n|move|p2b: Milotic|Hypnosis|p1a: Sylveon\n|-status|p1a: Sylveon|slp|[from] move: Hypnosis\n|cant|p1a: Sylveon|slp\n|move|p1a: Sylveon|Sleep Talk|p1a: Sylveon\n|move|p1a: Sylveon|Hyper Beam|p2b: Milotic|[from]move: Sleep Talk\n|-damage|p2b: Milotic|40\/100\n|-mustrecharge|p1a: Sylveon\n|-enditem|p2b: Milotic|Sitrus Berry|[eat]\n|-heal|p2b: Milotic|65\/100|[from] item: Sitrus Berry\n|move|p2a: Skeledirge|Torch Song|p1b: Kingambit\n|-supereffective|p1b: Kingambit\n|-damage|p1b: Kingambit|53\/100\n|-boost|p2a: Skeledirge|spa|1\n|move|p1b: Kingambit|Kowtow Cleave|p2a: Skeledirge\n|-resisted|p2a: Skeledirge\n|-damage|p2a: Skeledirge|79\/100\n|\n|-weather|Snow|[upkeep]\n|-heal|p2a: Skeledirge|85\/100|[from] item: Leftovers\n|upkeep\n|turn|4\n|inactive|fangame10 has 30 seconds left.\n|inactive|fangame10 has 20 seconds left.\n|\n|t:|1728000328\n|-terastallize|p1b: Kingambit|Water\n|move|p2b: Milotic|Hypnosis|p1b: Kingambit\n|-status|p1b: Kingambit|slp|[from] move: Hypnosis\n|cant|p1a: Sylveon|recharge\n|move|p2a: Skeledirge|Torch Song|p1a: Sylveon\n|-crit|p1a: Sylveon\n|-damage|p1a: Sylveon|34\/100 slp\n|-boost|p2a: Skeledirge|spa|1\n|cant|p1b: Kingambit|slp\n|\n|-weather|Snow|[upkeep]\n|-heal|p2a: Skeledirge|91\/100|[from] item: Leftovers\n|upkeep\n|turn|5\n|\n|t:|1728000350\n|move|p2a: Skeledirge|Protect|p2a: Skeledirge\n|-singleturn|p2a: Skeledirge|Protect\n|move|p2b: Milotic|Muddy Water|p1b: Kingambit|[spread] p1a,p1b\n|-resisted|p1b: Kingambit\n|-damage|p1a: Sylveon|15\/100 slp\n|-damage|p1b: Kingambit|45\/100 slp\n|-unboost|p1a: Sylveon|accuracy|1\n|cant|p1a: Sylveon|slp\n|move|p1a: Sylveon|Sleep Talk|p1a: Sylveon\n|move|p1a: Sylveon|Hyper Beam|p2a: Skeledirge|[from]move: Sleep Talk\n|-activate|p2a: Skeledirge|move: Protect\n|cant|p1b: Kingambit|slp\n|\n|-weather|none\n|-heal|p2a: Skeledirge|97\/100|[from] item: Leftovers\n|upkeep\n|turn|6\n|\n|t:|1728000373\n|move|p2b: Milotic|Muddy Water|p1b: Kingambit|[spread] p1a,p1b\n|-resisted|p1b: Kingambit\n|-damage|p1a: Sylveon|0 fnt\n|-damage|p1b: Kingambit|38\/100 slp\n|faint|p1a: Sylveon\n|move|p2a: Skeledirge|Shadow Ball|p1b: Kingambit\n|-damage|p1b: Kingambit|0 fnt\n|faint|p1b: Kingambit\n|\n|-heal|p2a: Skeledirge|100\/100|[from] item: Leftovers\n|upkeep\n|\n|t:|1728000387\n|switch|p1a: Dondozo|Dondozo, L50, M|92\/100\n|switch|p1b: Tatsugiri|Tatsugiri-Stretchy, L50, M, shiny|100\/100\n|-activate|p1b: Tatsugiri|ability: Commander|[of] p1a: Dondozo\n|-boost|p1a: Dondozo|atk|2\n|-boost|p1a: Dondozo|spa|2\n|-boost|p1a: Dondozo|spe|2\n|-boost|p1a: Dondozo|def|2\n|-boost|p1a: Dondozo|spd|2\n|turn|7\n|-message|toritonLJK forfeited.\n|\n|win|fangame10\n|raw|toritonLJK's rating: 1734 &rarr; <strong>1716<\/strong><br \/>(-18 for losing)\n|raw|fangame10's rating: 1770 &rarr; <strong>1788<\/strong><br \/>(+18 for winning)\n|l|\u2606fangame10\n|player|p2|\n|l|\u2606toritonLJK\n|player|p1|\n|l| garonpappa\n","uploadtime":1728000590,"views":78,"formatid":"gen9vgc2024regh","rating":1716,"private":0,"password":null}