{"id":"gen9vgc2024regh-2215270501","format":"[Gen 9] VGC 2024 Reg H","players":["rough Pult","Shikanoko32"],"log":"|j|\u2606rough Pult\n|j|\u2606Shikanoko32\n|t:|1727983676\n|gametype|doubles\n|player|p1|rough Pult|giovanni|1707\n|player|p2|Shikanoko32|101|1801\n|teamsize|p1|6\n|teamsize|p2|6\n|gen|9\n|tier|[Gen 9] VGC 2024 Reg H\n|rated|\n|rule|Species Clause: Limit one of each Pok\u00e9mon\n|rule|Item Clause: Limit 1 of each item\n|clearpoke\n|poke|p1|Dondozo, L50, M|\n|poke|p1|Dragonite, L50, M|\n|poke|p1|Kingambit, L50, M|\n|poke|p1|Magmar, L50, F|\n|poke|p1|Rillaboom, L50, F|\n|poke|p1|Sneasler, L50, F|\n|poke|p2|Rillaboom, L50, F|\n|poke|p2|Incineroar, L50, M|\n|poke|p2|Weezing, L50, F|\n|poke|p2|Electabuzz, L50, M|\n|poke|p2|Gholdengo, L50|\n|poke|p2|Milotic, L50, F|\n|teampreview|4\n|j| infinitygroudon\n|\n|t:|1727983735\n|start\n|switch|p1a: Magmar|Magmar, L50, F|100\/100\n|switch|p1b: Dondozo|Dondozo, L50, M|100\/100\n|switch|p2a: Weezing|Weezing, L50, F|100\/100\n|switch|p2b: Milotic|Milotic, L50, F|100\/100\n|-ability|p2a: Weezing|Neutralizing Gas\n|turn|1\n|j|+Mengy \u32db\n|\n|t:|1727983762\n|move|p1a: Magmar|Flamethrower|p2a: Weezing\n|-damage|p2a: Weezing|66\/100\n|move|p2b: Milotic|Coil|p2b: Milotic\n|-boost|p2b: Milotic|atk|1\n|-boost|p2b: Milotic|def|1\n|-boost|p2b: Milotic|accuracy|1\n|move|p2a: Weezing|Will-O-Wisp|p1b: Dondozo|[miss]\n|-miss|p2a: Weezing|p1b: Dondozo\n|move|p1b: Dondozo|Yawn|p2b: Milotic\n|-start|p2b: Milotic|move: Yawn|[of] p1b: Dondozo\n|\n|upkeep\n|turn|2\n|\n|t:|1727983788\n|-end|p2a: Weezing|ability: Neutralizing Gas\n|switch|p2a: Incineroar|Incineroar, L50, M|100\/100\n|-ability|p2a: Incineroar|Intimidate|boost\n|-unboost|p1a: Magmar|atk|1\n|-unboost|p1b: Dondozo|atk|1\n|move|p1a: Magmar|Protect|p1a: Magmar\n|-singleturn|p1a: Magmar|Protect\n|move|p1b: Dondozo|Protect|p1b: Dondozo\n|-singleturn|p1b: Dondozo|Protect\n|move|p2b: Milotic|Coil|p2b: Milotic\n|-boost|p2b: Milotic|atk|1\n|-boost|p2b: Milotic|def|1\n|-boost|p2b: Milotic|accuracy|1\n|\n|-end|p2b: Milotic|move: Yawn|[silent]\n|-status|p2b: Milotic|slp\n|upkeep\n|turn|3\n|\n|t:|1727983812\n|switch|p1a: Sneasler|Sneasler, L50, F|100\/100\n|move|p2a: Incineroar|Knock Off|p1a: Sneasler\n|-resisted|p1a: Sneasler\n|-damage|p1a: Sneasler|68\/100\n|-enditem|p1a: Sneasler|Focus Sash|[from] move: Knock Off|[of] p2a: Incineroar\n|cant|p2b: Milotic|slp\n|move|p1b: Dondozo|Fissure|p2b: Milotic|[miss]\n|-miss|p1b: Dondozo|p2b: Milotic\n|\n|upkeep\n|turn|4\n|\n|t:|1727983834\n|-terastallize|p2a: Incineroar|Ghost\n|move|p1a: Sneasler|Close Combat|p2a: Incineroar\n|-immune|p2a: Incineroar\n|move|p2a: Incineroar|Flare Blitz|p1a: Sneasler\n|-damage|p1a: Sneasler|0 fnt\n|faint|p1a: Sneasler\n|-damage|p2a: Incineroar|83\/100|[from] Recoil\n|cant|p2b: Milotic|slp\n|move|p1b: Dondozo|Fissure|p2b: Milotic|[miss]\n|-miss|p1b: Dondozo|p2b: Milotic\n|\n|upkeep\n|\n|t:|1727983851\n|switch|p1a: Magmar|Magmar, L50, F|100\/100\n|turn|5\n|\n|t:|1727983860\n|move|p1a: Magmar|Will-O-Wisp|p2a: Incineroar|[miss]\n|-miss|p1a: Magmar|p2a: Incineroar\n|move|p2a: Incineroar|Knock Off|p1a: Magmar\n|-damage|p1a: Magmar|69\/100\n|-enditem|p1a: Magmar|Eviolite|[from] move: Knock Off|[of] p2a: Incineroar\n|cant|p2b: Milotic|slp\n|move|p1b: Dondozo|Fissure|p2b: Milotic|[miss]\n|-miss|p1b: Dondozo|p2b: Milotic\n|\n|upkeep\n|turn|6\n|\n|t:|1727983879\n|move|p1a: Magmar|Will-O-Wisp|p2a: Incineroar\n|-status|p2a: Incineroar|brn\n|move|p2a: Incineroar|Parting Shot|p1a: Magmar\n|-unboost|p1a: Magmar|atk|1\n|-unboost|p1a: Magmar|spa|1\n|\n|t:|1727983888\n|switch|p2a: Gholdengo|Gholdengo, L50|100\/100|[from] Parting Shot\n|-curestatus|p2b: Milotic|slp|[msg]\n|move|p2b: Milotic|Hypnosis|p1b: Dondozo|[miss]\n|-miss|p2b: Milotic|p1b: Dondozo\n|move|p1b: Dondozo|Fissure|p2b: Milotic|[miss]\n|-miss|p1b: Dondozo|p2b: Milotic\n|\n|upkeep\n|turn|7\n|\n|t:|1727983903\n|move|p1a: Magmar|Follow Me|p1a: Magmar\n|-singleturn|p1a: Magmar|move: Follow Me\n|move|p2a: Gholdengo|Nasty Plot|p2a: Gholdengo\n|-boost|p2a: Gholdengo|spa|2\n|move|p2b: Milotic|Hypnosis|p1a: Magmar\n|-immune|p1a: Magmar|[from] ability: Vital Spirit\n|move|p1b: Dondozo|Fissure|p2b: Milotic\n|-damage|p2b: Milotic|0 fnt\n|faint|p2b: Milotic\n|-ohko\n|\n|upkeep\n|\n|t:|1727983917\n|switch|p2b: Incineroar|Incineroar, L50, M, tera:Ghost|83\/100 brn\n|-ability|p2b: Incineroar|Intimidate|boost\n|-unboost|p1a: Magmar|atk|1\n|-unboost|p1b: Dondozo|atk|1\n|turn|8\n|\n|t:|1727983928\n|switch|p1b: Kingambit|Kingambit, L50, M|100\/100\n|move|p1a: Magmar|Protect|p1a: Magmar\n|-singleturn|p1a: Magmar|Protect\n|move|p2b: Incineroar|Fake Out|p1b: Kingambit\n|-resisted|p1b: Kingambit\n|-damage|p1b: Kingambit|99\/100\n|move|p2a: Gholdengo|Nasty Plot|p2a: Gholdengo\n|-boost|p2a: Gholdengo|spa|2\n|\n|-damage|p2b: Incineroar|77\/100 brn|[from] brn\n|upkeep\n|turn|9\n|\n|t:|1727983946\n|move|p1a: Magmar|Follow Me|p1a: Magmar\n|-singleturn|p1a: Magmar|move: Follow Me\n|move|p2a: Gholdengo|Shadow Ball|p1a: Magmar\n|-crit|p1a: Magmar\n|-damage|p1a: Magmar|0 fnt\n|faint|p1a: Magmar\n|move|p2b: Incineroar|Flare Blitz|p1b: Kingambit\n|-supereffective|p1b: Kingambit\n|-damage|p1b: Kingambit|63\/100\n|-damage|p2b: Incineroar|65\/100 brn|[from] Recoil\n|move|p1b: Kingambit|Kowtow Cleave|p2a: Gholdengo\n|-supereffective|p2a: Gholdengo\n|-damage|p2a: Gholdengo|13\/100\n|\n|-heal|p2a: Gholdengo|19\/100|[from] item: Leftovers\n|-damage|p2b: Incineroar|59\/100 brn|[from] brn\n|upkeep\n|\n|t:|1727983963\n|switch|p1a: Dondozo|Dondozo, L50, M|100\/100\n|turn|10\n|\n|t:|1727983974\n|move|p2a: Gholdengo|Protect|p2a: Gholdengo\n|-singleturn|p2a: Gholdengo|Protect\n|move|p1b: Kingambit|Sucker Punch|p2b: Incineroar\n|-supereffective|p2b: Incineroar\n|-damage|p2b: Incineroar|0 fnt\n|faint|p2b: Incineroar\n|move|p1a: Dondozo|Liquidation|p2a: Gholdengo\n|-activate|p2a: Gholdengo|move: Protect\n|\n|-heal|p2a: Gholdengo|25\/100|[from] item: Leftovers\n|upkeep\n|\n|t:|1727983984\n|switch|p2b: Weezing|Weezing, L50, F|66\/100\n|-ability|p2b: Weezing|Neutralizing Gas\n|turn|11\n|\n|t:|1727984001\n|move|p1b: Kingambit|Sucker Punch||[still]\n|-fail|p1b: Kingambit\n|move|p2a: Gholdengo|Nasty Plot|p2a: Gholdengo\n|-boost|p2a: Gholdengo|spa|2\n|move|p2b: Weezing|Will-O-Wisp|p1a: Dondozo\n|-status|p1a: Dondozo|brn\n|move|p1a: Dondozo|Yawn|p2b: Weezing\n|-start|p2b: Weezing|move: Yawn|[of] p1a: Dondozo\n|\n|-heal|p2a: Gholdengo|32\/100|[from] item: Leftovers\n|-damage|p1a: Dondozo|94\/100 brn|[from] brn\n|upkeep\n|turn|12\n|\n|t:|1727984026\n|move|p1b: Kingambit|Protect|p1b: Kingambit\n|-singleturn|p1b: Kingambit|Protect\n|move|p2a: Gholdengo|Shadow Ball|p1a: Dondozo\n|-damage|p1a: Dondozo|0 fnt\n|faint|p1a: Dondozo\n|move|p2b: Weezing|Will-O-Wisp|p1b: Kingambit\n|-activate|p1b: Kingambit|move: Protect\n|\n|-heal|p2a: Gholdengo|38\/100|[from] item: Leftovers\n|-end|p2b: Weezing|move: Yawn|[silent]\n|-status|p2b: Weezing|slp\n|upkeep\n|turn|13\n|\n|t:|1727984045\n|move|p2a: Gholdengo|Protect|p2a: Gholdengo\n|-singleturn|p2a: Gholdengo|Protect\n|cant|p2b: Weezing|slp\n|move|p1b: Kingambit|Swords Dance|p1b: Kingambit\n|-boost|p1b: Kingambit|atk|2\n|\n|-heal|p2a: Gholdengo|44\/100|[from] item: Leftovers\n|upkeep\n|turn|14\n|\n|t:|1727984068\n|move|p2a: Gholdengo|Make It Rain|p1b: Kingambit\n|-resisted|p1b: Kingambit\n|-damage|p1b: Kingambit|0 fnt\n|-unboost|p2a: Gholdengo|spa|1\n|faint|p1b: Kingambit\n|\n|win|Shikanoko32\n|raw|rough Pult's rating: 1707 &rarr; <strong>1692<\/strong><br \/>(-15 for losing)\n|raw|Shikanoko32's rating: 1801 &rarr; <strong>1816<\/strong><br \/>(+15 for winning)\n","uploadtime":1727984077,"views":19,"formatid":"gen9vgc2024regh","rating":1692,"private":0,"password":null}