{"id":"gen9vgc2024regh-2215427461","format":"[Gen 9] VGC 2024 Reg H","players":["Dylantr0VGC_","fangame10"],"log":"|j|\u2606Dylantr0VGC_\n|j|\u2606fangame10\n|t:|1728000502\n|gametype|doubles\n|player|p1|Dylantr0VGC_|1|1641\n|player|p2|fangame10|red|1788\n|teamsize|p1|6\n|teamsize|p2|6\n|gen|9\n|tier|[Gen 9] VGC 2024 Reg H\n|rated|\n|rule|Species Clause: Limit one of each Pok\u00e9mon\n|rule|Item Clause: Limit 1 of each item\n|clearpoke\n|poke|p1|Braviary-Hisui, L50, M|\n|poke|p1|Sneasler, L50, M|\n|poke|p1|Zoroark-Hisui, L50, M|\n|poke|p1|Clefable, L50, M|\n|poke|p1|Kingambit, L50, M|\n|poke|p1|Rillaboom, L50, F|\n|poke|p2|Glaceon, L50, F|\n|poke|p2|Ninetales-Alola, L50, F|\n|poke|p2|Milotic, L50, M|\n|poke|p2|Skeledirge, L50, M|\n|poke|p2|Garchomp, L50, F|\n|poke|p2|Sneasler, L50, M|\n|teampreview|4\n|inactive|Battle timer is ON: inactive players will automatically lose when time's up. (requested by fangame10)\nDylantr0VGC_ has agreed to open team sheets.\n|j| assistnt2themgr\nfangame10 has agreed to open team sheets.\n|inactive|fangame10 has 30 seconds left.\n|inactive|fangame10 has 20 seconds left.\n|inactive|fangame10 has 15 seconds left.\n|inactive|fangame10 has 10 seconds left.\n|\n|t:|1728000563\n|start\n|switch|p1a: Sneasler|Sneasler, L50, M|100\/100\n|switch|p1b: Rillaboom|Rillaboom, L50, F|100\/100\n|switch|p2a: Ninetales|Ninetales-Alola, L50, F, shiny|100\/100\n|switch|p2b: Milotic|Milotic, L50, M, shiny|100\/100\n|-weather|Snow|[from] ability: Snow Warning|[of] p2a: Ninetales\n|-fieldstart|move: Grassy Terrain|[from] ability: Grassy Surge|[of] p1b: Rillaboom\n|-enditem|p1a: Sneasler|Grassy Seed\n|-boost|p1a: Sneasler|def|1|[from] item: Grassy Seed\n|turn|1\n|\n|t:|1728000583\n|move|p1b: Rillaboom|Grassy Glide|p2b: Milotic\n|-supereffective|p2b: Milotic\n|-damage|p2b: Milotic|10\/100\n|-enditem|p2b: Milotic|Sitrus Berry|[eat]\n|-heal|p2b: Milotic|35\/100|[from] item: Sitrus Berry\n|move|p1a: Sneasler|Dire Claw|p2b: Milotic\n|-damage|p2b: Milotic|0 fnt\n|faint|p2b: Milotic\n|move|p2a: Ninetales|Aurora Veil|p2a: Ninetales\n|-sidestart|p2: fangame10|move: Aurora Veil\n|\n|-weather|Snow|[upkeep]\n|upkeep\n|\n|t:|1728000585\n|switch|p2b: Glaceon|Glaceon, L50, F, shiny|100\/100\n|turn|2\n|\n|t:|1728000608\n|switch|p2a: Skeledirge|Skeledirge, L50, M, shiny|100\/100\n|move|p1b: Rillaboom|Grassy Glide|p2a: Skeledirge\n|-resisted|p2a: Skeledirge\n|-damage|p2a: Skeledirge|88\/100\n|move|p1a: Sneasler|Dire Claw|p2a: Skeledirge\n|-resisted|p2a: Skeledirge\n|-damage|p2a: Skeledirge|76\/100\n|move|p2b: Glaceon|Blizzard|p1b: Rillaboom|[spread] p1a,p1b\n|-supereffective|p1b: Rillaboom\n|-damage|p1a: Sneasler|40\/100\n|-damage|p1b: Rillaboom|24\/100\n|\n|-weather|Snow|[upkeep]\n|-heal|p1a: Sneasler|46\/100|[from] Grassy Terrain\n|-heal|p1b: Rillaboom|30\/100|[from] Grassy Terrain\n|-heal|p2a: Skeledirge|82\/100|[from] Grassy Terrain\n|-heal|p2a: Skeledirge|87\/100|[from] item: Leftovers\n|upkeep\n|turn|3\n|\n|t:|1728000631\n|move|p1b: Rillaboom|Grassy Glide|p2b: Glaceon\n|-damage|p2b: Glaceon|84\/100\n|move|p1a: Sneasler|Close Combat|p2b: Glaceon\n|-supereffective|p2b: Glaceon\n|-damage|p2b: Glaceon|18\/100\n|-unboost|p1a: Sneasler|def|1\n|-unboost|p1a: Sneasler|spd|1\n|move|p2b: Glaceon|Blizzard|p1a: Sneasler|[spread] p1a,p1b\n|-supereffective|p1b: Rillaboom\n|-damage|p1a: Sneasler|0 fnt\n|-damage|p1b: Rillaboom|0 fnt\n|faint|p1a: Sneasler\n|faint|p1b: Rillaboom\n|move|p2a: Skeledirge|Torch Song|p1: Sneasler|[notarget]\n|-fail|p2a: Skeledirge\n|\n|-weather|Snow|[upkeep]\n|-heal|p2b: Glaceon|24\/100|[from] Grassy Terrain\n|-heal|p2a: Skeledirge|93\/100|[from] Grassy Terrain\n|-heal|p2a: Skeledirge|99\/100|[from] item: Leftovers\n|upkeep\n|\n|t:|1728000642\n|switch|p1a: Braviary|Braviary-Hisui, L50, M|100\/100\n|switch|p1b: Zoroark|Zoroark-Hisui, L50, M|100\/100\n|turn|4\n|\n|t:|1728000661\n|-terastallize|p1a: Braviary|Fire\n|-terastallize|p2a: Skeledirge|Dark\n|move|p1b: Zoroark|Snarl|p2a: Skeledirge|[spread] p2a,p2b\n|-resisted|p2a: Skeledirge\n|-damage|p2a: Skeledirge|95\/100\n|-damage|p2b: Glaceon|18\/100\n|-unboost|p2a: Skeledirge|spa|1\n|-unboost|p2b: Glaceon|spa|1\n|move|p1a: Braviary|Heat Wave|p2a: Skeledirge|[spread] p2a,p2b\n|-supereffective|p2b: Glaceon\n|-damage|p2a: Skeledirge|57\/100\n|-damage|p2b: Glaceon|0 fnt\n|faint|p2b: Glaceon\n|move|p2a: Skeledirge|Torch Song|p1b: Zoroark\n|-damage|p1b: Zoroark|48\/100\n|-boost|p2a: Skeledirge|spa|1\n|\n|-weather|Snow|[upkeep]\n|-heal|p1b: Zoroark|54\/100|[from] Grassy Terrain\n|-heal|p2a: Skeledirge|63\/100|[from] Grassy Terrain\n|-heal|p2a: Skeledirge|68\/100|[from] item: Leftovers\n|upkeep\n|j| RiotJuice\n|\n|t:|1728000670\n|switch|p2b: Ninetales|Ninetales-Alola, L50, F, shiny|100\/100\n|turn|5\n|\n|t:|1728000685\n|move|p2b: Ninetales|Protect|p2b: Ninetales\n|-singleturn|p2b: Ninetales|Protect\n|move|p1b: Zoroark|Snarl|p2a: Skeledirge|[spread] p2a\n|-activate|p2b: Ninetales|move: Protect\n|-resisted|p2a: Skeledirge\n|-damage|p2a: Skeledirge|64\/100\n|-unboost|p2a: Skeledirge|spa|1\n|move|p1a: Braviary|Heat Wave|p2b: Ninetales|[spread] p2a\n|-activate|p2b: Ninetales|move: Protect\n|-damage|p2a: Skeledirge|21\/100\n|move|p2a: Skeledirge|Shadow Ball|p1b: Zoroark\n|-immune|p1b: Zoroark\n|\n|-weather|none\n|-heal|p1b: Zoroark|60\/100|[from] Grassy Terrain\n|-heal|p2a: Skeledirge|27\/100|[from] Grassy Terrain\n|-heal|p2a: Skeledirge|33\/100|[from] item: Leftovers\n|-fieldend|move: Grassy Terrain\n|upkeep\n|turn|6\n|-message|fangame10 forfeited.\n|\n|win|Dylantr0VGC_\n|raw|Dylantr0VGC_'s rating: 1641 &rarr; <strong>1668<\/strong><br \/>(+27 for winning)\n|raw|fangame10's rating: 1762 &rarr; <strong>1735<\/strong><br \/>(-27 for losing)\n|l|\u2606fangame10\n|player|p2|\n|l|\u2606Dylantr0VGC_\n|player|p1|\n|l| assistnt2themgr\n","uploadtime":1728000870,"views":31,"formatid":"gen9vgc2024regh","rating":1668,"private":0,"password":null}