{"id":"gen9vgc2024regh-2215917042","format":"[Gen 9] VGC 2024 Reg H","players":["tremendo_perkin","chin8"],"log":"|j|\u2606tremendo_perkin\n|j|\u2606chin8\n|t:|1728061962\n|gametype|doubles\n|player|p1|tremendo_perkin|170|1639\n|player|p2|chin8|gentleman-gen4dp|1750\n|teamsize|p1|6\n|teamsize|p2|6\n|gen|9\n|tier|[Gen 9] VGC 2024 Reg H\n|rated|\n|rule|Species Clause: Limit one of each Pok\u00e9mon\n|rule|Item Clause: Limit 1 of each item\n|clearpoke\n|poke|p1|Archaludon, L50, M|\n|poke|p1|Pelipper, L50, F|\n|poke|p1|Maushold-Four, L50|\n|poke|p1|Annihilape, L50, M|\n|poke|p1|Sinistcha, L50|\n|poke|p1|Grimmsnarl, L50, M|\n|poke|p2|Baxcalibur, L50, F|\n|poke|p2|Kilowattrel, L50, M|\n|poke|p2|Heracross, L50, M|\n|poke|p2|Gardevoir, L50, M|\n|poke|p2|Magmortar, L50, F|\n|poke|p2|Gholdengo, L50|\n|teampreview|4\n|inactive|Battle timer is ON: inactive players will automatically lose when time's up. (requested by tremendo_perkin)\n|j| iceman440\n|\n|t:|1728061988\n|start\n|switch|p1a: Archaludon|Archaludon, L50, M|100\/100\n|switch|p1b: Grimmsnarl|Grimmsnarl, L50, M|100\/100\n|switch|p2a: Heracross|Heracross, L50, M|100\/100\n|switch|p2b: Kilowattrel|Kilowattrel, L50, M|100\/100\n|turn|1\n|inactive|tremendo_perkin has 30 seconds left.\n|\n|t:|1728062018\n|-terastallize|p1a: Archaludon|Grass\n|move|p1b: Grimmsnarl|Reflect|p1b: Grimmsnarl\n|-sidestart|p1: tremendo_perkin|Reflect\n|move|p2b: Kilowattrel|Tailwind|p2b: Kilowattrel\n|-sidestart|p2: chin8|move: Tailwind\n|move|p2a: Heracross|Close Combat|p1a: Archaludon\n|-damage|p1a: Archaludon|70\/100\n|-unboost|p2a: Heracross|def|1\n|-unboost|p2a: Heracross|spd|1\n|-ability|p1a: Archaludon|Stamina|boost\n|-boost|p1a: Archaludon|def|1\n|move|p1a: Archaludon|Dragon Pulse|p2b: Kilowattrel\n|-damage|p2b: Kilowattrel|12\/100\n|\n|upkeep\n|turn|2\n|inactive|tremendo_perkin has 30 seconds left.\n|\n|t:|1728062048\n|move|p1b: Grimmsnarl|Light Screen|p1b: Grimmsnarl\n|-sidestart|p1: tremendo_perkin|move: Light Screen\n|move|p2b: Kilowattrel|Air Slash|p1a: Archaludon\n|-supereffective|p1a: Archaludon\n|-damage|p1a: Archaludon|37\/100\n|-ability|p1a: Archaludon|Stamina|boost\n|-boost|p1a: Archaludon|def|1\n|move|p2a: Heracross|Rock Slide|p1b: Grimmsnarl|[spread] p1a\n|-miss|p2a: Heracross|p1b: Grimmsnarl\n|-damage|p1a: Archaludon|31\/100\n|-ability|p1a: Archaludon|Stamina|boost\n|-boost|p1a: Archaludon|def|1\n|cant|p1a: Archaludon|flinch\n|\n|upkeep\n|turn|3\n|\n|t:|1728062070\n|switch|p2a: Gholdengo|Gholdengo, L50|100\/100\n|move|p1b: Grimmsnarl|Thunder Wave|p2a: Gholdengo\n|-immune|p2a: Gholdengo|[from] ability: Good as Gold\n|move|p2b: Kilowattrel|Air Slash|p1a: Archaludon|[miss]\n|-miss|p2b: Kilowattrel|p1a: Archaludon\n|move|p1a: Archaludon|Dragon Pulse|p2b: Kilowattrel\n|-damage|p2b: Kilowattrel|0 fnt\n|faint|p2b: Kilowattrel\n|\n|upkeep\n|\n|t:|1728062076\n|switch|p2b: Baxcalibur|Baxcalibur, L50, F|100\/100\n|turn|4\n|\n|t:|1728062090\n|switch|p1b: Sinistcha|Sinistcha, L50|100\/100\n|-heal|p1a: Archaludon|56\/100|[from] ability: Hospitality|[of] p1b: Sinistcha\n|-terastallize|p2b: Baxcalibur|Ground\n|move|p2b: Baxcalibur|Icicle Crash|p1a: Archaludon\n|-supereffective|p1a: Archaludon\n|-damage|p1a: Archaludon|38\/100\n|-ability|p1a: Archaludon|Stamina|boost\n|-boost|p1a: Archaludon|def|1\n|move|p2a: Gholdengo|Nasty Plot|p2a: Gholdengo\n|-boost|p2a: Gholdengo|spa|2\n|move|p1a: Archaludon|Dragon Pulse|p2b: Baxcalibur\n|-damage|p2b: Baxcalibur|78\/100\n|\n|-sideend|p2: chin8|move: Tailwind\n|upkeep\n|turn|5\n|\n|t:|1728062112\n|move|p1a: Archaludon|Body Press|p2b: Baxcalibur\n|-damage|p2b: Baxcalibur|15\/100\n|move|p2a: Gholdengo|Make It Rain|p1a: Archaludon|[spread] p1a,p1b\n|-damage|p1a: Archaludon|0 fnt\n|-damage|p1b: Sinistcha|43\/100\n|-unboost|p2a: Gholdengo|spa|1\n|-enditem|p1b: Sinistcha|Sitrus Berry|[eat]\n|-heal|p1b: Sinistcha|68\/100|[from] item: Sitrus Berry\n|faint|p1a: Archaludon\n|move|p2b: Baxcalibur|Icicle Crash|p1b: Sinistcha\n|-supereffective|p1b: Sinistcha\n|-damage|p1b: Sinistcha|13\/100\n|cant|p1b: Sinistcha|flinch\n|\n|upkeep\n|\n|t:|1728062136\n|switch|p1a: Pelipper|Pelipper, L50, F|100\/100\n|-weather|RainDance|[from] ability: Drizzle|[of] p1a: Pelipper\n|turn|6\n|\n|t:|1728062149\n|move|p2b: Baxcalibur|Ice Shard|p1b: Sinistcha\n|-supereffective|p1b: Sinistcha\n|-damage|p1b: Sinistcha|0 fnt\n|faint|p1b: Sinistcha\n|move|p1a: Pelipper|Weather Ball|p2a: Gholdengo\n|-damage|p2a: Gholdengo|30\/100\n|move|p2a: Gholdengo|Shadow Ball|p1a: Pelipper\n|-damage|p1a: Pelipper|23\/100\n|\n|-weather|RainDance|[upkeep]\n|-heal|p2a: Gholdengo|37\/100|[from] item: Leftovers\n|upkeep\n|\n|t:|1728062171\n|switch|p1b: Grimmsnarl|Grimmsnarl, L50, M|100\/100\n|turn|7\n|inactive|tremendo_perkin has 30 seconds left.\n|\n|t:|1728062197\n|move|p2b: Baxcalibur|Ice Shard|p1a: Pelipper\n|-damage|p1a: Pelipper|3\/100\n|move|p1a: Pelipper|Weather Ball|p2a: Gholdengo\n|-damage|p2a: Gholdengo|0 fnt\n|faint|p2a: Gholdengo\n|move|p1b: Grimmsnarl|Spirit Break|p2b: Baxcalibur\n|-damage|p2b: Baxcalibur|0 fnt\n|faint|p2b: Baxcalibur\n|\n|-weather|RainDance|[upkeep]\n|upkeep\n|-message|chin8 forfeited.\n|\n|win|tremendo_perkin\n|raw|tremendo_perkin's rating: 1639 &rarr; <strong>1665<\/strong><br \/>(+26 for winning)\n|raw|chin8's rating: 1750 &rarr; <strong>1724<\/strong><br \/>(-26 for losing)\n|l|\u2606chin8\n|player|p2|\n|l|\u2606tremendo_perkin\n|player|p1|\n","uploadtime":1728062472,"views":18,"formatid":"gen9vgc2024regh","rating":1665,"private":0,"password":null}