{"id":"gen9vgc2024regh-2215673436","format":"[Gen 9] VGC 2024 Reg H","players":["tommytinkle","Shikanoko32"],"log":"|j|\u2606tommytinkle\n|j|\u2606Shikanoko32\n|t:|1728037128\n|gametype|doubles\n|player|p1|tommytinkle|linebacker|1672\n|player|p2|Shikanoko32|266|1710\n|teamsize|p1|6\n|teamsize|p2|6\n|gen|9\n|tier|[Gen 9] VGC 2024 Reg H\n|rated|\n|rule|Species Clause: Limit one of each Pok\u00e9mon\n|rule|Item Clause: Limit 1 of each item\n|clearpoke\n|poke|p1|Garchomp, L50, M|\n|poke|p1|Dragonite, L50, M|\n|poke|p1|Annihilape, L50, M|\n|poke|p1|Maushold, L50|\n|poke|p1|Tyranitar, L50, M|\n|poke|p1|Primarina, L50, F|\n|poke|p2|Rillaboom, L50, F|\n|poke|p2|Skeledirge, L50, F|\n|poke|p2|Glaceon, L50, M|\n|poke|p2|Ninetales-Alola, L50, M|\n|poke|p2|Kingambit, L50, M|\n|poke|p2|Milotic, L50, M|\n|teampreview|4\n|inactive|Battle timer is ON: inactive players will automatically lose when time's up. (requested by tommytinkle)\n|\n|t:|1728037169\n|start\n|switch|p1a: Annihilape|Annihilape, L50, M|100\/100\n|switch|p1b: Maushold|Maushold, L50|100\/100\n|switch|p2a: Rillaboom|Rillaboom, L50, F, shiny|100\/100\n|switch|p2b: Milotic|Milotic, L50, M|100\/100\n|-fieldstart|move: Grassy Terrain|[from] ability: Grassy Surge|[of] p2a: Rillaboom\n|turn|1\n|inactive|tommytinkle has 30 seconds left.\n|\n|t:|1728037195\n|-terastallize|p1b: Maushold|Ghost\n|move|p1b: Maushold|Beat Up|p1a: Annihilape\n|-damage|p1a: Annihilape|98\/100\n|-damage|p1a: Annihilape|96\/100\n|-damage|p1a: Annihilape|94\/100\n|-damage|p1a: Annihilape|92\/100\n|-hitcount|p1a: Annihilape|4\n|move|p1a: Annihilape|Rage Fist|p2b: Milotic\n|-damage|p2b: Milotic|0 fnt\n|faint|p2b: Milotic\n|move|p2a: Rillaboom|Wood Hammer|p1b: Maushold\n|-crit|p1b: Maushold\n|-enditem|p1b: Maushold|Focus Sash\n|-damage|p1b: Maushold|1\/100\n|-damage|p2a: Rillaboom|72\/100|[from] Recoil\n|\n|-heal|p1b: Maushold|7\/100|[from] Grassy Terrain\n|-heal|p1a: Annihilape|98\/100|[from] Grassy Terrain\n|-heal|p1a: Annihilape|100\/100|[from] item: Leftovers\n|-heal|p2a: Rillaboom|78\/100|[from] Grassy Terrain\n|upkeep\n|inactive|Shikanoko32 has 30 seconds left.\n|\n|t:|1728037222\n|switch|p2b: Ninetales|Ninetales-Alola, L50, M|100\/100\n|-weather|Snow|[from] ability: Snow Warning|[of] p2b: Ninetales\n|turn|2\n|\n|t:|1728037238\n|switch|p1b: Tyranitar|Tyranitar, L50, M|100\/100\n|-weather|Sandstorm|[from] ability: Sand Stream|[of] p1b: Tyranitar\n|move|p2a: Rillaboom|Grassy Glide|p1b: Tyranitar\n|-supereffective|p1b: Tyranitar\n|-damage|p1b: Tyranitar|34\/100\n|move|p2b: Ninetales|Disable|p1a: Annihilape\n|-start|p1a: Annihilape|Disable|Rage Fist\n|cant|p1a: Annihilape|Disable|Rage Fist\n|\n|-weather|Sandstorm|[upkeep]\n|-damage|p2b: Ninetales|94\/100|[from] Sandstorm\n|-damage|p1a: Annihilape|95\/100|[from] Sandstorm\n|-damage|p2a: Rillaboom|72\/100|[from] Sandstorm\n|-heal|p2b: Ninetales|100\/100|[from] Grassy Terrain\n|-heal|p1a: Annihilape|100\/100|[from] Grassy Terrain\n|-heal|p2a: Rillaboom|78\/100|[from] Grassy Terrain\n|-heal|p1b: Tyranitar|40\/100|[from] Grassy Terrain\n|upkeep\n|turn|3\n|inactive|tommytinkle has 30 seconds left.\n|inactive|Shikanoko32 has 30 seconds left.\n|\n|t:|1728037265\n|switch|p1a: Primarina|Primarina, L50, F|100\/100\n|switch|p1b: Maushold|Maushold, L50, tera:Ghost|7\/100\n|move|p2a: Rillaboom|Grassy Glide|p1b: Maushold\n|-damage|p1b: Maushold|0 fnt\n|faint|p1b: Maushold\n|move|p2b: Ninetales|Encore||[still]\n|-fail|p2b: Ninetales\n|\n|-weather|Sandstorm|[upkeep]\n|-damage|p2b: Ninetales|94\/100|[from] Sandstorm\n|-damage|p2a: Rillaboom|72\/100|[from] Sandstorm\n|-damage|p1a: Primarina|95\/100|[from] Sandstorm\n|-heal|p2b: Ninetales|100\/100|[from] Grassy Terrain\n|-heal|p2a: Rillaboom|78\/100|[from] Grassy Terrain\n|-heal|p1a: Primarina|100\/100|[from] Grassy Terrain\n|upkeep\n|j| Rabbithorn05\n|\n|t:|1728037275\n|switch|p1b: Annihilape|Annihilape, L50, M|100\/100\n|turn|4\n|\n|t:|1728037294\n|switch|p2b: Glaceon|Glaceon, L50, M|100\/100\n|move|p1a: Primarina|Protect|p1a: Primarina\n|-singleturn|p1a: Primarina|Protect\n|move|p2a: Rillaboom|Grassy Glide|p1a: Primarina\n|-activate|p1a: Primarina|move: Protect\n|move|p1b: Annihilape|Rage Fist|p2a: Rillaboom\n|-damage|p2a: Rillaboom|0 fnt\n|faint|p2a: Rillaboom\n|\n|-weather|Sandstorm|[upkeep]\n|-damage|p1b: Annihilape|95\/100|[from] Sandstorm\n|-damage|p2b: Glaceon|95\/100|[from] Sandstorm\n|-damage|p1a: Primarina|95\/100|[from] Sandstorm\n|-heal|p1b: Annihilape|100\/100|[from] Grassy Terrain\n|-heal|p2b: Glaceon|100\/100|[from] Grassy Terrain\n|-heal|p1a: Primarina|100\/100|[from] Grassy Terrain\n|upkeep\n|\n|t:|1728037313\n|switch|p2a: Ninetales|Ninetales-Alola, L50, M|100\/100\n|-weather|Snow|[from] ability: Snow Warning|[of] p2a: Ninetales\n|turn|5\n|\n|t:|1728037334\n|switch|p1b: Tyranitar|Tyranitar, L50, M|40\/100\n|-weather|Sandstorm|[from] ability: Sand Stream|[of] p1b: Tyranitar\n|move|p2a: Ninetales|Blizzard|p1a: Primarina|[spread] p1a\n|-miss|p2a: Ninetales|p1b: Tyranitar\n|-resisted|p1a: Primarina\n|-damage|p1a: Primarina|90\/100\n|move|p2b: Glaceon|Blizzard|p1a: Primarina|[spread] p1a,p1b\n|-resisted|p1a: Primarina\n|-damage|p1a: Primarina|72\/100\n|-damage|p1b: Tyranitar|21\/100\n|move|p1a: Primarina|Moonblast|p2b: Glaceon\n|-damage|p2b: Glaceon|43\/100\n|-enditem|p2b: Glaceon|Sitrus Berry|[eat]\n|-heal|p2b: Glaceon|68\/100|[from] item: Sitrus Berry\n|\n|-weather|Sandstorm|[upkeep]\n|-damage|p2a: Ninetales|94\/100|[from] Sandstorm\n|-damage|p2b: Glaceon|62\/100|[from] Sandstorm\n|-damage|p1a: Primarina|66\/100|[from] Sandstorm\n|-heal|p2a: Ninetales|100\/100|[from] Grassy Terrain\n|-heal|p2b: Glaceon|68\/100|[from] Grassy Terrain\n|-heal|p1b: Tyranitar|27\/100|[from] Grassy Terrain\n|-heal|p1a: Primarina|72\/100|[from] Grassy Terrain\n|-fieldend|move: Grassy Terrain\n|upkeep\n|turn|6\n|inactive|tommytinkle has 30 seconds left.\n|inactive|Shikanoko32 has 30 seconds left.\n|inactive|Shikanoko32 has 20 seconds left.\n|inactive|Shikanoko32 has 15 seconds left.\n|\n|t:|1728037375\n|-terastallize|p2b: Glaceon|Ground\n|move|p2a: Ninetales|Blizzard|p1b: Tyranitar|[spread] p1b\n|-miss|p2a: Ninetales|p1a: Primarina\n|-damage|p1b: Tyranitar|16\/100\n|move|p2b: Glaceon|Tera Blast|p1a: Primarina|[anim] Tera Blast Ground\n|-damage|p1a: Primarina|36\/100\n|-enditem|p1a: Primarina|Sitrus Berry|[eat]\n|-heal|p1a: Primarina|61\/100|[from] item: Sitrus Berry\n|move|p1b: Tyranitar|Rock Slide|p2b: Glaceon|[spread] p2a,p2b\n|-supereffective|p2a: Ninetales\n|-resisted|p2b: Glaceon\n|-crit|p2b: Glaceon\n|-damage|p2a: Ninetales|18\/100\n|-damage|p2b: Glaceon|44\/100\n|move|p1a: Primarina|Moonblast|p2b: Glaceon\n|-damage|p2b: Glaceon|0 fnt\n|faint|p2b: Glaceon\n|\n|-weather|Sandstorm|[upkeep]\n|-damage|p2a: Ninetales|12\/100|[from] Sandstorm\n|-damage|p1a: Primarina|55\/100|[from] Sandstorm\n|upkeep\n|turn|7\n|-message|Shikanoko32 forfeited.\n|\n|win|tommytinkle\n|raw|tommytinkle's rating: 1672 &rarr; <strong>1694<\/strong><br \/>(+22 for winning)\n|raw|Shikanoko32's rating: 1710 &rarr; <strong>1688<\/strong><br \/>(-22 for losing)\n|l|\u2606Shikanoko32\n|player|p2|\n|l|\u2606tommytinkle\n|player|p1|\n","uploadtime":1728037443,"views":23,"formatid":"gen9vgc2024regh","rating":1688,"private":0,"password":null}