{"id":"gen9vgc2024regh-2215429820","format":"[Gen 9] VGC 2024 Reg H","players":["toritonLJK","chiitancrazymascot"],"log":"|j|\u2606toritonLJK\n|j|\u2606chiitancrazymascot\n|t:|1728000800\n|gametype|doubles\n|player|p1|toritonLJK|266|1689\n|player|p2|chiitancrazymascot|pokemaniac|1741\n|teamsize|p1|6\n|teamsize|p2|6\n|gen|9\n|tier|[Gen 9] VGC 2024 Reg H\n|rated|\n|rule|Species Clause: Limit one of each Pok\u00e9mon\n|rule|Item Clause: Limit 1 of each item\n|clearpoke\n|poke|p1|Dondozo, L50, F|\n|poke|p1|Tatsugiri-Stretchy, L50, M|\n|poke|p1|Sylveon, L50, M|\n|poke|p1|Archaludon, L50, F|\n|poke|p1|Dragonite, L50, F|\n|poke|p1|Kingambit, L50, F|\n|poke|p2|Annihilape, L50, M|\n|poke|p2|Dondozo, L50, F|\n|poke|p2|Maushold-Four, L50|\n|poke|p2|Gholdengo, L50|\n|poke|p2|Whimsicott, L50, M|\n|poke|p2|Tatsugiri, L50, F|\n|teampreview|4\n|inactive|Battle timer is ON: inactive players will automatically lose when time's up. (requested by chiitancrazymascot)\n|\n|t:|1728000825\n|start\n|switch|p1a: Dondozo|Dondozo, L50, F|100\/100\n|switch|p1b: Dragonite|Dragonite, L50, F|100\/100\n|switch|p2a: Maushold|Maushold-Four, L50|100\/100\n|switch|p2b: Annihilape|Annihilape, L50, M, shiny|100\/100\n|turn|1\n|\n|t:|1728000837\n|switch|p1b: Tatsugiri|Tatsugiri-Stretchy, L50, M, shiny|100\/100\n|-activate|p1b: Tatsugiri|ability: Commander|[of] p1a: Dondozo\n|-boost|p1a: Dondozo|atk|2\n|-boost|p1a: Dondozo|spa|2\n|-boost|p1a: Dondozo|spe|2\n|-boost|p1a: Dondozo|def|2\n|-boost|p1a: Dondozo|spd|2\n|-terastallize|p2b: Annihilape|Water\n|move|p2a: Maushold|Beat Up|p2b: Annihilape\n|-damage|p2b: Annihilape|99\/100\n|-damage|p2b: Annihilape|96\/100\n|-damage|p2b: Annihilape|94\/100\n|-damage|p2b: Annihilape|92\/100\n|-hitcount|p2b: Annihilape|4\n|move|p1a: Dondozo|Wave Crash|p2a: Maushold\n|-enditem|p2a: Maushold|Focus Sash\n|-damage|p2a: Maushold|1\/100\n|-damage|p1a: Dondozo|74\/100|[from] Recoil\n|move|p2b: Annihilape|Rage Fist|p1b: Tatsugiri|[miss]\n|-miss|p2b: Annihilape|p1b: Tatsugiri\n|\n|upkeep\n|turn|2\n|\n|t:|1728000849\n|move|p2a: Maushold|Beat Up|p2b: Annihilape\n|-damage|p2b: Annihilape|90\/100\n|-damage|p2b: Annihilape|88\/100\n|-damage|p2b: Annihilape|86\/100\n|-damage|p2b: Annihilape|84\/100\n|-hitcount|p2b: Annihilape|4\n|move|p1a: Dondozo|Earthquake|p2a: Maushold|[spread] p2a,p2b\n|-miss|p1a: Dondozo|p1b: Tatsugiri\n|-damage|p2a: Maushold|0 fnt\n|-damage|p2b: Annihilape|50\/100\n|-enditem|p2b: Annihilape|Sitrus Berry|[eat]\n|-heal|p2b: Annihilape|75\/100|[from] item: Sitrus Berry\n|faint|p2a: Maushold\n|move|p2b: Annihilape|Rage Fist|p1a: Dondozo\n|-damage|p1a: Dondozo|20\/100\n|\n|upkeep\n|\n|t:|1728000855\n|switch|p2a: Dondozo|Dondozo, L50, F, shiny|100\/100\n|turn|3\n|\n|t:|1728000859\n|move|p1a: Dondozo|Earthquake|p2a: Dondozo|[spread] p2a,p2b\n|-miss|p1a: Dondozo|p1b: Tatsugiri\n|-damage|p2a: Dondozo|82\/100\n|-damage|p2b: Annihilape|24\/100\n|move|p2b: Annihilape|Rage Fist|p1a: Dondozo\n|-damage|p1a: Dondozo|0 fnt\n|faint|p1a: Dondozo\n|move|p2a: Dondozo|Order Up|p1b: Tatsugiri\n|-supereffective|p1b: Tatsugiri\n|-enditem|p1b: Tatsugiri|Focus Sash\n|-damage|p1b: Tatsugiri|1\/100\n|\n|-heal|p2a: Dondozo|89\/100|[from] item: Leftovers\n|upkeep\n|\n|t:|1728000866\n|switch|p1a: Dragonite|Dragonite, L50, F|100\/100\n|turn|4\n|inactive|chiitancrazymascot has 30 seconds left.\n|inactive|chiitancrazymascot has 20 seconds left.\n|\n|t:|1728000906\n|switch|p2b: Tatsugiri|Tatsugiri, L50, F, shiny|100\/100\n|-activate|p2b: Tatsugiri|ability: Commander|[of] p2a: Dondozo\n|-boost|p2a: Dondozo|atk|2\n|-boost|p2a: Dondozo|spa|2\n|-boost|p2a: Dondozo|spe|2\n|-boost|p2a: Dondozo|def|2\n|-boost|p2a: Dondozo|spd|2\n|-terastallize|p1a: Dragonite|Normal\n|move|p2a: Dondozo|Order Up|p1a: Dragonite\n|-damage|p1a: Dragonite|76\/100\n|-boost|p2a: Dondozo|atk|1\n|move|p1b: Tatsugiri|Draco Meteor|p2a: Dondozo\n|-damage|p2a: Dondozo|54\/100\n|-unboost|p1b: Tatsugiri|spa|2\n|move|p1a: Dragonite|Tailwind|p1a: Dragonite\n|-sidestart|p1: toritonLJK|move: Tailwind\n|\n|-heal|p2a: Dondozo|60\/100|[from] item: Leftovers\n|upkeep\n|turn|5\n|\n|t:|1728000924\n|move|p1b: Tatsugiri|Draco Meteor|p2a: Dondozo\n|-damage|p2a: Dondozo|23\/100\n|-unboost|p1b: Tatsugiri|spa|2\n|move|p1a: Dragonite|Haze|p1a: Dragonite\n|-clearallboost\n|move|p2a: Dondozo|Order Up|p1b: Tatsugiri\n|-supereffective|p1b: Tatsugiri\n|-damage|p1b: Tatsugiri|0 fnt\n|faint|p1b: Tatsugiri\n|-boost|p2a: Dondozo|atk|1\n|\n|-heal|p2a: Dondozo|29\/100|[from] item: Leftovers\n|upkeep\n|\n|t:|1728000927\n|switch|p1b: Kingambit|Kingambit, L50, F|100\/100\n|turn|6\n|\n|t:|1728000935\n|move|p2a: Dondozo|Protect|p2a: Dondozo\n|-singleturn|p2a: Dondozo|Protect\n|move|p1a: Dragonite|Extreme Speed|p2a: Dondozo\n|-activate|p2a: Dondozo|move: Protect\n|move|p1b: Kingambit|Kowtow Cleave|p2b: Tatsugiri|[miss]\n|-miss|p1b: Kingambit|p2b: Tatsugiri\n|\n|-heal|p2a: Dondozo|35\/100|[from] item: Leftovers\n|upkeep\n|turn|7\n|\n|t:|1728000942\n|move|p1a: Dragonite|Extreme Speed|p2a: Dondozo\n|-damage|p2a: Dondozo|0 fnt\n|faint|p2a: Dondozo\n|move|p1b: Kingambit|Kowtow Cleave|p2b: Tatsugiri\n|-damage|p2b: Tatsugiri|0 fnt\n|faint|p2b: Tatsugiri\n|\n|-sideend|p1: toritonLJK|move: Tailwind\n|upkeep\n|-message|chiitancrazymascot forfeited.\n|\n|win|toritonLJK\n|raw|toritonLJK's rating: 1689 &rarr; <strong>1712<\/strong><br \/>(+23 for winning)\n|raw|chiitancrazymascot's rating: 1741 &rarr; <strong>1718<\/strong><br \/>(-23 for losing)\n|l|\u2606chiitancrazymascot\n|player|p2|\n|l|\u2606toritonLJK\n|player|p1|\n","uploadtime":1728001150,"views":54,"formatid":"gen9vgc2024regh","rating":1712,"private":0,"password":null}