{"id":"gen9vgc2024regh-2215985238","format":"[Gen 9] VGC 2024 Reg H","players":["Shikanoko32","Jit444"],"log":"|j|\u2606Shikanoko32\n|j|\u2606Jit444\n|t:|1728068085\n|gametype|doubles\n|player|p1|Shikanoko32|266|1688\n|player|p2|Jit444|102|1693\n|teamsize|p1|6\n|teamsize|p2|6\n|gen|9\n|tier|[Gen 9] VGC 2024 Reg H\n|rated|\n|rule|Species Clause: Limit one of each Pok\u00e9mon\n|rule|Item Clause: Limit 1 of each item\n|clearpoke\n|poke|p1|Rillaboom, L50, F|\n|poke|p1|Skeledirge, L50, M|\n|poke|p1|Ninetales-Alola, L50, F|\n|poke|p1|Electabuzz, L50, F|\n|poke|p1|Gholdengo, L50|\n|poke|p1|Primarina, L50, M|\n|poke|p2|Abomasnow, L50, F|\n|poke|p2|Rotom-Frost, L50|\n|poke|p2|Blaziken, L50, M|\n|poke|p2|Samurott-Hisui, L50, F|\n|poke|p2|Talonflame, L50, F|\n|poke|p2|Garchomp, L50, F|\n|teampreview|4\n|inactive|Battle timer is ON: inactive players will automatically lose when time's up. (requested by Jit444)\n|inactive|Shikanoko32 has 60 seconds left.\n|inactive|Jit444 has 60 seconds left.\n|\n|t:|1728068148\n|start\n|switch|p1a: Ninetales|Ninetales-Alola, L50, F|100\/100\n|switch|p1b: Primarina|Primarina, L50, M|100\/100\n|switch|p2a: Talonflame|Talonflame, L50, F|100\/100\n|switch|p2b: Garchomp|Garchomp, L50, F|100\/100\n|-weather|Snow|[from] ability: Snow Warning|[of] p1a: Ninetales\n|turn|1\n|\n|t:|1728068172\n|-terastallize|p2b: Garchomp|Fire\n|move|p2a: Talonflame|Acrobatics|p1b: Primarina\n|-damage|p1b: Primarina|51\/100\n|move|p1a: Ninetales|Aurora Veil|p1a: Ninetales\n|-sidestart|p1: Shikanoko32|move: Aurora Veil\n|move|p2b: Garchomp|Earthquake|p1b: Primarina|[spread] p1a,p1b\n|-immune|p2a: Talonflame\n|-damage|p1a: Ninetales|73\/100\n|-damage|p1b: Primarina|13\/100\n|-enditem|p1b: Primarina|Sitrus Berry|[eat]\n|-heal|p1b: Primarina|37\/100|[from] item: Sitrus Berry\n|move|p1b: Primarina|Hyper Voice|p2a: Talonflame|[spread] p2a,p2b\n|-damage|p2a: Talonflame|71\/100\n|-damage|p2b: Garchomp|74\/100\n|\n|-weather|Snow|[upkeep]\n|upkeep\n|turn|2\n|inactive|Shikanoko32 has 30 seconds left.\n|\n|t:|1728068200\n|move|p1a: Ninetales|Blizzard|p2b: Garchomp|[spread] p2a,p2b\n|-resisted|p2b: Garchomp\n|-damage|p2a: Talonflame|36\/100\n|-damage|p2b: Garchomp|61\/100\n|move|p2a: Talonflame|Tailwind|p2a: Talonflame\n|-sidestart|p2: Jit444|move: Tailwind\n|move|p2b: Garchomp|Earthquake|p1b: Primarina|[spread] p1a,p1b\n|-immune|p2a: Talonflame\n|-damage|p1a: Ninetales|45\/100\n|-damage|p1b: Primarina|0 fnt\n|faint|p1b: Primarina\n|\n|-weather|Snow|[upkeep]\n|upkeep\n|\n|t:|1728068224\n|switch|p1b: Skeledirge|Skeledirge, L50, M|100\/100\n|turn|3\n|\n|t:|1728068237\n|-terastallize|p1b: Skeledirge|Grass\n|move|p2a: Talonflame|Acrobatics|p1a: Ninetales\n|-damage|p1a: Ninetales|21\/100\n|move|p2b: Garchomp|Earthquake|p1a: Ninetales|[spread] p1a,p1b\n|-immune|p2a: Talonflame\n|-resisted|p1b: Skeledirge\n|-crit|p1b: Skeledirge\n|-damage|p1a: Ninetales|0 fnt\n|-damage|p1b: Skeledirge|71\/100\n|faint|p1a: Ninetales\n|move|p1b: Skeledirge|Torch Song|p2a: Talonflame\n|-resisted|p2a: Talonflame\n|-damage|p2a: Talonflame|11\/100\n|-boost|p1b: Skeledirge|spa|1\n|-enditem|p1b: Skeledirge|Throat Spray\n|-boost|p1b: Skeledirge|spa|1|[from] item: Throat Spray\n|\n|-weather|Snow|[upkeep]\n|upkeep\n|\n|t:|1728068255\n|switch|p1a: Gholdengo|Gholdengo, L50|100\/100\n|turn|4\n|\n|t:|1728068267\n|move|p2a: Talonflame|Protect|p2a: Talonflame\n|-singleturn|p2a: Talonflame|Protect\n|move|p2b: Garchomp|Earthquake|p1b: Skeledirge|[spread] p1a,p1b\n|-activate|p2a: Talonflame|move: Protect\n|-supereffective|p1a: Gholdengo\n|-resisted|p1b: Skeledirge\n|-crit|p1b: Skeledirge\n|-damage|p1a: Gholdengo|32\/100\n|-damage|p1b: Skeledirge|39\/100\n|move|p1a: Gholdengo|Make It Rain|p2a: Talonflame|[spread] p2b\n|-activate|p2a: Talonflame|move: Protect\n|-resisted|p2b: Garchomp\n|-damage|p2b: Garchomp|35\/100\n|-unboost|p1a: Gholdengo|spa|1\n|move|p1b: Skeledirge|Slack Off|p1b: Skeledirge\n|-heal|p1b: Skeledirge|89\/100\n|\n|-weather|Snow|[upkeep]\n|-heal|p1a: Gholdengo|38\/100|[from] item: Leftovers\n|upkeep\n|turn|5\n|\n|t:|1728068291\n|move|p1a: Gholdengo|Protect|p1a: Gholdengo\n|-singleturn|p1a: Gholdengo|Protect\n|move|p2a: Talonflame|Acrobatics|p1b: Skeledirge\n|-supereffective|p1b: Skeledirge\n|-damage|p1b: Skeledirge|36\/100\n|move|p2b: Garchomp|Earthquake|p1b: Skeledirge|[spread] p1b\n|-activate|p1a: Gholdengo|move: Protect\n|-immune|p2a: Talonflame\n|-resisted|p1b: Skeledirge\n|-damage|p1b: Skeledirge|22\/100\n|move|p1b: Skeledirge|Shadow Ball|p2b: Garchomp\n|-damage|p2b: Garchomp|0 fnt\n|faint|p2b: Garchomp\n|\n|-weather|none\n|-heal|p1a: Gholdengo|44\/100|[from] item: Leftovers\n|-sideend|p2: Jit444|move: Tailwind\n|-sideend|p1: Shikanoko32|move: Aurora Veil\n|upkeep\n|\n|t:|1728068307\n|switch|p2b: Blaziken|Blaziken, L50, M|100\/100\n|turn|6\n|-message|Shikanoko32 forfeited.\n|\n|win|Jit444\n|raw|Shikanoko32's rating: 1688 &rarr; <strong>1668<\/strong><br \/>(-20 for losing)\n|raw|Jit444's rating: 1693 &rarr; <strong>1713<\/strong><br \/>(+20 for winning)\n|l|\u2606Shikanoko32\n|player|p1|\n|l|\u2606Jit444\n|player|p2|\n","uploadtime":1728068553,"views":12,"formatid":"gen9vgc2024regh","rating":1668,"private":0,"password":null}