{"id":"gen9vgc2024regh-2215943272","format":"[Gen 9] VGC 2024 Reg H","players":["Zordor","koolkidz4life"],"log":"|j|\u2606Zordor\n|j|\u2606koolkidz4life\n|t:|1728064254\n|gametype|doubles\n|player|p1|Zordor|pilot|1795\n|player|p2|koolkidz4life|2|1676\n|teamsize|p1|6\n|teamsize|p2|6\n|gen|9\n|tier|[Gen 9] VGC 2024 Reg H\n|rated|\n|rule|Species Clause: Limit one of each Pok\u00e9mon\n|rule|Item Clause: Limit 1 of each item\n|clearpoke\n|poke|p1|Rotom-Wash, L50|\n|poke|p1|Sneasler, L50, M|\n|poke|p1|Venusaur, L50, M|\n|poke|p1|Kingambit, L50, M|\n|poke|p1|Armarouge, L50, F|\n|poke|p1|Dragapult, L50, F|\n|poke|p2|Talonflame, L50, F|\n|poke|p2|Venusaur, L50, M|\n|poke|p2|Annihilape, L50, M|\n|poke|p2|Dragonite, L50, M|\n|poke|p2|Electabuzz, L50, M|\n|poke|p2|Weavile, L50, F|\n|teampreview|4\n|\n|t:|1728064330\n|start\n|switch|p1a: Sneasler|Sneasler, L50, M|100\/100\n|switch|p1b: Rotom|Rotom-Wash, L50|100\/100\n|switch|p2a: Weavile|Weavile, L50, F|100\/100\n|switch|p2b: Talonflame|Talonflame, L50, F|100\/100\n|-ability|p2a: Weavile|Pressure\n|turn|1\n|\n|t:|1728064343\n|-terastallize|p2b: Talonflame|Ghost\n|move|p2a: Weavile|Fake Out|p1b: Rotom\n|-damage|p1b: Rotom|84\/100\n|move|p2b: Talonflame|Tailwind|p2b: Talonflame\n|-sidestart|p2: koolkidz4life|move: Tailwind\n|move|p1a: Sneasler|Rock Tomb|p2b: Talonflame\n|-damage|p2b: Talonflame|71\/100\n|cant|p1b: Rotom|flinch\n|\n|upkeep\n|turn|2\n|\n|t:|1728064359\n|move|p1a: Sneasler|Protect|p1a: Sneasler\n|-singleturn|p1a: Sneasler|Protect\n|move|p2a: Weavile|Knock Off|p1b: Rotom\n|-damage|p1b: Rotom|33\/100\n|-enditem|p1b: Rotom|Safety Goggles|[from] move: Knock Off|[of] p2a: Weavile\n|move|p2b: Talonflame|Flare Blitz|p1a: Sneasler\n|-activate|p1a: Sneasler|move: Protect\n|move|p1b: Rotom|Will-O-Wisp|p2a: Weavile\n|-status|p2a: Weavile|brn\n|\n|-damage|p2a: Weavile|94\/100 brn|[from] brn\n|upkeep\n|turn|3\n|inactive|Battle timer is ON: inactive players will automatically lose when time's up. (requested by koolkidz4life)\n|\n|t:|1728064392\n|move|p2a: Weavile|Ice Spinner|p1a: Sneasler\n|-damage|p1a: Sneasler|68\/100\n|move|p2b: Talonflame|Brave Bird|p1a: Sneasler\n|-supereffective|p1a: Sneasler\n|-damage|p1a: Sneasler|0 fnt\n|faint|p1a: Sneasler\n|-damage|p2b: Talonflame|50\/100|[from] Recoil\n|move|p1b: Rotom|Electroweb|p2b: Talonflame|[spread] p2a,p2b\n|-crit|p2a: Weavile\n|-damage|p2a: Weavile|61\/100 brn\n|-damage|p2b: Talonflame|29\/100\n|-unboost|p2a: Weavile|spe|1\n|\n|-damage|p2a: Weavile|55\/100 brn|[from] brn\n|upkeep\n|\n|t:|1728064415\n|switch|p1a: Armarouge|Armarouge, L50, F|100\/100\n|turn|4\n|\n|t:|1728064425\n|move|p1a: Armarouge|Protect|p1a: Armarouge\n|-singleturn|p1a: Armarouge|Protect\n|move|p2b: Talonflame|Brave Bird|p1a: Armarouge\n|-activate|p1a: Armarouge|move: Protect\n|move|p2a: Weavile|Knock Off|p1a: Armarouge\n|-activate|p1a: Armarouge|move: Protect\n|move|p1b: Rotom|Electroweb|p2b: Talonflame|[spread] p2a,p2b\n|-damage|p2a: Weavile|36\/100 brn\n|-damage|p2b: Talonflame|7\/100\n|-unboost|p2a: Weavile|spe|1\n|\n|-damage|p2a: Weavile|29\/100 brn|[from] brn\n|-sideend|p2: koolkidz4life|move: Tailwind\n|upkeep\n|turn|5\n|inactive|Zordor has 30 seconds left.\n|\n|t:|1728064451\n|-terastallize|p1a: Armarouge|Fairy\n|move|p2b: Talonflame|Brave Bird|p1a: Armarouge\n|-damage|p1a: Armarouge|53\/100\n|-damage|p2b: Talonflame|0 fnt|[from] Recoil\n|faint|p2b: Talonflame\n|move|p1b: Rotom|Light Screen|p1b: Rotom\n|-sidestart|p1: Zordor|move: Light Screen\n|move|p1a: Armarouge|Heat Wave|p2a: Weavile\n|-supereffective|p2a: Weavile\n|-damage|p2a: Weavile|0 fnt\n|faint|p2a: Weavile\n|\n|upkeep\n|j| oscarbolt\n|\n|t:|1728064458\n|switch|p2a: Dragonite|Dragonite, L50, M|100\/100\n|switch|p2b: Venusaur|Venusaur, L50, M|100\/100\n|turn|6\n|\n|t:|1728064473\n|move|p2a: Dragonite|Extreme Speed|p1b: Rotom\n|-damage|p1b: Rotom|0 fnt\n|faint|p1b: Rotom\n|-damage|p2a: Dragonite|91\/100|[from] item: Life Orb\n|move|p1a: Armarouge|Meteor Beam||[still]\n|-prepare|p1a: Armarouge|Meteor Beam\n|-boost|p1a: Armarouge|spa|1\n|-enditem|p1a: Armarouge|Power Herb\n|-anim|p1a: Armarouge|Meteor Beam|p2a: Dragonite\n|-supereffective|p2a: Dragonite\n|-damage|p2a: Dragonite|0 fnt\n|faint|p2a: Dragonite\n|move|p2b: Venusaur|Sludge Bomb|p1a: Armarouge\n|-supereffective|p1a: Armarouge\n|-damage|p1a: Armarouge|0 fnt\n|faint|p1a: Armarouge\n|\n|upkeep\n|\n|t:|1728064486\n|switch|p1b: Dragapult|Dragapult, L50, F|100\/100\n|turn|7\n|\n|t:|1728064490\n|move|p1b: Dragapult|Dragon Darts|p2b: Venusaur\n|-damage|p2b: Venusaur|76\/100\n|-anim|p1b: Dragapult|Dragon Darts|p2b: Venusaur\n|-damage|p2b: Venusaur|47\/100\n|move|p2b: Venusaur|Sleep Powder|p1b: Dragapult\n|-status|p1b: Dragapult|slp|[from] move: Sleep Powder\n|\n|upkeep\n|turn|8\n|\n|t:|1728064498\n|cant|p1b: Dragapult|slp\n|move|p2b: Venusaur|Sludge Bomb|p1b: Dragapult\n|-resisted|p1b: Dragapult\n|-damage|p1b: Dragapult|88\/100 slp\n|\n|upkeep\n|turn|9\n|\n|t:|1728064502\n|cant|p1b: Dragapult|slp\n|move|p2b: Venusaur|Sludge Bomb|p1b: Dragapult\n|-resisted|p1b: Dragapult\n|-damage|p1b: Dragapult|75\/100 slp\n|\n|-sideend|p1: Zordor|move: Light Screen\n|upkeep\n|turn|10\n|\n|t:|1728064505\n|-curestatus|p1b: Dragapult|slp|[msg]\n|move|p1b: Dragapult|Dragon Darts|p2b: Venusaur\n|-damage|p2b: Venusaur|18\/100\n|-anim|p1b: Dragapult|Dragon Darts|p2b: Venusaur\n|-crit|p2b: Venusaur\n|-damage|p2b: Venusaur|0 fnt\n|faint|p2b: Venusaur\n|\n|win|Zordor\n|raw|Zordor's rating: 1795 &rarr; <strong>1808<\/strong><br \/>(+13 for winning)\n|raw|koolkidz4life's rating: 1676 &rarr; <strong>1663<\/strong><br \/>(-13 for losing)\n|l|\u2606koolkidz4life\n|player|p2|\n|l| oscarbolt\n|l|\u2606Zordor\n|player|p1|\n","uploadtime":1728064684,"views":25,"formatid":"gen9vgc2024regh","rating":1663,"private":0,"password":null}