{"id":"gen9vgc2024regh-2215447168","format":"[Gen 9] VGC 2024 Reg H","players":["grafaiaionnaperc","cobalt_poke"],"log":"|j|\u2606grafaiaionnaperc\n|j|\u2606cobalt_poke\n|t:|1728002984\n|gametype|doubles\n|player|p1|grafaiaionnaperc|magmasuit|1831\n|player|p2|cobalt_poke|170|1763\n|teamsize|p1|6\n|teamsize|p2|6\n|gen|9\n|tier|[Gen 9] VGC 2024 Reg H\n|rated|\n|rule|Species Clause: Limit one of each Pok\u00e9mon\n|rule|Item Clause: Limit 1 of each item\n|clearpoke\n|poke|p1|Sneasler, L50, M|\n|poke|p1|Indeedee, L50, M|\n|poke|p1|Murkrow, L50, M|\n|poke|p1|Dragapult, L50, F|\n|poke|p1|Decidueye-Hisui, L50, M|\n|poke|p1|Typhlosion-Hisui, L50, F|\n|poke|p2|Maushold-Four, L50|\n|poke|p2|Annihilape, L50, F|\n|poke|p2|Archaludon, L50, F|\n|poke|p2|Amoonguss, L50, M|\n|poke|p2|Pelipper, L50, M|\n|poke|p2|Basculegion, L50, M|\n|teampreview|4\n|inactive|Battle timer is ON: inactive players will automatically lose when time's up. (requested by grafaiaionnaperc)\n|inactive|grafaiaionnaperc has 60 seconds left.\n|\n|t:|1728003018\n|start\n|switch|p1a: Paul Allen|Sneasler, L50, M, shiny|100\/100\n|switch|p1b: Patrick Bateman|Indeedee, L50, M, shiny|100\/100\n|switch|p2a: Annihilape|Annihilape, L50, F|100\/100\n|switch|p2b: Maushold|Maushold-Four, L50|100\/100\n|-fieldstart|move: Psychic Terrain|[from] ability: Psychic Surge|[of] p1b: Patrick Bateman\n|-enditem|p1a: Paul Allen|Psychic Seed\n|-boost|p1a: Paul Allen|spd|1|[from] item: Psychic Seed\n|turn|1\n|j| cocoseed\n|\n|t:|1728003025\n|-terastallize|p2a: Annihilape|Steel\n|move|p2b: Maushold|Protect|p2b: Maushold\n|-singleturn|p2b: Maushold|Protect\n|move|p1a: Paul Allen|Dire Claw|p2a: Annihilape\n|-immune|p2a: Annihilape\n|move|p2a: Annihilape|Bulk Up|p2a: Annihilape\n|-boost|p2a: Annihilape|atk|1\n|-boost|p2a: Annihilape|def|1\n|move|p1b: Patrick Bateman|Expanding Force|p2b: Maushold|[spread] p2a\n|-activate|p2b: Maushold|move: Protect\n|-resisted|p2a: Annihilape\n|-damage|p2a: Annihilape|83\/100\n|\n|upkeep\n|turn|2\n|\n|t:|1728003044\n|-terastallize|p1b: Patrick Bateman|Fighting\n|move|p2b: Maushold|Follow Me|p2b: Maushold\n|-singleturn|p2b: Maushold|move: Follow Me\n|move|p1a: Paul Allen|Close Combat|p2b: Maushold\n|-supereffective|p2b: Maushold\n|-damage|p2b: Maushold|0 fnt\n|-unboost|p1a: Paul Allen|def|1\n|-unboost|p1a: Paul Allen|spd|1\n|faint|p2b: Maushold\n|move|p2a: Annihilape|Rage Fist|p1a: Paul Allen\n|-damage|p1a: Paul Allen|0 fnt\n|faint|p1a: Paul Allen\n|move|p1b: Patrick Bateman|Tera Blast|p2a: Annihilape|[anim] Tera Blast Fighting\n|-supereffective|p2a: Annihilape\n|-damage|p2a: Annihilape|13\/100\n|-enditem|p2a: Annihilape|Sitrus Berry|[eat]\n|-heal|p2a: Annihilape|38\/100|[from] item: Sitrus Berry\n|\n|upkeep\n|\n|t:|1728003059\n|switch|p2b: Pelipper|Pelipper, L50, M|100\/100\n|switch|p1a: Luis Carruthers|Murkrow, L50, M, shiny|100\/100\n|-weather|RainDance|[from] ability: Drizzle|[of] p2b: Pelipper\n|turn|3\n|\n|t:|1728003083\n|move|p2a: Annihilape|Protect|p2a: Annihilape\n|-singleturn|p2a: Annihilape|Protect\n|move|p1a: Luis Carruthers|Tailwind|p1a: Luis Carruthers\n|-sidestart|p1: grafaiaionnaperc|move: Tailwind\n|move|p1b: Patrick Bateman|Expanding Force|p2b: Pelipper|[spread] p2b\n|-activate|p2a: Annihilape|move: Protect\n|-damage|p2b: Pelipper|0 fnt\n|faint|p2b: Pelipper\n|\n|-weather|RainDance|[upkeep]\n|upkeep\n|\n|t:|1728003091\n|switch|p2b: Basculegion|Basculegion, L50, M|100\/100\n|turn|4\n|inactive|grafaiaionnaperc has 30 seconds left.\n|\n|t:|1728003117\n|move|p1a: Luis Carruthers|Sunny Day|p1a: Luis Carruthers\n|-weather|SunnyDay\n|move|p1b: Patrick Bateman|Expanding Force|p2b: Basculegion|[spread] p2a,p2b\n|-resisted|p2a: Annihilape\n|-damage|p2a: Annihilape|12\/100\n|-damage|p2b: Basculegion|40\/100\n|move|p2a: Annihilape|Drain Punch|p1a: Luis Carruthers\n|-damage|p1a: Luis Carruthers|50\/100\n|-heal|p2a: Annihilape|32\/100|[from] drain|[of] p1a: Luis Carruthers\n|move|p2b: Basculegion|Last Respects|p1b: Patrick Bateman\n|-enditem|p1b: Patrick Bateman|Focus Sash\n|-damage|p1b: Patrick Bateman|1\/100\n|-damage|p2b: Basculegion|30\/100|[from] item: Life Orb\n|\n|-weather|SunnyDay|[upkeep]\n|upkeep\n|turn|5\n|-message|cobalt_poke forfeited.\n|\n|win|grafaiaionnaperc\n|raw|grafaiaionnaperc's rating: 1831 &rarr; <strong>1847<\/strong><br \/>(+16 for winning)\n|raw|cobalt_poke's rating: 1763 &rarr; <strong>1747<\/strong><br \/>(-16 for losing)\n|l|\u2606cobalt_poke\n|player|p2|\n|l| cocoseed\n|l|\u2606grafaiaionnaperc\n|player|p1|\n|j|\u2606grafaiaionnaperc\n|player|p1|grafaiaionnaperc|magmasuit|\n","uploadtime":1728003405,"views":45,"formatid":"gen9vgc2024regh","rating":1747,"private":0,"password":null}