{"id":"gen9vgc2024regh-2215540675","format":"[Gen 9] VGC 2024 Reg H","players":["Geodude3138","Funnyman Krebs"],"log":"|j|\u2606Geodude3138\n|j|\u2606Funnyman Krebs\n|t:|1728015059\n|gametype|doubles\n|player|p1|Geodude3138|psychicf|1715\n|player|p2|Funnyman Krebs|wallace|1681\n|teamsize|p1|6\n|teamsize|p2|6\n|gen|9\n|tier|[Gen 9] VGC 2024 Reg H\n|rated|\n|rule|Species Clause: Limit one of each Pok\u00e9mon\n|rule|Item Clause: Limit 1 of each item\n|clearpoke\n|poke|p1|Dragonite, L50, M|\n|poke|p1|Gholdengo, L50|\n|poke|p1|Whimsicott, L50, M|\n|poke|p1|Basculegion, L50, M|\n|poke|p1|Archaludon, L50, F|\n|poke|p1|Politoed, L50, M|\n|poke|p2|Dragonite, L50, M|\n|poke|p2|Sneasler, L50, M|\n|poke|p2|Kingambit, L50, F|\n|poke|p2|Rillaboom, L50, M|\n|poke|p2|Primarina, L50, M|\n|poke|p2|Magmar, L50, F|\n|teampreview|4\nFunnyman Krebs has agreed to open team sheets.\nGeodude3138 rejected open team sheets.\n|inactive|Battle timer is ON: inactive players will automatically lose when time's up. (requested by Geodude3138)\n|\n|t:|1728015131\n|start\n|switch|p1a: Whimsicott|Whimsicott, L50, M|100\/100\n|switch|p1b: Dragonite|Dragonite, L50, M|100\/100\n|switch|p2a: Tiny|Dragonite, L50, M|100\/100\n|switch|p2b: Deadly Queen|Sneasler, L50, M|100\/100\n|turn|1\n|\n|t:|1728015152\n|-terastallize|p1a: Whimsicott|Steel\n|move|p2b: Deadly Queen|Coaching|p2a: Tiny\n|-boost|p2a: Tiny|atk|1\n|-boost|p2a: Tiny|def|1\n|move|p2a: Tiny|Scale Shot|p1b: Dragonite|[miss]\n|-miss|p2a: Tiny|p1b: Dragonite\n|move|p1b: Dragonite|Stomping Tantrum|p2b: Deadly Queen\n|-supereffective|p2b: Deadly Queen\n|-enditem|p2b: Deadly Queen|Focus Sash\n|-damage|p2b: Deadly Queen|1\/100\n|move|p1a: Whimsicott|Trick Room|p1a: Whimsicott\n|-fieldstart|move: Trick Room|[of] p1a: Whimsicott\n|\n|upkeep\n|turn|2\n|inactive|Geodude3138 has 30 seconds left.\n|inactive|Funnyman Krebs has 30 seconds left.\n|\n|t:|1728015182\n|switch|p2b: Mermaid Man|Primarina, L50, M|100\/100\n|-terastallize|p2a: Tiny|Flying\n|move|p1b: Dragonite|Extreme Speed|p2a: Tiny\n|-damage|p2a: Tiny|91\/100\n|move|p1a: Whimsicott|Moonblast|p2a: Tiny\n|-damage|p2a: Tiny|53\/100\n|move|p2a: Tiny|Tera Blast|p1b: Dragonite|[anim] Tera Blast Flying\n|-damage|p1b: Dragonite|60\/100\n|\n|upkeep\n|turn|3\n|j| catcherandtherai\n|j| Rabbithorn05\n|inactive|Geodude3138 has 30 seconds left.\n|\n|t:|1728015215\n|move|p2a: Tiny|Protect|p2a: Tiny\n|-singleturn|p2a: Tiny|Protect\n|move|p1b: Dragonite|Extreme Speed|p2a: Tiny\n|-activate|p2a: Tiny|move: Protect\n|move|p2b: Mermaid Man|Moonblast|p1b: Dragonite\n|-supereffective|p1b: Dragonite\n|-damage|p1b: Dragonite|0 fnt\n|faint|p1b: Dragonite\n|move|p1a: Whimsicott|Moonblast|p2a: Tiny\n|-activate|p2a: Tiny|move: Protect\n|\n|upkeep\n|\n|t:|1728015232\n|switch|p1b: Archaludon|Archaludon, L50, F|100\/100\n|turn|4\n|j| Kampasaurus\n|\n|t:|1728015251\n|switch|p1a: Basculegion|Basculegion, L50, M|100\/100\n|move|p1b: Archaludon|Electro Shot||[still]\n|-prepare|p1b: Archaludon|Electro Shot\n|-boost|p1b: Archaludon|spa|1\n|-enditem|p1b: Archaludon|Power Herb\n|-anim|p1b: Archaludon|Electro Shot|p2a: Tiny\n|-supereffective|p2a: Tiny\n|-damage|p2a: Tiny|0 fnt\n|faint|p2a: Tiny\n|move|p2b: Mermaid Man|Moonblast|p1a: Basculegion\n|-damage|p1a: Basculegion|47\/100\n|\n|upkeep\n|\n|t:|1728015261\n|switch|p2a: Deadly Queen|Sneasler, L50, M|1\/100\n|turn|5\n|\n|t:|1728015273\n|move|p2a: Deadly Queen|Fake Out|p1b: Archaludon\n|-resisted|p1b: Archaludon\n|-damage|p1b: Archaludon|95\/100\n|move|p1a: Basculegion|Last Respects|p2b: Mermaid Man\n|-damage|p2b: Mermaid Man|15\/100\n|-enditem|p2b: Mermaid Man|Sitrus Berry|[eat]\n|-heal|p2b: Mermaid Man|40\/100|[from] item: Sitrus Berry\n|cant|p1b: Archaludon|flinch\n|move|p2b: Mermaid Man|Moonblast|p1a: Basculegion\n|-damage|p1a: Basculegion|0 fnt\n|faint|p1a: Basculegion\n|\n|-fieldend|move: Trick Room\n|upkeep\n|\n|t:|1728015285\n|switch|p1a: Whimsicott|Whimsicott, L50, M, tera:Steel|100\/100\n|turn|6\n|\n|t:|1728015296\n|move|p2a: Deadly Queen|Close Combat|p1b: Archaludon\n|-supereffective|p1b: Archaludon\n|-damage|p1b: Archaludon|0 fnt\n|-unboost|p2a: Deadly Queen|def|1\n|-unboost|p2a: Deadly Queen|spd|1\n|faint|p1b: Archaludon\n|move|p2b: Mermaid Man|Moonblast|p1a: Whimsicott\n|-resisted|p1a: Whimsicott\n|-damage|p1a: Whimsicott|68\/100\n|-unboost|p1a: Whimsicott|spa|1\n|move|p1a: Whimsicott|Trick Room|p1a: Whimsicott\n|-fieldstart|move: Trick Room|[of] p1a: Whimsicott\n|\n|upkeep\n|turn|7\n|j| PlasticAttorney\n|\n|t:|1728015312\n|move|p2b: Mermaid Man|Hyper Voice|p1a: Whimsicott\n|-damage|p1a: Whimsicott|0 fnt\n|faint|p1a: Whimsicott\n|\n|win|Funnyman Krebs\n|raw|Geodude3138's rating: 1715 &rarr; <strong>1693<\/strong><br \/>(-22 for losing)\n|raw|Funnyman Krebs's rating: 1681 &rarr; <strong>1703<\/strong><br \/>(+22 for winning)\n|l|\u2606Funnyman Krebs\n|player|p2|\n|l|\u2606Geodude3138\n|player|p1|\n|l| Kampasaurus\n|l| catcherandtherai\n|l| PlasticAttorney\n","uploadtime":1728015537,"views":14,"formatid":"gen9vgc2024regh","rating":1693,"private":0,"password":null}