{"id":"gen9vgc2024regh-2215648703","format":"[Gen 9] VGC 2024 Reg H","players":["fuleya","tatch_9"],"log":"|j|\u2606fuleya\n|j|\u2606tatch_9\n|t:|1728033407\n|gametype|doubles\n|player|p1|fuleya|101|1645\n|player|p2|tatch_9|101|1710\n|teamsize|p1|6\n|teamsize|p2|6\n|gen|9\n|tier|[Gen 9] VGC 2024 Reg H\n|rated|\n|rule|Species Clause: Limit one of each Pok\u00e9mon\n|rule|Item Clause: Limit 1 of each item\n|clearpoke\n|poke|p1|Annihilape, L50, F|\n|poke|p1|Maushold, L50|\n|poke|p1|Grimmsnarl, L50, M|\n|poke|p1|Sinistcha, L50|\n|poke|p1|Archaludon, L50, F|\n|poke|p1|Pelipper, L50, M|\n|poke|p2|Volcarona, L50, M|\n|poke|p2|Indeedee, L50, M|\n|poke|p2|Sneasler, L50, F|\n|poke|p2|Tatsugiri, L50, M|\n|poke|p2|Dondozo, L50, F|\n|poke|p2|Glimmora, L50, F|\n|teampreview|4\n|inactive|Battle timer is ON: inactive players will automatically lose when time's up. (requested by tatch_9)\n|j| Jokojok\n|\n|t:|1728033434\n|start\n|switch|p1a: Archaludon|Archaludon, L50, F|100\/100\n|switch|p1b: Grimmsnarl|Grimmsnarl, L50, M|100\/100\n|switch|p2a: Indeedee|Indeedee, L50, M|100\/100\n|switch|p2b: Sneasler|Sneasler, L50, F|100\/100\n|-fieldstart|move: Psychic Terrain|[from] ability: Psychic Surge|[of] p2a: Indeedee\n|-enditem|p2b: Sneasler|Psychic Seed\n|-boost|p2b: Sneasler|spd|1|[from] item: Psychic Seed\n|turn|1\n|\n|t:|1728033449\n|move|p1b: Grimmsnarl|Reflect|p1b: Grimmsnarl\n|-sidestart|p1: fuleya|Reflect\n|move|p2b: Sneasler|Dire Claw|p1b: Grimmsnarl\n|-supereffective|p1b: Grimmsnarl\n|-damage|p1b: Grimmsnarl|49\/100\n|move|p2a: Indeedee|Dazzling Gleam|p1b: Grimmsnarl|[spread] p1a,p1b\n|-supereffective|p1b: Grimmsnarl\n|-damage|p1a: Archaludon|87\/100\n|-damage|p1b: Grimmsnarl|16\/100\n|-ability|p1a: Archaludon|Stamina|boost\n|-boost|p1a: Archaludon|def|1\n|move|p1a: Archaludon|Snarl|p2b: Sneasler|[spread] p2a,p2b\n|-supereffective|p2a: Indeedee\n|-resisted|p2b: Sneasler\n|-damage|p2a: Indeedee|65\/100\n|-damage|p2b: Sneasler|95\/100\n|-unboost|p2a: Indeedee|spa|1\n|-unboost|p2b: Sneasler|spa|1\n|\n|upkeep\n|turn|2\n|\n|t:|1728033474\n|move|p1b: Grimmsnarl|Light Screen|p1b: Grimmsnarl\n|-sidestart|p1: fuleya|move: Light Screen\n|move|p2b: Sneasler|Close Combat|p1a: Archaludon\n|-supereffective|p1a: Archaludon\n|-damage|p1a: Archaludon|47\/100\n|-unboost|p2b: Sneasler|def|1\n|-unboost|p2b: Sneasler|spd|1\n|-ability|p1a: Archaludon|Stamina|boost\n|-boost|p1a: Archaludon|def|1\n|move|p2a: Indeedee|Dazzling Gleam|p1a: Archaludon|[spread] p1a,p1b\n|-supereffective|p1b: Grimmsnarl\n|-damage|p1a: Archaludon|42\/100\n|-damage|p1b: Grimmsnarl|0 fnt\n|-ability|p1a: Archaludon|Stamina|boost\n|-boost|p1a: Archaludon|def|1\n|faint|p1b: Grimmsnarl\n|move|p1a: Archaludon|Dragon Pulse|p2b: Sneasler\n|-damage|p2b: Sneasler|44\/100\n|\n|upkeep\n|\n|t:|1728033490\n|switch|p1b: Sinistcha|Sinistcha, L50|100\/100\n|-heal|p1a: Archaludon|67\/100|[from] ability: Hospitality|[of] p1b: Sinistcha\n|turn|3\n|\n|t:|1728033509\n|switch|p2b: Tatsugiri|Tatsugiri, L50, M|100\/100\n|switch|p2a: Dondozo|Dondozo, L50, F|100\/100\n|-activate|p2b: Tatsugiri|ability: Commander|[of] p2a: Dondozo\n|-boost|p2a: Dondozo|atk|2\n|-boost|p2a: Dondozo|spa|2\n|-boost|p2a: Dondozo|spe|2\n|-boost|p2a: Dondozo|def|2\n|-boost|p2a: Dondozo|spd|2\n|-terastallize|p1b: Sinistcha|Dark\n|move|p1a: Archaludon|Dragon Pulse|p2b: Tatsugiri|[miss]\n|-miss|p1a: Archaludon|p2b: Tatsugiri\n|move|p1b: Sinistcha|Trick Room|p1b: Sinistcha\n|-fieldstart|move: Trick Room|[of] p1b: Sinistcha\n|\n|upkeep\n|turn|4\n|\n|t:|1728033531\n|switch|p1b: Pelipper|Pelipper, L50, M|100\/100\n|-weather|RainDance|[from] ability: Drizzle|[of] p1b: Pelipper\n|-terastallize|p2a: Dondozo|Steel\n|move|p1a: Archaludon|Electro Shot||[still]\n|-prepare|p1a: Archaludon|Electro Shot\n|-boost|p1a: Archaludon|spa|1\n|-anim|p1a: Archaludon|Electro Shot|p2a: Dondozo\n|-damage|p2a: Dondozo|88\/100\n|move|p2a: Dondozo|Order Up|p1b: Pelipper\n|-damage|p1b: Pelipper|64\/100\n|-boost|p2a: Dondozo|atk|1\n|\n|-weather|RainDance|[upkeep]\n|upkeep\n|turn|5\n|\n|t:|1728033550\n|move|p1a: Archaludon|Body Press|p2a: Dondozo\n|-supereffective|p2a: Dondozo\n|-damage|p2a: Dondozo|74\/100\n|move|p1b: Pelipper|Weather Ball|p2a: Dondozo\n|-damage|p2a: Dondozo|53\/100\n|move|p2a: Dondozo|Order Up|p1b: Pelipper\n|-damage|p1b: Pelipper|14\/100\n|-boost|p2a: Dondozo|atk|1\n|\n|-weather|RainDance|[upkeep]\n|-fieldend|move: Psychic Terrain\n|upkeep\n|turn|6\n|\n|t:|1728033573\n|move|p1b: Pelipper|Protect|p1b: Pelipper\n|-singleturn|p1b: Pelipper|Protect\n|move|p1a: Archaludon|Electro Shot||[still]\n|-prepare|p1a: Archaludon|Electro Shot\n|-boost|p1a: Archaludon|spa|1\n|-anim|p1a: Archaludon|Electro Shot|p2a: Dondozo\n|-damage|p2a: Dondozo|40\/100\n|move|p2a: Dondozo|Earthquake|p1a: Archaludon|[spread] p1a\n|-miss|p2a: Dondozo|p2b: Tatsugiri\n|-activate|p1b: Pelipper|move: Protect\n|-supereffective|p1a: Archaludon\n|-damage|p1a: Archaludon|5\/100\n|-ability|p1a: Archaludon|Stamina|boost\n|-boost|p1a: Archaludon|def|1\n|\n|-weather|RainDance|[upkeep]\n|upkeep\n|turn|7\n|inactive|fuleya has 30 seconds left.\n|\n|t:|1728033599\n|move|p1a: Archaludon|Body Press|p2a: Dondozo\n|-supereffective|p2a: Dondozo\n|-damage|p2a: Dondozo|23\/100\n|move|p1b: Pelipper|Weather Ball|p2a: Dondozo\n|-crit|p2a: Dondozo\n|-damage|p2a: Dondozo|0 fnt\n|faint|p2a: Dondozo\n|\n|-weather|RainDance|[upkeep]\n|-fieldend|move: Trick Room\n|upkeep\n|c|\u2606tatch_9|Rip\n|\n|t:|1728033612\n|switch|p2a: Indeedee|Indeedee, L50, M|65\/100\n|-fieldstart|move: Psychic Terrain|[from] ability: Psychic Surge|[of] p2a: Indeedee\n|turn|8\n|\n|t:|1728033622\n|switch|p1b: Sinistcha|Sinistcha, L50, tera:Dark|100\/100\n|-heal|p1a: Archaludon|30\/100|[from] ability: Hospitality|[of] p1b: Sinistcha\n|move|p2a: Indeedee|Expanding Force|p1a: Archaludon|[spread] p1a\n|-immune|p1b: Sinistcha\n|-resisted|p1a: Archaludon\n|-damage|p1a: Archaludon|18\/100\n|-ability|p1a: Archaludon|Stamina|boost\n|-boost|p1a: Archaludon|def|1\n|move|p2b: Tatsugiri|Muddy Water|p1a: Archaludon|[spread] p1a,p1b\n|-resisted|p1a: Archaludon\n|-damage|p1a: Archaludon|1\/100\n|-damage|p1b: Sinistcha|44\/100\n|-unboost|p1b: Sinistcha|accuracy|1\n|-ability|p1a: Archaludon|Stamina|boost\n|-boost|p1a: Archaludon|def|1\n|-enditem|p1b: Sinistcha|Sitrus Berry|[eat]\n|-heal|p1b: Sinistcha|69\/100|[from] item: Sitrus Berry\n|move|p1a: Archaludon|Snarl|p2a: Indeedee|[spread] p2a,p2b\n|-supereffective|p2a: Indeedee\n|-damage|p2a: Indeedee|0 fnt\n|-damage|p2b: Tatsugiri|63\/100\n|-unboost|p2b: Tatsugiri|spa|1\n|faint|p2a: Indeedee\n|\n|-weather|none\n|-sideend|p1: fuleya|Reflect\n|upkeep\n|\n|t:|1728033630\n|switch|p2a: Sneasler|Sneasler, L50, F|44\/100\n|turn|9\n|inactive|fuleya has 30 seconds left.\n|\n|t:|1728033659\n|move|p2a: Sneasler|Close Combat|p1b: Sinistcha\n|-supereffective|p1b: Sinistcha\n|-damage|p1b: Sinistcha|0 fnt\n|-unboost|p2a: Sneasler|def|1\n|-unboost|p2a: Sneasler|spd|1\n|faint|p1b: Sinistcha\n|move|p2b: Tatsugiri|Muddy Water|p1a: Archaludon|[miss]\n|-miss|p2b: Tatsugiri|p1a: Archaludon\n|move|p1a: Archaludon|Dragon Pulse|p2b: Tatsugiri\n|-supereffective|p2b: Tatsugiri\n|-damage|p2b: Tatsugiri|0 fnt\n|faint|p2b: Tatsugiri\n|\n|-sideend|p1: fuleya|move: Light Screen\n|upkeep\n|c|\u2606tatch_9|Rip\n|\n|t:|1728033675\n|switch|p1b: Pelipper|Pelipper, L50, M|14\/100\n|-weather|RainDance|[from] ability: Drizzle|[of] p1b: Pelipper\n|turn|10\n|\n|t:|1728033684\n|move|p2a: Sneasler|Throat Chop|p1a: Archaludon\n|-damage|p1a: Archaludon|0 fnt\n|faint|p1a: Archaludon\n|move|p1b: Pelipper|Weather Ball|p2a: Sneasler\n|-damage|p2a: Sneasler|0 fnt\n|faint|p2a: Sneasler\n|\n|win|fuleya\n|raw|fuleya's rating: 1645 &rarr; <strong>1669<\/strong><br \/>(+24 for winning)\n|raw|tatch_9's rating: 1710 &rarr; <strong>1686<\/strong><br \/>(-24 for losing)\n|c| Jokojok|rip\n|l|\u2606fuleya\n|player|p1|\n|l| Jokojok\n|l|\u2606tatch_9\n|player|p2|\n","uploadtime":1728033854,"views":21,"formatid":"gen9vgc2024regh","rating":1669,"private":0,"password":null}