{"id":"gen9vgc2024regh-2215256748","format":"[Gen 9] VGC 2024 Reg H","players":["moon7777alt2","Shikanoko32"],"log":"|j|\u2606moon7777alt2\n|j|\u2606Shikanoko32\n|t:|1727982415\n|gametype|doubles\n|player|p1|moon7777alt2|169|1793\n|player|p2|Shikanoko32|101|1774\n|teamsize|p1|6\n|teamsize|p2|6\n|gen|9\n|tier|[Gen 9] VGC 2024 Reg H\n|rated|\n|rule|Species Clause: Limit one of each Pok\u00e9mon\n|rule|Item Clause: Limit 1 of each item\n|clearpoke\n|poke|p1|Dragonite, L50, M|\n|poke|p1|Kingambit, L50, F|\n|poke|p1|Basculegion, L50, M|\n|poke|p1|Garchomp, L50, M|\n|poke|p1|Sneasler, L50, M|\n|poke|p1|Comfey, L50, M|\n|poke|p2|Rillaboom, L50, F|\n|poke|p2|Incineroar, L50, F|\n|poke|p2|Altaria, L50, F|\n|poke|p2|Electabuzz, L50, F|\n|poke|p2|Gholdengo, L50|\n|poke|p2|Milotic, L50, F|\n|teampreview|4\n|j| Iced Meow\n|\n|t:|1727982437\n|start\n|switch|p1a: Garchomp|Garchomp, L50, M|100\/100\n|switch|p1b: Kingambit|Kingambit, L50, F|100\/100\n|switch|p2a: Electabuzz|Electabuzz, L50, F|100\/100\n|switch|p2b: Milotic|Milotic, L50, F|100\/100\n|turn|1\n|\n|t:|1727982452\n|-terastallize|p1a: Garchomp|Poison\n|move|p1b: Kingambit|Protect|p1b: Kingambit\n|-singleturn|p1b: Kingambit|Protect\n|move|p1a: Garchomp|Earthquake|p2a: Electabuzz|[spread] p2a,p2b\n|-activate|p1b: Kingambit|move: Protect\n|-supereffective|p2a: Electabuzz\n|-crit|p2b: Milotic\n|-damage|p2a: Electabuzz|9\/100\n|-damage|p2b: Milotic|9\/100\n|move|p2a: Electabuzz|Taunt|p1b: Kingambit\n|-activate|p1b: Kingambit|move: Protect\n|move|p2b: Milotic|Coil|p2b: Milotic\n|-boost|p2b: Milotic|atk|1\n|-boost|p2b: Milotic|def|1\n|-boost|p2b: Milotic|accuracy|1\n|\n|upkeep\n|turn|2\n|\n|t:|1727982481\n|switch|p1b: Dragonite|Dragonite, L50, M|100\/100\n|move|p2a: Electabuzz|Protect|p2a: Electabuzz\n|-singleturn|p2a: Electabuzz|Protect\n|move|p1a: Garchomp|Earthquake|p2a: Electabuzz|[spread] p2b\n|-activate|p2a: Electabuzz|move: Protect\n|-immune|p1b: Dragonite\n|-damage|p2b: Milotic|0 fnt\n|faint|p2b: Milotic\n|\n|upkeep\n|\n|t:|1727982491\n|switch|p2b: Gholdengo|Gholdengo, L50|100\/100\n|turn|3\n|\n|t:|1727982502\n|switch|p2a: Rillaboom|Rillaboom, L50, F, shiny|100\/100\n|-fieldstart|move: Grassy Terrain|[from] ability: Grassy Surge|[of] p2a: Rillaboom\n|-terastallize|p2b: Gholdengo|Dragon\n|move|p1a: Garchomp|Earthquake|p2a: Rillaboom|[spread] p2a,p2b\n|-immune|p1b: Dragonite\n|-resisted|p2a: Rillaboom\n|-damage|p2a: Rillaboom|86\/100\n|-damage|p2b: Gholdengo|71\/100\n|move|p2b: Gholdengo|Nasty Plot|p2b: Gholdengo\n|-boost|p2b: Gholdengo|spa|2\n|move|p1b: Dragonite|Stomping Tantrum|p2b: Gholdengo\n|-damage|p2b: Gholdengo|44\/100\n|\n|-heal|p2b: Gholdengo|50\/100|[from] Grassy Terrain\n|-heal|p2b: Gholdengo|57\/100|[from] item: Leftovers\n|-heal|p2a: Rillaboom|92\/100|[from] Grassy Terrain\n|upkeep\n|turn|4\n|\n|t:|1727982530\n|switch|p1a: Kingambit|Kingambit, L50, F|100\/100\n|move|p2a: Rillaboom|Fake Out|p1a: Kingambit\n|-resisted|p1a: Kingambit\n|-crit|p1a: Kingambit\n|-damage|p1a: Kingambit|93\/100\n|move|p2b: Gholdengo|Make It Rain|p1b: Dragonite|[spread] p1a,p1b\n|-resisted|p1a: Kingambit\n|-damage|p1a: Kingambit|50\/100\n|-damage|p1b: Dragonite|61\/100\n|-unboost|p2b: Gholdengo|spa|1\n|move|p1b: Dragonite|Dragon Dance|p1b: Dragonite\n|-boost|p1b: Dragonite|atk|1\n|-boost|p1b: Dragonite|spe|1\n|\n|-heal|p2b: Gholdengo|63\/100|[from] Grassy Terrain\n|-heal|p2b: Gholdengo|69\/100|[from] item: Leftovers\n|-heal|p2a: Rillaboom|98\/100|[from] Grassy Terrain\n|-heal|p1a: Kingambit|56\/100|[from] Grassy Terrain\n|upkeep\n|turn|5\n|\n|t:|1727982564\n|move|p1b: Dragonite|Stomping Tantrum|p2b: Gholdengo\n|-damage|p2b: Gholdengo|28\/100\n|move|p2b: Gholdengo|Make It Rain|p1b: Dragonite|[spread] p1a,p1b\n|-resisted|p1a: Kingambit\n|-damage|p1a: Kingambit|18\/100\n|-damage|p1b: Dragonite|0 fnt\n|-unboost|p2b: Gholdengo|spa|1\n|faint|p1b: Dragonite\n|move|p2a: Rillaboom|U-turn|p1a: Kingambit\n|-damage|p1a: Kingambit|1\/100\n|\n|t:|1727982576\n|switch|p2a: Electabuzz|Electabuzz, L50, F|9\/100|[from] U-turn\n|move|p1a: Kingambit|Swords Dance|p1a: Kingambit\n|-boost|p1a: Kingambit|atk|2\n|\n|-heal|p2a: Electabuzz|15\/100|[from] Grassy Terrain\n|-heal|p2b: Gholdengo|34\/100|[from] Grassy Terrain\n|-heal|p2b: Gholdengo|40\/100|[from] item: Leftovers\n|-heal|p1a: Kingambit|7\/100|[from] Grassy Terrain\n|upkeep\n|\n|t:|1727982582\n|switch|p1b: Comfey|Comfey, L50, M|100\/100\n|turn|6\n|\n|t:|1727982604\n|move|p1a: Kingambit|Protect|p1a: Kingambit\n|-singleturn|p1a: Kingambit|Protect\n|move|p1b: Comfey|Draining Kiss|p2a: Electabuzz\n|-damage|p2a: Electabuzz|4\/100\n|move|p2a: Electabuzz|Follow Me|p2a: Electabuzz\n|-singleturn|p2a: Electabuzz|move: Follow Me\n|move|p2b: Gholdengo|Make It Rain|p1b: Comfey|[spread] p1b\n|-activate|p1a: Kingambit|move: Protect\n|-supereffective|p1b: Comfey\n|-damage|p1b: Comfey|6\/100\n|-unboost|p2b: Gholdengo|spa|1\n|-enditem|p1b: Comfey|Iapapa Berry|[eat]\n|-heal|p1b: Comfey|38\/100|[from] item: Iapapa Berry\n|\n|-heal|p2a: Electabuzz|10\/100|[from] Grassy Terrain\n|-heal|p1b: Comfey|44\/100|[from] Grassy Terrain\n|-heal|p2b: Gholdengo|46\/100|[from] Grassy Terrain\n|-heal|p2b: Gholdengo|53\/100|[from] item: Leftovers\n|-heal|p1a: Kingambit|13\/100|[from] Grassy Terrain\n|upkeep\n|turn|7\n|\n|t:|1727982629\n|move|p1b: Comfey|Draining Kiss|p2b: Gholdengo\n|-supereffective|p2b: Gholdengo\n|-damage|p2b: Gholdengo|20\/100\n|-heal|p1b: Comfey|74\/100|[from] drain|[of] p2b: Gholdengo\n|move|p2a: Electabuzz|Follow Me|p2a: Electabuzz\n|-singleturn|p2a: Electabuzz|move: Follow Me\n|move|p1a: Kingambit|Sucker Punch||[still]\n|-fail|p1a: Kingambit\n|move|p2b: Gholdengo|Make It Rain|p1a: Kingambit|[spread] p1a,p1b\n|-resisted|p1a: Kingambit\n|-supereffective|p1b: Comfey\n|-damage|p1a: Kingambit|0 fnt\n|-damage|p1b: Comfey|9\/100\n|-unboost|p2b: Gholdengo|spa|1\n|faint|p1a: Kingambit\n|\n|-heal|p2a: Electabuzz|16\/100|[from] Grassy Terrain\n|-heal|p1b: Comfey|15\/100|[from] Grassy Terrain\n|-heal|p2b: Gholdengo|27\/100|[from] Grassy Terrain\n|-heal|p2b: Gholdengo|33\/100|[from] item: Leftovers\n|-fieldend|move: Grassy Terrain\n|upkeep\n|\n|t:|1727982634\n|switch|p1a: Garchomp|Garchomp, L50, M, tera:Poison|100\/100\n|turn|8\n|\n|t:|1727982654\n|switch|p2b: Rillaboom|Rillaboom, L50, F, shiny|98\/100\n|-fieldstart|move: Grassy Terrain|[from] ability: Grassy Surge|[of] p2b: Rillaboom\n|move|p1b: Comfey|Draining Kiss|p2b: Rillaboom\n|-damage|p2b: Rillaboom|87\/100\n|-heal|p1b: Comfey|26\/100|[from] drain|[of] p2b: Rillaboom\n|move|p1a: Garchomp|Dragon Claw|p2a: Electabuzz\n|-damage|p2a: Electabuzz|0 fnt\n|faint|p2a: Electabuzz\n|\n|-heal|p1b: Comfey|32\/100|[from] Grassy Terrain\n|-heal|p2b: Rillaboom|93\/100|[from] Grassy Terrain\n|upkeep\n|\n|t:|1727982667\n|switch|p2a: Gholdengo|Gholdengo, L50, tera:Dragon|33\/100\n|turn|9\n|\n|t:|1727982679\n|move|p1b: Comfey|Draining Kiss|p2a: Gholdengo\n|-supereffective|p2a: Gholdengo\n|-damage|p2a: Gholdengo|2\/100\n|-heal|p1b: Comfey|60\/100|[from] drain|[of] p2a: Gholdengo\n|move|p2b: Rillaboom|Fake Out|p1a: Garchomp\n|-damage|p1a: Garchomp|84\/100\n|-damage|p2b: Rillaboom|81\/100|[from] ability: Rough Skin|[of] p1a: Garchomp\n|cant|p1a: Garchomp|flinch\n|move|p2a: Gholdengo|Make It Rain|p1b: Comfey|[spread] p1a,p1b\n|-supereffective|p1b: Comfey\n|-damage|p1a: Garchomp|32\/100\n|-damage|p1b: Comfey|0 fnt\n|-unboost|p2a: Gholdengo|spa|1\n|faint|p1b: Comfey\n|\n|-heal|p1a: Garchomp|38\/100|[from] Grassy Terrain\n|-heal|p2a: Gholdengo|8\/100|[from] Grassy Terrain\n|-heal|p2a: Gholdengo|14\/100|[from] item: Leftovers\n|-heal|p2b: Rillaboom|86\/100|[from] Grassy Terrain\n|upkeep\n|turn|10\n|\n|t:|1727982706\n|move|p1a: Garchomp|Dragon Claw|p2b: Rillaboom\n|-damage|p2b: Rillaboom|31\/100\n|move|p2a: Gholdengo|Nasty Plot|p2a: Gholdengo\n|-boost|p2a: Gholdengo|spa|2\n|move|p2b: Rillaboom|Wood Hammer|p1a: Garchomp\n|-resisted|p1a: Garchomp\n|-damage|p1a: Garchomp|0 fnt\n|-damage|p2b: Rillaboom|19\/100|[from] ability: Rough Skin|[of] p1a: Garchomp\n|faint|p1a: Garchomp\n|-damage|p2b: Rillaboom|8\/100|[from] Recoil\n|\n|win|Shikanoko32\n|raw|moon7777alt2's rating: 1793 &rarr; <strong>1772<\/strong><br \/>(-21 for losing)\n|raw|Shikanoko32's rating: 1774 &rarr; <strong>1795<\/strong><br \/>(+21 for winning)\n|l|\u2606moon7777alt2\n|player|p1|\n|l|\u2606Shikanoko32\n|player|p2|\n","uploadtime":1727982720,"views":55,"formatid":"gen9vgc2024regh","rating":1772,"private":0,"password":null}