{"id":"gen9vgc2024regh-2215304604","format":"[Gen 9] VGC 2024 Reg H","players":["chiitancrazymascot","Phononmode"],"log":"|j|\u2606chiitancrazymascot\n|j|\u2606Phononmode\n|t:|1727986882\n|gametype|doubles\n|player|p1|chiitancrazymascot|pokemaniac|1680\n|player|p2|Phononmode|169|1732\n|teamsize|p1|6\n|teamsize|p2|6\n|gen|9\n|tier|[Gen 9] VGC 2024 Reg H\n|rated|\n|rule|Species Clause: Limit one of each Pok\u00e9mon\n|rule|Item Clause: Limit 1 of each item\n|clearpoke\n|poke|p1|Annihilape, L50, F|\n|poke|p1|Dondozo, L50, M|\n|poke|p1|Maushold-Four, L50|\n|poke|p1|Gholdengo, L50|\n|poke|p1|Whimsicott, L50, F|\n|poke|p1|Tatsugiri, L50, M|\n|poke|p2|Pawmot, L50, M|\n|poke|p2|Dondozo, L50, F|\n|poke|p2|Tatsugiri, L50, F|\n|poke|p2|Dragapult, L50, M|\n|poke|p2|Weezing, L50, M|\n|poke|p2|Incineroar, L50, M|\n|teampreview|4\n|inactive|Battle timer is ON: inactive players will automatically lose when time's up. (requested by chiitancrazymascot)\n|j| Back2Reality\n|\n|t:|1727986903\n|start\n|switch|p1a: Maushold|Maushold-Four, L50|100\/100\n|switch|p1b: Annihilape|Annihilape, L50, F, shiny|100\/100\n|switch|p2a: will-o-miss|Weezing, L50, M|100\/100\n|switch|p2b: Incineroar|Incineroar, L50, M|100\/100\n|-ability|p2a: will-o-miss|Neutralizing Gas\n|-block|p2b: Incineroar|item: Ability Shield\n|-ability|p2b: Incineroar|Intimidate|boost\n|-unboost|p1a: Maushold|atk|1\n|-unboost|p1b: Annihilape|atk|1\n|turn|1\n|inactive|Phononmode has 30 seconds left.\n|j| LesPaul10\n|inactive|Phononmode has 20 seconds left.\n|\n|t:|1727986942\n|move|p1a: Maushold|Protect|p1a: Maushold\n|-singleturn|p1a: Maushold|Protect\n|move|p1b: Annihilape|Bulk Up|p1b: Annihilape\n|-boost|p1b: Annihilape|atk|1\n|-boost|p1b: Annihilape|def|1\n|move|p2b: Incineroar|Flare Blitz|p1a: Maushold\n|-activate|p1a: Maushold|move: Protect\n|move|p2a: will-o-miss|Sludge Bomb|p1a: Maushold\n|-activate|p1a: Maushold|move: Protect\n|\n|upkeep\n|turn|2\n|\n|t:|1727986960\n|move|p1a: Maushold|Beat Up|p1b: Annihilape\n|-damage|p1b: Annihilape|99\/100\n|-damage|p1b: Annihilape|98\/100\n|-damage|p1b: Annihilape|96\/100\n|-damage|p1b: Annihilape|95\/100\n|-hitcount|p1b: Annihilape|4\n|move|p1b: Annihilape|Rage Fist|p2a: will-o-miss\n|-damage|p2a: will-o-miss|4\/100\n|-enditem|p2a: will-o-miss|Sitrus Berry|[eat]\n|-heal|p2a: will-o-miss|29\/100|[from] item: Sitrus Berry\n|move|p2b: Incineroar|Flare Blitz|p1a: Maushold\n|-damage|p1a: Maushold|19\/100\n|-damage|p2b: Incineroar|72\/100|[from] Recoil\n|move|p2a: will-o-miss|Sludge Bomb|p1a: Maushold\n|-damage|p1a: Maushold|0 fnt\n|faint|p1a: Maushold\n|\n|upkeep\n|\n|t:|1727986971\n|switch|p1a: Dondozo|Dondozo, L50, M, shiny|100\/100\n|turn|3\n|\n|t:|1727986982\n|move|p1b: Annihilape|Rage Fist|p2a: will-o-miss\n|-damage|p2a: will-o-miss|0 fnt\n|faint|p2a: will-o-miss\n|-end|p2a: will-o-miss|ability: Neutralizing Gas\n|move|p2b: Incineroar|Knock Off|p1a: Dondozo\n|-damage|p1a: Dondozo|63\/100\n|-enditem|p1a: Dondozo|Leftovers|[from] move: Knock Off|[of] p2b: Incineroar\n|move|p1a: Dondozo|Wave Crash|p2b: Incineroar\n|-supereffective|p2b: Incineroar\n|-damage|p2b: Incineroar|0 fnt\n|faint|p2b: Incineroar\n|-damage|p1a: Dondozo|45\/100|[from] Recoil\n|\n|upkeep\n|\n|t:|1727986992\n|switch|p2b: Tatsugiri|Tatsugiri, L50, F|100\/100\n|switch|p2a: Dondozo|Dondozo, L50, F|100\/100\n|-activate|p2b: Tatsugiri|ability: Commander|[of] p2a: Dondozo\n|-boost|p2a: Dondozo|atk|2\n|-boost|p2a: Dondozo|spa|2\n|-boost|p2a: Dondozo|spe|2\n|-boost|p2a: Dondozo|def|2\n|-boost|p2a: Dondozo|spd|2\n|turn|4\n|inactive|chiitancrazymascot has 30 seconds left.\n|inactive|Phononmode has 30 seconds left.\n|inactive|Phononmode has 20 seconds left.\n|inactive|Phononmode has 15 seconds left.\n|inactive|Phononmode has 10 seconds left.\n|\n|t:|1727987038\n|-terastallize|p1b: Annihilape|Water\n|move|p2a: Dondozo|Order Up|p1a: Dondozo\n|-damage|p1a: Dondozo|30\/100\n|-boost|p2a: Dondozo|atk|1\n|move|p1b: Annihilape|Rage Fist|p2a: Dondozo\n|-damage|p2a: Dondozo|61\/100\n|move|p1a: Dondozo|Order Up|p2a: Dondozo\n|-damage|p2a: Dondozo|44\/100\n|\n|-heal|p2a: Dondozo|50\/100|[from] item: Leftovers\n|upkeep\n|turn|5\n|\n|t:|1727987052\n|move|p2a: Dondozo|Protect|p2a: Dondozo\n|-singleturn|p2a: Dondozo|Protect\n|move|p1b: Annihilape|Rage Fist|p2a: Dondozo\n|-activate|p2a: Dondozo|move: Protect\n|move|p1a: Dondozo|Order Up|p2a: Dondozo\n|-activate|p2a: Dondozo|move: Protect\n|\n|-heal|p2a: Dondozo|56\/100|[from] item: Leftovers\n|upkeep\n|turn|6\n|inactive|Phononmode has 30 seconds left.\n|inactive|Phononmode has 20 seconds left.\n|\n|t:|1727987089\n|move|p2a: Dondozo|Wave Crash|p1a: Dondozo\n|-resisted|p1a: Dondozo\n|-damage|p1a: Dondozo|13\/100\n|-damage|p2a: Dondozo|50\/100|[from] Recoil\n|move|p1b: Annihilape|Rage Fist|p2a: Dondozo\n|-damage|p2a: Dondozo|11\/100\n|move|p1a: Dondozo|Order Up|p2a: Dondozo\n|-damage|p2a: Dondozo|0 fnt\n|faint|p2a: Dondozo\n|\n|upkeep\n|turn|7\n|\n|t:|1727987099\n|switch|p1b: Tatsugiri|Tatsugiri, L50, M, shiny|100\/100\n|-activate|p1b: Tatsugiri|ability: Commander|[of] p1a: Dondozo\n|-boost|p1a: Dondozo|atk|2\n|-boost|p1a: Dondozo|spa|2\n|-boost|p1a: Dondozo|spe|2\n|-boost|p1a: Dondozo|def|2\n|-boost|p1a: Dondozo|spd|2\n|-terastallize|p2b: Tatsugiri|Stellar\n|move|p2b: Tatsugiri|Muddy Water|p1a: Dondozo|[spread] p1a\n|-miss|p2b: Tatsugiri|p1b: Tatsugiri\n|-resisted|p1a: Dondozo\n|-damage|p1a: Dondozo|1\/100\n|move|p1a: Dondozo|Order Up|p2b: Tatsugiri\n|-supereffective|p2b: Tatsugiri\n|-damage|p2b: Tatsugiri|0 fnt\n|faint|p2b: Tatsugiri\n|\n|win|chiitancrazymascot\n|raw|chiitancrazymascot's rating: 1680 &rarr; <strong>1703<\/strong><br \/>(+23 for winning)\n|raw|Phononmode's rating: 1732 &rarr; <strong>1709<\/strong><br \/>(-23 for losing)\n|l|\u2606Phononmode\n|player|p2|\n","uploadtime":1727987104,"views":25,"formatid":"gen9vgc2024regh","rating":1703,"private":0,"password":null}