{"id":"gen9vgc2024regh-2215431045","format":"[Gen 9] VGC 2024 Reg H","players":["chiitancrazymascot","fangame10"],"log":"|j|\u2606chiitancrazymascot\n|j|\u2606fangame10\n|t:|1728000953\n|gametype|doubles\n|player|p1|chiitancrazymascot|pokemaniac|1718\n|player|p2|fangame10|red|1760\n|teamsize|p1|6\n|teamsize|p2|6\n|gen|9\n|tier|[Gen 9] VGC 2024 Reg H\n|rated|\n|rule|Species Clause: Limit one of each Pok\u00e9mon\n|rule|Item Clause: Limit 1 of each item\n|clearpoke\n|poke|p1|Annihilape, L50, F|\n|poke|p1|Dondozo, L50, F|\n|poke|p1|Maushold-Four, L50|\n|poke|p1|Gholdengo, L50|\n|poke|p1|Whimsicott, L50, F|\n|poke|p1|Tatsugiri, L50, M|\n|poke|p2|Glaceon, L50, M|\n|poke|p2|Ninetales-Alola, L50, F|\n|poke|p2|Milotic, L50, M|\n|poke|p2|Skeledirge, L50, M|\n|poke|p2|Dragapult, L50, F|\n|poke|p2|Sneasler, L50, M|\n|teampreview|4\n|inactive|Battle timer is ON: inactive players will automatically lose when time's up. (requested by fangame10)\n|inactive|chiitancrazymascot also wants the timer to be on.\n|j| Budew It\n|\n|t:|1728000976\n|start\n|switch|p1a: Maushold|Maushold-Four, L50|100\/100\n|switch|p1b: Annihilape|Annihilape, L50, F, shiny|100\/100\n|switch|p2a: Dragapult|Dragapult, L50, F, shiny|100\/100\n|switch|p2b: Sneasler|Sneasler, L50, M, shiny|100\/100\n|turn|1\n|l| Budew It\n|inactive|fangame10 has 30 seconds left.\n|\n|t:|1728001001\n|-terastallize|p1a: Maushold|Ghost\n|move|p2a: Dragapult|Dragon Darts|p1a: Maushold\n|-damage|p1a: Maushold|52\/100\n|-anim|p2a: Dragapult|Dragon Darts|p1b: Annihilape\n|-crit|p1b: Annihilape\n|-damage|p1b: Annihilape|61\/100\n|move|p2b: Sneasler|Dire Claw|p1a: Maushold\n|-resisted|p1a: Maushold\n|-damage|p1a: Maushold|25\/100\n|-status|p1a: Maushold|par\n|move|p1b: Annihilape|Rage Fist|p2a: Dragapult\n|-supereffective|p2a: Dragapult\n|-damage|p2a: Dragapult|0 fnt\n|faint|p2a: Dragapult\n|cant|p1a: Maushold|par\n|\n|upkeep\n|j| assistnt2themgr\n|\n|t:|1728001008\n|switch|p2a: Skeledirge|Skeledirge, L50, M, shiny|100\/100\n|turn|2\n|l| assistnt2themgr\n|\n|t:|1728001021\n|-terastallize|p2a: Skeledirge|Dark\n|move|p2b: Sneasler|Throat Chop|p1a: Maushold\n|-supereffective|p1a: Maushold\n|-damage|p1a: Maushold|0 fnt\n|faint|p1a: Maushold\n|move|p1b: Annihilape|Rage Fist|p2a: Skeledirge\n|-resisted|p2a: Skeledirge\n|-damage|p2a: Skeledirge|82\/100\n|move|p2a: Skeledirge|Shadow Ball|p1b: Annihilape\n|-supereffective|p1b: Annihilape\n|-damage|p1b: Annihilape|0 fnt\n|faint|p1b: Annihilape\n|\n|-heal|p2a: Skeledirge|87\/100|[from] item: Leftovers\n|upkeep\n|\n|t:|1728001028\n|switch|p1a: Whimsicott|Whimsicott, L50, F, shiny|100\/100\n|switch|p1b: Gholdengo|Gholdengo, L50|100\/100\n|turn|3\n|\n|t:|1728001037\n|move|p1a: Whimsicott|Tailwind|p1a: Whimsicott\n|-sidestart|p1: chiitancrazymascot|move: Tailwind\n|move|p1b: Gholdengo|Make It Rain|p2b: Sneasler|[spread] p2a,p2b\n|-damage|p2a: Skeledirge|16\/100\n|-enditem|p2b: Sneasler|Focus Sash\n|-damage|p2b: Sneasler|1\/100\n|-unboost|p1b: Gholdengo|spa|1\n|move|p2b: Sneasler|Dire Claw|p1a: Whimsicott\n|-supereffective|p1a: Whimsicott\n|-damage|p1a: Whimsicott|0 fnt\n|faint|p1a: Whimsicott\n|move|p2a: Skeledirge|Shadow Ball|p1b: Gholdengo\n|-supereffective|p1b: Gholdengo\n|-damage|p1b: Gholdengo|19\/100\n|\n|-heal|p2a: Skeledirge|21\/100|[from] item: Leftovers\n|upkeep\n|turn|4\n|\n|t:|1728001046\n|move|p2a: Skeledirge|Protect|p2a: Skeledirge\n|-singleturn|p2a: Skeledirge|Protect\n|move|p1b: Gholdengo|Make It Rain|p2a: Skeledirge|[spread] p2b\n|-activate|p2a: Skeledirge|move: Protect\n|-damage|p2b: Sneasler|0 fnt\n|-unboost|p1b: Gholdengo|spa|1\n|faint|p2b: Sneasler\n|\n|-heal|p2a: Skeledirge|27\/100|[from] item: Leftovers\n|upkeep\n|\n|t:|1728001047\n|switch|p2b: Milotic|Milotic, L50, M, shiny|100\/100\n|turn|5\n|\n|t:|1728001050\n|move|p1b: Gholdengo|Make It Rain|p2b: Milotic|[spread] p2a,p2b\n|-resisted|p2b: Milotic\n|-damage|p2a: Skeledirge|0 fnt\n|-damage|p2b: Milotic|87\/100\n|-unboost|p1b: Gholdengo|spa|1\n|faint|p2a: Skeledirge\n|move|p2b: Milotic|Muddy Water|p1b: Gholdengo\n|-damage|p1b: Gholdengo|0 fnt\n|faint|p1b: Gholdengo\n|\n|win|fangame10\n|raw|chiitancrazymascot's rating: 1718 &rarr; <strong>1701<\/strong><br \/>(-17 for losing)\n|raw|fangame10's rating: 1774 &rarr; <strong>1791<\/strong><br \/>(+17 for winning)\n|l|\u2606chiitancrazymascot\n|player|p1|\n|l|\u2606fangame10\n|player|p2|\n","uploadtime":1728001290,"views":54,"formatid":"gen9vgc2024regh","rating":1701,"private":0,"password":null}