{"id":"gen9vgc2024regh-2215955860","format":"[Gen 9] VGC 2024 Reg H","players":["SnarkyShane","very demure"],"log":"|j|\u2606SnarkyShane\n|j|\u2606very demure\n|t:|1728065406\n|gametype|doubles\n|player|p1|SnarkyShane|gambler|1730\n|player|p2|very demure|dawn-gen4pt|1691\n|teamsize|p1|6\n|teamsize|p2|6\n|gen|9\n|tier|[Gen 9] VGC 2024 Reg H\n|rated|\n|rule|Species Clause: Limit one of each Pok\u00e9mon\n|rule|Item Clause: Limit 1 of each item\n|clearpoke\n|poke|p1|Baxcalibur, L50, F|\n|poke|p1|Ninetales-Alola, L50, M|\n|poke|p1|Sneasler, L50, F|\n|poke|p1|Ceruledge, L50, F|\n|poke|p1|Volcarona, L50, F|\n|poke|p1|Gastrodon, L50, M|\n|poke|p2|Sneasler, L50, F|\n|poke|p2|Kingambit, L50, F|\n|poke|p2|Garchomp, L50, F|\n|poke|p2|Dragonite, L50, M|\n|poke|p2|Primarina, L50, F|\n|poke|p2|Magmar, L50, F|\n|teampreview|4\n|inactive|Battle timer is ON: inactive players will automatically lose when time's up. (requested by SnarkyShane)\n|inactive|SnarkyShane has 60 seconds left.\n|inactive|very demure has 60 seconds left.\n|inactive|very demure has 30 seconds left.\n|\n|t:|1728065472\n|start\n|switch|p1a: Elsa|Ninetales-Alola, L50, M|100\/100\n|switch|p1b: Firefly|Volcarona, L50, F|100\/100\n|switch|p2a: Sneasler|Sneasler, L50, F|100\/100\n|switch|p2b: Primarina|Primarina, L50, F|100\/100\n|-weather|Snow|[from] ability: Snow Warning|[of] p1a: Elsa\n|turn|1\n|\n|t:|1728065496\n|move|p2a: Sneasler|Dire Claw|p1a: Elsa\n|-supereffective|p1a: Elsa\n|-damage|p1a: Elsa|26\/100\n|-status|p1a: Elsa|psn\n|move|p1a: Elsa|Aurora Veil|p1a: Elsa\n|-sidestart|p1: SnarkyShane|move: Aurora Veil\n|move|p1b: Firefly|Tailwind|p1b: Firefly\n|-sidestart|p1: SnarkyShane|move: Tailwind\n|move|p2b: Primarina|Hyper Voice|p1a: Elsa|[spread] p1a,p1b\n|-supereffective|p1b: Firefly\n|-damage|p1a: Elsa|7\/100 psn\n|-damage|p1b: Firefly|59\/100\n|\n|-weather|Snow|[upkeep]\n|-damage|p1a: Elsa|0 fnt|[from] psn\n|faint|p1a: Elsa\n|upkeep\n|\n|t:|1728065515\n|switch|p1a: BULXcaliber|Baxcalibur, L50, F|100\/100\n|turn|2\n|inactive|very demure has 30 seconds left.\n|\n|t:|1728065542\n|move|p1b: Firefly|Rage Powder|p1b: Firefly\n|-singleturn|p1b: Firefly|move: Rage Powder\n|move|p1a: BULXcaliber|Dragon Dance|p1a: BULXcaliber\n|-boost|p1a: BULXcaliber|atk|1\n|-boost|p1a: BULXcaliber|spe|1\n|move|p2a: Sneasler|Dire Claw|p1b: Firefly\n|-damage|p1b: Firefly|25\/100\n|-status|p1b: Firefly|psn\n|move|p2b: Primarina|Hyper Voice|p1a: BULXcaliber|[spread] p1a,p1b\n|-resisted|p1a: BULXcaliber\n|-supereffective|p1b: Firefly\n|-damage|p1a: BULXcaliber|91\/100\n|-damage|p1b: Firefly|0 fnt\n|faint|p1b: Firefly\n|\n|-weather|Snow|[upkeep]\n|-heal|p1a: BULXcaliber|97\/100|[from] ability: Ice Body\n|-heal|p1a: BULXcaliber|100\/100|[from] item: Leftovers\n|upkeep\n|\n|t:|1728065553\n|switch|p1b: The Snizzler|Sneasler, L50, F|100\/100\n|turn|3\n|inactive|very demure has 30 seconds left.\n|\n|t:|1728065585\n|move|p2b: Primarina|Protect|p2b: Primarina\n|-singleturn|p2b: Primarina|Protect\n|move|p1b: The Snizzler|Fake Out|p2b: Primarina\n|-activate|p2b: Primarina|move: Protect\n|move|p1a: BULXcaliber|High Horsepower|p2b: Primarina\n|-activate|p2b: Primarina|move: Protect\n|move|p2a: Sneasler|Dire Claw|p1a: BULXcaliber\n|-damage|p1a: BULXcaliber|84\/100\n|\n|-weather|Snow|[upkeep]\n|-heal|p1a: BULXcaliber|90\/100|[from] ability: Ice Body\n|-heal|p1a: BULXcaliber|96\/100|[from] item: Leftovers\n|upkeep\n|turn|4\n|inactive|very demure has 30 seconds left.\n|inactive|very demure has 20 seconds left.\n|inactive|very demure has 15 seconds left.\n|inactive|very demure has 10 seconds left.\n|j| 0l'Bones\n|\n|t:|1728065633\n|move|p1b: The Snizzler|Dire Claw|p2b: Primarina\n|-supereffective|p2b: Primarina\n|-damage|p2b: Primarina|22\/100\n|-status|p2b: Primarina|slp\n|-enditem|p2b: Primarina|Sitrus Berry|[eat]\n|-heal|p2b: Primarina|47\/100 slp|[from] item: Sitrus Berry\n|move|p1a: BULXcaliber|High Horsepower|p2b: Primarina\n|-damage|p2b: Primarina|0 fnt\n|faint|p2b: Primarina\n|move|p2a: Sneasler|Dire Claw|p1a: BULXcaliber\n|-damage|p1a: BULXcaliber|79\/100\n|-status|p1a: BULXcaliber|psn\n|\n|-weather|Snow|[upkeep]\n|-heal|p1a: BULXcaliber|85\/100 psn|[from] ability: Ice Body\n|-heal|p1a: BULXcaliber|91\/100 psn|[from] item: Leftovers\n|-damage|p1a: BULXcaliber|78\/100 psn|[from] psn\n|-sideend|p1: SnarkyShane|move: Tailwind\n|upkeep\n|inactive|very demure has 30 seconds left.\n|\n|t:|1728065662\n|switch|p2b: Garchomp|Garchomp, L50, F|100\/100\n|turn|5\n|inactive|very demure has 30 seconds left.\n|\n|t:|1728065688\n|-terastallize|p2b: Garchomp|Steel\n|move|p1a: BULXcaliber|Protect|p1a: BULXcaliber\n|-singleturn|p1a: BULXcaliber|Protect\n|move|p1b: The Snizzler|Coaching|p1a: BULXcaliber\n|-boost|p1a: BULXcaliber|atk|1\n|-boost|p1a: BULXcaliber|def|1\n|move|p2a: Sneasler|Coaching|p2b: Garchomp\n|-boost|p2b: Garchomp|atk|1\n|-boost|p2b: Garchomp|def|1\n|move|p2b: Garchomp|Stomping Tantrum|p1b: The Snizzler\n|-supereffective|p1b: The Snizzler\n|-enditem|p1b: The Snizzler|Focus Sash\n|-damage|p1b: The Snizzler|1\/100\n|-damage|p2b: Garchomp|91\/100|[from] item: Life Orb\n|\n|-weather|none\n|-heal|p1a: BULXcaliber|84\/100 psn|[from] item: Leftovers\n|-damage|p1a: BULXcaliber|72\/100 psn|[from] psn\n|upkeep\n|turn|6\n|inactive|SnarkyShane has 30 seconds left.\n|inactive|very demure has 30 seconds left.\n|inactive|SnarkyShane has 20 seconds left.\n|\n|t:|1728065724\n|-terastallize|p1a: BULXcaliber|Fire\n|move|p1b: The Snizzler|Dire Claw|p2a: Sneasler\n|-resisted|p2a: Sneasler\n|-damage|p2a: Sneasler|64\/100\n|move|p2a: Sneasler|Dire Claw|p1b: The Snizzler\n|-resisted|p1b: The Snizzler\n|-damage|p1b: The Snizzler|0 fnt\n|faint|p1b: The Snizzler\n|move|p1a: BULXcaliber|High Horsepower|p2b: Garchomp\n|-supereffective|p2b: Garchomp\n|-damage|p2b: Garchomp|0 fnt\n|-damage|p1a: BULXcaliber|60\/100 psn|[from] ability: Rough Skin|[of] p2b: Garchomp\n|faint|p2b: Garchomp\n|\n|-heal|p1a: BULXcaliber|66\/100 psn|[from] item: Leftovers\n|-damage|p1a: BULXcaliber|54\/100 psn|[from] psn\n|upkeep\n|\n|t:|1728065736\n|switch|p2b: Kingambit|Kingambit, L50, F|100\/100\n|turn|7\n|inactive|very demure has 30 seconds left.\n|\n|t:|1728065770\n|move|p2a: Sneasler|Coaching|p2b: Kingambit\n|-boost|p2b: Kingambit|atk|1\n|-boost|p2b: Kingambit|def|1\n|move|p1a: BULXcaliber|High Horsepower|p2b: Kingambit\n|-supereffective|p2b: Kingambit\n|-damage|p2b: Kingambit|25\/100\n|move|p2b: Kingambit|Kowtow Cleave|p1a: BULXcaliber\n|-damage|p1a: BULXcaliber|23\/100 psn\n|\n|-heal|p1a: BULXcaliber|29\/100 psn|[from] item: Leftovers\n|-damage|p1a: BULXcaliber|17\/100 psn|[from] psn\n|upkeep\n|turn|8\n|\n|t:|1728065786\n|move|p2a: Sneasler|Close Combat|p1a: BULXcaliber\n|-damage|p1a: BULXcaliber|0 fnt\n|-unboost|p2a: Sneasler|def|1\n|-unboost|p2a: Sneasler|spd|1\n|faint|p1a: BULXcaliber\n|\n|win|very demure\n|raw|SnarkyShane's rating: 1730 &rarr; <strong>1708<\/strong><br \/>(-22 for losing)\n|raw|very demure's rating: 1691 &rarr; <strong>1713<\/strong><br \/>(+22 for winning)\n|l|\u2606SnarkyShane\n|player|p1|\n|l|\u2606very demure\n|player|p2|\n|l| 0l'Bones\n","uploadtime":1728065927,"views":25,"formatid":"gen9vgc2024regh","rating":1708,"private":0,"password":null}