{"id":"gen9vgc2024regh-2215057747","format":"[Gen 9] VGC 2024 Reg H","players":["ye979166426","pr0xsome"],"log":"|j|\u2606ye979166426\n|j|\u2606pr0xsome\n|t:|1727965101\n|gametype|doubles\n|player|p1|ye979166426|265|1651\n|player|p2|pr0xsome|preschooler|1719\n|teamsize|p1|6\n|teamsize|p2|6\n|gen|9\n|tier|[Gen 9] VGC 2024 Reg H\n|rated|\n|rule|Species Clause: Limit one of each Pok\u00e9mon\n|rule|Item Clause: Limit 1 of each item\n|clearpoke\n|poke|p1|Archaludon, L50, F|\n|poke|p1|Primarina, L50, F|\n|poke|p1|Pelipper, L50, F|\n|poke|p1|Incineroar, L50, M|\n|poke|p1|Drednaw, L50, M|\n|poke|p1|Basculegion, L50, M|\n|poke|p2|Basculegion, L50, M|\n|poke|p2|Pelipper, L50, F|\n|poke|p2|Archaludon, L50, M|\n|poke|p2|Amoonguss, L50, M|\n|poke|p2|Gholdengo, L50|\n|poke|p2|Clefairy, L50, M|\n|teampreview|4\n|\n|t:|1727965143\n|start\n|switch|p1a: Archaludon|Archaludon, L50, F, shiny|100\/100\n|switch|p1b: Incineroar|Incineroar, L50, M|100\/100\n|switch|p2a: Archaludon|Archaludon, L50, M|100\/100\n|switch|p2b: Pelipper|Pelipper, L50, F|100\/100\n|-weather|RainDance|[from] ability: Drizzle|[of] p2b: Pelipper\n|-ability|p1b: Incineroar|Intimidate|boost\n|-unboost|p2a: Archaludon|atk|1\n|-unboost|p2b: Pelipper|atk|1\n|turn|1\n|j| Rabbithorn05\n|\n|t:|1727965167\n|switch|p2b: Amoonguss|Amoonguss, L50, M|100\/100\n|move|p1b: Incineroar|Fake Out|p2a: Archaludon\n|-resisted|p2a: Archaludon\n|-damage|p2a: Archaludon|97\/100\n|-ability|p2a: Archaludon|Stamina|boost\n|-boost|p2a: Archaludon|def|1\n|move|p1a: Archaludon|Electro Shot||[still]\n|-prepare|p1a: Archaludon|Electro Shot\n|-boost|p1a: Archaludon|spa|1\n|-anim|p1a: Archaludon|Electro Shot|p2b: Amoonguss\n|-resisted|p2b: Amoonguss\n|-damage|p2b: Amoonguss|75\/100\n|cant|p2a: Archaludon|flinch\n|\n|-weather|RainDance|[upkeep]\n|upkeep\n|turn|2\n|\n|t:|1727965195\n|switch|p2b: Clefairy|Clefairy, L50, M|100\/100\n|move|p1a: Archaludon|Electro Shot||[still]\n|-prepare|p1a: Archaludon|Electro Shot\n|-boost|p1a: Archaludon|spa|1\n|-anim|p1a: Archaludon|Electro Shot|p2a: Archaludon\n|-resisted|p2a: Archaludon\n|-damage|p2a: Archaludon|76\/100\n|-ability|p2a: Archaludon|Stamina|boost\n|-boost|p2a: Archaludon|def|1\n|move|p2a: Archaludon|Body Press|p1b: Incineroar\n|-supereffective|p1b: Incineroar\n|-damage|p1b: Incineroar|19\/100\n|-enditem|p1b: Incineroar|Sitrus Berry|[eat]\n|-heal|p1b: Incineroar|44\/100|[from] item: Sitrus Berry\n|move|p1b: Incineroar|Taunt|p2b: Clefairy\n|-start|p2b: Clefairy|move: Taunt\n|\n|-weather|RainDance|[upkeep]\n|upkeep\n|turn|3\n|\n|t:|1727965241\n|switch|p1b: Basculegion|Basculegion, L50, M|100\/100\n|switch|p2b: Amoonguss|Amoonguss, L50, M|100\/100\n|move|p1a: Archaludon|Electro Shot||[still]\n|-prepare|p1a: Archaludon|Electro Shot\n|-boost|p1a: Archaludon|spa|1\n|-anim|p1a: Archaludon|Electro Shot|p2b: Amoonguss\n|-resisted|p2b: Amoonguss\n|-damage|p2b: Amoonguss|55\/100\n|move|p2a: Archaludon|Body Press|p1b: Basculegion\n|-immune|p1b: Basculegion\n|\n|-weather|RainDance|[upkeep]\n|upkeep\n|turn|4\n|j| nistaka\n|l| nistaka\n|\n|t:|1727965287\n|switch|p1b: Incineroar|Incineroar, L50, M|44\/100\n|-ability|p1b: Incineroar|Intimidate|boost\n|-unboost|p2a: Archaludon|atk|1\n|-unboost|p2b: Amoonguss|atk|1\n|move|p1a: Archaludon|Protect|p1a: Archaludon\n|-singleturn|p1a: Archaludon|Protect\n|move|p2b: Amoonguss|Rage Powder|p2b: Amoonguss\n|-singleturn|p2b: Amoonguss|move: Rage Powder\n|move|p2a: Archaludon|Electro Shot||[still]\n|-prepare|p2a: Archaludon|Electro Shot\n|-boost|p2a: Archaludon|spa|1\n|-anim|p2a: Archaludon|Electro Shot|p1b: Incineroar\n|-damage|p1b: Incineroar|2\/100\n|\n|-weather|RainDance|[upkeep]\n|upkeep\n|turn|5\n|\n|t:|1727965329\n|move|p1b: Incineroar|Fake Out|p2b: Amoonguss\n|-damage|p2b: Amoonguss|46\/100\n|-enditem|p2b: Amoonguss|Sitrus Berry|[eat]\n|-heal|p2b: Amoonguss|71\/100|[from] item: Sitrus Berry\n|cant|p2b: Amoonguss|flinch\n|move|p1a: Archaludon|Aura Sphere|p2a: Archaludon\n|-supereffective|p2a: Archaludon\n|-damage|p2a: Archaludon|0 fnt\n|faint|p2a: Archaludon\n|\n|-weather|none\n|upkeep\n|\n|t:|1727965340\n|switch|p2a: Pelipper|Pelipper, L50, F|100\/100\n|-weather|RainDance|[from] ability: Drizzle|[of] p2a: Pelipper\n|turn|6\n|\n|t:|1727965366\n|switch|p1b: Primarina|Primarina, L50, F, shiny|100\/100\n|move|p1a: Archaludon|Dragon Pulse|p2b: Amoonguss\n|-damage|p2b: Amoonguss|0 fnt\n|faint|p2b: Amoonguss\n|move|p2a: Pelipper|Weather Ball|p1a: Archaludon\n|-resisted|p1a: Archaludon\n|-damage|p1a: Archaludon|55\/100\n|\n|-weather|RainDance|[upkeep]\n|upkeep\n|\n|t:|1727965371\n|switch|p2b: Clefairy|Clefairy, L50, M|100\/100\n|turn|7\n|-message|pr0xsome forfeited.\n|\n|win|ye979166426\n|raw|ye979166426's rating: 1651 &rarr; <strong>1675<\/strong><br \/>(+24 for winning)\n|raw|pr0xsome's rating: 1719 &rarr; <strong>1695<\/strong><br \/>(-24 for losing)\n|l|\u2606pr0xsome\n|player|p2|\n|l|\u2606ye979166426\n|player|p1|\n","uploadtime":1727965390,"views":19,"formatid":"gen9vgc2024regh","rating":1675,"private":0,"password":null}