{"id":"gen9vgc2024regh-2215550535","format":"[Gen 9] VGC 2024 Reg H","players":["roykeenkennedy","Geodude3138"],"log":"|j|\u2606roykeenkennedy\n|j|\u2606Geodude3138\n|t:|1728016564\n|gametype|doubles\n|player|p1|roykeenkennedy|alder|1709\n|player|p2|Geodude3138|psychicf|1699\n|teamsize|p1|6\n|teamsize|p2|6\n|gen|9\n|tier|[Gen 9] VGC 2024 Reg H\n|rated|\n|rule|Species Clause: Limit one of each Pok\u00e9mon\n|rule|Item Clause: Limit 1 of each item\n|clearpoke\n|poke|p1|Salamence, L50, F|\n|poke|p1|Incineroar, L50, F|\n|poke|p1|Weezing, L50, F|\n|poke|p1|Dragapult, L50, M|\n|poke|p1|Ursaluna-Bloodmoon, L50, M|\n|poke|p1|Volcarona, L50, F|\n|poke|p2|Dragonite, L50, M|\n|poke|p2|Gholdengo, L50|\n|poke|p2|Whimsicott, L50, M|\n|poke|p2|Basculegion, L50, M|\n|poke|p2|Archaludon, L50, M|\n|poke|p2|Politoed, L50, M|\n|teampreview|4\n|\n|t:|1728016613\n|start\n|switch|p1a: Weezing|Weezing, L50, F|100\/100\n|switch|p1b: Volcarona|Volcarona, L50, F|100\/100\n|switch|p2a: Gholdengo|Gholdengo, L50|100\/100\n|switch|p2b: Whimsicott|Whimsicott, L50, M|100\/100\n|-ability|p1a: Weezing|Neutralizing Gas\n|turn|1\n|j| LudocyelZ\n|\n|t:|1728016634\n|-terastallize|p2b: Whimsicott|Steel\n|move|p1a: Weezing|Protect|p1a: Weezing\n|-singleturn|p1a: Weezing|Protect\n|move|p1b: Volcarona|Struggle Bug|p2a: Gholdengo|[spread] p2a,p2b\n|-resisted|p2a: Gholdengo\n|-resisted|p2b: Whimsicott\n|-damage|p2a: Gholdengo|96\/100\n|-damage|p2b: Whimsicott|87\/100\n|-unboost|p2a: Gholdengo|spa|1\n|-unboost|p2b: Whimsicott|spa|1\n|move|p2a: Gholdengo|Power Gem|p1b: Volcarona\n|-supereffective|p1b: Volcarona\n|-damage|p1b: Volcarona|0 fnt\n|faint|p1b: Volcarona\n|move|p2b: Whimsicott|Trick Room|p2b: Whimsicott\n|-fieldstart|move: Trick Room|[of] p2b: Whimsicott\n|\n|upkeep\n|\n|t:|1728016650\n|switch|p1b: Incineroar|Incineroar, L50, F|100\/100\n|-ability|p1b: Incineroar|Intimidate|boost\n|-unboost|p2a: Gholdengo|atk|1\n|-unboost|p2b: Whimsicott|atk|1\n|turn|2\n|j| Rabbithorn05\n|\n|t:|1728016685\n|switch|p2a: Archaludon|Archaludon, L50, M|100\/100\n|move|p1b: Incineroar|Flare Blitz|p2a: Archaludon\n|-damage|p2a: Archaludon|64\/100\n|-damage|p1b: Incineroar|89\/100|[from] Recoil\n|move|p1a: Weezing|Will-O-Wisp|p2b: Whimsicott\n|-status|p2b: Whimsicott|brn\n|move|p2b: Whimsicott|Taunt|p1a: Weezing\n|-start|p1a: Weezing|move: Taunt\n|\n|-damage|p2b: Whimsicott|81\/100 brn|[from] brn\n|upkeep\n|turn|3\n|\n|t:|1728016708\n|-end|p1a: Weezing|ability: Neutralizing Gas\n|switch|p1a: Dragapult|Dragapult, L50, M|100\/100\n|move|p2a: Archaludon|Electro Shot||[still]\n|-prepare|p2a: Archaludon|Electro Shot\n|-boost|p2a: Archaludon|spa|1\n|-enditem|p2a: Archaludon|Power Herb\n|-anim|p2a: Archaludon|Electro Shot|p1b: Incineroar\n|-damage|p1b: Incineroar|36\/100\n|move|p1b: Incineroar|Parting Shot|p2a: Archaludon\n|-unboost|p2a: Archaludon|atk|1\n|-unboost|p2a: Archaludon|spa|1\n|\n|t:|1728016721\n|switch|p1b: Weezing|Weezing, L50, F|100\/100|[from] Parting Shot\n|-ability|p1b: Weezing|Neutralizing Gas\n|move|p2b: Whimsicott|Moonblast|p1b: Weezing\n|-resisted|p1b: Weezing\n|-damage|p1b: Weezing|84\/100\n|\n|-heal|p1b: Weezing|91\/100|[from] item: Leftovers\n|-damage|p2b: Whimsicott|75\/100 brn|[from] brn\n|upkeep\n|turn|4\n|\n|t:|1728016755\n|switch|p1a: Incineroar|Incineroar, L50, F|36\/100\n|-ability|p1a: Incineroar|Intimidate|boost\n|-unboost|p2a: Archaludon|atk|1\n|-unboost|p2b: Whimsicott|atk|1\n|move|p2a: Archaludon|Dragon Pulse|p1a: Incineroar\n|-damage|p1a: Incineroar|1\/100\n|move|p1b: Weezing|Will-O-Wisp|p2a: Archaludon\n|-status|p2a: Archaludon|brn\n|move|p2b: Whimsicott|Moonblast|p1b: Weezing\n|-resisted|p1b: Weezing\n|-damage|p1b: Weezing|76\/100\n|\n|-heal|p1b: Weezing|82\/100|[from] item: Leftovers\n|-damage|p2a: Archaludon|58\/100 brn|[from] brn\n|-damage|p2b: Whimsicott|69\/100 brn|[from] brn\n|upkeep\n|turn|5\n|\n|t:|1728016783\n|move|p1b: Weezing|Protect|p1b: Weezing\n|-singleturn|p1b: Weezing|Protect\n|move|p2a: Archaludon|Dragon Pulse|p1a: Incineroar\n|-damage|p1a: Incineroar|0 fnt\n|faint|p1a: Incineroar\n|move|p2b: Whimsicott|Moonblast|p1b: Weezing\n|-activate|p1b: Weezing|move: Protect\n|\n|-heal|p1b: Weezing|88\/100|[from] item: Leftovers\n|-damage|p2a: Archaludon|52\/100 brn|[from] brn\n|-damage|p2b: Whimsicott|63\/100 brn|[from] brn\n|-fieldend|move: Trick Room\n|upkeep\n|\n|t:|1728016798\n|switch|p1a: Dragapult|Dragapult, L50, M|100\/100\n|turn|6\n|\n|t:|1728016806\n|-terastallize|p1a: Dragapult|Ghost\n|move|p1a: Dragapult|Tera Blast|p2b: Whimsicott|[anim] Tera Blast Ghost\n|-damage|p2b: Whimsicott|0 fnt\n|faint|p2b: Whimsicott\n|move|p1b: Weezing|Taunt|p2a: Archaludon\n|-start|p2a: Archaludon|move: Taunt\n|move|p2a: Archaludon|Dragon Pulse|p1b: Weezing\n|-damage|p1b: Weezing|36\/100\n|\n|-heal|p1b: Weezing|42\/100|[from] item: Leftovers\n|-damage|p2a: Archaludon|46\/100 brn|[from] brn\n|upkeep\n|\n|t:|1728016827\n|switch|p2b: Politoed|Politoed, L50, M|100\/100\n|turn|7\n|\n|t:|1728016859\n|move|p1a: Dragapult|Tera Blast|p2a: Archaludon|[anim] Tera Blast Ghost\n|-crit|p2a: Archaludon\n|-damage|p2a: Archaludon|0 fnt\n|faint|p2a: Archaludon\n|move|p1b: Weezing|Sludge Bomb|p2b: Politoed\n|-damage|p2b: Politoed|75\/100\n|move|p2b: Politoed|Ice Beam|p1a: Dragapult\n|-damage|p1a: Dragapult|64\/100\n|\n|-heal|p1b: Weezing|48\/100|[from] item: Leftovers\n|upkeep\n|\n|t:|1728016869\n|switch|p2a: Gholdengo|Gholdengo, L50|96\/100\n|turn|8\n|\n|t:|1728016879\n|move|p1a: Dragapult|Tera Blast|p2a: Gholdengo|[anim] Tera Blast Ghost\n|-supereffective|p2a: Gholdengo\n|-damage|p2a: Gholdengo|0 fnt\n|faint|p2a: Gholdengo\n|move|p1b: Weezing|Sludge Bomb|p2b: Politoed\n|-damage|p2b: Politoed|50\/100\n|move|p2b: Politoed|Ice Beam|p1a: Dragapult\n|-damage|p1a: Dragapult|26\/100\n|\n|-heal|p1b: Weezing|55\/100|[from] item: Leftovers\n|upkeep\n|turn|9\n|-message|Geodude3138 forfeited.\n|\n|win|roykeenkennedy\n|raw|roykeenkennedy's rating: 1709 &rarr; <strong>1728<\/strong><br \/>(+19 for winning)\n|raw|Geodude3138's rating: 1699 &rarr; <strong>1680<\/strong><br \/>(-19 for losing)\n|l|\u2606Geodude3138\n|player|p2|\n|l| LudocyelZ\n|l|\u2606roykeenkennedy\n|player|p1|\n|j|\u2606roykeenkennedy\n|player|p1|roykeenkennedy|alder|\n|l|\u2606roykeenkennedy\n|player|p1|\n","uploadtime":1728017057,"views":15,"formatid":"gen9vgc2024regh","rating":1680,"private":0,"password":null}