{"id":"gen9vgc2024regh-2215986007","format":"[Gen 9] VGC 2024 Reg H","players":["Sparkbladexd","TheTT6"],"log":"|j|\u2606Sparkbladexd\n|j|\u2606TheTT6\n|t:|1728068160\n|gametype|doubles\n|player|p1|Sparkbladexd|cynthia|1725\n|player|p2|TheTT6|2|1704\n|teamsize|p1|6\n|teamsize|p2|6\n|gen|9\n|tier|[Gen 9] VGC 2024 Reg H\n|rated|\n|rule|Species Clause: Limit one of each Pok\u00e9mon\n|rule|Item Clause: Limit 1 of each item\n|clearpoke\n|poke|p1|Typhlosion-Hisui, L50, F|\n|poke|p1|Toedscruel, L50, F|\n|poke|p1|Corviknight, L50, M|\n|poke|p1|Weezing-Galar, L50, F|\n|poke|p1|Garchomp, L50, M|\n|poke|p1|Pawmot, L50, M|\n|poke|p2|Garchomp, L50, M|\n|poke|p2|Dragonite, L50, M|\n|poke|p2|Kingambit, L50, F|\n|poke|p2|Sneasler, L50, M|\n|poke|p2|Sinistcha, L50|\n|poke|p2|Primarina, L50, F|\n|teampreview|4\n|inactive|Battle timer is ON: inactive players will automatically lose when time's up. (requested by TheTT6)\n|inactive|Sparkbladexd also wants the timer to be on.\n|inactive|Sparkbladexd has 60 seconds left.\n|\n|t:|1728068213\n|start\n|switch|p1a: Weezing|Weezing-Galar, L50, F|100\/100\n|switch|p1b: Toedscruel|Toedscruel, L50, F, shiny|100\/100\n|switch|p2a: Sneasler|Sneasler, L50, M|100\/100\n|switch|p2b: Primarina|Primarina, L50, F|100\/100\n|-ability|p1a: Weezing|Neutralizing Gas\n|turn|1\n|inactive|Sparkbladexd has 30 seconds left.\n|inactive|TheTT6 has 30 seconds left.\n|\n|t:|1728068247\n|switch|p2b: Sinistcha|Sinistcha, L50|100\/100\n|move|p2a: Sneasler|Dire Claw|p1b: Toedscruel\n|-damage|p1b: Toedscruel|37\/100\n|move|p1b: Toedscruel|Spore|p2b: Sinistcha\n|-immune|p2b: Sinistcha\n|move|p1a: Weezing|Sludge Bomb|p2b: Sinistcha\n|-damage|p2b: Sinistcha|33\/100\n|-enditem|p2b: Sinistcha|Sitrus Berry|[eat]\n|-heal|p2b: Sinistcha|58\/100|[from] item: Sitrus Berry\n|\n|upkeep\n|turn|2\n|\n|t:|1728068268\n|switch|p2b: Dragonite|Dragonite, L50, M|100\/100\n|move|p2a: Sneasler|Coaching|p2b: Dragonite\n|-boost|p2b: Dragonite|atk|1\n|-boost|p2b: Dragonite|def|1\n|move|p1b: Toedscruel|Spore|p2a: Sneasler\n|-status|p2a: Sneasler|slp|[from] move: Spore\n|move|p1a: Weezing|Sludge Bomb|p2b: Dragonite\n|-crit|p2b: Dragonite\n|-damage|p2b: Dragonite|52\/100\n|\n|upkeep\n|turn|3\n|\n|t:|1728068291\n|switch|p2a: Sinistcha|Sinistcha, L50|58\/100\n|move|p1b: Toedscruel|Rage Powder|p1b: Toedscruel\n|-singleturn|p1b: Toedscruel|move: Rage Powder\n|move|p2b: Dragonite|Extreme Speed|p1b: Toedscruel\n|-damage|p1b: Toedscruel|0 fnt\n|faint|p1b: Toedscruel\n|move|p1a: Weezing|Sludge Bomb|p2b: Dragonite\n|-damage|p2b: Dragonite|18\/100\n|\n|upkeep\n|\n|t:|1728068302\n|switch|p1b: Typhlosion|Typhlosion-Hisui, L50, F|100\/100\n|turn|4\n|inactive|TheTT6 has 30 seconds left.\n|\n|t:|1728068336\n|-end|p1a: Weezing|ability: Neutralizing Gas\n|-item|p2b: Dragonite|Assault Vest|[from] ability: Frisk|[of] p1b: Typhlosion\n|-heal|p2b: Dragonite|42\/100|[from] ability: Hospitality|[of] p2a: Sinistcha\n|switch|p1a: Corviknight|Corviknight, L50, M, shiny|100\/100\n|move|p2b: Dragonite|Extreme Speed|p1a: Corviknight\n|-resisted|p1a: Corviknight\n|-damage|p1a: Corviknight|82\/100\n|move|p1b: Typhlosion|Eruption|p2b: Dragonite|[spread] p2a,p2b\n|-supereffective|p2a: Sinistcha\n|-resisted|p2b: Dragonite\n|-damage|p2a: Sinistcha|0 fnt\n|-damage|p2b: Dragonite|25\/100\n|faint|p2a: Sinistcha\n|\n|upkeep\n|\n|t:|1728068348\n|switch|p2a: Primarina|Primarina, L50, F|100\/100\n|turn|5\n|inactive|Sparkbladexd has 30 seconds left.\n|\n|t:|1728068382\n|-terastallize|p1b: Typhlosion|Fire\n|move|p1b: Typhlosion|Eruption|p2b: Dragonite|[spread] p2a,p2b\n|-resisted|p2a: Primarina\n|-resisted|p2b: Dragonite\n|-damage|p2a: Primarina|70\/100\n|-damage|p2b: Dragonite|3\/100\n|move|p2b: Dragonite|Ice Spinner|p1a: Corviknight\n|-damage|p1a: Corviknight|45\/100\n|-enditem|p1a: Corviknight|Sitrus Berry|[eat]\n|-heal|p1a: Corviknight|70\/100|[from] item: Sitrus Berry\n|move|p2a: Primarina|Hyper Voice|p1b: Typhlosion|[spread] p1a,p1b\n|-supereffective|p1b: Typhlosion\n|-damage|p1a: Corviknight|34\/100\n|-damage|p1b: Typhlosion|15\/100\n|-enditem|p2a: Primarina|Throat Spray\n|-boost|p2a: Primarina|spa|1|[from] item: Throat Spray\n|move|p1a: Corviknight|Brave Bird|p2a: Primarina\n|-damage|p2a: Primarina|12\/100\n|-damage|p1a: Corviknight|17\/100|[from] Recoil\n|\n|upkeep\n|turn|6\n|\n|t:|1728068405\n|move|p2b: Dragonite|Extreme Speed|p1b: Typhlosion\n|-damage|p1b: Typhlosion|0 fnt\n|faint|p1b: Typhlosion\n|move|p2a: Primarina|Hyper Voice|p1a: Corviknight\n|-damage|p1a: Corviknight|0 fnt\n|faint|p1a: Corviknight\n|\n|upkeep\n|\n|t:|1728068411\n|switch|p1b: Weezing|Weezing-Galar, L50, F|100\/100\n|-ability|p1b: Weezing|Neutralizing Gas\n|turn|7\n|\n|t:|1728068423\n|move|p2b: Dragonite|Extreme Speed|p1b: Weezing\n|-damage|p1b: Weezing|53\/100\n|move|p2a: Primarina|Hyper Voice|p1b: Weezing\n|-damage|p1b: Weezing|0 fnt\n|faint|p1b: Weezing\n|-end|p1b: Weezing|ability: Neutralizing Gas\n|\n|win|TheTT6\n|raw|Sparkbladexd's rating: 1725 &rarr; <strong>1704<\/strong><br \/>(-21 for losing)\n|raw|TheTT6's rating: 1704 &rarr; <strong>1725<\/strong><br \/>(+21 for winning)\n|l|\u2606TheTT6\n|player|p2|\n|l|\u2606Sparkbladexd\n|player|p1|\n","uploadtime":1728068691,"views":17,"formatid":"gen9vgc2024regh","rating":1704,"private":0,"password":null}