{"id":"gen9vgc2024regh-2215994738","format":"[Gen 9] VGC 2024 Reg H","players":["Jit444","grafaiaionnaperc"],"log":"|j|\u2606Jit444\n|j|\u2606grafaiaionnaperc\n|t:|1728068983\n|gametype|doubles\n|player|p1|Jit444|102|1756\n|player|p2|grafaiaionnaperc|magmasuit|1845\n|teamsize|p1|6\n|teamsize|p2|6\n|gen|9\n|tier|[Gen 9] VGC 2024 Reg H\n|rated|\n|rule|Species Clause: Limit one of each Pok\u00e9mon\n|rule|Item Clause: Limit 1 of each item\n|clearpoke\n|poke|p1|Abomasnow, L50, F|\n|poke|p1|Rotom-Frost, L50|\n|poke|p1|Blaziken, L50, F|\n|poke|p1|Samurott-Hisui, L50, M|\n|poke|p1|Talonflame, L50, M|\n|poke|p1|Garchomp, L50, F|\n|poke|p2|Sneasler, L50, M|\n|poke|p2|Indeedee, L50, M|\n|poke|p2|Murkrow, L50, M|\n|poke|p2|Dragapult, L50, M|\n|poke|p2|Decidueye-Hisui, L50, F|\n|poke|p2|Typhlosion-Hisui, L50, F|\n|teampreview|4\n|inactive|Battle timer is ON: inactive players will automatically lose when time's up. (requested by grafaiaionnaperc)\n|inactive|Jit444 has 60 seconds left.\n|inactive|grafaiaionnaperc has 60 seconds left.\n|inactive|Jit444 has 30 seconds left.\n|inactive|grafaiaionnaperc has 30 seconds left.\n|inactive|grafaiaionnaperc has 20 seconds left.\n|inactive|grafaiaionnaperc has 15 seconds left.\n|\n|t:|1728069059\n|start\n|switch|p1a: Samurott|Samurott-Hisui, L50, M|100\/100\n|switch|p1b: Blaziken|Blaziken, L50, F|100\/100\n|switch|p2a: Luis Carruthers|Murkrow, L50, M, shiny|100\/100\n|switch|p2b: Marcus Halberstram|Dragapult, L50, M|100\/100\n|turn|1\n|inactive|Jit444 has 30 seconds left.\n|inactive|Jit444 has 20 seconds left.\n|\n|t:|1728069095\n|move|p2a: Luis Carruthers|Tailwind|p2a: Luis Carruthers\n|-sidestart|p2: grafaiaionnaperc|move: Tailwind\n|move|p2b: Marcus Halberstram|Dragon Darts|p1a: Samurott\n|-damage|p1a: Samurott|55\/100\n|-anim|p2b: Marcus Halberstram|Dragon Darts|p1b: Blaziken\n|-damage|p1b: Blaziken|36\/100\n|move|p1b: Blaziken|Heat Wave|p2a: Luis Carruthers|[spread] p2a,p2b\n|-resisted|p2b: Marcus Halberstram\n|-damage|p2a: Luis Carruthers|59\/100\n|-damage|p2b: Marcus Halberstram|69\/100\n|-damage|p1b: Blaziken|27\/100|[from] item: Life Orb\n|move|p1a: Samurott|Night Slash|p2b: Marcus Halberstram\n|-supereffective|p2b: Marcus Halberstram\n|-crit|p2b: Marcus Halberstram\n|-damage|p2b: Marcus Halberstram|0 fnt\n|faint|p2b: Marcus Halberstram\n|\n|-ability|p1b: Blaziken|Speed Boost|boost\n|-boost|p1b: Blaziken|spe|1\n|upkeep\n|\n|t:|1728069110\n|switch|p2b: Patrick Bateman|Indeedee, L50, M, shiny|100\/100\n|-fieldstart|move: Psychic Terrain|[from] ability: Psychic Surge|[of] p2b: Patrick Bateman\n|turn|2\n|inactive|Jit444 has 30 seconds left.\n|inactive|Jit444 has 20 seconds left.\n|\n|t:|1728069147\n|-terastallize|p2b: Patrick Bateman|Fighting\n|move|p1b: Blaziken|Protect|p1b: Blaziken\n|-singleturn|p1b: Blaziken|Protect\n|move|p2b: Patrick Bateman|Tera Blast|p1a: Samurott|[anim] Tera Blast Fighting\n|-supereffective|p1a: Samurott\n|-damage|p1a: Samurott|0 fnt\n|faint|p1a: Samurott\n|move|p2a: Luis Carruthers|Foul Play|p1b: Blaziken\n|-activate|p1b: Blaziken|move: Protect\n|\n|-ability|p1b: Blaziken|Speed Boost|boost\n|-boost|p1b: Blaziken|spe|1\n|upkeep\n|\n|t:|1728069158\n|switch|p1a: Talonflame|Talonflame, L50, M|100\/100\n|turn|3\n|\n|t:|1728069166\n|-terastallize|p1b: Blaziken|Fire\n|move|p1a: Talonflame|Tailwind|p1a: Talonflame\n|-sidestart|p1: Jit444|move: Tailwind\n|move|p1b: Blaziken|Heat Wave|p2a: Luis Carruthers|[spread] p2b\n|-miss|p1b: Blaziken|p2a: Luis Carruthers\n|-damage|p2b: Patrick Bateman|14\/100\n|-damage|p1b: Blaziken|17\/100|[from] item: Life Orb\n|move|p2b: Patrick Bateman|Expanding Force|p1a: Talonflame|[spread] p1a,p1b\n|-damage|p1a: Talonflame|17\/100\n|-damage|p1b: Blaziken|0 fnt\n|faint|p1b: Blaziken\n|move|p2a: Luis Carruthers|Foul Play|p1a: Talonflame\n|-damage|p1a: Talonflame|0 fnt\n|faint|p1a: Talonflame\n|\n|upkeep\n|\n|t:|1728069180\n|switch|p1b: Garchomp|Garchomp, L50, F|100\/100\n|turn|4\n|\n|t:|1728069188\n|move|p1b: Garchomp|Rock Slide|p2a: Luis Carruthers|[spread] p2a,p2b\n|-supereffective|p2a: Luis Carruthers\n|-resisted|p2b: Patrick Bateman\n|-damage|p2a: Luis Carruthers|8\/100\n|-damage|p2b: Patrick Bateman|0 fnt\n|faint|p2b: Patrick Bateman\n|cant|p2a: Luis Carruthers|flinch\n|\n|-sideend|p2: grafaiaionnaperc|move: Tailwind\n|upkeep\n|\n|t:|1728069191\n|switch|p2b: Paul Allen|Sneasler, L50, M, shiny|100\/100\n|-enditem|p2b: Paul Allen|Psychic Seed\n|-boost|p2b: Paul Allen|spd|1|[from] item: Psychic Seed\n|turn|5\n|inactive|grafaiaionnaperc has 30 seconds left.\n|\n|t:|1728069218\n|move|p2b: Paul Allen|Protect|p2b: Paul Allen\n|-singleturn|p2b: Paul Allen|Protect\n|move|p1b: Garchomp|Stomping Tantrum|p2b: Paul Allen\n|-activate|p2b: Paul Allen|move: Protect\n|move|p2a: Luis Carruthers|Foul Play|p1b: Garchomp\n|-damage|p1b: Garchomp|48\/100\n|-damage|p2a: Luis Carruthers|0 fnt|[from] ability: Rough Skin|[of] p1b: Garchomp\n|faint|p2a: Luis Carruthers\n|\n|upkeep\n|turn|6\n|\n|t:|1728069231\n|move|p2b: Paul Allen|Protect||[still]\n|-fail|p2b: Paul Allen\n|move|p1b: Garchomp|Earthquake|p2b: Paul Allen\n|-supereffective|p2b: Paul Allen\n|-damage|p2b: Paul Allen|0 fnt\n|faint|p2b: Paul Allen\n|\n|win|Jit444\n|raw|Jit444's rating: 1756 &rarr; <strong>1781<\/strong><br \/>(+25 for winning)\n|raw|grafaiaionnaperc's rating: 1845 &rarr; <strong>1820<\/strong><br \/>(-25 for losing)\n|l|\u2606Jit444\n|player|p1|\n","uploadtime":1728069382,"views":96,"formatid":"gen9vgc2024regh","rating":1781,"private":0,"password":null}