{"id":"gen9vgc2024regh-2215603577","format":"[Gen 9] VGC 2024 Reg H","players":["koolkidz4life","Shikanoko32"],"log":"|j|\u2606koolkidz4life\n|j|\u2606Shikanoko32\n|t:|1728025991\n|gametype|doubles\n|player|p1|koolkidz4life|170|1739\n|player|p2|Shikanoko32|1|1694\n|teamsize|p1|6\n|teamsize|p2|6\n|gen|9\n|tier|[Gen 9] VGC 2024 Reg H\n|rated|\n|rule|Species Clause: Limit one of each Pok\u00e9mon\n|rule|Item Clause: Limit 1 of each item\n|clearpoke\n|poke|p1|Whimsicott, L50, M|\n|poke|p1|Blastoise, L50, F|\n|poke|p1|Arcanine-Hisui, L50, F|\n|poke|p1|Gholdengo, L50|\n|poke|p1|Dragonite, L50, M|\n|poke|p1|Annihilape, L50, M|\n|poke|p2|Rillaboom, L50, F|\n|poke|p2|Incineroar, L50, F|\n|poke|p2|Dragonite, L50, M|\n|poke|p2|Electabuzz, L50, F|\n|poke|p2|Gholdengo, L50|\n|poke|p2|Milotic, L50, F|\n|teampreview|4\n|j| grigaddops\n|j| Rabbithorn05\n|\n|t:|1728026024\n|start\n|switch|p1a: Annihilape|Annihilape, L50, M|100\/100\n|switch|p1b: Whimsicott|Whimsicott, L50, M|100\/100\n|switch|p2a: Dragonite|Dragonite, L50, M|100\/100\n|switch|p2b: Milotic|Milotic, L50, F|100\/100\n|turn|1\n|\n|t:|1728026049\n|move|p1b: Whimsicott|Energy Ball|p2b: Milotic\n|-supereffective|p2b: Milotic\n|-damage|p2b: Milotic|59\/100\n|move|p2a: Dragonite|Stomping Tantrum|p1b: Whimsicott\n|-resisted|p1b: Whimsicott\n|-damage|p1b: Whimsicott|85\/100\n|move|p1a: Annihilape|Final Gambit|p2a: Dragonite\n|-damage|p2a: Dragonite|0 fnt\n|faint|p1a: Annihilape\n|faint|p2a: Dragonite\n|move|p2b: Milotic|Muddy Water|p1b: Whimsicott\n|-resisted|p1b: Whimsicott\n|-damage|p1b: Whimsicott|63\/100\n|\n|upkeep\n|\n|t:|1728026065\n|switch|p2a: Incineroar|Incineroar, L50, F|100\/100\n|switch|p1a: Dragonite|Dragonite, L50, M|100\/100\n|-ability|p2a: Incineroar|Intimidate|boost\n|-fail|p1a: Dragonite|unboost|Attack|[from] ability: Inner Focus|[of] p1a: Dragonite\n|-unboost|p1b: Whimsicott|atk|1\n|turn|2\n|j| VivixTEST\n|\n|t:|1728026100\n|switch|p2b: Gholdengo|Gholdengo, L50|100\/100\n|-terastallize|p1b: Whimsicott|Ghost\n|move|p1b: Whimsicott|Energy Ball|p2b: Gholdengo\n|-resisted|p2b: Gholdengo\n|-damage|p2b: Gholdengo|84\/100\n|move|p1a: Dragonite|Stomping Tantrum|p2b: Gholdengo\n|-supereffective|p2b: Gholdengo\n|-damage|p2b: Gholdengo|14\/100\n|-damage|p1a: Dragonite|91\/100|[from] item: Life Orb\n|move|p2a: Incineroar|Knock Off|p1a: Dragonite\n|-damage|p1a: Dragonite|55\/100\n|-enditem|p1a: Dragonite|Life Orb|[from] move: Knock Off|[of] p2a: Incineroar\n|\n|-heal|p2b: Gholdengo|20\/100|[from] item: Leftovers\n|upkeep\n|turn|3\n|\n|t:|1728026122\n|move|p2b: Gholdengo|Protect|p2b: Gholdengo\n|-singleturn|p2b: Gholdengo|Protect\n|move|p1b: Whimsicott|Tailwind|p1b: Whimsicott\n|-sidestart|p1: koolkidz4life|move: Tailwind\n|move|p1a: Dragonite|Stomping Tantrum|p2b: Gholdengo\n|-activate|p2b: Gholdengo|move: Protect\n|move|p2a: Incineroar|Knock Off|p1b: Whimsicott\n|-supereffective|p1b: Whimsicott\n|-damage|p1b: Whimsicott|0 fnt\n|-enditem|p1b: Whimsicott|Mental Herb|[from] move: Knock Off|[of] p2a: Incineroar\n|faint|p1b: Whimsicott\n|\n|-heal|p2b: Gholdengo|27\/100|[from] item: Leftovers\n|upkeep\n|\n|t:|1728026125\n|switch|p1b: Arcanine|Arcanine-Hisui, L50, F|100\/100\n|turn|4\n|inactive|Battle timer is ON: inactive players will automatically lose when time's up. (requested by koolkidz4life)\n|\n|t:|1728026160\n|-terastallize|p2a: Incineroar|Ghost\n|move|p1b: Arcanine|Rock Slide|p2a: Incineroar|[spread] p2a,p2b\n|-resisted|p2b: Gholdengo\n|-crit|p2b: Gholdengo\n|-damage|p2a: Incineroar|65\/100\n|-damage|p2b: Gholdengo|0 fnt\n|faint|p2b: Gholdengo\n|move|p1a: Dragonite|Stomping Tantrum|p2a: Incineroar\n|-damage|p2a: Incineroar|39\/100\n|move|p2a: Incineroar|Parting Shot|p1a: Dragonite\n|-unboost|p1a: Dragonite|atk|1\n|-unboost|p1a: Dragonite|spa|1\n|\n|t:|1728026173\n|switch|p2a: Milotic|Milotic, L50, F|59\/100|[from] Parting Shot\n|\n|upkeep\n|\n|t:|1728026177\n|switch|p2b: Incineroar|Incineroar, L50, F, tera:Ghost|39\/100\n|-ability|p2b: Incineroar|Intimidate|boost\n|-fail|p1a: Dragonite|unboost|Attack|[from] ability: Inner Focus|[of] p1a: Dragonite\n|-unboost|p1b: Arcanine|atk|1\n|turn|5\n|\n|t:|1728026186\n|move|p2b: Incineroar|Fake Out|p1b: Arcanine\n|-resisted|p1b: Arcanine\n|-damage|p1b: Arcanine|93\/100\n|move|p1a: Dragonite|Extreme Speed|p2a: Milotic\n|-damage|p2a: Milotic|39\/100\n|cant|p1b: Arcanine|flinch\n|move|p2a: Milotic|Coil|p2a: Milotic\n|-boost|p2a: Milotic|atk|1\n|-boost|p2a: Milotic|def|1\n|-boost|p2a: Milotic|accuracy|1\n|\n|upkeep\n|turn|6\n|\n|t:|1728026201\n|move|p1a: Dragonite|Extreme Speed|p2a: Milotic\n|-damage|p2a: Milotic|25\/100\n|move|p1b: Arcanine|Rock Slide|p2a: Milotic|[spread] p2a,p2b\n|-damage|p2a: Milotic|8\/100\n|-damage|p2b: Incineroar|17\/100\n|move|p2b: Incineroar|Knock Off|p1b: Arcanine\n|-damage|p1b: Arcanine|44\/100\n|-enditem|p1b: Arcanine|Choice Band|[from] move: Knock Off|[of] p2b: Incineroar\n|move|p2a: Milotic|Recover|p2a: Milotic\n|-heal|p2a: Milotic|58\/100\n|\n|-sideend|p1: koolkidz4life|move: Tailwind\n|upkeep\n|turn|7\n|\n|t:|1728026222\n|move|p1b: Arcanine|Wild Charge|p2a: Milotic\n|-supereffective|p2a: Milotic\n|-damage|p2a: Milotic|35\/100\n|move|p1a: Dragonite|Stomping Tantrum|p2b: Incineroar\n|-damage|p2b: Incineroar|0 fnt\n|faint|p2b: Incineroar\n|move|p2a: Milotic|Recover|p2a: Milotic\n|-heal|p2a: Milotic|85\/100\n|\n|upkeep\n|turn|8\n|\n|t:|1728026235\n|move|p1a: Dragonite|Extreme Speed|p2a: Milotic\n|-damage|p2a: Milotic|70\/100\n|move|p1b: Arcanine|Rock Slide|p2a: Milotic\n|-damage|p2a: Milotic|54\/100\n|move|p2a: Milotic|Muddy Water|p1b: Arcanine|[spread] p1a,p1b\n|-resisted|p1a: Dragonite\n|-supereffective|p1b: Arcanine\n|-damage|p1a: Dragonite|43\/100\n|-damage|p1b: Arcanine|0 fnt\n|faint|p1b: Arcanine\n|\n|upkeep\n|turn|9\n|l| grigaddops\n|\n|t:|1728026251\n|move|p1a: Dragonite|Extreme Speed|p2a: Milotic\n|-damage|p2a: Milotic|40\/100\n|move|p2a: Milotic|Recover|p2a: Milotic\n|-heal|p2a: Milotic|90\/100\n|\n|upkeep\n|turn|10\n|\n|t:|1728026258\n|move|p1a: Dragonite|Extreme Speed|p2a: Milotic\n|-damage|p2a: Milotic|75\/100\n|move|p2a: Milotic|Coil|p2a: Milotic\n|-boost|p2a: Milotic|atk|1\n|-boost|p2a: Milotic|def|1\n|-boost|p2a: Milotic|accuracy|1\n|\n|upkeep\n|turn|11\n|\n|t:|1728026266\n|move|p1a: Dragonite|Extreme Speed|p2a: Milotic\n|-damage|p2a: Milotic|65\/100\n|move|p2a: Milotic|Hypnosis|p1a: Dragonite\n|-status|p1a: Dragonite|slp|[from] move: Hypnosis\n|\n|upkeep\n|turn|12\n|-message|koolkidz4life forfeited.\n|\n|win|Shikanoko32\n|raw|koolkidz4life's rating: 1739 &rarr; <strong>1716<\/strong><br \/>(-23 for losing)\n|raw|Shikanoko32's rating: 1694 &rarr; <strong>1717<\/strong><br \/>(+23 for winning)\n|l|\u2606koolkidz4life\n|player|p1|\n|l| VivixTEST\n|l|\u2606Shikanoko32\n|player|p2|\n","uploadtime":1728026322,"views":31,"formatid":"gen9vgc2024regh","rating":1716,"private":0,"password":null}