{"id":"gen9vgc2024regh-2215646396","format":"[Gen 9] VGC 2024 Reg H","players":["AndriCons","cobalt_poke"],"log":"|j|\u2606AndriCons\n|j|\u2606cobalt_poke\n|t:|1728033056\n|gametype|doubles\n|player|p1|AndriCons|266|1724\n|player|p2|cobalt_poke|102|1732\n|teamsize|p1|6\n|teamsize|p2|6\n|gen|9\n|tier|[Gen 9] VGC 2024 Reg H\n|rated|\n|rule|Species Clause: Limit one of each Pok\u00e9mon\n|rule|Item Clause: Limit 1 of each item\n|clearpoke\n|poke|p1|Sneasler, L50, M|\n|poke|p1|Tyranitar, L50, F|\n|poke|p1|Typhlosion-Hisui, L50, F|\n|poke|p1|Gholdengo, L50|\n|poke|p1|Indeedee-F, L50, F|\n|poke|p1|Whimsicott, L50, M|\n|poke|p2|Maushold-Four, L50|\n|poke|p2|Annihilape, L50, F|\n|poke|p2|Archaludon, L50, M|\n|poke|p2|Amoonguss, L50, M|\n|poke|p2|Pelipper, L50, M|\n|poke|p2|Basculegion, L50, M|\n|teampreview|4\n|l|\u2606AndriCons\n|player|p1|\n|inactive|Battle timer is ON: inactive players will automatically lose when time's up. (requested by cobalt_poke)\n|j|\u2606AndriCons\n|inactive|AndriCons reconnected and has 90 seconds left.\n|player|p1|AndriCons|266|\n|\n|t:|1728033086\n|start\n|switch|p1a: Whimsicott|Whimsicott, L50, M|100\/100\n|switch|p1b: Typhlosion|Typhlosion-Hisui, L50, F|100\/100\n|switch|p2a: Annihilape|Annihilape, L50, F|100\/100\n|switch|p2b: Maushold|Maushold-Four, L50|100\/100\n|-item|p2a: Annihilape|Sitrus Berry|[from] ability: Frisk|[of] p1b: Typhlosion\n|-item|p2b: Maushold|Safety Goggles|[from] ability: Frisk|[of] p1b: Typhlosion\n|turn|1\n|inactive|AndriCons has 30 seconds left.\n|j| Rabbithorn05\n|inactive|AndriCons has 20 seconds left.\n|inactive|AndriCons has 15 seconds left.\n|\n|t:|1728033129\n|move|p2b: Maushold|Protect|p2b: Maushold\n|-singleturn|p2b: Maushold|Protect\n|move|p1a: Whimsicott|Sunny Day|p1a: Whimsicott\n|-weather|SunnyDay\n|move|p1b: Typhlosion|Eruption|p2b: Maushold|[spread] p2a\n|-activate|p2b: Maushold|move: Protect\n|-damage|p2a: Annihilape|28\/100\n|-enditem|p2a: Annihilape|Sitrus Berry|[eat]\n|-heal|p2a: Annihilape|53\/100|[from] item: Sitrus Berry\n|move|p2a: Annihilape|Rage Fist|p1b: Typhlosion\n|-supereffective|p1b: Typhlosion\n|-damage|p1b: Typhlosion|0 fnt\n|faint|p1b: Typhlosion\n|\n|-weather|SunnyDay|[upkeep]\n|upkeep\n|l|\u2606AndriCons\n|inactive|AndriCons disconnected and has a minute to reconnect!\n|player|p1|\n|j|\u2606AndriCons\n|inactive|AndriCons reconnected and has 35 seconds left.\n|player|p1|AndriCons|266|\n|inactive|AndriCons has 30 seconds left.\n|\n|t:|1728033156\n|switch|p1b: Tyranitar|Tyranitar, L50, F|100\/100\n|-weather|Sandstorm|[from] ability: Sand Stream|[of] p1b: Tyranitar\n|turn|2\n|\n|t:|1728033171\n|-terastallize|p1b: Tyranitar|Fairy\n|move|p2b: Maushold|Follow Me|p2b: Maushold\n|-singleturn|p2b: Maushold|move: Follow Me\n|move|p1a: Whimsicott|Encore|p2b: Maushold\n|-start|p2b: Maushold|Encore\n|move|p2a: Annihilape|Rage Fist|p1a: Whimsicott\n|-damage|p1a: Whimsicott|50\/100\n|move|p1b: Tyranitar|Tera Blast|p2b: Maushold|[anim] Tera Blast Fairy\n|-damage|p2b: Maushold|38\/100\n|\n|-weather|Sandstorm|[upkeep]\n|-damage|p1a: Whimsicott|44\/100|[from] Sandstorm\n|-damage|p2a: Annihilape|47\/100|[from] Sandstorm\n|-damage|p1b: Tyranitar|95\/100|[from] Sandstorm\n|upkeep\n|turn|3\n|l|\u2606AndriCons\n|inactive|AndriCons disconnected and has a minute to reconnect!\n|player|p1|\n|j|\u2606AndriCons\n|inactive|AndriCons reconnected and has 35 seconds left.\n|player|p1|AndriCons|266|\n|inactive|AndriCons has 30 seconds left.\n|\n|t:|1728033202\n|switch|p1a: Indeedee|Indeedee-F, L50, F|100\/100\n|-fieldstart|move: Psychic Terrain|[from] ability: Psychic Surge|[of] p1a: Indeedee\n|-terastallize|p2a: Annihilape|Steel\n|move|p2b: Maushold|Follow Me|p2b: Maushold\n|-singleturn|p2b: Maushold|move: Follow Me\n|move|p2a: Annihilape|Rage Fist|p1b: Tyranitar\n|-damage|p1b: Tyranitar|63\/100\n|move|p1b: Tyranitar|Tera Blast|p2b: Maushold|[anim] Tera Blast Fairy\n|-damage|p2b: Maushold|0 fnt\n|faint|p2b: Maushold\n|\n|-weather|Sandstorm|[upkeep]\n|-damage|p1a: Indeedee|94\/100|[from] Sandstorm\n|-damage|p1b: Tyranitar|57\/100|[from] Sandstorm\n|upkeep\n|\n|t:|1728033216\n|switch|p2b: Pelipper|Pelipper, L50, M|100\/100\n|-weather|RainDance|[from] ability: Drizzle|[of] p2b: Pelipper\n|turn|4\n|l|\u2606AndriCons\n|inactive|AndriCons disconnected and has a minute to reconnect!\n|player|p1|\n|j|\u2606AndriCons\n|inactive|AndriCons reconnected and has 35 seconds left.\n|player|p1|AndriCons|266|\n|inactive|AndriCons has 30 seconds left.\n|\n|t:|1728033242\n|switch|p1b: Whimsicott|Whimsicott, L50, M|44\/100\n|move|p2b: Pelipper|U-turn|p1a: Indeedee\n|-supereffective|p1a: Indeedee\n|-damage|p1a: Indeedee|74\/100\n|-damage|p2b: Pelipper|84\/100|[from] item: Rocky Helmet|[of] p1a: Indeedee\n|\n|t:|1728033248\n|switch|p2b: Archaludon|Archaludon, L50, M|100\/100|[from] U-turn\n|move|p2a: Annihilape|Drain Punch|p1a: Indeedee\n|-damage|p1a: Indeedee|43\/100\n|-heal|p2a: Annihilape|60\/100|[from] drain|[of] p1a: Indeedee\n|-damage|p2a: Annihilape|44\/100|[from] item: Rocky Helmet|[of] p1a: Indeedee\n|move|p1a: Indeedee|Trick Room|p1a: Indeedee\n|-fieldstart|move: Trick Room|[of] p1a: Indeedee\n|\n|-weather|RainDance|[upkeep]\n|upkeep\n|turn|5\n|\n|t:|1728033270\n|move|p1a: Indeedee|Hyper Voice|p2a: Annihilape|[spread] p2a,p2b\n|-resisted|p2a: Annihilape\n|-resisted|p2b: Archaludon\n|-damage|p2a: Annihilape|34\/100\n|-damage|p2b: Archaludon|91\/100\n|-ability|p2b: Archaludon|Stamina|boost\n|-boost|p2b: Archaludon|def|1\n|move|p2b: Archaludon|Flash Cannon|p1a: Indeedee\n|-damage|p1a: Indeedee|8\/100\n|move|p2a: Annihilape|Rage Fist|p1b: Whimsicott\n|-crit|p1b: Whimsicott\n|-damage|p1b: Whimsicott|0 fnt\n|faint|p1b: Whimsicott\n|\n|-weather|RainDance|[upkeep]\n|upkeep\n|\n|t:|1728033285\n|switch|p1b: Tyranitar|Tyranitar, L50, F, tera:Fairy|57\/100\n|-weather|Sandstorm|[from] ability: Sand Stream|[of] p1b: Tyranitar\n|turn|6\n|\n|t:|1728033298\n|move|p1a: Indeedee|Follow Me|p1a: Indeedee\n|-singleturn|p1a: Indeedee|move: Follow Me\n|move|p1b: Tyranitar|Low Kick|p2b: Archaludon\n|-supereffective|p2b: Archaludon\n|-damage|p2b: Archaludon|56\/100\n|-ability|p2b: Archaludon|Stamina|boost\n|-boost|p2b: Archaludon|def|1\n|move|p2b: Archaludon|Flash Cannon|p1a: Indeedee\n|-damage|p1a: Indeedee|0 fnt\n|faint|p1a: Indeedee\n|move|p2a: Annihilape|Rage Fist|p1b: Tyranitar\n|-damage|p1b: Tyranitar|7\/100\n|\n|-weather|Sandstorm|[upkeep]\n|-damage|p1b: Tyranitar|1\/100|[from] Sandstorm\n|upkeep\n|turn|7\n|-message|AndriCons forfeited.\n|\n|win|cobalt_poke\n|raw|AndriCons's rating: 1724 &rarr; <strong>1704<\/strong><br \/>(-20 for losing)\n|raw|cobalt_poke's rating: 1732 &rarr; <strong>1752<\/strong><br \/>(+20 for winning)\n|l|\u2606AndriCons\n|player|p1|\n|l|\u2606cobalt_poke\n|player|p2|\n","uploadtime":1728033350,"views":15,"formatid":"gen9vgc2024regh","rating":1704,"private":0,"password":null}