{"id":"gen9vgc2024regh-2215951163","format":"[Gen 9] VGC 2024 Reg H","players":["koolkidz4life","SnarkyShane"],"log":"|j|\u2606koolkidz4life\n|j|\u2606SnarkyShane\n|t:|1728064973\n|gametype|doubles\n|player|p1|koolkidz4life|2|1647\n|player|p2|SnarkyShane|gambler|1756\n|teamsize|p1|6\n|teamsize|p2|6\n|gen|9\n|tier|[Gen 9] VGC 2024 Reg H\n|rated|\n|rule|Species Clause: Limit one of each Pok\u00e9mon\n|rule|Item Clause: Limit 1 of each item\n|clearpoke\n|poke|p1|Incineroar, L50, F|\n|poke|p1|Venusaur, L50, M|\n|poke|p1|Annihilape, L50, F|\n|poke|p1|Dragonite, L50, M|\n|poke|p1|Electabuzz, L50, F|\n|poke|p1|Milotic, L50, M|\n|poke|p2|Baxcalibur, L50, M|\n|poke|p2|Ninetales-Alola, L50, M|\n|poke|p2|Sneasler, L50, F|\n|poke|p2|Ceruledge, L50, M|\n|poke|p2|Volcarona, L50, M|\n|poke|p2|Gastrodon, L50, F|\n|teampreview|4\n|inactive|Battle timer is ON: inactive players will automatically lose when time's up. (requested by SnarkyShane)\n|j| observerstephen\n|inactive|SnarkyShane has 60 seconds left.\n|\n|t:|1728065026\n|start\n|switch|p1a: Incineroar|Incineroar, L50, F|100\/100\n|switch|p1b: Electabuzz|Electabuzz, L50, F|100\/100\n|switch|p2a: Elsa|Ninetales-Alola, L50, M|100\/100\n|switch|p2b: The Snizzler|Sneasler, L50, F|100\/100\n|-weather|Snow|[from] ability: Snow Warning|[of] p2a: Elsa\n|-ability|p1a: Incineroar|Intimidate|boost\n|-unboost|p2a: Elsa|atk|1\n|-unboost|p2b: The Snizzler|atk|1\n|turn|1\n|\n|t:|1728065041\n|move|p2b: The Snizzler|Fake Out|p1a: Incineroar\n|-damage|p1a: Incineroar|92\/100\n|cant|p1a: Incineroar|flinch\n|move|p2a: Elsa|Aurora Veil|p2a: Elsa\n|-sidestart|p2: SnarkyShane|move: Aurora Veil\n|move|p1b: Electabuzz|Taunt|p2a: Elsa\n|-start|p2a: Elsa|move: Taunt\n|\n|-weather|Snow|[upkeep]\n|upkeep\n|turn|2\n|\n|t:|1728065053\n|switch|p2a: BULXcaliber|Baxcalibur, L50, M|100\/100\n|move|p1b: Electabuzz|Follow Me|p1b: Electabuzz\n|-singleturn|p1b: Electabuzz|move: Follow Me\n|move|p2b: The Snizzler|Coaching|p2a: BULXcaliber\n|-boost|p2a: BULXcaliber|atk|1\n|-boost|p2a: BULXcaliber|def|1\n|move|p1a: Incineroar|Brick Break|p2a: BULXcaliber\n|-sideend|p2: SnarkyShane|move: Aurora Veil\n|-supereffective|p2a: BULXcaliber\n|-damage|p2a: BULXcaliber|81\/100\n|\n|-weather|Snow|[upkeep]\n|-heal|p2a: BULXcaliber|87\/100|[from] ability: Ice Body\n|-heal|p2a: BULXcaliber|92\/100|[from] item: Leftovers\n|upkeep\n|turn|3\n|\n|t:|1728065075\n|switch|p1a: Dragonite|Dragonite, L50, M|100\/100\n|move|p2b: The Snizzler|Coaching|p2a: BULXcaliber\n|-boost|p2a: BULXcaliber|atk|1\n|-boost|p2a: BULXcaliber|def|1\n|move|p1b: Electabuzz|Electroweb|p2b: The Snizzler|[spread] p2a,p2b\n|-resisted|p2a: BULXcaliber\n|-damage|p2a: BULXcaliber|87\/100\n|-damage|p2b: The Snizzler|81\/100\n|-unboost|p2a: BULXcaliber|spe|1\n|-unboost|p2b: The Snizzler|spe|1\n|move|p2a: BULXcaliber|Dragon Dance|p2a: BULXcaliber\n|-boost|p2a: BULXcaliber|atk|1\n|-boost|p2a: BULXcaliber|spe|1\n|\n|-weather|Snow|[upkeep]\n|-heal|p2a: BULXcaliber|93\/100|[from] ability: Ice Body\n|-heal|p2a: BULXcaliber|99\/100|[from] item: Leftovers\n|upkeep\n|turn|4\n|\n|t:|1728065099\n|switch|p2b: Firefly|Volcarona, L50, M|100\/100\n|-terastallize|p1a: Dragonite|Normal\n|move|p2a: BULXcaliber|Protect|p2a: BULXcaliber\n|-singleturn|p2a: BULXcaliber|Protect\n|move|p1b: Electabuzz|Follow Me|p1b: Electabuzz\n|-singleturn|p1b: Electabuzz|move: Follow Me\n|move|p1a: Dragonite|Extreme Speed|p2a: BULXcaliber\n|-activate|p2a: BULXcaliber|move: Protect\n|\n|-weather|Snow|[upkeep]\n|-heal|p2a: BULXcaliber|100\/100|[from] ability: Ice Body\n|upkeep\n|turn|5\n|inactive|SnarkyShane has 30 seconds left.\n|\n|t:|1728065126\n|move|p2b: Firefly|Tailwind|p2b: Firefly\n|-sidestart|p2: SnarkyShane|move: Tailwind\n|move|p2a: BULXcaliber|High Horsepower|p1b: Electabuzz|[miss]\n|-miss|p2a: BULXcaliber|p1b: Electabuzz\n|move|p1b: Electabuzz|Electroweb|p2a: BULXcaliber|[spread] p2a,p2b\n|-resisted|p2a: BULXcaliber\n|-damage|p2a: BULXcaliber|95\/100\n|-damage|p2b: Firefly|87\/100\n|-unboost|p2a: BULXcaliber|spe|1\n|-unboost|p2b: Firefly|spe|1\n|move|p1a: Dragonite|Rock Slide|p2a: BULXcaliber|[spread] p2b\n|-miss|p1a: Dragonite|p2a: BULXcaliber\n|-supereffective|p2b: Firefly\n|-damage|p2b: Firefly|0 fnt\n|faint|p2b: Firefly\n|-damage|p1a: Dragonite|91\/100|[from] item: Life Orb\n|\n|-weather|none\n|-heal|p2a: BULXcaliber|100\/100|[from] item: Leftovers\n|upkeep\n|\n|t:|1728065147\n|switch|p2b: The Snizzler|Sneasler, L50, F|81\/100\n|turn|6\n|\n|t:|1728065158\n|move|p2b: The Snizzler|Fake Out|p1b: Electabuzz\n|-damage|p1b: Electabuzz|89\/100\n|cant|p1b: Electabuzz|flinch\n|move|p1a: Dragonite|Extreme Speed|p2b: The Snizzler\n|-crit|p2b: The Snizzler\n|-damage|p2b: The Snizzler|0 fnt\n|faint|p2b: The Snizzler\n|-damage|p1a: Dragonite|81\/100|[from] item: Life Orb\n|move|p2a: BULXcaliber|Dragon Dance|p2a: BULXcaliber\n|-boost|p2a: BULXcaliber|atk|1\n|-boost|p2a: BULXcaliber|spe|1\n|\n|upkeep\n|\n|t:|1728065174\n|switch|p2b: Elsa|Ninetales-Alola, L50, M|100\/100\n|-weather|Snow|[from] ability: Snow Warning|[of] p2b: Elsa\n|turn|7\n|\n|t:|1728065183\n|-terastallize|p2b: Elsa|Ghost\n|move|p1b: Electabuzz|Follow Me|p1b: Electabuzz\n|-singleturn|p1b: Electabuzz|move: Follow Me\n|move|p2b: Elsa|Aurora Veil|p2b: Elsa\n|-sidestart|p2: SnarkyShane|move: Aurora Veil\n|move|p2a: BULXcaliber|High Horsepower|p1b: Electabuzz\n|-supereffective|p1b: Electabuzz\n|-damage|p1b: Electabuzz|0 fnt\n|faint|p1b: Electabuzz\n|move|p1a: Dragonite|Tailwind|p1a: Dragonite\n|-sidestart|p1: koolkidz4life|move: Tailwind\n|\n|-weather|Snow|[upkeep]\n|upkeep\n|\n|t:|1728065194\n|switch|p1b: Incineroar|Incineroar, L50, F|92\/100\n|-ability|p1b: Incineroar|Intimidate|boost\n|-unboost|p2a: BULXcaliber|atk|1\n|-unboost|p2b: Elsa|atk|1\n|turn|8\n|\n|t:|1728065206\n|move|p2a: BULXcaliber|Protect|p2a: BULXcaliber\n|-singleturn|p2a: BULXcaliber|Protect\n|move|p1b: Incineroar|Fake Out|p2a: BULXcaliber\n|-activate|p2a: BULXcaliber|move: Protect\n|move|p2b: Elsa|Encore|p1a: Dragonite\n|-start|p1a: Dragonite|Encore\n|move|p1a: Dragonite|Tailwind||[still]\n|-fail|p1a: Dragonite\n|\n|-weather|Snow|[upkeep]\n|-sideend|p2: SnarkyShane|move: Tailwind\n|upkeep\n|turn|9\n|\n|t:|1728065220\n|switch|p1a: Venusaur|Venusaur, L50, M|100\/100\n|move|p2b: Elsa|Blizzard|p1a: Venusaur|[spread] p1a,p1b\n|-supereffective|p1a: Venusaur\n|-resisted|p1b: Incineroar\n|-damage|p1a: Venusaur|53\/100\n|-damage|p1b: Incineroar|85\/100\n|move|p1b: Incineroar|Knock Off|p2b: Elsa\n|-supereffective|p2b: Elsa\n|-damage|p2b: Elsa|20\/100\n|-enditem|p2b: Elsa|Light Clay|[from] move: Knock Off|[of] p1b: Incineroar\n|move|p2a: BULXcaliber|High Horsepower|p1b: Incineroar\n|-supereffective|p1b: Incineroar\n|-damage|p1b: Incineroar|0 fnt\n|faint|p1b: Incineroar\n|\n|-weather|Snow|[upkeep]\n|upkeep\n|\n|t:|1728065222\n|switch|p1b: Dragonite|Dragonite, L50, M, tera:Normal|81\/100\n|turn|10\n|\n|t:|1728065241\n|move|p1b: Dragonite|Rock Slide|p2b: Elsa|[spread] p2a,p2b\n|-supereffective|p2a: BULXcaliber\n|-damage|p2a: BULXcaliber|90\/100\n|-damage|p2b: Elsa|0 fnt\n|faint|p2b: Elsa\n|-damage|p1b: Dragonite|72\/100|[from] item: Life Orb\n|move|p1a: Venusaur|Sleep Powder|p2a: BULXcaliber\n|-status|p2a: BULXcaliber|slp|[from] move: Sleep Powder\n|cant|p2a: BULXcaliber|slp\n|\n|-weather|Snow|[upkeep]\n|-heal|p2a: BULXcaliber|96\/100 slp|[from] ability: Ice Body\n|-heal|p2a: BULXcaliber|100\/100 slp|[from] item: Leftovers\n|-sideend|p1: koolkidz4life|move: Tailwind\n|upkeep\n|turn|11\n|\n|t:|1728065260\n|cant|p2a: BULXcaliber|slp\n|move|p1b: Dragonite|Rock Slide|p2a: BULXcaliber\n|-supereffective|p2a: BULXcaliber\n|-damage|p2a: BULXcaliber|87\/100 slp\n|-damage|p1b: Dragonite|62\/100|[from] item: Life Orb\n|move|p1a: Venusaur|Sludge Bomb|p2a: BULXcaliber\n|-damage|p2a: BULXcaliber|63\/100 slp\n|\n|-weather|none\n|-heal|p2a: BULXcaliber|69\/100 slp|[from] item: Leftovers\n|upkeep\n|turn|12\n|\n|t:|1728065274\n|cant|p2a: BULXcaliber|slp\n|move|p1b: Dragonite|Rock Slide|p2a: BULXcaliber\n|-supereffective|p2a: BULXcaliber\n|-damage|p2a: BULXcaliber|49\/100 slp\n|-damage|p1b: Dragonite|52\/100|[from] item: Life Orb\n|move|p1a: Venusaur|Sludge Bomb|p2a: BULXcaliber\n|-crit|p2a: BULXcaliber\n|-damage|p2a: BULXcaliber|0 fnt\n|faint|p2a: BULXcaliber\n|\n|win|koolkidz4life\n|raw|koolkidz4life's rating: 1647 &rarr; <strong>1673<\/strong><br \/>(+26 for winning)\n|raw|SnarkyShane's rating: 1756 &rarr; <strong>1730<\/strong><br \/>(-26 for losing)\n|l|\u2606koolkidz4life\n|player|p1|\n|l| observerstephen\n|l|\u2606SnarkyShane\n|player|p2|\n","uploadtime":1728065512,"views":14,"formatid":"gen9vgc2024regh","rating":1673,"private":0,"password":null}