{"id":"gen9vgc2024regh-2215085895","format":"[Gen 9] VGC 2024 Reg H","players":["sugar water shower","epigrlozvgc"],"log":"|j|\u2606sugar water shower\n|j|\u2606epigrlozvgc\n|t:|1727967581\n|gametype|doubles\n|player|p1|sugar water shower|skyla|1666\n|player|p2|epigrlozvgc|alder|1701\n|teamsize|p1|6\n|teamsize|p2|6\n|gen|9\n|tier|[Gen 9] VGC 2024 Reg H\n|rated|\n|rule|Species Clause: Limit one of each Pok\u00e9mon\n|rule|Item Clause: Limit 1 of each item\n|clearpoke\n|poke|p1|Arcanine-Hisui, L50, F|\n|poke|p1|Pelipper, L50, F|\n|poke|p1|Umbreon, L50, M|\n|poke|p1|Ursaluna-Bloodmoon, L50, M|\n|poke|p1|Clefable, L50, F|\n|poke|p1|Archaludon, L50, F|\n|poke|p2|Quaquaval, L50, F|\n|poke|p2|Whimsicott, L50, M|\n|poke|p2|Volcarona, L50, M|\n|poke|p2|Kingambit, L50, M|\n|poke|p2|Rillaboom, L50, F|\n|poke|p2|Archaludon, L50, F|\n|teampreview|4\n|inactive|Battle timer is ON: inactive players will automatically lose when time's up. (requested by sugar water shower)\n|j| Rabbithorn05\n|\n|t:|1727967608\n|start\n|switch|p1a: Arcanine|Arcanine-Hisui, L50, F, shiny|100\/100\n|switch|p1b: Archaludon|Archaludon, L50, F|100\/100\n|switch|p2a: Volcarona|Volcarona, L50, M|100\/100\n|switch|p2b: Whimsicott|Whimsicott, L50, M|100\/100\n|turn|1\n|\n|t:|1727967626\n|move|p2b: Whimsicott|Tailwind|p2b: Whimsicott\n|-sidestart|p2: epigrlozvgc|move: Tailwind\n|move|p2a: Volcarona|Overheat|p1b: Archaludon\n|-ability|p1b: Archaludon|Sturdy\n|-damage|p1b: Archaludon|1\/100\n|-unboost|p2a: Volcarona|spa|2\n|move|p1a: Arcanine|Head Smash|p2a: Volcarona\n|-supereffective|p2a: Volcarona\n|-damage|p2a: Volcarona|0 fnt\n|faint|p2a: Volcarona\n|move|p1b: Archaludon|Flash Cannon|p2b: Whimsicott\n|-supereffective|p2b: Whimsicott\n|-damage|p2b: Whimsicott|11\/100\n|\n|upkeep\n|\n|t:|1727967640\n|switch|p2a: Quaquaval|Quaquaval, L50, F|100\/100\n|turn|2\n|j| VGC Civilization\n|\n|t:|1727967659\n|move|p1a: Arcanine|Protect|p1a: Arcanine\n|-singleturn|p1a: Arcanine|Protect\n|move|p1b: Archaludon|Protect|p1b: Archaludon\n|-singleturn|p1b: Archaludon|Protect\n|move|p2b: Whimsicott|Moonblast|p1a: Arcanine\n|-activate|p1a: Arcanine|move: Protect\n|move|p2a: Quaquaval|Aqua Step|p1b: Archaludon\n|-activate|p1b: Archaludon|move: Protect\n|\n|upkeep\n|turn|3\n|\n|t:|1727967670\n|switch|p1b: Clefable|Clefable, L50, F|100\/100\n|move|p1a: Arcanine|Extreme Speed|p2b: Whimsicott\n|-damage|p2b: Whimsicott|0 fnt\n|faint|p2b: Whimsicott\n|move|p2a: Quaquaval|Aqua Step|p1a: Arcanine\n|-supereffective|p1a: Arcanine\n|-enditem|p1a: Arcanine|Focus Sash\n|-damage|p1a: Arcanine|1\/100\n|-boost|p2a: Quaquaval|spe|1\n|\n|upkeep\n|\n|t:|1727967677\n|switch|p2b: Archaludon|Archaludon, L50, F|100\/100\n|turn|4\n|\n|t:|1727967689\n|move|p1b: Clefable|Protect|p1b: Clefable\n|-singleturn|p1b: Clefable|Protect\n|move|p1a: Arcanine|Extreme Speed|p2a: Quaquaval\n|-damage|p2a: Quaquaval|64\/100\n|move|p2a: Quaquaval|Aqua Step|p1a: Arcanine\n|-supereffective|p1a: Arcanine\n|-damage|p1a: Arcanine|0 fnt\n|-boost|p2a: Quaquaval|spe|1\n|faint|p1a: Arcanine\n|-ability|p2a: Quaquaval|Moxie|boost\n|-boost|p2a: Quaquaval|atk|1\n|move|p2b: Archaludon|Electro Shot||[still]\n|-prepare|p2b: Archaludon|Electro Shot\n|-boost|p2b: Archaludon|spa|1\n|-enditem|p2b: Archaludon|Power Herb\n|-anim|p2b: Archaludon|Electro Shot|p1b: Clefable\n|-activate|p1b: Clefable|move: Protect\n|\n|-sideend|p2: epigrlozvgc|move: Tailwind\n|upkeep\n|\n|t:|1727967694\n|switch|p1a: Ursaluna|Ursaluna-Bloodmoon, L50, M|100\/100\n|turn|5\n|\n|t:|1727967707\n|-terastallize|p2b: Archaludon|Stellar\n|-terastallize|p1b: Clefable|Ghost\n|move|p2a: Quaquaval|Protect|p2a: Quaquaval\n|-singleturn|p2a: Quaquaval|Protect\n|move|p1b: Clefable|Follow Me|p1b: Clefable\n|-singleturn|p1b: Clefable|move: Follow Me\n|move|p2b: Archaludon|Flash Cannon|p1b: Clefable\n|-damage|p1b: Clefable|44\/100\n|move|p1a: Ursaluna|Earth Power|p2b: Archaludon\n|-supereffective|p2b: Archaludon\n|-ability|p2b: Archaludon|Sturdy\n|-damage|p2b: Archaludon|1\/100\n|\n|upkeep\n|turn|6\n|\n|t:|1727967723\n|move|p1b: Clefable|Follow Me|p1b: Clefable\n|-singleturn|p1b: Clefable|move: Follow Me\n|move|p1a: Ursaluna|Vacuum Wave|p2b: Archaludon\n|-supereffective|p2b: Archaludon\n|-damage|p2b: Archaludon|0 fnt\n|faint|p2b: Archaludon\n|move|p2a: Quaquaval|Aqua Step|p1b: Clefable\n|-damage|p1b: Clefable|9\/100\n|-boost|p2a: Quaquaval|spe|1\n|\n|upkeep\n|turn|7\n|\n|t:|1727967737\n|move|p2a: Quaquaval|Protect|p2a: Quaquaval\n|-singleturn|p2a: Quaquaval|Protect\n|move|p1b: Clefable|Moonblast|p2a: Quaquaval\n|-activate|p2a: Quaquaval|move: Protect\n|move|p1a: Ursaluna|Blood Moon|p2a: Quaquaval\n|-activate|p2a: Quaquaval|move: Protect\n|\n|upkeep\n|turn|8\n|\n|t:|1727967748\n|move|p1b: Clefable|Follow Me|p1b: Clefable\n|-singleturn|p1b: Clefable|move: Follow Me\n|move|p2a: Quaquaval|Aqua Step|p1b: Clefable\n|-damage|p1b: Clefable|0 fnt\n|-boost|p2a: Quaquaval|spe|1\n|faint|p1b: Clefable\n|-ability|p2a: Quaquaval|Moxie|boost\n|-boost|p2a: Quaquaval|atk|1\n|move|p1a: Ursaluna|Earth Power|p2a: Quaquaval\n|-damage|p2a: Quaquaval|1\/100\n|\n|upkeep\n|\n|t:|1727967749\n|switch|p1b: Archaludon|Archaludon, L50, F|1\/100\n|turn|9\n|\n|t:|1727967758\n|move|p2a: Quaquaval|Upper Hand|p1a: Ursaluna\n|-supereffective|p1a: Ursaluna\n|-damage|p1a: Ursaluna|0 fnt\n|faint|p1a: Ursaluna\n|-ability|p2a: Quaquaval|Moxie|boost\n|-boost|p2a: Quaquaval|atk|1\n|move|p1b: Archaludon|Electro Shot||[still]\n|-prepare|p1b: Archaludon|Electro Shot\n|-boost|p1b: Archaludon|spa|1\n|-enditem|p1b: Archaludon|Power Herb\n|-anim|p1b: Archaludon|Electro Shot|p2a: Quaquaval\n|-supereffective|p2a: Quaquaval\n|-damage|p2a: Quaquaval|0 fnt\n|faint|p2a: Quaquaval\n|\n|win|sugar water shower\n|raw|sugar water shower's rating: 1666 &rarr; <strong>1688<\/strong><br \/>(+22 for winning)\n|raw|epigrlozvgc's rating: 1701 &rarr; <strong>1679<\/strong><br \/>(-22 for losing)\n|l|\u2606sugar water shower\n|player|p1|\n|l|\u2606epigrlozvgc\n|player|p2|\n","uploadtime":1727967772,"views":20,"formatid":"gen9vgc2024regh","rating":1679,"private":0,"password":null}