{"id":"gen9vgc2024regh-2215924596","format":"[Gen 9] VGC 2024 Reg H","players":["koolkidz4life","tremendo_perkin"],"log":"|j|\u2606koolkidz4life\n|j|\u2606tremendo_perkin\n|t:|1728062626\n|gametype|doubles\n|player|p1|koolkidz4life|2|1646\n|player|p2|tremendo_perkin|170|1704\n|teamsize|p1|6\n|teamsize|p2|6\n|gen|9\n|tier|[Gen 9] VGC 2024 Reg H\n|rated|\n|rule|Species Clause: Limit one of each Pok\u00e9mon\n|rule|Item Clause: Limit 1 of each item\n|clearpoke\n|poke|p1|Typhlosion-Hisui, L50, M|\n|poke|p1|Murkrow, L50, M|\n|poke|p1|Annihilape, L50, M|\n|poke|p1|Dragonite, L50, M|\n|poke|p1|Electabuzz, L50, M|\n|poke|p1|Venusaur, L50, F|\n|poke|p2|Archaludon, L50, M|\n|poke|p2|Pelipper, L50, M|\n|poke|p2|Maushold-Four, L50|\n|poke|p2|Annihilape, L50, M|\n|poke|p2|Sinistcha, L50|\n|poke|p2|Grimmsnarl, L50, M|\n|teampreview|4\n|inactive|Battle timer is ON: inactive players will automatically lose when time's up. (requested by tremendo_perkin)\n|inactive|tremendo_perkin has 60 seconds left.\n|\n|t:|1728062662\n|start\n|switch|p1a: Electabuzz|Electabuzz, L50, M|100\/100\n|switch|p1b: Annihilape|Annihilape, L50, M|100\/100\n|switch|p2a: Archaludon|Archaludon, L50, M|100\/100\n|switch|p2b: Grimmsnarl|Grimmsnarl, L50, M|100\/100\n|turn|1\n|j| hellolmao\n|inactive|koolkidz4life has 30 seconds left.\n|inactive|koolkidz4life has 20 seconds left.\n|inactive|koolkidz4life has 15 seconds left.\n|\n|t:|1728062706\n|move|p1a: Electabuzz|Follow Me|p1a: Electabuzz\n|-singleturn|p1a: Electabuzz|move: Follow Me\n|move|p2b: Grimmsnarl|Reflect|p2b: Grimmsnarl\n|-sidestart|p2: tremendo_perkin|Reflect\n|move|p1b: Annihilape|Bulk Up|p1b: Annihilape\n|-boost|p1b: Annihilape|atk|1\n|-boost|p1b: Annihilape|def|1\n|move|p2a: Archaludon|Dragon Pulse|p1a: Electabuzz\n|-damage|p1a: Electabuzz|66\/100\n|\n|upkeep\n|turn|2\n|c| hellolmao|hello :) lmao\n|\n|t:|1728062722\n|switch|p2b: Pelipper|Pelipper, L50, M|100\/100\n|-weather|RainDance|[from] ability: Drizzle|[of] p2b: Pelipper\n|move|p1a: Electabuzz|Follow Me|p1a: Electabuzz\n|-singleturn|p1a: Electabuzz|move: Follow Me\n|move|p1b: Annihilape|Bulk Up|p1b: Annihilape\n|-boost|p1b: Annihilape|atk|1\n|-boost|p1b: Annihilape|def|1\n|move|p2a: Archaludon|Electro Shot||[still]\n|-prepare|p2a: Archaludon|Electro Shot\n|-boost|p2a: Archaludon|spa|1\n|-anim|p2a: Archaludon|Electro Shot|p1a: Electabuzz\n|-resisted|p1a: Electabuzz\n|-damage|p1a: Electabuzz|37\/100\n|\n|-weather|RainDance|[upkeep]\n|upkeep\n|turn|3\n|\n|t:|1728062741\n|-terastallize|p2a: Archaludon|Grass\n|move|p1a: Electabuzz|Electroweb|p2b: Pelipper|[spread] p2a,p2b\n|-resisted|p2a: Archaludon\n|-supereffective|p2b: Pelipper\n|-damage|p2a: Archaludon|95\/100\n|-damage|p2b: Pelipper|3\/100\n|-unboost|p2a: Archaludon|spe|1\n|-unboost|p2b: Pelipper|spe|1\n|-ability|p2a: Archaludon|Stamina|boost\n|-boost|p2a: Archaludon|def|1\n|move|p1b: Annihilape|Rage Fist|p2b: Pelipper\n|-damage|p2b: Pelipper|0 fnt\n|faint|p2b: Pelipper\n|move|p2a: Archaludon|Electro Shot||[still]\n|-prepare|p2a: Archaludon|Electro Shot\n|-boost|p2a: Archaludon|spa|1\n|-anim|p2a: Archaludon|Electro Shot|p1a: Electabuzz\n|-resisted|p1a: Electabuzz\n|-damage|p1a: Electabuzz|0 fnt\n|faint|p1a: Electabuzz\n|\n|-weather|RainDance|[upkeep]\n|upkeep\n|\n|t:|1728062752\n|switch|p1a: Murkrow|Murkrow, L50, M|100\/100\n|switch|p2b: Grimmsnarl|Grimmsnarl, L50, M|100\/100\n|turn|4\n|\n|t:|1728062768\n|move|p1a: Murkrow|Sunny Day|p1a: Murkrow\n|-weather|SunnyDay\n|move|p2b: Grimmsnarl|Thunder Wave|p1b: Annihilape\n|-status|p1b: Annihilape|par\n|move|p2a: Archaludon|Dragon Pulse|p1a: Murkrow\n|-enditem|p1a: Murkrow|Focus Sash\n|-damage|p1a: Murkrow|1\/100\n|move|p1b: Annihilape|Drain Punch|p2b: Grimmsnarl\n|-damage|p2b: Grimmsnarl|58\/100\n|\n|-weather|SunnyDay|[upkeep]\n|upkeep\n|turn|5\n|\n|t:|1728062789\n|move|p1a: Murkrow|Tailwind|p1a: Murkrow\n|-sidestart|p1: koolkidz4life|move: Tailwind\n|cant|p1b: Annihilape|par\n|move|p2b: Grimmsnarl|Spirit Break|p1a: Murkrow\n|-supereffective|p1a: Murkrow\n|-damage|p1a: Murkrow|0 fnt\n|faint|p1a: Murkrow\n|move|p2a: Archaludon|Dragon Pulse|p1b: Annihilape\n|-damage|p1b: Annihilape|37\/100 par\n|\n|-weather|SunnyDay|[upkeep]\n|upkeep\n|\n|t:|1728062793\n|switch|p1a: Typhlosion|Typhlosion-Hisui, L50, M|100\/100\n|turn|6\n|inactive|tremendo_perkin has 30 seconds left.\n|inactive|tremendo_perkin has 20 seconds left.\n|\n|t:|1728062828\n|-terastallize|p1a: Typhlosion|Fire\n|move|p2b: Grimmsnarl|Thunder Wave|p1a: Typhlosion\n|-status|p1a: Typhlosion|par\n|cant|p1a: Typhlosion|par\n|move|p1b: Annihilape|Rage Fist|p2a: Archaludon\n|-damage|p2a: Archaludon|70\/100\n|-ability|p2a: Archaludon|Stamina|boost\n|-boost|p2a: Archaludon|def|1\n|move|p2a: Archaludon|Dragon Pulse|p1b: Annihilape\n|-damage|p1b: Annihilape|0 fnt\n|faint|p1b: Annihilape\n|\n|-weather|SunnyDay|[upkeep]\n|upkeep\n|turn|7\n|inactive|tremendo_perkin has 30 seconds left.\n|inactive|tremendo_perkin has 20 seconds left.\n|inactive|tremendo_perkin has 15 seconds left.\n|inactive|tremendo_perkin has 10 seconds left.\n|\n|t:|1728062875\n|move|p2b: Grimmsnarl|Light Screen|p2b: Grimmsnarl\n|-sidestart|p2: tremendo_perkin|move: Light Screen\n|move|p1a: Typhlosion|Eruption|p2b: Grimmsnarl|[spread] p2a,p2b\n|-supereffective|p2a: Archaludon\n|-damage|p2a: Archaludon|0 fnt\n|-damage|p2b: Grimmsnarl|0 fnt\n|faint|p2a: Archaludon\n|faint|p2b: Grimmsnarl\n|\n|-weather|SunnyDay|[upkeep]\n|upkeep\n|\n|t:|1728062881\n|switch|p2a: Sinistcha|Sinistcha, L50|100\/100\n|turn|8\n|\n|t:|1728062887\n|cant|p1a: Typhlosion|par\n|move|p2a: Sinistcha|Matcha Gotcha|p1a: Typhlosion\n|-resisted|p1a: Typhlosion\n|-damage|p1a: Typhlosion|79\/100 par\n|\n|-weather|none\n|-sideend|p2: tremendo_perkin|Reflect\n|-sideend|p1: koolkidz4life|move: Tailwind\n|upkeep\n|turn|9\n|\n|t:|1728062900\n|move|p2a: Sinistcha|Matcha Gotcha|p1a: Typhlosion\n|-resisted|p1a: Typhlosion\n|-damage|p1a: Typhlosion|58\/100 par\n|move|p1a: Typhlosion|Eruption|p2a: Sinistcha\n|-supereffective|p2a: Sinistcha\n|-damage|p2a: Sinistcha|0 fnt\n|faint|p2a: Sinistcha\n|\n|win|koolkidz4life\n|raw|koolkidz4life's rating: 1646 &rarr; <strong>1669<\/strong><br \/>(+23 for winning)\n|raw|tremendo_perkin's rating: 1704 &rarr; <strong>1681<\/strong><br \/>(-23 for losing)\n|l|\u2606koolkidz4life\n|player|p1|\n|l| hellolmao\n|l|\u2606tremendo_perkin\n|player|p2|\n","uploadtime":1728063163,"views":14,"formatid":"gen9vgc2024regh","rating":1669,"private":0,"password":null}