{"id":"gen9vgc2024regh-2215892037","format":"[Gen 9] VGC 2024 Reg H","players":["Av8nt","wonder gawd"],"log":"|j|\u2606Av8nt\n|j|\u2606wonder gawd\n|t:|1728059769\n|gametype|doubles\n|player|p1|Av8nt|linebacker|1643\n|player|p2|wonder gawd|102|1731\n|teamsize|p1|6\n|teamsize|p2|6\n|gen|9\n|tier|[Gen 9] VGC 2024 Reg H\n|rated|\n|rule|Species Clause: Limit one of each Pok\u00e9mon\n|rule|Item Clause: Limit 1 of each item\n|clearpoke\n|poke|p1|Hydreigon, L50, F|\n|poke|p1|Maushold-Four, L50|\n|poke|p1|Annihilape, L50, F|\n|poke|p1|Gholdengo, L50|\n|poke|p1|Sinistcha, L50|\n|poke|p1|Primarina, L50, F|\n|poke|p2|Zoroark-Hisui, L50, F|\n|poke|p2|Inteleon, L50, F|\n|poke|p2|Sneasler, L50, F|\n|poke|p2|Grimmsnarl, L50, M|\n|poke|p2|Blaziken, L50, F|\n|poke|p2|Electabuzz, L50, F|\n|teampreview|4\n|c|\u2606Av8nt|glhf\n|inactive|Battle timer is ON: inactive players will automatically lose when time's up. (requested by wonder gawd)\n|\n|t:|1728059807\n|start\n|switch|p1a: Maushold|Maushold-Four, L50|100\/100\n|switch|p1b: Primarina|Primarina, L50, F|100\/100\n|switch|p2a: Blaziken|Blaziken, L50, F, shiny|100\/100\n|switch|p2b: Electabuzz|Electabuzz, L50, F, shiny|100\/100\n|turn|1\n|\n|t:|1728059818\n|move|p2a: Blaziken|Protect|p2a: Blaziken\n|-singleturn|p2a: Blaziken|Protect\n|move|p1a: Maushold|Fake Tears|p2b: Electabuzz\n|-unboost|p2b: Electabuzz|spd|2\n|move|p2b: Electabuzz|Electroweb|p1b: Primarina|[spread] p1a,p1b\n|-supereffective|p1b: Primarina\n|-damage|p1a: Maushold|85\/100\n|-damage|p1b: Primarina|83\/100\n|-unboost|p1a: Maushold|spe|1\n|-unboost|p1b: Primarina|spe|1\n|move|p1b: Primarina|Hyper Voice|p2b: Electabuzz|[spread] p2b\n|-activate|p2a: Blaziken|move: Protect\n|-damage|p2b: Electabuzz|46\/100\n|-enditem|p1b: Primarina|Throat Spray\n|-boost|p1b: Primarina|spa|1|[from] item: Throat Spray\n|\n|-ability|p2a: Blaziken|Speed Boost|boost\n|-boost|p2a: Blaziken|spe|1\n|upkeep\n|turn|2\n|j| cifero\n|\n|t:|1728059834\n|move|p2b: Electabuzz|Helping Hand|p2a: Blaziken\n|-singleturn|p2a: Blaziken|Helping Hand|[of] p2b: Electabuzz\n|move|p1a: Maushold|Protect|p1a: Maushold\n|-singleturn|p1a: Maushold|Protect\n|move|p2a: Blaziken|Thunder Punch|p1b: Primarina\n|-supereffective|p1b: Primarina\n|-damage|p1b: Primarina|10\/100\n|-status|p1b: Primarina|par\n|-damage|p2a: Blaziken|91\/100|[from] item: Life Orb\n|cant|p1b: Primarina|par\n|\n|-ability|p2a: Blaziken|Speed Boost|boost\n|-boost|p2a: Blaziken|spe|1\n|upkeep\n|turn|3\n|c|\u2606Av8nt|bruh\n|\n|t:|1728059850\n|switch|p1a: Sinistcha|Sinistcha, L50|100\/100\n|-heal|p1b: Primarina|35\/100 par|[from] ability: Hospitality|[of] p1a: Sinistcha\n|-terastallize|p1b: Primarina|Dragon\n|move|p2a: Blaziken|Close Combat|p1a: Sinistcha\n|-immune|p1a: Sinistcha\n|move|p2b: Electabuzz|Electroweb|p1a: Sinistcha|[spread] p1a,p1b\n|-resisted|p1a: Sinistcha\n|-resisted|p1b: Primarina\n|-damage|p1a: Sinistcha|94\/100\n|-damage|p1b: Primarina|28\/100 par\n|-unboost|p1a: Sinistcha|spe|1\n|-unboost|p1b: Primarina|spe|1\n|move|p1b: Primarina|Hyper Voice|p2a: Blaziken|[spread] p2a,p2b\n|-supereffective|p2a: Blaziken\n|-damage|p2a: Blaziken|0 fnt\n|-damage|p2b: Electabuzz|0 fnt\n|faint|p2a: Blaziken\n|faint|p2b: Electabuzz\n|\n|upkeep\n|\n|t:|1728059867\n|switch|p2b: Sneasler|Sneasler, L50, F, shiny|100\/100\n|switch|p2a: Sneasler|Sneasler, L50, F, shiny|100\/100\n|turn|4\n|\n|t:|1728059891\n|move|p2b: Sneasler|Throat Chop|p1a: Sinistcha\n|-supereffective|p1a: Sinistcha\n|-damage|p1a: Sinistcha|41\/100\n|-start|p1a: Sinistcha|Throat Chop|[silent]\n|-enditem|p1a: Sinistcha|Sitrus Berry|[eat]\n|-heal|p1a: Sinistcha|66\/100|[from] item: Sitrus Berry\n|move|p2a: Sneasler|Shadow Ball|p1a: Sinistcha\n|-supereffective|p1a: Sinistcha\n|-damage|p1a: Sinistcha|0 fnt\n|faint|p1a: Sinistcha\n|move|p1b: Primarina|Hyper Voice|p2a: Sneasler|[spread] p2a,p2b\n|-enditem|p2a: Sneasler|Focus Sash\n|-damage|p2a: Sneasler|1\/100\n|-damage|p2b: Sneasler|36\/100\n|replace|p2a: Zoroark|Zoroark-Hisui, L50, F, shiny\n|-end|p2a: Zoroark|Illusion\n|\n|upkeep\n|\n|t:|1728059908\n|switch|p1a: Maushold|Maushold-Four, L50|85\/100\n|turn|5\n|\n|t:|1728059914\n|move|p1a: Maushold|Protect|p1a: Maushold\n|-singleturn|p1a: Maushold|Protect\n|move|p2b: Sneasler|Close Combat|p1a: Maushold\n|-activate|p1a: Maushold|move: Protect\n|move|p2a: Zoroark|Hyper Voice|p1a: Maushold|[spread] p1b\n|-activate|p1a: Maushold|move: Protect\n|-damage|p1b: Primarina|7\/100 par\n|move|p1b: Primarina|Hyper Voice|p2b: Sneasler|[spread] p2a,p2b\n|-damage|p2a: Zoroark|0 fnt\n|-damage|p2b: Sneasler|0 fnt\n|faint|p2a: Zoroark\n|faint|p2b: Sneasler\n|\n|win|Av8nt\n|raw|Av8nt's rating: 1643 &rarr; <strong>1668<\/strong><br \/>(+25 for winning)\n|raw|wonder gawd's rating: 1731 &rarr; <strong>1706<\/strong><br \/>(-25 for losing)\n|c|\u2606Av8nt|gg wp\n|l|\u2606Av8nt\n|player|p1|\n|l|\u2606wonder gawd\n|player|p2|\n|c| cifero|\\weak annihilape\n","uploadtime":1728060124,"views":15,"formatid":"gen9vgc2024regh","rating":1668,"private":0,"password":null}