{"id":"gen9vgc2024regh-2215562118","format":"[Gen 9] VGC 2024 Reg H","players":["Geodude3138","Strangrdangr"],"log":"|j|\u2606Geodude3138\n|j|\u2606Strangrdangr\n|t:|1728018489\n|gametype|doubles\n|player|p1|Geodude3138|psychicf|1685\n|player|p2|Strangrdangr|2|1798\n|teamsize|p1|6\n|teamsize|p2|6\n|gen|9\n|tier|[Gen 9] VGC 2024 Reg H\n|rated|\n|rule|Species Clause: Limit one of each Pok\u00e9mon\n|rule|Item Clause: Limit 1 of each item\n|clearpoke\n|poke|p1|Dragonite, L50, F|\n|poke|p1|Gholdengo, L50|\n|poke|p1|Whimsicott, L50, F|\n|poke|p1|Basculegion, L50, M|\n|poke|p1|Archaludon, L50, F|\n|poke|p1|Politoed, L50, M|\n|poke|p2|Dragapult, L50, M|\n|poke|p2|Primarina, L50, M|\n|poke|p2|Tyranitar, L50, M|\n|poke|p2|Porygon2, L50|\n|poke|p2|Decidueye-Hisui, L50, F|\n|poke|p2|Volcarona, L50, M|\n|teampreview|4\n|inactive|Battle timer is ON: inactive players will automatically lose when time's up. (requested by Geodude3138)\n|\n|t:|1728018552\n|start\n|switch|p1a: Gholdengo|Gholdengo, L50|100\/100\n|switch|p1b: Dragonite|Dragonite, L50, F|100\/100\n|switch|p2a: Dragapult|Dragapult, L50, M|100\/100\n|switch|p2b: Decidueye|Decidueye-Hisui, L50, F|100\/100\n|turn|1\n|inactive|Geodude3138 has 30 seconds left.\n|\n|t:|1728018577\n|-terastallize|p2b: Decidueye|Steel\n|-terastallize|p1b: Dragonite|Flying\n|move|p2a: Dragapult|Light Screen|p2a: Dragapult\n|-sidestart|p2: Strangrdangr|move: Light Screen\n|move|p2b: Decidueye|Triple Arrows|p1a: Gholdengo\n|-supereffective|p1a: Gholdengo\n|-crit|p1a: Gholdengo\n|-damage|p1a: Gholdengo|0 fnt\n|faint|p1a: Gholdengo\n|move|p1b: Dragonite|Tera Blast|p2b: Decidueye|[anim] Tera Blast Flying\n|-resisted|p2b: Decidueye\n|-damage|p2b: Decidueye|64\/100\n|\n|upkeep\n|\n|t:|1728018591\n|switch|p1a: Basculegion|Basculegion, L50, M|100\/100\n|turn|2\n|\n|t:|1728018612\n|move|p2a: Dragapult|Thunder Wave|p1a: Basculegion\n|-status|p1a: Basculegion|par\n|move|p2b: Decidueye|Leaf Blade|p1a: Basculegion\n|-supereffective|p1a: Basculegion\n|-damage|p1a: Basculegion|0 fnt\n|faint|p1a: Basculegion\n|move|p1b: Dragonite|Tera Blast|p2a: Dragapult|[anim] Tera Blast Flying\n|-damage|p2a: Dragapult|31\/100\n|\n|upkeep\n|\n|t:|1728018625\n|switch|p1a: Archaludon|Archaludon, L50, F|100\/100\n|turn|3\n|\n|t:|1728018638\n|move|p2a: Dragapult|Thunder Wave|p1a: Archaludon\n|-status|p1a: Archaludon|par\n|move|p2b: Decidueye|Triple Arrows|p1a: Archaludon\n|-supereffective|p1a: Archaludon\n|-damage|p1a: Archaludon|30\/100 par\n|-unboost|p1a: Archaludon|def|1\n|move|p1b: Dragonite|Tera Blast|p2a: Dragapult|[anim] Tera Blast Flying\n|-damage|p2a: Dragapult|0 fnt\n|faint|p2a: Dragapult\n|cant|p1a: Archaludon|par\n|\n|upkeep\n|inactive|Strangrdangr has 30 seconds left.\n|\n|t:|1728018663\n|switch|p2a: Primarina|Primarina, L50, M|100\/100\n|turn|4\n|\n|t:|1728018679\n|move|p2b: Decidueye|Triple Arrows|p1a: Archaludon\n|-supereffective|p1a: Archaludon\n|-crit|p1a: Archaludon\n|-damage|p1a: Archaludon|0 fnt\n|faint|p1a: Archaludon\n|move|p2a: Primarina|Hyper Voice|p1b: Dragonite\n|-damage|p1b: Dragonite|78\/100\n|-enditem|p2a: Primarina|Throat Spray\n|-boost|p2a: Primarina|spa|1|[from] item: Throat Spray\n|move|p1b: Dragonite|Stomping Tantrum|p2b: Decidueye\n|-supereffective|p2b: Decidueye\n|-damage|p2b: Decidueye|0 fnt\n|faint|p2b: Decidueye\n|\n|upkeep\n|\n|t:|1728018693\n|switch|p2b: Tyranitar|Tyranitar, L50, M|100\/100\n|-weather|Sandstorm|[from] ability: Sand Stream|[of] p2b: Tyranitar\n|turn|5\n|\n|t:|1728018699\n|move|p2b: Tyranitar|Knock Off|p1b: Dragonite\n|-damage|p1b: Dragonite|26\/100\n|-enditem|p1b: Dragonite|Lum Berry|[from] move: Knock Off|[of] p2b: Tyranitar\n|move|p2a: Primarina|Hyper Voice|p1b: Dragonite\n|-damage|p1b: Dragonite|0 fnt\n|faint|p1b: Dragonite\n|\n|win|Strangrdangr\n|raw|Geodude3138's rating: 1685 &rarr; <strong>1671<\/strong><br \/>(-14 for losing)\n|raw|Strangrdangr's rating: 1798 &rarr; <strong>1812<\/strong><br \/>(+14 for winning)\n|l|\u2606Geodude3138\n|player|p1|\n|l|\u2606Strangrdangr\n|player|p2|\n","uploadtime":1728018856,"views":29,"formatid":"gen9vgc2024regh","rating":1671,"private":0,"password":null}