{"id":"gen9vgc2024regh-2215951743","format":"[Gen 9] VGC 2024 Reg H","players":["dozodozodozo","Zordor"],"log":"|j|\u2606dozodozodozo\n|j|\u2606Zordor\n|t:|1728065027\n|gametype|doubles\n|player|p1|dozodozodozo|1|1711\n|player|p2|Zordor|pilot|1794\n|teamsize|p1|6\n|teamsize|p2|6\n|gen|9\n|tier|[Gen 9] VGC 2024 Reg H\n|rated|\n|rule|Species Clause: Limit one of each Pok\u00e9mon\n|rule|Item Clause: Limit 1 of each item\n|clearpoke\n|poke|p1|Sneasler, L50, F|\n|poke|p1|Electabuzz, L50, M|\n|poke|p1|Primarina, L50, F|\n|poke|p1|Rillaboom, L50, F|\n|poke|p1|Kingambit, L50, M|\n|poke|p1|Dragonite, L50, M|\n|poke|p2|Rotom-Wash, L50|\n|poke|p2|Sneasler, L50, M|\n|poke|p2|Venusaur, L50, M|\n|poke|p2|Kingambit, L50, M|\n|poke|p2|Armarouge, L50, M|\n|poke|p2|Dragapult, L50, M|\n|teampreview|4\n|\n|t:|1728065073\n|start\n|switch|p1a: Sneasler|Sneasler, L50, F|100\/100\n|switch|p1b: Dragonite|Dragonite, L50, M|100\/100\n|switch|p2a: Venusaur|Venusaur, L50, M|100\/100\n|switch|p2b: Sneasler|Sneasler, L50, M|100\/100\n|turn|1\n|\n|t:|1728065130\n|move|p2b: Sneasler|Dire Claw|p1b: Dragonite\n|-damage|p1b: Dragonite|79\/100\n|-status|p1b: Dragonite|slp\n|move|p1a: Sneasler|Coaching|p1b: Dragonite\n|-boost|p1b: Dragonite|atk|1\n|-boost|p1b: Dragonite|def|1\n|cant|p1b: Dragonite|slp\n|move|p2a: Venusaur|Earth Power|p1a: Sneasler\n|-supereffective|p1a: Sneasler\n|-damage|p1a: Sneasler|24\/100\n|\n|upkeep\n|turn|2\n|\n|t:|1728065155\n|move|p2b: Sneasler|Close Combat|p1a: Sneasler\n|-resisted|p1a: Sneasler\n|-damage|p1a: Sneasler|0 fnt\n|-unboost|p2b: Sneasler|def|1\n|-unboost|p2b: Sneasler|spd|1\n|faint|p1a: Sneasler\n|cant|p1b: Dragonite|slp\n|move|p2a: Venusaur|Sludge Bomb|p1b: Dragonite\n|-damage|p1b: Dragonite|40\/100 slp\n|\n|upkeep\n|c|\u2606dozodozodozo|That could be game from start\n|\n|t:|1728065173\n|switch|p1a: Kingambit|Kingambit, L50, M|100\/100\n|turn|3\n|\n|t:|1728065186\n|-terastallize|p1a: Kingambit|Ghost\n|move|p2b: Sneasler|Rock Tomb|p1b: Dragonite\n|-supereffective|p1b: Dragonite\n|-damage|p1b: Dragonite|9\/100 slp\n|-unboost|p1b: Dragonite|spe|1\n|move|p2a: Venusaur|Sludge Bomb|p1b: Dragonite\n|-crit|p1b: Dragonite\n|-damage|p1b: Dragonite|0 fnt\n|faint|p1b: Dragonite\n|move|p1a: Kingambit|Kowtow Cleave|p2a: Venusaur\n|-damage|p2a: Venusaur|39\/100\n|\n|-heal|p2a: Venusaur|45\/100|[from] item: Leftovers\n|upkeep\n|\n|t:|1728065195\n|switch|p1b: Primarina|Primarina, L50, F|100\/100\n|turn|4\n|\n|t:|1728065209\n|move|p2b: Sneasler|Protect|p2b: Sneasler\n|-singleturn|p2b: Sneasler|Protect\n|move|p2a: Venusaur|Protect|p2a: Venusaur\n|-singleturn|p2a: Venusaur|Protect\n|move|p1b: Primarina|Protect|p1b: Primarina\n|-singleturn|p1b: Primarina|Protect\n|move|p1a: Kingambit|Kowtow Cleave|p2b: Sneasler\n|-activate|p2b: Sneasler|move: Protect\n|\n|-heal|p2a: Venusaur|51\/100|[from] item: Leftovers\n|upkeep\n|turn|5\n|j| eliseo1\n|\n|t:|1728065225\n|move|p1a: Kingambit|Sucker Punch|p2a: Venusaur\n|-damage|p2a: Venusaur|0 fnt\n|faint|p2a: Venusaur\n|move|p2b: Sneasler|Dire Claw|p1b: Primarina\n|-supereffective|p1b: Primarina\n|-damage|p1b: Primarina|0 fnt\n|faint|p1b: Primarina\n|\n|upkeep\n|l| eliseo1\n|j| eliseo1\n|\n|t:|1728065229\n|switch|p2a: Kingambit|Kingambit, L50, M|100\/100\n|turn|6\n|-message|dozodozodozo forfeited.\n|\n|win|Zordor\n|raw|dozodozodozo's rating: 1711 &rarr; <strong>1696<\/strong><br \/>(-15 for losing)\n|raw|Zordor's rating: 1794 &rarr; <strong>1809<\/strong><br \/>(+15 for winning)\n|l|\u2606dozodozodozo\n|player|p1|\n|l|\u2606Zordor\n|player|p2|\n|l| eliseo1\n","uploadtime":1728065374,"views":19,"formatid":"gen9vgc2024regh","rating":1696,"private":0,"password":null}