{"id":"gen9vgc2024regh-2215721349","format":"[Gen 9] VGC 2024 Reg H","players":["cobalt_poke","koolkidz4life"],"log":"|j|\u2606cobalt_poke\n|j|\u2606koolkidz4life\n|t:|1728043684\n|gametype|doubles\n|player|p1|cobalt_poke|1|1774\n|player|p2|koolkidz4life|101|1727\n|teamsize|p1|6\n|teamsize|p2|6\n|gen|9\n|tier|[Gen 9] VGC 2024 Reg H\n|rated|\n|rule|Species Clause: Limit one of each Pok\u00e9mon\n|rule|Item Clause: Limit 1 of each item\n|clearpoke\n|poke|p1|Maushold-Four, L50|\n|poke|p1|Annihilape, L50, F|\n|poke|p1|Archaludon, L50, F|\n|poke|p1|Amoonguss, L50, M|\n|poke|p1|Pelipper, L50, F|\n|poke|p1|Basculegion, L50, M|\n|poke|p2|Whimsicott, L50, M|\n|poke|p2|Blastoise, L50, M|\n|poke|p2|Arcanine, L50, F|\n|poke|p2|Gholdengo, L50|\n|poke|p2|Dragonite, L50, M|\n|poke|p2|Annihilape, L50, F|\n|teampreview|4\n|\n|t:|1728043763\n|start\n|switch|p1a: Annihilape|Annihilape, L50, F|100\/100\n|switch|p1b: Maushold|Maushold-Four, L50|100\/100\n|switch|p2a: Gholdengo|Gholdengo, L50|100\/100\n|switch|p2b: Annihilape|Annihilape, L50, F|100\/100\n|turn|1\n|\n|t:|1728043775\n|-terastallize|p1b: Maushold|Ghost\n|move|p1b: Maushold|Beat Up|p1a: Annihilape\n|-damage|p1a: Annihilape|98\/100\n|-damage|p1a: Annihilape|96\/100\n|-damage|p1a: Annihilape|94\/100\n|-damage|p1a: Annihilape|92\/100\n|-hitcount|p1a: Annihilape|4\n|move|p1a: Annihilape|Rage Fist|p2a: Gholdengo\n|-supereffective|p2a: Gholdengo\n|-enditem|p2a: Gholdengo|Focus Sash\n|-damage|p2a: Gholdengo|1\/100\n|move|p2a: Gholdengo|Nasty Plot|p2a: Gholdengo\n|-boost|p2a: Gholdengo|spa|2\n|move|p2b: Annihilape|Drain Punch|p1b: Maushold\n|-immune|p1b: Maushold\n|\n|upkeep\n|turn|2\n|\n|t:|1728043794\n|move|p2a: Gholdengo|Protect|p2a: Gholdengo\n|-singleturn|p2a: Gholdengo|Protect\n|move|p1b: Maushold|Beat Up|p2a: Gholdengo\n|-activate|p2a: Gholdengo|move: Protect\n|move|p1a: Annihilape|Rage Fist|p2b: Annihilape\n|-supereffective|p2b: Annihilape\n|-damage|p2b: Annihilape|0 fnt\n|faint|p2b: Annihilape\n|\n|upkeep\n|\n|t:|1728043796\n|switch|p2b: Whimsicott|Whimsicott, L50, M|100\/100\n|turn|3\n|\n|t:|1728043808\n|move|p2b: Whimsicott|Tailwind|p2b: Whimsicott\n|-sidestart|p2: koolkidz4life|move: Tailwind\n|move|p2a: Gholdengo|Make It Rain|p1b: Maushold|[spread] p1a,p1b\n|-damage|p1a: Annihilape|32\/100\n|-damage|p1b: Maushold|0 fnt\n|-unboost|p2a: Gholdengo|spa|1\n|-enditem|p1a: Annihilape|Sitrus Berry|[eat]\n|-heal|p1a: Annihilape|57\/100|[from] item: Sitrus Berry\n|faint|p1b: Maushold\n|move|p1a: Annihilape|Rage Fist|p2a: Gholdengo\n|-supereffective|p2a: Gholdengo\n|-damage|p2a: Gholdengo|0 fnt\n|faint|p2a: Gholdengo\n|\n|upkeep\n|\n|t:|1728043844\n|switch|p1b: Pelipper|Pelipper, L50, F|100\/100\n|switch|p2a: Dragonite|Dragonite, L50, M|100\/100\n|-weather|RainDance|[from] ability: Drizzle|[of] p1b: Pelipper\n|turn|4\n|\n|t:|1728043867\n|-terastallize|p2a: Dragonite|Normal\n|move|p2a: Dragonite|Extreme Speed|p1b: Pelipper\n|-damage|p1b: Pelipper|20\/100\n|-damage|p2a: Dragonite|91\/100|[from] item: Life Orb\n|move|p2b: Whimsicott|Moonblast|p1b: Pelipper\n|-damage|p1b: Pelipper|0 fnt\n|faint|p1b: Pelipper\n|move|p1a: Annihilape|Rage Fist|p2a: Dragonite\n|-immune|p2a: Dragonite\n|\n|-weather|RainDance|[upkeep]\n|upkeep\n|\n|t:|1728043877\n|switch|p1b: Archaludon|Archaludon, L50, F|100\/100\n|turn|5\n|\n|t:|1728043889\n|move|p2b: Whimsicott|Moonblast|p1a: Annihilape\n|-supereffective|p1a: Annihilape\n|-damage|p1a: Annihilape|0 fnt\n|faint|p1a: Annihilape\n|move|p2a: Dragonite|Stomping Tantrum|p1b: Archaludon\n|-supereffective|p1b: Archaludon\n|-damage|p1b: Archaludon|33\/100\n|-ability|p1b: Archaludon|Stamina|boost\n|-boost|p1b: Archaludon|def|1\n|-damage|p2a: Dragonite|81\/100|[from] item: Life Orb\n|move|p1b: Archaludon|Electro Shot||[still]\n|-prepare|p1b: Archaludon|Electro Shot\n|-boost|p1b: Archaludon|spa|1\n|-anim|p1b: Archaludon|Electro Shot|p2a: Dragonite\n|-damage|p2a: Dragonite|24\/100\n|\n|-weather|RainDance|[upkeep]\n|upkeep\n|turn|6\n|-message|cobalt_poke forfeited.\n|\n|win|koolkidz4life\n|raw|cobalt_poke's rating: 1774 &rarr; <strong>1751<\/strong><br \/>(-23 for losing)\n|raw|koolkidz4life's rating: 1727 &rarr; <strong>1750<\/strong><br \/>(+23 for winning)\n|l|\u2606cobalt_poke\n|player|p1|\n|l|\u2606koolkidz4life\n|player|p2|\n","uploadtime":1728044112,"views":53,"formatid":"gen9vgc2024regh","rating":1750,"private":0,"password":null}