{"id":"gen9vgc2024regh-2216456539","format":"[Gen 9] VGC 2024 Reg H","players":["Ragnerize","epigrlozvgc"],"log":"|j|\u2606Ragnerize\n|j|\u2606epigrlozvgc\n|t:|1728134935\n|gametype|doubles\n|player|p1|Ragnerize|1|1719\n|player|p2|epigrlozvgc|alder|1681\n|teamsize|p1|6\n|teamsize|p2|6\n|gen|9\n|tier|[Gen 9] VGC 2024 Reg H\n|rated|\n|rule|Species Clause: Limit one of each Pok\u00e9mon\n|rule|Item Clause: Limit 1 of each item\n|clearpoke\n|poke|p1|Ursaluna-Bloodmoon, L50, M|\n|poke|p1|Chandelure, L50, F|\n|poke|p1|Dondozo, L50, F|\n|poke|p1|Rillaboom, L50, F|\n|poke|p1|Dragonite, L50, M|\n|poke|p1|Sneasler, L50, M|\n|poke|p2|Quaquaval, L50, M|\n|poke|p2|Whimsicott, L50, F|\n|poke|p2|Volcarona, L50, F|\n|poke|p2|Kingambit, L50, F|\n|poke|p2|Rillaboom, L50, M|\n|poke|p2|Archaludon, L50, M|\n|teampreview|4\n|j| GracieVGC\n|\n|t:|1728134968\n|start\n|switch|p1a: Dragonite|Dragonite, L50, M|100\/100\n|switch|p1b: Ursaluna|Ursaluna-Bloodmoon, L50, M|100\/100\n|switch|p2a: Whimsicott|Whimsicott, L50, F|100\/100\n|switch|p2b: Volcarona|Volcarona, L50, F|100\/100\n|turn|1\n|inactive|Battle timer is ON: inactive players will automatically lose when time's up. (requested by epigrlozvgc)\n|\n|t:|1728134983\n|-terastallize|p1a: Dragonite|Normal\n|move|p1a: Dragonite|Extreme Speed|p2b: Volcarona\n|-damage|p2b: Volcarona|0 fnt\n|faint|p2b: Volcarona\n|move|p2a: Whimsicott|Sunny Day|p2a: Whimsicott\n|-weather|SunnyDay\n|move|p1b: Ursaluna|Hyper Voice|p2a: Whimsicott\n|-damage|p2a: Whimsicott|46\/100\n|\n|-weather|SunnyDay|[upkeep]\n|upkeep\n|\n|t:|1728134992\n|switch|p2b: Archaludon|Archaludon, L50, M|100\/100\n|turn|2\n|\n|t:|1728135005\n|move|p1a: Dragonite|Extreme Speed|p2a: Whimsicott\n|-damage|p2a: Whimsicott|0 fnt\n|faint|p2a: Whimsicott\n|move|p2b: Archaludon|Electro Shot||[still]\n|-prepare|p2b: Archaludon|Electro Shot\n|-boost|p2b: Archaludon|spa|1\n|-enditem|p2b: Archaludon|Power Herb\n|-anim|p2b: Archaludon|Electro Shot|p1a: Dragonite\n|-damage|p1a: Dragonite|38\/100\n|move|p1b: Ursaluna|Earth Power|p2b: Archaludon\n|-supereffective|p2b: Archaludon\n|-ability|p2b: Archaludon|Sturdy\n|-damage|p2b: Archaludon|1\/100\n|\n|-weather|SunnyDay|[upkeep]\n|upkeep\n|\n|t:|1728135008\n|switch|p2a: Quaquaval|Quaquaval, L50, M|100\/100\n|turn|3\n|\n|t:|1728135021\n|move|p2a: Quaquaval|Upper Hand|p1a: Dragonite\n|-supereffective|p1a: Dragonite\n|-crit|p1a: Dragonite\n|-damage|p1a: Dragonite|0 fnt\n|faint|p1a: Dragonite\n|-ability|p2a: Quaquaval|Moxie|boost\n|-boost|p2a: Quaquaval|atk|1\n|move|p1b: Ursaluna|Vacuum Wave|p2b: Archaludon\n|-supereffective|p2b: Archaludon\n|-damage|p2b: Archaludon|0 fnt\n|faint|p2b: Archaludon\n|\n|-weather|SunnyDay|[upkeep]\n|upkeep\n|\n|t:|1728135025\n|switch|p1a: Rillaboom|Rillaboom, L50, F|100\/100\n|-fieldstart|move: Grassy Terrain|[from] ability: Grassy Surge|[of] p1a: Rillaboom\n|turn|4\n|\n|t:|1728135030\n|move|p2a: Quaquaval|Protect|p2a: Quaquaval\n|-singleturn|p2a: Quaquaval|Protect\n|move|p1a: Rillaboom|Fake Out|p2a: Quaquaval\n|-activate|p2a: Quaquaval|move: Protect\n|move|p1b: Ursaluna|Blood Moon|p2a: Quaquaval\n|-activate|p2a: Quaquaval|move: Protect\n|\n|-weather|SunnyDay|[upkeep]\n|upkeep\n|turn|5\n|\n|t:|1728135042\n|switch|p1b: Sneasler|Sneasler, L50, M|100\/100\n|-enditem|p1b: Sneasler|Grassy Seed\n|-boost|p1b: Sneasler|def|1|[from] item: Grassy Seed\n|move|p2a: Quaquaval|Close Combat|p1b: Sneasler\n|-resisted|p1b: Sneasler\n|-damage|p1b: Sneasler|40\/100\n|-unboost|p2a: Quaquaval|def|1\n|-unboost|p2a: Quaquaval|spd|1\n|move|p1a: Rillaboom|Wood Hammer|p2a: Quaquaval\n|-supereffective|p2a: Quaquaval\n|-enditem|p2a: Quaquaval|Focus Sash\n|-damage|p2a: Quaquaval|1\/100\n|-damage|p1a: Rillaboom|75\/100|[from] Recoil\n|\n|-weather|none\n|-heal|p1b: Sneasler|46\/100|[from] Grassy Terrain\n|-heal|p2a: Quaquaval|7\/100|[from] Grassy Terrain\n|-heal|p1a: Rillaboom|81\/100|[from] Grassy Terrain\n|upkeep\n|turn|6\n|\n|t:|1728135053\n|move|p2a: Quaquaval|Protect|p2a: Quaquaval\n|-singleturn|p2a: Quaquaval|Protect\n|move|p1a: Rillaboom|Grassy Glide|p2a: Quaquaval\n|-activate|p2a: Quaquaval|move: Protect\n|move|p1b: Sneasler|Acrobatics|p2a: Quaquaval\n|-activate|p2a: Quaquaval|move: Protect\n|\n|-heal|p1b: Sneasler|51\/100|[from] Grassy Terrain\n|-heal|p2a: Quaquaval|14\/100|[from] Grassy Terrain\n|-heal|p1a: Rillaboom|86\/100|[from] Grassy Terrain\n|upkeep\n|turn|7\n|\n|t:|1728135056\n|move|p2a: Quaquaval|Upper Hand|p1a: Rillaboom\n|-damage|p1a: Rillaboom|35\/100\n|cant|p1a: Rillaboom|flinch\n|move|p1b: Sneasler|Acrobatics|p2a: Quaquaval\n|-supereffective|p2a: Quaquaval\n|-damage|p2a: Quaquaval|0 fnt\n|faint|p2a: Quaquaval\n|\n|win|Ragnerize\n|raw|Ragnerize's rating: 1719 &rarr; <strong>1737<\/strong><br \/>(+18 for winning)\n|raw|epigrlozvgc's rating: 1681 &rarr; <strong>1663<\/strong><br \/>(-18 for losing)\n|l|\u2606epigrlozvgc\n|player|p2|\n","uploadtime":1728135063,"views":27,"formatid":"gen9vgc2024regh","rating":1663,"private":0,"password":null}