{"id":"gen9vgc2024regh-2216421934","format":"[Gen 9] VGC 2024 Reg H","players":["Ragnerize","tatch_9"],"log":"|j|\u2606Ragnerize\n|j|\u2606tatch_9\n|t:|1728129889\n|gametype|doubles\n|player|p1|Ragnerize|1|1645\n|player|p2|tatch_9|102|1769\n|teamsize|p1|6\n|teamsize|p2|6\n|gen|9\n|tier|[Gen 9] VGC 2024 Reg H\n|rated|\n|rule|Species Clause: Limit one of each Pok\u00e9mon\n|rule|Item Clause: Limit 1 of each item\n|clearpoke\n|poke|p1|Ursaluna-Bloodmoon, L50, M|\n|poke|p1|Chandelure, L50, M|\n|poke|p1|Dondozo, L50, F|\n|poke|p1|Rillaboom, L50, F|\n|poke|p1|Dragonite, L50, M|\n|poke|p1|Sneasler, L50, M|\n|poke|p2|Volcarona, L50, M|\n|poke|p2|Indeedee, L50, M|\n|poke|p2|Sneasler, L50, M|\n|poke|p2|Tatsugiri, L50, F|\n|poke|p2|Dondozo, L50, M|\n|poke|p2|Glimmora, L50, F|\n|teampreview|4\n|inactive|Battle timer is ON: inactive players will automatically lose when time's up. (requested by tatch_9)\n|\n|t:|1728129908\n|start\n|switch|p1a: Rillaboom|Rillaboom, L50, F|100\/100\n|switch|p1b: Ursaluna|Ursaluna-Bloodmoon, L50, M|100\/100\n|switch|p2a: Glimmora|Glimmora, L50, F|100\/100\n|switch|p2b: Volcarona|Volcarona, L50, M|100\/100\n|-fieldstart|move: Grassy Terrain|[from] ability: Grassy Surge|[of] p1a: Rillaboom\n|turn|1\n|\n|t:|1728129917\n|-terastallize|p1b: Ursaluna|Normal\n|move|p1a: Rillaboom|Fake Out|p2a: Glimmora\n|-resisted|p2a: Glimmora\n|-damage|p2a: Glimmora|92\/100\n|-activate|p2a: Glimmora|ability: Toxic Debris\n|-sidestart|p1: Ragnerize|move: Toxic Spikes\n|move|p2b: Volcarona|Tailwind|p2b: Volcarona\n|-sidestart|p2: tatch_9|move: Tailwind\n|cant|p2a: Glimmora|flinch\n|move|p1b: Ursaluna|Blood Moon|p2b: Volcarona\n|-damage|p2b: Volcarona|4\/100\n|\n|-heal|p2b: Volcarona|11\/100|[from] Grassy Terrain\n|-heal|p2a: Glimmora|97\/100|[from] Grassy Terrain\n|upkeep\n|turn|2\n|\n|t:|1728129941\n|move|p1a: Rillaboom|Grassy Glide|p2b: Volcarona\n|-resisted|p2b: Volcarona\n|-damage|p2b: Volcarona|0 fnt\n|-status|p1a: Rillaboom|brn|[from] ability: Flame Body|[of] p2b: Volcarona\n|faint|p2b: Volcarona\n|move|p2a: Glimmora|Mortal Spin|p1b: Ursaluna|[spread] p1a,p1b\n|-supereffective|p1a: Rillaboom\n|-damage|p1a: Rillaboom|92\/100 brn\n|-damage|p1b: Ursaluna|96\/100\n|-status|p1b: Ursaluna|psn\n|move|p1b: Ursaluna|Earth Power|p2a: Glimmora\n|-supereffective|p2a: Glimmora\n|-damage|p2a: Glimmora|0 fnt\n|faint|p2a: Glimmora\n|\n|-heal|p1a: Rillaboom|98\/100 brn|[from] Grassy Terrain\n|-heal|p1b: Ursaluna|100\/100 psn|[from] Grassy Terrain\n|-damage|p1b: Ursaluna|88\/100 psn|[from] psn\n|-damage|p1a: Rillaboom|92\/100 brn|[from] brn\n|upkeep\n|\n|t:|1728129947\n|switch|p2b: Dondozo|Dondozo, L50, M|100\/100\n|switch|p2a: Tatsugiri|Tatsugiri, L50, F|100\/100\n|-activate|p2a: Tatsugiri|ability: Commander|[of] p2b: Dondozo\n|-boost|p2b: Dondozo|atk|2\n|-boost|p2b: Dondozo|spa|2\n|-boost|p2b: Dondozo|spe|2\n|-boost|p2b: Dondozo|def|2\n|-boost|p2b: Dondozo|spd|2\n|turn|3\n|inactive|Ragnerize has 30 seconds left.\n|\n|t:|1728129978\n|move|p2b: Dondozo|Order Up|p1a: Rillaboom\n|-damage|p1a: Rillaboom|48\/100 brn\n|-boost|p2b: Dondozo|atk|1\n|move|p1a: Rillaboom|U-turn|p2b: Dondozo\n|-damage|p2b: Dondozo|97\/100\n|\n|t:|1728129985\n|switch|p1a: Sneasler|Sneasler, L50, M|100\/100|[from] U-turn\n|-sideend|p1: Ragnerize|move: Toxic Spikes|[of] p1a: Sneasler\n|-enditem|p1a: Sneasler|Grassy Seed\n|-boost|p1a: Sneasler|def|1|[from] item: Grassy Seed\n|move|p1b: Ursaluna|Blood Moon|p2b: Dondozo\n|-damage|p2b: Dondozo|66\/100\n|\n|-heal|p2b: Dondozo|72\/100|[from] Grassy Terrain\n|-heal|p1b: Ursaluna|94\/100 psn|[from] Grassy Terrain\n|-damage|p1b: Ursaluna|82\/100 psn|[from] psn\n|upkeep\n|turn|4\n|\n|t:|1728130003\n|switch|p1a: Dondozo|Dondozo, L50, F|100\/100\n|switch|p1b: Rillaboom|Rillaboom, L50, F|48\/100 brn\n|move|p2b: Dondozo|Heavy Slam|p1a: Dondozo\n|-resisted|p1a: Dondozo\n|-damage|p1a: Dondozo|97\/100\n|\n|-heal|p2b: Dondozo|78\/100|[from] Grassy Terrain\n|-heal|p1b: Rillaboom|53\/100 brn|[from] Grassy Terrain\n|-heal|p1a: Dondozo|100\/100|[from] Grassy Terrain\n|-damage|p1b: Rillaboom|48\/100 brn|[from] brn\n|-sideend|p2: tatch_9|move: Tailwind\n|upkeep\n|turn|5\n|\n|t:|1728130021\n|move|p1b: Rillaboom|Fake Out|p2b: Dondozo\n|-damage|p2b: Dondozo|76\/100\n|cant|p2b: Dondozo|flinch\n|move|p1a: Dondozo|Yawn|p2b: Dondozo\n|-start|p2b: Dondozo|move: Yawn|[of] p1a: Dondozo\n|\n|-heal|p2b: Dondozo|82\/100|[from] Grassy Terrain\n|-heal|p1b: Rillaboom|53\/100 brn|[from] Grassy Terrain\n|-damage|p1b: Rillaboom|48\/100 brn|[from] brn\n|-fieldend|move: Grassy Terrain\n|upkeep\n|turn|6\n|\n|t:|1728130039\n|move|p2b: Dondozo|Order Up|p1b: Rillaboom\n|-damage|p1b: Rillaboom|0 fnt\n|faint|p1b: Rillaboom\n|-boost|p2b: Dondozo|atk|1\n|move|p1a: Dondozo|Fissure|p2b: Dondozo|[miss]\n|-miss|p1a: Dondozo|p2b: Dondozo\n|\n|-end|p2b: Dondozo|move: Yawn|[silent]\n|-status|p2b: Dondozo|slp\n|upkeep\n|\n|t:|1728130048\n|switch|p1b: Sneasler|Sneasler, L50, M|100\/100\n|turn|7\n|\n|t:|1728130054\n|move|p1b: Sneasler|Close Combat|p2b: Dondozo\n|-damage|p2b: Dondozo|59\/100 slp\n|-unboost|p1b: Sneasler|def|1\n|-unboost|p1b: Sneasler|spd|1\n|cant|p2b: Dondozo|slp\n|move|p1a: Dondozo|Fissure|p2b: Dondozo\n|-damage|p2b: Dondozo|0 fnt\n|faint|p2b: Dondozo\n|-ohko\n|\n|upkeep\n|turn|8\n|-message|tatch_9 forfeited.\n|\n|win|Ragnerize\n|raw|Ragnerize's rating: 1645 &rarr; <strong>1672<\/strong><br \/>(+27 for winning)\n|raw|tatch_9's rating: 1769 &rarr; <strong>1742<\/strong><br \/>(-27 for losing)\n|l|\u2606tatch_9\n|player|p2|\n|l|\u2606Ragnerize\n|player|p1|\n","uploadtime":1728130301,"views":19,"formatid":"gen9vgc2024regh","rating":1672,"private":0,"password":null}