{"id":"gen9vgc2024regh-2216691944","format":"[Gen 9] VGC 2024 Reg H","players":["N8NoDog","koji muranishi"],"log":"|j|\u2606N8NoDog\n|j|\u2606koji muranishi\n|t:|1728161501\n|gametype|doubles\n|player|p1|N8NoDog|archer|1677\n|player|p2|koji muranishi|266|1694\n|teamsize|p1|6\n|teamsize|p2|6\n|gen|9\n|tier|[Gen 9] VGC 2024 Reg H\n|rated|\n|rule|Species Clause: Limit one of each Pok\u00e9mon\n|rule|Item Clause: Limit 1 of each item\n|clearpoke\n|poke|p1|Primarina, L50, F|\n|poke|p1|Arcanine, L50, F|\n|poke|p1|Sneasler, L50, F|\n|poke|p1|Dragonite, L50, F|\n|poke|p1|Rillaboom, L50, M|\n|poke|p1|Gholdengo, L50|\n|poke|p2|Ursaluna-Bloodmoon, L50, M|\n|poke|p2|Ninetales-Alola, L50, F|\n|poke|p2|Baxcalibur, L50, M|\n|poke|p2|Archaludon, L50, F|\n|poke|p2|Pelipper, L50, M|\n|poke|p2|Whimsicott, L50, M|\n|teampreview|4\n|inactive|Battle timer is ON: inactive players will automatically lose when time's up. (requested by N8NoDog)\n|inactive|N8NoDog has 60 seconds left.\n|inactive|koji muranishi has 60 seconds left.\n|j| mrredslimy\n|inactive|N8NoDog has 30 seconds left.\n|inactive|N8NoDog has 20 seconds left.\n|\n|t:|1728161574\n|start\n|switch|p1a: Arcanine|Arcanine, L50, F|100\/100\n|switch|p1b: Sneasler|Sneasler, L50, F|100\/100\n|switch|p2a: Ninetales|Ninetales-Alola, L50, F|100\/100\n|switch|p2b: Baxcalibur|Baxcalibur, L50, M|100\/100\n|-weather|Snow|[from] ability: Snow Warning|[of] p2a: Ninetales\n|-ability|p1a: Arcanine|Intimidate|boost\n|-unboost|p2a: Ninetales|atk|1\n|-unboost|p2b: Baxcalibur|atk|1\n|turn|1\n|inactive|koji muranishi has 30 seconds left.\n|inactive|N8NoDog has 30 seconds left.\n|\n|t:|1728161612\n|move|p2a: Ninetales|Icy Wind|p1b: Sneasler|[spread] p1a,p1b\n|-resisted|p1a: Arcanine\n|-damage|p1a: Arcanine|90\/100\n|-damage|p1b: Sneasler|77\/100\n|-unboost|p1b: Sneasler|spe|1\n|move|p1a: Arcanine|Howl|p1a: Arcanine|[spread] p1a,p1b\n|-boost|p1a: Arcanine|atk|1\n|-boost|p1b: Sneasler|atk|1\n|move|p2b: Baxcalibur|High Horsepower|p1a: Arcanine\n|-supereffective|p1a: Arcanine\n|-damage|p1a: Arcanine|0 fnt\n|faint|p1a: Arcanine\n|move|p1b: Sneasler|Dire Claw|p2a: Ninetales\n|-supereffective|p2a: Ninetales\n|-damage|p2a: Ninetales|0 fnt\n|faint|p2a: Ninetales\n|\n|-weather|Snow|[upkeep]\n|upkeep\n|\n|t:|1728161631\n|switch|p2a: Whimsicott|Whimsicott, L50, M|100\/100\n|switch|p1a: Dragonite|Dragonite, L50, F|100\/100\n|turn|2\n|\n|t:|1728161654\n|move|p2a: Whimsicott|Protect|p2a: Whimsicott\n|-singleturn|p2a: Whimsicott|Protect\n|move|p2b: Baxcalibur|High Horsepower|p1b: Sneasler\n|-supereffective|p1b: Sneasler\n|-damage|p1b: Sneasler|0 fnt\n|faint|p1b: Sneasler\n|move|p1a: Dragonite|Scale Shot|p2b: Baxcalibur\n|-supereffective|p2b: Baxcalibur\n|-damage|p2b: Baxcalibur|81\/100\n|-supereffective|p2b: Baxcalibur\n|-damage|p2b: Baxcalibur|61\/100\n|-supereffective|p2b: Baxcalibur\n|-damage|p2b: Baxcalibur|41\/100\n|-supereffective|p2b: Baxcalibur\n|-damage|p2b: Baxcalibur|21\/100\n|-hitcount|p2b: Baxcalibur|4\n|-unboost|p1a: Dragonite|def|1\n|-boost|p1a: Dragonite|spe|1\n|\n|-weather|Snow|[upkeep]\n|upkeep\n|\n|t:|1728161662\n|switch|p1b: Gholdengo|Gholdengo, L50|100\/100\n|turn|3\n|inactive|N8NoDog has 30 seconds left.\n|inactive|N8NoDog has 20 seconds left.\n|inactive|N8NoDog has 15 seconds left.\n|inactive|N8NoDog has 10 seconds left.\n|\n|t:|1728161709\n|move|p1a: Dragonite|Protect|p1a: Dragonite\n|-singleturn|p1a: Dragonite|Protect\n|move|p2a: Whimsicott|Tailwind|p2a: Whimsicott\n|-sidestart|p2: koji muranishi|move: Tailwind\n|move|p2b: Baxcalibur|High Horsepower|p1b: Gholdengo\n|-supereffective|p1b: Gholdengo\n|-damage|p1b: Gholdengo|24\/100\n|move|p1b: Gholdengo|Make It Rain|p2a: Whimsicott|[spread] p2a,p2b\n|-supereffective|p2a: Whimsicott\n|-supereffective|p2b: Baxcalibur\n|-enditem|p2a: Whimsicott|Focus Sash\n|-damage|p2a: Whimsicott|1\/100\n|-damage|p2b: Baxcalibur|0 fnt\n|-unboost|p1b: Gholdengo|spa|1\n|faint|p2b: Baxcalibur\n|\n|-weather|Snow|[upkeep]\n|-heal|p1b: Gholdengo|30\/100|[from] item: Leftovers\n|upkeep\n|\n|t:|1728161728\n|switch|p2b: Ursaluna|Ursaluna-Bloodmoon, L50, M|100\/100\n|turn|4\n|\n|t:|1728161750\n|-terastallize|p2a: Whimsicott|Ghost\n|-terastallize|p1a: Dragonite|Flying\n|move|p1b: Gholdengo|Protect|p1b: Gholdengo\n|-singleturn|p1b: Gholdengo|Protect\n|move|p2a: Whimsicott|Moonblast|p1a: Dragonite\n|-damage|p1a: Dragonite|60\/100\n|move|p2b: Ursaluna|Earth Power|p1b: Gholdengo\n|-activate|p1b: Gholdengo|move: Protect\n|move|p1a: Dragonite|Tera Blast|p2a: Whimsicott|[anim] Tera Blast Flying\n|-damage|p2a: Whimsicott|0 fnt\n|faint|p2a: Whimsicott\n|\n|-weather|Snow|[upkeep]\n|-heal|p1b: Gholdengo|37\/100|[from] item: Leftovers\n|upkeep\n|turn|5\n|inactive|N8NoDog has 30 seconds left.\n|\n|t:|1728161777\n|move|p2b: Ursaluna|Earth Power|p1b: Gholdengo\n|-supereffective|p1b: Gholdengo\n|-damage|p1b: Gholdengo|0 fnt\n|faint|p1b: Gholdengo\n|-damage|p2b: Ursaluna|91\/100|[from] item: Life Orb\n|move|p1a: Dragonite|Scale Shot|p2b: Ursaluna\n|-damage|p2b: Ursaluna|79\/100\n|-damage|p2b: Ursaluna|65\/100\n|-damage|p2b: Ursaluna|52\/100\n|-damage|p2b: Ursaluna|40\/100\n|-hitcount|p2b: Ursaluna|4\n|-unboost|p1a: Dragonite|def|1\n|-boost|p1a: Dragonite|spe|1\n|\n|-weather|none\n|upkeep\n|turn|6\n|\n|t:|1728161794\n|move|p1a: Dragonite|Tera Blast|p2b: Ursaluna|[anim] Tera Blast Flying\n|-damage|p2b: Ursaluna|0 fnt\n|faint|p2b: Ursaluna\n|\n|win|N8NoDog\n|raw|N8NoDog's rating: 1677 &rarr; <strong>1698<\/strong><br \/>(+21 for winning)\n|raw|koji muranishi's rating: 1694 &rarr; <strong>1673<\/strong><br \/>(-21 for losing)\n|l| mrredslimy\n|l|\u2606N8NoDog\n|player|p1|\n|l|\u2606koji muranishi\n|player|p2|\n","uploadtime":1728161937,"views":16,"formatid":"gen9vgc2024regh","rating":1673,"private":0,"password":null}