{"id":"gen9vgc2024regh-2216277107","format":"[Gen 9] VGC 2024 Reg H","players":["grade a type b","winterbreak"],"log":"|j|\u2606grade a type b\n|j|\u2606winterbreak\n|t:|1728102790\n|gametype|doubles\n|player|p1|grade a type b|waiter-gen4dp|1772\n|player|p2|winterbreak|lucas-gen4pt|1869\n|teamsize|p1|6\n|teamsize|p2|6\n|gen|9\n|tier|[Gen 9] VGC 2024 Reg H\n|rated|\n|rule|Species Clause: Limit one of each Pok\u00e9mon\n|rule|Item Clause: Limit 1 of each item\n|clearpoke\n|poke|p1|Ursaluna-Bloodmoon, L50, M|\n|poke|p1|Primarina, L50, F|\n|poke|p1|Gholdengo, L50|\n|poke|p1|Whimsicott, L50, F|\n|poke|p1|Dragonite, L50, M|\n|poke|p1|Malamar, L50, M|\n|poke|p2|Serperior, L50, F|\n|poke|p2|Dragonite, L50, M|\n|poke|p2|Smeargle, L50, F|\n|poke|p2|Incineroar, L50, F|\n|poke|p2|Gholdengo, L50|\n|poke|p2|Ursaluna-Bloodmoon, L50, M|\n|teampreview|4\n|inactive|Battle timer is ON: inactive players will automatically lose when time's up. (requested by grade a type b)\n|inactive|winterbreak has 60 seconds left.\n|j| garonpappa\n|inactive|winterbreak has 30 seconds left.\n|\n|t:|1728102861\n|start\n|switch|p1a: EATING THE DOGS|Malamar, L50, M, shiny|100\/100\n|switch|p1b: CrazyNancyPelosi|Whimsicott, L50, F, shiny|100\/100\n|switch|p2a: Ursaluna|Ursaluna-Bloodmoon, L50, M|100\/100\n|switch|p2b: Smeargle|Smeargle, L50, F|100\/100\n|turn|1\n|inactive|grade a type b has 30 seconds left.\n|\n|t:|1728102891\n|-terastallize|p1a: EATING THE DOGS|Fighting\n|move|p2b: Smeargle|Burning Bulwark|p2b: Smeargle\n|-singleturn|p2b: Smeargle|move: Protect\n|move|p1b: CrazyNancyPelosi|Tailwind|p1b: CrazyNancyPelosi\n|-sidestart|p1: grade a type b|move: Tailwind\n|move|p1a: EATING THE DOGS|Superpower|p2a: Ursaluna\n|-supereffective|p2a: Ursaluna\n|-damage|p2a: Ursaluna|28\/100\n|-boost|p1a: EATING THE DOGS|atk|1\n|-boost|p1a: EATING THE DOGS|def|1\n|move|p2a: Ursaluna|Blood Moon|p1b: CrazyNancyPelosi\n|-damage|p1b: CrazyNancyPelosi|0 fnt\n|faint|p1b: CrazyNancyPelosi\n|\n|-ability|p2b: Smeargle|Moody|boost\n|-boost|p2b: Smeargle|def|2\n|-unboost|p2b: Smeargle|atk|1\n|upkeep\n|\n|t:|1728102913\n|switch|p1b: All Hail Trump!|Ursaluna-Bloodmoon, L50, M|100\/100\n|turn|2\n|l| garonpappa\n|inactive|winterbreak has 30 seconds left.\n|\n|t:|1728102946\n|move|p2b: Smeargle|Wide Guard|p2b: Smeargle\n|-singleturn|p2b: Smeargle|Wide Guard\n|move|p1b: All Hail Trump!|Hyper Voice|p2a: Ursaluna|[spread] \n|-activate|p2a: Ursaluna|move: Wide Guard\n|-activate|p2b: Smeargle|move: Wide Guard\n|move|p1a: EATING THE DOGS|Knock Off|p2b: Smeargle\n|-damage|p2b: Smeargle|42\/100\n|-enditem|p2b: Smeargle|Focus Sash|[from] move: Knock Off|[of] p1a: EATING THE DOGS\n|move|p2a: Ursaluna|Hyper Voice|p1b: All Hail Trump!|[spread] p1a,p1b\n|-damage|p1a: EATING THE DOGS|55\/100\n|-damage|p1b: All Hail Trump!|49\/100\n|\n|-ability|p2b: Smeargle|Moody|boost\n|-boost|p2b: Smeargle|atk|2\n|-unboost|p2b: Smeargle|spe|1\n|upkeep\n|turn|3\n|inactive|winterbreak has 30 seconds left.\n|\n|t:|1728102977\n|move|p2b: Smeargle|Wide Guard|p2b: Smeargle\n|-singleturn|p2b: Smeargle|Wide Guard\n|move|p2a: Ursaluna|Vacuum Wave|p1b: All Hail Trump!\n|-supereffective|p1b: All Hail Trump!\n|-damage|p1b: All Hail Trump!|6\/100\n|move|p1b: All Hail Trump!|Earth Power|p2b: Smeargle\n|-damage|p2b: Smeargle|0 fnt\n|faint|p2b: Smeargle\n|-damage|p1b: All Hail Trump!|0 fnt|[from] item: Life Orb\n|faint|p1b: All Hail Trump!\n|move|p1a: EATING THE DOGS|Superpower|p2a: Ursaluna\n|-supereffective|p2a: Ursaluna\n|-damage|p2a: Ursaluna|0 fnt\n|-boost|p1a: EATING THE DOGS|atk|1\n|-boost|p1a: EATING THE DOGS|def|1\n|faint|p2a: Ursaluna\n|\n|upkeep\n|\n|t:|1728102989\n|switch|p2b: Incineroar|Incineroar, L50, F|100\/100\n|switch|p1b: Liberal Tears|Primarina, L50, F, shiny|100\/100\n|switch|p2a: Dragonite|Dragonite, L50, M|100\/100\n|-ability|p2b: Incineroar|Intimidate|boost\n|-boost|p1a: EATING THE DOGS|atk|1\n|-unboost|p1b: Liberal Tears|atk|1\n|turn|4\n|\n|t:|1728103005\n|-terastallize|p2a: Dragonite|Flying\n|move|p2b: Incineroar|Fake Out|p1a: EATING THE DOGS\n|-damage|p1a: EATING THE DOGS|49\/100\n|move|p1b: Liberal Tears|Hyper Voice|p2a: Dragonite|[spread] p2a,p2b\n|-supereffective|p2b: Incineroar\n|-damage|p2a: Dragonite|82\/100\n|-damage|p2b: Incineroar|47\/100\n|-enditem|p2b: Incineroar|Sitrus Berry|[eat]\n|-heal|p2b: Incineroar|72\/100|[from] item: Sitrus Berry\n|-enditem|p1b: Liberal Tears|Throat Spray\n|-boost|p1b: Liberal Tears|spa|1|[from] item: Throat Spray\n|cant|p1a: EATING THE DOGS|flinch\n|move|p2a: Dragonite|Dragon Dance|p2a: Dragonite\n|-boost|p2a: Dragonite|atk|1\n|-boost|p2a: Dragonite|spe|1\n|\n|-sideend|p1: grade a type b|move: Tailwind\n|upkeep\n|turn|5\n|\n|t:|1728103024\n|move|p2a: Dragonite|Tera Blast|p1a: EATING THE DOGS|[anim] Tera Blast Flying\n|-supereffective|p1a: EATING THE DOGS\n|-damage|p1a: EATING THE DOGS|0 fnt\n|faint|p1a: EATING THE DOGS\n|move|p1b: Liberal Tears|Moonblast|p2a: Dragonite\n|-damage|p2a: Dragonite|2\/100\n|move|p2b: Incineroar|Parting Shot|p1b: Liberal Tears\n|-unboost|p1b: Liberal Tears|atk|1\n|-unboost|p1b: Liberal Tears|spa|1\n|\n|upkeep\n|turn|6\n|\n|t:|1728103037\n|move|p2a: Dragonite|Tera Blast|p1b: Liberal Tears|[anim] Tera Blast Flying\n|-damage|p1b: Liberal Tears|0 fnt\n|faint|p1b: Liberal Tears\n|\n|win|winterbreak\n|raw|grade a type b's rating: 1772 &rarr; <strong>1757<\/strong><br \/>(-15 for losing)\n|raw|winterbreak's rating: 1869 &rarr; <strong>1884<\/strong><br \/>(+15 for winning)\n|l|\u2606grade a type b\n|player|p1|\n|l|\u2606winterbreak\n|player|p2|\n|j| garonpappa\n|l| garonpappa\n","uploadtime":1728103282,"views":71,"formatid":"gen9vgc2024regh","rating":1757,"private":0,"password":null}