{"id":"gen9vgc2024regh-2216267109","format":"[Gen 9] VGC 2024 Reg H","players":["something123","grade a type b"],"log":"|j|\u2606something123\n|j|\u2606grade a type b\n|t:|1728101274\n|gametype|doubles\n|player|p1|something123|266|1676\n|player|p2|grade a type b|waiter-gen4dp|1871\n|teamsize|p1|6\n|teamsize|p2|6\n|gen|9\n|tier|[Gen 9] VGC 2024 Reg H\n|rated|\n|rule|Species Clause: Limit one of each Pok\u00e9mon\n|rule|Item Clause: Limit 1 of each item\n|clearpoke\n|poke|p1|Kingambit, L50, F|\n|poke|p1|Sneasler, L50, F|\n|poke|p1|Rillaboom, L50, F|\n|poke|p1|Primarina, L50, M|\n|poke|p1|Electabuzz, L50, M|\n|poke|p1|Ninetales-Alola, L50, F|\n|poke|p2|Ursaluna-Bloodmoon, L50, M|\n|poke|p2|Primarina, L50, F|\n|poke|p2|Gholdengo, L50|\n|poke|p2|Whimsicott, L50, F|\n|poke|p2|Dragonite, L50, M|\n|poke|p2|Malamar, L50, M|\n|teampreview|4\n|inactive|Battle timer is ON: inactive players will automatically lose when time's up. (requested by grade a type b)\n|j| Ms wilson vgc\n|inactive|something123 has 60 seconds left.\n|inactive|grade a type b has 60 seconds left.\n|j| Stempe\n|inactive|something123 has 30 seconds left.\n|inactive|grade a type b has 30 seconds left.\n|inactive|something123 has 20 seconds left.\n|inactive|grade a type b has 20 seconds left.\n|inactive|something123 has 15 seconds left.\n|inactive|grade a type b has 15 seconds left.\n|\n|t:|1728101354\n|start\n|switch|p1a: Ninetales|Ninetales-Alola, L50, F|100\/100\n|switch|p1b: Sneasler|Sneasler, L50, F|100\/100\n|switch|p2a: CrazyNancyPelosi|Whimsicott, L50, F, shiny|100\/100\n|switch|p2b: EATING THE DOGS|Malamar, L50, M, shiny|100\/100\n|-weather|Snow|[from] ability: Snow Warning|[of] p1a: Ninetales\n|turn|1\n|inactive|grade a type b has 30 seconds left.\n|inactive|grade a type b has 20 seconds left.\n|\n|t:|1728101391\n|switch|p2b: BLM SCAM BIGGER|Gholdengo, L50|100\/100\n|-terastallize|p2a: CrazyNancyPelosi|Water\n|move|p2a: CrazyNancyPelosi|Sunny Day|p2a: CrazyNancyPelosi\n|-weather|SunnyDay\n|move|p1a: Ninetales|Blizzard|p2a: CrazyNancyPelosi|[spread] p2a,p2b\n|-resisted|p2a: CrazyNancyPelosi\n|-resisted|p2b: BLM SCAM BIGGER\n|-damage|p2a: CrazyNancyPelosi|81\/100\n|-damage|p2b: BLM SCAM BIGGER|83\/100\n|move|p1b: Sneasler|Swords Dance|p1b: Sneasler\n|-boost|p1b: Sneasler|atk|2\n|\n|-weather|SunnyDay|[upkeep]\n|upkeep\n|turn|2\n|\n|t:|1728101407\n|switch|p1b: Kingambit|Kingambit, L50, F|100\/100\n|move|p2a: CrazyNancyPelosi|Encore|p1b: Kingambit\n|-hint|Since gen 7, Dark is immune to Prankster moves.\n|-immune|p1b: Kingambit\n|move|p1a: Ninetales|Freeze-Dry|p2a: CrazyNancyPelosi\n|-supereffective|p2a: CrazyNancyPelosi\n|-damage|p2a: CrazyNancyPelosi|11\/100\n|move|p2b: BLM SCAM BIGGER|Make It Rain|p1a: Ninetales|[spread] p1a,p1b\n|-supereffective|p1a: Ninetales\n|-resisted|p1b: Kingambit\n|-enditem|p1a: Ninetales|Focus Sash\n|-damage|p1a: Ninetales|1\/100\n|-damage|p1b: Kingambit|60\/100\n|-unboost|p2b: BLM SCAM BIGGER|spa|1\n|\n|-weather|SunnyDay|[upkeep]\n|upkeep\n|turn|3\n|j| LudocyelZ\n|j| garonpappa\n|inactive|something123 has 30 seconds left.\n|inactive|something123 has 20 seconds left.\n|inactive|something123 has 15 seconds left.\n|inactive|something123 has 10 seconds left.\n|inactive|something123 has 5 seconds left.\n|\n|t:|1728101459\n|switch|p1a: Rillaboom|Rillaboom, L50, F|100\/100\n|-fieldstart|move: Grassy Terrain|[from] ability: Grassy Surge|[of] p1a: Rillaboom\n|switch|p2b: EATING THE DOGS|Malamar, L50, M, shiny|100\/100\n|move|p2a: CrazyNancyPelosi|Tailwind|p2a: CrazyNancyPelosi\n|-sidestart|p2: grade a type b|move: Tailwind\n|move|p1b: Kingambit|Kowtow Cleave|p2b: EATING THE DOGS\n|-crit|p2b: EATING THE DOGS\n|-damage|p2b: EATING THE DOGS|1\/100\n|\n|-weather|SunnyDay|[upkeep]\n|-heal|p2a: CrazyNancyPelosi|17\/100|[from] Grassy Terrain\n|-heal|p2b: EATING THE DOGS|7\/100|[from] Grassy Terrain\n|-heal|p1b: Kingambit|66\/100|[from] Grassy Terrain\n|upkeep\n|turn|4\n|\n|t:|1728101477\n|move|p1a: Rillaboom|Grassy Glide|p2b: EATING THE DOGS\n|-damage|p2b: EATING THE DOGS|0 fnt\n|faint|p2b: EATING THE DOGS\n|move|p2a: CrazyNancyPelosi|Moonblast|p1b: Kingambit\n|-damage|p1b: Kingambit|38\/100\n|move|p1b: Kingambit|Kowtow Cleave|p2a: CrazyNancyPelosi\n|-damage|p2a: CrazyNancyPelosi|0 fnt\n|faint|p2a: CrazyNancyPelosi\n|\n|-weather|SunnyDay|[upkeep]\n|-heal|p1b: Kingambit|43\/100|[from] Grassy Terrain\n|upkeep\n|\n|t:|1728101481\n|switch|p2a: All Hail Trump!|Ursaluna-Bloodmoon, L50, M|100\/100\n|switch|p2b: BLM SCAM BIGGER|Gholdengo, L50|83\/100\n|turn|5\n|\n|t:|1728101492\n|move|p1b: Kingambit|Sucker Punch|p2b: BLM SCAM BIGGER\n|-supereffective|p2b: BLM SCAM BIGGER\n|-damage|p2b: BLM SCAM BIGGER|0 fnt\n|faint|p2b: BLM SCAM BIGGER\n|move|p2a: All Hail Trump!|Blood Moon|p1a: Rillaboom\n|-damage|p1a: Rillaboom|34\/100\n|-damage|p2a: All Hail Trump!|91\/100|[from] item: Life Orb\n|move|p1a: Rillaboom|Wood Hammer|p2a: All Hail Trump!\n|-supereffective|p2a: All Hail Trump!\n|-damage|p2a: All Hail Trump!|0 fnt\n|faint|p2a: All Hail Trump!\n|-damage|p1a: Rillaboom|7\/100|[from] Recoil\n|\n|win|something123\n|raw|something123's rating: 1676 &rarr; <strong>1706<\/strong><br \/>(+30 for winning)\n|raw|grade a type b's rating: 1871 &rarr; <strong>1841<\/strong><br \/>(-30 for losing)\n|l|\u2606grade a type b\n|player|p2|\n|l| Stempe\n|l| LudocyelZ\n","uploadtime":1728101637,"views":17,"formatid":"gen9vgc2024regh","rating":1706,"private":0,"password":null}