{"id":"gen9vgc2024regh-2216379514","format":"[Gen 9] VGC 2024 Reg H","players":["something123","vincy18"],"log":"|j|\u2606something123\n|j|\u2606vincy18\n|t:|1728122340\n|gametype|doubles\n|player|p1|something123|265|1752\n|player|p2|vincy18|will|1697\n|teamsize|p1|6\n|teamsize|p2|6\n|gen|9\n|tier|[Gen 9] VGC 2024 Reg H\n|rated|\n|rule|Species Clause: Limit one of each Pok\u00e9mon\n|rule|Item Clause: Limit 1 of each item\n|clearpoke\n|poke|p1|Kingambit, L50, M|\n|poke|p1|Sneasler, L50, M|\n|poke|p1|Rillaboom, L50, F|\n|poke|p1|Primarina, L50, M|\n|poke|p1|Electabuzz, L50, M|\n|poke|p1|Ninetales-Alola, L50, F|\n|poke|p2|Sneasler, L50, M|\n|poke|p2|Indeedee, L50, M|\n|poke|p2|Delphox, L50, M|\n|poke|p2|Dragapult, L50, M|\n|poke|p2|Maushold-Four, L50|\n|poke|p2|Murkrow, L50, M|\n|teampreview|4\n|inactive|Battle timer is ON: inactive players will automatically lose when time's up. (requested by vincy18)\n|\n|t:|1728122385\n|start\n|switch|p1a: Primarina|Primarina, L50, M|100\/100\n|switch|p1b: Electabuzz|Electabuzz, L50, M|100\/100\n|switch|p2a: Delphox|Delphox, L50, M, shiny|100\/100\n|switch|p2b: Maushold|Maushold-Four, L50|100\/100\n|turn|1\n|\n|t:|1728122404\n|-terastallize|p1b: Electabuzz|Ghost\n|move|p2a: Delphox|Protect|p2a: Delphox\n|-singleturn|p2a: Delphox|Protect\n|move|p1b: Electabuzz|Follow Me|p1b: Electabuzz\n|-singleturn|p1b: Electabuzz|move: Follow Me\n|move|p2b: Maushold|Population Bomb|p1b: Electabuzz\n|-immune|p1b: Electabuzz\n|move|p1a: Primarina|Hyper Voice|p2a: Delphox|[spread] p2b\n|-activate|p2a: Delphox|move: Protect\n|-damage|p2b: Maushold|47\/100\n|\n|upkeep\n|turn|2\n|inactive|vincy18 has 30 seconds left.\n|inactive|vincy18 has 20 seconds left.\n|inactive|vincy18 has 15 seconds left.\n|inactive|vincy18 has 10 seconds left.\n|\n|t:|1728122450\n|move|p2b: Maushold|Protect|p2b: Maushold\n|-singleturn|p2b: Maushold|Protect\n|move|p1b: Electabuzz|Follow Me|p1b: Electabuzz\n|-singleturn|p1b: Electabuzz|move: Follow Me\n|move|p2a: Delphox|Overheat|p1b: Electabuzz|[miss]\n|-miss|p2a: Delphox|p1b: Electabuzz\n|move|p1a: Primarina|Hyper Voice|p2b: Maushold|[spread] p2a\n|-activate|p2b: Maushold|move: Protect\n|-supereffective|p2a: Delphox\n|-damage|p2a: Delphox|20\/100\n|\n|upkeep\n|turn|3\n|\n|t:|1728122467\n|move|p1b: Electabuzz|Follow Me|p1b: Electabuzz\n|-singleturn|p1b: Electabuzz|move: Follow Me\n|move|p2b: Maushold|Taunt|p1b: Electabuzz\n|-start|p1b: Electabuzz|move: Taunt\n|move|p2a: Delphox|Overheat|p1b: Electabuzz\n|-damage|p1b: Electabuzz|3\/100\n|-unboost|p2a: Delphox|spa|2\n|-damage|p2a: Delphox|10\/100|[from] item: Life Orb\n|move|p1a: Primarina|Hyper Voice|p2b: Maushold|[spread] p2a,p2b\n|-supereffective|p2a: Delphox\n|-damage|p2a: Delphox|0 fnt\n|-damage|p2b: Maushold|0 fnt\n|faint|p2a: Delphox\n|faint|p2b: Maushold\n|\n|upkeep\n|j| Mattia non\n|\n|t:|1728122477\n|switch|p2b: Sneasler|Sneasler, L50, M, shiny|100\/100\n|switch|p2a: Indeedee|Indeedee, L50, M|100\/100\n|-fieldstart|move: Psychic Terrain|[from] ability: Psychic Surge|[of] p2a: Indeedee\n|-enditem|p2b: Sneasler|Psychic Seed\n|-boost|p2b: Sneasler|spd|1|[from] item: Psychic Seed\n|turn|4\n|l| Mattia non\n|\n|t:|1728122501\n|move|p1a: Primarina|Protect|p1a: Primarina\n|-singleturn|p1a: Primarina|Protect\n|move|p2b: Sneasler|Dire Claw|p1a: Primarina\n|-activate|p1a: Primarina|move: Protect\n|move|p1b: Electabuzz|Thunderbolt|p2a: Indeedee\n|-damage|p2a: Indeedee|60\/100\n|move|p2a: Indeedee|Expanding Force|p1b: Electabuzz|[spread] p1b\n|-activate|p1a: Primarina|move: Protect\n|-damage|p1b: Electabuzz|0 fnt\n|faint|p1b: Electabuzz\n|\n|upkeep\n|\n|t:|1728122524\n|switch|p1b: Rillaboom|Rillaboom, L50, F|100\/100\n|-fieldstart|move: Grassy Terrain|[from] ability: Grassy Surge|[of] p1b: Rillaboom\n|turn|5\n|\n|t:|1728122542\n|move|p2b: Sneasler|Protect|p2b: Sneasler\n|-singleturn|p2b: Sneasler|Protect\n|move|p1b: Rillaboom|Fake Out|p2b: Sneasler\n|-activate|p2b: Sneasler|move: Protect\n|move|p2a: Indeedee|Expanding Force|p1a: Primarina\n|-damage|p1a: Primarina|69\/100\n|move|p1a: Primarina|Hyper Voice|p2b: Sneasler|[spread] p2a\n|-activate|p2b: Sneasler|move: Protect\n|-damage|p2a: Indeedee|12\/100\n|\n|-heal|p2a: Indeedee|18\/100|[from] Grassy Terrain\n|-heal|p1a: Primarina|75\/100|[from] Grassy Terrain\n|upkeep\n|turn|6\n|l|\u2606vincy18\n|inactive|vincy18 disconnected and has a minute to reconnect!\n|player|p2|\n|inactive|vincy18 has 30 seconds left.\n|inactive|vincy18 has 20 seconds left.\n|inactive|vincy18 has 15 seconds left.\n|inactive|vincy18 has 10 seconds left.\n|inactive|vincy18 has 5 seconds left.\n|-message|vincy18 lost due to inactivity.\n|\n|win|something123\n|raw|something123's rating: 1752 &rarr; <strong>1769<\/strong><br \/>(+17 for winning)\n|raw|vincy18's rating: 1697 &rarr; <strong>1680<\/strong><br \/>(-17 for losing)\n","uploadtime":1728122741,"views":21,"formatid":"gen9vgc2024regh","rating":1680,"private":0,"password":null}