{"id":"gen9vgc2024regh-2216392862","format":"[Gen 9] VGC 2024 Reg H","players":["tatch_9","tyuiop112"],"log":"|j|\u2606tatch_9\n|j|\u2606tyuiop112\n|t:|1728124854\n|gametype|doubles\n|player|p1|tatch_9|102|1817\n|player|p2|tyuiop112|linebacker|1948\n|teamsize|p1|6\n|teamsize|p2|6\n|gen|9\n|tier|[Gen 9] VGC 2024 Reg H\n|rated|\n|rule|Species Clause: Limit one of each Pok\u00e9mon\n|rule|Item Clause: Limit 1 of each item\n|clearpoke\n|poke|p1|Volcarona, L50, F|\n|poke|p1|Indeedee, L50, M|\n|poke|p1|Sneasler, L50, M|\n|poke|p1|Tatsugiri, L50, F|\n|poke|p1|Dondozo, L50, M|\n|poke|p1|Glimmora, L50, M|\n|poke|p2|Dragonite, L50, M|\n|poke|p2|Archaludon, L50, F|\n|poke|p2|Milotic, L50, F|\n|poke|p2|Rillaboom, L50, F|\n|poke|p2|Blaziken, L50, F|\n|poke|p2|Annihilape, L50, F|\n|teampreview|4\n|inactive|Battle timer is ON: inactive players will automatically lose when time's up. (requested by tatch_9)\n|j| LudocyelZ\n|\n|t:|1728124874\n|start\n|switch|p1a: Indeedee|Indeedee, L50, M|100\/100\n|switch|p1b: Sneasler|Sneasler, L50, M|100\/100\n|switch|p2a: Dragonite|Dragonite, L50, M|100\/100\n|switch|p2b: Archaludon|Archaludon, L50, F|100\/100\n|-fieldstart|move: Psychic Terrain|[from] ability: Psychic Surge|[of] p1a: Indeedee\n|-enditem|p1b: Sneasler|Psychic Seed\n|-boost|p1b: Sneasler|spd|1|[from] item: Psychic Seed\n|turn|1\n|\n|t:|1728124886\n|move|p1b: Sneasler|Dire Claw|p2a: Dragonite\n|-damage|p2a: Dragonite|76\/100\n|move|p1a: Indeedee|Expanding Force|p2a: Dragonite|[spread] p2a,p2b\n|-resisted|p2b: Archaludon\n|-damage|p2a: Dragonite|23\/100\n|-damage|p2b: Archaludon|63\/100\n|move|p2b: Archaludon|Electro Shot||[still]\n|-prepare|p2b: Archaludon|Electro Shot\n|-boost|p2b: Archaludon|spa|1\n|-enditem|p2b: Archaludon|Power Herb\n|-anim|p2b: Archaludon|Electro Shot|p1b: Sneasler\n|-damage|p1b: Sneasler|37\/100\n|move|p2a: Dragonite|Scale Shot|p1a: Indeedee\n|-damage|p1a: Indeedee|72\/100\n|-damage|p1a: Indeedee|46\/100\n|-damage|p1a: Indeedee|18\/100\n|-crit|p1a: Indeedee\n|-damage|p1a: Indeedee|0 fnt\n|faint|p1a: Indeedee\n|-hitcount|p1: Indeedee|4\n|-unboost|p2a: Dragonite|def|1\n|-boost|p2a: Dragonite|spe|1\n|\n|upkeep\n|\n|t:|1728124911\n|switch|p1a: Tatsugiri|Tatsugiri, L50, F|100\/100\n|turn|2\n|\n|t:|1728124923\n|move|p1b: Sneasler|Dire Claw|p2a: Dragonite\n|-damage|p2a: Dragonite|0 fnt\n|faint|p2a: Dragonite\n|move|p1a: Tatsugiri|Draco Meteor|p2b: Archaludon\n|-damage|p2b: Archaludon|0 fnt\n|-unboost|p1a: Tatsugiri|spa|2\n|faint|p2b: Archaludon\n|\n|upkeep\n|\n|t:|1728124931\n|switch|p2b: Milotic|Milotic, L50, F|100\/100\n|switch|p2a: Rillaboom|Rillaboom, L50, F|100\/100\n|-fieldstart|move: Grassy Terrain|[from] ability: Grassy Surge|[of] p2a: Rillaboom\n|turn|3\n|\n|t:|1728124941\n|switch|p1b: Dondozo|Dondozo, L50, M|100\/100\n|-activate|p1a: Tatsugiri|ability: Commander|[of] p1b: Dondozo\n|-boost|p1b: Dondozo|atk|2\n|-boost|p1b: Dondozo|spa|2\n|-boost|p1b: Dondozo|spe|2\n|-boost|p1b: Dondozo|def|2\n|-boost|p1b: Dondozo|spd|2\n|move|p2a: Rillaboom|Fake Out|p1b: Dondozo\n|-damage|p1b: Dondozo|96\/100\n|move|p2b: Milotic|Icy Wind|p1b: Dondozo|[spread] p1b\n|-miss|p2b: Milotic|p1a: Tatsugiri\n|-resisted|p1b: Dondozo\n|-damage|p1b: Dondozo|94\/100\n|-unboost|p1b: Dondozo|spe|1\n|\n|-heal|p1b: Dondozo|99\/100|[from] Grassy Terrain\n|upkeep\n|turn|4\n|\n|t:|1728124961\n|-terastallize|p1b: Dondozo|Steel\n|move|p2a: Rillaboom|Wood Hammer|p1b: Dondozo\n|-resisted|p1b: Dondozo\n|-damage|p1b: Dondozo|88\/100\n|-damage|p2a: Rillaboom|96\/100|[from] Recoil\n|move|p2b: Milotic|Icy Wind|p1a: Tatsugiri|[spread] p1b\n|-miss|p2b: Milotic|p1a: Tatsugiri\n|-resisted|p1b: Dondozo\n|-damage|p1b: Dondozo|87\/100\n|-unboost|p1b: Dondozo|spe|1\n|move|p1b: Dondozo|Heavy Slam|p2a: Rillaboom\n|-damage|p2a: Rillaboom|47\/100\n|\n|-heal|p2a: Rillaboom|53\/100|[from] Grassy Terrain\n|-heal|p1b: Dondozo|92\/100|[from] Grassy Terrain\n|upkeep\n|turn|5\n|\n|t:|1728124975\n|move|p2a: Rillaboom|High Horsepower|p1b: Dondozo\n|-supereffective|p1b: Dondozo\n|-damage|p1b: Dondozo|70\/100\n|move|p2b: Milotic|Haze|p2b: Milotic\n|-clearallboost\n|move|p1b: Dondozo|Order Up|p2a: Rillaboom\n|-damage|p2a: Rillaboom|30\/100\n|-boost|p1b: Dondozo|atk|1\n|\n|-heal|p2a: Rillaboom|36\/100|[from] Grassy Terrain\n|-heal|p1b: Dondozo|76\/100|[from] Grassy Terrain\n|upkeep\n|turn|6\n|\n|t:|1728124989\n|move|p2a: Rillaboom|High Horsepower|p1b: Dondozo|[miss]\n|-miss|p2a: Rillaboom|p1b: Dondozo\n|move|p2b: Milotic|Scald|p1b: Dondozo\n|-damage|p1b: Dondozo|55\/100\n|-status|p1b: Dondozo|brn\n|move|p1b: Dondozo|Heavy Slam|p2a: Rillaboom\n|-damage|p2a: Rillaboom|18\/100\n|\n|-heal|p2a: Rillaboom|24\/100|[from] Grassy Terrain\n|-heal|p1b: Dondozo|61\/100 brn|[from] Grassy Terrain\n|-damage|p1b: Dondozo|55\/100 brn|[from] brn\n|upkeep\n|turn|7\n|\n|t:|1728125003\n|move|p2a: Rillaboom|High Horsepower|p1b: Dondozo\n|-supereffective|p1b: Dondozo\n|-damage|p1b: Dondozo|10\/100 brn\n|move|p2b: Milotic|Scald|p1b: Dondozo\n|-damage|p1b: Dondozo|0 fnt\n|faint|p1b: Dondozo\n|\n|-heal|p2a: Rillaboom|31\/100|[from] Grassy Terrain\n|-fieldend|move: Grassy Terrain\n|upkeep\n|\n|t:|1728125006\n|switch|p1b: Sneasler|Sneasler, L50, M|37\/100\n|turn|8\n|\n|t:|1728125024\n|move|p1b: Sneasler|Protect|p1b: Sneasler\n|-singleturn|p1b: Sneasler|Protect\n|move|p1a: Tatsugiri|Draco Meteor|p2a: Rillaboom|[miss]\n|-miss|p1a: Tatsugiri|p2a: Rillaboom\n|move|p2a: Rillaboom|Wood Hammer|p1a: Tatsugiri\n|-damage|p1a: Tatsugiri|0 fnt\n|faint|p1a: Tatsugiri\n|-damage|p2a: Rillaboom|6\/100|[from] Recoil\n|move|p2b: Milotic|Icy Wind|p1b: Sneasler\n|-activate|p1b: Sneasler|move: Protect\n|\n|upkeep\n|turn|9\n|c|\u2606tatch_9|Lol\n|\n|t:|1728125037\n|move|p1b: Sneasler|Dire Claw|p2a: Rillaboom\n|-supereffective|p2a: Rillaboom\n|-damage|p2a: Rillaboom|0 fnt\n|faint|p2a: Rillaboom\n|move|p2b: Milotic|Scald|p1b: Sneasler\n|-damage|p1b: Sneasler|0 fnt\n|faint|p1b: Sneasler\n|\n|win|tyuiop112\n|raw|tatch_9's rating: 1817 &rarr; <strong>1804<\/strong><br \/>(-13 for losing)\n|raw|tyuiop112's rating: 1948 &rarr; <strong>1961<\/strong><br \/>(+13 for winning)\n|l|\u2606tatch_9\n|player|p1|\n|l|\u2606tyuiop112\n|player|p2|\n|l| LudocyelZ\n","uploadtime":1728125250,"views":153,"formatid":"gen9vgc2024regh","rating":1804,"private":0,"password":null}