{"id":"gen9vgc2024regh-2216245556","format":"[Gen 9] VGC 2024 Reg H","players":["mezobasha","Bahamate"],"log":"|j|\u2606mezobasha\n|j|\u2606Bahamate\n|t:|1728098229\n|gametype|doubles\n|player|p1|mezobasha|1|1734\n|player|p2|Bahamate|grimsley|1667\n|teamsize|p1|6\n|teamsize|p2|6\n|gen|9\n|tier|[Gen 9] VGC 2024 Reg H\n|rated|\n|rule|Species Clause: Limit one of each Pok\u00e9mon\n|rule|Item Clause: Limit 1 of each item\n|clearpoke\n|poke|p1|Armarouge, L50, F|\n|poke|p1|Indeedee-F, L50, F|\n|poke|p1|Ursaluna, L50, M|\n|poke|p1|Gallade, L50, M|\n|poke|p1|Torkoal, L50, M|\n|poke|p1|Lilligant-Hisui, L50, F|\n|poke|p2|Ceruledge, L50, F|\n|poke|p2|Grimmsnarl, L50, M|\n|poke|p2|Rillaboom, L50, F|\n|poke|p2|Gholdengo, L50|\n|poke|p2|Ursaluna-Bloodmoon, L50, M|\n|poke|p2|Annihilape, L50, F|\n|teampreview|4\n|inactive|Battle timer is ON: inactive players will automatically lose when time's up. (requested by mezobasha)\n|inactive|mezobasha has 60 seconds left.\n|\n|t:|1728098266\n|start\n|switch|p1a: Indeedee|Indeedee-F, L50, F|100\/100\n|switch|p1b: Armarouge|Armarouge, L50, F|100\/100\n|switch|p2a: Grimmsnarl|Grimmsnarl, L50, M, shiny|100\/100\n|switch|p2b: Ursaluna|Ursaluna-Bloodmoon, L50, M|100\/100\n|-fieldstart|move: Psychic Terrain|[from] ability: Psychic Surge|[of] p1a: Indeedee\n|-enditem|p1a: Indeedee|Psychic Seed\n|-boost|p1a: Indeedee|spd|1|[from] item: Psychic Seed\n|turn|1\n|inactive|Bahamate has 30 seconds left.\n|\n|t:|1728098292\n|-terastallize|p1b: Armarouge|Grass\n|move|p2a: Grimmsnarl|Light Screen|p2a: Grimmsnarl\n|-sidestart|p2: Bahamate|move: Light Screen\n|move|p2b: Ursaluna|Hyper Voice|p1a: Indeedee|[spread] p1a,p1b\n|-damage|p1a: Indeedee|68\/100\n|-damage|p1b: Armarouge|48\/100\n|-damage|p2b: Ursaluna|91\/100|[from] item: Life Orb\n|move|p1b: Armarouge|Expanding Force|p2a: Grimmsnarl|[spread] p2b\n|-immune|p2a: Grimmsnarl\n|-crit|p2b: Ursaluna\n|-damage|p2b: Ursaluna|0 fnt\n|faint|p2b: Ursaluna\n|-damage|p1b: Armarouge|39\/100|[from] item: Life Orb\n|move|p1a: Indeedee|Trick Room|p1a: Indeedee\n|-fieldstart|move: Trick Room|[of] p1a: Indeedee\n|\n|upkeep\n|\n|t:|1728098305\n|switch|p2b: Rillaboom|Rillaboom, L50, F|100\/100\n|-fieldstart|move: Grassy Terrain|[from] ability: Grassy Surge|[of] p2b: Rillaboom\n|turn|2\n|j| vmars\n|\n|t:|1728098322\n|switch|p1a: Ursaluna|Ursaluna, L50, M|100\/100\n|switch|p2b: Ceruledge|Ceruledge, L50, F, shiny|100\/100\n|move|p1b: Armarouge|Protect|p1b: Armarouge\n|-singleturn|p1b: Armarouge|Protect\n|move|p2a: Grimmsnarl|Spirit Break|p1a: Ursaluna\n|-damage|p1a: Ursaluna|80\/100\n|-unboost|p1a: Ursaluna|spa|1\n|\n|-heal|p1a: Ursaluna|86\/100|[from] Grassy Terrain\n|-heal|p1b: Armarouge|44\/100|[from] Grassy Terrain\n|-status|p1a: Ursaluna|brn|[from] item: Flame Orb\n|upkeep\n|turn|3\n|inactive|mezobasha has 30 seconds left.\n|inactive|mezobasha has 20 seconds left.\n|inactive|mezobasha has 15 seconds left.\n|\n|t:|1728098364\n|switch|p1b: Torkoal|Torkoal, L50, M|100\/100\n|-weather|SunnyDay|[from] ability: Drought|[of] p1b: Torkoal\n|-terastallize|p2b: Ceruledge|Grass\n|move|p2a: Grimmsnarl|Reflect|p2a: Grimmsnarl\n|-sidestart|p2: Bahamate|Reflect\n|move|p1a: Ursaluna|Headlong Rush|p2b: Ceruledge\n|-resisted|p2b: Ceruledge\n|-damage|p2b: Ceruledge|62\/100\n|-unboost|p1a: Ursaluna|def|1\n|-unboost|p1a: Ursaluna|spd|1\n|move|p2b: Ceruledge|Tera Blast|p1a: Ursaluna|[anim] Tera Blast Grass\n|-supereffective|p1a: Ursaluna\n|-damage|p1a: Ursaluna|0 fnt\n|faint|p1a: Ursaluna\n|\n|-weather|SunnyDay|[upkeep]\n|-heal|p2b: Ceruledge|68\/100|[from] Grassy Terrain\n|upkeep\n|j| mr pogostick\n|\n|t:|1728098380\n|switch|p1a: Armarouge|Armarouge, L50, F, tera:Grass|44\/100\n|turn|4\n|\n|t:|1728098394\n|move|p1b: Torkoal|Earth Power|p2b: Ceruledge\n|-resisted|p2b: Ceruledge\n|-damage|p2b: Ceruledge|63\/100\n|move|p1a: Armarouge|Expanding Force|p2b: Ceruledge\n|-damage|p2b: Ceruledge|38\/100\n|-damage|p1a: Armarouge|35\/100|[from] item: Life Orb\n|move|p2a: Grimmsnarl|Spirit Break|p1a: Armarouge\n|-damage|p1a: Armarouge|5\/100\n|-unboost|p1a: Armarouge|spa|1\n|move|p2b: Ceruledge|Bitter Blade|p1b: Torkoal\n|-resisted|p1b: Torkoal\n|-damage|p1b: Torkoal|73\/100\n|-heal|p2b: Ceruledge|51\/100|[from] drain|[of] p1b: Torkoal\n|\n|-weather|SunnyDay|[upkeep]\n|-heal|p1b: Torkoal|80\/100|[from] Grassy Terrain\n|-heal|p1a: Armarouge|11\/100|[from] Grassy Terrain\n|-heal|p2b: Ceruledge|57\/100|[from] Grassy Terrain\n|upkeep\n|turn|5\n|inactive|Bahamate has 30 seconds left.\n|\n|t:|1728098423\n|switch|p1b: Indeedee|Indeedee-F, L50, F|68\/100\n|-fieldstart|move: Psychic Terrain|[from] ability: Psychic Surge|[of] p1b: Indeedee\n|move|p1a: Armarouge|Expanding Force|p2b: Ceruledge|[spread] p2b\n|-immune|p2a: Grimmsnarl\n|-damage|p2b: Ceruledge|34\/100\n|-damage|p1a: Armarouge|1\/100|[from] item: Life Orb\n|move|p2a: Grimmsnarl|Spirit Break|p1b: Indeedee\n|-damage|p1b: Indeedee|38\/100\n|-unboost|p1b: Indeedee|spa|1\n|move|p2b: Ceruledge|Bitter Blade|p1b: Indeedee\n|-damage|p1b: Indeedee|0 fnt\n|-heal|p2b: Ceruledge|53\/100|[from] drain|[of] p1b: Indeedee\n|faint|p1b: Indeedee\n|\n|-weather|SunnyDay|[upkeep]\n|-fieldend|move: Trick Room\n|upkeep\n|\n|t:|1728098431\n|switch|p1b: Torkoal|Torkoal, L50, M|80\/100\n|turn|6\n|\n|t:|1728098447\n|move|p1a: Armarouge|Protect|p1a: Armarouge\n|-singleturn|p1a: Armarouge|Protect\n|move|p2b: Ceruledge|Tera Blast|p1a: Armarouge|[anim] Tera Blast Grass\n|-activate|p1a: Armarouge|move: Protect\n|move|p2a: Grimmsnarl|Spirit Break|p1b: Torkoal\n|-resisted|p1b: Torkoal\n|-damage|p1b: Torkoal|68\/100\n|-unboost|p1b: Torkoal|spa|1\n|move|p1b: Torkoal|Earth Power|p2b: Ceruledge\n|-resisted|p2b: Ceruledge\n|-damage|p2b: Ceruledge|49\/100\n|\n|-weather|SunnyDay|[upkeep]\n|upkeep\n|turn|7\n|\n|t:|1728098463\n|move|p1a: Armarouge|Protect|p1a: Armarouge\n|-singleturn|p1a: Armarouge|Protect\n|move|p2b: Ceruledge|Tera Blast|p1a: Armarouge|[anim] Tera Blast Grass\n|-activate|p1a: Armarouge|move: Protect\n|move|p2a: Grimmsnarl|Spirit Break|p1b: Torkoal\n|-resisted|p1b: Torkoal\n|-damage|p1b: Torkoal|58\/100\n|-unboost|p1b: Torkoal|spa|1\n|move|p1b: Torkoal|Earth Power|p2b: Ceruledge\n|-resisted|p2b: Ceruledge\n|-damage|p2b: Ceruledge|46\/100\n|\n|-weather|none\n|upkeep\n|turn|8\n|-message|mezobasha forfeited.\n|\n|win|Bahamate\n|raw|mezobasha's rating: 1734 &rarr; <strong>1710<\/strong><br \/>(-24 for losing)\n|raw|Bahamate's rating: 1667 &rarr; <strong>1691<\/strong><br \/>(+24 for winning)\n|l|\u2606mezobasha\n|player|p1|\n|l|\u2606Bahamate\n|player|p2|\n|l| vmars\n|l| mr pogostick\n","uploadtime":1728098734,"views":17,"formatid":"gen9vgc2024regh","rating":1691,"private":0,"password":null}