{"id":"gen9vgc2024regh-2216202541","format":"[Gen 9] VGC 2024 Reg H","players":["chanpaopao","Pun1sher14"],"log":"|j|\u2606chanpaopao\n|j|\u2606Pun1sher14\n|t:|1728092549\n|gametype|doubles\n|player|p1|chanpaopao|265|1726\n|player|p2|Pun1sher14|lucas-gen4pt|1828\n|teamsize|p1|6\n|teamsize|p2|6\n|gen|9\n|tier|[Gen 9] VGC 2024 Reg H\n|rated|\n|rule|Species Clause: Limit one of each Pok\u00e9mon\n|rule|Item Clause: Limit 1 of each item\n|clearpoke\n|poke|p1|Ursaluna, L50, M|\n|poke|p1|Porygon2, L50|\n|poke|p1|Dragonite, L50, F|\n|poke|p1|Gholdengo, L50|\n|poke|p1|Incineroar, L50, M|\n|poke|p1|Amoonguss, L50, F|\n|poke|p2|Archaludon, L50, M|\n|poke|p2|Pelipper, L50, F|\n|poke|p2|Basculegion, L50, M|\n|poke|p2|Gholdengo, L50|\n|poke|p2|Rillaboom, L50, M|\n|poke|p2|Amoonguss, L50, M|\n|teampreview|4\n|inactive|Battle timer is ON: inactive players will automatically lose when time's up. (requested by Pun1sher14)\n|j| Gambit the king\n|inactive|Pun1sher14 has 60 seconds left.\n|j|+Mengy \u32db\n|inactive|Pun1sher14 has 30 seconds left.\n|\n|t:|1728092628\n|start\n|switch|p1a: Gholdengo|Gholdengo, L50|100\/100\n|switch|p1b: Dragonite|Dragonite, L50, F|100\/100\n|switch|p2a: Archaludon|Archaludon, L50, M|100\/100\n|switch|p2b: Pelipper|Pelipper, L50, F|100\/100\n|-weather|RainDance|[from] ability: Drizzle|[of] p2b: Pelipper\n|turn|1\n|\n|t:|1728092646\n|move|p1a: Gholdengo|Protect|p1a: Gholdengo\n|-singleturn|p1a: Gholdengo|Protect\n|move|p1b: Dragonite|Scale Shot|p2b: Pelipper\n|-damage|p2b: Pelipper|81\/100\n|-crit|p2b: Pelipper\n|-damage|p2b: Pelipper|50\/100\n|-damage|p2b: Pelipper|31\/100\n|-damage|p2b: Pelipper|13\/100\n|-damage|p2b: Pelipper|0 fnt\n|faint|p2b: Pelipper\n|-hitcount|p2: Pelipper|5\n|-unboost|p1b: Dragonite|def|1\n|-boost|p1b: Dragonite|spe|1\n|move|p2a: Archaludon|Electro Shot||[still]\n|-prepare|p2a: Archaludon|Electro Shot\n|-boost|p2a: Archaludon|spa|1\n|-anim|p2a: Archaludon|Electro Shot|p1a: Gholdengo\n|-activate|p1a: Gholdengo|move: Protect\n|\n|-weather|RainDance|[upkeep]\n|upkeep\n|\n|t:|1728092661\n|switch|p2b: Amoonguss|Amoonguss, L50, M|100\/100\n|turn|2\n|\n|t:|1728092684\n|-terastallize|p2b: Amoonguss|Fire\n|move|p1b: Dragonite|Haze|p1b: Dragonite\n|-clearallboost\n|move|p1a: Gholdengo|Nasty Plot|p1a: Gholdengo\n|-boost|p1a: Gholdengo|spa|2\n|move|p2a: Archaludon|Electro Shot||[still]\n|-prepare|p2a: Archaludon|Electro Shot\n|-boost|p2a: Archaludon|spa|1\n|-anim|p2a: Archaludon|Electro Shot|p1a: Gholdengo\n|-damage|p1a: Gholdengo|36\/100\n|move|p2b: Amoonguss|Spore|p1b: Dragonite\n|-status|p1b: Dragonite|slp|[from] move: Spore\n|\n|-weather|RainDance|[upkeep]\n|upkeep\n|turn|3\n|inactive|chanpaopao has 30 seconds left.\n|inactive|Pun1sher14 has 30 seconds left.\n|inactive|chanpaopao has 20 seconds left.\n|inactive|Pun1sher14 has 20 seconds left.\n|inactive|chanpaopao has 15 seconds left.\n|inactive|Pun1sher14 has 15 seconds left.\n|\n|t:|1728092729\n|switch|p1b: Ursaluna|Ursaluna, L50, M|100\/100\n|move|p1a: Gholdengo|Protect|p1a: Gholdengo\n|-singleturn|p1a: Gholdengo|Protect\n|move|p2b: Amoonguss|Rage Powder|p2b: Amoonguss\n|-singleturn|p2b: Amoonguss|move: Rage Powder\n|move|p2a: Archaludon|Electro Shot||[still]\n|-prepare|p2a: Archaludon|Electro Shot\n|-boost|p2a: Archaludon|spa|1\n|-anim|p2a: Archaludon|Electro Shot|p1a: Gholdengo\n|-activate|p1a: Gholdengo|move: Protect\n|\n|-weather|RainDance|[upkeep]\n|-status|p1b: Ursaluna|brn|[from] item: Flame Orb\n|upkeep\n|turn|4\n|inactive|chanpaopao has 30 seconds left.\n|\n|t:|1728092756\n|move|p2b: Amoonguss|Rage Powder|p2b: Amoonguss\n|-singleturn|p2b: Amoonguss|move: Rage Powder\n|move|p1a: Gholdengo|Shadow Ball|p2b: Amoonguss\n|-damage|p2b: Amoonguss|14\/100\n|-damage|p1a: Gholdengo|26\/100|[from] item: Life Orb\n|move|p2a: Archaludon|Electro Shot||[still]\n|-prepare|p2a: Archaludon|Electro Shot\n|-boost|p2a: Archaludon|spa|1\n|-anim|p2a: Archaludon|Electro Shot|p1a: Gholdengo\n|-damage|p1a: Gholdengo|0 fnt\n|faint|p1a: Gholdengo\n|move|p1b: Ursaluna|Earthquake|p2b: Amoonguss|[spread] p2a,p2b\n|-supereffective|p2a: Archaludon\n|-supereffective|p2b: Amoonguss\n|-damage|p2a: Archaludon|0 fnt\n|-damage|p2b: Amoonguss|0 fnt\n|faint|p2a: Archaludon\n|faint|p2b: Amoonguss\n|\n|-weather|RainDance|[upkeep]\n|-damage|p1b: Ursaluna|95\/100 brn|[from] brn\n|upkeep\n|\n|t:|1728092776\n|switch|p1a: Porygon2|Porygon2, L50|100\/100\n|switch|p2b: Rillaboom|Rillaboom, L50, M|100\/100\n|-fieldstart|move: Grassy Terrain|[from] ability: Grassy Surge|[of] p2b: Rillaboom\n|-ability|p1a: Porygon2|Download|boost\n|-boost|p1a: Porygon2|spa|1\n|turn|5\n|-message|Pun1sher14 forfeited.\n|\n|win|chanpaopao\n|raw|chanpaopao's rating: 1726 &rarr; <strong>1752<\/strong><br \/>(+26 for winning)\n|raw|Pun1sher14's rating: 1828 &rarr; <strong>1802<\/strong><br \/>(-26 for losing)\n|l|\u2606Pun1sher14\n|player|p2|\n|l|\u2606chanpaopao\n|player|p1|\n|l| Gambit the king\n","uploadtime":1728092926,"views":51,"formatid":"gen9vgc2024regh","rating":1752,"private":0,"password":null}