{"id":"gen9vgc2024regh-2216610512","format":"[Gen 9] VGC 2024 Reg H","players":["jhdreamer","snowperegrine"],"log":"|j|\u2606jhdreamer\n|j|\u2606snowperegrine\n|t:|1728152469\n|gametype|doubles\n|player|p1|jhdreamer|265|1725\n|player|p2|snowperegrine|palmer|1685\n|teamsize|p1|6\n|teamsize|p2|6\n|gen|9\n|tier|[Gen 9] VGC 2024 Reg H\n|rated|\n|rule|Species Clause: Limit one of each Pok\u00e9mon\n|rule|Item Clause: Limit 1 of each item\n|clearpoke\n|poke|p1|Torkoal, L50, M|\n|poke|p1|Gardevoir, L50, F|\n|poke|p1|Gallade, L50, M|\n|poke|p1|Ursaluna, L50, M|\n|poke|p1|Talonflame, L50, M|\n|poke|p1|Indeedee-F, L50, F|\n|poke|p2|Rillaboom, L50, M|\n|poke|p2|Sneasler, L50, F|\n|poke|p2|Clefable, L50, F|\n|poke|p2|Incineroar, L50, F|\n|poke|p2|Kingambit, L50, M|\n|poke|p2|Dragapult, L50, M|\n|teampreview|4\n|\n|t:|1728152492\n|start\n|switch|p1a: Indeedee|Indeedee-F, L50, F|100\/100\n|switch|p1b: Gallade|Gallade, L50, M|100\/100\n|switch|p2a: Kingambit|Kingambit, L50, M, shiny|100\/100\n|switch|p2b: Dragapult|Dragapult, L50, M, shiny|100\/100\n|-fieldstart|move: Psychic Terrain|[from] ability: Psychic Surge|[of] p1a: Indeedee\n|turn|1\n|j| trfgtred\n|\n|t:|1728152537\n|-terastallize|p2b: Dragapult|Dragon\n|move|p1a: Indeedee|Follow Me|p1a: Indeedee\n|-singleturn|p1a: Indeedee|move: Follow Me\n|move|p2b: Dragapult|Dragon Darts|p1a: Indeedee\n|-damage|p1a: Indeedee|53\/100\n|-anim|p2b: Dragapult|Dragon Darts|p1a: Indeedee\n|-damage|p1a: Indeedee|8\/100\n|move|p1b: Gallade|Sacred Sword|p2a: Kingambit\n|-supereffective|p2a: Kingambit\n|-damage|p2a: Kingambit|0 fnt\n|faint|p2a: Kingambit\n|\n|upkeep\n|\n|t:|1728152551\n|switch|p2a: Rillaboom|Rillaboom, L50, M, shiny|100\/100\n|-fieldstart|move: Grassy Terrain|[from] ability: Grassy Surge|[of] p2a: Rillaboom\n|turn|2\n|\n|t:|1728152570\n|switch|p1a: Torkoal|Torkoal, L50, M|100\/100\n|-weather|SunnyDay|[from] ability: Drought|[of] p1a: Torkoal\n|-terastallize|p1b: Gallade|Steel\n|move|p2a: Rillaboom|Grassy Glide|p1a: Torkoal\n|-resisted|p1a: Torkoal\n|-damage|p1a: Torkoal|87\/100\n|move|p2b: Dragapult|Dragon Darts|p1a: Torkoal\n|-damage|p1a: Torkoal|51\/100\n|-anim|p2b: Dragapult|Dragon Darts|p1b: Gallade\n|-resisted|p1b: Gallade\n|-damage|p1b: Gallade|64\/100\n|move|p1b: Gallade|Trick Room|p1b: Gallade\n|-fieldstart|move: Trick Room|[of] p1b: Gallade\n|\n|-weather|SunnyDay|[upkeep]\n|-heal|p1a: Torkoal|57\/100|[from] Grassy Terrain\n|-heal|p1b: Gallade|70\/100|[from] Grassy Terrain\n|upkeep\n|turn|3\n|\n|t:|1728152601\n|switch|p2a: Incineroar|Incineroar, L50, F, shiny|100\/100\n|-ability|p2a: Incineroar|Intimidate|boost\n|-unboost|p1a: Torkoal|atk|1\n|-fail|p1b: Gallade|unboost|[from] item: Clear Amulet|[of] p1b: Gallade\n|move|p1a: Torkoal|Heat Wave|p2a: Incineroar|[spread] p2a,p2b\n|-resisted|p2a: Incineroar\n|-crit|p2a: Incineroar\n|-resisted|p2b: Dragapult\n|-damage|p2a: Incineroar|69\/100\n|-damage|p2b: Dragapult|66\/100\n|move|p1b: Gallade|Psycho Cut|p2b: Dragapult\n|-damage|p2b: Dragapult|0 fnt\n|faint|p2b: Dragapult\n|\n|-weather|SunnyDay|[upkeep]\n|-heal|p1a: Torkoal|63\/100|[from] Grassy Terrain\n|-heal|p2a: Incineroar|75\/100|[from] Grassy Terrain\n|-heal|p1b: Gallade|76\/100|[from] Grassy Terrain\n|upkeep\n|\n|t:|1728152616\n|switch|p2b: Rillaboom|Rillaboom, L50, M, shiny|100\/100\n|turn|4\n|\n|t:|1728152630\n|switch|p1b: Indeedee|Indeedee-F, L50, F|8\/100\n|-fieldstart|move: Psychic Terrain|[from] ability: Psychic Surge|[of] p1b: Indeedee\n|move|p1a: Torkoal|Eruption|p2b: Rillaboom|[spread] p2a,p2b\n|-resisted|p2a: Incineroar\n|-supereffective|p2b: Rillaboom\n|-crit|p2b: Rillaboom\n|-damage|p2a: Incineroar|53\/100\n|-damage|p2b: Rillaboom|0 fnt\n|faint|p2b: Rillaboom\n|move|p2a: Incineroar|Knock Off|p1a: Torkoal\n|-damage|p1a: Torkoal|34\/100\n|-enditem|p1a: Torkoal|Charcoal|[from] move: Knock Off|[of] p2a: Incineroar\n|\n|-weather|SunnyDay|[upkeep]\n|upkeep\n|turn|5\n|-message|snowperegrine forfeited.\n|\n|win|jhdreamer\n|raw|jhdreamer's rating: 1725 &rarr; <strong>1743<\/strong><br \/>(+18 for winning)\n|raw|snowperegrine's rating: 1685 &rarr; <strong>1667<\/strong><br \/>(-18 for losing)\n|l|\u2606jhdreamer\n|player|p1|\n|l| trfgtred\n","uploadtime":1728152864,"views":24,"formatid":"gen9vgc2024regh","rating":1667,"private":0,"password":null}