{"id":"gen9vgc2024regh-2216837738","format":"[Gen 9] VGC 2024 Reg H","players":["Funcrazyfish","greenlightdmp"],"log":"|j|\u2606Funcrazyfish\n|j|\u2606greenlightdmp\n|t:|1728179391\n|gametype|doubles\n|player|p1|Funcrazyfish|interviewers|1685\n|player|p2|greenlightdmp|265|1823\n|teamsize|p1|6\n|teamsize|p2|6\n|gen|9\n|tier|[Gen 9] VGC 2024 Reg H\n|rated|\n|rule|Species Clause: Limit one of each Pok\u00e9mon\n|rule|Item Clause: Limit 1 of each item\n|clearpoke\n|poke|p1|Espathra, L50, F|\n|poke|p1|Rillaboom, L50, F|\n|poke|p1|Sneasler, L50, F|\n|poke|p1|Magmar, L50, F|\n|poke|p1|Kingambit, L50, F|\n|poke|p1|Primarina, L50, F|\n|poke|p2|Tyranitar, L50, F|\n|poke|p2|Gholdengo, L50|\n|poke|p2|Talonflame, L50, F|\n|poke|p2|Garchomp, L50, F|\n|poke|p2|Cryogonal, L50|\n|poke|p2|Gastrodon-East, L50, F|\n|teampreview|4\n|j| TheOneShobby\n|\n|t:|1728179433\n|start\n|switch|p1a: Lucretia|Primarina, L50, F, shiny|100\/100\n|switch|p1b: Rillaboom|Rillaboom, L50, F|100\/100\n|switch|p2a: Gholdengo|Gholdengo, L50|100\/100\n|switch|p2b: Sashimi|Garchomp, L50, F|100\/100\n|-fieldstart|move: Grassy Terrain|[from] ability: Grassy Surge|[of] p1b: Rillaboom\n|turn|1\n|\n|t:|1728179455\n|-terastallize|p2a: Gholdengo|Steel\n|move|p2b: Sashimi|Stomping Tantrum|p1a: Lucretia\n|-damage|p1a: Lucretia|46\/100\n|-damage|p2b: Sashimi|91\/100|[from] item: Life Orb\n|move|p2a: Gholdengo|Make It Rain|p1a: Lucretia|[spread] p1a,p1b\n|-damage|p1a: Lucretia|0 fnt\n|-damage|p1b: Rillaboom|25\/100\n|-unboost|p2a: Gholdengo|spa|1\n|faint|p1a: Lucretia\n|move|p1b: Rillaboom|Wood Hammer|p2a: Gholdengo\n|-resisted|p2a: Gholdengo\n|-damage|p2a: Gholdengo|53\/100\n|-damage|p1b: Rillaboom|13\/100|[from] Recoil\n|\n|-heal|p2b: Sashimi|97\/100|[from] Grassy Terrain\n|-heal|p2a: Gholdengo|59\/100|[from] Grassy Terrain\n|-heal|p1b: Rillaboom|18\/100|[from] Grassy Terrain\n|upkeep\n|\n|t:|1728179460\n|switch|p1a: Kingambit|Kingambit, L50, F, shiny|100\/100\n|turn|2\n|\n|t:|1728179478\n|-terastallize|p1a: Kingambit|Dark\n|move|p2b: Sashimi|Dragon Claw|p1b: Rillaboom\n|-damage|p1b: Rillaboom|0 fnt\n|faint|p1b: Rillaboom\n|-damage|p2b: Sashimi|87\/100|[from] item: Life Orb\n|move|p2a: Gholdengo|Make It Rain|p1a: Kingambit\n|-damage|p1a: Kingambit|31\/100\n|-unboost|p2a: Gholdengo|spa|1\n|move|p1a: Kingambit|Swords Dance|p1a: Kingambit\n|-boost|p1a: Kingambit|atk|2\n|\n|-heal|p2b: Sashimi|93\/100|[from] Grassy Terrain\n|-heal|p2a: Gholdengo|65\/100|[from] Grassy Terrain\n|-heal|p1a: Kingambit|37\/100|[from] Grassy Terrain\n|upkeep\n|\n|t:|1728179481\n|switch|p1b: Sneasler|Sneasler, L50, F, shiny|100\/100\n|turn|3\n|\n|t:|1728179506\n|move|p1a: Kingambit|Sucker Punch|p2b: Sashimi\n|-crit|p2b: Sashimi\n|-damage|p2b: Sashimi|0 fnt\n|-damage|p1a: Kingambit|25\/100|[from] ability: Rough Skin|[of] p2b: Sashimi\n|faint|p2b: Sashimi\n|move|p1b: Sneasler|Close Combat|p2a: Gholdengo\n|-supereffective|p2a: Gholdengo\n|-damage|p2a: Gholdengo|0 fnt\n|-unboost|p1b: Sneasler|def|1\n|-unboost|p1b: Sneasler|spd|1\n|faint|p2a: Gholdengo\n|\n|-heal|p1a: Kingambit|30\/100|[from] Grassy Terrain\n|upkeep\n|\n|t:|1728179509\n|switch|p2b: Tyranitar|Tyranitar, L50, F|100\/100\n|switch|p2a: Talonflame|Talonflame, L50, F|100\/100\n|-weather|Sandstorm|[from] ability: Sand Stream|[of] p2b: Tyranitar\n|turn|4\n|\n|t:|1728179523\n|move|p1a: Kingambit|Protect|p1a: Kingambit\n|-singleturn|p1a: Kingambit|Protect\n|move|p2a: Talonflame|Will-O-Wisp|p1b: Sneasler\n|-status|p1b: Sneasler|brn\n|move|p1b: Sneasler|Close Combat|p2b: Tyranitar\n|-supereffective|p2b: Tyranitar\n|-damage|p2b: Tyranitar|0 fnt\n|-unboost|p1b: Sneasler|def|1\n|-unboost|p1b: Sneasler|spd|1\n|faint|p2b: Tyranitar\n|\n|-weather|Sandstorm|[upkeep]\n|-damage|p2a: Talonflame|94\/100|[from] Sandstorm\n|-damage|p1b: Sneasler|95\/100 brn|[from] Sandstorm\n|-damage|p1a: Kingambit|25\/100|[from] Sandstorm\n|-heal|p1b: Sneasler|100\/100 brn|[from] Grassy Terrain\n|-heal|p1a: Kingambit|30\/100|[from] Grassy Terrain\n|-damage|p1b: Sneasler|95\/100 brn|[from] brn\n|upkeep\n|turn|5\n|\n|t:|1728179534\n|move|p1a: Kingambit|Sucker Punch|p2a: Talonflame\n|-damage|p2a: Talonflame|0 fnt\n|faint|p2a: Talonflame\n|\n|win|Funcrazyfish\n|raw|Funcrazyfish's rating: 1685 &rarr; <strong>1713<\/strong><br \/>(+28 for winning)\n|raw|greenlightdmp's rating: 1823 &rarr; <strong>1795<\/strong><br \/>(-28 for losing)\n|l|\u2606greenlightdmp\n|player|p2|\n|l| TheOneShobby\n","uploadtime":1728179801,"views":26,"formatid":"gen9vgc2024regh","rating":1713,"private":0,"password":null}