{"id":"gen9vgc2024regh-2216434660","format":"[Gen 9] VGC 2024 Reg H","players":["lieyanshu","something123"],"log":"|j|\u2606lieyanshu\n|j|\u2606something123\n|t:|1728131848\n|gametype|doubles\n|player|p1|lieyanshu|lucas|1742\n|player|p2|something123|265|1676\n|teamsize|p1|6\n|teamsize|p2|6\n|gen|9\n|tier|[Gen 9] VGC 2024 Reg H\n|rated|\n|rule|Species Clause: Limit one of each Pok\u00e9mon\n|rule|Item Clause: Limit 1 of each item\n|clearpoke\n|poke|p1|Gholdengo, L50|\n|poke|p1|Ursaluna-Bloodmoon, L50, M|\n|poke|p1|Dragapult, L50, F|\n|poke|p1|Murkrow, L50, M|\n|poke|p1|Kingambit, L50, M|\n|poke|p1|Sneasler, L50, M|\n|poke|p2|Kingambit, L50, M|\n|poke|p2|Sneasler, L50, M|\n|poke|p2|Rillaboom, L50, F|\n|poke|p2|Primarina, L50, F|\n|poke|p2|Electabuzz, L50, M|\n|poke|p2|Ninetales-Alola, L50, F|\n|teampreview|4\nlieyanshu rejected open team sheets.\n|inactive|Battle timer is ON: inactive players will automatically lose when time's up. (requested by lieyanshu)\n|\n|t:|1728131905\n|start\n|switch|p1a: Murkrow|Murkrow, L50, M|100\/100\n|switch|p1b: Ursaluna|Ursaluna-Bloodmoon, L50, M|100\/100\n|switch|p2a: Sneasler|Sneasler, L50, M|100\/100\n|switch|p2b: Rillaboom|Rillaboom, L50, F|100\/100\n|-fieldstart|move: Grassy Terrain|[from] ability: Grassy Surge|[of] p2b: Rillaboom\n|-enditem|p2a: Sneasler|Grassy Seed\n|-boost|p2a: Sneasler|def|1|[from] item: Grassy Seed\n|turn|1\n|inactive|something123 has 30 seconds left.\n|inactive|lieyanshu has 30 seconds left.\n|inactive|lieyanshu has 20 seconds left.\n|inactive|something123 has 20 seconds left.\n|inactive|something123 has 15 seconds left.\n|inactive|something123 has 10 seconds left.\n|\n|t:|1728131957\n|move|p1b: Ursaluna|Protect|p1b: Ursaluna\n|-singleturn|p1b: Ursaluna|Protect\n|move|p2b: Rillaboom|Fake Out|p1b: Ursaluna\n|-activate|p1b: Ursaluna|move: Protect\n|move|p2a: Sneasler|Acrobatics|p1a: Murkrow\n|-damage|p1a: Murkrow|57\/100\n|move|p1a: Murkrow|Brave Bird|p2b: Rillaboom\n|-supereffective|p2b: Rillaboom\n|-damage|p2b: Rillaboom|37\/100\n|-damage|p1a: Murkrow|30\/100|[from] Recoil\n|\n|-heal|p2b: Rillaboom|43\/100|[from] Grassy Terrain\n|upkeep\n|turn|2\n|inactive|lieyanshu has 30 seconds left.\n|\n|t:|1728131982\n|-terastallize|p1b: Ursaluna|Ghost\n|move|p1a: Murkrow|Tailwind|p1a: Murkrow\n|-sidestart|p1: lieyanshu|move: Tailwind\n|move|p2b: Rillaboom|Grassy Glide|p1b: Ursaluna\n|-damage|p1b: Ursaluna|70\/100\n|move|p2a: Sneasler|Close Combat|p1b: Ursaluna\n|-immune|p1b: Ursaluna\n|move|p1b: Ursaluna|Hyper Voice|p2b: Rillaboom|[spread] p2a,p2b\n|-crit|p2b: Rillaboom\n|-damage|p2a: Sneasler|36\/100\n|-damage|p2b: Rillaboom|0 fnt\n|faint|p2b: Rillaboom\n|-damage|p1b: Ursaluna|61\/100|[from] item: Life Orb\n|\n|-heal|p2a: Sneasler|42\/100|[from] Grassy Terrain\n|-heal|p1b: Ursaluna|67\/100|[from] Grassy Terrain\n|upkeep\n|\n|t:|1728131986\n|switch|p2b: Kingambit|Kingambit, L50, M|100\/100\n|turn|3\n|j| Tian15\n|\n|t:|1728132014\n|move|p2b: Kingambit|Protect|p2b: Kingambit\n|-singleturn|p2b: Kingambit|Protect\n|move|p2a: Sneasler|Acrobatics|p1a: Murkrow\n|-damage|p1a: Murkrow|0 fnt\n|faint|p1a: Murkrow\n|move|p1b: Ursaluna|Earth Power|p2b: Kingambit\n|-activate|p2b: Kingambit|move: Protect\n|\n|-heal|p2a: Sneasler|48\/100|[from] Grassy Terrain\n|-heal|p1b: Ursaluna|72\/100|[from] Grassy Terrain\n|upkeep\n|\n|t:|1728132037\n|switch|p1a: Sneasler|Sneasler, L50, M|100\/100\n|turn|4\n|inactive|something123 has 30 seconds left.\n|inactive|something123 has 20 seconds left.\n|inactive|something123 has 15 seconds left.\n|\n|t:|1728132080\n|switch|p1b: Kingambit|Kingambit, L50, M|100\/100\n|switch|p2b: Electabuzz|Electabuzz, L50, M|100\/100\n|move|p2a: Sneasler|Protect|p2a: Sneasler\n|-singleturn|p2a: Sneasler|Protect\n|move|p1a: Sneasler|Close Combat|p2b: Electabuzz\n|-damage|p2b: Electabuzz|44\/100\n|-unboost|p1a: Sneasler|def|1\n|-unboost|p1a: Sneasler|spd|1\n|\n|-heal|p2a: Sneasler|54\/100|[from] Grassy Terrain\n|-heal|p2b: Electabuzz|50\/100|[from] Grassy Terrain\n|upkeep\n|turn|5\n|\n|t:|1728132103\n|switch|p1b: Ursaluna|Ursaluna-Bloodmoon, L50, M, tera:Ghost|72\/100\n|move|p2b: Electabuzz|Follow Me|p2b: Electabuzz\n|-singleturn|p2b: Electabuzz|move: Follow Me\n|move|p1a: Sneasler|Close Combat|p2b: Electabuzz\n|-damage|p2b: Electabuzz|0 fnt\n|-unboost|p1a: Sneasler|def|1\n|-unboost|p1a: Sneasler|spd|1\n|faint|p2b: Electabuzz\n|move|p2a: Sneasler|Acrobatics|p1a: Sneasler\n|-supereffective|p1a: Sneasler\n|-enditem|p1a: Sneasler|Focus Sash\n|-damage|p1a: Sneasler|1\/100\n|\n|-heal|p1a: Sneasler|7\/100|[from] Grassy Terrain\n|-heal|p2a: Sneasler|60\/100|[from] Grassy Terrain\n|-heal|p1b: Ursaluna|78\/100|[from] Grassy Terrain\n|-sideend|p1: lieyanshu|move: Tailwind\n|-fieldend|move: Grassy Terrain\n|upkeep\n|\n|t:|1728132109\n|switch|p2b: Kingambit|Kingambit, L50, M|100\/100\n|turn|6\n|\n|t:|1728132126\n|-terastallize|p2b: Kingambit|Dark\n|move|p2b: Kingambit|Sucker Punch|p1b: Ursaluna\n|-supereffective|p1b: Ursaluna\n|-damage|p1b: Ursaluna|0 fnt\n|faint|p1b: Ursaluna\n|move|p1a: Sneasler|Close Combat|p2a: Sneasler\n|-resisted|p2a: Sneasler\n|-damage|p2a: Sneasler|24\/100\n|-unboost|p1a: Sneasler|def|1\n|-unboost|p1a: Sneasler|spd|1\n|move|p2a: Sneasler|Close Combat|p1a: Sneasler\n|-resisted|p1a: Sneasler\n|-damage|p1a: Sneasler|0 fnt\n|-unboost|p2a: Sneasler|def|1\n|-unboost|p2a: Sneasler|spd|1\n|faint|p1a: Sneasler\n|\n|upkeep\n|\n|t:|1728132142\n|switch|p1b: Kingambit|Kingambit, L50, M|100\/100\n|turn|7\n|\n|t:|1728132154\n|move|p1b: Kingambit|Sucker Punch||[still]\n|-fail|p1b: Kingambit\n|move|p2a: Sneasler|Swords Dance|p2a: Sneasler\n|-boost|p2a: Sneasler|atk|2\n|move|p2b: Kingambit|Kowtow Cleave|p1b: Kingambit\n|-resisted|p1b: Kingambit\n|-damage|p1b: Kingambit|71\/100\n|\n|upkeep\n|turn|8\n|\n|t:|1728132165\n|move|p2a: Sneasler|Protect|p2a: Sneasler\n|-singleturn|p2a: Sneasler|Protect\n|move|p1b: Kingambit|Sucker Punch||[still]\n|-fail|p1b: Kingambit\n|move|p2b: Kingambit|Kowtow Cleave|p1b: Kingambit\n|-resisted|p1b: Kingambit\n|-damage|p1b: Kingambit|39\/100\n|\n|upkeep\n|turn|9\n|\n|t:|1728132179\n|move|p2a: Sneasler|Swords Dance|p2a: Sneasler\n|-boost|p2a: Sneasler|atk|2\n|move|p2b: Kingambit|Kowtow Cleave|p1b: Kingambit\n|-resisted|p1b: Kingambit\n|-damage|p1b: Kingambit|10\/100\n|move|p1b: Kingambit|Low Kick|p2b: Kingambit\n|-supereffective|p2b: Kingambit\n|-damage|p2b: Kingambit|37\/100\n|\n|upkeep\n|turn|10\n|-message|lieyanshu forfeited.\n|\n|win|something123\n|raw|lieyanshu's rating: 1742 &rarr; <strong>1718<\/strong><br \/>(-24 for losing)\n|raw|something123's rating: 1676 &rarr; <strong>1700<\/strong><br \/>(+24 for winning)\n|l|\u2606lieyanshu\n|player|p1|\n|l|\u2606something123\n|player|p2|\n|l| Tian15\n","uploadtime":1728132380,"views":20,"formatid":"gen9vgc2024regh","rating":1700,"private":0,"password":null}