{"id":"gen9vgc2024regh-2216399431","format":"[Gen 9] VGC 2024 Reg H","players":["wwwsssnnn","something123"],"log":"|j|\u2606wwwsssnnn\n|j|\u2606something123\n|t:|1728126055\n|gametype|doubles\n|player|p1|wwwsssnnn|266|1717\n|player|p2|something123|265|1769\n|teamsize|p1|6\n|teamsize|p2|6\n|gen|9\n|tier|[Gen 9] VGC 2024 Reg H\n|rated|\n|rule|Species Clause: Limit one of each Pok\u00e9mon\n|rule|Item Clause: Limit 1 of each item\n|clearpoke\n|poke|p1|Armarouge, L50, M|\n|poke|p1|Primarina, L50, F|\n|poke|p1|Indeedee-F, L50, F|\n|poke|p1|Hatterene, L50, F|\n|poke|p1|Annihilape, L50, M|\n|poke|p1|Sneasler, L50, M|\n|poke|p2|Kingambit, L50, M|\n|poke|p2|Sneasler, L50, F|\n|poke|p2|Rillaboom, L50, M|\n|poke|p2|Primarina, L50, F|\n|poke|p2|Electabuzz, L50, F|\n|poke|p2|Ninetales-Alola, L50, F|\n|teampreview|4\n|inactive|Battle timer is ON: inactive players will automatically lose when time's up. (requested by wwwsssnnn)\n|inactive|something123 has 60 seconds left.\n|j| Tian15\n|inactive|something123 has 30 seconds left.\n|inactive|something123 has 20 seconds left.\n|\n|t:|1728126174\n|start\n|switch|p1a: Primarina|Primarina, L50, F|100\/100\n|switch|p1b: Sneasler|Sneasler, L50, M|100\/100\n|switch|p2a: Kingambit|Kingambit, L50, M|100\/100\n|switch|p2b: Electabuzz|Electabuzz, L50, F|100\/100\n|turn|1\n|inactive|something123 has 30 seconds left.\n|inactive|something123 has 20 seconds left.\n|\n|t:|1728126212\n|move|p2b: Electabuzz|Follow Me|p2b: Electabuzz\n|-singleturn|p2b: Electabuzz|move: Follow Me\n|move|p1b: Sneasler|Rock Slide|p2b: Electabuzz|[spread] p2a,p2b\n|-resisted|p2a: Kingambit\n|-damage|p2a: Kingambit|92\/100\n|-damage|p2b: Electabuzz|83\/100\n|move|p1a: Primarina|Hyper Voice|p2a: Kingambit|[spread] p2a,p2b\n|-damage|p2a: Kingambit|55\/100\n|-damage|p2b: Electabuzz|51\/100\n|-enditem|p1a: Primarina|Throat Spray\n|-boost|p1a: Primarina|spa|1|[from] item: Throat Spray\n|move|p2a: Kingambit|Iron Head|p1b: Sneasler\n|-damage|p1b: Sneasler|20\/100\n|\n|upkeep\n|turn|2\n|inactive|something123 has 30 seconds left.\n|inactive|something123 has 20 seconds left.\n|inactive|something123 has 15 seconds left.\n|inactive|something123 has 10 seconds left.\n|inactive|something123 has 5 seconds left.\n|\n|t:|1728126263\n|move|p1b: Sneasler|Protect|p1b: Sneasler\n|-singleturn|p1b: Sneasler|Protect\n|move|p2b: Electabuzz|Protect|p2b: Electabuzz\n|-singleturn|p2b: Electabuzz|Protect\n|move|p2a: Kingambit|Protect|p2a: Kingambit\n|-singleturn|p2a: Kingambit|Protect\n|move|p1a: Primarina|Hyper Voice|p2b: Electabuzz|[spread] \n|-activate|p2a: Kingambit|move: Protect\n|-activate|p2b: Electabuzz|move: Protect\n|\n|upkeep\n|turn|3\n|inactive|something123 has 30 seconds left.\n|\n|t:|1728126295\n|move|p1b: Sneasler|Protect|p1b: Sneasler\n|-singleturn|p1b: Sneasler|Protect\n|move|p2a: Kingambit|Sucker Punch||[still]\n|-fail|p2a: Kingambit\n|move|p2b: Electabuzz|Thunderbolt|p1a: Primarina\n|-supereffective|p1a: Primarina\n|-damage|p1a: Primarina|49\/100\n|move|p1a: Primarina|Hyper Voice|p2a: Kingambit|[spread] p2a,p2b\n|-damage|p2a: Kingambit|0 fnt\n|-damage|p2b: Electabuzz|4\/100\n|faint|p2a: Kingambit\n|\n|upkeep\n|\n|t:|1728126311\n|switch|p2a: Rillaboom|Rillaboom, L50, M|100\/100\n|-fieldstart|move: Grassy Terrain|[from] ability: Grassy Surge|[of] p2a: Rillaboom\n|turn|4\n|\n|t:|1728126325\n|switch|p1b: Indeedee|Indeedee-F, L50, F|100\/100\n|-fieldstart|move: Psychic Terrain|[from] ability: Psychic Surge|[of] p1b: Indeedee\n|switch|p2a: Sneasler|Sneasler, L50, F|100\/100\n|-terastallize|p1a: Primarina|Steel\n|move|p2b: Electabuzz|Thunderbolt|p1a: Primarina\n|-damage|p1a: Primarina|23\/100\n|move|p1a: Primarina|Hyper Voice|p2a: Sneasler|[spread] p2a,p2b\n|-damage|p2a: Sneasler|34\/100\n|-damage|p2b: Electabuzz|0 fnt\n|faint|p2b: Electabuzz\n|\n|upkeep\n|\n|t:|1728126337\n|switch|p2b: Rillaboom|Rillaboom, L50, M|100\/100\n|-fieldstart|move: Grassy Terrain|[from] ability: Grassy Surge|[of] p2b: Rillaboom\n|-enditem|p2a: Sneasler|Grassy Seed\n|-boost|p2a: Sneasler|def|1|[from] item: Grassy Seed\n|turn|5\n|\n|t:|1728126360\n|switch|p1b: Sneasler|Sneasler, L50, M|20\/100\n|switch|p1a: Armarouge|Armarouge, L50, M|100\/100\n|move|p2b: Rillaboom|Fake Out|p1b: Sneasler\n|-damage|p1b: Sneasler|0 fnt\n|faint|p1b: Sneasler\n|move|p2a: Sneasler|Swords Dance|p2a: Sneasler\n|-boost|p2a: Sneasler|atk|2\n|\n|-heal|p2a: Sneasler|40\/100|[from] Grassy Terrain\n|upkeep\n|\n|t:|1728126369\n|switch|p1b: Indeedee|Indeedee-F, L50, F|100\/100\n|-fieldstart|move: Psychic Terrain|[from] ability: Psychic Surge|[of] p1b: Indeedee\n|turn|6\n|j| Serious_Ass\n|l| Serious_Ass\n|inactive|something123 has 30 seconds left.\n|\n|t:|1728126404\n|-terastallize|p2b: Rillaboom|Fire\n|move|p1b: Indeedee|Follow Me|p1b: Indeedee\n|-singleturn|p1b: Indeedee|move: Follow Me\n|move|p2a: Sneasler|Close Combat|p1b: Indeedee\n|-damage|p1b: Indeedee|0 fnt\n|-unboost|p2a: Sneasler|def|1\n|-unboost|p2a: Sneasler|spd|1\n|-damage|p2a: Sneasler|24\/100|[from] item: Rocky Helmet|[of] p1b: Indeedee\n|faint|p1b: Indeedee\n|move|p1a: Armarouge|Heat Wave|p2b: Rillaboom|[spread] p2a,p2b\n|-resisted|p2b: Rillaboom\n|-damage|p2a: Sneasler|0 fnt\n|-damage|p2b: Rillaboom|88\/100\n|faint|p2a: Sneasler\n|move|p2b: Rillaboom|Knock Off|p1a: Armarouge\n|-supereffective|p1a: Armarouge\n|-damage|p1a: Armarouge|31\/100\n|-ability|p1a: Armarouge|Weak Armor|boost\n|-unboost|p1a: Armarouge|def|1\n|-boost|p1a: Armarouge|spe|2\n|-enditem|p1a: Armarouge|Weakness Policy\n|-boost|p1a: Armarouge|atk|2|[from] item: Weakness Policy\n|-boost|p1a: Armarouge|spa|2|[from] item: Weakness Policy\n|\n|upkeep\n|\n|t:|1728126412\n|switch|p1b: Primarina|Primarina, L50, F, tera:Steel|23\/100\n|turn|7\n|\n|t:|1728126425\n|move|p1a: Armarouge|Stored Power|p2b: Rillaboom\n|-damage|p2b: Rillaboom|0 fnt\n|faint|p2b: Rillaboom\n|\n|win|wwwsssnnn\n|raw|wwwsssnnn's rating: 1717 &rarr; <strong>1740<\/strong><br \/>(+23 for winning)\n|raw|something123's rating: 1769 &rarr; <strong>1746<\/strong><br \/>(-23 for losing)\n|l|\u2606something123\n|player|p2|\n|l| Tian15\n|l|\u2606wwwsssnnn\n|player|p1|\n","uploadtime":1728126643,"views":45,"formatid":"gen9vgc2024regh","rating":1740,"private":0,"password":null}