{"id":"gen9vgc2024regh-2216460570","format":"[Gen 9] VGC 2024 Reg H","players":["epigrlozvgc","chang21"],"log":"|j|\u2606epigrlozvgc\n|j|\u2606chang21\n|t:|1728135484\n|gametype|doubles\n|player|p1|epigrlozvgc|alder|1652\n|player|p2|chang21|veteran-gen4|1719\n|teamsize|p1|6\n|teamsize|p2|6\n|gen|9\n|tier|[Gen 9] VGC 2024 Reg H\n|rated|\n|rule|Species Clause: Limit one of each Pok\u00e9mon\n|rule|Item Clause: Limit 1 of each item\n|clearpoke\n|poke|p1|Quaquaval, L50, F|\n|poke|p1|Whimsicott, L50, F|\n|poke|p1|Volcarona, L50, F|\n|poke|p1|Kingambit, L50, M|\n|poke|p1|Rillaboom, L50, F|\n|poke|p1|Archaludon, L50, F|\n|poke|p2|Garchomp, L50, M|\n|poke|p2|Dragonite, L50, F|\n|poke|p2|Kingambit, L50, M|\n|poke|p2|Sneasler, L50, M|\n|poke|p2|Sinistcha, L50|\n|poke|p2|Primarina, L50, M|\n|teampreview|4\n|j| TrubbishTyler\n|j| mrredslimy\n|inactive|Battle timer is ON: inactive players will automatically lose when time's up. (requested by epigrlozvgc)\n|\n|t:|1728135544\n|start\n|switch|p1a: Whimsicott|Whimsicott, L50, F|100\/100\n|switch|p1b: Volcarona|Volcarona, L50, F|100\/100\n|switch|p2a: Sneasler|Sneasler, L50, M|100\/100\n|switch|p2b: Primarina|Primarina, L50, M|100\/100\n|turn|1\n|\n|t:|1728135560\n|-terastallize|p1a: Whimsicott|Steel\n|move|p1a: Whimsicott|Tailwind|p1a: Whimsicott\n|-sidestart|p1: epigrlozvgc|move: Tailwind\n|move|p1b: Volcarona|Heat Wave|p2a: Sneasler|[spread] p2a,p2b\n|-resisted|p2b: Primarina\n|-damage|p2a: Sneasler|8\/100\n|-damage|p2b: Primarina|77\/100\n|move|p2a: Sneasler|Dire Claw|p1a: Whimsicott\n|-immune|p1a: Whimsicott\n|move|p2b: Primarina|Hyper Voice|p1a: Whimsicott|[spread] p1a,p1b\n|-supereffective|p1b: Volcarona\n|-damage|p1a: Whimsicott|65\/100\n|-damage|p1b: Volcarona|25\/100\n|-enditem|p2b: Primarina|Throat Spray\n|-boost|p2b: Primarina|spa|1|[from] item: Throat Spray\n|\n|upkeep\n|turn|2\n|\n|t:|1728135581\n|move|p2a: Sneasler|Protect|p2a: Sneasler\n|-singleturn|p2a: Sneasler|Protect\n|move|p1b: Volcarona|Heat Wave|p2b: Primarina|[spread] p2b\n|-activate|p2a: Sneasler|move: Protect\n|-resisted|p2b: Primarina\n|-damage|p2b: Primarina|51\/100\n|move|p1a: Whimsicott|Moonblast|p2b: Primarina\n|-damage|p2b: Primarina|28\/100\n|-unboost|p2b: Primarina|spa|1\n|move|p2b: Primarina|Hyper Voice|p1a: Whimsicott|[spread] p1a,p1b\n|-supereffective|p1b: Volcarona\n|-damage|p1a: Whimsicott|28\/100\n|-damage|p1b: Volcarona|0 fnt\n|faint|p1b: Volcarona\n|\n|upkeep\n|\n|t:|1728135594\n|switch|p1b: Quaquaval|Quaquaval, L50, F|100\/100\n|turn|3\n|\n|t:|1728135606\n|switch|p2a: Dragonite|Dragonite, L50, F|100\/100\n|move|p1a: Whimsicott|Moonblast|p2a: Dragonite\n|-supereffective|p2a: Dragonite\n|-damage|p2a: Dragonite|69\/100\n|-unboost|p2a: Dragonite|spa|1\n|move|p1b: Quaquaval|Close Combat|p2b: Primarina\n|-resisted|p2b: Primarina\n|-damage|p2b: Primarina|0 fnt\n|-unboost|p1b: Quaquaval|def|1\n|-unboost|p1b: Quaquaval|spd|1\n|faint|p2b: Primarina\n|-ability|p1b: Quaquaval|Moxie|boost\n|-boost|p1b: Quaquaval|atk|1\n|\n|upkeep\n|\n|t:|1728135617\n|switch|p2b: Garchomp|Garchomp, L50, M|100\/100\n|turn|4\n|inactive|epigrlozvgc has 30 seconds left.\n|inactive|chang21 has 30 seconds left.\n|\n|t:|1728135644\n|move|p2b: Garchomp|Protect|p2b: Garchomp\n|-singleturn|p2b: Garchomp|Protect\n|move|p2a: Dragonite|Extreme Speed|p1a: Whimsicott\n|-resisted|p1a: Whimsicott\n|-damage|p1a: Whimsicott|12\/100\n|move|p1a: Whimsicott|Moonblast|p2a: Dragonite\n|-supereffective|p2a: Dragonite\n|-crit|p2a: Dragonite\n|-damage|p2a: Dragonite|24\/100\n|-unboost|p2a: Dragonite|spa|1\n|move|p1b: Quaquaval|Aqua Step|p2b: Garchomp\n|-activate|p2b: Garchomp|move: Protect\n|\n|-sideend|p1: epigrlozvgc|move: Tailwind\n|upkeep\n|turn|5\n|\n|t:|1728135665\n|move|p1b: Quaquaval|Upper Hand|p2a: Dragonite\n|-resisted|p2a: Dragonite\n|-damage|p2a: Dragonite|0 fnt\n|faint|p2a: Dragonite\n|-ability|p1b: Quaquaval|Moxie|boost\n|-boost|p1b: Quaquaval|atk|1\n|move|p1a: Whimsicott|Tailwind|p1a: Whimsicott\n|-sidestart|p1: epigrlozvgc|move: Tailwind\n|move|p2b: Garchomp|Dragon Claw|p1b: Quaquaval\n|-enditem|p1b: Quaquaval|Focus Sash\n|-damage|p1b: Quaquaval|1\/100\n|-damage|p2b: Garchomp|91\/100|[from] item: Life Orb\n|\n|upkeep\n|\n|t:|1728135672\n|switch|p2a: Sneasler|Sneasler, L50, M|8\/100\n|turn|6\n|\n|t:|1728135683\n|move|p1b: Quaquaval|Protect|p1b: Quaquaval\n|-singleturn|p1b: Quaquaval|Protect\n|move|p2a: Sneasler|Protect|p2a: Sneasler\n|-singleturn|p2a: Sneasler|Protect\n|move|p1a: Whimsicott|Moonblast|p2a: Sneasler\n|-activate|p2a: Sneasler|move: Protect\n|move|p2b: Garchomp|Earthquake|p1a: Whimsicott|[spread] p1a\n|-activate|p2a: Sneasler|move: Protect\n|-activate|p1b: Quaquaval|move: Protect\n|-supereffective|p1a: Whimsicott\n|-damage|p1a: Whimsicott|0 fnt\n|faint|p1a: Whimsicott\n|-damage|p2b: Garchomp|81\/100|[from] item: Life Orb\n|\n|upkeep\n|\n|t:|1728135688\n|switch|p1a: Archaludon|Archaludon, L50, F|100\/100\n|turn|7\n|\n|t:|1728135701\n|-terastallize|p2b: Garchomp|Fire\n|move|p1b: Quaquaval|Close Combat|p2b: Garchomp\n|-damage|p2b: Garchomp|0 fnt\n|-unboost|p1b: Quaquaval|def|1\n|-unboost|p1b: Quaquaval|spd|1\n|-damage|p1b: Quaquaval|0 fnt|[from] ability: Rough Skin|[of] p2b: Garchomp\n|faint|p2b: Garchomp\n|faint|p1b: Quaquaval\n|move|p1a: Archaludon|Flash Cannon|p2a: Sneasler\n|-damage|p2a: Sneasler|0 fnt\n|faint|p2a: Sneasler\n|\n|win|epigrlozvgc\n|raw|epigrlozvgc's rating: 1652 &rarr; <strong>1676<\/strong><br \/>(+24 for winning)\n|raw|chang21's rating: 1719 &rarr; <strong>1695<\/strong><br \/>(-24 for losing)\n|l|\u2606chang21\n|player|p2|\n|l| TrubbishTyler\n|l| mrredslimy\n|l|\u2606epigrlozvgc\n|player|p1|\n","uploadtime":1728135845,"views":29,"formatid":"gen9vgc2024regh","rating":1676,"private":0,"password":null}