{"id":"gen9vgc2024regh-2216936748","format":"[Gen 9] VGC 2024 Reg H","players":["Vvsky111","something123"],"log":"|j|\u2606Vvsky111\n|j|\u2606something123\n|t:|1728193542\n|gametype|doubles\n|player|p1|Vvsky111|102|1707\n|player|p2|something123|101|1675\n|teamsize|p1|6\n|teamsize|p2|6\n|gen|9\n|tier|[Gen 9] VGC 2024 Reg H\n|rated|\n|rule|Species Clause: Limit one of each Pok\u00e9mon\n|rule|Item Clause: Limit 1 of each item\n|clearpoke\n|poke|p1|Primarina, L50, F|\n|poke|p1|Espathra, L50, F|\n|poke|p1|Indeedee-F, L50, F|\n|poke|p1|Whimsicott, L50, F|\n|poke|p1|Archaludon, L50, M|\n|poke|p1|Volcarona, L50, M|\n|poke|p2|Kingambit, L50, M|\n|poke|p2|Sneasler, L50, M|\n|poke|p2|Rillaboom, L50, F|\n|poke|p2|Primarina, L50, M|\n|poke|p2|Electabuzz, L50, M|\n|poke|p2|Ninetales-Alola, L50, F|\n|teampreview|4\n|j| garonpappa\n|inactive|Battle timer is ON: inactive players will automatically lose when time's up. (requested by Vvsky111)\n|inactive|something123 has 60 seconds left.\n|\n|t:|1728193584\n|start\n|switch|p1a: Espathra|Espathra, L50, F|100\/100\n|switch|p1b: Indeedee|Indeedee-F, L50, F|100\/100\n|switch|p2a: Kingambit|Kingambit, L50, M|100\/100\n|switch|p2b: Sneasler|Sneasler, L50, M|100\/100\n|-fieldstart|move: Psychic Terrain|[from] ability: Psychic Surge|[of] p1b: Indeedee\n|-enditem|p1b: Indeedee|Psychic Seed\n|-boost|p1b: Indeedee|spd|1|[from] item: Psychic Seed\n|turn|1\n|\n|t:|1728193606\n|switch|p2b: Rillaboom|Rillaboom, L50, F|100\/100\n|-fieldstart|move: Grassy Terrain|[from] ability: Grassy Surge|[of] p2b: Rillaboom\n|move|p2a: Kingambit|Protect|p2a: Kingambit\n|-singleturn|p2a: Kingambit|Protect\n|move|p1b: Indeedee|Follow Me|p1b: Indeedee\n|-singleturn|p1b: Indeedee|move: Follow Me\n|move|p1a: Espathra|Lumina Crash|p2b: Rillaboom\n|-damage|p2b: Rillaboom|75\/100\n|-unboost|p2b: Rillaboom|spd|2\n|\n|-heal|p2b: Rillaboom|81\/100|[from] Grassy Terrain\n|-ability|p1a: Espathra|Speed Boost|boost\n|-boost|p1a: Espathra|spe|1\n|upkeep\n|turn|2\n|inactive|something123 has 30 seconds left.\n|inactive|something123 has 20 seconds left.\n|inactive|something123 has 15 seconds left.\n|inactive|something123 has 10 seconds left.\n|\n|t:|1728193653\n|switch|p1b: Volcarona|Volcarona, L50, M|100\/100\n|switch|p2a: Sneasler|Sneasler, L50, M|100\/100\n|-enditem|p2a: Sneasler|Grassy Seed\n|-boost|p2a: Sneasler|def|1|[from] item: Grassy Seed\n|-enditem|p1b: Volcarona|Mirror Herb\n|-boost|p1b: Volcarona|def|1|[from] item: Mirror Herb\n|move|p2b: Rillaboom|Fake Out|p1a: Espathra\n|-damage|p1a: Espathra|79\/100\n|cant|p1a: Espathra|flinch\n|\n|-heal|p1a: Espathra|85\/100|[from] Grassy Terrain\n|-heal|p2b: Rillaboom|87\/100|[from] Grassy Terrain\n|-ability|p1a: Espathra|Speed Boost|boost\n|-boost|p1a: Espathra|spe|1\n|upkeep\n|turn|3\n|inactive|something123 has 30 seconds left.\n|inactive|something123 has 20 seconds left.\n|inactive|something123 has 15 seconds left.\n|inactive|something123 has 10 seconds left.\n|l| garonpappa\n|inactive|something123 has 5 seconds left.\n|\n|t:|1728193707\n|switch|p2b: Kingambit|Kingambit, L50, M|100\/100\n|-terastallize|p2a: Sneasler|Flying\n|move|p1a: Espathra|Protect|p1a: Espathra\n|-singleturn|p1a: Espathra|Protect\n|move|p1b: Volcarona|Protect|p1b: Volcarona\n|-singleturn|p1b: Volcarona|Protect\n|move|p2a: Sneasler|Acrobatics|p1a: Espathra\n|-activate|p1a: Espathra|move: Protect\n|\n|-heal|p1a: Espathra|90\/100|[from] Grassy Terrain\n|-ability|p1a: Espathra|Speed Boost|boost\n|-boost|p1a: Espathra|spe|1\n|upkeep\n|turn|4\n|inactive|something123 has 30 seconds left.\n|\n|t:|1728193734\n|move|p2a: Sneasler|Protect|p2a: Sneasler\n|-singleturn|p2a: Sneasler|Protect\n|move|p1a: Espathra|Lumina Crash|p2a: Sneasler\n|-activate|p2a: Sneasler|move: Protect\n|move|p1b: Volcarona|Heat Wave|p2a: Sneasler|[spread] p2b\n|-activate|p2a: Sneasler|move: Protect\n|-supereffective|p2b: Kingambit\n|-damage|p2b: Kingambit|28\/100\n|-status|p2b: Kingambit|brn\n|move|p2b: Kingambit|Kowtow Cleave|p1a: Espathra\n|-supereffective|p1a: Espathra\n|-damage|p1a: Espathra|0 fnt\n|faint|p1a: Espathra\n|\n|-heal|p2b: Kingambit|34\/100 brn|[from] Grassy Terrain\n|-damage|p2b: Kingambit|28\/100 brn|[from] brn\n|upkeep\n|\n|t:|1728193740\n|switch|p1a: Indeedee|Indeedee-F, L50, F|100\/100\n|-fieldstart|move: Psychic Terrain|[from] ability: Psychic Surge|[of] p1a: Indeedee\n|turn|5\n|inactive|something123 has 30 seconds left.\n|inactive|something123 has 20 seconds left.\n|inactive|something123 has 15 seconds left.\n|\n|t:|1728193781\n|move|p1a: Indeedee|Follow Me|p1a: Indeedee\n|-singleturn|p1a: Indeedee|move: Follow Me\n|move|p2a: Sneasler|Swords Dance|p2a: Sneasler\n|-boost|p2a: Sneasler|atk|2\n|move|p1b: Volcarona|Quiver Dance|p1b: Volcarona\n|-boost|p1b: Volcarona|spa|1\n|-boost|p1b: Volcarona|spd|1\n|-boost|p1b: Volcarona|spe|1\n|move|p2b: Kingambit|Kowtow Cleave|p1a: Indeedee\n|-supereffective|p1a: Indeedee\n|-damage|p1a: Indeedee|36\/100\n|\n|-damage|p2b: Kingambit|22\/100 brn|[from] brn\n|upkeep\n|turn|6\n|inactive|something123 has 30 seconds left.\n|inactive|something123 has 20 seconds left.\n|inactive|something123 has 15 seconds left.\n|inactive|something123 has 10 seconds left.\n|\n|t:|1728193829\n|move|p2a: Sneasler|Protect|p2a: Sneasler\n|-singleturn|p2a: Sneasler|Protect\n|move|p2b: Kingambit|Protect|p2b: Kingambit\n|-singleturn|p2b: Kingambit|Protect\n|move|p1a: Indeedee|Follow Me|p1a: Indeedee\n|-singleturn|p1a: Indeedee|move: Follow Me\n|move|p1b: Volcarona|Heat Wave|p2b: Kingambit|[spread] \n|-activate|p2a: Sneasler|move: Protect\n|-activate|p2b: Kingambit|move: Protect\n|\n|-damage|p2b: Kingambit|16\/100 brn|[from] brn\n|upkeep\n|turn|7\n|\n|t:|1728193851\n|move|p1a: Indeedee|Follow Me|p1a: Indeedee\n|-singleturn|p1a: Indeedee|move: Follow Me\n|move|p2a: Sneasler|Acrobatics|p1a: Indeedee\n|-damage|p1a: Indeedee|0 fnt\n|faint|p1a: Indeedee\n|move|p1b: Volcarona|Heat Wave|p2b: Kingambit|[spread] p2a,p2b\n|-supereffective|p2b: Kingambit\n|-damage|p2a: Sneasler|29\/100\n|-damage|p2b: Kingambit|0 fnt\n|faint|p2b: Kingambit\n|\n|upkeep\n|\n|t:|1728193859\n|switch|p1a: Archaludon|Archaludon, L50, M|100\/100\n|switch|p2b: Rillaboom|Rillaboom, L50, F|87\/100\n|-fieldstart|move: Grassy Terrain|[from] ability: Grassy Surge|[of] p2b: Rillaboom\n|turn|8\n|inactive|Vvsky111 has 30 seconds left.\n|inactive|something123 has 30 seconds left.\n|inactive|Vvsky111 has 20 seconds left.\n|inactive|Vvsky111 has 15 seconds left.\n|inactive|Vvsky111 has 10 seconds left.\n|\n|t:|1728193905\n|-terastallize|p1a: Archaludon|Grass\n|move|p2a: Sneasler|Protect|p2a: Sneasler\n|-singleturn|p2a: Sneasler|Protect\n|move|p1b: Volcarona|Protect|p1b: Volcarona\n|-singleturn|p1b: Volcarona|Protect\n|move|p1a: Archaludon|Electro Shot||[still]\n|-prepare|p1a: Archaludon|Electro Shot\n|-boost|p1a: Archaludon|spa|1\n|-enditem|p1a: Archaludon|Power Herb\n|-anim|p1a: Archaludon|Electro Shot|p2a: Sneasler\n|-activate|p2a: Sneasler|move: Protect\n|move|p2b: Rillaboom|Knock Off|p1a: Archaludon\n|-damage|p1a: Archaludon|80\/100\n|-ability|p1a: Archaludon|Stamina|boost\n|-boost|p1a: Archaludon|def|1\n|\n|-heal|p1a: Archaludon|87\/100|[from] Grassy Terrain\n|-heal|p2b: Rillaboom|93\/100|[from] Grassy Terrain\n|upkeep\n|turn|9\n|\n|t:|1728193925\n|move|p2a: Sneasler|Acrobatics|p1b: Volcarona\n|-supereffective|p1b: Volcarona\n|-damage|p1b: Volcarona|0 fnt\n|faint|p1b: Volcarona\n|move|p1a: Archaludon|Dragon Pulse|p2a: Sneasler\n|-damage|p2a: Sneasler|0 fnt\n|faint|p2a: Sneasler\n|move|p2b: Rillaboom|Wood Hammer|p1a: Archaludon\n|-resisted|p1a: Archaludon\n|-damage|p1a: Archaludon|64\/100\n|-ability|p1a: Archaludon|Stamina|boost\n|-boost|p1a: Archaludon|def|1\n|-damage|p2b: Rillaboom|87\/100|[from] Recoil\n|\n|-heal|p1a: Archaludon|70\/100|[from] Grassy Terrain\n|-heal|p2b: Rillaboom|93\/100|[from] Grassy Terrain\n|upkeep\n|\n|t:|1728193928\n|switch|p2a: Ninetales|Ninetales-Alola, L50, F|100\/100\n|-weather|Snow|[from] ability: Snow Warning|[of] p2a: Ninetales\n|turn|10\n|\n|t:|1728193941\n|move|p2a: Ninetales|Blizzard|p1a: Archaludon\n|-supereffective|p1a: Archaludon\n|-damage|p1a: Archaludon|0 fnt\n|faint|p1a: Archaludon\n|\n|win|something123\n|raw|Vvsky111's rating: 1707 &rarr; <strong>1685<\/strong><br \/>(-22 for losing)\n|raw|something123's rating: 1675 &rarr; <strong>1697<\/strong><br \/>(+22 for winning)\n|l|\u2606Vvsky111\n|player|p1|\n|j| garonpappa\n","uploadtime":1728194137,"views":23,"formatid":"gen9vgc2024regh","rating":1685,"private":0,"password":null}