{"id":"gen9vgc2024regh-2216935473","format":"[Gen 9] VGC 2024 Reg H","players":["gothitellevgc","Vvsky111"],"log":"|j|\u2606gothitellevgc\n|j|\u2606Vvsky111\n|t:|1728193312\n|gametype|doubles\n|player|p1|gothitellevgc|palmer|1658\n|player|p2|Vvsky111|102|1731\n|teamsize|p1|6\n|teamsize|p2|6\n|gen|9\n|tier|[Gen 9] VGC 2024 Reg H\n|rated|\n|rule|Species Clause: Limit one of each Pok\u00e9mon\n|rule|Item Clause: Limit 1 of each item\n|clearpoke\n|poke|p1|Kingambit, L50, M|\n|poke|p1|Primarina, L50, M|\n|poke|p1|Sneasler, L50, M|\n|poke|p1|Magmar, L50, F|\n|poke|p1|Rillaboom, L50, M|\n|poke|p1|Dragapult, L50, F|\n|poke|p2|Primarina, L50, F|\n|poke|p2|Espathra, L50, M|\n|poke|p2|Indeedee-F, L50, F|\n|poke|p2|Whimsicott, L50, M|\n|poke|p2|Archaludon, L50, M|\n|poke|p2|Volcarona, L50, F|\n|teampreview|4\n|inactive|Battle timer is ON: inactive players will automatically lose when time's up. (requested by gothitellevgc)\n|inactive|Vvsky111 has 60 seconds left.\n|\n|t:|1728193347\n|start\n|switch|p1a: Dragapult|Dragapult, L50, F|100\/100\n|switch|p1b: Sneasler|Sneasler, L50, M|100\/100\n|switch|p2a: Espathra|Espathra, L50, M|100\/100\n|switch|p2b: Primarina|Primarina, L50, F|100\/100\n|turn|1\n|\n|t:|1728193371\n|switch|p1b: Magmar|Magmar, L50, F|100\/100\n|move|p1a: Dragapult|Phantom Force||[still]\n|-prepare|p1a: Dragapult|Phantom Force\n|move|p2a: Espathra|Lumina Crash|p1b: Magmar\n|-damage|p1b: Magmar|74\/100\n|-unboost|p1b: Magmar|spd|2\n|move|p2b: Primarina|Moonblast|p1a: Dragapult|[miss]\n|-miss|p2b: Primarina|p1a: Dragapult\n|\n|-ability|p2a: Espathra|Speed Boost|boost\n|-boost|p2a: Espathra|spe|1\n|upkeep\n|turn|2\n|\n|t:|1728193391\n|move|p1b: Magmar|Follow Me|p1b: Magmar\n|-singleturn|p1b: Magmar|move: Follow Me\n|move|p2a: Espathra|Lumina Crash|p1b: Magmar\n|-damage|p1b: Magmar|22\/100\n|-unboost|p1b: Magmar|spd|2\n|move|p1a: Dragapult|Phantom Force|p2a: Espathra|[from]lockedmove\n|-supereffective|p2a: Espathra\n|-enditem|p2a: Espathra|Focus Sash\n|-damage|p2a: Espathra|1\/100\n|move|p2b: Primarina|Moonblast|p1b: Magmar\n|-resisted|p1b: Magmar\n|-damage|p1b: Magmar|0 fnt\n|faint|p1b: Magmar\n|\n|-ability|p2a: Espathra|Speed Boost|boost\n|-boost|p2a: Espathra|spe|1\n|upkeep\n|\n|t:|1728193412\n|switch|p1b: Primarina|Primarina, L50, M|100\/100\n|turn|3\n|\n|t:|1728193425\n|switch|p2b: Indeedee|Indeedee-F, L50, F|100\/100\n|-fieldstart|move: Psychic Terrain|[from] ability: Psychic Surge|[of] p2b: Indeedee\n|-enditem|p2b: Indeedee|Psychic Seed\n|-boost|p2b: Indeedee|spd|1|[from] item: Psychic Seed\n|-terastallize|p2a: Espathra|Psychic\n|move|p2a: Espathra|Expanding Force|p1b: Primarina|[spread] p1a,p1b\n|-damage|p1a: Dragapult|5\/100\n|-damage|p1b: Primarina|44\/100\n|-enditem|p1b: Primarina|Sitrus Berry|[eat]\n|-heal|p1b: Primarina|69\/100|[from] item: Sitrus Berry\n|move|p1a: Dragapult|Phantom Force||[still]\n|-prepare|p1a: Dragapult|Phantom Force\n|move|p1b: Primarina|Hyper Voice|p2b: Indeedee|[spread] p2a,p2b\n|-damage|p2a: Espathra|0 fnt\n|-damage|p2b: Indeedee|80\/100\n|faint|p2a: Espathra\n|\n|upkeep\n|\n|t:|1728193434\n|switch|p2a: Primarina|Primarina, L50, F|100\/100\n|turn|4\n|inactive|Vvsky111 has 30 seconds left.\n|inactive|Vvsky111 has 20 seconds left.\n|\n|t:|1728193472\n|move|p2b: Indeedee|Follow Me|p2b: Indeedee\n|-singleturn|p2b: Indeedee|move: Follow Me\n|move|p1a: Dragapult|Phantom Force|p2b: Indeedee|[from]lockedmove\n|-immune|p2b: Indeedee\n|move|p2a: Primarina|Dazzling Gleam|p1a: Dragapult|[spread] p1a,p1b\n|-supereffective|p1a: Dragapult\n|-damage|p1a: Dragapult|0 fnt\n|-damage|p1b: Primarina|31\/100\n|faint|p1a: Dragapult\n|move|p1b: Primarina|Moonblast|p2b: Indeedee\n|-damage|p2b: Indeedee|52\/100\n|\n|upkeep\n|\n|t:|1728193477\n|switch|p1a: Sneasler|Sneasler, L50, M|100\/100\n|turn|5\n|\n|t:|1728193492\n|-terastallize|p1b: Primarina|Poison\n|move|p2b: Indeedee|Follow Me|p2b: Indeedee\n|-singleturn|p2b: Indeedee|move: Follow Me\n|move|p1a: Sneasler|Close Combat|p2b: Indeedee\n|-damage|p2b: Indeedee|0 fnt\n|-unboost|p1a: Sneasler|def|1\n|-unboost|p1a: Sneasler|spd|1\n|faint|p2b: Indeedee\n|move|p2a: Primarina|Dazzling Gleam|p1b: Primarina|[spread] p1a,p1b\n|-resisted|p1b: Primarina\n|-damage|p1a: Sneasler|1\/100\n|-damage|p1b: Primarina|13\/100\n|move|p1b: Primarina|Moonblast|p2a: Primarina\n|-damage|p2a: Primarina|52\/100\n|\n|upkeep\n|\n|t:|1728193498\n|switch|p2b: Archaludon|Archaludon, L50, M|100\/100\n|turn|6\n|\n|t:|1728193513\n|move|p1a: Sneasler|Protect|p1a: Sneasler\n|-singleturn|p1a: Sneasler|Protect\n|move|p1b: Primarina|Protect|p1b: Primarina\n|-singleturn|p1b: Primarina|Protect\n|move|p2b: Archaludon|Electro Shot||[still]\n|-prepare|p2b: Archaludon|Electro Shot\n|-boost|p2b: Archaludon|spa|1\n|-enditem|p2b: Archaludon|Power Herb\n|-anim|p2b: Archaludon|Electro Shot|p1a: Sneasler\n|-activate|p1a: Sneasler|move: Protect\n|move|p2a: Primarina|Dazzling Gleam|p1a: Sneasler|[spread] \n|-activate|p1a: Sneasler|move: Protect\n|-activate|p1b: Primarina|move: Protect\n|\n|upkeep\n|turn|7\n|\n|t:|1728193529\n|move|p2b: Archaludon|Protect|p2b: Archaludon\n|-singleturn|p2b: Archaludon|Protect\n|move|p1a: Sneasler|Dire Claw|p2a: Primarina\n|-supereffective|p2a: Primarina\n|-damage|p2a: Primarina|0 fnt\n|faint|p2a: Primarina\n|move|p1b: Primarina|Moonblast|p2b: Archaludon\n|-activate|p2b: Archaludon|move: Protect\n|\n|-fieldend|move: Psychic Terrain\n|upkeep\n|turn|8\n|\n|t:|1728193536\n|move|p1a: Sneasler|Close Combat|p2b: Archaludon\n|-supereffective|p2b: Archaludon\n|-damage|p2b: Archaludon|0 fnt\n|-unboost|p1a: Sneasler|def|1\n|-unboost|p1a: Sneasler|spd|1\n|faint|p2b: Archaludon\n|\n|win|gothitellevgc\n|raw|gothitellevgc's rating: 1658 &rarr; <strong>1682<\/strong><br \/>(+24 for winning)\n|raw|Vvsky111's rating: 1731 &rarr; <strong>1707<\/strong><br \/>(-24 for losing)\n|l|\u2606Vvsky111\n|player|p2|\n|c|\u2606gothitellevgc|Ty\n","uploadtime":1728193722,"views":9,"formatid":"gen9vgc2024regh","rating":1682,"private":0,"password":null}