{"id":"gen9vgc2024regh-2216598666","format":"[Gen 9] VGC 2024 Reg H","players":["BrodaxVGC","RandomDuVGCFR"],"log":"|j|\u2606BrodaxVGC\n|j|\u2606RandomDuVGCFR\n|t:|1728151136\n|gametype|doubles\n|player|p1|BrodaxVGC|2|1750\n|player|p2|RandomDuVGCFR|2|1784\n|teamsize|p1|6\n|teamsize|p2|6\n|gen|9\n|tier|[Gen 9] VGC 2024 Reg H\n|rated|\n|rule|Species Clause: Limit one of each Pok\u00e9mon\n|rule|Item Clause: Limit 1 of each item\n|clearpoke\n|poke|p1|Gholdengo, L50|\n|poke|p1|Incineroar, L50, F|\n|poke|p1|Rillaboom, L50, M|\n|poke|p1|Pelipper, L50, M|\n|poke|p1|Basculegion, L50, M|\n|poke|p1|Archaludon, L50, M|\n|poke|p2|Ninetales-Alola, L50, F|\n|poke|p2|Amoonguss, L50, M|\n|poke|p2|Incineroar, L50, M|\n|poke|p2|Kingambit, L50, F|\n|poke|p2|Dragonite, L50, F|\n|poke|p2|Garchomp, L50, F|\n|teampreview|4\n|inactive|Battle timer is ON: inactive players will automatically lose when time's up. (requested by BrodaxVGC)\n|\n|t:|1728151163\n|start\n|switch|p1a: Archaludon|Archaludon, L50, M|100\/100\n|switch|p1b: Rillaboom|Rillaboom, L50, M|100\/100\n|switch|p2a: Kingambit|Kingambit, L50, F|100\/100\n|switch|p2b: Amoonguss|Amoonguss, L50, M|100\/100\n|-fieldstart|move: Grassy Terrain|[from] ability: Grassy Surge|[of] p1b: Rillaboom\n|turn|1\n|j| RAWAXXX\n|inactive|BrodaxVGC has 30 seconds left.\n|inactive|BrodaxVGC has 20 seconds left.\n|inactive|BrodaxVGC has 15 seconds left.\n|inactive|BrodaxVGC has 10 seconds left.\n|\n|t:|1728151210\n|-terastallize|p2a: Kingambit|Dark\n|move|p1a: Archaludon|Body Press|p2a: Kingambit\n|-supereffective|p2a: Kingambit\n|-damage|p2a: Kingambit|64\/100\n|move|p1b: Rillaboom|High Horsepower|p2a: Kingambit\n|-damage|p2a: Kingambit|32\/100\n|-damage|p1b: Rillaboom|91\/100|[from] item: Life Orb\n|move|p2a: Kingambit|Kowtow Cleave|p1a: Archaludon\n|-damage|p1a: Archaludon|51\/100\n|-ability|p1a: Archaludon|Stamina|boost\n|-boost|p1a: Archaludon|def|1\n|move|p2b: Amoonguss|Spore|p1a: Archaludon\n|-status|p1a: Archaludon|slp|[from] move: Spore\n|\n|-heal|p1a: Archaludon|57\/100 slp|[from] Grassy Terrain\n|-heal|p1b: Rillaboom|97\/100|[from] Grassy Terrain\n|-heal|p2a: Kingambit|37\/100|[from] Grassy Terrain\n|upkeep\n|turn|2\n|inactive|BrodaxVGC has 30 seconds left.\n|inactive|RandomDuVGCFR has 30 seconds left.\n|\n|t:|1728151241\n|switch|p2a: Ninetales|Ninetales-Alola, L50, F|100\/100\n|-weather|Snow|[from] ability: Snow Warning|[of] p2a: Ninetales\n|move|p1b: Rillaboom|Grassy Glide|p2a: Ninetales\n|-damage|p2a: Ninetales|50\/100\n|-damage|p1b: Rillaboom|87\/100|[from] item: Life Orb\n|cant|p1a: Archaludon|slp\n|move|p2b: Amoonguss|Pollen Puff|p2a: Ninetales\n|-heal|p2a: Ninetales|99\/100\n|\n|-weather|Snow|[upkeep]\n|-heal|p2a: Ninetales|100\/100|[from] Grassy Terrain\n|-heal|p1a: Archaludon|63\/100 slp|[from] Grassy Terrain\n|-heal|p1b: Rillaboom|93\/100|[from] Grassy Terrain\n|upkeep\n|turn|3\n|inactive|BrodaxVGC has 30 seconds left.\n|\n|t:|1728151268\n|move|p2b: Amoonguss|Rage Powder|p2b: Amoonguss\n|-singleturn|p2b: Amoonguss|move: Rage Powder\n|move|p1b: Rillaboom|Grassy Glide|p2a: Ninetales\n|-damage|p2a: Ninetales|51\/100\n|-damage|p1b: Rillaboom|83\/100|[from] item: Life Orb\n|move|p2a: Ninetales|Blizzard|p1b: Rillaboom|[spread] p1a,p1b\n|-supereffective|p1b: Rillaboom\n|-damage|p1a: Archaludon|40\/100 slp\n|-damage|p1b: Rillaboom|20\/100\n|-ability|p1a: Archaludon|Stamina|boost\n|-boost|p1a: Archaludon|def|1\n|cant|p1a: Archaludon|slp\n|\n|-weather|Snow|[upkeep]\n|-heal|p2a: Ninetales|57\/100|[from] Grassy Terrain\n|-heal|p1a: Archaludon|46\/100 slp|[from] Grassy Terrain\n|-heal|p1b: Rillaboom|26\/100|[from] Grassy Terrain\n|upkeep\n|turn|4\n|inactive|RandomDuVGCFR has 30 seconds left.\n|\n|t:|1728151294\n|switch|p1b: Pelipper|Pelipper, L50, M|100\/100\n|-weather|RainDance|[from] ability: Drizzle|[of] p1b: Pelipper\n|move|p2a: Ninetales|Blizzard|p1a: Archaludon|[spread] p1b\n|-miss|p2a: Ninetales|p1a: Archaludon\n|-damage|p1b: Pelipper|45\/100\n|-curestatus|p1a: Archaludon|slp|[msg]\n|move|p1a: Archaludon|Body Press|p2a: Ninetales\n|-damage|p2a: Ninetales|0 fnt\n|faint|p2a: Ninetales\n|move|p2b: Amoonguss|Spore|p1a: Archaludon\n|-status|p1a: Archaludon|slp|[from] move: Spore\n|\n|-weather|RainDance|[upkeep]\n|-heal|p1a: Archaludon|52\/100 slp|[from] Grassy Terrain\n|upkeep\n|\n|t:|1728151315\n|switch|p2a: Garchomp|Garchomp, L50, F|100\/100\n|turn|5\n|inactive|RandomDuVGCFR has 30 seconds left.\n|\n|t:|1728151345\n|move|p2a: Garchomp|Stomping Tantrum|p1a: Archaludon\n|-supereffective|p1a: Archaludon\n|-damage|p1a: Archaludon|10\/100 slp\n|-ability|p1a: Archaludon|Stamina|boost\n|-boost|p1a: Archaludon|def|1\n|-damage|p2a: Garchomp|91\/100|[from] item: Life Orb\n|move|p1b: Pelipper|Hurricane|p2b: Amoonguss\n|-supereffective|p2b: Amoonguss\n|-damage|p2b: Amoonguss|8\/100\n|-start|p2b: Amoonguss|confusion\n|-enditem|p2b: Amoonguss|Sitrus Berry|[eat]\n|-heal|p2b: Amoonguss|33\/100|[from] item: Sitrus Berry\n|cant|p1a: Archaludon|slp\n|-activate|p2b: Amoonguss|confusion\n|move|p2b: Amoonguss|Spore|p1b: Pelipper\n|-status|p1b: Pelipper|slp|[from] move: Spore\n|\n|-weather|RainDance|[upkeep]\n|-heal|p2a: Garchomp|97\/100|[from] Grassy Terrain\n|-heal|p1a: Archaludon|16\/100 slp|[from] Grassy Terrain\n|-heal|p2b: Amoonguss|39\/100|[from] Grassy Terrain\n|-fieldend|move: Grassy Terrain\n|upkeep\n|turn|6\n|inactive|BrodaxVGC has 30 seconds left.\n|inactive|BrodaxVGC has 20 seconds left.\n|\n|t:|1728151381\n|switch|p2b: Kingambit|Kingambit, L50, F, tera:Dark|37\/100\n|move|p2a: Garchomp|Dragon Claw|p1a: Archaludon\n|-damage|p1a: Archaludon|1\/100 slp\n|-ability|p1a: Archaludon|Stamina|boost\n|-boost|p1a: Archaludon|def|1\n|-damage|p2a: Garchomp|87\/100|[from] item: Life Orb\n|cant|p1b: Pelipper|slp\n|cant|p1a: Archaludon|slp\n|\n|-weather|RainDance|[upkeep]\n|upkeep\n|turn|7\n|inactive|BrodaxVGC has 30 seconds left.\n|\n|t:|1728151413\n|move|p2b: Kingambit|Sucker Punch|p1b: Pelipper\n|-damage|p1b: Pelipper|0 fnt\n|faint|p1b: Pelipper\n|move|p2a: Garchomp|Dragon Claw|p1a: Archaludon\n|-damage|p1a: Archaludon|0 fnt\n|faint|p1a: Archaludon\n|-damage|p2a: Garchomp|77\/100|[from] item: Life Orb\n|\n|-weather|RainDance|[upkeep]\n|upkeep\n|\n|t:|1728151416\n|switch|p1b: Rillaboom|Rillaboom, L50, M|26\/100\n|switch|p1a: Basculegion|Basculegion, L50, M|100\/100\n|-fieldstart|move: Grassy Terrain|[from] ability: Grassy Surge|[of] p1b: Rillaboom\n|turn|8\n|\n|t:|1728151436\n|switch|p2b: Amoonguss|Amoonguss, L50, M|72\/100\n|-terastallize|p1a: Basculegion|Water\n|move|p2a: Garchomp|Protect|p2a: Garchomp\n|-singleturn|p2a: Garchomp|Protect\n|move|p1b: Rillaboom|Fake Out|p2b: Amoonguss\n|-crit|p2b: Amoonguss\n|-damage|p2b: Amoonguss|49\/100\n|-damage|p1b: Rillaboom|16\/100|[from] item: Life Orb\n|move|p1a: Basculegion|Wave Crash|p2a: Garchomp\n|-activate|p2a: Garchomp|move: Protect\n|\n|-weather|none\n|-heal|p2a: Garchomp|83\/100|[from] Grassy Terrain\n|-heal|p1b: Rillaboom|22\/100|[from] Grassy Terrain\n|-heal|p2b: Amoonguss|55\/100|[from] Grassy Terrain\n|upkeep\n|turn|9\n|inactive|BrodaxVGC has 30 seconds left.\n|inactive|RandomDuVGCFR has 30 seconds left.\n|\n|t:|1728151468\n|move|p2b: Amoonguss|Rage Powder|p2b: Amoonguss\n|-singleturn|p2b: Amoonguss|move: Rage Powder\n|move|p1b: Rillaboom|Grassy Glide|p2a: Garchomp\n|-crit|p2a: Garchomp\n|-damage|p2a: Garchomp|13\/100\n|-damage|p1b: Rillaboom|9\/100|[from] ability: Rough Skin|[of] p2a: Garchomp\n|-damage|p1b: Rillaboom|0 fnt|[from] item: Life Orb\n|faint|p1b: Rillaboom\n|move|p2a: Garchomp|Dragon Claw|p1a: Basculegion\n|-damage|p1a: Basculegion|35\/100\n|-damage|p2a: Garchomp|3\/100|[from] item: Life Orb\n|move|p1a: Basculegion|Wave Crash|p2b: Amoonguss\n|-resisted|p2b: Amoonguss\n|-damage|p2b: Amoonguss|8\/100\n|-damage|p1a: Basculegion|17\/100|[from] Recoil\n|\n|-heal|p2a: Garchomp|9\/100|[from] Grassy Terrain\n|-heal|p1a: Basculegion|23\/100|[from] Grassy Terrain\n|-heal|p2b: Amoonguss|14\/100|[from] Grassy Terrain\n|upkeep\n|turn|10\n|l|\u2606BrodaxVGC\n|inactive|BrodaxVGC disconnected and has a minute to reconnect!\n|player|p1|\n|inactive|BrodaxVGC has 30 seconds left.\n|inactive|BrodaxVGC has 20 seconds left.\n|inactive|BrodaxVGC has 15 seconds left.\n|inactive|BrodaxVGC has 10 seconds left.\n|inactive|BrodaxVGC has 5 seconds left.\n|-message|BrodaxVGC lost due to inactivity.\n|\n|win|RandomDuVGCFR\n|raw|BrodaxVGC's rating: 1750 &rarr; <strong>1732<\/strong><br \/>(-18 for losing)\n|raw|RandomDuVGCFR's rating: 1784 &rarr; <strong>1802<\/strong><br \/>(+18 for winning)\n|l|\u2606RandomDuVGCFR\n|player|p2|\n","uploadtime":1728151758,"views":38,"formatid":"gen9vgc2024regh","rating":1732,"private":0,"password":null}