{"id":"gen9vgc2024regh-2216534577","format":"[Gen 9] VGC 2024 Reg H","players":["rvmt","koji muranishi"],"log":"|j|\u2606rvmt\n|j|\u2606koji muranishi\n|t:|1728144206\n|gametype|doubles\n|player|p1|rvmt|170|1728\n|player|p2|koji muranishi|169|1681\n|teamsize|p1|6\n|teamsize|p2|6\n|gen|9\n|tier|[Gen 9] VGC 2024 Reg H\n|rated|\n|rule|Species Clause: Limit one of each Pok\u00e9mon\n|rule|Item Clause: Limit 1 of each item\n|clearpoke\n|poke|p1|Excadrill, L50, F|\n|poke|p1|Tyranitar, L50, M|\n|poke|p1|Dragonite, L50, M|\n|poke|p1|Indeedee, L50, M|\n|poke|p1|Gastrodon-East, L50, M|\n|poke|p1|Annihilape, L50, M|\n|poke|p2|Ursaluna-Bloodmoon, L50, M|\n|poke|p2|Amoonguss, L50, M|\n|poke|p2|Incineroar, L50, M|\n|poke|p2|Archaludon, L50, F|\n|poke|p2|Pelipper, L50, M|\n|poke|p2|Whimsicott, L50, F|\n|teampreview|4\n|inactive|Battle timer is ON: inactive players will automatically lose when time's up. (requested by rvmt)\n|\n|t:|1728144232\n|start\n|switch|p1a: Annihilape|Annihilape, L50, M, shiny|100\/100\n|switch|p1b: Dragonite|Dragonite, L50, M|100\/100\n|switch|p2a: Whimsicott|Whimsicott, L50, F|100\/100\n|switch|p2b: Ursaluna|Ursaluna-Bloodmoon, L50, M|100\/100\n|turn|1\n|j| awcnkec\n|inactive|rvmt has 30 seconds left.\n|\n|t:|1728144263\n|-terastallize|p1a: Annihilape|Steel\n|-terastallize|p2b: Ursaluna|Normal\n|move|p2a: Whimsicott|Tailwind|p2a: Whimsicott\n|-sidestart|p2: koji muranishi|move: Tailwind\n|move|p2b: Ursaluna|Blood Moon|p1a: Annihilape\n|-resisted|p1a: Annihilape\n|-damage|p1a: Annihilape|61\/100\n|-damage|p2b: Ursaluna|91\/100|[from] item: Life Orb\n|move|p1a: Annihilape|Drain Punch|p2b: Ursaluna\n|-supereffective|p2b: Ursaluna\n|-damage|p2b: Ursaluna|39\/100\n|-heal|p1a: Annihilape|83\/100|[from] drain|[of] p2b: Ursaluna\n|move|p1b: Dragonite|Tailwind|p1b: Dragonite\n|-sidestart|p1: rvmt|move: Tailwind\n|\n|upkeep\n|turn|2\n|j| agnalam\n|inactive|rvmt has 30 seconds left.\n|inactive|koji muranishi has 30 seconds left.\n|\n|t:|1728144292\n|move|p2b: Ursaluna|Protect|p2b: Ursaluna\n|-singleturn|p2b: Ursaluna|Protect\n|move|p1b: Dragonite|Extreme Speed|p2a: Whimsicott\n|-damage|p2a: Whimsicott|50\/100\n|move|p1a: Annihilape|Drain Punch|p2b: Ursaluna\n|-activate|p2b: Ursaluna|move: Protect\n|move|p2a: Whimsicott|Trick Room|p2a: Whimsicott\n|-fieldstart|move: Trick Room|[of] p2a: Whimsicott\n|\n|upkeep\n|turn|3\n|\n|t:|1728144310\n|switch|p2a: Incineroar|Incineroar, L50, M|100\/100\n|-ability|p2a: Incineroar|Intimidate|boost\n|-unboost|p1a: Annihilape|atk|1\n|-ability|p1a: Annihilape|Defiant|boost\n|-boost|p1a: Annihilape|atk|2\n|-fail|p1b: Dragonite|unboost|Attack|[from] ability: Inner Focus|[of] p1b: Dragonite\n|move|p1b: Dragonite|Extreme Speed|p2a: Incineroar\n|-damage|p2a: Incineroar|73\/100\n|move|p2b: Ursaluna|Earth Power|p1a: Annihilape\n|-supereffective|p1a: Annihilape\n|-damage|p1a: Annihilape|14\/100\n|-damage|p2b: Ursaluna|30\/100|[from] item: Life Orb\n|move|p1a: Annihilape|Drain Punch|p2b: Ursaluna\n|-supereffective|p2b: Ursaluna\n|-damage|p2b: Ursaluna|0 fnt\n|-heal|p1a: Annihilape|27\/100|[from] drain|[of] p2b: Ursaluna\n|faint|p2b: Ursaluna\n|\n|upkeep\n|inactive|koji muranishi has 30 seconds left.\n|\n|t:|1728144338\n|switch|p2b: Archaludon|Archaludon, L50, F|100\/100\n|turn|4\n|inactive|rvmt has 30 seconds left.\n|inactive|rvmt has 20 seconds left.\n|\n|t:|1728144375\n|move|p2a: Incineroar|Flare Blitz|p1a: Annihilape\n|-supereffective|p1a: Annihilape\n|-damage|p1a: Annihilape|0 fnt\n|faint|p1a: Annihilape\n|-damage|p2a: Incineroar|64\/100|[from] Recoil\n|move|p1b: Dragonite|Scale Shot|p2b: Archaludon\n|-damage|p2b: Archaludon|87\/100\n|-damage|p2b: Archaludon|74\/100\n|-damage|p2b: Archaludon|60\/100\n|-damage|p2b: Archaludon|47\/100\n|-damage|p2b: Archaludon|34\/100\n|-hitcount|p2b: Archaludon|5\n|-unboost|p1b: Dragonite|def|1\n|-boost|p1b: Dragonite|spe|1\n|move|p2b: Archaludon|Draco Meteor|p1b: Dragonite\n|-supereffective|p1b: Dragonite\n|-damage|p1b: Dragonite|0 fnt\n|-unboost|p2b: Archaludon|spa|2\n|faint|p1b: Dragonite\n|\n|-sideend|p2: koji muranishi|move: Tailwind\n|-sideend|p1: rvmt|move: Tailwind\n|upkeep\n|\n|t:|1728144378\n|switch|p1b: Excadrill|Excadrill, L50, F|100\/100\n|switch|p1a: Tyranitar|Tyranitar, L50, M|100\/100\n|-weather|Sandstorm|[from] ability: Sand Stream|[of] p1a: Tyranitar\n|turn|5\n|inactive|koji muranishi has 30 seconds left.\n|\n|t:|1728144405\n|move|p2a: Incineroar|Flare Blitz|p1b: Excadrill\n|-supereffective|p1b: Excadrill\n|-enditem|p1b: Excadrill|Focus Sash\n|-damage|p1b: Excadrill|1\/100\n|-status|p1b: Excadrill|brn\n|-damage|p2a: Incineroar|34\/100|[from] Recoil\n|-enditem|p2a: Incineroar|Sitrus Berry|[eat]\n|-heal|p2a: Incineroar|58\/100|[from] item: Sitrus Berry\n|move|p2b: Archaludon|Draco Meteor|p1b: Excadrill\n|-resisted|p1b: Excadrill\n|-damage|p1b: Excadrill|0 fnt\n|-unboost|p2b: Archaludon|spa|2\n|faint|p1b: Excadrill\n|move|p1a: Tyranitar|Rock Slide|p2a: Incineroar|[spread] p2a,p2b\n|-supereffective|p2a: Incineroar\n|-resisted|p2b: Archaludon\n|-crit|p2b: Archaludon\n|-damage|p2a: Incineroar|7\/100\n|-damage|p2b: Archaludon|14\/100\n|\n|-weather|Sandstorm|[upkeep]\n|-damage|p2a: Incineroar|1\/100|[from] Sandstorm\n|upkeep\n|turn|6\n|\n|t:|1728144427\n|switch|p2b: Whimsicott|Whimsicott, L50, F|50\/100\n|move|p2a: Incineroar|Will-O-Wisp|p1a: Tyranitar\n|-status|p1a: Tyranitar|brn\n|move|p1a: Tyranitar|Rock Slide|p2b: Whimsicott|[spread] p2b\n|-miss|p1a: Tyranitar|p2a: Incineroar\n|-damage|p2b: Whimsicott|25\/100\n|\n|-weather|Sandstorm|[upkeep]\n|-damage|p2a: Incineroar|0 fnt|[from] Sandstorm\n|-damage|p2b: Whimsicott|20\/100|[from] Sandstorm\n|faint|p2a: Incineroar\n|-damage|p1a: Tyranitar|95\/100 brn|[from] brn\n|-fieldend|move: Trick Room\n|upkeep\n|\n|t:|1728144443\n|switch|p2a: Archaludon|Archaludon, L50, F|14\/100\n|turn|7\n|\n|t:|1728144448\n|move|p1a: Tyranitar|Rock Slide|p2b: Whimsicott|[spread] p2a,p2b\n|-resisted|p2a: Archaludon\n|-damage|p2a: Archaludon|7\/100\n|-damage|p2b: Whimsicott|0 fnt\n|faint|p2b: Whimsicott\n|move|p2a: Archaludon|Flash Cannon|p1a: Tyranitar\n|-supereffective|p1a: Tyranitar\n|-damage|p1a: Tyranitar|0 fnt\n|faint|p1a: Tyranitar\n|\n|win|koji muranishi\n|raw|rvmt's rating: 1728 &rarr; <strong>1705<\/strong><br \/>(-23 for losing)\n|raw|koji muranishi's rating: 1681 &rarr; <strong>1704<\/strong><br \/>(+23 for winning)\n|l|\u2606rvmt\n|player|p1|\n|l| agnalam\n|l| awcnkec\n|l|\u2606koji muranishi\n|player|p2|\n","uploadtime":1728144704,"views":15,"formatid":"gen9vgc2024regh","rating":1704,"private":0,"password":null}