{"id":"gen9vgc2024regh-2216168481","format":"[Gen 9] VGC 2024 Reg H","players":["chiitancrazymascot","GX 339-4"],"log":"|j|\u2606chiitancrazymascot\n|j|\u2606GX 339-4\n|t:|1728088223\n|gametype|doubles\n|player|p1|chiitancrazymascot|pokemaniac|1682\n|player|p2|GX 339-4|skyla|1699\n|teamsize|p1|6\n|teamsize|p2|6\n|gen|9\n|tier|[Gen 9] VGC 2024 Reg H\n|rated|\n|rule|Species Clause: Limit one of each Pok\u00e9mon\n|rule|Item Clause: Limit 1 of each item\n|clearpoke\n|poke|p1|Annihilape, L50, M|\n|poke|p1|Dondozo, L50, M|\n|poke|p1|Maushold-Four, L50|\n|poke|p1|Gholdengo, L50|\n|poke|p1|Whimsicott, L50, F|\n|poke|p1|Tatsugiri, L50, M|\n|poke|p2|Arcanine-Hisui, L50, F|\n|poke|p2|Pelipper, L50, F|\n|poke|p2|Umbreon, L50, M|\n|poke|p2|Ursaluna-Bloodmoon, L50, M|\n|poke|p2|Clefable, L50, F|\n|poke|p2|Archaludon, L50, M|\n|teampreview|4\n|inactive|Battle timer is ON: inactive players will automatically lose when time's up. (requested by GX 339-4)\n|inactive|chiitancrazymascot also wants the timer to be on.\n|inactive|chiitancrazymascot has 60 seconds left.\n|\n|t:|1728088267\n|start\n|switch|p1a: Maushold|Maushold-Four, L50|100\/100\n|switch|p1b: Annihilape|Annihilape, L50, M, shiny|100\/100\n|switch|p2a: Ursaluna|Ursaluna-Bloodmoon, L50, M|100\/100\n|switch|p2b: Umbreon|Umbreon, L50, M, shiny|100\/100\n|turn|1\n|\n|t:|1728088275\n|-terastallize|p2a: Ursaluna|Ghost\n|move|p1a: Maushold|Taunt|p2b: Umbreon\n|-start|p2b: Umbreon|move: Taunt\n|move|p1b: Annihilape|Bulk Up|p1b: Annihilape\n|-boost|p1b: Annihilape|atk|1\n|-boost|p1b: Annihilape|def|1\n|cant|p2b: Umbreon|move: Taunt|Yawn\n|move|p2a: Ursaluna|Blood Moon|p1a: Maushold\n|-damage|p1a: Maushold|14\/100\n|\n|upkeep\n|turn|2\n|j| oherrodersir\n|\n|t:|1728088282\n|switch|p2b: Clefable|Clefable, L50, F|100\/100\n|move|p2a: Ursaluna|Vacuum Wave|p1a: Maushold\n|-supereffective|p1a: Maushold\n|-damage|p1a: Maushold|0 fnt\n|faint|p1a: Maushold\n|move|p1b: Annihilape|Rage Fist|p2a: Ursaluna\n|-supereffective|p2a: Ursaluna\n|-damage|p2a: Ursaluna|47\/100\n|\n|upkeep\n|\n|t:|1728088302\n|switch|p1a: Gholdengo|Gholdengo, L50|100\/100\n|turn|3\n|\n|t:|1728088310\n|switch|p2a: Umbreon|Umbreon, L50, M, shiny|100\/100\n|move|p2b: Clefable|Protect|p2b: Clefable\n|-singleturn|p2b: Clefable|Protect\n|move|p1b: Annihilape|Rage Fist|p2b: Clefable\n|-activate|p2b: Clefable|move: Protect\n|move|p1a: Gholdengo|Make It Rain|p2a: Umbreon|[spread] p2a\n|-activate|p2b: Clefable|move: Protect\n|-damage|p2a: Umbreon|59\/100\n|-unboost|p1a: Gholdengo|spa|1\n|\n|upkeep\n|turn|4\n|\n|t:|1728088323\n|switch|p1a: Whimsicott|Whimsicott, L50, F, shiny|100\/100\n|move|p2b: Clefable|Follow Me|p2b: Clefable\n|-singleturn|p2b: Clefable|move: Follow Me\n|move|p1b: Annihilape|Rage Fist|p2b: Clefable\n|-damage|p2b: Clefable|82\/100\n|move|p2a: Umbreon|Yawn|p1b: Annihilape\n|-start|p1b: Annihilape|move: Yawn|[of] p2a: Umbreon\n|\n|upkeep\n|turn|5\n|j| Fiery_lance\n|\n|t:|1728088348\n|-terastallize|p1b: Annihilape|Water\n|move|p1a: Whimsicott|Misty Terrain|p1a: Whimsicott\n|-fieldstart|move: Misty Terrain\n|move|p1b: Annihilape|Bulk Up|p1b: Annihilape\n|-boost|p1b: Annihilape|atk|1\n|-boost|p1b: Annihilape|def|1\n|move|p2a: Umbreon|Snarl|p1b: Annihilape|[spread] p1a\n|-miss|p2a: Umbreon|p1b: Annihilape\n|-resisted|p1a: Whimsicott\n|-damage|p1a: Whimsicott|95\/100\n|move|p2b: Clefable|Life Dew|p2b: Clefable|[spread] p2a,p2b\n|-heal|p2a: Umbreon|84\/100\n|-heal|p2b: Clefable|100\/100\n|\n|-end|p1b: Annihilape|move: Yawn|[silent]\n|-activate|p1b: Annihilape|move: Misty Terrain\n|upkeep\n|turn|6\n|\n|t:|1728088368\n|switch|p2a: Archaludon|Archaludon, L50, M|100\/100\n|move|p2b: Clefable|Follow Me|p2b: Clefable\n|-singleturn|p2b: Clefable|move: Follow Me\n|move|p1a: Whimsicott|Light Screen|p1a: Whimsicott\n|-sidestart|p1: chiitancrazymascot|move: Light Screen\n|move|p1b: Annihilape|Bulk Up|p1b: Annihilape\n|-boost|p1b: Annihilape|atk|1\n|-boost|p1b: Annihilape|def|1\n|\n|upkeep\n|turn|7\n|inactive|chiitancrazymascot has 30 seconds left.\n|\n|t:|1728088394\n|switch|p1a: Gholdengo|Gholdengo, L50|100\/100\n|move|p2b: Clefable|Follow Me|p2b: Clefable\n|-singleturn|p2b: Clefable|move: Follow Me\n|move|p2a: Archaludon|Flash Cannon|p1a: Gholdengo\n|-resisted|p1a: Gholdengo\n|-damage|p1a: Gholdengo|88\/100\n|move|p1b: Annihilape|Bulk Up|p1b: Annihilape\n|-boost|p1b: Annihilape|atk|1\n|-boost|p1b: Annihilape|def|1\n|\n|upkeep\n|turn|8\n|\n|t:|1728088400\n|move|p2b: Clefable|Follow Me|p2b: Clefable\n|-singleturn|p2b: Clefable|move: Follow Me\n|move|p2a: Archaludon|Electro Shot||[still]\n|-prepare|p2a: Archaludon|Electro Shot\n|-boost|p2a: Archaludon|spa|1\n|-enditem|p2a: Archaludon|Power Herb\n|-anim|p2a: Archaludon|Electro Shot|p1b: Annihilape\n|-supereffective|p1b: Annihilape\n|-crit|p1b: Annihilape\n|-damage|p1b: Annihilape|0 fnt\n|faint|p1b: Annihilape\n|move|p1a: Gholdengo|Make It Rain|p2b: Clefable|[spread] p2a,p2b\n|-resisted|p2a: Archaludon\n|-supereffective|p2b: Clefable\n|-damage|p2a: Archaludon|42\/100\n|-damage|p2b: Clefable|0 fnt\n|-unboost|p1a: Gholdengo|spa|1\n|faint|p2b: Clefable\n|\n|upkeep\n|\n|t:|1728088417\n|switch|p1b: Whimsicott|Whimsicott, L50, F, shiny|95\/100\n|switch|p2b: Ursaluna|Ursaluna-Bloodmoon, L50, M, tera:Ghost|47\/100\n|turn|9\n|\n|t:|1728088431\n|move|p1b: Whimsicott|Moonblast|p2a: Archaludon\n|-damage|p2a: Archaludon|4\/100\n|-unboost|p2a: Archaludon|spa|1\n|move|p2a: Archaludon|Flash Cannon|p1b: Whimsicott\n|-supereffective|p1b: Whimsicott\n|-damage|p1b: Whimsicott|18\/100\n|move|p1a: Gholdengo|Make It Rain|p2a: Archaludon|[spread] p2a,p2b\n|-resisted|p2a: Archaludon\n|-crit|p2a: Archaludon\n|-damage|p2a: Archaludon|0 fnt\n|-damage|p2b: Ursaluna|14\/100\n|-unboost|p1a: Gholdengo|spa|1\n|faint|p2a: Archaludon\n|move|p2b: Ursaluna|Earth Power|p1a: Gholdengo\n|-supereffective|p1a: Gholdengo\n|-damage|p1a: Gholdengo|19\/100\n|\n|-fieldend|Misty Terrain\n|upkeep\n|\n|t:|1728088444\n|switch|p2a: Umbreon|Umbreon, L50, M, shiny|84\/100\n|turn|10\n|\n|t:|1728088448\n|move|p2b: Ursaluna|Vacuum Wave|p1a: Gholdengo\n|-supereffective|p1a: Gholdengo\n|-damage|p1a: Gholdengo|0 fnt\n|faint|p1a: Gholdengo\n|move|p1b: Whimsicott|Moonblast|p2b: Ursaluna\n|-damage|p2b: Ursaluna|0 fnt\n|faint|p2b: Ursaluna\n|move|p2a: Umbreon|Snarl|p1b: Whimsicott\n|-resisted|p1b: Whimsicott\n|-damage|p1b: Whimsicott|13\/100\n|\n|-sideend|p1: chiitancrazymascot|move: Light Screen\n|upkeep\n|turn|11\n|\n|t:|1728088455\n|move|p1b: Whimsicott|Moonblast|p2a: Umbreon\n|-supereffective|p2a: Umbreon\n|-damage|p2a: Umbreon|53\/100\n|move|p2a: Umbreon|Foul Play|p1b: Whimsicott\n|-resisted|p1b: Whimsicott\n|-damage|p1b: Whimsicott|2\/100\n|\n|upkeep\n|turn|12\n|\n|t:|1728088460\n|move|p1b: Whimsicott|Moonblast|p2a: Umbreon\n|-supereffective|p2a: Umbreon\n|-damage|p2a: Umbreon|21\/100\n|-enditem|p2a: Umbreon|Sitrus Berry|[eat]\n|-heal|p2a: Umbreon|46\/100|[from] item: Sitrus Berry\n|move|p2a: Umbreon|Foul Play|p1b: Whimsicott\n|-resisted|p1b: Whimsicott\n|-damage|p1b: Whimsicott|0 fnt\n|faint|p1b: Whimsicott\n|\n|win|GX 339-4\n|raw|chiitancrazymascot's rating: 1682 &rarr; <strong>1663<\/strong><br \/>(-19 for losing)\n|raw|GX 339-4's rating: 1699 &rarr; <strong>1718<\/strong><br \/>(+19 for winning)\n|l|\u2606GX 339-4\n|player|p2|\n|l|\u2606chiitancrazymascot\n|player|p1|\n|l| oherrodersir\n|l| Fiery_lance\n","uploadtime":1728088633,"views":27,"formatid":"gen9vgc2024regh","rating":1663,"private":0,"password":null}