{"id":"gen9vgc2024regh-2216331913","format":"[Gen 9] VGC 2024 Reg H","players":["yanwen","Spottedwoot"],"log":"|j|\u2606yanwen\n|j|\u2606Spottedwoot\n|t:|1728112892\n|gametype|doubles\n|player|p1|yanwen|lyra|1679\n|player|p2|Spottedwoot|169|1784\n|teamsize|p1|6\n|teamsize|p2|6\n|gen|9\n|tier|[Gen 9] VGC 2024 Reg H\n|rated|\n|rule|Species Clause: Limit one of each Pok\u00e9mon\n|rule|Item Clause: Limit 1 of each item\n|clearpoke\n|poke|p1|Ninetales-Alola, L50, M|\n|poke|p1|Sneasler, L50, M|\n|poke|p1|Gholdengo, L50|\n|poke|p1|Dragonite, L50, F|\n|poke|p1|Ursaluna-Bloodmoon, L50, M|\n|poke|p1|Armarouge, L50, M|\n|poke|p2|Tyranitar, L50, F|\n|poke|p2|Excadrill, L50, F|\n|poke|p2|Primarina, L50, F|\n|poke|p2|Gothitelle, L50, F|\n|poke|p2|Rillaboom, L50, F|\n|poke|p2|Incineroar, L50, F|\n|teampreview|4\n|j| trfgtred\n|\n|t:|1728112919\n|start\n|switch|p1a: Gholdengo|Gholdengo, L50|100\/100\n|switch|p1b: Sneasler|Sneasler, L50, M|100\/100\n|switch|p2a: Primarina|Primarina, L50, F|100\/100\n|switch|p2b: Gothitelle|Gothitelle, L50, F|100\/100\n|turn|1\n|\n|t:|1728112934\n|move|p1b: Sneasler|Fake Out|p2a: Primarina\n|-damage|p2a: Primarina|83\/100\n|move|p1a: Gholdengo|Shadow Ball|p2b: Gothitelle\n|-supereffective|p2b: Gothitelle\n|-damage|p2b: Gothitelle|35\/100\n|-unboost|p2b: Gothitelle|spd|1\n|move|p2b: Gothitelle|Psychic|p1b: Sneasler\n|-supereffective|p1b: Sneasler\n|-enditem|p1b: Sneasler|Focus Sash\n|-damage|p1b: Sneasler|1\/100\n|-unboost|p1b: Sneasler|spd|1\n|cant|p2a: Primarina|flinch\n|\n|-heal|p2b: Gothitelle|41\/100|[from] item: Leftovers\n|upkeep\n|turn|2\n|\n|t:|1728112956\n|switch|p2b: Tyranitar|Tyranitar, L50, F|100\/100\n|-weather|Sandstorm|[from] ability: Sand Stream|[of] p2b: Tyranitar\n|move|p1b: Sneasler|Protect|p1b: Sneasler\n|-singleturn|p1b: Sneasler|Protect\n|move|p2a: Primarina|Protect|p2a: Primarina\n|-singleturn|p2a: Primarina|Protect\n|move|p1a: Gholdengo|Shadow Ball|p2b: Tyranitar\n|-resisted|p2b: Tyranitar\n|-damage|p2b: Tyranitar|85\/100\n|\n|-weather|Sandstorm|[upkeep]\n|-damage|p1b: Sneasler|0 fnt|[from] Sandstorm\n|-damage|p2a: Primarina|77\/100|[from] Sandstorm\n|faint|p1b: Sneasler\n|upkeep\n|\n|t:|1728112974\n|switch|p1b: Ursaluna|Ursaluna-Bloodmoon, L50, M|100\/100\n|turn|3\n|l| trfgtred\n|\n|t:|1728113004\n|-terastallize|p1b: Ursaluna|Water\n|move|p1a: Gholdengo|Shadow Ball|p2a: Primarina\n|-damage|p2a: Primarina|40\/100\n|move|p2b: Tyranitar|Knock Off|p1a: Gholdengo\n|-supereffective|p1a: Gholdengo\n|-damage|p1a: Gholdengo|0 fnt\n|-enditem|p1a: Gholdengo|Choice Scarf|[from] move: Knock Off|[of] p2b: Tyranitar\n|faint|p1a: Gholdengo\n|move|p2a: Primarina|Hyper Voice|p1b: Ursaluna\n|-resisted|p1b: Ursaluna\n|-damage|p1b: Ursaluna|83\/100\n|-enditem|p2a: Primarina|Throat Spray\n|-boost|p2a: Primarina|spa|1|[from] item: Throat Spray\n|move|p1b: Ursaluna|Earth Power|p2b: Tyranitar\n|-supereffective|p2b: Tyranitar\n|-damage|p2b: Tyranitar|10\/100\n|-unboost|p2b: Tyranitar|spd|1\n|\n|-weather|Sandstorm|[upkeep]\n|-damage|p2a: Primarina|34\/100|[from] Sandstorm\n|-damage|p1b: Ursaluna|76\/100|[from] Sandstorm\n|upkeep\n|\n|t:|1728113025\n|switch|p1a: Ninetales|Ninetales-Alola, L50, M|100\/100\n|-weather|Snow|[from] ability: Snow Warning|[of] p1a: Ninetales\n|turn|4\n|j| mistball2\n|\n|t:|1728113047\n|switch|p2b: Gothitelle|Gothitelle, L50, F|41\/100\n|move|p2a: Primarina|Protect|p2a: Primarina\n|-singleturn|p2a: Primarina|Protect\n|move|p1b: Ursaluna|Vacuum Wave|p2b: Gothitelle\n|-resisted|p2b: Gothitelle\n|-damage|p2b: Gothitelle|36\/100\n|move|p1a: Ninetales|Moonblast|p2a: Primarina\n|-activate|p2a: Primarina|move: Protect\n|\n|-weather|Snow|[upkeep]\n|-heal|p2b: Gothitelle|42\/100|[from] item: Leftovers\n|upkeep\n|turn|5\n|\n|t:|1728113063\n|move|p2b: Gothitelle|Fake Out|p1a: Ninetales\n|-damage|p1a: Ninetales|94\/100\n|cant|p1a: Ninetales|flinch\n|move|p2a: Primarina|Moonblast|p1b: Ursaluna\n|-damage|p1b: Ursaluna|19\/100\n|move|p1b: Ursaluna|Hyper Voice|p2b: Gothitelle|[spread] p2a,p2b\n|-damage|p2a: Primarina|2\/100\n|-damage|p2b: Gothitelle|18\/100\n|\n|-weather|Snow|[upkeep]\n|-heal|p2b: Gothitelle|24\/100|[from] item: Leftovers\n|upkeep\n|turn|6\n|\n|t:|1728113080\n|move|p2b: Gothitelle|Protect|p2b: Gothitelle\n|-singleturn|p2b: Gothitelle|Protect\n|move|p1b: Ursaluna|Vacuum Wave|p2a: Primarina\n|-resisted|p2a: Primarina\n|-damage|p2a: Primarina|0 fnt\n|faint|p2a: Primarina\n|move|p1a: Ninetales|Moonblast|p2b: Gothitelle\n|-activate|p2b: Gothitelle|move: Protect\n|\n|-weather|Snow|[upkeep]\n|-heal|p2b: Gothitelle|30\/100|[from] item: Leftovers\n|upkeep\n|\n|t:|1728113084\n|switch|p2a: Tyranitar|Tyranitar, L50, F|10\/100\n|-weather|Sandstorm|[from] ability: Sand Stream|[of] p2a: Tyranitar\n|turn|7\n|\n|t:|1728113102\n|-terastallize|p2a: Tyranitar|Ghost\n|move|p2a: Tyranitar|Rock Slide|p1b: Ursaluna|[spread] p1b\n|-miss|p2a: Tyranitar|p1a: Ninetales\n|-damage|p1b: Ursaluna|0 fnt\n|faint|p1b: Ursaluna\n|move|p1a: Ninetales|Moonblast|p2a: Tyranitar\n|-crit|p2a: Tyranitar\n|-damage|p2a: Tyranitar|0 fnt\n|faint|p2a: Tyranitar\n|move|p2b: Gothitelle|Psychic|p1a: Ninetales\n|-damage|p1a: Ninetales|58\/100\n|\n|-weather|Sandstorm|[upkeep]\n|-damage|p1a: Ninetales|52\/100|[from] Sandstorm\n|-damage|p2b: Gothitelle|24\/100|[from] Sandstorm\n|-heal|p2b: Gothitelle|30\/100|[from] item: Leftovers\n|upkeep\n|\n|t:|1728113114\n|switch|p2a: Excadrill|Excadrill, L50, F|100\/100\n|turn|8\n|-message|yanwen forfeited.\n|\n|win|Spottedwoot\n|raw|yanwen's rating: 1679 &rarr; <strong>1665<\/strong><br \/>(-14 for losing)\n|raw|Spottedwoot's rating: 1784 &rarr; <strong>1798<\/strong><br \/>(+14 for winning)\n|l|\u2606yanwen\n|player|p1|\n|l|\u2606Spottedwoot\n|player|p2|\n","uploadtime":1728113267,"views":25,"formatid":"gen9vgc2024regh","rating":1665,"private":0,"password":null}