{"id":"gen9vgc2024regh-2216325199","format":"[Gen 9] VGC 2024 Reg H","players":["wwwsssnnn","Spottedwoot"],"log":"|j|\u2606wwwsssnnn\n|j|\u2606Spottedwoot\n|t:|1728111514\n|gametype|doubles\n|player|p1|wwwsssnnn|266|1645\n|player|p2|Spottedwoot|169|1786\n|teamsize|p1|6\n|teamsize|p2|6\n|gen|9\n|tier|[Gen 9] VGC 2024 Reg H\n|rated|\n|rule|Species Clause: Limit one of each Pok\u00e9mon\n|rule|Item Clause: Limit 1 of each item\n|clearpoke\n|poke|p1|Armarouge, L50, F|\n|poke|p1|Primarina, L50, F|\n|poke|p1|Indeedee-F, L50, F|\n|poke|p1|Hatterene, L50, F|\n|poke|p1|Annihilape, L50, F|\n|poke|p1|Sneasler, L50, F|\n|poke|p2|Tyranitar, L50, F|\n|poke|p2|Excadrill, L50, F|\n|poke|p2|Primarina, L50, F|\n|poke|p2|Gothitelle, L50, M|\n|poke|p2|Rillaboom, L50, F|\n|poke|p2|Incineroar, L50, F|\n|teampreview|4\n|inactive|Battle timer is ON: inactive players will automatically lose when time's up. (requested by wwwsssnnn)\n|j| thymed\n|\n|t:|1728111543\n|start\n|switch|p1a: Annihilape|Annihilape, L50, F|100\/100\n|switch|p1b: Primarina|Primarina, L50, F|100\/100\n|switch|p2a: Primarina|Primarina, L50, F|100\/100\n|switch|p2b: Tyranitar|Tyranitar, L50, F|100\/100\n|-weather|Sandstorm|[from] ability: Sand Stream|[of] p2b: Tyranitar\n|turn|1\n|\n|t:|1728111556\n|move|p2a: Primarina|Protect|p2a: Primarina\n|-singleturn|p2a: Primarina|Protect\n|move|p1a: Annihilape|Final Gambit|p2a: Primarina\n|-activate|p2a: Primarina|move: Protect\n|move|p2b: Tyranitar|Knock Off|p1a: Annihilape\n|-damage|p1a: Annihilape|51\/100\n|-enditem|p1a: Annihilape|Choice Scarf|[from] move: Knock Off|[of] p2b: Tyranitar\n|move|p1b: Primarina|Hyper Voice|p2b: Tyranitar|[spread] p2b\n|-activate|p2a: Primarina|move: Protect\n|-supereffective|p2b: Tyranitar\n|-damage|p2b: Tyranitar|49\/100\n|-enditem|p1b: Primarina|Throat Spray\n|-boost|p1b: Primarina|spa|1|[from] item: Throat Spray\n|\n|-weather|Sandstorm|[upkeep]\n|-damage|p1a: Annihilape|45\/100|[from] Sandstorm\n|-damage|p1b: Primarina|95\/100|[from] Sandstorm\n|-damage|p2a: Primarina|95\/100|[from] Sandstorm\n|upkeep\n|turn|2\n|\n|t:|1728111571\n|move|p2b: Tyranitar|Knock Off|p1b: Primarina\n|-resisted|p1b: Primarina\n|-damage|p1b: Primarina|73\/100\n|move|p1a: Annihilape|Final Gambit|p2b: Tyranitar\n|-damage|p2b: Tyranitar|0 fnt\n|faint|p1a: Annihilape\n|faint|p2b: Tyranitar\n|move|p1b: Primarina|Moonblast|p2a: Primarina\n|-damage|p2a: Primarina|25\/100\n|move|p2a: Primarina|Hyper Voice|p1b: Primarina\n|-resisted|p1b: Primarina\n|-damage|p1b: Primarina|52\/100\n|-enditem|p2a: Primarina|Throat Spray\n|-boost|p2a: Primarina|spa|1|[from] item: Throat Spray\n|\n|-weather|Sandstorm|[upkeep]\n|-damage|p2a: Primarina|19\/100|[from] Sandstorm\n|-damage|p1b: Primarina|46\/100|[from] Sandstorm\n|upkeep\n|\n|t:|1728111580\n|switch|p1a: Indeedee|Indeedee-F, L50, F|100\/100\n|switch|p2b: monke|Rillaboom, L50, F|100\/100\n|-fieldstart|move: Grassy Terrain|[from] ability: Grassy Surge|[of] p2b: monke\n|-fieldstart|move: Psychic Terrain|[from] ability: Psychic Surge|[of] p1a: Indeedee\n|turn|3\n|\n|t:|1728111594\n|switch|p1a: Armarouge|Armarouge, L50, F|100\/100\n|-terastallize|p1b: Primarina|Steel\n|move|p2a: Primarina|Protect|p2a: Primarina\n|-singleturn|p2a: Primarina|Protect\n|move|p2b: monke|U-turn|p1a: Armarouge\n|-damage|p1a: Armarouge|70\/100\n|-ability|p1a: Armarouge|Weak Armor|boost\n|-unboost|p1a: Armarouge|def|1\n|-boost|p1a: Armarouge|spe|2\n|\n|t:|1728111603\n|switch|p2b: Gothitelle|Gothitelle, L50, M|100\/100|[from] U-turn\n|move|p1b: Primarina|Moonblast|p2a: Primarina\n|-activate|p2a: Primarina|move: Protect\n|\n|-weather|Sandstorm|[upkeep]\n|-damage|p1a: Armarouge|64\/100|[from] Sandstorm\n|-damage|p2b: Gothitelle|94\/100|[from] Sandstorm\n|-damage|p2a: Primarina|13\/100|[from] Sandstorm\n|-heal|p2b: Gothitelle|100\/100|[from] item: Leftovers\n|upkeep\n|turn|4\n|\n|t:|1728111621\n|switch|p2a: monke|Rillaboom, L50, F|100\/100\n|-fieldstart|move: Grassy Terrain|[from] ability: Grassy Surge|[of] p2a: monke\n|move|p1a: Armarouge|Heat Wave|p2a: monke|[spread] p2a,p2b\n|-supereffective|p2a: monke\n|-damage|p2a: monke|34\/100\n|-damage|p2b: Gothitelle|73\/100\n|move|p2b: Gothitelle|Psychic|p1a: Armarouge\n|-resisted|p1a: Armarouge\n|-damage|p1a: Armarouge|45\/100\n|move|p1b: Primarina|Moonblast|p2b: Gothitelle\n|-damage|p2b: Gothitelle|19\/100\n|\n|-weather|Sandstorm|[upkeep]\n|-damage|p1a: Armarouge|39\/100|[from] Sandstorm\n|-damage|p2a: monke|28\/100|[from] Sandstorm\n|-damage|p2b: Gothitelle|12\/100|[from] Sandstorm\n|-heal|p1a: Armarouge|45\/100|[from] Grassy Terrain\n|-heal|p2a: monke|34\/100|[from] Grassy Terrain\n|-heal|p2b: Gothitelle|19\/100|[from] Grassy Terrain\n|-heal|p2b: Gothitelle|25\/100|[from] item: Leftovers\n|-heal|p1b: Primarina|52\/100|[from] Grassy Terrain\n|upkeep\n|turn|5\n|\n|t:|1728111638\n|-terastallize|p2a: monke|Fire\n|move|p1a: Armarouge|Protect|p1a: Armarouge\n|-singleturn|p1a: Armarouge|Protect\n|move|p1b: Primarina|Protect|p1b: Primarina\n|-singleturn|p1b: Primarina|Protect\n|move|p2a: monke|Wood Hammer|p1a: Armarouge\n|-activate|p1a: Armarouge|move: Protect\n|move|p2b: Gothitelle|Psychic|p1b: Primarina\n|-activate|p1b: Primarina|move: Protect\n|\n|-weather|none\n|-heal|p1a: Armarouge|51\/100|[from] Grassy Terrain\n|-heal|p2a: monke|40\/100|[from] Grassy Terrain\n|-heal|p2b: Gothitelle|31\/100|[from] Grassy Terrain\n|-heal|p2b: Gothitelle|37\/100|[from] item: Leftovers\n|-heal|p1b: Primarina|58\/100|[from] Grassy Terrain\n|upkeep\n|turn|6\n|\n|t:|1728111652\n|move|p1a: Armarouge|Heat Wave|p2a: monke|[spread] p2a\n|-miss|p1a: Armarouge|p2b: Gothitelle\n|-resisted|p2a: monke\n|-damage|p2a: monke|27\/100\n|move|p2a: monke|Wood Hammer|p1a: Armarouge\n|-resisted|p1a: Armarouge\n|-damage|p1a: Armarouge|0 fnt\n|faint|p1a: Armarouge\n|-damage|p2a: monke|13\/100|[from] Recoil\n|move|p2b: Gothitelle|Psychic|p1b: Primarina\n|-resisted|p1b: Primarina\n|-crit|p1b: Primarina\n|-damage|p1b: Primarina|41\/100\n|move|p1b: Primarina|Hyper Voice|p2b: Gothitelle|[spread] p2a,p2b\n|-supereffective|p2a: monke\n|-damage|p2a: monke|0 fnt\n|-damage|p2b: Gothitelle|0 fnt\n|faint|p2a: monke\n|faint|p2b: Gothitelle\n|\n|-heal|p1b: Primarina|46\/100|[from] Grassy Terrain\n|upkeep\n|\n|t:|1728111667\n|switch|p1a: Indeedee|Indeedee-F, L50, F|100\/100\n|switch|p2b: Primarina|Primarina, L50, F|13\/100\n|-fieldstart|move: Psychic Terrain|[from] ability: Psychic Surge|[of] p1a: Indeedee\n|turn|7\n|-message|Spottedwoot forfeited.\n|\n|win|wwwsssnnn\n|raw|wwwsssnnn's rating: 1645 &rarr; <strong>1673<\/strong><br \/>(+28 for winning)\n|raw|Spottedwoot's rating: 1786 &rarr; <strong>1758<\/strong><br \/>(-28 for losing)\n|l|\u2606Spottedwoot\n|player|p2|\n|l|\u2606wwwsssnnn\n|player|p1|\n|l| thymed\n","uploadtime":1728111900,"views":17,"formatid":"gen9vgc2024regh","rating":1673,"private":0,"password":null}