{"id":"gen9vgc2024regh-2216591145","format":"[Gen 9] VGC 2024 Reg H","players":["elmasiso","jhdreamer"],"log":"|j|\u2606elmasiso\n|j|\u2606jhdreamer\n|t:|1728150322\n|gametype|doubles\n|player|p1|elmasiso|101|1675\n|player|p2|jhdreamer|265|1718\n|teamsize|p1|6\n|teamsize|p2|6\n|gen|9\n|tier|[Gen 9] VGC 2024 Reg H\n|rated|\n|rule|Species Clause: Limit one of each Pok\u00e9mon\n|rule|Item Clause: Limit 1 of each item\n|clearpoke\n|poke|p1|Indeedee-F, L50, F|\n|poke|p1|Armarouge, L50, M|\n|poke|p1|Porygon2, L50|\n|poke|p1|Archaludon, L50, M|\n|poke|p1|Torkoal, L50, F|\n|poke|p1|Basculegion, L50, M|\n|poke|p2|Torkoal, L50, M|\n|poke|p2|Gardevoir, L50, F|\n|poke|p2|Gallade, L50, M|\n|poke|p2|Ursaluna, L50, M|\n|poke|p2|Talonflame, L50, M|\n|poke|p2|Indeedee-F, L50, F|\n|teampreview|4\n|l|\u2606elmasiso\n|player|p1|\n|j|\u2606elmasiso\n|player|p1|elmasiso|101|\n|inactive|Battle timer is ON: inactive players will automatically lose when time's up. (requested by elmasiso)\n|\n|t:|1728150384\n|start\n|switch|p1a: Armarouge|Armarouge, L50, M|100\/100\n|switch|p1b: Torkoal|Torkoal, L50, F|100\/100\n|switch|p2a: Ursaluna|Ursaluna, L50, M|100\/100\n|switch|p2b: Talonflame|Talonflame, L50, M|100\/100\n|-weather|SunnyDay|[from] ability: Drought|[of] p1b: Torkoal\n|turn|1\n|\n|t:|1728150395\n|switch|p1b: Indeedee|Indeedee-F, L50, F|100\/100\n|-fieldstart|move: Psychic Terrain|[from] ability: Psychic Surge|[of] p1b: Indeedee\n|-terastallize|p1a: Armarouge|Grass\n|move|p2b: Talonflame|Taunt|p1a: Armarouge\n|-start|p1a: Armarouge|move: Taunt\n|move|p1a: Armarouge|Expanding Force|p2a: Ursaluna|[spread] p2a,p2b\n|-damage|p2a: Ursaluna|35\/100\n|-damage|p2b: Talonflame|14\/100\n|move|p2a: Ursaluna|Earthquake|p1a: Armarouge|[spread] p1a,p1b\n|-immune|p2b: Talonflame\n|-resisted|p1a: Armarouge\n|-damage|p1a: Armarouge|78\/100\n|-damage|p1b: Indeedee|55\/100\n|-ability|p1a: Armarouge|Weak Armor|boost\n|-unboost|p1a: Armarouge|def|1\n|-boost|p1a: Armarouge|spe|2\n|-enditem|p1b: Indeedee|Eject Button\n|j| trfgtred\n|\n|t:|1728150420\n|switch|p1b: Torkoal|Torkoal, L50, F|100\/100\n|\n|-weather|SunnyDay|[upkeep]\n|-status|p2a: Ursaluna|brn|[from] item: Flame Orb\n|upkeep\n|turn|2\n|\n|t:|1728150437\n|move|p2a: Ursaluna|Protect|p2a: Ursaluna\n|-singleturn|p2a: Ursaluna|Protect\n|move|p1a: Armarouge|Expanding Force|p2a: Ursaluna|[spread] p2b\n|-activate|p2a: Ursaluna|move: Protect\n|-damage|p2b: Talonflame|0 fnt\n|faint|p2b: Talonflame\n|move|p1b: Torkoal|Heat Wave|p2a: Ursaluna\n|-activate|p2a: Ursaluna|move: Protect\n|\n|-weather|SunnyDay|[upkeep]\n|-damage|p2a: Ursaluna|29\/100 brn|[from] brn\n|upkeep\n|\n|t:|1728150448\n|switch|p2b: Gallade|Gallade, L50, M|100\/100\n|turn|3\n|\n|t:|1728150465\n|switch|p1b: Indeedee|Indeedee-F, L50, F|55\/100\n|move|p2b: Gallade|Wide Guard|p2b: Gallade\n|-singleturn|p2b: Gallade|Wide Guard\n|move|p1a: Armarouge|Armor Cannon|p2b: Gallade\n|-damage|p2b: Gallade|8\/100\n|-unboost|p1a: Armarouge|def|1\n|-unboost|p1a: Armarouge|spd|1\n|move|p2a: Ursaluna|Facade|p1a: Armarouge\n|-damage|p1a: Armarouge|0 fnt\n|faint|p1a: Armarouge\n|\n|-weather|SunnyDay|[upkeep]\n|-damage|p2a: Ursaluna|24\/100 brn|[from] brn\n|upkeep\n|l| trfgtred\n|\n|t:|1728150480\n|switch|p1a: Basculegion|Basculegion, L50, M|100\/100\n|turn|4\n|j| tnrnsbkr\n|\n|t:|1728150503\n|move|p1a: Basculegion|Psychic Fangs|p2a: Ursaluna\n|-damage|p2a: Ursaluna|0 fnt\n|faint|p2a: Ursaluna\n|move|p1b: Indeedee|Psyshock|p2b: Gallade\n|-damage|p2b: Gallade|0 fnt\n|faint|p2b: Gallade\n|\n|-weather|SunnyDay|[upkeep]\n|upkeep\n|\n|t:|1728150509\n|switch|p2b: Gardevoir|Gardevoir, L50, F, shiny|100\/100\n|turn|5\n|l| tnrnsbkr\n|\n|t:|1728150528\n|switch|p1a: Torkoal|Torkoal, L50, F|100\/100\n|-terastallize|p2b: Gardevoir|Water\n|move|p2b: Gardevoir|Expanding Force|p1a: Torkoal|[spread] p1a,p1b\n|-resisted|p1b: Indeedee\n|-damage|p1a: Torkoal|0 fnt\n|-damage|p1b: Indeedee|17\/100\n|faint|p1a: Torkoal\n|-damage|p2b: Gardevoir|91\/100|[from] item: Life Orb\n|move|p1b: Indeedee|Trick Room|p1b: Indeedee\n|-fieldstart|move: Trick Room|[of] p1b: Indeedee\n|\n|-weather|none\n|-fieldend|move: Psychic Terrain\n|upkeep\n|\n|t:|1728150538\n|switch|p1a: Basculegion|Basculegion, L50, M|100\/100\n|turn|6\n|\n|t:|1728150546\n|move|p1b: Indeedee|Follow Me|p1b: Indeedee\n|-singleturn|p1b: Indeedee|move: Follow Me\n|move|p2b: Gardevoir|Dazzling Gleam|p1b: Indeedee|[spread] p1a,p1b\n|-damage|p1a: Basculegion|46\/100\n|-damage|p1b: Indeedee|0 fnt\n|faint|p1b: Indeedee\n|-damage|p2b: Gardevoir|81\/100|[from] item: Life Orb\n|move|p1a: Basculegion|Last Respects|p2b: Gardevoir\n|-damage|p2b: Gardevoir|0 fnt\n|faint|p2b: Gardevoir\n|\n|win|elmasiso\n|raw|elmasiso's rating: 1675 &rarr; <strong>1697<\/strong><br \/>(+22 for winning)\n|raw|jhdreamer's rating: 1718 &rarr; <strong>1696<\/strong><br \/>(-22 for losing)\n|l|\u2606elmasiso\n|player|p1|\n|l|\u2606jhdreamer\n|player|p2|\n","uploadtime":1728150790,"views":18,"formatid":"gen9vgc2024regh","rating":1696,"private":0,"password":null}