{"id":"gen9vgc2024regh-2216443681","format":"[Gen 9] VGC 2024 Reg H","players":["something123","chin8"],"log":"|j|\u2606something123\n|j|\u2606chin8\n|t:|1728133161\n|gametype|doubles\n|player|p1|something123|265|1711\n|player|p2|chin8|gentleman-gen4dp|1723\n|teamsize|p1|6\n|teamsize|p2|6\n|gen|9\n|tier|[Gen 9] VGC 2024 Reg H\n|rated|\n|rule|Species Clause: Limit one of each Pok\u00e9mon\n|rule|Item Clause: Limit 1 of each item\n|clearpoke\n|poke|p1|Kingambit, L50, M|\n|poke|p1|Sneasler, L50, F|\n|poke|p1|Rillaboom, L50, M|\n|poke|p1|Primarina, L50, F|\n|poke|p1|Electabuzz, L50, F|\n|poke|p1|Ninetales-Alola, L50, M|\n|poke|p2|Baxcalibur, L50, F|\n|poke|p2|Kilowattrel, L50, F|\n|poke|p2|Heracross, L50, F|\n|poke|p2|Gardevoir, L50, F|\n|poke|p2|Magmortar, L50, F|\n|poke|p2|Gholdengo, L50|\n|teampreview|4\n|inactive|Battle timer is ON: inactive players will automatically lose when time's up. (requested by chin8)\n|inactive|something123 has 60 seconds left.\n|j| Tian15\n|inactive|something123 has 30 seconds left.\n|\n|t:|1728133296\n|start\n|switch|p1a: Primarina|Primarina, L50, F|100\/100\n|switch|p1b: Electabuzz|Electabuzz, L50, F|100\/100\n|switch|p2a: Gholdengo|Gholdengo, L50|100\/100\n|switch|p2b: Magmortar|Magmortar, L50, F|100\/100\n|turn|1\n|inactive|something123 has 30 seconds left.\n|\n|t:|1728133330\n|switch|p2b: Baxcalibur|Baxcalibur, L50, F|100\/100\n|move|p1b: Electabuzz|Thunderbolt|p2a: Gholdengo\n|-damage|p2a: Gholdengo|74\/100\n|move|p2a: Gholdengo|Nasty Plot|p2a: Gholdengo\n|-boost|p2a: Gholdengo|spa|2\n|move|p1a: Primarina|Hyper Voice|p2b: Baxcalibur|[spread] p2a,p2b\n|-resisted|p2b: Baxcalibur\n|-damage|p2a: Gholdengo|40\/100\n|-damage|p2b: Baxcalibur|92\/100\n|\n|-heal|p2a: Gholdengo|46\/100|[from] item: Leftovers\n|upkeep\n|turn|2\n|j| B2320\n|\n|t:|1728133355\n|-terastallize|p1a: Primarina|Steel\n|move|p2a: Gholdengo|Protect|p2a: Gholdengo\n|-singleturn|p2a: Gholdengo|Protect\n|move|p1b: Electabuzz|Thunderbolt|p2a: Gholdengo\n|-activate|p2a: Gholdengo|move: Protect\n|move|p2b: Baxcalibur|Earthquake|p1a: Primarina|[spread] p1a,p1b\n|-activate|p2a: Gholdengo|move: Protect\n|-supereffective|p1a: Primarina\n|-supereffective|p1b: Electabuzz\n|-damage|p1a: Primarina|39\/100\n|-damage|p1b: Electabuzz|49\/100\n|-enditem|p1a: Primarina|Sitrus Berry|[eat]\n|-heal|p1a: Primarina|64\/100|[from] item: Sitrus Berry\n|move|p1a: Primarina|Moonblast|p2b: Baxcalibur\n|-supereffective|p2b: Baxcalibur\n|-damage|p2b: Baxcalibur|42\/100\n|-unboost|p2b: Baxcalibur|spa|1\n|\n|-heal|p2a: Gholdengo|53\/100|[from] item: Leftovers\n|upkeep\n|turn|3\n|l| B2320\n|inactive|something123 has 30 seconds left.\n|inactive|something123 has 20 seconds left.\n|inactive|something123 has 15 seconds left.\n|inactive|something123 has 10 seconds left.\n|inactive|something123 has 5 seconds left.\n|\n|t:|1728133406\n|move|p1b: Electabuzz|Thunderbolt|p2a: Gholdengo\n|-damage|p2a: Gholdengo|23\/100\n|move|p2b: Baxcalibur|Glaive Rush|p1b: Electabuzz\n|-damage|p1b: Electabuzz|0 fnt\n|-singlemove|p2b: Baxcalibur|Glaive Rush|[silent]\n|faint|p1b: Electabuzz\n|move|p2a: Gholdengo|Shadow Ball|p1a: Primarina\n|-damage|p1a: Primarina|0 fnt\n|faint|p1a: Primarina\n|\n|-heal|p2a: Gholdengo|29\/100|[from] item: Leftovers\n|upkeep\n|\n|t:|1728133416\n|switch|p1b: Sneasler|Sneasler, L50, F|100\/100\n|switch|p1a: Rillaboom|Rillaboom, L50, M|100\/100\n|-fieldstart|move: Grassy Terrain|[from] ability: Grassy Surge|[of] p1a: Rillaboom\n|-enditem|p1b: Sneasler|Grassy Seed\n|-boost|p1b: Sneasler|def|1|[from] item: Grassy Seed\n|turn|4\n|j| DonShitDozo\n|inactive|something123 has 30 seconds left.\n|\n|t:|1728133444\n|switch|p2b: Magmortar|Magmortar, L50, F|100\/100\n|move|p2a: Gholdengo|Protect|p2a: Gholdengo\n|-singleturn|p2a: Gholdengo|Protect\n|move|p1b: Sneasler|Swords Dance|p1b: Sneasler\n|-boost|p1b: Sneasler|atk|2\n|move|p1a: Rillaboom|Knock Off|p2b: Magmortar\n|-damage|p2b: Magmortar|64\/100\n|-status|p1a: Rillaboom|brn|[from] ability: Flame Body|[of] p2b: Magmortar\n|-enditem|p2b: Magmortar|Sitrus Berry|[from] move: Knock Off|[of] p1a: Rillaboom\n|\n|-heal|p2a: Gholdengo|36\/100|[from] Grassy Terrain\n|-heal|p2a: Gholdengo|42\/100|[from] item: Leftovers\n|-heal|p2b: Magmortar|70\/100|[from] Grassy Terrain\n|-damage|p1a: Rillaboom|95\/100 brn|[from] brn\n|upkeep\n|turn|5\n|inactive|something123 has 30 seconds left.\n|inactive|something123 has 20 seconds left.\n|\n|t:|1728133481\n|move|p2b: Magmortar|Follow Me|p2b: Magmortar\n|-singleturn|p2b: Magmortar|move: Follow Me\n|move|p1b: Sneasler|Acrobatics|p2b: Magmortar\n|-crit|p2b: Magmortar\n|-damage|p2b: Magmortar|0 fnt\n|-status|p1b: Sneasler|brn|[from] ability: Flame Body|[of] p2b: Magmortar\n|faint|p2b: Magmortar\n|move|p1a: Rillaboom|Knock Off|p2a: Gholdengo\n|-supereffective|p2a: Gholdengo\n|-damage|p2a: Gholdengo|13\/100\n|-enditem|p2a: Gholdengo|Leftovers|[from] move: Knock Off|[of] p1a: Rillaboom\n|move|p2a: Gholdengo|Make It Rain|p1b: Sneasler|[spread] p1a,p1b\n|-damage|p1a: Rillaboom|25\/100 brn\n|-damage|p1b: Sneasler|0 fnt\n|-unboost|p2a: Gholdengo|spa|1\n|faint|p1b: Sneasler\n|\n|-heal|p1a: Rillaboom|30\/100 brn|[from] Grassy Terrain\n|-heal|p2a: Gholdengo|19\/100|[from] Grassy Terrain\n|-damage|p1a: Rillaboom|25\/100 brn|[from] brn\n|upkeep\n|\n|t:|1728133493\n|switch|p2b: Baxcalibur|Baxcalibur, L50, F|42\/100\n|turn|6\n|-message|something123 forfeited.\n|\n|win|chin8\n|raw|something123's rating: 1711 &rarr; <strong>1692<\/strong><br \/>(-19 for losing)\n|raw|chin8's rating: 1723 &rarr; <strong>1742<\/strong><br \/>(+19 for winning)\n|l|\u2606something123\n|player|p1|\n|l|\u2606chin8\n|player|p2|\n|l| Tian15\n|l| DonShitDozo\n","uploadtime":1728133766,"views":30,"formatid":"gen9vgc2024regh","rating":1692,"private":0,"password":null}