{"id":"gen9vgc2024regh-2216480302","format":"[Gen 9] VGC 2024 Reg H","players":["mezobasha","mattun"],"log":"|j|\u2606mezobasha\n|j|\u2606mattun\n|t:|1728138005\n|gametype|doubles\n|player|p1|mezobasha|102|1693\n|player|p2|mattun|1|1760\n|teamsize|p1|6\n|teamsize|p2|6\n|gen|9\n|tier|[Gen 9] VGC 2024 Reg H\n|rated|\n|rule|Species Clause: Limit one of each Pok\u00e9mon\n|rule|Item Clause: Limit 1 of each item\n|clearpoke\n|poke|p1|Armarouge, L50, M|\n|poke|p1|Indeedee-F, L50, F|\n|poke|p1|Ursaluna, L50, F|\n|poke|p1|Gallade, L50, M|\n|poke|p1|Torkoal, L50, M|\n|poke|p1|Lilligant-Hisui, L50, F|\n|poke|p2|Blastoise, L50, F|\n|poke|p2|Sylveon, L50, M|\n|poke|p2|Indeedee, L50, M|\n|poke|p2|Gallade, L50, M|\n|poke|p2|Drifblim, L50, M|\n|poke|p2|Electabuzz, L50, F|\n|teampreview|4\n|inactive|Battle timer is ON: inactive players will automatically lose when time's up. (requested by mezobasha)\n|\n|t:|1728138037\n|start\n|switch|p1a: Gallade|Gallade, L50, M|100\/100\n|switch|p1b: Armarouge|Armarouge, L50, M|100\/100\n|switch|p2a: Indeedee|Indeedee, L50, M|100\/100\n|switch|p2b: Drifblim|Drifblim, L50, M|100\/100\n|-fieldstart|move: Psychic Terrain|[from] ability: Psychic Surge|[of] p2a: Indeedee\n|-enditem|p2b: Drifblim|Psychic Seed\n|-boost|p2b: Drifblim|spd|1|[from] item: Psychic Seed\n|turn|1\n|\n|t:|1728138044\n|move|p1a: Gallade|Wide Guard|p1a: Gallade\n|-singleturn|p1a: Gallade|Wide Guard\n|move|p2b: Drifblim|Acrobatics|p1a: Gallade\n|-supereffective|p1a: Gallade\n|-damage|p1a: Gallade|0 fnt\n|faint|p1a: Gallade\n|move|p2a: Indeedee|Imprison|p2a: Indeedee\n|-start|p2a: Indeedee|move: Imprison\n|cant|p1b: Armarouge|move: Imprison|Expanding Force\n|\n|upkeep\n|\n|t:|1728138054\n|switch|p1a: Torkoal|Torkoal, L50, M|100\/100\n|-weather|SunnyDay|[from] ability: Drought|[of] p1a: Torkoal\n|turn|2\n|\n|t:|1728138065\n|-terastallize|p1a: Torkoal|Fire\n|move|p2b: Drifblim|Acrobatics|p1b: Armarouge\n|-damage|p1b: Armarouge|54\/100\n|move|p2a: Indeedee|Expanding Force|p1b: Armarouge|[spread] p1a,p1b\n|-resisted|p1b: Armarouge\n|-damage|p1a: Torkoal|33\/100\n|-damage|p1b: Armarouge|26\/100\n|move|p1b: Armarouge|Armor Cannon|p2a: Indeedee\n|-enditem|p2a: Indeedee|Focus Sash\n|-damage|p2a: Indeedee|1\/100\n|-unboost|p1b: Armarouge|def|1\n|-unboost|p1b: Armarouge|spd|1\n|-damage|p1b: Armarouge|17\/100|[from] item: Life Orb\n|move|p1a: Torkoal|Heat Wave|p2a: Indeedee|[spread] p2a,p2b\n|-damage|p2a: Indeedee|0 fnt\n|-damage|p2b: Drifblim|51\/100\n|faint|p2a: Indeedee\n|\n|-weather|SunnyDay|[upkeep]\n|upkeep\n|\n|t:|1728138077\n|switch|p2a: Blastoise|Blastoise, L50, F|100\/100\n|turn|3\n|\n|t:|1728138098\n|move|p2b: Drifblim|Tailwind|p2b: Drifblim\n|-sidestart|p2: mattun|move: Tailwind\n|move|p2a: Blastoise|Water Spout|p1b: Armarouge|[spread] p1a,p1b\n|-supereffective|p1a: Torkoal\n|-supereffective|p1b: Armarouge\n|-damage|p1a: Torkoal|0 fnt\n|-damage|p1b: Armarouge|0 fnt\n|faint|p1a: Torkoal\n|faint|p1b: Armarouge\n|\n|-weather|SunnyDay|[upkeep]\n|upkeep\n|\n|t:|1728138102\n|switch|p1b: Ursaluna|Ursaluna, L50, F|100\/100\n|turn|4\n|\n|t:|1728138113\n|-terastallize|p2a: Blastoise|Water\n|move|p1b: Ursaluna|Protect|p1b: Ursaluna\n|-singleturn|p1b: Ursaluna|Protect\n|move|p2b: Drifblim|Acrobatics|p1b: Ursaluna\n|-activate|p1b: Ursaluna|move: Protect\n|move|p2a: Blastoise|Water Spout|p1b: Ursaluna\n|-activate|p1b: Ursaluna|move: Protect\n|\n|-weather|SunnyDay|[upkeep]\n|-status|p1b: Ursaluna|brn|[from] item: Flame Orb\n|upkeep\n|turn|5\n|\n|t:|1728138119\n|move|p2b: Drifblim|Acrobatics|p1b: Ursaluna\n|-damage|p1b: Ursaluna|66\/100 brn\n|move|p2a: Blastoise|Water Spout|p1b: Ursaluna\n|-supereffective|p1b: Ursaluna\n|-damage|p1b: Ursaluna|0 fnt\n|faint|p1b: Ursaluna\n|\n|win|mattun\n|raw|mezobasha's rating: 1693 &rarr; <strong>1677<\/strong><br \/>(-16 for losing)\n|raw|mattun's rating: 1760 &rarr; <strong>1776<\/strong><br \/>(+16 for winning)\n|l|\u2606mezobasha\n|player|p1|\n|l|\u2606mattun\n|player|p2|\n","uploadtime":1728138340,"views":14,"formatid":"gen9vgc2024regh","rating":1677,"private":0,"password":null}