{"id":"gen9vgc2024regh-2216435555","format":"[Gen 9] VGC 2024 Reg H","players":["daniiivgc","pokehys3"],"log":"|j|\u203ddaniiivgc\n|j|\u2606pokehys3\n|t:|1728131984\n|gametype|doubles\n|player|p1|daniiivgc|gambler|1687\n|player|p2|pokehys3|169|1665\n|teamsize|p1|6\n|teamsize|p2|6\n|gen|9\n|tier|[Gen 9] VGC 2024 Reg H\n|rated|\n|rule|Species Clause: Limit one of each Pok\u00e9mon\n|rule|Item Clause: Limit 1 of each item\n|clearpoke\n|poke|p1|Abomasnow, L50, F|\n|poke|p1|Rotom-Frost, L50|\n|poke|p1|Blaziken, L50, M|\n|poke|p1|Samurott-Hisui, L50, F|\n|poke|p1|Talonflame, L50, M|\n|poke|p1|Garchomp, L50, F|\n|poke|p2|Dragapult, L50, F|\n|poke|p2|Sneasler, L50, M|\n|poke|p2|Indeedee, L50, M|\n|poke|p2|Talonflame, L50, M|\n|poke|p2|Gholdengo, L50|\n|poke|p2|Amoonguss, L50, F|\n|teampreview|4\n|inactive|Battle timer is ON: inactive players will automatically lose when time's up. (requested by pokehys3)\n|\n|t:|1728132008\n|start\n|switch|p1a: Talonflame|Talonflame, L50, M|100\/100\n|switch|p1b: Samurott|Samurott-Hisui, L50, F|100\/100\n|switch|p2a: Talonflame|Talonflame, L50, M|100\/100\n|switch|p2b: Dragapult|Dragapult, L50, F|100\/100\n|turn|1\n|\n|t:|1728132017\n|move|p1b: Samurott|Protect|p1b: Samurott\n|-singleturn|p1b: Samurott|Protect\n|move|p2a: Talonflame|Tailwind|p2a: Talonflame\n|-sidestart|p2: pokehys3|move: Tailwind\n|move|p1a: Talonflame|Tailwind|p1a: Talonflame\n|-sidestart|p1: daniiivgc|move: Tailwind\n|move|p2b: Dragapult|U-turn|p1b: Samurott\n|-activate|p1b: Samurott|move: Protect\n|\n|upkeep\n|turn|2\n|\n|t:|1728132035\n|move|p2a: Talonflame|Brave Bird|p1b: Samurott\n|-damage|p1b: Samurott|32\/100\n|-damage|p2a: Talonflame|72\/100|[from] Recoil\n|-damage|p2a: Talonflame|62\/100|[from] item: Life Orb\n|move|p1a: Talonflame|Acrobatics|p2a: Talonflame\n|-damage|p2a: Talonflame|0 fnt\n|faint|p2a: Talonflame\n|move|p1b: Samurott|Sucker Punch|p2b: Dragapult\n|-supereffective|p2b: Dragapult\n|-damage|p2b: Dragapult|0 fnt\n|faint|p2b: Dragapult\n|\n|upkeep\n|\n|t:|1728132040\n|switch|p2a: Indeedee|Indeedee, L50, M|100\/100\n|switch|p2b: Sneasler|Sneasler, L50, M|100\/100\n|-fieldstart|move: Psychic Terrain|[from] ability: Psychic Surge|[of] p2a: Indeedee\n|-enditem|p2b: Sneasler|Psychic Seed\n|-boost|p2b: Sneasler|spd|1|[from] item: Psychic Seed\n|turn|3\n|inactive|pokehys3 has 30 seconds left.\n|\n|t:|1728132070\n|switch|p1a: Abomasnow|Abomasnow, L50, F|100\/100\n|-weather|Snow|[from] ability: Snow Warning|[of] p1a: Abomasnow\n|move|p1b: Samurott|Protect|p1b: Samurott\n|-singleturn|p1b: Samurott|Protect\n|move|p2b: Sneasler|Dire Claw|p1b: Samurott\n|-activate|p1b: Samurott|move: Protect\n|move|p2a: Indeedee|Expanding Force|p1a: Abomasnow|[spread] p1a\n|-activate|p1b: Samurott|move: Protect\n|-damage|p1a: Abomasnow|38\/100\n|\n|-weather|Snow|[upkeep]\n|upkeep\n|turn|4\n|\n|t:|1728132092\n|move|p2b: Sneasler|Dire Claw|p1b: Samurott\n|-damage|p1b: Samurott|0 fnt\n|faint|p1b: Samurott\n|move|p2a: Indeedee|Expanding Force|p1a: Abomasnow\n|-damage|p1a: Abomasnow|0 fnt\n|faint|p1a: Abomasnow\n|\n|-weather|Snow|[upkeep]\n|-sideend|p1: daniiivgc|move: Tailwind\n|-sideend|p2: pokehys3|move: Tailwind\n|upkeep\n|\n|t:|1728132096\n|switch|p1b: Talonflame|Talonflame, L50, M|100\/100\n|switch|p1a: Blaziken|Blaziken, L50, M|100\/100\n|turn|5\n|\n|t:|1728132116\n|move|p1a: Blaziken|Protect|p1a: Blaziken\n|-singleturn|p1a: Blaziken|Protect\n|move|p1b: Talonflame|Tailwind|p1b: Talonflame\n|-sidestart|p1: daniiivgc|move: Tailwind\n|move|p2b: Sneasler|Dire Claw|p1b: Talonflame\n|-damage|p1b: Talonflame|41\/100\n|move|p2a: Indeedee|Expanding Force|p1a: Blaziken|[spread] p1b\n|-activate|p1a: Blaziken|move: Protect\n|-damage|p1b: Talonflame|0 fnt\n|faint|p1b: Talonflame\n|\n|-weather|Snow|[upkeep]\n|-ability|p1a: Blaziken|Speed Boost|boost\n|-boost|p1a: Blaziken|spe|1\n|upkeep\n|turn|6\n|\n|t:|1728132135\n|-terastallize|p1a: Blaziken|Fire\n|move|p2b: Sneasler|Protect|p2b: Sneasler\n|-singleturn|p2b: Sneasler|Protect\n|move|p1a: Blaziken|Heat Wave|p2b: Sneasler|[spread] p2a\n|-activate|p2b: Sneasler|move: Protect\n|-damage|p2a: Indeedee|10\/100\n|-status|p2a: Indeedee|brn\n|-damage|p1a: Blaziken|91\/100|[from] item: Life Orb\n|move|p2a: Indeedee|Expanding Force|p1a: Blaziken\n|-damage|p1a: Blaziken|0 fnt\n|faint|p1a: Blaziken\n|\n|win|pokehys3\n|raw|daniiivgc's rating: 1687 &rarr; <strong>1666<\/strong><br \/>(-21 for losing)\n|raw|pokehys3's rating: 1665 &rarr; <strong>1686<\/strong><br \/>(+21 for winning)\n|l|\u2606pokehys3\n|player|p2|\n|l|\u203ddaniiivgc\n|player|p1|\n","uploadtime":1728132380,"views":17,"formatid":"gen9vgc2024regh","rating":1666,"private":0,"password":null}