{"id":"gen9vgc2024regh-2216852830","format":"[Gen 9] VGC 2024 Reg H","players":["rainha678","gothitellevgc"],"log":"|j|\u2606rainha678\n|j|\u2606gothitellevgc\n|t:|1728181304\n|gametype|doubles\n|player|p1|rainha678|101|1667\n|player|p2|gothitellevgc|palmer|1707\n|teamsize|p1|6\n|teamsize|p2|6\n|gen|9\n|tier|[Gen 9] VGC 2024 Reg H\n|rated|\n|rule|Species Clause: Limit one of each Pok\u00e9mon\n|rule|Item Clause: Limit 1 of each item\n|clearpoke\n|poke|p1|Indeedee-F, L50, F|\n|poke|p1|Braviary-Hisui, L50, M|\n|poke|p1|Sneasler, L50, F|\n|poke|p1|Politoed, L50, M|\n|poke|p1|Ludicolo, L50, M|\n|poke|p1|Archaludon, L50, M|\n|poke|p2|Kingambit, L50, M|\n|poke|p2|Primarina, L50, M|\n|poke|p2|Sneasler, L50, F|\n|poke|p2|Magmar, L50, F|\n|poke|p2|Rillaboom, L50, M|\n|poke|p2|Dragapult, L50, M|\n|teampreview|4\n|inactive|Battle timer is ON: inactive players will automatically lose when time's up. (requested by gothitellevgc)\n|inactive|rainha678 has 60 seconds left.\n|inactive|gothitellevgc has 60 seconds left.\n|inactive|gothitellevgc has 30 seconds left.\n|\n|t:|1728181368\n|start\n|switch|p1a: Politoed|Politoed, L50, M|100\/100\n|switch|p1b: Ludicolo|Ludicolo, L50, M|100\/100\n|switch|p2a: Dragapult|Dragapult, L50, M|100\/100\n|switch|p2b: Sneasler|Sneasler, L50, F|100\/100\n|-weather|RainDance|[from] ability: Drizzle|[of] p1a: Politoed\n|turn|1\n|\n|t:|1728181385\n|-terastallize|p2a: Dragapult|Dragon\n|move|p1b: Ludicolo|Fake Out|p2b: Sneasler\n|-damage|p2b: Sneasler|90\/100\n|cant|p2b: Sneasler|flinch\n|move|p2a: Dragapult|Outrage|p1b: Ludicolo\n|-damage|p1b: Ludicolo|0 fnt\n|faint|p1b: Ludicolo\n|move|p1a: Politoed|Muddy Water|p2b: Sneasler|[spread] p2b\n|-miss|p1a: Politoed|p2a: Dragapult\n|-damage|p2b: Sneasler|0 fnt\n|faint|p2b: Sneasler\n|\n|-weather|RainDance|[upkeep]\n|upkeep\n|\n|t:|1728181403\n|switch|p2b: Rillaboom|Rillaboom, L50, M|100\/100\n|switch|p1b: Archaludon|Archaludon, L50, M|100\/100\n|-fieldstart|move: Grassy Terrain|[from] ability: Grassy Surge|[of] p2b: Rillaboom\n|turn|2\n|\n|t:|1728181427\n|switch|p1a: Indeedee|Indeedee-F, L50, F, shiny|100\/100\n|-fieldstart|move: Psychic Terrain|[from] ability: Psychic Surge|[of] p1a: Indeedee\n|move|p2b: Rillaboom|Fake Out|p1b: Archaludon\n|-activate|p1b: Archaludon|move: Psychic Terrain\n|move|p2a: Dragapult|Outrage|p1b: Archaludon|[from]lockedmove\n|-ability|p1b: Archaludon|Sturdy\n|-damage|p1b: Archaludon|1\/100\n|move|p1b: Archaludon|Draco Meteor|p2a: Dragapult\n|-supereffective|p2a: Dragapult\n|-damage|p2a: Dragapult|0 fnt\n|-unboost|p1b: Archaludon|spa|2\n|faint|p2a: Dragapult\n|\n|-weather|RainDance|[upkeep]\n|upkeep\n|\n|t:|1728181430\n|switch|p2a: Kingambit|Kingambit, L50, M|100\/100\n|turn|3\n|inactive|rainha678 has 30 seconds left.\n|inactive|gothitellevgc has 30 seconds left.\n|inactive|rainha678 has 20 seconds left.\n|inactive|gothitellevgc has 20 seconds left.\n|inactive|gothitellevgc has 15 seconds left.\n|\n|t:|1728181471\n|move|p1a: Indeedee|Follow Me|p1a: Indeedee\n|-singleturn|p1a: Indeedee|move: Follow Me\n|move|p1b: Archaludon|Electro Shot||[still]\n|-prepare|p1b: Archaludon|Electro Shot\n|-boost|p1b: Archaludon|spa|1\n|-anim|p1b: Archaludon|Electro Shot|p2a: Kingambit\n|-damage|p2a: Kingambit|69\/100\n|move|p2b: Rillaboom|Wood Hammer|p1a: Indeedee\n|-damage|p1a: Indeedee|44\/100\n|-damage|p2b: Rillaboom|84\/100|[from] item: Rocky Helmet|[of] p1a: Indeedee\n|-damage|p2b: Rillaboom|68\/100|[from] Recoil\n|move|p2a: Kingambit|Kowtow Cleave|p1a: Indeedee\n|-supereffective|p1a: Indeedee\n|-damage|p1a: Indeedee|0 fnt\n|-damage|p2a: Kingambit|53\/100|[from] item: Rocky Helmet|[of] p1a: Indeedee\n|faint|p1a: Indeedee\n|\n|-weather|RainDance|[upkeep]\n|upkeep\n|\n|t:|1728181489\n|switch|p1a: Politoed|Politoed, L50, M|100\/100\n|turn|4\n|j| gen santana\n|inactive|rainha678 has 30 seconds left.\n|inactive|rainha678 has 20 seconds left.\n|\n|t:|1728181529\n|-terastallize|p1a: Politoed|Dragon\n|move|p2a: Kingambit|Protect|p2a: Kingambit\n|-singleturn|p2a: Kingambit|Protect\n|move|p1b: Archaludon|Draco Meteor|p2b: Rillaboom|[miss]\n|-miss|p1b: Archaludon|p2b: Rillaboom\n|move|p2b: Rillaboom|Grassy Glide|p1b: Archaludon\n|-resisted|p1b: Archaludon\n|-damage|p1b: Archaludon|0 fnt\n|faint|p1b: Archaludon\n|move|p1a: Politoed|Muddy Water|p2a: Kingambit|[spread] p2b\n|-activate|p2a: Kingambit|move: Protect\n|-resisted|p2b: Rillaboom\n|-damage|p2b: Rillaboom|45\/100\n|-unboost|p2b: Rillaboom|accuracy|1\n|\n|-weather|RainDance|[upkeep]\n|upkeep\n|turn|5\n|\n|t:|1728181545\n|move|p2b: Rillaboom|High Horsepower|p1a: Politoed\n|-damage|p1a: Politoed|58\/100\n|move|p1a: Politoed|Muddy Water|p2a: Kingambit|[spread] p2a,p2b\n|-resisted|p2b: Rillaboom\n|-damage|p2a: Kingambit|0 fnt\n|-damage|p2b: Rillaboom|22\/100\n|faint|p2a: Kingambit\n|\n|-weather|none\n|upkeep\n|turn|6\n|\n|t:|1728181554\n|move|p2b: Rillaboom|High Horsepower|p1a: Politoed\n|-damage|p1a: Politoed|21\/100\n|move|p1a: Politoed|Muddy Water|p2b: Rillaboom|[miss]\n|-miss|p1a: Politoed|p2b: Rillaboom\n|\n|-fieldend|move: Psychic Terrain\n|upkeep\n|turn|7\n|\n|t:|1728181561\n|move|p2b: Rillaboom|High Horsepower|p1a: Politoed|[miss]\n|-miss|p2b: Rillaboom|p1a: Politoed\n|move|p1a: Politoed|Muddy Water|p2b: Rillaboom\n|-resisted|p2b: Rillaboom\n|-damage|p2b: Rillaboom|0 fnt\n|faint|p2b: Rillaboom\n|\n|win|rainha678\n|raw|rainha678's rating: 1667 &rarr; <strong>1689<\/strong><br \/>(+22 for winning)\n|raw|gothitellevgc's rating: 1707 &rarr; <strong>1685<\/strong><br \/>(-22 for losing)\n|l|\u2606rainha678\n|player|p1|\n|l|\u2606gothitellevgc\n|player|p2|\n|l| gen santana\n","uploadtime":1728181760,"views":21,"formatid":"gen9vgc2024regh","rating":1685,"private":0,"password":null}