{"id":"gen9vgc2024regh-2216612670","format":"[Gen 9] VGC 2024 Reg H","players":["iPetBigfoot","jhdreamer"],"log":"|j|\u2606iPetBigfoot\n|j|\u2606jhdreamer\n|t:|1728152705\n|gametype|doubles\n|player|p1|iPetBigfoot|falkner|1687\n|player|p2|jhdreamer|265|1743\n|teamsize|p1|6\n|teamsize|p2|6\n|gen|9\n|tier|[Gen 9] VGC 2024 Reg H\n|rated|\n|rule|Species Clause: Limit one of each Pok\u00e9mon\n|rule|Item Clause: Limit 1 of each item\n|clearpoke\n|poke|p1|Kommo-o, L50, F|\n|poke|p1|Electabuzz, L50, F|\n|poke|p1|Rillaboom, L50, F|\n|poke|p1|Kingambit, L50, M|\n|poke|p1|Ninetales-Alola, L50, M|\n|poke|p1|Basculegion, L50, M|\n|poke|p2|Torkoal, L50, M|\n|poke|p2|Gardevoir, L50, F|\n|poke|p2|Gallade, L50, M|\n|poke|p2|Ursaluna, L50, M|\n|poke|p2|Talonflame, L50, M|\n|poke|p2|Indeedee-F, L50, F|\n|teampreview|4\n|j| Nido_kingj\n|j| trfgtred\n|\n|t:|1728152737\n|start\n|switch|p1a: Kingambit|Kingambit, L50, M|100\/100\n|switch|p1b: Kommo-o|Kommo-o, L50, F|100\/100\n|switch|p2a: Indeedee|Indeedee-F, L50, F|100\/100\n|switch|p2b: Gallade|Gallade, L50, M|100\/100\n|-fieldstart|move: Psychic Terrain|[from] ability: Psychic Surge|[of] p2a: Indeedee\n|turn|1\n|\n|t:|1728152765\n|switch|p1a: Rillaboom|Rillaboom, L50, F|100\/100\n|-fieldstart|move: Grassy Terrain|[from] ability: Grassy Surge|[of] p1a: Rillaboom\n|-terastallize|p1b: Kommo-o|Fire\n|move|p2a: Indeedee|Follow Me|p2a: Indeedee\n|-singleturn|p2a: Indeedee|move: Follow Me\n|move|p1b: Kommo-o|Clangorous Soul|p1b: Kommo-o\n|-boost|p1b: Kommo-o|atk|1\n|-boost|p1b: Kommo-o|def|1\n|-boost|p1b: Kommo-o|spa|1\n|-boost|p1b: Kommo-o|spd|1\n|-boost|p1b: Kommo-o|spe|1\n|-damage|p1b: Kommo-o|68\/100\n|-enditem|p1b: Kommo-o|Throat Spray\n|-boost|p1b: Kommo-o|spa|1|[from] item: Throat Spray\n|move|p2b: Gallade|Psycho Cut|p1b: Kommo-o\n|-damage|p1b: Kommo-o|29\/100\n|\n|-heal|p1b: Kommo-o|35\/100|[from] Grassy Terrain\n|upkeep\n|turn|2\n|l| trfgtred\n|\n|t:|1728152817\n|move|p1b: Kommo-o|Clanging Scales|p2a: Indeedee|[spread] p2a,p2b\n|-damage|p2a: Indeedee|32\/100\n|-damage|p2b: Gallade|35\/100\n|-unboost|p1b: Kommo-o|def|1\n|move|p1a: Rillaboom|Wood Hammer|p2a: Indeedee\n|-damage|p2a: Indeedee|0 fnt\n|-damage|p1a: Rillaboom|84\/100|[from] item: Rocky Helmet|[of] p2a: Indeedee\n|faint|p2a: Indeedee\n|-damage|p1a: Rillaboom|75\/100|[from] Recoil\n|move|p2b: Gallade|Sacred Sword|p1b: Kommo-o\n|-crit|p1b: Kommo-o\n|-damage|p1b: Kommo-o|0 fnt\n|faint|p1b: Kommo-o\n|\n|-heal|p1a: Rillaboom|81\/100|[from] Grassy Terrain\n|-heal|p2b: Gallade|41\/100|[from] Grassy Terrain\n|upkeep\n|inactive|Battle timer is ON: inactive players will automatically lose when time's up. (requested by jhdreamer)\n|\n|t:|1728152829\n|switch|p1b: Kingambit|Kingambit, L50, M|100\/100\n|switch|p2a: Gardevoir|Gardevoir, L50, F, shiny|100\/100\n|turn|3\n|inactive|jhdreamer has 30 seconds left.\n|inactive|iPetBigfoot has 30 seconds left.\n|inactive|jhdreamer has 20 seconds left.\n|\n|t:|1728152866\n|switch|p2a: Torkoal|Torkoal, L50, M|100\/100\n|-weather|SunnyDay|[from] ability: Drought|[of] p2a: Torkoal\n|-terastallize|p2b: Gallade|Steel\n|move|p1a: Rillaboom|Wood Hammer|p2a: Torkoal\n|-resisted|p2a: Torkoal\n|-damage|p2a: Torkoal|64\/100\n|-damage|p1a: Rillaboom|70\/100|[from] Recoil\n|move|p1b: Kingambit|Kowtow Cleave|p2b: Gallade\n|-damage|p2b: Gallade|0 fnt\n|faint|p2b: Gallade\n|\n|-weather|SunnyDay|[upkeep]\n|-heal|p1a: Rillaboom|76\/100|[from] Grassy Terrain\n|-heal|p2a: Torkoal|71\/100|[from] Grassy Terrain\n|upkeep\n|\n|t:|1728152874\n|switch|p2b: Gardevoir|Gardevoir, L50, F, shiny|100\/100\n|turn|4\n|\n|t:|1728152897\n|move|p2b: Gardevoir|Protect|p2b: Gardevoir\n|-singleturn|p2b: Gardevoir|Protect\n|move|p1a: Rillaboom|Wood Hammer|p2a: Torkoal\n|-resisted|p2a: Torkoal\n|-damage|p2a: Torkoal|34\/100\n|-damage|p1a: Rillaboom|66\/100|[from] Recoil\n|move|p1b: Kingambit|Kowtow Cleave|p2a: Torkoal\n|-damage|p2a: Torkoal|0 fnt\n|faint|p2a: Torkoal\n|\n|-weather|SunnyDay|[upkeep]\n|-heal|p1a: Rillaboom|72\/100|[from] Grassy Terrain\n|upkeep\n|turn|5\n|l| Nido_kingj\n|-message|jhdreamer forfeited.\n|\n|win|iPetBigfoot\n|raw|iPetBigfoot's rating: 1687 &rarr; <strong>1710<\/strong><br \/>(+23 for winning)\n|raw|jhdreamer's rating: 1743 &rarr; <strong>1720<\/strong><br \/>(-23 for losing)\n|l|\u2606jhdreamer\n|player|p2|\n|j| Nido_kingj\n|l|\u2606iPetBigfoot\n|player|p1|\n|l| Nido_kingj\n","uploadtime":1728153141,"views":20,"formatid":"gen9vgc2024regh","rating":1710,"private":0,"password":null}