{"id":"gen9vgc2024regh-2216064469","format":"[Gen 9] VGC 2024 Reg H","players":["Tepig_nNz_498","nickbattlesmons"],"log":"|j|\u203dTepig_nNz_498\n|j|\u2606nickbattlesmons\n|t:|1728075921\n|gametype|doubles\n|player|p1|Tepig_nNz_498|102|1682\n|player|p2|nickbattlesmons|102|1735\n|teamsize|p1|6\n|teamsize|p2|6\n|gen|9\n|tier|[Gen 9] VGC 2024 Reg H\n|rated|\n|rule|Species Clause: Limit one of each Pok\u00e9mon\n|rule|Item Clause: Limit 1 of each item\n|clearpoke\n|poke|p1|Politoed, L50, M|\n|poke|p1|Archaludon, L50, M|\n|poke|p1|Basculegion, L50, M|\n|poke|p1|Pelipper, L50, M|\n|poke|p1|Murkrow, L50, M|\n|poke|p1|Ludicolo, L50, M|\n|poke|p2|Porygon2, L50|\n|poke|p2|Ursaluna, L50, M|\n|poke|p2|Volcarona, L50, M|\n|poke|p2|Grimmsnarl, L50, M|\n|poke|p2|Annihilape, L50, M|\n|poke|p2|Gholdengo, L50|\n|teampreview|4\n|inactive|Battle timer is ON: inactive players will automatically lose when time's up. (requested by nickbattlesmons)\n|j| BloomyVGC\n|\n|t:|1728075947\n|start\n|switch|p1a: Ludicolo|Ludicolo, L50, M|100\/100\n|switch|p1b: Politoed|Politoed, L50, M|100\/100\n|switch|p2a: Porygon2|Porygon2, L50, shiny|100\/100\n|switch|p2b: Grimmsnarl|Grimmsnarl, L50, M|100\/100\n|-weather|RainDance|[from] ability: Drizzle|[of] p1b: Politoed\n|-ability|p2a: Porygon2|Drizzle|[from] ability: Trace|[of] p1b: Politoed\n|turn|1\n|l| BloomyVGC\n|\n|t:|1728075969\n|move|p1a: Ludicolo|Fake Out|p2b: Grimmsnarl\n|-damage|p2b: Grimmsnarl|95\/100\n|cant|p2b: Grimmsnarl|flinch\n|move|p1b: Politoed|Weather Ball|p2b: Grimmsnarl\n|-damage|p2b: Grimmsnarl|6\/100\n|move|p2a: Porygon2|Trick Room|p2a: Porygon2\n|-fieldstart|move: Trick Room|[of] p2a: Porygon2\n|\n|-weather|RainDance|[upkeep]\n|upkeep\n|turn|2\n|inactive|Tepig_nNz_498 has 30 seconds left.\n|j| Littttle_Child\n|\n|t:|1728075998\n|move|p2b: Grimmsnarl|Light Screen|p2b: Grimmsnarl\n|-sidestart|p2: nickbattlesmons|move: Light Screen\n|move|p2a: Porygon2|Tri Attack|p1a: Ludicolo\n|-damage|p1a: Ludicolo|64\/100\n|move|p1b: Politoed|Weather Ball|p2a: Porygon2\n|-damage|p2a: Porygon2|59\/100\n|move|p1a: Ludicolo|Weather Ball|p2b: Grimmsnarl\n|-damage|p2b: Grimmsnarl|0 fnt\n|faint|p2b: Grimmsnarl\n|\n|-weather|RainDance|[upkeep]\n|upkeep\n|\n|t:|1728076007\n|switch|p2b: Ursaluna|Ursaluna, L50, M|100\/100\n|turn|3\n|\n|t:|1728076019\n|-terastallize|p2b: Ursaluna|Fairy\n|move|p2b: Ursaluna|Facade|p1a: Ludicolo\n|-damage|p1a: Ludicolo|0 fnt\n|faint|p1a: Ludicolo\n|move|p2a: Porygon2|Tri Attack|p1b: Politoed\n|-damage|p1b: Politoed|67\/100\n|move|p1b: Politoed|Weather Ball|p2b: Ursaluna\n|-damage|p2b: Ursaluna|43\/100\n|\n|-weather|RainDance|[upkeep]\n|-status|p2b: Ursaluna|brn|[from] item: Flame Orb\n|upkeep\n|j| mr pogostick\n|inactive|Tepig_nNz_498 has 30 seconds left.\n|j| notthealtaccount\n|\n|t:|1728076051\n|switch|p1a: Basculegion|Basculegion, L50, M|100\/100\n|turn|4\n|\n|t:|1728076058\n|move|p1a: Basculegion|Aqua Jet|p2b: Ursaluna\n|-damage|p2b: Ursaluna|11\/100 brn\n|-damage|p1a: Basculegion|91\/100|[from] item: Life Orb\n|move|p2b: Ursaluna|Earthquake|p1a: Basculegion|[spread] p2a,p1a,p1b\n|-damage|p2a: Porygon2|22\/100\n|-damage|p1a: Basculegion|13\/100\n|-damage|p1b: Politoed|0 fnt\n|faint|p1b: Politoed\n|move|p2a: Porygon2|Shadow Ball|p1a: Basculegion\n|-supereffective|p1a: Basculegion\n|-damage|p1a: Basculegion|0 fnt\n|faint|p1a: Basculegion\n|\n|-weather|RainDance|[upkeep]\n|-damage|p2b: Ursaluna|5\/100 brn|[from] brn\n|upkeep\n|\n|t:|1728076063\n|switch|p1b: Archaludon|Archaludon, L50, M|100\/100\n|turn|5\n|\n|t:|1728076073\n|-terastallize|p1b: Archaludon|Fairy\n|move|p2b: Ursaluna|Headlong Rush|p1b: Archaludon\n|-damage|p1b: Archaludon|15\/100\n|-unboost|p2b: Ursaluna|def|1\n|-unboost|p2b: Ursaluna|spd|1\n|-ability|p1b: Archaludon|Stamina|boost\n|-boost|p1b: Archaludon|def|1\n|move|p2a: Porygon2|Recover|p2a: Porygon2\n|-heal|p2a: Porygon2|72\/100\n|move|p1b: Archaludon|Electro Shot||[still]\n|-prepare|p1b: Archaludon|Electro Shot\n|-boost|p1b: Archaludon|spa|1\n|-anim|p1b: Archaludon|Electro Shot|p2a: Porygon2\n|-damage|p2a: Porygon2|45\/100\n|\n|-weather|none\n|-damage|p2b: Ursaluna|0 fnt|[from] brn\n|faint|p2b: Ursaluna\n|-fieldend|move: Trick Room\n|upkeep\n|\n|t:|1728076086\n|switch|p2b: Gholdengo|Gholdengo, L50|100\/100\n|turn|6\n|l| notthealtaccount\n|\n|t:|1728076095\n|move|p2b: Gholdengo|Make It Rain|p1b: Archaludon\n|-supereffective|p1b: Archaludon\n|-damage|p1b: Archaludon|0 fnt\n|-unboost|p2b: Gholdengo|spa|1\n|faint|p1b: Archaludon\n|\n|win|nickbattlesmons\n|raw|Tepig_nNz_498's rating: 1682 &rarr; <strong>1665<\/strong><br \/>(-17 for losing)\n|raw|nickbattlesmons's rating: 1735 &rarr; <strong>1752<\/strong><br \/>(+17 for winning)\n|l|\u203dTepig_nNz_498\n|player|p1|\n|l| mr pogostick\n|l|\u2606nickbattlesmons\n|player|p2|\n","uploadtime":1728076254,"views":18,"formatid":"gen9vgc2024regh","rating":1665,"private":0,"password":null}