{"id":"gen9vgc2024regh-2216035467","format":"[Gen 9] VGC 2024 Reg H","players":["grade a type b","Zordor"],"log":"|j|\u203dgrade a type b\n|j|\u2606Zordor\n|t:|1728072964\n|gametype|doubles\n|player|p1|grade a type b|waiter-gen4dp|1679\n|player|p2|Zordor|pilot|1820\n|teamsize|p1|6\n|teamsize|p2|6\n|gen|9\n|tier|[Gen 9] VGC 2024 Reg H\n|rated|\n|rule|Species Clause: Limit one of each Pok\u00e9mon\n|rule|Item Clause: Limit 1 of each item\n|clearpoke\n|poke|p1|Ursaluna-Bloodmoon, L50, M|\n|poke|p1|Primarina, L50, F|\n|poke|p1|Gholdengo, L50|\n|poke|p1|Whimsicott, L50, M|\n|poke|p1|Dragonite, L50, F|\n|poke|p1|Malamar, L50, M|\n|poke|p2|Rotom-Wash, L50|\n|poke|p2|Sneasler, L50, M|\n|poke|p2|Venusaur, L50, F|\n|poke|p2|Kingambit, L50, F|\n|poke|p2|Armarouge, L50, M|\n|poke|p2|Dragapult, L50, M|\n|teampreview|4\n|inactive|Battle timer is ON: inactive players will automatically lose when time's up. (requested by grade a type b)\n|inactive|Zordor has 60 seconds left.\n|j| The_Beast1440\n|inactive|Zordor has 30 seconds left.\n|inactive|Zordor has 20 seconds left.\n|inactive|Zordor has 15 seconds left.\n|inactive|Zordor has 10 seconds left.\n|\n|t:|1728073045\n|start\n|switch|p1a: Whimsicott|Whimsicott, L50, M|100\/100\n|switch|p1b: Malamar|Malamar, L50, M|100\/100\n|switch|p2a: Rotom|Rotom-Wash, L50|100\/100\n|switch|p2b: Kingambit|Kingambit, L50, F|100\/100\n|turn|1\n|inactive|Zordor has 30 seconds left.\n|\n|t:|1728073073\n|move|p2b: Kingambit|Protect|p2b: Kingambit\n|-singleturn|p2b: Kingambit|Protect\n|move|p1a: Whimsicott|Tailwind|p1a: Whimsicott\n|-sidestart|p1: grade a type b|move: Tailwind\n|move|p1b: Malamar|Superpower|p2b: Kingambit\n|-activate|p2b: Kingambit|move: Protect\n|move|p2a: Rotom|Will-O-Wisp|p1b: Malamar\n|-status|p1b: Malamar|brn\n|\n|-damage|p1b: Malamar|94\/100 brn|[from] brn\n|upkeep\n|turn|2\n|inactive|Zordor has 30 seconds left.\n|\n|t:|1728073108\n|move|p1a: Whimsicott|Encore|p2a: Rotom\n|-start|p2a: Rotom|Encore\n|move|p1b: Malamar|Superpower|p2b: Kingambit\n|-supereffective|p2b: Kingambit\n|-damage|p2b: Kingambit|43\/100\n|-boost|p1b: Malamar|atk|1\n|-boost|p1b: Malamar|def|1\n|-enditem|p2b: Kingambit|Sitrus Berry|[eat]\n|-heal|p2b: Kingambit|68\/100|[from] item: Sitrus Berry\n|move|p2a: Rotom|Will-O-Wisp|p1a: Whimsicott\n|-status|p1a: Whimsicott|brn\n|move|p2b: Kingambit|Iron Head|p1a: Whimsicott\n|-supereffective|p1a: Whimsicott\n|-damage|p1a: Whimsicott|0 fnt\n|faint|p1a: Whimsicott\n|\n|-damage|p1b: Malamar|88\/100 brn|[from] brn\n|upkeep\n|\n|t:|1728073121\n|switch|p1a: Ursaluna|Ursaluna-Bloodmoon, L50, M|100\/100\n|turn|3\n|\n|t:|1728073134\n|move|p2b: Kingambit|Protect|p2b: Kingambit\n|-singleturn|p2b: Kingambit|Protect\n|move|p1a: Ursaluna|Blood Moon|p2a: Rotom\n|-damage|p2a: Rotom|0 fnt\n|faint|p2a: Rotom\n|-damage|p1a: Ursaluna|91\/100|[from] item: Life Orb\n|move|p1b: Malamar|Superpower|p2b: Kingambit\n|-activate|p2b: Kingambit|move: Protect\n|\n|-damage|p1b: Malamar|82\/100 brn|[from] brn\n|upkeep\n|\n|t:|1728073146\n|switch|p2a: Armarouge|Armarouge, L50, M|100\/100\n|turn|4\n|j| Deli(NotReal)\n|\n|t:|1728073162\n|-terastallize|p2b: Kingambit|Grass\n|move|p2a: Armarouge|Protect|p2a: Armarouge\n|-singleturn|p2a: Armarouge|Protect\n|move|p1a: Ursaluna|Earth Power|p2a: Armarouge\n|-activate|p2a: Armarouge|move: Protect\n|move|p1b: Malamar|Knock Off|p2a: Armarouge\n|-activate|p2a: Armarouge|move: Protect\n|move|p2b: Kingambit|Throat Chop|p1a: Ursaluna\n|-damage|p1a: Ursaluna|52\/100\n|-start|p1a: Ursaluna|Throat Chop|[silent]\n|\n|-damage|p1b: Malamar|76\/100 brn|[from] brn\n|-sideend|p1: grade a type b|move: Tailwind\n|upkeep\n|turn|5\n|c| Deli(NotReal)|holy cooking\n|\n|t:|1728073179\n|move|p2a: Armarouge|Meteor Beam||[still]\n|-prepare|p2a: Armarouge|Meteor Beam\n|-boost|p2a: Armarouge|spa|1\n|-enditem|p2a: Armarouge|Power Herb\n|-anim|p2a: Armarouge|Meteor Beam|p1b: Malamar\n|-damage|p1b: Malamar|4\/100 brn\n|-enditem|p1b: Malamar|Sitrus Berry|[eat]\n|-heal|p1b: Malamar|29\/100 brn|[from] item: Sitrus Berry\n|move|p1a: Ursaluna|Blood Moon|p2a: Armarouge\n|-damage|p2a: Armarouge|0 fnt\n|faint|p2a: Armarouge\n|-damage|p1a: Ursaluna|43\/100|[from] item: Life Orb\n|move|p2b: Kingambit|Throat Chop|p1b: Malamar\n|-damage|p1b: Malamar|0 fnt\n|faint|p1b: Malamar\n|\n|-end|p1a: Ursaluna|Throat Chop|[silent]\n|upkeep\n|\n|t:|1728073194\n|switch|p2a: Dragapult|Dragapult, L50, M|100\/100\n|switch|p1b: Dragonite|Dragonite, L50, F|100\/100\n|turn|6\n|inactive|Zordor has 30 seconds left.\n|\n|t:|1728073224\n|-terastallize|p1b: Dragonite|Flying\n|move|p2b: Kingambit|Sucker Punch|p1a: Ursaluna\n|-damage|p1a: Ursaluna|14\/100\n|move|p2a: Dragapult|Dragon Darts|p1a: Ursaluna\n|-damage|p1a: Ursaluna|0 fnt\n|-anim|p2a: Dragapult|Dragon Darts|p1b: Dragonite\n|-damage|p1b: Dragonite|90\/100\n|faint|p1a: Ursaluna\n|move|p1b: Dragonite|Dragon Claw|p2a: Dragapult\n|-supereffective|p2a: Dragapult\n|-damage|p2a: Dragapult|0 fnt\n|faint|p2a: Dragapult\n|\n|upkeep\n|turn|7\n|\n|t:|1728073237\n|move|p1b: Dragonite|Tera Blast|p2b: Kingambit|[anim] Tera Blast Flying\n|-supereffective|p2b: Kingambit\n|-damage|p2b: Kingambit|0 fnt\n|faint|p2b: Kingambit\n|\n|win|grade a type b\n|raw|grade a type b's rating: 1679 &rarr; <strong>1707<\/strong><br \/>(+28 for winning)\n|raw|Zordor's rating: 1820 &rarr; <strong>1792<\/strong><br \/>(-28 for losing)\n|l|\u2606Zordor\n|player|p2|\n|l| The_Beast1440\n|l| Deli(NotReal)\n|l|\u203dgrade a type b\n|player|p1|\n","uploadtime":1728073374,"views":22,"formatid":"gen9vgc2024regh","rating":1707,"private":0,"password":null}