{"id":"gen9vgc2024regh-2216200795","format":"[Gen 9] VGC 2024 Reg H","players":["grade a type b","chanpaopao"],"log":"|j|\u2606grade a type b\n|j|\u2606chanpaopao\n|t:|1728092333\n|gametype|doubles\n|player|p1|grade a type b|waiter-gen4dp|1696\n|player|p2|chanpaopao|265|1707\n|teamsize|p1|6\n|teamsize|p2|6\n|gen|9\n|tier|[Gen 9] VGC 2024 Reg H\n|rated|\n|rule|Species Clause: Limit one of each Pok\u00e9mon\n|rule|Item Clause: Limit 1 of each item\n|clearpoke\n|poke|p1|Ursaluna-Bloodmoon, L50, M|\n|poke|p1|Primarina, L50, F|\n|poke|p1|Gholdengo, L50|\n|poke|p1|Whimsicott, L50, M|\n|poke|p1|Dragonite, L50, F|\n|poke|p1|Malamar, L50, M|\n|poke|p2|Ursaluna, L50, M|\n|poke|p2|Porygon2, L50|\n|poke|p2|Dragonite, L50, F|\n|poke|p2|Gholdengo, L50|\n|poke|p2|Incineroar, L50, F|\n|poke|p2|Amoonguss, L50, F|\n|teampreview|4\n|inactive|Battle timer is ON: inactive players will automatically lose when time's up. (requested by grade a type b)\n|j| Gambit the king\n|inactive|chanpaopao has 60 seconds left.\n|\n|t:|1728092380\n|start\n|switch|p1a: CrazyNancyPelosi|Whimsicott, L50, M|100\/100\n|switch|p1b: EATING THE DOGS|Malamar, L50, M|100\/100\n|switch|p2a: Gholdengo|Gholdengo, L50|100\/100\n|switch|p2b: Incineroar|Incineroar, L50, F|100\/100\n|-ability|p2b: Incineroar|Intimidate|boost\n|-unboost|p1a: CrazyNancyPelosi|atk|1\n|-boost|p1b: EATING THE DOGS|atk|1\n|turn|1\n|\n|t:|1728092397\n|-terastallize|p1b: EATING THE DOGS|Steel\n|move|p2b: Incineroar|Fake Out|p1b: EATING THE DOGS\n|-resisted|p1b: EATING THE DOGS\n|-damage|p1b: EATING THE DOGS|95\/100\n|move|p1a: CrazyNancyPelosi|Tailwind|p1a: CrazyNancyPelosi\n|-sidestart|p1: grade a type b|move: Tailwind\n|cant|p1b: EATING THE DOGS|flinch\n|move|p2a: Gholdengo|Nasty Plot|p2a: Gholdengo\n|-boost|p2a: Gholdengo|spa|2\n|\n|upkeep\n|turn|2\n|inactive|chanpaopao has 30 seconds left.\n|\n|t:|1728092426\n|switch|p1a: All Hail Trump!|Ursaluna-Bloodmoon, L50, M|100\/100\n|move|p1b: EATING THE DOGS|Knock Off|p2a: Gholdengo\n|-supereffective|p2a: Gholdengo\n|-damage|p2a: Gholdengo|0 fnt\n|-enditem|p2a: Gholdengo|Life Orb|[from] move: Knock Off|[of] p1b: EATING THE DOGS\n|faint|p2a: Gholdengo\n|move|p2b: Incineroar|Flare Blitz|p1a: All Hail Trump!\n|-damage|p1a: All Hail Trump!|60\/100\n|-damage|p2b: Incineroar|88\/100|[from] Recoil\n|\n|upkeep\n|\n|t:|1728092440\n|switch|p2a: Porygon2|Porygon2, L50|100\/100\n|-ability|p2a: Porygon2|Download|boost\n|-boost|p2a: Porygon2|spa|1\n|turn|3\n|\n|t:|1728092461\n|-terastallize|p2a: Porygon2|Flying\n|move|p1a: All Hail Trump!|Blood Moon|p2a: Porygon2\n|-damage|p2a: Porygon2|43\/100\n|-damage|p1a: All Hail Trump!|51\/100|[from] item: Life Orb\n|move|p1b: EATING THE DOGS|Superpower|p2a: Porygon2\n|-resisted|p2a: Porygon2\n|-damage|p2a: Porygon2|25\/100\n|-boost|p1b: EATING THE DOGS|atk|1\n|-boost|p1b: EATING THE DOGS|def|1\n|move|p2b: Incineroar|Flare Blitz|p1b: EATING THE DOGS\n|-supereffective|p1b: EATING THE DOGS\n|-damage|p1b: EATING THE DOGS|35\/100\n|-status|p1b: EATING THE DOGS|brn\n|-damage|p2b: Incineroar|69\/100|[from] Recoil\n|move|p2a: Porygon2|Trick Room|p2a: Porygon2\n|-fieldstart|move: Trick Room|[of] p2a: Porygon2\n|\n|-damage|p1b: EATING THE DOGS|29\/100 brn|[from] brn\n|upkeep\n|turn|4\n|inactive|chanpaopao has 30 seconds left.\n|\n|t:|1728092488\n|move|p1a: All Hail Trump!|Protect|p1a: All Hail Trump!\n|-singleturn|p1a: All Hail Trump!|Protect\n|move|p2a: Porygon2|Tera Blast|p1a: All Hail Trump!|[anim] Tera Blast Flying\n|-activate|p1a: All Hail Trump!|move: Protect\n|move|p2b: Incineroar|Flare Blitz|p1b: EATING THE DOGS\n|-supereffective|p1b: EATING THE DOGS\n|-damage|p1b: EATING THE DOGS|0 fnt\n|faint|p1b: EATING THE DOGS\n|-damage|p2b: Incineroar|60\/100|[from] Recoil\n|\n|-sideend|p1: grade a type b|move: Tailwind\n|upkeep\n|\n|t:|1728092495\n|switch|p1b: CrazyNancyPelosi|Whimsicott, L50, M|100\/100\n|turn|5\n|\n|t:|1728092517\n|move|p1b: CrazyNancyPelosi|Encore|p2a: Porygon2\n|-start|p2a: Porygon2|Encore\n|move|p2a: Porygon2|Tera Blast|p1a: All Hail Trump!|[anim] Tera Blast Flying\n|-damage|p1a: All Hail Trump!|0 fnt\n|faint|p1a: All Hail Trump!\n|move|p2b: Incineroar|Parting Shot|p1b: CrazyNancyPelosi\n|-unboost|p1b: CrazyNancyPelosi|atk|1\n|-unboost|p1b: CrazyNancyPelosi|spa|1\n|\n|t:|1728092525\n|switch|p2b: Ursaluna|Ursaluna, L50, M|100\/100|[from] Parting Shot\n|\n|-status|p2b: Ursaluna|brn|[from] item: Flame Orb\n|upkeep\n|\n|t:|1728092528\n|switch|p1a: BLM SCAM BIGGER|Gholdengo, L50|100\/100\n|turn|6\n|-message|grade a type b forfeited.\n|\n|win|chanpaopao\n|raw|grade a type b's rating: 1696 &rarr; <strong>1677<\/strong><br \/>(-19 for losing)\n|raw|chanpaopao's rating: 1707 &rarr; <strong>1726<\/strong><br \/>(+19 for winning)\n|l|\u2606grade a type b\n|player|p1|\n|l|\u2606chanpaopao\n|player|p2|\n|l| Gambit the king\n","uploadtime":1728092788,"views":20,"formatid":"gen9vgc2024regh","rating":1677,"private":0,"password":null}