{"id":"gen9vgc2024regh-2216953970","format":"[Gen 9] VGC 2024 Reg H","players":["roykeenkennedy","tyuiop112"],"log":"|j|\u2606roykeenkennedy\n|j|\u2606tyuiop112\n|t:|1728196754\n|gametype|doubles\n|player|p1|roykeenkennedy|alder|1741\n|player|p2|tyuiop112|linebacker|1880\n|teamsize|p1|6\n|teamsize|p2|6\n|gen|9\n|tier|[Gen 9] VGC 2024 Reg H\n|rated|\n|rule|Species Clause: Limit one of each Pok\u00e9mon\n|rule|Item Clause: Limit 1 of each item\n|clearpoke\n|poke|p1|Salamence, L50, M|\n|poke|p1|Incineroar, L50, F|\n|poke|p1|Weezing, L50, M|\n|poke|p1|Dragapult, L50, F|\n|poke|p1|Ursaluna-Bloodmoon, L50, M|\n|poke|p1|Volcarona, L50, F|\n|poke|p2|Dragonite, L50, F|\n|poke|p2|Archaludon, L50, F|\n|poke|p2|Milotic, L50, M|\n|poke|p2|Rillaboom, L50, F|\n|poke|p2|Blaziken, L50, M|\n|poke|p2|Annihilape, L50, F|\n|teampreview|4\n|inactive|Battle timer is ON: inactive players will automatically lose when time's up. (requested by tyuiop112)\n|\n|t:|1728196820\n|start\n|switch|p1a: Salamence|Salamence, L50, M|100\/100\n|switch|p1b: Weezing|Weezing, L50, M|100\/100\n|switch|p2a: Milotic|Milotic, L50, M|100\/100\n|switch|p2b: Archaludon|Archaludon, L50, F|100\/100\n|-ability|p1b: Weezing|Neutralizing Gas\n|turn|1\n|inactive|roykeenkennedy has 30 seconds left.\n|\n|t:|1728196847\n|move|p1a: Salamence|Tailwind|p1a: Salamence\n|-sidestart|p1: roykeenkennedy|move: Tailwind\n|move|p1b: Weezing|Taunt|p2a: Milotic\n|-start|p2a: Milotic|move: Taunt\n|move|p2b: Archaludon|Electro Shot||[still]\n|-prepare|p2b: Archaludon|Electro Shot\n|-boost|p2b: Archaludon|spa|1\n|-enditem|p2b: Archaludon|Power Herb\n|-anim|p2b: Archaludon|Electro Shot|p1b: Weezing\n|-damage|p1b: Weezing|20\/100\n|move|p2a: Milotic|Icy Wind|p1b: Weezing|[spread] p1a,p1b\n|-supereffective|p1a: Salamence\n|-damage|p1a: Salamence|46\/100\n|-damage|p1b: Weezing|5\/100\n|-unboost|p1a: Salamence|spe|1\n|-unboost|p1b: Weezing|spe|1\n|\n|-heal|p1b: Weezing|12\/100|[from] item: Leftovers\n|upkeep\n|turn|2\n|inactive|roykeenkennedy has 30 seconds left.\n|inactive|tyuiop112 has 30 seconds left.\n|\n|t:|1728196877\n|switch|p1a: Incineroar|Incineroar, L50, F|100\/100\n|-ability|p1a: Incineroar|Intimidate|boost\n|-unboost|p2a: Milotic|atk|1\n|-unboost|p2b: Archaludon|atk|1\n|move|p2b: Archaludon|Flash Cannon|p1b: Weezing\n|-damage|p1b: Weezing|0 fnt\n|faint|p1b: Weezing\n|-end|p1b: Weezing|ability: Neutralizing Gas\n|move|p2a: Milotic|Icy Wind|p1a: Incineroar\n|-resisted|p1a: Incineroar\n|-damage|p1a: Incineroar|94\/100\n|-unboost|p1a: Incineroar|spe|1\n|\n|upkeep\n|\n|t:|1728196890\n|switch|p1b: Ursaluna|Ursaluna-Bloodmoon, L50, M|100\/100\n|turn|3\n|\n|t:|1728196912\n|move|p1a: Incineroar|Fake Out|p2a: Milotic\n|-damage|p2a: Milotic|90\/100\n|move|p1b: Ursaluna|Earth Power|p2b: Archaludon\n|-supereffective|p2b: Archaludon\n|-ability|p2b: Archaludon|Sturdy\n|-damage|p2b: Archaludon|1\/100\n|move|p2b: Archaludon|Draco Meteor|p1b: Ursaluna\n|-damage|p1b: Ursaluna|13\/100\n|-unboost|p2b: Archaludon|spa|2\n|cant|p2a: Milotic|flinch\n|\n|-end|p2a: Milotic|move: Taunt\n|upkeep\n|turn|4\n|inactive|roykeenkennedy has 30 seconds left.\n|\n|t:|1728196945\n|-terastallize|p1b: Ursaluna|Normal\n|move|p2b: Archaludon|Protect|p2b: Archaludon\n|-singleturn|p2b: Archaludon|Protect\n|move|p2a: Milotic|Protect|p2a: Milotic\n|-singleturn|p2a: Milotic|Protect\n|move|p1b: Ursaluna|Hyper Voice|p2a: Milotic|[spread] \n|-activate|p2a: Milotic|move: Protect\n|-activate|p2b: Archaludon|move: Protect\n|move|p1a: Incineroar|Knock Off|p2a: Milotic\n|-activate|p2a: Milotic|move: Protect\n|\n|-sideend|p1: roykeenkennedy|move: Tailwind\n|upkeep\n|turn|5\n|\n|t:|1728196966\n|move|p1b: Ursaluna|Vacuum Wave|p2b: Archaludon\n|-supereffective|p2b: Archaludon\n|-damage|p2b: Archaludon|0 fnt\n|faint|p2b: Archaludon\n|move|p2a: Milotic|Scald|p1a: Incineroar\n|-supereffective|p1a: Incineroar\n|-damage|p1a: Incineroar|43\/100\n|move|p1a: Incineroar|Knock Off|p2a: Milotic\n|-damage|p2a: Milotic|45\/100\n|-enditem|p2a: Milotic|Sitrus Berry|[from] move: Knock Off|[of] p1a: Incineroar\n|\n|upkeep\n|\n|t:|1728196982\n|switch|p2b: Dragonite|Dragonite, L50, F|100\/100\n|turn|6\n|\n|t:|1728196994\n|move|p2b: Dragonite|Extreme Speed|p1b: Ursaluna\n|-damage|p1b: Ursaluna|0 fnt\n|faint|p1b: Ursaluna\n|move|p2a: Milotic|Scald|p1a: Incineroar\n|-supereffective|p1a: Incineroar\n|-damage|p1a: Incineroar|0 fnt\n|faint|p1a: Incineroar\n|\n|upkeep\n|\n|t:|1728197004\n|switch|p1b: Salamence|Salamence, L50, M|46\/100\n|turn|7\n|\n|t:|1728197012\n|move|p2b: Dragonite|Extreme Speed|p1b: Salamence\n|-crit|p1b: Salamence\n|-damage|p1b: Salamence|0 fnt\n|faint|p1b: Salamence\n|\n|win|tyuiop112\n|raw|roykeenkennedy's rating: 1741 &rarr; <strong>1729<\/strong><br \/>(-12 for losing)\n|raw|tyuiop112's rating: 1880 &rarr; <strong>1892<\/strong><br \/>(+12 for winning)\n|l|\u2606tyuiop112\n|player|p2|\n|l|\u2606roykeenkennedy\n|player|p1|\n","uploadtime":1728197173,"views":30,"formatid":"gen9vgc2024regh","rating":1729,"private":0,"password":null}