{"id":"gen9vgc2024regh-2216426761","format":"[Gen 9] VGC 2024 Reg H","players":["Ragnerize","tatch_9"],"log":"|j|\u2606Ragnerize\n|j|\u2606tatch_9\n|t:|1728130636\n|gametype|doubles\n|player|p1|Ragnerize|1|1687\n|player|p2|tatch_9|102|1746\n|teamsize|p1|6\n|teamsize|p2|6\n|gen|9\n|tier|[Gen 9] VGC 2024 Reg H\n|rated|\n|rule|Species Clause: Limit one of each Pok\u00e9mon\n|rule|Item Clause: Limit 1 of each item\n|clearpoke\n|poke|p1|Ursaluna-Bloodmoon, L50, M|\n|poke|p1|Chandelure, L50, F|\n|poke|p1|Dondozo, L50, F|\n|poke|p1|Rillaboom, L50, F|\n|poke|p1|Dragonite, L50, M|\n|poke|p1|Sneasler, L50, F|\n|poke|p2|Volcarona, L50, M|\n|poke|p2|Indeedee, L50, M|\n|poke|p2|Sneasler, L50, F|\n|poke|p2|Tatsugiri, L50, M|\n|poke|p2|Dondozo, L50, M|\n|poke|p2|Glimmora, L50, M|\n|teampreview|4\n|inactive|Battle timer is ON: inactive players will automatically lose when time's up. (requested by tatch_9)\n|\n|t:|1728130670\n|start\n|switch|p1a: Chandelure|Chandelure, L50, F|100\/100\n|switch|p1b: Rillaboom|Rillaboom, L50, F|100\/100\n|switch|p2a: Indeedee|Indeedee, L50, M|100\/100\n|switch|p2b: Sneasler|Sneasler, L50, F|100\/100\n|-fieldstart|move: Psychic Terrain|[from] ability: Psychic Surge|[of] p2a: Indeedee\n|-enditem|p2b: Sneasler|Psychic Seed\n|-boost|p2b: Sneasler|spd|1|[from] item: Psychic Seed\n|-fieldstart|move: Grassy Terrain|[from] ability: Grassy Surge|[of] p1b: Rillaboom\n|turn|1\n|\n|t:|1728130681\n|switch|p2a: Dondozo|Dondozo, L50, M|100\/100\n|-terastallize|p1a: Chandelure|Grass\n|move|p2b: Sneasler|Protect|p2b: Sneasler\n|-singleturn|p2b: Sneasler|Protect\n|move|p1b: Rillaboom|Fake Out|p2b: Sneasler\n|-activate|p2b: Sneasler|move: Protect\n|move|p1a: Chandelure|Heat Wave|p2b: Sneasler|[spread] \n|-activate|p2b: Sneasler|move: Protect\n|-miss|p1a: Chandelure|p2a: Dondozo\n|\n|upkeep\n|turn|2\n|j| sujisuji\n|\n|t:|1728130701\n|switch|p1a: Sneasler|Sneasler, L50, F|100\/100\n|-enditem|p1a: Sneasler|Grassy Seed\n|-boost|p1a: Sneasler|def|1|[from] item: Grassy Seed\n|switch|p2a: Indeedee|Indeedee, L50, M|100\/100\n|-fieldstart|move: Psychic Terrain|[from] ability: Psychic Surge|[of] p2a: Indeedee\n|move|p2b: Sneasler|Dire Claw|p1a: Sneasler\n|-resisted|p1a: Sneasler\n|-damage|p1a: Sneasler|75\/100\n|-status|p1a: Sneasler|slp\n|move|p1b: Rillaboom|U-turn|p2a: Indeedee\n|-supereffective|p2a: Indeedee\n|-damage|p2a: Indeedee|2\/100\n|\n|t:|1728130717\n|switch|p1b: Ursaluna|Ursaluna-Bloodmoon, L50, M|100\/100|[from] U-turn\n|\n|upkeep\n|turn|3\n|\n|t:|1728130730\n|switch|p1a: Rillaboom|Rillaboom, L50, F|100\/100\n|-fieldstart|move: Grassy Terrain|[from] ability: Grassy Surge|[of] p1a: Rillaboom\n|move|p1b: Ursaluna|Vacuum Wave|p2a: Indeedee\n|-damage|p2a: Indeedee|0 fnt\n|faint|p2a: Indeedee\n|move|p2b: Sneasler|Close Combat|p1b: Ursaluna\n|-supereffective|p1b: Ursaluna\n|-damage|p1b: Ursaluna|12\/100\n|-unboost|p2b: Sneasler|def|1\n|-unboost|p2b: Sneasler|spd|1\n|\n|-heal|p1b: Ursaluna|18\/100|[from] Grassy Terrain\n|upkeep\n|inactive|tatch_9 has 30 seconds left.\n|\n|t:|1728130756\n|switch|p2a: Dondozo|Dondozo, L50, M|100\/100\n|turn|4\n|\n|t:|1728130769\n|switch|p2b: Tatsugiri|Tatsugiri, L50, M|100\/100\n|-activate|p2b: Tatsugiri|ability: Commander|[of] p2a: Dondozo\n|-boost|p2a: Dondozo|atk|2\n|-boost|p2a: Dondozo|spa|2\n|-boost|p2a: Dondozo|spe|2\n|-boost|p2a: Dondozo|def|2\n|-boost|p2a: Dondozo|spd|2\n|switch|p1b: Sneasler|Sneasler, L50, F|75\/100 slp\n|-terastallize|p2a: Dondozo|Steel\n|move|p1a: Rillaboom|Fake Out|p2b: Tatsugiri|[miss]\n|-miss|p1a: Rillaboom|p2b: Tatsugiri\n|move|p2a: Dondozo|Order Up|p1b: Sneasler\n|-damage|p1b: Sneasler|3\/100 slp\n|-boost|p2a: Dondozo|atk|1\n|\n|-heal|p1b: Sneasler|9\/100 slp|[from] Grassy Terrain\n|upkeep\n|turn|5\n|\n|t:|1728130781\n|cant|p1b: Sneasler|slp\n|move|p2a: Dondozo|Order Up|p1b: Sneasler\n|-damage|p1b: Sneasler|0 fnt\n|faint|p1b: Sneasler\n|-boost|p2a: Dondozo|atk|1\n|move|p1a: Rillaboom|U-turn|p2a: Dondozo\n|-resisted|p2a: Dondozo\n|-crit|p2a: Dondozo\n|-damage|p2a: Dondozo|87\/100\n|\n|t:|1728130786\n|switch|p1a: Chandelure|Chandelure, L50, F, tera:Grass|100\/100|[from] U-turn\n|\n|-heal|p2a: Dondozo|93\/100|[from] Grassy Terrain\n|upkeep\n|\n|t:|1728130789\n|switch|p1b: Ursaluna|Ursaluna-Bloodmoon, L50, M|18\/100\n|turn|6\n|\n|t:|1728130796\n|move|p1a: Chandelure|Haze|p1a: Chandelure\n|-clearallboost\n|move|p2a: Dondozo|Heavy Slam|p1a: Chandelure\n|-damage|p1a: Chandelure|27\/100\n|move|p1b: Ursaluna|Earth Power|p2a: Dondozo\n|-supereffective|p2a: Dondozo\n|-damage|p2a: Dondozo|37\/100\n|\n|-heal|p1a: Chandelure|33\/100|[from] Grassy Terrain\n|-heal|p2a: Dondozo|43\/100|[from] Grassy Terrain\n|-heal|p1b: Ursaluna|24\/100|[from] Grassy Terrain\n|upkeep\n|turn|7\n|\n|t:|1728130810\n|switch|p1a: Rillaboom|Rillaboom, L50, F|100\/100\n|move|p2a: Dondozo|Heavy Slam|p1a: Rillaboom\n|-damage|p1a: Rillaboom|77\/100\n|move|p1b: Ursaluna|Earth Power|p2a: Dondozo\n|-supereffective|p2a: Dondozo\n|-damage|p2a: Dondozo|0 fnt\n|faint|p2a: Dondozo\n|\n|-heal|p1a: Rillaboom|83\/100|[from] Grassy Terrain\n|-heal|p1b: Ursaluna|30\/100|[from] Grassy Terrain\n|-fieldend|move: Grassy Terrain\n|upkeep\n|\n|t:|1728130817\n|switch|p2a: Sneasler|Sneasler, L50, F|100\/100\n|turn|8\n|\n|t:|1728130837\n|move|p1a: Rillaboom|Fake Out|p2b: Tatsugiri\n|-crit|p2b: Tatsugiri\n|-damage|p2b: Tatsugiri|59\/100\n|move|p2a: Sneasler|Dire Claw|p1a: Rillaboom\n|-supereffective|p1a: Rillaboom\n|-damage|p1a: Rillaboom|1\/100\n|-status|p1a: Rillaboom|slp\n|cant|p2b: Tatsugiri|flinch\n|move|p1b: Ursaluna|Earth Power|p2a: Sneasler\n|-supereffective|p2a: Sneasler\n|-damage|p2a: Sneasler|0 fnt\n|faint|p2a: Sneasler\n|\n|upkeep\n|turn|9\n|\n|t:|1728130853\n|move|p2b: Tatsugiri|Muddy Water|p1b: Ursaluna|[spread] p1a,p1b\n|-resisted|p1a: Rillaboom\n|-supereffective|p1b: Ursaluna\n|-damage|p1a: Rillaboom|0 fnt\n|-damage|p1b: Ursaluna|0 fnt\n|faint|p1a: Rillaboom\n|faint|p1b: Ursaluna\n|\n|upkeep\n|l|\u2606tatch_9\n|inactive|tatch_9 disconnected and has a minute to reconnect!\n|player|p2|\n|\n|t:|1728130855\n|switch|p1b: Chandelure|Chandelure, L50, F, tera:Grass|33\/100\n|turn|10\n|j|\u2606tatch_9\n|inactive|tatch_9 reconnected and has 50 seconds left.\n|player|p2|tatch_9|102|\n|\n|t:|1728130864\n|move|p1b: Chandelure|Shadow Ball|p2b: Tatsugiri\n|-damage|p2b: Tatsugiri|0 fnt\n|faint|p2b: Tatsugiri\n|\n|win|Ragnerize\n|raw|Ragnerize's rating: 1687 &rarr; <strong>1710<\/strong><br \/>(+23 for winning)\n|raw|tatch_9's rating: 1746 &rarr; <strong>1723<\/strong><br \/>(-23 for losing)\n|c|\u2606tatch_9|Scarf haze is crazy\n|l| sujisuji\n|l|\u2606tatch_9\n|player|p2|\n|l|\u2606Ragnerize\n|player|p1|\n","uploadtime":1728130994,"views":24,"formatid":"gen9vgc2024regh","rating":1710,"private":0,"password":null}