{"id":"gen9vgc2024regh-2216234609","format":"[Gen 9] VGC 2024 Reg H","players":["grade a type b","Pun1sher14"],"log":"|j|\u2606grade a type b\n|j|\u2606Pun1sher14\n|t:|1728096743\n|gametype|doubles\n|player|p1|grade a type b|waiter-gen4dp|1772\n|player|p2|Pun1sher14|lucas-gen4pt|1810\n|teamsize|p1|6\n|teamsize|p2|6\n|gen|9\n|tier|[Gen 9] VGC 2024 Reg H\n|rated|\n|rule|Species Clause: Limit one of each Pok\u00e9mon\n|rule|Item Clause: Limit 1 of each item\n|clearpoke\n|poke|p1|Ursaluna-Bloodmoon, L50, M|\n|poke|p1|Primarina, L50, F|\n|poke|p1|Gholdengo, L50|\n|poke|p1|Whimsicott, L50, F|\n|poke|p1|Dragonite, L50, M|\n|poke|p1|Malamar, L50, M|\n|poke|p2|Archaludon, L50, M|\n|poke|p2|Pelipper, L50, F|\n|poke|p2|Basculegion, L50, M|\n|poke|p2|Gholdengo, L50|\n|poke|p2|Rillaboom, L50, M|\n|poke|p2|Amoonguss, L50, M|\n|teampreview|4\n|inactive|Battle timer is ON: inactive players will automatically lose when time's up. (requested by grade a type b)\n|inactive|Pun1sher14 has 60 seconds left.\n|inactive|Pun1sher14 has 30 seconds left.\n|\n|t:|1728096804\n|start\n|switch|p1a: CrazyNancyPelosi|Whimsicott, L50, F, shiny|100\/100\n|switch|p1b: EATING THE DOGS|Malamar, L50, M, shiny|100\/100\n|switch|p2a: Archaludon|Archaludon, L50, M|100\/100\n|switch|p2b: Pelipper|Pelipper, L50, F|100\/100\n|-weather|RainDance|[from] ability: Drizzle|[of] p2b: Pelipper\n|turn|1\n|inactive|Pun1sher14 has 30 seconds left.\n|inactive|Pun1sher14 has 20 seconds left.\n|inactive|Pun1sher14 has 15 seconds left.\n|inactive|Pun1sher14 has 10 seconds left.\n|\n|t:|1728096851\n|switch|p2a: Gholdengo|Gholdengo, L50|100\/100\n|move|p1a: CrazyNancyPelosi|Moonblast|p2b: Pelipper\n|-damage|p2b: Pelipper|53\/100\n|move|p2b: Pelipper|Tailwind|p2b: Pelipper\n|-sidestart|p2: Pun1sher14|move: Tailwind\n|move|p1b: EATING THE DOGS|Trick Room|p1b: EATING THE DOGS\n|-fieldstart|move: Trick Room|[of] p1b: EATING THE DOGS\n|\n|-weather|RainDance|[upkeep]\n|upkeep\n|turn|2\n|\n|t:|1728096871\n|-terastallize|p2a: Gholdengo|Steel\n|move|p1b: EATING THE DOGS|Knock Off|p2a: Gholdengo\n|-damage|p2a: Gholdengo|54\/100\n|-enditem|p2a: Gholdengo|Choice Specs|[from] move: Knock Off|[of] p1b: EATING THE DOGS\n|move|p1a: CrazyNancyPelosi|Moonblast|p2b: Pelipper\n|-damage|p2b: Pelipper|9\/100\n|move|p2b: Pelipper|Weather Ball|p1b: EATING THE DOGS\n|-damage|p1b: EATING THE DOGS|24\/100\n|move|p2a: Gholdengo|Make It Rain|p1b: EATING THE DOGS|[spread] p1a,p1b\n|-supereffective|p1a: CrazyNancyPelosi\n|-crit|p1a: CrazyNancyPelosi\n|-damage|p1a: CrazyNancyPelosi|0 fnt\n|-damage|p1b: EATING THE DOGS|0 fnt\n|-unboost|p2a: Gholdengo|spa|1\n|faint|p1a: CrazyNancyPelosi\n|faint|p1b: EATING THE DOGS\n|\n|-weather|RainDance|[upkeep]\n|upkeep\n|\n|t:|1728096879\n|switch|p1b: All Hail Trump!|Ursaluna-Bloodmoon, L50, M|100\/100\n|switch|p1a: BANNED OFTEN|Dragonite, L50, M, shiny|100\/100\n|turn|3\n|\n|t:|1728096898\n|move|p1a: BANNED OFTEN|Brick Break|p2b: Pelipper\n|-resisted|p2b: Pelipper\n|-damage|p2b: Pelipper|0 fnt\n|faint|p2b: Pelipper\n|move|p1b: All Hail Trump!|Earth Power|p2a: Gholdengo\n|-supereffective|p2a: Gholdengo\n|-damage|p2a: Gholdengo|0 fnt\n|faint|p2a: Gholdengo\n|-damage|p1b: All Hail Trump!|91\/100|[from] item: Life Orb\n|\n|-weather|RainDance|[upkeep]\n|upkeep\n|j| TheDevilsGrace\n|\n|t:|1728096903\n|switch|p2b: Archaludon|Archaludon, L50, M|100\/100\n|switch|p2a: Rillaboom|Rillaboom, L50, M|100\/100\n|-fieldstart|move: Grassy Terrain|[from] ability: Grassy Surge|[of] p2a: Rillaboom\n|turn|4\n|\n|t:|1728096919\n|-terastallize|p1b: All Hail Trump!|Ghost\n|move|p2a: Rillaboom|Fake Out|p1b: All Hail Trump!\n|-immune|p1b: All Hail Trump!\n|move|p1a: BANNED OFTEN|Extreme Speed|p2b: Archaludon\n|-resisted|p2b: Archaludon\n|-crit|p2b: Archaludon\n|-damage|p2b: Archaludon|84\/100\n|-ability|p2b: Archaludon|Stamina|boost\n|-boost|p2b: Archaludon|def|1\n|move|p1b: All Hail Trump!|Earth Power|p2b: Archaludon\n|-supereffective|p2b: Archaludon\n|-damage|p2b: Archaludon|0 fnt\n|faint|p2b: Archaludon\n|-damage|p1b: All Hail Trump!|81\/100|[from] item: Life Orb\n|\n|-weather|RainDance|[upkeep]\n|-heal|p1b: All Hail Trump!|87\/100|[from] Grassy Terrain\n|-sideend|p2: Pun1sher14|move: Tailwind\n|upkeep\n|turn|5\n|j| mr pogostick\n|\n|t:|1728096932\n|move|p1a: BANNED OFTEN|Dragon Claw|p2a: Rillaboom\n|-damage|p2a: Rillaboom|44\/100\n|move|p1b: All Hail Trump!|Blood Moon|p2a: Rillaboom\n|-damage|p2a: Rillaboom|0 fnt\n|faint|p2a: Rillaboom\n|-damage|p1b: All Hail Trump!|78\/100|[from] item: Life Orb\n|\n|win|grade a type b\n|raw|grade a type b's rating: 1772 &rarr; <strong>1794<\/strong><br \/>(+22 for winning)\n|raw|Pun1sher14's rating: 1810 &rarr; <strong>1788<\/strong><br \/>(-22 for losing)\n|l|\u2606grade a type b\n|player|p1|\n|l|\u2606Pun1sher14\n|player|p2|\n|l| mr pogostick\n","uploadtime":1728097075,"views":98,"formatid":"gen9vgc2024regh","rating":1788,"private":0,"password":null}