{"id":"gen9vgc2024regh-2216129648","format":"[Gen 9] VGC 2024 Reg H","players":["high nyoom","tyuiop112"],"log":"|j|\u2606high nyoom\n|j|\u2606tyuiop112\n|t:|1728083341\n|gametype|doubles\n|player|p1|high nyoom|102|1681\n|player|p2|tyuiop112|linebacker|1940\n|teamsize|p1|6\n|teamsize|p2|6\n|gen|9\n|tier|[Gen 9] VGC 2024 Reg H\n|rated|\n|rule|Species Clause: Limit one of each Pok\u00e9mon\n|rule|Item Clause: Limit 1 of each item\n|clearpoke\n|poke|p1|Archaludon, L50, M|\n|poke|p1|Pelipper, L50, M|\n|poke|p1|Gholdengo, L50|\n|poke|p1|Amoonguss, L50, M|\n|poke|p1|Grimmsnarl, L50, M|\n|poke|p1|Gallade, L50, M|\n|poke|p2|Dragonite, L50, M|\n|poke|p2|Blaziken, L50, F|\n|poke|p2|Rillaboom, L50, M|\n|poke|p2|Primarina, L50, F|\n|poke|p2|Archaludon, L50, F|\n|poke|p2|Annihilape, L50, F|\n|teampreview|4\n|j| SP Tox\n|inactive|Battle timer is ON: inactive players will automatically lose when time's up. (requested by high nyoom)\n|j| Rolloneup\n|\n|t:|1728083395\n|start\n|switch|p1a: Grimmsnarl|Grimmsnarl, L50, M|100\/100\n|switch|p1b: Gholdengo|Gholdengo, L50|100\/100\n|switch|p2a: Dragonite|Dragonite, L50, M|100\/100\n|switch|p2b: Blaziken|Blaziken, L50, F|100\/100\n|turn|1\n|\n|t:|1728083418\n|switch|p1b: Archaludon|Archaludon, L50, M|100\/100\n|-terastallize|p2a: Dragonite|Flying\n|move|p1a: Grimmsnarl|Reflect|p1a: Grimmsnarl\n|-sidestart|p1: high nyoom|Reflect\n|move|p2b: Blaziken|Heat Wave|p1b: Archaludon|[spread] p1a,p1b\n|-damage|p1a: Grimmsnarl|68\/100\n|-damage|p1b: Archaludon|76\/100\n|-ability|p1b: Archaludon|Stamina|boost\n|-boost|p1b: Archaludon|def|1\n|move|p2a: Dragonite|Tera Blast|p1b: Archaludon|[anim] Tera Blast Flying\n|-resisted|p1b: Archaludon\n|-damage|p1b: Archaludon|65\/100\n|-ability|p1b: Archaludon|Stamina|boost\n|-boost|p1b: Archaludon|def|1\n|\n|-ability|p2b: Blaziken|Speed Boost|boost\n|-boost|p2b: Blaziken|spe|1\n|upkeep\n|turn|2\n|inactive|high nyoom has 30 seconds left.\n|inactive|tyuiop112 has 30 seconds left.\n|\n|t:|1728083445\n|switch|p1a: Pelipper|Pelipper, L50, M|100\/100\n|-weather|RainDance|[from] ability: Drizzle|[of] p1a: Pelipper\n|move|p2b: Blaziken|Aura Sphere|p1b: Archaludon\n|-supereffective|p1b: Archaludon\n|-damage|p1b: Archaludon|19\/100\n|-ability|p1b: Archaludon|Stamina|boost\n|-boost|p1b: Archaludon|def|1\n|move|p2a: Dragonite|Tera Blast|p1a: Pelipper|[anim] Tera Blast Flying\n|-damage|p1a: Pelipper|47\/100\n|move|p1b: Archaludon|Electro Shot||[still]\n|-prepare|p1b: Archaludon|Electro Shot\n|-boost|p1b: Archaludon|spa|1\n|-anim|p1b: Archaludon|Electro Shot|p2a: Dragonite\n|-supereffective|p2a: Dragonite\n|-damage|p2a: Dragonite|34\/100\n|\n|-weather|RainDance|[upkeep]\n|-ability|p2b: Blaziken|Speed Boost|boost\n|-boost|p2b: Blaziken|spe|1\n|upkeep\n|turn|3\n|inactive|high nyoom has 30 seconds left.\n|inactive|tyuiop112 has 30 seconds left.\n|inactive|tyuiop112 has 20 seconds left.\n|\n|t:|1728083481\n|move|p1a: Pelipper|Protect|p1a: Pelipper\n|-singleturn|p1a: Pelipper|Protect\n|move|p2b: Blaziken|Aura Sphere|p1b: Archaludon\n|-supereffective|p1b: Archaludon\n|-damage|p1b: Archaludon|0 fnt\n|faint|p1b: Archaludon\n|move|p2a: Dragonite|Tera Blast|p1a: Pelipper|[anim] Tera Blast Flying\n|-activate|p1a: Pelipper|move: Protect\n|\n|-weather|RainDance|[upkeep]\n|-ability|p2b: Blaziken|Speed Boost|boost\n|-boost|p2b: Blaziken|spe|1\n|upkeep\n|\n|t:|1728083489\n|switch|p1b: Gholdengo|Gholdengo, L50|100\/100\n|turn|4\n|j| DonShitDozo\n|\n|t:|1728083510\n|switch|p1a: Grimmsnarl|Grimmsnarl, L50, M|68\/100\n|move|p2a: Dragonite|Extreme Speed|p1a: Grimmsnarl\n|-damage|p1a: Grimmsnarl|46\/100\n|move|p2b: Blaziken|Aura Sphere|p1a: Grimmsnarl\n|-damage|p1a: Grimmsnarl|11\/100\n|move|p1b: Gholdengo|Nasty Plot|p1b: Gholdengo\n|-boost|p1b: Gholdengo|spa|2\n|\n|-weather|RainDance|[upkeep]\n|-ability|p2b: Blaziken|Speed Boost|boost\n|-boost|p2b: Blaziken|spe|1\n|upkeep\n|turn|5\n|inactive|tyuiop112 has 30 seconds left.\n|\n|t:|1728083539\n|-terastallize|p1b: Gholdengo|Dragon\n|move|p2a: Dragonite|Extreme Speed|p1a: Grimmsnarl\n|-damage|p1a: Grimmsnarl|0 fnt\n|faint|p1a: Grimmsnarl\n|move|p2b: Blaziken|Heat Wave|p1b: Gholdengo\n|-resisted|p1b: Gholdengo\n|-damage|p1b: Gholdengo|90\/100\n|-status|p1b: Gholdengo|brn\n|move|p1b: Gholdengo|Make It Rain|p2a: Dragonite|[spread] p2a,p2b\n|-resisted|p2b: Blaziken\n|-damage|p2a: Dragonite|0 fnt\n|-damage|p2b: Blaziken|25\/100\n|-unboost|p1b: Gholdengo|spa|1\n|faint|p2a: Dragonite\n|\n|-weather|RainDance|[upkeep]\n|-heal|p1b: Gholdengo|96\/100 brn|[from] item: Leftovers\n|-damage|p1b: Gholdengo|90\/100 brn|[from] brn\n|-ability|p2b: Blaziken|Speed Boost|boost\n|-boost|p2b: Blaziken|spe|1\n|upkeep\n|inactive|tyuiop112 has 30 seconds left.\n|inactive|tyuiop112 has 20 seconds left.\n|inactive|tyuiop112 has 15 seconds left.\n|inactive|tyuiop112 has 10 seconds left.\n|\n|t:|1728083584\n|switch|p2a: Archaludon|Archaludon, L50, F|100\/100\n|switch|p1a: Pelipper|Pelipper, L50, M|47\/100\n|turn|6\n|l| SP Tox\n|inactive|tyuiop112 has 30 seconds left.\n|\n|t:|1728083610\n|move|p1a: Pelipper|Protect|p1a: Pelipper\n|-singleturn|p1a: Pelipper|Protect\n|move|p2b: Blaziken|Aura Sphere|p1b: Gholdengo\n|-damage|p1b: Gholdengo|51\/100 brn\n|move|p2a: Archaludon|Electro Shot||[still]\n|-prepare|p2a: Archaludon|Electro Shot\n|-boost|p2a: Archaludon|spa|1\n|-anim|p2a: Archaludon|Electro Shot|p1a: Pelipper\n|-activate|p1a: Pelipper|move: Protect\n|move|p1b: Gholdengo|Shadow Ball|p2b: Blaziken\n|-damage|p2b: Blaziken|0 fnt\n|faint|p2b: Blaziken\n|\n|-weather|none\n|-heal|p1b: Gholdengo|57\/100 brn|[from] item: Leftovers\n|-damage|p1b: Gholdengo|51\/100 brn|[from] brn\n|upkeep\n|\n|t:|1728083631\n|switch|p2b: Annihilape|Annihilape, L50, F|100\/100\n|turn|7\n|\n|t:|1728083644\n|move|p1b: Gholdengo|Protect|p1b: Gholdengo\n|-singleturn|p1b: Gholdengo|Protect\n|move|p2b: Annihilape|Close Combat|p1b: Gholdengo\n|-activate|p1b: Gholdengo|move: Protect\n|move|p2a: Archaludon|Electro Shot||[still]\n|-prepare|p2a: Archaludon|Electro Shot\n|-boost|p2a: Archaludon|spa|1\n|-enditem|p2a: Archaludon|Power Herb\n|-anim|p2a: Archaludon|Electro Shot|p1a: Pelipper\n|-supereffective|p1a: Pelipper\n|-damage|p1a: Pelipper|0 fnt\n|faint|p1a: Pelipper\n|\n|-heal|p1b: Gholdengo|57\/100 brn|[from] item: Leftovers\n|-damage|p1b: Gholdengo|51\/100 brn|[from] brn\n|upkeep\n|turn|8\n|\n|t:|1728083664\n|move|p2b: Annihilape|Close Combat|p1b: Gholdengo\n|-crit|p1b: Gholdengo\n|-damage|p1b: Gholdengo|0 fnt\n|-unboost|p2b: Annihilape|def|1\n|-unboost|p2b: Annihilape|spd|1\n|faint|p1b: Gholdengo\n|\n|win|tyuiop112\n|raw|high nyoom's rating: 1681 &rarr; <strong>1674<\/strong><br \/>(-7 for losing)\n|raw|tyuiop112's rating: 1940 &rarr; <strong>1947<\/strong><br \/>(+7 for winning)\n|l|\u2606high nyoom\n|player|p1|\n|l| Rolloneup\n|l|\u2606tyuiop112\n|player|p2|\n","uploadtime":1728083922,"views":22,"formatid":"gen9vgc2024regh","rating":1674,"private":0,"password":null}