{"id":"gen9vgc2024regh-2216537139","format":"[Gen 9] VGC 2024 Reg H","players":["mattun","koji muranishi"],"log":"|j|\u2606mattun\n|j|\u2606koji muranishi\n|t:|1728144479\n|gametype|doubles\n|player|p1|mattun|1|1732\n|player|p2|koji muranishi|169|1704\n|teamsize|p1|6\n|teamsize|p2|6\n|gen|9\n|tier|[Gen 9] VGC 2024 Reg H\n|rated|\n|rule|Species Clause: Limit one of each Pok\u00e9mon\n|rule|Item Clause: Limit 1 of each item\n|clearpoke\n|poke|p1|Blastoise, L50, M|\n|poke|p1|Sylveon, L50, M|\n|poke|p1|Indeedee, L50, M|\n|poke|p1|Gallade, L50, M|\n|poke|p1|Drifblim, L50, M|\n|poke|p1|Electabuzz, L50, F|\n|poke|p2|Ursaluna-Bloodmoon, L50, M|\n|poke|p2|Amoonguss, L50, M|\n|poke|p2|Incineroar, L50, M|\n|poke|p2|Archaludon, L50, F|\n|poke|p2|Pelipper, L50, F|\n|poke|p2|Whimsicott, L50, M|\n|teampreview|4\n|inactive|Battle timer is ON: inactive players will automatically lose when time's up. (requested by koji muranishi)\n|\n|t:|1728144505\n|start\n|switch|p1a: Indeedee|Indeedee, L50, M|100\/100\n|switch|p1b: Drifblim|Drifblim, L50, M|100\/100\n|switch|p2a: Whimsicott|Whimsicott, L50, M|100\/100\n|switch|p2b: Incineroar|Incineroar, L50, M|100\/100\n|-fieldstart|move: Psychic Terrain|[from] ability: Psychic Surge|[of] p1a: Indeedee\n|-enditem|p1b: Drifblim|Psychic Seed\n|-boost|p1b: Drifblim|spd|1|[from] item: Psychic Seed\n|-ability|p2b: Incineroar|Intimidate|boost\n|-unboost|p1a: Indeedee|atk|1\n|-unboost|p1b: Drifblim|atk|1\n|turn|1\n|\n|t:|1728144530\n|-terastallize|p1a: Indeedee|Fighting\n|move|p2a: Whimsicott|Protect|p2a: Whimsicott\n|-singleturn|p2a: Whimsicott|Protect\n|move|p1b: Drifblim|Acrobatics|p2a: Whimsicott\n|-activate|p2a: Whimsicott|move: Protect\n|move|p1a: Indeedee|Imprison|p1a: Indeedee\n|-start|p1a: Indeedee|move: Imprison\n|move|p2b: Incineroar|Snarl|p1b: Drifblim|[spread] p1a,p1b\n|-resisted|p1a: Indeedee\n|-supereffective|p1b: Drifblim\n|-damage|p1a: Indeedee|94\/100\n|-damage|p1b: Drifblim|86\/100\n|-unboost|p1a: Indeedee|spa|1\n|-unboost|p1b: Drifblim|spa|1\n|\n|upkeep\n|turn|2\n|inactive|koji muranishi has 30 seconds left.\n|\n|t:|1728144562\n|move|p1b: Drifblim|Acrobatics|p2a: Whimsicott\n|-supereffective|p2a: Whimsicott\n|-damage|p2a: Whimsicott|12\/100\n|move|p2a: Whimsicott|Moonblast|p1a: Indeedee\n|-supereffective|p1a: Indeedee\n|-damage|p1a: Indeedee|0 fnt\n|faint|p1a: Indeedee\n|move|p2b: Incineroar|Knock Off|p1b: Drifblim\n|-supereffective|p1b: Drifblim\n|-damage|p1b: Drifblim|6\/100\n|\n|upkeep\n|\n|t:|1728144573\n|switch|p1a: Blastoise|Blastoise, L50, M|100\/100\n|turn|3\n|\n|t:|1728144582\n|-terastallize|p2b: Incineroar|Grass\n|move|p2a: Whimsicott|Tailwind|p2a: Whimsicott\n|-sidestart|p2: koji muranishi|move: Tailwind\n|move|p1b: Drifblim|Tailwind|p1b: Drifblim\n|-sidestart|p1: mattun|move: Tailwind\n|move|p1a: Blastoise|Water Spout|p2b: Incineroar|[spread] p2a,p2b\n|-resisted|p2a: Whimsicott\n|-resisted|p2b: Incineroar\n|-damage|p2a: Whimsicott|0 fnt\n|-damage|p2b: Incineroar|78\/100\n|faint|p2a: Whimsicott\n|move|p2b: Incineroar|Snarl|p1b: Drifblim|[spread] p1a,p1b\n|-supereffective|p1b: Drifblim\n|-damage|p1a: Blastoise|91\/100\n|-damage|p1b: Drifblim|0 fnt\n|-unboost|p1a: Blastoise|spa|1\n|faint|p1b: Drifblim\n|\n|upkeep\n|\n|t:|1728144599\n|switch|p2a: Archaludon|Archaludon, L50, F|100\/100\n|switch|p1b: Gallade|Gallade, L50, M|100\/100\n|turn|4\n|inactive|koji muranishi has 30 seconds left.\n|inactive|koji muranishi has 20 seconds left.\n|inactive|koji muranishi has 15 seconds left.\n|\n|t:|1728144639\n|move|p1b: Gallade|Sacred Sword|p2b: Incineroar\n|-damage|p2b: Incineroar|11\/100\n|-enditem|p2b: Incineroar|Sitrus Berry|[eat]\n|-heal|p2b: Incineroar|36\/100|[from] item: Sitrus Berry\n|move|p2a: Archaludon|Draco Meteor|p1b: Gallade\n|-damage|p1b: Gallade|0 fnt\n|-unboost|p2a: Archaludon|spa|2\n|faint|p1b: Gallade\n|move|p1a: Blastoise|Water Spout|p2b: Incineroar|[spread] p2a,p2b\n|-resisted|p2a: Archaludon\n|-resisted|p2b: Incineroar\n|-damage|p2a: Archaludon|76\/100\n|-damage|p2b: Incineroar|24\/100\n|move|p2b: Incineroar|Flare Blitz|p1a: Blastoise\n|-resisted|p1a: Blastoise\n|-damage|p1a: Blastoise|66\/100\n|-damage|p2b: Incineroar|17\/100|[from] Recoil\n|\n|upkeep\n|turn|5\n|\n|t:|1728144659\n|move|p2a: Archaludon|Draco Meteor|p1a: Blastoise\n|-damage|p1a: Blastoise|9\/100\n|-unboost|p2a: Archaludon|spa|2\n|move|p1a: Blastoise|Water Spout|p2a: Archaludon|[spread] p2a,p2b\n|-resisted|p2a: Archaludon\n|-resisted|p2b: Incineroar\n|-damage|p2a: Archaludon|73\/100\n|-damage|p2b: Incineroar|15\/100\n|move|p2b: Incineroar|Snarl|p1a: Blastoise\n|-damage|p1a: Blastoise|0 fnt\n|faint|p1a: Blastoise\n|\n|win|koji muranishi\n|raw|mattun's rating: 1732 &rarr; <strong>1710<\/strong><br \/>(-22 for losing)\n|raw|koji muranishi's rating: 1704 &rarr; <strong>1726<\/strong><br \/>(+22 for winning)\n|l|\u2606mattun\n|player|p1|\n|l|\u2606koji muranishi\n|player|p2|\n","uploadtime":1728144843,"views":20,"formatid":"gen9vgc2024regh","rating":1710,"private":0,"password":null}