{"id":"gen9vgc2024regh-2216265045","format":"[Gen 9] VGC 2024 Reg H","players":["mezobasha","Bahamate"],"log":"|j|\u2606mezobasha\n|j|\u2606Bahamate\n|t:|1728100976\n|gametype|doubles\n|player|p1|mezobasha|1|1717\n|player|p2|Bahamate|grimsley|1703\n|teamsize|p1|6\n|teamsize|p2|6\n|gen|9\n|tier|[Gen 9] VGC 2024 Reg H\n|rated|\n|rule|Species Clause: Limit one of each Pok\u00e9mon\n|rule|Item Clause: Limit 1 of each item\n|clearpoke\n|poke|p1|Armarouge, L50, M|\n|poke|p1|Indeedee-F, L50, F|\n|poke|p1|Ursaluna, L50, F|\n|poke|p1|Gallade, L50, M|\n|poke|p1|Torkoal, L50, M|\n|poke|p1|Lilligant-Hisui, L50, F|\n|poke|p2|Ceruledge, L50, F|\n|poke|p2|Grimmsnarl, L50, M|\n|poke|p2|Whimsicott, L50, F|\n|poke|p2|Gholdengo, L50|\n|poke|p2|Hydreigon, L50, F|\n|poke|p2|Annihilape, L50, F|\n|teampreview|4\n|inactive|Battle timer is ON: inactive players will automatically lose when time's up. (requested by mezobasha)\n|j| LudocyelZ\n|\n|t:|1728101007\n|start\n|switch|p1a: Gallade|Gallade, L50, M|100\/100\n|switch|p1b: Indeedee|Indeedee-F, L50, F|100\/100\n|switch|p2a: Grimmsnarl|Grimmsnarl, L50, M, shiny|100\/100\n|switch|p2b: Hydreigon|Hydreigon, L50, F|100\/100\n|-fieldstart|move: Psychic Terrain|[from] ability: Psychic Surge|[of] p1b: Indeedee\n|-enditem|p1b: Indeedee|Psychic Seed\n|-boost|p1b: Indeedee|spd|1|[from] item: Psychic Seed\n|turn|1\n|j| Stempe\n|inactive|Bahamate has 30 seconds left.\n|\n|t:|1728101046\n|-terastallize|p1a: Gallade|Fire\n|move|p2a: Grimmsnarl|Reflect|p2a: Grimmsnarl\n|-sidestart|p2: Bahamate|Reflect\n|move|p2b: Hydreigon|Draco Meteor|p1a: Gallade\n|-damage|p1a: Gallade|7\/100\n|-unboost|p2b: Hydreigon|spa|2\n|move|p1a: Gallade|Sacred Sword|p2b: Hydreigon\n|-supereffective|p2b: Hydreigon\n|-damage|p2b: Hydreigon|0 fnt\n|faint|p2b: Hydreigon\n|move|p1b: Indeedee|Trick Room|p1b: Indeedee\n|-fieldstart|move: Trick Room|[of] p1b: Indeedee\n|\n|upkeep\n|\n|t:|1728101068\n|switch|p2b: Ceruledge|Ceruledge, L50, F, shiny|100\/100\n|turn|2\n|\n|t:|1728101091\n|move|p1b: Indeedee|Follow Me|p1b: Indeedee\n|-singleturn|p1b: Indeedee|move: Follow Me\n|move|p1a: Gallade|Psycho Cut|p2b: Ceruledge\n|-damage|p2b: Ceruledge|46\/100\n|move|p2a: Grimmsnarl|Spirit Break|p1b: Indeedee\n|-damage|p1b: Indeedee|70\/100\n|-unboost|p1b: Indeedee|spa|1\n|move|p2b: Ceruledge|Bitter Blade|p1b: Indeedee\n|-damage|p1b: Indeedee|24\/100\n|-heal|p2b: Ceruledge|69\/100|[from] drain|[of] p1b: Indeedee\n|\n|upkeep\n|turn|3\n|\n|t:|1728101115\n|move|p1b: Indeedee|Helping Hand|p1a: Gallade\n|-singleturn|p1a: Gallade|Helping Hand|[of] p1b: Indeedee\n|move|p1a: Gallade|Psycho Cut|p2b: Ceruledge\n|-damage|p2b: Ceruledge|0 fnt\n|faint|p2b: Ceruledge\n|move|p2a: Grimmsnarl|Spirit Break|p1a: Gallade\n|-resisted|p1a: Gallade\n|-damage|p1a: Gallade|0 fnt\n|faint|p1a: Gallade\n|\n|upkeep\n|\n|t:|1728101124\n|switch|p1a: Torkoal|Torkoal, L50, M|100\/100\n|switch|p2b: Annihilape|Annihilape, L50, F|100\/100\n|-weather|SunnyDay|[from] ability: Drought|[of] p1a: Torkoal\n|turn|4\n|\n|t:|1728101142\n|-terastallize|p2b: Annihilape|Water\n|move|p1b: Indeedee|Follow Me|p1b: Indeedee\n|-singleturn|p1b: Indeedee|move: Follow Me\n|move|p2a: Grimmsnarl|Light Screen|p2a: Grimmsnarl\n|-sidestart|p2: Bahamate|move: Light Screen\n|move|p1a: Torkoal|Eruption|p2b: Annihilape|[spread] p2a,p2b\n|-resisted|p2b: Annihilape\n|-damage|p2a: Grimmsnarl|57\/100\n|-damage|p2b: Annihilape|79\/100\n|move|p2b: Annihilape|Drain Punch|p1b: Indeedee\n|-damage|p1b: Indeedee|0 fnt\n|-heal|p2b: Annihilape|89\/100|[from] drain|[of] p1b: Indeedee\n|faint|p1b: Indeedee\n|\n|-weather|SunnyDay|[upkeep]\n|upkeep\n|\n|t:|1728101154\n|switch|p1b: Ursaluna|Ursaluna, L50, F|100\/100\n|turn|5\n|inactive|mezobasha has 30 seconds left.\n|inactive|Bahamate has 30 seconds left.\n|\n|t:|1728101186\n|move|p1b: Ursaluna|Protect|p1b: Ursaluna\n|-singleturn|p1b: Ursaluna|Protect\n|move|p1a: Torkoal|Eruption|p2a: Grimmsnarl|[spread] p2a,p2b\n|-resisted|p2b: Annihilape\n|-damage|p2a: Grimmsnarl|12\/100\n|-damage|p2b: Annihilape|69\/100\n|move|p2a: Grimmsnarl|Spirit Break|p1a: Torkoal\n|-resisted|p1a: Torkoal\n|-damage|p1a: Torkoal|89\/100\n|-unboost|p1a: Torkoal|spa|1\n|move|p2b: Annihilape|Bulk Up|p2b: Annihilape\n|-boost|p2b: Annihilape|atk|1\n|-boost|p2b: Annihilape|def|1\n|\n|-weather|SunnyDay|[upkeep]\n|-fieldend|move: Trick Room\n|-fieldend|move: Psychic Terrain\n|-status|p1b: Ursaluna|brn|[from] item: Flame Orb\n|upkeep\n|turn|6\n|inactive|mezobasha has 30 seconds left.\n|inactive|Bahamate has 30 seconds left.\n|\n|t:|1728101224\n|move|p1b: Ursaluna|Protect|p1b: Ursaluna\n|-singleturn|p1b: Ursaluna|Protect\n|move|p2b: Annihilape|Drain Punch|p1b: Ursaluna\n|-activate|p1b: Ursaluna|move: Protect\n|move|p2a: Grimmsnarl|Spirit Break|p1a: Torkoal\n|-resisted|p1a: Torkoal\n|-damage|p1a: Torkoal|76\/100\n|-unboost|p1a: Torkoal|spa|1\n|move|p1a: Torkoal|Eruption|p2a: Grimmsnarl|[spread] p2a,p2b\n|-resisted|p2b: Annihilape\n|-damage|p2a: Grimmsnarl|0 fnt\n|-damage|p2b: Annihilape|61\/100\n|faint|p2a: Grimmsnarl\n|\n|-weather|SunnyDay|[upkeep]\n|-damage|p1b: Ursaluna|95\/100 brn|[from] brn\n|upkeep\n|turn|7\n|\n|t:|1728101245\n|move|p2b: Annihilape|Drain Punch|p1b: Ursaluna\n|-supereffective|p1b: Ursaluna\n|-damage|p1b: Ursaluna|28\/100 brn\n|-heal|p2b: Annihilape|99\/100|[from] drain|[of] p1b: Ursaluna\n|move|p1b: Ursaluna|Facade|p2b: Annihilape\n|-damage|p2b: Annihilape|44\/100\n|move|p1a: Torkoal|Heat Wave|p2b: Annihilape\n|-resisted|p2b: Annihilape\n|-crit|p2b: Annihilape\n|-damage|p2b: Annihilape|2\/100\n|\n|-weather|SunnyDay|[upkeep]\n|-damage|p1b: Ursaluna|22\/100 brn|[from] brn\n|upkeep\n|turn|8\n|inactive|mezobasha has 30 seconds left.\n|inactive|mezobasha has 20 seconds left.\n|\n|t:|1728101282\n|move|p2b: Annihilape|Protect|p2b: Annihilape\n|-singleturn|p2b: Annihilape|Protect\n|move|p1b: Ursaluna|Facade|p2b: Annihilape\n|-activate|p2b: Annihilape|move: Protect\n|move|p1a: Torkoal|Weather Ball|p2b: Annihilape\n|-activate|p2b: Annihilape|move: Protect\n|\n|-weather|none\n|-damage|p1b: Ursaluna|16\/100 brn|[from] brn\n|-sideend|p2: Bahamate|Reflect\n|upkeep\n|turn|9\n|\n|t:|1728101293\n|move|p2b: Annihilape|Drain Punch|p1b: Ursaluna\n|-supereffective|p1b: Ursaluna\n|-damage|p1b: Ursaluna|0 fnt\n|-heal|p2b: Annihilape|11\/100|[from] drain|[of] p1b: Ursaluna\n|faint|p1b: Ursaluna\n|move|p1a: Torkoal|Heat Wave|p2b: Annihilape\n|-resisted|p2b: Annihilape\n|-damage|p2b: Annihilape|5\/100\n|\n|upkeep\n|turn|10\n|\n|t:|1728101305\n|move|p2b: Annihilape|Rage Fist|p1a: Torkoal\n|-damage|p1a: Torkoal|0 fnt\n|faint|p1a: Torkoal\n|\n|win|Bahamate\n|raw|mezobasha's rating: 1717 &rarr; <strong>1696<\/strong><br \/>(-21 for losing)\n|raw|Bahamate's rating: 1703 &rarr; <strong>1724<\/strong><br \/>(+21 for winning)\n|l|\u2606mezobasha\n|player|p1|\n|l| LudocyelZ\n|l| Stempe\n|l|\u2606Bahamate\n|player|p2|\n","uploadtime":1728101501,"views":19,"formatid":"gen9vgc2024regh","rating":1696,"private":0,"password":null}