{"id":"gen9vgc2024regh-2216221144","format":"[Gen 9] VGC 2024 Reg H","players":["PlasticAttorney","chanpaopao"],"log":"|j|\u2606PlasticAttorney\n|j|\u2606chanpaopao\n|t:|1728094973\n|gametype|doubles\n|player|p1|PlasticAttorney|swimmer-gen4dp|1645\n|player|p2|chanpaopao|265|1770\n|teamsize|p1|6\n|teamsize|p2|6\n|gen|9\n|tier|[Gen 9] VGC 2024 Reg H\n|rated|\n|rule|Species Clause: Limit one of each Pok\u00e9mon\n|rule|Item Clause: Limit 1 of each item\n|clearpoke\n|poke|p1|Glaceon, L50, F|\n|poke|p1|Ninetales-Alola, L50, F|\n|poke|p1|Dondozo, L50, F|\n|poke|p1|Tatsugiri, L50, M|\n|poke|p1|Ursaluna, L50, M|\n|poke|p1|Bronzong, L50|\n|poke|p2|Ursaluna, L50, F|\n|poke|p2|Porygon2, L50|\n|poke|p2|Dragonite, L50, F|\n|poke|p2|Gholdengo, L50|\n|poke|p2|Incineroar, L50, F|\n|poke|p2|Amoonguss, L50, M|\n|teampreview|4\n|inactive|Battle timer is ON: inactive players will automatically lose when time's up. (requested by PlasticAttorney)\n|j| oscarbolt\n|\n|t:|1728095017\n|start\n|switch|p1a: Ninetales|Ninetales-Alola, L50, F|100\/100\n|switch|p1b: Glaceon|Glaceon, L50, F|100\/100\n|switch|p2a: Gholdengo|Gholdengo, L50|100\/100\n|switch|p2b: Incineroar|Incineroar, L50, F|100\/100\n|-weather|Snow|[from] ability: Snow Warning|[of] p1a: Ninetales\n|-ability|p2b: Incineroar|Intimidate|boost\n|-unboost|p1a: Ninetales|atk|1\n|-unboost|p1b: Glaceon|atk|1\n|turn|1\n|j| LeonidasKS\n|inactive|chanpaopao has 30 seconds left.\n|j| vmars\n|inactive|chanpaopao has 20 seconds left.\n|\n|t:|1728095053\n|-terastallize|p1a: Ninetales|Ghost\n|-terastallize|p2a: Gholdengo|Steel\n|move|p2b: Incineroar|Fake Out|p1a: Ninetales\n|-immune|p1a: Ninetales\n|move|p1a: Ninetales|Aurora Veil|p1a: Ninetales\n|-sidestart|p1: PlasticAttorney|move: Aurora Veil\n|move|p2a: Gholdengo|Make It Rain|p1a: Ninetales|[spread] p1a,p1b\n|-supereffective|p1b: Glaceon\n|-damage|p1a: Ninetales|43\/100\n|-damage|p1b: Glaceon|20\/100\n|-unboost|p2a: Gholdengo|spa|1\n|-damage|p2a: Gholdengo|90\/100|[from] item: Life Orb\n|move|p1b: Glaceon|Blizzard|p2a: Gholdengo|[spread] p2a,p2b\n|-resisted|p2a: Gholdengo\n|-resisted|p2b: Incineroar\n|-damage|p2a: Gholdengo|65\/100\n|-damage|p2b: Incineroar|82\/100\n|\n|-weather|Snow|[upkeep]\n|upkeep\n|turn|2\n|inactive|PlasticAttorney has 30 seconds left.\n|\n|t:|1728095081\n|move|p1a: Ninetales|Encore|p2b: Incineroar\n|-start|p2b: Incineroar|Encore\n|move|p2a: Gholdengo|Make It Rain|p1b: Glaceon|[spread] p1a,p1b\n|-supereffective|p1b: Glaceon\n|-damage|p1a: Ninetales|4\/100\n|-damage|p1b: Glaceon|0 fnt\n|-unboost|p2a: Gholdengo|spa|1\n|faint|p1b: Glaceon\n|-damage|p2a: Gholdengo|55\/100|[from] item: Life Orb\n|move|p2b: Incineroar|Fake Out||[still]\n|-hint|Fake Out only works on your first turn out.\n|-fail|p2b: Incineroar\n|\n|-weather|Snow|[upkeep]\n|upkeep\n|\n|t:|1728095104\n|switch|p1b: Ursaluna|Ursaluna, L50, M|100\/100\n|turn|3\n|\n|t:|1728095129\n|switch|p1a: Bronzong|Bronzong, L50|100\/100\n|switch|p2b: Dragonite|Dragonite, L50, F|100\/100\n|move|p2a: Gholdengo|Make It Rain|p1b: Ursaluna|[spread] p1a,p1b\n|-resisted|p1a: Bronzong\n|-damage|p1a: Bronzong|87\/100\n|-damage|p1b: Ursaluna|71\/100\n|-unboost|p2a: Gholdengo|spa|1\n|-damage|p2a: Gholdengo|45\/100|[from] item: Life Orb\n|move|p1b: Ursaluna|Earthquake|p2b: Dragonite|[spread] p2a\n|-immune|p1a: Bronzong|[from] ability: Levitate\n|-immune|p2b: Dragonite\n|-supereffective|p2a: Gholdengo\n|-damage|p2a: Gholdengo|0 fnt\n|faint|p2a: Gholdengo\n|\n|-weather|Snow|[upkeep]\n|-status|p1b: Ursaluna|brn|[from] item: Flame Orb\n|upkeep\n|\n|t:|1728095152\n|switch|p2a: Incineroar|Incineroar, L50, F|82\/100\n|-ability|p2a: Incineroar|Intimidate|boost\n|-unboost|p1a: Bronzong|atk|1\n|-unboost|p1b: Ursaluna|atk|1\n|turn|4\n|j| TheDevilsGrace\n|\n|t:|1728095168\n|move|p2b: Dragonite|Scale Shot|p1a: Bronzong\n|-resisted|p1a: Bronzong\n|-damage|p1a: Bronzong|84\/100\n|-resisted|p1a: Bronzong\n|-damage|p1a: Bronzong|80\/100\n|-resisted|p1a: Bronzong\n|-damage|p1a: Bronzong|77\/100\n|-resisted|p1a: Bronzong\n|-damage|p1a: Bronzong|73\/100\n|-hitcount|p1a: Bronzong|4\n|-unboost|p2b: Dragonite|def|1\n|-boost|p2b: Dragonite|spe|1\n|move|p2a: Incineroar|Flare Blitz|p1a: Bronzong\n|-supereffective|p1a: Bronzong\n|-damage|p1a: Bronzong|34\/100\n|-damage|p2a: Incineroar|70\/100|[from] Recoil\n|move|p1b: Ursaluna|Rock Slide|p2a: Incineroar|[spread] p2a,p2b\n|-supereffective|p2a: Incineroar\n|-supereffective|p2b: Dragonite\n|-damage|p2a: Incineroar|34\/100\n|-damage|p2b: Dragonite|63\/100\n|move|p1a: Bronzong|Trick Room|p1a: Bronzong\n|-fieldstart|move: Trick Room|[of] p1a: Bronzong\n|\n|-weather|Snow|[upkeep]\n|-damage|p1b: Ursaluna|65\/100 brn|[from] brn\n|upkeep\n|turn|5\n|inactive|chanpaopao has 30 seconds left.\n|\n|t:|1728095202\n|switch|p2a: Ursaluna|Ursaluna, L50, F|100\/100\n|move|p1a: Bronzong|Body Press|p2a: Ursaluna\n|-supereffective|p2a: Ursaluna\n|-damage|p2a: Ursaluna|57\/100\n|move|p1b: Ursaluna|Facade|p2b: Dragonite\n|-damage|p2b: Dragonite|0 fnt\n|faint|p2b: Dragonite\n|\n|-weather|none\n|-damage|p1b: Ursaluna|60\/100 brn|[from] brn\n|-status|p2a: Ursaluna|brn|[from] item: Flame Orb\n|upkeep\n|\n|t:|1728095215\n|switch|p2b: Incineroar|Incineroar, L50, F|34\/100\n|-ability|p2b: Incineroar|Intimidate|boost\n|-unboost|p1a: Bronzong|atk|1\n|-unboost|p1b: Ursaluna|atk|1\n|turn|6\n|\n|t:|1728095237\n|move|p2b: Incineroar|Fake Out|p1a: Bronzong\n|-resisted|p1a: Bronzong\n|-damage|p1a: Bronzong|32\/100\n|cant|p1a: Bronzong|flinch\n|move|p1b: Ursaluna|Earthquake|p2a: Ursaluna|[spread] p2a,p2b\n|-immune|p1a: Bronzong|[from] ability: Levitate\n|-supereffective|p2b: Incineroar\n|-damage|p2a: Ursaluna|33\/100 brn\n|-damage|p2b: Incineroar|0 fnt\n|faint|p2b: Incineroar\n|move|p2a: Ursaluna|Facade|p1a: Bronzong\n|-resisted|p1a: Bronzong\n|-crit|p1a: Bronzong\n|-damage|p1a: Bronzong|0 fnt\n|faint|p1a: Bronzong\n|\n|-damage|p1b: Ursaluna|54\/100 brn|[from] brn\n|-damage|p2a: Ursaluna|27\/100 brn|[from] brn\n|upkeep\n|\n|t:|1728095246\n|switch|p1a: Ninetales|Ninetales-Alola, L50, F, tera:Ghost|4\/100\n|-weather|Snow|[from] ability: Snow Warning|[of] p1a: Ninetales\n|turn|7\n|-message|chanpaopao forfeited.\n|\n|win|PlasticAttorney\n|raw|PlasticAttorney's rating: 1645 &rarr; <strong>1672<\/strong><br \/>(+27 for winning)\n|raw|chanpaopao's rating: 1770 &rarr; <strong>1743<\/strong><br \/>(-27 for losing)\n|l|\u2606chanpaopao\n|player|p2|\n|l| oscarbolt\n|l|\u2606PlasticAttorney\n|player|p1|\n|l| TheDevilsGrace\n|l| vmars\n","uploadtime":1728095416,"views":18,"formatid":"gen9vgc2024regh","rating":1672,"private":0,"password":null}