{"id":"gen9vgc2024regh-2217095897","format":"[Gen 9] VGC 2024 Reg H","players":["yongbao","yuzuda"],"log":"|j|\u2606yongbao\n|j|\u2606yuzuda\n|t:|1728221867\n|gametype|doubles\n|player|p1|yongbao|dawn-gen4pt|1670\n|player|p2|yuzuda|266|1697\n|teamsize|p1|6\n|teamsize|p2|6\n|gen|9\n|tier|[Gen 9] VGC 2024 Reg H\n|rated|\n|rule|Species Clause: Limit one of each Pok\u00e9mon\n|rule|Item Clause: Limit 1 of each item\n|clearpoke\n|poke|p1|Gholdengo, L50|\n|poke|p1|Samurott-Hisui, L50, M|\n|poke|p1|Grimmsnarl, L50, M|\n|poke|p1|Volcarona, L50, F|\n|poke|p1|Whimsicott, L50, M|\n|poke|p1|Dondozo, L50, F|\n|poke|p2|Archaludon, L50, M|\n|poke|p2|Annihilape, L50, M|\n|poke|p2|Grimmsnarl, L50, M|\n|poke|p2|Maushold, L50|\n|poke|p2|Primarina, L50, M|\n|poke|p2|Gholdengo, L50|\n|teampreview|4\n|inactive|Battle timer is ON: inactive players will automatically lose when time's up. (requested by yuzuda)\n|\n|t:|1728221894\n|start\n|switch|p1a: Grimmsnarl|Grimmsnarl, L50, M|100\/100\n|switch|p1b: Gholdengo|Gholdengo, L50|100\/100\n|switch|p2a: Maushold|Maushold, L50|100\/100\n|switch|p2b: Annihilape|Annihilape, L50, M|100\/100\n|turn|1\n|inactive|yongbao has 30 seconds left.\n|\n|t:|1728221919\n|move|p2b: Annihilape|Protect|p2b: Annihilape\n|-singleturn|p2b: Annihilape|Protect\n|move|p1a: Grimmsnarl|Fake Out|p2a: Maushold\n|-damage|p2a: Maushold|82\/100\n|move|p1b: Gholdengo|Shadow Ball|p2b: Annihilape\n|-activate|p2b: Annihilape|move: Protect\n|cant|p2a: Maushold|flinch\n|\n|upkeep\n|turn|2\n|inactive|yongbao has 30 seconds left.\n|\n|t:|1728221949\n|switch|p1b: Volcarona|Volcarona, L50, F|100\/100\n|move|p2a: Maushold|Follow Me|p2a: Maushold\n|-singleturn|p2a: Maushold|move: Follow Me\n|move|p2b: Annihilape|Bulk Up|p2b: Annihilape\n|-boost|p2b: Annihilape|atk|1\n|-boost|p2b: Annihilape|def|1\n|move|p1a: Grimmsnarl|Spirit Break|p2a: Maushold\n|-damage|p2a: Maushold|31\/100\n|-unboost|p2a: Maushold|spa|1\n|\n|upkeep\n|turn|3\n|\n|t:|1728221969\n|-terastallize|p2b: Annihilape|Water\n|move|p2a: Maushold|Beat Up|p2b: Annihilape\n|-damage|p2b: Annihilape|99\/100\n|-damage|p2b: Annihilape|97\/100\n|-damage|p2b: Annihilape|95\/100\n|-damage|p2b: Annihilape|94\/100\n|-hitcount|p2b: Annihilape|4\n|move|p1b: Volcarona|Heat Wave|p2a: Maushold|[spread] p2a,p2b\n|-resisted|p2b: Annihilape\n|-damage|p2a: Maushold|0 fnt\n|-damage|p2b: Annihilape|73\/100\n|faint|p2a: Maushold\n|move|p2b: Annihilape|Rage Fist|p1b: Volcarona\n|-damage|p1b: Volcarona|0 fnt\n|-status|p2b: Annihilape|brn|[from] ability: Flame Body|[of] p1b: Volcarona\n|faint|p1b: Volcarona\n|move|p1a: Grimmsnarl|Spirit Break|p2b: Annihilape\n|-damage|p2b: Annihilape|48\/100 brn\n|-unboost|p2b: Annihilape|spa|1\n|-ability|p2b: Annihilape|Defiant|boost\n|-boost|p2b: Annihilape|atk|2\n|\n|-heal|p2b: Annihilape|54\/100 brn|[from] item: Leftovers\n|-damage|p2b: Annihilape|48\/100 brn|[from] brn\n|upkeep\n|inactive|yongbao has 30 seconds left.\n|inactive|yuzuda has 30 seconds left.\n|\n|t:|1728221994\n|switch|p2a: Gholdengo|Gholdengo, L50|100\/100\n|switch|p1b: Gholdengo|Gholdengo, L50|100\/100\n|turn|4\n|\n|t:|1728222009\n|-terastallize|p1b: Gholdengo|Steel\n|move|p1a: Grimmsnarl|Sucker Punch|p2a: Gholdengo\n|-supereffective|p2a: Gholdengo\n|-damage|p2a: Gholdengo|12\/100\n|move|p1b: Gholdengo|Thunderbolt|p2b: Annihilape\n|-supereffective|p2b: Annihilape\n|-damage|p2b: Annihilape|0 fnt\n|faint|p2b: Annihilape\n|move|p2a: Gholdengo|Shadow Ball|p1b: Gholdengo\n|-damage|p1b: Gholdengo|23\/100\n|\n|upkeep\n|\n|t:|1728222021\n|switch|p2b: Archaludon|Archaludon, L50, M|100\/100\n|turn|5\n|j| IntrovertZ\n|\n|t:|1728222032\n|switch|p1b: Dondozo|Dondozo, L50, F|100\/100\n|move|p1a: Grimmsnarl|Sucker Punch|p2a: Gholdengo\n|-supereffective|p2a: Gholdengo\n|-damage|p2a: Gholdengo|0 fnt\n|faint|p2a: Gholdengo\n|move|p2b: Archaludon|Electro Shot||[still]\n|-prepare|p2b: Archaludon|Electro Shot\n|-boost|p2b: Archaludon|spa|1\n|\n|upkeep\n|turn|6\n|\n|t:|1728222049\n|move|p1a: Grimmsnarl|Sucker Punch|p2b: Archaludon\n|-damage|p2b: Archaludon|77\/100\n|-ability|p2b: Archaludon|Stamina|boost\n|-boost|p2b: Archaludon|def|1\n|move|p2b: Archaludon|Electro Shot|p1b: Dondozo|[from]lockedmove\n|-supereffective|p1b: Dondozo\n|-damage|p1b: Dondozo|42\/100\n|move|p1b: Dondozo|Yawn|p2b: Archaludon\n|-start|p2b: Archaludon|move: Yawn|[of] p1b: Dondozo\n|\n|-heal|p1b: Dondozo|48\/100|[from] item: Leftovers\n|upkeep\n|turn|7\n|\n|t:|1728222074\n|move|p1a: Grimmsnarl|Fake Tears|p2b: Archaludon\n|-unboost|p2b: Archaludon|spd|2\n|move|p2b: Archaludon|Body Press|p1a: Grimmsnarl\n|-damage|p1a: Grimmsnarl|43\/100\n|move|p1b: Dondozo|Body Press|p2b: Archaludon\n|-supereffective|p2b: Archaludon\n|-damage|p2b: Archaludon|47\/100\n|-ability|p2b: Archaludon|Stamina|boost\n|-boost|p2b: Archaludon|def|1\n|\n|-heal|p1b: Dondozo|54\/100|[from] item: Leftovers\n|-end|p2b: Archaludon|move: Yawn|[silent]\n|-status|p2b: Archaludon|slp\n|upkeep\n|turn|8\n|-message|yuzuda forfeited.\n|\n|win|yongbao\n|raw|yongbao's rating: 1670 &rarr; <strong>1692<\/strong><br \/>(+22 for winning)\n|raw|yuzuda's rating: 1697 &rarr; <strong>1675<\/strong><br \/>(-22 for losing)\n|l|\u2606yuzuda\n|player|p2|\n|l|\u2606yongbao\n|player|p1|\n","uploadtime":1728222255,"views":13,"formatid":"gen9vgc2024regh","rating":1675,"private":0,"password":null}