{"id":"gen9vgc2024regh-2217881619","format":"[Gen 9] VGC 2024 Reg H","players":["Zordor","Kronicler"],"log":"|j|\u2606Zordor\n|j|\u2606Kronicler\n|t:|1728317872\n|gametype|doubles\n|player|p1|Zordor|pilot|1790\n|player|p2|Kronicler|yellow|1766\n|teamsize|p1|6\n|teamsize|p2|6\n|gen|9\n|tier|[Gen 9] VGC 2024 Reg H\n|rated|\n|rule|Species Clause: Limit one of each Pok\u00e9mon\n|rule|Item Clause: Limit 1 of each item\n|clearpoke\n|poke|p1|Rotom-Wash, L50|\n|poke|p1|Sneasler, L50, F|\n|poke|p1|Kingambit, L50, F|\n|poke|p1|Armarouge, L50, F|\n|poke|p1|Annihilape, L50, F|\n|poke|p1|Venusaur, L50, M|\n|poke|p2|Gengar, L50, M|\n|poke|p2|Volcarona, L50, F|\n|poke|p2|Rillaboom, L50, F|\n|poke|p2|Bisharp, L50, M|\n|poke|p2|Primarina, L50, M|\n|poke|p2|Gothitelle, L50, M|\n|teampreview|4\n|inactive|Battle timer is ON: inactive players will automatically lose when time's up. (requested by Kronicler)\nKronicler rejected open team sheets.\n|j| slimyswag\n|inactive|Zordor has 60 seconds left.\n|inactive|Zordor has 30 seconds left.\n|inactive|Zordor has 20 seconds left.\n|\n|t:|1728317948\n|start\n|switch|p1a: Sneasler|Sneasler, L50, F|100\/100\n|switch|p1b: Armarouge|Armarouge, L50, F|100\/100\n|switch|p2a: Volcarona|Volcarona, L50, F|100\/100\n|switch|p2b: Gengar|Gengar, L50, M|100\/100\n|turn|1\n|\n|t:|1728317971\n|move|p2a: Volcarona|Protect|p2a: Volcarona\n|-singleturn|p2a: Volcarona|Protect\n|move|p1a: Sneasler|Rock Tomb|p2a: Volcarona\n|-activate|p2a: Volcarona|move: Protect\n|move|p2b: Gengar|Icy Wind|p1a: Sneasler|[spread] p1a,p1b\n|-resisted|p1b: Armarouge\n|-damage|p1a: Sneasler|83\/100\n|-damage|p1b: Armarouge|92\/100\n|-unboost|p1a: Sneasler|spe|1\n|-unboost|p1b: Armarouge|spe|1\n|move|p1b: Armarouge|Heat Wave|p2b: Gengar|[spread] p2b\n|-activate|p2a: Volcarona|move: Protect\n|-damage|p2b: Gengar|42\/100\n|\n|upkeep\n|turn|2\n|\n|t:|1728317995\n|switch|p1a: Kingambit|Kingambit, L50, F|100\/100\n|-terastallize|p2a: Volcarona|Ground\n|-terastallize|p1b: Armarouge|Fairy\n|move|p2b: Gengar|Shadow Ball|p1b: Armarouge\n|-damage|p1b: Armarouge|42\/100\n|move|p2a: Volcarona|Tera Blast|p1a: Kingambit|[anim] Tera Blast Ground\n|-supereffective|p1a: Kingambit\n|-damage|p1a: Kingambit|0 fnt\n|faint|p1a: Kingambit\n|-damage|p2a: Volcarona|91\/100|[from] item: Life Orb\n|move|p1b: Armarouge|Meteor Beam||[still]\n|-prepare|p1b: Armarouge|Meteor Beam\n|-boost|p1b: Armarouge|spa|1\n|-enditem|p1b: Armarouge|Power Herb\n|-anim|p1b: Armarouge|Meteor Beam|p2a: Volcarona\n|-resisted|p2a: Volcarona\n|-crit|p2a: Volcarona\n|-damage|p2a: Volcarona|45\/100\n|\n|upkeep\n|\n|t:|1728318003\n|switch|p1a: Sneasler|Sneasler, L50, F|83\/100\n|turn|3\n|\n|t:|1728318024\n|move|p1a: Sneasler|Rock Tomb|p2b: Gengar\n|-damage|p2b: Gengar|3\/100\n|-unboost|p2b: Gengar|spe|1\n|move|p2a: Volcarona|Tera Blast|p1a: Sneasler|[anim] Tera Blast Ground\n|-supereffective|p1a: Sneasler\n|-damage|p1a: Sneasler|0 fnt\n|faint|p1a: Sneasler\n|-damage|p2a: Volcarona|35\/100|[from] item: Life Orb\n|move|p2b: Gengar|Icy Wind|p1b: Armarouge\n|-damage|p1b: Armarouge|18\/100\n|-unboost|p1b: Armarouge|spe|1\n|move|p1b: Armarouge|Heat Wave|p2b: Gengar|[spread] p2a,p2b\n|-damage|p2a: Volcarona|0 fnt\n|-damage|p2b: Gengar|0 fnt\n|-start|p1b: Armarouge|Disable|Heat Wave|[from] ability: Cursed Body|[of] p2b: Gengar\n|faint|p2a: Volcarona\n|faint|p2b: Gengar\n|\n|upkeep\n|\n|t:|1728318031\n|switch|p1a: Venusaur|Venusaur, L50, M|100\/100\n|switch|p2b: Primarina|Primarina, L50, M|100\/100\n|switch|p2a: Bisharp|Bisharp, L50, M|100\/100\n|turn|4\n|inactive|Kronicler has 30 seconds left.\n|inactive|Kronicler has 20 seconds left.\n|inactive|Kronicler has 15 seconds left.\n|\n|t:|1728318073\n|move|p1b: Armarouge|Protect|p1b: Armarouge\n|-singleturn|p1b: Armarouge|Protect\n|move|p1a: Venusaur|Giga Drain|p2b: Primarina\n|-supereffective|p2b: Primarina\n|-damage|p2b: Primarina|51\/100\n|move|p2a: Bisharp|Iron Head|p1a: Venusaur\n|-damage|p1a: Venusaur|45\/100\n|move|p2b: Primarina|Hyper Voice|p1a: Venusaur|[spread] p1a\n|-activate|p1b: Armarouge|move: Protect\n|-resisted|p1a: Venusaur\n|-damage|p1a: Venusaur|25\/100\n|\n|-heal|p1a: Venusaur|31\/100|[from] item: Leftovers\n|upkeep\n|turn|5\n|\n|t:|1728318085\n|move|p1a: Venusaur|Protect|p1a: Venusaur\n|-singleturn|p1a: Venusaur|Protect\n|move|p2a: Bisharp|Sucker Punch||[still]\n|-fail|p2a: Bisharp\n|move|p2b: Primarina|Moonblast|p1b: Armarouge\n|-damage|p1b: Armarouge|0 fnt\n|faint|p1b: Armarouge\n|\n|-heal|p1a: Venusaur|37\/100|[from] item: Leftovers\n|upkeep\n|turn|6\n|\n|t:|1728318102\n|move|p1a: Venusaur|Giga Drain|p2b: Primarina\n|-supereffective|p2b: Primarina\n|-damage|p2b: Primarina|0 fnt\n|-heal|p1a: Venusaur|65\/100|[from] drain|[of] p2b: Primarina\n|faint|p2b: Primarina\n|move|p2a: Bisharp|Iron Head|p1a: Venusaur\n|-damage|p1a: Venusaur|17\/100\n|\n|-heal|p1a: Venusaur|23\/100|[from] item: Leftovers\n|upkeep\n|turn|7\n|\n|t:|1728318108\n|move|p1a: Venusaur|Protect|p1a: Venusaur\n|-singleturn|p1a: Venusaur|Protect\n|move|p2a: Bisharp|Iron Head|p1a: Venusaur\n|-activate|p1a: Venusaur|move: Protect\n|\n|-heal|p1a: Venusaur|29\/100|[from] item: Leftovers\n|upkeep\n|turn|8\n|\n|t:|1728318114\n|move|p1a: Venusaur|Earth Power|p2a: Bisharp\n|-supereffective|p2a: Bisharp\n|-damage|p2a: Bisharp|46\/100\n|move|p2a: Bisharp|Iron Head|p1a: Venusaur\n|-damage|p1a: Venusaur|0 fnt\n|faint|p1a: Venusaur\n|\n|win|Kronicler\n|raw|Zordor's rating: 1790 &rarr; <strong>1769<\/strong><br \/>(-21 for losing)\n|raw|Kronicler's rating: 1766 &rarr; <strong>1787<\/strong><br \/>(+21 for winning)\n|l|\u2606Zordor\n|player|p1|\n|l| slimyswag\n|l|\u2606Kronicler\n|player|p2|\n","uploadtime":1728318352,"views":38,"formatid":"gen9vgc2024regh","rating":1769,"private":0,"password":null}