{"id":"gen9vgc2024regh-2217747580","format":"[Gen 9] VGC 2024 Reg H","players":["srlopezlot","tyuiop112"],"log":"|j|\u2606srlopezlot\n|j|\u2606tyuiop112\n|t:|1728305243\n|gametype|doubles\n|player|p1|srlopezlot|102|1764\n|player|p2|tyuiop112|linebacker|1858\n|teamsize|p1|6\n|teamsize|p2|6\n|gen|9\n|tier|[Gen 9] VGC 2024 Reg H\n|rated|\n|rule|Species Clause: Limit one of each Pok\u00e9mon\n|rule|Item Clause: Limit 1 of each item\n|clearpoke\n|poke|p1|Kingambit, L50, M|\n|poke|p1|Dondozo, L50, M|\n|poke|p1|Tatsugiri, L50, F|\n|poke|p1|Dragonite, L50, M|\n|poke|p1|Sylveon, L50, F|\n|poke|p1|Archaludon, L50, M|\n|poke|p2|Dragonite, L50, F|\n|poke|p2|Gholdengo, L50|\n|poke|p2|Archaludon, L50, M|\n|poke|p2|Ursaluna-Bloodmoon, L50, M|\n|poke|p2|Rillaboom, L50, F|\n|poke|p2|Sneasler, L50, F|\n|teampreview|4\n|j| kserzz\n|\n|t:|1728305289\n|start\n|switch|p1a: Dondozo|Dondozo, L50, M|100\/100\n|switch|p1b: Archaludon|Archaludon, L50, M|100\/100\n|switch|p2a: Archaludon|Archaludon, L50, M|100\/100\n|switch|p2b: Gholdengo|Gholdengo, L50|100\/100\n|turn|1\n|l| kserzz\n|\n|t:|1728305305\n|move|p1a: Dondozo|Protect|p1a: Dondozo\n|-singleturn|p1a: Dondozo|Protect\n|move|p2b: Gholdengo|Shadow Ball|p1b: Archaludon\n|-damage|p1b: Archaludon|34\/100\n|move|p2a: Archaludon|Draco Meteor|p1b: Archaludon\n|-damage|p1b: Archaludon|0 fnt\n|-unboost|p2a: Archaludon|spa|2\n|faint|p1b: Archaludon\n|\n|upkeep\n|\n|t:|1728305317\n|switch|p1b: Kingambit|Kingambit, L50, M|100\/100\n|turn|2\n|\n|t:|1728305329\n|switch|p2a: Ursaluna|Ursaluna-Bloodmoon, L50, M|100\/100\n|switch|p1b: Tatsugiri|Tatsugiri, L50, F|100\/100\n|-activate|p1b: Tatsugiri|ability: Commander|[of] p1a: Dondozo\n|-boost|p1a: Dondozo|atk|2\n|-boost|p1a: Dondozo|spa|2\n|-boost|p1a: Dondozo|spe|2\n|-boost|p1a: Dondozo|def|2\n|-boost|p1a: Dondozo|spd|2\n|move|p2b: Gholdengo|Shadow Ball|p1a: Dondozo\n|-damage|p1a: Dondozo|79\/100\n|move|p1a: Dondozo|Earthquake|p2b: Gholdengo|[spread] p2a,p2b\n|-miss|p1a: Dondozo|p1b: Tatsugiri\n|-supereffective|p2b: Gholdengo\n|-crit|p2b: Gholdengo\n|-damage|p2a: Ursaluna|65\/100\n|-damage|p2b: Gholdengo|0 fnt\n|faint|p2b: Gholdengo\n|\n|-heal|p2a: Ursaluna|72\/100|[from] item: Leftovers\n|upkeep\n|\n|t:|1728305360\n|switch|p2b: Archaludon|Archaludon, L50, M|100\/100\n|turn|3\n|j| skersh88\n|\n|t:|1728305368\n|move|p1a: Dondozo|Wave Crash|p2a: Ursaluna\n|-supereffective|p2a: Ursaluna\n|-crit|p2a: Ursaluna\n|-damage|p2a: Ursaluna|0 fnt\n|faint|p2a: Ursaluna\n|-damage|p1a: Dondozo|57\/100|[from] Recoil\n|move|p2b: Archaludon|Electro Shot||[still]\n|-prepare|p2b: Archaludon|Electro Shot\n|-boost|p2b: Archaludon|spa|1\n|-enditem|p2b: Archaludon|Power Herb\n|-anim|p2b: Archaludon|Electro Shot|p1a: Dondozo\n|-supereffective|p1a: Dondozo\n|-damage|p1a: Dondozo|0 fnt\n|faint|p1a: Dondozo\n|\n|upkeep\n|\n|t:|1728305382\n|switch|p2a: Sneasler|Sneasler, L50, F|100\/100\n|switch|p1a: Kingambit|Kingambit, L50, M|100\/100\n|turn|4\n|\n|t:|1728305397\n|-terastallize|p2a: Sneasler|Stellar\n|-terastallize|p1a: Kingambit|Water\n|move|p2a: Sneasler|Close Combat|p1a: Kingambit\n|-damage|p1a: Kingambit|31\/100\n|-unboost|p2a: Sneasler|def|1\n|-unboost|p2a: Sneasler|spd|1\n|move|p2b: Archaludon|Draco Meteor|p1b: Tatsugiri|[miss]\n|-miss|p2b: Archaludon|p1b: Tatsugiri\n|move|p1b: Tatsugiri|Muddy Water|p2a: Sneasler|[spread] p2a,p2b\n|-resisted|p2b: Archaludon\n|-enditem|p2a: Sneasler|Focus Sash\n|-damage|p2a: Sneasler|1\/100\n|-damage|p2b: Archaludon|73\/100\n|move|p1a: Kingambit|Kowtow Cleave|p2a: Sneasler\n|-resisted|p2a: Sneasler\n|-damage|p2a: Sneasler|0 fnt\n|faint|p2a: Sneasler\n|\n|upkeep\n|turn|5\n|\n|t:|1728305426\n|move|p1a: Kingambit|Sucker Punch|p2b: Archaludon\n|-damage|p2b: Archaludon|44\/100\n|move|p2b: Archaludon|Draco Meteor|p1a: Kingambit\n|-damage|p1a: Kingambit|0 fnt\n|-unboost|p2b: Archaludon|spa|2\n|faint|p1a: Kingambit\n|move|p1b: Tatsugiri|Draco Meteor|p2b: Archaludon\n|-damage|p2b: Archaludon|0 fnt\n|-unboost|p1b: Tatsugiri|spa|2\n|faint|p2b: Archaludon\n|\n|win|srlopezlot\n|raw|srlopezlot's rating: 1764 &rarr; <strong>1789<\/strong><br \/>(+25 for winning)\n|raw|tyuiop112's rating: 1858 &rarr; <strong>1833<\/strong><br \/>(-25 for losing)\n|l|\u2606tyuiop112\n|player|p2|\n|l|\u2606srlopezlot\n|player|p1|\n","uploadtime":1728305569,"views":81,"formatid":"gen9vgc2024regh","rating":1789,"private":0,"password":null}