{"id":"gen9vgc2024regh-2217142941","format":"[Gen 9] VGC 2024 Reg H","players":["PYS_Max","YoungJeffNBA"],"log":"|j|\u2606PYS_Max\n|j|\u2606YoungJeffNBA\n|t:|1728227551\n|gametype|doubles\n|player|p1|PYS_Max|linebacker|1672\n|player|p2|YoungJeffNBA|170|1762\n|teamsize|p1|6\n|teamsize|p2|6\n|gen|9\n|tier|[Gen 9] VGC 2024 Reg H\n|rated|\n|rule|Species Clause: Limit one of each Pok\u00e9mon\n|rule|Item Clause: Limit 1 of each item\n|clearpoke\n|poke|p1|Exeggutor, L50, F|\n|poke|p1|Indeedee-F, L50, F|\n|poke|p1|Torkoal, L50, F|\n|poke|p1|Hydreigon, L50, F|\n|poke|p1|Flamigo, L50, M|\n|poke|p1|Archaludon, L50, M|\n|poke|p2|Tyranitar, L50, F|\n|poke|p2|Lycanroc, L50, F|\n|poke|p2|Indeedee, L50, M|\n|poke|p2|Gastrodon-East, L50, F|\n|poke|p2|Annihilape, L50, M|\n|poke|p2|Gholdengo, L50|\n|teampreview|4\n|\n|t:|1728227581\n|start\n|switch|p1a: Indeedee|Indeedee-F, L50, F|100\/100\n|switch|p1b: Exeggutor|Exeggutor, L50, F|100\/100\n|switch|p2a: Lycanroc|Lycanroc, L50, F|100\/100\n|switch|p2b: Indeedee|Indeedee, L50, M|100\/100\n|-fieldstart|move: Psychic Terrain|[from] ability: Psychic Surge|[of] p2b: Indeedee\n|-enditem|p1a: Indeedee|Psychic Seed\n|-boost|p1a: Indeedee|spd|1|[from] item: Psychic Seed\n|turn|1\n|j| TrubbishTyler\n|\n|t:|1728227596\n|switch|p2b: Tyranitar|Tyranitar, L50, F|100\/100\n|-weather|Sandstorm|[from] ability: Sand Stream|[of] p2b: Tyranitar\n|move|p1a: Indeedee|Follow Me|p1a: Indeedee\n|-singleturn|p1a: Indeedee|move: Follow Me\n|move|p2a: Lycanroc|Taunt|p1a: Indeedee\n|-start|p1a: Indeedee|move: Taunt\n|move|p1b: Exeggutor|Expanding Force|p2a: Lycanroc|[spread] p2a\n|-immune|p2b: Tyranitar\n|-damage|p2a: Lycanroc|9\/100\n|-damage|p1b: Exeggutor|91\/100|[from] item: Life Orb\n|\n|-weather|Sandstorm|[upkeep]\n|-damage|p1b: Exeggutor|85\/100|[from] Sandstorm\n|-damage|p1a: Indeedee|94\/100|[from] Sandstorm\n|upkeep\n|turn|2\n|\n|t:|1728227622\n|switch|p1a: Torkoal|Torkoal, L50, F|100\/100\n|-weather|SunnyDay|[from] ability: Drought|[of] p1a: Torkoal\n|move|p1b: Exeggutor|Leaf Storm|p2b: Tyranitar\n|-supereffective|p2b: Tyranitar\n|-damage|p2b: Tyranitar|0 fnt\n|-unboost|p1b: Exeggutor|spa|2\n|faint|p2b: Tyranitar\n|-damage|p1b: Exeggutor|75\/100|[from] item: Life Orb\n|move|p2a: Lycanroc|Rock Slide|p1a: Torkoal|[spread] p1a,p1b\n|-supereffective|p1a: Torkoal\n|-damage|p1a: Torkoal|53\/100\n|-damage|p1b: Exeggutor|39\/100\n|\n|-weather|SunnyDay|[upkeep]\n|upkeep\n|\n|t:|1728227637\n|switch|p2b: Indeedee|Indeedee, L50, M|100\/100\n|turn|3\n|\n|t:|1728227666\n|switch|p1a: Indeedee|Indeedee-F, L50, F|94\/100\n|move|p1b: Exeggutor|Protect|p1b: Exeggutor\n|-singleturn|p1b: Exeggutor|Protect\n|move|p2b: Indeedee|Shadow Ball|p1b: Exeggutor\n|-activate|p1b: Exeggutor|move: Protect\n|move|p2a: Lycanroc|Rock Slide|p1a: Indeedee|[spread] p1a\n|-activate|p1b: Exeggutor|move: Protect\n|-damage|p1a: Indeedee|64\/100\n|\n|-weather|SunnyDay|[upkeep]\n|upkeep\n|turn|4\n|\n|t:|1728227692\n|switch|p2b: Gholdengo|Gholdengo, L50|100\/100\n|move|p2a: Lycanroc|Protect|p2a: Lycanroc\n|-singleturn|p2a: Lycanroc|Protect\n|move|p1b: Exeggutor|Expanding Force|p2a: Lycanroc|[spread] p2b\n|-activate|p2a: Lycanroc|move: Protect\n|-resisted|p2b: Gholdengo\n|-damage|p2b: Gholdengo|78\/100\n|-damage|p1b: Exeggutor|29\/100|[from] item: Life Orb\n|move|p1a: Indeedee|Trick Room|p1a: Indeedee\n|-fieldstart|move: Trick Room|[of] p1a: Indeedee\n|\n|-weather|SunnyDay|[upkeep]\n|upkeep\n|turn|5\n|\n|t:|1728227721\n|switch|p2a: Indeedee|Indeedee, L50, M|100\/100\n|move|p1a: Indeedee|Psychic|p2a: Indeedee\n|-resisted|p2a: Indeedee\n|-damage|p2a: Indeedee|76\/100\n|move|p2b: Gholdengo|Nasty Plot|p2b: Gholdengo\n|-boost|p2b: Gholdengo|spa|2\n|move|p1b: Exeggutor|Expanding Force|p2a: Indeedee|[spread] p2a,p2b\n|-resisted|p2a: Indeedee\n|-resisted|p2b: Gholdengo\n|-damage|p2a: Indeedee|48\/100\n|-damage|p2b: Gholdengo|58\/100\n|-damage|p1b: Exeggutor|19\/100|[from] item: Life Orb\n|\n|-weather|SunnyDay|[upkeep]\n|-fieldend|move: Psychic Terrain\n|upkeep\n|turn|6\n|\n|t:|1728227747\n|move|p1a: Indeedee|Psychic|p2b: Gholdengo\n|-resisted|p2b: Gholdengo\n|-damage|p2b: Gholdengo|44\/100\n|move|p2b: Gholdengo|Make It Rain|p1a: Indeedee|[spread] p1a,p1b\n|-damage|p1a: Indeedee|0 fnt\n|-damage|p1b: Exeggutor|0 fnt\n|-unboost|p2b: Gholdengo|spa|1\n|faint|p1a: Indeedee\n|faint|p1b: Exeggutor\n|-damage|p2b: Gholdengo|34\/100|[from] item: Life Orb\n|move|p2a: Indeedee|Expanding Force|p1: Indeedee|[notarget]\n|-fail|p2a: Indeedee\n|\n|-weather|none\n|upkeep\n|\n|t:|1728227755\n|switch|p1a: Flamigo|Flamigo, L50, M|100\/100\n|switch|p1b: Torkoal|Torkoal, L50, F|53\/100\n|-weather|SunnyDay|[from] ability: Drought|[of] p1b: Torkoal\n|turn|7\n|\n|t:|1728227768\n|move|p2b: Gholdengo|Protect|p2b: Gholdengo\n|-singleturn|p2b: Gholdengo|Protect\n|move|p1b: Torkoal|Eruption|p2a: Indeedee|[spread] p2a\n|-activate|p2b: Gholdengo|move: Protect\n|-damage|p2a: Indeedee|0 fnt\n|faint|p2a: Indeedee\n|move|p1a: Flamigo|Close Combat|p2b: Gholdengo\n|-activate|p2b: Gholdengo|move: Protect\n|\n|-weather|SunnyDay|[upkeep]\n|upkeep\n|\n|t:|1728227778\n|switch|p2a: Lycanroc|Lycanroc, L50, F|9\/100\n|turn|8\n|\n|t:|1728227789\n|-terastallize|p2b: Gholdengo|Flying\n|move|p2a: Lycanroc|Protect|p2a: Lycanroc\n|-singleturn|p2a: Lycanroc|Protect\n|move|p1b: Torkoal|Eruption|p2b: Gholdengo|[spread] p2b\n|-activate|p2a: Lycanroc|move: Protect\n|-damage|p2b: Gholdengo|0 fnt\n|faint|p2b: Gholdengo\n|move|p1a: Flamigo|Close Combat|p2a: Lycanroc\n|-activate|p2a: Lycanroc|move: Protect\n|\n|-weather|SunnyDay|[upkeep]\n|-fieldend|move: Trick Room\n|upkeep\n|turn|9\n|c|\u2606YoungJeffNBA|gg wp\n|\n|t:|1728227805\n|move|p1a: Flamigo|Wide Guard|p1a: Flamigo\n|-singleturn|p1a: Flamigo|Wide Guard\n|move|p2a: Lycanroc|Rock Slide|p1b: Torkoal|[spread] \n|-activate|p1a: Flamigo|move: Wide Guard\n|-activate|p1b: Torkoal|move: Wide Guard\n|move|p1b: Torkoal|Earth Power|p2a: Lycanroc\n|-supereffective|p2a: Lycanroc\n|-damage|p2a: Lycanroc|0 fnt\n|faint|p2a: Lycanroc\n|\n|win|PYS_Max\n|raw|PYS_Max's rating: 1672 &rarr; <strong>1697<\/strong><br \/>(+25 for winning)\n|raw|YoungJeffNBA's rating: 1762 &rarr; <strong>1737<\/strong><br \/>(-25 for losing)\n|l|\u2606YoungJeffNBA\n|player|p2|\n|l| TrubbishTyler\n","uploadtime":1728227951,"views":15,"formatid":"gen9vgc2024regh","rating":1697,"private":0,"password":null}