{"id":"gen9vgc2024regh-2217753005","format":"[Gen 9] VGC 2024 Reg H","players":["tyuiop112","Kronicler"],"log":"|j|\u2606tyuiop112\n|j|\u2606Kronicler\n|t:|1728305864\n|gametype|doubles\n|player|p1|tyuiop112|linebacker|1852\n|player|p2|Kronicler|yellow|1751\n|teamsize|p1|6\n|teamsize|p2|6\n|gen|9\n|tier|[Gen 9] VGC 2024 Reg H\n|rated|\n|rule|Species Clause: Limit one of each Pok\u00e9mon\n|rule|Item Clause: Limit 1 of each item\n|clearpoke\n|poke|p1|Dragonite, L50, M|\n|poke|p1|Gholdengo, L50|\n|poke|p1|Archaludon, L50, M|\n|poke|p1|Ursaluna-Bloodmoon, L50, M|\n|poke|p1|Rillaboom, L50, F|\n|poke|p1|Sneasler, L50, F|\n|poke|p2|Gengar, L50, F|\n|poke|p2|Volcarona, L50, M|\n|poke|p2|Rillaboom, L50, F|\n|poke|p2|Bisharp, L50, M|\n|poke|p2|Primarina, L50, M|\n|poke|p2|Gothitelle, L50, M|\n|teampreview|4\nKronicler rejected open team sheets.\n|inactive|Battle timer is ON: inactive players will automatically lose when time's up. (requested by Kronicler)\n|\n|t:|1728305898\n|start\n|switch|p1a: Rillaboom|Rillaboom, L50, F|100\/100\n|switch|p1b: Gholdengo|Gholdengo, L50|100\/100\n|switch|p2a: Volcarona|Volcarona, L50, M|100\/100\n|switch|p2b: Gengar|Gengar, L50, F|100\/100\n|-fieldstart|move: Grassy Terrain|[from] ability: Grassy Surge|[of] p1a: Rillaboom\n|turn|1\n|inactive|Kronicler has 30 seconds left.\n|inactive|tyuiop112 has 30 seconds left.\n|\n|t:|1728305939\n|-terastallize|p1a: Rillaboom|Fire\n|move|p1b: Gholdengo|Trick|p2a: Volcarona\n|-activate|p1b: Gholdengo|move: Trick|[of] p2a: Volcarona\n|-item|p2a: Volcarona|Choice Scarf|[from] move: Trick\n|-item|p1b: Gholdengo|Life Orb|[from] move: Trick\n|move|p2a: Volcarona|Heat Wave|p1a: Rillaboom|[spread] p1a\n|-miss|p2a: Volcarona|p1b: Gholdengo\n|-resisted|p1a: Rillaboom\n|-damage|p1a: Rillaboom|85\/100\n|move|p2b: Gengar|Acid Spray|p1a: Rillaboom\n|-damage|p1a: Rillaboom|67\/100\n|-unboost|p1a: Rillaboom|spd|2\n|move|p1a: Rillaboom|U-turn|p2b: Gengar\n|-resisted|p2b: Gengar\n|-damage|p2b: Gengar|88\/100\n|\n|t:|1728305958\n|switch|p1a: Ursaluna|Ursaluna-Bloodmoon, L50, M|100\/100|[from] U-turn\n|\n|-heal|p2b: Gengar|94\/100|[from] Grassy Terrain\n|upkeep\n|turn|2\n|\n|t:|1728305977\n|move|p1b: Gholdengo|Protect|p1b: Gholdengo\n|-singleturn|p1b: Gholdengo|Protect\n|move|p2a: Volcarona|Heat Wave|p1a: Ursaluna|[spread] p1a\n|-activate|p1b: Gholdengo|move: Protect\n|-damage|p1a: Ursaluna|66\/100\n|move|p2b: Gengar|Acid Spray|p1a: Ursaluna\n|-resisted|p1a: Ursaluna\n|-damage|p1a: Ursaluna|58\/100\n|-unboost|p1a: Ursaluna|spd|2\n|move|p1a: Ursaluna|Blood Moon|p2a: Volcarona\n|-damage|p2a: Volcarona|29\/100\n|\n|-heal|p2a: Volcarona|35\/100|[from] Grassy Terrain\n|-heal|p2b: Gengar|99\/100|[from] Grassy Terrain\n|-heal|p1a: Ursaluna|64\/100|[from] Grassy Terrain\n|-heal|p1a: Ursaluna|70\/100|[from] item: Leftovers\n|upkeep\n|turn|3\n|inactive|tyuiop112 has 30 seconds left.\n|inactive|tyuiop112 has 20 seconds left.\n|\n|t:|1728306014\n|switch|p1a: Rillaboom|Rillaboom, L50, F, tera:Fire|67\/100\n|move|p2a: Volcarona|Heat Wave|p1a: Rillaboom|[spread] p1a,p1b\n|-resisted|p1a: Rillaboom\n|-supereffective|p1b: Gholdengo\n|-damage|p1a: Rillaboom|53\/100\n|-damage|p1b: Gholdengo|8\/100\n|move|p2b: Gengar|Shadow Ball|p1b: Gholdengo\n|-supereffective|p1b: Gholdengo\n|-damage|p1b: Gholdengo|0 fnt\n|faint|p1b: Gholdengo\n|\n|-heal|p2a: Volcarona|41\/100|[from] Grassy Terrain\n|-heal|p2b: Gengar|100\/100|[from] Grassy Terrain\n|-heal|p1a: Rillaboom|59\/100|[from] Grassy Terrain\n|upkeep\n|\n|t:|1728306033\n|switch|p1b: Archaludon|Archaludon, L50, M|100\/100\n|turn|4\n|inactive|Kronicler has 30 seconds left.\n|inactive|Kronicler has 20 seconds left.\n|\n|t:|1728306069\n|move|p1a: Rillaboom|Fake Out|p2a: Volcarona\n|-damage|p2a: Volcarona|21\/100\n|cant|p2a: Volcarona|flinch\n|move|p2b: Gengar|Shadow Ball|p1b: Archaludon\n|-damage|p1b: Archaludon|33\/100\n|move|p1b: Archaludon|Electro Shot||[still]\n|-prepare|p1b: Archaludon|Electro Shot\n|-boost|p1b: Archaludon|spa|1\n|-enditem|p1b: Archaludon|Power Herb\n|-anim|p1b: Archaludon|Electro Shot|p2a: Volcarona\n|-damage|p2a: Volcarona|0 fnt\n|faint|p2a: Volcarona\n|\n|-heal|p1b: Archaludon|39\/100|[from] Grassy Terrain\n|-heal|p1a: Rillaboom|66\/100|[from] Grassy Terrain\n|upkeep\n|\n|t:|1728306079\n|switch|p2a: Primarina|Primarina, L50, M|100\/100\n|turn|5\n|\n|t:|1728306096\n|-terastallize|p2a: Primarina|Grass\n|move|p1b: Archaludon|Protect|p1b: Archaludon\n|-singleturn|p1b: Archaludon|Protect\n|move|p2b: Gengar|Shadow Ball|p1b: Archaludon\n|-activate|p1b: Archaludon|move: Protect\n|move|p1a: Rillaboom|U-turn|p2b: Gengar\n|-resisted|p2b: Gengar\n|-damage|p2b: Gengar|89\/100\n|\n|t:|1728306106\n|switch|p1a: Ursaluna|Ursaluna-Bloodmoon, L50, M|70\/100|[from] U-turn\n|move|p2a: Primarina|Hyper Voice|p1b: Archaludon|[spread] p1a\n|-activate|p1b: Archaludon|move: Protect\n|-supereffective|p1a: Ursaluna\n|-damage|p1a: Ursaluna|5\/100\n|\n|-heal|p2b: Gengar|95\/100|[from] Grassy Terrain\n|-heal|p1b: Archaludon|45\/100|[from] Grassy Terrain\n|-heal|p1a: Ursaluna|11\/100|[from] Grassy Terrain\n|-heal|p1a: Ursaluna|17\/100|[from] item: Leftovers\n|-fieldend|move: Grassy Terrain\n|upkeep\n|turn|6\n|-message|tyuiop112 forfeited.\n|\n|win|Kronicler\n|raw|tyuiop112's rating: 1852 &rarr; <strong>1826<\/strong><br \/>(-26 for losing)\n|raw|Kronicler's rating: 1751 &rarr; <strong>1777<\/strong><br \/>(+26 for winning)\n|l|\u2606tyuiop112\n|player|p1|\n|l|\u2606Kronicler\n|player|p2|\n","uploadtime":1728306260,"views":67,"formatid":"gen9vgc2024regh","rating":1777,"private":0,"password":null}