{"id":"gen9vgc2024regh-2217447063","format":"[Gen 9] VGC 2024 Reg H","players":["Riverpasta","badayagetchi"],"log":"|j|\u2606Riverpasta\n|j|\u2606badayagetchi\n|t:|1728261028\n|gametype|doubles\n|player|p1|Riverpasta|red|1706\n|player|p2|badayagetchi|skyla|1821\n|teamsize|p1|6\n|teamsize|p2|6\n|gen|9\n|tier|[Gen 9] VGC 2024 Reg H\n|rated|\n|rule|Species Clause: Limit one of each Pok\u00e9mon\n|rule|Item Clause: Limit 1 of each item\n|clearpoke\n|poke|p1|Ursaluna-Bloodmoon, L50, M|\n|poke|p1|Incineroar, L50, M|\n|poke|p1|Bellibolt, L50, F|\n|poke|p1|Rillaboom, L50, M|\n|poke|p1|Zoroark-Hisui, L50, F|\n|poke|p1|Slowking, L50, F|\n|poke|p2|Arcanine-Hisui, L50, M|\n|poke|p2|Pelipper, L50, M|\n|poke|p2|Umbreon, L50, M|\n|poke|p2|Ursaluna-Bloodmoon, L50, M|\n|poke|p2|Clefable, L50, F|\n|poke|p2|Archaludon, L50, M|\n|teampreview|4\n|inactive|Battle timer is ON: inactive players will automatically lose when time's up. (requested by badayagetchi)\n|inactive|Riverpasta has 60 seconds left.\n|\n|t:|1728261081\n|start\n|switch|p1a: Lunar Cycle|Ursaluna-Bloodmoon, L50, M|100\/100\n|switch|p1b: Water Cycle|Slowking, L50, F|100\/100\n|switch|p2a: Umbreon|Umbreon, L50, M, shiny|100\/100\n|switch|p2b: Archaludon|Archaludon, L50, M|100\/100\n|turn|1\n|\n|t:|1728261089\n|move|p2b: Archaludon|Electro Shot||[still]\n|-prepare|p2b: Archaludon|Electro Shot\n|-boost|p2b: Archaludon|spa|1\n|-enditem|p2b: Archaludon|Power Herb\n|-anim|p2b: Archaludon|Electro Shot|p1b: Water Cycle\n|-supereffective|p1b: Water Cycle\n|-damage|p1b: Water Cycle|16\/100\n|-enditem|p1b: Water Cycle|Sitrus Berry|[eat]\n|-heal|p1b: Water Cycle|41\/100|[from] item: Sitrus Berry\n|move|p2a: Umbreon|Snarl|p1a: Lunar Cycle|[spread] p1a,p1b\n|-supereffective|p1b: Water Cycle\n|-damage|p1a: Lunar Cycle|93\/100\n|-damage|p1b: Water Cycle|28\/100\n|-unboost|p1a: Lunar Cycle|spa|1\n|-unboost|p1b: Water Cycle|spa|1\n|move|p1a: Lunar Cycle|Calm Mind|p1a: Lunar Cycle\n|-boost|p1a: Lunar Cycle|spa|1\n|-boost|p1a: Lunar Cycle|spd|1\n|move|p1b: Water Cycle|Trick Room|p1b: Water Cycle\n|-fieldstart|move: Trick Room|[of] p1b: Water Cycle\n|\n|-heal|p1a: Lunar Cycle|99\/100|[from] item: Leftovers\n|upkeep\n|turn|2\n|\n|t:|1728261104\n|move|p2b: Archaludon|Protect|p2b: Archaludon\n|-singleturn|p2b: Archaludon|Protect\n|move|p1b: Water Cycle|Chilly Reception|p1b: Water Cycle\n|-weather|Snow\n|\n|t:|1728261109\n|switch|p1b: Calvin Cycle|Rillaboom, L50, M|100\/100|[from] Chilly Reception\n|-fieldstart|move: Grassy Terrain|[from] ability: Grassy Surge|[of] p1b: Calvin Cycle\n|move|p1a: Lunar Cycle|Calm Mind|p1a: Lunar Cycle\n|-boost|p1a: Lunar Cycle|spa|1\n|-boost|p1a: Lunar Cycle|spd|1\n|move|p2a: Umbreon|Yawn|p1a: Lunar Cycle\n|-start|p1a: Lunar Cycle|move: Yawn|[of] p2a: Umbreon\n|\n|-weather|Snow|[upkeep]\n|-heal|p1a: Lunar Cycle|100\/100|[from] Grassy Terrain\n|upkeep\n|turn|3\n|j| Therazer456\n|\n|t:|1728261124\n|-terastallize|p2b: Archaludon|Flying\n|move|p1a: Lunar Cycle|Earth Power|p2b: Archaludon\n|-immune|p2b: Archaludon\n|move|p2a: Umbreon|Snarl|p1b: Calvin Cycle|[spread] p1a,p1b\n|-damage|p1a: Lunar Cycle|96\/100\n|-damage|p1b: Calvin Cycle|91\/100\n|-unboost|p1a: Lunar Cycle|spa|1\n|-unboost|p1b: Calvin Cycle|spa|1\n|move|p1b: Calvin Cycle|Wood Hammer|p2a: Umbreon\n|-damage|p2a: Umbreon|30\/100\n|-enditem|p2a: Umbreon|Sitrus Berry|[eat]\n|-heal|p2a: Umbreon|55\/100|[from] item: Sitrus Berry\n|-damage|p1b: Calvin Cycle|66\/100|[from] Recoil\n|move|p2b: Archaludon|Draco Meteor|p1b: Calvin Cycle\n|-damage|p1b: Calvin Cycle|0 fnt\n|-unboost|p2b: Archaludon|spa|2\n|faint|p1b: Calvin Cycle\n|\n|-weather|Snow|[upkeep]\n|-heal|p1a: Lunar Cycle|100\/100|[from] Grassy Terrain\n|-heal|p2a: Umbreon|61\/100|[from] Grassy Terrain\n|-end|p1a: Lunar Cycle|move: Yawn|[silent]\n|-status|p1a: Lunar Cycle|slp\n|upkeep\n|c|\u2606Riverpasta|Bruh\n|inactive|Riverpasta has 30 seconds left.\n|\n|t:|1728261152\n|switch|p1b: Water Cycle|Slowking, L50, F|61\/100\n|turn|4\n|\n|t:|1728261168\n|move|p1b: Water Cycle|Chilly Reception|p1b: Water Cycle\n|\n|t:|1728261170\n|switch|p1b: Krebs Cycle|Bellibolt, L50, F|100\/100|[from] Chilly Reception\n|cant|p1a: Lunar Cycle|slp\n|move|p2a: Umbreon|Snarl|p1b: Krebs Cycle|[spread] p1a,p1b\n|-damage|p1a: Lunar Cycle|97\/100 slp\n|-damage|p1b: Krebs Cycle|94\/100\n|-unboost|p1a: Lunar Cycle|spa|1\n|-unboost|p1b: Krebs Cycle|spa|1\n|-start|p1b: Krebs Cycle|Charge|Snarl|[from] ability: Electromorphosis\n|move|p2b: Archaludon|Electro Shot||[still]\n|-prepare|p2b: Archaludon|Electro Shot\n|-boost|p2b: Archaludon|spa|1\n|\n|-weather|Snow|[upkeep]\n|-heal|p1b: Krebs Cycle|99\/100|[from] Grassy Terrain\n|-heal|p1a: Lunar Cycle|100\/100 slp|[from] Grassy Terrain\n|-heal|p2a: Umbreon|67\/100|[from] Grassy Terrain\n|upkeep\n|turn|5\n|\n|t:|1728261185\n|move|p1b: Krebs Cycle|Thunderbolt|p2b: Archaludon\n|-supereffective|p2b: Archaludon\n|-ability|p2b: Archaludon|Sturdy\n|-damage|p2b: Archaludon|1\/100\n|-end|p1b: Krebs Cycle|Charge|[silent]\n|cant|p1a: Lunar Cycle|slp\n|move|p2a: Umbreon|Snarl|p1a: Lunar Cycle|[spread] p1a,p1b\n|-damage|p1a: Lunar Cycle|97\/100 slp\n|-damage|p1b: Krebs Cycle|94\/100\n|-unboost|p1a: Lunar Cycle|spa|1\n|-unboost|p1b: Krebs Cycle|spa|1\n|-start|p1b: Krebs Cycle|Charge|Snarl|[from] ability: Electromorphosis\n|move|p2b: Archaludon|Electro Shot|p1b: Krebs Cycle|[from]lockedmove\n|-resisted|p1b: Krebs Cycle\n|-damage|p1b: Krebs Cycle|79\/100\n|-start|p1b: Krebs Cycle|Charge|Electro Shot|[from] ability: Electromorphosis\n|\n|-weather|Snow|[upkeep]\n|-heal|p1b: Krebs Cycle|85\/100|[from] Grassy Terrain\n|-heal|p1a: Lunar Cycle|100\/100 slp|[from] Grassy Terrain\n|-heal|p2a: Umbreon|73\/100|[from] Grassy Terrain\n|-fieldend|move: Trick Room\n|upkeep\n|turn|6\n|\n|t:|1728261202\n|move|p2b: Archaludon|Draco Meteor|p1b: Krebs Cycle\n|-damage|p1b: Krebs Cycle|44\/100\n|-unboost|p2b: Archaludon|spa|2\n|-start|p1b: Krebs Cycle|Charge|Draco Meteor|[from] ability: Electromorphosis\n|move|p2a: Umbreon|Taunt|p1a: Lunar Cycle\n|-start|p1a: Lunar Cycle|move: Taunt\n|cant|p1a: Lunar Cycle|slp\n|move|p1b: Krebs Cycle|Parabolic Charge|p2a: Umbreon|[spread] p2a,p2b\n|-immune|p1a: Lunar Cycle\n|-supereffective|p2b: Archaludon\n|-damage|p2a: Umbreon|60\/100\n|-heal|p1b: Krebs Cycle|50\/100|[from] drain|[of] p2a: Umbreon\n|-damage|p2b: Archaludon|0 fnt\n|-heal|p1b: Krebs Cycle|50\/100|[from] drain|[of] p2b: Archaludon\n|faint|p2b: Archaludon\n|-end|p1b: Krebs Cycle|Charge|[silent]\n|\n|-weather|none\n|-heal|p2a: Umbreon|66\/100|[from] Grassy Terrain\n|-heal|p1b: Krebs Cycle|57\/100|[from] Grassy Terrain\n|-fieldend|move: Grassy Terrain\n|upkeep\n|\n|t:|1728261206\n|switch|p2b: Ursaluna|Ursaluna-Bloodmoon, L50, M|100\/100\n|turn|7\n|\n|t:|1728261220\n|move|p2a: Umbreon|Snarl|p1a: Lunar Cycle|[spread] p1a,p1b\n|-damage|p1a: Lunar Cycle|96\/100 slp\n|-damage|p1b: Krebs Cycle|50\/100\n|-unboost|p1a: Lunar Cycle|spa|1\n|-unboost|p1b: Krebs Cycle|spa|1\n|-start|p1b: Krebs Cycle|Charge|Snarl|[from] ability: Electromorphosis\n|move|p2b: Ursaluna|Earth Power|p1b: Krebs Cycle\n|-supereffective|p1b: Krebs Cycle\n|-damage|p1b: Krebs Cycle|0 fnt\n|faint|p1b: Krebs Cycle\n|-curestatus|p1a: Lunar Cycle|slp|[msg]\n|move|p1a: Lunar Cycle|Earth Power|p2a: Umbreon\n|-damage|p2a: Umbreon|54\/100\n|-unboost|p2a: Umbreon|spd|1\n|\n|-heal|p1a: Lunar Cycle|100\/100|[from] item: Leftovers\n|upkeep\n|\n|t:|1728261228\n|switch|p1b: Water Cycle|Slowking, L50, F|95\/100\n|turn|8\n|\n|t:|1728261247\n|move|p2a: Umbreon|Taunt|p1b: Water Cycle\n|-start|p1b: Water Cycle|move: Taunt\n|move|p2b: Ursaluna|Blood Moon|p1b: Water Cycle\n|-damage|p1b: Water Cycle|39\/100\n|move|p1a: Lunar Cycle|Earth Power|p2a: Umbreon\n|-damage|p2a: Umbreon|40\/100\n|move|p1b: Water Cycle|Scald|p2a: Umbreon\n|-damage|p2a: Umbreon|17\/100\n|\n|-end|p1a: Lunar Cycle|move: Taunt\n|upkeep\n|turn|9\n|\n|t:|1728261260\n|move|p2a: Umbreon|Yawn|p1a: Lunar Cycle\n|-start|p1a: Lunar Cycle|move: Yawn|[of] p2a: Umbreon\n|move|p2b: Ursaluna|Earth Power|p1b: Water Cycle\n|-crit|p1b: Water Cycle\n|-damage|p1b: Water Cycle|0 fnt\n|faint|p1b: Water Cycle\n|move|p1a: Lunar Cycle|Blood Moon|p2a: Umbreon\n|-damage|p2a: Umbreon|0 fnt\n|faint|p2a: Umbreon\n|\n|upkeep\n|\n|t:|1728261264\n|switch|p2a: Arcanine|Arcanine-Hisui, L50, M, shiny|100\/100\n|turn|10\n|c|\u2606Riverpasta|This umbreon is so annoying\n|c|\u2606Riverpasta|Gg\n|-message|Riverpasta forfeited.\n|\n|win|badayagetchi\n|raw|Riverpasta's rating: 1706 &rarr; <strong>1692<\/strong><br \/>(-14 for losing)\n|raw|badayagetchi's rating: 1821 &rarr; <strong>1835<\/strong><br \/>(+14 for winning)\n|l|\u2606Riverpasta\n|player|p1|\n|l|\u2606badayagetchi\n|player|p2|\n","uploadtime":1728261488,"views":60,"formatid":"gen9vgc2024regh","rating":1692,"private":0,"password":null}