{"id":"gen9vgc2024regh-2217056397","format":"[Gen 9] VGC 2024 Reg H","players":["something123","bearguy223"],"log":"|j|\u2606something123\n|j|\u2606bearguy223\n|t:|1728216044\n|gametype|doubles\n|player|p1|something123|101|1848\n|player|p2|bearguy223|169|1656\n|teamsize|p1|6\n|teamsize|p2|6\n|gen|9\n|tier|[Gen 9] VGC 2024 Reg H\n|rated|\n|rule|Species Clause: Limit one of each Pok\u00e9mon\n|rule|Item Clause: Limit 1 of each item\n|clearpoke\n|poke|p1|Kingambit, L50, F|\n|poke|p1|Sneasler, L50, M|\n|poke|p1|Rillaboom, L50, F|\n|poke|p1|Primarina, L50, M|\n|poke|p1|Electabuzz, L50, M|\n|poke|p1|Ninetales-Alola, L50, F|\n|poke|p2|Baxcalibur, L50, M|\n|poke|p2|Ninetales-Alola, L50, F|\n|poke|p2|Volcarona, L50, F|\n|poke|p2|Rillaboom, L50, M|\n|poke|p2|Kingambit, L50, F|\n|poke|p2|Primarina, L50, M|\n|teampreview|4\n|\n|t:|1728216116\n|start\n|switch|p1a: Kingambit|Kingambit, L50, F|100\/100\n|switch|p1b: Sneasler|Sneasler, L50, M|100\/100\n|switch|p2a: Baxcalibur|Baxcalibur, L50, M|100\/100\n|switch|p2b: Ninetales|Ninetales-Alola, L50, F|100\/100\n|-weather|Snow|[from] ability: Snow Warning|[of] p2b: Ninetales\n|turn|1\n|\n|t:|1728216155\n|-terastallize|p2a: Baxcalibur|Ground\n|move|p2b: Ninetales|Icy Wind|p1b: Sneasler|[spread] p1a,p1b\n|-resisted|p1a: Kingambit\n|-damage|p1a: Kingambit|95\/100\n|-damage|p1b: Sneasler|86\/100\n|-unboost|p1a: Kingambit|spe|1\n|-ability|p1a: Kingambit|Defiant|boost\n|-boost|p1a: Kingambit|atk|2\n|-unboost|p1b: Sneasler|spe|1\n|move|p2a: Baxcalibur|High Horsepower|p1a: Kingambit\n|-supereffective|p1a: Kingambit\n|-crit|p1a: Kingambit\n|-damage|p1a: Kingambit|0 fnt\n|faint|p1a: Kingambit\n|-damage|p2a: Baxcalibur|91\/100|[from] item: Life Orb\n|move|p1b: Sneasler|Swords Dance|p1b: Sneasler\n|-boost|p1b: Sneasler|atk|2\n|\n|-weather|Snow|[upkeep]\n|upkeep\n|\n|t:|1728216169\n|switch|p1a: Rillaboom|Rillaboom, L50, F|100\/100\n|-fieldstart|move: Grassy Terrain|[from] ability: Grassy Surge|[of] p1a: Rillaboom\n|-enditem|p1b: Sneasler|Grassy Seed\n|-boost|p1b: Sneasler|def|1|[from] item: Grassy Seed\n|turn|2\n|\n|t:|1728216192\n|move|p2a: Baxcalibur|Protect|p2a: Baxcalibur\n|-singleturn|p2a: Baxcalibur|Protect\n|move|p1a: Rillaboom|Fake Out|p2b: Ninetales\n|-damage|p2b: Ninetales|89\/100\n|move|p1b: Sneasler|Close Combat|p2a: Baxcalibur\n|-activate|p2a: Baxcalibur|move: Protect\n|move|p2b: Ninetales|Aurora Veil|p2b: Ninetales\n|-sidestart|p2: bearguy223|move: Aurora Veil\n|\n|-weather|Snow|[upkeep]\n|-heal|p1b: Sneasler|92\/100|[from] Grassy Terrain\n|-heal|p2b: Ninetales|95\/100|[from] Grassy Terrain\n|-heal|p2a: Baxcalibur|97\/100|[from] Grassy Terrain\n|upkeep\n|turn|3\n|\n|t:|1728216213\n|-terastallize|p1a: Rillaboom|Fire\n|move|p1b: Sneasler|Protect|p1b: Sneasler\n|-singleturn|p1b: Sneasler|Protect\n|move|p2b: Ninetales|Howl|p2b: Ninetales|[spread] p2a,p2b\n|-boost|p2a: Baxcalibur|atk|1\n|-boost|p2b: Ninetales|atk|1\n|move|p2a: Baxcalibur|Glaive Rush|p1a: Rillaboom\n|-damage|p1a: Rillaboom|0 fnt\n|-singlemove|p2a: Baxcalibur|Glaive Rush|[silent]\n|faint|p1a: Rillaboom\n|-damage|p2a: Baxcalibur|87\/100|[from] item: Life Orb\n|\n|-weather|Snow|[upkeep]\n|-heal|p1b: Sneasler|98\/100|[from] Grassy Terrain\n|-heal|p2b: Ninetales|100\/100|[from] Grassy Terrain\n|-heal|p2a: Baxcalibur|93\/100|[from] Grassy Terrain\n|upkeep\n|\n|t:|1728216225\n|switch|p1a: Primarina|Primarina, L50, M|100\/100\n|turn|4\n|\n|t:|1728216232\n|move|p1b: Sneasler|Close Combat|p2a: Baxcalibur\n|-damage|p2a: Baxcalibur|0 fnt\n|-unboost|p1b: Sneasler|def|1\n|-unboost|p1b: Sneasler|spd|1\n|faint|p2a: Baxcalibur\n|move|p2b: Ninetales|Freeze-Dry|p1a: Primarina\n|-supereffective|p1a: Primarina\n|-damage|p1a: Primarina|68\/100\n|move|p1a: Primarina|Hyper Voice|p2b: Ninetales\n|-damage|p2b: Ninetales|68\/100\n|\n|-weather|Snow|[upkeep]\n|-heal|p1b: Sneasler|100\/100|[from] Grassy Terrain\n|-heal|p2b: Ninetales|73\/100|[from] Grassy Terrain\n|-heal|p1a: Primarina|74\/100|[from] Grassy Terrain\n|upkeep\n|\n|t:|1728216250\n|switch|p2a: Rillaboom|Rillaboom, L50, M|100\/100\n|turn|5\n|j| vsNaitvs\n|\n|t:|1728216261\n|move|p1b: Sneasler|Protect|p1b: Sneasler\n|-singleturn|p1b: Sneasler|Protect\n|move|p1a: Primarina|Protect|p1a: Primarina\n|-singleturn|p1a: Primarina|Protect\n|move|p2b: Ninetales|Howl|p2b: Ninetales|[spread] p2a,p2b\n|-boost|p2a: Rillaboom|atk|1\n|-boost|p2b: Ninetales|atk|1\n|move|p2a: Rillaboom|Wood Hammer|p1b: Sneasler\n|-activate|p1b: Sneasler|move: Protect\n|\n|-weather|none\n|-heal|p2b: Ninetales|79\/100|[from] Grassy Terrain\n|-heal|p1a: Primarina|80\/100|[from] Grassy Terrain\n|upkeep\n|turn|6\n|\n|t:|1728216287\n|move|p2a: Rillaboom|Grassy Glide|p1a: Primarina\n|-supereffective|p1a: Primarina\n|-damage|p1a: Primarina|0 fnt\n|faint|p1a: Primarina\n|move|p1b: Sneasler|Acrobatics|p2a: Rillaboom\n|-supereffective|p2a: Rillaboom\n|-damage|p2a: Rillaboom|7\/100\n|move|p2b: Ninetales|Icy Wind|p1b: Sneasler\n|-damage|p1b: Sneasler|72\/100\n|-unboost|p1b: Sneasler|spe|1\n|\n|-heal|p2b: Ninetales|85\/100|[from] Grassy Terrain\n|-heal|p1b: Sneasler|77\/100|[from] Grassy Terrain\n|-heal|p2a: Rillaboom|14\/100|[from] Grassy Terrain\n|-sideend|p2: bearguy223|move: Aurora Veil\n|-fieldend|move: Grassy Terrain\n|upkeep\n|turn|7\n|\n|t:|1728216299\n|move|p2b: Ninetales|Icy Wind|p1b: Sneasler\n|-damage|p1b: Sneasler|47\/100\n|-unboost|p1b: Sneasler|spe|1\n|move|p1b: Sneasler|Acrobatics|p2a: Rillaboom\n|-supereffective|p2a: Rillaboom\n|-damage|p2a: Rillaboom|0 fnt\n|faint|p2a: Rillaboom\n|\n|upkeep\n|\n|t:|1728216305\n|switch|p2a: Volcarona|Volcarona, L50, F|100\/100\n|turn|8\n|\n|t:|1728216311\n|move|p2b: Ninetales|Freeze-Dry|p1b: Sneasler\n|-damage|p1b: Sneasler|10\/100\n|move|p2a: Volcarona|Overheat|p1b: Sneasler\n|-damage|p1b: Sneasler|0 fnt\n|-unboost|p2a: Volcarona|spa|2\n|faint|p1b: Sneasler\n|\n|win|bearguy223\n|raw|something123's rating: 1848 &rarr; <strong>1818<\/strong><br \/>(-30 for losing)\n|raw|bearguy223's rating: 1656 &rarr; <strong>1686<\/strong><br \/>(+30 for winning)\n|l|\u2606something123\n|player|p1|\n|l|\u2606bearguy223\n|player|p2|\n|l| vsNaitvs\n","uploadtime":1728216572,"views":29,"formatid":"gen9vgc2024regh","rating":1686,"private":0,"password":null}