{"id":"gen9vgc2024regh-2217988076","format":"[Gen 9] VGC 2024 Reg H","players":["Chiyu Chiyu Train","rgktest"],"log":"|j|\u2606Chiyu Chiyu Train\n|j|\u2606rgktest\n|t:|1728326953\n|gametype|doubles\n|player|p1|Chiyu Chiyu Train|169|1730\n|player|p2|rgktest|170|1788\n|teamsize|p1|6\n|teamsize|p2|6\n|gen|9\n|tier|[Gen 9] VGC 2024 Reg H\n|rated|\n|rule|Species Clause: Limit one of each Pok\u00e9mon\n|rule|Item Clause: Limit 1 of each item\n|clearpoke\n|poke|p1|Indeedee, L50, M|\n|poke|p1|Yanmega, L50, M|\n|poke|p1|Breloom, L50, M|\n|poke|p1|Delphox, L50, M|\n|poke|p1|Cryogonal, L50|\n|poke|p1|Garchomp, L50, M|\n|poke|p2|Incineroar, L50, M|\n|poke|p2|Porygon2, L50|\n|poke|p2|Amoonguss, L50, F|\n|poke|p2|Ursaluna, L50, M|\n|poke|p2|Tyranitar, L50, F|\n|poke|p2|Annihilape, L50, F|\n|teampreview|4\n|inactive|Battle timer is ON: inactive players will automatically lose when time's up. (requested by Chiyu Chiyu Train)\n|\n|t:|1728326987\n|start\n|switch|p1a: Indeedee|Indeedee, L50, M|100\/100\n|switch|p1b: Jan Van Mega|Yanmega, L50, M|100\/100\n|switch|p2a: Incineroar|Incineroar, L50, M, shiny|100\/100\n|switch|p2b: Porygon2|Porygon2, L50, shiny|100\/100\n|-fieldstart|move: Psychic Terrain|[from] ability: Psychic Surge|[of] p1a: Indeedee\n|-ability|p2a: Incineroar|Intimidate|boost\n|-unboost|p1a: Indeedee|atk|1\n|-unboost|p1b: Jan Van Mega|atk|1\n|-ability|p2b: Porygon2|Download|boost\n|-boost|p2b: Porygon2|spa|1\n|turn|1\n|\n|t:|1728327009\n|-terastallize|p1b: Jan Van Mega|Water\n|move|p2a: Incineroar|Fake Out|p1b: Jan Van Mega\n|-activate|p1b: Jan Van Mega|move: Psychic Terrain\n|move|p1a: Indeedee|Gravity|p1a: Indeedee\n|-fieldstart|move: Gravity\n|move|p1b: Jan Van Mega|Hypnosis|p2b: Porygon2\n|-status|p2b: Porygon2|slp|[from] move: Hypnosis\n|cant|p2b: Porygon2|slp\n|\n|-ability|p1b: Jan Van Mega|Speed Boost|boost\n|-boost|p1b: Jan Van Mega|spe|1\n|upkeep\n|turn|2\n|\n|t:|1728327022\n|switch|p1a: Great Shroom|Breloom, L50, M|100\/100\n|move|p1b: Jan Van Mega|Hypnosis|p2a: Incineroar\n|-status|p2a: Incineroar|slp|[from] move: Hypnosis\n|cant|p2a: Incineroar|slp\n|cant|p2b: Porygon2|slp\n|\n|-ability|p1b: Jan Van Mega|Speed Boost|boost\n|-boost|p1b: Jan Van Mega|spe|1\n|upkeep\n|turn|3\n|j| bimbo mafioso\n|\n|t:|1728327045\n|move|p1b: Jan Van Mega|Bug Buzz|p2b: Porygon2\n|-crit|p2b: Porygon2\n|-damage|p2b: Porygon2|64\/100 slp\n|move|p1a: Great Shroom|Close Combat|p2b: Porygon2\n|-supereffective|p2b: Porygon2\n|-damage|p2b: Porygon2|0 fnt\n|-unboost|p1a: Great Shroom|def|1\n|-unboost|p1a: Great Shroom|spd|1\n|faint|p2b: Porygon2\n|cant|p2a: Incineroar|slp\n|\n|-ability|p1b: Jan Van Mega|Speed Boost|boost\n|-boost|p1b: Jan Van Mega|spe|1\n|upkeep\n|\n|t:|1728327053\n|switch|p2b: Amoonguss|Amoonguss, L50, F, shiny|100\/100\n|turn|4\n|\n|t:|1728327062\n|move|p1b: Jan Van Mega|Hypnosis|p2b: Amoonguss\n|-status|p2b: Amoonguss|slp|[from] move: Hypnosis\n|move|p1a: Great Shroom|Close Combat|p2a: Incineroar\n|-supereffective|p2a: Incineroar\n|-damage|p2a: Incineroar|0 fnt\n|-unboost|p1a: Great Shroom|def|1\n|-unboost|p1a: Great Shroom|spd|1\n|faint|p2a: Incineroar\n|cant|p2b: Amoonguss|slp\n|\n|-ability|p1b: Jan Van Mega|Speed Boost|boost\n|-boost|p1b: Jan Van Mega|spe|1\n|upkeep\n|\n|t:|1728327067\n|switch|p2a: Ursaluna|Ursaluna, L50, M, shiny|100\/100\n|turn|5\n|\n|t:|1728327076\n|switch|p1a: Delphox|Delphox, L50, M|100\/100\n|move|p2a: Ursaluna|Protect|p2a: Ursaluna\n|-singleturn|p2a: Ursaluna|Protect\n|move|p1b: Jan Van Mega|Hypnosis|p2a: Ursaluna\n|-activate|p2a: Ursaluna|move: Protect\n|cant|p2b: Amoonguss|slp\n|\n|-fieldend|move: Gravity\n|-fieldend|move: Psychic Terrain\n|-ability|p1b: Jan Van Mega|Speed Boost|boost\n|-boost|p1b: Jan Van Mega|spe|1\n|-status|p2a: Ursaluna|brn|[from] item: Flame Orb\n|upkeep\n|turn|6\n|-message|rgktest forfeited.\n|\n|win|Chiyu Chiyu Train\n|raw|Chiyu Chiyu Train's rating: 1730 &rarr; <strong>1753<\/strong><br \/>(+23 for winning)\n|raw|rgktest's rating: 1788 &rarr; <strong>1765<\/strong><br \/>(-23 for losing)\n|l|\u2606rgktest\n|player|p2|\n|l|\u2606Chiyu Chiyu Train\n|player|p1|\n|l| bimbo mafioso\n","uploadtime":1728327090,"views":76,"formatid":"gen9vgc2024regh","rating":1753,"private":0,"password":null}