{"id":"gen9vgc2024regh-2217763222","format":"[Gen 9] VGC 2024 Reg H","players":["oscarbolt","tyuiop112"],"log":"|j|\u2606oscarbolt\n|j|\u2606tyuiop112\n|t:|1728306995\n|gametype|doubles\n|player|p1|oscarbolt|169|1698\n|player|p2|tyuiop112|linebacker|1809\n|teamsize|p1|6\n|teamsize|p2|6\n|gen|9\n|tier|[Gen 9] VGC 2024 Reg H\n|rated|\n|rule|Species Clause: Limit one of each Pok\u00e9mon\n|rule|Item Clause: Limit 1 of each item\n|clearpoke\n|poke|p1|Rhydon, L50, F|\n|poke|p1|Gholdengo, L50|\n|poke|p1|Rillaboom, L50, M|\n|poke|p1|Archaludon, L50, M|\n|poke|p1|Politoed, L50, M|\n|poke|p1|Dragonite, L50, M|\n|poke|p2|Dragonite, L50, M|\n|poke|p2|Gholdengo, L50|\n|poke|p2|Archaludon, L50, M|\n|poke|p2|Ursaluna-Bloodmoon, L50, M|\n|poke|p2|Rillaboom, L50, M|\n|poke|p2|Sneasler, L50, M|\n|teampreview|4\n|\n|t:|1728307033\n|start\n|switch|p1a: Gholdengo|Gholdengo, L50|100\/100\n|switch|p1b: Dragonite|Dragonite, L50, M|100\/100\n|switch|p2a: Sneasler|Sneasler, L50, M|100\/100\n|switch|p2b: Dragonite|Dragonite, L50, M|100\/100\n|turn|1\n|\n|t:|1728307063\n|move|p1a: Gholdengo|Trick|p2a: Sneasler\n|-activate|p1a: Gholdengo|move: Trick|[of] p2a: Sneasler\n|-item|p2a: Sneasler|Choice Scarf|[from] move: Trick\n|-item|p1a: Gholdengo|Focus Sash|[from] move: Trick\n|move|p2a: Sneasler|Throat Chop|p1a: Gholdengo\n|-supereffective|p1a: Gholdengo\n|-damage|p1a: Gholdengo|40\/100\n|-start|p1a: Gholdengo|Throat Chop|[silent]\n|move|p2b: Dragonite|Scale Shot|p1b: Dragonite\n|-supereffective|p1b: Dragonite\n|-damage|p1b: Dragonite|70\/100\n|-supereffective|p1b: Dragonite\n|-damage|p1b: Dragonite|42\/100\n|-supereffective|p1b: Dragonite\n|-damage|p1b: Dragonite|15\/100\n|-supereffective|p1b: Dragonite\n|-damage|p1b: Dragonite|0 fnt\n|faint|p1b: Dragonite\n|-hitcount|p1: Dragonite|4\n|-unboost|p2b: Dragonite|def|1\n|-boost|p2b: Dragonite|spe|1\n|\n|upkeep\n|j| Peroquecuones\n|\n|t:|1728307075\n|switch|p1b: Archaludon|Archaludon, L50, M|100\/100\n|turn|2\n|\n|t:|1728307107\n|switch|p2a: Gholdengo|Gholdengo, L50|100\/100\n|move|p1a: Gholdengo|Protect|p1a: Gholdengo\n|-singleturn|p1a: Gholdengo|Protect\n|move|p2b: Dragonite|Scale Shot|p1a: Gholdengo\n|-activate|p1a: Gholdengo|move: Protect\n|move|p1b: Archaludon|Dragon Pulse|p2b: Dragonite\n|-supereffective|p2b: Dragonite\n|-damage|p2b: Dragonite|53\/100\n|\n|-end|p1a: Gholdengo|Throat Chop|[silent]\n|upkeep\n|turn|3\n|\n|t:|1728307131\n|move|p2a: Gholdengo|Shadow Ball|p1a: Gholdengo\n|-supereffective|p1a: Gholdengo\n|-damage|p1a: Gholdengo|0 fnt\n|faint|p1a: Gholdengo\n|move|p2b: Dragonite|Scale Shot|p1b: Archaludon\n|-damage|p1b: Archaludon|88\/100\n|-ability|p1b: Archaludon|Stamina|boost\n|-boost|p1b: Archaludon|def|1\n|-damage|p1b: Archaludon|79\/100\n|-ability|p1b: Archaludon|Stamina|boost\n|-boost|p1b: Archaludon|def|1\n|-damage|p1b: Archaludon|71\/100\n|-ability|p1b: Archaludon|Stamina|boost\n|-boost|p1b: Archaludon|def|1\n|-damage|p1b: Archaludon|65\/100\n|-ability|p1b: Archaludon|Stamina|boost\n|-boost|p1b: Archaludon|def|1\n|-hitcount|p1b: Archaludon|4\n|-unboost|p2b: Dragonite|def|1\n|-boost|p2b: Dragonite|spe|1\n|move|p1b: Archaludon|Dragon Pulse|p2b: Dragonite\n|-supereffective|p2b: Dragonite\n|-damage|p2b: Dragonite|0 fnt\n|faint|p2b: Dragonite\n|\n|upkeep\n|\n|t:|1728307154\n|switch|p1a: Rhydon|Rhydon, L50, F|100\/100\n|switch|p2b: Sneasler|Sneasler, L50, M|100\/100\n|turn|4\n|\n|t:|1728307175\n|switch|p2a: Ursaluna|Ursaluna-Bloodmoon, L50, M|100\/100\n|-terastallize|p1a: Rhydon|Flying\n|move|p2b: Sneasler|Protect|p2b: Sneasler\n|-singleturn|p2b: Sneasler|Protect\n|move|p1b: Archaludon|Dragon Pulse|p2a: Ursaluna\n|-damage|p2a: Ursaluna|65\/100\n|move|p1a: Rhydon|Drill Run|p2a: Ursaluna\n|-damage|p2a: Ursaluna|42\/100\n|\n|-heal|p2a: Ursaluna|48\/100|[from] item: Leftovers\n|upkeep\n|turn|5\n|\n|t:|1728307216\n|switch|p2b: Gholdengo|Gholdengo, L50|100\/100\n|-terastallize|p2a: Ursaluna|Electric\n|move|p1b: Archaludon|Body Press|p2a: Ursaluna\n|-damage|p2a: Ursaluna|2\/100\n|move|p2a: Ursaluna|Earth Power|p1b: Archaludon\n|-supereffective|p1b: Archaludon\n|-damage|p1b: Archaludon|0 fnt\n|faint|p1b: Archaludon\n|move|p1a: Rhydon|Drill Run|p2b: Gholdengo\n|-supereffective|p2b: Gholdengo\n|-damage|p2b: Gholdengo|29\/100\n|\n|-heal|p2a: Ursaluna|9\/100|[from] item: Leftovers\n|upkeep\n|turn|6\n|\n|t:|1728307237\n|move|p1a: Rhydon|Protect|p1a: Rhydon\n|-singleturn|p1a: Rhydon|Protect\n|move|p2b: Gholdengo|Trick|p1a: Rhydon\n|-activate|p1a: Rhydon|move: Protect\n|move|p2a: Ursaluna|Blood Moon|p1a: Rhydon\n|-activate|p1a: Rhydon|move: Protect\n|\n|-heal|p2a: Ursaluna|15\/100|[from] item: Leftovers\n|upkeep\n|turn|7\n|l|\u2606oscarbolt\n|player|p1|\n|\n|t:|1728307248\n|move|p2b: Gholdengo|Trick|p1a: Rhydon\n|-activate|p2b: Gholdengo|move: Trick|[of] p1a: Rhydon\n|-item|p1a: Rhydon|Choice Scarf|[from] move: Trick\n|-item|p2b: Gholdengo|Eviolite|[from] move: Trick\n|move|p1a: Rhydon|Drill Run|p2b: Gholdengo|[miss]\n|-miss|p1a: Rhydon|p2b: Gholdengo\n|move|p2a: Ursaluna|Yawn|p1a: Rhydon\n|-start|p1a: Rhydon|move: Yawn|[of] p2a: Ursaluna\n|\n|-heal|p2a: Ursaluna|21\/100|[from] item: Leftovers\n|upkeep\n|turn|8\n|inactive|Battle timer is ON: inactive players will automatically lose when time's up. (requested by tyuiop112)\n|inactive|oscarbolt has 30 seconds to reconnect!\n|inactive|oscarbolt has 20 seconds to reconnect!\n|inactive|oscarbolt has 15 seconds to reconnect!\n|inactive|oscarbolt has 10 seconds to reconnect!\n|inactive|oscarbolt has 5 seconds to reconnect!\n|-message|oscarbolt lost due to inactivity.\n|\n|win|tyuiop112\n|raw|oscarbolt's rating: 1698 &rarr; <strong>1684<\/strong><br \/>(-14 for losing)\n|raw|tyuiop112's rating: 1809 &rarr; <strong>1823<\/strong><br \/>(+14 for winning)\n|l|\u2606tyuiop112\n|player|p2|\n","uploadtime":1728307505,"views":41,"formatid":"gen9vgc2024regh","rating":1684,"private":0,"password":null}