{"id":"gen9vgc2024regh-2217508559","format":"[Gen 9] VGC 2024 Reg H","players":["grafaiaionnaperc","anton19"],"log":"|j|\u2606grafaiaionnaperc\n|j|\u2606anton19\n|t:|1728268422\n|gametype|doubles\n|player|p1|grafaiaionnaperc|magmasuit|1851\n|player|p2|anton19|169|1694\n|teamsize|p1|6\n|teamsize|p2|6\n|gen|9\n|tier|[Gen 9] VGC 2024 Reg H\n|rated|\n|rule|Species Clause: Limit one of each Pok\u00e9mon\n|rule|Item Clause: Limit 1 of each item\n|clearpoke\n|poke|p1|Sneasler, L50, M|\n|poke|p1|Indeedee, L50, M|\n|poke|p1|Murkrow, L50, M|\n|poke|p1|Dragapult, L50, F|\n|poke|p1|Decidueye-Hisui, L50, M|\n|poke|p1|Typhlosion-Hisui, L50, M|\n|poke|p2|Gholdengo, L50|\n|poke|p2|Rillaboom, L50, M|\n|poke|p2|Sneasler, L50, M|\n|poke|p2|Whimsicott, L50, M|\n|poke|p2|Typhlosion-Hisui, L50, M|\n|poke|p2|Electabuzz, L50, M|\n|teampreview|4\n|inactive|Battle timer is ON: inactive players will automatically lose when time's up. (requested by anton19)\n|inactive|grafaiaionnaperc also wants the timer to be on.\nanton19 has agreed to open team sheets.\n|inactive|anton19 has 60 seconds left.\n|\n|t:|1728268481\n|start\n|switch|p1a: Luis Carruthers|Murkrow, L50, M, shiny|100\/100\n|switch|p1b: David Van Patten|Typhlosion-Hisui, L50, M|100\/100\n|switch|p2a: Rillaboom|Rillaboom, L50, M|100\/100\n|switch|p2b: Sneasler|Sneasler, L50, M|100\/100\n|-fieldstart|move: Grassy Terrain|[from] ability: Grassy Surge|[of] p2a: Rillaboom\n|-enditem|p2b: Sneasler|Grassy Seed\n|-boost|p2b: Sneasler|def|1|[from] item: Grassy Seed\n|turn|1\n|inactive|grafaiaionnaperc has 30 seconds left.\n|\n|t:|1728268510\n|-terastallize|p2a: Rillaboom|Fire\n|move|p2b: Sneasler|Protect|p2b: Sneasler\n|-singleturn|p2b: Sneasler|Protect\n|move|p1a: Luis Carruthers|Tailwind|p1a: Luis Carruthers\n|-sidestart|p1: grafaiaionnaperc|move: Tailwind\n|move|p1b: David Van Patten|Heat Wave|p2b: Sneasler|[spread] p2a\n|-activate|p2b: Sneasler|move: Protect\n|-resisted|p2a: Rillaboom\n|-damage|p2a: Rillaboom|80\/100\n|move|p2a: Rillaboom|High Horsepower|p1b: David Van Patten\n|-supereffective|p1b: David Van Patten\n|-damage|p1b: David Van Patten|0 fnt\n|faint|p1b: David Van Patten\n|\n|-heal|p2a: Rillaboom|85\/100|[from] Grassy Terrain\n|upkeep\n|\n|t:|1728268521\n|switch|p1b: Patrick Bateman|Indeedee, L50, M, shiny|100\/100\n|-fieldstart|move: Psychic Terrain|[from] ability: Psychic Surge|[of] p1b: Patrick Bateman\n|turn|2\n|\n|t:|1728268534\n|switch|p2a: Whimsicott|Whimsicott, L50, M|100\/100\n|move|p2b: Sneasler|Dire Claw|p1b: Patrick Bateman\n|-crit|p1b: Patrick Bateman\n|-enditem|p1b: Patrick Bateman|Focus Sash\n|-damage|p1b: Patrick Bateman|1\/100\n|-status|p1b: Patrick Bateman|psn\n|move|p1b: Patrick Bateman|Expanding Force|p2b: Sneasler|[spread] p2a,p2b\n|-supereffective|p2b: Sneasler\n|-enditem|p2a: Whimsicott|Focus Sash\n|-damage|p2a: Whimsicott|1\/100\n|-damage|p2b: Sneasler|0 fnt\n|faint|p2b: Sneasler\n|move|p1a: Luis Carruthers|Foul Play|p2a: Whimsicott\n|-resisted|p2a: Whimsicott\n|-damage|p2a: Whimsicott|0 fnt\n|faint|p2a: Whimsicott\n|\n|-damage|p1b: Patrick Bateman|0 fnt|[from] psn\n|faint|p1b: Patrick Bateman\n|upkeep\n|\n|t:|1728268542\n|switch|p2a: Rillaboom|Rillaboom, L50, M, tera:Fire|85\/100\n|switch|p2b: Typhlosion|Typhlosion-Hisui, L50, M|100\/100\n|switch|p1b: Paul Allen|Sneasler, L50, M, shiny|100\/100\n|-enditem|p1b: Paul Allen|Psychic Seed\n|-boost|p1b: Paul Allen|spd|1|[from] item: Psychic Seed\n|-fieldstart|move: Grassy Terrain|[from] ability: Grassy Surge|[of] p2a: Rillaboom\n|turn|3\n|\n|t:|1728268560\n|move|p1b: Paul Allen|Protect|p1b: Paul Allen\n|-singleturn|p1b: Paul Allen|Protect\n|move|p2a: Rillaboom|Fake Out|p1b: Paul Allen\n|-activate|p1b: Paul Allen|move: Protect\n|move|p1a: Luis Carruthers|Foul Play|p2b: Typhlosion\n|-supereffective|p2b: Typhlosion\n|-damage|p2b: Typhlosion|36\/100\n|move|p2b: Typhlosion|Eruption|p1b: Paul Allen|[spread] p1a\n|-activate|p1b: Paul Allen|move: Protect\n|-damage|p1a: Luis Carruthers|74\/100\n|\n|-heal|p2b: Typhlosion|42\/100|[from] Grassy Terrain\n|-heal|p2a: Rillaboom|91\/100|[from] Grassy Terrain\n|upkeep\n|turn|4\n|\n|t:|1728268585\n|move|p1b: Paul Allen|Close Combat|p2a: Rillaboom\n|-damage|p2a: Rillaboom|22\/100\n|-unboost|p1b: Paul Allen|def|1\n|-unboost|p1b: Paul Allen|spd|1\n|move|p1a: Luis Carruthers|Foul Play|p2a: Rillaboom\n|-damage|p2a: Rillaboom|0 fnt\n|faint|p2a: Rillaboom\n|move|p2b: Typhlosion|Eruption|p1a: Luis Carruthers|[spread] p1a,p1b\n|-damage|p1a: Luis Carruthers|39\/100\n|-damage|p1b: Paul Allen|57\/100\n|\n|-heal|p1b: Paul Allen|63\/100|[from] Grassy Terrain\n|-heal|p2b: Typhlosion|48\/100|[from] Grassy Terrain\n|-sideend|p1: grafaiaionnaperc|move: Tailwind\n|upkeep\n|turn|5\n|-message|anton19 forfeited.\n|\n|win|grafaiaionnaperc\n|raw|grafaiaionnaperc's rating: 1851 &rarr; <strong>1863<\/strong><br \/>(+12 for winning)\n|raw|anton19's rating: 1694 &rarr; <strong>1682<\/strong><br \/>(-12 for losing)\n|l|\u2606anton19\n|player|p2|\n|l|\u2606grafaiaionnaperc\n|player|p1|\n","uploadtime":1728268603,"views":34,"formatid":"gen9vgc2024regh","rating":1682,"private":0,"password":null}