{"id":"gen9vgc2024regh-2217451186","format":"[Gen 9] VGC 2024 Reg H","players":["googer315","badayagetchi"],"log":"|j|\u2606googer315\n|j|\u2606badayagetchi\n|t:|1728261531\n|gametype|doubles\n|player|p1|googer315|2|1676\n|player|p2|badayagetchi|skyla|1848\n|teamsize|p1|6\n|teamsize|p2|6\n|gen|9\n|tier|[Gen 9] VGC 2024 Reg H\n|rated|\n|rule|Species Clause: Limit one of each Pok\u00e9mon\n|rule|Item Clause: Limit 1 of each item\n|clearpoke\n|poke|p1|Dondozo, L50, F|\n|poke|p1|Tatsugiri, L50, F|\n|poke|p1|Glimmora, L50, F|\n|poke|p1|Maushold, L50|\n|poke|p1|Annihilape, L50, F|\n|poke|p1|Gholdengo, L50|\n|poke|p2|Arcanine-Hisui, L50, F|\n|poke|p2|Pelipper, L50, M|\n|poke|p2|Umbreon, L50, M|\n|poke|p2|Ursaluna-Bloodmoon, L50, M|\n|poke|p2|Clefable, L50, F|\n|poke|p2|Archaludon, L50, F|\n|teampreview|4\n|inactive|Battle timer is ON: inactive players will automatically lose when time's up. (requested by badayagetchi)\n|\n|t:|1728261546\n|start\n|switch|p1a: Gholdengo|Gholdengo, L50|100\/100\n|switch|p1b: Glimmora|Glimmora, L50, F|100\/100\n|switch|p2a: Pelipper|Pelipper, L50, M|100\/100\n|switch|p2b: Archaludon|Archaludon, L50, F|100\/100\n|-weather|RainDance|[from] ability: Drizzle|[of] p2a: Pelipper\n|turn|1\n|inactive|googer315 has 30 seconds left.\n|\n|t:|1728261574\n|move|p1a: Gholdengo|Thunderbolt|p2a: Pelipper\n|-supereffective|p2a: Pelipper\n|-damage|p2a: Pelipper|0 fnt\n|faint|p2a: Pelipper\n|move|p2b: Archaludon|Electro Shot||[still]\n|-prepare|p2b: Archaludon|Electro Shot\n|-boost|p2b: Archaludon|spa|1\n|-anim|p2b: Archaludon|Electro Shot|p1a: Gholdengo\n|-damage|p1a: Gholdengo|20\/100\n|move|p1b: Glimmora|Power Gem|p2b: Archaludon\n|-resisted|p2b: Archaludon\n|-damage|p2b: Archaludon|63\/100\n|\n|-weather|RainDance|[upkeep]\n|upkeep\n|\n|t:|1728261576\n|switch|p2a: Ursaluna|Ursaluna-Bloodmoon, L50, M|100\/100\n|turn|2\n|\n|t:|1728261593\n|move|p2a: Ursaluna|Vacuum Wave|p1b: Glimmora\n|-damage|p1b: Glimmora|82\/100\n|move|p1a: Gholdengo|Thunderbolt|p2b: Archaludon\n|-resisted|p2b: Archaludon\n|-damage|p2b: Archaludon|37\/100\n|move|p2b: Archaludon|Flash Cannon|p1b: Glimmora\n|-supereffective|p1b: Glimmora\n|-damage|p1b: Glimmora|0 fnt\n|faint|p1b: Glimmora\n|\n|-weather|RainDance|[upkeep]\n|upkeep\n|\n|t:|1728261602\n|switch|p1b: Dondozo|Dondozo, L50, F|100\/100\n|turn|3\n|\n|t:|1728261615\n|switch|p1a: Tatsugiri|Tatsugiri, L50, F|100\/100\n|-activate|p1a: Tatsugiri|ability: Commander|[of] p1b: Dondozo\n|-boost|p1b: Dondozo|atk|2\n|-boost|p1b: Dondozo|spa|2\n|-boost|p1b: Dondozo|spe|2\n|-boost|p1b: Dondozo|def|2\n|-boost|p1b: Dondozo|spd|2\n|switch|p2a: Clefable|Clefable, L50, F|100\/100\n|-terastallize|p1b: Dondozo|Grass\n|move|p2b: Archaludon|Protect|p2b: Archaludon\n|-singleturn|p2b: Archaludon|Protect\n|move|p1b: Dondozo|Order Up|p2b: Archaludon\n|-activate|p2b: Archaludon|move: Protect\n|\n|-weather|RainDance|[upkeep]\n|upkeep\n|turn|4\n|\n|t:|1728261635\n|move|p2b: Archaludon|Draco Meteor|p1b: Dondozo\n|-damage|p1b: Dondozo|73\/100\n|-unboost|p2b: Archaludon|spa|2\n|move|p1b: Dondozo|Earthquake|p2b: Archaludon|[spread] p2a,p2b\n|-miss|p1b: Dondozo|p1a: Tatsugiri\n|-supereffective|p2b: Archaludon\n|-damage|p2a: Clefable|84\/100\n|-damage|p2b: Archaludon|0 fnt\n|faint|p2b: Archaludon\n|move|p2a: Clefable|Moonblast|p1b: Dondozo\n|-damage|p1b: Dondozo|49\/100\n|-unboost|p1b: Dondozo|spa|1\n|\n|-weather|RainDance|[upkeep]\n|-heal|p1b: Dondozo|55\/100|[from] item: Leftovers\n|upkeep\n|\n|t:|1728261641\n|switch|p2b: Ursaluna|Ursaluna-Bloodmoon, L50, M|100\/100\n|turn|5\n|\n|t:|1728261664\n|move|p1b: Dondozo|Protect|p1b: Dondozo\n|-singleturn|p1b: Dondozo|Protect\n|move|p2a: Clefable|Follow Me|p2a: Clefable\n|-singleturn|p2a: Clefable|move: Follow Me\n|move|p2b: Ursaluna|Blood Moon|p1b: Dondozo\n|-activate|p1b: Dondozo|move: Protect\n|\n|-weather|none\n|-heal|p1b: Dondozo|61\/100|[from] item: Leftovers\n|upkeep\n|turn|6\n|\n|t:|1728261676\n|-terastallize|p2b: Ursaluna|Ghost\n|move|p1b: Dondozo|Earthquake|p2a: Clefable|[spread] p2a,p2b\n|-miss|p1b: Dondozo|p1a: Tatsugiri\n|-damage|p2a: Clefable|67\/100\n|-damage|p2b: Ursaluna|68\/100\n|move|p2a: Clefable|Life Dew|p2a: Clefable|[spread] p2a,p2b\n|-heal|p2a: Clefable|92\/100\n|-heal|p2b: Ursaluna|93\/100\n|move|p2b: Ursaluna|Hyper Voice|p1a: Tatsugiri|[spread] p1b\n|-miss|p2b: Ursaluna|p1a: Tatsugiri\n|-damage|p1b: Dondozo|46\/100\n|\n|-heal|p1b: Dondozo|52\/100|[from] item: Leftovers\n|upkeep\n|turn|7\n|\n|t:|1728261696\n|move|p1b: Dondozo|Protect|p1b: Dondozo\n|-singleturn|p1b: Dondozo|Protect\n|move|p2a: Clefable|Moonblast|p1b: Dondozo\n|-activate|p1b: Dondozo|move: Protect\n|move|p2b: Ursaluna|Hyper Voice|p1a: Tatsugiri|[spread] \n|-miss|p2b: Ursaluna|p1a: Tatsugiri\n|-activate|p1b: Dondozo|move: Protect\n|\n|-heal|p1b: Dondozo|58\/100|[from] item: Leftovers\n|upkeep\n|turn|8\n|inactive|googer315 has 30 seconds left.\n|j| Therazer456\n|inactive|googer315 has 20 seconds left.\n|\n|t:|1728261731\n|move|p1b: Dondozo|Wave Crash|p2b: Ursaluna\n|-damage|p2b: Ursaluna|22\/100\n|-damage|p1b: Dondozo|38\/100|[from] Recoil\n|move|p2a: Clefable|Life Dew|p2a: Clefable|[spread] p2a,p2b\n|-heal|p2a: Clefable|100\/100\n|-heal|p2b: Ursaluna|47\/100\n|move|p2b: Ursaluna|Blood Moon|p1b: Dondozo\n|-damage|p1b: Dondozo|10\/100\n|\n|-heal|p1b: Dondozo|16\/100|[from] item: Leftovers\n|upkeep\n|turn|9\n|\n|t:|1728261744\n|move|p2a: Clefable|Follow Me|p2a: Clefable\n|-singleturn|p2a: Clefable|move: Follow Me\n|move|p1b: Dondozo|Wave Crash|p2a: Clefable\n|-damage|p2a: Clefable|57\/100\n|-damage|p1b: Dondozo|4\/100|[from] Recoil\n|move|p2b: Ursaluna|Hyper Voice|p1a: Tatsugiri|[spread] p1b\n|-miss|p2b: Ursaluna|p1a: Tatsugiri\n|-damage|p1b: Dondozo|0 fnt\n|faint|p1b: Dondozo\n|\n|upkeep\n|\n|t:|1728261753\n|switch|p1b: Gholdengo|Gholdengo, L50|20\/100\n|turn|10\n|\n|t:|1728261759\n|move|p2b: Ursaluna|Vacuum Wave|p1b: Gholdengo\n|-supereffective|p1b: Gholdengo\n|-damage|p1b: Gholdengo|0 fnt\n|faint|p1b: Gholdengo\n|move|p1a: Tatsugiri|Draco Meteor|p2b: Ursaluna\n|-damage|p2b: Ursaluna|7\/100\n|-unboost|p1a: Tatsugiri|spa|2\n|move|p2a: Clefable|Life Dew|p2a: Clefable|[spread] p2a,p2b\n|-heal|p2a: Clefable|82\/100\n|-heal|p2b: Ursaluna|32\/100\n|\n|upkeep\n|turn|11\n|-message|googer315 forfeited.\n|\n|win|badayagetchi\n|raw|googer315's rating: 1676 &rarr; <strong>1665<\/strong><br \/>(-11 for losing)\n|raw|badayagetchi's rating: 1848 &rarr; <strong>1859<\/strong><br \/>(+11 for winning)\n|l|\u2606googer315\n|player|p1|\n|l|\u2606badayagetchi\n|player|p2|\n","uploadtime":1728261915,"views":52,"formatid":"gen9vgc2024regh","rating":1665,"private":0,"password":null}