{"id":"gen9vgc2024regh-2217633617","format":"[Gen 9] VGC 2024 Reg H","players":["fangame10","jhdreamer"],"log":"|j|\u2606fangame10\n|j|\u2606jhdreamer\n|t:|1728288670\n|gametype|doubles\n|player|p1|fangame10|red|1728\n|player|p2|jhdreamer|169|1642\n|teamsize|p1|6\n|teamsize|p2|6\n|gen|9\n|tier|[Gen 9] VGC 2024 Reg H\n|rated|\n|rule|Species Clause: Limit one of each Pok\u00e9mon\n|rule|Item Clause: Limit 1 of each item\n|clearpoke\n|poke|p1|Glaceon, L50, M|\n|poke|p1|Ninetales-Alola, L50, F|\n|poke|p1|Milotic, L50, M|\n|poke|p1|Skeledirge, L50, M|\n|poke|p1|Rillaboom, L50, M|\n|poke|p1|Sneasler, L50, M|\n|poke|p2|Torkoal, L50, M|\n|poke|p2|Gardevoir, L50, F|\n|poke|p2|Gallade, L50, M|\n|poke|p2|Ursaluna, L50, M|\n|poke|p2|Talonflame, L50, M|\n|poke|p2|Indeedee-F, L50, F|\n|teampreview|4\n|inactive|Battle timer is ON: inactive players will automatically lose when time's up. (requested by fangame10)\n|inactive|jhdreamer has 60 seconds left.\n|inactive|jhdreamer has 30 seconds left.\n|inactive|jhdreamer has 20 seconds left.\n|\n|t:|1728288741\n|start\n|switch|p1a: Milotic|Milotic, L50, M, shiny|100\/100\n|switch|p1b: Skeledirge|Skeledirge, L50, M, shiny|100\/100\n|switch|p2a: Talonflame|Talonflame, L50, M|100\/100\n|switch|p2b: Ursaluna|Ursaluna, L50, M|100\/100\n|turn|1\n|inactive|fangame10 has 30 seconds left.\n|inactive|fangame10 has 20 seconds left.\n|inactive|fangame10 has 15 seconds left.\n|\n|t:|1728288782\n|-terastallize|p2b: Ursaluna|Ghost\n|move|p2a: Talonflame|Tailwind|p2a: Talonflame\n|-sidestart|p2: jhdreamer|move: Tailwind\n|move|p2b: Ursaluna|Earthquake|p1b: Skeledirge|[spread] p1a,p1b\n|-immune|p2a: Talonflame\n|-supereffective|p1b: Skeledirge\n|-damage|p1a: Milotic|47\/100\n|-damage|p1b: Skeledirge|18\/100\n|-enditem|p1a: Milotic|Sitrus Berry|[eat]\n|-heal|p1a: Milotic|72\/100|[from] item: Sitrus Berry\n|move|p1a: Milotic|Coil|p1a: Milotic\n|-boost|p1a: Milotic|atk|1\n|-boost|p1a: Milotic|def|1\n|-boost|p1a: Milotic|accuracy|1\n|move|p1b: Skeledirge|Torch Song|p2b: Ursaluna\n|-damage|p2b: Ursaluna|61\/100\n|-boost|p1b: Skeledirge|spa|1\n|\n|-status|p2b: Ursaluna|brn|[from] item: Flame Orb\n|upkeep\n|turn|2\n|\n|t:|1728288801\n|move|p1b: Skeledirge|Protect|p1b: Skeledirge\n|-singleturn|p1b: Skeledirge|Protect\n|move|p2a: Talonflame|Taunt|p1a: Milotic\n|-start|p1a: Milotic|move: Taunt\n|move|p2b: Ursaluna|Earthquake|p1a: Milotic|[spread] p1a\n|-activate|p1b: Skeledirge|move: Protect\n|-immune|p2a: Talonflame\n|-damage|p1a: Milotic|19\/100\n|move|p1a: Milotic|Muddy Water|p2a: Talonflame|[spread] p2a,p2b\n|-supereffective|p2a: Talonflame\n|-damage|p2a: Talonflame|44\/100\n|-damage|p2b: Ursaluna|39\/100 brn\n|\n|-damage|p2b: Ursaluna|33\/100 brn|[from] brn\n|upkeep\n|turn|3\n|\n|t:|1728288812\n|switch|p2a: Gardevoir|Gardevoir, L50, F, shiny|100\/100\n|switch|p1b: Ninetales|Ninetales-Alola, L50, F, shiny|100\/100\n|-weather|Snow|[from] ability: Snow Warning|[of] p1b: Ninetales\n|move|p2b: Ursaluna|Earthquake|p1a: Milotic|[spread] p1a,p1b\n|-activate|p2a: Gardevoir|ability: Telepathy\n|-damage|p1a: Milotic|0 fnt\n|-damage|p1b: Ninetales|29\/100\n|faint|p1a: Milotic\n|\n|-weather|Snow|[upkeep]\n|-damage|p2b: Ursaluna|27\/100 brn|[from] brn\n|upkeep\n|\n|t:|1728288817\n|switch|p1a: Skeledirge|Skeledirge, L50, M, shiny|18\/100\n|turn|4\n|\n|t:|1728288828\n|switch|p2b: Talonflame|Talonflame, L50, M|44\/100\n|move|p1b: Ninetales|Protect|p1b: Ninetales\n|-singleturn|p1b: Ninetales|Protect\n|move|p1a: Skeledirge|Protect|p1a: Skeledirge\n|-singleturn|p1a: Skeledirge|Protect\n|move|p2a: Gardevoir|Dazzling Gleam|p1b: Ninetales|[spread] \n|-activate|p1a: Skeledirge|move: Protect\n|-activate|p1b: Ninetales|move: Protect\n|\n|-weather|Snow|[upkeep]\n|-sideend|p2: jhdreamer|move: Tailwind\n|upkeep\n|turn|5\n|\n|t:|1728288844\n|move|p2b: Talonflame|Tailwind|p2b: Talonflame\n|-sidestart|p2: jhdreamer|move: Tailwind\n|move|p2a: Gardevoir|Dazzling Gleam|p1b: Ninetales|[spread] p1a,p1b\n|-resisted|p1a: Skeledirge\n|-damage|p1a: Skeledirge|0 fnt\n|-damage|p1b: Ninetales|0 fnt\n|faint|p1a: Skeledirge\n|faint|p1b: Ninetales\n|-damage|p2a: Gardevoir|91\/100|[from] item: Life Orb\n|\n|-weather|Snow|[upkeep]\n|upkeep\n|\n|t:|1728288850\n|switch|p1b: Glaceon|Glaceon, L50, M, shiny|100\/100\n|turn|6\n|\n|t:|1728288860\n|switch|p2b: Indeedee|Indeedee-F, L50, F|100\/100\n|-fieldstart|move: Psychic Terrain|[from] ability: Psychic Surge|[of] p2b: Indeedee\n|-terastallize|p1b: Glaceon|Fire\n|move|p2a: Gardevoir|Expanding Force|p1b: Glaceon\n|-damage|p1b: Glaceon|0 fnt\n|faint|p1b: Glaceon\n|-damage|p2a: Gardevoir|81\/100|[from] item: Life Orb\n|\n|win|jhdreamer\n|raw|fangame10's rating: 1728 &rarr; <strong>1703<\/strong><br \/>(-25 for losing)\n|raw|jhdreamer's rating: 1642 &rarr; <strong>1667<\/strong><br \/>(+25 for winning)\n|l|\u2606fangame10\n|player|p1|\n|l|\u2606jhdreamer\n|player|p2|\n","uploadtime":1728289132,"views":48,"formatid":"gen9vgc2024regh","rating":1667,"private":0,"password":null}