{"id":"gen9vgc2024regh-2217924079","format":"[Gen 9] VGC 2024 Reg H","players":["Kronicler","Waffles4breakfast"],"log":"|j|\u2606Kronicler\n|j|\u2606Waffles4breakfast\n|t:|1728321520\n|gametype|doubles\n|player|p1|Kronicler|yellow|1752\n|player|p2|Waffles4breakfast|juggler|1811\n|teamsize|p1|6\n|teamsize|p2|6\n|gen|9\n|tier|[Gen 9] VGC 2024 Reg H\n|rated|\n|rule|Species Clause: Limit one of each Pok\u00e9mon\n|rule|Item Clause: Limit 1 of each item\n|clearpoke\n|poke|p1|Gengar, L50, F|\n|poke|p1|Volcarona, L50, M|\n|poke|p1|Rillaboom, L50, F|\n|poke|p1|Bisharp, L50, F|\n|poke|p1|Primarina, L50, M|\n|poke|p1|Gothitelle, L50, F|\n|poke|p2|Archaludon, L50, F|\n|poke|p2|Pelipper, L50, M|\n|poke|p2|Basculegion, L50, M|\n|poke|p2|Amoonguss, L50, F|\n|poke|p2|Gholdengo, L50|\n|poke|p2|Murkrow, L50, F|\n|teampreview|4\n|inactive|Battle timer is ON: inactive players will automatically lose when time's up. (requested by Kronicler)\nKronicler rejected open team sheets.\n|j| Claarity\n|inactive|Waffles4breakfast has 60 seconds left.\n|inactive|Waffles4breakfast has 30 seconds left.\n|\n|t:|1728321596\n|start\n|switch|p1a: Volcarona|Volcarona, L50, M|100\/100\n|switch|p1b: Gengar|Gengar, L50, F|100\/100\n|switch|p2a: Gholdengo|Gholdengo, L50|100\/100\n|switch|p2b: Murkrow|Murkrow, L50, F|100\/100\n|turn|1\n|\n|t:|1728321612\n|-terastallize|p2a: Gholdengo|Steel\n|move|p2b: Murkrow|Tailwind|p2b: Murkrow\n|-sidestart|p2: Waffles4breakfast|move: Tailwind\n|move|p2a: Gholdengo|Make It Rain|p1a: Volcarona|[spread] p1a,p1b\n|-resisted|p1a: Volcarona\n|-damage|p1a: Volcarona|46\/100\n|-enditem|p1b: Gengar|Focus Sash\n|-damage|p1b: Gengar|1\/100\n|-unboost|p2a: Gholdengo|spa|1\n|-start|p2a: Gholdengo|Disable|Make It Rain|[from] ability: Cursed Body|[of] p1b: Gengar\n|move|p1b: Gengar|Icy Wind|p2a: Gholdengo|[spread] p2a,p2b\n|-resisted|p2a: Gholdengo\n|-supereffective|p2b: Murkrow\n|-damage|p2a: Gholdengo|92\/100\n|-damage|p2b: Murkrow|77\/100\n|-unboost|p2a: Gholdengo|spe|1\n|-unboost|p2b: Murkrow|spe|1\n|move|p1a: Volcarona|Heat Wave|p2a: Gholdengo|[spread] p2a,p2b\n|-supereffective|p2a: Gholdengo\n|-damage|p2a: Gholdengo|0 fnt\n|-damage|p2b: Murkrow|34\/100\n|faint|p2a: Gholdengo\n|-damage|p1a: Volcarona|37\/100|[from] item: Life Orb\n|\n|upkeep\n|\n|t:|1728321616\n|switch|p2a: Pelipper|Pelipper, L50, M|100\/100\n|-weather|RainDance|[from] ability: Drizzle|[of] p2a: Pelipper\n|turn|2\n|inactive|Kronicler has 30 seconds left.\n|\n|t:|1728321653\n|switch|p2b: Basculegion|Basculegion, L50, M|100\/100\n|move|p1a: Volcarona|Protect|p1a: Volcarona\n|-singleturn|p1a: Volcarona|Protect\n|move|p2a: Pelipper|Hurricane|p1b: Gengar\n|-damage|p1b: Gengar|0 fnt\n|-start|p2a: Pelipper|Disable|Hurricane|[from] ability: Cursed Body|[of] p1b: Gengar\n|faint|p1b: Gengar\n|\n|-weather|RainDance|[upkeep]\n|upkeep\n|\n|t:|1728321659\n|switch|p1b: Primarina|Primarina, L50, M|100\/100\n|turn|3\n|\n|t:|1728321684\n|move|p2b: Basculegion|Last Respects|p1b: Primarina\n|-damage|p1b: Primarina|18\/100\n|-enditem|p1b: Primarina|Wiki Berry|[eat]\n|-heal|p1b: Primarina|51\/100|[from] item: Wiki Berry\n|move|p2a: Pelipper|Weather Ball|p1a: Volcarona\n|-supereffective|p1a: Volcarona\n|-damage|p1a: Volcarona|0 fnt\n|faint|p1a: Volcarona\n|move|p1b: Primarina|Moonblast|p2b: Basculegion\n|-damage|p2b: Basculegion|38\/100\n|\n|-weather|RainDance|[upkeep]\n|upkeep\n|\n|t:|1728321693\n|switch|p1a: Bisharp|Bisharp, L50, F|100\/100\n|turn|4\n|\n|t:|1728321699\n|switch|p2b: Murkrow|Murkrow, L50, F|34\/100\n|move|p1a: Bisharp|Sucker Punch||[still]\n|-fail|p1a: Bisharp\n|move|p2a: Pelipper|Weather Ball|p1a: Bisharp\n|-damage|p1a: Bisharp|34\/100\n|move|p1b: Primarina|Moonblast|p2a: Pelipper\n|-damage|p2a: Pelipper|12\/100\n|\n|-weather|RainDance|[upkeep]\n|-sideend|p2: Waffles4breakfast|move: Tailwind\n|upkeep\n|turn|5\n|\n|t:|1728321713\n|switch|p2a: Basculegion|Basculegion, L50, M|38\/100\n|move|p1a: Bisharp|Sucker Punch||[still]\n|-fail|p1a: Bisharp\n|move|p2b: Murkrow|Foul Play|p1a: Bisharp\n|-resisted|p1a: Bisharp\n|-damage|p1a: Bisharp|11\/100\n|move|p1b: Primarina|Moonblast|p2b: Murkrow\n|-supereffective|p2b: Murkrow\n|-damage|p2b: Murkrow|0 fnt\n|faint|p2b: Murkrow\n|\n|-weather|RainDance|[upkeep]\n|upkeep\n|\n|t:|1728321720\n|switch|p2b: Pelipper|Pelipper, L50, M|12\/100\n|turn|6\n|j| Peroquecuones\n|\n|t:|1728321739\n|move|p2b: Pelipper|Wide Guard|p2b: Pelipper\n|-singleturn|p2b: Pelipper|Wide Guard\n|move|p2a: Basculegion|Aqua Jet|p1a: Bisharp\n|-damage|p1a: Bisharp|0 fnt\n|faint|p1a: Bisharp\n|move|p1b: Primarina|Moonblast|p2b: Pelipper\n|-damage|p2b: Pelipper|0 fnt\n|faint|p2b: Pelipper\n|\n|-weather|none\n|upkeep\n|turn|7\n|\n|t:|1728321746\n|move|p2a: Basculegion|Aqua Jet|p1b: Primarina\n|-resisted|p1b: Primarina\n|-damage|p1b: Primarina|33\/100\n|move|p1b: Primarina|Moonblast|p2a: Basculegion\n|-damage|p2a: Basculegion|0 fnt\n|faint|p2a: Basculegion\n|\n|win|Kronicler\n|raw|Kronicler's rating: 1752 &rarr; <strong>1775<\/strong><br \/>(+23 for winning)\n|raw|Waffles4breakfast's rating: 1811 &rarr; <strong>1788<\/strong><br \/>(-23 for losing)\n|l|\u2606Waffles4breakfast\n|player|p2|\n|l|\u2606Kronicler\n|player|p1|\n|l| Peroquecuones\n","uploadtime":1728321938,"views":74,"formatid":"gen9vgc2024regh","rating":1775,"private":0,"password":null}