{"id":"gen9vgc2024regh-2217778651","format":"[Gen 9] VGC 2024 Reg H","players":["SeaWolfMikess","Kronicler"],"log":"|badge|p1|bronze|gen9doublesou|100-3\n|uhtml|medal-msg|<div class=\"broadcast-blue\">Curious what those medals under the avatar are? PS now has Ladder Seasons! For more information, check out the <a href=\"https:\/\/www.smogon.com\/forums\/threads\/3740067\/\">thread on Smogon.<\/a><\/div>\n|j|\u2606SeaWolfMikess\n|j|\u2606Kronicler\n|t:|1728308575\n|gametype|doubles\n|player|p1|SeaWolfMikess|hugh|1760\n|player|p2|Kronicler|yellow|1746\n|teamsize|p1|6\n|teamsize|p2|6\n|gen|9\n|tier|[Gen 9] VGC 2024 Reg H\n|rated|\n|rule|Species Clause: Limit one of each Pok\u00e9mon\n|rule|Item Clause: Limit 1 of each item\n|clearpoke\n|poke|p1|Pelipper, L50, F|\n|poke|p1|Archaludon, L50, F|\n|poke|p1|Beartic, L50, F|\n|poke|p1|Amoonguss, L50, M|\n|poke|p1|Incineroar, L50, F|\n|poke|p1|Dragapult, L50, F|\n|poke|p2|Gengar, L50, F|\n|poke|p2|Volcarona, L50, M|\n|poke|p2|Rillaboom, L50, M|\n|poke|p2|Bisharp, L50, F|\n|poke|p2|Primarina, L50, M|\n|poke|p2|Gothitelle, L50, F|\n|teampreview|4\nKronicler rejected open team sheets.\n|inactive|Battle timer is ON: inactive players will automatically lose when time's up. (requested by Kronicler)\n|j| Peroquecuones\n|\n|t:|1728308606\n|start\n|switch|p1a: Pelipper|Pelipper, L50, F|100\/100\n|switch|p1b: Archaludon|Archaludon, L50, F|100\/100\n|switch|p2a: Volcarona|Volcarona, L50, M|100\/100\n|switch|p2b: Gengar|Gengar, L50, F|100\/100\n|-weather|RainDance|[from] ability: Drizzle|[of] p1a: Pelipper\n|turn|1\n|j| skersh88\n|inactive|SeaWolfMikess has 30 seconds left.\n|inactive|SeaWolfMikess has 20 seconds left.\n|inactive|SeaWolfMikess has 15 seconds left.\n|inactive|SeaWolfMikess has 10 seconds left.\n|inactive|SeaWolfMikess has 5 seconds left.\n|\n|t:|1728308659\n|move|p2b: Gengar|Acid Spray|p1a: Pelipper\n|-damage|p1a: Pelipper|67\/100\n|-unboost|p1a: Pelipper|spd|2\n|move|p2a: Volcarona|Tera Blast|p1a: Pelipper\n|-damage|p1a: Pelipper|0 fnt\n|faint|p1a: Pelipper\n|-damage|p2a: Volcarona|91\/100|[from] item: Life Orb\n|move|p1b: Archaludon|Electro Shot||[still]\n|-prepare|p1b: Archaludon|Electro Shot\n|-boost|p1b: Archaludon|spa|1\n|-anim|p1b: Archaludon|Electro Shot|p2a: Volcarona\n|-damage|p2a: Volcarona|28\/100\n|\n|-weather|RainDance|[upkeep]\n|upkeep\n|\n|t:|1728308665\n|switch|p1a: Beartic|Beartic, L50, F|100\/100\n|turn|2\n|\n|t:|1728308683\n|move|p2a: Volcarona|Protect|p2a: Volcarona\n|-singleturn|p2a: Volcarona|Protect\n|move|p1a: Beartic|Liquidation|p2a: Volcarona\n|-activate|p2a: Volcarona|move: Protect\n|move|p2b: Gengar|Icy Wind|p1b: Archaludon|[spread] p1a,p1b\n|-resisted|p1a: Beartic\n|-damage|p1a: Beartic|92\/100\n|-damage|p1b: Archaludon|90\/100\n|-unboost|p1b: Archaludon|spe|1\n|-ability|p1b: Archaludon|Stamina|boost\n|-boost|p1b: Archaludon|def|1\n|move|p1b: Archaludon|Electro Shot||[still]\n|-prepare|p1b: Archaludon|Electro Shot\n|-boost|p1b: Archaludon|spa|1\n|-anim|p1b: Archaludon|Electro Shot|p2b: Gengar\n|-enditem|p2b: Gengar|Focus Sash\n|-damage|p2b: Gengar|1\/100\n|\n|-weather|RainDance|[upkeep]\n|upkeep\n|turn|3\n|inactive|Kronicler has 30 seconds left.\n|\n|t:|1728308709\n|switch|p2a: Primarina|Primarina, L50, M|100\/100\n|move|p1a: Beartic|Liquidation|p2a: Primarina\n|-resisted|p2a: Primarina\n|-damage|p2a: Primarina|74\/100\n|move|p2b: Gengar|Shadow Ball|p1b: Archaludon\n|-damage|p1b: Archaludon|64\/100\n|-ability|p1b: Archaludon|Stamina|boost\n|-boost|p1b: Archaludon|def|1\n|move|p1b: Archaludon|Electro Shot||[still]\n|-prepare|p1b: Archaludon|Electro Shot\n|-boost|p1b: Archaludon|spa|1\n|-anim|p1b: Archaludon|Electro Shot|p2b: Gengar\n|-damage|p2b: Gengar|0 fnt\n|faint|p2b: Gengar\n|\n|-weather|RainDance|[upkeep]\n|upkeep\n|\n|t:|1728308725\n|switch|p2b: Bisharp|Bisharp, L50, F|100\/100\n|turn|4\n|\n|t:|1728308749\n|-terastallize|p2a: Primarina|Grass\n|move|p1a: Beartic|Close Combat|p2b: Bisharp\n|-supereffective|p2b: Bisharp\n|-damage|p2b: Bisharp|0 fnt\n|-unboost|p1a: Beartic|def|1\n|-unboost|p1a: Beartic|spd|1\n|faint|p2b: Bisharp\n|move|p2a: Primarina|Moonblast|p1b: Archaludon\n|-damage|p1b: Archaludon|29\/100\n|-ability|p1b: Archaludon|Stamina|boost\n|-boost|p1b: Archaludon|def|1\n|move|p1b: Archaludon|Electro Shot||[still]\n|-prepare|p1b: Archaludon|Electro Shot\n|-boost|p1b: Archaludon|spa|1\n|-anim|p1b: Archaludon|Electro Shot|p2a: Primarina\n|-resisted|p2a: Primarina\n|-damage|p2a: Primarina|21\/100\n|-enditem|p2a: Primarina|Wiki Berry|[eat]\n|-heal|p2a: Primarina|55\/100|[from] item: Wiki Berry\n|\n|-weather|RainDance|[upkeep]\n|upkeep\n|\n|t:|1728308760\n|switch|p2b: Volcarona|Volcarona, L50, M|28\/100\n|turn|5\n|\n|t:|1728308775\n|move|p2b: Volcarona|Protect|p2b: Volcarona\n|-singleturn|p2b: Volcarona|Protect\n|move|p2a: Primarina|Protect|p2a: Primarina\n|-singleturn|p2a: Primarina|Protect\n|move|p1a: Beartic|Liquidation|p2b: Volcarona\n|-activate|p2b: Volcarona|move: Protect\n|move|p1b: Archaludon|Flash Cannon|p2a: Primarina\n|-activate|p2a: Primarina|move: Protect\n|\n|-weather|none\n|upkeep\n|turn|6\n|\n|t:|1728308795\n|-terastallize|p1a: Beartic|Fighting\n|move|p2b: Volcarona|Heat Wave|p1b: Archaludon|[spread] p1a,p1b\n|-damage|p1a: Beartic|3\/100\n|-damage|p1b: Archaludon|0 fnt\n|faint|p1b: Archaludon\n|-damage|p2b: Volcarona|18\/100|[from] item: Life Orb\n|move|p1a: Beartic|Icicle Crash|p2a: Primarina\n|-supereffective|p2a: Primarina\n|-damage|p2a: Primarina|0 fnt\n|faint|p2a: Primarina\n|\n|upkeep\n|\n|t:|1728308803\n|switch|p1b: Amoonguss|Amoonguss, L50, M|100\/100\n|turn|7\n|\n|t:|1728308806\n|move|p1a: Beartic|Protect|p1a: Beartic\n|-singleturn|p1a: Beartic|Protect\n|move|p2b: Volcarona|Heat Wave|p1a: Beartic|[spread] \n|-activate|p1a: Beartic|move: Protect\n|-miss|p2b: Volcarona|p1b: Amoonguss\n|move|p1b: Amoonguss|Spore|p2b: Volcarona\n|-status|p2b: Volcarona|slp|[from] move: Spore\n|\n|upkeep\n|turn|8\n|-message|Kronicler forfeited.\n|\n|win|SeaWolfMikess\n|raw|SeaWolfMikess's rating: 1760 &rarr; <strong>1779<\/strong><br \/>(+19 for winning)\n|raw|Kronicler's rating: 1746 &rarr; <strong>1727<\/strong><br \/>(-19 for losing)\n|l|\u2606Kronicler\n|player|p2|\n|l| skersh88\n|l|\u2606SeaWolfMikess\n|player|p1|\n|l| Peroquecuones\n","uploadtime":1728309026,"views":32,"formatid":"gen9vgc2024regh","rating":1727,"private":0,"password":null}