{"id":"gen9vgc2024regh-2217506189","format":"[Gen 9] VGC 2024 Reg H","players":["anton19","rgktest"],"log":"|j|\u2606anton19\n|j|\u2606rgktest\n|t:|1728268127\n|gametype|doubles\n|player|p1|anton19|169|1712\n|player|p2|rgktest|brycenman|1742\n|teamsize|p1|6\n|teamsize|p2|6\n|gen|9\n|tier|[Gen 9] VGC 2024 Reg H\n|rated|\n|rule|Species Clause: Limit one of each Pok\u00e9mon\n|rule|Item Clause: Limit 1 of each item\n|clearpoke\n|poke|p1|Gholdengo, L50|\n|poke|p1|Rillaboom, L50, M|\n|poke|p1|Sneasler, L50, M|\n|poke|p1|Whimsicott, L50, M|\n|poke|p1|Typhlosion-Hisui, L50, F|\n|poke|p1|Clefable, L50, M|\n|poke|p2|Incineroar, L50, M|\n|poke|p2|Porygon2, L50|\n|poke|p2|Amoonguss, L50, F|\n|poke|p2|Ursaluna, L50, M|\n|poke|p2|Ninetales-Alola, L50, F|\n|poke|p2|Annihilape, L50, M|\n|teampreview|4\n|inactive|Battle timer is ON: inactive players will automatically lose when time's up. (requested by anton19)\n|inactive|anton19 has 60 seconds left.\n|\n|t:|1728268180\n|start\n|switch|p1a: Clefable|Clefable, L50, M|100\/100\n|switch|p1b: Gholdengo|Gholdengo, L50|100\/100\n|switch|p2a: Porygon2|Porygon2, L50, shiny|100\/100\n|switch|p2b: Incineroar|Incineroar, L50, M, shiny|100\/100\n|-ability|p2b: Incineroar|Intimidate|boost\n|-unboost|p1a: Clefable|atk|1\n|-unboost|p1b: Gholdengo|atk|1\n|-ability|p2a: Porygon2|Download|boost\n|-boost|p2a: Porygon2|spa|1\n|turn|1\n|j| weirdo33\n|inactive|rgktest has 30 seconds left.\n|\n|t:|1728268207\n|move|p1a: Clefable|Follow Me|p1a: Clefable\n|-singleturn|p1a: Clefable|move: Follow Me\n|move|p1b: Gholdengo|Nasty Plot|p1b: Gholdengo\n|-boost|p1b: Gholdengo|spa|2\n|move|p2b: Incineroar|Flare Blitz|p1a: Clefable\n|-damage|p1a: Clefable|52\/100\n|-damage|p2b: Incineroar|84\/100|[from] Recoil\n|move|p2a: Porygon2|Tera Blast|p1a: Clefable\n|-damage|p1a: Clefable|21\/100\n|\n|upkeep\n|turn|2\n|inactive|anton19 has 30 seconds left.\n|\n|t:|1728268238\n|-terastallize|p1b: Gholdengo|Steel\n|move|p1a: Clefable|Follow Me|p1a: Clefable\n|-singleturn|p1a: Clefable|move: Follow Me\n|move|p1b: Gholdengo|Make It Rain|p2a: Porygon2|[spread] p2a,p2b\n|-resisted|p2b: Incineroar\n|-damage|p2a: Porygon2|4\/100\n|-damage|p2b: Incineroar|35\/100\n|-unboost|p1b: Gholdengo|spa|1\n|move|p2b: Incineroar|Flare Blitz|p1a: Clefable\n|-damage|p1a: Clefable|0 fnt\n|faint|p1a: Clefable\n|-damage|p2b: Incineroar|28\/100|[from] Recoil\n|move|p2a: Porygon2|Trick Room|p2a: Porygon2\n|-fieldstart|move: Trick Room|[of] p2a: Porygon2\n|\n|upkeep\n|\n|t:|1728268249\n|switch|p1a: Whimsicott|Whimsicott, L50, M|100\/100\n|turn|3\n|\n|t:|1728268261\n|switch|p2a: Ursaluna|Ursaluna, L50, M, shiny|100\/100\n|move|p1b: Gholdengo|Protect|p1b: Gholdengo\n|-singleturn|p1b: Gholdengo|Protect\n|move|p2b: Incineroar|Flare Blitz|p1b: Gholdengo\n|-activate|p1b: Gholdengo|move: Protect\n|move|p1a: Whimsicott|Moonblast|p2b: Incineroar\n|-damage|p2b: Incineroar|3\/100\n|\n|-status|p2a: Ursaluna|brn|[from] item: Flame Orb\n|upkeep\n|turn|4\n|inactive|rgktest has 30 seconds left.\n|\n|t:|1728268288\n|move|p1b: Gholdengo|Protect||[still]\n|-fail|p1b: Gholdengo\n|move|p2a: Ursaluna|Facade|p1a: Whimsicott\n|-enditem|p1a: Whimsicott|Focus Sash\n|-damage|p1a: Whimsicott|1\/100\n|move|p2b: Incineroar|Flare Blitz|p1b: Gholdengo\n|-supereffective|p1b: Gholdengo\n|-damage|p1b: Gholdengo|0 fnt\n|faint|p1b: Gholdengo\n|-damage|p2b: Incineroar|0 fnt|[from] Recoil\n|faint|p2b: Incineroar\n|move|p1a: Whimsicott|Moonblast|p2a: Ursaluna\n|-damage|p2a: Ursaluna|70\/100 brn\n|\n|-damage|p2a: Ursaluna|65\/100 brn|[from] brn\n|upkeep\n|\n|t:|1728268295\n|switch|p2b: Amoonguss|Amoonguss, L50, F, shiny|100\/100\n|switch|p1b: Typhlosion|Typhlosion-Hisui, L50, F|100\/100\n|turn|5\n|j| majic8ball\n|j| derivacaoporpartes\n|\n|t:|1728268316\n|move|p1b: Typhlosion|Protect|p1b: Typhlosion\n|-singleturn|p1b: Typhlosion|Protect\n|move|p1a: Whimsicott|Sunny Day|p1a: Whimsicott\n|-weather|SunnyDay\n|move|p2b: Amoonguss|Pollen Puff|p1a: Whimsicott\n|-damage|p1a: Whimsicott|0 fnt\n|faint|p1a: Whimsicott\n|move|p2a: Ursaluna|Headlong Rush|p1b: Typhlosion\n|-activate|p1b: Typhlosion|move: Protect\n|\n|-weather|SunnyDay|[upkeep]\n|-damage|p2a: Ursaluna|59\/100 brn|[from] brn\n|upkeep\n|turn|6\n|\n|t:|1728268327\n|move|p1b: Typhlosion|Protect||[still]\n|-fail|p1b: Typhlosion\n|move|p2b: Amoonguss|Spore|p1b: Typhlosion\n|-status|p1b: Typhlosion|slp|[from] move: Spore\n|move|p2a: Ursaluna|Substitute|p2a: Ursaluna\n|-start|p2a: Ursaluna|Substitute\n|-damage|p2a: Ursaluna|34\/100 brn\n|\n|-weather|SunnyDay|[upkeep]\n|-damage|p2a: Ursaluna|28\/100 brn|[from] brn\n|-fieldend|move: Trick Room\n|upkeep\n|turn|7\n|-message|anton19 forfeited.\n|\n|win|rgktest\n|raw|anton19's rating: 1712 &rarr; <strong>1694<\/strong><br \/>(-18 for losing)\n|raw|rgktest's rating: 1742 &rarr; <strong>1760<\/strong><br \/>(+18 for winning)\n|l|\u2606anton19\n|player|p1|\n|l|\u2606rgktest\n|player|p2|\n|l| derivacaoporpartes\n|l| weirdo33\n|l| majic8ball\n","uploadtime":1728268593,"views":22,"formatid":"gen9vgc2024regh","rating":1694,"private":0,"password":null}