{"id":"gen9vgc2024regh-2217804939","format":"[Gen 9] VGC 2024 Reg H","players":["DudeWheresMyTera","tyuiop112"],"log":"|j|\u2606DudeWheresMyTera\n|j|\u2606tyuiop112\n|t:|1728311078\n|gametype|doubles\n|player|p1|DudeWheresMyTera|youngster-gen4dp|1644\n|player|p2|tyuiop112|linebacker|1764\n|teamsize|p1|6\n|teamsize|p2|6\n|gen|9\n|tier|[Gen 9] VGC 2024 Reg H\n|rated|\n|rule|Species Clause: Limit one of each Pok\u00e9mon\n|rule|Item Clause: Limit 1 of each item\n|clearpoke\n|poke|p1|Dragapult, L50, M|\n|poke|p1|Indeedee, L50, M|\n|poke|p1|Meowscarada, L50, F|\n|poke|p1|Sneasler, L50, M|\n|poke|p1|Amoonguss, L50, M|\n|poke|p1|Typhlosion-Hisui, L50, M|\n|poke|p2|Dragonite, L50, F|\n|poke|p2|Gholdengo, L50|\n|poke|p2|Archaludon, L50, M|\n|poke|p2|Ursaluna-Bloodmoon, L50, M|\n|poke|p2|Rillaboom, L50, M|\n|poke|p2|Sneasler, L50, F|\n|teampreview|4\n|j| uppercut vgc\n|\n|t:|1728311118\n|start\n|switch|p1a: boom.|Typhlosion-Hisui, L50, M|100\/100\n|switch|p1b: pewpew|Dragapult, L50, M|100\/100\n|switch|p2a: Gholdengo|Gholdengo, L50|100\/100\n|switch|p2b: Ursaluna|Ursaluna-Bloodmoon, L50, M|100\/100\n|-item|p2a: Gholdengo|Choice Scarf|[from] ability: Frisk|[of] p1a: boom.\n|-item|p2b: Ursaluna|Leftovers|[from] ability: Frisk|[of] p1a: boom.\n|turn|1\n|j| blurq0z\n|\n|t:|1728311141\n|move|p1a: boom.|Eruption|p2a: Gholdengo|[spread] p2a,p2b\n|-supereffective|p2a: Gholdengo\n|-damage|p2a: Gholdengo|0 fnt\n|-damage|p2b: Ursaluna|46\/100\n|faint|p2a: Gholdengo\n|move|p1b: pewpew|Dragon Darts|p2b: Ursaluna\n|-damage|p2b: Ursaluna|30\/100\n|-anim|p1b: pewpew|Dragon Darts|p2b: Ursaluna\n|-damage|p2b: Ursaluna|11\/100\n|move|p2b: Ursaluna|Earth Power|p1a: boom.\n|-supereffective|p1a: boom.\n|-damage|p1a: boom.|0 fnt\n|faint|p1a: boom.\n|\n|-heal|p2b: Ursaluna|17\/100|[from] item: Leftovers\n|upkeep\n|\n|t:|1728311158\n|switch|p1a: Manicure|Sneasler, L50, M|100\/100\n|switch|p2a: Archaludon|Archaludon, L50, M|100\/100\n|turn|2\n|l| uppercut vgc\n|\n|t:|1728311170\n|move|p2a: Archaludon|Protect|p2a: Archaludon\n|-singleturn|p2a: Archaludon|Protect\n|move|p1b: pewpew|Dragon Darts|p2b: Ursaluna\n|-damage|p2b: Ursaluna|0 fnt\n|faint|p2b: Ursaluna\n|move|p1a: Manicure|Close Combat|p2a: Archaludon\n|-activate|p2a: Archaludon|move: Protect\n|\n|upkeep\n|\n|t:|1728311173\n|switch|p2b: Sneasler|Sneasler, L50, F|100\/100\n|turn|3\n|j| MikeFlem12326171\n|j| Burkino Faso\n|l| Burkino Faso\n|\n|t:|1728311200\n|move|p1a: Manicure|Protect|p1a: Manicure\n|-singleturn|p1a: Manicure|Protect\n|move|p1b: pewpew|Dragon Darts|p2b: Sneasler\n|-damage|p2b: Sneasler|58\/100\n|-anim|p1b: pewpew|Dragon Darts|p2a: Archaludon\n|-damage|p2a: Archaludon|77\/100\n|move|p2b: Sneasler|Dire Claw|p1a: Manicure\n|-activate|p1a: Manicure|move: Protect\n|move|p2a: Archaludon|Draco Meteor|p1b: pewpew\n|-supereffective|p1b: pewpew\n|-damage|p1b: pewpew|0 fnt\n|-unboost|p2a: Archaludon|spa|2\n|faint|p1b: pewpew\n|\n|upkeep\n|\n|t:|1728311213\n|switch|p1b: Mom's 2nd Favorite|Indeedee, L50, M|100\/100\n|-fieldstart|move: Psychic Terrain|[from] ability: Psychic Surge|[of] p1b: Mom's 2nd Favorite\n|-enditem|p1a: Manicure|Psychic Seed\n|-boost|p1a: Manicure|spd|1|[from] item: Psychic Seed\n|turn|4\n|j| Rabbihorn\n|\n|t:|1728311234\n|-terastallize|p2b: Sneasler|Stellar\n|-terastallize|p1b: Mom's 2nd Favorite|Fairy\n|move|p2a: Archaludon|Protect|p2a: Archaludon\n|-singleturn|p2a: Archaludon|Protect\n|move|p1a: Manicure|Close Combat|p2a: Archaludon\n|-activate|p2a: Archaludon|move: Protect\n|move|p2b: Sneasler|Close Combat|p1b: Mom's 2nd Favorite\n|-resisted|p1b: Mom's 2nd Favorite\n|-damage|p1b: Mom's 2nd Favorite|17\/100\n|-unboost|p2b: Sneasler|def|1\n|-unboost|p2b: Sneasler|spd|1\n|move|p1b: Mom's 2nd Favorite|Expanding Force|p2b: Sneasler|[spread] p2b\n|-activate|p2a: Archaludon|move: Protect\n|-supereffective|p2b: Sneasler\n|-damage|p2b: Sneasler|0 fnt\n|faint|p2b: Sneasler\n|\n|upkeep\n|turn|5\n|-message|tyuiop112 forfeited.\n|\n|win|DudeWheresMyTera\n|raw|DudeWheresMyTera's rating: 1644 &rarr; <strong>1671<\/strong><br \/>(+27 for winning)\n|raw|tyuiop112's rating: 1764 &rarr; <strong>1737<\/strong><br \/>(-27 for losing)\n|l|\u2606tyuiop112\n|player|p2|\n|l|\u2606DudeWheresMyTera\n|player|p1|\n|l| blurq0z\n","uploadtime":1728311289,"views":19,"formatid":"gen9vgc2024regh","rating":1671,"private":0,"password":null}