{"id":"gen9vgc2024regh-2217899637","format":"[Gen 9] VGC 2024 Reg H","players":["Ibberdytten","Sparkbladexd"],"log":"|j|\u2606Ibberdytten\n|j|\u2606Sparkbladexd\n|t:|1728319426\n|gametype|doubles\n|player|p1|Ibberdytten|lass-gen4dp|1678\n|player|p2|Sparkbladexd|cynthia|1807\n|teamsize|p1|6\n|teamsize|p2|6\n|gen|9\n|tier|[Gen 9] VGC 2024 Reg H\n|rated|\n|rule|Species Clause: Limit one of each Pok\u00e9mon\n|rule|Item Clause: Limit 1 of each item\n|clearpoke\n|poke|p1|Dondozo, L50, F|\n|poke|p1|Tatsugiri, L50, F|\n|poke|p1|Talonflame, L50, F|\n|poke|p1|Gholdengo, L50|\n|poke|p1|Glimmora, L50, M|\n|poke|p1|Dragonite, L50, M|\n|poke|p2|Typhlosion-Hisui, L50, M|\n|poke|p2|Toedscruel, L50, F|\n|poke|p2|Corviknight, L50, F|\n|poke|p2|Weezing-Galar, L50, M|\n|poke|p2|Garchomp, L50, M|\n|poke|p2|Pawmot, L50, M|\n|teampreview|4\n|inactive|Battle timer is ON: inactive players will automatically lose when time's up. (requested by Sparkbladexd)\n|inactive|Ibberdytten has 60 seconds left.\n|inactive|Sparkbladexd has 60 seconds left.\n|inactive|Ibberdytten has 30 seconds left.\n|inactive|Sparkbladexd has 30 seconds left.\n|inactive|Ibberdytten has 20 seconds left.\n|\n|t:|1728319500\n|start\n|switch|p1a: Talonflame|Talonflame, L50, F|100\/100\n|switch|p1b: Glimmora|Glimmora, L50, M, shiny|100\/100\n|switch|p2a: Garchomp|Garchomp, L50, M|100\/100\n|switch|p2b: Corviknight|Corviknight, L50, F, shiny|100\/100\n|turn|1\n|inactive|Ibberdytten has 30 seconds left.\n|inactive|Ibberdytten has 20 seconds left.\n|inactive|Ibberdytten has 15 seconds left.\n|\n|t:|1728319544\n|-terastallize|p1b: Glimmora|Grass\n|move|p1a: Talonflame|Flare Blitz|p2b: Corviknight\n|-supereffective|p2b: Corviknight\n|-damage|p2b: Corviknight|19\/100\n|-status|p2b: Corviknight|brn\n|-enditem|p2b: Corviknight|Sitrus Berry|[eat]\n|-heal|p2b: Corviknight|43\/100 brn|[from] item: Sitrus Berry\n|-damage|p1a: Talonflame|67\/100|[from] Recoil\n|move|p2a: Garchomp|Stomping Tantrum|p1b: Glimmora\n|-resisted|p1b: Glimmora\n|-damage|p1b: Glimmora|75\/100\n|-activate|p1b: Glimmora|ability: Toxic Debris\n|-sidestart|p2: Sparkbladexd|move: Toxic Spikes\n|-damage|p2a: Garchomp|91\/100|[from] item: Life Orb\n|move|p1b: Glimmora|Mortal Spin|p2b: Corviknight|[spread] p2a\n|-immune|p2b: Corviknight\n|-resisted|p2a: Garchomp\n|-damage|p2a: Garchomp|89\/100\n|-status|p2a: Garchomp|psn\n|-damage|p1b: Glimmora|63\/100|[from] ability: Rough Skin|[of] p2a: Garchomp\n|move|p2b: Corviknight|Tailwind|p2b: Corviknight\n|-sidestart|p2: Sparkbladexd|move: Tailwind\n|\n|-damage|p2a: Garchomp|77\/100 psn|[from] psn\n|-damage|p2b: Corviknight|38\/100 brn|[from] brn\n|upkeep\n|turn|2\n|inactive|Ibberdytten has 30 seconds left.\n|inactive|Sparkbladexd has 30 seconds left.\n|inactive|Ibberdytten has 20 seconds left.\n|\n|t:|1728319583\n|move|p2a: Garchomp|Dragon Claw|p1a: Talonflame\n|-damage|p1a: Talonflame|0 fnt\n|faint|p1a: Talonflame\n|-damage|p2a: Garchomp|67\/100 psn|[from] item: Life Orb\n|move|p2b: Corviknight|Brave Bird|p1b: Glimmora\n|-supereffective|p1b: Glimmora\n|-damage|p1b: Glimmora|7\/100\n|-activate|p1b: Glimmora|ability: Toxic Debris\n|-sidestart|p2: Sparkbladexd|move: Toxic Spikes\n|-damage|p2b: Corviknight|20\/100 brn|[from] Recoil\n|move|p1b: Glimmora|Earth Power|p2a: Garchomp\n|-damage|p2a: Garchomp|34\/100 psn\n|\n|-damage|p2a: Garchomp|22\/100 psn|[from] psn\n|-damage|p2b: Corviknight|15\/100 brn|[from] brn\n|upkeep\n|\n|t:|1728319600\n|switch|p1a: Dondozo|Dondozo, L50, F|100\/100\n|turn|3\n|\n|t:|1728319616\n|switch|p2a: Weezing|Weezing-Galar, L50, M|100\/100\n|-ability|p2a: Weezing|Neutralizing Gas\n|-sideend|p2: Sparkbladexd|move: Toxic Spikes|[of] p2a: Weezing\n|switch|p1b: Tatsugiri|Tatsugiri, L50, F|100\/100\n|move|p2b: Corviknight|Brave Bird|p1b: Tatsugiri\n|-damage|p1b: Tatsugiri|53\/100\n|-damage|p2b: Corviknight|3\/100 brn|[from] Recoil\n|move|p1a: Dondozo|Order Up|p2b: Corviknight\n|-resisted|p2b: Corviknight\n|-damage|p2b: Corviknight|0 fnt\n|faint|p2b: Corviknight\n|\n|upkeep\n|\n|t:|1728319627\n|switch|p2b: Toedscruel|Toedscruel, L50, F, shiny|100\/100\n|turn|4\n|\n|t:|1728319655\n|switch|p1b: Glimmora|Glimmora, L50, M, shiny, tera:Grass|7\/100\n|move|p1a: Dondozo|Protect|p1a: Dondozo\n|-singleturn|p1a: Dondozo|Protect\n|move|p2b: Toedscruel|Acid Spray|p1a: Dondozo\n|-activate|p1a: Dondozo|move: Protect\n|move|p2a: Weezing|Dazzling Gleam|p1a: Dondozo|[spread] p1b\n|-activate|p1a: Dondozo|move: Protect\n|-damage|p1b: Glimmora|0 fnt\n|faint|p1b: Glimmora\n|\n|-sideend|p2: Sparkbladexd|move: Tailwind\n|upkeep\n|\n|t:|1728319670\n|switch|p1b: Tatsugiri|Tatsugiri, L50, F|53\/100\n|turn|5\n|\n|t:|1728319690\n|-terastallize|p2b: Toedscruel|Water\n|move|p1b: Tatsugiri|Icy Wind|p2a: Weezing|[spread] p2a,p2b\n|-resisted|p2b: Toedscruel\n|-damage|p2a: Weezing|79\/100\n|-damage|p2b: Toedscruel|95\/100\n|-unboost|p2a: Weezing|spe|1\n|move|p2b: Toedscruel|Acid Spray|p1a: Dondozo\n|-damage|p1a: Dondozo|92\/100\n|-unboost|p1a: Dondozo|spd|2\n|move|p1a: Dondozo|Wave Crash|p2a: Weezing\n|-damage|p2a: Weezing|25\/100\n|-damage|p1a: Dondozo|80\/100|[from] Recoil\n|move|p2a: Weezing|Dazzling Gleam|p1b: Tatsugiri|[spread] p1a,p1b\n|-supereffective|p1b: Tatsugiri\n|-damage|p1a: Dondozo|0 fnt\n|-damage|p1b: Tatsugiri|0 fnt\n|faint|p1a: Dondozo\n|faint|p1b: Tatsugiri\n|\n|win|Sparkbladexd\n|raw|Ibberdytten's rating: 1678 &rarr; <strong>1665<\/strong><br \/>(-13 for losing)\n|raw|Sparkbladexd's rating: 1807 &rarr; <strong>1820<\/strong><br \/>(+13 for winning)\n|l|\u2606Ibberdytten\n|player|p1|\n|l|\u2606Sparkbladexd\n|player|p2|\n","uploadtime":1728319870,"views":13,"formatid":"gen9vgc2024regh","rating":1665,"private":0,"password":null}