{"id":"gen9vgc2024regh-2217070069","format":"[Gen 9] VGC 2024 Reg H","players":["something123","Winboiiz"],"log":"|j|\u2606something123\n|j|\u2606Winboiiz\n|t:|1728218187\n|gametype|doubles\n|player|p1|something123|101|1849\n|player|p2|Winboiiz|alder|1640\n|teamsize|p1|6\n|teamsize|p2|6\n|gen|9\n|tier|[Gen 9] VGC 2024 Reg H\n|rated|\n|rule|Species Clause: Limit one of each Pok\u00e9mon\n|rule|Item Clause: Limit 1 of each item\n|clearpoke\n|poke|p1|Kingambit, L50, F|\n|poke|p1|Sneasler, L50, F|\n|poke|p1|Rillaboom, L50, M|\n|poke|p1|Primarina, L50, F|\n|poke|p1|Electabuzz, L50, F|\n|poke|p1|Ninetales-Alola, L50, F|\n|poke|p2|Maushold-Four, L50|\n|poke|p2|Dragapult, L50, M|\n|poke|p2|Archaludon, L50, F|\n|poke|p2|Rillaboom, L50, M|\n|poke|p2|Murkrow, L50, F|\n|poke|p2|Baxcalibur, L50, F|\n|teampreview|4\n|inactive|Battle timer is ON: inactive players will automatically lose when time's up. (requested by something123)\n|\n|t:|1728218286\n|start\n|switch|p1a: Electabuzz|Electabuzz, L50, F|100\/100\n|switch|p1b: Sneasler|Sneasler, L50, F|100\/100\n|switch|p2a: Maushold|Maushold-Four, L50|100\/100\n|switch|p2b: Archaludon|Archaludon, L50, F|100\/100\n|turn|1\n|\n|t:|1728218312\n|-terastallize|p2a: Maushold|Ghost\n|-terastallize|p1a: Electabuzz|Ghost\n|move|p1a: Electabuzz|Follow Me|p1a: Electabuzz\n|-singleturn|p1a: Electabuzz|move: Follow Me\n|move|p2a: Maushold|Population Bomb|p1a: Electabuzz\n|-immune|p1a: Electabuzz\n|move|p1b: Sneasler|Swords Dance|p1b: Sneasler\n|-boost|p1b: Sneasler|atk|2\n|move|p2b: Archaludon|Electro Shot||[still]\n|-prepare|p2b: Archaludon|Electro Shot\n|-boost|p2b: Archaludon|spa|1\n|-enditem|p2b: Archaludon|Power Herb\n|-anim|p2b: Archaludon|Electro Shot|p1a: Electabuzz\n|-damage|p1a: Electabuzz|46\/100\n|\n|upkeep\n|turn|2\n|\n|t:|1728218333\n|switch|p1a: Rillaboom|Rillaboom, L50, M|100\/100\n|-fieldstart|move: Grassy Terrain|[from] ability: Grassy Surge|[of] p1a: Rillaboom\n|-enditem|p1b: Sneasler|Grassy Seed\n|-boost|p1b: Sneasler|def|1|[from] item: Grassy Seed\n|move|p2a: Maushold|Protect|p2a: Maushold\n|-singleturn|p2a: Maushold|Protect\n|move|p1b: Sneasler|Acrobatics|p2a: Maushold\n|-activate|p2a: Maushold|move: Protect\n|move|p2b: Archaludon|Flash Cannon|p1b: Sneasler\n|-damage|p1b: Sneasler|12\/100\n|\n|-heal|p1b: Sneasler|18\/100|[from] Grassy Terrain\n|upkeep\n|turn|3\n|inactive|Winboiiz has 30 seconds left.\n|\n|t:|1728218358\n|move|p1a: Rillaboom|Fake Out|p2b: Archaludon\n|-resisted|p2b: Archaludon\n|-damage|p2b: Archaludon|94\/100\n|move|p1b: Sneasler|Acrobatics|p2a: Maushold\n|-damage|p2a: Maushold|0 fnt\n|faint|p2a: Maushold\n|cant|p2b: Archaludon|flinch\n|\n|-heal|p1b: Sneasler|24\/100|[from] Grassy Terrain\n|-heal|p2b: Archaludon|100\/100|[from] Grassy Terrain\n|upkeep\n|\n|t:|1728218369\n|switch|p2a: Dragapult|Dragapult, L50, M|100\/100\n|turn|4\n|inactive|something123 has 30 seconds left.\n|inactive|something123 has 20 seconds left.\n|inactive|something123 has 15 seconds left.\n|inactive|something123 has 10 seconds left.\n|\n|t:|1728218418\n|switch|p1a: Ninetales|Ninetales-Alola, L50, F|100\/100\n|-weather|Snow|[from] ability: Snow Warning|[of] p1a: Ninetales\n|move|p1b: Sneasler|Acrobatics|p2a: Dragapult\n|-damage|p2a: Dragapult|0 fnt\n|faint|p2a: Dragapult\n|move|p2b: Archaludon|Flash Cannon|p1b: Sneasler\n|-damage|p1b: Sneasler|0 fnt\n|faint|p1b: Sneasler\n|\n|-weather|Snow|[upkeep]\n|upkeep\n|inactive|something123 has 30 seconds left.\n|\n|t:|1728218452\n|switch|p2a: Baxcalibur|Baxcalibur, L50, F|100\/100\n|switch|p1b: Electabuzz|Electabuzz, L50, F, tera:Ghost|46\/100\n|turn|5\n|inactive|something123 has 30 seconds left.\n|inactive|something123 has 20 seconds left.\n|inactive|something123 has 15 seconds left.\n|\n|t:|1728218497\n|move|p1a: Ninetales|Blizzard|p2a: Baxcalibur|[spread] p2a,p2b\n|-damage|p2a: Baxcalibur|54\/100\n|-damage|p2b: Archaludon|24\/100\n|move|p2a: Baxcalibur|Scale Shot|p1b: Electabuzz\n|-damage|p1b: Electabuzz|33\/100\n|-damage|p1b: Electabuzz|21\/100\n|-damage|p1b: Electabuzz|8\/100\n|-damage|p1b: Electabuzz|0 fnt\n|faint|p1b: Electabuzz\n|-hitcount|p1: Electabuzz|4\n|-unboost|p2a: Baxcalibur|def|1\n|-boost|p2a: Baxcalibur|spe|1\n|move|p2b: Archaludon|Flash Cannon|p1a: Ninetales\n|-supereffective|p1a: Ninetales\n|-damage|p1a: Ninetales|0 fnt\n|faint|p1a: Ninetales\n|\n|-weather|Snow|[upkeep]\n|-heal|p2a: Baxcalibur|60\/100|[from] Grassy Terrain\n|-heal|p2b: Archaludon|30\/100|[from] Grassy Terrain\n|upkeep\n|\n|t:|1728218512\n|switch|p1b: Rillaboom|Rillaboom, L50, M|100\/100\n|turn|6\n|\n|t:|1728218530\n|move|p2a: Baxcalibur|Protect|p2a: Baxcalibur\n|-singleturn|p2a: Baxcalibur|Protect\n|move|p2b: Archaludon|Protect|p2b: Archaludon\n|-singleturn|p2b: Archaludon|Protect\n|move|p1b: Rillaboom|Knock Off|p2b: Archaludon\n|-activate|p2b: Archaludon|move: Protect\n|\n|-weather|Snow|[upkeep]\n|-heal|p2a: Baxcalibur|66\/100|[from] Grassy Terrain\n|-heal|p2b: Archaludon|36\/100|[from] Grassy Terrain\n|-fieldend|move: Grassy Terrain\n|upkeep\n|turn|7\n|-message|something123 forfeited.\n|\n|win|Winboiiz\n|raw|something123's rating: 1849 &rarr; <strong>1818<\/strong><br \/>(-31 for losing)\n|raw|Winboiiz's rating: 1640 &rarr; <strong>1671<\/strong><br \/>(+31 for winning)\n|l|\u2606something123\n|player|p1|\n|l|\u2606Winboiiz\n|player|p2|\n","uploadtime":1728218787,"views":61,"formatid":"gen9vgc2024regh","rating":1671,"private":0,"password":null}