{"id":"gen9vgc2024regh-2217879663","format":"[Gen 9] VGC 2024 Reg H","players":["Funcrazyfish","Kronicler"],"log":"|j|\u2606Funcrazyfish\n|j|\u2606Kronicler\n|t:|1728317703\n|gametype|doubles\n|player|p1|Funcrazyfish|beauty-gen4dp|1708\n|player|p2|Kronicler|yellow|1791\n|teamsize|p1|6\n|teamsize|p2|6\n|gen|9\n|tier|[Gen 9] VGC 2024 Reg H\n|rated|\n|rule|Species Clause: Limit one of each Pok\u00e9mon\n|rule|Item Clause: Limit 1 of each item\n|clearpoke\n|poke|p1|Espathra, L50, F|\n|poke|p1|Rillaboom, L50, F|\n|poke|p1|Sneasler, L50, F|\n|poke|p1|Magmar, L50, F|\n|poke|p1|Kingambit, L50, F|\n|poke|p1|Primarina, L50, M|\n|poke|p2|Gengar, L50, F|\n|poke|p2|Volcarona, L50, M|\n|poke|p2|Rillaboom, L50, F|\n|poke|p2|Bisharp, L50, M|\n|poke|p2|Primarina, L50, F|\n|poke|p2|Gothitelle, L50, M|\n|teampreview|4\n|inactive|Battle timer is ON: inactive players will automatically lose when time's up. (requested by Kronicler)\nKronicler rejected open team sheets.\n|\n|t:|1728317732\n|start\n|switch|p1a: Lucretia|Primarina, L50, M|100\/100\n|switch|p1b: Elle Woods|Sneasler, L50, F, shiny|100\/100\n|switch|p2a: Volcarona|Volcarona, L50, M|100\/100\n|switch|p2b: Gengar|Gengar, L50, F|100\/100\n|turn|1\n|\n|t:|1728317743\n|move|p2a: Volcarona|Protect|p2a: Volcarona\n|-singleturn|p2a: Volcarona|Protect\n|move|p1b: Elle Woods|Throat Chop|p2b: Gengar\n|-supereffective|p2b: Gengar\n|-enditem|p2b: Gengar|Focus Sash\n|-damage|p2b: Gengar|1\/100\n|-start|p2b: Gengar|Throat Chop|[silent]\n|move|p2b: Gengar|Icy Wind|p1b: Elle Woods|[spread] p1a,p1b\n|-resisted|p1a: Lucretia\n|-damage|p1a: Lucretia|94\/100\n|-damage|p1b: Elle Woods|82\/100\n|-unboost|p1a: Lucretia|spe|1\n|-unboost|p1b: Elle Woods|spe|1\n|move|p1a: Lucretia|Hyper Voice|p2a: Volcarona|[spread] p2b\n|-activate|p2a: Volcarona|move: Protect\n|-damage|p2b: Gengar|0 fnt\n|-start|p1a: Lucretia|Disable|Hyper Voice|[from] ability: Cursed Body|[of] p2b: Gengar\n|faint|p2b: Gengar\n|-enditem|p1a: Lucretia|Throat Spray\n|-boost|p1a: Lucretia|spa|1|[from] item: Throat Spray\n|\n|upkeep\n|\n|t:|1728317756\n|switch|p2b: Primarina|Primarina, L50, F|100\/100\n|turn|2\n|\n|t:|1728317764\n|move|p2a: Volcarona|Heat Wave|p1b: Elle Woods|[spread] p1a,p1b\n|-resisted|p1a: Lucretia\n|-damage|p1a: Lucretia|72\/100\n|-damage|p1b: Elle Woods|18\/100\n|-damage|p2a: Volcarona|91\/100|[from] item: Life Orb\n|move|p1b: Elle Woods|Dire Claw|p2b: Primarina\n|-supereffective|p2b: Primarina\n|-damage|p2b: Primarina|4\/100\n|-status|p2b: Primarina|par\n|-enditem|p2b: Primarina|Wiki Berry|[eat]\n|-heal|p2b: Primarina|37\/100 par|[from] item: Wiki Berry\n|move|p1a: Lucretia|Haze|p1a: Lucretia\n|-clearallboost\n|move|p2b: Primarina|Hyper Voice|p1b: Elle Woods|[spread] p1a,p1b\n|-resisted|p1a: Lucretia\n|-damage|p1a: Lucretia|57\/100\n|-damage|p1b: Elle Woods|0 fnt\n|faint|p1b: Elle Woods\n|\n|upkeep\n|\n|t:|1728317768\n|switch|p1b: OngoGablogin|Espathra, L50, F, shiny|100\/100\n|turn|3\n|\n|t:|1728317790\n|switch|p2b: Bisharp|Bisharp, L50, M|100\/100\n|-terastallize|p2a: Volcarona|Ground\n|move|p2a: Volcarona|Tera Blast|p1a: Lucretia|[anim] Tera Blast Ground\n|-damage|p1a: Lucretia|11\/100\n|-damage|p2a: Volcarona|81\/100|[from] item: Life Orb\n|move|p1b: OngoGablogin|Calm Mind|p1b: OngoGablogin\n|-boost|p1b: OngoGablogin|spa|1\n|-boost|p1b: OngoGablogin|spd|1\n|move|p1a: Lucretia|Moonblast|p2b: Bisharp\n|-damage|p2b: Bisharp|50\/100\n|\n|-ability|p1b: OngoGablogin|Speed Boost|boost\n|-boost|p1b: OngoGablogin|spe|1\n|upkeep\n|turn|4\n|j| slimyswag\n|inactive|Kronicler has 30 seconds left.\n|j| KidFromOnePiece\n|inactive|Kronicler has 20 seconds left.\n|l| KidFromOnePiece\n|inactive|Kronicler has 15 seconds left.\n|j| KidFromOnePiece\n|\n|t:|1728317832\n|-terastallize|p1b: OngoGablogin|Fighting\n|move|p2a: Volcarona|Protect|p2a: Volcarona\n|-singleturn|p2a: Volcarona|Protect\n|move|p1b: OngoGablogin|Tera Blast|p2b: Bisharp|[anim] Tera Blast Fighting\n|-supereffective|p2b: Bisharp\n|-damage|p2b: Bisharp|0 fnt\n|faint|p2b: Bisharp\n|move|p1a: Lucretia|Moonblast|p2a: Volcarona\n|-activate|p2a: Volcarona|move: Protect\n|\n|-end|p1a: Lucretia|Disable\n|-ability|p1b: OngoGablogin|Speed Boost|boost\n|-boost|p1b: OngoGablogin|spe|1\n|upkeep\n|l| KidFromOnePiece\n|\n|t:|1728317841\n|switch|p2b: Primarina|Primarina, L50, F|37\/100 par\n|turn|5\n|\n|t:|1728317846\n|move|p1b: OngoGablogin|Stored Power|p2b: Primarina\n|-damage|p2b: Primarina|0 fnt\n|faint|p2b: Primarina\n|move|p2a: Volcarona|Heat Wave|p1b: OngoGablogin|[spread] p1a,p1b\n|-resisted|p1a: Lucretia\n|-damage|p1a: Lucretia|0 fnt\n|-damage|p1b: OngoGablogin|64\/100\n|faint|p1a: Lucretia\n|-damage|p2a: Volcarona|71\/100|[from] item: Life Orb\n|\n|-ability|p1b: OngoGablogin|Speed Boost|boost\n|-boost|p1b: OngoGablogin|spe|1\n|upkeep\n|-message|Kronicler forfeited.\n|\n|win|Funcrazyfish\n|raw|Funcrazyfish's rating: 1708 &rarr; <strong>1733<\/strong><br \/>(+25 for winning)\n|raw|Kronicler's rating: 1791 &rarr; <strong>1766<\/strong><br \/>(-25 for losing)\n|l|\u2606Kronicler\n|player|p2|\n|l| slimyswag\n","uploadtime":1728318077,"views":40,"formatid":"gen9vgc2024regh","rating":1733,"private":0,"password":null}