{"id":"gen9vgc2024regh-2217930110","format":"[Gen 9] VGC 2024 Reg H","players":["Kronicler","BrodaxVGC"],"log":"|j|\u2606Kronicler\n|j|\u2606BrodaxVGC\n|t:|1728322029\n|gametype|doubles\n|player|p1|Kronicler|yellow|1761\n|player|p2|BrodaxVGC|170|1725\n|teamsize|p1|6\n|teamsize|p2|6\n|gen|9\n|tier|[Gen 9] VGC 2024 Reg H\n|rated|\n|rule|Species Clause: Limit one of each Pok\u00e9mon\n|rule|Item Clause: Limit 1 of each item\n|clearpoke\n|poke|p1|Gengar, L50, F|\n|poke|p1|Volcarona, L50, M|\n|poke|p1|Rillaboom, L50, M|\n|poke|p1|Bisharp, L50, M|\n|poke|p1|Primarina, L50, F|\n|poke|p1|Gothitelle, L50, F|\n|poke|p2|Gholdengo, L50|\n|poke|p2|Incineroar, L50, F|\n|poke|p2|Rillaboom, L50, F|\n|poke|p2|Pelipper, L50, M|\n|poke|p2|Basculegion, L50, M|\n|poke|p2|Archaludon, L50, M|\n|teampreview|4\n|inactive|Battle timer is ON: inactive players will automatically lose when time's up. (requested by Kronicler)\nKronicler rejected open team sheets.\n|j| quesoblancofundido\n|inactive|BrodaxVGC has 60 seconds left.\n|\n|t:|1728322074\n|start\n|switch|p1a: Volcarona|Volcarona, L50, M|100\/100\n|switch|p1b: Gengar|Gengar, L50, F|100\/100\n|switch|p2a: Rillaboom|Rillaboom, L50, F|100\/100\n|switch|p2b: Archaludon|Archaludon, L50, M|100\/100\n|-fieldstart|move: Grassy Terrain|[from] ability: Grassy Surge|[of] p2a: Rillaboom\n|turn|1\n|j| stall consistency\n|\n|t:|1728322090\n|move|p2a: Rillaboom|Fake Out|p1a: Volcarona\n|-damage|p1a: Volcarona|71\/100\n|-damage|p2a: Rillaboom|91\/100|[from] item: Life Orb\n|move|p1b: Gengar|Acid Spray|p2a: Rillaboom\n|-supereffective|p2a: Rillaboom\n|-damage|p2a: Rillaboom|46\/100\n|-unboost|p2a: Rillaboom|spd|2\n|cant|p1a: Volcarona|flinch\n|move|p2b: Archaludon|Snarl|p1a: Volcarona|[spread] p1a,p1b\n|-supereffective|p1b: Gengar\n|-damage|p1a: Volcarona|57\/100\n|-damage|p1b: Gengar|52\/100\n|-unboost|p1a: Volcarona|spa|1\n|-unboost|p1b: Gengar|spa|1\n|-start|p2b: Archaludon|Disable|Snarl|[from] ability: Cursed Body|[of] p1b: Gengar\n|\n|-heal|p1b: Gengar|58\/100|[from] Grassy Terrain\n|-heal|p1a: Volcarona|63\/100|[from] Grassy Terrain\n|-heal|p2a: Rillaboom|52\/100|[from] Grassy Terrain\n|upkeep\n|turn|2\n|\n|t:|1728322115\n|switch|p2a: Pelipper|Pelipper, L50, M|100\/100\n|-weather|RainDance|[from] ability: Drizzle|[of] p2a: Pelipper\n|move|p1b: Gengar|Encore|p2b: Archaludon\n|-start|p2b: Archaludon|Encore\n|move|p1a: Volcarona|Heat Wave|p2b: Archaludon|[spread] p2a,p2b\n|-resisted|p2a: Pelipper\n|-crit|p2a: Pelipper\n|-damage|p2a: Pelipper|68\/100\n|-damage|p2b: Archaludon|87\/100\n|-status|p2b: Archaludon|brn\n|-ability|p2b: Archaludon|Stamina|boost\n|-boost|p2b: Archaludon|def|1\n|-damage|p1a: Volcarona|53\/100|[from] item: Life Orb\n|cant|p2b: Archaludon|Disable|Snarl\n|\n|-weather|RainDance|[upkeep]\n|-heal|p1b: Gengar|63\/100|[from] Grassy Terrain\n|-heal|p1a: Volcarona|60\/100|[from] Grassy Terrain\n|-heal|p2b: Archaludon|93\/100 brn|[from] Grassy Terrain\n|-damage|p2b: Archaludon|87\/100 brn|[from] brn\n|upkeep\n|turn|3\n|l|\u2606BrodaxVGC\n|inactive|BrodaxVGC disconnected and has a minute to reconnect!\n|player|p2|\n|inactive|Kronicler has 30 seconds left.\n|inactive|BrodaxVGC has 30 seconds left.\n|j|\u2606BrodaxVGC\n|inactive|BrodaxVGC reconnected and has 30 seconds left.\n|player|p2|BrodaxVGC|170|\n|inactive|BrodaxVGC has 20 seconds left.\n|inactive|BrodaxVGC has 15 seconds left.\n|\n|t:|1728322155\n|switch|p2b: Basculegion|Basculegion, L50, M|100\/100\n|move|p1b: Gengar|Acid Spray|p2a: Pelipper\n|-damage|p2a: Pelipper|42\/100\n|-unboost|p2a: Pelipper|spd|2\n|move|p1a: Volcarona|Tera Blast|p2a: Pelipper\n|-damage|p2a: Pelipper|0 fnt\n|faint|p2a: Pelipper\n|-damage|p1a: Volcarona|50\/100|[from] item: Life Orb\n|\n|-weather|RainDance|[upkeep]\n|-heal|p1b: Gengar|69\/100|[from] Grassy Terrain\n|-heal|p1a: Volcarona|56\/100|[from] Grassy Terrain\n|upkeep\n|\n|t:|1728322166\n|switch|p2a: Archaludon|Archaludon, L50, M|87\/100 brn\n|turn|4\n|j| Peroquecuones\n|\n|t:|1728322191\n|switch|p1b: Bisharp|Bisharp, L50, M|100\/100\n|switch|p1a: Primarina|Primarina, L50, F|100\/100\n|-terastallize|p2b: Basculegion|Water\n|move|p2b: Basculegion|Wave Crash|p1a: Primarina\n|-resisted|p1a: Primarina\n|-damage|p1a: Primarina|0 fnt\n|faint|p1a: Primarina\n|-damage|p2b: Basculegion|69\/100|[from] Recoil\n|move|p2a: Archaludon|Electro Shot||[still]\n|-prepare|p2a: Archaludon|Electro Shot\n|-boost|p2a: Archaludon|spa|1\n|-anim|p2a: Archaludon|Electro Shot|p1b: Bisharp\n|-damage|p1b: Bisharp|33\/100\n|\n|-weather|RainDance|[upkeep]\n|-heal|p2b: Basculegion|75\/100|[from] Grassy Terrain\n|-heal|p1b: Bisharp|39\/100|[from] Grassy Terrain\n|-heal|p2a: Archaludon|93\/100 brn|[from] Grassy Terrain\n|-damage|p2a: Archaludon|87\/100 brn|[from] brn\n|upkeep\n|\n|t:|1728322205\n|switch|p1a: Volcarona|Volcarona, L50, M|56\/100\n|turn|5\n|\n|t:|1728322219\n|move|p1a: Volcarona|Protect|p1a: Volcarona\n|-singleturn|p1a: Volcarona|Protect\n|move|p1b: Bisharp|Protect|p1b: Bisharp\n|-singleturn|p1b: Bisharp|Protect\n|move|p2b: Basculegion|Wave Crash|p1a: Volcarona\n|-activate|p1a: Volcarona|move: Protect\n|move|p2a: Archaludon|Electro Shot||[still]\n|-prepare|p2a: Archaludon|Electro Shot\n|-boost|p2a: Archaludon|spa|1\n|-anim|p2a: Archaludon|Electro Shot|p1b: Bisharp\n|-activate|p1b: Bisharp|move: Protect\n|\n|-weather|RainDance|[upkeep]\n|-heal|p2b: Basculegion|81\/100|[from] Grassy Terrain\n|-heal|p1a: Volcarona|62\/100|[from] Grassy Terrain\n|-heal|p1b: Bisharp|45\/100|[from] Grassy Terrain\n|-heal|p2a: Archaludon|93\/100 brn|[from] Grassy Terrain\n|-damage|p2a: Archaludon|87\/100 brn|[from] brn\n|-fieldend|move: Grassy Terrain\n|upkeep\n|turn|6\n|j| MikeFlem12326171\n|inactive|Kronicler has 30 seconds left.\n|inactive|Kronicler has 20 seconds left.\n|inactive|Kronicler has 15 seconds left.\n|\n|t:|1728322264\n|-terastallize|p1b: Bisharp|Dark\n|move|p1b: Bisharp|Sucker Punch|p2b: Basculegion\n|-damage|p2b: Basculegion|9\/100\n|move|p2b: Basculegion|Wave Crash|p1a: Volcarona\n|-supereffective|p1a: Volcarona\n|-damage|p1a: Volcarona|0 fnt\n|faint|p1a: Volcarona\n|-damage|p2b: Basculegion|0 fnt|[from] Recoil\n|faint|p2b: Basculegion\n|move|p2a: Archaludon|Electro Shot||[still]\n|-prepare|p2a: Archaludon|Electro Shot\n|-boost|p2a: Archaludon|spa|1\n|-anim|p2a: Archaludon|Electro Shot|p1b: Bisharp\n|-damage|p1b: Bisharp|0 fnt\n|faint|p1b: Bisharp\n|\n|-weather|none\n|-damage|p2a: Archaludon|82\/100 brn|[from] brn\n|upkeep\n|-message|Kronicler forfeited.\n|\n|win|BrodaxVGC\n|raw|Kronicler's rating: 1761 &rarr; <strong>1739<\/strong><br \/>(-22 for losing)\n|raw|BrodaxVGC's rating: 1725 &rarr; <strong>1747<\/strong><br \/>(+22 for winning)\n|l|\u2606Kronicler\n|player|p1|\n|l| quesoblancofundido\n|l|\u2606BrodaxVGC\n|player|p2|\n|j|\u2606Kronicler\n|player|p1|Kronicler|yellow|\n|l|\u2606Kronicler\n|player|p1|\n|l| Peroquecuones\n","uploadtime":1728322488,"views":29,"formatid":"gen9vgc2024regh","rating":1739,"private":0,"password":null}