{"id":"gen9vgc2024regh-2217145406","format":"[Gen 9] VGC 2024 Reg H","players":["very demure","PYS_Max"],"log":"|j|\u2606very demure\n|j|\u2606PYS_Max\n|t:|1728227824\n|gametype|doubles\n|player|p1|very demure|roxanne-masters|1671\n|player|p2|PYS_Max|linebacker|1697\n|teamsize|p1|6\n|teamsize|p2|6\n|gen|9\n|tier|[Gen 9] VGC 2024 Reg H\n|rated|\n|rule|Species Clause: Limit one of each Pok\u00e9mon\n|rule|Item Clause: Limit 1 of each item\n|clearpoke\n|poke|p1|Garchomp, L50, F|\n|poke|p1|Archaludon, L50, F|\n|poke|p1|Maushold, L50|\n|poke|p1|Dragonite, L50, M|\n|poke|p1|Gholdengo, L50|\n|poke|p1|Ninetales-Alola, L50, F|\n|poke|p2|Exeggutor, L50, F|\n|poke|p2|Indeedee-F, L50, F|\n|poke|p2|Torkoal, L50, F|\n|poke|p2|Hydreigon, L50, M|\n|poke|p2|Flamigo, L50, F|\n|poke|p2|Archaludon, L50, F|\n|teampreview|4\n|j| TrubbishTyler\n|j| trfgtred\n|\n|t:|1728227883\n|start\n|switch|p1a: Archaludon|Archaludon, L50, F|100\/100\n|switch|p1b: Garchomp|Garchomp, L50, F|100\/100\n|switch|p2a: Indeedee|Indeedee-F, L50, F|100\/100\n|switch|p2b: Exeggutor|Exeggutor, L50, F|100\/100\n|-fieldstart|move: Psychic Terrain|[from] ability: Psychic Surge|[of] p2a: Indeedee\n|-enditem|p2a: Indeedee|Psychic Seed\n|-boost|p2a: Indeedee|spd|1|[from] item: Psychic Seed\n|turn|1\n|j| RiotJuice\n|\n|t:|1728227951\n|switch|p2a: Torkoal|Torkoal, L50, F|100\/100\n|-weather|SunnyDay|[from] ability: Drought|[of] p2a: Torkoal\n|-terastallize|p1a: Archaludon|Flying\n|-terastallize|p2b: Exeggutor|Psychic\n|move|p2b: Exeggutor|Expanding Force|p1b: Garchomp|[spread] p1a,p1b\n|-damage|p1a: Archaludon|11\/100\n|-damage|p1b: Garchomp|0 fnt\n|-ability|p1a: Archaludon|Stamina|boost\n|-boost|p1a: Archaludon|def|1\n|faint|p1b: Garchomp\n|-damage|p2b: Exeggutor|91\/100|[from] item: Life Orb\n|move|p1a: Archaludon|Snarl|p2a: Torkoal|[spread] p2a,p2b\n|-supereffective|p2b: Exeggutor\n|-damage|p2a: Torkoal|84\/100\n|-damage|p2b: Exeggutor|57\/100\n|-unboost|p2a: Torkoal|spa|1\n|-unboost|p2b: Exeggutor|spa|1\n|\n|-weather|SunnyDay|[upkeep]\n|upkeep\n|\n|t:|1728227971\n|switch|p1b: Ninetales|Ninetales-Alola, L50, F|100\/100\n|-weather|Snow|[from] ability: Snow Warning|[of] p1b: Ninetales\n|turn|2\n|\n|t:|1728228005\n|switch|p2b: Indeedee|Indeedee-F, L50, F|100\/100\n|move|p1b: Ninetales|Blizzard|p2a: Torkoal|[spread] p2a,p2b\n|-resisted|p2a: Torkoal\n|-damage|p2a: Torkoal|64\/100\n|-damage|p2b: Indeedee|73\/100\n|-status|p2b: Indeedee|frz\n|move|p1a: Archaludon|Dragon Pulse|p2a: Torkoal\n|-damage|p2a: Torkoal|11\/100\n|move|p2a: Torkoal|Heat Wave|p1a: Archaludon|[spread] p1a,p1b\n|-supereffective|p1b: Ninetales\n|-damage|p1a: Archaludon|0 fnt\n|-damage|p1b: Ninetales|47\/100\n|-status|p1b: Ninetales|brn\n|faint|p1a: Archaludon\n|\n|-weather|Snow|[upkeep]\n|-damage|p1b: Ninetales|41\/100 brn|[from] brn\n|upkeep\n|\n|t:|1728228015\n|switch|p1a: Dragonite|Dragonite, L50, M|100\/100\n|turn|3\n|\n|t:|1728228037\n|switch|p2a: Hydreigon|Hydreigon, L50, M|100\/100\n|move|p1b: Ninetales|Blizzard|p2b: Indeedee|[spread] p2a,p2b\n|-supereffective|p2a: Hydreigon\n|-damage|p2a: Hydreigon|25\/100\n|-damage|p2b: Indeedee|48\/100 frz\n|move|p1a: Dragonite|Low Kick|p2a: Hydreigon\n|-supereffective|p2a: Hydreigon\n|-damage|p2a: Hydreigon|0 fnt\n|faint|p2a: Hydreigon\n|cant|p2b: Indeedee|frz\n|\n|-weather|Snow|[upkeep]\n|-damage|p1b: Ninetales|35\/100 brn|[from] brn\n|upkeep\n|\n|t:|1728228049\n|switch|p2a: Exeggutor|Exeggutor, L50, F, tera:Psychic|57\/100\n|turn|4\n|\n|t:|1728228070\n|switch|p2b: Torkoal|Torkoal, L50, F|11\/100\n|-weather|SunnyDay|[from] ability: Drought|[of] p2b: Torkoal\n|move|p1b: Ninetales|Protect|p1b: Ninetales\n|-singleturn|p1b: Ninetales|Protect\n|move|p2a: Exeggutor|Expanding Force|p1a: Dragonite|[spread] p1a\n|-activate|p1b: Ninetales|move: Protect\n|-damage|p1a: Dragonite|42\/100\n|-damage|p2a: Exeggutor|47\/100|[from] item: Life Orb\n|move|p1a: Dragonite|Tailwind|p1a: Dragonite\n|-sidestart|p1: very demure|move: Tailwind\n|\n|-weather|SunnyDay|[upkeep]\n|-damage|p1b: Ninetales|29\/100 brn|[from] brn\n|upkeep\n|turn|5\n|l| trfgtred\n|\n|t:|1728228101\n|move|p1b: Ninetales|Blizzard|p2a: Exeggutor|[spread] p2a,p2b\n|-resisted|p2b: Torkoal\n|-damage|p2a: Exeggutor|6\/100\n|-damage|p2b: Torkoal|0 fnt\n|faint|p2b: Torkoal\n|move|p1a: Dragonite|Tera Blast|p2a: Exeggutor\n|-damage|p2a: Exeggutor|0 fnt\n|faint|p2a: Exeggutor\n|\n|-weather|SunnyDay|[upkeep]\n|-damage|p1b: Ninetales|23\/100 brn|[from] brn\n|-fieldend|move: Psychic Terrain\n|upkeep\n|\n|t:|1728228109\n|switch|p2b: Indeedee|Indeedee-F, L50, F|48\/100 frz\n|-fieldstart|move: Psychic Terrain|[from] ability: Psychic Surge|[of] p2b: Indeedee\n|turn|6\n|\n|t:|1728228118\n|move|p1b: Ninetales|Freeze-Dry|p2b: Indeedee\n|-damage|p2b: Indeedee|27\/100 frz\n|move|p1a: Dragonite|Low Kick|p2b: Indeedee\n|-damage|p2b: Indeedee|3\/100 frz\n|-curestatus|p2b: Indeedee|frz|[msg]\n|move|p2b: Indeedee|Psychic|p1a: Dragonite\n|-damage|p1a: Dragonite|3\/100\n|\n|-weather|SunnyDay|[upkeep]\n|-damage|p1b: Ninetales|17\/100 brn|[from] brn\n|upkeep\n|turn|7\n|\n|t:|1728228131\n|move|p1b: Ninetales|Freeze-Dry|p2b: Indeedee\n|-damage|p2b: Indeedee|0 fnt\n|faint|p2b: Indeedee\n|\n|win|very demure\n|raw|very demure's rating: 1691 &rarr; <strong>1711<\/strong><br \/>(+20 for winning)\n|raw|PYS_Max's rating: 1697 &rarr; <strong>1677<\/strong><br \/>(-20 for losing)\n|l| RiotJuice\n|l|\u2606very demure\n|player|p1|\n|l| TrubbishTyler\n","uploadtime":1728228368,"views":23,"formatid":"gen9vgc2024regh","rating":1677,"private":0,"password":null}