{"id":"gen9vgc2024regh-2217755428","format":"[Gen 9] VGC 2024 Reg H","players":["roykeenkennedy","Kronicler"],"log":"|j|\u2606roykeenkennedy\n|j|\u2606Kronicler\n|t:|1728306146\n|gametype|doubles\n|player|p1|roykeenkennedy|alder|1652\n|player|p2|Kronicler|yellow|1777\n|teamsize|p1|6\n|teamsize|p2|6\n|gen|9\n|tier|[Gen 9] VGC 2024 Reg H\n|rated|\n|rule|Species Clause: Limit one of each Pok\u00e9mon\n|rule|Item Clause: Limit 1 of each item\n|clearpoke\n|poke|p1|Salamence, L50, M|\n|poke|p1|Incineroar, L50, F|\n|poke|p1|Weezing, L50, M|\n|poke|p1|Dragapult, L50, F|\n|poke|p1|Ursaluna-Bloodmoon, L50, M|\n|poke|p1|Volcarona, L50, F|\n|poke|p2|Gengar, L50, F|\n|poke|p2|Volcarona, L50, M|\n|poke|p2|Rillaboom, L50, F|\n|poke|p2|Bisharp, L50, M|\n|poke|p2|Primarina, L50, M|\n|poke|p2|Gothitelle, L50, M|\n|teampreview|4\n|inactive|Battle timer is ON: inactive players will automatically lose when time's up. (requested by Kronicler)\nKronicler rejected open team sheets.\n|inactive|Kronicler has 60 seconds left.\n|\n|t:|1728306203\n|start\n|switch|p1a: Weezing|Weezing, L50, M|100\/100\n|switch|p1b: Dragapult|Dragapult, L50, F|100\/100\n|switch|p2a: Bisharp|Bisharp, L50, M|100\/100\n|switch|p2b: Volcarona|Volcarona, L50, M|100\/100\n|-ability|p1a: Weezing|Neutralizing Gas\n|turn|1\n|\n|t:|1728306218\n|switch|p1b: Incineroar|Incineroar, L50, F|100\/100\n|-ability|p1b: Incineroar|Intimidate|boost\n|-unboost|p2a: Bisharp|atk|1\n|-unboost|p2b: Volcarona|atk|1\n|-terastallize|p2b: Volcarona|Ground\n|move|p2a: Bisharp|Sucker Punch||[still]\n|-fail|p2a: Bisharp\n|move|p2b: Volcarona|Tera Blast|p1a: Weezing|[anim] Tera Blast Ground\n|-supereffective|p1a: Weezing\n|-damage|p1a: Weezing|0 fnt\n|faint|p1a: Weezing\n|-end|p1a: Weezing|ability: Neutralizing Gas\n|-damage|p2b: Volcarona|91\/100|[from] item: Life Orb\n|\n|upkeep\n|\n|t:|1728306233\n|switch|p1a: Dragapult|Dragapult, L50, F|100\/100\n|turn|2\n|\n|t:|1728306241\n|switch|p2a: Primarina|Primarina, L50, M|100\/100\n|-terastallize|p1a: Dragapult|Ghost\n|move|p2b: Volcarona|Protect|p2b: Volcarona\n|-singleturn|p2b: Volcarona|Protect\n|move|p1b: Incineroar|Fake Out|p2a: Primarina\n|-damage|p2a: Primarina|87\/100\n|move|p1a: Dragapult|Tera Blast|p2b: Volcarona|[anim] Tera Blast Ghost\n|-activate|p2b: Volcarona|move: Protect\n|\n|upkeep\n|turn|3\n|inactive|Kronicler has 30 seconds left.\n|\n|t:|1728306274\n|switch|p2b: Gengar|Gengar, L50, F|100\/100\n|move|p1a: Dragapult|Tera Blast|p2b: Gengar|[anim] Tera Blast Ghost\n|-supereffective|p2b: Gengar\n|-enditem|p2b: Gengar|Focus Sash\n|-damage|p2b: Gengar|1\/100\n|move|p1b: Incineroar|Parting Shot|p2a: Primarina\n|-unboost|p2a: Primarina|atk|1\n|-unboost|p2a: Primarina|spa|1\n|\n|t:|1728306284\n|switch|p1b: Ursaluna|Ursaluna-Bloodmoon, L50, M|100\/100|[from] Parting Shot\n|move|p2a: Primarina|Hyper Voice|p1a: Dragapult|[spread] p1a,p1b\n|-supereffective|p1b: Ursaluna\n|-damage|p1a: Dragapult|69\/100\n|-damage|p1b: Ursaluna|58\/100\n|\n|upkeep\n|turn|4\n|\n|t:|1728306301\n|move|p1b: Ursaluna|Vacuum Wave|p2b: Gengar\n|-resisted|p2b: Gengar\n|-damage|p2b: Gengar|0 fnt\n|-start|p1b: Ursaluna|Disable|Vacuum Wave|[from] ability: Cursed Body|[of] p2b: Gengar\n|faint|p2b: Gengar\n|move|p1a: Dragapult|Tera Blast|p2a: Primarina|[anim] Tera Blast Ghost\n|-damage|p2a: Primarina|0 fnt\n|faint|p2a: Primarina\n|\n|upkeep\n|\n|t:|1728306304\n|switch|p2b: Bisharp|Bisharp, L50, M|100\/100\n|switch|p2a: Volcarona|Volcarona, L50, M, tera:Ground|91\/100\n|turn|5\n|\n|t:|1728306322\n|switch|p1a: Incineroar|Incineroar, L50, F|100\/100\n|-ability|p1a: Incineroar|Intimidate|boost\n|-unboost|p2a: Volcarona|atk|1\n|-unboost|p2b: Bisharp|atk|1\n|-ability|p2b: Bisharp|Defiant|boost\n|-boost|p2b: Bisharp|atk|2\n|move|p2b: Bisharp|Sucker Punch||[still]\n|-fail|p2b: Bisharp\n|move|p2a: Volcarona|Tera Blast|p1b: Ursaluna|[anim] Tera Blast Ground\n|-damage|p1b: Ursaluna|17\/100\n|-damage|p2a: Volcarona|81\/100|[from] item: Life Orb\n|move|p1b: Ursaluna|Earth Power|p2b: Bisharp\n|-supereffective|p2b: Bisharp\n|-damage|p2b: Bisharp|0 fnt\n|faint|p2b: Bisharp\n|\n|upkeep\n|turn|6\n|-message|Kronicler forfeited.\n|\n|win|roykeenkennedy\n|raw|roykeenkennedy's rating: 1652 &rarr; <strong>1679<\/strong><br \/>(+27 for winning)\n|raw|Kronicler's rating: 1777 &rarr; <strong>1750<\/strong><br \/>(-27 for losing)\n|l|\u2606Kronicler\n|player|p2|\n|l|\u2606roykeenkennedy\n|player|p1|\n","uploadtime":1728306536,"views":18,"formatid":"gen9vgc2024regh","rating":1679,"private":0,"password":null}