{"id":"gen9vgc2024regh-2217442163","format":"[Gen 9] VGC 2024 Reg H","players":["virticul","badayagetchi"],"log":"|j|\u2606virticul\n|j|\u2606badayagetchi\n|t:|1728260433\n|gametype|doubles\n|player|p1|virticul|gambler|1720\n|player|p2|badayagetchi|skyla|1822\n|teamsize|p1|6\n|teamsize|p2|6\n|gen|9\n|tier|[Gen 9] VGC 2024 Reg H\n|rated|\n|rule|Species Clause: Limit one of each Pok\u00e9mon\n|rule|Item Clause: Limit 1 of each item\n|clearpoke\n|poke|p1|Electrode-Hisui, L50|\n|poke|p1|Annihilape, L50, F|\n|poke|p1|Dondozo, L50, F|\n|poke|p1|Tatsugiri, L50, M|\n|poke|p1|Kingambit, L50, M|\n|poke|p1|Farigiraf, L50, F|\n|poke|p2|Arcanine-Hisui, L50, M|\n|poke|p2|Pelipper, L50, M|\n|poke|p2|Umbreon, L50, M|\n|poke|p2|Ursaluna-Bloodmoon, L50, M|\n|poke|p2|Clefable, L50, F|\n|poke|p2|Archaludon, L50, M|\n|teampreview|4\n|inactive|Battle timer is ON: inactive players will automatically lose when time's up. (requested by badayagetchi)\n|inactive|virticul also wants the timer to be on.\n|inactive|badayagetchi has 60 seconds left.\n|\n|t:|1728260464\n|start\n|switch|p1a: Electrode|Electrode-Hisui, L50|100\/100\n|switch|p1b: Annihilape|Annihilape, L50, F|100\/100\n|switch|p2a: Ursaluna|Ursaluna-Bloodmoon, L50, M|100\/100\n|switch|p2b: Clefable|Clefable, L50, F|100\/100\n|turn|1\n|\n|t:|1728260481\n|-terastallize|p2b: Clefable|Ghost\n|move|p2b: Clefable|Follow Me|p2b: Clefable\n|-singleturn|p2b: Clefable|move: Follow Me\n|move|p1a: Electrode|Taunt|p2b: Clefable\n|-start|p2b: Clefable|move: Taunt\n|move|p1b: Annihilape|U-turn|p2b: Clefable\n|-resisted|p2b: Clefable\n|-damage|p2b: Clefable|91\/100\n|\n|t:|1728260488\n|switch|p1b: Farigiraf|Farigiraf, L50, F|100\/100|[from] U-turn\n|move|p2a: Ursaluna|Blood Moon|p1b: Farigiraf\n|-damage|p1b: Farigiraf|31\/100\n|\n|upkeep\n|turn|2\n|\n|t:|1728260506\n|move|p1a: Electrode|Leaf Storm|p2a: Ursaluna\n|-supereffective|p2a: Ursaluna\n|-damage|p2a: Ursaluna|41\/100\n|-unboost|p1a: Electrode|spa|2\n|move|p1b: Farigiraf|Hyper Voice|p2b: Clefable|[spread] p2a\n|-immune|p2b: Clefable\n|-damage|p2a: Ursaluna|23\/100\n|-enditem|p1b: Farigiraf|Throat Spray\n|-boost|p1b: Farigiraf|spa|1|[from] item: Throat Spray\n|move|p2b: Clefable|Moonblast|p1b: Farigiraf\n|-damage|p1b: Farigiraf|2\/100\n|-unboost|p1b: Farigiraf|spa|1\n|move|p2a: Ursaluna|Hyper Voice|p1a: Electrode|[spread] p1b\n|-immune|p1a: Electrode|[from] ability: Soundproof\n|-damage|p1b: Farigiraf|0 fnt\n|faint|p1b: Farigiraf\n|\n|upkeep\n|\n|t:|1728260514\n|switch|p1b: Annihilape|Annihilape, L50, F|100\/100\n|turn|3\n|\n|t:|1728260530\n|-terastallize|p1b: Annihilape|Poison\n|move|p1a: Electrode|Bullet Seed|p2a: Ursaluna\n|-supereffective|p2a: Ursaluna\n|-damage|p2a: Ursaluna|17\/100\n|-supereffective|p2a: Ursaluna\n|-crit|p2a: Ursaluna\n|-damage|p2a: Ursaluna|5\/100\n|-supereffective|p2a: Ursaluna\n|-damage|p2a: Ursaluna|0 fnt\n|faint|p2a: Ursaluna\n|-hitcount|p2: Ursaluna|3\n|move|p1b: Annihilape|Rage Fist|p2b: Clefable\n|-supereffective|p2b: Clefable\n|-damage|p2b: Clefable|51\/100\n|move|p2b: Clefable|Moonblast|p1b: Annihilape\n|-resisted|p1b: Annihilape\n|-damage|p1b: Annihilape|84\/100\n|\n|upkeep\n|\n|t:|1728260540\n|switch|p2a: Archaludon|Archaludon, L50, M|100\/100\n|turn|4\n|\n|t:|1728260548\n|move|p1a: Electrode|Bullet Seed|p1b: Annihilape\n|-resisted|p1b: Annihilape\n|-damage|p1b: Annihilape|82\/100\n|-resisted|p1b: Annihilape\n|-damage|p1b: Annihilape|80\/100\n|-resisted|p1b: Annihilape\n|-damage|p1b: Annihilape|77\/100\n|-resisted|p1b: Annihilape\n|-damage|p1b: Annihilape|74\/100\n|-resisted|p1b: Annihilape\n|-damage|p1b: Annihilape|71\/100\n|-hitcount|p1b: Annihilape|5\n|move|p1b: Annihilape|Rage Fist|p2a: Archaludon\n|-ability|p2a: Archaludon|Sturdy\n|-damage|p2a: Archaludon|1\/100\n|move|p2a: Archaludon|Electro Shot||[still]\n|-prepare|p2a: Archaludon|Electro Shot\n|-boost|p2a: Archaludon|spa|1\n|-enditem|p2a: Archaludon|Power Herb\n|-anim|p2a: Archaludon|Electro Shot|p1b: Annihilape\n|-damage|p1b: Annihilape|0 fnt\n|faint|p1b: Annihilape\n|move|p2b: Clefable|Moonblast|p1a: Electrode\n|-damage|p1a: Electrode|48\/100\n|-unboost|p1a: Electrode|spa|1\n|\n|-end|p2b: Clefable|move: Taunt\n|upkeep\n|\n|t:|1728260565\n|switch|p1b: Kingambit|Kingambit, L50, M|100\/100\n|turn|5\n|\n|t:|1728260579\n|move|p2b: Clefable|Follow Me|p2b: Clefable\n|-singleturn|p2b: Clefable|move: Follow Me\n|move|p1a: Electrode|Bullet Seed|p2b: Clefable\n|-damage|p2b: Clefable|47\/100\n|-damage|p2b: Clefable|43\/100\n|-damage|p2b: Clefable|38\/100\n|-damage|p2b: Clefable|34\/100\n|-hitcount|p2b: Clefable|4\n|move|p2a: Archaludon|Flash Cannon|p1a: Electrode\n|-resisted|p1a: Electrode\n|-damage|p1a: Electrode|1\/100\n|move|p1b: Kingambit|Kowtow Cleave|p2b: Clefable\n|-supereffective|p2b: Clefable\n|-damage|p2b: Clefable|0 fnt\n|faint|p2b: Clefable\n|\n|upkeep\n|\n|t:|1728260588\n|switch|p2b: Pelipper|Pelipper, L50, M|100\/100\n|-weather|RainDance|[from] ability: Drizzle|[of] p2b: Pelipper\n|turn|6\n|\n|t:|1728260596\n|move|p2a: Archaludon|Protect|p2a: Archaludon\n|-singleturn|p2a: Archaludon|Protect\n|move|p1b: Kingambit|Sucker Punch||[still]\n|-fail|p1b: Kingambit\n|move|p1a: Electrode|Thunderbolt|p2b: Pelipper\n|-supereffective|p2b: Pelipper\n|-damage|p2b: Pelipper|0 fnt\n|faint|p2b: Pelipper\n|\n|-weather|RainDance|[upkeep]\n|upkeep\n|turn|7\n|-message|badayagetchi forfeited.\n|\n|win|virticul\n|raw|virticul's rating: 1720 &rarr; <strong>1746<\/strong><br \/>(+26 for winning)\n|raw|badayagetchi's rating: 1822 &rarr; <strong>1796<\/strong><br \/>(-26 for losing)\n|l|\u2606badayagetchi\n|player|p2|\n|c|\u2606virticul|gg\n|l|\u2606virticul\n|player|p1|\n","uploadtime":1728260777,"views":49,"formatid":"gen9vgc2024regh","rating":1746,"private":0,"password":null}