{"id":"gen9vgc2024regh-2217067322","format":"[Gen 9] VGC 2024 Reg H","players":["tyuiop112","something123"],"log":"|j|\u2606tyuiop112\n|j|\u2606something123\n|t:|1728217772\n|gametype|doubles\n|player|p1|tyuiop112|linebacker|1805\n|player|p2|something123|101|1830\n|teamsize|p1|6\n|teamsize|p2|6\n|gen|9\n|tier|[Gen 9] VGC 2024 Reg H\n|rated|\n|rule|Species Clause: Limit one of each Pok\u00e9mon\n|rule|Item Clause: Limit 1 of each item\n|clearpoke\n|poke|p1|Sneasler, L50, F|\n|poke|p1|Archaludon, L50, F|\n|poke|p1|Dragonite, L50, M|\n|poke|p1|Rillaboom, L50, F|\n|poke|p1|Ursaluna-Bloodmoon, L50, M|\n|poke|p1|Gholdengo, L50|\n|poke|p2|Kingambit, L50, F|\n|poke|p2|Sneasler, L50, M|\n|poke|p2|Rillaboom, L50, F|\n|poke|p2|Primarina, L50, M|\n|poke|p2|Electabuzz, L50, M|\n|poke|p2|Ninetales-Alola, L50, F|\n|teampreview|4\n|inactive|Battle timer is ON: inactive players will automatically lose when time's up. (requested by something123)\n|\n|t:|1728217838\n|start\n|switch|p1a: Sneasler|Sneasler, L50, F|100\/100\n|switch|p1b: Rillaboom|Rillaboom, L50, F|100\/100\n|switch|p2a: Rillaboom|Rillaboom, L50, F|100\/100\n|switch|p2b: Kingambit|Kingambit, L50, F|100\/100\n|-fieldstart|move: Grassy Terrain|[from] ability: Grassy Surge|[of] p1b: Rillaboom\n|turn|1\n|inactive|something123 has 30 seconds left.\n|inactive|something123 has 20 seconds left.\n|\n|t:|1728217874\n|switch|p2b: Sneasler|Sneasler, L50, M|100\/100\n|-enditem|p2b: Sneasler|Grassy Seed\n|-boost|p2b: Sneasler|def|1|[from] item: Grassy Seed\n|move|p2a: Rillaboom|Fake Out|p1a: Sneasler\n|-damage|p1a: Sneasler|77\/100\n|cant|p1a: Sneasler|flinch\n|move|p1b: Rillaboom|U-turn|p2a: Rillaboom\n|-supereffective|p2a: Rillaboom\n|-damage|p2a: Rillaboom|54\/100\n|j| BlazerLizerIOS\n|\n|t:|1728217894\n|switch|p1b: Gholdengo|Gholdengo, L50|100\/100|[from] U-turn\n|\n|-heal|p1a: Sneasler|82\/100|[from] Grassy Terrain\n|-heal|p2a: Rillaboom|60\/100|[from] Grassy Terrain\n|upkeep\n|turn|2\n|\n|t:|1728217914\n|-terastallize|p1b: Gholdengo|Steel\n|-terastallize|p2a: Rillaboom|Fire\n|move|p2b: Sneasler|Protect|p2b: Sneasler\n|-singleturn|p2b: Sneasler|Protect\n|move|p1a: Sneasler|Protect|p1a: Sneasler\n|-singleturn|p1a: Sneasler|Protect\n|move|p1b: Gholdengo|Make It Rain|p2b: Sneasler|[spread] p2a\n|-activate|p2b: Sneasler|move: Protect\n|-resisted|p2a: Rillaboom\n|-damage|p2a: Rillaboom|37\/100\n|-unboost|p1b: Gholdengo|spa|1\n|move|p2a: Rillaboom|Knock Off|p1b: Gholdengo\n|-damage|p1b: Gholdengo|67\/100\n|-enditem|p1b: Gholdengo|Choice Scarf|[from] move: Knock Off|[of] p2a: Rillaboom\n|\n|-heal|p1a: Sneasler|88\/100|[from] Grassy Terrain\n|-heal|p1b: Gholdengo|73\/100|[from] Grassy Terrain\n|-heal|p2a: Rillaboom|42\/100|[from] Grassy Terrain\n|upkeep\n|turn|3\n|j| Ultramanball1\n|inactive|tyuiop112 has 30 seconds left.\n|inactive|something123 has 30 seconds left.\n|inactive|tyuiop112 has 20 seconds left.\n|\n|t:|1728217952\n|switch|p1a: Ursaluna|Ursaluna-Bloodmoon, L50, M|100\/100\n|switch|p2a: Kingambit|Kingambit, L50, F|100\/100\n|move|p2b: Sneasler|Acrobatics|p1a: Ursaluna\n|-damage|p1a: Ursaluna|68\/100\n|move|p1b: Gholdengo|Shadow Ball|p2a: Kingambit\n|-resisted|p2a: Kingambit\n|-damage|p2a: Kingambit|86\/100\n|\n|-heal|p1b: Gholdengo|79\/100|[from] Grassy Terrain\n|-heal|p1a: Ursaluna|74\/100|[from] Grassy Terrain\n|-heal|p2a: Kingambit|92\/100|[from] Grassy Terrain\n|upkeep\n|turn|4\n|l| BlazerLizerIOS\n|inactive|tyuiop112 has 30 seconds left.\n|inactive|something123 has 30 seconds left.\n|\n|t:|1728217982\n|move|p1a: Ursaluna|Protect|p1a: Ursaluna\n|-singleturn|p1a: Ursaluna|Protect\n|move|p2b: Sneasler|Close Combat|p1a: Ursaluna\n|-activate|p1a: Ursaluna|move: Protect\n|move|p1b: Gholdengo|Make It Rain|p2a: Kingambit|[spread] p2a,p2b\n|-resisted|p2a: Kingambit\n|-damage|p2a: Kingambit|68\/100\n|-damage|p2b: Sneasler|40\/100\n|-unboost|p1b: Gholdengo|spa|1\n|move|p2a: Kingambit|Iron Head|p1b: Gholdengo\n|-resisted|p1b: Gholdengo\n|-damage|p1b: Gholdengo|52\/100\n|\n|-heal|p2b: Sneasler|46\/100|[from] Grassy Terrain\n|-heal|p1b: Gholdengo|58\/100|[from] Grassy Terrain\n|-heal|p1a: Ursaluna|80\/100|[from] Grassy Terrain\n|-heal|p2a: Kingambit|73\/100|[from] Grassy Terrain\n|upkeep\n|turn|5\n|j| lunartemis\n|inactive|tyuiop112 has 30 seconds left.\n|inactive|something123 has 30 seconds left.\n|\n|t:|1728218015\n|switch|p1a: Rillaboom|Rillaboom, L50, F|100\/100\n|move|p2b: Sneasler|Close Combat|p1a: Rillaboom\n|-damage|p1a: Rillaboom|31\/100\n|-unboost|p2b: Sneasler|def|1\n|-unboost|p2b: Sneasler|spd|1\n|move|p1b: Gholdengo|Make It Rain|p2b: Sneasler|[spread] p2a,p2b\n|-resisted|p2a: Kingambit\n|-damage|p2a: Kingambit|57\/100\n|-damage|p2b: Sneasler|0 fnt\n|-unboost|p1b: Gholdengo|spa|1\n|faint|p2b: Sneasler\n|move|p2a: Kingambit|Kowtow Cleave|p1b: Gholdengo\n|-crit|p1b: Gholdengo\n|-damage|p1b: Gholdengo|0 fnt\n|faint|p1b: Gholdengo\n|\n|-heal|p1a: Rillaboom|37\/100|[from] Grassy Terrain\n|-heal|p2a: Kingambit|63\/100|[from] Grassy Terrain\n|-fieldend|move: Grassy Terrain\n|upkeep\n|l| lunartemis\n|inactive|tyuiop112 has 30 seconds left.\n|\n|t:|1728218041\n|switch|p2b: Rillaboom|Rillaboom, L50, F, tera:Fire|42\/100\n|switch|p1b: Sneasler|Sneasler, L50, F|88\/100\n|-fieldstart|move: Grassy Terrain|[from] ability: Grassy Surge|[of] p2b: Rillaboom\n|turn|6\n|\n|t:|1728218059\n|move|p1a: Rillaboom|Fake Out|p2b: Rillaboom\n|-damage|p2b: Rillaboom|29\/100\n|cant|p2b: Rillaboom|flinch\n|move|p1b: Sneasler|Close Combat|p2a: Kingambit\n|-supereffective|p2a: Kingambit\n|-damage|p2a: Kingambit|0 fnt\n|-unboost|p1b: Sneasler|def|1\n|-unboost|p1b: Sneasler|spd|1\n|faint|p2a: Kingambit\n|\n|-heal|p1b: Sneasler|94\/100|[from] Grassy Terrain\n|-heal|p1a: Rillaboom|44\/100|[from] Grassy Terrain\n|-heal|p2b: Rillaboom|35\/100|[from] Grassy Terrain\n|upkeep\n|\n|t:|1728218064\n|switch|p2a: Ninetales|Ninetales-Alola, L50, F|100\/100\n|-weather|Snow|[from] ability: Snow Warning|[of] p2a: Ninetales\n|turn|7\n|inactive|tyuiop112 has 30 seconds left.\n|inactive|tyuiop112 has 20 seconds left.\n|inactive|tyuiop112 has 15 seconds left.\n|inactive|tyuiop112 has 10 seconds left.\n|\n|t:|1728218112\n|move|p1a: Rillaboom|Grassy Glide|p2a: Ninetales\n|-damage|p2a: Ninetales|65\/100\n|move|p1b: Sneasler|Dire Claw|p2b: Rillaboom\n|-crit|p2b: Rillaboom\n|-damage|p2b: Rillaboom|0 fnt\n|faint|p2b: Rillaboom\n|move|p2a: Ninetales|Blizzard|p1a: Rillaboom|[spread] p1a,p1b\n|-supereffective|p1a: Rillaboom\n|-damage|p1a: Rillaboom|0 fnt\n|-damage|p1b: Sneasler|0 fnt\n|faint|p1a: Rillaboom\n|faint|p1b: Sneasler\n|\n|-weather|Snow|[upkeep]\n|-heal|p2a: Ninetales|71\/100|[from] Grassy Terrain\n|upkeep\n|l| Ultramanball1\n|j| Ultramanball1\n|\n|t:|1728218129\n|switch|p1b: Ursaluna|Ursaluna-Bloodmoon, L50, M|80\/100\n|turn|8\n|\n|t:|1728218134\n|move|p1b: Ursaluna|Protect|p1b: Ursaluna\n|-singleturn|p1b: Ursaluna|Protect\n|move|p2a: Ninetales|Blizzard|p1b: Ursaluna\n|-activate|p1b: Ursaluna|move: Protect\n|\n|-weather|Snow|[upkeep]\n|-heal|p2a: Ninetales|78\/100|[from] Grassy Terrain\n|-heal|p1b: Ursaluna|86\/100|[from] Grassy Terrain\n|upkeep\n|turn|9\n|\n|t:|1728218137\n|move|p2a: Ninetales|Blizzard|p1b: Ursaluna\n|-supereffective|p1b: Ursaluna\n|-crit|p1b: Ursaluna\n|-damage|p1b: Ursaluna|0 fnt\n|faint|p1b: Ursaluna\n|\n|win|something123\n|raw|tyuiop112's rating: 1805 &rarr; <strong>1786<\/strong><br \/>(-19 for losing)\n|raw|something123's rating: 1830 &rarr; <strong>1849<\/strong><br \/>(+19 for winning)\n|l|\u2606tyuiop112\n|player|p1|\n|l|\u2606something123\n|player|p2|\n","uploadtime":1728218371,"views":62,"formatid":"gen9vgc2024regh","rating":1786,"private":0,"password":null}