{"id":"gen9vgc2024regh-2217061659","format":"[Gen 9] VGC 2024 Reg H","players":["tyuiop112","something123"],"log":"|j|\u2606tyuiop112\n|j|\u2606something123\n|t:|1728216883\n|gametype|doubles\n|player|p1|tyuiop112|linebacker|1750\n|player|p2|something123|101|1836\n|teamsize|p1|6\n|teamsize|p2|6\n|gen|9\n|tier|[Gen 9] VGC 2024 Reg H\n|rated|\n|rule|Species Clause: Limit one of each Pok\u00e9mon\n|rule|Item Clause: Limit 1 of each item\n|clearpoke\n|poke|p1|Sneasler, L50, F|\n|poke|p1|Archaludon, L50, F|\n|poke|p1|Dragonite, L50, M|\n|poke|p1|Rillaboom, L50, F|\n|poke|p1|Ursaluna-Bloodmoon, L50, M|\n|poke|p1|Gholdengo, L50|\n|poke|p2|Kingambit, L50, F|\n|poke|p2|Sneasler, L50, F|\n|poke|p2|Rillaboom, L50, F|\n|poke|p2|Primarina, L50, F|\n|poke|p2|Electabuzz, L50, F|\n|poke|p2|Ninetales-Alola, L50, F|\n|teampreview|4\n|inactive|Battle timer is ON: inactive players will automatically lose when time's up. (requested by something123)\n|\n|t:|1728216948\n|start\n|switch|p1a: Sneasler|Sneasler, L50, F|100\/100\n|switch|p1b: Ursaluna|Ursaluna-Bloodmoon, L50, M|100\/100\n|switch|p2a: Kingambit|Kingambit, L50, F|100\/100\n|switch|p2b: Rillaboom|Rillaboom, L50, F|100\/100\n|-fieldstart|move: Grassy Terrain|[from] ability: Grassy Surge|[of] p2b: Rillaboom\n|turn|1\n|inactive|tyuiop112 has 30 seconds left.\n|inactive|something123 has 30 seconds left.\n|inactive|tyuiop112 has 20 seconds left.\n|inactive|something123 has 20 seconds left.\n|inactive|tyuiop112 has 15 seconds left.\n|inactive|something123 has 15 seconds left.\n|inactive|something123 has 10 seconds left.\n|inactive|something123 has 5 seconds left.\n|\n|t:|1728216999\n|move|p1a: Sneasler|Protect|p1a: Sneasler\n|-singleturn|p1a: Sneasler|Protect\n|move|p2a: Kingambit|Protect|p2a: Kingambit\n|-singleturn|p2a: Kingambit|Protect\n|move|p2b: Rillaboom|Wood Hammer|p1b: Ursaluna\n|-supereffective|p1b: Ursaluna\n|-damage|p1b: Ursaluna|0 fnt\n|faint|p1b: Ursaluna\n|-damage|p2b: Rillaboom|68\/100|[from] Recoil\n|\n|-heal|p2b: Rillaboom|74\/100|[from] Grassy Terrain\n|upkeep\n|\n|t:|1728217014\n|switch|p1b: Archaludon|Archaludon, L50, F|100\/100\n|turn|2\n|\n|t:|1728217032\n|switch|p2a: Sneasler|Sneasler, L50, F|100\/100\n|-enditem|p2a: Sneasler|Grassy Seed\n|-boost|p2a: Sneasler|def|1|[from] item: Grassy Seed\n|move|p1a: Sneasler|Dire Claw|p2b: Rillaboom\n|-supereffective|p2b: Rillaboom\n|-damage|p2b: Rillaboom|0 fnt\n|faint|p2b: Rillaboom\n|move|p1b: Archaludon|Electro Shot||[still]\n|-prepare|p1b: Archaludon|Electro Shot\n|-boost|p1b: Archaludon|spa|1\n|-enditem|p1b: Archaludon|Power Herb\n|-anim|p1b: Archaludon|Electro Shot|p2a: Sneasler\n|-damage|p2a: Sneasler|24\/100\n|\n|-heal|p2a: Sneasler|29\/100|[from] Grassy Terrain\n|upkeep\n|\n|t:|1728217051\n|switch|p2b: Kingambit|Kingambit, L50, F|100\/100\n|turn|3\n|inactive|tyuiop112 has 30 seconds left.\n|inactive|something123 has 30 seconds left.\n|inactive|something123 has 20 seconds left.\n|\n|t:|1728217088\n|move|p1a: Sneasler|Protect|p1a: Sneasler\n|-singleturn|p1a: Sneasler|Protect\n|move|p2b: Kingambit|Sucker Punch||[still]\n|-fail|p2b: Kingambit\n|move|p2a: Sneasler|Acrobatics|p1a: Sneasler\n|-activate|p1a: Sneasler|move: Protect\n|move|p1b: Archaludon|Flash Cannon|p2a: Sneasler\n|-damage|p2a: Sneasler|0 fnt\n|faint|p2a: Sneasler\n|\n|upkeep\n|\n|t:|1728217090\n|switch|p2a: Ninetales|Ninetales-Alola, L50, F|100\/100\n|-weather|Snow|[from] ability: Snow Warning|[of] p2a: Ninetales\n|turn|4\n|inactive|tyuiop112 has 30 seconds left.\n|\n|t:|1728217118\n|-terastallize|p2a: Ninetales|Ice\n|move|p2b: Kingambit|Sucker Punch|p1b: Archaludon\n|-damage|p1b: Archaludon|57\/100\n|move|p1a: Sneasler|Close Combat|p2b: Kingambit\n|-supereffective|p2b: Kingambit\n|-damage|p2b: Kingambit|0 fnt\n|-unboost|p1a: Sneasler|def|1\n|-unboost|p1a: Sneasler|spd|1\n|faint|p2b: Kingambit\n|move|p2a: Ninetales|Blizzard|p1a: Sneasler|[spread] p1a,p1b\n|-enditem|p1a: Sneasler|Focus Sash\n|-damage|p1a: Sneasler|1\/100\n|-damage|p1b: Archaludon|0 fnt\n|faint|p1b: Archaludon\n|\n|-weather|Snow|[upkeep]\n|-heal|p1a: Sneasler|7\/100|[from] Grassy Terrain\n|upkeep\n|\n|t:|1728217134\n|switch|p1b: Rillaboom|Rillaboom, L50, F|100\/100\n|turn|5\n|\n|t:|1728217143\n|-terastallize|p1a: Sneasler|Stellar\n|move|p1b: Rillaboom|Fake Out|p2a: Ninetales\n|-damage|p2a: Ninetales|86\/100\n|move|p1a: Sneasler|Close Combat|p2a: Ninetales\n|-supereffective|p2a: Ninetales\n|-damage|p2a: Ninetales|0 fnt\n|-unboost|p1a: Sneasler|def|1\n|-unboost|p1a: Sneasler|spd|1\n|faint|p2a: Ninetales\n|\n|win|tyuiop112\n|raw|tyuiop112's rating: 1750 &rarr; <strong>1775<\/strong><br \/>(+25 for winning)\n|raw|something123's rating: 1836 &rarr; <strong>1811<\/strong><br \/>(-25 for losing)\n|l|\u2606tyuiop112\n|player|p1|\n|l|\u2606something123\n|player|p2|\n","uploadtime":1728217402,"views":58,"formatid":"gen9vgc2024regh","rating":1775,"private":0,"password":null}