{"id":"gen9vgc2024regh-2217993853","format":"[Gen 9] VGC 2024 Reg H","players":["googer315","quinn2"],"log":"|j|\u2606googer315\n|j|\u2606quinn2\n|t:|1728327460\n|gametype|doubles\n|player|p1|googer315|1|1684\n|player|p2|quinn2|102|1720\n|teamsize|p1|6\n|teamsize|p2|6\n|gen|9\n|tier|[Gen 9] VGC 2024 Reg H\n|rated|\n|rule|Species Clause: Limit one of each Pok\u00e9mon\n|rule|Item Clause: Limit 1 of each item\n|clearpoke\n|poke|p1|Dondozo, L50, F|\n|poke|p1|Tatsugiri, L50, F|\n|poke|p1|Glimmora, L50, F|\n|poke|p1|Maushold, L50|\n|poke|p1|Annihilape, L50, F|\n|poke|p1|Gholdengo, L50|\n|poke|p2|Dugtrio, L50, M|\n|poke|p2|Tyranitar, L50, F|\n|poke|p2|Excadrill, L50, M|\n|poke|p2|Kilowattrel, L50, M|\n|poke|p2|Gardevoir, L50, F|\n|poke|p2|Garganacl, L50, F|\n|teampreview|4\n|inactive|Battle timer is ON: inactive players will automatically lose when time's up. (requested by googer315)\n|inactive|googer315 has 60 seconds left.\n|inactive|quinn2 has 60 seconds left.\n|\n|t:|1728327522\n|start\n|switch|p1a: Annihilape|Annihilape, L50, F|100\/100\n|switch|p1b: Maushold|Maushold, L50|100\/100\n|switch|p2a: Dugtrio|Dugtrio, L50, M|100\/100\n|switch|p2b: Tyranitar|Tyranitar, L50, F|100\/100\n|-weather|Sandstorm|[from] ability: Sand Stream|[of] p2b: Tyranitar\n|turn|1\n|inactive|googer315 has 30 seconds left.\n|inactive|quinn2 has 30 seconds left.\n|inactive|quinn2 has 20 seconds left.\n|inactive|quinn2 has 15 seconds left.\n|inactive|quinn2 has 10 seconds left.\n|\n|t:|1728327568\n|-terastallize|p2b: Tyranitar|Flying\n|move|p2a: Dugtrio|Protect|p2a: Dugtrio\n|-singleturn|p2a: Dugtrio|Protect\n|move|p1b: Maushold|Follow Me|p1b: Maushold\n|-singleturn|p1b: Maushold|move: Follow Me\n|move|p2b: Tyranitar|Knock Off|p1b: Maushold\n|-damage|p1b: Maushold|40\/100\n|-enditem|p1b: Maushold|Safety Goggles|[from] move: Knock Off|[of] p2b: Tyranitar\n|move|p1a: Annihilape|Bulk Up|p1a: Annihilape\n|-boost|p1a: Annihilape|atk|1\n|-boost|p1a: Annihilape|def|1\n|\n|-weather|Sandstorm|[upkeep]\n|-damage|p2b: Tyranitar|94\/100|[from] Sandstorm\n|-damage|p1b: Maushold|34\/100|[from] Sandstorm\n|-damage|p1a: Annihilape|94\/100|[from] Sandstorm\n|upkeep\n|turn|2\n|inactive|googer315 has 30 seconds left.\n|inactive|quinn2 has 30 seconds left.\n|j| bimbo mafioso\n|inactive|googer315 has 20 seconds left.\n|\n|t:|1728327606\n|move|p2a: Dugtrio|Rock Slide|p1a: Annihilape|[spread] p1a,p1b\n|-resisted|p1a: Annihilape\n|-damage|p1a: Annihilape|91\/100\n|-damage|p1b: Maushold|18\/100\n|move|p2b: Tyranitar|Knock Off|p1b: Maushold\n|-damage|p1b: Maushold|0 fnt\n|faint|p1b: Maushold\n|move|p1a: Annihilape|Rage Fist|p2b: Tyranitar\n|-damage|p2b: Tyranitar|32\/100\n|\n|-weather|Sandstorm|[upkeep]\n|-damage|p2b: Tyranitar|26\/100|[from] Sandstorm\n|-damage|p1a: Annihilape|85\/100|[from] Sandstorm\n|upkeep\n|\n|t:|1728327618\n|switch|p1b: Dondozo|Dondozo, L50, F|100\/100\n|turn|3\n|\n|t:|1728327631\n|move|p2a: Dugtrio|Protect|p2a: Dugtrio\n|-singleturn|p2a: Dugtrio|Protect\n|move|p1b: Dondozo|Protect|p1b: Dondozo\n|-singleturn|p1b: Dondozo|Protect\n|move|p2b: Tyranitar|Knock Off|p1a: Annihilape\n|-damage|p1a: Annihilape|52\/100\n|-enditem|p1a: Annihilape|Sitrus Berry|[from] move: Knock Off|[of] p2b: Tyranitar\n|move|p1a: Annihilape|Drain Punch|p2a: Dugtrio\n|-activate|p2a: Dugtrio|move: Protect\n|\n|-weather|Sandstorm|[upkeep]\n|-damage|p2b: Tyranitar|20\/100|[from] Sandstorm\n|-damage|p1a: Annihilape|46\/100|[from] Sandstorm\n|-damage|p1b: Dondozo|94\/100|[from] Sandstorm\n|-heal|p1b: Dondozo|100\/100|[from] item: Leftovers\n|upkeep\n|turn|4\n|inactive|quinn2 has 30 seconds left.\n|inactive|quinn2 has 20 seconds left.\n|inactive|googer315 has 30 seconds left.\n|inactive|quinn2 has 15 seconds left.\n|inactive|quinn2 has 10 seconds left.\n|\n|t:|1728327677\n|move|p2a: Dugtrio|Endeavor|p1b: Dondozo\n|-damage|p1b: Dondozo|46\/100\n|move|p2b: Tyranitar|Knock Off|p1b: Dondozo\n|-damage|p1b: Dondozo|9\/100\n|-enditem|p1b: Dondozo|Leftovers|[from] move: Knock Off|[of] p2b: Tyranitar\n|move|p1a: Annihilape|Rage Fist|p2a: Dugtrio\n|-enditem|p2a: Dugtrio|Focus Sash\n|-damage|p2a: Dugtrio|1\/100\n|move|p1b: Dondozo|Wave Crash|p2a: Dugtrio\n|-supereffective|p2a: Dugtrio\n|-damage|p2a: Dugtrio|0 fnt\n|faint|p2a: Dugtrio\n|-damage|p1b: Dondozo|8\/100|[from] Recoil\n|\n|-weather|Sandstorm|[upkeep]\n|-damage|p2b: Tyranitar|14\/100|[from] Sandstorm\n|-damage|p1a: Annihilape|40\/100|[from] Sandstorm\n|-damage|p1b: Dondozo|2\/100|[from] Sandstorm\n|upkeep\n|\n|t:|1728327693\n|switch|p2a: Kilowattrel|Kilowattrel, L50, M|100\/100\n|turn|5\n|\n|t:|1728327705\n|switch|p2b: Gardevoir|Gardevoir, L50, F|100\/100\n|move|p2a: Kilowattrel|Discharge|p1a: Annihilape|[spread] p1a,p1b\n|-activate|p2b: Gardevoir|ability: Telepathy\n|-supereffective|p1b: Dondozo\n|-damage|p1a: Annihilape|13\/100\n|-damage|p1b: Dondozo|0 fnt\n|-status|p1a: Annihilape|par\n|faint|p1b: Dondozo\n|move|p1a: Annihilape|Rage Fist|p2a: Kilowattrel\n|-damage|p2a: Kilowattrel|0 fnt\n|faint|p2a: Kilowattrel\n|\n|-weather|none\n|upkeep\n|j| Supertwig31\n|\n|t:|1728327717\n|switch|p2a: Tyranitar|Tyranitar, L50, F, tera:Flying|14\/100\n|switch|p1b: Tatsugiri|Tatsugiri, L50, F|100\/100\n|-weather|Sandstorm|[from] ability: Sand Stream|[of] p2a: Tyranitar\n|turn|6\n|\n|t:|1728327734\n|-terastallize|p1b: Tatsugiri|Steel\n|move|p1a: Annihilape|Protect|p1a: Annihilape\n|-singleturn|p1a: Annihilape|Protect\n|move|p2a: Tyranitar|Knock Off|p1b: Tatsugiri\n|-damage|p1b: Tatsugiri|2\/100\n|-enditem|p1b: Tatsugiri|Custap Berry|[from] move: Knock Off|[of] p2a: Tyranitar\n|move|p1b: Tatsugiri|Muddy Water|p2a: Tyranitar|[spread] p2a,p2b\n|-damage|p2a: Tyranitar|0 fnt\n|-damage|p2b: Gardevoir|68\/100\n|-unboost|p2b: Gardevoir|accuracy|1\n|faint|p2a: Tyranitar\n|move|p2b: Gardevoir|Dazzling Gleam|p1b: Tatsugiri|[spread] p1b\n|-activate|p1a: Annihilape|move: Protect\n|-resisted|p1b: Tatsugiri\n|-damage|p1b: Tatsugiri|0 fnt\n|faint|p1b: Tatsugiri\n|\n|-weather|Sandstorm|[upkeep]\n|-damage|p2b: Gardevoir|62\/100|[from] Sandstorm\n|-damage|p1a: Annihilape|7\/100 par|[from] Sandstorm\n|upkeep\n|turn|7\n|\n|t:|1728327751\n|move|p2b: Gardevoir|Dazzling Gleam|p1a: Annihilape\n|-supereffective|p1a: Annihilape\n|-damage|p1a: Annihilape|0 fnt\n|faint|p1a: Annihilape\n|\n|win|quinn2\n|raw|googer315's rating: 1684 &rarr; <strong>1666<\/strong><br \/>(-18 for losing)\n|raw|quinn2's rating: 1720 &rarr; <strong>1738<\/strong><br \/>(+18 for winning)\n|l|\u2606googer315\n|player|p1|\n|l|\u2606quinn2\n|player|p2|\n|l| Supertwig31\n","uploadtime":1728327995,"views":15,"formatid":"gen9vgc2024regh","rating":1666,"private":0,"password":null}