{"id":"gen9vgc2024regh-2217989645","format":"[Gen 9] VGC 2024 Reg H","players":["rgktest","quinn2"],"log":"|j|\u2606rgktest\n|j|\u2606quinn2\n|t:|1728327091\n|gametype|doubles\n|player|p1|rgktest|170|1765\n|player|p2|quinn2|102|1739\n|teamsize|p1|6\n|teamsize|p2|6\n|gen|9\n|tier|[Gen 9] VGC 2024 Reg H\n|rated|\n|rule|Species Clause: Limit one of each Pok\u00e9mon\n|rule|Item Clause: Limit 1 of each item\n|clearpoke\n|poke|p1|Incineroar, L50, M|\n|poke|p1|Porygon2, L50|\n|poke|p1|Amoonguss, L50, F|\n|poke|p1|Ursaluna, L50, M|\n|poke|p1|Tyranitar, L50, F|\n|poke|p1|Annihilape, L50, M|\n|poke|p2|Dugtrio, L50, M|\n|poke|p2|Tyranitar, L50, M|\n|poke|p2|Excadrill, L50, F|\n|poke|p2|Kilowattrel, L50, F|\n|poke|p2|Gardevoir, L50, M|\n|poke|p2|Garganacl, L50, M|\n|teampreview|4\n|\n|t:|1728327145\n|start\n|switch|p1a: Annihilape|Annihilape, L50, M|100\/100\n|switch|p1b: Amoonguss|Amoonguss, L50, F, shiny|100\/100\n|switch|p2a: Dugtrio|Dugtrio, L50, M|100\/100\n|switch|p2b: Kilowattrel|Kilowattrel, L50, F|100\/100\n|turn|1\n|j| Itzapanes\n|\n|t:|1728327171\n|move|p2b: Kilowattrel|Protect|p2b: Kilowattrel\n|-singleturn|p2b: Kilowattrel|Protect\n|move|p1a: Annihilape|Protect|p1a: Annihilape\n|-singleturn|p1a: Annihilape|Protect\n|move|p2a: Dugtrio|Bulldoze|p1b: Amoonguss|[spread] p1b\n|-activate|p2b: Kilowattrel|move: Protect\n|-activate|p1a: Annihilape|move: Protect\n|-damage|p1b: Amoonguss|85\/100\n|-unboost|p1b: Amoonguss|spe|1\n|move|p1b: Amoonguss|Spore|p2b: Kilowattrel\n|-activate|p2b: Kilowattrel|move: Protect\n|\n|upkeep\n|turn|2\n|j| slimyswag\n|\n|t:|1728327188\n|move|p2a: Dugtrio|Rock Slide|p1a: Annihilape|[spread] p1b\n|-miss|p2a: Dugtrio|p1a: Annihilape\n|-crit|p1b: Amoonguss\n|-damage|p1b: Amoonguss|65\/100\n|move|p2b: Kilowattrel|Air Slash|p1b: Amoonguss\n|-supereffective|p1b: Amoonguss\n|-damage|p1b: Amoonguss|5\/100\n|move|p1a: Annihilape|Bulk Up|p1a: Annihilape\n|-boost|p1a: Annihilape|atk|1\n|-boost|p1a: Annihilape|def|1\n|cant|p1b: Amoonguss|flinch\n|\n|upkeep\n|turn|3\n|inactive|Battle timer is ON: inactive players will automatically lose when time's up. (requested by quinn2)\n|j| Claarity\n|j| bimbo mafioso\n|\n|t:|1728327221\n|move|p1b: Amoonguss|Rage Powder|p1b: Amoonguss\n|-singleturn|p1b: Amoonguss|move: Rage Powder\n|move|p2a: Dugtrio|Rock Slide|p1a: Annihilape|[spread] p1a,p1b\n|-resisted|p1a: Annihilape\n|-damage|p1a: Annihilape|95\/100\n|-damage|p1b: Amoonguss|0 fnt\n|faint|p1b: Amoonguss\n|move|p2b: Kilowattrel|Air Slash|p1a: Annihilape\n|-supereffective|p1a: Annihilape\n|-damage|p1a: Annihilape|32\/100\n|move|p1a: Annihilape|Rage Fist|p2b: Kilowattrel\n|-damage|p2b: Kilowattrel|0 fnt\n|faint|p2b: Kilowattrel\n|\n|upkeep\n|\n|t:|1728327238\n|switch|p2b: Excadrill|Excadrill, L50, F|100\/100\n|switch|p1b: Incineroar|Incineroar, L50, M, shiny|100\/100\n|-ability|p1b: Incineroar|Intimidate|boost\n|-unboost|p2a: Dugtrio|atk|1\n|-unboost|p2b: Excadrill|atk|1\n|turn|4\n|\n|t:|1728327250\n|switch|p2b: Tyranitar|Tyranitar, L50, M|100\/100\n|-weather|Sandstorm|[from] ability: Sand Stream|[of] p2b: Tyranitar\n|move|p1b: Incineroar|Fake Out|p2b: Tyranitar\n|-resisted|p2b: Tyranitar\n|-damage|p2b: Tyranitar|95\/100\n|move|p2a: Dugtrio|Rock Slide|p1a: Annihilape|[spread] p1a,p1b\n|-resisted|p1a: Annihilape\n|-supereffective|p1b: Incineroar\n|-damage|p1a: Annihilape|28\/100\n|-damage|p1b: Incineroar|80\/100\n|move|p1a: Annihilape|Drain Punch|p2a: Dugtrio\n|-enditem|p2a: Dugtrio|Focus Sash\n|-damage|p2a: Dugtrio|1\/100\n|-heal|p1a: Annihilape|53\/100|[from] drain|[of] p2a: Dugtrio\n|\n|-weather|Sandstorm|[upkeep]\n|-damage|p1b: Incineroar|73\/100|[from] Sandstorm\n|upkeep\n|turn|5\n|inactive|rgktest has 30 seconds left.\n|\n|t:|1728327276\n|-terastallize|p2b: Tyranitar|Flying\n|-terastallize|p1a: Annihilape|Water\n|move|p2a: Dugtrio|Endeavor|p1b: Incineroar\n|-damage|p1b: Incineroar|1\/100\n|-enditem|p1b: Incineroar|Sitrus Berry|[eat]\n|-heal|p1b: Incineroar|26\/100|[from] item: Sitrus Berry\n|move|p2b: Tyranitar|Tera Blast|p1a: Annihilape|[anim] Tera Blast Flying\n|-damage|p1a: Annihilape|25\/100\n|move|p1a: Annihilape|Drain Punch|p2a: Dugtrio\n|-damage|p2a: Dugtrio|0 fnt\n|-heal|p1a: Annihilape|26\/100|[from] drain|[of] p2a: Dugtrio\n|faint|p2a: Dugtrio\n|move|p1b: Incineroar|U-turn|p2b: Tyranitar\n|-resisted|p2b: Tyranitar\n|-damage|p2b: Tyranitar|85\/100\n|j| timber1313\n|\n|t:|1728327288\n|switch|p1b: Porygon2|Porygon2, L50, shiny|100\/100|[from] U-turn\n|-ability|p1b: Porygon2|Download|boost\n|-boost|p1b: Porygon2|spa|1\n|\n|-weather|Sandstorm|[upkeep]\n|-damage|p2b: Tyranitar|79\/100|[from] Sandstorm\n|-damage|p1b: Porygon2|94\/100|[from] Sandstorm\n|upkeep\n|\n|t:|1728327291\n|switch|p2a: Excadrill|Excadrill, L50, F|100\/100\n|turn|6\n|inactive|rgktest has 30 seconds left.\n|inactive|quinn2 has 30 seconds left.\n|inactive|rgktest has 20 seconds left.\n|inactive|rgktest has 15 seconds left.\n|\n|t:|1728327333\n|switch|p1b: Incineroar|Incineroar, L50, M, shiny|26\/100\n|-ability|p1b: Incineroar|Intimidate|boost\n|-unboost|p2a: Excadrill|atk|1\n|-unboost|p2b: Tyranitar|atk|1\n|move|p1a: Annihilape|Protect|p1a: Annihilape\n|-singleturn|p1a: Annihilape|Protect\n|move|p2a: Excadrill|Iron Head|p1b: Incineroar\n|-resisted|p1b: Incineroar\n|-damage|p1b: Incineroar|6\/100\n|-damage|p2a: Excadrill|91\/100|[from] item: Life Orb\n|move|p2b: Tyranitar|Tera Blast|p1a: Annihilape|[anim] Tera Blast Flying\n|-activate|p1a: Annihilape|move: Protect\n|\n|-weather|Sandstorm|[upkeep]\n|-damage|p2b: Tyranitar|73\/100|[from] Sandstorm\n|-damage|p1b: Incineroar|0 fnt|[from] Sandstorm\n|faint|p1b: Incineroar\n|upkeep\n|\n|t:|1728327345\n|switch|p1b: Porygon2|Porygon2, L50, shiny|94\/100\n|-ability|p1b: Porygon2|Download|boost\n|-boost|p1b: Porygon2|spa|1\n|turn|7\n|l| Claarity\n|\n|t:|1728327365\n|move|p2a: Excadrill|Earthquake|p1b: Porygon2|[spread] p1a,p1b\n|-immune|p2b: Tyranitar\n|-damage|p1a: Annihilape|0 fnt\n|-damage|p1b: Porygon2|76\/100\n|faint|p1a: Annihilape\n|-damage|p2a: Excadrill|81\/100|[from] item: Life Orb\n|move|p2b: Tyranitar|Tera Blast|p1b: Porygon2|[anim] Tera Blast Flying\n|-damage|p1b: Porygon2|59\/100\n|move|p1b: Porygon2|Ice Beam|p2b: Tyranitar\n|-supereffective|p2b: Tyranitar\n|-damage|p2b: Tyranitar|0 fnt\n|faint|p2b: Tyranitar\n|\n|-weather|Sandstorm|[upkeep]\n|-damage|p1b: Porygon2|53\/100|[from] Sandstorm\n|upkeep\n|turn|8\n|inactive|quinn2 has 30 seconds left.\n|\n|t:|1728327396\n|move|p2a: Excadrill|Earthquake|p1b: Porygon2\n|-damage|p1b: Porygon2|26\/100\n|-damage|p2a: Excadrill|71\/100|[from] item: Life Orb\n|move|p1b: Porygon2|Recover|p1b: Porygon2\n|-heal|p1b: Porygon2|76\/100\n|\n|-weather|none\n|upkeep\n|turn|9\n|\n|t:|1728327403\n|move|p2a: Excadrill|Iron Head|p1b: Porygon2\n|-damage|p1b: Porygon2|54\/100\n|-damage|p2a: Excadrill|62\/100|[from] item: Life Orb\n|move|p1b: Porygon2|Recover|p1b: Porygon2\n|-heal|p1b: Porygon2|100\/100\n|\n|upkeep\n|turn|10\n|\n|t:|1728327412\n|move|p2a: Excadrill|Iron Head|p1b: Porygon2\n|-damage|p1b: Porygon2|80\/100\n|-damage|p2a: Excadrill|52\/100|[from] item: Life Orb\n|move|p1b: Porygon2|Ice Beam|p2a: Excadrill\n|-damage|p2a: Excadrill|7\/100\n|-status|p2a: Excadrill|frz\n|\n|upkeep\n|turn|11\n|l| slimyswag\n|\n|t:|1728327420\n|-curestatus|p2a: Excadrill|frz|[msg]\n|move|p2a: Excadrill|Earthquake|p1b: Porygon2\n|-damage|p1b: Porygon2|50\/100\n|-damage|p2a: Excadrill|0 fnt|[from] item: Life Orb\n|faint|p2a: Excadrill\n|\n|win|rgktest\n|raw|rgktest's rating: 1765 &rarr; <strong>1784<\/strong><br \/>(+19 for winning)\n|raw|quinn2's rating: 1739 &rarr; <strong>1720<\/strong><br \/>(-19 for losing)\n|l| Itzapanes\n|l|\u2606quinn2\n|player|p2|\n|l|\u2606rgktest\n|player|p1|\n|l| timber1313\n","uploadtime":1728327582,"views":17,"formatid":"gen9vgc2024regh","rating":1720,"private":0,"password":null}