{"id":"gen9vgc2024regh-2217892405","format":"[Gen 9] VGC 2024 Reg H","players":["N8NoDog","Kronicler"],"log":"|j|\u2606N8NoDog\n|j|\u2606Kronicler\n|t:|1728318808\n|gametype|doubles\n|player|p1|N8NoDog|archer|1761\n|player|p2|Kronicler|yellow|1791\n|teamsize|p1|6\n|teamsize|p2|6\n|gen|9\n|tier|[Gen 9] VGC 2024 Reg H\n|rated|\n|rule|Species Clause: Limit one of each Pok\u00e9mon\n|rule|Item Clause: Limit 1 of each item\n|clearpoke\n|poke|p1|Primarina, L50, M|\n|poke|p1|Sneasler, L50, F|\n|poke|p1|Dragonite, L50, F|\n|poke|p1|Rillaboom, L50, F|\n|poke|p1|Gholdengo, L50|\n|poke|p1|Magmar, L50, F|\n|poke|p2|Gengar, L50, F|\n|poke|p2|Volcarona, L50, F|\n|poke|p2|Rillaboom, L50, F|\n|poke|p2|Bisharp, L50, F|\n|poke|p2|Primarina, L50, M|\n|poke|p2|Gothitelle, L50, M|\n|teampreview|4\n|inactive|Battle timer is ON: inactive players will automatically lose when time's up. (requested by N8NoDog)\nKronicler rejected open team sheets.\n|inactive|N8NoDog has 60 seconds left.\n|\n|t:|1728318848\n|start\n|switch|p1a: Primarina|Primarina, L50, M|100\/100\n|switch|p1b: Magmar|Magmar, L50, F|100\/100\n|switch|p2a: Volcarona|Volcarona, L50, F|100\/100\n|switch|p2b: Gengar|Gengar, L50, F|100\/100\n|turn|1\n|inactive|Kronicler has 30 seconds left.\n|\n|t:|1728318881\n|-terastallize|p2a: Volcarona|Ground\n|move|p1b: Magmar|Follow Me|p1b: Magmar\n|-singleturn|p1b: Magmar|move: Follow Me\n|move|p2b: Gengar|Acid Spray|p1b: Magmar\n|-damage|p1b: Magmar|81\/100\n|-unboost|p1b: Magmar|spd|2\n|move|p2a: Volcarona|Tera Blast|p1b: Magmar|[anim] Tera Blast Ground\n|-supereffective|p1b: Magmar\n|-damage|p1b: Magmar|0 fnt\n|faint|p1b: Magmar\n|-damage|p2a: Volcarona|91\/100|[from] item: Life Orb\n|move|p1a: Primarina|Hyper Voice|p2a: Volcarona|[spread] p2a,p2b\n|-supereffective|p2a: Volcarona\n|-damage|p2a: Volcarona|0 fnt\n|-damage|p2b: Gengar|33\/100\n|faint|p2a: Volcarona\n|-damage|p1a: Primarina|91\/100|[from] item: Life Orb\n|\n|upkeep\n|\n|t:|1728318900\n|switch|p2a: Primarina|Primarina, L50, M|100\/100\n|switch|p1b: Gholdengo|Gholdengo, L50|100\/100\n|turn|2\n|\n|t:|1728318915\n|-terastallize|p1a: Primarina|Steel\n|move|p1b: Gholdengo|Protect|p1b: Gholdengo\n|-singleturn|p1b: Gholdengo|Protect\n|move|p2a: Primarina|Protect|p2a: Primarina\n|-singleturn|p2a: Primarina|Protect\n|move|p2b: Gengar|Shadow Ball|p1b: Gholdengo\n|-activate|p1b: Gholdengo|move: Protect\n|move|p1a: Primarina|Hyper Voice|p2a: Primarina|[spread] p2b\n|-activate|p2a: Primarina|move: Protect\n|-damage|p2b: Gengar|0 fnt\n|faint|p2b: Gengar\n|-damage|p1a: Primarina|81\/100|[from] item: Life Orb\n|\n|upkeep\n|\n|t:|1728318918\n|switch|p2b: Bisharp|Bisharp, L50, F|100\/100\n|turn|3\n|\n|t:|1728318936\n|switch|p1b: Rillaboom|Rillaboom, L50, F|100\/100\n|-fieldstart|move: Grassy Terrain|[from] ability: Grassy Surge|[of] p1b: Rillaboom\n|move|p2b: Bisharp|Sucker Punch||[still]\n|-fail|p2b: Bisharp\n|move|p1a: Primarina|Moonblast|p2b: Bisharp\n|-damage|p2b: Bisharp|35\/100\n|-damage|p1a: Primarina|72\/100|[from] item: Life Orb\n|move|p2a: Primarina|Hyper Voice|p1a: Primarina|[spread] p1a,p1b\n|-resisted|p1b: Rillaboom\n|-damage|p1a: Primarina|41\/100\n|-damage|p1b: Rillaboom|86\/100\n|\n|-heal|p1b: Rillaboom|92\/100|[from] Grassy Terrain\n|-heal|p2b: Bisharp|41\/100|[from] Grassy Terrain\n|-heal|p1a: Primarina|46\/100|[from] Grassy Terrain\n|upkeep\n|turn|4\n|\n|t:|1728318957\n|move|p2b: Bisharp|Protect|p2b: Bisharp\n|-singleturn|p2b: Bisharp|Protect\n|move|p1b: Rillaboom|Fake Out|p2a: Primarina\n|-damage|p2a: Primarina|82\/100\n|move|p1a: Primarina|Moonblast|p2b: Bisharp\n|-activate|p2b: Bisharp|move: Protect\n|cant|p2a: Primarina|flinch\n|\n|-heal|p1b: Rillaboom|98\/100|[from] Grassy Terrain\n|-heal|p2b: Bisharp|47\/100|[from] Grassy Terrain\n|-heal|p1a: Primarina|52\/100|[from] Grassy Terrain\n|-heal|p2a: Primarina|88\/100|[from] Grassy Terrain\n|upkeep\n|turn|5\n|-message|Kronicler forfeited.\n|\n|win|N8NoDog\n|raw|N8NoDog's rating: 1761 &rarr; <strong>1783<\/strong><br \/>(+22 for winning)\n|raw|Kronicler's rating: 1791 &rarr; <strong>1769<\/strong><br \/>(-22 for losing)\n|l|\u2606Kronicler\n|player|p2|\n|l|\u2606N8NoDog\n|player|p1|\n","uploadtime":1728319181,"views":64,"formatid":"gen9vgc2024regh","rating":1769,"private":0,"password":null}