{"id":"gen9vgc2024regh-2217776825","format":"[Gen 9] VGC 2024 Reg H","players":["ansego","SeaWolfMikess"],"log":"|badge|p2|bronze|gen9doublesou|100-3\n|uhtml|medal-msg|<div class=\"broadcast-blue\">Curious what those medals under the avatar are? PS now has Ladder Seasons! For more information, check out the <a href=\"https:\/\/www.smogon.com\/forums\/threads\/3740067\/\">thread on Smogon.<\/a><\/div>\n|j|\u2606ansego\n|j|\u2606SeaWolfMikess\n|t:|1728308400\n|gametype|doubles\n|player|p1|ansego|101|1636\n|player|p2|SeaWolfMikess|hugh|1788\n|teamsize|p1|6\n|teamsize|p2|6\n|gen|9\n|tier|[Gen 9] VGC 2024 Reg H\n|rated|\n|rule|Species Clause: Limit one of each Pok\u00e9mon\n|rule|Item Clause: Limit 1 of each item\n|clearpoke\n|poke|p1|Indeedee, L50, M|\n|poke|p1|Sneasler, L50, M|\n|poke|p1|Milotic, L50, F|\n|poke|p1|Whimsicott, L50, F|\n|poke|p1|Incineroar, L50, F|\n|poke|p1|Archaludon, L50, F|\n|poke|p2|Pelipper, L50, F|\n|poke|p2|Archaludon, L50, M|\n|poke|p2|Beartic, L50, M|\n|poke|p2|Amoonguss, L50, F|\n|poke|p2|Incineroar, L50, M|\n|poke|p2|Dragapult, L50, F|\n|teampreview|4\n|\n|t:|1728308458\n|start\n|switch|p1a: Sneasler|Sneasler, L50, M, shiny|100\/100\n|switch|p1b: Archaludon|Archaludon, L50, F|100\/100\n|switch|p2a: Dragapult|Dragapult, L50, F|100\/100\n|switch|p2b: Beartic|Beartic, L50, M|100\/100\n|turn|1\n|\n|t:|1728308475\n|switch|p1a: Incineroar|Incineroar, L50, F|100\/100\n|-ability|p1a: Incineroar|Intimidate|boost\n|-fail|p2a: Dragapult|unboost|[from] ability: Clear Body|[of] p2a: Dragapult\n|-fail|p2b: Beartic|unboost|[from] item: Clear Amulet|[of] p2b: Beartic\n|-terastallize|p2b: Beartic|Fighting\n|move|p2a: Dragapult|Outrage|p1a: Incineroar\n|-damage|p1a: Incineroar|28\/100\n|-enditem|p1a: Incineroar|Sitrus Berry|[eat]\n|-heal|p1a: Incineroar|53\/100|[from] item: Sitrus Berry\n|move|p2b: Beartic|Close Combat|p1b: Archaludon\n|-supereffective|p1b: Archaludon\n|-damage|p1b: Archaludon|7\/100\n|-unboost|p2b: Beartic|def|1\n|-unboost|p2b: Beartic|spd|1\n|-ability|p1b: Archaludon|Stamina|boost\n|-boost|p1b: Archaludon|def|1\n|move|p1b: Archaludon|Flash Cannon|p2b: Beartic\n|-damage|p2b: Beartic|26\/100\n|\n|upkeep\n|turn|2\n|\n|t:|1728308494\n|move|p2b: Beartic|Protect|p2b: Beartic\n|-singleturn|p2b: Beartic|Protect\n|move|p1a: Incineroar|Fake Out|p2b: Beartic\n|-activate|p2b: Beartic|move: Protect\n|move|p2a: Dragapult|Outrage|p1a: Incineroar|[from]lockedmove\n|-damage|p1a: Incineroar|0 fnt\n|faint|p1a: Incineroar\n|-start|p2a: Dragapult|confusion|[fatigue]\n|move|p1b: Archaludon|Draco Meteor|p2a: Dragapult\n|-supereffective|p2a: Dragapult\n|-crit|p2a: Dragapult\n|-damage|p2a: Dragapult|0 fnt\n|-unboost|p1b: Archaludon|spa|2\n|faint|p2a: Dragapult\n|\n|upkeep\n|\n|t:|1728308504\n|switch|p2a: Pelipper|Pelipper, L50, F|100\/100\n|switch|p1a: Sneasler|Sneasler, L50, M, shiny|100\/100\n|-weather|RainDance|[from] ability: Drizzle|[of] p2a: Pelipper\n|turn|3\n|\n|t:|1728308515\n|move|p1a: Sneasler|Protect|p1a: Sneasler\n|-singleturn|p1a: Sneasler|Protect\n|move|p2b: Beartic|Liquidation|p1a: Sneasler\n|-activate|p1a: Sneasler|move: Protect\n|move|p2a: Pelipper|Weather Ball|p1b: Archaludon\n|-resisted|p1b: Archaludon\n|-damage|p1b: Archaludon|0 fnt\n|faint|p1b: Archaludon\n|\n|-weather|RainDance|[upkeep]\n|upkeep\n|\n|t:|1728308523\n|switch|p1b: Indeedee|Indeedee, L50, M|100\/100\n|-fieldstart|move: Psychic Terrain|[from] ability: Psychic Surge|[of] p1b: Indeedee\n|-enditem|p1a: Sneasler|Psychic Seed\n|-boost|p1a: Sneasler|spd|1|[from] item: Psychic Seed\n|turn|4\n|\n|t:|1728308546\n|-terastallize|p1a: Sneasler|Flying\n|move|p1a: Sneasler|Acrobatics|p2b: Beartic\n|-supereffective|p2b: Beartic\n|-damage|p2b: Beartic|0 fnt\n|faint|p2b: Beartic\n|move|p1b: Indeedee|Expanding Force|p2a: Pelipper\n|-enditem|p2a: Pelipper|Focus Sash\n|-damage|p2a: Pelipper|1\/100\n|move|p2a: Pelipper|Weather Ball|p1b: Indeedee\n|-damage|p1b: Indeedee|9\/100\n|\n|-weather|RainDance|[upkeep]\n|upkeep\n|\n|t:|1728308553\n|switch|p2b: Archaludon|Archaludon, L50, M|100\/100\n|turn|5\n|\n|t:|1728308565\n|move|p2a: Pelipper|Protect|p2a: Pelipper\n|-singleturn|p2a: Pelipper|Protect\n|move|p1a: Sneasler|Close Combat|p2b: Archaludon\n|-supereffective|p2b: Archaludon\n|-damage|p2b: Archaludon|5\/100\n|-unboost|p1a: Sneasler|def|1\n|-unboost|p1a: Sneasler|spd|1\n|-ability|p2b: Archaludon|Stamina|boost\n|-boost|p2b: Archaludon|def|1\n|move|p1b: Indeedee|Shadow Ball|p2b: Archaludon\n|-damage|p2b: Archaludon|0 fnt\n|faint|p2b: Archaludon\n|\n|-weather|RainDance|[upkeep]\n|upkeep\n|turn|6\n|-message|SeaWolfMikess forfeited.\n|\n|win|ansego\n|raw|ansego's rating: 1636 &rarr; <strong>1664<\/strong><br \/>(+28 for winning)\n|raw|SeaWolfMikess's rating: 1788 &rarr; <strong>1760<\/strong><br \/>(-28 for losing)\n|l|\u2606SeaWolfMikess\n|player|p2|\n|l|\u2606ansego\n|player|p1|\n","uploadtime":1728308750,"views":15,"formatid":"gen9vgc2024regh","rating":1664,"private":0,"password":null}