{"id":"gen9vgc2024regh-2217757274","format":"[Gen 9] VGC 2024 Reg H","players":["oscarbolt","Kronicler"],"log":"|j|\u2606oscarbolt\n|j|\u2606Kronicler\n|t:|1728306354\n|gametype|doubles\n|player|p1|oscarbolt|169|1660\n|player|p2|Kronicler|yellow|1750\n|teamsize|p1|6\n|teamsize|p2|6\n|gen|9\n|tier|[Gen 9] VGC 2024 Reg H\n|rated|\n|rule|Species Clause: Limit one of each Pok\u00e9mon\n|rule|Item Clause: Limit 1 of each item\n|clearpoke\n|poke|p1|Rhydon, L50, F|\n|poke|p1|Gholdengo, L50|\n|poke|p1|Rillaboom, L50, M|\n|poke|p1|Archaludon, L50, F|\n|poke|p1|Politoed, L50, F|\n|poke|p1|Dragonite, L50, F|\n|poke|p2|Gengar, L50, F|\n|poke|p2|Volcarona, L50, F|\n|poke|p2|Rillaboom, L50, F|\n|poke|p2|Bisharp, L50, F|\n|poke|p2|Primarina, L50, M|\n|poke|p2|Gothitelle, L50, F|\n|teampreview|4\n|inactive|Battle timer is ON: inactive players will automatically lose when time's up. (requested by Kronicler)\nKronicler rejected open team sheets.\n|inactive|oscarbolt has 60 seconds left.\n|\n|t:|1728306402\n|start\n|switch|p1a: Gholdengo|Gholdengo, L50|100\/100\n|switch|p1b: Dragonite|Dragonite, L50, F|100\/100\n|switch|p2a: Volcarona|Volcarona, L50, F|100\/100\n|switch|p2b: Gengar|Gengar, L50, F|100\/100\n|turn|1\n|\n|t:|1728306421\n|switch|p2a: Bisharp|Bisharp, L50, F|100\/100\n|-terastallize|p1a: Gholdengo|Dark\n|move|p1a: Gholdengo|Trick|p2a: Bisharp\n|-activate|p1a: Gholdengo|move: Trick|[of] p2a: Bisharp\n|-item|p2a: Bisharp|Choice Scarf|[from] move: Trick\n|-item|p1a: Gholdengo|Eviolite|[from] move: Trick\n|move|p2b: Gengar|Shadow Ball|p1a: Gholdengo\n|-resisted|p1a: Gholdengo\n|-damage|p1a: Gholdengo|76\/100\n|move|p1b: Dragonite|Ice Spinner|p2b: Gengar\n|-damage|p2b: Gengar|34\/100\n|-start|p1b: Dragonite|Disable|Ice Spinner|[from] ability: Cursed Body|[of] p2b: Gengar\n|\n|upkeep\n|turn|2\n|inactive|Kronicler has 30 seconds left.\n|\n|t:|1728306449\n|move|p1a: Gholdengo|Protect|p1a: Gholdengo\n|-singleturn|p1a: Gholdengo|Protect\n|move|p2b: Gengar|Icy Wind|p1a: Gholdengo|[spread] p1b\n|-activate|p1a: Gholdengo|move: Protect\n|-supereffective|p1b: Dragonite\n|-damage|p1b: Dragonite|46\/100\n|-unboost|p1b: Dragonite|spe|1\n|move|p2a: Bisharp|Iron Head|p1a: Gholdengo\n|-activate|p1a: Gholdengo|move: Protect\n|move|p1b: Dragonite|Low Kick|p2a: Bisharp\n|-supereffective|p2a: Bisharp\n|-damage|p2a: Bisharp|0 fnt\n|faint|p2a: Bisharp\n|\n|upkeep\n|\n|t:|1728306462\n|switch|p2a: Volcarona|Volcarona, L50, F|100\/100\n|turn|3\n|\n|t:|1728306475\n|move|p1b: Dragonite|Extreme Speed|p2a: Volcarona\n|-damage|p2a: Volcarona|55\/100\n|move|p2b: Gengar|Icy Wind|p1a: Gholdengo|[spread] p1a,p1b\n|-supereffective|p1b: Dragonite\n|-damage|p1a: Gholdengo|57\/100\n|-damage|p1b: Dragonite|0 fnt\n|-unboost|p1a: Gholdengo|spe|1\n|faint|p1b: Dragonite\n|move|p2a: Volcarona|Bug Buzz|p1a: Gholdengo\n|-supereffective|p1a: Gholdengo\n|-damage|p1a: Gholdengo|0 fnt\n|faint|p1a: Gholdengo\n|-damage|p2a: Volcarona|45\/100|[from] item: Life Orb\n|\n|upkeep\n|\n|t:|1728306480\n|switch|p1a: Politoed|Politoed, L50, F|100\/100\n|switch|p1b: Rillaboom|Rillaboom, L50, M|100\/100\n|-fieldstart|move: Grassy Terrain|[from] ability: Grassy Surge|[of] p1b: Rillaboom\n|-enditem|p1b: Rillaboom|Grassy Seed\n|-boost|p1b: Rillaboom|def|1|[from] item: Grassy Seed\n|-weather|RainDance|[from] ability: Drizzle|[of] p1a: Politoed\n|turn|4\n|\n|t:|1728306498\n|move|p2a: Volcarona|Protect|p2a: Volcarona\n|-singleturn|p2a: Volcarona|Protect\n|move|p1b: Rillaboom|Fake Out|p2a: Volcarona\n|-activate|p2a: Volcarona|move: Protect\n|move|p2b: Gengar|Acid Spray|p1b: Rillaboom\n|-supereffective|p1b: Rillaboom\n|-damage|p1b: Rillaboom|50\/100\n|-unboost|p1b: Rillaboom|spd|2\n|move|p1a: Politoed|Weather Ball|p2a: Volcarona\n|-activate|p2a: Volcarona|move: Protect\n|\n|-weather|RainDance|[upkeep]\n|-heal|p2b: Gengar|40\/100|[from] Grassy Terrain\n|-heal|p2a: Volcarona|51\/100|[from] Grassy Terrain\n|-heal|p1b: Rillaboom|56\/100|[from] Grassy Terrain\n|upkeep\n|turn|5\n|inactive|Kronicler has 30 seconds left.\n|\n|t:|1728306531\n|move|p1b: Rillaboom|Grassy Glide|p2b: Gengar\n|-resisted|p2b: Gengar\n|-damage|p2b: Gengar|0 fnt\n|faint|p2b: Gengar\n|move|p2a: Volcarona|Bug Buzz|p1a: Politoed\n|-damage|p1a: Politoed|41\/100\n|-damage|p2a: Volcarona|41\/100|[from] item: Life Orb\n|move|p1a: Politoed|Weather Ball|p2a: Volcarona\n|-supereffective|p2a: Volcarona\n|-damage|p2a: Volcarona|0 fnt\n|faint|p2a: Volcarona\n|\n|-weather|RainDance|[upkeep]\n|-heal|p1b: Rillaboom|62\/100|[from] Grassy Terrain\n|-heal|p1a: Politoed|47\/100|[from] Grassy Terrain\n|upkeep\n|\n|t:|1728306538\n|switch|p2b: Primarina|Primarina, L50, M|100\/100\n|turn|6\n|\n|t:|1728306549\n|-terastallize|p2b: Primarina|Grass\n|move|p1b: Rillaboom|Wood Hammer|p2b: Primarina\n|-resisted|p2b: Primarina\n|-crit|p2b: Primarina\n|-damage|p2b: Primarina|34\/100\n|-damage|p1b: Rillaboom|40\/100|[from] Recoil\n|move|p1a: Politoed|Weather Ball|p2b: Primarina\n|-resisted|p2b: Primarina\n|-damage|p2b: Primarina|5\/100\n|-enditem|p2b: Primarina|Wiki Berry|[eat]\n|-heal|p2b: Primarina|38\/100|[from] item: Wiki Berry\n|move|p2b: Primarina|Moonblast|p1b: Rillaboom\n|-damage|p1b: Rillaboom|0 fnt\n|faint|p1b: Rillaboom\n|\n|-weather|RainDance|[upkeep]\n|-heal|p1a: Politoed|53\/100|[from] Grassy Terrain\n|-heal|p2b: Primarina|44\/100|[from] Grassy Terrain\n|upkeep\n|turn|7\n|\n|t:|1728306567\n|move|p1a: Politoed|Ice Beam|p2b: Primarina\n|-supereffective|p2b: Primarina\n|-damage|p2b: Primarina|0 fnt\n|faint|p2b: Primarina\n|\n|win|oscarbolt\n|raw|oscarbolt's rating: 1660 &rarr; <strong>1685<\/strong><br \/>(+25 for winning)\n|raw|Kronicler's rating: 1750 &rarr; <strong>1725<\/strong><br \/>(-25 for losing)\n|l|\u2606Kronicler\n|player|p2|\n|l|\u2606oscarbolt\n|player|p1|\n","uploadtime":1728306813,"views":18,"formatid":"gen9vgc2024regh","rating":1685,"private":0,"password":null}