{"id":"gen9vgc2024regh-2217705253","format":"[Gen 9] VGC 2024 Reg H","players":["jit444","something123"],"log":"|j|\u2606jit444\n|j|\u2606something123\n|t:|1728299951\n|gametype|doubles\n|player|p1|jit444|dawn|1676\n|player|p2|something123|101|1844\n|teamsize|p1|6\n|teamsize|p2|6\n|gen|9\n|tier|[Gen 9] VGC 2024 Reg H\n|rated|\n|rule|Species Clause: Limit one of each Pok\u00e9mon\n|rule|Item Clause: Limit 1 of each item\n|clearpoke\n|poke|p1|Ursaluna, L50, F|\n|poke|p1|Whimsicott, L50, F|\n|poke|p1|Gallade, L50, M|\n|poke|p1|Gholdengo, L50|\n|poke|p1|Dragonite, L50, M|\n|poke|p1|Sinistcha-Masterpiece, L50|\n|poke|p2|Kingambit, L50, M|\n|poke|p2|Sneasler, L50, M|\n|poke|p2|Rillaboom, L50, M|\n|poke|p2|Primarina, L50, M|\n|poke|p2|Electabuzz, L50, M|\n|poke|p2|Ninetales-Alola, L50, M|\n|teampreview|4\n|inactive|Battle timer is ON: inactive players will automatically lose when time's up. (requested by jit444)\n|j| Tian15\n|inactive|jit444 has 60 seconds left.\n|inactive|something123 has 60 seconds left.\n|inactive|jit444 has 30 seconds left.\n|inactive|something123 has 30 seconds left.\n|inactive|jit444 has 20 seconds left.\n|inactive|something123 has 20 seconds left.\n|inactive|something123 has 15 seconds left.\n|\n|t:|1728300034\n|start\n|switch|p1a: Dragonite|Dragonite, L50, M|100\/100\n|switch|p1b: Whimsicott|Whimsicott, L50, F|100\/100\n|switch|p2a: Rillaboom|Rillaboom, L50, M|100\/100\n|switch|p2b: Kingambit|Kingambit, L50, M|100\/100\n|-fieldstart|move: Grassy Terrain|[from] ability: Grassy Surge|[of] p2a: Rillaboom\n|turn|1\n|inactive|something123 has 30 seconds left.\n|inactive|something123 has 20 seconds left.\n|inactive|something123 has 15 seconds left.\n|inactive|something123 has 10 seconds left.\n|\n|t:|1728300081\n|switch|p1b: Ursaluna|Ursaluna, L50, F|100\/100\n|move|p1a: Dragonite|Protect|p1a: Dragonite\n|-singleturn|p1a: Dragonite|Protect\n|move|p2b: Kingambit|Protect|p2b: Kingambit\n|-singleturn|p2b: Kingambit|Protect\n|move|p2a: Rillaboom|Knock Off|p1a: Dragonite\n|-activate|p1a: Dragonite|move: Protect\n|\n|-status|p1b: Ursaluna|brn|[from] item: Flame Orb\n|upkeep\n|turn|2\n|inactive|jit444 has 30 seconds left.\n|inactive|something123 has 30 seconds left.\n|inactive|something123 has 20 seconds left.\n|\n|t:|1728300118\n|-terastallize|p1b: Ursaluna|Ghost\n|move|p2a: Rillaboom|Wood Hammer|p1b: Ursaluna\n|-damage|p1b: Ursaluna|32\/100 brn\n|-damage|p2a: Rillaboom|78\/100|[from] Recoil\n|move|p1a: Dragonite|Scale Shot|p2a: Rillaboom\n|-damage|p2a: Rillaboom|61\/100\n|-damage|p2a: Rillaboom|46\/100\n|-damage|p2a: Rillaboom|33\/100\n|-damage|p2a: Rillaboom|18\/100\n|-hitcount|p2a: Rillaboom|4\n|-unboost|p1a: Dragonite|def|1\n|-boost|p1a: Dragonite|spe|1\n|move|p1b: Ursaluna|High Horsepower|p2b: Kingambit\n|-supereffective|p2b: Kingambit\n|-damage|p2b: Kingambit|0 fnt\n|faint|p2b: Kingambit\n|\n|-heal|p2a: Rillaboom|23\/100|[from] Grassy Terrain\n|-heal|p1b: Ursaluna|38\/100 brn|[from] Grassy Terrain\n|-damage|p1b: Ursaluna|32\/100 brn|[from] brn\n|upkeep\n|\n|t:|1728300134\n|switch|p2b: Ninetales|Ninetales-Alola, L50, M|100\/100\n|-weather|Snow|[from] ability: Snow Warning|[of] p2b: Ninetales\n|turn|3\n|inactive|jit444 has 30 seconds left.\n|inactive|jit444 has 20 seconds left.\n|inactive|jit444 has 15 seconds left.\n|inactive|jit444 has 10 seconds left.\n|inactive|jit444 has 5 seconds left.\n|\n|t:|1728300186\n|switch|p1b: Whimsicott|Whimsicott, L50, F|100\/100\n|move|p1a: Dragonite|Protect|p1a: Dragonite\n|-singleturn|p1a: Dragonite|Protect\n|move|p2a: Rillaboom|Grassy Glide|p1a: Dragonite\n|-activate|p1a: Dragonite|move: Protect\n|move|p2b: Ninetales|Blizzard|p1b: Whimsicott|[spread] p1b\n|-activate|p1a: Dragonite|move: Protect\n|-supereffective|p1b: Whimsicott\n|-enditem|p1b: Whimsicott|Focus Sash\n|-damage|p1b: Whimsicott|1\/100\n|\n|-weather|Snow|[upkeep]\n|-heal|p1b: Whimsicott|7\/100|[from] Grassy Terrain\n|-heal|p2a: Rillaboom|29\/100|[from] Grassy Terrain\n|upkeep\n|turn|4\n|inactive|jit444 has 30 seconds left.\n|inactive|jit444 has 20 seconds left.\n|inactive|something123 has 30 seconds left.\n|inactive|jit444 has 15 seconds left.\n|inactive|jit444 has 10 seconds left.\n|inactive|something123 has 20 seconds left.\n|\n|t:|1728300235\n|move|p1a: Dragonite|Extreme Speed|p2a: Rillaboom\n|-damage|p2a: Rillaboom|0 fnt\n|faint|p2a: Rillaboom\n|move|p1b: Whimsicott|Tailwind|p1b: Whimsicott\n|-sidestart|p1: jit444|move: Tailwind\n|move|p2b: Ninetales|Blizzard|p1a: Dragonite|[spread] p1a,p1b\n|-supereffective|p1a: Dragonite\n|-supereffective|p1b: Whimsicott\n|-damage|p1a: Dragonite|4\/100\n|-damage|p1b: Whimsicott|0 fnt\n|-status|p1a: Dragonite|frz\n|faint|p1b: Whimsicott\n|\n|-weather|Snow|[upkeep]\n|upkeep\n|\n|t:|1728300245\n|switch|p1b: Gholdengo|Gholdengo, L50|100\/100\n|switch|p2a: Sneasler|Sneasler, L50, M|100\/100\n|-enditem|p2a: Sneasler|Grassy Seed\n|-boost|p2a: Sneasler|def|1|[from] item: Grassy Seed\n|turn|5\n|\n|t:|1728300262\n|-terastallize|p2b: Ninetales|Fire\n|move|p2a: Sneasler|Protect|p2a: Sneasler\n|-singleturn|p2a: Sneasler|Protect\n|-curestatus|p1a: Dragonite|frz|[msg]\n|move|p1a: Dragonite|Extreme Speed|p2a: Sneasler\n|-activate|p2a: Sneasler|move: Protect\n|move|p1b: Gholdengo|Make It Rain|p2a: Sneasler|[spread] p2b\n|-activate|p2a: Sneasler|move: Protect\n|-resisted|p2b: Ninetales\n|-damage|p2b: Ninetales|57\/100\n|-unboost|p1b: Gholdengo|spa|1\n|-damage|p1b: Gholdengo|91\/100|[from] item: Life Orb\n|move|p2b: Ninetales|Blizzard|p1a: Dragonite|[spread] p1a,p1b\n|-supereffective|p1a: Dragonite\n|-resisted|p1b: Gholdengo\n|-damage|p1a: Dragonite|0 fnt\n|-damage|p1b: Gholdengo|65\/100\n|-status|p1b: Gholdengo|frz\n|faint|p1a: Dragonite\n|\n|-weather|Snow|[upkeep]\n|-heal|p1b: Gholdengo|71\/100 frz|[from] Grassy Terrain\n|-heal|p2b: Ninetales|63\/100|[from] Grassy Terrain\n|-fieldend|move: Grassy Terrain\n|upkeep\n|\n|t:|1728300271\n|switch|p1a: Ursaluna|Ursaluna, L50, F, tera:Ghost|32\/100 brn\n|turn|6\n|inactive|something123 has 30 seconds left.\n|inactive|something123 has 20 seconds left.\n|\n|t:|1728300306\n|move|p2a: Sneasler|Acrobatics|p1a: Ursaluna\n|-damage|p1a: Ursaluna|0 fnt\n|faint|p1a: Ursaluna\n|cant|p1b: Gholdengo|frz\n|move|p2b: Ninetales|Blizzard|p1b: Gholdengo\n|-resisted|p1b: Gholdengo\n|-damage|p1b: Gholdengo|39\/100 frz\n|\n|-weather|Snow|[upkeep]\n|upkeep\n|turn|7\n|-message|jit444 forfeited.\n|\n|win|something123\n|raw|jit444's rating: 1676 &rarr; <strong>1665<\/strong><br \/>(-11 for losing)\n|raw|something123's rating: 1844 &rarr; <strong>1855<\/strong><br \/>(+11 for winning)\n|l|\u2606jit444\n|player|p1|\n|l| Tian15\n","uploadtime":1728300495,"views":42,"formatid":"gen9vgc2024regh","rating":1665,"private":0,"password":null}