{"id":"gen9vgc2024regh-2217530970","format":"[Gen 9] VGC 2024 Reg H","players":["anton19","N8NoDog"],"log":"|j|\u2606anton19\n|j|\u2606N8NoDog\n|t:|1728271367\n|gametype|doubles\n|player|p1|anton19|169|1758\n|player|p2|N8NoDog|archer|1721\n|teamsize|p1|6\n|teamsize|p2|6\n|gen|9\n|tier|[Gen 9] VGC 2024 Reg H\n|rated|\n|rule|Species Clause: Limit one of each Pok\u00e9mon\n|rule|Item Clause: Limit 1 of each item\n|clearpoke\n|poke|p1|Gholdengo, L50|\n|poke|p1|Rillaboom, L50, M|\n|poke|p1|Sneasler, L50, M|\n|poke|p1|Whimsicott, L50, F|\n|poke|p1|Typhlosion-Hisui, L50, F|\n|poke|p1|Electabuzz, L50, M|\n|poke|p2|Primarina, L50, F|\n|poke|p2|Sneasler, L50, M|\n|poke|p2|Dragonite, L50, M|\n|poke|p2|Rillaboom, L50, M|\n|poke|p2|Gholdengo, L50|\n|poke|p2|Magmar, L50, M|\n|teampreview|4\n|inactive|Battle timer is ON: inactive players will automatically lose when time's up. (requested by N8NoDog)\n|inactive|anton19 also wants the timer to be on.\n|inactive|anton19 has 60 seconds left.\n|inactive|N8NoDog has 60 seconds left.\n|\n|t:|1728271418\n|start\n|switch|p1a: Electabuzz|Electabuzz, L50, M|100\/100\n|switch|p1b: Gholdengo|Gholdengo, L50|100\/100\n|switch|p2a: Rillaboom|Rillaboom, L50, M|100\/100\n|switch|p2b: Sneasler|Sneasler, L50, M|100\/100\n|-fieldstart|move: Grassy Terrain|[from] ability: Grassy Surge|[of] p2a: Rillaboom\n|turn|1\n|\n|t:|1728271441\n|move|p1b: Gholdengo|Protect|p1b: Gholdengo\n|-singleturn|p1b: Gholdengo|Protect\n|move|p1a: Electabuzz|Protect|p1a: Electabuzz\n|-singleturn|p1a: Electabuzz|Protect\n|move|p2b: Sneasler|Coaching|p2a: Rillaboom\n|-boost|p2a: Rillaboom|atk|1\n|-boost|p2a: Rillaboom|def|1\n|move|p2a: Rillaboom|High Horsepower|p1b: Gholdengo\n|-activate|p1b: Gholdengo|move: Protect\n|\n|upkeep\n|turn|2\n|j| Therazer456\n|\n|t:|1728271457\n|move|p1a: Electabuzz|Follow Me|p1a: Electabuzz\n|-singleturn|p1a: Electabuzz|move: Follow Me\n|move|p2b: Sneasler|Coaching|p2a: Rillaboom\n|-boost|p2a: Rillaboom|atk|1\n|-boost|p2a: Rillaboom|def|1\n|move|p1b: Gholdengo|Nasty Plot|p1b: Gholdengo\n|-boost|p1b: Gholdengo|spa|2\n|move|p2a: Rillaboom|High Horsepower|p1a: Electabuzz\n|-supereffective|p1a: Electabuzz\n|-damage|p1a: Electabuzz|2\/100\n|\n|-heal|p1a: Electabuzz|7\/100|[from] Grassy Terrain\n|upkeep\n|turn|3\n|\n|t:|1728271475\n|-terastallize|p2a: Rillaboom|Fire\n|move|p1b: Gholdengo|Protect|p1b: Gholdengo\n|-singleturn|p1b: Gholdengo|Protect\n|move|p2b: Sneasler|Dire Claw|p1a: Electabuzz\n|-damage|p1a: Electabuzz|0 fnt\n|faint|p1a: Electabuzz\n|move|p2a: Rillaboom|High Horsepower|p1b: Gholdengo\n|-activate|p1b: Gholdengo|move: Protect\n|\n|upkeep\n|\n|t:|1728271487\n|switch|p1a: Whimsicott|Whimsicott, L50, F|100\/100\n|turn|4\n|\n|t:|1728271504\n|move|p1a: Whimsicott|Tailwind|p1a: Whimsicott\n|-sidestart|p1: anton19|move: Tailwind\n|move|p1b: Gholdengo|Make It Rain|p2b: Sneasler|[spread] p2a,p2b\n|-resisted|p2a: Rillaboom\n|-damage|p2a: Rillaboom|52\/100\n|-enditem|p2b: Sneasler|Focus Sash\n|-damage|p2b: Sneasler|1\/100\n|-unboost|p1b: Gholdengo|spa|1\n|move|p2b: Sneasler|Dire Claw|p1a: Whimsicott\n|-supereffective|p1a: Whimsicott\n|-enditem|p1a: Whimsicott|Focus Sash\n|-damage|p1a: Whimsicott|1\/100\n|-status|p1a: Whimsicott|psn\n|move|p2a: Rillaboom|High Horsepower|p1b: Gholdengo\n|-supereffective|p1b: Gholdengo\n|-damage|p1b: Gholdengo|0 fnt\n|faint|p1b: Gholdengo\n|\n|-heal|p2b: Sneasler|7\/100|[from] Grassy Terrain\n|-heal|p1a: Whimsicott|7\/100 psn|[from] Grassy Terrain\n|-heal|p2a: Rillaboom|58\/100|[from] Grassy Terrain\n|-damage|p1a: Whimsicott|0 fnt|[from] psn\n|faint|p1a: Whimsicott\n|upkeep\n|\n|t:|1728271518\n|switch|p1b: Typhlosion|Typhlosion-Hisui, L50, F|100\/100\n|turn|5\n|\n|t:|1728271541\n|-terastallize|p1b: Typhlosion|Fire\n|move|p2b: Sneasler|Dire Claw|p1b: Typhlosion\n|-damage|p1b: Typhlosion|34\/100\n|-status|p1b: Typhlosion|slp\n|cant|p1b: Typhlosion|slp\n|move|p2a: Rillaboom|High Horsepower|p1b: Typhlosion\n|-supereffective|p1b: Typhlosion\n|-damage|p1b: Typhlosion|0 fnt\n|faint|p1b: Typhlosion\n|\n|win|N8NoDog\n|raw|anton19's rating: 1758 &rarr; <strong>1736<\/strong><br \/>(-22 for losing)\n|raw|N8NoDog's rating: 1721 &rarr; <strong>1743<\/strong><br \/>(+22 for winning)\n|l|\u2606anton19\n|player|p1|\n|l| Therazer456\n","uploadtime":1728271552,"views":25,"formatid":"gen9vgc2024regh","rating":1736,"private":0,"password":null}