{"id":"gen9vgc2024regh-2218497352","format":"[Gen 9] VGC 2024 Reg H","players":["Glance-Meowstic","daniiivgc"],"log":"|j|\u2606Glance-Meowstic\n|j|\u203ddaniiivgc\n|t:|1728391993\n|gametype|doubles\n|player|p1|Glance-Meowstic|lillie-z|1746\n|player|p2|daniiivgc|gambler|1735\n|teamsize|p1|6\n|teamsize|p2|6\n|gen|9\n|tier|[Gen 9] VGC 2024 Reg H\n|rated|\n|rule|Species Clause: Limit one of each Pok\u00e9mon\n|rule|Item Clause: Limit 1 of each item\n|clearpoke\n|poke|p1|Sableye, L50, M|\n|poke|p1|Dondozo, L50, M|\n|poke|p1|Sylveon, L50, F|\n|poke|p1|Dragonite, L50, F|\n|poke|p1|Gholdengo, L50|\n|poke|p1|Ursaluna-Bloodmoon, L50, M|\n|poke|p2|Primarina, L50, M|\n|poke|p2|Cinderace, L50, F|\n|poke|p2|Kingambit, L50, F|\n|poke|p2|Hariyama, L50, F|\n|poke|p2|Sinistcha, L50|\n|poke|p2|Electabuzz, L50, F|\n|teampreview|4\n|inactive|Battle timer is ON: inactive players will automatically lose when time's up. (requested by daniiivgc)\n|\n|t:|1728392031\n|start\n|switch|p1a: Sableye|Sableye, L50, M|100\/100\n|switch|p1b: Sylveon|Sylveon, L50, F|100\/100\n|switch|p2a: Cinderace|Cinderace, L50, F|100\/100\n|switch|p2b: Electabuzz|Electabuzz, L50, F|100\/100\n|turn|1\n|\n|t:|1728392051\n|move|p1a: Sableye|Fake Out|p2a: Cinderace\n|-damage|p2a: Cinderace|90\/100\n|cant|p2a: Cinderace|flinch\n|move|p2b: Electabuzz|Eerie Impulse|p1b: Sylveon\n|-unboost|p1b: Sylveon|spa|2\n|move|p1b: Sylveon|Hyper Voice|p2b: Electabuzz|[spread] p2a,p2b\n|-resisted|p2a: Cinderace\n|-damage|p2a: Cinderace|75\/100\n|-damage|p2b: Electabuzz|85\/100\n|-enditem|p1b: Sylveon|Throat Spray\n|-boost|p1b: Sylveon|spa|1|[from] item: Throat Spray\n|\n|upkeep\n|turn|2\n|\n|t:|1728392069\n|move|p1b: Sylveon|Protect|p1b: Sylveon\n|-singleturn|p1b: Sylveon|Protect\n|move|p1a: Sableye|Encore|p2b: Electabuzz\n|-start|p2b: Electabuzz|Encore\n|move|p2a: Cinderace|U-turn|p1a: Sableye\n|-start|p2a: Cinderace|typechange|Bug|[from] ability: Libero\n|-damage|p1a: Sableye|22\/100\n|\n|t:|1728392078\n|switch|p2a: Primarina|Primarina, L50, M|100\/100|[from] U-turn\n|move|p2b: Electabuzz|Eerie Impulse|p1a: Sableye\n|-unboost|p1a: Sableye|spa|2\n|\n|upkeep\n|turn|3\n|\n|t:|1728392094\n|switch|p2b: Cinderace|Cinderace, L50, F|75\/100\n|switch|p1b: Dondozo|Dondozo, L50, M|100\/100\n|move|p1a: Sableye|Light Screen|p1a: Sableye\n|-sidestart|p1: Glance-Meowstic|move: Light Screen\n|move|p2a: Primarina|Dazzling Gleam|p1a: Sableye|[spread] p1a,p1b\n|-supereffective|p1a: Sableye\n|-damage|p1a: Sableye|0 fnt\n|-damage|p1b: Dondozo|80\/100\n|faint|p1a: Sableye\n|\n|upkeep\n|\n|t:|1728392111\n|switch|p1a: Sylveon|Sylveon, L50, F|100\/100\n|turn|4\n|\n|t:|1728392125\n|move|p2b: Cinderace|Flare Blitz|p1a: Sylveon\n|-damage|p1a: Sylveon|0 fnt\n|faint|p1a: Sylveon\n|-damage|p2b: Cinderace|34\/100|[from] Recoil\n|move|p2a: Primarina|Dazzling Gleam|p1b: Dondozo\n|-damage|p1b: Dondozo|52\/100\n|move|p1b: Dondozo|Curse|p1b: Dondozo\n|-unboost|p1b: Dondozo|spe|1\n|-boost|p1b: Dondozo|atk|1\n|-boost|p1b: Dondozo|def|1\n|\n|upkeep\n|\n|t:|1728392128\n|switch|p1a: Ursaluna|Ursaluna-Bloodmoon, L50, M|100\/100\n|turn|5\n|\n|t:|1728392141\n|switch|p2b: Kingambit|Kingambit, L50, F|100\/100\n|switch|p2a: Electabuzz|Electabuzz, L50, F|85\/100\n|move|p1a: Ursaluna|Blood Moon|p2a: Electabuzz\n|-damage|p2a: Electabuzz|7\/100\n|-damage|p1a: Ursaluna|91\/100|[from] item: Life Orb\n|move|p1b: Dondozo|Rest|p1b: Dondozo\n|-status|p1b: Dondozo|slp|[from] move: Rest\n|-heal|p1b: Dondozo|100\/100 slp|[silent]\n|-enditem|p1b: Dondozo|Chesto Berry|[eat]\n|-curestatus|p1b: Dondozo|slp|[msg]\n|\n|upkeep\n|turn|6\n|\n|t:|1728392164\n|move|p1a: Ursaluna|Vacuum Wave|p2a: Electabuzz\n|-damage|p2a: Electabuzz|0 fnt\n|faint|p2a: Electabuzz\n|-damage|p1a: Ursaluna|81\/100|[from] item: Life Orb\n|move|p2b: Kingambit|Swords Dance|p2b: Kingambit\n|-boost|p2b: Kingambit|atk|2\n|move|p1b: Dondozo|Curse|p1b: Dondozo\n|-unboost|p1b: Dondozo|spe|1\n|-boost|p1b: Dondozo|atk|1\n|-boost|p1b: Dondozo|def|1\n|\n|upkeep\n|\n|t:|1728392183\n|switch|p2a: Cinderace|Cinderace, L50, F|34\/100\n|turn|7\n|\n|t:|1728392209\n|move|p2a: Cinderace|Sucker Punch|p1a: Ursaluna\n|-start|p2a: Cinderace|typechange|Dark|[from] ability: Libero\n|-damage|p1a: Ursaluna|44\/100\n|move|p1a: Ursaluna|Vacuum Wave|p2b: Kingambit\n|-supereffective|p2b: Kingambit\n|-damage|p2b: Kingambit|23\/100\n|-damage|p1a: Ursaluna|35\/100|[from] item: Life Orb\n|move|p2b: Kingambit|Sucker Punch||[still]\n|-fail|p2b: Kingambit\n|move|p1b: Dondozo|Earthquake|p2b: Kingambit|[spread] p1a,p2a,p2b\n|-supereffective|p2b: Kingambit\n|-damage|p1a: Ursaluna|11\/100\n|-damage|p2a: Cinderace|0 fnt\n|-damage|p2b: Kingambit|0 fnt\n|faint|p2a: Cinderace\n|faint|p2b: Kingambit\n|\n|-sideend|p1: Glance-Meowstic|move: Light Screen\n|upkeep\n|\n|t:|1728392222\n|switch|p2b: Primarina|Primarina, L50, M|100\/100\n|turn|8\n|\n|t:|1728392233\n|-terastallize|p2b: Primarina|Grass\n|move|p2b: Primarina|Dazzling Gleam|p1b: Dondozo|[spread] p1a,p1b\n|-damage|p1a: Ursaluna|0 fnt\n|-damage|p1b: Dondozo|71\/100\n|faint|p1a: Ursaluna\n|move|p1b: Dondozo|Earthquake|p2b: Primarina\n|-resisted|p2b: Primarina\n|-damage|p2b: Primarina|76\/100\n|\n|upkeep\n|turn|9\n|\n|t:|1728392250\n|move|p2b: Primarina|Dazzling Gleam|p1b: Dondozo\n|-damage|p1b: Dondozo|31\/100\n|move|p1b: Dondozo|Fissure|p2b: Primarina\n|-damage|p2b: Primarina|0 fnt\n|faint|p2b: Primarina\n|-ohko\n|\n|win|Glance-Meowstic\n|raw|Glance-Meowstic's rating: 1746 &rarr; <strong>1765<\/strong><br \/>(+19 for winning)\n|raw|daniiivgc's rating: 1735 &rarr; <strong>1716<\/strong><br \/>(-19 for losing)\n|j| plplk\n|c|\u2606Glance-Meowstic|gg\n|l|\u203ddaniiivgc\n|player|p2|\n|l| plplk\n|l|\u2606Glance-Meowstic\n|player|p1|\n","uploadtime":1728392481,"views":31,"formatid":"gen9vgc2024regh","rating":1716,"private":0,"password":null}