{"id":"gen9vgc2024regh-2218999307","format":"[Gen 9] VGC 2024 Reg H","players":["moon7777alt2","shulivgc"],"log":"|j|\u2606moon7777alt2\n|j|\u2606shulivgc\n|t:|1728441025\n|gametype|doubles\n|player|p1|moon7777alt2|265|1765\n|player|p2|shulivgc|#smogonxnpa2024draftee2|1927\n|teamsize|p1|6\n|teamsize|p2|6\n|gen|9\n|tier|[Gen 9] VGC 2024 Reg H\n|rated|\n|rule|Species Clause: Limit one of each Pok\u00e9mon\n|rule|Item Clause: Limit 1 of each item\n|clearpoke\n|poke|p1|Dragonite, L50, F|\n|poke|p1|Kingambit, L50, F|\n|poke|p1|Primarina, L50, F|\n|poke|p1|Rillaboom, L50, F|\n|poke|p1|Sneasler, L50, F|\n|poke|p1|Comfey, L50, F|\n|poke|p2|Ursaluna-Bloodmoon, L50, M|\n|poke|p2|Gholdengo, L50|\n|poke|p2|Dragonite, L50, M|\n|poke|p2|Porygon2, L50|\n|poke|p2|Kingambit, L50, M|\n|poke|p2|Amoonguss, L50, F|\n|teampreview|4\nmoon7777alt2 has agreed to open team sheets.\n|inactive|Battle timer is ON: inactive players will automatically lose when time's up. (requested by moon7777alt2)\n|\n|t:|1728441058\n|start\n|switch|p1a: Dragonite|Dragonite, L50, F|100\/100\n|switch|p1b: Sneasler|Sneasler, L50, F|100\/100\n|switch|p2a: Ursaluna|Ursaluna-Bloodmoon, L50, M|100\/100\n|switch|p2b: Amoonguss|Amoonguss, L50, F|100\/100\n|turn|1\n|j| lemonand\n|inactive|moon7777alt2 has 30 seconds left.\n|\n|t:|1728441086\n|-terastallize|p2a: Ursaluna|Normal\n|move|p2b: Amoonguss|Protect|p2b: Amoonguss\n|-singleturn|p2b: Amoonguss|Protect\n|move|p1b: Sneasler|Coaching|p1a: Dragonite\n|-boost|p1a: Dragonite|atk|1\n|-boost|p1a: Dragonite|def|1\n|move|p1a: Dragonite|Dragon Dance|p1a: Dragonite\n|-boost|p1a: Dragonite|atk|1\n|-boost|p1a: Dragonite|spe|1\n|move|p2a: Ursaluna|Hyper Voice|p1a: Dragonite|[spread] p1a,p1b\n|-damage|p1a: Dragonite|78\/100\n|-damage|p1b: Sneasler|24\/100\n|\n|upkeep\n|turn|2\n|j| Yagamoth\n|inactive|moon7777alt2 has 30 seconds left.\n|\n|t:|1728441112\n|switch|p1b: Rillaboom|Rillaboom, L50, F|100\/100\n|-fieldstart|move: Grassy Terrain|[from] ability: Grassy Surge|[of] p1b: Rillaboom\n|-terastallize|p1a: Dragonite|Flying\n|move|p2b: Amoonguss|Rage Powder|p2b: Amoonguss\n|-singleturn|p2b: Amoonguss|move: Rage Powder\n|move|p1a: Dragonite|Tera Blast|p2b: Amoonguss|[anim] Tera Blast Flying\n|-supereffective|p2b: Amoonguss\n|-damage|p2b: Amoonguss|0 fnt\n|faint|p2b: Amoonguss\n|move|p2a: Ursaluna|Blood Moon|p1a: Dragonite\n|-damage|p1a: Dragonite|0 fnt\n|faint|p1a: Dragonite\n|\n|upkeep\n|\n|t:|1728441131\n|switch|p1a: Sneasler|Sneasler, L50, F|24\/100\n|switch|p2b: Gholdengo|Gholdengo, L50|100\/100\n|turn|3\n|\n|t:|1728441142\n|move|p2b: Gholdengo|Make It Rain|p1a: Sneasler|[spread] p1a,p1b\n|-damage|p1a: Sneasler|0 fnt\n|-damage|p1b: Rillaboom|59\/100\n|-unboost|p2b: Gholdengo|spa|1\n|faint|p1a: Sneasler\n|move|p1b: Rillaboom|High Horsepower|p2b: Gholdengo\n|-supereffective|p2b: Gholdengo\n|-damage|p2b: Gholdengo|29\/100\n|move|p2a: Ursaluna|Hyper Voice|p1b: Rillaboom\n|-damage|p1b: Rillaboom|4\/100\n|\n|-heal|p2b: Gholdengo|35\/100|[from] Grassy Terrain\n|-heal|p1b: Rillaboom|10\/100|[from] Grassy Terrain\n|upkeep\n|\n|t:|1728441146\n|switch|p1a: Kingambit|Kingambit, L50, F|100\/100\n|turn|4\n|\n|t:|1728441154\n|move|p1a: Kingambit|Sucker Punch|p2b: Gholdengo\n|-supereffective|p2b: Gholdengo\n|-damage|p2b: Gholdengo|0 fnt\n|faint|p2b: Gholdengo\n|move|p1b: Rillaboom|Wood Hammer|p2a: Ursaluna\n|-damage|p2a: Ursaluna|40\/100\n|-damage|p1b: Rillaboom|0 fnt|[from] Recoil\n|faint|p1b: Rillaboom\n|move|p2a: Ursaluna|Hyper Voice|p1a: Kingambit\n|-resisted|p1a: Kingambit\n|-damage|p1a: Kingambit|64\/100\n|\n|-heal|p2a: Ursaluna|46\/100|[from] Grassy Terrain\n|-heal|p1a: Kingambit|70\/100|[from] Grassy Terrain\n|upkeep\n|\n|t:|1728441157\n|switch|p2b: Dragonite|Dragonite, L50, M|100\/100\n|turn|5\n|\n|t:|1728441164\n|move|p2a: Ursaluna|Vacuum Wave|p1a: Kingambit\n|-supereffective|p1a: Kingambit\n|-damage|p1a: Kingambit|4\/100\n|move|p1a: Kingambit|Sucker Punch||[still]\n|-fail|p1a: Kingambit\n|move|p2b: Dragonite|Low Kick|p1a: Kingambit\n|-supereffective|p1a: Kingambit\n|-damage|p1a: Kingambit|0 fnt\n|faint|p1a: Kingambit\n|\n|win|shulivgc\n|raw|moon7777alt2's rating: 1765 &rarr; <strong>1754<\/strong><br \/>(-11 for losing)\n|raw|shulivgc's rating: 1927 &rarr; <strong>1938<\/strong><br \/>(+11 for winning)\n|l|\u2606shulivgc\n|player|p2|\n|j|\u2606shulivgc\n|player|p2|shulivgc|#smogonxnpa2024draftee2|\n|l| lemonand\n","uploadtime":1728441401,"views":306,"formatid":"gen9vgc2024regh","rating":1754,"private":0,"password":null}