{"id":"gen9vgc2024regh-2218385312","format":"[Gen 9] VGC 2024 Reg H","players":["GBVGC Dinonugget","mastamaste"],"log":"|j|\u2606GBVGC Dinonugget\n|j|\u2606mastamaste\n|t:|1728376596\n|gametype|doubles\n|player|p1|GBVGC Dinonugget|pokemaniac|1648\n|player|p2|mastamaste|barry|1694\n|teamsize|p1|6\n|teamsize|p2|6\n|gen|9\n|tier|[Gen 9] VGC 2024 Reg H\n|rated|\n|rule|Species Clause: Limit one of each Pok\u00e9mon\n|rule|Item Clause: Limit 1 of each item\n|clearpoke\n|poke|p1|Murkrow, L50, F|\n|poke|p1|Abomasnow, L50, F|\n|poke|p1|Indeedee, L50, M|\n|poke|p1|Sneasler, L50, M|\n|poke|p1|Basculegion, L50, M|\n|poke|p1|Gholdengo, L50|\n|poke|p2|Indeedee, L50, M|\n|poke|p2|Murkrow, L50, F|\n|poke|p2|Corviknight, L50, F|\n|poke|p2|Krookodile, L50, F|\n|poke|p2|Gardevoir, L50, F|\n|poke|p2|Rotom-Wash, L50|\n|teampreview|4\nGBVGC Dinonugget has agreed to open team sheets.\n|inactive|Battle timer is ON: inactive players will automatically lose when time's up. (requested by mastamaste)\n|inactive|GBVGC Dinonugget has 60 seconds left.\n|\n|t:|1728376666\n|start\n|switch|p1a: Murkrow|Murkrow, L50, F|100\/100\n|switch|p1b: Basculegion|Basculegion, L50, M|100\/100\n|switch|p2a: Rotom|Rotom-Wash, L50|100\/100\n|switch|p2b: Krookodile|Krookodile, L50, F, shiny|100\/100\n|-ability|p2b: Krookodile|Intimidate|boost\n|-unboost|p1a: Murkrow|atk|1\n|-unboost|p1b: Basculegion|atk|1\n|turn|1\n|\n|t:|1728376684\n|switch|p2b: Corviknight|Corviknight, L50, F, shiny|100\/100\n|-terastallize|p1b: Basculegion|Grass\n|move|p1a: Murkrow|Tailwind|p1a: Murkrow\n|-sidestart|p1: GBVGC Dinonugget|move: Tailwind\n|move|p1b: Basculegion|Wave Crash|p2b: Corviknight\n|-damage|p2b: Corviknight|63\/100\n|-damage|p1b: Basculegion|88\/100|[from] Recoil\n|move|p2a: Rotom|Will-O-Wisp|p1b: Basculegion\n|-status|p1b: Basculegion|brn\n|\n|-damage|p1b: Basculegion|82\/100 brn|[from] brn\n|upkeep\n|turn|2\n|\n|t:|1728376707\n|move|p1a: Murkrow|Haze|p1a: Murkrow\n|-clearallboost\n|move|p1b: Basculegion|Wave Crash|p2b: Corviknight\n|-damage|p2b: Corviknight|39\/100\n|-enditem|p2b: Corviknight|Sitrus Berry|[eat]\n|-heal|p2b: Corviknight|64\/100|[from] item: Sitrus Berry\n|-damage|p1b: Basculegion|74\/100 brn|[from] Recoil\n|move|p2b: Corviknight|Iron Defense|p2b: Corviknight\n|-boost|p2b: Corviknight|def|2\n|move|p2a: Rotom|Electroweb|p1a: Murkrow|[spread] p1a,p1b\n|-supereffective|p1a: Murkrow\n|-resisted|p1b: Basculegion\n|-damage|p1a: Murkrow|68\/100\n|-damage|p1b: Basculegion|64\/100 brn\n|-unboost|p1a: Murkrow|spe|1\n|-unboost|p1b: Basculegion|spe|1\n|\n|-damage|p1b: Basculegion|58\/100 brn|[from] brn\n|upkeep\n|turn|3\n|\n|t:|1728376729\n|switch|p1b: Abomasnow|Abomasnow, L50, F|100\/100\n|-weather|Snow|[from] ability: Snow Warning|[of] p1b: Abomasnow\n|move|p1a: Murkrow|Haze|p1a: Murkrow\n|-clearallboost\n|move|p2b: Corviknight|Roost|p2b: Corviknight\n|-heal|p2b: Corviknight|100\/100\n|-singleturn|p2b: Corviknight|move: Roost\n|move|p2a: Rotom|Electroweb|p1a: Murkrow|[spread] p1a,p1b\n|-supereffective|p1a: Murkrow\n|-resisted|p1b: Abomasnow\n|-damage|p1a: Murkrow|32\/100\n|-damage|p1b: Abomasnow|94\/100\n|-unboost|p1a: Murkrow|spe|1\n|-unboost|p1b: Abomasnow|spe|1\n|\n|-weather|Snow|[upkeep]\n|upkeep\n|turn|4\n|inactive|GBVGC Dinonugget has 30 seconds left.\n|inactive|mastamaste has 30 seconds left.\n|\n|t:|1728376758\n|move|p1a: Murkrow|Foul Play|p2b: Corviknight\n|-damage|p2b: Corviknight|70\/100\n|move|p2b: Corviknight|Brave Bird|p1b: Abomasnow\n|-supereffective|p1b: Abomasnow\n|-damage|p1b: Abomasnow|34\/100\n|-damage|p2b: Corviknight|52\/100|[from] Recoil\n|move|p1b: Abomasnow|Leaf Storm|p2a: Rotom\n|-supereffective|p2a: Rotom\n|-damage|p2a: Rotom|0 fnt\n|-unboost|p1b: Abomasnow|spa|2\n|faint|p2a: Rotom\n|\n|-weather|Snow|[upkeep]\n|-sideend|p1: GBVGC Dinonugget|move: Tailwind\n|upkeep\n|\n|t:|1728376777\n|switch|p2a: Krookodile|Krookodile, L50, F, shiny|100\/100\n|-ability|p2a: Krookodile|Intimidate|boost\n|-unboost|p1a: Murkrow|atk|1\n|-unboost|p1b: Abomasnow|atk|1\n|turn|5\n|\n|t:|1728376788\n|move|p1a: Murkrow|Tailwind|p1a: Murkrow\n|-sidestart|p1: GBVGC Dinonugget|move: Tailwind\n|move|p2a: Krookodile|Rock Slide|p1a: Murkrow|[spread] p1a,p1b\n|-supereffective|p1a: Murkrow\n|-supereffective|p1b: Abomasnow\n|-damage|p1a: Murkrow|0 fnt\n|-damage|p1b: Abomasnow|6\/100\n|faint|p1a: Murkrow\n|move|p2b: Corviknight|Roost|p2b: Corviknight\n|-heal|p2b: Corviknight|100\/100\n|-singleturn|p2b: Corviknight|move: Roost\n|move|p1b: Abomasnow|Blizzard|p2b: Corviknight|[spread] p2a,p2b\n|-supereffective|p2a: Krookodile\n|-resisted|p2b: Corviknight\n|-damage|p2a: Krookodile|48\/100\n|-damage|p2b: Corviknight|91\/100\n|\n|-weather|Snow|[upkeep]\n|upkeep\n|\n|t:|1728376809\n|switch|p1a: Basculegion|Basculegion, L50, M, tera:Grass|58\/100 brn\n|turn|6\n|\n|t:|1728376823\n|move|p1a: Basculegion|Wave Crash|p2a: Krookodile\n|-supereffective|p2a: Krookodile\n|-damage|p2a: Krookodile|0 fnt\n|faint|p2a: Krookodile\n|-damage|p1a: Basculegion|45\/100 brn|[from] Recoil\n|move|p2b: Corviknight|Brave Bird|p1b: Abomasnow\n|-supereffective|p1b: Abomasnow\n|-damage|p1b: Abomasnow|0 fnt\n|faint|p1b: Abomasnow\n|-damage|p2b: Corviknight|90\/100|[from] Recoil\n|\n|-weather|Snow|[upkeep]\n|-damage|p1a: Basculegion|39\/100 brn|[from] brn\n|upkeep\n|\n|t:|1728376838\n|switch|p2a: Murkrow|Murkrow, L50, F, shiny|100\/100\n|switch|p1b: Sneasler|Sneasler, L50, M, shiny|100\/100\n|turn|7\n|\n|t:|1728376850\n|-terastallize|p2a: Murkrow|Ghost\n|move|p2a: Murkrow|Tailwind|p2a: Murkrow\n|-sidestart|p2: mastamaste|move: Tailwind\n|move|p1a: Basculegion|Wave Crash|p2b: Corviknight\n|-damage|p2b: Corviknight|64\/100\n|-damage|p1a: Basculegion|30\/100 brn|[from] Recoil\n|move|p1b: Sneasler|Close Combat|p2b: Corviknight\n|-damage|p2b: Corviknight|8\/100\n|-unboost|p1b: Sneasler|def|1\n|-unboost|p1b: Sneasler|spd|1\n|move|p2b: Corviknight|Iron Defense|p2b: Corviknight\n|-boost|p2b: Corviknight|def|2\n|\n|-weather|none\n|-damage|p1a: Basculegion|24\/100 brn|[from] brn\n|upkeep\n|turn|8\n|\n|t:|1728376872\n|move|p1a: Basculegion|Wave Crash|p2b: Corviknight\n|-damage|p2b: Corviknight|0 fnt\n|faint|p2b: Corviknight\n|-damage|p1a: Basculegion|21\/100 brn|[from] Recoil\n|move|p1b: Sneasler|Throat Chop|p2a: Murkrow\n|-supereffective|p2a: Murkrow\n|-damage|p2a: Murkrow|31\/100\n|-start|p2a: Murkrow|Throat Chop|[silent]\n|move|p2a: Murkrow|Foul Play|p1a: Basculegion\n|-damage|p1a: Basculegion|0 fnt\n|faint|p1a: Basculegion\n|\n|-sideend|p1: GBVGC Dinonugget|move: Tailwind\n|upkeep\n|turn|9\n|\n|t:|1728376888\n|move|p2a: Murkrow|Foul Play|p1b: Sneasler\n|-resisted|p1b: Sneasler\n|-damage|p1b: Sneasler|38\/100\n|move|p1b: Sneasler|Throat Chop|p2a: Murkrow\n|-supereffective|p2a: Murkrow\n|-damage|p2a: Murkrow|0 fnt\n|faint|p2a: Murkrow\n|\n|win|GBVGC Dinonugget\n|raw|GBVGC Dinonugget's rating: 1648 &rarr; <strong>1671<\/strong><br \/>(+23 for winning)\n|raw|mastamaste's rating: 1694 &rarr; <strong>1671<\/strong><br \/>(-23 for losing)\n|l|\u2606mastamaste\n|player|p2|\n|l|\u2606GBVGC Dinonugget\n|player|p1|\n","uploadtime":1728376931,"views":16,"formatid":"gen9vgc2024regh","rating":1671,"private":0,"password":null}