{"id":"gen9vgc2024regh-2218006487","format":"[Gen 9] VGC 2024 Reg H","players":["AlejoB18","Kronicler"],"log":"|j|\u2606AlejoB18\n|j|\u2606Kronicler\n|t:|1728328565\n|gametype|doubles\n|player|p1|AlejoB18|ethan|1694\n|player|p2|Kronicler|yellow|1685\n|teamsize|p1|6\n|teamsize|p2|6\n|gen|9\n|tier|[Gen 9] VGC 2024 Reg H\n|rated|\n|rule|Species Clause: Limit one of each Pok\u00e9mon\n|rule|Item Clause: Limit 1 of each item\n|clearpoke\n|poke|p1|Dondozo, L50, M|\n|poke|p1|Tatsugiri, L50, F|\n|poke|p1|Sylveon, L50, M|\n|poke|p1|Kingambit, L50, F|\n|poke|p1|Archaludon, L50, F|\n|poke|p1|Dragonite, L50, F|\n|poke|p2|Gengar, L50, F|\n|poke|p2|Volcarona, L50, F|\n|poke|p2|Rillaboom, L50, M|\n|poke|p2|Bisharp, L50, M|\n|poke|p2|Primarina, L50, F|\n|poke|p2|Gothitelle, L50, F|\n|teampreview|4\n|inactive|Battle timer is ON: inactive players will automatically lose when time's up. (requested by AlejoB18)\n|inactive|Kronicler also wants the timer to be on.\nKronicler rejected open team sheets.\n|j| ale4060\n|inactive|AlejoB18 has 60 seconds left.\n|inactive|AlejoB18 has 30 seconds left.\n|inactive|AlejoB18 has 20 seconds left.\n|inactive|AlejoB18 has 15 seconds left.\n|inactive|AlejoB18 has 10 seconds left.\n|\n|t:|1728328652\n|start\n|switch|p1a: Sylveon|Sylveon, L50, M|100\/100\n|switch|p1b: Archaludon|Archaludon, L50, F|100\/100\n|switch|p2a: Volcarona|Volcarona, L50, F|100\/100\n|switch|p2b: Gengar|Gengar, L50, F|100\/100\n|turn|1\n|inactive|AlejoB18 has 30 seconds left.\n|inactive|AlejoB18 has 20 seconds left.\n|\n|t:|1728328691\n|move|p2b: Gengar|Acid Spray|p1a: Sylveon\n|-supereffective|p1a: Sylveon\n|-damage|p1a: Sylveon|65\/100\n|-unboost|p1a: Sylveon|spd|2\n|move|p2a: Volcarona|Heat Wave|p1b: Archaludon|[spread] p1a,p1b\n|-damage|p1a: Sylveon|0 fnt\n|-damage|p1b: Archaludon|20\/100\n|faint|p1a: Sylveon\n|-damage|p2a: Volcarona|91\/100|[from] item: Life Orb\n|move|p1b: Archaludon|Electro Shot||[still]\n|-prepare|p1b: Archaludon|Electro Shot\n|-boost|p1b: Archaludon|spa|1\n|-enditem|p1b: Archaludon|Power Herb\n|-anim|p1b: Archaludon|Electro Shot|p2a: Volcarona\n|-damage|p2a: Volcarona|15\/100\n|\n|upkeep\n|\n|t:|1728328707\n|switch|p1a: Dondozo|Dondozo, L50, M|100\/100\n|turn|2\n|l| ale4060\n|\n|t:|1728328725\n|switch|p2a: Primarina|Primarina, L50, F|100\/100\n|move|p1b: Archaludon|Protect|p1b: Archaludon\n|-singleturn|p1b: Archaludon|Protect\n|move|p1a: Dondozo|Protect|p1a: Dondozo\n|-singleturn|p1a: Dondozo|Protect\n|move|p2b: Gengar|Shadow Ball|p1b: Archaludon\n|-activate|p1b: Archaludon|move: Protect\n|\n|upkeep\n|turn|3\n|j| ale4060\n|\n|t:|1728328743\n|switch|p1b: Tatsugiri|Tatsugiri, L50, F|100\/100\n|-activate|p1b: Tatsugiri|ability: Commander|[of] p1a: Dondozo\n|-boost|p1a: Dondozo|atk|2\n|-boost|p1a: Dondozo|spa|2\n|-boost|p1a: Dondozo|spe|2\n|-boost|p1a: Dondozo|def|2\n|-boost|p1a: Dondozo|spd|2\n|-terastallize|p1a: Dondozo|Flying\n|move|p2b: Gengar|Shadow Ball|p1b: Tatsugiri|[miss]\n|-miss|p2b: Gengar|p1b: Tatsugiri\n|move|p1a: Dondozo|Tera Blast|p2a: Primarina|[anim] Tera Blast Flying\n|-damage|p2a: Primarina|2\/100\n|-enditem|p2a: Primarina|Wiki Berry|[eat]\n|-heal|p2a: Primarina|35\/100|[from] item: Wiki Berry\n|move|p2a: Primarina|Perish Song|p2a: Primarina\n|-start|p1a: Dondozo|perish3|[silent]\n|-miss|p2a: Primarina|p1b: Tatsugiri\n|-start|p2a: Primarina|perish3|[silent]\n|-start|p2b: Gengar|perish3|[silent]\n|-fieldactivate|move: Perish Song\n|\n|-start|p2b: Gengar|perish3\n|-start|p1a: Dondozo|perish3\n|-start|p2a: Primarina|perish3\n|upkeep\n|turn|4\n|j| giraf cosplay\n|inactive|AlejoB18 has 30 seconds left.\n|inactive|AlejoB18 has 20 seconds left.\n|\n|t:|1728328778\n|switch|p2a: Volcarona|Volcarona, L50, F|15\/100\n|move|p2b: Gengar|Icy Wind|p1a: Dondozo|[spread] p1a\n|-miss|p2b: Gengar|p1b: Tatsugiri\n|-supereffective|p1a: Dondozo\n|-damage|p1a: Dondozo|87\/100\n|move|p1a: Dondozo|Earthquake|p2b: Gengar|[spread] p2a,p2b\n|-miss|p1a: Dondozo|p1b: Tatsugiri\n|-supereffective|p2b: Gengar\n|-damage|p2a: Volcarona|0 fnt\n|-enditem|p2b: Gengar|Focus Sash\n|-damage|p2b: Gengar|1\/100\n|faint|p2a: Volcarona\n|\n|-start|p2b: Gengar|perish2\n|-start|p1a: Dondozo|perish2\n|upkeep\n|\n|t:|1728328793\n|switch|p2a: Bisharp|Bisharp, L50, M|100\/100\n|turn|5\n|l| ale4060\n|\n|t:|1728328812\n|-terastallize|p2a: Bisharp|Dark\n|move|p2b: Gengar|Shadow Ball|p1a: Dondozo\n|-damage|p1a: Dondozo|67\/100\n|move|p1a: Dondozo|Earthquake|p2a: Bisharp|[spread] p2a,p2b\n|-miss|p1a: Dondozo|p1b: Tatsugiri\n|-crit|p2a: Bisharp\n|-supereffective|p2b: Gengar\n|-damage|p2a: Bisharp|44\/100\n|-damage|p2b: Gengar|0 fnt\n|faint|p2b: Gengar\n|move|p2a: Bisharp|Assurance|p1a: Dondozo\n|-damage|p1a: Dondozo|39\/100\n|\n|-start|p1a: Dondozo|perish1\n|upkeep\n|\n|t:|1728328824\n|switch|p2b: Primarina|Primarina, L50, F|35\/100\n|turn|6\n|\n|t:|1728328833\n|move|p2a: Bisharp|Protect|p2a: Bisharp\n|-singleturn|p2a: Bisharp|Protect\n|move|p2b: Primarina|Protect|p2b: Primarina\n|-singleturn|p2b: Primarina|Protect\n|move|p1a: Dondozo|Earthquake|p2b: Primarina|[spread] \n|-miss|p1a: Dondozo|p1b: Tatsugiri\n|-activate|p2a: Bisharp|move: Protect\n|-activate|p2b: Primarina|move: Protect\n|\n|-start|p1a: Dondozo|perish0\n|faint|p1a: Dondozo\n|upkeep\n|\n|t:|1728328844\n|switch|p1a: Archaludon|Archaludon, L50, F|20\/100\n|turn|7\n|\n|t:|1728328864\n|move|p2a: Bisharp|Sucker Punch|p1a: Archaludon\n|-damage|p1a: Archaludon|0 fnt\n|faint|p1a: Archaludon\n|move|p1b: Tatsugiri|Draco Meteor|p2a: Bisharp\n|-crit|p2a: Bisharp\n|-damage|p2a: Bisharp|0 fnt\n|-unboost|p1b: Tatsugiri|spa|2\n|faint|p2a: Bisharp\n|move|p2b: Primarina|Moonblast|p1b: Tatsugiri\n|-supereffective|p1b: Tatsugiri\n|-enditem|p1b: Tatsugiri|Focus Sash\n|-damage|p1b: Tatsugiri|1\/100\n|-unboost|p1b: Tatsugiri|spa|1\n|\n|upkeep\n|turn|8\n|\n|t:|1728328878\n|move|p1b: Tatsugiri|Muddy Water|p2b: Primarina\n|-resisted|p2b: Primarina\n|-damage|p2b: Primarina|28\/100\n|-unboost|p2b: Primarina|accuracy|1\n|move|p2b: Primarina|Moonblast|p1b: Tatsugiri\n|-supereffective|p1b: Tatsugiri\n|-damage|p1b: Tatsugiri|0 fnt\n|faint|p1b: Tatsugiri\n|\n|win|Kronicler\n|raw|AlejoB18's rating: 1694 &rarr; <strong>1673<\/strong><br \/>(-21 for losing)\n|raw|Kronicler's rating: 1685 &rarr; <strong>1706<\/strong><br \/>(+21 for winning)\n|l|\u2606Kronicler\n|player|p2|\n|c|\u2606AlejoB18|gg\n|l| giraf cosplay\n|c|\u2606AlejoB18|good bulk in primarina\n|l|\u2606AlejoB18\n|player|p1|\n","uploadtime":1728329095,"views":15,"formatid":"gen9vgc2024regh","rating":1673,"private":0,"password":null}