{"id":"gen9vgc2024regh-2218800546","format":"[Gen 9] VGC 2024 Reg H","players":["daniiivgc","roykeenkennedy"],"log":"|j|\u203ddaniiivgc\n|j|\u2606roykeenkennedy\n|t:|1728418876\n|gametype|doubles\n|player|p1|daniiivgc|lucas|1722\n|player|p2|roykeenkennedy|alder|1794\n|teamsize|p1|6\n|teamsize|p2|6\n|gen|9\n|tier|[Gen 9] VGC 2024 Reg H\n|rated|\n|rule|Species Clause: Limit one of each Pok\u00e9mon\n|rule|Item Clause: Limit 1 of each item\n|clearpoke\n|poke|p1|Primarina, L50, F|\n|poke|p1|Cinderace, L50, M|\n|poke|p1|Kingambit, L50, F|\n|poke|p1|Hariyama, L50, F|\n|poke|p1|Sinistcha, L50|\n|poke|p1|Electabuzz, L50, F|\n|poke|p2|Salamence, L50, F|\n|poke|p2|Incineroar, L50, F|\n|poke|p2|Weezing, L50, F|\n|poke|p2|Dragapult, L50, M|\n|poke|p2|Ursaluna-Bloodmoon, L50, M|\n|poke|p2|Volcarona, L50, F|\n|teampreview|4\n|inactive|Battle timer is ON: inactive players will automatically lose when time's up. (requested by roykeenkennedy)\n|\n|t:|1728418923\n|start\n|switch|p1a: Electabuzz|Electabuzz, L50, F|100\/100\n|switch|p1b: Cinderace|Cinderace, L50, M|100\/100\n|switch|p2a: Weezing|Weezing, L50, F|100\/100\n|switch|p2b: Incineroar|Incineroar, L50, F|100\/100\n|-ability|p2a: Weezing|Neutralizing Gas\n|-block|p2b: Incineroar|item: Ability Shield\n|-ability|p2b: Incineroar|Intimidate|boost\n|-unboost|p1a: Electabuzz|atk|1\n|-unboost|p1b: Cinderace|atk|1\n|turn|1\n|\n|t:|1728418944\n|move|p2b: Incineroar|Fake Out|p1b: Cinderace\n|-damage|p1b: Cinderace|86\/100\n|cant|p1b: Cinderace|flinch\n|move|p1a: Electabuzz|Taunt|p2a: Weezing\n|-start|p2a: Weezing|move: Taunt\n|cant|p2a: Weezing|move: Taunt|Taunt\n|\n|upkeep\n|turn|2\n|\n|t:|1728418959\n|move|p1b: Cinderace|High Jump Kick|p2b: Incineroar\n|-supereffective|p2b: Incineroar\n|-damage|p2b: Incineroar|24\/100\n|move|p1a: Electabuzz|Eerie Impulse|p2a: Weezing\n|-unboost|p2a: Weezing|spa|2\n|move|p2a: Weezing|Sludge Bomb|p1a: Electabuzz\n|-damage|p1a: Electabuzz|91\/100\n|move|p2b: Incineroar|Knock Off|p1a: Electabuzz\n|-damage|p1a: Electabuzz|60\/100\n|-enditem|p1a: Electabuzz|Eviolite|[from] move: Knock Off|[of] p2b: Incineroar\n|\n|upkeep\n|turn|3\n|\n|t:|1728418984\n|switch|p1b: Kingambit|Kingambit, L50, F|100\/100\n|switch|p2b: Volcarona|Volcarona, L50, F|100\/100\n|move|p1a: Electabuzz|Volt Switch|p2b: Volcarona\n|-damage|p2b: Volcarona|78\/100\n|\n|t:|1728418992\n|switch|p1a: Cinderace|Cinderace, L50, M|86\/100|[from] Volt Switch\n|move|p2a: Weezing|Sludge Bomb|p1b: Kingambit\n|-immune|p1b: Kingambit\n|\n|-end|p2a: Weezing|move: Taunt\n|upkeep\n|turn|4\n|\n|t:|1728419008\n|switch|p2b: Incineroar|Incineroar, L50, F|24\/100\n|-ability|p2b: Incineroar|Intimidate|boost\n|-unboost|p1a: Cinderace|atk|1\n|-unboost|p1b: Kingambit|atk|1\n|move|p1a: Cinderace|Flare Blitz|p2b: Incineroar\n|-resisted|p2b: Incineroar\n|-damage|p2b: Incineroar|0 fnt\n|faint|p2b: Incineroar\n|-damage|p1a: Cinderace|76\/100|[from] Recoil\n|move|p2a: Weezing|Will-O-Wisp|p1b: Kingambit\n|-status|p1b: Kingambit|brn\n|move|p1b: Kingambit|Swords Dance|p1b: Kingambit\n|-boost|p1b: Kingambit|atk|2\n|\n|-damage|p1b: Kingambit|95\/100 brn|[from] brn\n|upkeep\n|\n|t:|1728419026\n|switch|p2b: Salamence|Salamence, L50, F|100\/100\n|turn|5\n|\n|t:|1728419041\n|switch|p1a: Electabuzz|Electabuzz, L50, F|60\/100\n|move|p2b: Salamence|Breaking Swipe|p1b: Kingambit|[spread] p1a,p1b\n|-resisted|p1b: Kingambit\n|-damage|p1a: Electabuzz|28\/100\n|-damage|p1b: Kingambit|86\/100 brn\n|-unboost|p1a: Electabuzz|atk|1\n|-unboost|p1b: Kingambit|atk|1\n|move|p2a: Weezing|Taunt|p1a: Electabuzz\n|-start|p1a: Electabuzz|move: Taunt\n|move|p1b: Kingambit|Kowtow Cleave|p2b: Salamence\n|-damage|p2b: Salamence|71\/100\n|\n|-damage|p1b: Kingambit|80\/100 brn|[from] brn\n|upkeep\n|turn|6\n|\n|t:|1728419060\n|move|p2b: Salamence|Breaking Swipe|p1b: Kingambit|[spread] p1a,p1b\n|-resisted|p1b: Kingambit\n|-damage|p1a: Electabuzz|0 fnt\n|-damage|p1b: Kingambit|70\/100 brn\n|-unboost|p1b: Kingambit|atk|1\n|faint|p1a: Electabuzz\n|move|p2a: Weezing|Taunt|p1b: Kingambit\n|-start|p1b: Kingambit|move: Taunt\n|cant|p1b: Kingambit|move: Taunt|Swords Dance\n|\n|-damage|p1b: Kingambit|64\/100 brn|[from] brn\n|upkeep\n|\n|t:|1728419069\n|switch|p1a: Primarina|Primarina, L50, F|100\/100\n|turn|7\n|\n|t:|1728419084\n|switch|p1b: Cinderace|Cinderace, L50, M|76\/100\n|move|p2b: Salamence|Breaking Swipe|p1b: Cinderace|[spread] p1b\n|-immune|p1a: Primarina\n|-damage|p1b: Cinderace|38\/100\n|-unboost|p1b: Cinderace|atk|1\n|move|p2a: Weezing|Sludge Bomb|p1a: Primarina\n|-supereffective|p1a: Primarina\n|-damage|p1a: Primarina|74\/100\n|move|p1a: Primarina|Hydro Cannon|p2a: Weezing\n|-damage|p2a: Weezing|0 fnt\n|-mustrecharge|p1a: Primarina\n|faint|p2a: Weezing\n|-end|p2a: Weezing|ability: Neutralizing Gas\n|\n|upkeep\n|\n|t:|1728419100\n|switch|p2a: Volcarona|Volcarona, L50, F|78\/100\n|turn|8\n|\n|t:|1728419113\n|-terastallize|p1b: Cinderace|Fire\n|move|p2b: Salamence|Breaking Swipe|p1b: Cinderace|[spread] p1b\n|-immune|p1a: Primarina\n|-damage|p1b: Cinderace|0 fnt\n|faint|p1b: Cinderace\n|-ability|p2b: Salamence|Moxie|boost\n|-boost|p2b: Salamence|atk|1\n|move|p2a: Volcarona|Giga Drain|p1a: Primarina\n|-supereffective|p1a: Primarina\n|-damage|p1a: Primarina|27\/100\n|-heal|p2a: Volcarona|100\/100|[from] drain|[of] p1a: Primarina\n|cant|p1a: Primarina|recharge\n|\n|upkeep\n|\n|t:|1728419124\n|switch|p1b: Kingambit|Kingambit, L50, F|64\/100 brn\n|turn|9\n|\n|t:|1728419137\n|-terastallize|p2a: Volcarona|Water\n|move|p2b: Salamence|Breaking Swipe|p1a: Primarina|[spread] p1b\n|-immune|p1a: Primarina\n|-resisted|p1b: Kingambit\n|-damage|p1b: Kingambit|49\/100 brn\n|-unboost|p1b: Kingambit|atk|1\n|-ability|p1b: Kingambit|Defiant|boost\n|-boost|p1b: Kingambit|atk|2\n|move|p2a: Volcarona|Heat Wave|p1a: Primarina|[spread] p1a,p1b\n|-resisted|p1a: Primarina\n|-crit|p1a: Primarina\n|-supereffective|p1b: Kingambit\n|-damage|p1a: Primarina|3\/100\n|-damage|p1b: Kingambit|0 fnt\n|faint|p1b: Kingambit\n|move|p1a: Primarina|Hydro Cannon|p2a: Volcarona\n|-resisted|p2a: Volcarona\n|-damage|p2a: Volcarona|42\/100\n|-mustrecharge|p1a: Primarina\n|\n|upkeep\n|turn|10\n|\n|t:|1728419157\n|move|p2b: Salamence|Breaking Swipe|p1a: Primarina\n|-immune|p1a: Primarina\n|move|p2a: Volcarona|Giga Drain|p1a: Primarina\n|-supereffective|p1a: Primarina\n|-damage|p1a: Primarina|0 fnt\n|-heal|p2a: Volcarona|44\/100|[from] drain|[of] p1a: Primarina\n|faint|p1a: Primarina\n|\n|win|roykeenkennedy\n|raw|daniiivgc's rating: 1722 &rarr; <strong>1706<\/strong><br \/>(-16 for losing)\n|raw|roykeenkennedy's rating: 1794 &rarr; <strong>1810<\/strong><br \/>(+16 for winning)\n|l|\u203ddaniiivgc\n|player|p1|\n|c|\u2606roykeenkennedy|Gg\n|l|\u2606roykeenkennedy\n|player|p2|\n","uploadtime":1728419427,"views":29,"formatid":"gen9vgc2024regh","rating":1706,"private":0,"password":null}