{"id":"gen9vgc2024regh-2218765666","format":"[Gen 9] VGC 2024 Reg H","players":["PYS_Max","rgktest"],"log":"|j|\u2606PYS_Max\n|j|\u2606rgktest\n|t:|1728415694\n|gametype|doubles\n|player|p1|PYS_Max|linebacker|1676\n|player|p2|rgktest|102|1771\n|teamsize|p1|6\n|teamsize|p2|6\n|gen|9\n|tier|[Gen 9] VGC 2024 Reg H\n|rated|\n|rule|Species Clause: Limit one of each Pok\u00e9mon\n|rule|Item Clause: Limit 1 of each item\n|clearpoke\n|poke|p1|Exeggutor, L50, F|\n|poke|p1|Indeedee-F, L50, F|\n|poke|p1|Torkoal, L50, F|\n|poke|p1|Hydreigon, L50, F|\n|poke|p1|Flamigo, L50, M|\n|poke|p1|Archaludon, L50, F|\n|poke|p2|Incineroar, L50, M|\n|poke|p2|Porygon2, L50|\n|poke|p2|Amoonguss, L50, F|\n|poke|p2|Ursaluna, L50, F|\n|poke|p2|Tyranitar, L50, M|\n|poke|p2|Annihilape, L50, F|\n|teampreview|4\n|j| Agent D3 MAX\n|inactive|Battle timer is ON: inactive players will automatically lose when time's up. (requested by PYS_Max)\n|\n|t:|1728415746\n|start\n|switch|p1a: Flamigo|Flamigo, L50, M|100\/100\n|switch|p1b: Exeggutor|Exeggutor, L50, F|100\/100\n|switch|p2a: Amoonguss|Amoonguss, L50, F, shiny|100\/100\n|switch|p2b: Tyranitar|Tyranitar, L50, M|100\/100\n|-weather|Sandstorm|[from] ability: Sand Stream|[of] p2b: Tyranitar\n|turn|1\n|inactive|rgktest has 30 seconds left.\n|\n|t:|1728415773\n|switch|p1a: Indeedee|Indeedee-F, L50, F|100\/100\n|-fieldstart|move: Psychic Terrain|[from] ability: Psychic Surge|[of] p1a: Indeedee\n|-enditem|p1a: Indeedee|Psychic Seed\n|-boost|p1a: Indeedee|spd|1|[from] item: Psychic Seed\n|move|p2a: Amoonguss|Rage Powder|p2a: Amoonguss\n|-singleturn|p2a: Amoonguss|move: Rage Powder\n|move|p1b: Exeggutor|Expanding Force|p2a: Amoonguss|[spread] p2a\n|-immune|p2b: Tyranitar\n|-supereffective|p2a: Amoonguss\n|-damage|p2a: Amoonguss|0 fnt\n|faint|p2a: Amoonguss\n|-damage|p1b: Exeggutor|91\/100|[from] item: Life Orb\n|move|p2b: Tyranitar|Rock Slide|p1a: Indeedee|[spread] p1b\n|-miss|p2b: Tyranitar|p1a: Indeedee\n|-damage|p1b: Exeggutor|59\/100\n|\n|-weather|Sandstorm|[upkeep]\n|-damage|p1b: Exeggutor|53\/100|[from] Sandstorm\n|-damage|p1a: Indeedee|94\/100|[from] Sandstorm\n|upkeep\n|\n|t:|1728415781\n|switch|p2a: Porygon2|Porygon2, L50, shiny|100\/100\n|-ability|p2a: Porygon2|Download|boost\n|-boost|p2a: Porygon2|atk|1\n|turn|2\n|j| giftedyewsucks\n|inactive|PYS_Max has 30 seconds left.\n|\n|t:|1728415809\n|switch|p1a: Torkoal|Torkoal, L50, F|100\/100\n|-weather|SunnyDay|[from] ability: Drought|[of] p1a: Torkoal\n|move|p1b: Exeggutor|Leaf Storm|p2b: Tyranitar\n|-supereffective|p2b: Tyranitar\n|-damage|p2b: Tyranitar|24\/100\n|-unboost|p1b: Exeggutor|spa|2\n|-damage|p1b: Exeggutor|43\/100|[from] item: Life Orb\n|move|p2b: Tyranitar|Snarl|p1a: Torkoal|[spread] p1a,p1b\n|-supereffective|p1b: Exeggutor\n|-damage|p1a: Torkoal|84\/100\n|-damage|p1b: Exeggutor|10\/100\n|-unboost|p1a: Torkoal|spa|1\n|-unboost|p1b: Exeggutor|spa|1\n|move|p2a: Porygon2|Recover||[still]\n|-fail|p2a: Porygon2|heal\n|\n|-weather|SunnyDay|[upkeep]\n|upkeep\n|turn|3\n|inactive|PYS_Max has 30 seconds left.\n|inactive|rgktest has 30 seconds left.\n|\n|t:|1728415842\n|move|p1b: Exeggutor|Leaf Storm|p2b: Tyranitar\n|-supereffective|p2b: Tyranitar\n|-damage|p2b: Tyranitar|0 fnt\n|-unboost|p1b: Exeggutor|spa|2\n|faint|p2b: Tyranitar\n|-damage|p1b: Exeggutor|0 fnt|[from] item: Life Orb\n|faint|p1b: Exeggutor\n|move|p2a: Porygon2|Tera Blast|p1a: Torkoal\n|-damage|p1a: Torkoal|41\/100\n|move|p1a: Torkoal|Heat Wave|p2a: Porygon2\n|-damage|p2a: Porygon2|69\/100\n|\n|-weather|SunnyDay|[upkeep]\n|upkeep\n|l|\u2606PYS_Max\n|inactive|PYS_Max disconnected and has a minute to reconnect!\n|player|p1|\n|l| giftedyewsucks\n|j|\u2606PYS_Max\n|inactive|PYS_Max reconnected and has 35 seconds left.\n|player|p1|PYS_Max|linebacker|\n|inactive|PYS_Max has 30 seconds left.\n|\n|t:|1728415869\n|switch|p1b: Flamigo|Flamigo, L50, M|100\/100\n|switch|p2b: Ursaluna|Ursaluna, L50, F, shiny|100\/100\n|turn|4\n|inactive|rgktest has 30 seconds left.\n|l|\u2606PYS_Max\n|inactive|PYS_Max disconnected and has a minute to reconnect!\n|player|p1|\n|inactive|rgktest has 20 seconds left.\n|\n|t:|1728415905\n|-terastallize|p2a: Porygon2|Fighting\n|move|p1b: Flamigo|Brave Bird|p2a: Porygon2\n|-supereffective|p2a: Porygon2\n|-damage|p2a: Porygon2|11\/100\n|-damage|p1b: Flamigo|78\/100|[from] Recoil\n|move|p2b: Ursaluna|Headlong Rush|p1a: Torkoal\n|-supereffective|p1a: Torkoal\n|-damage|p1a: Torkoal|0 fnt\n|-unboost|p2b: Ursaluna|def|1\n|-unboost|p2b: Ursaluna|spd|1\n|faint|p1a: Torkoal\n|move|p2a: Porygon2|Trick Room|p2a: Porygon2\n|-fieldstart|move: Trick Room|[of] p2a: Porygon2\n|\n|-weather|SunnyDay|[upkeep]\n|-status|p2b: Ursaluna|brn|[from] item: Flame Orb\n|upkeep\n|j|\u2606PYS_Max\n|inactive|PYS_Max reconnected and has 35 seconds left.\n|player|p1|PYS_Max|linebacker|\n|\n|t:|1728415930\n|switch|p1a: Indeedee|Indeedee-F, L50, F|94\/100\n|turn|5\n|\n|t:|1728415954\n|move|p1a: Indeedee|Follow Me|p1a: Indeedee\n|-singleturn|p1a: Indeedee|move: Follow Me\n|move|p2b: Ursaluna|Facade|p1a: Indeedee\n|-damage|p1a: Indeedee|0 fnt\n|faint|p1a: Indeedee\n|move|p2a: Porygon2|Recover|p2a: Porygon2\n|-heal|p2a: Porygon2|61\/100\n|move|p1b: Flamigo|Close Combat|p2b: Ursaluna\n|-supereffective|p2b: Ursaluna\n|-damage|p2b: Ursaluna|0 fnt\n|-unboost|p1b: Flamigo|def|1\n|-unboost|p1b: Flamigo|spd|1\n|faint|p2b: Ursaluna\n|\n|-weather|SunnyDay|[upkeep]\n|-fieldend|move: Psychic Terrain\n|upkeep\n|turn|6\n|j| DonShitDozo\n|inactive|rgktest has 30 seconds left.\n|\n|t:|1728415984\n|-terastallize|p1b: Flamigo|Flying\n|move|p2a: Porygon2|Recover|p2a: Porygon2\n|-heal|p2a: Porygon2|100\/100\n|move|p1b: Flamigo|Brave Bird|p2a: Porygon2\n|-supereffective|p2a: Porygon2\n|-damage|p2a: Porygon2|13\/100\n|-damage|p1b: Flamigo|43\/100|[from] Recoil\n|\n|-weather|none\n|upkeep\n|turn|7\n|j| Koraidon14\n|\n|t:|1728416001\n|move|p1b: Flamigo|Detect|p1b: Flamigo\n|-singleturn|p1b: Flamigo|Protect\n|move|p2a: Porygon2|Ice Beam|p1b: Flamigo\n|-activate|p1b: Flamigo|move: Protect\n|\n|upkeep\n|turn|8\n|j| giftedyewsucks\n|\n|t:|1728416006\n|move|p1b: Flamigo|Detect|p1b: Flamigo\n|-singleturn|p1b: Flamigo|Protect\n|move|p2a: Porygon2|Ice Beam|p1b: Flamigo\n|-activate|p1b: Flamigo|move: Protect\n|\n|-fieldend|move: Trick Room\n|upkeep\n|turn|9\n|l| giftedyewsucks\n|\n|t:|1728416011\n|move|p1b: Flamigo|Brave Bird|p2a: Porygon2\n|-supereffective|p2a: Porygon2\n|-damage|p2a: Porygon2|0 fnt\n|faint|p2a: Porygon2\n|-damage|p1b: Flamigo|37\/100|[from] Recoil\n|\n|win|PYS_Max\n|raw|PYS_Max's rating: 1676 &rarr; <strong>1701<\/strong><br \/>(+25 for winning)\n|raw|rgktest's rating: 1771 &rarr; <strong>1746<\/strong><br \/>(-25 for losing)\n|l| DonShitDozo\n|l| Agent D3 MAX\n|l|\u2606PYS_Max\n|player|p1|\n|j| Agent D3 MAX\n|l| Agent D3 MAX\n|l|\u2606rgktest\n|player|p2|\n","uploadtime":1728416170,"views":18,"formatid":"gen9vgc2024regh","rating":1701,"private":0,"password":null}