{"id":"gen9vgc2024regh-2218449952","format":"[Gen 9] VGC 2024 Reg H","players":["Glance-Meowstic","Grothendieck86"],"log":"|j|\u2606Glance-Meowstic\n|j|\u2606Grothendieck86\n|t:|1728386337\n|gametype|doubles\n|player|p1|Glance-Meowstic|lillie-z|1681\n|player|p2|Grothendieck86|unknown|1707\n|teamsize|p1|6\n|teamsize|p2|6\n|gen|9\n|tier|[Gen 9] VGC 2024 Reg H\n|rated|\n|rule|Species Clause: Limit one of each Pok\u00e9mon\n|rule|Item Clause: Limit 1 of each item\n|clearpoke\n|poke|p1|Sableye, L50, M|\n|poke|p1|Dondozo, L50, F|\n|poke|p1|Sylveon, L50, F|\n|poke|p1|Dragonite, L50, M|\n|poke|p1|Gholdengo, L50|\n|poke|p1|Ursaluna-Bloodmoon, L50, M|\n|poke|p2|Dondozo, L50, M|\n|poke|p2|Maushold-Four, L50|\n|poke|p2|Sneasler, L50, F|\n|poke|p2|Dragonite, L50, F|\n|poke|p2|Rillaboom, L50, M|\n|poke|p2|Torkoal, L50, F|\n|teampreview|4\n|inactive|Battle timer is ON: inactive players will automatically lose when time's up. (requested by Glance-Meowstic)\n|inactive|Grothendieck86 has 60 seconds left.\n|\n|t:|1728386427\n|start\n|switch|p1a: Sableye|Sableye, L50, M|100\/100\n|switch|p1b: Sylveon|Sylveon, L50, F|100\/100\n|switch|p2a: Maushold|Maushold-Four, L50|100\/100\n|switch|p2b: Sneasler|Sneasler, L50, F|100\/100\n|turn|1\n|\n|t:|1728386443\n|-terastallize|p2a: Maushold|Ghost\n|move|p1b: Sylveon|Protect|p1b: Sylveon\n|-singleturn|p1b: Sylveon|Protect\n|move|p1a: Sableye|Will-O-Wisp|p2b: Sneasler|[miss]\n|-miss|p1a: Sableye|p2b: Sneasler\n|move|p2b: Sneasler|Coaching|p2a: Maushold\n|-boost|p2a: Maushold|atk|1\n|-boost|p2a: Maushold|def|1\n|move|p2a: Maushold|Population Bomb|p1b: Sylveon\n|-activate|p1b: Sylveon|move: Protect\n|\n|upkeep\n|turn|2\n|\n|t:|1728386459\n|switch|p1b: Dondozo|Dondozo, L50, F|100\/100\n|move|p1a: Sableye|Will-O-Wisp|p2a: Maushold\n|-status|p2a: Maushold|brn\n|move|p2b: Sneasler|Dire Claw|p1b: Dondozo\n|-damage|p1b: Dondozo|72\/100\n|-status|p1b: Dondozo|par\n|move|p2a: Maushold|Population Bomb|p1b: Dondozo\n|-damage|p1b: Dondozo|69\/100 par\n|-damage|p1b: Dondozo|65\/100 par\n|-damage|p1b: Dondozo|62\/100 par\n|-damage|p1b: Dondozo|58\/100 par\n|-damage|p1b: Dondozo|55\/100 par\n|-damage|p1b: Dondozo|51\/100 par\n|-damage|p1b: Dondozo|48\/100 par\n|-damage|p1b: Dondozo|44\/100 par\n|-damage|p1b: Dondozo|41\/100 par\n|-damage|p1b: Dondozo|38\/100 par\n|-hitcount|p1b: Dondozo|10\n|\n|-damage|p2a: Maushold|94\/100 brn|[from] brn\n|upkeep\n|turn|3\n|inactive|Grothendieck86 has 30 seconds left.\n|\n|t:|1728386486\n|move|p1a: Sableye|Will-O-Wisp|p2b: Sneasler\n|-status|p2b: Sneasler|brn\n|move|p2b: Sneasler|Dire Claw|p1a: Sableye\n|-resisted|p1a: Sableye\n|-damage|p1a: Sableye|85\/100\n|-status|p1a: Sableye|slp\n|move|p2a: Maushold|Shadow Claw|p1a: Sableye\n|-damage|p1a: Sableye|59\/100 slp\n|move|p1b: Dondozo|Fissure|p2b: Sneasler\n|-enditem|p2b: Sneasler|Focus Sash\n|-damage|p2b: Sneasler|1\/100 brn\n|\n|-damage|p2b: Sneasler|0 fnt|[from] brn\n|faint|p2b: Sneasler\n|-damage|p2a: Maushold|88\/100 brn|[from] brn\n|upkeep\n|\n|t:|1728386503\n|switch|p2b: Dragonite|Dragonite, L50, F|100\/100\n|turn|4\n|\n|t:|1728386525\n|-terastallize|p1b: Dondozo|Ghost\n|cant|p1a: Sableye|slp\n|move|p2a: Maushold|Population Bomb|p1b: Dondozo\n|-immune|p1b: Dondozo\n|move|p2b: Dragonite|Scale Shot|p1a: Sableye\n|-damage|p1a: Sableye|40\/100 slp\n|-damage|p1a: Sableye|21\/100 slp\n|-damage|p1a: Sableye|3\/100 slp\n|-damage|p1a: Sableye|0 fnt\n|faint|p1a: Sableye\n|-hitcount|p1: Sableye|4\n|-unboost|p2b: Dragonite|def|1\n|-boost|p2b: Dragonite|spe|1\n|move|p1b: Dondozo|Rest|p1b: Dondozo\n|-status|p1b: Dondozo|slp|[from] move: Rest\n|-heal|p1b: Dondozo|100\/100 slp|[silent]\n|-enditem|p1b: Dondozo|Chesto Berry|[eat]\n|-curestatus|p1b: Dondozo|slp|[msg]\n|\n|-damage|p2a: Maushold|82\/100 brn|[from] brn\n|upkeep\n|\n|t:|1728386534\n|switch|p1a: Sylveon|Sylveon, L50, F|100\/100\n|turn|5\n|\n|t:|1728386543\n|move|p2b: Dragonite|Protect|p2b: Dragonite\n|-singleturn|p2b: Dragonite|Protect\n|move|p1a: Sylveon|Protect|p1a: Sylveon\n|-singleturn|p1a: Sylveon|Protect\n|move|p2a: Maushold|Population Bomb|p1a: Sylveon\n|-activate|p1a: Sylveon|move: Protect\n|move|p1b: Dondozo|Curse|p2b: Dragonite\n|-start|p2b: Dragonite|Curse|[of] p1b: Dondozo\n|-damage|p1b: Dondozo|51\/100\n|\n|-damage|p2a: Maushold|76\/100 brn|[from] brn\n|-damage|p2b: Dragonite|76\/100|[from] Curse\n|upkeep\n|turn|6\n|\n|t:|1728386561\n|move|p2b: Dragonite|Tera Blast|p1a: Sylveon\n|-damage|p1a: Sylveon|88\/100\n|move|p2a: Maushold|Population Bomb|p1a: Sylveon\n|-damage|p1a: Sylveon|79\/100\n|-damage|p1a: Sylveon|68\/100\n|-damage|p1a: Sylveon|57\/100\n|-damage|p1a: Sylveon|46\/100\n|-damage|p1a: Sylveon|36\/100\n|-damage|p1a: Sylveon|24\/100\n|-damage|p1a: Sylveon|14\/100\n|-damage|p1a: Sylveon|3\/100\n|-damage|p1a: Sylveon|0 fnt\n|faint|p1a: Sylveon\n|-hitcount|p1: Sylveon|9\n|move|p1b: Dondozo|Rest|p1b: Dondozo\n|-status|p1b: Dondozo|slp|[from] move: Rest\n|-heal|p1b: Dondozo|100\/100 slp|[silent]\n|\n|-damage|p2a: Maushold|70\/100 brn|[from] brn\n|-damage|p2b: Dragonite|51\/100|[from] Curse\n|upkeep\n|\n|t:|1728386564\n|switch|p1a: Dragonite|Dragonite, L50, M|100\/100\n|turn|7\n|\n|t:|1728386583\n|move|p1a: Dragonite|Extreme Speed|p2b: Dragonite\n|-damage|p2b: Dragonite|0 fnt\n|faint|p2b: Dragonite\n|move|p2a: Maushold|Population Bomb|p1a: Dragonite\n|-damage|p1a: Dragonite|97\/100\n|-damage|p1a: Dragonite|89\/100\n|-damage|p1a: Dragonite|81\/100\n|-damage|p1a: Dragonite|73\/100\n|-damage|p1a: Dragonite|65\/100\n|-damage|p1a: Dragonite|56\/100\n|-damage|p1a: Dragonite|48\/100\n|-damage|p1a: Dragonite|40\/100\n|-crit|p1a: Dragonite\n|-damage|p1a: Dragonite|28\/100\n|-damage|p1a: Dragonite|19\/100\n|-hitcount|p1a: Dragonite|10\n|cant|p1b: Dondozo|slp\n|\n|-damage|p2a: Maushold|64\/100 brn|[from] brn\n|upkeep\n|j| Trfgtred\n|\n|t:|1728386586\n|switch|p2b: Rillaboom|Rillaboom, L50, M|100\/100\n|-fieldstart|move: Grassy Terrain|[from] ability: Grassy Surge|[of] p2b: Rillaboom\n|turn|8\n|\n|t:|1728386595\n|move|p2a: Maushold|Population Bomb|p1a: Dragonite\n|-damage|p1a: Dragonite|11\/100\n|-damage|p1a: Dragonite|4\/100\n|-damage|p1a: Dragonite|0 fnt\n|faint|p1a: Dragonite\n|-hitcount|p1: Dragonite|3\n|move|p2b: Rillaboom|Wood Hammer|p1b: Dondozo\n|-damage|p1b: Dondozo|51\/100 slp\n|-damage|p2b: Rillaboom|79\/100|[from] Recoil\n|cant|p1b: Dondozo|slp\n|\n|-heal|p2a: Maushold|70\/100 brn|[from] Grassy Terrain\n|-heal|p2b: Rillaboom|84\/100|[from] Grassy Terrain\n|-heal|p1b: Dondozo|58\/100 slp|[from] Grassy Terrain\n|-damage|p2a: Maushold|64\/100 brn|[from] brn\n|upkeep\n|turn|9\n|\n|t:|1728386600\n|move|p2a: Maushold|Shadow Claw|p1b: Dondozo\n|-supereffective|p1b: Dondozo\n|-crit|p1b: Dondozo\n|-damage|p1b: Dondozo|34\/100 slp\n|move|p2b: Rillaboom|Wood Hammer|p1b: Dondozo\n|-damage|p1b: Dondozo|0 fnt\n|faint|p1b: Dondozo\n|-damage|p2b: Rillaboom|69\/100|[from] Recoil\n|\n|win|Grothendieck86\n|raw|Glance-Meowstic's rating: 1681 &rarr; <strong>1664<\/strong><br \/>(-17 for losing)\n|raw|Grothendieck86's rating: 1729 &rarr; <strong>1746<\/strong><br \/>(+17 for winning)\n|l|\u2606Grothendieck86\n|player|p2|\n|l|\u2606Glance-Meowstic\n|player|p1|\n","uploadtime":1728386872,"views":19,"formatid":"gen9vgc2024regh","rating":1664,"private":0,"password":null}