{"id":"gen9vgc2024regh-2218752808","format":"[Gen 9] VGC 2024 Reg H","players":["lich3n","popeye32"],"log":"|j|\u2606lich3n\n|j|\u2606popeye32\n|t:|1728414564\n|gametype|doubles\n|player|p1|lich3n|veteranf|1688\n|player|p2|popeye32|acetrainersnowf|1655\n|teamsize|p1|6\n|teamsize|p2|6\n|gen|9\n|tier|[Gen 9] VGC 2024 Reg H\n|rated|\n|rule|Species Clause: Limit one of each Pok\u00e9mon\n|rule|Item Clause: Limit 1 of each item\n|clearpoke\n|poke|p1|Volcarona, L50, M|\n|poke|p1|Grimmsnarl, L50, M|\n|poke|p1|Annihilape, L50, M|\n|poke|p1|Gholdengo, L50|\n|poke|p1|Ursaluna, L50, F|\n|poke|p1|Porygon2, L50|\n|poke|p2|Tyranitar, L50, F|\n|poke|p2|Garchomp, L50, M|\n|poke|p2|Corviknight, L50, M|\n|poke|p2|Hydreigon, L50, F|\n|poke|p2|Chandelure, L50, M|\n|poke|p2|Wartortle, L50, M|\n|teampreview|4\n|inactive|Battle timer is ON: inactive players will automatically lose when time's up. (requested by popeye32)\n|\n|t:|1728414590\n|start\n|switch|p1a: Porygon2|Porygon2, L50|100\/100\n|switch|p1b: Girimekhala|Grimmsnarl, L50, M|100\/100\n|switch|p2a: Corviknight|Corviknight, L50, M|100\/100\n|switch|p2b: Hydreigon|Hydreigon, L50, F|100\/100\n|-ability|p1a: Porygon2|Download|boost\n|-boost|p1a: Porygon2|spa|1\n|turn|1\n|\n|t:|1728414610\n|-terastallize|p2b: Hydreigon|Poison\n|move|p1b: Girimekhala|Taunt|p2a: Corviknight\n|-start|p2a: Corviknight|move: Taunt\n|move|p2b: Hydreigon|Tera Blast|p1b: Girimekhala|[anim] Tera Blast Poison\n|-supereffective|p1b: Girimekhala\n|-damage|p1b: Girimekhala|8\/100\n|move|p2a: Corviknight|Body Press|p1a: Porygon2\n|-supereffective|p1a: Porygon2\n|-damage|p1a: Porygon2|65\/100\n|move|p1a: Porygon2|Trick Room|p1a: Porygon2\n|-fieldstart|move: Trick Room|[of] p1a: Porygon2\n|\n|upkeep\n|turn|2\n|\n|t:|1728414630\n|switch|p1a: Annihilape|Annihilape, L50, M|100\/100\n|switch|p2b: Tyranitar|Tyranitar, L50, F|100\/100\n|-weather|Sandstorm|[from] ability: Sand Stream|[of] p2b: Tyranitar\n|move|p1b: Girimekhala|Light Screen|p1b: Girimekhala\n|-sidestart|p1: lich3n|move: Light Screen\n|move|p2a: Corviknight|Body Press|p1b: Girimekhala\n|-damage|p1b: Girimekhala|0 fnt\n|faint|p1b: Girimekhala\n|\n|-weather|Sandstorm|[upkeep]\n|upkeep\n|\n|t:|1728414632\n|switch|p1b: Ursaluna|Ursaluna, L50, F|100\/100\n|turn|3\n|\n|t:|1728414652\n|-terastallize|p1b: Ursaluna|Poison\n|move|p1b: Ursaluna|Headlong Rush|p2b: Tyranitar\n|-supereffective|p2b: Tyranitar\n|-damage|p2b: Tyranitar|0 fnt\n|-unboost|p1b: Ursaluna|def|1\n|-unboost|p1b: Ursaluna|spd|1\n|faint|p2b: Tyranitar\n|move|p2a: Corviknight|Brave Bird|p1a: Annihilape\n|-supereffective|p1a: Annihilape\n|-damage|p1a: Annihilape|28\/100\n|-damage|p2a: Corviknight|75\/100|[from] Recoil\n|move|p1a: Annihilape|Bulk Up|p1a: Annihilape\n|-boost|p1a: Annihilape|atk|1\n|-boost|p1a: Annihilape|def|1\n|\n|-weather|Sandstorm|[upkeep]\n|-damage|p1b: Ursaluna|95\/100|[from] Sandstorm\n|-end|p2a: Corviknight|move: Taunt\n|-status|p1b: Ursaluna|brn|[from] item: Flame Orb\n|upkeep\n|\n|t:|1728414658\n|switch|p2b: Garchomp|Garchomp, L50, M|100\/100\n|turn|4\n|\n|t:|1728414670\n|move|p1a: Annihilape|Protect|p1a: Annihilape\n|-singleturn|p1a: Annihilape|Protect\n|move|p2b: Garchomp|Protect|p2b: Garchomp\n|-singleturn|p2b: Garchomp|Protect\n|move|p1b: Ursaluna|Facade|p2a: Corviknight\n|-resisted|p2a: Corviknight\n|-damage|p2a: Corviknight|33\/100\n|-enditem|p2a: Corviknight|Sitrus Berry|[eat]\n|-heal|p2a: Corviknight|58\/100|[from] item: Sitrus Berry\n|move|p2a: Corviknight|Brave Bird|p1a: Annihilape\n|-activate|p1a: Annihilape|move: Protect\n|\n|-weather|Sandstorm|[upkeep]\n|-damage|p1b: Ursaluna|89\/100 brn|[from] Sandstorm\n|-damage|p1b: Ursaluna|83\/100 brn|[from] brn\n|upkeep\n|turn|5\n|\n|t:|1728414692\n|move|p1b: Ursaluna|Facade|p2b: Garchomp\n|-damage|p2b: Garchomp|0 fnt\n|faint|p2b: Garchomp\n|move|p2a: Corviknight|Brave Bird|p1a: Annihilape\n|-supereffective|p1a: Annihilape\n|-damage|p1a: Annihilape|0 fnt\n|faint|p1a: Annihilape\n|-damage|p2a: Corviknight|49\/100|[from] Recoil\n|\n|-weather|Sandstorm|[upkeep]\n|-damage|p1b: Ursaluna|77\/100 brn|[from] Sandstorm\n|-damage|p1b: Ursaluna|71\/100 brn|[from] brn\n|-fieldend|move: Trick Room\n|upkeep\n|\n|t:|1728414695\n|switch|p2b: Hydreigon|Hydreigon, L50, F, tera:Poison|100\/100\n|switch|p1a: Porygon2|Porygon2, L50|65\/100\n|-ability|p1a: Porygon2|Download|boost\n|-boost|p1a: Porygon2|spa|1\n|turn|6\n|\n|t:|1728414706\n|move|p2b: Hydreigon|Dark Pulse|p1a: Porygon2\n|-damage|p1a: Porygon2|43\/100\n|move|p2a: Corviknight|Body Press|p1a: Porygon2\n|-supereffective|p1a: Porygon2\n|-damage|p1a: Porygon2|4\/100\n|cant|p1a: Porygon2|flinch\n|move|p1b: Ursaluna|Facade|p2a: Corviknight\n|-resisted|p2a: Corviknight\n|-damage|p2a: Corviknight|9\/100\n|\n|-weather|none\n|-damage|p1b: Ursaluna|65\/100 brn|[from] brn\n|upkeep\n|turn|7\n|\n|t:|1728414719\n|move|p2b: Hydreigon|Dark Pulse|p1b: Ursaluna\n|-damage|p1b: Ursaluna|8\/100 brn\n|move|p2a: Corviknight|Body Press|p1a: Porygon2\n|-supereffective|p1a: Porygon2\n|-crit|p1a: Porygon2\n|-damage|p1a: Porygon2|0 fnt\n|faint|p1a: Porygon2\n|move|p1b: Ursaluna|Facade|p2a: Corviknight\n|-resisted|p2a: Corviknight\n|-damage|p2a: Corviknight|0 fnt\n|faint|p2a: Corviknight\n|\n|-damage|p1b: Ursaluna|2\/100 brn|[from] brn\n|upkeep\n|turn|8\n|\n|t:|1728414724\n|move|p2b: Hydreigon|Dark Pulse|p1b: Ursaluna\n|-damage|p1b: Ursaluna|0 fnt\n|faint|p1b: Ursaluna\n|\n|win|popeye32\n|raw|lich3n's rating: 1688 &rarr; <strong>1666<\/strong><br \/>(-22 for losing)\n|raw|popeye32's rating: 1655 &rarr; <strong>1677<\/strong><br \/>(+22 for winning)\n|l|\u2606lich3n\n|player|p1|\n|l|\u2606popeye32\n|player|p2|\n","uploadtime":1728414944,"views":16,"formatid":"gen9vgc2024regh","rating":1666,"private":0,"password":null}