{"id":"gen9vgc2024regh-2218517364","format":"[Gen 9] VGC 2024 Reg H","players":["Glance-Meowstic","greenlightdmp"],"log":"|j|\u2606Glance-Meowstic\n|j|\u2606greenlightdmp\n|t:|1728394080\n|gametype|doubles\n|player|p1|Glance-Meowstic|lillie-z|1780\n|player|p2|greenlightdmp|102|1682\n|teamsize|p1|6\n|teamsize|p2|6\n|gen|9\n|tier|[Gen 9] VGC 2024 Reg H\n|rated|\n|rule|Species Clause: Limit one of each Pok\u00e9mon\n|rule|Item Clause: Limit 1 of each item\n|clearpoke\n|poke|p1|Sableye, L50, M|\n|poke|p1|Dondozo, L50, M|\n|poke|p1|Sylveon, L50, M|\n|poke|p1|Dragonite, L50, F|\n|poke|p1|Gholdengo, L50|\n|poke|p1|Ursaluna-Bloodmoon, L50, M|\n|poke|p2|Tyranitar, L50, F|\n|poke|p2|Gholdengo, L50|\n|poke|p2|Talonflame, L50, F|\n|poke|p2|Garchomp, L50, F|\n|poke|p2|Cryogonal, L50|\n|poke|p2|Gastrodon-East, L50, F|\n|teampreview|4\n|inactive|Battle timer is ON: inactive players will automatically lose when time's up. (requested by greenlightdmp)\n|inactive|greenlightdmp has 60 seconds left.\n|\n|t:|1728394140\n|start\n|switch|p1a: Sableye|Sableye, L50, M|100\/100\n|switch|p1b: Ursaluna|Ursaluna-Bloodmoon, L50, M|100\/100\n|switch|p2a: Gholdengo|Gholdengo, L50|100\/100\n|switch|p2b: Tyranitar|Tyranitar, L50, F|100\/100\n|-weather|Sandstorm|[from] ability: Sand Stream|[of] p2b: Tyranitar\n|turn|1\n|inactive|Glance-Meowstic has 30 seconds left.\n|\n|t:|1728394171\n|-terastallize|p2a: Gholdengo|Steel\n|-terastallize|p1b: Ursaluna|Steel\n|move|p1a: Sableye|Fake Out|p2b: Tyranitar\n|-resisted|p2b: Tyranitar\n|-damage|p2b: Tyranitar|98\/100\n|move|p2a: Gholdengo|Make It Rain|p1a: Sableye|[spread] p1a,p1b\n|-resisted|p1b: Ursaluna\n|-enditem|p1a: Sableye|Focus Sash\n|-damage|p1a: Sableye|1\/100\n|-damage|p1b: Ursaluna|42\/100\n|-unboost|p2a: Gholdengo|spa|1\n|cant|p2b: Tyranitar|flinch\n|move|p1b: Ursaluna|Earth Power|p2a: Gholdengo\n|-supereffective|p2a: Gholdengo\n|-damage|p2a: Gholdengo|0 fnt\n|faint|p2a: Gholdengo\n|-damage|p1b: Ursaluna|32\/100|[from] item: Life Orb\n|\n|-weather|Sandstorm|[upkeep]\n|-damage|p1a: Sableye|0 fnt|[from] Sandstorm\n|faint|p1a: Sableye\n|upkeep\n|inactive|greenlightdmp has 30 seconds left.\n|inactive|greenlightdmp has 20 seconds left.\n|inactive|greenlightdmp has 15 seconds left.\n|\n|t:|1728394213\n|switch|p2a: Sashimi|Garchomp, L50, F|100\/100\n|switch|p1a: Dondozo|Dondozo, L50, M|100\/100\n|turn|2\n|\n|t:|1728394227\n|move|p1b: Ursaluna|Vacuum Wave|p2a: Sashimi\n|-damage|p2a: Sashimi|76\/100\n|-damage|p1b: Ursaluna|23\/100|[from] item: Life Orb\n|move|p2a: Sashimi|Stomping Tantrum|p1b: Ursaluna\n|-supereffective|p1b: Ursaluna\n|-damage|p1b: Ursaluna|0 fnt\n|faint|p1b: Ursaluna\n|-damage|p2a: Sashimi|66\/100|[from] item: Life Orb\n|move|p2b: Tyranitar|Knock Off|p1a: Dondozo\n|-damage|p1a: Dondozo|67\/100\n|-enditem|p1a: Dondozo|Chesto Berry|[from] move: Knock Off|[of] p2b: Tyranitar\n|move|p1a: Dondozo|Curse|p1a: Dondozo\n|-unboost|p1a: Dondozo|spe|1\n|-boost|p1a: Dondozo|atk|1\n|-boost|p1a: Dondozo|def|1\n|\n|-weather|Sandstorm|[upkeep]\n|-damage|p1a: Dondozo|61\/100|[from] Sandstorm\n|upkeep\n|\n|t:|1728394229\n|switch|p1b: Gholdengo|Gholdengo, L50|100\/100\n|turn|3\n|inactive|greenlightdmp has 30 seconds left.\n|\n|t:|1728394254\n|switch|p2b: Cryogonal|Cryogonal, L50|100\/100\n|move|p1b: Gholdengo|Make It Rain|p2a: Sashimi|[spread] p2a,p2b\n|-supereffective|p2b: Cryogonal\n|-damage|p2a: Sashimi|4\/100\n|-enditem|p2b: Cryogonal|Focus Sash\n|-damage|p2b: Cryogonal|1\/100\n|-unboost|p1b: Gholdengo|spa|1\n|move|p2a: Sashimi|Earthquake|p1a: Dondozo|[spread] p1a,p1b\n|-immune|p2b: Cryogonal|[from] ability: Levitate\n|-supereffective|p1b: Gholdengo\n|-damage|p1a: Dondozo|41\/100\n|-damage|p1b: Gholdengo|0 fnt\n|faint|p1b: Gholdengo\n|-damage|p2a: Sashimi|0 fnt|[from] item: Life Orb\n|faint|p2a: Sashimi\n|move|p1a: Dondozo|Curse|p1a: Dondozo\n|-unboost|p1a: Dondozo|spe|1\n|-boost|p1a: Dondozo|atk|1\n|-boost|p1a: Dondozo|def|1\n|\n|-weather|Sandstorm|[upkeep]\n|-damage|p2b: Cryogonal|0 fnt|[from] Sandstorm\n|-damage|p1a: Dondozo|35\/100|[from] Sandstorm\n|faint|p2b: Cryogonal\n|upkeep\n|\n|t:|1728394269\n|switch|p2b: Tyranitar|Tyranitar, L50, F|98\/100\n|turn|4\n|\n|t:|1728394273\n|move|p2b: Tyranitar|Rock Slide|p1a: Dondozo\n|-damage|p1a: Dondozo|22\/100\n|cant|p1a: Dondozo|flinch\n|\n|-weather|Sandstorm|[upkeep]\n|-damage|p1a: Dondozo|15\/100|[from] Sandstorm\n|upkeep\n|turn|5\n|c|\u2606Glance-Meowstic|.....\n|\n|t:|1728394290\n|move|p2b: Tyranitar|Rock Slide|p1a: Dondozo\n|-damage|p1a: Dondozo|3\/100\n|move|p1a: Dondozo|Rest|p1a: Dondozo\n|-status|p1a: Dondozo|slp|[from] move: Rest\n|-heal|p1a: Dondozo|100\/100 slp|[silent]\n|\n|-weather|none\n|upkeep\n|turn|6\n|\n|t:|1728394298\n|move|p2b: Tyranitar|Low Kick|p1a: Dondozo\n|-damage|p1a: Dondozo|86\/100 slp\n|cant|p1a: Dondozo|slp\n|\n|upkeep\n|turn|7\n|\n|t:|1728394300\n|move|p2b: Tyranitar|Rock Slide|p1a: Dondozo\n|-damage|p1a: Dondozo|73\/100 slp\n|cant|p1a: Dondozo|slp\n|\n|upkeep\n|turn|8\n|\n|t:|1728394303\n|move|p2b: Tyranitar|Rock Slide|p1a: Dondozo|[miss]\n|-miss|p2b: Tyranitar|p1a: Dondozo\n|-curestatus|p1a: Dondozo|slp|[msg]\n|move|p1a: Dondozo|Earthquake|p2b: Tyranitar\n|-supereffective|p2b: Tyranitar\n|-damage|p2b: Tyranitar|18\/100\n|\n|upkeep\n|turn|9\n|\n|t:|1728394305\n|move|p2b: Tyranitar|Rock Slide|p1a: Dondozo\n|-damage|p1a: Dondozo|61\/100\n|move|p1a: Dondozo|Earthquake|p2b: Tyranitar\n|-supereffective|p2b: Tyranitar\n|-damage|p2b: Tyranitar|0 fnt\n|faint|p2b: Tyranitar\n|\n|win|Glance-Meowstic\n|raw|Glance-Meowstic's rating: 1780 &rarr; <strong>1795<\/strong><br \/>(+15 for winning)\n|raw|greenlightdmp's rating: 1682 &rarr; <strong>1667<\/strong><br \/>(-15 for losing)\n|c|\u2606Glance-Meowstic|gg\n|l|\u2606greenlightdmp\n|player|p2|\n|l|\u2606Glance-Meowstic\n|player|p1|\n","uploadtime":1728394317,"views":27,"formatid":"gen9vgc2024regh","rating":1667,"private":0,"password":null}