{"id":"gen9vgc2024regh-2218520937","format":"[Gen 9] VGC 2024 Reg H","players":["Glance-Meowstic","Emirnent"],"log":"|j|\u2606Glance-Meowstic\n|j|\u2606Emirnent\n|t:|1728394435\n|gametype|doubles\n|player|p1|Glance-Meowstic|lillie-z|1795\n|player|p2|Emirnent|1|1686\n|teamsize|p1|6\n|teamsize|p2|6\n|gen|9\n|tier|[Gen 9] VGC 2024 Reg H\n|rated|\n|rule|Species Clause: Limit one of each Pok\u00e9mon\n|rule|Item Clause: Limit 1 of each item\n|clearpoke\n|poke|p1|Sableye, L50, M|\n|poke|p1|Dondozo, L50, F|\n|poke|p1|Sylveon, L50, F|\n|poke|p1|Dragonite, L50, M|\n|poke|p1|Gholdengo, L50|\n|poke|p1|Ursaluna-Bloodmoon, L50, M|\n|poke|p2|Sneasler, L50, M|\n|poke|p2|Gastrodon, L50, M|\n|poke|p2|Ursaluna-Bloodmoon, L50, M|\n|poke|p2|Armarouge, L50, M|\n|poke|p2|Ninetales-Alola, L50, F|\n|poke|p2|Gholdengo, L50|\n|teampreview|4\n|inactive|Battle timer is ON: inactive players will automatically lose when time's up. (requested by Emirnent)\n|\n|t:|1728394463\n|start\n|switch|p1a: Sableye|Sableye, L50, M|100\/100\n|switch|p1b: Sylveon|Sylveon, L50, F|100\/100\n|switch|p2a: Gastrodon|Gastrodon, L50, M|100\/100\n|switch|p2b: Ursaluna|Ursaluna-Bloodmoon, L50, M|100\/100\n|turn|1\n|j| plplk\n|\n|t:|1728394474\n|move|p1a: Sableye|Fake Out|p2b: Ursaluna\n|-damage|p2b: Ursaluna|95\/100\n|move|p1b: Sylveon|Hyper Voice|p2a: Gastrodon|[spread] p2a,p2b\n|-damage|p2a: Gastrodon|67\/100\n|-damage|p2b: Ursaluna|66\/100\n|-enditem|p1b: Sylveon|Throat Spray\n|-boost|p1b: Sylveon|spa|1|[from] item: Throat Spray\n|cant|p2b: Ursaluna|flinch\n|move|p2a: Gastrodon|Yawn|p1b: Sylveon\n|-start|p1b: Sylveon|move: Yawn|[of] p2a: Gastrodon\n|\n|-heal|p2a: Gastrodon|73\/100|[from] item: Leftovers\n|upkeep\n|turn|2\n|l| plplk\n|\n|t:|1728394482\n|move|p1a: Sableye|Will-O-Wisp|p1b: Sylveon\n|-status|p1b: Sylveon|brn\n|move|p1b: Sylveon|Hyper Voice|p2b: Ursaluna|[spread] p2a,p2b\n|-crit|p2a: Gastrodon\n|-damage|p2a: Gastrodon|0 fnt\n|-damage|p2b: Ursaluna|17\/100\n|faint|p2a: Gastrodon\n|move|p2b: Ursaluna|Blood Moon|p1b: Sylveon\n|-damage|p1b: Sylveon|39\/100 brn\n|\n|-damage|p1b: Sylveon|33\/100 brn|[from] brn\n|-end|p1b: Sylveon|move: Yawn|[silent]\n|upkeep\n|\n|t:|1728394494\n|switch|p2a: Gholdengo|Gholdengo, L50|100\/100\n|turn|3\n|\n|t:|1728394499\n|move|p1a: Sableye|Encore|p1b: Sylveon\n|-start|p1b: Sylveon|Encore\n|move|p1b: Sylveon|Hyper Voice|p2b: Ursaluna|[spread] p2a,p2b\n|-resisted|p2a: Gholdengo\n|-damage|p2a: Gholdengo|64\/100\n|-damage|p2b: Ursaluna|0 fnt\n|faint|p2b: Ursaluna\n|move|p2a: Gholdengo|Make It Rain|p1b: Sylveon|[spread] p1a,p1b\n|-supereffective|p1b: Sylveon\n|-damage|p1a: Sableye|25\/100\n|-damage|p1b: Sylveon|0 fnt\n|-unboost|p2a: Gholdengo|spa|1\n|faint|p1b: Sylveon\n|\n|upkeep\n|\n|t:|1728394508\n|switch|p1b: Gholdengo|Gholdengo, L50|100\/100\n|switch|p2b: Sneasler|Sneasler, L50, M|100\/100\n|turn|4\n|j| plplk\n|\n|t:|1728394523\n|-terastallize|p2a: Gholdengo|Steel\n|-terastallize|p1b: Gholdengo|Ground\n|move|p2b: Sneasler|Protect|p2b: Sneasler\n|-singleturn|p2b: Sneasler|Protect\n|move|p1a: Sableye|Will-O-Wisp|p2b: Sneasler\n|-activate|p2b: Sneasler|move: Protect\n|move|p2a: Gholdengo|Make It Rain|p1a: Sableye|[spread] p1a,p1b\n|-damage|p1a: Sableye|0 fnt\n|-damage|p1b: Gholdengo|51\/100\n|-unboost|p2a: Gholdengo|spa|1\n|faint|p1a: Sableye\n|move|p1b: Gholdengo|Tera Blast|p2a: Gholdengo|[anim] Tera Blast Ground\n|-supereffective|p2a: Gholdengo\n|-damage|p2a: Gholdengo|0 fnt\n|faint|p2a: Gholdengo\n|\n|upkeep\n|\n|t:|1728394524\n|switch|p1a: Ursaluna|Ursaluna-Bloodmoon, L50, M|100\/100\n|turn|5\n|\n|t:|1728394536\n|move|p1b: Gholdengo|Tera Blast|p2b: Sneasler|[anim] Tera Blast Ground\n|-supereffective|p2b: Sneasler\n|-enditem|p2b: Sneasler|Focus Sash\n|-damage|p2b: Sneasler|1\/100\n|move|p2b: Sneasler|Close Combat|p1b: Gholdengo\n|-damage|p1b: Gholdengo|0 fnt\n|-unboost|p2b: Sneasler|def|1\n|-unboost|p2b: Sneasler|spd|1\n|faint|p1b: Gholdengo\n|move|p1a: Ursaluna|Blood Moon|p2b: Sneasler\n|-damage|p2b: Sneasler|0 fnt\n|faint|p2b: Sneasler\n|-damage|p1a: Ursaluna|91\/100|[from] item: Life Orb\n|\n|win|Glance-Meowstic\n|raw|Glance-Meowstic's rating: 1795 &rarr; <strong>1809<\/strong><br \/>(+14 for winning)\n|raw|Emirnent's rating: 1686 &rarr; <strong>1672<\/strong><br \/>(-14 for losing)\n|c|\u2606Glance-Meowstic|gg\n|l|\u2606Emirnent\n|player|p2|\n|l| plplk\n","uploadtime":1728394547,"views":46,"formatid":"gen9vgc2024regh","rating":1672,"private":0,"password":null}