{"id":"gen9vgc2024regh-2218872378","format":"[Gen 9] VGC 2024 Reg H","players":["popeye32","haseulism"],"log":"|j|\u2606popeye32\n|j|\u2606haseulism\n|t:|1728426171\n|gametype|doubles\n|player|p1|popeye32|acetrainersnowf|1675\n|player|p2|haseulism|skyla|1823\n|teamsize|p1|6\n|teamsize|p2|6\n|gen|9\n|tier|[Gen 9] VGC 2024 Reg H\n|rated|\n|rule|Species Clause: Limit one of each Pok\u00e9mon\n|rule|Item Clause: Limit 1 of each item\n|clearpoke\n|poke|p1|Tyranitar, L50, F|\n|poke|p1|Corviknight, L50, F|\n|poke|p1|Garchomp, L50, M|\n|poke|p1|Hydreigon, L50, F|\n|poke|p1|Chandelure, L50, F|\n|poke|p1|Wartortle, L50, F|\n|poke|p2|Arcanine-Hisui, L50, M|\n|poke|p2|Pelipper, L50, M|\n|poke|p2|Umbreon, L50, M|\n|poke|p2|Ursaluna-Bloodmoon, L50, M|\n|poke|p2|Dragonite, L50, F|\n|poke|p2|Archaludon, L50, M|\n|teampreview|4\n|inactive|Battle timer is ON: inactive players will automatically lose when time's up. (requested by haseulism)\n|inactive|popeye32 also wants the timer to be on.\n|j| notthealtaccount\n|\n|t:|1728426199\n|start\n|switch|p1a: Garchomp|Garchomp, L50, M|100\/100\n|switch|p1b: Hydreigon|Hydreigon, L50, F|100\/100\n|switch|p2a: Arcanine|Arcanine-Hisui, L50, M, shiny|100\/100\n|switch|p2b: Archaludon|Archaludon, L50, M|100\/100\n|turn|1\n|\n|t:|1728426211\n|-terastallize|p2b: Archaludon|Flying\n|move|p2a: Arcanine|Protect|p2a: Arcanine\n|-singleturn|p2a: Arcanine|Protect\n|move|p1a: Garchomp|Earthquake|p2a: Arcanine|[spread] \n|-activate|p2a: Arcanine|move: Protect\n|-immune|p1b: Hydreigon|[from] ability: Levitate\n|-immune|p2b: Archaludon\n|move|p1b: Hydreigon|Draco Meteor|p2b: Archaludon\n|-ability|p2b: Archaludon|Sturdy\n|-damage|p2b: Archaludon|1\/100\n|-unboost|p1b: Hydreigon|spa|2\n|move|p2b: Archaludon|Draco Meteor|p1a: Garchomp\n|-supereffective|p1a: Garchomp\n|-damage|p1a: Garchomp|0 fnt\n|-unboost|p2b: Archaludon|spa|2\n|faint|p1a: Garchomp\n|\n|upkeep\n|\n|t:|1728426216\n|switch|p1a: Tyranitar|Tyranitar, L50, F|100\/100\n|-weather|Sandstorm|[from] ability: Sand Stream|[of] p1a: Tyranitar\n|turn|2\n|\n|t:|1728426233\n|switch|p1b: Corviknight|Corviknight, L50, F|100\/100\n|switch|p2b: Ursaluna|Ursaluna-Bloodmoon, L50, M|100\/100\n|-terastallize|p1a: Tyranitar|Flying\n|move|p2a: Arcanine|Head Smash|p1b: Corviknight\n|-damage|p1b: Corviknight|57\/100\n|move|p1a: Tyranitar|Low Kick|p2a: Arcanine\n|-supereffective|p2a: Arcanine\n|-damage|p2a: Arcanine|3\/100\n|\n|-weather|Sandstorm|[upkeep]\n|-damage|p1a: Tyranitar|95\/100|[from] Sandstorm\n|upkeep\n|turn|3\n|\n|t:|1728426255\n|move|p2a: Arcanine|Head Smash|p1a: Tyranitar\n|-supereffective|p1a: Tyranitar\n|-damage|p1a: Tyranitar|0 fnt\n|faint|p1a: Tyranitar\n|move|p1b: Corviknight|Tailwind|p1b: Corviknight\n|-sidestart|p1: popeye32|move: Tailwind\n|move|p2b: Ursaluna|Blood Moon|p1b: Corviknight\n|-resisted|p1b: Corviknight\n|-damage|p1b: Corviknight|19\/100\n|-enditem|p1b: Corviknight|Sitrus Berry|[eat]\n|-heal|p1b: Corviknight|44\/100|[from] item: Sitrus Berry\n|\n|-weather|Sandstorm|[upkeep]\n|upkeep\n|\n|t:|1728426257\n|switch|p1a: Hydreigon|Hydreigon, L50, F|100\/100\n|turn|4\n|\n|t:|1728426272\n|move|p2a: Arcanine|Protect|p2a: Arcanine\n|-singleturn|p2a: Arcanine|Protect\n|move|p1a: Hydreigon|Dark Pulse|p2b: Ursaluna\n|-damage|p2b: Ursaluna|65\/100\n|move|p1b: Corviknight|Body Press|p2b: Ursaluna\n|-supereffective|p2b: Ursaluna\n|-damage|p2b: Ursaluna|23\/100\n|move|p2b: Ursaluna|Hyper Voice|p1a: Hydreigon|[spread] p1a,p1b\n|-resisted|p1b: Corviknight\n|-damage|p1a: Hydreigon|59\/100\n|-damage|p1b: Corviknight|25\/100\n|\n|-weather|Sandstorm|[upkeep]\n|-damage|p1a: Hydreigon|53\/100|[from] Sandstorm\n|upkeep\n|turn|5\n|j| lf99po\n|\n|t:|1728426283\n|move|p2a: Arcanine|Extreme Speed|p1a: Hydreigon\n|-crit|p1a: Hydreigon\n|-damage|p1a: Hydreigon|9\/100\n|move|p2b: Ursaluna|Vacuum Wave|p1a: Hydreigon\n|-supereffective|p1a: Hydreigon\n|-damage|p1a: Hydreigon|0 fnt\n|faint|p1a: Hydreigon\n|move|p1b: Corviknight|Body Press|p2a: Arcanine\n|-supereffective|p2a: Arcanine\n|-damage|p2a: Arcanine|0 fnt\n|faint|p2a: Arcanine\n|\n|-weather|Sandstorm|[upkeep]\n|upkeep\n|\n|t:|1728426288\n|switch|p2a: Dragonite|Dragonite, L50, F|100\/100\n|turn|6\n|l| lf99po\n|-message|popeye32 forfeited.\n|\n|win|haseulism\n|raw|popeye32's rating: 1675 &rarr; <strong>1663<\/strong><br \/>(-12 for losing)\n|raw|haseulism's rating: 1823 &rarr; <strong>1835<\/strong><br \/>(+12 for winning)\n|l|\u2606popeye32\n|player|p1|\n|l|\u2606haseulism\n|player|p2|\n|l| notthealtaccount\n","uploadtime":1728426517,"views":24,"formatid":"gen9vgc2024regh","rating":1663,"private":0,"password":null}