{"id":"gen9vgc2024regh-2218580378","format":"[Gen 9] VGC 2024 Reg H","players":["tyuiop112","jit444"],"log":"|j|\u2606tyuiop112\n|j|\u2606jit444\n|t:|1728399802\n|gametype|doubles\n|player|p1|tyuiop112|linebacker|1639\n|player|p2|jit444|dawn|1707\n|teamsize|p1|6\n|teamsize|p2|6\n|gen|9\n|tier|[Gen 9] VGC 2024 Reg H\n|rated|\n|rule|Species Clause: Limit one of each Pok\u00e9mon\n|rule|Item Clause: Limit 1 of each item\n|clearpoke\n|poke|p1|Dragonite, L50, M|\n|poke|p1|Archaludon, L50, M|\n|poke|p1|Milotic, L50, F|\n|poke|p1|Rillaboom, L50, F|\n|poke|p1|Blaziken, L50, F|\n|poke|p1|Annihilape, L50, F|\n|poke|p2|Ursaluna, L50, F|\n|poke|p2|Whimsicott, L50, F|\n|poke|p2|Indeedee-F, L50, F|\n|poke|p2|Gallade, L50, M|\n|poke|p2|Gholdengo, L50|\n|poke|p2|Typhlosion-Hisui, L50, M|\n|teampreview|4\n|inactive|Battle timer is ON: inactive players will automatically lose when time's up. (requested by jit444)\n|j| BloomyVGC\n|l| BloomyVGC\n|j| LA Ranger\n|inactive|tyuiop112 has 60 seconds left.\n|inactive|jit444 has 60 seconds left.\n|j| BloomyVGC\n|l| BloomyVGC\n|\n|t:|1728399859\n|start\n|switch|p1a: Milotic|Milotic, L50, F|100\/100\n|switch|p1b: Rillaboom|Rillaboom, L50, F|100\/100\n|switch|p2a: Gallade|Gallade, L50, M|100\/100\n|switch|p2b: Indeedee|Indeedee-F, L50, F|100\/100\n|-fieldstart|move: Grassy Terrain|[from] ability: Grassy Surge|[of] p1b: Rillaboom\n|-enditem|p1a: Milotic|Grassy Seed\n|-boost|p1a: Milotic|def|1|[from] item: Grassy Seed\n|-fieldstart|move: Psychic Terrain|[from] ability: Psychic Surge|[of] p2b: Indeedee\n|turn|1\n|inactive|tyuiop112 has 30 seconds left.\n|inactive|jit444 has 30 seconds left.\n|\n|t:|1728399891\n|switch|p1b: Archaludon|Archaludon, L50, M|100\/100\n|move|p2b: Indeedee|Follow Me|p2b: Indeedee\n|-singleturn|p2b: Indeedee|move: Follow Me\n|move|p2a: Gallade|Psycho Cut|p1b: Archaludon\n|-resisted|p1b: Archaludon\n|-damage|p1b: Archaludon|70\/100\n|move|p1a: Milotic|Scald|p2b: Indeedee\n|-damage|p2b: Indeedee|68\/100\n|\n|upkeep\n|turn|2\n|\n|t:|1728399912\n|switch|p1b: Rillaboom|Rillaboom, L50, F|100\/100\n|-fieldstart|move: Grassy Terrain|[from] ability: Grassy Surge|[of] p1b: Rillaboom\n|switch|p2b: Gholdengo|Gholdengo, L50|100\/100\n|move|p2a: Gallade|Sacred Sword|p1b: Rillaboom\n|-damage|p1b: Rillaboom|27\/100\n|move|p1a: Milotic|Icy Wind|p2b: Gholdengo|[spread] p2a,p2b\n|-resisted|p2b: Gholdengo\n|-damage|p2a: Gallade|86\/100\n|-damage|p2b: Gholdengo|95\/100\n|-unboost|p2b: Gholdengo|spe|1\n|\n|-heal|p1b: Rillaboom|33\/100|[from] Grassy Terrain\n|-heal|p2a: Gallade|92\/100|[from] Grassy Terrain\n|-heal|p2b: Gholdengo|100\/100|[from] Grassy Terrain\n|upkeep\n|turn|3\n|inactive|tyuiop112 has 30 seconds left.\n|\n|t:|1728399945\n|move|p1b: Rillaboom|Wood Hammer|p2a: Gallade\n|-damage|p2a: Gallade|0 fnt\n|faint|p2a: Gallade\n|-damage|p1b: Rillaboom|9\/100|[from] Recoil\n|move|p1a: Milotic|Scald|p2b: Gholdengo\n|-crit|p2b: Gholdengo\n|-damage|p2b: Gholdengo|40\/100\n|-status|p2b: Gholdengo|brn\n|move|p2b: Gholdengo|Shadow Ball|p1a: Milotic\n|-damage|p1a: Milotic|52\/100\n|-damage|p2b: Gholdengo|30\/100 brn|[from] item: Life Orb\n|\n|-heal|p1b: Rillaboom|15\/100|[from] Grassy Terrain\n|-heal|p1a: Milotic|58\/100|[from] Grassy Terrain\n|-heal|p2b: Gholdengo|36\/100 brn|[from] Grassy Terrain\n|-damage|p2b: Gholdengo|30\/100 brn|[from] brn\n|upkeep\n|\n|t:|1728399955\n|switch|p2a: Indeedee|Indeedee-F, L50, F|68\/100\n|-fieldstart|move: Psychic Terrain|[from] ability: Psychic Surge|[of] p2a: Indeedee\n|turn|4\n|j| InarisPyre\n|\n|t:|1728399977\n|move|p1b: Rillaboom|Wood Hammer|p2a: Indeedee\n|-damage|p2a: Indeedee|15\/100\n|-damage|p1b: Rillaboom|0 fnt|[from] item: Rocky Helmet|[of] p2a: Indeedee\n|faint|p1b: Rillaboom\n|move|p1a: Milotic|Scald|p2a: Indeedee\n|-damage|p2a: Indeedee|0 fnt\n|faint|p2a: Indeedee\n|move|p2b: Gholdengo|Make It Rain|p1a: Milotic\n|-resisted|p1a: Milotic\n|-damage|p1a: Milotic|23\/100\n|-unboost|p2b: Gholdengo|spa|1\n|-damage|p2b: Gholdengo|20\/100 brn|[from] item: Life Orb\n|\n|-damage|p2b: Gholdengo|14\/100 brn|[from] brn\n|upkeep\n|l| InarisPyre\n|\n|t:|1728399999\n|switch|p1b: Blaziken|Blaziken, L50, F|100\/100\n|switch|p2a: Ursaluna|Ursaluna, L50, F|100\/100\n|turn|5\n|\n|t:|1728400023\n|-terastallize|p2a: Ursaluna|Ghost\n|move|p2b: Gholdengo|Protect|p2b: Gholdengo\n|-singleturn|p2b: Gholdengo|Protect\n|move|p1b: Blaziken|Heat Wave|p2a: Ursaluna|[spread] p2a\n|-activate|p2b: Gholdengo|move: Protect\n|-damage|p2a: Ursaluna|64\/100\n|move|p1a: Milotic|Scald|p2b: Gholdengo\n|-activate|p2b: Gholdengo|move: Protect\n|move|p2a: Ursaluna|Earthquake|p1a: Milotic|[spread] p1a,p1b\n|-activate|p2b: Gholdengo|move: Protect\n|-supereffective|p1b: Blaziken\n|-damage|p1a: Milotic|0 fnt\n|-enditem|p1b: Blaziken|Focus Sash\n|-damage|p1b: Blaziken|1\/100\n|faint|p1a: Milotic\n|\n|-damage|p2b: Gholdengo|8\/100 brn|[from] brn\n|-ability|p1b: Blaziken|Speed Boost|boost\n|-boost|p1b: Blaziken|spe|1\n|-status|p2a: Ursaluna|brn|[from] item: Flame Orb\n|upkeep\n|\n|t:|1728400036\n|switch|p1a: Archaludon|Archaludon, L50, M|70\/100\n|turn|6\n|\n|t:|1728400056\n|move|p1b: Blaziken|Protect|p1b: Blaziken\n|-singleturn|p1b: Blaziken|Protect\n|move|p1a: Archaludon|Protect|p1a: Archaludon\n|-singleturn|p1a: Archaludon|Protect\n|move|p2a: Ursaluna|Earthquake|p1b: Blaziken|[spread] p2b\n|-activate|p1a: Archaludon|move: Protect\n|-activate|p1b: Blaziken|move: Protect\n|-supereffective|p2b: Gholdengo\n|-damage|p2b: Gholdengo|0 fnt\n|faint|p2b: Gholdengo\n|\n|-damage|p2a: Ursaluna|58\/100 brn|[from] brn\n|-ability|p1b: Blaziken|Speed Boost|boost\n|-boost|p1b: Blaziken|spe|1\n|upkeep\n|turn|7\n|\n|t:|1728400077\n|-terastallize|p1a: Archaludon|Grass\n|move|p1b: Blaziken|Heat Wave|p2a: Ursaluna\n|-damage|p2a: Ursaluna|15\/100 brn\n|move|p1a: Archaludon|Electro Shot||[still]\n|-prepare|p1a: Archaludon|Electro Shot\n|-boost|p1a: Archaludon|spa|1\n|-enditem|p1a: Archaludon|Power Herb\n|-anim|p1a: Archaludon|Electro Shot|p2a: Ursaluna\n|-damage|p2a: Ursaluna|0 fnt\n|faint|p2a: Ursaluna\n|\n|win|tyuiop112\n|raw|tyuiop112's rating: 1639 &rarr; <strong>1663<\/strong><br \/>(+24 for winning)\n|raw|jit444's rating: 1707 &rarr; <strong>1683<\/strong><br \/>(-24 for losing)\n|l|\u2606jit444\n|player|p2|\n|l|\u2606tyuiop112\n|player|p1|\n","uploadtime":1728400232,"views":35,"formatid":"gen9vgc2024regh","rating":1663,"private":0,"password":null}