{"id":"gen9vgc2024regh-2218739435","format":"[Gen 9] VGC 2024 Reg H","players":["Sage Kuzan","Zordor"],"log":"|j|\u2606Sage Kuzan\n|j|\u2606Zordor\n|t:|1728413369\n|gametype|doubles\n|player|p1|Sage Kuzan|emmet|1654\n|player|p2|Zordor|pilot|1705\n|teamsize|p1|6\n|teamsize|p2|6\n|gen|9\n|tier|[Gen 9] VGC 2024 Reg H\n|rated|\n|rule|Species Clause: Limit one of each Pok\u00e9mon\n|rule|Item Clause: Limit 1 of each item\n|clearpoke\n|poke|p1|Grimmsnarl, L50, M|\n|poke|p1|Annihilape, L50, M|\n|poke|p1|Maushold, L50|\n|poke|p1|Pelipper, L50, M|\n|poke|p1|Archaludon, L50, M|\n|poke|p1|Sinistcha, L50|\n|poke|p2|Rotom-Wash, L50|\n|poke|p2|Sneasler, L50, F|\n|poke|p2|Kingambit, L50, M|\n|poke|p2|Armarouge, L50, F|\n|poke|p2|Hydreigon, L50, F|\n|poke|p2|Venusaur, L50, F|\n|teampreview|4\nSage Kuzan has agreed to open team sheets.\n|inactive|Battle timer is ON: inactive players will automatically lose when time's up. (requested by Sage Kuzan)\n|\n|t:|1728413395\n|start\n|switch|p1a: Grimmsnarl|Grimmsnarl, L50, M|100\/100\n|switch|p1b: Pelipper|Pelipper, L50, M|100\/100\n|switch|p2a: Sneasler|Sneasler, L50, F|100\/100\n|switch|p2b: Rotom|Rotom-Wash, L50|100\/100\n|-weather|RainDance|[from] ability: Drizzle|[of] p1b: Pelipper\n|turn|1\n|\n|t:|1728413416\n|switch|p1b: Archaludon|Archaludon, L50, M|100\/100\n|-terastallize|p1a: Grimmsnarl|Steel\n|move|p1a: Grimmsnarl|Light Screen|p1a: Grimmsnarl\n|-sidestart|p1: Sage Kuzan|move: Light Screen\n|move|p2a: Sneasler|Dire Claw|p1a: Grimmsnarl\n|-immune|p1a: Grimmsnarl\n|move|p2b: Rotom|Electroweb|p1a: Grimmsnarl|[spread] p1a,p1b\n|-resisted|p1b: Archaludon\n|-damage|p1a: Grimmsnarl|92\/100\n|-damage|p1b: Archaludon|97\/100\n|-unboost|p1a: Grimmsnarl|spe|1\n|-unboost|p1b: Archaludon|spe|1\n|-ability|p1b: Archaludon|Stamina|boost\n|-boost|p1b: Archaludon|def|1\n|\n|-weather|RainDance|[upkeep]\n|upkeep\n|turn|2\n|\n|t:|1728413436\n|move|p1a: Grimmsnarl|Thunder Wave|p2a: Sneasler\n|-status|p2a: Sneasler|par\n|move|p2b: Rotom|Will-O-Wisp|p1b: Archaludon|[miss]\n|-miss|p2b: Rotom|p1b: Archaludon\n|cant|p2a: Sneasler|par\n|move|p1b: Archaludon|Electro Shot||[still]\n|-prepare|p1b: Archaludon|Electro Shot\n|-boost|p1b: Archaludon|spa|1\n|-anim|p1b: Archaludon|Electro Shot|p2a: Sneasler\n|-damage|p2a: Sneasler|20\/100 par\n|\n|-weather|RainDance|[upkeep]\n|upkeep\n|turn|3\n|\n|t:|1728413449\n|move|p1a: Grimmsnarl|Reflect|p1a: Grimmsnarl\n|-sidestart|p1: Sage Kuzan|Reflect\n|move|p2b: Rotom|Will-O-Wisp|p1b: Archaludon\n|-status|p1b: Archaludon|brn\n|move|p2a: Sneasler|Close Combat|p1a: Grimmsnarl\n|-supereffective|p1a: Grimmsnarl\n|-damage|p1a: Grimmsnarl|4\/100\n|-unboost|p2a: Sneasler|def|1\n|-unboost|p2a: Sneasler|spd|1\n|move|p1b: Archaludon|Electro Shot||[still]\n|-prepare|p1b: Archaludon|Electro Shot\n|-boost|p1b: Archaludon|spa|1\n|-anim|p1b: Archaludon|Electro Shot|p2a: Sneasler\n|-damage|p2a: Sneasler|0 fnt\n|faint|p2a: Sneasler\n|\n|-weather|RainDance|[upkeep]\n|-damage|p1b: Archaludon|91\/100 brn|[from] brn\n|upkeep\n|\n|t:|1728413468\n|switch|p2a: Armarouge|Armarouge, L50, F|100\/100\n|turn|4\n|inactive|Zordor has 30 seconds left.\n|inactive|Zordor has 20 seconds left.\n|inactive|Zordor has 15 seconds left.\n|\n|t:|1728413511\n|move|p2a: Armarouge|Protect|p2a: Armarouge\n|-singleturn|p2a: Armarouge|Protect\n|move|p1a: Grimmsnarl|Thunder Wave|p2a: Armarouge\n|-activate|p2a: Armarouge|move: Protect\n|move|p2b: Rotom|Electroweb|p1b: Archaludon|[spread] p1a,p1b\n|-resisted|p1b: Archaludon\n|-damage|p1a: Grimmsnarl|0 fnt\n|-damage|p1b: Archaludon|88\/100 brn\n|-unboost|p1b: Archaludon|spe|1\n|-ability|p1b: Archaludon|Stamina|boost\n|-boost|p1b: Archaludon|def|1\n|faint|p1a: Grimmsnarl\n|move|p1b: Archaludon|Electro Shot||[still]\n|-prepare|p1b: Archaludon|Electro Shot\n|-boost|p1b: Archaludon|spa|1\n|-anim|p1b: Archaludon|Electro Shot|p2b: Rotom\n|-crit|p2b: Rotom\n|-damage|p2b: Rotom|0 fnt\n|faint|p2b: Rotom\n|\n|-weather|RainDance|[upkeep]\n|-damage|p1b: Archaludon|82\/100 brn|[from] brn\n|upkeep\n|\n|t:|1728413521\n|switch|p2b: Hydreigon|Hydreigon, L50, F|100\/100\n|switch|p1a: Sinistcha|Sinistcha, L50|100\/100\n|-heal|p1b: Archaludon|100\/100 brn|[from] ability: Hospitality|[of] p1a: Sinistcha\n|turn|5\n|inactive|Zordor has 30 seconds left.\n|\n|t:|1728413550\n|-terastallize|p2a: Armarouge|Fairy\n|move|p2b: Hydreigon|Snarl|p1a: Sinistcha|[spread] p1a,p1b\n|-supereffective|p1a: Sinistcha\n|-damage|p1a: Sinistcha|80\/100\n|-damage|p1b: Archaludon|91\/100 brn\n|-unboost|p1a: Sinistcha|spa|1\n|-unboost|p1b: Archaludon|spa|1\n|-ability|p1b: Archaludon|Stamina|boost\n|-boost|p1b: Archaludon|def|1\n|move|p2a: Armarouge|Meteor Beam||[still]\n|-prepare|p2a: Armarouge|Meteor Beam\n|-boost|p2a: Armarouge|spa|1\n|-enditem|p2a: Armarouge|Power Herb\n|-anim|p2a: Armarouge|Meteor Beam|p1a: Sinistcha\n|-damage|p1a: Sinistcha|44\/100\n|-enditem|p1a: Sinistcha|Sitrus Berry|[eat]\n|-heal|p1a: Sinistcha|69\/100|[from] item: Sitrus Berry\n|move|p1b: Archaludon|Snarl|p2b: Hydreigon|[spread] p2a,p2b\n|-resisted|p2a: Armarouge\n|-resisted|p2b: Hydreigon\n|-damage|p2a: Armarouge|86\/100\n|-damage|p2b: Hydreigon|92\/100\n|-unboost|p2a: Armarouge|spa|1\n|-unboost|p2b: Hydreigon|spa|1\n|move|p1a: Sinistcha|Trick Room|p1a: Sinistcha\n|-fieldstart|move: Trick Room|[of] p1a: Sinistcha\n|\n|-weather|none\n|-damage|p1b: Archaludon|85\/100 brn|[from] brn\n|upkeep\n|turn|6\n|inactive|Sage Kuzan has 30 seconds left.\n|\n|t:|1728413576\n|move|p1b: Archaludon|Draco Meteor|p2b: Hydreigon\n|-supereffective|p2b: Hydreigon\n|-damage|p2b: Hydreigon|0 fnt\n|-unboost|p1b: Archaludon|spa|2\n|faint|p2b: Hydreigon\n|move|p1a: Sinistcha|Matcha Gotcha|p2a: Armarouge\n|-damage|p2a: Armarouge|60\/100\n|-heal|p1a: Sinistcha|83\/100|[from] drain|[of] p2a: Armarouge\n|move|p2a: Armarouge|Heat Wave|p1b: Archaludon|[spread] p1a,p1b\n|-supereffective|p1a: Sinistcha\n|-crit|p1a: Sinistcha\n|-damage|p1a: Sinistcha|0 fnt\n|-damage|p1b: Archaludon|71\/100 brn\n|-ability|p1b: Archaludon|Stamina|boost\n|-boost|p1b: Archaludon|def|1\n|faint|p1a: Sinistcha\n|\n|-damage|p1b: Archaludon|65\/100 brn|[from] brn\n|upkeep\n|\n|t:|1728413578\n|switch|p1a: Pelipper|Pelipper, L50, M|100\/100\n|-weather|RainDance|[from] ability: Drizzle|[of] p1a: Pelipper\n|turn|7\n|\n|t:|1728413594\n|move|p2a: Armarouge|Protect|p2a: Armarouge\n|-singleturn|p2a: Armarouge|Protect\n|move|p1b: Archaludon|Electro Shot||[still]\n|-prepare|p1b: Archaludon|Electro Shot\n|-boost|p1b: Archaludon|spa|1\n|-anim|p1b: Archaludon|Electro Shot|p2a: Armarouge\n|-activate|p2a: Armarouge|move: Protect\n|move|p1a: Pelipper|Weather Ball|p2a: Armarouge\n|-activate|p2a: Armarouge|move: Protect\n|\n|-weather|RainDance|[upkeep]\n|-damage|p1b: Archaludon|59\/100 brn|[from] brn\n|upkeep\n|turn|8\n|\n|t:|1728413606\n|move|p1b: Archaludon|Electro Shot||[still]\n|-prepare|p1b: Archaludon|Electro Shot\n|-boost|p1b: Archaludon|spa|1\n|-anim|p1b: Archaludon|Electro Shot|p2a: Armarouge\n|-damage|p2a: Armarouge|0 fnt\n|faint|p2a: Armarouge\n|\n|win|Sage Kuzan\n|raw|Sage Kuzan's rating: 1654 &rarr; <strong>1677<\/strong><br \/>(+23 for winning)\n|raw|Zordor's rating: 1705 &rarr; <strong>1682<\/strong><br \/>(-23 for losing)\n|l|\u2606Zordor\n|player|p2|\n|c|\u2606Sage Kuzan|gg\n|l|\u2606Sage Kuzan\n|player|p1|\n","uploadtime":1728413852,"views":16,"formatid":"gen9vgc2024regh","rating":1677,"private":0,"password":null}