{"id":"gen9vgc2024regh-2218803887","format":"[Gen 9] VGC 2024 Reg H","players":["i\u2764\u5a1c\u7984forever","daniiivgc"],"log":"|j|\u2606i\u2764\u5a1c\u7984forever\n|j|\u203ddaniiivgc\n|t:|1728419196\n|gametype|doubles\n|player|p1|i\u2764\u5a1c\u7984forever|youngcouple|1703\n|player|p2|daniiivgc|lucas|1706\n|teamsize|p1|6\n|teamsize|p2|6\n|gen|9\n|tier|[Gen 9] VGC 2024 Reg H\n|rated|\n|rule|Species Clause: Limit one of each Pok\u00e9mon\n|rule|Item Clause: Limit 1 of each item\n|clearpoke\n|poke|p1|Dragonite, L50, F|\n|poke|p1|Metagross, L50|\n|poke|p1|Gholdengo, L50|\n|poke|p1|Hydreigon, L50, F|\n|poke|p1|Talonflame, L50, M|\n|poke|p1|Garchomp, L50, M|\n|poke|p2|Primarina, L50, M|\n|poke|p2|Cinderace, L50, M|\n|poke|p2|Kingambit, L50, M|\n|poke|p2|Hariyama, L50, F|\n|poke|p2|Sinistcha, L50|\n|poke|p2|Electabuzz, L50, F|\n|teampreview|4\n|inactive|Battle timer is ON: inactive players will automatically lose when time's up. (requested by daniiivgc)\n|\n|t:|1728419220\n|start\n|switch|p1a: Garchomp|Garchomp, L50, M|100\/100\n|switch|p1b: Hydreigon|Hydreigon, L50, F|100\/100\n|switch|p2a: Hariyama|Hariyama, L50, F|100\/100\n|switch|p2b: Sinistcha|Sinistcha, L50|100\/100\n|turn|1\n|\n|t:|1728419233\n|move|p1b: Hydreigon|Protect|p1b: Hydreigon\n|-singleturn|p1b: Hydreigon|Protect\n|move|p2a: Hariyama|Fake Out|p1b: Hydreigon\n|-activate|p1b: Hydreigon|move: Protect\n|move|p1a: Garchomp|Earthquake|p2b: Sinistcha|[spread] p2a,p2b\n|-activate|p1b: Hydreigon|move: Protect\n|-resisted|p2b: Sinistcha\n|-damage|p2a: Hariyama|58\/100\n|-damage|p2b: Sinistcha|84\/100\n|move|p2b: Sinistcha|Trick Room|p2b: Sinistcha\n|-fieldstart|move: Trick Room|[of] p2b: Sinistcha\n|\n|-status|p2a: Hariyama|brn|[from] item: Flame Orb\n|upkeep\n|turn|2\n|\n|t:|1728419255\n|move|p2a: Hariyama|Close Combat|p1b: Hydreigon\n|-supereffective|p1b: Hydreigon\n|-enditem|p1b: Hydreigon|Focus Sash\n|-damage|p1b: Hydreigon|1\/100\n|-unboost|p2a: Hariyama|def|1\n|-unboost|p2a: Hariyama|spd|1\n|move|p2b: Sinistcha|Calm Mind|p2b: Sinistcha\n|-boost|p2b: Sinistcha|spa|1\n|-boost|p2b: Sinistcha|spd|1\n|move|p1b: Hydreigon|Heat Wave|p2b: Sinistcha|[spread] p2a,p2b\n|-supereffective|p2b: Sinistcha\n|-damage|p2a: Hariyama|20\/100 brn\n|-damage|p2b: Sinistcha|64\/100\n|move|p1a: Garchomp|Earthquake|p2b: Sinistcha|[spread] p2a,p2b\n|-immune|p1b: Hydreigon|[from] ability: Levitate\n|-resisted|p2b: Sinistcha\n|-damage|p2a: Hariyama|0 fnt\n|-damage|p2b: Sinistcha|47\/100\n|faint|p2a: Hariyama\n|\n|upkeep\n|\n|t:|1728419269\n|switch|p2a: Kingambit|Kingambit, L50, M|100\/100\n|turn|3\n|\n|t:|1728419281\n|move|p1b: Hydreigon|Protect|p1b: Hydreigon\n|-singleturn|p1b: Hydreigon|Protect\n|move|p2a: Kingambit|Swords Dance|p2a: Kingambit\n|-boost|p2a: Kingambit|atk|2\n|move|p2b: Sinistcha|Strength Sap|p1a: Garchomp\n|-unboost|p1a: Garchomp|atk|1\n|-heal|p2b: Sinistcha|100\/100\n|move|p1a: Garchomp|Earthquake|p2a: Kingambit|[spread] p2a,p2b\n|-activate|p1b: Hydreigon|move: Protect\n|-supereffective|p2a: Kingambit\n|-resisted|p2b: Sinistcha\n|-damage|p2a: Kingambit|62\/100\n|-damage|p2b: Sinistcha|90\/100\n|\n|upkeep\n|turn|4\n|\n|t:|1728419298\n|move|p2a: Kingambit|Kowtow Cleave|p1a: Garchomp\n|-damage|p1a: Garchomp|0 fnt\n|-damage|p2a: Kingambit|50\/100|[from] ability: Rough Skin|[of] p1a: Garchomp\n|faint|p1a: Garchomp\n|move|p2b: Sinistcha|Matcha Gotcha|p1b: Hydreigon\n|-resisted|p1b: Hydreigon\n|-damage|p1b: Hydreigon|0 fnt\n|-heal|p2b: Sinistcha|91\/100|[from] drain|[of] p1b: Hydreigon\n|faint|p1b: Hydreigon\n|\n|upkeep\n|\n|t:|1728419307\n|switch|p1a: Dragonite|Dragonite, L50, F|100\/100\n|switch|p1b: Talonflame|Talonflame, L50, M|100\/100\n|turn|5\n|inactive|i\u2764\u5a1c\u7984forever has 30 seconds left.\n|inactive|daniiivgc has 30 seconds left.\n|inactive|i\u2764\u5a1c\u7984forever has 20 seconds left.\n|\n|t:|1728419343\n|move|p1b: Talonflame|Brave Bird|p2b: Sinistcha\n|-supereffective|p2b: Sinistcha\n|-damage|p2b: Sinistcha|0 fnt\n|faint|p2b: Sinistcha\n|-damage|p1b: Talonflame|67\/100|[from] Recoil\n|move|p2a: Kingambit|Kowtow Cleave|p1b: Talonflame\n|-damage|p1b: Talonflame|0 fnt\n|faint|p1b: Talonflame\n|move|p1a: Dragonite|Waterfall|p2a: Kingambit\n|-damage|p2a: Kingambit|26\/100\n|\n|-fieldend|move: Trick Room\n|upkeep\n|\n|t:|1728419353\n|switch|p2b: Primarina|Primarina, L50, M|100\/100\n|turn|6\n|\n|t:|1728419362\n|-terastallize|p1a: Dragonite|Normal\n|move|p1a: Dragonite|Extreme Speed|p2a: Kingambit\n|-resisted|p2a: Kingambit\n|-damage|p2a: Kingambit|8\/100\n|move|p2a: Kingambit|Sucker Punch||[still]\n|-fail|p2a: Kingambit\n|move|p2b: Primarina|Moonblast|p1a: Dragonite\n|-damage|p1a: Dragonite|78\/100\n|-unboost|p1a: Dragonite|spa|1\n|\n|upkeep\n|turn|7\n|\n|t:|1728419375\n|move|p1a: Dragonite|Iron Head|p2b: Primarina\n|-damage|p2b: Primarina|65\/100\n|move|p2b: Primarina|Moonblast|p1a: Dragonite\n|-damage|p1a: Dragonite|32\/100\n|move|p2a: Kingambit|Kowtow Cleave|p1a: Dragonite\n|-damage|p1a: Dragonite|0 fnt\n|faint|p1a: Dragonite\n|\n|win|daniiivgc\n|raw|i\u2764\u5a1c\u7984forever's rating: 1703 &rarr; <strong>1683<\/strong><br \/>(-20 for losing)\n|raw|daniiivgc's rating: 1706 &rarr; <strong>1726<\/strong><br \/>(+20 for winning)\n|l|\u2606i\u2764\u5a1c\u7984forever\n|player|p1|\n|l|\u203ddaniiivgc\n|player|p2|\n","uploadtime":1728419566,"views":13,"formatid":"gen9vgc2024regh","rating":1683,"private":0,"password":null}