{"id":"gen9vgc2024regh-2218518495","format":"[Gen 9] VGC 2024 Reg H","players":["actuary97","RandomDuVGCFR"],"log":"|j|\u2606actuary97\n|j|\u2606RandomDuVGCFR\n|t:|1728394191\n|gametype|doubles\n|player|p1|actuary97|sabrina-frlg|1783\n|player|p2|RandomDuVGCFR|1|1801\n|teamsize|p1|6\n|teamsize|p2|6\n|gen|9\n|tier|[Gen 9] VGC 2024 Reg H\n|rated|\n|rule|Species Clause: Limit one of each Pok\u00e9mon\n|rule|Item Clause: Limit 1 of each item\n|clearpoke\n|poke|p1|Incineroar, L50, M|\n|poke|p1|Whimsicott, L50, F|\n|poke|p1|Gallade, L50, M|\n|poke|p1|Malamar, L50, F|\n|poke|p1|Indeedee, L50, M|\n|poke|p1|Archaludon, L50, F|\n|poke|p2|Ninetales-Alola, L50, M|\n|poke|p2|Amoonguss, L50, M|\n|poke|p2|Incineroar, L50, M|\n|poke|p2|Kingambit, L50, F|\n|poke|p2|Dragonite, L50, M|\n|poke|p2|Garchomp, L50, F|\n|teampreview|4\nactuary97 has agreed to open team sheets.\n|\n|t:|1728394224\n|start\n|switch|p1a: Mischief Mother|Whimsicott, L50, F, shiny|100\/100\n|switch|p1b: Tapu Deedee|Indeedee, L50, M, shiny|100\/100\n|switch|p2a: Amoonguss|Amoonguss, L50, M|100\/100\n|switch|p2b: Kingambit|Kingambit, L50, F|100\/100\n|-fieldstart|move: Psychic Terrain|[from] ability: Psychic Surge|[of] p1b: Tapu Deedee\n|turn|1\n|\n|t:|1728394251\n|-terastallize|p1b: Tapu Deedee|Fairy\n|-terastallize|p2a: Amoonguss|Electric\n|move|p1a: Mischief Mother|Moonblast|p2a: Amoonguss\n|-damage|p2a: Amoonguss|67\/100\n|move|p1b: Tapu Deedee|Expanding Force|p2b: Kingambit|[spread] p2a\n|-immune|p2b: Kingambit\n|-damage|p2a: Amoonguss|0 fnt\n|faint|p2a: Amoonguss\n|move|p2b: Kingambit|Iron Head|p1a: Mischief Mother\n|-supereffective|p1a: Mischief Mother\n|-enditem|p1a: Mischief Mother|Focus Sash\n|-damage|p1a: Mischief Mother|1\/100\n|\n|upkeep\n|\n|t:|1728394262\n|switch|p2a: Ninetales|Ninetales-Alola, L50, M|100\/100\n|-weather|Snow|[from] ability: Snow Warning|[of] p2a: Ninetales\n|turn|2\n|\n|t:|1728394269\n|switch|p1b: Bridget|Archaludon, L50, F, shiny|100\/100\n|move|p1a: Mischief Mother|Beat Up|p1b: Bridget\n|-damage|p1b: Bridget|98\/100\n|-ability|p1b: Bridget|Stamina|boost\n|-boost|p1b: Bridget|def|1\n|-damage|p1b: Bridget|97\/100\n|-ability|p1b: Bridget|Stamina|boost\n|-boost|p1b: Bridget|def|1\n|-damage|p1b: Bridget|95\/100\n|-ability|p1b: Bridget|Stamina|boost\n|-boost|p1b: Bridget|def|1\n|-damage|p1b: Bridget|94\/100\n|-ability|p1b: Bridget|Stamina|boost\n|-boost|p1b: Bridget|def|1\n|-hitcount|p1b: Bridget|4\n|move|p2a: Ninetales|Blizzard|p1b: Bridget|[spread] p1a,p1b\n|-supereffective|p1a: Mischief Mother\n|-damage|p1a: Mischief Mother|0 fnt\n|-damage|p1b: Bridget|74\/100\n|-ability|p1b: Bridget|Stamina|boost\n|-boost|p1b: Bridget|def|1\n|faint|p1a: Mischief Mother\n|move|p2b: Kingambit|Iron Head|p1b: Bridget\n|-resisted|p1b: Bridget\n|-damage|p1b: Bridget|70\/100\n|-ability|p1b: Bridget|Stamina|boost\n|-boost|p1b: Bridget|def|1\n|\n|-weather|Snow|[upkeep]\n|upkeep\n|\n|t:|1728394282\n|switch|p1a: \u2694\ufe0fKing\u2694\ufe0f|Gallade, L50, M, shiny|100\/100\n|turn|3\n|\n|t:|1728394297\n|move|p2a: Ninetales|Freeze-Dry|p1b: Bridget\n|-damage|p1b: Bridget|53\/100\n|move|p1a: \u2694\ufe0fKing\u2694\ufe0f|Sacred Sword|p2b: Kingambit\n|-supereffective|p2b: Kingambit\n|-crit|p2b: Kingambit\n|-damage|p2b: Kingambit|0 fnt\n|faint|p2b: Kingambit\n|move|p1b: Bridget|Flash Cannon|p2a: Ninetales\n|-supereffective|p2a: Ninetales\n|-enditem|p2a: Ninetales|Focus Sash\n|-damage|p2a: Ninetales|1\/100\n|\n|-weather|Snow|[upkeep]\n|upkeep\n|\n|t:|1728394302\n|switch|p2b: Garchomp|Garchomp, L50, F|100\/100\n|turn|4\n|\n|t:|1728394317\n|move|p2a: Ninetales|Blizzard|p1b: Bridget|[spread] p1a,p1b\n|-damage|p1a: \u2694\ufe0fKing\u2694\ufe0f|69\/100\n|-damage|p1b: Bridget|31\/100\n|-status|p1b: Bridget|frz\n|move|p2b: Garchomp|Earthquake|p1a: \u2694\ufe0fKing\u2694\ufe0f|[spread] p2a,p1a,p1b\n|-supereffective|p1b: Bridget\n|-damage|p2a: Ninetales|0 fnt\n|-damage|p1a: \u2694\ufe0fKing\u2694\ufe0f|0 fnt\n|-damage|p1b: Bridget|11\/100 frz\n|faint|p2a: Ninetales\n|faint|p1a: \u2694\ufe0fKing\u2694\ufe0f\n|-damage|p2b: Garchomp|91\/100|[from] item: Life Orb\n|cant|p1b: Bridget|frz\n|\n|-weather|Snow|[upkeep]\n|upkeep\n|c|\u2606actuary97|somehow I knew it was gonna happen this way\n|\n|t:|1728394333\n|switch|p1a: Tapu Deedee|Indeedee, L50, M, shiny, tera:Fairy|100\/100\n|turn|5\n|\n|t:|1728394345\n|move|p2b: Garchomp|Protect|p2b: Garchomp\n|-singleturn|p2b: Garchomp|Protect\n|move|p1a: Tapu Deedee|Dazzling Gleam|p2b: Garchomp\n|-activate|p2b: Garchomp|move: Protect\n|cant|p1b: Bridget|frz\n|\n|-weather|Snow|[upkeep]\n|-fieldend|move: Psychic Terrain\n|upkeep\n|turn|6\n|\n|t:|1728394350\n|move|p2b: Garchomp|Earthquake|p1b: Bridget|[spread] p1a,p1b\n|-supereffective|p1b: Bridget\n|-damage|p1a: Tapu Deedee|0 fnt\n|-damage|p1b: Bridget|0 fnt\n|faint|p1a: Tapu Deedee\n|faint|p1b: Bridget\n|-damage|p2b: Garchomp|81\/100|[from] item: Life Orb\n|\n|win|RandomDuVGCFR\n|raw|actuary97's rating: 1783 &rarr; <strong>1764<\/strong><br \/>(-19 for losing)\n|raw|RandomDuVGCFR's rating: 1801 &rarr; <strong>1820<\/strong><br \/>(+19 for winning)\n|c|\u2606actuary97|I hate this game\n|c|\u2606RandomDuVGCFR|Me too tbh\n|c|\u2606actuary97|gg tho\n|c|\u2606RandomDuVGCFR|Apologize\n|c|\u2606RandomDuVGCFR|For it\n|c|\u2606actuary97|it's all good\n|c|\u2606actuary97|they just gotta reqork freeze so bad\n|c|\u2606RandomDuVGCFR|Fact\n|c|\u2606actuary97|gl\n|c|\u2606RandomDuVGCFR|U2\n|l|\u2606actuary97\n|player|p1|\n","uploadtime":1728394558,"views":55,"formatid":"gen9vgc2024regh","rating":1764,"private":0,"password":null}