{"id":"gen9vgc2024regh-2218752998","format":"[Gen 9] VGC 2024 Reg H","players":["bearguy223","rgktest"],"log":"|j|\u2606bearguy223\n|j|\u2606rgktest\n|t:|1728414581\n|gametype|doubles\n|player|p1|bearguy223|102|1692\n|player|p2|rgktest|102|1718\n|teamsize|p1|6\n|teamsize|p2|6\n|gen|9\n|tier|[Gen 9] VGC 2024 Reg H\n|rated|\n|rule|Species Clause: Limit one of each Pok\u00e9mon\n|rule|Item Clause: Limit 1 of each item\n|clearpoke\n|poke|p1|Baxcalibur, L50, F|\n|poke|p1|Ninetales-Alola, L50, F|\n|poke|p1|Volcarona, L50, F|\n|poke|p1|Rillaboom, L50, F|\n|poke|p1|Kingambit, L50, F|\n|poke|p1|Primarina, L50, F|\n|poke|p2|Kingambit, L50, F|\n|poke|p2|Rillaboom, L50, F|\n|poke|p2|Electabuzz, L50, M|\n|poke|p2|Blaziken, L50, F|\n|poke|p2|Dragapult, L50, M|\n|poke|p2|Primarina, L50, M|\n|teampreview|4\n|\n|t:|1728414650\n|start\n|switch|p1a: Volcarona|Volcarona, L50, F|100\/100\n|switch|p1b: Baxcalibur|Baxcalibur, L50, F|100\/100\n|switch|p2a: Slider|Primarina, L50, M|100\/100\n|switch|p2b: Splitter|Dragapult, L50, M|100\/100\n|turn|1\n|\n|t:|1728414668\n|move|p1a: Volcarona|Rage Powder|p1a: Volcarona\n|-singleturn|p1a: Volcarona|move: Rage Powder\n|move|p2b: Splitter|Dragon Darts|p1a: Volcarona\n|-damage|p1a: Volcarona|58\/100\n|-anim|p2b: Splitter|Dragon Darts|p1a: Volcarona\n|-damage|p1a: Volcarona|17\/100\n|move|p1b: Baxcalibur|Glaive Rush|p2b: Splitter\n|-supereffective|p2b: Splitter\n|-damage|p2b: Splitter|0 fnt\n|-singlemove|p1b: Baxcalibur|Glaive Rush|[silent]\n|faint|p2b: Splitter\n|-damage|p1b: Baxcalibur|91\/100|[from] item: Life Orb\n|move|p2a: Slider|Hyper Voice|p1a: Volcarona|[spread] p1a,p1b\n|-supereffective|p1a: Volcarona\n|-resisted|p1b: Baxcalibur\n|-damage|p1a: Volcarona|0 fnt\n|-damage|p1b: Baxcalibur|53\/100\n|faint|p1a: Volcarona\n|\n|upkeep\n|\n|t:|1728414685\n|switch|p2b: Fastball|Blaziken, L50, F|100\/100\n|switch|p1a: Rillaboom|Rillaboom, L50, F|100\/100\n|-fieldstart|move: Grassy Terrain|[from] ability: Grassy Surge|[of] p1a: Rillaboom\n|turn|2\n|\n|t:|1728414734\n|switch|p2a: Knuckleball|Electabuzz, L50, M|100\/100\n|-terastallize|p1a: Rillaboom|Fire\n|move|p1b: Baxcalibur|Glaive Rush|p2a: Knuckleball\n|-damage|p2a: Knuckleball|32\/100\n|-singlemove|p1b: Baxcalibur|Glaive Rush|[silent]\n|-damage|p1b: Baxcalibur|43\/100|[from] item: Life Orb\n|move|p2b: Fastball|Flare Blitz|p1a: Rillaboom\n|-resisted|p1a: Rillaboom\n|-damage|p1a: Rillaboom|69\/100\n|-damage|p2b: Fastball|88\/100|[from] Recoil\n|move|p1a: Rillaboom|Wood Hammer|p2a: Knuckleball\n|-damage|p2a: Knuckleball|0 fnt\n|faint|p2a: Knuckleball\n|-damage|p1a: Rillaboom|60\/100|[from] Recoil\n|\n|-heal|p1b: Baxcalibur|49\/100|[from] Grassy Terrain\n|-heal|p2b: Fastball|93\/100|[from] Grassy Terrain\n|-heal|p1a: Rillaboom|67\/100|[from] Grassy Terrain\n|-ability|p2b: Fastball|Speed Boost|boost\n|-boost|p2b: Fastball|spe|1\n|upkeep\n|\n|t:|1728414741\n|switch|p2a: Slider|Primarina, L50, M|100\/100\n|turn|3\n|\n|t:|1728414751\n|-terastallize|p2a: Slider|Steel\n|move|p1b: Baxcalibur|Ice Shard|p2a: Slider\n|-resisted|p2a: Slider\n|-damage|p2a: Slider|83\/100\n|-damage|p1b: Baxcalibur|40\/100|[from] item: Life Orb\n|move|p2b: Fastball|Coaching|p2a: Slider\n|-boost|p2a: Slider|atk|1\n|-boost|p2a: Slider|def|1\n|move|p1a: Rillaboom|Wood Hammer|p2a: Slider\n|-resisted|p2a: Slider\n|-damage|p2a: Slider|49\/100\n|-enditem|p2a: Slider|Sitrus Berry|[eat]\n|-heal|p2a: Slider|74\/100|[from] item: Sitrus Berry\n|-damage|p1a: Rillaboom|56\/100|[from] Recoil\n|move|p2a: Slider|Hyper Voice|p1b: Baxcalibur|[spread] p1a,p1b\n|-supereffective|p1a: Rillaboom\n|-resisted|p1b: Baxcalibur\n|-damage|p1a: Rillaboom|0 fnt\n|-damage|p1b: Baxcalibur|22\/100\n|faint|p1a: Rillaboom\n|\n|-heal|p2b: Fastball|99\/100|[from] Grassy Terrain\n|-heal|p1b: Baxcalibur|28\/100|[from] Grassy Terrain\n|-heal|p2a: Slider|81\/100|[from] Grassy Terrain\n|-ability|p2b: Fastball|Speed Boost|boost\n|-boost|p2b: Fastball|spe|1\n|upkeep\n|\n|t:|1728414755\n|switch|p1a: Primarina|Primarina, L50, F|100\/100\n|turn|4\n|\n|t:|1728414771\n|move|p2b: Fastball|Protect|p2b: Fastball\n|-singleturn|p2b: Fastball|Protect\n|move|p2a: Slider|Protect|p2a: Slider\n|-singleturn|p2a: Slider|Protect\n|move|p1b: Baxcalibur|High Horsepower|p2a: Slider\n|-activate|p2a: Slider|move: Protect\n|move|p1a: Primarina|Hyper Voice|p2a: Slider|[spread] \n|-activate|p2a: Slider|move: Protect\n|-activate|p2b: Fastball|move: Protect\n|\n|-heal|p2b: Fastball|100\/100|[from] Grassy Terrain\n|-heal|p1b: Baxcalibur|34\/100|[from] Grassy Terrain\n|-heal|p2a: Slider|87\/100|[from] Grassy Terrain\n|-ability|p2b: Fastball|Speed Boost|boost\n|-boost|p2b: Fastball|spe|1\n|upkeep\n|turn|5\n|\n|t:|1728414791\n|move|p1b: Baxcalibur|Ice Shard|p2b: Fastball\n|-resisted|p2b: Fastball\n|-damage|p2b: Fastball|77\/100\n|-damage|p1b: Baxcalibur|24\/100|[from] item: Life Orb\n|move|p2b: Fastball|Close Combat|p1b: Baxcalibur\n|-supereffective|p1b: Baxcalibur\n|-damage|p1b: Baxcalibur|0 fnt\n|-unboost|p2b: Fastball|def|1\n|-unboost|p2b: Fastball|spd|1\n|faint|p1b: Baxcalibur\n|move|p1a: Primarina|Hyper Voice|p2b: Fastball|[spread] p2a,p2b\n|-supereffective|p2b: Fastball\n|-damage|p2a: Slider|58\/100\n|-damage|p2b: Fastball|0 fnt\n|faint|p2b: Fastball\n|move|p2a: Slider|Moonblast|p1a: Primarina\n|-damage|p1a: Primarina|54\/100\n|-unboost|p1a: Primarina|spa|1\n|\n|-heal|p1a: Primarina|61\/100|[from] Grassy Terrain\n|-heal|p2a: Slider|64\/100|[from] Grassy Terrain\n|upkeep\n|turn|6\n|\n|t:|1728414814\n|move|p1a: Primarina|Haze|p1a: Primarina\n|-clearallboost\n|move|p2a: Slider|Moonblast|p1a: Primarina\n|-damage|p1a: Primarina|11\/100\n|-enditem|p1a: Primarina|Sitrus Berry|[eat]\n|-heal|p1a: Primarina|36\/100|[from] item: Sitrus Berry\n|\n|-heal|p1a: Primarina|43\/100|[from] Grassy Terrain\n|-heal|p2a: Slider|70\/100|[from] Grassy Terrain\n|-fieldend|move: Grassy Terrain\n|upkeep\n|turn|7\n|\n|t:|1728414820\n|move|p1a: Primarina|Hyper Voice|p2a: Slider\n|-damage|p2a: Slider|29\/100\n|move|p2a: Slider|Moonblast|p1a: Primarina\n|-damage|p1a: Primarina|0 fnt\n|faint|p1a: Primarina\n|\n|win|rgktest\n|raw|bearguy223's rating: 1692 &rarr; <strong>1673<\/strong><br \/>(-19 for losing)\n|raw|rgktest's rating: 1718 &rarr; <strong>1737<\/strong><br \/>(+19 for winning)\n|l|\u2606rgktest\n|player|p2|\n|l|\u2606bearguy223\n|player|p1|\n","uploadtime":1728415080,"views":17,"formatid":"gen9vgc2024regh","rating":1673,"private":0,"password":null}