{"id":"gen9vgc2024regh-2218401151","format":"[Gen 9] VGC 2024 Reg H","players":["sawawa256","shulivgc"],"log":"|j|\u2606sawawa256\n|j|\u2606shulivgc\n|t:|1728379124\n|gametype|doubles\n|player|p1|sawawa256|hilbert|1721\n|player|p2|shulivgc|#smogonxnpa2024draftee2|1803\n|teamsize|p1|6\n|teamsize|p2|6\n|gen|9\n|tier|[Gen 9] VGC 2024 Reg H\n|rated|\n|rule|Species Clause: Limit one of each Pok\u00e9mon\n|rule|Item Clause: Limit 1 of each item\n|clearpoke\n|poke|p1|Rillaboom, L50, M|\n|poke|p1|Maushold-Four, L50|\n|poke|p1|Gholdengo, L50|\n|poke|p1|Dragonite, L50, M|\n|poke|p1|Garchomp, L50, M|\n|poke|p1|Ursaluna-Bloodmoon, L50, M|\n|poke|p2|Ursaluna-Bloodmoon, L50, M|\n|poke|p2|Maushold-Four, L50|\n|poke|p2|Gholdengo, L50|\n|poke|p2|Dragonite, L50, M|\n|poke|p2|Kingambit, L50, M|\n|poke|p2|Breloom, L50, M|\n|teampreview|4\n|inactive|Battle timer is ON: inactive players will automatically lose when time's up. (requested by sawawa256)\n|\n|t:|1728379156\n|start\n|switch|p1a: Ursaluna|Ursaluna-Bloodmoon, L50, M|100\/100\n|switch|p1b: Maushold|Maushold-Four, L50|100\/100\n|switch|p2a: Ursaluna|Ursaluna-Bloodmoon, L50, M|100\/100\n|switch|p2b: Maushold|Maushold-Four, L50|100\/100\n|turn|1\n|\n|t:|1728379177\n|-terastallize|p2a: Ursaluna|Normal\n|move|p2b: Maushold|Protect|p2b: Maushold\n|-singleturn|p2b: Maushold|Protect\n|move|p1a: Ursaluna|Protect|p1a: Ursaluna\n|-singleturn|p1a: Ursaluna|Protect\n|move|p1b: Maushold|Super Fang|p2a: Ursaluna|[miss]\n|-miss|p1b: Maushold|p2a: Ursaluna\n|move|p2a: Ursaluna|Blood Moon|p1a: Ursaluna\n|-activate|p1a: Ursaluna|move: Protect\n|\n|upkeep\n|turn|2\n|j| bluestraggler02\n|\n|t:|1728379194\n|switch|p1a: Gholdengo|Gholdengo, L50|100\/100\n|move|p2b: Maushold|Follow Me|p2b: Maushold\n|-singleturn|p2b: Maushold|move: Follow Me\n|move|p1b: Maushold|Taunt|p2b: Maushold\n|-start|p2b: Maushold|move: Taunt\n|move|p2a: Ursaluna|Hyper Voice|p1b: Maushold|[spread] p1a,p1b\n|-resisted|p1a: Gholdengo\n|-damage|p1a: Gholdengo|78\/100\n|-damage|p1b: Maushold|35\/100\n|\n|upkeep\n|turn|3\n|inactive|shulivgc has 30 seconds left.\n|\n|t:|1728379224\n|switch|p2a: Gholdengo|Gholdengo, L50|100\/100\n|move|p1b: Maushold|Super Fang|p2a: Gholdengo\n|-immune|p2a: Gholdengo\n|move|p1a: Gholdengo|Make It Rain|p2b: Maushold|[spread] p2a,p2b\n|-resisted|p2a: Gholdengo\n|-crit|p2b: Maushold\n|-damage|p2a: Gholdengo|66\/100\n|-damage|p2b: Maushold|0 fnt\n|-unboost|p1a: Gholdengo|spa|1\n|faint|p2b: Maushold\n|\n|upkeep\n|\n|t:|1728379243\n|switch|p2b: Ursaluna|Ursaluna-Bloodmoon, L50, M, tera:Normal|100\/100\n|turn|4\n|\n|t:|1728379256\n|move|p2a: Gholdengo|Make It Rain|p1b: Maushold|[spread] p1a,p1b\n|-resisted|p1a: Gholdengo\n|-damage|p1a: Gholdengo|57\/100\n|-damage|p1b: Maushold|0 fnt\n|-unboost|p2a: Gholdengo|spa|1\n|faint|p1b: Maushold\n|move|p1a: Gholdengo|Make It Rain|p2a: Gholdengo|[spread] p2a,p2b\n|-resisted|p2a: Gholdengo\n|-damage|p2a: Gholdengo|34\/100\n|-damage|p2b: Ursaluna|63\/100\n|-unboost|p1a: Gholdengo|spa|1\n|move|p2b: Ursaluna|Earth Power|p1a: Gholdengo\n|-supereffective|p1a: Gholdengo\n|-damage|p1a: Gholdengo|0 fnt\n|faint|p1a: Gholdengo\n|\n|upkeep\n|\n|t:|1728379274\n|switch|p1b: Garchomp|Garchomp, L50, M|100\/100\n|switch|p1a: Ursaluna|Ursaluna-Bloodmoon, L50, M|100\/100\n|turn|5\n|\n|t:|1728379289\n|switch|p2a: Dragonite|Dragonite, L50, M|100\/100\n|-terastallize|p1b: Garchomp|Fire\n|move|p1a: Ursaluna|Protect|p1a: Ursaluna\n|-singleturn|p1a: Ursaluna|Protect\n|move|p1b: Garchomp|Stomping Tantrum|p2a: Dragonite\n|-immune|p2a: Dragonite\n|move|p2b: Ursaluna|Hyper Voice|p1b: Garchomp|[spread] p1b\n|-activate|p1a: Ursaluna|move: Protect\n|-damage|p1b: Garchomp|40\/100\n|\n|upkeep\n|turn|6\n|\n|t:|1728379309\n|move|p2a: Dragonite|Extreme Speed|p1b: Garchomp\n|-damage|p1b: Garchomp|0 fnt\n|-damage|p2a: Dragonite|88\/100|[from] ability: Rough Skin|[of] p1b: Garchomp\n|faint|p1b: Garchomp\n|move|p1a: Ursaluna|Hyper Voice|p2b: Ursaluna|[spread] p2a,p2b\n|-damage|p2a: Dragonite|42\/100\n|-damage|p2b: Ursaluna|31\/100\n|move|p2b: Ursaluna|Blood Moon|p1a: Ursaluna\n|-damage|p1a: Ursaluna|0 fnt\n|faint|p1a: Ursaluna\n|\n|win|shulivgc\n|raw|sawawa256's rating: 1721 &rarr; <strong>1706<\/strong><br \/>(-15 for losing)\n|raw|shulivgc's rating: 1803 &rarr; <strong>1818<\/strong><br \/>(+15 for winning)\n|l|\u2606shulivgc\n|player|p2|\n|l| bluestraggler02\n","uploadtime":1728379542,"views":162,"formatid":"gen9vgc2024regh","rating":1706,"private":0,"password":null}