{"id":"gen9vgc2024regh-2218742656","format":"[Gen 9] VGC 2024 Reg H","players":["SnarkyShane","rgktest"],"log":"|j|\u2606SnarkyShane\n|j|\u2606rgktest\n|t:|1728413652\n|gametype|doubles\n|player|p1|SnarkyShane|gambler|1703\n|player|p2|rgktest|102|1768\n|teamsize|p1|6\n|teamsize|p2|6\n|gen|9\n|tier|[Gen 9] VGC 2024 Reg H\n|rated|\n|rule|Species Clause: Limit one of each Pok\u00e9mon\n|rule|Item Clause: Limit 1 of each item\n|clearpoke\n|poke|p1|Baxcalibur, L50, F|\n|poke|p1|Ninetales-Alola, L50, F|\n|poke|p1|Sneasler, L50, F|\n|poke|p1|Ceruledge, L50, M|\n|poke|p1|Volcarona, L50, M|\n|poke|p1|Gastrodon, L50, F|\n|poke|p2|Incineroar, L50, F|\n|poke|p2|Porygon2, L50|\n|poke|p2|Amoonguss, L50, M|\n|poke|p2|Ursaluna, L50, F|\n|poke|p2|Tyranitar, L50, M|\n|poke|p2|Annihilape, L50, M|\n|teampreview|4\n|inactive|Battle timer is ON: inactive players will automatically lose when time's up. (requested by SnarkyShane)\n|inactive|SnarkyShane has 60 seconds left.\n|inactive|rgktest has 60 seconds left.\n|inactive|rgktest has 30 seconds left.\n|\n|t:|1728413718\n|start\n|switch|p1a: The Snizzler|Sneasler, L50, F|100\/100\n|switch|p1b: BULXcaliber|Baxcalibur, L50, F|100\/100\n|switch|p2a: Incineroar|Incineroar, L50, F, shiny|100\/100\n|switch|p2b: Porygon2|Porygon2, L50, shiny|100\/100\n|-ability|p2a: Incineroar|Intimidate|boost\n|-unboost|p1a: The Snizzler|atk|1\n|-unboost|p1b: BULXcaliber|atk|1\n|-ability|p2b: Porygon2|Download|boost\n|-boost|p2b: Porygon2|atk|1\n|turn|1\n|inactive|SnarkyShane has 30 seconds left.\n|inactive|rgktest has 30 seconds left.\n|j| Deli(NotReal)\n|inactive|rgktest has 20 seconds left.\n|\n|t:|1728413756\n|move|p1a: The Snizzler|Fake Out|p2b: Porygon2\n|-damage|p2b: Porygon2|95\/100\n|move|p2a: Incineroar|Fake Out|p1b: BULXcaliber\n|-damage|p1b: BULXcaliber|90\/100\n|cant|p1b: BULXcaliber|flinch\n|cant|p2b: Porygon2|flinch\n|\n|-heal|p1b: BULXcaliber|96\/100|[from] item: Leftovers\n|upkeep\n|turn|2\n|\n|t:|1728413776\n|move|p1a: The Snizzler|Coaching|p1b: BULXcaliber\n|-boost|p1b: BULXcaliber|atk|1\n|-boost|p1b: BULXcaliber|def|1\n|move|p1b: BULXcaliber|Dragon Dance|p1b: BULXcaliber\n|-boost|p1b: BULXcaliber|atk|1\n|-boost|p1b: BULXcaliber|spe|1\n|move|p2a: Incineroar|U-turn|p1a: The Snizzler\n|-resisted|p1a: The Snizzler\n|-damage|p1a: The Snizzler|92\/100\n|\n|t:|1728413800\n|switch|p2a: Tyranitar|Tyranitar, L50, M|100\/100|[from] U-turn\n|-weather|Sandstorm|[from] ability: Sand Stream|[of] p2a: Tyranitar\n|move|p2b: Porygon2|Trick Room|p2b: Porygon2\n|-fieldstart|move: Trick Room|[of] p2b: Porygon2\n|\n|-weather|Sandstorm|[upkeep]\n|-damage|p2b: Porygon2|89\/100|[from] Sandstorm\n|-damage|p1b: BULXcaliber|90\/100|[from] Sandstorm\n|-damage|p1a: The Snizzler|86\/100|[from] Sandstorm\n|-heal|p1b: BULXcaliber|96\/100|[from] item: Leftovers\n|upkeep\n|turn|3\n|\n|t:|1728413821\n|move|p1b: BULXcaliber|Protect|p1b: BULXcaliber\n|-singleturn|p1b: BULXcaliber|Protect\n|move|p2b: Porygon2|Ice Beam|p1a: The Snizzler\n|-damage|p1a: The Snizzler|52\/100\n|move|p2a: Tyranitar|Rock Slide|p1b: BULXcaliber|[spread] p1a\n|-activate|p1b: BULXcaliber|move: Protect\n|-resisted|p1a: The Snizzler\n|-damage|p1a: The Snizzler|29\/100\n|move|p1a: The Snizzler|Coaching|p1b: BULXcaliber\n|-boost|p1b: BULXcaliber|atk|1\n|-boost|p1b: BULXcaliber|def|1\n|\n|-weather|Sandstorm|[upkeep]\n|-damage|p2b: Porygon2|83\/100|[from] Sandstorm\n|-damage|p1b: BULXcaliber|90\/100|[from] Sandstorm\n|-damage|p1a: The Snizzler|24\/100|[from] Sandstorm\n|-heal|p1b: BULXcaliber|96\/100|[from] item: Leftovers\n|upkeep\n|turn|4\n|inactive|rgktest has 30 seconds left.\n|\n|t:|1728413848\n|switch|p2b: Incineroar|Incineroar, L50, F, shiny|100\/100\n|-ability|p2b: Incineroar|Intimidate|boost\n|-unboost|p1a: The Snizzler|atk|1\n|-unboost|p1b: BULXcaliber|atk|1\n|switch|p1a: Elsa|Ninetales-Alola, L50, F|100\/100\n|-weather|Snow|[from] ability: Snow Warning|[of] p1a: Elsa\n|move|p2a: Tyranitar|Rock Slide|p1b: BULXcaliber|[spread] p1a,p1b\n|-supereffective|p1a: Elsa\n|-supereffective|p1b: BULXcaliber\n|-damage|p1a: Elsa|56\/100\n|-damage|p1b: BULXcaliber|82\/100\n|move|p1b: BULXcaliber|High Horsepower|p2a: Tyranitar\n|-supereffective|p2a: Tyranitar\n|-damage|p2a: Tyranitar|13\/100\n|\n|-weather|Snow|[upkeep]\n|-heal|p1b: BULXcaliber|88\/100|[from] ability: Ice Body\n|-heal|p1b: BULXcaliber|94\/100|[from] item: Leftovers\n|upkeep\n|turn|5\n|l| Deli(NotReal)\n|inactive|SnarkyShane has 30 seconds left.\n|inactive|rgktest has 30 seconds left.\n|inactive|rgktest has 20 seconds left.\n|\n|t:|1728413891\n|move|p2a: Tyranitar|Knock Off|p1b: BULXcaliber\n|-damage|p1b: BULXcaliber|80\/100\n|-enditem|p1b: BULXcaliber|Leftovers|[from] move: Knock Off|[of] p2a: Tyranitar\n|move|p2b: Incineroar|Flare Blitz|p1a: Elsa\n|-supereffective|p1a: Elsa\n|-damage|p1a: Elsa|0 fnt\n|faint|p1a: Elsa\n|-damage|p2b: Incineroar|83\/100|[from] Recoil\n|move|p1b: BULXcaliber|Icicle Crash|p2a: Tyranitar\n|-damage|p2a: Tyranitar|0 fnt\n|faint|p2a: Tyranitar\n|\n|-weather|Snow|[upkeep]\n|-heal|p1b: BULXcaliber|86\/100|[from] ability: Ice Body\n|upkeep\n|\n|t:|1728413903\n|switch|p2a: Porygon2|Porygon2, L50, shiny|83\/100\n|switch|p1a: The Snizzler|Sneasler, L50, F|24\/100\n|-ability|p2a: Porygon2|Download|boost\n|-boost|p2a: Porygon2|spa|1\n|turn|6\n|\n|t:|1728413916\n|switch|p2b: Amoonguss|Amoonguss, L50, M, shiny|100\/100\n|move|p1a: The Snizzler|Fake Out|p2b: Amoonguss\n|-damage|p2b: Amoonguss|89\/100\n|move|p2a: Porygon2|Recover|p2a: Porygon2\n|-heal|p2a: Porygon2|100\/100\n|move|p1b: BULXcaliber|Icicle Crash|p2a: Porygon2\n|-damage|p2a: Porygon2|65\/100\n|\n|-weather|Snow|[upkeep]\n|-heal|p1b: BULXcaliber|92\/100|[from] ability: Ice Body\n|-fieldend|move: Trick Room\n|upkeep\n|turn|7\n|inactive|SnarkyShane has 30 seconds left.\n|\n|t:|1728413948\n|switch|p2b: Incineroar|Incineroar, L50, F, shiny|83\/100\n|-ability|p2b: Incineroar|Intimidate|boost\n|-unboost|p1a: The Snizzler|atk|1\n|-unboost|p1b: BULXcaliber|atk|1\n|-terastallize|p2a: Porygon2|Fighting\n|move|p1a: The Snizzler|Close Combat|p2b: Incineroar\n|-supereffective|p2b: Incineroar\n|-damage|p2b: Incineroar|0 fnt\n|-unboost|p1a: The Snizzler|def|1\n|-unboost|p1a: The Snizzler|spd|1\n|faint|p2b: Incineroar\n|move|p1b: BULXcaliber|Icicle Crash|p2a: Porygon2|[miss]\n|-miss|p1b: BULXcaliber|p2a: Porygon2\n|move|p2a: Porygon2|Trick Room|p2a: Porygon2\n|-fieldstart|move: Trick Room|[of] p2a: Porygon2\n|\n|-weather|Snow|[upkeep]\n|-heal|p1b: BULXcaliber|98\/100|[from] ability: Ice Body\n|upkeep\n|\n|t:|1728413958\n|switch|p2b: Amoonguss|Amoonguss, L50, M, shiny|100\/100\n|turn|8\n|j| Deli(NotReal)\n|inactive|rgktest has 30 seconds left.\n|\n|t:|1728413985\n|switch|p1a: Firefly|Volcarona, L50, M|100\/100\n|move|p1b: BULXcaliber|Protect|p1b: BULXcaliber\n|-singleturn|p1b: BULXcaliber|Protect\n|move|p2b: Amoonguss|Spore|p1b: BULXcaliber\n|-activate|p1b: BULXcaliber|move: Protect\n|move|p2a: Porygon2|Ice Beam|p1a: Firefly\n|-resisted|p1a: Firefly\n|-damage|p1a: Firefly|85\/100\n|\n|-weather|none\n|upkeep\n|turn|9\n|\n|t:|1728414004\n|switch|p1b: The Snizzler|Sneasler, L50, F|24\/100\n|move|p2b: Amoonguss|Spore|p1a: Firefly\n|-activate|p1a: Firefly|item: Safety Goggles|Spore\n|move|p2a: Porygon2|Tera Blast|p1b: The Snizzler|[anim] Tera Blast Fighting\n|-resisted|p1b: The Snizzler\n|-damage|p1b: The Snizzler|0 fnt\n|faint|p1b: The Snizzler\n|move|p1a: Firefly|Overheat|p2b: Amoonguss\n|-supereffective|p2b: Amoonguss\n|-damage|p2b: Amoonguss|0 fnt\n|-unboost|p1a: Firefly|spa|2\n|faint|p2b: Amoonguss\n|\n|upkeep\n|\n|t:|1728414016\n|switch|p1b: BULXcaliber|Baxcalibur, L50, F|98\/100\n|turn|10\n|\n|t:|1728414028\n|move|p1a: Firefly|Rage Powder|p1a: Firefly\n|-singleturn|p1a: Firefly|move: Rage Powder\n|move|p2a: Porygon2|Ice Beam|p1a: Firefly\n|-resisted|p1a: Firefly\n|-damage|p1a: Firefly|70\/100\n|move|p1b: BULXcaliber|Dragon Dance|p1b: BULXcaliber\n|-boost|p1b: BULXcaliber|atk|1\n|-boost|p1b: BULXcaliber|spe|1\n|\n|upkeep\n|turn|11\n|\n|t:|1728414035\n|move|p1a: Firefly|Rage Powder|p1a: Firefly\n|-singleturn|p1a: Firefly|move: Rage Powder\n|move|p2a: Porygon2|Ice Beam|p1a: Firefly\n|-resisted|p1a: Firefly\n|-damage|p1a: Firefly|54\/100\n|move|p1b: BULXcaliber|Dragon Dance|p1b: BULXcaliber\n|-boost|p1b: BULXcaliber|atk|1\n|-boost|p1b: BULXcaliber|spe|1\n|\n|-fieldend|move: Trick Room\n|upkeep\n|turn|12\n|\n|t:|1728414039\n|move|p1a: Firefly|Rage Powder|p1a: Firefly\n|-singleturn|p1a: Firefly|move: Rage Powder\n|move|p1b: BULXcaliber|Dragon Dance|p1b: BULXcaliber\n|-boost|p1b: BULXcaliber|atk|1\n|-boost|p1b: BULXcaliber|spe|1\n|move|p2a: Porygon2|Tera Blast|p1a: Firefly|[anim] Tera Blast Fighting\n|-resisted|p1a: Firefly\n|-damage|p1a: Firefly|33\/100\n|\n|upkeep\n|turn|13\n|\n|t:|1728414055\n|-terastallize|p1b: BULXcaliber|Fire\n|move|p1b: BULXcaliber|Icicle Crash|p2a: Porygon2|[miss]\n|-miss|p1b: BULXcaliber|p2a: Porygon2\n|move|p1a: Firefly|Will-O-Wisp|p2a: Porygon2\n|-status|p2a: Porygon2|brn\n|move|p2a: Porygon2|Trick Room|p2a: Porygon2\n|-fieldstart|move: Trick Room|[of] p2a: Porygon2\n|\n|-damage|p2a: Porygon2|58\/100 brn|[from] brn\n|upkeep\n|turn|14\n|\n|t:|1728414071\n|move|p1a: Firefly|Rage Powder|p1a: Firefly\n|-singleturn|p1a: Firefly|move: Rage Powder\n|move|p2a: Porygon2|Recover|p2a: Porygon2\n|-heal|p2a: Porygon2|100\/100 brn\n|move|p1b: BULXcaliber|Icicle Crash|p2a: Porygon2\n|-damage|p2a: Porygon2|35\/100 brn\n|\n|-damage|p2a: Porygon2|29\/100 brn|[from] brn\n|upkeep\n|turn|15\n|\n|t:|1728414079\n|move|p2a: Porygon2|Recover|p2a: Porygon2\n|-heal|p2a: Porygon2|79\/100 brn\n|move|p1a: Firefly|Overheat|p2a: Porygon2\n|-damage|p2a: Porygon2|60\/100 brn\n|-unboost|p1a: Firefly|spa|2\n|move|p1b: BULXcaliber|Icicle Crash|p2a: Porygon2\n|-damage|p2a: Porygon2|0 fnt\n|faint|p2a: Porygon2\n|\n|win|SnarkyShane\n|raw|SnarkyShane's rating: 1703 &rarr; <strong>1727<\/strong><br \/>(+24 for winning)\n|raw|rgktest's rating: 1768 &rarr; <strong>1744<\/strong><br \/>(-24 for losing)\n|l|\u2606rgktest\n|player|p2|\n|l|\u2606SnarkyShane\n|player|p1|\n|l| Deli(NotReal)\n","uploadtime":1728414261,"views":24,"formatid":"gen9vgc2024regh","rating":1727,"private":0,"password":null}