{"id":"gen9vgc2024regh-2218249739","format":"[Gen 9] VGC 2024 Reg H","players":["DRIPcaster","badayagetchi"],"log":"|j|\u2606DRIPcaster\n|j|\u2606badayagetchi\n|t:|1728354898\n|gametype|doubles\n|player|p1|DRIPcaster|flannery|1713\n|player|p2|badayagetchi|skyla|1879\n|teamsize|p1|6\n|teamsize|p2|6\n|gen|9\n|tier|[Gen 9] VGC 2024 Reg H\n|rated|\n|rule|Species Clause: Limit one of each Pok\u00e9mon\n|rule|Item Clause: Limit 1 of each item\n|clearpoke\n|poke|p1|Amoonguss, L50, M|\n|poke|p1|Rotom-Heat, L50|\n|poke|p1|Gyarados, L50, F|\n|poke|p1|Garchomp, L50, M|\n|poke|p1|Ninetales-Alola, L50, M|\n|poke|p1|Kingambit, L50, F|\n|poke|p2|Arcanine-Hisui, L50, M|\n|poke|p2|Pelipper, L50, M|\n|poke|p2|Umbreon, L50, M|\n|poke|p2|Ursaluna-Bloodmoon, L50, M|\n|poke|p2|Clefable, L50, F|\n|poke|p2|Archaludon, L50, M|\n|teampreview|4\n|inactive|Battle timer is ON: inactive players will automatically lose when time's up. (requested by badayagetchi)\n|inactive|DRIPcaster also wants the timer to be on.\n|\n|t:|1728354918\n|start\n|switch|p1a: Garchomp|Garchomp, L50, M|100\/100\n|switch|p1b: Gyarados|Gyarados, L50, F|100\/100\n|switch|p2a: Umbreon|Umbreon, L50, M, shiny|100\/100\n|switch|p2b: Ursaluna|Ursaluna-Bloodmoon, L50, M|100\/100\n|-ability|p1b: Gyarados|Intimidate|boost\n|-fail|p2a: Umbreon|unboost|Attack|[from] ability: Inner Focus|[of] p2a: Umbreon\n|-unboost|p2b: Ursaluna|atk|1\n|turn|1\n|\n|t:|1728354925\n|move|p1a: Garchomp|Protect|p1a: Garchomp\n|-singleturn|p1a: Garchomp|Protect\n|move|p1b: Gyarados|Taunt|p2a: Umbreon\n|-start|p2a: Umbreon|move: Taunt\n|cant|p2a: Umbreon|move: Taunt|Yawn\n|move|p2b: Ursaluna|Blood Moon|p1a: Garchomp\n|-activate|p1a: Garchomp|move: Protect\n|\n|upkeep\n|turn|2\n|\n|t:|1728354940\n|switch|p2b: Pelipper|Pelipper, L50, M|100\/100\n|-weather|RainDance|[from] ability: Drizzle|[of] p2b: Pelipper\n|-terastallize|p1a: Garchomp|Ground\n|move|p1b: Gyarados|Helping Hand|p1a: Garchomp\n|-singleturn|p1a: Garchomp|Helping Hand|[of] p1b: Gyarados\n|move|p1a: Garchomp|Earthquake|p2a: Umbreon|[spread] p2a\n|-immune|p1b: Gyarados\n|-immune|p2b: Pelipper\n|-damage|p2a: Umbreon|23\/100\n|-enditem|p2a: Umbreon|Sitrus Berry|[eat]\n|-heal|p2a: Umbreon|48\/100|[from] item: Sitrus Berry\n|-damage|p1a: Garchomp|91\/100|[from] item: Life Orb\n|move|p2a: Umbreon|Foul Play|p1b: Gyarados\n|-damage|p1b: Gyarados|59\/100\n|\n|-weather|RainDance|[upkeep]\n|upkeep\n|turn|3\n|\n|t:|1728354959\n|switch|p1a: Ninetales|Ninetales-Alola, L50, M, shiny|100\/100\n|-weather|Snow|[from] ability: Snow Warning|[of] p1a: Ninetales\n|move|p2b: Pelipper|Muddy Water|p1b: Gyarados|[spread] \n|-miss|p2b: Pelipper|p1a: Ninetales\n|-miss|p2b: Pelipper|p1b: Gyarados\n|move|p1b: Gyarados|Waterfall|p2b: Pelipper\n|-resisted|p2b: Pelipper\n|-damage|p2b: Pelipper|76\/100\n|move|p2a: Umbreon|Foul Play|p1b: Gyarados\n|-damage|p1b: Gyarados|21\/100\n|\n|-weather|Snow|[upkeep]\n|-end|p2a: Umbreon|move: Taunt\n|upkeep\n|turn|4\n|\n|t:|1728354978\n|switch|p2b: Ursaluna|Ursaluna-Bloodmoon, L50, M|100\/100\n|move|p1b: Gyarados|Helping Hand|p1a: Ninetales\n|-singleturn|p1a: Ninetales|Helping Hand|[of] p1b: Gyarados\n|move|p1a: Ninetales|Blizzard|p2a: Umbreon|[spread] p2a,p2b\n|-supereffective|p2b: Ursaluna\n|-damage|p2a: Umbreon|19\/100\n|-damage|p2b: Ursaluna|47\/100\n|move|p2a: Umbreon|Snarl|p1b: Gyarados|[spread] p1a,p1b\n|-resisted|p1a: Ninetales\n|-damage|p1a: Ninetales|95\/100\n|-damage|p1b: Gyarados|15\/100\n|-unboost|p1a: Ninetales|spa|1\n|-unboost|p1b: Gyarados|spa|1\n|\n|-weather|Snow|[upkeep]\n|upkeep\n|turn|5\n|\n|t:|1728354991\n|-terastallize|p2b: Ursaluna|Ghost\n|move|p1b: Gyarados|Helping Hand|p1a: Ninetales\n|-singleturn|p1a: Ninetales|Helping Hand|[of] p1b: Gyarados\n|move|p1a: Ninetales|Blizzard|p2b: Ursaluna|[spread] p2a,p2b\n|-damage|p2a: Umbreon|1\/100\n|-damage|p2b: Ursaluna|26\/100\n|move|p2a: Umbreon|Snarl|p1a: Ninetales|[spread] p1a,p1b\n|-resisted|p1a: Ninetales\n|-damage|p1a: Ninetales|89\/100\n|-damage|p1b: Gyarados|8\/100\n|-unboost|p1a: Ninetales|spa|1\n|-unboost|p1b: Gyarados|spa|1\n|move|p2b: Ursaluna|Blood Moon|p1a: Ninetales\n|-crit|p1a: Ninetales\n|-damage|p1a: Ninetales|0 fnt\n|faint|p1a: Ninetales\n|\n|-weather|Snow|[upkeep]\n|upkeep\n|\n|t:|1728354995\n|switch|p1a: Garchomp|Garchomp, L50, M, tera:Ground|91\/100\n|turn|6\n|\n|t:|1728355003\n|move|p2b: Ursaluna|Vacuum Wave|p1b: Gyarados\n|-resisted|p1b: Gyarados\n|-damage|p1b: Gyarados|3\/100\n|move|p1a: Garchomp|Earthquake|p2b: Ursaluna|[spread] p2a,p2b\n|-immune|p1b: Gyarados\n|-damage|p2a: Umbreon|0 fnt\n|-damage|p2b: Ursaluna|0 fnt\n|faint|p2a: Umbreon\n|faint|p2b: Ursaluna\n|-damage|p1a: Garchomp|81\/100|[from] item: Life Orb\n|move|p1b: Gyarados|Waterfall|p2: Umbreon|[notarget]\n|-fail|p1b: Gyarados\n|\n|-weather|Snow|[upkeep]\n|upkeep\n|\n|t:|1728355005\n|switch|p2a: Pelipper|Pelipper, L50, M|76\/100\n|switch|p2b: Archaludon|Archaludon, L50, M|100\/100\n|-weather|RainDance|[from] ability: Drizzle|[of] p2a: Pelipper\n|turn|7\n|\n|t:|1728355022\n|move|p1a: Garchomp|Protect|p1a: Garchomp\n|-singleturn|p1a: Garchomp|Protect\n|move|p2a: Pelipper|Weather Ball|p1a: Garchomp\n|-activate|p1a: Garchomp|move: Protect\n|move|p2b: Archaludon|Electro Shot||[still]\n|-prepare|p2b: Archaludon|Electro Shot\n|-boost|p2b: Archaludon|spa|1\n|-anim|p2b: Archaludon|Electro Shot|p1b: Gyarados\n|-supereffective|p1b: Gyarados\n|-damage|p1b: Gyarados|0 fnt\n|faint|p1b: Gyarados\n|\n|-weather|RainDance|[upkeep]\n|upkeep\n|\n|t:|1728355027\n|switch|p1b: Rotom|Rotom-Heat, L50|100\/100\n|turn|8\n|\n|t:|1728355035\n|move|p2a: Pelipper|Weather Ball|p1a: Garchomp\n|-supereffective|p1a: Garchomp\n|-damage|p1a: Garchomp|0 fnt\n|faint|p1a: Garchomp\n|move|p2b: Archaludon|Draco Meteor|p1b: Rotom\n|-damage|p1b: Rotom|0 fnt\n|-unboost|p2b: Archaludon|spa|2\n|faint|p1b: Rotom\n|\n|win|badayagetchi\n|raw|DRIPcaster's rating: 1713 &rarr; <strong>1702<\/strong><br \/>(-11 for losing)\n|raw|badayagetchi's rating: 1879 &rarr; <strong>1890<\/strong><br \/>(+11 for winning)\n|l|\u2606DRIPcaster\n|player|p1|\n|l|\u2606badayagetchi\n|player|p2|\n","uploadtime":1728355246,"views":77,"formatid":"gen9vgc2024regh","rating":1702,"private":0,"password":null}