{"id":"gen9vgc2024regh-2218967681","format":"[Gen 9] VGC 2024 Reg H","players":["newpreset2","Iamsliverfish"],"log":"|j|\u2606newpreset2\n|j|\u2606Iamsliverfish\n|t:|1728437262\n|gametype|doubles\n|player|p1|newpreset2|170|1666\n|player|p2|Iamsliverfish|hiker-gen4|1757\n|teamsize|p1|6\n|teamsize|p2|6\n|gen|9\n|tier|[Gen 9] VGC 2024 Reg H\n|rated|\n|rule|Species Clause: Limit one of each Pok\u00e9mon\n|rule|Item Clause: Limit 1 of each item\n|clearpoke\n|poke|p1|Rhydon, L50, F|\n|poke|p1|Gholdengo, L50|\n|poke|p1|Rillaboom, L50, F|\n|poke|p1|Archaludon, L50, F|\n|poke|p1|Politoed, L50, F|\n|poke|p1|Dragonite, L50, F|\n|poke|p2|Rillaboom, L50, F|\n|poke|p2|Incineroar, L50, F|\n|poke|p2|Kommo-o, L50, F|\n|poke|p2|Gholdengo, L50|\n|poke|p2|Farigiraf, L50, F|\n|poke|p2|Ursaluna-Bloodmoon, L50, M|\n|teampreview|4\n|\n|t:|1728437291\n|start\n|switch|p1a: Gholdengo|Gholdengo, L50|100\/100\n|switch|p1b: Archaludon|Archaludon, L50, F|100\/100\n|switch|p2a: Farigiraf|Farigiraf, L50, F|100\/100\n|switch|p2b: Incineroar|Incineroar, L50, F|100\/100\n|-ability|p2b: Incineroar|Intimidate|boost\n|-unboost|p1a: Gholdengo|atk|1\n|-unboost|p1b: Archaludon|atk|1\n|turn|1\n|inactive|Battle timer is ON: inactive players will automatically lose when time's up. (requested by Iamsliverfish)\n|\n|t:|1728437315\n|-terastallize|p1a: Gholdengo|Dark\n|move|p2b: Incineroar|Fake Out|p1b: Archaludon\n|-resisted|p1b: Archaludon\n|-damage|p1b: Archaludon|96\/100\n|-ability|p1b: Archaludon|Stamina|boost\n|-boost|p1b: Archaludon|def|1\n|move|p1a: Gholdengo|Trick|p2a: Farigiraf\n|-activate|p1a: Gholdengo|move: Trick|[of] p2a: Farigiraf\n|-item|p2a: Farigiraf|Choice Scarf|[from] move: Trick\n|-item|p1a: Gholdengo|Mental Herb|[from] move: Trick\n|cant|p1b: Archaludon|flinch\n|move|p2a: Farigiraf|Trick Room|p2a: Farigiraf\n|-fieldstart|move: Trick Room|[of] p2a: Farigiraf\n|\n|upkeep\n|turn|2\n|\n|t:|1728437334\n|switch|p2a: Ursaluna|Ursaluna-Bloodmoon, L50, M|100\/100\n|move|p2b: Incineroar|Knock Off|p1b: Archaludon\n|-crit|p1b: Archaludon\n|-damage|p1b: Archaludon|41\/100\n|-ability|p1b: Archaludon|Stamina|boost\n|-boost|p1b: Archaludon|def|1\n|-enditem|p1b: Archaludon|Assault Vest|[from] move: Knock Off|[of] p2b: Incineroar\n|move|p1a: Gholdengo|Make It Rain|p2b: Incineroar|[spread] p2a,p2b\n|-resisted|p2b: Incineroar\n|-damage|p2a: Ursaluna|65\/100\n|-damage|p2b: Incineroar|84\/100\n|-unboost|p1a: Gholdengo|spa|1\n|move|p1b: Archaludon|Body Press|p2b: Incineroar\n|-supereffective|p2b: Incineroar\n|-damage|p2b: Incineroar|0 fnt\n|faint|p2b: Incineroar\n|\n|upkeep\n|\n|t:|1728437345\n|switch|p2b: Farigiraf|Farigiraf, L50, F|100\/100\n|turn|3\n|\n|t:|1728437354\n|-terastallize|p2a: Ursaluna|Normal\n|move|p2b: Farigiraf|Helping Hand|p2a: Ursaluna\n|-singleturn|p2a: Ursaluna|Helping Hand|[of] p2b: Farigiraf\n|move|p1a: Gholdengo|Protect|p1a: Gholdengo\n|-singleturn|p1a: Gholdengo|Protect\n|move|p2a: Ursaluna|Hyper Voice|p1a: Gholdengo|[spread] p1b\n|-activate|p1a: Gholdengo|move: Protect\n|-resisted|p1b: Archaludon\n|-damage|p1b: Archaludon|0 fnt\n|faint|p1b: Archaludon\n|\n|upkeep\n|\n|t:|1728437369\n|switch|p1b: Rillaboom|Rillaboom, L50, F|100\/100\n|-fieldstart|move: Grassy Terrain|[from] ability: Grassy Surge|[of] p1b: Rillaboom\n|-enditem|p1b: Rillaboom|Grassy Seed\n|-boost|p1b: Rillaboom|def|1|[from] item: Grassy Seed\n|turn|4\n|\n|t:|1728437390\n|switch|p2b: Gholdengo|Gholdengo, L50|100\/100\n|move|p2a: Ursaluna|Blood Moon|p1b: Rillaboom\n|-damage|p1b: Rillaboom|0 fnt\n|faint|p1b: Rillaboom\n|move|p1a: Gholdengo|Make It Rain|p2a: Ursaluna|[spread] p2a,p2b\n|-resisted|p2b: Gholdengo\n|-damage|p2a: Ursaluna|43\/100\n|-damage|p2b: Gholdengo|82\/100\n|-unboost|p1a: Gholdengo|spa|1\n|\n|-heal|p2a: Ursaluna|49\/100|[from] Grassy Terrain\n|-heal|p2b: Gholdengo|88\/100|[from] Grassy Terrain\n|upkeep\n|\n|t:|1728437395\n|switch|p1b: Politoed|Politoed, L50, F|100\/100\n|-weather|RainDance|[from] ability: Drizzle|[of] p1b: Politoed\n|turn|5\n|\n|t:|1728437407\n|switch|p2b: Farigiraf|Farigiraf, L50, F|100\/100\n|move|p1b: Politoed|Protect|p1b: Politoed\n|-singleturn|p1b: Politoed|Protect\n|move|p1a: Gholdengo|Protect|p1a: Gholdengo\n|-singleturn|p1a: Gholdengo|Protect\n|move|p2a: Ursaluna|Hyper Voice|p1b: Politoed|[spread] \n|-activate|p1a: Gholdengo|move: Protect\n|-activate|p1b: Politoed|move: Protect\n|\n|-weather|RainDance|[upkeep]\n|-heal|p2a: Ursaluna|55\/100|[from] Grassy Terrain\n|-fieldend|move: Trick Room\n|upkeep\n|turn|6\n|\n|t:|1728437428\n|move|p1a: Gholdengo|Make It Rain|p2a: Ursaluna|[spread] p2a,p2b\n|-damage|p2a: Ursaluna|37\/100\n|-damage|p2b: Farigiraf|80\/100\n|-unboost|p1a: Gholdengo|spa|1\n|move|p1b: Politoed|Weather Ball|p2a: Ursaluna\n|-damage|p2a: Ursaluna|0 fnt\n|faint|p2a: Ursaluna\n|move|p2b: Farigiraf|Expanding Force|p1b: Politoed\n|-damage|p1b: Politoed|73\/100\n|\n|-weather|RainDance|[upkeep]\n|-heal|p1b: Politoed|79\/100|[from] Grassy Terrain\n|-heal|p2b: Farigiraf|86\/100|[from] Grassy Terrain\n|upkeep\n|\n|t:|1728437431\n|switch|p2a: Gholdengo|Gholdengo, L50|88\/100\n|turn|7\n|\n|t:|1728437444\n|move|p2a: Gholdengo|Dazzling Gleam|p1a: Gholdengo|[spread] p1a,p1b\n|-supereffective|p1a: Gholdengo\n|-damage|p1a: Gholdengo|21\/100\n|-damage|p1b: Politoed|52\/100\n|move|p1a: Gholdengo|Shadow Ball|p2a: Gholdengo\n|-supereffective|p2a: Gholdengo\n|-damage|p2a: Gholdengo|47\/100\n|move|p1b: Politoed|Weather Ball|p2a: Gholdengo\n|-damage|p2a: Gholdengo|0 fnt\n|faint|p2a: Gholdengo\n|move|p2b: Farigiraf|Expanding Force|p1b: Politoed\n|-damage|p1b: Politoed|26\/100\n|\n|-weather|RainDance|[upkeep]\n|-heal|p1a: Gholdengo|28\/100|[from] Grassy Terrain\n|-heal|p1b: Politoed|32\/100|[from] Grassy Terrain\n|-heal|p2b: Farigiraf|93\/100|[from] Grassy Terrain\n|upkeep\n|turn|8\n|-message|Iamsliverfish forfeited.\n|\n|win|newpreset2\n|raw|newpreset2's rating: 1666 &rarr; <strong>1691<\/strong><br \/>(+25 for winning)\n|raw|Iamsliverfish's rating: 1757 &rarr; <strong>1732<\/strong><br \/>(-25 for losing)\n|l|\u2606Iamsliverfish\n|player|p2|\n|l|\u2606newpreset2\n|player|p1|\n|j| Kiriz\n","uploadtime":1728437618,"views":17,"formatid":"gen9vgc2024regh","rating":1691,"private":0,"password":null}