{"id":"gen9vgc2024regh-2218766006","format":"[Gen 9] VGC 2024 Reg H","players":["AlejoB18","i\u2764\u5a1c\u7984forever"],"log":"|j|\u2606AlejoB18\n|j|\u2606i\u2764\u5a1c\u7984forever\n|t:|1728415722\n|gametype|doubles\n|player|p1|AlejoB18|ethan|1664\n|player|p2|i\u2764\u5a1c\u7984forever|youngcouple|1694\n|teamsize|p1|6\n|teamsize|p2|6\n|gen|9\n|tier|[Gen 9] VGC 2024 Reg H\n|rated|\n|rule|Species Clause: Limit one of each Pok\u00e9mon\n|rule|Item Clause: Limit 1 of each item\n|clearpoke\n|poke|p1|Dondozo, L50, M|\n|poke|p1|Tatsugiri, L50, M|\n|poke|p1|Sylveon, L50, F|\n|poke|p1|Kingambit, L50, F|\n|poke|p1|Archaludon, L50, F|\n|poke|p1|Dragonite, L50, F|\n|poke|p2|Dragonite, L50, M|\n|poke|p2|Metagross, L50|\n|poke|p2|Gholdengo, L50|\n|poke|p2|Hydreigon, L50, F|\n|poke|p2|Talonflame, L50, M|\n|poke|p2|Garchomp, L50, M|\n|teampreview|4\n|inactive|Battle timer is ON: inactive players will automatically lose when time's up. (requested by AlejoB18)\n|j| BigBowlingBalls\n|l| BigBowlingBalls\n|inactive|AlejoB18 has 60 seconds left.\n|\n|t:|1728415785\n|start\n|switch|p1a: Kingambit|Kingambit, L50, F|100\/100\n|switch|p1b: Dragonite|Dragonite, L50, F|100\/100\n|switch|p2a: Talonflame|Talonflame, L50, M|100\/100\n|switch|p2b: Garchomp|Garchomp, L50, M|100\/100\n|turn|1\n|j| Nido_kingj\n|j| giftedyewsucks\n|inactive|AlejoB18 has 30 seconds left.\n|inactive|i\u2764\u5a1c\u7984forever has 30 seconds left.\n|\n|t:|1728415814\n|-terastallize|p1a: Kingambit|Water\n|move|p2b: Garchomp|Rock Slide|p1b: Dragonite|[spread] p1b\n|-miss|p2b: Garchomp|p1a: Kingambit\n|-supereffective|p1b: Dragonite\n|-damage|p1b: Dragonite|80\/100\n|move|p2a: Talonflame|U-turn|p1a: Kingambit\n|-damage|p1a: Kingambit|78\/100\n|\n|t:|1728415826\n|switch|p2a: Hydreigon|Hydreigon, L50, F|100\/100|[from] U-turn\n|move|p1b: Dragonite|Tailwind|p1b: Dragonite\n|-sidestart|p1: AlejoB18|move: Tailwind\n|move|p1a: Kingambit|Kowtow Cleave|p2a: Hydreigon\n|-resisted|p2a: Hydreigon\n|-damage|p2a: Hydreigon|75\/100\n|\n|upkeep\n|turn|2\n|l| giftedyewsucks\n|inactive|AlejoB18 has 30 seconds left.\n|\n|t:|1728415852\n|move|p1b: Dragonite|Ice Spinner|p2b: Garchomp\n|-supereffective|p2b: Garchomp\n|-damage|p2b: Garchomp|0 fnt\n|-damage|p1b: Dragonite|68\/100|[from] ability: Rough Skin|[of] p2b: Garchomp\n|faint|p2b: Garchomp\n|move|p1a: Kingambit|Iron Head|p2a: Hydreigon\n|-damage|p2a: Hydreigon|26\/100\n|move|p2a: Hydreigon|Draco Meteor|p1a: Kingambit|[miss]\n|-miss|p2a: Hydreigon|p1a: Kingambit\n|\n|upkeep\n|\n|t:|1728415867\n|switch|p2b: Talonflame|Talonflame, L50, M|100\/100\n|turn|3\n|\n|t:|1728415879\n|move|p2a: Hydreigon|Protect|p2a: Hydreigon\n|-singleturn|p2a: Hydreigon|Protect\n|move|p2b: Talonflame|Brave Bird|p1a: Kingambit\n|-damage|p1a: Kingambit|18\/100\n|-damage|p2b: Talonflame|74\/100|[from] Recoil\n|move|p1b: Dragonite|Ice Spinner|p2a: Hydreigon\n|-activate|p2a: Hydreigon|move: Protect\n|move|p1a: Kingambit|Kowtow Cleave|p2b: Talonflame\n|-damage|p2b: Talonflame|4\/100\n|\n|upkeep\n|turn|4\n|\n|t:|1728415899\n|switch|p2a: Gholdengo|Gholdengo, L50|100\/100\n|move|p1b: Dragonite|Extreme Speed|p2b: Talonflame\n|-damage|p2b: Talonflame|0 fnt\n|faint|p2b: Talonflame\n|move|p1a: Kingambit|Sucker Punch||[still]\n|-fail|p1a: Kingambit\n|\n|-sideend|p1: AlejoB18|move: Tailwind\n|upkeep\n|\n|t:|1728415910\n|switch|p2b: Hydreigon|Hydreigon, L50, F|26\/100\n|turn|5\n|\n|t:|1728415934\n|-terastallize|p2a: Gholdengo|Steel\n|move|p2b: Hydreigon|Protect|p2b: Hydreigon\n|-singleturn|p2b: Hydreigon|Protect\n|move|p1b: Dragonite|Extreme Speed|p2b: Hydreigon\n|-activate|p2b: Hydreigon|move: Protect\n|move|p1a: Kingambit|Sucker Punch|p2a: Gholdengo\n|-damage|p2a: Gholdengo|65\/100\n|move|p2a: Gholdengo|Make It Rain|p1a: Kingambit|[spread] p1a,p1b\n|-resisted|p1a: Kingambit\n|-damage|p1a: Kingambit|0 fnt\n|-damage|p1b: Dragonite|0 fnt\n|-unboost|p2a: Gholdengo|spa|1\n|faint|p1a: Kingambit\n|faint|p1b: Dragonite\n|\n|upkeep\n|\n|t:|1728415949\n|switch|p1b: Archaludon|Archaludon, L50, F|100\/100\n|switch|p1a: Sylveon|Sylveon, L50, F|100\/100\n|turn|6\n|j| Deli(NotReal)\n|inactive|AlejoB18 has 30 seconds left.\n|\n|t:|1728415980\n|move|p1b: Archaludon|Protect|p1b: Archaludon\n|-singleturn|p1b: Archaludon|Protect\n|move|p2b: Hydreigon|Draco Meteor|p1b: Archaludon\n|-activate|p1b: Archaludon|move: Protect\n|move|p1a: Sylveon|Hyper Voice|p2b: Hydreigon|[spread] p2a,p2b\n|-resisted|p2a: Gholdengo\n|-supereffective|p2b: Hydreigon\n|-damage|p2a: Gholdengo|37\/100\n|-damage|p2b: Hydreigon|0 fnt\n|faint|p2b: Hydreigon\n|move|p2a: Gholdengo|Make It Rain|p1a: Sylveon|[spread] p1a\n|-activate|p1b: Archaludon|move: Protect\n|-supereffective|p1a: Sylveon\n|-damage|p1a: Sylveon|0 fnt\n|-unboost|p2a: Gholdengo|spa|1\n|faint|p1a: Sylveon\n|\n|upkeep\n|turn|7\n|j| Koraidon14\n|\n|t:|1728416000\n|move|p1b: Archaludon|Electro Shot||[still]\n|-prepare|p1b: Archaludon|Electro Shot\n|-boost|p1b: Archaludon|spa|1\n|-enditem|p1b: Archaludon|Power Herb\n|-anim|p1b: Archaludon|Electro Shot|p2a: Gholdengo\n|-crit|p2a: Gholdengo\n|-damage|p2a: Gholdengo|0 fnt\n|faint|p2a: Gholdengo\n|\n|win|AlejoB18\n|raw|AlejoB18's rating: 1664 &rarr; <strong>1686<\/strong><br \/>(+22 for winning)\n|raw|i\u2764\u5a1c\u7984forever's rating: 1694 &rarr; <strong>1672<\/strong><br \/>(-22 for losing)\n|l|\u2606i\u2764\u5a1c\u7984forever\n|player|p2|\n|l|\u2606AlejoB18\n|player|p1|\n|l| Deli(NotReal)\n|l| Nido_kingj\n","uploadtime":1728416170,"views":12,"formatid":"gen9vgc2024regh","rating":1672,"private":0,"password":null}