{"id":"gen9vgc2024regh-2218650703","format":"[Gen 9] VGC 2024 Reg H","players":["coalossal_idiot","Ibberdytten"],"log":"|j|\u2606coalossal_idiot\n|j|\u2606Ibberdytten\n|t:|1728405839\n|gametype|doubles\n|player|p1|coalossal_idiot|101|1695\n|player|p2|Ibberdytten|lass-gen4dp|1685\n|teamsize|p1|6\n|teamsize|p2|6\n|gen|9\n|tier|[Gen 9] VGC 2024 Reg H\n|rated|\n|rule|Species Clause: Limit one of each Pok\u00e9mon\n|rule|Item Clause: Limit 1 of each item\n|clearpoke\n|poke|p1|Electabuzz, L50, M|\n|poke|p1|Zoroark-Hisui, L50, M|\n|poke|p1|Araquanid, L50, M|\n|poke|p1|Kommo-o, L50, F|\n|poke|p1|Kingambit, L50, M|\n|poke|p1|Sinistcha, L50|\n|poke|p2|Dondozo, L50, M|\n|poke|p2|Tatsugiri, L50, F|\n|poke|p2|Talonflame, L50, M|\n|poke|p2|Gholdengo, L50|\n|poke|p2|Glimmora, L50, F|\n|poke|p2|Dragonite, L50, M|\n|teampreview|4\n|inactive|Battle timer is ON: inactive players will automatically lose when time's up. (requested by coalossal_idiot)\n|inactive|coalossal_idiot has 60 seconds left.\n|inactive|Ibberdytten has 60 seconds left.\n|inactive|coalossal_idiot has 30 seconds left.\n|inactive|coalossal_idiot has 20 seconds left.\n|inactive|coalossal_idiot has 15 seconds left.\n|inactive|coalossal_idiot has 10 seconds left.\n|inactive|coalossal_idiot has 5 seconds left.\n|\n|t:|1728405926\n|start\n|switch|p1a: Kingambit|Kingambit, L50, M|100\/100\n|switch|p1b: Electabuzz|Electabuzz, L50, M|100\/100\n|switch|p2a: Glimmora|Glimmora, L50, F, shiny|100\/100\n|switch|p2b: Dragonite|Dragonite, L50, M|100\/100\n|turn|1\n|inactive|Ibberdytten has 30 seconds left.\n|\n|t:|1728405958\n|move|p1a: Kingambit|Nasty Plot|p1a: Kingambit\n|-boost|p1a: Kingambit|spa|2\n|move|p2a: Glimmora|Earth Power|p1a: Kingambit\n|-damage|p1a: Kingambit|40\/100\n|replace|p1a: Zoroark|Zoroark-Hisui, L50, M\n|-end|p1a: Zoroark|Illusion\n|move|p1b: Electabuzz|Thunderbolt|p2a: Glimmora\n|-damage|p2a: Glimmora|78\/100\n|move|p2b: Dragonite|Outrage|p1a: Zoroark\n|-damage|p1a: Zoroark|0 fnt\n|faint|p1a: Zoroark\n|\n|upkeep\n|\n|t:|1728405973\n|switch|p1a: Kingambit|Kingambit, L50, M|100\/100\n|turn|2\n|inactive|coalossal_idiot has 30 seconds left.\n|\n|t:|1728406006\n|switch|p1b: Sinistcha|Sinistcha, L50|100\/100\n|move|p2a: Glimmora|Earth Power|p1a: Kingambit\n|-supereffective|p1a: Kingambit\n|-damage|p1a: Kingambit|43\/100\n|move|p2b: Dragonite|Outrage|p1a: Kingambit|[from]lockedmove\n|-resisted|p1a: Kingambit\n|-damage|p1a: Kingambit|5\/100\n|move|p1a: Kingambit|Iron Head|p2a: Glimmora\n|-supereffective|p2a: Glimmora\n|-damage|p2a: Glimmora|0 fnt\n|-activate|p2a: Glimmora|ability: Toxic Debris\n|-sidestart|p1: coalossal_idiot|move: Toxic Spikes\n|faint|p2a: Glimmora\n|\n|upkeep\n|\n|t:|1728406025\n|switch|p2a: Dondozo|Dondozo, L50, M|100\/100\n|turn|3\n|\n|t:|1728406039\n|move|p2a: Dondozo|Protect|p2a: Dondozo\n|-singleturn|p2a: Dondozo|Protect\n|move|p1a: Kingambit|Protect|p1a: Kingambit\n|-singleturn|p1a: Kingambit|Protect\n|move|p2b: Dragonite|Outrage|p1a: Kingambit|[from]lockedmove\n|-activate|p1a: Kingambit|move: Protect\n|-start|p2b: Dragonite|confusion|[fatigue]\n|move|p1b: Sinistcha|Life Dew||[still]|[spread] p1a,p1b\n|-heal|p1a: Kingambit|30\/100\n|-fail|p1b: Sinistcha|heal\n|\n|upkeep\n|turn|4\n|inactive|coalossal_idiot has 30 seconds left.\n|inactive|Ibberdytten has 30 seconds left.\n|\n|t:|1728406067\n|switch|p2b: Tatsugiri|Tatsugiri, L50, F|100\/100\n|-activate|p2b: Tatsugiri|ability: Commander|[of] p2a: Dondozo\n|-boost|p2a: Dondozo|atk|2\n|-boost|p2a: Dondozo|spa|2\n|-boost|p2a: Dondozo|spe|2\n|-boost|p2a: Dondozo|def|2\n|-boost|p2a: Dondozo|spd|2\n|-terastallize|p2a: Dondozo|Grass\n|move|p2a: Dondozo|Earthquake|p1a: Kingambit|[spread] p1a,p1b\n|-miss|p2a: Dondozo|p2b: Tatsugiri\n|-supereffective|p1a: Kingambit\n|-resisted|p1b: Sinistcha\n|-damage|p1a: Kingambit|0 fnt\n|-damage|p1b: Sinistcha|79\/100\n|faint|p1a: Kingambit\n|move|p1b: Sinistcha|Trick Room|p1b: Sinistcha\n|-fieldstart|move: Trick Room|[of] p1b: Sinistcha\n|\n|upkeep\n|\n|t:|1728406069\n|switch|p1a: Electabuzz|Electabuzz, L50, M|100\/100\n|-status|p1a: Electabuzz|psn\n|turn|5\n|-message|coalossal_idiot forfeited.\n|\n|win|Ibberdytten\n|raw|coalossal_idiot's rating: 1695 &rarr; <strong>1674<\/strong><br \/>(-21 for losing)\n|raw|Ibberdytten's rating: 1685 &rarr; <strong>1706<\/strong><br \/>(+21 for winning)\n|l|\u2606coalossal_idiot\n|player|p1|\n|l|\u2606Ibberdytten\n|player|p2|\n","uploadtime":1728406223,"views":13,"formatid":"gen9vgc2024regh","rating":1674,"private":0,"password":null}