{"id":"gen9vgc2024regh-2218832622","format":"[Gen 9] VGC 2024 Reg H","players":["daniiivgc","Sparkbladexd"],"log":"|j|\u203ddaniiivgc\n|j|\u2606Sparkbladexd\n|t:|1728421964\n|gametype|doubles\n|player|p1|daniiivgc|lucas|1703\n|player|p2|Sparkbladexd|cynthia|1735\n|teamsize|p1|6\n|teamsize|p2|6\n|gen|9\n|tier|[Gen 9] VGC 2024 Reg H\n|rated|\n|rule|Species Clause: Limit one of each Pok\u00e9mon\n|rule|Item Clause: Limit 1 of each item\n|clearpoke\n|poke|p1|Primarina, L50, F|\n|poke|p1|Cinderace, L50, M|\n|poke|p1|Kingambit, L50, F|\n|poke|p1|Hariyama, L50, M|\n|poke|p1|Sinistcha, L50|\n|poke|p1|Electabuzz, L50, F|\n|poke|p2|Typhlosion-Hisui, L50, M|\n|poke|p2|Toedscruel, L50, F|\n|poke|p2|Corviknight, L50, M|\n|poke|p2|Weezing-Galar, L50, M|\n|poke|p2|Garchomp, L50, F|\n|poke|p2|Pawmot, L50, M|\n|teampreview|4\n|inactive|Battle timer is ON: inactive players will automatically lose when time's up. (requested by Sparkbladexd)\n|j| m4rchu\n|l| m4rchu\n|inactive|daniiivgc has 60 seconds left.\n|inactive|Sparkbladexd has 60 seconds left.\n|j| DaN00biest\n|\n|t:|1728422011\n|start\n|switch|p1a: Sinistcha|Sinistcha, L50|100\/100\n|switch|p1b: Hariyama|Hariyama, L50, M|100\/100\n|switch|p2a: Typhlosion|Typhlosion-Hisui, L50, M|100\/100\n|switch|p2b: Toedscruel|Toedscruel, L50, F, shiny|100\/100\n|-item|p1a: Sinistcha|Mental Herb|[from] ability: Frisk|[of] p2a: Typhlosion\n|-item|p1b: Hariyama|Flame Orb|[from] ability: Frisk|[of] p2a: Typhlosion\n|turn|1\n|\n|t:|1728422029\n|-terastallize|p2a: Typhlosion|Fire\n|-terastallize|p1a: Sinistcha|Fairy\n|move|p2a: Typhlosion|Eruption|p1a: Sinistcha|[spread] p1a,p1b\n|-crit|p1a: Sinistcha\n|-damage|p1a: Sinistcha|27\/100\n|-damage|p1b: Hariyama|23\/100\n|move|p1b: Hariyama|Knock Off|p2a: Typhlosion\n|-damage|p2a: Typhlosion|44\/100\n|-enditem|p2a: Typhlosion|Choice Scarf|[from] move: Knock Off|[of] p1b: Hariyama\n|move|p2b: Toedscruel|Spore|p1b: Hariyama\n|-status|p1b: Hariyama|slp|[from] move: Spore\n|move|p1a: Sinistcha|Trick Room|p1a: Sinistcha\n|-fieldstart|move: Trick Room|[of] p1a: Sinistcha\n|\n|upkeep\n|turn|2\n|j| infinitygroudon\n|inactive|daniiivgc has 30 seconds left.\n|inactive|Sparkbladexd has 30 seconds left.\n|\n|t:|1728422055\n|cant|p1b: Hariyama|slp\n|move|p1a: Sinistcha|Matcha Gotcha|p2a: Typhlosion|[spread] p2a,p2b\n|-resisted|p2a: Typhlosion\n|-crit|p2b: Toedscruel\n|-damage|p2a: Typhlosion|25\/100\n|-heal|p1a: Sinistcha|35\/100|[from] drain|[of] p2a: Typhlosion\n|-damage|p2b: Toedscruel|65\/100\n|-heal|p1a: Sinistcha|54\/100|[from] drain|[of] p2b: Toedscruel\n|move|p2a: Typhlosion|Heat Wave|p1b: Hariyama|[spread] p1a\n|-miss|p2a: Typhlosion|p1b: Hariyama\n|-damage|p1a: Sinistcha|25\/100\n|move|p2b: Toedscruel|Acid Spray|p1b: Hariyama\n|-damage|p1b: Hariyama|15\/100 slp\n|-unboost|p1b: Hariyama|spd|2\n|\n|upkeep\n|turn|3\n|\n|t:|1728422077\n|-curestatus|p1b: Hariyama|slp|[msg]\n|move|p1b: Hariyama|Knock Off|p2b: Toedscruel\n|-damage|p2b: Toedscruel|17\/100\n|-enditem|p2b: Toedscruel|Covert Cloak|[from] move: Knock Off|[of] p1b: Hariyama\n|move|p1a: Sinistcha|Matcha Gotcha|p2b: Toedscruel|[spread] p2a,p2b\n|-resisted|p2a: Typhlosion\n|-damage|p2a: Typhlosion|5\/100\n|-heal|p1a: Sinistcha|33\/100|[from] drain|[of] p2a: Typhlosion\n|-damage|p2b: Toedscruel|0 fnt\n|-heal|p1a: Sinistcha|42\/100|[from] drain|[of] p2b: Toedscruel\n|faint|p2b: Toedscruel\n|move|p2a: Typhlosion|Heat Wave|p1b: Hariyama|[spread] p1b\n|-miss|p2a: Typhlosion|p1a: Sinistcha\n|-damage|p1b: Hariyama|0 fnt\n|faint|p1b: Hariyama\n|\n|upkeep\n|j| mr pogostick\n|\n|t:|1728422094\n|switch|p1b: Primarina|Primarina, L50, F|100\/100\n|switch|p2b: Pawmot|Pawmot, L50, M|100\/100\n|turn|4\n|inactive|Sparkbladexd has 30 seconds left.\n|\n|t:|1728422129\n|move|p2b: Pawmot|Protect|p2b: Pawmot\n|-singleturn|p2b: Pawmot|Protect\n|move|p1b: Primarina|Dazzling Gleam|p2b: Pawmot|[spread] p2a\n|-activate|p2b: Pawmot|move: Protect\n|-resisted|p2a: Typhlosion\n|-damage|p2a: Typhlosion|0 fnt\n|faint|p2a: Typhlosion\n|move|p1a: Sinistcha|Strength Sap|p2b: Pawmot\n|-activate|p2b: Pawmot|move: Protect\n|\n|upkeep\n|\n|t:|1728422131\n|switch|p2a: Weezing|Weezing-Galar, L50, M|100\/100\n|-ability|p2a: Weezing|Neutralizing Gas\n|turn|5\n|\n|t:|1728422147\n|move|p1b: Primarina|Dazzling Gleam|p2a: Weezing|[spread] p2a,p2b\n|-resisted|p2a: Weezing\n|-supereffective|p2b: Pawmot\n|-damage|p2a: Weezing|65\/100\n|-enditem|p2b: Pawmot|Focus Sash\n|-damage|p2b: Pawmot|1\/100\n|move|p2a: Weezing|Dazzling Gleam|p1a: Sinistcha|[spread] p1a,p1b\n|-damage|p1a: Sinistcha|0 fnt\n|-damage|p1b: Primarina|70\/100\n|faint|p1a: Sinistcha\n|move|p2b: Pawmot|Double Shock|p1b: Primarina\n|-supereffective|p1b: Primarina\n|-damage|p1b: Primarina|0 fnt\n|-start|p2b: Pawmot|typechange|???\/Fighting|[from] move: Double Shock\n|faint|p1b: Primarina\n|\n|-fieldend|move: Trick Room\n|upkeep\n|\n|t:|1728422158\n|switch|p1b: Kingambit|Kingambit, L50, F|100\/100\n|turn|6\n|\n|t:|1728422169\n|move|p1b: Kingambit|Sucker Punch|p2b: Pawmot\n|-resisted|p2b: Pawmot\n|-damage|p2b: Pawmot|0 fnt\n|faint|p2b: Pawmot\n|move|p2a: Weezing|Dazzling Gleam|p1b: Kingambit\n|-damage|p1b: Kingambit|52\/100\n|\n|upkeep\n|turn|7\n|\n|t:|1728422177\n|move|p2a: Weezing|Dazzling Gleam|p1b: Kingambit\n|-damage|p1b: Kingambit|1\/100\n|move|p1b: Kingambit|Iron Head|p2a: Weezing\n|-supereffective|p2a: Weezing\n|-damage|p2a: Weezing|0 fnt\n|faint|p2a: Weezing\n|-end|p2a: Weezing|ability: Neutralizing Gas\n|\n|win|daniiivgc\n|raw|daniiivgc's rating: 1703 &rarr; <strong>1725<\/strong><br \/>(+22 for winning)\n|raw|Sparkbladexd's rating: 1735 &rarr; <strong>1713<\/strong><br \/>(-22 for losing)\n|l|\u203ddaniiivgc\n|player|p1|\n|l| infinitygroudon\n|l| DaN00biest\n|l|\u2606Sparkbladexd\n|player|p2|\n","uploadtime":1728422347,"views":13,"formatid":"gen9vgc2024regh","rating":1713,"private":0,"password":null}