{"id":"gen9vgc2024regh-2218223440","format":"[Gen 9] VGC 2024 Reg H","players":["infinitygroudon","shulivgc"],"log":"|j|\u2606infinitygroudon\n|j|\u2606shulivgc\n|t:|1728351709\n|gametype|doubles\n|player|p1|infinitygroudon|102|1679\n|player|p2|shulivgc|#smogonxnpa2024draftee2|1866\n|teamsize|p1|6\n|teamsize|p2|6\n|gen|9\n|tier|[Gen 9] VGC 2024 Reg H\n|rated|\n|rule|Species Clause: Limit one of each Pok\u00e9mon\n|rule|Item Clause: Limit 1 of each item\n|clearpoke\n|poke|p1|Krookodile, L50, M|\n|poke|p1|Clefairy, L50, F|\n|poke|p1|Smeargle, L50, M|\n|poke|p1|Flamigo, L50, F|\n|poke|p1|Dragonite, L50, F|\n|poke|p1|Dragapult, L50, F|\n|poke|p2|Gholdengo, L50|\n|poke|p2|Dragonite, L50, F|\n|poke|p2|Kingambit, L50, M|\n|poke|p2|Annihilape, L50, F|\n|poke|p2|Whimsicott, L50, F|\n|poke|p2|Volcarona, L50, F|\n|teampreview|4\n|\n|t:|1728351783\n|start\n|switch|p1a: Flamigo|Flamigo, L50, F|100\/100\n|switch|p1b: Dragonite|Dragonite, L50, F|100\/100\n|switch|p2a: Gholdengo|Gholdengo, L50, shiny|100\/100\n|switch|p2b: Whimsicott|Whimsicott, L50, F, shiny|100\/100\n|-copyboost|p1a: Flamigo|p1b: Dragonite|[from] ability: Costar\n|turn|1\n|\n|t:|1728351814\n|-terastallize|p2a: Gholdengo|Steel\n|-terastallize|p1a: Flamigo|Steel\n|move|p2a: Gholdengo|Make It Rain|p1a: Flamigo|[spread] p1a,p1b\n|-resisted|p1a: Flamigo\n|-damage|p1a: Flamigo|57\/100\n|-damage|p1b: Dragonite|70\/100\n|-unboost|p2a: Gholdengo|spa|1\n|move|p2b: Whimsicott|Moonblast|p1a: Flamigo\n|-resisted|p1a: Flamigo\n|-damage|p1a: Flamigo|33\/100\n|move|p1a: Flamigo|Brave Bird|p2b: Whimsicott\n|-supereffective|p2b: Whimsicott\n|-enditem|p2b: Whimsicott|Focus Sash\n|-damage|p2b: Whimsicott|1\/100\n|-damage|p1a: Flamigo|8\/100|[from] Recoil\n|move|p1b: Dragonite|Tailwind|p1b: Dragonite\n|-sidestart|p1: infinitygroudon|move: Tailwind\n|\n|upkeep\n|turn|2\n|\n|t:|1728351835\n|move|p1b: Dragonite|Extreme Speed|p2b: Whimsicott\n|-damage|p2b: Whimsicott|0 fnt\n|faint|p2b: Whimsicott\n|move|p1a: Flamigo|Close Combat|p2a: Gholdengo\n|-supereffective|p2a: Gholdengo\n|-crit|p2a: Gholdengo\n|-damage|p2a: Gholdengo|0 fnt\n|-unboost|p1a: Flamigo|def|1\n|-unboost|p1a: Flamigo|spd|1\n|faint|p2a: Gholdengo\n|\n|upkeep\n|\n|t:|1728351838\n|switch|p2b: Kingambit|Kingambit, L50, M, shiny|100\/100\n|switch|p2a: Dragonite|Dragonite, L50, F, shiny|100\/100\n|turn|3\n|\n|t:|1728351858\n|move|p1b: Dragonite|Extreme Speed|p2a: Dragonite\n|-damage|p2a: Dragonite|84\/100\n|move|p2a: Dragonite|Extreme Speed|p1a: Flamigo\n|-resisted|p1a: Flamigo\n|-damage|p1a: Flamigo|0 fnt\n|faint|p1a: Flamigo\n|move|p2b: Kingambit|Kowtow Cleave|p1b: Dragonite\n|-damage|p1b: Dragonite|21\/100\n|-enditem|p1b: Dragonite|Sitrus Berry|[eat]\n|-heal|p1b: Dragonite|46\/100|[from] item: Sitrus Berry\n|\n|upkeep\n|\n|t:|1728351867\n|switch|p1a: Ramses|Krookodile, L50, M, shiny|100\/100\n|turn|4\n|\n|t:|1728351877\n|move|p1a: Ramses|Knock Off|p2a: Dragonite\n|-damage|p2a: Dragonite|31\/100\n|-enditem|p2a: Dragonite|Loaded Dice|[from] move: Knock Off|[of] p1a: Ramses\n|move|p1b: Dragonite|Breaking Swipe|p2a: Dragonite|[spread] p2a,p2b\n|-supereffective|p2a: Dragonite\n|-resisted|p2b: Kingambit\n|-damage|p2a: Dragonite|0 fnt\n|-damage|p2b: Kingambit|90\/100\n|-unboost|p2b: Kingambit|atk|1\n|-ability|p2b: Kingambit|Defiant|boost\n|-boost|p2b: Kingambit|atk|2\n|faint|p2a: Dragonite\n|move|p2b: Kingambit|Kowtow Cleave|p1b: Dragonite\n|-damage|p1b: Dragonite|0 fnt\n|faint|p1b: Dragonite\n|\n|-sideend|p1: infinitygroudon|move: Tailwind\n|upkeep\n|\n|t:|1728351883\n|switch|p1b: Snoopy|Smeargle, L50, M, shiny|100\/100\n|turn|5\n|-message|shulivgc forfeited.\n|\n|win|infinitygroudon\n|raw|infinitygroudon's rating: 1679 &rarr; <strong>1709<\/strong><br \/>(+30 for winning)\n|raw|shulivgc's rating: 1866 &rarr; <strong>1836<\/strong><br \/>(-30 for losing)\n|l|\u2606shulivgc\n|player|p2|\n|l|\u2606infinitygroudon\n|player|p1|\n","uploadtime":1728352038,"views":189,"formatid":"gen9vgc2024regh","rating":1709,"private":0,"password":null}