{"id":"gen9vgc2024regh-2218275781","format":"[Gen 9] VGC 2024 Reg H","players":["Escatross","DRIPcaster"],"log":"|j|\u2606Escatross\n|j|\u2606DRIPcaster\n|t:|1728358299\n|gametype|doubles\n|player|p1|Escatross|266|1788\n|player|p2|DRIPcaster|flannery|1707\n|teamsize|p1|6\n|teamsize|p2|6\n|gen|9\n|tier|[Gen 9] VGC 2024 Reg H\n|rated|\n|rule|Species Clause: Limit one of each Pok\u00e9mon\n|rule|Item Clause: Limit 1 of each item\n|clearpoke\n|poke|p1|Dondozo, L50, M|\n|poke|p1|Tatsugiri, L50, F|\n|poke|p1|Gholdengo, L50|\n|poke|p1|Toedscruel, L50, F|\n|poke|p1|Weezing-Galar, L50, M|\n|poke|p1|Incineroar, L50, F|\n|poke|p2|Amoonguss, L50, M|\n|poke|p2|Rotom-Heat, L50|\n|poke|p2|Gyarados, L50, M|\n|poke|p2|Garchomp, L50, M|\n|poke|p2|Ninetales-Alola, L50, M|\n|poke|p2|Kingambit, L50, M|\n|teampreview|4\n|inactive|Battle timer is ON: inactive players will automatically lose when time's up. (requested by DRIPcaster)\n|inactive|Escatross also wants the timer to be on.\n|inactive|Escatross has 60 seconds left.\n|\n|t:|1728358342\n|start\n|switch|p1a: Weezing|Weezing-Galar, L50, M|100\/100\n|switch|p1b: Gholdengo|Gholdengo, L50|100\/100\n|switch|p2a: Garchomp|Garchomp, L50, M|100\/100\n|switch|p2b: Gyarados|Gyarados, L50, M|100\/100\n|-ability|p1a: Weezing|Neutralizing Gas\n|turn|1\n|inactive|Escatross has 30 seconds left.\n|\n|t:|1728358370\n|move|p1b: Gholdengo|Thunderbolt|p2b: Gyarados\n|-supereffective|p2b: Gyarados\n|-damage|p2b: Gyarados|0 fnt\n|faint|p2b: Gyarados\n|move|p2a: Garchomp|Earthquake|p1a: Weezing|[spread] p1a,p1b\n|-supereffective|p1a: Weezing\n|-supereffective|p1b: Gholdengo\n|-damage|p1a: Weezing|0 fnt\n|-damage|p1b: Gholdengo|0 fnt\n|faint|p1a: Weezing\n|-end|p1a: Weezing|ability: Neutralizing Gas\n|faint|p1b: Gholdengo\n|-damage|p2a: Garchomp|91\/100|[from] item: Life Orb\n|\n|upkeep\n|\n|t:|1728358383\n|switch|p1b: Tatsugiri|Tatsugiri, L50, F|100\/100\n|switch|p2b: Amoonguss|Amoonguss, L50, M, shiny|100\/100\n|switch|p1a: Dondozo|Dondozo, L50, M|100\/100\n|-activate|p1b: Tatsugiri|ability: Commander|[of] p1a: Dondozo\n|-boost|p1a: Dondozo|atk|2\n|-boost|p1a: Dondozo|spa|2\n|-boost|p1a: Dondozo|spe|2\n|-boost|p1a: Dondozo|def|2\n|-boost|p1a: Dondozo|spd|2\n|turn|2\n|\n|t:|1728358397\n|move|p1a: Dondozo|Protect|p1a: Dondozo\n|-singleturn|p1a: Dondozo|Protect\n|move|p2a: Garchomp|Protect|p2a: Garchomp\n|-singleturn|p2a: Garchomp|Protect\n|move|p2b: Amoonguss|Clear Smog|p1a: Dondozo\n|-activate|p1a: Dondozo|move: Protect\n|\n|upkeep\n|turn|3\n|\n|t:|1728358412\n|switch|p2a: Ninetales|Ninetales-Alola, L50, M, shiny|100\/100\n|-weather|Snow|[from] ability: Snow Warning|[of] p2a: Ninetales\n|-terastallize|p1a: Dondozo|Steel\n|move|p1a: Dondozo|Order Up|p2a: Ninetales\n|-immune|p2a: Ninetales\n|move|p2b: Amoonguss|Spore|p1a: Dondozo\n|-status|p1a: Dondozo|slp|[from] move: Spore\n|\n|-weather|Snow|[upkeep]\n|upkeep\n|turn|4\n|inactive|DRIPcaster has 30 seconds left.\n|\n|t:|1728358444\n|switch|p2a: Garchomp|Garchomp, L50, M|91\/100\n|cant|p1a: Dondozo|slp\n|move|p2b: Amoonguss|Pollen Puff|p2a: Garchomp\n|-heal|p2a: Garchomp|100\/100\n|\n|-weather|Snow|[upkeep]\n|upkeep\n|turn|5\n|\n|t:|1728358455\n|-terastallize|p2a: Garchomp|Ground\n|move|p2b: Amoonguss|Rage Powder|p2b: Amoonguss\n|-singleturn|p2b: Amoonguss|move: Rage Powder\n|cant|p1a: Dondozo|slp\n|move|p2a: Garchomp|Stomping Tantrum|p1a: Dondozo\n|-supereffective|p1a: Dondozo\n|-damage|p1a: Dondozo|47\/100 slp\n|-damage|p2a: Garchomp|91\/100|[from] item: Life Orb\n|\n|-weather|Snow|[upkeep]\n|-heal|p1a: Dondozo|53\/100 slp|[from] item: Leftovers\n|upkeep\n|turn|6\n|\n|t:|1728358476\n|cant|p1a: Dondozo|slp\n|move|p2b: Amoonguss|Rage Powder|p2b: Amoonguss\n|-singleturn|p2b: Amoonguss|move: Rage Powder\n|move|p2a: Garchomp|Stomping Tantrum|p1a: Dondozo\n|-supereffective|p1a: Dondozo\n|-damage|p1a: Dondozo|7\/100 slp\n|-damage|p2a: Garchomp|81\/100|[from] item: Life Orb\n|\n|-weather|Snow|[upkeep]\n|-heal|p1a: Dondozo|13\/100 slp|[from] item: Leftovers\n|upkeep\n|turn|7\n|\n|t:|1728358489\n|-curestatus|p1a: Dondozo|slp|[msg]\n|move|p1a: Dondozo|Protect|p1a: Dondozo\n|-singleturn|p1a: Dondozo|Protect\n|move|p2a: Garchomp|Stomping Tantrum|p1a: Dondozo\n|-activate|p1a: Dondozo|move: Protect\n|move|p2b: Amoonguss|Spore|p1b: Tatsugiri|[miss]\n|-miss|p2b: Amoonguss|p1b: Tatsugiri\n|\n|-weather|none\n|-heal|p1a: Dondozo|20\/100|[from] item: Leftovers\n|upkeep\n|turn|8\n|j| On Garde!! (Voir)\n|\n|t:|1728358508\n|move|p1a: Dondozo|Fissure|p2a: Garchomp|[miss]\n|-miss|p1a: Dondozo|p2a: Garchomp\n|move|p2a: Garchomp|Stomping Tantrum|p1a: Dondozo\n|-supereffective|p1a: Dondozo\n|-damage|p1a: Dondozo|0 fnt\n|faint|p1a: Dondozo\n|-damage|p2a: Garchomp|71\/100|[from] item: Life Orb\n|move|p2b: Amoonguss|Spore|p1b: Tatsugiri\n|-status|p1b: Tatsugiri|slp|[from] move: Spore\n|\n|upkeep\n|turn|9\n|\n|t:|1728358522\n|move|p2a: Garchomp|Dragon Claw|p1b: Tatsugiri\n|-supereffective|p1b: Tatsugiri\n|-enditem|p1b: Tatsugiri|Focus Sash\n|-damage|p1b: Tatsugiri|1\/100 slp\n|-damage|p2a: Garchomp|61\/100|[from] item: Life Orb\n|cant|p1b: Tatsugiri|slp\n|move|p2b: Amoonguss|Pollen Puff|p1b: Tatsugiri\n|-damage|p1b: Tatsugiri|0 fnt\n|faint|p1b: Tatsugiri\n|\n|win|DRIPcaster\n|raw|Escatross's rating: 1788 &rarr; <strong>1763<\/strong><br \/>(-25 for losing)\n|raw|DRIPcaster's rating: 1707 &rarr; <strong>1732<\/strong><br \/>(+25 for winning)\n|c|\u2606DRIPcaster|gg\n|l| On Garde!! (Voir)\n|l|\u2606Escatross\n|player|p1|\n|l|\u2606DRIPcaster\n|player|p2|\n","uploadtime":1728358661,"views":18,"formatid":"gen9vgc2024regh","rating":1732,"private":0,"password":null}