{"id":"gen9vgc2024regh-2218794416","format":"[Gen 9] VGC 2024 Reg H","players":["popeye32","i\u2764\u5a1c\u7984forever"],"log":"|j|\u2606popeye32\n|j|\u2606i\u2764\u5a1c\u7984forever\n|t:|1728418307\n|gametype|doubles\n|player|p1|popeye32|acetrainersnowf|1706\n|player|p2|i\u2764\u5a1c\u7984forever|youngcouple|1714\n|teamsize|p1|6\n|teamsize|p2|6\n|gen|9\n|tier|[Gen 9] VGC 2024 Reg H\n|rated|\n|rule|Species Clause: Limit one of each Pok\u00e9mon\n|rule|Item Clause: Limit 1 of each item\n|clearpoke\n|poke|p1|Tyranitar, L50, F|\n|poke|p1|Corviknight, L50, M|\n|poke|p1|Garchomp, L50, M|\n|poke|p1|Hydreigon, L50, F|\n|poke|p1|Chandelure, L50, F|\n|poke|p1|Wartortle, L50, F|\n|poke|p2|Dragonite, L50, M|\n|poke|p2|Metagross, L50|\n|poke|p2|Gholdengo, L50|\n|poke|p2|Hydreigon, L50, F|\n|poke|p2|Talonflame, L50, F|\n|poke|p2|Garchomp, L50, M|\n|teampreview|4\n|inactive|Battle timer is ON: inactive players will automatically lose when time's up. (requested by popeye32)\n|inactive|popeye32 has 60 seconds left.\n|inactive|i\u2764\u5a1c\u7984forever has 60 seconds left.\n|\n|t:|1728418354\n|start\n|switch|p1a: Corviknight|Corviknight, L50, M|100\/100\n|switch|p1b: Tyranitar|Tyranitar, L50, F|100\/100\n|switch|p2a: Garchomp|Garchomp, L50, M|100\/100\n|switch|p2b: Hydreigon|Hydreigon, L50, F|100\/100\n|-weather|Sandstorm|[from] ability: Sand Stream|[of] p1b: Tyranitar\n|turn|1\n|inactive|i\u2764\u5a1c\u7984forever has 30 seconds left.\n|\n|t:|1728418386\n|-terastallize|p1b: Tyranitar|Flying\n|move|p2a: Garchomp|Rock Slide|p1b: Tyranitar|[spread] p1a,p1b\n|-supereffective|p1b: Tyranitar\n|-damage|p1a: Corviknight|87\/100\n|-damage|p1b: Tyranitar|68\/100\n|move|p2b: Hydreigon|Heat Wave|p1a: Corviknight|[spread] p1a,p1b\n|-supereffective|p1a: Corviknight\n|-damage|p1a: Corviknight|40\/100\n|-damage|p1b: Tyranitar|54\/100\n|-enditem|p1a: Corviknight|Sitrus Berry|[eat]\n|-heal|p1a: Corviknight|65\/100|[from] item: Sitrus Berry\n|move|p1a: Corviknight|Brave Bird|p2a: Garchomp\n|-damage|p2a: Garchomp|61\/100\n|-damage|p1a: Corviknight|52\/100|[from] ability: Rough Skin|[of] p2a: Garchomp\n|-damage|p1a: Corviknight|41\/100|[from] Recoil\n|move|p1b: Tyranitar|Knock Off|p2a: Garchomp\n|-damage|p2a: Garchomp|5\/100\n|-damage|p1b: Tyranitar|42\/100|[from] ability: Rough Skin|[of] p2a: Garchomp\n|-enditem|p2a: Garchomp|Choice Scarf|[from] move: Knock Off|[of] p1b: Tyranitar\n|\n|-weather|Sandstorm|[upkeep]\n|-damage|p2b: Hydreigon|95\/100|[from] Sandstorm\n|-damage|p1b: Tyranitar|36\/100|[from] Sandstorm\n|upkeep\n|turn|2\n|inactive|popeye32 has 30 seconds left.\n|inactive|i\u2764\u5a1c\u7984forever has 30 seconds left.\n|\n|t:|1728418418\n|switch|p1a: Hydreigon|Hydreigon, L50, F|100\/100\n|switch|p1b: Garchomp|Garchomp, L50, M|100\/100\n|move|p2b: Hydreigon|Heat Wave|p1a: Hydreigon|[spread] p1a,p1b\n|-resisted|p1a: Hydreigon\n|-resisted|p1b: Garchomp\n|-damage|p1a: Hydreigon|86\/100\n|-damage|p1b: Garchomp|90\/100\n|move|p2a: Garchomp|Rock Slide|p1b: Garchomp|[spread] p1a,p1b\n|-resisted|p1b: Garchomp\n|-damage|p1a: Hydreigon|59\/100\n|-damage|p1b: Garchomp|81\/100\n|\n|-weather|Sandstorm|[upkeep]\n|-damage|p1a: Hydreigon|53\/100|[from] Sandstorm\n|-damage|p2b: Hydreigon|89\/100|[from] Sandstorm\n|upkeep\n|turn|3\n|\n|t:|1728418437\n|move|p2b: Hydreigon|Protect|p2b: Hydreigon\n|-singleturn|p2b: Hydreigon|Protect\n|move|p1b: Garchomp|Dragon Claw|p2a: Garchomp\n|-supereffective|p2a: Garchomp\n|-damage|p2a: Garchomp|0 fnt\n|-damage|p1b: Garchomp|68\/100|[from] ability: Rough Skin|[of] p2a: Garchomp\n|faint|p2a: Garchomp\n|-damage|p1b: Garchomp|58\/100|[from] item: Life Orb\n|move|p1a: Hydreigon|Draco Meteor|p2b: Hydreigon\n|-activate|p2b: Hydreigon|move: Protect\n|\n|-weather|Sandstorm|[upkeep]\n|-damage|p1a: Hydreigon|47\/100|[from] Sandstorm\n|-damage|p2b: Hydreigon|83\/100|[from] Sandstorm\n|upkeep\n|\n|t:|1728418450\n|switch|p2a: Talonflame|Talonflame, L50, F|100\/100\n|turn|4\n|\n|t:|1728418467\n|switch|p1a: Corviknight|Corviknight, L50, M|41\/100\n|move|p2a: Talonflame|Brave Bird|p1b: Garchomp\n|-damage|p1b: Garchomp|0 fnt\n|faint|p1b: Garchomp\n|-damage|p2a: Talonflame|75\/100|[from] Recoil\n|move|p2b: Hydreigon|Draco Meteor|p1a: Corviknight\n|-resisted|p1a: Corviknight\n|-damage|p1a: Corviknight|6\/100\n|-unboost|p2b: Hydreigon|spa|2\n|\n|-weather|Sandstorm|[upkeep]\n|-damage|p2a: Talonflame|69\/100|[from] Sandstorm\n|-damage|p2b: Hydreigon|77\/100|[from] Sandstorm\n|upkeep\n|\n|t:|1728418480\n|switch|p1b: Tyranitar|Tyranitar, L50, F, tera:Flying|36\/100\n|turn|5\n|\n|t:|1728418484\n|move|p2a: Talonflame|Brave Bird|p1b: Tyranitar\n|-damage|p1b: Tyranitar|0 fnt\n|faint|p1b: Tyranitar\n|-damage|p2a: Talonflame|53\/100|[from] Recoil\n|move|p2b: Hydreigon|Heat Wave|p1a: Corviknight\n|-supereffective|p1a: Corviknight\n|-damage|p1a: Corviknight|0 fnt\n|faint|p1a: Corviknight\n|\n|-weather|none\n|upkeep\n|j| Deli(NotReal)\n|\n|t:|1728418488\n|switch|p1b: Hydreigon|Hydreigon, L50, F|47\/100\n|turn|6\n|-message|popeye32 forfeited.\n|\n|win|i\u2764\u5a1c\u7984forever\n|raw|popeye32's rating: 1706 &rarr; <strong>1686<\/strong><br \/>(-20 for losing)\n|raw|i\u2764\u5a1c\u7984forever's rating: 1714 &rarr; <strong>1734<\/strong><br \/>(+20 for winning)\n|l|\u2606popeye32\n|player|p1|\n|l|\u2606i\u2764\u5a1c\u7984forever\n|player|p2|\n|l| Deli(NotReal)\n","uploadtime":1728418731,"views":13,"formatid":"gen9vgc2024regh","rating":1686,"private":0,"password":null}