{"id":"gen9vgc2024regh-2218798686","format":"[Gen 9] VGC 2024 Reg H","players":["i\u2764\u5a1c\u7984forever","popeye32"],"log":"|j|\u2606i\u2764\u5a1c\u7984forever\n|j|\u2606popeye32\n|t:|1728418702\n|gametype|doubles\n|player|p1|i\u2764\u5a1c\u7984forever|youngcouple|1709\n|player|p2|popeye32|acetrainersnowf|1705\n|teamsize|p1|6\n|teamsize|p2|6\n|gen|9\n|tier|[Gen 9] VGC 2024 Reg H\n|rated|\n|rule|Species Clause: Limit one of each Pok\u00e9mon\n|rule|Item Clause: Limit 1 of each item\n|clearpoke\n|poke|p1|Dragonite, L50, F|\n|poke|p1|Metagross, L50|\n|poke|p1|Gholdengo, L50|\n|poke|p1|Hydreigon, L50, F|\n|poke|p1|Talonflame, L50, M|\n|poke|p1|Garchomp, L50, M|\n|poke|p2|Tyranitar, L50, F|\n|poke|p2|Corviknight, L50, F|\n|poke|p2|Garchomp, L50, F|\n|poke|p2|Hydreigon, L50, M|\n|poke|p2|Chandelure, L50, F|\n|poke|p2|Wartortle, L50, F|\n|teampreview|4\n|inactive|Battle timer is ON: inactive players will automatically lose when time's up. (requested by popeye32)\n|\n|t:|1728418726\n|start\n|switch|p1a: Talonflame|Talonflame, L50, M|100\/100\n|switch|p1b: Garchomp|Garchomp, L50, M|100\/100\n|switch|p2a: Corviknight|Corviknight, L50, F|100\/100\n|switch|p2b: Tyranitar|Tyranitar, L50, F|100\/100\n|-weather|Sandstorm|[from] ability: Sand Stream|[of] p2b: Tyranitar\n|turn|1\n|inactive|i\u2764\u5a1c\u7984forever has 30 seconds left.\n|inactive|i\u2764\u5a1c\u7984forever has 20 seconds left.\n|inactive|i\u2764\u5a1c\u7984forever has 15 seconds left.\n|inactive|i\u2764\u5a1c\u7984forever has 10 seconds left.\n|\n|t:|1728418771\n|move|p1b: Garchomp|Rock Slide|p2a: Corviknight|[spread] p2a,p2b\n|-damage|p2a: Corviknight|88\/100\n|-damage|p2b: Tyranitar|82\/100\n|move|p1a: Talonflame|U-turn|p2b: Tyranitar\n|-supereffective|p2b: Tyranitar\n|-damage|p2b: Tyranitar|32\/100\n|\n|t:|1728418787\n|switch|p1a: Hydreigon|Hydreigon, L50, F|100\/100|[from] U-turn\n|move|p2a: Corviknight|Tailwind|p2a: Corviknight\n|-sidestart|p2: popeye32|move: Tailwind\n|move|p2b: Tyranitar|Rock Slide|p1b: Garchomp|[spread] p1a,p1b\n|-resisted|p1b: Garchomp\n|-damage|p1a: Hydreigon|64\/100\n|-damage|p1b: Garchomp|84\/100\n|\n|-weather|Sandstorm|[upkeep]\n|-damage|p1a: Hydreigon|58\/100|[from] Sandstorm\n|upkeep\n|turn|2\n|inactive|popeye32 has 30 seconds left.\n|\n|t:|1728418817\n|move|p1b: Garchomp|Rock Slide|p2a: Corviknight|[spread] p2a,p2b\n|-damage|p2a: Corviknight|75\/100\n|-damage|p2b: Tyranitar|15\/100\n|cant|p2a: Corviknight|flinch\n|move|p1a: Hydreigon|Heat Wave|p2a: Corviknight|[spread] p2a,p2b\n|-supereffective|p2a: Corviknight\n|-resisted|p2b: Tyranitar\n|-damage|p2a: Corviknight|29\/100\n|-damage|p2b: Tyranitar|10\/100\n|-enditem|p2a: Corviknight|Sitrus Berry|[eat]\n|-heal|p2a: Corviknight|54\/100|[from] item: Sitrus Berry\n|cant|p2b: Tyranitar|flinch\n|\n|-weather|Sandstorm|[upkeep]\n|-damage|p1a: Hydreigon|52\/100|[from] Sandstorm\n|upkeep\n|turn|3\n|\n|t:|1728418841\n|switch|p2b: Garchomp|Garchomp, L50, F|100\/100\n|move|p1b: Garchomp|Rock Slide|p2b: Garchomp|[spread] p2a,p2b\n|-resisted|p2b: Garchomp\n|-damage|p2a: Corviknight|41\/100\n|-damage|p2b: Garchomp|91\/100\n|move|p2a: Corviknight|Body Press|p1a: Hydreigon\n|-supereffective|p1a: Hydreigon\n|-damage|p1a: Hydreigon|0 fnt\n|faint|p1a: Hydreigon\n|\n|-weather|Sandstorm|[upkeep]\n|upkeep\n|\n|t:|1728418856\n|switch|p1a: Talonflame|Talonflame, L50, M|100\/100\n|turn|4\n|\n|t:|1728418877\n|move|p1a: Talonflame|Brave Bird|p2b: Garchomp\n|-damage|p2b: Garchomp|30\/100\n|-damage|p1a: Talonflame|73\/100|[from] Recoil\n|move|p2b: Garchomp|Dragon Claw|p1a: Talonflame\n|-damage|p1a: Talonflame|2\/100\n|-damage|p2b: Garchomp|20\/100|[from] item: Life Orb\n|move|p1b: Garchomp|Rock Slide|p2a: Corviknight|[spread] p2a,p2b\n|-resisted|p2b: Garchomp\n|-damage|p2a: Corviknight|27\/100\n|-damage|p2b: Garchomp|11\/100\n|move|p2a: Corviknight|Roost|p2a: Corviknight\n|-heal|p2a: Corviknight|77\/100\n|-singleturn|p2a: Corviknight|move: Roost\n|\n|-weather|Sandstorm|[upkeep]\n|-damage|p1a: Talonflame|0 fnt|[from] Sandstorm\n|faint|p1a: Talonflame\n|-sideend|p2: popeye32|move: Tailwind\n|upkeep\n|\n|t:|1728418892\n|switch|p1a: Dragonite|Dragonite, L50, F|100\/100\n|turn|5\n|\n|t:|1728418906\n|move|p2b: Garchomp|Protect|p2b: Garchomp\n|-singleturn|p2b: Garchomp|Protect\n|move|p1b: Garchomp|Rock Slide|p2b: Garchomp|[spread] p2a\n|-activate|p2b: Garchomp|move: Protect\n|-damage|p2a: Corviknight|64\/100\n|move|p2a: Corviknight|Tailwind|p2a: Corviknight\n|-sidestart|p2: popeye32|move: Tailwind\n|move|p1a: Dragonite|Waterfall|p2a: Corviknight\n|-damage|p2a: Corviknight|44\/100\n|\n|-weather|none\n|upkeep\n|turn|6\n|inactive|popeye32 has 30 seconds left.\n|inactive|i\u2764\u5a1c\u7984forever has 30 seconds left.\n|\n|t:|1728418940\n|move|p1a: Dragonite|Extreme Speed|p2b: Garchomp\n|-damage|p2b: Garchomp|0 fnt\n|faint|p2b: Garchomp\n|move|p1b: Garchomp|Rock Slide|p2a: Corviknight\n|-damage|p2a: Corviknight|26\/100\n|move|p2a: Corviknight|Roost|p2a: Corviknight\n|-heal|p2a: Corviknight|76\/100\n|-singleturn|p2a: Corviknight|move: Roost\n|\n|upkeep\n|\n|t:|1728418943\n|switch|p2b: Hydreigon|Hydreigon, L50, M|100\/100\n|turn|7\n|inactive|popeye32 has 30 seconds left.\n|\n|t:|1728418970\n|-terastallize|p2b: Hydreigon|Poison\n|-terastallize|p1b: Garchomp|Steel\n|move|p2b: Hydreigon|Draco Meteor|p1b: Garchomp\n|-resisted|p1b: Garchomp\n|-damage|p1b: Garchomp|38\/100\n|-unboost|p2b: Hydreigon|spa|2\n|move|p1b: Garchomp|Rock Slide|p2b: Hydreigon|[spread] p2b\n|-miss|p1b: Garchomp|p2a: Corviknight\n|-damage|p2b: Hydreigon|77\/100\n|move|p2a: Corviknight|Brave Bird|p1a: Dragonite\n|-damage|p1a: Dragonite|83\/100\n|-damage|p2a: Corviknight|70\/100|[from] Recoil\n|move|p1a: Dragonite|Draco Meteor|p2b: Hydreigon\n|-damage|p2b: Hydreigon|29\/100\n|-unboost|p1a: Dragonite|spa|2\n|\n|upkeep\n|turn|8\n|\n|t:|1728418991\n|move|p1a: Dragonite|Extreme Speed|p2b: Hydreigon\n|-damage|p2b: Hydreigon|0 fnt\n|faint|p2b: Hydreigon\n|move|p1b: Garchomp|Rock Slide|p2a: Corviknight\n|-damage|p2a: Corviknight|51\/100\n|move|p2a: Corviknight|Body Press|p1b: Garchomp\n|-supereffective|p1b: Garchomp\n|-damage|p1b: Garchomp|0 fnt\n|-damage|p2a: Corviknight|39\/100|[from] ability: Rough Skin|[of] p1b: Garchomp\n|faint|p1b: Garchomp\n|\n|-sideend|p2: popeye32|move: Tailwind\n|upkeep\n|\n|t:|1728418994\n|switch|p2b: Tyranitar|Tyranitar, L50, F|10\/100\n|-weather|Sandstorm|[from] ability: Sand Stream|[of] p2b: Tyranitar\n|turn|9\n|\n|t:|1728419008\n|move|p1a: Dragonite|Waterfall|p2a: Corviknight\n|-damage|p2a: Corviknight|17\/100\n|move|p2a: Corviknight|Roost|p2a: Corviknight\n|-heal|p2a: Corviknight|67\/100\n|-singleturn|p2a: Corviknight|move: Roost\n|move|p2b: Tyranitar|Knock Off|p1a: Dragonite\n|-crit|p1a: Dragonite\n|-damage|p1a: Dragonite|1\/100\n|-enditem|p1a: Dragonite|Assault Vest|[from] move: Knock Off|[of] p2b: Tyranitar\n|\n|-weather|Sandstorm|[upkeep]\n|-damage|p1a: Dragonite|0 fnt|[from] Sandstorm\n|faint|p1a: Dragonite\n|\n|win|popeye32\n|upkeep\n|raw|i\u2764\u5a1c\u7984forever's rating: 1709 &rarr; <strong>1689<\/strong><br \/>(-20 for losing)\n|raw|popeye32's rating: 1705 &rarr; <strong>1725<\/strong><br \/>(+20 for winning)\n|l|\u2606i\u2764\u5a1c\u7984forever\n|player|p1|\n|l|\u2606popeye32\n|player|p2|\n","uploadtime":1728419148,"views":25,"formatid":"gen9vgc2024regh","rating":1689,"private":0,"password":null}