{"id":"gen9vgc2024regh-2218172664","format":"[Gen 9] VGC 2024 Reg H","players":["roykeenkennedy","tyuiop112"],"log":"|j|\u2606roykeenkennedy\n|j|\u2606tyuiop112\n|t:|1728345741\n|gametype|doubles\n|player|p1|roykeenkennedy|alder|1685\n|player|p2|tyuiop112|linebacker|1667\n|teamsize|p1|6\n|teamsize|p2|6\n|gen|9\n|tier|[Gen 9] VGC 2024 Reg H\n|rated|\n|rule|Species Clause: Limit one of each Pok\u00e9mon\n|rule|Item Clause: Limit 1 of each item\n|clearpoke\n|poke|p1|Salamence, L50, F|\n|poke|p1|Incineroar, L50, F|\n|poke|p1|Weezing, L50, M|\n|poke|p1|Dragapult, L50, M|\n|poke|p1|Ursaluna-Bloodmoon, L50, M|\n|poke|p1|Volcarona, L50, M|\n|poke|p2|Dragonite, L50, F|\n|poke|p2|Gholdengo, L50|\n|poke|p2|Archaludon, L50, M|\n|poke|p2|Ursaluna-Bloodmoon, L50, M|\n|poke|p2|Rillaboom, L50, M|\n|poke|p2|Sneasler, L50, F|\n|teampreview|4\n|\n|t:|1728345784\n|start\n|switch|p1a: Salamence|Salamence, L50, F|100\/100\n|switch|p1b: Volcarona|Volcarona, L50, M|100\/100\n|switch|p2a: Dragonite|Dragonite, L50, F|100\/100\n|switch|p2b: Ursaluna|Ursaluna-Bloodmoon, L50, M|100\/100\n|turn|1\n|\n|t:|1728345816\n|move|p1a: Salamence|Breaking Swipe|p2b: Ursaluna|[spread] p2a,p2b\n|-supereffective|p2a: Dragonite\n|-damage|p2a: Dragonite|71\/100\n|-damage|p2b: Ursaluna|79\/100\n|-unboost|p2a: Dragonite|atk|1\n|-unboost|p2b: Ursaluna|atk|1\n|move|p1b: Volcarona|Struggle Bug|p2a: Dragonite|[spread] p2a,p2b\n|-resisted|p2a: Dragonite\n|-damage|p2a: Dragonite|62\/100\n|-damage|p2b: Ursaluna|64\/100\n|-unboost|p2a: Dragonite|spa|1\n|-unboost|p2b: Ursaluna|spa|1\n|move|p2a: Dragonite|Scale Shot|p1a: Salamence\n|-supereffective|p1a: Salamence\n|-damage|p1a: Salamence|75\/100\n|-supereffective|p1a: Salamence\n|-damage|p1a: Salamence|50\/100\n|-supereffective|p1a: Salamence\n|-damage|p1a: Salamence|26\/100\n|-supereffective|p1a: Salamence\n|-crit|p1a: Salamence\n|-damage|p1a: Salamence|0 fnt\n|faint|p1a: Salamence\n|-hitcount|p1: Salamence|4\n|-unboost|p2a: Dragonite|def|1\n|-boost|p2a: Dragonite|spe|1\n|move|p2b: Ursaluna|Yawn|p1b: Volcarona\n|-start|p1b: Volcarona|move: Yawn|[of] p2b: Ursaluna\n|\n|-heal|p2b: Ursaluna|70\/100|[from] item: Leftovers\n|upkeep\n|\n|t:|1728345843\n|switch|p1a: Dragapult|Dragapult, L50, M|100\/100\n|turn|2\n|\n|t:|1728345868\n|switch|p1b: Weezing|Weezing, L50, M|100\/100\n|-ability|p1b: Weezing|Neutralizing Gas\n|-terastallize|p2a: Dragonite|Fairy\n|-terastallize|p1a: Dragapult|Ghost\n|move|p2a: Dragonite|Scale Shot|p1a: Dragapult\n|-damage|p1a: Dragapult|86\/100\n|-damage|p1a: Dragapult|73\/100\n|-damage|p1a: Dragapult|60\/100\n|-damage|p1a: Dragapult|47\/100\n|-hitcount|p1a: Dragapult|4\n|-unboost|p2a: Dragonite|def|1\n|-boost|p2a: Dragonite|spe|1\n|move|p1a: Dragapult|Dragon Darts|p2b: Ursaluna\n|-damage|p2b: Ursaluna|41\/100\n|-anim|p1a: Dragapult|Dragon Darts|p2b: Ursaluna\n|-damage|p2b: Ursaluna|12\/100\n|move|p2b: Ursaluna|Yawn|p1b: Weezing\n|-start|p1b: Weezing|move: Yawn|[of] p2b: Ursaluna\n|\n|-heal|p2b: Ursaluna|19\/100|[from] item: Leftovers\n|upkeep\n|turn|3\n|\n|t:|1728345908\n|switch|p1a: Volcarona|Volcarona, L50, M|100\/100\n|move|p2a: Dragonite|Scale Shot|p1a: Volcarona\n|-damage|p1a: Volcarona|88\/100\n|-damage|p1a: Volcarona|76\/100\n|-damage|p1a: Volcarona|64\/100\n|-damage|p1a: Volcarona|53\/100\n|-hitcount|p1a: Volcarona|4\n|-unboost|p2a: Dragonite|def|1\n|-boost|p2a: Dragonite|spe|1\n|move|p1b: Weezing|Will-O-Wisp|p2a: Dragonite\n|-status|p2a: Dragonite|brn\n|move|p2b: Ursaluna|Earth Power|p1b: Weezing\n|-supereffective|p1b: Weezing\n|-damage|p1b: Weezing|41\/100\n|\n|-heal|p1b: Weezing|47\/100|[from] item: Leftovers\n|-heal|p2b: Ursaluna|25\/100|[from] item: Leftovers\n|-damage|p2a: Dragonite|56\/100 brn|[from] brn\n|-end|p1b: Weezing|move: Yawn|[silent]\n|-status|p1b: Weezing|slp\n|upkeep\n|turn|4\n|j| SnarkyShane\n|\n|t:|1728345941\n|move|p2a: Dragonite|Tailwind|p2a: Dragonite\n|-sidestart|p2: tyuiop112|move: Tailwind\n|move|p2b: Ursaluna|Yawn|p1a: Volcarona\n|-start|p1a: Volcarona|move: Yawn|[of] p2b: Ursaluna\n|move|p1a: Volcarona|Giga Drain|p2b: Ursaluna\n|-supereffective|p2b: Ursaluna\n|-damage|p2b: Ursaluna|0 fnt\n|-heal|p1a: Volcarona|68\/100|[from] drain|[of] p2b: Ursaluna\n|faint|p2b: Ursaluna\n|cant|p1b: Weezing|slp\n|\n|-heal|p1b: Weezing|53\/100 slp|[from] item: Leftovers\n|-damage|p2a: Dragonite|50\/100 brn|[from] brn\n|upkeep\n|j| elestrade\n|\n|t:|1728345956\n|switch|p2b: Archaludon|Archaludon, L50, M|100\/100\n|turn|5\n|\n|t:|1728345971\n|cant|p1b: Weezing|slp\n|move|p2a: Dragonite|Scale Shot|p1a: Volcarona\n|-damage|p1a: Volcarona|63\/100\n|-damage|p1a: Volcarona|57\/100\n|-damage|p1a: Volcarona|50\/100\n|-damage|p1a: Volcarona|44\/100\n|-damage|p1a: Volcarona|38\/100\n|-hitcount|p1a: Volcarona|5\n|-unboost|p2a: Dragonite|def|1\n|-boost|p2a: Dragonite|spe|1\n|move|p2b: Archaludon|Electro Shot||[still]\n|-prepare|p2b: Archaludon|Electro Shot\n|-boost|p2b: Archaludon|spa|1\n|-enditem|p2b: Archaludon|Power Herb\n|-anim|p2b: Archaludon|Electro Shot|p1b: Weezing\n|-crit|p1b: Weezing\n|-damage|p1b: Weezing|0 fnt\n|faint|p1b: Weezing\n|-end|p1b: Weezing|ability: Neutralizing Gas\n|move|p1a: Volcarona|Struggle Bug|p2b: Archaludon|[spread] p2a,p2b\n|-resisted|p2a: Dragonite\n|-resisted|p2b: Archaludon\n|-damage|p2a: Dragonite|41\/100 brn\n|-damage|p2b: Archaludon|86\/100\n|-unboost|p2a: Dragonite|spa|1\n|-unboost|p2b: Archaludon|spa|1\n|\n|-damage|p2a: Dragonite|35\/100 brn|[from] brn\n|-end|p1a: Volcarona|move: Yawn|[silent]\n|-status|p1a: Volcarona|slp\n|upkeep\n|\n|t:|1728345998\n|switch|p1b: Dragapult|Dragapult, L50, M, tera:Ghost|47\/100\n|turn|6\n|\n|t:|1728346015\n|move|p2a: Dragonite|Scale Shot|p1a: Volcarona|[miss]\n|-miss|p2a: Dragonite|p1a: Volcarona\n|move|p2b: Archaludon|Draco Meteor|p1a: Volcarona|[miss]\n|-miss|p2b: Archaludon|p1a: Volcarona\n|move|p1b: Dragapult|Tera Blast|p2b: Archaludon|[anim] Tera Blast Ghost\n|-damage|p2b: Archaludon|14\/100\n|cant|p1a: Volcarona|slp\n|\n|-damage|p2a: Dragonite|29\/100 brn|[from] brn\n|upkeep\n|turn|7\n|\n|t:|1728346044\n|-curestatus|p1a: Volcarona|slp|[msg]\n|move|p1a: Volcarona|Protect|p1a: Volcarona\n|-singleturn|p1a: Volcarona|Protect\n|move|p2a: Dragonite|Scale Shot|p1a: Volcarona\n|-activate|p1a: Volcarona|move: Protect\n|move|p2b: Archaludon|Draco Meteor|p1a: Volcarona\n|-activate|p1a: Volcarona|move: Protect\n|move|p1b: Dragapult|Tera Blast|p2b: Archaludon|[anim] Tera Blast Ghost\n|-damage|p2b: Archaludon|0 fnt\n|faint|p2b: Archaludon\n|\n|-damage|p2a: Dragonite|23\/100 brn|[from] brn\n|-sideend|p2: tyuiop112|move: Tailwind\n|upkeep\n|\n|t:|1728346048\n|switch|p2b: Gholdengo|Gholdengo, L50|100\/100\n|turn|8\n|\n|t:|1728346066\n|move|p2a: Dragonite|Scale Shot|p1a: Volcarona\n|-damage|p1a: Volcarona|31\/100\n|-damage|p1a: Volcarona|25\/100\n|-damage|p1a: Volcarona|19\/100\n|-damage|p1a: Volcarona|14\/100\n|-damage|p1a: Volcarona|8\/100\n|-hitcount|p1a: Volcarona|5\n|-unboost|p2a: Dragonite|def|1\n|-boost|p2a: Dragonite|spe|1\n|move|p2b: Gholdengo|Make It Rain|p1a: Volcarona|[spread] p1a,p1b\n|-resisted|p1a: Volcarona\n|-damage|p1a: Volcarona|0 fnt\n|-damage|p1b: Dragapult|0 fnt\n|-unboost|p2b: Gholdengo|spa|1\n|faint|p1a: Volcarona\n|faint|p1b: Dragapult\n|\n|win|tyuiop112\n|raw|roykeenkennedy's rating: 1685 &rarr; <strong>1664<\/strong><br \/>(-21 for losing)\n|raw|tyuiop112's rating: 1667 &rarr; <strong>1688<\/strong><br \/>(+21 for winning)\n|c|\u2606roykeenkennedy|Soz\n|l| elestrade\n|c|\u2606roykeenkennedy|Double miss super unlucky\n|l| SnarkyShane\n|l|\u2606roykeenkennedy\n|player|p1|\n|l|\u2606tyuiop112\n|player|p2|\n","uploadtime":1728346317,"views":29,"formatid":"gen9vgc2024regh","rating":1664,"private":0,"password":null}