{"id":"gen9vgc2024regh-2218835244","format":"[Gen 9] VGC 2024 Reg H","players":["Brave12223","haseulism"],"log":"|j|\u2606Brave12223\n|j|\u2606haseulism\n|t:|1728422230\n|gametype|doubles\n|player|p1|Brave12223|ingo|1701\n|player|p2|haseulism|skyla|1738\n|teamsize|p1|6\n|teamsize|p2|6\n|gen|9\n|tier|[Gen 9] VGC 2024 Reg H\n|rated|\n|rule|Species Clause: Limit one of each Pok\u00e9mon\n|rule|Item Clause: Limit 1 of each item\n|clearpoke\n|poke|p1|Tyranitar, L50, M|\n|poke|p1|Garchomp, L50, M|\n|poke|p1|Talonflame, L50, F|\n|poke|p1|Kingambit, L50, F|\n|poke|p1|Gastrodon, L50, F|\n|poke|p1|Tsareena, L50, F|\n|poke|p2|Pelipper, L50, M|\n|poke|p2|Umbreon, L50, M|\n|poke|p2|Ursaluna-Bloodmoon, L50, M|\n|poke|p2|Archaludon, L50, M|\n|poke|p2|Volcarona, L50, F|\n|poke|p2|Dragonite, L50, F|\n|teampreview|4\n|inactive|Battle timer is ON: inactive players will automatically lose when time's up. (requested by haseulism)\n|\n|t:|1728422259\n|start\n|switch|p1a: Talonflame|Talonflame, L50, F|100\/100\n|switch|p1b: Garchomp|Garchomp, L50, M|100\/100\n|switch|p2a: Ursaluna|Ursaluna-Bloodmoon, L50, M|100\/100\n|switch|p2b: Volcarona|Volcarona, L50, F|100\/100\n|turn|1\n|\n|t:|1728422271\n|move|p2b: Volcarona|Protect|p2b: Volcarona\n|-singleturn|p2b: Volcarona|Protect\n|move|p1a: Talonflame|Brave Bird|p2a: Ursaluna\n|-damage|p2a: Ursaluna|76\/100\n|-damage|p1a: Talonflame|91\/100|[from] Recoil\n|move|p1b: Garchomp|Rock Slide|p2a: Ursaluna|[spread] p2a\n|-activate|p2b: Volcarona|move: Protect\n|-resisted|p2a: Ursaluna\n|-damage|p2a: Ursaluna|65\/100\n|move|p2a: Ursaluna|Blood Moon|p1b: Garchomp\n|-damage|p1b: Garchomp|23\/100\n|\n|upkeep\n|turn|2\n|\n|t:|1728422292\n|move|p1a: Talonflame|Brave Bird|p2b: Volcarona\n|-supereffective|p2b: Volcarona\n|-enditem|p2b: Volcarona|Focus Sash\n|-damage|p2b: Volcarona|1\/100\n|-damage|p1a: Talonflame|63\/100|[from] Recoil\n|move|p2b: Volcarona|Hurricane|p1a: Talonflame\n|-damage|p1a: Talonflame|9\/100\n|move|p1b: Garchomp|Rock Slide|p2b: Volcarona|[spread] p2a,p2b\n|-resisted|p2a: Ursaluna\n|-supereffective|p2b: Volcarona\n|-damage|p2a: Ursaluna|54\/100\n|-damage|p2b: Volcarona|0 fnt\n|faint|p2b: Volcarona\n|move|p2a: Ursaluna|Earth Power|p1b: Garchomp\n|-damage|p1b: Garchomp|0 fnt\n|faint|p1b: Garchomp\n|\n|upkeep\n|\n|t:|1728422306\n|switch|p2b: Dragonite|Dragonite, L50, F|100\/100\n|switch|p1b: Tsareena|Tsareena, L50, F|100\/100\n|turn|3\n|\n|t:|1728422316\n|-terastallize|p2b: Dragonite|Flying\n|move|p2a: Ursaluna|Protect|p2a: Ursaluna\n|-singleturn|p2a: Ursaluna|Protect\n|move|p1a: Talonflame|Tailwind|p1a: Talonflame\n|-sidestart|p1: Brave12223|move: Tailwind\n|move|p1b: Tsareena|Triple Axel|p2b: Dragonite\n|-supereffective|p2b: Dragonite\n|-damage|p2b: Dragonite|94\/100\n|-supereffective|p2b: Dragonite\n|-damage|p2b: Dragonite|69\/100\n|-supereffective|p2b: Dragonite\n|-damage|p2b: Dragonite|30\/100\n|-hitcount|p2b: Dragonite|3\n|move|p2b: Dragonite|Tera Blast|p1b: Tsareena|[anim] Tera Blast Flying\n|-supereffective|p1b: Tsareena\n|-damage|p1b: Tsareena|0 fnt\n|faint|p1b: Tsareena\n|\n|upkeep\n|\n|t:|1728422331\n|switch|p1b: Tyranitar|Tyranitar, L50, M|100\/100\n|-weather|Sandstorm|[from] ability: Sand Stream|[of] p1b: Tyranitar\n|turn|4\n|\n|t:|1728422342\n|move|p2a: Ursaluna|Vacuum Wave|p1a: Talonflame\n|-resisted|p1a: Talonflame\n|-damage|p1a: Talonflame|0 fnt\n|faint|p1a: Talonflame\n|move|p1b: Tyranitar|Knock Off|p2a: Ursaluna\n|-damage|p2a: Ursaluna|17\/100\n|-enditem|p2a: Ursaluna|Chople Berry|[from] move: Knock Off|[of] p1b: Tyranitar\n|move|p2b: Dragonite|Stomping Tantrum|p1b: Tyranitar\n|-supereffective|p1b: Tyranitar\n|-damage|p1b: Tyranitar|53\/100\n|\n|-weather|Sandstorm|[upkeep]\n|-damage|p2b: Dragonite|24\/100|[from] Sandstorm\n|upkeep\n|turn|5\n|-message|Brave12223 forfeited.\n|\n|win|haseulism\n|raw|Brave12223's rating: 1701 &rarr; <strong>1683<\/strong><br \/>(-18 for losing)\n|raw|haseulism's rating: 1738 &rarr; <strong>1756<\/strong><br \/>(+18 for winning)\n|l|\u2606Brave12223\n|player|p1|\n|l|\u2606haseulism\n|player|p2|\n","uploadtime":1728422625,"views":37,"formatid":"gen9vgc2024regh","rating":1683,"private":0,"password":null}