{"id":"gen9vgc2024regh-2218950061","format":"[Gen 9] VGC 2024 Reg H","players":["CanIBeatAle?","caixueying"],"log":"|j|\u2606CanIBeatAle?\n|j|\u203dcaixueying\n|t:|1728435196\n|gametype|doubles\n|player|p1|CanIBeatAle?|lucas|1685\n|player|p2|caixueying|beauty-gen4dp|1855\n|teamsize|p1|6\n|teamsize|p2|6\n|gen|9\n|tier|[Gen 9] VGC 2024 Reg H\n|rated|\n|rule|Species Clause: Limit one of each Pok\u00e9mon\n|rule|Item Clause: Limit 1 of each item\n|clearpoke\n|poke|p1|Murkrow, L50, F|\n|poke|p1|Abomasnow, L50, F|\n|poke|p1|Indeedee, L50, M|\n|poke|p1|Sneasler, L50, F|\n|poke|p1|Basculegion, L50, M|\n|poke|p1|Gholdengo, L50|\n|poke|p2|Lilligant-Hisui, L50, F|\n|poke|p2|Maushold-Four, L50|\n|poke|p2|Hatterene, L50, F|\n|poke|p2|Indeedee-F, L50, F|\n|poke|p2|Gallade, L50, M|\n|poke|p2|Torkoal, L50, F|\n|teampreview|4\n|inactive|Battle timer is ON: inactive players will automatically lose when time's up. (requested by caixueying)\n|j| strikesuitzero\nCanIBeatAle? has agreed to open team sheets.\n|\n|t:|1728435217\n|start\n|switch|p1a: MDD|Indeedee, L50, M, shiny|100\/100\n|switch|p1b: Longclaw|Sneasler, L50, F, shiny|100\/100\n|switch|p2a: Maushold|Maushold-Four, L50|100\/100\n|switch|p2b: Indeedee|Indeedee-F, L50, F|100\/100\n|-fieldstart|move: Psychic Terrain|[from] ability: Psychic Surge|[of] p1a: MDD\n|-enditem|p1b: Longclaw|Psychic Seed\n|-boost|p1b: Longclaw|spd|1|[from] item: Psychic Seed\n|turn|1\n|\n|t:|1728435230\n|-terastallize|p1b: Longclaw|Dark\n|move|p2b: Indeedee|Follow Me|p2b: Indeedee\n|-singleturn|p2b: Indeedee|move: Follow Me\n|move|p1b: Longclaw|Throat Chop|p2b: Indeedee\n|-supereffective|p2b: Indeedee\n|-damage|p2b: Indeedee|12\/100\n|-start|p2b: Indeedee|Throat Chop|[silent]\n|move|p2a: Maushold|Population Bomb|p1a: MDD\n|-damage|p1a: MDD|75\/100\n|-damage|p1a: MDD|50\/100\n|-damage|p1a: MDD|25\/100\n|-damage|p1a: MDD|0 fnt\n|faint|p1a: MDD\n|-hitcount|p1: MDD|4\n|\n|upkeep\n|\n|t:|1728435238\n|switch|p1a: Jet Fuel|Gholdengo, L50|100\/100\n|turn|2\n|j| Joedie hw\n|\n|t:|1728435256\n|move|p1b: Longclaw|Protect|p1b: Longclaw\n|-singleturn|p1b: Longclaw|Protect\n|move|p2a: Maushold|Protect|p2a: Maushold\n|-singleturn|p2a: Maushold|Protect\n|move|p1a: Jet Fuel|Make It Rain|p2a: Maushold|[spread] p2b\n|-activate|p2a: Maushold|move: Protect\n|-damage|p2b: Indeedee|0 fnt\n|-unboost|p1a: Jet Fuel|spa|1\n|faint|p2b: Indeedee\n|\n|upkeep\n|\n|t:|1728435268\n|switch|p2b: Hatterene|Hatterene, L50, F|100\/100\n|turn|3\n|\n|t:|1728435277\n|-terastallize|p2b: Hatterene|Steel\n|move|p1b: Longclaw|Close Combat|p2a: Maushold\n|-supereffective|p2a: Maushold\n|-damage|p2a: Maushold|0 fnt\n|-unboost|p1b: Longclaw|def|1\n|-unboost|p1b: Longclaw|spd|1\n|faint|p2a: Maushold\n|move|p1a: Jet Fuel|Make It Rain|p2b: Hatterene\n|-resisted|p2b: Hatterene\n|-damage|p2b: Hatterene|67\/100\n|-unboost|p1a: Jet Fuel|spa|1\n|move|p2b: Hatterene|Trick Room|p2b: Hatterene\n|-fieldstart|move: Trick Room|[of] p2b: Hatterene\n|\n|upkeep\n|\n|t:|1728435290\n|switch|p2a: Torkoal|Torkoal, L50, F|100\/100\n|-weather|SunnyDay|[from] ability: Drought|[of] p2a: Torkoal\n|turn|4\n|\n|t:|1728435309\n|switch|p1a: Evergreen|Abomasnow, L50, F|100\/100\n|-weather|Snow|[from] ability: Snow Warning|[of] p1a: Evergreen\n|move|p2a: Torkoal|Eruption|p1b: Longclaw|[spread] p1a,p1b\n|-supereffective|p1a: Evergreen\n|-damage|p1a: Evergreen|0 fnt\n|-damage|p1b: Longclaw|27\/100\n|faint|p1a: Evergreen\n|move|p2b: Hatterene|Dazzling Gleam|p1b: Longclaw\n|-supereffective|p1b: Longclaw\n|-damage|p1b: Longclaw|0 fnt\n|faint|p1b: Longclaw\n|-damage|p2b: Hatterene|57\/100|[from] item: Life Orb\n|\n|-weather|Snow|[upkeep]\n|upkeep\n|\n|t:|1728435311\n|switch|p1b: Jet Fuel|Gholdengo, L50|100\/100\n|turn|5\n|-message|CanIBeatAle? forfeited.\n|\n|win|caixueying\n|raw|CanIBeatAle?'s rating: 1685 &rarr; <strong>1674<\/strong><br \/>(-11 for losing)\n|raw|caixueying's rating: 1855 &rarr; <strong>1866<\/strong><br \/>(+11 for winning)\n|l|\u2606CanIBeatAle?\n|player|p1|\n|l| strikesuitzero\n|l|\u203dcaixueying\n|player|p2|\n|l| Joedie hw\n","uploadtime":1728435517,"views":12,"formatid":"gen9vgc2024regh","rating":1674,"private":0,"password":null}