{"id":"gen9vgc2024regh-2218543154","format":"[Gen 9] VGC 2024 Reg H","players":["SnarkyShane","BrodaxVGC"],"log":"|j|\u2606SnarkyShane\n|j|\u2606BrodaxVGC\n|t:|1728396527\n|gametype|doubles\n|player|p1|SnarkyShane|gambler|1733\n|player|p2|BrodaxVGC|266|1836\n|teamsize|p1|6\n|teamsize|p2|6\n|gen|9\n|tier|[Gen 9] VGC 2024 Reg H\n|rated|\n|rule|Species Clause: Limit one of each Pok\u00e9mon\n|rule|Item Clause: Limit 1 of each item\n|clearpoke\n|poke|p1|Baxcalibur, L50, F|\n|poke|p1|Ninetales-Alola, L50, F|\n|poke|p1|Sneasler, L50, M|\n|poke|p1|Ceruledge, L50, F|\n|poke|p1|Volcarona, L50, M|\n|poke|p1|Gastrodon, L50, M|\n|poke|p2|Gholdengo, L50|\n|poke|p2|Incineroar, L50, F|\n|poke|p2|Rillaboom, L50, F|\n|poke|p2|Pelipper, L50, F|\n|poke|p2|Basculegion, L50, M|\n|poke|p2|Archaludon, L50, M|\n|teampreview|4\n|inactive|Battle timer is ON: inactive players will automatically lose when time's up. (requested by SnarkyShane)\n|inactive|SnarkyShane has 60 seconds left.\n|inactive|BrodaxVGC has 60 seconds left.\n|\n|t:|1728396578\n|start\n|switch|p1a: The Snizzler|Sneasler, L50, M|100\/100\n|switch|p1b: BULXcaliber|Baxcalibur, L50, F|100\/100\n|switch|p2a: Incineroar|Incineroar, L50, F|100\/100\n|switch|p2b: Gholdengo|Gholdengo, L50|100\/100\n|-ability|p2a: Incineroar|Intimidate|boost\n|-unboost|p1a: The Snizzler|atk|1\n|-unboost|p1b: BULXcaliber|atk|1\n|turn|1\n|inactive|BrodaxVGC has 30 seconds left.\n|\n|t:|1728396605\n|switch|p1a: Aquarium Cleaner|Gastrodon, L50, M|100\/100\n|move|p1b: BULXcaliber|Protect|p1b: BULXcaliber\n|-singleturn|p1b: BULXcaliber|Protect\n|move|p2a: Incineroar|Fake Out|p1b: BULXcaliber\n|-activate|p1b: BULXcaliber|move: Protect\n|move|p2b: Gholdengo|Nasty Plot|p2b: Gholdengo\n|-boost|p2b: Gholdengo|spa|2\n|\n|upkeep\n|turn|2\n|inactive|SnarkyShane has 30 seconds left.\n|\n|t:|1728396634\n|-terastallize|p1b: BULXcaliber|Fire\n|move|p2b: Gholdengo|Protect|p2b: Gholdengo\n|-singleturn|p2b: Gholdengo|Protect\n|move|p1b: BULXcaliber|Dragon Dance|p1b: BULXcaliber\n|-boost|p1b: BULXcaliber|atk|1\n|-boost|p1b: BULXcaliber|spe|1\n|move|p2a: Incineroar|Parting Shot|p1b: BULXcaliber\n|-unboost|p1b: BULXcaliber|atk|1\n|-unboost|p1b: BULXcaliber|spa|1\n|\n|t:|1728396644\n|switch|p2a: Rillaboom|Rillaboom, L50, F|100\/100|[from] Parting Shot\n|-fieldstart|move: Grassy Terrain|[from] ability: Grassy Surge|[of] p2a: Rillaboom\n|move|p1a: Aquarium Cleaner|Earth Power|p2b: Gholdengo\n|-activate|p2b: Gholdengo|move: Protect\n|\n|upkeep\n|turn|3\n|\n|t:|1728396667\n|switch|p1b: Elsa|Ninetales-Alola, L50, F|100\/100\n|-weather|Snow|[from] ability: Snow Warning|[of] p1b: Elsa\n|move|p2a: Rillaboom|Fake Out|p1b: Elsa\n|-damage|p1b: Elsa|85\/100\n|-damage|p2a: Rillaboom|91\/100|[from] item: Life Orb\n|move|p2b: Gholdengo|Nasty Plot|p2b: Gholdengo\n|-boost|p2b: Gholdengo|spa|2\n|move|p1a: Aquarium Cleaner|Earth Power|p2b: Gholdengo\n|-supereffective|p2b: Gholdengo\n|-damage|p2b: Gholdengo|41\/100\n|\n|-weather|Snow|[upkeep]\n|-heal|p1b: Elsa|92\/100|[from] Grassy Terrain\n|-heal|p2b: Gholdengo|47\/100|[from] Grassy Terrain\n|-heal|p2b: Gholdengo|53\/100|[from] item: Leftovers\n|-heal|p2a: Rillaboom|97\/100|[from] Grassy Terrain\n|upkeep\n|turn|4\n|inactive|SnarkyShane has 30 seconds left.\n|inactive|BrodaxVGC has 30 seconds left.\n|\n|t:|1728396695\n|switch|p1a: BULXcaliber|Baxcalibur, L50, F, tera:Fire|100\/100\n|move|p2a: Rillaboom|Grassy Glide|p1a: BULXcaliber\n|-resisted|p1a: BULXcaliber\n|-damage|p1a: BULXcaliber|79\/100\n|-damage|p2a: Rillaboom|87\/100|[from] item: Life Orb\n|move|p1b: Elsa|Aurora Veil|p1b: Elsa\n|-sidestart|p1: SnarkyShane|move: Aurora Veil\n|move|p2b: Gholdengo|Make It Rain|p1a: BULXcaliber|[spread] p1a,p1b\n|-resisted|p1a: BULXcaliber\n|-supereffective|p1b: Elsa\n|-damage|p1a: BULXcaliber|41\/100\n|-damage|p1b: Elsa|0 fnt\n|-unboost|p2b: Gholdengo|spa|1\n|faint|p1b: Elsa\n|\n|-weather|Snow|[upkeep]\n|-heal|p1a: BULXcaliber|47\/100|[from] ability: Ice Body\n|-heal|p2b: Gholdengo|59\/100|[from] Grassy Terrain\n|-heal|p2b: Gholdengo|65\/100|[from] item: Leftovers\n|-heal|p1a: BULXcaliber|53\/100|[from] Grassy Terrain\n|-heal|p1a: BULXcaliber|59\/100|[from] item: Leftovers\n|-heal|p2a: Rillaboom|93\/100|[from] Grassy Terrain\n|upkeep\n|\n|t:|1728396708\n|switch|p1b: The Snizzler|Sneasler, L50, M|100\/100\n|turn|5\n|inactive|BrodaxVGC has 30 seconds left.\n|j| tjoahy\n|\n|t:|1728396740\n|switch|p2a: Incineroar|Incineroar, L50, F|100\/100\n|-ability|p2a: Incineroar|Intimidate|boost\n|-unboost|p1a: BULXcaliber|atk|1\n|-unboost|p1b: The Snizzler|atk|1\n|move|p1b: The Snizzler|Close Combat|p2a: Incineroar\n|-supereffective|p2a: Incineroar\n|-damage|p2a: Incineroar|22\/100\n|-unboost|p1b: The Snizzler|def|1\n|-unboost|p1b: The Snizzler|spd|1\n|-enditem|p2a: Incineroar|Sitrus Berry|[eat]\n|-heal|p2a: Incineroar|47\/100|[from] item: Sitrus Berry\n|move|p2b: Gholdengo|Make It Rain|p1a: BULXcaliber|[spread] p1a,p1b\n|-resisted|p1a: BULXcaliber\n|-damage|p1a: BULXcaliber|24\/100\n|-enditem|p1b: The Snizzler|Focus Sash\n|-damage|p1b: The Snizzler|1\/100\n|-unboost|p2b: Gholdengo|spa|1\n|move|p1a: BULXcaliber|Dragon Dance|p1a: BULXcaliber\n|-boost|p1a: BULXcaliber|atk|1\n|-boost|p1a: BULXcaliber|spe|1\n|\n|-weather|Snow|[upkeep]\n|-heal|p1a: BULXcaliber|30\/100|[from] ability: Ice Body\n|-heal|p1b: The Snizzler|7\/100|[from] Grassy Terrain\n|-heal|p1a: BULXcaliber|36\/100|[from] Grassy Terrain\n|-heal|p1a: BULXcaliber|41\/100|[from] item: Leftovers\n|-heal|p2b: Gholdengo|72\/100|[from] Grassy Terrain\n|-heal|p2b: Gholdengo|78\/100|[from] item: Leftovers\n|-heal|p2a: Incineroar|53\/100|[from] Grassy Terrain\n|upkeep\n|turn|6\n|inactive|BrodaxVGC has 30 seconds left.\n|\n|t:|1728396774\n|switch|p2a: Rillaboom|Rillaboom, L50, F|93\/100\n|move|p1a: BULXcaliber|Protect|p1a: BULXcaliber\n|-singleturn|p1a: BULXcaliber|Protect\n|move|p2b: Gholdengo|Protect|p2b: Gholdengo\n|-singleturn|p2b: Gholdengo|Protect\n|move|p1b: The Snizzler|Coaching|p1a: BULXcaliber\n|-boost|p1a: BULXcaliber|atk|1\n|-boost|p1a: BULXcaliber|def|1\n|\n|-weather|Snow|[upkeep]\n|-heal|p1a: BULXcaliber|47\/100|[from] ability: Ice Body\n|-heal|p1b: The Snizzler|13\/100|[from] Grassy Terrain\n|-heal|p1a: BULXcaliber|53\/100|[from] Grassy Terrain\n|-heal|p1a: BULXcaliber|59\/100|[from] item: Leftovers\n|-heal|p2b: Gholdengo|84\/100|[from] Grassy Terrain\n|-heal|p2b: Gholdengo|90\/100|[from] item: Leftovers\n|-heal|p2a: Rillaboom|99\/100|[from] Grassy Terrain\n|-fieldend|move: Grassy Terrain\n|upkeep\n|turn|7\n|inactive|SnarkyShane has 30 seconds left.\n|inactive|SnarkyShane has 20 seconds left.\n|\n|t:|1728396812\n|move|p1a: BULXcaliber|Protect||[still]\n|-fail|p1a: BULXcaliber\n|move|p2a: Rillaboom|Fake Out|p1a: BULXcaliber\n|-damage|p1a: BULXcaliber|52\/100\n|-damage|p2a: Rillaboom|89\/100|[from] item: Life Orb\n|move|p1b: The Snizzler|Dire Claw|p2a: Rillaboom\n|-supereffective|p2a: Rillaboom\n|-damage|p2a: Rillaboom|32\/100\n|-status|p2a: Rillaboom|par\n|move|p2b: Gholdengo|Shadow Ball|p1a: BULXcaliber\n|-damage|p1a: BULXcaliber|1\/100\n|\n|-weather|none\n|-heal|p1a: BULXcaliber|7\/100|[from] item: Leftovers\n|-heal|p2b: Gholdengo|96\/100|[from] item: Leftovers\n|upkeep\n|turn|8\n|inactive|SnarkyShane has 30 seconds left.\n|inactive|SnarkyShane has 20 seconds left.\n|inactive|SnarkyShane has 15 seconds left.\n|\n|t:|1728396854\n|switch|p2a: Incineroar|Incineroar, L50, F|53\/100\n|-ability|p2a: Incineroar|Intimidate|boost\n|-unboost|p1a: BULXcaliber|atk|1\n|-unboost|p1b: The Snizzler|atk|1\n|move|p1b: The Snizzler|Coaching|p1a: BULXcaliber\n|-boost|p1a: BULXcaliber|atk|1\n|-boost|p1a: BULXcaliber|def|1\n|move|p1a: BULXcaliber|Dragon Dance|p1a: BULXcaliber\n|-boost|p1a: BULXcaliber|atk|1\n|-boost|p1a: BULXcaliber|spe|1\n|move|p2b: Gholdengo|Make It Rain|p1a: BULXcaliber|[spread] p1a,p1b\n|-resisted|p1a: BULXcaliber\n|-damage|p1a: BULXcaliber|0 fnt\n|-damage|p1b: The Snizzler|0 fnt\n|-unboost|p2b: Gholdengo|spa|1\n|faint|p1a: BULXcaliber\n|faint|p1b: The Snizzler\n|\n|-heal|p2b: Gholdengo|100\/100|[from] item: Leftovers\n|upkeep\n|-message|SnarkyShane forfeited.\n|\n|win|BrodaxVGC\n|raw|SnarkyShane's rating: 1733 &rarr; <strong>1719<\/strong><br \/>(-14 for losing)\n|raw|BrodaxVGC's rating: 1836 &rarr; <strong>1850<\/strong><br \/>(+14 for winning)\n|l|\u2606SnarkyShane\n|player|p1|\n|l|\u2606BrodaxVGC\n|player|p2|\n|l| tjoahy\n","uploadtime":1728397049,"views":37,"formatid":"gen9vgc2024regh","rating":1719,"private":0,"password":null}