{"id":"gen9vgc2024regh-2218396737","format":"[Gen 9] VGC 2024 Reg H","players":["BigSalta","roykeenkennedy"],"log":"|j|\u2606BigSalta\n|j|\u2606roykeenkennedy\n|t:|1728378419\n|gametype|doubles\n|player|p1|BigSalta|cynthia|1714\n|player|p2|roykeenkennedy|alder|1756\n|teamsize|p1|6\n|teamsize|p2|6\n|gen|9\n|tier|[Gen 9] VGC 2024 Reg H\n|rated|\n|rule|Species Clause: Limit one of each Pok\u00e9mon\n|rule|Item Clause: Limit 1 of each item\n|clearpoke\n|poke|p1|Primarina, L50, F|\n|poke|p1|Garchomp, L50, F|\n|poke|p1|Vivillon, L50, M|\n|poke|p1|Gholdengo, L50|\n|poke|p1|Dragonite, L50, F|\n|poke|p1|Talonflame, L50, M|\n|poke|p2|Salamence, L50, M|\n|poke|p2|Incineroar, L50, F|\n|poke|p2|Weezing, L50, F|\n|poke|p2|Dragapult, L50, M|\n|poke|p2|Ursaluna-Bloodmoon, L50, M|\n|poke|p2|Volcarona, L50, F|\n|teampreview|4\n|\n|t:|1728378458\n|start\n|switch|p1a: Primarina|Primarina, L50, F|100\/100\n|switch|p1b: Talonflame|Talonflame, L50, M|100\/100\n|switch|p2a: Salamence|Salamence, L50, M|100\/100\n|switch|p2b: Incineroar|Incineroar, L50, F|100\/100\n|-ability|p2b: Incineroar|Intimidate|boost\n|-unboost|p1a: Primarina|atk|1\n|-unboost|p1b: Talonflame|atk|1\n|turn|1\n|\n|t:|1728378487\n|-terastallize|p2a: Salamence|Steel\n|move|p2b: Incineroar|Fake Out|p1b: Talonflame\n|-damage|p1b: Talonflame|84\/100\n|move|p2a: Salamence|Rock Slide|p1a: Primarina|[spread] p1a,p1b\n|-supereffective|p1b: Talonflame\n|-damage|p1a: Primarina|74\/100\n|-damage|p1b: Talonflame|0 fnt\n|faint|p1b: Talonflame\n|-ability|p2a: Salamence|Moxie|boost\n|-boost|p2a: Salamence|atk|1\n|cant|p1a: Primarina|flinch\n|\n|upkeep\n|\n|t:|1728378501\n|switch|p1b: Vivillon|Vivillon, L50, M|100\/100\n|turn|2\n|\n|t:|1728378531\n|move|p1a: Primarina|Protect|p1a: Primarina\n|-singleturn|p1a: Primarina|Protect\n|move|p2a: Salamence|Rock Slide|p1b: Vivillon|[spread] p1b\n|-activate|p1a: Primarina|move: Protect\n|-supereffective|p1b: Vivillon\n|-enditem|p1b: Vivillon|Focus Sash\n|-damage|p1b: Vivillon|1\/100\n|move|p1b: Vivillon|Sleep Powder|p2a: Salamence\n|-status|p2a: Salamence|slp|[from] move: Sleep Powder\n|move|p2b: Incineroar|Knock Off|p1b: Vivillon\n|-damage|p1b: Vivillon|0 fnt\n|faint|p1b: Vivillon\n|\n|upkeep\n|\n|t:|1728378533\n|switch|p1b: Gholdengo|Gholdengo, L50|100\/100\n|turn|3\n|\n|t:|1728378554\n|cant|p2a: Salamence|slp\n|move|p1b: Gholdengo|Shadow Ball|p2b: Incineroar\n|-resisted|p2b: Incineroar\n|-damage|p2b: Incineroar|75\/100\n|move|p1a: Primarina|Hyper Voice|p2b: Incineroar|[spread] p2a,p2b\n|-supereffective|p2b: Incineroar\n|-damage|p2a: Salamence|61\/100 slp\n|-damage|p2b: Incineroar|24\/100\n|-enditem|p1a: Primarina|Throat Spray\n|-boost|p1a: Primarina|spa|1|[from] item: Throat Spray\n|move|p2b: Incineroar|Flare Blitz|p1b: Gholdengo\n|-supereffective|p1b: Gholdengo\n|-damage|p1b: Gholdengo|0 fnt\n|faint|p1b: Gholdengo\n|-damage|p2b: Incineroar|0 fnt|[from] Recoil\n|faint|p2b: Incineroar\n|\n|upkeep\n|\n|t:|1728378572\n|switch|p2b: Ursaluna|Ursaluna-Bloodmoon, L50, M|100\/100\n|turn|4\n|\n|t:|1728378579\n|cant|p2a: Salamence|slp\n|move|p1a: Primarina|Hyper Voice|p2a: Salamence|[spread] p2a,p2b\n|-supereffective|p2b: Ursaluna\n|-damage|p2a: Salamence|4\/100 slp\n|-damage|p2b: Ursaluna|22\/100\n|move|p2b: Ursaluna|Blood Moon|p1a: Primarina\n|-damage|p1a: Primarina|12\/100\n|\n|upkeep\n|turn|5\n|\n|t:|1728378591\n|move|p2b: Ursaluna|Vacuum Wave|p1a: Primarina\n|-resisted|p1a: Primarina\n|-damage|p1a: Primarina|5\/100\n|-curestatus|p2a: Salamence|slp|[msg]\n|move|p2a: Salamence|Rock Slide|p1a: Primarina|[miss]\n|-miss|p2a: Salamence|p1a: Primarina\n|move|p1a: Primarina|Hyper Voice|p2a: Salamence|[spread] p2a,p2b\n|-supereffective|p2b: Ursaluna\n|-damage|p2a: Salamence|0 fnt\n|-damage|p2b: Ursaluna|0 fnt\n|faint|p2a: Salamence\n|faint|p2b: Ursaluna\n|\n|upkeep\n|\n|t:|1728378604\n|switch|p2a: Dragapult|Dragapult, L50, M|100\/100\n|turn|6\n|\n|t:|1728378610\n|move|p2a: Dragapult|U-turn|p1a: Primarina\n|-resisted|p1a: Primarina\n|-damage|p1a: Primarina|0 fnt\n|faint|p1a: Primarina\n|\n|win|roykeenkennedy\n|raw|BigSalta's rating: 1714 &rarr; <strong>1696<\/strong><br \/>(-18 for losing)\n|raw|roykeenkennedy's rating: 1756 &rarr; <strong>1774<\/strong><br \/>(+18 for winning)\n|l|\u2606BigSalta\n|player|p1|\n|l|\u2606roykeenkennedy\n|player|p2|\n","uploadtime":1728378850,"views":22,"formatid":"gen9vgc2024regh","rating":1696,"private":0,"password":null}