{"id":"gen9vgc2024regh-2218241655","format":"[Gen 9] VGC 2024 Reg H","players":["jhdreamer","roykeenkennedy"],"log":"|j|\u2606jhdreamer\n|j|\u2606roykeenkennedy\n|t:|1728353902\n|gametype|doubles\n|player|p1|jhdreamer|102|1740\n|player|p2|roykeenkennedy|alder|1709\n|teamsize|p1|6\n|teamsize|p2|6\n|gen|9\n|tier|[Gen 9] VGC 2024 Reg H\n|rated|\n|rule|Species Clause: Limit one of each Pok\u00e9mon\n|rule|Item Clause: Limit 1 of each item\n|clearpoke\n|poke|p1|Torkoal, L50, M|\n|poke|p1|Gardevoir, L50, F|\n|poke|p1|Gallade, L50, M|\n|poke|p1|Ursaluna, L50, M|\n|poke|p1|Talonflame, L50, M|\n|poke|p1|Indeedee-F, L50, F|\n|poke|p2|Salamence, L50, F|\n|poke|p2|Incineroar, L50, M|\n|poke|p2|Weezing, L50, M|\n|poke|p2|Dragapult, L50, F|\n|poke|p2|Ursaluna-Bloodmoon, L50, M|\n|poke|p2|Volcarona, L50, M|\n|teampreview|4\n|j| Satansinlaw\n|inactive|Battle timer is ON: inactive players will automatically lose when time's up. (requested by roykeenkennedy)\n|inactive|jhdreamer has 60 seconds left.\n|inactive|jhdreamer has 30 seconds left.\n|inactive|jhdreamer has 20 seconds left.\n|\n|t:|1728354025\n|start\n|switch|p1a: Talonflame|Talonflame, L50, M|100\/100\n|switch|p1b: Gardevoir|Gardevoir, L50, F, shiny|100\/100\n|switch|p2a: Weezing|Weezing, L50, M|100\/100\n|switch|p2b: Dragapult|Dragapult, L50, F|100\/100\n|-ability|p2a: Weezing|Neutralizing Gas\n|turn|1\n|inactive|jhdreamer has 30 seconds left.\n|\n|t:|1728354053\n|switch|p2b: Incineroar|Incineroar, L50, M|100\/100\n|-ability|p2b: Incineroar|Intimidate|boost\n|-unboost|p1a: Talonflame|atk|1\n|-unboost|p1b: Gardevoir|atk|1\n|-terastallize|p2a: Weezing|Ghost\n|move|p1a: Talonflame|Will-O-Wisp|p2b: Incineroar\n|-immune|p2b: Incineroar\n|move|p1b: Gardevoir|Expanding Force|p2a: Weezing\n|-damage|p2a: Weezing|38\/100\n|-damage|p1b: Gardevoir|91\/100|[from] item: Life Orb\n|move|p2a: Weezing|Sludge Bomb|p1b: Gardevoir\n|-supereffective|p1b: Gardevoir\n|-damage|p1b: Gardevoir|43\/100\n|\n|-heal|p2a: Weezing|44\/100|[from] item: Leftovers\n|upkeep\n|turn|2\n|j| Surve\n|j| Papichuto\n|\n|t:|1728354076\n|move|p1b: Gardevoir|Protect|p1b: Gardevoir\n|-singleturn|p1b: Gardevoir|Protect\n|move|p2b: Incineroar|Fake Out|p1b: Gardevoir\n|-activate|p1b: Gardevoir|move: Protect\n|move|p1a: Talonflame|Tailwind|p1a: Talonflame\n|-sidestart|p1: jhdreamer|move: Tailwind\n|move|p2a: Weezing|Sludge Bomb|p1a: Talonflame\n|-damage|p1a: Talonflame|66\/100\n|\n|-heal|p2a: Weezing|50\/100|[from] item: Leftovers\n|upkeep\n|turn|3\n|inactive|jhdreamer has 30 seconds left.\n|\n|t:|1728354102\n|move|p2a: Weezing|Protect|p2a: Weezing\n|-singleturn|p2a: Weezing|Protect\n|move|p1a: Talonflame|Brave Bird|p2a: Weezing\n|-activate|p2a: Weezing|move: Protect\n|move|p1b: Gardevoir|Dazzling Gleam|p2a: Weezing|[spread] p2b\n|-activate|p2a: Weezing|move: Protect\n|-damage|p2b: Incineroar|68\/100\n|-damage|p1b: Gardevoir|33\/100|[from] item: Life Orb\n|move|p2b: Incineroar|Flare Blitz|p1b: Gardevoir\n|-damage|p1b: Gardevoir|0 fnt\n|faint|p1b: Gardevoir\n|-damage|p2b: Incineroar|58\/100|[from] Recoil\n|\n|-heal|p2a: Weezing|56\/100|[from] item: Leftovers\n|upkeep\n|\n|t:|1728354110\n|switch|p1b: Ursaluna|Ursaluna, L50, M|100\/100\n|turn|4\n|\n|t:|1728354129\n|-end|p2a: Weezing|ability: Neutralizing Gas\n|switch|p2a: Volcarona|Volcarona, L50, M|100\/100\n|switch|p2b: Dragapult|Dragapult, L50, F|100\/100\n|move|p1a: Talonflame|Brave Bird|p2a: Volcarona\n|-supereffective|p2a: Volcarona\n|-damage|p2a: Volcarona|46\/100\n|-damage|p1a: Talonflame|49\/100|[from] Recoil\n|move|p1b: Ursaluna|Earthquake|p2a: Volcarona|[spread] p2a,p2b\n|-immune|p1a: Talonflame\n|-damage|p2a: Volcarona|0 fnt\n|-damage|p2b: Dragapult|36\/100\n|faint|p2a: Volcarona\n|\n|-status|p1b: Ursaluna|brn|[from] item: Flame Orb\n|upkeep\n|\n|t:|1728354148\n|switch|p2a: Weezing|Weezing, L50, M, tera:Ghost|56\/100\n|-ability|p2a: Weezing|Neutralizing Gas\n|turn|5\n|inactive|jhdreamer has 30 seconds left.\n|\n|t:|1728354173\n|switch|p2b: Incineroar|Incineroar, L50, M|58\/100\n|-ability|p2b: Incineroar|Intimidate|boost\n|-unboost|p1a: Talonflame|atk|1\n|-unboost|p1b: Ursaluna|atk|1\n|move|p1a: Talonflame|Brave Bird|p2b: Incineroar\n|-damage|p2b: Incineroar|40\/100\n|-damage|p1a: Talonflame|42\/100|[from] Recoil\n|move|p1b: Ursaluna|Earthquake|p2a: Weezing|[spread] p2a,p2b\n|-immune|p1a: Talonflame\n|-supereffective|p2b: Incineroar\n|-damage|p2a: Weezing|45\/100\n|-damage|p2b: Incineroar|12\/100\n|move|p2a: Weezing|Sludge Bomb|p1a: Talonflame\n|-crit|p1a: Talonflame\n|-damage|p1a: Talonflame|0 fnt\n|faint|p1a: Talonflame\n|\n|-heal|p2a: Weezing|51\/100|[from] item: Leftovers\n|-damage|p1b: Ursaluna|95\/100 brn|[from] brn\n|-sideend|p1: jhdreamer|move: Tailwind\n|upkeep\n|\n|t:|1728354181\n|switch|p1a: Indeedee|Indeedee-F, L50, F|100\/100\n|turn|6\n|inactive|jhdreamer has 30 seconds left.\n|inactive|roykeenkennedy has 30 seconds left.\n|inactive|roykeenkennedy has 20 seconds left.\n|\n|t:|1728354218\n|switch|p2b: Dragapult|Dragapult, L50, F|36\/100\n|move|p2a: Weezing|Protect|p2a: Weezing\n|-singleturn|p2a: Weezing|Protect\n|move|p1a: Indeedee|Psychic|p2a: Weezing\n|-activate|p2a: Weezing|move: Protect\n|move|p1b: Ursaluna|Rock Slide|p2a: Weezing|[spread] p2b\n|-activate|p2a: Weezing|move: Protect\n|-damage|p2b: Dragapult|27\/100\n|\n|-heal|p2a: Weezing|57\/100|[from] item: Leftovers\n|-damage|p1b: Ursaluna|89\/100 brn|[from] brn\n|upkeep\n|turn|7\n|inactive|jhdreamer has 30 seconds left.\n|\n|t:|1728354247\n|move|p2b: Dragapult|U-turn|p1a: Indeedee\n|-supereffective|p1a: Indeedee\n|-damage|p1a: Indeedee|27\/100\n|-damage|p2b: Dragapult|11\/100|[from] item: Rocky Helmet|[of] p1a: Indeedee\n|\n|t:|1728354251\n|switch|p2b: Incineroar|Incineroar, L50, M|12\/100|[from] U-turn\n|-ability|p2b: Incineroar|Intimidate|boost\n|-unboost|p1a: Indeedee|atk|1\n|-unboost|p1b: Ursaluna|atk|1\n|move|p1a: Indeedee|Psychic|p2a: Weezing\n|-damage|p2a: Weezing|21\/100\n|move|p2a: Weezing|Sludge Bomb|p1a: Indeedee\n|-damage|p1a: Indeedee|1\/100\n|-status|p1a: Indeedee|psn\n|move|p1b: Ursaluna|Earthquake|p2a: Weezing|[spread] p1a,p2a,p2b\n|-supereffective|p2b: Incineroar\n|-damage|p1a: Indeedee|0 fnt\n|-damage|p2a: Weezing|12\/100\n|-damage|p2b: Incineroar|0 fnt\n|faint|p1a: Indeedee\n|faint|p2b: Incineroar\n|\n|-heal|p2a: Weezing|18\/100|[from] item: Leftovers\n|-damage|p1b: Ursaluna|83\/100 brn|[from] brn\n|upkeep\n|\n|t:|1728354272\n|switch|p2b: Dragapult|Dragapult, L50, F|11\/100\n|turn|8\n|\n|t:|1728354283\n|move|p2b: Dragapult|Outrage|p1b: Ursaluna\n|-damage|p1b: Ursaluna|12\/100 brn\n|move|p2a: Weezing|Sludge Bomb|p1b: Ursaluna\n|-resisted|p1b: Ursaluna\n|-damage|p1b: Ursaluna|0 fnt\n|faint|p1b: Ursaluna\n|\n|win|roykeenkennedy\n|raw|jhdreamer's rating: 1740 &rarr; <strong>1718<\/strong><br \/>(-22 for losing)\n|raw|roykeenkennedy's rating: 1709 &rarr; <strong>1731<\/strong><br \/>(+22 for winning)\n|l|\u2606jhdreamer\n|player|p1|\n|l| Papichuto\n|l|\u2606roykeenkennedy\n|player|p2|\n","uploadtime":1728354548,"views":32,"formatid":"gen9vgc2024regh","rating":1718,"private":0,"password":null}