{"id":"gen9vgc2024regh-2218578399","format":"[Gen 9] VGC 2024 Reg H","players":["rainha789","jit444"],"log":"|j|\u2606rainha789\n|j|\u2606jit444\n|t:|1728399634\n|gametype|doubles\n|player|p1|rainha789|2|1699\n|player|p2|jit444|dawn|1686\n|teamsize|p1|6\n|teamsize|p2|6\n|gen|9\n|tier|[Gen 9] VGC 2024 Reg H\n|rated|\n|rule|Species Clause: Limit one of each Pok\u00e9mon\n|rule|Item Clause: Limit 1 of each item\n|clearpoke\n|poke|p1|Dragapult, L50, M|\n|poke|p1|Rillaboom, L50, M|\n|poke|p1|Incineroar, L50, F|\n|poke|p1|Grimmsnarl, L50, M|\n|poke|p1|Ninetales-Alola, L50, M|\n|poke|p1|Sneasler, L50, F|\n|poke|p2|Ursaluna, L50, M|\n|poke|p2|Whimsicott, L50, F|\n|poke|p2|Indeedee-F, L50, F|\n|poke|p2|Gallade, L50, M|\n|poke|p2|Gholdengo, L50|\n|poke|p2|Typhlosion-Hisui, L50, M|\n|teampreview|4\n|inactive|Battle timer is ON: inactive players will automatically lose when time's up. (requested by jit444)\n|\n|t:|1728399664\n|start\n|switch|p1a: Grimmsnarl|Grimmsnarl, L50, M|100\/100\n|switch|p1b: Dragapult|Dragapult, L50, M|100\/100\n|switch|p2a: Whimsicott|Whimsicott, L50, F|100\/100\n|switch|p2b: Typhlosion|Typhlosion-Hisui, L50, M|100\/100\n|turn|1\n|\n|t:|1728399685\n|-terastallize|p1b: Dragapult|Ghost\n|move|p2a: Whimsicott|Sunny Day|p2a: Whimsicott\n|-weather|SunnyDay\n|move|p1a: Grimmsnarl|Light Screen|p1a: Grimmsnarl\n|-sidestart|p1: rainha789|move: Light Screen\n|move|p1b: Dragapult|Tera Blast|p2b: Typhlosion|[anim] Tera Blast Ghost\n|-supereffective|p2b: Typhlosion\n|-damage|p2b: Typhlosion|0 fnt\n|faint|p2b: Typhlosion\n|\n|-weather|SunnyDay|[upkeep]\n|upkeep\n|\n|t:|1728399696\n|switch|p2b: Indeedee|Indeedee-F, L50, F|100\/100\n|-fieldstart|move: Psychic Terrain|[from] ability: Psychic Surge|[of] p2b: Indeedee\n|turn|2\n|\n|t:|1728399707\n|switch|p2b: Gholdengo|Gholdengo, L50|100\/100\n|switch|p1a: Rillaboom|Rillaboom, L50, M|100\/100\n|-fieldstart|move: Grassy Terrain|[from] ability: Grassy Surge|[of] p1a: Rillaboom\n|move|p1b: Dragapult|Tera Blast|p2a: Whimsicott|[anim] Tera Blast Ghost\n|-enditem|p2a: Whimsicott|Focus Sash\n|-damage|p2a: Whimsicott|1\/100\n|move|p2a: Whimsicott|Moonblast|p1a: Rillaboom\n|-damage|p1a: Rillaboom|87\/100\n|-unboost|p1a: Rillaboom|spa|1\n|\n|-weather|SunnyDay|[upkeep]\n|-heal|p2a: Whimsicott|7\/100|[from] Grassy Terrain\n|-heal|p1a: Rillaboom|93\/100|[from] Grassy Terrain\n|upkeep\n|turn|3\n|\n|t:|1728399723\n|move|p2a: Whimsicott|Protect|p2a: Whimsicott\n|-singleturn|p2a: Whimsicott|Protect\n|move|p2b: Gholdengo|Protect|p2b: Gholdengo\n|-singleturn|p2b: Gholdengo|Protect\n|move|p1a: Rillaboom|Fake Out|p2a: Whimsicott\n|-activate|p2a: Whimsicott|move: Protect\n|move|p1b: Dragapult|Tera Blast|p2b: Gholdengo|[anim] Tera Blast Ghost\n|-activate|p2b: Gholdengo|move: Protect\n|\n|-weather|SunnyDay|[upkeep]\n|-heal|p2a: Whimsicott|13\/100|[from] Grassy Terrain\n|-heal|p1a: Rillaboom|99\/100|[from] Grassy Terrain\n|upkeep\n|turn|4\n|\n|t:|1728399738\n|switch|p1b: Grimmsnarl|Grimmsnarl, L50, M|100\/100\n|switch|p1a: Sneasler|Sneasler, L50, F|100\/100\n|-enditem|p1a: Sneasler|Grassy Seed\n|-boost|p1a: Sneasler|def|1|[from] item: Grassy Seed\n|-terastallize|p2b: Gholdengo|Steel\n|move|p2a: Whimsicott|Tailwind|p2a: Whimsicott\n|-sidestart|p2: jit444|move: Tailwind\n|move|p2b: Gholdengo|Make It Rain|p1b: Grimmsnarl|[spread] p1a,p1b\n|-supereffective|p1b: Grimmsnarl\n|-damage|p1a: Sneasler|35\/100\n|-damage|p1b: Grimmsnarl|2\/100\n|-unboost|p2b: Gholdengo|spa|1\n|-damage|p2b: Gholdengo|91\/100|[from] item: Life Orb\n|\n|-weather|SunnyDay|[upkeep]\n|-heal|p2a: Whimsicott|19\/100|[from] Grassy Terrain\n|-heal|p1a: Sneasler|40\/100|[from] Grassy Terrain\n|-heal|p2b: Gholdengo|97\/100|[from] Grassy Terrain\n|-heal|p1b: Grimmsnarl|8\/100|[from] Grassy Terrain\n|upkeep\n|turn|5\n|l|\u2606rainha789\n|inactive|rainha789 disconnected and has a minute to reconnect!\n|player|p1|\n|inactive|rainha789 has 30 seconds left.\n|inactive|rainha789 has 20 seconds left.\n|inactive|rainha789 has 15 seconds left.\n|inactive|rainha789 has 10 seconds left.\n|inactive|rainha789 has 5 seconds left.\n|-message|rainha789 lost due to inactivity.\n|\n|win|jit444\n|raw|rainha789's rating: 1699 &rarr; <strong>1678<\/strong><br \/>(-21 for losing)\n|raw|jit444's rating: 1686 &rarr; <strong>1707<\/strong><br \/>(+21 for winning)\n|l|\u2606jit444\n|player|p2|\n","uploadtime":1728399955,"views":15,"formatid":"gen9vgc2024regh","rating":1678,"private":0,"password":null}