{"id":"gen9vgc2024regh-2218822146","format":"[Gen 9] VGC 2024 Reg H","players":["popeye32","infinitygroudon"],"log":"|j|\u2606popeye32\n|j|\u2606infinitygroudon\n|t:|1728420928\n|gametype|doubles\n|player|p1|popeye32|acetrainersnowf|1725\n|player|p2|infinitygroudon|169|1708\n|teamsize|p1|6\n|teamsize|p2|6\n|gen|9\n|tier|[Gen 9] VGC 2024 Reg H\n|rated|\n|rule|Species Clause: Limit one of each Pok\u00e9mon\n|rule|Item Clause: Limit 1 of each item\n|clearpoke\n|poke|p1|Tyranitar, L50, M|\n|poke|p1|Corviknight, L50, M|\n|poke|p1|Garchomp, L50, M|\n|poke|p1|Hydreigon, L50, M|\n|poke|p1|Chandelure, L50, M|\n|poke|p1|Wartortle, L50, M|\n|poke|p2|Krookodile, L50, M|\n|poke|p2|Clefairy, L50, F|\n|poke|p2|Smeargle, L50, M|\n|poke|p2|Flamigo, L50, M|\n|poke|p2|Dragonite, L50, F|\n|poke|p2|Dragapult, L50, M|\n|teampreview|4\n|inactive|Battle timer is ON: inactive players will automatically lose when time's up. (requested by popeye32)\n|\n|t:|1728420952\n|start\n|switch|p1a: Corviknight|Corviknight, L50, M|100\/100\n|switch|p1b: Hydreigon|Hydreigon, L50, M|100\/100\n|switch|p2a: Moonwater|Clefairy, L50, F|100\/100\n|switch|p2b: Dragapult|Dragapult, L50, M|100\/100\n|turn|1\n|\n|t:|1728420976\n|-terastallize|p2b: Dragapult|Dragon\n|-terastallize|p1b: Hydreigon|Poison\n|move|p2a: Moonwater|Helping Hand|p2b: Dragapult\n|-singleturn|p2b: Dragapult|Helping Hand|[of] p2a: Moonwater\n|move|p2b: Dragapult|Dragon Darts|p1a: Corviknight\n|-resisted|p1a: Corviknight\n|-damage|p1a: Corviknight|76\/100\n|-anim|p2b: Dragapult|Dragon Darts|p1b: Hydreigon\n|-damage|p1b: Hydreigon|7\/100\n|move|p1b: Hydreigon|Tera Blast|p2a: Moonwater|[anim] Tera Blast Poison\n|-supereffective|p2a: Moonwater\n|-damage|p2a: Moonwater|0 fnt\n|faint|p2a: Moonwater\n|move|p1a: Corviknight|Tailwind|p1a: Corviknight\n|-sidestart|p1: popeye32|move: Tailwind\n|\n|upkeep\n|j| H o hc\n|j| Claarity\n|\n|t:|1728420993\n|switch|p2a: Ramses|Krookodile, L50, M, shiny|100\/100\n|turn|2\n|\n|t:|1728421002\n|switch|p1b: Tyranitar|Tyranitar, L50, M|100\/100\n|-weather|Sandstorm|[from] ability: Sand Stream|[of] p1b: Tyranitar\n|move|p2b: Dragapult|Dragon Darts|p1a: Corviknight\n|-resisted|p1a: Corviknight\n|-crit|p1a: Corviknight\n|-damage|p1a: Corviknight|51\/100\n|-anim|p2b: Dragapult|Dragon Darts|p1b: Tyranitar\n|-damage|p1b: Tyranitar|59\/100\n|move|p1a: Corviknight|Body Press|p2a: Ramses\n|-supereffective|p2a: Ramses\n|-damage|p2a: Ramses|40\/100\n|move|p2a: Ramses|Knock Off|p1a: Corviknight\n|-damage|p1a: Corviknight|23\/100\n|-enditem|p1a: Corviknight|Sitrus Berry|[from] move: Knock Off|[of] p2a: Ramses\n|\n|-weather|Sandstorm|[upkeep]\n|-damage|p2b: Dragapult|94\/100|[from] Sandstorm\n|upkeep\n|turn|3\n|inactive|popeye32 has 30 seconds left.\n|\n|t:|1728421035\n|switch|p2b: Flamigo|Flamigo, L50, M|100\/100\n|-copyboost|p2b: Flamigo|p2a: Ramses|[from] ability: Costar\n|move|p2a: Ramses|Protect|p2a: Ramses\n|-singleturn|p2a: Ramses|Protect\n|move|p1a: Corviknight|Body Press|p2a: Ramses\n|-activate|p2a: Ramses|move: Protect\n|move|p1b: Tyranitar|Knock Off|p2b: Flamigo\n|-resisted|p2b: Flamigo\n|-damage|p2b: Flamigo|63\/100\n|-enditem|p2b: Flamigo|Clear Amulet|[from] move: Knock Off|[of] p1b: Tyranitar\n|\n|-weather|Sandstorm|[upkeep]\n|-damage|p2b: Flamigo|57\/100|[from] Sandstorm\n|upkeep\n|turn|4\n|\n|t:|1728421058\n|move|p2b: Flamigo|Protect|p2b: Flamigo\n|-singleturn|p2b: Flamigo|Protect\n|move|p1a: Corviknight|Body Press|p2a: Ramses\n|-supereffective|p2a: Ramses\n|-damage|p2a: Ramses|0 fnt\n|faint|p2a: Ramses\n|move|p1b: Tyranitar|Rock Slide|p2b: Flamigo\n|-activate|p2b: Flamigo|move: Protect\n|\n|-weather|Sandstorm|[upkeep]\n|-damage|p2b: Flamigo|51\/100|[from] Sandstorm\n|-sideend|p1: popeye32|move: Tailwind\n|upkeep\n|\n|t:|1728421062\n|switch|p2a: Dragapult|Dragapult, L50, M, tera:Dragon|94\/100\n|turn|5\n|j| DonShitDozo\n|\n|t:|1728421073\n|move|p2a: Dragapult|Dragon Darts|p1a: Corviknight\n|-resisted|p1a: Corviknight\n|-damage|p1a: Corviknight|8\/100\n|-anim|p2a: Dragapult|Dragon Darts|p1b: Tyranitar\n|-damage|p1b: Tyranitar|19\/100\n|move|p2b: Flamigo|Brave Bird|p1a: Corviknight\n|-resisted|p1a: Corviknight\n|-damage|p1a: Corviknight|0 fnt\n|faint|p1a: Corviknight\n|-damage|p2b: Flamigo|48\/100|[from] Recoil\n|move|p1b: Tyranitar|Knock Off|p2a: Dragapult\n|-damage|p2a: Dragapult|20\/100\n|-enditem|p2a: Dragapult|Choice Band|[from] move: Knock Off|[of] p1b: Tyranitar\n|\n|-weather|Sandstorm|[upkeep]\n|-damage|p2a: Dragapult|14\/100|[from] Sandstorm\n|-damage|p2b: Flamigo|42\/100|[from] Sandstorm\n|upkeep\n|j| hyroshx\n|\n|t:|1728421087\n|switch|p1a: Garchomp|Garchomp, L50, M|100\/100\n|turn|6\n|\n|t:|1728421098\n|switch|p1b: Hydreigon|Hydreigon, L50, M, tera:Poison|7\/100\n|move|p1a: Garchomp|Protect|p1a: Garchomp\n|-singleturn|p1a: Garchomp|Protect\n|move|p2a: Dragapult|Dragon Darts|p1b: Hydreigon\n|-damage|p1b: Hydreigon|0 fnt\n|faint|p1b: Hydreigon\n|move|p2b: Flamigo|Close Combat|p1a: Garchomp\n|-activate|p1a: Garchomp|move: Protect\n|\n|-weather|none\n|upkeep\n|\n|t:|1728421100\n|switch|p1b: Tyranitar|Tyranitar, L50, M|19\/100\n|-weather|Sandstorm|[from] ability: Sand Stream|[of] p1b: Tyranitar\n|turn|7\n|\n|t:|1728421116\n|move|p2a: Dragapult|Dragon Darts|p1a: Garchomp\n|-supereffective|p1a: Garchomp\n|-damage|p1a: Garchomp|38\/100\n|-anim|p2a: Dragapult|Dragon Darts|p1b: Tyranitar\n|-damage|p1b: Tyranitar|0 fnt\n|faint|p1b: Tyranitar\n|move|p1a: Garchomp|Dragon Claw|p2a: Dragapult\n|-supereffective|p2a: Dragapult\n|-damage|p2a: Dragapult|0 fnt\n|faint|p2a: Dragapult\n|-damage|p1a: Garchomp|28\/100|[from] item: Life Orb\n|move|p2b: Flamigo|Close Combat|p1a: Garchomp\n|-damage|p1a: Garchomp|0 fnt\n|-unboost|p2b: Flamigo|def|1\n|-unboost|p2b: Flamigo|spd|1\n|faint|p1a: Garchomp\n|\n|win|infinitygroudon\n|raw|popeye32's rating: 1725 &rarr; <strong>1704<\/strong><br \/>(-21 for losing)\n|raw|infinitygroudon's rating: 1708 &rarr; <strong>1729<\/strong><br \/>(+21 for winning)\n|l|\u2606popeye32\n|player|p1|\n|l|\u2606infinitygroudon\n|player|p2|\n|l| DonShitDozo\n|l| Claarity\n|l| H o hc\n","uploadtime":1728421374,"views":50,"formatid":"gen9vgc2024regh","rating":1704,"private":0,"password":null}