{"id":"gen9vgc2024regh-2218988080","format":"[Gen 9] VGC 2024 Reg H","players":["Rgktest","moon7777alt2"],"log":"|j|\u2606Rgktest\n|j|\u2606moon7777alt2\n|t:|1728439685\n|gametype|doubles\n|player|p1|Rgktest|266|1710\n|player|p2|moon7777alt2|265|1750\n|teamsize|p1|6\n|teamsize|p2|6\n|gen|9\n|tier|[Gen 9] VGC 2024 Reg H\n|rated|\n|rule|Species Clause: Limit one of each Pok\u00e9mon\n|rule|Item Clause: Limit 1 of each item\n|clearpoke\n|poke|p1|Incineroar, L50, F|\n|poke|p1|Dusclops, L50, F|\n|poke|p1|Amoonguss, L50, M|\n|poke|p1|Ursaluna-Bloodmoon, L50, M|\n|poke|p1|Annihilape, L50, M|\n|poke|p1|Flamigo, L50, M|\n|poke|p2|Dragonite, L50, M|\n|poke|p2|Kingambit, L50, M|\n|poke|p2|Primarina, L50, M|\n|poke|p2|Rillaboom, L50, F|\n|poke|p2|Sneasler, L50, F|\n|poke|p2|Comfey, L50, M|\n|teampreview|4\n|inactive|Battle timer is ON: inactive players will automatically lose when time's up. (requested by Rgktest)\n|\n|t:|1728439740\n|start\n|switch|p1a: Dusclops|Dusclops, L50, F|100\/100\n|switch|p1b: Flamigo|Flamigo, L50, M|100\/100\n|switch|p2a: Comfey|Comfey, L50, M|100\/100\n|switch|p2b: Primarina|Primarina, L50, M|100\/100\n|-item|p2a: Comfey|Iapapa Berry|[from] ability: Frisk|[of] p1a: Dusclops\n|-item|p2b: Primarina|Leftovers|[from] ability: Frisk|[of] p1a: Dusclops\n|turn|1\n|\n|t:|1728439761\n|switch|p1a: Amoonguss|Amoonguss, L50, M|100\/100\n|move|p1b: Flamigo|Brave Bird|p2a: Comfey\n|-damage|p2a: Comfey|53\/100\n|-damage|p1b: Flamigo|85\/100|[from] Recoil\n|move|p2a: Comfey|Taunt|p1a: Amoonguss\n|-start|p1a: Amoonguss|move: Taunt\n|-enditem|p1a: Amoonguss|Mental Herb\n|-end|p1a: Amoonguss|move: Taunt\n|move|p2b: Primarina|Calm Mind|p2b: Primarina\n|-boost|p2b: Primarina|spa|1\n|-boost|p2b: Primarina|spd|1\n|\n|upkeep\n|turn|2\n|\n|t:|1728439777\n|move|p1b: Flamigo|Brave Bird|p2a: Comfey\n|-crit|p2a: Comfey\n|-damage|p2a: Comfey|0 fnt\n|faint|p2a: Comfey\n|-damage|p1b: Flamigo|67\/100|[from] Recoil\n|move|p2b: Primarina|Hyper Voice|p1b: Flamigo|[spread] p1a,p1b\n|-resisted|p1a: Amoonguss\n|-damage|p1a: Amoonguss|77\/100\n|-damage|p1b: Flamigo|0 fnt\n|faint|p1b: Flamigo\n|move|p1a: Amoonguss|Clear Smog|p2b: Primarina\n|-supereffective|p2b: Primarina\n|-damage|p2b: Primarina|83\/100\n|-clearboost|p2b: Primarina\n|\n|-heal|p2b: Primarina|89\/100|[from] item: Leftovers\n|upkeep\n|\n|t:|1728439790\n|switch|p1b: Dusclops|Dusclops, L50, F|100\/100\n|switch|p2a: Dragonite|Dragonite, L50, M|100\/100\n|-item|p2a: Dragonite|Lum Berry|[from] ability: Frisk|[of] p1b: Dusclops\n|-item|p2b: Primarina|Leftovers|[from] ability: Frisk|[of] p1b: Dusclops\n|turn|3\n|inactive|Rgktest has 30 seconds left.\n|inactive|Rgktest has 20 seconds left.\n|\n|t:|1728439829\n|-terastallize|p2a: Dragonite|Flying\n|-terastallize|p1a: Amoonguss|Water\n|move|p2a: Dragonite|Tera Blast|p1a: Amoonguss|[anim] Tera Blast Flying\n|-damage|p1a: Amoonguss|28\/100\n|move|p2b: Primarina|Calm Mind|p2b: Primarina\n|-boost|p2b: Primarina|spa|1\n|-boost|p2b: Primarina|spd|1\n|move|p1a: Amoonguss|Spore|p2b: Primarina\n|-status|p2b: Primarina|slp|[from] move: Spore\n|move|p1b: Dusclops|Trick Room|p1b: Dusclops\n|-fieldstart|move: Trick Room|[of] p1b: Dusclops\n|\n|-heal|p2b: Primarina|95\/100 slp|[from] item: Leftovers\n|upkeep\n|turn|4\n|inactive|Rgktest has 30 seconds left.\n|\n|t:|1728439861\n|switch|p1a: Ursaluna|Ursaluna-Bloodmoon, L50, M|100\/100\n|move|p2a: Dragonite|Extreme Speed|p1a: Ursaluna\n|-damage|p1a: Ursaluna|79\/100\n|move|p1b: Dusclops|Pain Split|p2a: Dragonite\n|-sethp|p2a: Dragonite|87\/100|[from] move: Pain Split|[silent]\n|-sethp|p1b: Dusclops|100\/100|[from] move: Pain Split\n|cant|p2b: Primarina|slp\n|\n|-heal|p2b: Primarina|100\/100 slp|[from] item: Leftovers\n|upkeep\n|turn|5\n|\n|t:|1728439880\n|move|p2a: Dragonite|Extreme Speed|p1a: Ursaluna\n|-damage|p1a: Ursaluna|56\/100\n|move|p1b: Dusclops|Brick Break|p1a: Ursaluna\n|-supereffective|p1a: Ursaluna\n|-crit|p1a: Ursaluna\n|-damage|p1a: Ursaluna|32\/100\n|-enditem|p1a: Ursaluna|Weakness Policy\n|-boost|p1a: Ursaluna|atk|2|[from] item: Weakness Policy\n|-boost|p1a: Ursaluna|spa|2|[from] item: Weakness Policy\n|move|p1a: Ursaluna|Blood Moon|p2b: Primarina\n|-damage|p2b: Primarina|6\/100 slp\n|-curestatus|p2b: Primarina|slp|[msg]\n|move|p2b: Primarina|Hyper Voice|p1b: Dusclops|[spread] p1a,p1b\n|-supereffective|p1a: Ursaluna\n|-damage|p1a: Ursaluna|0 fnt\n|-damage|p1b: Dusclops|67\/100\n|faint|p1a: Ursaluna\n|\n|-heal|p2b: Primarina|12\/100|[from] item: Leftovers\n|upkeep\n|\n|t:|1728439884\n|switch|p1a: Amoonguss|Amoonguss, L50, M, tera:Water|61\/100\n|turn|6\n|\n|t:|1728439906\n|move|p2b: Primarina|Protect|p2b: Primarina\n|-singleturn|p2b: Primarina|Protect\n|move|p1b: Dusclops|Will-O-Wisp|p2a: Dragonite\n|-status|p2a: Dragonite|brn\n|-enditem|p2a: Dragonite|Lum Berry|[eat]\n|-curestatus|p2a: Dragonite|brn|[msg]\n|move|p1a: Amoonguss|Spore|p2a: Dragonite\n|-status|p2a: Dragonite|slp|[from] move: Spore\n|cant|p2a: Dragonite|slp\n|\n|-heal|p2b: Primarina|18\/100|[from] item: Leftovers\n|upkeep\n|turn|7\n|j| notthealtaccount\n|j| Nido_kingj\n|inactive|Rgktest has 30 seconds left.\n|inactive|moon7777alt2 has 30 seconds left.\n|\n|t:|1728439939\n|cant|p2a: Dragonite|slp\n|move|p1b: Dusclops|Brick Break|p2b: Primarina\n|-resisted|p2b: Primarina\n|-damage|p2b: Primarina|12\/100\n|move|p1a: Amoonguss|Clear Smog|p2b: Primarina\n|-supereffective|p2b: Primarina\n|-damage|p2b: Primarina|0 fnt\n|-clearboost|p2b: Primarina\n|faint|p2b: Primarina\n|\n|-fieldend|move: Trick Room\n|upkeep\n|\n|t:|1728439949\n|switch|p2b: Sneasler|Sneasler, L50, F|100\/100\n|turn|8\n|inactive|Rgktest has 30 seconds left.\n|\n|t:|1728439974\n|move|p2b: Sneasler|Close Combat|p1a: Amoonguss\n|-damage|p1a: Amoonguss|9\/100\n|-unboost|p2b: Sneasler|def|1\n|-unboost|p2b: Sneasler|spd|1\n|cant|p2a: Dragonite|slp\n|move|p1a: Amoonguss|Pollen Puff|p1b: Dusclops\n|-heal|p1b: Dusclops|100\/100\n|move|p1b: Dusclops|Will-O-Wisp|p2b: Sneasler\n|-status|p2b: Sneasler|brn\n|\n|-damage|p2b: Sneasler|95\/100 brn|[from] brn\n|upkeep\n|turn|9\n|inactive|Rgktest has 30 seconds left.\n|inactive|Rgktest has 20 seconds left.\n|\n|t:|1728440012\n|move|p2b: Sneasler|Dire Claw|p1a: Amoonguss\n|-damage|p1a: Amoonguss|0 fnt\n|faint|p1a: Amoonguss\n|-curestatus|p2a: Dragonite|slp|[msg]\n|move|p2a: Dragonite|Tera Blast|p1b: Dusclops|[anim] Tera Blast Flying\n|-damage|p1b: Dusclops|66\/100\n|move|p1b: Dusclops|Will-O-Wisp|p2a: Dragonite\n|-status|p2a: Dragonite|brn\n|\n|-damage|p2b: Sneasler|89\/100 brn|[from] brn\n|-damage|p2a: Dragonite|81\/100 brn|[from] brn\n|upkeep\n|turn|10\n|\n|t:|1728440030\n|move|p2b: Sneasler|Dire Claw|p1b: Dusclops\n|-resisted|p1b: Dusclops\n|-damage|p1b: Dusclops|61\/100\n|-status|p1b: Dusclops|psn\n|move|p2a: Dragonite|Dragon Dance|p2a: Dragonite\n|-boost|p2a: Dragonite|atk|1\n|-boost|p2a: Dragonite|spe|1\n|move|p1b: Dusclops|Trick Room|p1b: Dusclops\n|-fieldstart|move: Trick Room|[of] p1b: Dusclops\n|\n|-damage|p1b: Dusclops|49\/100 psn|[from] psn\n|-damage|p2a: Dragonite|75\/100 brn|[from] brn\n|-damage|p2b: Sneasler|83\/100 brn|[from] brn\n|upkeep\n|turn|11\n|\n|t:|1728440044\n|move|p1b: Dusclops|Pain Split|p2a: Dragonite\n|-sethp|p2a: Dragonite|56\/100 brn|[from] move: Pain Split|[silent]\n|-sethp|p1b: Dusclops|75\/100 psn|[from] move: Pain Split\n|move|p2a: Dragonite|Dragon Dance|p2a: Dragonite\n|-boost|p2a: Dragonite|atk|1\n|-boost|p2a: Dragonite|spe|1\n|move|p2b: Sneasler|Coaching|p2a: Dragonite\n|-boost|p2a: Dragonite|atk|1\n|-boost|p2a: Dragonite|def|1\n|\n|-damage|p1b: Dusclops|62\/100 psn|[from] psn\n|-damage|p2b: Sneasler|77\/100 brn|[from] brn\n|-damage|p2a: Dragonite|49\/100 brn|[from] brn\n|upkeep\n|turn|12\n|j| CadennedaC\n|\n|t:|1728440061\n|move|p1b: Dusclops|Brick Break|p2a: Dragonite\n|-resisted|p2a: Dragonite\n|-damage|p2a: Dragonite|46\/100 brn\n|move|p2b: Sneasler|Coaching|p2a: Dragonite\n|-boost|p2a: Dragonite|atk|1\n|-boost|p2a: Dragonite|def|1\n|move|p2a: Dragonite|Dragon Dance|p2a: Dragonite\n|-boost|p2a: Dragonite|atk|1\n|-boost|p2a: Dragonite|spe|1\n|\n|-damage|p1b: Dusclops|50\/100 psn|[from] psn\n|-damage|p2b: Sneasler|72\/100 brn|[from] brn\n|-damage|p2a: Dragonite|40\/100 brn|[from] brn\n|upkeep\n|turn|13\n|l| CadennedaC\n|\n|t:|1728440070\n|move|p1b: Dusclops|Pain Split|p2b: Sneasler\n|-sethp|p2b: Sneasler|59\/100 brn|[from] move: Pain Split|[silent]\n|-sethp|p1b: Dusclops|63\/100 psn|[from] move: Pain Split\n|move|p2b: Sneasler|Coaching|p2a: Dragonite\n|-boost|p2a: Dragonite|atk|1\n|-boost|p2a: Dragonite|def|1\n|move|p2a: Dragonite|Tera Blast|p1b: Dusclops|[anim] Tera Blast Flying\n|-damage|p1b: Dusclops|0 fnt\n|faint|p1b: Dusclops\n|\n|win|moon7777alt2\n|raw|Rgktest's rating: 1710 &rarr; <strong>1692<\/strong><br \/>(-18 for losing)\n|raw|moon7777alt2's rating: 1750 &rarr; <strong>1768<\/strong><br \/>(+18 for winning)\n|l| notthealtaccount\n|l|\u2606Rgktest\n|player|p1|\n|l|\u2606moon7777alt2\n|player|p2|\n|l| Nido_kingj\n","uploadtime":1728440281,"views":17,"formatid":"gen9vgc2024regh","rating":1692,"private":0,"password":null}