{"id":"gen9vgc2024regh-2218734982","format":"[Gen 9] VGC 2024 Reg H","players":["sawawa256","nickbattlesmons"],"log":"|j|\u2606sawawa256\n|j|\u2606nickbattlesmons\n|t:|1728412991\n|gametype|doubles\n|player|p1|sawawa256|hilbert|1663\n|player|p2|nickbattlesmons|102|1725\n|teamsize|p1|6\n|teamsize|p2|6\n|gen|9\n|tier|[Gen 9] VGC 2024 Reg H\n|rated|\n|rule|Species Clause: Limit one of each Pok\u00e9mon\n|rule|Item Clause: Limit 1 of each item\n|clearpoke\n|poke|p1|Rillaboom, L50, F|\n|poke|p1|Gholdengo, L50|\n|poke|p1|Maushold-Four, L50|\n|poke|p1|Dragonite, L50, F|\n|poke|p1|Garchomp, L50, F|\n|poke|p1|Ursaluna-Bloodmoon, L50, M|\n|poke|p2|Porygon2, L50|\n|poke|p2|Ursaluna, L50, M|\n|poke|p2|Volcarona, L50, M|\n|poke|p2|Grimmsnarl, L50, M|\n|poke|p2|Annihilape, L50, M|\n|poke|p2|Gholdengo, L50|\n|teampreview|4\n|inactive|Battle timer is ON: inactive players will automatically lose when time's up. (requested by nickbattlesmons)\n|\n|t:|1728413023\n|start\n|switch|p1a: Gholdengo|Gholdengo, L50|100\/100\n|switch|p1b: Maushold|Maushold-Four, L50|100\/100\n|switch|p2a: Grimmsnarl|Grimmsnarl, L50, M|100\/100\n|switch|p2b: Porygon2|Porygon2, L50, shiny|100\/100\n|-ability|p2b: Porygon2|Friend Guard|[from] ability: Trace|[of] p1b: Maushold\n|turn|1\n|inactive|nickbattlesmons has 30 seconds left.\n|\n|t:|1728413056\n|-terastallize|p2a: Grimmsnarl|Steel\n|move|p2a: Grimmsnarl|Taunt|p1b: Maushold\n|-start|p1b: Maushold|move: Taunt\n|cant|p1b: Maushold|move: Taunt|Taunt\n|move|p1a: Gholdengo|Flash Cannon|p2a: Grimmsnarl\n|-resisted|p2a: Grimmsnarl\n|-damage|p2a: Grimmsnarl|77\/100\n|move|p2b: Porygon2|Trick Room|p2b: Porygon2\n|-fieldstart|move: Trick Room|[of] p2b: Porygon2\n|\n|upkeep\n|turn|2\n|\n|t:|1728413067\n|switch|p2b: Ursaluna|Ursaluna, L50, M|100\/100\n|switch|p1a: Ursaluna|Ursaluna-Bloodmoon, L50, M|100\/100\n|move|p2a: Grimmsnarl|Light Screen|p2a: Grimmsnarl\n|-sidestart|p2: nickbattlesmons|move: Light Screen\n|move|p1b: Maushold|Super Fang|p2b: Ursaluna\n|-damage|p2b: Ursaluna|51\/100\n|\n|-status|p2b: Ursaluna|brn|[from] item: Flame Orb\n|upkeep\n|turn|3\n|inactive|nickbattlesmons has 30 seconds left.\n|\n|t:|1728413093\n|switch|p1b: Rillaboom|Rillaboom, L50, F|100\/100\n|-fieldstart|move: Grassy Terrain|[from] ability: Grassy Surge|[of] p1b: Rillaboom\n|move|p1a: Ursaluna|Protect|p1a: Ursaluna\n|-singleturn|p1a: Ursaluna|Protect\n|move|p2b: Ursaluna|Facade|p1a: Ursaluna\n|-activate|p1a: Ursaluna|move: Protect\n|move|p2a: Grimmsnarl|Spirit Break|p1a: Ursaluna\n|-activate|p1a: Ursaluna|move: Protect\n|\n|-heal|p2b: Ursaluna|57\/100 brn|[from] Grassy Terrain\n|-heal|p2a: Grimmsnarl|83\/100|[from] Grassy Terrain\n|-damage|p2b: Ursaluna|51\/100 brn|[from] brn\n|upkeep\n|turn|4\n|\n|t:|1728413111\n|switch|p2b: Gholdengo|Gholdengo, L50|100\/100\n|move|p2a: Grimmsnarl|Reflect|p2a: Grimmsnarl\n|-sidestart|p2: nickbattlesmons|Reflect\n|move|p1b: Rillaboom|Grassy Glide|p2b: Gholdengo\n|-resisted|p2b: Gholdengo\n|-damage|p2b: Gholdengo|88\/100\n|move|p1a: Ursaluna|Earth Power|p2a: Grimmsnarl\n|-supereffective|p2a: Grimmsnarl\n|-damage|p2a: Grimmsnarl|23\/100\n|\n|-heal|p2a: Grimmsnarl|29\/100|[from] Grassy Terrain\n|-heal|p2b: Gholdengo|94\/100|[from] Grassy Terrain\n|upkeep\n|turn|5\n|j| ChromeBone\n|inactive|sawawa256 has 30 seconds left.\n|\n|t:|1728413144\n|switch|p1b: Maushold|Maushold-Four, L50|100\/100\n|move|p2a: Grimmsnarl|Spirit Break|p1a: Ursaluna\n|-damage|p1a: Ursaluna|83\/100\n|-unboost|p1a: Ursaluna|spa|1\n|move|p1a: Ursaluna|Earth Power|p2b: Gholdengo\n|-supereffective|p2b: Gholdengo\n|-damage|p2b: Gholdengo|43\/100\n|move|p2b: Gholdengo|Make It Rain|p1b: Maushold|[spread] p1a,p1b\n|-damage|p1a: Ursaluna|25\/100\n|-damage|p1b: Maushold|15\/100\n|-unboost|p2b: Gholdengo|spa|1\n|\n|-heal|p2a: Grimmsnarl|35\/100|[from] Grassy Terrain\n|-heal|p1a: Ursaluna|32\/100|[from] Grassy Terrain\n|-heal|p2b: Gholdengo|49\/100|[from] Grassy Terrain\n|-heal|p1b: Maushold|21\/100|[from] Grassy Terrain\n|-fieldend|move: Trick Room\n|upkeep\n|turn|6\n|inactive|sawawa256 has 30 seconds left.\n|\n|t:|1728413172\n|switch|p2b: Porygon2|Porygon2, L50, shiny|100\/100\n|-ability|p2b: Porygon2|Mind's Eye|[from] ability: Trace|[of] p1a: Ursaluna\n|move|p1b: Maushold|Follow Me|p1b: Maushold\n|-singleturn|p1b: Maushold|move: Follow Me\n|move|p2a: Grimmsnarl|Taunt|p1b: Maushold\n|-start|p1b: Maushold|move: Taunt\n|move|p1a: Ursaluna|Earth Power|p2b: Porygon2\n|-damage|p2b: Porygon2|87\/100\n|\n|-heal|p1b: Maushold|28\/100|[from] Grassy Terrain\n|-heal|p1a: Ursaluna|38\/100|[from] Grassy Terrain\n|-heal|p2b: Porygon2|93\/100|[from] Grassy Terrain\n|-heal|p2a: Grimmsnarl|41\/100|[from] Grassy Terrain\n|upkeep\n|turn|7\n|\n|t:|1728413191\n|move|p1b: Maushold|Super Fang|p2b: Porygon2\n|-damage|p2b: Porygon2|47\/100\n|move|p1a: Ursaluna|Earth Power|p2a: Grimmsnarl\n|-supereffective|p2a: Grimmsnarl\n|-damage|p2a: Grimmsnarl|1\/100\n|move|p2a: Grimmsnarl|Spirit Break|p1a: Ursaluna\n|-damage|p1a: Ursaluna|20\/100\n|-unboost|p1a: Ursaluna|spa|1\n|move|p2b: Porygon2|Trick Room|p2b: Porygon2\n|-fieldstart|move: Trick Room|[of] p2b: Porygon2\n|\n|-heal|p2a: Grimmsnarl|7\/100|[from] Grassy Terrain\n|-heal|p2b: Porygon2|53\/100|[from] Grassy Terrain\n|-heal|p1a: Ursaluna|26\/100|[from] Grassy Terrain\n|-heal|p1b: Maushold|34\/100|[from] Grassy Terrain\n|-fieldend|move: Grassy Terrain\n|upkeep\n|turn|8\n|\n|t:|1728413209\n|switch|p2a: Ursaluna|Ursaluna, L50, M|51\/100 brn\n|move|p2b: Porygon2|Tri Attack|p1b: Maushold\n|-damage|p1b: Maushold|0 fnt\n|faint|p1b: Maushold\n|move|p1a: Ursaluna|Earth Power|p2a: Ursaluna\n|-damage|p2a: Ursaluna|34\/100 brn\n|-unboost|p2a: Ursaluna|spd|1\n|\n|-damage|p2a: Ursaluna|28\/100 brn|[from] brn\n|upkeep\n|\n|t:|1728413222\n|switch|p1b: Rillaboom|Rillaboom, L50, F|100\/100\n|-fieldstart|move: Grassy Terrain|[from] ability: Grassy Surge|[of] p1b: Rillaboom\n|turn|9\n|\n|t:|1728413239\n|switch|p1a: Gholdengo|Gholdengo, L50|100\/100\n|move|p2a: Ursaluna|Protect|p2a: Ursaluna\n|-singleturn|p2a: Ursaluna|Protect\n|move|p1b: Rillaboom|Grassy Glide|p2a: Ursaluna\n|-activate|p2a: Ursaluna|move: Protect\n|move|p2b: Porygon2|Tri Attack|p1a: Gholdengo\n|-resisted|p1a: Gholdengo\n|-damage|p1a: Gholdengo|81\/100\n|\n|-heal|p2a: Ursaluna|34\/100 brn|[from] Grassy Terrain\n|-heal|p2b: Porygon2|59\/100|[from] Grassy Terrain\n|-heal|p1a: Gholdengo|87\/100|[from] Grassy Terrain\n|-damage|p2a: Ursaluna|28\/100 brn|[from] brn\n|-sideend|p2: nickbattlesmons|move: Light Screen\n|upkeep\n|turn|10\n|inactive|sawawa256 has 30 seconds left.\n|\n|t:|1728413270\n|move|p1b: Rillaboom|Grassy Glide|p2a: Ursaluna\n|-supereffective|p2a: Ursaluna\n|-damage|p2a: Ursaluna|0 fnt\n|faint|p2a: Ursaluna\n|move|p2b: Porygon2|Shadow Ball|p1a: Gholdengo\n|-supereffective|p1a: Gholdengo\n|-crit|p1a: Gholdengo\n|-damage|p1a: Gholdengo|15\/100\n|-unboost|p1a: Gholdengo|spd|1\n|move|p1a: Gholdengo|Flash Cannon|p2b: Porygon2\n|-damage|p2b: Porygon2|17\/100\n|\n|-heal|p2b: Porygon2|23\/100|[from] Grassy Terrain\n|-heal|p1a: Gholdengo|21\/100|[from] Grassy Terrain\n|upkeep\n|\n|t:|1728413282\n|switch|p2a: Gholdengo|Gholdengo, L50|49\/100\n|turn|11\n|\n|t:|1728413294\n|-terastallize|p1b: Rillaboom|Fire\n|move|p2b: Porygon2|Recover|p2b: Porygon2\n|-heal|p2b: Porygon2|73\/100\n|move|p1b: Rillaboom|High Horsepower|p2a: Gholdengo\n|-supereffective|p2a: Gholdengo\n|-damage|p2a: Gholdengo|0 fnt\n|faint|p2a: Gholdengo\n|move|p1a: Gholdengo|Flash Cannon|p2b: Porygon2\n|-damage|p2b: Porygon2|30\/100\n|-unboost|p2b: Porygon2|spd|1\n|\n|-heal|p2b: Porygon2|36\/100|[from] Grassy Terrain\n|-heal|p1a: Gholdengo|27\/100|[from] Grassy Terrain\n|-sideend|p2: nickbattlesmons|Reflect\n|-fieldend|move: Trick Room\n|upkeep\n|-message|nickbattlesmons forfeited.\n|\n|win|sawawa256\n|raw|sawawa256's rating: 1663 &rarr; <strong>1687<\/strong><br \/>(+24 for winning)\n|raw|nickbattlesmons's rating: 1725 &rarr; <strong>1701<\/strong><br \/>(-24 for losing)\n|l|\u2606nickbattlesmons\n|player|p2|\n|l| ChromeBone\n|l|\u2606sawawa256\n|player|p1|\n","uploadtime":1728413443,"views":12,"formatid":"gen9vgc2024regh","rating":1687,"private":0,"password":null}