{"id":"gen9vgc2024regh-2218244832","format":"[Gen 9] VGC 2024 Reg H","players":["jhdreamer","badayagetchi"],"log":"|j|\u2606jhdreamer\n|j|\u2606badayagetchi\n|t:|1728354293\n|gametype|doubles\n|player|p1|jhdreamer|102|1718\n|player|p2|badayagetchi|skyla|1873\n|teamsize|p1|6\n|teamsize|p2|6\n|gen|9\n|tier|[Gen 9] VGC 2024 Reg H\n|rated|\n|rule|Species Clause: Limit one of each Pok\u00e9mon\n|rule|Item Clause: Limit 1 of each item\n|clearpoke\n|poke|p1|Torkoal, L50, M|\n|poke|p1|Gardevoir, L50, F|\n|poke|p1|Gallade, L50, M|\n|poke|p1|Ursaluna, L50, M|\n|poke|p1|Talonflame, L50, M|\n|poke|p1|Indeedee-F, L50, F|\n|poke|p2|Arcanine-Hisui, L50, M|\n|poke|p2|Pelipper, L50, M|\n|poke|p2|Umbreon, L50, M|\n|poke|p2|Ursaluna-Bloodmoon, L50, M|\n|poke|p2|Clefable, L50, F|\n|poke|p2|Archaludon, L50, M|\n|teampreview|4\n|inactive|Battle timer is ON: inactive players will automatically lose when time's up. (requested by badayagetchi)\n|\n|t:|1728354320\n|start\n|switch|p1a: Gallade|Gallade, L50, M|100\/100\n|switch|p1b: Indeedee|Indeedee-F, L50, F|100\/100\n|switch|p2a: Ursaluna|Ursaluna-Bloodmoon, L50, M|100\/100\n|switch|p2b: Umbreon|Umbreon, L50, M, shiny|100\/100\n|-fieldstart|move: Psychic Terrain|[from] ability: Psychic Surge|[of] p1b: Indeedee\n|turn|1\n|j| roykeenkennedy\n|\n|t:|1728354342\n|-terastallize|p2a: Ursaluna|Ghost\n|move|p1b: Indeedee|Follow Me|p1b: Indeedee\n|-singleturn|p1b: Indeedee|move: Follow Me\n|move|p1a: Gallade|Sacred Sword|p2a: Ursaluna\n|-immune|p2a: Ursaluna\n|move|p2b: Umbreon|Taunt|p1b: Indeedee\n|-start|p1b: Indeedee|move: Taunt\n|move|p2a: Ursaluna|Blood Moon|p1b: Indeedee\n|-damage|p1b: Indeedee|31\/100\n|\n|upkeep\n|turn|2\n|\n|t:|1728354355\n|switch|p2b: Archaludon|Archaludon, L50, M|100\/100\n|move|p1b: Indeedee|Psychic|p2a: Ursaluna\n|-damage|p2a: Ursaluna|77\/100\n|move|p1a: Gallade|Psycho Cut|p2a: Ursaluna\n|-crit|p2a: Ursaluna\n|-damage|p2a: Ursaluna|0 fnt\n|faint|p2a: Ursaluna\n|\n|upkeep\n|\n|t:|1728354362\n|switch|p2a: Arcanine|Arcanine-Hisui, L50, M, shiny|100\/100\n|turn|3\n|\n|t:|1728354380\n|-terastallize|p1a: Gallade|Steel\n|move|p2a: Arcanine|Flare Blitz|p1a: Gallade\n|-supereffective|p1a: Gallade\n|-damage|p1a: Gallade|0 fnt\n|faint|p1a: Gallade\n|move|p2b: Archaludon|Electro Shot||[still]\n|-prepare|p2b: Archaludon|Electro Shot\n|-boost|p2b: Archaludon|spa|1\n|-enditem|p2b: Archaludon|Power Herb\n|-anim|p2b: Archaludon|Electro Shot|p1b: Indeedee\n|-damage|p1b: Indeedee|0 fnt\n|faint|p1b: Indeedee\n|\n|upkeep\n|\n|t:|1728354385\n|switch|p1b: Gardevoir|Gardevoir, L50, F, shiny|100\/100\n|switch|p1a: Torkoal|Torkoal, L50, M|100\/100\n|-weather|SunnyDay|[from] ability: Drought|[of] p1a: Torkoal\n|turn|4\n|\n|t:|1728354393\n|move|p1a: Torkoal|Protect|p1a: Torkoal\n|-singleturn|p1a: Torkoal|Protect\n|move|p2a: Arcanine|Head Smash|p1a: Torkoal\n|-activate|p1a: Torkoal|move: Protect\n|move|p2b: Archaludon|Flash Cannon|p1b: Gardevoir\n|-supereffective|p1b: Gardevoir\n|-damage|p1b: Gardevoir|0 fnt\n|faint|p1b: Gardevoir\n|\n|-weather|SunnyDay|[upkeep]\n|upkeep\n|turn|5\n|l|\u2606jhdreamer\n|inactive|jhdreamer disconnected and has a minute to reconnect!\n|player|p1|\n|j| Crescent29\n|l| roykeenkennedy\n|inactive|jhdreamer has 30 seconds left.\n|j| Surve\n|inactive|jhdreamer has 20 seconds left.\n|inactive|jhdreamer has 15 seconds left.\n|inactive|jhdreamer has 10 seconds left.\n|inactive|jhdreamer has 5 seconds left.\n|-message|jhdreamer lost due to inactivity.\n|\n|win|badayagetchi\n|raw|jhdreamer's rating: 1718 &rarr; <strong>1706<\/strong><br \/>(-12 for losing)\n|raw|badayagetchi's rating: 1873 &rarr; <strong>1885<\/strong><br \/>(+12 for winning)\n|l| Crescent29\n|l|\u2606badayagetchi\n|player|p2|\n","uploadtime":1728354688,"views":59,"formatid":"gen9vgc2024regh","rating":1706,"private":0,"password":null}