{"id":"gen9vgc2024regh-2218497976","format":"[Gen 9] VGC 2024 Reg H","players":["lich3n","tyuiop112"],"log":"|j|\u2606lich3n\n|j|\u2606tyuiop112\n|t:|1728392061\n|gametype|doubles\n|player|p1|lich3n|veteranf|1658\n|player|p2|tyuiop112|linebacker|1723\n|teamsize|p1|6\n|teamsize|p2|6\n|gen|9\n|tier|[Gen 9] VGC 2024 Reg H\n|rated|\n|rule|Species Clause: Limit one of each Pok\u00e9mon\n|rule|Item Clause: Limit 1 of each item\n|clearpoke\n|poke|p1|Volcarona, L50, M|\n|poke|p1|Grimmsnarl, L50, M|\n|poke|p1|Annihilape, L50, M|\n|poke|p1|Gholdengo, L50|\n|poke|p1|Ursaluna, L50, F|\n|poke|p1|Porygon2, L50|\n|poke|p2|Annihilape, L50, M|\n|poke|p2|Maushold-Four, L50|\n|poke|p2|Grimmsnarl, L50, M|\n|poke|p2|Sinistcha, L50|\n|poke|p2|Archaludon, L50, M|\n|poke|p2|Talonflame, L50, F|\n|teampreview|4\n|inactive|Battle timer is ON: inactive players will automatically lose when time's up. (requested by lich3n)\n|j| wwwsssnnn\n|\n|t:|1728392122\n|start\n|switch|p1a: Volcarona|Volcarona, L50, M|100\/100\n|switch|p1b: Gholdengo|Gholdengo, L50|100\/100\n|switch|p2a: Annihilape|Annihilape, L50, M|100\/100\n|switch|p2b: Grimmsnarl|Grimmsnarl, L50, M|100\/100\n|turn|1\n|\n|t:|1728392144\n|move|p2a: Annihilape|Protect|p2a: Annihilape\n|-singleturn|p2a: Annihilape|Protect\n|move|p1b: Gholdengo|Protect|p1b: Gholdengo\n|-singleturn|p1b: Gholdengo|Protect\n|move|p2b: Grimmsnarl|Light Screen|p2b: Grimmsnarl\n|-sidestart|p2: tyuiop112|move: Light Screen\n|move|p1a: Volcarona|Will-O-Wisp|p2a: Annihilape\n|-activate|p2a: Annihilape|move: Protect\n|\n|upkeep\n|turn|2\n|\n|t:|1728392160\n|move|p1a: Volcarona|Rage Powder|p1a: Volcarona\n|-singleturn|p1a: Volcarona|move: Rage Powder\n|move|p2b: Grimmsnarl|Misty Terrain|p2b: Grimmsnarl\n|-fieldstart|move: Misty Terrain\n|move|p2a: Annihilape|Bulk Up|p2a: Annihilape\n|-boost|p2a: Annihilape|atk|1\n|-boost|p2a: Annihilape|def|1\n|move|p1b: Gholdengo|Nasty Plot|p1b: Gholdengo\n|-boost|p1b: Gholdengo|spa|2\n|\n|upkeep\n|turn|3\n|inactive|tyuiop112 has 30 seconds left.\n|\n|t:|1728392193\n|move|p1a: Volcarona|Rage Powder|p1a: Volcarona\n|-singleturn|p1a: Volcarona|move: Rage Powder\n|move|p2a: Annihilape|Rage Fist|p1a: Volcarona\n|-damage|p1a: Volcarona|68\/100\n|-damage|p2a: Annihilape|84\/100|[from] item: Rocky Helmet|[of] p1a: Volcarona\n|move|p1b: Gholdengo|Nasty Plot|p1b: Gholdengo\n|-boost|p1b: Gholdengo|spa|2\n|move|p2b: Grimmsnarl|Spirit Break|p1a: Volcarona\n|-resisted|p1a: Volcarona\n|-damage|p1a: Volcarona|49\/100\n|-unboost|p1a: Volcarona|spa|1\n|-damage|p2b: Grimmsnarl|84\/100|[from] item: Rocky Helmet|[of] p1a: Volcarona\n|\n|-heal|p2a: Annihilape|90\/100|[from] item: Leftovers\n|upkeep\n|turn|4\n|inactive|tyuiop112 has 30 seconds left.\n|\n|t:|1728392225\n|move|p2a: Annihilape|Protect|p2a: Annihilape\n|-singleturn|p2a: Annihilape|Protect\n|move|p1a: Volcarona|Rage Powder|p1a: Volcarona\n|-singleturn|p1a: Volcarona|move: Rage Powder\n|move|p1b: Gholdengo|Shadow Ball|p2a: Annihilape\n|-activate|p2a: Annihilape|move: Protect\n|move|p2b: Grimmsnarl|Spirit Break|p1a: Volcarona\n|-resisted|p1a: Volcarona\n|-damage|p1a: Volcarona|30\/100\n|-unboost|p1a: Volcarona|spa|1\n|-damage|p2b: Grimmsnarl|68\/100|[from] item: Rocky Helmet|[of] p1a: Volcarona\n|\n|-heal|p2a: Annihilape|96\/100|[from] item: Leftovers\n|upkeep\n|turn|5\n|\n|t:|1728392249\n|-terastallize|p2a: Annihilape|Steel\n|move|p1a: Volcarona|Rage Powder|p1a: Volcarona\n|-singleturn|p1a: Volcarona|move: Rage Powder\n|move|p2a: Annihilape|Rage Fist|p1a: Volcarona\n|-damage|p1a: Volcarona|0 fnt\n|-damage|p2a: Annihilape|80\/100|[from] item: Rocky Helmet|[of] p1a: Volcarona\n|faint|p1a: Volcarona\n|move|p1b: Gholdengo|Shadow Ball|p2a: Annihilape\n|-damage|p2a: Annihilape|0 fnt\n|faint|p2a: Annihilape\n|move|p2b: Grimmsnarl|Spirit Break|p1b: Gholdengo\n|-resisted|p1b: Gholdengo\n|-damage|p1b: Gholdengo|85\/100\n|-unboost|p1b: Gholdengo|spa|1\n|\n|upkeep\n|\n|t:|1728392267\n|switch|p1a: Porygon2|Porygon2, L50|100\/100\n|switch|p2a: Archaludon|Archaludon, L50, M|100\/100\n|-ability|p1a: Porygon2|Download|boost\n|-boost|p1a: Porygon2|spa|1\n|turn|6\n|\n|t:|1728392286\n|switch|p2b: Sinistcha|Sinistcha, L50|100\/100\n|move|p2a: Archaludon|Electro Shot||[still]\n|-prepare|p2a: Archaludon|Electro Shot\n|-boost|p2a: Archaludon|spa|1\n|-enditem|p2a: Archaludon|Power Herb\n|-anim|p2a: Archaludon|Electro Shot|p1b: Gholdengo\n|-damage|p1b: Gholdengo|15\/100\n|move|p1b: Gholdengo|Make It Rain|p2a: Archaludon|[spread] p2a,p2b\n|-resisted|p2a: Archaludon\n|-damage|p2a: Archaludon|31\/100\n|-damage|p2b: Sinistcha|0 fnt\n|-unboost|p1b: Gholdengo|spa|1\n|-ability|p2a: Archaludon|Stamina|boost\n|-boost|p2a: Archaludon|def|1\n|faint|p2b: Sinistcha\n|move|p1a: Porygon2|Trick Room|p1a: Porygon2\n|-fieldstart|move: Trick Room|[of] p1a: Porygon2\n|\n|-fieldend|Misty Terrain\n|upkeep\n|\n|t:|1728392299\n|switch|p2b: Grimmsnarl|Grimmsnarl, L50, M|68\/100\n|turn|7\n|-message|tyuiop112 forfeited.\n|\n|win|lich3n\n|raw|lich3n's rating: 1658 &rarr; <strong>1682<\/strong><br \/>(+24 for winning)\n|raw|tyuiop112's rating: 1723 &rarr; <strong>1699<\/strong><br \/>(-24 for losing)\n|l|\u2606tyuiop112\n|player|p2|\n|l|\u2606lich3n\n|player|p1|\n|l| wwwsssnnn\n","uploadtime":1728392481,"views":34,"formatid":"gen9vgc2024regh","rating":1682,"private":0,"password":null}