{"id":"gen9vgc2024regh-2218928094","format":"[Gen 9] VGC 2024 Reg H","players":["moon7777alt2","haseulism"],"log":"|j|\u2606moon7777alt2\n|j|\u2606haseulism\n|t:|1728432689\n|gametype|doubles\n|player|p1|moon7777alt2|265|1666\n|player|p2|haseulism|skyla|1817\n|teamsize|p1|6\n|teamsize|p2|6\n|gen|9\n|tier|[Gen 9] VGC 2024 Reg H\n|rated|\n|rule|Species Clause: Limit one of each Pok\u00e9mon\n|rule|Item Clause: Limit 1 of each item\n|clearpoke\n|poke|p1|Dragonite, L50, F|\n|poke|p1|Kingambit, L50, F|\n|poke|p1|Basculegion, L50, M|\n|poke|p1|Garchomp, L50, M|\n|poke|p1|Sneasler, L50, F|\n|poke|p1|Comfey, L50, M|\n|poke|p2|Arcanine-Hisui, L50, M|\n|poke|p2|Pelipper, L50, F|\n|poke|p2|Umbreon, L50, M|\n|poke|p2|Ursaluna-Bloodmoon, L50, M|\n|poke|p2|Dragonite, L50, M|\n|poke|p2|Archaludon, L50, F|\n|teampreview|4\n|inactive|Battle timer is ON: inactive players will automatically lose when time's up. (requested by haseulism)\n|j| The_Beast1440\n|inactive|moon7777alt2 has 60 seconds left.\n|l| The_Beast1440\n|inactive|moon7777alt2 has 30 seconds left.\n|\n|t:|1728432756\n|start\n|switch|p1a: Kingambit|Kingambit, L50, F|100\/100\n|switch|p1b: Sneasler|Sneasler, L50, F|100\/100\n|switch|p2a: Dragonite|Dragonite, L50, M|100\/100\n|switch|p2b: Ursaluna|Ursaluna-Bloodmoon, L50, M|100\/100\n|turn|1\n|inactive|moon7777alt2 has 30 seconds left.\n|\n|t:|1728432786\n|move|p1a: Kingambit|Protect|p1a: Kingambit\n|-singleturn|p1a: Kingambit|Protect\n|move|p1b: Sneasler|Coaching|p1a: Kingambit\n|-boost|p1a: Kingambit|atk|1\n|-boost|p1a: Kingambit|def|1\n|move|p2a: Dragonite|Low Kick|p1a: Kingambit\n|-activate|p1a: Kingambit|move: Protect\n|move|p2b: Ursaluna|Earth Power|p1b: Sneasler\n|-supereffective|p1b: Sneasler\n|-enditem|p1b: Sneasler|Focus Sash\n|-damage|p1b: Sneasler|1\/100\n|\n|upkeep\n|turn|2\n|\n|t:|1728432803\n|switch|p1b: Comfey|Comfey, L50, M|100\/100\n|-terastallize|p1a: Kingambit|Dark\n|move|p2b: Ursaluna|Vacuum Wave|p1b: Comfey\n|-resisted|p1b: Comfey\n|-crit|p1b: Comfey\n|-damage|p1b: Comfey|89\/100\n|move|p2a: Dragonite|Haze|p2a: Dragonite\n|-clearallboost\n|move|p1a: Kingambit|Kowtow Cleave|p2b: Ursaluna\n|-damage|p2b: Ursaluna|43\/100\n|\n|upkeep\n|turn|3\n|inactive|moon7777alt2 has 30 seconds left.\n|\n|t:|1728432829\n|move|p1b: Comfey|Draining Kiss|p2b: Ursaluna\n|-damage|p2b: Ursaluna|33\/100\n|-heal|p1b: Comfey|99\/100|[from] drain|[of] p2b: Ursaluna\n|move|p1a: Kingambit|Sucker Punch|p2b: Ursaluna\n|-damage|p2b: Ursaluna|0 fnt\n|faint|p2b: Ursaluna\n|move|p2a: Dragonite|Low Kick|p1a: Kingambit\n|-supereffective|p1a: Kingambit\n|-damage|p1a: Kingambit|44\/100\n|\n|upkeep\n|\n|t:|1728432835\n|switch|p2b: Arcanine|Arcanine-Hisui, L50, M, shiny|100\/100\n|turn|4\n|\n|t:|1728432851\n|move|p1b: Comfey|Floral Healing|p1a: Kingambit\n|-heal|p1a: Kingambit|95\/100\n|move|p1a: Kingambit|Sucker Punch|p2a: Dragonite\n|-damage|p2a: Dragonite|65\/100\n|move|p2b: Arcanine|Head Smash|p1a: Kingambit|[miss]\n|-miss|p2b: Arcanine|p1a: Kingambit\n|move|p2a: Dragonite|Low Kick|p1a: Kingambit\n|-supereffective|p1a: Kingambit\n|-damage|p1a: Kingambit|41\/100\n|\n|upkeep\n|turn|5\n|\n|t:|1728432869\n|move|p1b: Comfey|Floral Healing|p1a: Kingambit\n|-heal|p1a: Kingambit|91\/100\n|move|p1a: Kingambit|Sucker Punch|p2b: Arcanine\n|-damage|p2b: Arcanine|24\/100\n|move|p2b: Arcanine|Head Smash|p1b: Comfey\n|-damage|p1b: Comfey|40\/100\n|move|p2a: Dragonite|Low Kick|p1a: Kingambit\n|-supereffective|p1a: Kingambit\n|-damage|p1a: Kingambit|35\/100\n|\n|upkeep\n|turn|6\n|\n|t:|1728432887\n|move|p1b: Comfey|Floral Healing|p1a: Kingambit\n|-heal|p1a: Kingambit|85\/100\n|move|p1a: Kingambit|Sucker Punch|p2b: Arcanine\n|-damage|p2b: Arcanine|0 fnt\n|faint|p2b: Arcanine\n|move|p2a: Dragonite|Tailwind|p2a: Dragonite\n|-sidestart|p2: haseulism|move: Tailwind\n|\n|upkeep\n|-message|haseulism forfeited.\n|\n|win|moon7777alt2\n|raw|moon7777alt2's rating: 1666 &rarr; <strong>1694<\/strong><br \/>(+28 for winning)\n|raw|haseulism's rating: 1817 &rarr; <strong>1789<\/strong><br \/>(-28 for losing)\n|l|\u2606haseulism\n|player|p2|\n|l|\u2606moon7777alt2\n|player|p1|\n|j|\u2606haseulism\n|player|p2|haseulism|skyla|\n|l|\u2606haseulism\n|player|p2|\n","uploadtime":1728433135,"views":15,"formatid":"gen9vgc2024regh","rating":1694,"private":0,"password":null}