{"id":"gen9vgc2024regh-2218817574","format":"[Gen 9] VGC 2024 Reg H","players":["infinitygroudon","Sparkbladexd"],"log":"|j|\u2606infinitygroudon\n|j|\u2606Sparkbladexd\n|t:|1728420493\n|gametype|doubles\n|player|p1|infinitygroudon|169|1668\n|player|p2|Sparkbladexd|cynthia|1785\n|teamsize|p1|6\n|teamsize|p2|6\n|gen|9\n|tier|[Gen 9] VGC 2024 Reg H\n|rated|\n|rule|Species Clause: Limit one of each Pok\u00e9mon\n|rule|Item Clause: Limit 1 of each item\n|clearpoke\n|poke|p1|Krookodile, L50, M|\n|poke|p1|Clefairy, L50, F|\n|poke|p1|Smeargle, L50, M|\n|poke|p1|Flamigo, L50, F|\n|poke|p1|Dragonite, L50, F|\n|poke|p1|Dragapult, L50, M|\n|poke|p2|Typhlosion-Hisui, L50, M|\n|poke|p2|Toedscruel, L50, M|\n|poke|p2|Corviknight, L50, M|\n|poke|p2|Weezing-Galar, L50, M|\n|poke|p2|Garchomp, L50, M|\n|poke|p2|Pawmot, L50, M|\n|teampreview|4\n|inactive|Battle timer is ON: inactive players will automatically lose when time's up. (requested by Sparkbladexd)\n|inactive|Sparkbladexd has 60 seconds left.\n|\n|t:|1728420530\n|start\n|switch|p1a: Dragapult|Dragapult, L50, M|100\/100\n|switch|p1b: Flamigo|Flamigo, L50, F|100\/100\n|switch|p2a: Pawmot|Pawmot, L50, M|100\/100\n|switch|p2b: Typhlosion|Typhlosion-Hisui, L50, M|100\/100\n|-item|p1a: Dragapult|Choice Band|[from] ability: Frisk|[of] p2b: Typhlosion\n|-item|p1b: Flamigo|Clear Amulet|[from] ability: Frisk|[of] p2b: Typhlosion\n|-copyboost|p1b: Flamigo|p1a: Dragapult|[from] ability: Costar\n|turn|1\n|\n|t:|1728420552\n|-terastallize|p1a: Dragapult|Dragon\n|move|p2a: Pawmot|Fake Out|p1b: Flamigo\n|-damage|p1b: Flamigo|84\/100\n|cant|p1b: Flamigo|flinch\n|move|p2b: Typhlosion|Shadow Ball|p1a: Dragapult\n|-damage|p1a: Dragapult|42\/100\n|move|p1a: Dragapult|Dragon Darts|p2a: Pawmot\n|-damage|p2a: Pawmot|14\/100\n|-anim|p1a: Dragapult|Dragon Darts|p2b: Typhlosion\n|-damage|p2b: Typhlosion|25\/100\n|\n|upkeep\n|turn|2\n|j| Agent D3 MAX\n|\n|t:|1728420566\n|switch|p1a: Dragonite|Dragonite, L50, F|100\/100\n|switch|p1b: Ramses|Krookodile, L50, M, shiny|100\/100\n|move|p2b: Typhlosion|Shadow Ball|p1a: Dragonite\n|-damage|p1a: Dragonite|81\/100\n|move|p2a: Pawmot|Double Shock|p1b: Ramses\n|-immune|p1b: Ramses\n|\n|upkeep\n|turn|3\n|\n|t:|1728420580\n|switch|p2b: Corviknight|Corviknight, L50, M, shiny|100\/100\n|move|p1a: Dragonite|Extreme Speed|p2a: Pawmot\n|-damage|p2a: Pawmot|0 fnt\n|faint|p2a: Pawmot\n|move|p1b: Ramses|Earthquake|p2b: Corviknight|[spread] \n|-immune|p1a: Dragonite\n|-immune|p2b: Corviknight\n|\n|upkeep\n|\n|t:|1728420595\n|switch|p2a: Typhlosion|Typhlosion-Hisui, L50, M|25\/100\n|-item|p1a: Dragonite|Sitrus Berry|[from] ability: Frisk|[of] p2a: Typhlosion\n|-item|p1b: Ramses|Covert Cloak|[from] ability: Frisk|[of] p2a: Typhlosion\n|turn|4\n|\n|t:|1728420608\n|move|p2a: Typhlosion|Heat Wave|p1b: Ramses|[spread] p1a\n|-miss|p2a: Typhlosion|p1b: Ramses\n|-resisted|p1a: Dragonite\n|-damage|p1a: Dragonite|64\/100\n|move|p1b: Ramses|Knock Off|p2a: Typhlosion\n|-supereffective|p2a: Typhlosion\n|-damage|p2a: Typhlosion|0 fnt\n|-enditem|p2a: Typhlosion|Choice Scarf|[from] move: Knock Off|[of] p1b: Ramses\n|faint|p2a: Typhlosion\n|move|p1a: Dragonite|Tailwind|p1a: Dragonite\n|-sidestart|p1: infinitygroudon|move: Tailwind\n|move|p2b: Corviknight|Brave Bird|p1b: Ramses\n|-damage|p1b: Ramses|45\/100\n|-damage|p2b: Corviknight|83\/100|[from] Recoil\n|\n|upkeep\n|\n|t:|1728420611\n|switch|p2a: Weezing|Weezing-Galar, L50, M|100\/100\n|-ability|p2a: Weezing|Neutralizing Gas\n|turn|5\n|j| DonShitDozo\n|\n|t:|1728420629\n|move|p1a: Dragonite|Extreme Speed|p2a: Weezing\n|-damage|p2a: Weezing|72\/100\n|move|p1b: Ramses|Earthquake|p2a: Weezing|[spread] p2a\n|-immune|p1a: Dragonite\n|-immune|p2b: Corviknight\n|-supereffective|p2a: Weezing\n|-damage|p2a: Weezing|0 fnt\n|faint|p2a: Weezing\n|-end|p2a: Weezing|ability: Neutralizing Gas\n|move|p2b: Corviknight|Tailwind|p2b: Corviknight\n|-sidestart|p2: Sparkbladexd|move: Tailwind\n|\n|upkeep\n|turn|6\n|-message|Sparkbladexd forfeited.\n|\n|win|infinitygroudon\n|raw|infinitygroudon's rating: 1668 &rarr; <strong>1694<\/strong><br \/>(+26 for winning)\n|raw|Sparkbladexd's rating: 1785 &rarr; <strong>1759<\/strong><br \/>(-26 for losing)\n|l|\u2606Sparkbladexd\n|player|p2|\n|l|\u2606infinitygroudon\n|player|p1|\n|l| Agent D3 MAX\n|l| DonShitDozo\n|j| Agent D3 MAX\n|l| Agent D3 MAX\n","uploadtime":1728420818,"views":31,"formatid":"gen9vgc2024regh","rating":1694,"private":0,"password":null}