{"id":"gen9vgc2024regh-2218659053","format":"[Gen 9] VGC 2024 Reg H","players":["Brave12223","sawawa256"],"log":"|j|\u2606Brave12223\n|j|\u2606sawawa256\n|t:|1728406528\n|gametype|doubles\n|player|p1|Brave12223|ingo|1680\n|player|p2|sawawa256|hilbert|1701\n|teamsize|p1|6\n|teamsize|p2|6\n|gen|9\n|tier|[Gen 9] VGC 2024 Reg H\n|rated|\n|rule|Species Clause: Limit one of each Pok\u00e9mon\n|rule|Item Clause: Limit 1 of each item\n|clearpoke\n|poke|p1|Tyranitar, L50, M|\n|poke|p1|Garchomp, L50, F|\n|poke|p1|Talonflame, L50, F|\n|poke|p1|Kingambit, L50, M|\n|poke|p1|Gastrodon, L50, M|\n|poke|p1|Tsareena, L50, F|\n|poke|p2|Rillaboom, L50, F|\n|poke|p2|Gholdengo, L50|\n|poke|p2|Maushold-Four, L50|\n|poke|p2|Dragonite, L50, M|\n|poke|p2|Garchomp, L50, F|\n|poke|p2|Ursaluna-Bloodmoon, L50, M|\n|teampreview|4\n|inactive|Battle timer is ON: inactive players will automatically lose when time's up. (requested by Brave12223)\n|inactive|sawawa256 has 60 seconds left.\n|\n|t:|1728406574\n|start\n|switch|p1a: Talonflame|Talonflame, L50, F|100\/100\n|switch|p1b: Garchomp|Garchomp, L50, F|100\/100\n|switch|p2a: Ursaluna|Ursaluna-Bloodmoon, L50, M|100\/100\n|switch|p2b: Dragonite|Dragonite, L50, M|100\/100\n|turn|1\n|inactive|Brave12223 has 30 seconds left.\n|inactive|Brave12223 has 20 seconds left.\n|inactive|Brave12223 has 15 seconds left.\n|inactive|Brave12223 has 10 seconds left.\n|\n|t:|1728406621\n|move|p1a: Talonflame|Brave Bird|p2b: Dragonite\n|-damage|p2b: Dragonite|81\/100\n|-damage|p1a: Talonflame|95\/100|[from] Recoil\n|move|p1b: Garchomp|Dragon Claw|p2b: Dragonite\n|-supereffective|p2b: Dragonite\n|-damage|p2b: Dragonite|0 fnt\n|faint|p2b: Dragonite\n|move|p2a: Ursaluna|Hyper Voice|p1a: Talonflame|[spread] p1a,p1b\n|-damage|p1a: Talonflame|33\/100\n|-damage|p1b: Garchomp|54\/100\n|\n|upkeep\n|j| Nido_kingj\n|\n|t:|1728406632\n|switch|p2b: Garchomp|Garchomp, L50, F|100\/100\n|turn|2\n|inactive|Brave12223 has 30 seconds left.\n|inactive|Brave12223 has 20 seconds left.\n|inactive|Brave12223 has 15 seconds left.\n|inactive|Brave12223 has 10 seconds left.\n|\n|t:|1728406679\n|move|p2b: Garchomp|Protect|p2b: Garchomp\n|-singleturn|p2b: Garchomp|Protect\n|move|p1a: Talonflame|Tailwind|p1a: Talonflame\n|-sidestart|p1: Brave12223|move: Tailwind\n|move|p1b: Garchomp|Dragon Claw|p2b: Garchomp\n|-activate|p2b: Garchomp|move: Protect\n|move|p2a: Ursaluna|Hyper Voice|p1a: Talonflame|[spread] p1a,p1b\n|-damage|p1a: Talonflame|0 fnt\n|-damage|p1b: Garchomp|2\/100\n|faint|p1a: Talonflame\n|\n|upkeep\n|\n|t:|1728406688\n|switch|p1a: Tsareena|Tsareena, L50, F|100\/100\n|turn|3\n|\n|t:|1728406698\n|-terastallize|p2a: Ursaluna|Normal\n|move|p1b: Garchomp|Dragon Claw|p2b: Garchomp\n|-supereffective|p2b: Garchomp\n|-damage|p2b: Garchomp|0 fnt\n|-damage|p1b: Garchomp|0 fnt|[from] ability: Rough Skin|[of] p2b: Garchomp\n|faint|p2b: Garchomp\n|faint|p1b: Garchomp\n|move|p1a: Tsareena|High Jump Kick|p2a: Ursaluna\n|-supereffective|p2a: Ursaluna\n|-damage|p2a: Ursaluna|33\/100\n|move|p2a: Ursaluna|Hyper Voice|p1a: Tsareena\n|-damage|p1a: Tsareena|19\/100\n|\n|upkeep\n|\n|t:|1728406711\n|switch|p2b: Rillaboom|Rillaboom, L50, F|100\/100\n|switch|p1b: Kingambit|Kingambit, L50, M|100\/100\n|-fieldstart|move: Grassy Terrain|[from] ability: Grassy Surge|[of] p2b: Rillaboom\n|turn|4\n|\n|t:|1728406724\n|move|p2a: Ursaluna|Protect|p2a: Ursaluna\n|-singleturn|p2a: Ursaluna|Protect\n|move|p1a: Tsareena|Triple Axel|p2b: Rillaboom\n|-supereffective|p2b: Rillaboom\n|-damage|p2b: Rillaboom|87\/100\n|-supereffective|p2b: Rillaboom\n|-damage|p2b: Rillaboom|63\/100\n|-supereffective|p2b: Rillaboom\n|-damage|p2b: Rillaboom|25\/100\n|-hitcount|p2b: Rillaboom|3\n|move|p1b: Kingambit|Kowtow Cleave|p2b: Rillaboom\n|-damage|p2b: Rillaboom|0 fnt\n|faint|p2b: Rillaboom\n|\n|-heal|p1a: Tsareena|25\/100|[from] Grassy Terrain\n|-heal|p2a: Ursaluna|39\/100|[from] Grassy Terrain\n|upkeep\n|turn|5\n|-message|sawawa256 forfeited.\n|\n|win|Brave12223\n|raw|Brave12223's rating: 1680 &rarr; <strong>1701<\/strong><br \/>(+21 for winning)\n|raw|sawawa256's rating: 1701 &rarr; <strong>1680<\/strong><br \/>(-21 for losing)\n|l|\u2606Brave12223\n|player|p1|\n|j|\u2606Brave12223\n|player|p1|Brave12223|ingo|\n|l|\u2606Brave12223\n|player|p1|\n|l| Nido_kingj\n|l|\u2606sawawa256\n|player|p2|\n","uploadtime":1728406904,"views":25,"formatid":"gen9vgc2024regh","rating":1680,"private":0,"password":null}