{"id":"gen9vgc2024regh-2218509927","format":"[Gen 9] VGC 2024 Reg H","players":["actuary97","tyuiop112"],"log":"|j|\u2606actuary97\n|j|\u2606tyuiop112\n|t:|1728393340\n|gametype|doubles\n|player|p1|actuary97|sabrina-frlg|1796\n|player|p2|tyuiop112|linebacker|1689\n|teamsize|p1|6\n|teamsize|p2|6\n|gen|9\n|tier|[Gen 9] VGC 2024 Reg H\n|rated|\n|rule|Species Clause: Limit one of each Pok\u00e9mon\n|rule|Item Clause: Limit 1 of each item\n|clearpoke\n|poke|p1|Incineroar, L50, M|\n|poke|p1|Whimsicott, L50, F|\n|poke|p1|Gallade, L50, M|\n|poke|p1|Malamar, L50, F|\n|poke|p1|Indeedee, L50, M|\n|poke|p1|Archaludon, L50, F|\n|poke|p2|Annihilape, L50, M|\n|poke|p2|Maushold-Four, L50|\n|poke|p2|Grimmsnarl, L50, M|\n|poke|p2|Sinistcha, L50|\n|poke|p2|Archaludon, L50, F|\n|poke|p2|Talonflame, L50, M|\n|teampreview|4\nactuary97 has agreed to open team sheets.\n|inactive|Battle timer is ON: inactive players will automatically lose when time's up. (requested by actuary97)\n|j| wwwsssnnn\n|inactive|tyuiop112 has 60 seconds left.\n|\n|t:|1728393408\n|start\n|switch|p1a: Mischief Mother|Whimsicott, L50, F, shiny|100\/100\n|switch|p1b: Tapu Deedee|Indeedee, L50, M, shiny|100\/100\n|switch|p2a: Annihilape|Annihilape, L50, M|100\/100\n|switch|p2b: Grimmsnarl|Grimmsnarl, L50, M|100\/100\n|-fieldstart|move: Psychic Terrain|[from] ability: Psychic Surge|[of] p1b: Tapu Deedee\n|turn|1\n|\n|t:|1728393434\n|-terastallize|p2a: Annihilape|Steel\n|-terastallize|p1b: Tapu Deedee|Fairy\n|move|p1a: Mischief Mother|Tailwind|p1a: Mischief Mother\n|-sidestart|p1: actuary97|move: Tailwind\n|move|p2b: Grimmsnarl|Light Screen|p2b: Grimmsnarl\n|-sidestart|p2: tyuiop112|move: Light Screen\n|move|p1b: Tapu Deedee|Dazzling Gleam|p2a: Annihilape|[spread] p2a,p2b\n|-resisted|p2a: Annihilape\n|-supereffective|p2b: Grimmsnarl\n|-damage|p2a: Annihilape|87\/100\n|-damage|p2b: Grimmsnarl|52\/100\n|move|p2a: Annihilape|Bulk Up|p2a: Annihilape\n|-boost|p2a: Annihilape|atk|1\n|-boost|p2a: Annihilape|def|1\n|\n|-heal|p2a: Annihilape|93\/100|[from] item: Leftovers\n|upkeep\n|turn|2\n|inactive|tyuiop112 has 30 seconds left.\n|inactive|tyuiop112 has 20 seconds left.\n|\n|t:|1728393476\n|switch|p1b: Bridget|Archaludon, L50, F, shiny|100\/100\n|move|p1a: Mischief Mother|Beat Up|p1b: Bridget\n|-crit|p1b: Bridget\n|-damage|p1b: Bridget|98\/100\n|-ability|p1b: Bridget|Stamina|boost\n|-boost|p1b: Bridget|def|1\n|-damage|p1b: Bridget|96\/100\n|-ability|p1b: Bridget|Stamina|boost\n|-boost|p1b: Bridget|def|1\n|-damage|p1b: Bridget|95\/100\n|-ability|p1b: Bridget|Stamina|boost\n|-boost|p1b: Bridget|def|1\n|-damage|p1b: Bridget|94\/100\n|-ability|p1b: Bridget|Stamina|boost\n|-boost|p1b: Bridget|def|1\n|-hitcount|p1b: Bridget|4\n|move|p2a: Annihilape|Rage Fist|p1a: Mischief Mother\n|-damage|p1a: Mischief Mother|17\/100\n|move|p2b: Grimmsnarl|Spirit Break|p1a: Mischief Mother\n|-damage|p1a: Mischief Mother|0 fnt\n|faint|p1a: Mischief Mother\n|\n|-heal|p2a: Annihilape|99\/100|[from] item: Leftovers\n|upkeep\n|\n|t:|1728393479\n|switch|p1a: \u2694\ufe0fKing\u2694\ufe0f|Gallade, L50, M, shiny|100\/100\n|turn|3\n|inactive|actuary97 has 30 seconds left.\n|inactive|tyuiop112 has 30 seconds left.\n|inactive|actuary97 has 20 seconds left.\n|\n|t:|1728393521\n|move|p1a: \u2694\ufe0fKing\u2694\ufe0f|Protect|p1a: \u2694\ufe0fKing\u2694\ufe0f\n|-singleturn|p1a: \u2694\ufe0fKing\u2694\ufe0f|Protect\n|move|p2a: Annihilape|Protect|p2a: Annihilape\n|-singleturn|p2a: Annihilape|Protect\n|move|p2b: Grimmsnarl|Reflect|p2b: Grimmsnarl\n|-sidestart|p2: tyuiop112|Reflect\n|move|p1b: Bridget|Body Press|p2b: Grimmsnarl\n|-damage|p2b: Grimmsnarl|6\/100\n|\n|-heal|p2a: Annihilape|100\/100|[from] item: Leftovers\n|upkeep\n|turn|4\n|inactive|tyuiop112 has 30 seconds left.\n|\n|t:|1728393549\n|move|p1a: \u2694\ufe0fKing\u2694\ufe0f|Sacred Sword|p2a: Annihilape\n|-supereffective|p2a: Annihilape\n|-damage|p2a: Annihilape|2\/100\n|move|p1b: Bridget|Flash Cannon|p2b: Grimmsnarl\n|-supereffective|p2b: Grimmsnarl\n|-damage|p2b: Grimmsnarl|0 fnt\n|faint|p2b: Grimmsnarl\n|move|p2a: Annihilape|Rage Fist|p1a: \u2694\ufe0fKing\u2694\ufe0f\n|-supereffective|p1a: \u2694\ufe0fKing\u2694\ufe0f\n|-damage|p1a: \u2694\ufe0fKing\u2694\ufe0f|0 fnt\n|faint|p1a: \u2694\ufe0fKing\u2694\ufe0f\n|\n|-heal|p2a: Annihilape|8\/100|[from] item: Leftovers\n|-sideend|p1: actuary97|move: Tailwind\n|upkeep\n|\n|t:|1728393569\n|switch|p1a: Tapu Deedee|Indeedee, L50, M, shiny, tera:Fairy|100\/100\n|switch|p2b: Talonflame|Talonflame, L50, M|100\/100\n|turn|5\n|c|\u2606actuary97|damn I should've doubled to be sure of the kill\n|\n|t:|1728393586\n|move|p2b: Talonflame|Tailwind|p2b: Talonflame\n|-sidestart|p2: tyuiop112|move: Tailwind\n|move|p2a: Annihilape|Rage Fist|p1a: Tapu Deedee\n|-damage|p1a: Tapu Deedee|0 fnt\n|faint|p1a: Tapu Deedee\n|move|p1b: Bridget|Body Press|p2a: Annihilape\n|-supereffective|p2a: Annihilape\n|-damage|p2a: Annihilape|0 fnt\n|faint|p2a: Annihilape\n|\n|-fieldend|move: Psychic Terrain\n|upkeep\n|\n|t:|1728393595\n|switch|p2a: Archaludon|Archaludon, L50, F|100\/100\n|turn|6\n|\n|t:|1728393607\n|move|p2b: Talonflame|Overheat|p1b: Bridget\n|-damage|p1b: Bridget|68\/100\n|-unboost|p2b: Talonflame|spa|2\n|-ability|p1b: Bridget|Stamina|boost\n|-boost|p1b: Bridget|def|1\n|move|p2a: Archaludon|Electro Shot||[still]\n|-prepare|p2a: Archaludon|Electro Shot\n|-boost|p2a: Archaludon|spa|1\n|-enditem|p2a: Archaludon|Power Herb\n|-anim|p2a: Archaludon|Electro Shot|p1b: Bridget\n|-resisted|p1b: Bridget\n|-damage|p1b: Bridget|44\/100\n|-ability|p1b: Bridget|Stamina|boost\n|-boost|p1b: Bridget|def|1\n|move|p1b: Bridget|Electro Shot||[still]\n|-prepare|p1b: Bridget|Electro Shot\n|-boost|p1b: Bridget|spa|1\n|\n|upkeep\n|turn|7\n|inactive|tyuiop112 has 30 seconds left.\n|\n|t:|1728393636\n|move|p2b: Talonflame|Dual Wingbeat|p2a: Archaludon\n|-resisted|p2a: Archaludon\n|-damage|p2a: Archaludon|96\/100\n|-ability|p2a: Archaludon|Stamina|boost\n|-boost|p2a: Archaludon|def|1\n|-resisted|p2a: Archaludon\n|-damage|p2a: Archaludon|92\/100\n|-ability|p2a: Archaludon|Stamina|boost\n|-boost|p2a: Archaludon|def|1\n|-hitcount|p2a: Archaludon|2\n|move|p2a: Archaludon|Dragon Pulse|p1b: Bridget\n|-damage|p1b: Bridget|0 fnt\n|faint|p1b: Bridget\n|\n|win|tyuiop112\n|raw|actuary97's rating: 1796 &rarr; <strong>1770<\/strong><br \/>(-26 for losing)\n|raw|tyuiop112's rating: 1689 &rarr; <strong>1715<\/strong><br \/>(+26 for winning)\n|c|\u2606actuary97|gg\n|l|\u2606actuary97\n|player|p1|\n|l|\u2606tyuiop112\n|player|p2|\n|l| wwwsssnnn\n","uploadtime":1728393866,"views":29,"formatid":"gen9vgc2024regh","rating":1715,"private":0,"password":null}