{"id":"gen9vgc2024regh-2218732673","format":"[Gen 9] VGC 2024 Reg H","players":["Snorlax Double","Zordor"],"log":"|j|\u2606Snorlax Double\n|j|\u2606Zordor\n|t:|1728412790\n|gametype|doubles\n|player|p1|Snorlax Double|hugh|1642\n|player|p2|Zordor|pilot|1716\n|teamsize|p1|6\n|teamsize|p2|6\n|gen|9\n|tier|[Gen 9] VGC 2024 Reg H\n|rated|\n|rule|Species Clause: Limit one of each Pok\u00e9mon\n|rule|Item Clause: Limit 1 of each item\n|clearpoke\n|poke|p1|Grimmsnarl, L50, M|\n|poke|p1|Annihilape, L50, M|\n|poke|p1|Maushold, L50|\n|poke|p1|Pelipper, L50, M|\n|poke|p1|Archaludon, L50, M|\n|poke|p1|Sinistcha, L50|\n|poke|p2|Rotom-Wash, L50|\n|poke|p2|Sneasler, L50, F|\n|poke|p2|Kingambit, L50, F|\n|poke|p2|Armarouge, L50, M|\n|poke|p2|Hydreigon, L50, M|\n|poke|p2|Venusaur, L50, F|\n|teampreview|4\n|\n|t:|1728412841\n|start\n|switch|p1a: Annihilape|Annihilape, L50, M|100\/100\n|switch|p1b: Maushold|Maushold, L50|100\/100\n|switch|p2a: Sneasler|Sneasler, L50, F|100\/100\n|switch|p2b: Rotom|Rotom-Wash, L50|100\/100\n|turn|1\n|\n|t:|1728412859\n|switch|p1a: Grimmsnarl|Grimmsnarl, L50, M|100\/100\n|move|p1b: Maushold|Protect|p1b: Maushold\n|-singleturn|p1b: Maushold|Protect\n|move|p2a: Sneasler|Rock Tomb|p1b: Maushold\n|-activate|p1b: Maushold|move: Protect\n|move|p2b: Rotom|Will-O-Wisp|p1a: Grimmsnarl\n|-status|p1a: Grimmsnarl|brn\n|\n|-damage|p1a: Grimmsnarl|95\/100 brn|[from] brn\n|upkeep\n|turn|2\n|\n|t:|1728412891\n|switch|p1b: Sinistcha|Sinistcha, L50|100\/100\n|-heal|p1a: Grimmsnarl|100\/100 brn|[from] ability: Hospitality|[of] p1b: Sinistcha\n|move|p1a: Grimmsnarl|Reflect|p1a: Grimmsnarl\n|-sidestart|p1: Snorlax Double|Reflect\n|move|p2a: Sneasler|Dire Claw|p1a: Grimmsnarl\n|-supereffective|p1a: Grimmsnarl\n|-damage|p1a: Grimmsnarl|41\/100 brn\n|move|p2b: Rotom|Hydro Pump|p1a: Grimmsnarl|[miss]\n|-miss|p2b: Rotom|p1a: Grimmsnarl\n|\n|-damage|p1a: Grimmsnarl|35\/100 brn|[from] brn\n|upkeep\n|turn|3\n|\n|t:|1728412936\n|switch|p2b: Venusaur|Venusaur, L50, F|100\/100\n|move|p1a: Grimmsnarl|Light Screen|p1a: Grimmsnarl\n|-sidestart|p1: Snorlax Double|move: Light Screen\n|move|p2a: Sneasler|Dire Claw|p1a: Grimmsnarl\n|-supereffective|p1a: Grimmsnarl\n|-damage|p1a: Grimmsnarl|0 fnt\n|faint|p1a: Grimmsnarl\n|move|p1b: Sinistcha|Matcha Gotcha|p2b: Venusaur|[spread] p2b\n|-miss|p1b: Sinistcha|p2a: Sneasler\n|-resisted|p2b: Venusaur\n|-damage|p2b: Venusaur|94\/100\n|-status|p2b: Venusaur|brn\n|\n|-heal|p2b: Venusaur|100\/100 brn|[from] item: Leftovers\n|-damage|p2b: Venusaur|94\/100 brn|[from] brn\n|upkeep\n|\n|t:|1728412958\n|switch|p1a: Maushold|Maushold, L50|100\/100\n|turn|4\n|\n|t:|1728412972\n|switch|p1b: Annihilape|Annihilape, L50, M|100\/100\n|-terastallize|p1a: Maushold|Ghost\n|move|p2a: Sneasler|Close Combat|p1a: Maushold\n|-immune|p1a: Maushold\n|move|p1a: Maushold|Beat Up|p1b: Annihilape\n|-damage|p1b: Annihilape|99\/100\n|-damage|p1b: Annihilape|97\/100\n|-damage|p1b: Annihilape|96\/100\n|-hitcount|p1b: Annihilape|3\n|move|p2b: Venusaur|Sludge Bomb|p1a: Maushold\n|-resisted|p1a: Maushold\n|-damage|p1a: Maushold|85\/100\n|\n|-heal|p2b: Venusaur|100\/100 brn|[from] item: Leftovers\n|-damage|p2b: Venusaur|94\/100 brn|[from] brn\n|upkeep\n|turn|5\n|\n|t:|1728413000\n|move|p2b: Venusaur|Protect|p2b: Venusaur\n|-singleturn|p2b: Venusaur|Protect\n|move|p1a: Maushold|Follow Me|p1a: Maushold\n|-singleturn|p1a: Maushold|move: Follow Me\n|move|p2a: Sneasler|Dire Claw|p1a: Maushold\n|-resisted|p1a: Maushold\n|-damage|p1a: Maushold|67\/100\n|-status|p1a: Maushold|slp\n|move|p1b: Annihilape|Rage Fist|p2a: Sneasler\n|-enditem|p2a: Sneasler|Focus Sash\n|-damage|p2a: Sneasler|1\/100\n|\n|-heal|p2b: Venusaur|100\/100 brn|[from] item: Leftovers\n|-damage|p2b: Venusaur|94\/100 brn|[from] brn\n|upkeep\n|turn|6\n|\n|t:|1728413023\n|cant|p1a: Maushold|slp\n|move|p2a: Sneasler|Dire Claw|p1b: Annihilape\n|-resisted|p1b: Annihilape\n|-damage|p1b: Annihilape|84\/100\n|-status|p1b: Annihilape|par\n|move|p2b: Venusaur|Giga Drain|p1a: Maushold\n|-damage|p1a: Maushold|42\/100 slp\n|-heal|p2b: Venusaur|100\/100 brn|[from] drain|[of] p1a: Maushold\n|move|p1b: Annihilape|Rage Fist|p2b: Venusaur\n|-damage|p2b: Venusaur|0 fnt\n|faint|p2b: Venusaur\n|\n|upkeep\n|\n|t:|1728413061\n|switch|p2b: Hydreigon|Hydreigon, L50, M|100\/100\n|turn|7\n|\n|t:|1728413077\n|move|p2a: Sneasler|Dire Claw|p1a: Maushold\n|-resisted|p1a: Maushold\n|-damage|p1a: Maushold|25\/100 slp\n|cant|p1a: Maushold|slp\n|move|p2b: Hydreigon|Dark Pulse|p1a: Maushold\n|-supereffective|p1a: Maushold\n|-damage|p1a: Maushold|0 fnt\n|faint|p1a: Maushold\n|move|p1b: Annihilape|Drain Punch|p2b: Hydreigon\n|-supereffective|p2b: Hydreigon\n|-damage|p2b: Hydreigon|28\/100\n|-heal|p1b: Annihilape|100\/100 par|[from] drain|[of] p2b: Hydreigon\n|\n|upkeep\n|\n|t:|1728413091\n|switch|p1a: Sinistcha|Sinistcha, L50|100\/100\n|turn|8\n|\n|t:|1728413105\n|switch|p2b: Rotom|Rotom-Wash, L50|100\/100\n|move|p2a: Sneasler|Dire Claw|p1a: Sinistcha\n|-damage|p1a: Sinistcha|74\/100\n|-status|p1a: Sinistcha|par\n|move|p1b: Annihilape|Drain Punch|p2b: Rotom\n|-damage|p2b: Rotom|60\/100\n|move|p1a: Sinistcha|Trick Room|p1a: Sinistcha\n|-fieldstart|move: Trick Room|[of] p1a: Sinistcha\n|\n|upkeep\n|turn|9\n|\n|t:|1728413124\n|move|p2b: Rotom|Protect|p2b: Rotom\n|-singleturn|p2b: Rotom|Protect\n|move|p2a: Sneasler|Protect|p2a: Sneasler\n|-singleturn|p2a: Sneasler|Protect\n|move|p1a: Sinistcha|Matcha Gotcha|p2b: Rotom|[spread] \n|-activate|p2a: Sneasler|move: Protect\n|-activate|p2b: Rotom|move: Protect\n|cant|p1b: Annihilape|par\n|\n|-sideend|p1: Snorlax Double|Reflect\n|upkeep\n|turn|10\n|j| 0l'Bones\n|\n|t:|1728413156\n|-terastallize|p2b: Rotom|Steel\n|move|p1a: Sinistcha|Matcha Gotcha|p2b: Rotom|[spread] p2a\n|-miss|p1a: Sinistcha|p2b: Rotom\n|-resisted|p2a: Sneasler\n|-damage|p2a: Sneasler|0 fnt\n|-heal|p1a: Sinistcha|75\/100 par|[from] drain|[of] p2a: Sneasler\n|faint|p2a: Sneasler\n|move|p1b: Annihilape|Rage Fist|p2b: Rotom\n|-damage|p2b: Rotom|0 fnt\n|faint|p2b: Rotom\n|\n|-sideend|p1: Snorlax Double|move: Light Screen\n|upkeep\n|-message|Zordor forfeited.\n|\n|win|Snorlax Double\n|raw|Snorlax Double's rating: 1642 &rarr; <strong>1666<\/strong><br \/>(+24 for winning)\n|raw|Zordor's rating: 1716 &rarr; <strong>1692<\/strong><br \/>(-24 for losing)\n|l|\u2606Zordor\n|player|p2|\n|l|\u2606Snorlax Double\n|player|p1|\n|l| 0l'Bones\n","uploadtime":1728413306,"views":13,"formatid":"gen9vgc2024regh","rating":1666,"private":0,"password":null}