{"id":"gen9vgc2024regh-2218536013","format":"[Gen 9] VGC 2024 Reg H","players":["MillerH33","BrodaxVGC"],"log":"|j|\u203dMillerH33\n|j|\u2606BrodaxVGC\n|t:|1728395869\n|gametype|doubles\n|player|p1|MillerH33|riley|1734\n|player|p2|BrodaxVGC|266|1806\n|teamsize|p1|6\n|teamsize|p2|6\n|gen|9\n|tier|[Gen 9] VGC 2024 Reg H\n|rated|\n|rule|Species Clause: Limit one of each Pok\u00e9mon\n|rule|Item Clause: Limit 1 of each item\n|clearpoke\n|poke|p1|Excadrill, L50, M|\n|poke|p1|Dragapult, L50, F|\n|poke|p1|Rillaboom, L50, F|\n|poke|p1|Tyranitar, L50, M|\n|poke|p1|Farigiraf, L50, M|\n|poke|p1|Primarina, L50, M|\n|poke|p2|Gholdengo, L50|\n|poke|p2|Incineroar, L50, M|\n|poke|p2|Rillaboom, L50, M|\n|poke|p2|Pelipper, L50, F|\n|poke|p2|Basculegion, L50, M|\n|poke|p2|Archaludon, L50, F|\n|teampreview|4\n|inactive|Battle timer is ON: inactive players will automatically lose when time's up. (requested by BrodaxVGC)\n|inactive|BrodaxVGC has 60 seconds left.\n|\n|t:|1728395903\n|start\n|switch|p1a: Dragapult|Dragapult, L50, F|100\/100\n|switch|p1b: Farigiraf|Farigiraf, L50, M|100\/100\n|switch|p2a: Incineroar|Incineroar, L50, M|100\/100\n|switch|p2b: Archaludon|Archaludon, L50, F|100\/100\n|-ability|p2a: Incineroar|Intimidate|boost\n|-fail|p1a: Dragapult|unboost|[from] ability: Clear Body|[of] p1a: Dragapult\n|-unboost|p1b: Farigiraf|atk|1\n|turn|1\n|inactive|BrodaxVGC has 30 seconds left.\n|\n|t:|1728395930\n|move|p1b: Farigiraf|Helping Hand|p1a: Dragapult\n|-singleturn|p1a: Dragapult|Helping Hand|[of] p1b: Farigiraf\n|move|p1a: Dragapult|Draco Meteor|p2b: Archaludon\n|-damage|p2b: Archaludon|0 fnt\n|-unboost|p1a: Dragapult|spa|2\n|faint|p2b: Archaludon\n|move|p2a: Incineroar|Knock Off|p1a: Dragapult\n|-supereffective|p1a: Dragapult\n|-damage|p1a: Dragapult|0 fnt\n|-enditem|p1a: Dragapult|Choice Specs|[from] move: Knock Off|[of] p2a: Incineroar\n|faint|p1a: Dragapult\n|\n|upkeep\n|\n|t:|1728395943\n|switch|p1a: Excadrill|Excadrill, L50, M|100\/100\n|switch|p2b: Basculegion|Basculegion, L50, M|100\/100\n|turn|2\n|inactive|BrodaxVGC has 30 seconds left.\n|inactive|BrodaxVGC has 20 seconds left.\n|\n|t:|1728395983\n|-terastallize|p1a: Excadrill|Dragon\n|-terastallize|p2a: Incineroar|Grass\n|move|p2b: Basculegion|Flip Turn|p1a: Excadrill\n|-resisted|p1a: Excadrill\n|-damage|p1a: Excadrill|75\/100\n|\n|t:|1728395989\n|switch|p2b: Pelipper|Pelipper, L50, F|100\/100|[from] Flip Turn\n|-weather|RainDance|[from] ability: Drizzle|[of] p2b: Pelipper\n|move|p1a: Excadrill|Swords Dance|p1a: Excadrill\n|-boost|p1a: Excadrill|atk|2\n|move|p2a: Incineroar|Flare Blitz|p1a: Excadrill\n|-resisted|p1a: Excadrill\n|-damage|p1a: Excadrill|59\/100\n|-damage|p2a: Incineroar|95\/100|[from] Recoil\n|move|p1b: Farigiraf|Reflect|p1b: Farigiraf\n|-sidestart|p1: MillerH33|Reflect\n|\n|-weather|RainDance|[upkeep]\n|upkeep\n|turn|3\n|inactive|MillerH33 has 30 seconds left.\n|inactive|BrodaxVGC has 30 seconds left.\n|\n|t:|1728396024\n|move|p1a: Excadrill|Protect|p1a: Excadrill\n|-singleturn|p1a: Excadrill|Protect\n|move|p2b: Pelipper|Tailwind|p2b: Pelipper\n|-sidestart|p2: BrodaxVGC|move: Tailwind\n|move|p2a: Incineroar|Knock Off|p1a: Excadrill\n|-activate|p1a: Excadrill|move: Protect\n|move|p1b: Farigiraf|Psychic Noise|p2b: Pelipper\n|-damage|p2b: Pelipper|47\/100\n|-start|p2b: Pelipper|move: Heal Block\n|\n|-weather|RainDance|[upkeep]\n|upkeep\n|turn|4\n|\n|t:|1728396045\n|switch|p1b: Tyranitar|Tyranitar, L50, M|100\/100\n|-weather|Sandstorm|[from] ability: Sand Stream|[of] p1b: Tyranitar\n|move|p1a: Excadrill|Iron Head|p2a: Incineroar\n|-damage|p2a: Incineroar|19\/100\n|-enditem|p2a: Incineroar|Sitrus Berry|[eat]\n|-heal|p2a: Incineroar|44\/100|[from] item: Sitrus Berry\n|move|p2b: Pelipper|Hurricane|p1a: Excadrill\n|-damage|p1a: Excadrill|6\/100\n|move|p2a: Incineroar|Knock Off|p1b: Tyranitar\n|-resisted|p1b: Tyranitar\n|-damage|p1b: Tyranitar|88\/100\n|-enditem|p1b: Tyranitar|Assault Vest|[from] move: Knock Off|[of] p2a: Incineroar\n|\n|-weather|Sandstorm|[upkeep]\n|-damage|p2b: Pelipper|41\/100|[from] Sandstorm\n|-damage|p2a: Incineroar|38\/100|[from] Sandstorm\n|-end|p2b: Pelipper|move: Heal Block\n|upkeep\n|turn|5\n|inactive|MillerH33 has 30 seconds left.\n|inactive|BrodaxVGC has 30 seconds left.\n|inactive|BrodaxVGC has 20 seconds left.\n|\n|t:|1728396080\n|switch|p2b: Basculegion|Basculegion, L50, M|100\/100\n|move|p1a: Excadrill|Protect|p1a: Excadrill\n|-singleturn|p1a: Excadrill|Protect\n|move|p2a: Incineroar|Parting Shot|p1b: Tyranitar\n|-unboost|p1b: Tyranitar|atk|1\n|-unboost|p1b: Tyranitar|spa|1\n|\n|t:|1728396088\n|switch|p2a: Pelipper|Pelipper, L50, F|41\/100|[from] Parting Shot\n|-weather|RainDance|[from] ability: Drizzle|[of] p2a: Pelipper\n|move|p1b: Tyranitar|Rock Slide|p2b: Basculegion|[spread] p2a,p2b\n|-supereffective|p2a: Pelipper\n|-damage|p2a: Pelipper|0 fnt\n|-damage|p2b: Basculegion|72\/100\n|faint|p2a: Pelipper\n|\n|-weather|RainDance|[upkeep]\n|upkeep\n|\n|t:|1728396095\n|switch|p2a: Incineroar|Incineroar, L50, M, tera:Grass|38\/100\n|-ability|p2a: Incineroar|Intimidate|boost\n|-fail|p1a: Excadrill|unboost|[from] item: Clear Amulet|[of] p1a: Excadrill\n|-unboost|p1b: Tyranitar|atk|1\n|turn|6\n|j| plplk\n|inactive|MillerH33 has 30 seconds left.\n|inactive|BrodaxVGC has 30 seconds left.\n|\n|t:|1728396125\n|switch|p1b: Farigiraf|Farigiraf, L50, M|100\/100\n|move|p1a: Excadrill|Protect||[still]\n|-fail|p1a: Excadrill\n|move|p2b: Basculegion|Wave Crash|p1b: Farigiraf\n|-damage|p1b: Farigiraf|9\/100\n|-damage|p2b: Basculegion|37\/100|[from] Recoil\n|move|p2a: Incineroar|Knock Off|p1a: Excadrill\n|-damage|p1a: Excadrill|0 fnt\n|-enditem|p1a: Excadrill|Clear Amulet|[from] move: Knock Off|[of] p2a: Incineroar\n|faint|p1a: Excadrill\n|\n|-weather|RainDance|[upkeep]\n|-sideend|p1: MillerH33|Reflect\n|-sideend|p2: BrodaxVGC|move: Tailwind\n|upkeep\n|\n|t:|1728396135\n|switch|p1a: Tyranitar|Tyranitar, L50, M|88\/100\n|-weather|Sandstorm|[from] ability: Sand Stream|[of] p1a: Tyranitar\n|turn|7\n|\n|t:|1728396147\n|move|p2b: Basculegion|Wave Crash|p1a: Tyranitar\n|-supereffective|p1a: Tyranitar\n|-damage|p1a: Tyranitar|0 fnt\n|faint|p1a: Tyranitar\n|-damage|p2b: Basculegion|9\/100|[from] Recoil\n|move|p2a: Incineroar|Knock Off|p1b: Farigiraf\n|-supereffective|p1b: Farigiraf\n|-damage|p1b: Farigiraf|0 fnt\n|-enditem|p1b: Farigiraf|Safety Goggles|[from] move: Knock Off|[of] p2a: Incineroar\n|faint|p1b: Farigiraf\n|\n|win|BrodaxVGC\n|raw|MillerH33's rating: 1734 &rarr; <strong>1718<\/strong><br \/>(-16 for losing)\n|raw|BrodaxVGC's rating: 1806 &rarr; <strong>1822<\/strong><br \/>(+16 for winning)\n|l|\u2606BrodaxVGC\n|player|p2|\n|l|\u203dMillerH33\n|player|p1|\n","uploadtime":1728396357,"views":27,"formatid":"gen9vgc2024regh","rating":1718,"private":0,"password":null}