{"id":"gen9vgc2024regh-2219008416","format":"[Gen 9] VGC 2024 Reg H","players":["jormy49","caixueying"],"log":"|j|\u2606jormy49\n|j|\u203dcaixueying\n|t:|1728442136\n|gametype|doubles\n|player|p1|jormy49|102|1715\n|player|p2|caixueying|beauty-gen4dp|1845\n|teamsize|p1|6\n|teamsize|p2|6\n|gen|9\n|tier|[Gen 9] VGC 2024 Reg H\n|rated|\n|rule|Species Clause: Limit one of each Pok\u00e9mon\n|rule|Item Clause: Limit 1 of each item\n|clearpoke\n|poke|p1|Espathra, L50, M|\n|poke|p1|Sylveon, L50, M|\n|poke|p1|Kingambit, L50, F|\n|poke|p1|Incineroar, L50, M|\n|poke|p1|Zoroark-Hisui, L50, M|\n|poke|p1|Kommo-o, L50, F|\n|poke|p2|Lilligant-Hisui, L50, F|\n|poke|p2|Maushold-Four, L50|\n|poke|p2|Hatterene, L50, F|\n|poke|p2|Indeedee-F, L50, F|\n|poke|p2|Gallade, L50, M|\n|poke|p2|Torkoal, L50, F|\n|teampreview|4\n|inactive|Battle timer is ON: inactive players will automatically lose when time's up. (requested by jormy49)\n|inactive|caixueying also wants the timer to be on.\n|\n|t:|1728442150\n|start\n|switch|p1a: Espathra|Espathra, L50, M|100\/100\n|switch|p1b: Kommo-o|Kommo-o, L50, F|100\/100\n|switch|p2a: Indeedee|Indeedee-F, L50, F|100\/100\n|switch|p2b: Hatterene|Hatterene, L50, F|100\/100\n|-fieldstart|move: Psychic Terrain|[from] ability: Psychic Surge|[of] p2a: Indeedee\n|turn|1\n|\n|t:|1728442162\n|switch|p1b: Incineroar|Incineroar, L50, M|100\/100\n|-ability|p1b: Incineroar|Intimidate|boost\n|-unboost|p2a: Indeedee|atk|1\n|-unboost|p2b: Hatterene|atk|1\n|move|p1a: Espathra|Lumina Crash|p2b: Hatterene\n|-resisted|p2b: Hatterene\n|-damage|p2b: Hatterene|77\/100\n|-unboost|p2b: Hatterene|spd|2\n|move|p2b: Hatterene|Expanding Force|p1b: Incineroar|[spread] p1a\n|-immune|p1b: Incineroar\n|-resisted|p1a: Espathra\n|-damage|p1a: Espathra|29\/100\n|-damage|p2b: Hatterene|68\/100|[from] item: Life Orb\n|move|p2a: Indeedee|Trick Room|p2a: Indeedee\n|-fieldstart|move: Trick Room|[of] p2a: Indeedee\n|\n|-ability|p1a: Espathra|Speed Boost|boost\n|-boost|p1a: Espathra|spe|1\n|upkeep\n|turn|2\n|\n|t:|1728442184\n|move|p1a: Espathra|Protect|p1a: Espathra\n|-singleturn|p1a: Espathra|Protect\n|move|p2a: Indeedee|Follow Me|p2a: Indeedee\n|-singleturn|p2a: Indeedee|move: Follow Me\n|move|p2b: Hatterene|Dazzling Gleam|p1a: Espathra|[spread] p1b\n|-activate|p1a: Espathra|move: Protect\n|-damage|p1b: Incineroar|73\/100\n|-damage|p2b: Hatterene|58\/100|[from] item: Life Orb\n|move|p1b: Incineroar|Knock Off|p2a: Indeedee\n|-supereffective|p2a: Indeedee\n|-damage|p2a: Indeedee|12\/100\n|-enditem|p2a: Indeedee|Terrain Extender|[from] move: Knock Off|[of] p1b: Incineroar\n|\n|-ability|p1a: Espathra|Speed Boost|boost\n|-boost|p1a: Espathra|spe|1\n|upkeep\n|turn|3\n|\n|t:|1728442204\n|move|p2a: Indeedee|Follow Me|p2a: Indeedee\n|-singleturn|p2a: Indeedee|move: Follow Me\n|move|p2b: Hatterene|Dazzling Gleam|p1a: Espathra|[spread] p1a,p1b\n|-damage|p1a: Espathra|0 fnt\n|-damage|p1b: Incineroar|44\/100\n|faint|p1a: Espathra\n|-damage|p2b: Hatterene|48\/100|[from] item: Life Orb\n|move|p1b: Incineroar|Knock Off|p2a: Indeedee\n|-supereffective|p2a: Indeedee\n|-damage|p2a: Indeedee|0 fnt\n|faint|p2a: Indeedee\n|\n|upkeep\n|\n|t:|1728442214\n|switch|p2a: Torkoal|Torkoal, L50, F|100\/100\n|switch|p1a: Sylveon|Sylveon, L50, M|100\/100\n|-weather|SunnyDay|[from] ability: Drought|[of] p2a: Torkoal\n|turn|4\n|\n|t:|1728442225\n|-terastallize|p2a: Torkoal|Fire\n|-terastallize|p1a: Sylveon|Fire\n|move|p2a: Torkoal|Eruption|p1a: Sylveon|[spread] p1a,p1b\n|-resisted|p1a: Sylveon\n|-resisted|p1b: Incineroar\n|-damage|p1a: Sylveon|57\/100\n|-damage|p1b: Incineroar|9\/100\n|move|p2b: Hatterene|Dazzling Gleam|p1a: Sylveon|[spread] p1a,p1b\n|-resisted|p1a: Sylveon\n|-damage|p1a: Sylveon|40\/100\n|-damage|p1b: Incineroar|0 fnt\n|faint|p1b: Incineroar\n|-damage|p2b: Hatterene|38\/100|[from] item: Life Orb\n|move|p1a: Sylveon|Hyper Voice|p2a: Torkoal|[spread] p2a,p2b\n|-resisted|p2a: Torkoal\n|-damage|p2a: Torkoal|69\/100\n|-damage|p2b: Hatterene|0 fnt\n|faint|p2b: Hatterene\n|\n|-weather|SunnyDay|[upkeep]\n|upkeep\n|\n|t:|1728442241\n|switch|p2b: Gallade|Gallade, L50, M|100\/100\n|switch|p1b: Kommo-o|Kommo-o, L50, F|100\/100\n|turn|5\n|\n|t:|1728442252\n|move|p2a: Torkoal|Eruption|p1a: Sylveon|[spread] p1a,p1b\n|-resisted|p1a: Sylveon\n|-resisted|p1b: Kommo-o\n|-damage|p1a: Sylveon|12\/100\n|-damage|p1b: Kommo-o|58\/100\n|move|p1a: Sylveon|Hyper Voice|p2a: Torkoal|[spread] p2a,p2b\n|-resisted|p2a: Torkoal\n|-supereffective|p2b: Gallade\n|-damage|p2a: Torkoal|36\/100\n|-damage|p2b: Gallade|15\/100\n|move|p2b: Gallade|Psycho Cut|p1a: Sylveon\n|-damage|p1a: Sylveon|0 fnt\n|faint|p1a: Sylveon\n|move|p1b: Kommo-o|Clanging Scales|p2a: Torkoal|[spread] p2a,p2b\n|-damage|p2a: Torkoal|0 fnt\n|-damage|p2b: Gallade|0 fnt\n|faint|p2a: Torkoal\n|faint|p2b: Gallade\n|-enditem|p1b: Kommo-o|Throat Spray\n|\n|win|jormy49\n|raw|jormy49's rating: 1715 &rarr; <strong>1742<\/strong><br \/>(+27 for winning)\n|raw|caixueying's rating: 1845 &rarr; <strong>1818<\/strong><br \/>(-27 for losing)\n|l|\u2606jormy49\n|player|p1|\n|l|\u203dcaixueying\n|player|p2|\n","uploadtime":1728442523,"views":29,"formatid":"gen9vgc2024regh","rating":1742,"private":0,"password":null}