{"id":"gen9vgc2024regh-2219160023","format":"[Gen 9] VGC 2024 Reg H","players":["DOU Test 9000","roykeenkennedy"],"log":"|j|\u2606DOU Test 9000\n|j|\u2606roykeenkennedy\n|t:|1728466587\n|gametype|doubles\n|player|p1|DOU Test 9000|pilot|1682\n|player|p2|roykeenkennedy|alder|1814\n|teamsize|p1|6\n|teamsize|p2|6\n|gen|9\n|tier|[Gen 9] VGC 2024 Reg H\n|rated|\n|rule|Species Clause: Limit one of each Pok\u00e9mon\n|rule|Item Clause: Limit 1 of each item\n|clearpoke\n|poke|p1|Rotom-Wash, L50|\n|poke|p1|Sneasler, L50, F|\n|poke|p1|Kingambit, L50, M|\n|poke|p1|Armarouge, L50, M|\n|poke|p1|Dragapult, L50, F|\n|poke|p1|Venusaur, L50, F|\n|poke|p2|Salamence, L50, F|\n|poke|p2|Incineroar, L50, M|\n|poke|p2|Weezing, L50, M|\n|poke|p2|Dragapult, L50, F|\n|poke|p2|Ursaluna-Bloodmoon, L50, M|\n|poke|p2|Volcarona, L50, F|\n|teampreview|4\n|inactive|Battle timer is ON: inactive players will automatically lose when time's up. (requested by DOU Test 9000)\n|\n|t:|1728466651\n|start\n|switch|p1a: Rotom|Rotom-Wash, L50|100\/100\n|switch|p1b: Armarouge|Armarouge, L50, M|100\/100\n|switch|p2a: Weezing|Weezing, L50, M|100\/100\n|switch|p2b: Salamence|Salamence, L50, F|100\/100\n|-ability|p2a: Weezing|Neutralizing Gas\n|turn|1\n|\n|t:|1728466673\n|move|p2a: Weezing|Protect|p2a: Weezing\n|-singleturn|p2a: Weezing|Protect\n|move|p2b: Salamence|Rock Slide|p1b: Armarouge|[spread] p1a,p1b\n|-supereffective|p1b: Armarouge\n|-damage|p1a: Rotom|79\/100\n|-damage|p1b: Armarouge|58\/100\n|move|p1a: Rotom|Electroweb|p2a: Weezing|[spread] p2b\n|-activate|p2a: Weezing|move: Protect\n|-damage|p2b: Salamence|81\/100\n|-unboost|p2b: Salamence|spe|1\n|move|p1b: Armarouge|Psychic|p2a: Weezing\n|-activate|p2a: Weezing|move: Protect\n|\n|upkeep\n|turn|2\n|\n|t:|1728466693\n|-terastallize|p2a: Weezing|Ghost\n|move|p2b: Salamence|Rock Slide|p1a: Rotom|[spread] p1a\n|-miss|p2b: Salamence|p1b: Armarouge\n|-damage|p1a: Rotom|55\/100\n|move|p1a: Rotom|Will-O-Wisp|p2b: Salamence\n|-status|p2b: Salamence|brn\n|move|p1b: Armarouge|Psychic|p2a: Weezing\n|-damage|p2a: Weezing|53\/100\n|move|p2a: Weezing|Sludge Bomb|p1b: Armarouge\n|-damage|p1b: Armarouge|24\/100\n|-status|p1b: Armarouge|psn\n|\n|-heal|p2a: Weezing|60\/100|[from] item: Leftovers\n|-damage|p1b: Armarouge|12\/100 psn|[from] psn\n|-damage|p2b: Salamence|75\/100 brn|[from] brn\n|upkeep\n|turn|3\n|\n|t:|1728466716\n|switch|p2b: Incineroar|Incineroar, L50, M|100\/100\n|-ability|p2b: Incineroar|Intimidate|boost\n|-unboost|p1a: Rotom|atk|1\n|-unboost|p1b: Armarouge|atk|1\n|switch|p1b: Kingambit|Kingambit, L50, M|100\/100\n|move|p2a: Weezing|Protect|p2a: Weezing\n|-singleturn|p2a: Weezing|Protect\n|move|p1a: Rotom|Electroweb|p2b: Incineroar|[spread] p2b\n|-activate|p2a: Weezing|move: Protect\n|-damage|p2b: Incineroar|89\/100\n|-unboost|p2b: Incineroar|spe|1\n|\n|-heal|p2a: Weezing|66\/100|[from] item: Leftovers\n|upkeep\n|turn|4\n|\n|t:|1728466736\n|move|p2b: Incineroar|Fake Out|p1b: Kingambit\n|-resisted|p1b: Kingambit\n|-damage|p1b: Kingambit|97\/100\n|move|p1a: Rotom|Hydro Pump|p2b: Incineroar\n|-supereffective|p2b: Incineroar\n|-damage|p2b: Incineroar|22\/100\n|cant|p1b: Kingambit|flinch\n|move|p2a: Weezing|Will-O-Wisp|p1b: Kingambit\n|-status|p1b: Kingambit|brn\n|\n|-heal|p2a: Weezing|72\/100|[from] item: Leftovers\n|-damage|p1b: Kingambit|91\/100 brn|[from] brn\n|upkeep\n|turn|5\n|inactive|roykeenkennedy has 30 seconds left.\n|\n|t:|1728466762\n|switch|p2b: Salamence|Salamence, L50, F|75\/100 brn\n|move|p1a: Rotom|Electroweb|p2b: Salamence|[spread] p2a,p2b\n|-damage|p2a: Weezing|51\/100\n|-damage|p2b: Salamence|57\/100 brn\n|-unboost|p2a: Weezing|spe|1\n|-unboost|p2b: Salamence|spe|1\n|move|p1b: Kingambit|Throat Chop|p2b: Salamence\n|-damage|p2b: Salamence|27\/100 brn\n|-start|p2b: Salamence|Throat Chop|[silent]\n|move|p2a: Weezing|Taunt|p1b: Kingambit\n|-start|p1b: Kingambit|move: Taunt\n|\n|-heal|p2a: Weezing|57\/100|[from] item: Leftovers\n|-damage|p2b: Salamence|22\/100 brn|[from] brn\n|-damage|p1b: Kingambit|85\/100 brn|[from] brn\n|upkeep\n|turn|6\n|inactive|DOU Test 9000 has 30 seconds left.\n|\n|t:|1728466792\n|move|p2a: Weezing|Protect|p2a: Weezing\n|-singleturn|p2a: Weezing|Protect\n|move|p1b: Kingambit|Sucker Punch|p2b: Salamence\n|-damage|p2b: Salamence|0 fnt\n|faint|p2b: Salamence\n|move|p1a: Rotom|Electroweb|p2a: Weezing\n|-activate|p2a: Weezing|move: Protect\n|\n|-heal|p2a: Weezing|63\/100|[from] item: Leftovers\n|-damage|p1b: Kingambit|79\/100 brn|[from] brn\n|upkeep\n|\n|t:|1728466805\n|switch|p2b: Incineroar|Incineroar, L50, M|22\/100\n|-ability|p2b: Incineroar|Intimidate|boost\n|-unboost|p1a: Rotom|atk|1\n|-unboost|p1b: Kingambit|atk|1\n|turn|7\n|\n|t:|1728466819\n|switch|p1b: Armarouge|Armarouge, L50, M|12\/100 psn\n|move|p2b: Incineroar|Fake Out|p1a: Rotom\n|-damage|p1a: Rotom|44\/100\n|cant|p1a: Rotom|flinch\n|move|p2a: Weezing|Sludge Bomb|p1a: Rotom\n|-damage|p1a: Rotom|15\/100\n|-status|p1a: Rotom|psn\n|\n|-heal|p2a: Weezing|69\/100|[from] item: Leftovers\n|-damage|p1a: Rotom|3\/100 psn|[from] psn\n|-damage|p1b: Armarouge|0 fnt|[from] psn\n|faint|p1b: Armarouge\n|upkeep\n|\n|t:|1728466832\n|switch|p1b: Kingambit|Kingambit, L50, M|79\/100 brn\n|turn|8\n|\n|t:|1728466842\n|move|p1a: Rotom|Hydro Pump|p2b: Incineroar\n|-supereffective|p2b: Incineroar\n|-damage|p2b: Incineroar|0 fnt\n|faint|p2b: Incineroar\n|move|p1b: Kingambit|Throat Chop|p2a: Weezing\n|-supereffective|p2a: Weezing\n|-damage|p2a: Weezing|30\/100\n|-start|p2a: Weezing|Throat Chop|[silent]\n|move|p2a: Weezing|Taunt|p1b: Kingambit\n|-start|p1b: Kingambit|move: Taunt\n|\n|-heal|p2a: Weezing|37\/100|[from] item: Leftovers\n|-damage|p1a: Rotom|0 fnt|[from] psn\n|faint|p1a: Rotom\n|-damage|p1b: Kingambit|73\/100 brn|[from] brn\n|upkeep\n|\n|t:|1728466858\n|switch|p1a: Sneasler|Sneasler, L50, F|100\/100\n|switch|p2b: Ursaluna|Ursaluna-Bloodmoon, L50, M|100\/100\n|turn|9\n|\n|t:|1728466871\n|move|p2b: Ursaluna|Vacuum Wave|p1b: Kingambit\n|-supereffective|p1b: Kingambit\n|-damage|p1b: Kingambit|7\/100 brn\n|-enditem|p1b: Kingambit|Sitrus Berry|[eat]\n|-heal|p1b: Kingambit|32\/100 brn|[from] item: Sitrus Berry\n|move|p1a: Sneasler|Close Combat|p2b: Ursaluna\n|-supereffective|p2b: Ursaluna\n|-damage|p2b: Ursaluna|1\/100\n|-unboost|p1a: Sneasler|def|1\n|-unboost|p1a: Sneasler|spd|1\n|move|p1b: Kingambit|Throat Chop|p2b: Ursaluna\n|-damage|p2b: Ursaluna|0 fnt\n|faint|p2b: Ursaluna\n|move|p2a: Weezing|Will-O-Wisp|p1a: Sneasler\n|-status|p1a: Sneasler|brn\n|\n|-heal|p2a: Weezing|43\/100|[from] item: Leftovers\n|-damage|p1a: Sneasler|95\/100 brn|[from] brn\n|-damage|p1b: Kingambit|26\/100 brn|[from] brn\n|-end|p2a: Weezing|Throat Chop|[silent]\n|upkeep\n|turn|10\n|\n|t:|1728466891\n|move|p2a: Weezing|Protect|p2a: Weezing\n|-singleturn|p2a: Weezing|Protect\n|move|p1a: Sneasler|Dire Claw|p2a: Weezing\n|-activate|p2a: Weezing|move: Protect\n|move|p1b: Kingambit|Throat Chop|p2a: Weezing\n|-activate|p2a: Weezing|move: Protect\n|\n|-heal|p2a: Weezing|49\/100|[from] item: Leftovers\n|-damage|p1a: Sneasler|89\/100 brn|[from] brn\n|-damage|p1b: Kingambit|20\/100 brn|[from] brn\n|upkeep\n|turn|11\n|inactive|roykeenkennedy has 30 seconds left.\n|\n|t:|1728466916\n|move|p1a: Sneasler|Dire Claw|p2a: Weezing\n|-resisted|p2a: Weezing\n|-damage|p2a: Weezing|40\/100\n|-status|p2a: Weezing|slp\n|move|p1b: Kingambit|Throat Chop|p2a: Weezing\n|-supereffective|p2a: Weezing\n|-damage|p2a: Weezing|4\/100 slp\n|-start|p2a: Weezing|Throat Chop|[silent]\n|cant|p2a: Weezing|slp\n|\n|-heal|p2a: Weezing|10\/100 slp|[from] item: Leftovers\n|-damage|p1a: Sneasler|83\/100 brn|[from] brn\n|-damage|p1b: Kingambit|14\/100 brn|[from] brn\n|-end|p1b: Kingambit|move: Taunt\n|upkeep\n|turn|12\n|\n|t:|1728466931\n|cant|p2a: Weezing|slp\n|move|p1a: Sneasler|Dire Claw|p2a: Weezing\n|-resisted|p2a: Weezing\n|-damage|p2a: Weezing|2\/100 slp\n|move|p1b: Kingambit|Throat Chop|p2a: Weezing\n|-supereffective|p2a: Weezing\n|-damage|p2a: Weezing|0 fnt\n|faint|p2a: Weezing\n|-end|p2a: Weezing|ability: Neutralizing Gas\n|\n|win|DOU Test 9000\n|raw|DOU Test 9000's rating: 1682 &rarr; <strong>1709<\/strong><br \/>(+27 for winning)\n|raw|roykeenkennedy's rating: 1814 &rarr; <strong>1787<\/strong><br \/>(-27 for losing)\n|l|doutest9000\n|l|\u2606roykeenkennedy\n|player|p2|\n","uploadtime":1728467106,"views":20,"formatid":"gen9vgc2024regh","rating":1709,"private":0,"password":null}