{"id":"gen9vgc2024regh-2219174817","format":"[Gen 9] VGC 2024 Reg H","players":["Zordor","Engineer vgc"],"log":"|j|\u2606Zordor\n|j|\u2606Engineer vgc\n|t:|1728468839\n|gametype|doubles\n|player|p1|Zordor|pilot|1670\n|player|p2|Engineer vgc|265|1783\n|teamsize|p1|6\n|teamsize|p2|6\n|gen|9\n|tier|[Gen 9] VGC 2024 Reg H\n|rated|\n|rule|Species Clause: Limit one of each Pok\u00e9mon\n|rule|Item Clause: Limit 1 of each item\n|clearpoke\n|poke|p1|Rotom-Wash, L50|\n|poke|p1|Sneasler, L50, M|\n|poke|p1|Kingambit, L50, F|\n|poke|p1|Armarouge, L50, F|\n|poke|p1|Dragapult, L50, F|\n|poke|p1|Venusaur, L50, F|\n|poke|p2|Gholdengo, L50|\n|poke|p2|Garchomp, L50, M|\n|poke|p2|Tyranitar, L50, F|\n|poke|p2|Amoonguss, L50, M|\n|poke|p2|Primarina, L50, M|\n|poke|p2|Kilowattrel, L50, F|\n|teampreview|4\n|\n|t:|1728468885\n|start\n|switch|p1a: Rotom|Rotom-Wash, L50|100\/100\n|switch|p1b: Sneasler|Sneasler, L50, M|100\/100\n|switch|p2a: Kilowattrel|Kilowattrel, L50, F|100\/100\n|switch|p2b: Tyranitar|Tyranitar, L50, F|100\/100\n|-weather|Sandstorm|[from] ability: Sand Stream|[of] p2b: Tyranitar\n|turn|1\n|\n|t:|1728468926\n|switch|p2b: Gholdengo|Gholdengo, L50|100\/100\n|move|p2a: Kilowattrel|Air Slash|p1b: Sneasler\n|-supereffective|p1b: Sneasler\n|-damage|p1b: Sneasler|8\/100\n|move|p1b: Sneasler|Dire Claw|p2a: Kilowattrel\n|-damage|p2a: Kilowattrel|17\/100\n|move|p1a: Rotom|Electroweb|p2b: Gholdengo|[spread] p2a,p2b\n|-damage|p2a: Kilowattrel|0 fnt\n|-damage|p2b: Gholdengo|82\/100\n|-unboost|p2b: Gholdengo|spe|1\n|faint|p2a: Kilowattrel\n|\n|-weather|Sandstorm|[upkeep]\n|-damage|p1b: Sneasler|2\/100|[from] Sandstorm\n|upkeep\n|\n|t:|1728468943\n|switch|p2a: Garchomp|Garchomp, L50, M|100\/100\n|turn|2\n|\n|t:|1728468951\n|move|p2a: Garchomp|Protect|p2a: Garchomp\n|-singleturn|p2a: Garchomp|Protect\n|move|p1b: Sneasler|Rock Tomb|p2a: Garchomp\n|-activate|p2a: Garchomp|move: Protect\n|move|p1a: Rotom|Will-O-Wisp|p2a: Garchomp\n|-activate|p2a: Garchomp|move: Protect\n|move|p2b: Gholdengo|Shadow Ball|p1a: Rotom\n|-damage|p1a: Rotom|37\/100\n|\n|-weather|Sandstorm|[upkeep]\n|-damage|p1b: Sneasler|0 fnt|[from] Sandstorm\n|faint|p1b: Sneasler\n|upkeep\n|\n|t:|1728468965\n|switch|p1b: Kingambit|Kingambit, L50, F|100\/100\n|turn|3\n|\n|t:|1728468992\n|switch|p2b: Tyranitar|Tyranitar, L50, F|100\/100\n|move|p2a: Garchomp|Dragon Claw|p1a: Rotom\n|-damage|p1a: Rotom|0 fnt\n|faint|p1a: Rotom\n|-damage|p2a: Garchomp|91\/100|[from] item: Life Orb\n|move|p1b: Kingambit|Throat Chop|p2b: Tyranitar\n|-resisted|p2b: Tyranitar\n|-damage|p2b: Tyranitar|84\/100\n|-start|p2b: Tyranitar|Throat Chop|[silent]\n|\n|-weather|Sandstorm|[upkeep]\n|upkeep\n|\n|t:|1728468996\n|switch|p1a: Dragapult|Dragapult, L50, F|100\/100\n|turn|4\n|j| Tian15\n|\n|t:|1728469018\n|-terastallize|p1a: Dragapult|Fighting\n|-terastallize|p2a: Garchomp|Ground\n|move|p1b: Kingambit|Protect|p1b: Kingambit\n|-singleturn|p1b: Kingambit|Protect\n|move|p1a: Dragapult|Dragon Darts|p2a: Garchomp\n|-damage|p2a: Garchomp|70\/100\n|-anim|p1a: Dragapult|Dragon Darts|p2b: Tyranitar\n|-damage|p2b: Tyranitar|65\/100\n|move|p2a: Garchomp|Stomping Tantrum|p1b: Kingambit\n|-activate|p1b: Kingambit|move: Protect\n|move|p2b: Tyranitar|Crunch|p1a: Dragapult\n|-resisted|p1a: Dragapult\n|-damage|p1a: Dragapult|80\/100\n|\n|-weather|Sandstorm|[upkeep]\n|-damage|p1a: Dragapult|74\/100|[from] Sandstorm\n|-end|p2b: Tyranitar|Throat Chop|[silent]\n|upkeep\n|turn|5\n|\n|t:|1728469063\n|move|p1b: Kingambit|Sucker Punch|p2a: Garchomp\n|-damage|p2a: Garchomp|32\/100\n|-damage|p1b: Kingambit|88\/100|[from] ability: Rough Skin|[of] p2a: Garchomp\n|move|p1a: Dragapult|Tera Blast|p2a: Garchomp|[anim] Tera Blast Fighting\n|-damage|p2a: Garchomp|0 fnt\n|faint|p2a: Garchomp\n|move|p2b: Tyranitar|Low Kick|p1b: Kingambit\n|-supereffective|p1b: Kingambit\n|-damage|p1b: Kingambit|0 fnt\n|faint|p1b: Kingambit\n|\n|-weather|none\n|upkeep\n|\n|t:|1728469073\n|switch|p2a: Gholdengo|Gholdengo, L50|82\/100\n|turn|6\n|\n|t:|1728469083\n|move|p1a: Dragapult|Phantom Force||[still]\n|-prepare|p1a: Dragapult|Phantom Force\n|move|p2a: Gholdengo|Shadow Ball|p1a: Dragapult|[miss]\n|-miss|p2a: Gholdengo|p1a: Dragapult\n|move|p2b: Tyranitar|Low Kick|p1a: Dragapult|[miss]\n|-miss|p2b: Tyranitar|p1a: Dragapult\n|\n|upkeep\n|turn|7\n|\n|t:|1728469098\n|move|p1a: Dragapult|Phantom Force|p2a: Gholdengo|[from]lockedmove\n|-supereffective|p2a: Gholdengo\n|-damage|p2a: Gholdengo|0 fnt\n|faint|p2a: Gholdengo\n|move|p2b: Tyranitar|Low Kick|p1a: Dragapult\n|-damage|p1a: Dragapult|45\/100\n|\n|upkeep\n|turn|8\n|\n|t:|1728469112\n|move|p1a: Dragapult|Tera Blast|p2b: Tyranitar|[anim] Tera Blast Fighting\n|-supereffective|p2b: Tyranitar\n|-damage|p2b: Tyranitar|0 fnt\n|faint|p2b: Tyranitar\n|\n|win|Zordor\n|raw|Zordor's rating: 1670 &rarr; <strong>1696<\/strong><br \/>(+26 for winning)\n|raw|Engineer vgc's rating: 1783 &rarr; <strong>1757<\/strong><br \/>(-26 for losing)\n|l|\u2606Engineer vgc\n|player|p2|\n|l| Tian15\n|l|\u2606Zordor\n|player|p1|\n","uploadtime":1728469337,"views":15,"formatid":"gen9vgc2024regh","rating":1696,"private":0,"password":null}