{"id":"gen9vgc2024regh-2219403835","format":"[Gen 9] VGC 2024 Reg H","players":["brednas7","bieiup"],"log":"|j|\u2606brednas7\n|j|\u2606bieiup\n|t:|1728492501\n|gametype|doubles\n|player|p1|brednas7|hilbert|1697\n|player|p2|bieiup|lillie-z|1743\n|teamsize|p1|6\n|teamsize|p2|6\n|gen|9\n|tier|[Gen 9] VGC 2024 Reg H\n|rated|\n|rule|Species Clause: Limit one of each Pok\u00e9mon\n|rule|Item Clause: Limit 1 of each item\n|clearpoke\n|poke|p1|Kommo-o, L50, F|\n|poke|p1|Tyranitar, L50, F|\n|poke|p1|Excadrill, L50, F|\n|poke|p1|Sinistcha, L50|\n|poke|p1|Primarina, L50, F|\n|poke|p1|Sneasler, L50, M|\n|poke|p2|Sableye, L50, M|\n|poke|p2|Dondozo, L50, F|\n|poke|p2|Sylveon, L50, M|\n|poke|p2|Dragonite, L50, F|\n|poke|p2|Gholdengo, L50|\n|poke|p2|Ursaluna-Bloodmoon, L50, M|\n|teampreview|4\n|j| ideaE\n|\n|t:|1728492558\n|start\n|switch|p1a: Tyranitar|Tyranitar, L50, F|100\/100\n|switch|p1b: Excadrill|Excadrill, L50, F|100\/100\n|switch|p2a: Sableye|Sableye, L50, M|100\/100\n|switch|p2b: Sylveon|Sylveon, L50, M|100\/100\n|-weather|Sandstorm|[from] ability: Sand Stream|[of] p1a: Tyranitar\n|turn|1\n|inactive|Battle timer is ON: inactive players will automatically lose when time's up. (requested by bieiup)\n|\n|t:|1728492580\n|move|p1b: Excadrill|Protect|p1b: Excadrill\n|-singleturn|p1b: Excadrill|Protect\n|move|p2a: Sableye|Fake Out|p1b: Excadrill\n|-activate|p1b: Excadrill|move: Protect\n|move|p1a: Tyranitar|Rock Slide|p2b: Sylveon|[spread] p2a,p2b\n|-damage|p2a: Sableye|54\/100\n|-damage|p2b: Sylveon|57\/100\n|move|p2b: Sylveon|Hyper Voice|p1a: Tyranitar|[spread] p1a\n|-activate|p1b: Excadrill|move: Protect\n|-supereffective|p1a: Tyranitar\n|-damage|p1a: Tyranitar|69\/100\n|-enditem|p2b: Sylveon|Throat Spray\n|-boost|p2b: Sylveon|spa|1|[from] item: Throat Spray\n|\n|-weather|Sandstorm|[upkeep]\n|-damage|p2a: Sableye|48\/100|[from] Sandstorm\n|-damage|p2b: Sylveon|51\/100|[from] Sandstorm\n|upkeep\n|turn|2\n|\n|t:|1728492599\n|move|p2a: Sableye|Encore|p1b: Excadrill\n|-start|p1b: Excadrill|Encore\n|move|p1b: Excadrill|Protect||[still]\n|-fail|p1b: Excadrill\n|move|p1a: Tyranitar|Rock Slide|p2a: Sableye|[spread] p2a,p2b\n|-damage|p2a: Sableye|2\/100\n|-damage|p2b: Sylveon|8\/100\n|cant|p2b: Sylveon|flinch\n|\n|-weather|Sandstorm|[upkeep]\n|-damage|p2a: Sableye|0 fnt|[from] Sandstorm\n|-damage|p2b: Sylveon|2\/100|[from] Sandstorm\n|faint|p2a: Sableye\n|upkeep\n|c|\u2606bieiup|......\n|\n|t:|1728492613\n|switch|p2a: Dondozo|Dondozo, L50, F|100\/100\n|turn|3\n|\n|t:|1728492620\n|switch|p1b: Sinistcha|Sinistcha, L50|100\/100\n|-heal|p1a: Tyranitar|94\/100|[from] ability: Hospitality|[of] p1b: Sinistcha\n|move|p1a: Tyranitar|Rock Slide|p2a: Dondozo|[spread] p2a\n|-miss|p1a: Tyranitar|p2b: Sylveon\n|-damage|p2a: Dondozo|82\/100\n|move|p2b: Sylveon|Hyper Voice|p1a: Tyranitar|[spread] p1a,p1b\n|-supereffective|p1a: Tyranitar\n|-damage|p1a: Tyranitar|40\/100\n|-damage|p1b: Sinistcha|42\/100\n|move|p2a: Dondozo|Curse|p2a: Dondozo\n|-unboost|p2a: Dondozo|spe|1\n|-boost|p2a: Dondozo|atk|1\n|-boost|p2a: Dondozo|def|1\n|\n|-weather|Sandstorm|[upkeep]\n|-damage|p1b: Sinistcha|35\/100|[from] Sandstorm\n|-damage|p2b: Sylveon|0 fnt|[from] Sandstorm\n|-damage|p2a: Dondozo|76\/100|[from] Sandstorm\n|faint|p2b: Sylveon\n|upkeep\n|\n|t:|1728492624\n|switch|p2b: Dragonite|Dragonite, L50, F|100\/100\n|turn|4\n|\n|t:|1728492645\n|switch|p1a: Sneasler|Sneasler, L50, M|100\/100\n|move|p2b: Dragonite|Aerial Ace|p1b: Sinistcha\n|-supereffective|p1b: Sinistcha\n|-crit|p1b: Sinistcha\n|-enditem|p1b: Sinistcha|Coba Berry|[eat]\n|-enditem|p1b: Sinistcha|Coba Berry|[weaken]\n|-damage|p1b: Sinistcha|0 fnt\n|faint|p1b: Sinistcha\n|move|p2a: Dondozo|Earthquake|p1a: Sneasler|[spread] p1a\n|-immune|p2b: Dragonite\n|-supereffective|p1a: Sneasler\n|-damage|p1a: Sneasler|21\/100\n|\n|-weather|Sandstorm|[upkeep]\n|-damage|p1a: Sneasler|15\/100|[from] Sandstorm\n|-damage|p2b: Dragonite|95\/100|[from] Sandstorm\n|-damage|p2a: Dondozo|69\/100|[from] Sandstorm\n|upkeep\n|\n|t:|1728492658\n|switch|p1b: Excadrill|Excadrill, L50, F|100\/100\n|turn|5\n|\n|t:|1728492668\n|move|p1a: Sneasler|Fake Out|p2a: Dondozo\n|-damage|p2a: Dondozo|63\/100\n|-status|p2a: Dondozo|psn|[from] ability: Poison Touch|[of] p1a: Sneasler\n|move|p2b: Dragonite|Extreme Speed|p1a: Sneasler\n|-damage|p1a: Sneasler|0 fnt\n|faint|p1a: Sneasler\n|move|p1b: Excadrill|Iron Head|p2b: Dragonite\n|-damage|p2b: Dragonite|52\/100\n|cant|p2a: Dondozo|flinch\n|\n|-weather|none\n|-damage|p2a: Dondozo|51\/100 psn|[from] psn\n|upkeep\n|\n|t:|1728492680\n|switch|p1a: Tyranitar|Tyranitar, L50, F|40\/100\n|-weather|Sandstorm|[from] ability: Sand Stream|[of] p1a: Tyranitar\n|turn|6\n|\n|t:|1728492692\n|-terastallize|p2b: Dragonite|Dark\n|-terastallize|p1a: Tyranitar|Dragon\n|move|p1b: Excadrill|Rock Slide|p2a: Dondozo|[spread] p2a,p2b\n|-damage|p2a: Dondozo|42\/100 psn\n|-damage|p2b: Dragonite|32\/100\n|move|p2b: Dragonite|Earthquake|p1b: Excadrill|[spread] p2a,p1a,p1b\n|-crit|p1a: Tyranitar\n|-supereffective|p1b: Excadrill\n|-damage|p2a: Dondozo|30\/100 psn\n|-damage|p1a: Tyranitar|6\/100\n|-damage|p1b: Excadrill|15\/100\n|move|p1a: Tyranitar|Rock Slide|p2b: Dragonite|[spread] p2a,p2b\n|-damage|p2a: Dondozo|17\/100 psn\n|-damage|p2b: Dragonite|0 fnt\n|faint|p2b: Dragonite\n|cant|p2a: Dondozo|flinch\n|\n|-weather|Sandstorm|[upkeep]\n|-damage|p1a: Tyranitar|0 fnt|[from] Sandstorm\n|-damage|p2a: Dondozo|11\/100 psn|[from] Sandstorm\n|faint|p1a: Tyranitar\n|-damage|p2a: Dondozo|0 fnt|[from] psn\n|faint|p2a: Dondozo\n|\n|win|brednas7\n|upkeep\n|raw|brednas7's rating: 1697 &rarr; <strong>1720<\/strong><br \/>(+23 for winning)\n|raw|bieiup's rating: 1743 &rarr; <strong>1720<\/strong><br \/>(-23 for losing)\n|c|\u2606bieiup|.............\n|l|\u2606bieiup\n|player|p2|\n|l|\u2606brednas7\n|player|p1|\n|l| ideaE\n","uploadtime":1728492860,"views":16,"formatid":"gen9vgc2024regh","rating":1720,"private":0,"password":null}