{"id":"gen9vgc2024regh-2219737449","format":"[Gen 9] VGC 2024 Reg H","players":["Diddle08","Rgktest"],"log":"|j|\u2606Diddle08\n|j|\u2606Rgktest\n|t:|1728527060\n|gametype|doubles\n|player|p1|Diddle08|102|1654\n|player|p2|Rgktest|101|1686\n|teamsize|p1|6\n|teamsize|p2|6\n|gen|9\n|tier|[Gen 9] VGC 2024 Reg H\n|rated|\n|rule|Species Clause: Limit one of each Pok\u00e9mon\n|rule|Item Clause: Limit 1 of each item\n|clearpoke\n|poke|p1|Blastoise, L50, F|\n|poke|p1|Volcarona, L50, F|\n|poke|p1|Serperior, L50, M|\n|poke|p1|Ursaluna-Bloodmoon, L50, M|\n|poke|p1|Weezing, L50, M|\n|poke|p1|Slaking, L50, M|\n|poke|p2|Baxcalibur, L50, M|\n|poke|p2|Magmortar, L50, F|\n|poke|p2|Kingambit, L50, F|\n|poke|p2|Rillaboom, L50, M|\n|poke|p2|Ninetales-Alola, L50, F|\n|poke|p2|Sneasler, L50, F|\n|teampreview|4\nDiddle08 has agreed to open team sheets.\n|inactive|Battle timer is ON: inactive players will automatically lose when time's up. (requested by Diddle08)\n|inactive|Rgktest has 60 seconds left.\n|\n|t:|1728527124\n|start\n|switch|p1a: Slaking|Slaking, L50, M|100\/100\n|switch|p1b: Weezing|Weezing, L50, M, shiny|100\/100\n|switch|p2a: Baxcalibur|Baxcalibur, L50, M|100\/100\n|switch|p2b: Magmortar|Magmortar, L50, F|100\/100\n|-ability|p1b: Weezing|Neutralizing Gas\n|turn|1\n|\n|t:|1728527149\n|move|p2b: Magmortar|Follow Me|p2b: Magmortar\n|-singleturn|p2b: Magmortar|move: Follow Me\n|move|p1a: Slaking|Double-Edge|p2b: Magmortar\n|-crit|p2b: Magmortar\n|-damage|p2b: Magmortar|0 fnt\n|faint|p2b: Magmortar\n|-damage|p1a: Slaking|74\/100|[from] Recoil\n|-damage|p1a: Slaking|64\/100|[from] item: Life Orb\n|move|p2a: Baxcalibur|Swords Dance|p2a: Baxcalibur\n|-boost|p2a: Baxcalibur|atk|2\n|move|p1b: Weezing|Will-O-Wisp|p2a: Baxcalibur\n|-status|p2a: Baxcalibur|brn\n|\n|-damage|p2a: Baxcalibur|94\/100 brn|[from] brn\n|upkeep\n|\n|t:|1728527166\n|switch|p2b: Rillaboom|Rillaboom, L50, M|100\/100\n|turn|2\n|\n|t:|1728527189\n|-terastallize|p1a: Slaking|Ghost\n|move|p2b: Rillaboom|Fake Out|p1b: Weezing\n|-damage|p1b: Weezing|89\/100\n|move|p1a: Slaking|Double-Edge|p2a: Baxcalibur\n|-damage|p2a: Baxcalibur|0 fnt\n|faint|p2a: Baxcalibur\n|-damage|p1a: Slaking|36\/100|[from] Recoil\n|-damage|p1a: Slaking|26\/100|[from] item: Life Orb\n|cant|p1b: Weezing|flinch\n|\n|upkeep\n|\n|t:|1728527192\n|switch|p2a: Sneasler|Sneasler, L50, F|100\/100\n|turn|3\n|\n|t:|1728527206\n|move|p1a: Slaking|Protect|p1a: Slaking\n|-singleturn|p1a: Slaking|Protect\n|move|p2a: Sneasler|Dire Claw|p1a: Slaking\n|-activate|p1a: Slaking|move: Protect\n|move|p2b: Rillaboom|Wood Hammer|p1b: Weezing\n|-resisted|p1b: Weezing\n|-damage|p1b: Weezing|64\/100\n|-damage|p2b: Rillaboom|94\/100|[from] Recoil\n|move|p1b: Weezing|Will-O-Wisp|p2a: Sneasler\n|-status|p2a: Sneasler|brn\n|\n|-damage|p2a: Sneasler|95\/100 brn|[from] brn\n|upkeep\n|turn|4\n|inactive|Diddle08 has 30 seconds left.\n|\n|t:|1728527233\n|move|p1a: Slaking|Sucker Punch|p2b: Rillaboom\n|-damage|p2b: Rillaboom|56\/100\n|-damage|p1a: Slaking|16\/100|[from] item: Life Orb\n|move|p2a: Sneasler|Dire Claw|p1a: Slaking\n|-resisted|p1a: Slaking\n|-damage|p1a: Slaking|8\/100\n|-status|p1a: Slaking|par\n|move|p2b: Rillaboom|Wood Hammer|p1b: Weezing\n|-resisted|p1b: Weezing\n|-crit|p1b: Weezing\n|-damage|p1b: Weezing|27\/100\n|-enditem|p1b: Weezing|Sitrus Berry|[eat]\n|-heal|p1b: Weezing|52\/100|[from] item: Sitrus Berry\n|-damage|p2b: Rillaboom|46\/100|[from] Recoil\n|move|p1b: Weezing|Will-O-Wisp|p2b: Rillaboom|[miss]\n|-miss|p1b: Weezing|p2b: Rillaboom\n|\n|-damage|p2a: Sneasler|89\/100 brn|[from] brn\n|upkeep\n|turn|5\n|inactive|Diddle08 has 30 seconds left.\n|inactive|Rgktest has 30 seconds left.\n|\n|t:|1728527261\n|-terastallize|p2a: Sneasler|Fighting\n|move|p1b: Weezing|Protect|p1b: Weezing\n|-singleturn|p1b: Weezing|Protect\n|move|p1a: Slaking|Sucker Punch|p2b: Rillaboom\n|-damage|p2b: Rillaboom|7\/100\n|-damage|p1a: Slaking|0 fnt|[from] item: Life Orb\n|faint|p1a: Slaking\n|move|p2a: Sneasler|Close Combat|p1b: Weezing\n|-activate|p1b: Weezing|move: Protect\n|move|p2b: Rillaboom|Wood Hammer|p1b: Weezing\n|-activate|p1b: Weezing|move: Protect\n|\n|-damage|p2a: Sneasler|83\/100 brn|[from] brn\n|upkeep\n|\n|t:|1728527282\n|switch|p1a: Blastoise|Blastoise, L50, F|100\/100\n|turn|6\n|\n|t:|1728527293\n|move|p1a: Blastoise|Fake Out|p2b: Rillaboom\n|-damage|p2b: Rillaboom|0 fnt\n|faint|p2b: Rillaboom\n|move|p2a: Sneasler|Dire Claw|p1b: Weezing\n|-resisted|p1b: Weezing\n|-damage|p1b: Weezing|43\/100\n|move|p1b: Weezing|Sludge Bomb|p2a: Sneasler\n|-damage|p2a: Sneasler|48\/100 brn\n|\n|-damage|p2a: Sneasler|42\/100 brn|[from] brn\n|upkeep\n|turn|7\n|\n|t:|1728527307\n|move|p2a: Sneasler|Close Combat|p1b: Weezing\n|-resisted|p1b: Weezing\n|-damage|p1b: Weezing|23\/100\n|-unboost|p2a: Sneasler|def|1\n|-unboost|p2a: Sneasler|spd|1\n|move|p1a: Blastoise|Water Spout|p2a: Sneasler\n|-damage|p2a: Sneasler|0 fnt\n|faint|p2a: Sneasler\n|\n|win|Diddle08\n|raw|Diddle08's rating: 1654 &rarr; <strong>1676<\/strong><br \/>(+22 for winning)\n|raw|Rgktest's rating: 1686 &rarr; <strong>1664<\/strong><br \/>(-22 for losing)\n|l|\u2606Rgktest\n|player|p2|\n|l|\u2606Diddle08\n|player|p1|\n","uploadtime":1728527572,"views":14,"formatid":"gen9vgc2024regh","rating":1664,"private":0,"password":null}