{"id":"gen9vgc2024regh-2219782107","format":"[Gen 9] VGC 2024 Reg H","players":["bieiup","ps12032"],"log":"|j|\u2606bieiup\n|j|\u2606ps12032\n|t:|1728533090\n|gametype|doubles\n|player|p1|bieiup|lillie-z|1734\n|player|p2|ps12032|2|1768\n|teamsize|p1|6\n|teamsize|p2|6\n|gen|9\n|tier|[Gen 9] VGC 2024 Reg H\n|rated|\n|rule|Species Clause: Limit one of each Pok\u00e9mon\n|rule|Item Clause: Limit 1 of each item\n|clearpoke\n|poke|p1|Sableye, L50, M|\n|poke|p1|Dondozo, L50, M|\n|poke|p1|Sylveon, L50, M|\n|poke|p1|Dragonite, L50, M|\n|poke|p1|Gholdengo, L50|\n|poke|p1|Ursaluna-Bloodmoon, L50, M|\n|poke|p2|Kommo-o, L50, M|\n|poke|p2|Tyranitar, L50, M|\n|poke|p2|Excadrill, L50, F|\n|poke|p2|Samurott-Hisui, L50, F|\n|poke|p2|Corviknight, L50, F|\n|poke|p2|Indeedee, L50, M|\n|teampreview|4\n|inactive|Battle timer is ON: inactive players will automatically lose when time's up. (requested by bieiup)\n|inactive|ps12032 has 60 seconds left.\n|\n|t:|1728533135\n|start\n|switch|p1a: Sableye|Sableye, L50, M|100\/100\n|switch|p1b: Ursaluna|Ursaluna-Bloodmoon, L50, M|100\/100\n|switch|p2a: Kommo-o|Kommo-o, L50, M|100\/100\n|switch|p2b: Excadrill|Excadrill, L50, F|100\/100\n|turn|1\n|j| stewpeed\n|\n|t:|1728533146\n|move|p2b: Excadrill|Protect|p2b: Excadrill\n|-singleturn|p2b: Excadrill|Protect\n|move|p1a: Sableye|Fake Out|p2b: Excadrill\n|-activate|p2b: Excadrill|move: Protect\n|move|p2a: Kommo-o|Aura Sphere|p1b: Ursaluna\n|-supereffective|p1b: Ursaluna\n|-damage|p1b: Ursaluna|0 fnt\n|faint|p1b: Ursaluna\n|\n|upkeep\n|c|\u2606bieiup|??????\n|\n|t:|1728533157\n|switch|p1b: Dondozo|Dondozo, L50, M|100\/100\n|turn|2\n|\n|t:|1728533166\n|switch|p2b: Corviknight|Corviknight, L50, F|100\/100\n|move|p1a: Sableye|Will-O-Wisp|p2b: Corviknight\n|-status|p2b: Corviknight|brn\n|move|p2a: Kommo-o|Aura Sphere|p1b: Dondozo\n|-damage|p1b: Dondozo|61\/100\n|move|p1b: Dondozo|Curse|p1b: Dondozo\n|-unboost|p1b: Dondozo|spe|1\n|-boost|p1b: Dondozo|atk|1\n|-boost|p1b: Dondozo|def|1\n|\n|-damage|p2b: Corviknight|95\/100 brn|[from] brn\n|upkeep\n|turn|3\n|\n|t:|1728533179\n|move|p1a: Sableye|Light Screen|p1a: Sableye\n|-sidestart|p1: bieiup|move: Light Screen\n|move|p2a: Kommo-o|Aura Sphere|p1b: Dondozo\n|-damage|p1b: Dondozo|36\/100\n|move|p2b: Corviknight|Taunt|p1b: Dondozo\n|-start|p1b: Dondozo|move: Taunt\n|cant|p1b: Dondozo|move: Taunt|Curse\n|\n|-damage|p2b: Corviknight|89\/100 brn|[from] brn\n|upkeep\n|turn|4\n|\n|t:|1728533191\n|move|p1a: Sableye|Encore|p2b: Corviknight\n|-start|p2b: Corviknight|Encore\n|move|p2a: Kommo-o|Aura Sphere|p1b: Dondozo\n|-damage|p1b: Dondozo|10\/100\n|move|p2b: Corviknight|Taunt|p1a: Sableye\n|-start|p1a: Sableye|move: Taunt\n|move|p1b: Dondozo|Fissure|p2a: Kommo-o|[miss]\n|-miss|p1b: Dondozo|p2a: Kommo-o\n|\n|-damage|p2b: Corviknight|83\/100 brn|[from] brn\n|upkeep\n|turn|5\n|\n|t:|1728533204\n|switch|p1a: Gholdengo|Gholdengo, L50|100\/100\n|switch|p2b: Tyranitar|Tyranitar, L50, M|100\/100\n|-weather|Sandstorm|[from] ability: Sand Stream|[of] p2b: Tyranitar\n|-terastallize|p1b: Dondozo|Ghost\n|move|p2a: Kommo-o|Aura Sphere|p1b: Dondozo\n|-immune|p1b: Dondozo\n|move|p1b: Dondozo|Fissure|p2a: Kommo-o\n|-damage|p2a: Kommo-o|0 fnt\n|faint|p2a: Kommo-o\n|-ohko\n|\n|-weather|Sandstorm|[upkeep]\n|-damage|p1b: Dondozo|4\/100|[from] Sandstorm\n|-end|p1b: Dondozo|move: Taunt\n|upkeep\n|\n|t:|1728533215\n|switch|p2a: Excadrill|Excadrill, L50, F|100\/100\n|turn|6\n|\n|t:|1728533222\n|move|p2a: Excadrill|High Horsepower|p1a: Gholdengo\n|-supereffective|p1a: Gholdengo\n|-damage|p1a: Gholdengo|0 fnt\n|faint|p1a: Gholdengo\n|move|p2b: Tyranitar|Knock Off|p1b: Dondozo\n|-supereffective|p1b: Dondozo\n|-damage|p1b: Dondozo|0 fnt\n|-enditem|p1b: Dondozo|Chesto Berry|[from] move: Knock Off|[of] p2b: Tyranitar\n|faint|p1b: Dondozo\n|\n|-weather|Sandstorm|[upkeep]\n|upkeep\n|-message|bieiup forfeited.\n|\n|win|ps12032\n|raw|bieiup's rating: 1734 &rarr; <strong>1716<\/strong><br \/>(-18 for losing)\n|raw|ps12032's rating: 1768 &rarr; <strong>1786<\/strong><br \/>(+18 for winning)\n|l|\u2606bieiup\n|player|p1|\n|l| stewpeed\n|l|\u2606ps12032\n|player|p2|\n","uploadtime":1728533397,"views":9,"formatid":"gen9vgc2024regh","rating":1716,"private":0,"password":null}