{"id":"gen9vgc2024regh-2219062417","format":"[Gen 9] VGC 2024 Reg H","players":["caZISA","bieiup"],"log":"|j|\u2606caZISA\n|j|\u2606bieiup\n|t:|1728449808\n|gametype|doubles\n|player|p1|caZISA|101|1714\n|player|p2|bieiup|lillie-z|1681\n|teamsize|p1|6\n|teamsize|p2|6\n|gen|9\n|tier|[Gen 9] VGC 2024 Reg H\n|rated|\n|rule|Species Clause: Limit one of each Pok\u00e9mon\n|rule|Item Clause: Limit 1 of each item\n|clearpoke\n|poke|p1|Garchomp, L50, M|\n|poke|p1|Tyranitar, L50, M|\n|poke|p1|Rillaboom, L50, M|\n|poke|p1|Talonflame, L50, M|\n|poke|p1|Primarina, L50, M|\n|poke|p1|Gholdengo, L50|\n|poke|p2|Sableye, L50, M|\n|poke|p2|Dondozo, L50, F|\n|poke|p2|Sylveon, L50, F|\n|poke|p2|Dragonite, L50, F|\n|poke|p2|Gholdengo, L50|\n|poke|p2|Ursaluna-Bloodmoon, L50, M|\n|teampreview|4\n|inactive|Battle timer is ON: inactive players will automatically lose when time's up. (requested by bieiup)\n|\n|t:|1728449832\n|start\n|switch|p1a: Primarina|Primarina, L50, M|100\/100\n|switch|p1b: Gholdengo|Gholdengo, L50|100\/100\n|switch|p2a: Sableye|Sableye, L50, M|100\/100\n|switch|p2b: Sylveon|Sylveon, L50, F|100\/100\n|turn|1\n|\n|t:|1728449841\n|-terastallize|p2b: Sylveon|Fire\n|move|p1b: Gholdengo|Protect|p1b: Gholdengo\n|-singleturn|p1b: Gholdengo|Protect\n|move|p2a: Sableye|Fake Out|p1a: Primarina\n|-damage|p1a: Primarina|91\/100\n|cant|p1a: Primarina|flinch\n|move|p2b: Sylveon|Tera Blast|p1b: Gholdengo|[anim] Tera Blast Fire\n|-activate|p1b: Gholdengo|move: Protect\n|\n|upkeep\n|turn|2\n|\n|t:|1728449848\n|move|p2a: Sableye|Light Screen|p2a: Sableye\n|-sidestart|p2: bieiup|move: Light Screen\n|move|p1b: Gholdengo|Make It Rain|p2a: Sableye|[spread] p2a,p2b\n|-resisted|p2b: Sylveon\n|-damage|p2a: Sableye|41\/100\n|-damage|p2b: Sylveon|87\/100\n|-unboost|p1b: Gholdengo|spa|1\n|-damage|p1b: Gholdengo|91\/100|[from] item: Life Orb\n|move|p1a: Primarina|Hyper Voice|p2a: Sableye|[spread] p2a,p2b\n|-supereffective|p2b: Sylveon\n|-damage|p2a: Sableye|4\/100\n|-damage|p2b: Sylveon|54\/100\n|move|p2b: Sylveon|Hyper Voice|p1b: Gholdengo|[spread] p1a,p1b\n|-resisted|p1b: Gholdengo\n|-damage|p1a: Primarina|55\/100\n|-damage|p1b: Gholdengo|67\/100\n|-enditem|p2b: Sylveon|Throat Spray\n|-boost|p2b: Sylveon|spa|1|[from] item: Throat Spray\n|\n|upkeep\n|turn|3\n|\n|t:|1728449863\n|move|p2a: Sableye|Encore|p2b: Sylveon\n|-start|p2b: Sylveon|Encore\n|move|p2b: Sylveon|Hyper Voice|p1b: Gholdengo|[spread] p1a,p1b\n|-resisted|p1b: Gholdengo\n|-damage|p1a: Primarina|2\/100\n|-damage|p1b: Gholdengo|31\/100\n|-enditem|p1a: Primarina|Sitrus Berry|[eat]\n|-heal|p1a: Primarina|27\/100|[from] item: Sitrus Berry\n|move|p1b: Gholdengo|Shadow Ball|p2b: Sylveon\n|-damage|p2b: Sylveon|36\/100\n|-damage|p1b: Gholdengo|21\/100|[from] item: Life Orb\n|move|p1a: Primarina|Hyper Voice|p2b: Sylveon|[spread] p2a,p2b\n|-supereffective|p2b: Sylveon\n|-damage|p2a: Sableye|0 fnt\n|-damage|p2b: Sylveon|0 fnt\n|faint|p2a: Sableye\n|faint|p2b: Sylveon\n|\n|upkeep\n|\n|t:|1728449868\n|switch|p2a: Dragonite|Dragonite, L50, F|100\/100\n|switch|p2b: Dondozo|Dondozo, L50, F|100\/100\n|turn|4\n|\n|t:|1728449880\n|move|p2a: Dragonite|Extreme Speed|p1a: Primarina\n|-damage|p1a: Primarina|0 fnt\n|faint|p1a: Primarina\n|move|p1b: Gholdengo|Make It Rain|p2a: Dragonite|[spread] p2a,p2b\n|-resisted|p2b: Dondozo\n|-damage|p2a: Dragonite|92\/100\n|-damage|p2b: Dondozo|88\/100\n|-unboost|p1b: Gholdengo|spa|1\n|-damage|p1b: Gholdengo|12\/100|[from] item: Life Orb\n|move|p2b: Dondozo|Earthquake|p1b: Gholdengo|[spread] p1b\n|-immune|p2a: Dragonite\n|-supereffective|p1b: Gholdengo\n|-damage|p1b: Gholdengo|0 fnt\n|faint|p1b: Gholdengo\n|\n|upkeep\n|\n|t:|1728449883\n|switch|p1b: Garchomp|Garchomp, L50, M|100\/100\n|switch|p1a: Tyranitar|Tyranitar, L50, M, shiny|100\/100\n|-weather|Sandstorm|[from] ability: Sand Stream|[of] p1a: Tyranitar\n|turn|5\n|\n|t:|1728449892\n|move|p1b: Garchomp|Protect|p1b: Garchomp\n|-singleturn|p1b: Garchomp|Protect\n|move|p2a: Dragonite|Extreme Speed|p1b: Garchomp\n|-activate|p1b: Garchomp|move: Protect\n|move|p1a: Tyranitar|Rock Slide|p2a: Dragonite|[spread] p2a,p2b\n|-supereffective|p2a: Dragonite\n|-damage|p2a: Dragonite|28\/100\n|-damage|p2b: Dondozo|67\/100\n|move|p2b: Dondozo|Curse|p2b: Dondozo\n|-unboost|p2b: Dondozo|spe|1\n|-boost|p2b: Dondozo|atk|1\n|-boost|p2b: Dondozo|def|1\n|\n|-weather|Sandstorm|[upkeep]\n|-damage|p2a: Dragonite|22\/100|[from] Sandstorm\n|-damage|p2b: Dondozo|61\/100|[from] Sandstorm\n|upkeep\n|turn|6\n|\n|t:|1728449908\n|-terastallize|p1a: Tyranitar|Flying\n|move|p2a: Dragonite|Extreme Speed|p1b: Garchomp\n|-damage|p1b: Garchomp|68\/100\n|-damage|p2a: Dragonite|10\/100|[from] ability: Rough Skin|[of] p1b: Garchomp\n|move|p1b: Garchomp|Swords Dance|p1b: Garchomp\n|-boost|p1b: Garchomp|atk|2\n|move|p1a: Tyranitar|Knock Off|p2b: Dondozo\n|-damage|p2b: Dondozo|37\/100\n|-enditem|p2b: Dondozo|Chesto Berry|[from] move: Knock Off|[of] p1a: Tyranitar\n|move|p2b: Dondozo|Rest|p2b: Dondozo\n|-status|p2b: Dondozo|slp|[from] move: Rest\n|-heal|p2b: Dondozo|100\/100 slp|[silent]\n|\n|-weather|Sandstorm|[upkeep]\n|-damage|p2a: Dragonite|5\/100|[from] Sandstorm\n|-damage|p1a: Tyranitar|95\/100|[from] Sandstorm\n|-damage|p2b: Dondozo|94\/100 slp|[from] Sandstorm\n|-sideend|p2: bieiup|move: Light Screen\n|upkeep\n|turn|7\n|\n|t:|1728449918\n|move|p1b: Garchomp|Protect|p1b: Garchomp\n|-singleturn|p1b: Garchomp|Protect\n|move|p2a: Dragonite|Extreme Speed|p1b: Garchomp\n|-activate|p1b: Garchomp|move: Protect\n|move|p1a: Tyranitar|Rock Slide|p2b: Dondozo|[spread] p2a,p2b\n|-supereffective|p2a: Dragonite\n|-damage|p2a: Dragonite|0 fnt\n|-damage|p2b: Dondozo|82\/100 slp\n|faint|p2a: Dragonite\n|cant|p2b: Dondozo|slp\n|\n|-weather|Sandstorm|[upkeep]\n|-damage|p1a: Tyranitar|89\/100|[from] Sandstorm\n|-damage|p2b: Dondozo|76\/100 slp|[from] Sandstorm\n|upkeep\n|turn|8\n|\n|t:|1728449930\n|move|p1b: Garchomp|Swords Dance|p1b: Garchomp\n|-boost|p1b: Garchomp|atk|2\n|move|p1a: Tyranitar|Tera Blast|p2b: Dondozo|[anim] Tera Blast Flying\n|-damage|p2b: Dondozo|56\/100 slp\n|cant|p2b: Dondozo|slp\n|\n|-weather|Sandstorm|[upkeep]\n|-damage|p1a: Tyranitar|83\/100|[from] Sandstorm\n|-damage|p2b: Dondozo|50\/100 slp|[from] Sandstorm\n|upkeep\n|turn|9\n|\n|t:|1728449951\n|move|p1b: Garchomp|Dragon Claw|p2b: Dondozo\n|-damage|p2b: Dondozo|32\/100 slp\n|move|p1a: Tyranitar|Tera Blast|p2b: Dondozo|[anim] Tera Blast Flying\n|-damage|p2b: Dondozo|14\/100 slp\n|-curestatus|p2b: Dondozo|slp|[msg]\n|move|p2b: Dondozo|Rest|p2b: Dondozo\n|-status|p2b: Dondozo|slp|[from] move: Rest\n|-heal|p2b: Dondozo|100\/100 slp|[silent]\n|\n|-weather|none\n|upkeep\n|turn|10\n|\n|t:|1728449963\n|move|p1b: Garchomp|Dragon Claw|p2b: Dondozo\n|-damage|p2b: Dondozo|84\/100 slp\n|move|p1a: Tyranitar|Low Kick|p2b: Dondozo\n|-damage|p2b: Dondozo|65\/100 slp\n|cant|p2b: Dondozo|slp\n|\n|upkeep\n|turn|11\n|\n|t:|1728449972\n|move|p1b: Garchomp|Dragon Claw|p2b: Dondozo\n|-damage|p2b: Dondozo|49\/100 slp\n|move|p1a: Tyranitar|Low Kick|p2b: Dondozo\n|-damage|p2b: Dondozo|29\/100 slp\n|cant|p2b: Dondozo|slp\n|\n|upkeep\n|turn|12\n|-message|bieiup forfeited.\n|\n|win|caZISA\n|raw|caZISA's rating: 1714 &rarr; <strong>1732<\/strong><br \/>(+18 for winning)\n|raw|bieiup's rating: 1681 &rarr; <strong>1663<\/strong><br \/>(-18 for losing)\n|l|\u2606bieiup\n|player|p2|\n","uploadtime":1728450145,"views":14,"formatid":"gen9vgc2024regh","rating":1663,"private":0,"password":null}