{"id":"gen9vgc2024regh-2219170017","format":"[Gen 9] VGC 2024 Reg H","players":["Bluestoise","Engineer vgc"],"log":"|j|\u2606Bluestoise\n|j|\u2606Engineer vgc\n|t:|1728468104\n|gametype|doubles\n|player|p1|Bluestoise|n|1731\n|player|p2|Engineer vgc|265|1739\n|teamsize|p1|6\n|teamsize|p2|6\n|gen|9\n|tier|[Gen 9] VGC 2024 Reg H\n|rated|\n|rule|Species Clause: Limit one of each Pok\u00e9mon\n|rule|Item Clause: Limit 1 of each item\n|clearpoke\n|poke|p1|Zoroark-Hisui, L50, M|\n|poke|p1|Murkrow, L50, M|\n|poke|p1|Hydreigon, L50, F|\n|poke|p1|Incineroar, L50, M|\n|poke|p1|Amoonguss, L50, F|\n|poke|p1|Kingambit, L50, F|\n|poke|p2|Gholdengo, L50|\n|poke|p2|Garchomp, L50, F|\n|poke|p2|Tyranitar, L50, M|\n|poke|p2|Amoonguss, L50, M|\n|poke|p2|Primarina, L50, F|\n|poke|p2|Kilowattrel, L50, M|\n|teampreview|4\n|\n|t:|1728468135\n|start\n|switch|p1a: Murkrow|Murkrow, L50, M|100\/100\n|switch|p1b: Hydreigon|Hydreigon, L50, F|100\/100\n|switch|p2a: Kilowattrel|Kilowattrel, L50, M|100\/100\n|switch|p2b: Tyranitar|Tyranitar, L50, M|100\/100\n|-weather|Sandstorm|[from] ability: Sand Stream|[of] p2b: Tyranitar\n|turn|1\n|\n|t:|1728468144\n|-terastallize|p2a: Kilowattrel|Steel\n|move|p1a: Murkrow|Tailwind|p1a: Murkrow\n|-sidestart|p1: Bluestoise|move: Tailwind\n|move|p1b: Hydreigon|Draco Meteor|p2a: Kilowattrel\n|-resisted|p2a: Kilowattrel\n|-damage|p2a: Kilowattrel|4\/100\n|-unboost|p1b: Hydreigon|spa|2\n|move|p2a: Kilowattrel|Tailwind|p2a: Kilowattrel\n|-sidestart|p2: Engineer vgc|move: Tailwind\n|move|p2b: Tyranitar|Rock Slide|p1a: Murkrow|[spread] p1a\n|-miss|p2b: Tyranitar|p1b: Hydreigon\n|-supereffective|p1a: Murkrow\n|-damage|p1a: Murkrow|47\/100\n|\n|-weather|Sandstorm|[upkeep]\n|-damage|p1b: Hydreigon|95\/100|[from] Sandstorm\n|-damage|p1a: Murkrow|41\/100|[from] Sandstorm\n|upkeep\n|turn|2\n|\n|t:|1728468165\n|switch|p1a: Kingambit|Kingambit, L50, F|100\/100\n|move|p2a: Kilowattrel|Protect|p2a: Kilowattrel\n|-singleturn|p2a: Kilowattrel|Protect\n|move|p1b: Hydreigon|Draco Meteor|p2a: Kilowattrel\n|-activate|p2a: Kilowattrel|move: Protect\n|move|p2b: Tyranitar|Low Kick|p1b: Hydreigon\n|-supereffective|p1b: Hydreigon\n|-damage|p1b: Hydreigon|24\/100\n|\n|-weather|Sandstorm|[upkeep]\n|-damage|p1b: Hydreigon|18\/100|[from] Sandstorm\n|upkeep\n|turn|3\n|\n|t:|1728468194\n|move|p1a: Kingambit|Sucker Punch|p2a: Kilowattrel\n|-damage|p2a: Kilowattrel|0 fnt\n|faint|p2a: Kilowattrel\n|-damage|p1a: Kingambit|91\/100|[from] item: Life Orb\n|move|p1b: Hydreigon|Draco Meteor|p2b: Tyranitar\n|-damage|p2b: Tyranitar|84\/100\n|-unboost|p1b: Hydreigon|spa|2\n|move|p2b: Tyranitar|Low Kick|p1a: Kingambit\n|-supereffective|p1a: Kingambit\n|-damage|p1a: Kingambit|0 fnt\n|faint|p1a: Kingambit\n|\n|-weather|Sandstorm|[upkeep]\n|-damage|p1b: Hydreigon|12\/100|[from] Sandstorm\n|upkeep\n|\n|t:|1728468209\n|switch|p2a: Gholdengo|Gholdengo, L50|100\/100\n|switch|p1a: Murkrow|Murkrow, L50, M|41\/100\n|turn|4\n|\n|t:|1728468233\n|switch|p1b: Hydreigon|Hydreigon, L50, F|100\/100\n|move|p1a: Murkrow|Sunny Day|p1a: Murkrow\n|-weather|SunnyDay\n|move|p2a: Gholdengo|Make It Rain|p1b: Hydreigon|[spread] p1a,p1b\n|-damage|p1a: Murkrow|0 fnt\n|-enditem|p1b: Hydreigon|Focus Sash\n|-damage|p1b: Hydreigon|1\/100\n|-unboost|p2a: Gholdengo|spa|1\n|replace|p1b: Zoroark|Zoroark-Hisui, L50, M\n|-end|p1b: Zoroark|Illusion\n|faint|p1a: Murkrow\n|move|p2b: Tyranitar|Rock Slide|p1b: Zoroark\n|-crit|p1b: Zoroark\n|-damage|p1b: Zoroark|0 fnt\n|faint|p1b: Zoroark\n|\n|-weather|SunnyDay|[upkeep]\n|-sideend|p2: Engineer vgc|move: Tailwind\n|-sideend|p1: Bluestoise|move: Tailwind\n|upkeep\n|j| strikesuitzero\n|\n|t:|1728468249\n|switch|p1b: Hydreigon|Hydreigon, L50, F|12\/100\n|turn|5\n|\n|t:|1728468255\n|-terastallize|p1b: Hydreigon|Fire\n|move|p1b: Hydreigon|Heat Wave|p2b: Tyranitar|[spread] p2a,p2b\n|-supereffective|p2a: Gholdengo\n|-resisted|p2b: Tyranitar\n|-damage|p2a: Gholdengo|0 fnt\n|-damage|p2b: Tyranitar|65\/100\n|faint|p2a: Gholdengo\n|move|p2b: Tyranitar|Low Kick|p1b: Hydreigon\n|-damage|p1b: Hydreigon|0 fnt\n|faint|p1b: Hydreigon\n|\n|win|Engineer vgc\n|raw|Bluestoise's rating: 1731 &rarr; <strong>1711<\/strong><br \/>(-20 for losing)\n|raw|Engineer vgc's rating: 1739 &rarr; <strong>1759<\/strong><br \/>(+20 for winning)\n|c|\u2606Engineer vgc|gg\n|l|\u2606Bluestoise\n|player|p1|\n|l|\u2606Engineer vgc\n|player|p2|\n|l| strikesuitzero\n","uploadtime":1728468500,"views":16,"formatid":"gen9vgc2024regh","rating":1711,"private":0,"password":null}