{"id":"gen9vgc2024regh-2219471756","format":"[Gen 9] VGC 2024 Reg H","players":["actuary97","nickbattlesmons"],"log":"|j|\u2606actuary97\n|j|\u2606nickbattlesmons\n|t:|1728498384\n|gametype|doubles\n|player|p1|actuary97|sabrina-frlg|1797\n|player|p2|nickbattlesmons|102|1676\n|teamsize|p1|6\n|teamsize|p2|6\n|gen|9\n|tier|[Gen 9] VGC 2024 Reg H\n|rated|\n|rule|Species Clause: Limit one of each Pok\u00e9mon\n|rule|Item Clause: Limit 1 of each item\n|clearpoke\n|poke|p1|Incineroar, L50, M|\n|poke|p1|Whimsicott, L50, F|\n|poke|p1|Gallade, L50, M|\n|poke|p1|Malamar, L50, F|\n|poke|p1|Indeedee, L50, M|\n|poke|p1|Archaludon, L50, F|\n|poke|p2|Porygon2, L50|\n|poke|p2|Ursaluna, L50, F|\n|poke|p2|Volcarona, L50, M|\n|poke|p2|Grimmsnarl, L50, M|\n|poke|p2|Annihilape, L50, F|\n|poke|p2|Gholdengo, L50|\n|teampreview|4\nactuary97 has agreed to open team sheets.\n|j| perilvne\n|inactive|Battle timer is ON: inactive players will automatically lose when time's up. (requested by actuary97)\nnickbattlesmons has agreed to open team sheets.\n|inactive|nickbattlesmons has 30 seconds left.\n|inactive|nickbattlesmons has 20 seconds left.\n|inactive|nickbattlesmons has 15 seconds left.\n|inactive|actuary97 has 30 seconds left.\n|inactive|nickbattlesmons has 10 seconds left.\n|\n|t:|1728498535\n|start\n|switch|p1a: Tapu Deedee|Indeedee, L50, M, shiny|100\/100\n|switch|p1b: Mischief Mother|Whimsicott, L50, F, shiny|100\/100\n|switch|p2a: Porygon2|Porygon2, L50, shiny|100\/100\n|switch|p2b: Grimmsnarl|Grimmsnarl, L50, M|100\/100\n|-fieldstart|move: Psychic Terrain|[from] ability: Psychic Surge|[of] p1a: Tapu Deedee\n|-ability|p2a: Porygon2|Psychic Surge|[from] ability: Trace|[of] p1a: Tapu Deedee\n|turn|1\n|\n|t:|1728498555\n|switch|p1a: Bridget|Archaludon, L50, F, shiny|100\/100\n|move|p2b: Grimmsnarl|Light Screen|p2b: Grimmsnarl\n|-sidestart|p2: nickbattlesmons|move: Light Screen\n|move|p1b: Mischief Mother|Beat Up|p1a: Bridget\n|-damage|p1a: Bridget|98\/100\n|-ability|p1a: Bridget|Stamina|boost\n|-boost|p1a: Bridget|def|1\n|-damage|p1a: Bridget|97\/100\n|-ability|p1a: Bridget|Stamina|boost\n|-boost|p1a: Bridget|def|1\n|-damage|p1a: Bridget|96\/100\n|-ability|p1a: Bridget|Stamina|boost\n|-boost|p1a: Bridget|def|1\n|-crit|p1a: Bridget\n|-damage|p1a: Bridget|94\/100\n|-ability|p1a: Bridget|Stamina|boost\n|-boost|p1a: Bridget|def|1\n|-hitcount|p1a: Bridget|4\n|move|p2a: Porygon2|Trick Room|p2a: Porygon2\n|-fieldstart|move: Trick Room|[of] p2a: Porygon2\n|\n|upkeep\n|turn|2\n|\n|t:|1728498567\n|-terastallize|p2a: Porygon2|Ghost\n|move|p2b: Grimmsnarl|Spirit Break|p1a: Bridget\n|-damage|p1a: Bridget|86\/100\n|-unboost|p1a: Bridget|spa|1\n|-ability|p1a: Bridget|Stamina|boost\n|-boost|p1a: Bridget|def|1\n|move|p2a: Porygon2|Shadow Ball|p1a: Bridget\n|-damage|p1a: Bridget|63\/100\n|-unboost|p1a: Bridget|spd|1\n|-ability|p1a: Bridget|Stamina|boost\n|-boost|p1a: Bridget|def|1\n|move|p1a: Bridget|Flash Cannon|p2b: Grimmsnarl\n|-supereffective|p2b: Grimmsnarl\n|-damage|p2b: Grimmsnarl|67\/100\n|move|p1b: Mischief Mother|Moonblast|p2b: Grimmsnarl\n|-supereffective|p2b: Grimmsnarl\n|-damage|p2b: Grimmsnarl|25\/100\n|-unboost|p2b: Grimmsnarl|spa|1\n|\n|upkeep\n|turn|3\n|\n|t:|1728498591\n|switch|p1b: Malamother|Malamar, L50, F, shiny|100\/100\n|move|p2b: Grimmsnarl|Spirit Break|p1a: Bridget\n|-damage|p1a: Bridget|57\/100\n|-unboost|p1a: Bridget|spa|1\n|move|p2a: Porygon2|Tri Attack|p1b: Malamother\n|-damage|p1b: Malamother|66\/100\n|move|p1a: Bridget|Snarl|p2b: Grimmsnarl|[spread] p2a,p2b\n|-supereffective|p2a: Porygon2\n|-resisted|p2b: Grimmsnarl\n|-damage|p2a: Porygon2|95\/100\n|-damage|p2b: Grimmsnarl|24\/100\n|-unboost|p2a: Porygon2|spa|1\n|-unboost|p2b: Grimmsnarl|spa|1\n|\n|upkeep\n|turn|4\n|\n|t:|1728498613\n|-terastallize|p1b: Malamother|Fire\n|move|p2b: Grimmsnarl|Reflect|p2b: Grimmsnarl\n|-sidestart|p2: nickbattlesmons|Reflect\n|move|p2a: Porygon2|Shadow Ball|p1a: Bridget\n|-damage|p1a: Bridget|35\/100\n|move|p1b: Malamother|Knock Off|p2a: Porygon2\n|-supereffective|p2a: Porygon2\n|-damage|p2a: Porygon2|68\/100\n|-enditem|p2a: Porygon2|Eviolite|[from] move: Knock Off|[of] p1b: Malamother\n|move|p1a: Bridget|Body Press|p2b: Grimmsnarl\n|-damage|p2b: Grimmsnarl|0 fnt\n|faint|p2b: Grimmsnarl\n|\n|upkeep\n|inactive|nickbattlesmons has 30 seconds left.\n|\n|t:|1728498643\n|switch|p2b: Ursaluna|Ursaluna, L50, F|100\/100\n|turn|5\n|\n|t:|1728498664\n|switch|p1b: Mischief Mother|Whimsicott, L50, F, shiny|100\/100\n|move|p2b: Ursaluna|Earthquake|p1b: Mischief Mother|[spread] p2a,p1a,p1b\n|-supereffective|p1a: Bridget\n|-resisted|p1b: Mischief Mother\n|-damage|p2a: Porygon2|42\/100\n|-damage|p1a: Bridget|16\/100\n|-damage|p1b: Mischief Mother|69\/100\n|move|p2a: Porygon2|Shadow Ball|p1a: Bridget\n|-damage|p1a: Bridget|0 fnt\n|faint|p1a: Bridget\n|\n|-fieldend|move: Trick Room\n|-fieldend|move: Psychic Terrain\n|-status|p2b: Ursaluna|brn|[from] item: Flame Orb\n|upkeep\n|\n|t:|1728498677\n|switch|p1a: Tapu Deedee|Indeedee, L50, M, shiny|100\/100\n|-fieldstart|move: Psychic Terrain|[from] ability: Psychic Surge|[of] p1a: Tapu Deedee\n|turn|6\n|j| thejruth3\n|\n|t:|1728498701\n|move|p1b: Mischief Mother|Moonblast|p2b: Ursaluna\n|-crit|p2b: Ursaluna\n|-damage|p2b: Ursaluna|52\/100 brn\n|move|p1a: Tapu Deedee|Expanding Force|p2b: Ursaluna|[spread] p2a,p2b\n|-damage|p2a: Porygon2|0 fnt\n|-damage|p2b: Ursaluna|5\/100 brn\n|faint|p2a: Porygon2\n|move|p2b: Ursaluna|Facade|p1a: Tapu Deedee\n|-damage|p1a: Tapu Deedee|0 fnt\n|faint|p1a: Tapu Deedee\n|\n|-damage|p2b: Ursaluna|0 fnt|[from] brn\n|faint|p2b: Ursaluna\n|upkeep\n|\n|t:|1728498714\n|switch|p1a: Malamother|Malamar, L50, F, shiny, tera:Fire|66\/100\n|switch|p2b: Gholdengo|Gholdengo, L50|100\/100\n|turn|7\n|\n|t:|1728498723\n|move|p1b: Mischief Mother|Tailwind|p1b: Mischief Mother\n|-sidestart|p1: actuary97|move: Tailwind\n|move|p1a: Malamother|Knock Off|p2b: Gholdengo\n|-supereffective|p2b: Gholdengo\n|-damage|p2b: Gholdengo|55\/100\n|-enditem|p2b: Gholdengo|Choice Specs|[from] move: Knock Off|[of] p1a: Malamother\n|move|p2b: Gholdengo|Power Gem|p1a: Malamother\n|-supereffective|p1a: Malamother\n|-crit|p1a: Malamother\n|-damage|p1a: Malamother|0 fnt\n|faint|p1a: Malamother\n|\n|upkeep\n|turn|8\n|\n|t:|1728498732\n|move|p1b: Mischief Mother|Moonblast|p2b: Gholdengo\n|-resisted|p2b: Gholdengo\n|-damage|p2b: Gholdengo|41\/100\n|-unboost|p2b: Gholdengo|spa|1\n|move|p2b: Gholdengo|Make It Rain|p1b: Mischief Mother\n|-supereffective|p1b: Mischief Mother\n|-damage|p1b: Mischief Mother|0 fnt\n|-unboost|p2b: Gholdengo|spa|1\n|faint|p1b: Mischief Mother\n|\n|win|nickbattlesmons\n|raw|actuary97's rating: 1797 &rarr; <strong>1770<\/strong><br \/>(-27 for losing)\n|raw|nickbattlesmons's rating: 1676 &rarr; <strong>1703<\/strong><br \/>(+27 for winning)\n|c|\u2606nickbattlesmons|gg\n|c|\u2606actuary97|gg\n|l|\u2606actuary97\n|player|p1|\n|l| perilvne\n|l|\u2606nickbattlesmons\n|player|p2|\n","uploadtime":1728498978,"views":36,"formatid":"gen9vgc2024regh","rating":1703,"private":0,"password":null}