{"id":"gen9vgc2024regh-2219641367","format":"[Gen 9] VGC 2024 Reg H","players":["rengeki style","cher1berry"],"log":"|j|\u2606rengeki style\n|j|\u2606cher1berry\n|t:|1728515344\n|gametype|doubles\n|player|p1|rengeki style|265|1712\n|player|p2|cher1berry|nancy|1665\n|teamsize|p1|6\n|teamsize|p2|6\n|gen|9\n|tier|[Gen 9] VGC 2024 Reg H\n|rated|\n|rule|Species Clause: Limit one of each Pok\u00e9mon\n|rule|Item Clause: Limit 1 of each item\n|clearpoke\n|poke|p1|Annihilape, L50, F|\n|poke|p1|Raichu, L50, M|\n|poke|p1|Sinistcha-Masterpiece, L50|\n|poke|p1|Sneasler, L50, M|\n|poke|p1|Gholdengo, L50|\n|poke|p1|Hydreigon, L50, F|\n|poke|p2|Dondozo, L50, F|\n|poke|p2|Tatsugiri, L50, F|\n|poke|p2|Gholdengo, L50|\n|poke|p2|Talonflame, L50, F|\n|poke|p2|Dragonite, L50, F|\n|poke|p2|Pawmot, L50, F|\n|teampreview|4\n|inactive|Battle timer is ON: inactive players will automatically lose when time's up. (requested by cher1berry)\n|\n|t:|1728515375\n|start\n|switch|p1a: Raichu|Raichu, L50, M|100\/100\n|switch|p1b: Gholdengo|Gholdengo, L50|100\/100\n|switch|p2a: Talonflame|Talonflame, L50, F, shiny|100\/100\n|switch|p2b: Gholdengo|Gholdengo, L50|100\/100\n|turn|1\n|inactive|rengeki style has 30 seconds left.\n|\n|t:|1728515407\n|-terastallize|p1b: Gholdengo|Steel\n|move|p2a: Talonflame|Tailwind|p2a: Talonflame\n|-sidestart|p2: cher1berry|move: Tailwind\n|move|p2b: Gholdengo|Shadow Ball|p1b: Gholdengo\n|-damage|p1b: Gholdengo|30\/100\n|move|p1b: Gholdengo|Make It Rain|p2a: Talonflame|[spread] p2a,p2b\n|-resisted|p2a: Talonflame\n|-resisted|p2b: Gholdengo\n|-damage|p2a: Talonflame|43\/100\n|-damage|p2b: Gholdengo|58\/100\n|-unboost|p1b: Gholdengo|spa|1\n|move|p1a: Raichu|Electroweb|p2b: Gholdengo|[spread] p2b\n|-miss|p1a: Raichu|p2a: Talonflame\n|-crit|p2b: Gholdengo\n|-damage|p2b: Gholdengo|35\/100\n|-unboost|p2b: Gholdengo|spe|1\n|\n|upkeep\n|turn|2\n|inactive|cher1berry has 30 seconds left.\n|\n|t:|1728515433\n|switch|p1b: Sneasler|Sneasler, L50, M|100\/100\n|move|p2a: Talonflame|Flare Blitz|p1a: Raichu\n|-damage|p1a: Raichu|25\/100\n|-damage|p2a: Talonflame|17\/100|[from] Recoil\n|move|p2b: Gholdengo|Shadow Ball|p1b: Sneasler\n|-damage|p1b: Sneasler|11\/100\n|move|p1a: Raichu|Electroweb|p2a: Talonflame|[spread] p2a,p2b\n|-supereffective|p2a: Talonflame\n|-damage|p2a: Talonflame|0 fnt\n|-damage|p2b: Gholdengo|20\/100\n|-unboost|p2b: Gholdengo|spe|1\n|faint|p2a: Talonflame\n|\n|upkeep\n|\n|t:|1728515447\n|switch|p2a: Dondozo|Dondozo, L50, F, shiny|100\/100\n|turn|3\n|\n|t:|1728515453\n|switch|p2b: Tatsugiri|Tatsugiri, L50, F|100\/100\n|-activate|p2b: Tatsugiri|ability: Commander|[of] p2a: Dondozo\n|-boost|p2a: Dondozo|atk|2\n|-boost|p2a: Dondozo|spa|2\n|-boost|p2a: Dondozo|spe|2\n|-boost|p2a: Dondozo|def|2\n|-boost|p2a: Dondozo|spd|2\n|move|p1b: Sneasler|Fake Out|p2a: Dondozo\n|-damage|p2a: Dondozo|96\/100\n|cant|p2a: Dondozo|flinch\n|move|p1a: Raichu|Knock Off|p2b: Tatsugiri|[miss]\n|-miss|p1a: Raichu|p2b: Tatsugiri\n|\n|-heal|p2a: Dondozo|100\/100|[from] item: Leftovers\n|upkeep\n|turn|4\n|\n|t:|1728515463\n|switch|p1b: Gholdengo|Gholdengo, L50, tera:Steel|30\/100\n|switch|p1a: Sinistcha|Sinistcha-Masterpiece, L50|100\/100\n|-heal|p1b: Gholdengo|54\/100|[from] ability: Hospitality|[of] p1a: Sinistcha\n|move|p2a: Dondozo|Earthquake|p1b: Gholdengo|[spread] p1a,p1b\n|-miss|p2a: Dondozo|p2b: Tatsugiri\n|-resisted|p1a: Sinistcha\n|-supereffective|p1b: Gholdengo\n|-damage|p1a: Sinistcha|83\/100\n|-damage|p1b: Gholdengo|0 fnt\n|faint|p1b: Gholdengo\n|\n|-sideend|p2: cher1berry|move: Tailwind\n|upkeep\n|\n|t:|1728515468\n|switch|p1b: Sneasler|Sneasler, L50, M|11\/100\n|turn|5\n|\n|t:|1728515476\n|move|p2a: Dondozo|Protect|p2a: Dondozo\n|-singleturn|p2a: Dondozo|Protect\n|move|p1b: Sneasler|Fake Out|p2a: Dondozo\n|-activate|p2a: Dondozo|move: Protect\n|move|p1a: Sinistcha|Calm Mind|p1a: Sinistcha\n|-boost|p1a: Sinistcha|spa|1\n|-boost|p1a: Sinistcha|spd|1\n|\n|upkeep\n|turn|6\n|\n|t:|1728515482\n|move|p1b: Sneasler|Dire Claw|p2a: Dondozo\n|-damage|p2a: Dondozo|87\/100\n|-status|p2a: Dondozo|par\n|move|p1a: Sinistcha|Strength Sap|p2a: Dondozo\n|-unboost|p2a: Dondozo|atk|1\n|-heal|p1a: Sinistcha|100\/100\n|move|p2a: Dondozo|Earthquake|p1a: Sinistcha|[spread] p1a,p1b\n|-miss|p2a: Dondozo|p2b: Tatsugiri\n|-resisted|p1a: Sinistcha\n|-supereffective|p1b: Sneasler\n|-damage|p1a: Sinistcha|86\/100\n|-damage|p1b: Sneasler|0 fnt\n|faint|p1b: Sneasler\n|\n|-heal|p2a: Dondozo|93\/100 par|[from] item: Leftovers\n|upkeep\n|\n|t:|1728515491\n|switch|p1b: Raichu|Raichu, L50, M|25\/100\n|turn|7\n|\n|t:|1728515495\n|move|p2a: Dondozo|Protect|p2a: Dondozo\n|-singleturn|p2a: Dondozo|Protect\n|move|p1b: Raichu|Fake Out|p2a: Dondozo\n|-activate|p2a: Dondozo|move: Protect\n|move|p1a: Sinistcha|Calm Mind|p1a: Sinistcha\n|-boost|p1a: Sinistcha|spa|1\n|-boost|p1a: Sinistcha|spd|1\n|\n|-heal|p2a: Dondozo|99\/100 par|[from] item: Leftovers\n|upkeep\n|turn|8\n|\n|t:|1728515498\n|move|p1b: Raichu|Knock Off|p2a: Dondozo\n|-damage|p2a: Dondozo|92\/100 par\n|-enditem|p2a: Dondozo|Leftovers|[from] move: Knock Off|[of] p1b: Raichu\n|move|p1a: Sinistcha|Matcha Gotcha|p2b: Tatsugiri|[spread] p2a\n|-miss|p1a: Sinistcha|p2b: Tatsugiri\n|-supereffective|p2a: Dondozo\n|-damage|p2a: Dondozo|64\/100 par\n|-heal|p1a: Sinistcha|100\/100|[from] drain|[of] p2a: Dondozo\n|move|p2a: Dondozo|Earthquake|p1a: Sinistcha|[spread] p1a,p1b\n|-miss|p2a: Dondozo|p2b: Tatsugiri\n|-resisted|p1a: Sinistcha\n|-supereffective|p1b: Raichu\n|-damage|p1a: Sinistcha|87\/100\n|-damage|p1b: Raichu|0 fnt\n|faint|p1b: Raichu\n|\n|upkeep\n|turn|9\n|\n|t:|1728515521\n|move|p1a: Sinistcha|Strength Sap|p2a: Dondozo\n|-unboost|p2a: Dondozo|atk|1\n|-heal|p1a: Sinistcha|100\/100\n|move|p2a: Dondozo|Order Up|p1a: Sinistcha\n|-damage|p1a: Sinistcha|79\/100\n|-boost|p2a: Dondozo|atk|1\n|\n|upkeep\n|turn|10\n|\n|t:|1728515529\n|move|p1a: Sinistcha|Strength Sap|p2a: Dondozo\n|-unboost|p2a: Dondozo|atk|1\n|-heal|p1a: Sinistcha|100\/100\n|move|p2a: Dondozo|Order Up|p1a: Sinistcha\n|-damage|p1a: Sinistcha|81\/100\n|-boost|p2a: Dondozo|atk|1\n|\n|upkeep\n|turn|11\n|\n|t:|1728515534\n|move|p1a: Sinistcha|Matcha Gotcha|p2a: Dondozo|[spread] p2a\n|-miss|p1a: Sinistcha|p2b: Tatsugiri\n|-supereffective|p2a: Dondozo\n|-damage|p2a: Dondozo|40\/100 par\n|-heal|p1a: Sinistcha|97\/100|[from] drain|[of] p2a: Dondozo\n|move|p2a: Dondozo|Order Up|p1a: Sinistcha\n|-damage|p1a: Sinistcha|69\/100\n|-boost|p2a: Dondozo|atk|1\n|\n|upkeep\n|turn|12\n|\n|t:|1728515540\n|move|p1a: Sinistcha|Strength Sap|p2a: Dondozo\n|-unboost|p2a: Dondozo|atk|1\n|-heal|p1a: Sinistcha|100\/100\n|move|p2a: Dondozo|Order Up|p1a: Sinistcha\n|-damage|p1a: Sinistcha|68\/100\n|-boost|p2a: Dondozo|atk|1\n|\n|upkeep\n|turn|13\n|c|\u2606cher1berry|I hate this mon with a passion\n|j| ideaE\n|\n|t:|1728515552\n|move|p1a: Sinistcha|Matcha Gotcha|p2b: Tatsugiri|[spread] p2a\n|-miss|p1a: Sinistcha|p2b: Tatsugiri\n|-supereffective|p2a: Dondozo\n|-damage|p2a: Dondozo|15\/100 par\n|-heal|p1a: Sinistcha|83\/100|[from] drain|[of] p2a: Dondozo\n|move|p2a: Dondozo|Order Up|p1a: Sinistcha\n|-damage|p1a: Sinistcha|44\/100\n|-enditem|p1a: Sinistcha|Sitrus Berry|[eat]\n|-heal|p1a: Sinistcha|69\/100|[from] item: Sitrus Berry\n|-boost|p2a: Dondozo|atk|1\n|\n|upkeep\n|turn|14\n|\n|t:|1728515559\n|move|p1a: Sinistcha|Strength Sap|p2a: Dondozo\n|-unboost|p2a: Dondozo|atk|1\n|-heal|p1a: Sinistcha|100\/100\n|cant|p2a: Dondozo|par\n|\n|upkeep\n|turn|15\n|\n|t:|1728515563\n|move|p1a: Sinistcha|Calm Mind|p1a: Sinistcha\n|-boost|p1a: Sinistcha|spa|1\n|-boost|p1a: Sinistcha|spd|1\n|cant|p2a: Dondozo|par\n|\n|upkeep\n|turn|16\n|\n|t:|1728515570\n|move|p1a: Sinistcha|Matcha Gotcha|p2b: Tatsugiri|[spread] p2a\n|-miss|p1a: Sinistcha|p2b: Tatsugiri\n|-supereffective|p2a: Dondozo\n|-damage|p2a: Dondozo|0 fnt\n|faint|p2a: Dondozo\n|\n|upkeep\n|c|\u2606rengeki style|you are using a dozo team\n|\n|t:|1728515578\n|switch|p2a: Gholdengo|Gholdengo, L50|20\/100\n|turn|17\n|c|\u2606rengeki style|chill\n|l| ideaE\n|\n|t:|1728515594\n|move|p2b: Tatsugiri|Draco Meteor|p1a: Sinistcha\n|-damage|p1a: Sinistcha|75\/100\n|-unboost|p2b: Tatsugiri|spa|2\n|move|p2a: Gholdengo|Shadow Ball|p1a: Sinistcha\n|-supereffective|p1a: Sinistcha\n|-crit|p1a: Sinistcha\n|-damage|p1a: Sinistcha|0 fnt\n|faint|p1a: Sinistcha\n|\n|win|cher1berry\n|raw|rengeki style's rating: 1712 &rarr; <strong>1689<\/strong><br \/>(-23 for losing)\n|raw|cher1berry's rating: 1665 &rarr; <strong>1688<\/strong><br \/>(+23 for winning)\n|c|\u2606rengeki style|LOL\n|c|\u2606rengeki style|all that luck too\n|l|\u2606rengeki style\n|player|p1|\n|c|\u2606cher1berry|Yea\n|l|\u2606cher1berry\n|player|p2|\n","uploadtime":1728515823,"views":16,"formatid":"gen9vgc2024regh","rating":1688,"private":0,"password":null}