{"id":"gen9vgc2024regh-2219867763","format":"[Gen 9] VGC 2024 Reg H","players":["Peeeeeen\u6975clutch","navinsachump"],"log":"|j|\u2606Peeeeeen\u6975clutch\n|j|\u2606navinsachump\n|t:|1728549016\n|gametype|doubles\n|player|p1|Peeeeeen\u6975clutch|102|1692\n|player|p2|navinsachump|101|1687\n|teamsize|p1|6\n|teamsize|p2|6\n|gen|9\n|tier|[Gen 9] VGC 2024 Reg H\n|rated|\n|rule|Species Clause: Limit one of each Pok\u00e9mon\n|rule|Item Clause: Limit 1 of each item\n|clearpoke\n|poke|p1|Dragonite, L50, M|\n|poke|p1|Sneasler, L50, F|\n|poke|p1|Rillaboom, L50, F|\n|poke|p1|Kingambit, L50, M|\n|poke|p1|Pelipper, L50, M|\n|poke|p1|Archaludon, L50, F|\n|poke|p2|Blaziken, L50, M|\n|poke|p2|Kingambit, L50, M|\n|poke|p2|Rillaboom, L50, M|\n|poke|p2|Electabuzz, L50, F|\n|poke|p2|Dragapult, L50, F|\n|poke|p2|Primarina, L50, M|\n|teampreview|4\n|inactive|Battle timer is ON: inactive players will automatically lose when time's up. (requested by Peeeeeen\u6975clutch)\n|inactive|Peeeeeen\u6975clutch has 60 seconds left.\n|\n|t:|1728549053\n|start\n|switch|p1a: Dragonite|Dragonite, L50, M|100\/100\n|switch|p1b: Kingambit|Kingambit, L50, M|100\/100\n|switch|p2a: Rillaboom|Rillaboom, L50, M|100\/100\n|switch|p2b: Primarina|Primarina, L50, M|100\/100\n|-fieldstart|move: Grassy Terrain|[from] ability: Grassy Surge|[of] p2a: Rillaboom\n|turn|1\n|\n|t:|1728549075\n|move|p1a: Dragonite|Protect|p1a: Dragonite\n|-singleturn|p1a: Dragonite|Protect\n|move|p2a: Rillaboom|Fake Out|p1b: Kingambit\n|-resisted|p1b: Kingambit\n|-damage|p1b: Kingambit|96\/100\n|move|p2b: Primarina|Moonblast|p1a: Dragonite\n|-activate|p1a: Dragonite|move: Protect\n|cant|p1b: Kingambit|flinch\n|\n|-heal|p1b: Kingambit|100\/100|[from] Grassy Terrain\n|upkeep\n|turn|2\n|inactive|navinsachump has 30 seconds left.\n|\n|t:|1728549103\n|-terastallize|p1a: Dragonite|Fairy\n|-terastallize|p2a: Rillaboom|Fire\n|move|p1a: Dragonite|Scale Shot|p2a: Rillaboom\n|-damage|p2a: Rillaboom|85\/100\n|-damage|p2a: Rillaboom|70\/100\n|-damage|p2a: Rillaboom|54\/100\n|-damage|p2a: Rillaboom|40\/100\n|-crit|p2a: Rillaboom\n|-damage|p2a: Rillaboom|16\/100\n|-hitcount|p2a: Rillaboom|5\n|-unboost|p1a: Dragonite|def|1\n|-boost|p1a: Dragonite|spe|1\n|move|p2a: Rillaboom|Wood Hammer|p1b: Kingambit\n|-resisted|p1b: Kingambit\n|-crit|p1b: Kingambit\n|-damage|p1b: Kingambit|43\/100\n|-damage|p2a: Rillaboom|0 fnt|[from] Recoil\n|faint|p2a: Rillaboom\n|move|p2b: Primarina|Moonblast|p1b: Kingambit\n|-damage|p1b: Kingambit|0 fnt\n|faint|p1b: Kingambit\n|\n|upkeep\n|inactive|Peeeeeen\u6975clutch has 30 seconds left.\n|\n|t:|1728549129\n|switch|p2a: Blaziken|Blaziken, L50, M, shiny|100\/100\n|switch|p1b: Archaludon|Archaludon, L50, F|100\/100\n|turn|3\n|\n|t:|1728549153\n|move|p2a: Blaziken|Protect|p2a: Blaziken\n|-singleturn|p2a: Blaziken|Protect\n|move|p1a: Dragonite|Scale Shot|p2a: Blaziken\n|-activate|p2a: Blaziken|move: Protect\n|move|p1b: Archaludon|Electro Shot||[still]\n|-prepare|p1b: Archaludon|Electro Shot\n|-boost|p1b: Archaludon|spa|1\n|-enditem|p1b: Archaludon|Power Herb\n|-anim|p1b: Archaludon|Electro Shot|p2b: Primarina\n|-supereffective|p2b: Primarina\n|-damage|p2b: Primarina|0 fnt\n|faint|p2b: Primarina\n|\n|-ability|p2a: Blaziken|Speed Boost|boost\n|-boost|p2a: Blaziken|spe|1\n|upkeep\n|\n|t:|1728549160\n|switch|p2b: Dragapult|Dragapult, L50, F|100\/100\n|turn|4\n|\n|t:|1728549178\n|move|p1b: Archaludon|Protect|p1b: Archaludon\n|-singleturn|p1b: Archaludon|Protect\n|move|p1a: Dragonite|Scale Shot|p2b: Dragapult\n|-supereffective|p2b: Dragapult\n|-damage|p2b: Dragapult|64\/100\n|-supereffective|p2b: Dragapult\n|-damage|p2b: Dragapult|27\/100\n|-supereffective|p2b: Dragapult\n|-damage|p2b: Dragapult|0 fnt\n|faint|p2b: Dragapult\n|-hitcount|p2: Dragapult|3\n|-unboost|p1a: Dragonite|def|1\n|-boost|p1a: Dragonite|spe|1\n|move|p2a: Blaziken|Close Combat|p1b: Archaludon\n|-activate|p1b: Archaludon|move: Protect\n|\n|-ability|p2a: Blaziken|Speed Boost|boost\n|-boost|p2a: Blaziken|spe|1\n|upkeep\n|turn|5\n|-message|navinsachump forfeited.\n|\n|win|Peeeeeen\u6975clutch\n|raw|Peeeeeen\u6975clutch's rating: 1692 &rarr; <strong>1712<\/strong><br \/>(+20 for winning)\n|raw|navinsachump's rating: 1687 &rarr; <strong>1667<\/strong><br \/>(-20 for losing)\n|l|\u2606navinsachump\n|player|p2|\n|l|\u2606Peeeeeen\u6975clutch\n|player|p1|\n","uploadtime":1728549436,"views":14,"formatid":"gen9vgc2024regh","rating":1667,"private":0,"password":null}