{"id":"gen9vgc2024regh-2219074324","format":"[Gen 9] VGC 2024 Reg H","players":["winterbreak","yumeiouo"],"log":"|j|\u2606winterbreak\n|j|\u2606yumeiouo\n|t:|1728451906\n|gametype|doubles\n|player|p1|winterbreak|lucas-gen4pt|1854\n|player|p2|yumeiouo|dawn|1832\n|teamsize|p1|6\n|teamsize|p2|6\n|gen|9\n|tier|[Gen 9] VGC 2024 Reg H\n|rated|\n|rule|Species Clause: Limit one of each Pok\u00e9mon\n|rule|Item Clause: Limit 1 of each item\n|clearpoke\n|poke|p1|Hydreigon, L50, F|\n|poke|p1|Gholdengo, L50|\n|poke|p1|Ursaluna-Bloodmoon, L50, M|\n|poke|p1|Rillaboom, L50, M|\n|poke|p1|Incineroar, L50, F|\n|poke|p1|Electabuzz, L50, M|\n|poke|p2|Ursaluna-Bloodmoon, L50, M|\n|poke|p2|Gholdengo, L50|\n|poke|p2|Dragonite, L50, M|\n|poke|p2|Porygon2, L50|\n|poke|p2|Kingambit, L50, F|\n|poke|p2|Amoonguss, L50, F|\n|teampreview|4\n|j| notthealtaccount\n|\n|t:|1728451964\n|start\n|switch|p1a: Ursaluna|Ursaluna-Bloodmoon, L50, M|100\/100\n|switch|p1b: Rillaboom|Rillaboom, L50, M|100\/100\n|switch|p2a: Porygon2|Porygon2, L50|100\/100\n|switch|p2b: Ursaluna|Ursaluna-Bloodmoon, L50, M|100\/100\n|-fieldstart|move: Grassy Terrain|[from] ability: Grassy Surge|[of] p1b: Rillaboom\n|-ability|p2a: Porygon2|Download|boost\n|-boost|p2a: Porygon2|spa|1\n|turn|1\n|\n|t:|1728451998\n|-terastallize|p2b: Ursaluna|Normal\n|move|p1b: Rillaboom|Fake Out|p2b: Ursaluna\n|-damage|p2b: Ursaluna|90\/100\n|move|p1a: Ursaluna|Yawn|p2a: Porygon2\n|-start|p2a: Porygon2|move: Yawn|[of] p1a: Ursaluna\n|cant|p2b: Ursaluna|flinch\n|move|p2a: Porygon2|Ice Beam|p1a: Ursaluna\n|-supereffective|p1a: Ursaluna\n|-damage|p1a: Ursaluna|30\/100\n|\n|-heal|p1a: Ursaluna|36\/100|[from] Grassy Terrain\n|-heal|p1a: Ursaluna|42\/100|[from] item: Leftovers\n|-heal|p2b: Ursaluna|97\/100|[from] Grassy Terrain\n|upkeep\n|turn|2\n|\n|t:|1728452020\n|switch|p2a: Kingambit|Kingambit, L50, F|100\/100\n|move|p1b: Rillaboom|Wood Hammer|p2b: Ursaluna\n|-damage|p2b: Ursaluna|42\/100\n|-damage|p1b: Rillaboom|82\/100|[from] Recoil\n|move|p1a: Ursaluna|Blood Moon|p2b: Ursaluna\n|-damage|p2b: Ursaluna|0 fnt\n|faint|p2b: Ursaluna\n|\n|-heal|p1b: Rillaboom|88\/100|[from] Grassy Terrain\n|-heal|p1a: Ursaluna|48\/100|[from] Grassy Terrain\n|-heal|p1a: Ursaluna|54\/100|[from] item: Leftovers\n|upkeep\n|\n|t:|1728452031\n|switch|p2b: Dragonite|Dragonite, L50, M|100\/100\n|turn|3\n|\n|t:|1728452061\n|move|p1b: Rillaboom|U-turn|p2b: Dragonite\n|-resisted|p2b: Dragonite\n|-damage|p2b: Dragonite|95\/100\n|\n|t:|1728452067\n|switch|p1b: Incineroar|Incineroar, L50, F|100\/100|[from] U-turn\n|-ability|p1b: Incineroar|Intimidate|boost\n|-unboost|p2a: Kingambit|atk|1\n|-ability|p2a: Kingambit|Defiant|boost\n|-boost|p2a: Kingambit|atk|2\n|-unboost|p2b: Dragonite|atk|1\n|move|p2b: Dragonite|Low Kick|p1a: Ursaluna\n|-supereffective|p1a: Ursaluna\n|-damage|p1a: Ursaluna|0 fnt\n|faint|p1a: Ursaluna\n|move|p2a: Kingambit|Low Kick|p1b: Incineroar\n|-supereffective|p1b: Incineroar\n|-damage|p1b: Incineroar|4\/100\n|-enditem|p1b: Incineroar|Sitrus Berry|[eat]\n|-heal|p1b: Incineroar|29\/100|[from] item: Sitrus Berry\n|\n|-heal|p1b: Incineroar|35\/100|[from] Grassy Terrain\n|upkeep\n|\n|t:|1728452083\n|switch|p1a: Hydreigon|Hydreigon, L50, F, shiny|100\/100\n|turn|4\n|\n|t:|1728452116\n|switch|p1b: Rillaboom|Rillaboom, L50, M|88\/100\n|-terastallize|p1a: Hydreigon|Fire\n|move|p2a: Kingambit|Protect|p2a: Kingambit\n|-singleturn|p2a: Kingambit|Protect\n|move|p1a: Hydreigon|Heat Wave|p2b: Dragonite|[spread] p2b\n|-activate|p2a: Kingambit|move: Protect\n|-resisted|p2b: Dragonite\n|-damage|p2b: Dragonite|71\/100\n|move|p2b: Dragonite|Low Kick|p1a: Hydreigon\n|-damage|p1a: Hydreigon|53\/100\n|\n|-heal|p1b: Rillaboom|94\/100|[from] Grassy Terrain\n|upkeep\n|turn|5\n|\n|t:|1728452133\n|switch|p2a: Porygon2|Porygon2, L50|100\/100\n|-ability|p2a: Porygon2|Download|boost\n|-boost|p2a: Porygon2|spa|1\n|move|p1b: Rillaboom|Fake Out|p2a: Porygon2\n|-damage|p2a: Porygon2|92\/100\n|move|p1a: Hydreigon|Heat Wave|p2a: Porygon2|[spread] p2a,p2b\n|-resisted|p2b: Dragonite\n|-damage|p2a: Porygon2|57\/100\n|-damage|p2b: Dragonite|44\/100\n|move|p2b: Dragonite|Low Kick|p1a: Hydreigon\n|-damage|p1a: Hydreigon|9\/100\n|\n|-heal|p1b: Rillaboom|99\/100|[from] Grassy Terrain\n|-heal|p2a: Porygon2|64\/100|[from] Grassy Terrain\n|-fieldend|move: Grassy Terrain\n|upkeep\n|turn|6\n|\n|t:|1728452156\n|move|p1a: Hydreigon|Heat Wave|p2a: Porygon2|[spread] p2a,p2b\n|-resisted|p2b: Dragonite\n|-damage|p2a: Porygon2|33\/100\n|-damage|p2b: Dragonite|18\/100\n|move|p1b: Rillaboom|Wood Hammer|p2a: Porygon2\n|-damage|p2a: Porygon2|0 fnt\n|faint|p2a: Porygon2\n|-damage|p1b: Rillaboom|89\/100|[from] Recoil\n|move|p2b: Dragonite|Low Kick|p1a: Hydreigon\n|-damage|p1a: Hydreigon|0 fnt\n|faint|p1a: Hydreigon\n|\n|upkeep\n|\n|t:|1728452165\n|switch|p1a: Incineroar|Incineroar, L50, F|35\/100\n|switch|p2a: Kingambit|Kingambit, L50, F|100\/100\n|-ability|p1a: Incineroar|Intimidate|boost\n|-unboost|p2a: Kingambit|atk|1\n|-ability|p2a: Kingambit|Defiant|boost\n|-boost|p2a: Kingambit|atk|2\n|-unboost|p2b: Dragonite|atk|1\n|turn|7\n|\n|t:|1728452177\n|move|p1a: Incineroar|Fake Out|p2b: Dragonite\n|-damage|p2b: Dragonite|7\/100\n|move|p1b: Rillaboom|Wood Hammer|p2b: Dragonite\n|-resisted|p2b: Dragonite\n|-damage|p2b: Dragonite|0 fnt\n|faint|p2b: Dragonite\n|-damage|p1b: Rillaboom|87\/100|[from] Recoil\n|move|p2a: Kingambit|Low Kick|p1a: Incineroar\n|-supereffective|p1a: Incineroar\n|-damage|p1a: Incineroar|0 fnt\n|faint|p1a: Incineroar\n|\n|upkeep\n|turn|8\n|-message|winterbreak forfeited.\n|\n|win|yumeiouo\n|raw|winterbreak's rating: 1854 &rarr; <strong>1833<\/strong><br \/>(-21 for losing)\n|raw|yumeiouo's rating: 1832 &rarr; <strong>1853<\/strong><br \/>(+21 for winning)\n|l|\u2606winterbreak\n|player|p1|\n|l|\u2606yumeiouo\n|player|p2|\n|l| notthealtaccount\n","uploadtime":1728452338,"views":212,"formatid":"gen9vgc2024regh","rating":1833,"private":0,"password":null}