{"id":"gen9vgc2024regh-2219298370","format":"[Gen 9] VGC 2024 Reg H","players":["winterbreak","Waffles4breakfast"],"log":"|j|\u2606winterbreak\n|j|\u2606Waffles4breakfast\n|t:|1728483340\n|gametype|doubles\n|player|p1|winterbreak|lucas-gen4pt|1807\n|player|p2|Waffles4breakfast|juggler|1717\n|teamsize|p1|6\n|teamsize|p2|6\n|gen|9\n|tier|[Gen 9] VGC 2024 Reg H\n|rated|\n|rule|Species Clause: Limit one of each Pok\u00e9mon\n|rule|Item Clause: Limit 1 of each item\n|clearpoke\n|poke|p1|Hydreigon, L50, M|\n|poke|p1|Gholdengo, L50|\n|poke|p1|Ursaluna-Bloodmoon, L50, M|\n|poke|p1|Rillaboom, L50, M|\n|poke|p1|Incineroar, L50, M|\n|poke|p1|Electabuzz, L50, F|\n|poke|p2|Archaludon, L50, F|\n|poke|p2|Pelipper, L50, F|\n|poke|p2|Basculegion, L50, M|\n|poke|p2|Amoonguss, L50, M|\n|poke|p2|Gholdengo, L50|\n|poke|p2|Murkrow, L50, F|\n|teampreview|4\n|\n|t:|1728483370\n|start\n|switch|p1a: Hydreigon|Hydreigon, L50, M, shiny|100\/100\n|switch|p1b: Gholdengo|Gholdengo, L50|100\/100\n|switch|p2a: Gholdengo|Gholdengo, L50|100\/100\n|switch|p2b: Murkrow|Murkrow, L50, F|100\/100\n|turn|1\n|inactive|Battle timer is ON: inactive players will automatically lose when time's up. (requested by Waffles4breakfast)\n|\n|t:|1728483381\n|-terastallize|p1a: Hydreigon|Fire\n|-terastallize|p2a: Gholdengo|Steel\n|move|p1b: Gholdengo|Protect|p1b: Gholdengo\n|-singleturn|p1b: Gholdengo|Protect\n|move|p2b: Murkrow|Tailwind|p2b: Murkrow\n|-sidestart|p2: Waffles4breakfast|move: Tailwind\n|move|p2a: Gholdengo|Make It Rain|p1b: Gholdengo|[spread] p1a\n|-activate|p1b: Gholdengo|move: Protect\n|-resisted|p1a: Hydreigon\n|-damage|p1a: Hydreigon|48\/100\n|-unboost|p2a: Gholdengo|spa|1\n|move|p1a: Hydreigon|Heat Wave|p2a: Gholdengo|[spread] p2a\n|-miss|p1a: Hydreigon|p2b: Murkrow\n|-supereffective|p2a: Gholdengo\n|-damage|p2a: Gholdengo|0 fnt\n|faint|p2a: Gholdengo\n|\n|upkeep\n|\n|t:|1728483385\n|switch|p2a: Pelipper|Pelipper, L50, F|100\/100\n|-weather|RainDance|[from] ability: Drizzle|[of] p2a: Pelipper\n|turn|2\n|\n|t:|1728483410\n|switch|p1a: Rillaboom|Rillaboom, L50, M|100\/100\n|-fieldstart|move: Grassy Terrain|[from] ability: Grassy Surge|[of] p1a: Rillaboom\n|move|p2a: Pelipper|Weather Ball|p1b: Gholdengo\n|-damage|p1b: Gholdengo|31\/100\n|move|p2b: Murkrow|Foul Play|p1b: Gholdengo\n|-supereffective|p1b: Gholdengo\n|-damage|p1b: Gholdengo|0 fnt\n|faint|p1b: Gholdengo\n|\n|-weather|RainDance|[upkeep]\n|upkeep\n|\n|t:|1728483428\n|switch|p1b: Ursaluna|Ursaluna-Bloodmoon, L50, M|100\/100\n|turn|3\n|\n|t:|1728483434\n|move|p2a: Pelipper|Protect|p2a: Pelipper\n|-singleturn|p2a: Pelipper|Protect\n|move|p1a: Rillaboom|Fake Out|p2a: Pelipper\n|-activate|p2a: Pelipper|move: Protect\n|move|p2b: Murkrow|Foul Play|p1b: Ursaluna\n|-damage|p1b: Ursaluna|87\/100\n|move|p1b: Ursaluna|Blood Moon|p2a: Pelipper\n|-activate|p2a: Pelipper|move: Protect\n|\n|-weather|RainDance|[upkeep]\n|-heal|p1b: Ursaluna|93\/100|[from] Grassy Terrain\n|-heal|p1b: Ursaluna|99\/100|[from] item: Leftovers\n|upkeep\n|turn|4\n|\n|t:|1728483445\n|move|p1b: Ursaluna|Protect|p1b: Ursaluna\n|-singleturn|p1b: Ursaluna|Protect\n|move|p2a: Pelipper|Weather Ball|p1b: Ursaluna\n|-activate|p1b: Ursaluna|move: Protect\n|move|p2b: Murkrow|Foul Play|p1b: Ursaluna\n|-activate|p1b: Ursaluna|move: Protect\n|move|p1a: Rillaboom|Wood Hammer|p2a: Pelipper\n|-enditem|p2a: Pelipper|Focus Sash\n|-damage|p2a: Pelipper|1\/100\n|-damage|p1a: Rillaboom|79\/100|[from] Recoil\n|\n|-weather|RainDance|[upkeep]\n|-heal|p1a: Rillaboom|85\/100|[from] Grassy Terrain\n|-heal|p1b: Ursaluna|100\/100|[from] Grassy Terrain\n|-sideend|p2: Waffles4breakfast|move: Tailwind\n|upkeep\n|turn|5\n|\n|t:|1728483462\n|switch|p2a: Archaludon|Archaludon, L50, F|100\/100\n|move|p1a: Rillaboom|Grassy Glide|p2a: Archaludon\n|-resisted|p2a: Archaludon\n|-damage|p2a: Archaludon|94\/100\n|-ability|p2a: Archaludon|Stamina|boost\n|-boost|p2a: Archaludon|def|1\n|move|p2b: Murkrow|Foul Play|p1b: Ursaluna\n|-damage|p1b: Ursaluna|88\/100\n|move|p1b: Ursaluna|Blood Moon|p2b: Murkrow\n|-damage|p2b: Murkrow|36\/100\n|\n|-weather|RainDance|[upkeep]\n|-heal|p1a: Rillaboom|90\/100|[from] Grassy Terrain\n|-heal|p2a: Archaludon|100\/100|[from] Grassy Terrain\n|-heal|p1b: Ursaluna|94\/100|[from] Grassy Terrain\n|-heal|p1b: Ursaluna|99\/100|[from] item: Leftovers\n|upkeep\n|turn|6\n|inactive|winterbreak has 30 seconds left.\n|inactive|winterbreak has 20 seconds left.\n|inactive|winterbreak has 15 seconds left.\n|\n|t:|1728483504\n|move|p2b: Murkrow|Foul Play|p1b: Ursaluna\n|-crit|p1b: Ursaluna\n|-damage|p1b: Ursaluna|81\/100\n|move|p1a: Rillaboom|U-turn|p2b: Murkrow\n|-damage|p2b: Murkrow|3\/100\n|\n|t:|1728483509\n|switch|p1a: Hydreigon|Hydreigon, L50, M, shiny, tera:Fire|48\/100|[from] U-turn\n|move|p2a: Archaludon|Draco Meteor|p1b: Ursaluna\n|-damage|p1b: Ursaluna|10\/100\n|-unboost|p2a: Archaludon|spa|2\n|move|p1b: Ursaluna|Yawn|p2a: Archaludon\n|-start|p2a: Archaludon|move: Yawn|[of] p1b: Ursaluna\n|\n|-weather|none\n|-heal|p1b: Ursaluna|16\/100|[from] Grassy Terrain\n|-heal|p1b: Ursaluna|22\/100|[from] item: Leftovers\n|-fieldend|move: Grassy Terrain\n|upkeep\n|turn|7\n|inactive|winterbreak has 30 seconds left.\n|inactive|winterbreak has 20 seconds left.\n|\n|t:|1728483544\n|switch|p2a: Pelipper|Pelipper, L50, F|1\/100\n|-weather|RainDance|[from] ability: Drizzle|[of] p2a: Pelipper\n|move|p1b: Ursaluna|Protect|p1b: Ursaluna\n|-singleturn|p1b: Ursaluna|Protect\n|move|p2b: Murkrow|Tailwind|p2b: Murkrow\n|-sidestart|p2: Waffles4breakfast|move: Tailwind\n|move|p1a: Hydreigon|Heat Wave|p2b: Murkrow|[spread] p2a,p2b\n|-resisted|p2a: Pelipper\n|-damage|p2a: Pelipper|0 fnt\n|-damage|p2b: Murkrow|0 fnt\n|faint|p2a: Pelipper\n|faint|p2b: Murkrow\n|\n|-weather|RainDance|[upkeep]\n|-heal|p1b: Ursaluna|28\/100|[from] item: Leftovers\n|upkeep\n|\n|t:|1728483548\n|switch|p2b: Archaludon|Archaludon, L50, F|100\/100\n|turn|8\n|\n|t:|1728483565\n|switch|p1a: Rillaboom|Rillaboom, L50, M|90\/100\n|-fieldstart|move: Grassy Terrain|[from] ability: Grassy Surge|[of] p1a: Rillaboom\n|move|p1b: Ursaluna|Protect|p1b: Ursaluna\n|-singleturn|p1b: Ursaluna|Protect\n|move|p2b: Archaludon|Flash Cannon|p1b: Ursaluna\n|-activate|p1b: Ursaluna|move: Protect\n|\n|-weather|RainDance|[upkeep]\n|-heal|p1a: Rillaboom|96\/100|[from] Grassy Terrain\n|-heal|p1b: Ursaluna|34\/100|[from] Grassy Terrain\n|-heal|p1b: Ursaluna|40\/100|[from] item: Leftovers\n|upkeep\n|turn|9\n|\n|t:|1728483575\n|move|p1a: Rillaboom|Fake Out|p2b: Archaludon\n|-resisted|p2b: Archaludon\n|-damage|p2b: Archaludon|95\/100\n|-ability|p2b: Archaludon|Stamina|boost\n|-boost|p2b: Archaludon|def|1\n|cant|p2b: Archaludon|flinch\n|move|p1b: Ursaluna|Yawn|p2b: Archaludon\n|-start|p2b: Archaludon|move: Yawn|[of] p1b: Ursaluna\n|\n|-weather|RainDance|[upkeep]\n|-heal|p2b: Archaludon|100\/100|[from] Grassy Terrain\n|-heal|p1a: Rillaboom|100\/100|[from] Grassy Terrain\n|-heal|p1b: Ursaluna|46\/100|[from] Grassy Terrain\n|-heal|p1b: Ursaluna|52\/100|[from] item: Leftovers\n|upkeep\n|turn|10\n|-message|Waffles4breakfast forfeited.\n|\n|win|winterbreak\n|raw|winterbreak's rating: 1807 &rarr; <strong>1821<\/strong><br \/>(+14 for winning)\n|raw|Waffles4breakfast's rating: 1695 &rarr; <strong>1681<\/strong><br \/>(-14 for losing)\n|l|\u2606Waffles4breakfast\n|player|p2|\n|l|\u2606winterbreak\n|player|p1|\n","uploadtime":1728483843,"views":30,"formatid":"gen9vgc2024regh","rating":1681,"private":0,"password":null}