{"id":"gen9vgc2024regh-2219063409","format":"[Gen 9] VGC 2024 Reg H","players":["bieiup","DRIPcaster"],"log":"|j|\u2606bieiup\n|j|\u2606DRIPcaster\n|t:|1728449979\n|gametype|doubles\n|player|p1|bieiup|lillie-z|1663\n|player|p2|DRIPcaster|flannery|1708\n|teamsize|p1|6\n|teamsize|p2|6\n|gen|9\n|tier|[Gen 9] VGC 2024 Reg H\n|rated|\n|rule|Species Clause: Limit one of each Pok\u00e9mon\n|rule|Item Clause: Limit 1 of each item\n|clearpoke\n|poke|p1|Sableye, L50, M|\n|poke|p1|Dondozo, L50, M|\n|poke|p1|Sylveon, L50, F|\n|poke|p1|Dragonite, L50, F|\n|poke|p1|Gholdengo, L50|\n|poke|p1|Ursaluna-Bloodmoon, L50, M|\n|poke|p2|Amoonguss, L50, M|\n|poke|p2|Rotom-Heat, L50|\n|poke|p2|Gyarados, L50, M|\n|poke|p2|Garchomp, L50, M|\n|poke|p2|Ninetales-Alola, L50, M|\n|poke|p2|Kingambit, L50, F|\n|teampreview|4\n|inactive|Battle timer is ON: inactive players will automatically lose when time's up. (requested by DRIPcaster)\n|inactive|bieiup has 60 seconds left.\n|\n|t:|1728450014\n|start\n|switch|p1a: Sableye|Sableye, L50, M|100\/100\n|switch|p1b: Sylveon|Sylveon, L50, F|100\/100\n|switch|p2a: Ninetales|Ninetales-Alola, L50, M, shiny|100\/100\n|switch|p2b: Garchomp|Garchomp, L50, M|100\/100\n|-weather|Snow|[from] ability: Snow Warning|[of] p2a: Ninetales\n|turn|1\n|\n|t:|1728450030\n|switch|p2b: Amoonguss|Amoonguss, L50, M, shiny|100\/100\n|move|p1a: Sableye|Fake Out|p2a: Ninetales\n|-damage|p2a: Ninetales|93\/100\n|cant|p2a: Ninetales|flinch\n|move|p1b: Sylveon|Hyper Voice|p2a: Ninetales|[spread] p2a,p2b\n|-resisted|p2b: Amoonguss\n|-damage|p2a: Ninetales|42\/100\n|-damage|p2b: Amoonguss|85\/100\n|-enditem|p1b: Sylveon|Throat Spray\n|-boost|p1b: Sylveon|spa|1|[from] item: Throat Spray\n|\n|-weather|Snow|[upkeep]\n|upkeep\n|turn|2\n|\n|t:|1728450038\n|move|p2a: Ninetales|Protect|p2a: Ninetales\n|-singleturn|p2a: Ninetales|Protect\n|move|p1a: Sableye|Will-O-Wisp|p1b: Sylveon|[miss]\n|-miss|p1a: Sableye|p1b: Sylveon\n|move|p1b: Sylveon|Hyper Voice|p2a: Ninetales|[spread] p2b\n|-activate|p2a: Ninetales|move: Protect\n|-resisted|p2b: Amoonguss\n|-damage|p2b: Amoonguss|61\/100\n|move|p2b: Amoonguss|Spore|p1b: Sylveon\n|-status|p1b: Sylveon|slp|[from] move: Spore\n|\n|-weather|Snow|[upkeep]\n|upkeep\n|turn|3\n|\n|t:|1728450046\n|move|p1a: Sableye|Encore|p2a: Ninetales\n|-start|p2a: Ninetales|Encore\n|move|p2a: Ninetales|Protect||[still]\n|-fail|p2a: Ninetales\n|cant|p1b: Sylveon|slp\n|move|p2b: Amoonguss|Spore|p1a: Sableye\n|-status|p1a: Sableye|slp|[from] move: Spore\n|\n|-weather|Snow|[upkeep]\n|upkeep\n|turn|4\n|\n|t:|1728450053\n|switch|p2a: Garchomp|Garchomp, L50, M|100\/100\n|cant|p1a: Sableye|slp\n|-curestatus|p1b: Sylveon|slp|[msg]\n|move|p1b: Sylveon|Hyper Voice|p2b: Amoonguss|[spread] p2a,p2b\n|-supereffective|p2a: Garchomp\n|-resisted|p2b: Amoonguss\n|-damage|p2a: Garchomp|0 fnt\n|-damage|p2b: Amoonguss|36\/100\n|-enditem|p2b: Amoonguss|Sitrus Berry|[eat]\n|-heal|p2b: Amoonguss|61\/100|[from] item: Sitrus Berry\n|faint|p2a: Garchomp\n|move|p2b: Amoonguss|Clear Smog|p1b: Sylveon\n|-supereffective|p1b: Sylveon\n|-damage|p1b: Sylveon|80\/100\n|-clearboost|p1b: Sylveon\n|\n|-weather|Snow|[upkeep]\n|upkeep\n|j| pogafina\n|\n|t:|1728450058\n|switch|p2a: Ninetales|Ninetales-Alola, L50, M, shiny|42\/100\n|turn|5\n|\n|t:|1728450077\n|cant|p1a: Sableye|slp\n|move|p2a: Ninetales|Moonblast|p1a: Sableye\n|-supereffective|p1a: Sableye\n|-enditem|p1a: Sableye|Focus Sash\n|-damage|p1a: Sableye|1\/100 slp\n|move|p1b: Sylveon|Hyper Voice|p2b: Amoonguss|[spread] p2a,p2b\n|-resisted|p2b: Amoonguss\n|-damage|p2a: Ninetales|0 fnt\n|-damage|p2b: Amoonguss|46\/100\n|faint|p2a: Ninetales\n|move|p2b: Amoonguss|Spore|p1b: Sylveon\n|-status|p1b: Sylveon|slp|[from] move: Spore\n|\n|-weather|none\n|upkeep\n|\n|t:|1728450080\n|switch|p2a: Gyarados|Gyarados, L50, M|100\/100\n|-ability|p2a: Gyarados|Intimidate|boost\n|-unboost|p1a: Sableye|atk|1\n|-unboost|p1b: Sylveon|atk|1\n|turn|6\n|-message|DRIPcaster forfeited.\n|\n|win|bieiup\n|raw|bieiup's rating: 1663 &rarr; <strong>1686<\/strong><br \/>(+23 for winning)\n|raw|DRIPcaster's rating: 1708 &rarr; <strong>1685<\/strong><br \/>(-23 for losing)\n|l|\u2606DRIPcaster\n|player|p2|\n|l|\u2606bieiup\n|player|p1|\n|j|\u2606bieiup\n|player|p1|bieiup|lillie-z|\n|l|\u2606bieiup\n|player|p1|\n|l| pogafina\n","uploadtime":1728450283,"views":22,"formatid":"gen9vgc2024regh","rating":1685,"private":0,"password":null}