{"id":"gen9vgc2024regh-2219444864","format":"[Gen 9] VGC 2024 Reg H","players":["chin8","bieiup"],"log":"|j|\u2606chin8\n|j|\u2606bieiup\n|t:|1728496076\n|gametype|doubles\n|player|p1|chin8|gentleman-gen4dp|1715\n|player|p2|bieiup|lillie-z|1762\n|teamsize|p1|6\n|teamsize|p2|6\n|gen|9\n|tier|[Gen 9] VGC 2024 Reg H\n|rated|\n|rule|Species Clause: Limit one of each Pok\u00e9mon\n|rule|Item Clause: Limit 1 of each item\n|clearpoke\n|poke|p1|Baxcalibur, L50, M|\n|poke|p1|Kilowattrel, L50, F|\n|poke|p1|Heracross, L50, M|\n|poke|p1|Gardevoir, L50, M|\n|poke|p1|Magmortar, L50, F|\n|poke|p1|Gholdengo, L50|\n|poke|p2|Sableye, L50, M|\n|poke|p2|Dondozo, L50, M|\n|poke|p2|Sylveon, L50, F|\n|poke|p2|Dragonite, L50, F|\n|poke|p2|Gholdengo, L50|\n|poke|p2|Ursaluna-Bloodmoon, L50, M|\n|teampreview|4\n|j| RiotWyatt\n|\n|t:|1728496110\n|start\n|switch|p1a: Baxcalibur|Baxcalibur, L50, M|100\/100\n|switch|p1b: Magmortar|Magmortar, L50, F|100\/100\n|switch|p2a: Sableye|Sableye, L50, M|100\/100\n|switch|p2b: Sylveon|Sylveon, L50, F|100\/100\n|turn|1\n|inactive|Battle timer is ON: inactive players will automatically lose when time's up. (requested by bieiup)\n|inactive|chin8 also wants the timer to be on.\n|\n|t:|1728496123\n|switch|p1a: Gholdengo|Gholdengo, L50|100\/100\n|move|p2a: Sableye|Fake Out|p1a: Gholdengo\n|-immune|p1a: Gholdengo\n|move|p1b: Magmortar|Heat Wave|p2a: Sableye|[spread] p2a,p2b\n|-damage|p2a: Sableye|51\/100\n|-damage|p2b: Sylveon|80\/100\n|move|p2b: Sylveon|Hyper Voice|p1a: Gholdengo|[spread] p1a,p1b\n|-resisted|p1a: Gholdengo\n|-resisted|p1b: Magmortar\n|-damage|p1a: Gholdengo|82\/100\n|-damage|p1b: Magmortar|82\/100\n|-enditem|p2b: Sylveon|Throat Spray\n|-boost|p2b: Sylveon|spa|1|[from] item: Throat Spray\n|\n|-heal|p1a: Gholdengo|89\/100|[from] item: Leftovers\n|upkeep\n|turn|2\n|\n|t:|1728496137\n|-terastallize|p2b: Sylveon|Fire\n|move|p1a: Gholdengo|Protect|p1a: Gholdengo\n|-singleturn|p1a: Gholdengo|Protect\n|move|p1b: Magmortar|Protect|p1b: Magmortar\n|-singleturn|p1b: Magmortar|Protect\n|move|p2a: Sableye|Light Screen|p2a: Sableye\n|-sidestart|p2: bieiup|move: Light Screen\n|move|p2b: Sylveon|Tera Blast|p1a: Gholdengo|[anim] Tera Blast Fire\n|-activate|p1a: Gholdengo|move: Protect\n|\n|-heal|p1a: Gholdengo|95\/100|[from] item: Leftovers\n|upkeep\n|turn|3\n|j| ideaE\n|\n|t:|1728496143\n|move|p1b: Magmortar|Follow Me|p1b: Magmortar\n|-singleturn|p1b: Magmortar|move: Follow Me\n|move|p2a: Sableye|Encore|p1b: Magmortar\n|-start|p1b: Magmortar|Encore\n|move|p1a: Gholdengo|Nasty Plot|p1a: Gholdengo\n|-boost|p1a: Gholdengo|spa|2\n|move|p2b: Sylveon|Hyper Voice|p1a: Gholdengo|[spread] p1a,p1b\n|-resisted|p1a: Gholdengo\n|-resisted|p1b: Magmortar\n|-damage|p1a: Gholdengo|67\/100\n|-damage|p1b: Magmortar|55\/100\n|\n|-heal|p1a: Gholdengo|73\/100|[from] item: Leftovers\n|upkeep\n|turn|4\n|\n|t:|1728496154\n|move|p1b: Magmortar|Follow Me|p1b: Magmortar\n|-singleturn|p1b: Magmortar|move: Follow Me\n|move|p2a: Sableye|Will-O-Wisp|p1b: Magmortar\n|-immune|p1b: Magmortar\n|move|p1a: Gholdengo|Nasty Plot|p1a: Gholdengo\n|-boost|p1a: Gholdengo|spa|2\n|move|p2b: Sylveon|Hyper Voice|p1b: Magmortar|[spread] p1a,p1b\n|-resisted|p1a: Gholdengo\n|-resisted|p1b: Magmortar\n|-damage|p1a: Gholdengo|44\/100\n|-damage|p1b: Magmortar|26\/100\n|-enditem|p1b: Magmortar|Sitrus Berry|[eat]\n|-heal|p1b: Magmortar|50\/100|[from] item: Sitrus Berry\n|\n|-heal|p1a: Gholdengo|50\/100|[from] item: Leftovers\n|upkeep\n|turn|5\n|\n|t:|1728496164\n|move|p1b: Magmortar|Follow Me|p1b: Magmortar\n|-singleturn|p1b: Magmortar|move: Follow Me\n|move|p2a: Sableye|Will-O-Wisp|p1b: Magmortar\n|-immune|p1b: Magmortar\n|move|p1a: Gholdengo|Make It Rain|p2a: Sableye|[spread] p2a,p2b\n|-resisted|p2b: Sylveon\n|-damage|p2a: Sableye|0 fnt\n|-damage|p2b: Sylveon|47\/100\n|-unboost|p1a: Gholdengo|spa|1\n|faint|p2a: Sableye\n|move|p2b: Sylveon|Hyper Voice|p1b: Magmortar|[spread] p1a,p1b\n|-resisted|p1a: Gholdengo\n|-resisted|p1b: Magmortar\n|-damage|p1a: Gholdengo|21\/100\n|-damage|p1b: Magmortar|21\/100\n|\n|-heal|p1a: Gholdengo|27\/100|[from] item: Leftovers\n|upkeep\n|\n|t:|1728496168\n|switch|p2a: Dragonite|Dragonite, L50, F|100\/100\n|turn|6\n|\n|t:|1728496173\n|move|p2b: Sylveon|Protect|p2b: Sylveon\n|-singleturn|p2b: Sylveon|Protect\n|move|p1b: Magmortar|Follow Me|p1b: Magmortar\n|-singleturn|p1b: Magmortar|move: Follow Me\n|move|p2a: Dragonite|Earthquake|p1b: Magmortar|[spread] p1a,p1b\n|-activate|p2b: Sylveon|move: Protect\n|-supereffective|p1a: Gholdengo\n|-crit|p1a: Gholdengo\n|-supereffective|p1b: Magmortar\n|-damage|p1a: Gholdengo|0 fnt\n|-damage|p1b: Magmortar|0 fnt\n|faint|p1a: Gholdengo\n|faint|p1b: Magmortar\n|\n|-sideend|p2: bieiup|move: Light Screen\n|upkeep\n|\n|t:|1728496176\n|switch|p1a: Baxcalibur|Baxcalibur, L50, M|100\/100\n|switch|p1b: Kilowattrel|Kilowattrel, L50, F|100\/100\n|turn|7\n|\n|t:|1728496190\n|-terastallize|p1a: Baxcalibur|Ground\n|move|p1b: Kilowattrel|Thunderbolt|p2a: Dragonite\n|-damage|p2a: Dragonite|88\/100\n|move|p1a: Baxcalibur|Icicle Crash|p2a: Dragonite\n|-supereffective|p2a: Dragonite\n|-damage|p2a: Dragonite|0 fnt\n|faint|p2a: Dragonite\n|move|p2b: Sylveon|Hyper Voice|p1a: Baxcalibur|[spread] p1a,p1b\n|-damage|p1a: Baxcalibur|68\/100\n|-enditem|p1b: Kilowattrel|Focus Sash\n|-damage|p1b: Kilowattrel|1\/100\n|\n|upkeep\n|\n|t:|1728496199\n|switch|p2a: Ursaluna|Ursaluna-Bloodmoon, L50, M|100\/100\n|turn|8\n|\n|t:|1728496203\n|move|p1b: Kilowattrel|Protect|p1b: Kilowattrel\n|-singleturn|p1b: Kilowattrel|Protect\n|move|p2b: Sylveon|Quick Attack|p1b: Kilowattrel\n|-activate|p1b: Kilowattrel|move: Protect\n|move|p1a: Baxcalibur|Earthquake|p2a: Ursaluna|[spread] p2a,p2b\n|-activate|p1b: Kilowattrel|move: Protect\n|-supereffective|p2b: Sylveon\n|-damage|p2a: Ursaluna|68\/100\n|-damage|p2b: Sylveon|0 fnt\n|faint|p2b: Sylveon\n|move|p2a: Ursaluna|Blood Moon|p1a: Baxcalibur\n|-damage|p1a: Baxcalibur|12\/100\n|-damage|p2a: Ursaluna|58\/100|[from] item: Life Orb\n|\n|upkeep\n|turn|9\n|\n|t:|1728496216\n|move|p1a: Baxcalibur|Ice Shard|p2a: Ursaluna\n|-supereffective|p2a: Ursaluna\n|-damage|p2a: Ursaluna|22\/100\n|move|p2a: Ursaluna|Vacuum Wave|p1a: Baxcalibur\n|-damage|p1a: Baxcalibur|2\/100\n|-damage|p2a: Ursaluna|13\/100|[from] item: Life Orb\n|move|p1b: Kilowattrel|Air Slash|p2a: Ursaluna\n|-damage|p2a: Ursaluna|0 fnt\n|faint|p2a: Ursaluna\n|\n|win|chin8\n|raw|chin8's rating: 1715 &rarr; <strong>1738<\/strong><br \/>(+23 for winning)\n|raw|bieiup's rating: 1762 &rarr; <strong>1739<\/strong><br \/>(-23 for losing)\n|l|\u2606bieiup\n|player|p2|\n|l| RiotWyatt\n|l|\u2606chin8\n|player|p1|\n","uploadtime":1728496417,"views":15,"formatid":"gen9vgc2024regh","rating":1738,"private":0,"password":null}