{"id":"gen9vgc2024regh-2219174436","format":"[Gen 9] VGC 2024 Reg H","players":["DARIUS I.B.","yumeiouo"],"log":"|j|\u2606DARIUS I.B.\n|j|\u2606yumeiouo\n|t:|1728468781\n|gametype|doubles\n|player|p1|DARIUS I.B.|265|1775\n|player|p2|yumeiouo|dawn|1914\n|teamsize|p1|6\n|teamsize|p2|6\n|gen|9\n|tier|[Gen 9] VGC 2024 Reg H\n|rated|\n|rule|Species Clause: Limit one of each Pok\u00e9mon\n|rule|Item Clause: Limit 1 of each item\n|clearpoke\n|poke|p1|Pelipper, L50, F|\n|poke|p1|Archaludon, L50, F|\n|poke|p1|Basculegion, L50, M|\n|poke|p1|Sneasler, L50, F|\n|poke|p1|Farigiraf, L50, M|\n|poke|p1|Gholdengo, L50|\n|poke|p2|Gholdengo, L50|\n|poke|p2|Dragonite, L50, F|\n|poke|p2|Kingambit, L50, M|\n|poke|p2|Annihilape, L50, M|\n|poke|p2|Whimsicott, L50, F|\n|poke|p2|Volcarona, L50, F|\n|teampreview|4\n|j| Tian15\n|\n|t:|1728468805\n|start\n|switch|p1a: Pelipper|Pelipper, L50, F, shiny|100\/100\n|switch|p1b: Archaludon|Archaludon, L50, F|100\/100\n|switch|p2a: Whimsicott|Whimsicott, L50, F, shiny|100\/100\n|switch|p2b: Volcarona|Volcarona, L50, F, shiny|100\/100\n|-weather|RainDance|[from] ability: Drizzle|[of] p1a: Pelipper\n|turn|1\n|inactive|Battle timer is ON: inactive players will automatically lose when time's up. (requested by DARIUS I.B.)\n|\n|t:|1728468817\n|move|p2a: Whimsicott|Sunny Day|p2a: Whimsicott\n|-weather|SunnyDay\n|move|p1a: Pelipper|Hurricane|p2a: Whimsicott|[miss]\n|-miss|p1a: Pelipper|p2a: Whimsicott\n|move|p2b: Volcarona|Overheat|p1b: Archaludon\n|-crit|p1b: Archaludon\n|-ability|p1b: Archaludon|Sturdy\n|-damage|p1b: Archaludon|1\/100\n|-unboost|p2b: Volcarona|spa|2\n|move|p1b: Archaludon|Draco Meteor|p2b: Volcarona\n|-damage|p2b: Volcarona|0 fnt\n|-unboost|p1b: Archaludon|spa|2\n|faint|p2b: Volcarona\n|\n|-weather|SunnyDay|[upkeep]\n|upkeep\n|\n|t:|1728468837\n|switch|p2b: Gholdengo|Gholdengo, L50, shiny|100\/100\n|turn|2\n|j| strikesuitzero\n|\n|t:|1728468857\n|switch|p1a: Basculegion|Basculegion, L50, M, shiny|100\/100\n|move|p2b: Gholdengo|Make It Rain|p1b: Archaludon|[spread] p1a,p1b\n|-resisted|p1a: Basculegion\n|-resisted|p1b: Archaludon\n|-damage|p1a: Basculegion|72\/100\n|-damage|p1b: Archaludon|0 fnt\n|-unboost|p2b: Gholdengo|spa|1\n|faint|p1b: Archaludon\n|move|p2a: Whimsicott|Moonblast|p1a: Basculegion\n|-damage|p1a: Basculegion|32\/100\n|\n|-weather|SunnyDay|[upkeep]\n|upkeep\n|\n|t:|1728468871\n|switch|p1b: Pelipper|Pelipper, L50, F, shiny|100\/100\n|-weather|RainDance|[from] ability: Drizzle|[of] p1b: Pelipper\n|turn|3\n|\n|t:|1728468880\n|-terastallize|p2b: Gholdengo|Steel\n|move|p2a: Whimsicott|Tailwind|p2a: Whimsicott\n|-sidestart|p2: yumeiouo|move: Tailwind\n|move|p2b: Gholdengo|Make It Rain|p1a: Basculegion|[spread] p1a,p1b\n|-resisted|p1a: Basculegion\n|-resisted|p1b: Pelipper\n|-damage|p1a: Basculegion|7\/100\n|-damage|p1b: Pelipper|62\/100\n|-unboost|p2b: Gholdengo|spa|1\n|move|p1a: Basculegion|Last Respects|p2a: Whimsicott\n|-enditem|p2a: Whimsicott|Focus Sash\n|-damage|p2a: Whimsicott|1\/100\n|move|p1b: Pelipper|Weather Ball|p2b: Gholdengo\n|-damage|p2b: Gholdengo|21\/100\n|\n|-weather|RainDance|[upkeep]\n|upkeep\n|turn|4\n|\n|t:|1728468901\n|switch|p1a: Sneasler|Sneasler, L50, F|100\/100\n|move|p2a: Whimsicott|Sunny Day|p2a: Whimsicott\n|-weather|SunnyDay\n|move|p2b: Gholdengo|Make It Rain|p1a: Sneasler|[spread] p1a,p1b\n|-resisted|p1b: Pelipper\n|-damage|p1a: Sneasler|56\/100\n|-damage|p1b: Pelipper|33\/100\n|-unboost|p2b: Gholdengo|spa|1\n|move|p1b: Pelipper|Weather Ball|p2a: Whimsicott\n|-supereffective|p2a: Whimsicott\n|-damage|p2a: Whimsicott|0 fnt\n|faint|p2a: Whimsicott\n|\n|-weather|SunnyDay|[upkeep]\n|upkeep\n|\n|t:|1728468904\n|switch|p2a: Kingambit|Kingambit, L50, M, shiny|100\/100\n|turn|5\n|\n|t:|1728468929\n|move|p1a: Sneasler|Fake Out|p2a: Kingambit\n|-resisted|p2a: Kingambit\n|-damage|p2a: Kingambit|95\/100\n|cant|p2a: Kingambit|flinch\n|move|p2b: Gholdengo|Make It Rain|p1b: Pelipper|[spread] p1a,p1b\n|-resisted|p1b: Pelipper\n|-damage|p1a: Sneasler|18\/100\n|-damage|p1b: Pelipper|7\/100\n|-unboost|p2b: Gholdengo|spa|1\n|move|p1b: Pelipper|Weather Ball|p2b: Gholdengo\n|-supereffective|p2b: Gholdengo\n|-damage|p2b: Gholdengo|0 fnt\n|faint|p2b: Gholdengo\n|\n|-weather|SunnyDay|[upkeep]\n|upkeep\n|turn|6\n|\n|t:|1728468947\n|move|p2a: Kingambit|Protect|p2a: Kingambit\n|-singleturn|p2a: Kingambit|Protect\n|move|p1b: Pelipper|Weather Ball|p2a: Kingambit\n|-activate|p2a: Kingambit|move: Protect\n|move|p1a: Sneasler|Close Combat|p2a: Kingambit\n|-activate|p2a: Kingambit|move: Protect\n|\n|-weather|SunnyDay|[upkeep]\n|-sideend|p2: yumeiouo|move: Tailwind\n|upkeep\n|turn|7\n|\n|t:|1728468954\n|move|p2a: Kingambit|Sucker Punch|p1a: Sneasler\n|-resisted|p1a: Sneasler\n|-damage|p1a: Sneasler|0 fnt\n|faint|p1a: Sneasler\n|move|p1b: Pelipper|Weather Ball|p2a: Kingambit\n|-supereffective|p2a: Kingambit\n|-damage|p2a: Kingambit|2\/100\n|\n|-weather|SunnyDay|[upkeep]\n|upkeep\n|\n|t:|1728468956\n|switch|p1a: Basculegion|Basculegion, L50, M, shiny|7\/100\n|turn|8\n|\n|t:|1728468969\n|move|p2a: Kingambit|Protect|p2a: Kingambit\n|-singleturn|p2a: Kingambit|Protect\n|move|p1b: Pelipper|Weather Ball|p2a: Kingambit\n|-activate|p2a: Kingambit|move: Protect\n|move|p1a: Basculegion|Wave Crash|p2a: Kingambit\n|-activate|p2a: Kingambit|move: Protect\n|\n|-weather|none\n|upkeep\n|turn|9\n|\n|t:|1728468973\n|move|p2a: Kingambit|Sucker Punch|p1a: Basculegion\n|-supereffective|p1a: Basculegion\n|-damage|p1a: Basculegion|0 fnt\n|faint|p1a: Basculegion\n|move|p1b: Pelipper|Weather Ball|p2a: Kingambit\n|-resisted|p2a: Kingambit\n|-damage|p2a: Kingambit|0 fnt\n|faint|p2a: Kingambit\n|\n|win|DARIUS I.B.\n|raw|DARIUS I.B.'s rating: 1775 &rarr; <strong>1803<\/strong><br \/>(+28 for winning)\n|raw|yumeiouo's rating: 1914 &rarr; <strong>1886<\/strong><br \/>(-28 for losing)\n|l| strikesuitzero\n|l|\u2606yumeiouo\n|player|p2|\n|l| Tian15\n|l|\u2606DARIUS I.B.\n|player|p1|\n","uploadtime":1728469198,"views":102,"formatid":"gen9vgc2024regh","rating":1803,"private":0,"password":null}