{"id":"gen9vgc2024regh-2219070242","format":"[Gen 9] VGC 2024 Reg H","players":["googer315","yumeiouo"],"log":"|j|\u2606googer315\n|j|\u2606yumeiouo\n|t:|1728451183\n|gametype|doubles\n|player|p1|googer315|1|1756\n|player|p2|yumeiouo|dawn|1829\n|teamsize|p1|6\n|teamsize|p2|6\n|gen|9\n|tier|[Gen 9] VGC 2024 Reg H\n|rated|\n|rule|Species Clause: Limit one of each Pok\u00e9mon\n|rule|Item Clause: Limit 1 of each item\n|clearpoke\n|poke|p1|Dondozo, L50, F|\n|poke|p1|Tatsugiri, L50, F|\n|poke|p1|Glimmora, L50, F|\n|poke|p1|Maushold, L50|\n|poke|p1|Annihilape, L50, F|\n|poke|p1|Gholdengo, L50|\n|poke|p2|Ursaluna-Bloodmoon, L50, M|\n|poke|p2|Gholdengo, L50|\n|poke|p2|Dragonite, L50, M|\n|poke|p2|Porygon2, L50|\n|poke|p2|Kingambit, L50, M|\n|poke|p2|Amoonguss, L50, F|\n|teampreview|4\n|inactive|Battle timer is ON: inactive players will automatically lose when time's up. (requested by googer315)\n|\n|t:|1728451210\n|start\n|switch|p1a: Gholdengo|Gholdengo, L50|100\/100\n|switch|p1b: Glimmora|Glimmora, L50, F|100\/100\n|switch|p2a: Ursaluna|Ursaluna-Bloodmoon, L50, M|100\/100\n|switch|p2b: Kingambit|Kingambit, L50, M|100\/100\n|turn|1\n|inactive|googer315 has 30 seconds left.\n|inactive|googer315 has 20 seconds left.\n|inactive|googer315 has 15 seconds left.\n|inactive|googer315 has 10 seconds left.\n|inactive|googer315 has 5 seconds left.\n|\n|t:|1728451261\n|-terastallize|p1b: Glimmora|Ground\n|move|p1a: Gholdengo|Trick|p2a: Ursaluna\n|-activate|p1a: Gholdengo|move: Trick|[of] p2a: Ursaluna\n|-item|p2a: Ursaluna|Choice Scarf|[from] move: Trick\n|-item|p1a: Gholdengo|Assault Vest|[from] move: Trick\n|move|p1b: Glimmora|Earth Power|p2b: Kingambit\n|-supereffective|p2b: Kingambit\n|-enditem|p2b: Kingambit|Focus Sash\n|-damage|p2b: Kingambit|1\/100\n|move|p2a: Ursaluna|Earth Power|p1b: Glimmora\n|-damage|p1b: Glimmora|26\/100\n|move|p2b: Kingambit|Kowtow Cleave|p1a: Gholdengo\n|-supereffective|p1a: Gholdengo\n|-damage|p1a: Gholdengo|0 fnt\n|faint|p1a: Gholdengo\n|\n|upkeep\n|\n|t:|1728451275\n|switch|p1a: Dondozo|Dondozo, L50, F|100\/100\n|turn|2\n|\n|t:|1728451284\n|switch|p1b: Tatsugiri|Tatsugiri, L50, F|100\/100\n|-activate|p1b: Tatsugiri|ability: Commander|[of] p1a: Dondozo\n|-boost|p1a: Dondozo|atk|2\n|-boost|p1a: Dondozo|spa|2\n|-boost|p1a: Dondozo|spe|2\n|-boost|p1a: Dondozo|def|2\n|-boost|p1a: Dondozo|spd|2\n|-terastallize|p2a: Ursaluna|Normal\n|move|p2b: Kingambit|Sucker Punch|p1a: Dondozo\n|-damage|p1a: Dondozo|86\/100\n|move|p1a: Dondozo|Order Up|p2b: Kingambit\n|-resisted|p2b: Kingambit\n|-damage|p2b: Kingambit|0 fnt\n|faint|p2b: Kingambit\n|-boost|p1a: Dondozo|atk|1\n|move|p2a: Ursaluna|Earth Power|p1b: Tatsugiri|[miss]\n|-miss|p2a: Ursaluna|p1b: Tatsugiri\n|\n|-heal|p1a: Dondozo|93\/100|[from] item: Leftovers\n|upkeep\n|\n|t:|1728451291\n|switch|p2b: Porygon2|Porygon2, L50|100\/100\n|-ability|p2b: Porygon2|Download|boost\n|-boost|p2b: Porygon2|spa|1\n|turn|3\n|\n|t:|1728451312\n|switch|p2a: Amoonguss|Amoonguss, L50, F|100\/100\n|move|p1a: Dondozo|Order Up|p2b: Porygon2\n|-damage|p2b: Porygon2|70\/100\n|-boost|p1a: Dondozo|atk|1\n|move|p2b: Porygon2|Trick Room|p2b: Porygon2\n|-fieldstart|move: Trick Room|[of] p2b: Porygon2\n|\n|-heal|p1a: Dondozo|99\/100|[from] item: Leftovers\n|upkeep\n|turn|4\n|\n|t:|1728451324\n|switch|p2b: Ursaluna|Ursaluna-Bloodmoon, L50, M, tera:Normal|100\/100\n|move|p2a: Amoonguss|Spore|p1a: Dondozo\n|-status|p1a: Dondozo|slp|[from] move: Spore\n|cant|p1a: Dondozo|slp\n|\n|-heal|p1a: Dondozo|100\/100 slp|[from] item: Leftovers\n|upkeep\n|turn|5\n|\n|t:|1728451333\n|-curestatus|p1a: Dondozo|slp|[msg]\n|move|p1a: Dondozo|Protect|p1a: Dondozo\n|-singleturn|p1a: Dondozo|Protect\n|move|p2a: Amoonguss|Pollen Puff|p1a: Dondozo\n|-activate|p1a: Dondozo|move: Protect\n|move|p2b: Ursaluna|Blood Moon|p1a: Dondozo\n|-activate|p1a: Dondozo|move: Protect\n|\n|upkeep\n|turn|6\n|\n|t:|1728451345\n|switch|p2b: Porygon2|Porygon2, L50|70\/100\n|-ability|p2b: Porygon2|Download|boost\n|-boost|p2b: Porygon2|spa|1\n|move|p2a: Amoonguss|Spore|p1a: Dondozo\n|-status|p1a: Dondozo|slp|[from] move: Spore\n|cant|p1a: Dondozo|slp\n|\n|upkeep\n|turn|7\n|\n|t:|1728451353\n|-curestatus|p1a: Dondozo|slp|[msg]\n|move|p1a: Dondozo|Protect|p1a: Dondozo\n|-singleturn|p1a: Dondozo|Protect\n|move|p2a: Amoonguss|Pollen Puff|p2b: Porygon2\n|-heal|p2b: Porygon2|100\/100\n|move|p2b: Porygon2|Tera Blast|p1a: Dondozo\n|-activate|p1a: Dondozo|move: Protect\n|\n|-fieldend|move: Trick Room\n|upkeep\n|turn|8\n|c|\u2606googer315|lol\n|\n|t:|1728451366\n|move|p1a: Dondozo|Wave Crash|p2b: Porygon2\n|-damage|p2b: Porygon2|7\/100\n|-damage|p1a: Dondozo|76\/100|[from] Recoil\n|move|p2a: Amoonguss|Spore|p1a: Dondozo\n|-status|p1a: Dondozo|slp|[from] move: Spore\n|move|p2b: Porygon2|Trick Room|p2b: Porygon2\n|-fieldstart|move: Trick Room|[of] p2b: Porygon2\n|\n|-heal|p1a: Dondozo|82\/100 slp|[from] item: Leftovers\n|upkeep\n|turn|9\n|\n|t:|1728451376\n|cant|p1a: Dondozo|slp\n|move|p2a: Amoonguss|Pollen Puff|p2b: Porygon2\n|-heal|p2b: Porygon2|57\/100\n|move|p2b: Porygon2|Tera Blast|p1a: Dondozo\n|-damage|p1a: Dondozo|70\/100 slp\n|\n|-heal|p1a: Dondozo|76\/100 slp|[from] item: Leftovers\n|upkeep\n|turn|10\n|\n|t:|1728451387\n|move|p2a: Amoonguss|Pollen Puff|p2b: Porygon2\n|-heal|p2b: Porygon2|100\/100\n|move|p2b: Porygon2|Tera Blast|p1a: Dondozo\n|-damage|p1a: Dondozo|63\/100 slp\n|cant|p1a: Dondozo|slp\n|\n|-heal|p1a: Dondozo|69\/100 slp|[from] item: Leftovers\n|upkeep\n|turn|11\n|\n|t:|1728451399\n|move|p2a: Amoonguss|Rage Powder|p2a: Amoonguss\n|-singleturn|p2a: Amoonguss|move: Rage Powder\n|move|p2b: Porygon2|Tera Blast|p1a: Dondozo\n|-crit|p1a: Dondozo\n|-damage|p1a: Dondozo|30\/100 slp\n|cant|p1a: Dondozo|slp\n|\n|-heal|p1a: Dondozo|37\/100 slp|[from] item: Leftovers\n|upkeep\n|turn|12\n|\n|t:|1728451410\n|move|p2a: Amoonguss|Pollen Puff|p1a: Dondozo\n|-crit|p1a: Dondozo\n|-damage|p1a: Dondozo|17\/100 slp\n|move|p2b: Porygon2|Tera Blast|p1a: Dondozo\n|-damage|p1a: Dondozo|4\/100 slp\n|-curestatus|p1a: Dondozo|slp|[msg]\n|move|p1a: Dondozo|Order Up|p2a: Amoonguss\n|-damage|p2a: Amoonguss|47\/100\n|-boost|p1a: Dondozo|atk|1\n|\n|-heal|p1a: Dondozo|10\/100|[from] item: Leftovers\n|-fieldend|move: Trick Room\n|upkeep\n|turn|13\n|\n|t:|1728451423\n|move|p2a: Amoonguss|Rage Powder|p2a: Amoonguss\n|-singleturn|p2a: Amoonguss|move: Rage Powder\n|move|p1a: Dondozo|Earthquake|p2b: Porygon2|[spread] p2a,p2b\n|-miss|p1a: Dondozo|p1b: Tatsugiri\n|-damage|p2a: Amoonguss|0 fnt\n|-damage|p2b: Porygon2|55\/100\n|faint|p2a: Amoonguss\n|move|p2b: Porygon2|Trick Room|p2b: Porygon2\n|-fieldstart|move: Trick Room|[of] p2b: Porygon2\n|\n|-heal|p1a: Dondozo|16\/100|[from] item: Leftovers\n|upkeep\n|\n|t:|1728451427\n|switch|p2a: Ursaluna|Ursaluna-Bloodmoon, L50, M, tera:Normal|100\/100\n|turn|14\n|\n|t:|1728451434\n|move|p1a: Dondozo|Protect|p1a: Dondozo\n|-singleturn|p1a: Dondozo|Protect\n|move|p2b: Porygon2|Tera Blast|p1a: Dondozo\n|-activate|p1a: Dondozo|move: Protect\n|move|p2a: Ursaluna|Hyper Voice|p1b: Tatsugiri|[spread] \n|-miss|p2a: Ursaluna|p1b: Tatsugiri\n|-activate|p1a: Dondozo|move: Protect\n|\n|-heal|p1a: Dondozo|23\/100|[from] item: Leftovers\n|upkeep\n|turn|15\n|\n|t:|1728451444\n|move|p2b: Porygon2|Tera Blast|p1a: Dondozo\n|-damage|p1a: Dondozo|10\/100\n|move|p2a: Ursaluna|Hyper Voice|p1b: Tatsugiri|[spread] p1a\n|-miss|p2a: Ursaluna|p1b: Tatsugiri\n|-damage|p1a: Dondozo|0 fnt\n|faint|p1a: Dondozo\n|\n|upkeep\n|\n|t:|1728451453\n|switch|p1a: Glimmora|Glimmora, L50, F, tera:Ground|26\/100\n|turn|16\n|\n|t:|1728451464\n|move|p1a: Glimmora|Spiky Shield|p1a: Glimmora\n|-singleturn|p1a: Glimmora|move: Protect\n|move|p1b: Tatsugiri|Endure|p1b: Tatsugiri\n|-singleturn|p1b: Tatsugiri|move: Endure\n|move|p2b: Porygon2|Tera Blast|p1b: Tatsugiri\n|-damage|p1b: Tatsugiri|31\/100\n|move|p2a: Ursaluna|Hyper Voice|p1a: Glimmora|[spread] p1b\n|-activate|p1a: Glimmora|move: Protect\n|-activate|p1b: Tatsugiri|move: Endure\n|-damage|p1b: Tatsugiri|1\/100\n|\n|upkeep\n|turn|17\n|-enditem|p1b: Tatsugiri|Custap Berry|[eat]\n|-activate|p1b: Tatsugiri|item: Custap Berry|[consumed]\n|\n|t:|1728451481\n|move|p1b: Tatsugiri|Draco Meteor|p2a: Ursaluna\n|-damage|p2a: Ursaluna|31\/100\n|-unboost|p1b: Tatsugiri|spa|2\n|move|p2b: Porygon2|Tera Blast|p1b: Tatsugiri\n|-damage|p1b: Tatsugiri|0 fnt\n|faint|p1b: Tatsugiri\n|move|p2a: Ursaluna|Hyper Voice|p1a: Glimmora\n|-damage|p1a: Glimmora|0 fnt\n|faint|p1a: Glimmora\n|\n|win|yumeiouo\n|raw|googer315's rating: 1756 &rarr; <strong>1740<\/strong><br \/>(-16 for losing)\n|raw|yumeiouo's rating: 1829 &rarr; <strong>1845<\/strong><br \/>(+16 for winning)\n|l|\u2606googer315\n|player|p1|\n|l|\u2606yumeiouo\n|player|p2|\n","uploadtime":1728451653,"views":12,"formatid":"gen9vgc2024regh","rating":1740,"private":0,"password":null}