{"id":"gen9vgc2024regh-2219477031","format":"[Gen 9] VGC 2024 Reg H","players":["actuary97","chin8"],"log":"|j|\u2606actuary97\n|j|\u2606chin8\n|t:|1728498841\n|gametype|doubles\n|player|p1|actuary97|sabrina-frlg|1770\n|player|p2|chin8|gentleman-gen4dp|1729\n|teamsize|p1|6\n|teamsize|p2|6\n|gen|9\n|tier|[Gen 9] VGC 2024 Reg H\n|rated|\n|rule|Species Clause: Limit one of each Pok\u00e9mon\n|rule|Item Clause: Limit 1 of each item\n|clearpoke\n|poke|p1|Incineroar, L50, M|\n|poke|p1|Whimsicott, L50, F|\n|poke|p1|Gallade, L50, M|\n|poke|p1|Malamar, L50, F|\n|poke|p1|Indeedee, L50, M|\n|poke|p1|Archaludon, L50, F|\n|poke|p2|Baxcalibur, L50, M|\n|poke|p2|Kilowattrel, L50, M|\n|poke|p2|Heracross, L50, M|\n|poke|p2|Gardevoir, L50, M|\n|poke|p2|Magmortar, L50, M|\n|poke|p2|Gholdengo, L50|\n|teampreview|4\nactuary97 has agreed to open team sheets.\n|c|\u2606actuary97|really cool team\n|inactive|Battle timer is ON: inactive players will automatically lose when time's up. (requested by chin8)\n|\n|t:|1728498882\n|start\n|switch|p1a: Mischief Mother|Whimsicott, L50, F, shiny|100\/100\n|switch|p1b: Tapu Deedee|Indeedee, L50, M, shiny|100\/100\n|switch|p2a: Gardevoir|Gardevoir, L50, M|100\/100\n|switch|p2b: Baxcalibur|Baxcalibur, L50, M|100\/100\n|-fieldstart|move: Psychic Terrain|[from] ability: Psychic Surge|[of] p1b: Tapu Deedee\n|turn|1\n|j| Peroquecuones\n|\n|t:|1728498903\n|move|p1a: Mischief Mother|Moonblast|p2b: Baxcalibur\n|-supereffective|p2b: Baxcalibur\n|-damage|p2b: Baxcalibur|59\/100\n|-unboost|p2b: Baxcalibur|spa|1\n|move|p1b: Tapu Deedee|Expanding Force|p2b: Baxcalibur|[spread] p2a,p2b\n|-resisted|p2a: Gardevoir\n|-crit|p2b: Baxcalibur\n|-damage|p2a: Gardevoir|59\/100\n|-damage|p2b: Baxcalibur|0 fnt\n|faint|p2b: Baxcalibur\n|move|p2a: Gardevoir|Imprison|p2a: Gardevoir\n|-start|p2a: Gardevoir|move: Imprison\n|\n|upkeep\n|\n|t:|1728498912\n|switch|p2b: Gholdengo|Gholdengo, L50|100\/100\n|turn|2\n|\n|t:|1728498921\n|switch|p1b: Bridget|Archaludon, L50, F, shiny|100\/100\n|move|p1a: Mischief Mother|Beat Up|p1b: Bridget\n|-damage|p1b: Bridget|99\/100\n|-ability|p1b: Bridget|Stamina|boost\n|-boost|p1b: Bridget|def|1\n|-enditem|p2a: Gardevoir|Mirror Herb\n|-boost|p2a: Gardevoir|def|1|[from] item: Mirror Herb\n|-damage|p1b: Bridget|97\/100\n|-ability|p1b: Bridget|Stamina|boost\n|-boost|p1b: Bridget|def|1\n|-damage|p1b: Bridget|96\/100\n|-ability|p1b: Bridget|Stamina|boost\n|-boost|p1b: Bridget|def|1\n|-damage|p1b: Bridget|95\/100\n|-ability|p1b: Bridget|Stamina|boost\n|-boost|p1b: Bridget|def|1\n|-hitcount|p1b: Bridget|4\n|move|p2b: Gholdengo|Nasty Plot|p2b: Gholdengo\n|-boost|p2b: Gholdengo|spa|2\n|move|p2a: Gardevoir|Dazzling Gleam|p1a: Mischief Mother|[spread] p1a,p1b\n|-damage|p1a: Mischief Mother|45\/100\n|-damage|p1b: Bridget|74\/100\n|-ability|p1b: Bridget|Stamina|boost\n|-boost|p1b: Bridget|def|1\n|\n|upkeep\n|turn|3\n|\n|t:|1728498938\n|move|p1a: Mischief Mother|Moonblast|p2b: Gholdengo\n|-resisted|p2b: Gholdengo\n|-damage|p2b: Gholdengo|85\/100\n|move|p1b: Bridget|Snarl|p2a: Gardevoir|[spread] p2a,p2b\n|-supereffective|p2b: Gholdengo\n|-damage|p2a: Gardevoir|47\/100\n|-damage|p2b: Gholdengo|60\/100\n|-unboost|p2a: Gardevoir|spa|1\n|-unboost|p2b: Gholdengo|spa|1\n|move|p2b: Gholdengo|Shadow Ball|p1b: Bridget\n|-damage|p1b: Bridget|26\/100\n|-ability|p1b: Bridget|Stamina|boost\n|-boost|p1b: Bridget|def|1\n|move|p2a: Gardevoir|Dazzling Gleam|p1b: Bridget|[spread] p1a,p1b\n|-damage|p1a: Mischief Mother|14\/100\n|-damage|p1b: Bridget|13\/100\n|\n|-heal|p2b: Gholdengo|66\/100|[from] item: Leftovers\n|upkeep\n|turn|4\n|\n|t:|1728498955\n|move|p2b: Gholdengo|Protect|p2b: Gholdengo\n|-singleturn|p2b: Gholdengo|Protect\n|move|p1a: Mischief Mother|Tailwind|p1a: Mischief Mother\n|-sidestart|p1: actuary97|move: Tailwind\n|move|p1b: Bridget|Flash Cannon|p2a: Gardevoir\n|-supereffective|p2a: Gardevoir\n|-damage|p2a: Gardevoir|0 fnt\n|faint|p2a: Gardevoir\n|\n|-heal|p2b: Gholdengo|72\/100|[from] item: Leftovers\n|upkeep\n|\n|t:|1728498959\n|switch|p2a: Magmortar|Magmortar, L50, M|100\/100\n|turn|5\n|\n|t:|1728498973\n|switch|p1a: Incineroar|Incineroar, L50, M, shiny|100\/100\n|-ability|p1a: Incineroar|Intimidate|boost\n|-unboost|p2a: Magmortar|atk|1\n|-unboost|p2b: Gholdengo|atk|1\n|move|p2a: Magmortar|Protect|p2a: Magmortar\n|-singleturn|p2a: Magmortar|Protect\n|move|p1b: Bridget|Body Press|p2a: Magmortar\n|-activate|p2a: Magmortar|move: Protect\n|move|p2b: Gholdengo|Shadow Ball|p1b: Bridget\n|-damage|p1b: Bridget|0 fnt\n|faint|p1b: Bridget\n|\n|-heal|p2b: Gholdengo|78\/100|[from] item: Leftovers\n|-fieldend|move: Psychic Terrain\n|upkeep\n|\n|t:|1728498981\n|switch|p1b: Tapu Deedee|Indeedee, L50, M, shiny|100\/100\n|-fieldstart|move: Psychic Terrain|[from] ability: Psychic Surge|[of] p1b: Tapu Deedee\n|turn|6\n|\n|t:|1728498992\n|move|p2a: Magmortar|Follow Me|p2a: Magmortar\n|-singleturn|p2a: Magmortar|move: Follow Me\n|move|p1b: Tapu Deedee|Expanding Force|p2a: Magmortar|[spread] p2a,p2b\n|-resisted|p2b: Gholdengo\n|-damage|p2a: Magmortar|29\/100\n|-damage|p2b: Gholdengo|37\/100\n|-enditem|p2a: Magmortar|Sitrus Berry|[eat]\n|-heal|p2a: Magmortar|54\/100|[from] item: Sitrus Berry\n|move|p1a: Incineroar|Flare Blitz|p2a: Magmortar\n|-resisted|p2a: Magmortar\n|-damage|p2a: Magmortar|20\/100\n|-damage|p1a: Incineroar|90\/100|[from] Recoil\n|move|p2b: Gholdengo|Make It Rain|p1b: Tapu Deedee|[spread] p1a,p1b\n|-resisted|p1a: Incineroar\n|-damage|p1a: Incineroar|56\/100\n|-damage|p1b: Tapu Deedee|0 fnt\n|-unboost|p2b: Gholdengo|spa|1\n|faint|p1b: Tapu Deedee\n|\n|-heal|p2b: Gholdengo|43\/100|[from] item: Leftovers\n|upkeep\n|\n|t:|1728498996\n|switch|p1b: Mischief Mother|Whimsicott, L50, F, shiny|14\/100\n|turn|7\n|\n|t:|1728499012\n|move|p2b: Gholdengo|Protect|p2b: Gholdengo\n|-singleturn|p2b: Gholdengo|Protect\n|move|p2a: Magmortar|Protect|p2a: Magmortar\n|-singleturn|p2a: Magmortar|Protect\n|move|p1b: Mischief Mother|Moonblast|p2a: Magmortar\n|-activate|p2a: Magmortar|move: Protect\n|move|p1a: Incineroar|Flare Blitz|p2b: Gholdengo\n|-activate|p2b: Gholdengo|move: Protect\n|\n|-heal|p2b: Gholdengo|49\/100|[from] item: Leftovers\n|-sideend|p1: actuary97|move: Tailwind\n|upkeep\n|turn|8\n|j| thejruth3\n|\n|t:|1728499028\n|-terastallize|p2b: Gholdengo|Water\n|move|p2a: Magmortar|Follow Me|p2a: Magmortar\n|-singleturn|p2a: Magmortar|move: Follow Me\n|move|p1b: Mischief Mother|Moonblast|p2a: Magmortar\n|-resisted|p2a: Magmortar\n|-damage|p2a: Magmortar|3\/100\n|move|p2b: Gholdengo|Make It Rain|p1a: Incineroar|[spread] p1a,p1b\n|-resisted|p1a: Incineroar\n|-supereffective|p1b: Mischief Mother\n|-damage|p1a: Incineroar|33\/100\n|-damage|p1b: Mischief Mother|0 fnt\n|-unboost|p2b: Gholdengo|spa|1\n|faint|p1b: Mischief Mother\n|move|p1a: Incineroar|Flare Blitz|p2a: Magmortar\n|-resisted|p2a: Magmortar\n|-damage|p2a: Magmortar|0 fnt\n|faint|p2a: Magmortar\n|-damage|p1a: Incineroar|32\/100|[from] Recoil\n|\n|-heal|p2b: Gholdengo|55\/100|[from] item: Leftovers\n|upkeep\n|turn|9\n|\n|t:|1728499045\n|move|p2b: Gholdengo|Protect|p2b: Gholdengo\n|-singleturn|p2b: Gholdengo|Protect\n|move|p1a: Incineroar|Throat Chop|p2b: Gholdengo\n|-activate|p2b: Gholdengo|move: Protect\n|\n|-heal|p2b: Gholdengo|61\/100|[from] item: Leftovers\n|upkeep\n|turn|10\n|\n|t:|1728499049\n|move|p2b: Gholdengo|Nasty Plot|p2b: Gholdengo\n|-boost|p2b: Gholdengo|spa|2\n|move|p1a: Incineroar|Throat Chop|p2b: Gholdengo\n|-damage|p2b: Gholdengo|25\/100\n|-start|p2b: Gholdengo|Throat Chop|[silent]\n|\n|-heal|p2b: Gholdengo|31\/100|[from] item: Leftovers\n|-fieldend|move: Psychic Terrain\n|upkeep\n|turn|11\n|\n|t:|1728499054\n|move|p2b: Gholdengo|Protect|p2b: Gholdengo\n|-singleturn|p2b: Gholdengo|Protect\n|move|p1a: Incineroar|Throat Chop|p2b: Gholdengo\n|-activate|p2b: Gholdengo|move: Protect\n|\n|-heal|p2b: Gholdengo|38\/100|[from] item: Leftovers\n|-end|p2b: Gholdengo|Throat Chop|[silent]\n|upkeep\n|turn|12\n|\n|t:|1728499056\n|move|p2b: Gholdengo|Make It Rain|p1a: Incineroar\n|-resisted|p1a: Incineroar\n|-damage|p1a: Incineroar|0 fnt\n|-unboost|p2b: Gholdengo|spa|1\n|faint|p1a: Incineroar\n|\n|win|chin8\n|raw|actuary97's rating: 1770 &rarr; <strong>1748<\/strong><br \/>(-22 for losing)\n|raw|chin8's rating: 1729 &rarr; <strong>1751<\/strong><br \/>(+22 for winning)\n|c|\u2606actuary97|gg\n|l|\u2606chin8\n|player|p2|\n|l|\u2606actuary97\n|player|p1|\n|l| Peroquecuones\n|l| thejruth3\n","uploadtime":1728499062,"views":65,"formatid":"gen9vgc2024regh","rating":1748,"private":0,"password":null}