{"id":"gen9vgc2024regh-2219418951","format":"[Gen 9] VGC 2024 Reg H","players":["Federic_0","bieiup"],"log":"|j|\u2606Federic_0\n|j|\u2606bieiup\n|t:|1728493832\n|gametype|doubles\n|player|p1|Federic_0|ghetsis-gen5bw|1738\n|player|p2|bieiup|lillie-z|1776\n|teamsize|p1|6\n|teamsize|p2|6\n|gen|9\n|tier|[Gen 9] VGC 2024 Reg H\n|rated|\n|rule|Species Clause: Limit one of each Pok\u00e9mon\n|rule|Item Clause: Limit 1 of each item\n|clearpoke\n|poke|p1|Whimsicott, L50, F|\n|poke|p1|Sneasler, L50, F|\n|poke|p1|Ceruledge, L50, M|\n|poke|p1|Hydreigon, L50, F|\n|poke|p1|Primarina, L50, F|\n|poke|p1|Rillaboom, L50, M|\n|poke|p2|Sableye, L50, M|\n|poke|p2|Dondozo, L50, M|\n|poke|p2|Sylveon, L50, F|\n|poke|p2|Dragonite, L50, M|\n|poke|p2|Gholdengo, L50|\n|poke|p2|Ursaluna-Bloodmoon, L50, M|\n|teampreview|4\n|inactive|Battle timer is ON: inactive players will automatically lose when time's up. (requested by bieiup)\n|inactive|bieiup has 60 seconds left.\n|j| ideaE\n|\n|t:|1728493874\n|start\n|switch|p1a: Whimsicott|Whimsicott, L50, F|100\/100\n|switch|p1b: Ceruledge|Ceruledge, L50, M|100\/100\n|switch|p2a: Sableye|Sableye, L50, M|100\/100\n|switch|p2b: Sylveon|Sylveon, L50, F|100\/100\n|turn|1\n|\n|t:|1728493886\n|move|p2a: Sableye|Fake Out|p1a: Whimsicott\n|-damage|p1a: Whimsicott|89\/100\n|move|p1a: Whimsicott|Moonblast|p2a: Sableye\n|-supereffective|p2a: Sableye\n|-enditem|p2a: Sableye|Focus Sash\n|-damage|p2a: Sableye|1\/100\n|-unboost|p2a: Sableye|spa|1\n|move|p1b: Ceruledge|Bitter Blade|p2b: Sylveon\n|-damage|p2b: Sylveon|46\/100\n|move|p2b: Sylveon|Hyper Voice|p1b: Ceruledge|[spread] p1a,p1b\n|-resisted|p1b: Ceruledge\n|-damage|p1a: Whimsicott|23\/100\n|-damage|p1b: Ceruledge|75\/100\n|-enditem|p2b: Sylveon|Throat Spray\n|-boost|p2b: Sylveon|spa|1|[from] item: Throat Spray\n|\n|upkeep\n|turn|2\n|inactive|bieiup has 30 seconds left.\n|\n|t:|1728493913\n|move|p1a: Whimsicott|Protect|p1a: Whimsicott\n|-singleturn|p1a: Whimsicott|Protect\n|move|p1b: Ceruledge|Shadow Sneak|p2a: Sableye\n|-damage|p2a: Sableye|0 fnt\n|faint|p2a: Sableye\n|move|p2b: Sylveon|Quick Attack|p1b: Ceruledge\n|-resisted|p1b: Ceruledge\n|-crit|p1b: Ceruledge\n|-damage|p1b: Ceruledge|65\/100\n|\n|upkeep\n|\n|t:|1728493924\n|switch|p2a: Dragonite|Dragonite, L50, M|100\/100\n|turn|3\n|j| 00L0NGTEA\n|\n|t:|1728493935\n|-terastallize|p1a: Whimsicott|Ghost\n|move|p2b: Sylveon|Protect|p2b: Sylveon\n|-singleturn|p2b: Sylveon|Protect\n|move|p1a: Whimsicott|Moonblast|p2a: Dragonite\n|-supereffective|p2a: Dragonite\n|-damage|p2a: Dragonite|79\/100\n|-unboost|p2a: Dragonite|spa|1\n|move|p1b: Ceruledge|Bitter Blade|p2b: Sylveon\n|-activate|p2b: Sylveon|move: Protect\n|move|p2a: Dragonite|Earthquake|p1b: Ceruledge|[spread] p1a,p1b\n|-activate|p2b: Sylveon|move: Protect\n|-supereffective|p1b: Ceruledge\n|-damage|p1a: Whimsicott|0 fnt\n|-damage|p1b: Ceruledge|0 fnt\n|faint|p1a: Whimsicott\n|faint|p1b: Ceruledge\n|\n|upkeep\n|\n|t:|1728493944\n|switch|p1a: Sneasler|Sneasler, L50, F|100\/100\n|switch|p1b: Hydreigon|Hydreigon, L50, F|100\/100\n|turn|4\n|\n|t:|1728493966\n|-terastallize|p2a: Dragonite|Dark\n|move|p1a: Sneasler|Dire Claw|p2b: Sylveon\n|-supereffective|p2b: Sylveon\n|-damage|p2b: Sylveon|0 fnt\n|faint|p2b: Sylveon\n|move|p1b: Hydreigon|Draco Meteor|p2a: Dragonite\n|-damage|p2a: Dragonite|26\/100\n|-unboost|p1b: Hydreigon|spa|2\n|-damage|p1b: Hydreigon|91\/100|[from] item: Life Orb\n|move|p2a: Dragonite|Outrage|p1a: Sneasler\n|-enditem|p1a: Sneasler|Focus Sash\n|-damage|p1a: Sneasler|1\/100\n|\n|upkeep\n|\n|t:|1728493968\n|switch|p2b: Dondozo|Dondozo, L50, M|100\/100\n|turn|5\n|\n|t:|1728493991\n|move|p1a: Sneasler|Dire Claw|p2a: Dragonite\n|-damage|p2a: Dragonite|0 fnt\n|faint|p2a: Dragonite\n|move|p1b: Hydreigon|Draco Meteor|p2b: Dondozo\n|-damage|p2b: Dondozo|43\/100\n|-unboost|p1b: Hydreigon|spa|2\n|-damage|p1b: Hydreigon|81\/100|[from] item: Life Orb\n|move|p2b: Dondozo|Curse|p2b: Dondozo\n|-unboost|p2b: Dondozo|spe|1\n|-boost|p2b: Dondozo|atk|1\n|-boost|p2b: Dondozo|def|1\n|\n|upkeep\n|turn|6\n|\n|t:|1728494002\n|move|p1a: Sneasler|Dire Claw|p2b: Dondozo\n|-damage|p2b: Dondozo|25\/100\n|move|p1b: Hydreigon|Draco Meteor|p2b: Dondozo\n|-damage|p2b: Dondozo|0 fnt\n|-unboost|p1b: Hydreigon|spa|2\n|faint|p2b: Dondozo\n|-damage|p1b: Hydreigon|72\/100|[from] item: Life Orb\n|\n|win|Federic_0\n|raw|Federic_0's rating: 1738 &rarr; <strong>1760<\/strong><br \/>(+22 for winning)\n|raw|bieiup's rating: 1776 &rarr; <strong>1754<\/strong><br \/>(-22 for losing)\n|l|\u2606bieiup\n|player|p2|\n|l| 00L0NGTEA\n|l| ideaE\n","uploadtime":1728494283,"views":40,"formatid":"gen9vgc2024regh","rating":1754,"private":0,"password":null}