{"id":"gen9vgc2024regh-2219973300","format":"[Gen 9] VGC 2024 Reg H","players":["Isloe","roykeenkennedy"],"log":"|j|\u2606Isloe\n|j|\u2606roykeenkennedy\n|t:|1728563993\n|gametype|doubles\n|player|p1|Isloe|dahlia|1771\n|player|p2|roykeenkennedy|alder|1805\n|teamsize|p1|6\n|teamsize|p2|6\n|gen|9\n|tier|[Gen 9] VGC 2024 Reg H\n|rated|\n|rule|Species Clause: Limit one of each Pok\u00e9mon\n|rule|Item Clause: Limit 1 of each item\n|clearpoke\n|poke|p1|Amoonguss, L50, F|\n|poke|p1|Incineroar, L50, M|\n|poke|p1|Gholdengo, L50|\n|poke|p1|Ursaluna, L50, F|\n|poke|p1|Sneasler, L50, M|\n|poke|p1|Porygon2, L50|\n|poke|p2|Salamence, L50, F|\n|poke|p2|Incineroar, L50, F|\n|poke|p2|Weezing, L50, M|\n|poke|p2|Dragapult, L50, F|\n|poke|p2|Ursaluna-Bloodmoon, L50, M|\n|poke|p2|Volcarona, L50, M|\n|teampreview|4\n|\n|t:|1728564046\n|start\n|switch|p1a: Incineroar|Incineroar, L50, M|100\/100\n|switch|p1b: Amoonguss|Amoonguss, L50, F|100\/100\n|switch|p2a: Weezing|Weezing, L50, M|100\/100\n|switch|p2b: Volcarona|Volcarona, L50, M|100\/100\n|-ability|p2a: Weezing|Neutralizing Gas\n|turn|1\n|\n|t:|1728564086\n|-terastallize|p2a: Weezing|Ghost\n|move|p1a: Incineroar|Fake Out|p2a: Weezing\n|-immune|p2a: Weezing\n|move|p2b: Volcarona|Heat Wave|p1a: Incineroar|[spread] p1a,p1b\n|-resisted|p1a: Incineroar\n|-supereffective|p1b: Amoonguss\n|-damage|p1a: Incineroar|86\/100\n|-damage|p1b: Amoonguss|39\/100\n|-enditem|p1b: Amoonguss|Sitrus Berry|[eat]\n|-heal|p1b: Amoonguss|64\/100|[from] item: Sitrus Berry\n|move|p2a: Weezing|Taunt|p1b: Amoonguss\n|-start|p1b: Amoonguss|move: Taunt\n|cant|p1b: Amoonguss|move: Taunt|Spore\n|\n|upkeep\n|turn|2\n|\n|t:|1728564105\n|-end|p2a: Weezing|ability: Neutralizing Gas\n|-ability|p1a: Incineroar|Intimidate|boost\n|-unboost|p2a: Weezing|atk|1\n|-unboost|p2b: Volcarona|atk|1\n|switch|p2a: Incineroar|Incineroar, L50, F|100\/100\n|-ability|p2a: Incineroar|Intimidate|boost\n|-unboost|p1a: Incineroar|atk|1\n|-unboost|p1b: Amoonguss|atk|1\n|switch|p1b: Porygon2|Porygon2, L50|100\/100\n|-ability|p1b: Porygon2|Download|boost\n|-boost|p1b: Porygon2|atk|1\n|move|p2b: Volcarona|Heat Wave|p1b: Porygon2|[spread] p1a,p1b\n|-resisted|p1a: Incineroar\n|-damage|p1a: Incineroar|72\/100\n|-damage|p1b: Porygon2|79\/100\n|move|p1a: Incineroar|Knock Off|p2b: Volcarona\n|-damage|p2b: Volcarona|67\/100\n|-enditem|p2b: Volcarona|Covert Cloak|[from] move: Knock Off|[of] p1a: Incineroar\n|\n|upkeep\n|turn|3\n|\n|t:|1728564127\n|switch|p2b: Weezing|Weezing, L50, M, tera:Ghost|100\/100\n|-ability|p2b: Weezing|Neutralizing Gas\n|-block|p2a: Incineroar|item: Ability Shield\n|move|p2a: Incineroar|Fake Out|p1b: Porygon2\n|-damage|p1b: Porygon2|72\/100\n|move|p1a: Incineroar|Knock Off|p2a: Incineroar\n|-resisted|p2a: Incineroar\n|-damage|p2a: Incineroar|89\/100\n|-enditem|p2a: Incineroar|Ability Shield|[from] move: Knock Off|[of] p1a: Incineroar\n|cant|p1b: Porygon2|flinch\n|\n|upkeep\n|turn|4\n|\n|t:|1728564152\n|switch|p1b: Amoonguss|Amoonguss, L50, F|97\/100\n|move|p2b: Weezing|Taunt|p1b: Amoonguss\n|-start|p1b: Amoonguss|move: Taunt\n|move|p1a: Incineroar|Parting Shot|p2b: Weezing\n|-unboost|p2b: Weezing|atk|1\n|-unboost|p2b: Weezing|spa|1\n|\n|t:|1728564159\n|switch|p1a: Ursaluna|Ursaluna, L50, F|100\/100|[from] Parting Shot\n|move|p2a: Incineroar|Knock Off|p1b: Amoonguss\n|-damage|p1b: Amoonguss|78\/100\n|\n|-status|p1a: Ursaluna|brn|[from] item: Flame Orb\n|upkeep\n|turn|5\n|\n|t:|1728564176\n|switch|p1b: Incineroar|Incineroar, L50, M|72\/100\n|move|p2b: Weezing|Sludge Bomb|p1b: Incineroar\n|-damage|p1b: Incineroar|55\/100\n|move|p2a: Incineroar|Parting Shot|p1a: Ursaluna\n|-unboost|p1a: Ursaluna|atk|1\n|-unboost|p1a: Ursaluna|spa|1\n|\n|t:|1728564189\n|switch|p2a: Dragapult|Dragapult, L50, F|100\/100|[from] Parting Shot\n|move|p1a: Ursaluna|Facade|p2a: Dragapult\n|-immune|p2a: Dragapult\n|\n|-damage|p1a: Ursaluna|95\/100 brn|[from] brn\n|upkeep\n|turn|6\n|\n|t:|1728564213\n|switch|p1a: Amoonguss|Amoonguss, L50, F|78\/100\n|move|p2a: Dragapult|U-turn|p1b: Incineroar\n|-damage|p1b: Incineroar|21\/100\n|\n|t:|1728564222\n|switch|p2a: Incineroar|Incineroar, L50, F|89\/100|[from] U-turn\n|move|p2b: Weezing|Sludge Bomb|p1b: Incineroar\n|-damage|p1b: Incineroar|7\/100\n|move|p1b: Incineroar|Knock Off|p2b: Weezing\n|-supereffective|p2b: Weezing\n|-damage|p2b: Weezing|26\/100\n|-enditem|p2b: Weezing|Leftovers|[from] move: Knock Off|[of] p1b: Incineroar\n|\n|upkeep\n|turn|7\n|\n|t:|1728564261\n|switch|p1b: Porygon2|Porygon2, L50|72\/100\n|move|p2b: Weezing|Taunt|p1a: Amoonguss\n|-start|p1a: Amoonguss|move: Taunt\n|move|p2a: Incineroar|Knock Off|p1b: Porygon2\n|-damage|p1b: Porygon2|48\/100\n|-enditem|p1b: Porygon2|Eviolite|[from] move: Knock Off|[of] p2a: Incineroar\n|move|p1a: Amoonguss|Pollen Puff|p1b: Porygon2\n|-heal|p1b: Porygon2|98\/100\n|\n|upkeep\n|turn|8\n|\n|t:|1728564280\n|switch|p1b: Incineroar|Incineroar, L50, M|7\/100\n|move|p2b: Weezing|Taunt|p1b: Incineroar\n|-start|p1b: Incineroar|move: Taunt\n|move|p2a: Incineroar|Parting Shot|p1b: Incineroar\n|-unboost|p1b: Incineroar|atk|1\n|-unboost|p1b: Incineroar|spa|1\n|\n|t:|1728564291\n|switch|p2a: Dragapult|Dragapult, L50, F|100\/100|[from] Parting Shot\n|move|p1a: Amoonguss|Pollen Puff|p1b: Incineroar\n|-heal|p1b: Incineroar|57\/100\n|\n|upkeep\n|turn|9\n|\n|t:|1728564319\n|-end|p2b: Weezing|ability: Neutralizing Gas\n|-ability|p1b: Incineroar|Intimidate|boost\n|-fail|p2a: Dragapult|unboost|[from] ability: Clear Body|[of] p2a: Dragapult\n|-unboost|p2b: Weezing|atk|1\n|switch|p2b: Incineroar|Incineroar, L50, F|89\/100\n|-ability|p2b: Incineroar|Intimidate|boost\n|-unboost|p1a: Amoonguss|atk|1\n|-unboost|p1b: Incineroar|atk|1\n|move|p2a: Dragapult|Dragon Darts|p1b: Incineroar\n|-damage|p1b: Incineroar|21\/100\n|-anim|p2a: Dragapult|Dragon Darts|p1a: Amoonguss\n|-damage|p1a: Amoonguss|43\/100\n|move|p1b: Incineroar|Knock Off|p2a: Dragapult\n|-supereffective|p2a: Dragapult\n|-damage|p2a: Dragapult|46\/100\n|-enditem|p2a: Dragapult|Choice Band|[from] move: Knock Off|[of] p1b: Incineroar\n|move|p1a: Amoonguss|Pollen Puff|p1b: Incineroar\n|-heal|p1b: Incineroar|71\/100\n|\n|-end|p1a: Amoonguss|move: Taunt\n|upkeep\n|turn|10\n|\n|t:|1728564370\n|switch|p1a: Porygon2|Porygon2, L50|98\/100\n|-ability|p1a: Porygon2|Download|boost\n|-boost|p1a: Porygon2|atk|1\n|move|p2a: Dragapult|Dragon Darts|p1a: Porygon2\n|-damage|p1a: Porygon2|74\/100\n|-anim|p2a: Dragapult|Dragon Darts|p1b: Incineroar\n|-damage|p1b: Incineroar|46\/100\n|move|p1b: Incineroar|Knock Off|p2a: Dragapult\n|-supereffective|p2a: Dragapult\n|-damage|p2a: Dragapult|5\/100\n|move|p2b: Incineroar|Flare Blitz|p1a: Porygon2\n|-damage|p1a: Porygon2|35\/100\n|-damage|p2b: Incineroar|77\/100|[from] Recoil\n|\n|-end|p1b: Incineroar|move: Taunt\n|upkeep\n|turn|11\n|\n|t:|1728564419\n|switch|p1a: Amoonguss|Amoonguss, L50, F|76\/100\n|move|p2a: Dragapult|Dragon Darts|p1a: Amoonguss\n|-damage|p1a: Amoonguss|57\/100\n|-anim|p2a: Dragapult|Dragon Darts|p1b: Incineroar\n|-damage|p1b: Incineroar|21\/100\n|move|p1b: Incineroar|Parting Shot|p2b: Incineroar\n|-unboost|p2b: Incineroar|atk|1\n|-unboost|p2b: Incineroar|spa|1\n|\n|t:|1728564429\n|switch|p1b: Porygon2|Porygon2, L50|35\/100|[from] Parting Shot\n|-ability|p1b: Porygon2|Download|boost\n|-boost|p1b: Porygon2|atk|1\n|move|p2b: Incineroar|Flare Blitz|p1a: Amoonguss\n|-supereffective|p1a: Amoonguss\n|-damage|p1a: Amoonguss|5\/100\n|-damage|p2b: Incineroar|58\/100|[from] Recoil\n|\n|upkeep\n|turn|12\n|\n|t:|1728564450\n|switch|p1a: Incineroar|Incineroar, L50, M|21\/100\n|-ability|p1a: Incineroar|Intimidate|boost\n|-fail|p2a: Dragapult|unboost|[from] ability: Clear Body|[of] p2a: Dragapult\n|-unboost|p2b: Incineroar|atk|1\n|move|p2a: Dragapult|Dragon Darts|p1a: Incineroar\n|-damage|p1a: Incineroar|0 fnt\n|-anim|p2a: Dragapult|Dragon Darts|p1b: Porygon2\n|-damage|p1b: Porygon2|10\/100\n|faint|p1a: Incineroar\n|move|p2b: Incineroar|Flare Blitz|p1b: Porygon2\n|-damage|p1b: Porygon2|0 fnt\n|faint|p1b: Porygon2\n|-damage|p2b: Incineroar|55\/100|[from] Recoil\n|\n|upkeep\n|\n|t:|1728564461\n|switch|p1a: Ursaluna|Ursaluna, L50, F|95\/100 brn\n|switch|p1b: Amoonguss|Amoonguss, L50, F|38\/100\n|turn|13\n|\n|t:|1728564478\n|-terastallize|p1b: Amoonguss|Water\n|move|p2a: Dragapult|Outrage|p1a: Ursaluna\n|-damage|p1a: Ursaluna|42\/100 brn\n|move|p2b: Incineroar|Parting Shot|p1a: Ursaluna\n|-unboost|p1a: Ursaluna|atk|1\n|-unboost|p1a: Ursaluna|spa|1\n|\n|t:|1728564489\n|switch|p2b: Weezing|Weezing, L50, M, tera:Ghost|26\/100|[from] Parting Shot\n|-ability|p2b: Weezing|Neutralizing Gas\n|move|p1a: Ursaluna|Substitute|p1a: Ursaluna\n|-start|p1a: Ursaluna|Substitute\n|-damage|p1a: Ursaluna|17\/100 brn\n|move|p1b: Amoonguss|Spore|p2a: Dragapult\n|-status|p2a: Dragapult|slp|[from] move: Spore\n|\n|-damage|p1a: Ursaluna|11\/100 brn|[from] brn\n|upkeep\n|turn|14\n|\n|t:|1728564511\n|switch|p2a: Volcarona|Volcarona, L50, M|67\/100\n|move|p2b: Weezing|Sludge Bomb|p1b: Amoonguss\n|-damage|p1b: Amoonguss|12\/100\n|move|p1a: Ursaluna|Headlong Rush|p2b: Weezing\n|-damage|p2b: Weezing|5\/100\n|-unboost|p1a: Ursaluna|def|1\n|-unboost|p1a: Ursaluna|spd|1\n|move|p1b: Amoonguss|Pollen Puff|p1a: Ursaluna\n|-heal|p1a: Ursaluna|61\/100 brn\n|\n|-damage|p1a: Ursaluna|55\/100 brn|[from] brn\n|upkeep\n|turn|15\n|\n|t:|1728564552\n|move|p2a: Volcarona|Giga Drain|p1a: Ursaluna\n|-supereffective|p1a: Ursaluna\n|-end|p1a: Ursaluna|Substitute\n|-heal|p2a: Volcarona|83\/100|[from] drain|[of] p1a: Ursaluna\n|move|p2b: Weezing|Sludge Bomb|p1b: Amoonguss\n|-damage|p1b: Amoonguss|0 fnt\n|faint|p1b: Amoonguss\n|move|p1a: Ursaluna|Facade|p2a: Volcarona\n|-damage|p2a: Volcarona|15\/100\n|\n|-damage|p1a: Ursaluna|49\/100 brn|[from] brn\n|upkeep\n|turn|16\n|-message|Isloe forfeited.\n|\n|win|roykeenkennedy\n|raw|Isloe's rating: 1771 &rarr; <strong>1753<\/strong><br \/>(-18 for losing)\n|raw|roykeenkennedy's rating: 1805 &rarr; <strong>1823<\/strong><br \/>(+18 for winning)\n|l|\u2606Isloe\n|player|p1|\n|l|\u2606roykeenkennedy\n|player|p2|\n","uploadtime":1728564705,"views":27,"formatid":"gen9vgc2024regh","rating":1753,"private":0,"password":null}