{"id":"gen9vgc2024regh-2219190446","format":"[Gen 9] VGC 2024 Reg H","players":["roykeenkennedy","yumeiouo"],"log":"|j|\u2606roykeenkennedy\n|j|\u2606yumeiouo\n|t:|1728471116\n|gametype|doubles\n|player|p1|roykeenkennedy|alder|1805\n|player|p2|yumeiouo|dawn|1886\n|teamsize|p1|6\n|teamsize|p2|6\n|gen|9\n|tier|[Gen 9] VGC 2024 Reg H\n|rated|\n|rule|Species Clause: Limit one of each Pok\u00e9mon\n|rule|Item Clause: Limit 1 of each item\n|clearpoke\n|poke|p1|Salamence, L50, M|\n|poke|p1|Incineroar, L50, M|\n|poke|p1|Weezing, L50, F|\n|poke|p1|Dragapult, L50, M|\n|poke|p1|Ursaluna-Bloodmoon, L50, M|\n|poke|p1|Volcarona, L50, F|\n|poke|p2|Gholdengo, L50|\n|poke|p2|Dragonite, L50, M|\n|poke|p2|Kingambit, L50, M|\n|poke|p2|Annihilape, L50, M|\n|poke|p2|Whimsicott, L50, F|\n|poke|p2|Volcarona, L50, F|\n|teampreview|4\n|\n|t:|1728471173\n|start\n|switch|p1a: Salamence|Salamence, L50, M|100\/100\n|switch|p1b: Weezing|Weezing, L50, F|100\/100\n|switch|p2a: Annihilape|Annihilape, L50, M, shiny|100\/100\n|switch|p2b: Whimsicott|Whimsicott, L50, F, shiny|100\/100\n|-ability|p1b: Weezing|Neutralizing Gas\n|turn|1\n|\n|t:|1728471193\n|-terastallize|p2a: Annihilape|Steel\n|-terastallize|p1b: Weezing|Ghost\n|move|p1a: Salamence|Dual Wingbeat|p2a: Annihilape\n|-resisted|p2a: Annihilape\n|-damage|p2a: Annihilape|88\/100\n|-resisted|p2a: Annihilape\n|-crit|p2a: Annihilape\n|-damage|p2a: Annihilape|69\/100\n|-hitcount|p2a: Annihilape|2\n|move|p2b: Whimsicott|Beat Up|p2a: Annihilape\n|-damage|p2a: Annihilape|66\/100\n|-damage|p2a: Annihilape|64\/100\n|-damage|p2a: Annihilape|62\/100\n|-damage|p2a: Annihilape|59\/100\n|-hitcount|p2a: Annihilape|4\n|move|p2a: Annihilape|Rage Fist|p1a: Salamence\n|-damage|p1a: Salamence|0 fnt\n|faint|p1a: Salamence\n|move|p1b: Weezing|Sludge Bomb|p2b: Whimsicott\n|-supereffective|p2b: Whimsicott\n|-enditem|p2b: Whimsicott|Focus Sash\n|-damage|p2b: Whimsicott|1\/100\n|\n|upkeep\n|\n|t:|1728471216\n|switch|p1a: Incineroar|Incineroar, L50, M|100\/100\n|-ability|p1a: Incineroar|Intimidate|boost\n|-unboost|p2a: Annihilape|atk|1\n|-unboost|p2b: Whimsicott|atk|1\n|turn|2\n|\n|t:|1728471233\n|move|p1b: Weezing|Protect|p1b: Weezing\n|-singleturn|p1b: Weezing|Protect\n|move|p2b: Whimsicott|Tailwind|p2b: Whimsicott\n|-sidestart|p2: yumeiouo|move: Tailwind\n|move|p2a: Annihilape|Close Combat|p1a: Incineroar\n|-supereffective|p1a: Incineroar\n|-damage|p1a: Incineroar|40\/100\n|-unboost|p2a: Annihilape|def|1\n|-unboost|p2a: Annihilape|spd|1\n|move|p1a: Incineroar|Flare Blitz|p2a: Annihilape\n|-supereffective|p2a: Annihilape\n|-damage|p2a: Annihilape|0 fnt\n|faint|p2a: Annihilape\n|-damage|p1a: Incineroar|20\/100|[from] Recoil\n|\n|upkeep\n|\n|t:|1728471242\n|switch|p2a: Gholdengo|Gholdengo, L50, shiny|100\/100\n|turn|3\n|\n|t:|1728471257\n|switch|p2b: Kingambit|Kingambit, L50, M, shiny|100\/100\n|-end|p1b: Weezing|ability: Neutralizing Gas\n|switch|p1b: Volcarona|Volcarona, L50, F|100\/100\n|move|p2a: Gholdengo|Make It Rain|p1b: Volcarona|[spread] p1a,p1b\n|-resisted|p1a: Incineroar\n|-resisted|p1b: Volcarona\n|-damage|p1a: Incineroar|0 fnt\n|-damage|p1b: Volcarona|75\/100\n|-unboost|p2a: Gholdengo|spa|1\n|faint|p1a: Incineroar\n|\n|upkeep\n|\n|t:|1728471271\n|switch|p1a: Weezing|Weezing, L50, F, tera:Ghost|100\/100\n|-ability|p1a: Weezing|Neutralizing Gas\n|turn|4\n|\n|t:|1728471287\n|switch|p2a: Whimsicott|Whimsicott, L50, F, shiny|1\/100\n|move|p2b: Kingambit|Protect|p2b: Kingambit\n|-singleturn|p2b: Kingambit|Protect\n|move|p1b: Volcarona|Protect|p1b: Volcarona\n|-singleturn|p1b: Volcarona|Protect\n|move|p1a: Weezing|Will-O-Wisp|p2b: Kingambit\n|-activate|p2b: Kingambit|move: Protect\n|\n|upkeep\n|turn|5\n|\n|t:|1728471310\n|move|p1a: Weezing|Protect|p1a: Weezing\n|-singleturn|p1a: Weezing|Protect\n|move|p2a: Whimsicott|Moonblast|p1a: Weezing\n|-activate|p1a: Weezing|move: Protect\n|move|p2b: Kingambit|Kowtow Cleave|p1a: Weezing\n|-activate|p1a: Weezing|move: Protect\n|move|p1b: Volcarona|Heat Wave|p2a: Whimsicott|[spread] p2a,p2b\n|-supereffective|p2a: Whimsicott\n|-supereffective|p2b: Kingambit\n|-damage|p2a: Whimsicott|0 fnt\n|-damage|p2b: Kingambit|27\/100\n|faint|p2a: Whimsicott\n|\n|-sideend|p2: yumeiouo|move: Tailwind\n|upkeep\n|\n|t:|1728471313\n|switch|p2a: Gholdengo|Gholdengo, L50, shiny|100\/100\n|turn|6\n|j| bjvgc1\n|\n|t:|1728471335\n|move|p1b: Volcarona|Protect|p1b: Volcarona\n|-singleturn|p1b: Volcarona|Protect\n|move|p2a: Gholdengo|Power Gem|p1b: Volcarona\n|-activate|p1b: Volcarona|move: Protect\n|move|p1a: Weezing|Will-O-Wisp|p2b: Kingambit\n|-status|p2b: Kingambit|brn\n|move|p2b: Kingambit|Kowtow Cleave|p1a: Weezing\n|-supereffective|p1a: Weezing\n|-damage|p1a: Weezing|61\/100\n|\n|-heal|p1a: Weezing|67\/100|[from] item: Leftovers\n|-damage|p2b: Kingambit|21\/100 brn|[from] brn\n|upkeep\n|turn|7\n|\n|t:|1728471354\n|move|p2a: Gholdengo|Power Gem|p1b: Volcarona\n|-supereffective|p1b: Volcarona\n|-damage|p1b: Volcarona|0 fnt\n|faint|p1b: Volcarona\n|move|p1a: Weezing|Will-O-Wisp|p2a: Gholdengo|[miss]\n|-miss|p1a: Weezing|p2a: Gholdengo\n|move|p2b: Kingambit|Kowtow Cleave|p1a: Weezing\n|-supereffective|p1a: Weezing\n|-damage|p1a: Weezing|25\/100\n|\n|-heal|p1a: Weezing|32\/100|[from] item: Leftovers\n|-damage|p2b: Kingambit|16\/100 brn|[from] brn\n|upkeep\n|turn|8\n|inactive|Battle timer is ON: inactive players will automatically lose when time's up. (requested by yumeiouo)\n|c|\u2606roykeenkennedy|Why run scarf on a tailwind team\n|\n|t:|1728471388\n|move|p2a: Gholdengo|Power Gem|p1a: Weezing\n|-damage|p1a: Weezing|0 fnt\n|faint|p1a: Weezing\n|-end|p1a: Weezing|ability: Neutralizing Gas\n|\n|win|yumeiouo\n|raw|roykeenkennedy's rating: 1805 &rarr; <strong>1790<\/strong><br \/>(-15 for losing)\n|raw|yumeiouo's rating: 1886 &rarr; <strong>1901<\/strong><br \/>(+15 for winning)\n|c|\u2606yumeiouo|Its strong\n|c|\u2606yumeiouo|I make rank 11th last season\n|c|\u2606roykeenkennedy|I spose\n|c|\u2606roykeenkennedy|In closed team sheet\n|c|\u2606roykeenkennedy|Nice\n|c|\u2606yumeiouo|Yes\n|c|\u2606roykeenkennedy|I peaked at 7th\n|c|\u2606yumeiouo|Cats is good\n|c|\u2606yumeiouo|Cts\n|l| bjvgc1\n|c|\u2606yumeiouo|Can deal with many trouble by scraf\n|c|\u2606roykeenkennedy|I have a love\/hate with it\n|c|\u2606roykeenkennedy|Yeah\n|l|\u2606yumeiouo\n|player|p2|\n|c|\u2606roykeenkennedy|Scarf mence is my favourite mon on this team\n|l|\u2606roykeenkennedy\n|player|p1|\n|j|\u2606yumeiouo\n|player|p2|yumeiouo|dawn|\n|l|\u2606yumeiouo\n|player|p2|\n","uploadtime":1728471570,"views":109,"formatid":"gen9vgc2024regh","rating":1790,"private":0,"password":null}