{"id":"gen9vgc2024regh-2219352463","format":"[Gen 9] VGC 2024 Reg H","players":["TigerSkinRoll2.0","rainha678"],"log":"|j|\u2606TigerSkinRoll2.0\n|j|\u2606rainha678\n|t:|1728488100\n|gametype|doubles\n|player|p1|TigerSkinRoll2.0|swimmerf-gen4|1674\n|player|p2|rainha678|102|1758\n|teamsize|p1|6\n|teamsize|p2|6\n|gen|9\n|tier|[Gen 9] VGC 2024 Reg H\n|rated|\n|rule|Species Clause: Limit one of each Pok\u00e9mon\n|rule|Item Clause: Limit 1 of each item\n|clearpoke\n|poke|p1|Clefable, L50, M|\n|poke|p1|Golurk, L50|\n|poke|p1|Bronzong, L50|\n|poke|p1|Lapras, L50, F|\n|poke|p1|Gothitelle, L50, M|\n|poke|p1|Incineroar, L50, F|\n|poke|p2|Indeedee-F, L50, F|\n|poke|p2|Sneasler, L50, M|\n|poke|p2|Politoed, L50, F|\n|poke|p2|Archaludon, L50, F|\n|poke|p2|Ludicolo, L50, M|\n|poke|p2|Espathra, L50, F|\n|teampreview|4\n|j| wayneofpayne\n|\n|t:|1728488143\n|start\n|switch|p1a: Lapras|Lapras, L50, F|100\/100\n|switch|p1b: Gothitelle|Gothitelle, L50, M|100\/100\n|switch|p2a: Politoed|Politoed, L50, F|100\/100\n|switch|p2b: Ludicolo|Ludicolo, L50, M|100\/100\n|-weather|RainDance|[from] ability: Drizzle|[of] p2a: Politoed\n|turn|1\n|\n|t:|1728488178\n|-terastallize|p2b: Ludicolo|Steel\n|move|p2b: Ludicolo|Fake Out|p1b: Gothitelle\n|-damage|p1b: Gothitelle|94\/100\n|cant|p1b: Gothitelle|flinch\n|move|p2a: Politoed|Weather Ball|p1b: Gothitelle\n|-damage|p1b: Gothitelle|17\/100\n|-enditem|p1b: Gothitelle|Sitrus Berry|[eat]\n|-heal|p1b: Gothitelle|42\/100|[from] item: Sitrus Berry\n|move|p1a: Lapras|Perish Song|p1a: Lapras\n|-start|p1a: Lapras|perish3|[silent]\n|-start|p1b: Gothitelle|perish3|[silent]\n|-start|p2a: Politoed|perish3|[silent]\n|-start|p2b: Ludicolo|perish3|[silent]\n|-fieldactivate|move: Perish Song\n|\n|-weather|RainDance|[upkeep]\n|-start|p2b: Ludicolo|perish3\n|-start|p2a: Politoed|perish3\n|-start|p1b: Gothitelle|perish3\n|-start|p1a: Lapras|perish3\n|upkeep\n|turn|2\n|j| Deli(NotReal)\n|inactive|Battle timer is ON: inactive players will automatically lose when time's up. (requested by TigerSkinRoll2.0)\n|l|\u2606TigerSkinRoll2.0\n|inactive|TigerSkinRoll2.0 disconnected and has a minute to reconnect!\n|player|p1|\n|j|\u2606TigerSkinRoll2.0\n|inactive|TigerSkinRoll2.0 reconnected and has 60 seconds left.\n|player|p1|TigerSkinRoll2.0|swimmerf-gen4|\n|\n|t:|1728488256\n|switch|p1a: Clefable|Clefable, L50, M|100\/100\n|move|p1b: Gothitelle|Protect|p1b: Gothitelle\n|-singleturn|p1b: Gothitelle|Protect\n|move|p2b: Ludicolo|Giga Drain|p1a: Clefable\n|-damage|p1a: Clefable|75\/100\n|move|p2a: Politoed|Weather Ball|p1b: Gothitelle\n|-activate|p1b: Gothitelle|move: Protect\n|\n|-weather|RainDance|[upkeep]\n|-start|p2b: Ludicolo|perish2\n|-start|p2a: Politoed|perish2\n|-start|p1b: Gothitelle|perish2\n|upkeep\n|turn|3\n|inactive|TigerSkinRoll2.0 has 30 seconds left.\n|inactive|rainha678 has 30 seconds left.\n|inactive|TigerSkinRoll2.0 has 20 seconds left.\n|inactive|TigerSkinRoll2.0 has 15 seconds left.\n|inactive|TigerSkinRoll2.0 has 10 seconds left.\n|\n|t:|1728488305\n|-terastallize|p1a: Clefable|Water\n|move|p1a: Clefable|Follow Me|p1a: Clefable\n|-singleturn|p1a: Clefable|move: Follow Me\n|move|p2b: Ludicolo|Weather Ball|p1a: Clefable\n|-resisted|p1a: Clefable\n|-damage|p1a: Clefable|46\/100\n|move|p2a: Politoed|Weather Ball|p1a: Clefable\n|-resisted|p1a: Clefable\n|-damage|p1a: Clefable|7\/100\n|move|p1b: Gothitelle|Heal Pulse|p1a: Clefable\n|-heal|p1a: Clefable|57\/100\n|\n|-weather|RainDance|[upkeep]\n|-start|p2b: Ludicolo|perish1\n|-start|p2a: Politoed|perish1\n|-start|p1b: Gothitelle|perish1\n|upkeep\n|turn|4\n|inactive|TigerSkinRoll2.0 has 30 seconds left.\n|inactive|TigerSkinRoll2.0 has 20 seconds left.\n|\n|t:|1728488345\n|move|p1a: Clefable|Protect|p1a: Clefable\n|-singleturn|p1a: Clefable|Protect\n|move|p2b: Ludicolo|Giga Drain|p1b: Gothitelle\n|-damage|p1b: Gothitelle|16\/100\n|move|p2a: Politoed|Weather Ball|p1b: Gothitelle\n|-damage|p1b: Gothitelle|0 fnt\n|faint|p1b: Gothitelle\n|\n|-weather|RainDance|[upkeep]\n|-start|p2b: Ludicolo|perish0\n|-start|p2a: Politoed|perish0\n|faint|p2b: Ludicolo\n|faint|p2a: Politoed\n|upkeep\n|\n|t:|1728488360\n|switch|p2b: Espathra|Espathra, L50, F|100\/100\n|switch|p2a: Archaludon|Archaludon, L50, F|100\/100\n|switch|p1b: Lapras|Lapras, L50, F|100\/100\n|turn|5\n|inactive|TigerSkinRoll2.0 has 30 seconds left.\n|\n|t:|1728488391\n|move|p1a: Clefable|Follow Me|p1a: Clefable\n|-singleturn|p1a: Clefable|move: Follow Me\n|move|p2b: Espathra|Lumina Crash|p1a: Clefable\n|-damage|p1a: Clefable|29\/100\n|-unboost|p1a: Clefable|spd|2\n|move|p2a: Archaludon|Electro Shot||[still]\n|-prepare|p2a: Archaludon|Electro Shot\n|-boost|p2a: Archaludon|spa|1\n|-anim|p2a: Archaludon|Electro Shot|p1a: Clefable\n|-supereffective|p1a: Clefable\n|-crit|p1a: Clefable\n|-damage|p1a: Clefable|0 fnt\n|faint|p1a: Clefable\n|move|p1b: Lapras|Perish Song|p1b: Lapras\n|-start|p1b: Lapras|perish3|[silent]\n|-start|p2a: Archaludon|perish3|[silent]\n|-start|p2b: Espathra|perish3|[silent]\n|-fieldactivate|move: Perish Song\n|\n|-weather|none\n|-start|p2b: Espathra|perish3\n|-start|p2a: Archaludon|perish3\n|-start|p1b: Lapras|perish3\n|-ability|p2b: Espathra|Speed Boost|boost\n|-boost|p2b: Espathra|spe|1\n|upkeep\n|\n|t:|1728488413\n|switch|p1a: Incineroar|Incineroar, L50, F|100\/100\n|-ability|p1a: Incineroar|Intimidate|boost\n|-unboost|p2a: Archaludon|atk|1\n|-unboost|p2b: Espathra|atk|1\n|turn|6\n|l| Deli(NotReal)\n|inactive|TigerSkinRoll2.0 has 30 seconds left.\n|\n|t:|1728488440\n|move|p1a: Incineroar|Fake Out|p2a: Archaludon\n|-resisted|p2a: Archaludon\n|-damage|p2a: Archaludon|95\/100\n|move|p2b: Espathra|Dazzling Gleam|p1b: Lapras|[spread] p1a,p1b\n|-damage|p1a: Incineroar|88\/100\n|-damage|p1b: Lapras|91\/100\n|cant|p2a: Archaludon|flinch\n|move|p1b: Lapras|Substitute|p1b: Lapras\n|-start|p1b: Lapras|Substitute\n|-damage|p1b: Lapras|66\/100\n|\n|-heal|p1b: Lapras|72\/100|[from] item: Leftovers\n|-start|p2b: Espathra|perish2\n|-start|p2a: Archaludon|perish2\n|-start|p1b: Lapras|perish2\n|-ability|p2b: Espathra|Speed Boost|boost\n|-boost|p2b: Espathra|spe|1\n|upkeep\n|turn|7\n|inactive|TigerSkinRoll2.0 has 30 seconds left.\n|inactive|TigerSkinRoll2.0 has 20 seconds left.\n|inactive|TigerSkinRoll2.0 has 15 seconds left.\n|inactive|TigerSkinRoll2.0 has 10 seconds left.\n|inactive|rainha678 has 30 seconds left.\n|\n|t:|1728488490\n|move|p1b: Lapras|Protect|p1b: Lapras\n|-singleturn|p1b: Lapras|Protect\n|move|p2b: Espathra|Dazzling Gleam|p1b: Lapras|[spread] p1a\n|-activate|p1b: Lapras|move: Protect\n|-damage|p1a: Incineroar|75\/100\n|move|p2a: Archaludon|Electro Shot||[still]\n|-prepare|p2a: Archaludon|Electro Shot\n|-boost|p2a: Archaludon|spa|1\n|-enditem|p2a: Archaludon|Power Herb\n|-anim|p2a: Archaludon|Electro Shot|p1a: Incineroar\n|-damage|p1a: Incineroar|14\/100\n|move|p1a: Incineroar|Throat Chop|p2b: Espathra\n|-supereffective|p2b: Espathra\n|-enditem|p2b: Espathra|Focus Sash\n|-damage|p2b: Espathra|1\/100\n|-start|p2b: Espathra|Throat Chop|[silent]\n|\n|-heal|p1b: Lapras|78\/100|[from] item: Leftovers\n|-start|p2b: Espathra|perish1\n|-start|p2a: Archaludon|perish1\n|-start|p1b: Lapras|perish1\n|-ability|p2b: Espathra|Speed Boost|boost\n|-boost|p2b: Espathra|spe|1\n|upkeep\n|turn|8\n|inactive|TigerSkinRoll2.0 has 30 seconds left.\n|inactive|rainha678 has 30 seconds left.\n|inactive|TigerSkinRoll2.0 has 20 seconds left.\n|inactive|rainha678 has 20 seconds left.\n|inactive|TigerSkinRoll2.0 has 15 seconds left.\n|inactive|TigerSkinRoll2.0 has 10 seconds left.\n|inactive|TigerSkinRoll2.0 has 5 seconds left.\n|\n|t:|1728488540\n|move|p2b: Espathra|Dazzling Gleam|p1b: Lapras|[spread] p1a,p1b\n|-activate|p1b: Lapras|move: Substitute|[damage]\n|-damage|p1a: Incineroar|2\/100\n|move|p2a: Archaludon|Draco Meteor|p1b: Lapras\n|-crit|p1b: Lapras\n|-end|p1b: Lapras|Substitute\n|-unboost|p2a: Archaludon|spa|2\n|move|p1a: Incineroar|Throat Chop|p2b: Espathra\n|-supereffective|p2b: Espathra\n|-damage|p2b: Espathra|0 fnt\n|faint|p2b: Espathra\n|move|p1b: Lapras|Sheer Cold|p2a: Archaludon\n|-immune|p2a: Archaludon|[from] ability: Sturdy\n|\n|-heal|p1b: Lapras|84\/100|[from] item: Leftovers\n|-start|p2a: Archaludon|perish0\n|-start|p1b: Lapras|perish0\n|upkeep\n|faint|p2a: Archaludon\n|faint|p1b: Lapras\n|\n|win|TigerSkinRoll2.0\n|raw|TigerSkinRoll2.0's rating: 1674 &rarr; <strong>1699<\/strong><br \/>(+25 for winning)\n|raw|rainha678's rating: 1758 &rarr; <strong>1733<\/strong><br \/>(-25 for losing)\n|l|\u2606rainha678\n|player|p2|\n","uploadtime":1728488561,"views":26,"formatid":"gen9vgc2024regh","rating":1699,"private":0,"password":null}