{"id":"gen9vgc2024regh-2219505354","format":"[Gen 9] VGC 2024 Reg H","players":["Allhailhippo","cher1berry"],"log":"|j|\u2606Allhailhippo\n|j|\u2606cher1berry\n|t:|1728501356\n|gametype|doubles\n|player|p1|Allhailhippo|1|1693\n|player|p2|cher1berry|nancy|1641\n|teamsize|p1|6\n|teamsize|p2|6\n|gen|9\n|tier|[Gen 9] VGC 2024 Reg H\n|rated|\n|rule|Species Clause: Limit one of each Pok\u00e9mon\n|rule|Item Clause: Limit 1 of each item\n|clearpoke\n|poke|p1|Tyranitar, L50, F|\n|poke|p1|Houndstone, L50, M|\n|poke|p1|Whimsicott, L50, F|\n|poke|p1|Incineroar, L50, F|\n|poke|p1|Amoonguss, L50, M|\n|poke|p1|Garchomp, L50, F|\n|poke|p2|Dondozo, L50, F|\n|poke|p2|Tatsugiri, L50, F|\n|poke|p2|Gholdengo, L50|\n|poke|p2|Talonflame, L50, F|\n|poke|p2|Dragonite, L50, F|\n|poke|p2|Pawmot, L50, F|\n|teampreview|4\n|inactive|Battle timer is ON: inactive players will automatically lose when time's up. (requested by Allhailhippo)\n|\n|t:|1728501374\n|start\n|switch|p1a: Anna|Whimsicott, L50, F|100\/100\n|switch|p1b: Boy Blue|Garchomp, L50, F|100\/100\n|switch|p2a: Talonflame|Talonflame, L50, F, shiny|100\/100\n|switch|p2b: Gholdengo|Gholdengo, L50|100\/100\n|turn|1\n|inactive|cher1berry has 30 seconds left.\n|\n|t:|1728501404\n|move|p1a: Anna|Protect|p1a: Anna\n|-singleturn|p1a: Anna|Protect\n|move|p2a: Talonflame|Tailwind|p2a: Talonflame\n|-sidestart|p2: cher1berry|move: Tailwind\n|move|p2b: Gholdengo|Make It Rain|p1a: Anna|[spread] p1b\n|-activate|p1a: Anna|move: Protect\n|-damage|p1b: Boy Blue|15\/100\n|-unboost|p2b: Gholdengo|spa|1\n|move|p1b: Boy Blue|Dragon Claw|p2a: Talonflame\n|-damage|p2a: Talonflame|22\/100\n|-damage|p1b: Boy Blue|5\/100|[from] item: Life Orb\n|\n|upkeep\n|turn|2\n|inactive|Allhailhippo has 30 seconds left.\n|\n|t:|1728501429\n|move|p1a: Anna|Tailwind|p1a: Anna\n|-sidestart|p1: Allhailhippo|move: Tailwind\n|move|p2a: Talonflame|Brave Bird|p1a: Anna\n|-supereffective|p1a: Anna\n|-damage|p1a: Anna|0 fnt\n|faint|p1a: Anna\n|-damage|p2a: Talonflame|0 fnt|[from] Recoil\n|faint|p2a: Talonflame\n|move|p1b: Boy Blue|Earthquake|p2b: Gholdengo\n|-supereffective|p2b: Gholdengo\n|-damage|p2b: Gholdengo|0 fnt\n|faint|p2b: Gholdengo\n|-damage|p1b: Boy Blue|0 fnt|[from] item: Life Orb\n|faint|p1b: Boy Blue\n|\n|upkeep\n|\n|t:|1728501442\n|switch|p2a: Dragonite|Dragonite, L50, F, shiny|100\/100\n|switch|p1b: Rodent|Houndstone, L50, M|100\/100\n|switch|p1a: Casey|Amoonguss, L50, M|100\/100\n|switch|p2b: Pawmot|Pawmot, L50, F, shiny|100\/100\n|turn|3\n|inactive|cher1berry has 30 seconds left.\n|inactive|cher1berry has 20 seconds left.\n|\n|t:|1728501480\n|move|p2b: Pawmot|Fake Out|p1a: Casey\n|-damage|p1a: Casey|90\/100\n|move|p1b: Rodent|Will-O-Wisp|p2a: Dragonite\n|-status|p2a: Dragonite|brn\n|move|p2a: Dragonite|Outrage|p1b: Rodent\n|-damage|p1b: Rodent|38\/100\n|cant|p1a: Casey|flinch\n|\n|-damage|p2a: Dragonite|95\/100 brn|[from] brn\n|upkeep\n|turn|4\n|\n|t:|1728501496\n|move|p1b: Rodent|Protect|p1b: Rodent\n|-singleturn|p1b: Rodent|Protect\n|move|p2b: Pawmot|Revival Blessing|p2b: Pawmot\n|\n|t:|1728501502\n|-heal|p2: Gholdengo|50\/100|[from] move: Revival Blessing\n|move|p2a: Dragonite|Outrage|p1a: Casey|[from]lockedmove\n|-damage|p1a: Casey|47\/100\n|-enditem|p1a: Casey|Sitrus Berry|[eat]\n|-heal|p1a: Casey|72\/100|[from] item: Sitrus Berry\n|move|p1a: Casey|Spore|p2b: Pawmot\n|-status|p2b: Pawmot|slp|[from] move: Spore\n|\n|-damage|p2a: Dragonite|89\/100 brn|[from] brn\n|-sideend|p2: cher1berry|move: Tailwind\n|upkeep\n|turn|5\n|j| Therazer456\n|j| moon7777alt2\n|\n|t:|1728501526\n|move|p1b: Rodent|Last Respects|p2a: Dragonite\n|-damage|p2a: Dragonite|16\/100 brn\n|cant|p2b: Pawmot|slp\n|move|p2a: Dragonite|Outrage|p1b: Rodent|[from]lockedmove\n|-damage|p1b: Rodent|0 fnt\n|faint|p1b: Rodent\n|-start|p2a: Dragonite|confusion|[fatigue]\n|move|p1a: Casey|Pollen Puff|p1: Rodent|[notarget]\n|-fail|p1a: Casey\n|\n|-damage|p2a: Dragonite|10\/100 brn|[from] brn\n|-sideend|p1: Allhailhippo|move: Tailwind\n|upkeep\n|turn|6\n|-message|Allhailhippo forfeited.\n|\n|win|cher1berry\n|raw|Allhailhippo's rating: 1693 &rarr; <strong>1670<\/strong><br \/>(-23 for losing)\n|raw|cher1berry's rating: 1641 &rarr; <strong>1664<\/strong><br \/>(+23 for winning)\n|l|\u2606Allhailhippo\n|player|p1|\n|l|\u2606cher1berry\n|player|p2|\n|j| gokturkxd\n|l| moon7777alt2\n|l| gokturkxd\n","uploadtime":1728501681,"views":13,"formatid":"gen9vgc2024regh","rating":1664,"private":0,"password":null}