{"id":"gen9vgc2024regh-2219787573","format":"[Gen 9] VGC 2024 Reg H","players":["bieiup","ps12032"],"log":"|j|\u2606bieiup\n|j|\u2606ps12032\n|t:|1728533945\n|gametype|doubles\n|player|p1|bieiup|lillie-z|1730\n|player|p2|ps12032|2|1762\n|teamsize|p1|6\n|teamsize|p2|6\n|gen|9\n|tier|[Gen 9] VGC 2024 Reg H\n|rated|\n|rule|Species Clause: Limit one of each Pok\u00e9mon\n|rule|Item Clause: Limit 1 of each item\n|clearpoke\n|poke|p1|Sableye, L50, M|\n|poke|p1|Dondozo, L50, M|\n|poke|p1|Sylveon, L50, F|\n|poke|p1|Dragonite, L50, M|\n|poke|p1|Gholdengo, L50|\n|poke|p1|Ursaluna-Bloodmoon, L50, M|\n|poke|p2|Kommo-o, L50, M|\n|poke|p2|Tyranitar, L50, M|\n|poke|p2|Excadrill, L50, M|\n|poke|p2|Samurott-Hisui, L50, M|\n|poke|p2|Corviknight, L50, F|\n|poke|p2|Indeedee, L50, M|\n|teampreview|4\n|inactive|Battle timer is ON: inactive players will automatically lose when time's up. (requested by bieiup)\n|inactive|bieiup has 60 seconds left.\n|inactive|ps12032 has 60 seconds left.\n|\n|t:|1728534013\n|start\n|switch|p1a: Sableye|Sableye, L50, M|100\/100\n|switch|p1b: Sylveon|Sylveon, L50, F|100\/100\n|switch|p2a: Kommo-o|Kommo-o, L50, M|100\/100\n|switch|p2b: Excadrill|Excadrill, L50, M|100\/100\n|turn|1\n|j| quhairuru\n|inactive|ps12032 has 30 seconds left.\n|\n|t:|1728534041\n|switch|p2a: Corviknight|Corviknight, L50, F|100\/100\n|move|p2b: Excadrill|Protect|p2b: Excadrill\n|-singleturn|p2b: Excadrill|Protect\n|move|p1b: Sylveon|Protect|p1b: Sylveon\n|-singleturn|p1b: Sylveon|Protect\n|move|p1a: Sableye|Will-O-Wisp|p2b: Excadrill\n|-activate|p2b: Excadrill|move: Protect\n|\n|upkeep\n|turn|2\n|\n|t:|1728534059\n|move|p1a: Sableye|Will-O-Wisp|p2a: Corviknight|[miss]\n|-miss|p1a: Sableye|p2a: Corviknight\n|move|p2b: Excadrill|Iron Head|p1b: Sylveon\n|-supereffective|p1b: Sylveon\n|-damage|p1b: Sylveon|0 fnt\n|faint|p1b: Sylveon\n|move|p2a: Corviknight|Taunt|p1a: Sableye\n|-start|p1a: Sableye|move: Taunt\n|\n|upkeep\n|\n|t:|1728534068\n|switch|p1b: Gholdengo|Gholdengo, L50|100\/100\n|turn|3\n|\n|t:|1728534080\n|switch|p1a: Dondozo|Dondozo, L50, M|100\/100\n|switch|p2a: Samurott|Samurott-Hisui, L50, M|100\/100\n|move|p1b: Gholdengo|Trick|p2a: Samurott\n|-activate|p1b: Gholdengo|move: Trick|[of] p2a: Samurott\n|-item|p2a: Samurott|Choice Scarf|[from] move: Trick\n|-item|p1b: Gholdengo|Assault Vest|[from] move: Trick\n|move|p2b: Excadrill|High Horsepower|p1b: Gholdengo\n|-supereffective|p1b: Gholdengo\n|-damage|p1b: Gholdengo|0 fnt\n|faint|p1b: Gholdengo\n|\n|upkeep\n|j| jephre45\n|\n|t:|1728534084\n|switch|p1b: Sableye|Sableye, L50, M|100\/100\n|turn|4\n|\n|t:|1728534104\n|move|p1b: Sableye|Fake Out|p2b: Excadrill\n|-resisted|p2b: Excadrill\n|-crit|p2b: Excadrill\n|-damage|p2b: Excadrill|92\/100\n|move|p2a: Samurott|Sacred Sword|p1a: Dondozo\n|-damage|p1a: Dondozo|72\/100\n|cant|p2b: Excadrill|flinch\n|move|p1a: Dondozo|Fissure|p2a: Samurott|[miss]\n|-miss|p1a: Dondozo|p2a: Samurott\n|\n|upkeep\n|turn|5\n|\n|t:|1728534124\n|move|p1b: Sableye|Will-O-Wisp|p2b: Excadrill|[miss]\n|-miss|p1b: Sableye|p2b: Excadrill\n|move|p2a: Samurott|Sacred Sword|p1a: Dondozo\n|-damage|p1a: Dondozo|45\/100\n|move|p2b: Excadrill|High Horsepower|p1a: Dondozo\n|-damage|p1a: Dondozo|8\/100\n|move|p1a: Dondozo|Fissure|p2a: Samurott|[miss]\n|-miss|p1a: Dondozo|p2a: Samurott\n|\n|upkeep\n|turn|6\n|c|\u2606bieiup|..........\n|c|\u2606bieiup|why you so lucky\n|-message|bieiup forfeited.\n|\n|win|ps12032\n|raw|bieiup's rating: 1730 &rarr; <strong>1712<\/strong><br \/>(-18 for losing)\n|raw|ps12032's rating: 1762 &rarr; <strong>1780<\/strong><br \/>(+18 for winning)\n|l|\u2606bieiup\n|player|p1|\n|l|\u2606ps12032\n|player|p2|\n|l| jephre45\n|l| quhairuru\n","uploadtime":1728534426,"views":10,"formatid":"gen9vgc2024regh","rating":1712,"private":0,"password":null}