{"id":"gen9vgc2024regh-2219542515","format":"[Gen 9] VGC 2024 Reg H","players":["nickbattlesmons","i\u2764\u5a1c\u7984forever"],"log":"|j|\u2606nickbattlesmons\n|j|\u2606i\u2764\u5a1c\u7984forever\n|t:|1728504803\n|gametype|doubles\n|player|p1|nickbattlesmons|102|1719\n|player|p2|i\u2764\u5a1c\u7984forever|youngcouple|1665\n|teamsize|p1|6\n|teamsize|p2|6\n|gen|9\n|tier|[Gen 9] VGC 2024 Reg H\n|rated|\n|rule|Species Clause: Limit one of each Pok\u00e9mon\n|rule|Item Clause: Limit 1 of each item\n|clearpoke\n|poke|p1|Porygon2, L50|\n|poke|p1|Ursaluna, L50, F|\n|poke|p1|Volcarona, L50, F|\n|poke|p1|Grimmsnarl, L50, M|\n|poke|p1|Annihilape, L50, M|\n|poke|p1|Gholdengo, L50|\n|poke|p2|Dragonite, L50, F|\n|poke|p2|Metagross, L50|\n|poke|p2|Gholdengo, L50|\n|poke|p2|Hydreigon, L50, F|\n|poke|p2|Talonflame, L50, M|\n|poke|p2|Garchomp, L50, F|\n|teampreview|4\n|inactive|Battle timer is ON: inactive players will automatically lose when time's up. (requested by nickbattlesmons)\n|\n|t:|1728504845\n|start\n|switch|p1a: Grimmsnarl|Grimmsnarl, L50, M|100\/100\n|switch|p1b: Porygon2|Porygon2, L50, shiny|100\/100\n|switch|p2a: Gholdengo|Gholdengo, L50|100\/100\n|switch|p2b: Metagross|Metagross, L50|100\/100\n|-ability|p1b: Porygon2|Clear Body|[from] ability: Trace|[of] p2b: Metagross\n|turn|1\n|\n|t:|1728504859\n|-terastallize|p2a: Gholdengo|Steel\n|move|p1a: Grimmsnarl|Light Screen|p1a: Grimmsnarl\n|-sidestart|p1: nickbattlesmons|move: Light Screen\n|move|p2a: Gholdengo|Make It Rain|p1a: Grimmsnarl|[spread] p1a,p1b\n|-supereffective|p1a: Grimmsnarl\n|-damage|p1a: Grimmsnarl|0 fnt\n|-damage|p1b: Porygon2|62\/100\n|-unboost|p2a: Gholdengo|spa|1\n|faint|p1a: Grimmsnarl\n|move|p2b: Metagross|Psychic Fangs|p1b: Porygon2\n|-sideend|p1: nickbattlesmons|move: Light Screen\n|-crit|p1b: Porygon2\n|-damage|p1b: Porygon2|17\/100\n|move|p1b: Porygon2|Trick Room|p1b: Porygon2\n|-fieldstart|move: Trick Room|[of] p1b: Porygon2\n|\n|upkeep\n|\n|t:|1728504871\n|switch|p1a: Ursaluna|Ursaluna, L50, F|100\/100\n|turn|2\n|\n|t:|1728504883\n|move|p1a: Ursaluna|Protect|p1a: Ursaluna\n|-singleturn|p1a: Ursaluna|Protect\n|move|p2b: Metagross|Bullet Punch|p1b: Porygon2\n|-damage|p1b: Porygon2|4\/100\n|move|p1b: Porygon2|Recover|p1b: Porygon2\n|-heal|p1b: Porygon2|54\/100\n|move|p2a: Gholdengo|Make It Rain|p1a: Ursaluna|[spread] p1b\n|-activate|p1a: Ursaluna|move: Protect\n|-damage|p1b: Porygon2|15\/100\n|-unboost|p2a: Gholdengo|spa|1\n|\n|-status|p1a: Ursaluna|brn|[from] item: Flame Orb\n|upkeep\n|turn|3\n|inactive|i\u2764\u5a1c\u7984forever has 30 seconds left.\n|\n|t:|1728504909\n|switch|p2a: Hydreigon|Hydreigon, L50, F|100\/100\n|move|p1a: Ursaluna|Earthquake|p2a: Hydreigon|[spread] p1b,p2b\n|-immune|p2a: Hydreigon|[from] ability: Levitate\n|-crit|p1b: Porygon2\n|-supereffective|p2b: Metagross\n|-damage|p1b: Porygon2|0 fnt\n|-damage|p2b: Metagross|0 fnt\n|faint|p1b: Porygon2\n|faint|p2b: Metagross\n|\n|-damage|p1a: Ursaluna|95\/100 brn|[from] brn\n|upkeep\n|\n|t:|1728504922\n|switch|p1b: Gholdengo|Gholdengo, L50|100\/100\n|switch|p2b: Talonflame|Talonflame, L50, M|100\/100\n|turn|4\n|\n|t:|1728504941\n|move|p2a: Hydreigon|Protect|p2a: Hydreigon\n|-singleturn|p2a: Hydreigon|Protect\n|move|p2b: Talonflame|Brave Bird|p1a: Ursaluna\n|-damage|p1a: Ursaluna|37\/100 brn\n|-damage|p2b: Talonflame|71\/100|[from] Recoil\n|move|p1a: Ursaluna|Facade|p2a: Hydreigon\n|-activate|p2a: Hydreigon|move: Protect\n|move|p1b: Gholdengo|Shadow Ball|p2b: Talonflame\n|-damage|p2b: Talonflame|0 fnt\n|faint|p2b: Talonflame\n|\n|-damage|p1a: Ursaluna|31\/100 brn|[from] brn\n|upkeep\n|\n|t:|1728504957\n|switch|p2b: Gholdengo|Gholdengo, L50, tera:Steel|100\/100\n|turn|5\n|\n|t:|1728504968\n|-terastallize|p1b: Gholdengo|Dragon\n|move|p1a: Ursaluna|Facade|p2a: Hydreigon\n|-enditem|p2a: Hydreigon|Focus Sash\n|-damage|p2a: Hydreigon|1\/100\n|move|p2b: Gholdengo|Make It Rain|p1a: Ursaluna|[spread] p1a,p1b\n|-damage|p1a: Ursaluna|0 fnt\n|-damage|p1b: Gholdengo|0 fnt\n|-unboost|p2b: Gholdengo|spa|1\n|faint|p1a: Ursaluna\n|faint|p1b: Gholdengo\n|\n|win|i\u2764\u5a1c\u7984forever\n|raw|nickbattlesmons's rating: 1719 &rarr; <strong>1696<\/strong><br \/>(-23 for losing)\n|raw|i\u2764\u5a1c\u7984forever's rating: 1665 &rarr; <strong>1688<\/strong><br \/>(+23 for winning)\n|l|\u2606nickbattlesmons\n|player|p1|\n|l|\u2606i\u2764\u5a1c\u7984forever\n|player|p2|\n","uploadtime":1728505129,"views":19,"formatid":"gen9vgc2024regh","rating":1688,"private":0,"password":null}