{"id":"gen9vgc2024regh-2219644509","format":"[Gen 9] VGC 2024 Reg H","players":["actuary97","tyuiop112"],"log":"|j|\u2606actuary97\n|j|\u2606tyuiop112\n|t:|1728515720\n|gametype|doubles\n|player|p1|actuary97|sabrina-frlg|1797\n|player|p2|tyuiop112|linebacker|1728\n|teamsize|p1|6\n|teamsize|p2|6\n|gen|9\n|tier|[Gen 9] VGC 2024 Reg H\n|rated|\n|rule|Species Clause: Limit one of each Pok\u00e9mon\n|rule|Item Clause: Limit 1 of each item\n|clearpoke\n|poke|p1|Incineroar, L50, M|\n|poke|p1|Whimsicott, L50, F|\n|poke|p1|Gallade, L50, M|\n|poke|p1|Malamar, L50, F|\n|poke|p1|Indeedee, L50, M|\n|poke|p1|Archaludon, L50, F|\n|poke|p2|Sneasler, L50, M|\n|poke|p2|Gholdengo, L50|\n|poke|p2|Magmar, L50, M|\n|poke|p2|Primarina, L50, M|\n|poke|p2|Rillaboom, L50, M|\n|poke|p2|Dragapult, L50, M|\n|teampreview|4\nactuary97 has agreed to open team sheets.\n|\n|t:|1728515827\n|start\n|switch|p1a: Mischief Mother|Whimsicott, L50, F, shiny|100\/100\n|switch|p1b: Bridget|Archaludon, L50, F, shiny|100\/100\n|switch|p2a: Gholdengo|Gholdengo, L50|100\/100\n|switch|p2b: Dragapult|Dragapult, L50, M|100\/100\n|turn|1\n|\n|t:|1728515857\n|switch|p2b: Magmar|Magmar, L50, M|100\/100\n|move|p1a: Mischief Mother|Tailwind|p1a: Mischief Mother\n|-sidestart|p1: actuary97|move: Tailwind\n|move|p1b: Bridget|Snarl|p2b: Magmar|[spread] p2a,p2b\n|-supereffective|p2a: Gholdengo\n|-crit|p2a: Gholdengo\n|-damage|p2a: Gholdengo|60\/100\n|-damage|p2b: Magmar|91\/100\n|-unboost|p2a: Gholdengo|spa|1\n|-unboost|p2b: Magmar|spa|1\n|move|p2a: Gholdengo|Nasty Plot|p2a: Gholdengo\n|-boost|p2a: Gholdengo|spa|2\n|\n|upkeep\n|turn|2\n|\n|t:|1728515878\n|move|p2a: Gholdengo|Protect|p2a: Gholdengo\n|-singleturn|p2a: Gholdengo|Protect\n|move|p1a: Mischief Mother|Beat Up|p1b: Bridget\n|-damage|p1b: Bridget|99\/100\n|-ability|p1b: Bridget|Stamina|boost\n|-boost|p1b: Bridget|def|1\n|-damage|p1b: Bridget|97\/100\n|-ability|p1b: Bridget|Stamina|boost\n|-boost|p1b: Bridget|def|1\n|-crit|p1b: Bridget\n|-damage|p1b: Bridget|94\/100\n|-ability|p1b: Bridget|Stamina|boost\n|-boost|p1b: Bridget|def|1\n|-damage|p1b: Bridget|93\/100\n|-ability|p1b: Bridget|Stamina|boost\n|-boost|p1b: Bridget|def|1\n|-hitcount|p1b: Bridget|4\n|move|p1b: Bridget|Snarl|p2b: Magmar|[spread] p2b\n|-activate|p2a: Gholdengo|move: Protect\n|-damage|p2b: Magmar|81\/100\n|-unboost|p2b: Magmar|spa|1\n|move|p2b: Magmar|Will-O-Wisp|p1b: Bridget\n|-status|p1b: Bridget|brn\n|\n|-damage|p1b: Bridget|87\/100 brn|[from] brn\n|upkeep\n|turn|3\n|\n|t:|1728515908\n|switch|p1a: Tapu Deedee|Indeedee, L50, M, shiny|100\/100\n|-fieldstart|move: Psychic Terrain|[from] ability: Psychic Surge|[of] p1a: Tapu Deedee\n|move|p1b: Bridget|Snarl|p2a: Gholdengo|[spread] p2a,p2b\n|-supereffective|p2a: Gholdengo\n|-damage|p2a: Gholdengo|32\/100\n|-damage|p2b: Magmar|71\/100\n|-unboost|p2a: Gholdengo|spa|1\n|-unboost|p2b: Magmar|spa|1\n|move|p2a: Gholdengo|Nasty Plot|p2a: Gholdengo\n|-boost|p2a: Gholdengo|spa|2\n|move|p2b: Magmar|Overheat|p1a: Tapu Deedee\n|-damage|p1a: Tapu Deedee|76\/100\n|-unboost|p2b: Magmar|spa|2\n|\n|-damage|p1b: Bridget|81\/100 brn|[from] brn\n|upkeep\n|turn|4\n|\n|t:|1728515932\n|switch|p2b: Rillaboom|Rillaboom, L50, M|100\/100\n|-fieldstart|move: Grassy Terrain|[from] ability: Grassy Surge|[of] p2b: Rillaboom\n|move|p2a: Gholdengo|Protect|p2a: Gholdengo\n|-singleturn|p2a: Gholdengo|Protect\n|move|p1a: Tapu Deedee|Expanding Force|p2b: Rillaboom\n|-damage|p2b: Rillaboom|53\/100\n|move|p1b: Bridget|Snarl|p2a: Gholdengo|[spread] p2b\n|-activate|p2a: Gholdengo|move: Protect\n|-damage|p2b: Rillaboom|44\/100\n|-unboost|p2b: Rillaboom|spa|1\n|\n|-heal|p1a: Tapu Deedee|82\/100|[from] Grassy Terrain\n|-heal|p1b: Bridget|87\/100 brn|[from] Grassy Terrain\n|-heal|p2a: Gholdengo|39\/100|[from] Grassy Terrain\n|-heal|p2b: Rillaboom|50\/100|[from] Grassy Terrain\n|-damage|p1b: Bridget|81\/100 brn|[from] brn\n|-sideend|p1: actuary97|move: Tailwind\n|upkeep\n|turn|5\n|\n|t:|1728515959\n|switch|p1a: Incineroar|Incineroar, L50, M, shiny|100\/100\n|-ability|p1a: Incineroar|Intimidate|boost\n|-unboost|p2a: Gholdengo|atk|1\n|-unboost|p2b: Rillaboom|atk|1\n|move|p2b: Rillaboom|Fake Out|p1a: Incineroar\n|-damage|p1a: Incineroar|91\/100\n|move|p2a: Gholdengo|Shadow Ball|p1b: Bridget\n|-damage|p1b: Bridget|28\/100 brn\n|-unboost|p1b: Bridget|spd|1\n|-ability|p1b: Bridget|Stamina|boost\n|-boost|p1b: Bridget|def|1\n|move|p1b: Bridget|Snarl|p2a: Gholdengo|[spread] p2a,p2b\n|-supereffective|p2a: Gholdengo\n|-damage|p2a: Gholdengo|11\/100\n|-damage|p2b: Rillaboom|40\/100\n|-unboost|p2a: Gholdengo|spa|1\n|-unboost|p2b: Rillaboom|spa|1\n|\n|-heal|p2a: Gholdengo|18\/100|[from] Grassy Terrain\n|-heal|p2b: Rillaboom|46\/100|[from] Grassy Terrain\n|-heal|p1b: Bridget|34\/100 brn|[from] Grassy Terrain\n|-heal|p1a: Incineroar|97\/100|[from] Grassy Terrain\n|-damage|p1b: Bridget|28\/100 brn|[from] brn\n|upkeep\n|turn|6\n|\n|t:|1728515990\n|move|p2a: Gholdengo|Protect|p2a: Gholdengo\n|-singleturn|p2a: Gholdengo|Protect\n|move|p2b: Rillaboom|U-turn|p1a: Incineroar\n|-damage|p1a: Incineroar|82\/100\n|\n|t:|1728515997\n|switch|p2b: Magmar|Magmar, L50, M|71\/100|[from] U-turn\n|move|p1b: Bridget|Body Press|p2b: Magmar\n|-damage|p2b: Magmar|41\/100\n|move|p1a: Incineroar|Flare Blitz|p2a: Gholdengo\n|-activate|p2a: Gholdengo|move: Protect\n|\n|-heal|p2a: Gholdengo|24\/100|[from] Grassy Terrain\n|-heal|p2b: Magmar|47\/100|[from] Grassy Terrain\n|-heal|p1b: Bridget|34\/100 brn|[from] Grassy Terrain\n|-heal|p1a: Incineroar|88\/100|[from] Grassy Terrain\n|-damage|p1b: Bridget|28\/100 brn|[from] brn\n|upkeep\n|turn|7\n|\n|t:|1728516020\n|move|p2b: Magmar|Follow Me|p2b: Magmar\n|-singleturn|p2b: Magmar|move: Follow Me\n|move|p2a: Gholdengo|Shadow Ball|p1b: Bridget\n|-damage|p1b: Bridget|0 fnt\n|faint|p1b: Bridget\n|move|p1a: Incineroar|Parting Shot|p2b: Magmar\n|-unboost|p2b: Magmar|atk|1\n|-unboost|p2b: Magmar|spa|1\n|\n|t:|1728516033\n|switch|p1a: Mischief Mother|Whimsicott, L50, F, shiny|100\/100|[from] Parting Shot\n|\n|-heal|p2a: Gholdengo|30\/100|[from] Grassy Terrain\n|-heal|p2b: Magmar|53\/100|[from] Grassy Terrain\n|upkeep\n|\n|t:|1728516046\n|switch|p1b: Tapu Deedee|Indeedee, L50, M, shiny|82\/100\n|-fieldstart|move: Psychic Terrain|[from] ability: Psychic Surge|[of] p1b: Tapu Deedee\n|turn|8\n|\n|t:|1728516078\n|switch|p1b: Incineroar|Incineroar, L50, M, shiny|88\/100\n|-ability|p1b: Incineroar|Intimidate|boost\n|-unboost|p2a: Gholdengo|atk|1\n|-unboost|p2b: Magmar|atk|1\n|switch|p2b: Rillaboom|Rillaboom, L50, M|46\/100\n|-fieldstart|move: Grassy Terrain|[from] ability: Grassy Surge|[of] p2b: Rillaboom\n|move|p1a: Mischief Mother|Moonblast|p2a: Gholdengo\n|-resisted|p2a: Gholdengo\n|-damage|p2a: Gholdengo|9\/100\n|move|p2a: Gholdengo|Make It Rain|p1b: Incineroar|[spread] p1a,p1b\n|-supereffective|p1a: Mischief Mother\n|-resisted|p1b: Incineroar\n|-enditem|p1a: Mischief Mother|Focus Sash\n|-damage|p1a: Mischief Mother|1\/100\n|-damage|p1b: Incineroar|47\/100\n|-unboost|p2a: Gholdengo|spa|1\n|\n|-heal|p1a: Mischief Mother|7\/100|[from] Grassy Terrain\n|-heal|p2a: Gholdengo|15\/100|[from] Grassy Terrain\n|-heal|p2b: Rillaboom|53\/100|[from] Grassy Terrain\n|-heal|p1b: Incineroar|53\/100|[from] Grassy Terrain\n|upkeep\n|turn|9\n|\n|t:|1728516130\n|switch|p2b: Magmar|Magmar, L50, M|53\/100\n|-terastallize|p1a: Mischief Mother|Ghost\n|move|p1a: Mischief Mother|Tailwind|p1a: Mischief Mother\n|-sidestart|p1: actuary97|move: Tailwind\n|move|p1b: Incineroar|Flare Blitz|p2b: Magmar\n|-resisted|p2b: Magmar\n|-crit|p2b: Magmar\n|-damage|p2b: Magmar|18\/100\n|-damage|p1b: Incineroar|43\/100|[from] Recoil\n|move|p2a: Gholdengo|Make It Rain|p1a: Mischief Mother|[spread] p1a,p1b\n|-resisted|p1b: Incineroar\n|-damage|p1a: Mischief Mother|0 fnt\n|-damage|p1b: Incineroar|16\/100\n|-unboost|p2a: Gholdengo|spa|1\n|faint|p1a: Mischief Mother\n|\n|-heal|p1b: Incineroar|23\/100|[from] Grassy Terrain\n|-heal|p2a: Gholdengo|22\/100|[from] Grassy Terrain\n|-heal|p2b: Magmar|24\/100|[from] Grassy Terrain\n|upkeep\n|\n|t:|1728516139\n|switch|p1a: Tapu Deedee|Indeedee, L50, M, shiny|82\/100\n|-fieldstart|move: Psychic Terrain|[from] ability: Psychic Surge|[of] p1a: Tapu Deedee\n|turn|10\n|\n|t:|1728516162\n|move|p2a: Gholdengo|Protect|p2a: Gholdengo\n|-singleturn|p2a: Gholdengo|Protect\n|move|p2b: Magmar|Protect|p2b: Magmar\n|-singleturn|p2b: Magmar|Protect\n|move|p1a: Tapu Deedee|Expanding Force|p2a: Gholdengo|[spread] \n|-activate|p2a: Gholdengo|move: Protect\n|-activate|p2b: Magmar|move: Protect\n|move|p1b: Incineroar|Flare Blitz|p2b: Magmar\n|-activate|p2b: Magmar|move: Protect\n|\n|upkeep\n|turn|11\n|\n|t:|1728516182\n|move|p1a: Tapu Deedee|Expanding Force|p2b: Magmar|[spread] p2a,p2b\n|-resisted|p2a: Gholdengo\n|-damage|p2a: Gholdengo|0 fnt\n|-damage|p2b: Magmar|0 fnt\n|faint|p2a: Gholdengo\n|faint|p2b: Magmar\n|move|p1b: Incineroar|Flare Blitz|p2: Gholdengo|[notarget]\n|-fail|p1b: Incineroar\n|\n|upkeep\n|\n|t:|1728516190\n|switch|p2a: Rillaboom|Rillaboom, L50, M|53\/100\n|switch|p2b: Dragapult|Dragapult, L50, M|100\/100\n|-fieldstart|move: Grassy Terrain|[from] ability: Grassy Surge|[of] p2a: Rillaboom\n|turn|12\n|\n|t:|1728516204\n|-terastallize|p2b: Dragapult|Dragon\n|move|p2a: Rillaboom|Fake Out|p1a: Tapu Deedee\n|-damage|p1a: Tapu Deedee|53\/100\n|cant|p1a: Tapu Deedee|flinch\n|move|p2b: Dragapult|Dragon Darts|p1b: Incineroar\n|-damage|p1b: Incineroar|0 fnt\n|-anim|p2b: Dragapult|Dragon Darts|p1a: Tapu Deedee\n|-damage|p1a: Tapu Deedee|0 fnt\n|faint|p1b: Incineroar\n|faint|p1a: Tapu Deedee\n|\n|win|tyuiop112\n|raw|actuary97's rating: 1797 &rarr; <strong>1773<\/strong><br \/>(-24 for losing)\n|raw|tyuiop112's rating: 1728 &rarr; <strong>1752<\/strong><br \/>(+24 for winning)\n|c|\u2606actuary97|gg\n|l|\u2606tyuiop112\n|player|p2|\n|l|\u2606actuary97\n|player|p1|\n","uploadtime":1728516380,"views":25,"formatid":"gen9vgc2024regh","rating":1752,"private":0,"password":null}