{"id":"gen9vgc2024regh-2219624868","format":"[Gen 9] VGC 2024 Reg H","players":["actuary97","jayjazZa"],"log":"|j|\u2606actuary97\n|j|\u2606jayjazZa\n|t:|1728513416\n|gametype|doubles\n|player|p1|actuary97|sabrina-frlg|1780\n|player|p2|jayjazZa|266|1735\n|teamsize|p1|6\n|teamsize|p2|6\n|gen|9\n|tier|[Gen 9] VGC 2024 Reg H\n|rated|\n|rule|Species Clause: Limit one of each Pok\u00e9mon\n|rule|Item Clause: Limit 1 of each item\n|clearpoke\n|poke|p1|Incineroar, L50, M|\n|poke|p1|Whimsicott, L50, F|\n|poke|p1|Gallade, L50, M|\n|poke|p1|Malamar, L50, F|\n|poke|p1|Indeedee, L50, M|\n|poke|p1|Archaludon, L50, F|\n|poke|p2|Dondozo, L50, M|\n|poke|p2|Tatsugiri, L50, F|\n|poke|p2|Dragonite, L50, M|\n|poke|p2|Gholdengo, L50|\n|poke|p2|Talonflame, L50, M|\n|poke|p2|Sneasler, L50, F|\n|teampreview|4\n|inactive|Battle timer is ON: inactive players will automatically lose when time's up. (requested by jayjazZa)\nactuary97 has agreed to open team sheets.\n|j| RAWAXXX\njayjazZa has agreed to open team sheets.\n|j| Bubbygubby\n|inactive|actuary97 has 30 seconds left.\n|inactive|jayjazZa has 30 seconds left.\n|inactive|actuary97 has 20 seconds left.\n|inactive|actuary97 has 15 seconds left.\n|inactive|actuary97 has 10 seconds left.\n|inactive|actuary97 has 5 seconds left.\n|\n|t:|1728513487\n|start\n|switch|p1a: Incineroar|Incineroar, L50, M, shiny|100\/100\n|switch|p1b: Bridget|Archaludon, L50, F, shiny|100\/100\n|switch|p2a: Gholdengo|Gholdengo, L50|100\/100\n|switch|p2b: Talonflame|Talonflame, L50, M|100\/100\n|-ability|p1a: Incineroar|Intimidate|boost\n|-unboost|p2a: Gholdengo|atk|1\n|-unboost|p2b: Talonflame|atk|1\n|turn|1\n|inactive|jayjazZa has 30 seconds left.\n|\n|t:|1728513515\n|move|p2b: Talonflame|Brave Bird|p1a: Incineroar\n|-damage|p1a: Incineroar|65\/100\n|-damage|p2b: Talonflame|85\/100|[from] Recoil\n|move|p2a: Gholdengo|Power Gem|p1a: Incineroar\n|-supereffective|p1a: Incineroar\n|-damage|p1a: Incineroar|0 fnt\n|faint|p1a: Incineroar\n|move|p1b: Bridget|Electro Shot||[still]\n|-prepare|p1b: Bridget|Electro Shot\n|-boost|p1b: Bridget|spa|1\n|\n|upkeep\n|\n|t:|1728513519\n|switch|p1a: Malamother|Malamar, L50, F, shiny|100\/100\n|turn|2\n|\n|t:|1728513543\n|-terastallize|p2b: Talonflame|Grass\n|move|p2b: Talonflame|Brave Bird|p1a: Malamother\n|-damage|p1a: Malamother|70\/100\n|-damage|p2b: Talonflame|73\/100|[from] Recoil\n|move|p2a: Gholdengo|Power Gem|p1a: Malamother\n|-damage|p1a: Malamother|24\/100\n|-enditem|p1a: Malamother|Sitrus Berry|[eat]\n|-heal|p1a: Malamother|49\/100|[from] item: Sitrus Berry\n|move|p1b: Bridget|Electro Shot|p2b: Talonflame|[from]lockedmove\n|-resisted|p2b: Talonflame\n|-damage|p2b: Talonflame|30\/100\n|move|p1a: Malamother|Trick Room|p1a: Malamother\n|-fieldstart|move: Trick Room|[of] p1a: Malamother\n|\n|upkeep\n|turn|3\n|\n|t:|1728513561\n|move|p1a: Malamother|Knock Off|p2a: Gholdengo\n|-supereffective|p2a: Gholdengo\n|-damage|p2a: Gholdengo|21\/100\n|-enditem|p2a: Gholdengo|Choice Specs|[from] move: Knock Off|[of] p1a: Malamother\n|move|p1b: Bridget|Snarl|p2a: Gholdengo|[spread] p2a,p2b\n|-supereffective|p2a: Gholdengo\n|-damage|p2a: Gholdengo|0 fnt\n|-damage|p2b: Talonflame|0 fnt\n|faint|p2a: Gholdengo\n|faint|p2b: Talonflame\n|\n|upkeep\n|\n|t:|1728513567\n|switch|p2a: Dragonite|Dragonite, L50, M|100\/100\n|switch|p2b: Sneasler|Sneasler, L50, F|100\/100\n|turn|4\n|c|\u2606actuary97|dang no dozo\n|c|\u2606jayjazZa|nope\n|c|\u2606actuary97|so many ppl still bring it to my malamar lmao\n|inactive|actuary97 has 30 seconds left.\n|c|\u2606jayjazZa|its just there for bait\n|inactive|actuary97 has 20 seconds left.\n|l| Bubbygubby\n|inactive|actuary97 has 15 seconds left.\n|inactive|actuary97 has 10 seconds left.\n|\n|t:|1728513617\n|move|p1a: Malamother|Superpower|p2a: Dragonite\n|-resisted|p2a: Dragonite\n|-crit|p2a: Dragonite\n|-damage|p2a: Dragonite|80\/100\n|-boost|p1a: Malamother|atk|1\n|-boost|p1a: Malamother|def|1\n|move|p2a: Dragonite|Outrage|p1a: Malamother\n|-damage|p1a: Malamother|0 fnt\n|faint|p1a: Malamother\n|move|p1b: Bridget|Snarl|p2b: Sneasler|[spread] p2a,p2b\n|-resisted|p2b: Sneasler\n|-damage|p2a: Dragonite|64\/100\n|-damage|p2b: Sneasler|87\/100\n|-unboost|p2a: Dragonite|spa|1\n|-unboost|p2b: Sneasler|spa|1\n|move|p2b: Sneasler|Close Combat|p1b: Bridget\n|-supereffective|p1b: Bridget\n|-damage|p1b: Bridget|0 fnt\n|-unboost|p2b: Sneasler|def|1\n|-unboost|p2b: Sneasler|spd|1\n|faint|p1b: Bridget\n|\n|upkeep\n|\n|t:|1728513621\n|switch|p1b: Tapu Deedee|Indeedee, L50, M, shiny|100\/100\n|-fieldstart|move: Psychic Terrain|[from] ability: Psychic Surge|[of] p1b: Tapu Deedee\n|turn|5\n|c|\u2606jayjazZa|gg\n|\n|t:|1728513640\n|-terastallize|p1b: Tapu Deedee|Fairy\n|move|p2a: Dragonite|Outrage|p1b: Tapu Deedee|[from]lockedmove\n|-immune|p1b: Tapu Deedee\n|-start|p2a: Dragonite|confusion|[fatigue]\n|move|p1b: Tapu Deedee|Expanding Force|p2b: Sneasler|[spread] p2a,p2b\n|-supereffective|p2b: Sneasler\n|-damage|p2a: Dragonite|0 fnt\n|-damage|p2b: Sneasler|0 fnt\n|faint|p2a: Dragonite\n|faint|p2b: Sneasler\n|\n|win|actuary97\n|raw|actuary97's rating: 1780 &rarr; <strong>1797<\/strong><br \/>(+17 for winning)\n|raw|jayjazZa's rating: 1735 &rarr; <strong>1718<\/strong><br \/>(-17 for losing)\n|c|\u2606actuary97|gg unless u double\n|c|\u2606jayjazZa|well done\n|c|\u2606actuary97|oh double was your win con\n|l|\u2606jayjazZa\n|player|p2|\n|c|\u2606actuary97|thank u gl\n|l|\u2606actuary97\n|player|p1|\n|j|\u2606actuary97\n|player|p1|actuary97|sabrina-frlg|\n|l|\u2606actuary97\n|player|p1|\n","uploadtime":1728513683,"views":26,"formatid":"gen9vgc2024regh","rating":1718,"private":0,"password":null}