{"id":"gen9vgc2024regh-2219469786","format":"[Gen 9] VGC 2024 Reg H","players":["chin8","jormy49"],"log":"|j|\u2606chin8\n|j|\u2606jormy49\n|t:|1728498218\n|gametype|doubles\n|player|p1|chin8|gentleman-gen4dp|1753\n|player|p2|jormy49|clay|1690\n|teamsize|p1|6\n|teamsize|p2|6\n|gen|9\n|tier|[Gen 9] VGC 2024 Reg H\n|rated|\n|rule|Species Clause: Limit one of each Pok\u00e9mon\n|rule|Item Clause: Limit 1 of each item\n|clearpoke\n|poke|p1|Baxcalibur, L50, M|\n|poke|p1|Kilowattrel, L50, F|\n|poke|p1|Heracross, L50, M|\n|poke|p1|Gardevoir, L50, F|\n|poke|p1|Magmortar, L50, M|\n|poke|p1|Gholdengo, L50|\n|poke|p2|Espathra, L50, F|\n|poke|p2|Sylveon, L50, F|\n|poke|p2|Kingambit, L50, F|\n|poke|p2|Incineroar, L50, M|\n|poke|p2|Zoroark-Hisui, L50, F|\n|poke|p2|Kommo-o, L50, F|\n|teampreview|4\n|inactive|Battle timer is ON: inactive players will automatically lose when time's up. (requested by jormy49)\n|j| thejruth3\n|inactive|chin8 has 60 seconds left.\n|inactive|jormy49 has 60 seconds left.\n|\n|t:|1728498259\n|start\n|switch|p1a: Kilowattrel|Kilowattrel, L50, F|100\/100\n|switch|p1b: Baxcalibur|Baxcalibur, L50, M|100\/100\n|switch|p2a: Espathra|Espathra, L50, F|100\/100\n|switch|p2b: Kingambit|Kingambit, L50, F|100\/100\n|turn|1\n|\n|t:|1728498269\n|-terastallize|p1b: Baxcalibur|Ground\n|move|p1a: Kilowattrel|Thunderbolt|p2b: Kingambit\n|-damage|p2b: Kingambit|20\/100\n|replace|p2b: Zoroark|Zoroark-Hisui, L50, F\n|-end|p2b: Zoroark|Illusion\n|move|p2a: Espathra|Lumina Crash|p1b: Baxcalibur\n|-damage|p1b: Baxcalibur|82\/100\n|-unboost|p1b: Baxcalibur|spd|2\n|move|p2b: Zoroark|Hyper Voice|p1b: Baxcalibur|[spread] p1a,p1b\n|-damage|p1a: Kilowattrel|12\/100\n|-damage|p1b: Baxcalibur|29\/100\n|move|p1b: Baxcalibur|Earthquake|p2a: Espathra|[spread] p2a,p2b\n|-immune|p1a: Kilowattrel\n|-damage|p2a: Espathra|35\/100\n|-damage|p2b: Zoroark|0 fnt\n|faint|p2b: Zoroark\n|\n|-ability|p2a: Espathra|Speed Boost|boost\n|-boost|p2a: Espathra|spe|1\n|upkeep\n|\n|t:|1728498286\n|switch|p2b: Kingambit|Kingambit, L50, F|100\/100\n|turn|2\n|\n|t:|1728498307\n|move|p1b: Baxcalibur|Ice Shard|p2a: Espathra\n|-damage|p2a: Espathra|0 fnt\n|faint|p2a: Espathra\n|move|p1a: Kilowattrel|Tailwind|p1a: Kilowattrel\n|-sidestart|p1: chin8|move: Tailwind\n|move|p2b: Kingambit|Swords Dance|p2b: Kingambit\n|-boost|p2b: Kingambit|atk|2\n|\n|upkeep\n|\n|t:|1728498311\n|switch|p2a: Sylveon|Sylveon, L50, F|100\/100\n|turn|3\n|\n|t:|1728498315\n|move|p2a: Sylveon|Quick Attack|p1a: Kilowattrel\n|-damage|p1a: Kilowattrel|0 fnt\n|faint|p1a: Kilowattrel\n|move|p2b: Kingambit|Sucker Punch|p1b: Baxcalibur\n|-damage|p1b: Baxcalibur|0 fnt\n|faint|p1b: Baxcalibur\n|\n|upkeep\n|\n|t:|1728498318\n|switch|p1a: Magmortar|Magmortar, L50, M|100\/100\n|switch|p1b: Gholdengo|Gholdengo, L50|100\/100\n|turn|4\n|\n|t:|1728498325\n|-terastallize|p2a: Sylveon|Fire\n|move|p2b: Kingambit|Protect|p2b: Kingambit\n|-singleturn|p2b: Kingambit|Protect\n|move|p1b: Gholdengo|Make It Rain|p2b: Kingambit|[spread] p2a\n|-activate|p2b: Kingambit|move: Protect\n|-resisted|p2a: Sylveon\n|-damage|p2a: Sylveon|83\/100\n|-unboost|p1b: Gholdengo|spa|1\n|move|p1a: Magmortar|Heat Wave|p2a: Sylveon|[spread] p2a\n|-activate|p2b: Kingambit|move: Protect\n|-resisted|p2a: Sylveon\n|-crit|p2a: Sylveon\n|-damage|p2a: Sylveon|67\/100\n|move|p2a: Sylveon|Tera Blast|p1b: Gholdengo|[anim] Tera Blast Fire\n|-supereffective|p1b: Gholdengo\n|-crit|p1b: Gholdengo\n|-damage|p1b: Gholdengo|0 fnt\n|faint|p1b: Gholdengo\n|\n|upkeep\n|turn|5\n|-message|chin8 forfeited.\n|\n|win|jormy49\n|raw|chin8's rating: 1753 &rarr; <strong>1729<\/strong><br \/>(-24 for losing)\n|raw|jormy49's rating: 1690 &rarr; <strong>1714<\/strong><br \/>(+24 for winning)\n|l|\u2606chin8\n|player|p1|\n|l|\u2606jormy49\n|player|p2|\n","uploadtime":1728498552,"views":26,"formatid":"gen9vgc2024regh","rating":1714,"private":0,"password":null}