{"id":"gen9vgc2024regh-2219062655","format":"[Gen 9] VGC 2024 Reg H","players":["yumeiouo","winterbreak"],"log":"|j|\u2606yumeiouo\n|j|\u2606winterbreak\n|t:|1728449848\n|gametype|doubles\n|player|p1|yumeiouo|dawn|1821\n|player|p2|winterbreak|lucas-gen4pt|1872\n|teamsize|p1|6\n|teamsize|p2|6\n|gen|9\n|tier|[Gen 9] VGC 2024 Reg H\n|rated|\n|rule|Species Clause: Limit one of each Pok\u00e9mon\n|rule|Item Clause: Limit 1 of each item\n|clearpoke\n|poke|p1|Ursaluna-Bloodmoon, L50, M|\n|poke|p1|Gholdengo, L50|\n|poke|p1|Dragonite, L50, F|\n|poke|p1|Porygon2, L50|\n|poke|p1|Kingambit, L50, F|\n|poke|p1|Amoonguss, L50, F|\n|poke|p2|Hydreigon, L50, M|\n|poke|p2|Gholdengo, L50|\n|poke|p2|Ursaluna-Bloodmoon, L50, M|\n|poke|p2|Rillaboom, L50, F|\n|poke|p2|Incineroar, L50, F|\n|poke|p2|Electabuzz, L50, M|\n|teampreview|4\n|inactive|Battle timer is ON: inactive players will automatically lose when time's up. (requested by yumeiouo)\n|inactive|winterbreak has 60 seconds left.\nyumeiouo rejected open team sheets.\n|\n|t:|1728449952\n|start\n|switch|p1a: Ursaluna|Ursaluna-Bloodmoon, L50, M|100\/100\n|switch|p1b: Kingambit|Kingambit, L50, F|100\/100\n|switch|p2a: Hydreigon|Hydreigon, L50, M, shiny|100\/100\n|switch|p2b: Electabuzz|Electabuzz, L50, M|100\/100\n|turn|1\n|\n|t:|1728449977\n|-terastallize|p1a: Ursaluna|Normal\n|move|p2b: Electabuzz|Protect|p2b: Electabuzz\n|-singleturn|p2b: Electabuzz|Protect\n|move|p1b: Kingambit|Protect|p1b: Kingambit\n|-singleturn|p1b: Kingambit|Protect\n|move|p2a: Hydreigon|Draco Meteor|p1a: Ursaluna\n|-damage|p1a: Ursaluna|26\/100\n|-unboost|p2a: Hydreigon|spa|2\n|move|p1a: Ursaluna|Hyper Voice|p2a: Hydreigon|[spread] p2a\n|-activate|p2b: Electabuzz|move: Protect\n|-damage|p2a: Hydreigon|41\/100\n|\n|upkeep\n|turn|2\n|inactive|yumeiouo has 30 seconds left.\n|inactive|winterbreak has 30 seconds left.\n|inactive|winterbreak has 20 seconds left.\n|inactive|winterbreak has 15 seconds left.\n|inactive|winterbreak has 10 seconds left.\n|inactive|winterbreak has 5 seconds left.\n|\n|t:|1728450029\n|move|p2a: Hydreigon|Draco Meteor|p1a: Ursaluna\n|-damage|p1a: Ursaluna|0 fnt\n|-unboost|p2a: Hydreigon|spa|2\n|faint|p1a: Ursaluna\n|move|p2b: Electabuzz|Thunderbolt|p1b: Kingambit\n|-damage|p1b: Kingambit|63\/100\n|move|p1b: Kingambit|Kowtow Cleave|p2b: Electabuzz\n|-damage|p2b: Electabuzz|63\/100\n|\n|upkeep\n|\n|t:|1728450040\n|switch|p1a: Gholdengo|Gholdengo, L50|100\/100\n|turn|3\n|\n|t:|1728450062\n|switch|p2a: Incineroar|Incineroar, L50, F|100\/100\n|-ability|p2a: Incineroar|Intimidate|boost\n|-unboost|p1a: Gholdengo|atk|1\n|-unboost|p1b: Kingambit|atk|1\n|-ability|p1b: Kingambit|Defiant|boost\n|-boost|p1b: Kingambit|atk|2\n|move|p2b: Electabuzz|Protect|p2b: Electabuzz\n|-singleturn|p2b: Electabuzz|Protect\n|move|p1a: Gholdengo|Shadow Ball|p2a: Incineroar\n|-resisted|p2a: Incineroar\n|-damage|p2a: Incineroar|86\/100\n|move|p1b: Kingambit|Kowtow Cleave|p2a: Incineroar\n|-resisted|p2a: Incineroar\n|-damage|p2a: Incineroar|52\/100\n|\n|upkeep\n|turn|4\n|\n|t:|1728450083\n|move|p2b: Electabuzz|Follow Me|p2b: Electabuzz\n|-singleturn|p2b: Electabuzz|move: Follow Me\n|move|p1a: Gholdengo|Shadow Ball|p2b: Electabuzz\n|-damage|p2b: Electabuzz|26\/100\n|move|p1b: Kingambit|Low Kick|p2b: Electabuzz\n|-damage|p2b: Electabuzz|0 fnt\n|faint|p2b: Electabuzz\n|move|p2a: Incineroar|Flare Blitz|p1b: Kingambit\n|-supereffective|p1b: Kingambit\n|-damage|p1b: Kingambit|0 fnt\n|faint|p1b: Kingambit\n|-damage|p2a: Incineroar|34\/100|[from] Recoil\n|-enditem|p2a: Incineroar|Sitrus Berry|[eat]\n|-heal|p2a: Incineroar|59\/100|[from] item: Sitrus Berry\n|\n|upkeep\n|\n|t:|1728450101\n|switch|p2b: Gholdengo|Gholdengo, L50|100\/100\n|switch|p1b: Dragonite|Dragonite, L50, F|100\/100\n|turn|5\n|inactive|winterbreak has 30 seconds left.\n|inactive|winterbreak has 20 seconds left.\n|inactive|winterbreak has 15 seconds left.\n|inactive|winterbreak has 10 seconds left.\n|inactive|winterbreak has 5 seconds left.\n|\n|t:|1728450153\n|-terastallize|p2a: Incineroar|Grass\n|move|p2b: Gholdengo|Protect|p2b: Gholdengo\n|-singleturn|p2b: Gholdengo|Protect\n|move|p1a: Gholdengo|Shadow Ball|p2b: Gholdengo\n|-activate|p2b: Gholdengo|move: Protect\n|move|p1b: Dragonite|Low Kick|p2a: Incineroar\n|-damage|p2a: Incineroar|17\/100\n|move|p2a: Incineroar|Flare Blitz|p1a: Gholdengo\n|-supereffective|p1a: Gholdengo\n|-damage|p1a: Gholdengo|0 fnt\n|faint|p1a: Gholdengo\n|-damage|p2a: Incineroar|0 fnt|[from] Recoil\n|faint|p2a: Incineroar\n|\n|upkeep\n|-message|yumeiouo forfeited.\n|\n|win|winterbreak\n|raw|yumeiouo's rating: 1821 &rarr; <strong>1805<\/strong><br \/>(-16 for losing)\n|raw|winterbreak's rating: 1884 &rarr; <strong>1900<\/strong><br \/>(+16 for winning)\n|l|\u2606yumeiouo\n|player|p1|\n|l|\u2606winterbreak\n|player|p2|\n","uploadtime":1728450420,"views":103,"formatid":"gen9vgc2024regh","rating":1805,"private":0,"password":null}