{"id":"gen9vgc2024regh-2219064069","format":"[Gen 9] VGC 2024 Reg H","players":["bieiup","rengeki style"],"log":"|j|\u2606bieiup\n|j|\u2606rengeki style\n|t:|1728450095\n|gametype|doubles\n|player|p1|bieiup|lillie-z|1686\n|player|p2|rengeki style|102|1707\n|teamsize|p1|6\n|teamsize|p2|6\n|gen|9\n|tier|[Gen 9] VGC 2024 Reg H\n|rated|\n|rule|Species Clause: Limit one of each Pok\u00e9mon\n|rule|Item Clause: Limit 1 of each item\n|clearpoke\n|poke|p1|Sableye, L50, M|\n|poke|p1|Dondozo, L50, M|\n|poke|p1|Sylveon, L50, M|\n|poke|p1|Dragonite, L50, F|\n|poke|p1|Gholdengo, L50|\n|poke|p1|Ursaluna-Bloodmoon, L50, M|\n|poke|p2|Annihilape, L50, F|\n|poke|p2|Raichu, L50, F|\n|poke|p2|Sinistcha-Masterpiece, L50|\n|poke|p2|Sneasler, L50, M|\n|poke|p2|Gholdengo, L50|\n|poke|p2|Hydreigon, L50, M|\n|teampreview|4\n|inactive|Battle timer is ON: inactive players will automatically lose when time's up. (requested by bieiup)\n|\n|t:|1728450141\n|start\n|switch|p1a: Sableye|Sableye, L50, M|100\/100\n|switch|p1b: Sylveon|Sylveon, L50, M|100\/100\n|switch|p2a: Raichu|Raichu, L50, F|100\/100\n|switch|p2b: Gholdengo|Gholdengo, L50|100\/100\n|turn|1\n|\n|t:|1728450157\n|move|p1b: Sylveon|Protect|p1b: Sylveon\n|-singleturn|p1b: Sylveon|Protect\n|move|p1a: Sableye|Light Screen|p1a: Sableye\n|-sidestart|p1: bieiup|move: Light Screen\n|move|p2b: Gholdengo|Make It Rain|p1a: Sableye|[spread] p1a\n|-activate|p1b: Sylveon|move: Protect\n|-crit|p1a: Sableye\n|-enditem|p1a: Sableye|Focus Sash\n|-damage|p1a: Sableye|1\/100\n|-unboost|p2b: Gholdengo|spa|1\n|move|p2a: Raichu|Knock Off|p1b: Sylveon\n|-activate|p1b: Sylveon|move: Protect\n|\n|upkeep\n|turn|2\n|\n|t:|1728450181\n|-terastallize|p1b: Sylveon|Fire\n|move|p1a: Sableye|Will-O-Wisp|p2a: Raichu\n|-status|p2a: Raichu|brn\n|move|p2b: Gholdengo|Make It Rain|p1b: Sylveon|[spread] p1a,p1b\n|-resisted|p1b: Sylveon\n|-damage|p1a: Sableye|0 fnt\n|-damage|p1b: Sylveon|93\/100\n|-unboost|p2b: Gholdengo|spa|1\n|faint|p1a: Sableye\n|move|p2a: Raichu|Nuzzle|p1b: Sylveon\n|-damage|p1b: Sylveon|88\/100\n|-status|p1b: Sylveon|par\n|move|p1b: Sylveon|Hyper Voice|p2a: Raichu|[spread] p2a,p2b\n|-resisted|p2b: Gholdengo\n|-damage|p2a: Raichu|61\/100 brn\n|-damage|p2b: Gholdengo|76\/100\n|-enditem|p1b: Sylveon|Throat Spray\n|-boost|p1b: Sylveon|spa|1|[from] item: Throat Spray\n|\n|-damage|p2a: Raichu|56\/100 brn|[from] brn\n|upkeep\n|\n|t:|1728450188\n|switch|p1a: Gholdengo|Gholdengo, L50|100\/100\n|turn|3\n|\n|t:|1728450195\n|switch|p2b: Sneasler|Sneasler, L50, M|100\/100\n|move|p1a: Gholdengo|Shadow Ball|p2b: Sneasler\n|-damage|p2b: Sneasler|36\/100\n|move|p2a: Raichu|Nuzzle|p1a: Gholdengo\n|-damage|p1a: Gholdengo|97\/100\n|-status|p1a: Gholdengo|par\n|move|p1b: Sylveon|Hyper Voice|p2a: Raichu|[spread] p2a,p2b\n|-damage|p2a: Raichu|2\/100 brn\n|-damage|p2b: Sneasler|0 fnt\n|faint|p2b: Sneasler\n|\n|-damage|p2a: Raichu|0 fnt|[from] brn\n|faint|p2a: Raichu\n|upkeep\n|\n|t:|1728450206\n|switch|p2b: Gholdengo|Gholdengo, L50|76\/100\n|switch|p2a: Hydreigon|Hydreigon, L50, M|100\/100\n|turn|4\n|j| Tian15\n|inactive|rengeki style has 30 seconds left.\n|\n|t:|1728450231\n|-terastallize|p2a: Hydreigon|Fire\n|move|p2b: Gholdengo|Make It Rain|p1a: Gholdengo|[spread] p1a,p1b\n|-resisted|p1a: Gholdengo\n|-resisted|p1b: Sylveon\n|-damage|p1a: Gholdengo|77\/100 par\n|-damage|p1b: Sylveon|76\/100 par\n|-unboost|p2b: Gholdengo|spa|1\n|move|p2a: Hydreigon|Snarl|p1b: Sylveon|[spread] p1a,p1b\n|-supereffective|p1a: Gholdengo\n|-damage|p1a: Gholdengo|27\/100 par\n|-damage|p1b: Sylveon|61\/100 par\n|-unboost|p1a: Gholdengo|spa|1\n|-unboost|p1b: Sylveon|spa|1\n|cant|p1a: Gholdengo|par\n|move|p1b: Sylveon|Tera Blast|p2b: Gholdengo|[anim] Tera Blast Fire\n|-supereffective|p2b: Gholdengo\n|-damage|p2b: Gholdengo|0 fnt\n|faint|p2b: Gholdengo\n|\n|upkeep\n|turn|5\n|\n|t:|1728450249\n|move|p2a: Hydreigon|Snarl|p1b: Sylveon|[spread] p1a,p1b\n|-supereffective|p1a: Gholdengo\n|-damage|p1a: Gholdengo|0 fnt\n|-damage|p1b: Sylveon|46\/100 par\n|-unboost|p1b: Sylveon|spa|1\n|faint|p1a: Gholdengo\n|move|p1b: Sylveon|Hyper Voice|p2a: Hydreigon\n|-resisted|p2a: Hydreigon\n|-damage|p2a: Hydreigon|80\/100\n|\n|-sideend|p1: bieiup|move: Light Screen\n|upkeep\n|\n|t:|1728450252\n|switch|p1a: Dragonite|Dragonite, L50, F|100\/100\n|turn|6\n|\n|t:|1728450261\n|move|p2a: Hydreigon|Snarl|p1a: Dragonite|[spread] p1a,p1b\n|-damage|p1a: Dragonite|91\/100\n|-damage|p1b: Sylveon|24\/100 par\n|-unboost|p1a: Dragonite|spa|1\n|-unboost|p1b: Sylveon|spa|1\n|move|p1a: Dragonite|Outrage|p2a: Hydreigon\n|-damage|p2a: Hydreigon|11\/100\n|move|p1b: Sylveon|Hyper Voice|p2a: Hydreigon\n|-resisted|p2a: Hydreigon\n|-damage|p2a: Hydreigon|0 fnt\n|faint|p2a: Hydreigon\n|\n|win|bieiup\n|raw|bieiup's rating: 1686 &rarr; <strong>1707<\/strong><br \/>(+21 for winning)\n|raw|rengeki style's rating: 1707 &rarr; <strong>1686<\/strong><br \/>(-21 for losing)\n|c|\u2606rengeki style|gg\n|c|\u2606bieiup|gg\n|c|\u2606rengeki style|lets go again\n|l|\u2606rengeki style\n|player|p2|\n|c|\u2606bieiup|ok\n|l| Tian15\n","uploadtime":1728450420,"views":17,"formatid":"gen9vgc2024regh","rating":1686,"private":0,"password":null}