{"id":"gen9vgc2024regh-2219040053","format":"[Gen 9] VGC 2024 Reg H","players":["jayjazZa","googer315"],"log":"|j|\u203djayjazZa\n|j|\u2606googer315\n|t:|1728446302\n|gametype|doubles\n|player|p1|jayjazZa|169|1798\n|player|p2|googer315|1|1765\n|teamsize|p1|6\n|teamsize|p2|6\n|gen|9\n|tier|[Gen 9] VGC 2024 Reg H\n|rated|\n|rule|Species Clause: Limit one of each Pok\u00e9mon\n|rule|Item Clause: Limit 1 of each item\n|clearpoke\n|poke|p1|Dondozo, L50, M|\n|poke|p1|Tatsugiri, L50, F|\n|poke|p1|Dragonite, L50, F|\n|poke|p1|Gholdengo, L50|\n|poke|p1|Talonflame, L50, M|\n|poke|p1|Sneasler, L50, F|\n|poke|p2|Dondozo, L50, F|\n|poke|p2|Tatsugiri, L50, F|\n|poke|p2|Glimmora, L50, F|\n|poke|p2|Maushold, L50|\n|poke|p2|Annihilape, L50, F|\n|poke|p2|Gholdengo, L50|\n|teampreview|4\n|inactive|Battle timer is ON: inactive players will automatically lose when time's up. (requested by jayjazZa)\n|inactive|googer315 has 60 seconds left.\n|\n|t:|1728446349\n|start\n|switch|p1a: Gholdengo|Gholdengo, L50|100\/100\n|switch|p1b: Talonflame|Talonflame, L50, M|100\/100\n|switch|p2a: Gholdengo|Gholdengo, L50|100\/100\n|switch|p2b: Glimmora|Glimmora, L50, F|100\/100\n|turn|1\n|\n|t:|1728446366\n|-terastallize|p2a: Gholdengo|Steel\n|-terastallize|p1a: Gholdengo|Steel\n|move|p2a: Gholdengo|Shadow Ball|p1a: Gholdengo\n|-damage|p1a: Gholdengo|44\/100\n|move|p1b: Talonflame|Flare Blitz|p2a: Gholdengo\n|-supereffective|p2a: Gholdengo\n|-damage|p2a: Gholdengo|0 fnt\n|faint|p2a: Gholdengo\n|-damage|p1b: Talonflame|65\/100|[from] Recoil\n|move|p2b: Glimmora|Power Gem|p1b: Talonflame\n|-supereffective|p1b: Talonflame\n|-damage|p1b: Talonflame|0 fnt\n|faint|p1b: Talonflame\n|move|p1a: Gholdengo|Make It Rain|p2b: Glimmora\n|-supereffective|p2b: Glimmora\n|-enditem|p2b: Glimmora|Focus Sash\n|-damage|p2b: Glimmora|1\/100\n|-unboost|p1a: Gholdengo|spa|1\n|\n|upkeep\n|\n|t:|1728446386\n|switch|p1b: Dondozo|Dondozo, L50, M|100\/100\n|switch|p2a: Dondozo|Dondozo, L50, F|100\/100\n|turn|2\n|\n|t:|1728446392\n|switch|p2b: Tatsugiri|Tatsugiri, L50, F|100\/100\n|-activate|p2b: Tatsugiri|ability: Commander|[of] p2a: Dondozo\n|-boost|p2a: Dondozo|atk|2\n|-boost|p2a: Dondozo|spa|2\n|-boost|p2a: Dondozo|spe|2\n|-boost|p2a: Dondozo|def|2\n|-boost|p2a: Dondozo|spd|2\n|switch|p1a: Tatsugiri|Tatsugiri, L50, F|100\/100\n|-activate|p1a: Tatsugiri|ability: Commander|[of] p1b: Dondozo\n|-boost|p1b: Dondozo|atk|2\n|-boost|p1b: Dondozo|spa|2\n|-boost|p1b: Dondozo|spe|2\n|-boost|p1b: Dondozo|def|2\n|-boost|p1b: Dondozo|spd|2\n|move|p1b: Dondozo|Earthquake|p2a: Dondozo|[spread] p2a\n|-miss|p1b: Dondozo|p1a: Tatsugiri\n|-miss|p1b: Dondozo|p2b: Tatsugiri\n|-crit|p2a: Dondozo\n|-damage|p2a: Dondozo|75\/100\n|move|p2a: Dondozo|Earthquake|p1b: Dondozo|[spread] p1b\n|-miss|p2a: Dondozo|p2b: Tatsugiri\n|-miss|p2a: Dondozo|p1a: Tatsugiri\n|-damage|p1b: Dondozo|87\/100\n|\n|-heal|p1b: Dondozo|93\/100|[from] item: Leftovers\n|-heal|p2a: Dondozo|82\/100|[from] item: Leftovers\n|upkeep\n|turn|3\n|\n|t:|1728446416\n|move|p1b: Dondozo|Order Up|p2a: Dondozo\n|-damage|p2a: Dondozo|65\/100\n|-boost|p1b: Dondozo|atk|1\n|move|p2a: Dondozo|Order Up|p1b: Dondozo\n|-damage|p1b: Dondozo|78\/100\n|-boost|p2a: Dondozo|atk|1\n|\n|-heal|p1b: Dondozo|84\/100|[from] item: Leftovers\n|-heal|p2a: Dondozo|71\/100|[from] item: Leftovers\n|upkeep\n|turn|4\n|\n|t:|1728446428\n|move|p1b: Dondozo|Order Up|p2a: Dondozo\n|-damage|p2a: Dondozo|54\/100\n|-boost|p1b: Dondozo|atk|1\n|move|p2a: Dondozo|Earthquake|p1a: Tatsugiri|[spread] p1b\n|-miss|p2a: Dondozo|p2b: Tatsugiri\n|-miss|p2a: Dondozo|p1a: Tatsugiri\n|-damage|p1b: Dondozo|68\/100\n|\n|-heal|p1b: Dondozo|74\/100|[from] item: Leftovers\n|-heal|p2a: Dondozo|60\/100|[from] item: Leftovers\n|upkeep\n|turn|5\n|\n|t:|1728446439\n|move|p1b: Dondozo|Order Up|p2a: Dondozo\n|-damage|p2a: Dondozo|44\/100\n|-boost|p1b: Dondozo|atk|1\n|move|p2a: Dondozo|Order Up|p1b: Dondozo\n|-damage|p1b: Dondozo|57\/100\n|-boost|p2a: Dondozo|atk|1\n|\n|-heal|p1b: Dondozo|63\/100|[from] item: Leftovers\n|-heal|p2a: Dondozo|50\/100|[from] item: Leftovers\n|upkeep\n|turn|6\n|\n|t:|1728446449\n|move|p2a: Dondozo|Protect|p2a: Dondozo\n|-singleturn|p2a: Dondozo|Protect\n|move|p1b: Dondozo|Order Up|p2a: Dondozo\n|-activate|p2a: Dondozo|move: Protect\n|\n|-heal|p1b: Dondozo|69\/100|[from] item: Leftovers\n|-heal|p2a: Dondozo|57\/100|[from] item: Leftovers\n|upkeep\n|turn|7\n|\n|t:|1728446456\n|move|p1b: Dondozo|Order Up|p2a: Dondozo\n|-damage|p2a: Dondozo|39\/100\n|-boost|p1b: Dondozo|atk|1\n|move|p2a: Dondozo|Order Up|p1b: Dondozo\n|-damage|p1b: Dondozo|54\/100\n|-boost|p2a: Dondozo|atk|1\n|\n|-heal|p1b: Dondozo|60\/100|[from] item: Leftovers\n|-heal|p2a: Dondozo|45\/100|[from] item: Leftovers\n|upkeep\n|turn|8\n|\n|t:|1728446467\n|move|p2a: Dondozo|Protect|p2a: Dondozo\n|-singleturn|p2a: Dondozo|Protect\n|move|p1b: Dondozo|Order Up|p2a: Dondozo\n|-activate|p2a: Dondozo|move: Protect\n|\n|-heal|p1b: Dondozo|66\/100|[from] item: Leftovers\n|-heal|p2a: Dondozo|52\/100|[from] item: Leftovers\n|upkeep\n|turn|9\n|\n|t:|1728446475\n|move|p1b: Dondozo|Order Up|p2a: Dondozo\n|-damage|p2a: Dondozo|36\/100\n|-boost|p1b: Dondozo|atk|0\n|move|p2a: Dondozo|Order Up|p1b: Dondozo\n|-damage|p1b: Dondozo|49\/100\n|-boost|p2a: Dondozo|atk|1\n|\n|-heal|p1b: Dondozo|55\/100|[from] item: Leftovers\n|-heal|p2a: Dondozo|43\/100|[from] item: Leftovers\n|upkeep\n|turn|10\n|\n|t:|1728446487\n|move|p2a: Dondozo|Protect|p2a: Dondozo\n|-singleturn|p2a: Dondozo|Protect\n|move|p1b: Dondozo|Order Up|p2a: Dondozo\n|-activate|p2a: Dondozo|move: Protect\n|\n|-heal|p1b: Dondozo|61\/100|[from] item: Leftovers\n|-heal|p2a: Dondozo|49\/100|[from] item: Leftovers\n|upkeep\n|turn|11\n|\n|t:|1728446495\n|move|p1b: Dondozo|Wave Crash|p2a: Dondozo\n|-resisted|p2a: Dondozo\n|-damage|p2a: Dondozo|30\/100\n|-damage|p1b: Dondozo|55\/100|[from] Recoil\n|move|p2a: Dondozo|Order Up|p1b: Dondozo\n|-damage|p1b: Dondozo|39\/100\n|-boost|p2a: Dondozo|atk|0\n|\n|-heal|p1b: Dondozo|45\/100|[from] item: Leftovers\n|-heal|p2a: Dondozo|37\/100|[from] item: Leftovers\n|upkeep\n|turn|12\n|\n|t:|1728446505\n|move|p1b: Dondozo|Protect|p1b: Dondozo\n|-singleturn|p1b: Dondozo|Protect\n|move|p2a: Dondozo|Protect||[still]\n|-fail|p2a: Dondozo\n|\n|-heal|p1b: Dondozo|51\/100|[from] item: Leftovers\n|-heal|p2a: Dondozo|43\/100|[from] item: Leftovers\n|upkeep\n|turn|13\n|\n|t:|1728446512\n|move|p2a: Dondozo|Protect|p2a: Dondozo\n|-singleturn|p2a: Dondozo|Protect\n|move|p1b: Dondozo|Order Up|p2a: Dondozo\n|-activate|p2a: Dondozo|move: Protect\n|\n|-heal|p1b: Dondozo|57\/100|[from] item: Leftovers\n|-heal|p2a: Dondozo|49\/100|[from] item: Leftovers\n|upkeep\n|turn|14\n|\n|t:|1728446520\n|move|p1b: Dondozo|Order Up|p2a: Dondozo\n|-damage|p2a: Dondozo|32\/100\n|-boost|p1b: Dondozo|atk|0\n|move|p2a: Dondozo|Order Up|p1b: Dondozo\n|-damage|p1b: Dondozo|40\/100\n|-boost|p2a: Dondozo|atk|0\n|\n|-heal|p1b: Dondozo|47\/100|[from] item: Leftovers\n|-heal|p2a: Dondozo|38\/100|[from] item: Leftovers\n|upkeep\n|turn|15\n|j| notthealtaccount\n|\n|t:|1728446529\n|move|p1b: Dondozo|Protect|p1b: Dondozo\n|-singleturn|p1b: Dondozo|Protect\n|move|p2a: Dondozo|Protect||[still]\n|-fail|p2a: Dondozo\n|\n|-heal|p1b: Dondozo|53\/100|[from] item: Leftovers\n|-heal|p2a: Dondozo|45\/100|[from] item: Leftovers\n|upkeep\n|turn|16\n|\n|t:|1728446537\n|move|p2a: Dondozo|Protect|p2a: Dondozo\n|-singleturn|p2a: Dondozo|Protect\n|move|p1b: Dondozo|Order Up|p2a: Dondozo\n|-activate|p2a: Dondozo|move: Protect\n|\n|-heal|p1b: Dondozo|59\/100|[from] item: Leftovers\n|-heal|p2a: Dondozo|51\/100|[from] item: Leftovers\n|upkeep\n|turn|17\n|\n|t:|1728446545\n|move|p1b: Dondozo|Order Up|p2a: Dondozo\n|-damage|p2a: Dondozo|33\/100\n|-boost|p1b: Dondozo|atk|0\n|move|p2a: Dondozo|Order Up|p1b: Dondozo\n|-damage|p1b: Dondozo|43\/100\n|-boost|p2a: Dondozo|atk|0\n|\n|-heal|p1b: Dondozo|49\/100|[from] item: Leftovers\n|-heal|p2a: Dondozo|39\/100|[from] item: Leftovers\n|upkeep\n|turn|18\n|\n|t:|1728446561\n|move|p1b: Dondozo|Protect|p1b: Dondozo\n|-singleturn|p1b: Dondozo|Protect\n|move|p2a: Dondozo|Order Up|p1b: Dondozo\n|-activate|p1b: Dondozo|move: Protect\n|\n|-heal|p1b: Dondozo|56\/100|[from] item: Leftovers\n|-heal|p2a: Dondozo|45\/100|[from] item: Leftovers\n|upkeep\n|turn|19\n|\n|t:|1728446570\n|move|p2a: Dondozo|Protect|p2a: Dondozo\n|-singleturn|p2a: Dondozo|Protect\n|move|p1b: Dondozo|Earthquake|p2b: Tatsugiri|[spread] \n|-miss|p1b: Dondozo|p1a: Tatsugiri\n|-miss|p1b: Dondozo|p2b: Tatsugiri\n|-activate|p2a: Dondozo|move: Protect\n|\n|-heal|p1b: Dondozo|62\/100|[from] item: Leftovers\n|-heal|p2a: Dondozo|52\/100|[from] item: Leftovers\n|upkeep\n|turn|20\n|\n|t:|1728446583\n|move|p1b: Dondozo|Order Up|p2a: Dondozo\n|-damage|p2a: Dondozo|35\/100\n|-boost|p1b: Dondozo|atk|0\n|move|p2a: Dondozo|Order Up|p1b: Dondozo\n|-damage|p1b: Dondozo|45\/100\n|-boost|p2a: Dondozo|atk|0\n|\n|-heal|p1b: Dondozo|51\/100|[from] item: Leftovers\n|-heal|p2a: Dondozo|41\/100|[from] item: Leftovers\n|upkeep\n|turn|21\n|\n|t:|1728446593\n|move|p1b: Dondozo|Protect|p1b: Dondozo\n|-singleturn|p1b: Dondozo|Protect\n|move|p2a: Dondozo|Protect||[still]\n|-fail|p2a: Dondozo\n|\n|-heal|p1b: Dondozo|57\/100|[from] item: Leftovers\n|-heal|p2a: Dondozo|48\/100|[from] item: Leftovers\n|upkeep\n|turn|22\n|\n|t:|1728446600\n|move|p2a: Dondozo|Protect|p2a: Dondozo\n|-singleturn|p2a: Dondozo|Protect\n|move|p1b: Dondozo|Order Up|p2a: Dondozo\n|-activate|p2a: Dondozo|move: Protect\n|\n|-heal|p1b: Dondozo|64\/100|[from] item: Leftovers\n|-heal|p2a: Dondozo|54\/100|[from] item: Leftovers\n|upkeep\n|turn|23\n|\n|t:|1728446609\n|move|p1b: Dondozo|Order Up|p2a: Dondozo\n|-damage|p2a: Dondozo|35\/100\n|-boost|p1b: Dondozo|atk|0\n|move|p2a: Dondozo|Order Up|p1b: Dondozo\n|-damage|p1b: Dondozo|48\/100\n|-boost|p2a: Dondozo|atk|0\n|\n|-heal|p1b: Dondozo|55\/100|[from] item: Leftovers\n|-heal|p2a: Dondozo|42\/100|[from] item: Leftovers\n|upkeep\n|turn|24\n|\n|t:|1728446618\n|move|p1b: Dondozo|Protect|p1b: Dondozo\n|-singleturn|p1b: Dondozo|Protect\n|move|p2a: Dondozo|Protect||[still]\n|-fail|p2a: Dondozo\n|\n|-heal|p1b: Dondozo|61\/100|[from] item: Leftovers\n|-heal|p2a: Dondozo|48\/100|[from] item: Leftovers\n|upkeep\n|turn|25\n|\n|t:|1728446626\n|move|p1b: Dondozo|Earthquake|p2b: Tatsugiri|[spread] p2a\n|-miss|p1b: Dondozo|p1a: Tatsugiri\n|-miss|p1b: Dondozo|p2b: Tatsugiri\n|-damage|p2a: Dondozo|33\/100\n|move|p2a: Dondozo|Order Up|p1b: Dondozo\n|-damage|p1b: Dondozo|44\/100\n|-boost|p2a: Dondozo|atk|0\n|\n|-heal|p1b: Dondozo|50\/100|[from] item: Leftovers\n|-heal|p2a: Dondozo|39\/100|[from] item: Leftovers\n|upkeep\n|turn|26\n|\n|t:|1728446637\n|move|p2a: Dondozo|Protect|p2a: Dondozo\n|-singleturn|p2a: Dondozo|Protect\n|move|p1b: Dondozo|Earthquake|p2a: Dondozo|[spread] \n|-miss|p1b: Dondozo|p1a: Tatsugiri\n|-miss|p1b: Dondozo|p2b: Tatsugiri\n|-activate|p2a: Dondozo|move: Protect\n|\n|-heal|p1b: Dondozo|56\/100|[from] item: Leftovers\n|-heal|p2a: Dondozo|45\/100|[from] item: Leftovers\n|upkeep\n|turn|27\n|\n|t:|1728446647\n|move|p1b: Dondozo|Earthquake|p2b: Tatsugiri|[spread] p2a\n|-miss|p1b: Dondozo|p1a: Tatsugiri\n|-miss|p1b: Dondozo|p2b: Tatsugiri\n|-damage|p2a: Dondozo|30\/100\n|move|p2a: Dondozo|Order Up|p1b: Dondozo\n|-damage|p1b: Dondozo|39\/100\n|-boost|p2a: Dondozo|atk|0\n|\n|-heal|p1b: Dondozo|45\/100|[from] item: Leftovers\n|-heal|p2a: Dondozo|36\/100|[from] item: Leftovers\n|upkeep\n|turn|28\n|\n|t:|1728446658\n|move|p1b: Dondozo|Protect|p1b: Dondozo\n|-singleturn|p1b: Dondozo|Protect\n|move|p2a: Dondozo|Order Up|p1b: Dondozo\n|-activate|p1b: Dondozo|move: Protect\n|\n|-heal|p1b: Dondozo|51\/100|[from] item: Leftovers\n|-heal|p2a: Dondozo|42\/100|[from] item: Leftovers\n|upkeep\n|turn|29\n|\n|t:|1728446669\n|move|p1b: Dondozo|Earthquake|p2a: Dondozo|[spread] p2a\n|-miss|p1b: Dondozo|p1a: Tatsugiri\n|-miss|p1b: Dondozo|p2b: Tatsugiri\n|-damage|p2a: Dondozo|26\/100\n|move|p2a: Dondozo|Order Up|p1b: Dondozo\n|-damage|p1b: Dondozo|33\/100\n|-boost|p2a: Dondozo|atk|0\n|\n|-heal|p1b: Dondozo|40\/100|[from] item: Leftovers\n|-heal|p2a: Dondozo|33\/100|[from] item: Leftovers\n|upkeep\n|turn|30\n|\n|t:|1728446679\n|move|p2a: Dondozo|Protect|p2a: Dondozo\n|-singleturn|p2a: Dondozo|Protect\n|move|p1b: Dondozo|Wave Crash|p2a: Dondozo\n|-activate|p2a: Dondozo|move: Protect\n|\n|-heal|p1b: Dondozo|46\/100|[from] item: Leftovers\n|-heal|p2a: Dondozo|39\/100|[from] item: Leftovers\n|upkeep\n|turn|31\n|\n|t:|1728446688\n|move|p1b: Dondozo|Wave Crash|p2a: Dondozo\n|-resisted|p2a: Dondozo\n|-damage|p2a: Dondozo|19\/100\n|-damage|p1b: Dondozo|39\/100|[from] Recoil\n|move|p2a: Dondozo|Earthquake|p1b: Dondozo|[spread] p1b\n|-miss|p2a: Dondozo|p2b: Tatsugiri\n|-miss|p2a: Dondozo|p1a: Tatsugiri\n|-damage|p1b: Dondozo|24\/100\n|\n|-heal|p1b: Dondozo|30\/100|[from] item: Leftovers\n|-heal|p2a: Dondozo|25\/100|[from] item: Leftovers\n|upkeep\n|turn|32\n|\n|t:|1728446699\n|move|p2a: Dondozo|Protect|p2a: Dondozo\n|-singleturn|p2a: Dondozo|Protect\n|move|p1b: Dondozo|Earthquake|p2b: Tatsugiri|[spread] \n|-miss|p1b: Dondozo|p1a: Tatsugiri\n|-miss|p1b: Dondozo|p2b: Tatsugiri\n|-activate|p2a: Dondozo|move: Protect\n|\n|-heal|p1b: Dondozo|36\/100|[from] item: Leftovers\n|-heal|p2a: Dondozo|32\/100|[from] item: Leftovers\n|upkeep\n|turn|33\n|\n|t:|1728446709\n|move|p1b: Dondozo|Earthquake|p2b: Tatsugiri|[spread] p2a\n|-miss|p1b: Dondozo|p1a: Tatsugiri\n|-miss|p1b: Dondozo|p2b: Tatsugiri\n|-damage|p2a: Dondozo|16\/100\n|move|p2a: Dondozo|Order Up|p1b: Dondozo\n|-damage|p1b: Dondozo|19\/100\n|-boost|p2a: Dondozo|atk|0\n|\n|-heal|p1b: Dondozo|25\/100|[from] item: Leftovers\n|-heal|p2a: Dondozo|23\/100|[from] item: Leftovers\n|upkeep\n|turn|34\n|\n|t:|1728446721\n|move|p2a: Dondozo|Protect|p2a: Dondozo\n|-singleturn|p2a: Dondozo|Protect\n|move|p1b: Dondozo|Earthquake|p2a: Dondozo|[spread] \n|-miss|p1b: Dondozo|p1a: Tatsugiri\n|-miss|p1b: Dondozo|p2b: Tatsugiri\n|-activate|p2a: Dondozo|move: Protect\n|\n|-heal|p1b: Dondozo|32\/100|[from] item: Leftovers\n|-heal|p2a: Dondozo|29\/100|[from] item: Leftovers\n|upkeep\n|turn|35\n|\n|t:|1728446732\n|move|p1b: Dondozo|Earthquake|p2b: Tatsugiri|[spread] p2a\n|-miss|p1b: Dondozo|p1a: Tatsugiri\n|-miss|p1b: Dondozo|p2b: Tatsugiri\n|-damage|p2a: Dondozo|13\/100\n|move|p2a: Dondozo|Earthquake|p1a: Tatsugiri|[spread] p1b\n|-miss|p2a: Dondozo|p2b: Tatsugiri\n|-miss|p2a: Dondozo|p1a: Tatsugiri\n|-damage|p1b: Dondozo|16\/100\n|\n|-heal|p1b: Dondozo|23\/100|[from] item: Leftovers\n|-heal|p2a: Dondozo|19\/100|[from] item: Leftovers\n|upkeep\n|turn|36\n|\n|t:|1728446752\n|move|p2a: Dondozo|Protect|p2a: Dondozo\n|-singleturn|p2a: Dondozo|Protect\n|move|p1b: Dondozo|Wave Crash|p2a: Dondozo\n|-activate|p2a: Dondozo|move: Protect\n|\n|-heal|p1b: Dondozo|29\/100|[from] item: Leftovers\n|-heal|p2a: Dondozo|25\/100|[from] item: Leftovers\n|upkeep\n|turn|37\n|\n|t:|1728446764\n|move|p1b: Dondozo|Earthquake|p2a: Dondozo|[spread] p2a\n|-miss|p1b: Dondozo|p1a: Tatsugiri\n|-miss|p1b: Dondozo|p2b: Tatsugiri\n|-damage|p2a: Dondozo|10\/100\n|move|p2a: Dondozo|Wave Crash|p1b: Dondozo\n|-resisted|p1b: Dondozo\n|-damage|p1b: Dondozo|12\/100\n|-damage|p2a: Dondozo|4\/100|[from] Recoil\n|\n|-heal|p1b: Dondozo|18\/100|[from] item: Leftovers\n|-heal|p2a: Dondozo|10\/100|[from] item: Leftovers\n|upkeep\n|turn|38\n|\n|t:|1728446776\n|move|p1b: Dondozo|Protect|p1b: Dondozo\n|-singleturn|p1b: Dondozo|Protect\n|move|p2a: Dondozo|Wave Crash|p1b: Dondozo\n|-activate|p1b: Dondozo|move: Protect\n|\n|-heal|p1b: Dondozo|24\/100|[from] item: Leftovers\n|-heal|p2a: Dondozo|17\/100|[from] item: Leftovers\n|upkeep\n|turn|39\n|\n|t:|1728446787\n|move|p1b: Dondozo|Wave Crash|p2a: Dondozo\n|-resisted|p2a: Dondozo\n|-damage|p2a: Dondozo|0 fnt\n|faint|p2a: Dondozo\n|-damage|p1b: Dondozo|19\/100|[from] Recoil\n|\n|-heal|p1b: Dondozo|25\/100|[from] item: Leftovers\n|upkeep\n|c|\u2606googer315|why dont i get a crit\n|\n|t:|1728446807\n|switch|p2a: Glimmora|Glimmora, L50, F|1\/100\n|turn|40\n|n|\u2606jayjazZa|jayjazza\n|\n|t:|1728446819\n|move|p1b: Dondozo|Protect|p1b: Dondozo\n|-singleturn|p1b: Dondozo|Protect\n|move|p2b: Tatsugiri|Draco Meteor|p1b: Dondozo\n|-activate|p1b: Dondozo|move: Protect\n|move|p2a: Glimmora|Sludge Bomb|p1b: Dondozo\n|-activate|p1b: Dondozo|move: Protect\n|\n|-heal|p1b: Dondozo|31\/100|[from] item: Leftovers\n|upkeep\n|turn|41\n|c|\u2606jayjazZa|Because you should of gged by now\n|\n|t:|1728446832\n|move|p1b: Dondozo|Earthquake|p2b: Tatsugiri|[spread] p2a,p2b\n|-miss|p1b: Dondozo|p1a: Tatsugiri\n|-supereffective|p2a: Glimmora\n|-damage|p2a: Glimmora|0 fnt\n|-damage|p2b: Tatsugiri|0 fnt\n|-activate|p2a: Glimmora|ability: Toxic Debris\n|-sidestart|p1: jayjazZa|move: Toxic Spikes\n|faint|p2a: Glimmora\n|faint|p2b: Tatsugiri\n|\n|win|jayjazZa\n|raw|jayjazZa's rating: 1798 &rarr; <strong>1816<\/strong><br \/>(+18 for winning)\n|raw|googer315's rating: 1765 &rarr; <strong>1747<\/strong><br \/>(-18 for losing)\n|l| notthealtaccount\n|c|\u2606googer315|why would i if i get a crit too i win\n|l|\u2606googer315\n|player|p2|\n|l|\u2606jayjazZa\n|player|p1|\n","uploadtime":1728446984,"views":29,"formatid":"gen9vgc2024regh","rating":1747,"private":0,"password":null}