{"id":"gen9vgc2024regh-2219070445","format":"[Gen 9] VGC 2024 Reg H","players":["winterbreak","something123"],"log":"|j|\u2606winterbreak\n|j|\u2606something123\n|t:|1728451219\n|gametype|doubles\n|player|p1|winterbreak|lucas-gen4pt|1898\n|player|p2|something123|2|1855\n|teamsize|p1|6\n|teamsize|p2|6\n|gen|9\n|tier|[Gen 9] VGC 2024 Reg H\n|rated|\n|rule|Species Clause: Limit one of each Pok\u00e9mon\n|rule|Item Clause: Limit 1 of each item\n|clearpoke\n|poke|p1|Hydreigon, L50, M|\n|poke|p1|Gholdengo, L50|\n|poke|p1|Ursaluna-Bloodmoon, L50, M|\n|poke|p1|Rillaboom, L50, M|\n|poke|p1|Incineroar, L50, F|\n|poke|p1|Electabuzz, L50, M|\n|poke|p2|Kingambit, L50, F|\n|poke|p2|Sneasler, L50, M|\n|poke|p2|Rillaboom, L50, F|\n|poke|p2|Primarina, L50, M|\n|poke|p2|Electabuzz, L50, M|\n|poke|p2|Ninetales-Alola, L50, F|\n|teampreview|4\n|inactive|Battle timer is ON: inactive players will automatically lose when time's up. (requested by something123)\n|\n|t:|1728451317\n|start\n|switch|p1a: Hydreigon|Hydreigon, L50, M, shiny|100\/100\n|switch|p1b: Electabuzz|Electabuzz, L50, M|100\/100\n|switch|p2a: Electabuzz|Electabuzz, L50, M|100\/100\n|switch|p2b: Kingambit|Kingambit, L50, F|100\/100\n|turn|1\n|inactive|something123 has 30 seconds left.\n|inactive|something123 has 20 seconds left.\n|\n|t:|1728451356\n|move|p2b: Kingambit|Protect|p2b: Kingambit\n|-singleturn|p2b: Kingambit|Protect\n|move|p1a: Hydreigon|Heat Wave|p2a: Electabuzz|[spread] p2a\n|-activate|p2b: Kingambit|move: Protect\n|-damage|p2a: Electabuzz|72\/100\n|move|p2a: Electabuzz|Light Screen|p2a: Electabuzz\n|-sidestart|p2: something123|move: Light Screen\n|move|p1b: Electabuzz|Thunderbolt|p2b: Kingambit\n|-activate|p2b: Kingambit|move: Protect\n|\n|upkeep\n|turn|2\n|inactive|something123 has 30 seconds left.\n|inactive|winterbreak has 30 seconds left.\n|inactive|something123 has 20 seconds left.\n|inactive|winterbreak has 20 seconds left.\n|inactive|winterbreak has 15 seconds left.\n|inactive|winterbreak has 10 seconds left.\n|\n|t:|1728451408\n|-terastallize|p2b: Kingambit|Dragon\n|move|p1b: Electabuzz|Follow Me|p1b: Electabuzz\n|-singleturn|p1b: Electabuzz|move: Follow Me\n|move|p1a: Hydreigon|Heat Wave|p2b: Kingambit|[spread] p2b\n|-miss|p1a: Hydreigon|p2a: Electabuzz\n|-resisted|p2b: Kingambit\n|-damage|p2b: Kingambit|88\/100\n|move|p2a: Electabuzz|Electroweb|p1b: Electabuzz|[spread] p1a,p1b\n|-resisted|p1a: Hydreigon\n|-resisted|p1b: Electabuzz\n|-damage|p1a: Hydreigon|92\/100\n|-damage|p1b: Electabuzz|96\/100\n|-unboost|p1a: Hydreigon|spe|1\n|-unboost|p1b: Electabuzz|spe|1\n|move|p2b: Kingambit|Kowtow Cleave|p1b: Electabuzz\n|-damage|p1b: Electabuzz|50\/100\n|-status|p2b: Kingambit|par|[from] ability: Static|[of] p1b: Electabuzz\n|\n|upkeep\n|turn|3\n|inactive|something123 has 30 seconds left.\n|\n|t:|1728451436\n|switch|p1b: Rillaboom|Rillaboom, L50, M|100\/100\n|-fieldstart|move: Grassy Terrain|[from] ability: Grassy Surge|[of] p1b: Rillaboom\n|move|p2a: Electabuzz|Follow Me|p2a: Electabuzz\n|-singleturn|p2a: Electabuzz|move: Follow Me\n|move|p1a: Hydreigon|Heat Wave|p2a: Electabuzz|[spread] p2b\n|-miss|p1a: Hydreigon|p2a: Electabuzz\n|-resisted|p2b: Kingambit\n|-damage|p2b: Kingambit|75\/100 par\n|move|p2b: Kingambit|Iron Head|p1a: Hydreigon\n|-damage|p1a: Hydreigon|32\/100\n|\n|-heal|p2a: Electabuzz|78\/100|[from] Grassy Terrain\n|-heal|p2b: Kingambit|81\/100 par|[from] Grassy Terrain\n|upkeep\n|turn|4\n|\n|t:|1728451457\n|switch|p1a: Electabuzz|Electabuzz, L50, M|50\/100\n|move|p2a: Electabuzz|Protect|p2a: Electabuzz\n|-singleturn|p2a: Electabuzz|Protect\n|move|p1b: Rillaboom|Wood Hammer|p2a: Electabuzz\n|-activate|p2a: Electabuzz|move: Protect\n|move|p2b: Kingambit|Kowtow Cleave|p1b: Rillaboom\n|-damage|p1b: Rillaboom|44\/100\n|\n|-heal|p2a: Electabuzz|84\/100|[from] Grassy Terrain\n|-heal|p1a: Electabuzz|56\/100|[from] Grassy Terrain\n|-heal|p1b: Rillaboom|50\/100|[from] Grassy Terrain\n|-heal|p2b: Kingambit|87\/100 par|[from] Grassy Terrain\n|upkeep\n|turn|5\n|\n|t:|1728451481\n|switch|p1a: Hydreigon|Hydreigon, L50, M, shiny|32\/100\n|move|p2a: Electabuzz|Electroweb|p1a: Hydreigon|[spread] p1a,p1b\n|-resisted|p1a: Hydreigon\n|-resisted|p1b: Rillaboom\n|-damage|p1a: Hydreigon|24\/100\n|-damage|p1b: Rillaboom|45\/100\n|-unboost|p1a: Hydreigon|spe|1\n|-unboost|p1b: Rillaboom|spe|1\n|move|p1b: Rillaboom|Wood Hammer|p2a: Electabuzz\n|-damage|p2a: Electabuzz|13\/100\n|-damage|p1b: Rillaboom|26\/100|[from] Recoil\n|move|p2b: Kingambit|Kowtow Cleave|p1b: Rillaboom\n|-crit|p1b: Rillaboom\n|-damage|p1b: Rillaboom|0 fnt\n|faint|p1b: Rillaboom\n|\n|-heal|p2a: Electabuzz|19\/100|[from] Grassy Terrain\n|-heal|p2b: Kingambit|93\/100 par|[from] Grassy Terrain\n|-sideend|p2: something123|move: Light Screen\n|upkeep\n|\n|t:|1728451497\n|switch|p1b: Gholdengo|Gholdengo, L50|100\/100\n|turn|6\n|\n|t:|1728451515\n|move|p2b: Kingambit|Sucker Punch|p1a: Hydreigon\n|-resisted|p1a: Hydreigon\n|-damage|p1a: Hydreigon|0 fnt\n|faint|p1a: Hydreigon\n|move|p2a: Electabuzz|Light Screen|p2a: Electabuzz\n|-sidestart|p2: something123|move: Light Screen\n|move|p1b: Gholdengo|Nasty Plot|p1b: Gholdengo\n|-boost|p1b: Gholdengo|spa|2\n|\n|-heal|p2a: Electabuzz|25\/100|[from] Grassy Terrain\n|-heal|p2b: Kingambit|99\/100 par|[from] Grassy Terrain\n|upkeep\n|\n|t:|1728451519\n|switch|p1a: Electabuzz|Electabuzz, L50, M|56\/100\n|turn|7\n|\n|t:|1728451537\n|move|p1a: Electabuzz|Protect|p1a: Electabuzz\n|-singleturn|p1a: Electabuzz|Protect\n|move|p2b: Kingambit|Protect|p2b: Kingambit\n|-singleturn|p2b: Kingambit|Protect\n|move|p2a: Electabuzz|Electroweb|p1a: Electabuzz|[spread] p1b\n|-activate|p1a: Electabuzz|move: Protect\n|-damage|p1b: Gholdengo|84\/100\n|-unboost|p1b: Gholdengo|spe|1\n|move|p1b: Gholdengo|Nasty Plot|p1b: Gholdengo\n|-boost|p1b: Gholdengo|spa|2\n|\n|-heal|p2a: Electabuzz|31\/100|[from] Grassy Terrain\n|-heal|p1a: Electabuzz|62\/100|[from] Grassy Terrain\n|-heal|p1b: Gholdengo|90\/100|[from] Grassy Terrain\n|-heal|p2b: Kingambit|100\/100 par|[from] Grassy Terrain\n|-fieldend|move: Grassy Terrain\n|upkeep\n|turn|8\n|\n|t:|1728451561\n|-terastallize|p1b: Gholdengo|Steel\n|move|p1a: Electabuzz|Follow Me|p1a: Electabuzz\n|-singleturn|p1a: Electabuzz|move: Follow Me\n|move|p2a: Electabuzz|Electroweb|p1a: Electabuzz|[spread] p1a,p1b\n|-resisted|p1a: Electabuzz\n|-damage|p1a: Electabuzz|56\/100\n|-damage|p1b: Gholdengo|74\/100\n|-unboost|p1a: Electabuzz|spe|1\n|-unboost|p1b: Gholdengo|spe|1\n|move|p1b: Gholdengo|Make It Rain|p2a: Electabuzz|[spread] p2a,p2b\n|-resisted|p2a: Electabuzz\n|-damage|p2a: Electabuzz|0 fnt\n|-damage|p2b: Kingambit|0 fnt\n|-unboost|p1b: Gholdengo|spa|1\n|faint|p2a: Electabuzz\n|faint|p2b: Kingambit\n|\n|upkeep\n|\n|t:|1728451574\n|switch|p2a: Rillaboom|Rillaboom, L50, F|100\/100\n|switch|p2b: Sneasler|Sneasler, L50, M|100\/100\n|-fieldstart|move: Grassy Terrain|[from] ability: Grassy Surge|[of] p2a: Rillaboom\n|-enditem|p2b: Sneasler|Grassy Seed\n|-boost|p2b: Sneasler|def|1|[from] item: Grassy Seed\n|turn|9\n|\n|t:|1728451585\n|move|p1a: Electabuzz|Protect|p1a: Electabuzz\n|-singleturn|p1a: Electabuzz|Protect\n|move|p1b: Gholdengo|Protect|p1b: Gholdengo\n|-singleturn|p1b: Gholdengo|Protect\n|move|p2a: Rillaboom|Fake Out|p1b: Gholdengo\n|-activate|p1b: Gholdengo|move: Protect\n|move|p2b: Sneasler|Swords Dance|p2b: Sneasler\n|-boost|p2b: Sneasler|atk|2\n|\n|-heal|p1a: Electabuzz|62\/100|[from] Grassy Terrain\n|-heal|p1b: Gholdengo|80\/100|[from] Grassy Terrain\n|upkeep\n|turn|10\n|\n|t:|1728451605\n|move|p2b: Sneasler|Protect|p2b: Sneasler\n|-singleturn|p2b: Sneasler|Protect\n|move|p1a: Electabuzz|Follow Me|p1a: Electabuzz\n|-singleturn|p1a: Electabuzz|move: Follow Me\n|move|p2a: Rillaboom|Wood Hammer|p1a: Electabuzz\n|-damage|p1a: Electabuzz|0 fnt\n|faint|p1a: Electabuzz\n|-damage|p2a: Rillaboom|84\/100|[from] Recoil\n|move|p1b: Gholdengo|Make It Rain|p2a: Rillaboom|[spread] p2a\n|-activate|p2b: Sneasler|move: Protect\n|-damage|p2a: Rillaboom|12\/100\n|-unboost|p1b: Gholdengo|spa|1\n|\n|-heal|p2a: Rillaboom|18\/100|[from] Grassy Terrain\n|-heal|p1b: Gholdengo|86\/100|[from] Grassy Terrain\n|-sideend|p2: something123|move: Light Screen\n|upkeep\n|turn|11\n|\n|t:|1728451618\n|move|p2b: Sneasler|Close Combat|p1b: Gholdengo\n|-supereffective|p1b: Gholdengo\n|-damage|p1b: Gholdengo|0 fnt\n|-unboost|p2b: Sneasler|def|1\n|-unboost|p2b: Sneasler|spd|1\n|faint|p1b: Gholdengo\n|\n|win|something123\n|raw|winterbreak's rating: 1898 &rarr; <strong>1876<\/strong><br \/>(-22 for losing)\n|raw|something123's rating: 1855 &rarr; <strong>1877<\/strong><br \/>(+22 for winning)\n|l|\u2606winterbreak\n|player|p1|\n|l|\u2606something123\n|player|p2|\n|j| Tian15\n","uploadtime":1728451791,"views":733,"formatid":"gen9vgc2024regh","rating":1876,"private":0,"password":null}