{"id":"gen9vgc2024regh-2219127292","format":"[Gen 9] VGC 2024 Reg H","players":["grade a type b","Geodude3138"],"log":"|j|\u2606grade a type b\n|j|\u2606Geodude3138\n|t:|1728461263\n|gametype|doubles\n|player|p1|grade a type b|waiter-gen4dp|1665\n|player|p2|Geodude3138|psychicf|1712\n|teamsize|p1|6\n|teamsize|p2|6\n|gen|9\n|tier|[Gen 9] VGC 2024 Reg H\n|rated|\n|rule|Species Clause: Limit one of each Pok\u00e9mon\n|rule|Item Clause: Limit 1 of each item\n|clearpoke\n|poke|p1|Ursaluna-Bloodmoon, L50, M|\n|poke|p1|Primarina, L50, F|\n|poke|p1|Gholdengo, L50|\n|poke|p1|Dragonite, L50, M|\n|poke|p1|Whimsicott, L50, F|\n|poke|p1|Malamar, L50, F|\n|poke|p2|Sneasler, L50, F|\n|poke|p2|Gholdengo, L50|\n|poke|p2|Dragapult, L50, M|\n|poke|p2|Rillaboom, L50, F|\n|poke|p2|Kingambit, L50, M|\n|poke|p2|Incineroar, L50, F|\n|teampreview|4\n|inactive|Battle timer is ON: inactive players will automatically lose when time's up. (requested by grade a type b)\n|inactive|Geodude3138 has 60 seconds left.\n|\n|t:|1728461311\n|start\n|switch|p1a: LETS GO GAMBLING|Malamar, L50, F|100\/100\n|switch|p1b: KAMALA IS PIG|Whimsicott, L50, F|100\/100\n|switch|p2a: Sneasler|Sneasler, L50, F|100\/100\n|switch|p2b: Kingambit|Kingambit, L50, M|100\/100\n|turn|1\n|inactive|Geodude3138 has 30 seconds left.\n|\n|t:|1728461336\n|move|p2a: Sneasler|Fake Out|p1a: LETS GO GAMBLING\n|-damage|p1a: LETS GO GAMBLING|83\/100\n|-status|p1a: LETS GO GAMBLING|psn|[from] ability: Poison Touch|[of] p2a: Sneasler\n|move|p1b: KAMALA IS PIG|Tailwind|p1b: KAMALA IS PIG\n|-sidestart|p1: grade a type b|move: Tailwind\n|cant|p1a: LETS GO GAMBLING|flinch\n|move|p2b: Kingambit|Iron Head|p1b: KAMALA IS PIG\n|-supereffective|p1b: KAMALA IS PIG\n|-damage|p1b: KAMALA IS PIG|0 fnt\n|faint|p1b: KAMALA IS PIG\n|\n|-damage|p1a: LETS GO GAMBLING|70\/100 psn|[from] psn\n|upkeep\n|\n|t:|1728461342\n|switch|p1b: ELON'S PROTECTOR|Dragonite, L50, M, shiny|100\/100\n|turn|2\n|inactive|Geodude3138 has 30 seconds left.\n|\n|t:|1728461370\n|switch|p2a: Rillaboom|Rillaboom, L50, F|100\/100\n|-fieldstart|move: Grassy Terrain|[from] ability: Grassy Surge|[of] p2a: Rillaboom\n|-terastallize|p1b: ELON'S PROTECTOR|Flying\n|move|p2b: Kingambit|Protect|p2b: Kingambit\n|-singleturn|p2b: Kingambit|Protect\n|move|p1b: ELON'S PROTECTOR|Tera Blast|p2a: Rillaboom|[anim] Tera Blast Flying\n|-supereffective|p2a: Rillaboom\n|-damage|p2a: Rillaboom|0 fnt\n|faint|p2a: Rillaboom\n|move|p1a: LETS GO GAMBLING|Superpower|p2b: Kingambit\n|-activate|p2b: Kingambit|move: Protect\n|\n|-heal|p1a: LETS GO GAMBLING|77\/100 psn|[from] Grassy Terrain\n|-damage|p1a: LETS GO GAMBLING|64\/100 psn|[from] psn\n|upkeep\n|\n|t:|1728461389\n|switch|p2a: Sneasler|Sneasler, L50, F|100\/100\n|turn|3\n|\n|t:|1728461407\n|-terastallize|p2b: Kingambit|Dark\n|move|p2a: Sneasler|Fake Out|p1b: ELON'S PROTECTOR\n|-damage|p1b: ELON'S PROTECTOR|93\/100\n|move|p2b: Kingambit|Sucker Punch|p1a: LETS GO GAMBLING\n|-damage|p1a: LETS GO GAMBLING|0 fnt\n|faint|p1a: LETS GO GAMBLING\n|cant|p1b: ELON'S PROTECTOR|flinch\n|\n|upkeep\n|\n|t:|1728461412\n|switch|p1a: SHDWN CENSORSHIP|Ursaluna-Bloodmoon, L50, M|100\/100\n|turn|4\n|\n|t:|1728461418\n|move|p2a: Sneasler|Protect|p2a: Sneasler\n|-singleturn|p2a: Sneasler|Protect\n|move|p2b: Kingambit|Protect|p2b: Kingambit\n|-singleturn|p2b: Kingambit|Protect\n|move|p1b: ELON'S PROTECTOR|Extreme Speed|p2a: Sneasler\n|-activate|p2a: Sneasler|move: Protect\n|move|p1a: SHDWN CENSORSHIP|Earth Power|p2a: Sneasler\n|-activate|p2a: Sneasler|move: Protect\n|\n|-sideend|p1: grade a type b|move: Tailwind\n|upkeep\n|turn|5\n|inactive|Geodude3138 has 30 seconds left.\n|\n|t:|1728461446\n|move|p1a: SHDWN CENSORSHIP|Protect|p1a: SHDWN CENSORSHIP\n|-singleturn|p1a: SHDWN CENSORSHIP|Protect\n|move|p2b: Kingambit|Sucker Punch||[still]\n|-fail|p2b: Kingambit\n|move|p2a: Sneasler|Close Combat|p1a: SHDWN CENSORSHIP\n|-activate|p1a: SHDWN CENSORSHIP|move: Protect\n|move|p1b: ELON'S PROTECTOR|Tera Blast|p2a: Sneasler|[anim] Tera Blast Flying\n|-supereffective|p2a: Sneasler\n|-enditem|p2a: Sneasler|Focus Sash\n|-damage|p2a: Sneasler|1\/100\n|\n|-heal|p2a: Sneasler|7\/100|[from] Grassy Terrain\n|upkeep\n|turn|6\n|inactive|Geodude3138 has 30 seconds left.\n|\n|t:|1728461473\n|move|p1b: ELON'S PROTECTOR|Extreme Speed|p2a: Sneasler\n|-damage|p2a: Sneasler|0 fnt\n|faint|p2a: Sneasler\n|move|p1a: SHDWN CENSORSHIP|Blood Moon|p2b: Kingambit\n|-damage|p2b: Kingambit|0 fnt\n|faint|p2b: Kingambit\n|-damage|p1a: SHDWN CENSORSHIP|91\/100|[from] item: Life Orb\n|\n|-heal|p1a: SHDWN CENSORSHIP|97\/100|[from] Grassy Terrain\n|-fieldend|move: Grassy Terrain\n|upkeep\n|\n|t:|1728461485\n|switch|p2b: Gholdengo|Gholdengo, L50|100\/100\n|turn|7\n|\n|t:|1728461494\n|move|p1a: SHDWN CENSORSHIP|Protect|p1a: SHDWN CENSORSHIP\n|-singleturn|p1a: SHDWN CENSORSHIP|Protect\n|move|p2b: Gholdengo|Make It Rain|p1a: SHDWN CENSORSHIP|[spread] p1b\n|-activate|p1a: SHDWN CENSORSHIP|move: Protect\n|-damage|p1b: ELON'S PROTECTOR|61\/100\n|-unboost|p2b: Gholdengo|spa|1\n|move|p1b: ELON'S PROTECTOR|Tera Blast|p2b: Gholdengo|[anim] Tera Blast Flying\n|-resisted|p2b: Gholdengo\n|-damage|p2b: Gholdengo|67\/100\n|\n|upkeep\n|turn|8\n|-message|Geodude3138 forfeited.\n|\n|win|grade a type b\n|raw|grade a type b's rating: 1665 &rarr; <strong>1688<\/strong><br \/>(+23 for winning)\n|raw|Geodude3138's rating: 1712 &rarr; <strong>1689<\/strong><br \/>(-23 for losing)\n|l|\u2606Geodude3138\n|player|p2|\n|l|\u2606grade a type b\n|player|p1|\n","uploadtime":1728461662,"views":18,"formatid":"gen9vgc2024regh","rating":1688,"private":0,"password":null}