{"id":"gen9vgc2024regh-2219423239","format":"[Gen 9] VGC 2024 Reg H","players":["bieiup","moon7777alt2"],"log":"|j|\u2606bieiup\n|j|\u2606moon7777alt2\n|t:|1728494208\n|gametype|doubles\n|player|p1|bieiup|lillie-z|1733\n|player|p2|moon7777alt2|1|1786\n|teamsize|p1|6\n|teamsize|p2|6\n|gen|9\n|tier|[Gen 9] VGC 2024 Reg H\n|rated|\n|rule|Species Clause: Limit one of each Pok\u00e9mon\n|rule|Item Clause: Limit 1 of each item\n|clearpoke\n|poke|p1|Sableye, L50, M|\n|poke|p1|Dondozo, L50, F|\n|poke|p1|Sylveon, L50, M|\n|poke|p1|Dragonite, L50, M|\n|poke|p1|Gholdengo, L50|\n|poke|p1|Ursaluna-Bloodmoon, L50, M|\n|poke|p2|Incineroar, L50, F|\n|poke|p2|Pelipper, L50, M|\n|poke|p2|Basculegion, L50, M|\n|poke|p2|Amoonguss, L50, M|\n|poke|p2|Maushold-Four, L50|\n|poke|p2|Archaludon, L50, F|\n|teampreview|4\n|inactive|Battle timer is ON: inactive players will automatically lose when time's up. (requested by bieiup)\n|j| wayneofpayne\n|\n|t:|1728494241\n|start\n|switch|p1a: Sableye|Sableye, L50, M|100\/100\n|switch|p1b: Sylveon|Sylveon, L50, M|100\/100\n|switch|p2a: Pelipper|Pelipper, L50, M|100\/100\n|switch|p2b: Archaludon|Archaludon, L50, F|100\/100\n|-weather|RainDance|[from] ability: Drizzle|[of] p2a: Pelipper\n|turn|1\n|\n|t:|1728494254\n|move|p1a: Sableye|Fake Out|p2b: Archaludon\n|-resisted|p2b: Archaludon\n|-damage|p2b: Archaludon|97\/100\n|-ability|p2b: Archaludon|Stamina|boost\n|-boost|p2b: Archaludon|def|1\n|move|p2a: Pelipper|Weather Ball|p1b: Sylveon\n|-damage|p1b: Sylveon|51\/100\n|cant|p2b: Archaludon|flinch\n|move|p1b: Sylveon|Hyper Voice|p2b: Archaludon|[spread] p2a,p2b\n|-damage|p2a: Pelipper|35\/100\n|-damage|p2b: Archaludon|68\/100\n|-ability|p2b: Archaludon|Stamina|boost\n|-boost|p2b: Archaludon|def|1\n|-enditem|p1b: Sylveon|Throat Spray\n|-boost|p1b: Sylveon|spa|1|[from] item: Throat Spray\n|\n|-weather|RainDance|[upkeep]\n|upkeep\n|turn|2\n|inactive|moon7777alt2 has 30 seconds left.\n|\n|t:|1728494280\n|move|p1a: Sableye|Encore|p1b: Sylveon\n|-start|p1b: Sylveon|Encore\n|move|p1b: Sylveon|Hyper Voice|p2a: Pelipper|[spread] p2a,p2b\n|-damage|p2a: Pelipper|0 fnt\n|-damage|p2b: Archaludon|28\/100\n|-ability|p2b: Archaludon|Stamina|boost\n|-boost|p2b: Archaludon|def|1\n|faint|p2a: Pelipper\n|move|p2b: Archaludon|Electro Shot||[still]\n|-prepare|p2b: Archaludon|Electro Shot\n|-boost|p2b: Archaludon|spa|1\n|-anim|p2b: Archaludon|Electro Shot|p1b: Sylveon\n|-damage|p1b: Sylveon|9\/100\n|\n|-weather|RainDance|[upkeep]\n|upkeep\n|\n|t:|1728494293\n|switch|p2a: Basculegion|Basculegion, L50, M|100\/100\n|turn|3\n|\n|t:|1728494305\n|move|p2a: Basculegion|Aqua Jet|p1b: Sylveon\n|-damage|p1b: Sylveon|0 fnt\n|faint|p1b: Sylveon\n|move|p1a: Sableye|Will-O-Wisp|p2a: Basculegion|[miss]\n|-miss|p1a: Sableye|p2a: Basculegion\n|move|p2b: Archaludon|Electro Shot||[still]\n|-prepare|p2b: Archaludon|Electro Shot\n|-boost|p2b: Archaludon|spa|1\n|-anim|p2b: Archaludon|Electro Shot|p1a: Sableye\n|-enditem|p1a: Sableye|Focus Sash\n|-damage|p1a: Sableye|1\/100\n|\n|-weather|RainDance|[upkeep]\n|upkeep\n|l| wayneofpayne\n|\n|t:|1728494313\n|switch|p1b: Gholdengo|Gholdengo, L50|100\/100\n|turn|4\n|\n|t:|1728494336\n|switch|p2b: Amoonguss|Amoonguss, L50, M|100\/100\n|-terastallize|p1b: Gholdengo|Ground\n|move|p2a: Basculegion|Protect|p2a: Basculegion\n|-singleturn|p2a: Basculegion|Protect\n|move|p1a: Sableye|Will-O-Wisp|p2a: Basculegion\n|-activate|p2a: Basculegion|move: Protect\n|move|p1b: Gholdengo|Tera Blast|p2b: Amoonguss|[anim] Tera Blast Ground\n|-damage|p2b: Amoonguss|67\/100\n|\n|-weather|RainDance|[upkeep]\n|upkeep\n|turn|5\n|\n|t:|1728494357\n|switch|p1b: Dondozo|Dondozo, L50, F|100\/100\n|move|p2b: Amoonguss|Rage Powder|p2b: Amoonguss\n|-singleturn|p2b: Amoonguss|move: Rage Powder\n|move|p2a: Basculegion|Aqua Jet|p1a: Sableye\n|-damage|p1a: Sableye|0 fnt\n|faint|p1a: Sableye\n|\n|-weather|none\n|upkeep\n|\n|t:|1728494361\n|switch|p1a: Gholdengo|Gholdengo, L50, tera:Ground|100\/100\n|turn|6\n|\n|t:|1728494378\n|move|p1a: Gholdengo|Shadow Ball|p2a: Basculegion\n|-supereffective|p2a: Basculegion\n|-damage|p2a: Basculegion|0 fnt\n|faint|p2a: Basculegion\n|move|p1b: Dondozo|Fissure|p2b: Amoonguss|[miss]\n|-miss|p1b: Dondozo|p2b: Amoonguss\n|move|p2b: Amoonguss|Spore|p1b: Dondozo\n|-status|p1b: Dondozo|slp|[from] move: Spore\n|-enditem|p1b: Dondozo|Chesto Berry|[eat]\n|-curestatus|p1b: Dondozo|slp|[msg]\n|\n|upkeep\n|c|\u2606moon7777alt2|oh i goofed\n|c|\u2606moon7777alt2|gg\n|-message|moon7777alt2 forfeited.\n|\n|win|bieiup\n|raw|bieiup's rating: 1733 &rarr; <strong>1756<\/strong><br \/>(+23 for winning)\n|raw|moon7777alt2's rating: 1786 &rarr; <strong>1763<\/strong><br \/>(-23 for losing)\n|l|\u2606moon7777alt2\n|player|p2|\n|l|\u2606bieiup\n|player|p1|\n","uploadtime":1728494567,"views":34,"formatid":"gen9vgc2024regh","rating":1756,"private":0,"password":null}