{"id":"gen9vgc2024regh-2219704410","format":"[Gen 9] VGC 2024 Reg H","players":["fgc irongod","Sage Kuzan"],"log":"|j|\u2606fgc irongod\n|j|\u2606Sage Kuzan\n|t:|1728522973\n|gametype|doubles\n|player|p1|fgc irongod|cynthia-gen4|1651\n|player|p2|Sage Kuzan|ingo|1719\n|teamsize|p1|6\n|teamsize|p2|6\n|gen|9\n|tier|[Gen 9] VGC 2024 Reg H\n|rated|\n|rule|Species Clause: Limit one of each Pok\u00e9mon\n|rule|Item Clause: Limit 1 of each item\n|clearpoke\n|poke|p1|Porygon2, L50|\n|poke|p1|Vikavolt, L50, M|\n|poke|p1|Ursaluna, L50, F|\n|poke|p1|Abomasnow, L50, M|\n|poke|p1|Incineroar, L50, F|\n|poke|p1|Primarina, L50, F|\n|poke|p2|Grimmsnarl, L50, M|\n|poke|p2|Annihilape, L50, F|\n|poke|p2|Maushold, L50|\n|poke|p2|Pelipper, L50, F|\n|poke|p2|Archaludon, L50, F|\n|poke|p2|Sinistcha, L50|\n|teampreview|4\nSage Kuzan has agreed to open team sheets.\n|inactive|Battle timer is ON: inactive players will automatically lose when time's up. (requested by Sage Kuzan)\n|\n|t:|1728522984\n|start\n|switch|p1a: Porygon2|Porygon2, L50|100\/100\n|switch|p1b: Incineroar|Incineroar, L50, F|100\/100\n|switch|p2a: Grimmsnarl|Grimmsnarl, L50, M|100\/100\n|switch|p2b: Pelipper|Pelipper, L50, F|100\/100\n|-ability|p1b: Incineroar|Intimidate|boost\n|-unboost|p2a: Grimmsnarl|atk|1\n|-unboost|p2b: Pelipper|atk|1\n|-weather|RainDance|[from] ability: Drizzle|[of] p2b: Pelipper\n|-ability|p1a: Porygon2|Download|boost\n|-boost|p1a: Porygon2|spa|1\n|turn|1\n|j| The_Beast1440\n|\n|t:|1728523004\n|switch|p2b: Archaludon|Archaludon, L50, F|100\/100\n|move|p2a: Grimmsnarl|Light Screen|p2a: Grimmsnarl\n|-sidestart|p2: Sage Kuzan|move: Light Screen\n|move|p1b: Incineroar|U-turn|p2b: Archaludon\n|-resisted|p2b: Archaludon\n|-damage|p2b: Archaludon|94\/100\n|-ability|p2b: Archaludon|Stamina|boost\n|-boost|p2b: Archaludon|def|1\n|j| Therazer456\n|\n|t:|1728523012\n|switch|p1b: Ursaluna|Ursaluna, L50, F|100\/100|[from] U-turn\n|move|p1a: Porygon2|Trick Room|p1a: Porygon2\n|-fieldstart|move: Trick Room|[of] p1a: Porygon2\n|\n|-weather|RainDance|[upkeep]\n|-status|p1b: Ursaluna|brn|[from] item: Flame Orb\n|upkeep\n|turn|2\n|inactive|Sage Kuzan has 30 seconds left.\n|\n|t:|1728523039\n|switch|p1a: Vikavolt|Vikavolt, L50, M|100\/100\n|move|p2a: Grimmsnarl|Reflect|p2a: Grimmsnarl\n|-sidestart|p2: Sage Kuzan|Reflect\n|move|p1b: Ursaluna|Earthquake|p2a: Grimmsnarl|[spread] p2a,p2b\n|-immune|p1a: Vikavolt|[from] ability: Levitate\n|-supereffective|p2b: Archaludon\n|-damage|p2a: Grimmsnarl|51\/100\n|-damage|p2b: Archaludon|51\/100\n|-ability|p2b: Archaludon|Stamina|boost\n|-boost|p2b: Archaludon|def|1\n|move|p2b: Archaludon|Snarl|p1a: Vikavolt|[spread] p1a,p1b\n|-damage|p1a: Vikavolt|84\/100\n|-damage|p1b: Ursaluna|89\/100 brn\n|-unboost|p1a: Vikavolt|spa|1\n|-unboost|p1b: Ursaluna|spa|1\n|\n|-weather|RainDance|[upkeep]\n|-damage|p1b: Ursaluna|84\/100 brn|[from] brn\n|upkeep\n|turn|3\n|\n|t:|1728523063\n|switch|p2a: Sinistcha|Sinistcha, L50|100\/100\n|-heal|p2b: Archaludon|76\/100|[from] ability: Hospitality|[of] p2a: Sinistcha\n|-terastallize|p2b: Archaludon|Grass\n|move|p1a: Vikavolt|Bug Buzz|p2b: Archaludon\n|-supereffective|p2b: Archaludon\n|-damage|p2b: Archaludon|35\/100\n|-ability|p2b: Archaludon|Stamina|boost\n|-boost|p2b: Archaludon|def|1\n|-damage|p1a: Vikavolt|74\/100|[from] item: Life Orb\n|move|p1b: Ursaluna|Earthquake|p2b: Archaludon|[spread] p2a,p2b\n|-immune|p1a: Vikavolt|[from] ability: Levitate\n|-resisted|p2a: Sinistcha\n|-crit|p2a: Sinistcha\n|-resisted|p2b: Archaludon\n|-damage|p2a: Sinistcha|56\/100\n|-damage|p2b: Archaludon|28\/100\n|-ability|p2b: Archaludon|Stamina|boost\n|-boost|p2b: Archaludon|def|1\n|move|p2b: Archaludon|Snarl|p1a: Vikavolt|[spread] p1a,p1b\n|-damage|p1a: Vikavolt|59\/100\n|-damage|p1b: Ursaluna|72\/100 brn\n|-unboost|p1a: Vikavolt|spa|1\n|-unboost|p1b: Ursaluna|spa|1\n|\n|-weather|RainDance|[upkeep]\n|-damage|p1b: Ursaluna|67\/100 brn|[from] brn\n|upkeep\n|turn|4\n|inactive|fgc irongod has 30 seconds left.\n|inactive|Sage Kuzan has 30 seconds left.\n|inactive|Sage Kuzan has 20 seconds left.\n|\n|t:|1728523099\n|switch|p1b: Porygon2|Porygon2, L50|100\/100\n|-ability|p1b: Porygon2|Download|boost\n|-boost|p1b: Porygon2|spa|1\n|switch|p2b: Pelipper|Pelipper, L50, F|100\/100\n|move|p1a: Vikavolt|Bug Buzz|p2b: Pelipper\n|-resisted|p2b: Pelipper\n|-damage|p2b: Pelipper|79\/100\n|-damage|p1a: Vikavolt|50\/100|[from] item: Life Orb\n|move|p2a: Sinistcha|Strength Sap|p1b: Porygon2\n|-unboost|p1b: Porygon2|atk|1\n|-heal|p2a: Sinistcha|100\/100\n|\n|-weather|RainDance|[upkeep]\n|upkeep\n|turn|5\n|inactive|Sage Kuzan has 30 seconds left.\n|\n|t:|1728523132\n|move|p2b: Pelipper|Protect|p2b: Pelipper\n|-singleturn|p2b: Pelipper|Protect\n|move|p1a: Vikavolt|Discharge|p2b: Pelipper|[spread] p1b,p2a\n|-activate|p2b: Pelipper|move: Protect\n|-resisted|p2a: Sinistcha\n|-damage|p1b: Porygon2|85\/100\n|-damage|p2a: Sinistcha|93\/100\n|-damage|p1a: Vikavolt|40\/100|[from] item: Life Orb\n|move|p1b: Porygon2|Tera Blast|p2b: Pelipper\n|-activate|p2b: Pelipper|move: Protect\n|move|p2a: Sinistcha|Life Dew|p2a: Sinistcha|[spread] p2a,p2b\n|-heal|p2a: Sinistcha|100\/100\n|-heal|p2b: Pelipper|100\/100\n|\n|-weather|none\n|-fieldend|move: Trick Room\n|upkeep\n|turn|6\n|j| Darkvoidrage\n|j| vvvvi\n|l| Darkvoidrage\n|inactive|Sage Kuzan has 30 seconds left.\n|\n|t:|1728523159\n|switch|p2b: Archaludon|Archaludon, L50, F, tera:Grass|28\/100\n|switch|p1a: Incineroar|Incineroar, L50, F|100\/100\n|-ability|p1a: Incineroar|Intimidate|boost\n|-unboost|p2a: Sinistcha|atk|1\n|-unboost|p2b: Archaludon|atk|1\n|move|p2a: Sinistcha|Life Dew||[still]|[spread] p2a,p2b\n|-fail|p2a: Sinistcha|heal\n|-heal|p2b: Archaludon|53\/100\n|move|p1b: Porygon2|Trick Room|p1b: Porygon2\n|-fieldstart|move: Trick Room|[of] p1b: Porygon2\n|\n|upkeep\n|turn|7\n|inactive|Sage Kuzan has 30 seconds left.\n|\n|t:|1728523192\n|switch|p2b: Pelipper|Pelipper, L50, F|100\/100\n|-weather|RainDance|[from] ability: Drizzle|[of] p2b: Pelipper\n|-terastallize|p1b: Porygon2|Poison\n|move|p1b: Porygon2|Tera Blast|p2b: Pelipper|[anim] Tera Blast Poison\n|-damage|p2b: Pelipper|50\/100\n|move|p2a: Sinistcha|Matcha Gotcha|p1b: Porygon2|[spread] p1a,p1b\n|-resisted|p1a: Incineroar\n|-resisted|p1b: Porygon2\n|-damage|p1a: Incineroar|92\/100\n|-damage|p1b: Porygon2|79\/100\n|move|p1a: Incineroar|U-turn|p2b: Pelipper\n|-resisted|p2b: Pelipper\n|-damage|p2b: Pelipper|42\/100\n|\n|t:|1728523205\n|switch|p1a: Vikavolt|Vikavolt, L50, M|40\/100|[from] U-turn\n|\n|-weather|RainDance|[upkeep]\n|upkeep\n|turn|8\n|inactive|Sage Kuzan has 30 seconds left.\n|inactive|Sage Kuzan has 20 seconds left.\n|\n|t:|1728523242\n|switch|p2b: Archaludon|Archaludon, L50, F, tera:Grass|53\/100\n|move|p1a: Vikavolt|Discharge|p2a: Sinistcha|[spread] p1b,p2a,p2b\n|-resisted|p2a: Sinistcha\n|-resisted|p2b: Archaludon\n|-damage|p1b: Porygon2|52\/100\n|-damage|p2a: Sinistcha|87\/100\n|-damage|p2b: Archaludon|42\/100\n|-status|p1b: Porygon2|par\n|-ability|p2b: Archaludon|Stamina|boost\n|-boost|p2b: Archaludon|def|1\n|-damage|p1a: Vikavolt|31\/100|[from] item: Life Orb\n|cant|p1b: Porygon2|par\n|move|p2a: Sinistcha|Trick Room|p2a: Sinistcha\n|-fieldend|move: Trick Room\n|\n|-weather|RainDance|[upkeep]\n|-sideend|p2: Sage Kuzan|move: Light Screen\n|upkeep\n|turn|9\n|\n|t:|1728523263\n|move|p2b: Archaludon|Body Press|p1a: Vikavolt\n|-resisted|p1a: Vikavolt\n|-damage|p1a: Vikavolt|11\/100\n|move|p2a: Sinistcha|Life Dew|p2a: Sinistcha|[spread] p2a,p2b\n|-heal|p2a: Sinistcha|100\/100\n|-heal|p2b: Archaludon|67\/100\n|move|p1a: Vikavolt|Bug Buzz|p2b: Archaludon\n|-supereffective|p2b: Archaludon\n|-damage|p2b: Archaludon|0 fnt\n|faint|p2b: Archaludon\n|-damage|p1a: Vikavolt|2\/100|[from] item: Life Orb\n|move|p1b: Porygon2|Trick Room|p1b: Porygon2\n|-fieldstart|move: Trick Room|[of] p1b: Porygon2\n|\n|-weather|RainDance|[upkeep]\n|-sideend|p2: Sage Kuzan|Reflect\n|upkeep\n|inactive|Sage Kuzan has 30 seconds left.\n|inactive|Sage Kuzan has 20 seconds left.\n|\n|t:|1728523300\n|switch|p2b: Grimmsnarl|Grimmsnarl, L50, M|51\/100\n|turn|10\n|\n|t:|1728523311\n|switch|p1a: Incineroar|Incineroar, L50, F|92\/100\n|-ability|p1a: Incineroar|Intimidate|boost\n|-unboost|p2a: Sinistcha|atk|1\n|-unboost|p2b: Grimmsnarl|atk|1\n|move|p1b: Porygon2|Recover|p1b: Porygon2\n|-heal|p1b: Porygon2|100\/100 par\n|move|p2b: Grimmsnarl|Spirit Break|p1a: Incineroar\n|-damage|p1a: Incineroar|74\/100\n|-unboost|p1a: Incineroar|spa|1\n|move|p2a: Sinistcha|Trick Room|p2a: Sinistcha\n|-fieldend|move: Trick Room\n|\n|-weather|RainDance|[upkeep]\n|upkeep\n|turn|11\n|inactive|fgc irongod has 30 seconds left.\n|inactive|Sage Kuzan has 30 seconds left.\n|inactive|Sage Kuzan has 20 seconds left.\n|inactive|Sage Kuzan has 15 seconds left.\n|inactive|Sage Kuzan has 10 seconds left.\n|inactive|Sage Kuzan has 5 seconds left.\n|\n|t:|1728523366\n|move|p2b: Grimmsnarl|Reflect|p2b: Grimmsnarl\n|-sidestart|p2: Sage Kuzan|Reflect\n|move|p1a: Incineroar|Throat Chop|p2a: Sinistcha\n|-supereffective|p2a: Sinistcha\n|-damage|p2a: Sinistcha|62\/100\n|-start|p2a: Sinistcha|Throat Chop|[silent]\n|move|p2a: Sinistcha|Life Dew|p2a: Sinistcha|[spread] p2a,p2b\n|-heal|p2a: Sinistcha|88\/100\n|-heal|p2b: Grimmsnarl|76\/100\n|move|p1b: Porygon2|Tera Blast|p2b: Grimmsnarl|[anim] Tera Blast Poison\n|-supereffective|p2b: Grimmsnarl\n|-damage|p2b: Grimmsnarl|0 fnt\n|faint|p2b: Grimmsnarl\n|\n|-weather|none\n|upkeep\n|\n|t:|1728523372\n|switch|p2b: Pelipper|Pelipper, L50, F|42\/100\n|-weather|RainDance|[from] ability: Drizzle|[of] p2b: Pelipper\n|turn|12\n|inactive|fgc irongod has 30 seconds left.\n|\n|t:|1728523397\n|move|p1a: Incineroar|Throat Chop|p2b: Pelipper\n|-damage|p2b: Pelipper|14\/100\n|-start|p2b: Pelipper|Throat Chop|[silent]\n|move|p2b: Pelipper|Hurricane|p1b: Porygon2\n|-damage|p1b: Porygon2|66\/100 par\n|-damage|p2b: Pelipper|4\/100|[from] item: Life Orb\n|move|p2a: Sinistcha|Matcha Gotcha|p1b: Porygon2|[spread] p1a,p1b\n|-resisted|p1a: Incineroar\n|-resisted|p1b: Porygon2\n|-damage|p1a: Incineroar|66\/100\n|-heal|p2a: Sinistcha|92\/100|[from] drain|[of] p1a: Incineroar\n|-damage|p1b: Porygon2|60\/100 par\n|-heal|p2a: Sinistcha|95\/100|[from] drain|[of] p1b: Porygon2\n|move|p1b: Porygon2|Tera Blast|p2b: Pelipper|[anim] Tera Blast Poison\n|-damage|p2b: Pelipper|0 fnt\n|faint|p2b: Pelipper\n|\n|-weather|RainDance|[upkeep]\n|-end|p2a: Sinistcha|Throat Chop|[silent]\n|upkeep\n|turn|13\n|l| vvvvi\n|inactive|Sage Kuzan has 30 seconds left.\n|inactive|Sage Kuzan has 20 seconds left.\n|inactive|Sage Kuzan has 15 seconds left.\n|-message|Sage Kuzan forfeited.\n|\n|win|fgc irongod\n|raw|fgc irongod's rating: 1651 &rarr; <strong>1675<\/strong><br \/>(+24 for winning)\n|raw|Sage Kuzan's rating: 1719 &rarr; <strong>1695<\/strong><br \/>(-24 for losing)\n|l|\u2606Sage Kuzan\n|player|p2|\n|l| The_Beast1440\n|l|\u2606fgc irongod\n|player|p1|\n","uploadtime":1728523684,"views":16,"formatid":"gen9vgc2024regh","rating":1675,"private":0,"password":null}