{"id":"gen9vgc2024regh-2219623038","format":"[Gen 9] VGC 2024 Reg H","players":["googer315","tatch_9"],"log":"|j|\u2606googer315\n|j|\u2606tatch_9\n|t:|1728513207\n|gametype|doubles\n|player|p1|googer315|1|1730\n|player|p2|tatch_9|169|1740\n|teamsize|p1|6\n|teamsize|p2|6\n|gen|9\n|tier|[Gen 9] VGC 2024 Reg H\n|rated|\n|rule|Species Clause: Limit one of each Pok\u00e9mon\n|rule|Item Clause: Limit 1 of each item\n|clearpoke\n|poke|p1|Dondozo, L50, F|\n|poke|p1|Tatsugiri, L50, F|\n|poke|p1|Glimmora, L50, F|\n|poke|p1|Maushold, L50|\n|poke|p1|Annihilape, L50, F|\n|poke|p1|Gholdengo, L50|\n|poke|p2|Volcarona, L50, F|\n|poke|p2|Indeedee, L50, M|\n|poke|p2|Sneasler, L50, M|\n|poke|p2|Tatsugiri, L50, M|\n|poke|p2|Dondozo, L50, M|\n|poke|p2|Glimmora, L50, M|\n|teampreview|4\n|inactive|Battle timer is ON: inactive players will automatically lose when time's up. (requested by tatch_9)\n|\n|t:|1728513228\n|start\n|switch|p1a: Gholdengo|Gholdengo, L50|100\/100\n|switch|p1b: Glimmora|Glimmora, L50, F|100\/100\n|switch|p2a: Indeedee|Indeedee, L50, M|100\/100\n|switch|p2b: Sneasler|Sneasler, L50, M|100\/100\n|-fieldstart|move: Psychic Terrain|[from] ability: Psychic Surge|[of] p2a: Indeedee\n|-enditem|p2b: Sneasler|Psychic Seed\n|-boost|p2b: Sneasler|spd|1|[from] item: Psychic Seed\n|turn|1\n|\n|t:|1728513247\n|move|p2b: Sneasler|Throat Chop|p1a: Gholdengo\n|-supereffective|p1a: Gholdengo\n|-damage|p1a: Gholdengo|38\/100\n|-start|p1a: Gholdengo|Throat Chop|[silent]\n|move|p2a: Indeedee|Expanding Force|p1a: Gholdengo|[spread] p1a,p1b\n|-resisted|p1a: Gholdengo\n|-crit|p1a: Gholdengo\n|-supereffective|p1b: Glimmora\n|-damage|p1a: Gholdengo|0 fnt\n|-enditem|p1b: Glimmora|Focus Sash\n|-damage|p1b: Glimmora|1\/100\n|faint|p1a: Gholdengo\n|move|p1b: Glimmora|Earth Power|p2b: Sneasler\n|-supereffective|p2b: Sneasler\n|-damage|p2b: Sneasler|39\/100\n|\n|upkeep\n|\n|t:|1728513259\n|switch|p1a: Dondozo|Dondozo, L50, F|100\/100\n|turn|2\n|\n|t:|1728513270\n|switch|p1b: Tatsugiri|Tatsugiri, L50, F|100\/100\n|-activate|p1b: Tatsugiri|ability: Commander|[of] p1a: Dondozo\n|-boost|p1a: Dondozo|atk|2\n|-boost|p1a: Dondozo|spa|2\n|-boost|p1a: Dondozo|spe|2\n|-boost|p1a: Dondozo|def|2\n|-boost|p1a: Dondozo|spd|2\n|move|p2b: Sneasler|Protect|p2b: Sneasler\n|-singleturn|p2b: Sneasler|Protect\n|move|p2a: Indeedee|Expanding Force|p1a: Dondozo|[spread] p1a\n|-miss|p2a: Indeedee|p1b: Tatsugiri\n|-damage|p1a: Dondozo|82\/100\n|move|p1a: Dondozo|Order Up|p2b: Sneasler\n|-activate|p2b: Sneasler|move: Protect\n|\n|-heal|p1a: Dondozo|88\/100|[from] item: Leftovers\n|upkeep\n|turn|3\n|\n|t:|1728513292\n|switch|p2a: Volcarona|Volcarona, L50, F|100\/100\n|move|p1a: Dondozo|Protect|p1a: Dondozo\n|-singleturn|p1a: Dondozo|Protect\n|move|p2b: Sneasler|Close Combat|p1a: Dondozo\n|-activate|p1a: Dondozo|move: Protect\n|\n|-heal|p1a: Dondozo|94\/100|[from] item: Leftovers\n|upkeep\n|turn|4\n|\n|t:|1728513304\n|move|p2b: Sneasler|Protect|p2b: Sneasler\n|-singleturn|p2b: Sneasler|Protect\n|move|p2a: Volcarona|Will-O-Wisp|p1a: Dondozo|[miss]\n|-miss|p2a: Volcarona|p1a: Dondozo\n|move|p1a: Dondozo|Earthquake|p2b: Sneasler|[spread] p2a\n|-miss|p1a: Dondozo|p1b: Tatsugiri\n|-activate|p2b: Sneasler|move: Protect\n|-crit|p2a: Volcarona\n|-damage|p2a: Volcarona|18\/100\n|\n|-heal|p1a: Dondozo|100\/100|[from] item: Leftovers\n|upkeep\n|turn|5\n|\n|t:|1728513315\n|move|p2b: Sneasler|Close Combat|p1a: Dondozo\n|-damage|p1a: Dondozo|78\/100\n|-unboost|p2b: Sneasler|def|1\n|-unboost|p2b: Sneasler|spd|1\n|move|p2a: Volcarona|Will-O-Wisp|p1a: Dondozo\n|-status|p1a: Dondozo|brn\n|move|p1a: Dondozo|Earthquake|p2b: Sneasler|[spread] p2a,p2b\n|-miss|p1a: Dondozo|p1b: Tatsugiri\n|-supereffective|p2b: Sneasler\n|-damage|p2a: Volcarona|0 fnt\n|-damage|p2b: Sneasler|0 fnt\n|faint|p2a: Volcarona\n|faint|p2b: Sneasler\n|\n|-heal|p1a: Dondozo|84\/100 brn|[from] item: Leftovers\n|-damage|p1a: Dondozo|78\/100 brn|[from] brn\n|-fieldend|move: Psychic Terrain\n|upkeep\n|\n|t:|1728513322\n|switch|p2b: Tatsugiri|Tatsugiri, L50, M|100\/100\n|switch|p2a: Indeedee|Indeedee, L50, M|100\/100\n|-fieldstart|move: Psychic Terrain|[from] ability: Psychic Surge|[of] p2a: Indeedee\n|turn|6\n|j| BestNoob_0\n|\n|t:|1728513338\n|-terastallize|p2b: Tatsugiri|Electric\n|move|p2a: Indeedee|Expanding Force|p1b: Tatsugiri|[spread] p1a\n|-miss|p2a: Indeedee|p1b: Tatsugiri\n|-damage|p1a: Dondozo|59\/100 brn\n|move|p2b: Tatsugiri|Tera Blast|p1a: Dondozo|[anim] Tera Blast Electric\n|-supereffective|p1a: Dondozo\n|-damage|p1a: Dondozo|12\/100 brn\n|move|p1a: Dondozo|Order Up|p2b: Tatsugiri\n|-damage|p2b: Tatsugiri|56\/100\n|-boost|p1a: Dondozo|atk|1\n|\n|-heal|p1a: Dondozo|18\/100 brn|[from] item: Leftovers\n|-damage|p1a: Dondozo|12\/100 brn|[from] brn\n|upkeep\n|turn|7\n|l| BestNoob_0\n|\n|t:|1728513358\n|move|p2a: Indeedee|Expanding Force|p1b: Tatsugiri|[spread] p1a\n|-miss|p2a: Indeedee|p1b: Tatsugiri\n|-damage|p1a: Dondozo|0 fnt\n|faint|p1a: Dondozo\n|move|p2b: Tatsugiri|Tera Blast|p1b: Tatsugiri|[anim] Tera Blast Electric\n|-damage|p1b: Tatsugiri|21\/100\n|\n|upkeep\n|\n|t:|1728513365\n|switch|p1a: Glimmora|Glimmora, L50, F|1\/100\n|turn|8\n|inactive|googer315 has 30 seconds left.\n|inactive|googer315 has 20 seconds left.\n|inactive|googer315 has 15 seconds left.\n|inactive|googer315 has 10 seconds left.\n|-enditem|p1b: Tatsugiri|Custap Berry|[eat]\n|-activate|p1b: Tatsugiri|item: Custap Berry|[consumed]\n|\n|t:|1728513414\n|-terastallize|p1b: Tatsugiri|Steel\n|move|p1a: Glimmora|Spiky Shield|p1a: Glimmora\n|-singleturn|p1a: Glimmora|move: Protect\n|move|p1b: Tatsugiri|Icy Wind|p2a: Indeedee|[spread] p2a,p2b\n|-damage|p2a: Indeedee|84\/100\n|-damage|p2b: Tatsugiri|37\/100\n|-unboost|p2a: Indeedee|spe|1\n|-unboost|p2b: Tatsugiri|spe|1\n|move|p2a: Indeedee|Expanding Force|p1a: Glimmora|[spread] p1b\n|-activate|p1a: Glimmora|move: Protect\n|-resisted|p1b: Tatsugiri\n|-damage|p1b: Tatsugiri|0 fnt\n|faint|p1b: Tatsugiri\n|move|p2b: Tatsugiri|Tera Blast|p1a: Glimmora|[anim] Tera Blast Electric\n|-activate|p1a: Glimmora|move: Protect\n|\n|upkeep\n|turn|9\n|j| RAWAXXX\n|-message|googer315 forfeited.\n|\n|win|tatch_9\n|raw|googer315's rating: 1730 &rarr; <strong>1711<\/strong><br \/>(-19 for losing)\n|raw|tatch_9's rating: 1740 &rarr; <strong>1759<\/strong><br \/>(+19 for winning)\n|l|\u2606googer315\n|player|p1|\n|l|\u2606tatch_9\n|player|p2|\n|l| RAWAXXX\n","uploadtime":1728513601,"views":17,"formatid":"gen9vgc2024regh","rating":1711,"private":0,"password":null}