{"id":"gen9vgc2024regh-2219451537","format":"[Gen 9] VGC 2024 Reg H","players":["DRIPcaster","bieiup"],"log":"|j|\u2606DRIPcaster\n|j|\u2606bieiup\n|t:|1728496646\n|gametype|doubles\n|player|p1|DRIPcaster|flannery|1678\n|player|p2|bieiup|lillie-z|1713\n|teamsize|p1|6\n|teamsize|p2|6\n|gen|9\n|tier|[Gen 9] VGC 2024 Reg H\n|rated|\n|rule|Species Clause: Limit one of each Pok\u00e9mon\n|rule|Item Clause: Limit 1 of each item\n|clearpoke\n|poke|p1|Pelipper, L50, F|\n|poke|p1|Salamence, L50, M|\n|poke|p1|Sneasler, L50, M|\n|poke|p1|Indeedee, L50, M|\n|poke|p1|Kingambit, L50, M|\n|poke|p1|Amoonguss, L50, F|\n|poke|p2|Sableye, L50, M|\n|poke|p2|Dondozo, L50, F|\n|poke|p2|Sylveon, L50, M|\n|poke|p2|Dragonite, L50, F|\n|poke|p2|Gholdengo, L50|\n|poke|p2|Ursaluna-Bloodmoon, L50, M|\n|teampreview|4\n|inactive|Battle timer is ON: inactive players will automatically lose when time's up. (requested by DRIPcaster)\n|j| Happppyyyyyy\n|inactive|DRIPcaster has 60 seconds left.\n|inactive|bieiup has 60 seconds left.\n|\n|t:|1728496681\n|start\n|switch|p1a: Pelipper|Pelipper, L50, F|100\/100\n|switch|p1b: Salamence|Salamence, L50, M|100\/100\n|switch|p2a: Sableye|Sableye, L50, M|100\/100\n|switch|p2b: Dragonite|Dragonite, L50, F|100\/100\n|-ability|p1b: Salamence|Intimidate|boost\n|-unboost|p2a: Sableye|atk|1\n|-unboost|p2b: Dragonite|atk|1\n|-weather|RainDance|[from] ability: Drizzle|[of] p1a: Pelipper\n|turn|1\n|\n|t:|1728496692\n|switch|p1b: Indeedee|Indeedee, L50, M|100\/100\n|-fieldstart|move: Psychic Terrain|[from] ability: Psychic Surge|[of] p1b: Indeedee\n|move|p2a: Sableye|Fake Out|p1b: Indeedee\n|-activate|p1b: Indeedee|move: Psychic Terrain\n|move|p1a: Pelipper|Tailwind|p1a: Pelipper\n|-sidestart|p1: DRIPcaster|move: Tailwind\n|move|p2b: Dragonite|Outrage|p1a: Pelipper\n|-damage|p1a: Pelipper|38\/100\n|\n|-weather|RainDance|[upkeep]\n|upkeep\n|turn|2\n|\n|t:|1728496703\n|move|p2a: Sableye|Encore|p1a: Pelipper\n|-start|p1a: Pelipper|Encore\n|move|p1b: Indeedee|Dazzling Gleam|p2b: Dragonite|[spread] p2a,p2b\n|-supereffective|p2a: Sableye\n|-supereffective|p2b: Dragonite\n|-damage|p2a: Sableye|33\/100\n|-damage|p2b: Dragonite|88\/100\n|move|p1a: Pelipper|Tailwind||[still]\n|-fail|p1a: Pelipper\n|move|p2b: Dragonite|Outrage|p1a: Pelipper|[from]lockedmove\n|-damage|p1a: Pelipper|0 fnt\n|faint|p1a: Pelipper\n|\n|-weather|RainDance|[upkeep]\n|upkeep\n|\n|t:|1728496708\n|switch|p1a: Salamence|Salamence, L50, M|100\/100\n|-ability|p1a: Salamence|Intimidate|boost\n|-unboost|p2a: Sableye|atk|1\n|-unboost|p2b: Dragonite|atk|1\n|turn|3\n|\n|t:|1728496712\n|move|p2a: Sableye|Light Screen|p2a: Sableye\n|-sidestart|p2: bieiup|move: Light Screen\n|move|p1b: Indeedee|Dazzling Gleam|p2a: Sableye|[spread] p2a,p2b\n|-supereffective|p2a: Sableye\n|-supereffective|p2b: Dragonite\n|-damage|p2a: Sableye|0 fnt\n|-damage|p2b: Dragonite|72\/100\n|faint|p2a: Sableye\n|move|p1a: Salamence|Draco Meteor|p2b: Dragonite\n|-supereffective|p2b: Dragonite\n|-crit|p2b: Dragonite\n|-damage|p2b: Dragonite|0 fnt\n|-unboost|p1a: Salamence|spa|2\n|faint|p2b: Dragonite\n|\n|-weather|RainDance|[upkeep]\n|upkeep\n|\n|t:|1728496714\n|switch|p2a: Dondozo|Dondozo, L50, F|100\/100\n|switch|p2b: Gholdengo|Gholdengo, L50|100\/100\n|turn|4\n|\n|t:|1728496725\n|switch|p1a: Amoonguss|Amoonguss, L50, F, shiny|100\/100\n|move|p1b: Indeedee|Dazzling Gleam|p2b: Gholdengo|[spread] p2a,p2b\n|-resisted|p2b: Gholdengo\n|-damage|p2a: Dondozo|92\/100\n|-damage|p2b: Gholdengo|93\/100\n|move|p2b: Gholdengo|Shadow Ball|p1a: Amoonguss\n|-damage|p1a: Amoonguss|68\/100\n|move|p2a: Dondozo|Fissure|p1b: Indeedee|[miss]\n|-miss|p2a: Dondozo|p1b: Indeedee\n|\n|-weather|RainDance|[upkeep]\n|-sideend|p1: DRIPcaster|move: Tailwind\n|upkeep\n|turn|5\n|\n|t:|1728496743\n|switch|p1b: Salamence|Salamence, L50, M|100\/100\n|-ability|p1b: Salamence|Intimidate|boost\n|-unboost|p2a: Dondozo|atk|1\n|-unboost|p2b: Gholdengo|atk|1\n|move|p2b: Gholdengo|Shadow Ball|p1a: Amoonguss\n|-damage|p1a: Amoonguss|35\/100\n|-enditem|p1a: Amoonguss|Sitrus Berry|[eat]\n|-heal|p1a: Amoonguss|60\/100|[from] item: Sitrus Berry\n|move|p2a: Dondozo|Fissure|p1a: Amoonguss|[miss]\n|-miss|p2a: Dondozo|p1a: Amoonguss\n|move|p1a: Amoonguss|Spore|p2a: Dondozo\n|-status|p2a: Dondozo|slp|[from] move: Spore\n|-enditem|p2a: Dondozo|Chesto Berry|[eat]\n|-curestatus|p2a: Dondozo|slp|[msg]\n|\n|-weather|none\n|-fieldend|move: Psychic Terrain\n|upkeep\n|turn|6\n|inactive|DRIPcaster has 30 seconds left.\n|inactive|DRIPcaster has 20 seconds left.\n|\n|t:|1728496780\n|move|p2b: Gholdengo|Shadow Ball|p1b: Salamence\n|-damage|p1b: Salamence|42\/100\n|move|p1b: Salamence|Hydro Pump|p2b: Gholdengo\n|-damage|p2b: Gholdengo|56\/100\n|move|p2a: Dondozo|Fissure|p1a: Amoonguss|[miss]\n|-miss|p2a: Dondozo|p1a: Amoonguss\n|move|p1a: Amoonguss|Spore|p2a: Dondozo\n|-status|p2a: Dondozo|slp|[from] move: Spore\n|\n|upkeep\n|turn|7\n|j| Manchester1997\n|inactive|DRIPcaster has 30 seconds left.\n|\n|t:|1728496808\n|switch|p1b: Indeedee|Indeedee, L50, M|100\/100\n|-fieldstart|move: Psychic Terrain|[from] ability: Psychic Surge|[of] p1b: Indeedee\n|move|p2b: Gholdengo|Shadow Ball|p1b: Indeedee\n|-immune|p1b: Indeedee\n|cant|p2a: Dondozo|slp\n|move|p1a: Amoonguss|Pollen Puff|p1b: Indeedee\n|-immune|p1b: Indeedee\n|\n|-sideend|p2: bieiup|move: Light Screen\n|upkeep\n|turn|8\n|\n|t:|1728496826\n|switch|p1a: Salamence|Salamence, L50, M|42\/100\n|-ability|p1a: Salamence|Intimidate|boost\n|-unboost|p2a: Dondozo|atk|1\n|-unboost|p2b: Gholdengo|atk|1\n|move|p1b: Indeedee|Expanding Force|p2b: Gholdengo|[spread] p2a,p2b\n|-crit|p2a: Dondozo\n|-resisted|p2b: Gholdengo\n|-damage|p2a: Dondozo|38\/100 slp\n|-damage|p2b: Gholdengo|21\/100\n|move|p2b: Gholdengo|Shadow Ball|p1a: Salamence\n|-damage|p1a: Salamence|0 fnt\n|faint|p1a: Salamence\n|cant|p2a: Dondozo|slp\n|\n|upkeep\n|\n|t:|1728496833\n|switch|p1a: Amoonguss|Amoonguss, L50, F, shiny|93\/100\n|turn|9\n|\n|t:|1728496839\n|move|p1b: Indeedee|Expanding Force|p2b: Gholdengo|[spread] p2a,p2b\n|-resisted|p2b: Gholdengo\n|-damage|p2a: Dondozo|0 fnt\n|-damage|p2b: Gholdengo|0 fnt\n|faint|p2a: Dondozo\n|faint|p2b: Gholdengo\n|\n|win|DRIPcaster\n|raw|DRIPcaster's rating: 1678 &rarr; <strong>1700<\/strong><br \/>(+22 for winning)\n|raw|bieiup's rating: 1713 &rarr; <strong>1691<\/strong><br \/>(-22 for losing)\n|l|\u2606bieiup\n|player|p2|\n|l| Happppyyyyyy\n|l|\u2606DRIPcaster\n|player|p1|\n","uploadtime":1728496986,"views":23,"formatid":"gen9vgc2024regh","rating":1691,"private":0,"password":null}