{"id":"gen9vgc2024regh-2219892899","format":"[Gen 9] VGC 2024 Reg H","players":["GB Five","Engineer vgc"],"log":"|j|\u2606GB Five\n|j|\u2606Engineer vgc\n|t:|1728552960\n|gametype|doubles\n|player|p1|GB Five|101|1758\n|player|p2|Engineer vgc|266|1712\n|teamsize|p1|6\n|teamsize|p2|6\n|gen|9\n|tier|[Gen 9] VGC 2024 Reg H\n|rated|\n|rule|Species Clause: Limit one of each Pok\u00e9mon\n|rule|Item Clause: Limit 1 of each item\n|clearpoke\n|poke|p1|Weezing, L50, M|\n|poke|p1|Slaking, L50, F|\n|poke|p1|Dondozo, L50, F|\n|poke|p1|Tatsugiri, L50, F|\n|poke|p1|Garchomp, L50, F|\n|poke|p1|Talonflame, L50, F|\n|poke|p2|Gholdengo, L50|\n|poke|p2|Garchomp, L50, M|\n|poke|p2|Tyranitar, L50, F|\n|poke|p2|Amoonguss, L50, M|\n|poke|p2|Primarina, L50, F|\n|poke|p2|Kilowattrel, L50, M|\n|teampreview|4\n|\n|t:|1728552993\n|start\n|switch|p1a: Fucking Isreal|Weezing, L50, M|100\/100\n|switch|p1b: Fucking Jews|Slaking, L50, F|100\/100\n|switch|p2a: Gholdengo|Gholdengo, L50|100\/100\n|switch|p2b: Amoonguss|Amoonguss, L50, M|100\/100\n|-ability|p1a: Fucking Isreal|Neutralizing Gas\n|turn|1\n|\n|t:|1728553026\n|-terastallize|p2a: Gholdengo|Steel\n|move|p2b: Amoonguss|Protect|p2b: Amoonguss\n|-singleturn|p2b: Amoonguss|Protect\n|move|p1b: Fucking Jews|High Horsepower|p2a: Gholdengo\n|-supereffective|p2a: Gholdengo\n|-damage|p2a: Gholdengo|0 fnt\n|faint|p2a: Gholdengo\n|move|p1a: Fucking Isreal|Toxic Spikes|p2b: Amoonguss\n|-sidestart|p2: Engineer vgc|move: Toxic Spikes\n|\n|upkeep\n|\n|t:|1728553046\n|switch|p2a: Kilowattrel|Kilowattrel, L50, M|100\/100\n|turn|2\n|j| stewpeed\n|\n|t:|1728553060\n|move|p2a: Kilowattrel|Protect|p2a: Kilowattrel\n|-singleturn|p2a: Kilowattrel|Protect\n|move|p1a: Fucking Isreal|Protect|p1a: Fucking Isreal\n|-singleturn|p1a: Fucking Isreal|Protect\n|move|p1b: Fucking Jews|High Horsepower|p2b: Amoonguss|[miss]\n|-miss|p1b: Fucking Jews|p2b: Amoonguss\n|move|p2b: Amoonguss|Spore|p1b: Fucking Jews\n|-status|p1b: Fucking Jews|slp|[from] move: Spore\n|\n|upkeep\n|turn|3\n|\n|t:|1728553074\n|cant|p1b: Fucking Jews|slp\n|move|p2a: Kilowattrel|Thunderbolt|p1b: Fucking Jews\n|-damage|p1b: Fucking Jews|60\/100 slp\n|move|p1a: Fucking Isreal|Gunk Shot|p2a: Kilowattrel|[miss]\n|-miss|p1a: Fucking Isreal|p2a: Kilowattrel\n|move|p2b: Amoonguss|Sludge Bomb|p1b: Fucking Jews\n|-damage|p1b: Fucking Jews|30\/100 slp\n|\n|upkeep\n|turn|4\n|\n|t:|1728553092\n|cant|p1b: Fucking Jews|slp\n|move|p2a: Kilowattrel|Thunderbolt|p1b: Fucking Jews\n|-damage|p1b: Fucking Jews|0 fnt\n|faint|p1b: Fucking Jews\n|move|p1a: Fucking Isreal|Gunk Shot|p2a: Kilowattrel\n|-damage|p2a: Kilowattrel|17\/100\n|move|p2b: Amoonguss|Spore|p1a: Fucking Isreal\n|-status|p1a: Fucking Isreal|slp|[from] move: Spore\n|\n|upkeep\n|\n|t:|1728553103\n|switch|p1b: Free Palestine|Dondozo, L50, F|100\/100\n|turn|5\n|\n|t:|1728553112\n|-end|p1a: Fucking Isreal|ability: Neutralizing Gas\n|switch|p1a: Fucking Japanese|Tatsugiri, L50, F|100\/100\n|-activate|p1a: Fucking Japanese|ability: Commander|[of] p1b: Free Palestine\n|-boost|p1b: Free Palestine|atk|2\n|-boost|p1b: Free Palestine|spa|2\n|-boost|p1b: Free Palestine|spe|2\n|-boost|p1b: Free Palestine|def|2\n|-boost|p1b: Free Palestine|spd|2\n|-terastallize|p1b: Free Palestine|Dragon\n|move|p2a: Kilowattrel|Protect|p2a: Kilowattrel\n|-singleturn|p2a: Kilowattrel|Protect\n|move|p1b: Free Palestine|Substitute|p1b: Free Palestine\n|-start|p1b: Free Palestine|Substitute\n|-damage|p1b: Free Palestine|75\/100\n|move|p2b: Amoonguss|Spore||[still]\n|-fail|p2b: Amoonguss\n|\n|-heal|p1b: Free Palestine|82\/100|[from] item: Leftovers\n|upkeep\n|turn|6\n|\n|t:|1728553133\n|move|p2a: Kilowattrel|Tailwind|p2a: Kilowattrel\n|-sidestart|p2: Engineer vgc|move: Tailwind\n|move|p1b: Free Palestine|Order Up|p2a: Kilowattrel\n|-damage|p2a: Kilowattrel|0 fnt\n|faint|p2a: Kilowattrel\n|-boost|p1b: Free Palestine|atk|1\n|move|p2b: Amoonguss|Sludge Bomb|p1b: Free Palestine\n|-activate|p1b: Free Palestine|move: Substitute|[damage]\n|\n|-heal|p1b: Free Palestine|88\/100|[from] item: Leftovers\n|upkeep\n|\n|t:|1728553142\n|switch|p2a: Primarina|Primarina, L50, F|100\/100\n|-status|p2a: Primarina|psn\n|turn|7\n|\n|t:|1728553159\n|move|p2a: Primarina|Haze|p2a: Primarina\n|-clearallboost\n|move|p2b: Amoonguss|Sludge Bomb|p1b: Free Palestine\n|-end|p1b: Free Palestine|Substitute\n|move|p1b: Free Palestine|Order Up|p2b: Amoonguss\n|-damage|p2b: Amoonguss|79\/100\n|-boost|p1b: Free Palestine|atk|1\n|\n|-heal|p1b: Free Palestine|94\/100|[from] item: Leftovers\n|-damage|p2a: Primarina|88\/100 psn|[from] psn\n|upkeep\n|turn|8\n|\n|t:|1728553177\n|move|p1b: Free Palestine|Protect|p1b: Free Palestine\n|-singleturn|p1b: Free Palestine|Protect\n|move|p2a: Primarina|Moonblast|p1b: Free Palestine\n|-activate|p1b: Free Palestine|move: Protect\n|move|p2b: Amoonguss|Spore|p1b: Free Palestine\n|-activate|p1b: Free Palestine|move: Protect\n|\n|-heal|p1b: Free Palestine|99\/100|[from] item: Leftovers\n|-damage|p2a: Primarina|76\/100 psn|[from] psn\n|upkeep\n|turn|9\n|\n|t:|1728553190\n|move|p2a: Primarina|Moonblast|p1b: Free Palestine\n|-supereffective|p1b: Free Palestine\n|-damage|p1b: Free Palestine|16\/100\n|move|p2b: Amoonguss|Spore|p1b: Free Palestine\n|-status|p1b: Free Palestine|slp|[from] move: Spore\n|cant|p1b: Free Palestine|slp\n|\n|-heal|p1b: Free Palestine|22\/100 slp|[from] item: Leftovers\n|-damage|p2a: Primarina|63\/100 psn|[from] psn\n|-sideend|p2: Engineer vgc|move: Tailwind\n|upkeep\n|turn|10\n|\n|t:|1728553203\n|cant|p1b: Free Palestine|slp\n|move|p2a: Primarina|Moonblast|p1b: Free Palestine\n|-supereffective|p1b: Free Palestine\n|-damage|p1b: Free Palestine|0 fnt\n|faint|p1b: Free Palestine\n|move|p2b: Amoonguss|Spore|p1a: Fucking Japanese\n|-status|p1a: Fucking Japanese|slp|[from] move: Spore\n|\n|-damage|p2a: Primarina|51\/100 psn|[from] psn\n|upkeep\n|\n|t:|1728553214\n|switch|p1b: Fucking Isreal|Weezing, L50, M|100\/100 slp\n|-ability|p1b: Fucking Isreal|Neutralizing Gas\n|turn|11\n|\n|t:|1728553224\n|cant|p1a: Fucking Japanese|slp\n|cant|p1b: Fucking Isreal|slp\n|move|p2a: Primarina|Moonblast|p1a: Fucking Japanese\n|-supereffective|p1a: Fucking Japanese\n|-damage|p1a: Fucking Japanese|0 fnt\n|faint|p1a: Fucking Japanese\n|move|p2b: Amoonguss|Sludge Bomb|p1b: Fucking Isreal\n|-resisted|p1b: Fucking Isreal\n|-damage|p1b: Fucking Isreal|79\/100 slp\n|\n|-damage|p2a: Primarina|38\/100 psn|[from] psn\n|upkeep\n|turn|12\n|\n|t:|1728553241\n|-curestatus|p1b: Fucking Isreal|slp|[msg]\n|move|p1b: Fucking Isreal|Protect|p1b: Fucking Isreal\n|-singleturn|p1b: Fucking Isreal|Protect\n|move|p2b: Amoonguss|Rage Powder|p2b: Amoonguss\n|-singleturn|p2b: Amoonguss|move: Rage Powder\n|move|p2a: Primarina|Hyper Voice|p1b: Fucking Isreal\n|-activate|p1b: Fucking Isreal|move: Protect\n|\n|-damage|p2a: Primarina|26\/100 psn|[from] psn\n|upkeep\n|turn|13\n|\n|t:|1728553257\n|move|p2a: Primarina|Protect|p2a: Primarina\n|-singleturn|p2a: Primarina|Protect\n|move|p1b: Fucking Isreal|Gunk Shot|p2a: Primarina\n|-activate|p2a: Primarina|move: Protect\n|move|p2b: Amoonguss|Spore|p1b: Fucking Isreal\n|-status|p1b: Fucking Isreal|slp|[from] move: Spore\n|\n|-damage|p2a: Primarina|13\/100 psn|[from] psn\n|upkeep\n|turn|14\n|\n|t:|1728553269\n|cant|p1b: Fucking Isreal|slp\n|move|p2a: Primarina|Hyper Voice|p1b: Fucking Isreal\n|-damage|p1b: Fucking Isreal|31\/100 slp\n|-enditem|p2a: Primarina|Throat Spray\n|-boost|p2a: Primarina|spa|1|[from] item: Throat Spray\n|move|p2b: Amoonguss|Sludge Bomb|p1b: Fucking Isreal\n|-resisted|p1b: Fucking Isreal\n|-damage|p1b: Fucking Isreal|6\/100 slp\n|\n|-damage|p2a: Primarina|1\/100 psn|[from] psn\n|upkeep\n|turn|15\n|-message|GB Five forfeited.\n|\n|win|Engineer vgc\n|raw|GB Five's rating: 1758 &rarr; <strong>1735<\/strong><br \/>(-23 for losing)\n|raw|Engineer vgc's rating: 1712 &rarr; <strong>1735<\/strong><br \/>(+23 for winning)\n|c|\u2606Engineer vgc|gg\n|c|\u2606GB Five|\u83dc\u9e21\n|l| stewpeed\n|l|\u2606GB Five\n|player|p1|\n|l|\u2606Engineer vgc\n|player|p2|\n","uploadtime":1728553443,"views":18,"formatid":"gen9vgc2024regh","rating":1735,"private":0,"password":null}