{"id":"gen9vgc2024regh-2219597517","format":"[Gen 9] VGC 2024 Reg H","players":["Sparkbladexd","chiitancrazymascot"],"log":"|j|\u2606Sparkbladexd\n|j|\u2606chiitancrazymascot\n|t:|1728510324\n|gametype|doubles\n|player|p1|Sparkbladexd|cynthia|1722\n|player|p2|chiitancrazymascot|pokemaniac|1671\n|teamsize|p1|6\n|teamsize|p2|6\n|gen|9\n|tier|[Gen 9] VGC 2024 Reg H\n|rated|\n|rule|Species Clause: Limit one of each Pok\u00e9mon\n|rule|Item Clause: Limit 1 of each item\n|clearpoke\n|poke|p1|Typhlosion-Hisui, L50, F|\n|poke|p1|Toedscruel, L50, M|\n|poke|p1|Corviknight, L50, F|\n|poke|p1|Weezing-Galar, L50, F|\n|poke|p1|Garchomp, L50, M|\n|poke|p1|Pawmot, L50, F|\n|poke|p2|Annihilape, L50, M|\n|poke|p2|Dondozo, L50, F|\n|poke|p2|Maushold-Four, L50|\n|poke|p2|Whimsicott, L50, F|\n|poke|p2|Tatsugiri, L50, M|\n|poke|p2|Ursaluna-Bloodmoon, L50, M|\n|teampreview|4\n|inactive|Battle timer is ON: inactive players will automatically lose when time's up. (requested by chiitancrazymascot)\n|inactive|Sparkbladexd also wants the timer to be on.\n|j| ideaE\n|inactive|Sparkbladexd has 60 seconds left.\n|\n|t:|1728510380\n|start\n|switch|p1a: Weezing|Weezing-Galar, L50, F|100\/100\n|switch|p1b: Toedscruel|Toedscruel, L50, M, shiny|100\/100\n|switch|p2a: Maushold|Maushold-Four, L50|100\/100\n|switch|p2b: Annihilape|Annihilape, L50, M, shiny|100\/100\n|-ability|p1a: Weezing|Neutralizing Gas\n|turn|1\n|\n|t:|1728510397\n|-terastallize|p2b: Annihilape|Water\n|move|p2a: Maushold|Taunt|p1b: Toedscruel\n|-start|p1b: Toedscruel|move: Taunt\n|cant|p1b: Toedscruel|move: Taunt|Spore\n|move|p2b: Annihilape|Bulk Up|p2b: Annihilape\n|-boost|p2b: Annihilape|atk|1\n|-boost|p2b: Annihilape|def|1\n|move|p1a: Weezing|Dazzling Gleam|p2b: Annihilape|[spread] p2a,p2b\n|-damage|p2a: Maushold|52\/100\n|-damage|p2b: Annihilape|71\/100\n|\n|upkeep\n|turn|2\n|\n|t:|1728510412\n|move|p2a: Maushold|Beat Up|p2b: Annihilape\n|-damage|p2b: Annihilape|69\/100\n|-damage|p2b: Annihilape|67\/100\n|-damage|p2b: Annihilape|65\/100\n|-damage|p2b: Annihilape|63\/100\n|-hitcount|p2b: Annihilape|4\n|move|p1b: Toedscruel|Acid Spray|p2b: Annihilape\n|-damage|p2b: Annihilape|57\/100\n|-unboost|p2b: Annihilape|spd|2\n|move|p2b: Annihilape|Rage Fist|p1a: Weezing\n|-damage|p1a: Weezing|0 fnt\n|faint|p1a: Weezing\n|-end|p1a: Weezing|ability: Neutralizing Gas\n|\n|upkeep\n|\n|t:|1728510426\n|switch|p1a: Typhlosion|Typhlosion-Hisui, L50, F|100\/100\n|-item|p2a: Maushold|Focus Sash|[from] ability: Frisk|[of] p1a: Typhlosion\n|-item|p2b: Annihilape|Sitrus Berry|[from] ability: Frisk|[of] p1a: Typhlosion\n|turn|3\n|\n|t:|1728510438\n|-terastallize|p1a: Typhlosion|Fire\n|move|p2a: Maushold|Follow Me|p2a: Maushold\n|-singleturn|p2a: Maushold|move: Follow Me\n|move|p1a: Typhlosion|Eruption|p2a: Maushold|[spread] p2a,p2b\n|-resisted|p2b: Annihilape\n|-damage|p2a: Maushold|0 fnt\n|-damage|p2b: Annihilape|13\/100\n|-enditem|p2b: Annihilape|Sitrus Berry|[eat]\n|-heal|p2b: Annihilape|38\/100|[from] item: Sitrus Berry\n|faint|p2a: Maushold\n|move|p1b: Toedscruel|Acid Spray|p2b: Annihilape\n|-damage|p2b: Annihilape|26\/100\n|-unboost|p2b: Annihilape|spd|2\n|-ability|p2b: Annihilape|Defiant|boost\n|-boost|p2b: Annihilape|atk|2\n|move|p2b: Annihilape|Rage Fist|p1b: Toedscruel\n|-damage|p1b: Toedscruel|0 fnt\n|faint|p1b: Toedscruel\n|\n|upkeep\n|\n|t:|1728510447\n|switch|p2a: Dondozo|Dondozo, L50, F, shiny|100\/100\n|switch|p1b: Garchomp|Garchomp, L50, M|100\/100\n|turn|4\n|\n|t:|1728510462\n|switch|p2b: Tatsugiri|Tatsugiri, L50, M, shiny|100\/100\n|-activate|p2b: Tatsugiri|ability: Commander|[of] p2a: Dondozo\n|-boost|p2a: Dondozo|atk|2\n|-boost|p2a: Dondozo|spa|2\n|-boost|p2a: Dondozo|spe|2\n|-boost|p2a: Dondozo|def|2\n|-boost|p2a: Dondozo|spd|2\n|move|p1a: Typhlosion|Eruption|p2b: Tatsugiri|[spread] p2a\n|-miss|p1a: Typhlosion|p2b: Tatsugiri\n|-resisted|p2a: Dondozo\n|-damage|p2a: Dondozo|78\/100\n|move|p1b: Garchomp|Dragon Claw|p2a: Dondozo\n|-damage|p2a: Dondozo|58\/100\n|-damage|p1b: Garchomp|91\/100|[from] item: Life Orb\n|move|p2a: Dondozo|Wave Crash|p1a: Typhlosion\n|-supereffective|p1a: Typhlosion\n|-damage|p1a: Typhlosion|0 fnt\n|faint|p1a: Typhlosion\n|-damage|p2a: Dondozo|36\/100|[from] Recoil\n|\n|-heal|p2a: Dondozo|42\/100|[from] item: Leftovers\n|upkeep\n|turn|5\n|\n|t:|1728510469\n|move|p1b: Garchomp|Dragon Claw|p2a: Dondozo\n|-damage|p2a: Dondozo|23\/100\n|-damage|p1b: Garchomp|81\/100|[from] item: Life Orb\n|move|p2a: Dondozo|Order Up|p1b: Garchomp\n|-supereffective|p1b: Garchomp\n|-damage|p1b: Garchomp|0 fnt\n|faint|p1b: Garchomp\n|\n|win|chiitancrazymascot\n|raw|Sparkbladexd's rating: 1722 &rarr; <strong>1699<\/strong><br \/>(-23 for losing)\n|raw|chiitancrazymascot's rating: 1671 &rarr; <strong>1694<\/strong><br \/>(+23 for winning)\n|l|\u2606Sparkbladexd\n|player|p1|\n|l|\u2606chiitancrazymascot\n|player|p2|\n","uploadtime":1728510473,"views":24,"formatid":"gen9vgc2024regh","rating":1694,"private":0,"password":null}