{"id":"gen9vgc2024regh-2219292725","format":"[Gen 9] VGC 2024 Reg H","players":["Assasinderella","winterbreak"],"log":"|j|\u2606Assasinderella\n|j|\u2606winterbreak\n|t:|1728482815\n|gametype|doubles\n|player|p1|Assasinderella|rosa|1698\n|player|p2|winterbreak|lucas-gen4pt|1817\n|teamsize|p1|6\n|teamsize|p2|6\n|gen|9\n|tier|[Gen 9] VGC 2024 Reg H\n|rated|\n|rule|Species Clause: Limit one of each Pok\u00e9mon\n|rule|Item Clause: Limit 1 of each item\n|clearpoke\n|poke|p1|Archaludon, L50, F|\n|poke|p1|Pelipper, L50, M|\n|poke|p1|Grimmsnarl, L50, M|\n|poke|p1|Amoonguss, L50, F|\n|poke|p1|Basculegion, L50, M|\n|poke|p1|Maushold-Four, L50|\n|poke|p2|Hydreigon, L50, M|\n|poke|p2|Gholdengo, L50|\n|poke|p2|Ursaluna-Bloodmoon, L50, M|\n|poke|p2|Rillaboom, L50, M|\n|poke|p2|Incineroar, L50, M|\n|poke|p2|Electabuzz, L50, M|\n|teampreview|4\n|j| notthealtaccount\n|j| risotexas\n|\n|t:|1728482907\n|start\n|switch|p1a: Grimmsnarl|Grimmsnarl, L50, M|100\/100\n|switch|p1b: Amoonguss|Amoonguss, L50, F|100\/100\n|switch|p2a: Hydreigon|Hydreigon, L50, M, shiny|100\/100\n|switch|p2b: Gholdengo|Gholdengo, L50|100\/100\n|turn|1\n|inactive|Battle timer is ON: inactive players will automatically lose when time's up. (requested by Assasinderella)\n|inactive|Assasinderella has 60 seconds left.\n|inactive|winterbreak has 60 seconds left.\n|\n|t:|1728482961\n|switch|p2a: Incineroar|Incineroar, L50, M|100\/100\n|-ability|p2a: Incineroar|Intimidate|boost\n|-unboost|p1a: Grimmsnarl|atk|1\n|-unboost|p1b: Amoonguss|atk|1\n|move|p1a: Grimmsnarl|Light Screen|p1a: Grimmsnarl\n|-sidestart|p1: Assasinderella|move: Light Screen\n|move|p2b: Gholdengo|Nasty Plot|p2b: Gholdengo\n|-boost|p2b: Gholdengo|spa|2\n|move|p1b: Amoonguss|Spore|p2a: Incineroar\n|-status|p2a: Incineroar|slp|[from] move: Spore\n|\n|upkeep\n|turn|2\n|\n|t:|1728482985\n|switch|p1a: Archaludon|Archaludon, L50, F|100\/100\n|move|p2b: Gholdengo|Make It Rain|p1b: Amoonguss|[spread] p1a,p1b\n|-resisted|p1a: Archaludon\n|-damage|p1a: Archaludon|78\/100\n|-damage|p1b: Amoonguss|56\/100\n|-unboost|p2b: Gholdengo|spa|1\n|-ability|p1a: Archaludon|Stamina|boost\n|-boost|p1a: Archaludon|def|1\n|cant|p2a: Incineroar|slp\n|move|p1b: Amoonguss|Pollen Puff|p1a: Archaludon\n|-heal|p1a: Archaludon|100\/100\n|\n|upkeep\n|turn|3\n|\n|t:|1728483007\n|switch|p1b: Pelipper|Pelipper, L50, M|100\/100\n|-weather|RainDance|[from] ability: Drizzle|[of] p1b: Pelipper\n|move|p2b: Gholdengo|Nasty Plot|p2b: Gholdengo\n|-boost|p2b: Gholdengo|spa|2\n|move|p1a: Archaludon|Electro Shot||[still]\n|-prepare|p1a: Archaludon|Electro Shot\n|-boost|p1a: Archaludon|spa|1\n|-anim|p1a: Archaludon|Electro Shot|p2b: Gholdengo\n|-damage|p2b: Gholdengo|31\/100\n|cant|p2a: Incineroar|slp\n|\n|-weather|RainDance|[upkeep]\n|upkeep\n|turn|4\n|\n|t:|1728483029\n|move|p2b: Gholdengo|Shadow Ball|p1a: Archaludon\n|-damage|p1a: Archaludon|50\/100\n|-unboost|p1a: Archaludon|spd|1\n|-ability|p1a: Archaludon|Stamina|boost\n|-boost|p1a: Archaludon|def|1\n|move|p1b: Pelipper|Tailwind|p1b: Pelipper\n|-sidestart|p1: Assasinderella|move: Tailwind\n|move|p1a: Archaludon|Electro Shot||[still]\n|-prepare|p1a: Archaludon|Electro Shot\n|-boost|p1a: Archaludon|spa|1\n|-anim|p1a: Archaludon|Electro Shot|p2b: Gholdengo\n|-damage|p2b: Gholdengo|0 fnt\n|faint|p2b: Gholdengo\n|-curestatus|p2a: Incineroar|slp|[msg]\n|move|p2a: Incineroar|Parting Shot|p1a: Archaludon\n|-unboost|p1a: Archaludon|atk|1\n|-unboost|p1a: Archaludon|spa|1\n|\n|t:|1728483043\n|switch|p2a: Hydreigon|Hydreigon, L50, M, shiny|100\/100|[from] Parting Shot\n|\n|-weather|RainDance|[upkeep]\n|upkeep\n|\n|t:|1728483052\n|switch|p2b: Ursaluna|Ursaluna-Bloodmoon, L50, M|100\/100\n|turn|5\n|\n|t:|1728483070\n|-terastallize|p1a: Archaludon|Fairy\n|move|p2b: Ursaluna|Protect|p2b: Ursaluna\n|-singleturn|p2b: Ursaluna|Protect\n|move|p1b: Pelipper|Weather Ball|p2b: Ursaluna\n|-activate|p2b: Ursaluna|move: Protect\n|move|p1a: Archaludon|Dragon Pulse|p2a: Hydreigon\n|-supereffective|p2a: Hydreigon\n|-damage|p2a: Hydreigon|0 fnt\n|faint|p2a: Hydreigon\n|\n|-weather|RainDance|[upkeep]\n|upkeep\n|\n|t:|1728483078\n|switch|p2a: Incineroar|Incineroar, L50, M|100\/100\n|-ability|p2a: Incineroar|Intimidate|boost\n|-unboost|p1a: Archaludon|atk|1\n|-unboost|p1b: Pelipper|atk|1\n|turn|6\n|inactive|Assasinderella has 30 seconds left.\n|\n|t:|1728483113\n|switch|p1a: Grimmsnarl|Grimmsnarl, L50, M|100\/100\n|-terastallize|p2b: Ursaluna|Poison\n|move|p1b: Pelipper|Protect|p1b: Pelipper\n|-singleturn|p1b: Pelipper|Protect\n|move|p2a: Incineroar|Fake Out|p1a: Grimmsnarl\n|-damage|p1a: Grimmsnarl|91\/100\n|move|p2b: Ursaluna|Blood Moon|p1a: Grimmsnarl\n|-damage|p1a: Grimmsnarl|35\/100\n|\n|-weather|RainDance|[upkeep]\n|upkeep\n|turn|7\n|\n|t:|1728483138\n|move|p1b: Pelipper|Weather Ball|p2a: Incineroar\n|-supereffective|p2a: Incineroar\n|-damage|p2a: Incineroar|5\/100\n|-enditem|p2a: Incineroar|Sitrus Berry|[eat]\n|-heal|p2a: Incineroar|30\/100|[from] item: Sitrus Berry\n|move|p1a: Grimmsnarl|Spirit Break|p2a: Incineroar\n|-damage|p2a: Incineroar|0 fnt\n|faint|p2a: Incineroar\n|move|p2b: Ursaluna|Yawn|p1a: Grimmsnarl\n|-start|p1a: Grimmsnarl|move: Yawn|[of] p2b: Ursaluna\n|\n|-weather|none\n|-sideend|p1: Assasinderella|move: Tailwind\n|upkeep\n|turn|8\n|-message|winterbreak forfeited.\n|\n|win|Assasinderella\n|raw|Assasinderella's rating: 1698 &rarr; <strong>1725<\/strong><br \/>(+27 for winning)\n|raw|winterbreak's rating: 1817 &rarr; <strong>1790<\/strong><br \/>(-27 for losing)\n|l|\u2606winterbreak\n|player|p2|\n|l| risotexas\n|l| notthealtaccount\n|j| penewomen\n|l| penewomen\n|l|\u2606Assasinderella\n|player|p1|\n","uploadtime":1728483419,"views":34,"formatid":"gen9vgc2024regh","rating":1725,"private":0,"password":null}