{"id":"gen9vgc2024regh-2219381834","format":"[Gen 9] VGC 2024 Reg H","players":["googer315","MillerH33"],"log":"|j|\u2606googer315\n|j|\u203dMillerH33\n|t:|1728490632\n|gametype|doubles\n|player|p1|googer315|1|1718\n|player|p2|MillerH33|riley|1676\n|teamsize|p1|6\n|teamsize|p2|6\n|gen|9\n|tier|[Gen 9] VGC 2024 Reg H\n|rated|\n|rule|Species Clause: Limit one of each Pok\u00e9mon\n|rule|Item Clause: Limit 1 of each item\n|clearpoke\n|poke|p1|Dondozo, L50, F|\n|poke|p1|Tatsugiri, L50, F|\n|poke|p1|Glimmora, L50, F|\n|poke|p1|Maushold, L50|\n|poke|p1|Annihilape, L50, F|\n|poke|p1|Gholdengo, L50|\n|poke|p2|Excadrill, L50, M|\n|poke|p2|Dragapult, L50, M|\n|poke|p2|Rillaboom, L50, M|\n|poke|p2|Tyranitar, L50, F|\n|poke|p2|Farigiraf, L50, F|\n|poke|p2|Primarina, L50, M|\n|teampreview|4\n|inactive|Battle timer is ON: inactive players will automatically lose when time's up. (requested by googer315)\n|\n|t:|1728490660\n|start\n|switch|p1a: Annihilape|Annihilape, L50, F|100\/100\n|switch|p1b: Maushold|Maushold, L50|100\/100\n|switch|p2a: Dragapult|Dragapult, L50, M|100\/100\n|switch|p2b: Primarina|Primarina, L50, M|100\/100\n|turn|1\n|\n|t:|1728490676\n|-terastallize|p1a: Annihilape|Water\n|move|p1b: Maushold|Protect|p1b: Maushold\n|-singleturn|p1b: Maushold|Protect\n|move|p2a: Dragapult|Draco Meteor|p1b: Maushold\n|-activate|p1b: Maushold|move: Protect\n|move|p1a: Annihilape|Bulk Up|p1a: Annihilape\n|-boost|p1a: Annihilape|atk|1\n|-boost|p1a: Annihilape|def|1\n|move|p2b: Primarina|Moonblast|p1a: Annihilape\n|-damage|p1a: Annihilape|71\/100\n|-unboost|p1a: Annihilape|spa|1\n|-ability|p1a: Annihilape|Defiant|boost\n|-boost|p1a: Annihilape|atk|2\n|\n|upkeep\n|turn|2\n|\n|t:|1728490700\n|move|p2b: Primarina|Protect|p2b: Primarina\n|-singleturn|p2b: Primarina|Protect\n|move|p1b: Maushold|Follow Me|p1b: Maushold\n|-singleturn|p1b: Maushold|move: Follow Me\n|move|p2a: Dragapult|Draco Meteor|p1b: Maushold\n|-damage|p1b: Maushold|0 fnt\n|-unboost|p2a: Dragapult|spa|2\n|faint|p1b: Maushold\n|move|p1a: Annihilape|Rage Fist|p2b: Primarina\n|-activate|p2b: Primarina|move: Protect\n|\n|upkeep\n|\n|t:|1728490711\n|switch|p1b: Dondozo|Dondozo, L50, F|100\/100\n|turn|3\n|j| hikariivgc\n|\n|t:|1728490725\n|switch|p2b: Tyranitar|Tyranitar, L50, F|100\/100\n|-weather|Sandstorm|[from] ability: Sand Stream|[of] p2b: Tyranitar\n|move|p2a: Dragapult|Draco Meteor|p1a: Annihilape\n|-damage|p1a: Annihilape|31\/100\n|-unboost|p2a: Dragapult|spa|2\n|-enditem|p1a: Annihilape|Sitrus Berry|[eat]\n|-heal|p1a: Annihilape|56\/100|[from] item: Sitrus Berry\n|move|p1a: Annihilape|Rage Fist|p2b: Tyranitar\n|-resisted|p2b: Tyranitar\n|-crit|p2b: Tyranitar\n|-damage|p2b: Tyranitar|0 fnt\n|faint|p2b: Tyranitar\n|move|p1b: Dondozo|Order Up|p2a: Dragapult\n|-supereffective|p2a: Dragapult\n|-crit|p2a: Dragapult\n|-damage|p2a: Dragapult|2\/100\n|\n|-weather|Sandstorm|[upkeep]\n|-damage|p2a: Dragapult|0 fnt|[from] Sandstorm\n|-damage|p1a: Annihilape|50\/100|[from] Sandstorm\n|-damage|p1b: Dondozo|94\/100|[from] Sandstorm\n|faint|p2a: Dragapult\n|-heal|p1b: Dondozo|100\/100|[from] item: Leftovers\n|upkeep\n|\n|t:|1728490740\n|switch|p2a: Rillaboom|Rillaboom, L50, M|100\/100\n|switch|p2b: Primarina|Primarina, L50, M|100\/100\n|-fieldstart|move: Grassy Terrain|[from] ability: Grassy Surge|[of] p2a: Rillaboom\n|turn|4\n|c|\u2606googer315|oops\n|j| LudocyelZ\n|\n|t:|1728490759\n|move|p1a: Annihilape|Protect|p1a: Annihilape\n|-singleturn|p1a: Annihilape|Protect\n|move|p1b: Dondozo|Protect|p1b: Dondozo\n|-singleturn|p1b: Dondozo|Protect\n|move|p2a: Rillaboom|Fake Out|p1a: Annihilape\n|-activate|p1a: Annihilape|move: Protect\n|move|p2b: Primarina|Haze|p2b: Primarina\n|-clearallboost\n|\n|-weather|Sandstorm|[upkeep]\n|-damage|p1a: Annihilape|43\/100|[from] Sandstorm\n|-damage|p2a: Rillaboom|95\/100|[from] Sandstorm\n|-damage|p2b: Primarina|94\/100|[from] Sandstorm\n|-damage|p1b: Dondozo|94\/100|[from] Sandstorm\n|-heal|p1a: Annihilape|50\/100|[from] Grassy Terrain\n|-heal|p2a: Rillaboom|100\/100|[from] Grassy Terrain\n|-heal|p2b: Primarina|100\/100|[from] Grassy Terrain\n|-heal|p1b: Dondozo|100\/100|[from] Grassy Terrain\n|upkeep\n|turn|5\n|j| Therazer456\n|inactive|googer315 has 30 seconds left.\n|inactive|MillerH33 has 30 seconds left.\n|j| infinitygroudon\n|j| Spanish Jodeculos\n|inactive|MillerH33 has 20 seconds left.\n|\n|t:|1728490795\n|switch|p1a: Tatsugiri|Tatsugiri, L50, F|100\/100\n|-activate|p1a: Tatsugiri|ability: Commander|[of] p1b: Dondozo\n|-boost|p1b: Dondozo|atk|2\n|-boost|p1b: Dondozo|spa|2\n|-boost|p1b: Dondozo|spe|2\n|-boost|p1b: Dondozo|def|2\n|-boost|p1b: Dondozo|spd|2\n|-terastallize|p2a: Rillaboom|Grass\n|move|p2a: Rillaboom|Grassy Glide|p1a: Tatsugiri|[miss]\n|-miss|p2a: Rillaboom|p1a: Tatsugiri\n|move|p1b: Dondozo|Order Up|p2a: Rillaboom\n|-damage|p2a: Rillaboom|55\/100\n|-boost|p1b: Dondozo|atk|1\n|move|p2b: Primarina|Haze|p2b: Primarina\n|-clearallboost\n|\n|-weather|Sandstorm|[upkeep]\n|-damage|p1a: Tatsugiri|95\/100|[from] Sandstorm\n|-damage|p2a: Rillaboom|49\/100|[from] Sandstorm\n|-damage|p2b: Primarina|94\/100|[from] Sandstorm\n|-damage|p1b: Dondozo|94\/100|[from] Sandstorm\n|-heal|p1a: Tatsugiri|100\/100|[from] Grassy Terrain\n|-heal|p2a: Rillaboom|55\/100|[from] Grassy Terrain\n|-heal|p2b: Primarina|100\/100|[from] Grassy Terrain\n|-heal|p1b: Dondozo|100\/100|[from] Grassy Terrain\n|upkeep\n|turn|6\n|j| superidol192du\n|\n|t:|1728490819\n|move|p1b: Dondozo|Protect|p1b: Dondozo\n|-singleturn|p1b: Dondozo|Protect\n|move|p2a: Rillaboom|Wood Hammer|p1b: Dondozo\n|-activate|p1b: Dondozo|move: Protect\n|move|p2b: Primarina|Moonblast|p1b: Dondozo\n|-activate|p1b: Dondozo|move: Protect\n|\n|-weather|Sandstorm|[upkeep]\n|-damage|p1a: Tatsugiri|95\/100|[from] Sandstorm\n|-damage|p2a: Rillaboom|49\/100|[from] Sandstorm\n|-damage|p2b: Primarina|94\/100|[from] Sandstorm\n|-damage|p1b: Dondozo|94\/100|[from] Sandstorm\n|-heal|p1a: Tatsugiri|100\/100|[from] Grassy Terrain\n|-heal|p2a: Rillaboom|55\/100|[from] Grassy Terrain\n|-heal|p2b: Primarina|100\/100|[from] Grassy Terrain\n|-heal|p1b: Dondozo|100\/100|[from] Grassy Terrain\n|upkeep\n|turn|7\n|l| LudocyelZ\n|\n|t:|1728490842\n|move|p2a: Rillaboom|Wood Hammer|p1b: Dondozo\n|-supereffective|p1b: Dondozo\n|-damage|p1b: Dondozo|0 fnt\n|faint|p1b: Dondozo\n|-damage|p2a: Rillaboom|16\/100|[from] Recoil\n|move|p2b: Primarina|Moonblast|p1a: Tatsugiri\n|-supereffective|p1a: Tatsugiri\n|-damage|p1a: Tatsugiri|0 fnt\n|faint|p1a: Tatsugiri\n|\n|-weather|none\n|-heal|p2a: Rillaboom|22\/100|[from] Grassy Terrain\n|upkeep\n|\n|t:|1728490854\n|switch|p1a: Annihilape|Annihilape, L50, F, tera:Water|50\/100\n|turn|8\n|j| g cy gvjhbnj\n|\n|t:|1728490861\n|move|p1a: Annihilape|Protect|p1a: Annihilape\n|-singleturn|p1a: Annihilape|Protect\n|move|p2a: Rillaboom|Grassy Glide|p1a: Annihilape\n|-activate|p1a: Annihilape|move: Protect\n|move|p2b: Primarina|Moonblast|p1a: Annihilape\n|-activate|p1a: Annihilape|move: Protect\n|\n|-heal|p1a: Annihilape|56\/100|[from] Grassy Terrain\n|-heal|p2a: Rillaboom|28\/100|[from] Grassy Terrain\n|-fieldend|move: Grassy Terrain\n|upkeep\n|turn|9\n|l| superidol192du\n|inactive|googer315 has 30 seconds left.\n|\n|t:|1728490895\n|move|p2a: Rillaboom|Protect|p2a: Rillaboom\n|-singleturn|p2a: Rillaboom|Protect\n|move|p1a: Annihilape|Drain Punch|p2a: Rillaboom\n|-activate|p2a: Rillaboom|move: Protect\n|move|p2b: Primarina|Moonblast|p1a: Annihilape\n|-damage|p1a: Annihilape|16\/100\n|\n|upkeep\n|turn|10\n|-message|googer315 forfeited.\n|\n|win|MillerH33\n|raw|googer315's rating: 1718 &rarr; <strong>1696<\/strong><br \/>(-22 for losing)\n|raw|MillerH33's rating: 1676 &rarr; <strong>1698<\/strong><br \/>(+22 for winning)\n|l|\u2606googer315\n|player|p1|\n|l| Therazer456\n|l|\u203dMillerH33\n|player|p2|\n|l| infinitygroudon\n","uploadtime":1728490934,"views":13,"formatid":"gen9vgc2024regh","rating":1696,"private":0,"password":null}