{"id":"gen9vgc2024regh-2219193081","format":"[Gen 9] VGC 2024 Reg H","players":["pokehys3","roykeenkennedy"],"log":"|j|\u2606pokehys3\n|j|\u2606roykeenkennedy\n|t:|1728471504\n|gametype|doubles\n|player|p1|pokehys3|102|1699\n|player|p2|roykeenkennedy|alder|1790\n|teamsize|p1|6\n|teamsize|p2|6\n|gen|9\n|tier|[Gen 9] VGC 2024 Reg H\n|rated|\n|rule|Species Clause: Limit one of each Pok\u00e9mon\n|rule|Item Clause: Limit 1 of each item\n|clearpoke\n|poke|p1|Dragapult, L50, M|\n|poke|p1|Sneasler, L50, F|\n|poke|p1|Indeedee, L50, M|\n|poke|p1|Talonflame, L50, M|\n|poke|p1|Gholdengo, L50|\n|poke|p1|Amoonguss, L50, M|\n|poke|p2|Salamence, L50, F|\n|poke|p2|Incineroar, L50, M|\n|poke|p2|Weezing, L50, M|\n|poke|p2|Dragapult, L50, M|\n|poke|p2|Ursaluna-Bloodmoon, L50, M|\n|poke|p2|Volcarona, L50, M|\n|teampreview|4\n|inactive|Battle timer is ON: inactive players will automatically lose when time's up. (requested by pokehys3)\n|inactive|roykeenkennedy has 60 seconds left.\n|\n|t:|1728471538\n|start\n|switch|p1a: Talonflame|Talonflame, L50, M|100\/100\n|switch|p1b: Gholdengo|Gholdengo, L50|100\/100\n|switch|p2a: Salamence|Salamence, L50, F|100\/100\n|switch|p2b: Weezing|Weezing, L50, M|100\/100\n|-ability|p2b: Weezing|Neutralizing Gas\n|turn|1\n|inactive|pokehys3 has 30 seconds left.\n|inactive|roykeenkennedy has 30 seconds left.\n|\n|t:|1728471569\n|move|p2b: Weezing|Protect|p2b: Weezing\n|-singleturn|p2b: Weezing|Protect\n|move|p2a: Salamence|Rock Slide|p1b: Gholdengo|[spread] p1a,p1b\n|-supereffective|p1a: Talonflame\n|-resisted|p1b: Gholdengo\n|-damage|p1a: Talonflame|0 fnt\n|-damage|p1b: Gholdengo|89\/100\n|faint|p1a: Talonflame\n|cant|p1b: Gholdengo|flinch\n|\n|upkeep\n|c|\u2606pokehys3|wtf lmao\n|c|\u2606pokehys3|scarf rockslide mence\n|\n|t:|1728471587\n|switch|p1a: Indeedee|Indeedee, L50, M|100\/100\n|turn|2\n|j| bjvgc1\n|j| Tiaolevgc\n|\n|t:|1728471610\n|switch|p2a: Incineroar|Incineroar, L50, M|100\/100\n|-ability|p2a: Incineroar|Intimidate|boost\n|-unboost|p1a: Indeedee|atk|1\n|-unboost|p1b: Gholdengo|atk|1\n|-terastallize|p2b: Weezing|Ghost\n|move|p1a: Indeedee|Expanding Force|p2b: Weezing\n|-damage|p2b: Weezing|50\/100\n|move|p1b: Gholdengo|Make It Rain|p2a: Incineroar|[spread] p2a,p2b\n|-resisted|p2a: Incineroar\n|-damage|p2a: Incineroar|70\/100\n|-damage|p2b: Weezing|0 fnt\n|-unboost|p1b: Gholdengo|spa|1\n|faint|p2b: Weezing\n|-end|p2b: Weezing|ability: Neutralizing Gas\n|-fieldstart|move: Psychic Terrain|[from] ability: Psychic Surge|[of] p1a: Indeedee\n|\n|upkeep\n|\n|t:|1728471628\n|switch|p2b: Volcarona|Volcarona, L50, M|100\/100\n|turn|3\n|\n|t:|1728471641\n|switch|p1b: Sneasler|Sneasler, L50, F|100\/100\n|-enditem|p1b: Sneasler|Psychic Seed\n|-boost|p1b: Sneasler|spd|1|[from] item: Psychic Seed\n|-terastallize|p1a: Indeedee|Fighting\n|move|p2b: Volcarona|Struggle Bug|p1a: Indeedee|[spread] p1a,p1b\n|-resisted|p1a: Indeedee\n|-crit|p1a: Indeedee\n|-resisted|p1b: Sneasler\n|-damage|p1a: Indeedee|83\/100\n|-damage|p1b: Sneasler|97\/100\n|-unboost|p1a: Indeedee|spa|1\n|-unboost|p1b: Sneasler|spa|1\n|move|p1a: Indeedee|Tera Blast|p2a: Incineroar|[anim] Tera Blast Fighting\n|-supereffective|p2a: Incineroar\n|-damage|p2a: Incineroar|30\/100\n|move|p2a: Incineroar|Knock Off|p1b: Sneasler\n|-resisted|p1b: Sneasler\n|-damage|p1b: Sneasler|74\/100\n|\n|upkeep\n|turn|4\n|inactive|roykeenkennedy has 30 seconds left.\n|\n|t:|1728471669\n|move|p1b: Sneasler|Dire Claw|p2b: Volcarona\n|-damage|p2b: Volcarona|39\/100\n|move|p2b: Volcarona|Heat Wave|p1b: Sneasler|[spread] p1a,p1b\n|-crit|p1b: Sneasler\n|-damage|p1a: Indeedee|34\/100\n|-damage|p1b: Sneasler|0 fnt\n|faint|p1b: Sneasler\n|move|p1a: Indeedee|Expanding Force|p2a: Incineroar|[spread] p2b\n|-immune|p2a: Incineroar\n|-damage|p2b: Volcarona|4\/100\n|move|p2a: Incineroar|Parting Shot|p1a: Indeedee\n|-unboost|p1a: Indeedee|atk|1\n|-unboost|p1a: Indeedee|spa|1\n|\n|t:|1728471686\n|switch|p2a: Salamence|Salamence, L50, F|100\/100|[from] Parting Shot\n|\n|upkeep\n|\n|t:|1728471688\n|switch|p1b: Gholdengo|Gholdengo, L50|89\/100\n|turn|5\n|\n|t:|1728471701\n|move|p2a: Salamence|Breaking Swipe|p1b: Gholdengo|[spread] p1a,p1b\n|-resisted|p1b: Gholdengo\n|-damage|p1a: Indeedee|0 fnt\n|-damage|p1b: Gholdengo|74\/100\n|-unboost|p1b: Gholdengo|atk|1\n|faint|p1a: Indeedee\n|-ability|p2a: Salamence|Moxie|boost\n|-boost|p2a: Salamence|atk|1\n|move|p2b: Volcarona|Heat Wave|p1b: Gholdengo\n|-supereffective|p1b: Gholdengo\n|-damage|p1b: Gholdengo|0 fnt\n|faint|p1b: Gholdengo\n|\n|win|roykeenkennedy\n|raw|pokehys3's rating: 1699 &rarr; <strong>1684<\/strong><br \/>(-15 for losing)\n|raw|roykeenkennedy's rating: 1790 &rarr; <strong>1805<\/strong><br \/>(+15 for winning)\n|l|\u2606pokehys3\n|player|p1|\n|l|\u2606roykeenkennedy\n|player|p2|\n|l| bjvgc1\n","uploadtime":1728471849,"views":30,"formatid":"gen9vgc2024regh","rating":1684,"private":0,"password":null}