{"id":"gen9vgc2024regh-2219389184","format":"[Gen 9] VGC 2024 Reg H","players":["Isloe","bieiup"],"log":"|j|\u2606Isloe\n|j|\u2606bieiup\n|t:|1728491251\n|gametype|doubles\n|player|p1|Isloe|dahlia|1751\n|player|p2|bieiup|lillie-z|1757\n|teamsize|p1|6\n|teamsize|p2|6\n|gen|9\n|tier|[Gen 9] VGC 2024 Reg H\n|rated|\n|rule|Species Clause: Limit one of each Pok\u00e9mon\n|rule|Item Clause: Limit 1 of each item\n|clearpoke\n|poke|p1|Amoonguss, L50, M|\n|poke|p1|Incineroar, L50, M|\n|poke|p1|Gholdengo, L50|\n|poke|p1|Ursaluna, L50, F|\n|poke|p1|Sneasler, L50, F|\n|poke|p1|Porygon2, L50|\n|poke|p2|Sableye, L50, M|\n|poke|p2|Dondozo, L50, M|\n|poke|p2|Sylveon, L50, F|\n|poke|p2|Dragonite, L50, M|\n|poke|p2|Gholdengo, L50|\n|poke|p2|Ursaluna-Bloodmoon, L50, M|\n|teampreview|4\n|j| hikariivgc\n|l| hikariivgc\n|inactive|Battle timer is ON: inactive players will automatically lose when time's up. (requested by bieiup)\n|j| hikariivgc\n|l| hikariivgc\n|inactive|Isloe has 60 seconds left.\n|\n|t:|1728491305\n|start\n|switch|p1a: Incineroar|Incineroar, L50, M|100\/100\n|switch|p1b: Porygon2|Porygon2, L50|100\/100\n|switch|p2a: Sableye|Sableye, L50, M|100\/100\n|switch|p2b: Sylveon|Sylveon, L50, F|100\/100\n|-ability|p1a: Incineroar|Intimidate|boost\n|-unboost|p2a: Sableye|atk|1\n|-unboost|p2b: Sylveon|atk|1\n|-ability|p1b: Porygon2|Download|boost\n|-boost|p1b: Porygon2|atk|1\n|turn|1\n|j| Therazer456\n|\n|t:|1728491327\n|move|p2a: Sableye|Fake Out|p1a: Incineroar\n|-damage|p1a: Incineroar|95\/100\n|cant|p1a: Incineroar|flinch\n|move|p2b: Sylveon|Hyper Voice|p1b: Porygon2|[spread] p1a,p1b\n|-damage|p1a: Incineroar|59\/100\n|-damage|p1b: Porygon2|78\/100\n|-enditem|p2b: Sylveon|Throat Spray\n|-boost|p2b: Sylveon|spa|1|[from] item: Throat Spray\n|move|p1b: Porygon2|Trick Room|p1b: Porygon2\n|-fieldstart|move: Trick Room|[of] p1b: Porygon2\n|\n|upkeep\n|turn|2\n|\n|t:|1728491340\n|switch|p1b: Amoonguss|Amoonguss, L50, M|100\/100\n|move|p2a: Sableye|Encore||[still]\n|-fail|p2a: Sableye\n|move|p2b: Sylveon|Hyper Voice|p1b: Amoonguss|[spread] p1a,p1b\n|-resisted|p1b: Amoonguss\n|-damage|p1a: Incineroar|7\/100\n|-damage|p1b: Amoonguss|72\/100\n|move|p1a: Incineroar|Parting Shot|p2b: Sylveon\n|-unboost|p2b: Sylveon|atk|1\n|-unboost|p2b: Sylveon|spa|1\n|\n|t:|1728491348\n|switch|p1a: Ursaluna|Ursaluna, L50, F|100\/100|[from] Parting Shot\n|\n|-status|p1a: Ursaluna|brn|[from] item: Flame Orb\n|upkeep\n|turn|3\n|\n|t:|1728491360\n|move|p2b: Sylveon|Protect|p2b: Sylveon\n|-singleturn|p2b: Sylveon|Protect\n|move|p2a: Sableye|Light Screen|p2a: Sableye\n|-sidestart|p2: bieiup|move: Light Screen\n|move|p1b: Amoonguss|Spore|p2a: Sableye\n|-status|p2a: Sableye|slp|[from] move: Spore\n|move|p1a: Ursaluna|Facade|p2b: Sylveon\n|-activate|p2b: Sylveon|move: Protect\n|\n|-damage|p1a: Ursaluna|95\/100 brn|[from] brn\n|upkeep\n|turn|4\n|j| ChromeBone\n|\n|t:|1728491384\n|move|p2b: Sylveon|Protect||[still]\n|-fail|p2b: Sylveon\n|cant|p2a: Sableye|slp\n|move|p1b: Amoonguss|Pollen Puff|p2a: Sableye\n|-damage|p2a: Sableye|83\/100 slp\n|move|p1a: Ursaluna|Facade|p2b: Sylveon\n|-damage|p2b: Sylveon|0 fnt\n|faint|p2b: Sylveon\n|\n|-damage|p1a: Ursaluna|89\/100 brn|[from] brn\n|upkeep\n|\n|t:|1728491394\n|switch|p2b: Ursaluna|Ursaluna-Bloodmoon, L50, M|100\/100\n|turn|5\n|\n|t:|1728491411\n|-terastallize|p2b: Ursaluna|Steel\n|cant|p2a: Sableye|slp\n|move|p1b: Amoonguss|Spore|p2b: Ursaluna\n|-status|p2b: Ursaluna|slp|[from] move: Spore\n|move|p1a: Ursaluna|Headlong Rush|p2a: Sableye\n|-damage|p2a: Sableye|0 fnt\n|-unboost|p1a: Ursaluna|def|1\n|-unboost|p1a: Ursaluna|spd|1\n|faint|p2a: Sableye\n|cant|p2b: Ursaluna|slp\n|\n|-damage|p1a: Ursaluna|83\/100 brn|[from] brn\n|-fieldend|move: Trick Room\n|upkeep\n|j| ideaE\n|\n|t:|1728491419\n|switch|p2a: Dondozo|Dondozo, L50, M|100\/100\n|turn|6\n|\n|t:|1728491429\n|switch|p1a: Porygon2|Porygon2, L50|78\/100\n|-ability|p1a: Porygon2|Download|boost\n|-boost|p1a: Porygon2|spa|1\n|-curestatus|p2b: Ursaluna|slp|[msg]\n|move|p2b: Ursaluna|Blood Moon|p1a: Porygon2\n|-damage|p1a: Porygon2|11\/100\n|-damage|p2b: Ursaluna|91\/100|[from] item: Life Orb\n|move|p1b: Amoonguss|Spore|p2a: Dondozo\n|-status|p2a: Dondozo|slp|[from] move: Spore\n|-enditem|p2a: Dondozo|Chesto Berry|[eat]\n|-curestatus|p2a: Dondozo|slp|[msg]\n|move|p2a: Dondozo|Fissure|p1b: Amoonguss|[miss]\n|-miss|p2a: Dondozo|p1b: Amoonguss\n|\n|upkeep\n|turn|7\n|l| ChromeBone\n|inactive|Isloe has 30 seconds left.\n|\n|t:|1728491464\n|move|p2b: Ursaluna|Hyper Voice|p1b: Amoonguss|[spread] p1a,p1b\n|-damage|p1a: Porygon2|0 fnt\n|-damage|p1b: Amoonguss|30\/100\n|-enditem|p1b: Amoonguss|Sitrus Berry|[eat]\n|-heal|p1b: Amoonguss|55\/100|[from] item: Sitrus Berry\n|faint|p1a: Porygon2\n|-damage|p2b: Ursaluna|81\/100|[from] item: Life Orb\n|move|p1b: Amoonguss|Spore|p2a: Dondozo\n|-status|p2a: Dondozo|slp|[from] move: Spore\n|cant|p2a: Dondozo|slp\n|\n|-sideend|p2: bieiup|move: Light Screen\n|upkeep\n|\n|t:|1728491471\n|switch|p1a: Incineroar|Incineroar, L50, M|7\/100\n|-ability|p1a: Incineroar|Intimidate|boost\n|-unboost|p2a: Dondozo|atk|1\n|-unboost|p2b: Ursaluna|atk|1\n|turn|8\n|\n|t:|1728491487\n|move|p2b: Ursaluna|Vacuum Wave|p1a: Incineroar\n|-supereffective|p1a: Incineroar\n|-damage|p1a: Incineroar|0 fnt\n|faint|p1a: Incineroar\n|-damage|p2b: Ursaluna|72\/100|[from] item: Life Orb\n|move|p1b: Amoonguss|Pollen Puff|p1: Incineroar|[notarget]\n|-fail|p1b: Amoonguss\n|cant|p2a: Dondozo|slp\n|\n|upkeep\n|\n|t:|1728491490\n|switch|p1a: Ursaluna|Ursaluna, L50, F|83\/100 brn\n|turn|9\n|inactive|Isloe has 30 seconds left.\n|\n|t:|1728491516\n|move|p1b: Amoonguss|Rage Powder|p1b: Amoonguss\n|-singleturn|p1b: Amoonguss|move: Rage Powder\n|move|p2b: Ursaluna|Blood Moon|p1b: Amoonguss\n|-damage|p1b: Amoonguss|0 fnt\n|faint|p1b: Amoonguss\n|-damage|p2b: Ursaluna|62\/100|[from] item: Life Orb\n|move|p1a: Ursaluna|Headlong Rush|p2b: Ursaluna\n|-supereffective|p2b: Ursaluna\n|-damage|p2b: Ursaluna|0 fnt\n|-unboost|p1a: Ursaluna|def|1\n|-unboost|p1a: Ursaluna|spd|1\n|faint|p2b: Ursaluna\n|cant|p2a: Dondozo|slp\n|\n|-damage|p1a: Ursaluna|77\/100 brn|[from] brn\n|upkeep\n|turn|10\n|\n|t:|1728491526\n|-terastallize|p1a: Ursaluna|Ghost\n|move|p1a: Ursaluna|Facade|p2a: Dondozo\n|-damage|p2a: Dondozo|29\/100 slp\n|-curestatus|p2a: Dondozo|slp|[msg]\n|move|p2a: Dondozo|Fissure|p1a: Ursaluna|[miss]\n|-miss|p2a: Dondozo|p1a: Ursaluna\n|\n|-damage|p1a: Ursaluna|71\/100 brn|[from] brn\n|upkeep\n|turn|11\n|-message|bieiup forfeited.\n|\n|win|Isloe\n|raw|Isloe's rating: 1751 &rarr; <strong>1771<\/strong><br \/>(+20 for winning)\n|raw|bieiup's rating: 1757 &rarr; <strong>1737<\/strong><br \/>(-20 for losing)\n|l|\u2606bieiup\n|player|p2|\n|l| Therazer456\n|l| ideaE\n","uploadtime":1728491723,"views":18,"formatid":"gen9vgc2024regh","rating":1737,"private":0,"password":null}