{"id":"gen9vgc2024regh-2219863030","format":"[Gen 9] VGC 2024 Reg H","players":["navinsachump","carrotbeafsteak"],"log":"|j|\u2606navinsachump\n|j|\u2606carrotbeafsteak\n|t:|1728548256\n|gametype|doubles\n|player|p1|navinsachump|101|1692\n|player|p2|carrotbeafsteak|2|1700\n|teamsize|p1|6\n|teamsize|p2|6\n|gen|9\n|tier|[Gen 9] VGC 2024 Reg H\n|rated|\n|rule|Species Clause: Limit one of each Pok\u00e9mon\n|rule|Item Clause: Limit 1 of each item\n|clearpoke\n|poke|p1|Blaziken, L50, F|\n|poke|p1|Kingambit, L50, F|\n|poke|p1|Rillaboom, L50, M|\n|poke|p1|Electabuzz, L50, M|\n|poke|p1|Dragapult, L50, F|\n|poke|p1|Primarina, L50, F|\n|poke|p2|Whimsicott, L50, M|\n|poke|p2|Typhlosion-Hisui, L50, M|\n|poke|p2|Indeedee-F, L50, F|\n|poke|p2|Armarouge, L50, F|\n|poke|p2|Sneasler, L50, F|\n|poke|p2|Pawmot, L50, F|\n|teampreview|4\n|inactive|Battle timer is ON: inactive players will automatically lose when time's up. (requested by navinsachump)\n|\n|t:|1728548300\n|start\n|switch|p1a: Blaziken|Blaziken, L50, F, shiny|100\/100\n|switch|p1b: Kingambit|Kingambit, L50, F|100\/100\n|switch|p2a: Sneasler|Sneasler, L50, F|100\/100\n|switch|p2b: Whimsicott|Whimsicott, L50, M|100\/100\n|turn|1\n|\n|t:|1728548318\n|-terastallize|p1b: Kingambit|Fire\n|move|p2b: Whimsicott|Tailwind|p2b: Whimsicott\n|-sidestart|p2: carrotbeafsteak|move: Tailwind\n|move|p2a: Sneasler|Close Combat|p1b: Kingambit\n|-damage|p1b: Kingambit|49\/100\n|-unboost|p2a: Sneasler|def|1\n|-unboost|p2a: Sneasler|spd|1\n|move|p1a: Blaziken|Flare Blitz|p2a: Sneasler\n|-damage|p2a: Sneasler|0 fnt\n|faint|p2a: Sneasler\n|-damage|p1a: Blaziken|68\/100|[from] Recoil\n|move|p1b: Kingambit|Iron Head|p2b: Whimsicott\n|-supereffective|p2b: Whimsicott\n|-damage|p2b: Whimsicott|17\/100\n|\n|-ability|p1a: Blaziken|Speed Boost|boost\n|-boost|p1a: Blaziken|spe|1\n|upkeep\n|\n|t:|1728548330\n|switch|p2a: Armarouge|Armarouge, L50, F|100\/100\n|turn|2\n|\n|t:|1728548352\n|switch|p2b: Indeedee|Indeedee-F, L50, F|100\/100\n|-fieldstart|move: Psychic Terrain|[from] ability: Psychic Surge|[of] p2b: Indeedee\n|move|p1a: Blaziken|Protect|p1a: Blaziken\n|-singleturn|p1a: Blaziken|Protect\n|move|p2a: Armarouge|Expanding Force|p1a: Blaziken|[spread] p1b\n|-activate|p1a: Blaziken|move: Protect\n|-crit|p1b: Kingambit\n|-damage|p1b: Kingambit|0 fnt\n|faint|p1b: Kingambit\n|\n|-ability|p1a: Blaziken|Speed Boost|boost\n|-boost|p1a: Blaziken|spe|1\n|upkeep\n|\n|t:|1728548362\n|switch|p1b: Rillaboom|Rillaboom, L50, M|100\/100\n|-fieldstart|move: Grassy Terrain|[from] ability: Grassy Surge|[of] p1b: Rillaboom\n|turn|3\n|\n|t:|1728548382\n|switch|p2b: Whimsicott|Whimsicott, L50, M|17\/100\n|move|p1b: Rillaboom|Fake Out|p2a: Armarouge\n|-damage|p2a: Armarouge|87\/100\n|-ability|p2a: Armarouge|Weak Armor|boost\n|-unboost|p2a: Armarouge|def|1\n|-boost|p2a: Armarouge|spe|2\n|cant|p2a: Armarouge|flinch\n|move|p1a: Blaziken|Close Combat|p2b: Whimsicott\n|-resisted|p2b: Whimsicott\n|-damage|p2b: Whimsicott|0 fnt\n|-unboost|p1a: Blaziken|def|1\n|-unboost|p1a: Blaziken|spd|1\n|faint|p2b: Whimsicott\n|\n|-heal|p2a: Armarouge|93\/100|[from] Grassy Terrain\n|-heal|p1a: Blaziken|73\/100|[from] Grassy Terrain\n|-ability|p1a: Blaziken|Speed Boost|boost\n|-boost|p1a: Blaziken|spe|1\n|upkeep\n|\n|t:|1728548388\n|switch|p2b: Indeedee|Indeedee-F, L50, F|100\/100\n|-fieldstart|move: Psychic Terrain|[from] ability: Psychic Surge|[of] p2b: Indeedee\n|turn|4\n|\n|t:|1728548402\n|switch|p1b: Dragapult|Dragapult, L50, F|100\/100\n|-terastallize|p2a: Armarouge|Psychic\n|move|p1a: Blaziken|Protect|p1a: Blaziken\n|-singleturn|p1a: Blaziken|Protect\n|move|p2a: Armarouge|Expanding Force|p1a: Blaziken|[spread] p1b\n|-activate|p1a: Blaziken|move: Protect\n|-damage|p1b: Dragapult|0 fnt\n|faint|p1b: Dragapult\n|move|p2b: Indeedee|Trick|p2a: Armarouge\n|-activate|p2b: Indeedee|move: Trick|[of] p2a: Armarouge\n|-item|p2a: Armarouge|Ring Target|[from] move: Trick\n|-item|p2b: Indeedee|Choice Specs|[from] move: Trick\n|\n|-sideend|p2: carrotbeafsteak|move: Tailwind\n|-ability|p1a: Blaziken|Speed Boost|boost\n|-boost|p1a: Blaziken|spe|1\n|upkeep\n|\n|t:|1728548405\n|switch|p1b: Rillaboom|Rillaboom, L50, M|100\/100\n|-fieldstart|move: Grassy Terrain|[from] ability: Grassy Surge|[of] p1b: Rillaboom\n|turn|5\n|\n|t:|1728548422\n|move|p1b: Rillaboom|Fake Out|p2b: Indeedee\n|-damage|p2b: Indeedee|86\/100\n|cant|p2b: Indeedee|flinch\n|move|p1a: Blaziken|Flare Blitz|p2a: Armarouge\n|-damage|p2a: Armarouge|0 fnt\n|faint|p2a: Armarouge\n|-damage|p1a: Blaziken|38\/100|[from] Recoil\n|\n|-heal|p1a: Blaziken|44\/100|[from] Grassy Terrain\n|-heal|p2b: Indeedee|93\/100|[from] Grassy Terrain\n|-ability|p1a: Blaziken|Speed Boost|boost\n|-boost|p1a: Blaziken|spe|1\n|upkeep\n|turn|6\n|-message|carrotbeafsteak forfeited.\n|\n|win|navinsachump\n|raw|navinsachump's rating: 1692 &rarr; <strong>1712<\/strong><br \/>(+20 for winning)\n|raw|carrotbeafsteak's rating: 1700 &rarr; <strong>1680<\/strong><br \/>(-20 for losing)\n|l|\u2606carrotbeafsteak\n|player|p2|\n|l|\u2606navinsachump\n|player|p1|\n","uploadtime":1728548606,"views":13,"formatid":"gen9vgc2024regh","rating":1680,"private":0,"password":null}