{"id":"gen9vgc2024regh-2219178605","format":"[Gen 9] VGC 2024 Reg H","players":["Geodude3138","yumeiouo"],"log":"|j|\u2606Geodude3138\n|j|\u2606yumeiouo\n|t:|1728469387\n|gametype|doubles\n|player|p1|Geodude3138|psychicf|1680\n|player|p2|yumeiouo|dawn|1896\n|teamsize|p1|6\n|teamsize|p2|6\n|gen|9\n|tier|[Gen 9] VGC 2024 Reg H\n|rated|\n|rule|Species Clause: Limit one of each Pok\u00e9mon\n|rule|Item Clause: Limit 1 of each item\n|clearpoke\n|poke|p1|Sneasler, L50, M|\n|poke|p1|Gholdengo, L50|\n|poke|p1|Dragapult, L50, F|\n|poke|p1|Rillaboom, L50, M|\n|poke|p1|Kingambit, L50, F|\n|poke|p1|Incineroar, L50, F|\n|poke|p2|Gholdengo, L50|\n|poke|p2|Dragonite, L50, M|\n|poke|p2|Kingambit, L50, M|\n|poke|p2|Annihilape, L50, F|\n|poke|p2|Whimsicott, L50, F|\n|poke|p2|Volcarona, L50, F|\n|teampreview|4\n|j| LightWatt\n|l|\u2606Geodude3138\n|player|p1|\n|j|\u2606Geodude3138\n|player|p1|Geodude3138|psychicf|\n|j| bjvgc1\n|j| Tian15\n|inactive|Battle timer is ON: inactive players will automatically lose when time's up. (requested by yumeiouo)\n|\n|t:|1728469464\n|start\n|switch|p1a: Sneasler|Sneasler, L50, M|100\/100\n|switch|p1b: Kingambit|Kingambit, L50, F|100\/100\n|switch|p2a: Gholdengo|Gholdengo, L50, shiny|100\/100\n|switch|p2b: Dragonite|Dragonite, L50, M, shiny|100\/100\n|turn|1\n|\n|t:|1728469480\n|move|p1a: Sneasler|Fake Out|p2b: Dragonite\n|-damage|p2b: Dragonite|93\/100\n|move|p2a: Gholdengo|Make It Rain|p1a: Sneasler|[spread] p1a,p1b\n|-resisted|p1b: Kingambit\n|-damage|p1a: Sneasler|22\/100\n|-damage|p1b: Kingambit|77\/100\n|-unboost|p2a: Gholdengo|spa|1\n|cant|p2b: Dragonite|flinch\n|move|p1b: Kingambit|Kowtow Cleave|p2a: Gholdengo\n|-supereffective|p2a: Gholdengo\n|-crit|p2a: Gholdengo\n|-damage|p2a: Gholdengo|0 fnt\n|faint|p2a: Gholdengo\n|\n|upkeep\n|\n|t:|1728469503\n|switch|p2a: Kingambit|Kingambit, L50, M, shiny|100\/100\n|turn|2\n|inactive|Geodude3138 has 30 seconds left.\n|\n|t:|1728469536\n|switch|p1a: Dragapult|Dragapult, L50, F|100\/100\n|move|p2a: Kingambit|Protect|p2a: Kingambit\n|-singleturn|p2a: Kingambit|Protect\n|move|p1b: Kingambit|Protect|p1b: Kingambit\n|-singleturn|p1b: Kingambit|Protect\n|move|p2b: Dragonite|Low Kick|p1b: Kingambit\n|-activate|p1b: Kingambit|move: Protect\n|\n|upkeep\n|turn|3\n|inactive|Geodude3138 has 30 seconds left.\n|inactive|yumeiouo has 30 seconds left.\n|inactive|Geodude3138 has 20 seconds left.\n|inactive|yumeiouo has 20 seconds left.\n|\n|t:|1728469574\n|-terastallize|p1a: Dragapult|Dragon\n|move|p2b: Dragonite|Extreme Speed|p1a: Dragapult\n|-damage|p1a: Dragapult|60\/100\n|move|p2a: Kingambit|Sucker Punch|p1a: Dragapult\n|-damage|p1a: Dragapult|1\/100\n|move|p1b: Kingambit|Sucker Punch||[still]\n|-fail|p1b: Kingambit\n|move|p1a: Dragapult|Dragon Darts|p2b: Dragonite\n|-supereffective|p2b: Dragonite\n|-damage|p2b: Dragonite|0 fnt\n|-anim|p1a: Dragapult|Dragon Darts|p2a: Kingambit\n|-resisted|p2a: Kingambit\n|-damage|p2a: Kingambit|80\/100\n|faint|p2b: Dragonite\n|\n|upkeep\n|\n|t:|1728469581\n|switch|p2b: Annihilape|Annihilape, L50, F, shiny|100\/100\n|turn|4\n|\n|t:|1728469595\n|move|p2a: Kingambit|Sucker Punch|p1a: Dragapult\n|-damage|p1a: Dragapult|0 fnt\n|faint|p1a: Dragapult\n|move|p2b: Annihilape|Coaching|p2a: Kingambit\n|-boost|p2a: Kingambit|atk|1\n|-boost|p2a: Kingambit|def|1\n|move|p1b: Kingambit|Kowtow Cleave|p2b: Annihilape\n|-damage|p2b: Annihilape|44\/100\n|-enditem|p2b: Annihilape|Sitrus Berry|[eat]\n|-heal|p2b: Annihilape|69\/100|[from] item: Sitrus Berry\n|\n|upkeep\n|\n|t:|1728469614\n|switch|p1a: Sneasler|Sneasler, L50, M|22\/100\n|turn|5\n|\n|t:|1728469635\n|move|p2a: Kingambit|Sucker Punch|p1a: Sneasler\n|-resisted|p1a: Sneasler\n|-damage|p1a: Sneasler|0 fnt\n|faint|p1a: Sneasler\n|move|p2b: Annihilape|Close Combat|p1b: Kingambit\n|-supereffective|p1b: Kingambit\n|-damage|p1b: Kingambit|0 fnt\n|-unboost|p2b: Annihilape|def|1\n|-unboost|p2b: Annihilape|spd|1\n|faint|p1b: Kingambit\n|\n|upkeep\n|-message|Geodude3138 forfeited.\n|\n|win|yumeiouo\n|raw|Geodude3138's rating: 1680 &rarr; <strong>1671<\/strong><br \/>(-9 for losing)\n|raw|yumeiouo's rating: 1896 &rarr; <strong>1905<\/strong><br \/>(+9 for winning)\n|l|\u2606Geodude3138\n|player|p1|\n|l|\u2606yumeiouo\n|player|p2|\n|l| LightWatt\n|l| Tian15\n|l| bjvgc1\n","uploadtime":1728469895,"views":28,"formatid":"gen9vgc2024regh","rating":1671,"private":0,"password":null}