{"id":"gen9vgc2024regh-2219621545","format":"[Gen 9] VGC 2024 Reg H","players":["actuary97","roykeenkennedy"],"log":"|j|\u2606actuary97\n|j|\u2606roykeenkennedy\n|t:|1728513037\n|gametype|doubles\n|player|p1|actuary97|sabrina-frlg|1756\n|player|p2|roykeenkennedy|alder|1819\n|teamsize|p1|6\n|teamsize|p2|6\n|gen|9\n|tier|[Gen 9] VGC 2024 Reg H\n|rated|\n|rule|Species Clause: Limit one of each Pok\u00e9mon\n|rule|Item Clause: Limit 1 of each item\n|clearpoke\n|poke|p1|Incineroar, L50, M|\n|poke|p1|Whimsicott, L50, F|\n|poke|p1|Gallade, L50, M|\n|poke|p1|Malamar, L50, F|\n|poke|p1|Indeedee, L50, M|\n|poke|p1|Archaludon, L50, F|\n|poke|p2|Salamence, L50, M|\n|poke|p2|Incineroar, L50, M|\n|poke|p2|Weezing, L50, M|\n|poke|p2|Dragapult, L50, F|\n|poke|p2|Ursaluna-Bloodmoon, L50, M|\n|poke|p2|Volcarona, L50, F|\n|teampreview|4\nactuary97 has agreed to open team sheets.\n|\n|t:|1728513065\n|start\n|switch|p1a: Mischief Mother|Whimsicott, L50, F, shiny|100\/100\n|switch|p1b: Tapu Deedee|Indeedee, L50, M, shiny|100\/100\n|switch|p2a: Salamence|Salamence, L50, M|100\/100\n|switch|p2b: Weezing|Weezing, L50, M|100\/100\n|-ability|p2b: Weezing|Neutralizing Gas\n|turn|1\n|\n|t:|1728513083\n|-terastallize|p2b: Weezing|Ghost\n|move|p2a: Salamence|Dual Wingbeat|p1a: Mischief Mother\n|-supereffective|p1a: Mischief Mother\n|-damage|p1a: Mischief Mother|34\/100\n|-supereffective|p1a: Mischief Mother\n|-damage|p1a: Mischief Mother|0 fnt\n|faint|p1a: Mischief Mother\n|-hitcount|p1: Mischief Mother|2\n|move|p1b: Tapu Deedee|Expanding Force|p2b: Weezing\n|-damage|p2b: Weezing|37\/100\n|move|p2b: Weezing|Sludge Bomb|p1b: Tapu Deedee\n|-damage|p1b: Tapu Deedee|65\/100\n|\n|-heal|p2b: Weezing|43\/100|[from] item: Leftovers\n|upkeep\n|\n|t:|1728513089\n|switch|p1a: Malamother|Malamar, L50, F, shiny|100\/100\n|turn|2\n|\n|t:|1728513108\n|switch|p1b: Bridget|Archaludon, L50, F, shiny|100\/100\n|move|p2a: Salamence|Dual Wingbeat|p1b: Bridget\n|-resisted|p1b: Bridget\n|-damage|p1b: Bridget|92\/100\n|-resisted|p1b: Bridget\n|-damage|p1b: Bridget|83\/100\n|-hitcount|p1b: Bridget|2\n|move|p1a: Malamother|Knock Off|p2b: Weezing\n|-supereffective|p2b: Weezing\n|-damage|p2b: Weezing|0 fnt\n|-enditem|p2b: Weezing|Leftovers|[from] move: Knock Off|[of] p1a: Malamother\n|faint|p2b: Weezing\n|-end|p2b: Weezing|ability: Neutralizing Gas\n|\n|upkeep\n|c|\u2606actuary97|bro scarf salamence?\n|\n|t:|1728513126\n|switch|p2b: Volcarona|Volcarona, L50, F|100\/100\n|turn|3\n|\n|t:|1728513134\n|-terastallize|p1a: Malamother|Fire\n|move|p2a: Salamence|Dual Wingbeat|p1a: Malamother\n|-damage|p1a: Malamother|77\/100\n|-damage|p1a: Malamother|55\/100\n|-hitcount|p1a: Malamother|2\n|move|p2b: Volcarona|Heat Wave|p1a: Malamother|[spread] p1a\n|-miss|p2b: Volcarona|p1b: Bridget\n|-resisted|p1a: Malamother\n|-damage|p1a: Malamother|36\/100\n|-enditem|p1a: Malamother|Sitrus Berry|[eat]\n|-heal|p1a: Malamother|61\/100|[from] item: Sitrus Berry\n|move|p1b: Bridget|Snarl|p2b: Volcarona|[spread] p2a,p2b\n|-damage|p2a: Salamence|86\/100\n|-damage|p2b: Volcarona|88\/100\n|-unboost|p2a: Salamence|spa|1\n|move|p1a: Malamother|Trick Room|p1a: Malamother\n|-fieldstart|move: Trick Room|[of] p1a: Malamother\n|\n|upkeep\n|turn|4\n|\n|t:|1728513163\n|move|p1a: Malamother|Knock Off|p2b: Volcarona\n|-crit|p2b: Volcarona\n|-damage|p2b: Volcarona|23\/100\n|-enditem|p2b: Volcarona|Covert Cloak|[from] move: Knock Off|[of] p1a: Malamother\n|move|p1b: Bridget|Snarl|p2b: Volcarona|[spread] p2a,p2b\n|-damage|p2a: Salamence|70\/100\n|-damage|p2b: Volcarona|11\/100\n|-unboost|p2a: Salamence|spa|1\n|-unboost|p2b: Volcarona|spa|1\n|move|p2b: Volcarona|Heat Wave|p1a: Malamother|[spread] p1a,p1b\n|-resisted|p1a: Malamother\n|-damage|p1a: Malamother|50\/100\n|-damage|p1b: Bridget|66\/100\n|-ability|p1b: Bridget|Stamina|boost\n|-boost|p1b: Bridget|def|1\n|move|p2a: Salamence|Dual Wingbeat|p1a: Malamother\n|-damage|p1a: Malamother|28\/100\n|-damage|p1a: Malamother|6\/100\n|-hitcount|p1a: Malamother|2\n|\n|upkeep\n|turn|5\n|j| ideaE\n|\n|t:|1728513190\n|move|p2b: Volcarona|Protect|p2b: Volcarona\n|-singleturn|p2b: Volcarona|Protect\n|move|p1a: Malamother|Superpower|p2b: Volcarona\n|-activate|p2b: Volcarona|move: Protect\n|move|p1b: Bridget|Snarl|p2b: Volcarona|[spread] p2a\n|-activate|p2b: Volcarona|move: Protect\n|-damage|p2a: Salamence|54\/100\n|-unboost|p2a: Salamence|spa|1\n|move|p2a: Salamence|Dual Wingbeat|p1a: Malamother|[miss]\n|-miss|p2a: Salamence|p1a: Malamother\n|\n|upkeep\n|turn|6\n|\n|t:|1728513216\n|switch|p2b: Incineroar|Incineroar, L50, M|100\/100\n|-ability|p2b: Incineroar|Intimidate|boost\n|-boost|p1a: Malamother|atk|1\n|-unboost|p1b: Bridget|atk|1\n|move|p1a: Malamother|Knock Off|p2a: Salamence\n|-damage|p2a: Salamence|0 fnt\n|-enditem|p2a: Salamence|Choice Scarf|[from] move: Knock Off|[of] p1a: Malamother\n|faint|p2a: Salamence\n|move|p1b: Bridget|Snarl|p2b: Incineroar\n|-resisted|p2b: Incineroar\n|-damage|p2b: Incineroar|94\/100\n|-unboost|p2b: Incineroar|spa|1\n|\n|upkeep\n|\n|t:|1728513231\n|switch|p2a: Volcarona|Volcarona, L50, F|11\/100\n|turn|7\n|\n|t:|1728513247\n|move|p2a: Volcarona|Protect|p2a: Volcarona\n|-singleturn|p2a: Volcarona|Protect\n|move|p2b: Incineroar|Knock Off|p1b: Bridget\n|-damage|p1b: Bridget|47\/100\n|-ability|p1b: Bridget|Stamina|boost\n|-boost|p1b: Bridget|def|1\n|-enditem|p1b: Bridget|Assault Vest|[from] move: Knock Off|[of] p2b: Incineroar\n|move|p1a: Malamother|Superpower|p2b: Incineroar\n|-supereffective|p2b: Incineroar\n|-damage|p2b: Incineroar|17\/100\n|-boost|p1a: Malamother|atk|1\n|-boost|p1a: Malamother|def|1\n|move|p1b: Bridget|Snarl|p2b: Incineroar|[spread] p2b\n|-activate|p2a: Volcarona|move: Protect\n|-resisted|p2b: Incineroar\n|-damage|p2b: Incineroar|12\/100\n|-unboost|p2b: Incineroar|spa|1\n|\n|-fieldend|move: Trick Room\n|upkeep\n|turn|8\n|\n|t:|1728513274\n|move|p2a: Volcarona|Heat Wave|p1b: Bridget|[spread] p1a,p1b\n|-resisted|p1a: Malamother\n|-damage|p1a: Malamother|0 fnt\n|-damage|p1b: Bridget|9\/100\n|-status|p1b: Bridget|brn\n|-ability|p1b: Bridget|Stamina|boost\n|-boost|p1b: Bridget|def|1\n|faint|p1a: Malamother\n|move|p1b: Bridget|Body Press|p2a: Volcarona\n|-resisted|p2a: Volcarona\n|-damage|p2a: Volcarona|0 fnt\n|faint|p2a: Volcarona\n|move|p2b: Incineroar|Flare Blitz|p1b: Bridget\n|-damage|p1b: Bridget|0 fnt\n|faint|p1b: Bridget\n|-damage|p2b: Incineroar|9\/100|[from] Recoil\n|\n|upkeep\n|\n|t:|1728513283\n|switch|p1b: Tapu Deedee|Indeedee, L50, M, shiny|65\/100\n|-fieldstart|move: Psychic Terrain|[from] ability: Psychic Surge|[of] p1b: Tapu Deedee\n|turn|9\n|c|\u2606actuary97|gg\n|\n|t:|1728513294\n|move|p1b: Tapu Deedee|Dazzling Gleam|p2b: Incineroar\n|-damage|p2b: Incineroar|0 fnt\n|faint|p2b: Incineroar\n|\n|win|actuary97\n|raw|actuary97's rating: 1756 &rarr; <strong>1780<\/strong><br \/>(+24 for winning)\n|raw|roykeenkennedy's rating: 1819 &rarr; <strong>1795<\/strong><br \/>(-24 for losing)\n|l|\u2606actuary97\n|player|p1|\n|l|\u2606roykeenkennedy\n|player|p2|\n","uploadtime":1728513300,"views":76,"formatid":"gen9vgc2024regh","rating":1780,"private":0,"password":null}