{"id":"gen9vgc2024regh-2219896013","format":"[Gen 9] VGC 2024 Reg H","players":["carrotbeafsteak","bieiup"],"log":"|j|\u2606carrotbeafsteak\n|j|\u2606bieiup\n|t:|1728553428\n|gametype|doubles\n|player|p1|carrotbeafsteak|2|1646\n|player|p2|bieiup|lillie-z|1734\n|teamsize|p1|6\n|teamsize|p2|6\n|gen|9\n|tier|[Gen 9] VGC 2024 Reg H\n|rated|\n|rule|Species Clause: Limit one of each Pok\u00e9mon\n|rule|Item Clause: Limit 1 of each item\n|clearpoke\n|poke|p1|Whimsicott, L50, M|\n|poke|p1|Typhlosion-Hisui, L50, M|\n|poke|p1|Indeedee-F, L50, F|\n|poke|p1|Armarouge, L50, M|\n|poke|p1|Sneasler, L50, F|\n|poke|p1|Pawmot, L50, F|\n|poke|p2|Sableye, L50, M|\n|poke|p2|Dondozo, L50, M|\n|poke|p2|Sylveon, L50, M|\n|poke|p2|Dragonite, L50, M|\n|poke|p2|Gholdengo, L50|\n|poke|p2|Ursaluna-Bloodmoon, L50, M|\n|teampreview|4\n|inactive|Battle timer is ON: inactive players will automatically lose when time's up. (requested by bieiup)\n|\n|t:|1728553454\n|start\n|switch|p1a: Armarouge|Armarouge, L50, M|100\/100\n|switch|p1b: Indeedee|Indeedee-F, L50, F|100\/100\n|switch|p2a: Sableye|Sableye, L50, M|100\/100\n|switch|p2b: Sylveon|Sylveon, L50, M|100\/100\n|-fieldstart|move: Psychic Terrain|[from] ability: Psychic Surge|[of] p1b: Indeedee\n|turn|1\n|\n|t:|1728553462\n|-terastallize|p1a: Armarouge|Psychic\n|move|p2a: Sableye|Light Screen|p2a: Sableye\n|-sidestart|p2: bieiup|move: Light Screen\n|move|p1b: Indeedee|Trick|p2a: Sableye\n|-activate|p1b: Indeedee|move: Trick|[of] p2a: Sableye\n|-item|p2a: Sableye|Ring Target|[from] move: Trick\n|-item|p1b: Indeedee|Focus Sash|[from] move: Trick\n|move|p1a: Armarouge|Expanding Force|p2b: Sylveon|[spread] p2a,p2b\n|-damage|p2a: Sableye|0 fnt\n|-damage|p2b: Sylveon|36\/100\n|faint|p2a: Sableye\n|move|p2b: Sylveon|Hyper Voice|p1a: Armarouge|[spread] p1a,p1b\n|-damage|p1a: Armarouge|52\/100\n|-damage|p1b: Indeedee|63\/100\n|-enditem|p2b: Sylveon|Throat Spray\n|-boost|p2b: Sylveon|spa|1|[from] item: Throat Spray\n|\n|upkeep\n|\n|t:|1728553473\n|switch|p2a: Dragonite|Dragonite, L50, M|100\/100\n|turn|2\n|\n|t:|1728553480\n|-terastallize|p2a: Dragonite|Dark\n|move|p2b: Sylveon|Protect|p2b: Sylveon\n|-singleturn|p2b: Sylveon|Protect\n|move|p1b: Indeedee|Follow Me|p1b: Indeedee\n|-singleturn|p1b: Indeedee|move: Follow Me\n|move|p2a: Dragonite|Earthquake|p1a: Armarouge|[spread] p1a,p1b\n|-activate|p2b: Sylveon|move: Protect\n|-crit|p1b: Indeedee\n|-damage|p1a: Armarouge|22\/100\n|-damage|p1b: Indeedee|22\/100\n|-ability|p1a: Armarouge|Weak Armor|boost\n|-unboost|p1a: Armarouge|def|1\n|-boost|p1a: Armarouge|spe|2\n|move|p1a: Armarouge|Expanding Force|p2a: Dragonite|[spread] \n|-activate|p2b: Sylveon|move: Protect\n|-immune|p2a: Dragonite\n|\n|upkeep\n|turn|3\n|\n|t:|1728553504\n|move|p1a: Armarouge|Expanding Force|p2b: Sylveon|[spread] p2b\n|-immune|p2a: Dragonite\n|-damage|p2b: Sylveon|0 fnt\n|faint|p2b: Sylveon\n|move|p1b: Indeedee|Dazzling Gleam|p2a: Dragonite\n|-supereffective|p2a: Dragonite\n|-damage|p2a: Dragonite|94\/100\n|move|p2a: Dragonite|Aerial Ace|p1a: Armarouge\n|-damage|p1a: Armarouge|0 fnt\n|faint|p1a: Armarouge\n|\n|upkeep\n|\n|t:|1728553515\n|switch|p1a: Sneasler|Sneasler, L50, F|100\/100\n|switch|p2b: Gholdengo|Gholdengo, L50|100\/100\n|turn|4\n|inactive|carrotbeafsteak has 30 seconds left.\n|\n|t:|1728553545\n|move|p1b: Indeedee|Helping Hand|p1a: Sneasler\n|-singleturn|p1a: Sneasler|Helping Hand|[of] p1b: Indeedee\n|move|p2b: Gholdengo|Make It Rain|p1a: Sneasler|[spread] p1a,p1b\n|-damage|p1a: Sneasler|33\/100\n|-damage|p1b: Indeedee|0 fnt\n|-unboost|p2b: Gholdengo|spa|1\n|faint|p1b: Indeedee\n|move|p1a: Sneasler|Fling|p2b: Gholdengo\n|-supereffective|p2b: Gholdengo\n|-damage|p2b: Gholdengo|0 fnt\n|-enditem|p1a: Sneasler|Big Nugget|[from] move: Fling\n|faint|p2b: Gholdengo\n|move|p2a: Dragonite|Aerial Ace|p1a: Sneasler\n|-supereffective|p1a: Sneasler\n|-damage|p1a: Sneasler|0 fnt\n|faint|p1a: Sneasler\n|\n|upkeep\n|\n|t:|1728553558\n|switch|p1a: Pawmot|Pawmot, L50, F|100\/100\n|turn|5\n|\n|t:|1728553574\n|move|p1a: Pawmot|Close Combat|p2a: Dragonite\n|-supereffective|p2a: Dragonite\n|-damage|p2a: Dragonite|0 fnt\n|-unboost|p1a: Pawmot|def|1\n|-unboost|p1a: Pawmot|spd|1\n|faint|p2a: Dragonite\n|\n|win|carrotbeafsteak\n|raw|carrotbeafsteak's rating: 1646 &rarr; <strong>1671<\/strong><br \/>(+25 for winning)\n|raw|bieiup's rating: 1734 &rarr; <strong>1709<\/strong><br \/>(-25 for losing)\n|l|\u2606bieiup\n|player|p2|\n","uploadtime":1728553579,"views":22,"formatid":"gen9vgc2024regh","rating":1671,"private":0,"password":null}