{"id":"gen9vgc2024regh-2219058727","format":"[Gen 9] VGC 2024 Reg H","players":["caZISA","googer315"],"log":"|j|\u2606caZISA\n|j|\u2606googer315\n|t:|1728449204\n|gametype|doubles\n|player|p1|caZISA|101|1700\n|player|p2|googer315|1|1761\n|teamsize|p1|6\n|teamsize|p2|6\n|gen|9\n|tier|[Gen 9] VGC 2024 Reg H\n|rated|\n|rule|Species Clause: Limit one of each Pok\u00e9mon\n|rule|Item Clause: Limit 1 of each item\n|clearpoke\n|poke|p1|Garchomp, L50, M|\n|poke|p1|Tyranitar, L50, F|\n|poke|p1|Rillaboom, L50, M|\n|poke|p1|Talonflame, L50, M|\n|poke|p1|Primarina, L50, M|\n|poke|p1|Gholdengo, L50|\n|poke|p2|Dondozo, L50, F|\n|poke|p2|Tatsugiri, L50, F|\n|poke|p2|Glimmora, L50, F|\n|poke|p2|Maushold, L50|\n|poke|p2|Annihilape, L50, F|\n|poke|p2|Gholdengo, L50|\n|teampreview|4\n|inactive|Battle timer is ON: inactive players will automatically lose when time's up. (requested by caZISA)\n|inactive|googer315 has 60 seconds left.\n|\n|t:|1728449286\n|start\n|switch|p1a: Gholdengo|Gholdengo, L50|100\/100\n|switch|p1b: Talonflame|Talonflame, L50, M|100\/100\n|switch|p2a: Gholdengo|Gholdengo, L50|100\/100\n|switch|p2b: Glimmora|Glimmora, L50, F|100\/100\n|turn|1\n|\n|t:|1728449305\n|-terastallize|p2b: Glimmora|Ground\n|move|p1b: Talonflame|Protect|p1b: Talonflame\n|-singleturn|p1b: Talonflame|Protect\n|move|p2a: Gholdengo|Thunderbolt|p1b: Talonflame\n|-activate|p1b: Talonflame|move: Protect\n|move|p1a: Gholdengo|Make It Rain|p2a: Gholdengo|[spread] p2a,p2b\n|-resisted|p2a: Gholdengo\n|-damage|p2a: Gholdengo|63\/100\n|-damage|p2b: Glimmora|19\/100\n|-unboost|p1a: Gholdengo|spa|1\n|-damage|p1a: Gholdengo|91\/100|[from] item: Life Orb\n|move|p2b: Glimmora|Earth Power|p1a: Gholdengo\n|-supereffective|p1a: Gholdengo\n|-damage|p1a: Gholdengo|0 fnt\n|faint|p1a: Gholdengo\n|\n|upkeep\n|\n|t:|1728449322\n|switch|p1a: Primarina|Primarina, L50, M|100\/100\n|turn|2\n|\n|t:|1728449334\n|-terastallize|p1a: Primarina|Poison\n|move|p1b: Talonflame|Tailwind|p1b: Talonflame\n|-sidestart|p1: caZISA|move: Tailwind\n|move|p2a: Gholdengo|Thunderbolt|p1b: Talonflame\n|-supereffective|p1b: Talonflame\n|-damage|p1b: Talonflame|0 fnt\n|faint|p1b: Talonflame\n|move|p1a: Primarina|Hyper Voice|p2a: Gholdengo|[spread] p2a,p2b\n|-supereffective|p2b: Glimmora\n|-damage|p2a: Gholdengo|22\/100\n|-damage|p2b: Glimmora|0 fnt\n|faint|p2b: Glimmora\n|\n|upkeep\n|\n|t:|1728449344\n|switch|p1b: Garchomp|Garchomp, L50, M|100\/100\n|switch|p2b: Annihilape|Annihilape, L50, F|100\/100\n|turn|3\n|\n|t:|1728449359\n|switch|p2a: Maushold|Maushold, L50|100\/100\n|move|p1b: Garchomp|Stomping Tantrum|p2b: Annihilape\n|-damage|p2b: Annihilape|72\/100\n|move|p1a: Primarina|Moonblast|p2b: Annihilape\n|-supereffective|p2b: Annihilape\n|-damage|p2b: Annihilape|5\/100\n|-enditem|p2b: Annihilape|Sitrus Berry|[eat]\n|-heal|p2b: Annihilape|30\/100|[from] item: Sitrus Berry\n|move|p2b: Annihilape|Rage Fist|p1a: Primarina\n|-damage|p1a: Primarina|26\/100\n|-enditem|p1a: Primarina|Sitrus Berry|[eat]\n|-heal|p1a: Primarina|51\/100|[from] item: Sitrus Berry\n|\n|upkeep\n|turn|4\n|\n|t:|1728449379\n|move|p2a: Maushold|Protect|p2a: Maushold\n|-singleturn|p2a: Maushold|Protect\n|move|p2b: Annihilape|Protect|p2b: Annihilape\n|-singleturn|p2b: Annihilape|Protect\n|move|p1b: Garchomp|Dragon Claw|p2a: Maushold\n|-activate|p2a: Maushold|move: Protect\n|move|p1a: Primarina|Hyper Voice|p2a: Maushold|[spread] \n|-activate|p2a: Maushold|move: Protect\n|-activate|p2b: Annihilape|move: Protect\n|\n|upkeep\n|turn|5\n|\n|t:|1728449394\n|move|p2a: Maushold|Follow Me|p2a: Maushold\n|-singleturn|p2a: Maushold|move: Follow Me\n|move|p1b: Garchomp|Dragon Claw|p2a: Maushold\n|-crit|p2a: Maushold\n|-damage|p2a: Maushold|35\/100\n|move|p1a: Primarina|Hyper Voice|p2b: Annihilape|[spread] p2a,p2b\n|-damage|p2a: Maushold|0 fnt\n|-damage|p2b: Annihilape|10\/100\n|faint|p2a: Maushold\n|move|p2b: Annihilape|Rage Fist|p1a: Primarina\n|-damage|p1a: Primarina|0 fnt\n|faint|p1a: Primarina\n|\n|-sideend|p1: caZISA|move: Tailwind\n|upkeep\n|\n|t:|1728449406\n|switch|p2a: Gholdengo|Gholdengo, L50|22\/100\n|turn|6\n|\n|t:|1728449422\n|move|p2a: Gholdengo|Make It Rain|p1b: Garchomp\n|-damage|p1b: Garchomp|23\/100\n|-unboost|p2a: Gholdengo|spa|1\n|move|p1b: Garchomp|Stomping Tantrum|p2a: Gholdengo\n|-supereffective|p2a: Gholdengo\n|-damage|p2a: Gholdengo|0 fnt\n|faint|p2a: Gholdengo\n|move|p2b: Annihilape|Rage Fist|p1b: Garchomp\n|-crit|p1b: Garchomp\n|-damage|p1b: Garchomp|0 fnt\n|-damage|p2b: Annihilape|0 fnt|[from] ability: Rough Skin|[of] p1b: Garchomp\n|faint|p1b: Garchomp\n|faint|p2b: Annihilape\n|\n|win|googer315\n|raw|caZISA's rating: 1700 &rarr; <strong>1683<\/strong><br \/>(-17 for losing)\n|raw|googer315's rating: 1761 &rarr; <strong>1778<\/strong><br \/>(+17 for winning)\n|l|\u2606caZISA\n|player|p1|\n|l|\u2606googer315\n|player|p2|\n","uploadtime":1728449596,"views":29,"formatid":"gen9vgc2024regh","rating":1683,"private":0,"password":null}