{"id":"gen9vgc2024regh-2219701352","format":"[Gen 9] VGC 2024 Reg H","players":["newpreset2","Sage Kuzan"],"log":"|j|\u2606newpreset2\n|j|\u2606Sage Kuzan\n|t:|1728522599\n|gametype|doubles\n|player|p1|newpreset2|266|1694\n|player|p2|Sage Kuzan|ingo|1699\n|teamsize|p1|6\n|teamsize|p2|6\n|gen|9\n|tier|[Gen 9] VGC 2024 Reg H\n|rated|\n|rule|Species Clause: Limit one of each Pok\u00e9mon\n|rule|Item Clause: Limit 1 of each item\n|clearpoke\n|poke|p1|Rhydon, L50, F|\n|poke|p1|Gholdengo, L50|\n|poke|p1|Rillaboom, L50, F|\n|poke|p1|Archaludon, L50, F|\n|poke|p1|Politoed, L50, M|\n|poke|p1|Dragonite, L50, M|\n|poke|p2|Grimmsnarl, L50, M|\n|poke|p2|Annihilape, L50, M|\n|poke|p2|Maushold, L50|\n|poke|p2|Pelipper, L50, M|\n|poke|p2|Archaludon, L50, F|\n|poke|p2|Sinistcha, L50|\n|teampreview|4\nSage Kuzan has agreed to open team sheets.\n|inactive|Battle timer is ON: inactive players will automatically lose when time's up. (requested by Sage Kuzan)\n|\n|t:|1728522625\n|start\n|switch|p1a: Gholdengo|Gholdengo, L50|100\/100\n|switch|p1b: Archaludon|Archaludon, L50, F|100\/100\n|switch|p2a: Grimmsnarl|Grimmsnarl, L50, M|100\/100\n|switch|p2b: Pelipper|Pelipper, L50, M|100\/100\n|-weather|RainDance|[from] ability: Drizzle|[of] p2b: Pelipper\n|turn|1\n|\n|t:|1728522638\n|switch|p2b: Archaludon|Archaludon, L50, F|100\/100\n|-terastallize|p2a: Grimmsnarl|Steel\n|move|p2a: Grimmsnarl|Light Screen|p2a: Grimmsnarl\n|-sidestart|p2: Sage Kuzan|move: Light Screen\n|move|p1a: Gholdengo|Shadow Ball|p2b: Archaludon\n|-damage|p2b: Archaludon|83\/100\n|-ability|p2b: Archaludon|Stamina|boost\n|-boost|p2b: Archaludon|def|1\n|move|p1b: Archaludon|Electro Shot||[still]\n|-prepare|p1b: Archaludon|Electro Shot\n|-boost|p1b: Archaludon|spa|1\n|-anim|p1b: Archaludon|Electro Shot|p2b: Archaludon\n|-resisted|p2b: Archaludon\n|-damage|p2b: Archaludon|69\/100\n|-ability|p2b: Archaludon|Stamina|boost\n|-boost|p2b: Archaludon|def|1\n|\n|-weather|RainDance|[upkeep]\n|upkeep\n|turn|2\n|inactive|newpreset2 has 30 seconds left.\n|\n|t:|1728522666\n|switch|p1a: Dragonite|Dragonite, L50, M|100\/100\n|-terastallize|p1b: Archaludon|Fighting\n|move|p2a: Grimmsnarl|Thunder Wave|p1b: Archaludon\n|-status|p1b: Archaludon|par\n|move|p2b: Archaludon|Body Press|p1b: Archaludon\n|-damage|p1b: Archaludon|58\/100 par\n|-ability|p1b: Archaludon|Stamina|boost\n|-boost|p1b: Archaludon|def|1\n|move|p1b: Archaludon|Body Press|p2a: Grimmsnarl\n|-supereffective|p2a: Grimmsnarl\n|-damage|p2a: Grimmsnarl|0 fnt\n|faint|p2a: Grimmsnarl\n|\n|-weather|RainDance|[upkeep]\n|upkeep\n|\n|t:|1728522688\n|switch|p2a: Sinistcha|Sinistcha, L50|100\/100\n|-heal|p2b: Archaludon|94\/100|[from] ability: Hospitality|[of] p2a: Sinistcha\n|turn|3\n|\n|t:|1728522708\n|switch|p1b: Gholdengo|Gholdengo, L50|100\/100\n|move|p2b: Archaludon|Electro Shot||[still]\n|-prepare|p2b: Archaludon|Electro Shot\n|-boost|p2b: Archaludon|spa|1\n|-anim|p2b: Archaludon|Electro Shot|p1b: Gholdengo\n|-damage|p1b: Gholdengo|26\/100\n|move|p1a: Dragonite|Haze|p1a: Dragonite\n|-clearallboost\n|move|p2a: Sinistcha|Matcha Gotcha|p1a: Dragonite|[spread] p1a,p1b\n|-resisted|p1a: Dragonite\n|-resisted|p1b: Gholdengo\n|-damage|p1a: Dragonite|95\/100\n|-damage|p1b: Gholdengo|13\/100\n|\n|-weather|RainDance|[upkeep]\n|upkeep\n|turn|4\n|\n|t:|1728522729\n|move|p1b: Gholdengo|Trick|p2b: Archaludon\n|-activate|p1b: Gholdengo|move: Trick|[of] p2b: Archaludon\n|-item|p2b: Archaludon|Choice Scarf|[from] move: Trick\n|-item|p1b: Gholdengo|Assault Vest|[from] move: Trick\n|move|p2b: Archaludon|Electro Shot||[still]\n|-prepare|p2b: Archaludon|Electro Shot\n|-boost|p2b: Archaludon|spa|1\n|-anim|p2b: Archaludon|Electro Shot|p1a: Dragonite\n|-damage|p1a: Dragonite|40\/100\n|move|p1a: Dragonite|Ice Spinner|p2a: Sinistcha\n|-supereffective|p2a: Sinistcha\n|-damage|p2a: Sinistcha|44\/100\n|-enditem|p2a: Sinistcha|Sitrus Berry|[eat]\n|-heal|p2a: Sinistcha|69\/100|[from] item: Sitrus Berry\n|move|p2a: Sinistcha|Trick Room|p2a: Sinistcha\n|-fieldstart|move: Trick Room|[of] p2a: Sinistcha\n|\n|-weather|RainDance|[upkeep]\n|upkeep\n|turn|5\n|inactive|newpreset2 has 30 seconds left.\n|\n|t:|1728522755\n|switch|p1a: Rhydon|Rhydon, L50, F|100\/100\n|move|p2a: Sinistcha|Matcha Gotcha|p1b: Gholdengo|[spread] p1a,p1b\n|-supereffective|p1a: Rhydon\n|-resisted|p1b: Gholdengo\n|-damage|p1a: Rhydon|0 fnt\n|-heal|p2a: Sinistcha|100\/100|[from] drain|[of] p1a: Rhydon\n|-damage|p1b: Gholdengo|4\/100\n|faint|p1a: Rhydon\n|move|p1b: Gholdengo|Shadow Ball|p2a: Sinistcha\n|-supereffective|p2a: Sinistcha\n|-damage|p2a: Sinistcha|51\/100\n|move|p2b: Archaludon|Electro Shot||[still]\n|-prepare|p2b: Archaludon|Electro Shot\n|-boost|p2b: Archaludon|spa|1\n|-anim|p2b: Archaludon|Electro Shot|p1b: Gholdengo\n|-crit|p1b: Gholdengo\n|-damage|p1b: Gholdengo|0 fnt\n|faint|p1b: Gholdengo\n|\n|-weather|none\n|upkeep\n|\n|t:|1728522763\n|switch|p1a: Dragonite|Dragonite, L50, M|40\/100\n|switch|p1b: Archaludon|Archaludon, L50, F, tera:Fighting|58\/100 par\n|turn|6\n|\n|t:|1728522787\n|switch|p2a: Pelipper|Pelipper, L50, M|100\/100\n|-weather|RainDance|[from] ability: Drizzle|[of] p2a: Pelipper\n|move|p1b: Archaludon|Body Press|p2b: Archaludon\n|-supereffective|p2b: Archaludon\n|-damage|p2b: Archaludon|41\/100\n|-ability|p2b: Archaludon|Stamina|boost\n|-boost|p2b: Archaludon|def|1\n|move|p1a: Dragonite|Ice Spinner|p2a: Pelipper\n|-damage|p2a: Pelipper|56\/100\n|move|p2b: Archaludon|Electro Shot||[still]\n|-prepare|p2b: Archaludon|Electro Shot\n|-boost|p2b: Archaludon|spa|1\n|-anim|p2b: Archaludon|Electro Shot|p1a: Dragonite\n|-damage|p1a: Dragonite|0 fnt\n|faint|p1a: Dragonite\n|\n|-weather|RainDance|[upkeep]\n|upkeep\n|turn|7\n|c|\u2606Sage Kuzan|gg\n|\n|t:|1728522804\n|move|p1b: Archaludon|Electro Shot||[still]\n|-prepare|p1b: Archaludon|Electro Shot\n|-boost|p1b: Archaludon|spa|1\n|-anim|p1b: Archaludon|Electro Shot|p2a: Pelipper\n|-supereffective|p2a: Pelipper\n|-damage|p2a: Pelipper|0 fnt\n|faint|p2a: Pelipper\n|move|p2b: Archaludon|Electro Shot||[still]\n|-prepare|p2b: Archaludon|Electro Shot\n|-boost|p2b: Archaludon|spa|1\n|-anim|p2b: Archaludon|Electro Shot|p1b: Archaludon\n|-damage|p1b: Archaludon|0 fnt\n|faint|p1b: Archaludon\n|\n|win|Sage Kuzan\n|raw|newpreset2's rating: 1694 &rarr; <strong>1674<\/strong><br \/>(-20 for losing)\n|raw|Sage Kuzan's rating: 1699 &rarr; <strong>1719<\/strong><br \/>(+20 for winning)\n|l|\u2606newpreset2\n|player|p1|\n|l|\u2606Sage Kuzan\n|player|p2|\n","uploadtime":1728522989,"views":12,"formatid":"gen9vgc2024regh","rating":1674,"private":0,"password":null}