{"id":"gen9vgc2024regh-2219615930","format":"[Gen 9] VGC 2024 Reg H","players":["SeaWolfMikess","googer315"],"log":"|badge|p1|bronze|gen9doublesou|100-3\n|uhtml|medal-msg|<div class=\"broadcast-blue\">Curious what those medals under the avatar are? PS now has Ladder Seasons! For more information, check out the <a href=\"https:\/\/www.smogon.com\/forums\/threads\/3740067\/\">thread on Smogon.<\/a><\/div>\n|j|\u2606SeaWolfMikess\n|j|\u2606googer315\n|t:|1728512400\n|gametype|doubles\n|player|p1|SeaWolfMikess|hugh|1809\n|player|p2|googer315|1|1754\n|teamsize|p1|6\n|teamsize|p2|6\n|gen|9\n|tier|[Gen 9] VGC 2024 Reg H\n|rated|\n|rule|Species Clause: Limit one of each Pok\u00e9mon\n|rule|Item Clause: Limit 1 of each item\n|clearpoke\n|poke|p1|Pelipper, L50, M|\n|poke|p1|Archaludon, L50, F|\n|poke|p1|Greninja-*, L50, F|\n|poke|p1|Rillaboom, L50, F|\n|poke|p1|Incineroar, L50, M|\n|poke|p1|Sneasler, L50, F|\n|poke|p2|Dondozo, L50, F|\n|poke|p2|Tatsugiri, L50, F|\n|poke|p2|Glimmora, L50, F|\n|poke|p2|Maushold, L50|\n|poke|p2|Annihilape, L50, F|\n|poke|p2|Gholdengo, L50|\n|teampreview|4\n|inactive|Battle timer is ON: inactive players will automatically lose when time's up. (requested by googer315)\n|j| ideaE\n|\n|t:|1728512432\n|start\n|switch|p1a: Rillaboom|Rillaboom, L50, F|100\/100\n|switch|p1b: Pelipper|Pelipper, L50, M|100\/100\n|switch|p2a: Annihilape|Annihilape, L50, F|100\/100\n|switch|p2b: Maushold|Maushold, L50|100\/100\n|-weather|RainDance|[from] ability: Drizzle|[of] p1b: Pelipper\n|-fieldstart|move: Grassy Terrain|[from] ability: Grassy Surge|[of] p1a: Rillaboom\n|turn|1\n|inactive|googer315 has 30 seconds left.\n|inactive|googer315 has 20 seconds left.\n|inactive|googer315 has 15 seconds left.\n|inactive|googer315 has 10 seconds left.\n|\n|t:|1728512478\n|-terastallize|p2b: Maushold|Ghost\n|move|p1a: Rillaboom|Fake Out|p2b: Maushold\n|-immune|p2b: Maushold\n|move|p2b: Maushold|Beat Up|p2a: Annihilape\n|-damage|p2a: Annihilape|99\/100\n|-damage|p2a: Annihilape|97\/100\n|-damage|p2a: Annihilape|95\/100\n|-damage|p2a: Annihilape|93\/100\n|-hitcount|p2a: Annihilape|4\n|move|p1b: Pelipper|Tailwind|p1b: Pelipper\n|-sidestart|p1: SeaWolfMikess|move: Tailwind\n|move|p2a: Annihilape|Rage Fist|p1b: Pelipper\n|-enditem|p1b: Pelipper|Focus Sash\n|-damage|p1b: Pelipper|1\/100\n|\n|-weather|RainDance|[upkeep]\n|-heal|p2a: Annihilape|99\/100|[from] Grassy Terrain\n|upkeep\n|turn|2\n|\n|t:|1728512500\n|move|p2a: Annihilape|Protect|p2a: Annihilape\n|-singleturn|p2a: Annihilape|Protect\n|move|p1b: Pelipper|Hurricane|p2a: Annihilape\n|-activate|p2a: Annihilape|move: Protect\n|move|p1a: Rillaboom|Wood Hammer|p2a: Annihilape\n|-activate|p2a: Annihilape|move: Protect\n|move|p2b: Maushold|Beat Up|p1b: Pelipper\n|-damage|p1b: Pelipper|0 fnt\n|faint|p1b: Pelipper\n|-hitcount|p1: Pelipper|1\n|\n|-weather|RainDance|[upkeep]\n|-heal|p2a: Annihilape|100\/100|[from] Grassy Terrain\n|upkeep\n|\n|t:|1728512503\n|switch|p1b: Archaludon|Archaludon, L50, F|100\/100\n|turn|3\n|\n|t:|1728512517\n|-terastallize|p1a: Rillaboom|Grass\n|move|p2b: Maushold|Follow Me|p2b: Maushold\n|-singleturn|p2b: Maushold|move: Follow Me\n|move|p1a: Rillaboom|Wood Hammer|p2b: Maushold\n|-damage|p2b: Maushold|3\/100\n|-damage|p1a: Rillaboom|72\/100|[from] Recoil\n|move|p1b: Archaludon|Electro Shot||[still]\n|-prepare|p1b: Archaludon|Electro Shot\n|-boost|p1b: Archaludon|spa|1\n|-anim|p1b: Archaludon|Electro Shot|p2b: Maushold\n|-damage|p2b: Maushold|0 fnt\n|faint|p2b: Maushold\n|move|p2a: Annihilape|Rage Fist|p1a: Rillaboom\n|-damage|p1a: Rillaboom|0 fnt\n|faint|p1a: Rillaboom\n|\n|-weather|RainDance|[upkeep]\n|upkeep\n|\n|t:|1728512532\n|switch|p2b: Dondozo|Dondozo, L50, F|100\/100\n|switch|p1a: Greninja|Greninja, L50, F|100\/100\n|turn|4\n|j| TheBeastofGevaudan\n|\n|t:|1728512547\n|move|p2b: Dondozo|Protect|p2b: Dondozo\n|-singleturn|p2b: Dondozo|Protect\n|move|p1a: Greninja|Water Shuriken|p2a: Annihilape\n|-damage|p2a: Annihilape|92\/100\n|-damage|p2a: Annihilape|82\/100\n|-damage|p2a: Annihilape|74\/100\n|-crit|p2a: Annihilape\n|-damage|p2a: Annihilape|59\/100\n|-hitcount|p2a: Annihilape|4\n|move|p1b: Archaludon|Electro Shot||[still]\n|-prepare|p1b: Archaludon|Electro Shot\n|-boost|p1b: Archaludon|spa|1\n|-anim|p1b: Archaludon|Electro Shot|p2a: Annihilape\n|-damage|p2a: Annihilape|0 fnt\n|faint|p2a: Annihilape\n|\n|-weather|RainDance|[upkeep]\n|-sideend|p1: SeaWolfMikess|move: Tailwind\n|upkeep\n|\n|t:|1728512562\n|switch|p2a: Tatsugiri|Tatsugiri, L50, F|100\/100\n|-activate|p2a: Tatsugiri|ability: Commander|[of] p2b: Dondozo\n|-boost|p2b: Dondozo|atk|2\n|-boost|p2b: Dondozo|spa|2\n|-boost|p2b: Dondozo|spe|2\n|-boost|p2b: Dondozo|def|2\n|-boost|p2b: Dondozo|spd|2\n|turn|5\n|\n|t:|1728512569\n|move|p1a: Greninja|Haze|p1a: Greninja\n|-clearallboost\n|move|p1b: Archaludon|Electro Shot||[still]\n|-prepare|p1b: Archaludon|Electro Shot\n|-boost|p1b: Archaludon|spa|1\n|-anim|p1b: Archaludon|Electro Shot|p2b: Dondozo\n|-supereffective|p2b: Dondozo\n|-damage|p2b: Dondozo|35\/100\n|move|p2b: Dondozo|Order Up|p1a: Greninja\n|-damage|p1a: Greninja|65\/100\n|-boost|p2b: Dondozo|atk|1\n|\n|-weather|none\n|-heal|p1a: Greninja|71\/100|[from] Grassy Terrain\n|-heal|p2b: Dondozo|41\/100|[from] Grassy Terrain\n|-heal|p2b: Dondozo|47\/100|[from] item: Leftovers\n|-fieldend|move: Grassy Terrain\n|upkeep\n|turn|6\n|\n|t:|1728512585\n|move|p2b: Dondozo|Protect|p2b: Dondozo\n|-singleturn|p2b: Dondozo|Protect\n|move|p1a: Greninja|Dark Pulse|p2b: Dondozo\n|-activate|p2b: Dondozo|move: Protect\n|move|p1b: Archaludon|Dragon Pulse|p2b: Dondozo\n|-activate|p2b: Dondozo|move: Protect\n|\n|-heal|p2b: Dondozo|53\/100|[from] item: Leftovers\n|upkeep\n|turn|7\n|\n|t:|1728512597\n|move|p1a: Greninja|Dark Pulse|p2b: Dondozo\n|-damage|p2b: Dondozo|27\/100\n|move|p1b: Archaludon|Dragon Pulse|p2b: Dondozo\n|-damage|p2b: Dondozo|0 fnt\n|faint|p2b: Dondozo\n|\n|upkeep\n|turn|8\n|\n|t:|1728512606\n|move|p1a: Greninja|Dark Pulse|p2a: Tatsugiri\n|-damage|p2a: Tatsugiri|52\/100\n|cant|p2a: Tatsugiri|flinch\n|move|p1b: Archaludon|Dragon Pulse|p2a: Tatsugiri\n|-supereffective|p2a: Tatsugiri\n|-damage|p2a: Tatsugiri|0 fnt\n|faint|p2a: Tatsugiri\n|\n|win|SeaWolfMikess\n|raw|SeaWolfMikess's rating: 1809 &rarr; <strong>1826<\/strong><br \/>(+17 for winning)\n|raw|googer315's rating: 1754 &rarr; <strong>1737<\/strong><br \/>(-17 for losing)\n|l|\u2606googer315\n|player|p2|\n","uploadtime":1728512767,"views":24,"formatid":"gen9vgc2024regh","rating":1737,"private":0,"password":null}