{"id":"gen9vgc2024regh-2219912618","format":"[Gen 9] VGC 2024 Reg H","players":["Waffles4breakfast","GB Five"],"log":"|j|\u2606Waffles4breakfast\n|j|\u203dGB Five\n|t:|1728555992\n|gametype|doubles\n|player|p1|Waffles4breakfast|juggler|1634\n|player|p2|GB Five|101|1692\n|teamsize|p1|6\n|teamsize|p2|6\n|gen|9\n|tier|[Gen 9] VGC 2024 Reg H\n|rated|\n|rule|Species Clause: Limit one of each Pok\u00e9mon\n|rule|Item Clause: Limit 1 of each item\n|clearpoke\n|poke|p1|Archaludon, L50, F|\n|poke|p1|Pelipper, L50, F|\n|poke|p1|Basculegion, L50, M|\n|poke|p1|Amoonguss, L50, F|\n|poke|p1|Gholdengo, L50|\n|poke|p1|Murkrow, L50, F|\n|poke|p2|Weezing, L50, F|\n|poke|p2|Slaking, L50, M|\n|poke|p2|Dondozo, L50, F|\n|poke|p2|Tatsugiri, L50, M|\n|poke|p2|Garchomp, L50, M|\n|poke|p2|Talonflame, L50, M|\n|teampreview|4\n|\n|t:|1728556117\n|start\n|switch|p1a: Gholdengo|Gholdengo, L50|100\/100\n|switch|p1b: Amoonguss|Amoonguss, L50, F|100\/100\n|switch|p2a: Weezing|Weezing, L50, F|100\/100\n|switch|p2b: Slaking|Slaking, L50, M|100\/100\n|-ability|p2a: Weezing|Neutralizing Gas\n|turn|1\n|\n|t:|1728556144\n|-terastallize|p1a: Gholdengo|Steel\n|move|p1b: Amoonguss|Rage Powder|p1b: Amoonguss\n|-singleturn|p1b: Amoonguss|move: Rage Powder\n|move|p2b: Slaking|High Horsepower|p1b: Amoonguss\n|-damage|p1b: Amoonguss|66\/100\n|-damage|p2b: Slaking|84\/100|[from] item: Rocky Helmet|[of] p1b: Amoonguss\n|move|p1a: Gholdengo|Make It Rain|p2a: Weezing|[spread] p2a,p2b\n|-enditem|p2a: Weezing|Focus Sash\n|-damage|p2a: Weezing|1\/100\n|-damage|p2b: Slaking|0 fnt\n|-unboost|p1a: Gholdengo|spa|1\n|faint|p2b: Slaking\n|move|p2a: Weezing|Toxic Spikes|p1b: Amoonguss\n|-sidestart|p1: Waffles4breakfast|move: Toxic Spikes\n|\n|upkeep\n|\n|t:|1728556163\n|switch|p2b: Talonflame|Talonflame, L50, M|100\/100\n|turn|2\n|\n|t:|1728556186\n|move|p1b: Amoonguss|Rage Powder|p1b: Amoonguss\n|-singleturn|p1b: Amoonguss|move: Rage Powder\n|move|p2b: Talonflame|Heat Wave|p1b: Amoonguss|[spread] p1a,p1b\n|-supereffective|p1a: Gholdengo\n|-crit|p1a: Gholdengo\n|-supereffective|p1b: Amoonguss\n|-damage|p1a: Gholdengo|5\/100\n|-damage|p1b: Amoonguss|16\/100\n|move|p1a: Gholdengo|Make It Rain|p2b: Talonflame|[spread] p2a,p2b\n|-resisted|p2b: Talonflame\n|-damage|p2a: Weezing|0 fnt\n|-damage|p2b: Talonflame|60\/100\n|-unboost|p1a: Gholdengo|spa|1\n|faint|p2a: Weezing\n|-end|p2a: Weezing|ability: Neutralizing Gas\n|\n|upkeep\n|\n|t:|1728556200\n|switch|p2a: Garchomp|Garchomp, L50, M|100\/100\n|turn|3\n|\n|t:|1728556223\n|move|p1b: Amoonguss|Protect|p1b: Amoonguss\n|-singleturn|p1b: Amoonguss|Protect\n|move|p2a: Garchomp|Earthquake|p1b: Amoonguss|[spread] p1a\n|-activate|p1b: Amoonguss|move: Protect\n|-immune|p2b: Talonflame\n|-supereffective|p1a: Gholdengo\n|-damage|p1a: Gholdengo|0 fnt\n|faint|p1a: Gholdengo\n|-damage|p2a: Garchomp|91\/100|[from] item: Life Orb\n|move|p2b: Talonflame|Tailwind|p2b: Talonflame\n|-sidestart|p2: GB Five|move: Tailwind\n|\n|upkeep\n|\n|t:|1728556233\n|switch|p1a: Murkrow|Murkrow, L50, F|100\/100\n|turn|4\n|\n|t:|1728556253\n|move|p1b: Amoonguss|Rage Powder|p1b: Amoonguss\n|-singleturn|p1b: Amoonguss|move: Rage Powder\n|move|p2a: Garchomp|Scale Shot|p1b: Amoonguss\n|-damage|p1b: Amoonguss|2\/100\n|-damage|p1b: Amoonguss|0 fnt\n|faint|p1b: Amoonguss\n|-hitcount|p1: Amoonguss|2\n|-unboost|p2a: Garchomp|def|1\n|-boost|p2a: Garchomp|spe|1\n|-damage|p2a: Garchomp|81\/100|[from] item: Life Orb\n|move|p2b: Talonflame|Heat Wave|p1a: Murkrow\n|-damage|p1a: Murkrow|70\/100\n|move|p1a: Murkrow|Foul Play|p2b: Talonflame\n|-damage|p2b: Talonflame|29\/100\n|\n|upkeep\n|\n|t:|1728556269\n|switch|p1b: Basculegion|Basculegion, L50, M|100\/100\n|-status|p1b: Basculegion|psn\n|turn|5\n|\n|t:|1728556296\n|-terastallize|p2b: Talonflame|Flying\n|move|p2a: Garchomp|Protect|p2a: Garchomp\n|-singleturn|p2a: Garchomp|Protect\n|move|p1b: Basculegion|Aqua Jet|p2b: Talonflame\n|-damage|p2b: Talonflame|0 fnt\n|faint|p2b: Talonflame\n|move|p1a: Murkrow|Foul Play|p2a: Garchomp\n|-activate|p2a: Garchomp|move: Protect\n|\n|-damage|p1b: Basculegion|88\/100 psn|[from] psn\n|upkeep\n|turn|6\n|-message|GB Five forfeited.\n|\n|win|Waffles4breakfast\n|raw|Waffles4breakfast's rating: 1658 &rarr; <strong>1680<\/strong><br \/>(+22 for winning)\n|raw|GB Five's rating: 1692 &rarr; <strong>1670<\/strong><br \/>(-22 for losing)\n|l|\u203dGB Five\n|player|p2|\n|l|\u2606Waffles4breakfast\n|player|p1|\n","uploadtime":1728556482,"views":15,"formatid":"gen9vgc2024regh","rating":1670,"private":0,"password":null}