{"id":"gen9vgc2024regh-2219256410","format":"[Gen 9] VGC 2024 Reg H","players":["actuary97","caZISA"],"log":"|j|\u2606actuary97\n|j|\u2606caZISA\n|t:|1728479278\n|gametype|doubles\n|player|p1|actuary97|sabrina-frlg|1764\n|player|p2|caZISA|2|1689\n|teamsize|p1|6\n|teamsize|p2|6\n|gen|9\n|tier|[Gen 9] VGC 2024 Reg H\n|rated|\n|rule|Species Clause: Limit one of each Pok\u00e9mon\n|rule|Item Clause: Limit 1 of each item\n|clearpoke\n|poke|p1|Incineroar, L50, M|\n|poke|p1|Whimsicott, L50, F|\n|poke|p1|Gallade, L50, M|\n|poke|p1|Malamar, L50, F|\n|poke|p1|Indeedee, L50, M|\n|poke|p1|Archaludon, L50, F|\n|poke|p2|Garchomp, L50, M|\n|poke|p2|Tyranitar, L50, F|\n|poke|p2|Rillaboom, L50, M|\n|poke|p2|Talonflame, L50, F|\n|poke|p2|Primarina, L50, M|\n|poke|p2|Gholdengo, L50|\n|teampreview|4\nactuary97 has agreed to open team sheets.\n|inactive|Battle timer is ON: inactive players will automatically lose when time's up. (requested by caZISA)\n|inactive|actuary97 has 60 seconds left.\n|\n|t:|1728479332\n|start\n|switch|p1a: Mischief Mother|Whimsicott, L50, F, shiny|100\/100\n|switch|p1b: Bridget|Archaludon, L50, F, shiny|100\/100\n|switch|p2a: Talonflame|Talonflame, L50, F|100\/100\n|switch|p2b: Garchomp|Garchomp, L50, M|100\/100\n|turn|1\n|\n|t:|1728479352\n|-terastallize|p2b: Garchomp|Fire\n|-terastallize|p1b: Bridget|Flying\n|move|p2a: Talonflame|Tailwind|p2a: Talonflame\n|-sidestart|p2: caZISA|move: Tailwind\n|move|p2b: Garchomp|Swords Dance|p2b: Garchomp\n|-boost|p2b: Garchomp|atk|2\n|move|p1a: Mischief Mother|Beat Up|p1b: Bridget\n|-damage|p1b: Bridget|99\/100\n|-ability|p1b: Bridget|Stamina|boost\n|-boost|p1b: Bridget|def|1\n|-damage|p1b: Bridget|97\/100\n|-ability|p1b: Bridget|Stamina|boost\n|-boost|p1b: Bridget|def|1\n|-crit|p1b: Bridget\n|-damage|p1b: Bridget|94\/100\n|-ability|p1b: Bridget|Stamina|boost\n|-boost|p1b: Bridget|def|1\n|-damage|p1b: Bridget|93\/100\n|-ability|p1b: Bridget|Stamina|boost\n|-boost|p1b: Bridget|def|1\n|-hitcount|p1b: Bridget|4\n|move|p1b: Bridget|Body Press|p2a: Talonflame\n|-resisted|p2a: Talonflame\n|-damage|p2a: Talonflame|47\/100\n|\n|upkeep\n|turn|2\n|j| sfghfdsfgg\n|\n|t:|1728479367\n|move|p1a: Mischief Mother|Encore|p2a: Talonflame\n|-start|p2a: Talonflame|Encore\n|move|p2a: Talonflame|Tailwind||[still]\n|-fail|p2a: Talonflame\n|move|p2b: Garchomp|Swords Dance|p2b: Garchomp\n|-boost|p2b: Garchomp|atk|2\n|move|p1b: Bridget|Body Press|p2b: Garchomp\n|-damage|p2b: Garchomp|27\/100\n|-damage|p1b: Bridget|81\/100|[from] ability: Rough Skin|[of] p2b: Garchomp\n|\n|upkeep\n|turn|3\n|\n|t:|1728479377\n|switch|p2a: Tyranitar|Tyranitar, L50, F, shiny|100\/100\n|-weather|Sandstorm|[from] ability: Sand Stream|[of] p2a: Tyranitar\n|switch|p2b: Gholdengo|Gholdengo, L50|100\/100\n|move|p1a: Mischief Mother|Encore|p2b: Gholdengo\n|-immune|p2b: Gholdengo|[from] ability: Good as Gold\n|move|p1b: Bridget|Body Press|p2a: Tyranitar\n|-supereffective|p2a: Tyranitar\n|-damage|p2a: Tyranitar|0 fnt\n|faint|p2a: Tyranitar\n|\n|-weather|Sandstorm|[upkeep]\n|-damage|p1a: Mischief Mother|95\/100|[from] Sandstorm\n|-damage|p1b: Bridget|75\/100|[from] Sandstorm\n|upkeep\n|\n|t:|1728479381\n|switch|p2a: Talonflame|Talonflame, L50, F|47\/100\n|turn|4\n|\n|t:|1728479398\n|move|p1a: Mischief Mother|Tailwind|p1a: Mischief Mother\n|-sidestart|p1: actuary97|move: Tailwind\n|move|p2a: Talonflame|Brave Bird|p1a: Mischief Mother\n|-supereffective|p1a: Mischief Mother\n|-damage|p1a: Mischief Mother|0 fnt\n|faint|p1a: Mischief Mother\n|-damage|p2a: Talonflame|19\/100|[from] Recoil\n|move|p2b: Gholdengo|Nasty Plot|p2b: Gholdengo\n|-boost|p2b: Gholdengo|spa|2\n|move|p1b: Bridget|Body Press|p2a: Talonflame\n|-resisted|p2a: Talonflame\n|-damage|p2a: Talonflame|0 fnt\n|faint|p2a: Talonflame\n|\n|-weather|Sandstorm|[upkeep]\n|-damage|p1b: Bridget|69\/100|[from] Sandstorm\n|-sideend|p2: caZISA|move: Tailwind\n|upkeep\n|\n|t:|1728479406\n|switch|p2a: Garchomp|Garchomp, L50, M, tera:Fire|27\/100\n|switch|p1a: Incineroar|Incineroar, L50, M, shiny|100\/100\n|-ability|p1a: Incineroar|Intimidate|boost\n|-fail|p2a: Garchomp|unboost|[from] item: Clear Amulet|[of] p2a: Garchomp\n|-unboost|p2b: Gholdengo|atk|1\n|turn|5\n|-message|caZISA forfeited.\n|\n|win|actuary97\n|raw|actuary97's rating: 1764 &rarr; <strong>1780<\/strong><br \/>(+16 for winning)\n|raw|caZISA's rating: 1689 &rarr; <strong>1673<\/strong><br \/>(-16 for losing)\n|l|\u2606caZISA\n|player|p2|\n|l|\u2606actuary97\n|player|p1|\n","uploadtime":1728479418,"views":39,"formatid":"gen9vgc2024regh","rating":1673,"private":0,"password":null}