{"id":"gen9vgc2024regh-2219282103","format":"[Gen 9] VGC 2024 Reg H","players":["aires17","Sup20"],"log":"|j|\u2606aires17\n|j|\u2606Sup20\n|t:|1728481800\n|gametype|doubles\n|player|p1|aires17|richboy|1693\n|player|p2|Sup20|marlon|1671\n|teamsize|p1|6\n|teamsize|p2|6\n|gen|9\n|tier|[Gen 9] VGC 2024 Reg H\n|rated|\n|rule|Species Clause: Limit one of each Pok\u00e9mon\n|rule|Item Clause: Limit 1 of each item\n|clearpoke\n|poke|p1|Lapras, L50, M|\n|poke|p1|Golurk, L50|\n|poke|p1|Gothitelle, L50, M|\n|poke|p1|Incineroar, L50, M|\n|poke|p1|Bronzong, L50|\n|poke|p1|Clefable, L50, F|\n|poke|p2|Oricorio-Sensu, L50, M|\n|poke|p2|Volcarona, L50, M|\n|poke|p2|Incineroar, L50, F|\n|poke|p2|Rillaboom, L50, F|\n|poke|p2|Weezing-Galar, L50, F|\n|poke|p2|Dragapult, L50, F|\n|teampreview|4\naires17 rejected open team sheets.\n|j| notthealtaccount\n|inactive|Battle timer is ON: inactive players will automatically lose when time's up. (requested by Sup20)\n|inactive|aires17 has 60 seconds left.\n|\n|t:|1728481851\n|start\n|switch|p1a: Incineroar|Incineroar, L50, M|100\/100\n|switch|p1b: Clefable|Clefable, L50, F|100\/100\n|switch|p2a: Volcarona|Volcarona, L50, M|100\/100\n|switch|p2b: Oricorio|Oricorio-Sensu, L50, M|100\/100\n|-ability|p1a: Incineroar|Intimidate|boost\n|-unboost|p2a: Volcarona|atk|1\n|-unboost|p2b: Oricorio|atk|1\n|turn|1\n|inactive|aires17 has 30 seconds left.\n|\n|t:|1728481877\n|switch|p1b: Lapras|Lapras, L50, M|100\/100\n|move|p2b: Oricorio|Protect|p2b: Oricorio\n|-singleturn|p2b: Oricorio|Protect\n|move|p1a: Incineroar|Fake Out|p2b: Oricorio\n|-activate|p2b: Oricorio|move: Protect\n|move|p2a: Volcarona|Quiver Dance|p2a: Volcarona\n|-boost|p2a: Volcarona|spa|1\n|-boost|p2a: Volcarona|spd|1\n|-boost|p2a: Volcarona|spe|1\n|-activate|p2b: Oricorio|ability: Dancer\n|move|p2b: Oricorio|Quiver Dance|p2b: Oricorio|[from]ability: Dancer\n|-boost|p2b: Oricorio|spa|1\n|-boost|p2b: Oricorio|spd|1\n|-boost|p2b: Oricorio|spe|1\n|\n|upkeep\n|turn|2\n|inactive|Sup20 has 30 seconds left.\n|\n|t:|1728481903\n|-terastallize|p2b: Oricorio|Fighting\n|move|p2a: Volcarona|Quiver Dance|p2a: Volcarona\n|-boost|p2a: Volcarona|spa|1\n|-boost|p2a: Volcarona|spd|1\n|-boost|p2a: Volcarona|spe|1\n|-activate|p2b: Oricorio|ability: Dancer\n|move|p2b: Oricorio|Quiver Dance|p2b: Oricorio|[from]ability: Dancer\n|-boost|p2b: Oricorio|spa|1\n|-boost|p2b: Oricorio|spd|1\n|-boost|p2b: Oricorio|spe|1\n|move|p2b: Oricorio|Revelation Dance|p1a: Incineroar\n|-supereffective|p1a: Incineroar\n|-damage|p1a: Incineroar|0 fnt\n|faint|p1a: Incineroar\n|move|p1b: Lapras|Perish Song|p1b: Lapras\n|-start|p1b: Lapras|perish3|[silent]\n|-start|p2a: Volcarona|perish3|[silent]\n|-start|p2b: Oricorio|perish3|[silent]\n|-fieldactivate|move: Perish Song\n|\n|-start|p2a: Volcarona|perish3\n|-start|p2b: Oricorio|perish3\n|-start|p1b: Lapras|perish3\n|upkeep\n|\n|t:|1728481921\n|switch|p1a: Gothitelle|Gothitelle, L50, M|100\/100\n|turn|3\n|\n|t:|1728481930\n|move|p1a: Gothitelle|Protect|p1a: Gothitelle\n|-singleturn|p1a: Gothitelle|Protect\n|move|p1b: Lapras|Protect|p1b: Lapras\n|-singleturn|p1b: Lapras|Protect\n|move|p2a: Volcarona|Fiery Dance|p1a: Gothitelle\n|-activate|p1a: Gothitelle|move: Protect\n|move|p2b: Oricorio|Revelation Dance|p1b: Lapras\n|-activate|p1b: Lapras|move: Protect\n|\n|-start|p2a: Volcarona|perish2\n|-start|p2b: Oricorio|perish2\n|-start|p1b: Lapras|perish2\n|upkeep\n|turn|4\n|\n|t:|1728481954\n|switch|p1b: Clefable|Clefable, L50, F|100\/100\n|-terastallize|p1a: Gothitelle|Water\n|move|p2a: Volcarona|Fiery Dance|p1a: Gothitelle\n|-resisted|p1a: Gothitelle\n|-damage|p1a: Gothitelle|76\/100\n|-boost|p2a: Volcarona|spa|1\n|-activate|p2b: Oricorio|ability: Dancer\n|move|p2b: Oricorio|Fiery Dance|p1a: Gothitelle|[from]ability: Dancer\n|-resisted|p1a: Gothitelle\n|-damage|p1a: Gothitelle|57\/100\n|-boost|p2b: Oricorio|spa|1\n|move|p2b: Oricorio|Revelation Dance|p1a: Gothitelle\n|-damage|p1a: Gothitelle|0 fnt\n|faint|p1a: Gothitelle\n|\n|-start|p2a: Volcarona|perish1\n|-start|p2b: Oricorio|perish1\n|upkeep\n|\n|t:|1728481974\n|switch|p1a: Lapras|Lapras, L50, M|100\/100\n|turn|5\n|c|\u2606Sup20|what is this team\n|c|\u2606Sup20|and why am i finding it at 1700 elo\n|c|\u2606Sup20|who's losing vs this\n|\n|t:|1728481996\n|switch|p2a: Weezing|Weezing-Galar, L50, F|100\/100\n|-ability|p2a: Weezing|Neutralizing Gas\n|switch|p2b: Dragapult|Dragapult, L50, F|100\/100\n|move|p1b: Clefable|Skill Swap|p2b: Dragapult\n|-activate|p1b: Clefable|move: Skill Swap|Clear Body|Unaware|[of] p2b: Dragapult\n|move|p1a: Lapras|Substitute|p1a: Lapras\n|-start|p1a: Lapras|Substitute\n|-damage|p1a: Lapras|76\/100\n|\n|-heal|p1a: Lapras|82\/100|[from] item: Leftovers\n|upkeep\n|turn|6\n|\n|t:|1728482019\n|move|p1b: Clefable|Protect|p1b: Clefable\n|-singleturn|p1b: Clefable|Protect\n|move|p2b: Dragapult|Phantom Force||[still]\n|-prepare|p2b: Dragapult|Phantom Force\n|move|p2a: Weezing|Sludge Bomb|p1b: Clefable\n|-activate|p1b: Clefable|move: Protect\n|move|p1a: Lapras|Sheer Cold|p2a: Weezing|[miss]\n|-miss|p1a: Lapras|p2a: Weezing\n|\n|-heal|p1a: Lapras|87\/100|[from] item: Leftovers\n|upkeep\n|turn|7\n|\n|t:|1728482032\n|move|p1b: Clefable|Follow Me|p1b: Clefable\n|-singleturn|p1b: Clefable|move: Follow Me\n|move|p2b: Dragapult|Phantom Force|p1b: Clefable|[from]lockedmove\n|-damage|p1b: Clefable|32\/100\n|move|p2a: Weezing|Sludge Bomb|p1b: Clefable\n|-supereffective|p1b: Clefable\n|-damage|p1b: Clefable|0 fnt\n|faint|p1b: Clefable\n|move|p1a: Lapras|Sheer Cold|p2b: Dragapult|[miss]\n|-miss|p1a: Lapras|p2b: Dragapult\n|\n|-heal|p1a: Lapras|93\/100|[from] item: Leftovers\n|upkeep\n|turn|8\n|\n|t:|1728482045\n|move|p2b: Dragapult|Phantom Force||[still]\n|-prepare|p2b: Dragapult|Phantom Force\n|move|p2a: Weezing|Sludge Bomb|p1a: Lapras\n|-end|p1a: Lapras|Substitute\n|move|p1a: Lapras|Sheer Cold|p2a: Weezing\n|-damage|p2a: Weezing|0 fnt\n|faint|p2a: Weezing\n|-end|p2a: Weezing|ability: Neutralizing Gas\n|-ohko\n|\n|-heal|p1a: Lapras|99\/100|[from] item: Leftovers\n|upkeep\n|c|\u2606Sup20|is that it lol\n|c|\u2606Sup20|substitute + sheer cold?\n|\n|t:|1728482058\n|switch|p2a: Oricorio|Oricorio-Sensu, L50, M, tera:Fighting|100\/100\n|turn|9\n|\n|t:|1728482070\n|move|p2b: Dragapult|Phantom Force|p1a: Lapras|[from]lockedmove\n|-damage|p1a: Lapras|41\/100\n|move|p2a: Oricorio|Revelation Dance|p1a: Lapras\n|-supereffective|p1a: Lapras\n|-damage|p1a: Lapras|0 fnt\n|faint|p1a: Lapras\n|\n|win|Sup20\n|raw|aires17's rating: 1693 &rarr; <strong>1672<\/strong><br \/>(-21 for losing)\n|raw|Sup20's rating: 1671 &rarr; <strong>1692<\/strong><br \/>(+21 for winning)\n|l|\u2606aires17\n|player|p1|\n|l|\u2606Sup20\n|player|p2|\n|l| notthealtaccount\n","uploadtime":1728482287,"views":18,"formatid":"gen9vgc2024regh","rating":1672,"private":0,"password":null}