{"id":"gen9vgc2024regh-2219432476","format":"[Gen 9] VGC 2024 Reg H","players":["chin8","Funnyman Krebs"],"log":"|j|\u2606chin8\n|j|\u2606Funnyman Krebs\n|t:|1728495018\n|gametype|doubles\n|player|p1|chin8|gentleman-gen4dp|1693\n|player|p2|Funnyman Krebs|wallace|1733\n|teamsize|p1|6\n|teamsize|p2|6\n|gen|9\n|tier|[Gen 9] VGC 2024 Reg H\n|rated|\n|rule|Species Clause: Limit one of each Pok\u00e9mon\n|rule|Item Clause: Limit 1 of each item\n|clearpoke\n|poke|p1|Baxcalibur, L50, F|\n|poke|p1|Kilowattrel, L50, M|\n|poke|p1|Heracross, L50, M|\n|poke|p1|Gardevoir, L50, F|\n|poke|p1|Magmortar, L50, M|\n|poke|p1|Gholdengo, L50|\n|poke|p2|Gholdengo, L50|\n|poke|p2|Amoonguss, L50, M|\n|poke|p2|Incineroar, L50, M|\n|poke|p2|Kommo-o, L50, M|\n|poke|p2|Porygon2, L50|\n|poke|p2|Basculegion, L50, M|\n|teampreview|4\nFunnyman Krebs has agreed to open team sheets.\n|c|\u2606Funnyman Krebs|glhf\n|j| mr pogostick\n|\n|t:|1728495055\n|start\n|switch|p1a: Kilowattrel|Kilowattrel, L50, M|100\/100\n|switch|p1b: Baxcalibur|Baxcalibur, L50, F|100\/100\n|switch|p2a: Onomatopoeia|Kommo-o, L50, M|100\/100\n|switch|p2b: 1984|Amoonguss, L50, M|100\/100\n|turn|1\n|\n|t:|1728495068\n|-terastallize|p1b: Baxcalibur|Ground\n|-terastallize|p2a: Onomatopoeia|Fire\n|move|p1a: Kilowattrel|Air Slash|p2b: 1984\n|-supereffective|p2b: 1984\n|-damage|p2b: 1984|43\/100\n|-enditem|p2b: 1984|Sitrus Berry|[eat]\n|-heal|p2b: 1984|68\/100|[from] item: Sitrus Berry\n|move|p1b: Baxcalibur|Earthquake|p2b: 1984|[spread] p2a,p2b\n|-immune|p1a: Kilowattrel\n|-supereffective|p2a: Onomatopoeia\n|-damage|p2a: Onomatopoeia|44\/100\n|-damage|p2b: 1984|31\/100\n|move|p2a: Onomatopoeia|Iron Defense|p2a: Onomatopoeia\n|-boost|p2a: Onomatopoeia|def|2\n|move|p2b: 1984|Spore|p1a: Kilowattrel\n|-status|p1a: Kilowattrel|slp|[from] move: Spore\n|\n|-heal|p2a: Onomatopoeia|50\/100|[from] item: Leftovers\n|upkeep\n|turn|2\n|inactive|Battle timer is ON: inactive players will automatically lose when time's up. (requested by chin8)\n|\n|t:|1728495100\n|switch|p2b: Fuegro|Incineroar, L50, M|100\/100\n|-ability|p2b: Fuegro|Intimidate|boost\n|-unboost|p1a: Kilowattrel|atk|1\n|-ability|p1a: Kilowattrel|Competitive|boost\n|-boost|p1a: Kilowattrel|spa|2\n|-unboost|p1b: Baxcalibur|atk|1\n|cant|p1a: Kilowattrel|slp\n|move|p1b: Baxcalibur|Earthquake|p2b: Fuegro|[spread] p2a,p2b\n|-immune|p1a: Kilowattrel\n|-supereffective|p2a: Onomatopoeia\n|-supereffective|p2b: Fuegro\n|-damage|p2a: Onomatopoeia|30\/100\n|-damage|p2b: Fuegro|58\/100\n|move|p2a: Onomatopoeia|Body Press|p1b: Baxcalibur\n|-damage|p1b: Baxcalibur|20\/100\n|\n|-heal|p2a: Onomatopoeia|36\/100|[from] item: Leftovers\n|upkeep\n|turn|3\n|\n|t:|1728495120\n|cant|p1a: Kilowattrel|slp\n|move|p2b: Fuegro|Fake Out|p1a: Kilowattrel\n|-damage|p1a: Kilowattrel|83\/100 slp\n|move|p1b: Baxcalibur|Earthquake|p2b: Fuegro|[spread] p2a,p2b\n|-immune|p1a: Kilowattrel\n|-supereffective|p2a: Onomatopoeia\n|-supereffective|p2b: Fuegro\n|-damage|p2a: Onomatopoeia|15\/100\n|-damage|p2b: Fuegro|21\/100\n|move|p2a: Onomatopoeia|Body Press|p1a: Kilowattrel\n|-resisted|p1a: Kilowattrel\n|-damage|p1a: Kilowattrel|4\/100 slp\n|\n|-heal|p2a: Onomatopoeia|21\/100|[from] item: Leftovers\n|upkeep\n|turn|4\n|j| ideaE\n|\n|t:|1728495137\n|move|p2a: Onomatopoeia|Protect|p2a: Onomatopoeia\n|-singleturn|p2a: Onomatopoeia|Protect\n|-curestatus|p1a: Kilowattrel|slp|[msg]\n|move|p1a: Kilowattrel|Tailwind|p1a: Kilowattrel\n|-sidestart|p1: chin8|move: Tailwind\n|move|p1b: Baxcalibur|Earthquake|p2a: Onomatopoeia|[spread] p2b\n|-activate|p2a: Onomatopoeia|move: Protect\n|-immune|p1a: Kilowattrel\n|-supereffective|p2b: Fuegro\n|-damage|p2b: Fuegro|0 fnt\n|faint|p2b: Fuegro\n|\n|-heal|p2a: Onomatopoeia|27\/100|[from] item: Leftovers\n|upkeep\n|\n|t:|1728495149\n|switch|p2b: 1984|Amoonguss, L50, M|64\/100\n|turn|5\n|\n|t:|1728495155\n|move|p2b: 1984|Rage Powder|p2b: 1984\n|-singleturn|p2b: 1984|move: Rage Powder\n|move|p1a: Kilowattrel|Air Slash|p2b: 1984|[miss]\n|-miss|p1a: Kilowattrel|p2b: 1984\n|move|p1b: Baxcalibur|Earthquake|p2b: 1984|[spread] p2a,p2b\n|-immune|p1a: Kilowattrel\n|-supereffective|p2a: Onomatopoeia\n|-damage|p2a: Onomatopoeia|6\/100\n|-damage|p2b: 1984|40\/100\n|move|p2a: Onomatopoeia|Body Press|p1b: Baxcalibur\n|-damage|p1b: Baxcalibur|0 fnt\n|faint|p1b: Baxcalibur\n|\n|-heal|p2a: Onomatopoeia|12\/100|[from] item: Leftovers\n|upkeep\n|\n|t:|1728495160\n|switch|p1b: Gholdengo|Gholdengo, L50|100\/100\n|turn|6\n|\n|t:|1728495166\n|move|p2a: Onomatopoeia|Protect|p2a: Onomatopoeia\n|-singleturn|p2a: Onomatopoeia|Protect\n|move|p2b: 1984|Protect|p2b: 1984\n|-singleturn|p2b: 1984|Protect\n|move|p1a: Kilowattrel|Air Slash|p2b: 1984\n|-activate|p2b: 1984|move: Protect\n|move|p1b: Gholdengo|Make It Rain|p2b: 1984|[spread] \n|-activate|p2a: Onomatopoeia|move: Protect\n|-activate|p2b: 1984|move: Protect\n|\n|-heal|p2a: Onomatopoeia|18\/100|[from] item: Leftovers\n|upkeep\n|turn|7\n|\n|t:|1728495177\n|move|p2b: 1984|Rage Powder|p2b: 1984\n|-singleturn|p2b: 1984|move: Rage Powder\n|move|p1a: Kilowattrel|Air Slash|p2b: 1984\n|-supereffective|p2b: 1984\n|-damage|p2b: 1984|0 fnt\n|faint|p2b: 1984\n|move|p1b: Gholdengo|Make It Rain|p2a: Onomatopoeia\n|-resisted|p2a: Onomatopoeia\n|-damage|p2a: Onomatopoeia|0 fnt\n|-unboost|p1b: Gholdengo|spa|1\n|faint|p2a: Onomatopoeia\n|\n|-sideend|p1: chin8|move: Tailwind\n|upkeep\n|\n|t:|1728495181\n|switch|p2a: Firetruck|Basculegion, L50, M|100\/100\n|turn|8\n|j| DRIPcaster\n|\n|t:|1728495188\n|move|p2a: Firetruck|Last Respects|p1a: Kilowattrel\n|-damage|p1a: Kilowattrel|0 fnt\n|faint|p1a: Kilowattrel\n|move|p1b: Gholdengo|Shadow Ball|p2a: Firetruck\n|-supereffective|p2a: Firetruck\n|-damage|p2a: Firetruck|30\/100\n|\n|upkeep\n|\n|t:|1728495191\n|switch|p1a: Magmortar|Magmortar, L50, M|100\/100\n|turn|9\n|\n|t:|1728495196\n|move|p1a: Magmortar|Follow Me|p1a: Magmortar\n|-singleturn|p1a: Magmortar|move: Follow Me\n|move|p2a: Firetruck|Last Respects|p1a: Magmortar\n|-damage|p1a: Magmortar|0 fnt\n|faint|p1a: Magmortar\n|move|p1b: Gholdengo|Shadow Ball|p2a: Firetruck\n|-supereffective|p2a: Firetruck\n|-damage|p2a: Firetruck|0 fnt\n|faint|p2a: Firetruck\n|\n|win|chin8\n|raw|chin8's rating: 1693 &rarr; <strong>1715<\/strong><br \/>(+22 for winning)\n|raw|Funnyman Krebs's rating: 1733 &rarr; <strong>1711<\/strong><br \/>(-22 for losing)\n|c|\u2606Funnyman Krebs|gg\n|l|\u2606chin8\n|player|p1|\n|l|\u2606Funnyman Krebs\n|player|p2|\n|c| DRIPcaster|magmotar?\n|l| DRIPcaster\n|l| mr pogostick\n","uploadtime":1728495421,"views":16,"formatid":"gen9vgc2024regh","rating":1711,"private":0,"password":null}