{"id":"gen9vgc2024regh-2219058678","format":"[Gen 9] VGC 2024 Reg H","players":["winterbreak","yumeiouo"],"log":"|j|\u2606winterbreak\n|j|\u2606yumeiouo\n|t:|1728449196\n|gametype|doubles\n|player|p1|winterbreak|lucas-gen4pt|1896\n|player|p2|yumeiouo|dawn|1824\n|teamsize|p1|6\n|teamsize|p2|6\n|gen|9\n|tier|[Gen 9] VGC 2024 Reg H\n|rated|\n|rule|Species Clause: Limit one of each Pok\u00e9mon\n|rule|Item Clause: Limit 1 of each item\n|clearpoke\n|poke|p1|Hydreigon, L50, M|\n|poke|p1|Gholdengo, L50|\n|poke|p1|Ursaluna-Bloodmoon, L50, M|\n|poke|p1|Rillaboom, L50, F|\n|poke|p1|Incineroar, L50, F|\n|poke|p1|Electabuzz, L50, F|\n|poke|p2|Ursaluna-Bloodmoon, L50, M|\n|poke|p2|Gholdengo, L50|\n|poke|p2|Dragonite, L50, M|\n|poke|p2|Porygon2, L50|\n|poke|p2|Kingambit, L50, M|\n|poke|p2|Amoonguss, L50, M|\n|teampreview|4\n|inactive|Battle timer is ON: inactive players will automatically lose when time's up. (requested by yumeiouo)\n|\n|t:|1728449273\n|start\n|switch|p1a: Hydreigon|Hydreigon, L50, M, shiny|100\/100\n|switch|p1b: Electabuzz|Electabuzz, L50, F|100\/100\n|switch|p2a: Kingambit|Kingambit, L50, M|100\/100\n|switch|p2b: Porygon2|Porygon2, L50|100\/100\n|-ability|p2b: Porygon2|Download|boost\n|-boost|p2b: Porygon2|atk|1\n|turn|1\n|c|\u2606winterbreak|gl\n|inactive|winterbreak has 30 seconds left.\n|\n|t:|1728449301\n|move|p1a: Hydreigon|Heat Wave|p2a: Kingambit|[spread] p2a\n|-miss|p1a: Hydreigon|p2b: Porygon2\n|-supereffective|p2a: Kingambit\n|-damage|p2a: Kingambit|16\/100\n|move|p1b: Electabuzz|Taunt|p2b: Porygon2\n|-start|p2b: Porygon2|move: Taunt\n|move|p2a: Kingambit|Kowtow Cleave|p1b: Electabuzz\n|-damage|p1b: Electabuzz|60\/100\n|move|p2b: Porygon2|Tera Blast|p1b: Electabuzz\n|-damage|p1b: Electabuzz|37\/100\n|\n|upkeep\n|turn|2\n|inactive|winterbreak has 30 seconds left.\n|\n|t:|1728449329\n|move|p1b: Electabuzz|Protect|p1b: Electabuzz\n|-singleturn|p1b: Electabuzz|Protect\n|move|p2a: Kingambit|Protect|p2a: Kingambit\n|-singleturn|p2a: Kingambit|Protect\n|move|p1a: Hydreigon|Heat Wave|p2a: Kingambit|[spread] \n|-activate|p2a: Kingambit|move: Protect\n|-miss|p1a: Hydreigon|p2b: Porygon2\n|move|p2b: Porygon2|Ice Beam|p1a: Hydreigon\n|-supereffective|p1a: Hydreigon\n|-damage|p1a: Hydreigon|38\/100\n|\n|upkeep\n|turn|3\n|\n|t:|1728449343\n|switch|p2a: Dragonite|Dragonite, L50, M|100\/100\n|move|p1b: Electabuzz|Follow Me|p1b: Electabuzz\n|-singleturn|p1b: Electabuzz|move: Follow Me\n|move|p1a: Hydreigon|Heat Wave|p2a: Dragonite|[spread] p2a,p2b\n|-resisted|p2a: Dragonite\n|-damage|p2a: Dragonite|93\/100\n|-damage|p2b: Porygon2|78\/100\n|move|p2b: Porygon2|Tera Blast|p1b: Electabuzz\n|-damage|p1b: Electabuzz|11\/100\n|\n|-end|p2b: Porygon2|move: Taunt\n|upkeep\n|turn|4\n|\n|t:|1728449359\n|switch|p1a: Gholdengo|Gholdengo, L50|100\/100\n|move|p1b: Electabuzz|Protect|p1b: Electabuzz\n|-singleturn|p1b: Electabuzz|Protect\n|move|p2a: Dragonite|Extreme Speed|p1a: Gholdengo\n|-immune|p1a: Gholdengo\n|move|p2b: Porygon2|Tera Blast|p1a: Gholdengo\n|-immune|p1a: Gholdengo\n|\n|upkeep\n|turn|5\n|\n|t:|1728449384\n|switch|p2a: Gholdengo|Gholdengo, L50|100\/100\n|move|p1b: Electabuzz|Follow Me|p1b: Electabuzz\n|-singleturn|p1b: Electabuzz|move: Follow Me\n|move|p1a: Gholdengo|Nasty Plot|p1a: Gholdengo\n|-boost|p1a: Gholdengo|spa|2\n|move|p2b: Porygon2|Tera Blast|p1b: Electabuzz\n|-damage|p1b: Electabuzz|0 fnt\n|faint|p1b: Electabuzz\n|\n|upkeep\n|j| hoesix\n|inactive|winterbreak has 30 seconds left.\n|inactive|winterbreak has 20 seconds left.\n|inactive|winterbreak has 15 seconds left.\n|inactive|winterbreak has 10 seconds left.\n|\n|t:|1728449430\n|switch|p1b: Hydreigon|Hydreigon, L50, M, shiny|38\/100\n|turn|6\n|inactive|winterbreak has 30 seconds left.\n|\n|t:|1728449455\n|-terastallize|p2a: Gholdengo|Steel\n|move|p2b: Porygon2|Protect|p2b: Porygon2\n|-singleturn|p2b: Porygon2|Protect\n|move|p2a: Gholdengo|Make It Rain|p1b: Hydreigon|[spread] p1a,p1b\n|-resisted|p1a: Gholdengo\n|-damage|p1a: Gholdengo|56\/100\n|-damage|p1b: Hydreigon|0 fnt\n|-unboost|p2a: Gholdengo|spa|1\n|faint|p1b: Hydreigon\n|move|p1a: Gholdengo|Make It Rain|p2a: Gholdengo|[spread] p2a\n|-activate|p2b: Porygon2|move: Protect\n|-resisted|p2a: Gholdengo\n|-damage|p2a: Gholdengo|47\/100\n|-unboost|p1a: Gholdengo|spa|1\n|\n|upkeep\n|\n|t:|1728449461\n|switch|p1b: Ursaluna|Ursaluna-Bloodmoon, L50, M|100\/100\n|turn|7\n|l| hoesix\n|inactive|winterbreak has 30 seconds left.\n|\n|t:|1728449494\n|move|p2a: Gholdengo|Make It Rain|p1b: Ursaluna|[spread] p1a,p1b\n|-resisted|p1a: Gholdengo\n|-damage|p1a: Gholdengo|31\/100\n|-damage|p1b: Ursaluna|54\/100\n|-unboost|p2a: Gholdengo|spa|1\n|move|p1a: Gholdengo|Make It Rain|p2a: Gholdengo|[spread] p2a,p2b\n|-resisted|p2a: Gholdengo\n|-damage|p2a: Gholdengo|4\/100\n|-damage|p2b: Porygon2|34\/100\n|-unboost|p1a: Gholdengo|spa|1\n|move|p1b: Ursaluna|Blood Moon|p2b: Porygon2\n|-damage|p2b: Porygon2|0 fnt\n|faint|p2b: Porygon2\n|\n|-heal|p1b: Ursaluna|60\/100|[from] item: Leftovers\n|upkeep\n|\n|t:|1728449518\n|switch|p2b: Kingambit|Kingambit, L50, M|16\/100\n|turn|8\n|j| hoesix\n|inactive|winterbreak has 30 seconds left.\n|\n|t:|1728449546\n|switch|p2a: Dragonite|Dragonite, L50, M|93\/100\n|move|p1b: Ursaluna|Protect|p1b: Ursaluna\n|-singleturn|p1b: Ursaluna|Protect\n|move|p2b: Kingambit|Sucker Punch|p1a: Gholdengo\n|-supereffective|p1a: Gholdengo\n|-damage|p1a: Gholdengo|0 fnt\n|faint|p1a: Gholdengo\n|\n|-heal|p1b: Ursaluna|66\/100|[from] item: Leftovers\n|upkeep\n|turn|9\n|-message|winterbreak forfeited.\n|\n|win|yumeiouo\n|raw|winterbreak's rating: 1896 &rarr; <strong>1872<\/strong><br \/>(-24 for losing)\n|raw|yumeiouo's rating: 1824 &rarr; <strong>1848<\/strong><br \/>(+24 for winning)\n|l|\u2606winterbreak\n|player|p1|\n|l|\u2606yumeiouo\n|player|p2|\n|j|\u2606winterbreak\n|player|p1|winterbreak|lucas-gen4pt|\n|l| hoesix\n|l|\u2606winterbreak\n|player|p1|\n","uploadtime":1728449734,"views":333,"formatid":"gen9vgc2024regh","rating":1848,"private":0,"password":null}