{"id":"gen9vgc2024regh-2220507943","format":"[Gen 9] VGC 2024 Reg H","players":["badpiplupvgc","mlm2016"],"log":"|j|\u2606badpiplupvgc\n|j|\u2606mlm2016\n|t:|1728619691\n|gametype|doubles\n|player|p1|badpiplupvgc|170|1720\n|player|p2|mlm2016|juggler|1669\n|teamsize|p1|6\n|teamsize|p2|6\n|gen|9\n|tier|[Gen 9] VGC 2024 Reg H\n|rated|\n|rule|Species Clause: Limit one of each Pok\u00e9mon\n|rule|Item Clause: Limit 1 of each item\n|clearpoke\n|poke|p1|Tyranitar, L50, F|\n|poke|p1|Excadrill, L50, F|\n|poke|p1|Indeedee-F, L50, F|\n|poke|p1|Armarouge, L50, M|\n|poke|p1|Sneasler, L50, M|\n|poke|p1|Milotic, L50, F|\n|poke|p2|Gholdengo, L50|\n|poke|p2|Tyranitar, L50, F|\n|poke|p2|Incineroar, L50, F|\n|poke|p2|Whimsicott, L50, F|\n|poke|p2|Rillaboom, L50, M|\n|poke|p2|Ursaluna-Bloodmoon, L50, M|\n|teampreview|4\n|inactive|Battle timer is ON: inactive players will automatically lose when time's up. (requested by badpiplupvgc)\n|inactive|mlm2016 has 60 seconds left.\n|\n|t:|1728619772\n|start\n|switch|p1a: Excadrill|Excadrill, L50, F, shiny|100\/100\n|switch|p1b: Tyranitar|Tyranitar, L50, F, shiny|100\/100\n|switch|p2a: Goldilocks|Gholdengo, L50|100\/100\n|switch|p2b: Tai Lung|Incineroar, L50, F|100\/100\n|-ability|p2b: Tai Lung|Intimidate|boost\n|-unboost|p1a: Excadrill|atk|1\n|-unboost|p1b: Tyranitar|atk|1\n|-weather|Sandstorm|[from] ability: Sand Stream|[of] p1b: Tyranitar\n|turn|1\n|inactive|badpiplupvgc has 30 seconds left.\n|inactive|mlm2016 has 30 seconds left.\n|\n|t:|1728619806\n|switch|p1b: Indeedee|Indeedee-F, L50, F|100\/100\n|-fieldstart|move: Psychic Terrain|[from] ability: Psychic Surge|[of] p1b: Indeedee\n|-terastallize|p1a: Excadrill|Ground\n|move|p2b: Tai Lung|Fake Out|p1a: Excadrill\n|-activate|p1a: Excadrill|move: Psychic Terrain\n|move|p1a: Excadrill|High Horsepower|p2a: Goldilocks\n|-supereffective|p2a: Goldilocks\n|-damage|p2a: Goldilocks|14\/100\n|-enditem|p2a: Goldilocks|Weakness Policy\n|-boost|p2a: Goldilocks|atk|2|[from] item: Weakness Policy\n|-boost|p2a: Goldilocks|spa|2|[from] item: Weakness Policy\n|move|p2a: Goldilocks|Make It Rain|p1b: Indeedee|[spread] p1a,p1b\n|-enditem|p1a: Excadrill|Focus Sash\n|-damage|p1a: Excadrill|1\/100\n|-damage|p1b: Indeedee|13\/100\n|-unboost|p2a: Goldilocks|spa|1\n|\n|-weather|Sandstorm|[upkeep]\n|upkeep\n|turn|2\n|inactive|mlm2016 has 30 seconds left.\n|\n|t:|1728619833\n|move|p1b: Indeedee|Helping Hand|p1a: Excadrill\n|-singleturn|p1a: Excadrill|Helping Hand|[of] p1b: Indeedee\n|move|p2a: Goldilocks|Protect|p2a: Goldilocks\n|-singleturn|p2a: Goldilocks|Protect\n|move|p1a: Excadrill|Earthquake|p2b: Tai Lung|[spread] p1b,p2b\n|-activate|p2a: Goldilocks|move: Protect\n|-supereffective|p2b: Tai Lung\n|-damage|p1b: Indeedee|0 fnt\n|-damage|p2b: Tai Lung|0 fnt\n|faint|p1b: Indeedee\n|faint|p2b: Tai Lung\n|\n|-weather|Sandstorm|[upkeep]\n|upkeep\n|\n|t:|1728619846\n|switch|p2b: ApesTogetherStrong|Rillaboom, L50, M|100\/100\n|switch|p1b: Sneasler|Sneasler, L50, M|100\/100\n|-enditem|p1b: Sneasler|Psychic Seed\n|-boost|p1b: Sneasler|spd|1|[from] item: Psychic Seed\n|-fieldstart|move: Grassy Terrain|[from] ability: Grassy Surge|[of] p2b: ApesTogetherStrong\n|turn|3\n|inactive|mlm2016 has 30 seconds left.\n|inactive|mlm2016 has 20 seconds left.\n|inactive|mlm2016 has 15 seconds left.\n|\n|t:|1728619887\n|move|p1b: Sneasler|Protect|p1b: Sneasler\n|-singleturn|p1b: Sneasler|Protect\n|move|p1a: Excadrill|Protect|p1a: Excadrill\n|-singleturn|p1a: Excadrill|Protect\n|move|p2b: ApesTogetherStrong|Fake Out|p1b: Sneasler\n|-activate|p1b: Sneasler|move: Protect\n|move|p2a: Goldilocks|Make It Rain|p1a: Excadrill|[spread] \n|-activate|p1a: Excadrill|move: Protect\n|-activate|p1b: Sneasler|move: Protect\n|\n|-weather|Sandstorm|[upkeep]\n|-damage|p1b: Sneasler|95\/100|[from] Sandstorm\n|-damage|p2b: ApesTogetherStrong|94\/100|[from] Sandstorm\n|-heal|p1b: Sneasler|100\/100|[from] Grassy Terrain\n|-heal|p1a: Excadrill|7\/100|[from] Grassy Terrain\n|-heal|p2a: Goldilocks|20\/100|[from] Grassy Terrain\n|-heal|p2b: ApesTogetherStrong|100\/100|[from] Grassy Terrain\n|upkeep\n|turn|4\n|inactive|badpiplupvgc has 30 seconds left.\n|inactive|mlm2016 has 30 seconds left.\n|inactive|badpiplupvgc has 20 seconds left.\n|inactive|mlm2016 has 20 seconds left.\n|inactive|badpiplupvgc has 15 seconds left.\n|inactive|badpiplupvgc has 10 seconds left.\n|\n|t:|1728619936\n|switch|p1a: Tyranitar|Tyranitar, L50, F, shiny|100\/100\n|move|p1b: Sneasler|Dire Claw|p2b: ApesTogetherStrong\n|-supereffective|p2b: ApesTogetherStrong\n|-damage|p2b: ApesTogetherStrong|9\/100\n|-status|p2b: ApesTogetherStrong|slp\n|move|p2a: Goldilocks|Make It Rain|p1b: Sneasler|[spread] p1a,p1b\n|-supereffective|p1a: Tyranitar\n|-damage|p1a: Tyranitar|54\/100\n|-damage|p1b: Sneasler|48\/100\n|-unboost|p2a: Goldilocks|spa|1\n|cant|p2b: ApesTogetherStrong|slp\n|\n|-weather|Sandstorm|[upkeep]\n|-damage|p1b: Sneasler|42\/100|[from] Sandstorm\n|-damage|p2b: ApesTogetherStrong|3\/100 slp|[from] Sandstorm\n|-heal|p1b: Sneasler|48\/100|[from] Grassy Terrain\n|-heal|p2a: Goldilocks|26\/100|[from] Grassy Terrain\n|-heal|p2b: ApesTogetherStrong|9\/100 slp|[from] Grassy Terrain\n|-heal|p1a: Tyranitar|60\/100|[from] Grassy Terrain\n|upkeep\n|turn|5\n|c|\u2606mlm2016|nooooo\n|c|\u2606mlm2016|the one in six to lose lol\n|c|\u2606mlm2016|so broken\n|inactive|mlm2016 has 30 seconds left.\n|inactive|mlm2016 has 20 seconds left.\n|\n|t:|1728619973\n|move|p2a: Goldilocks|Protect|p2a: Goldilocks\n|-singleturn|p2a: Goldilocks|Protect\n|cant|p2b: ApesTogetherStrong|slp\n|move|p1b: Sneasler|Dire Claw|p2a: Goldilocks\n|-activate|p2a: Goldilocks|move: Protect\n|move|p1a: Tyranitar|Rock Slide|p2b: ApesTogetherStrong|[spread] \n|-activate|p2a: Goldilocks|move: Protect\n|-miss|p1a: Tyranitar|p2b: ApesTogetherStrong\n|\n|-weather|none\n|-heal|p1b: Sneasler|53\/100|[from] Grassy Terrain\n|-heal|p2a: Goldilocks|32\/100|[from] Grassy Terrain\n|-heal|p2b: ApesTogetherStrong|15\/100 slp|[from] Grassy Terrain\n|-heal|p1a: Tyranitar|66\/100|[from] Grassy Terrain\n|upkeep\n|turn|6\n|\n|t:|1728619997\n|move|p1b: Sneasler|Dire Claw|p2a: Goldilocks\n|-immune|p2a: Goldilocks\n|move|p2a: Goldilocks|Make It Rain|p1b: Sneasler|[spread] p1a,p1b\n|-supereffective|p1a: Tyranitar\n|-damage|p1a: Tyranitar|14\/100\n|-damage|p1b: Sneasler|16\/100\n|-unboost|p2a: Goldilocks|spa|1\n|-curestatus|p2b: ApesTogetherStrong|slp|[msg]\n|move|p2b: ApesTogetherStrong|Wood Hammer|p1b: Sneasler\n|-resisted|p1b: Sneasler\n|-damage|p1b: Sneasler|0 fnt\n|faint|p1b: Sneasler\n|-damage|p2b: ApesTogetherStrong|10\/100|[from] Recoil\n|move|p1a: Tyranitar|Rock Slide|p2a: Goldilocks|[spread] p2a,p2b\n|-resisted|p2a: Goldilocks\n|-damage|p2a: Goldilocks|19\/100\n|-damage|p2b: ApesTogetherStrong|0 fnt\n|faint|p2b: ApesTogetherStrong\n|\n|-heal|p2a: Goldilocks|25\/100|[from] Grassy Terrain\n|-heal|p1a: Tyranitar|19\/100|[from] Grassy Terrain\n|upkeep\n|\n|t:|1728620018\n|switch|p1b: Excadrill|Excadrill, L50, F, shiny, tera:Ground|7\/100\n|switch|p2b: Bloody Bearon|Ursaluna-Bloodmoon, L50, M|100\/100\n|turn|7\n|inactive|badpiplupvgc has 30 seconds left.\n|inactive|badpiplupvgc has 20 seconds left.\n|\n|t:|1728620055\n|-terastallize|p2b: Bloody Bearon|Normal\n|move|p1b: Excadrill|High Horsepower|p2a: Goldilocks\n|-supereffective|p2a: Goldilocks\n|-damage|p2a: Goldilocks|0 fnt\n|faint|p2a: Goldilocks\n|move|p2b: Bloody Bearon|Hyper Voice|p1a: Tyranitar|[spread] p1a,p1b\n|-resisted|p1a: Tyranitar\n|-damage|p1a: Tyranitar|1\/100\n|-damage|p1b: Excadrill|0 fnt\n|faint|p1b: Excadrill\n|-damage|p2b: Bloody Bearon|91\/100|[from] item: Life Orb\n|move|p1a: Tyranitar|Knock Off|p2b: Bloody Bearon\n|-damage|p2b: Bloody Bearon|44\/100\n|-enditem|p2b: Bloody Bearon|Life Orb|[from] move: Knock Off|[of] p1a: Tyranitar\n|\n|-heal|p2b: Bloody Bearon|50\/100|[from] Grassy Terrain\n|-heal|p1a: Tyranitar|7\/100|[from] Grassy Terrain\n|-fieldend|move: Grassy Terrain\n|upkeep\n|turn|8\n|\n|t:|1728620073\n|move|p2b: Bloody Bearon|Blood Moon|p1a: Tyranitar\n|-resisted|p1a: Tyranitar\n|-damage|p1a: Tyranitar|0 fnt\n|faint|p1a: Tyranitar\n|\n|win|mlm2016\n|raw|badpiplupvgc's rating: 1720 &rarr; <strong>1697<\/strong><br \/>(-23 for losing)\n|raw|mlm2016's rating: 1669 &rarr; <strong>1692<\/strong><br \/>(+23 for winning)\n|c|\u2606mlm2016|gg\n|c|\u2606mlm2016|close\n|l|\u2606badpiplupvgc\n|player|p1|\n|l|\u2606mlm2016\n|player|p2|\n","uploadtime":1728620319,"views":14,"formatid":"gen9vgc2024regh","rating":1692,"private":0,"password":null}