{"id":"gen9vgc2024regh-2220468034","format":"[Gen 9] VGC 2024 Reg H","players":["Kuribro","pwendolyn"],"log":"|j|\u2606Kuribro\n|j|\u2606pwendolyn\n|t:|1728614097\n|gametype|doubles\n|player|p1|Kuribro|1|1642\n|player|p2|pwendolyn|acetrainersnowf|1729\n|teamsize|p1|6\n|teamsize|p2|6\n|gen|9\n|tier|[Gen 9] VGC 2024 Reg H\n|rated|\n|rule|Species Clause: Limit one of each Pok\u00e9mon\n|rule|Item Clause: Limit 1 of each item\n|clearpoke\n|poke|p1|Dragonite, L50, M|\n|poke|p1|Gholdengo, L50|\n|poke|p1|Talonflame, L50, F|\n|poke|p1|Glimmora, L50, M|\n|poke|p1|Dondozo, L50, M|\n|poke|p1|Tatsugiri, L50, M|\n|poke|p2|Pelipper, L50, F|\n|poke|p2|Basculegion, L50, M|\n|poke|p2|Archaludon, L50, F|\n|poke|p2|Amoonguss, L50, F|\n|poke|p2|Incineroar, L50, M|\n|poke|p2|Gholdengo, L50|\n|teampreview|4\npwendolyn has agreed to open team sheets.\nKuribro has agreed to open team sheets.\n|\n|t:|1728614141\n|start\n|switch|p1a: Dragonite|Dragonite, L50, M|100\/100\n|switch|p1b: Dondozo|Dondozo, L50, M|100\/100\n|switch|p2a: Incineroar|Incineroar, L50, M|100\/100\n|switch|p2b: Gholdengo|Gholdengo, L50|100\/100\n|-ability|p2a: Incineroar|Intimidate|boost\n|-fail|p1a: Dragonite|unboost|Attack|[from] ability: Inner Focus|[of] p1a: Dragonite\n|-unboost|p1b: Dondozo|atk|1\n|turn|1\n|j| THUNDERSND77\n|\n|t:|1728614204\n|move|p1b: Dondozo|Protect|p1b: Dondozo\n|-singleturn|p1b: Dondozo|Protect\n|move|p2b: Gholdengo|Make It Rain|p1a: Dragonite|[spread] p1a\n|-activate|p1b: Dondozo|move: Protect\n|-crit|p1a: Dragonite\n|-damage|p1a: Dragonite|42\/100\n|-unboost|p2b: Gholdengo|spa|1\n|-damage|p2b: Gholdengo|91\/100|[from] item: Life Orb\n|move|p1a: Dragonite|Stomping Tantrum|p2a: Incineroar\n|-supereffective|p2a: Incineroar\n|-damage|p2a: Incineroar|48\/100\n|move|p2a: Incineroar|Knock Off|p1b: Dondozo\n|-activate|p1b: Dondozo|move: Protect\n|\n|upkeep\n|turn|2\n|\n|t:|1728614226\n|switch|p1a: Tatsugiri|Tatsugiri, L50, M|100\/100\n|-activate|p1a: Tatsugiri|ability: Commander|[of] p1b: Dondozo\n|-boost|p1b: Dondozo|atk|2\n|-boost|p1b: Dondozo|spa|2\n|-boost|p1b: Dondozo|spe|2\n|-boost|p1b: Dondozo|def|2\n|-boost|p1b: Dondozo|spd|2\n|switch|p2a: Amoonguss|Amoonguss, L50, F|100\/100\n|move|p1b: Dondozo|Earthquake|p2b: Gholdengo|[spread] p2a,p2b\n|-miss|p1b: Dondozo|p1a: Tatsugiri\n|-supereffective|p2b: Gholdengo\n|-damage|p2a: Amoonguss|67\/100\n|-damage|p2b: Gholdengo|21\/100\n|move|p2b: Gholdengo|Make It Rain|p1a: Tatsugiri|[spread] p1b\n|-miss|p2b: Gholdengo|p1a: Tatsugiri\n|-resisted|p1b: Dondozo\n|-damage|p1b: Dondozo|83\/100\n|-unboost|p2b: Gholdengo|spa|1\n|-damage|p2b: Gholdengo|11\/100|[from] item: Life Orb\n|\n|-heal|p1b: Dondozo|89\/100|[from] item: Leftovers\n|upkeep\n|turn|3\n|\n|t:|1728614257\n|switch|p2b: Incineroar|Incineroar, L50, M|48\/100\n|-ability|p2b: Incineroar|Intimidate|boost\n|-unboost|p1a: Tatsugiri|atk|1\n|-unboost|p1b: Dondozo|atk|1\n|move|p1b: Dondozo|Protect|p1b: Dondozo\n|-singleturn|p1b: Dondozo|Protect\n|move|p2a: Amoonguss|Spore|p1b: Dondozo\n|-activate|p1b: Dondozo|move: Protect\n|\n|-heal|p1b: Dondozo|95\/100|[from] item: Leftovers\n|upkeep\n|turn|4\n|\n|t:|1728614274\n|-terastallize|p1b: Dondozo|Steel\n|move|p2b: Incineroar|Fake Out|p1b: Dondozo\n|-resisted|p1b: Dondozo\n|-damage|p1b: Dondozo|94\/100\n|cant|p1b: Dondozo|flinch\n|move|p2a: Amoonguss|Spore|p1b: Dondozo\n|-status|p1b: Dondozo|slp|[from] move: Spore\n|\n|-heal|p1b: Dondozo|99\/100 slp|[from] item: Leftovers\n|upkeep\n|turn|5\n|\n|t:|1728614289\n|cant|p1b: Dondozo|slp\n|move|p2b: Incineroar|Flare Blitz|p1b: Dondozo\n|-supereffective|p1b: Dondozo\n|-damage|p1b: Dondozo|68\/100 slp\n|-damage|p2b: Incineroar|35\/100|[from] Recoil\n|move|p2a: Amoonguss|Pollen Puff|p2b: Incineroar\n|-heal|p2b: Incineroar|85\/100\n|\n|-heal|p1b: Dondozo|74\/100 slp|[from] item: Leftovers\n|upkeep\n|turn|6\n|\n|t:|1728614301\n|switch|p2b: Gholdengo|Gholdengo, L50|11\/100\n|cant|p1b: Dondozo|slp\n|move|p2a: Amoonguss|Pollen Puff|p2b: Gholdengo\n|-heal|p2b: Gholdengo|61\/100\n|\n|-heal|p1b: Dondozo|80\/100 slp|[from] item: Leftovers\n|upkeep\n|turn|7\n|\n|t:|1728614308\n|switch|p2a: Incineroar|Incineroar, L50, M|85\/100\n|-ability|p2a: Incineroar|Intimidate|boost\n|-unboost|p1a: Tatsugiri|atk|1\n|-unboost|p1b: Dondozo|atk|1\n|-curestatus|p1b: Dondozo|slp|[msg]\n|move|p1b: Dondozo|Earthquake|p2b: Gholdengo|[spread] p2a,p2b\n|-miss|p1b: Dondozo|p1a: Tatsugiri\n|-supereffective|p2a: Incineroar\n|-supereffective|p2b: Gholdengo\n|-damage|p2a: Incineroar|60\/100\n|-damage|p2b: Gholdengo|26\/100\n|move|p2b: Gholdengo|Shadow Ball|p1b: Dondozo\n|-damage|p1b: Dondozo|51\/100\n|-damage|p2b: Gholdengo|16\/100|[from] item: Life Orb\n|\n|-heal|p1b: Dondozo|57\/100|[from] item: Leftovers\n|upkeep\n|turn|8\n|\n|t:|1728614339\n|switch|p2a: Amoonguss|Amoonguss, L50, F|99\/100\n|move|p1b: Dondozo|Protect|p1b: Dondozo\n|-singleturn|p1b: Dondozo|Protect\n|move|p2b: Gholdengo|Protect||[still]\n|-fail|p2b: Gholdengo\n|\n|-heal|p1b: Dondozo|63\/100|[from] item: Leftovers\n|upkeep\n|turn|9\n|\n|t:|1728614348\n|move|p1b: Dondozo|Earthquake|p2b: Gholdengo|[spread] p2a,p2b\n|-miss|p1b: Dondozo|p1a: Tatsugiri\n|-supereffective|p2b: Gholdengo\n|-damage|p2a: Amoonguss|87\/100\n|-damage|p2b: Gholdengo|0 fnt\n|faint|p2b: Gholdengo\n|move|p2a: Amoonguss|Pollen Puff|p2: Gholdengo|[notarget]\n|-fail|p2a: Amoonguss\n|\n|-heal|p1b: Dondozo|70\/100|[from] item: Leftovers\n|upkeep\n|\n|t:|1728614352\n|switch|p2b: Incineroar|Incineroar, L50, M|60\/100\n|-ability|p2b: Incineroar|Intimidate|boost\n|-unboost|p1a: Tatsugiri|atk|1\n|-unboost|p1b: Dondozo|atk|1\n|turn|10\n|j| xhawiwihawawax\n|l| THUNDERSND77\n|j| THUNDERSND77\n|l| THUNDERSND77\n|\n|t:|1728614378\n|move|p1b: Dondozo|Earthquake|p2b: Incineroar|[spread] p2a,p2b\n|-miss|p1b: Dondozo|p1a: Tatsugiri\n|-supereffective|p2b: Incineroar\n|-damage|p2a: Amoonguss|78\/100\n|-damage|p2b: Incineroar|39\/100\n|move|p2b: Incineroar|Flare Blitz|p1b: Dondozo\n|-supereffective|p1b: Dondozo\n|-damage|p1b: Dondozo|35\/100\n|-damage|p2b: Incineroar|24\/100|[from] Recoil\n|move|p2a: Amoonguss|Pollen Puff|p2b: Incineroar\n|-heal|p2b: Incineroar|74\/100\n|\n|-heal|p1b: Dondozo|41\/100|[from] item: Leftovers\n|upkeep\n|turn|11\n|\n|t:|1728614392\n|move|p1b: Dondozo|Wave Crash|p2b: Incineroar\n|-supereffective|p2b: Incineroar\n|-damage|p2b: Incineroar|23\/100\n|-damage|p1b: Dondozo|28\/100|[from] Recoil\n|move|p2b: Incineroar|Flare Blitz|p1b: Dondozo\n|-supereffective|p1b: Dondozo\n|-damage|p1b: Dondozo|0 fnt\n|faint|p1b: Dondozo\n|-damage|p2b: Incineroar|12\/100|[from] Recoil\n|move|p2a: Amoonguss|Pollen Puff|p2b: Incineroar\n|-heal|p2b: Incineroar|62\/100\n|\n|upkeep\n|\n|t:|1728614400\n|switch|p1b: Dragonite|Dragonite, L50, M|42\/100\n|turn|12\n|\n|t:|1728614417\n|-terastallize|p2a: Amoonguss|Fairy\n|move|p2a: Amoonguss|Rage Powder|p2a: Amoonguss\n|-singleturn|p2a: Amoonguss|move: Rage Powder\n|move|p1a: Tatsugiri|Muddy Water|p2a: Amoonguss|[spread] p2a,p2b\n|-supereffective|p2b: Incineroar\n|-damage|p2a: Amoonguss|53\/100\n|-damage|p2b: Incineroar|8\/100\n|-unboost|p2b: Incineroar|accuracy|1\n|move|p1b: Dragonite|Ice Spinner|p2a: Amoonguss\n|-damage|p2a: Amoonguss|23\/100\n|-enditem|p2a: Amoonguss|Sitrus Berry|[eat]\n|-heal|p2a: Amoonguss|48\/100|[from] item: Sitrus Berry\n|move|p2b: Incineroar|Knock Off|p1b: Dragonite\n|-damage|p1b: Dragonite|6\/100\n|-enditem|p1b: Dragonite|Assault Vest|[from] move: Knock Off|[of] p2b: Incineroar\n|\n|upkeep\n|turn|13\n|j| moon7777alt2\n|\n|t:|1728614442\n|switch|p2b: Basculegion|Basculegion, L50, M|100\/100\n|move|p1a: Tatsugiri|Muddy Water|p2b: Basculegion|[spread] p2a\n|-miss|p1a: Tatsugiri|p2b: Basculegion\n|-damage|p2a: Amoonguss|23\/100\n|move|p1b: Dragonite|Stomping Tantrum|p2a: Amoonguss\n|-damage|p2a: Amoonguss|0 fnt\n|faint|p2a: Amoonguss\n|\n|upkeep\n|\n|t:|1728614451\n|switch|p2a: Incineroar|Incineroar, L50, M|8\/100\n|-ability|p2a: Incineroar|Intimidate|boost\n|-unboost|p1a: Tatsugiri|atk|1\n|-fail|p1b: Dragonite|unboost|Attack|[from] ability: Inner Focus|[of] p1b: Dragonite\n|turn|14\n|\n|t:|1728614473\n|switch|p1b: Glimmora|Glimmora, L50, M|100\/100\n|move|p2a: Incineroar|Fake Out|p1b: Glimmora\n|-resisted|p1b: Glimmora\n|-damage|p1b: Glimmora|94\/100\n|-activate|p1b: Glimmora|ability: Toxic Debris\n|-sidestart|p2: pwendolyn|move: Toxic Spikes\n|move|p1a: Tatsugiri|Muddy Water|p2a: Incineroar|[spread] \n|-miss|p1a: Tatsugiri|p2a: Incineroar\n|-miss|p1a: Tatsugiri|p2b: Basculegion\n|move|p2b: Basculegion|Last Respects|p1a: Tatsugiri\n|-damage|p1a: Tatsugiri|0 fnt\n|faint|p1a: Tatsugiri\n|\n|upkeep\n|\n|t:|1728614486\n|switch|p1a: Dragonite|Dragonite, L50, M|6\/100\n|turn|15\n|\n|t:|1728614493\n|move|p1a: Dragonite|Extreme Speed|p2a: Incineroar\n|-damage|p2a: Incineroar|0 fnt\n|faint|p2a: Incineroar\n|move|p2b: Basculegion|Last Respects|p1a: Dragonite\n|-damage|p1a: Dragonite|0 fnt\n|faint|p1a: Dragonite\n|move|p1b: Glimmora|Meteor Beam||[still]\n|-prepare|p1b: Glimmora|Meteor Beam\n|-boost|p1b: Glimmora|spa|1\n|-enditem|p1b: Glimmora|Power Herb\n|-anim|p1b: Glimmora|Meteor Beam|p2b: Basculegion\n|-damage|p2b: Basculegion|0 fnt\n|faint|p2b: Basculegion\n|\n|win|Kuribro\n|raw|Kuribro's rating: 1642 &rarr; <strong>1667<\/strong><br \/>(+25 for winning)\n|raw|pwendolyn's rating: 1729 &rarr; <strong>1704<\/strong><br \/>(-25 for losing)\n|l|\u2606pwendolyn\n|player|p2|\n|l| xhawiwihawawax\n","uploadtime":1728614632,"views":35,"formatid":"gen9vgc2024regh","rating":1667,"private":0,"password":null}