{"id":"gen9vgc2024regh-2220916023","format":"[Gen 9] VGC 2024 Reg H","players":["mezobasha","BetterCallHall"],"log":"|j|\u2606mezobasha\n|j|\u2606BetterCallHall\n|t:|1728671370\n|gametype|doubles\n|player|p1|mezobasha|2|1640\n|player|p2|BetterCallHall|265|1753\n|teamsize|p1|6\n|teamsize|p2|6\n|gen|9\n|tier|[Gen 9] VGC 2024 Reg H\n|rated|\n|rule|Species Clause: Limit one of each Pok\u00e9mon\n|rule|Item Clause: Limit 1 of each item\n|clearpoke\n|poke|p1|Armarouge, L50, M|\n|poke|p1|Indeedee-F, L50, F|\n|poke|p1|Ursaluna, L50, F|\n|poke|p1|Gallade, L50, M|\n|poke|p1|Torkoal, L50, M|\n|poke|p1|Lilligant-Hisui, L50, F|\n|poke|p2|Primarina, L50, F|\n|poke|p2|Garchomp, L50, M|\n|poke|p2|Vivillon, L50, F|\n|poke|p2|Gholdengo, L50|\n|poke|p2|Dragonite, L50, M|\n|poke|p2|Talonflame, L50, F|\n|teampreview|4\n|inactive|Battle timer is ON: inactive players will automatically lose when time's up. (requested by mezobasha)\n|inactive|mezobasha has 60 seconds left.\n|inactive|mezobasha has 30 seconds left.\n|inactive|mezobasha has 20 seconds left.\n|inactive|mezobasha has 15 seconds left.\n|inactive|mezobasha has 10 seconds left.\n|inactive|mezobasha has 5 seconds left.\n|\n|t:|1728671458\n|start\n|switch|p1a: Armarouge|Armarouge, L50, M|100\/100\n|switch|p1b: Gallade|Gallade, L50, M|100\/100\n|switch|p2a: Talonflame|Talonflame, L50, F|100\/100\n|switch|p2b: Dragonite|Dragonite, L50, M|100\/100\n|turn|1\n|inactive|mezobasha has 30 seconds left.\n|\n|t:|1728671492\n|switch|p1a: Indeedee|Indeedee-F, L50, F|100\/100\n|-fieldstart|move: Psychic Terrain|[from] ability: Psychic Surge|[of] p1a: Indeedee\n|-enditem|p1a: Indeedee|Psychic Seed\n|-boost|p1a: Indeedee|spd|1|[from] item: Psychic Seed\n|-terastallize|p2b: Dragonite|Flying\n|-terastallize|p1b: Gallade|Fire\n|move|p2a: Talonflame|Taunt|p1a: Indeedee\n|-start|p1a: Indeedee|move: Taunt\n|move|p2b: Dragonite|Tera Blast|p1b: Gallade|[anim] Tera Blast Flying\n|-damage|p1b: Gallade|16\/100\n|move|p1b: Gallade|Trick Room|p1b: Gallade\n|-fieldstart|move: Trick Room|[of] p1b: Gallade\n|\n|upkeep\n|turn|2\n|inactive|mezobasha has 30 seconds left.\n|inactive|BetterCallHall has 30 seconds left.\n|inactive|mezobasha has 20 seconds left.\n|inactive|mezobasha has 15 seconds left.\n|\n|t:|1728671535\n|switch|p2a: Vivillon|Vivillon, L50, F|100\/100\n|move|p1b: Gallade|Psycho Cut|p2b: Dragonite\n|-damage|p2b: Dragonite|28\/100\n|move|p1a: Indeedee|Psychic|p2b: Dragonite\n|-damage|p2b: Dragonite|6\/100\n|move|p2b: Dragonite|Ice Spinner|p1b: Gallade\n|-resisted|p1b: Gallade\n|-damage|p1b: Gallade|0 fnt\n|-fieldend|move: Psychic Terrain\n|faint|p1b: Gallade\n|\n|upkeep\n|\n|t:|1728671545\n|switch|p1b: Armarouge|Armarouge, L50, M|100\/100\n|turn|3\n|\n|t:|1728671564\n|switch|p1a: Ursaluna|Ursaluna, L50, F|100\/100\n|move|p2a: Vivillon|Protect|p2a: Vivillon\n|-singleturn|p2a: Vivillon|Protect\n|move|p2b: Dragonite|Extreme Speed|p1b: Armarouge\n|-damage|p1b: Armarouge|69\/100\n|move|p1b: Armarouge|Expanding Force|p2a: Vivillon\n|-activate|p2a: Vivillon|move: Protect\n|\n|-status|p1a: Ursaluna|brn|[from] item: Flame Orb\n|upkeep\n|turn|4\n|inactive|mezobasha has 30 seconds left.\n|\n|t:|1728671594\n|move|p1a: Ursaluna|Facade|p2a: Vivillon\n|-enditem|p2a: Vivillon|Focus Sash\n|-damage|p2a: Vivillon|1\/100\n|move|p1b: Armarouge|Expanding Force|p2b: Dragonite\n|-damage|p2b: Dragonite|0 fnt\n|faint|p2b: Dragonite\n|-damage|p1b: Armarouge|60\/100|[from] item: Life Orb\n|move|p2a: Vivillon|Sleep Powder|p1b: Armarouge\n|-status|p1b: Armarouge|slp|[from] move: Sleep Powder\n|\n|-damage|p1a: Ursaluna|95\/100 brn|[from] brn\n|upkeep\n|\n|t:|1728671602\n|switch|p2b: Garchomp|Garchomp, L50, M|100\/100\n|turn|5\n|\n|t:|1728671616\n|move|p2a: Vivillon|Protect|p2a: Vivillon\n|-singleturn|p2a: Vivillon|Protect\n|move|p2b: Garchomp|Protect|p2b: Garchomp\n|-singleturn|p2b: Garchomp|Protect\n|move|p1a: Ursaluna|Facade|p2b: Garchomp\n|-activate|p2b: Garchomp|move: Protect\n|cant|p1b: Armarouge|slp\n|\n|-damage|p1a: Ursaluna|89\/100 brn|[from] brn\n|-fieldend|move: Trick Room\n|upkeep\n|turn|6\n|\n|t:|1728671626\n|cant|p1b: Armarouge|slp\n|move|p1a: Ursaluna|Protect|p1a: Ursaluna\n|-singleturn|p1a: Ursaluna|Protect\n|move|p2b: Garchomp|Earthquake|p1b: Armarouge|[spread] p1b\n|-activate|p1a: Ursaluna|move: Protect\n|-immune|p2a: Vivillon\n|-supereffective|p1b: Armarouge\n|-damage|p1b: Armarouge|0 fnt\n|faint|p1b: Armarouge\n|-damage|p2b: Garchomp|91\/100|[from] item: Life Orb\n|move|p2a: Vivillon|Hurricane|p1a: Ursaluna\n|-activate|p1a: Ursaluna|move: Protect\n|\n|-damage|p1a: Ursaluna|83\/100 brn|[from] brn\n|upkeep\n|\n|t:|1728671640\n|switch|p1b: Indeedee|Indeedee-F, L50, F|100\/100\n|-fieldstart|move: Psychic Terrain|[from] ability: Psychic Surge|[of] p1b: Indeedee\n|turn|7\n|inactive|mezobasha has 30 seconds left.\n|\n|t:|1728671672\n|move|p2b: Garchomp|Earthquake|p1a: Ursaluna|[spread] p1a,p1b\n|-immune|p2a: Vivillon\n|-damage|p1a: Ursaluna|48\/100 brn\n|-damage|p1b: Indeedee|47\/100\n|-damage|p2b: Garchomp|81\/100|[from] item: Life Orb\n|move|p2a: Vivillon|Hurricane|p1b: Indeedee\n|-damage|p1b: Indeedee|7\/100\n|-start|p1b: Indeedee|confusion\n|move|p1a: Ursaluna|Facade|p2a: Vivillon\n|-damage|p2a: Vivillon|0 fnt\n|faint|p2a: Vivillon\n|-activate|p1b: Indeedee|confusion\n|move|p1b: Indeedee|Trick Room|p1b: Indeedee\n|-fieldstart|move: Trick Room|[of] p1b: Indeedee\n|\n|-damage|p1a: Ursaluna|42\/100 brn|[from] brn\n|upkeep\n|\n|t:|1728671676\n|switch|p2a: Talonflame|Talonflame, L50, F|100\/100\n|turn|8\n|\n|t:|1728671696\n|move|p2b: Garchomp|Protect|p2b: Garchomp\n|-singleturn|p2b: Garchomp|Protect\n|-activate|p1b: Indeedee|confusion\n|move|p1b: Indeedee|Follow Me|p1b: Indeedee\n|-singleturn|p1b: Indeedee|move: Follow Me\n|move|p2a: Talonflame|Brave Bird|p1b: Indeedee\n|-activate|p1b: Indeedee|move: Psychic Terrain\n|move|p1a: Ursaluna|Facade|p2b: Garchomp\n|-activate|p2b: Garchomp|move: Protect\n|\n|-damage|p1a: Ursaluna|36\/100 brn|[from] brn\n|upkeep\n|turn|9\n|\n|t:|1728671710\n|move|p2b: Garchomp|Protect||[still]\n|-fail|p2b: Garchomp\n|move|p2a: Talonflame|Brave Bird|p1a: Ursaluna\n|-activate|p1a: Ursaluna|move: Psychic Terrain\n|move|p1a: Ursaluna|Facade|p2b: Garchomp\n|-damage|p2b: Garchomp|0 fnt\n|-damage|p1a: Ursaluna|24\/100 brn|[from] ability: Rough Skin|[of] p2b: Garchomp\n|faint|p2b: Garchomp\n|-activate|p1b: Indeedee|confusion\n|-damage|p1b: Indeedee|2\/100|[from] confusion\n|\n|-damage|p1a: Ursaluna|18\/100 brn|[from] brn\n|upkeep\n|turn|10\n|-message|BetterCallHall forfeited.\n|\n|win|mezobasha\n|raw|mezobasha's rating: 1640 &rarr; <strong>1666<\/strong><br \/>(+26 for winning)\n|raw|BetterCallHall's rating: 1753 &rarr; <strong>1727<\/strong><br \/>(-26 for losing)\n|l|\u2606BetterCallHall\n|player|p2|\n|l|\u2606mezobasha\n|player|p1|\n","uploadtime":1728671976,"views":12,"formatid":"gen9vgc2024regh","rating":1666,"private":0,"password":null}