{"id":"gen9vgc2024regh-2220924758","format":"[Gen 9] VGC 2024 Reg H","players":["schmokeapancake","Capitan taquito"],"log":"|j|\u2606schmokeapancake\n|j|\u2606Capitan taquito\n|t:|1728672202\n|gametype|doubles\n|player|p1|schmokeapancake|red-gen2|1701\n|player|p2|Capitan taquito|265|1746\n|teamsize|p1|6\n|teamsize|p2|6\n|gen|9\n|tier|[Gen 9] VGC 2024 Reg H\n|rated|\n|rule|Species Clause: Limit one of each Pok\u00e9mon\n|rule|Item Clause: Limit 1 of each item\n|clearpoke\n|poke|p1|Dragapult, L50, M|\n|poke|p1|Clefairy, L50, F|\n|poke|p1|Gholdengo, L50|\n|poke|p1|Kingambit, L50, M|\n|poke|p1|Rillaboom, L50, M|\n|poke|p1|Incineroar, L50, M|\n|poke|p2|Archaludon, L50, M|\n|poke|p2|Pelipper, L50, M|\n|poke|p2|Maushold, L50|\n|poke|p2|Kingdra, L50, M|\n|poke|p2|Rillaboom, L50, F|\n|poke|p2|Overqwil, L50, F|\n|teampreview|4\n|inactive|Battle timer is ON: inactive players will automatically lose when time's up. (requested by schmokeapancake)\n|inactive|schmokeapancake has 60 seconds left.\n|inactive|Capitan taquito has 60 seconds left.\n|\n|t:|1728672257\n|start\n|switch|p1a: Big Pult|Dragapult, L50, M|100\/100\n|switch|p1b: Espresso|Clefairy, L50, F|100\/100\n|switch|p2a: Maushold|Maushold, L50|100\/100\n|switch|p2b: Archaludon|Archaludon, L50, M|100\/100\n|turn|1\n|inactive|schmokeapancake has 30 seconds left.\n|\n|t:|1728672283\n|move|p1b: Espresso|Protect|p1b: Espresso\n|-singleturn|p1b: Espresso|Protect\n|move|p1a: Big Pult|U-turn|p2a: Maushold\n|-damage|p2a: Maushold|50\/100\n|\n|t:|1728672287\n|switch|p1a: Brother Ew|Gholdengo, L50|100\/100|[from] U-turn\n|move|p2a: Maushold|Taunt|p1b: Espresso\n|-activate|p1b: Espresso|move: Protect\n|move|p2b: Archaludon|Draco Meteor|p1a: Brother Ew\n|-resisted|p1a: Brother Ew\n|-damage|p1a: Brother Ew|77\/100\n|-unboost|p2b: Archaludon|spa|2\n|\n|-heal|p1a: Brother Ew|83\/100|[from] item: Leftovers\n|upkeep\n|turn|2\n|\n|t:|1728672309\n|move|p2a: Maushold|Protect|p2a: Maushold\n|-singleturn|p2a: Maushold|Protect\n|move|p2b: Archaludon|Snarl|p1a: Brother Ew|[spread] p1b\n|-miss|p2b: Archaludon|p1a: Brother Ew\n|-resisted|p1b: Espresso\n|-damage|p1b: Espresso|97\/100\n|-unboost|p1b: Espresso|spa|1\n|move|p1a: Brother Ew|Nasty Plot|p1a: Brother Ew\n|-boost|p1a: Brother Ew|spa|2\n|move|p1b: Espresso|Icy Wind|p2b: Archaludon|[spread] p2b\n|-activate|p2a: Maushold|move: Protect\n|-damage|p2b: Archaludon|97\/100\n|-unboost|p2b: Archaludon|spe|1\n|-ability|p2b: Archaludon|Stamina|boost\n|-boost|p2b: Archaludon|def|1\n|\n|-heal|p1a: Brother Ew|90\/100|[from] item: Leftovers\n|upkeep\n|turn|3\n|inactive|schmokeapancake has 30 seconds left.\n|\n|t:|1728672339\n|move|p2a: Maushold|Taunt|p1b: Espresso\n|-start|p1b: Espresso|move: Taunt\n|move|p1a: Brother Ew|Make It Rain|p2a: Maushold|[spread] p2a,p2b\n|-resisted|p2b: Archaludon\n|-damage|p2a: Maushold|0 fnt\n|-damage|p2b: Archaludon|57\/100\n|-unboost|p1a: Brother Ew|spa|1\n|-ability|p2b: Archaludon|Stamina|boost\n|-boost|p2b: Archaludon|def|1\n|faint|p2a: Maushold\n|move|p2b: Archaludon|Snarl|p1a: Brother Ew|[spread] p1a,p1b\n|-supereffective|p1a: Brother Ew\n|-resisted|p1b: Espresso\n|-damage|p1a: Brother Ew|80\/100\n|-damage|p1b: Espresso|94\/100\n|-unboost|p1a: Brother Ew|spa|1\n|-unboost|p1b: Espresso|spa|1\n|move|p1b: Espresso|Icy Wind|p2b: Archaludon\n|-damage|p2b: Archaludon|54\/100\n|-unboost|p2b: Archaludon|spe|1\n|-ability|p2b: Archaludon|Stamina|boost\n|-boost|p2b: Archaludon|def|1\n|\n|-heal|p1a: Brother Ew|86\/100|[from] item: Leftovers\n|upkeep\n|j| R0s4 M3l4n0\n|\n|t:|1728672355\n|switch|p2a: Overqwil|Overqwil, L50, F, shiny|100\/100\n|turn|4\n|\n|t:|1728672370\n|switch|p2b: Pelipper|Pelipper, L50, M, shiny|100\/100\n|-weather|RainDance|[from] ability: Drizzle|[of] p2b: Pelipper\n|switch|p1b: Tom Cruise|Kingambit, L50, M|100\/100\n|-terastallize|p2a: Overqwil|Stellar\n|move|p1a: Brother Ew|Protect|p1a: Brother Ew\n|-singleturn|p1a: Brother Ew|Protect\n|move|p2a: Overqwil|Throat Chop|p1a: Brother Ew\n|-activate|p1a: Brother Ew|move: Protect\n|\n|-weather|RainDance|[upkeep]\n|-heal|p1a: Brother Ew|92\/100|[from] item: Leftovers\n|upkeep\n|turn|5\n|inactive|schmokeapancake has 30 seconds left.\n|inactive|Capitan taquito has 30 seconds left.\n|\n|t:|1728672405\n|switch|p2a: Archaludon|Archaludon, L50, M|54\/100\n|switch|p1a: Espresso|Clefairy, L50, F|94\/100\n|move|p2b: Pelipper|Weather Ball|p1b: Tom Cruise\n|-damage|p1b: Tom Cruise|56\/100\n|move|p1b: Tom Cruise|Kowtow Cleave|p2b: Pelipper\n|-damage|p2b: Pelipper|25\/100\n|\n|-weather|RainDance|[upkeep]\n|upkeep\n|turn|6\n|inactive|schmokeapancake has 30 seconds left.\n|\n|t:|1728672440\n|switch|p2b: Overqwil|Overqwil, L50, F, shiny, tera:Stellar|100\/100\n|-terastallize|p1b: Tom Cruise|Dark\n|move|p1a: Espresso|Follow Me|p1a: Espresso\n|-singleturn|p1a: Espresso|move: Follow Me\n|move|p2a: Archaludon|Electro Shot||[still]\n|-prepare|p2a: Archaludon|Electro Shot\n|-boost|p2a: Archaludon|spa|1\n|-anim|p2a: Archaludon|Electro Shot|p1a: Espresso\n|-damage|p1a: Espresso|42\/100\n|move|p1b: Tom Cruise|Kowtow Cleave|p2a: Archaludon\n|-damage|p2a: Archaludon|0 fnt\n|faint|p2a: Archaludon\n|\n|-weather|RainDance|[upkeep]\n|upkeep\n|\n|t:|1728672451\n|switch|p2a: Pelipper|Pelipper, L50, M, shiny|25\/100\n|turn|7\n|\n|t:|1728672472\n|move|p1a: Espresso|Protect|p1a: Espresso\n|-singleturn|p1a: Espresso|Protect\n|move|p1b: Tom Cruise|Sucker Punch||[still]\n|-fail|p1b: Tom Cruise\n|move|p2b: Overqwil|Gunk Shot|p1b: Tom Cruise\n|-damage|p1b: Tom Cruise|0 fnt\n|faint|p1b: Tom Cruise\n|-damage|p2b: Overqwil|90\/100|[from] item: Life Orb\n|move|p2a: Pelipper|Tailwind|p2a: Pelipper\n|-sidestart|p2: Capitan taquito|move: Tailwind\n|\n|-weather|RainDance|[upkeep]\n|upkeep\n|inactive|schmokeapancake has 30 seconds left.\n|inactive|schmokeapancake has 20 seconds left.\n|\n|t:|1728672508\n|switch|p1b: Big Pult|Dragapult, L50, M|100\/100\n|turn|8\n|\n|t:|1728672519\n|move|p2a: Pelipper|Wide Guard|p2a: Pelipper\n|-singleturn|p2a: Pelipper|Wide Guard\n|move|p1a: Espresso|Follow Me|p1a: Espresso\n|-singleturn|p1a: Espresso|move: Follow Me\n|move|p2b: Overqwil|Gunk Shot|p1a: Espresso|[miss]\n|-miss|p2b: Overqwil|p1a: Espresso\n|move|p1b: Big Pult|Dragon Darts|p2a: Pelipper\n|-damage|p2a: Pelipper|0 fnt\n|-anim|p1b: Big Pult|Dragon Darts|p2b: Overqwil\n|-damage|p2b: Overqwil|44\/100\n|faint|p2a: Pelipper\n|\n|-weather|none\n|upkeep\n|turn|9\n|-message|Capitan taquito forfeited.\n|\n|win|schmokeapancake\n|raw|schmokeapancake's rating: 1701 &rarr; <strong>1724<\/strong><br \/>(+23 for winning)\n|raw|Capitan taquito's rating: 1746 &rarr; <strong>1723<\/strong><br \/>(-23 for losing)\n|l|\u2606Capitan taquito\n|player|p2|\n|l|\u2606schmokeapancake\n|player|p1|\n|l| R0s4 M3l4n0\n","uploadtime":1728672805,"views":21,"formatid":"gen9vgc2024regh","rating":1723,"private":0,"password":null}