{"id":"gen9vgc2024regh-2220148497","format":"[Gen 9] VGC 2024 Reg H","players":["Capitan taquito","SnarkyShane"],"log":"|j|\u2606Capitan taquito\n|j|\u2606SnarkyShane\n|t:|1728580231\n|gametype|doubles\n|player|p1|Capitan taquito|265|1839\n|player|p2|SnarkyShane|gambler|1714\n|teamsize|p1|6\n|teamsize|p2|6\n|gen|9\n|tier|[Gen 9] VGC 2024 Reg H\n|rated|\n|rule|Species Clause: Limit one of each Pok\u00e9mon\n|rule|Item Clause: Limit 1 of each item\n|clearpoke\n|poke|p1|Archaludon, L50, M|\n|poke|p1|Pelipper, L50, M|\n|poke|p1|Maushold, L50|\n|poke|p1|Kingdra, L50, M|\n|poke|p1|Rillaboom, L50, F|\n|poke|p1|Overqwil, L50, F|\n|poke|p2|Baxcalibur, L50, F|\n|poke|p2|Ninetales-Alola, L50, M|\n|poke|p2|Sneasler, L50, F|\n|poke|p2|Ceruledge, L50, F|\n|poke|p2|Volcarona, L50, M|\n|poke|p2|Gastrodon, L50, M|\n|teampreview|4\n|inactive|Battle timer is ON: inactive players will automatically lose when time's up. (requested by SnarkyShane)\n|j| eren_poke\n|inactive|SnarkyShane has 60 seconds left.\n|\n|t:|1728580275\n|start\n|switch|p1a: Maushold|Maushold, L50|100\/100\n|switch|p1b: Archaludon|Archaludon, L50, M|100\/100\n|switch|p2a: The Snizzler|Sneasler, L50, F|100\/100\n|switch|p2b: BULXcaliber|Baxcalibur, L50, F|100\/100\n|turn|1\n|inactive|SnarkyShane has 30 seconds left.\n|inactive|SnarkyShane has 20 seconds left.\n|inactive|SnarkyShane has 15 seconds left.\n|\n|t:|1728580319\n|-terastallize|p1a: Maushold|Ghost\n|move|p2a: The Snizzler|Fake Out|p1b: Archaludon\n|-resisted|p1b: Archaludon\n|-damage|p1b: Archaludon|95\/100\n|-ability|p1b: Archaludon|Stamina|boost\n|-boost|p1b: Archaludon|def|1\n|move|p1a: Maushold|Population Bomb|p2a: The Snizzler\n|-damage|p2a: The Snizzler|81\/100\n|-damage|p2a: The Snizzler|59\/100\n|-damage|p2a: The Snizzler|42\/100\n|-damage|p2a: The Snizzler|22\/100\n|-damage|p2a: The Snizzler|4\/100\n|-damage|p2a: The Snizzler|0 fnt\n|faint|p2a: The Snizzler\n|-hitcount|p2: The Snizzler|6\n|move|p2b: BULXcaliber|Dragon Dance|p2b: BULXcaliber\n|-boost|p2b: BULXcaliber|atk|1\n|-boost|p2b: BULXcaliber|spe|1\n|cant|p1b: Archaludon|flinch\n|\n|upkeep\n|\n|t:|1728580330\n|switch|p2a: Elsa|Ninetales-Alola, L50, M|100\/100\n|-weather|Snow|[from] ability: Snow Warning|[of] p2a: Elsa\n|turn|2\n|\n|t:|1728580350\n|move|p1a: Maushold|Protect|p1a: Maushold\n|-singleturn|p1a: Maushold|Protect\n|move|p2b: BULXcaliber|Icicle Crash|p1a: Maushold\n|-activate|p1a: Maushold|move: Protect\n|move|p2a: Elsa|Aurora Veil|p2a: Elsa\n|-sidestart|p2: SnarkyShane|move: Aurora Veil\n|move|p1b: Archaludon|Draco Meteor|p2b: BULXcaliber\n|-supereffective|p2b: BULXcaliber\n|-damage|p2b: BULXcaliber|27\/100\n|-unboost|p1b: Archaludon|spa|2\n|\n|-weather|Snow|[upkeep]\n|-heal|p2b: BULXcaliber|32\/100|[from] ability: Ice Body\n|-heal|p2b: BULXcaliber|38\/100|[from] item: Leftovers\n|upkeep\n|turn|3\n|\n|t:|1728580373\n|switch|p1a: Pelipper|Pelipper, L50, M, shiny|100\/100\n|-weather|RainDance|[from] ability: Drizzle|[of] p1a: Pelipper\n|-terastallize|p2b: BULXcaliber|Fire\n|move|p2b: BULXcaliber|Icicle Crash|p1a: Pelipper\n|-damage|p1a: Pelipper|8\/100\n|move|p2a: Elsa|Encore|p1b: Archaludon\n|-start|p1b: Archaludon|Encore\n|move|p1b: Archaludon|Draco Meteor|p2a: Elsa\n|-immune|p2a: Elsa\n|\n|-weather|RainDance|[upkeep]\n|-heal|p2b: BULXcaliber|44\/100|[from] item: Leftovers\n|upkeep\n|turn|4\n|\n|t:|1728580397\n|switch|p2a: Aquarium Cleaner|Gastrodon, L50, M|100\/100\n|move|p1a: Pelipper|Wide Guard|p1a: Pelipper\n|-singleturn|p1a: Pelipper|Wide Guard\n|move|p2b: BULXcaliber|Icicle Crash|p1a: Pelipper\n|-damage|p1a: Pelipper|0 fnt\n|faint|p1a: Pelipper\n|move|p1b: Archaludon|Draco Meteor|p2b: BULXcaliber\n|-damage|p2b: BULXcaliber|26\/100\n|-unboost|p1b: Archaludon|spa|2\n|\n|-weather|RainDance|[upkeep]\n|-heal|p2b: BULXcaliber|32\/100|[from] item: Leftovers\n|upkeep\n|\n|t:|1728580417\n|switch|p1a: Kingdra|Kingdra, L50, M|100\/100\n|turn|5\n|\n|t:|1728580428\n|switch|p1b: Maushold|Maushold, L50, tera:Ghost|100\/100\n|switch|p2a: Elsa|Ninetales-Alola, L50, M|100\/100\n|-weather|Snow|[from] ability: Snow Warning|[of] p2a: Elsa\n|move|p2b: BULXcaliber|Icicle Crash|p1a: Kingdra\n|-damage|p1a: Kingdra|4\/100\n|cant|p1a: Kingdra|flinch\n|\n|-weather|Snow|[upkeep]\n|-heal|p2b: BULXcaliber|37\/100|[from] ability: Ice Body\n|-heal|p2b: BULXcaliber|43\/100|[from] item: Leftovers\n|upkeep\n|turn|6\n|\n|t:|1728580449\n|move|p1b: Maushold|Protect|p1b: Maushold\n|-singleturn|p1b: Maushold|Protect\n|move|p2b: BULXcaliber|High Horsepower|p1b: Maushold\n|-activate|p1b: Maushold|move: Protect\n|move|p2a: Elsa|Blizzard|p1a: Kingdra|[spread] p1a\n|-activate|p1b: Maushold|move: Protect\n|-damage|p1a: Kingdra|0 fnt\n|faint|p1a: Kingdra\n|\n|-weather|Snow|[upkeep]\n|-heal|p2b: BULXcaliber|49\/100|[from] ability: Ice Body\n|-heal|p2b: BULXcaliber|55\/100|[from] item: Leftovers\n|upkeep\n|\n|t:|1728580452\n|switch|p1a: Archaludon|Archaludon, L50, M|95\/100\n|turn|7\n|\n|t:|1728580464\n|move|p2b: BULXcaliber|Icicle Crash|p1b: Maushold|[miss]\n|-miss|p2b: BULXcaliber|p1b: Maushold\n|move|p1b: Maushold|Population Bomb|p1a: Archaludon\n|-resisted|p1a: Archaludon\n|-damage|p1a: Archaludon|91\/100\n|-ability|p1a: Archaludon|Stamina|boost\n|-boost|p1a: Archaludon|def|1\n|-resisted|p1a: Archaludon\n|-damage|p1a: Archaludon|88\/100\n|-ability|p1a: Archaludon|Stamina|boost\n|-boost|p1a: Archaludon|def|1\n|-resisted|p1a: Archaludon\n|-damage|p1a: Archaludon|86\/100\n|-ability|p1a: Archaludon|Stamina|boost\n|-boost|p1a: Archaludon|def|1\n|-resisted|p1a: Archaludon\n|-damage|p1a: Archaludon|84\/100\n|-ability|p1a: Archaludon|Stamina|boost\n|-boost|p1a: Archaludon|def|1\n|-resisted|p1a: Archaludon\n|-damage|p1a: Archaludon|83\/100\n|-ability|p1a: Archaludon|Stamina|boost\n|-boost|p1a: Archaludon|def|1\n|-resisted|p1a: Archaludon\n|-crit|p1a: Archaludon\n|-damage|p1a: Archaludon|77\/100\n|-ability|p1a: Archaludon|Stamina|boost\n|-boost|p1a: Archaludon|def|1\n|-resisted|p1a: Archaludon\n|-damage|p1a: Archaludon|75\/100\n|-resisted|p1a: Archaludon\n|-damage|p1a: Archaludon|74\/100\n|-resisted|p1a: Archaludon\n|-damage|p1a: Archaludon|73\/100\n|-resisted|p1a: Archaludon\n|-damage|p1a: Archaludon|72\/100\n|-hitcount|p1a: Archaludon|10\n|move|p2a: Elsa|Blizzard|p1b: Maushold|[spread] p1a,p1b\n|-damage|p1a: Archaludon|52\/100\n|-damage|p1b: Maushold|66\/100\n|-status|p1a: Archaludon|frz\n|cant|p1a: Archaludon|frz\n|\n|-weather|Snow|[upkeep]\n|-heal|p2b: BULXcaliber|61\/100|[from] ability: Ice Body\n|-heal|p2b: BULXcaliber|67\/100|[from] item: Leftovers\n|upkeep\n|turn|8\n|c|\u2606Capitan taquito|Dude\n|\n|t:|1728580484\n|move|p2b: BULXcaliber|High Horsepower|p1b: Maushold\n|-damage|p1b: Maushold|0 fnt\n|faint|p1b: Maushold\n|move|p2a: Elsa|Blizzard|p1a: Archaludon\n|-damage|p1a: Archaludon|25\/100 frz\n|cant|p1a: Archaludon|frz\n|\n|-weather|Snow|[upkeep]\n|-heal|p2b: BULXcaliber|73\/100|[from] ability: Ice Body\n|-heal|p2b: BULXcaliber|78\/100|[from] item: Leftovers\n|upkeep\n|turn|9\n|-message|Capitan taquito forfeited.\n|\n|win|SnarkyShane\n|raw|Capitan taquito's rating: 1839 &rarr; <strong>1812<\/strong><br \/>(-27 for losing)\n|raw|SnarkyShane's rating: 1714 &rarr; <strong>1741<\/strong><br \/>(+27 for winning)\n|l|\u2606Capitan taquito\n|player|p1|\n|l|\u2606SnarkyShane\n|player|p2|\n|l| eren_poke\n","uploadtime":1728580657,"views":22,"formatid":"gen9vgc2024regh","rating":1741,"private":0,"password":null}