{"id":"gen9vgc2024regh-2220685458","format":"[Gen 9] VGC 2024 Reg H","players":["yongbao","peer+mol"],"log":"|j|\u2606yongbao\n|j|\u2606peer+mol\n|t:|1728648705\n|gametype|doubles\n|player|p1|yongbao|dawn-gen4pt|1655\n|player|p2|peer+mol|102|1698\n|teamsize|p1|6\n|teamsize|p2|6\n|gen|9\n|tier|[Gen 9] VGC 2024 Reg H\n|rated|\n|rule|Species Clause: Limit one of each Pok\u00e9mon\n|rule|Item Clause: Limit 1 of each item\n|clearpoke\n|poke|p1|Gholdengo, L50|\n|poke|p1|Dragonite, L50, M|\n|poke|p1|Annihilape, L50, F|\n|poke|p1|Volcarona, L50, M|\n|poke|p1|Whimsicott, L50, F|\n|poke|p1|Kingambit, L50, F|\n|poke|p2|Ursaluna-Bloodmoon, L50, M|\n|poke|p2|Chandelure, L50, F|\n|poke|p2|Dondozo, L50, F|\n|poke|p2|Rillaboom, L50, F|\n|poke|p2|Dragonite, L50, M|\n|poke|p2|Sneasler, L50, F|\n|teampreview|4\n|inactive|Battle timer is ON: inactive players will automatically lose when time's up. (requested by peer+mol)\n|\n|t:|1728648746\n|start\n|switch|p1a: Annihilape|Annihilape, L50, F|100\/100\n|switch|p1b: Dragonite|Dragonite, L50, M|100\/100\n|switch|p2a: Rillaboom|Rillaboom, L50, F|100\/100\n|switch|p2b: Sneasler|Sneasler, L50, F|100\/100\n|-fieldstart|move: Grassy Terrain|[from] ability: Grassy Surge|[of] p2a: Rillaboom\n|-enditem|p2b: Sneasler|Grassy Seed\n|-boost|p2b: Sneasler|def|1|[from] item: Grassy Seed\n|turn|1\n|inactive|yongbao has 30 seconds left.\n|inactive|peer+mol has 30 seconds left.\n|\n|t:|1728648772\n|-terastallize|p2b: Sneasler|Stellar\n|move|p2a: Rillaboom|Fake Out|p1b: Dragonite\n|-damage|p1b: Dragonite|92\/100\n|move|p2b: Sneasler|Acrobatics|p1a: Annihilape\n|-supereffective|p1a: Annihilape\n|-damage|p1a: Annihilape|0 fnt\n|faint|p1a: Annihilape\n|cant|p1b: Dragonite|flinch\n|\n|upkeep\n|\n|t:|1728648783\n|switch|p1a: Gholdengo|Gholdengo, L50|100\/100\n|turn|2\n|\n|t:|1728648805\n|switch|p2a: Dondozo|Dondozo, L50, F|100\/100\n|-terastallize|p1a: Gholdengo|Steel\n|move|p2b: Sneasler|Dire Claw|p1b: Dragonite\n|-damage|p1b: Dragonite|21\/100\n|-status|p1b: Dragonite|par\n|move|p1a: Gholdengo|Make It Rain|p2b: Sneasler|[spread] p2a,p2b\n|-resisted|p2a: Dondozo\n|-damage|p2a: Dondozo|64\/100\n|-damage|p2b: Sneasler|0 fnt\n|-unboost|p1a: Gholdengo|spa|1\n|faint|p2b: Sneasler\n|move|p1b: Dragonite|Scale Shot|p2a: Dondozo|[miss]\n|-miss|p1b: Dragonite|p2a: Dondozo\n|\n|-heal|p2a: Dondozo|70\/100|[from] Grassy Terrain\n|-heal|p2a: Dondozo|76\/100|[from] item: Leftovers\n|upkeep\n|\n|t:|1728648824\n|switch|p2b: Dragonite|Dragonite, L50, M|100\/100\n|turn|3\n|\n|t:|1728648853\n|move|p2b: Dragonite|Extreme Speed|p1b: Dragonite\n|-damage|p1b: Dragonite|0 fnt\n|faint|p1b: Dragonite\n|move|p1a: Gholdengo|Make It Rain|p2b: Dragonite|[spread] p2a,p2b\n|-resisted|p2a: Dondozo\n|-damage|p2a: Dondozo|37\/100\n|-damage|p2b: Dragonite|40\/100\n|-unboost|p1a: Gholdengo|spa|1\n|move|p2a: Dondozo|Wave Crash|p1a: Gholdengo\n|-damage|p1a: Gholdengo|43\/100\n|-damage|p2a: Dondozo|24\/100|[from] Recoil\n|\n|-heal|p1a: Gholdengo|49\/100|[from] Grassy Terrain\n|-heal|p2a: Dondozo|30\/100|[from] Grassy Terrain\n|-heal|p2a: Dondozo|37\/100|[from] item: Leftovers\n|upkeep\n|\n|t:|1728648869\n|switch|p1b: Whimsicott|Whimsicott, L50, F|100\/100\n|turn|4\n|\n|t:|1728648877\n|move|p2a: Dondozo|Protect|p2a: Dondozo\n|-singleturn|p2a: Dondozo|Protect\n|move|p2b: Dragonite|Extreme Speed|p1b: Whimsicott\n|-damage|p1b: Whimsicott|34\/100\n|move|p1b: Whimsicott|Moonblast|p2a: Dondozo\n|-activate|p2a: Dondozo|move: Protect\n|move|p1a: Gholdengo|Make It Rain|p2b: Dragonite|[spread] p2b\n|-activate|p2a: Dondozo|move: Protect\n|-damage|p2b: Dragonite|0 fnt\n|-unboost|p1a: Gholdengo|spa|1\n|faint|p2b: Dragonite\n|\n|-heal|p1b: Whimsicott|39\/100|[from] Grassy Terrain\n|-heal|p1a: Gholdengo|55\/100|[from] Grassy Terrain\n|-heal|p2a: Dondozo|43\/100|[from] Grassy Terrain\n|-heal|p2a: Dondozo|49\/100|[from] item: Leftovers\n|upkeep\n|j| jdsfljf\n|\n|t:|1728648890\n|switch|p2b: Rillaboom|Rillaboom, L50, F|100\/100\n|turn|5\n|l| jdsfljf\n|\n|t:|1728648904\n|move|p2b: Rillaboom|Fake Out|p1a: Gholdengo\n|-resisted|p1a: Gholdengo\n|-damage|p1a: Gholdengo|47\/100\n|move|p1b: Whimsicott|Moonblast|p2a: Dondozo\n|-damage|p2a: Dondozo|20\/100\n|-unboost|p2a: Dondozo|spa|1\n|cant|p1a: Gholdengo|flinch\n|move|p2a: Dondozo|Yawn|p1b: Whimsicott\n|-start|p1b: Whimsicott|move: Yawn|[of] p2a: Dondozo\n|\n|-heal|p1b: Whimsicott|45\/100|[from] Grassy Terrain\n|-heal|p1a: Gholdengo|53\/100|[from] Grassy Terrain\n|-heal|p2a: Dondozo|26\/100|[from] Grassy Terrain\n|-heal|p2a: Dondozo|32\/100|[from] item: Leftovers\n|-fieldend|move: Grassy Terrain\n|upkeep\n|turn|6\n|inactive|peer+mol has 30 seconds left.\n|inactive|yongbao has 30 seconds left.\n|\n|t:|1728648941\n|move|p2a: Dondozo|Protect|p2a: Dondozo\n|-singleturn|p2a: Dondozo|Protect\n|move|p1b: Whimsicott|Moonblast|p2a: Dondozo\n|-activate|p2a: Dondozo|move: Protect\n|move|p1a: Gholdengo|Make It Rain|p2b: Rillaboom|[spread] p2b\n|-activate|p2a: Dondozo|move: Protect\n|-damage|p2b: Rillaboom|48\/100\n|-unboost|p1a: Gholdengo|spa|1\n|move|p2b: Rillaboom|Wood Hammer|p1a: Gholdengo\n|-resisted|p1a: Gholdengo\n|-damage|p1a: Gholdengo|9\/100\n|-damage|p2b: Rillaboom|36\/100|[from] Recoil\n|\n|-heal|p2a: Dondozo|39\/100|[from] item: Leftovers\n|-end|p1b: Whimsicott|move: Yawn|[silent]\n|-status|p1b: Whimsicott|slp\n|upkeep\n|turn|7\n|\n|t:|1728648966\n|cant|p1b: Whimsicott|slp\n|move|p1a: Gholdengo|Make It Rain|p2a: Dondozo|[spread] p2a,p2b\n|-resisted|p2a: Dondozo\n|-damage|p2a: Dondozo|1\/100\n|-damage|p2b: Rillaboom|0 fnt\n|-unboost|p1a: Gholdengo|spa|1\n|faint|p2b: Rillaboom\n|move|p2a: Dondozo|Wave Crash|p1a: Gholdengo\n|-damage|p1a: Gholdengo|0 fnt\n|faint|p1a: Gholdengo\n|-damage|p2a: Dondozo|0 fnt|[from] Recoil\n|faint|p2a: Dondozo\n|\n|win|yongbao\n|raw|yongbao's rating: 1655 &rarr; <strong>1677<\/strong><br \/>(+22 for winning)\n|raw|peer+mol's rating: 1698 &rarr; <strong>1676<\/strong><br \/>(-22 for losing)\n|l|\u2606peer+mol\n|player|p2|\n|l|\u2606yongbao\n|player|p1|\n","uploadtime":1728649140,"views":13,"formatid":"gen9vgc2024regh","rating":1676,"private":0,"password":null}