{"id":"gen9vgc2024regh-2220272002","format":"[Gen 9] VGC 2024 Reg H","players":["schmokeapancake","dayron91"],"log":"|j|\u2606schmokeapancake\n|j|\u2606dayron91\n|t:|1728591206\n|gametype|doubles\n|player|p1|schmokeapancake|red-gen2|1740\n|player|p2|dayron91|dragontamer|1654\n|teamsize|p1|6\n|teamsize|p2|6\n|gen|9\n|tier|[Gen 9] VGC 2024 Reg H\n|rated|\n|rule|Species Clause: Limit one of each Pok\u00e9mon\n|rule|Item Clause: Limit 1 of each item\n|clearpoke\n|poke|p1|Dragapult, L50, M|\n|poke|p1|Clefairy, L50, F|\n|poke|p1|Gholdengo, L50|\n|poke|p1|Kingambit, L50, M|\n|poke|p1|Rillaboom, L50, M|\n|poke|p1|Incineroar, L50, M|\n|poke|p2|Archaludon, L50, M|\n|poke|p2|Whimsicott, L50, F|\n|poke|p2|Incineroar, L50, M|\n|poke|p2|Electrode-Hisui, L50|\n|poke|p2|Annihilape, L50, F|\n|poke|p2|Basculegion, L50, M|\n|teampreview|4\n|inactive|Battle timer is ON: inactive players will automatically lose when time's up. (requested by schmokeapancake)\n|inactive|dayron91 has 60 seconds left.\n|\n|t:|1728591266\n|start\n|switch|p1a: Espresso|Clefairy, L50, F|100\/100\n|switch|p1b: Big Pult|Dragapult, L50, M|100\/100\n|switch|p2a: Whimsicott|Whimsicott, L50, F|100\/100\n|switch|p2b: Annihilape|Annihilape, L50, F|100\/100\n|turn|1\n|inactive|schmokeapancake has 30 seconds left.\n|inactive|schmokeapancake has 20 seconds left.\n|\n|t:|1728591301\n|move|p1a: Espresso|Protect|p1a: Espresso\n|-singleturn|p1a: Espresso|Protect\n|move|p2a: Whimsicott|Tailwind|p2a: Whimsicott\n|-sidestart|p2: dayron91|move: Tailwind\n|move|p2b: Annihilape|Final Gambit|p1a: Espresso\n|-activate|p1a: Espresso|move: Protect\n|move|p1b: Big Pult|Phantom Force||[still]\n|-prepare|p1b: Big Pult|Phantom Force\n|\n|upkeep\n|turn|2\n|inactive|dayron91 has 30 seconds left.\n|\n|t:|1728591331\n|switch|p2b: Archaludon|Archaludon, L50, M|100\/100\n|switch|p1a: Brother Ew|Gholdengo, L50|100\/100\n|move|p2a: Whimsicott|Encore|p1a: Brother Ew\n|-immune|p1a: Brother Ew|[from] ability: Good as Gold\n|move|p1b: Big Pult|Phantom Force|p2b: Archaludon|[from]lockedmove\n|-damage|p2b: Archaludon|56\/100\n|-ability|p2b: Archaludon|Stamina|boost\n|-boost|p2b: Archaludon|def|1\n|\n|upkeep\n|turn|3\n|inactive|dayron91 has 30 seconds left.\n|inactive|dayron91 has 20 seconds left.\n|inactive|dayron91 has 15 seconds left.\n|inactive|dayron91 has 10 seconds left.\n|\n|t:|1728591381\n|switch|p2b: Incineroar|Incineroar, L50, M|100\/100\n|-ability|p2b: Incineroar|Intimidate|boost\n|-unboost|p1a: Brother Ew|atk|1\n|-fail|p1b: Big Pult|unboost|[from] ability: Clear Body|[of] p1b: Big Pult\n|switch|p1b: Espresso|Clefairy, L50, F|100\/100\n|move|p2a: Whimsicott|Moonblast|p1b: Espresso\n|-damage|p1b: Espresso|74\/100\n|move|p1a: Brother Ew|Nasty Plot|p1a: Brother Ew\n|-boost|p1a: Brother Ew|spa|2\n|\n|upkeep\n|turn|4\n|inactive|schmokeapancake has 30 seconds left.\n|inactive|dayron91 has 30 seconds left.\n|inactive|dayron91 has 20 seconds left.\n|inactive|dayron91 has 15 seconds left.\n|\n|t:|1728591422\n|move|p1b: Espresso|Follow Me|p1b: Espresso\n|-singleturn|p1b: Espresso|move: Follow Me\n|move|p2a: Whimsicott|Moonblast|p1b: Espresso\n|-damage|p1b: Espresso|45\/100\n|move|p2b: Incineroar|Flare Blitz|p1b: Espresso\n|-damage|p1b: Espresso|2\/100\n|-damage|p2b: Incineroar|88\/100|[from] Recoil\n|move|p1a: Brother Ew|Make It Rain|p2a: Whimsicott|[spread] p2a,p2b\n|-supereffective|p2a: Whimsicott\n|-resisted|p2b: Incineroar\n|-enditem|p2a: Whimsicott|Focus Sash\n|-damage|p2a: Whimsicott|1\/100\n|-damage|p2b: Incineroar|54\/100\n|-unboost|p1a: Brother Ew|spa|1\n|\n|-sideend|p2: dayron91|move: Tailwind\n|upkeep\n|turn|5\n|inactive|schmokeapancake has 30 seconds left.\n|inactive|dayron91 has 30 seconds left.\n|inactive|schmokeapancake has 20 seconds left.\n|inactive|schmokeapancake has 15 seconds left.\n|inactive|dayron91 has 20 seconds left.\n|inactive|schmokeapancake has 10 seconds left.\n|inactive|dayron91 has 15 seconds left.\n|inactive|dayron91 has 10 seconds left.\n|inactive|dayron91 has 5 seconds left.\n|\n|t:|1728591478\n|move|p1b: Espresso|Protect|p1b: Espresso\n|-singleturn|p1b: Espresso|Protect\n|move|p2a: Whimsicott|Tailwind|p2a: Whimsicott\n|-sidestart|p2: dayron91|move: Tailwind\n|move|p2b: Incineroar|Flare Blitz|p1a: Brother Ew\n|-supereffective|p1a: Brother Ew\n|-damage|p1a: Brother Ew|30\/100\n|-damage|p2b: Incineroar|31\/100|[from] Recoil\n|move|p1a: Brother Ew|Make It Rain|p2b: Incineroar|[spread] p2a,p2b\n|-supereffective|p2a: Whimsicott\n|-resisted|p2b: Incineroar\n|-damage|p2a: Whimsicott|0 fnt\n|-damage|p2b: Incineroar|7\/100\n|-unboost|p1a: Brother Ew|spa|1\n|faint|p2a: Whimsicott\n|\n|-heal|p1a: Brother Ew|36\/100|[from] item: Leftovers\n|upkeep\n|inactive|dayron91 has 30 seconds left.\n|\n|t:|1728591508\n|switch|p2a: Annihilape|Annihilape, L50, F|100\/100\n|turn|6\n|inactive|schmokeapancake has 30 seconds left.\n|inactive|schmokeapancake has 20 seconds left.\n|inactive|schmokeapancake has 15 seconds left.\n|inactive|schmokeapancake has 10 seconds left.\n|inactive|schmokeapancake has 5 seconds left.\n|\n|t:|1728591558\n|-terastallize|p2a: Annihilape|Fire\n|-terastallize|p1a: Brother Ew|Dragon\n|move|p1b: Espresso|Follow Me|p1b: Espresso\n|-singleturn|p1b: Espresso|move: Follow Me\n|move|p2a: Annihilape|Rage Fist|p1b: Espresso\n|-damage|p1b: Espresso|0 fnt\n|faint|p1b: Espresso\n|move|p2b: Incineroar|Knock Off|p1a: Brother Ew\n|-damage|p1a: Brother Ew|0 fnt\n|-enditem|p1a: Brother Ew|Leftovers|[from] move: Knock Off|[of] p2b: Incineroar\n|faint|p1a: Brother Ew\n|\n|upkeep\n|\n|t:|1728591571\n|switch|p1a: Big Pult|Dragapult, L50, M|100\/100\n|switch|p1b: Tom Cruise|Kingambit, L50, M|100\/100\n|turn|7\n|inactive|dayron91 has 30 seconds left.\n|c|\u2606schmokeapancake|the giga attack incin\n|\n|t:|1728591605\n|switch|p2b: Archaludon|Archaludon, L50, M|56\/100\n|move|p1b: Tom Cruise|Sucker Punch||[still]\n|-fail|p1b: Tom Cruise\n|move|p2a: Annihilape|Rage Fist|p1a: Big Pult\n|-supereffective|p1a: Big Pult\n|-damage|p1a: Big Pult|36\/100\n|move|p1a: Big Pult|Dragon Darts|p2a: Annihilape\n|-damage|p2a: Annihilape|67\/100\n|-anim|p1a: Big Pult|Dragon Darts|p2b: Archaludon\n|-damage|p2b: Archaludon|32\/100\n|-ability|p2b: Archaludon|Stamina|boost\n|-boost|p2b: Archaludon|def|1\n|\n|upkeep\n|turn|8\n|\n|t:|1728591626\n|move|p1b: Tom Cruise|Sucker Punch|p2a: Annihilape\n|-damage|p2a: Annihilape|19\/100\n|move|p2a: Annihilape|Rage Fist|p1a: Big Pult\n|-supereffective|p1a: Big Pult\n|-damage|p1a: Big Pult|0 fnt\n|faint|p1a: Big Pult\n|move|p2b: Archaludon|Body Press|p1b: Tom Cruise\n|-supereffective|p1b: Tom Cruise\n|-damage|p1b: Tom Cruise|0 fnt\n|faint|p1b: Tom Cruise\n|\n|win|dayron91\n|raw|schmokeapancake's rating: 1740 &rarr; <strong>1715<\/strong><br \/>(-25 for losing)\n|raw|dayron91's rating: 1654 &rarr; <strong>1679<\/strong><br \/>(+25 for winning)\n|l|\u2606schmokeapancake\n|player|p1|\n|l|\u2606dayron91\n|player|p2|\n","uploadtime":1728591658,"views":33,"formatid":"gen9vgc2024regh","rating":1679,"private":0,"password":null}