{"id":"gen9vgc2024regh-2220691457","format":"[Gen 9] VGC 2024 Reg H","players":["yongbao","simreaper"],"log":"|j|\u2606yongbao\n|j|\u2606simreaper\n|t:|1728649463\n|gametype|doubles\n|player|p1|yongbao|dawn-gen4pt|1694\n|player|p2|simreaper|shadowtriad|1743\n|teamsize|p1|6\n|teamsize|p2|6\n|gen|9\n|tier|[Gen 9] VGC 2024 Reg H\n|rated|\n|rule|Species Clause: Limit one of each Pok\u00e9mon\n|rule|Item Clause: Limit 1 of each item\n|clearpoke\n|poke|p1|Gholdengo, L50|\n|poke|p1|Dragonite, L50, M|\n|poke|p1|Annihilape, L50, F|\n|poke|p1|Volcarona, L50, M|\n|poke|p1|Whimsicott, L50, M|\n|poke|p1|Kingambit, L50, M|\n|poke|p2|Annihilape, L50, M|\n|poke|p2|Whimsicott, L50, F|\n|poke|p2|Archaludon, L50, M|\n|poke|p2|Amoonguss, L50, M|\n|poke|p2|Pelipper, L50, F|\n|poke|p2|Ursaluna-Bloodmoon, L50, M|\n|teampreview|4\n|j| FindingTarnation\n|inactive|Battle timer is ON: inactive players will automatically lose when time's up. (requested by simreaper)\n|\n|t:|1728649512\n|start\n|switch|p1a: Whimsicott|Whimsicott, L50, M|100\/100\n|switch|p1b: Volcarona|Volcarona, L50, M|100\/100\n|switch|p2a: Ursaluna|Ursaluna-Bloodmoon, L50, M|100\/100\n|switch|p2b: Whimsicott|Whimsicott, L50, F, shiny|100\/100\n|turn|1\n|j| RiotJuice\n|inactive|yongbao has 30 seconds left.\n|\n|t:|1728649538\n|switch|p2a: Pelipper|Pelipper, L50, F, shiny|100\/100\n|-weather|RainDance|[from] ability: Drizzle|[of] p2a: Pelipper\n|move|p2b: Whimsicott|Tailwind|p2b: Whimsicott\n|-sidestart|p2: simreaper|move: Tailwind\n|move|p1a: Whimsicott|Tailwind|p1a: Whimsicott\n|-sidestart|p1: yongbao|move: Tailwind\n|move|p1b: Volcarona|Heat Wave|p2b: Whimsicott|[spread] p2a,p2b\n|-resisted|p2a: Pelipper\n|-supereffective|p2b: Whimsicott\n|-damage|p2a: Pelipper|79\/100\n|-damage|p2b: Whimsicott|33\/100\n|-damage|p1b: Volcarona|91\/100|[from] item: Life Orb\n|\n|-weather|RainDance|[upkeep]\n|upkeep\n|turn|2\n|j| jdsfljf\n|inactive|yongbao has 30 seconds left.\n|inactive|yongbao has 20 seconds left.\n|\n|t:|1728649575\n|move|p2b: Whimsicott|Encore|p1a: Whimsicott\n|-start|p1a: Whimsicott|Encore\n|move|p1a: Whimsicott|Tailwind||[still]\n|-fail|p1a: Whimsicott\n|move|p1b: Volcarona|Heat Wave|p2a: Pelipper|[spread] p2a,p2b\n|-resisted|p2a: Pelipper\n|-supereffective|p2b: Whimsicott\n|-damage|p2a: Pelipper|56\/100\n|-damage|p2b: Whimsicott|0 fnt\n|-status|p2a: Pelipper|brn\n|faint|p2b: Whimsicott\n|-damage|p1b: Volcarona|81\/100|[from] item: Life Orb\n|move|p2a: Pelipper|Weather Ball|p1b: Volcarona\n|-supereffective|p1b: Volcarona\n|-damage|p1b: Volcarona|0 fnt\n|faint|p1b: Volcarona\n|\n|-weather|RainDance|[upkeep]\n|-damage|p2a: Pelipper|50\/100 brn|[from] brn\n|upkeep\n|l| FindingTarnation\n|\n|t:|1728649595\n|switch|p2b: Ursaluna|Ursaluna-Bloodmoon, L50, M|100\/100\n|switch|p1b: Gholdengo|Gholdengo, L50|100\/100\n|turn|3\n|l| RiotJuice\n|\n|t:|1728649606\n|switch|p1a: Annihilape|Annihilape, L50, F|100\/100\n|-terastallize|p1b: Gholdengo|Steel\n|move|p2a: Pelipper|Wide Guard|p2a: Pelipper\n|-singleturn|p2a: Pelipper|Wide Guard\n|move|p1b: Gholdengo|Make It Rain|p2b: Ursaluna|[spread] \n|-activate|p2a: Pelipper|move: Wide Guard\n|-activate|p2b: Ursaluna|move: Wide Guard\n|move|p2b: Ursaluna|Earth Power|p1b: Gholdengo\n|-supereffective|p1b: Gholdengo\n|-damage|p1b: Gholdengo|0 fnt\n|faint|p1b: Gholdengo\n|-damage|p2b: Ursaluna|91\/100|[from] item: Life Orb\n|\n|-weather|RainDance|[upkeep]\n|-damage|p2a: Pelipper|44\/100 brn|[from] brn\n|upkeep\n|\n|t:|1728649624\n|switch|p1b: Whimsicott|Whimsicott, L50, M|100\/100\n|turn|4\n|\n|t:|1728649640\n|move|p1b: Whimsicott|Moonblast|p2b: Ursaluna\n|-damage|p2b: Ursaluna|43\/100\n|move|p1a: Annihilape|Close Combat|p2b: Ursaluna\n|-supereffective|p2b: Ursaluna\n|-crit|p2b: Ursaluna\n|-damage|p2b: Ursaluna|0 fnt\n|-unboost|p1a: Annihilape|def|1\n|-unboost|p1a: Annihilape|spd|1\n|faint|p2b: Ursaluna\n|move|p2a: Pelipper|Hurricane|p1a: Annihilape\n|-supereffective|p1a: Annihilape\n|-damage|p1a: Annihilape|0 fnt\n|faint|p1a: Annihilape\n|\n|-weather|RainDance|[upkeep]\n|-damage|p2a: Pelipper|38\/100 brn|[from] brn\n|-sideend|p2: simreaper|move: Tailwind\n|-sideend|p1: yongbao|move: Tailwind\n|upkeep\n|c|\u2606simreaper|gg\n|\n|t:|1728649652\n|switch|p2b: Annihilape|Annihilape, L50, M, shiny|100\/100\n|turn|5\n|\n|t:|1728649662\n|-terastallize|p2b: Annihilape|Steel\n|move|p1b: Whimsicott|Moonblast|p2a: Pelipper\n|-damage|p2a: Pelipper|0 fnt\n|faint|p2a: Pelipper\n|move|p2b: Annihilape|Bulk Up|p2b: Annihilape\n|-boost|p2b: Annihilape|atk|1\n|-boost|p2b: Annihilape|def|1\n|\n|-weather|none\n|upkeep\n|turn|6\n|\n|t:|1728649672\n|move|p1b: Whimsicott|Moonblast|p2b: Annihilape\n|-resisted|p2b: Annihilape\n|-damage|p2b: Annihilape|87\/100\n|-unboost|p2b: Annihilape|spa|1\n|-ability|p2b: Annihilape|Defiant|boost\n|-boost|p2b: Annihilape|atk|2\n|move|p2b: Annihilape|Rage Fist|p1b: Whimsicott\n|-enditem|p1b: Whimsicott|Focus Sash\n|-damage|p1b: Whimsicott|1\/100\n|\n|-heal|p2b: Annihilape|93\/100|[from] item: Leftovers\n|upkeep\n|turn|7\n|c|\u2606simreaper|im not losing to a whim\n|-message|yongbao forfeited.\n|\n|win|simreaper\n|raw|yongbao's rating: 1694 &rarr; <strong>1677<\/strong><br \/>(-17 for losing)\n|raw|simreaper's rating: 1743 &rarr; <strong>1760<\/strong><br \/>(+17 for winning)\n|l|\u2606yongbao\n|player|p1|\n|l|\u2606simreaper\n|player|p2|\n","uploadtime":1728649837,"views":15,"formatid":"gen9vgc2024regh","rating":1677,"private":0,"password":null}