{"id":"gen9vgc2024regh-2220837555","format":"[Gen 9] VGC 2024 Reg H","players":["tonidge","Blueaquajet3"],"log":"|j|\u2606tonidge\n|j|\u2606Blueaquajet3\n|t:|1728664035\n|gametype|doubles\n|player|p1|tonidge|gardenia|1702\n|player|p2|Blueaquajet3|101|1669\n|teamsize|p1|6\n|teamsize|p2|6\n|gen|9\n|tier|[Gen 9] VGC 2024 Reg H\n|rated|\n|rule|Species Clause: Limit one of each Pok\u00e9mon\n|rule|Item Clause: Limit 1 of each item\n|clearpoke\n|poke|p1|Dondozo, L50, F|\n|poke|p1|Weezing-Galar, L50, M|\n|poke|p1|Tatsugiri-Stretchy, L50, M|\n|poke|p1|Dragapult, L50, F|\n|poke|p1|Rillaboom, L50, M|\n|poke|p1|Toedscruel, L50, F|\n|poke|p2|Amoonguss, L50, M|\n|poke|p2|Gholdengo, L50|\n|poke|p2|Porygon2, L50|\n|poke|p2|Incineroar, L50, F|\n|poke|p2|Ursaluna, L50, M|\n|poke|p2|Tyranitar, L50, M|\n|teampreview|4\n|inactive|Battle timer is ON: inactive players will automatically lose when time's up. (requested by Blueaquajet3)\n|inactive|Blueaquajet3 has 60 seconds left.\n|\n|t:|1728664071\n|start\n|switch|p1a: Baron Vlad|Weezing-Galar, L50, M, shiny|100\/100\n|switch|p1b: Stilgar|Rillaboom, L50, M, shiny|100\/100\n|switch|p2a: Redbone|Gholdengo, L50|100\/100\n|switch|p2b: III. Telegraph Ave|Incineroar, L50, F|100\/100\n|-ability|p1a: Baron Vlad|Neutralizing Gas\n|turn|1\n|\n|t:|1728664095\n|move|p2a: Redbone|Protect|p2a: Redbone\n|-singleturn|p2a: Redbone|Protect\n|move|p1a: Baron Vlad|Protect|p1a: Baron Vlad\n|-singleturn|p1a: Baron Vlad|Protect\n|move|p1b: Stilgar|Fake Out|p2b: III. Telegraph Ave\n|-damage|p2b: III. Telegraph Ave|86\/100\n|cant|p2b: III. Telegraph Ave|flinch\n|\n|upkeep\n|turn|2\n|\n|t:|1728664118\n|switch|p2a: Sober|Porygon2, L50|100\/100\n|move|p1a: Baron Vlad|Dazzling Gleam|p2b: III. Telegraph Ave|[spread] p2a,p2b\n|-damage|p2a: Sober|86\/100\n|-damage|p2b: III. Telegraph Ave|59\/100\n|-damage|p1a: Baron Vlad|91\/100|[from] item: Life Orb\n|move|p1b: Stilgar|Knock Off|p2a: Sober\n|-damage|p2a: Sober|62\/100\n|-enditem|p2a: Sober|Eviolite|[from] move: Knock Off|[of] p1b: Stilgar\n|move|p2b: III. Telegraph Ave|Parting Shot|p1a: Baron Vlad\n|-unboost|p1a: Baron Vlad|atk|1\n|-unboost|p1a: Baron Vlad|spa|1\n|\n|t:|1728664127\n|switch|p2b: Redbone|Gholdengo, L50|100\/100|[from] Parting Shot\n|\n|upkeep\n|turn|3\n|inactive|tonidge has 30 seconds left.\n|\n|t:|1728664154\n|move|p2b: Redbone|Make It Rain|p1b: Stilgar|[spread] p1a,p1b\n|-supereffective|p1a: Baron Vlad\n|-damage|p1a: Baron Vlad|0 fnt\n|-damage|p1b: Stilgar|54\/100\n|-unboost|p2b: Redbone|spa|1\n|faint|p1a: Baron Vlad\n|-end|p1a: Baron Vlad|ability: Neutralizing Gas\n|-fieldstart|move: Grassy Terrain|[from] ability: Grassy Surge|[of] p1b: Stilgar\n|-ability|p2a: Sober|Download|boost\n|-boost|p2a: Sober|spa|1\n|-damage|p2b: Redbone|91\/100|[from] item: Life Orb\n|move|p1b: Stilgar|Knock Off|p2b: Redbone\n|-supereffective|p2b: Redbone\n|-damage|p2b: Redbone|5\/100\n|-enditem|p2b: Redbone|Life Orb|[from] move: Knock Off|[of] p1b: Stilgar\n|move|p2a: Sober|Ice Beam|p1b: Stilgar\n|-supereffective|p1b: Stilgar\n|-damage|p1b: Stilgar|0 fnt\n|faint|p1b: Stilgar\n|\n|-heal|p2b: Redbone|11\/100|[from] Grassy Terrain\n|-heal|p2a: Sober|69\/100|[from] Grassy Terrain\n|upkeep\n|\n|t:|1728664172\n|switch|p1a: Shai-Hulud|Dondozo, L50, F, shiny|100\/100\n|switch|p1b: Muad'Dib|Tatsugiri-Stretchy, L50, M, shiny|100\/100\n|-activate|p1b: Muad'Dib|ability: Commander|[of] p1a: Shai-Hulud\n|-boost|p1a: Shai-Hulud|atk|2\n|-boost|p1a: Shai-Hulud|spa|2\n|-boost|p1a: Shai-Hulud|spe|2\n|-boost|p1a: Shai-Hulud|def|2\n|-boost|p1a: Shai-Hulud|spd|2\n|turn|4\n|\n|t:|1728664187\n|move|p2b: Redbone|Shadow Ball|p1a: Shai-Hulud\n|-damage|p1a: Shai-Hulud|80\/100\n|move|p1a: Shai-Hulud|Heavy Slam|p2b: Redbone\n|-resisted|p2b: Redbone\n|-damage|p2b: Redbone|0 fnt\n|faint|p2b: Redbone\n|move|p2a: Sober|Trick Room|p2a: Sober\n|-fieldstart|move: Trick Room|[of] p2a: Sober\n|\n|-heal|p2a: Sober|75\/100|[from] Grassy Terrain\n|-heal|p1a: Shai-Hulud|86\/100|[from] Grassy Terrain\n|-heal|p1a: Shai-Hulud|92\/100|[from] item: Leftovers\n|upkeep\n|\n|t:|1728664195\n|switch|p2b: III. Telegraph Ave|Incineroar, L50, F|59\/100\n|-ability|p2b: III. Telegraph Ave|Intimidate|boost\n|-unboost|p1a: Shai-Hulud|atk|1\n|-unboost|p1b: Muad'Dib|atk|1\n|turn|5\n|\n|t:|1728664210\n|switch|p2a: Sunrise|Ursaluna, L50, M|100\/100\n|move|p1a: Shai-Hulud|Protect|p1a: Shai-Hulud\n|-singleturn|p1a: Shai-Hulud|Protect\n|move|p2b: III. Telegraph Ave|Parting Shot|p1a: Shai-Hulud\n|-activate|p1a: Shai-Hulud|move: Protect\n|\n|-heal|p2b: III. Telegraph Ave|65\/100|[from] Grassy Terrain\n|-heal|p1a: Shai-Hulud|98\/100|[from] Grassy Terrain\n|-heal|p1a: Shai-Hulud|100\/100|[from] item: Leftovers\n|-status|p2a: Sunrise|brn|[from] item: Flame Orb\n|upkeep\n|turn|6\n|\n|t:|1728664227\n|move|p2a: Sunrise|Facade|p1a: Shai-Hulud\n|-damage|p1a: Shai-Hulud|63\/100\n|move|p2b: III. Telegraph Ave|Parting Shot|p1a: Shai-Hulud\n|-unboost|p1a: Shai-Hulud|atk|1\n|-unboost|p1a: Shai-Hulud|spa|1\n|\n|t:|1728664233\n|switch|p2b: Sober|Porygon2, L50|75\/100|[from] Parting Shot\n|-ability|p2b: Sober|Download|boost\n|-boost|p2b: Sober|spa|1\n|move|p1a: Shai-Hulud|Wave Crash|p2a: Sunrise\n|-supereffective|p2a: Sunrise\n|-damage|p2a: Sunrise|25\/100 brn\n|-damage|p1a: Shai-Hulud|39\/100|[from] Recoil\n|\n|-heal|p2b: Sober|81\/100|[from] Grassy Terrain\n|-heal|p2a: Sunrise|30\/100 brn|[from] Grassy Terrain\n|-heal|p1a: Shai-Hulud|45\/100|[from] Grassy Terrain\n|-heal|p1a: Shai-Hulud|51\/100|[from] item: Leftovers\n|-damage|p2a: Sunrise|25\/100 brn|[from] brn\n|upkeep\n|turn|7\n|\n|t:|1728664251\n|switch|p2a: III. Telegraph Ave|Incineroar, L50, F|65\/100\n|-ability|p2a: III. Telegraph Ave|Intimidate|boost\n|-unboost|p1a: Shai-Hulud|atk|1\n|-unboost|p1b: Muad'Dib|atk|1\n|move|p1a: Shai-Hulud|Protect|p1a: Shai-Hulud\n|-singleturn|p1a: Shai-Hulud|Protect\n|move|p2b: Sober|Tera Blast|p1a: Shai-Hulud\n|-activate|p1a: Shai-Hulud|move: Protect\n|\n|-heal|p2b: Sober|87\/100|[from] Grassy Terrain\n|-heal|p2a: III. Telegraph Ave|71\/100|[from] Grassy Terrain\n|-heal|p1a: Shai-Hulud|57\/100|[from] Grassy Terrain\n|-heal|p1a: Shai-Hulud|63\/100|[from] item: Leftovers\n|-fieldend|move: Grassy Terrain\n|upkeep\n|turn|8\n|\n|t:|1728664269\n|move|p2b: Sober|Tera Blast|p1a: Shai-Hulud\n|-damage|p1a: Shai-Hulud|49\/100\n|move|p2a: III. Telegraph Ave|Knock Off|p1a: Shai-Hulud\n|-damage|p1a: Shai-Hulud|37\/100\n|-enditem|p1a: Shai-Hulud|Leftovers|[from] move: Knock Off|[of] p2a: III. Telegraph Ave\n|move|p1a: Shai-Hulud|Wave Crash|p2a: III. Telegraph Ave\n|-supereffective|p2a: III. Telegraph Ave\n|-damage|p2a: III. Telegraph Ave|5\/100\n|-damage|p1a: Shai-Hulud|19\/100|[from] Recoil\n|\n|-fieldend|move: Trick Room\n|upkeep\n|turn|9\n|\n|t:|1728664286\n|move|p1a: Shai-Hulud|Wave Crash|p2a: III. Telegraph Ave\n|-supereffective|p2a: III. Telegraph Ave\n|-damage|p2a: III. Telegraph Ave|0 fnt\n|faint|p2a: III. Telegraph Ave\n|-damage|p1a: Shai-Hulud|18\/100|[from] Recoil\n|move|p2b: Sober|Trick Room|p2b: Sober\n|-fieldstart|move: Trick Room|[of] p2b: Sober\n|\n|upkeep\n|\n|t:|1728664288\n|switch|p2a: Sunrise|Ursaluna, L50, M|25\/100 brn\n|turn|10\n|inactive|tonidge has 30 seconds left.\n|\n|t:|1728664320\n|move|p1a: Shai-Hulud|Protect|p1a: Shai-Hulud\n|-singleturn|p1a: Shai-Hulud|Protect\n|move|p2b: Sober|Tera Blast|p1a: Shai-Hulud\n|-activate|p1a: Shai-Hulud|move: Protect\n|move|p2a: Sunrise|Facade|p1a: Shai-Hulud\n|-activate|p1a: Shai-Hulud|move: Protect\n|\n|-damage|p2a: Sunrise|19\/100 brn|[from] brn\n|upkeep\n|turn|11\n|inactive|tonidge has 30 seconds left.\n|\n|t:|1728664353\n|move|p2b: Sober|Tera Blast|p1a: Shai-Hulud\n|-damage|p1a: Shai-Hulud|2\/100\n|move|p2a: Sunrise|Facade|p1a: Shai-Hulud\n|-damage|p1a: Shai-Hulud|0 fnt\n|faint|p1a: Shai-Hulud\n|\n|-damage|p2a: Sunrise|13\/100 brn|[from] brn\n|upkeep\n|turn|12\n|\n|t:|1728664376\n|-terastallize|p2b: Sober|Fighting\n|-terastallize|p1b: Muad'Dib|Ghost\n|move|p2b: Sober|Tera Blast|p1b: Muad'Dib|[anim] Tera Blast Fighting\n|-immune|p1b: Muad'Dib\n|move|p2a: Sunrise|Facade|p1b: Muad'Dib\n|-immune|p1b: Muad'Dib\n|move|p1b: Muad'Dib|Hydro Pump|p2a: Sunrise|[miss]\n|-miss|p1b: Muad'Dib|p2a: Sunrise\n|\n|-damage|p2a: Sunrise|7\/100 brn|[from] brn\n|upkeep\n|turn|13\n|\n|t:|1728664388\n|move|p2b: Sober|Ice Beam|p1b: Muad'Dib\n|-damage|p1b: Muad'Dib|58\/100\n|move|p2a: Sunrise|Headlong Rush|p1b: Muad'Dib\n|-damage|p1b: Muad'Dib|0 fnt\n|-unboost|p2a: Sunrise|def|1\n|-unboost|p2a: Sunrise|spd|1\n|faint|p1b: Muad'Dib\n|\n|win|Blueaquajet3\n|raw|tonidge's rating: 1702 &rarr; <strong>1680<\/strong><br \/>(-22 for losing)\n|raw|Blueaquajet3's rating: 1669 &rarr; <strong>1691<\/strong><br \/>(+22 for winning)\n|l|\u2606Blueaquajet3\n|player|p2|\n|l|\u2606tonidge\n|player|p1|\n","uploadtime":1728664646,"views":23,"formatid":"gen9vgc2024regh","rating":1680,"private":0,"password":null}