{"id":"gen9vgc2024regh-2220150393","format":"[Gen 9] VGC 2024 Reg H","players":["actuary97","rough Pult"],"log":"|j|\u2606actuary97\n|j|\u2606rough Pult\n|t:|1728580392\n|gametype|doubles\n|player|p1|actuary97|sabrina-frlg|1774\n|player|p2|rough Pult|giovanni|1697\n|teamsize|p1|6\n|teamsize|p2|6\n|gen|9\n|tier|[Gen 9] VGC 2024 Reg H\n|rated|\n|rule|Species Clause: Limit one of each Pok\u00e9mon\n|rule|Item Clause: Limit 1 of each item\n|clearpoke\n|poke|p1|Incineroar, L50, M|\n|poke|p1|Whimsicott, L50, F|\n|poke|p1|Gallade, L50, M|\n|poke|p1|Malamar, L50, F|\n|poke|p1|Indeedee, L50, M|\n|poke|p1|Archaludon, L50, F|\n|poke|p2|Baxcalibur, L50, M|\n|poke|p2|Dondozo, L50, M|\n|poke|p2|Kingambit, L50, M|\n|poke|p2|Rillaboom, L50, F|\n|poke|p2|Sneasler, L50, M|\n|poke|p2|Volcarona, L50, F|\n|teampreview|4\nactuary97 has agreed to open team sheets.\n|\n|t:|1728580420\n|start\n|switch|p1a: Mischief Mother|Whimsicott, L50, F, shiny|100\/100\n|switch|p1b: Bridget|Archaludon, L50, F, shiny|100\/100\n|switch|p2a: Volcarona|Volcarona, L50, F|100\/100\n|switch|p2b: Sneasler|Sneasler, L50, M|100\/100\n|turn|1\n|\n|t:|1728580442\n|switch|p1b: Incineroar|Incineroar, L50, M, shiny|100\/100\n|-ability|p1b: Incineroar|Intimidate|boost\n|-unboost|p2a: Volcarona|atk|1\n|-unboost|p2b: Sneasler|atk|1\n|move|p2b: Sneasler|Dire Claw|p1a: Mischief Mother\n|-supereffective|p1a: Mischief Mother\n|-enditem|p1a: Mischief Mother|Focus Sash\n|-damage|p1a: Mischief Mother|1\/100\n|-status|p1a: Mischief Mother|slp\n|cant|p1a: Mischief Mother|slp\n|move|p2a: Volcarona|Quiver Dance|p2a: Volcarona\n|-boost|p2a: Volcarona|spa|1\n|-boost|p2a: Volcarona|spd|1\n|-boost|p2a: Volcarona|spe|1\n|\n|upkeep\n|turn|2\n|\n|t:|1728580483\n|switch|p2b: Dondozo|Dondozo, L50, M|100\/100\n|switch|p1a: Malamother|Malamar, L50, F, shiny|100\/100\n|move|p2a: Volcarona|Heat Wave|p1b: Incineroar|[spread] p1a\n|-miss|p2a: Volcarona|p1b: Incineroar\n|-damage|p1a: Malamother|44\/100\n|-enditem|p1a: Malamother|Sitrus Berry|[eat]\n|-heal|p1a: Malamother|69\/100|[from] item: Sitrus Berry\n|move|p1b: Incineroar|Flare Blitz|p2b: Dondozo\n|-resisted|p2b: Dondozo\n|-damage|p2b: Dondozo|85\/100\n|-damage|p1b: Incineroar|94\/100|[from] Recoil\n|\n|-heal|p2b: Dondozo|92\/100|[from] item: Leftovers\n|upkeep\n|turn|3\n|\n|t:|1728580517\n|move|p2a: Volcarona|Heat Wave|p1a: Malamother|[spread] p1a,p1b\n|-resisted|p1b: Incineroar\n|-damage|p1a: Malamother|14\/100\n|-damage|p1b: Incineroar|69\/100\n|move|p1b: Incineroar|Parting Shot|p2b: Dondozo\n|-unboost|p2b: Dondozo|atk|1\n|-unboost|p2b: Dondozo|spa|1\n|\n|t:|1728580524\n|switch|p1b: Bridget|Archaludon, L50, F, shiny|100\/100|[from] Parting Shot\n|move|p1a: Malamother|Topsy-Turvy|p2a: Volcarona\n|-invertboost|p2a: Volcarona|[from] move: Topsy-Turvy\n|move|p2b: Dondozo|Liquidation|p1b: Bridget\n|-resisted|p1b: Bridget\n|-damage|p1b: Bridget|93\/100\n|-ability|p1b: Bridget|Stamina|boost\n|-boost|p1b: Bridget|def|1\n|\n|-heal|p2b: Dondozo|98\/100|[from] item: Leftovers\n|upkeep\n|turn|4\n|\n|t:|1728580555\n|move|p1b: Bridget|Snarl|p2b: Dondozo|[spread] p2a,p2b\n|-damage|p2a: Volcarona|84\/100\n|-damage|p2b: Dondozo|88\/100\n|-unboost|p2b: Dondozo|spa|1\n|move|p1a: Malamother|Knock Off|p2a: Volcarona\n|-damage|p2a: Volcarona|44\/100\n|-enditem|p2a: Volcarona|Covert Cloak|[from] move: Knock Off|[of] p1a: Malamother\n|move|p2a: Volcarona|Tera Blast|p1a: Malamother\n|-damage|p1a: Malamother|0 fnt\n|faint|p1a: Malamother\n|move|p2b: Dondozo|Yawn|p1b: Bridget\n|-start|p1b: Bridget|move: Yawn|[of] p2b: Dondozo\n|\n|-heal|p2b: Dondozo|95\/100|[from] item: Leftovers\n|upkeep\n|\n|t:|1728580568\n|switch|p1a: Mischief Mother|Whimsicott, L50, F, shiny|1\/100 slp\n|turn|5\n|\n|t:|1728580582\n|cant|p1a: Mischief Mother|slp\n|move|p1b: Bridget|Electro Shot||[still]\n|-prepare|p1b: Bridget|Electro Shot\n|-boost|p1b: Bridget|spa|1\n|move|p2a: Volcarona|Tera Blast|p1a: Mischief Mother\n|-damage|p1a: Mischief Mother|0 fnt\n|faint|p1a: Mischief Mother\n|move|p2b: Dondozo|Yawn||[still]\n|-fail|p2b: Dondozo\n|\n|-heal|p2b: Dondozo|100\/100|[from] item: Leftovers\n|-end|p1b: Bridget|move: Yawn|[silent]\n|-status|p1b: Bridget|slp\n|upkeep\n|\n|t:|1728580591\n|switch|p1a: Incineroar|Incineroar, L50, M, shiny|69\/100\n|-ability|p1a: Incineroar|Intimidate|boost\n|-unboost|p2a: Volcarona|atk|1\n|-unboost|p2b: Dondozo|atk|1\n|turn|6\n|\n|t:|1728580614\n|switch|p2a: Rillaboom|Rillaboom, L50, F|100\/100\n|-fieldstart|move: Grassy Terrain|[from] ability: Grassy Surge|[of] p2a: Rillaboom\n|switch|p2b: Sneasler|Sneasler, L50, M|100\/100\n|-terastallize|p1a: Incineroar|Grass\n|cant|p1b: Bridget|slp\n|move|p1a: Incineroar|Throat Chop|p2b: Sneasler\n|-resisted|p2b: Sneasler\n|-damage|p2b: Sneasler|68\/100\n|-start|p2b: Sneasler|Throat Chop|[silent]\n|\n|-heal|p2b: Sneasler|74\/100|[from] Grassy Terrain\n|-heal|p1b: Bridget|99\/100 slp|[from] Grassy Terrain\n|-heal|p1a: Incineroar|75\/100|[from] Grassy Terrain\n|upkeep\n|turn|7\n|j| eren_poke\n|l| eren_poke\n|\n|t:|1728580647\n|move|p2a: Rillaboom|Fake Out|p1a: Incineroar\n|-damage|p1a: Incineroar|61\/100\n|move|p2b: Sneasler|Close Combat|p1b: Bridget\n|-supereffective|p1b: Bridget\n|-damage|p1b: Bridget|41\/100 slp\n|-unboost|p2b: Sneasler|def|1\n|-unboost|p2b: Sneasler|spd|1\n|-ability|p1b: Bridget|Stamina|boost\n|-boost|p1b: Bridget|def|1\n|cant|p1b: Bridget|slp\n|cant|p1a: Incineroar|flinch\n|\n|-heal|p2b: Sneasler|79\/100|[from] Grassy Terrain\n|-heal|p1b: Bridget|47\/100 slp|[from] Grassy Terrain\n|-heal|p1a: Incineroar|67\/100|[from] Grassy Terrain\n|-end|p2b: Sneasler|Throat Chop|[silent]\n|upkeep\n|turn|8\n|j| infinitygroudon\n|l| infinitygroudon\n|\n|t:|1728580673\n|move|p2b: Sneasler|Dire Claw|p1a: Incineroar\n|-supereffective|p1a: Incineroar\n|-damage|p1a: Incineroar|0 fnt\n|faint|p1a: Incineroar\n|-curestatus|p1b: Bridget|slp|[msg]\n|move|p1b: Bridget|Body Press|p2a: Rillaboom\n|-damage|p2a: Rillaboom|53\/100\n|move|p2a: Rillaboom|High Horsepower|p1b: Bridget\n|-supereffective|p1b: Bridget\n|-damage|p1b: Bridget|22\/100\n|-ability|p1b: Bridget|Stamina|boost\n|-boost|p1b: Bridget|def|1\n|\n|-heal|p2b: Sneasler|85\/100|[from] Grassy Terrain\n|-heal|p1b: Bridget|28\/100|[from] Grassy Terrain\n|-heal|p2a: Rillaboom|59\/100|[from] Grassy Terrain\n|upkeep\n|turn|9\n|\n|t:|1728580694\n|move|p2b: Sneasler|Close Combat|p1b: Bridget\n|-supereffective|p1b: Bridget\n|-damage|p1b: Bridget|0 fnt\n|-unboost|p2b: Sneasler|def|1\n|-unboost|p2b: Sneasler|spd|1\n|faint|p1b: Bridget\n|\n|win|rough Pult\n|raw|actuary97's rating: 1774 &rarr; <strong>1750<\/strong><br \/>(-24 for losing)\n|raw|rough Pult's rating: 1697 &rarr; <strong>1721<\/strong><br \/>(+24 for winning)\n|l|\u2606actuary97\n|player|p1|\n|l|\u2606rough Pult\n|player|p2|\n|j| eren_poke\n","uploadtime":1728580704,"views":60,"formatid":"gen9vgc2024regh","rating":1721,"private":0,"password":null}