{"id":"gen9vgc2024regh-2220459697","format":"[Gen 9] VGC 2024 Reg H","players":["elvegis1","shulivgc"],"log":"|j|\u2606elvegis1\n|j|\u2606shulivgc\n|t:|1728613019\n|gametype|doubles\n|player|p1|elvegis1|lucas|1747\n|player|p2|shulivgc|#smogonxnpa2024draftee2|1947\n|teamsize|p1|6\n|teamsize|p2|6\n|gen|9\n|tier|[Gen 9] VGC 2024 Reg H\n|rated|\n|rule|Species Clause: Limit one of each Pok\u00e9mon\n|rule|Item Clause: Limit 1 of each item\n|clearpoke\n|poke|p1|Primarina, L50, M|\n|poke|p1|Sneasler, L50, F|\n|poke|p1|Dragonite, L50, F|\n|poke|p1|Corviknight, L50, M|\n|poke|p1|Garchomp, L50, M|\n|poke|p1|Gholdengo, L50|\n|poke|p2|Gholdengo, L50|\n|poke|p2|Dragonite, L50, M|\n|poke|p2|Kingambit, L50, M|\n|poke|p2|Annihilape, L50, F|\n|poke|p2|Whimsicott, L50, F|\n|poke|p2|Volcarona, L50, F|\n|teampreview|4\n|j| Therazer456\n|inactive|Battle timer is ON: inactive players will automatically lose when time's up. (requested by elvegis1)\n|j| Andy8105\n|inactive|elvegis1 has 60 seconds left.\n|\n|t:|1728613060\n|start\n|switch|p1a: Garchomp|Garchomp, L50, M|100\/100\n|switch|p1b: Sneasler|Sneasler, L50, F|100\/100\n|switch|p2a: Dragonite|Dragonite, L50, M, shiny|100\/100\n|switch|p2b: Gholdengo|Gholdengo, L50, shiny|100\/100\n|turn|1\n|inactive|shulivgc has 30 seconds left.\n|\n|t:|1728613087\n|move|p1a: Garchomp|Protect|p1a: Garchomp\n|-singleturn|p1a: Garchomp|Protect\n|move|p2a: Dragonite|Protect|p2a: Dragonite\n|-singleturn|p2a: Dragonite|Protect\n|move|p2b: Gholdengo|Make It Rain|p1b: Sneasler|[spread] p1b\n|-activate|p1a: Garchomp|move: Protect\n|-damage|p1b: Sneasler|29\/100\n|-unboost|p2b: Gholdengo|spa|1\n|move|p1b: Sneasler|Coaching|p1a: Garchomp\n|-boost|p1a: Garchomp|atk|1\n|-boost|p1a: Garchomp|def|1\n|\n|upkeep\n|turn|2\n|inactive|elvegis1 has 30 seconds left.\n|\n|t:|1728613116\n|-terastallize|p1a: Garchomp|Fire\n|move|p1b: Sneasler|Protect|p1b: Sneasler\n|-singleturn|p1b: Sneasler|Protect\n|move|p2b: Gholdengo|Make It Rain|p1a: Garchomp|[spread] p1a\n|-activate|p1b: Sneasler|move: Protect\n|-resisted|p1a: Garchomp\n|-damage|p1a: Garchomp|80\/100\n|-unboost|p2b: Gholdengo|spa|1\n|move|p1a: Garchomp|Stomping Tantrum|p2b: Gholdengo\n|-supereffective|p2b: Gholdengo\n|-damage|p2b: Gholdengo|0 fnt\n|faint|p2b: Gholdengo\n|-damage|p1a: Garchomp|70\/100|[from] item: Life Orb\n|move|p2a: Dragonite|Scale Shot|p1a: Garchomp\n|-damage|p1a: Garchomp|60\/100\n|-damage|p1a: Garchomp|50\/100\n|-damage|p1a: Garchomp|40\/100\n|-damage|p1a: Garchomp|29\/100\n|-damage|p1a: Garchomp|19\/100\n|-hitcount|p1a: Garchomp|5\n|-unboost|p2a: Dragonite|def|1\n|-boost|p2a: Dragonite|spe|1\n|\n|upkeep\n|inactive|shulivgc has 30 seconds left.\n|\n|t:|1728613142\n|switch|p2b: Annihilape|Annihilape, L50, F, shiny|100\/100\n|turn|3\n|\n|t:|1728613156\n|move|p2a: Dragonite|Protect|p2a: Dragonite\n|-singleturn|p2a: Dragonite|Protect\n|move|p1b: Sneasler|Dire Claw|p2a: Dragonite\n|-activate|p2a: Dragonite|move: Protect\n|move|p1a: Garchomp|Dragon Claw|p2a: Dragonite\n|-activate|p2a: Dragonite|move: Protect\n|move|p2b: Annihilape|Coaching|p2a: Dragonite\n|-boost|p2a: Dragonite|atk|1\n|-boost|p2a: Dragonite|def|1\n|\n|upkeep\n|turn|4\n|inactive|shulivgc has 30 seconds left.\n|inactive|shulivgc has 20 seconds left.\n|inactive|shulivgc has 15 seconds left.\n|\n|t:|1728613196\n|-terastallize|p2a: Dragonite|Steel\n|move|p2a: Dragonite|Extreme Speed|p1b: Sneasler\n|-damage|p1b: Sneasler|0 fnt\n|faint|p1b: Sneasler\n|move|p1a: Garchomp|Dragon Claw|p2a: Dragonite\n|-resisted|p2a: Dragonite\n|-crit|p2a: Dragonite\n|-damage|p2a: Dragonite|70\/100\n|-damage|p1a: Garchomp|9\/100|[from] item: Life Orb\n|move|p2b: Annihilape|Close Combat|p1a: Garchomp\n|-damage|p1a: Garchomp|0 fnt\n|-unboost|p2b: Annihilape|def|1\n|-unboost|p2b: Annihilape|spd|1\n|-damage|p2b: Annihilape|88\/100|[from] ability: Rough Skin|[of] p1a: Garchomp\n|faint|p1a: Garchomp\n|\n|upkeep\n|\n|t:|1728613201\n|switch|p1b: Dragonite|Dragonite, L50, F|100\/100\n|switch|p1a: Primarina|Primarina, L50, M|100\/100\n|turn|5\n|\n|t:|1728613223\n|move|p2a: Dragonite|Scale Shot|p1b: Dragonite\n|-supereffective|p1b: Dragonite\n|-damage|p1b: Dragonite|54\/100\n|-supereffective|p1b: Dragonite\n|-damage|p1b: Dragonite|7\/100\n|-supereffective|p1b: Dragonite\n|-damage|p1b: Dragonite|0 fnt\n|faint|p1b: Dragonite\n|-hitcount|p1: Dragonite|3\n|-unboost|p2a: Dragonite|def|1\n|-boost|p2a: Dragonite|spe|1\n|move|p2b: Annihilape|Final Gambit|p1a: Primarina\n|-damage|p1a: Primarina|0 fnt\n|faint|p2b: Annihilape\n|faint|p1a: Primarina\n|\n|win|shulivgc\n|raw|elvegis1's rating: 1747 &rarr; <strong>1737<\/strong><br \/>(-10 for losing)\n|raw|shulivgc's rating: 1947 &rarr; <strong>1957<\/strong><br \/>(+10 for winning)\n|l| Therazer456\n|l|\u2606shulivgc\n|player|p2|\n|l|\u2606elvegis1\n|player|p1|\n","uploadtime":1728613372,"views":360,"formatid":"gen9vgc2024regh","rating":1737,"private":0,"password":null}