{"id":"gen9vgc2024regh-2220890575","format":"[Gen 9] VGC 2024 Reg H","players":["daphHey","scoliPEDs 5.0"],"log":"|j|\u2606daphHey\n|j|\u2606scoliPEDs 5.0\n|t:|1728668973\n|gametype|doubles\n|player|p1|daphHey|169|1677\n|player|p2|scoliPEDs 5.0|linebacker|1791\n|teamsize|p1|6\n|teamsize|p2|6\n|gen|9\n|tier|[Gen 9] VGC 2024 Reg H\n|rated|\n|rule|Species Clause: Limit one of each Pok\u00e9mon\n|rule|Item Clause: Limit 1 of each item\n|clearpoke\n|poke|p1|Kingambit, L50, F|\n|poke|p1|Primarina, L50, F|\n|poke|p1|Sneasler, L50, F|\n|poke|p1|Magmar, L50, M|\n|poke|p1|Rillaboom, L50, M|\n|poke|p1|Dragapult, L50, F|\n|poke|p2|Weezing, L50, M|\n|poke|p2|Slaking, L50, F|\n|poke|p2|Dondozo, L50, M|\n|poke|p2|Tatsugiri, L50, F|\n|poke|p2|Kommo-o, L50, F|\n|poke|p2|Incineroar, L50, F|\n|teampreview|4\n|\n|t:|1728669029\n|start\n|switch|p1a: Magmar|Magmar, L50, M|100\/100\n|switch|p1b: Dragapult|Dragapult, L50, F|100\/100\n|switch|p2a: Weezing|Weezing, L50, M|100\/100\n|switch|p2b: Incineroar|Incineroar, L50, F|100\/100\n|-ability|p2a: Weezing|Neutralizing Gas\n|-block|p2b: Incineroar|item: Ability Shield\n|-ability|p2b: Incineroar|Intimidate|boost\n|-unboost|p1a: Magmar|atk|1\n|-unboost|p1b: Dragapult|atk|1\n|turn|1\n|\n|t:|1728669043\n|move|p2b: Incineroar|Fake Out|p1a: Magmar\n|-damage|p1a: Magmar|90\/100\n|cant|p1a: Magmar|flinch\n|move|p1b: Dragapult|U-turn|p2b: Incineroar\n|-damage|p2b: Incineroar|75\/100\n|\n|t:|1728669049\n|switch|p1b: Primarina|Primarina, L50, F|100\/100|[from] U-turn\n|move|p2a: Weezing|Poison Gas|p1b: Primarina|[spread] p1a,p1b\n|-status|p1a: Magmar|psn\n|-status|p1b: Primarina|psn\n|\n|-damage|p1a: Magmar|78\/100 psn|[from] psn\n|-damage|p1b: Primarina|88\/100 psn|[from] psn\n|upkeep\n|turn|2\n|\n|t:|1728669075\n|switch|p1a: Dragapult|Dragapult, L50, F|100\/100\n|move|p1b: Primarina|Hyper Voice|p2b: Incineroar|[spread] p2a,p2b\n|-damage|p2a: Weezing|79\/100\n|-damage|p2b: Incineroar|57\/100\n|move|p2b: Incineroar|Knock Off|p1a: Dragapult\n|-supereffective|p1a: Dragapult\n|-damage|p1a: Dragapult|0 fnt\n|-enditem|p1a: Dragapult|Choice Band|[from] move: Knock Off|[of] p2b: Incineroar\n|faint|p1a: Dragapult\n|move|p2a: Weezing|Toxic Spikes|p1b: Primarina\n|-sidestart|p1: daphHey|move: Toxic Spikes\n|\n|-damage|p1b: Primarina|75\/100 psn|[from] psn\n|upkeep\n|\n|t:|1728669085\n|switch|p1a: Sneasler|Sneasler, L50, F|100\/100\n|-sideend|p1: daphHey|move: Toxic Spikes|[of] p1a: Sneasler\n|turn|3\n|\n|t:|1728669101\n|switch|p2b: Slaking|Slaking, L50, F|100\/100\n|move|p2a: Weezing|Protect|p2a: Weezing\n|-singleturn|p2a: Weezing|Protect\n|move|p1a: Sneasler|Close Combat|p2b: Slaking\n|-supereffective|p2b: Slaking\n|-damage|p2b: Slaking|2\/100\n|-unboost|p1a: Sneasler|def|1\n|-unboost|p1a: Sneasler|spd|1\n|move|p1b: Primarina|Hyper Voice|p2a: Weezing|[spread] p2b\n|-activate|p2a: Weezing|move: Protect\n|-damage|p2b: Slaking|0 fnt\n|faint|p2b: Slaking\n|\n|-damage|p1b: Primarina|63\/100 psn|[from] psn\n|upkeep\n|\n|t:|1728669113\n|switch|p2b: Kommo-o|Kommo-o, L50, F|100\/100\n|turn|4\n|\n|t:|1728669130\n|-terastallize|p2b: Kommo-o|Poison\n|-terastallize|p1b: Primarina|Poison\n|move|p1a: Sneasler|Dire Claw|p2a: Weezing\n|-resisted|p2a: Weezing\n|-damage|p2a: Weezing|59\/100\n|move|p2b: Kommo-o|Iron Defense|p2b: Kommo-o\n|-boost|p2b: Kommo-o|def|2\n|move|p1b: Primarina|Moonblast|p2b: Kommo-o\n|-resisted|p2b: Kommo-o\n|-damage|p2b: Kommo-o|78\/100\n|move|p2a: Weezing|Sludge Bomb|p1a: Sneasler\n|-resisted|p1a: Sneasler\n|-damage|p1a: Sneasler|74\/100\n|\n|-damage|p1b: Primarina|50\/100 psn|[from] psn\n|upkeep\n|-enditem|p1b: Primarina|Sitrus Berry|[eat]\n|-heal|p1b: Primarina|75\/100 psn|[from] item: Sitrus Berry\n|turn|5\n|j| askebom\n|\n|t:|1728669153\n|move|p1a: Sneasler|Dire Claw|p2b: Kommo-o\n|-resisted|p2b: Kommo-o\n|-damage|p2b: Kommo-o|70\/100\n|move|p2b: Kommo-o|Body Press|p1a: Sneasler\n|-resisted|p1a: Sneasler\n|-damage|p1a: Sneasler|0 fnt\n|faint|p1a: Sneasler\n|move|p1b: Primarina|Haze|p1b: Primarina\n|-clearallboost\n|move|p2a: Weezing|Sludge Bomb|p1b: Primarina\n|-resisted|p1b: Primarina\n|-damage|p1b: Primarina|65\/100 psn\n|\n|-damage|p1b: Primarina|52\/100 psn|[from] psn\n|upkeep\n|\n|t:|1728669159\n|switch|p1a: Magmar|Magmar, L50, M|78\/100 psn\n|turn|6\n|\n|t:|1728669168\n|move|p1b: Primarina|Protect|p1b: Primarina\n|-singleturn|p1b: Primarina|Protect\n|move|p2b: Kommo-o|Iron Defense|p2b: Kommo-o\n|-boost|p2b: Kommo-o|def|2\n|move|p1a: Magmar|Will-O-Wisp|p2b: Kommo-o\n|-status|p2b: Kommo-o|brn\n|move|p2a: Weezing|Sludge Bomb|p1a: Magmar\n|-damage|p1a: Magmar|55\/100 psn\n|\n|-damage|p1a: Magmar|42\/100 psn|[from] psn\n|-damage|p1b: Primarina|40\/100 psn|[from] psn\n|-damage|p2b: Kommo-o|64\/100 brn|[from] brn\n|upkeep\n|turn|7\n|\n|t:|1728669184\n|move|p2b: Kommo-o|Body Press|p1a: Magmar\n|-damage|p1a: Magmar|11\/100 psn\n|move|p1a: Magmar|Overheat|p2a: Weezing\n|-damage|p2a: Weezing|7\/100\n|-unboost|p1a: Magmar|spa|2\n|-enditem|p2a: Weezing|Sitrus Berry|[eat]\n|-heal|p2a: Weezing|32\/100|[from] item: Sitrus Berry\n|move|p1b: Primarina|Hyper Voice|p2a: Weezing|[spread] p2a,p2b\n|-damage|p2a: Weezing|12\/100\n|-damage|p2b: Kommo-o|42\/100 brn\n|move|p2a: Weezing|Sludge Bomb|p1a: Magmar\n|-damage|p1a: Magmar|0 fnt\n|faint|p1a: Magmar\n|\n|-damage|p1b: Primarina|27\/100 psn|[from] psn\n|-damage|p2b: Kommo-o|36\/100 brn|[from] brn\n|upkeep\n|turn|8\n|-message|daphHey forfeited.\n|\n|win|scoliPEDs 5.0\n|raw|daphHey's rating: 1677 &rarr; <strong>1663<\/strong><br \/>(-14 for losing)\n|raw|scoliPEDs 5.0's rating: 1791 &rarr; <strong>1805<\/strong><br \/>(+14 for winning)\n|l|\u2606scoliPEDs 5.0\n|player|p2|\n|l|\u2606daphHey\n|player|p1|\n|l| askebom\n","uploadtime":1728669197,"views":11,"formatid":"gen9vgc2024regh","rating":1663,"private":0,"password":null}