{"id":"gen9vgc2024regh-2220921383","format":"[Gen 9] VGC 2024 Reg H","players":["rgktest","schmokeapancake"],"log":"|j|\u2606rgktest\n|j|\u2606schmokeapancake\n|t:|1728671879\n|gametype|doubles\n|player|p1|rgktest|170|1787\n|player|p2|schmokeapancake|red-gen2|1717\n|teamsize|p1|6\n|teamsize|p2|6\n|gen|9\n|tier|[Gen 9] VGC 2024 Reg H\n|rated|\n|rule|Species Clause: Limit one of each Pok\u00e9mon\n|rule|Item Clause: Limit 1 of each item\n|clearpoke\n|poke|p1|Indeedee-F, L50, F|\n|poke|p1|Gallade, L50, M|\n|poke|p1|Zoroark-Hisui, L50, F|\n|poke|p1|Armarouge, L50, F|\n|poke|p1|Hatterene, L50, F|\n|poke|p1|Ursaluna, L50, M|\n|poke|p2|Dragapult, L50, M|\n|poke|p2|Clefairy, L50, F|\n|poke|p2|Gholdengo, L50|\n|poke|p2|Kingambit, L50, M|\n|poke|p2|Rillaboom, L50, M|\n|poke|p2|Incineroar, L50, F|\n|teampreview|4\n|inactive|Battle timer is ON: inactive players will automatically lose when time's up. (requested by schmokeapancake)\n|\n|t:|1728671908\n|start\n|switch|p1a: Indeedee|Indeedee-F, L50, F, shiny|100\/100\n|switch|p1b: Armarouge|Armarouge, L50, F, shiny|100\/100\n|switch|p2a: Espresso|Clefairy, L50, F|100\/100\n|switch|p2b: Big Pult|Dragapult, L50, M|100\/100\n|-fieldstart|move: Psychic Terrain|[from] ability: Psychic Surge|[of] p1a: Indeedee\n|turn|1\n|\n|t:|1728671929\n|move|p1a: Indeedee|Helping Hand|p1b: Armarouge\n|-singleturn|p1b: Armarouge|Helping Hand|[of] p1a: Indeedee\n|move|p2a: Espresso|Helping Hand|p2b: Big Pult\n|-singleturn|p2b: Big Pult|Helping Hand|[of] p2a: Espresso\n|move|p2b: Big Pult|U-turn|p1a: Indeedee\n|-supereffective|p1a: Indeedee\n|-enditem|p1a: Indeedee|Focus Sash\n|-damage|p1a: Indeedee|1\/100\n|\n|t:|1728671940\n|switch|p2b: SSJ Raditz|Rillaboom, L50, M, shiny|100\/100|[from] U-turn\n|-fieldstart|move: Grassy Terrain|[from] ability: Grassy Surge|[of] p2b: SSJ Raditz\n|move|p1b: Armarouge|Heat Wave|p2a: Espresso|[spread] p2a,p2b\n|-supereffective|p2b: SSJ Raditz\n|-damage|p2a: Espresso|56\/100\n|-damage|p2b: SSJ Raditz|44\/100\n|\n|-heal|p2b: SSJ Raditz|50\/100|[from] Grassy Terrain\n|-heal|p1a: Indeedee|7\/100|[from] Grassy Terrain\n|-heal|p2a: Espresso|62\/100|[from] Grassy Terrain\n|upkeep\n|turn|2\n|\n|t:|1728671959\n|switch|p1a: Ursaluna|Ursaluna, L50, M, shiny|100\/100\n|-terastallize|p2b: SSJ Raditz|Fire\n|move|p1b: Armarouge|Meteor Beam||[still]\n|-prepare|p1b: Armarouge|Meteor Beam\n|-boost|p1b: Armarouge|spa|1\n|-enditem|p1b: Armarouge|Power Herb\n|-anim|p1b: Armarouge|Meteor Beam|p2a: Espresso\n|-damage|p2a: Espresso|8\/100\n|move|p2b: SSJ Raditz|High Horsepower|p1b: Armarouge\n|-supereffective|p1b: Armarouge\n|-damage|p1b: Armarouge|33\/100\n|move|p2a: Espresso|Icy Wind|p1b: Armarouge|[spread] p1a,p1b\n|-supereffective|p1a: Ursaluna\n|-resisted|p1b: Armarouge\n|-damage|p1a: Ursaluna|88\/100\n|-damage|p1b: Armarouge|29\/100\n|-unboost|p1a: Ursaluna|spe|1\n|-unboost|p1b: Armarouge|spe|1\n|\n|-heal|p2b: SSJ Raditz|57\/100|[from] Grassy Terrain\n|-heal|p1b: Armarouge|35\/100|[from] Grassy Terrain\n|-heal|p2a: Espresso|14\/100|[from] Grassy Terrain\n|-heal|p1a: Ursaluna|94\/100|[from] Grassy Terrain\n|-status|p1a: Ursaluna|brn|[from] item: Flame Orb\n|upkeep\n|turn|3\n|inactive|rgktest has 30 seconds left.\n|inactive|schmokeapancake has 30 seconds left.\n|inactive|rgktest has 20 seconds left.\n|inactive|schmokeapancake has 20 seconds left.\n|inactive|rgktest has 15 seconds left.\n|inactive|schmokeapancake has 15 seconds left.\n|inactive|schmokeapancake has 10 seconds left.\n|inactive|schmokeapancake has 5 seconds left.\n|\n|t:|1728672011\n|switch|p2b: Mufasa|Incineroar, L50, F|100\/100\n|-ability|p2b: Mufasa|Intimidate|boost\n|-unboost|p1a: Ursaluna|atk|1\n|-unboost|p1b: Armarouge|atk|1\n|-terastallize|p1a: Ursaluna|Dragon\n|move|p2a: Espresso|Protect|p2a: Espresso\n|-singleturn|p2a: Espresso|Protect\n|move|p1b: Armarouge|Heat Wave|p2b: Mufasa|[spread] p2b\n|-activate|p2a: Espresso|move: Protect\n|-resisted|p2b: Mufasa\n|-damage|p2b: Mufasa|83\/100\n|move|p1a: Ursaluna|Earthquake|p2a: Espresso|[spread] p1b,p2b\n|-activate|p2a: Espresso|move: Protect\n|-supereffective|p1b: Armarouge\n|-supereffective|p2b: Mufasa\n|-damage|p1b: Armarouge|0 fnt\n|-damage|p2b: Mufasa|55\/100\n|faint|p1b: Armarouge\n|\n|-heal|p2b: Mufasa|61\/100|[from] Grassy Terrain\n|-heal|p2a: Espresso|20\/100|[from] Grassy Terrain\n|-heal|p1a: Ursaluna|99\/100 brn|[from] Grassy Terrain\n|-damage|p1a: Ursaluna|94\/100 brn|[from] brn\n|upkeep\n|inactive|rgktest has 30 seconds left.\n|\n|t:|1728672036\n|switch|p1b: Hatterene|Hatterene, L50, F|100\/100\n|turn|4\n|inactive|schmokeapancake has 30 seconds left.\n|inactive|schmokeapancake has 20 seconds left.\n|inactive|schmokeapancake has 15 seconds left.\n|\n|t:|1728672080\n|move|p2a: Espresso|Helping Hand|p2b: Mufasa\n|-singleturn|p2b: Mufasa|Helping Hand|[of] p2a: Espresso\n|move|p2b: Mufasa|Knock Off|p1b: Hatterene\n|-damage|p1b: Hatterene|39\/100\n|-enditem|p1b: Hatterene|Life Orb|[from] move: Knock Off|[of] p2b: Mufasa\n|move|p1a: Ursaluna|Facade|p2a: Espresso\n|-damage|p2a: Espresso|0 fnt\n|faint|p2a: Espresso\n|move|p1b: Hatterene|Trick Room|p1b: Hatterene\n|-fieldstart|move: Trick Room|[of] p1b: Hatterene\n|\n|-heal|p1b: Hatterene|45\/100|[from] Grassy Terrain\n|-heal|p1a: Ursaluna|99\/100 brn|[from] Grassy Terrain\n|-heal|p2b: Mufasa|67\/100|[from] Grassy Terrain\n|-damage|p1a: Ursaluna|94\/100 brn|[from] brn\n|upkeep\n|\n|t:|1728672095\n|switch|p2a: Big Pult|Dragapult, L50, M|100\/100\n|turn|5\n|j| R0s4 M3l4n0\n|inactive|rgktest has 30 seconds left.\n|inactive|schmokeapancake has 30 seconds left.\n|\n|t:|1728672127\n|switch|p2a: SSJ Raditz|Rillaboom, L50, M, shiny, tera:Fire|57\/100\n|move|p1b: Hatterene|Dazzling Gleam|p2a: SSJ Raditz|[spread] p2a,p2b\n|-resisted|p2a: SSJ Raditz\n|-damage|p2a: SSJ Raditz|43\/100\n|-damage|p2b: Mufasa|36\/100\n|-enditem|p2b: Mufasa|Sitrus Berry|[eat]\n|-heal|p2b: Mufasa|61\/100|[from] item: Sitrus Berry\n|move|p1a: Ursaluna|Headlong Rush|p2a: SSJ Raditz\n|-supereffective|p2a: SSJ Raditz\n|-damage|p2a: SSJ Raditz|0 fnt\n|-unboost|p1a: Ursaluna|def|1\n|-unboost|p1a: Ursaluna|spd|1\n|faint|p2a: SSJ Raditz\n|move|p2b: Mufasa|Parting Shot|p1a: Ursaluna\n|-unboost|p1a: Ursaluna|atk|1\n|-unboost|p1a: Ursaluna|spa|1\n|\n|t:|1728672141\n|switch|p2b: Big Pult|Dragapult, L50, M|100\/100|[from] Parting Shot\n|\n|-heal|p1b: Hatterene|50\/100|[from] Grassy Terrain\n|-heal|p1a: Ursaluna|99\/100 brn|[from] Grassy Terrain\n|-damage|p1a: Ursaluna|94\/100 brn|[from] brn\n|-fieldend|move: Grassy Terrain\n|upkeep\n|\n|t:|1728672151\n|switch|p2a: Mufasa|Incineroar, L50, F|61\/100\n|-ability|p2a: Mufasa|Intimidate|boost\n|-unboost|p1a: Ursaluna|atk|1\n|-unboost|p1b: Hatterene|atk|1\n|turn|6\n|\n|t:|1728672166\n|switch|p1a: Indeedee|Indeedee-F, L50, F, shiny|7\/100\n|-fieldstart|move: Psychic Terrain|[from] ability: Psychic Surge|[of] p1a: Indeedee\n|move|p1b: Hatterene|Dazzling Gleam|p2b: Big Pult|[spread] p2a,p2b\n|-supereffective|p2b: Big Pult\n|-damage|p2a: Mufasa|31\/100\n|-damage|p2b: Big Pult|11\/100\n|move|p2a: Mufasa|Flare Blitz|p1b: Hatterene\n|-damage|p1b: Hatterene|0 fnt\n|faint|p1b: Hatterene\n|-damage|p2a: Mufasa|20\/100|[from] Recoil\n|move|p2b: Big Pult|Dragon Darts|p1a: Indeedee\n|-damage|p1a: Indeedee|0 fnt\n|faint|p1a: Indeedee\n|\n|upkeep\n|\n|t:|1728672176\n|switch|p1b: Ursaluna|Ursaluna, L50, M, shiny, tera:Dragon|94\/100 brn\n|turn|7\n|\n|t:|1728672192\n|move|p1b: Ursaluna|Earthquake|p2b: Big Pult|[spread] p2a,p2b\n|-supereffective|p2a: Mufasa\n|-damage|p2a: Mufasa|0 fnt\n|-damage|p2b: Big Pult|0 fnt\n|faint|p2a: Mufasa\n|faint|p2b: Big Pult\n|\n|win|rgktest\n|raw|rgktest's rating: 1787 &rarr; <strong>1803<\/strong><br \/>(+16 for winning)\n|raw|schmokeapancake's rating: 1717 &rarr; <strong>1701<\/strong><br \/>(-16 for losing)\n|l|\u2606schmokeapancake\n|player|p2|\n|l|\u2606rgktest\n|player|p1|\n","uploadtime":1728672392,"views":46,"formatid":"gen9vgc2024regh","rating":1701,"private":0,"password":null}