{"id":"gen9vgc2024regh-2220776833","format":"[Gen 9] VGC 2024 Reg H","players":["actuary97","simreaper"],"log":"|j|\u2606actuary97\n|j|\u2606simreaper\n|t:|1728658430\n|gametype|doubles\n|player|p1|actuary97|sabrina-frlg|1804\n|player|p2|simreaper|shadowtriad|1748\n|teamsize|p1|6\n|teamsize|p2|6\n|gen|9\n|tier|[Gen 9] VGC 2024 Reg H\n|rated|\n|rule|Species Clause: Limit one of each Pok\u00e9mon\n|rule|Item Clause: Limit 1 of each item\n|clearpoke\n|poke|p1|Whimsicott, L50, F|\n|poke|p1|Gallade, L50, M|\n|poke|p1|Malamar, L50, F|\n|poke|p1|Indeedee, L50, M|\n|poke|p1|Sneasler, L50, F|\n|poke|p1|Archaludon, L50, F|\n|poke|p2|Annihilape, L50, M|\n|poke|p2|Whimsicott, L50, M|\n|poke|p2|Archaludon, L50, F|\n|poke|p2|Amoonguss, L50, M|\n|poke|p2|Pelipper, L50, M|\n|poke|p2|Ursaluna-Bloodmoon, L50, M|\n|teampreview|4\nactuary97 has agreed to open team sheets.\n|\n|t:|1728658459\n|start\n|switch|p1a: Mischief Mother|Whimsicott, L50, F, shiny|100\/100\n|switch|p1b: Tapu Deedee|Indeedee, L50, M, shiny|100\/100\n|switch|p2a: Archaludon|Archaludon, L50, F, shiny|100\/100\n|switch|p2b: Pelipper|Pelipper, L50, M, shiny|100\/100\n|-fieldstart|move: Psychic Terrain|[from] ability: Psychic Surge|[of] p1b: Tapu Deedee\n|-weather|RainDance|[from] ability: Drizzle|[of] p2b: Pelipper\n|turn|1\n|inactive|Battle timer is ON: inactive players will automatically lose when time's up. (requested by simreaper)\n|\n|t:|1728658479\n|switch|p1b: Bridget|Archaludon, L50, F, shiny|100\/100\n|move|p2b: Pelipper|Wide Guard|p2b: Pelipper\n|-singleturn|p2b: Pelipper|Wide Guard\n|move|p1a: Mischief Mother|Beat Up|p1b: Bridget\n|-damage|p1b: Bridget|99\/100\n|-ability|p1b: Bridget|Stamina|boost\n|-boost|p1b: Bridget|def|1\n|-damage|p1b: Bridget|97\/100\n|-ability|p1b: Bridget|Stamina|boost\n|-boost|p1b: Bridget|def|1\n|-damage|p1b: Bridget|96\/100\n|-ability|p1b: Bridget|Stamina|boost\n|-boost|p1b: Bridget|def|1\n|-damage|p1b: Bridget|95\/100\n|-ability|p1b: Bridget|Stamina|boost\n|-boost|p1b: Bridget|def|1\n|-hitcount|p1b: Bridget|4\n|move|p2a: Archaludon|Electro Shot||[still]\n|-prepare|p2a: Archaludon|Electro Shot\n|-boost|p2a: Archaludon|spa|1\n|-anim|p2a: Archaludon|Electro Shot|p1b: Bridget\n|-resisted|p1b: Bridget\n|-damage|p1b: Bridget|73\/100\n|-ability|p1b: Bridget|Stamina|boost\n|-boost|p1b: Bridget|def|1\n|\n|-weather|RainDance|[upkeep]\n|upkeep\n|turn|2\n|\n|t:|1728658500\n|switch|p2b: Ursaluna|Ursaluna-Bloodmoon, L50, M|100\/100\n|-terastallize|p2a: Archaludon|Fairy\n|move|p1a: Mischief Mother|Encore|p2b: Ursaluna\n|-activate|p2b: Ursaluna|move: Psychic Terrain\n|move|p1b: Bridget|Body Press|p2a: Archaludon\n|-resisted|p2a: Archaludon\n|-damage|p2a: Archaludon|70\/100\n|-ability|p2a: Archaludon|Stamina|boost\n|-boost|p2a: Archaludon|def|1\n|move|p2a: Archaludon|Flash Cannon|p1a: Mischief Mother\n|-supereffective|p1a: Mischief Mother\n|-enditem|p1a: Mischief Mother|Focus Sash\n|-damage|p1a: Mischief Mother|1\/100\n|\n|-weather|RainDance|[upkeep]\n|upkeep\n|turn|3\n|inactive|actuary97 has 30 seconds left.\n|inactive|simreaper has 30 seconds left.\n|inactive|simreaper has 20 seconds left.\n|inactive|actuary97 has 20 seconds left.\n|inactive|simreaper has 15 seconds left.\n|inactive|actuary97 has 15 seconds left.\n|\n|t:|1728658547\n|move|p2b: Ursaluna|Protect|p2b: Ursaluna\n|-singleturn|p2b: Ursaluna|Protect\n|move|p1a: Mischief Mother|Tailwind|p1a: Mischief Mother\n|-sidestart|p1: actuary97|move: Tailwind\n|move|p1b: Bridget|Body Press|p2b: Ursaluna\n|-activate|p2b: Ursaluna|move: Protect\n|move|p2a: Archaludon|Dragon Pulse|p1b: Bridget\n|-damage|p1b: Bridget|29\/100\n|-ability|p1b: Bridget|Stamina|boost\n|-boost|p1b: Bridget|def|1\n|\n|-weather|RainDance|[upkeep]\n|upkeep\n|turn|4\n|inactive|simreaper has 30 seconds left.\n|inactive|simreaper has 20 seconds left.\n|inactive|simreaper has 15 seconds left.\n|inactive|simreaper has 10 seconds left.\n|\n|t:|1728658595\n|switch|p2b: Whimsicott|Whimsicott, L50, M, shiny|100\/100\n|move|p1a: Mischief Mother|Moonblast|p2a: Archaludon\n|-damage|p2a: Archaludon|47\/100\n|-unboost|p2a: Archaludon|spa|1\n|-ability|p2a: Archaludon|Stamina|boost\n|-boost|p2a: Archaludon|def|1\n|move|p1b: Bridget|Body Press|p2b: Whimsicott\n|-resisted|p2b: Whimsicott\n|-damage|p2b: Whimsicott|42\/100\n|move|p2a: Archaludon|Dragon Pulse|p1b: Bridget\n|-damage|p1b: Bridget|3\/100\n|\n|-weather|RainDance|[upkeep]\n|upkeep\n|turn|5\n|inactive|actuary97 has 30 seconds left.\n|inactive|simreaper has 30 seconds left.\n|j| zkako\n|\n|t:|1728658629\n|switch|p1a: Tapu Deedee|Indeedee, L50, M, shiny|100\/100\n|move|p2b: Whimsicott|Tailwind|p2b: Whimsicott\n|-sidestart|p2: simreaper|move: Tailwind\n|move|p1b: Bridget|Flash Cannon|p2a: Archaludon\n|-supereffective|p2a: Archaludon\n|-damage|p2a: Archaludon|0 fnt\n|faint|p2a: Archaludon\n|\n|-weather|none\n|-fieldend|move: Psychic Terrain\n|upkeep\n|\n|t:|1728658643\n|switch|p2a: Ursaluna|Ursaluna-Bloodmoon, L50, M|100\/100\n|turn|6\n|\n|t:|1728658654\n|move|p2b: Whimsicott|Helping Hand|p2a: Ursaluna\n|-singleturn|p2a: Ursaluna|Helping Hand|[of] p2b: Whimsicott\n|move|p1a: Tapu Deedee|Expanding Force|p2b: Whimsicott\n|-damage|p2b: Whimsicott|0 fnt\n|faint|p2b: Whimsicott\n|move|p1b: Bridget|Body Press|p2a: Ursaluna\n|-supereffective|p2a: Ursaluna\n|-damage|p2a: Ursaluna|0 fnt\n|faint|p2a: Ursaluna\n|\n|-sideend|p1: actuary97|move: Tailwind\n|upkeep\n|\n|t:|1728658665\n|switch|p2b: Pelipper|Pelipper, L50, M, shiny|100\/100\n|-weather|RainDance|[from] ability: Drizzle|[of] p2b: Pelipper\n|turn|7\n|-message|simreaper forfeited.\n|\n|win|actuary97\n|raw|actuary97's rating: 1804 &rarr; <strong>1821<\/strong><br \/>(+17 for winning)\n|raw|simreaper's rating: 1748 &rarr; <strong>1731<\/strong><br \/>(-17 for losing)\n|l|\u2606simreaper\n|player|p2|\n|l|\u2606actuary97\n|player|p1|\n|l| zkako\n","uploadtime":1728658905,"views":36,"formatid":"gen9vgc2024regh","rating":1731,"private":0,"password":null}