{"id":"gen9vgc2024regh-2220449827","format":"[Gen 9] VGC 2024 Reg H","players":["rgktest","ps12032"],"log":"|j|\u2606rgktest\n|j|\u2606ps12032\n|t:|1728611750\n|gametype|doubles\n|player|p1|rgktest|brycenman|1685\n|player|p2|ps12032|265|1841\n|teamsize|p1|6\n|teamsize|p2|6\n|gen|9\n|tier|[Gen 9] VGC 2024 Reg H\n|rated|\n|rule|Species Clause: Limit one of each Pok\u00e9mon\n|rule|Item Clause: Limit 1 of each item\n|clearpoke\n|poke|p1|Indeedee-F, L50, F|\n|poke|p1|Gallade, L50, M|\n|poke|p1|Zoroark-Hisui, L50, M|\n|poke|p1|Armarouge, L50, M|\n|poke|p1|Hatterene, L50, F|\n|poke|p1|Ursaluna, L50, F|\n|poke|p2|Yanma, L50, M|\n|poke|p2|Dragonite, L50, M|\n|poke|p2|Garchomp, L50, F|\n|poke|p2|Gholdengo, L50|\n|poke|p2|Kingambit, L50, M|\n|poke|p2|Clefable, L50, F|\n|teampreview|4\n|\n|t:|1728611845\n|start\n|switch|p1a: Indeedee|Indeedee-F, L50, F, shiny|100\/100\n|switch|p1b: Gallade|Gallade, L50, M, shiny|100\/100\n|switch|p2a: Yanma|Yanma, L50, M|100\/100\n|switch|p2b: Garchomp|Garchomp, L50, F|100\/100\n|-fieldstart|move: Psychic Terrain|[from] ability: Psychic Surge|[of] p1a: Indeedee\n|turn|1\n|\n|t:|1728611889\n|-terastallize|p1b: Gallade|Normal\n|-terastallize|p2b: Garchomp|Ground\n|move|p1a: Indeedee|Helping Hand|p1b: Gallade\n|-singleturn|p1b: Gallade|Helping Hand|[of] p1a: Indeedee\n|move|p1b: Gallade|Hyper Voice|p2b: Garchomp|[spread] p2a,p2b\n|-enditem|p2a: Yanma|Focus Sash\n|-damage|p2a: Yanma|1\/100\n|-damage|p2b: Garchomp|0 fnt\n|faint|p2b: Garchomp\n|move|p2a: Yanma|Hypnosis|p1b: Gallade\n|-status|p1b: Gallade|slp|[from] move: Hypnosis\n|\n|upkeep\n|\n|t:|1728611902\n|switch|p2b: Dragonite|Dragonite, L50, M|100\/100\n|turn|2\n|\n|t:|1728611914\n|switch|p1a: Hatterene|Hatterene, L50, F|100\/100\n|cant|p1b: Gallade|slp\n|move|p2a: Yanma|Tailwind|p2a: Yanma\n|-sidestart|p2: ps12032|move: Tailwind\n|move|p2b: Dragonite|Ice Spinner|p1a: Hatterene\n|-damage|p1a: Hatterene|63\/100\n|-fieldend|move: Psychic Terrain\n|\n|upkeep\n|turn|3\n|\n|t:|1728611929\n|move|p2a: Yanma|Screech|p1a: Hatterene\n|move|p1a: Hatterene|Screech|p2a: Yanma|[from]ability: Magic Bounce\n|-unboost|p2a: Yanma|def|2\n|move|p2b: Dragonite|Ice Spinner|p1a: Hatterene\n|-damage|p1a: Hatterene|28\/100\n|cant|p1b: Gallade|slp\n|move|p1a: Hatterene|Trick Room|p1a: Hatterene\n|-fieldstart|move: Trick Room|[of] p1a: Hatterene\n|\n|upkeep\n|turn|4\n|\n|t:|1728611945\n|move|p2b: Dragonite|Extreme Speed|p1a: Hatterene\n|-damage|p1a: Hatterene|0 fnt\n|faint|p1a: Hatterene\n|-curestatus|p1b: Gallade|slp|[msg]\n|move|p1b: Gallade|Hyper Voice|p2a: Yanma|[spread] p2a,p2b\n|-damage|p2a: Yanma|0 fnt\n|-damage|p2b: Dragonite|62\/100\n|faint|p2a: Yanma\n|\n|upkeep\n|\n|t:|1728611949\n|switch|p1a: Gallade|Gallade, L50, M, shiny|100\/100\n|switch|p2a: Gholdengo|Gholdengo, L50|100\/100\n|turn|5\n|\n|t:|1728611958\n|switch|p1b: Indeedee|Indeedee-F, L50, F, shiny|100\/100\n|-fieldstart|move: Psychic Terrain|[from] ability: Psychic Surge|[of] p1b: Indeedee\n|move|p2b: Dragonite|Extreme Speed|p1b: Indeedee\n|-activate|p1b: Indeedee|move: Psychic Terrain\n|move|p1a: Gallade|Psycho Cut|p2b: Dragonite\n|-damage|p2b: Dragonite|0 fnt\n|faint|p2b: Dragonite\n|move|p2a: Gholdengo|Make It Rain|p1b: Indeedee|[spread] p1a,p1b\n|-damage|p1a: Gallade|31\/100\n|-damage|p1b: Indeedee|20\/100\n|-unboost|p2a: Gholdengo|spa|1\n|\n|-sideend|p2: ps12032|move: Tailwind\n|upkeep\n|turn|6\n|\n|t:|1728611980\n|move|p1a: Gallade|Wide Guard|p1a: Gallade\n|-singleturn|p1a: Gallade|Wide Guard\n|move|p1b: Indeedee|Follow Me|p1b: Indeedee\n|-singleturn|p1b: Indeedee|move: Follow Me\n|move|p2a: Gholdengo|Make It Rain|p1a: Gallade|[spread] \n|-activate|p1a: Gallade|move: Wide Guard\n|-activate|p1b: Indeedee|move: Wide Guard\n|\n|upkeep\n|turn|7\n|-message|ps12032 forfeited.\n|\n|win|rgktest\n|raw|rgktest's rating: 1685 &rarr; <strong>1713<\/strong><br \/>(+28 for winning)\n|raw|ps12032's rating: 1841 &rarr; <strong>1813<\/strong><br \/>(-28 for losing)\n|l|\u2606ps12032\n|player|p2|\n|l|\u2606rgktest\n|player|p1|\n","uploadtime":1728612245,"views":17,"formatid":"gen9vgc2024regh","rating":1713,"private":0,"password":null}