{"id":"gen9vgc2024regh-2220559522","format":"[Gen 9] VGC 2024 Reg H","players":["tatch_9","bigbadbirdvgc"],"log":"|j|\u2606tatch_9\n|j|\u2606bigbadbirdvgc\n|t:|1728628819\n|gametype|doubles\n|player|p1|tatch_9|2|1684\n|player|p2|bigbadbirdvgc|102|1765\n|teamsize|p1|6\n|teamsize|p2|6\n|gen|9\n|tier|[Gen 9] VGC 2024 Reg H\n|rated|\n|rule|Species Clause: Limit one of each Pok\u00e9mon\n|rule|Item Clause: Limit 1 of each item\n|clearpoke\n|poke|p1|Talonflame, L50, M|\n|poke|p1|Indeedee, L50, M|\n|poke|p1|Sneasler, L50, M|\n|poke|p1|Tatsugiri, L50, F|\n|poke|p1|Dondozo, L50, M|\n|poke|p1|Amoonguss, L50, F|\n|poke|p2|Basculegion, L50, M|\n|poke|p2|Pelipper, L50, F|\n|poke|p2|Archaludon, L50, M|\n|poke|p2|Sinistcha, L50|\n|poke|p2|Farigiraf, L50, M|\n|poke|p2|Grimmsnarl, L50, M|\n|teampreview|4\n|inactive|Battle timer is ON: inactive players will automatically lose when time's up. (requested by tatch_9)\n|\n|t:|1728628843\n|start\n|switch|p1a: Indeedee|Indeedee, L50, M|100\/100\n|switch|p1b: Sneasler|Sneasler, L50, M|100\/100\n|switch|p2a: Basculegion|Basculegion, L50, M|100\/100\n|switch|p2b: Pelipper|Pelipper, L50, F|100\/100\n|-fieldstart|move: Psychic Terrain|[from] ability: Psychic Surge|[of] p1a: Indeedee\n|-enditem|p1b: Sneasler|Psychic Seed\n|-boost|p1b: Sneasler|spd|1|[from] item: Psychic Seed\n|-weather|RainDance|[from] ability: Drizzle|[of] p2b: Pelipper\n|turn|1\n|inactive|bigbadbirdvgc has 30 seconds left.\n|\n|t:|1728628870\n|move|p1b: Sneasler|Dire Claw|p2a: Basculegion\n|-resisted|p2a: Basculegion\n|-damage|p2a: Basculegion|73\/100\n|-status|p2a: Basculegion|par\n|move|p1a: Indeedee|Expanding Force|p2b: Pelipper|[spread] p2a,p2b\n|-damage|p2a: Basculegion|16\/100 par\n|-damage|p2b: Pelipper|7\/100\n|move|p2b: Pelipper|Weather Ball|p1a: Indeedee\n|-damage|p1a: Indeedee|16\/100\n|cant|p2a: Basculegion|par\n|\n|-weather|RainDance|[upkeep]\n|upkeep\n|turn|2\n|\n|t:|1728628888\n|switch|p2b: Sinistcha|Sinistcha, L50|100\/100\n|-heal|p2a: Basculegion|41\/100 par|[from] ability: Hospitality|[of] p2b: Sinistcha\n|move|p1b: Sneasler|Close Combat|p2b: Sinistcha\n|-immune|p2b: Sinistcha\n|move|p1a: Indeedee|Expanding Force|p2a: Basculegion|[spread] p2a,p2b\n|-damage|p2a: Basculegion|0 fnt\n|-damage|p2b: Sinistcha|52\/100\n|faint|p2a: Basculegion\n|\n|-weather|RainDance|[upkeep]\n|upkeep\n|\n|t:|1728628904\n|switch|p2a: Farigiraf|Farigiraf, L50, M|100\/100\n|turn|3\n|\n|t:|1728628918\n|move|p1b: Sneasler|Dire Claw|p2b: Sinistcha\n|-damage|p2b: Sinistcha|12\/100\n|-enditem|p2b: Sinistcha|Sitrus Berry|[eat]\n|-heal|p2b: Sinistcha|37\/100|[from] item: Sitrus Berry\n|move|p1a: Indeedee|Expanding Force|p2b: Sinistcha|[spread] p2a,p2b\n|-resisted|p2a: Farigiraf\n|-damage|p2a: Farigiraf|72\/100\n|-damage|p2b: Sinistcha|0 fnt\n|faint|p2b: Sinistcha\n|move|p2a: Farigiraf|Psychic|p1b: Sneasler\n|-supereffective|p1b: Sneasler\n|-damage|p1b: Sneasler|0 fnt\n|faint|p1b: Sneasler\n|\n|-weather|RainDance|[upkeep]\n|upkeep\n|\n|t:|1728628930\n|switch|p1b: Tatsugiri|Tatsugiri, L50, F|100\/100\n|switch|p2b: Pelipper|Pelipper, L50, F|7\/100\n|turn|4\n|\n|t:|1728628945\n|move|p2b: Pelipper|Protect|p2b: Pelipper\n|-singleturn|p2b: Pelipper|Protect\n|move|p1a: Indeedee|Expanding Force|p2b: Pelipper|[spread] p2a\n|-activate|p2b: Pelipper|move: Protect\n|-resisted|p2a: Farigiraf\n|-damage|p2a: Farigiraf|44\/100\n|move|p1b: Tatsugiri|Hydro Pump|p2a: Farigiraf\n|-damage|p2a: Farigiraf|0 fnt\n|faint|p2a: Farigiraf\n|\n|-weather|RainDance|[upkeep]\n|upkeep\n|turn|5\n|\n|t:|1728628958\n|move|p1a: Indeedee|Expanding Force|p2b: Pelipper\n|-damage|p2b: Pelipper|0 fnt\n|faint|p2b: Pelipper\n|\n|win|tatch_9\n|raw|tatch_9's rating: 1684 &rarr; <strong>1709<\/strong><br \/>(+25 for winning)\n|raw|bigbadbirdvgc's rating: 1765 &rarr; <strong>1740<\/strong><br \/>(-25 for losing)\n|l|\u2606bigbadbirdvgc\n|player|p2|\n|l|\u2606tatch_9\n|player|p1|\n","uploadtime":1728629150,"views":13,"formatid":"gen9vgc2024regh","rating":1709,"private":0,"password":null}