{"id":"gen9vgc2024regh-2220456877","format":"[Gen 9] VGC 2024 Reg H","players":["Aki Hoshino","elvegis1"],"log":"|j|\u2606Aki Hoshino\n|j|\u2606elvegis1\n|t:|1728612649\n|gametype|doubles\n|player|p1|Aki Hoshino|aromalady|1855\n|player|p2|elvegis1|lucas|1762\n|teamsize|p1|6\n|teamsize|p2|6\n|gen|9\n|tier|[Gen 9] VGC 2024 Reg H\n|rated|\n|rule|Species Clause: Limit one of each Pok\u00e9mon\n|rule|Item Clause: Limit 1 of each item\n|clearpoke\n|poke|p1|Whimsicott, L50, M|\n|poke|p1|Ursaluna-Bloodmoon, L50, M|\n|poke|p1|Gholdengo, L50|\n|poke|p1|Meowscarada, L50, M|\n|poke|p1|Dragonite, L50, F|\n|poke|p1|Archaludon, L50, M|\n|poke|p2|Primarina, L50, M|\n|poke|p2|Sneasler, L50, M|\n|poke|p2|Dragonite, L50, F|\n|poke|p2|Corviknight, L50, F|\n|poke|p2|Garchomp, L50, F|\n|poke|p2|Gholdengo, L50|\n|teampreview|4\n|j| ryou_zero\n|inactive|Battle timer is ON: inactive players will automatically lose when time's up. (requested by elvegis1)\n|j| Therazer456\n|\n|t:|1728612691\n|start\n|switch|p1a: Whimsicott|Whimsicott, L50, M|100\/100\n|switch|p1b: Meowscarada|Meowscarada, L50, M|100\/100\n|switch|p2a: Sneasler|Sneasler, L50, M|100\/100\n|switch|p2b: Corviknight|Corviknight, L50, F|100\/100\n|turn|1\n|inactive|Aki Hoshino has 30 seconds left.\n|inactive|Aki Hoshino has 20 seconds left.\n|inactive|Aki Hoshino has 15 seconds left.\n|\n|t:|1728612731\n|switch|p1a: Archaludon|Archaludon, L50, M|100\/100\n|move|p1b: Meowscarada|Triple Axel|p2a: Sneasler\n|-start|p1b: Meowscarada|typechange|Ice|[from] ability: Protean\n|-damage|p2a: Sneasler|75\/100\n|-damage|p2a: Sneasler|27\/100\n|-damage|p2a: Sneasler|0 fnt\n|faint|p2a: Sneasler\n|-hitcount|p2: Sneasler|3\n|move|p2b: Corviknight|Tailwind|p2b: Corviknight\n|-sidestart|p2: elvegis1|move: Tailwind\n|\n|upkeep\n|\n|t:|1728612749\n|switch|p2a: Gholdengo|Gholdengo, L50|100\/100\n|turn|2\n|inactive|Aki Hoshino has 30 seconds left.\n|inactive|Aki Hoshino has 20 seconds left.\n|\n|t:|1728612784\n|switch|p1b: Whimsicott|Whimsicott, L50, M|100\/100\n|move|p1a: Archaludon|Protect|p1a: Archaludon\n|-singleturn|p1a: Archaludon|Protect\n|move|p2a: Gholdengo|Nasty Plot|p2a: Gholdengo\n|-boost|p2a: Gholdengo|spa|2\n|move|p2b: Corviknight|Taunt|p1b: Whimsicott\n|-start|p1b: Whimsicott|move: Taunt\n|\n|upkeep\n|turn|3\n|inactive|Aki Hoshino has 30 seconds left.\n|\n|t:|1728612812\n|switch|p1b: Gholdengo|Gholdengo, L50|100\/100\n|move|p2a: Gholdengo|Shadow Ball|p1a: Archaludon\n|-ability|p1a: Archaludon|Sturdy\n|-damage|p1a: Archaludon|1\/100\n|move|p2b: Corviknight|Brave Bird|p1a: Archaludon\n|-resisted|p1a: Archaludon\n|-damage|p1a: Archaludon|0 fnt\n|faint|p1a: Archaludon\n|-damage|p2b: Corviknight|99\/100|[from] Recoil\n|\n|upkeep\n|\n|t:|1728612826\n|switch|p1a: Whimsicott|Whimsicott, L50, M|100\/100\n|turn|4\n|\n|t:|1728612850\n|-terastallize|p2a: Gholdengo|Steel\n|move|p1a: Whimsicott|Tailwind|p1a: Whimsicott\n|-sidestart|p1: Aki Hoshino|move: Tailwind\n|move|p2a: Gholdengo|Make It Rain|p1a: Whimsicott|[spread] p1a,p1b\n|-supereffective|p1a: Whimsicott\n|-resisted|p1b: Gholdengo\n|-enditem|p1a: Whimsicott|Focus Sash\n|-damage|p1a: Whimsicott|1\/100\n|-damage|p1b: Gholdengo|34\/100\n|-unboost|p2a: Gholdengo|spa|1\n|-enditem|p1b: Gholdengo|Sitrus Berry|[eat]\n|-heal|p1b: Gholdengo|59\/100|[from] item: Sitrus Berry\n|move|p1b: Gholdengo|Nasty Plot|p1b: Gholdengo\n|-boost|p1b: Gholdengo|spa|2\n|move|p2b: Corviknight|Brave Bird|p1b: Gholdengo\n|-resisted|p1b: Gholdengo\n|-damage|p1b: Gholdengo|37\/100\n|-damage|p2b: Corviknight|93\/100|[from] Recoil\n|\n|-sideend|p2: elvegis1|move: Tailwind\n|upkeep\n|turn|5\n|inactive|Aki Hoshino has 30 seconds left.\n|inactive|elvegis1 has 30 seconds left.\n|inactive|Aki Hoshino has 20 seconds left.\n|inactive|Aki Hoshino has 15 seconds left.\n|inactive|Aki Hoshino has 10 seconds left.\n|\n|t:|1728612896\n|move|p2a: Gholdengo|Protect|p2a: Gholdengo\n|-singleturn|p2a: Gholdengo|Protect\n|move|p1a: Whimsicott|Moonblast|p2a: Gholdengo\n|-activate|p2a: Gholdengo|move: Protect\n|move|p1b: Gholdengo|Shadow Ball|p2a: Gholdengo\n|-activate|p2a: Gholdengo|move: Protect\n|move|p2b: Corviknight|Tailwind|p2b: Corviknight\n|-sidestart|p2: elvegis1|move: Tailwind\n|\n|upkeep\n|turn|6\n|\n|t:|1728612911\n|move|p1b: Gholdengo|Protect|p1b: Gholdengo\n|-singleturn|p1b: Gholdengo|Protect\n|move|p1a: Whimsicott|Moonblast|p2a: Gholdengo\n|-resisted|p2a: Gholdengo\n|-damage|p2a: Gholdengo|83\/100\n|-unboost|p2a: Gholdengo|spa|1\n|move|p2a: Gholdengo|Shadow Ball|p1b: Gholdengo\n|-activate|p1b: Gholdengo|move: Protect\n|move|p2b: Corviknight|Brave Bird|p1a: Whimsicott\n|-supereffective|p1a: Whimsicott\n|-damage|p1a: Whimsicott|0 fnt\n|faint|p1a: Whimsicott\n|-damage|p2b: Corviknight|93\/100|[from] Recoil\n|\n|upkeep\n|\n|t:|1728612921\n|switch|p1a: Meowscarada|Meowscarada, L50, M|100\/100\n|turn|7\n|\n|t:|1728612934\n|move|p1a: Meowscarada|Low Kick|p2a: Gholdengo\n|-start|p1a: Meowscarada|typechange|Fighting|[from] ability: Protean\n|-supereffective|p2a: Gholdengo\n|-damage|p2a: Gholdengo|0 fnt\n|faint|p2a: Gholdengo\n|move|p1b: Gholdengo|Shadow Ball|p2b: Corviknight\n|-damage|p2b: Corviknight|12\/100\n|-enditem|p2b: Corviknight|Sitrus Berry|[eat]\n|-heal|p2b: Corviknight|37\/100|[from] item: Sitrus Berry\n|move|p2b: Corviknight|Brave Bird|p1b: Gholdengo\n|-resisted|p1b: Gholdengo\n|-damage|p1b: Gholdengo|17\/100\n|-damage|p2b: Corviknight|31\/100|[from] Recoil\n|\n|-sideend|p1: Aki Hoshino|move: Tailwind\n|upkeep\n|\n|t:|1728612942\n|switch|p2a: Garchomp|Garchomp, L50, F|100\/100\n|turn|8\n|inactive|Aki Hoshino has 30 seconds left.\n|\n|t:|1728612970\n|-terastallize|p1a: Meowscarada|Grass\n|move|p1b: Gholdengo|Protect|p1b: Gholdengo\n|-singleturn|p1b: Gholdengo|Protect\n|move|p2a: Garchomp|Earthquake|p1b: Gholdengo|[spread] p1a\n|-activate|p1b: Gholdengo|move: Protect\n|-immune|p2b: Corviknight\n|-resisted|p1a: Meowscarada\n|-damage|p1a: Meowscarada|61\/100\n|-damage|p2a: Garchomp|91\/100|[from] item: Life Orb\n|move|p2b: Corviknight|Roost|p2b: Corviknight\n|-heal|p2b: Corviknight|81\/100\n|-singleturn|p2b: Corviknight|move: Roost\n|move|p1a: Meowscarada|Low Kick|p2b: Corviknight\n|-supereffective|p2b: Corviknight\n|-damage|p2b: Corviknight|0 fnt\n|faint|p2b: Corviknight\n|\n|-sideend|p2: elvegis1|move: Tailwind\n|upkeep\n|turn|9\n|inactive|Aki Hoshino has 30 seconds left.\n|\n|t:|1728612999\n|move|p1a: Meowscarada|Low Kick|p2a: Garchomp\n|-damage|p2a: Garchomp|35\/100\n|-damage|p1a: Meowscarada|49\/100|[from] ability: Rough Skin|[of] p2a: Garchomp\n|move|p2a: Garchomp|Earthquake|p1b: Gholdengo|[spread] p1a,p1b\n|-resisted|p1a: Meowscarada\n|-supereffective|p1b: Gholdengo\n|-damage|p1a: Meowscarada|10\/100\n|-damage|p1b: Gholdengo|0 fnt\n|faint|p1b: Gholdengo\n|-damage|p2a: Garchomp|25\/100|[from] item: Life Orb\n|\n|upkeep\n|turn|10\n|\n|t:|1728613010\n|move|p1a: Meowscarada|Low Kick|p2a: Garchomp\n|-damage|p2a: Garchomp|0 fnt\n|-damage|p1a: Meowscarada|0 fnt|[from] ability: Rough Skin|[of] p2a: Garchomp\n|faint|p2a: Garchomp\n|faint|p1a: Meowscarada\n|\n|win|Aki Hoshino\n|raw|Aki Hoshino's rating: 1855 &rarr; <strong>1870<\/strong><br \/>(+15 for winning)\n|raw|elvegis1's rating: 1762 &rarr; <strong>1747<\/strong><br \/>(-15 for losing)\n|l|\u2606elvegis1\n|player|p2|\n|l| Therazer456\n|l|\u2606Aki Hoshino\n|player|p1|\n|l| ryou_zero\n","uploadtime":1728613232,"views":21,"formatid":"gen9vgc2024regh","rating":1747,"private":0,"password":null}