{"id":"gen9vgc2024regh-2220506514","format":"[Gen 9] VGC 2024 Reg H","players":["caZISA","pr0xsome"],"log":"|j|\u2606caZISA\n|j|\u2606pr0xsome\n|t:|1728619465\n|gametype|doubles\n|player|p1|caZISA|170|1673\n|player|p2|pr0xsome|preschooler|1702\n|teamsize|p1|6\n|teamsize|p2|6\n|gen|9\n|tier|[Gen 9] VGC 2024 Reg H\n|rated|\n|rule|Species Clause: Limit one of each Pok\u00e9mon\n|rule|Item Clause: Limit 1 of each item\n|clearpoke\n|poke|p1|Garchomp, L50, F|\n|poke|p1|Tyranitar, L50, M|\n|poke|p1|Rillaboom, L50, M|\n|poke|p1|Talonflame, L50, M|\n|poke|p1|Primarina, L50, M|\n|poke|p1|Gholdengo, L50|\n|poke|p2|Conkeldurr, L50, M|\n|poke|p2|Incineroar, L50, F|\n|poke|p2|Sinistcha, L50|\n|poke|p2|Ursaluna-Bloodmoon, L50, M|\n|poke|p2|Ninetales-Alola, L50, M|\n|poke|p2|Hydreigon, L50, M|\n|teampreview|4\n|inactive|Battle timer is ON: inactive players will automatically lose when time's up. (requested by pr0xsome)\n|\n|t:|1728619526\n|start\n|switch|p1a: Gholdengo|Gholdengo, L50|100\/100\n|switch|p1b: Talonflame|Talonflame, L50, M|100\/100\n|switch|p2a: Incineroar|Incineroar, L50, F|100\/100\n|switch|p2b: Sinistcha|Sinistcha, L50|100\/100\n|-ability|p2a: Incineroar|Intimidate|boost\n|-unboost|p1a: Gholdengo|atk|1\n|-unboost|p1b: Talonflame|atk|1\n|turn|1\n|\n|t:|1728619548\n|switch|p1b: Primarina|Primarina, L50, M|100\/100\n|switch|p2b: Ninetales|Ninetales-Alola, L50, M|100\/100\n|-weather|Snow|[from] ability: Snow Warning|[of] p2b: Ninetales\n|move|p1a: Gholdengo|Protect|p1a: Gholdengo\n|-singleturn|p1a: Gholdengo|Protect\n|move|p2a: Incineroar|Knock Off|p1a: Gholdengo\n|-activate|p1a: Gholdengo|move: Protect\n|\n|-weather|Snow|[upkeep]\n|upkeep\n|turn|2\n|inactive|pr0xsome has 30 seconds left.\n|\n|t:|1728619576\n|switch|p1a: Tyranitar|Tyranitar, L50, M, shiny|100\/100\n|-weather|Sandstorm|[from] ability: Sand Stream|[of] p1a: Tyranitar\n|move|p2b: Ninetales|Aurora Veil||[still]\n|-fail|p2b: Ninetales\n|move|p1b: Primarina|Hyper Voice|p2b: Ninetales|[spread] p2a,p2b\n|-supereffective|p2a: Incineroar\n|-damage|p2a: Incineroar|43\/100\n|-damage|p2b: Ninetales|60\/100\n|move|p2a: Incineroar|Flare Blitz|p1a: Tyranitar\n|-resisted|p1a: Tyranitar\n|-damage|p1a: Tyranitar|82\/100\n|-damage|p2a: Incineroar|36\/100|[from] Recoil\n|\n|-weather|Sandstorm|[upkeep]\n|-damage|p2b: Ninetales|54\/100|[from] Sandstorm\n|-damage|p1b: Primarina|94\/100|[from] Sandstorm\n|upkeep\n|turn|3\n|j| THUNDERSND77\n|inactive|pr0xsome has 30 seconds left.\n|\n|t:|1728619605\n|move|p2b: Ninetales|Moonblast|p1a: Tyranitar\n|-supereffective|p1a: Tyranitar\n|-damage|p1a: Tyranitar|56\/100\n|-unboost|p1a: Tyranitar|spa|1\n|move|p1a: Tyranitar|Rock Slide|p2b: Ninetales|[spread] p2a,p2b\n|-supereffective|p2a: Incineroar\n|-supereffective|p2b: Ninetales\n|-damage|p2a: Incineroar|0 fnt\n|-damage|p2b: Ninetales|0 fnt\n|faint|p2a: Incineroar\n|faint|p2b: Ninetales\n|move|p1b: Primarina|Hyper Voice|p2: Incineroar|[notarget]\n|-fail|p1b: Primarina\n|\n|-weather|Sandstorm|[upkeep]\n|-damage|p1b: Primarina|88\/100|[from] Sandstorm\n|upkeep\n|\n|t:|1728619613\n|switch|p2b: Ursaluna|Ursaluna-Bloodmoon, L50, M|100\/100\n|switch|p2a: Sinistcha|Sinistcha, L50|100\/100\n|turn|4\n|\n|t:|1728619623\n|move|p1b: Primarina|Protect|p1b: Primarina\n|-singleturn|p1b: Primarina|Protect\n|move|p1a: Tyranitar|Knock Off|p2a: Sinistcha\n|-supereffective|p2a: Sinistcha\n|-damage|p2a: Sinistcha|15\/100\n|-enditem|p2a: Sinistcha|Sitrus Berry|[from] move: Knock Off|[of] p1a: Tyranitar\n|move|p2a: Sinistcha|Calm Mind|p2a: Sinistcha\n|-boost|p2a: Sinistcha|spa|1\n|-boost|p2a: Sinistcha|spd|1\n|move|p2b: Ursaluna|Blood Moon|p1b: Primarina\n|-activate|p1b: Primarina|move: Protect\n|\n|-weather|Sandstorm|[upkeep]\n|-damage|p1b: Primarina|82\/100|[from] Sandstorm\n|-damage|p2a: Sinistcha|8\/100|[from] Sandstorm\n|upkeep\n|turn|5\n|\n|t:|1728619639\n|move|p1a: Tyranitar|Knock Off|p2a: Sinistcha\n|-supereffective|p2a: Sinistcha\n|-damage|p2a: Sinistcha|0 fnt\n|faint|p2a: Sinistcha\n|move|p1b: Primarina|Hyper Voice|p2b: Ursaluna\n|-supereffective|p2b: Ursaluna\n|-damage|p2b: Ursaluna|0 fnt\n|faint|p2b: Ursaluna\n|\n|win|caZISA\n|raw|caZISA's rating: 1673 &rarr; <strong>1695<\/strong><br \/>(+22 for winning)\n|raw|pr0xsome's rating: 1702 &rarr; <strong>1680<\/strong><br \/>(-22 for losing)\n|l|\u2606pr0xsome\n|player|p2|\n|l|\u2606caZISA\n|player|p1|\n|l| THUNDERSND77\n","uploadtime":1728619905,"views":10,"formatid":"gen9vgc2024regh","rating":1680,"private":0,"password":null}