{"id":"gen9vgc2024regh-2220143690","format":"[Gen 9] VGC 2024 Reg H","players":["rough Pult","CanIBeatAle?"],"log":"|j|\u2606rough Pult\n|j|\u2606CanIBeatAle?\n|t:|1728579807\n|gametype|doubles\n|player|p1|rough Pult|giovanni|1673\n|player|p2|CanIBeatAle?|lucas|1747\n|teamsize|p1|6\n|teamsize|p2|6\n|gen|9\n|tier|[Gen 9] VGC 2024 Reg H\n|rated|\n|rule|Species Clause: Limit one of each Pok\u00e9mon\n|rule|Item Clause: Limit 1 of each item\n|clearpoke\n|poke|p1|Baxcalibur, L50, M|\n|poke|p1|Dondozo, L50, M|\n|poke|p1|Kingambit, L50, M|\n|poke|p1|Rillaboom, L50, F|\n|poke|p1|Sneasler, L50, F|\n|poke|p1|Volcarona, L50, M|\n|poke|p2|Murkrow, L50, F|\n|poke|p2|Abomasnow, L50, M|\n|poke|p2|Indeedee, L50, M|\n|poke|p2|Sneasler, L50, F|\n|poke|p2|Basculegion, L50, M|\n|poke|p2|Gholdengo, L50|\n|teampreview|4\n|\n|t:|1728579851\n|start\n|switch|p1a: Kingambit|Kingambit, L50, M|100\/100\n|switch|p1b: Volcarona|Volcarona, L50, M|100\/100\n|switch|p2a: Longclaw|Sneasler, L50, F, shiny|100\/100\n|switch|p2b: Houndfish|Basculegion, L50, M|100\/100\n|turn|1\n|j| ale cog\n|\n|t:|1728579904\n|switch|p2a: MDD|Indeedee, L50, M, shiny|100\/100\n|-fieldstart|move: Psychic Terrain|[from] ability: Psychic Surge|[of] p2a: MDD\n|move|p1a: Kingambit|Protect|p1a: Kingambit\n|-singleturn|p1a: Kingambit|Protect\n|move|p2b: Houndfish|Wave Crash|p1b: Volcarona\n|-supereffective|p1b: Volcarona\n|-crit|p1b: Volcarona\n|-damage|p1b: Volcarona|0 fnt\n|-status|p2b: Houndfish|brn|[from] ability: Flame Body|[of] p1b: Volcarona\n|faint|p1b: Volcarona\n|-damage|p2b: Houndfish|69\/100 brn|[from] Recoil\n|\n|-damage|p2b: Houndfish|62\/100 brn|[from] brn\n|upkeep\n|\n|t:|1728579920\n|switch|p1b: Rillaboom|Rillaboom, L50, F|100\/100\n|-fieldstart|move: Grassy Terrain|[from] ability: Grassy Surge|[of] p1b: Rillaboom\n|turn|2\n|\n|t:|1728579939\n|switch|p2a: Evergreen|Abomasnow, L50, M|100\/100\n|-weather|Snow|[from] ability: Snow Warning|[of] p2a: Evergreen\n|move|p1b: Rillaboom|Fake Out|p2a: Evergreen\n|-damage|p2a: Evergreen|89\/100\n|move|p2b: Houndfish|Wave Crash|p1a: Kingambit\n|-damage|p1a: Kingambit|66\/100\n|-damage|p2b: Houndfish|51\/100 brn|[from] Recoil\n|move|p1a: Kingambit|Swords Dance|p1a: Kingambit\n|-boost|p1a: Kingambit|atk|2\n|\n|-weather|Snow|[upkeep]\n|-heal|p2b: Houndfish|57\/100 brn|[from] Grassy Terrain\n|-heal|p2a: Evergreen|95\/100|[from] Grassy Terrain\n|-heal|p1a: Kingambit|72\/100|[from] Grassy Terrain\n|-damage|p2b: Houndfish|51\/100 brn|[from] brn\n|upkeep\n|turn|3\n|\n|t:|1728579965\n|switch|p2b: MDD|Indeedee, L50, M, shiny|100\/100\n|-fieldstart|move: Psychic Terrain|[from] ability: Psychic Surge|[of] p2b: MDD\n|switch|p1b: Baxcalibur|Baxcalibur, L50, M|100\/100\n|move|p2a: Evergreen|Earth Power|p1a: Kingambit\n|-supereffective|p1a: Kingambit\n|-damage|p1a: Kingambit|14\/100\n|move|p1a: Kingambit|Kowtow Cleave|p2a: Evergreen\n|-damage|p2a: Evergreen|22\/100\n|\n|-weather|Snow|[upkeep]\n|upkeep\n|turn|4\n|\n|t:|1728579996\n|switch|p2a: Houndfish|Basculegion, L50, M|51\/100 brn\n|-terastallize|p2b: MDD|Fighting\n|move|p1a: Kingambit|Protect|p1a: Kingambit\n|-singleturn|p1a: Kingambit|Protect\n|move|p2b: MDD|Tera Blast|p1a: Kingambit|[anim] Tera Blast Fighting\n|-activate|p1a: Kingambit|move: Protect\n|move|p1b: Baxcalibur|Scale Shot|p2b: MDD\n|-damage|p2b: MDD|69\/100\n|-damage|p2b: MDD|38\/100\n|-crit|p2b: MDD\n|-damage|p2b: MDD|0 fnt\n|faint|p2b: MDD\n|-hitcount|p2: MDD|3\n|-unboost|p1b: Baxcalibur|def|1\n|-boost|p1b: Baxcalibur|spe|1\n|\n|-weather|Snow|[upkeep]\n|-damage|p2a: Houndfish|45\/100 brn|[from] brn\n|upkeep\n|\n|t:|1728580008\n|switch|p2b: Longclaw|Sneasler, L50, F, shiny|100\/100\n|-enditem|p2b: Longclaw|Psychic Seed\n|-boost|p2b: Longclaw|spd|1|[from] item: Psychic Seed\n|turn|5\n|\n|t:|1728580034\n|switch|p1b: Rillaboom|Rillaboom, L50, F|100\/100\n|-fieldstart|move: Grassy Terrain|[from] ability: Grassy Surge|[of] p1b: Rillaboom\n|move|p2a: Houndfish|Aqua Jet|p1a: Kingambit\n|-damage|p1a: Kingambit|3\/100\n|move|p1a: Kingambit|Sucker Punch||[still]\n|-fail|p1a: Kingambit\n|move|p2b: Longclaw|Close Combat|p1b: Rillaboom\n|-damage|p1b: Rillaboom|37\/100\n|-unboost|p2b: Longclaw|def|1\n|-unboost|p2b: Longclaw|spd|1\n|\n|-weather|Snow|[upkeep]\n|-heal|p2a: Houndfish|51\/100 brn|[from] Grassy Terrain\n|-heal|p1b: Rillaboom|43\/100|[from] Grassy Terrain\n|-heal|p1a: Kingambit|9\/100|[from] Grassy Terrain\n|-damage|p2a: Houndfish|45\/100 brn|[from] brn\n|upkeep\n|turn|6\n|j| Purple Meowstic\n|\n|t:|1728580059\n|move|p1a: Kingambit|Protect|p1a: Kingambit\n|-singleturn|p1a: Kingambit|Protect\n|move|p1b: Rillaboom|Fake Out|p2b: Longclaw\n|-crit|p2b: Longclaw\n|-damage|p2b: Longclaw|53\/100\n|move|p2a: Houndfish|Aqua Jet|p1a: Kingambit\n|-activate|p1a: Kingambit|move: Protect\n|cant|p2b: Longclaw|flinch\n|\n|-weather|none\n|-heal|p2b: Longclaw|58\/100|[from] Grassy Terrain\n|-heal|p2a: Houndfish|51\/100 brn|[from] Grassy Terrain\n|-heal|p1b: Rillaboom|49\/100|[from] Grassy Terrain\n|-heal|p1a: Kingambit|16\/100|[from] Grassy Terrain\n|-damage|p2a: Houndfish|45\/100 brn|[from] brn\n|upkeep\n|turn|7\n|\n|t:|1728580083\n|switch|p2a: Evergreen|Abomasnow, L50, M|22\/100\n|-weather|Snow|[from] ability: Snow Warning|[of] p2a: Evergreen\n|move|p2b: Longclaw|Protect|p2b: Longclaw\n|-singleturn|p2b: Longclaw|Protect\n|move|p1b: Rillaboom|Grassy Glide|p2a: Evergreen\n|-resisted|p2a: Evergreen\n|-damage|p2a: Evergreen|8\/100\n|move|p1a: Kingambit|Sucker Punch||[still]\n|-fail|p1a: Kingambit\n|\n|-weather|Snow|[upkeep]\n|-heal|p2b: Longclaw|64\/100|[from] Grassy Terrain\n|-heal|p1b: Rillaboom|56\/100|[from] Grassy Terrain\n|-heal|p2a: Evergreen|14\/100|[from] Grassy Terrain\n|-heal|p1a: Kingambit|22\/100|[from] Grassy Terrain\n|upkeep\n|turn|8\n|\n|t:|1728580106\n|switch|p2b: Houndfish|Basculegion, L50, M|45\/100 brn\n|move|p1b: Rillaboom|Grassy Glide|p2a: Evergreen\n|-resisted|p2a: Evergreen\n|-damage|p2a: Evergreen|0 fnt\n|faint|p2a: Evergreen\n|move|p1a: Kingambit|Sucker Punch||[still]\n|-fail|p1a: Kingambit\n|\n|-weather|Snow|[upkeep]\n|-heal|p2b: Houndfish|51\/100 brn|[from] Grassy Terrain\n|-heal|p1b: Rillaboom|61\/100|[from] Grassy Terrain\n|-heal|p1a: Kingambit|28\/100|[from] Grassy Terrain\n|-damage|p2b: Houndfish|45\/100 brn|[from] brn\n|upkeep\n|\n|t:|1728580120\n|switch|p2a: Longclaw|Sneasler, L50, F, shiny|64\/100\n|turn|9\n|\n|t:|1728580133\n|-terastallize|p1a: Kingambit|Dark\n|move|p1b: Rillaboom|Grassy Glide|p2b: Houndfish\n|-supereffective|p2b: Houndfish\n|-damage|p2b: Houndfish|0 fnt\n|faint|p2b: Houndfish\n|move|p1a: Kingambit|Sucker Punch|p2a: Longclaw\n|-resisted|p2a: Longclaw\n|-damage|p2a: Longclaw|0 fnt\n|faint|p2a: Longclaw\n|\n|win|rough Pult\n|raw|rough Pult's rating: 1673 &rarr; <strong>1697<\/strong><br \/>(+24 for winning)\n|raw|CanIBeatAle?'s rating: 1747 &rarr; <strong>1723<\/strong><br \/>(-24 for losing)\n|l|\u2606CanIBeatAle?\n|player|p2|\n|l| Purple Meowstic\n|l|\u2606rough Pult\n|player|p1|\n","uploadtime":1728580145,"views":55,"formatid":"gen9vgc2024regh","rating":1697,"private":0,"password":null}