{"id":"gen9vgc2024regh-2220728396","format":"[Gen 9] VGC 2024 Reg H","players":["simreaper","Lmaeso23"],"log":"|j|\u2606simreaper\n|j|\u2606Lmaeso23\n|t:|1728653731\n|gametype|doubles\n|player|p1|simreaper|shadowtriad|1760\n|player|p2|Lmaeso23|cynthia|1698\n|teamsize|p1|6\n|teamsize|p2|6\n|gen|9\n|tier|[Gen 9] VGC 2024 Reg H\n|rated|\n|rule|Species Clause: Limit one of each Pok\u00e9mon\n|rule|Item Clause: Limit 1 of each item\n|clearpoke\n|poke|p1|Annihilape, L50, M|\n|poke|p1|Whimsicott, L50, F|\n|poke|p1|Archaludon, L50, M|\n|poke|p1|Amoonguss, L50, F|\n|poke|p1|Pelipper, L50, M|\n|poke|p1|Ursaluna-Bloodmoon, L50, M|\n|poke|p2|Ursaluna, L50, M|\n|poke|p2|Indeedee-F, L50, F|\n|poke|p2|Oranguru, L50, M|\n|poke|p2|Dondozo, L50, M|\n|poke|p2|Tatsugiri, L50, F|\n|poke|p2|Annihilape, L50, F|\n|teampreview|4\n|\n|t:|1728653778\n|start\n|switch|p1a: Ursaluna|Ursaluna-Bloodmoon, L50, M|100\/100\n|switch|p1b: Amoonguss|Amoonguss, L50, F, shiny|100\/100\n|switch|p2a: Indeedee|Indeedee-F, L50, F|100\/100\n|switch|p2b: Oranguru|Oranguru, L50, M|100\/100\n|-fieldstart|move: Psychic Terrain|[from] ability: Psychic Surge|[of] p2a: Indeedee\n|turn|1\n|inactive|Battle timer is ON: inactive players will automatically lose when time's up. (requested by simreaper)\n|\n|t:|1728653800\n|move|p2a: Indeedee|Psychic|p1b: Amoonguss\n|-supereffective|p1b: Amoonguss\n|-damage|p1b: Amoonguss|38\/100\n|move|p1a: Ursaluna|Hyper Voice|p2b: Oranguru|[spread] p2a,p2b\n|-damage|p2a: Indeedee|50\/100\n|-damage|p2b: Oranguru|64\/100\n|-enditem|p2a: Indeedee|Eject Button\n|-damage|p1a: Ursaluna|91\/100|[from] item: Life Orb\n|\n|t:|1728653811\n|switch|p2a: Ursito|Ursaluna, L50, M, shiny|100\/100\n|move|p2b: Oranguru|Expanding Force|p1a: Ursaluna|[spread] p1a,p1b\n|-supereffective|p1b: Amoonguss\n|-damage|p1a: Ursaluna|41\/100\n|-damage|p1b: Amoonguss|0 fnt\n|faint|p1b: Amoonguss\n|\n|-status|p2a: Ursito|brn|[from] item: Flame Orb\n|upkeep\n|\n|t:|1728653823\n|switch|p1b: Pelipper|Pelipper, L50, M, shiny|100\/100\n|-weather|RainDance|[from] ability: Drizzle|[of] p1b: Pelipper\n|turn|2\n|\n|t:|1728653844\n|switch|p2b: Indeedee|Indeedee-F, L50, F|50\/100\n|switch|p2a: Don|Dondozo, L50, M, shiny|100\/100\n|-terastallize|p1a: Ursaluna|Normal\n|move|p1b: Pelipper|Weather Ball|p2a: Don\n|-resisted|p2a: Don\n|-damage|p2a: Don|79\/100\n|move|p1a: Ursaluna|Blood Moon|p2b: Indeedee\n|-damage|p2b: Indeedee|0 fnt\n|faint|p2b: Indeedee\n|-damage|p1a: Ursaluna|32\/100|[from] item: Life Orb\n|\n|-weather|RainDance|[upkeep]\n|upkeep\n|\n|t:|1728653867\n|switch|p2b: Oranguru|Oranguru, L50, M|64\/100\n|turn|3\n|\n|t:|1728653880\n|-terastallize|p2b: Oranguru|Steel\n|move|p1b: Pelipper|Hurricane|p2b: Oranguru\n|-resisted|p2b: Oranguru\n|-damage|p2b: Oranguru|45\/100\n|-enditem|p2b: Oranguru|Sitrus Berry|[eat]\n|-heal|p2b: Oranguru|70\/100|[from] item: Sitrus Berry\n|move|p1a: Ursaluna|Hyper Voice|p2b: Oranguru|[spread] p2a,p2b\n|-crit|p2a: Don\n|-resisted|p2b: Oranguru\n|-damage|p2a: Don|8\/100\n|-damage|p2b: Oranguru|42\/100\n|-damage|p1a: Ursaluna|22\/100|[from] item: Life Orb\n|move|p2a: Don|Wave Crash|p1a: Ursaluna\n|-damage|p1a: Ursaluna|0 fnt\n|faint|p1a: Ursaluna\n|-damage|p2a: Don|3\/100|[from] Recoil\n|move|p2b: Oranguru|Trick Room|p2b: Oranguru\n|-fieldstart|move: Trick Room|[of] p2b: Oranguru\n|\n|-weather|RainDance|[upkeep]\n|upkeep\n|\n|t:|1728653886\n|switch|p1a: Archaludon|Archaludon, L50, M, shiny|100\/100\n|turn|4\n|inactive|Lmaeso23 has 30 seconds left.\n|\n|t:|1728653917\n|move|p2a: Don|Rest|p2a: Don\n|-status|p2a: Don|slp|[from] move: Rest\n|-heal|p2a: Don|100\/100 slp|[silent]\n|-enditem|p2a: Don|Chesto Berry|[eat]\n|-curestatus|p2a: Don|slp|[msg]\n|move|p2b: Oranguru|Expanding Force|p1b: Pelipper|[spread] p1a,p1b\n|-resisted|p1a: Archaludon\n|-damage|p1a: Archaludon|87\/100\n|-damage|p1b: Pelipper|38\/100\n|-ability|p1a: Archaludon|Stamina|boost\n|-boost|p1a: Archaludon|def|1\n|move|p1a: Archaludon|Electro Shot||[still]\n|-prepare|p1a: Archaludon|Electro Shot\n|-boost|p1a: Archaludon|spa|1\n|-anim|p1a: Archaludon|Electro Shot|p2b: Oranguru\n|-damage|p2b: Oranguru|0 fnt\n|faint|p2b: Oranguru\n|move|p1b: Pelipper|Hurricane|p2a: Don\n|-damage|p2a: Don|70\/100\n|\n|-weather|RainDance|[upkeep]\n|upkeep\n|\n|t:|1728653937\n|switch|p2b: Ursito|Ursaluna, L50, M, shiny|100\/100 brn\n|turn|5\n|\n|t:|1728653954\n|move|p2b: Ursito|Headlong Rush|p1a: Archaludon\n|-supereffective|p1a: Archaludon\n|-damage|p1a: Archaludon|0 fnt\n|-unboost|p2b: Ursito|def|1\n|-unboost|p2b: Ursito|spd|1\n|faint|p1a: Archaludon\n|move|p2a: Don|Wave Crash|p1b: Pelipper\n|-resisted|p1b: Pelipper\n|-damage|p1b: Pelipper|0 fnt\n|faint|p1b: Pelipper\n|-damage|p2a: Don|63\/100|[from] Recoil\n|\n|win|Lmaeso23\n|raw|simreaper's rating: 1760 &rarr; <strong>1736<\/strong><br \/>(-24 for losing)\n|raw|Lmaeso23's rating: 1698 &rarr; <strong>1722<\/strong><br \/>(+24 for winning)\n|l|\u2606simreaper\n|player|p1|\n","uploadtime":1728654160,"views":17,"formatid":"gen9vgc2024regh","rating":1722,"private":0,"password":null}