{"id":"gen9vgc2024regh-2220154512","format":"[Gen 9] VGC 2024 Reg H","players":["actuary97","Spakoss tutto"],"log":"|j|\u2606actuary97\n|j|\u2606Spakoss tutto\n|t:|1728580743\n|gametype|doubles\n|player|p1|actuary97|sabrina-frlg|1750\n|player|p2|Spakoss tutto|2|1699\n|teamsize|p1|6\n|teamsize|p2|6\n|gen|9\n|tier|[Gen 9] VGC 2024 Reg H\n|rated|\n|rule|Species Clause: Limit one of each Pok\u00e9mon\n|rule|Item Clause: Limit 1 of each item\n|clearpoke\n|poke|p1|Incineroar, L50, M|\n|poke|p1|Whimsicott, L50, F|\n|poke|p1|Gallade, L50, M|\n|poke|p1|Malamar, L50, F|\n|poke|p1|Indeedee, L50, M|\n|poke|p1|Archaludon, L50, F|\n|poke|p2|Dragonite, L50, M|\n|poke|p2|Gholdengo, L50|\n|poke|p2|Incineroar, L50, F|\n|poke|p2|Rillaboom, L50, F|\n|poke|p2|Sneasler, L50, F|\n|poke|p2|Gastrodon, L50, M|\n|teampreview|4\nactuary97 has agreed to open team sheets.\n|inactive|Battle timer is ON: inactive players will automatically lose when time's up. (requested by Spakoss tutto)\n|\n|t:|1728580784\n|start\n|switch|p1a: Mischief Mother|Whimsicott, L50, F, shiny|100\/100\n|switch|p1b: Incineroar|Incineroar, L50, M, shiny|100\/100\n|switch|p2a: Gholdengo|Gholdengo, L50|100\/100\n|switch|p2b: Dragonite|Dragonite, L50, M|100\/100\n|-ability|p1b: Incineroar|Intimidate|boost\n|-unboost|p2a: Gholdengo|atk|1\n|-unboost|p2b: Dragonite|atk|1\n|turn|1\n|\n|t:|1728580801\n|-terastallize|p2a: Gholdengo|Steel\n|move|p1a: Mischief Mother|Tailwind|p1a: Mischief Mother\n|-sidestart|p1: actuary97|move: Tailwind\n|move|p2a: Gholdengo|Make It Rain|p1b: Incineroar|[spread] p1a,p1b\n|-supereffective|p1a: Mischief Mother\n|-resisted|p1b: Incineroar\n|-enditem|p1a: Mischief Mother|Focus Sash\n|-damage|p1a: Mischief Mother|1\/100\n|-damage|p1b: Incineroar|70\/100\n|-unboost|p2a: Gholdengo|spa|1\n|move|p1b: Incineroar|Flare Blitz|p2a: Gholdengo\n|-supereffective|p2a: Gholdengo\n|-damage|p2a: Gholdengo|0 fnt\n|faint|p2a: Gholdengo\n|-damage|p1b: Incineroar|42\/100|[from] Recoil\n|move|p2b: Dragonite|Scale Shot|p1b: Incineroar\n|-damage|p1b: Incineroar|32\/100\n|-damage|p1b: Incineroar|23\/100\n|-damage|p1b: Incineroar|13\/100\n|-damage|p1b: Incineroar|2\/100\n|-hitcount|p1b: Incineroar|4\n|-unboost|p2b: Dragonite|def|1\n|-boost|p2b: Dragonite|spe|1\n|\n|upkeep\n|c|\u2606actuary97|scarf???\n|\n|t:|1728580818\n|switch|p2a: Incineroar|Incineroar, L50, F|100\/100\n|-ability|p2a: Incineroar|Intimidate|boost\n|-unboost|p1a: Mischief Mother|atk|1\n|-unboost|p1b: Incineroar|atk|1\n|turn|2\n|inactive|Spakoss tutto has 30 seconds left.\n|\n|t:|1728580849\n|switch|p1b: Bridget|Archaludon, L50, F, shiny|100\/100\n|-terastallize|p1a: Mischief Mother|Ghost\n|move|p2a: Incineroar|Fake Out|p1b: Bridget\n|-resisted|p1b: Bridget\n|-damage|p1b: Bridget|96\/100\n|-ability|p1b: Bridget|Stamina|boost\n|-boost|p1b: Bridget|def|1\n|move|p1a: Mischief Mother|Moonblast|p2b: Dragonite\n|-supereffective|p2b: Dragonite\n|-damage|p2b: Dragonite|63\/100\n|move|p2b: Dragonite|Scale Shot|p1b: Bridget\n|-damage|p1b: Bridget|91\/100\n|-ability|p1b: Bridget|Stamina|boost\n|-boost|p1b: Bridget|def|1\n|-damage|p1b: Bridget|88\/100\n|-ability|p1b: Bridget|Stamina|boost\n|-boost|p1b: Bridget|def|1\n|-damage|p1b: Bridget|85\/100\n|-ability|p1b: Bridget|Stamina|boost\n|-boost|p1b: Bridget|def|1\n|-damage|p1b: Bridget|82\/100\n|-ability|p1b: Bridget|Stamina|boost\n|-boost|p1b: Bridget|def|1\n|-damage|p1b: Bridget|80\/100\n|-ability|p1b: Bridget|Stamina|boost\n|-boost|p1b: Bridget|def|1\n|-hitcount|p1b: Bridget|5\n|-unboost|p2b: Dragonite|def|1\n|-boost|p2b: Dragonite|spe|1\n|\n|upkeep\n|turn|3\n|inactive|Spakoss tutto has 30 seconds left.\n|inactive|Spakoss tutto has 20 seconds left.\n|inactive|Spakoss tutto has 15 seconds left.\n|inactive|Spakoss tutto has 10 seconds left.\n|\n|t:|1728580894\n|move|p2b: Dragonite|Protect|p2b: Dragonite\n|-singleturn|p2b: Dragonite|Protect\n|move|p1a: Mischief Mother|Moonblast|p2b: Dragonite\n|-activate|p2b: Dragonite|move: Protect\n|move|p1b: Bridget|Body Press|p2a: Incineroar\n|-supereffective|p2a: Incineroar\n|-damage|p2a: Incineroar|0 fnt\n|faint|p2a: Incineroar\n|\n|upkeep\n|\n|t:|1728580901\n|switch|p2a: Gastrodon|Gastrodon, L50, M|100\/100\n|turn|4\n|\n|t:|1728580909\n|move|p2b: Dragonite|Protect|p2b: Dragonite\n|-singleturn|p2b: Dragonite|Protect\n|move|p1a: Mischief Mother|Moonblast|p2b: Dragonite\n|-activate|p2b: Dragonite|move: Protect\n|move|p1b: Bridget|Body Press|p2a: Gastrodon\n|-damage|p2a: Gastrodon|17\/100\n|move|p2a: Gastrodon|Ice Beam|p1a: Mischief Mother\n|-damage|p1a: Mischief Mother|0 fnt\n|faint|p1a: Mischief Mother\n|\n|-heal|p2a: Gastrodon|23\/100|[from] item: Leftovers\n|-sideend|p1: actuary97|move: Tailwind\n|upkeep\n|\n|t:|1728580913\n|switch|p1a: Incineroar|Incineroar, L50, M, shiny|2\/100\n|-ability|p1a: Incineroar|Intimidate|boost\n|-unboost|p2a: Gastrodon|atk|1\n|-unboost|p2b: Dragonite|atk|1\n|turn|5\n|\n|t:|1728580933\n|move|p2b: Dragonite|Extreme Speed|p1a: Incineroar\n|-damage|p1a: Incineroar|0 fnt\n|faint|p1a: Incineroar\n|move|p1b: Bridget|Body Press|p2a: Gastrodon\n|-damage|p2a: Gastrodon|0 fnt\n|faint|p2a: Gastrodon\n|\n|upkeep\n|\n|t:|1728580936\n|switch|p1a: \u2694\ufe0fKing\u2694\ufe0f|Gallade, L50, M, shiny|100\/100\n|turn|6\n|\n|t:|1728580941\n|move|p2b: Dragonite|Scale Shot|p1a: \u2694\ufe0fKing\u2694\ufe0f\n|-damage|p1a: \u2694\ufe0fKing\u2694\ufe0f|87\/100\n|-damage|p1a: \u2694\ufe0fKing\u2694\ufe0f|74\/100\n|-damage|p1a: \u2694\ufe0fKing\u2694\ufe0f|61\/100\n|-damage|p1a: \u2694\ufe0fKing\u2694\ufe0f|48\/100\n|-hitcount|p1a: \u2694\ufe0fKing\u2694\ufe0f|4\n|-unboost|p2b: Dragonite|def|1\n|-boost|p2b: Dragonite|spe|1\n|move|p1a: \u2694\ufe0fKing\u2694\ufe0f|Psycho Cut|p2b: Dragonite\n|-crit|p2b: Dragonite\n|-damage|p2b: Dragonite|0 fnt\n|faint|p2b: Dragonite\n|\n|win|actuary97\n|raw|actuary97's rating: 1750 &rarr; <strong>1767<\/strong><br \/>(+17 for winning)\n|raw|Spakoss tutto's rating: 1699 &rarr; <strong>1682<\/strong><br \/>(-17 for losing)\n|l|\u2606Spakoss tutto\n|player|p2|\n|l|\u2606actuary97\n|player|p1|\n","uploadtime":1728581202,"views":17,"formatid":"gen9vgc2024regh","rating":1682,"private":0,"password":null}