{"id":"gen9vgc2024regh-2220548158","format":"[Gen 9] VGC 2024 Reg H","players":["tatch_9","bigbadbirdvgc"],"log":"|j|\u2606tatch_9\n|j|\u2606bigbadbirdvgc\n|t:|1728626708\n|gametype|doubles\n|player|p1|tatch_9|2|1717\n|player|p2|bigbadbirdvgc|102|1726\n|teamsize|p1|6\n|teamsize|p2|6\n|gen|9\n|tier|[Gen 9] VGC 2024 Reg H\n|rated|\n|rule|Species Clause: Limit one of each Pok\u00e9mon\n|rule|Item Clause: Limit 1 of each item\n|clearpoke\n|poke|p1|Volcarona, L50, M|\n|poke|p1|Indeedee, L50, M|\n|poke|p1|Sneasler, L50, F|\n|poke|p1|Tatsugiri, L50, M|\n|poke|p1|Dondozo, L50, F|\n|poke|p1|Grimmsnarl, L50, M|\n|poke|p2|Basculegion, L50, M|\n|poke|p2|Pelipper, L50, M|\n|poke|p2|Archaludon, L50, F|\n|poke|p2|Sinistcha, L50|\n|poke|p2|Farigiraf, L50, M|\n|poke|p2|Grimmsnarl, L50, M|\n|teampreview|4\n|inactive|Battle timer is ON: inactive players will automatically lose when time's up. (requested by tatch_9)\n|inactive|bigbadbirdvgc has 60 seconds left.\n|inactive|tatch_9 has 60 seconds left.\n|\n|t:|1728626758\n|start\n|switch|p1a: Sneasler|Sneasler, L50, F|100\/100\n|switch|p1b: Indeedee|Indeedee, L50, M|100\/100\n|switch|p2a: Grimmsnarl|Grimmsnarl, L50, M|100\/100\n|switch|p2b: Archaludon|Archaludon, L50, F|100\/100\n|-fieldstart|move: Psychic Terrain|[from] ability: Psychic Surge|[of] p1b: Indeedee\n|-enditem|p1a: Sneasler|Psychic Seed\n|-boost|p1a: Sneasler|spd|1|[from] item: Psychic Seed\n|turn|1\n|inactive|bigbadbirdvgc has 30 seconds left.\n|j| Johnnzen\n|inactive|bigbadbirdvgc has 20 seconds left.\n|inactive|bigbadbirdvgc has 15 seconds left.\n|inactive|bigbadbirdvgc has 10 seconds left.\n|\n|t:|1728626804\n|switch|p2b: Pelipper|Pelipper, L50, M|100\/100\n|-weather|RainDance|[from] ability: Drizzle|[of] p2b: Pelipper\n|move|p1a: Sneasler|Dire Claw|p2a: Grimmsnarl\n|-supereffective|p2a: Grimmsnarl\n|-damage|p2a: Grimmsnarl|23\/100\n|-status|p2a: Grimmsnarl|psn\n|move|p1b: Indeedee|Dazzling Gleam|p2b: Pelipper|[spread] p2a,p2b\n|-supereffective|p2a: Grimmsnarl\n|-damage|p2a: Grimmsnarl|0 fnt\n|-damage|p2b: Pelipper|70\/100\n|faint|p2a: Grimmsnarl\n|\n|-weather|RainDance|[upkeep]\n|upkeep\n|\n|t:|1728626821\n|switch|p2a: Sinistcha|Sinistcha, L50|100\/100\n|-heal|p2b: Pelipper|95\/100|[from] ability: Hospitality|[of] p2a: Sinistcha\n|turn|2\n|\n|t:|1728626837\n|move|p1a: Sneasler|Throat Chop|p2a: Sinistcha\n|-supereffective|p2a: Sinistcha\n|-damage|p2a: Sinistcha|52\/100\n|-start|p2a: Sinistcha|Throat Chop|[silent]\n|move|p1b: Indeedee|Dazzling Gleam|p2a: Sinistcha|[spread] p2a,p2b\n|-damage|p2a: Sinistcha|36\/100\n|-damage|p2b: Pelipper|60\/100\n|-enditem|p2a: Sinistcha|Sitrus Berry|[eat]\n|-heal|p2a: Sinistcha|61\/100|[from] item: Sitrus Berry\n|move|p2b: Pelipper|Hurricane|p1a: Sneasler\n|-supereffective|p1a: Sneasler\n|-damage|p1a: Sneasler|15\/100\n|move|p2a: Sinistcha|Matcha Gotcha|p1a: Sneasler|[spread] p1a,p1b\n|-resisted|p1a: Sneasler\n|-damage|p1a: Sneasler|5\/100\n|-heal|p2a: Sinistcha|65\/100|[from] drain|[of] p1a: Sneasler\n|-damage|p1b: Indeedee|71\/100\n|-heal|p2a: Sinistcha|78\/100|[from] drain|[of] p1b: Indeedee\n|-status|p1b: Indeedee|brn\n|\n|-weather|RainDance|[upkeep]\n|-damage|p1b: Indeedee|65\/100 brn|[from] brn\n|upkeep\n|turn|3\n|\n|t:|1728626861\n|move|p2b: Pelipper|Protect|p2b: Pelipper\n|-singleturn|p2b: Pelipper|Protect\n|move|p1a: Sneasler|Dire Claw|p2b: Pelipper\n|-activate|p2b: Pelipper|move: Protect\n|move|p1b: Indeedee|Dazzling Gleam|p2a: Sinistcha|[spread] p2a\n|-activate|p2b: Pelipper|move: Protect\n|-damage|p2a: Sinistcha|63\/100\n|move|p2a: Sinistcha|Trick Room|p2a: Sinistcha\n|-fieldstart|move: Trick Room|[of] p2a: Sinistcha\n|\n|-weather|RainDance|[upkeep]\n|-damage|p1b: Indeedee|59\/100 brn|[from] brn\n|-end|p2a: Sinistcha|Throat Chop|[silent]\n|upkeep\n|turn|4\n|\n|t:|1728626879\n|move|p1a: Sneasler|Protect|p1a: Sneasler\n|-singleturn|p1a: Sneasler|Protect\n|move|p2a: Sinistcha|Matcha Gotcha|p1a: Sneasler|[spread] \n|-activate|p1a: Sneasler|move: Protect\n|-miss|p2a: Sinistcha|p1b: Indeedee\n|move|p2b: Pelipper|Hurricane|p1b: Indeedee\n|-damage|p1b: Indeedee|0 fnt\n|faint|p1b: Indeedee\n|\n|-weather|RainDance|[upkeep]\n|upkeep\n|\n|t:|1728626887\n|switch|p1b: Dondozo|Dondozo, L50, F|100\/100\n|turn|5\n|\n|t:|1728626907\n|switch|p2b: Archaludon|Archaludon, L50, F|100\/100\n|switch|p1a: Tatsugiri|Tatsugiri, L50, M|100\/100\n|-activate|p1a: Tatsugiri|ability: Commander|[of] p1b: Dondozo\n|-boost|p1b: Dondozo|atk|2\n|-boost|p1b: Dondozo|spa|2\n|-boost|p1b: Dondozo|spe|2\n|-boost|p1b: Dondozo|def|2\n|-boost|p1b: Dondozo|spd|2\n|-terastallize|p1b: Dondozo|Steel\n|move|p2a: Sinistcha|Matcha Gotcha|p1b: Dondozo|[spread] \n|-miss|p2a: Sinistcha|p1a: Tatsugiri\n|-miss|p2a: Sinistcha|p1b: Dondozo\n|move|p1b: Dondozo|Heavy Slam|p2a: Sinistcha\n|-damage|p2a: Sinistcha|0 fnt\n|faint|p2a: Sinistcha\n|\n|-weather|none\n|-fieldend|move: Psychic Terrain\n|upkeep\n|\n|t:|1728626926\n|switch|p2a: Pelipper|Pelipper, L50, M|60\/100\n|-weather|RainDance|[from] ability: Drizzle|[of] p2a: Pelipper\n|turn|6\n|\n|t:|1728626935\n|move|p2b: Archaludon|Electro Shot||[still]\n|-prepare|p2b: Archaludon|Electro Shot\n|-boost|p2b: Archaludon|spa|1\n|-anim|p2b: Archaludon|Electro Shot|p1b: Dondozo\n|-damage|p1b: Dondozo|88\/100\n|move|p2a: Pelipper|Hurricane|p1b: Dondozo\n|-resisted|p1b: Dondozo\n|-damage|p1b: Dondozo|81\/100\n|move|p1b: Dondozo|Wave Crash|p2a: Pelipper\n|-resisted|p2a: Pelipper\n|-damage|p2a: Pelipper|0 fnt\n|faint|p2a: Pelipper\n|-damage|p1b: Dondozo|70\/100|[from] Recoil\n|\n|-weather|RainDance|[upkeep]\n|upkeep\n|turn|7\n|inactive|bigbadbirdvgc has 30 seconds left.\n|\n|t:|1728626962\n|move|p2b: Archaludon|Electro Shot||[still]\n|-prepare|p2b: Archaludon|Electro Shot\n|-boost|p2b: Archaludon|spa|1\n|-anim|p2b: Archaludon|Electro Shot|p1b: Dondozo\n|-damage|p1b: Dondozo|57\/100\n|move|p1b: Dondozo|Earthquake|p2b: Archaludon|[spread] p2b\n|-miss|p1b: Dondozo|p1a: Tatsugiri\n|-supereffective|p2b: Archaludon\n|-damage|p2b: Archaludon|40\/100\n|-ability|p2b: Archaludon|Stamina|boost\n|-boost|p2b: Archaludon|def|1\n|\n|-weather|RainDance|[upkeep]\n|-fieldend|move: Trick Room\n|upkeep\n|turn|8\n|-message|bigbadbirdvgc forfeited.\n|\n|win|tatch_9\n|raw|tatch_9's rating: 1717 &rarr; <strong>1738<\/strong><br \/>(+21 for winning)\n|raw|bigbadbirdvgc's rating: 1726 &rarr; <strong>1705<\/strong><br \/>(-21 for losing)\n|l|\u2606bigbadbirdvgc\n|player|p2|\n|l|\u2606tatch_9\n|player|p1|\n","uploadtime":1728627219,"views":27,"formatid":"gen9vgc2024regh","rating":1705,"private":0,"password":null}