{"id":"gen9vgc2024regh-2221941440","format":"[Gen 9] VGC 2024 Reg H","players":["Snorlax Double","DOU Test 9000"],"log":"|j|\u2606Snorlax Double\n|j|\u2606DOU Test 9000\n|t:|1728815249\n|gametype|doubles\n|player|p1|Snorlax Double|plasmagrunt|1653\n|player|p2|DOU Test 9000|pilot|1727\n|teamsize|p1|6\n|teamsize|p2|6\n|gen|9\n|tier|[Gen 9] VGC 2024 Reg H\n|rated|\n|rule|Species Clause: Limit one of each Pok\u00e9mon\n|rule|Item Clause: Limit 1 of each item\n|clearpoke\n|poke|p1|Sneasler, L50, F|\n|poke|p1|Dragapult, L50, F|\n|poke|p1|Primarina, L50, F|\n|poke|p1|Kingambit, L50, M|\n|poke|p1|Magmar, L50, M|\n|poke|p1|Rillaboom, L50, M|\n|poke|p2|Rotom-Wash, L50|\n|poke|p2|Meowscarada, L50, F|\n|poke|p2|Kingambit, L50, M|\n|poke|p2|Venusaur, L50, M|\n|poke|p2|Dragapult, L50, M|\n|poke|p2|Armarouge, L50, F|\n|teampreview|4\n|j| Leifemi\n|\n|t:|1728815329\n|start\n|switch|p1a: Magmar|Magmar, L50, M|100\/100\n|switch|p1b: Kingambit|Kingambit, L50, M|100\/100\n|switch|p2a: Rotom|Rotom-Wash, L50|100\/100\n|switch|p2b: Meowscarada|Meowscarada, L50, F|100\/100\n|turn|1\n|\n|t:|1728815349\n|move|p1b: Kingambit|Protect|p1b: Kingambit\n|-singleturn|p1b: Kingambit|Protect\n|move|p2b: Meowscarada|Knock Off|p1b: Kingambit\n|-activate|p1b: Kingambit|move: Protect\n|move|p2a: Rotom|Hydro Pump|p1b: Kingambit\n|-activate|p1b: Kingambit|move: Protect\n|move|p1a: Magmar|Will-O-Wisp|p2b: Meowscarada\n|-status|p2b: Meowscarada|brn\n|\n|-damage|p2b: Meowscarada|95\/100 brn|[from] brn\n|upkeep\n|turn|2\n|\n|t:|1728815366\n|switch|p1a: Rillaboom|Rillaboom, L50, M|100\/100\n|-fieldstart|move: Grassy Terrain|[from] ability: Grassy Surge|[of] p1a: Rillaboom\n|move|p2b: Meowscarada|Knock Off|p1a: Rillaboom\n|-damage|p1a: Rillaboom|77\/100\n|-enditem|p1a: Rillaboom|Assault Vest|[from] move: Knock Off|[of] p2b: Meowscarada\n|move|p2a: Rotom|Hydro Pump|p1a: Rillaboom\n|-resisted|p1a: Rillaboom\n|-damage|p1a: Rillaboom|52\/100\n|move|p1b: Kingambit|Kowtow Cleave|p2a: Rotom\n|-damage|p2a: Rotom|41\/100\n|\n|-heal|p2b: Meowscarada|100\/100 brn|[from] Grassy Terrain\n|-heal|p1a: Rillaboom|58\/100|[from] Grassy Terrain\n|-damage|p2b: Meowscarada|95\/100 brn|[from] brn\n|upkeep\n|turn|3\n|\n|t:|1728815388\n|switch|p2a: Kingambit|Kingambit, L50, M|100\/100\n|move|p2b: Meowscarada|Protect|p2b: Meowscarada\n|-singleturn|p2b: Meowscarada|Protect\n|move|p1a: Rillaboom|U-turn|p2b: Meowscarada\n|-activate|p2b: Meowscarada|move: Protect\n|move|p1b: Kingambit|Swords Dance|p1b: Kingambit\n|-boost|p1b: Kingambit|atk|2\n|\n|-heal|p2b: Meowscarada|100\/100 brn|[from] Grassy Terrain\n|-heal|p1a: Rillaboom|64\/100|[from] Grassy Terrain\n|-damage|p2b: Meowscarada|95\/100 brn|[from] brn\n|upkeep\n|turn|4\n|\n|t:|1728815401\n|move|p2b: Meowscarada|Low Sweep|p1a: Rillaboom\n|-damage|p1a: Rillaboom|55\/100\n|-unboost|p1a: Rillaboom|spe|1\n|move|p2a: Kingambit|Iron Head|p1a: Rillaboom\n|-damage|p1a: Rillaboom|9\/100\n|move|p1a: Rillaboom|U-turn|p2b: Meowscarada\n|-supereffective|p2b: Meowscarada\n|-damage|p2b: Meowscarada|0 fnt\n|faint|p2b: Meowscarada\n|\n|t:|1728815410\n|switch|p1a: Magmar|Magmar, L50, M|100\/100|[from] U-turn\n|move|p1b: Kingambit|Kowtow Cleave|p2a: Kingambit\n|-resisted|p2a: Kingambit\n|-damage|p2a: Kingambit|54\/100\n|\n|-heal|p2a: Kingambit|60\/100|[from] Grassy Terrain\n|upkeep\n|\n|t:|1728815418\n|switch|p2b: Armarouge|Armarouge, L50, F|100\/100\n|turn|5\n|\n|t:|1728815435\n|-terastallize|p2b: Armarouge|Fighting\n|move|p1b: Kingambit|Protect|p1b: Kingambit\n|-singleturn|p1b: Kingambit|Protect\n|move|p1a: Magmar|Overheat|p2a: Kingambit\n|-supereffective|p2a: Kingambit\n|-damage|p2a: Kingambit|0 fnt\n|-unboost|p1a: Magmar|spa|2\n|faint|p2a: Kingambit\n|move|p2b: Armarouge|Heat Wave|p1a: Magmar|[spread] p1a\n|-activate|p1b: Kingambit|move: Protect\n|-resisted|p1a: Magmar\n|-damage|p1a: Magmar|86\/100\n|\n|-heal|p1a: Magmar|92\/100|[from] Grassy Terrain\n|upkeep\n|\n|t:|1728815443\n|switch|p2a: Rotom|Rotom-Wash, L50|41\/100\n|turn|6\n|\n|t:|1728815474\n|move|p1a: Magmar|Follow Me|p1a: Magmar\n|-singleturn|p1a: Magmar|move: Follow Me\n|move|p2a: Rotom|Will-O-Wisp|p1a: Magmar\n|-immune|p1a: Magmar\n|move|p2b: Armarouge|Heat Wave|p1b: Kingambit|[spread] p1a,p1b\n|-resisted|p1a: Magmar\n|-supereffective|p1b: Kingambit\n|-damage|p1a: Magmar|80\/100\n|-damage|p1b: Kingambit|34\/100\n|move|p1b: Kingambit|Kowtow Cleave|p2b: Armarouge\n|-resisted|p2b: Armarouge\n|-damage|p2b: Armarouge|47\/100\n|-enditem|p2b: Armarouge|Sitrus Berry|[eat]\n|-heal|p2b: Armarouge|72\/100|[from] item: Sitrus Berry\n|\n|-heal|p1a: Magmar|86\/100|[from] Grassy Terrain\n|-heal|p2b: Armarouge|78\/100|[from] Grassy Terrain\n|-heal|p1b: Kingambit|40\/100|[from] Grassy Terrain\n|-fieldend|move: Grassy Terrain\n|upkeep\n|turn|7\n|\n|t:|1728815495\n|move|p1a: Magmar|Follow Me|p1a: Magmar\n|-singleturn|p1a: Magmar|move: Follow Me\n|move|p2a: Rotom|Hydro Pump|p1a: Magmar|[miss]\n|-miss|p2a: Rotom|p1a: Magmar\n|move|p2b: Armarouge|Heat Wave|p1b: Kingambit|[spread] p1a,p1b\n|-resisted|p1a: Magmar\n|-supereffective|p1b: Kingambit\n|-damage|p1a: Magmar|72\/100\n|-damage|p1b: Kingambit|0 fnt\n|faint|p1b: Kingambit\n|\n|upkeep\n|\n|t:|1728815503\n|switch|p1b: Rillaboom|Rillaboom, L50, M|9\/100\n|-fieldstart|move: Grassy Terrain|[from] ability: Grassy Surge|[of] p1b: Rillaboom\n|turn|8\n|\n|t:|1728815518\n|move|p1a: Magmar|Follow Me|p1a: Magmar\n|-singleturn|p1a: Magmar|move: Follow Me\n|move|p1b: Rillaboom|Grassy Glide|p2a: Rotom\n|-supereffective|p2a: Rotom\n|-damage|p2a: Rotom|0 fnt\n|faint|p2a: Rotom\n|move|p2b: Armarouge|Heat Wave|p1a: Magmar|[spread] p1a,p1b\n|-resisted|p1a: Magmar\n|-supereffective|p1b: Rillaboom\n|-damage|p1a: Magmar|60\/100\n|-damage|p1b: Rillaboom|0 fnt\n|faint|p1b: Rillaboom\n|\n|-heal|p1a: Magmar|66\/100|[from] Grassy Terrain\n|-heal|p2b: Armarouge|84\/100|[from] Grassy Terrain\n|upkeep\n|\n|t:|1728815525\n|switch|p1b: Dragapult|Dragapult, L50, F|100\/100\n|turn|9\n|\n|t:|1728815536\n|-terastallize|p1b: Dragapult|Dragon\n|move|p1a: Magmar|Follow Me|p1a: Magmar\n|-singleturn|p1a: Magmar|move: Follow Me\n|move|p1b: Dragapult|Outrage|p2b: Armarouge\n|-damage|p2b: Armarouge|0 fnt\n|faint|p2b: Armarouge\n|\n|win|Snorlax Double\n|raw|Snorlax Double's rating: 1653 &rarr; <strong>1677<\/strong><br \/>(+24 for winning)\n|raw|DOU Test 9000's rating: 1727 &rarr; <strong>1703<\/strong><br \/>(-24 for losing)\n|l|\u2606DOU Test 9000\n|player|p2|\n|l|\u2606Snorlax Double\n|player|p1|\n","uploadtime":1728815747,"views":11,"formatid":"gen9vgc2024regh","rating":1677,"private":0,"password":null}