{"id":"gen9vgc2024regh-2221549650","format":"[Gen 9] VGC 2024 Reg H","players":["nootellas","zakpaskal"],"log":"|j|\u2606nootellas\n|j|\u2606zakpaskal\n|t:|1728758248\n|gametype|doubles\n|player|p1|nootellas|iono|1683\n|player|p2|zakpaskal|102|1697\n|teamsize|p1|6\n|teamsize|p2|6\n|gen|9\n|tier|[Gen 9] VGC 2024 Reg H\n|rated|\n|rule|Species Clause: Limit one of each Pok\u00e9mon\n|rule|Item Clause: Limit 1 of each item\n|clearpoke\n|poke|p1|Goodra-Hisui, L50, F|\n|poke|p1|Zoroark-Hisui, L50, F|\n|poke|p1|Ninetales-Alola, L50, F|\n|poke|p1|Sylveon, L50, F|\n|poke|p1|Incineroar, L50, M|\n|poke|p1|Garchomp, L50, F|\n|poke|p2|Maushold-Four, L50|\n|poke|p2|Annihilape, L50, M|\n|poke|p2|Sneasler, L50, M|\n|poke|p2|Dragapult, L50, M|\n|poke|p2|Kingambit, L50, M|\n|poke|p2|Incineroar, L50, M|\n|teampreview|4\n|inactive|Battle timer is ON: inactive players will automatically lose when time's up. (requested by zakpaskal)\n|\n|t:|1728758281\n|start\n|switch|p1a: tam gandr|Goodra-Hisui, L50, F, shiny|100\/100\n|switch|p1b: konata izumi|Ninetales-Alola, L50, F, shiny|100\/100\n|switch|p2a: Maushold|Maushold-Four, L50|100\/100\n|switch|p2b: Annihilape|Annihilape, L50, M|100\/100\n|-weather|Snow|[from] ability: Snow Warning|[of] p1b: konata izumi\n|turn|1\n|inactive|zakpaskal has 30 seconds left.\n|inactive|zakpaskal has 20 seconds left.\n|\n|t:|1728758319\n|-terastallize|p2b: Annihilape|Water\n|move|p2a: Maushold|Taunt|p1a: tam gandr\n|-start|p1a: tam gandr|move: Taunt\n|move|p1b: konata izumi|Aurora Veil|p1b: konata izumi\n|-sidestart|p1: nootellas|move: Aurora Veil\n|move|p1a: tam gandr|Hyper Voice|p2b: Annihilape|[spread] p2a,p2b\n|-damage|p2a: Maushold|32\/100\n|-damage|p2b: Annihilape|62\/100\n|move|p2b: Annihilape|Bulk Up|p2b: Annihilape\n|-boost|p2b: Annihilape|atk|1\n|-boost|p2b: Annihilape|def|1\n|\n|-weather|Snow|[upkeep]\n|-heal|p2b: Annihilape|68\/100|[from] item: Leftovers\n|upkeep\n|turn|2\n|\n|t:|1728758342\n|move|p2a: Maushold|Protect|p2a: Maushold\n|-singleturn|p2a: Maushold|Protect\n|move|p1b: konata izumi|Encore|p2b: Annihilape\n|-start|p2b: Annihilape|Encore\n|move|p1a: tam gandr|Hyper Voice|p2a: Maushold|[spread] p2b\n|-activate|p2a: Maushold|move: Protect\n|-damage|p2b: Annihilape|32\/100\n|move|p2b: Annihilape|Bulk Up|p2b: Annihilape\n|-boost|p2b: Annihilape|atk|1\n|-boost|p2b: Annihilape|def|1\n|\n|-weather|Snow|[upkeep]\n|-heal|p2b: Annihilape|38\/100|[from] item: Leftovers\n|upkeep\n|turn|3\n|inactive|nootellas has 30 seconds left.\n|\n|t:|1728758368\n|switch|p2a: Kingambit|Kingambit, L50, M|100\/100\n|switch|p1b: tam gandr|Goodra-Hisui, L50, F, shiny|100\/100\n|switch|p2b: Incineroar|Incineroar, L50, M|100\/100\n|-ability|p2b: Incineroar|Intimidate|boost\n|-unboost|p1a: tam gandr|atk|1\n|-unboost|p1b: tam gandr|atk|1\n|move|p1a: tam gandr|Hyper Voice|p2a: Kingambit|[spread] p2a,p2b\n|-resisted|p2a: Kingambit\n|-damage|p2a: Kingambit|72\/100\n|-damage|p2b: Incineroar|65\/100\n|\n|-weather|Snow|[upkeep]\n|-end|p1a: tam gandr|move: Taunt\n|upkeep\n|turn|4\n|inactive|nootellas has 30 seconds left.\n|\n|t:|1728758398\n|switch|p1a: konata izumi|Ninetales-Alola, L50, F, shiny|100\/100\n|move|p2b: Incineroar|Fake Out|p1b: tam gandr\n|-resisted|p1b: tam gandr\n|-damage|p1b: tam gandr|97\/100\n|cant|p1b: tam gandr|flinch\n|move|p2a: Kingambit|Kowtow Cleave|p1a: konata izumi\n|-resisted|p1a: konata izumi\n|-damage|p1a: konata izumi|82\/100\n|-damage|p2a: Kingambit|62\/100|[from] item: Life Orb\n|\n|-weather|Snow|[upkeep]\n|-heal|p1b: tam gandr|100\/100|[from] item: Leftovers\n|upkeep\n|turn|5\n|\n|t:|1728758410\n|move|p1a: konata izumi|Encore|p2b: Incineroar\n|-start|p2b: Incineroar|Encore\n|move|p1b: tam gandr|Acid Armor|p1b: tam gandr\n|-boost|p1b: tam gandr|def|2\n|move|p2b: Incineroar|Fake Out||[still]\n|-hint|Fake Out only works on your first turn out.\n|-fail|p2b: Incineroar\n|move|p2a: Kingambit|Iron Head|p1a: konata izumi\n|-supereffective|p1a: konata izumi\n|-damage|p1a: konata izumi|0 fnt\n|faint|p1a: konata izumi\n|-damage|p2a: Kingambit|52\/100|[from] item: Life Orb\n|\n|-weather|none\n|upkeep\n|\n|t:|1728758429\n|switch|p1a: gonathan g|Incineroar, L50, M, shiny|100\/100\n|-ability|p1a: gonathan g|Intimidate|boost\n|-unboost|p2a: Kingambit|atk|1\n|-ability|p2a: Kingambit|Defiant|boost\n|-boost|p2a: Kingambit|atk|2\n|-unboost|p2b: Incineroar|atk|1\n|turn|6\n|\n|t:|1728758437\n|switch|p2b: Maushold|Maushold-Four, L50|32\/100\n|move|p2a: Kingambit|Protect|p2a: Kingambit\n|-singleturn|p2a: Kingambit|Protect\n|move|p1a: gonathan g|Fake Out|p2a: Kingambit\n|-activate|p2a: Kingambit|move: Protect\n|move|p1b: tam gandr|Acid Armor|p1b: tam gandr\n|-boost|p1b: tam gandr|def|2\n|\n|upkeep\n|turn|7\n|\n|t:|1728758454\n|move|p2b: Maushold|Taunt|p1b: tam gandr\n|-start|p1b: tam gandr|move: Taunt\n|move|p1b: tam gandr|Body Press|p2a: Kingambit\n|-supereffective|p2a: Kingambit\n|-crit|p2a: Kingambit\n|-damage|p2a: Kingambit|0 fnt\n|faint|p2a: Kingambit\n|move|p1a: gonathan g|Knock Off|p2b: Maushold\n|-damage|p2b: Maushold|0 fnt\n|-enditem|p2b: Maushold|Safety Goggles|[from] move: Knock Off|[of] p1a: gonathan g\n|faint|p2b: Maushold\n|\n|upkeep\n|\n|t:|1728758461\n|switch|p2b: Incineroar|Incineroar, L50, M|65\/100\n|switch|p2a: Annihilape|Annihilape, L50, M, tera:Water|38\/100\n|-ability|p2b: Incineroar|Intimidate|boost\n|-unboost|p1a: gonathan g|atk|1\n|-unboost|p1b: tam gandr|atk|1\n|turn|8\n|\n|t:|1728758472\n|move|p2b: Incineroar|Fake Out|p1b: tam gandr\n|-resisted|p1b: tam gandr\n|-damage|p1b: tam gandr|99\/100\n|move|p2a: Annihilape|Drain Punch|p1a: gonathan g\n|-supereffective|p1a: gonathan g\n|-damage|p1a: gonathan g|58\/100\n|-heal|p2a: Annihilape|59\/100|[from] drain|[of] p1a: gonathan g\n|cant|p1b: tam gandr|flinch\n|move|p1a: gonathan g|Parting Shot|p2b: Incineroar\n|-unboost|p2b: Incineroar|atk|1\n|-unboost|p2b: Incineroar|spa|1\n|\n|t:|1728758475\n|switch|p1a: gonathan g|Incineroar, L50, M, shiny|100\/100|[from] Parting Shot\n|\n|-heal|p2a: Annihilape|65\/100|[from] item: Leftovers\n|-heal|p1b: tam gandr|100\/100|[from] item: Leftovers\n|-sideend|p1: nootellas|move: Aurora Veil\n|upkeep\n|turn|9\n|inactive|nootellas has 30 seconds left.\n|\n|t:|1728758503\n|switch|p1a: gonathan g|Incineroar, L50, M, shiny|58\/100\n|-ability|p1a: gonathan g|Intimidate|boost\n|-unboost|p2a: Annihilape|atk|1\n|-ability|p2a: Annihilape|Defiant|boost\n|-boost|p2a: Annihilape|atk|2\n|-unboost|p2b: Incineroar|atk|1\n|move|p2a: Annihilape|Protect|p2a: Annihilape\n|-singleturn|p2a: Annihilape|Protect\n|move|p1b: tam gandr|Body Press|p2b: Incineroar\n|-supereffective|p2b: Incineroar\n|-damage|p2b: Incineroar|0 fnt\n|faint|p2b: Incineroar\n|\n|-heal|p2a: Annihilape|71\/100|[from] item: Leftovers\n|-end|p1b: tam gandr|move: Taunt\n|upkeep\n|turn|10\n|\n|t:|1728758516\n|move|p1a: gonathan g|Fake Out|p2a: Annihilape\n|-damage|p2a: Annihilape|57\/100\n|cant|p2a: Annihilape|flinch\n|move|p1b: tam gandr|Body Press|p2a: Annihilape\n|-damage|p2a: Annihilape|0 fnt\n|faint|p2a: Annihilape\n|\n|win|nootellas\n|raw|nootellas's rating: 1683 &rarr; <strong>1704<\/strong><br \/>(+21 for winning)\n|raw|zakpaskal's rating: 1697 &rarr; <strong>1676<\/strong><br \/>(-21 for losing)\n|l|\u2606zakpaskal\n|player|p2|\n|l|\u2606nootellas\n|player|p1|\n","uploadtime":1728758742,"views":13,"formatid":"gen9vgc2024regh","rating":1676,"private":0,"password":null}