{"id":"gen9vgc2024regh-2221101266","format":"[Gen 9] VGC 2024 Reg H","players":["tonidge","Stepped_On"],"log":"|j|\u2606tonidge\n|j|\u2606Stepped_On\n|t:|1728692107\n|gametype|doubles\n|player|p1|tonidge|gardenia|1656\n|player|p2|Stepped_On|unknown|1699\n|teamsize|p1|6\n|teamsize|p2|6\n|gen|9\n|tier|[Gen 9] VGC 2024 Reg H\n|rated|\n|rule|Species Clause: Limit one of each Pok\u00e9mon\n|rule|Item Clause: Limit 1 of each item\n|clearpoke\n|poke|p1|Dondozo, L50, F|\n|poke|p1|Weezing-Galar, L50, M|\n|poke|p1|Tatsugiri-Stretchy, L50, M|\n|poke|p1|Dragapult, L50, F|\n|poke|p1|Rillaboom, L50, M|\n|poke|p1|Toedscruel, L50, F|\n|poke|p2|Ceruledge, L50, F|\n|poke|p2|Primarina, L50, F|\n|poke|p2|Rillaboom, L50, M|\n|poke|p2|Kingambit, L50, M|\n|poke|p2|Sneasler, L50, F|\n|poke|p2|Farigiraf, L50, M|\n|teampreview|4\n|inactive|Battle timer is ON: inactive players will automatically lose when time's up. (requested by Stepped_On)\n|\n|t:|1728692128\n|start\n|switch|p1a: Baron Vlad|Weezing-Galar, L50, M, shiny|100\/100\n|switch|p1b: Stilgar|Rillaboom, L50, M, shiny|100\/100\n|switch|p2a: Rillaboom|Rillaboom, L50, M|100\/100\n|switch|p2b: Farigiraf|Farigiraf, L50, M|100\/100\n|-ability|p1a: Baron Vlad|Neutralizing Gas\n|turn|1\n|\n|t:|1728692143\n|move|p2a: Rillaboom|Fake Out|p1a: Baron Vlad\n|-damage|p1a: Baron Vlad|86\/100\n|move|p1b: Stilgar|Fake Out|p2b: Farigiraf\n|-damage|p2b: Farigiraf|87\/100\n|cant|p1a: Baron Vlad|flinch\n|cant|p2b: Farigiraf|flinch\n|\n|upkeep\n|turn|2\n|c|\u2606tonidge|\ud83e\udd1d\n|inactive|tonidge has 30 seconds left.\n|\n|t:|1728692170\n|switch|p2b: Kingambit|Kingambit, L50, M|100\/100\n|-terastallize|p1b: Stilgar|Dark\n|move|p1a: Baron Vlad|Sludge Bomb|p2a: Rillaboom\n|-supereffective|p2a: Rillaboom\n|-damage|p2a: Rillaboom|34\/100\n|-status|p2a: Rillaboom|psn\n|-damage|p1a: Baron Vlad|76\/100|[from] item: Life Orb\n|move|p2a: Rillaboom|U-turn|p1b: Stilgar\n|-supereffective|p1b: Stilgar\n|-damage|p1b: Stilgar|53\/100\n|\n|t:|1728692182\n|switch|p2a: Farigiraf|Farigiraf, L50, M|87\/100|[from] U-turn\n|move|p1b: Stilgar|Knock Off|p2b: Kingambit\n|-resisted|p2b: Kingambit\n|-damage|p2b: Kingambit|78\/100\n|-enditem|p2b: Kingambit|Black Glasses|[from] move: Knock Off|[of] p1b: Stilgar\n|\n|upkeep\n|turn|3\n|j| number86\n|\n|t:|1728692194\n|-terastallize|p2a: Farigiraf|Water\n|move|p1a: Baron Vlad|Taunt|p2a: Farigiraf\n|-start|p2a: Farigiraf|move: Taunt\n|move|p1b: Stilgar|Low Kick|p2b: Kingambit\n|-supereffective|p2b: Kingambit\n|-crit|p2b: Kingambit\n|-damage|p2b: Kingambit|0 fnt\n|faint|p2b: Kingambit\n|cant|p2a: Farigiraf|move: Taunt|Trick Room\n|\n|upkeep\n|\n|t:|1728692205\n|switch|p2b: Sneasler|Sneasler, L50, F|100\/100\n|turn|4\n|l| number86\n|\n|t:|1728692223\n|-end|p1a: Baron Vlad|ability: Neutralizing Gas\n|-fieldstart|move: Grassy Terrain|[from] ability: Grassy Surge|[of] p1b: Stilgar\n|-enditem|p2b: Sneasler|Grassy Seed\n|-boost|p2b: Sneasler|def|1|[from] item: Grassy Seed\n|switch|p1a: Shai-Hulud|Dondozo, L50, F, shiny|100\/100\n|move|p1b: Stilgar|Grassy Glide||[still]\n|cant|p2a: Farigiraf|ability: Armor Tail|Grassy Glide|[of] p1b: Stilgar\n|move|p2b: Sneasler|Close Combat|p1b: Stilgar\n|-supereffective|p1b: Stilgar\n|-damage|p1b: Stilgar|0 fnt\n|-unboost|p2b: Sneasler|def|1\n|-unboost|p2b: Sneasler|spd|1\n|faint|p1b: Stilgar\n|move|p2a: Farigiraf|Psychic|p1a: Shai-Hulud\n|-damage|p1a: Shai-Hulud|64\/100\n|\n|-heal|p2a: Farigiraf|93\/100|[from] Grassy Terrain\n|-heal|p1a: Shai-Hulud|70\/100|[from] Grassy Terrain\n|-heal|p1a: Shai-Hulud|76\/100|[from] item: Leftovers\n|upkeep\n|\n|t:|1728692239\n|switch|p1b: Muad'Dib|Tatsugiri-Stretchy, L50, M, shiny|100\/100\n|-activate|p1b: Muad'Dib|ability: Commander|[of] p1a: Shai-Hulud\n|-boost|p1a: Shai-Hulud|atk|2\n|-boost|p1a: Shai-Hulud|spa|2\n|-boost|p1a: Shai-Hulud|spe|2\n|-boost|p1a: Shai-Hulud|def|2\n|-boost|p1a: Shai-Hulud|spd|2\n|turn|5\n|\n|t:|1728692258\n|move|p2b: Sneasler|Dire Claw|p1a: Shai-Hulud\n|-damage|p1a: Shai-Hulud|63\/100\n|-status|p1a: Shai-Hulud|par\n|move|p2a: Farigiraf|Psychic|p1a: Shai-Hulud\n|-damage|p1a: Shai-Hulud|44\/100 par\n|move|p1a: Shai-Hulud|Heavy Slam|p2b: Sneasler\n|-damage|p2b: Sneasler|0 fnt\n|faint|p2b: Sneasler\n|\n|-heal|p2a: Farigiraf|99\/100|[from] Grassy Terrain\n|-heal|p1a: Shai-Hulud|50\/100 par|[from] Grassy Terrain\n|-heal|p1a: Shai-Hulud|56\/100 par|[from] item: Leftovers\n|-end|p2a: Farigiraf|move: Taunt\n|upkeep\n|\n|t:|1728692268\n|switch|p2b: Rillaboom|Rillaboom, L50, M|34\/100 psn\n|turn|6\n|\n|t:|1728692277\n|cant|p1a: Shai-Hulud|par\n|move|p2b: Rillaboom|Wood Hammer|p1a: Shai-Hulud\n|-supereffective|p1a: Shai-Hulud\n|-damage|p1a: Shai-Hulud|5\/100 par\n|-damage|p2b: Rillaboom|12\/100 psn|[from] Recoil\n|move|p2a: Farigiraf|Psychic|p1a: Shai-Hulud\n|-damage|p1a: Shai-Hulud|0 fnt\n|faint|p1a: Shai-Hulud\n|\n|-heal|p2b: Rillaboom|18\/100 psn|[from] Grassy Terrain\n|-heal|p2a: Farigiraf|100\/100|[from] Grassy Terrain\n|-damage|p2b: Rillaboom|6\/100 psn|[from] psn\n|upkeep\n|\n|t:|1728692293\n|switch|p1a: Baron Vlad|Weezing-Galar, L50, M, shiny|76\/100\n|-ability|p1a: Baron Vlad|Neutralizing Gas\n|turn|7\n|\n|t:|1728692312\n|move|p2b: Rillaboom|Grassy Glide|p1b: Muad'Dib\n|-damage|p1b: Muad'Dib|33\/100\n|move|p1b: Muad'Dib|Draco Meteor|p2a: Farigiraf\n|-damage|p2a: Farigiraf|46\/100\n|-unboost|p1b: Muad'Dib|spa|2\n|move|p1a: Baron Vlad|Sludge Bomb|p2a: Farigiraf\n|-damage|p2a: Farigiraf|9\/100\n|-status|p2a: Farigiraf|psn\n|-damage|p1a: Baron Vlad|66\/100|[from] item: Life Orb\n|move|p2a: Farigiraf|Psychic|p1a: Baron Vlad\n|-supereffective|p1a: Baron Vlad\n|-damage|p1a: Baron Vlad|0 fnt\n|faint|p1a: Baron Vlad\n|-end|p1a: Baron Vlad|ability: Neutralizing Gas\n|\n|-heal|p1b: Muad'Dib|39\/100|[from] Grassy Terrain\n|-heal|p2b: Rillaboom|12\/100 psn|[from] Grassy Terrain\n|-heal|p2a: Farigiraf|15\/100 psn|[from] Grassy Terrain\n|-damage|p2b: Rillaboom|0 fnt|[from] psn\n|faint|p2b: Rillaboom\n|-damage|p2a: Farigiraf|2\/100 psn|[from] psn\n|upkeep\n|turn|8\n|\n|t:|1728692335\n|move|p1b: Muad'Dib|Draco Meteor|p2a: Farigiraf\n|-damage|p2a: Farigiraf|0 fnt\n|-unboost|p1b: Muad'Dib|spa|2\n|faint|p2a: Farigiraf\n|\n|win|tonidge\n|raw|tonidge's rating: 1656 &rarr; <strong>1678<\/strong><br \/>(+22 for winning)\n|raw|Stepped_On's rating: 1699 &rarr; <strong>1677<\/strong><br \/>(-22 for losing)\n","uploadtime":1728692359,"views":11,"formatid":"gen9vgc2024regh","rating":1677,"private":0,"password":null}