{"id":"gen9vgc2024regh-2221619008","format":"[Gen 9] VGC 2024 Reg H","players":["Kronicler","zugasteam"],"log":"|j|\u2606Kronicler\n|j|\u2606zugasteam\n|t:|1728766054\n|gametype|doubles\n|player|p1|Kronicler|yellow|1696\n|player|p2|zugasteam|169|1743\n|teamsize|p1|6\n|teamsize|p2|6\n|gen|9\n|tier|[Gen 9] VGC 2024 Reg H\n|rated|\n|rule|Species Clause: Limit one of each Pok\u00e9mon\n|rule|Item Clause: Limit 1 of each item\n|clearpoke\n|poke|p1|Gengar, L50, F|\n|poke|p1|Volcarona, L50, F|\n|poke|p1|Amoonguss, L50, F|\n|poke|p1|Bisharp, L50, M|\n|poke|p1|Primarina, L50, M|\n|poke|p1|Gothitelle, L50, M|\n|poke|p2|Archaludon, L50, F|\n|poke|p2|Incineroar, L50, F|\n|poke|p2|Pelipper, L50, F|\n|poke|p2|Amoonguss, L50, M|\n|poke|p2|Basculegion, L50, M|\n|poke|p2|Maushold, L50|\n|teampreview|4\n|j| whatsupbig\nKronicler rejected open team sheets.\n|inactive|Battle timer is ON: inactive players will automatically lose when time's up. (requested by Kronicler)\n|inactive|Kronicler has 60 seconds left.\n|\n|t:|1728766140\n|start\n|switch|p1a: Volcarona|Volcarona, L50, F|100\/100\n|switch|p1b: Gengar|Gengar, L50, F|100\/100\n|switch|p2a: Archaludon|Archaludon, L50, F|100\/100\n|switch|p2b: Maushold|Maushold, L50|100\/100\n|turn|1\n|\n|t:|1728766160\n|move|p2b: Maushold|Follow Me|p2b: Maushold\n|-singleturn|p2b: Maushold|move: Follow Me\n|move|p1b: Gengar|Icy Wind|p2b: Maushold|[spread] p2a,p2b\n|-damage|p2a: Archaludon|91\/100\n|-damage|p2b: Maushold|78\/100\n|-unboost|p2a: Archaludon|spe|1\n|-unboost|p2b: Maushold|spe|1\n|-ability|p2a: Archaludon|Stamina|boost\n|-boost|p2a: Archaludon|def|1\n|move|p1a: Volcarona|Heat Wave|p2a: Archaludon|[spread] p2a,p2b\n|-damage|p2a: Archaludon|55\/100\n|-damage|p2b: Maushold|9\/100\n|-ability|p2a: Archaludon|Stamina|boost\n|-boost|p2a: Archaludon|def|1\n|-damage|p1a: Volcarona|91\/100|[from] item: Life Orb\n|move|p2a: Archaludon|Electro Shot||[still]\n|-prepare|p2a: Archaludon|Electro Shot\n|-boost|p2a: Archaludon|spa|1\n|\n|upkeep\n|turn|2\n|\n|t:|1728766180\n|switch|p2b: Pelipper|Pelipper, L50, F|100\/100\n|-weather|RainDance|[from] ability: Drizzle|[of] p2b: Pelipper\n|-terastallize|p1a: Volcarona|Ground\n|move|p1b: Gengar|Acid Spray|p2b: Pelipper\n|-damage|p2b: Pelipper|65\/100\n|-unboost|p2b: Pelipper|spd|2\n|move|p1a: Volcarona|Tera Blast|p2a: Archaludon|[anim] Tera Blast Ground\n|-supereffective|p2a: Archaludon\n|-damage|p2a: Archaludon|0 fnt\n|faint|p2a: Archaludon\n|-damage|p1a: Volcarona|81\/100|[from] item: Life Orb\n|\n|-weather|RainDance|[upkeep]\n|upkeep\n|\n|t:|1728766191\n|switch|p2a: Basculegion|Basculegion, L50, M|100\/100\n|turn|3\n|\n|t:|1728766212\n|switch|p2b: Maushold|Maushold, L50|9\/100\n|-terastallize|p2a: Basculegion|Water\n|move|p2a: Basculegion|Last Respects|p1b: Gengar\n|-supereffective|p1b: Gengar\n|-enditem|p1b: Gengar|Focus Sash\n|-damage|p1b: Gengar|1\/100\n|move|p1b: Gengar|Shadow Ball|p2b: Maushold\n|-immune|p2b: Maushold\n|move|p1a: Volcarona|Bug Buzz|p2b: Maushold\n|-damage|p2b: Maushold|0 fnt\n|faint|p2b: Maushold\n|-damage|p1a: Volcarona|71\/100|[from] item: Life Orb\n|\n|-weather|RainDance|[upkeep]\n|upkeep\n|\n|t:|1728766220\n|switch|p2b: Pelipper|Pelipper, L50, F|65\/100\n|turn|4\n|\n|t:|1728766239\n|move|p2a: Basculegion|Last Respects|p1b: Gengar\n|-supereffective|p1b: Gengar\n|-damage|p1b: Gengar|0 fnt\n|-start|p2a: Basculegion|Disable|Last Respects|[from] ability: Cursed Body|[of] p1b: Gengar\n|faint|p1b: Gengar\n|move|p1a: Volcarona|Bug Buzz|p2b: Pelipper\n|-resisted|p2b: Pelipper\n|-damage|p2b: Pelipper|9\/100\n|-damage|p1a: Volcarona|61\/100|[from] item: Life Orb\n|move|p2b: Pelipper|Weather Ball|p1a: Volcarona\n|-supereffective|p1a: Volcarona\n|-damage|p1a: Volcarona|0 fnt\n|faint|p1a: Volcarona\n|\n|-weather|RainDance|[upkeep]\n|upkeep\n|\n|t:|1728766249\n|switch|p1b: Bisharp|Bisharp, L50, M|100\/100\n|switch|p1a: Amoonguss|Amoonguss, L50, F|100\/100\n|turn|5\n|\n|t:|1728766272\n|move|p2b: Pelipper|Protect|p2b: Pelipper\n|-singleturn|p2b: Pelipper|Protect\n|move|p1b: Bisharp|Sucker Punch||[still]\n|-fail|p1b: Bisharp\n|move|p2a: Basculegion|Wave Crash|p1b: Bisharp\n|-damage|p1b: Bisharp|0 fnt\n|faint|p1b: Bisharp\n|-damage|p2a: Basculegion|75\/100|[from] Recoil\n|move|p1a: Amoonguss|Sludge Bomb|p2b: Pelipper\n|-activate|p2b: Pelipper|move: Protect\n|\n|-weather|RainDance|[upkeep]\n|upkeep\n|turn|6\n|-message|Kronicler forfeited.\n|\n|win|zugasteam\n|raw|Kronicler's rating: 1696 &rarr; <strong>1679<\/strong><br \/>(-17 for losing)\n|raw|zugasteam's rating: 1743 &rarr; <strong>1760<\/strong><br \/>(+17 for winning)\n|l|\u2606Kronicler\n|player|p1|\n|l|\u2606zugasteam\n|player|p2|\n|l| whatsupbig\n","uploadtime":1728766423,"views":18,"formatid":"gen9vgc2024regh","rating":1679,"private":0,"password":null}