{"id":"gen9vgc2024regh-2221788065","format":"[Gen 9] VGC 2024 Reg H","players":["xielinzhan","SOLOLUMINEONING"],"log":"|j|\u2606xielinzhan\n|j|\u2606SOLOLUMINEONING\n|t:|1728787248\n|gametype|doubles\n|player|p1|xielinzhan|marley|1675\n|player|p2|SOLOLUMINEONING|magmasuit|1793\n|teamsize|p1|6\n|teamsize|p2|6\n|gen|9\n|tier|[Gen 9] VGC 2024 Reg H\n|rated|\n|rule|Species Clause: Limit one of each Pok\u00e9mon\n|rule|Item Clause: Limit 1 of each item\n|clearpoke\n|poke|p1|Dragapult, L50, F|\n|poke|p1|Sneasler, L50, F|\n|poke|p1|Primarina, L50, F|\n|poke|p1|Magmar, L50, F|\n|poke|p1|Kingambit, L50, F|\n|poke|p1|Rillaboom, L50, F|\n|poke|p2|Sneasler, L50, M|\n|poke|p2|Indeedee, L50, M|\n|poke|p2|Murkrow, L50, M|\n|poke|p2|Dragapult, L50, M|\n|poke|p2|Maushold, L50|\n|poke|p2|Delphox, L50, M|\n|teampreview|4\n|inactive|Battle timer is ON: inactive players will automatically lose when time's up. (requested by SOLOLUMINEONING)\n|inactive|xielinzhan has 60 seconds left.\n|inactive|SOLOLUMINEONING has 60 seconds left.\n|inactive|SOLOLUMINEONING has 30 seconds left.\n|inactive|SOLOLUMINEONING has 20 seconds left.\n|inactive|SOLOLUMINEONING has 15 seconds left.\n|\n|t:|1728787327\n|start\n|switch|p1a: Dragapult|Dragapult, L50, F|100\/100\n|switch|p1b: Magmar|Magmar, L50, F|100\/100\n|switch|p2a: Luis Carruthers|Murkrow, L50, M, shiny|100\/100\n|switch|p2b: Paul Allen|Sneasler, L50, M, shiny|100\/100\n|turn|1\n|\n|t:|1728787352\n|-terastallize|p1b: Magmar|Ghost\n|move|p2a: Luis Carruthers|Tailwind|p2a: Luis Carruthers\n|-sidestart|p2: SOLOLUMINEONING|move: Tailwind\n|move|p2b: Paul Allen|Throat Chop|p1a: Dragapult\n|-supereffective|p1a: Dragapult\n|-damage|p1a: Dragapult|11\/100\n|-start|p1a: Dragapult|Throat Chop|[silent]\n|move|p1a: Dragapult|U-turn|p2a: Luis Carruthers\n|-damage|p2a: Luis Carruthers|59\/100\n|\n|t:|1728787362\n|switch|p1a: Kingambit|Kingambit, L50, F|100\/100|[from] U-turn\n|move|p1b: Magmar|Will-O-Wisp|p2b: Paul Allen\n|-status|p2b: Paul Allen|brn\n|\n|-damage|p2b: Paul Allen|95\/100 brn|[from] brn\n|upkeep\n|turn|2\n|j| Therazer456\n|\n|t:|1728787378\n|move|p1b: Magmar|Protect|p1b: Magmar\n|-singleturn|p1b: Magmar|Protect\n|move|p2b: Paul Allen|Throat Chop|p1b: Magmar\n|-activate|p1b: Magmar|move: Protect\n|move|p2a: Luis Carruthers|Foul Play|p1a: Kingambit\n|-resisted|p1a: Kingambit\n|-damage|p1a: Kingambit|81\/100\n|move|p1a: Kingambit|Swords Dance|p1a: Kingambit\n|-boost|p1a: Kingambit|atk|2\n|\n|-damage|p2b: Paul Allen|89\/100 brn|[from] brn\n|upkeep\n|turn|3\n|\n|t:|1728787401\n|move|p1b: Magmar|Follow Me|p1b: Magmar\n|-singleturn|p1b: Magmar|move: Follow Me\n|move|p2a: Luis Carruthers|Haze|p2a: Luis Carruthers\n|-clearallboost\n|move|p2b: Paul Allen|Throat Chop|p1b: Magmar\n|-supereffective|p1b: Magmar\n|-damage|p1b: Magmar|75\/100\n|-start|p1b: Magmar|Throat Chop|[silent]\n|move|p1a: Kingambit|Kowtow Cleave|p2a: Luis Carruthers\n|-resisted|p2a: Luis Carruthers\n|-damage|p2a: Luis Carruthers|25\/100\n|\n|-damage|p2b: Paul Allen|83\/100 brn|[from] brn\n|upkeep\n|turn|4\n|inactive|SOLOLUMINEONING has 30 seconds left.\n|\n|t:|1728787430\n|move|p1b: Magmar|Follow Me|p1b: Magmar\n|-singleturn|p1b: Magmar|move: Follow Me\n|move|p2b: Paul Allen|Throat Chop|p1b: Magmar\n|-supereffective|p1b: Magmar\n|-damage|p1b: Magmar|51\/100\n|move|p2a: Luis Carruthers|Foul Play|p1b: Magmar\n|-supereffective|p1b: Magmar\n|-damage|p1b: Magmar|12\/100\n|move|p1a: Kingambit|Kowtow Cleave|p2a: Luis Carruthers\n|-resisted|p2a: Luis Carruthers\n|-damage|p2a: Luis Carruthers|0 fnt\n|faint|p2a: Luis Carruthers\n|\n|-damage|p2b: Paul Allen|77\/100 brn|[from] brn\n|-end|p1b: Magmar|Throat Chop|[silent]\n|-sideend|p2: SOLOLUMINEONING|move: Tailwind\n|upkeep\n|\n|t:|1728787445\n|switch|p2a: David Van Patten|Delphox, L50, M|100\/100\n|turn|5\n|inactive|xielinzhan has 30 seconds left.\n|inactive|xielinzhan has 20 seconds left.\n|\n|t:|1728787481\n|switch|p1b: Rillaboom|Rillaboom, L50, F|100\/100\n|-fieldstart|move: Grassy Terrain|[from] ability: Grassy Surge|[of] p1b: Rillaboom\n|-terastallize|p2a: David Van Patten|Fighting\n|move|p1a: Kingambit|Sucker Punch|p2a: David Van Patten\n|-resisted|p2a: David Van Patten\n|-damage|p2a: David Van Patten|61\/100\n|move|p2b: Paul Allen|Throat Chop|p1b: Rillaboom\n|-damage|p1b: Rillaboom|85\/100\n|-start|p1b: Rillaboom|Throat Chop|[silent]\n|move|p2a: David Van Patten|Tera Blast|p1a: Kingambit|[anim] Tera Blast Fighting\n|-supereffective|p1a: Kingambit\n|-damage|p1a: Kingambit|0 fnt\n|faint|p1a: Kingambit\n|-damage|p2a: David Van Patten|51\/100|[from] item: Life Orb\n|\n|-heal|p2b: Paul Allen|83\/100 brn|[from] Grassy Terrain\n|-heal|p2a: David Van Patten|57\/100|[from] Grassy Terrain\n|-heal|p1b: Rillaboom|91\/100|[from] Grassy Terrain\n|-damage|p2b: Paul Allen|77\/100 brn|[from] brn\n|upkeep\n|\n|t:|1728787495\n|switch|p1a: Dragapult|Dragapult, L50, F|11\/100\n|turn|6\n|\n|t:|1728787511\n|move|p2a: David Van Patten|Protect|p2a: David Van Patten\n|-singleturn|p2a: David Van Patten|Protect\n|move|p1b: Rillaboom|Grassy Glide|p2b: Paul Allen\n|-resisted|p2b: Paul Allen\n|-damage|p2b: Paul Allen|44\/100 brn\n|move|p1a: Dragapult|Dragon Darts|p2b: Paul Allen\n|-damage|p2b: Paul Allen|0 fnt\n|faint|p2b: Paul Allen\n|\n|-heal|p1a: Dragapult|17\/100|[from] Grassy Terrain\n|-heal|p2a: David Van Patten|63\/100|[from] Grassy Terrain\n|-heal|p1b: Rillaboom|97\/100|[from] Grassy Terrain\n|-end|p1b: Rillaboom|Throat Chop|[silent]\n|upkeep\n|\n|t:|1728787513\n|switch|p2b: Maushold|Maushold, L50|100\/100\n|turn|7\n|inactive|SOLOLUMINEONING has 30 seconds left.\n|inactive|SOLOLUMINEONING has 20 seconds left.\n|inactive|SOLOLUMINEONING has 15 seconds left.\n|inactive|SOLOLUMINEONING has 10 seconds left.\n|inactive|SOLOLUMINEONING has 5 seconds left.\n|\n|t:|1728787567\n|move|p2b: Maushold|Follow Me|p2b: Maushold\n|-singleturn|p2b: Maushold|move: Follow Me\n|move|p1a: Dragapult|Dragon Darts|p2b: Maushold\n|-damage|p2b: Maushold|30\/100\n|-anim|p1a: Dragapult|Dragon Darts|p2b: Maushold\n|-damage|p2b: Maushold|0 fnt\n|faint|p2b: Maushold\n|move|p2a: David Van Patten|Heat Wave|p1a: Dragapult|[spread] p1a,p1b\n|-resisted|p1a: Dragapult\n|-supereffective|p1b: Rillaboom\n|-damage|p1a: Dragapult|0 fnt\n|-damage|p1b: Rillaboom|36\/100\n|-status|p1b: Rillaboom|brn\n|faint|p1a: Dragapult\n|-damage|p2a: David Van Patten|53\/100|[from] item: Life Orb\n|move|p1b: Rillaboom|Wood Hammer|p2a: David Van Patten\n|-damage|p2a: David Van Patten|0 fnt\n|faint|p2a: David Van Patten\n|-damage|p1b: Rillaboom|23\/100 brn|[from] Recoil\n|\n|win|xielinzhan\n|raw|xielinzhan's rating: 1675 &rarr; <strong>1702<\/strong><br \/>(+27 for winning)\n|raw|SOLOLUMINEONING's rating: 1793 &rarr; <strong>1766<\/strong><br \/>(-27 for losing)\n|l|\u2606SOLOLUMINEONING\n|player|p2|\n|l|\u2606xielinzhan\n|player|p1|\n|l| Therazer456\n","uploadtime":1728787738,"views":11,"formatid":"gen9vgc2024regh","rating":1702,"private":0,"password":null}