{"id":"gen9vgc2024regh-2221623770","format":"[Gen 9] VGC 2024 Reg H","players":["SOLOLUMINEONING","googer315"],"log":"|j|\u2606SOLOLUMINEONING\n|j|\u2606googer315\n|t:|1728766603\n|gametype|doubles\n|player|p1|SOLOLUMINEONING|magmasuit|1735\n|player|p2|googer315|170|1718\n|teamsize|p1|6\n|teamsize|p2|6\n|gen|9\n|tier|[Gen 9] VGC 2024 Reg H\n|rated|\n|rule|Species Clause: Limit one of each Pok\u00e9mon\n|rule|Item Clause: Limit 1 of each item\n|clearpoke\n|poke|p1|Sneasler, L50, M|\n|poke|p1|Indeedee, L50, M|\n|poke|p1|Murkrow, L50, M|\n|poke|p1|Delphox, L50, M|\n|poke|p1|Dragapult, L50, F|\n|poke|p1|Maushold, L50|\n|poke|p2|Dondozo, L50, F|\n|poke|p2|Tatsugiri, L50, F|\n|poke|p2|Glimmora, L50, F|\n|poke|p2|Maushold, L50|\n|poke|p2|Annihilape, L50, F|\n|poke|p2|Gholdengo, L50|\n|teampreview|4\n|inactive|Battle timer is ON: inactive players will automatically lose when time's up. (requested by SOLOLUMINEONING)\n|inactive|SOLOLUMINEONING has 60 seconds left.\n|inactive|SOLOLUMINEONING has 30 seconds left.\n|inactive|SOLOLUMINEONING has 20 seconds left.\n|inactive|SOLOLUMINEONING has 15 seconds left.\n|inactive|SOLOLUMINEONING has 10 seconds left.\n|\n|t:|1728766685\n|start\n|switch|p1a: Luis Carruthers|Murkrow, L50, M, shiny|100\/100\n|switch|p1b: David Van Patten|Delphox, L50, M|100\/100\n|switch|p2a: Gholdengo|Gholdengo, L50|100\/100\n|switch|p2b: Glimmora|Glimmora, L50, F|100\/100\n|turn|1\n|inactive|SOLOLUMINEONING has 30 seconds left.\n|\n|t:|1728766715\n|switch|p1a: Patrick Bateman|Indeedee, L50, M, shiny|100\/100\n|-fieldstart|move: Psychic Terrain|[from] ability: Psychic Surge|[of] p1a: Patrick Bateman\n|move|p2a: Gholdengo|Shadow Ball|p1b: David Van Patten\n|-supereffective|p1b: David Van Patten\n|-damage|p1b: David Van Patten|0 fnt\n|faint|p1b: David Van Patten\n|move|p2b: Glimmora|Power Gem|p1a: Patrick Bateman\n|-damage|p1a: Patrick Bateman|32\/100\n|\n|upkeep\n|\n|t:|1728766724\n|switch|p1b: Luis Carruthers|Murkrow, L50, M, shiny|100\/100\n|turn|2\n|inactive|googer315 has 30 seconds left.\n|\n|t:|1728766758\n|move|p1b: Luis Carruthers|Tailwind|p1b: Luis Carruthers\n|-sidestart|p1: SOLOLUMINEONING|move: Tailwind\n|move|p1a: Patrick Bateman|Expanding Force|p2a: Gholdengo|[spread] p2a,p2b\n|-resisted|p2a: Gholdengo\n|-supereffective|p2b: Glimmora\n|-damage|p2a: Gholdengo|66\/100\n|-enditem|p2b: Glimmora|Focus Sash\n|-damage|p2b: Glimmora|1\/100\n|move|p2a: Gholdengo|Shadow Ball|p1b: Luis Carruthers\n|-resisted|p1b: Luis Carruthers\n|-damage|p1b: Luis Carruthers|78\/100\n|move|p2b: Glimmora|Power Gem|p1b: Luis Carruthers\n|-supereffective|p1b: Luis Carruthers\n|-damage|p1b: Luis Carruthers|0 fnt\n|faint|p1b: Luis Carruthers\n|\n|upkeep\n|\n|t:|1728766761\n|switch|p1b: Marcus Halberstram|Dragapult, L50, F|100\/100\n|turn|3\n|inactive|googer315 has 30 seconds left.\n|inactive|googer315 has 20 seconds left.\n|inactive|googer315 has 15 seconds left.\n|\n|t:|1728766801\n|-terastallize|p1b: Marcus Halberstram|Ghost\n|move|p1b: Marcus Halberstram|Tera Blast|p2a: Gholdengo|[anim] Tera Blast Ghost\n|-supereffective|p2a: Gholdengo\n|-damage|p2a: Gholdengo|0 fnt\n|faint|p2a: Gholdengo\n|move|p1a: Patrick Bateman|Expanding Force|p2b: Glimmora\n|-supereffective|p2b: Glimmora\n|-damage|p2b: Glimmora|0 fnt\n|faint|p2b: Glimmora\n|\n|upkeep\n|\n|t:|1728766810\n|switch|p2b: Maushold|Maushold, L50|100\/100\n|switch|p2a: Annihilape|Annihilape, L50, F|100\/100\n|turn|4\n|\n|t:|1728766828\n|-terastallize|p2a: Annihilape|Water\n|move|p2b: Maushold|Follow Me|p2b: Maushold\n|-singleturn|p2b: Maushold|move: Follow Me\n|move|p1b: Marcus Halberstram|Tera Blast|p2b: Maushold|[anim] Tera Blast Ghost\n|-immune|p2b: Maushold\n|move|p1a: Patrick Bateman|Expanding Force|p2b: Maushold|[spread] p2a,p2b\n|-damage|p2a: Annihilape|65\/100\n|-damage|p2b: Maushold|28\/100\n|move|p2a: Annihilape|Drain Punch|p1a: Patrick Bateman\n|-damage|p1a: Patrick Bateman|0 fnt\n|-heal|p2a: Annihilape|75\/100|[from] drain|[of] p1a: Patrick Bateman\n|faint|p1a: Patrick Bateman\n|\n|upkeep\n|turn|5\n|\n|t:|1728766842\n|move|p2b: Maushold|Protect|p2b: Maushold\n|-singleturn|p2b: Maushold|Protect\n|move|p2a: Annihilape|Protect|p2a: Annihilape\n|-singleturn|p2a: Annihilape|Protect\n|move|p1b: Marcus Halberstram|Tera Blast|p2a: Annihilape|[anim] Tera Blast Ghost\n|-activate|p2a: Annihilape|move: Protect\n|\n|-sideend|p1: SOLOLUMINEONING|move: Tailwind\n|-fieldend|move: Psychic Terrain\n|upkeep\n|turn|6\n|-message|SOLOLUMINEONING forfeited.\n|\n|win|googer315\n|raw|SOLOLUMINEONING's rating: 1735 &rarr; <strong>1713<\/strong><br \/>(-22 for losing)\n|raw|googer315's rating: 1703 &rarr; <strong>1725<\/strong><br \/>(+22 for winning)\n|l|\u2606SOLOLUMINEONING\n|player|p1|\n|l|\u2606googer315\n|player|p2|\n|j| El Pierocas\n|j| timber1313\n|l| El Pierocas\n|l| timber1313\n","uploadtime":1728767120,"views":7,"formatid":"gen9vgc2024regh","rating":1713,"private":0,"password":null}