{"id":"gen9vgc2024regh-2221790535","format":"[Gen 9] VGC 2024 Reg H","players":["koji muranishi","tyuiop112"],"log":"|j|\u2606koji muranishi\n|j|\u2606tyuiop112\n|t:|1728787570\n|gametype|doubles\n|player|p1|koji muranishi|1|1699\n|player|p2|tyuiop112|linebacker|1682\n|teamsize|p1|6\n|teamsize|p2|6\n|gen|9\n|tier|[Gen 9] VGC 2024 Reg H\n|rated|\n|rule|Species Clause: Limit one of each Pok\u00e9mon\n|rule|Item Clause: Limit 1 of each item\n|clearpoke\n|poke|p1|Ursaluna-Bloodmoon, L50, M|\n|poke|p1|Gholdengo, L50|\n|poke|p1|Baxcalibur, L50, M|\n|poke|p1|Archaludon, L50, M|\n|poke|p1|Pelipper, L50, M|\n|poke|p1|Whimsicott, L50, M|\n|poke|p2|Gholdengo, L50|\n|poke|p2|Dragonite, L50, M|\n|poke|p2|Sneasler, L50, M|\n|poke|p2|Ursaluna-Bloodmoon, L50, M|\n|poke|p2|Grimmsnarl, L50, M|\n|poke|p2|Incineroar, L50, M|\n|teampreview|4\n|inactive|Battle timer is ON: inactive players will automatically lose when time's up. (requested by koji muranishi)\n|inactive|koji muranishi has 60 seconds left.\n|inactive|tyuiop112 has 60 seconds left.\n|\n|t:|1728787614\n|start\n|switch|p1a: Whimsicott|Whimsicott, L50, M|100\/100\n|switch|p1b: Ursaluna|Ursaluna-Bloodmoon, L50, M|100\/100\n|switch|p2a: Sneasler|Sneasler, L50, M|100\/100\n|switch|p2b: Ursaluna|Ursaluna-Bloodmoon, L50, M|100\/100\n|turn|1\n|inactive|tyuiop112 has 30 seconds left.\n|inactive|tyuiop112 has 20 seconds left.\n|\n|t:|1728787649\n|move|p1a: Whimsicott|Protect|p1a: Whimsicott\n|-singleturn|p1a: Whimsicott|Protect\n|move|p1b: Ursaluna|Protect|p1b: Ursaluna\n|-singleturn|p1b: Ursaluna|Protect\n|move|p2a: Sneasler|Dire Claw|p1a: Whimsicott\n|-activate|p1a: Whimsicott|move: Protect\n|move|p2b: Ursaluna|Hyper Voice|p1b: Ursaluna|[spread] \n|-activate|p1a: Whimsicott|move: Protect\n|-activate|p1b: Ursaluna|move: Protect\n|\n|upkeep\n|turn|2\n|\n|t:|1728787669\n|-terastallize|p2b: Ursaluna|Normal\n|move|p1a: Whimsicott|Tailwind|p1a: Whimsicott\n|-sidestart|p1: koji muranishi|move: Tailwind\n|move|p1b: Ursaluna|Hyper Voice|p2a: Sneasler|[spread] p2a,p2b\n|-damage|p2a: Sneasler|28\/100\n|-damage|p2b: Ursaluna|61\/100\n|-damage|p1b: Ursaluna|91\/100|[from] item: Life Orb\n|move|p2a: Sneasler|Dire Claw|p1a: Whimsicott\n|-supereffective|p1a: Whimsicott\n|-enditem|p1a: Whimsicott|Focus Sash\n|-damage|p1a: Whimsicott|1\/100\n|move|p2b: Ursaluna|Blood Moon|p1b: Ursaluna\n|-damage|p1b: Ursaluna|0 fnt\n|faint|p1b: Ursaluna\n|\n|upkeep\n|inactive|koji muranishi has 30 seconds left.\n|\n|t:|1728787704\n|switch|p1b: Gholdengo|Gholdengo, L50|100\/100\n|turn|3\n|inactive|tyuiop112 has 30 seconds left.\n|inactive|tyuiop112 has 20 seconds left.\n|inactive|tyuiop112 has 15 seconds left.\n|\n|t:|1728787748\n|move|p1b: Gholdengo|Make It Rain|p2b: Ursaluna|[spread] p2a,p2b\n|-damage|p2a: Sneasler|0 fnt\n|-damage|p2b: Ursaluna|21\/100\n|-unboost|p1b: Gholdengo|spa|1\n|faint|p2a: Sneasler\n|move|p1a: Whimsicott|Moonblast|p2b: Ursaluna\n|-damage|p2b: Ursaluna|0 fnt\n|faint|p2b: Ursaluna\n|\n|upkeep\n|\n|t:|1728787760\n|switch|p2a: Gholdengo|Gholdengo, L50|100\/100\n|switch|p2b: Dragonite|Dragonite, L50, M|100\/100\n|turn|4\n|inactive|tyuiop112 has 30 seconds left.\n|\n|t:|1728787788\n|move|p1a: Whimsicott|Protect|p1a: Whimsicott\n|-singleturn|p1a: Whimsicott|Protect\n|move|p1b: Gholdengo|Make It Rain|p2a: Gholdengo|[spread] p2a,p2b\n|-resisted|p2a: Gholdengo\n|-damage|p2a: Gholdengo|83\/100\n|-damage|p2b: Dragonite|81\/100\n|-unboost|p1b: Gholdengo|spa|1\n|move|p2a: Gholdengo|Make It Rain|p1a: Whimsicott|[spread] p1b\n|-activate|p1a: Whimsicott|move: Protect\n|-resisted|p1b: Gholdengo\n|-damage|p1b: Gholdengo|69\/100\n|-unboost|p2a: Gholdengo|spa|1\n|-damage|p2a: Gholdengo|74\/100|[from] item: Life Orb\n|move|p2b: Dragonite|Scale Shot|p1b: Gholdengo\n|-resisted|p1b: Gholdengo\n|-damage|p1b: Gholdengo|60\/100\n|-resisted|p1b: Gholdengo\n|-damage|p1b: Gholdengo|51\/100\n|-resisted|p1b: Gholdengo\n|-damage|p1b: Gholdengo|43\/100\n|-resisted|p1b: Gholdengo\n|-damage|p1b: Gholdengo|34\/100\n|-hitcount|p1b: Gholdengo|4\n|-unboost|p2b: Dragonite|def|1\n|-boost|p2b: Dragonite|spe|1\n|\n|upkeep\n|turn|5\n|inactive|koji muranishi has 30 seconds left.\n|inactive|tyuiop112 has 30 seconds left.\n|inactive|tyuiop112 has 20 seconds left.\n|inactive|tyuiop112 has 15 seconds left.\n|\n|t:|1728787832\n|-terastallize|p1a: Whimsicott|Ghost\n|move|p2b: Dragonite|Protect|p2b: Dragonite\n|-singleturn|p2b: Dragonite|Protect\n|move|p1b: Gholdengo|Make It Rain|p2b: Dragonite|[spread] p2a\n|-activate|p2b: Dragonite|move: Protect\n|-resisted|p2a: Gholdengo\n|-damage|p2a: Gholdengo|61\/100\n|-unboost|p1b: Gholdengo|spa|1\n|move|p1a: Whimsicott|Moonblast|p2b: Dragonite\n|-activate|p2b: Dragonite|move: Protect\n|move|p2a: Gholdengo|Make It Rain|p1a: Whimsicott|[spread] p1a,p1b\n|-resisted|p1b: Gholdengo\n|-damage|p1a: Whimsicott|0 fnt\n|-damage|p1b: Gholdengo|13\/100\n|-unboost|p2a: Gholdengo|spa|1\n|faint|p1a: Whimsicott\n|-damage|p2a: Gholdengo|51\/100|[from] item: Life Orb\n|\n|-sideend|p1: koji muranishi|move: Tailwind\n|upkeep\n|inactive|koji muranishi has 30 seconds left.\n|\n|t:|1728787857\n|switch|p1a: Archaludon|Archaludon, L50, M|100\/100\n|turn|6\n|\n|t:|1728787881\n|move|p1b: Gholdengo|Make It Rain|p2b: Dragonite|[spread] p2a,p2b\n|-resisted|p2a: Gholdengo\n|-damage|p2a: Gholdengo|41\/100\n|-damage|p2b: Dragonite|59\/100\n|-unboost|p1b: Gholdengo|spa|1\n|move|p2b: Dragonite|Scale Shot|p1a: Archaludon\n|-damage|p1a: Archaludon|88\/100\n|-damage|p1a: Archaludon|73\/100\n|-damage|p1a: Archaludon|60\/100\n|-damage|p1a: Archaludon|49\/100\n|-hitcount|p1a: Archaludon|4\n|-unboost|p2b: Dragonite|def|1\n|-boost|p2b: Dragonite|spe|1\n|move|p2a: Gholdengo|Nasty Plot|p2a: Gholdengo\n|-boost|p2a: Gholdengo|spa|2\n|move|p1a: Archaludon|Snarl|p2a: Gholdengo|[spread] p2a,p2b\n|-supereffective|p2a: Gholdengo\n|-damage|p2a: Gholdengo|0 fnt\n|-damage|p2b: Dragonite|35\/100\n|-unboost|p2b: Dragonite|spa|1\n|faint|p2a: Gholdengo\n|\n|upkeep\n|turn|7\n|inactive|tyuiop112 has 30 seconds left.\n|\n|t:|1728787914\n|move|p2b: Dragonite|Protect|p2b: Dragonite\n|-singleturn|p2b: Dragonite|Protect\n|move|p1b: Gholdengo|Make It Rain|p2b: Dragonite\n|-activate|p2b: Dragonite|move: Protect\n|move|p1a: Archaludon|Snarl|p2b: Dragonite\n|-activate|p2b: Dragonite|move: Protect\n|\n|upkeep\n|turn|8\n|\n|t:|1728787931\n|move|p2b: Dragonite|Scale Shot|p1a: Archaludon\n|-damage|p1a: Archaludon|36\/100\n|-damage|p1a: Archaludon|23\/100\n|-damage|p1a: Archaludon|11\/100\n|-damage|p1a: Archaludon|0 fnt\n|faint|p1a: Archaludon\n|-hitcount|p1: Archaludon|4\n|-unboost|p2b: Dragonite|def|1\n|-boost|p2b: Dragonite|spe|1\n|move|p1b: Gholdengo|Make It Rain|p2b: Dragonite\n|-damage|p2b: Dragonite|11\/100\n|-unboost|p1b: Gholdengo|spa|1\n|\n|upkeep\n|turn|9\n|\n|t:|1728787948\n|move|p2b: Dragonite|Scale Shot|p1b: Gholdengo\n|-resisted|p1b: Gholdengo\n|-damage|p1b: Gholdengo|4\/100\n|-resisted|p1b: Gholdengo\n|-damage|p1b: Gholdengo|0 fnt\n|faint|p1b: Gholdengo\n|-hitcount|p1: Gholdengo|2\n|\n|win|tyuiop112\n|raw|koji muranishi's rating: 1699 &rarr; <strong>1678<\/strong><br \/>(-21 for losing)\n|raw|tyuiop112's rating: 1682 &rarr; <strong>1703<\/strong><br \/>(+21 for winning)\n|l|\u2606tyuiop112\n|player|p2|\n|l|\u2606koji muranishi\n|player|p1|\n","uploadtime":1728788154,"views":23,"formatid":"gen9vgc2024regh","rating":1678,"private":0,"password":null}