{"id":"gen9vgc2024regh-2221352945","format":"[Gen 9] VGC 2024 Reg H","players":["tyuiop112","Snorlax Double"],"log":"|j|\u2606tyuiop112\n|j|\u2606Snorlax Double\n|t:|1728734381\n|gametype|doubles\n|player|p1|tyuiop112|linebacker|1731\n|player|p2|Snorlax Double|plasmagrunt|1694\n|teamsize|p1|6\n|teamsize|p2|6\n|gen|9\n|tier|[Gen 9] VGC 2024 Reg H\n|rated|\n|rule|Species Clause: Limit one of each Pok\u00e9mon\n|rule|Item Clause: Limit 1 of each item\n|clearpoke\n|poke|p1|Dragonite, L50, F|\n|poke|p1|Gholdengo, L50|\n|poke|p1|Ursaluna-Bloodmoon, L50, M|\n|poke|p1|Grimmsnarl, L50, M|\n|poke|p1|Sneasler, L50, M|\n|poke|p1|Incineroar, L50, F|\n|poke|p2|Garchomp, L50, M|\n|poke|p2|Hydreigon, L50, F|\n|poke|p2|Zoroark-Hisui, L50, M|\n|poke|p2|Sinistcha, L50|\n|poke|p2|Primarina, L50, F|\n|poke|p2|Incineroar, L50, F|\n|teampreview|4\n|\n|t:|1728734418\n|start\n|switch|p1a: Ursaluna|Ursaluna-Bloodmoon, L50, M|100\/100\n|switch|p1b: Dragonite|Dragonite, L50, F|100\/100\n|switch|p2a: Incineroar|Incineroar, L50, F|100\/100\n|switch|p2b: Primarina|Primarina, L50, F|100\/100\n|-ability|p2a: Incineroar|Intimidate|boost\n|-unboost|p1a: Ursaluna|atk|1\n|-unboost|p1b: Dragonite|atk|1\n|turn|1\n|\n|t:|1728734450\n|-terastallize|p1a: Ursaluna|Normal\n|move|p2a: Incineroar|Fake Out|p1a: Ursaluna\n|-crit|p1a: Ursaluna\n|-damage|p1a: Ursaluna|90\/100\n|move|p2b: Primarina|Will-O-Wisp|p1b: Dragonite\n|-status|p1b: Dragonite|brn\n|move|p1b: Dragonite|Scale Shot|p2a: Incineroar\n|-damage|p2a: Incineroar|96\/100\n|-damage|p2a: Incineroar|91\/100\n|-damage|p2a: Incineroar|86\/100\n|-damage|p2a: Incineroar|81\/100\n|-hitcount|p2a: Incineroar|4\n|-unboost|p1b: Dragonite|def|1\n|-boost|p1b: Dragonite|spe|1\n|cant|p1a: Ursaluna|flinch\n|\n|-damage|p1b: Dragonite|95\/100 brn|[from] brn\n|upkeep\n|turn|2\n|\n|t:|1728734485\n|move|p1b: Dragonite|Scale Shot|p2b: Primarina\n|-damage|p2b: Primarina|90\/100\n|replace|p2b: Zoroark|Zoroark-Hisui, L50, M\n|-end|p2b: Zoroark|Illusion\n|-damage|p2b: Zoroark|79\/100\n|-damage|p2b: Zoroark|70\/100\n|-damage|p2b: Zoroark|61\/100\n|-damage|p2b: Zoroark|52\/100\n|-hitcount|p2b: Zoroark|5\n|-unboost|p1b: Dragonite|def|1\n|-boost|p1b: Dragonite|spe|1\n|move|p2b: Zoroark|Hyper Voice|p1a: Ursaluna|[spread] p1a,p1b\n|-damage|p1a: Ursaluna|65\/100\n|-damage|p1b: Dragonite|58\/100 brn\n|move|p1a: Ursaluna|Hyper Voice|p2a: Incineroar|[spread] p2a,p2b\n|-damage|p2a: Incineroar|45\/100\n|-damage|p2b: Zoroark|0 fnt\n|faint|p2b: Zoroark\n|move|p2a: Incineroar|Knock Off|p1a: Ursaluna\n|-damage|p1a: Ursaluna|39\/100\n|-enditem|p1a: Ursaluna|Assault Vest|[from] move: Knock Off|[of] p2a: Incineroar\n|\n|-damage|p1b: Dragonite|52\/100 brn|[from] brn\n|upkeep\n|\n|t:|1728734512\n|switch|p2b: Sinistcha|Sinistcha, L50|100\/100\n|-heal|p2a: Incineroar|69\/100|[from] ability: Hospitality|[of] p2b: Sinistcha\n|turn|3\n|\n|t:|1728734545\n|move|p2b: Sinistcha|Rage Powder|p2b: Sinistcha\n|-singleturn|p2b: Sinistcha|move: Rage Powder\n|move|p1b: Dragonite|Tailwind|p1b: Dragonite\n|-sidestart|p1: tyuiop112|move: Tailwind\n|move|p1a: Ursaluna|Blood Moon|p2b: Sinistcha\n|-damage|p2b: Sinistcha|0 fnt\n|faint|p2b: Sinistcha\n|move|p2a: Incineroar|Parting Shot|p1a: Ursaluna\n|-unboost|p1a: Ursaluna|atk|1\n|-unboost|p1a: Ursaluna|spa|1\n|\n|t:|1728734556\n|switch|p2a: Primarina|Primarina, L50, F|100\/100|[from] Parting Shot\n|\n|-damage|p1b: Dragonite|46\/100 brn|[from] brn\n|upkeep\n|\n|t:|1728734558\n|switch|p2b: Incineroar|Incineroar, L50, F|69\/100\n|-ability|p2b: Incineroar|Intimidate|boost\n|-unboost|p1a: Ursaluna|atk|1\n|-unboost|p1b: Dragonite|atk|1\n|turn|4\n|\n|t:|1728734575\n|switch|p1a: Gholdengo|Gholdengo, L50|100\/100\n|move|p2b: Incineroar|Fake Out|p1a: Gholdengo\n|-immune|p1a: Gholdengo\n|move|p1b: Dragonite|Low Kick|p2b: Incineroar\n|-supereffective|p2b: Incineroar\n|-damage|p2b: Incineroar|55\/100\n|move|p2a: Primarina|Hyper Voice|p1a: Gholdengo|[spread] p1a,p1b\n|-resisted|p1b: Dragonite\n|-damage|p1a: Gholdengo|68\/100\n|-damage|p1b: Dragonite|27\/100 brn\n|-enditem|p2a: Primarina|Throat Spray\n|-boost|p2a: Primarina|spa|1|[from] item: Throat Spray\n|\n|-damage|p1b: Dragonite|21\/100 brn|[from] brn\n|upkeep\n|turn|5\n|\n|t:|1728734617\n|move|p1a: Gholdengo|Protect|p1a: Gholdengo\n|-singleturn|p1a: Gholdengo|Protect\n|move|p2a: Primarina|Protect|p2a: Primarina\n|-singleturn|p2a: Primarina|Protect\n|move|p1b: Dragonite|Scale Shot|p2b: Incineroar\n|-damage|p2b: Incineroar|51\/100\n|-damage|p2b: Incineroar|48\/100\n|-crit|p2b: Incineroar\n|-damage|p2b: Incineroar|38\/100\n|-damage|p2b: Incineroar|35\/100\n|-hitcount|p2b: Incineroar|4\n|-unboost|p1b: Dragonite|def|1\n|-boost|p1b: Dragonite|spe|1\n|move|p2b: Incineroar|Parting Shot|p1b: Dragonite\n|-unboost|p1b: Dragonite|atk|1\n|-unboost|p1b: Dragonite|spa|1\n|\n|-damage|p1b: Dragonite|15\/100 brn|[from] brn\n|upkeep\n|turn|6\n|\n|t:|1728734643\n|move|p1b: Dragonite|Scale Shot|p2b: Incineroar\n|-damage|p2b: Incineroar|32\/100\n|-damage|p2b: Incineroar|29\/100\n|-damage|p2b: Incineroar|26\/100\n|-damage|p2b: Incineroar|23\/100\n|-hitcount|p2b: Incineroar|4\n|-unboost|p1b: Dragonite|def|1\n|-boost|p1b: Dragonite|spe|1\n|move|p1a: Gholdengo|Make It Rain|p2b: Incineroar|[spread] p2a,p2b\n|-resisted|p2b: Incineroar\n|-damage|p2a: Primarina|52\/100\n|-damage|p2b: Incineroar|5\/100\n|-unboost|p1a: Gholdengo|spa|1\n|-damage|p1a: Gholdengo|59\/100|[from] item: Life Orb\n|move|p2a: Primarina|Hyper Voice|p1a: Gholdengo|[spread] p1a,p1b\n|-resisted|p1b: Dragonite\n|-damage|p1a: Gholdengo|5\/100\n|-damage|p1b: Dragonite|0 fnt\n|faint|p1b: Dragonite\n|move|p2b: Incineroar|Knock Off|p1a: Gholdengo\n|-supereffective|p1a: Gholdengo\n|-damage|p1a: Gholdengo|0 fnt\n|-enditem|p1a: Gholdengo|Life Orb|[from] move: Knock Off|[of] p2b: Incineroar\n|faint|p1a: Gholdengo\n|\n|-sideend|p1: tyuiop112|move: Tailwind\n|upkeep\n|\n|t:|1728734664\n|switch|p1a: Ursaluna|Ursaluna-Bloodmoon, L50, M, tera:Normal|39\/100\n|switch|p1b: Sneasler|Sneasler, L50, M|100\/100\n|turn|7\n|\n|t:|1728734683\n|-terastallize|p2a: Primarina|Poison\n|move|p1a: Ursaluna|Vacuum Wave|p2b: Incineroar\n|-supereffective|p2b: Incineroar\n|-damage|p2b: Incineroar|0 fnt\n|faint|p2b: Incineroar\n|move|p1b: Sneasler|Throat Chop|p2a: Primarina\n|-damage|p2a: Primarina|18\/100\n|-start|p2a: Primarina|Throat Chop|[silent]\n|cant|p2a: Primarina|move: Throat Chop\n|\n|upkeep\n|turn|8\n|-message|Snorlax Double forfeited.\n|\n|win|tyuiop112\n|raw|tyuiop112's rating: 1731 &rarr; <strong>1749<\/strong><br \/>(+18 for winning)\n|raw|Snorlax Double's rating: 1694 &rarr; <strong>1676<\/strong><br \/>(-18 for losing)\n|l|\u2606Snorlax Double\n|player|p2|\n|l|\u2606tyuiop112\n|player|p1|\n","uploadtime":1728734952,"views":13,"formatid":"gen9vgc2024regh","rating":1676,"private":0,"password":null}