{"id":"gen9vgc2024regh-2221611044","format":"[Gen 9] VGC 2024 Reg H","players":["nickfanta","nootellas"],"log":"|j|\u2606nickfanta\n|j|\u2606nootellas\n|t:|1728765143\n|gametype|doubles\n|player|p1|nickfanta|lucas|1646\n|player|p2|nootellas|iono|1712\n|teamsize|p1|6\n|teamsize|p2|6\n|gen|9\n|tier|[Gen 9] VGC 2024 Reg H\n|rated|\n|rule|Species Clause: Limit one of each Pok\u00e9mon\n|rule|Item Clause: Limit 1 of each item\n|clearpoke\n|poke|p1|Kilowattrel, L50, M|\n|poke|p1|Archaludon, L50, F|\n|poke|p1|Annihilape, L50, F|\n|poke|p1|Maushold, L50|\n|poke|p1|Garchomp, L50, M|\n|poke|p1|Rillaboom, L50, F|\n|poke|p2|Goodra-Hisui, L50, F|\n|poke|p2|Zoroark-Hisui, L50, F|\n|poke|p2|Ninetales-Alola, L50, M|\n|poke|p2|Sylveon, L50, M|\n|poke|p2|Incineroar, L50, F|\n|poke|p2|Garchomp, L50, F|\n|teampreview|4\n|inactive|Battle timer is ON: inactive players will automatically lose when time's up. (requested by nickfanta)\n|inactive|nickfanta has 60 seconds left.\n|inactive|nootellas has 60 seconds left.\n|\n|t:|1728765179\n|start\n|switch|p1a: Maushold|Maushold, L50|100\/100\n|switch|p1b: Annihilape|Annihilape, L50, F|100\/100\n|switch|p2a: Garchomp|Garchomp, L50, F, shiny|100\/100\n|switch|p2b: madoka|Sylveon, L50, M, shiny|100\/100\n|turn|1\n|inactive|nootellas has 30 seconds left.\n|inactive|nootellas has 20 seconds left.\n|inactive|nootellas has 15 seconds left.\n|\n|t:|1728765223\n|switch|p2b: tam gandr|Goodra-Hisui, L50, F, shiny|100\/100\n|move|p2a: Garchomp|Protect|p2a: Garchomp\n|-singleturn|p2a: Garchomp|Protect\n|move|p1a: Maushold|Protect|p1a: Maushold\n|-singleturn|p1a: Maushold|Protect\n|move|p1b: Annihilape|Protect||[still]\n|-fail|p1b: Annihilape\n|\n|upkeep\n|turn|2\n|inactive|nootellas has 30 seconds left.\n|\n|t:|1728765250\n|move|p2b: tam gandr|Hyper Voice|p1a: Maushold|[spread] p1a\n|-immune|p1b: Annihilape\n|-damage|p1a: Maushold|29\/100\n|move|p2a: Garchomp|Dragon Claw|p1b: Annihilape\n|-damage|p1b: Annihilape|56\/100\n|-damage|p2a: Garchomp|90\/100|[from] item: Life Orb\n|move|p1a: Maushold|Beat Up|p1b: Annihilape\n|-damage|p1b: Annihilape|54\/100\n|-damage|p1b: Annihilape|52\/100\n|-damage|p1b: Annihilape|50\/100\n|-damage|p1b: Annihilape|48\/100\n|-hitcount|p1b: Annihilape|4\n|move|p1b: Annihilape|Bulk Up|p1b: Annihilape\n|-boost|p1b: Annihilape|atk|1\n|-boost|p1b: Annihilape|def|1\n|\n|-heal|p1b: Annihilape|53\/100|[from] item: Leftovers\n|upkeep\n|turn|3\n|inactive|nickfanta has 30 seconds left.\n|inactive|nootellas has 30 seconds left.\n|\n|t:|1728765284\n|move|p1b: Annihilape|Protect|p1b: Annihilape\n|-singleturn|p1b: Annihilape|Protect\n|move|p2b: tam gandr|Hyper Voice|p1b: Annihilape|[spread] p1a\n|-activate|p1b: Annihilape|move: Protect\n|-damage|p1a: Maushold|0 fnt\n|faint|p1a: Maushold\n|move|p2a: Garchomp|Stomping Tantrum|p1b: Annihilape\n|-activate|p1b: Annihilape|move: Protect\n|\n|-heal|p1b: Annihilape|59\/100|[from] item: Leftovers\n|upkeep\n|\n|t:|1728765302\n|switch|p1a: Garchomp|Garchomp, L50, M|100\/100\n|turn|4\n|inactive|nootellas has 30 seconds left.\n|\n|t:|1728765328\n|move|p2a: Garchomp|Protect|p2a: Garchomp\n|-singleturn|p2a: Garchomp|Protect\n|move|p1a: Garchomp|Breaking Swipe|p2b: tam gandr|[spread] p2b\n|-activate|p2a: Garchomp|move: Protect\n|-damage|p2b: tam gandr|38\/100\n|-unboost|p2b: tam gandr|atk|1\n|replace|p2b: mofongo|Zoroark-Hisui, L50, F, shiny\n|-end|p2b: mofongo|Illusion\n|-damage|p1a: Garchomp|91\/100|[from] item: Life Orb\n|move|p2b: mofongo|Hyper Voice|p1a: Garchomp|[spread] p1a\n|-immune|p1b: Annihilape\n|-damage|p1a: Garchomp|33\/100\n|move|p1b: Annihilape|Drain Punch|p2a: Garchomp\n|-activate|p2a: Garchomp|move: Protect\n|\n|-heal|p1b: Annihilape|65\/100|[from] item: Leftovers\n|upkeep\n|turn|5\n|inactive|nootellas has 30 seconds left.\n|inactive|nootellas has 20 seconds left.\n|\n|t:|1728765364\n|switch|p2b: madoka|Sylveon, L50, M, shiny|100\/100\n|move|p1a: Garchomp|Breaking Swipe|p2a: Garchomp|[spread] p2a\n|-immune|p2b: madoka\n|-supereffective|p2a: Garchomp\n|-damage|p2a: Garchomp|32\/100\n|-unboost|p2a: Garchomp|atk|1\n|-damage|p1a: Garchomp|21\/100|[from] ability: Rough Skin|[of] p2a: Garchomp\n|-damage|p1a: Garchomp|11\/100|[from] item: Life Orb\n|move|p2a: Garchomp|Dragon Claw|p1a: Garchomp\n|-supereffective|p1a: Garchomp\n|-damage|p1a: Garchomp|0 fnt\n|-damage|p2a: Garchomp|19\/100|[from] ability: Rough Skin|[of] p1a: Garchomp\n|faint|p1a: Garchomp\n|-damage|p2a: Garchomp|9\/100|[from] item: Life Orb\n|move|p1b: Annihilape|Drain Punch|p2a: Garchomp\n|-damage|p2a: Garchomp|0 fnt\n|-heal|p1b: Annihilape|70\/100|[from] drain|[of] p2a: Garchomp\n|-damage|p1b: Annihilape|57\/100|[from] ability: Rough Skin|[of] p2a: Garchomp\n|faint|p2a: Garchomp\n|\n|-heal|p1b: Annihilape|63\/100|[from] item: Leftovers\n|upkeep\n|\n|t:|1728765386\n|switch|p1a: Archaludon|Archaludon, L50, F|100\/100\n|switch|p2a: tam gandr|Goodra-Hisui, L50, F, shiny|38\/100\n|turn|6\n|inactive|nickfanta has 30 seconds left.\n|\n|t:|1728765420\n|switch|p2a: tam gandr|Goodra-Hisui, L50, F, shiny|100\/100\n|-terastallize|p1b: Annihilape|Fire\n|move|p1b: Annihilape|Rage Fist|p2b: madoka\n|-damage|p2b: madoka|0 fnt\n|faint|p2b: madoka\n|move|p1a: Archaludon|Electro Shot||[still]\n|-prepare|p1a: Archaludon|Electro Shot\n|-boost|p1a: Archaludon|spa|1\n|-enditem|p1a: Archaludon|Power Herb\n|-anim|p1a: Archaludon|Electro Shot|p2a: tam gandr\n|-resisted|p2a: tam gandr\n|-damage|p2a: tam gandr|75\/100\n|\n|-heal|p1b: Annihilape|69\/100|[from] item: Leftovers\n|-heal|p2a: tam gandr|81\/100|[from] item: Leftovers\n|upkeep\n|\n|t:|1728765427\n|switch|p2b: mofongo|Zoroark-Hisui, L50, F, shiny|38\/100\n|turn|7\n|inactive|nootellas has 30 seconds left.\n|\n|t:|1728765456\n|-terastallize|p2a: tam gandr|Water\n|move|p1b: Annihilape|Protect|p1b: Annihilape\n|-singleturn|p1b: Annihilape|Protect\n|move|p2b: mofongo|Hyper Beam|p1b: Annihilape\n|-activate|p1b: Annihilape|move: Protect\n|move|p1a: Archaludon|Draco Meteor|p2b: mofongo\n|-damage|p2b: mofongo|0 fnt\n|-unboost|p1a: Archaludon|spa|2\n|faint|p2b: mofongo\n|move|p2a: tam gandr|Acid Armor|p2a: tam gandr\n|-boost|p2a: tam gandr|def|2\n|\n|-heal|p1b: Annihilape|75\/100|[from] item: Leftovers\n|-heal|p2a: tam gandr|87\/100|[from] item: Leftovers\n|upkeep\n|turn|8\n|\n|t:|1728765474\n|move|p1b: Annihilape|Rage Fist|p2a: tam gandr\n|-damage|p2a: tam gandr|4\/100\n|move|p1a: Archaludon|Electro Shot||[still]\n|-prepare|p1a: Archaludon|Electro Shot\n|-boost|p1a: Archaludon|spa|1\n|move|p2a: tam gandr|Acid Armor|p2a: tam gandr\n|-boost|p2a: tam gandr|def|2\n|\n|-heal|p1b: Annihilape|81\/100|[from] item: Leftovers\n|-heal|p2a: tam gandr|10\/100|[from] item: Leftovers\n|upkeep\n|turn|9\n|-message|nootellas forfeited.\n|\n|win|nickfanta\n|raw|nickfanta's rating: 1646 &rarr; <strong>1670<\/strong><br \/>(+24 for winning)\n|raw|nootellas's rating: 1712 &rarr; <strong>1688<\/strong><br \/>(-24 for losing)\n|l|\u2606nootellas\n|player|p2|\n|l|\u2606nickfanta\n|player|p1|\n","uploadtime":1728765726,"views":13,"formatid":"gen9vgc2024regh","rating":1670,"private":0,"password":null}