{"id":"gen9vgc2024regh-2221570030","format":"[Gen 9] VGC 2024 Reg H","players":["googer315","zakpaskal"],"log":"|j|\u2606googer315\n|j|\u2606zakpaskal\n|t:|1728760525\n|gametype|doubles\n|player|p1|googer315|170|1722\n|player|p2|zakpaskal|102|1706\n|teamsize|p1|6\n|teamsize|p2|6\n|gen|9\n|tier|[Gen 9] VGC 2024 Reg H\n|rated|\n|rule|Species Clause: Limit one of each Pok\u00e9mon\n|rule|Item Clause: Limit 1 of each item\n|clearpoke\n|poke|p1|Dondozo, L50, F|\n|poke|p1|Tatsugiri, L50, F|\n|poke|p1|Glimmora, L50, F|\n|poke|p1|Maushold, L50|\n|poke|p1|Annihilape, L50, F|\n|poke|p1|Gholdengo, L50|\n|poke|p2|Maushold-Four, L50|\n|poke|p2|Annihilape, L50, M|\n|poke|p2|Sneasler, L50, M|\n|poke|p2|Dragapult, L50, M|\n|poke|p2|Kingambit, L50, M|\n|poke|p2|Incineroar, L50, M|\n|teampreview|4\n|inactive|Battle timer is ON: inactive players will automatically lose when time's up. (requested by zakpaskal)\n|inactive|googer315 has 60 seconds left.\n|j| bozobeach\n|inactive|googer315 has 30 seconds left.\n|inactive|googer315 has 20 seconds left.\n|inactive|googer315 has 15 seconds left.\n|inactive|googer315 has 10 seconds left.\n|inactive|googer315 has 5 seconds left.\n|\n|t:|1728760627\n|start\n|switch|p1a: Dondozo|Dondozo, L50, F|100\/100\n|switch|p1b: Tatsugiri|Tatsugiri, L50, F|100\/100\n|switch|p2a: Sneasler|Sneasler, L50, M|100\/100\n|switch|p2b: Dragapult|Dragapult, L50, M|100\/100\n|-activate|p1b: Tatsugiri|ability: Commander|[of] p1a: Dondozo\n|-boost|p1a: Dondozo|atk|2\n|-boost|p1a: Dondozo|spa|2\n|-boost|p1a: Dondozo|spe|2\n|-boost|p1a: Dondozo|def|2\n|-boost|p1a: Dondozo|spd|2\n|turn|1\n|j| Samevgcmons\n|\n|t:|1728760642\n|move|p1a: Dondozo|Protect|p1a: Dondozo\n|-singleturn|p1a: Dondozo|Protect\n|move|p2a: Sneasler|Fake Out|p1a: Dondozo\n|-activate|p1a: Dondozo|move: Protect\n|move|p2b: Dragapult|Will-O-Wisp|p1a: Dondozo\n|-activate|p1a: Dondozo|move: Protect\n|\n|upkeep\n|turn|2\n|\n|t:|1728760654\n|switch|p2a: Incineroar|Incineroar, L50, M|100\/100\n|-ability|p2a: Incineroar|Intimidate|boost\n|-unboost|p1a: Dondozo|atk|1\n|-unboost|p1b: Tatsugiri|atk|1\n|move|p2b: Dragapult|Will-O-Wisp|p1a: Dondozo|[miss]\n|-miss|p2b: Dragapult|p1a: Dondozo\n|move|p1a: Dondozo|Order Up|p2b: Dragapult\n|-supereffective|p2b: Dragapult\n|-damage|p2b: Dragapult|0 fnt\n|faint|p2b: Dragapult\n|-boost|p1a: Dondozo|atk|1\n|\n|upkeep\n|\n|t:|1728760663\n|switch|p2b: Sneasler|Sneasler, L50, M|100\/100\n|turn|3\n|c|\u2606googer315|oops\n|\n|t:|1728760678\n|-terastallize|p2a: Incineroar|Water\n|move|p1a: Dondozo|Protect|p1a: Dondozo\n|-singleturn|p1a: Dondozo|Protect\n|move|p2a: Incineroar|Fake Out|p1a: Dondozo\n|-activate|p1a: Dondozo|move: Protect\n|move|p2b: Sneasler|Dire Claw|p1a: Dondozo\n|-activate|p1a: Dondozo|move: Protect\n|\n|upkeep\n|turn|4\n|\n|t:|1728760687\n|move|p2b: Sneasler|Protect|p2b: Sneasler\n|-singleturn|p2b: Sneasler|Protect\n|move|p1a: Dondozo|Earthquake|p2a: Incineroar|[spread] p2a\n|-miss|p1a: Dondozo|p1b: Tatsugiri\n|-activate|p2b: Sneasler|move: Protect\n|-damage|p2a: Incineroar|62\/100\n|move|p2a: Incineroar|Knock Off|p1a: Dondozo\n|-damage|p1a: Dondozo|84\/100\n|-enditem|p1a: Dondozo|Leftovers|[from] move: Knock Off|[of] p2a: Incineroar\n|\n|upkeep\n|turn|5\n|\n|t:|1728760698\n|switch|p2a: Kingambit|Kingambit, L50, M|100\/100\n|move|p2b: Sneasler|Dire Claw|p1a: Dondozo\n|-damage|p1a: Dondozo|71\/100\n|-status|p1a: Dondozo|par\n|cant|p1a: Dondozo|par\n|\n|upkeep\n|turn|6\n|\n|t:|1728760712\n|switch|p2b: Incineroar|Incineroar, L50, M, tera:Water|62\/100\n|-ability|p2b: Incineroar|Intimidate|boost\n|-unboost|p1a: Dondozo|atk|1\n|-unboost|p1b: Tatsugiri|atk|1\n|move|p2a: Kingambit|Kowtow Cleave|p1a: Dondozo\n|-damage|p1a: Dondozo|50\/100 par\n|-damage|p2a: Kingambit|90\/100|[from] item: Life Orb\n|cant|p1a: Dondozo|par\n|\n|upkeep\n|turn|7\n|c|\u2606googer315|haha\n|\n|t:|1728760723\n|move|p2b: Incineroar|Fake Out|p1a: Dondozo\n|-damage|p1a: Dondozo|44\/100 par\n|move|p2a: Kingambit|Kowtow Cleave|p1a: Dondozo\n|-damage|p1a: Dondozo|21\/100 par\n|-damage|p2a: Kingambit|80\/100|[from] item: Life Orb\n|cant|p1a: Dondozo|flinch\n|\n|upkeep\n|turn|8\n|\n|t:|1728760738\n|switch|p2a: Sneasler|Sneasler, L50, M|100\/100\n|move|p2b: Incineroar|Knock Off|p1a: Dondozo\n|-damage|p1a: Dondozo|10\/100 par\n|cant|p1a: Dondozo|par\n|\n|upkeep\n|turn|9\n|\n|t:|1728760746\n|move|p2a: Sneasler|Fake Out|p1a: Dondozo\n|-enditem|p2a: Sneasler|Normal Gem|[from] gem\n|-damage|p1a: Dondozo|3\/100 par\n|move|p2b: Incineroar|Knock Off|p1b: Tatsugiri|[miss]\n|-miss|p2b: Incineroar|p1b: Tatsugiri\n|cant|p1a: Dondozo|flinch\n|\n|upkeep\n|turn|10\n|\n|t:|1728760758\n|move|p2a: Sneasler|Dire Claw|p1a: Dondozo\n|-damage|p1a: Dondozo|0 fnt\n|faint|p1a: Dondozo\n|move|p2b: Incineroar|Knock Off|p1b: Tatsugiri\n|-damage|p1b: Tatsugiri|12\/100\n|-enditem|p1b: Tatsugiri|Custap Berry|[from] move: Knock Off|[of] p2b: Incineroar\n|\n|upkeep\n|\n|t:|1728760767\n|switch|p1a: Glimmora|Glimmora, L50, F|100\/100\n|turn|11\n|\n|t:|1728760783\n|-terastallize|p1a: Glimmora|Ground\n|move|p2a: Sneasler|Dire Claw|p1b: Tatsugiri\n|-damage|p1b: Tatsugiri|0 fnt\n|faint|p1b: Tatsugiri\n|move|p1a: Glimmora|Earth Power|p2b: Incineroar\n|-damage|p2b: Incineroar|29\/100\n|-unboost|p2b: Incineroar|spd|1\n|move|p2b: Incineroar|Tera Blast|p1a: Glimmora|[anim] Tera Blast Water\n|-supereffective|p1a: Glimmora\n|-enditem|p1a: Glimmora|Focus Sash\n|-damage|p1a: Glimmora|1\/100\n|-activate|p1a: Glimmora|ability: Toxic Debris\n|-sidestart|p2: zakpaskal|move: Toxic Spikes\n|\n|upkeep\n|\n|t:|1728760796\n|switch|p1b: Maushold|Maushold, L50|100\/100\n|turn|12\n|\n|t:|1728760807\n|switch|p2b: Kingambit|Kingambit, L50, M|80\/100\n|move|p1b: Maushold|Protect|p1b: Maushold\n|-singleturn|p1b: Maushold|Protect\n|move|p2a: Sneasler|Dire Claw|p1a: Glimmora\n|-resisted|p1a: Glimmora\n|-damage|p1a: Glimmora|0 fnt\n|-activate|p1a: Glimmora|ability: Toxic Debris\n|-sidestart|p2: zakpaskal|move: Toxic Spikes\n|faint|p1a: Glimmora\n|\n|upkeep\n|turn|13\n|-message|googer315 forfeited.\n|\n|win|zakpaskal\n|raw|googer315's rating: 1722 &rarr; <strong>1701<\/strong><br \/>(-21 for losing)\n|raw|zakpaskal's rating: 1706 &rarr; <strong>1727<\/strong><br \/>(+21 for winning)\n|l|\u2606googer315\n|player|p1|\n|l| Samevgcmons\n|c|\u2606zakpaskal|lol\n|l| bozobeach\n|l|\u2606zakpaskal\n|player|p2|\n","uploadtime":1728761060,"views":11,"formatid":"gen9vgc2024regh","rating":1701,"private":0,"password":null}