{"id":"gen9vgc2024regh-2221797250","format":"[Gen 9] VGC 2024 Reg H","players":["tyuiop112","lilikoal enjoyer"],"log":"|j|\u2606tyuiop112\n|j|\u2606lilikoal enjoyer\n|t:|1728788451\n|gametype|doubles\n|player|p1|tyuiop112|linebacker|1699\n|player|p2|lilikoal enjoyer|siebold|1683\n|teamsize|p1|6\n|teamsize|p2|6\n|gen|9\n|tier|[Gen 9] VGC 2024 Reg H\n|rated|\n|rule|Species Clause: Limit one of each Pok\u00e9mon\n|rule|Item Clause: Limit 1 of each item\n|clearpoke\n|poke|p1|Gholdengo, L50|\n|poke|p1|Dragonite, L50, F|\n|poke|p1|Sneasler, L50, F|\n|poke|p1|Ursaluna-Bloodmoon, L50, M|\n|poke|p1|Grimmsnarl, L50, M|\n|poke|p1|Incineroar, L50, F|\n|poke|p2|Gallade, L50, M|\n|poke|p2|Hatterene, L50, F|\n|poke|p2|Indeedee-F, L50, F|\n|poke|p2|Lilligant-Hisui, L50, F|\n|poke|p2|Torkoal, L50, M|\n|poke|p2|Ursaluna, L50, M|\n|teampreview|4\n|inactive|Battle timer is ON: inactive players will automatically lose when time's up. (requested by lilikoal enjoyer)\n|\n|t:|1728788461\n|start\n|switch|p1a: Incineroar|Incineroar, L50, F|100\/100\n|switch|p1b: Grimmsnarl|Grimmsnarl, L50, M|100\/100\n|switch|p2a: Indeedee|Indeedee-F, L50, F|100\/100\n|switch|p2b: Gallade|Gallade, L50, M|100\/100\n|-fieldstart|move: Psychic Terrain|[from] ability: Psychic Surge|[of] p2a: Indeedee\n|-ability|p1a: Incineroar|Intimidate|boost\n|-unboost|p2a: Indeedee|atk|1\n|-fail|p2b: Gallade|unboost|[from] item: Clear Amulet|[of] p2b: Gallade\n|turn|1\n|\n|t:|1728788481\n|switch|p1a: Gholdengo|Gholdengo, L50|100\/100\n|move|p1b: Grimmsnarl|Spirit Break|p2b: Gallade\n|-supereffective|p2b: Gallade\n|-damage|p2b: Gallade|21\/100\n|move|p2b: Gallade|Sacred Sword|p1a: Gholdengo\n|-immune|p1a: Gholdengo\n|move|p2a: Indeedee|Trick Room|p2a: Indeedee\n|-fieldstart|move: Trick Room|[of] p2a: Indeedee\n|\n|upkeep\n|turn|2\n|\n|t:|1728788502\n|move|p1b: Grimmsnarl|Reflect|p1b: Grimmsnarl\n|-sidestart|p1: tyuiop112|Reflect\n|move|p2b: Gallade|Sacred Sword|p1b: Grimmsnarl\n|-damage|p1b: Grimmsnarl|47\/100\n|move|p2a: Indeedee|Alluring Voice|p1b: Grimmsnarl\n|-supereffective|p1b: Grimmsnarl\n|-damage|p1b: Grimmsnarl|15\/100\n|move|p1a: Gholdengo|Make It Rain|p2b: Gallade|[spread] p2a,p2b\n|-crit|p2b: Gallade\n|-damage|p2a: Indeedee|54\/100\n|-damage|p2b: Gallade|0 fnt\n|-unboost|p1a: Gholdengo|spa|1\n|faint|p2b: Gallade\n|-damage|p1a: Gholdengo|91\/100|[from] item: Life Orb\n|\n|upkeep\n|\n|t:|1728788512\n|switch|p2b: Torkoal|Torkoal, L50, M|100\/100\n|-weather|SunnyDay|[from] ability: Drought|[of] p2b: Torkoal\n|turn|3\n|inactive|tyuiop112 has 30 seconds left.\n|inactive|tyuiop112 has 20 seconds left.\n|\n|t:|1728788547\n|-terastallize|p2b: Torkoal|Fire\n|-terastallize|p1a: Gholdengo|Water\n|move|p1b: Grimmsnarl|Light Screen|p1b: Grimmsnarl\n|-sidestart|p1: tyuiop112|move: Light Screen\n|move|p2b: Torkoal|Eruption|p1b: Grimmsnarl|[spread] p1a,p1b\n|-resisted|p1a: Gholdengo\n|-damage|p1a: Gholdengo|53\/100\n|-damage|p1b: Grimmsnarl|0 fnt\n|faint|p1b: Grimmsnarl\n|move|p2a: Indeedee|Alluring Voice|p1a: Gholdengo\n|-damage|p1a: Gholdengo|41\/100\n|move|p1a: Gholdengo|Nasty Plot|p1a: Gholdengo\n|-boost|p1a: Gholdengo|spa|2\n|\n|-weather|SunnyDay|[upkeep]\n|upkeep\n|\n|t:|1728788564\n|switch|p1b: Ursaluna|Ursaluna-Bloodmoon, L50, M|100\/100\n|turn|4\n|\n|t:|1728788586\n|move|p2a: Indeedee|Helping Hand|p2b: Torkoal\n|-singleturn|p2b: Torkoal|Helping Hand|[of] p2a: Indeedee\n|move|p1a: Gholdengo|Protect|p1a: Gholdengo\n|-singleturn|p1a: Gholdengo|Protect\n|move|p2b: Torkoal|Eruption|p1a: Gholdengo|[spread] p1b\n|-activate|p1a: Gholdengo|move: Protect\n|-damage|p1b: Ursaluna|17\/100\n|move|p1b: Ursaluna|Hyper Voice|p2a: Indeedee|[spread] p2a,p2b\n|-damage|p2a: Indeedee|20\/100\n|-damage|p2b: Torkoal|51\/100\n|\n|-weather|SunnyDay|[upkeep]\n|upkeep\n|turn|5\n|inactive|lilikoal enjoyer has 30 seconds left.\n|inactive|lilikoal enjoyer has 20 seconds left.\n|inactive|lilikoal enjoyer has 15 seconds left.\n|inactive|lilikoal enjoyer has 10 seconds left.\n|\n|t:|1728788632\n|switch|p1b: Incineroar|Incineroar, L50, F|100\/100\n|-ability|p1b: Incineroar|Intimidate|boost\n|-unboost|p2a: Indeedee|atk|1\n|-unboost|p2b: Torkoal|atk|1\n|move|p2a: Indeedee|Helping Hand|p2b: Torkoal\n|-singleturn|p2b: Torkoal|Helping Hand|[of] p2a: Indeedee\n|move|p2b: Torkoal|Eruption|p1a: Gholdengo|[spread] p1a,p1b\n|-resisted|p1a: Gholdengo\n|-crit|p1a: Gholdengo\n|-resisted|p1b: Incineroar\n|-damage|p1a: Gholdengo|0 fnt\n|-damage|p1b: Incineroar|72\/100\n|faint|p1a: Gholdengo\n|\n|-weather|SunnyDay|[upkeep]\n|-fieldend|move: Trick Room\n|-fieldend|move: Psychic Terrain\n|upkeep\n|\n|t:|1728788643\n|switch|p1a: Ursaluna|Ursaluna-Bloodmoon, L50, M|17\/100\n|turn|6\n|\n|t:|1728788654\n|move|p2b: Torkoal|Protect|p2b: Torkoal\n|-singleturn|p2b: Torkoal|Protect\n|move|p1a: Ursaluna|Hyper Voice|p2b: Torkoal|[spread] p2a\n|-activate|p2b: Torkoal|move: Protect\n|-damage|p2a: Indeedee|0 fnt\n|faint|p2a: Indeedee\n|move|p1b: Incineroar|Knock Off|p2b: Torkoal\n|-activate|p2b: Torkoal|move: Protect\n|\n|-weather|SunnyDay|[upkeep]\n|upkeep\n|\n|t:|1728788658\n|switch|p2a: Hatterene|Hatterene, L50, F|100\/100\n|turn|7\n|inactive|tyuiop112 has 30 seconds left.\n|inactive|tyuiop112 has 20 seconds left.\n|\n|t:|1728788697\n|move|p2a: Hatterene|Protect|p2a: Hatterene\n|-singleturn|p2a: Hatterene|Protect\n|move|p1a: Ursaluna|Earth Power|p2b: Torkoal\n|-supereffective|p2b: Torkoal\n|-damage|p2b: Torkoal|0 fnt\n|faint|p2b: Torkoal\n|move|p1b: Incineroar|Knock Off|p2a: Hatterene\n|-activate|p2a: Hatterene|move: Protect\n|\n|-weather|none\n|upkeep\n|turn|8\n|j| Therazer456\n|\n|t:|1728788710\n|move|p1a: Ursaluna|Blood Moon|p2a: Hatterene\n|-damage|p2a: Hatterene|14\/100\n|move|p1b: Incineroar|Flare Blitz|p2a: Hatterene\n|-damage|p2a: Hatterene|0 fnt\n|faint|p2a: Hatterene\n|-damage|p1b: Incineroar|69\/100|[from] Recoil\n|\n|win|tyuiop112\n|raw|tyuiop112's rating: 1699 &rarr; <strong>1718<\/strong><br \/>(+19 for winning)\n|raw|lilikoal enjoyer's rating: 1683 &rarr; <strong>1664<\/strong><br \/>(-19 for losing)\n|l|\u2606lilikoal enjoyer\n|player|p2|\n|l|\u2606tyuiop112\n|player|p1|\n|l| Therazer456\n","uploadtime":1728788986,"views":11,"formatid":"gen9vgc2024regh","rating":1664,"private":0,"password":null}