{"id":"gen9vgc2024regh-2221190584","format":"[Gen 9] VGC 2024 Reg H","players":["actuary97","bigbadbirdvgc"],"log":"|j|\u2606actuary97\n|j|\u2606bigbadbirdvgc\n|t:|1728704311\n|gametype|doubles\n|player|p1|actuary97|sabrina-frlg|1821\n|player|p2|bigbadbirdvgc|265|1790\n|teamsize|p1|6\n|teamsize|p2|6\n|gen|9\n|tier|[Gen 9] VGC 2024 Reg H\n|rated|\n|rule|Species Clause: Limit one of each Pok\u00e9mon\n|rule|Item Clause: Limit 1 of each item\n|clearpoke\n|poke|p1|Archaludon, L50, F|\n|poke|p1|Whimsicott, L50, F|\n|poke|p1|Gallade, L50, M|\n|poke|p1|Malamar, L50, F|\n|poke|p1|Indeedee, L50, M|\n|poke|p1|Drifblim, L50, F|\n|poke|p2|Basculegion, L50, M|\n|poke|p2|Pelipper, L50, F|\n|poke|p2|Archaludon, L50, M|\n|poke|p2|Sinistcha, L50|\n|poke|p2|Farigiraf, L50, M|\n|poke|p2|Grimmsnarl, L50, M|\n|teampreview|4\n|j| mr pogostick\n|j| don mcbozo\nactuary97 has agreed to open team sheets.\n|j| stewpeed\n|j| newbucket\n|\n|t:|1728704365\n|start\n|switch|p1a: Mischief Mother|Whimsicott, L50, F, shiny|100\/100\n|switch|p1b: Tapu Deedee|Indeedee, L50, M, shiny|100\/100\n|switch|p2a: Farigiraf|Farigiraf, L50, M|100\/100\n|switch|p2b: Grimmsnarl|Grimmsnarl, L50, M|100\/100\n|-fieldstart|move: Psychic Terrain|[from] ability: Psychic Surge|[of] p1b: Tapu Deedee\n|turn|1\n|l| don mcbozo\n|\n|t:|1728704385\n|move|p2b: Grimmsnarl|Light Screen|p2b: Grimmsnarl\n|-sidestart|p2: bigbadbirdvgc|move: Light Screen\n|move|p1a: Mischief Mother|Moonblast|p2b: Grimmsnarl\n|-supereffective|p2b: Grimmsnarl\n|-damage|p2b: Grimmsnarl|51\/100\n|move|p1b: Tapu Deedee|Dazzling Gleam|p2b: Grimmsnarl|[spread] p2a,p2b\n|-supereffective|p2b: Grimmsnarl\n|-damage|p2a: Farigiraf|79\/100\n|-damage|p2b: Grimmsnarl|11\/100\n|move|p2a: Farigiraf|Psychic|p1a: Mischief Mother\n|-damage|p1a: Mischief Mother|12\/100\n|\n|upkeep\n|turn|2\n|\n|t:|1728704402\n|switch|p1b: Bridget|Archaludon, L50, F, shiny|100\/100\n|switch|p2b: Sinistcha|Sinistcha, L50|100\/100\n|-heal|p2a: Farigiraf|100\/100|[from] ability: Hospitality|[of] p2b: Sinistcha\n|move|p1a: Mischief Mother|Beat Up|p1b: Bridget\n|-damage|p1b: Bridget|99\/100\n|-ability|p1b: Bridget|Stamina|boost\n|-boost|p1b: Bridget|def|1\n|-damage|p1b: Bridget|97\/100\n|-ability|p1b: Bridget|Stamina|boost\n|-boost|p1b: Bridget|def|1\n|-damage|p1b: Bridget|96\/100\n|-ability|p1b: Bridget|Stamina|boost\n|-boost|p1b: Bridget|def|1\n|-damage|p1b: Bridget|95\/100\n|-ability|p1b: Bridget|Stamina|boost\n|-boost|p1b: Bridget|def|1\n|-hitcount|p1b: Bridget|4\n|move|p2a: Farigiraf|Hyper Voice|p1a: Mischief Mother|[spread] p1a,p1b\n|-resisted|p1b: Bridget\n|-damage|p1a: Mischief Mother|0 fnt\n|-damage|p1b: Bridget|85\/100\n|-ability|p1b: Bridget|Stamina|boost\n|-boost|p1b: Bridget|def|1\n|faint|p1a: Mischief Mother\n|-enditem|p2a: Farigiraf|Throat Spray\n|-boost|p2a: Farigiraf|spa|1|[from] item: Throat Spray\n|\n|upkeep\n|\n|t:|1728704423\n|switch|p1a: Tapu Deedee|Indeedee, L50, M, shiny|100\/100\n|turn|3\n|\n|t:|1728704439\n|move|p2a: Farigiraf|Protect|p2a: Farigiraf\n|-singleturn|p2a: Farigiraf|Protect\n|move|p1a: Tapu Deedee|Expanding Force|p2b: Sinistcha|[spread] p2b\n|-activate|p2a: Farigiraf|move: Protect\n|-damage|p2b: Sinistcha|45\/100\n|-enditem|p2b: Sinistcha|Sitrus Berry|[eat]\n|-heal|p2b: Sinistcha|70\/100|[from] item: Sitrus Berry\n|move|p1b: Bridget|Snarl|p2a: Farigiraf|[spread] p2b\n|-activate|p2a: Farigiraf|move: Protect\n|-supereffective|p2b: Sinistcha\n|-damage|p2b: Sinistcha|53\/100\n|-unboost|p2b: Sinistcha|spa|1\n|move|p2b: Sinistcha|Trick Room|p2b: Sinistcha\n|-fieldstart|move: Trick Room|[of] p2b: Sinistcha\n|\n|upkeep\n|turn|4\n|\n|t:|1728704457\n|-terastallize|p2a: Farigiraf|Fighting\n|move|p2b: Sinistcha|Matcha Gotcha|p1a: Tapu Deedee|[spread] p1a,p1b\n|-resisted|p1b: Bridget\n|-damage|p1a: Tapu Deedee|78\/100\n|-heal|p2b: Sinistcha|61\/100|[from] drain|[of] p1a: Tapu Deedee\n|-damage|p1b: Bridget|82\/100\n|-heal|p2b: Sinistcha|63\/100|[from] drain|[of] p1b: Bridget\n|-ability|p1b: Bridget|Stamina|boost\n|-boost|p1b: Bridget|def|1\n|move|p2a: Farigiraf|Tera Blast|p1b: Bridget|[anim] Tera Blast Fighting\n|-supereffective|p1b: Bridget\n|-damage|p1b: Bridget|9\/100\n|move|p1b: Bridget|Snarl|p2b: Sinistcha|[spread] p2a,p2b\n|-resisted|p2a: Farigiraf\n|-supereffective|p2b: Sinistcha\n|-damage|p2a: Farigiraf|96\/100\n|-damage|p2b: Sinistcha|47\/100\n|-unboost|p2a: Farigiraf|spa|1\n|-unboost|p2b: Sinistcha|spa|1\n|move|p1a: Tapu Deedee|Expanding Force|p2a: Farigiraf|[spread] p2a,p2b\n|-supereffective|p2a: Farigiraf\n|-damage|p2a: Farigiraf|0 fnt\n|-damage|p2b: Sinistcha|0 fnt\n|faint|p2a: Farigiraf\n|faint|p2b: Sinistcha\n|\n|upkeep\n|c|\u2606actuary97|sick giraffe set\n|\n|t:|1728704480\n|switch|p2b: Basculegion|Basculegion, L50, M|100\/100\n|switch|p2a: Grimmsnarl|Grimmsnarl, L50, M|11\/100\n|turn|5\n|c|\u2606bigbadbirdvgc|tera fighting is good, i had calm mind over hyper voice before and i think it's better...\n|\n|t:|1728704519\n|move|p2a: Grimmsnarl|Burning Jealousy|p1a: Tapu Deedee|[spread] p1a,p1b\n|-damage|p1a: Tapu Deedee|62\/100\n|-damage|p1b: Bridget|1\/100\n|move|p2b: Basculegion|Wave Crash|p1a: Tapu Deedee\n|-damage|p1a: Tapu Deedee|0 fnt\n|faint|p1a: Tapu Deedee\n|-damage|p2b: Basculegion|87\/100|[from] Recoil\n|move|p1b: Bridget|Flash Cannon|p2a: Grimmsnarl\n|-supereffective|p2a: Grimmsnarl\n|-damage|p2a: Grimmsnarl|0 fnt\n|faint|p2a: Grimmsnarl\n|\n|-fieldend|move: Psychic Terrain\n|upkeep\n|\n|t:|1728704527\n|switch|p1a: \u2694\ufe0fKing\u2694\ufe0f|Gallade, L50, M, shiny|100\/100\n|turn|6\n|\n|t:|1728704547\n|move|p1a: \u2694\ufe0fKing\u2694\ufe0f|Protect|p1a: \u2694\ufe0fKing\u2694\ufe0f\n|-singleturn|p1a: \u2694\ufe0fKing\u2694\ufe0f|Protect\n|move|p2b: Basculegion|Last Respects|p1a: \u2694\ufe0fKing\u2694\ufe0f\n|-activate|p1a: \u2694\ufe0fKing\u2694\ufe0f|move: Protect\n|move|p1b: Bridget|Snarl|p2b: Basculegion\n|-supereffective|p2b: Basculegion\n|-damage|p2b: Basculegion|62\/100\n|-unboost|p2b: Basculegion|spa|1\n|\n|upkeep\n|turn|7\n|\n|t:|1728704566\n|-terastallize|p1a: \u2694\ufe0fKing\u2694\ufe0f|Grass\n|move|p2b: Basculegion|Last Respects|p1a: \u2694\ufe0fKing\u2694\ufe0f\n|-damage|p1a: \u2694\ufe0fKing\u2694\ufe0f|0 fnt\n|faint|p1a: \u2694\ufe0fKing\u2694\ufe0f\n|move|p1b: Bridget|Electro Shot||[still]\n|-prepare|p1b: Bridget|Electro Shot\n|-boost|p1b: Bridget|spa|1\n|\n|-fieldend|move: Trick Room\n|upkeep\n|turn|8\n|\n|t:|1728704575\n|move|p2b: Basculegion|Protect|p2b: Basculegion\n|-singleturn|p2b: Basculegion|Protect\n|move|p1b: Bridget|Electro Shot|p2b: Basculegion|[from]lockedmove\n|-activate|p2b: Basculegion|move: Protect\n|\n|-sideend|p2: bigbadbirdvgc|move: Light Screen\n|upkeep\n|turn|9\n|c|\u2606actuary97|I fucked that up\n|c|\u2606actuary97|I should've charged an e shot when I protect gallade\n|\n|t:|1728704594\n|move|p1b: Bridget|Snarl|p2b: Basculegion\n|-supereffective|p2b: Basculegion\n|-crit|p2b: Basculegion\n|-damage|p2b: Basculegion|0 fnt\n|faint|p2b: Basculegion\n|\n|win|actuary97\n|raw|actuary97's rating: 1821 &rarr; <strong>1839<\/strong><br \/>(+18 for winning)\n|raw|bigbadbirdvgc's rating: 1790 &rarr; <strong>1772<\/strong><br \/>(-18 for losing)\n|l| mr pogostick\n|l| newbucket\n|l| stewpeed\n|c|\u2606actuary97|oh I didn't know I outsped\n|c|\u2606bigbadbirdvgc|bailed haha gg\n|c|\u2606actuary97|gg\n","uploadtime":1728704631,"views":55,"formatid":"gen9vgc2024regh","rating":1772,"private":0,"password":null}