{"id":"gen9vgc2024regh-2221792696","format":"[Gen 9] VGC 2024 Reg H","players":["SOLOLUMINEONING","chiitancrazymascot"],"log":"|j|\u2606SOLOLUMINEONING\n|j|\u2606chiitancrazymascot\n|t:|1728787848\n|gametype|doubles\n|player|p1|SOLOLUMINEONING|magmasuit|1747\n|player|p2|chiitancrazymascot|pokemaniac|1758\n|teamsize|p1|6\n|teamsize|p2|6\n|gen|9\n|tier|[Gen 9] VGC 2024 Reg H\n|rated|\n|rule|Species Clause: Limit one of each Pok\u00e9mon\n|rule|Item Clause: Limit 1 of each item\n|clearpoke\n|poke|p1|Sneasler, L50, M|\n|poke|p1|Indeedee, L50, M|\n|poke|p1|Murkrow, L50, M|\n|poke|p1|Dragapult, L50, M|\n|poke|p1|Maushold, L50|\n|poke|p1|Delphox, L50, M|\n|poke|p2|Annihilape, L50, F|\n|poke|p2|Dondozo, L50, F|\n|poke|p2|Maushold-Four, L50|\n|poke|p2|Whimsicott, L50, F|\n|poke|p2|Tatsugiri, L50, F|\n|poke|p2|Dragonite, L50, F|\n|teampreview|4\n|inactive|Battle timer is ON: inactive players will automatically lose when time's up. (requested by chiitancrazymascot)\n|inactive|SOLOLUMINEONING also wants the timer to be on.\n|j| Therazer456\n|inactive|SOLOLUMINEONING has 60 seconds left.\n|j| THUNDERSND77\n|\n|t:|1728787894\n|start\n|switch|p1a: Luis Carruthers|Murkrow, L50, M, shiny|100\/100\n|switch|p1b: Marcus Halberstram|Dragapult, L50, M|100\/100\n|switch|p2a: Maushold|Maushold-Four, L50|100\/100\n|switch|p2b: Annihilape|Annihilape, L50, F, shiny|100\/100\n|turn|1\n|\n|t:|1728787917\n|move|p1b: Marcus Halberstram|Dragon Darts|p2a: Maushold\n|-damage|p2a: Maushold|46\/100\n|-anim|p1b: Marcus Halberstram|Dragon Darts|p2b: Annihilape\n|-crit|p2b: Annihilape\n|-damage|p2b: Annihilape|57\/100\n|move|p2a: Maushold|Beat Up|p2b: Annihilape\n|-damage|p2b: Annihilape|55\/100\n|-damage|p2b: Annihilape|52\/100\n|-damage|p2b: Annihilape|50\/100\n|-enditem|p2b: Annihilape|Sitrus Berry|[eat]\n|-heal|p2b: Annihilape|75\/100|[from] item: Sitrus Berry\n|-crit|p2b: Annihilape\n|-damage|p2b: Annihilape|71\/100\n|-hitcount|p2b: Annihilape|4\n|move|p2b: Annihilape|Rage Fist|p1b: Marcus Halberstram\n|-supereffective|p1b: Marcus Halberstram\n|-damage|p1b: Marcus Halberstram|0 fnt\n|faint|p1b: Marcus Halberstram\n|move|p1a: Luis Carruthers|Foul Play|p2b: Annihilape\n|-damage|p2b: Annihilape|40\/100\n|\n|upkeep\n|\n|t:|1728787925\n|switch|p1b: Patrick Bateman|Indeedee, L50, M, shiny|100\/100\n|-fieldstart|move: Psychic Terrain|[from] ability: Psychic Surge|[of] p1b: Patrick Bateman\n|turn|2\n|\n|t:|1728787942\n|move|p2b: Annihilape|Protect|p2b: Annihilape\n|-singleturn|p2b: Annihilape|Protect\n|move|p1a: Luis Carruthers|Tailwind|p1a: Luis Carruthers\n|-sidestart|p1: SOLOLUMINEONING|move: Tailwind\n|move|p1b: Patrick Bateman|Expanding Force|p2a: Maushold|[spread] p2a\n|-activate|p2b: Annihilape|move: Protect\n|-damage|p2a: Maushold|0 fnt\n|faint|p2a: Maushold\n|\n|upkeep\n|\n|t:|1728787946\n|switch|p2a: Whimsicott|Whimsicott, L50, F, shiny|100\/100\n|turn|3\n|\n|t:|1728787960\n|switch|p2b: Dragonite|Dragonite, L50, F, shiny|100\/100\n|move|p2a: Whimsicott|Misty Terrain|p2a: Whimsicott\n|-fieldstart|move: Misty Terrain\n|move|p1b: Patrick Bateman|Expanding Force|p2b: Dragonite\n|-damage|p2b: Dragonite|89\/100\n|move|p1a: Luis Carruthers|Foul Play|p2b: Dragonite\n|-damage|p2b: Dragonite|35\/100\n|\n|upkeep\n|turn|4\n|\n|t:|1728787983\n|move|p2b: Dragonite|Extreme Speed|p1b: Patrick Bateman\n|-damage|p1b: Patrick Bateman|29\/100\n|move|p2a: Whimsicott|Light Screen|p2a: Whimsicott\n|-sidestart|p2: chiitancrazymascot|move: Light Screen\n|move|p1b: Patrick Bateman|Expanding Force|p2b: Dragonite\n|-damage|p2b: Dragonite|20\/100\n|move|p1a: Luis Carruthers|Foul Play|p2b: Dragonite\n|-damage|p2b: Dragonite|0 fnt\n|faint|p2b: Dragonite\n|\n|upkeep\n|\n|t:|1728787987\n|switch|p2b: Annihilape|Annihilape, L50, F, shiny|40\/100\n|turn|5\n|j| Happppyyyyyy\n|inactive|chiitancrazymascot has 30 seconds left.\n|\n|t:|1728788018\n|move|p2b: Annihilape|Protect|p2b: Annihilape\n|-singleturn|p2b: Annihilape|Protect\n|move|p2a: Whimsicott|Tailwind|p2a: Whimsicott\n|-sidestart|p2: chiitancrazymascot|move: Tailwind\n|move|p1b: Patrick Bateman|Expanding Force|p2b: Annihilape\n|-activate|p2b: Annihilape|move: Protect\n|move|p1a: Luis Carruthers|Foul Play|p2b: Annihilape\n|-activate|p2b: Annihilape|move: Protect\n|\n|-sideend|p1: SOLOLUMINEONING|move: Tailwind\n|upkeep\n|turn|6\n|\n|t:|1728788027\n|move|p1a: Luis Carruthers|Tailwind|p1a: Luis Carruthers\n|-sidestart|p1: SOLOLUMINEONING|move: Tailwind\n|move|p2a: Whimsicott|Moonblast|p1b: Patrick Bateman\n|-damage|p1b: Patrick Bateman|0 fnt\n|faint|p1b: Patrick Bateman\n|move|p2b: Annihilape|Rage Fist|p1a: Luis Carruthers\n|-resisted|p1a: Luis Carruthers\n|-damage|p1a: Luis Carruthers|18\/100\n|\n|upkeep\n|\n|t:|1728788029\n|switch|p1b: David Van Patten|Delphox, L50, M|100\/100\n|turn|7\n|\n|t:|1728788043\n|-terastallize|p2b: Annihilape|Fire\n|move|p1a: Luis Carruthers|Sunny Day|p1a: Luis Carruthers\n|-weather|SunnyDay\n|move|p2a: Whimsicott|Moonblast|p1a: Luis Carruthers\n|-supereffective|p1a: Luis Carruthers\n|-damage|p1a: Luis Carruthers|0 fnt\n|faint|p1a: Luis Carruthers\n|move|p1b: David Van Patten|Heat Wave|p2a: Whimsicott|[spread] p2a,p2b\n|-supereffective|p2a: Whimsicott\n|-crit|p2a: Whimsicott\n|-resisted|p2b: Annihilape\n|-damage|p2a: Whimsicott|0 fnt\n|-damage|p2b: Annihilape|24\/100\n|faint|p2a: Whimsicott\n|-damage|p1b: David Van Patten|91\/100|[from] item: Life Orb\n|move|p2b: Annihilape|Rage Fist|p1b: David Van Patten\n|-supereffective|p1b: David Van Patten\n|-damage|p1b: David Van Patten|0 fnt\n|faint|p1b: David Van Patten\n|\n|win|chiitancrazymascot\n|raw|SOLOLUMINEONING's rating: 1747 &rarr; <strong>1728<\/strong><br \/>(-19 for losing)\n|raw|chiitancrazymascot's rating: 1758 &rarr; <strong>1777<\/strong><br \/>(+19 for winning)\n|l|\u2606SOLOLUMINEONING\n|player|p1|\n|l| Happppyyyyyy\n|l| THUNDERSND77\n|l|\u2606chiitancrazymascot\n|player|p2|\n|l| Therazer456\n","uploadtime":1728788076,"views":70,"formatid":"gen9vgc2024regh","rating":1728,"private":0,"password":null}