{"id":"gen9vgc2024regh-2221991536","format":"[Gen 9] VGC 2024 Reg H","players":["zugasteam","Bahamate"],"log":"|j|\u2606zugasteam\n|j|\u2606Bahamate\n|t:|1728823870\n|gametype|doubles\n|player|p1|zugasteam|169|1791\n|player|p2|Bahamate|grimsley|1668\n|teamsize|p1|6\n|teamsize|p2|6\n|gen|9\n|tier|[Gen 9] VGC 2024 Reg H\n|rated|\n|rule|Species Clause: Limit one of each Pok\u00e9mon\n|rule|Item Clause: Limit 1 of each item\n|clearpoke\n|poke|p1|Archaludon, L50, F|\n|poke|p1|Incineroar, L50, F|\n|poke|p1|Pelipper, L50, M|\n|poke|p1|Amoonguss, L50, F|\n|poke|p1|Basculegion, L50, M|\n|poke|p1|Maushold, L50|\n|poke|p2|Grimmsnarl, L50, M|\n|poke|p2|Sinistcha, L50|\n|poke|p2|Gholdengo, L50|\n|poke|p2|Palafin, L50, F|\n|poke|p2|Rillaboom, L50, M|\n|poke|p2|Incineroar, L50, M|\n|teampreview|4\n|\n|t:|1728823908\n|start\n|switch|p1a: Archaludon|Archaludon, L50, F|100\/100\n|switch|p1b: Maushold|Maushold, L50|100\/100\n|switch|p2a: Grimmsnarl|Grimmsnarl, L50, M, shiny|100\/100\n|switch|p2b: Gholdengo|Gholdengo, L50|100\/100\n|turn|1\n|\n|t:|1728823921\n|switch|p1a: Incineroar|Incineroar, L50, F|100\/100\n|-ability|p1a: Incineroar|Intimidate|boost\n|-unboost|p2a: Grimmsnarl|atk|1\n|-unboost|p2b: Gholdengo|atk|1\n|move|p2a: Grimmsnarl|Light Screen|p2a: Grimmsnarl\n|-sidestart|p2: Bahamate|move: Light Screen\n|move|p1b: Maushold|Population Bomb|p2a: Grimmsnarl\n|-damage|p2a: Grimmsnarl|88\/100\n|-damage|p2a: Grimmsnarl|75\/100\n|-damage|p2a: Grimmsnarl|61\/100\n|-damage|p2a: Grimmsnarl|49\/100\n|-damage|p2a: Grimmsnarl|35\/100\n|-damage|p2a: Grimmsnarl|21\/100\n|-damage|p2a: Grimmsnarl|7\/100\n|-damage|p2a: Grimmsnarl|0 fnt\n|faint|p2a: Grimmsnarl\n|-hitcount|p2: Grimmsnarl|8\n|move|p2b: Gholdengo|Nasty Plot|p2b: Gholdengo\n|-boost|p2b: Gholdengo|spa|2\n|\n|upkeep\n|\n|t:|1728823933\n|switch|p2a: Rillaboom|Rillaboom, L50, M|100\/100\n|-fieldstart|move: Grassy Terrain|[from] ability: Grassy Surge|[of] p2a: Rillaboom\n|turn|2\n|\n|t:|1728823954\n|switch|p1a: Archaludon|Archaludon, L50, F|100\/100\n|-terastallize|p2b: Gholdengo|Water\n|move|p2a: Rillaboom|Fake Out|p1b: Maushold\n|-damage|p1b: Maushold|78\/100\n|cant|p1b: Maushold|flinch\n|move|p2b: Gholdengo|Nasty Plot|p2b: Gholdengo\n|-boost|p2b: Gholdengo|spa|2\n|\n|-heal|p1b: Maushold|84\/100|[from] Grassy Terrain\n|upkeep\n|turn|3\n|\n|t:|1728823985\n|switch|p2a: Sinistcha|Sinistcha, L50|100\/100\n|switch|p1a: Basculegion|Basculegion, L50, M|100\/100\n|move|p2b: Gholdengo|Protect|p2b: Gholdengo\n|-singleturn|p2b: Gholdengo|Protect\n|move|p1b: Maushold|Population Bomb|p2a: Sinistcha\n|-immune|p2a: Sinistcha\n|\n|-heal|p1b: Maushold|90\/100|[from] Grassy Terrain\n|upkeep\n|turn|4\n|j| furreto testo\n|\n|t:|1728824002\n|move|p2a: Sinistcha|Rage Powder|p2a: Sinistcha\n|-singleturn|p2a: Sinistcha|move: Rage Powder\n|move|p1b: Maushold|Taunt|p2a: Sinistcha\n|-start|p2a: Sinistcha|move: Taunt\n|move|p1a: Basculegion|Last Respects|p2a: Sinistcha\n|-supereffective|p2a: Sinistcha\n|-damage|p2a: Sinistcha|63\/100\n|move|p2b: Gholdengo|Shadow Ball|p1a: Basculegion\n|-supereffective|p1a: Basculegion\n|-damage|p1a: Basculegion|0 fnt\n|faint|p1a: Basculegion\n|\n|-heal|p1b: Maushold|96\/100|[from] Grassy Terrain\n|-heal|p2a: Sinistcha|70\/100|[from] Grassy Terrain\n|upkeep\n|\n|t:|1728824017\n|switch|p1a: Archaludon|Archaludon, L50, F|100\/100\n|turn|5\n|\n|t:|1728824038\n|switch|p2a: Rillaboom|Rillaboom, L50, M|100\/100\n|move|p1b: Maushold|Population Bomb|p1a: Archaludon\n|-resisted|p1a: Archaludon\n|-damage|p1a: Archaludon|96\/100\n|-ability|p1a: Archaludon|Stamina|boost\n|-boost|p1a: Archaludon|def|1\n|-resisted|p1a: Archaludon\n|-damage|p1a: Archaludon|94\/100\n|-ability|p1a: Archaludon|Stamina|boost\n|-boost|p1a: Archaludon|def|1\n|-resisted|p1a: Archaludon\n|-damage|p1a: Archaludon|92\/100\n|-ability|p1a: Archaludon|Stamina|boost\n|-boost|p1a: Archaludon|def|1\n|-resisted|p1a: Archaludon\n|-damage|p1a: Archaludon|90\/100\n|-ability|p1a: Archaludon|Stamina|boost\n|-boost|p1a: Archaludon|def|1\n|-resisted|p1a: Archaludon\n|-damage|p1a: Archaludon|89\/100\n|-ability|p1a: Archaludon|Stamina|boost\n|-boost|p1a: Archaludon|def|1\n|-resisted|p1a: Archaludon\n|-damage|p1a: Archaludon|87\/100\n|-ability|p1a: Archaludon|Stamina|boost\n|-boost|p1a: Archaludon|def|1\n|-resisted|p1a: Archaludon\n|-damage|p1a: Archaludon|86\/100\n|-resisted|p1a: Archaludon\n|-damage|p1a: Archaludon|85\/100\n|-resisted|p1a: Archaludon\n|-damage|p1a: Archaludon|84\/100\n|-resisted|p1a: Archaludon\n|-damage|p1a: Archaludon|82\/100\n|-hitcount|p1a: Archaludon|10\n|move|p1a: Archaludon|Body Press|p2b: Gholdengo\n|-damage|p2b: Gholdengo|30\/100\n|move|p2b: Gholdengo|Make It Rain|p1a: Archaludon|[spread] p1a,p1b\n|-resisted|p1a: Archaludon\n|-damage|p1a: Archaludon|37\/100\n|-damage|p1b: Maushold|0 fnt\n|-unboost|p2b: Gholdengo|spa|1\n|faint|p1b: Maushold\n|\n|-heal|p1a: Archaludon|43\/100|[from] Grassy Terrain\n|-heal|p2b: Gholdengo|37\/100|[from] Grassy Terrain\n|-heal|p2b: Gholdengo|43\/100|[from] item: Leftovers\n|upkeep\n|\n|t:|1728824044\n|switch|p1b: Incineroar|Incineroar, L50, F|100\/100\n|-ability|p1b: Incineroar|Intimidate|boost\n|-unboost|p2a: Rillaboom|atk|1\n|-unboost|p2b: Gholdengo|atk|1\n|turn|6\n|\n|t:|1728824056\n|switch|p2a: Sinistcha|Sinistcha, L50|70\/100\n|-heal|p2b: Gholdengo|68\/100|[from] ability: Hospitality|[of] p2a: Sinistcha\n|move|p2b: Gholdengo|Protect|p2b: Gholdengo\n|-singleturn|p2b: Gholdengo|Protect\n|move|p1a: Archaludon|Body Press|p2b: Gholdengo\n|-activate|p2b: Gholdengo|move: Protect\n|move|p1b: Incineroar|Knock Off|p2b: Gholdengo\n|-activate|p2b: Gholdengo|move: Protect\n|\n|-heal|p1a: Archaludon|49\/100|[from] Grassy Terrain\n|-heal|p2b: Gholdengo|74\/100|[from] Grassy Terrain\n|-heal|p2b: Gholdengo|80\/100|[from] item: Leftovers\n|-heal|p2a: Sinistcha|76\/100|[from] Grassy Terrain\n|-fieldend|move: Grassy Terrain\n|upkeep\n|turn|7\n|j| premover38\n|\n|t:|1728824079\n|-terastallize|p1a: Archaludon|Grass\n|move|p1a: Archaludon|Body Press|p2b: Gholdengo\n|-damage|p2b: Gholdengo|6\/100\n|move|p2b: Gholdengo|Shadow Ball|p1a: Archaludon\n|-damage|p1a: Archaludon|0 fnt\n|faint|p1a: Archaludon\n|move|p2a: Sinistcha|Strength Sap|p1b: Incineroar\n|-unboost|p1b: Incineroar|atk|1\n|-heal|p2a: Sinistcha|100\/100\n|move|p1b: Incineroar|Knock Off|p2b: Gholdengo\n|-damage|p2b: Gholdengo|0 fnt\n|-enditem|p2b: Gholdengo|Leftovers|[from] move: Knock Off|[of] p1b: Incineroar\n|faint|p2b: Gholdengo\n|\n|upkeep\n|\n|t:|1728824088\n|switch|p2b: Rillaboom|Rillaboom, L50, M|100\/100\n|-fieldstart|move: Grassy Terrain|[from] ability: Grassy Surge|[of] p2b: Rillaboom\n|turn|8\n|\n|t:|1728824096\n|move|p2b: Rillaboom|Fake Out|p1b: Incineroar\n|-crit|p1b: Incineroar\n|-damage|p1b: Incineroar|82\/100\n|move|p2a: Sinistcha|Strength Sap|p1b: Incineroar\n|-unboost|p1b: Incineroar|atk|1\n|cant|p1b: Incineroar|flinch\n|\n|-heal|p1b: Incineroar|88\/100|[from] Grassy Terrain\n|-sideend|p2: Bahamate|move: Light Screen\n|upkeep\n|turn|9\n|\n|t:|1728824106\n|move|p2b: Rillaboom|High Horsepower|p1b: Incineroar\n|-supereffective|p1b: Incineroar\n|-damage|p1b: Incineroar|29\/100\n|move|p2a: Sinistcha|Matcha Gotcha|p1b: Incineroar\n|-resisted|p1b: Incineroar\n|-damage|p1b: Incineroar|12\/100\n|move|p1b: Incineroar|Flare Blitz|p2b: Rillaboom\n|-supereffective|p2b: Rillaboom\n|-damage|p2b: Rillaboom|53\/100\n|-damage|p1b: Incineroar|0 fnt|[from] Recoil\n|faint|p1b: Incineroar\n|\n|win|Bahamate\n|raw|zugasteam's rating: 1791 &rarr; <strong>1764<\/strong><br \/>(-27 for losing)\n|raw|Bahamate's rating: 1668 &rarr; <strong>1695<\/strong><br \/>(+27 for winning)\n|l|\u2606zugasteam\n|player|p1|\n|l|\u2606Bahamate\n|player|p2|\n|l| premover38\n","uploadtime":1728824287,"views":33,"formatid":"gen9vgc2024regh","rating":1695,"private":0,"password":null}