{"id":"gen9vgc2024regh-2221810157","format":"[Gen 9] VGC 2024 Reg H","players":["mezobasha","Iamsliverfish"],"log":"|j|\u2606mezobasha\n|j|\u2606Iamsliverfish\n|t:|1728790188\n|gametype|doubles\n|player|p1|mezobasha|101|1649\n|player|p2|Iamsliverfish|hiker-gen4|1792\n|teamsize|p1|6\n|teamsize|p2|6\n|gen|9\n|tier|[Gen 9] VGC 2024 Reg H\n|rated|\n|rule|Species Clause: Limit one of each Pok\u00e9mon\n|rule|Item Clause: Limit 1 of each item\n|clearpoke\n|poke|p1|Armarouge, L50, F|\n|poke|p1|Indeedee-F, L50, F|\n|poke|p1|Ursaluna, L50, F|\n|poke|p1|Gallade, L50, M|\n|poke|p1|Torkoal, L50, F|\n|poke|p1|Lilligant-Hisui, L50, F|\n|poke|p2|Rillaboom, L50, M|\n|poke|p2|Incineroar, L50, M|\n|poke|p2|Kommo-o, L50, M|\n|poke|p2|Gholdengo, L50|\n|poke|p2|Farigiraf, L50, M|\n|poke|p2|Ursaluna-Bloodmoon, L50, M|\n|teampreview|4\n|inactive|Battle timer is ON: inactive players will automatically lose when time's up. (requested by mezobasha)\n|\n|t:|1728790205\n|start\n|switch|p1a: Gallade|Gallade, L50, M|100\/100\n|switch|p1b: Armarouge|Armarouge, L50, F|100\/100\n|switch|p2a: Incineroar|Incineroar, L50, M|100\/100\n|switch|p2b: Gholdengo|Gholdengo, L50|100\/100\n|-ability|p2a: Incineroar|Intimidate|boost\n|-fail|p1a: Gallade|unboost|[from] item: Clear Amulet|[of] p1a: Gallade\n|-unboost|p1b: Armarouge|atk|1\n|turn|1\n|inactive|Iamsliverfish has 30 seconds left.\n|\n|t:|1728790231\n|-terastallize|p2b: Gholdengo|Fairy\n|-terastallize|p1a: Gallade|Fire\n|move|p1b: Armarouge|Protect|p1b: Armarouge\n|-singleturn|p1b: Armarouge|Protect\n|move|p2b: Gholdengo|Dazzling Gleam|p1b: Armarouge|[spread] p1a\n|-activate|p1b: Armarouge|move: Protect\n|-resisted|p1a: Gallade\n|-damage|p1a: Gallade|78\/100\n|move|p2a: Incineroar|Knock Off|p1b: Armarouge\n|-activate|p1b: Armarouge|move: Protect\n|move|p1a: Gallade|Sacred Sword|p2a: Incineroar\n|-supereffective|p2a: Incineroar\n|-damage|p2a: Incineroar|0 fnt\n|faint|p2a: Incineroar\n|\n|upkeep\n|\n|t:|1728790238\n|switch|p2a: Rillaboom|Rillaboom, L50, M|100\/100\n|-fieldstart|move: Grassy Terrain|[from] ability: Grassy Surge|[of] p2a: Rillaboom\n|turn|2\n|inactive|mezobasha has 30 seconds left.\n|inactive|mezobasha has 20 seconds left.\n|\n|t:|1728790274\n|switch|p1b: Indeedee|Indeedee-F, L50, F|100\/100\n|-fieldstart|move: Psychic Terrain|[from] ability: Psychic Surge|[of] p1b: Indeedee\n|-enditem|p1b: Indeedee|Psychic Seed\n|-boost|p1b: Indeedee|spd|1|[from] item: Psychic Seed\n|move|p2b: Gholdengo|Dazzling Gleam|p1a: Gallade|[spread] p1a,p1b\n|-resisted|p1a: Gallade\n|-damage|p1a: Gallade|55\/100\n|-damage|p1b: Indeedee|72\/100\n|move|p2a: Rillaboom|Wood Hammer|p1a: Gallade\n|-resisted|p1a: Gallade\n|-damage|p1a: Gallade|18\/100\n|-damage|p2a: Rillaboom|90\/100|[from] Recoil\n|move|p1a: Gallade|Trick Room|p1a: Gallade\n|-fieldstart|move: Trick Room|[of] p1a: Gallade\n|\n|upkeep\n|turn|3\n|inactive|mezobasha has 30 seconds left.\n|\n|t:|1728790308\n|switch|p2b: Ursaluna|Ursaluna-Bloodmoon, L50, M|100\/100\n|move|p1a: Gallade|Sacred Sword|p2a: Rillaboom\n|-damage|p2a: Rillaboom|15\/100\n|-damage|p1a: Gallade|1\/100|[from] item: Rocky Helmet|[of] p2a: Rillaboom\n|move|p1b: Indeedee|Psychic|p2a: Rillaboom\n|-damage|p2a: Rillaboom|0 fnt\n|faint|p2a: Rillaboom\n|\n|upkeep\n|\n|t:|1728790321\n|switch|p2a: Gholdengo|Gholdengo, L50, tera:Fairy|100\/100\n|turn|4\n|inactive|Iamsliverfish has 30 seconds left.\n|j| GameLurker69\n|inactive|Iamsliverfish has 20 seconds left.\n|inactive|Iamsliverfish has 15 seconds left.\n|inactive|Iamsliverfish has 10 seconds left.\n|\n|t:|1728790370\n|move|p2b: Ursaluna|Earth Power|p1a: Gallade\n|-supereffective|p1a: Gallade\n|-damage|p1a: Gallade|0 fnt\n|faint|p1a: Gallade\n|move|p1b: Indeedee|Psychic|p2a: Gholdengo\n|-crit|p2a: Gholdengo\n|-damage|p2a: Gholdengo|25\/100\n|move|p2a: Gholdengo|Power Gem|p1b: Indeedee\n|-damage|p1b: Indeedee|43\/100\n|\n|upkeep\n|\n|t:|1728790380\n|switch|p1a: Torkoal|Torkoal, L50, F|100\/100\n|-weather|SunnyDay|[from] ability: Drought|[of] p1a: Torkoal\n|turn|5\n|\n|t:|1728790389\n|move|p1a: Torkoal|Eruption|p2b: Ursaluna|[spread] p2a,p2b\n|-damage|p2a: Gholdengo|0 fnt\n|-damage|p2b: Ursaluna|36\/100\n|faint|p2a: Gholdengo\n|move|p2b: Ursaluna|Hyper Voice|p1a: Torkoal|[spread] p1a,p1b\n|-damage|p1a: Torkoal|50\/100\n|-damage|p1b: Indeedee|16\/100\n|move|p1b: Indeedee|Psychic|p2b: Ursaluna\n|-damage|p2b: Ursaluna|8\/100\n|\n|-weather|SunnyDay|[upkeep]\n|upkeep\n|turn|6\n|-message|Iamsliverfish forfeited.\n|\n|win|mezobasha\n|raw|mezobasha's rating: 1649 &rarr; <strong>1677<\/strong><br \/>(+28 for winning)\n|raw|Iamsliverfish's rating: 1792 &rarr; <strong>1764<\/strong><br \/>(-28 for losing)\n|l|\u2606Iamsliverfish\n|player|p2|\n|l|\u2606mezobasha\n|player|p1|\n","uploadtime":1728790649,"views":11,"formatid":"gen9vgc2024regh","rating":1677,"private":0,"password":null}