{"id":"gen9vgc2024regh-2221725058","format":"[Gen 9] VGC 2024 Reg H","players":["furreto testo","Topperlecat"],"log":"|j|\u2606furreto testo\n|j|\u2606Topperlecat\n|t:|1728779017\n|gametype|doubles\n|player|p1|furreto testo|lacey|1748\n|player|p2|Topperlecat|aquasuit|1719\n|teamsize|p1|6\n|teamsize|p2|6\n|gen|9\n|tier|[Gen 9] VGC 2024 Reg H\n|rated|\n|rule|Species Clause: Limit one of each Pok\u00e9mon\n|rule|Item Clause: Limit 1 of each item\n|clearpoke\n|poke|p1|Furret, L50, F|\n|poke|p1|Gholdengo, L50|\n|poke|p1|Incineroar, L50, F|\n|poke|p1|Primarina, L50, F|\n|poke|p1|Rillaboom, L50, F|\n|poke|p1|Sneasler, L50, F|\n|poke|p2|Dondozo, L50, M|\n|poke|p2|Tatsugiri, L50, M|\n|poke|p2|Weezing-Galar, L50, M|\n|poke|p2|Corviknight, L50, F|\n|poke|p2|Garchomp, L50, F|\n|poke|p2|Kingambit, L50, F|\n|teampreview|4\n|c|\u2606Topperlecat|Glhf\nfurreto testo rejected open team sheets.\n|\n|t:|1728779048\n|start\n|switch|p1a: Churro|Gholdengo, L50, shiny|100\/100\n|switch|p1b: Key Lime|Rillaboom, L50, F, shiny|100\/100\n|switch|p2a: Corviknight|Corviknight, L50, F|100\/100\n|switch|p2b: Garchomp|Garchomp, L50, F|100\/100\n|-fieldstart|move: Grassy Terrain|[from] ability: Grassy Surge|[of] p1b: Key Lime\n|turn|1\n|\n|t:|1728779065\n|move|p1b: Key Lime|Fake Out|p2b: Garchomp\n|-damage|p2b: Garchomp|86\/100\n|-damage|p1b: Key Lime|88\/100|[from] ability: Rough Skin|[of] p2b: Garchomp\n|cant|p2b: Garchomp|flinch\n|move|p1a: Churro|Nasty Plot|p1a: Churro\n|-boost|p1a: Churro|spa|2\n|move|p2a: Corviknight|Tailwind|p2a: Corviknight\n|-sidestart|p2: Topperlecat|move: Tailwind\n|\n|-heal|p2b: Garchomp|92\/100|[from] Grassy Terrain\n|-heal|p1b: Key Lime|94\/100|[from] Grassy Terrain\n|upkeep\n|turn|2\n|\n|t:|1728779075\n|move|p1a: Churro|Protect|p1a: Churro\n|-singleturn|p1a: Churro|Protect\n|move|p2b: Garchomp|Stomping Tantrum|p1a: Churro\n|-activate|p1a: Churro|move: Protect\n|move|p2a: Corviknight|Brave Bird|p1b: Key Lime\n|-supereffective|p1b: Key Lime\n|-damage|p1b: Key Lime|11\/100\n|-damage|p2a: Corviknight|73\/100|[from] Recoil\n|move|p1b: Key Lime|Wood Hammer|p2b: Garchomp\n|-damage|p2b: Garchomp|0 fnt\n|-damage|p1b: Key Lime|0 fnt|[from] ability: Rough Skin|[of] p2b: Garchomp\n|faint|p2b: Garchomp\n|faint|p1b: Key Lime\n|\n|upkeep\n|\n|t:|1728779082\n|switch|p2b: Dondozo|Dondozo, L50, M|100\/100\n|switch|p1b: Fruit Tart|Sneasler, L50, F, shiny|100\/100\n|-enditem|p1b: Fruit Tart|Grassy Seed\n|-boost|p1b: Fruit Tart|def|1|[from] item: Grassy Seed\n|turn|3\n|\n|t:|1728779104\n|-terastallize|p1a: Churro|Dragon\n|move|p2b: Dondozo|Protect|p2b: Dondozo\n|-singleturn|p2b: Dondozo|Protect\n|move|p1b: Fruit Tart|Dire Claw|p2b: Dondozo\n|-activate|p2b: Dondozo|move: Protect\n|move|p2a: Corviknight|Brave Bird|p1b: Fruit Tart\n|-supereffective|p1b: Fruit Tart\n|-damage|p1b: Fruit Tart|0 fnt\n|faint|p1b: Fruit Tart\n|-damage|p2a: Corviknight|48\/100|[from] Recoil\n|-enditem|p2a: Corviknight|Sitrus Berry|[eat]\n|-heal|p2a: Corviknight|73\/100|[from] item: Sitrus Berry\n|move|p1a: Churro|Shadow Ball|p2a: Corviknight\n|-damage|p2a: Corviknight|0 fnt\n|faint|p2a: Corviknight\n|-damage|p1a: Churro|91\/100|[from] item: Life Orb\n|\n|-heal|p1a: Churro|97\/100|[from] Grassy Terrain\n|upkeep\n|j| T.hansen\n|\n|t:|1728779110\n|switch|p1b: Cupcake|Primarina, L50, F, shiny|100\/100\n|switch|p2a: Tatsugiri|Tatsugiri, L50, M, shiny|100\/100\n|-activate|p2a: Tatsugiri|ability: Commander|[of] p2b: Dondozo\n|-boost|p2b: Dondozo|atk|2\n|-boost|p2b: Dondozo|spa|2\n|-boost|p2b: Dondozo|spe|2\n|-boost|p2b: Dondozo|def|2\n|-boost|p2b: Dondozo|spd|2\n|turn|4\n|\n|t:|1728779117\n|move|p1a: Churro|Protect|p1a: Churro\n|-singleturn|p1a: Churro|Protect\n|move|p2b: Dondozo|Wave Crash|p1b: Cupcake\n|-resisted|p1b: Cupcake\n|-damage|p1b: Cupcake|41\/100\n|-damage|p2b: Dondozo|85\/100|[from] Recoil\n|move|p1b: Cupcake|Haze|p1b: Cupcake\n|-clearallboost\n|\n|-heal|p2b: Dondozo|91\/100|[from] Grassy Terrain\n|-heal|p1a: Churro|100\/100|[from] Grassy Terrain\n|-heal|p1b: Cupcake|47\/100|[from] Grassy Terrain\n|-sideend|p2: Topperlecat|move: Tailwind\n|upkeep\n|turn|5\n|\n|t:|1728779121\n|move|p1a: Churro|Shadow Ball|p2b: Dondozo\n|-damage|p2b: Dondozo|37\/100\n|-damage|p1a: Churro|91\/100|[from] item: Life Orb\n|move|p2b: Dondozo|Order Up|p1a: Churro\n|-supereffective|p1a: Churro\n|-damage|p1a: Churro|32\/100\n|-boost|p2b: Dondozo|atk|1\n|move|p1b: Cupcake|Moonblast|p2b: Dondozo\n|-damage|p2b: Dondozo|0 fnt\n|faint|p2b: Dondozo\n|\n|-heal|p1a: Churro|38\/100|[from] Grassy Terrain\n|-heal|p1b: Cupcake|53\/100|[from] Grassy Terrain\n|-fieldend|move: Grassy Terrain\n|upkeep\n|turn|6\n|\n|t:|1728779129\n|move|p2a: Tatsugiri|Muddy Water|p1a: Churro|[spread] p1a,p1b\n|-resisted|p1a: Churro\n|-resisted|p1b: Cupcake\n|-damage|p1a: Churro|21\/100\n|-damage|p1b: Cupcake|39\/100\n|move|p1a: Churro|Shadow Ball|p2a: Tatsugiri\n|-damage|p2a: Tatsugiri|30\/100\n|-damage|p1a: Churro|11\/100|[from] item: Life Orb\n|move|p1b: Cupcake|Moonblast|p2a: Tatsugiri\n|-supereffective|p2a: Tatsugiri\n|-damage|p2a: Tatsugiri|0 fnt\n|faint|p2a: Tatsugiri\n|\n|win|furreto testo\n|raw|furreto testo's rating: 1722 &rarr; <strong>1742<\/strong><br \/>(+20 for winning)\n|raw|Topperlecat's rating: 1719 &rarr; <strong>1699<\/strong><br \/>(-20 for losing)\n|c|\u2606Topperlecat|GG\n|l|\u2606Topperlecat\n|player|p2|\n","uploadtime":1728779146,"views":21,"formatid":"gen9vgc2024regh","rating":1699,"private":0,"password":null}