{"id":"gen9vgc2024regh-2221396199","format":"[Gen 9] VGC 2024 Reg H","players":["nibosu","VGCNEOPHYTE"],"log":"|j|\u2606nibosu\n|j|\u2606VGCNEOPHYTE\n|t:|1728740731\n|gametype|doubles\n|player|p1|nibosu|265|1700\n|player|p2|VGCNEOPHYTE|chuck|1729\n|teamsize|p1|6\n|teamsize|p2|6\n|gen|9\n|tier|[Gen 9] VGC 2024 Reg H\n|rated|\n|rule|Species Clause: Limit one of each Pok\u00e9mon\n|rule|Item Clause: Limit 1 of each item\n|clearpoke\n|poke|p1|Dragapult, L50, F|\n|poke|p1|Kingambit, L50, M|\n|poke|p1|Ursaluna-Bloodmoon, L50, M|\n|poke|p1|Comfey, L50, F|\n|poke|p1|Torkoal, L50, M|\n|poke|p1|Lilligant-Hisui, L50, F|\n|poke|p2|Kommo-o, L50, F|\n|poke|p2|Tyranitar, L50, F|\n|poke|p2|Excadrill, L50, M|\n|poke|p2|Samurott-Hisui, L50, F|\n|poke|p2|Corviknight, L50, M|\n|poke|p2|Indeedee, L50, M|\n|teampreview|4\n|inactive|Battle timer is ON: inactive players will automatically lose when time's up. (requested by VGCNEOPHYTE)\n|inactive|nibosu has 60 seconds left.\n|inactive|VGCNEOPHYTE has 60 seconds left.\n|\n|t:|1728740786\n|start\n|switch|p1a: Torkoal|Torkoal, L50, M|100\/100\n|switch|p1b: Lilligant|Lilligant-Hisui, L50, F|100\/100\n|switch|p2a: Excadrill|Excadrill, L50, M|100\/100\n|switch|p2b: Kommo-o|Kommo-o, L50, F|100\/100\n|-weather|SunnyDay|[from] ability: Drought|[of] p1a: Torkoal\n|turn|1\n|inactive|nibosu has 30 seconds left.\n|\n|t:|1728740811\n|switch|p2b: Tyranitar|Tyranitar, L50, F|100\/100\n|-weather|Sandstorm|[from] ability: Sand Stream|[of] p2b: Tyranitar\n|move|p1a: Torkoal|Protect|p1a: Torkoal\n|-singleturn|p1a: Torkoal|Protect\n|move|p2a: Excadrill|Rock Slide|p1b: Lilligant|[spread] p1b\n|-activate|p1a: Torkoal|move: Protect\n|-resisted|p1b: Lilligant\n|-damage|p1b: Lilligant|83\/100\n|move|p1b: Lilligant|Close Combat|p2b: Tyranitar\n|-supereffective|p2b: Tyranitar\n|-damage|p2b: Tyranitar|0 fnt\n|-unboost|p1b: Lilligant|def|1\n|-unboost|p1b: Lilligant|spd|1\n|faint|p2b: Tyranitar\n|\n|-weather|Sandstorm|[upkeep]\n|-damage|p1b: Lilligant|77\/100|[from] Sandstorm\n|-damage|p1a: Torkoal|94\/100|[from] Sandstorm\n|upkeep\n|\n|t:|1728740828\n|switch|p2b: Kommo-o|Kommo-o, L50, F|100\/100\n|turn|2\n|\n|t:|1728740845\n|switch|p1b: Comfey|Comfey, L50, F|100\/100\n|switch|p1a: Ursaluna|Ursaluna-Bloodmoon, L50, M|100\/100\n|move|p2a: Excadrill|High Horsepower|p1a: Ursaluna\n|-damage|p1a: Ursaluna|65\/100\n|move|p2b: Kommo-o|Clanging Scales|p1a: Ursaluna|[spread] p1a\n|-immune|p1b: Comfey\n|-crit|p1a: Ursaluna\n|-damage|p1a: Ursaluna|0 fnt\n|faint|p1a: Ursaluna\n|-unboost|p2b: Kommo-o|def|1\n|\n|-weather|Sandstorm|[upkeep]\n|-damage|p1b: Comfey|95\/100|[from] Sandstorm\n|upkeep\n|\n|t:|1728740860\n|switch|p1a: Torkoal|Torkoal, L50, M|94\/100\n|-weather|SunnyDay|[from] ability: Drought|[of] p1a: Torkoal\n|turn|3\n|\n|t:|1728740871\n|switch|p2b: Samurott|Samurott-Hisui, L50, F|100\/100\n|move|p1a: Torkoal|Protect|p1a: Torkoal\n|-singleturn|p1a: Torkoal|Protect\n|move|p2a: Excadrill|Iron Head|p1b: Comfey\n|-supereffective|p1b: Comfey\n|-damage|p1b: Comfey|18\/100\n|move|p1b: Comfey|Trick Room|p1b: Comfey\n|-fieldstart|move: Trick Room|[of] p1b: Comfey\n|\n|-weather|SunnyDay|[upkeep]\n|upkeep\n|turn|4\n|j| playrandombattle\n|inactive|nibosu has 30 seconds left.\n|inactive|VGCNEOPHYTE has 30 seconds left.\n|\n|t:|1728740899\n|-terastallize|p1a: Torkoal|Fire\n|move|p1b: Comfey|Floral Healing|p1a: Torkoal\n|-heal|p1a: Torkoal|100\/100\n|move|p2b: Samurott|Sucker Punch|p1a: Torkoal\n|-damage|p1a: Torkoal|71\/100\n|move|p1a: Torkoal|Eruption|p2b: Samurott|[spread] p2a,p2b\n|-supereffective|p2a: Excadrill\n|-resisted|p2b: Samurott\n|-enditem|p2a: Excadrill|Focus Sash\n|-damage|p2a: Excadrill|1\/100\n|-damage|p2b: Samurott|60\/100\n|move|p2a: Excadrill|Rock Slide|p1b: Comfey|[spread] p1a,p1b\n|-supereffective|p1a: Torkoal\n|-crit|p1a: Torkoal\n|-damage|p1a: Torkoal|18\/100\n|-damage|p1b: Comfey|0 fnt\n|faint|p1b: Comfey\n|\n|-weather|SunnyDay|[upkeep]\n|upkeep\n|\n|t:|1728740916\n|switch|p1b: Lilligant|Lilligant-Hisui, L50, F|77\/100\n|turn|5\n|-message|nibosu forfeited.\n|\n|win|VGCNEOPHYTE\n|raw|nibosu's rating: 1700 &rarr; <strong>1682<\/strong><br \/>(-18 for losing)\n|raw|VGCNEOPHYTE's rating: 1729 &rarr; <strong>1747<\/strong><br \/>(+18 for winning)\n|l|\u2606nibosu\n|player|p1|\n|l|\u2606VGCNEOPHYTE\n|player|p2|\n","uploadtime":1728741160,"views":23,"formatid":"gen9vgc2024regh","rating":1682,"private":0,"password":null}