{"id":"gen9vgc2024regh-2221930198","format":"[Gen 9] VGC 2024 Reg H","players":["keito798","xielinzhan"],"log":"|j|\u2606keito798\n|j|\u2606xielinzhan\n|t:|1728813126\n|gametype|doubles\n|player|p1|keito798|170|1703\n|player|p2|xielinzhan|marley|1736\n|teamsize|p1|6\n|teamsize|p2|6\n|gen|9\n|tier|[Gen 9] VGC 2024 Reg H\n|rated|\n|rule|Species Clause: Limit one of each Pok\u00e9mon\n|rule|Item Clause: Limit 1 of each item\n|clearpoke\n|poke|p1|Dondozo, L50, M|\n|poke|p1|Tatsugiri, L50, F|\n|poke|p1|Kingambit, L50, F|\n|poke|p1|Pelipper, L50, M|\n|poke|p1|Garchomp, L50, F|\n|poke|p1|Weezing-Galar, L50, F|\n|poke|p2|Dragapult, L50, F|\n|poke|p2|Sneasler, L50, F|\n|poke|p2|Primarina, L50, F|\n|poke|p2|Magmar, L50, F|\n|poke|p2|Kingambit, L50, F|\n|poke|p2|Rillaboom, L50, F|\n|teampreview|4\n|inactive|Battle timer is ON: inactive players will automatically lose when time's up. (requested by keito798)\n|inactive|xielinzhan has 60 seconds left.\n|inactive|xielinzhan has 30 seconds left.\n|inactive|xielinzhan has 20 seconds left.\n|inactive|xielinzhan has 15 seconds left.\n|\n|t:|1728813205\n|start\n|switch|p1a: Garchomp|Garchomp, L50, F|100\/100\n|switch|p1b: Weezing|Weezing-Galar, L50, F|100\/100\n|switch|p2a: Rillaboom|Rillaboom, L50, F|100\/100\n|switch|p2b: Sneasler|Sneasler, L50, F|100\/100\n|-fieldstart|move: Grassy Terrain|[from] ability: Grassy Surge|[of] p2a: Rillaboom\n|-fieldstart|move: Misty Terrain|[from] ability: Misty Surge|[of] p1b: Weezing\n|-item|p1b: Weezing|Air Balloon\n|turn|1\n|inactive|keito798 has 30 seconds left.\n|inactive|xielinzhan has 30 seconds left.\n|inactive|xielinzhan has 20 seconds left.\n|inactive|xielinzhan has 15 seconds left.\n|\n|t:|1728813247\n|move|p1a: Garchomp|Stomping Tantrum|p2b: Sneasler\n|-supereffective|p2b: Sneasler\n|-enditem|p2b: Sneasler|Focus Sash\n|-damage|p2b: Sneasler|1\/100\n|move|p2b: Sneasler|Dire Claw|p1b: Weezing\n|-damage|p1b: Weezing|63\/100\n|-enditem|p1b: Weezing|Air Balloon\n|move|p2a: Rillaboom|High Horsepower|p1b: Weezing\n|-supereffective|p1b: Weezing\n|-damage|p1b: Weezing|0 fnt\n|faint|p1b: Weezing\n|\n|upkeep\n|\n|t:|1728813266\n|switch|p1b: Dondozo|Dondozo, L50, M|100\/100\n|turn|2\n|l|\u2606xielinzhan\n|inactive|xielinzhan disconnected and has a minute to reconnect!\n|player|p2|\n|inactive|keito798 has 30 seconds left.\n|inactive|xielinzhan has 30 seconds left.\n|inactive|xielinzhan has 20 seconds left.\n|j|\u2606xielinzhan\n|inactive|xielinzhan reconnected and has 20 seconds left.\n|player|p2|xielinzhan|marley|\n|inactive|xielinzhan has 15 seconds left.\n|inactive|xielinzhan has 10 seconds left.\n|\n|t:|1728813313\n|switch|p1a: Tatsugiri|Tatsugiri, L50, F|100\/100\n|-activate|p1a: Tatsugiri|ability: Commander|[of] p1b: Dondozo\n|-boost|p1b: Dondozo|atk|2\n|-boost|p1b: Dondozo|spa|2\n|-boost|p1b: Dondozo|spe|2\n|-boost|p1b: Dondozo|def|2\n|-boost|p1b: Dondozo|spd|2\n|-terastallize|p1b: Dondozo|Ghost\n|move|p2b: Sneasler|Protect|p2b: Sneasler\n|-singleturn|p2b: Sneasler|Protect\n|move|p1b: Dondozo|Order Up|p2a: Rillaboom\n|-damage|p2a: Rillaboom|68\/100\n|-boost|p1b: Dondozo|atk|1\n|-damage|p1b: Dondozo|91\/100|[from] item: Life Orb\n|move|p2a: Rillaboom|Wood Hammer|p1b: Dondozo\n|-damage|p1b: Dondozo|67\/100\n|-damage|p2a: Rillaboom|59\/100|[from] Recoil\n|\n|upkeep\n|turn|3\n|inactive|xielinzhan has 30 seconds left.\n|\n|t:|1728813342\n|switch|p2a: Primarina|Primarina, L50, F|100\/100\n|move|p2b: Sneasler|Dire Claw|p1b: Dondozo\n|-resisted|p1b: Dondozo\n|-damage|p1b: Dondozo|60\/100\n|move|p1b: Dondozo|Earthquake|p2b: Sneasler|[spread] p2a,p2b\n|-miss|p1b: Dondozo|p1a: Tatsugiri\n|-supereffective|p2b: Sneasler\n|-damage|p2a: Primarina|24\/100\n|-damage|p2b: Sneasler|0 fnt\n|-enditem|p2a: Primarina|Sitrus Berry|[eat]\n|-heal|p2a: Primarina|49\/100|[from] item: Sitrus Berry\n|faint|p2b: Sneasler\n|-damage|p1b: Dondozo|50\/100|[from] item: Life Orb\n|\n|upkeep\n|inactive|xielinzhan has 30 seconds left.\n|inactive|xielinzhan has 20 seconds left.\n|\n|t:|1728813381\n|switch|p2b: Rillaboom|Rillaboom, L50, F|59\/100\n|-fieldstart|move: Grassy Terrain|[from] ability: Grassy Surge|[of] p2b: Rillaboom\n|turn|4\n|\n|t:|1728813398\n|move|p2a: Primarina|Protect|p2a: Primarina\n|-singleturn|p2a: Primarina|Protect\n|move|p1b: Dondozo|Tera Blast|p2a: Primarina|[anim] Tera Blast Ghost\n|-activate|p2a: Primarina|move: Protect\n|move|p2b: Rillaboom|Wood Hammer|p1b: Dondozo\n|-damage|p1b: Dondozo|22\/100\n|-damage|p2b: Rillaboom|49\/100|[from] Recoil\n|\n|-heal|p1b: Dondozo|28\/100|[from] Grassy Terrain\n|-heal|p2b: Rillaboom|55\/100|[from] Grassy Terrain\n|-heal|p2a: Primarina|55\/100|[from] Grassy Terrain\n|upkeep\n|turn|5\n|inactive|xielinzhan has 30 seconds left.\n|inactive|keito798 has 30 seconds left.\n|inactive|xielinzhan has 20 seconds left.\n|inactive|xielinzhan has 15 seconds left.\n|inactive|xielinzhan has 10 seconds left.\n|\n|t:|1728813444\n|move|p2b: Rillaboom|Grassy Glide|p1b: Dondozo\n|-damage|p1b: Dondozo|16\/100\n|move|p1b: Dondozo|Wave Crash|p2a: Primarina\n|-resisted|p2a: Primarina\n|-damage|p2a: Primarina|0 fnt\n|faint|p2a: Primarina\n|-damage|p1b: Dondozo|1\/100|[from] Recoil\n|-damage|p1b: Dondozo|0 fnt|[from] item: Life Orb\n|faint|p1b: Dondozo\n|\n|-heal|p2b: Rillaboom|61\/100|[from] Grassy Terrain\n|upkeep\n|\n|t:|1728813455\n|switch|p2a: Dragapult|Dragapult, L50, F|100\/100\n|switch|p1b: Garchomp|Garchomp, L50, F|100\/100\n|turn|6\n|\n|t:|1728813478\n|-terastallize|p2a: Dragapult|Dragon\n|move|p2b: Rillaboom|Grassy Glide|p1a: Tatsugiri\n|-damage|p1a: Tatsugiri|58\/100\n|-damage|p2b: Rillaboom|44\/100|[from] item: Rocky Helmet|[of] p1a: Tatsugiri\n|move|p1b: Garchomp|Outrage|p2a: Dragapult\n|-supereffective|p2a: Dragapult\n|-damage|p2a: Dragapult|0 fnt\n|faint|p2a: Dragapult\n|move|p1a: Tatsugiri|Counter|p2b: Rillaboom\n|-damage|p2b: Rillaboom|0 fnt\n|faint|p2b: Rillaboom\n|\n|win|keito798\n|raw|keito798's rating: 1703 &rarr; <strong>1725<\/strong><br \/>(+22 for winning)\n|raw|xielinzhan's rating: 1736 &rarr; <strong>1714<\/strong><br \/>(-22 for losing)\n|l|\u2606xielinzhan\n|player|p2|\n","uploadtime":1728813669,"views":11,"formatid":"gen9vgc2024regh","rating":1714,"private":0,"password":null}