{"id":"gen9vgc2024regh-2221001910","format":"[Gen 9] VGC 2024 Reg H","players":["nickbattlesmons","Chococroc"],"log":"|j|\u2606nickbattlesmons\n|j|\u2606Chococroc\n|t:|1728680003\n|gametype|doubles\n|player|p1|nickbattlesmons|1|1666\n|player|p2|Chococroc|pokemaniac|1686\n|teamsize|p1|6\n|teamsize|p2|6\n|gen|9\n|tier|[Gen 9] VGC 2024 Reg H\n|rated|\n|rule|Species Clause: Limit one of each Pok\u00e9mon\n|rule|Item Clause: Limit 1 of each item\n|clearpoke\n|poke|p1|Kingambit, L50, F|\n|poke|p1|Primarina, L50, F|\n|poke|p1|Sneasler, L50, F|\n|poke|p1|Magmar, L50, M|\n|poke|p1|Rillaboom, L50, M|\n|poke|p1|Dragapult, L50, F|\n|poke|p2|Archaludon, L50, M|\n|poke|p2|Grimmsnarl, L50, M|\n|poke|p2|Maushold-Four, L50|\n|poke|p2|Pelipper, L50, M|\n|poke|p2|Sinistcha, L50|\n|poke|p2|Annihilape, L50, M|\n|teampreview|4\n|inactive|Battle timer is ON: inactive players will automatically lose when time's up. (requested by nickbattlesmons)\n|\n|t:|1728680045\n|start\n|switch|p1a: Sneasler|Sneasler, L50, F|100\/100\n|switch|p1b: Kingambit|Kingambit, L50, F|100\/100\n|switch|p2a: Annihilape|Annihilape, L50, M|100\/100\n|switch|p2b: Grimmsnarl|Grimmsnarl, L50, M|100\/100\n|turn|1\n|\n|t:|1728680061\n|move|p1a: Sneasler|Fake Out|p2b: Grimmsnarl\n|-damage|p2b: Grimmsnarl|84\/100\n|cant|p2b: Grimmsnarl|flinch\n|move|p2a: Annihilape|Bulk Up|p2a: Annihilape\n|-boost|p2a: Annihilape|atk|1\n|-boost|p2a: Annihilape|def|1\n|move|p1b: Kingambit|Swords Dance|p1b: Kingambit\n|-boost|p1b: Kingambit|atk|2\n|\n|upkeep\n|turn|2\n|\n|t:|1728680075\n|-terastallize|p1b: Kingambit|Dark\n|move|p2b: Grimmsnarl|Reflect|p2b: Grimmsnarl\n|-sidestart|p2: Chococroc|Reflect\n|move|p1a: Sneasler|Dire Claw|p2b: Grimmsnarl\n|-supereffective|p2b: Grimmsnarl\n|-crit|p2b: Grimmsnarl\n|-damage|p2b: Grimmsnarl|0 fnt\n|faint|p2b: Grimmsnarl\n|move|p2a: Annihilape|Drain Punch|p1b: Kingambit\n|-supereffective|p1b: Kingambit\n|-damage|p1b: Kingambit|36\/100\n|move|p1b: Kingambit|Kowtow Cleave|p2a: Annihilape\n|-damage|p2a: Annihilape|33\/100\n|\n|-heal|p2a: Annihilape|39\/100|[from] item: Leftovers\n|upkeep\n|\n|t:|1728680087\n|switch|p2b: Maushold|Maushold-Four, L50|100\/100\n|turn|3\n|\n|t:|1728680096\n|-terastallize|p2b: Maushold|Ghost\n|move|p1b: Kingambit|Protect|p1b: Kingambit\n|-singleturn|p1b: Kingambit|Protect\n|move|p2b: Maushold|Follow Me|p2b: Maushold\n|-singleturn|p2b: Maushold|move: Follow Me\n|move|p1a: Sneasler|Close Combat|p2b: Maushold\n|-immune|p2b: Maushold\n|move|p2a: Annihilape|Drain Punch|p1b: Kingambit\n|-activate|p1b: Kingambit|move: Protect\n|\n|-heal|p2a: Annihilape|45\/100|[from] item: Leftovers\n|upkeep\n|turn|4\n|\n|t:|1728680104\n|switch|p1b: Dragapult|Dragapult, L50, F|100\/100\n|move|p2b: Maushold|Follow Me|p2b: Maushold\n|-singleturn|p2b: Maushold|move: Follow Me\n|move|p1a: Sneasler|Dire Claw|p2b: Maushold\n|-resisted|p2b: Maushold\n|-damage|p2b: Maushold|81\/100\n|-status|p2b: Maushold|psn\n|move|p2a: Annihilape|Drain Punch|p1b: Dragapult\n|-immune|p1b: Dragapult\n|\n|-heal|p2a: Annihilape|51\/100|[from] item: Leftovers\n|-damage|p2b: Maushold|68\/100 psn|[from] psn\n|upkeep\n|turn|5\n|inactive|nickbattlesmons has 30 seconds left.\n|\n|t:|1728680129\n|move|p1b: Dragapult|U-turn|p2b: Maushold\n|-resisted|p2b: Maushold\n|-damage|p2b: Maushold|51\/100 psn\n|j| callmeshrug\n|\n|t:|1728680133\n|switch|p1b: Kingambit|Kingambit, L50, F, tera:Dark|36\/100|[from] U-turn\n|move|p1a: Sneasler|Dire Claw|p2b: Maushold\n|-resisted|p2b: Maushold\n|-damage|p2b: Maushold|32\/100 psn\n|move|p2b: Maushold|Population Bomb|p1a: Sneasler\n|-damage|p1a: Sneasler|91\/100\n|-damage|p1a: Sneasler|81\/100\n|-damage|p1a: Sneasler|71\/100\n|-damage|p1a: Sneasler|59\/100\n|-damage|p1a: Sneasler|49\/100\n|-damage|p1a: Sneasler|39\/100\n|-crit|p1a: Sneasler\n|-damage|p1a: Sneasler|25\/100\n|-damage|p1a: Sneasler|15\/100\n|-crit|p1a: Sneasler\n|-damage|p1a: Sneasler|0 fnt\n|faint|p1a: Sneasler\n|-hitcount|p1: Sneasler|9\n|move|p2a: Annihilape|Rage Fist|p1b: Kingambit\n|-resisted|p1b: Kingambit\n|-damage|p1b: Kingambit|14\/100\n|\n|-heal|p2a: Annihilape|57\/100|[from] item: Leftovers\n|-damage|p2b: Maushold|20\/100 psn|[from] psn\n|upkeep\n|\n|t:|1728680144\n|switch|p1a: Primarina|Primarina, L50, F|100\/100\n|turn|6\n|\n|t:|1728680163\n|switch|p1b: Dragapult|Dragapult, L50, F|100\/100\n|move|p2b: Maushold|Population Bomb|p1b: Dragapult\n|-immune|p1b: Dragapult\n|move|p2a: Annihilape|Rage Fist|p1a: Primarina\n|-damage|p1a: Primarina|40\/100\n|-enditem|p1a: Primarina|Sitrus Berry|[eat]\n|-heal|p1a: Primarina|65\/100|[from] item: Sitrus Berry\n|move|p1a: Primarina|Haze|p1a: Primarina\n|-clearallboost\n|\n|-heal|p2a: Annihilape|63\/100|[from] item: Leftovers\n|-damage|p2b: Maushold|8\/100 psn|[from] psn\n|upkeep\n|turn|7\n|\n|t:|1728680179\n|move|p1a: Primarina|Protect|p1a: Primarina\n|-singleturn|p1a: Primarina|Protect\n|move|p1b: Dragapult|Phantom Force||[still]\n|-prepare|p1b: Dragapult|Phantom Force\n|move|p2b: Maushold|Population Bomb|p1a: Primarina\n|-activate|p1a: Primarina|move: Protect\n|move|p2a: Annihilape|Rage Fist|p1a: Primarina\n|-activate|p1a: Primarina|move: Protect\n|\n|-heal|p2a: Annihilape|69\/100|[from] item: Leftovers\n|-damage|p2b: Maushold|0 fnt|[from] psn\n|faint|p2b: Maushold\n|upkeep\n|\n|t:|1728680188\n|switch|p2b: Pelipper|Pelipper, L50, M|100\/100\n|-weather|RainDance|[from] ability: Drizzle|[of] p2b: Pelipper\n|turn|8\n|\n|t:|1728680203\n|switch|p1a: Kingambit|Kingambit, L50, F, tera:Dark|14\/100\n|move|p1b: Dragapult|Phantom Force|p2a: Annihilape|[from]lockedmove\n|-supereffective|p2a: Annihilape\n|-damage|p2a: Annihilape|0 fnt\n|faint|p2a: Annihilape\n|move|p2b: Pelipper|Tailwind|p2b: Pelipper\n|-sidestart|p2: Chococroc|move: Tailwind\n|\n|-weather|RainDance|[upkeep]\n|upkeep\n|turn|9\n|-message|Chococroc forfeited.\n|\n|win|nickbattlesmons\n|raw|nickbattlesmons's rating: 1666 &rarr; <strong>1687<\/strong><br \/>(+21 for winning)\n|raw|Chococroc's rating: 1686 &rarr; <strong>1665<\/strong><br \/>(-21 for losing)\n|l|\u2606Chococroc\n|player|p2|\n|l|\u2606nickbattlesmons\n|player|p1|\n|l| callmeshrug\n","uploadtime":1728680428,"views":11,"formatid":"gen9vgc2024regh","rating":1665,"private":0,"password":null}