{"id":"gen9vgc2024regh-2221678814","format":"[Gen 9] VGC 2024 Reg H","players":["Brave12223","Bef6"],"log":"|j|\u2606Brave12223\n|j|\u2606Bef6\n|t:|1728773109\n|gametype|doubles\n|player|p1|Brave12223|ingo|1723\n|player|p2|Bef6|lucas|1701\n|teamsize|p1|6\n|teamsize|p2|6\n|gen|9\n|tier|[Gen 9] VGC 2024 Reg H\n|rated|\n|rule|Species Clause: Limit one of each Pok\u00e9mon\n|rule|Item Clause: Limit 1 of each item\n|clearpoke\n|poke|p1|Tyranitar, L50, F|\n|poke|p1|Gastrodon, L50, F|\n|poke|p1|Garchomp, L50, F|\n|poke|p1|Talonflame, L50, M|\n|poke|p1|Kingambit, L50, M|\n|poke|p1|Tsareena, L50, F|\n|poke|p2|Annihilape, L50, M|\n|poke|p2|Maushold-Four, L50|\n|poke|p2|Archaludon, L50, F|\n|poke|p2|Pelipper, L50, F|\n|poke|p2|Grimmsnarl, L50, M|\n|poke|p2|Amoonguss, L50, F|\n|teampreview|4\n|inactive|Battle timer is ON: inactive players will automatically lose when time's up. (requested by Brave12223)\n|j| gobosox5\n|\n|t:|1728773133\n|start\n|switch|p1a: Talonflame|Talonflame, L50, M|100\/100\n|switch|p1b: Garchomp|Garchomp, L50, F|100\/100\n|switch|p2a: Maushold|Maushold-Four, L50|100\/100\n|switch|p2b: Archaludon|Archaludon, L50, F|100\/100\n|turn|1\n|l| gobosox5\n|inactive|Brave12223 has 30 seconds left.\n|inactive|Brave12223 has 20 seconds left.\n|inactive|Brave12223 has 15 seconds left.\n|\n|t:|1728773175\n|switch|p2a: Pelipper|Pelipper, L50, F|100\/100\n|-weather|RainDance|[from] ability: Drizzle|[of] p2a: Pelipper\n|-terastallize|p1b: Garchomp|Ground\n|-terastallize|p2b: Archaludon|Fighting\n|move|p1a: Talonflame|Tailwind|p1a: Talonflame\n|-sidestart|p1: Brave12223|move: Tailwind\n|move|p1b: Garchomp|Earthquake|p2b: Archaludon|[spread] p2b\n|-immune|p1a: Talonflame\n|-immune|p2a: Pelipper\n|-damage|p2b: Archaludon|48\/100\n|-ability|p2b: Archaludon|Stamina|boost\n|-boost|p2b: Archaludon|def|1\n|move|p2b: Archaludon|Electro Shot||[still]\n|-prepare|p2b: Archaludon|Electro Shot\n|-boost|p2b: Archaludon|spa|1\n|-anim|p2b: Archaludon|Electro Shot|p1a: Talonflame\n|-supereffective|p1a: Talonflame\n|-damage|p1a: Talonflame|0 fnt\n|faint|p1a: Talonflame\n|\n|-weather|RainDance|[upkeep]\n|upkeep\n|\n|t:|1728773182\n|switch|p1a: Tyranitar|Tyranitar, L50, F|100\/100\n|-weather|Sandstorm|[from] ability: Sand Stream|[of] p1a: Tyranitar\n|turn|2\n|\n|t:|1728773193\n|switch|p2a: Maushold|Maushold-Four, L50|100\/100\n|move|p1a: Tyranitar|Protect|p1a: Tyranitar\n|-singleturn|p1a: Tyranitar|Protect\n|move|p1b: Garchomp|Earthquake|p2a: Maushold|[spread] p2a,p2b\n|-activate|p1a: Tyranitar|move: Protect\n|-damage|p2a: Maushold|0 fnt\n|-damage|p2b: Archaludon|20\/100\n|-ability|p2b: Archaludon|Stamina|boost\n|-boost|p2b: Archaludon|def|1\n|faint|p2a: Maushold\n|move|p2b: Archaludon|Body Press|p1a: Tyranitar\n|-activate|p1a: Tyranitar|move: Protect\n|\n|-weather|Sandstorm|[upkeep]\n|-damage|p2b: Archaludon|14\/100|[from] Sandstorm\n|upkeep\n|\n|t:|1728773203\n|switch|p2a: Amoonguss|Amoonguss, L50, F|100\/100\n|turn|3\n|\n|t:|1728773214\n|switch|p1b: Gastrodon|Gastrodon, L50, F|100\/100\n|switch|p2b: Pelipper|Pelipper, L50, F|100\/100\n|-weather|RainDance|[from] ability: Drizzle|[of] p2b: Pelipper\n|move|p1a: Tyranitar|Knock Off|p2a: Amoonguss\n|-damage|p2a: Amoonguss|51\/100\n|-enditem|p2a: Amoonguss|Sitrus Berry|[from] move: Knock Off|[of] p1a: Tyranitar\n|move|p2a: Amoonguss|Spore|p1b: Gastrodon\n|-status|p1b: Gastrodon|slp|[from] move: Spore\n|\n|-weather|RainDance|[upkeep]\n|upkeep\n|turn|4\n|\n|t:|1728773227\n|move|p2b: Pelipper|Protect|p2b: Pelipper\n|-singleturn|p2b: Pelipper|Protect\n|move|p1a: Tyranitar|Rock Slide|p2b: Pelipper|[spread] p2a\n|-activate|p2b: Pelipper|move: Protect\n|-damage|p2a: Amoonguss|21\/100\n|cant|p1b: Gastrodon|slp\n|move|p2a: Amoonguss|Spore|p1a: Tyranitar\n|-status|p1a: Tyranitar|slp|[from] move: Spore\n|\n|-weather|RainDance|[upkeep]\n|-sideend|p1: Brave12223|move: Tailwind\n|upkeep\n|turn|5\n|\n|t:|1728773239\n|switch|p2b: Archaludon|Archaludon, L50, F, tera:Fighting|14\/100\n|cant|p1a: Tyranitar|slp\n|cant|p1b: Gastrodon|slp\n|move|p2a: Amoonguss|Pollen Puff|p2b: Archaludon\n|-heal|p2b: Archaludon|64\/100\n|\n|-weather|RainDance|[upkeep]\n|upkeep\n|turn|6\n|\n|t:|1728773248\n|move|p2b: Archaludon|Body Press|p1a: Tyranitar\n|-supereffective|p1a: Tyranitar\n|-damage|p1a: Tyranitar|0 fnt\n|faint|p1a: Tyranitar\n|cant|p1b: Gastrodon|slp\n|move|p2a: Amoonguss|Pollen Puff|p2b: Archaludon\n|-heal|p2b: Archaludon|100\/100\n|\n|-weather|RainDance|[upkeep]\n|upkeep\n|\n|t:|1728773251\n|switch|p1a: Garchomp|Garchomp, L50, F, tera:Ground|100\/100\n|turn|7\n|inactive|Brave12223 has 30 seconds left.\n|inactive|Bef6 has 30 seconds left.\n|\n|t:|1728773289\n|switch|p2a: Pelipper|Pelipper, L50, F|100\/100\n|move|p1a: Garchomp|Dragon Claw|p2b: Archaludon\n|-damage|p2b: Archaludon|57\/100\n|-ability|p2b: Archaludon|Stamina|boost\n|-boost|p2b: Archaludon|def|1\n|move|p2b: Archaludon|Snarl|p1b: Gastrodon|[spread] p1a,p1b\n|-damage|p1a: Garchomp|88\/100\n|-damage|p1b: Gastrodon|90\/100 slp\n|-unboost|p1a: Garchomp|spa|1\n|-unboost|p1b: Gastrodon|spa|1\n|-curestatus|p1b: Gastrodon|slp|[msg]\n|move|p1b: Gastrodon|Earth Power|p2b: Archaludon\n|-damage|p2b: Archaludon|40\/100\n|-ability|p2b: Archaludon|Stamina|boost\n|-boost|p2b: Archaludon|def|1\n|\n|-weather|none\n|upkeep\n|turn|8\n|\n|t:|1728773305\n|switch|p2a: Amoonguss|Amoonguss, L50, F|54\/100\n|move|p1a: Garchomp|Dragon Claw|p2b: Archaludon\n|-damage|p2b: Archaludon|18\/100\n|-ability|p2b: Archaludon|Stamina|boost\n|-boost|p2b: Archaludon|def|1\n|move|p2b: Archaludon|Body Press|p1a: Garchomp\n|-damage|p1a: Garchomp|0 fnt\n|faint|p1a: Garchomp\n|move|p1b: Gastrodon|Ice Beam|p2a: Amoonguss\n|-supereffective|p2a: Amoonguss\n|-damage|p2a: Amoonguss|31\/100\n|-status|p2a: Amoonguss|frz\n|\n|upkeep\n|turn|9\n|-message|Brave12223 forfeited.\n|\n|win|Bef6\n|raw|Brave12223's rating: 1723 &rarr; <strong>1702<\/strong><br \/>(-21 for losing)\n|raw|Bef6's rating: 1701 &rarr; <strong>1722<\/strong><br \/>(+21 for winning)\n|l|\u2606Brave12223\n|player|p1|\n|l|\u2606Bef6\n|player|p2|\n","uploadtime":1728773532,"views":20,"formatid":"gen9vgc2024regh","rating":1702,"private":0,"password":null}