{"id":"gen9vgc2024regh-2221801113","format":"[Gen 9] VGC 2024 Reg H","players":["SOLOLUMINEONING","tyuiop112"],"log":"|j|\u2606SOLOLUMINEONING\n|j|\u2606tyuiop112\n|t:|1728788968\n|gametype|doubles\n|player|p1|SOLOLUMINEONING|magmasuit|1711\n|player|p2|tyuiop112|linebacker|1692\n|teamsize|p1|6\n|teamsize|p2|6\n|gen|9\n|tier|[Gen 9] VGC 2024 Reg H\n|rated|\n|rule|Species Clause: Limit one of each Pok\u00e9mon\n|rule|Item Clause: Limit 1 of each item\n|clearpoke\n|poke|p1|Sneasler, L50, M|\n|poke|p1|Indeedee, L50, M|\n|poke|p1|Murkrow, L50, M|\n|poke|p1|Dragapult, L50, M|\n|poke|p1|Maushold, L50|\n|poke|p1|Delphox, L50, M|\n|poke|p2|Gholdengo, L50|\n|poke|p2|Dragonite, L50, F|\n|poke|p2|Sneasler, L50, F|\n|poke|p2|Ursaluna-Bloodmoon, L50, M|\n|poke|p2|Grimmsnarl, L50, M|\n|poke|p2|Incineroar, L50, F|\n|teampreview|4\n|inactive|Battle timer is ON: inactive players will automatically lose when time's up. (requested by SOLOLUMINEONING)\n|j| THUNDERSND77\n|inactive|SOLOLUMINEONING has 60 seconds left.\n|\n|t:|1728789002\n|start\n|switch|p1a: Luis Carruthers|Murkrow, L50, M, shiny|100\/100\n|switch|p1b: Paul Allen|Sneasler, L50, M, shiny|100\/100\n|switch|p2a: Grimmsnarl|Grimmsnarl, L50, M|100\/100\n|switch|p2b: Incineroar|Incineroar, L50, F|100\/100\n|-ability|p2b: Incineroar|Intimidate|boost\n|-unboost|p1a: Luis Carruthers|atk|1\n|-unboost|p1b: Paul Allen|atk|1\n|turn|1\n|j| sauromon\n|\n|t:|1728789022\n|move|p1a: Luis Carruthers|Haze|p1a: Luis Carruthers\n|-clearallboost\n|move|p2a: Grimmsnarl|Reflect|p2a: Grimmsnarl\n|-sidestart|p2: tyuiop112|Reflect\n|move|p1b: Paul Allen|Dire Claw|p2a: Grimmsnarl\n|-supereffective|p2a: Grimmsnarl\n|-damage|p2a: Grimmsnarl|31\/100\n|move|p2b: Incineroar|Flare Blitz|p1b: Paul Allen\n|-damage|p1b: Paul Allen|17\/100\n|-status|p1b: Paul Allen|brn\n|-damage|p2b: Incineroar|79\/100|[from] Recoil\n|\n|-damage|p1b: Paul Allen|11\/100 brn|[from] brn\n|upkeep\n|turn|2\n|inactive|tyuiop112 has 30 seconds left.\n|\n|t:|1728789050\n|move|p2a: Grimmsnarl|Reflect||[still]\n|-fail|p2a: Grimmsnarl\n|move|p1b: Paul Allen|Close Combat|p2b: Incineroar\n|-supereffective|p2b: Incineroar\n|-damage|p2b: Incineroar|48\/100\n|-unboost|p1b: Paul Allen|def|1\n|-unboost|p1b: Paul Allen|spd|1\n|move|p1a: Luis Carruthers|Foul Play|p2b: Incineroar\n|-resisted|p2b: Incineroar\n|-crit|p2b: Incineroar\n|-damage|p2b: Incineroar|28\/100\n|move|p2b: Incineroar|Knock Off|p1a: Luis Carruthers\n|-resisted|p1a: Luis Carruthers\n|-damage|p1a: Luis Carruthers|80\/100\n|-enditem|p1a: Luis Carruthers|Eviolite|[from] move: Knock Off|[of] p2b: Incineroar\n|\n|-damage|p1b: Paul Allen|5\/100 brn|[from] brn\n|upkeep\n|turn|3\n|inactive|SOLOLUMINEONING has 30 seconds left.\n|\n|t:|1728789075\n|move|p2a: Grimmsnarl|Light Screen|p2a: Grimmsnarl\n|-sidestart|p2: tyuiop112|move: Light Screen\n|move|p1b: Paul Allen|Dire Claw|p2a: Grimmsnarl\n|-supereffective|p2a: Grimmsnarl\n|-damage|p2a: Grimmsnarl|0 fnt\n|faint|p2a: Grimmsnarl\n|move|p1a: Luis Carruthers|Foul Play|p2b: Incineroar\n|-resisted|p2b: Incineroar\n|-crit|p2b: Incineroar\n|-damage|p2b: Incineroar|9\/100\n|move|p2b: Incineroar|Flare Blitz|p1a: Luis Carruthers\n|-damage|p1a: Luis Carruthers|0 fnt\n|faint|p1a: Luis Carruthers\n|-damage|p2b: Incineroar|0 fnt|[from] Recoil\n|faint|p2b: Incineroar\n|\n|-damage|p1b: Paul Allen|0 fnt|[from] brn\n|faint|p1b: Paul Allen\n|upkeep\n|\n|t:|1728789093\n|switch|p1b: Patrick Bateman|Indeedee, L50, M, shiny|100\/100\n|switch|p1a: David Van Patten|Delphox, L50, M|100\/100\n|switch|p2a: Gholdengo|Gholdengo, L50|100\/100\n|switch|p2b: Ursaluna|Ursaluna-Bloodmoon, L50, M|100\/100\n|-fieldstart|move: Psychic Terrain|[from] ability: Psychic Surge|[of] p1b: Patrick Bateman\n|turn|4\n|inactive|SOLOLUMINEONING has 30 seconds left.\n|inactive|tyuiop112 has 30 seconds left.\n|\n|t:|1728789126\n|-terastallize|p1a: David Van Patten|Fighting\n|-terastallize|p2b: Ursaluna|Normal\n|move|p1a: David Van Patten|Expanding Force|p2a: Gholdengo|[spread] p2a,p2b\n|-resisted|p2a: Gholdengo\n|-damage|p2a: Gholdengo|77\/100\n|-damage|p2b: Ursaluna|67\/100\n|-damage|p1a: David Van Patten|91\/100|[from] item: Life Orb\n|move|p2a: Gholdengo|Shadow Ball|p1a: David Van Patten\n|-damage|p1a: David Van Patten|38\/100\n|-damage|p2a: Gholdengo|68\/100|[from] item: Life Orb\n|move|p1b: Patrick Bateman|Expanding Force|p2b: Ursaluna|[spread] p2a,p2b\n|-resisted|p2a: Gholdengo\n|-damage|p2a: Gholdengo|49\/100\n|-damage|p2b: Ursaluna|39\/100\n|move|p2b: Ursaluna|Hyper Voice|p1b: Patrick Bateman|[spread] p1a,p1b\n|-damage|p1a: David Van Patten|0 fnt\n|-damage|p1b: Patrick Bateman|38\/100\n|faint|p1a: David Van Patten\n|\n|upkeep\n|turn|5\n|\n|t:|1728789145\n|move|p2a: Gholdengo|Make It Rain|p1b: Patrick Bateman\n|-damage|p1b: Patrick Bateman|0 fnt\n|-unboost|p2a: Gholdengo|spa|1\n|faint|p1b: Patrick Bateman\n|-damage|p2a: Gholdengo|39\/100|[from] item: Life Orb\n|\n|win|tyuiop112\n|raw|SOLOLUMINEONING's rating: 1711 &rarr; <strong>1690<\/strong><br \/>(-21 for losing)\n|raw|tyuiop112's rating: 1692 &rarr; <strong>1713<\/strong><br \/>(+21 for winning)\n|l|\u2606tyuiop112\n|player|p2|\n|l|\u2606SOLOLUMINEONING\n|player|p1|\n|l| THUNDERSND77\n","uploadtime":1728789401,"views":13,"formatid":"gen9vgc2024regh","rating":1690,"private":0,"password":null}