{"id":"gen9vgc2024regh-2221977093","format":"[Gen 9] VGC 2024 Reg H","players":["rainha678","sprelf"],"log":"|j|\u2606rainha678\n|j|\u2606sprelf\n|t:|1728821575\n|gametype|doubles\n|player|p1|rainha678|266|1696\n|player|p2|sprelf|266|1641\n|teamsize|p1|6\n|teamsize|p2|6\n|gen|9\n|tier|[Gen 9] VGC 2024 Reg H\n|rated|\n|rule|Species Clause: Limit one of each Pok\u00e9mon\n|rule|Item Clause: Limit 1 of each item\n|clearpoke\n|poke|p1|Snorlax, L50, F|\n|poke|p1|Indeedee-F, L50, F|\n|poke|p1|Incineroar, L50, M|\n|poke|p1|Hatterene, L50, F|\n|poke|p1|Torkoal, L50, F|\n|poke|p1|Porygon2, L50|\n|poke|p2|Garganacl, L50, F|\n|poke|p2|Gothitelle, L50, M|\n|poke|p2|Tyranitar, L50, F|\n|poke|p2|Tauros-Paldea-Blaze, L50, M|\n|poke|p2|Primarina, L50, M|\n|poke|p2|Meowscarada, L50, F|\n|teampreview|4\n|\n|t:|1728821616\n|start\n|switch|p1a: Incineroar|Incineroar, L50, M|100\/100\n|switch|p1b: Snorlax|Snorlax, L50, F|100\/100\n|switch|p2a: Meowscarada|Meowscarada, L50, F|100\/100\n|switch|p2b: Garganacl|Garganacl, L50, F|100\/100\n|-ability|p1a: Incineroar|Intimidate|boost\n|-unboost|p2a: Meowscarada|atk|1\n|-unboost|p2b: Garganacl|atk|1\n|turn|1\n|\n|t:|1728821654\n|move|p1a: Incineroar|Fake Out|p2b: Garganacl\n|-resisted|p2b: Garganacl\n|-damage|p2b: Garganacl|97\/100\n|move|p2a: Meowscarada|Knock Off|p1b: Snorlax\n|-damage|p1b: Snorlax|70\/100\n|-enditem|p1b: Snorlax|Sitrus Berry|[from] move: Knock Off|[of] p2a: Meowscarada\n|cant|p2b: Garganacl|flinch\n|move|p1b: Snorlax|Belly Drum|p1b: Snorlax\n|-damage|p1b: Snorlax|20\/100\n|-setboost|p1b: Snorlax|atk|6|[from] move: Belly Drum\n|\n|-heal|p2b: Garganacl|100\/100|[from] item: Leftovers\n|upkeep\n|turn|2\n|\n|t:|1728821688\n|-terastallize|p1a: Incineroar|Grass\n|move|p1b: Snorlax|Protect|p1b: Snorlax\n|-singleturn|p1b: Snorlax|Protect\n|move|p2a: Meowscarada|Flower Trick|p1b: Snorlax\n|-activate|p1b: Snorlax|move: Protect\n|move|p1a: Incineroar|Flare Blitz|p2a: Meowscarada\n|-supereffective|p2a: Meowscarada\n|-enditem|p2a: Meowscarada|Focus Sash\n|-damage|p2a: Meowscarada|1\/100\n|-damage|p1a: Incineroar|76\/100|[from] Recoil\n|move|p2b: Garganacl|Salt Cure|p1a: Incineroar\n|-damage|p1a: Incineroar|68\/100\n|\n|upkeep\n|turn|3\n|\n|t:|1728821721\n|switch|p1b: Torkoal|Torkoal, L50, F|100\/100\n|-weather|SunnyDay|[from] ability: Drought|[of] p1b: Torkoal\n|move|p2a: Meowscarada|Flower Trick|p1b: Torkoal\n|-resisted|p1b: Torkoal\n|-crit|p1b: Torkoal\n|-damage|p1b: Torkoal|71\/100\n|move|p1a: Incineroar|Flare Blitz|p2a: Meowscarada\n|-supereffective|p2a: Meowscarada\n|-crit|p2a: Meowscarada\n|-damage|p2a: Meowscarada|0 fnt\n|faint|p2a: Meowscarada\n|-damage|p1a: Incineroar|67\/100|[from] Recoil\n|move|p2b: Garganacl|Salt Cure|p1a: Incineroar\n|-damage|p1a: Incineroar|59\/100\n|\n|-weather|SunnyDay|[upkeep]\n|upkeep\n|\n|t:|1728821727\n|switch|p2a: Tyranitar|Tyranitar, L50, F|100\/100\n|-weather|Sandstorm|[from] ability: Sand Stream|[of] p2a: Tyranitar\n|turn|4\n|j| furreto testo\n|\n|t:|1728821743\n|switch|p1b: Snorlax|Snorlax, L50, F|20\/100\n|move|p2a: Tyranitar|Rock Slide|p1a: Incineroar|[spread] p1a,p1b\n|-damage|p1a: Incineroar|31\/100\n|-damage|p1b: Snorlax|0 fnt\n|faint|p1b: Snorlax\n|move|p1a: Incineroar|Parting Shot|p2a: Tyranitar\n|-unboost|p2a: Tyranitar|atk|1\n|-unboost|p2a: Tyranitar|spa|1\n|\n|t:|1728821745\n|switch|p1a: Torkoal|Torkoal, L50, F|71\/100|[from] Parting Shot\n|-weather|SunnyDay|[from] ability: Drought|[of] p1a: Torkoal\n|move|p2b: Garganacl|Salt Cure|p1a: Torkoal\n|-supereffective|p1a: Torkoal\n|-damage|p1a: Torkoal|58\/100\n|-start|p1a: Torkoal|Salt Cure\n|\n|-weather|SunnyDay|[upkeep]\n|-damage|p1a: Torkoal|45\/100|[from] Salt Cure\n|upkeep\n|\n|t:|1728821747\n|switch|p1b: Porygon2|Porygon2, L50|100\/100\n|-ability|p1b: Porygon2|Download|boost\n|-boost|p1b: Porygon2|spa|1\n|turn|5\n|\n|t:|1728821763\n|switch|p1a: Incineroar|Incineroar, L50, M, tera:Grass|31\/100\n|-ability|p1a: Incineroar|Intimidate|boost\n|-unboost|p2a: Tyranitar|atk|1\n|-unboost|p2b: Garganacl|atk|1\n|move|p2a: Tyranitar|Knock Off|p1b: Porygon2\n|-damage|p1b: Porygon2|80\/100\n|-enditem|p1b: Porygon2|Eviolite|[from] move: Knock Off|[of] p2a: Tyranitar\n|move|p2b: Garganacl|Salt Cure|p1b: Porygon2\n|-damage|p1b: Porygon2|73\/100\n|-start|p1b: Porygon2|Salt Cure\n|move|p1b: Porygon2|Trick Room|p1b: Porygon2\n|-fieldstart|move: Trick Room|[of] p1b: Porygon2\n|\n|-weather|SunnyDay|[upkeep]\n|-damage|p1b: Porygon2|61\/100|[from] Salt Cure\n|upkeep\n|turn|6\n|\n|t:|1728821797\n|switch|p2a: Tauros|Tauros-Paldea-Blaze, L50, M|100\/100\n|-ability|p2a: Tauros|Intimidate|boost\n|-unboost|p1a: Incineroar|atk|1\n|-unboost|p1b: Porygon2|atk|1\n|move|p2b: Garganacl|Salt Cure|p1a: Incineroar\n|-crit|p1a: Incineroar\n|-damage|p1a: Incineroar|12\/100\n|move|p1b: Porygon2|Recover|p1b: Porygon2\n|-heal|p1b: Porygon2|100\/100\n|move|p1a: Incineroar|Knock Off|p2b: Garganacl\n|-damage|p2b: Garganacl|83\/100\n|-enditem|p2b: Garganacl|Leftovers|[from] move: Knock Off|[of] p1a: Incineroar\n|\n|-weather|SunnyDay|[upkeep]\n|-damage|p1b: Porygon2|88\/100|[from] Salt Cure\n|upkeep\n|turn|7\n|inactive|Battle timer is ON: inactive players will automatically lose when time's up. (requested by rainha678)\n|j| Gggeenraaaa\n|\n|t:|1728821837\n|move|p2b: Garganacl|Salt Cure|p1a: Incineroar\n|-damage|p1a: Incineroar|6\/100\n|move|p1b: Porygon2|Tri Attack|p2a: Tauros\n|-damage|p2a: Tauros|22\/100\n|move|p1a: Incineroar|Knock Off|p2a: Tauros\n|-resisted|p2a: Tauros\n|-damage|p2a: Tauros|6\/100\n|-enditem|p2a: Tauros|Mirror Herb|[from] move: Knock Off|[of] p1a: Incineroar\n|move|p2a: Tauros|Close Combat|p1b: Porygon2\n|-supereffective|p1b: Porygon2\n|-damage|p1b: Porygon2|0 fnt\n|-unboost|p2a: Tauros|def|1\n|-unboost|p2a: Tauros|spd|1\n|faint|p1b: Porygon2\n|\n|-weather|SunnyDay|[upkeep]\n|upkeep\n|\n|t:|1728821847\n|switch|p1b: Torkoal|Torkoal, L50, F|45\/100\n|turn|8\n|\n|t:|1728821866\n|switch|p2a: Tyranitar|Tyranitar, L50, F|100\/100\n|-weather|Sandstorm|[from] ability: Sand Stream|[of] p2a: Tyranitar\n|move|p1b: Torkoal|Earth Power|p2b: Garganacl\n|-supereffective|p2b: Garganacl\n|-damage|p2b: Garganacl|47\/100\n|move|p2b: Garganacl|Salt Cure|p1a: Incineroar\n|-damage|p1a: Incineroar|0 fnt\n|faint|p1a: Incineroar\n|\n|-weather|Sandstorm|[upkeep]\n|-damage|p1b: Torkoal|39\/100|[from] Sandstorm\n|upkeep\n|turn|9\n|inactive|rainha678 has 30 seconds left.\n|inactive|rainha678 has 20 seconds left.\n|l| Gggeenraaaa\n|\n|t:|1728821905\n|move|p2b: Garganacl|Protect|p2b: Garganacl\n|-singleturn|p2b: Garganacl|Protect\n|move|p1b: Torkoal|Earth Power|p2b: Garganacl\n|-activate|p2b: Garganacl|move: Protect\n|move|p2a: Tyranitar|Rock Slide|p1b: Torkoal\n|-supereffective|p1b: Torkoal\n|-crit|p1b: Torkoal\n|-damage|p1b: Torkoal|0 fnt\n|faint|p1b: Torkoal\n|\n|win|sprelf\n|raw|rainha678's rating: 1719 &rarr; <strong>1695<\/strong><br \/>(-24 for losing)\n|raw|sprelf's rating: 1641 &rarr; <strong>1665<\/strong><br \/>(+24 for winning)\n|l|\u2606rainha678\n|player|p1|\n|l|\u2606sprelf\n|player|p2|\n","uploadtime":1728822075,"views":20,"formatid":"gen9vgc2024regh","rating":1665,"private":0,"password":null}