{"id":"gen9vgc2024regh-2221730813","format":"[Gen 9] VGC 2024 Reg H","players":["meanrook","SeaWolfMikess"],"log":"|badge|p2|silver|gen9doublesou|30-3\n|uhtml|medal-msg|<div class=\"broadcast-blue\">Curious what those medals under the avatar are? PS now has Ladder Seasons! For more information, check out the <a href=\"https:\/\/www.smogon.com\/forums\/threads\/3740067\/\">thread on Smogon.<\/a><\/div>\n|j|\u2606meanrook\n|j|\u2606SeaWolfMikess\n|t:|1728779777\n|gametype|doubles\n|player|p1|meanrook|ethan|1641\n|player|p2|SeaWolfMikess|hugh|1753\n|teamsize|p1|6\n|teamsize|p2|6\n|gen|9\n|tier|[Gen 9] VGC 2024 Reg H\n|rated|\n|rule|Species Clause: Limit one of each Pok\u00e9mon\n|rule|Item Clause: Limit 1 of each item\n|clearpoke\n|poke|p1|Rillaboom, L50, F|\n|poke|p1|Kingambit, L50, M|\n|poke|p1|Dragapult, L50, M|\n|poke|p1|Sneasler, L50, M|\n|poke|p1|Primarina, L50, F|\n|poke|p1|Volcarona, L50, F|\n|poke|p2|Whimsicott, L50, F|\n|poke|p2|Typhlosion-Hisui, L50, M|\n|poke|p2|Indeedee, L50, M|\n|poke|p2|Kingambit, L50, F|\n|poke|p2|Kommo-o, L50, F|\n|poke|p2|Glimmora, L50, F|\n|teampreview|4\n|j| Llayxx\n|\n|t:|1728779793\n|start\n|switch|p1a: Dragapult|Dragapult, L50, M|100\/100\n|switch|p1b: Kingambit|Kingambit, L50, M, shiny|100\/100\n|switch|p2a: Whimsicott|Whimsicott, L50, F|100\/100\n|switch|p2b: Glimmora|Glimmora, L50, F|100\/100\n|turn|1\n|\n|t:|1728779815\n|-terastallize|p1a: Dragapult|Dragon\n|move|p2a: Whimsicott|Tailwind|p2a: Whimsicott\n|-sidestart|p2: SeaWolfMikess|move: Tailwind\n|move|p2b: Glimmora|Meteor Beam||[still]\n|-prepare|p2b: Glimmora|Meteor Beam\n|-boost|p2b: Glimmora|spa|1\n|-enditem|p2b: Glimmora|Power Herb\n|-anim|p2b: Glimmora|Meteor Beam|p1a: Dragapult|[miss]\n|-miss|p2b: Glimmora|p1a: Dragapult\n|move|p1a: Dragapult|Dragon Darts|p2b: Glimmora\n|-damage|p2b: Glimmora|43\/100\n|-activate|p2b: Glimmora|ability: Toxic Debris\n|-sidestart|p1: meanrook|move: Toxic Spikes\n|-anim|p1a: Dragapult|Dragon Darts|p2b: Glimmora\n|-damage|p2b: Glimmora|0 fnt\n|-activate|p2b: Glimmora|ability: Toxic Debris\n|-sidestart|p1: meanrook|move: Toxic Spikes\n|faint|p2b: Glimmora\n|move|p1b: Kingambit|Swords Dance|p1b: Kingambit\n|-boost|p1b: Kingambit|atk|2\n|\n|upkeep\n|\n|t:|1728779825\n|switch|p2b: Kingambit|Kingambit, L50, F|100\/100\n|turn|2\n|\n|t:|1728779833\n|switch|p1a: Sneasler|Sneasler, L50, M|100\/100\n|-sideend|p1: meanrook|move: Toxic Spikes|[of] p1a: Sneasler\n|move|p1b: Kingambit|Protect|p1b: Kingambit\n|-singleturn|p1b: Kingambit|Protect\n|move|p2a: Whimsicott|Moonblast|p1a: Sneasler\n|-damage|p1a: Sneasler|51\/100\n|move|p2b: Kingambit|Low Kick|p1b: Kingambit\n|-activate|p1b: Kingambit|move: Protect\n|\n|upkeep\n|turn|3\n|\n|t:|1728779839\n|switch|p2a: Indeedee|Indeedee, L50, M|100\/100\n|-fieldstart|move: Psychic Terrain|[from] ability: Psychic Surge|[of] p2a: Indeedee\n|-terastallize|p2b: Kingambit|Dragon\n|move|p1a: Sneasler|Fake Out|p2b: Kingambit\n|-activate|p2b: Kingambit|move: Psychic Terrain\n|move|p2b: Kingambit|Low Kick|p1b: Kingambit\n|-supereffective|p1b: Kingambit\n|-damage|p1b: Kingambit|0 fnt\n|faint|p1b: Kingambit\n|\n|upkeep\n|\n|t:|1728779844\n|switch|p1b: Dragapult|Dragapult, L50, M, tera:Dragon|100\/100\n|turn|4\n|j| DonShitDozo\n|\n|t:|1728779855\n|switch|p1a: Rillaboom|Rillaboom, L50, F|100\/100\n|-fieldstart|move: Grassy Terrain|[from] ability: Grassy Surge|[of] p1a: Rillaboom\n|switch|p2b: Whimsicott|Whimsicott, L50, F|100\/100\n|move|p2a: Indeedee|Expanding Force|p1b: Dragapult\n|-damage|p1b: Dragapult|45\/100\n|move|p1b: Dragapult|Dragon Darts|p2a: Indeedee\n|-crit|p2a: Indeedee\n|-enditem|p2a: Indeedee|Focus Sash\n|-damage|p2a: Indeedee|1\/100\n|-anim|p1b: Dragapult|Dragon Darts|p2a: Indeedee\n|-damage|p2a: Indeedee|0 fnt\n|faint|p2a: Indeedee\n|\n|-heal|p1b: Dragapult|51\/100|[from] Grassy Terrain\n|-sideend|p2: SeaWolfMikess|move: Tailwind\n|upkeep\n|\n|t:|1728779857\n|switch|p2a: Kingambit|Kingambit, L50, F, tera:Dragon|100\/100\n|turn|5\n|\n|t:|1728779870\n|move|p1a: Rillaboom|Fake Out|p2a: Kingambit\n|-damage|p2a: Kingambit|88\/100\n|move|p2b: Whimsicott|Tailwind|p2b: Whimsicott\n|-sidestart|p2: SeaWolfMikess|move: Tailwind\n|cant|p2a: Kingambit|flinch\n|move|p1b: Dragapult|Dragon Darts|p2a: Kingambit\n|-supereffective|p2a: Kingambit\n|-damage|p2a: Kingambit|12\/100\n|-anim|p1b: Dragapult|Dragon Darts|p2a: Kingambit\n|-supereffective|p2a: Kingambit\n|-damage|p2a: Kingambit|0 fnt\n|faint|p2a: Kingambit\n|\n|-heal|p1b: Dragapult|58\/100|[from] Grassy Terrain\n|upkeep\n|turn|6\n|l| Llayxx\n|\n|t:|1728779881\n|switch|p1b: Sneasler|Sneasler, L50, M|51\/100\n|move|p2b: Whimsicott|Moonblast|p1b: Sneasler\n|-damage|p1b: Sneasler|0 fnt\n|faint|p1b: Sneasler\n|move|p1a: Rillaboom|Wood Hammer|p2b: Whimsicott\n|-resisted|p2b: Whimsicott\n|-damage|p2b: Whimsicott|32\/100\n|-damage|p1a: Rillaboom|86\/100|[from] Recoil\n|\n|-heal|p2b: Whimsicott|38\/100|[from] Grassy Terrain\n|-heal|p1a: Rillaboom|91\/100|[from] Grassy Terrain\n|upkeep\n|\n|t:|1728779882\n|switch|p1b: Dragapult|Dragapult, L50, M, tera:Dragon|58\/100\n|turn|7\n|inactive|Battle timer is ON: inactive players will automatically lose when time's up. (requested by meanrook)\n|\n|t:|1728779895\n|move|p2b: Whimsicott|Moonblast|p1b: Dragapult\n|-supereffective|p1b: Dragapult\n|-damage|p1b: Dragapult|0 fnt\n|faint|p1b: Dragapult\n|move|p1a: Rillaboom|Wood Hammer|p2b: Whimsicott\n|-resisted|p2b: Whimsicott\n|-damage|p2b: Whimsicott|0 fnt\n|faint|p2b: Whimsicott\n|-damage|p1a: Rillaboom|83\/100|[from] Recoil\n|\n|win|meanrook\n|raw|meanrook's rating: 1641 &rarr; <strong>1667<\/strong><br \/>(+26 for winning)\n|raw|SeaWolfMikess's rating: 1753 &rarr; <strong>1727<\/strong><br \/>(-26 for losing)\n|l|\u2606SeaWolfMikess\n|player|p2|\n|l| DonShitDozo\n|l|\u2606meanrook\n|player|p1|\n","uploadtime":1728780108,"views":14,"formatid":"gen9vgc2024regh","rating":1667,"private":0,"password":null}