{"id":"gen9vgc2024regh-2221332346","format":"[Gen 9] VGC 2024 Reg H","players":["Snorlax Double","GBVGC X76"],"log":"|j|\u2606Snorlax Double\n|j|\u2606GBVGC X76\n|t:|1728730789\n|gametype|doubles\n|player|p1|Snorlax Double|plasmagrunt|1705\n|player|p2|GBVGC X76|hanbei-conquest|1656\n|teamsize|p1|6\n|teamsize|p2|6\n|gen|9\n|tier|[Gen 9] VGC 2024 Reg H\n|rated|\n|rule|Species Clause: Limit one of each Pok\u00e9mon\n|rule|Item Clause: Limit 1 of each item\n|clearpoke\n|poke|p1|Garchomp, L50, M|\n|poke|p1|Hydreigon, L50, F|\n|poke|p1|Zoroark-Hisui, L50, F|\n|poke|p1|Sinistcha, L50|\n|poke|p1|Primarina, L50, F|\n|poke|p1|Incineroar, L50, F|\n|poke|p2|Chandelure, L50, M|\n|poke|p2|Sylveon, L50, F|\n|poke|p2|Talonflame, L50, F|\n|poke|p2|Dragapult, L50, M|\n|poke|p2|Electabuzz, L50, F|\n|poke|p2|Decidueye-Hisui, L50, F|\n|teampreview|4\n|j| furreto testo\n|\n|t:|1728730812\n|start\n|switch|p1a: Garchomp|Garchomp, L50, M|100\/100\n|switch|p1b: Hydreigon|Hydreigon, L50, F|100\/100\n|switch|p2a: MarcoFiaro|Talonflame, L50, F|100\/100\n|switch|p2b: Soullight|Chandelure, L50, M|100\/100\n|turn|1\n|\n|t:|1728730870\n|-terastallize|p1a: Garchomp|Fire\n|move|p2a: MarcoFiaro|Tailwind|p2a: MarcoFiaro\n|-sidestart|p2: GBVGC X76|move: Tailwind\n|move|p2b: Soullight|Shadow Ball|p1a: Garchomp\n|-damage|p1a: Garchomp|45\/100\n|move|p1b: Hydreigon|Shadow Ball|p2a: MarcoFiaro\n|-damage|p2a: MarcoFiaro|8\/100\n|move|p1a: Garchomp|Stomping Tantrum|p2b: Soullight\n|-supereffective|p2b: Soullight\n|-enditem|p2b: Soullight|Focus Sash\n|-damage|p2b: Soullight|1\/100\n|-damage|p1a: Garchomp|35\/100|[from] item: Life Orb\n|\n|upkeep\n|turn|2\n|\n|t:|1728730905\n|move|p1a: Garchomp|Protect|p1a: Garchomp\n|-singleturn|p1a: Garchomp|Protect\n|move|p2a: MarcoFiaro|Sunny Day|p2a: MarcoFiaro\n|-weather|SunnyDay\n|move|p2b: Soullight|Heat Wave|p1b: Hydreigon|[spread] p1b\n|-activate|p1a: Garchomp|move: Protect\n|-damage|p1b: Hydreigon|0 fnt\n|replace|p1b: Zoroark|Zoroark-Hisui, L50, F\n|-end|p1b: Zoroark|Illusion\n|faint|p1b: Zoroark\n|\n|-weather|SunnyDay|[upkeep]\n|upkeep\n|\n|t:|1728730919\n|switch|p1b: Hydreigon|Hydreigon, L50, F|100\/100\n|turn|3\n|\n|t:|1728730929\n|move|p1a: Garchomp|Protect||[still]\n|-fail|p1a: Garchomp\n|move|p2a: MarcoFiaro|Brave Bird|p1b: Hydreigon\n|-crit|p1b: Hydreigon\n|-damage|p1b: Hydreigon|17\/100\n|-damage|p2a: MarcoFiaro|0 fnt|[from] Recoil\n|faint|p2a: MarcoFiaro\n|move|p2b: Soullight|Heat Wave|p1b: Hydreigon|[spread] p1a,p1b\n|-resisted|p1a: Garchomp\n|-resisted|p1b: Hydreigon\n|-damage|p1a: Garchomp|2\/100\n|-damage|p1b: Hydreigon|0 fnt\n|faint|p1b: Hydreigon\n|\n|-weather|SunnyDay|[upkeep]\n|upkeep\n|\n|t:|1728730942\n|switch|p2a: Moonlight|Sylveon, L50, F|100\/100\n|switch|p1b: Sinistcha|Sinistcha, L50|100\/100\n|-heal|p1a: Garchomp|27\/100|[from] ability: Hospitality|[of] p1b: Sinistcha\n|turn|4\n|\n|t:|1728730955\n|-terastallize|p2a: Moonlight|Fairy\n|move|p1a: Garchomp|Protect|p1a: Garchomp\n|-singleturn|p1a: Garchomp|Protect\n|move|p2b: Soullight|Heat Wave|p1a: Garchomp|[spread] p1b\n|-activate|p1a: Garchomp|move: Protect\n|-supereffective|p1b: Sinistcha\n|-damage|p1b: Sinistcha|0 fnt\n|faint|p1b: Sinistcha\n|move|p2a: Moonlight|Hyper Voice|p1a: Garchomp\n|-activate|p1a: Garchomp|move: Protect\n|\n|-weather|SunnyDay|[upkeep]\n|-sideend|p2: GBVGC X76|move: Tailwind\n|upkeep\n|turn|5\n|\n|t:|1728730961\n|move|p1a: Garchomp|Earthquake|p2b: Soullight|[spread] p2a,p2b\n|-supereffective|p2b: Soullight\n|-crit|p2b: Soullight\n|-damage|p2a: Moonlight|29\/100\n|-damage|p2b: Soullight|0 fnt\n|faint|p2b: Soullight\n|-damage|p1a: Garchomp|17\/100|[from] item: Life Orb\n|move|p2a: Moonlight|Hyper Voice|p1a: Garchomp\n|-resisted|p1a: Garchomp\n|-damage|p1a: Garchomp|0 fnt\n|faint|p1a: Garchomp\n|\n|win|GBVGC X76\n|raw|Snorlax Double's rating: 1705 &rarr; <strong>1682<\/strong><br \/>(-23 for losing)\n|raw|GBVGC X76's rating: 1656 &rarr; <strong>1679<\/strong><br \/>(+23 for winning)\n|l|\u2606Snorlax Double\n|player|p1|\n|l|\u2606GBVGC X76\n|player|p2|\n|l| furreto testo\n","uploadtime":1728731197,"views":15,"formatid":"gen9vgc2024regh","rating":1679,"private":0,"password":null}