{"id":"gen9vgc2024regh-2221568147","format":"[Gen 9] VGC 2024 Reg H","players":["zakpaskal","zugasteam"],"log":"|j|\u2606zakpaskal\n|j|\u2606zugasteam\n|t:|1728760319\n|gametype|doubles\n|player|p1|zakpaskal|102|1726\n|player|p2|zugasteam|169|1727\n|teamsize|p1|6\n|teamsize|p2|6\n|gen|9\n|tier|[Gen 9] VGC 2024 Reg H\n|rated|\n|rule|Species Clause: Limit one of each Pok\u00e9mon\n|rule|Item Clause: Limit 1 of each item\n|clearpoke\n|poke|p1|Maushold-Four, L50|\n|poke|p1|Annihilape, L50, M|\n|poke|p1|Sneasler, L50, M|\n|poke|p1|Dragapult, L50, M|\n|poke|p1|Kingambit, L50, M|\n|poke|p1|Incineroar, L50, M|\n|poke|p2|Archaludon, L50, F|\n|poke|p2|Incineroar, L50, M|\n|poke|p2|Pelipper, L50, M|\n|poke|p2|Amoonguss, L50, F|\n|poke|p2|Basculegion, L50, M|\n|poke|p2|Maushold, L50|\n|teampreview|4\n|j| Samevgcmons\n|inactive|Battle timer is ON: inactive players will automatically lose when time's up. (requested by zugasteam)\n|\n|t:|1728760358\n|start\n|switch|p1a: Maushold|Maushold-Four, L50|100\/100\n|switch|p1b: Annihilape|Annihilape, L50, M|100\/100\n|switch|p2a: Archaludon|Archaludon, L50, F|100\/100\n|switch|p2b: Maushold|Maushold, L50|100\/100\n|turn|1\n|\n|t:|1728760378\n|switch|p2a: Basculegion|Basculegion, L50, M|100\/100\n|move|p2b: Maushold|Population Bomb|p1a: Maushold\n|-damage|p1a: Maushold|85\/100\n|-damage|p1a: Maushold|70\/100\n|-damage|p1a: Maushold|56\/100\n|-damage|p1a: Maushold|41\/100\n|-damage|p1a: Maushold|27\/100\n|-damage|p1a: Maushold|13\/100\n|-damage|p1a: Maushold|0 fnt\n|faint|p1a: Maushold\n|-hitcount|p1: Maushold|7\n|move|p1b: Annihilape|Bulk Up|p1b: Annihilape\n|-boost|p1b: Annihilape|atk|1\n|-boost|p1b: Annihilape|def|1\n|\n|upkeep\n|inactive|zakpaskal has 30 seconds left.\n|\n|t:|1728760404\n|switch|p1a: Kingambit|Kingambit, L50, M|100\/100\n|turn|2\n|\n|t:|1728760411\n|switch|p2a: Archaludon|Archaludon, L50, F|100\/100\n|-terastallize|p1b: Annihilape|Water\n|move|p2b: Maushold|Taunt|p1b: Annihilape\n|-start|p1b: Annihilape|move: Taunt\n|move|p1b: Annihilape|Drain Punch|p2b: Maushold\n|-supereffective|p2b: Maushold\n|-damage|p2b: Maushold|0 fnt\n|faint|p2b: Maushold\n|move|p1a: Kingambit|Kowtow Cleave|p2a: Archaludon\n|-damage|p2a: Archaludon|53\/100\n|-ability|p2a: Archaludon|Stamina|boost\n|-boost|p2a: Archaludon|def|1\n|-damage|p1a: Kingambit|90\/100|[from] item: Life Orb\n|\n|upkeep\n|\n|t:|1728760425\n|switch|p2b: Pelipper|Pelipper, L50, M|100\/100\n|-weather|RainDance|[from] ability: Drizzle|[of] p2b: Pelipper\n|turn|3\n|\n|t:|1728760441\n|switch|p1b: Incineroar|Incineroar, L50, M|100\/100\n|-ability|p1b: Incineroar|Intimidate|boost\n|-unboost|p2a: Archaludon|atk|1\n|-unboost|p2b: Pelipper|atk|1\n|move|p2b: Pelipper|Hurricane|p1b: Incineroar\n|-damage|p1b: Incineroar|68\/100\n|move|p2a: Archaludon|Electro Shot||[still]\n|-prepare|p2a: Archaludon|Electro Shot\n|-boost|p2a: Archaludon|spa|1\n|-anim|p2a: Archaludon|Electro Shot|p1b: Incineroar\n|-damage|p1b: Incineroar|30\/100\n|move|p1a: Kingambit|Kowtow Cleave|p2a: Archaludon\n|-damage|p2a: Archaludon|22\/100\n|-ability|p2a: Archaludon|Stamina|boost\n|-boost|p2a: Archaludon|def|1\n|-damage|p1a: Kingambit|80\/100|[from] item: Life Orb\n|\n|-weather|RainDance|[upkeep]\n|upkeep\n|turn|4\n|inactive|zugasteam has 30 seconds left.\n|\n|t:|1728760471\n|move|p1a: Kingambit|Protect|p1a: Kingambit\n|-singleturn|p1a: Kingambit|Protect\n|move|p1b: Incineroar|Fake Out|p2b: Pelipper\n|-damage|p2b: Pelipper|83\/100\n|cant|p2b: Pelipper|flinch\n|move|p2a: Archaludon|Electro Shot||[still]\n|-prepare|p2a: Archaludon|Electro Shot\n|-boost|p2a: Archaludon|spa|1\n|-anim|p2a: Archaludon|Electro Shot|p1b: Incineroar\n|-damage|p1b: Incineroar|0 fnt\n|faint|p1b: Incineroar\n|\n|-weather|RainDance|[upkeep]\n|upkeep\n|\n|t:|1728760481\n|switch|p1b: Annihilape|Annihilape, L50, M, tera:Water|100\/100\n|turn|5\n|\n|t:|1728760498\n|move|p1b: Annihilape|Protect|p1b: Annihilape\n|-singleturn|p1b: Annihilape|Protect\n|move|p2b: Pelipper|Hurricane|p1b: Annihilape\n|-activate|p1b: Annihilape|move: Protect\n|move|p2a: Archaludon|Body Press|p1a: Kingambit\n|-supereffective|p1a: Kingambit\n|-damage|p1a: Kingambit|0 fnt\n|faint|p1a: Kingambit\n|\n|-weather|RainDance|[upkeep]\n|upkeep\n|turn|6\n|\n|t:|1728760513\n|-terastallize|p2a: Archaludon|Grass\n|move|p1b: Annihilape|Drain Punch|p2a: Archaludon\n|-damage|p2a: Archaludon|9\/100\n|-ability|p2a: Archaludon|Stamina|boost\n|-boost|p2a: Archaludon|def|1\n|move|p2b: Pelipper|Hurricane|p1b: Annihilape\n|-damage|p1b: Annihilape|57\/100\n|move|p2a: Archaludon|Electro Shot||[still]\n|-prepare|p2a: Archaludon|Electro Shot\n|-boost|p2a: Archaludon|spa|1\n|-anim|p2a: Archaludon|Electro Shot|p1b: Annihilape\n|-supereffective|p1b: Annihilape\n|-damage|p1b: Annihilape|0 fnt\n|faint|p1b: Annihilape\n|\n|win|zugasteam\n|raw|zakpaskal's rating: 1726 &rarr; <strong>1706<\/strong><br \/>(-20 for losing)\n|raw|zugasteam's rating: 1727 &rarr; <strong>1747<\/strong><br \/>(+20 for winning)\n|l|\u2606zakpaskal\n|player|p1|\n|l| Samevgcmons\n|l|\u2606zugasteam\n|player|p2|\n","uploadtime":1728760651,"views":23,"formatid":"gen9vgc2024regh","rating":1706,"private":0,"password":null}