{"id":"gen9vgc2024regh-2221048770","format":"[Gen 9] VGC 2024 Reg H","players":["yiyotop","BetterCallHall"],"log":"|j|\u2606yiyotop\n|j|\u2606BetterCallHall\n|t:|1728685325\n|gametype|doubles\n|player|p1|yiyotop|266|1686\n|player|p2|BetterCallHall|265|1702\n|teamsize|p1|6\n|teamsize|p2|6\n|gen|9\n|tier|[Gen 9] VGC 2024 Reg H\n|rated|\n|rule|Species Clause: Limit one of each Pok\u00e9mon\n|rule|Item Clause: Limit 1 of each item\n|clearpoke\n|poke|p1|Dondozo, L50, F|\n|poke|p1|Sneasler, L50, M|\n|poke|p1|Rillaboom, L50, F|\n|poke|p1|Salamence, L50, M|\n|poke|p1|Ninetales-Alola, L50, M|\n|poke|p1|Kingambit, L50, F|\n|poke|p2|Primarina, L50, M|\n|poke|p2|Garchomp, L50, F|\n|poke|p2|Vivillon, L50, M|\n|poke|p2|Gholdengo, L50|\n|poke|p2|Dragonite, L50, M|\n|poke|p2|Talonflame, L50, F|\n|teampreview|4\nyiyotop rejected open team sheets.\n|inactive|Battle timer is ON: inactive players will automatically lose when time's up. (requested by BetterCallHall)\n|\n|t:|1728685372\n|start\n|switch|p1a: Dondozo|Dondozo, L50, F|100\/100\n|switch|p1b: Sneasler|Sneasler, L50, M|100\/100\n|switch|p2a: Talonflame|Talonflame, L50, F|100\/100\n|switch|p2b: Gholdengo|Gholdengo, L50|100\/100\n|turn|1\n|j| stbai\n|\n|t:|1728685393\n|move|p2a: Talonflame|Will-O-Wisp|p1b: Sneasler\n|-status|p1b: Sneasler|brn\n|move|p1b: Sneasler|Coaching|p1a: Dondozo\n|-boost|p1a: Dondozo|atk|1\n|-boost|p1a: Dondozo|def|1\n|move|p2b: Gholdengo|Thunderbolt|p1a: Dondozo\n|-supereffective|p1a: Dondozo\n|-damage|p1a: Dondozo|30\/100\n|move|p1a: Dondozo|Wave Crash|p2b: Gholdengo\n|-damage|p2b: Gholdengo|26\/100\n|-damage|p1a: Dondozo|13\/100|[from] Recoil\n|\n|-heal|p1a: Dondozo|19\/100|[from] item: Leftovers\n|-damage|p1b: Sneasler|95\/100 brn|[from] brn\n|upkeep\n|turn|2\n|\n|t:|1728685416\n|switch|p2b: Garchomp|Garchomp, L50, F|100\/100\n|move|p1a: Dondozo|Protect|p1a: Dondozo\n|-singleturn|p1a: Dondozo|Protect\n|move|p2a: Talonflame|Brave Bird|p1a: Dondozo\n|-activate|p1a: Dondozo|move: Protect\n|move|p1b: Sneasler|Dire Claw|p2a: Talonflame\n|-damage|p2a: Talonflame|67\/100\n|\n|-heal|p1a: Dondozo|25\/100|[from] item: Leftovers\n|-damage|p1b: Sneasler|89\/100 brn|[from] brn\n|upkeep\n|turn|3\n|\n|t:|1728685438\n|switch|p1b: Rillaboom|Rillaboom, L50, F|100\/100\n|-fieldstart|move: Grassy Terrain|[from] ability: Grassy Surge|[of] p1b: Rillaboom\n|switch|p1a: Kingambit|Kingambit, L50, F|100\/100\n|move|p2a: Talonflame|Brave Bird|p1a: Kingambit\n|-resisted|p1a: Kingambit\n|-damage|p1a: Kingambit|84\/100\n|-damage|p2a: Talonflame|60\/100|[from] Recoil\n|move|p2b: Garchomp|Breaking Swipe|p1a: Kingambit|[spread] p1a,p1b\n|-resisted|p1a: Kingambit\n|-damage|p1a: Kingambit|73\/100\n|-damage|p1b: Rillaboom|70\/100\n|-unboost|p1a: Kingambit|atk|1\n|-ability|p1a: Kingambit|Defiant|boost\n|-boost|p1a: Kingambit|atk|2\n|-unboost|p1b: Rillaboom|atk|1\n|-damage|p2b: Garchomp|91\/100|[from] item: Life Orb\n|\n|-heal|p2b: Garchomp|97\/100|[from] Grassy Terrain\n|-heal|p1b: Rillaboom|76\/100|[from] Grassy Terrain\n|-heal|p1a: Kingambit|79\/100|[from] Grassy Terrain\n|upkeep\n|turn|4\n|inactive|yiyotop has 30 seconds left.\n|inactive|yiyotop has 20 seconds left.\n|\n|t:|1728685474\n|switch|p1a: Sneasler|Sneasler, L50, M|89\/100 brn\n|move|p2b: Garchomp|Protect|p2b: Garchomp\n|-singleturn|p2b: Garchomp|Protect\n|move|p2a: Talonflame|Will-O-Wisp|p1a: Sneasler\n|-fail|p1a: Sneasler|brn\n|move|p1b: Rillaboom|Wood Hammer|p2b: Garchomp\n|-activate|p2b: Garchomp|move: Protect\n|\n|-heal|p1a: Sneasler|95\/100 brn|[from] Grassy Terrain\n|-heal|p2b: Garchomp|100\/100|[from] Grassy Terrain\n|-heal|p1b: Rillaboom|82\/100|[from] Grassy Terrain\n|-damage|p1a: Sneasler|89\/100 brn|[from] brn\n|upkeep\n|turn|5\n|inactive|yiyotop has 30 seconds left.\n|\n|t:|1728685504\n|move|p2a: Talonflame|Will-O-Wisp|p1b: Rillaboom\n|-status|p1b: Rillaboom|brn\n|move|p1a: Sneasler|Dire Claw|p2a: Talonflame\n|-damage|p2a: Talonflame|30\/100\n|move|p2b: Garchomp|Stomping Tantrum|p1a: Sneasler\n|-supereffective|p1a: Sneasler\n|-damage|p1a: Sneasler|0 fnt\n|faint|p1a: Sneasler\n|-damage|p2b: Garchomp|91\/100|[from] item: Life Orb\n|move|p1b: Rillaboom|Wood Hammer|p2a: Talonflame\n|-resisted|p2a: Talonflame\n|-damage|p2a: Talonflame|14\/100\n|-damage|p1b: Rillaboom|78\/100 brn|[from] Recoil\n|\n|-heal|p2b: Garchomp|97\/100|[from] Grassy Terrain\n|-heal|p1b: Rillaboom|84\/100 brn|[from] Grassy Terrain\n|-damage|p1b: Rillaboom|78\/100 brn|[from] brn\n|upkeep\n|\n|t:|1728685528\n|switch|p1a: Dondozo|Dondozo, L50, F|25\/100\n|turn|6\n|\n|t:|1728685540\n|switch|p2a: Gholdengo|Gholdengo, L50|26\/100\n|move|p1a: Dondozo|Protect|p1a: Dondozo\n|-singleturn|p1a: Dondozo|Protect\n|move|p2b: Garchomp|Stomping Tantrum|p1a: Dondozo\n|-activate|p1a: Dondozo|move: Protect\n|move|p1b: Rillaboom|Wood Hammer|p2a: Gholdengo\n|-resisted|p2a: Gholdengo\n|-damage|p2a: Gholdengo|0 fnt\n|faint|p2a: Gholdengo\n|-damage|p1b: Rillaboom|70\/100 brn|[from] Recoil\n|\n|-heal|p2b: Garchomp|100\/100|[from] Grassy Terrain\n|-heal|p1b: Rillaboom|76\/100 brn|[from] Grassy Terrain\n|-heal|p1a: Dondozo|32\/100|[from] Grassy Terrain\n|-heal|p1a: Dondozo|38\/100|[from] item: Leftovers\n|-damage|p1b: Rillaboom|70\/100 brn|[from] brn\n|upkeep\n|\n|t:|1728685555\n|switch|p2a: Talonflame|Talonflame, L50, F|14\/100\n|turn|7\n|\n|t:|1728685568\n|-terastallize|p1a: Dondozo|Grass\n|move|p2a: Talonflame|Will-O-Wisp|p1a: Dondozo\n|-status|p1a: Dondozo|brn\n|move|p2b: Garchomp|Stomping Tantrum|p1a: Dondozo\n|-resisted|p1a: Dondozo\n|-damage|p1a: Dondozo|21\/100 brn\n|-damage|p2b: Garchomp|91\/100|[from] item: Life Orb\n|move|p1b: Rillaboom|Wood Hammer|p2b: Garchomp\n|-damage|p2b: Garchomp|50\/100\n|-damage|p1b: Rillaboom|58\/100 brn|[from] ability: Rough Skin|[of] p2b: Garchomp\n|-damage|p1b: Rillaboom|45\/100 brn|[from] Recoil\n|move|p1a: Dondozo|Wave Crash|p2b: Garchomp\n|-damage|p2b: Garchomp|27\/100\n|-damage|p1a: Dondozo|9\/100 brn|[from] ability: Rough Skin|[of] p2b: Garchomp\n|-damage|p1a: Dondozo|3\/100 brn|[from] Recoil\n|\n|-heal|p2b: Garchomp|33\/100|[from] Grassy Terrain\n|-heal|p1b: Rillaboom|51\/100 brn|[from] Grassy Terrain\n|-heal|p1a: Dondozo|9\/100 brn|[from] Grassy Terrain\n|-heal|p1a: Dondozo|15\/100 brn|[from] item: Leftovers\n|-damage|p1b: Rillaboom|45\/100 brn|[from] brn\n|-damage|p1a: Dondozo|9\/100 brn|[from] brn\n|-fieldend|move: Grassy Terrain\n|upkeep\n|turn|8\n|j| Terapakosss79\n|inactive|yiyotop has 30 seconds left.\n|\n|t:|1728685594\n|switch|p2a: Vivillon|Vivillon, L50, M|100\/100\n|switch|p1b: Kingambit|Kingambit, L50, F|79\/100\n|move|p1a: Dondozo|Protect|p1a: Dondozo\n|-singleturn|p1a: Dondozo|Protect\n|move|p2b: Garchomp|Earthquake|p1a: Dondozo|[spread] p1b\n|-activate|p1a: Dondozo|move: Protect\n|-immune|p2a: Vivillon\n|-supereffective|p1b: Kingambit\n|-damage|p1b: Kingambit|3\/100\n|-damage|p2b: Garchomp|23\/100|[from] item: Life Orb\n|\n|-heal|p1a: Dondozo|15\/100 brn|[from] item: Leftovers\n|-damage|p1a: Dondozo|9\/100 brn|[from] brn\n|upkeep\n|turn|9\n|\n|t:|1728685615\n|switch|p1b: Rillaboom|Rillaboom, L50, F|45\/100 brn\n|-fieldstart|move: Grassy Terrain|[from] ability: Grassy Surge|[of] p1b: Rillaboom\n|move|p2a: Vivillon|Rage Powder|p2a: Vivillon\n|-singleturn|p2a: Vivillon|move: Rage Powder\n|move|p2b: Garchomp|Breaking Swipe|p1b: Rillaboom|[spread] p1a,p1b\n|-damage|p1a: Dondozo|0 fnt\n|-damage|p1b: Rillaboom|10\/100 brn\n|-unboost|p1b: Rillaboom|atk|1\n|faint|p1a: Dondozo\n|-damage|p2b: Garchomp|14\/100|[from] item: Life Orb\n|\n|-heal|p2b: Garchomp|20\/100|[from] Grassy Terrain\n|-heal|p1b: Rillaboom|16\/100 brn|[from] Grassy Terrain\n|-damage|p1b: Rillaboom|10\/100 brn|[from] brn\n|upkeep\n|\n|t:|1728685632\n|switch|p1a: Kingambit|Kingambit, L50, F|3\/100\n|turn|10\n|\n|t:|1728685643\n|move|p2b: Garchomp|Protect|p2b: Garchomp\n|-singleturn|p2b: Garchomp|Protect\n|move|p2a: Vivillon|Protect|p2a: Vivillon\n|-singleturn|p2a: Vivillon|Protect\n|move|p1b: Rillaboom|Grassy Glide|p2a: Vivillon\n|-activate|p2a: Vivillon|move: Protect\n|move|p1a: Kingambit|Kowtow Cleave|p2a: Vivillon\n|-activate|p2a: Vivillon|move: Protect\n|\n|-heal|p2b: Garchomp|26\/100|[from] Grassy Terrain\n|-heal|p1b: Rillaboom|16\/100 brn|[from] Grassy Terrain\n|-heal|p1a: Kingambit|9\/100|[from] Grassy Terrain\n|-damage|p1b: Rillaboom|10\/100 brn|[from] brn\n|upkeep\n|turn|11\n|-message|yiyotop forfeited.\n|\n|win|BetterCallHall\n|raw|yiyotop's rating: 1686 &rarr; <strong>1667<\/strong><br \/>(-19 for losing)\n|raw|BetterCallHall's rating: 1702 &rarr; <strong>1721<\/strong><br \/>(+19 for winning)\n|l|\u2606yiyotop\n|player|p1|\n|l| stbai\n|l|\u2606BetterCallHall\n|player|p2|\n|l| Terapakosss79\n","uploadtime":1728685943,"views":16,"formatid":"gen9vgc2024regh","rating":1667,"private":0,"password":null}