{"id":"gen9vgc2024regh-2221249724","format":"[Gen 9] VGC 2024 Reg H","players":["roykeenkennedy","DiDiancie"],"log":"|j|\u2606roykeenkennedy\n|j|\u2606DiDiancie\n|t:|1728714516\n|gametype|doubles\n|player|p1|roykeenkennedy|alder|1754\n|player|p2|DiDiancie|caitlin|1710\n|teamsize|p1|6\n|teamsize|p2|6\n|gen|9\n|tier|[Gen 9] VGC 2024 Reg H\n|rated|\n|rule|Species Clause: Limit one of each Pok\u00e9mon\n|rule|Item Clause: Limit 1 of each item\n|clearpoke\n|poke|p1|Salamence, L50, F|\n|poke|p1|Incineroar, L50, M|\n|poke|p1|Weezing, L50, M|\n|poke|p1|Dragapult, L50, M|\n|poke|p1|Ursaluna-Bloodmoon, L50, M|\n|poke|p1|Volcarona, L50, M|\n|poke|p2|Blaziken, L50, F|\n|poke|p2|Whimsicott, L50, F|\n|poke|p2|Dragapult, L50, F|\n|poke|p2|Araquanid, L50, F|\n|poke|p2|Electabuzz, L50, F|\n|poke|p2|Gholdengo, L50|\n|teampreview|4\n|inactive|Battle timer is ON: inactive players will automatically lose when time's up. (requested by DiDiancie)\n|\n|t:|1728714543\n|start\n|switch|p1a: Dragapult|Dragapult, L50, M|100\/100\n|switch|p1b: Weezing|Weezing, L50, M|100\/100\n|switch|p2a: Dragapult|Dragapult, L50, F|100\/100\n|switch|p2b: Blaziken|Blaziken, L50, F|100\/100\n|-ability|p1b: Weezing|Neutralizing Gas\n|turn|1\n|\n|t:|1728714558\n|switch|p1a: Incineroar|Incineroar, L50, M|100\/100\n|-ability|p1a: Incineroar|Intimidate|boost\n|-unboost|p2a: Dragapult|atk|1\n|-unboost|p2b: Blaziken|atk|1\n|-terastallize|p2b: Blaziken|Steel\n|move|p2a: Dragapult|Dragon Darts|p1a: Incineroar\n|-damage|p1a: Incineroar|79\/100\n|-anim|p2a: Dragapult|Dragon Darts|p1b: Weezing\n|-crit|p1b: Weezing\n|-damage|p1b: Weezing|54\/100\n|move|p2b: Blaziken|Heat Wave|p1b: Weezing|[spread] p1a,p1b\n|-resisted|p1a: Incineroar\n|-damage|p1a: Incineroar|61\/100\n|-damage|p1b: Weezing|0 fnt\n|faint|p1b: Weezing\n|-end|p1b: Weezing|ability: Neutralizing Gas\n|-damage|p2b: Blaziken|91\/100|[from] item: Life Orb\n|\n|-ability|p2b: Blaziken|Speed Boost|boost\n|-boost|p2b: Blaziken|spe|1\n|upkeep\n|\n|t:|1728714582\n|switch|p1b: Dragapult|Dragapult, L50, M|100\/100\n|turn|2\n|\n|t:|1728714593\n|-terastallize|p1b: Dragapult|Ghost\n|move|p2b: Blaziken|Protect|p2b: Blaziken\n|-singleturn|p2b: Blaziken|Protect\n|move|p2a: Dragapult|Dragon Darts|p1b: Dragapult\n|-damage|p1b: Dragapult|67\/100\n|-anim|p2a: Dragapult|Dragon Darts|p1a: Incineroar\n|-damage|p1a: Incineroar|37\/100\n|move|p1b: Dragapult|Tera Blast|p2b: Blaziken|[anim] Tera Blast Ghost\n|-activate|p2b: Blaziken|move: Protect\n|move|p1a: Incineroar|Knock Off|p2a: Dragapult\n|-supereffective|p2a: Dragapult\n|-damage|p2a: Dragapult|0 fnt\n|-enditem|p2a: Dragapult|Choice Band|[from] move: Knock Off|[of] p1a: Incineroar\n|faint|p2a: Dragapult\n|\n|-ability|p2b: Blaziken|Speed Boost|boost\n|-boost|p2b: Blaziken|spe|1\n|upkeep\n|\n|t:|1728714603\n|switch|p2a: Gholdengo|Gholdengo, L50|100\/100\n|turn|3\n|j| futonkagebunshin\n|\n|t:|1728714620\n|switch|p1a: Ursaluna|Ursaluna-Bloodmoon, L50, M|100\/100\n|move|p2b: Blaziken|Heat Wave|p1a: Ursaluna|[spread] p1a,p1b\n|-damage|p1a: Ursaluna|63\/100\n|-damage|p1b: Dragapult|5\/100\n|-status|p1a: Ursaluna|brn\n|-damage|p2b: Blaziken|81\/100|[from] item: Life Orb\n|move|p1b: Dragapult|Tera Blast|p2a: Gholdengo|[anim] Tera Blast Ghost\n|-supereffective|p2a: Gholdengo\n|-damage|p2a: Gholdengo|0 fnt\n|faint|p2a: Gholdengo\n|\n|-damage|p1a: Ursaluna|57\/100 brn|[from] brn\n|-ability|p2b: Blaziken|Speed Boost|boost\n|-boost|p2b: Blaziken|spe|1\n|upkeep\n|\n|t:|1728714627\n|switch|p2a: Araquanid|Araquanid, L50, F|100\/100\n|turn|4\n|\n|t:|1728714641\n|switch|p1b: Incineroar|Incineroar, L50, M|37\/100\n|-ability|p1b: Incineroar|Intimidate|boost\n|-fail|p2a: Araquanid|unboost|[from] item: Clear Amulet|[of] p2a: Araquanid\n|-unboost|p2b: Blaziken|atk|1\n|move|p2b: Blaziken|Heat Wave|p1b: Incineroar|[spread] p1a,p1b\n|-resisted|p1b: Incineroar\n|-damage|p1a: Ursaluna|23\/100 brn\n|-damage|p1b: Incineroar|20\/100\n|-damage|p2b: Blaziken|71\/100|[from] item: Life Orb\n|move|p1a: Ursaluna|Earth Power|p2b: Blaziken\n|-supereffective|p2b: Blaziken\n|-damage|p2b: Blaziken|0 fnt\n|faint|p2b: Blaziken\n|move|p2a: Araquanid|Liquidation|p1a: Ursaluna\n|-supereffective|p1a: Ursaluna\n|-damage|p1a: Ursaluna|0 fnt\n|faint|p1a: Ursaluna\n|\n|upkeep\n|\n|t:|1728714660\n|switch|p1a: Dragapult|Dragapult, L50, M, tera:Ghost|5\/100\n|turn|5\n|\n|t:|1728714675\n|move|p2a: Araquanid|Protect|p2a: Araquanid\n|-singleturn|p2a: Araquanid|Protect\n|move|p1a: Dragapult|Tera Blast|p2a: Araquanid|[anim] Tera Blast Ghost\n|-activate|p2a: Araquanid|move: Protect\n|move|p1b: Incineroar|Knock Off|p2a: Araquanid\n|-activate|p2a: Araquanid|move: Protect\n|\n|upkeep\n|turn|6\n|\n|t:|1728714685\n|move|p1a: Dragapult|Tera Blast|p2a: Araquanid|[anim] Tera Blast Ghost\n|-damage|p2a: Araquanid|9\/100\n|move|p1b: Incineroar|Knock Off|p2a: Araquanid\n|-damage|p2a: Araquanid|0 fnt\n|-enditem|p2a: Araquanid|Clear Amulet|[from] move: Knock Off|[of] p1b: Incineroar\n|faint|p2a: Araquanid\n|\n|win|roykeenkennedy\n|raw|roykeenkennedy's rating: 1754 &rarr; <strong>1771<\/strong><br \/>(+17 for winning)\n|raw|DiDiancie's rating: 1710 &rarr; <strong>1693<\/strong><br \/>(-17 for losing)\n|l|\u2606DiDiancie\n|player|p2|\n|l|\u2606roykeenkennedy\n|player|p1|\n","uploadtime":1728714882,"views":19,"formatid":"gen9vgc2024regh","rating":1693,"private":0,"password":null}