{"id":"gen9vgc2024regh-2221620910","format":"[Gen 9] VGC 2024 Reg H","players":["googer315","RandomDuVGCFR"],"log":"|j|\u2606googer315\n|j|\u2606RandomDuVGCFR\n|t:|1728766279\n|gametype|doubles\n|player|p1|googer315|170|1718\n|player|p2|RandomDuVGCFR|102|1813\n|teamsize|p1|6\n|teamsize|p2|6\n|gen|9\n|tier|[Gen 9] VGC 2024 Reg H\n|rated|\n|rule|Species Clause: Limit one of each Pok\u00e9mon\n|rule|Item Clause: Limit 1 of each item\n|clearpoke\n|poke|p1|Dondozo, L50, F|\n|poke|p1|Tatsugiri, L50, F|\n|poke|p1|Glimmora, L50, F|\n|poke|p1|Maushold, L50|\n|poke|p1|Annihilape, L50, F|\n|poke|p1|Gholdengo, L50|\n|poke|p2|Ninetales-Alola, L50, F|\n|poke|p2|Amoonguss, L50, M|\n|poke|p2|Incineroar, L50, F|\n|poke|p2|Kingambit, L50, M|\n|poke|p2|Dragonite, L50, F|\n|poke|p2|Garchomp, L50, F|\n|teampreview|4\n|inactive|Battle timer is ON: inactive players will automatically lose when time's up. (requested by RandomDuVGCFR)\n|inactive|googer315 has 60 seconds left.\n|inactive|googer315 has 30 seconds left.\n|inactive|googer315 has 20 seconds left.\n|inactive|googer315 has 15 seconds left.\n|inactive|googer315 has 10 seconds left.\n|inactive|googer315 has 5 seconds left.\n|\n|t:|1728766471\n|start\n|switch|p1a: Dondozo|Dondozo, L50, F|100\/100\n|switch|p1b: Tatsugiri|Tatsugiri, L50, F|100\/100\n|switch|p2a: Dragonite|Dragonite, L50, F|100\/100\n|switch|p2b: Garchomp|Garchomp, L50, F|100\/100\n|-activate|p1b: Tatsugiri|ability: Commander|[of] p1a: Dondozo\n|-boost|p1a: Dondozo|atk|2\n|-boost|p1a: Dondozo|spa|2\n|-boost|p1a: Dondozo|spe|2\n|-boost|p1a: Dondozo|def|2\n|-boost|p1a: Dondozo|spd|2\n|turn|1\n|\n|t:|1728766489\n|switch|p2b: Amoonguss|Amoonguss, L50, M|100\/100\n|switch|p2a: Incineroar|Incineroar, L50, F|100\/100\n|-ability|p2a: Incineroar|Intimidate|boost\n|-unboost|p1a: Dondozo|atk|1\n|-unboost|p1b: Tatsugiri|atk|1\n|move|p1a: Dondozo|Wave Crash|p2b: Amoonguss\n|-resisted|p2b: Amoonguss\n|-damage|p2b: Amoonguss|72\/100\n|-damage|p1a: Dondozo|92\/100|[from] Recoil\n|\n|-heal|p1a: Dondozo|98\/100|[from] item: Leftovers\n|upkeep\n|turn|2\n|\n|t:|1728766508\n|switch|p2b: Garchomp|Garchomp, L50, F|100\/100\n|move|p1a: Dondozo|Protect|p1a: Dondozo\n|-singleturn|p1a: Dondozo|Protect\n|move|p2a: Incineroar|Fake Out|p1a: Dondozo\n|-activate|p1a: Dondozo|move: Protect\n|\n|-heal|p1a: Dondozo|100\/100|[from] item: Leftovers\n|upkeep\n|turn|3\n|\n|t:|1728766518\n|switch|p2a: Amoonguss|Amoonguss, L50, M|100\/100\n|-terastallize|p1a: Dondozo|Grass\n|move|p2b: Garchomp|Protect|p2b: Garchomp\n|-singleturn|p2b: Garchomp|Protect\n|move|p1a: Dondozo|Wave Crash|p2a: Amoonguss\n|-resisted|p2a: Amoonguss\n|-damage|p2a: Amoonguss|70\/100\n|-damage|p1a: Dondozo|91\/100|[from] Recoil\n|\n|-heal|p1a: Dondozo|98\/100|[from] item: Leftovers\n|upkeep\n|turn|4\n|\n|t:|1728766535\n|switch|p2b: Incineroar|Incineroar, L50, F|100\/100\n|-ability|p2b: Incineroar|Intimidate|boost\n|-unboost|p1a: Dondozo|atk|1\n|-unboost|p1b: Tatsugiri|atk|1\n|move|p1a: Dondozo|Order Up|p2b: Incineroar\n|-damage|p2b: Incineroar|80\/100\n|-boost|p1a: Dondozo|atk|1\n|move|p2a: Amoonguss|Clear Smog|p1a: Dondozo\n|-supereffective|p1a: Dondozo\n|-damage|p1a: Dondozo|85\/100\n|-clearboost|p1a: Dondozo\n|\n|-heal|p1a: Dondozo|91\/100|[from] item: Leftovers\n|upkeep\n|turn|5\n|\n|t:|1728766554\n|switch|p2a: Dragonite|Dragonite, L50, F|100\/100\n|move|p1a: Dondozo|Protect|p1a: Dondozo\n|-singleturn|p1a: Dondozo|Protect\n|move|p2b: Incineroar|Parting Shot|p1a: Dondozo\n|-activate|p1a: Dondozo|move: Protect\n|\n|-heal|p1a: Dondozo|98\/100|[from] item: Leftovers\n|upkeep\n|turn|6\n|\n|t:|1728766567\n|move|p2a: Dragonite|Protect|p2a: Dragonite\n|-singleturn|p2a: Dragonite|Protect\n|move|p2b: Incineroar|Parting Shot|p1a: Dondozo\n|-unboost|p1a: Dondozo|atk|1\n|-unboost|p1a: Dondozo|spa|1\n|inactive|RandomDuVGCFR has 30 seconds left.\n|\n|t:|1728766596\n|switch|p2b: Amoonguss|Amoonguss, L50, M|100\/100|[from] Parting Shot\n|move|p1a: Dondozo|Wave Crash|p2b: Amoonguss\n|-resisted|p2b: Amoonguss\n|-damage|p2b: Amoonguss|86\/100\n|-damage|p1a: Dondozo|93\/100|[from] Recoil\n|\n|-heal|p1a: Dondozo|99\/100|[from] item: Leftovers\n|upkeep\n|turn|7\n|\n|t:|1728766608\n|-terastallize|p2a: Dragonite|Flying\n|move|p2a: Dragonite|Tera Blast|p1a: Dondozo|[anim] Tera Blast Flying\n|-supereffective|p1a: Dondozo\n|-damage|p1a: Dondozo|30\/100\n|move|p1a: Dondozo|Order Up|p2a: Dragonite\n|-damage|p2a: Dragonite|92\/100\n|-boost|p1a: Dondozo|atk|1\n|move|p2b: Amoonguss|Spore|p1b: Tatsugiri|[miss]\n|-miss|p2b: Amoonguss|p1b: Tatsugiri\n|\n|-heal|p1a: Dondozo|36\/100|[from] item: Leftovers\n|upkeep\n|turn|8\n|\n|t:|1728766630\n|move|p2a: Dragonite|Tera Blast|p1a: Dondozo|[anim] Tera Blast Flying\n|-supereffective|p1a: Dondozo\n|-damage|p1a: Dondozo|0 fnt\n|faint|p1a: Dondozo\n|move|p2b: Amoonguss|Pollen Puff|p2a: Dragonite\n|-heal|p2a: Dragonite|100\/100\n|\n|upkeep\n|\n|t:|1728766642\n|switch|p1a: Glimmora|Glimmora, L50, F|100\/100\n|turn|9\n|\n|t:|1728766659\n|move|p2b: Amoonguss|Rage Powder|p2b: Amoonguss\n|-singleturn|p2b: Amoonguss|move: Rage Powder\n|move|p1b: Tatsugiri|Muddy Water|p2b: Amoonguss|[spread] p2a\n|-miss|p1b: Tatsugiri|p2b: Amoonguss\n|-damage|p2a: Dragonite|84\/100\n|move|p2a: Dragonite|Tera Blast|p1b: Tatsugiri|[anim] Tera Blast Flying\n|-damage|p1b: Tatsugiri|0 fnt\n|faint|p1b: Tatsugiri\n|move|p1a: Glimmora|Power Gem|p2b: Amoonguss\n|-damage|p2b: Amoonguss|49\/100\n|-enditem|p2b: Amoonguss|Sitrus Berry|[eat]\n|-heal|p2b: Amoonguss|74\/100|[from] item: Sitrus Berry\n|\n|upkeep\n|\n|t:|1728766670\n|switch|p1b: Maushold|Maushold, L50|100\/100\n|turn|10\n|\n|t:|1728766686\n|move|p2b: Amoonguss|Rage Powder|p2b: Amoonguss\n|-singleturn|p2b: Amoonguss|move: Rage Powder\n|move|p1b: Maushold|Taunt|p2b: Amoonguss\n|-start|p2b: Amoonguss|move: Taunt\n|move|p2a: Dragonite|Tera Blast|p1b: Maushold|[anim] Tera Blast Flying\n|-damage|p1b: Maushold|42\/100\n|move|p1a: Glimmora|Power Gem|p2b: Amoonguss\n|-damage|p2b: Amoonguss|37\/100\n|\n|upkeep\n|turn|11\n|inactive|googer315 has 30 seconds left.\n|\n|t:|1728766720\n|switch|p2b: Incineroar|Incineroar, L50, F|80\/100\n|-ability|p2b: Incineroar|Intimidate|boost\n|-unboost|p1a: Glimmora|atk|1\n|-unboost|p1b: Maushold|atk|1\n|move|p1b: Maushold|Protect|p1b: Maushold\n|-singleturn|p1b: Maushold|Protect\n|move|p2a: Dragonite|Protect|p2a: Dragonite\n|-singleturn|p2a: Dragonite|Protect\n|move|p1a: Glimmora|Power Gem|p2a: Dragonite\n|-activate|p2a: Dragonite|move: Protect\n|\n|upkeep\n|turn|12\n|\n|t:|1728766738\n|move|p2b: Incineroar|Fake Out|p1a: Glimmora\n|-resisted|p1a: Glimmora\n|-damage|p1a: Glimmora|95\/100\n|-activate|p1a: Glimmora|ability: Toxic Debris\n|-sidestart|p2: RandomDuVGCFR|move: Toxic Spikes\n|move|p1b: Maushold|Taunt|p2b: Incineroar\n|-start|p2b: Incineroar|move: Taunt\n|move|p2a: Dragonite|Tera Blast|p1b: Maushold|[anim] Tera Blast Flying\n|-damage|p1b: Maushold|0 fnt\n|faint|p1b: Maushold\n|cant|p1a: Glimmora|flinch\n|\n|upkeep\n|turn|13\n|inactive|googer315 has 30 seconds left.\n|inactive|googer315 has 20 seconds left.\n|\n|t:|1728766777\n|move|p2a: Dragonite|Low Kick|p1a: Glimmora\n|-damage|p1a: Glimmora|68\/100\n|-activate|p1a: Glimmora|ability: Toxic Debris\n|-sidestart|p2: RandomDuVGCFR|move: Toxic Spikes\n|move|p1a: Glimmora|Power Gem|p2a: Dragonite\n|-supereffective|p2a: Dragonite\n|-damage|p2a: Dragonite|0 fnt\n|faint|p2a: Dragonite\n|move|p2b: Incineroar|Knock Off|p1a: Glimmora\n|-damage|p1a: Glimmora|19\/100\n|-enditem|p1a: Glimmora|Focus Sash|[from] move: Knock Off|[of] p2b: Incineroar\n|\n|upkeep\n|\n|t:|1728766786\n|switch|p2a: Amoonguss|Amoonguss, L50, M|70\/100\n|-sideend|p2: RandomDuVGCFR|move: Toxic Spikes|[of] p2a: Amoonguss\n|turn|14\n|inactive|googer315 has 30 seconds left.\n|inactive|googer315 has 20 seconds left.\n|inactive|googer315 has 15 seconds left.\n|inactive|googer315 has 10 seconds left.\n|inactive|googer315 has 5 seconds left.\n|\n|t:|1728766841\n|move|p2a: Amoonguss|Rage Powder|p2a: Amoonguss\n|-singleturn|p2a: Amoonguss|move: Rage Powder\n|move|p1a: Glimmora|Power Gem|p2a: Amoonguss\n|-damage|p2a: Amoonguss|29\/100\n|move|p2b: Incineroar|Knock Off|p1a: Glimmora\n|-damage|p1a: Glimmora|0 fnt\n|-activate|p1a: Glimmora|ability: Toxic Debris\n|-sidestart|p2: RandomDuVGCFR|move: Toxic Spikes\n|faint|p1a: Glimmora\n|\n|win|RandomDuVGCFR\n|raw|googer315's rating: 1718 &rarr; <strong>1703<\/strong><br \/>(-15 for losing)\n|raw|RandomDuVGCFR's rating: 1813 &rarr; <strong>1828<\/strong><br \/>(+15 for winning)\n|l|\u2606googer315\n|player|p1|\n|j| timber1313\n","uploadtime":1728766981,"views":21,"formatid":"gen9vgc2024regh","rating":1703,"private":0,"password":null}