{"id":"gen9vgc2024regh-2221786024","format":"[Gen 9] VGC 2024 Reg H","players":["lilikoal enjoyer","xielinzhan"],"log":"|j|\u2606lilikoal enjoyer\n|j|\u2606xielinzhan\n|t:|1728786978\n|gametype|doubles\n|player|p1|lilikoal enjoyer|siebold|1644\n|player|p2|xielinzhan|marley|1698\n|teamsize|p1|6\n|teamsize|p2|6\n|gen|9\n|tier|[Gen 9] VGC 2024 Reg H\n|rated|\n|rule|Species Clause: Limit one of each Pok\u00e9mon\n|rule|Item Clause: Limit 1 of each item\n|clearpoke\n|poke|p1|Gallade, L50, M|\n|poke|p1|Hatterene, L50, F|\n|poke|p1|Indeedee-F, L50, F|\n|poke|p1|Lilligant-Hisui, L50, F|\n|poke|p1|Torkoal, L50, F|\n|poke|p1|Ursaluna, L50, F|\n|poke|p2|Dragapult, L50, F|\n|poke|p2|Sneasler, L50, F|\n|poke|p2|Primarina, L50, F|\n|poke|p2|Magmar, L50, F|\n|poke|p2|Kingambit, L50, F|\n|poke|p2|Rillaboom, L50, F|\n|teampreview|4\n|inactive|Battle timer is ON: inactive players will automatically lose when time's up. (requested by lilikoal enjoyer)\n|inactive|xielinzhan has 60 seconds left.\n|j| 5AccountsInTop5\n|j| THUNDERSND77\n|\n|t:|1728787038\n|start\n|switch|p1a: Indeedee|Indeedee-F, L50, F|100\/100\n|switch|p1b: Gallade|Gallade, L50, M|100\/100\n|switch|p2a: Dragapult|Dragapult, L50, F|100\/100\n|switch|p2b: Sneasler|Sneasler, L50, F|100\/100\n|-fieldstart|move: Psychic Terrain|[from] ability: Psychic Surge|[of] p1a: Indeedee\n|turn|1\n|l|5accountsintop5\n|\n|t:|1728787058\n|move|p1a: Indeedee|Follow Me|p1a: Indeedee\n|-singleturn|p1a: Indeedee|move: Follow Me\n|move|p2a: Dragapult|U-turn|p1a: Indeedee\n|-supereffective|p1a: Indeedee\n|-damage|p1a: Indeedee|19\/100\n|-damage|p2a: Dragapult|84\/100|[from] item: Rocky Helmet|[of] p1a: Indeedee\n|\n|t:|1728787073\n|switch|p2a: Kingambit|Kingambit, L50, F|100\/100|[from] U-turn\n|move|p2b: Sneasler|Dire Claw|p1a: Indeedee\n|-damage|p1a: Indeedee|0 fnt\n|-damage|p2b: Sneasler|84\/100|[from] item: Rocky Helmet|[of] p1a: Indeedee\n|faint|p1a: Indeedee\n|move|p1b: Gallade|Trick Room|p1b: Gallade\n|-fieldstart|move: Trick Room|[of] p1b: Gallade\n|\n|upkeep\n|\n|t:|1728787088\n|switch|p1a: Torkoal|Torkoal, L50, F|100\/100\n|-weather|SunnyDay|[from] ability: Drought|[of] p1a: Torkoal\n|turn|2\n|inactive|xielinzhan has 30 seconds left.\n|\n|t:|1728787117\n|-terastallize|p1a: Torkoal|Fire\n|move|p2a: Kingambit|Protect|p2a: Kingambit\n|-singleturn|p2a: Kingambit|Protect\n|move|p1a: Torkoal|Eruption|p2b: Sneasler|[spread] p2b\n|-activate|p2a: Kingambit|move: Protect\n|-damage|p2b: Sneasler|0 fnt\n|faint|p2b: Sneasler\n|move|p1b: Gallade|Sacred Sword|p2a: Kingambit\n|-activate|p2a: Kingambit|move: Protect\n|\n|-weather|SunnyDay|[upkeep]\n|upkeep\n|\n|t:|1728787130\n|switch|p2b: Rillaboom|Rillaboom, L50, F|100\/100\n|-fieldstart|move: Grassy Terrain|[from] ability: Grassy Surge|[of] p2b: Rillaboom\n|turn|3\n|inactive|lilikoal enjoyer has 30 seconds left.\n|\n|t:|1728787160\n|-terastallize|p2a: Kingambit|Dark\n|move|p2b: Rillaboom|Fake Out|p1b: Gallade\n|-damage|p1b: Gallade|82\/100\n|move|p2a: Kingambit|Sucker Punch|p1a: Torkoal\n|-crit|p1a: Torkoal\n|-damage|p1a: Torkoal|25\/100\n|move|p1a: Torkoal|Weather Ball|p2a: Kingambit\n|-damage|p2a: Kingambit|0 fnt\n|faint|p2a: Kingambit\n|cant|p1b: Gallade|flinch\n|\n|-weather|SunnyDay|[upkeep]\n|-heal|p1a: Torkoal|31\/100|[from] Grassy Terrain\n|-heal|p1b: Gallade|89\/100|[from] Grassy Terrain\n|upkeep\n|j| moon7777alt2\n|\n|t:|1728787172\n|switch|p2a: Dragapult|Dragapult, L50, F|84\/100\n|turn|4\n|\n|t:|1728787194\n|move|p2b: Rillaboom|Grassy Glide|p1a: Torkoal\n|-resisted|p1a: Torkoal\n|-damage|p1a: Torkoal|16\/100\n|move|p1a: Torkoal|Weather Ball|p2b: Rillaboom\n|-supereffective|p2b: Rillaboom\n|-damage|p2b: Rillaboom|0 fnt\n|faint|p2b: Rillaboom\n|move|p1b: Gallade|Psycho Cut|p2a: Dragapult\n|-damage|p2a: Dragapult|6\/100\n|move|p2a: Dragapult|Phantom Force||[still]\n|-prepare|p2a: Dragapult|Phantom Force\n|\n|-weather|SunnyDay|[upkeep]\n|-heal|p1a: Torkoal|22\/100|[from] Grassy Terrain\n|-heal|p1b: Gallade|95\/100|[from] Grassy Terrain\n|upkeep\n|turn|5\n|inactive|lilikoal enjoyer has 30 seconds left.\n|\n|t:|1728787225\n|move|p1a: Torkoal|Weather Ball|p2a: Dragapult|[miss]\n|-miss|p1a: Torkoal|p2a: Dragapult\n|move|p1b: Gallade|Psycho Cut|p2a: Dragapult|[miss]\n|-miss|p1b: Gallade|p2a: Dragapult\n|move|p2a: Dragapult|Phantom Force|p1b: Gallade|[from]lockedmove\n|-supereffective|p1b: Gallade\n|-damage|p1b: Gallade|0 fnt\n|faint|p1b: Gallade\n|\n|-weather|SunnyDay|[upkeep]\n|-heal|p1a: Torkoal|28\/100|[from] Grassy Terrain\n|-heal|p2a: Dragapult|12\/100|[from] Grassy Terrain\n|-fieldend|move: Trick Room\n|upkeep\n|\n|t:|1728787227\n|switch|p1b: Hatterene|Hatterene, L50, F|100\/100\n|turn|6\n|\n|t:|1728787234\n|move|p2a: Dragapult|Phantom Force||[still]\n|-prepare|p2a: Dragapult|Phantom Force\n|move|p1b: Hatterene|Dazzling Gleam|p2a: Dragapult|[miss]\n|-miss|p1b: Hatterene|p2a: Dragapult\n|move|p1a: Torkoal|Weather Ball|p2a: Dragapult|[miss]\n|-miss|p1a: Torkoal|p2a: Dragapult\n|\n|-weather|none\n|-heal|p1a: Torkoal|34\/100|[from] Grassy Terrain\n|upkeep\n|turn|7\n|\n|t:|1728787241\n|move|p2a: Dragapult|Phantom Force|p1b: Hatterene|[from]lockedmove\n|-supereffective|p1b: Hatterene\n|-damage|p1b: Hatterene|0 fnt\n|faint|p1b: Hatterene\n|move|p1a: Torkoal|Earth Power|p2a: Dragapult\n|-damage|p2a: Dragapult|0 fnt\n|faint|p2a: Dragapult\n|\n|win|lilikoal enjoyer\n|raw|lilikoal enjoyer's rating: 1644 &rarr; <strong>1667<\/strong><br \/>(+23 for winning)\n|raw|xielinzhan's rating: 1698 &rarr; <strong>1675<\/strong><br \/>(-23 for losing)\n|l|\u2606xielinzhan\n|player|p2|\n|l|\u2606lilikoal enjoyer\n|player|p1|\n|l| THUNDERSND77\n","uploadtime":1728787462,"views":12,"formatid":"gen9vgc2024regh","rating":1667,"private":0,"password":null}