{"id":"gen9vgc2024regh-2221797290","format":"[Gen 9] VGC 2024 Reg H","players":["Brave12223","SOLOLUMINEONING"],"log":"|j|\u2606Brave12223\n|j|\u2606SOLOLUMINEONING\n|t:|1728788457\n|gametype|doubles\n|player|p1|Brave12223|ingo|1739\n|player|p2|SOLOLUMINEONING|magmasuit|1722\n|teamsize|p1|6\n|teamsize|p2|6\n|gen|9\n|tier|[Gen 9] VGC 2024 Reg H\n|rated|\n|rule|Species Clause: Limit one of each Pok\u00e9mon\n|rule|Item Clause: Limit 1 of each item\n|clearpoke\n|poke|p1|Tyranitar, L50, M|\n|poke|p1|Gastrodon, L50, F|\n|poke|p1|Garchomp, L50, F|\n|poke|p1|Talonflame, L50, F|\n|poke|p1|Kingambit, L50, M|\n|poke|p1|Tsareena, L50, F|\n|poke|p2|Sneasler, L50, M|\n|poke|p2|Indeedee, L50, M|\n|poke|p2|Murkrow, L50, M|\n|poke|p2|Dragapult, L50, F|\n|poke|p2|Maushold, L50|\n|poke|p2|Delphox, L50, F|\n|teampreview|4\n|inactive|Battle timer is ON: inactive players will automatically lose when time's up. (requested by SOLOLUMINEONING)\n|inactive|SOLOLUMINEONING has 60 seconds left.\n|\n|t:|1728788495\n|start\n|switch|p1a: Talonflame|Talonflame, L50, F|100\/100\n|switch|p1b: Garchomp|Garchomp, L50, F|100\/100\n|switch|p2a: Luis Carruthers|Murkrow, L50, M, shiny|100\/100\n|switch|p2b: Patrick Bateman|Indeedee, L50, M, shiny|100\/100\n|-fieldstart|move: Psychic Terrain|[from] ability: Psychic Surge|[of] p2b: Patrick Bateman\n|turn|1\n|\n|t:|1728788512\n|move|p1a: Talonflame|Tailwind|p1a: Talonflame\n|-sidestart|p1: Brave12223|move: Tailwind\n|move|p1b: Garchomp|Earthquake|p2a: Luis Carruthers|[spread] p2b\n|-immune|p1a: Talonflame\n|-immune|p2a: Luis Carruthers\n|-enditem|p2b: Patrick Bateman|Focus Sash\n|-damage|p2b: Patrick Bateman|1\/100\n|move|p2b: Patrick Bateman|Expanding Force|p1a: Talonflame|[spread] p1a,p1b\n|-damage|p1a: Talonflame|29\/100\n|-damage|p1b: Garchomp|38\/100\n|move|p2a: Luis Carruthers|Foul Play|p1b: Garchomp\n|-damage|p1b: Garchomp|0 fnt\n|faint|p1b: Garchomp\n|\n|upkeep\n|\n|t:|1728788522\n|switch|p1b: Tyranitar|Tyranitar, L50, M|100\/100\n|-weather|Sandstorm|[from] ability: Sand Stream|[of] p1b: Tyranitar\n|turn|2\n|\n|t:|1728788531\n|move|p2a: Luis Carruthers|Tailwind|p2a: Luis Carruthers\n|-sidestart|p2: SOLOLUMINEONING|move: Tailwind\n|move|p1a: Talonflame|Brave Bird|p2b: Patrick Bateman\n|-damage|p2b: Patrick Bateman|0 fnt\n|faint|p2b: Patrick Bateman\n|-damage|p1a: Talonflame|29\/100|[from] Recoil\n|move|p1b: Tyranitar|Rock Slide|p2a: Luis Carruthers|[miss]\n|-miss|p1b: Tyranitar|p2a: Luis Carruthers\n|\n|-weather|Sandstorm|[upkeep]\n|-damage|p2a: Luis Carruthers|95\/100|[from] Sandstorm\n|upkeep\n|\n|t:|1728788541\n|switch|p2b: Maushold|Maushold, L50|100\/100\n|turn|3\n|\n|t:|1728788547\n|move|p2a: Luis Carruthers|Sunny Day|p2a: Luis Carruthers\n|-weather|SunnyDay\n|move|p1a: Talonflame|Will-O-Wisp|p2b: Maushold\n|-status|p2b: Maushold|brn\n|move|p2b: Maushold|Population Bomb|p1a: Talonflame\n|-damage|p1a: Talonflame|22\/100\n|-damage|p1a: Talonflame|15\/100\n|-damage|p1a: Talonflame|7\/100\n|-damage|p1a: Talonflame|0 fnt\n|faint|p1a: Talonflame\n|-hitcount|p1: Talonflame|4\n|move|p1b: Tyranitar|Rock Slide|p2a: Luis Carruthers|[spread] p2a,p2b\n|-supereffective|p2a: Luis Carruthers\n|-damage|p2a: Luis Carruthers|26\/100\n|-damage|p2b: Maushold|52\/100 brn\n|\n|-weather|SunnyDay|[upkeep]\n|-damage|p2b: Maushold|46\/100 brn|[from] brn\n|upkeep\n|\n|t:|1728788554\n|switch|p1a: Kingambit|Kingambit, L50, M|100\/100\n|turn|4\n|\n|t:|1728788574\n|move|p2b: Maushold|Protect|p2b: Maushold\n|-singleturn|p2b: Maushold|Protect\n|move|p2a: Luis Carruthers|Foul Play|p1a: Kingambit\n|-resisted|p1a: Kingambit\n|-damage|p1a: Kingambit|82\/100\n|move|p1b: Tyranitar|Rock Slide|p2b: Maushold|[spread] p2a\n|-activate|p2b: Maushold|move: Protect\n|-supereffective|p2a: Luis Carruthers\n|-damage|p2a: Luis Carruthers|0 fnt\n|faint|p2a: Luis Carruthers\n|move|p1a: Kingambit|Swords Dance|p1a: Kingambit\n|-boost|p1a: Kingambit|atk|2\n|\n|-weather|SunnyDay|[upkeep]\n|-damage|p2b: Maushold|40\/100 brn|[from] brn\n|-sideend|p1: Brave12223|move: Tailwind\n|upkeep\n|\n|t:|1728788576\n|switch|p2a: David Van Patten|Delphox, L50, F|100\/100\n|turn|5\n|j| Therazer456\n|inactive|SOLOLUMINEONING has 30 seconds left.\n|inactive|SOLOLUMINEONING has 20 seconds left.\n|\n|t:|1728788613\n|-terastallize|p2a: David Van Patten|Fighting\n|move|p1b: Tyranitar|Protect|p1b: Tyranitar\n|-singleturn|p1b: Tyranitar|Protect\n|move|p1a: Kingambit|Protect|p1a: Kingambit\n|-singleturn|p1a: Kingambit|Protect\n|move|p2b: Maushold|Follow Me|p2b: Maushold\n|-singleturn|p2b: Maushold|move: Follow Me\n|move|p2a: David Van Patten|Tera Blast|p1b: Tyranitar|[anim] Tera Blast Fighting\n|-activate|p1b: Tyranitar|move: Protect\n|\n|-weather|SunnyDay|[upkeep]\n|-damage|p2b: Maushold|34\/100 brn|[from] brn\n|-sideend|p2: SOLOLUMINEONING|move: Tailwind\n|-fieldend|move: Psychic Terrain\n|upkeep\n|turn|6\n|\n|t:|1728788636\n|-terastallize|p1b: Tyranitar|Flying\n|move|p2b: Maushold|Population Bomb|p1b: Tyranitar\n|-damage|p1b: Tyranitar|96\/100\n|-damage|p1b: Tyranitar|91\/100\n|-damage|p1b: Tyranitar|87\/100\n|-damage|p1b: Tyranitar|82\/100\n|-damage|p1b: Tyranitar|77\/100\n|-damage|p1b: Tyranitar|73\/100\n|-damage|p1b: Tyranitar|68\/100\n|-damage|p1b: Tyranitar|64\/100\n|-damage|p1b: Tyranitar|59\/100\n|-damage|p1b: Tyranitar|55\/100\n|-hitcount|p1b: Tyranitar|10\n|move|p2a: David Van Patten|Tera Blast|p1a: Kingambit|[anim] Tera Blast Fighting\n|-supereffective|p1a: Kingambit\n|-damage|p1a: Kingambit|0 fnt\n|faint|p1a: Kingambit\n|-damage|p2a: David Van Patten|91\/100|[from] item: Life Orb\n|move|p1b: Tyranitar|Tera Blast|p2a: David Van Patten|[anim] Tera Blast Flying\n|-supereffective|p2a: David Van Patten\n|-damage|p2a: David Van Patten|0 fnt\n|faint|p2a: David Van Patten\n|\n|-weather|SunnyDay|[upkeep]\n|-damage|p2b: Maushold|29\/100 brn|[from] brn\n|upkeep\n|turn|7\n|\n|t:|1728788651\n|move|p2b: Maushold|Population Bomb|p1b: Tyranitar\n|-damage|p1b: Tyranitar|50\/100\n|-damage|p1b: Tyranitar|46\/100\n|-damage|p1b: Tyranitar|42\/100\n|-damage|p1b: Tyranitar|37\/100\n|-damage|p1b: Tyranitar|33\/100\n|-damage|p1b: Tyranitar|28\/100\n|-crit|p1b: Tyranitar\n|-damage|p1b: Tyranitar|21\/100\n|-damage|p1b: Tyranitar|17\/100\n|-damage|p1b: Tyranitar|12\/100\n|-damage|p1b: Tyranitar|8\/100\n|-hitcount|p1b: Tyranitar|10\n|move|p1b: Tyranitar|Knock Off|p2b: Maushold\n|-damage|p2b: Maushold|0 fnt\n|-enditem|p2b: Maushold|Wide Lens|[from] move: Knock Off|[of] p1b: Tyranitar\n|faint|p2b: Maushold\n|\n|win|Brave12223\n|raw|Brave12223's rating: 1739 &rarr; <strong>1758<\/strong><br \/>(+19 for winning)\n|raw|SOLOLUMINEONING's rating: 1722 &rarr; <strong>1703<\/strong><br \/>(-19 for losing)\n|l|\u2606SOLOLUMINEONING\n|player|p2|\n|l|\u2606Brave12223\n|player|p1|\n|l| Therazer456\n","uploadtime":1728788847,"views":38,"formatid":"gen9vgc2024regh","rating":1703,"private":0,"password":null}