{"id":"gen9vgc2024regh-2221940574","format":"[Gen 9] VGC 2024 Reg H","players":["xielinzhan","N8NoDog"],"log":"|j|\u2606xielinzhan\n|j|\u2606N8NoDog\n|t:|1728815093\n|gametype|doubles\n|player|p1|xielinzhan|marley|1690\n|player|p2|N8NoDog|archer|1660\n|teamsize|p1|6\n|teamsize|p2|6\n|gen|9\n|tier|[Gen 9] VGC 2024 Reg H\n|rated|\n|rule|Species Clause: Limit one of each Pok\u00e9mon\n|rule|Item Clause: Limit 1 of each item\n|clearpoke\n|poke|p1|Dragapult, L50, F|\n|poke|p1|Sneasler, L50, F|\n|poke|p1|Primarina, L50, F|\n|poke|p1|Magmar, L50, F|\n|poke|p1|Kingambit, L50, F|\n|poke|p1|Rillaboom, L50, F|\n|poke|p2|Sneasler, L50, F|\n|poke|p2|Rillaboom, L50, F|\n|poke|p2|Primarina, L50, F|\n|poke|p2|Kingambit, L50, M|\n|poke|p2|Dragonite, L50, F|\n|poke|p2|Magmar, L50, F|\n|teampreview|4\n|inactive|Battle timer is ON: inactive players will automatically lose when time's up. (requested by N8NoDog)\n|inactive|xielinzhan has 60 seconds left.\n|inactive|N8NoDog has 60 seconds left.\n|inactive|xielinzhan has 30 seconds left.\n|\n|t:|1728815160\n|start\n|switch|p1a: Dragapult|Dragapult, L50, F|100\/100\n|switch|p1b: Magmar|Magmar, L50, F|100\/100\n|switch|p2a: Dragonite|Dragonite, L50, F|100\/100\n|switch|p2b: Magmar|Magmar, L50, F|100\/100\n|turn|1\n|inactive|xielinzhan has 30 seconds left.\n|\n|t:|1728815193\n|move|p2b: Magmar|Follow Me|p2b: Magmar\n|-singleturn|p2b: Magmar|move: Follow Me\n|move|p1b: Magmar|Follow Me|p1b: Magmar\n|-singleturn|p1b: Magmar|move: Follow Me\n|move|p1a: Dragapult|Dragon Darts|p2b: Magmar\n|-damage|p2b: Magmar|64\/100\n|-anim|p1a: Dragapult|Dragon Darts|p2b: Magmar\n|-damage|p2b: Magmar|23\/100\n|move|p2a: Dragonite|Scale Shot|p1b: Magmar\n|-damage|p1b: Magmar|88\/100\n|-crit|p1b: Magmar\n|-damage|p1b: Magmar|69\/100\n|-damage|p1b: Magmar|56\/100\n|-damage|p1b: Magmar|45\/100\n|-hitcount|p1b: Magmar|4\n|-unboost|p2a: Dragonite|def|1\n|-boost|p2a: Dragonite|spe|1\n|\n|upkeep\n|turn|2\n|j| hachiware\n|l| hachiware\n|inactive|xielinzhan has 30 seconds left.\n|\n|t:|1728815222\n|-terastallize|p2a: Dragonite|Flying\n|move|p2b: Magmar|Follow Me|p2b: Magmar\n|-singleturn|p2b: Magmar|move: Follow Me\n|move|p1b: Magmar|Follow Me|p1b: Magmar\n|-singleturn|p1b: Magmar|move: Follow Me\n|move|p2a: Dragonite|Scale Shot|p1b: Magmar\n|-damage|p1b: Magmar|32\/100\n|-damage|p1b: Magmar|21\/100\n|-damage|p1b: Magmar|8\/100\n|-damage|p1b: Magmar|0 fnt\n|faint|p1b: Magmar\n|-hitcount|p1: Magmar|4\n|-unboost|p2a: Dragonite|def|1\n|-boost|p2a: Dragonite|spe|1\n|move|p1a: Dragapult|Dragon Darts|p2b: Magmar\n|-damage|p2b: Magmar|0 fnt\n|faint|p2b: Magmar\n|\n|upkeep\n|j| hachiware\n|\n|t:|1728815240\n|switch|p2b: Sneasler|Sneasler, L50, F|100\/100\n|switch|p1b: Sneasler|Sneasler, L50, F|100\/100\n|turn|3\n|\n|t:|1728815255\n|-terastallize|p1b: Sneasler|Ghost\n|move|p2b: Sneasler|Fake Out|p1b: Sneasler\n|-immune|p1b: Sneasler\n|move|p1b: Sneasler|Fake Out|p2a: Dragonite\n|-damage|p2a: Dragonite|70\/100\n|move|p2a: Dragonite|Scale Shot|p1a: Dragapult\n|-supereffective|p1a: Dragapult\n|-crit|p1a: Dragapult\n|-damage|p1a: Dragapult|37\/100\n|-supereffective|p1a: Dragapult\n|-damage|p1a: Dragapult|0 fnt\n|faint|p1a: Dragapult\n|-hitcount|p1: Dragapult|2\n|-unboost|p2a: Dragonite|def|1\n|-boost|p2a: Dragonite|spe|1\n|\n|upkeep\n|\n|t:|1728815267\n|switch|p1a: Primarina|Primarina, L50, F|100\/100\n|turn|4\n|\n|t:|1728815289\n|move|p2a: Dragonite|Protect|p2a: Dragonite\n|-singleturn|p2a: Dragonite|Protect\n|move|p1a: Primarina|Protect|p1a: Primarina\n|-singleturn|p1a: Primarina|Protect\n|move|p2b: Sneasler|Coaching|p2a: Dragonite\n|-boost|p2a: Dragonite|atk|1\n|-boost|p2a: Dragonite|def|1\n|move|p1b: Sneasler|Dire Claw|p2a: Dragonite\n|-activate|p2a: Dragonite|move: Protect\n|\n|upkeep\n|turn|5\n|\n|t:|1728815311\n|move|p2a: Dragonite|Scale Shot|p1b: Sneasler\n|-damage|p1b: Sneasler|61\/100\n|-damage|p1b: Sneasler|24\/100\n|-damage|p1b: Sneasler|0 fnt\n|faint|p1b: Sneasler\n|-hitcount|p1: Sneasler|3\n|-unboost|p2a: Dragonite|def|1\n|-boost|p2a: Dragonite|spe|1\n|move|p2b: Sneasler|Dire Claw|p1a: Primarina\n|-supereffective|p1a: Primarina\n|-damage|p1a: Primarina|12\/100\n|-status|p1a: Primarina|slp\n|-enditem|p1a: Primarina|Sitrus Berry|[eat]\n|-heal|p1a: Primarina|37\/100 slp|[from] item: Sitrus Berry\n|cant|p1a: Primarina|slp\n|\n|upkeep\n|turn|6\n|-message|xielinzhan forfeited.\n|\n|win|N8NoDog\n|raw|xielinzhan's rating: 1690 &rarr; <strong>1668<\/strong><br \/>(-22 for losing)\n|raw|N8NoDog's rating: 1660 &rarr; <strong>1682<\/strong><br \/>(+22 for winning)\n|l|\u2606xielinzhan\n|player|p1|\n|l|\u2606N8NoDog\n|player|p2|\n|l| hachiware\n|j| touhu_mamedouhu\n|l| touhu_mamedouhu\n","uploadtime":1728815470,"views":10,"formatid":"gen9vgc2024regh","rating":1668,"private":0,"password":null}