{"id":"gen9vgc2024regh-2221109775","format":"[Gen 9] VGC 2024 Reg H","players":["BetterCallHall","chiitancrazymascot"],"log":"|j|\u2606BetterCallHall\n|j|\u2606chiitancrazymascot\n|t:|1728693269\n|gametype|doubles\n|player|p1|BetterCallHall|265|1721\n|player|p2|chiitancrazymascot|pokemaniac|1685\n|teamsize|p1|6\n|teamsize|p2|6\n|gen|9\n|tier|[Gen 9] VGC 2024 Reg H\n|rated|\n|rule|Species Clause: Limit one of each Pok\u00e9mon\n|rule|Item Clause: Limit 1 of each item\n|clearpoke\n|poke|p1|Primarina, L50, F|\n|poke|p1|Garchomp, L50, M|\n|poke|p1|Vivillon, L50, M|\n|poke|p1|Gholdengo, L50|\n|poke|p1|Dragonite, L50, M|\n|poke|p1|Talonflame, L50, M|\n|poke|p2|Annihilape, L50, F|\n|poke|p2|Dondozo, L50, M|\n|poke|p2|Maushold-Four, L50|\n|poke|p2|Whimsicott, L50, F|\n|poke|p2|Tatsugiri, L50, F|\n|poke|p2|Dragonite, L50, M|\n|teampreview|4\n|inactive|Battle timer is ON: inactive players will automatically lose when time's up. (requested by chiitancrazymascot)\n|\n|t:|1728693289\n|start\n|switch|p1a: Talonflame|Talonflame, L50, M|100\/100\n|switch|p1b: Gholdengo|Gholdengo, L50|100\/100\n|switch|p2a: Maushold|Maushold-Four, L50|100\/100\n|switch|p2b: Annihilape|Annihilape, L50, F, shiny|100\/100\n|turn|1\n|\n|t:|1728693302\n|-terastallize|p1b: Gholdengo|Steel\n|-terastallize|p2b: Annihilape|Fire\n|move|p1a: Talonflame|Tailwind|p1a: Talonflame\n|-sidestart|p1: BetterCallHall|move: Tailwind\n|move|p1b: Gholdengo|Make It Rain|p2a: Maushold|[spread] p2a,p2b\n|-resisted|p2b: Annihilape\n|-enditem|p2a: Maushold|Focus Sash\n|-damage|p2a: Maushold|1\/100\n|-damage|p2b: Annihilape|73\/100\n|-unboost|p1b: Gholdengo|spa|1\n|move|p2a: Maushold|Beat Up|p2b: Annihilape\n|-damage|p2b: Annihilape|71\/100\n|-damage|p2b: Annihilape|69\/100\n|-damage|p2b: Annihilape|67\/100\n|-damage|p2b: Annihilape|65\/100\n|-hitcount|p2b: Annihilape|4\n|move|p2b: Annihilape|Rage Fist|p1a: Talonflame\n|-damage|p1a: Talonflame|0 fnt\n|faint|p1a: Talonflame\n|\n|upkeep\n|\n|t:|1728693319\n|switch|p1a: Primarina|Primarina, L50, F|100\/100\n|turn|2\n|j| ohbebe\n|inactive|chiitancrazymascot has 30 seconds left.\n|\n|t:|1728693349\n|move|p2b: Annihilape|Protect|p2b: Annihilape\n|-singleturn|p2b: Annihilape|Protect\n|move|p1b: Gholdengo|Make It Rain|p2b: Annihilape|[spread] p2a\n|-activate|p2b: Annihilape|move: Protect\n|-crit|p2a: Maushold\n|-damage|p2a: Maushold|0 fnt\n|-unboost|p1b: Gholdengo|spa|1\n|faint|p2a: Maushold\n|move|p1a: Primarina|Hyper Voice|p2b: Annihilape\n|-activate|p2b: Annihilape|move: Protect\n|\n|upkeep\n|\n|t:|1728693354\n|switch|p2a: Dondozo|Dondozo, L50, M, shiny|100\/100\n|turn|3\n|inactive|BetterCallHall has 30 seconds left.\n|\n|t:|1728693383\n|move|p1b: Gholdengo|Make It Rain|p2b: Annihilape|[spread] p2a,p2b\n|-resisted|p2a: Dondozo\n|-resisted|p2b: Annihilape\n|-damage|p2a: Dondozo|53\/100\n|-damage|p2b: Annihilape|48\/100\n|-unboost|p1b: Gholdengo|spa|1\n|-enditem|p2b: Annihilape|Sitrus Berry|[eat]\n|-heal|p2b: Annihilape|73\/100|[from] item: Sitrus Berry\n|move|p1a: Primarina|Hyper Voice|p2a: Dondozo|[spread] p2a,p2b\n|-resisted|p2a: Dondozo\n|-supereffective|p2b: Annihilape\n|-damage|p2a: Dondozo|34\/100\n|-damage|p2b: Annihilape|20\/100\n|move|p2b: Annihilape|Rage Fist|p1a: Primarina\n|-damage|p1a: Primarina|0 fnt\n|faint|p1a: Primarina\n|move|p2a: Dondozo|Wave Crash|p1b: Gholdengo\n|-damage|p1b: Gholdengo|31\/100\n|-damage|p2a: Dondozo|18\/100|[from] Recoil\n|\n|-heal|p2a: Dondozo|24\/100|[from] item: Leftovers\n|upkeep\n|\n|t:|1728693387\n|switch|p1a: Vivillon|Vivillon, L50, M|100\/100\n|turn|4\n|\n|t:|1728693402\n|move|p2b: Annihilape|Protect|p2b: Annihilape\n|-singleturn|p2b: Annihilape|Protect\n|move|p2a: Dondozo|Protect|p2a: Dondozo\n|-singleturn|p2a: Dondozo|Protect\n|move|p1a: Vivillon|Sleep Powder|p2a: Dondozo\n|-activate|p2a: Dondozo|move: Protect\n|move|p1b: Gholdengo|Make It Rain|p2b: Annihilape|[spread] \n|-activate|p2a: Dondozo|move: Protect\n|-activate|p2b: Annihilape|move: Protect\n|\n|-heal|p2a: Dondozo|30\/100|[from] item: Leftovers\n|-sideend|p1: BetterCallHall|move: Tailwind\n|upkeep\n|turn|5\n|\n|t:|1728693408\n|switch|p2b: Tatsugiri|Tatsugiri, L50, F, shiny|100\/100\n|-activate|p2b: Tatsugiri|ability: Commander|[of] p2a: Dondozo\n|-boost|p2a: Dondozo|atk|2\n|-boost|p2a: Dondozo|spa|2\n|-boost|p2a: Dondozo|spe|2\n|-boost|p2a: Dondozo|def|2\n|-boost|p2a: Dondozo|spd|2\n|move|p2a: Dondozo|Wave Crash|p1b: Gholdengo\n|-damage|p1b: Gholdengo|0 fnt\n|faint|p1b: Gholdengo\n|-damage|p2a: Dondozo|23\/100|[from] Recoil\n|move|p1a: Vivillon|Sleep Powder|p2b: Tatsugiri|[miss]\n|-miss|p1a: Vivillon|p2b: Tatsugiri\n|\n|-heal|p2a: Dondozo|29\/100|[from] item: Leftovers\n|upkeep\n|turn|6\n|\n|t:|1728693417\n|move|p2a: Dondozo|Protect|p2a: Dondozo\n|-singleturn|p2a: Dondozo|Protect\n|move|p1a: Vivillon|Sleep Powder|p2a: Dondozo\n|-activate|p2a: Dondozo|move: Protect\n|\n|-heal|p2a: Dondozo|35\/100|[from] item: Leftovers\n|upkeep\n|turn|7\n|\n|t:|1728693420\n|move|p2a: Dondozo|Order Up|p1a: Vivillon\n|-enditem|p1a: Vivillon|Focus Sash\n|-damage|p1a: Vivillon|1\/100\n|-boost|p2a: Dondozo|atk|1\n|move|p1a: Vivillon|Sleep Powder|p2a: Dondozo\n|-status|p2a: Dondozo|slp|[from] move: Sleep Powder\n|\n|-heal|p2a: Dondozo|41\/100 slp|[from] item: Leftovers\n|upkeep\n|turn|8\n|\n|t:|1728693424\n|cant|p2a: Dondozo|slp\n|move|p1a: Vivillon|Hurricane|p2a: Dondozo\n|-damage|p2a: Dondozo|17\/100 slp\n|\n|-heal|p2a: Dondozo|24\/100 slp|[from] item: Leftovers\n|upkeep\n|turn|9\n|\n|t:|1728693427\n|cant|p2a: Dondozo|slp\n|move|p1a: Vivillon|Hurricane|p2a: Dondozo\n|-damage|p2a: Dondozo|0 fnt\n|faint|p2a: Dondozo\n|\n|upkeep\n|j| THUNDERSND77\n|\n|t:|1728693429\n|switch|p2a: Annihilape|Annihilape, L50, F, shiny, tera:Fire|20\/100\n|turn|10\n|-message|BetterCallHall forfeited.\n|\n|win|chiitancrazymascot\n|raw|BetterCallHall's rating: 1721 &rarr; <strong>1699<\/strong><br \/>(-22 for losing)\n|raw|chiitancrazymascot's rating: 1685 &rarr; <strong>1707<\/strong><br \/>(+22 for winning)\n|l|\u2606BetterCallHall\n|player|p1|\n","uploadtime":1728693435,"views":36,"formatid":"gen9vgc2024regh","rating":1699,"private":0,"password":null}