{"id":"gen9vgc2024regh-2221498165","format":"[Gen 9] VGC 2024 Reg H","players":["DiDiancie","SnarkyShane"],"log":"|j|\u2606DiDiancie\n|j|\u2606SnarkyShane\n|t:|1728752529\n|gametype|doubles\n|player|p1|DiDiancie|caitlin|1705\n|player|p2|SnarkyShane|gambler|1832\n|teamsize|p1|6\n|teamsize|p2|6\n|gen|9\n|tier|[Gen 9] VGC 2024 Reg H\n|rated|\n|rule|Species Clause: Limit one of each Pok\u00e9mon\n|rule|Item Clause: Limit 1 of each item\n|clearpoke\n|poke|p1|Blaziken, L50, F|\n|poke|p1|Whimsicott, L50, F|\n|poke|p1|Dragapult, L50, F|\n|poke|p1|Araquanid, L50, F|\n|poke|p1|Electabuzz, L50, F|\n|poke|p1|Gholdengo, L50|\n|poke|p2|Baxcalibur, L50, M|\n|poke|p2|Ninetales-Alola, L50, F|\n|poke|p2|Sneasler, L50, M|\n|poke|p2|Ceruledge, L50, F|\n|poke|p2|Volcarona, L50, M|\n|poke|p2|Gastrodon, L50, F|\n|teampreview|4\n|inactive|Battle timer is ON: inactive players will automatically lose when time's up. (requested by DiDiancie)\n|inactive|SnarkyShane also wants the timer to be on.\n|inactive|SnarkyShane has 60 seconds left.\n|\n|t:|1728752584\n|start\n|switch|p1a: Dragapult|Dragapult, L50, F|100\/100\n|switch|p1b: Blaziken|Blaziken, L50, F|100\/100\n|switch|p2a: Elsa|Ninetales-Alola, L50, F|100\/100\n|switch|p2b: Firefly|Volcarona, L50, M|100\/100\n|-weather|Snow|[from] ability: Snow Warning|[of] p2a: Elsa\n|turn|1\n|inactive|SnarkyShane has 30 seconds left.\n|\n|t:|1728752610\n|move|p1a: Dragapult|Dragon Darts|p2b: Firefly\n|-damage|p2b: Firefly|60\/100\n|-anim|p1a: Dragapult|Dragon Darts|p2b: Firefly\n|-damage|p2b: Firefly|16\/100\n|move|p2a: Elsa|Aurora Veil|p2a: Elsa\n|-sidestart|p2: SnarkyShane|move: Aurora Veil\n|move|p2b: Firefly|Will-O-Wisp|p1a: Dragapult\n|-status|p1a: Dragapult|brn\n|move|p1b: Blaziken|Heat Wave|p2b: Firefly|[spread] p2a,p2b\n|-supereffective|p2a: Elsa\n|-damage|p2a: Elsa|39\/100\n|-damage|p2b: Firefly|0 fnt\n|faint|p2b: Firefly\n|-damage|p1b: Blaziken|91\/100|[from] item: Life Orb\n|\n|-weather|Snow|[upkeep]\n|-damage|p1a: Dragapult|94\/100 brn|[from] brn\n|-ability|p1b: Blaziken|Speed Boost|boost\n|-boost|p1b: Blaziken|spe|1\n|upkeep\n|\n|t:|1728752627\n|switch|p2b: MaverickHunterZero|Ceruledge, L50, F|100\/100\n|turn|2\n|\n|t:|1728752642\n|switch|p1a: Araquanid|Araquanid, L50, F|100\/100\n|move|p1b: Blaziken|Aura Sphere|p2a: Elsa\n|-damage|p2a: Elsa|0 fnt\n|faint|p2a: Elsa\n|-damage|p1b: Blaziken|81\/100|[from] item: Life Orb\n|move|p2b: MaverickHunterZero|Poltergeist|p1b: Blaziken|[miss]\n|-miss|p2b: MaverickHunterZero|p1b: Blaziken\n|\n|-weather|Snow|[upkeep]\n|-ability|p1b: Blaziken|Speed Boost|boost\n|-boost|p1b: Blaziken|spe|1\n|upkeep\n|\n|t:|1728752652\n|switch|p2a: The Snizzler|Sneasler, L50, M|100\/100\n|turn|3\n|\n|t:|1728752669\n|move|p1b: Blaziken|Protect|p1b: Blaziken\n|-singleturn|p1b: Blaziken|Protect\n|move|p2b: MaverickHunterZero|Protect|p2b: MaverickHunterZero\n|-singleturn|p2b: MaverickHunterZero|Protect\n|move|p2a: The Snizzler|Coaching|p2b: MaverickHunterZero\n|-boost|p2b: MaverickHunterZero|atk|1\n|-boost|p2b: MaverickHunterZero|def|1\n|move|p1a: Araquanid|Liquidation|p2b: MaverickHunterZero\n|-activate|p2b: MaverickHunterZero|move: Protect\n|\n|-weather|Snow|[upkeep]\n|-ability|p1b: Blaziken|Speed Boost|boost\n|-boost|p1b: Blaziken|spe|1\n|upkeep\n|turn|4\n|inactive|SnarkyShane has 30 seconds left.\n|\n|t:|1728752697\n|-terastallize|p1a: Araquanid|Water\n|move|p1b: Blaziken|Coaching|p1a: Araquanid\n|-boost|p1a: Araquanid|atk|1\n|-boost|p1a: Araquanid|def|1\n|move|p2a: The Snizzler|Dire Claw|p1a: Araquanid\n|-damage|p1a: Araquanid|70\/100\n|move|p2b: MaverickHunterZero|Bitter Blade|p1a: Araquanid\n|-resisted|p1a: Araquanid\n|-damage|p1a: Araquanid|56\/100\n|move|p1a: Araquanid|Liquidation|p2b: MaverickHunterZero\n|-supereffective|p2b: MaverickHunterZero\n|-damage|p2b: MaverickHunterZero|0 fnt\n|faint|p2b: MaverickHunterZero\n|\n|-weather|Snow|[upkeep]\n|-ability|p1b: Blaziken|Speed Boost|boost\n|-boost|p1b: Blaziken|spe|1\n|upkeep\n|turn|5\n|\n|t:|1728752714\n|-terastallize|p2a: The Snizzler|Stellar\n|move|p1b: Blaziken|Heat Wave|p2a: The Snizzler\n|-damage|p2a: The Snizzler|37\/100\n|-damage|p1b: Blaziken|71\/100|[from] item: Life Orb\n|move|p2a: The Snizzler|Close Combat|p1a: Araquanid\n|-damage|p1a: Araquanid|0 fnt\n|-unboost|p2a: The Snizzler|def|1\n|-unboost|p2a: The Snizzler|spd|1\n|faint|p1a: Araquanid\n|\n|-weather|none\n|-ability|p1b: Blaziken|Speed Boost|boost\n|-boost|p1b: Blaziken|spe|1\n|upkeep\n|\n|t:|1728752722\n|switch|p1a: Dragapult|Dragapult, L50, F|94\/100 brn\n|turn|6\n|-message|SnarkyShane forfeited.\n|\n|win|DiDiancie\n|raw|DiDiancie's rating: 1705 &rarr; <strong>1732<\/strong><br \/>(+27 for winning)\n|raw|SnarkyShane's rating: 1832 &rarr; <strong>1805<\/strong><br \/>(-27 for losing)\n|l|\u2606DiDiancie\n|player|p1|\n|l|\u2606SnarkyShane\n|player|p2|\n","uploadtime":1728752871,"views":25,"formatid":"gen9vgc2024regh","rating":1732,"private":0,"password":null}