{"id":"gen9vgc2024regh-2221790621","format":"[Gen 9] VGC 2024 Reg H","players":["SOLOLUMINEONING","elvegis1"],"log":"|j|\u2606SOLOLUMINEONING\n|j|\u2606elvegis1\n|t:|1728787582\n|gametype|doubles\n|player|p1|SOLOLUMINEONING|magmasuit|1766\n|player|p2|elvegis1|lucas|1788\n|teamsize|p1|6\n|teamsize|p2|6\n|gen|9\n|tier|[Gen 9] VGC 2024 Reg H\n|rated|\n|rule|Species Clause: Limit one of each Pok\u00e9mon\n|rule|Item Clause: Limit 1 of each item\n|clearpoke\n|poke|p1|Sneasler, L50, M|\n|poke|p1|Indeedee, L50, M|\n|poke|p1|Murkrow, L50, M|\n|poke|p1|Dragapult, L50, M|\n|poke|p1|Maushold, L50|\n|poke|p1|Delphox, L50, M|\n|poke|p2|Garchomp, L50, M|\n|poke|p2|Incineroar, L50, F|\n|poke|p2|Sneasler, L50, M|\n|poke|p2|Dragonite, L50, M|\n|poke|p2|Corviknight, L50, F|\n|poke|p2|Gholdengo, L50|\n|teampreview|4\n|inactive|Battle timer is ON: inactive players will automatically lose when time's up. (requested by SOLOLUMINEONING)\n|j| Happppyyyyyy\n|inactive|elvegis1 has 60 seconds left.\n|\n|t:|1728787634\n|start\n|switch|p1a: Luis Carruthers|Murkrow, L50, M, shiny|100\/100\n|switch|p1b: Patrick Bateman|Indeedee, L50, M, shiny|100\/100\n|switch|p2a: Garchomp|Garchomp, L50, M|100\/100\n|switch|p2b: Corviknight|Corviknight, L50, F|100\/100\n|-fieldstart|move: Psychic Terrain|[from] ability: Psychic Surge|[of] p1b: Patrick Bateman\n|turn|1\n|\n|t:|1728787659\n|move|p2a: Garchomp|Dragon Claw|p1b: Patrick Bateman\n|-enditem|p1b: Patrick Bateman|Focus Sash\n|-damage|p1b: Patrick Bateman|1\/100\n|-damage|p2a: Garchomp|91\/100|[from] item: Life Orb\n|move|p1b: Patrick Bateman|Expanding Force|p2a: Garchomp|[spread] p2a,p2b\n|-resisted|p2b: Corviknight\n|-damage|p2a: Garchomp|22\/100\n|-damage|p2b: Corviknight|70\/100\n|move|p1a: Luis Carruthers|Foul Play|p2a: Garchomp\n|-damage|p2a: Garchomp|0 fnt\n|-damage|p1a: Luis Carruthers|89\/100|[from] ability: Rough Skin|[of] p2a: Garchomp\n|faint|p2a: Garchomp\n|move|p2b: Corviknight|Brave Bird|p1a: Luis Carruthers\n|-damage|p1a: Luis Carruthers|33\/100\n|-damage|p2b: Corviknight|54\/100|[from] Recoil\n|\n|upkeep\n|l| Happppyyyyyy\n|j| Therazer456\n|\n|t:|1728787677\n|switch|p2a: Gholdengo|Gholdengo, L50|100\/100\n|turn|2\n|j| ffaow\n|\n|t:|1728787684\n|move|p2a: Gholdengo|Protect|p2a: Gholdengo\n|-singleturn|p2a: Gholdengo|Protect\n|move|p1a: Luis Carruthers|Tailwind|p1a: Luis Carruthers\n|-sidestart|p1: SOLOLUMINEONING|move: Tailwind\n|move|p1b: Patrick Bateman|Expanding Force|p2a: Gholdengo|[spread] p2b\n|-activate|p2a: Gholdengo|move: Protect\n|-resisted|p2b: Corviknight\n|-damage|p2b: Corviknight|26\/100\n|-enditem|p2b: Corviknight|Sitrus Berry|[eat]\n|-heal|p2b: Corviknight|51\/100|[from] item: Sitrus Berry\n|move|p2b: Corviknight|Roost|p2b: Corviknight\n|-heal|p2b: Corviknight|100\/100\n|-singleturn|p2b: Corviknight|move: Roost\n|\n|upkeep\n|turn|3\n|l| ffaow\n|c|\u2606SOLOLUMINEONING|oh\n|inactive|elvegis1 has 30 seconds left.\n|\n|t:|1728787715\n|move|p1a: Luis Carruthers|Sunny Day|p1a: Luis Carruthers\n|-weather|SunnyDay\n|move|p1b: Patrick Bateman|Expanding Force|p2b: Corviknight|[spread] p2a,p2b\n|-resisted|p2a: Gholdengo\n|-resisted|p2b: Corviknight\n|-damage|p2a: Gholdengo|66\/100\n|-damage|p2b: Corviknight|72\/100\n|move|p2a: Gholdengo|Nasty Plot|p2a: Gholdengo\n|-boost|p2a: Gholdengo|spa|2\n|move|p2b: Corviknight|Tailwind|p2b: Corviknight\n|-sidestart|p2: elvegis1|move: Tailwind\n|\n|-weather|SunnyDay|[upkeep]\n|upkeep\n|turn|4\n|\n|t:|1728787724\n|move|p2a: Gholdengo|Protect|p2a: Gholdengo\n|-singleturn|p2a: Gholdengo|Protect\n|move|p1a: Luis Carruthers|Haze|p1a: Luis Carruthers\n|-clearallboost\n|move|p1b: Patrick Bateman|Expanding Force|p2a: Gholdengo|[spread] p2b\n|-activate|p2a: Gholdengo|move: Protect\n|-resisted|p2b: Corviknight\n|-damage|p2b: Corviknight|45\/100\n|move|p2b: Corviknight|Roost|p2b: Corviknight\n|-heal|p2b: Corviknight|95\/100\n|-singleturn|p2b: Corviknight|move: Roost\n|\n|-weather|SunnyDay|[upkeep]\n|upkeep\n|turn|5\n|inactive|SOLOLUMINEONING has 30 seconds left.\n|inactive|SOLOLUMINEONING has 20 seconds left.\n|\n|t:|1728787767\n|switch|p1a: Marcus Halberstram|Dragapult, L50, M|100\/100\n|move|p1b: Patrick Bateman|Expanding Force|p2b: Corviknight|[spread] p2a,p2b\n|-resisted|p2a: Gholdengo\n|-resisted|p2b: Corviknight\n|-damage|p2a: Gholdengo|36\/100\n|-damage|p2b: Corviknight|68\/100\n|move|p2a: Gholdengo|Nasty Plot|p2a: Gholdengo\n|-boost|p2a: Gholdengo|spa|2\n|move|p2b: Corviknight|Brave Bird|p1a: Marcus Halberstram\n|-damage|p1a: Marcus Halberstram|35\/100\n|-damage|p2b: Corviknight|50\/100|[from] Recoil\n|\n|-weather|SunnyDay|[upkeep]\n|-sideend|p1: SOLOLUMINEONING|move: Tailwind\n|-fieldend|move: Psychic Terrain\n|upkeep\n|turn|6\n|\n|t:|1728787791\n|move|p2a: Gholdengo|Make It Rain|p1b: Patrick Bateman|[spread] p1a,p1b\n|-damage|p1a: Marcus Halberstram|0 fnt\n|-damage|p1b: Patrick Bateman|0 fnt\n|-unboost|p2a: Gholdengo|spa|1\n|faint|p1a: Marcus Halberstram\n|faint|p1b: Patrick Bateman\n|move|p2b: Corviknight|Roost|p2b: Corviknight\n|-heal|p2b: Corviknight|100\/100\n|-singleturn|p2b: Corviknight|move: Roost\n|\n|-weather|SunnyDay|[upkeep]\n|-sideend|p2: elvegis1|move: Tailwind\n|upkeep\n|\n|t:|1728787793\n|switch|p1a: David Van Patten|Delphox, L50, M|100\/100\n|switch|p1b: Luis Carruthers|Murkrow, L50, M, shiny|33\/100\n|turn|7\n|\n|t:|1728787808\n|-terastallize|p2b: Corviknight|Dragon\n|move|p2a: Gholdengo|Protect|p2a: Gholdengo\n|-singleturn|p2a: Gholdengo|Protect\n|move|p1b: Luis Carruthers|Tailwind|p1b: Luis Carruthers\n|-sidestart|p1: SOLOLUMINEONING|move: Tailwind\n|move|p1a: David Van Patten|Heat Wave|p2a: Gholdengo|[spread] p2b\n|-activate|p2a: Gholdengo|move: Protect\n|-resisted|p2b: Corviknight\n|-damage|p2b: Corviknight|68\/100\n|-damage|p1a: David Van Patten|91\/100|[from] item: Life Orb\n|move|p2b: Corviknight|Brave Bird|p1b: Luis Carruthers\n|-damage|p1b: Luis Carruthers|0 fnt\n|faint|p1b: Luis Carruthers\n|-damage|p2b: Corviknight|59\/100|[from] Recoil\n|\n|-weather|none\n|upkeep\n|turn|8\n|\n|t:|1728787828\n|switch|p2a: Incineroar|Incineroar, L50, F|100\/100\n|-ability|p2a: Incineroar|Intimidate|boost\n|-unboost|p1a: David Van Patten|atk|1\n|move|p1a: David Van Patten|Heat Wave|p2a: Incineroar|[spread] p2b\n|-miss|p1a: David Van Patten|p2a: Incineroar\n|-resisted|p2b: Corviknight\n|-damage|p2b: Corviknight|39\/100\n|-damage|p1a: David Van Patten|81\/100|[from] item: Life Orb\n|move|p2b: Corviknight|Roost|p2b: Corviknight\n|-heal|p2b: Corviknight|89\/100\n|\n|upkeep\n|turn|9\n|\n|t:|1728787838\n|-terastallize|p1a: David Van Patten|Fighting\n|move|p2a: Incineroar|Fake Out|p1a: David Van Patten\n|-damage|p1a: David Van Patten|65\/100\n|cant|p1a: David Van Patten|flinch\n|move|p2b: Corviknight|Tailwind|p2b: Corviknight\n|-sidestart|p2: elvegis1|move: Tailwind\n|\n|upkeep\n|turn|10\n|-message|SOLOLUMINEONING forfeited.\n|\n|win|elvegis1\n|raw|SOLOLUMINEONING's rating: 1766 &rarr; <strong>1747<\/strong><br \/>(-19 for losing)\n|raw|elvegis1's rating: 1788 &rarr; <strong>1807<\/strong><br \/>(+19 for winning)\n|l|\u2606SOLOLUMINEONING\n|player|p1|\n|l|\u2606elvegis1\n|player|p2|\n|l| Therazer456\n","uploadtime":1728788016,"views":25,"formatid":"gen9vgc2024regh","rating":1747,"private":0,"password":null}