{"id":"gen9vgc2024regh-2221539905","format":"[Gen 9] VGC 2024 Reg H","players":["elvegis1","Capitan taquito"],"log":"|j|\u2606elvegis1\n|j|\u2606Capitan taquito\n|t:|1728757180\n|gametype|doubles\n|player|p1|elvegis1|lucas|1772\n|player|p2|Capitan taquito|1|1706\n|teamsize|p1|6\n|teamsize|p2|6\n|gen|9\n|tier|[Gen 9] VGC 2024 Reg H\n|rated|\n|rule|Species Clause: Limit one of each Pok\u00e9mon\n|rule|Item Clause: Limit 1 of each item\n|clearpoke\n|poke|p1|Incineroar, L50, M|\n|poke|p1|Sneasler, L50, M|\n|poke|p1|Dragonite, L50, M|\n|poke|p1|Corviknight, L50, M|\n|poke|p1|Garchomp, L50, F|\n|poke|p1|Gholdengo, L50|\n|poke|p2|Archaludon, L50, M|\n|poke|p2|Pelipper, L50, M|\n|poke|p2|Maushold, L50|\n|poke|p2|Kingdra, L50, M|\n|poke|p2|Rillaboom, L50, M|\n|poke|p2|Overqwil, L50, M|\n|teampreview|4\n|inactive|Battle timer is ON: inactive players will automatically lose when time's up. (requested by Capitan taquito)\n|inactive|elvegis1 has 60 seconds left.\n|l|\u2606Capitan taquito\n|inactive|Capitan taquito disconnected and has a minute to reconnect!\n|player|p2|\n|\n|t:|1728757237\n|start\n|switch|p1a: Sneasler|Sneasler, L50, M|100\/100\n|switch|p1b: Corviknight|Corviknight, L50, M|100\/100\n|switch|p2a: Maushold|Maushold, L50|100\/100\n|switch|p2b: Archaludon|Archaludon, L50, M|100\/100\n|turn|1\n|inactive|Capitan taquito has 30 seconds left.\n|j|\u2606Capitan taquito\n|inactive|Capitan taquito reconnected and has 30 seconds left.\n|player|p2|Capitan taquito|1|\n|\n|t:|1728757271\n|-terastallize|p1a: Sneasler|Ghost\n|-terastallize|p2a: Maushold|Ghost\n|move|p1a: Sneasler|Close Combat|p2b: Archaludon\n|-supereffective|p2b: Archaludon\n|-damage|p2b: Archaludon|14\/100\n|-unboost|p1a: Sneasler|def|1\n|-unboost|p1a: Sneasler|spd|1\n|-ability|p2b: Archaludon|Stamina|boost\n|-boost|p2b: Archaludon|def|1\n|move|p2a: Maushold|Population Bomb|p1a: Sneasler\n|-immune|p1a: Sneasler\n|move|p2b: Archaludon|Electro Shot||[still]\n|-prepare|p2b: Archaludon|Electro Shot\n|-boost|p2b: Archaludon|spa|1\n|move|p1b: Corviknight|Tailwind|p1b: Corviknight\n|-sidestart|p1: elvegis1|move: Tailwind\n|\n|upkeep\n|turn|2\n|j| bjvgc1\n|\n|t:|1728757296\n|switch|p1b: Garchomp|Garchomp, L50, F|100\/100\n|move|p2a: Maushold|Follow Me|p2a: Maushold\n|-singleturn|p2a: Maushold|move: Follow Me\n|move|p1a: Sneasler|Dire Claw|p2a: Maushold\n|-resisted|p2a: Maushold\n|-damage|p2a: Maushold|66\/100\n|-status|p2a: Maushold|psn|[from] ability: Poison Touch|[of] p1a: Sneasler\n|move|p2b: Archaludon|Electro Shot|p1b: Garchomp|[from]lockedmove\n|-immune|p1b: Garchomp\n|\n|-damage|p2a: Maushold|54\/100 psn|[from] psn\n|upkeep\n|turn|3\n|inactive|elvegis1 has 30 seconds left.\n|inactive|elvegis1 has 20 seconds left.\n|\n|t:|1728757333\n|switch|p1a: Corviknight|Corviknight, L50, M|100\/100\n|switch|p2b: Pelipper|Pelipper, L50, M, shiny|100\/100\n|-weather|RainDance|[from] ability: Drizzle|[of] p2b: Pelipper\n|move|p1b: Garchomp|Protect|p1b: Garchomp\n|-singleturn|p1b: Garchomp|Protect\n|move|p2a: Maushold|Protect||[still]\n|-fail|p2a: Maushold\n|\n|-weather|RainDance|[upkeep]\n|-damage|p2a: Maushold|42\/100 psn|[from] psn\n|upkeep\n|turn|4\n|inactive|elvegis1 has 30 seconds left.\n|\n|t:|1728757358\n|move|p1b: Garchomp|Earthquake|p2b: Pelipper|[spread] p2a\n|-immune|p1a: Corviknight\n|-immune|p2b: Pelipper\n|-damage|p2a: Maushold|0 fnt\n|faint|p2a: Maushold\n|-damage|p1b: Garchomp|91\/100|[from] item: Life Orb\n|move|p1a: Corviknight|Taunt|p2b: Pelipper\n|-start|p2b: Pelipper|move: Taunt\n|cant|p2b: Pelipper|move: Taunt|Tailwind\n|\n|-weather|RainDance|[upkeep]\n|-sideend|p1: elvegis1|move: Tailwind\n|upkeep\n|\n|t:|1728757366\n|switch|p2a: Overqwil|Overqwil, L50, M, shiny|100\/100\n|turn|5\n|j| King of Clubs dks\n|\n|t:|1728757387\n|move|p2a: Overqwil|Throat Chop|p1a: Corviknight\n|-damage|p1a: Corviknight|54\/100\n|-start|p1a: Corviknight|Throat Chop|[silent]\n|-damage|p2a: Overqwil|90\/100|[from] item: Life Orb\n|move|p1b: Garchomp|Dragon Claw|p2b: Pelipper\n|-damage|p2b: Pelipper|22\/100\n|-damage|p1b: Garchomp|81\/100|[from] item: Life Orb\n|move|p2b: Pelipper|Weather Ball|p1a: Corviknight\n|-damage|p1a: Corviknight|0 fnt\n|faint|p1a: Corviknight\n|\n|-weather|RainDance|[upkeep]\n|upkeep\n|\n|t:|1728757405\n|switch|p1a: Sneasler|Sneasler, L50, M, tera:Ghost|100\/100\n|turn|6\n|\n|t:|1728757414\n|move|p2a: Overqwil|Protect|p2a: Overqwil\n|-singleturn|p2a: Overqwil|Protect\n|move|p1a: Sneasler|Close Combat|p2b: Pelipper\n|-resisted|p2b: Pelipper\n|-damage|p2b: Pelipper|0 fnt\n|-unboost|p1a: Sneasler|def|1\n|-unboost|p1a: Sneasler|spd|1\n|faint|p2b: Pelipper\n|move|p1b: Garchomp|Stomping Tantrum|p2a: Overqwil\n|-activate|p2a: Overqwil|move: Protect\n|\n|-weather|RainDance|[upkeep]\n|upkeep\n|\n|t:|1728757418\n|switch|p2b: Archaludon|Archaludon, L50, M|14\/100\n|turn|7\n|\n|t:|1728757424\n|move|p1a: Sneasler|Protect|p1a: Sneasler\n|-singleturn|p1a: Sneasler|Protect\n|move|p1b: Garchomp|Protect|p1b: Garchomp\n|-singleturn|p1b: Garchomp|Protect\n|move|p2a: Overqwil|Throat Chop|p1a: Sneasler\n|-activate|p1a: Sneasler|move: Protect\n|move|p2b: Archaludon|Snarl|p1b: Garchomp|[spread] \n|-activate|p1a: Sneasler|move: Protect\n|-activate|p1b: Garchomp|move: Protect\n|\n|-weather|none\n|upkeep\n|turn|8\n|-message|Capitan taquito forfeited.\n|\n|win|elvegis1\n|raw|elvegis1's rating: 1772 &rarr; <strong>1788<\/strong><br \/>(+16 for winning)\n|raw|Capitan taquito's rating: 1706 &rarr; <strong>1690<\/strong><br \/>(-16 for losing)\n|l|\u2606Capitan taquito\n|player|p2|\n|j|\u2606Capitan taquito\n|player|p2|Capitan taquito|1|\n|l|\u2606elvegis1\n|player|p1|\n|l|\u2606Capitan taquito\n|player|p2|\n|l| King of Clubs dks\n|l| bjvgc1\n","uploadtime":1728757650,"views":23,"formatid":"gen9vgc2024regh","rating":1690,"private":0,"password":null}