{"id":"gen9vgc2024regh-2221673780","format":"[Gen 9] VGC 2024 Reg H","players":["Bef6","badayagetchi"],"log":"|j|\u2606Bef6\n|j|\u2606badayagetchi\n|t:|1728772479\n|gametype|doubles\n|player|p1|Bef6|lucas|1722\n|player|p2|badayagetchi|skyla|1906\n|teamsize|p1|6\n|teamsize|p2|6\n|gen|9\n|tier|[Gen 9] VGC 2024 Reg H\n|rated|\n|rule|Species Clause: Limit one of each Pok\u00e9mon\n|rule|Item Clause: Limit 1 of each item\n|clearpoke\n|poke|p1|Annihilape, L50, F|\n|poke|p1|Maushold-Four, L50|\n|poke|p1|Archaludon, L50, M|\n|poke|p1|Pelipper, L50, M|\n|poke|p1|Grimmsnarl, L50, M|\n|poke|p1|Amoonguss, L50, F|\n|poke|p2|Arcanine-Hisui, L50, F|\n|poke|p2|Pelipper, L50, F|\n|poke|p2|Umbreon, L50, M|\n|poke|p2|Ursaluna-Bloodmoon, L50, M|\n|poke|p2|Dragonite, L50, F|\n|poke|p2|Archaludon, L50, M|\n|teampreview|4\n|inactive|Battle timer is ON: inactive players will automatically lose when time's up. (requested by badayagetchi)\n|\n|t:|1728772508\n|start\n|switch|p1a: Grimmsnarl|Grimmsnarl, L50, M|100\/100\n|switch|p1b: Amoonguss|Amoonguss, L50, F|100\/100\n|switch|p2a: Archaludon|Archaludon, L50, M|100\/100\n|switch|p2b: Umbreon|Umbreon, L50, M, shiny|100\/100\n|turn|1\n|\n|t:|1728772518\n|move|p1a: Grimmsnarl|Parting Shot|p2a: Archaludon\n|-unboost|p2a: Archaludon|atk|1\n|-unboost|p2a: Archaludon|spa|1\n|\n|t:|1728772521\n|switch|p1a: Archaludon|Archaludon, L50, M|100\/100|[from] Parting Shot\n|move|p2a: Archaludon|Flash Cannon|p1a: Archaludon\n|-resisted|p1a: Archaludon\n|-damage|p1a: Archaludon|91\/100\n|-ability|p1a: Archaludon|Stamina|boost\n|-boost|p1a: Archaludon|def|1\n|move|p2b: Umbreon|Taunt|p1b: Amoonguss\n|-start|p1b: Amoonguss|move: Taunt\n|cant|p1b: Amoonguss|move: Taunt|Spore\n|\n|upkeep\n|turn|2\n|\n|t:|1728772544\n|move|p2a: Archaludon|Electro Shot||[still]\n|-prepare|p2a: Archaludon|Electro Shot\n|-boost|p2a: Archaludon|spa|1\n|-enditem|p2a: Archaludon|Power Herb\n|-anim|p2a: Archaludon|Electro Shot|p1b: Amoonguss\n|-resisted|p1b: Amoonguss\n|-damage|p1b: Amoonguss|84\/100\n|move|p1a: Archaludon|Body Press|p2b: Umbreon\n|-supereffective|p2b: Umbreon\n|-damage|p2b: Umbreon|43\/100\n|-enditem|p2b: Umbreon|Sitrus Berry|[eat]\n|-heal|p2b: Umbreon|68\/100|[from] item: Sitrus Berry\n|move|p2b: Umbreon|Yawn|p1a: Archaludon\n|-start|p1a: Archaludon|move: Yawn|[of] p2b: Umbreon\n|move|p1b: Amoonguss|Pollen Puff|p2b: Umbreon\n|-supereffective|p2b: Umbreon\n|-damage|p2b: Umbreon|45\/100\n|\n|upkeep\n|turn|3\n|\n|t:|1728772562\n|switch|p1a: Grimmsnarl|Grimmsnarl, L50, M|100\/100\n|move|p2a: Archaludon|Flash Cannon|p1b: Amoonguss\n|-damage|p1b: Amoonguss|54\/100\n|move|p2b: Umbreon|Snarl|p1a: Grimmsnarl|[spread] p1a,p1b\n|-resisted|p1a: Grimmsnarl\n|-damage|p1a: Grimmsnarl|99\/100\n|-damage|p1b: Amoonguss|47\/100\n|-unboost|p1a: Grimmsnarl|spa|1\n|-unboost|p1b: Amoonguss|spa|1\n|-enditem|p1b: Amoonguss|Sitrus Berry|[eat]\n|-heal|p1b: Amoonguss|72\/100|[from] item: Sitrus Berry\n|move|p1b: Amoonguss|Pollen Puff|p2b: Umbreon\n|-supereffective|p2b: Umbreon\n|-damage|p2b: Umbreon|30\/100\n|\n|-end|p1b: Amoonguss|move: Taunt\n|upkeep\n|turn|4\n|\n|t:|1728772582\n|move|p2a: Archaludon|Protect|p2a: Archaludon\n|-singleturn|p2a: Archaludon|Protect\n|move|p1a: Grimmsnarl|Parting Shot|p2a: Archaludon\n|-activate|p2a: Archaludon|move: Protect\n|move|p2b: Umbreon|Taunt|p1b: Amoonguss\n|-start|p1b: Amoonguss|move: Taunt\n|cant|p1b: Amoonguss|move: Taunt|Spore\n|\n|upkeep\n|turn|5\n|\n|t:|1728772594\n|move|p1a: Grimmsnarl|Parting Shot|p2a: Archaludon\n|-unboost|p2a: Archaludon|atk|1\n|-unboost|p2a: Archaludon|spa|1\n|\n|t:|1728772600\n|switch|p1a: Archaludon|Archaludon, L50, M|91\/100|[from] Parting Shot\n|move|p2a: Archaludon|Draco Meteor|p1b: Amoonguss\n|-damage|p1b: Amoonguss|40\/100\n|-unboost|p2a: Archaludon|spa|2\n|move|p2b: Umbreon|Yawn|p1a: Archaludon\n|-start|p1a: Archaludon|move: Yawn|[of] p2b: Umbreon\n|move|p1b: Amoonguss|Pollen Puff|p2b: Umbreon\n|-supereffective|p2b: Umbreon\n|-damage|p2b: Umbreon|16\/100\n|\n|upkeep\n|turn|6\n|\n|t:|1728772608\n|switch|p2a: Arcanine|Arcanine-Hisui, L50, F, shiny|100\/100\n|switch|p1a: Grimmsnarl|Grimmsnarl, L50, M|99\/100\n|move|p2b: Umbreon|Taunt|p1a: Grimmsnarl\n|-start|p1a: Grimmsnarl|move: Taunt\n|move|p1b: Amoonguss|Pollen Puff|p2b: Umbreon\n|-supereffective|p2b: Umbreon\n|-damage|p2b: Umbreon|1\/100\n|\n|-end|p1b: Amoonguss|move: Taunt\n|upkeep\n|turn|7\n|\n|t:|1728772626\n|switch|p1b: Archaludon|Archaludon, L50, M|91\/100\n|move|p2a: Arcanine|Flare Blitz|p1b: Archaludon\n|-damage|p1b: Archaludon|51\/100\n|-ability|p1b: Archaludon|Stamina|boost\n|-boost|p1b: Archaludon|def|1\n|move|p2b: Umbreon|Yawn|p1a: Grimmsnarl\n|-start|p1a: Grimmsnarl|move: Yawn|[of] p2b: Umbreon\n|move|p1a: Grimmsnarl|Spirit Break|p2b: Umbreon\n|-supereffective|p2b: Umbreon\n|-damage|p2b: Umbreon|0 fnt\n|faint|p2b: Umbreon\n|\n|upkeep\n|\n|t:|1728772634\n|switch|p2b: Ursaluna|Ursaluna-Bloodmoon, L50, M|100\/100\n|turn|8\n|j| Samevgcmons\n|inactive|Bef6 has 30 seconds left.\n|inactive|Bef6 has 20 seconds left.\n|\n|t:|1728772671\n|switch|p1a: Amoonguss|Amoonguss, L50, F|73\/100\n|-terastallize|p1b: Archaludon|Fighting\n|move|p2a: Arcanine|Head Smash|p1a: Amoonguss\n|-damage|p1a: Amoonguss|13\/100\n|move|p1b: Archaludon|Snarl|p2b: Ursaluna|[spread] p2a,p2b\n|-damage|p2a: Arcanine|85\/100\n|-damage|p2b: Ursaluna|94\/100\n|-unboost|p2a: Arcanine|spa|1\n|-unboost|p2b: Ursaluna|spa|1\n|move|p2b: Ursaluna|Blood Moon|p1b: Archaludon\n|-crit|p1b: Archaludon\n|-damage|p1b: Archaludon|0 fnt\n|faint|p1b: Archaludon\n|\n|upkeep\n|-message|Bef6 forfeited.\n|\n|win|badayagetchi\n|raw|Bef6's rating: 1722 &rarr; <strong>1712<\/strong><br \/>(-10 for losing)\n|raw|badayagetchi's rating: 1906 &rarr; <strong>1916<\/strong><br \/>(+10 for winning)\n|l|\u2606Bef6\n|player|p1|\n|l|\u2606badayagetchi\n|player|p2|\n|l| Samevgcmons\n","uploadtime":1728772835,"views":92,"formatid":"gen9vgc2024regh","rating":1712,"private":0,"password":null}