{"id":"gen9vgc2024regh-2221529802","format":"[Gen 9] VGC 2024 Reg H","players":["datbishgames","nickfanta"],"log":"|j|\u2606datbishgames\n|j|\u2606nickfanta\n|t:|1728756060\n|gametype|doubles\n|player|p1|datbishgames|mira|1697\n|player|p2|nickfanta|lucas|1657\n|teamsize|p1|6\n|teamsize|p2|6\n|gen|9\n|tier|[Gen 9] VGC 2024 Reg H\n|rated|\n|rule|Species Clause: Limit one of each Pok\u00e9mon\n|rule|Item Clause: Limit 1 of each item\n|clearpoke\n|poke|p1|Whimsicott, L50, F|\n|poke|p1|Basculegion, L50, M|\n|poke|p1|Arcanine-Hisui, L50, F|\n|poke|p1|Hydreigon, L50, M|\n|poke|p1|Farigiraf, L50, F|\n|poke|p1|Pawmot, L50, M|\n|poke|p2|Kilowattrel, L50, F|\n|poke|p2|Archaludon, L50, F|\n|poke|p2|Annihilape, L50, F|\n|poke|p2|Maushold, L50|\n|poke|p2|Garchomp, L50, F|\n|poke|p2|Rillaboom, L50, M|\n|teampreview|4\n|inactive|Battle timer is ON: inactive players will automatically lose when time's up. (requested by datbishgames)\n|inactive|nickfanta has 60 seconds left.\n|j| King of Clubs dks\n|inactive|nickfanta has 30 seconds left.\n|inactive|nickfanta has 20 seconds left.\n|inactive|nickfanta has 15 seconds left.\n|inactive|nickfanta has 10 seconds left.\n|\n|t:|1728756144\n|start\n|switch|p1a: Whimsicott|Whimsicott, L50, F|100\/100\n|switch|p1b: Hydreigon|Hydreigon, L50, M|100\/100\n|switch|p2a: Maushold|Maushold, L50|100\/100\n|switch|p2b: Annihilape|Annihilape, L50, F|100\/100\n|turn|1\n|\n|t:|1728756167\n|-terastallize|p1b: Hydreigon|Fire\n|-terastallize|p2b: Annihilape|Fire\n|move|p1a: Whimsicott|Tailwind|p1a: Whimsicott\n|-sidestart|p1: datbishgames|move: Tailwind\n|move|p1b: Hydreigon|Heat Wave|p2a: Maushold|[spread] p2a,p2b\n|-resisted|p2b: Annihilape\n|-damage|p2a: Maushold|31\/100\n|-damage|p2b: Annihilape|83\/100\n|-damage|p1b: Hydreigon|91\/100|[from] item: Life Orb\n|move|p2a: Maushold|Beat Up|p2b: Annihilape\n|-damage|p2b: Annihilape|81\/100\n|-damage|p2b: Annihilape|79\/100\n|-damage|p2b: Annihilape|76\/100\n|-damage|p2b: Annihilape|74\/100\n|-hitcount|p2b: Annihilape|4\n|move|p2b: Annihilape|Bulk Up|p2b: Annihilape\n|-boost|p2b: Annihilape|atk|1\n|-boost|p2b: Annihilape|def|1\n|\n|-heal|p2b: Annihilape|80\/100|[from] item: Leftovers\n|upkeep\n|turn|2\n|\n|t:|1728756189\n|move|p2a: Maushold|Follow Me|p2a: Maushold\n|-singleturn|p2a: Maushold|move: Follow Me\n|move|p1a: Whimsicott|Encore|p2a: Maushold\n|-start|p2a: Maushold|Encore\n|move|p1b: Hydreigon|Heat Wave|p2b: Annihilape|[spread] p2a\n|-miss|p1b: Hydreigon|p2b: Annihilape\n|-damage|p2a: Maushold|0 fnt\n|faint|p2a: Maushold\n|-damage|p1b: Hydreigon|81\/100|[from] item: Life Orb\n|move|p2b: Annihilape|Drain Punch|p1b: Hydreigon\n|-damage|p1b: Hydreigon|11\/100\n|-heal|p2b: Annihilape|100\/100|[from] drain|[of] p1b: Hydreigon\n|\n|upkeep\n|\n|t:|1728756204\n|switch|p2a: Garchomp|Garchomp, L50, F|100\/100\n|turn|3\n|\n|t:|1728756212\n|move|p2a: Garchomp|Protect|p2a: Garchomp\n|-singleturn|p2a: Garchomp|Protect\n|move|p1b: Hydreigon|Draco Meteor|p2b: Annihilape\n|-damage|p2b: Annihilape|18\/100\n|-unboost|p1b: Hydreigon|spa|2\n|-damage|p1b: Hydreigon|2\/100|[from] item: Life Orb\n|move|p1a: Whimsicott|Moonblast|p2a: Garchomp\n|-activate|p2a: Garchomp|move: Protect\n|move|p2b: Annihilape|Rage Fist|p1a: Whimsicott\n|-crit|p1a: Whimsicott\n|-damage|p1a: Whimsicott|0 fnt\n|faint|p1a: Whimsicott\n|\n|-heal|p2b: Annihilape|24\/100|[from] item: Leftovers\n|upkeep\n|\n|t:|1728756229\n|switch|p1a: Farigiraf|Farigiraf, L50, F|100\/100\n|turn|4\n|\n|t:|1728756233\n|switch|p2a: Archaludon|Archaludon, L50, F|100\/100\n|move|p2b: Annihilape|Protect|p2b: Annihilape\n|-singleturn|p2b: Annihilape|Protect\n|move|p1b: Hydreigon|Draco Meteor|p2a: Archaludon\n|-damage|p2a: Archaludon|39\/100\n|-unboost|p1b: Hydreigon|spa|2\n|-ability|p2a: Archaludon|Stamina|boost\n|-boost|p2a: Archaludon|def|1\n|-damage|p1b: Hydreigon|0 fnt|[from] item: Life Orb\n|faint|p1b: Hydreigon\n|move|p1a: Farigiraf|Hyper Voice|p2a: Archaludon|[spread] p2a\n|-activate|p2b: Annihilape|move: Protect\n|-resisted|p2a: Archaludon\n|-damage|p2a: Archaludon|18\/100\n|-ability|p2a: Archaludon|Stamina|boost\n|-boost|p2a: Archaludon|def|1\n|-enditem|p1a: Farigiraf|Throat Spray\n|-boost|p1a: Farigiraf|spa|1|[from] item: Throat Spray\n|\n|-heal|p2b: Annihilape|30\/100|[from] item: Leftovers\n|-sideend|p1: datbishgames|move: Tailwind\n|upkeep\n|\n|t:|1728756242\n|switch|p1b: Basculegion|Basculegion, L50, M|100\/100\n|turn|5\n|\n|t:|1728756264\n|move|p1b: Basculegion|Aqua Jet|p2b: Annihilape\n|-supereffective|p2b: Annihilape\n|-damage|p2b: Annihilape|0 fnt\n|faint|p2b: Annihilape\n|move|p2a: Archaludon|Electro Shot||[still]\n|-prepare|p2a: Archaludon|Electro Shot\n|-boost|p2a: Archaludon|spa|1\n|-enditem|p2a: Archaludon|Power Herb\n|-anim|p2a: Archaludon|Electro Shot|p1b: Basculegion\n|-supereffective|p1b: Basculegion\n|-damage|p1b: Basculegion|0 fnt\n|faint|p1b: Basculegion\n|move|p1a: Farigiraf|Hyper Voice|p2a: Archaludon\n|-resisted|p2a: Archaludon\n|-damage|p2a: Archaludon|0 fnt\n|faint|p2a: Archaludon\n|\n|upkeep\n|j| Claarity\n|\n|t:|1728756268\n|switch|p2b: Garchomp|Garchomp, L50, F|100\/100\n|turn|6\n|\n|t:|1728756276\n|move|p2b: Garchomp|Earthquake|p1a: Farigiraf\n|-damage|p1a: Farigiraf|29\/100\n|-damage|p2b: Garchomp|91\/100|[from] item: Life Orb\n|move|p1a: Farigiraf|Twin Beam|p2b: Garchomp\n|-damage|p2b: Garchomp|59\/100\n|-damage|p2b: Garchomp|29\/100\n|-hitcount|p2b: Garchomp|2\n|\n|upkeep\n|turn|7\n|\n|t:|1728756285\n|move|p1a: Farigiraf|Protect|p1a: Farigiraf\n|-singleturn|p1a: Farigiraf|Protect\n|move|p2b: Garchomp|Earthquake|p1a: Farigiraf\n|-activate|p1a: Farigiraf|move: Protect\n|\n|upkeep\n|turn|8\n|\n|t:|1728756287\n|move|p1a: Farigiraf|Protect|p1a: Farigiraf\n|-singleturn|p1a: Farigiraf|Protect\n|move|p2b: Garchomp|Earthquake|p1a: Farigiraf\n|-activate|p1a: Farigiraf|move: Protect\n|\n|upkeep\n|turn|9\n|\n|t:|1728756291\n|move|p1a: Farigiraf|Protect||[still]\n|-fail|p1a: Farigiraf\n|move|p2b: Garchomp|Earthquake|p1a: Farigiraf\n|-damage|p1a: Farigiraf|0 fnt\n|faint|p1a: Farigiraf\n|-damage|p2b: Garchomp|19\/100|[from] item: Life Orb\n|\n|win|nickfanta\n|raw|datbishgames's rating: 1697 &rarr; <strong>1675<\/strong><br \/>(-22 for losing)\n|raw|nickfanta's rating: 1657 &rarr; <strong>1679<\/strong><br \/>(+22 for winning)\n|l|\u2606datbishgames\n|player|p1|\n|l|\u2606nickfanta\n|player|p2|\n|l| King of Clubs dks\n|l| Claarity\n","uploadtime":1728756558,"views":18,"formatid":"gen9vgc2024regh","rating":1675,"private":0,"password":null}