{"id":"gen9vgc2024regh-2221808512","format":"[Gen 9] VGC 2024 Reg H","players":["lilikoal enjoyer","Iamsliverfish"],"log":"|j|\u2606lilikoal enjoyer\n|j|\u2606Iamsliverfish\n|t:|1728789958\n|gametype|doubles\n|player|p1|lilikoal enjoyer|siebold|1679\n|player|p2|Iamsliverfish|hiker-gen4|1777\n|teamsize|p1|6\n|teamsize|p2|6\n|gen|9\n|tier|[Gen 9] VGC 2024 Reg H\n|rated|\n|rule|Species Clause: Limit one of each Pok\u00e9mon\n|rule|Item Clause: Limit 1 of each item\n|clearpoke\n|poke|p1|Gallade, L50, M|\n|poke|p1|Hatterene, L50, F|\n|poke|p1|Indeedee-F, L50, F|\n|poke|p1|Lilligant-Hisui, L50, F|\n|poke|p1|Torkoal, L50, M|\n|poke|p1|Ursaluna, L50, M|\n|poke|p2|Rillaboom, L50, M|\n|poke|p2|Incineroar, L50, M|\n|poke|p2|Kommo-o, L50, M|\n|poke|p2|Gholdengo, L50|\n|poke|p2|Farigiraf, L50, F|\n|poke|p2|Ursaluna-Bloodmoon, L50, M|\n|teampreview|4\n|inactive|Battle timer is ON: inactive players will automatically lose when time's up. (requested by lilikoal enjoyer)\n|j| vivixRANDOM\n|\n|t:|1728789986\n|start\n|switch|p1a: Indeedee|Indeedee-F, L50, F|100\/100\n|switch|p1b: Gallade|Gallade, L50, M|100\/100\n|switch|p2a: Incineroar|Incineroar, L50, M|100\/100\n|switch|p2b: Gholdengo|Gholdengo, L50|100\/100\n|-fieldstart|move: Psychic Terrain|[from] ability: Psychic Surge|[of] p1a: Indeedee\n|-ability|p2a: Incineroar|Intimidate|boost\n|-unboost|p1a: Indeedee|atk|1\n|-fail|p1b: Gallade|unboost|[from] item: Clear Amulet|[of] p1b: Gallade\n|turn|1\n|j| GameLurker69\n|\n|t:|1728790002\n|switch|p2a: Rillaboom|Rillaboom, L50, M|100\/100\n|-fieldstart|move: Grassy Terrain|[from] ability: Grassy Surge|[of] p2a: Rillaboom\n|move|p2b: Gholdengo|Make It Rain|p1a: Indeedee|[spread] p1a,p1b\n|-damage|p1a: Indeedee|41\/100\n|-damage|p1b: Gallade|29\/100\n|-unboost|p2b: Gholdengo|spa|1\n|move|p1b: Gallade|Sacred Sword|p2a: Rillaboom\n|-damage|p2a: Rillaboom|35\/100\n|-damage|p1b: Gallade|13\/100|[from] item: Rocky Helmet|[of] p2a: Rillaboom\n|move|p1a: Indeedee|Trick Room|p1a: Indeedee\n|-fieldstart|move: Trick Room|[of] p1a: Indeedee\n|\n|-heal|p1b: Gallade|19\/100|[from] Grassy Terrain\n|-heal|p1a: Indeedee|47\/100|[from] Grassy Terrain\n|-heal|p2a: Rillaboom|41\/100|[from] Grassy Terrain\n|upkeep\n|turn|2\n|j| sauromon\n|j| Therazer456\n|\n|t:|1728790014\n|switch|p1a: Torkoal|Torkoal, L50, M|100\/100\n|-weather|SunnyDay|[from] ability: Drought|[of] p1a: Torkoal\n|switch|p2b: Incineroar|Incineroar, L50, M|100\/100\n|-ability|p2b: Incineroar|Intimidate|boost\n|-unboost|p1a: Torkoal|atk|1\n|-fail|p1b: Gallade|unboost|[from] item: Clear Amulet|[of] p1b: Gallade\n|move|p1b: Gallade|Wide Guard|p1b: Gallade\n|-singleturn|p1b: Gallade|Wide Guard\n|move|p2a: Rillaboom|Grassy Glide|p1b: Gallade\n|-damage|p1b: Gallade|0 fnt\n|faint|p1b: Gallade\n|\n|-weather|SunnyDay|[upkeep]\n|-heal|p2a: Rillaboom|47\/100|[from] Grassy Terrain\n|upkeep\n|\n|t:|1728790033\n|switch|p1b: Indeedee|Indeedee-F, L50, F|47\/100\n|-fieldstart|move: Psychic Terrain|[from] ability: Psychic Surge|[of] p1b: Indeedee\n|turn|3\n|\n|t:|1728790049\n|switch|p2a: Gholdengo|Gholdengo, L50|100\/100\n|-terastallize|p1a: Torkoal|Fire\n|move|p1b: Indeedee|Helping Hand|p1a: Torkoal\n|-singleturn|p1a: Torkoal|Helping Hand|[of] p1b: Indeedee\n|move|p1a: Torkoal|Eruption|p2b: Incineroar|[spread] p2a,p2b\n|-supereffective|p2a: Gholdengo\n|-resisted|p2b: Incineroar\n|-damage|p2a: Gholdengo|0 fnt\n|-damage|p2b: Incineroar|41\/100\n|faint|p2a: Gholdengo\n|move|p2b: Incineroar|Knock Off|p1a: Torkoal\n|-damage|p1a: Torkoal|72\/100\n|-enditem|p1a: Torkoal|Charcoal|[from] move: Knock Off|[of] p2b: Incineroar\n|\n|-weather|SunnyDay|[upkeep]\n|upkeep\n|\n|t:|1728790053\n|switch|p2a: Rillaboom|Rillaboom, L50, M|47\/100\n|-fieldstart|move: Grassy Terrain|[from] ability: Grassy Surge|[of] p2a: Rillaboom\n|turn|4\n|\n|t:|1728790062\n|move|p1a: Torkoal|Protect|p1a: Torkoal\n|-singleturn|p1a: Torkoal|Protect\n|move|p2a: Rillaboom|Fake Out|p1a: Torkoal\n|-activate|p1a: Torkoal|move: Protect\n|move|p1b: Indeedee|Alluring Voice|p2b: Incineroar\n|-damage|p2b: Incineroar|28\/100\n|move|p2b: Incineroar|Knock Off|p1b: Indeedee\n|-supereffective|p1b: Indeedee\n|-damage|p1b: Indeedee|0 fnt\n|-damage|p2b: Incineroar|12\/100|[from] item: Rocky Helmet|[of] p1b: Indeedee\n|-enditem|p1b: Indeedee|Rocky Helmet|[from] move: Knock Off|[of] p2b: Incineroar\n|-enditem|p2b: Incineroar|Aguav Berry|[eat]\n|-heal|p2b: Incineroar|45\/100|[from] item: Aguav Berry\n|faint|p1b: Indeedee\n|\n|-weather|SunnyDay|[upkeep]\n|-heal|p1a: Torkoal|78\/100|[from] Grassy Terrain\n|-heal|p2b: Incineroar|51\/100|[from] Grassy Terrain\n|-heal|p2a: Rillaboom|53\/100|[from] Grassy Terrain\n|upkeep\n|\n|t:|1728790069\n|switch|p1b: Hatterene|Hatterene, L50, F|100\/100\n|turn|5\n|\n|t:|1728790088\n|move|p2a: Rillaboom|Grassy Glide|p1a: Torkoal\n|-resisted|p1a: Torkoal\n|-damage|p1a: Torkoal|64\/100\n|move|p1a: Torkoal|Eruption|p2a: Rillaboom|[spread] p2a,p2b\n|-supereffective|p2a: Rillaboom\n|-resisted|p2b: Incineroar\n|-damage|p2a: Rillaboom|0 fnt\n|-damage|p2b: Incineroar|28\/100\n|faint|p2a: Rillaboom\n|move|p1b: Hatterene|Dazzling Gleam|p2b: Incineroar\n|-damage|p2b: Incineroar|0 fnt\n|faint|p2b: Incineroar\n|-damage|p1b: Hatterene|91\/100|[from] item: Life Orb\n|\n|-weather|SunnyDay|[upkeep]\n|-heal|p1a: Torkoal|71\/100|[from] Grassy Terrain\n|-heal|p1b: Hatterene|97\/100|[from] Grassy Terrain\n|-fieldend|move: Trick Room\n|upkeep\n|\n|t:|1728790091\n|switch|p2b: Ursaluna|Ursaluna-Bloodmoon, L50, M|100\/100\n|turn|6\n|\n|t:|1728790111\n|-terastallize|p2b: Ursaluna|Normal\n|move|p1b: Hatterene|Protect|p1b: Hatterene\n|-singleturn|p1b: Hatterene|Protect\n|move|p2b: Ursaluna|Hyper Voice|p1a: Torkoal|[spread] p1a\n|-activate|p1b: Hatterene|move: Protect\n|-damage|p1a: Torkoal|0 fnt\n|faint|p1a: Torkoal\n|\n|-weather|none\n|-heal|p1b: Hatterene|100\/100|[from] Grassy Terrain\n|upkeep\n|turn|7\n|\n|t:|1728790119\n|move|p1b: Hatterene|Protect|p1b: Hatterene\n|-singleturn|p1b: Hatterene|Protect\n|move|p2b: Ursaluna|Blood Moon|p1b: Hatterene\n|-activate|p1b: Hatterene|move: Protect\n|\n|upkeep\n|turn|8\n|\n|t:|1728790123\n|move|p2b: Ursaluna|Hyper Voice|p1b: Hatterene\n|-damage|p1b: Hatterene|26\/100\n|move|p1b: Hatterene|Expanding Force|p2b: Ursaluna\n|-damage|p2b: Ursaluna|58\/100\n|-damage|p1b: Hatterene|16\/100|[from] item: Life Orb\n|\n|-heal|p2b: Ursaluna|64\/100|[from] Grassy Terrain\n|-heal|p1b: Hatterene|22\/100|[from] Grassy Terrain\n|-fieldend|move: Grassy Terrain\n|upkeep\n|turn|9\n|\n|t:|1728790127\n|move|p2b: Ursaluna|Hyper Voice|p1b: Hatterene\n|-damage|p1b: Hatterene|0 fnt\n|faint|p1b: Hatterene\n|\n|win|Iamsliverfish\n|raw|lilikoal enjoyer's rating: 1679 &rarr; <strong>1664<\/strong><br \/>(-15 for losing)\n|raw|Iamsliverfish's rating: 1777 &rarr; <strong>1792<\/strong><br \/>(+15 for winning)\n|c|\u2606lilikoal enjoyer|gg\n|l|\u2606lilikoal enjoyer\n|player|p1|\n|l|\u2606Iamsliverfish\n|player|p2|\n|l| vivixRANDOM\n|l| sauromon\n|l| Therazer456\n|l| GameLurker69\n","uploadtime":1728790372,"views":11,"formatid":"gen9vgc2024regh","rating":1664,"private":0,"password":null}