{"id":"gen9vgc2024regh-2221327436","format":"[Gen 9] VGC 2024 Reg H","players":["Engineer vgc","hangover2"],"log":"|j|\u2606Engineer vgc\n|j|\u2606hangover2\n|t:|1728729894\n|gametype|doubles\n|player|p1|Engineer vgc|2|1686\n|player|p2|hangover2|2|1827\n|teamsize|p1|6\n|teamsize|p2|6\n|gen|9\n|tier|[Gen 9] VGC 2024 Reg H\n|rated|\n|rule|Species Clause: Limit one of each Pok\u00e9mon\n|rule|Item Clause: Limit 1 of each item\n|clearpoke\n|poke|p1|Arcanine, L50, F|\n|poke|p1|Primarina, L50, F|\n|poke|p1|Annihilape, L50, M|\n|poke|p1|Ninetales-Alola, L50, F|\n|poke|p1|Gholdengo, L50|\n|poke|p1|Dragonite, L50, M|\n|poke|p2|Annihilape, L50, M|\n|poke|p2|Gholdengo, L50|\n|poke|p2|Dragapult, L50, F|\n|poke|p2|Rillaboom, L50, M|\n|poke|p2|Primarina, L50, M|\n|poke|p2|Talonflame, L50, F|\n|teampreview|4\n|j| Workeatplaydream\n|c| Workeatplaydream|let's start guys\n|inactive|Battle timer is ON: inactive players will automatically lose when time's up. (requested by hangover2)\n|\n|t:|1728729938\n|start\n|switch|p1a: Ninetales|Ninetales-Alola, L50, F|100\/100\n|switch|p1b: Gholdengo|Gholdengo, L50|100\/100\n|switch|p2a: Dragapult|Dragapult, L50, F|100\/100\n|switch|p2b: Primarina|Primarina, L50, M, shiny|100\/100\n|-weather|Snow|[from] ability: Snow Warning|[of] p1a: Ninetales\n|turn|1\n|inactive|Engineer vgc has 30 seconds left.\n|\n|t:|1728729963\n|move|p2a: Dragapult|Light Screen|p2a: Dragapult\n|-sidestart|p2: hangover2|move: Light Screen\n|move|p1a: Ninetales|Aurora Veil|p1a: Ninetales\n|-sidestart|p1: Engineer vgc|move: Aurora Veil\n|move|p1b: Gholdengo|Make It Rain|p2b: Primarina|[spread] p2a,p2b\n|-damage|p2a: Dragapult|70\/100\n|-damage|p2b: Primarina|77\/100\n|-unboost|p1b: Gholdengo|spa|1\n|move|p2b: Primarina|Hyper Voice|p1a: Ninetales|[spread] p1a,p1b\n|-damage|p1a: Ninetales|73\/100\n|-damage|p1b: Gholdengo|78\/100\n|\n|-weather|Snow|[upkeep]\n|-heal|p1b: Gholdengo|84\/100|[from] item: Leftovers\n|upkeep\n|turn|2\n|\n|t:|1728729980\n|move|p2a: Dragapult|Reflect|p2a: Dragapult\n|-sidestart|p2: hangover2|Reflect\n|move|p1a: Ninetales|Blizzard|p2a: Dragapult|[spread] p2a,p2b\n|-supereffective|p2a: Dragapult\n|-resisted|p2b: Primarina\n|-crit|p2b: Primarina\n|-damage|p2a: Dragapult|23\/100\n|-damage|p2b: Primarina|58\/100\n|move|p1b: Gholdengo|Nasty Plot|p1b: Gholdengo\n|-boost|p1b: Gholdengo|spa|2\n|move|p2b: Primarina|Hyper Voice|p1b: Gholdengo|[spread] p1a,p1b\n|-damage|p1a: Ninetales|45\/100\n|-damage|p1b: Gholdengo|60\/100\n|\n|-weather|Snow|[upkeep]\n|-heal|p1b: Gholdengo|66\/100|[from] item: Leftovers\n|upkeep\n|turn|3\n|\n|t:|1728730000\n|move|p2a: Dragapult|Shadow Ball|p1b: Gholdengo\n|-supereffective|p1b: Gholdengo\n|-damage|p1b: Gholdengo|27\/100\n|move|p1a: Ninetales|Blizzard|p2b: Primarina|[spread] p2a,p2b\n|-supereffective|p2a: Dragapult\n|-resisted|p2b: Primarina\n|-damage|p2a: Dragapult|0 fnt\n|-damage|p2b: Primarina|49\/100\n|-enditem|p2b: Primarina|Sitrus Berry|[eat]\n|-heal|p2b: Primarina|74\/100|[from] item: Sitrus Berry\n|faint|p2a: Dragapult\n|move|p1b: Gholdengo|Make It Rain|p2b: Primarina\n|-damage|p2b: Primarina|23\/100\n|-unboost|p1b: Gholdengo|spa|1\n|move|p2b: Primarina|Hyper Voice|p1b: Gholdengo|[spread] p1a,p1b\n|-damage|p1a: Ninetales|19\/100\n|-damage|p1b: Gholdengo|2\/100\n|\n|-weather|Snow|[upkeep]\n|-heal|p1b: Gholdengo|8\/100|[from] item: Leftovers\n|upkeep\n|\n|t:|1728730016\n|switch|p2a: Talonflame|Talonflame, L50, F|100\/100\n|turn|4\n|\n|t:|1728730025\n|move|p2a: Talonflame|Tailwind|p2a: Talonflame\n|-sidestart|p2: hangover2|move: Tailwind\n|move|p1a: Ninetales|Blizzard|p2a: Talonflame|[spread] p2a,p2b\n|-resisted|p2b: Primarina\n|-damage|p2a: Talonflame|69\/100\n|-damage|p2b: Primarina|14\/100\n|move|p2b: Primarina|Hyper Voice|p1b: Gholdengo|[spread] p1a,p1b\n|-damage|p1a: Ninetales|0 fnt\n|-damage|p1b: Gholdengo|0 fnt\n|faint|p1a: Ninetales\n|faint|p1b: Gholdengo\n|\n|-weather|Snow|[upkeep]\n|upkeep\n|\n|t:|1728730033\n|switch|p1a: Dragonite|Dragonite, L50, M|100\/100\n|switch|p1b: Primarina|Primarina, L50, F|100\/100\n|turn|5\n|\n|t:|1728730045\n|switch|p2b: Annihilape|Annihilape, L50, M|100\/100\n|move|p2a: Talonflame|Protect|p2a: Talonflame\n|-singleturn|p2a: Talonflame|Protect\n|move|p1a: Dragonite|Protect|p1a: Dragonite\n|-singleturn|p1a: Dragonite|Protect\n|move|p1b: Primarina|Hyper Voice|p2a: Talonflame|[spread] p2b\n|-activate|p2a: Talonflame|move: Protect\n|-damage|p2b: Annihilape|76\/100\n|-damage|p1b: Primarina|91\/100|[from] item: Life Orb\n|\n|-weather|none\n|-heal|p2b: Annihilape|82\/100|[from] item: Leftovers\n|-sideend|p1: Engineer vgc|move: Aurora Veil\n|upkeep\n|turn|6\n|\n|t:|1728730063\n|switch|p2a: Primarina|Primarina, L50, M, shiny|14\/100\n|-terastallize|p2b: Annihilape|Steel\n|move|p2b: Annihilape|Bulk Up|p2b: Annihilape\n|-boost|p2b: Annihilape|atk|1\n|-boost|p2b: Annihilape|def|1\n|move|p1a: Dragonite|Scale Shot|p2a: Primarina\n|-immune|p2a: Primarina\n|move|p1b: Primarina|Moonblast|p2b: Annihilape\n|-resisted|p2b: Annihilape\n|-damage|p2b: Annihilape|62\/100\n|-damage|p1b: Primarina|81\/100|[from] item: Life Orb\n|\n|-heal|p2b: Annihilape|67\/100|[from] item: Leftovers\n|upkeep\n|turn|7\n|\n|t:|1728730085\n|move|p1a: Dragonite|Extreme Speed|p2a: Primarina\n|-damage|p2a: Primarina|0 fnt\n|faint|p2a: Primarina\n|move|p2b: Annihilape|Rage Fist|p1b: Primarina\n|-damage|p1b: Primarina|0 fnt\n|faint|p1b: Primarina\n|\n|-heal|p2b: Annihilape|73\/100|[from] item: Leftovers\n|-sideend|p2: hangover2|move: Tailwind\n|upkeep\n|\n|t:|1728730091\n|switch|p2a: Talonflame|Talonflame, L50, F|69\/100\n|turn|8\n|\n|t:|1728730098\n|move|p1a: Dragonite|Protect|p1a: Dragonite\n|-singleturn|p1a: Dragonite|Protect\n|move|p2a: Talonflame|Air Slash|p1a: Dragonite\n|-activate|p1a: Dragonite|move: Protect\n|move|p2b: Annihilape|Rage Fist|p1a: Dragonite\n|-activate|p1a: Dragonite|move: Protect\n|\n|-heal|p2b: Annihilape|79\/100|[from] item: Leftovers\n|-sideend|p2: hangover2|move: Light Screen\n|upkeep\n|turn|9\n|\n|t:|1728730107\n|-terastallize|p1a: Dragonite|Normal\n|move|p2a: Talonflame|Air Slash|p1a: Dragonite\n|-damage|p1a: Dragonite|88\/100\n|move|p2b: Annihilape|Rage Fist|p1a: Dragonite\n|-immune|p1a: Dragonite\n|move|p1a: Dragonite|Scale Shot|p2a: Talonflame\n|-damage|p2a: Talonflame|56\/100\n|-damage|p2a: Talonflame|43\/100\n|-damage|p2a: Talonflame|30\/100\n|-damage|p2a: Talonflame|17\/100\n|-damage|p2a: Talonflame|5\/100\n|-hitcount|p2a: Talonflame|5\n|-unboost|p1a: Dragonite|def|1\n|-boost|p1a: Dragonite|spe|1\n|\n|-heal|p2b: Annihilape|85\/100|[from] item: Leftovers\n|-sideend|p2: hangover2|Reflect\n|upkeep\n|turn|10\n|\n|t:|1728730126\n|move|p1a: Dragonite|Low Kick|p2b: Annihilape\n|-supereffective|p2b: Annihilape\n|-damage|p2b: Annihilape|49\/100\n|move|p2a: Talonflame|Tailwind|p2a: Talonflame\n|-sidestart|p2: hangover2|move: Tailwind\n|move|p2b: Annihilape|Drain Punch|p1a: Dragonite\n|-supereffective|p1a: Dragonite\n|-damage|p1a: Dragonite|0 fnt\n|-heal|p2b: Annihilape|90\/100|[from] drain|[of] p1a: Dragonite\n|faint|p1a: Dragonite\n|\n|win|hangover2\n|raw|Engineer vgc's rating: 1686 &rarr; <strong>1674<\/strong><br \/>(-12 for losing)\n|raw|hangover2's rating: 1827 &rarr; <strong>1839<\/strong><br \/>(+12 for winning)\n|l|\u2606Engineer vgc\n|player|p1|\n|l|\u2606hangover2\n|player|p2|\n|l| Workeatplaydream\n","uploadtime":1728730367,"views":29,"formatid":"gen9vgc2024regh","rating":1674,"private":0,"password":null}