{"id":"gen9vgc2024regh-2221276434","format":"[Gen 9] VGC 2024 Reg H","players":["zimuxiao","elvegis1"],"log":"|j|\u2606zimuxiao\n|j|\u2606elvegis1\n|t:|1728719948\n|gametype|doubles\n|player|p1|zimuxiao|pokemonbreederf-gen4|1706\n|player|p2|elvegis1|lucas|1743\n|teamsize|p1|6\n|teamsize|p2|6\n|gen|9\n|tier|[Gen 9] VGC 2024 Reg H\n|rated|\n|rule|Species Clause: Limit one of each Pok\u00e9mon\n|rule|Item Clause: Limit 1 of each item\n|clearpoke\n|poke|p1|Armarouge, L50, M|\n|poke|p1|Indeedee-F, L50, F|\n|poke|p1|Dragonite, L50, M|\n|poke|p1|Ursaluna-Bloodmoon, L50, M|\n|poke|p1|Torkoal, L50, M|\n|poke|p1|Lilligant-Hisui, L50, F|\n|poke|p2|Magmar, L50, M|\n|poke|p2|Sneasler, L50, F|\n|poke|p2|Dragonite, L50, F|\n|poke|p2|Corviknight, L50, F|\n|poke|p2|Garchomp, L50, F|\n|poke|p2|Gholdengo, L50|\n|teampreview|4\n|inactive|Battle timer is ON: inactive players will automatically lose when time's up. (requested by zimuxiao)\n|inactive|elvegis1 has 60 seconds left.\n|\n|t:|1728719989\n|start\n|switch|p1a: Indeedee|Indeedee-F, L50, F|100\/100\n|switch|p1b: Armarouge|Armarouge, L50, M|100\/100\n|switch|p2a: Dragonite|Dragonite, L50, F|100\/100\n|switch|p2b: Garchomp|Garchomp, L50, F|100\/100\n|-fieldstart|move: Psychic Terrain|[from] ability: Psychic Surge|[of] p1a: Indeedee\n|-enditem|p1a: Indeedee|Psychic Seed\n|-boost|p1a: Indeedee|spd|1|[from] item: Psychic Seed\n|turn|1\n|inactive|zimuxiao has 30 seconds left.\n|\n|t:|1728720020\n|move|p1b: Armarouge|Protect|p1b: Armarouge\n|-singleturn|p1b: Armarouge|Protect\n|move|p2b: Garchomp|Dragon Claw|p1b: Armarouge\n|-activate|p1b: Armarouge|move: Protect\n|move|p2a: Dragonite|Ice Spinner|p1a: Indeedee\n|-damage|p1a: Indeedee|69\/100\n|-fieldend|move: Psychic Terrain\n|move|p1a: Indeedee|Trick Room|p1a: Indeedee\n|-fieldstart|move: Trick Room|[of] p1a: Indeedee\n|\n|upkeep\n|turn|2\n|\n|t:|1728720040\n|-terastallize|p2a: Dragonite|Flying\n|move|p1a: Indeedee|Helping Hand|p1b: Armarouge\n|-singleturn|p1b: Armarouge|Helping Hand|[of] p1a: Indeedee\n|move|p2a: Dragonite|Tera Blast|p1b: Armarouge|[anim] Tera Blast Flying\n|-damage|p1b: Armarouge|36\/100\n|move|p1b: Armarouge|Meteor Beam||[still]\n|-prepare|p1b: Armarouge|Meteor Beam\n|-boost|p1b: Armarouge|spa|1\n|-enditem|p1b: Armarouge|Power Herb\n|-anim|p1b: Armarouge|Meteor Beam|p2a: Dragonite\n|-supereffective|p2a: Dragonite\n|-damage|p2a: Dragonite|0 fnt\n|faint|p2a: Dragonite\n|move|p2b: Garchomp|Earthquake|p1a: Indeedee|[spread] p1a,p1b\n|-supereffective|p1b: Armarouge\n|-damage|p1a: Indeedee|21\/100\n|-damage|p1b: Armarouge|0 fnt\n|faint|p1b: Armarouge\n|-damage|p2b: Garchomp|91\/100|[from] item: Life Orb\n|\n|upkeep\n|\n|t:|1728720062\n|switch|p2a: Corviknight|Corviknight, L50, F|100\/100\n|switch|p1b: Dragonite|Dragonite, L50, M|100\/100\n|turn|3\n|\n|t:|1728720077\n|move|p2b: Garchomp|Protect|p2b: Garchomp\n|-singleturn|p2b: Garchomp|Protect\n|move|p1a: Indeedee|Follow Me|p1a: Indeedee\n|-singleturn|p1a: Indeedee|move: Follow Me\n|move|p2a: Corviknight|Brave Bird|p1a: Indeedee\n|-damage|p1a: Indeedee|0 fnt\n|faint|p1a: Indeedee\n|-damage|p2a: Corviknight|95\/100|[from] Recoil\n|move|p1b: Dragonite|Scale Shot|p2b: Garchomp\n|-activate|p2b: Garchomp|move: Protect\n|\n|upkeep\n|\n|t:|1728720080\n|switch|p1a: Ursaluna|Ursaluna-Bloodmoon, L50, M|100\/100\n|turn|4\n|\n|t:|1728720095\n|move|p1a: Ursaluna|Protect|p1a: Ursaluna\n|-singleturn|p1a: Ursaluna|Protect\n|move|p2b: Garchomp|Protect||[still]\n|-fail|p2b: Garchomp\n|move|p2a: Corviknight|Brave Bird|p1b: Dragonite\n|-damage|p1b: Dragonite|72\/100\n|-damage|p2a: Corviknight|87\/100|[from] Recoil\n|move|p1b: Dragonite|Scale Shot|p2b: Garchomp\n|-supereffective|p2b: Garchomp\n|-damage|p2b: Garchomp|61\/100\n|-supereffective|p2b: Garchomp\n|-damage|p2b: Garchomp|35\/100\n|-supereffective|p2b: Garchomp\n|-damage|p2b: Garchomp|9\/100\n|-supereffective|p2b: Garchomp\n|-damage|p2b: Garchomp|0 fnt\n|faint|p2b: Garchomp\n|-hitcount|p2: Garchomp|4\n|-unboost|p1b: Dragonite|def|1\n|-boost|p1b: Dragonite|spe|1\n|\n|upkeep\n|\n|t:|1728720105\n|switch|p2b: Sneasler|Sneasler, L50, F|100\/100\n|turn|5\n|\n|t:|1728720129\n|move|p2b: Sneasler|Protect|p2b: Sneasler\n|-singleturn|p2b: Sneasler|Protect\n|move|p1b: Dragonite|Extreme Speed|p2b: Sneasler\n|-activate|p2b: Sneasler|move: Protect\n|move|p2a: Corviknight|Brave Bird|p1b: Dragonite\n|-damage|p1b: Dragonite|0 fnt\n|faint|p1b: Dragonite\n|-damage|p2a: Corviknight|67\/100|[from] Recoil\n|move|p1a: Ursaluna|Earth Power|p2b: Sneasler\n|-activate|p2b: Sneasler|move: Protect\n|\n|-fieldend|move: Trick Room\n|upkeep\n|turn|6\n|\n|t:|1728720152\n|-terastallize|p1a: Ursaluna|Normal\n|move|p2b: Sneasler|Dire Claw|p1a: Ursaluna\n|-damage|p1a: Ursaluna|65\/100\n|-status|p1a: Ursaluna|psn\n|move|p1a: Ursaluna|Hyper Voice|p2a: Corviknight|[spread] p2a,p2b\n|-resisted|p2a: Corviknight\n|-damage|p2a: Corviknight|36\/100\n|-damage|p2b: Sneasler|11\/100\n|-enditem|p2a: Corviknight|Sitrus Berry|[eat]\n|-heal|p2a: Corviknight|61\/100|[from] item: Sitrus Berry\n|-damage|p1a: Ursaluna|55\/100 psn|[from] item: Life Orb\n|move|p2a: Corviknight|Roost|p2a: Corviknight\n|-heal|p2a: Corviknight|100\/100\n|-singleturn|p2a: Corviknight|move: Roost\n|\n|-damage|p1a: Ursaluna|43\/100 psn|[from] psn\n|upkeep\n|turn|7\n|-message|zimuxiao forfeited.\n|\n|win|elvegis1\n|raw|zimuxiao's rating: 1706 &rarr; <strong>1688<\/strong><br \/>(-18 for losing)\n|raw|elvegis1's rating: 1743 &rarr; <strong>1761<\/strong><br \/>(+18 for winning)\n|l|\u2606zimuxiao\n|player|p1|\n|l|\u2606elvegis1\n|player|p2|\n","uploadtime":1728720544,"views":26,"formatid":"gen9vgc2024regh","rating":1688,"private":0,"password":null}