{"id":"gen9vgc2024regh-2221650243","format":"[Gen 9] VGC 2024 Reg H","players":["furreto testo","SOLOLUMINEONING"],"log":"|j|\u2606furreto testo\n|j|\u2606SOLOLUMINEONING\n|t:|1728769607\n|gametype|doubles\n|player|p1|furreto testo|lacey|1741\n|player|p2|SOLOLUMINEONING|magmasuit|1744\n|teamsize|p1|6\n|teamsize|p2|6\n|gen|9\n|tier|[Gen 9] VGC 2024 Reg H\n|rated|\n|rule|Species Clause: Limit one of each Pok\u00e9mon\n|rule|Item Clause: Limit 1 of each item\n|clearpoke\n|poke|p1|Furret, L50, F|\n|poke|p1|Gholdengo, L50|\n|poke|p1|Incineroar, L50, F|\n|poke|p1|Primarina, L50, F|\n|poke|p1|Rillaboom, L50, F|\n|poke|p1|Sneasler, L50, F|\n|poke|p2|Sneasler, L50, M|\n|poke|p2|Indeedee, L50, M|\n|poke|p2|Murkrow, L50, M|\n|poke|p2|Delphox, L50, F|\n|poke|p2|Dragapult, L50, M|\n|poke|p2|Maushold, L50|\n|teampreview|4\n|inactive|Battle timer is ON: inactive players will automatically lose when time's up. (requested by SOLOLUMINEONING)\nfurreto testo rejected open team sheets.\n|inactive|SOLOLUMINEONING has 60 seconds left.\n|inactive|SOLOLUMINEONING has 30 seconds left.\n|inactive|SOLOLUMINEONING has 20 seconds left.\n|inactive|SOLOLUMINEONING has 15 seconds left.\n|inactive|SOLOLUMINEONING has 10 seconds left.\n|inactive|SOLOLUMINEONING has 5 seconds left.\n|\n|t:|1728769697\n|start\n|switch|p1a: Velvet|Incineroar, L50, F, shiny|100\/100\n|switch|p1b: Fruit Tart|Sneasler, L50, F, shiny|100\/100\n|switch|p2a: Paul Allen|Sneasler, L50, M, shiny|100\/100\n|switch|p2b: Marcus Halberstram|Dragapult, L50, M|100\/100\n|-ability|p1a: Velvet|Intimidate|boost\n|-unboost|p2a: Paul Allen|atk|1\n|-fail|p2b: Marcus Halberstram|unboost|[from] ability: Clear Body|[of] p2b: Marcus Halberstram\n|turn|1\n|j| moon7777alt2\n|inactive|SOLOLUMINEONING has 30 seconds left.\n|\n|t:|1728769722\n|switch|p1a: Key Lime|Rillaboom, L50, F, shiny|100\/100\n|-fieldstart|move: Grassy Terrain|[from] ability: Grassy Surge|[of] p1a: Key Lime\n|-enditem|p1b: Fruit Tart|Grassy Seed\n|-boost|p1b: Fruit Tart|def|1|[from] item: Grassy Seed\n|move|p1b: Fruit Tart|Acrobatics|p2a: Paul Allen\n|-supereffective|p2a: Paul Allen\n|-damage|p2a: Paul Allen|0 fnt\n|faint|p2a: Paul Allen\n|move|p2b: Marcus Halberstram|Dragon Darts|p1a: Key Lime\n|-damage|p1a: Key Lime|61\/100\n|-anim|p2b: Marcus Halberstram|Dragon Darts|p1b: Fruit Tart\n|-damage|p1b: Fruit Tart|56\/100\n|\n|-heal|p1b: Fruit Tart|62\/100|[from] Grassy Terrain\n|-heal|p1a: Key Lime|67\/100|[from] Grassy Terrain\n|upkeep\n|\n|t:|1728769746\n|switch|p2a: Patrick Bateman|Indeedee, L50, M, shiny|100\/100\n|-fieldstart|move: Psychic Terrain|[from] ability: Psychic Surge|[of] p2a: Patrick Bateman\n|turn|2\n|\n|t:|1728769756\n|switch|p1a: Velvet|Incineroar, L50, F, shiny|100\/100\n|-ability|p1a: Velvet|Intimidate|boost\n|-unboost|p2a: Patrick Bateman|atk|1\n|-fail|p2b: Marcus Halberstram|unboost|[from] ability: Clear Body|[of] p2b: Marcus Halberstram\n|move|p1b: Fruit Tart|Protect|p1b: Fruit Tart\n|-singleturn|p1b: Fruit Tart|Protect\n|move|p2b: Marcus Halberstram|Dragon Darts|p1a: Velvet\n|-damage|p1a: Velvet|62\/100\n|-anim|p2b: Marcus Halberstram|Dragon Darts|p1a: Velvet\n|-damage|p1a: Velvet|25\/100\n|move|p2a: Patrick Bateman|Expanding Force|p1b: Fruit Tart|[spread] \n|-activate|p1b: Fruit Tart|move: Protect\n|-immune|p1a: Velvet\n|\n|upkeep\n|turn|3\n|inactive|furreto testo has 30 seconds left.\n|\n|t:|1728769785\n|-terastallize|p1b: Fruit Tart|Flying\n|move|p1b: Fruit Tart|Acrobatics|p2b: Marcus Halberstram\n|-damage|p2b: Marcus Halberstram|13\/100\n|move|p2b: Marcus Halberstram|Dragon Darts|p1a: Velvet\n|-damage|p1a: Velvet|0 fnt\n|-anim|p2b: Marcus Halberstram|Dragon Darts|p1b: Fruit Tart\n|-damage|p1b: Fruit Tart|13\/100\n|faint|p1a: Velvet\n|move|p2a: Patrick Bateman|Expanding Force|p1b: Fruit Tart\n|-damage|p1b: Fruit Tart|0 fnt\n|faint|p1b: Fruit Tart\n|\n|upkeep\n|\n|t:|1728769787\n|switch|p1b: Cupcake|Primarina, L50, F, shiny|100\/100\n|switch|p1a: Key Lime|Rillaboom, L50, F, shiny|67\/100\n|-fieldstart|move: Grassy Terrain|[from] ability: Grassy Surge|[of] p1a: Key Lime\n|turn|4\n|inactive|SOLOLUMINEONING has 30 seconds left.\n|inactive|SOLOLUMINEONING has 20 seconds left.\n|inactive|SOLOLUMINEONING has 15 seconds left.\n|\n|t:|1728769829\n|switch|p2a: Maushold|Maushold, L50|100\/100\n|move|p1a: Key Lime|Grassy Glide|p2b: Marcus Halberstram\n|-resisted|p2b: Marcus Halberstram\n|-damage|p2b: Marcus Halberstram|0 fnt\n|faint|p2b: Marcus Halberstram\n|move|p1b: Cupcake|Hyper Voice|p2a: Maushold\n|-damage|p2a: Maushold|32\/100\n|-enditem|p1b: Cupcake|Throat Spray\n|-boost|p1b: Cupcake|spa|1|[from] item: Throat Spray\n|\n|-heal|p2a: Maushold|38\/100|[from] Grassy Terrain\n|-heal|p1a: Key Lime|73\/100|[from] Grassy Terrain\n|upkeep\n|\n|t:|1728769831\n|switch|p2b: Patrick Bateman|Indeedee, L50, M, shiny|100\/100\n|-fieldstart|move: Psychic Terrain|[from] ability: Psychic Surge|[of] p2b: Patrick Bateman\n|turn|5\n|inactive|SOLOLUMINEONING has 30 seconds left.\n|\n|t:|1728769862\n|move|p1b: Cupcake|Protect|p1b: Cupcake\n|-singleturn|p1b: Cupcake|Protect\n|move|p2a: Maushold|Population Bomb|p1a: Key Lime\n|-damage|p1a: Key Lime|62\/100\n|-damage|p1a: Key Lime|51\/100\n|-damage|p1a: Key Lime|39\/100\n|-damage|p1a: Key Lime|28\/100\n|-damage|p1a: Key Lime|16\/100\n|-damage|p1a: Key Lime|4\/100\n|-damage|p1a: Key Lime|0 fnt\n|faint|p1a: Key Lime\n|-hitcount|p1: Key Lime|7\n|move|p2b: Patrick Bateman|Expanding Force|p1b: Cupcake\n|-activate|p1b: Cupcake|move: Protect\n|\n|upkeep\n|turn|6\n|-message|furreto testo forfeited.\n|\n|win|SOLOLUMINEONING\n|raw|furreto testo's rating: 1741 &rarr; <strong>1721<\/strong><br \/>(-20 for losing)\n|raw|SOLOLUMINEONING's rating: 1744 &rarr; <strong>1764<\/strong><br \/>(+20 for winning)\n|l|\u2606furreto testo\n|player|p1|\n|l| moon7777alt2\n|l|\u2606SOLOLUMINEONING\n|player|p2|\n","uploadtime":1728770049,"views":57,"formatid":"gen9vgc2024regh","rating":1721,"private":0,"password":null}