{"id":"gen9vgc2024regh-2222323308","format":"[Gen 9] VGC 2024 Reg H","players":["chiitancrazymascot","CanIBeatAle?"],"log":"|j|\u2606chiitancrazymascot\n|j|\u2606CanIBeatAle?\n|t:|1728862549\n|gametype|doubles\n|player|p1|chiitancrazymascot|pokemaniac|1777\n|player|p2|CanIBeatAle?|lucas|1740\n|teamsize|p1|6\n|teamsize|p2|6\n|gen|9\n|tier|[Gen 9] VGC 2024 Reg H\n|rated|\n|rule|Species Clause: Limit one of each Pok\u00e9mon\n|rule|Item Clause: Limit 1 of each item\n|clearpoke\n|poke|p1|Annihilape, L50, F|\n|poke|p1|Dondozo, L50, F|\n|poke|p1|Maushold-Four, L50|\n|poke|p1|Whimsicott, L50, F|\n|poke|p1|Tatsugiri, L50, F|\n|poke|p1|Dragonite, L50, M|\n|poke|p2|Murkrow, L50, F|\n|poke|p2|Abomasnow, L50, M|\n|poke|p2|Indeedee, L50, M|\n|poke|p2|Sneasler, L50, F|\n|poke|p2|Basculegion, L50, M|\n|poke|p2|Gholdengo, L50|\n|teampreview|4\n|inactive|Battle timer is ON: inactive players will automatically lose when time's up. (requested by chiitancrazymascot)\nCanIBeatAle? has agreed to open team sheets.\nchiitancrazymascot has agreed to open team sheets.\n|\n|t:|1728862578\n|start\n|switch|p1a: Maushold|Maushold-Four, L50|100\/100\n|switch|p1b: Annihilape|Annihilape, L50, F, shiny|100\/100\n|switch|p2a: Brynden Rivers|Murkrow, L50, F|100\/100\n|switch|p2b: MDD|Indeedee, L50, M, shiny|100\/100\n|-fieldstart|move: Psychic Terrain|[from] ability: Psychic Surge|[of] p2b: MDD\n|turn|1\n|\n|t:|1728862599\n|-terastallize|p1b: Annihilape|Fire\n|move|p2a: Brynden Rivers|Protect|p2a: Brynden Rivers\n|-singleturn|p2a: Brynden Rivers|Protect\n|move|p1a: Maushold|Beat Up|p1b: Annihilape\n|-damage|p1b: Annihilape|99\/100\n|-damage|p1b: Annihilape|96\/100\n|-crit|p1b: Annihilape\n|-damage|p1b: Annihilape|94\/100\n|-damage|p1b: Annihilape|91\/100\n|-hitcount|p1b: Annihilape|4\n|move|p2b: MDD|Expanding Force|p1b: Annihilape|[spread] p1a,p1b\n|-damage|p1a: Maushold|34\/100\n|-damage|p1b: Annihilape|57\/100\n|move|p1b: Annihilape|Drain Punch|p2b: MDD\n|-damage|p2b: MDD|34\/100\n|-heal|p1b: Annihilape|77\/100|[from] drain|[of] p2b: MDD\n|\n|upkeep\n|turn|2\n|\n|t:|1728862614\n|switch|p2a: Longclaw|Sneasler, L50, F, shiny|100\/100\n|-enditem|p2a: Longclaw|Psychic Seed\n|-boost|p2a: Longclaw|spd|1|[from] item: Psychic Seed\n|move|p1a: Maushold|Protect|p1a: Maushold\n|-singleturn|p1a: Maushold|Protect\n|move|p2b: MDD|Expanding Force|p1a: Maushold|[spread] p1b\n|-activate|p1a: Maushold|move: Protect\n|-damage|p1b: Annihilape|47\/100\n|-enditem|p1b: Annihilape|Sitrus Berry|[eat]\n|-heal|p1b: Annihilape|72\/100|[from] item: Sitrus Berry\n|move|p1b: Annihilape|Drain Punch|p2b: MDD\n|-damage|p2b: MDD|0 fnt\n|-heal|p1b: Annihilape|83\/100|[from] drain|[of] p2b: MDD\n|faint|p2b: MDD\n|\n|upkeep\n|\n|t:|1728862623\n|switch|p2b: Houndfish|Basculegion, L50, M|100\/100\n|turn|3\n|inactive|chiitancrazymascot has 30 seconds left.\n|\n|t:|1728862650\n|move|p1b: Annihilape|Protect|p1b: Annihilape\n|-singleturn|p1b: Annihilape|Protect\n|move|p1a: Maushold|Follow Me|p1a: Maushold\n|-singleturn|p1a: Maushold|move: Follow Me\n|move|p2a: Longclaw|Close Combat|p1a: Maushold\n|-supereffective|p1a: Maushold\n|-damage|p1a: Maushold|0 fnt\n|-unboost|p2a: Longclaw|def|1\n|-unboost|p2a: Longclaw|spd|1\n|faint|p1a: Maushold\n|move|p2b: Houndfish|Wave Crash|p1b: Annihilape\n|-activate|p1b: Annihilape|move: Protect\n|\n|upkeep\n|\n|t:|1728862657\n|switch|p1a: Whimsicott|Whimsicott, L50, F, shiny|100\/100\n|turn|4\n|\n|t:|1728862673\n|switch|p2b: Brynden Rivers|Murkrow, L50, F|100\/100\n|move|p1a: Whimsicott|Tailwind|p1a: Whimsicott\n|-sidestart|p1: chiitancrazymascot|move: Tailwind\n|move|p2a: Longclaw|Dire Claw|p1a: Whimsicott\n|-supereffective|p1a: Whimsicott\n|-damage|p1a: Whimsicott|0 fnt\n|faint|p1a: Whimsicott\n|move|p1b: Annihilape|Rage Fist|p2b: Brynden Rivers\n|-resisted|p2b: Brynden Rivers\n|-damage|p2b: Brynden Rivers|28\/100\n|\n|upkeep\n|\n|t:|1728862680\n|switch|p1a: Dragonite|Dragonite, L50, M, shiny|100\/100\n|turn|5\n|\n|t:|1728862692\n|-terastallize|p2b: Brynden Rivers|Ghost\n|move|p1a: Dragonite|Extreme Speed|p2b: Brynden Rivers\n|-activate|p2b: Brynden Rivers|move: Psychic Terrain\n|move|p2b: Brynden Rivers|Tailwind|p2b: Brynden Rivers\n|-sidestart|p2: CanIBeatAle?|move: Tailwind\n|move|p2a: Longclaw|Dire Claw|p1a: Dragonite\n|-damage|p1a: Dragonite|79\/100\n|-status|p1a: Dragonite|psn\n|move|p1b: Annihilape|Rage Fist|p2a: Longclaw\n|-damage|p2a: Longclaw|0 fnt\n|faint|p2a: Longclaw\n|\n|-damage|p1a: Dragonite|66\/100 psn|[from] psn\n|-fieldend|move: Psychic Terrain\n|upkeep\n|\n|t:|1728862699\n|switch|p2a: Houndfish|Basculegion, L50, M|100\/100\n|turn|6\n|\n|t:|1728862719\n|move|p2a: Houndfish|Last Respects|p1b: Annihilape\n|-damage|p1b: Annihilape|0 fnt\n|faint|p1b: Annihilape\n|move|p2b: Brynden Rivers|Foul Play|p1a: Dragonite\n|-damage|p1a: Dragonite|11\/100 psn\n|move|p1a: Dragonite|Stomping Tantrum|p2b: Brynden Rivers\n|-damage|p2b: Brynden Rivers|0 fnt\n|faint|p2b: Brynden Rivers\n|\n|-damage|p1a: Dragonite|0 fnt|[from] psn\n|faint|p1a: Dragonite\n|\n|win|CanIBeatAle?\n|upkeep\n|raw|chiitancrazymascot's rating: 1777 &rarr; <strong>1755<\/strong><br \/>(-22 for losing)\n|raw|CanIBeatAle?'s rating: 1740 &rarr; <strong>1762<\/strong><br \/>(+22 for winning)\n|l|\u2606chiitancrazymascot\n|player|p1|\n","uploadtime":1728862723,"views":35,"formatid":"gen9vgc2024regh","rating":1755,"private":0,"password":null}