{"id":"gen9vgc2024regh-2222420384","format":"[Gen 9] VGC 2024 Reg H","players":["actuary97","meanrook"],"log":"|j|\u2606actuary97\n|j|\u2606meanrook\n|t:|1728874489\n|gametype|doubles\n|player|p1|actuary97|sabrina-frlg|1805\n|player|p2|meanrook|ethan|1746\n|teamsize|p1|6\n|teamsize|p2|6\n|gen|9\n|tier|[Gen 9] VGC 2024 Reg H\n|rated|\n|rule|Species Clause: Limit one of each Pok\u00e9mon\n|rule|Item Clause: Limit 1 of each item\n|clearpoke\n|poke|p1|Archaludon, L50, F|\n|poke|p1|Whimsicott, L50, F|\n|poke|p1|Gallade, L50, M|\n|poke|p1|Malamar, L50, F|\n|poke|p1|Indeedee, L50, M|\n|poke|p1|Drifblim, L50, M|\n|poke|p2|Rillaboom, L50, M|\n|poke|p2|Kingambit, L50, M|\n|poke|p2|Dragapult, L50, M|\n|poke|p2|Sneasler, L50, F|\n|poke|p2|Primarina, L50, F|\n|poke|p2|Volcarona, L50, F|\n|teampreview|4\nactuary97 has agreed to open team sheets.\n|inactive|Battle timer is ON: inactive players will automatically lose when time's up. (requested by meanrook)\n|\n|t:|1728874519\n|start\n|switch|p1a: Tapu Deedee|Indeedee, L50, M, shiny|100\/100\n|switch|p1b: \ud83c\udf88\ud83d\udc7b\ud83c\udf83\ud83d\udc7b\ud83c\udf83\ud83c\udf88|Drifblim, L50, M|100\/100\n|switch|p2a: Dragapult|Dragapult, L50, M|100\/100\n|switch|p2b: Kingambit|Kingambit, L50, M, shiny|100\/100\n|-fieldstart|move: Psychic Terrain|[from] ability: Psychic Surge|[of] p1a: Tapu Deedee\n|-enditem|p1b: \ud83c\udf88\ud83d\udc7b\ud83c\udf83\ud83d\udc7b\ud83c\udf83\ud83c\udf88|Psychic Seed\n|-boost|p1b: \ud83c\udf88\ud83d\udc7b\ud83c\udf83\ud83d\udc7b\ud83c\udf83\ud83c\udf88|spd|1|[from] item: Psychic Seed\n|turn|1\n|inactive|actuary97 has 30 seconds left.\n|\n|t:|1728874553\n|switch|p1a: Bridget|Archaludon, L50, F, shiny|100\/100\n|-terastallize|p1b: \ud83c\udf88\ud83d\udc7b\ud83c\udf83\ud83d\udc7b\ud83c\udf83\ud83c\udf88|Fire\n|-terastallize|p2b: Kingambit|Fire\n|move|p1b: \ud83c\udf88\ud83d\udc7b\ud83c\udf83\ud83d\udc7b\ud83c\udf83\ud83c\udf88|Calm Mind|p1b: \ud83c\udf88\ud83d\udc7b\ud83c\udf83\ud83d\udc7b\ud83c\udf83\ud83c\udf88\n|-boost|p1b: \ud83c\udf88\ud83d\udc7b\ud83c\udf83\ud83d\udc7b\ud83c\udf83\ud83c\udf88|spa|1\n|-boost|p1b: \ud83c\udf88\ud83d\udc7b\ud83c\udf83\ud83d\udc7b\ud83c\udf83\ud83c\udf88|spd|1\n|move|p2a: Dragapult|U-turn|p1a: Bridget\n|-resisted|p1a: Bridget\n|-damage|p1a: Bridget|88\/100\n|-ability|p1a: Bridget|Stamina|boost\n|-boost|p1a: Bridget|def|1\n|\n|t:|1728874559\n|switch|p2a: Rillaboom|Rillaboom, L50, M|100\/100|[from] U-turn\n|-fieldstart|move: Grassy Terrain|[from] ability: Grassy Surge|[of] p2a: Rillaboom\n|move|p2b: Kingambit|Swords Dance|p2b: Kingambit\n|-boost|p2b: Kingambit|atk|2\n|\n|-heal|p1a: Bridget|94\/100|[from] Grassy Terrain\n|upkeep\n|turn|2\n|\n|t:|1728874576\n|move|p2a: Rillaboom|Fake Out|p1b: \ud83c\udf88\ud83d\udc7b\ud83c\udf83\ud83d\udc7b\ud83c\udf83\ud83c\udf88\n|-damage|p1b: \ud83c\udf88\ud83d\udc7b\ud83c\udf83\ud83d\udc7b\ud83c\udf83\ud83c\udf88|83\/100\n|cant|p1b: \ud83c\udf88\ud83d\udc7b\ud83c\udf83\ud83d\udc7b\ud83c\udf83\ud83c\udf88|flinch\n|move|p1a: Bridget|Body Press|p2b: Kingambit\n|-damage|p2b: Kingambit|74\/100\n|move|p2b: Kingambit|Kowtow Cleave|p1b: \ud83c\udf88\ud83d\udc7b\ud83c\udf83\ud83d\udc7b\ud83c\udf83\ud83c\udf88\n|-damage|p1b: \ud83c\udf88\ud83d\udc7b\ud83c\udf83\ud83d\udc7b\ud83c\udf83\ud83c\udf88|0 fnt\n|faint|p1b: \ud83c\udf88\ud83d\udc7b\ud83c\udf83\ud83d\udc7b\ud83c\udf83\ud83c\udf88\n|\n|-heal|p1a: Bridget|100\/100|[from] Grassy Terrain\n|-heal|p2b: Kingambit|79\/100|[from] Grassy Terrain\n|upkeep\n|\n|t:|1728874582\n|switch|p1b: Tapu Deedee|Indeedee, L50, M, shiny|100\/100\n|-fieldstart|move: Psychic Terrain|[from] ability: Psychic Surge|[of] p1b: Tapu Deedee\n|turn|3\n|\n|t:|1728874591\n|move|p2b: Kingambit|Protect|p2b: Kingambit\n|-singleturn|p2b: Kingambit|Protect\n|move|p1b: Tapu Deedee|Expanding Force|p2a: Rillaboom|[spread] p2a\n|-activate|p2b: Kingambit|move: Protect\n|-damage|p2a: Rillaboom|33\/100\n|move|p1a: Bridget|Body Press|p2a: Rillaboom\n|-damage|p2a: Rillaboom|3\/100\n|move|p2a: Rillaboom|U-turn|p1b: Tapu Deedee\n|-supereffective|p1b: Tapu Deedee\n|-damage|p1b: Tapu Deedee|0 fnt\n|faint|p1b: Tapu Deedee\n|\n|t:|1728874596\n|switch|p2a: Dragapult|Dragapult, L50, M|100\/100|[from] U-turn\n|\n|upkeep\n|\n|t:|1728874600\n|switch|p1b: \u2694\ufe0fKing\u2694\ufe0f|Gallade, L50, M, shiny|100\/100\n|turn|4\n|\n|t:|1728874609\n|switch|p2a: Rillaboom|Rillaboom, L50, M|3\/100\n|-fieldstart|move: Grassy Terrain|[from] ability: Grassy Surge|[of] p2a: Rillaboom\n|move|p2b: Kingambit|Sucker Punch|p1b: \u2694\ufe0fKing\u2694\ufe0f\n|-damage|p1b: \u2694\ufe0fKing\u2694\ufe0f|0 fnt\n|faint|p1b: \u2694\ufe0fKing\u2694\ufe0f\n|move|p1a: Bridget|Body Press|p2b: Kingambit\n|-damage|p2b: Kingambit|55\/100\n|\n|-heal|p2a: Rillaboom|9\/100|[from] Grassy Terrain\n|-heal|p2b: Kingambit|61\/100|[from] Grassy Terrain\n|upkeep\n|turn|5\n|\n|t:|1728874621\n|move|p2a: Rillaboom|Fake Out|p1a: Bridget\n|-resisted|p1a: Bridget\n|-damage|p1a: Bridget|97\/100\n|-ability|p1a: Bridget|Stamina|boost\n|-boost|p1a: Bridget|def|1\n|cant|p1a: Bridget|flinch\n|move|p2b: Kingambit|Swords Dance|p2b: Kingambit\n|-boost|p2b: Kingambit|atk|2\n|\n|-heal|p1a: Bridget|100\/100|[from] Grassy Terrain\n|-heal|p2a: Rillaboom|15\/100|[from] Grassy Terrain\n|-heal|p2b: Kingambit|67\/100|[from] Grassy Terrain\n|upkeep\n|turn|6\n|\n|t:|1728874627\n|switch|p2a: Dragapult|Dragapult, L50, M|100\/100\n|move|p1a: Bridget|Body Press|p2b: Kingambit\n|-damage|p2b: Kingambit|32\/100\n|move|p2b: Kingambit|Kowtow Cleave|p1a: Bridget\n|-damage|p1a: Bridget|45\/100\n|-ability|p1a: Bridget|Stamina|boost\n|-boost|p1a: Bridget|def|1\n|\n|-heal|p1a: Bridget|51\/100|[from] Grassy Terrain\n|-heal|p2b: Kingambit|38\/100|[from] Grassy Terrain\n|upkeep\n|turn|7\n|\n|t:|1728874632\n|move|p2a: Dragapult|Outrage|p1a: Bridget\n|-damage|p1a: Bridget|23\/100\n|-ability|p1a: Bridget|Stamina|boost\n|-boost|p1a: Bridget|def|1\n|move|p1a: Bridget|Body Press|p2b: Kingambit\n|-damage|p2b: Kingambit|0 fnt\n|faint|p2b: Kingambit\n|\n|-heal|p1a: Bridget|30\/100|[from] Grassy Terrain\n|upkeep\n|\n|t:|1728874635\n|switch|p2b: Sneasler|Sneasler, L50, F|100\/100\n|turn|8\n|\n|t:|1728874640\n|move|p2a: Dragapult|Outrage|p1a: Bridget|[from]lockedmove\n|-damage|p1a: Bridget|8\/100\n|-ability|p1a: Bridget|Stamina|boost\n|-boost|p1a: Bridget|def|1\n|move|p2b: Sneasler|Close Combat|p1a: Bridget\n|-supereffective|p1a: Bridget\n|-damage|p1a: Bridget|0 fnt\n|-unboost|p2b: Sneasler|def|1\n|-unboost|p2b: Sneasler|spd|1\n|faint|p1a: Bridget\n|\n|win|meanrook\n|raw|actuary97's rating: 1805 &rarr; <strong>1782<\/strong><br \/>(-23 for losing)\n|raw|meanrook's rating: 1746 &rarr; <strong>1769<\/strong><br \/>(+23 for winning)\n|c|\u2606actuary97|gg\n|c|\u2606meanrook|U2\n|l|\u2606actuary97\n|player|p1|\n|l|\u2606meanrook\n|player|p2|\n","uploadtime":1728874803,"views":60,"formatid":"gen9vgc2024regh","rating":1769,"private":0,"password":null}