{"id":"gen9vgc2024regh-2222521937","format":"[Gen 9] VGC 2024 Reg H","players":["for amber","Snorlax Double"],"log":"|j|\u2606for amber\n|j|\u2606Snorlax Double\n|t:|1728891009\n|gametype|doubles\n|player|p1|for amber|skyla|1763\n|player|p2|Snorlax Double|plasmagrunt|1683\n|teamsize|p1|6\n|teamsize|p2|6\n|gen|9\n|tier|[Gen 9] VGC 2024 Reg H\n|rated|\n|rule|Species Clause: Limit one of each Pok\u00e9mon\n|rule|Item Clause: Limit 1 of each item\n|clearpoke\n|poke|p1|Arcanine-Hisui, L50, F|\n|poke|p1|Pelipper, L50, F|\n|poke|p1|Umbreon, L50, M|\n|poke|p1|Ursaluna-Bloodmoon, L50, M|\n|poke|p1|Dragonite, L50, M|\n|poke|p1|Archaludon, L50, M|\n|poke|p2|Porygon2, L50|\n|poke|p2|Incineroar, L50, F|\n|poke|p2|Amoonguss, L50, M|\n|poke|p2|Ursaluna, L50, F|\n|poke|p2|Gholdengo, L50|\n|poke|p2|Tauros-Paldea-Aqua, L50, M|\n|teampreview|4\n|inactive|Battle timer is ON: inactive players will automatically lose when time's up. (requested by for amber)\n|inactive|Snorlax Double has 60 seconds left.\n|j| ezye\n|\n|t:|1728891064\n|start\n|switch|p1a: Umbreon|Umbreon, L50, M, shiny|100\/100\n|switch|p1b: Archaludon|Archaludon, L50, M|100\/100\n|switch|p2a: Porygon2|Porygon2, L50|100\/100\n|switch|p2b: Tauros|Tauros-Paldea-Aqua, L50, M|100\/100\n|-ability|p2b: Tauros|Intimidate|boost\n|-fail|p1a: Umbreon|unboost|Attack|[from] ability: Inner Focus|[of] p1a: Umbreon\n|-unboost|p1b: Archaludon|atk|1\n|-ability|p2a: Porygon2|Download|boost\n|-boost|p2a: Porygon2|spa|1\n|turn|1\n|j| neotank\n|\n|t:|1728891086\n|-terastallize|p1a: Umbreon|Ghost\n|move|p2b: Tauros|Protect|p2b: Tauros\n|-singleturn|p2b: Tauros|Protect\n|move|p1b: Archaludon|Electro Shot||[still]\n|-prepare|p1b: Archaludon|Electro Shot\n|-boost|p1b: Archaludon|spa|1\n|-enditem|p2b: Tauros|Mirror Herb\n|-boost|p2b: Tauros|spa|1|[from] item: Mirror Herb\n|-enditem|p1b: Archaludon|Power Herb\n|-anim|p1b: Archaludon|Electro Shot|p2b: Tauros\n|-activate|p2b: Tauros|move: Protect\n|move|p1a: Umbreon|Snarl|p2a: Porygon2|[spread] p2a\n|-activate|p2b: Tauros|move: Protect\n|-damage|p2a: Porygon2|94\/100\n|-unboost|p2a: Porygon2|spa|1\n|move|p2a: Porygon2|Ice Beam|p1a: Umbreon\n|-damage|p1a: Umbreon|84\/100\n|\n|upkeep\n|turn|2\n|inactive|Snorlax Double has 30 seconds left.\n|\n|t:|1728891119\n|move|p2b: Tauros|Close Combat|p1b: Archaludon\n|-supereffective|p1b: Archaludon\n|-damage|p1b: Archaludon|3\/100\n|-unboost|p2b: Tauros|def|1\n|-unboost|p2b: Tauros|spd|1\n|move|p1b: Archaludon|Draco Meteor|p2b: Tauros\n|-damage|p2b: Tauros|0 fnt\n|-unboost|p1b: Archaludon|spa|2\n|faint|p2b: Tauros\n|move|p1a: Umbreon|Taunt|p2a: Porygon2\n|-start|p2a: Porygon2|move: Taunt\n|move|p2a: Porygon2|Ice Beam|p1b: Archaludon\n|-damage|p1b: Archaludon|0 fnt\n|faint|p1b: Archaludon\n|\n|upkeep\n|\n|t:|1728891131\n|switch|p2b: Amoonguss|Amoonguss, L50, M, shiny|100\/100\n|switch|p1b: Ursaluna|Ursaluna-Bloodmoon, L50, M|100\/100\n|turn|3\n|\n|t:|1728891141\n|move|p1a: Umbreon|Taunt|p2b: Amoonguss\n|-start|p2b: Amoonguss|move: Taunt\n|-enditem|p2b: Amoonguss|Mental Herb\n|-end|p2b: Amoonguss|move: Taunt\n|move|p1b: Ursaluna|Blood Moon|p2b: Amoonguss\n|-damage|p2b: Amoonguss|38\/100\n|move|p2a: Porygon2|Ice Beam|p1b: Ursaluna\n|-supereffective|p1b: Ursaluna\n|-damage|p1b: Ursaluna|67\/100\n|move|p2b: Amoonguss|Spore|p1a: Umbreon\n|-status|p1a: Umbreon|slp|[from] move: Spore\n|\n|upkeep\n|turn|4\n|j| Rabbithorn01\n|\n|t:|1728891155\n|cant|p1a: Umbreon|slp\n|move|p1b: Ursaluna|Earth Power|p2b: Amoonguss\n|-damage|p2b: Amoonguss|0 fnt\n|faint|p2b: Amoonguss\n|move|p2a: Porygon2|Ice Beam|p1b: Ursaluna\n|-supereffective|p1b: Ursaluna\n|-damage|p1b: Ursaluna|32\/100\n|\n|-end|p2a: Porygon2|move: Taunt\n|upkeep\n|\n|t:|1728891159\n|switch|p2b: Ursaluna|Ursaluna, L50, F|100\/100\n|turn|5\n|\n|t:|1728891166\n|move|p2b: Ursaluna|Protect|p2b: Ursaluna\n|-singleturn|p2b: Ursaluna|Protect\n|-curestatus|p1a: Umbreon|slp|[msg]\n|move|p1a: Umbreon|Taunt|p2a: Porygon2\n|-start|p2a: Porygon2|move: Taunt\n|move|p1b: Ursaluna|Blood Moon|p2a: Porygon2\n|-damage|p2a: Porygon2|46\/100\n|cant|p2a: Porygon2|move: Taunt|Trick Room\n|\n|-status|p2b: Ursaluna|brn|[from] item: Flame Orb\n|upkeep\n|turn|6\n|inactive|Snorlax Double has 30 seconds left.\n|\n|t:|1728891193\n|switch|p1a: Pelipper|Pelipper, L50, F|100\/100\n|-weather|RainDance|[from] ability: Drizzle|[of] p1a: Pelipper\n|move|p1b: Ursaluna|Earth Power|p2b: Ursaluna\n|-damage|p2b: Ursaluna|60\/100 brn\n|move|p2a: Porygon2|Ice Beam|p1b: Ursaluna\n|-supereffective|p1b: Ursaluna\n|-damage|p1b: Ursaluna|1\/100\n|move|p2b: Ursaluna|Headlong Rush|p1a: Pelipper\n|-immune|p1a: Pelipper\n|\n|-weather|RainDance|[upkeep]\n|-damage|p2b: Ursaluna|54\/100 brn|[from] brn\n|upkeep\n|turn|7\n|\n|t:|1728891202\n|move|p2b: Ursaluna|Protect|p2b: Ursaluna\n|-singleturn|p2b: Ursaluna|Protect\n|move|p1a: Pelipper|Weather Ball|p2b: Ursaluna\n|-activate|p2b: Ursaluna|move: Protect\n|move|p1b: Ursaluna|Hyper Voice|p2b: Ursaluna|[spread] p2a\n|-activate|p2b: Ursaluna|move: Protect\n|-damage|p2a: Porygon2|22\/100\n|move|p2a: Porygon2|Thunderbolt|p1a: Pelipper\n|-supereffective|p1a: Pelipper\n|-damage|p1a: Pelipper|0 fnt\n|faint|p1a: Pelipper\n|\n|-weather|RainDance|[upkeep]\n|-damage|p2b: Ursaluna|48\/100 brn|[from] brn\n|-end|p2a: Porygon2|move: Taunt\n|upkeep\n|\n|t:|1728891204\n|switch|p1a: Umbreon|Umbreon, L50, M, shiny, tera:Ghost|84\/100\n|turn|8\n|inactive|Snorlax Double has 30 seconds left.\n|\n|t:|1728891234\n|-terastallize|p2a: Porygon2|Grass\n|move|p1a: Umbreon|Foul Play|p2b: Ursaluna\n|-damage|p2b: Ursaluna|2\/100 brn\n|move|p1b: Ursaluna|Blood Moon|p2a: Porygon2\n|-damage|p2a: Porygon2|0 fnt\n|faint|p2a: Porygon2\n|move|p2b: Ursaluna|Earthquake|p1b: Ursaluna|[spread] p1a,p1b\n|-damage|p1a: Umbreon|32\/100\n|-damage|p1b: Ursaluna|0 fnt\n|-enditem|p1a: Umbreon|Sitrus Berry|[eat]\n|-heal|p1a: Umbreon|57\/100|[from] item: Sitrus Berry\n|faint|p1b: Ursaluna\n|\n|-weather|RainDance|[upkeep]\n|-damage|p2b: Ursaluna|0 fnt|[from] brn\n|faint|p2b: Ursaluna\n|\n|win|for amber\n|upkeep\n|raw|for amber's rating: 1763 &rarr; <strong>1778<\/strong><br \/>(+15 for winning)\n|raw|Snorlax Double's rating: 1683 &rarr; <strong>1668<\/strong><br \/>(-15 for losing)\n|l|\u2606for amber\n|player|p1|\n|l| Rabbithorn01\n|l|\u2606Snorlax Double\n|player|p2|\n|l| ezye\n","uploadtime":1728891451,"views":20,"formatid":"gen9vgc2024regh","rating":1668,"private":0,"password":null}