{"id":"gen9vgc2024regh-2222498615","format":"[Gen 9] VGC 2024 Reg H","players":["lhr801114","chin8"],"log":"|j|\u2606lhr801114\n|j|\u2606chin8\n|t:|1728886828\n|gametype|doubles\n|player|p1|lhr801114|wattson|1685\n|player|p2|chin8|gentleman-gen4dp|1710\n|teamsize|p1|6\n|teamsize|p2|6\n|gen|9\n|tier|[Gen 9] VGC 2024 Reg H\n|rated|\n|rule|Species Clause: Limit one of each Pok\u00e9mon\n|rule|Item Clause: Limit 1 of each item\n|clearpoke\n|poke|p1|Gholdengo, L50|\n|poke|p1|Glimmora, L50, F|\n|poke|p1|Talonflame, L50, M|\n|poke|p1|Dragonite, L50, M|\n|poke|p1|Dondozo, L50, M|\n|poke|p1|Tatsugiri, L50, F|\n|poke|p2|Baxcalibur, L50, F|\n|poke|p2|Kilowattrel, L50, M|\n|poke|p2|Heracross, L50, M|\n|poke|p2|Gardevoir, L50, F|\n|poke|p2|Magmortar, L50, M|\n|poke|p2|Gholdengo, L50|\n|teampreview|4\n|inactive|Battle timer is ON: inactive players will automatically lose when time's up. (requested by chin8)\n|inactive|lhr801114 has 60 seconds left.\n|\n|t:|1728886876\n|start\n|switch|p1a: Talonflame|Talonflame, L50, M, shiny|100\/100\n|switch|p1b: Gholdengo|Gholdengo, L50|100\/100\n|switch|p2a: Kilowattrel|Kilowattrel, L50, M|100\/100\n|switch|p2b: Gholdengo|Gholdengo, L50|100\/100\n|turn|1\n|\n|t:|1728886895\n|move|p2b: Gholdengo|Protect|p2b: Gholdengo\n|-singleturn|p2b: Gholdengo|Protect\n|move|p1a: Talonflame|Tailwind|p1a: Talonflame\n|-sidestart|p1: lhr801114|move: Tailwind\n|move|p1b: Gholdengo|Make It Rain|p2a: Kilowattrel|[spread] p2a\n|-activate|p2b: Gholdengo|move: Protect\n|-resisted|p2a: Kilowattrel\n|-damage|p2a: Kilowattrel|34\/100\n|-unboost|p1b: Gholdengo|spa|1\n|move|p2a: Kilowattrel|Thunderbolt|p1a: Talonflame\n|-supereffective|p1a: Talonflame\n|-damage|p1a: Talonflame|0 fnt\n|faint|p1a: Talonflame\n|\n|upkeep\n|\n|t:|1728886912\n|switch|p1a: Dondozo|Dondozo, L50, M|100\/100\n|turn|2\n|inactive|lhr801114 has 30 seconds left.\n|inactive|lhr801114 has 20 seconds left.\n|\n|t:|1728886949\n|switch|p1b: Tatsugiri|Tatsugiri, L50, F|100\/100\n|-activate|p1b: Tatsugiri|ability: Commander|[of] p1a: Dondozo\n|-boost|p1a: Dondozo|atk|2\n|-boost|p1a: Dondozo|spa|2\n|-boost|p1a: Dondozo|spe|2\n|-boost|p1a: Dondozo|def|2\n|-boost|p1a: Dondozo|spd|2\n|-terastallize|p1a: Dondozo|Grass\n|move|p2a: Kilowattrel|Protect|p2a: Kilowattrel\n|-singleturn|p2a: Kilowattrel|Protect\n|move|p1a: Dondozo|Wave Crash|p2b: Gholdengo\n|-damage|p2b: Gholdengo|0 fnt\n|faint|p2b: Gholdengo\n|-damage|p1a: Dondozo|72\/100|[from] Recoil\n|\n|-heal|p1a: Dondozo|78\/100|[from] item: Leftovers\n|upkeep\n|\n|t:|1728886956\n|switch|p2b: Gardevoir|Gardevoir, L50, F|100\/100\n|turn|3\n|\n|t:|1728886977\n|move|p1a: Dondozo|Order Up|p2a: Kilowattrel\n|-damage|p2a: Kilowattrel|0 fnt\n|faint|p2a: Kilowattrel\n|-boost|p1a: Dondozo|atk|1\n|-enditem|p2b: Gardevoir|Mirror Herb\n|-boost|p2b: Gardevoir|atk|1|[from] item: Mirror Herb\n|move|p2b: Gardevoir|Trick Room|p2b: Gardevoir\n|-fieldstart|move: Trick Room|[of] p2b: Gardevoir\n|\n|-heal|p1a: Dondozo|85\/100|[from] item: Leftovers\n|upkeep\n|\n|t:|1728886979\n|switch|p2a: Baxcalibur|Baxcalibur, L50, F|100\/100\n|turn|4\n|\n|t:|1728886995\n|-terastallize|p2a: Baxcalibur|Ground\n|move|p1a: Dondozo|Protect|p1a: Dondozo\n|-singleturn|p1a: Dondozo|Protect\n|move|p2b: Gardevoir|Dazzling Gleam|p1a: Dondozo|[spread] \n|-miss|p2b: Gardevoir|p1b: Tatsugiri\n|-activate|p1a: Dondozo|move: Protect\n|move|p2a: Baxcalibur|Icicle Crash|p1a: Dondozo\n|-activate|p1a: Dondozo|move: Protect\n|\n|-heal|p1a: Dondozo|91\/100|[from] item: Leftovers\n|-sideend|p1: lhr801114|move: Tailwind\n|upkeep\n|turn|5\n|-message|chin8 forfeited.\n|\n|win|lhr801114\n|raw|lhr801114's rating: 1685 &rarr; <strong>1706<\/strong><br \/>(+21 for winning)\n|raw|chin8's rating: 1710 &rarr; <strong>1689<\/strong><br \/>(-21 for losing)\n|l|\u2606chin8\n|player|p2|\n","uploadtime":1728887005,"views":14,"formatid":"gen9vgc2024regh","rating":1689,"private":0,"password":null}