{"id":"gen9vgc2024regh-2222871207","format":"[Gen 9] VGC 2024 Reg H","players":["Waffles4breakfast","rgktest"],"log":"|j|\u2606Waffles4breakfast\n|j|\u2606rgktest\n|t:|1728931493\n|gametype|doubles\n|player|p1|Waffles4breakfast|juggler|1670\n|player|p2|rgktest|1|1766\n|teamsize|p1|6\n|teamsize|p2|6\n|gen|9\n|tier|[Gen 9] VGC 2024 Reg H\n|rated|\n|rule|Species Clause: Limit one of each Pok\u00e9mon\n|rule|Item Clause: Limit 1 of each item\n|clearpoke\n|poke|p1|Archaludon, L50, F|\n|poke|p1|Pelipper, L50, M|\n|poke|p1|Basculegion, L50, M|\n|poke|p1|Amoonguss, L50, F|\n|poke|p1|Gholdengo, L50|\n|poke|p1|Murkrow, L50, F|\n|poke|p2|Ninetales-Alola, L50, F|\n|poke|p2|Garchomp, L50, M|\n|poke|p2|Kingambit, L50, F|\n|poke|p2|Sneasler, L50, F|\n|poke|p2|Magmar, L50, F|\n|poke|p2|Metagross, L50|\n|teampreview|4\n|j| RNG Mad\n|\n|t:|1728931543\n|start\n|switch|p1a: Murkrow|Murkrow, L50, F|100\/100\n|switch|p1b: Basculegion|Basculegion, L50, M|100\/100\n|switch|p2a: Garchomp|Garchomp, L50, M|100\/100\n|switch|p2b: Sneasler|Sneasler, L50, F|100\/100\n|turn|1\n|\n|t:|1728931575\n|move|p1a: Murkrow|Tailwind|p1a: Murkrow\n|-sidestart|p1: Waffles4breakfast|move: Tailwind\n|move|p1b: Basculegion|Flip Turn|p2b: Sneasler\n|-damage|p2b: Sneasler|30\/100\n|\n|t:|1728931588\n|switch|p1b: Pelipper|Pelipper, L50, M|100\/100|[from] Flip Turn\n|-weather|RainDance|[from] ability: Drizzle|[of] p1b: Pelipper\n|move|p2b: Sneasler|Dire Claw|p1b: Pelipper\n|-damage|p1b: Pelipper|45\/100\n|-status|p1b: Pelipper|psn\n|move|p2a: Garchomp|Dragon Claw|p1b: Pelipper\n|-damage|p1b: Pelipper|0 fnt\n|faint|p1b: Pelipper\n|-damage|p2a: Garchomp|90\/100|[from] item: Life Orb\n|\n|-weather|RainDance|[upkeep]\n|upkeep\n|\n|t:|1728931593\n|switch|p1b: Archaludon|Archaludon, L50, F|100\/100\n|turn|2\n|\n|t:|1728931630\n|switch|p2a: Ninetales|Ninetales-Alola, L50, F|100\/100\n|-weather|Snow|[from] ability: Snow Warning|[of] p2a: Ninetales\n|-terastallize|p1b: Archaludon|Fairy\n|move|p2b: Sneasler|Protect|p2b: Sneasler\n|-singleturn|p2b: Sneasler|Protect\n|move|p1b: Archaludon|Draco Meteor|p2a: Ninetales\n|-immune|p2a: Ninetales\n|move|p1a: Murkrow|Foul Play|p2b: Sneasler\n|-activate|p2b: Sneasler|move: Protect\n|\n|-weather|Snow|[upkeep]\n|upkeep\n|turn|3\n|\n|t:|1728931657\n|switch|p2b: Magmar|Magmar, L50, F|100\/100\n|move|p2a: Ninetales|Protect|p2a: Ninetales\n|-singleturn|p2a: Ninetales|Protect\n|move|p1b: Archaludon|Flash Cannon|p2a: Ninetales\n|-activate|p2a: Ninetales|move: Protect\n|move|p1a: Murkrow|Foul Play|p2b: Magmar\n|-damage|p2b: Magmar|80\/100\n|\n|-weather|Snow|[upkeep]\n|upkeep\n|turn|4\n|j| bjvgc1\n|\n|t:|1728931670\n|move|p2b: Magmar|Follow Me|p2b: Magmar\n|-singleturn|p2b: Magmar|move: Follow Me\n|move|p1b: Archaludon|Draco Meteor|p2b: Magmar\n|-damage|p2b: Magmar|30\/100\n|-unboost|p1b: Archaludon|spa|2\n|move|p1a: Murkrow|Foul Play|p2b: Magmar\n|-damage|p2b: Magmar|9\/100\n|move|p2a: Ninetales|Freeze-Dry|p1a: Murkrow\n|-supereffective|p1a: Murkrow\n|-damage|p1a: Murkrow|49\/100\n|\n|-weather|Snow|[upkeep]\n|-sideend|p1: Waffles4breakfast|move: Tailwind\n|upkeep\n|turn|5\n|l| RNG Mad\n|\n|t:|1728931699\n|switch|p1b: Basculegion|Basculegion, L50, M|100\/100\n|-terastallize|p2a: Ninetales|Ice\n|move|p1a: Murkrow|Tailwind|p1a: Murkrow\n|-sidestart|p1: Waffles4breakfast|move: Tailwind\n|move|p2a: Ninetales|Blizzard|p1a: Murkrow|[spread] p1a,p1b\n|-supereffective|p1a: Murkrow\n|-resisted|p1b: Basculegion\n|-damage|p1a: Murkrow|0 fnt\n|-damage|p1b: Basculegion|71\/100\n|-status|p1b: Basculegion|frz\n|faint|p1a: Murkrow\n|move|p2b: Magmar|Fire Spin|p1b: Basculegion\n|-resisted|p1b: Basculegion\n|-damage|p1b: Basculegion|64\/100 frz\n|-activate|p1b: Basculegion|move: Fire Spin|[of] p2b: Magmar\n|-curestatus|p1b: Basculegion|frz|[msg]\n|\n|-weather|Snow|[upkeep]\n|-damage|p1b: Basculegion|52\/100|[from] move: Fire Spin|[partiallytrapped]\n|upkeep\n|\n|t:|1728931701\n|switch|p1a: Archaludon|Archaludon, L50, F, tera:Fairy|100\/100\n|turn|6\n|\n|t:|1728931739\n|move|p2a: Ninetales|Protect|p2a: Ninetales\n|-singleturn|p2a: Ninetales|Protect\n|move|p2b: Magmar|Protect|p2b: Magmar\n|-singleturn|p2b: Magmar|Protect\n|move|p1b: Basculegion|Last Respects|p2a: Ninetales\n|-activate|p2a: Ninetales|move: Protect\n|move|p1a: Archaludon|Flash Cannon|p2a: Ninetales\n|-activate|p2a: Ninetales|move: Protect\n|\n|-weather|none\n|-damage|p1b: Basculegion|39\/100|[from] move: Fire Spin|[partiallytrapped]\n|upkeep\n|turn|7\n|\n|t:|1728931777\n|move|p2b: Magmar|Follow Me|p2b: Magmar\n|-singleturn|p2b: Magmar|move: Follow Me\n|move|p1b: Basculegion|Last Respects|p2b: Magmar\n|-damage|p2b: Magmar|0 fnt\n|faint|p2b: Magmar\n|move|p1a: Archaludon|Flash Cannon|p2a: Ninetales\n|-supereffective|p2a: Ninetales\n|-damage|p2a: Ninetales|0 fnt\n|faint|p2a: Ninetales\n|\n|-end|p1b: Basculegion|Fire Spin|[partiallytrapped]|[silent]\n|upkeep\n|\n|t:|1728931787\n|switch|p2a: Garchomp|Garchomp, L50, M|90\/100\n|switch|p2b: Sneasler|Sneasler, L50, F|30\/100\n|turn|8\n|\n|t:|1728931800\n|move|p2b: Sneasler|Protect|p2b: Sneasler\n|-singleturn|p2b: Sneasler|Protect\n|move|p2a: Garchomp|Protect|p2a: Garchomp\n|-singleturn|p2a: Garchomp|Protect\n|move|p1b: Basculegion|Last Respects|p2b: Sneasler\n|-activate|p2b: Sneasler|move: Protect\n|move|p1a: Archaludon|Draco Meteor|p2a: Garchomp\n|-activate|p2a: Garchomp|move: Protect\n|\n|-sideend|p1: Waffles4breakfast|move: Tailwind\n|upkeep\n|turn|9\n|l| bjvgc1\n|\n|t:|1728931828\n|move|p2b: Sneasler|Dire Claw|p1a: Archaludon\n|-supereffective|p1a: Archaludon\n|-damage|p1a: Archaludon|33\/100\n|-ability|p1a: Archaludon|Stamina|boost\n|-boost|p1a: Archaludon|def|1\n|move|p2a: Garchomp|Dragon Claw|p1b: Basculegion\n|-damage|p1b: Basculegion|0 fnt\n|faint|p1b: Basculegion\n|-damage|p2a: Garchomp|80\/100|[from] item: Life Orb\n|move|p1a: Archaludon|Body Press|p2b: Sneasler\n|-resisted|p2b: Sneasler\n|-damage|p2b: Sneasler|0 fnt\n|faint|p2b: Sneasler\n|\n|upkeep\n|turn|10\n|\n|t:|1728931843\n|move|p2a: Garchomp|Earthquake|p1a: Archaludon\n|-damage|p1a: Archaludon|3\/100\n|-ability|p1a: Archaludon|Stamina|boost\n|-boost|p1a: Archaludon|def|1\n|-damage|p2a: Garchomp|70\/100|[from] item: Life Orb\n|move|p1a: Archaludon|Draco Meteor|p2a: Garchomp\n|-supereffective|p2a: Garchomp\n|-damage|p2a: Garchomp|0 fnt\n|-unboost|p1a: Archaludon|spa|2\n|faint|p2a: Garchomp\n|\n|win|Waffles4breakfast\n|raw|Waffles4breakfast's rating: 1693 &rarr; <strong>1717<\/strong><br \/>(+24 for winning)\n|raw|rgktest's rating: 1766 &rarr; <strong>1742<\/strong><br \/>(-24 for losing)\n|l|\u2606rgktest\n|player|p2|\n|l|\u2606Waffles4breakfast\n|player|p1|\n","uploadtime":1728932078,"views":17,"formatid":"gen9vgc2024regh","rating":1717,"private":0,"password":null}