{"id":"gen9vgc2024regh-2222821402","format":"[Gen 9] VGC 2024 Reg H","players":["Topperlecat","ttvrm5"],"log":"|j|\u2606Topperlecat\n|j|\u2606ttvrm5\n|t:|1728927062\n|gametype|doubles\n|player|p1|Topperlecat|aquasuit|1751\n|player|p2|ttvrm5|shadowtriad|1687\n|teamsize|p1|6\n|teamsize|p2|6\n|gen|9\n|tier|[Gen 9] VGC 2024 Reg H\n|rated|\n|rule|Species Clause: Limit one of each Pok\u00e9mon\n|rule|Item Clause: Limit 1 of each item\n|clearpoke\n|poke|p1|Dondozo, L50, M|\n|poke|p1|Tatsugiri, L50, M|\n|poke|p1|Weezing-Galar, L50, M|\n|poke|p1|Corviknight, L50, F|\n|poke|p1|Garchomp, L50, F|\n|poke|p1|Kingambit, L50, F|\n|poke|p2|Indeedee, L50, M|\n|poke|p2|Dragonite, L50, F|\n|poke|p2|Sneasler, L50, F|\n|poke|p2|Annihilape, L50, F|\n|poke|p2|Dondozo, L50, M|\n|poke|p2|Tatsugiri, L50, M|\n|teampreview|4\n|\n|t:|1728927097\n|start\n|switch|p1a: Corviknight|Corviknight, L50, F|100\/100\n|switch|p1b: Kingambit|Kingambit, L50, F|100\/100\n|switch|p2a: Dondozo|Dondozo, L50, M|100\/100\n|switch|p2b: Annihilape|Annihilape, L50, F|100\/100\n|turn|1\n|\n|t:|1728927112\n|switch|p1b: Weezing|Weezing-Galar, L50, M|100\/100\n|-ability|p1b: Weezing|Neutralizing Gas\n|move|p2a: Dondozo|Protect|p2a: Dondozo\n|-singleturn|p2a: Dondozo|Protect\n|move|p2b: Annihilape|Coaching|p2a: Dondozo\n|-boost|p2a: Dondozo|atk|1\n|-boost|p2a: Dondozo|def|1\n|move|p1a: Corviknight|Bulk Up|p1a: Corviknight\n|-boost|p1a: Corviknight|atk|1\n|-boost|p1a: Corviknight|def|1\n|\n|upkeep\n|turn|2\n|\n|t:|1728927127\n|move|p2b: Annihilape|Coaching|p2a: Dondozo\n|-boost|p2a: Dondozo|atk|1\n|-boost|p2a: Dondozo|def|1\n|move|p1b: Weezing|Sludge Bomb|p2a: Dondozo\n|-damage|p2a: Dondozo|59\/100\n|move|p2a: Dondozo|Heavy Slam|p1b: Weezing\n|-supereffective|p1b: Weezing\n|-enditem|p1b: Weezing|Focus Sash\n|-damage|p1b: Weezing|1\/100\n|move|p1a: Corviknight|Brave Bird|p2b: Annihilape\n|-supereffective|p2b: Annihilape\n|-damage|p2b: Annihilape|0 fnt\n|faint|p2b: Annihilape\n|-damage|p1a: Corviknight|65\/100|[from] Recoil\n|\n|-heal|p2a: Dondozo|65\/100|[from] item: Leftovers\n|upkeep\n|\n|t:|1728927141\n|switch|p2b: Sneasler|Sneasler, L50, F|100\/100\n|turn|3\n|\n|t:|1728927148\n|switch|p2b: Tatsugiri|Tatsugiri, L50, M|100\/100\n|move|p1b: Weezing|Protect|p1b: Weezing\n|-singleturn|p1b: Weezing|Protect\n|move|p2a: Dondozo|Wave Crash|p1a: Corviknight\n|-damage|p1a: Corviknight|12\/100\n|-enditem|p1a: Corviknight|Sitrus Berry|[eat]\n|-heal|p1a: Corviknight|37\/100|[from] item: Sitrus Berry\n|-damage|p2a: Dondozo|49\/100|[from] Recoil\n|move|p1a: Corviknight|Tailwind|p1a: Corviknight\n|-sidestart|p1: Topperlecat|move: Tailwind\n|\n|-heal|p2a: Dondozo|55\/100|[from] item: Leftovers\n|upkeep\n|turn|4\n|\n|t:|1728927193\n|-terastallize|p2a: Dondozo|Steel\n|move|p2b: Tatsugiri|Protect|p2b: Tatsugiri\n|-singleturn|p2b: Tatsugiri|Protect\n|move|p1b: Weezing|Strange Steam|p2b: Tatsugiri\n|-activate|p2b: Tatsugiri|move: Protect\n|move|p1a: Corviknight|Brave Bird|p2b: Tatsugiri\n|-activate|p2b: Tatsugiri|move: Protect\n|move|p2a: Dondozo|Heavy Slam|p1b: Weezing\n|-supereffective|p1b: Weezing\n|-damage|p1b: Weezing|0 fnt\n|faint|p1b: Weezing\n|-end|p1b: Weezing|ability: Neutralizing Gas\n|-activate|p2b: Tatsugiri|ability: Commander|[of] p2a: Dondozo\n|-boost|p2a: Dondozo|atk|2\n|-boost|p2a: Dondozo|spa|2\n|-boost|p2a: Dondozo|spe|2\n|-boost|p2a: Dondozo|def|2\n|-boost|p2a: Dondozo|spd|2\n|\n|-heal|p2a: Dondozo|62\/100|[from] item: Leftovers\n|upkeep\n|\n|t:|1728927200\n|switch|p1b: Garchomp|Garchomp, L50, F|100\/100\n|turn|5\n|\n|t:|1728927211\n|-terastallize|p1b: Garchomp|Ground\n|move|p2a: Dondozo|Protect|p2a: Dondozo\n|-singleturn|p2a: Dondozo|Protect\n|move|p1b: Garchomp|Earthquake|p2b: Tatsugiri|[spread] \n|-miss|p1b: Garchomp|p2b: Tatsugiri\n|-activate|p2a: Dondozo|move: Protect\n|-immune|p1a: Corviknight\n|move|p1a: Corviknight|Roost|p1a: Corviknight\n|-heal|p1a: Corviknight|87\/100\n|-singleturn|p1a: Corviknight|move: Roost\n|\n|-heal|p2a: Dondozo|68\/100|[from] item: Leftovers\n|upkeep\n|turn|6\n|\n|t:|1728927219\n|move|p1b: Garchomp|Earthquake|p2b: Tatsugiri|[spread] p2a\n|-miss|p1b: Garchomp|p2b: Tatsugiri\n|-immune|p1a: Corviknight\n|-supereffective|p2a: Dondozo\n|-damage|p2a: Dondozo|27\/100\n|move|p2a: Dondozo|Wave Crash|p1b: Garchomp\n|-supereffective|p1b: Garchomp\n|-damage|p1b: Garchomp|0 fnt\n|-damage|p2a: Dondozo|15\/100|[from] ability: Rough Skin|[of] p1b: Garchomp\n|faint|p1b: Garchomp\n|-damage|p2a: Dondozo|0 fnt|[from] Recoil\n|faint|p2a: Dondozo\n|move|p1a: Corviknight|Brave Bird|p2b: Tatsugiri\n|-damage|p2b: Tatsugiri|0 fnt\n|faint|p2b: Tatsugiri\n|-damage|p1a: Corviknight|64\/100|[from] Recoil\n|\n|-sideend|p1: Topperlecat|move: Tailwind\n|upkeep\n|\n|t:|1728927229\n|switch|p1b: Kingambit|Kingambit, L50, F|100\/100\n|switch|p2b: Sneasler|Sneasler, L50, F|100\/100\n|turn|7\n|-message|ttvrm5 forfeited.\n|\n|win|Topperlecat\n|raw|Topperlecat's rating: 1751 &rarr; <strong>1767<\/strong><br \/>(+16 for winning)\n|raw|ttvrm5's rating: 1687 &rarr; <strong>1671<\/strong><br \/>(-16 for losing)\n|l|\u2606ttvrm5\n|player|p2|\n|j| FBISurveillanceMan\n|j| MinamiSimp\n|l| MinamiSimp\n|j| ParroTiest\n|l| ParroTiest\n|j| LucarimonD\n|j| Akr1lico\n|j| UGCL\n|l| Akr1lico\n|l| UGCL\n|j| MILEI_2027\n|l| MILEI_2027\n|l|\u2606Topperlecat\n|player|p1|\n|j| Drogonix\n|j| magicalbarfer57\n|l| Drogonix\n","uploadtime":1728927242,"views":46,"formatid":"gen9vgc2024regh","rating":1671,"private":0,"password":null}