{"id":"gen9vgc2024regh-2222339060","format":"[Gen 9] VGC 2024 Reg H","players":["roykeenkennedy","Hikawari"],"log":"|j|\u2606roykeenkennedy\n|j|\u2606Hikawari\n|t:|1728864507\n|gametype|doubles\n|player|p1|roykeenkennedy|alder|1759\n|player|p2|Hikawari|2|1807\n|teamsize|p1|6\n|teamsize|p2|6\n|gen|9\n|tier|[Gen 9] VGC 2024 Reg H\n|rated|\n|rule|Species Clause: Limit one of each Pok\u00e9mon\n|rule|Item Clause: Limit 1 of each item\n|clearpoke\n|poke|p1|Salamence, L50, F|\n|poke|p1|Incineroar, L50, M|\n|poke|p1|Weezing, L50, M|\n|poke|p1|Dragapult, L50, M|\n|poke|p1|Ursaluna-Bloodmoon, L50, M|\n|poke|p1|Volcarona, L50, F|\n|poke|p2|Sneasler, L50, F|\n|poke|p2|Murkrow, L50, F|\n|poke|p2|Gholdengo, L50|\n|poke|p2|Indeedee, L50, M|\n|poke|p2|Annihilape, L50, F|\n|poke|p2|Sinistcha, L50|\n|teampreview|4\n|inactive|Battle timer is ON: inactive players will automatically lose when time's up. (requested by Hikawari)\nHikawari has agreed to open team sheets.\n|inactive|Hikawari has 60 seconds left.\n|\n|t:|1728864553\n|start\n|switch|p1a: Weezing|Weezing, L50, M|100\/100\n|switch|p1b: Dragapult|Dragapult, L50, M|100\/100\n|switch|p2a: Sneasler|Sneasler, L50, F, shiny|100\/100\n|switch|p2b: Murkrow|Murkrow, L50, F|100\/100\n|-ability|p1a: Weezing|Neutralizing Gas\n|turn|1\n|\n|t:|1728864574\n|move|p1b: Dragapult|U-turn|p2b: Murkrow\n|-damage|p2b: Murkrow|62\/100\n|\n|t:|1728864577\n|switch|p1b: Incineroar|Incineroar, L50, M|100\/100|[from] U-turn\n|-ability|p1b: Incineroar|Intimidate|boost\n|-unboost|p2a: Sneasler|atk|1\n|-unboost|p2b: Murkrow|atk|1\n|move|p2a: Sneasler|Dire Claw|p1a: Weezing\n|-resisted|p1a: Weezing\n|-damage|p1a: Weezing|86\/100\n|-damage|p2a: Sneasler|91\/100|[from] item: Life Orb\n|move|p2b: Murkrow|Foul Play|p1b: Incineroar\n|-resisted|p1b: Incineroar\n|-damage|p1b: Incineroar|84\/100\n|move|p1a: Weezing|Will-O-Wisp|p2a: Sneasler\n|-status|p2a: Sneasler|brn\n|\n|-heal|p1a: Weezing|92\/100|[from] item: Leftovers\n|-damage|p2a: Sneasler|85\/100 brn|[from] brn\n|upkeep\n|turn|2\n|\n|t:|1728864598\n|move|p2a: Sneasler|Close Combat|p1b: Incineroar\n|-supereffective|p1b: Incineroar\n|-damage|p1b: Incineroar|33\/100\n|-unboost|p2a: Sneasler|def|1\n|-unboost|p2a: Sneasler|spd|1\n|-damage|p2a: Sneasler|75\/100 brn|[from] item: Life Orb\n|move|p2b: Murkrow|Haze|p2b: Murkrow\n|-clearallboost\n|move|p1a: Weezing|Sludge Bomb|p2b: Murkrow\n|-damage|p2b: Murkrow|32\/100\n|move|p1b: Incineroar|Parting Shot|p2a: Sneasler\n|-unboost|p2a: Sneasler|atk|1\n|-unboost|p2a: Sneasler|spa|1\n|\n|t:|1728864615\n|switch|p1b: Salamence|Salamence, L50, F|100\/100|[from] Parting Shot\n|\n|-heal|p1a: Weezing|99\/100|[from] item: Leftovers\n|-damage|p2a: Sneasler|70\/100 brn|[from] brn\n|upkeep\n|turn|3\n|\n|t:|1728864638\n|switch|p2a: Gholdengo|Gholdengo, L50|100\/100\n|move|p1b: Salamence|Breaking Swipe|p2a: Gholdengo|[spread] p2a,p2b\n|-resisted|p2a: Gholdengo\n|-crit|p2b: Murkrow\n|-damage|p2a: Gholdengo|86\/100\n|-damage|p2b: Murkrow|0 fnt\n|-unboost|p2a: Gholdengo|atk|1\n|faint|p2b: Murkrow\n|move|p1a: Weezing|Will-O-Wisp|p2a: Gholdengo\n|-status|p2a: Gholdengo|brn\n|\n|-heal|p1a: Weezing|100\/100|[from] item: Leftovers\n|-damage|p2a: Gholdengo|80\/100 brn|[from] brn\n|upkeep\n|j| furreto testo\n|\n|t:|1728864648\n|switch|p2b: Indeedee|Indeedee, L50, M|100\/100\n|turn|4\n|\n|t:|1728864665\n|-terastallize|p1b: Salamence|Steel\n|-terastallize|p2a: Gholdengo|Steel\n|move|p2b: Indeedee|Protect|p2b: Indeedee\n|-singleturn|p2b: Indeedee|Protect\n|move|p1a: Weezing|Protect|p1a: Weezing\n|-singleturn|p1a: Weezing|Protect\n|move|p1b: Salamence|Breaking Swipe|p2a: Gholdengo|[spread] p2a\n|-activate|p2b: Indeedee|move: Protect\n|-resisted|p2a: Gholdengo\n|-damage|p2a: Gholdengo|63\/100 brn\n|-unboost|p2a: Gholdengo|atk|1\n|move|p2a: Gholdengo|Make It Rain|p1a: Weezing|[spread] p1b\n|-activate|p1a: Weezing|move: Protect\n|-resisted|p1b: Salamence\n|-damage|p1b: Salamence|31\/100\n|-unboost|p2a: Gholdengo|spa|1\n|\n|-damage|p2a: Gholdengo|57\/100 brn|[from] brn\n|upkeep\n|turn|5\n|inactive|roykeenkennedy has 30 seconds left.\n|\n|t:|1728864694\n|move|p1b: Salamence|Breaking Swipe|p2b: Indeedee|[spread] p2a,p2b\n|-resisted|p2a: Gholdengo\n|-damage|p2a: Gholdengo|43\/100 brn\n|-damage|p2b: Indeedee|47\/100\n|-unboost|p2a: Gholdengo|atk|1\n|-unboost|p2b: Indeedee|atk|1\n|move|p2b: Indeedee|Expanding Force|p1a: Weezing\n|-supereffective|p1a: Weezing\n|-damage|p1a: Weezing|6\/100\n|move|p2a: Gholdengo|Make It Rain|p1b: Salamence|[spread] p1a,p1b\n|-resisted|p1b: Salamence\n|-damage|p1a: Weezing|0 fnt\n|-damage|p1b: Salamence|0 fnt\n|-unboost|p2a: Gholdengo|spa|1\n|faint|p1a: Weezing\n|-end|p1a: Weezing|ability: Neutralizing Gas\n|-fieldstart|move: Psychic Terrain|[from] ability: Psychic Surge|[of] p2b: Indeedee\n|faint|p1b: Salamence\n|\n|-damage|p2a: Gholdengo|37\/100 brn|[from] brn\n|upkeep\n|\n|t:|1728864715\n|switch|p1b: Incineroar|Incineroar, L50, M|33\/100\n|switch|p1a: Dragapult|Dragapult, L50, M|100\/100\n|-ability|p1b: Incineroar|Intimidate|boost\n|-unboost|p2a: Gholdengo|atk|1\n|-unboost|p2b: Indeedee|atk|1\n|turn|6\n|\n|t:|1728864737\n|switch|p2a: Sneasler|Sneasler, L50, F, shiny|70\/100 brn\n|move|p2b: Indeedee|Protect|p2b: Indeedee\n|-singleturn|p2b: Indeedee|Protect\n|move|p1a: Dragapult|Dragon Darts|p2a: Sneasler\n|-damage|p2a: Sneasler|2\/100 brn\n|-anim|p1a: Dragapult|Dragon Darts|p2a: Sneasler\n|-damage|p2a: Sneasler|0 fnt\n|faint|p2a: Sneasler\n|move|p1b: Incineroar|Flare Blitz|p2b: Indeedee\n|-activate|p2b: Indeedee|move: Protect\n|\n|upkeep\n|\n|t:|1728864743\n|switch|p2a: Gholdengo|Gholdengo, L50, tera:Steel|37\/100 brn\n|turn|7\n|\n|t:|1728864755\n|move|p1a: Dragapult|Dragon Darts|p2a: Gholdengo\n|-resisted|p2a: Gholdengo\n|-crit|p2a: Gholdengo\n|-damage|p2a: Gholdengo|2\/100 brn\n|-anim|p1a: Dragapult|Dragon Darts|p2b: Indeedee\n|-damage|p2b: Indeedee|0 fnt\n|faint|p2b: Indeedee\n|move|p2a: Gholdengo|Make It Rain|p1a: Dragapult|[spread] p1a,p1b\n|-resisted|p1b: Incineroar\n|-damage|p1a: Dragapult|0 fnt\n|-damage|p1b: Incineroar|0 fnt\n|-unboost|p2a: Gholdengo|spa|1\n|faint|p1a: Dragapult\n|faint|p1b: Incineroar\n|\n|win|Hikawari\n|raw|roykeenkennedy's rating: 1759 &rarr; <strong>1742<\/strong><br \/>(-17 for losing)\n|raw|Hikawari's rating: 1807 &rarr; <strong>1824<\/strong><br \/>(+17 for winning)\n|l|\u2606Hikawari\n|player|p2|\n|l|\u2606roykeenkennedy\n|player|p1|\n","uploadtime":1728865017,"views":52,"formatid":"gen9vgc2024regh","rating":1742,"private":0,"password":null}