{"id":"gen9vgc2024regh-2222128775","format":"[Gen 9] VGC 2024 Reg H","players":["VGCNEOPHYTE","maggeprutten"],"log":"|j|\u2606VGCNEOPHYTE\n|j|\u2606maggeprutten\n|t:|1728840644\n|gametype|doubles\n|player|p1|VGCNEOPHYTE|chuck|1780\n|player|p2|maggeprutten|supernerd|1736\n|teamsize|p1|6\n|teamsize|p2|6\n|gen|9\n|tier|[Gen 9] VGC 2024 Reg H\n|rated|\n|rule|Species Clause: Limit one of each Pok\u00e9mon\n|rule|Item Clause: Limit 1 of each item\n|clearpoke\n|poke|p1|Kommo-o, L50, F|\n|poke|p1|Tyranitar, L50, M|\n|poke|p1|Excadrill, L50, F|\n|poke|p1|Samurott-Hisui, L50, M|\n|poke|p1|Corviknight, L50, M|\n|poke|p1|Indeedee, L50, M|\n|poke|p2|Dondozo, L50, F|\n|poke|p2|Tatsugiri, L50, M|\n|poke|p2|Talonflame, L50, F|\n|poke|p2|Gholdengo, L50|\n|poke|p2|Glimmora, L50, F|\n|poke|p2|Dragonite, L50, F|\n|teampreview|4\n|inactive|Battle timer is ON: inactive players will automatically lose when time's up. (requested by VGCNEOPHYTE)\nmaggeprutten has agreed to open team sheets.\nVGCNEOPHYTE has agreed to open team sheets.\n|j| Claarity\n|inactive|VGCNEOPHYTE has 30 seconds left.\n|\n|t:|1728840690\n|start\n|switch|p1a: Indeedee|Indeedee, L50, M|100\/100\n|switch|p1b: Tyranitar|Tyranitar, L50, M|100\/100\n|switch|p2a: Glimmora|Glimmora, L50, F|100\/100\n|switch|p2b: Gholdengo|Gholdengo, L50|100\/100\n|-weather|Sandstorm|[from] ability: Sand Stream|[of] p1b: Tyranitar\n|-fieldstart|move: Psychic Terrain|[from] ability: Psychic Surge|[of] p1a: Indeedee\n|-enditem|p1a: Indeedee|Psychic Seed\n|-boost|p1a: Indeedee|spd|1|[from] item: Psychic Seed\n|turn|1\n|inactive|maggeprutten has 30 seconds left.\n|\n|t:|1728840717\n|-terastallize|p2a: Glimmora|Grass\n|move|p1b: Tyranitar|Knock Off|p2b: Gholdengo\n|-supereffective|p2b: Gholdengo\n|-damage|p2b: Gholdengo|0 fnt\n|-enditem|p2b: Gholdengo|Choice Specs|[from] move: Knock Off|[of] p1b: Tyranitar\n|faint|p2b: Gholdengo\n|move|p2a: Glimmora|Power Gem|p1b: Tyranitar\n|-damage|p1b: Tyranitar|75\/100\n|move|p1a: Indeedee|Expanding Force|p2a: Glimmora\n|-damage|p2a: Glimmora|58\/100\n|\n|-weather|Sandstorm|[upkeep]\n|-damage|p2a: Glimmora|52\/100|[from] Sandstorm\n|-damage|p1a: Indeedee|95\/100|[from] Sandstorm\n|upkeep\n|\n|t:|1728840729\n|switch|p2b: Dondozo|Dondozo, L50, F|100\/100\n|turn|2\n|\n|t:|1728840742\n|switch|p2a: Tatsugiri|Tatsugiri, L50, M|100\/100\n|-activate|p2a: Tatsugiri|ability: Commander|[of] p2b: Dondozo\n|-boost|p2b: Dondozo|atk|2\n|-boost|p2b: Dondozo|spa|2\n|-boost|p2b: Dondozo|spe|2\n|-boost|p2b: Dondozo|def|2\n|-boost|p2b: Dondozo|spd|2\n|move|p1b: Tyranitar|Knock Off|p2b: Dondozo\n|-damage|p2b: Dondozo|80\/100\n|-enditem|p2b: Dondozo|Leftovers|[from] move: Knock Off|[of] p1b: Tyranitar\n|move|p2b: Dondozo|Wave Crash|p1b: Tyranitar\n|-supereffective|p1b: Tyranitar\n|-damage|p1b: Tyranitar|0 fnt\n|faint|p1b: Tyranitar\n|-damage|p2b: Dondozo|61\/100|[from] Recoil\n|move|p1a: Indeedee|Expanding Force|p2a: Tatsugiri|[spread] p2b\n|-miss|p1a: Indeedee|p2a: Tatsugiri\n|-damage|p2b: Dondozo|33\/100\n|\n|-weather|Sandstorm|[upkeep]\n|-damage|p2a: Tatsugiri|94\/100|[from] Sandstorm\n|-damage|p2b: Dondozo|27\/100|[from] Sandstorm\n|-damage|p1a: Indeedee|89\/100|[from] Sandstorm\n|upkeep\n|inactive|VGCNEOPHYTE has 30 seconds left.\n|\n|t:|1728840772\n|switch|p1b: Samurott|Samurott-Hisui, L50, M|100\/100\n|turn|3\n|\n|t:|1728840787\n|move|p2b: Dondozo|Earthquake|p1a: Indeedee|[spread] p1a,p1b\n|-miss|p2b: Dondozo|p2a: Tatsugiri\n|-damage|p1a: Indeedee|29\/100\n|-damage|p1b: Samurott|39\/100\n|move|p1b: Samurott|Sacred Sword|p2b: Dondozo\n|-damage|p2b: Dondozo|0 fnt\n|faint|p2b: Dondozo\n|move|p1a: Indeedee|Trick Room|p1a: Indeedee\n|-fieldstart|move: Trick Room|[of] p1a: Indeedee\n|\n|-weather|Sandstorm|[upkeep]\n|-damage|p1a: Indeedee|23\/100|[from] Sandstorm\n|-damage|p1b: Samurott|33\/100|[from] Sandstorm\n|-damage|p2a: Tatsugiri|88\/100|[from] Sandstorm\n|upkeep\n|\n|t:|1728840798\n|switch|p2b: Glimmora|Glimmora, L50, F, tera:Grass|52\/100\n|turn|4\n|\n|t:|1728840807\n|move|p1a: Indeedee|Expanding Force|p2b: Glimmora|[spread] p2a,p2b\n|-damage|p2a: Tatsugiri|32\/100\n|-damage|p2b: Glimmora|18\/100\n|move|p2b: Glimmora|Sludge Bomb|p1b: Samurott\n|-damage|p1b: Samurott|0 fnt\n|faint|p1b: Samurott\n|move|p2a: Tatsugiri|Dragon Pulse|p1a: Indeedee\n|-damage|p1a: Indeedee|0 fnt\n|faint|p1a: Indeedee\n|\n|-weather|Sandstorm|[upkeep]\n|-damage|p2b: Glimmora|13\/100|[from] Sandstorm\n|-damage|p2a: Tatsugiri|25\/100|[from] Sandstorm\n|upkeep\n|\n|t:|1728840821\n|switch|p1b: Kommo-o|Kommo-o, L50, F|100\/100\n|turn|5\n|\n|t:|1728840839\n|-terastallize|p1b: Kommo-o|Ghost\n|move|p1b: Kommo-o|Clanging Scales|p2b: Glimmora|[spread] p2a,p2b\n|-supereffective|p2a: Tatsugiri\n|-damage|p2a: Tatsugiri|0 fnt\n|-damage|p2b: Glimmora|0 fnt\n|faint|p2a: Tatsugiri\n|faint|p2b: Glimmora\n|\n|win|VGCNEOPHYTE\n|raw|VGCNEOPHYTE's rating: 1780 &rarr; <strong>1797<\/strong><br \/>(+17 for winning)\n|raw|maggeprutten's rating: 1736 &rarr; <strong>1719<\/strong><br \/>(-17 for losing)\n|l|\u2606maggeprutten\n|player|p2|\n|c|\u2606VGCNEOPHYTE|gg\n|l|\u2606VGCNEOPHYTE\n|player|p1|\n","uploadtime":1728841094,"views":14,"formatid":"gen9vgc2024regh","rating":1719,"private":0,"password":null}