{"id":"gen9vgc2024regh-2222900730","format":"[Gen 9] VGC 2024 Reg H","players":["Zordor","radioiamp10"],"log":"|j|\u2606Zordor\n|j|\u2606radioiamp10\n|t:|1728934189\n|gametype|doubles\n|player|p1|Zordor|pilot|1773\n|player|p2|radioiamp10|266|1698\n|teamsize|p1|6\n|teamsize|p2|6\n|gen|9\n|tier|[Gen 9] VGC 2024 Reg H\n|rated|\n|rule|Species Clause: Limit one of each Pok\u00e9mon\n|rule|Item Clause: Limit 1 of each item\n|clearpoke\n|poke|p1|Rotom-Wash, L50|\n|poke|p1|Sneasler, L50, F|\n|poke|p1|Kingambit, L50, F|\n|poke|p1|Armarouge, L50, F|\n|poke|p1|Dragapult, L50, M|\n|poke|p1|Venusaur, L50, M|\n|poke|p2|Staraptor, L50, F|\n|poke|p2|Hydreigon, L50, F|\n|poke|p2|Lilligant-Hisui, L50, F|\n|poke|p2|Torkoal, L50, M|\n|poke|p2|Ursaluna, L50, F|\n|poke|p2|Farigiraf, L50, M|\n|teampreview|4\n|\n|t:|1728934225\n|start\n|switch|p1a: Dragapult|Dragapult, L50, M|100\/100\n|switch|p1b: Armarouge|Armarouge, L50, F|100\/100\n|switch|p2a: Lilligant|Lilligant-Hisui, L50, F|100\/100\n|switch|p2b: Torkoal|Torkoal, L50, M|100\/100\n|-weather|SunnyDay|[from] ability: Drought|[of] p2b: Torkoal\n|turn|1\n|\n|t:|1728934239\n|switch|p2b: Farigiraf|Farigiraf, L50, M|100\/100\n|move|p2a: Lilligant|Sleep Powder|p1a: Dragapult\n|-status|p1a: Dragapult|slp|[from] move: Sleep Powder\n|cant|p1a: Dragapult|slp\n|move|p1b: Armarouge|Heat Wave|p2b: Farigiraf|[spread] p2a,p2b\n|-supereffective|p2a: Lilligant\n|-enditem|p2a: Lilligant|Focus Sash\n|-damage|p2a: Lilligant|1\/100\n|-damage|p2b: Farigiraf|63\/100\n|\n|-weather|SunnyDay|[upkeep]\n|upkeep\n|turn|2\n|\n|t:|1728934257\n|move|p1b: Armarouge|Protect|p1b: Armarouge\n|-singleturn|p1b: Armarouge|Protect\n|move|p2a: Lilligant|Close Combat|p1b: Armarouge\n|-activate|p1b: Armarouge|move: Protect\n|-curestatus|p1a: Dragapult|slp|[msg]\n|move|p1a: Dragapult|Dragon Darts|p2a: Lilligant\n|-damage|p2a: Lilligant|0 fnt\n|-anim|p1a: Dragapult|Dragon Darts|p2b: Farigiraf\n|-damage|p2b: Farigiraf|41\/100\n|-enditem|p2b: Farigiraf|Sitrus Berry|[eat]\n|-heal|p2b: Farigiraf|66\/100|[from] item: Sitrus Berry\n|faint|p2a: Lilligant\n|move|p2b: Farigiraf|Trick Room|p2b: Farigiraf\n|-fieldstart|move: Trick Room|[of] p2b: Farigiraf\n|\n|-weather|SunnyDay|[upkeep]\n|upkeep\n|\n|t:|1728934272\n|switch|p2a: Ursaluna|Ursaluna, L50, F|100\/100\n|turn|3\n|\n|t:|1728934301\n|-terastallize|p2b: Farigiraf|Fairy\n|-terastallize|p1b: Armarouge|Fairy\n|move|p2a: Ursaluna|Protect|p2a: Ursaluna\n|-singleturn|p2a: Ursaluna|Protect\n|move|p2b: Farigiraf|Dazzling Gleam|p1b: Armarouge|[spread] p1a,p1b\n|-supereffective|p1a: Dragapult\n|-damage|p1a: Dragapult|60\/100\n|-damage|p1b: Armarouge|76\/100\n|move|p1b: Armarouge|Heat Wave|p2a: Ursaluna|[spread] p2b\n|-activate|p2a: Ursaluna|move: Protect\n|-damage|p2b: Farigiraf|24\/100\n|move|p1a: Dragapult|Dragon Darts|p2a: Ursaluna\n|-immune|p2b: Farigiraf\n|\n|-weather|SunnyDay|[upkeep]\n|-status|p2a: Ursaluna|brn|[from] item: Flame Orb\n|upkeep\n|turn|4\n|\n|t:|1728934324\n|move|p2b: Farigiraf|Protect|p2b: Farigiraf\n|-singleturn|p2b: Farigiraf|Protect\n|move|p1b: Armarouge|Protect|p1b: Armarouge\n|-singleturn|p1b: Armarouge|Protect\n|move|p2a: Ursaluna|Earthquake|p1a: Dragapult|[spread] p1a\n|-activate|p2b: Farigiraf|move: Protect\n|-activate|p1b: Armarouge|move: Protect\n|-crit|p1a: Dragapult\n|-damage|p1a: Dragapult|0 fnt\n|faint|p1a: Dragapult\n|\n|-weather|SunnyDay|[upkeep]\n|-damage|p2a: Ursaluna|94\/100 brn|[from] brn\n|upkeep\n|j| Fallastest\n|\n|t:|1728934341\n|switch|p1a: Kingambit|Kingambit, L50, F|100\/100\n|turn|5\n|\n|t:|1728934360\n|move|p2b: Farigiraf|Protect||[still]\n|-fail|p2b: Farigiraf\n|move|p2a: Ursaluna|Facade|p1b: Armarouge\n|-damage|p1b: Armarouge|0 fnt\n|faint|p1b: Armarouge\n|move|p1a: Kingambit|Iron Head|p2b: Farigiraf\n|-supereffective|p2b: Farigiraf\n|-damage|p2b: Farigiraf|0 fnt\n|faint|p2b: Farigiraf\n|\n|-weather|none\n|-damage|p2a: Ursaluna|88\/100 brn|[from] brn\n|upkeep\n|\n|t:|1728934371\n|switch|p2b: Torkoal|Torkoal, L50, M|100\/100\n|switch|p1b: Sneasler|Sneasler, L50, F|100\/100\n|-weather|SunnyDay|[from] ability: Drought|[of] p2b: Torkoal\n|turn|6\n|\n|t:|1728934383\n|move|p1a: Kingambit|Protect|p1a: Kingambit\n|-singleturn|p1a: Kingambit|Protect\n|move|p1b: Sneasler|Protect|p1b: Sneasler\n|-singleturn|p1b: Sneasler|Protect\n|move|p2b: Torkoal|Eruption|p1a: Kingambit|[spread] \n|-activate|p1a: Kingambit|move: Protect\n|-activate|p1b: Sneasler|move: Protect\n|move|p2a: Ursaluna|Earthquake|p1a: Kingambit|[spread] p2b\n|-activate|p1a: Kingambit|move: Protect\n|-activate|p1b: Sneasler|move: Protect\n|-supereffective|p2b: Torkoal\n|-damage|p2b: Torkoal|0 fnt\n|faint|p2b: Torkoal\n|\n|-weather|SunnyDay|[upkeep]\n|-damage|p2a: Ursaluna|82\/100 brn|[from] brn\n|-fieldend|move: Trick Room\n|upkeep\n|turn|7\n|\n|t:|1728934399\n|move|p1b: Sneasler|Close Combat|p2a: Ursaluna\n|-supereffective|p2a: Ursaluna\n|-damage|p2a: Ursaluna|0 fnt\n|-unboost|p1b: Sneasler|def|1\n|-unboost|p1b: Sneasler|spd|1\n|faint|p2a: Ursaluna\n|\n|win|Zordor\n|raw|Zordor's rating: 1773 &rarr; <strong>1789<\/strong><br \/>(+16 for winning)\n|raw|radioiamp10's rating: 1698 &rarr; <strong>1682<\/strong><br \/>(-16 for losing)\n|l|\u2606Zordor\n|player|p1|\n|l| Fallastest\n|l|\u2606radioiamp10\n|player|p2|\n","uploadtime":1728934582,"views":23,"formatid":"gen9vgc2024regh","rating":1682,"private":0,"password":null}