{"id":"gen9vgc2024regh-2222689040","format":"[Gen 9] VGC 2024 Reg H","players":["Shikanoko32","zugasteam"],"log":"|j|\u2606Shikanoko32\n|j|\u2606zugasteam\n|t:|1728914807\n|gametype|doubles\n|player|p1|Shikanoko32|169|1668\n|player|p2|zugasteam|1|1801\n|teamsize|p1|6\n|teamsize|p2|6\n|gen|9\n|tier|[Gen 9] VGC 2024 Reg H\n|rated|\n|rule|Species Clause: Limit one of each Pok\u00e9mon\n|rule|Item Clause: Limit 1 of each item\n|clearpoke\n|poke|p1|Incineroar, L50, M|\n|poke|p1|Rillaboom, L50, F|\n|poke|p1|Ninetales-Alola, L50, F|\n|poke|p1|Frosmoth, L50, F|\n|poke|p1|Maushold-Four, L50|\n|poke|p1|Annihilape, L50, F|\n|poke|p2|Archaludon, L50, M|\n|poke|p2|Incineroar, L50, F|\n|poke|p2|Pelipper, L50, M|\n|poke|p2|Amoonguss, L50, F|\n|poke|p2|Basculegion, L50, M|\n|poke|p2|Maushold, L50|\n|teampreview|4\n|\n|t:|1728914836\n|start\n|switch|p1a: Maushold|Maushold-Four, L50|100\/100\n|switch|p1b: Annihilape|Annihilape, L50, F|100\/100\n|switch|p2a: Archaludon|Archaludon, L50, M|100\/100\n|switch|p2b: Maushold|Maushold, L50|100\/100\n|turn|1\n|\n|t:|1728914863\n|move|p2b: Maushold|Follow Me|p2b: Maushold\n|-singleturn|p2b: Maushold|move: Follow Me\n|move|p1a: Maushold|Beat Up|p2b: Maushold\n|-damage|p2b: Maushold|96\/100\n|-damage|p2b: Maushold|91\/100\n|-damage|p2b: Maushold|88\/100\n|-damage|p2b: Maushold|84\/100\n|-hitcount|p2b: Maushold|4\n|move|p1b: Annihilape|Drain Punch|p2b: Maushold\n|-supereffective|p2b: Maushold\n|-damage|p2b: Maushold|0 fnt\n|faint|p2b: Maushold\n|move|p2a: Archaludon|Body Press|p1a: Maushold\n|-supereffective|p1a: Maushold\n|-damage|p1a: Maushold|57\/100\n|-damage|p2a: Archaludon|84\/100|[from] item: Rocky Helmet|[of] p1a: Maushold\n|\n|upkeep\n|\n|t:|1728914883\n|switch|p2b: Pelipper|Pelipper, L50, M|100\/100\n|-weather|RainDance|[from] ability: Drizzle|[of] p2b: Pelipper\n|turn|2\n|\n|t:|1728914905\n|move|p1a: Maushold|Beat Up|p1b: Annihilape\n|-crit|p1b: Annihilape\n|-damage|p1b: Annihilape|98\/100\n|-damage|p1b: Annihilape|95\/100\n|-damage|p1b: Annihilape|93\/100\n|-damage|p1b: Annihilape|91\/100\n|-hitcount|p1b: Annihilape|4\n|move|p2b: Pelipper|Hurricane|p1b: Annihilape\n|-supereffective|p1b: Annihilape\n|-damage|p1b: Annihilape|40\/100\n|-enditem|p1b: Annihilape|Sitrus Berry|[eat]\n|-heal|p1b: Annihilape|65\/100|[from] item: Sitrus Berry\n|move|p1b: Annihilape|Rage Fist|p2a: Archaludon\n|-damage|p2a: Archaludon|0 fnt\n|faint|p2a: Archaludon\n|\n|-weather|RainDance|[upkeep]\n|upkeep\n|\n|t:|1728914919\n|switch|p2a: Incineroar|Incineroar, L50, F|100\/100\n|-ability|p2a: Incineroar|Intimidate|boost\n|-unboost|p1a: Maushold|atk|1\n|-unboost|p1b: Annihilape|atk|1\n|-ability|p1b: Annihilape|Defiant|boost\n|-boost|p1b: Annihilape|atk|2\n|turn|3\n|\n|t:|1728914931\n|move|p1a: Maushold|Follow Me|p1a: Maushold\n|-singleturn|p1a: Maushold|move: Follow Me\n|move|p2b: Pelipper|Hurricane|p1a: Maushold\n|-damage|p1a: Maushold|0 fnt\n|faint|p1a: Maushold\n|move|p1b: Annihilape|Rage Fist|p2b: Pelipper\n|-enditem|p2b: Pelipper|Focus Sash\n|-damage|p2b: Pelipper|1\/100\n|move|p2a: Incineroar|Knock Off|p1b: Annihilape\n|-damage|p1b: Annihilape|36\/100\n|\n|-weather|RainDance|[upkeep]\n|upkeep\n|\n|t:|1728914945\n|switch|p1a: Ninetales|Ninetales-Alola, L50, F|100\/100\n|-weather|Snow|[from] ability: Snow Warning|[of] p1a: Ninetales\n|turn|4\n|\n|t:|1728914953\n|-terastallize|p2a: Incineroar|Ghost\n|move|p2b: Pelipper|Protect|p2b: Pelipper\n|-singleturn|p2b: Pelipper|Protect\n|move|p1a: Ninetales|Moonblast|p2b: Pelipper\n|-activate|p2b: Pelipper|move: Protect\n|move|p1b: Annihilape|Drain Punch|p2a: Incineroar\n|-immune|p2a: Incineroar\n|move|p2a: Incineroar|Flare Blitz|p1a: Ninetales\n|-supereffective|p1a: Ninetales\n|-damage|p1a: Ninetales|22\/100\n|-damage|p2a: Incineroar|77\/100|[from] Recoil\n|\n|-weather|Snow|[upkeep]\n|upkeep\n|turn|5\n|\n|t:|1728914975\n|move|p1a: Ninetales|Moonblast|p2b: Pelipper\n|-damage|p2b: Pelipper|0 fnt\n|faint|p2b: Pelipper\n|move|p1b: Annihilape|Rage Fist|p2a: Incineroar\n|-supereffective|p2a: Incineroar\n|-damage|p2a: Incineroar|0 fnt\n|faint|p2a: Incineroar\n|\n|win|Shikanoko32\n|raw|Shikanoko32's rating: 1668 &rarr; <strong>1695<\/strong><br \/>(+27 for winning)\n|raw|zugasteam's rating: 1801 &rarr; <strong>1774<\/strong><br \/>(-27 for losing)\n|l|\u2606zugasteam\n|player|p2|\n|j| GVAXIII\n|l|\u2606Shikanoko32\n|player|p1|\n|l| GVAXIII\n","uploadtime":1728915114,"views":40,"formatid":"gen9vgc2024regh","rating":1695,"private":0,"password":null}