{"id":"gen9vgc2024regh-2222101960","format":"[Gen 9] VGC 2024 Reg H","players":["Snorlax Double","datbishgames"],"log":"|j|\u2606Snorlax Double\n|j|\u2606datbishgames\n|t:|1728837633\n|gametype|doubles\n|player|p1|Snorlax Double|plasmagrunt|1668\n|player|p2|datbishgames|mira|1725\n|teamsize|p1|6\n|teamsize|p2|6\n|gen|9\n|tier|[Gen 9] VGC 2024 Reg H\n|rated|\n|rule|Species Clause: Limit one of each Pok\u00e9mon\n|rule|Item Clause: Limit 1 of each item\n|clearpoke\n|poke|p1|Garchomp, L50, F|\n|poke|p1|Kilowattrel, L50, M|\n|poke|p1|Gholdengo, L50|\n|poke|p1|Incineroar, L50, F|\n|poke|p1|Amoonguss, L50, M|\n|poke|p1|Primarina, L50, F|\n|poke|p2|Whimsicott, L50, M|\n|poke|p2|Basculegion, L50, M|\n|poke|p2|Arcanine-Hisui, L50, M|\n|poke|p2|Hydreigon, L50, M|\n|poke|p2|Farigiraf, L50, F|\n|poke|p2|Pawmot, L50, M|\n|teampreview|4\n|inactive|Battle timer is ON: inactive players will automatically lose when time's up. (requested by datbishgames)\n|inactive|Snorlax Double has 60 seconds left.\n|\n|t:|1728837674\n|start\n|switch|p1a: Amoonguss|Amoonguss, L50, M|100\/100\n|switch|p1b: Garchomp|Garchomp, L50, F|100\/100\n|switch|p2a: Whimsicott|Whimsicott, L50, M|100\/100\n|switch|p2b: Hydreigon|Hydreigon, L50, M|100\/100\n|turn|1\n|\n|t:|1728837692\n|move|p1b: Garchomp|Protect|p1b: Garchomp\n|-singleturn|p1b: Garchomp|Protect\n|move|p2b: Hydreigon|Protect|p2b: Hydreigon\n|-singleturn|p2b: Hydreigon|Protect\n|move|p2a: Whimsicott|Tailwind|p2a: Whimsicott\n|-sidestart|p2: datbishgames|move: Tailwind\n|move|p1a: Amoonguss|Spore|p2b: Hydreigon\n|-activate|p2b: Hydreigon|move: Protect\n|\n|upkeep\n|turn|2\n|\n|t:|1728837704\n|switch|p1b: Incineroar|Incineroar, L50, F|100\/100\n|-ability|p1b: Incineroar|Intimidate|boost\n|-unboost|p2a: Whimsicott|atk|1\n|-unboost|p2b: Hydreigon|atk|1\n|-terastallize|p2b: Hydreigon|Fire\n|move|p2a: Whimsicott|Encore|p1b: Incineroar\n|-hint|Since gen 7, Dark is immune to Prankster moves.\n|-immune|p1b: Incineroar\n|move|p2b: Hydreigon|Heat Wave|p1a: Amoonguss|[spread] p1b\n|-miss|p2b: Hydreigon|p1a: Amoonguss\n|-resisted|p1b: Incineroar\n|-crit|p1b: Incineroar\n|-damage|p1b: Incineroar|72\/100\n|-damage|p2b: Hydreigon|91\/100|[from] item: Life Orb\n|move|p1a: Amoonguss|Spore|p2b: Hydreigon\n|-status|p2b: Hydreigon|slp|[from] move: Spore\n|\n|upkeep\n|turn|3\n|c|\u2606datbishgames|\ud83d\ude2d\n|inactive|Snorlax Double has 30 seconds left.\n|inactive|Snorlax Double has 20 seconds left.\n|\n|t:|1728837742\n|switch|p2a: Basculegion|Basculegion, L50, M|100\/100\n|switch|p1a: Primarina|Primarina, L50, F|100\/100\n|cant|p2b: Hydreigon|slp\n|move|p1b: Incineroar|Parting Shot|p2a: Basculegion\n|-unboost|p2a: Basculegion|atk|1\n|-unboost|p2a: Basculegion|spa|1\n|\n|t:|1728837752\n|switch|p1b: Amoonguss|Amoonguss, L50, M|100\/100|[from] Parting Shot\n|\n|upkeep\n|turn|4\n|\n|t:|1728837758\n|switch|p2a: Whimsicott|Whimsicott, L50, M|100\/100\n|switch|p1b: Incineroar|Incineroar, L50, F|72\/100\n|-ability|p1b: Incineroar|Intimidate|boost\n|-unboost|p2a: Whimsicott|atk|1\n|-unboost|p2b: Hydreigon|atk|1\n|cant|p2b: Hydreigon|slp\n|move|p1a: Primarina|Hyper Voice|p2a: Whimsicott|[spread] p2a,p2b\n|-resisted|p2a: Whimsicott\n|-supereffective|p2b: Hydreigon\n|-damage|p2a: Whimsicott|82\/100\n|-damage|p2b: Hydreigon|14\/100 slp\n|-enditem|p1a: Primarina|Throat Spray\n|-boost|p1a: Primarina|spa|1|[from] item: Throat Spray\n|\n|-sideend|p2: datbishgames|move: Tailwind\n|upkeep\n|turn|5\n|inactive|Snorlax Double has 30 seconds left.\n|inactive|datbishgames has 30 seconds left.\n|\n|t:|1728837783\n|switch|p2a: Basculegion|Basculegion, L50, M|100\/100\n|cant|p2b: Hydreigon|slp\n|move|p1a: Primarina|Hyper Voice|p2b: Hydreigon|[spread] p2a,p2b\n|-resisted|p2a: Basculegion\n|-supereffective|p2b: Hydreigon\n|-damage|p2a: Basculegion|76\/100\n|-damage|p2b: Hydreigon|0 fnt\n|faint|p2b: Hydreigon\n|move|p1b: Incineroar|Parting Shot|p2a: Basculegion\n|-unboost|p2a: Basculegion|atk|1\n|-unboost|p2a: Basculegion|spa|1\n|j| Claarity\n|\n|t:|1728837796\n|switch|p1b: Amoonguss|Amoonguss, L50, M|100\/100|[from] Parting Shot\n|\n|upkeep\n|\n|t:|1728837801\n|switch|p2b: Pawmot|Pawmot, L50, M|100\/100\n|turn|6\n|\n|t:|1728837814\n|move|p2b: Pawmot|Fake Out|p1b: Amoonguss\n|-damage|p1b: Amoonguss|90\/100\n|cant|p1b: Amoonguss|flinch\n|move|p2a: Basculegion|Last Respects|p1b: Amoonguss\n|-damage|p1b: Amoonguss|48\/100\n|-enditem|p1b: Amoonguss|Sitrus Berry|[eat]\n|-heal|p1b: Amoonguss|73\/100|[from] item: Sitrus Berry\n|move|p1a: Primarina|Moonblast|p2a: Basculegion\n|-damage|p2a: Basculegion|0 fnt\n|faint|p2a: Basculegion\n|\n|upkeep\n|\n|t:|1728837828\n|switch|p2a: Whimsicott|Whimsicott, L50, M|82\/100\n|turn|7\n|inactive|Snorlax Double has 30 seconds left.\n|\n|t:|1728837855\n|move|p1b: Amoonguss|Rage Powder|p1b: Amoonguss\n|-singleturn|p1b: Amoonguss|move: Rage Powder\n|move|p2b: Pawmot|Revival Blessing|p2b: Pawmot\n|\n|t:|1728837858\n|-heal|p2: Basculegion|50\/100|[from] move: Revival Blessing\n|move|p2a: Whimsicott|Giga Drain|p1a: Primarina\n|-supereffective|p1a: Primarina\n|-crit|p1a: Primarina\n|-damage|p1a: Primarina|41\/100\n|-heal|p2a: Whimsicott|100\/100|[from] drain|[of] p1a: Primarina\n|move|p1a: Primarina|Moonblast|p2b: Pawmot\n|-supereffective|p2b: Pawmot\n|-enditem|p2b: Pawmot|Focus Sash\n|-damage|p2b: Pawmot|1\/100\n|-unboost|p2b: Pawmot|spa|1\n|\n|upkeep\n|turn|8\n|l| Claarity\n|inactive|Snorlax Double has 30 seconds left.\n|\n|t:|1728837883\n|move|p1a: Primarina|Protect|p1a: Primarina\n|-singleturn|p1a: Primarina|Protect\n|move|p2a: Whimsicott|Encore|p1b: Amoonguss\n|-start|p1b: Amoonguss|Encore\n|move|p2b: Pawmot|Double Shock|p1a: Primarina\n|-activate|p1a: Primarina|move: Protect\n|move|p1b: Amoonguss|Rage Powder|p1b: Amoonguss\n|-singleturn|p1b: Amoonguss|move: Rage Powder\n|\n|upkeep\n|turn|9\n|inactive|Snorlax Double has 30 seconds left.\n|\n|t:|1728837908\n|-terastallize|p1a: Primarina|Poison\n|move|p1b: Amoonguss|Rage Powder|p1b: Amoonguss\n|-singleturn|p1b: Amoonguss|move: Rage Powder\n|move|p2a: Whimsicott|Encore|p1a: Primarina\n|-start|p1a: Primarina|Encore\n|move|p2b: Pawmot|Close Combat|p1b: Amoonguss\n|-resisted|p1b: Amoonguss\n|-damage|p1b: Amoonguss|47\/100\n|-unboost|p2b: Pawmot|def|1\n|-unboost|p2b: Pawmot|spd|1\n|move|p1a: Primarina|Protect||[still]\n|-fail|p1a: Primarina\n|\n|upkeep\n|turn|10\n|\n|t:|1728837926\n|move|p1a: Primarina|Protect|p1a: Primarina\n|-singleturn|p1a: Primarina|Protect\n|move|p1b: Amoonguss|Rage Powder|p1b: Amoonguss\n|-singleturn|p1b: Amoonguss|move: Rage Powder\n|move|p2b: Pawmot|Close Combat|p1b: Amoonguss\n|-resisted|p1b: Amoonguss\n|-damage|p1b: Amoonguss|24\/100\n|-unboost|p2b: Pawmot|def|1\n|-unboost|p2b: Pawmot|spd|1\n|move|p2a: Whimsicott|Moonblast|p1b: Amoonguss\n|-resisted|p1b: Amoonguss\n|-damage|p1b: Amoonguss|12\/100\n|-unboost|p1b: Amoonguss|spa|1\n|\n|-end|p1b: Amoonguss|Encore\n|upkeep\n|turn|11\n|\n|t:|1728837948\n|switch|p1a: Incineroar|Incineroar, L50, F|72\/100\n|-ability|p1a: Incineroar|Intimidate|boost\n|-unboost|p2a: Whimsicott|atk|1\n|-unboost|p2b: Pawmot|atk|1\n|move|p1b: Amoonguss|Protect|p1b: Amoonguss\n|-singleturn|p1b: Amoonguss|Protect\n|move|p2b: Pawmot|Close Combat|p1b: Amoonguss\n|-activate|p1b: Amoonguss|move: Protect\n|move|p2a: Whimsicott|Moonblast|p1b: Amoonguss\n|-activate|p1b: Amoonguss|move: Protect\n|\n|upkeep\n|turn|12\n|inactive|Snorlax Double has 30 seconds left.\n|\n|t:|1728837982\n|switch|p2b: Basculegion|Basculegion, L50, M|50\/100\n|switch|p1a: Primarina|Primarina, L50, F, tera:Poison|41\/100\n|switch|p1b: Garchomp|Garchomp, L50, F|100\/100\n|move|p2a: Whimsicott|Encore||[still]\n|-fail|p2a: Whimsicott\n|\n|upkeep\n|turn|13\n|\n|t:|1728838000\n|move|p2a: Whimsicott|Tailwind|p2a: Whimsicott\n|-sidestart|p2: datbishgames|move: Tailwind\n|move|p2b: Basculegion|Last Respects|p1b: Garchomp\n|-damage|p1b: Garchomp|0 fnt\n|faint|p1b: Garchomp\n|move|p1a: Primarina|Moonblast|p2b: Basculegion\n|-damage|p2b: Basculegion|0 fnt\n|faint|p2b: Basculegion\n|\n|upkeep\n|\n|t:|1728838011\n|switch|p1b: Amoonguss|Amoonguss, L50, M|45\/100\n|switch|p2b: Pawmot|Pawmot, L50, M|1\/100\n|turn|14\n|\n|t:|1728838027\n|move|p1b: Amoonguss|Rage Powder|p1b: Amoonguss\n|-singleturn|p1b: Amoonguss|move: Rage Powder\n|move|p2b: Pawmot|Double Shock|p1b: Amoonguss\n|-resisted|p1b: Amoonguss\n|-damage|p1b: Amoonguss|20\/100\n|-start|p2b: Pawmot|typechange|???\/Fighting|[from] move: Double Shock\n|move|p2a: Whimsicott|Moonblast|p1b: Amoonguss\n|-resisted|p1b: Amoonguss\n|-damage|p1b: Amoonguss|8\/100\n|move|p1a: Primarina|Moonblast|p2b: Pawmot\n|-supereffective|p2b: Pawmot\n|-damage|p2b: Pawmot|0 fnt\n|faint|p2b: Pawmot\n|\n|upkeep\n|turn|15\n|c|\u2606datbishgames|Gg\n|-message|datbishgames forfeited.\n|\n|win|Snorlax Double\n|raw|Snorlax Double's rating: 1668 &rarr; <strong>1691<\/strong><br \/>(+23 for winning)\n|raw|datbishgames's rating: 1725 &rarr; <strong>1702<\/strong><br \/>(-23 for losing)\n|l|\u2606datbishgames\n|player|p2|\n|l|\u2606Snorlax Double\n|player|p1|\n","uploadtime":1728838235,"views":13,"formatid":"gen9vgc2024regh","rating":1691,"private":0,"password":null}