{"id":"gen9vgc2024regh-2222337406","format":"[Gen 9] VGC 2024 Reg H","players":["Hikawari","CanIBeatAle?"],"log":"|j|\u2606Hikawari\n|j|\u2606CanIBeatAle?\n|t:|1728864301\n|gametype|doubles\n|player|p1|Hikawari|2|1789\n|player|p2|CanIBeatAle?|lucas|1753\n|teamsize|p1|6\n|teamsize|p2|6\n|gen|9\n|tier|[Gen 9] VGC 2024 Reg H\n|rated|\n|rule|Species Clause: Limit one of each Pok\u00e9mon\n|rule|Item Clause: Limit 1 of each item\n|clearpoke\n|poke|p1|Sneasler, L50, F|\n|poke|p1|Murkrow, L50, F|\n|poke|p1|Gholdengo, L50|\n|poke|p1|Indeedee, L50, M|\n|poke|p1|Annihilape, L50, F|\n|poke|p1|Sinistcha, L50|\n|poke|p2|Murkrow, L50, M|\n|poke|p2|Abomasnow, L50, M|\n|poke|p2|Indeedee, L50, M|\n|poke|p2|Sneasler, L50, M|\n|poke|p2|Basculegion, L50, M|\n|poke|p2|Gholdengo, L50|\n|teampreview|4\nCanIBeatAle? has agreed to open team sheets.\n|inactive|Battle timer is ON: inactive players will automatically lose when time's up. (requested by Hikawari)\n|j| EpicDudeC\nHikawari has agreed to open team sheets.\n|\n|t:|1728864353\n|start\n|switch|p1a: Murkrow|Murkrow, L50, F|100\/100\n|switch|p1b: Annihilape|Annihilape, L50, F, shiny|100\/100\n|switch|p2a: Brynden Rivers|Murkrow, L50, M|100\/100\n|switch|p2b: MDD|Indeedee, L50, M, shiny|100\/100\n|-fieldstart|move: Psychic Terrain|[from] ability: Psychic Surge|[of] p2b: MDD\n|turn|1\n|j| ale cog\n|\n|t:|1728864366\n|move|p1b: Annihilape|Protect|p1b: Annihilape\n|-singleturn|p1b: Annihilape|Protect\n|move|p2b: MDD|Expanding Force|p1b: Annihilape|[spread] \n|-activate|p1b: Annihilape|move: Protect\n|-immune|p1a: Murkrow\n|move|p1a: Murkrow|Foul Play|p2b: MDD\n|-supereffective|p2b: MDD\n|-damage|p2b: MDD|29\/100\n|move|p2a: Brynden Rivers|Foul Play|p1b: Annihilape\n|-activate|p1b: Annihilape|move: Protect\n|\n|upkeep\n|turn|2\n|\n|t:|1728864384\n|switch|p2b: Longclaw|Sneasler, L50, M, shiny|100\/100\n|-enditem|p2b: Longclaw|Psychic Seed\n|-boost|p2b: Longclaw|spd|1|[from] item: Psychic Seed\n|-terastallize|p1b: Annihilape|Fire\n|move|p1a: Murkrow|Tailwind|p1a: Murkrow\n|-sidestart|p1: Hikawari|move: Tailwind\n|move|p1b: Annihilape|Drain Punch|p2b: Longclaw\n|-resisted|p2b: Longclaw\n|-damage|p2b: Longclaw|79\/100\n|move|p2a: Brynden Rivers|Foul Play|p1b: Annihilape\n|-damage|p1b: Annihilape|70\/100\n|\n|-heal|p1b: Annihilape|76\/100|[from] item: Leftovers\n|upkeep\n|turn|3\n|\n|t:|1728864399\n|switch|p1a: Sinistcha|Sinistcha, L50, shiny|100\/100\n|-heal|p1b: Annihilape|100\/100|[from] ability: Hospitality|[of] p1a: Sinistcha\n|move|p2a: Brynden Rivers|Tailwind|p2a: Brynden Rivers\n|-sidestart|p2: CanIBeatAle?|move: Tailwind\n|move|p2b: Longclaw|Close Combat|p1b: Annihilape\n|-crit|p1b: Annihilape\n|-damage|p1b: Annihilape|30\/100\n|-unboost|p2b: Longclaw|def|1\n|-unboost|p2b: Longclaw|spd|1\n|move|p1b: Annihilape|Rage Fist|p2b: Longclaw\n|-damage|p2b: Longclaw|0 fnt\n|faint|p2b: Longclaw\n|\n|-heal|p1b: Annihilape|36\/100|[from] item: Leftovers\n|upkeep\n|\n|t:|1728864406\n|switch|p2b: MDD|Indeedee, L50, M, shiny|29\/100\n|turn|4\n|\n|t:|1728864415\n|switch|p1b: Murkrow|Murkrow, L50, F|100\/100\n|move|p2b: MDD|Imprison|p2b: MDD\n|-start|p2b: MDD|move: Imprison\n|move|p2a: Brynden Rivers|Foul Play|p1b: Murkrow\n|-resisted|p1b: Murkrow\n|-damage|p1b: Murkrow|84\/100\n|move|p1a: Sinistcha|Matcha Gotcha|p2a: Brynden Rivers|[spread] p2a,p2b\n|-resisted|p2a: Brynden Rivers\n|-damage|p2a: Brynden Rivers|84\/100\n|-damage|p2b: MDD|0 fnt\n|faint|p2b: MDD\n|\n|upkeep\n|\n|t:|1728864418\n|switch|p2b: Houndfish|Basculegion, L50, M|100\/100\n|turn|5\n|inactive|Hikawari has 30 seconds left.\n|inactive|Hikawari has 20 seconds left.\n|inactive|Hikawari has 15 seconds left.\n|\n|t:|1728864459\n|-terastallize|p2b: Houndfish|Grass\n|move|p2b: Houndfish|Last Respects|p1b: Murkrow\n|-resisted|p1b: Murkrow\n|-damage|p1b: Murkrow|39\/100\n|move|p2a: Brynden Rivers|Foul Play|p1b: Murkrow\n|-resisted|p1b: Murkrow\n|-damage|p1b: Murkrow|24\/100\n|move|p1b: Murkrow|Foul Play|p2b: Houndfish\n|-damage|p2b: Houndfish|44\/100\n|move|p1a: Sinistcha|Strength Sap|p2b: Houndfish\n|-unboost|p2b: Houndfish|atk|1\n|\n|-sideend|p1: Hikawari|move: Tailwind\n|-fieldend|move: Psychic Terrain\n|upkeep\n|turn|6\n|\n|t:|1728864471\n|move|p1b: Murkrow|Tailwind|p1b: Murkrow\n|-sidestart|p1: Hikawari|move: Tailwind\n|move|p2b: Houndfish|Last Respects|p1a: Sinistcha\n|-supereffective|p1a: Sinistcha\n|-damage|p1a: Sinistcha|11\/100\n|move|p2a: Brynden Rivers|Foul Play|p1b: Murkrow\n|-resisted|p1b: Murkrow\n|-damage|p1b: Murkrow|10\/100\n|move|p1a: Sinistcha|Matcha Gotcha|p2a: Brynden Rivers|[spread] p2a,p2b\n|-resisted|p2a: Brynden Rivers\n|-resisted|p2b: Houndfish\n|-damage|p2a: Brynden Rivers|68\/100\n|-heal|p1a: Sinistcha|19\/100|[from] drain|[of] p2a: Brynden Rivers\n|-damage|p2b: Houndfish|29\/100\n|-heal|p1a: Sinistcha|28\/100|[from] drain|[of] p2b: Houndfish\n|\n|-sideend|p2: CanIBeatAle?|move: Tailwind\n|upkeep\n|turn|7\n|l| EpicDudeC\n|\n|t:|1728864485\n|switch|p1a: Indeedee|Indeedee, L50, M|100\/100\n|-fieldstart|move: Psychic Terrain|[from] ability: Psychic Surge|[of] p1a: Indeedee\n|move|p1b: Murkrow|Foul Play|p2b: Houndfish\n|-damage|p2b: Houndfish|0 fnt\n|faint|p2b: Houndfish\n|move|p2a: Brynden Rivers|Foul Play|p1b: Murkrow\n|-resisted|p1b: Murkrow\n|-damage|p1b: Murkrow|0 fnt\n|faint|p1b: Murkrow\n|\n|upkeep\n|-message|CanIBeatAle? forfeited.\n|\n|win|Hikawari\n|raw|Hikawari's rating: 1789 &rarr; <strong>1807<\/strong><br \/>(+18 for winning)\n|raw|CanIBeatAle?'s rating: 1753 &rarr; <strong>1735<\/strong><br \/>(-18 for losing)\n|l|\u2606CanIBeatAle?\n|player|p2|\n|l|\u2606Hikawari\n|player|p1|\n|l| ale cog\n","uploadtime":1728864737,"views":28,"formatid":"gen9vgc2024regh","rating":1735,"private":0,"password":null}