{"id":"gen9vgc2024regh-2222452741","format":"[Gen 9] VGC 2024 Reg H","players":["VGCNEOPHYTE","CanIBeatAle?"],"log":"|j|\u2606VGCNEOPHYTE\n|j|\u2606CanIBeatAle?\n|t:|1728878972\n|gametype|doubles\n|player|p1|VGCNEOPHYTE|chuck|1696\n|player|p2|CanIBeatAle?|lucas|1769\n|teamsize|p1|6\n|teamsize|p2|6\n|gen|9\n|tier|[Gen 9] VGC 2024 Reg H\n|rated|\n|rule|Species Clause: Limit one of each Pok\u00e9mon\n|rule|Item Clause: Limit 1 of each item\n|clearpoke\n|poke|p1|Kommo-o, L50, F|\n|poke|p1|Tyranitar, L50, M|\n|poke|p1|Excadrill, L50, F|\n|poke|p1|Samurott-Hisui, L50, M|\n|poke|p1|Corviknight, L50, F|\n|poke|p1|Indeedee, L50, M|\n|poke|p2|Murkrow, L50, F|\n|poke|p2|Abomasnow, L50, M|\n|poke|p2|Indeedee, L50, M|\n|poke|p2|Sneasler, L50, F|\n|poke|p2|Basculegion, L50, M|\n|poke|p2|Gholdengo, L50|\n|teampreview|4\n|inactive|Battle timer is ON: inactive players will automatically lose when time's up. (requested by VGCNEOPHYTE)\n|j| bopotkl\nCanIBeatAle? has agreed to open team sheets.\n|inactive|VGCNEOPHYTE has 60 seconds left.\n|inactive|CanIBeatAle? has 60 seconds left.\n|\n|t:|1728879010\n|start\n|switch|p1a: Corviknight|Corviknight, L50, F|100\/100\n|switch|p1b: Samurott|Samurott-Hisui, L50, M|100\/100\n|switch|p2a: Brynden Rivers|Murkrow, L50, F|100\/100\n|switch|p2b: Evergreen|Abomasnow, L50, M|100\/100\n|-weather|Snow|[from] ability: Snow Warning|[of] p2b: Evergreen\n|turn|1\n|\n|t:|1728879024\n|move|p2a: Brynden Rivers|Tailwind|p2a: Brynden Rivers\n|-sidestart|p2: CanIBeatAle?|move: Tailwind\n|move|p2b: Evergreen|Leaf Storm|p1b: Samurott\n|-supereffective|p1b: Samurott\n|-damage|p1b: Samurott|0 fnt\n|-unboost|p2b: Evergreen|spa|2\n|faint|p1b: Samurott\n|move|p1a: Corviknight|Taunt|p2b: Evergreen\n|-start|p2b: Evergreen|move: Taunt\n|\n|-weather|Snow|[upkeep]\n|upkeep\n|\n|t:|1728879034\n|switch|p1b: Tyranitar|Tyranitar, L50, M|100\/100\n|-weather|Sandstorm|[from] ability: Sand Stream|[of] p1b: Tyranitar\n|turn|2\n|\n|t:|1728879050\n|switch|p2b: Longclaw|Sneasler, L50, F, shiny|100\/100\n|move|p2a: Brynden Rivers|Protect|p2a: Brynden Rivers\n|-singleturn|p2a: Brynden Rivers|Protect\n|move|p1b: Tyranitar|Rock Slide|p2b: Longclaw|[spread] p2b\n|-activate|p2a: Brynden Rivers|move: Protect\n|-resisted|p2b: Longclaw\n|-damage|p2b: Longclaw|77\/100\n|move|p1a: Corviknight|Bulk Up|p1a: Corviknight\n|-boost|p1a: Corviknight|atk|1\n|-boost|p1a: Corviknight|def|1\n|\n|-weather|Sandstorm|[upkeep]\n|-damage|p2b: Longclaw|71\/100|[from] Sandstorm\n|-damage|p2a: Brynden Rivers|94\/100|[from] Sandstorm\n|upkeep\n|turn|3\n|\n|t:|1728879066\n|-terastallize|p1b: Tyranitar|Flying\n|move|p2a: Brynden Rivers|Haze|p2a: Brynden Rivers\n|-clearallboost\n|move|p2b: Longclaw|Close Combat|p1b: Tyranitar\n|-resisted|p1b: Tyranitar\n|-damage|p1b: Tyranitar|68\/100\n|-unboost|p2b: Longclaw|def|1\n|-unboost|p2b: Longclaw|spd|1\n|move|p1b: Tyranitar|Rock Slide|p2b: Longclaw|[spread] p2a,p2b\n|-supereffective|p2a: Brynden Rivers\n|-resisted|p2b: Longclaw\n|-damage|p2a: Brynden Rivers|33\/100\n|-damage|p2b: Longclaw|33\/100\n|move|p1a: Corviknight|Brave Bird|p2b: Longclaw\n|-supereffective|p2b: Longclaw\n|-damage|p2b: Longclaw|0 fnt\n|faint|p2b: Longclaw\n|-damage|p1a: Corviknight|92\/100|[from] Recoil\n|\n|-weather|Sandstorm|[upkeep]\n|-damage|p2a: Brynden Rivers|27\/100|[from] Sandstorm\n|-damage|p1b: Tyranitar|63\/100|[from] Sandstorm\n|upkeep\n|\n|t:|1728879072\n|switch|p2b: Evergreen|Abomasnow, L50, M|100\/100\n|-weather|Snow|[from] ability: Snow Warning|[of] p2b: Evergreen\n|turn|4\n|\n|t:|1728879096\n|move|p2a: Brynden Rivers|Foul Play|p1b: Tyranitar\n|-damage|p1b: Tyranitar|12\/100\n|move|p2b: Evergreen|Blizzard|p1b: Tyranitar|[spread] p1a,p1b\n|-crit|p1a: Corviknight\n|-supereffective|p1b: Tyranitar\n|-crit|p1b: Tyranitar\n|-damage|p1a: Corviknight|33\/100\n|-damage|p1b: Tyranitar|0 fnt\n|-enditem|p1a: Corviknight|Sitrus Berry|[eat]\n|-heal|p1a: Corviknight|58\/100|[from] item: Sitrus Berry\n|faint|p1b: Tyranitar\n|move|p1a: Corviknight|Brave Bird|p2a: Brynden Rivers\n|-damage|p2a: Brynden Rivers|0 fnt\n|faint|p2a: Brynden Rivers\n|-damage|p1a: Corviknight|51\/100|[from] Recoil\n|\n|-weather|Snow|[upkeep]\n|-sideend|p2: CanIBeatAle?|move: Tailwind\n|upkeep\n|\n|t:|1728879110\n|switch|p1b: Kommo-o|Kommo-o, L50, F|100\/100\n|switch|p2a: Houndfish|Basculegion, L50, M|100\/100\n|turn|5\n|\n|t:|1728879121\n|-terastallize|p2b: Evergreen|Fire\n|move|p2a: Houndfish|Last Respects|p1a: Corviknight\n|-damage|p1a: Corviknight|0 fnt\n|faint|p1a: Corviknight\n|move|p1b: Kommo-o|Aura Sphere|p2b: Evergreen\n|-damage|p2b: Evergreen|55\/100\n|move|p2b: Evergreen|Blizzard|p1b: Kommo-o\n|-supereffective|p1b: Kommo-o\n|-damage|p1b: Kommo-o|11\/100\n|\n|-weather|Snow|[upkeep]\n|upkeep\n|turn|6\n|-message|VGCNEOPHYTE forfeited.\n|\n|win|CanIBeatAle?\n|raw|VGCNEOPHYTE's rating: 1696 &rarr; <strong>1680<\/strong><br \/>(-16 for losing)\n|raw|CanIBeatAle?'s rating: 1769 &rarr; <strong>1785<\/strong><br \/>(+16 for winning)\n|l|\u2606VGCNEOPHYTE\n|player|p1|\n|l|\u2606CanIBeatAle?\n|player|p2|\n|j|\u2606CanIBeatAle?\n|player|p2|CanIBeatAle?|lucas|\n|l|\u2606CanIBeatAle?\n|player|p2|\n","uploadtime":1728879136,"views":22,"formatid":"gen9vgc2024regh","rating":1680,"private":0,"password":null}