{"id":"gen9vgc2024regh-2222062557","format":"[Gen 9] VGC 2024 Reg H","players":["ray4gej","Kronicler"],"log":"|j|\u2606ray4gej\n|j|\u2606Kronicler\n|t:|1728833136\n|gametype|doubles\n|player|p1|ray4gej|101|1708\n|player|p2|Kronicler|yellow|1759\n|teamsize|p1|6\n|teamsize|p2|6\n|gen|9\n|tier|[Gen 9] VGC 2024 Reg H\n|rated|\n|rule|Species Clause: Limit one of each Pok\u00e9mon\n|rule|Item Clause: Limit 1 of each item\n|clearpoke\n|poke|p1|Kleavor, L50, M|\n|poke|p1|Kingambit, L50, F|\n|poke|p1|Salamence, L50, F|\n|poke|p1|Rillaboom, L50, F|\n|poke|p1|Salazzle, L50, F|\n|poke|p1|Excadrill, L50, F|\n|poke|p2|Gengar, L50, M|\n|poke|p2|Volcarona, L50, M|\n|poke|p2|Amoonguss, L50, M|\n|poke|p2|Bisharp, L50, M|\n|poke|p2|Primarina, L50, M|\n|poke|p2|Gothitelle, L50, F|\n|teampreview|4\nKronicler rejected open team sheets.\n|inactive|Battle timer is ON: inactive players will automatically lose when time's up. (requested by Kronicler)\n|\n|t:|1728833177\n|start\n|switch|p1a: Salazzle|Salazzle, L50, F|100\/100\n|switch|p1b: Kleavor|Kleavor, L50, M|100\/100\n|switch|p2a: Volcarona|Volcarona, L50, M|100\/100\n|switch|p2b: Gengar|Gengar, L50, M|100\/100\n|turn|1\n|\n|t:|1728833191\n|move|p2a: Volcarona|Protect|p2a: Volcarona\n|-singleturn|p2a: Volcarona|Protect\n|move|p1b: Kleavor|X-Scissor|p2a: Volcarona\n|-activate|p2a: Volcarona|move: Protect\n|move|p1a: Salazzle|Overheat|p2b: Gengar\n|-enditem|p2b: Gengar|Focus Sash\n|-damage|p2b: Gengar|1\/100\n|-unboost|p1a: Salazzle|spa|2\n|move|p2b: Gengar|Icy Wind|p1a: Salazzle|[spread] p1a,p1b\n|-resisted|p1a: Salazzle\n|-damage|p1a: Salazzle|87\/100\n|-damage|p1b: Kleavor|77\/100\n|-unboost|p1a: Salazzle|spe|1\n|-unboost|p1b: Kleavor|spe|1\n|\n|upkeep\n|turn|2\n|inactive|ray4gej has 30 seconds left.\n|inactive|Kronicler has 30 seconds left.\n|\n|t:|1728833225\n|switch|p1b: Rillaboom|Rillaboom, L50, F|100\/100\n|-fieldstart|move: Grassy Terrain|[from] ability: Grassy Surge|[of] p1b: Rillaboom\n|move|p2b: Gengar|Icy Wind|p1a: Salazzle|[spread] p1a,p1b\n|-resisted|p1a: Salazzle\n|-supereffective|p1b: Rillaboom\n|-damage|p1a: Salazzle|74\/100\n|-damage|p1b: Rillaboom|80\/100\n|-unboost|p1a: Salazzle|spe|1\n|-unboost|p1b: Rillaboom|spe|1\n|move|p2a: Volcarona|Heat Wave|p1a: Salazzle|[spread] p1a,p1b\n|-resisted|p1a: Salazzle\n|-supereffective|p1b: Rillaboom\n|-damage|p1a: Salazzle|28\/100\n|-damage|p1b: Rillaboom|12\/100\n|-damage|p2a: Volcarona|91\/100|[from] item: Life Orb\n|move|p1a: Salazzle|Sludge Bomb|p2b: Gengar\n|-resisted|p2b: Gengar\n|-damage|p2b: Gengar|0 fnt\n|faint|p2b: Gengar\n|\n|-heal|p2a: Volcarona|97\/100|[from] Grassy Terrain\n|-heal|p1a: Salazzle|34\/100|[from] Grassy Terrain\n|-heal|p1b: Rillaboom|18\/100|[from] Grassy Terrain\n|upkeep\n|\n|t:|1728833242\n|switch|p2b: Bisharp|Bisharp, L50, M|100\/100\n|turn|3\n|\n|t:|1728833251\n|move|p1b: Rillaboom|Fake Out|p2a: Volcarona\n|-damage|p2a: Volcarona|76\/100\n|-status|p1b: Rillaboom|brn|[from] ability: Flame Body|[of] p2a: Volcarona\n|cant|p2a: Volcarona|flinch\n|move|p2b: Bisharp|Assurance|p1a: Salazzle\n|-damage|p1a: Salazzle|0 fnt\n|faint|p1a: Salazzle\n|\n|-heal|p2a: Volcarona|82\/100|[from] Grassy Terrain\n|-heal|p1b: Rillaboom|24\/100 brn|[from] Grassy Terrain\n|-damage|p1b: Rillaboom|18\/100 brn|[from] brn\n|upkeep\n|\n|t:|1728833262\n|switch|p1a: Excadrill|Excadrill, L50, F|100\/100\n|turn|4\n|\n|t:|1728833269\n|move|p1a: Excadrill|Protect|p1a: Excadrill\n|-singleturn|p1a: Excadrill|Protect\n|move|p2b: Bisharp|Sucker Punch||[still]\n|-fail|p2b: Bisharp\n|move|p2a: Volcarona|Heat Wave|p1b: Rillaboom|[spread] p1b\n|-activate|p1a: Excadrill|move: Protect\n|-supereffective|p1b: Rillaboom\n|-damage|p1b: Rillaboom|0 fnt\n|faint|p1b: Rillaboom\n|-damage|p2a: Volcarona|73\/100|[from] item: Life Orb\n|\n|-heal|p2a: Volcarona|79\/100|[from] Grassy Terrain\n|upkeep\n|\n|t:|1728833275\n|switch|p1b: Kleavor|Kleavor, L50, M|77\/100\n|turn|5\n|\n|t:|1728833296\n|-terastallize|p2a: Volcarona|Ground\n|move|p2b: Bisharp|Sucker Punch|p1a: Excadrill\n|-damage|p1a: Excadrill|40\/100\n|move|p1b: Kleavor|Stone Axe|p2b: Bisharp\n|-resisted|p2b: Bisharp\n|-damage|p2b: Bisharp|76\/100\n|-sidestart|p2: Kronicler|move: Stealth Rock\n|move|p2a: Volcarona|Tera Blast|p1a: Excadrill|[anim] Tera Blast Ground\n|-supereffective|p1a: Excadrill\n|-damage|p1a: Excadrill|0 fnt\n|faint|p1a: Excadrill\n|-damage|p2a: Volcarona|69\/100|[from] item: Life Orb\n|\n|-heal|p1b: Kleavor|83\/100|[from] Grassy Terrain\n|-heal|p2a: Volcarona|75\/100|[from] Grassy Terrain\n|-heal|p2b: Bisharp|82\/100|[from] Grassy Terrain\n|upkeep\n|turn|6\n|-message|ray4gej forfeited.\n|\n|win|Kronicler\n|raw|ray4gej's rating: 1708 &rarr; <strong>1691<\/strong><br \/>(-17 for losing)\n|raw|Kronicler's rating: 1759 &rarr; <strong>1776<\/strong><br \/>(+17 for winning)\n|l|\u2606ray4gej\n|player|p1|\n|l|\u2606Kronicler\n|player|p2|\n","uploadtime":1728833559,"views":19,"formatid":"gen9vgc2024regh","rating":1691,"private":0,"password":null}