{"id":"gen9vgc2024regh-2222789660","format":"[Gen 9] VGC 2024 Reg H","players":["urmomtest","maggeprutten"],"log":"|j|\u203durmomtest\n|j|\u2606maggeprutten\n|t:|1728924179\n|gametype|doubles\n|player|p1|urmomtest|riley|1695\n|player|p2|maggeprutten|supernerd|1788\n|teamsize|p1|6\n|teamsize|p2|6\n|gen|9\n|tier|[Gen 9] VGC 2024 Reg H\n|rated|\n|rule|Species Clause: Limit one of each Pok\u00e9mon\n|rule|Item Clause: Limit 1 of each item\n|clearpoke\n|poke|p1|Salamence, L50, F|\n|poke|p1|Garchomp, L50, M|\n|poke|p1|Amoonguss, L50, M|\n|poke|p1|Gholdengo, L50|\n|poke|p1|Kilowattrel, L50, M|\n|poke|p1|Tyranitar, L50, M|\n|poke|p2|Dondozo, L50, F|\n|poke|p2|Tatsugiri, L50, F|\n|poke|p2|Talonflame, L50, F|\n|poke|p2|Gholdengo, L50|\n|poke|p2|Glimmora, L50, M|\n|poke|p2|Dragonite, L50, F|\n|teampreview|4\n|inactive|Battle timer is ON: inactive players will automatically lose when time's up. (requested by maggeprutten)\n|\n|t:|1728924216\n|start\n|switch|p1a: Kilowattrel|Kilowattrel, L50, M|100\/100\n|switch|p1b: Salamence|Salamence, L50, F|100\/100\n|switch|p2a: Glimmora|Glimmora, L50, M|100\/100\n|switch|p2b: Dragonite|Dragonite, L50, F|100\/100\n|-ability|p1b: Salamence|Intimidate|boost\n|-unboost|p2a: Glimmora|atk|1\n|-fail|p2b: Dragonite|unboost|Attack|[from] ability: Inner Focus|[of] p2b: Dragonite\n|turn|1\n|inactive|maggeprutten has 30 seconds left.\n|inactive|maggeprutten has 20 seconds left.\n|inactive|maggeprutten has 15 seconds left.\n|inactiveoff|Battle timer is now OFF.\n|\n|t:|1728924269\n|-terastallize|p2b: Dragonite|Normal\n|move|p2b: Dragonite|Extreme Speed|p1a: Kilowattrel\n|-damage|p1a: Kilowattrel|0 fnt\n|faint|p1a: Kilowattrel\n|move|p1b: Salamence|Draco Meteor|p2b: Dragonite\n|-damage|p2b: Dragonite|41\/100\n|-unboost|p1b: Salamence|spa|2\n|move|p2a: Glimmora|Power Gem|p1b: Salamence\n|-supereffective|p1b: Salamence\n|-damage|p1b: Salamence|4\/100\n|\n|upkeep\n|inactive|Battle timer is ON: inactive players will automatically lose when time's up. (requested by urmomtest)\n|\n|t:|1728924277\n|switch|p1a: Amoonguss|Amoonguss, L50, M|100\/100\n|turn|2\n|inactive|maggeprutten has 30 seconds left.\n|inactive|maggeprutten has 20 seconds left.\n|\n|t:|1728924316\n|switch|p1b: Tyranitar|Tyranitar, L50, M|100\/100\n|-weather|Sandstorm|[from] ability: Sand Stream|[of] p1b: Tyranitar\n|move|p2b: Dragonite|Extreme Speed|p1a: Amoonguss\n|-damage|p1a: Amoonguss|42\/100\n|-enditem|p1a: Amoonguss|Sitrus Berry|[eat]\n|-heal|p1a: Amoonguss|67\/100|[from] item: Sitrus Berry\n|move|p2a: Glimmora|Sludge Bomb|p1b: Tyranitar\n|-resisted|p1b: Tyranitar\n|-damage|p1b: Tyranitar|92\/100\n|move|p1a: Amoonguss|Spore|p2b: Dragonite\n|-status|p2b: Dragonite|slp|[from] move: Spore\n|\n|-weather|Sandstorm|[upkeep]\n|-damage|p2b: Dragonite|35\/100 slp|[from] Sandstorm\n|-damage|p1a: Amoonguss|61\/100|[from] Sandstorm\n|upkeep\n|turn|3\n|inactive|maggeprutten has 30 seconds left.\n|\n|t:|1728924349\n|cant|p2b: Dragonite|slp\n|move|p2a: Glimmora|Sludge Bomb|p1a: Amoonguss\n|-damage|p1a: Amoonguss|23\/100\n|move|p1b: Tyranitar|Rock Slide|p2b: Dragonite|[spread] p2a,p2b\n|-damage|p2a: Glimmora|65\/100\n|-damage|p2b: Dragonite|0 fnt\n|-activate|p2a: Glimmora|ability: Toxic Debris\n|-sidestart|p1: urmomtest|move: Toxic Spikes\n|faint|p2b: Dragonite\n|move|p1a: Amoonguss|Leaf Storm|p2a: Glimmora\n|-damage|p2a: Glimmora|43\/100\n|-unboost|p1a: Amoonguss|spa|2\n|\n|-weather|Sandstorm|[upkeep]\n|-damage|p1a: Amoonguss|17\/100|[from] Sandstorm\n|upkeep\n|\n|t:|1728924364\n|switch|p2b: Dondozo|Dondozo, L50, F|100\/100\n|turn|4\n|\n|t:|1728924370\n|switch|p2a: Tatsugiri|Tatsugiri, L50, F|100\/100\n|-activate|p2a: Tatsugiri|ability: Commander|[of] p2b: Dondozo\n|-boost|p2b: Dondozo|atk|2\n|-boost|p2b: Dondozo|spa|2\n|-boost|p2b: Dondozo|spe|2\n|-boost|p2b: Dondozo|def|2\n|-boost|p2b: Dondozo|spd|2\n|switch|p1a: Salamence|Salamence, L50, F|4\/100\n|-ability|p1a: Salamence|Intimidate|boost\n|-unboost|p2a: Tatsugiri|atk|1\n|-unboost|p2b: Dondozo|atk|1\n|-terastallize|p1b: Tyranitar|Flying\n|move|p2b: Dondozo|Order Up|p1a: Salamence\n|-supereffective|p1a: Salamence\n|-damage|p1a: Salamence|0 fnt\n|faint|p1a: Salamence\n|-boost|p2b: Dondozo|atk|1\n|move|p1b: Tyranitar|Knock Off|p2b: Dondozo\n|-damage|p2b: Dondozo|80\/100\n|-enditem|p2b: Dondozo|Leftovers|[from] move: Knock Off|[of] p1b: Tyranitar\n|\n|-weather|Sandstorm|[upkeep]\n|-damage|p2a: Tatsugiri|94\/100|[from] Sandstorm\n|-damage|p2b: Dondozo|74\/100|[from] Sandstorm\n|-damage|p1b: Tyranitar|86\/100|[from] Sandstorm\n|upkeep\n|\n|t:|1728924383\n|switch|p1a: Amoonguss|Amoonguss, L50, M|50\/100\n|-sideend|p1: urmomtest|move: Toxic Spikes|[of] p1a: Amoonguss\n|turn|5\n|\n|t:|1728924395\n|move|p2b: Dondozo|Order Up|p1a: Amoonguss\n|-damage|p1a: Amoonguss|11\/100\n|-boost|p2b: Dondozo|atk|1\n|move|p1b: Tyranitar|Tera Blast|p2b: Dondozo|[anim] Tera Blast Flying\n|-damage|p2b: Dondozo|57\/100\n|move|p1a: Amoonguss|Spore|p2b: Dondozo\n|-status|p2b: Dondozo|slp|[from] move: Spore\n|\n|-weather|Sandstorm|[upkeep]\n|-damage|p2a: Tatsugiri|88\/100|[from] Sandstorm\n|-damage|p2b: Dondozo|50\/100 slp|[from] Sandstorm\n|-damage|p1b: Tyranitar|80\/100|[from] Sandstorm\n|-damage|p1a: Amoonguss|5\/100|[from] Sandstorm\n|upkeep\n|turn|6\n|\n|t:|1728924412\n|cant|p2b: Dondozo|slp\n|move|p1b: Tyranitar|Tera Blast|p2b: Dondozo|[anim] Tera Blast Flying\n|-damage|p2b: Dondozo|34\/100 slp\n|move|p1a: Amoonguss|Leaf Storm|p2b: Dondozo\n|-supereffective|p2b: Dondozo\n|-damage|p2b: Dondozo|0 fnt\n|-unboost|p1a: Amoonguss|spa|2\n|faint|p2b: Dondozo\n|\n|-weather|none\n|upkeep\n|\n|t:|1728924422\n|switch|p2b: Glimmora|Glimmora, L50, M|43\/100\n|turn|7\n|\n|t:|1728924437\n|move|p1a: Amoonguss|Rage Powder|p1a: Amoonguss\n|-singleturn|p1a: Amoonguss|move: Rage Powder\n|move|p2a: Tatsugiri|Dragon Pulse|p1a: Amoonguss\n|-damage|p1a: Amoonguss|0 fnt\n|faint|p1a: Amoonguss\n|move|p2b: Glimmora|Power Gem|p1b: Tyranitar\n|-supereffective|p1b: Tyranitar\n|-damage|p1b: Tyranitar|27\/100\n|move|p1b: Tyranitar|Knock Off|p2b: Glimmora\n|-damage|p2b: Glimmora|0 fnt\n|-activate|p2b: Glimmora|ability: Toxic Debris\n|-sidestart|p1: urmomtest|move: Toxic Spikes\n|-enditem|p2b: Glimmora|Assault Vest|[from] move: Knock Off|[of] p1b: Tyranitar\n|faint|p2b: Glimmora\n|\n|upkeep\n|turn|8\n|j| tzer99\n|\n|t:|1728924451\n|move|p2a: Tatsugiri|Dragon Pulse|p1b: Tyranitar\n|-damage|p1b: Tyranitar|3\/100\n|move|p1b: Tyranitar|Knock Off|p2a: Tatsugiri\n|-damage|p2a: Tatsugiri|0 fnt\n|-enditem|p2a: Tatsugiri|Choice Scarf|[from] move: Knock Off|[of] p1b: Tyranitar\n|faint|p2a: Tatsugiri\n|\n|win|urmomtest\n|raw|urmomtest's rating: 1695 &rarr; <strong>1720<\/strong><br \/>(+25 for winning)\n|raw|maggeprutten's rating: 1788 &rarr; <strong>1763<\/strong><br \/>(-25 for losing)\n|l|\u2606maggeprutten\n|player|p2|\n|l|\u203durmomtest\n|player|p1|\n","uploadtime":1728924466,"views":15,"formatid":"gen9vgc2024regh","rating":1720,"private":0,"password":null}