{"id":"gen9vgc2024regh-2222806621","format":"[Gen 9] VGC 2024 Reg H","players":["koolkidz4life","maggeprutten"],"log":"|j|\u2606koolkidz4life\n|j|\u2606maggeprutten\n|t:|1728925723\n|gametype|doubles\n|player|p1|koolkidz4life|101|1684\n|player|p2|maggeprutten|supernerd|1731\n|teamsize|p1|6\n|teamsize|p2|6\n|gen|9\n|tier|[Gen 9] VGC 2024 Reg H\n|rated|\n|rule|Species Clause: Limit one of each Pok\u00e9mon\n|rule|Item Clause: Limit 1 of each item\n|clearpoke\n|poke|p1|Arcanine-Hisui, L50, F|\n|poke|p1|Electabuzz, L50, M|\n|poke|p1|Whimsicott, L50, M|\n|poke|p1|Dragonite, L50, F|\n|poke|p1|Annihilape, L50, F|\n|poke|p1|Greninja-*, L50, M|\n|poke|p2|Dondozo, L50, F|\n|poke|p2|Tatsugiri, L50, F|\n|poke|p2|Talonflame, L50, F|\n|poke|p2|Gholdengo, L50|\n|poke|p2|Glimmora, L50, F|\n|poke|p2|Dragonite, L50, M|\n|teampreview|4\n|inactive|Battle timer is ON: inactive players will automatically lose when time's up. (requested by maggeprutten)\n|inactive|koolkidz4life has 60 seconds left.\n|\n|t:|1728925799\n|start\n|switch|p1a: Whimsicott|Whimsicott, L50, M|100\/100\n|switch|p1b: Dragonite|Dragonite, L50, F|100\/100\n|switch|p2a: Talonflame|Talonflame, L50, F|100\/100\n|switch|p2b: Glimmora|Glimmora, L50, F|100\/100\n|turn|1\n|\n|t:|1728925821\n|-terastallize|p2a: Talonflame|Stellar\n|-terastallize|p1b: Dragonite|Normal\n|move|p2a: Talonflame|Brave Bird|p1a: Whimsicott\n|-supereffective|p1a: Whimsicott\n|-damage|p1a: Whimsicott|0 fnt\n|faint|p1a: Whimsicott\n|-damage|p2a: Talonflame|67\/100|[from] Recoil\n|move|p2b: Glimmora|Power Gem|p1b: Dragonite\n|-damage|p1b: Dragonite|60\/100\n|move|p1b: Dragonite|Stomping Tantrum|p2b: Glimmora\n|-supereffective|p2b: Glimmora\n|-damage|p2b: Glimmora|0 fnt\n|-activate|p2b: Glimmora|ability: Toxic Debris\n|-sidestart|p1: koolkidz4life|move: Toxic Spikes\n|faint|p2b: Glimmora\n|-damage|p1b: Dragonite|50\/100|[from] item: Life Orb\n|\n|upkeep\n|\n|t:|1728925838\n|switch|p1a: Greninja|Greninja, L50, M|100\/100\n|switch|p2b: Dondozo|Dondozo, L50, F|100\/100\n|-status|p1a: Greninja|psn\n|turn|2\n|inactive|maggeprutten has 30 seconds left.\n|\n|t:|1728925864\n|switch|p2a: Tatsugiri|Tatsugiri, L50, F|100\/100\n|-activate|p2a: Tatsugiri|ability: Commander|[of] p2b: Dondozo\n|-boost|p2b: Dondozo|atk|2\n|-boost|p2b: Dondozo|spa|2\n|-boost|p2b: Dondozo|spe|2\n|-boost|p2b: Dondozo|def|2\n|-boost|p2b: Dondozo|spd|2\n|move|p1b: Dragonite|Extreme Speed|p2a: Tatsugiri|[miss]\n|-miss|p1b: Dragonite|p2a: Tatsugiri\n|move|p1a: Greninja|Dark Pulse|p2b: Dondozo\n|-start|p1a: Greninja|typechange|Dark|[from] ability: Protean\n|-damage|p2b: Dondozo|71\/100\n|move|p2b: Dondozo|Earthquake|p1b: Dragonite|[spread] p1a,p1b\n|-miss|p2b: Dondozo|p2a: Tatsugiri\n|-crit|p1b: Dragonite\n|-damage|p1a: Greninja|17\/100 psn\n|-damage|p1b: Dragonite|0 fnt\n|faint|p1b: Dragonite\n|\n|-heal|p2b: Dondozo|77\/100|[from] item: Leftovers\n|-damage|p1a: Greninja|5\/100 psn|[from] psn\n|upkeep\n|\n|t:|1728925881\n|switch|p1b: Annihilape|Annihilape, L50, F|100\/100\n|-status|p1b: Annihilape|psn\n|turn|3\n|\n|t:|1728925891\n|move|p1a: Greninja|Dark Pulse|p2b: Dondozo\n|-damage|p2b: Dondozo|44\/100\n|cant|p2b: Dondozo|flinch\n|move|p1b: Annihilape|Drain Punch|p2b: Dondozo\n|-damage|p2b: Dondozo|31\/100\n|\n|-heal|p2b: Dondozo|37\/100|[from] item: Leftovers\n|-damage|p1a: Greninja|0 fnt|[from] psn\n|faint|p1a: Greninja\n|-damage|p1b: Annihilape|88\/100 psn|[from] psn\n|upkeep\n|turn|4\n|\n|t:|1728925905\n|move|p2b: Dondozo|Protect|p2b: Dondozo\n|-singleturn|p2b: Dondozo|Protect\n|move|p1b: Annihilape|Rage Fist|p2b: Dondozo\n|-activate|p2b: Dondozo|move: Protect\n|\n|-heal|p2b: Dondozo|43\/100|[from] item: Leftovers\n|-damage|p1b: Annihilape|76\/100 psn|[from] psn\n|upkeep\n|turn|5\n|\n|t:|1728925918\n|move|p2b: Dondozo|Wave Crash|p1b: Annihilape\n|-damage|p1b: Annihilape|0 fnt\n|faint|p1b: Annihilape\n|-damage|p2b: Dondozo|19\/100|[from] Recoil\n|\n|win|maggeprutten\n|raw|koolkidz4life's rating: 1684 &rarr; <strong>1667<\/strong><br \/>(-17 for losing)\n|raw|maggeprutten's rating: 1731 &rarr; <strong>1748<\/strong><br \/>(+17 for winning)\n|l|\u2606koolkidz4life\n|player|p1|\n|l|\u2606maggeprutten\n|player|p2|\n","uploadtime":1728926094,"views":8,"formatid":"gen9vgc2024regh","rating":1667,"private":0,"password":null}