{"id":"gen9vgc2024regh-2222160411","format":"[Gen 9] VGC 2024 Reg H","players":["datbishgames","SOLOLUMINEONING"],"log":"|j|\u2606datbishgames\n|j|\u2606SOLOLUMINEONING\n|t:|1728844110\n|gametype|doubles\n|player|p1|datbishgames|mira|1720\n|player|p2|SOLOLUMINEONING|magmasuit|1778\n|teamsize|p1|6\n|teamsize|p2|6\n|gen|9\n|tier|[Gen 9] VGC 2024 Reg H\n|rated|\n|rule|Species Clause: Limit one of each Pok\u00e9mon\n|rule|Item Clause: Limit 1 of each item\n|clearpoke\n|poke|p1|Whimsicott, L50, F|\n|poke|p1|Basculegion, L50, M|\n|poke|p1|Arcanine-Hisui, L50, F|\n|poke|p1|Hydreigon, L50, F|\n|poke|p1|Farigiraf, L50, F|\n|poke|p1|Pawmot, L50, F|\n|poke|p2|Sneasler, L50, M|\n|poke|p2|Indeedee, L50, M|\n|poke|p2|Murkrow, L50, M|\n|poke|p2|Dragapult, L50, M|\n|poke|p2|Decidueye-Hisui, L50, F|\n|poke|p2|Typhlosion-Hisui, L50, F|\n|teampreview|4\n|inactive|Battle timer is ON: inactive players will automatically lose when time's up. (requested by SOLOLUMINEONING)\n|inactive|datbishgames also wants the timer to be on.\n|inactive|datbishgames has 60 seconds left.\n|inactive|SOLOLUMINEONING has 60 seconds left.\n|\n|t:|1728844144\n|start\n|switch|p1a: Whimsicott|Whimsicott, L50, F|100\/100\n|switch|p1b: Hydreigon|Hydreigon, L50, F|100\/100\n|switch|p2a: Patrick Bateman|Indeedee, L50, M, shiny|100\/100\n|switch|p2b: Paul Allen|Sneasler, L50, M, shiny|100\/100\n|-fieldstart|move: Psychic Terrain|[from] ability: Psychic Surge|[of] p2a: Patrick Bateman\n|-enditem|p2b: Paul Allen|Psychic Seed\n|-boost|p2b: Paul Allen|spd|1|[from] item: Psychic Seed\n|turn|1\n|\n|t:|1728844168\n|-terastallize|p1b: Hydreigon|Fire\n|move|p1a: Whimsicott|Tailwind|p1a: Whimsicott\n|-sidestart|p1: datbishgames|move: Tailwind\n|move|p2b: Paul Allen|Dire Claw|p1a: Whimsicott\n|-supereffective|p1a: Whimsicott\n|-damage|p1a: Whimsicott|0 fnt\n|faint|p1a: Whimsicott\n|move|p1b: Hydreigon|Heat Wave|p2a: Patrick Bateman|[spread] p2a,p2b\n|-damage|p2a: Patrick Bateman|27\/100\n|-damage|p2b: Paul Allen|50\/100\n|-damage|p1b: Hydreigon|91\/100|[from] item: Life Orb\n|move|p2a: Patrick Bateman|Expanding Force|p1b: Hydreigon\n|-damage|p1b: Hydreigon|4\/100\n|\n|upkeep\n|\n|t:|1728844191\n|switch|p1a: Basculegion|Basculegion, L50, M|100\/100\n|turn|2\n|\n|t:|1728844203\n|switch|p2a: Luis Carruthers|Murkrow, L50, M, shiny|100\/100\n|move|p2b: Paul Allen|Protect|p2b: Paul Allen\n|-singleturn|p2b: Paul Allen|Protect\n|move|p1b: Hydreigon|Protect|p1b: Hydreigon\n|-singleturn|p1b: Hydreigon|Protect\n|move|p1a: Basculegion|Wave Crash|p2b: Paul Allen\n|-activate|p2b: Paul Allen|move: Protect\n|\n|upkeep\n|turn|3\n|\n|t:|1728844218\n|-terastallize|p2b: Paul Allen|Dark\n|move|p1b: Hydreigon|Protect||[still]\n|-fail|p1b: Hydreigon\n|move|p2a: Luis Carruthers|Tailwind|p2a: Luis Carruthers\n|-sidestart|p2: SOLOLUMINEONING|move: Tailwind\n|move|p2b: Paul Allen|Throat Chop|p1a: Basculegion\n|-supereffective|p1a: Basculegion\n|-damage|p1a: Basculegion|8\/100\n|-start|p1a: Basculegion|Throat Chop|[silent]\n|move|p1a: Basculegion|Wave Crash|p2b: Paul Allen\n|-damage|p2b: Paul Allen|0 fnt\n|faint|p2b: Paul Allen\n|-damage|p1a: Basculegion|0 fnt|[from] Recoil\n|faint|p1a: Basculegion\n|\n|upkeep\n|\n|t:|1728844227\n|switch|p2b: Marcus Halberstram|Dragapult, L50, M|100\/100\n|switch|p1a: Pawmot|Pawmot, L50, F|100\/100\n|turn|4\n|\n|t:|1728844236\n|move|p2b: Marcus Halberstram|Dragon Darts|p1a: Pawmot\n|-damage|p1a: Pawmot|38\/100\n|-anim|p2b: Marcus Halberstram|Dragon Darts|p1b: Hydreigon\n|-damage|p1b: Hydreigon|0 fnt\n|faint|p1b: Hydreigon\n|move|p1a: Pawmot|Revival Blessing|p1a: Pawmot\n|\n|t:|1728844247\n|-heal|p1: Whimsicott|50\/100|[from] move: Revival Blessing\n|move|p2a: Luis Carruthers|Foul Play|p1a: Pawmot\n|-resisted|p1a: Pawmot\n|-crit|p1a: Pawmot\n|-damage|p1a: Pawmot|0 fnt\n|faint|p1a: Pawmot\n|\n|-sideend|p1: datbishgames|move: Tailwind\n|upkeep\n|\n|t:|1728844253\n|switch|p1b: Whimsicott|Whimsicott, L50, F|50\/100\n|turn|5\n|\n|t:|1728844260\n|switch|p2b: Patrick Bateman|Indeedee, L50, M, shiny|27\/100\n|move|p2a: Luis Carruthers|Foul Play|p1b: Whimsicott\n|-resisted|p1b: Whimsicott\n|-damage|p1b: Whimsicott|41\/100\n|move|p1b: Whimsicott|Moonblast|p2a: Luis Carruthers\n|-supereffective|p2a: Luis Carruthers\n|-damage|p2a: Luis Carruthers|50\/100\n|\n|-fieldend|move: Psychic Terrain\n|upkeep\n|turn|6\n|-message|datbishgames forfeited.\n|\n|win|SOLOLUMINEONING\n|raw|datbishgames's rating: 1720 &rarr; <strong>1703<\/strong><br \/>(-17 for losing)\n|raw|SOLOLUMINEONING's rating: 1778 &rarr; <strong>1795<\/strong><br \/>(+17 for winning)\n|l|\u2606datbishgames\n|player|p1|\n|l|\u2606SOLOLUMINEONING\n|player|p2|\n","uploadtime":1728844499,"views":13,"formatid":"gen9vgc2024regh","rating":1703,"private":0,"password":null}