{"id":"gen9vgc2024regh-2222459748","format":"[Gen 9] VGC 2024 Reg H","players":["Yastgutdwiiys","haseulism"],"log":"|j|\u2606Yastgutdwiiys\n|j|\u2606haseulism\n|t:|1728880042\n|gametype|doubles\n|player|p1|Yastgutdwiiys|lass-gen8|1706\n|player|p2|haseulism|1|1798\n|teamsize|p1|6\n|teamsize|p2|6\n|gen|9\n|tier|[Gen 9] VGC 2024 Reg H\n|rated|\n|rule|Species Clause: Limit one of each Pok\u00e9mon\n|rule|Item Clause: Limit 1 of each item\n|clearpoke\n|poke|p1|Basculegion-F, L50, F|\n|poke|p1|Pelipper, L50, F|\n|poke|p1|Rillaboom, L50, M|\n|poke|p1|Kingambit, L50, F|\n|poke|p1|Archaludon, L50, M|\n|poke|p1|Incineroar, L50, M|\n|poke|p2|Snorlax, L50, F|\n|poke|p2|Indeedee-F, L50, F|\n|poke|p2|Incineroar, L50, M|\n|poke|p2|Hatterene, L50, F|\n|poke|p2|Torkoal, L50, M|\n|poke|p2|Porygon2, L50|\n|teampreview|4\n|\n|t:|1728880062\n|start\n|switch|p1a: Basculegion|Basculegion-F, L50, F, shiny|100\/100\n|switch|p1b: Rillaboom|Rillaboom, L50, M|100\/100\n|switch|p2a: Porygon2|Porygon2, L50|100\/100\n|switch|p2b: Hatterene|Hatterene, L50, F|100\/100\n|-fieldstart|move: Grassy Terrain|[from] ability: Grassy Surge|[of] p1b: Rillaboom\n|-ability|p2a: Porygon2|Download|boost\n|-boost|p2a: Porygon2|spa|1\n|turn|1\n|\n|t:|1728880081\n|switch|p2a: Indeedee|Indeedee-F, L50, F|100\/100\n|-fieldstart|move: Psychic Terrain|[from] ability: Psychic Surge|[of] p2a: Indeedee\n|-enditem|p2a: Indeedee|Psychic Seed\n|-boost|p2a: Indeedee|spd|1|[from] item: Psychic Seed\n|-terastallize|p1a: Basculegion|Water\n|-terastallize|p2b: Hatterene|Water\n|move|p1b: Rillaboom|Knock Off|p2a: Indeedee\n|-supereffective|p2a: Indeedee\n|-crit|p2a: Indeedee\n|-damage|p2a: Indeedee|25\/100\n|move|p1a: Basculegion|Muddy Water|p2b: Hatterene|[spread] p2a,p2b\n|-resisted|p2b: Hatterene\n|-damage|p2a: Indeedee|0 fnt\n|-damage|p2b: Hatterene|73\/100\n|faint|p2a: Indeedee\n|move|p2b: Hatterene|Trick Room|p2b: Hatterene\n|-fieldstart|move: Trick Room|[of] p2b: Hatterene\n|\n|upkeep\n|\n|t:|1728880097\n|switch|p2a: Porygon2|Porygon2, L50|100\/100\n|-ability|p2a: Porygon2|Download|boost\n|-boost|p2a: Porygon2|spa|1\n|turn|2\n|\n|t:|1728880103\n|switch|p1a: Archaludon|Archaludon, L50, M, shiny|100\/100\n|move|p1b: Rillaboom|Protect|p1b: Rillaboom\n|-singleturn|p1b: Rillaboom|Protect\n|move|p2b: Hatterene|Expanding Force|p1a: Archaludon|[spread] p1a\n|-activate|p1b: Rillaboom|move: Protect\n|-resisted|p1a: Archaludon\n|-crit|p1a: Archaludon\n|-damage|p1a: Archaludon|61\/100\n|-ability|p1a: Archaludon|Stamina|boost\n|-boost|p1a: Archaludon|def|1\n|-damage|p2b: Hatterene|63\/100|[from] item: Life Orb\n|move|p2a: Porygon2|Ice Beam|p1b: Rillaboom\n|-activate|p1b: Rillaboom|move: Protect\n|\n|upkeep\n|turn|3\n|\n|t:|1728880119\n|switch|p1b: Pelipper|Pelipper, L50, F|100\/100\n|-weather|RainDance|[from] ability: Drizzle|[of] p1b: Pelipper\n|move|p2b: Hatterene|Expanding Force|p1b: Pelipper|[spread] p1a,p1b\n|-resisted|p1a: Archaludon\n|-damage|p1a: Archaludon|35\/100\n|-damage|p1b: Pelipper|0 fnt\n|-ability|p1a: Archaludon|Stamina|boost\n|-boost|p1a: Archaludon|def|1\n|faint|p1b: Pelipper\n|-damage|p2b: Hatterene|54\/100|[from] item: Life Orb\n|move|p2a: Porygon2|Ice Beam|p1a: Archaludon\n|-damage|p1a: Archaludon|8\/100\n|-ability|p1a: Archaludon|Stamina|boost\n|-boost|p1a: Archaludon|def|1\n|move|p1a: Archaludon|Electro Shot||[still]\n|-prepare|p1a: Archaludon|Electro Shot\n|-boost|p1a: Archaludon|spa|1\n|-anim|p1a: Archaludon|Electro Shot|p2b: Hatterene\n|-supereffective|p2b: Hatterene\n|-damage|p2b: Hatterene|0 fnt\n|faint|p2b: Hatterene\n|\n|-weather|RainDance|[upkeep]\n|upkeep\n|\n|t:|1728880140\n|switch|p2b: Torkoal|Torkoal, L50, M|100\/100\n|switch|p1b: Rillaboom|Rillaboom, L50, M|100\/100\n|-weather|SunnyDay|[from] ability: Drought|[of] p2b: Torkoal\n|-fieldstart|move: Grassy Terrain|[from] ability: Grassy Surge|[of] p1b: Rillaboom\n|turn|4\n|\n|t:|1728880156\n|move|p1b: Rillaboom|Protect|p1b: Rillaboom\n|-singleturn|p1b: Rillaboom|Protect\n|move|p2b: Torkoal|Eruption|p1b: Rillaboom|[spread] p1a\n|-activate|p1b: Rillaboom|move: Protect\n|-damage|p1a: Archaludon|0 fnt\n|faint|p1a: Archaludon\n|move|p2a: Porygon2|Ice Beam|p1b: Rillaboom\n|-activate|p1b: Rillaboom|move: Protect\n|\n|-weather|SunnyDay|[upkeep]\n|upkeep\n|\n|t:|1728880164\n|switch|p1a: Basculegion|Basculegion-F, L50, F, shiny, tera:Water|100\/100\n|turn|5\n|\n|t:|1728880172\n|move|p2b: Torkoal|Eruption|p1b: Rillaboom|[spread] p1a,p1b\n|-resisted|p1a: Basculegion\n|-supereffective|p1b: Rillaboom\n|-damage|p1a: Basculegion|55\/100\n|-damage|p1b: Rillaboom|0 fnt\n|faint|p1b: Rillaboom\n|move|p2a: Porygon2|Tri Attack|p1a: Basculegion\n|-damage|p1a: Basculegion|4\/100\n|move|p1a: Basculegion|Muddy Water|p2a: Porygon2|[spread] p2a,p2b\n|-supereffective|p2b: Torkoal\n|-damage|p2a: Porygon2|81\/100\n|-damage|p2b: Torkoal|17\/100\n|\n|-weather|SunnyDay|[upkeep]\n|-heal|p2b: Torkoal|23\/100|[from] Grassy Terrain\n|-heal|p2a: Porygon2|86\/100|[from] Grassy Terrain\n|-heal|p1a: Basculegion|10\/100|[from] Grassy Terrain\n|-fieldend|move: Trick Room\n|upkeep\n|turn|6\n|\n|t:|1728880183\n|move|p1a: Basculegion|Muddy Water|p2a: Porygon2|[spread] p2a,p2b\n|-supereffective|p2b: Torkoal\n|-damage|p2a: Porygon2|65\/100\n|-damage|p2b: Torkoal|0 fnt\n|faint|p2b: Torkoal\n|move|p2a: Porygon2|Tri Attack|p1a: Basculegion\n|-crit|p1a: Basculegion\n|-damage|p1a: Basculegion|0 fnt\n|faint|p1a: Basculegion\n|\n|win|haseulism\n|raw|Yastgutdwiiys's rating: 1706 &rarr; <strong>1691<\/strong><br \/>(-15 for losing)\n|raw|haseulism's rating: 1798 &rarr; <strong>1813<\/strong><br \/>(+15 for winning)\n|c|\u2606Yastgutdwiiys|gg\n|l|\u2606Yastgutdwiiys\n|player|p1|\n|l|\u2606haseulism\n|player|p2|\n","uploadtime":1728880373,"views":20,"formatid":"gen9vgc2024regh","rating":1691,"private":0,"password":null}