{"id":"gen9vgc2024regh-2222166071","format":"[Gen 9] VGC 2024 Reg H","players":["BetterCallHall","Diddle08"],"log":"|j|\u2606BetterCallHall\n|j|\u2606Diddle08\n|t:|1728844719\n|gametype|doubles\n|player|p1|BetterCallHall|265|1687\n|player|p2|Diddle08|2|1767\n|teamsize|p1|6\n|teamsize|p2|6\n|gen|9\n|tier|[Gen 9] VGC 2024 Reg H\n|rated|\n|rule|Species Clause: Limit one of each Pok\u00e9mon\n|rule|Item Clause: Limit 1 of each item\n|clearpoke\n|poke|p1|Cinccino, L50, F|\n|poke|p1|Indeedee, L50, M|\n|poke|p1|Drifblim, L50, M|\n|poke|p1|Clefable, L50, F|\n|poke|p1|Rotom-Heat, L50|\n|poke|p1|Ursaluna, L50, M|\n|poke|p2|Blastoise, L50, M|\n|poke|p2|Volcarona, L50, F|\n|poke|p2|Weezing, L50, M|\n|poke|p2|Slaking, L50, F|\n|poke|p2|Dragapult, L50, F|\n|poke|p2|Sneasler, L50, M|\n|teampreview|4\n|inactive|Battle timer is ON: inactive players will automatically lose when time's up. (requested by Diddle08)\n|inactive|Diddle08 has 60 seconds left.\n|\n|t:|1728844759\n|start\n|switch|p1a: Cinccino|Cinccino, L50, F|100\/100\n|switch|p1b: Clefable|Clefable, L50, F|100\/100\n|switch|p2a: Slaking|Slaking, L50, F|100\/100\n|switch|p2b: Weezing|Weezing, L50, M, shiny|100\/100\n|-ability|p2b: Weezing|Neutralizing Gas\n|turn|1\n|\n|t:|1728844777\n|move|p1b: Clefable|Follow Me|p1b: Clefable\n|-singleturn|p1b: Clefable|move: Follow Me\n|move|p1a: Cinccino|Tidy Up|p1a: Cinccino\n|-boost|p1a: Cinccino|atk|1\n|-boost|p1a: Cinccino|spe|1\n|move|p2a: Slaking|Double-Edge|p1b: Clefable\n|-damage|p1b: Clefable|15\/100\n|-damage|p2a: Slaking|75\/100|[from] Recoil\n|-damage|p2a: Slaking|66\/100|[from] item: Life Orb\n|move|p2b: Weezing|Sludge Bomb|p1b: Clefable\n|-supereffective|p1b: Clefable\n|-damage|p1b: Clefable|0 fnt\n|faint|p1b: Clefable\n|\n|upkeep\n|\n|t:|1728844785\n|switch|p1b: Rotom|Rotom-Heat, L50|100\/100\n|turn|2\n|\n|t:|1728844807\n|-terastallize|p2a: Slaking|Ghost\n|move|p1a: Cinccino|Tail Slap|p2a: Slaking\n|-immune|p2a: Slaking\n|move|p2a: Slaking|Double-Edge|p1a: Cinccino\n|-damage|p1a: Cinccino|0 fnt\n|faint|p1a: Cinccino\n|-damage|p2a: Slaking|43\/100|[from] Recoil\n|-damage|p2a: Slaking|34\/100|[from] item: Life Orb\n|move|p1b: Rotom|Thunderbolt|p2b: Weezing\n|-damage|p2b: Weezing|25\/100\n|-status|p2b: Weezing|par\n|-enditem|p2b: Weezing|Sitrus Berry|[eat]\n|-heal|p2b: Weezing|50\/100 par|[from] item: Sitrus Berry\n|cant|p2b: Weezing|par\n|\n|upkeep\n|\n|t:|1728844810\n|switch|p1a: Indeedee|Indeedee, L50, M|100\/100\n|turn|3\n|inactive|Diddle08 has 30 seconds left.\n|\n|t:|1728844840\n|cant|p2b: Weezing|par\n|move|p2a: Slaking|Double-Edge|p1a: Indeedee\n|-enditem|p1a: Indeedee|Focus Sash\n|-damage|p1a: Indeedee|1\/100\n|-damage|p2a: Slaking|9\/100|[from] Recoil\n|-damage|p2a: Slaking|0 fnt|[from] item: Life Orb\n|faint|p2a: Slaking\n|move|p1b: Rotom|Thunderbolt|p2b: Weezing\n|-damage|p2b: Weezing|0 fnt\n|faint|p2b: Weezing\n|-end|p2b: Weezing|ability: Neutralizing Gas\n|-fieldstart|move: Psychic Terrain|[from] ability: Psychic Surge|[of] p1a: Indeedee\n|move|p1a: Indeedee|Expanding Force|p2: Slaking|[notarget]\n|-fail|p1a: Indeedee\n|\n|upkeep\n|\n|t:|1728844858\n|switch|p2a: Dragapult|Dragapult, L50, F|100\/100\n|switch|p2b: Blastoise|Blastoise, L50, M|100\/100\n|turn|4\n|\n|t:|1728844873\n|-terastallize|p1b: Rotom|Electric\n|move|p2b: Blastoise|Aqua Jet|p1b: Rotom\n|-hint|Psychic Terrain doesn't affect Pok\u00e9mon immune to Ground.\n|-damage|p1b: Rotom|85\/100\n|move|p2a: Dragapult|Dragon Darts|p1a: Indeedee\n|-damage|p1a: Indeedee|0 fnt\n|-anim|p2a: Dragapult|Dragon Darts|p1b: Rotom\n|-damage|p1b: Rotom|40\/100\n|faint|p1a: Indeedee\n|move|p1b: Rotom|Thunderbolt|p2a: Dragapult\n|-resisted|p2a: Dragapult\n|-damage|p2a: Dragapult|38\/100\n|\n|upkeep\n|turn|5\n|-message|BetterCallHall forfeited.\n|\n|win|Diddle08\n|raw|BetterCallHall's rating: 1687 &rarr; <strong>1672<\/strong><br \/>(-15 for losing)\n|raw|Diddle08's rating: 1767 &rarr; <strong>1782<\/strong><br \/>(+15 for winning)\n|l|\u2606BetterCallHall\n|player|p1|\n|l|\u2606Diddle08\n|player|p2|\n","uploadtime":1728845045,"views":14,"formatid":"gen9vgc2024regh","rating":1672,"private":0,"password":null}