{"id":"gen9vgc2024regh-2222145430","format":"[Gen 9] VGC 2024 Reg H","players":["rengeki style","VGCNEOPHYTE"],"log":"|j|\u2606rengeki style\n|j|\u2606VGCNEOPHYTE\n|t:|1728842484\n|gametype|doubles\n|player|p1|rengeki style|170|1661\n|player|p2|VGCNEOPHYTE|chuck|1718\n|teamsize|p1|6\n|teamsize|p2|6\n|gen|9\n|tier|[Gen 9] VGC 2024 Reg H\n|rated|\n|rule|Species Clause: Limit one of each Pok\u00e9mon\n|rule|Item Clause: Limit 1 of each item\n|clearpoke\n|poke|p1|Garganacl, L50, M|\n|poke|p1|Ursaluna-Bloodmoon, L50, M|\n|poke|p1|Glimmora, L50, M|\n|poke|p1|Sinistcha, L50|\n|poke|p1|Annihilape, L50, M|\n|poke|p1|Incineroar, L50, F|\n|poke|p2|Kommo-o, L50, M|\n|poke|p2|Tyranitar, L50, M|\n|poke|p2|Excadrill, L50, F|\n|poke|p2|Samurott-Hisui, L50, F|\n|poke|p2|Corviknight, L50, M|\n|poke|p2|Indeedee, L50, M|\n|teampreview|4\n|inactive|Battle timer is ON: inactive players will automatically lose when time's up. (requested by VGCNEOPHYTE)\n|inactive|rengeki style has 60 seconds left.\n|inactive|VGCNEOPHYTE has 60 seconds left.\n|\n|t:|1728842520\n|start\n|switch|p1a: Incineroar|Incineroar, L50, F|100\/100\n|switch|p1b: Garganacl|Garganacl, L50, M|100\/100\n|switch|p2a: Indeedee|Indeedee, L50, M|100\/100\n|switch|p2b: Samurott|Samurott-Hisui, L50, F|100\/100\n|-fieldstart|move: Psychic Terrain|[from] ability: Psychic Surge|[of] p2a: Indeedee\n|-enditem|p2a: Indeedee|Psychic Seed\n|-boost|p2a: Indeedee|spd|1|[from] item: Psychic Seed\n|-ability|p1a: Incineroar|Intimidate|boost\n|-unboost|p2a: Indeedee|atk|1\n|-unboost|p2b: Samurott|atk|1\n|turn|1\n|inactive|rengeki style has 30 seconds left.\n|inactive|rengeki style has 20 seconds left.\n|\n|t:|1728842556\n|move|p1b: Garganacl|Protect|p1b: Garganacl\n|-singleturn|p1b: Garganacl|Protect\n|move|p2b: Samurott|Razor Shell|p1a: Incineroar\n|-supereffective|p1a: Incineroar\n|-damage|p1a: Incineroar|37\/100\n|-unboost|p1a: Incineroar|def|1\n|move|p2a: Indeedee|Expanding Force|p1a: Incineroar|[spread] \n|-activate|p1b: Garganacl|move: Protect\n|-immune|p1a: Incineroar\n|move|p1a: Incineroar|Parting Shot|p2a: Indeedee\n|-unboost|p2a: Indeedee|atk|1\n|-unboost|p2a: Indeedee|spa|1\n|\n|t:|1728842572\n|switch|p1a: Ursaluna|Ursaluna-Bloodmoon, L50, M|100\/100|[from] Parting Shot\n|\n|upkeep\n|turn|2\n|\n|t:|1728842586\n|switch|p1a: Incineroar|Incineroar, L50, F|37\/100\n|-ability|p1a: Incineroar|Intimidate|boost\n|-unboost|p2a: Indeedee|atk|1\n|-unboost|p2b: Samurott|atk|1\n|move|p2b: Samurott|Razor Shell|p1b: Garganacl\n|-supereffective|p1b: Garganacl\n|-damage|p1b: Garganacl|65\/100\n|move|p2a: Indeedee|Expanding Force|p1a: Incineroar|[spread] p1b\n|-immune|p1a: Incineroar\n|-damage|p1b: Garganacl|42\/100\n|move|p1b: Garganacl|Iron Defense|p1b: Garganacl\n|-boost|p1b: Garganacl|def|2\n|\n|-heal|p1b: Garganacl|47\/100|[from] item: Leftovers\n|upkeep\n|turn|3\n|j| TheBeanTester\n|\n|t:|1728842606\n|switch|p2b: Kommo-o|Kommo-o, L50, M|100\/100\n|switch|p1a: Sinistcha|Sinistcha, L50|100\/100\n|-heal|p1b: Garganacl|72\/100|[from] ability: Hospitality|[of] p1a: Sinistcha\n|move|p1b: Garganacl|Protect|p1b: Garganacl\n|-singleturn|p1b: Garganacl|Protect\n|move|p2a: Indeedee|Expanding Force|p1a: Sinistcha|[spread] p1a\n|-activate|p1b: Garganacl|move: Protect\n|-damage|p1a: Sinistcha|74\/100\n|\n|-heal|p1b: Garganacl|78\/100|[from] item: Leftovers\n|upkeep\n|turn|4\n|\n|t:|1728842626\n|switch|p2a: Corviknight|Corviknight, L50, M|100\/100\n|-terastallize|p1b: Garganacl|Flying\n|move|p2b: Kommo-o|Aura Sphere|p1b: Garganacl\n|-resisted|p1b: Garganacl\n|-damage|p1b: Garganacl|58\/100\n|move|p1a: Sinistcha|Matcha Gotcha|p2a: Corviknight|[spread] p2a,p2b\n|-resisted|p2a: Corviknight\n|-resisted|p2b: Kommo-o\n|-damage|p2a: Corviknight|95\/100\n|-heal|p1a: Sinistcha|78\/100|[from] drain|[of] p2a: Corviknight\n|-damage|p2b: Kommo-o|88\/100\n|-heal|p1a: Sinistcha|84\/100|[from] drain|[of] p2b: Kommo-o\n|move|p1b: Garganacl|Salt Cure|p2a: Corviknight\n|-damage|p2a: Corviknight|83\/100\n|-start|p2a: Corviknight|Salt Cure\n|\n|-heal|p1b: Garganacl|63\/100|[from] item: Leftovers\n|-damage|p2a: Corviknight|58\/100|[from] Salt Cure\n|upkeep\n|turn|5\n|inactive|rengeki style has 30 seconds left.\n|\n|t:|1728842653\n|switch|p2b: Indeedee|Indeedee, L50, M|100\/100\n|move|p2a: Corviknight|Taunt|p1a: Sinistcha\n|-start|p1a: Sinistcha|move: Taunt\n|move|p1b: Garganacl|Salt Cure|p2b: Indeedee\n|-damage|p2b: Indeedee|84\/100\n|-start|p2b: Indeedee|Salt Cure\n|cant|p1a: Sinistcha|move: Taunt|Trick Room\n|\n|-heal|p1b: Garganacl|69\/100|[from] item: Leftovers\n|-damage|p2b: Indeedee|72\/100|[from] Salt Cure\n|-damage|p2a: Corviknight|33\/100|[from] Salt Cure\n|-fieldend|move: Psychic Terrain\n|upkeep\n|-enditem|p2a: Corviknight|Sitrus Berry|[eat]\n|-heal|p2a: Corviknight|58\/100|[from] item: Sitrus Berry\n|turn|6\n|\n|t:|1728842675\n|move|p1b: Garganacl|Protect|p1b: Garganacl\n|-singleturn|p1b: Garganacl|Protect\n|move|p2b: Indeedee|Expanding Force|p1b: Garganacl\n|-activate|p1b: Garganacl|move: Protect\n|move|p1a: Sinistcha|Matcha Gotcha|p2a: Corviknight|[spread] p2a,p2b\n|-resisted|p2a: Corviknight\n|-damage|p2a: Corviknight|53\/100\n|-heal|p1a: Sinistcha|87\/100|[from] drain|[of] p2a: Corviknight\n|-damage|p2b: Indeedee|41\/100\n|-heal|p1a: Sinistcha|100\/100|[from] drain|[of] p2b: Indeedee\n|-status|p2b: Indeedee|brn\n|move|p2a: Corviknight|Brave Bird|p1a: Sinistcha\n|-supereffective|p1a: Sinistcha\n|-damage|p1a: Sinistcha|0 fnt\n|faint|p1a: Sinistcha\n|-damage|p2a: Corviknight|24\/100|[from] Recoil\n|\n|-heal|p1b: Garganacl|75\/100|[from] item: Leftovers\n|-damage|p2b: Indeedee|35\/100 brn|[from] brn\n|-damage|p2b: Indeedee|23\/100 brn|[from] Salt Cure\n|-damage|p2a: Corviknight|0 fnt|[from] Salt Cure\n|faint|p2a: Corviknight\n|upkeep\n|\n|t:|1728842697\n|switch|p1a: Incineroar|Incineroar, L50, F|37\/100\n|switch|p2a: Samurott|Samurott-Hisui, L50, F|100\/100\n|-ability|p1a: Incineroar|Intimidate|boost\n|-unboost|p2a: Samurott|atk|1\n|-unboost|p2b: Indeedee|atk|1\n|turn|7\n|\n|t:|1728842712\n|move|p1a: Incineroar|Fake Out|p2a: Samurott\n|-damage|p2a: Samurott|87\/100\n|cant|p2a: Samurott|flinch\n|move|p2b: Indeedee|Expanding Force|p1b: Garganacl\n|-damage|p1b: Garganacl|51\/100\n|move|p1b: Garganacl|Recover|p1b: Garganacl\n|-heal|p1b: Garganacl|100\/100\n|\n|-damage|p2b: Indeedee|17\/100 brn|[from] brn\n|-damage|p2b: Indeedee|5\/100 brn|[from] Salt Cure\n|upkeep\n|turn|8\n|\n|t:|1728842734\n|move|p2a: Samurott|Sacred Sword|p1a: Incineroar\n|-supereffective|p1a: Incineroar\n|-damage|p1a: Incineroar|0 fnt\n|faint|p1a: Incineroar\n|move|p2b: Indeedee|Expanding Force|p1b: Garganacl\n|-damage|p1b: Garganacl|79\/100\n|move|p1b: Garganacl|Salt Cure|p2a: Samurott\n|-damage|p2a: Samurott|67\/100\n|-start|p2a: Samurott|Salt Cure\n|\n|-heal|p1b: Garganacl|85\/100|[from] item: Leftovers\n|-damage|p2b: Indeedee|0 fnt|[from] brn\n|faint|p2b: Indeedee\n|-damage|p2a: Samurott|42\/100|[from] Salt Cure\n|upkeep\n|\n|t:|1728842747\n|switch|p2b: Kommo-o|Kommo-o, L50, M|88\/100\n|switch|p1a: Ursaluna|Ursaluna-Bloodmoon, L50, M|100\/100\n|turn|9\n|\n|t:|1728842760\n|move|p1a: Ursaluna|Vacuum Wave|p2a: Samurott\n|-supereffective|p2a: Samurott\n|-damage|p2a: Samurott|13\/100\n|move|p2a: Samurott|Razor Shell|p1a: Ursaluna|[miss]\n|-miss|p2a: Samurott|p1a: Ursaluna\n|move|p2b: Kommo-o|Clanging Scales|p1b: Garganacl|[spread] p1a,p1b\n|-damage|p1a: Ursaluna|62\/100\n|-damage|p1b: Garganacl|44\/100\n|-unboost|p2b: Kommo-o|def|1\n|move|p1b: Garganacl|Salt Cure|p2b: Kommo-o\n|-resisted|p2b: Kommo-o\n|-damage|p2b: Kommo-o|80\/100\n|-start|p2b: Kommo-o|Salt Cure\n|\n|-heal|p1b: Garganacl|50\/100|[from] item: Leftovers\n|-damage|p2a: Samurott|0 fnt|[from] Salt Cure\n|faint|p2a: Samurott\n|-damage|p2b: Kommo-o|67\/100|[from] Salt Cure\n|upkeep\n|turn|10\n|c|\u2606VGCNEOPHYTE|lol what the fuck\n|c|\u2606rengeki style|what?\n|c|\u2606VGCNEOPHYTE|!data razor shell\n|raw|<ul class=\"utilichart\"><li class=\"result\"><span class=\"col movenamecol\"><a href=\"https:\/\/dex.pokemonshowdown.com\/moves\/razorshell\">Razor Shell<\/a><\/span> <span class=\"col typecol\"><img src=\"\/\/play.pokemonshowdown.com\/sprites\/types\/Water.png\" alt=\"Water\" width=\"32\" height=\"14\"><img src=\"\/\/play.pokemonshowdown.com\/sprites\/categories\/Physical.png\" alt=\"Physical\" width=\"32\" height=\"14\"><\/span> <span class=\"col labelcol\"><em>Power<\/em><br>75<\/span> <span class=\"col widelabelcol\"><em>Accuracy<\/em><br>95%<\/span> <span class=\"col pplabelcol\"><em>PP<\/em><br>16<\/span> <span class=\"col movedesccol\">50% chance to lower the target's Defense by 1.<\/span> <\/li><li style=\"clear:both\"><\/li><\/ul>\n\n|inactive|rengeki style has 30 seconds left.\n|inactive|VGCNEOPHYTE has 30 seconds left.\n|c|\u2606VGCNEOPHYTE|i didnt even know it could miss\n|inactive|rengeki style has 20 seconds left.\n|inactive|VGCNEOPHYTE has 20 seconds left.\n|c|\u2606rengeki style|i would have lived anyway with intimidate\n|inactive|rengeki style has 15 seconds left.\n|\n|t:|1728842803\n|-terastallize|p2b: Kommo-o|Ghost\n|move|p2b: Kommo-o|Clanging Scales|p1a: Ursaluna|[spread] p1a,p1b\n|-damage|p1a: Ursaluna|25\/100\n|-damage|p1b: Garganacl|9\/100\n|-unboost|p2b: Kommo-o|def|1\n|move|p1a: Ursaluna|Blood Moon|p2b: Kommo-o\n|-damage|p2b: Kommo-o|0 fnt\n|faint|p2b: Kommo-o\n|\n|win|rengeki style\n|raw|rengeki style's rating: 1661 &rarr; <strong>1684<\/strong><br \/>(+23 for winning)\n|raw|VGCNEOPHYTE's rating: 1718 &rarr; <strong>1695<\/strong><br \/>(-23 for losing)\n|c|\u2606VGCNEOPHYTE|right but that would have killed\n|c|\u2606rengeki style|yeah\n|l|\u2606VGCNEOPHYTE\n|player|p2|\n|c|\u2606rengeki style|but you are specs\n|l|\u2606rengeki style\n|player|p1|\n","uploadtime":1728842915,"views":13,"formatid":"gen9vgc2024regh","rating":1684,"private":0,"password":null}