{"id":"gen9vgc2024regh-2222315237","format":"[Gen 9] VGC 2024 Reg H","players":["pr0xsome","yuzuda"],"log":"|j|\u2606pr0xsome\n|j|\u2606yuzuda\n|t:|1728861546\n|gametype|doubles\n|player|p1|pr0xsome|preschooler|1722\n|player|p2|yuzuda|265|1649\n|teamsize|p1|6\n|teamsize|p2|6\n|gen|9\n|tier|[Gen 9] VGC 2024 Reg H\n|rated|\n|rule|Species Clause: Limit one of each Pok\u00e9mon\n|rule|Item Clause: Limit 1 of each item\n|clearpoke\n|poke|p1|Ninetales-Alola, L50, F|\n|poke|p1|Muk-Alola, L50, M|\n|poke|p1|Porygon2, L50|\n|poke|p1|Incineroar, L50, M|\n|poke|p1|Rillaboom, L50, M|\n|poke|p1|Baxcalibur, L50, F|\n|poke|p2|Archaludon, L50, F|\n|poke|p2|Pelipper, L50, F|\n|poke|p2|Gholdengo, L50|\n|poke|p2|Annihilape, L50, M|\n|poke|p2|Maushold-Four, L50|\n|poke|p2|Hydreigon, L50, F|\n|teampreview|4\n|inactive|Battle timer is ON: inactive players will automatically lose when time's up. (requested by yuzuda)\n|inactive|yuzuda has 60 seconds left.\n|\n|t:|1728861589\n|start\n|switch|p1a: Rillaboom|Rillaboom, L50, M|100\/100\n|switch|p1b: Porygon2|Porygon2, L50|100\/100\n|switch|p2a: Gholdengo|Gholdengo, L50|100\/100\n|switch|p2b: Maushold|Maushold-Four, L50|100\/100\n|-fieldstart|move: Grassy Terrain|[from] ability: Grassy Surge|[of] p1a: Rillaboom\n|-ability|p1b: Porygon2|Download|boost\n|-boost|p1b: Porygon2|spa|1\n|turn|1\n|inactive|yuzuda has 30 seconds left.\n|\n|t:|1728861616\n|switch|p2b: Archaludon|Archaludon, L50, F, shiny|100\/100\n|move|p2a: Gholdengo|Trick|p1a: Rillaboom\n|-activate|p2a: Gholdengo|move: Trick|[of] p1a: Rillaboom\n|-item|p1a: Rillaboom|Choice Specs|[from] move: Trick\n|-item|p2a: Gholdengo|Assault Vest|[from] move: Trick\n|move|p1a: Rillaboom|Wood Hammer|p2b: Archaludon\n|-resisted|p2b: Archaludon\n|-damage|p2b: Archaludon|89\/100\n|-ability|p2b: Archaludon|Stamina|boost\n|-boost|p2b: Archaludon|def|1\n|-damage|p1a: Rillaboom|98\/100|[from] Recoil\n|move|p1b: Porygon2|Trick Room|p1b: Porygon2\n|-fieldstart|move: Trick Room|[of] p1b: Porygon2\n|\n|-heal|p1a: Rillaboom|100\/100|[from] Grassy Terrain\n|-heal|p2b: Archaludon|95\/100|[from] Grassy Terrain\n|upkeep\n|turn|2\n|inactive|yuzuda has 30 seconds left.\n|inactive|yuzuda has 20 seconds left.\n|\n|t:|1728861653\n|switch|p1a: Muk|Muk-Alola, L50, M|100\/100\n|-terastallize|p1b: Porygon2|Ground\n|move|p1b: Porygon2|Tera Blast|p2b: Archaludon|[anim] Tera Blast Ground\n|-supereffective|p2b: Archaludon\n|-damage|p2b: Archaludon|32\/100\n|-ability|p2b: Archaludon|Stamina|boost\n|-boost|p2b: Archaludon|def|1\n|move|p2b: Archaludon|Snarl|p1a: Muk|[spread] p1a,p1b\n|-resisted|p1a: Muk\n|-damage|p1a: Muk|96\/100\n|-damage|p1b: Porygon2|94\/100\n|-unboost|p1a: Muk|spa|1\n|-unboost|p1b: Porygon2|spa|1\n|move|p2a: Gholdengo|Make It Rain|p1b: Porygon2|[spread] p1a,p1b\n|-damage|p1a: Muk|57\/100\n|-damage|p1b: Porygon2|71\/100\n|-unboost|p2a: Gholdengo|spa|1\n|\n|-heal|p1a: Muk|63\/100|[from] Grassy Terrain\n|-heal|p1b: Porygon2|76\/100|[from] Grassy Terrain\n|-heal|p2b: Archaludon|38\/100|[from] Grassy Terrain\n|upkeep\n|turn|3\n|j| theavent\n|inactive|yuzuda has 30 seconds left.\n|\n|t:|1728861685\n|switch|p2a: Maushold|Maushold-Four, L50|100\/100\n|-terastallize|p2b: Archaludon|Bug\n|move|p1a: Muk|Knock Off|p2a: Maushold\n|-damage|p2a: Maushold|39\/100\n|-enditem|p2a: Maushold|Safety Goggles|[from] move: Knock Off|[of] p1a: Muk\n|move|p1b: Porygon2|Tera Blast|p2b: Archaludon|[anim] Tera Blast Ground\n|-resisted|p2b: Archaludon\n|-damage|p2b: Archaludon|29\/100\n|-ability|p2b: Archaludon|Stamina|boost\n|-boost|p2b: Archaludon|def|1\n|move|p2b: Archaludon|Body Press|p1a: Muk\n|-damage|p1a: Muk|0 fnt\n|faint|p1a: Muk\n|\n|-heal|p1b: Porygon2|82\/100|[from] Grassy Terrain\n|-heal|p2b: Archaludon|35\/100|[from] Grassy Terrain\n|-heal|p2a: Maushold|45\/100|[from] Grassy Terrain\n|upkeep\n|\n|t:|1728861697\n|switch|p1a: Rillaboom|Rillaboom, L50, M|100\/100\n|turn|4\n|\n|t:|1728861715\n|move|p1a: Rillaboom|Fake Out|p2b: Archaludon\n|-damage|p2b: Archaludon|32\/100\n|-ability|p2b: Archaludon|Stamina|boost\n|-boost|p2b: Archaludon|def|1\n|move|p2a: Maushold|Follow Me|p2a: Maushold\n|-singleturn|p2a: Maushold|move: Follow Me\n|move|p1b: Porygon2|Tera Blast|p2a: Maushold|[anim] Tera Blast Ground\n|-damage|p2a: Maushold|7\/100\n|cant|p2b: Archaludon|flinch\n|\n|-heal|p1b: Porygon2|88\/100|[from] Grassy Terrain\n|-heal|p2b: Archaludon|38\/100|[from] Grassy Terrain\n|-heal|p2a: Maushold|13\/100|[from] Grassy Terrain\n|upkeep\n|turn|5\n|\n|t:|1728861734\n|switch|p1a: Baxcalibur|Baxcalibur, L50, F|100\/100\n|move|p2a: Maushold|Follow Me|p2a: Maushold\n|-singleturn|p2a: Maushold|move: Follow Me\n|move|p1b: Porygon2|Ice Beam|p2a: Maushold\n|-damage|p2a: Maushold|0 fnt\n|faint|p2a: Maushold\n|move|p2b: Archaludon|Body Press|p1b: Porygon2\n|-damage|p1b: Porygon2|32\/100\n|\n|-heal|p1b: Porygon2|38\/100|[from] Grassy Terrain\n|-heal|p2b: Archaludon|44\/100|[from] Grassy Terrain\n|-fieldend|move: Trick Room\n|-fieldend|move: Grassy Terrain\n|upkeep\n|\n|t:|1728861751\n|switch|p2a: Gholdengo|Gholdengo, L50|100\/100\n|turn|6\n|\n|t:|1728861762\n|move|p1a: Baxcalibur|High Horsepower|p2a: Gholdengo\n|-supereffective|p2a: Gholdengo\n|-damage|p2a: Gholdengo|18\/100\n|move|p2a: Gholdengo|Make It Rain|p1a: Baxcalibur|[spread] p1a,p1b\n|-supereffective|p1a: Baxcalibur\n|-damage|p1a: Baxcalibur|8\/100\n|-damage|p1b: Porygon2|15\/100\n|-unboost|p2a: Gholdengo|spa|1\n|move|p2b: Archaludon|Body Press|p1b: Porygon2\n|-crit|p1b: Porygon2\n|-damage|p1b: Porygon2|0 fnt\n|faint|p1b: Porygon2\n|\n|upkeep\n|\n|t:|1728861769\n|switch|p1b: Rillaboom|Rillaboom, L50, M|100\/100\n|-fieldstart|move: Grassy Terrain|[from] ability: Grassy Surge|[of] p1b: Rillaboom\n|turn|7\n|\n|t:|1728861788\n|switch|p2a: Pelipper|Pelipper, L50, F|100\/100\n|-weather|RainDance|[from] ability: Drizzle|[of] p2a: Pelipper\n|move|p1b: Rillaboom|Grassy Glide|p2a: Pelipper\n|-damage|p2a: Pelipper|52\/100\n|move|p1a: Baxcalibur|Glaive Rush|p2b: Archaludon\n|-damage|p2b: Archaludon|28\/100\n|-singlemove|p1a: Baxcalibur|Glaive Rush|[silent]\n|-ability|p2b: Archaludon|Stamina|boost\n|-boost|p2b: Archaludon|def|1\n|move|p2b: Archaludon|Body Press|p1a: Baxcalibur\n|-supereffective|p1a: Baxcalibur\n|-damage|p1a: Baxcalibur|0 fnt\n|faint|p1a: Baxcalibur\n|\n|-weather|RainDance|[upkeep]\n|-heal|p2b: Archaludon|34\/100|[from] Grassy Terrain\n|upkeep\n|turn|8\n|\n|t:|1728861809\n|move|p1b: Rillaboom|Grassy Glide|p2a: Pelipper\n|-damage|p2a: Pelipper|9\/100\n|move|p2a: Pelipper|Hurricane|p1b: Rillaboom\n|-supereffective|p1b: Rillaboom\n|-damage|p1b: Rillaboom|0 fnt\n|faint|p1b: Rillaboom\n|\n|win|yuzuda\n|raw|pr0xsome's rating: 1722 &rarr; <strong>1698<\/strong><br \/>(-24 for losing)\n|raw|yuzuda's rating: 1649 &rarr; <strong>1673<\/strong><br \/>(+24 for winning)\n|l|\u2606pr0xsome\n|player|p1|\n|l|\u2606yuzuda\n|player|p2|\n|l| theavent\n","uploadtime":1728861975,"views":14,"formatid":"gen9vgc2024regh","rating":1673,"private":0,"password":null}