{"id":"gen9vgc2024regh-2222103503","format":"[Gen 9] VGC 2024 Reg H","players":["FinnickO","maggeprutten"],"log":"|j|\u2606FinnickO\n|j|\u2606maggeprutten\n|t:|1728837797\n|gametype|doubles\n|player|p1|FinnickO|169|1727\n|player|p2|maggeprutten|supernerd|1717\n|teamsize|p1|6\n|teamsize|p2|6\n|gen|9\n|tier|[Gen 9] VGC 2024 Reg H\n|rated|\n|rule|Species Clause: Limit one of each Pok\u00e9mon\n|rule|Item Clause: Limit 1 of each item\n|clearpoke\n|poke|p1|Basculegion, L50, M|\n|poke|p1|Sneasler, L50, M|\n|poke|p1|Gholdengo, L50|\n|poke|p1|Volcarona, L50, F|\n|poke|p1|Hydreigon, L50, M|\n|poke|p1|Baxcalibur, L50, F|\n|poke|p2|Dondozo, L50, F|\n|poke|p2|Tatsugiri, L50, F|\n|poke|p2|Talonflame, L50, M|\n|poke|p2|Gholdengo, L50|\n|poke|p2|Glimmora, L50, M|\n|poke|p2|Dragonite, L50, F|\n|teampreview|4\n|\n|t:|1728837825\n|start\n|switch|p1a: Volcarona|Volcarona, L50, F|100\/100\n|switch|p1b: Baxcalibur|Baxcalibur, L50, F|100\/100\n|switch|p2a: Glimmora|Glimmora, L50, M|100\/100\n|switch|p2b: Dragonite|Dragonite, L50, F|100\/100\n|turn|1\n|inactive|Battle timer is ON: inactive players will automatically lose when time's up. (requested by maggeprutten)\n|\n|t:|1728837844\n|-terastallize|p1a: Volcarona|Dragon\n|-terastallize|p2b: Dragonite|Normal\n|move|p1a: Volcarona|Tailwind|p1a: Volcarona\n|-sidestart|p1: FinnickO|move: Tailwind\n|move|p1b: Baxcalibur|High Horsepower|p2a: Glimmora\n|-supereffective|p2a: Glimmora\n|-damage|p2a: Glimmora|0 fnt\n|-activate|p2a: Glimmora|ability: Toxic Debris\n|-sidestart|p1: FinnickO|move: Toxic Spikes\n|faint|p2a: Glimmora\n|-damage|p1b: Baxcalibur|90\/100|[from] item: Life Orb\n|move|p2b: Dragonite|Outrage|p1b: Baxcalibur\n|-supereffective|p1b: Baxcalibur\n|-damage|p1b: Baxcalibur|0 fnt\n|faint|p1b: Baxcalibur\n|\n|upkeep\n|\n|t:|1728837862\n|switch|p1b: Sneasler|Sneasler, L50, M|100\/100\n|switch|p2a: Dondozo|Dondozo, L50, F|100\/100\n|-sideend|p1: FinnickO|move: Toxic Spikes|[of] p1b: Sneasler\n|turn|2\n|\n|t:|1728837871\n|move|p2a: Dondozo|Protect|p2a: Dondozo\n|-singleturn|p2a: Dondozo|Protect\n|move|p1a: Volcarona|Will-O-Wisp|p2a: Dondozo\n|-activate|p2a: Dondozo|move: Protect\n|move|p1b: Sneasler|Close Combat|p2b: Dragonite\n|-supereffective|p2b: Dragonite\n|-damage|p2b: Dragonite|0 fnt\n|-unboost|p1b: Sneasler|def|1\n|-unboost|p1b: Sneasler|spd|1\n|-enditem|p1b: Sneasler|White Herb\n|-clearnegativeboost|p1b: Sneasler|[silent]\n|faint|p2b: Dragonite\n|\n|upkeep\n|\n|t:|1728837883\n|switch|p2b: Tatsugiri|Tatsugiri, L50, F|100\/100\n|-activate|p2b: Tatsugiri|ability: Commander|[of] p2a: Dondozo\n|-boost|p2a: Dondozo|atk|2\n|-boost|p2a: Dondozo|spa|2\n|-boost|p2a: Dondozo|spe|2\n|-boost|p2a: Dondozo|def|2\n|-boost|p2a: Dondozo|spd|2\n|turn|3\n|\n|t:|1728837891\n|move|p1b: Sneasler|Dire Claw|p2a: Dondozo\n|-damage|p2a: Dondozo|88\/100\n|-status|p2a: Dondozo|psn\n|move|p1a: Volcarona|Will-O-Wisp|p2a: Dondozo|[miss]\n|-miss|p1a: Volcarona|p2a: Dondozo\n|move|p2a: Dondozo|Order Up|p1a: Volcarona\n|-supereffective|p1a: Volcarona\n|-damage|p1a: Volcarona|0 fnt\n|faint|p1a: Volcarona\n|-boost|p2a: Dondozo|atk|1\n|\n|-heal|p2a: Dondozo|94\/100 psn|[from] item: Leftovers\n|-damage|p2a: Dondozo|82\/100 psn|[from] psn\n|upkeep\n|\n|t:|1728837907\n|switch|p1a: Basculegion|Basculegion, L50, M|100\/100\n|turn|4\n|\n|t:|1728837913\n|move|p2a: Dondozo|Protect|p2a: Dondozo\n|-singleturn|p2a: Dondozo|Protect\n|move|p1b: Sneasler|Dire Claw|p2a: Dondozo\n|-activate|p2a: Dondozo|move: Protect\n|move|p1a: Basculegion|Last Respects|p2a: Dondozo\n|-activate|p2a: Dondozo|move: Protect\n|\n|-heal|p2a: Dondozo|88\/100 psn|[from] item: Leftovers\n|-damage|p2a: Dondozo|76\/100 psn|[from] psn\n|-sideend|p1: FinnickO|move: Tailwind\n|upkeep\n|turn|5\n|\n|t:|1728837924\n|move|p1b: Sneasler|Close Combat|p2a: Dondozo\n|-damage|p2a: Dondozo|54\/100 psn\n|-unboost|p1b: Sneasler|def|1\n|-unboost|p1b: Sneasler|spd|1\n|move|p1a: Basculegion|Last Respects|p2a: Dondozo\n|-damage|p2a: Dondozo|19\/100 psn\n|move|p2a: Dondozo|Earthquake|p1b: Sneasler|[spread] p1a,p1b\n|-miss|p2a: Dondozo|p2b: Tatsugiri\n|-supereffective|p1b: Sneasler\n|-damage|p1a: Basculegion|26\/100\n|-damage|p1b: Sneasler|0 fnt\n|faint|p1b: Sneasler\n|\n|-heal|p2a: Dondozo|25\/100 psn|[from] item: Leftovers\n|-damage|p2a: Dondozo|13\/100 psn|[from] psn\n|upkeep\n|turn|6\n|\n|t:|1728837939\n|move|p1a: Basculegion|Last Respects|p2a: Dondozo\n|-crit|p2a: Dondozo\n|-damage|p2a: Dondozo|0 fnt\n|faint|p2a: Dondozo\n|\n|upkeep\n|turn|7\n|\n|t:|1728837946\n|move|p2b: Tatsugiri|Dragon Pulse|p1a: Basculegion\n|-damage|p1a: Basculegion|0 fnt\n|faint|p1a: Basculegion\n|\n|win|maggeprutten\n|raw|FinnickO's rating: 1727 &rarr; <strong>1706<\/strong><br \/>(-21 for losing)\n|raw|maggeprutten's rating: 1717 &rarr; <strong>1738<\/strong><br \/>(+21 for winning)\n|l|\u2606FinnickO\n|player|p1|\n|l|\u2606maggeprutten\n|player|p2|\n","uploadtime":1728838099,"views":14,"formatid":"gen9vgc2024regh","rating":1706,"private":0,"password":null}