{"id":"gen9vgc2024regh-2222813496","format":"[Gen 9] VGC 2024 Reg H","players":["Topperlecat","Hikawari"],"log":"|j|\u2606Topperlecat\n|j|\u2606Hikawari\n|t:|1728926345\n|gametype|doubles\n|player|p1|Topperlecat|aquasuit|1714\n|player|p2|Hikawari|169|1817\n|teamsize|p1|6\n|teamsize|p2|6\n|gen|9\n|tier|[Gen 9] VGC 2024 Reg H\n|rated|\n|rule|Species Clause: Limit one of each Pok\u00e9mon\n|rule|Item Clause: Limit 1 of each item\n|clearpoke\n|poke|p1|Dondozo, L50, M|\n|poke|p1|Tatsugiri, L50, M|\n|poke|p1|Weezing-Galar, L50, F|\n|poke|p1|Corviknight, L50, M|\n|poke|p1|Garchomp, L50, F|\n|poke|p1|Kingambit, L50, M|\n|poke|p2|Sneasler, L50, F|\n|poke|p2|Murkrow, L50, F|\n|poke|p2|Gholdengo, L50|\n|poke|p2|Indeedee, L50, M|\n|poke|p2|Annihilape, L50, F|\n|poke|p2|Sinistcha, L50|\n|teampreview|4\n|inactive|Battle timer is ON: inactive players will automatically lose when time's up. (requested by Hikawari)\n|\n|t:|1728926363\n|start\n|switch|p1a: Weezing|Weezing-Galar, L50, F|100\/100\n|switch|p1b: Kingambit|Kingambit, L50, M|100\/100\n|switch|p2a: Indeedee|Indeedee, L50, M|100\/100\n|switch|p2b: Murkrow|Murkrow, L50, F|100\/100\n|-ability|p1a: Weezing|Neutralizing Gas\n|turn|1\n|\n|t:|1728926370\n|switch|p2a: Annihilape|Annihilape, L50, F, shiny|100\/100\n|move|p1a: Weezing|Strange Steam|p2b: Murkrow\n|-supereffective|p2b: Murkrow\n|-damage|p2b: Murkrow|29\/100\n|-start|p2b: Murkrow|confusion\n|-activate|p2b: Murkrow|confusion\n|-damage|p2b: Murkrow|15\/100|[from] confusion\n|move|p1b: Kingambit|Kowtow Cleave|p2b: Murkrow\n|-resisted|p2b: Murkrow\n|-damage|p2b: Murkrow|0 fnt\n|faint|p2b: Murkrow\n|\n|upkeep\n|\n|t:|1728926378\n|switch|p2b: Indeedee|Indeedee, L50, M|100\/100\n|turn|2\n|j| number86\n|\n|t:|1728926402\n|move|p2b: Indeedee|Protect|p2b: Indeedee\n|-singleturn|p2b: Indeedee|Protect\n|move|p1a: Weezing|Strange Steam|p2a: Annihilape\n|-supereffective|p2a: Annihilape\n|-damage|p2a: Annihilape|40\/100\n|move|p2a: Annihilape|Bulk Up|p2a: Annihilape\n|-boost|p2a: Annihilape|atk|1\n|-boost|p2a: Annihilape|def|1\n|move|p1b: Kingambit|Kowtow Cleave|p2b: Indeedee\n|-activate|p2b: Indeedee|move: Protect\n|\n|-heal|p2a: Annihilape|46\/100|[from] item: Leftovers\n|upkeep\n|turn|3\n|\n|t:|1728926417\n|-terastallize|p2b: Indeedee|Psychic\n|move|p2a: Annihilape|Protect|p2a: Annihilape\n|-singleturn|p2a: Annihilape|Protect\n|move|p2b: Indeedee|Psychic|p1a: Weezing\n|-supereffective|p1a: Weezing\n|-enditem|p1a: Weezing|Focus Sash\n|-damage|p1a: Weezing|1\/100\n|move|p1a: Weezing|Sludge Bomb|p2b: Indeedee\n|-damage|p2b: Indeedee|51\/100\n|-status|p2b: Indeedee|psn\n|move|p1b: Kingambit|Kowtow Cleave|p2b: Indeedee\n|-supereffective|p2b: Indeedee\n|-damage|p2b: Indeedee|0 fnt\n|faint|p2b: Indeedee\n|\n|-heal|p2a: Annihilape|52\/100|[from] item: Leftovers\n|upkeep\n|\n|t:|1728926424\n|switch|p2b: Sinistcha|Sinistcha, L50, shiny|100\/100\n|turn|4\n|\n|t:|1728926433\n|-terastallize|p1b: Kingambit|Flying\n|move|p2b: Sinistcha|Rage Powder|p2b: Sinistcha\n|-singleturn|p2b: Sinistcha|move: Rage Powder\n|move|p1a: Weezing|Strange Steam|p2b: Sinistcha|[miss]\n|-miss|p1a: Weezing|p2b: Sinistcha\n|move|p2a: Annihilape|Drain Punch|p1b: Kingambit\n|-resisted|p1b: Kingambit\n|-damage|p1b: Kingambit|85\/100\n|-heal|p2a: Annihilape|59\/100|[from] drain|[of] p1b: Kingambit\n|move|p1b: Kingambit|Kowtow Cleave|p2b: Sinistcha\n|-supereffective|p2b: Sinistcha\n|-crit|p2b: Sinistcha\n|-damage|p2b: Sinistcha|0 fnt\n|-damage|p1b: Kingambit|69\/100|[from] item: Rocky Helmet|[of] p2b: Sinistcha\n|faint|p2b: Sinistcha\n|\n|-heal|p2a: Annihilape|65\/100|[from] item: Leftovers\n|upkeep\n|turn|5\n|\n|t:|1728926441\n|move|p1b: Kingambit|Sucker Punch|p2a: Annihilape\n|-damage|p2a: Annihilape|46\/100\n|move|p1a: Weezing|Strange Steam|p2a: Annihilape\n|-supereffective|p2a: Annihilape\n|-damage|p2a: Annihilape|0 fnt\n|faint|p2a: Annihilape\n|\n|win|Topperlecat\n|raw|Topperlecat's rating: 1714 &rarr; <strong>1740<\/strong><br \/>(+26 for winning)\n|raw|Hikawari's rating: 1817 &rarr; <strong>1791<\/strong><br \/>(-26 for losing)\n|l|\u2606Hikawari\n|player|p2|\n|l| number86\n","uploadtime":1728926450,"views":64,"formatid":"gen9vgc2024regh","rating":1740,"private":0,"password":null}