{"id":"gen9vgc2024regh-2222148828","format":"[Gen 9] VGC 2024 Reg H","players":["soap858","rengeki style"],"log":"|j|\u2606soap858\n|j|\u2606rengeki style\n|t:|1728842860\n|gametype|doubles\n|player|p1|soap858|102|1732\n|player|p2|rengeki style|170|1684\n|teamsize|p1|6\n|teamsize|p2|6\n|gen|9\n|tier|[Gen 9] VGC 2024 Reg H\n|rated|\n|rule|Species Clause: Limit one of each Pok\u00e9mon\n|rule|Item Clause: Limit 1 of each item\n|clearpoke\n|poke|p1|Delphox, L50, F|\n|poke|p1|Indeedee-F, L50, F|\n|poke|p1|Dragapult, L50, F|\n|poke|p1|Torkoal, L50, F|\n|poke|p1|Ursaluna-Bloodmoon, L50, M|\n|poke|p1|Annihilape, L50, M|\n|poke|p2|Garganacl, L50, M|\n|poke|p2|Ursaluna-Bloodmoon, L50, M|\n|poke|p2|Glimmora, L50, F|\n|poke|p2|Sinistcha, L50|\n|poke|p2|Annihilape, L50, M|\n|poke|p2|Incineroar, L50, M|\n|teampreview|4\n|inactive|Battle timer is ON: inactive players will automatically lose when time's up. (requested by soap858)\n|inactive|rengeki style has 60 seconds left.\n|j| TheBeanTester\n|\n|t:|1728842901\n|start\n|switch|p1a: Delphox|Delphox, L50, F|100\/100\n|switch|p1b: Annihilape|Annihilape, L50, M|100\/100\n|switch|p2a: Glimmora|Glimmora, L50, F|100\/100\n|switch|p2b: Annihilape|Annihilape, L50, M|100\/100\n|turn|1\n|inactive|rengeki style has 30 seconds left.\n|\n|t:|1728842935\n|move|p1a: Delphox|Protect|p1a: Delphox\n|-singleturn|p1a: Delphox|Protect\n|move|p2a: Glimmora|Spiky Shield|p2a: Glimmora\n|-singleturn|p2a: Glimmora|move: Protect\n|move|p1b: Annihilape|Final Gambit|p2a: Glimmora\n|-activate|p2a: Glimmora|move: Protect\n|move|p2b: Annihilape|Final Gambit|p1a: Delphox\n|-activate|p1a: Delphox|move: Protect\n|\n|upkeep\n|turn|2\n|inactive|soap858 has 30 seconds left.\n|j| MYLKO VGC\n|\n|t:|1728842970\n|switch|p1a: Indeedee|Indeedee-F, L50, F|100\/100\n|-fieldstart|move: Psychic Terrain|[from] ability: Psychic Surge|[of] p1a: Indeedee\n|switch|p2a: Sinistcha|Sinistcha, L50|100\/100\n|move|p1b: Annihilape|Final Gambit|p2a: Sinistcha\n|-immune|p2a: Sinistcha\n|move|p2b: Annihilape|Coaching|p2a: Sinistcha\n|-boost|p2a: Sinistcha|atk|1\n|-boost|p2a: Sinistcha|def|1\n|\n|upkeep\n|turn|3\n|inactive|soap858 has 30 seconds left.\n|inactive|rengeki style has 30 seconds left.\n|\n|t:|1728842997\n|switch|p1b: Delphox|Delphox, L50, F|100\/100\n|move|p1a: Indeedee|Follow Me|p1a: Indeedee\n|-singleturn|p1a: Indeedee|move: Follow Me\n|move|p2b: Annihilape|Taunt|p1a: Indeedee\n|-start|p1a: Indeedee|move: Taunt\n|move|p2a: Sinistcha|Trick Room|p2a: Sinistcha\n|-fieldstart|move: Trick Room|[of] p2a: Sinistcha\n|\n|upkeep\n|turn|4\n|\n|t:|1728843012\n|switch|p1a: Annihilape|Annihilape, L50, M|100\/100\n|-terastallize|p2a: Sinistcha|Water\n|move|p2a: Sinistcha|Matcha Gotcha|p1a: Annihilape|[spread] p1a,p1b\n|-resisted|p1b: Delphox\n|-damage|p1a: Annihilape|78\/100\n|-damage|p1b: Delphox|87\/100\n|move|p2b: Annihilape|Final Gambit|p1b: Delphox\n|-damage|p1b: Delphox|0 fnt\n|faint|p2b: Annihilape\n|faint|p1b: Delphox\n|\n|upkeep\n|\n|t:|1728843018\n|switch|p2b: Ursaluna|Ursaluna-Bloodmoon, L50, M|100\/100\n|switch|p1b: Ursaluna|Ursaluna-Bloodmoon, L50, M|100\/100\n|turn|5\n|\n|t:|1728843035\n|move|p1b: Ursaluna|Protect|p1b: Ursaluna\n|-singleturn|p1b: Ursaluna|Protect\n|move|p2b: Ursaluna|Blood Moon|p1a: Annihilape\n|-damage|p1a: Annihilape|1\/100\n|move|p2a: Sinistcha|Matcha Gotcha|p1b: Ursaluna|[spread] \n|-activate|p1b: Ursaluna|move: Protect\n|-miss|p2a: Sinistcha|p1a: Annihilape\n|move|p1a: Annihilape|U-turn|p2a: Sinistcha\n|-damage|p2a: Sinistcha|89\/100\n|\n|t:|1728843042\n|switch|p1a: Indeedee|Indeedee-F, L50, F|100\/100|[from] U-turn\n|\n|upkeep\n|turn|6\n|\n|t:|1728843051\n|-terastallize|p1b: Ursaluna|Normal\n|move|p1a: Indeedee|Follow Me|p1a: Indeedee\n|-singleturn|p1a: Indeedee|move: Follow Me\n|move|p1b: Ursaluna|Blood Moon|p2a: Sinistcha\n|-damage|p2a: Sinistcha|0 fnt\n|faint|p2a: Sinistcha\n|-damage|p1b: Ursaluna|91\/100|[from] item: Life Orb\n|move|p2b: Ursaluna|Hyper Voice|p1b: Ursaluna|[spread] p1a,p1b\n|-damage|p1a: Indeedee|60\/100\n|-damage|p1b: Ursaluna|48\/100\n|\n|-fieldend|move: Psychic Terrain\n|upkeep\n|\n|t:|1728843061\n|switch|p2a: Glimmora|Glimmora, L50, F|100\/100\n|turn|7\n|\n|t:|1728843073\n|move|p2a: Glimmora|Spiky Shield|p2a: Glimmora\n|-singleturn|p2a: Glimmora|move: Protect\n|move|p1b: Ursaluna|Earth Power|p2a: Glimmora\n|-activate|p2a: Glimmora|move: Protect\n|move|p2b: Ursaluna|Hyper Voice|p1a: Indeedee|[spread] p1a,p1b\n|-damage|p1a: Indeedee|22\/100\n|-damage|p1b: Ursaluna|8\/100\n|-enditem|p1a: Indeedee|Sitrus Berry|[eat]\n|-heal|p1a: Indeedee|47\/100|[from] item: Sitrus Berry\n|move|p1a: Indeedee|Dazzling Gleam|p2b: Ursaluna|[spread] p2b\n|-activate|p2a: Glimmora|move: Protect\n|-damage|p2b: Ursaluna|91\/100\n|\n|-fieldend|move: Trick Room\n|upkeep\n|turn|8\n|-message|soap858 forfeited.\n|\n|win|rengeki style\n|raw|soap858's rating: 1732 &rarr; <strong>1709<\/strong><br \/>(-23 for losing)\n|raw|rengeki style's rating: 1684 &rarr; <strong>1707<\/strong><br \/>(+23 for winning)\n|l|\u2606soap858\n|player|p1|\n|l|\u2606rengeki style\n|player|p2|\n|l| TheBeanTester\n","uploadtime":1728843273,"views":14,"formatid":"gen9vgc2024regh","rating":1707,"private":0,"password":null}