{"id":"gen9vgc2024regh-2222780983","format":"[Gen 9] VGC 2024 Reg H","players":["FallenVortex842","ttvrm5"],"log":"|j|\u2606FallenVortex842\n|j|\u2606ttvrm5\n|t:|1728923409\n|gametype|doubles\n|player|p1|FallenVortex842|170|1679\n|player|p2|ttvrm5|shadowtriad|1743\n|teamsize|p1|6\n|teamsize|p2|6\n|gen|9\n|tier|[Gen 9] VGC 2024 Reg H\n|rated|\n|rule|Species Clause: Limit one of each Pok\u00e9mon\n|rule|Item Clause: Limit 1 of each item\n|clearpoke\n|poke|p1|Gholdengo, L50|\n|poke|p1|Glimmora, L50, F|\n|poke|p1|Talonflame, L50, M|\n|poke|p1|Dragonite, L50, F|\n|poke|p1|Dondozo, L50, M|\n|poke|p1|Tatsugiri, L50, F|\n|poke|p2|Indeedee, L50, M|\n|poke|p2|Dragonite, L50, F|\n|poke|p2|Sneasler, L50, F|\n|poke|p2|Annihilape, L50, M|\n|poke|p2|Dondozo, L50, M|\n|poke|p2|Tatsugiri, L50, F|\n|teampreview|4\n|inactive|Battle timer is ON: inactive players will automatically lose when time's up. (requested by FallenVortex842)\nttvrm5 rejected open team sheets.\n|\n|t:|1728923434\n|start\n|switch|p1a: Talonflame|Talonflame, L50, M|100\/100\n|switch|p1b: Gholdengo|Gholdengo, L50|100\/100\n|switch|p2a: Sneasler|Sneasler, L50, F|100\/100\n|switch|p2b: Indeedee|Indeedee, L50, M|100\/100\n|-fieldstart|move: Psychic Terrain|[from] ability: Psychic Surge|[of] p2b: Indeedee\n|-enditem|p2a: Sneasler|Psychic Seed\n|-boost|p2a: Sneasler|spd|1|[from] item: Psychic Seed\n|turn|1\n|inactive|ttvrm5 has 30 seconds left.\n|\n|t:|1728923460\n|move|p2a: Sneasler|Protect|p2a: Sneasler\n|-singleturn|p2a: Sneasler|Protect\n|move|p1a: Talonflame|Tailwind|p1a: Talonflame\n|-sidestart|p1: FallenVortex842|move: Tailwind\n|move|p1b: Gholdengo|Make It Rain|p2a: Sneasler|[spread] p2b\n|-activate|p2a: Sneasler|move: Protect\n|-damage|p2b: Indeedee|12\/100\n|-unboost|p1b: Gholdengo|spa|1\n|move|p2b: Indeedee|Expanding Force|p1b: Gholdengo|[spread] p1a,p1b\n|-resisted|p1b: Gholdengo\n|-crit|p1b: Gholdengo\n|-damage|p1a: Talonflame|12\/100\n|-damage|p1b: Gholdengo|57\/100\n|\n|upkeep\n|turn|2\n|\n|t:|1728923481\n|-terastallize|p2a: Sneasler|Dark\n|move|p1a: Talonflame|Flare Blitz|p2a: Sneasler\n|-damage|p2a: Sneasler|0 fnt\n|faint|p2a: Sneasler\n|-damage|p1a: Talonflame|0 fnt|[from] Recoil\n|faint|p1a: Talonflame\n|move|p1b: Gholdengo|Make It Rain|p2b: Indeedee\n|-damage|p2b: Indeedee|0 fnt\n|-unboost|p1b: Gholdengo|spa|1\n|faint|p2b: Indeedee\n|\n|upkeep\n|\n|t:|1728923492\n|switch|p1a: Dondozo|Dondozo, L50, M|100\/100\n|switch|p2a: Dondozo|Dondozo, L50, M|100\/100\n|switch|p2b: Tatsugiri|Tatsugiri, L50, F|100\/100\n|-activate|p2b: Tatsugiri|ability: Commander|[of] p2a: Dondozo\n|-boost|p2a: Dondozo|atk|2\n|-boost|p2a: Dondozo|spa|2\n|-boost|p2a: Dondozo|spe|2\n|-boost|p2a: Dondozo|def|2\n|-boost|p2a: Dondozo|spd|2\n|turn|3\n|\n|t:|1728923498\n|move|p1a: Dondozo|Protect|p1a: Dondozo\n|-singleturn|p1a: Dondozo|Protect\n|move|p1b: Gholdengo|Make It Rain|p2b: Tatsugiri|[spread] p2a\n|-miss|p1b: Gholdengo|p2b: Tatsugiri\n|-resisted|p2a: Dondozo\n|-damage|p2a: Dondozo|82\/100\n|-unboost|p1b: Gholdengo|spa|1\n|move|p2a: Dondozo|Earthquake|p1b: Gholdengo|[spread] p1b\n|-miss|p2a: Dondozo|p2b: Tatsugiri\n|-activate|p1a: Dondozo|move: Protect\n|-supereffective|p1b: Gholdengo\n|-damage|p1b: Gholdengo|0 fnt\n|faint|p1b: Gholdengo\n|\n|-heal|p2a: Dondozo|88\/100|[from] item: Leftovers\n|upkeep\n|\n|t:|1728923513\n|switch|p1b: Tatsugiri|Tatsugiri, L50, F|100\/100\n|-activate|p1b: Tatsugiri|ability: Commander|[of] p1a: Dondozo\n|-boost|p1a: Dondozo|atk|2\n|-boost|p1a: Dondozo|spa|2\n|-boost|p1a: Dondozo|spe|2\n|-boost|p1a: Dondozo|def|2\n|-boost|p1a: Dondozo|spd|2\n|turn|4\n|\n|t:|1728923523\n|move|p2a: Dondozo|Protect|p2a: Dondozo\n|-singleturn|p2a: Dondozo|Protect\n|move|p1a: Dondozo|Order Up|p2a: Dondozo\n|-activate|p2a: Dondozo|move: Protect\n|\n|-heal|p2a: Dondozo|94\/100|[from] item: Leftovers\n|-sideend|p1: FallenVortex842|move: Tailwind\n|upkeep\n|turn|5\n|\n|t:|1728923536\n|move|p2a: Dondozo|Earthquake|p1a: Dondozo|[spread] p1a\n|-miss|p2a: Dondozo|p2b: Tatsugiri\n|-miss|p2a: Dondozo|p1b: Tatsugiri\n|-damage|p1a: Dondozo|87\/100\n|move|p1a: Dondozo|Order Up|p2a: Dondozo\n|-damage|p2a: Dondozo|76\/100\n|-boost|p1a: Dondozo|atk|1\n|\n|-heal|p2a: Dondozo|82\/100|[from] item: Leftovers\n|-heal|p1a: Dondozo|93\/100|[from] item: Leftovers\n|-fieldend|move: Psychic Terrain\n|upkeep\n|turn|6\n|\n|t:|1728923545\n|move|p2a: Dondozo|Protect|p2a: Dondozo\n|-singleturn|p2a: Dondozo|Protect\n|move|p1a: Dondozo|Order Up|p2a: Dondozo\n|-activate|p2a: Dondozo|move: Protect\n|\n|-heal|p2a: Dondozo|88\/100|[from] item: Leftovers\n|-heal|p1a: Dondozo|99\/100|[from] item: Leftovers\n|upkeep\n|turn|7\n|j| mpudi\n|\n|t:|1728923554\n|move|p2a: Dondozo|Earthquake|p1a: Dondozo|[spread] p1a\n|-miss|p2a: Dondozo|p2b: Tatsugiri\n|-miss|p2a: Dondozo|p1b: Tatsugiri\n|-damage|p1a: Dondozo|85\/100\n|move|p1a: Dondozo|Order Up|p2a: Dondozo\n|-damage|p2a: Dondozo|71\/100\n|-boost|p1a: Dondozo|atk|1\n|\n|-heal|p2a: Dondozo|77\/100|[from] item: Leftovers\n|-heal|p1a: Dondozo|91\/100|[from] item: Leftovers\n|upkeep\n|turn|8\n|\n|t:|1728923562\n|move|p2a: Dondozo|Protect|p2a: Dondozo\n|-singleturn|p2a: Dondozo|Protect\n|move|p1a: Dondozo|Protect||[still]\n|-fail|p1a: Dondozo\n|\n|-heal|p2a: Dondozo|83\/100|[from] item: Leftovers\n|-heal|p1a: Dondozo|97\/100|[from] item: Leftovers\n|upkeep\n|turn|9\n|\n|t:|1728923571\n|move|p2a: Dondozo|Earthquake|p1b: Tatsugiri|[spread] p1a\n|-miss|p2a: Dondozo|p2b: Tatsugiri\n|-miss|p2a: Dondozo|p1b: Tatsugiri\n|-damage|p1a: Dondozo|83\/100\n|move|p1a: Dondozo|Order Up|p2a: Dondozo\n|-damage|p2a: Dondozo|66\/100\n|-boost|p1a: Dondozo|atk|1\n|\n|-heal|p2a: Dondozo|73\/100|[from] item: Leftovers\n|-heal|p1a: Dondozo|89\/100|[from] item: Leftovers\n|upkeep\n|turn|10\n|\n|t:|1728923578\n|move|p2a: Dondozo|Protect|p2a: Dondozo\n|-singleturn|p2a: Dondozo|Protect\n|move|p1a: Dondozo|Order Up|p2a: Dondozo\n|-activate|p2a: Dondozo|move: Protect\n|\n|-heal|p2a: Dondozo|79\/100|[from] item: Leftovers\n|-heal|p1a: Dondozo|95\/100|[from] item: Leftovers\n|upkeep\n|turn|11\n|\n|t:|1728923584\n|-terastallize|p1a: Dondozo|Grass\n|move|p2a: Dondozo|Earthquake|p1b: Tatsugiri|[spread] p1a\n|-miss|p2a: Dondozo|p2b: Tatsugiri\n|-miss|p2a: Dondozo|p1b: Tatsugiri\n|-resisted|p1a: Dondozo\n|-damage|p1a: Dondozo|87\/100\n|move|p1a: Dondozo|Wave Crash|p2a: Dondozo\n|-resisted|p2a: Dondozo\n|-damage|p2a: Dondozo|58\/100\n|-damage|p1a: Dondozo|80\/100|[from] Recoil\n|\n|-heal|p2a: Dondozo|64\/100|[from] item: Leftovers\n|-heal|p1a: Dondozo|86\/100|[from] item: Leftovers\n|upkeep\n|turn|12\n|\n|t:|1728923595\n|move|p2a: Dondozo|Protect|p2a: Dondozo\n|-singleturn|p2a: Dondozo|Protect\n|move|p1a: Dondozo|Protect||[still]\n|-fail|p1a: Dondozo\n|\n|-heal|p2a: Dondozo|70\/100|[from] item: Leftovers\n|-heal|p1a: Dondozo|93\/100|[from] item: Leftovers\n|upkeep\n|turn|13\n|\n|t:|1728923600\n|move|p2a: Dondozo|Heavy Slam|p1a: Dondozo\n|-damage|p1a: Dondozo|85\/100\n|move|p1a: Dondozo|Earthquake|p2a: Dondozo|[spread] p2a\n|-miss|p1a: Dondozo|p1b: Tatsugiri\n|-miss|p1a: Dondozo|p2b: Tatsugiri\n|-damage|p2a: Dondozo|54\/100\n|\n|-heal|p2a: Dondozo|60\/100|[from] item: Leftovers\n|-heal|p1a: Dondozo|91\/100|[from] item: Leftovers\n|upkeep\n|turn|14\n|\n|t:|1728923611\n|move|p2a: Dondozo|Protect|p2a: Dondozo\n|-singleturn|p2a: Dondozo|Protect\n|move|p1a: Dondozo|Wave Crash|p2a: Dondozo\n|-activate|p2a: Dondozo|move: Protect\n|\n|-heal|p2a: Dondozo|66\/100|[from] item: Leftovers\n|-heal|p1a: Dondozo|97\/100|[from] item: Leftovers\n|upkeep\n|turn|15\n|\n|t:|1728923615\n|move|p2a: Dondozo|Wave Crash|p1a: Dondozo\n|-resisted|p1a: Dondozo\n|-damage|p1a: Dondozo|80\/100\n|-damage|p2a: Dondozo|60\/100|[from] Recoil\n|move|p1a: Dondozo|Wave Crash|p2a: Dondozo\n|-resisted|p2a: Dondozo\n|-damage|p2a: Dondozo|39\/100\n|-damage|p1a: Dondozo|73\/100|[from] Recoil\n|\n|-heal|p2a: Dondozo|46\/100|[from] item: Leftovers\n|-heal|p1a: Dondozo|79\/100|[from] item: Leftovers\n|upkeep\n|turn|16\n|\n|t:|1728923626\n|move|p2a: Dondozo|Wave Crash|p1a: Dondozo\n|-resisted|p1a: Dondozo\n|-damage|p1a: Dondozo|59\/100\n|-damage|p2a: Dondozo|39\/100|[from] Recoil\n|move|p1a: Dondozo|Wave Crash|p2a: Dondozo\n|-resisted|p2a: Dondozo\n|-damage|p2a: Dondozo|19\/100\n|-damage|p1a: Dondozo|52\/100|[from] Recoil\n|\n|-heal|p2a: Dondozo|25\/100|[from] item: Leftovers\n|-heal|p1a: Dondozo|58\/100|[from] item: Leftovers\n|upkeep\n|turn|17\n|\n|t:|1728923638\n|move|p2a: Dondozo|Wave Crash|p1a: Dondozo\n|-resisted|p1a: Dondozo\n|-damage|p1a: Dondozo|40\/100\n|-damage|p2a: Dondozo|19\/100|[from] Recoil\n|move|p1a: Dondozo|Wave Crash|p2a: Dondozo\n|-resisted|p2a: Dondozo\n|-damage|p2a: Dondozo|0 fnt\n|faint|p2a: Dondozo\n|-damage|p1a: Dondozo|34\/100|[from] Recoil\n|\n|-heal|p1a: Dondozo|40\/100|[from] item: Leftovers\n|upkeep\n|turn|18\n|\n|t:|1728923650\n|move|p1a: Dondozo|Protect|p1a: Dondozo\n|-singleturn|p1a: Dondozo|Protect\n|move|p2b: Tatsugiri|Draco Meteor|p1a: Dondozo\n|-activate|p1a: Dondozo|move: Protect\n|\n|-heal|p1a: Dondozo|47\/100|[from] item: Leftovers\n|upkeep\n|turn|19\n|-message|ttvrm5 forfeited.\n|\n|win|FallenVortex842\n|raw|FallenVortex842's rating: 1679 &rarr; <strong>1703<\/strong><br \/>(+24 for winning)\n|raw|ttvrm5's rating: 1743 &rarr; <strong>1719<\/strong><br \/>(-24 for losing)\n|l|\u2606FallenVortex842\n|player|p1|\n|l|\u2606ttvrm5\n|player|p2|\n|l| mpudi\n","uploadtime":1728923868,"views":10,"formatid":"gen9vgc2024regh","rating":1703,"private":0,"password":null}