{"id":"gen9vgc2024regh-2222090700","format":"[Gen 9] VGC 2024 Reg H","players":["ray4gej","datbishgames"],"log":"|j|\u2606ray4gej\n|j|\u2606datbishgames\n|t:|1728836385\n|gametype|doubles\n|player|p1|ray4gej|101|1705\n|player|p2|datbishgames|mira|1654\n|teamsize|p1|6\n|teamsize|p2|6\n|gen|9\n|tier|[Gen 9] VGC 2024 Reg H\n|rated|\n|rule|Species Clause: Limit one of each Pok\u00e9mon\n|rule|Item Clause: Limit 1 of each item\n|clearpoke\n|poke|p1|Kleavor, L50, M|\n|poke|p1|Kingambit, L50, F|\n|poke|p1|Salamence, L50, F|\n|poke|p1|Rillaboom, L50, M|\n|poke|p1|Salazzle, L50, F|\n|poke|p1|Excadrill, L50, M|\n|poke|p2|Whimsicott, L50, F|\n|poke|p2|Basculegion, L50, M|\n|poke|p2|Arcanine-Hisui, L50, M|\n|poke|p2|Hydreigon, L50, F|\n|poke|p2|Farigiraf, L50, M|\n|poke|p2|Pawmot, L50, F|\n|teampreview|4\n|inactive|Battle timer is ON: inactive players will automatically lose when time's up. (requested by datbishgames)\n|inactive|datbishgames has 60 seconds left.\n|\n|t:|1728836418\n|start\n|switch|p1a: Salamence|Salamence, L50, F|100\/100\n|switch|p1b: Kingambit|Kingambit, L50, F, shiny|100\/100\n|switch|p2a: Whimsicott|Whimsicott, L50, F|100\/100\n|switch|p2b: Hydreigon|Hydreigon, L50, F|100\/100\n|turn|1\n|inactive|ray4gej has 30 seconds left.\n|j| liam.2025\n|inactive|ray4gej has 20 seconds left.\n|\n|t:|1728836454\n|-terastallize|p1a: Salamence|Fairy\n|-terastallize|p2b: Hydreigon|Fire\n|move|p2a: Whimsicott|Tailwind|p2a: Whimsicott\n|-sidestart|p2: datbishgames|move: Tailwind\n|move|p2b: Hydreigon|Heat Wave|p1b: Kingambit|[spread] p1b\n|-miss|p2b: Hydreigon|p1a: Salamence\n|-supereffective|p1b: Kingambit\n|-damage|p1b: Kingambit|1\/100\n|-damage|p2b: Hydreigon|91\/100|[from] item: Life Orb\n|move|p1a: Salamence|Dual Wingbeat|p2a: Whimsicott\n|-supereffective|p2a: Whimsicott\n|-damage|p2a: Whimsicott|50\/100\n|-supereffective|p2a: Whimsicott\n|-damage|p2a: Whimsicott|7\/100\n|-hitcount|p2a: Whimsicott|2\n|move|p1b: Kingambit|Kowtow Cleave|p2b: Hydreigon\n|-damage|p2b: Hydreigon|21\/100\n|\n|upkeep\n|turn|2\n|inactive|ray4gej has 30 seconds left.\n|\n|t:|1728836480\n|switch|p2a: Farigiraf|Farigiraf, L50, M|100\/100\n|move|p1b: Kingambit|Sucker Punch||[still]\n|cant|p2a: Farigiraf|ability: Armor Tail|Sucker Punch|[of] p1b: Kingambit\n|move|p2b: Hydreigon|Heat Wave|p1b: Kingambit|[spread] p1a\n|-miss|p2b: Hydreigon|p1b: Kingambit\n|-damage|p1a: Salamence|40\/100\n|-damage|p2b: Hydreigon|11\/100|[from] item: Life Orb\n|move|p1a: Salamence|Tailwind|p1a: Salamence\n|-sidestart|p1: ray4gej|move: Tailwind\n|\n|upkeep\n|turn|3\n|c|\u2606ray4gej|Sry\n|inactive|datbishgames has 30 seconds left.\n|\n|t:|1728836506\n|switch|p1b: Kleavor|Kleavor, L50, M|100\/100\n|move|p2b: Hydreigon|Protect|p2b: Hydreigon\n|-singleturn|p2b: Hydreigon|Protect\n|move|p1a: Salamence|Dragon Claw|p2b: Hydreigon\n|-activate|p2b: Hydreigon|move: Protect\n|move|p2a: Farigiraf|Hyper Voice|p1a: Salamence|[spread] p1a,p1b\n|-resisted|p1b: Kleavor\n|-damage|p1a: Salamence|0 fnt\n|-damage|p1b: Kleavor|77\/100\n|faint|p1a: Salamence\n|-enditem|p2a: Farigiraf|Throat Spray\n|-boost|p2a: Farigiraf|spa|1|[from] item: Throat Spray\n|\n|upkeep\n|\n|t:|1728836514\n|switch|p1a: Salazzle|Salazzle, L50, F|100\/100\n|turn|4\n|\n|t:|1728836524\n|move|p2a: Farigiraf|Protect|p2a: Farigiraf\n|-singleturn|p2a: Farigiraf|Protect\n|move|p1b: Kleavor|X-Scissor|p2a: Farigiraf\n|-activate|p2a: Farigiraf|move: Protect\n|move|p1a: Salazzle|Sludge Bomb|p2b: Hydreigon\n|-damage|p2b: Hydreigon|0 fnt\n|faint|p2b: Hydreigon\n|\n|-sideend|p2: datbishgames|move: Tailwind\n|upkeep\n|\n|t:|1728836537\n|switch|p2b: Basculegion|Basculegion, L50, M|100\/100\n|turn|5\n|\n|t:|1728836546\n|move|p2b: Basculegion|Aqua Jet|p1b: Kleavor\n|-supereffective|p1b: Kleavor\n|-damage|p1b: Kleavor|0 fnt\n|faint|p1b: Kleavor\n|move|p1a: Salazzle|Will-O-Wisp|p2b: Basculegion\n|-status|p2b: Basculegion|brn\n|move|p2a: Farigiraf|Trick Room|p2a: Farigiraf\n|-fieldstart|move: Trick Room|[of] p2a: Farigiraf\n|\n|-damage|p2b: Basculegion|95\/100 brn|[from] brn\n|-sideend|p1: ray4gej|move: Tailwind\n|upkeep\n|\n|t:|1728836552\n|switch|p1b: Kingambit|Kingambit, L50, F, shiny|1\/100\n|turn|6\n|-message|ray4gej forfeited.\n|\n|win|datbishgames\n|raw|ray4gej's rating: 1705 &rarr; <strong>1682<\/strong><br \/>(-23 for losing)\n|raw|datbishgames's rating: 1654 &rarr; <strong>1677<\/strong><br \/>(+23 for winning)\n|l|\u2606ray4gej\n|player|p1|\n|l|\u2606datbishgames\n|player|p2|\n","uploadtime":1728836736,"views":25,"formatid":"gen9vgc2024regh","rating":1677,"private":0,"password":null}