{"id":"gen9vgc2024regh-2222211744","format":"[Gen 9] VGC 2024 Reg H","players":["SeaWolfMikess","elvegis1"],"log":"|badge|p1|silver|gen9doublesou|30-3\n|uhtml|medal-msg|<div class=\"broadcast-blue\">Curious what those medals under the avatar are? PS now has Ladder Seasons! For more information, check out the <a href=\"https:\/\/www.smogon.com\/forums\/threads\/3740067\/\">thread on Smogon.<\/a><\/div>\n|j|\u2606SeaWolfMikess\n|j|\u2606elvegis1\n|t:|1728849619\n|gametype|doubles\n|player|p1|SeaWolfMikess|hugh|1727\n|player|p2|elvegis1|lucas|1805\n|teamsize|p1|6\n|teamsize|p2|6\n|gen|9\n|tier|[Gen 9] VGC 2024 Reg H\n|rated|\n|rule|Species Clause: Limit one of each Pok\u00e9mon\n|rule|Item Clause: Limit 1 of each item\n|clearpoke\n|poke|p1|Blaziken, L50, F|\n|poke|p1|Kingambit, L50, F|\n|poke|p1|Amoonguss, L50, F|\n|poke|p1|Porygon2, L50|\n|poke|p1|Dragapult, L50, F|\n|poke|p1|Ninetales-Alola, L50, F|\n|poke|p2|Garchomp, L50, F|\n|poke|p2|Incineroar, L50, F|\n|poke|p2|Sneasler, L50, F|\n|poke|p2|Dragonite, L50, M|\n|poke|p2|Corviknight, L50, F|\n|poke|p2|Gholdengo, L50|\n|teampreview|4\n|inactive|Battle timer is ON: inactive players will automatically lose when time's up. (requested by elvegis1)\n|\n|t:|1728849650\n|start\n|switch|p1a: Blaziken|Blaziken, L50, F|100\/100\n|switch|p1b: Kingambit|Kingambit, L50, F|100\/100\n|switch|p2a: Corviknight|Corviknight, L50, F|100\/100\n|switch|p2b: Sneasler|Sneasler, L50, F|100\/100\n|turn|1\n|\n|t:|1728849662\n|-terastallize|p1b: Kingambit|Flying\n|move|p2b: Sneasler|Coaching|p2a: Corviknight\n|-boost|p2a: Corviknight|atk|1\n|-boost|p2a: Corviknight|def|1\n|move|p1a: Blaziken|Coaching|p1b: Kingambit\n|-boost|p1b: Kingambit|atk|1\n|-boost|p1b: Kingambit|def|1\n|move|p2a: Corviknight|Tailwind|p2a: Corviknight\n|-sidestart|p2: elvegis1|move: Tailwind\n|move|p1b: Kingambit|Iron Head|p2b: Sneasler\n|-enditem|p2b: Sneasler|Focus Sash\n|-damage|p2b: Sneasler|1\/100\n|\n|-ability|p1a: Blaziken|Speed Boost|boost\n|-boost|p1a: Blaziken|spe|1\n|upkeep\n|turn|2\n|inactive|elvegis1 has 30 seconds left.\n|\n|t:|1728849689\n|move|p2b: Sneasler|Dire Claw|p1b: Kingambit\n|-damage|p1b: Kingambit|80\/100\n|-status|p1b: Kingambit|psn\n|move|p2a: Corviknight|Brave Bird|p1b: Kingambit\n|-damage|p1b: Kingambit|46\/100 psn\n|-damage|p2a: Corviknight|89\/100|[from] Recoil\n|move|p1a: Blaziken|Flare Blitz|p2a: Corviknight\n|-supereffective|p2a: Corviknight\n|-damage|p2a: Corviknight|16\/100\n|-status|p2a: Corviknight|brn\n|-enditem|p2a: Corviknight|Sitrus Berry|[eat]\n|-heal|p2a: Corviknight|41\/100 brn|[from] item: Sitrus Berry\n|-damage|p1a: Blaziken|70\/100|[from] Recoil\n|move|p1b: Kingambit|Kowtow Cleave|p2a: Corviknight\n|-damage|p2a: Corviknight|0 fnt\n|faint|p2a: Corviknight\n|\n|-damage|p1b: Kingambit|34\/100 psn|[from] psn\n|-ability|p1a: Blaziken|Speed Boost|boost\n|-boost|p1a: Blaziken|spe|1\n|upkeep\n|\n|t:|1728849710\n|switch|p2a: Incineroar|Incineroar, L50, F|100\/100\n|-ability|p2a: Incineroar|Intimidate|boost\n|-unboost|p1a: Blaziken|atk|1\n|-unboost|p1b: Kingambit|atk|1\n|-ability|p1b: Kingambit|Defiant|boost\n|-boost|p1b: Kingambit|atk|2\n|turn|3\n|\n|t:|1728849721\n|move|p1a: Blaziken|Detect|p1a: Blaziken\n|-singleturn|p1a: Blaziken|Protect\n|move|p2a: Incineroar|Fake Out|p1b: Kingambit\n|-damage|p1b: Kingambit|28\/100 psn\n|cant|p1b: Kingambit|flinch\n|move|p2b: Sneasler|Dire Claw|p1b: Kingambit\n|-damage|p1b: Kingambit|6\/100 psn\n|\n|-damage|p1b: Kingambit|0 fnt|[from] psn\n|faint|p1b: Kingambit\n|-ability|p1a: Blaziken|Speed Boost|boost\n|-boost|p1a: Blaziken|spe|1\n|upkeep\n|\n|t:|1728849728\n|switch|p1b: Porygon2|Porygon2, L50|100\/100\n|-ability|p1b: Porygon2|Poison Touch|[from] ability: Trace|[of] p2b: Sneasler\n|turn|4\n|\n|t:|1728849747\n|-terastallize|p2a: Incineroar|Ghost\n|move|p2b: Sneasler|Protect|p2b: Sneasler\n|-singleturn|p2b: Sneasler|Protect\n|move|p1a: Blaziken|Flare Blitz|p2b: Sneasler\n|-activate|p2b: Sneasler|move: Protect\n|move|p2a: Incineroar|Parting Shot|p1a: Blaziken\n|-unboost|p1a: Blaziken|atk|1\n|-unboost|p1a: Blaziken|spa|1\n|\n|t:|1728849757\n|switch|p2a: Gholdengo|Gholdengo, L50|100\/100|[from] Parting Shot\n|move|p1b: Porygon2|Thunderbolt|p2a: Gholdengo\n|-damage|p2a: Gholdengo|77\/100\n|\n|-sideend|p2: elvegis1|move: Tailwind\n|-ability|p1a: Blaziken|Speed Boost|boost\n|-boost|p1a: Blaziken|spe|1\n|upkeep\n|turn|5\n|\n|t:|1728849775\n|move|p1a: Blaziken|Flare Blitz|p2b: Sneasler\n|-damage|p2b: Sneasler|0 fnt\n|faint|p2b: Sneasler\n|-damage|p1a: Blaziken|69\/100|[from] Recoil\n|move|p2a: Gholdengo|Shadow Ball|p1a: Blaziken\n|-damage|p1a: Blaziken|5\/100\n|move|p1b: Porygon2|Thunderbolt|p2a: Gholdengo\n|-damage|p2a: Gholdengo|51\/100\n|\n|-ability|p1a: Blaziken|Speed Boost|boost\n|-boost|p1a: Blaziken|spe|1\n|upkeep\n|\n|t:|1728849785\n|switch|p2b: Incineroar|Incineroar, L50, F, tera:Ghost|100\/100\n|-ability|p2b: Incineroar|Intimidate|boost\n|-unboost|p1a: Blaziken|atk|1\n|-unboost|p1b: Porygon2|atk|1\n|turn|6\n|\n|t:|1728849791\n|move|p2b: Incineroar|Fake Out|p1a: Blaziken\n|-damage|p1a: Blaziken|0 fnt\n|faint|p1a: Blaziken\n|move|p2a: Gholdengo|Nasty Plot|p2a: Gholdengo\n|-boost|p2a: Gholdengo|spa|2\n|move|p1b: Porygon2|Thunderbolt|p2a: Gholdengo\n|-damage|p2a: Gholdengo|27\/100\n|\n|upkeep\n|\n|t:|1728849793\n|switch|p1a: Dragapult|Dragapult, L50, F|100\/100\n|turn|7\n|\n|t:|1728849808\n|move|p1a: Dragapult|Phantom Force||[still]\n|-prepare|p1a: Dragapult|Phantom Force\n|move|p2a: Gholdengo|Make It Rain|p1a: Dragapult|[spread] p1b\n|-miss|p2a: Gholdengo|p1a: Dragapult\n|-damage|p1b: Porygon2|34\/100\n|-unboost|p2a: Gholdengo|spa|1\n|move|p2b: Incineroar|Knock Off|p1b: Porygon2\n|-damage|p1b: Porygon2|14\/100\n|-enditem|p1b: Porygon2|Eviolite|[from] move: Knock Off|[of] p2b: Incineroar\n|move|p1b: Porygon2|Recover|p1b: Porygon2\n|-heal|p1b: Porygon2|64\/100\n|\n|upkeep\n|turn|8\n|\n|t:|1728849828\n|move|p1a: Dragapult|Phantom Force|p2a: Gholdengo|[from]lockedmove\n|-supereffective|p2a: Gholdengo\n|-damage|p2a: Gholdengo|0 fnt\n|faint|p2a: Gholdengo\n|move|p2b: Incineroar|Knock Off|p1a: Dragapult\n|-supereffective|p1a: Dragapult\n|-damage|p1a: Dragapult|0 fnt\n|-enditem|p1a: Dragapult|Choice Band|[from] move: Knock Off|[of] p2b: Incineroar\n|faint|p1a: Dragapult\n|move|p1b: Porygon2|Thunderbolt|p2b: Incineroar\n|-damage|p2b: Incineroar|84\/100\n|\n|upkeep\n|turn|9\n|\n|t:|1728849841\n|move|p2b: Incineroar|Flare Blitz|p1b: Porygon2\n|-damage|p1b: Porygon2|29\/100\n|-damage|p2b: Incineroar|73\/100|[from] Recoil\n|move|p1b: Porygon2|Recover|p1b: Porygon2\n|-heal|p1b: Porygon2|79\/100\n|\n|upkeep\n|turn|10\n|\n|t:|1728849849\n|move|p2b: Incineroar|Knock Off|p1b: Porygon2\n|-damage|p1b: Porygon2|59\/100\n|move|p1b: Porygon2|Ice Beam|p2b: Incineroar\n|-damage|p2b: Incineroar|56\/100\n|\n|upkeep\n|turn|11\n|\n|t:|1728849862\n|move|p2b: Incineroar|Knock Off|p1b: Porygon2\n|-damage|p1b: Porygon2|40\/100\n|move|p1b: Porygon2|Recover|p1b: Porygon2\n|-heal|p1b: Porygon2|90\/100\n|\n|upkeep\n|turn|12\n|\n|t:|1728849868\n|move|p2b: Incineroar|Knock Off|p1b: Porygon2\n|-damage|p1b: Porygon2|69\/100\n|move|p1b: Porygon2|Ice Beam|p2b: Incineroar\n|-damage|p2b: Incineroar|37\/100\n|\n|upkeep\n|turn|13\n|\n|t:|1728849874\n|move|p2b: Incineroar|Flare Blitz|p1b: Porygon2\n|-damage|p1b: Porygon2|33\/100\n|-damage|p2b: Incineroar|26\/100|[from] Recoil\n|move|p1b: Porygon2|Recover|p1b: Porygon2\n|-heal|p1b: Porygon2|83\/100\n|\n|upkeep\n|turn|14\n|\n|t:|1728849886\n|move|p2b: Incineroar|Knock Off|p1b: Porygon2\n|-damage|p1b: Porygon2|62\/100\n|move|p1b: Porygon2|Ice Beam|p2b: Incineroar\n|-damage|p2b: Incineroar|7\/100\n|\n|upkeep\n|turn|15\n|\n|t:|1728849891\n|move|p2b: Incineroar|Flare Blitz|p1b: Porygon2\n|-damage|p1b: Porygon2|21\/100\n|-damage|p2b: Incineroar|0 fnt|[from] Recoil\n|faint|p2b: Incineroar\n|\n|win|SeaWolfMikess\n|raw|SeaWolfMikess's rating: 1727 &rarr; <strong>1751<\/strong><br \/>(+24 for winning)\n|raw|elvegis1's rating: 1805 &rarr; <strong>1781<\/strong><br \/>(-24 for losing)\n|l|\u2606SeaWolfMikess\n|player|p1|\n|l|\u2606elvegis1\n|player|p2|\n","uploadtime":1728850041,"views":24,"formatid":"gen9vgc2024regh","rating":1751,"private":0,"password":null}