{"id":"gen9vgc2024regh-2222803421","format":"[Gen 9] VGC 2024 Reg H","players":["radioiamp10","ttvrm5"],"log":"|j|\u2606radioiamp10\n|j|\u2606ttvrm5\n|t:|1728925432\n|gametype|doubles\n|player|p1|radioiamp10|266|1734\n|player|p2|ttvrm5|shadowtriad|1727\n|teamsize|p1|6\n|teamsize|p2|6\n|gen|9\n|tier|[Gen 9] VGC 2024 Reg H\n|rated|\n|rule|Species Clause: Limit one of each Pok\u00e9mon\n|rule|Item Clause: Limit 1 of each item\n|clearpoke\n|poke|p1|Staraptor, L50, M|\n|poke|p1|Hydreigon, L50, M|\n|poke|p1|Lilligant-Hisui, L50, F|\n|poke|p1|Torkoal, L50, M|\n|poke|p1|Ursaluna, L50, F|\n|poke|p1|Farigiraf, L50, F|\n|poke|p2|Indeedee, L50, M|\n|poke|p2|Dragonite, L50, M|\n|poke|p2|Sneasler, L50, M|\n|poke|p2|Annihilape, L50, F|\n|poke|p2|Dondozo, L50, F|\n|poke|p2|Tatsugiri, L50, F|\n|teampreview|4\n|\n|t:|1728925443\n|start\n|switch|p1a: Lilligant|Lilligant-Hisui, L50, F|100\/100\n|switch|p1b: Torkoal|Torkoal, L50, M|100\/100\n|switch|p2a: Sneasler|Sneasler, L50, M|100\/100\n|switch|p2b: Indeedee|Indeedee, L50, M|100\/100\n|-fieldstart|move: Psychic Terrain|[from] ability: Psychic Surge|[of] p2b: Indeedee\n|-enditem|p2a: Sneasler|Psychic Seed\n|-boost|p2a: Sneasler|spd|1|[from] item: Psychic Seed\n|-weather|SunnyDay|[from] ability: Drought|[of] p1b: Torkoal\n|turn|1\n|inactive|Battle timer is ON: inactive players will automatically lose when time's up. (requested by ttvrm5)\n|\n|t:|1728925467\n|move|p1a: Lilligant|Sleep Powder|p2b: Indeedee|[miss]\n|-miss|p1a: Lilligant|p2b: Indeedee\n|move|p2a: Sneasler|Dire Claw|p1a: Lilligant\n|-supereffective|p1a: Lilligant\n|-enditem|p1a: Lilligant|Focus Sash\n|-damage|p1a: Lilligant|1\/100\n|-status|p1a: Lilligant|par\n|move|p2b: Indeedee|Expanding Force|p1a: Lilligant|[spread] p1a,p1b\n|-supereffective|p1a: Lilligant\n|-damage|p1a: Lilligant|0 fnt\n|-damage|p1b: Torkoal|25\/100\n|faint|p1a: Lilligant\n|move|p1b: Torkoal|Eruption|p2a: Sneasler|[spread] p2a,p2b\n|-crit|p2b: Indeedee\n|-damage|p2a: Sneasler|79\/100\n|-damage|p2b: Indeedee|53\/100\n|\n|-weather|SunnyDay|[upkeep]\n|upkeep\n|\n|t:|1728925482\n|switch|p1a: Farigiraf|Farigiraf, L50, F|100\/100\n|turn|2\n|\n|t:|1728925493\n|move|p1b: Torkoal|Protect|p1b: Torkoal\n|-singleturn|p1b: Torkoal|Protect\n|move|p2a: Sneasler|Dire Claw|p1a: Farigiraf\n|-damage|p1a: Farigiraf|60\/100\n|-status|p1a: Farigiraf|slp\n|move|p2b: Indeedee|Expanding Force|p1b: Torkoal|[spread] p1a\n|-activate|p1b: Torkoal|move: Protect\n|-resisted|p1a: Farigiraf\n|-damage|p1a: Farigiraf|40\/100 slp\n|-enditem|p1a: Farigiraf|Sitrus Berry|[eat]\n|-heal|p1a: Farigiraf|65\/100 slp|[from] item: Sitrus Berry\n|cant|p1a: Farigiraf|slp\n|\n|-weather|SunnyDay|[upkeep]\n|upkeep\n|turn|3\n|c|\u2606ttvrm5|Hahahaha\n|\n|t:|1728925507\n|move|p1b: Torkoal|Protect||[still]\n|-fail|p1b: Torkoal\n|move|p2a: Sneasler|Throat Chop|p1a: Farigiraf\n|-supereffective|p1a: Farigiraf\n|-damage|p1a: Farigiraf|10\/100 slp\n|-start|p1a: Farigiraf|Throat Chop|[silent]\n|move|p2b: Indeedee|Expanding Force|p1b: Torkoal|[spread] p1a,p1b\n|-resisted|p1a: Farigiraf\n|-damage|p1a: Farigiraf|0 fnt\n|-damage|p1b: Torkoal|0 fnt\n|faint|p1a: Farigiraf\n|faint|p1b: Torkoal\n|\n|-weather|SunnyDay|[upkeep]\n|upkeep\n|c|\u2606ttvrm5|Sneasler is funny\n|\n|t:|1728925517\n|switch|p1b: Ursaluna|Ursaluna, L50, F|100\/100\n|turn|4\n|\n|t:|1728925532\n|-terastallize|p1b: Ursaluna|Ghost\n|move|p2a: Sneasler|Dire Claw|p1b: Ursaluna\n|-resisted|p1b: Ursaluna\n|-damage|p1b: Ursaluna|83\/100\n|-status|p1b: Ursaluna|par\n|move|p2b: Indeedee|Expanding Force|p1b: Ursaluna\n|-damage|p1b: Ursaluna|27\/100 par\n|move|p1b: Ursaluna|Earthquake|p2a: Sneasler|[spread] p2a,p2b\n|-supereffective|p2a: Sneasler\n|-damage|p2a: Sneasler|0 fnt\n|-damage|p2b: Indeedee|0 fnt\n|faint|p2a: Sneasler\n|faint|p2b: Indeedee\n|\n|-weather|SunnyDay|[upkeep]\n|upkeep\n|\n|t:|1728925535\n|switch|p2a: Dondozo|Dondozo, L50, F|100\/100\n|switch|p2b: Tatsugiri|Tatsugiri, L50, F|100\/100\n|-activate|p2b: Tatsugiri|ability: Commander|[of] p2a: Dondozo\n|-boost|p2a: Dondozo|atk|2\n|-boost|p2a: Dondozo|spa|2\n|-boost|p2a: Dondozo|spe|2\n|-boost|p2a: Dondozo|def|2\n|-boost|p2a: Dondozo|spd|2\n|turn|5\n|\n|t:|1728925553\n|move|p2a: Dondozo|Protect|p2a: Dondozo\n|-singleturn|p2a: Dondozo|Protect\n|move|p1b: Ursaluna|Facade|p2a: Dondozo\n|-activate|p2a: Dondozo|move: Protect\n|\n|-weather|none\n|-fieldend|move: Psychic Terrain\n|upkeep\n|turn|6\n|\n|t:|1728925560\n|move|p2a: Dondozo|Wave Crash|p1b: Ursaluna\n|-damage|p1b: Ursaluna|0 fnt\n|faint|p1b: Ursaluna\n|-damage|p2a: Dondozo|92\/100|[from] Recoil\n|\n|win|ttvrm5\n|raw|radioiamp10's rating: 1734 &rarr; <strong>1714<\/strong><br \/>(-20 for losing)\n|raw|ttvrm5's rating: 1727 &rarr; <strong>1747<\/strong><br \/>(+20 for winning)\n|l|\u2606radioiamp10\n|player|p1|\n|l|\u2606ttvrm5\n|player|p2|\n","uploadtime":1728925816,"views":27,"formatid":"gen9vgc2024regh","rating":1714,"private":0,"password":null}