{"id":"gen9vgc2024regh-2222940027","format":"[Gen 9] VGC 2024 Reg H","players":["cher1berry","dayron91"],"log":"|j|\u2606cher1berry\n|j|\u2606dayron91\n|t:|1728937797\n|gametype|doubles\n|player|p1|cher1berry|nancy|1736\n|player|p2|dayron91|dragontamer|1710\n|teamsize|p1|6\n|teamsize|p2|6\n|gen|9\n|tier|[Gen 9] VGC 2024 Reg H\n|rated|\n|rule|Species Clause: Limit one of each Pok\u00e9mon\n|rule|Item Clause: Limit 1 of each item\n|clearpoke\n|poke|p1|Dondozo, L50, F|\n|poke|p1|Tatsugiri, L50, F|\n|poke|p1|Gholdengo, L50|\n|poke|p1|Talonflame, L50, F|\n|poke|p1|Dragonite, L50, F|\n|poke|p1|Pawmot, L50, F|\n|poke|p2|Archaludon, L50, M|\n|poke|p2|Whimsicott, L50, M|\n|poke|p2|Incineroar, L50, M|\n|poke|p2|Electrode-Hisui, L50|\n|poke|p2|Annihilape, L50, F|\n|poke|p2|Basculegion, L50, M|\n|teampreview|4\n|inactive|Battle timer is ON: inactive players will automatically lose when time's up. (requested by cher1berry)\n|j| TrubbishTyler\n|inactive|dayron91 has 60 seconds left.\n|inactive|dayron91 has 30 seconds left.\n|\n|t:|1728937872\n|start\n|switch|p1a: Talonflame|Talonflame, L50, F, shiny|100\/100\n|switch|p1b: Gholdengo|Gholdengo, L50|100\/100\n|switch|p2a: Electrode|Electrode-Hisui, L50|100\/100\n|switch|p2b: Annihilape|Annihilape, L50, F|100\/100\n|turn|1\n|\n|t:|1728937890\n|-terastallize|p2b: Annihilape|Fire\n|-terastallize|p1b: Gholdengo|Steel\n|move|p1a: Talonflame|Tailwind|p1a: Talonflame\n|-sidestart|p1: cher1berry|move: Tailwind\n|move|p1b: Gholdengo|Make It Rain|p2b: Annihilape|[spread] p2a,p2b\n|-resisted|p2a: Electrode\n|-resisted|p2b: Annihilape\n|-damage|p2a: Electrode|36\/100\n|-damage|p2b: Annihilape|53\/100\n|-unboost|p1b: Gholdengo|spa|1\n|move|p2a: Electrode|Electroweb|p1b: Gholdengo|[spread] p1a,p1b\n|-supereffective|p1a: Talonflame\n|-damage|p1a: Talonflame|64\/100\n|-damage|p1b: Gholdengo|86\/100\n|-unboost|p1b: Gholdengo|spe|1\n|move|p2b: Annihilape|Rage Fist|p1b: Gholdengo\n|-damage|p1b: Gholdengo|24\/100\n|\n|upkeep\n|turn|2\n|inactive|dayron91 has 30 seconds left.\n|\n|t:|1728937924\n|switch|p2a: Incineroar|Incineroar, L50, M|100\/100\n|-ability|p2a: Incineroar|Intimidate|boost\n|-unboost|p1a: Talonflame|atk|1\n|-unboost|p1b: Gholdengo|atk|1\n|move|p1a: Talonflame|Brave Bird|p2b: Annihilape\n|-damage|p2b: Annihilape|20\/100\n|-damage|p1a: Talonflame|50\/100|[from] Recoil\n|move|p2b: Annihilape|Rage Fist|p1a: Talonflame\n|-damage|p1a: Talonflame|0 fnt\n|faint|p1a: Talonflame\n|move|p1b: Gholdengo|Make It Rain|p2a: Incineroar|[spread] p2a,p2b\n|-resisted|p2a: Incineroar\n|-resisted|p2b: Annihilape\n|-damage|p2a: Incineroar|69\/100\n|-damage|p2b: Annihilape|0 fnt\n|-unboost|p1b: Gholdengo|spa|1\n|faint|p2b: Annihilape\n|\n|upkeep\n|inactive|dayron91 has 30 seconds left.\n|\n|t:|1728937950\n|switch|p1a: Dondozo|Dondozo, L50, F, shiny|100\/100\n|switch|p2b: Electrode|Electrode-Hisui, L50|36\/100\n|turn|3\n|inactive|dayron91 has 30 seconds left.\n|inactive|dayron91 has 20 seconds left.\n|inactive|dayron91 has 15 seconds left.\n|inactive|dayron91 has 10 seconds left.\n|\n|t:|1728937996\n|switch|p1b: Tatsugiri|Tatsugiri, L50, F|100\/100\n|-activate|p1b: Tatsugiri|ability: Commander|[of] p1a: Dondozo\n|-boost|p1a: Dondozo|atk|2\n|-boost|p1a: Dondozo|spa|2\n|-boost|p1a: Dondozo|spe|2\n|-boost|p1a: Dondozo|def|2\n|-boost|p1a: Dondozo|spd|2\n|switch|p2a: Basculegion|Basculegion, L50, M, shiny|100\/100\n|move|p1a: Dondozo|Protect|p1a: Dondozo\n|-singleturn|p1a: Dondozo|Protect\n|move|p2b: Electrode|Electroweb|p1a: Dondozo|[spread] \n|-miss|p2b: Electrode|p1b: Tatsugiri\n|-activate|p1a: Dondozo|move: Protect\n|\n|upkeep\n|turn|4\n|inactive|dayron91 has 30 seconds left.\n|\n|t:|1728938030\n|move|p1a: Dondozo|Earthquake|p2a: Basculegion|[spread] p2a,p2b\n|-miss|p1a: Dondozo|p1b: Tatsugiri\n|-damage|p2a: Basculegion|44\/100\n|-damage|p2b: Electrode|0 fnt\n|faint|p2b: Electrode\n|move|p2a: Basculegion|Last Respects|p1a: Dondozo\n|-damage|p1a: Dondozo|49\/100\n|\n|-heal|p1a: Dondozo|55\/100|[from] item: Leftovers\n|-sideend|p1: cher1berry|move: Tailwind\n|upkeep\n|j| francreas\n|\n|t:|1728938041\n|switch|p2b: Incineroar|Incineroar, L50, M|69\/100\n|-ability|p2b: Incineroar|Intimidate|boost\n|-unboost|p1a: Dondozo|atk|1\n|-unboost|p1b: Tatsugiri|atk|1\n|turn|5\n|\n|t:|1728938050\n|move|p1a: Dondozo|Protect|p1a: Dondozo\n|-singleturn|p1a: Dondozo|Protect\n|move|p2b: Incineroar|Fake Out|p1a: Dondozo\n|-activate|p1a: Dondozo|move: Protect\n|move|p2a: Basculegion|Last Respects|p1a: Dondozo\n|-activate|p1a: Dondozo|move: Protect\n|\n|-heal|p1a: Dondozo|61\/100|[from] item: Leftovers\n|upkeep\n|turn|6\n|j| Furreto testo\n|\n|t:|1728938064\n|move|p1a: Dondozo|Earthquake|p2a: Basculegion|[spread] p2a,p2b\n|-miss|p1a: Dondozo|p1b: Tatsugiri\n|-supereffective|p2b: Incineroar\n|-damage|p2a: Basculegion|0 fnt\n|-damage|p2b: Incineroar|1\/100\n|faint|p2a: Basculegion\n|move|p2b: Incineroar|Knock Off|p1a: Dondozo\n|-damage|p1a: Dondozo|45\/100\n|-enditem|p1a: Dondozo|Leftovers|[from] move: Knock Off|[of] p2b: Incineroar\n|\n|upkeep\n|turn|7\n|c| Furreto testo|I beleive in that player over there\n|\n|t:|1728938075\n|move|p1a: Dondozo|Wave Crash|p2b: Incineroar\n|-supereffective|p2b: Incineroar\n|-damage|p2b: Incineroar|0 fnt\n|faint|p2b: Incineroar\n|-damage|p1a: Dondozo|45\/100|[from] Recoil\n|\n|win|cher1berry\n|raw|cher1berry's rating: 1736 &rarr; <strong>1755<\/strong><br \/>(+19 for winning)\n|raw|dayron91's rating: 1710 &rarr; <strong>1691<\/strong><br \/>(-19 for losing)\n|l|\u2606dayron91\n|player|p2|\n|l| francreas\n|l| TrubbishTyler\n|l|\u2606cher1berry\n|player|p1|\n","uploadtime":1728938081,"views":13,"formatid":"gen9vgc2024regh","rating":1691,"private":0,"password":null}