{"id":"gen9vgc2024regh-2222402627","format":"[Gen 9] VGC 2024 Reg H","players":["Bahamate","SOLOLUMINEONING"],"log":"|j|\u2606Bahamate\n|j|\u2606SOLOLUMINEONING\n|t:|1728872227\n|gametype|doubles\n|player|p1|Bahamate|grimsley|1713\n|player|p2|SOLOLUMINEONING|magmasuit|1845\n|teamsize|p1|6\n|teamsize|p2|6\n|gen|9\n|tier|[Gen 9] VGC 2024 Reg H\n|rated|\n|rule|Species Clause: Limit one of each Pok\u00e9mon\n|rule|Item Clause: Limit 1 of each item\n|clearpoke\n|poke|p1|Dragapult, L50, M|\n|poke|p1|Sneasler, L50, F|\n|poke|p1|Gholdengo, L50|\n|poke|p1|Rillaboom, L50, M|\n|poke|p1|Sinistcha, L50|\n|poke|p1|Incineroar, L50, M|\n|poke|p2|Sneasler, L50, M|\n|poke|p2|Indeedee, L50, M|\n|poke|p2|Murkrow, L50, M|\n|poke|p2|Dragapult, L50, F|\n|poke|p2|Decidueye-Hisui, L50, M|\n|poke|p2|Typhlosion-Hisui, L50, M|\n|teampreview|4\n|inactive|Battle timer is ON: inactive players will automatically lose when time's up. (requested by SOLOLUMINEONING)\n|inactive|Bahamate has 60 seconds left.\n|inactive|SOLOLUMINEONING has 60 seconds left.\n|inactive|SOLOLUMINEONING has 30 seconds left.\n|inactive|SOLOLUMINEONING has 20 seconds left.\n|inactive|SOLOLUMINEONING has 15 seconds left.\n|inactive|SOLOLUMINEONING has 10 seconds left.\n|inactive|SOLOLUMINEONING has 5 seconds left.\n|\n|t:|1728872316\n|start\n|switch|p1a: Dragapult|Dragapult, L50, M|100\/100\n|switch|p1b: Rillaboom|Rillaboom, L50, M|100\/100\n|switch|p2a: Timothy Bryce|Decidueye-Hisui, L50, M|100\/100\n|switch|p2b: Luis Carruthers|Murkrow, L50, M, shiny|100\/100\n|-fieldstart|move: Grassy Terrain|[from] ability: Grassy Surge|[of] p1b: Rillaboom\n|turn|1\n|inactive|Bahamate has 30 seconds left.\n|\n|t:|1728872345\n|-terastallize|p1a: Dragapult|Dragon\n|move|p1b: Rillaboom|Fake Out|p2a: Timothy Bryce\n|-damage|p2a: Timothy Bryce|82\/100\n|move|p1a: Dragapult|Dragon Darts|p2b: Luis Carruthers\n|-damage|p2b: Luis Carruthers|42\/100\n|-anim|p1a: Dragapult|Dragon Darts|p2a: Timothy Bryce\n|-damage|p2a: Timothy Bryce|13\/100\n|cant|p2a: Timothy Bryce|flinch\n|move|p2b: Luis Carruthers|Foul Play|p1a: Dragapult\n|-damage|p1a: Dragapult|34\/100\n|\n|-heal|p1a: Dragapult|40\/100|[from] Grassy Terrain\n|-heal|p2a: Timothy Bryce|19\/100|[from] Grassy Terrain\n|upkeep\n|turn|2\n|inactive|SOLOLUMINEONING has 30 seconds left.\n|\n|t:|1728872375\n|move|p1b: Rillaboom|Grassy Glide|p2a: Timothy Bryce\n|-resisted|p2a: Timothy Bryce\n|-damage|p2a: Timothy Bryce|0 fnt\n|faint|p2a: Timothy Bryce\n|move|p2b: Luis Carruthers|Tailwind|p2b: Luis Carruthers\n|-sidestart|p2: SOLOLUMINEONING|move: Tailwind\n|move|p1a: Dragapult|Dragon Darts|p2b: Luis Carruthers\n|-crit|p2b: Luis Carruthers\n|-damage|p2b: Luis Carruthers|0 fnt\n|faint|p2b: Luis Carruthers\n|\n|-heal|p1a: Dragapult|46\/100|[from] Grassy Terrain\n|upkeep\n|\n|t:|1728872379\n|switch|p2a: David Van Patten|Typhlosion-Hisui, L50, M|100\/100\n|switch|p2b: Marcus Halberstram|Dragapult, L50, F|100\/100\n|turn|3\n|inactive|Bahamate has 30 seconds left.\n|inactive|Bahamate has 20 seconds left.\n|inactive|Bahamate has 15 seconds left.\n|inactive|Bahamate has 10 seconds left.\n|\n|t:|1728872424\n|switch|p1a: Incineroar|Incineroar, L50, M|100\/100\n|-ability|p1a: Incineroar|Intimidate|boost\n|-unboost|p2a: David Van Patten|atk|1\n|-fail|p2b: Marcus Halberstram|unboost|[from] ability: Clear Body|[of] p2b: Marcus Halberstram\n|move|p1b: Rillaboom|Grassy Glide|p2a: David Van Patten\n|-resisted|p2a: David Van Patten\n|-damage|p2a: David Van Patten|74\/100\n|move|p2b: Marcus Halberstram|Dragon Darts|p1a: Incineroar\n|-damage|p1a: Incineroar|63\/100\n|-anim|p2b: Marcus Halberstram|Dragon Darts|p1b: Rillaboom\n|-damage|p1b: Rillaboom|62\/100\n|move|p2a: David Van Patten|Eruption|p1b: Rillaboom|[spread] p1a,p1b\n|-resisted|p1a: Incineroar\n|-supereffective|p1b: Rillaboom\n|-damage|p1a: Incineroar|35\/100\n|-damage|p1b: Rillaboom|0 fnt\n|faint|p1b: Rillaboom\n|\n|-heal|p2a: David Van Patten|80\/100|[from] Grassy Terrain\n|-heal|p1a: Incineroar|41\/100|[from] Grassy Terrain\n|upkeep\n|\n|t:|1728872432\n|switch|p1b: Sinistcha|Sinistcha, L50|100\/100\n|-heal|p1a: Incineroar|65\/100|[from] ability: Hospitality|[of] p1b: Sinistcha\n|turn|4\n|inactive|Bahamate has 30 seconds left.\n|inactive|SOLOLUMINEONING has 30 seconds left.\n|inactive|SOLOLUMINEONING has 20 seconds left.\n|inactive|SOLOLUMINEONING has 15 seconds left.\n|\n|t:|1728872481\n|-terastallize|p2a: David Van Patten|Fire\n|move|p1b: Sinistcha|Rage Powder|p1b: Sinistcha\n|-singleturn|p1b: Sinistcha|move: Rage Powder\n|move|p2b: Marcus Halberstram|Dragon Darts|p1b: Sinistcha\n|-crit|p1b: Sinistcha\n|-damage|p1b: Sinistcha|58\/100\n|-anim|p2b: Marcus Halberstram|Dragon Darts|p1b: Sinistcha\n|-damage|p1b: Sinistcha|29\/100\n|move|p2a: David Van Patten|Eruption|p1a: Incineroar|[spread] p1a,p1b\n|-resisted|p1a: Incineroar\n|-supereffective|p1b: Sinistcha\n|-damage|p1a: Incineroar|26\/100\n|-damage|p1b: Sinistcha|0 fnt\n|faint|p1b: Sinistcha\n|move|p1a: Incineroar|Knock Off|p2b: Marcus Halberstram\n|-supereffective|p2b: Marcus Halberstram\n|-damage|p2b: Marcus Halberstram|0 fnt\n|-enditem|p2b: Marcus Halberstram|Choice Band|[from] move: Knock Off|[of] p1a: Incineroar\n|faint|p2b: Marcus Halberstram\n|\n|-heal|p2a: David Van Patten|86\/100|[from] Grassy Terrain\n|-heal|p1a: Incineroar|32\/100|[from] Grassy Terrain\n|upkeep\n|\n|t:|1728872494\n|switch|p1b: Dragapult|Dragapult, L50, M, tera:Dragon|46\/100\n|turn|5\n|\n|t:|1728872504\n|move|p2a: David Van Patten|Eruption|p1b: Dragapult|[spread] p1a,p1b\n|-resisted|p1a: Incineroar\n|-resisted|p1b: Dragapult\n|-crit|p1b: Dragapult\n|-damage|p1a: Incineroar|0 fnt\n|-damage|p1b: Dragapult|0 fnt\n|faint|p1a: Incineroar\n|faint|p1b: Dragapult\n|\n|win|SOLOLUMINEONING\n|raw|Bahamate's rating: 1713 &rarr; <strong>1700<\/strong><br \/>(-13 for losing)\n|raw|SOLOLUMINEONING's rating: 1845 &rarr; <strong>1858<\/strong><br \/>(+13 for winning)\n|l|\u2606Bahamate\n|player|p1|\n|l|\u2606SOLOLUMINEONING\n|player|p2|\n","uploadtime":1728872707,"views":17,"formatid":"gen9vgc2024regh","rating":1700,"private":0,"password":null}