{"id":"gen9vgc2024regh-2222344731","format":"[Gen 9] VGC 2024 Reg H","players":["Topperlecat","meanrook"],"log":"|j|\u2606Topperlecat\n|j|\u2606meanrook\n|t:|1728865207\n|gametype|doubles\n|player|p1|Topperlecat|aquasuit|1751\n|player|p2|meanrook|ethan|1705\n|teamsize|p1|6\n|teamsize|p2|6\n|gen|9\n|tier|[Gen 9] VGC 2024 Reg H\n|rated|\n|rule|Species Clause: Limit one of each Pok\u00e9mon\n|rule|Item Clause: Limit 1 of each item\n|clearpoke\n|poke|p1|Dondozo, L50, F|\n|poke|p1|Tatsugiri, L50, M|\n|poke|p1|Weezing-Galar, L50, F|\n|poke|p1|Corviknight, L50, F|\n|poke|p1|Garchomp, L50, M|\n|poke|p1|Kingambit, L50, F|\n|poke|p2|Rillaboom, L50, M|\n|poke|p2|Kingambit, L50, M|\n|poke|p2|Dragapult, L50, M|\n|poke|p2|Sneasler, L50, M|\n|poke|p2|Primarina, L50, F|\n|poke|p2|Volcarona, L50, M|\n|teampreview|4\n|inactive|Battle timer is ON: inactive players will automatically lose when time's up. (requested by meanrook)\nmeanrook rejected open team sheets.\n|\n|t:|1728865238\n|start\n|switch|p1a: galaxy gas|Weezing-Galar, L50, F|100\/100\n|switch|p1b: large chomp|Garchomp, L50, M|100\/100\n|switch|p2a: Kingambit|Kingambit, L50, M, shiny|100\/100\n|switch|p2b: Dragapult|Dragapult, L50, M|100\/100\n|-ability|p1a: galaxy gas|Neutralizing Gas\n|turn|1\n|inactive|Topperlecat has 30 seconds left.\n|\n|t:|1728865270\n|move|p2b: Dragapult|Dragon Darts|p1b: large chomp\n|-supereffective|p1b: large chomp\n|-damage|p1b: large chomp|25\/100\n|-anim|p2b: Dragapult|Dragon Darts|p1b: large chomp\n|-supereffective|p1b: large chomp\n|-damage|p1b: large chomp|0 fnt\n|faint|p1b: large chomp\n|move|p1a: galaxy gas|Strange Steam|p2b: Dragapult\n|-supereffective|p2b: Dragapult\n|-damage|p2b: Dragapult|11\/100\n|-start|p2b: Dragapult|confusion\n|move|p2a: Kingambit|Swords Dance|p2a: Kingambit\n|-boost|p2a: Kingambit|atk|2\n|\n|upkeep\n|\n|t:|1728865276\n|switch|p1b: dunky|Dondozo, L50, F|100\/100\n|turn|2\n|\n|t:|1728865284\n|move|p1a: galaxy gas|Protect|p1a: galaxy gas\n|-singleturn|p1a: galaxy gas|Protect\n|move|p2a: Kingambit|Protect|p2a: Kingambit\n|-singleturn|p2a: Kingambit|Protect\n|-activate|p2b: Dragapult|confusion\n|move|p2b: Dragapult|Dragon Darts|p1b: dunky\n|-damage|p1b: dunky|74\/100\n|-anim|p2b: Dragapult|Dragon Darts|p1b: dunky\n|-crit|p1b: dunky\n|-damage|p1b: dunky|36\/100\n|move|p1b: dunky|Earthquake|p2a: Kingambit|[spread] p2b\n|-activate|p1a: galaxy gas|move: Protect\n|-activate|p2a: Kingambit|move: Protect\n|-damage|p2b: Dragapult|0 fnt\n|faint|p2b: Dragapult\n|\n|upkeep\n|\n|t:|1728865288\n|switch|p2b: Primarina|Primarina, L50, F, shiny|100\/100\n|turn|3\n|\n|t:|1728865302\n|move|p1b: dunky|Protect|p1b: dunky\n|-singleturn|p1b: dunky|Protect\n|move|p2b: Primarina|Protect|p2b: Primarina\n|-singleturn|p2b: Primarina|Protect\n|move|p2a: Kingambit|Sucker Punch||[still]\n|-fail|p2a: Kingambit\n|move|p1a: galaxy gas|Taunt|p2b: Primarina\n|-activate|p2b: Primarina|move: Protect\n|\n|upkeep\n|turn|4\n|\n|t:|1728865319\n|-end|p1a: galaxy gas|ability: Neutralizing Gas\n|switch|p1a: veganism|Tatsugiri, L50, M, shiny|100\/100\n|-activate|p1a: veganism|ability: Commander|[of] p1b: dunky\n|-boost|p1b: dunky|atk|2\n|-boost|p1b: dunky|spa|2\n|-boost|p1b: dunky|spe|2\n|-boost|p1b: dunky|def|2\n|-boost|p1b: dunky|spd|2\n|switch|p2b: Sneasler|Sneasler, L50, M|100\/100\n|move|p1b: dunky|Earthquake|p2b: Sneasler|[spread] p2a,p2b\n|-miss|p1b: dunky|p1a: veganism\n|-supereffective|p2a: Kingambit\n|-supereffective|p2b: Sneasler\n|-damage|p2a: Kingambit|30\/100\n|-enditem|p2b: Sneasler|Focus Sash\n|-damage|p2b: Sneasler|1\/100\n|move|p2a: Kingambit|Kowtow Cleave|p1b: dunky\n|-damage|p1b: dunky|18\/100\n|\n|upkeep\n|turn|5\n|\n|t:|1728865331\n|move|p1b: dunky|Protect|p1b: dunky\n|-singleturn|p1b: dunky|Protect\n|move|p2a: Kingambit|Protect|p2a: Kingambit\n|-singleturn|p2a: Kingambit|Protect\n|move|p2b: Sneasler|Fake Out|p1b: dunky\n|-activate|p1b: dunky|move: Protect\n|\n|upkeep\n|turn|6\n|\n|t:|1728865337\n|move|p2a: Kingambit|Sucker Punch|p1b: dunky\n|-damage|p1b: dunky|4\/100\n|move|p2b: Sneasler|Dire Claw|p1b: dunky\n|-damage|p1b: dunky|0 fnt\n|faint|p1b: dunky\n|\n|upkeep\n|\n|t:|1728865343\n|switch|p1b: galaxy gas|Weezing-Galar, L50, F|100\/100\n|-ability|p1b: galaxy gas|Neutralizing Gas\n|turn|7\n|\n|t:|1728865348\n|move|p2b: Sneasler|Protect|p2b: Sneasler\n|-singleturn|p2b: Sneasler|Protect\n|move|p2a: Kingambit|Protect|p2a: Kingambit\n|-singleturn|p2a: Kingambit|Protect\n|move|p1a: veganism|Muddy Water|p2a: Kingambit|[spread] \n|-activate|p2a: Kingambit|move: Protect\n|-activate|p2b: Sneasler|move: Protect\n|move|p1b: galaxy gas|Strange Steam|p2a: Kingambit\n|-activate|p2a: Kingambit|move: Protect\n|\n|upkeep\n|turn|8\n|\n|t:|1728865353\n|move|p2a: Kingambit|Sucker Punch|p1a: veganism\n|-damage|p1a: veganism|0 fnt\n|faint|p1a: veganism\n|move|p2b: Sneasler|Dire Claw|p1b: galaxy gas\n|-damage|p1b: galaxy gas|56\/100\n|-status|p1b: galaxy gas|slp\n|cant|p1b: galaxy gas|slp\n|\n|upkeep\n|turn|9\n|-message|Topperlecat forfeited.\n|\n|win|meanrook\n|raw|Topperlecat's rating: 1751 &rarr; <strong>1728<\/strong><br \/>(-23 for losing)\n|raw|meanrook's rating: 1705 &rarr; <strong>1728<\/strong><br \/>(+23 for winning)\n|l|\u2606Topperlecat\n|player|p1|\n|l|\u2606meanrook\n|player|p2|\n","uploadtime":1728865576,"views":11,"formatid":"gen9vgc2024regh","rating":1728,"private":0,"password":null}