{"id":"gen9vgc2024regh-2222110859","format":"[Gen 9] VGC 2024 Reg H","players":["greenlightdmp","datbishgames"],"log":"|j|\u2606greenlightdmp\n|j|\u2606datbishgames\n|t:|1728838619\n|gametype|doubles\n|player|p1|greenlightdmp|2|1671\n|player|p2|datbishgames|mira|1727\n|teamsize|p1|6\n|teamsize|p2|6\n|gen|9\n|tier|[Gen 9] VGC 2024 Reg H\n|rated|\n|rule|Species Clause: Limit one of each Pok\u00e9mon\n|rule|Item Clause: Limit 1 of each item\n|clearpoke\n|poke|p1|Tyranitar, L50, F|\n|poke|p1|Gholdengo, L50|\n|poke|p1|Talonflame, L50, F|\n|poke|p1|Garchomp, L50, F|\n|poke|p1|Decidueye-Hisui, L50, F|\n|poke|p1|Gastrodon-East, L50, F|\n|poke|p2|Whimsicott, L50, F|\n|poke|p2|Basculegion, L50, M|\n|poke|p2|Arcanine-Hisui, L50, F|\n|poke|p2|Hydreigon, L50, F|\n|poke|p2|Farigiraf, L50, M|\n|poke|p2|Pawmot, L50, F|\n|teampreview|4\n|inactive|Battle timer is ON: inactive players will automatically lose when time's up. (requested by datbishgames)\n|inactive|greenlightdmp has 60 seconds left.\n|inactive|greenlightdmp has 30 seconds left.\n|inactive|greenlightdmp has 20 seconds left.\n|\n|t:|1728838690\n|start\n|switch|p1a: Talonflame|Talonflame, L50, F|100\/100\n|switch|p1b: Decidueye|Decidueye-Hisui, L50, F|100\/100\n|switch|p2a: Whimsicott|Whimsicott, L50, F|100\/100\n|switch|p2b: Farigiraf|Farigiraf, L50, M|100\/100\n|turn|1\n|inactive|greenlightdmp has 30 seconds left.\n|\n|t:|1728838716\n|move|p1a: Talonflame|Tailwind|p1a: Talonflame\n|-sidestart|p1: greenlightdmp|move: Tailwind\n|move|p2a: Whimsicott|Tailwind|p2a: Whimsicott\n|-sidestart|p2: datbishgames|move: Tailwind\n|move|p1b: Decidueye|Leaf Blade|p2b: Farigiraf\n|-crit|p2b: Farigiraf\n|-damage|p2b: Farigiraf|25\/100\n|move|p2b: Farigiraf|Hyper Voice|p1a: Talonflame|[spread] p1a,p1b\n|-damage|p1a: Talonflame|54\/100\n|-damage|p1b: Decidueye|68\/100\n|-enditem|p2b: Farigiraf|Throat Spray\n|-boost|p2b: Farigiraf|spa|1|[from] item: Throat Spray\n|\n|upkeep\n|turn|2\n|inactive|greenlightdmp has 30 seconds left.\n|\n|t:|1728838743\n|switch|p1a: Tyranitar|Tyranitar, L50, F|100\/100\n|-weather|Sandstorm|[from] ability: Sand Stream|[of] p1a: Tyranitar\n|move|p2b: Farigiraf|Protect|p2b: Farigiraf\n|-singleturn|p2b: Farigiraf|Protect\n|move|p2a: Whimsicott|Encore|p1a: Tyranitar\n|-hint|Since gen 7, Dark is immune to Prankster moves.\n|-immune|p1a: Tyranitar\n|move|p1b: Decidueye|Triple Arrows|p2b: Farigiraf\n|-activate|p2b: Farigiraf|move: Protect\n|\n|-weather|Sandstorm|[upkeep]\n|-damage|p2a: Whimsicott|94\/100|[from] Sandstorm\n|-damage|p1b: Decidueye|62\/100|[from] Sandstorm\n|-damage|p2b: Farigiraf|19\/100|[from] Sandstorm\n|upkeep\n|turn|3\n|inactive|greenlightdmp has 30 seconds left.\n|\n|t:|1728838773\n|switch|p1b: Talonflame|Talonflame, L50, F|54\/100\n|move|p2a: Whimsicott|Moonblast|p1b: Talonflame\n|-resisted|p1b: Talonflame\n|-damage|p1b: Talonflame|37\/100\n|move|p1a: Tyranitar|Rock Slide|p2b: Farigiraf|[spread] p2a,p2b\n|-damage|p2a: Whimsicott|60\/100\n|-damage|p2b: Farigiraf|0 fnt\n|faint|p2b: Farigiraf\n|\n|-weather|Sandstorm|[upkeep]\n|-damage|p1b: Talonflame|31\/100|[from] Sandstorm\n|-damage|p2a: Whimsicott|54\/100|[from] Sandstorm\n|upkeep\n|\n|t:|1728838786\n|switch|p2b: Pawmot|Pawmot, L50, F|100\/100\n|turn|4\n|\n|t:|1728838797\n|switch|p2a: Basculegion|Basculegion, L50, M|100\/100\n|switch|p1a: Sashimi|Garchomp, L50, F|100\/100\n|move|p1b: Talonflame|Brave Bird|p2a: Basculegion\n|-damage|p2a: Basculegion|63\/100\n|-damage|p1b: Talonflame|16\/100|[from] Recoil\n|move|p2b: Pawmot|Close Combat|p1a: Sashimi\n|-crit|p1a: Sashimi\n|-damage|p1a: Sashimi|9\/100\n|-unboost|p2b: Pawmot|def|1\n|-unboost|p2b: Pawmot|spd|1\n|-damage|p2b: Pawmot|88\/100|[from] ability: Rough Skin|[of] p1a: Sashimi\n|\n|-weather|Sandstorm|[upkeep]\n|-damage|p1b: Talonflame|10\/100|[from] Sandstorm\n|-damage|p2b: Pawmot|82\/100|[from] Sandstorm\n|-damage|p2a: Basculegion|57\/100|[from] Sandstorm\n|-sideend|p2: datbishgames|move: Tailwind\n|-sideend|p1: greenlightdmp|move: Tailwind\n|upkeep\n|turn|5\n|inactive|greenlightdmp has 30 seconds left.\n|inactive|datbishgames has 30 seconds left.\n|\n|t:|1728838826\n|switch|p2b: Whimsicott|Whimsicott, L50, F|54\/100\n|move|p2a: Basculegion|Aqua Jet|p1b: Talonflame\n|-supereffective|p1b: Talonflame\n|-damage|p1b: Talonflame|0 fnt\n|faint|p1b: Talonflame\n|move|p1a: Sashimi|Earthquake|p2b: Whimsicott|[spread] p2a,p2b\n|-resisted|p2b: Whimsicott\n|-damage|p2a: Basculegion|9\/100\n|-damage|p2b: Whimsicott|26\/100\n|-damage|p1a: Sashimi|0 fnt|[from] item: Life Orb\n|faint|p1a: Sashimi\n|\n|-weather|Sandstorm|[upkeep]\n|-damage|p2b: Whimsicott|20\/100|[from] Sandstorm\n|-damage|p2a: Basculegion|3\/100|[from] Sandstorm\n|upkeep\n|\n|t:|1728838836\n|switch|p1b: Decidueye|Decidueye-Hisui, L50, F|62\/100\n|switch|p1a: Tyranitar|Tyranitar, L50, F|100\/100\n|turn|6\n|\n|t:|1728838860\n|move|p1b: Decidueye|Protect|p1b: Decidueye\n|-singleturn|p1b: Decidueye|Protect\n|move|p2a: Basculegion|Aqua Jet|p1a: Tyranitar\n|-supereffective|p1a: Tyranitar\n|-damage|p1a: Tyranitar|39\/100\n|move|p2b: Whimsicott|Giga Drain|p1a: Tyranitar\n|-supereffective|p1a: Tyranitar\n|-damage|p1a: Tyranitar|23\/100\n|-heal|p2b: Whimsicott|30\/100|[from] drain|[of] p1a: Tyranitar\n|move|p1a: Tyranitar|Rock Slide|p2b: Whimsicott|[spread] p2a,p2b\n|-damage|p2a: Basculegion|0 fnt\n|-damage|p2b: Whimsicott|0 fnt\n|faint|p2a: Basculegion\n|faint|p2b: Whimsicott\n|\n|-weather|none\n|upkeep\n|\n|t:|1728838871\n|switch|p2b: Pawmot|Pawmot, L50, F|82\/100\n|turn|7\n|\n|t:|1728838889\n|-terastallize|p1a: Tyranitar|Flying\n|move|p2b: Pawmot|Close Combat|p1b: Decidueye\n|-damage|p1b: Decidueye|0 fnt\n|-unboost|p2b: Pawmot|def|1\n|-unboost|p2b: Pawmot|spd|1\n|faint|p1b: Decidueye\n|move|p1a: Tyranitar|Tera Blast|p2b: Pawmot|[anim] Tera Blast Flying\n|-damage|p2b: Pawmot|0 fnt\n|faint|p2b: Pawmot\n|\n|win|greenlightdmp\n|raw|greenlightdmp's rating: 1671 &rarr; <strong>1694<\/strong><br \/>(+23 for winning)\n|raw|datbishgames's rating: 1727 &rarr; <strong>1704<\/strong><br \/>(-23 for losing)\n|l|\u2606datbishgames\n|player|p2|\n","uploadtime":1728839052,"views":13,"formatid":"gen9vgc2024regh","rating":1694,"private":0,"password":null}