{"id":"gen9vgc2024regh-2222305319","format":"[Gen 9] VGC 2024 Reg H","players":["VGCNEOPHYTE","SOLOLUMINEONING"],"log":"|j|\u2606VGCNEOPHYTE\n|j|\u2606SOLOLUMINEONING\n|t:|1728860290\n|gametype|doubles\n|player|p1|VGCNEOPHYTE|chuck|1686\n|player|p2|SOLOLUMINEONING|magmasuit|1766\n|teamsize|p1|6\n|teamsize|p2|6\n|gen|9\n|tier|[Gen 9] VGC 2024 Reg H\n|rated|\n|rule|Species Clause: Limit one of each Pok\u00e9mon\n|rule|Item Clause: Limit 1 of each item\n|clearpoke\n|poke|p1|Kommo-o, L50, F|\n|poke|p1|Tyranitar, L50, M|\n|poke|p1|Excadrill, L50, M|\n|poke|p1|Samurott-Hisui, L50, M|\n|poke|p1|Corviknight, L50, F|\n|poke|p1|Indeedee, L50, M|\n|poke|p2|Sneasler, L50, M|\n|poke|p2|Indeedee, L50, M|\n|poke|p2|Murkrow, L50, M|\n|poke|p2|Dragapult, L50, F|\n|poke|p2|Decidueye-Hisui, L50, F|\n|poke|p2|Typhlosion-Hisui, L50, F|\n|teampreview|4\n|inactive|Battle timer is ON: inactive players will automatically lose when time's up. (requested by SOLOLUMINEONING)\n|inactive|VGCNEOPHYTE also wants the timer to be on.\n|j| Asuka7\n|inactive|VGCNEOPHYTE has 60 seconds left.\n|inactive|SOLOLUMINEONING has 60 seconds left.\n|inactive|VGCNEOPHYTE has 30 seconds left.\n|inactive|SOLOLUMINEONING has 30 seconds left.\n|inactive|VGCNEOPHYTE has 20 seconds left.\n|\n|t:|1728860361\n|start\n|switch|p1a: Corviknight|Corviknight, L50, F|100\/100\n|switch|p1b: Excadrill|Excadrill, L50, M|100\/100\n|switch|p2a: Luis Carruthers|Murkrow, L50, M, shiny|100\/100\n|switch|p2b: Timothy Bryce|Decidueye-Hisui, L50, F|100\/100\n|turn|1\n|\n|t:|1728860384\n|move|p2a: Luis Carruthers|Tailwind|p2a: Luis Carruthers\n|-sidestart|p2: SOLOLUMINEONING|move: Tailwind\n|move|p2b: Timothy Bryce|Triple Arrows|p1a: Corviknight\n|-crit|p1a: Corviknight\n|-damage|p1a: Corviknight|46\/100\n|-ability|p1a: Corviknight|Mirror Armor\n|-unboost|p2b: Timothy Bryce|def|1\n|-enditem|p1a: Corviknight|Sitrus Berry|[eat]\n|-heal|p1a: Corviknight|71\/100|[from] item: Sitrus Berry\n|move|p1b: Excadrill|Rock Slide|p2b: Timothy Bryce|[spread] p2a,p2b\n|-supereffective|p2a: Luis Carruthers\n|-resisted|p2b: Timothy Bryce\n|-damage|p2a: Luis Carruthers|54\/100\n|-damage|p2b: Timothy Bryce|80\/100\n|move|p1a: Corviknight|Brave Bird|p2b: Timothy Bryce\n|-supereffective|p2b: Timothy Bryce\n|-damage|p2b: Timothy Bryce|0 fnt\n|faint|p2b: Timothy Bryce\n|-damage|p1a: Corviknight|50\/100|[from] Recoil\n|\n|upkeep\n|\n|t:|1728860391\n|switch|p2b: David Van Patten|Typhlosion-Hisui, L50, F|100\/100\n|turn|2\n|\n|t:|1728860411\n|-terastallize|p2b: David Van Patten|Fire\n|-terastallize|p1a: Corviknight|Dragon\n|move|p2a: Luis Carruthers|Sunny Day|p2a: Luis Carruthers\n|-weather|SunnyDay\n|move|p2b: David Van Patten|Eruption|p1b: Excadrill|[spread] p1a,p1b\n|-resisted|p1a: Corviknight\n|-supereffective|p1b: Excadrill\n|-damage|p1a: Corviknight|0 fnt\n|-enditem|p1b: Excadrill|Focus Sash\n|-damage|p1b: Excadrill|1\/100\n|faint|p1a: Corviknight\n|move|p1b: Excadrill|Rock Slide|p2b: David Van Patten|[spread] p2a,p2b\n|-supereffective|p2a: Luis Carruthers\n|-supereffective|p2b: David Van Patten\n|-damage|p2a: Luis Carruthers|1\/100\n|-damage|p2b: David Van Patten|39\/100\n|\n|-weather|SunnyDay|[upkeep]\n|upkeep\n|\n|t:|1728860426\n|switch|p1a: Tyranitar|Tyranitar, L50, M|100\/100\n|-weather|Sandstorm|[from] ability: Sand Stream|[of] p1a: Tyranitar\n|turn|3\n|inactive|SOLOLUMINEONING has 30 seconds left.\n|inactive|SOLOLUMINEONING has 20 seconds left.\n|\n|t:|1728860462\n|move|p1b: Excadrill|Protect|p1b: Excadrill\n|-singleturn|p1b: Excadrill|Protect\n|move|p2a: Luis Carruthers|Sunny Day|p2a: Luis Carruthers\n|-weather|SunnyDay\n|move|p2b: David Van Patten|Eruption|p1b: Excadrill|[spread] p1a\n|-activate|p1b: Excadrill|move: Protect\n|-resisted|p1a: Tyranitar\n|-damage|p1a: Tyranitar|70\/100\n|move|p1a: Tyranitar|Rock Slide|p2b: David Van Patten|[spread] p2a,p2b\n|-supereffective|p2a: Luis Carruthers\n|-supereffective|p2b: David Van Patten\n|-damage|p2a: Luis Carruthers|0 fnt\n|-damage|p2b: David Van Patten|0 fnt\n|faint|p2a: Luis Carruthers\n|faint|p2b: David Van Patten\n|\n|-weather|SunnyDay|[upkeep]\n|upkeep\n|\n|t:|1728860464\n|switch|p2b: Marcus Halberstram|Dragapult, L50, F|100\/100\n|turn|4\n|\n|t:|1728860482\n|switch|p1a: Kommo-o|Kommo-o, L50, F|100\/100\n|move|p1b: Excadrill|Protect||[still]\n|-fail|p1b: Excadrill\n|move|p2b: Marcus Halberstram|Dragon Darts|p1a: Kommo-o\n|-supereffective|p1a: Kommo-o\n|-crit|p1a: Kommo-o\n|-damage|p1a: Kommo-o|8\/100\n|-anim|p2b: Marcus Halberstram|Dragon Darts|p1b: Excadrill\n|-resisted|p1b: Excadrill\n|-damage|p1b: Excadrill|0 fnt\n|faint|p1b: Excadrill\n|\n|-weather|SunnyDay|[upkeep]\n|-sideend|p2: SOLOLUMINEONING|move: Tailwind\n|upkeep\n|\n|t:|1728860493\n|switch|p1b: Tyranitar|Tyranitar, L50, M|70\/100\n|-weather|Sandstorm|[from] ability: Sand Stream|[of] p1b: Tyranitar\n|turn|5\n|\n|t:|1728860499\n|move|p2b: Marcus Halberstram|Dragon Darts|p1a: Kommo-o\n|-supereffective|p1a: Kommo-o\n|-damage|p1a: Kommo-o|0 fnt\n|-anim|p2b: Marcus Halberstram|Dragon Darts|p1b: Tyranitar\n|-damage|p1b: Tyranitar|31\/100\n|faint|p1a: Kommo-o\n|move|p1b: Tyranitar|Knock Off|p2b: Marcus Halberstram\n|-supereffective|p2b: Marcus Halberstram\n|-damage|p2b: Marcus Halberstram|0 fnt\n|-enditem|p2b: Marcus Halberstram|Choice Band|[from] move: Knock Off|[of] p1b: Tyranitar\n|faint|p2b: Marcus Halberstram\n|\n|win|VGCNEOPHYTE\n|raw|VGCNEOPHYTE's rating: 1686 &rarr; <strong>1711<\/strong><br \/>(+25 for winning)\n|raw|SOLOLUMINEONING's rating: 1766 &rarr; <strong>1741<\/strong><br \/>(-25 for losing)\n|l|\u2606SOLOLUMINEONING\n|player|p2|\n|c|\u2606VGCNEOPHYTE|gg\n|l|\u2606VGCNEOPHYTE\n|player|p1|\n|l| Asuka7\n","uploadtime":1728860726,"views":15,"formatid":"gen9vgc2024regh","rating":1711,"private":0,"password":null}