{"id":"gen9vgc2024regh-2222012812","format":"[Gen 9] VGC 2024 Reg H","players":["Bahamate","yuzuda"],"log":"|j|\u2606Bahamate\n|j|\u2606yuzuda\n|t:|1728826905\n|gametype|doubles\n|player|p1|Bahamate|grimsley|1714\n|player|p2|yuzuda|101|1673\n|teamsize|p1|6\n|teamsize|p2|6\n|gen|9\n|tier|[Gen 9] VGC 2024 Reg H\n|rated|\n|rule|Species Clause: Limit one of each Pok\u00e9mon\n|rule|Item Clause: Limit 1 of each item\n|clearpoke\n|poke|p1|Volcarona, L50, F|\n|poke|p1|Clefable, L50, M|\n|poke|p1|Milotic, L50, F|\n|poke|p1|Gholdengo, L50|\n|poke|p1|Rillaboom, L50, M|\n|poke|p1|Sinistcha, L50|\n|poke|p2|Archaludon, L50, M|\n|poke|p2|Pelipper, L50, F|\n|poke|p2|Gholdengo, L50|\n|poke|p2|Annihilape, L50, F|\n|poke|p2|Maushold-Four, L50|\n|poke|p2|Hydreigon, L50, M|\n|teampreview|4\n|inactive|Battle timer is ON: inactive players will automatically lose when time's up. (requested by yuzuda)\n|\n|t:|1728826936\n|start\n|switch|p1a: Volcarona|Volcarona, L50, F|100\/100\n|switch|p1b: Rillaboom|Rillaboom, L50, M|100\/100\n|switch|p2a: Maushold|Maushold-Four, L50|100\/100\n|switch|p2b: Annihilape|Annihilape, L50, F|100\/100\n|-fieldstart|move: Grassy Terrain|[from] ability: Grassy Surge|[of] p1b: Rillaboom\n|turn|1\n|\n|t:|1728826955\n|-terastallize|p2a: Maushold|Ghost\n|move|p1b: Rillaboom|Fake Out|p2a: Maushold\n|-immune|p2a: Maushold\n|move|p2a: Maushold|Taunt|p1a: Volcarona\n|-start|p1a: Volcarona|move: Taunt\n|cant|p1a: Volcarona|move: Taunt|Quiver Dance\n|move|p2b: Annihilape|Bulk Up|p2b: Annihilape\n|-boost|p2b: Annihilape|atk|1\n|-boost|p2b: Annihilape|def|1\n|\n|upkeep\n|turn|2\n|\n|t:|1728826976\n|-terastallize|p1a: Volcarona|Fairy\n|move|p2a: Maushold|Beat Up|p2b: Annihilape\n|-damage|p2b: Annihilape|99\/100\n|-damage|p2b: Annihilape|97\/100\n|-damage|p2b: Annihilape|96\/100\n|-damage|p2b: Annihilape|94\/100\n|-hitcount|p2b: Annihilape|4\n|move|p1a: Volcarona|Tera Blast|p2b: Annihilape|[anim] Tera Blast Fairy\n|-supereffective|p2b: Annihilape\n|-damage|p2b: Annihilape|41\/100\n|move|p2b: Annihilape|Rage Fist|p1a: Volcarona\n|-damage|p1a: Volcarona|0 fnt\n|faint|p1a: Volcarona\n|move|p1b: Rillaboom|Wood Hammer|p2b: Annihilape\n|-damage|p2b: Annihilape|0 fnt\n|faint|p2b: Annihilape\n|-damage|p1b: Rillaboom|87\/100|[from] Recoil\n|\n|-heal|p1b: Rillaboom|93\/100|[from] Grassy Terrain\n|upkeep\n|\n|t:|1728826998\n|switch|p1a: Clefable|Clefable, L50, M|100\/100\n|switch|p2b: Archaludon|Archaludon, L50, M, shiny|100\/100\n|turn|3\n|\n|t:|1728827019\n|move|p2a: Maushold|Protect|p2a: Maushold\n|-singleturn|p2a: Maushold|Protect\n|move|p1b: Rillaboom|High Horsepower|p2b: Archaludon\n|-supereffective|p2b: Archaludon\n|-damage|p2b: Archaludon|66\/100\n|-ability|p2b: Archaludon|Stamina|boost\n|-boost|p2b: Archaludon|def|1\n|move|p2b: Archaludon|Snarl|p1a: Clefable|[spread] p1a,p1b\n|-resisted|p1a: Clefable\n|-damage|p1a: Clefable|96\/100\n|-damage|p1b: Rillaboom|79\/100\n|-unboost|p1a: Clefable|spa|1\n|-unboost|p1b: Rillaboom|spa|1\n|move|p1a: Clefable|Moonblast|p2b: Archaludon\n|-damage|p2b: Archaludon|53\/100\n|-unboost|p2b: Archaludon|spa|1\n|-ability|p2b: Archaludon|Stamina|boost\n|-boost|p2b: Archaludon|def|1\n|\n|-heal|p1b: Rillaboom|84\/100|[from] Grassy Terrain\n|-heal|p2b: Archaludon|59\/100|[from] Grassy Terrain\n|-heal|p1a: Clefable|100\/100|[from] Grassy Terrain\n|upkeep\n|turn|4\n|inactive|Bahamate has 30 seconds left.\n|inactive|yuzuda has 30 seconds left.\n|\n|t:|1728827051\n|move|p2a: Maushold|Beat Up|p2b: Archaludon\n|-damage|p2b: Archaludon|59\/100\n|-ability|p2b: Archaludon|Stamina|boost\n|-boost|p2b: Archaludon|def|1\n|-damage|p2b: Archaludon|58\/100\n|-ability|p2b: Archaludon|Stamina|boost\n|-boost|p2b: Archaludon|def|1\n|-damage|p2b: Archaludon|57\/100\n|-ability|p2b: Archaludon|Stamina|boost\n|-boost|p2b: Archaludon|def|1\n|-hitcount|p2b: Archaludon|3\n|move|p1b: Rillaboom|High Horsepower|p2b: Archaludon\n|-supereffective|p2b: Archaludon\n|-damage|p2b: Archaludon|48\/100\n|-ability|p2b: Archaludon|Stamina|boost\n|-boost|p2b: Archaludon|def|1\n|move|p2b: Archaludon|Snarl|p1a: Clefable|[spread] p1a,p1b\n|-resisted|p1a: Clefable\n|-damage|p1a: Clefable|97\/100\n|-damage|p1b: Rillaboom|75\/100\n|-unboost|p1a: Clefable|spa|1\n|-unboost|p1b: Rillaboom|spa|1\n|move|p1a: Clefable|Moonblast|p2b: Archaludon\n|-damage|p2b: Archaludon|38\/100\n|\n|-heal|p1b: Rillaboom|81\/100|[from] Grassy Terrain\n|-heal|p2b: Archaludon|44\/100|[from] Grassy Terrain\n|-heal|p1a: Clefable|100\/100|[from] Grassy Terrain\n|upkeep\n|turn|5\n|inactive|Bahamate has 30 seconds left.\n|inactive|yuzuda has 30 seconds left.\n|inactive|Bahamate has 20 seconds left.\n|\n|t:|1728827089\n|move|p2a: Maushold|Protect|p2a: Maushold\n|-singleturn|p2a: Maushold|Protect\n|move|p1b: Rillaboom|Wood Hammer|p2a: Maushold\n|-activate|p2a: Maushold|move: Protect\n|move|p2b: Archaludon|Body Press|p1b: Rillaboom\n|-damage|p1b: Rillaboom|0 fnt\n|faint|p1b: Rillaboom\n|move|p1a: Clefable|Moonblast|p2b: Archaludon\n|-crit|p2b: Archaludon\n|-damage|p2b: Archaludon|16\/100\n|\n|-heal|p2b: Archaludon|22\/100|[from] Grassy Terrain\n|-fieldend|move: Grassy Terrain\n|upkeep\n|\n|t:|1728827093\n|switch|p1b: Sinistcha|Sinistcha, L50|100\/100\n|turn|6\n|\n|t:|1728827112\n|move|p2a: Maushold|Follow Me|p2a: Maushold\n|-singleturn|p2a: Maushold|move: Follow Me\n|move|p2b: Archaludon|Snarl|p1a: Clefable|[spread] p1a,p1b\n|-resisted|p1a: Clefable\n|-supereffective|p1b: Sinistcha\n|-damage|p1a: Clefable|96\/100\n|-damage|p1b: Sinistcha|83\/100\n|-unboost|p1a: Clefable|spa|1\n|-unboost|p1b: Sinistcha|spa|1\n|move|p1b: Sinistcha|Matcha Gotcha|p2b: Archaludon|[spread] p2a,p2b\n|-resisted|p2b: Archaludon\n|-damage|p2a: Maushold|79\/100\n|-heal|p1b: Sinistcha|94\/100|[from] drain|[of] p2a: Maushold\n|-damage|p2b: Archaludon|20\/100\n|-heal|p1b: Sinistcha|95\/100|[from] drain|[of] p2b: Archaludon\n|-status|p2a: Maushold|brn\n|move|p1a: Clefable|Moonblast|p2a: Maushold\n|-damage|p2a: Maushold|64\/100 brn\n|\n|-damage|p2a: Maushold|58\/100 brn|[from] brn\n|upkeep\n|turn|7\n|\n|t:|1728827136\n|move|p2a: Maushold|Follow Me|p2a: Maushold\n|-singleturn|p2a: Maushold|move: Follow Me\n|move|p2b: Archaludon|Snarl|p1a: Clefable|[spread] p1a,p1b\n|-resisted|p1a: Clefable\n|-supereffective|p1b: Sinistcha\n|-damage|p1a: Clefable|92\/100\n|-damage|p1b: Sinistcha|78\/100\n|-unboost|p1a: Clefable|spa|1\n|-unboost|p1b: Sinistcha|spa|1\n|move|p1b: Sinistcha|Matcha Gotcha|p2a: Maushold|[spread] p2a,p2b\n|-resisted|p2b: Archaludon\n|-damage|p2a: Maushold|43\/100 brn\n|-heal|p1b: Sinistcha|86\/100|[from] drain|[of] p2a: Maushold\n|-damage|p2b: Archaludon|19\/100\n|-heal|p1b: Sinistcha|87\/100|[from] drain|[of] p2b: Archaludon\n|-status|p2b: Archaludon|brn\n|move|p1a: Clefable|Moonblast|p2a: Maushold\n|-damage|p2a: Maushold|30\/100 brn\n|\n|-damage|p2a: Maushold|24\/100 brn|[from] brn\n|-damage|p2b: Archaludon|13\/100 brn|[from] brn\n|upkeep\n|turn|8\n|j| KinxxVGC\n|inactive|yuzuda has 30 seconds left.\n|\n|t:|1728827161\n|move|p2a: Maushold|Follow Me|p2a: Maushold\n|-singleturn|p2a: Maushold|move: Follow Me\n|move|p2b: Archaludon|Snarl|p1b: Sinistcha|[spread] p1a,p1b\n|-resisted|p1a: Clefable\n|-supereffective|p1b: Sinistcha\n|-damage|p1a: Clefable|88\/100\n|-damage|p1b: Sinistcha|68\/100\n|-unboost|p1a: Clefable|spa|1\n|-unboost|p1b: Sinistcha|spa|1\n|move|p1b: Sinistcha|Strength Sap|p2a: Maushold\n|-unboost|p2a: Maushold|atk|1\n|-heal|p1b: Sinistcha|100\/100\n|move|p1a: Clefable|Misty Terrain|p1a: Clefable\n|-fieldstart|move: Misty Terrain\n|\n|-damage|p2a: Maushold|18\/100 brn|[from] brn\n|-damage|p2b: Archaludon|7\/100 brn|[from] brn\n|upkeep\n|turn|9\n|j| DonShitDozo\n|inactive|Bahamate has 30 seconds left.\n|\n|t:|1728827193\n|move|p2a: Maushold|Protect|p2a: Maushold\n|-singleturn|p2a: Maushold|Protect\n|move|p2b: Archaludon|Snarl|p1a: Clefable|[spread] p1a,p1b\n|-resisted|p1a: Clefable\n|-supereffective|p1b: Sinistcha\n|-damage|p1a: Clefable|84\/100\n|-damage|p1b: Sinistcha|83\/100\n|-unboost|p1a: Clefable|spa|1\n|-unboost|p1b: Sinistcha|spa|1\n|move|p1b: Sinistcha|Matcha Gotcha|p2a: Maushold|[spread] p2b\n|-activate|p2a: Maushold|move: Protect\n|-resisted|p2b: Archaludon\n|-damage|p2b: Archaludon|6\/100 brn\n|-heal|p1b: Sinistcha|83\/100|[from] drain|[of] p2b: Archaludon\n|move|p1a: Clefable|Moonblast|p2a: Maushold\n|-activate|p2a: Maushold|move: Protect\n|\n|-damage|p2a: Maushold|12\/100 brn|[from] brn\n|-damage|p2b: Archaludon|0 fnt|[from] brn\n|faint|p2b: Archaludon\n|upkeep\n|j| Khaostest3\n|\n|t:|1728827218\n|switch|p2b: Pelipper|Pelipper, L50, F|100\/100\n|-weather|RainDance|[from] ability: Drizzle|[of] p2b: Pelipper\n|turn|10\n|\n|t:|1728827241\n|move|p1a: Clefable|Follow Me|p1a: Clefable\n|-singleturn|p1a: Clefable|move: Follow Me\n|move|p2a: Maushold|Taunt|p1a: Clefable\n|-start|p1a: Clefable|move: Taunt\n|-enditem|p1a: Clefable|Mental Herb\n|-end|p1a: Clefable|move: Taunt\n|move|p2b: Pelipper|Hurricane|p1a: Clefable\n|-damage|p1a: Clefable|49\/100\n|move|p1b: Sinistcha|Trick Room|p1b: Sinistcha\n|-fieldstart|move: Trick Room|[of] p1b: Sinistcha\n|\n|-weather|RainDance|[upkeep]\n|-damage|p2a: Maushold|5\/100 brn|[from] brn\n|upkeep\n|turn|11\n|\n|t:|1728827258\n|move|p1a: Clefable|Moonblast|p2b: Pelipper\n|-damage|p2b: Pelipper|90\/100\n|move|p1b: Sinistcha|Matcha Gotcha|p2a: Maushold|[spread] p2a,p2b\n|-damage|p2a: Maushold|0 fnt\n|-heal|p1b: Sinistcha|86\/100|[from] drain|[of] p2a: Maushold\n|-damage|p2b: Pelipper|78\/100\n|-heal|p1b: Sinistcha|90\/100|[from] drain|[of] p2b: Pelipper\n|faint|p2a: Maushold\n|move|p2b: Pelipper|Weather Ball|p1a: Clefable\n|-damage|p1a: Clefable|1\/100\n|\n|-weather|RainDance|[upkeep]\n|upkeep\n|turn|12\n|\n|t:|1728827277\n|move|p1a: Clefable|Moonblast|p2b: Pelipper\n|-damage|p2b: Pelipper|63\/100\n|-unboost|p2b: Pelipper|spa|1\n|move|p1b: Sinistcha|Matcha Gotcha|p2b: Pelipper|[miss]\n|-miss|p1b: Sinistcha|p2b: Pelipper\n|move|p2b: Pelipper|Hurricane|p1b: Sinistcha\n|-supereffective|p1b: Sinistcha\n|-damage|p1b: Sinistcha|8\/100\n|\n|-weather|RainDance|[upkeep]\n|-fieldend|Misty Terrain\n|upkeep\n|turn|13\n|\n|t:|1728827292\n|move|p1a: Clefable|Moonblast|p2b: Pelipper\n|-damage|p2b: Pelipper|49\/100\n|-unboost|p2b: Pelipper|spa|1\n|move|p1b: Sinistcha|Matcha Gotcha|p2b: Pelipper\n|-damage|p2b: Pelipper|29\/100\n|-heal|p1b: Sinistcha|16\/100|[from] drain|[of] p2b: Pelipper\n|move|p2b: Pelipper|Hurricane|p1b: Sinistcha\n|-supereffective|p1b: Sinistcha\n|-damage|p1b: Sinistcha|0 fnt\n|faint|p1b: Sinistcha\n|\n|-weather|RainDance|[upkeep]\n|upkeep\n|turn|14\n|\n|t:|1728827312\n|move|p1a: Clefable|Moonblast|p2b: Pelipper\n|-damage|p2b: Pelipper|15\/100\n|-unboost|p2b: Pelipper|spa|1\n|move|p2b: Pelipper|Weather Ball|p1a: Clefable\n|-damage|p1a: Clefable|0 fnt\n|faint|p1a: Clefable\n|\n|win|yuzuda\n|raw|Bahamate's rating: 1714 &rarr; <strong>1692<\/strong><br \/>(-22 for losing)\n|raw|yuzuda's rating: 1673 &rarr; <strong>1695<\/strong><br \/>(+22 for winning)\n|l|\u2606Bahamate\n|player|p1|\n|l| DonShitDozo\n|l|\u2606yuzuda\n|player|p2|\n|l| KinxxVGC\n|l| Khaostest3\n","uploadtime":1728827470,"views":14,"formatid":"gen9vgc2024regh","rating":1692,"private":0,"password":null}