{"id":"gen9vgc2024regh-2222507030","format":"[Gen 9] VGC 2024 Reg H","players":["ray4gej","maggeprutten"],"log":"|j|\u2606ray4gej\n|j|\u2606maggeprutten\n|t:|1728888358\n|gametype|doubles\n|player|p1|ray4gej|101|1683\n|player|p2|maggeprutten|dahlia|1732\n|teamsize|p1|6\n|teamsize|p2|6\n|gen|9\n|tier|[Gen 9] VGC 2024 Reg H\n|rated|\n|rule|Species Clause: Limit one of each Pok\u00e9mon\n|rule|Item Clause: Limit 1 of each item\n|clearpoke\n|poke|p1|Kleavor, L50, F|\n|poke|p1|Kingambit, L50, M|\n|poke|p1|Salamence, L50, F|\n|poke|p1|Rillaboom, L50, F|\n|poke|p1|Salazzle, L50, F|\n|poke|p1|Excadrill, L50, F|\n|poke|p2|Incineroar, L50, M|\n|poke|p2|Porygon2, L50|\n|poke|p2|Amoonguss, L50, M|\n|poke|p2|Ursaluna, L50, F|\n|poke|p2|Gholdengo, L50|\n|poke|p2|Flamigo, L50, M|\n|teampreview|4\n|\n|t:|1728888411\n|start\n|switch|p1a: Rillaboom|Rillaboom, L50, F|100\/100\n|switch|p1b: Kingambit|Kingambit, L50, M, shiny|100\/100\n|switch|p2a: Porygon2|Porygon2, L50, shiny|100\/100\n|switch|p2b: Incineroar|Incineroar, L50, M, shiny|100\/100\n|-fieldstart|move: Grassy Terrain|[from] ability: Grassy Surge|[of] p1a: Rillaboom\n|-ability|p2b: Incineroar|Intimidate|boost\n|-unboost|p1a: Rillaboom|atk|1\n|-unboost|p1b: Kingambit|atk|1\n|-ability|p1b: Kingambit|Defiant|boost\n|-boost|p1b: Kingambit|atk|2\n|-ability|p2a: Porygon2|Download|boost\n|-boost|p2a: Porygon2|spa|1\n|turn|1\n|\n|t:|1728888431\n|-terastallize|p1b: Kingambit|Fairy\n|move|p1a: Rillaboom|Fake Out|p2b: Incineroar\n|-damage|p2b: Incineroar|91\/100\n|cant|p2b: Incineroar|flinch\n|move|p1b: Kingambit|Kowtow Cleave|p2a: Porygon2\n|-damage|p2a: Porygon2|55\/100\n|move|p2a: Porygon2|Trick Room|p2a: Porygon2\n|-fieldstart|move: Trick Room|[of] p2a: Porygon2\n|\n|-heal|p2a: Porygon2|61\/100|[from] Grassy Terrain\n|-heal|p2b: Incineroar|97\/100|[from] Grassy Terrain\n|upkeep\n|turn|2\n|\n|t:|1728888459\n|move|p1b: Kingambit|Kowtow Cleave|p2b: Incineroar\n|-resisted|p2b: Incineroar\n|-damage|p2b: Incineroar|50\/100\n|move|p2a: Porygon2|Tera Blast|p1b: Kingambit\n|-damage|p1b: Kingambit|58\/100\n|move|p2b: Incineroar|Parting Shot|p1a: Rillaboom\n|-unboost|p1a: Rillaboom|atk|1\n|-unboost|p1a: Rillaboom|spa|1\n|\n|t:|1728888471\n|switch|p2b: Amoonguss|Amoonguss, L50, M, shiny|100\/100|[from] Parting Shot\n|move|p1a: Rillaboom|U-turn|p2b: Amoonguss\n|-damage|p2b: Amoonguss|91\/100\n|\n|t:|1728888476\n|switch|p1a: Salazzle|Salazzle, L50, F|100\/100|[from] U-turn\n|\n|-heal|p2b: Amoonguss|97\/100|[from] Grassy Terrain\n|-heal|p1b: Kingambit|64\/100|[from] Grassy Terrain\n|-heal|p2a: Porygon2|67\/100|[from] Grassy Terrain\n|upkeep\n|turn|3\n|\n|t:|1728888495\n|move|p1a: Salazzle|Fake Out|p2b: Amoonguss\n|-damage|p2b: Amoonguss|92\/100\n|cant|p2b: Amoonguss|flinch\n|move|p1b: Kingambit|Kowtow Cleave|p2b: Amoonguss\n|-damage|p2b: Amoonguss|19\/100\n|move|p2a: Porygon2|Tera Blast|p1b: Kingambit\n|-damage|p1b: Kingambit|18\/100\n|\n|-heal|p2b: Amoonguss|25\/100|[from] Grassy Terrain\n|-heal|p1b: Kingambit|24\/100|[from] Grassy Terrain\n|-heal|p2a: Porygon2|73\/100|[from] Grassy Terrain\n|upkeep\n|turn|4\n|\n|t:|1728888521\n|switch|p2b: Incineroar|Incineroar, L50, M, shiny|50\/100\n|-ability|p2b: Incineroar|Intimidate|boost\n|-fail|p1a: Salazzle|unboost|Attack|[from] ability: Oblivious|[of] p1a: Salazzle\n|-unboost|p1b: Kingambit|atk|1\n|-ability|p1b: Kingambit|Defiant|boost\n|-boost|p1b: Kingambit|atk|2\n|switch|p1a: Rillaboom|Rillaboom, L50, F|100\/100\n|move|p1b: Kingambit|Protect|p1b: Kingambit\n|-singleturn|p1b: Kingambit|Protect\n|move|p2a: Porygon2|Tera Blast|p1b: Kingambit\n|-activate|p1b: Kingambit|move: Protect\n|\n|-heal|p1b: Kingambit|30\/100|[from] Grassy Terrain\n|-heal|p2a: Porygon2|80\/100|[from] Grassy Terrain\n|-heal|p2b: Incineroar|56\/100|[from] Grassy Terrain\n|upkeep\n|turn|5\n|\n|t:|1728888542\n|move|p2b: Incineroar|Fake Out|p1a: Rillaboom\n|-damage|p1a: Rillaboom|89\/100\n|cant|p1a: Rillaboom|flinch\n|move|p1b: Kingambit|Sucker Punch|p2a: Porygon2\n|-damage|p2a: Porygon2|21\/100\n|move|p2a: Porygon2|Tera Blast|p1b: Kingambit\n|-damage|p1b: Kingambit|0 fnt\n|faint|p1b: Kingambit\n|\n|-heal|p2a: Porygon2|28\/100|[from] Grassy Terrain\n|-heal|p2b: Incineroar|62\/100|[from] Grassy Terrain\n|-heal|p1a: Rillaboom|95\/100|[from] Grassy Terrain\n|-fieldend|move: Trick Room\n|-fieldend|move: Grassy Terrain\n|upkeep\n|\n|t:|1728888557\n|switch|p1b: Salamence|Salamence, L50, F|100\/100\n|turn|6\n|j| Rabbithorn01\n|\n|t:|1728888574\n|switch|p2a: Amoonguss|Amoonguss, L50, M, shiny|58\/100\n|move|p1b: Salamence|Dragon Claw|p2a: Amoonguss\n|-damage|p2a: Amoonguss|22\/100\n|move|p1a: Rillaboom|U-turn|p2a: Amoonguss\n|-damage|p2a: Amoonguss|4\/100\n|\n|t:|1728888581\n|switch|p1a: Salazzle|Salazzle, L50, F|100\/100|[from] U-turn\n|move|p2b: Incineroar|Parting Shot|p1b: Salamence\n|-unboost|p1b: Salamence|atk|1\n|-unboost|p1b: Salamence|spa|1\n|\n|t:|1728888599\n|switch|p2b: Porygon2|Porygon2, L50, shiny|28\/100|[from] Parting Shot\n|-ability|p2b: Porygon2|Download|boost\n|-boost|p2b: Porygon2|atk|1\n|\n|upkeep\n|turn|7\n|\n|t:|1728888626\n|switch|p2a: Incineroar|Incineroar, L50, M, shiny|62\/100\n|-ability|p2a: Incineroar|Intimidate|boost\n|-fail|p1a: Salazzle|unboost|Attack|[from] ability: Oblivious|[of] p1a: Salazzle\n|-unboost|p1b: Salamence|atk|1\n|move|p1a: Salazzle|Fake Out|p2b: Porygon2\n|-damage|p2b: Porygon2|23\/100\n|move|p1b: Salamence|Dragon Claw|p2a: Incineroar\n|-damage|p2a: Incineroar|40\/100\n|cant|p2b: Porygon2|flinch\n|\n|upkeep\n|turn|8\n|\n|t:|1728888656\n|switch|p1a: Rillaboom|Rillaboom, L50, F|95\/100\n|-fieldstart|move: Grassy Terrain|[from] ability: Grassy Surge|[of] p1a: Rillaboom\n|move|p2a: Incineroar|Fake Out|p1a: Rillaboom\n|-damage|p1a: Rillaboom|83\/100\n|move|p1b: Salamence|Dragon Dance|p1b: Salamence\n|-boost|p1b: Salamence|atk|1\n|-boost|p1b: Salamence|spe|1\n|move|p2b: Porygon2|Trick Room|p2b: Porygon2\n|-fieldstart|move: Trick Room|[of] p2b: Porygon2\n|\n|-heal|p2b: Porygon2|30\/100|[from] Grassy Terrain\n|-heal|p2a: Incineroar|46\/100|[from] Grassy Terrain\n|-heal|p1a: Rillaboom|89\/100|[from] Grassy Terrain\n|upkeep\n|turn|9\n|\n|t:|1728888683\n|move|p1a: Rillaboom|Fake Out|p2b: Porygon2\n|-damage|p2b: Porygon2|22\/100\n|cant|p2b: Porygon2|flinch\n|move|p2a: Incineroar|Flare Blitz|p1a: Rillaboom\n|-supereffective|p1a: Rillaboom\n|-damage|p1a: Rillaboom|0 fnt\n|faint|p1a: Rillaboom\n|-damage|p2a: Incineroar|16\/100|[from] Recoil\n|move|p1b: Salamence|Dragon Claw|p2b: Porygon2\n|-damage|p2b: Porygon2|6\/100\n|\n|-heal|p2b: Porygon2|12\/100|[from] Grassy Terrain\n|-heal|p2a: Incineroar|22\/100|[from] Grassy Terrain\n|upkeep\n|\n|t:|1728888691\n|switch|p1a: Salazzle|Salazzle, L50, F|100\/100\n|turn|10\n|\n|t:|1728888719\n|switch|p2b: Ursaluna|Ursaluna, L50, F, shiny|100\/100\n|move|p1a: Salazzle|Fake Out|p2b: Ursaluna\n|-damage|p2b: Ursaluna|96\/100\n|move|p2a: Incineroar|Parting Shot|p1b: Salamence\n|-unboost|p1b: Salamence|atk|1\n|-unboost|p1b: Salamence|spa|1\n|-message|ray4gej forfeited.\n|\n|win|maggeprutten\n|raw|ray4gej's rating: 1683 &rarr; <strong>1666<\/strong><br \/>(-17 for losing)\n|raw|maggeprutten's rating: 1732 &rarr; <strong>1749<\/strong><br \/>(+17 for winning)\n|l|\u2606ray4gej\n|player|p1|\n|l|\u2606maggeprutten\n|player|p2|\n","uploadtime":1728888956,"views":24,"formatid":"gen9vgc2024regh","rating":1666,"private":0,"password":null}