{"id":"gen9vgc2024regh-2222088528","format":"[Gen 9] VGC 2024 Reg H","players":["randy.zhang2023","ray4gej"],"log":"|j|\u2606randy.zhang2023\n|j|\u2606ray4gej\n|t:|1728836140\n|gametype|doubles\n|player|p1|randy.zhang2023|101|1687\n|player|p2|ray4gej|101|1727\n|teamsize|p1|6\n|teamsize|p2|6\n|gen|9\n|tier|[Gen 9] VGC 2024 Reg H\n|rated|\n|rule|Species Clause: Limit one of each Pok\u00e9mon\n|rule|Item Clause: Limit 1 of each item\n|clearpoke\n|poke|p1|Indeedee-F, L50, F|\n|poke|p1|Gallade, L50, M|\n|poke|p1|Maushold-Four, L50|\n|poke|p1|Hydrapple, L50, M|\n|poke|p1|Torkoal, L50, M|\n|poke|p1|Armarouge, L50, M|\n|poke|p2|Kleavor, L50, F|\n|poke|p2|Kingambit, L50, M|\n|poke|p2|Salamence, L50, F|\n|poke|p2|Rillaboom, L50, M|\n|poke|p2|Salazzle, L50, F|\n|poke|p2|Excadrill, L50, F|\n|teampreview|4\n|\n|t:|1728836189\n|start\n|switch|p1a: Indeedee|Indeedee-F, L50, F|100\/100\n|switch|p1b: Gallade|Gallade, L50, M|100\/100\n|switch|p2a: Kleavor|Kleavor, L50, F|100\/100\n|switch|p2b: Salamence|Salamence, L50, F|100\/100\n|-fieldstart|move: Psychic Terrain|[from] ability: Psychic Surge|[of] p1a: Indeedee\n|turn|1\n|inactive|Battle timer is ON: inactive players will automatically lose when time's up. (requested by randy.zhang2023)\n|inactive|randy.zhang2023 has 60 seconds left.\n|inactive|ray4gej has 60 seconds left.\n|\n|t:|1728836224\n|switch|p2b: Kingambit|Kingambit, L50, M, shiny|100\/100\n|move|p1a: Indeedee|Follow Me|p1a: Indeedee\n|-singleturn|p1a: Indeedee|move: Follow Me\n|move|p2a: Kleavor|U-turn|p1a: Indeedee\n|-supereffective|p1a: Indeedee\n|-damage|p1a: Indeedee|26\/100\n|-damage|p2a: Kleavor|84\/100|[from] item: Rocky Helmet|[of] p1a: Indeedee\n|\n|t:|1728836232\n|switch|p2a: Rillaboom|Rillaboom, L50, M|100\/100|[from] U-turn\n|-fieldstart|move: Grassy Terrain|[from] ability: Grassy Surge|[of] p2a: Rillaboom\n|move|p1b: Gallade|Trick Room|p1b: Gallade\n|-fieldstart|move: Trick Room|[of] p1b: Gallade\n|\n|-heal|p1a: Indeedee|32\/100|[from] Grassy Terrain\n|upkeep\n|turn|2\n|inactive|randy.zhang2023 has 30 seconds left.\n|\n|t:|1728836259\n|switch|p1b: Torkoal|Torkoal, L50, M|100\/100\n|-weather|SunnyDay|[from] ability: Drought|[of] p1b: Torkoal\n|-terastallize|p2b: Kingambit|Fairy\n|move|p1a: Indeedee|Follow Me|p1a: Indeedee\n|-singleturn|p1a: Indeedee|move: Follow Me\n|move|p2b: Kingambit|Kowtow Cleave|p1a: Indeedee\n|-supereffective|p1a: Indeedee\n|-damage|p1a: Indeedee|0 fnt\n|-damage|p2b: Kingambit|84\/100|[from] item: Rocky Helmet|[of] p1a: Indeedee\n|faint|p1a: Indeedee\n|move|p2a: Rillaboom|U-turn|p1b: Torkoal\n|-resisted|p1b: Torkoal\n|-damage|p1b: Torkoal|92\/100\n|\n|t:|1728836271\n|switch|p2a: Salamence|Salamence, L50, F|100\/100|[from] U-turn\n|\n|-weather|SunnyDay|[upkeep]\n|-heal|p1b: Torkoal|98\/100|[from] Grassy Terrain\n|-heal|p2b: Kingambit|90\/100|[from] Grassy Terrain\n|upkeep\n|\n|t:|1728836281\n|switch|p1a: Armarouge|Armarouge, L50, M|100\/100\n|turn|3\n|\n|t:|1728836299\n|-terastallize|p1a: Armarouge|Grass\n|move|p2b: Kingambit|Sucker Punch|p1b: Torkoal\n|-damage|p1b: Torkoal|62\/100\n|move|p1b: Torkoal|Eruption|p2a: Salamence|[spread] p2a,p2b\n|-resisted|p2a: Salamence\n|-damage|p2a: Salamence|73\/100\n|-damage|p2b: Kingambit|42\/100\n|move|p1a: Armarouge|Meteor Beam||[still]\n|-prepare|p1a: Armarouge|Meteor Beam\n|-boost|p1a: Armarouge|spa|1\n|-enditem|p1a: Armarouge|Power Herb\n|-anim|p1a: Armarouge|Meteor Beam|p2a: Salamence\n|-supereffective|p2a: Salamence\n|-damage|p2a: Salamence|0 fnt\n|faint|p2a: Salamence\n|\n|-weather|SunnyDay|[upkeep]\n|-heal|p1b: Torkoal|68\/100|[from] Grassy Terrain\n|-heal|p2b: Kingambit|48\/100|[from] Grassy Terrain\n|upkeep\n|\n|t:|1728836315\n|switch|p2a: Rillaboom|Rillaboom, L50, M|100\/100\n|turn|4\n|\n|t:|1728836329\n|move|p2a: Rillaboom|Fake Out|p1a: Armarouge\n|-damage|p1a: Armarouge|86\/100\n|move|p1b: Torkoal|Weather Ball|p2b: Kingambit\n|-damage|p2b: Kingambit|0 fnt\n|faint|p2b: Kingambit\n|cant|p1a: Armarouge|flinch\n|\n|-weather|SunnyDay|[upkeep]\n|-heal|p1b: Torkoal|74\/100|[from] Grassy Terrain\n|-heal|p1a: Armarouge|93\/100|[from] Grassy Terrain\n|upkeep\n|\n|t:|1728836333\n|switch|p2b: Kleavor|Kleavor, L50, F|84\/100\n|turn|5\n|-message|ray4gej forfeited.\n|\n|win|randy.zhang2023\n|raw|randy.zhang2023's rating: 1687 &rarr; <strong>1709<\/strong><br \/>(+22 for winning)\n|raw|ray4gej's rating: 1727 &rarr; <strong>1705<\/strong><br \/>(-22 for losing)\n|l|\u2606ray4gej\n|player|p2|\n","uploadtime":1728836600,"views":20,"formatid":"gen9vgc2024regh","rating":1705,"private":0,"password":null}