{"id":"gen9vgc2024regh-2222795426","format":"[Gen 9] VGC 2024 Reg H","players":["maggeprutten","ttvrm5"],"log":"|j|\u2606maggeprutten\n|j|\u2606ttvrm5\n|t:|1728924690\n|gametype|doubles\n|player|p1|maggeprutten|supernerd|1734\n|player|p2|ttvrm5|shadowtriad|1759\n|teamsize|p1|6\n|teamsize|p2|6\n|gen|9\n|tier|[Gen 9] VGC 2024 Reg H\n|rated|\n|rule|Species Clause: Limit one of each Pok\u00e9mon\n|rule|Item Clause: Limit 1 of each item\n|clearpoke\n|poke|p1|Dondozo, L50, F|\n|poke|p1|Tatsugiri, L50, F|\n|poke|p1|Talonflame, L50, M|\n|poke|p1|Gholdengo, L50|\n|poke|p1|Glimmora, L50, M|\n|poke|p1|Dragonite, L50, F|\n|poke|p2|Indeedee, L50, M|\n|poke|p2|Dragonite, L50, M|\n|poke|p2|Sneasler, L50, F|\n|poke|p2|Annihilape, L50, F|\n|poke|p2|Dondozo, L50, F|\n|poke|p2|Tatsugiri, L50, M|\n|teampreview|4\n|inactive|Battle timer is ON: inactive players will automatically lose when time's up. (requested by maggeprutten)\n|\n|t:|1728924710\n|start\n|switch|p1a: Glimmora|Glimmora, L50, M|100\/100\n|switch|p1b: Talonflame|Talonflame, L50, M|100\/100\n|switch|p2a: Sneasler|Sneasler, L50, F|100\/100\n|switch|p2b: Indeedee|Indeedee, L50, M|100\/100\n|-fieldstart|move: Psychic Terrain|[from] ability: Psychic Surge|[of] p2b: Indeedee\n|-enditem|p2a: Sneasler|Psychic Seed\n|-boost|p2a: Sneasler|spd|1|[from] item: Psychic Seed\n|turn|1\n|\n|t:|1728924731\n|-terastallize|p1a: Glimmora|Grass\n|move|p1b: Talonflame|Tailwind|p1b: Talonflame\n|-sidestart|p1: maggeprutten|move: Tailwind\n|move|p2a: Sneasler|Dire Claw|p1b: Talonflame\n|-damage|p1b: Talonflame|32\/100\n|move|p1a: Glimmora|Earth Power|p2a: Sneasler\n|-supereffective|p2a: Sneasler\n|-damage|p2a: Sneasler|42\/100\n|move|p2b: Indeedee|Expanding Force|p1a: Glimmora|[spread] p1a,p1b\n|-damage|p1a: Glimmora|63\/100\n|-damage|p1b: Talonflame|0 fnt\n|faint|p1b: Talonflame\n|\n|upkeep\n|\n|t:|1728924744\n|switch|p1b: Dondozo|Dondozo, L50, F|100\/100\n|turn|2\n|inactive|maggeprutten has 30 seconds left.\n|\n|t:|1728924772\n|move|p2a: Sneasler|Protect|p2a: Sneasler\n|-singleturn|p2a: Sneasler|Protect\n|move|p1a: Glimmora|Earth Power|p2a: Sneasler\n|-activate|p2a: Sneasler|move: Protect\n|move|p1b: Dondozo|Earthquake|p2a: Sneasler|[spread] p1a,p2b\n|-activate|p2a: Sneasler|move: Protect\n|-resisted|p1a: Glimmora\n|-damage|p1a: Glimmora|51\/100\n|-damage|p2b: Indeedee|50\/100\n|-activate|p1a: Glimmora|ability: Toxic Debris\n|-sidestart|p2: ttvrm5|move: Toxic Spikes\n|move|p2b: Indeedee|Expanding Force|p1b: Dondozo|[spread] p1a,p1b\n|-crit|p1b: Dondozo\n|-damage|p1a: Glimmora|11\/100\n|-damage|p1b: Dondozo|19\/100\n|\n|-heal|p1b: Dondozo|25\/100|[from] item: Leftovers\n|upkeep\n|turn|3\n|inactive|ttvrm5 has 30 seconds left.\n|\n|t:|1728924801\n|switch|p1a: Tatsugiri|Tatsugiri, L50, F|100\/100\n|-activate|p1a: Tatsugiri|ability: Commander|[of] p1b: Dondozo\n|-boost|p1b: Dondozo|atk|2\n|-boost|p1b: Dondozo|spa|2\n|-boost|p1b: Dondozo|spe|2\n|-boost|p1b: Dondozo|def|2\n|-boost|p1b: Dondozo|spd|2\n|move|p1b: Dondozo|Earthquake|p2a: Sneasler|[spread] p2a,p2b\n|-miss|p1b: Dondozo|p1a: Tatsugiri\n|-supereffective|p2a: Sneasler\n|-damage|p2a: Sneasler|0 fnt\n|-damage|p2b: Indeedee|0 fnt\n|faint|p2a: Sneasler\n|faint|p2b: Indeedee\n|\n|-heal|p1b: Dondozo|31\/100|[from] item: Leftovers\n|upkeep\n|\n|t:|1728924812\n|switch|p2a: Dondozo|Dondozo, L50, F|100\/100\n|switch|p2b: Tatsugiri|Tatsugiri, L50, M|100\/100\n|-activate|p2b: Tatsugiri|ability: Commander|[of] p2a: Dondozo\n|-boost|p2a: Dondozo|atk|2\n|-boost|p2a: Dondozo|spa|2\n|-boost|p2a: Dondozo|spe|2\n|-boost|p2a: Dondozo|def|2\n|-boost|p2a: Dondozo|spd|2\n|-status|p2a: Dondozo|psn\n|turn|4\n|\n|t:|1728924824\n|move|p1b: Dondozo|Protect|p1b: Dondozo\n|-singleturn|p1b: Dondozo|Protect\n|move|p2a: Dondozo|Earthquake|p1b: Dondozo|[spread] \n|-miss|p2a: Dondozo|p2b: Tatsugiri\n|-miss|p2a: Dondozo|p1a: Tatsugiri\n|-activate|p1b: Dondozo|move: Protect\n|\n|-heal|p1b: Dondozo|38\/100|[from] item: Leftovers\n|-damage|p2a: Dondozo|88\/100 psn|[from] psn\n|-sideend|p1: maggeprutten|move: Tailwind\n|upkeep\n|turn|5\n|\n|t:|1728924837\n|move|p2a: Dondozo|Earthquake|p1a: Tatsugiri|[spread] p1b\n|-miss|p2a: Dondozo|p2b: Tatsugiri\n|-miss|p2a: Dondozo|p1a: Tatsugiri\n|-damage|p1b: Dondozo|24\/100\n|move|p1b: Dondozo|Order Up|p2a: Dondozo\n|-damage|p2a: Dondozo|70\/100 psn\n|-boost|p1b: Dondozo|atk|1\n|\n|-heal|p2a: Dondozo|77\/100 psn|[from] item: Leftovers\n|-heal|p1b: Dondozo|30\/100|[from] item: Leftovers\n|-damage|p2a: Dondozo|64\/100 psn|[from] psn\n|-fieldend|move: Psychic Terrain\n|upkeep\n|turn|6\n|\n|t:|1728924849\n|move|p1b: Dondozo|Protect|p1b: Dondozo\n|-singleturn|p1b: Dondozo|Protect\n|move|p2a: Dondozo|Earthquake|p1a: Tatsugiri|[spread] \n|-miss|p2a: Dondozo|p2b: Tatsugiri\n|-miss|p2a: Dondozo|p1a: Tatsugiri\n|-activate|p1b: Dondozo|move: Protect\n|\n|-heal|p2a: Dondozo|70\/100 psn|[from] item: Leftovers\n|-heal|p1b: Dondozo|36\/100|[from] item: Leftovers\n|-damage|p2a: Dondozo|58\/100 psn|[from] psn\n|upkeep\n|turn|7\n|\n|t:|1728924862\n|move|p2a: Dondozo|Wave Crash|p1b: Dondozo\n|-resisted|p1b: Dondozo\n|-crit|p1b: Dondozo\n|-damage|p1b: Dondozo|9\/100\n|-damage|p2a: Dondozo|49\/100 psn|[from] Recoil\n|move|p1b: Dondozo|Order Up|p2a: Dondozo\n|-damage|p2a: Dondozo|31\/100 psn\n|-boost|p1b: Dondozo|atk|1\n|\n|-heal|p2a: Dondozo|38\/100 psn|[from] item: Leftovers\n|-heal|p1b: Dondozo|16\/100|[from] item: Leftovers\n|-damage|p2a: Dondozo|25\/100 psn|[from] psn\n|upkeep\n|turn|8\n|\n|t:|1728924873\n|move|p1b: Dondozo|Protect|p1b: Dondozo\n|-singleturn|p1b: Dondozo|Protect\n|move|p2a: Dondozo|Wave Crash|p1b: Dondozo\n|-activate|p1b: Dondozo|move: Protect\n|\n|-heal|p2a: Dondozo|31\/100 psn|[from] item: Leftovers\n|-heal|p1b: Dondozo|22\/100|[from] item: Leftovers\n|-damage|p2a: Dondozo|19\/100 psn|[from] psn\n|upkeep\n|turn|9\n|\n|t:|1728924883\n|move|p2a: Dondozo|Wave Crash|p1b: Dondozo\n|-resisted|p1b: Dondozo\n|-damage|p1b: Dondozo|3\/100\n|-damage|p2a: Dondozo|13\/100 psn|[from] Recoil\n|move|p1b: Dondozo|Order Up|p2a: Dondozo\n|-damage|p2a: Dondozo|0 fnt\n|faint|p2a: Dondozo\n|-boost|p1b: Dondozo|atk|1\n|\n|-heal|p1b: Dondozo|9\/100|[from] item: Leftovers\n|upkeep\n|turn|10\n|-message|ttvrm5 forfeited.\n|\n|win|maggeprutten\n|raw|maggeprutten's rating: 1734 &rarr; <strong>1755<\/strong><br \/>(+21 for winning)\n|raw|ttvrm5's rating: 1759 &rarr; <strong>1738<\/strong><br \/>(-21 for losing)\n|l|\u2606ttvrm5\n|player|p2|\n|l|\u2606maggeprutten\n|player|p1|\n","uploadtime":1728925120,"views":19,"formatid":"gen9vgc2024regh","rating":1738,"private":0,"password":null}