{"id":"gen9vgc2024regh-2222221323","format":"[Gen 9] VGC 2024 Reg H","players":["BetterCallHall","Diddle08"],"log":"|j|\u2606BetterCallHall\n|j|\u2606Diddle08\n|t:|1728850628\n|gametype|doubles\n|player|p1|BetterCallHall|265|1691\n|player|p2|Diddle08|169|1781\n|teamsize|p1|6\n|teamsize|p2|6\n|gen|9\n|tier|[Gen 9] VGC 2024 Reg H\n|rated|\n|rule|Species Clause: Limit one of each Pok\u00e9mon\n|rule|Item Clause: Limit 1 of each item\n|clearpoke\n|poke|p1|Gholdengo, L50|\n|poke|p1|Indeedee, L50, M|\n|poke|p1|Drifblim, L50, F|\n|poke|p1|Clefable, L50, F|\n|poke|p1|Rotom-Heat, L50|\n|poke|p1|Ursaluna, L50, M|\n|poke|p2|Blastoise, L50, F|\n|poke|p2|Volcarona, L50, F|\n|poke|p2|Weezing, L50, M|\n|poke|p2|Slaking, L50, F|\n|poke|p2|Dragapult, L50, M|\n|poke|p2|Sneasler, L50, F|\n|teampreview|4\nDiddle08 has agreed to open team sheets.\n|inactive|Battle timer is ON: inactive players will automatically lose when time's up. (requested by Diddle08)\n|inactive|Diddle08 has 60 seconds left.\n|\n|t:|1728850688\n|start\n|switch|p1a: Clefable|Clefable, L50, F|100\/100\n|switch|p1b: Gholdengo|Gholdengo, L50|100\/100\n|switch|p2a: Slaking|Slaking, L50, F|100\/100\n|switch|p2b: Weezing|Weezing, L50, M, shiny|100\/100\n|-ability|p2b: Weezing|Neutralizing Gas\n|turn|1\n|j| sauromon\n|\n|t:|1728850706\n|-terastallize|p1a: Clefable|Steel\n|move|p2b: Weezing|Protect|p2b: Weezing\n|-singleturn|p2b: Weezing|Protect\n|move|p1a: Clefable|Follow Me|p1a: Clefable\n|-singleturn|p1a: Clefable|move: Follow Me\n|move|p2a: Slaking|Double-Edge|p1a: Clefable\n|-resisted|p1a: Clefable\n|-damage|p1a: Clefable|56\/100\n|-damage|p2a: Slaking|87\/100|[from] Recoil\n|-damage|p2a: Slaking|77\/100|[from] item: Life Orb\n|move|p1b: Gholdengo|Nasty Plot|p1b: Gholdengo\n|-boost|p1b: Gholdengo|spa|2\n|\n|upkeep\n|turn|2\n|\n|t:|1728850730\n|-end|p2b: Weezing|ability: Neutralizing Gas\n|switch|p2b: Sneasler|Sneasler, L50, F|100\/100\n|move|p1a: Clefable|Follow Me|p1a: Clefable\n|-singleturn|p1a: Clefable|move: Follow Me\n|move|p2a: Slaking|High Horsepower|p1a: Clefable\n|-supereffective|p1a: Clefable\n|-damage|p1a: Clefable|0 fnt\n|faint|p1a: Clefable\n|-damage|p2a: Slaking|68\/100|[from] item: Life Orb\n|move|p1b: Gholdengo|Make It Rain|p2a: Slaking|[spread] p2a,p2b\n|-damage|p2a: Slaking|0 fnt\n|-enditem|p2b: Sneasler|Focus Sash\n|-damage|p2b: Sneasler|1\/100\n|-unboost|p1b: Gholdengo|spa|1\n|faint|p2a: Slaking\n|-damage|p1b: Gholdengo|91\/100|[from] item: Life Orb\n|\n|upkeep\n|\n|t:|1728850752\n|switch|p2a: Volcarona|Volcarona, L50, F, shiny|100\/100\n|switch|p1a: Drifblim|Drifblim, L50, F|100\/100\n|turn|3\n|\n|t:|1728850765\n|switch|p2b: Weezing|Weezing, L50, M, shiny|100\/100\n|-ability|p2b: Weezing|Neutralizing Gas\n|move|p1b: Gholdengo|Protect|p1b: Gholdengo\n|-singleturn|p1b: Gholdengo|Protect\n|move|p2a: Volcarona|Overheat|p1b: Gholdengo\n|-activate|p1b: Gholdengo|move: Protect\n|move|p1a: Drifblim|Tailwind|p1a: Drifblim\n|-sidestart|p1: BetterCallHall|move: Tailwind\n|\n|upkeep\n|turn|4\n|\n|t:|1728850780\n|move|p2b: Weezing|Protect|p2b: Weezing\n|-singleturn|p2b: Weezing|Protect\n|move|p1a: Drifblim|Knock Off|p2a: Volcarona\n|-damage|p2a: Volcarona|80\/100\n|-enditem|p2a: Volcarona|Covert Cloak|[from] move: Knock Off|[of] p1a: Drifblim\n|move|p1b: Gholdengo|Shadow Ball|p2a: Volcarona\n|-damage|p2a: Volcarona|4\/100\n|-damage|p1b: Gholdengo|81\/100|[from] item: Life Orb\n|move|p2a: Volcarona|Tailwind|p2a: Volcarona\n|-sidestart|p2: Diddle08|move: Tailwind\n|\n|upkeep\n|turn|5\n|inactive|Diddle08 has 30 seconds left.\n|\n|t:|1728850811\n|switch|p2a: Sneasler|Sneasler, L50, F|1\/100\n|move|p1b: Gholdengo|Protect|p1b: Gholdengo\n|-singleturn|p1b: Gholdengo|Protect\n|move|p1a: Drifblim|Knock Off|p2a: Sneasler\n|-resisted|p2a: Sneasler\n|-damage|p2a: Sneasler|0 fnt\n|faint|p2a: Sneasler\n|move|p2b: Weezing|Sludge Bomb|p1a: Drifblim\n|-resisted|p1a: Drifblim\n|-damage|p1a: Drifblim|84\/100\n|\n|upkeep\n|\n|t:|1728850823\n|switch|p2a: Volcarona|Volcarona, L50, F, shiny|4\/100\n|turn|6\n|-message|Diddle08 forfeited.\n|\n|win|BetterCallHall\n|raw|BetterCallHall's rating: 1691 &rarr; <strong>1716<\/strong><br \/>(+25 for winning)\n|raw|Diddle08's rating: 1781 &rarr; <strong>1756<\/strong><br \/>(-25 for losing)\n|l|\u2606Diddle08\n|player|p2|\n|l| sauromon\n","uploadtime":1728850829,"views":18,"formatid":"gen9vgc2024regh","rating":1716,"private":0,"password":null}