{"id":"gen9vgc2024regh-2222460749","format":"[Gen 9] VGC 2024 Reg H","players":["Yastgutdwiiys","lhr801114"],"log":"|j|\u2606Yastgutdwiiys\n|j|\u2606lhr801114\n|t:|1728880202\n|gametype|doubles\n|player|p1|Yastgutdwiiys|lass-gen8|1691\n|player|p2|lhr801114|wattson|1692\n|teamsize|p1|6\n|teamsize|p2|6\n|gen|9\n|tier|[Gen 9] VGC 2024 Reg H\n|rated|\n|rule|Species Clause: Limit one of each Pok\u00e9mon\n|rule|Item Clause: Limit 1 of each item\n|clearpoke\n|poke|p1|Basculegion-F, L50, F|\n|poke|p1|Pelipper, L50, F|\n|poke|p1|Rillaboom, L50, M|\n|poke|p1|Kingambit, L50, M|\n|poke|p1|Archaludon, L50, M|\n|poke|p1|Incineroar, L50, M|\n|poke|p2|Porygon2, L50|\n|poke|p2|Ursaluna, L50, F|\n|poke|p2|Amoonguss, L50, F|\n|poke|p2|Incineroar, L50, F|\n|poke|p2|Gholdengo, L50|\n|poke|p2|Tyranitar, L50, F|\n|teampreview|4\n|\n|t:|1728880229\n|start\n|switch|p1a: Basculegion|Basculegion-F, L50, F, shiny|100\/100\n|switch|p1b: Archaludon|Archaludon, L50, M, shiny|100\/100\n|switch|p2a: Porygon2|Porygon2, L50, shiny|100\/100\n|switch|p2b: Tyranitar|Tyranitar, L50, F, shiny|100\/100\n|-weather|Sandstorm|[from] ability: Sand Stream|[of] p2b: Tyranitar\n|-ability|p2a: Porygon2|Download|boost\n|-boost|p2a: Porygon2|spa|1\n|turn|1\n|j| bjvgc1\n|\n|t:|1728880272\n|switch|p1a: Incineroar|Incineroar, L50, M|100\/100\n|-ability|p1a: Incineroar|Intimidate|boost\n|-unboost|p2a: Porygon2|atk|1\n|-unboost|p2b: Tyranitar|atk|1\n|move|p1b: Archaludon|Body Press|p2a: Porygon2\n|-supereffective|p2a: Porygon2\n|-damage|p2a: Porygon2|73\/100\n|move|p2b: Tyranitar|Knock Off|p1a: Incineroar\n|-resisted|p1a: Incineroar\n|-damage|p1a: Incineroar|84\/100\n|-enditem|p1a: Incineroar|Safety Goggles|[from] move: Knock Off|[of] p2b: Tyranitar\n|move|p2a: Porygon2|Trick Room|p2a: Porygon2\n|-fieldstart|move: Trick Room|[of] p2a: Porygon2\n|\n|-weather|Sandstorm|[upkeep]\n|-damage|p2a: Porygon2|67\/100|[from] Sandstorm\n|-damage|p1a: Incineroar|78\/100|[from] Sandstorm\n|upkeep\n|turn|2\n|\n|t:|1728880303\n|switch|p2b: Incineroar|Incineroar, L50, F|100\/100\n|-ability|p2b: Incineroar|Intimidate|boost\n|-unboost|p1a: Incineroar|atk|1\n|-unboost|p1b: Archaludon|atk|1\n|-terastallize|p2a: Porygon2|Fighting\n|move|p2a: Porygon2|Tera Blast|p1b: Archaludon|[anim] Tera Blast Fighting\n|-supereffective|p1b: Archaludon\n|-damage|p1b: Archaludon|30\/100\n|-ability|p1b: Archaludon|Stamina|boost\n|-boost|p1b: Archaludon|def|1\n|move|p1a: Incineroar|Parting Shot|p2a: Porygon2\n|-unboost|p2a: Porygon2|atk|1\n|-unboost|p2a: Porygon2|spa|1\n|\n|t:|1728880315\n|switch|p1a: Basculegion|Basculegion-F, L50, F, shiny|100\/100|[from] Parting Shot\n|move|p1b: Archaludon|Body Press|p2b: Incineroar\n|-supereffective|p2b: Incineroar\n|-damage|p2b: Incineroar|39\/100\n|\n|-weather|Sandstorm|[upkeep]\n|-damage|p2a: Porygon2|61\/100|[from] Sandstorm\n|-damage|p2b: Incineroar|33\/100|[from] Sandstorm\n|-damage|p1a: Basculegion|95\/100|[from] Sandstorm\n|upkeep\n|turn|3\n|\n|t:|1728880340\n|switch|p1b: Pelipper|Pelipper, L50, F|100\/100\n|-weather|RainDance|[from] ability: Drizzle|[of] p1b: Pelipper\n|-terastallize|p1a: Basculegion|Water\n|move|p2a: Porygon2|Tera Blast|p1b: Pelipper|[anim] Tera Blast Fighting\n|-resisted|p1b: Pelipper\n|-damage|p1b: Pelipper|79\/100\n|move|p2b: Incineroar|Parting Shot|p1a: Basculegion\n|-unboost|p1a: Basculegion|atk|1\n|-unboost|p1a: Basculegion|spa|1\n|\n|t:|1728880356\n|switch|p2b: Tyranitar|Tyranitar, L50, F, shiny|100\/100|[from] Parting Shot\n|-weather|Sandstorm|[from] ability: Sand Stream|[of] p2b: Tyranitar\n|move|p1a: Basculegion|Muddy Water|p2a: Porygon2|[spread] p2b\n|-miss|p1a: Basculegion|p2a: Porygon2\n|-supereffective|p2b: Tyranitar\n|-damage|p2b: Tyranitar|63\/100\n|\n|-weather|Sandstorm|[upkeep]\n|-damage|p2a: Porygon2|55\/100|[from] Sandstorm\n|-damage|p1b: Pelipper|73\/100|[from] Sandstorm\n|-damage|p1a: Basculegion|89\/100|[from] Sandstorm\n|upkeep\n|turn|4\n|\n|t:|1728880405\n|switch|p2a: Incineroar|Incineroar, L50, F|33\/100\n|-ability|p2a: Incineroar|Intimidate|boost\n|-unboost|p1a: Basculegion|atk|1\n|-unboost|p1b: Pelipper|atk|1\n|switch|p1a: Incineroar|Incineroar, L50, M|78\/100\n|-ability|p1a: Incineroar|Intimidate|boost\n|-unboost|p2a: Incineroar|atk|1\n|-unboost|p2b: Tyranitar|atk|1\n|move|p2b: Tyranitar|Knock Off|p1b: Pelipper\n|-damage|p1b: Pelipper|33\/100\n|-enditem|p1b: Pelipper|Covert Cloak|[from] move: Knock Off|[of] p2b: Tyranitar\n|move|p1b: Pelipper|Hurricane|p2a: Incineroar\n|-damage|p2a: Incineroar|0 fnt\n|faint|p2a: Incineroar\n|\n|-weather|Sandstorm|[upkeep]\n|-damage|p1a: Incineroar|72\/100|[from] Sandstorm\n|-damage|p1b: Pelipper|27\/100|[from] Sandstorm\n|upkeep\n|\n|t:|1728880426\n|switch|p2a: Porygon2|Porygon2, L50, shiny, tera:Fighting|55\/100\n|-ability|p2a: Porygon2|Download|boost\n|-boost|p2a: Porygon2|spa|1\n|turn|5\n|\n|t:|1728880466\n|switch|p2b: Gholdengo|Gholdengo, L50, shiny|100\/100\n|switch|p1b: Archaludon|Archaludon, L50, M, shiny|30\/100\n|move|p1a: Incineroar|Fake Out|p2a: Porygon2\n|-damage|p2a: Porygon2|48\/100\n|cant|p2a: Porygon2|flinch\n|\n|-weather|Sandstorm|[upkeep]\n|-damage|p2a: Porygon2|42\/100|[from] Sandstorm\n|-damage|p1a: Incineroar|66\/100|[from] Sandstorm\n|-fieldend|move: Trick Room\n|upkeep\n|turn|6\n|\n|t:|1728880522\n|switch|p2a: Tyranitar|Tyranitar, L50, F, shiny|63\/100\n|move|p2b: Gholdengo|Nasty Plot|p2b: Gholdengo\n|-boost|p2b: Gholdengo|spa|2\n|move|p1b: Archaludon|Draco Meteor|p2a: Tyranitar\n|-damage|p2a: Tyranitar|39\/100\n|-unboost|p1b: Archaludon|spa|2\n|move|p1a: Incineroar|Parting Shot|p2a: Tyranitar\n|-unboost|p2a: Tyranitar|atk|1\n|-unboost|p2a: Tyranitar|spa|1\n|\n|t:|1728880532\n|switch|p1a: Basculegion|Basculegion-F, L50, F, shiny, tera:Water|89\/100|[from] Parting Shot\n|\n|-weather|Sandstorm|[upkeep]\n|-damage|p1a: Basculegion|83\/100|[from] Sandstorm\n|upkeep\n|turn|7\n|inactive|Battle timer is ON: inactive players will automatically lose when time's up. (requested by Yastgutdwiiys)\n|\n|t:|1728880579\n|switch|p1b: Pelipper|Pelipper, L50, F|27\/100\n|-weather|RainDance|[from] ability: Drizzle|[of] p1b: Pelipper\n|switch|p2a: Porygon2|Porygon2, L50, shiny, tera:Fighting|42\/100\n|-ability|p2a: Porygon2|Download|boost\n|-boost|p2a: Porygon2|spa|1\n|move|p1a: Basculegion|Muddy Water|p2a: Porygon2|[spread] p2a,p2b\n|-damage|p2a: Porygon2|0 fnt\n|-damage|p2b: Gholdengo|7\/100\n|faint|p2a: Porygon2\n|move|p2b: Gholdengo|Shadow Ball|p1a: Basculegion\n|-damage|p1a: Basculegion|1\/100\n|-unboost|p1a: Basculegion|spd|1\n|\n|-weather|RainDance|[upkeep]\n|-heal|p2b: Gholdengo|13\/100|[from] item: Leftovers\n|upkeep\n|\n|t:|1728880595\n|switch|p2a: Tyranitar|Tyranitar, L50, F, shiny|39\/100\n|-weather|Sandstorm|[from] ability: Sand Stream|[of] p2a: Tyranitar\n|turn|8\n|\n|t:|1728880604\n|move|p2b: Gholdengo|Protect|p2b: Gholdengo\n|-singleturn|p2b: Gholdengo|Protect\n|move|p1a: Basculegion|Muddy Water|p2a: Tyranitar|[spread] p2a\n|-activate|p2b: Gholdengo|move: Protect\n|-supereffective|p2a: Tyranitar\n|-damage|p2a: Tyranitar|0 fnt\n|faint|p2a: Tyranitar\n|move|p1b: Pelipper|Tailwind|p1b: Pelipper\n|-sidestart|p1: Yastgutdwiiys|move: Tailwind\n|\n|-weather|Sandstorm|[upkeep]\n|-damage|p1a: Basculegion|0 fnt|[from] Sandstorm\n|-damage|p1b: Pelipper|21\/100|[from] Sandstorm\n|faint|p1a: Basculegion\n|-heal|p2b: Gholdengo|20\/100|[from] item: Leftovers\n|upkeep\n|\n|t:|1728880610\n|switch|p1a: Incineroar|Incineroar, L50, M|66\/100\n|-ability|p1a: Incineroar|Intimidate|boost\n|-unboost|p2b: Gholdengo|atk|1\n|turn|9\n|\n|t:|1728880623\n|move|p2b: Gholdengo|Protect|p2b: Gholdengo\n|-singleturn|p2b: Gholdengo|Protect\n|move|p1b: Pelipper|Weather Ball|p2b: Gholdengo\n|-activate|p2b: Gholdengo|move: Protect\n|move|p1a: Incineroar|Knock Off|p2b: Gholdengo\n|-activate|p2b: Gholdengo|move: Protect\n|\n|-weather|Sandstorm|[upkeep]\n|-damage|p1b: Pelipper|15\/100|[from] Sandstorm\n|-damage|p1a: Incineroar|60\/100|[from] Sandstorm\n|-heal|p2b: Gholdengo|26\/100|[from] item: Leftovers\n|upkeep\n|turn|10\n|\n|t:|1728880629\n|move|p1b: Pelipper|Weather Ball|p2b: Gholdengo\n|-resisted|p2b: Gholdengo\n|-damage|p2b: Gholdengo|12\/100\n|move|p1a: Incineroar|Knock Off|p2b: Gholdengo\n|-supereffective|p2b: Gholdengo\n|-damage|p2b: Gholdengo|0 fnt\n|-enditem|p2b: Gholdengo|Leftovers|[from] move: Knock Off|[of] p1a: Incineroar\n|faint|p2b: Gholdengo\n|\n|win|Yastgutdwiiys\n|raw|Yastgutdwiiys's rating: 1691 &rarr; <strong>1711<\/strong><br \/>(+20 for winning)\n|raw|lhr801114's rating: 1692 &rarr; <strong>1672<\/strong><br \/>(-20 for losing)\n|l|\u2606Yastgutdwiiys\n|player|p1|\n|l|\u2606lhr801114\n|player|p2|\n|l| bjvgc1\n","uploadtime":1728880637,"views":19,"formatid":"gen9vgc2024regh","rating":1672,"private":0,"password":null}