{"id":"gen9vgc2024regh-2222983072","format":"[Gen 9] VGC 2024 Reg H","players":["dayron91","Hikawari"],"log":"|j|\u2606dayron91\n|j|\u2606Hikawari\n|t:|1728941976\n|gametype|doubles\n|player|p1|dayron91|dragontamer|1699\n|player|p2|Hikawari|170|1786\n|teamsize|p1|6\n|teamsize|p2|6\n|gen|9\n|tier|[Gen 9] VGC 2024 Reg H\n|rated|\n|rule|Species Clause: Limit one of each Pok\u00e9mon\n|rule|Item Clause: Limit 1 of each item\n|clearpoke\n|poke|p1|Archaludon, L50, F|\n|poke|p1|Whimsicott, L50, F|\n|poke|p1|Incineroar, L50, M|\n|poke|p1|Electrode-Hisui, L50|\n|poke|p1|Annihilape, L50, M|\n|poke|p1|Basculegion, L50, M|\n|poke|p2|Sneasler, L50, F|\n|poke|p2|Murkrow, L50, M|\n|poke|p2|Gholdengo, L50|\n|poke|p2|Indeedee, L50, M|\n|poke|p2|Annihilape, L50, F|\n|poke|p2|Sinistcha, L50|\n|teampreview|4\n|inactive|Battle timer is ON: inactive players will automatically lose when time's up. (requested by Hikawari)\nHikawari has agreed to open team sheets.\n|inactive|dayron91 has 60 seconds left.\n|\n|t:|1728942019\n|start\n|switch|p1a: Whimsicott|Whimsicott, L50, F|100\/100\n|switch|p1b: Annihilape|Annihilape, L50, M|100\/100\n|switch|p2a: Lore|Sneasler, L50, F, shiny|100\/100\n|switch|p2b: Mawui|Annihilape, L50, F, shiny|100\/100\n|turn|1\n|\n|t:|1728942039\n|-terastallize|p1a: Whimsicott|Ghost\n|move|p2a: Lore|Dire Claw|p1a: Whimsicott\n|-resisted|p1a: Whimsicott\n|-crit|p1a: Whimsicott\n|-damage|p1a: Whimsicott|46\/100\n|-damage|p2a: Lore|91\/100|[from] item: Life Orb\n|move|p1a: Whimsicott|Beat Up|p1b: Annihilape\n|-damage|p1b: Annihilape|99\/100\n|-damage|p1b: Annihilape|97\/100\n|-damage|p1b: Annihilape|94\/100\n|-damage|p1b: Annihilape|92\/100\n|-hitcount|p1b: Annihilape|4\n|move|p1b: Annihilape|Rage Fist|p2b: Mawui\n|-supereffective|p2b: Mawui\n|-damage|p2b: Mawui|0 fnt\n|faint|p2b: Mawui\n|\n|upkeep\n|\n|t:|1728942050\n|switch|p2b: Cup tea|Sinistcha, L50, shiny|100\/100\n|-heal|p2a: Lore|100\/100|[from] ability: Hospitality|[of] p2b: Cup tea\n|turn|2\n|inactive|dayron91 has 30 seconds left.\n|\n|t:|1728942077\n|switch|p1a: Incineroar|Incineroar, L50, M|100\/100\n|-ability|p1a: Incineroar|Intimidate|boost\n|-unboost|p2a: Lore|atk|1\n|-unboost|p2b: Cup tea|atk|1\n|move|p2b: Cup tea|Protect|p2b: Cup tea\n|-singleturn|p2b: Cup tea|Protect\n|move|p2a: Lore|Dire Claw|p1b: Annihilape\n|-resisted|p1b: Annihilape\n|-damage|p1b: Annihilape|75\/100\n|-damage|p2a: Lore|91\/100|[from] item: Life Orb\n|move|p1b: Annihilape|Rage Fist|p2b: Cup tea\n|-activate|p2b: Cup tea|move: Protect\n|\n|upkeep\n|turn|3\n|inactive|Hikawari has 30 seconds left.\n|\n|t:|1728942102\n|switch|p2a: Juros Composto|Gholdengo, L50|100\/100\n|move|p1a: Incineroar|Fake Out|p2a: Juros Composto\n|-immune|p2a: Juros Composto\n|move|p1b: Annihilape|Rage Fist|p2b: Cup tea\n|-supereffective|p2b: Cup tea\n|-damage|p2b: Cup tea|0 fnt\n|-damage|p1b: Annihilape|59\/100|[from] item: Rocky Helmet|[of] p2b: Cup tea\n|faint|p2b: Cup tea\n|\n|upkeep\n|\n|t:|1728942109\n|switch|p2b: Lore|Sneasler, L50, F, shiny|91\/100\n|turn|4\n|\n|t:|1728942123\n|switch|p1a: Whimsicott|Whimsicott, L50, F, tera:Ghost|46\/100\n|move|p2b: Lore|Dire Claw|p1a: Whimsicott\n|-resisted|p1a: Whimsicott\n|-damage|p1a: Whimsicott|11\/100\n|-damage|p2b: Lore|81\/100|[from] item: Life Orb\n|move|p1b: Annihilape|Rage Fist|p2a: Juros Composto\n|-supereffective|p2a: Juros Composto\n|-damage|p2a: Juros Composto|0 fnt\n|faint|p2a: Juros Composto\n|\n|upkeep\n|turn|5\n|-message|Hikawari forfeited.\n|\n|win|dayron91\n|raw|dayron91's rating: 1699 &rarr; <strong>1724<\/strong><br \/>(+25 for winning)\n|raw|Hikawari's rating: 1786 &rarr; <strong>1761<\/strong><br \/>(-25 for losing)\n|l|\u2606Hikawari\n|player|p2|\n|l|\u2606dayron91\n|player|p1|\n|j|\u2606dayron91\n|player|p1|dayron91|dragontamer|\n|l|\u2606dayron91\n|player|p1|\n","uploadtime":1728942143,"views":25,"formatid":"gen9vgc2024regh","rating":1724,"private":0,"password":null}