{"id":"gen9vgc2024regh-2222067746","format":"[Gen 9] VGC 2024 Reg H","players":["d3c1b3l","Kronicler"],"log":"|j|\u2606d3c1b3l\n|j|\u2606Kronicler\n|t:|1728833744\n|gametype|doubles\n|player|p1|d3c1b3l|2|1672\n|player|p2|Kronicler|yellow|1752\n|teamsize|p1|6\n|teamsize|p2|6\n|gen|9\n|tier|[Gen 9] VGC 2024 Reg H\n|rated|\n|rule|Species Clause: Limit one of each Pok\u00e9mon\n|rule|Item Clause: Limit 1 of each item\n|clearpoke\n|poke|p1|Metagross, L50|\n|poke|p1|Sneasler, L50, F|\n|poke|p1|Garchomp, L50, F|\n|poke|p1|Ribombee, L50, F|\n|poke|p1|Dragonite, L50, M|\n|poke|p1|Typhlosion-Hisui, L50, M|\n|poke|p2|Gengar, L50, F|\n|poke|p2|Volcarona, L50, M|\n|poke|p2|Amoonguss, L50, F|\n|poke|p2|Bisharp, L50, M|\n|poke|p2|Primarina, L50, M|\n|poke|p2|Gothitelle, L50, F|\n|teampreview|4\nKronicler rejected open team sheets.\n|inactive|Battle timer is ON: inactive players will automatically lose when time's up. (requested by Kronicler)\n|inactive|d3c1b3l has 60 seconds left.\n|\n|t:|1728833802\n|start\n|switch|p1a: Ribombee|Ribombee, L50, F|100\/100\n|switch|p1b: Dragonite|Dragonite, L50, M|100\/100\n|switch|p2a: Volcarona|Volcarona, L50, M|100\/100\n|switch|p2b: Gengar|Gengar, L50, F|100\/100\n|turn|1\n|\n|t:|1728833814\n|switch|p2b: Primarina|Primarina, L50, M|100\/100\n|move|p1a: Ribombee|Tailwind|p1a: Ribombee\n|-sidestart|p1: d3c1b3l|move: Tailwind\n|move|p1b: Dragonite|Scale Shot|p2b: Primarina\n|-immune|p2b: Primarina\n|move|p2a: Volcarona|Heat Wave|p1b: Dragonite|[spread] p1a,p1b\n|-supereffective|p1a: Ribombee\n|-resisted|p1b: Dragonite\n|-damage|p1a: Ribombee|0 fnt\n|-damage|p1b: Dragonite|77\/100\n|faint|p1a: Ribombee\n|-damage|p2a: Volcarona|91\/100|[from] item: Life Orb\n|\n|upkeep\n|\n|t:|1728833826\n|switch|p1a: Garchomp|Garchomp, L50, F|100\/100\n|turn|2\n|\n|t:|1728833844\n|switch|p2a: Bisharp|Bisharp, L50, M|100\/100\n|-terastallize|p1a: Garchomp|Ground\n|move|p1a: Garchomp|Earthquake|p2a: Bisharp|[spread] p2a,p2b\n|-immune|p1b: Dragonite\n|-supereffective|p2a: Bisharp\n|-damage|p2a: Bisharp|0 fnt\n|-damage|p2b: Primarina|22\/100\n|-enditem|p2b: Primarina|Wiki Berry|[eat]\n|-heal|p2b: Primarina|56\/100|[from] item: Wiki Berry\n|faint|p2a: Bisharp\n|-damage|p1a: Garchomp|91\/100|[from] item: Life Orb\n|move|p1b: Dragonite|Aerial Ace|p2b: Primarina\n|-damage|p2b: Primarina|19\/100\n|move|p2b: Primarina|Moonblast|p1b: Dragonite\n|-supereffective|p1b: Dragonite\n|-damage|p1b: Dragonite|0 fnt\n|faint|p1b: Dragonite\n|\n|upkeep\n|\n|t:|1728833865\n|switch|p1b: Sneasler|Sneasler, L50, F|100\/100\n|switch|p2a: Volcarona|Volcarona, L50, M|91\/100\n|turn|3\n|\n|t:|1728833888\n|move|p2a: Volcarona|Protect|p2a: Volcarona\n|-singleturn|p2a: Volcarona|Protect\n|move|p2b: Primarina|Protect|p2b: Primarina\n|-singleturn|p2b: Primarina|Protect\n|move|p1b: Sneasler|Coaching|p1a: Garchomp\n|-boost|p1a: Garchomp|atk|1\n|-boost|p1a: Garchomp|def|1\n|move|p1a: Garchomp|Earthquake|p2a: Volcarona|[spread] p1b\n|-activate|p2a: Volcarona|move: Protect\n|-activate|p2b: Primarina|move: Protect\n|-supereffective|p1b: Sneasler\n|-enditem|p1b: Sneasler|Focus Sash\n|-damage|p1b: Sneasler|1\/100\n|-damage|p1a: Garchomp|81\/100|[from] item: Life Orb\n|\n|upkeep\n|turn|4\n|\n|t:|1728833901\n|move|p2a: Volcarona|Protect||[still]\n|-fail|p2a: Volcarona\n|move|p2b: Primarina|Protect||[still]\n|-fail|p2b: Primarina\n|move|p1b: Sneasler|Dire Claw|p2b: Primarina\n|-supereffective|p2b: Primarina\n|-damage|p2b: Primarina|0 fnt\n|faint|p2b: Primarina\n|move|p1a: Garchomp|Stomping Tantrum|p2a: Volcarona\n|-damage|p2a: Volcarona|0 fnt\n|faint|p2a: Volcarona\n|-damage|p1a: Garchomp|71\/100|[from] item: Life Orb\n|\n|-sideend|p1: d3c1b3l|move: Tailwind\n|upkeep\n|\n|t:|1728833908\n|switch|p2b: Gengar|Gengar, L50, F|100\/100\n|turn|5\n|\n|t:|1728833922\n|move|p1b: Sneasler|Dire Claw|p2b: Gengar\n|-resisted|p2b: Gengar\n|-damage|p2b: Gengar|79\/100\n|move|p2b: Gengar|Icy Wind|p1a: Garchomp|[spread] p1a,p1b\n|-supereffective|p1a: Garchomp\n|-damage|p1a: Garchomp|37\/100\n|-damage|p1b: Sneasler|0 fnt\n|-unboost|p1a: Garchomp|spe|1\n|faint|p1b: Sneasler\n|move|p1a: Garchomp|Stomping Tantrum|p2b: Gengar\n|-supereffective|p2b: Gengar\n|-damage|p2b: Gengar|0 fnt\n|faint|p2b: Gengar\n|-damage|p1a: Garchomp|28\/100|[from] item: Life Orb\n|\n|win|d3c1b3l\n|raw|d3c1b3l's rating: 1672 &rarr; <strong>1697<\/strong><br \/>(+25 for winning)\n|raw|Kronicler's rating: 1752 &rarr; <strong>1727<\/strong><br \/>(-25 for losing)\n|l|\u2606Kronicler\n|player|p2|\n|l|\u2606d3c1b3l\n|player|p1|\n","uploadtime":1728834114,"views":26,"formatid":"gen9vgc2024regh","rating":1697,"private":0,"password":null}