{"id":"gen9vgc2024regh-2222363303","format":"[Gen 9] VGC 2024 Reg H","players":["urmomtest","roykeenkennedy"],"log":"|j|\u203durmomtest\n|j|\u2606roykeenkennedy\n|t:|1728867480\n|gametype|doubles\n|player|p1|urmomtest|riley|1683\n|player|p2|roykeenkennedy|alder|1776\n|teamsize|p1|6\n|teamsize|p2|6\n|gen|9\n|tier|[Gen 9] VGC 2024 Reg H\n|rated|\n|rule|Species Clause: Limit one of each Pok\u00e9mon\n|rule|Item Clause: Limit 1 of each item\n|clearpoke\n|poke|p1|Salamence, L50, F|\n|poke|p1|Garchomp, L50, M|\n|poke|p1|Amoonguss, L50, M|\n|poke|p1|Gholdengo, L50|\n|poke|p1|Kilowattrel, L50, F|\n|poke|p1|Tyranitar, L50, F|\n|poke|p2|Salamence, L50, F|\n|poke|p2|Incineroar, L50, F|\n|poke|p2|Weezing, L50, M|\n|poke|p2|Dragapult, L50, F|\n|poke|p2|Ursaluna-Bloodmoon, L50, M|\n|poke|p2|Volcarona, L50, F|\n|teampreview|4\n|\n|t:|1728867520\n|start\n|switch|p1a: Salamence|Salamence, L50, F|100\/100\n|switch|p1b: Kilowattrel|Kilowattrel, L50, F|100\/100\n|switch|p2a: Salamence|Salamence, L50, F|100\/100\n|switch|p2b: Dragapult|Dragapult, L50, F|100\/100\n|-ability|p1a: Salamence|Intimidate|boost\n|-unboost|p2a: Salamence|atk|1\n|-fail|p2b: Dragapult|unboost|[from] ability: Clear Body|[of] p2b: Dragapult\n|turn|1\n|\n|t:|1728867535\n|-terastallize|p2a: Salamence|Steel\n|move|p2a: Salamence|Rock Slide|p1b: Kilowattrel|[spread] p1a,p1b\n|-supereffective|p1a: Salamence\n|-supereffective|p1b: Kilowattrel\n|-damage|p1a: Salamence|65\/100\n|-damage|p1b: Kilowattrel|49\/100\n|move|p1a: Salamence|Draco Meteor|p2b: Dragapult\n|-supereffective|p2b: Dragapult\n|-crit|p2b: Dragapult\n|-damage|p2b: Dragapult|0 fnt\n|-unboost|p1a: Salamence|spa|2\n|faint|p2b: Dragapult\n|move|p1b: Kilowattrel|Tailwind|p1b: Kilowattrel\n|-sidestart|p1: urmomtest|move: Tailwind\n|\n|upkeep\n|\n|t:|1728867553\n|switch|p2b: Ursaluna|Ursaluna-Bloodmoon, L50, M|100\/100\n|turn|2\n|\n|t:|1728867561\n|move|p1a: Salamence|Draco Meteor|p2b: Ursaluna\n|-damage|p2b: Ursaluna|75\/100\n|-unboost|p1a: Salamence|spa|2\n|move|p1b: Kilowattrel|Air Slash|p2b: Ursaluna\n|-damage|p2b: Ursaluna|51\/100\n|move|p2a: Salamence|Rock Slide|p1a: Salamence|[spread] p1a,p1b\n|-supereffective|p1a: Salamence\n|-supereffective|p1b: Kilowattrel\n|-damage|p1a: Salamence|29\/100\n|-damage|p1b: Kilowattrel|0 fnt\n|faint|p1b: Kilowattrel\n|-ability|p2a: Salamence|Moxie|boost\n|-boost|p2a: Salamence|atk|1\n|move|p2b: Ursaluna|Earth Power|p1a: Salamence\n|-immune|p1a: Salamence\n|\n|upkeep\n|\n|t:|1728867574\n|switch|p1b: Garchomp|Garchomp, L50, M|100\/100\n|turn|3\n|\n|t:|1728867584\n|switch|p2a: Incineroar|Incineroar, L50, F|100\/100\n|-ability|p2a: Incineroar|Intimidate|boost\n|-unboost|p1a: Salamence|atk|1\n|-unboost|p1b: Garchomp|atk|1\n|-terastallize|p1b: Garchomp|Ground\n|move|p1a: Salamence|Draco Meteor|p2b: Ursaluna\n|-damage|p2b: Ursaluna|33\/100\n|-unboost|p1a: Salamence|spa|2\n|move|p1b: Garchomp|Earthquake|p2a: Incineroar|[spread] p2a,p2b\n|-immune|p1a: Salamence\n|-supereffective|p2a: Incineroar\n|-damage|p2a: Incineroar|12\/100\n|-damage|p2b: Ursaluna|0 fnt\n|faint|p2b: Ursaluna\n|-damage|p1b: Garchomp|91\/100|[from] item: Life Orb\n|\n|upkeep\n|\n|t:|1728867601\n|switch|p2b: Salamence|Salamence, L50, F, tera:Steel|100\/100\n|turn|4\n|\n|t:|1728867607\n|switch|p1a: Gholdengo|Gholdengo, L50|100\/100\n|move|p1b: Garchomp|Protect|p1b: Garchomp\n|-singleturn|p1b: Garchomp|Protect\n|move|p2a: Incineroar|Fake Out|p1b: Garchomp\n|-activate|p1b: Garchomp|move: Protect\n|move|p2b: Salamence|Breaking Swipe|p1b: Garchomp|[spread] p1a\n|-activate|p1b: Garchomp|move: Protect\n|-resisted|p1a: Gholdengo\n|-damage|p1a: Gholdengo|89\/100\n|-unboost|p1a: Gholdengo|atk|1\n|\n|-heal|p1a: Gholdengo|95\/100|[from] item: Leftovers\n|-sideend|p1: urmomtest|move: Tailwind\n|upkeep\n|turn|5\n|-message|roykeenkennedy forfeited.\n|\n|win|urmomtest\n|raw|urmomtest's rating: 1683 &rarr; <strong>1708<\/strong><br \/>(+25 for winning)\n|raw|roykeenkennedy's rating: 1776 &rarr; <strong>1751<\/strong><br \/>(-25 for losing)\n|l|\u2606roykeenkennedy\n|player|p2|\n|j| RNG Mad\n","uploadtime":1728867815,"views":11,"formatid":"gen9vgc2024regh","rating":1708,"private":0,"password":null}