{"id":"gen9vgc2024regh-2222333268","format":"[Gen 9] VGC 2024 Reg H","players":["chiitancrazymascot","SOLOLUMINEONING"],"log":"|j|\u2606chiitancrazymascot\n|j|\u2606SOLOLUMINEONING\n|t:|1728863791\n|gametype|doubles\n|player|p1|chiitancrazymascot|pokemaniac|1729\n|player|p2|SOLOLUMINEONING|magmasuit|1796\n|teamsize|p1|6\n|teamsize|p2|6\n|gen|9\n|tier|[Gen 9] VGC 2024 Reg H\n|rated|\n|rule|Species Clause: Limit one of each Pok\u00e9mon\n|rule|Item Clause: Limit 1 of each item\n|clearpoke\n|poke|p1|Annihilape, L50, F|\n|poke|p1|Dondozo, L50, M|\n|poke|p1|Maushold-Four, L50|\n|poke|p1|Whimsicott, L50, M|\n|poke|p1|Tatsugiri, L50, M|\n|poke|p1|Kingambit, L50, F|\n|poke|p2|Sneasler, L50, M|\n|poke|p2|Indeedee, L50, M|\n|poke|p2|Murkrow, L50, M|\n|poke|p2|Dragapult, L50, F|\n|poke|p2|Decidueye-Hisui, L50, F|\n|poke|p2|Typhlosion-Hisui, L50, F|\n|teampreview|4\n|inactive|Battle timer is ON: inactive players will automatically lose when time's up. (requested by SOLOLUMINEONING)\n|inactive|chiitancrazymascot also wants the timer to be on.\n|inactive|chiitancrazymascot has 60 seconds left.\n|inactive|SOLOLUMINEONING has 60 seconds left.\n|inactive|SOLOLUMINEONING has 30 seconds left.\n|\n|t:|1728863856\n|start\n|switch|p1a: Maushold|Maushold-Four, L50|100\/100\n|switch|p1b: Annihilape|Annihilape, L50, F, shiny|100\/100\n|switch|p2a: Paul Allen|Sneasler, L50, M, shiny|100\/100\n|switch|p2b: Patrick Bateman|Indeedee, L50, M, shiny|100\/100\n|-fieldstart|move: Psychic Terrain|[from] ability: Psychic Surge|[of] p2b: Patrick Bateman\n|-enditem|p2a: Paul Allen|Psychic Seed\n|-boost|p2a: Paul Allen|spd|1|[from] item: Psychic Seed\n|turn|1\n|\n|t:|1728863867\n|-terastallize|p1b: Annihilape|Fire\n|move|p2a: Paul Allen|Dire Claw|p1b: Annihilape\n|-damage|p1b: Annihilape|64\/100\n|-status|p1b: Annihilape|par\n|move|p1a: Maushold|Beat Up|p1b: Annihilape\n|-damage|p1b: Annihilape|62\/100 par\n|-damage|p1b: Annihilape|60\/100 par\n|-damage|p1b: Annihilape|57\/100 par\n|-hitcount|p1b: Annihilape|3\n|move|p2b: Patrick Bateman|Expanding Force|p1b: Annihilape|[spread] p1a,p1b\n|-damage|p1a: Maushold|35\/100\n|-damage|p1b: Annihilape|26\/100 par\n|-enditem|p1b: Annihilape|Sitrus Berry|[eat]\n|-heal|p1b: Annihilape|51\/100 par|[from] item: Sitrus Berry\n|move|p1b: Annihilape|Rage Fist|p2a: Paul Allen\n|-damage|p2a: Paul Allen|0 fnt\n|faint|p2a: Paul Allen\n|\n|upkeep\n|\n|t:|1728863886\n|switch|p2a: Luis Carruthers|Murkrow, L50, M, shiny|100\/100\n|turn|2\n|\n|t:|1728863909\n|move|p1a: Maushold|Beat Up|p2b: Patrick Bateman\n|-supereffective|p2b: Patrick Bateman\n|-damage|p2b: Patrick Bateman|90\/100\n|-supereffective|p2b: Patrick Bateman\n|-damage|p2b: Patrick Bateman|80\/100\n|-supereffective|p2b: Patrick Bateman\n|-damage|p2b: Patrick Bateman|63\/100\n|-hitcount|p2b: Patrick Bateman|3\n|move|p2b: Patrick Bateman|Expanding Force|p1a: Maushold|[spread] p1a,p1b\n|-damage|p1a: Maushold|0 fnt\n|-damage|p1b: Annihilape|19\/100 par\n|faint|p1a: Maushold\n|move|p2a: Luis Carruthers|Foul Play|p1b: Annihilape\n|-damage|p1b: Annihilape|0 fnt\n|faint|p1b: Annihilape\n|\n|upkeep\n|\n|t:|1728863917\n|switch|p1a: Whimsicott|Whimsicott, L50, M, shiny|100\/100\n|switch|p1b: Kingambit|Kingambit, L50, F, shiny|100\/100\n|turn|3\n|\n|t:|1728863941\n|move|p1a: Whimsicott|Misty Terrain|p1a: Whimsicott\n|-fieldstart|move: Misty Terrain\n|move|p1b: Kingambit|Sucker Punch|p2b: Patrick Bateman\n|-supereffective|p2b: Patrick Bateman\n|-damage|p2b: Patrick Bateman|0 fnt\n|faint|p2b: Patrick Bateman\n|move|p2a: Luis Carruthers|Foul Play|p1a: Whimsicott\n|-resisted|p1a: Whimsicott\n|-damage|p1a: Whimsicott|89\/100\n|\n|upkeep\n|\n|t:|1728863944\n|switch|p2b: Timothy Bryce|Decidueye-Hisui, L50, F|100\/100\n|turn|4\n|\n|t:|1728863964\n|-terastallize|p2b: Timothy Bryce|Water\n|move|p1a: Whimsicott|Tailwind|p1a: Whimsicott\n|-sidestart|p1: chiitancrazymascot|move: Tailwind\n|move|p1b: Kingambit|Iron Head|p2b: Timothy Bryce\n|-resisted|p2b: Timothy Bryce\n|-damage|p2b: Timothy Bryce|71\/100\n|move|p2b: Timothy Bryce|Triple Arrows|p1b: Kingambit\n|-supereffective|p1b: Kingambit\n|-damage|p1b: Kingambit|0 fnt\n|faint|p1b: Kingambit\n|move|p2a: Luis Carruthers|Foul Play|p1a: Whimsicott\n|-resisted|p1a: Whimsicott\n|-damage|p1a: Whimsicott|78\/100\n|\n|upkeep\n|turn|5\n|\n|t:|1728863979\n|move|p1a: Whimsicott|Moonblast|p2a: Luis Carruthers\n|-supereffective|p2a: Luis Carruthers\n|-damage|p2a: Luis Carruthers|45\/100\n|-unboost|p2a: Luis Carruthers|spa|1\n|move|p2b: Timothy Bryce|Triple Arrows|p1a: Whimsicott\n|-resisted|p1a: Whimsicott\n|-crit|p1a: Whimsicott\n|-damage|p1a: Whimsicott|36\/100\n|move|p2a: Luis Carruthers|Foul Play|p1a: Whimsicott\n|-resisted|p1a: Whimsicott\n|-damage|p1a: Whimsicott|24\/100\n|\n|upkeep\n|turn|6\n|\n|t:|1728863986\n|move|p1a: Whimsicott|Moonblast|p2a: Luis Carruthers\n|-supereffective|p2a: Luis Carruthers\n|-damage|p2a: Luis Carruthers|0 fnt\n|faint|p2a: Luis Carruthers\n|move|p2b: Timothy Bryce|Triple Arrows|p1a: Whimsicott\n|-resisted|p1a: Whimsicott\n|-crit|p1a: Whimsicott\n|-damage|p1a: Whimsicott|0 fnt\n|faint|p1a: Whimsicott\n|\n|win|SOLOLUMINEONING\n|raw|chiitancrazymascot's rating: 1729 &rarr; <strong>1713<\/strong><br \/>(-16 for losing)\n|raw|SOLOLUMINEONING's rating: 1796 &rarr; <strong>1812<\/strong><br \/>(+16 for winning)\n","uploadtime":1728863988,"views":38,"formatid":"gen9vgc2024regh","rating":1713,"private":0,"password":null}