{"id":"gen9vgc2024regh-2222943075","format":"[Gen 9] VGC 2024 Reg H","players":["dayron91","Shikanoko32"],"log":"|j|\u2606dayron91\n|j|\u2606Shikanoko32\n|t:|1728938081\n|gametype|doubles\n|player|p1|dayron91|dragontamer|1691\n|player|p2|Shikanoko32|266|1691\n|teamsize|p1|6\n|teamsize|p2|6\n|gen|9\n|tier|[Gen 9] VGC 2024 Reg H\n|rated|\n|rule|Species Clause: Limit one of each Pok\u00e9mon\n|rule|Item Clause: Limit 1 of each item\n|clearpoke\n|poke|p1|Archaludon, L50, F|\n|poke|p1|Whimsicott, L50, F|\n|poke|p1|Incineroar, L50, F|\n|poke|p1|Electrode-Hisui, L50|\n|poke|p1|Annihilape, L50, F|\n|poke|p1|Basculegion, L50, M|\n|poke|p2|Incineroar, L50, M|\n|poke|p2|Rillaboom, L50, F|\n|poke|p2|Ninetales-Alola, L50, M|\n|poke|p2|Frosmoth, L50, M|\n|poke|p2|Maushold-Four, L50|\n|poke|p2|Annihilape, L50, F|\n|teampreview|4\n|j| francreas\n|j| Furreto testo\n|\n|t:|1728938108\n|start\n|switch|p1a: Whimsicott|Whimsicott, L50, F|100\/100\n|switch|p1b: Annihilape|Annihilape, L50, F|100\/100\n|switch|p2a: Maushold|Maushold-Four, L50|100\/100\n|switch|p2b: Annihilape|Annihilape, L50, F|100\/100\n|turn|1\n|j| Deli(NotReal)\n|\n|t:|1728938140\n|move|p2a: Maushold|Follow Me|p2a: Maushold\n|-singleturn|p2a: Maushold|move: Follow Me\n|move|p1a: Whimsicott|Moonblast|p2a: Maushold\n|-damage|p2a: Maushold|57\/100\n|move|p1b: Annihilape|Close Combat|p2a: Maushold\n|-supereffective|p2a: Maushold\n|-damage|p2a: Maushold|0 fnt\n|-unboost|p1b: Annihilape|def|1\n|-unboost|p1b: Annihilape|spd|1\n|-damage|p1b: Annihilape|84\/100|[from] item: Rocky Helmet|[of] p2a: Maushold\n|faint|p2a: Maushold\n|move|p2b: Annihilape|Bulk Up|p2b: Annihilape\n|-boost|p2b: Annihilape|atk|1\n|-boost|p2b: Annihilape|def|1\n|\n|upkeep\n|\n|t:|1728938155\n|switch|p2a: Ninetales|Ninetales-Alola, L50, M|100\/100\n|-weather|Snow|[from] ability: Snow Warning|[of] p2a: Ninetales\n|turn|2\n|\n|t:|1728938166\n|move|p1a: Whimsicott|Encore|p2b: Annihilape\n|-start|p2b: Annihilape|Encore\n|move|p1b: Annihilape|Close Combat|p2a: Ninetales\n|-damage|p2a: Ninetales|51\/100\n|-unboost|p1b: Annihilape|def|1\n|-unboost|p1b: Annihilape|spd|1\n|move|p2a: Ninetales|Moonblast|p1b: Annihilape\n|-supereffective|p1b: Annihilape\n|-damage|p1b: Annihilape|0 fnt\n|faint|p1b: Annihilape\n|move|p2b: Annihilape|Bulk Up|p2b: Annihilape\n|-boost|p2b: Annihilape|atk|1\n|-boost|p2b: Annihilape|def|1\n|\n|-weather|Snow|[upkeep]\n|upkeep\n|j| TrubbishTyler\n|j| Ultimate_Eclipsee\n|\n|t:|1728938184\n|switch|p1b: Archaludon|Archaludon, L50, F|100\/100\n|turn|3\n|\n|t:|1728938197\n|-terastallize|p2a: Ninetales|Fire\n|move|p1a: Whimsicott|Beat Up|p1b: Archaludon\n|-damage|p1b: Archaludon|99\/100\n|-ability|p1b: Archaludon|Stamina|boost\n|-boost|p1b: Archaludon|def|1\n|-damage|p1b: Archaludon|98\/100\n|-ability|p1b: Archaludon|Stamina|boost\n|-boost|p1b: Archaludon|def|1\n|-damage|p1b: Archaludon|97\/100\n|-ability|p1b: Archaludon|Stamina|boost\n|-boost|p1b: Archaludon|def|1\n|-hitcount|p1b: Archaludon|3\n|move|p2a: Ninetales|Aurora Veil|p2a: Ninetales\n|-sidestart|p2: Shikanoko32|move: Aurora Veil\n|move|p2b: Annihilape|Bulk Up|p2b: Annihilape\n|-boost|p2b: Annihilape|atk|1\n|-boost|p2b: Annihilape|def|1\n|move|p1b: Archaludon|Body Press|p2a: Ninetales\n|-damage|p2a: Ninetales|0 fnt\n|faint|p2a: Ninetales\n|\n|-weather|Snow|[upkeep]\n|upkeep\n|\n|t:|1728938218\n|switch|p2a: Frosmoth|Frosmoth, L50, M|100\/100\n|turn|4\n|\n|t:|1728938241\n|-terastallize|p1b: Archaludon|Fighting\n|move|p1a: Whimsicott|Beat Up|p1b: Archaludon\n|-resisted|p1b: Archaludon\n|-damage|p1b: Archaludon|97\/100\n|-ability|p1b: Archaludon|Stamina|boost\n|-boost|p1b: Archaludon|def|1\n|-resisted|p1b: Archaludon\n|-damage|p1b: Archaludon|96\/100\n|-ability|p1b: Archaludon|Stamina|boost\n|-boost|p1b: Archaludon|def|1\n|-resisted|p1b: Archaludon\n|-damage|p1b: Archaludon|96\/100\n|-ability|p1b: Archaludon|Stamina|boost\n|-boost|p1b: Archaludon|def|1\n|-hitcount|p1b: Archaludon|3\n|move|p2b: Annihilape|Bulk Up|p2b: Annihilape\n|-boost|p2b: Annihilape|atk|1\n|-boost|p2b: Annihilape|def|1\n|move|p1b: Archaludon|Body Press|p2a: Frosmoth\n|-damage|p2a: Frosmoth|20\/100\n|move|p2a: Frosmoth|Blizzard|p1b: Archaludon|[spread] p1a,p1b\n|-supereffective|p1a: Whimsicott\n|-crit|p1a: Whimsicott\n|-enditem|p1a: Whimsicott|Focus Sash\n|-damage|p1a: Whimsicott|1\/100\n|-damage|p1b: Archaludon|74\/100\n|\n|-weather|Snow|[upkeep]\n|-heal|p2a: Frosmoth|26\/100|[from] item: Leftovers\n|-end|p2b: Annihilape|Encore\n|upkeep\n|turn|5\n|\n|t:|1728938274\n|move|p2b: Annihilape|Protect|p2b: Annihilape\n|-singleturn|p2b: Annihilape|Protect\n|move|p1a: Whimsicott|Encore|p2b: Annihilape\n|-activate|p2b: Annihilape|move: Protect\n|move|p1b: Archaludon|Body Press|p2a: Frosmoth\n|-damage|p2a: Frosmoth|0 fnt\n|faint|p2a: Frosmoth\n|\n|-weather|Snow|[upkeep]\n|upkeep\n|turn|6\n|\n|t:|1728938294\n|move|p1a: Whimsicott|Encore|p2b: Annihilape\n|-start|p2b: Annihilape|Encore\n|move|p2b: Annihilape|Protect|p2b: Annihilape\n|-singleturn|p2b: Annihilape|Protect\n|move|p1b: Archaludon|Flash Cannon|p2b: Annihilape\n|-activate|p2b: Annihilape|move: Protect\n|\n|-weather|none\n|upkeep\n|turn|7\n|-message|Shikanoko32 forfeited.\n|\n|win|dayron91\n|raw|dayron91's rating: 1691 &rarr; <strong>1711<\/strong><br \/>(+20 for winning)\n|raw|Shikanoko32's rating: 1691 &rarr; <strong>1671<\/strong><br \/>(-20 for losing)\n|l|\u2606Shikanoko32\n|player|p2|\n|l| TrubbishTyler\n|l| francreas\n|l|\u2606dayron91\n|player|p1|\n","uploadtime":1728938319,"views":24,"formatid":"gen9vgc2024regh","rating":1671,"private":0,"password":null}