{"id":"gen9vgc2024regh-2222313552","format":"[Gen 9] VGC 2024 Reg H","players":["pr0xsome","Kronicler"],"log":"|j|\u2606pr0xsome\n|j|\u2606Kronicler\n|t:|1728861332\n|gametype|doubles\n|player|p1|pr0xsome|preschooler|1702\n|player|p2|Kronicler|yellow|1706\n|teamsize|p1|6\n|teamsize|p2|6\n|gen|9\n|tier|[Gen 9] VGC 2024 Reg H\n|rated|\n|rule|Species Clause: Limit one of each Pok\u00e9mon\n|rule|Item Clause: Limit 1 of each item\n|clearpoke\n|poke|p1|Ninetales-Alola, L50, M|\n|poke|p1|Muk-Alola, L50, M|\n|poke|p1|Porygon2, L50|\n|poke|p1|Incineroar, L50, F|\n|poke|p1|Rillaboom, L50, F|\n|poke|p1|Baxcalibur, L50, M|\n|poke|p2|Gengar, L50, F|\n|poke|p2|Volcarona, L50, M|\n|poke|p2|Amoonguss, L50, M|\n|poke|p2|Bisharp, L50, M|\n|poke|p2|Primarina, L50, M|\n|poke|p2|Gothitelle, L50, M|\n|teampreview|4\nKronicler rejected open team sheets.\n|inactive|Battle timer is ON: inactive players will automatically lose when time's up. (requested by Kronicler)\n|\n|t:|1728861376\n|start\n|switch|p1a: Incineroar|Incineroar, L50, F|100\/100\n|switch|p1b: Rillaboom|Rillaboom, L50, F|100\/100\n|switch|p2a: Volcarona|Volcarona, L50, M|100\/100\n|switch|p2b: Gengar|Gengar, L50, F|100\/100\n|-fieldstart|move: Grassy Terrain|[from] ability: Grassy Surge|[of] p1b: Rillaboom\n|-ability|p1a: Incineroar|Intimidate|boost\n|-unboost|p2a: Volcarona|atk|1\n|-unboost|p2b: Gengar|atk|1\n|turn|1\n|\n|t:|1728861390\n|switch|p1b: Muk|Muk-Alola, L50, M|100\/100\n|move|p2b: Gengar|Acid Spray|p1b: Muk\n|-resisted|p1b: Muk\n|-damage|p1b: Muk|92\/100\n|-unboost|p1b: Muk|spd|2\n|move|p2a: Volcarona|Heat Wave|p1a: Incineroar|[spread] p1a,p1b\n|-resisted|p1a: Incineroar\n|-damage|p1a: Incineroar|83\/100\n|-damage|p1b: Muk|3\/100\n|-enditem|p1b: Muk|Figy Berry|[eat]\n|-heal|p1b: Muk|36\/100|[from] item: Figy Berry\n|-damage|p2a: Volcarona|91\/100|[from] item: Life Orb\n|move|p1a: Incineroar|Knock Off|p2b: Gengar\n|-supereffective|p2b: Gengar\n|-enditem|p2b: Gengar|Focus Sash\n|-damage|p2b: Gengar|1\/100\n|\n|-heal|p2b: Gengar|7\/100|[from] Grassy Terrain\n|-heal|p2a: Volcarona|97\/100|[from] Grassy Terrain\n|-heal|p1a: Incineroar|89\/100|[from] Grassy Terrain\n|-heal|p1b: Muk|42\/100|[from] Grassy Terrain\n|upkeep\n|turn|2\n|inactive|Kronicler has 30 seconds left.\n|\n|t:|1728861418\n|switch|p2b: Bisharp|Bisharp, L50, M|100\/100\n|move|p1b: Muk|Protect|p1b: Muk\n|-singleturn|p1b: Muk|Protect\n|move|p2a: Volcarona|Heat Wave|p1b: Muk|[spread] p1a\n|-activate|p1b: Muk|move: Protect\n|-resisted|p1a: Incineroar\n|-damage|p1a: Incineroar|72\/100\n|-damage|p2a: Volcarona|87\/100|[from] item: Life Orb\n|move|p1a: Incineroar|Knock Off|p2b: Bisharp\n|-resisted|p2b: Bisharp\n|-damage|p2b: Bisharp|86\/100\n|-enditem|p2b: Bisharp|Eviolite|[from] move: Knock Off|[of] p1a: Incineroar\n|\n|-heal|p2a: Volcarona|93\/100|[from] Grassy Terrain\n|-heal|p2b: Bisharp|92\/100|[from] Grassy Terrain\n|-heal|p1a: Incineroar|78\/100|[from] Grassy Terrain\n|-heal|p1b: Muk|49\/100|[from] Grassy Terrain\n|upkeep\n|turn|3\n|inactive|pr0xsome has 30 seconds left.\n|inactive|Kronicler has 30 seconds left.\n|j| MarikoKanai\n|inactive|Kronicler has 20 seconds left.\n|inactive|Kronicler has 15 seconds left.\n|\n|t:|1728861462\n|move|p2a: Volcarona|Heat Wave|p1a: Incineroar|[spread] p1a,p1b\n|-resisted|p1a: Incineroar\n|-damage|p1a: Incineroar|60\/100\n|-damage|p1b: Muk|0 fnt\n|faint|p1b: Muk\n|-damage|p2a: Volcarona|83\/100|[from] item: Life Orb\n|move|p2b: Bisharp|Iron Head|p1a: Incineroar\n|-resisted|p1a: Incineroar\n|-damage|p1a: Incineroar|40\/100\n|move|p1a: Incineroar|Knock Off|p2a: Volcarona\n|-damage|p2a: Volcarona|20\/100\n|-enditem|p2a: Volcarona|Life Orb|[from] move: Knock Off|[of] p1a: Incineroar\n|\n|-heal|p2a: Volcarona|26\/100|[from] Grassy Terrain\n|-heal|p2b: Bisharp|98\/100|[from] Grassy Terrain\n|-heal|p1a: Incineroar|46\/100|[from] Grassy Terrain\n|upkeep\n|\n|t:|1728861467\n|switch|p1b: Baxcalibur|Baxcalibur, L50, M|100\/100\n|turn|4\n|l| MarikoKanai\n|\n|t:|1728861479\n|move|p2a: Volcarona|Heat Wave|p1a: Incineroar|[spread] p1a,p1b\n|-resisted|p1a: Incineroar\n|-damage|p1a: Incineroar|32\/100\n|-damage|p1b: Baxcalibur|59\/100\n|move|p1b: Baxcalibur|High Horsepower|p2a: Volcarona\n|-crit|p2a: Volcarona\n|-damage|p2a: Volcarona|0 fnt\n|-status|p1b: Baxcalibur|brn|[from] ability: Flame Body|[of] p2a: Volcarona\n|faint|p2a: Volcarona\n|move|p2b: Bisharp|Iron Head|p1b: Baxcalibur\n|-supereffective|p1b: Baxcalibur\n|-damage|p1b: Baxcalibur|0 fnt\n|faint|p1b: Baxcalibur\n|move|p1a: Incineroar|Flare Blitz|p2b: Bisharp\n|-supereffective|p2b: Bisharp\n|-damage|p2b: Bisharp|0 fnt\n|faint|p2b: Bisharp\n|-damage|p1a: Incineroar|8\/100|[from] Recoil\n|\n|-heal|p1a: Incineroar|14\/100|[from] Grassy Terrain\n|upkeep\n|\n|t:|1728861490\n|switch|p2a: Gengar|Gengar, L50, F|7\/100\n|switch|p1b: Rillaboom|Rillaboom, L50, F|100\/100\n|switch|p2b: Primarina|Primarina, L50, M|100\/100\n|turn|5\n|\n|t:|1728861506\n|-terastallize|p2b: Primarina|Grass\n|move|p1b: Rillaboom|Grassy Glide|p2a: Gengar\n|-resisted|p2a: Gengar\n|-damage|p2a: Gengar|0 fnt\n|faint|p2a: Gengar\n|move|p1a: Incineroar|Knock Off|p2b: Primarina\n|-damage|p2b: Primarina|58\/100\n|-enditem|p2b: Primarina|Wiki Berry|[from] move: Knock Off|[of] p1a: Incineroar\n|move|p2b: Primarina|Hyper Voice|p1b: Rillaboom|[spread] p1a,p1b\n|-supereffective|p1a: Incineroar\n|-resisted|p1b: Rillaboom\n|-damage|p1a: Incineroar|0 fnt\n|-damage|p1b: Rillaboom|88\/100\n|faint|p1a: Incineroar\n|\n|-heal|p1b: Rillaboom|94\/100|[from] Grassy Terrain\n|-heal|p2b: Primarina|64\/100|[from] Grassy Terrain\n|-fieldend|move: Grassy Terrain\n|upkeep\n|turn|6\n|\n|t:|1728861517\n|move|p1b: Rillaboom|Wood Hammer|p2b: Primarina\n|-resisted|p2b: Primarina\n|-damage|p2b: Primarina|26\/100\n|-damage|p1b: Rillaboom|83\/100|[from] Recoil\n|move|p2b: Primarina|Moonblast|p1b: Rillaboom\n|-damage|p1b: Rillaboom|47\/100\n|-unboost|p1b: Rillaboom|spa|1\n|\n|upkeep\n|turn|7\n|\n|t:|1728861520\n|move|p1b: Rillaboom|Wood Hammer|p2b: Primarina\n|-resisted|p2b: Primarina\n|-damage|p2b: Primarina|0 fnt\n|faint|p2b: Primarina\n|-damage|p1b: Rillaboom|39\/100|[from] Recoil\n|\n|win|pr0xsome\n|raw|pr0xsome's rating: 1702 &rarr; <strong>1722<\/strong><br \/>(+20 for winning)\n|raw|Kronicler's rating: 1706 &rarr; <strong>1686<\/strong><br \/>(-20 for losing)\n|l|\u2606Kronicler\n|player|p2|\n|l|\u2606pr0xsome\n|player|p1|\n","uploadtime":1728861698,"views":22,"formatid":"gen9vgc2024regh","rating":1686,"private":0,"password":null}