{"id":"gen9vgc2024regh-2222860256","format":"[Gen 9] VGC 2024 Reg H","players":["radioiamp10","rgktest"],"log":"|j|\u2606radioiamp10\n|j|\u2606rgktest\n|t:|1728930507\n|gametype|doubles\n|player|p1|radioiamp10|266|1650\n|player|p2|rgktest|1|1757\n|teamsize|p1|6\n|teamsize|p2|6\n|gen|9\n|tier|[Gen 9] VGC 2024 Reg H\n|rated|\n|rule|Species Clause: Limit one of each Pok\u00e9mon\n|rule|Item Clause: Limit 1 of each item\n|clearpoke\n|poke|p1|Staraptor, L50, M|\n|poke|p1|Hydreigon, L50, M|\n|poke|p1|Lilligant-Hisui, L50, F|\n|poke|p1|Torkoal, L50, M|\n|poke|p1|Ursaluna, L50, M|\n|poke|p1|Farigiraf, L50, M|\n|poke|p2|Ninetales-Alola, L50, M|\n|poke|p2|Garchomp, L50, F|\n|poke|p2|Kingambit, L50, F|\n|poke|p2|Sneasler, L50, F|\n|poke|p2|Magmar, L50, F|\n|poke|p2|Metagross, L50|\n|teampreview|4\n|\n|t:|1728930576\n|start\n|switch|p1a: Ursaluna|Ursaluna, L50, M|100\/100\n|switch|p1b: Farigiraf|Farigiraf, L50, M|100\/100\n|switch|p2a: Magmar|Magmar, L50, F|100\/100\n|switch|p2b: Garchomp|Garchomp, L50, F|100\/100\n|turn|1\n|\n|t:|1728930621\n|move|p1b: Farigiraf|Protect|p1b: Farigiraf\n|-singleturn|p1b: Farigiraf|Protect\n|move|p2b: Garchomp|Dragon Claw|p1b: Farigiraf\n|-activate|p1b: Farigiraf|move: Protect\n|move|p2a: Magmar|Fire Spin|p1b: Farigiraf\n|-activate|p1b: Farigiraf|move: Protect\n|move|p1a: Ursaluna|Headlong Rush|p2a: Magmar\n|-supereffective|p2a: Magmar\n|-damage|p2a: Magmar|0 fnt\n|-unboost|p1a: Ursaluna|def|1\n|-unboost|p1a: Ursaluna|spd|1\n|faint|p2a: Magmar\n|\n|-status|p1a: Ursaluna|brn|[from] item: Flame Orb\n|upkeep\n|\n|t:|1728930643\n|switch|p2a: Metagross|Metagross, L50|100\/100\n|turn|2\n|\n|t:|1728930657\n|move|p1a: Ursaluna|Protect|p1a: Ursaluna\n|-singleturn|p1a: Ursaluna|Protect\n|move|p2b: Garchomp|Dragon Claw|p1b: Farigiraf\n|-damage|p1b: Farigiraf|55\/100\n|-damage|p2b: Garchomp|90\/100|[from] item: Life Orb\n|move|p2a: Metagross|Heavy Slam|p1b: Farigiraf\n|-damage|p1b: Farigiraf|17\/100\n|-enditem|p1b: Farigiraf|Sitrus Berry|[eat]\n|-heal|p1b: Farigiraf|42\/100|[from] item: Sitrus Berry\n|move|p1b: Farigiraf|Trick Room|p1b: Farigiraf\n|-fieldstart|move: Trick Room|[of] p1b: Farigiraf\n|\n|-damage|p1a: Ursaluna|94\/100 brn|[from] brn\n|upkeep\n|turn|3\n|\n|t:|1728930679\n|switch|p1b: Torkoal|Torkoal, L50, M|100\/100\n|-weather|SunnyDay|[from] ability: Drought|[of] p1b: Torkoal\n|-terastallize|p2a: Metagross|Flying\n|move|p2b: Garchomp|Protect|p2b: Garchomp\n|-singleturn|p2b: Garchomp|Protect\n|move|p1a: Ursaluna|Facade|p2b: Garchomp\n|-activate|p2b: Garchomp|move: Protect\n|move|p2a: Metagross|Heavy Slam|p1a: Ursaluna\n|-damage|p1a: Ursaluna|73\/100 brn\n|\n|-weather|SunnyDay|[upkeep]\n|-damage|p1a: Ursaluna|67\/100 brn|[from] brn\n|upkeep\n|turn|4\n|\n|t:|1728930719\n|switch|p2a: Ninetales|Ninetales-Alola, L50, M|100\/100\n|-weather|Snow|[from] ability: Snow Warning|[of] p2a: Ninetales\n|-terastallize|p1b: Torkoal|Fire\n|move|p1b: Torkoal|Eruption|p2b: Garchomp|[spread] p2a,p2b\n|-supereffective|p2a: Ninetales\n|-resisted|p2b: Garchomp\n|-damage|p2a: Ninetales|0 fnt\n|-damage|p2b: Garchomp|54\/100\n|faint|p2a: Ninetales\n|move|p1a: Ursaluna|Facade|p2b: Garchomp\n|-damage|p2b: Garchomp|0 fnt\n|-damage|p1a: Ursaluna|55\/100 brn|[from] ability: Rough Skin|[of] p2b: Garchomp\n|faint|p2b: Garchomp\n|\n|-weather|Snow|[upkeep]\n|-damage|p1a: Ursaluna|49\/100 brn|[from] brn\n|upkeep\n|\n|t:|1728930728\n|switch|p2b: Metagross|Metagross, L50, tera:Flying|100\/100\n|turn|5\n|\n|t:|1728930738\n|move|p2b: Metagross|Bullet Punch|p1a: Ursaluna\n|-damage|p1a: Ursaluna|27\/100 brn\n|move|p1b: Torkoal|Eruption|p2b: Metagross\n|-damage|p2b: Metagross|43\/100\n|move|p1a: Ursaluna|Facade|p2b: Metagross\n|-damage|p2b: Metagross|0 fnt\n|faint|p2b: Metagross\n|\n|win|radioiamp10\n|raw|radioiamp10's rating: 1650 &rarr; <strong>1676<\/strong><br \/>(+26 for winning)\n|raw|rgktest's rating: 1757 &rarr; <strong>1731<\/strong><br \/>(-26 for losing)\n|l|\u2606rgktest\n|player|p2|\n|l|\u2606radioiamp10\n|player|p1|\n","uploadtime":1728930965,"views":16,"formatid":"gen9vgc2024regh","rating":1676,"private":0,"password":null}