{"id":"gen9vgc2024regh-2222814730","format":"[Gen 9] VGC 2024 Reg H","players":["koolkidz4life","Hikawari"],"log":"|j|\u2606koolkidz4life\n|j|\u2606Hikawari\n|t:|1728926459\n|gametype|doubles\n|player|p1|koolkidz4life|101|1666\n|player|p2|Hikawari|169|1791\n|teamsize|p1|6\n|teamsize|p2|6\n|gen|9\n|tier|[Gen 9] VGC 2024 Reg H\n|rated|\n|rule|Species Clause: Limit one of each Pok\u00e9mon\n|rule|Item Clause: Limit 1 of each item\n|clearpoke\n|poke|p1|Arcanine-Hisui, L50, M|\n|poke|p1|Electabuzz, L50, M|\n|poke|p1|Whimsicott, L50, M|\n|poke|p1|Dragonite, L50, F|\n|poke|p1|Annihilape, L50, F|\n|poke|p1|Greninja-*, L50, M|\n|poke|p2|Sneasler, L50, F|\n|poke|p2|Murkrow, L50, F|\n|poke|p2|Gholdengo, L50|\n|poke|p2|Indeedee, L50, M|\n|poke|p2|Annihilape, L50, F|\n|poke|p2|Sinistcha, L50|\n|teampreview|4\n|inactive|Battle timer is ON: inactive players will automatically lose when time's up. (requested by Hikawari)\n|inactive|koolkidz4life has 60 seconds left.\nHikawari has agreed to open team sheets.\n|\n|t:|1728926515\n|start\n|switch|p1a: Whimsicott|Whimsicott, L50, M|100\/100\n|switch|p1b: Dragonite|Dragonite, L50, F|100\/100\n|switch|p2a: Annihilape|Annihilape, L50, F, shiny|100\/100\n|switch|p2b: Murkrow|Murkrow, L50, F|100\/100\n|turn|1\n|\n|t:|1728926528\n|-terastallize|p2a: Annihilape|Fire\n|move|p1a: Whimsicott|Tailwind|p1a: Whimsicott\n|-sidestart|p1: koolkidz4life|move: Tailwind\n|move|p2b: Murkrow|Tailwind|p2b: Murkrow\n|-sidestart|p2: Hikawari|move: Tailwind\n|move|p1b: Dragonite|Ice Spinner|p2b: Murkrow\n|-supereffective|p2b: Murkrow\n|-damage|p2b: Murkrow|15\/100\n|-damage|p1b: Dragonite|91\/100|[from] item: Life Orb\n|move|p2a: Annihilape|Bulk Up|p2a: Annihilape\n|-boost|p2a: Annihilape|atk|1\n|-boost|p2a: Annihilape|def|1\n|\n|upkeep\n|turn|2\n|\n|t:|1728926543\n|switch|p2b: Indeedee|Indeedee, L50, M|100\/100\n|-fieldstart|move: Psychic Terrain|[from] ability: Psychic Surge|[of] p2b: Indeedee\n|move|p1b: Dragonite|Extreme Speed|p2b: Indeedee\n|-activate|p2b: Indeedee|move: Psychic Terrain\n|move|p1a: Whimsicott|Encore|p2a: Annihilape\n|-activate|p2a: Annihilape|move: Psychic Terrain\n|move|p2a: Annihilape|Rage Fist|p1a: Whimsicott\n|-damage|p1a: Whimsicott|68\/100\n|\n|upkeep\n|turn|3\n|\n|t:|1728926563\n|move|p1a: Whimsicott|Moonblast|p2b: Indeedee\n|-damage|p2b: Indeedee|51\/100\n|move|p2b: Indeedee|Expanding Force|p1b: Dragonite|[spread] p1a,p1b\n|-damage|p1a: Whimsicott|0 fnt\n|-damage|p1b: Dragonite|35\/100\n|faint|p1a: Whimsicott\n|move|p1b: Dragonite|Ice Spinner|p2b: Indeedee\n|-damage|p2b: Indeedee|0 fnt\n|-fieldend|move: Psychic Terrain\n|faint|p2b: Indeedee\n|-damage|p1b: Dragonite|25\/100|[from] item: Life Orb\n|move|p2a: Annihilape|Rage Fist|p1b: Dragonite\n|-damage|p1b: Dragonite|0 fnt\n|faint|p1b: Dragonite\n|\n|upkeep\n|\n|t:|1728926570\n|switch|p1a: Greninja|Greninja, L50, M|100\/100\n|switch|p2b: Gholdengo|Gholdengo, L50|100\/100\n|switch|p1b: Arcanine|Arcanine-Hisui, L50, M|100\/100\n|turn|4\n|\n|t:|1728926578\n|move|p2a: Annihilape|Protect|p2a: Annihilape\n|-singleturn|p2a: Annihilape|Protect\n|move|p1a: Greninja|Water Pledge|p2a: Annihilape\n|-start|p1a: Greninja|typechange|Water|[from] ability: Protean\n|-activate|p2a: Annihilape|move: Protect\n|move|p1b: Arcanine|Flare Blitz|p2b: Gholdengo\n|-supereffective|p2b: Gholdengo\n|-damage|p2b: Gholdengo|0 fnt\n|faint|p2b: Gholdengo\n|\n|-sideend|p2: Hikawari|move: Tailwind\n|-sideend|p1: koolkidz4life|move: Tailwind\n|upkeep\n|\n|t:|1728926588\n|switch|p2b: Murkrow|Murkrow, L50, F|15\/100\n|turn|5\n|j| DonShitDozo\n|\n|t:|1728926598\n|move|p1b: Arcanine|Extreme Speed|p2b: Murkrow\n|-damage|p2b: Murkrow|0 fnt\n|faint|p2b: Murkrow\n|move|p1a: Greninja|Water Pledge|p2a: Annihilape\n|-supereffective|p2a: Annihilape\n|-damage|p2a: Annihilape|11\/100\n|move|p2a: Annihilape|Drain Punch|p1b: Arcanine\n|-supereffective|p1b: Arcanine\n|-enditem|p1b: Arcanine|Focus Sash\n|-damage|p1b: Arcanine|1\/100\n|-heal|p2a: Annihilape|50\/100|[from] drain|[of] p1b: Arcanine\n|\n|-heal|p2a: Annihilape|56\/100|[from] item: Leftovers\n|upkeep\n|turn|6\n|\n|t:|1728926611\n|move|p1b: Arcanine|Extreme Speed|p2a: Annihilape\n|-damage|p2a: Annihilape|42\/100\n|move|p1a: Greninja|Water Pledge|p2a: Annihilape\n|-supereffective|p2a: Annihilape\n|-damage|p2a: Annihilape|0 fnt\n|faint|p2a: Annihilape\n|\n|win|koolkidz4life\n|raw|koolkidz4life's rating: 1666 &rarr; <strong>1693<\/strong><br \/>(+27 for winning)\n|raw|Hikawari's rating: 1791 &rarr; <strong>1764<\/strong><br \/>(-27 for losing)\n|l|\u2606koolkidz4life\n|player|p1|\n|l|\u2606Hikawari\n|player|p2|\n|l| DonShitDozo\n","uploadtime":1728926790,"views":9,"formatid":"gen9vgc2024regh","rating":1693,"private":0,"password":null}