{"id":"gen9vgc2024regh-2222086063","format":"[Gen 9] VGC 2024 Reg H","players":["d3c1b3l","ray4gej"],"log":"|j|\u2606d3c1b3l\n|j|\u2606ray4gej\n|t:|1728835860\n|gametype|doubles\n|player|p1|d3c1b3l|2|1705\n|player|p2|ray4gej|101|1707\n|teamsize|p1|6\n|teamsize|p2|6\n|gen|9\n|tier|[Gen 9] VGC 2024 Reg H\n|rated|\n|rule|Species Clause: Limit one of each Pok\u00e9mon\n|rule|Item Clause: Limit 1 of each item\n|clearpoke\n|poke|p1|Gholdengo, L50|\n|poke|p1|Maushold, L50|\n|poke|p1|Glimmora, L50, F|\n|poke|p1|Garchomp, L50, F|\n|poke|p1|Murkrow, L50, M|\n|poke|p1|Dragonite, L50, M|\n|poke|p2|Kleavor, L50, M|\n|poke|p2|Kingambit, L50, F|\n|poke|p2|Salamence, L50, F|\n|poke|p2|Rillaboom, L50, F|\n|poke|p2|Salazzle, L50, F|\n|poke|p2|Excadrill, L50, F|\n|teampreview|4\n|\n|t:|1728835916\n|start\n|switch|p1a: Murkrow|Murkrow, L50, M|100\/100\n|switch|p1b: Glimmora|Glimmora, L50, F|100\/100\n|switch|p2a: Rillaboom|Rillaboom, L50, F|100\/100\n|switch|p2b: Kingambit|Kingambit, L50, F, shiny|100\/100\n|-fieldstart|move: Grassy Terrain|[from] ability: Grassy Surge|[of] p2a: Rillaboom\n|turn|1\n|\n|t:|1728835936\n|move|p1b: Glimmora|Spiky Shield|p1b: Glimmora\n|-singleturn|p1b: Glimmora|move: Protect\n|move|p2a: Rillaboom|Fake Out|p1a: Murkrow\n|-damage|p1a: Murkrow|84\/100\n|cant|p1a: Murkrow|flinch\n|move|p2b: Kingambit|Kowtow Cleave|p1a: Murkrow\n|-resisted|p1a: Murkrow\n|-damage|p1a: Murkrow|56\/100\n|\n|upkeep\n|turn|2\n|j| Mattia. On\n|l| Mattia. On\n|j| Mattia. On\n|\n|t:|1728835961\n|move|p2a: Rillaboom|Grassy Glide|p1b: Glimmora\n|-damage|p1b: Glimmora|51\/100\n|-activate|p1b: Glimmora|ability: Toxic Debris\n|-sidestart|p2: ray4gej|move: Toxic Spikes\n|move|p2b: Kingambit|Sucker Punch|p1b: Glimmora\n|-damage|p1b: Glimmora|0 fnt\n|-activate|p1b: Glimmora|ability: Toxic Debris\n|-sidestart|p2: ray4gej|move: Toxic Spikes\n|faint|p1b: Glimmora\n|move|p1a: Murkrow|Foul Play|p2b: Kingambit\n|-resisted|p2b: Kingambit\n|-crit|p2b: Kingambit\n|-damage|p2b: Kingambit|72\/100\n|\n|-heal|p2b: Kingambit|77\/100|[from] Grassy Terrain\n|upkeep\n|l| Mattia. On\n|\n|t:|1728835970\n|switch|p1b: Dragonite|Dragonite, L50, M|100\/100\n|turn|3\n|\n|t:|1728835975\n|move|p2b: Kingambit|Protect|p2b: Kingambit\n|-singleturn|p2b: Kingambit|Protect\n|move|p1b: Dragonite|Low Kick|p2b: Kingambit\n|-activate|p2b: Kingambit|move: Protect\n|move|p1a: Murkrow|Foul Play|p2b: Kingambit\n|-activate|p2b: Kingambit|move: Protect\n|move|p2a: Rillaboom|U-turn|p1b: Dragonite\n|-resisted|p1b: Dragonite\n|-damage|p1b: Dragonite|87\/100\n|\n|t:|1728835983\n|switch|p2a: Salazzle|Salazzle, L50, F|100\/100|[from] U-turn\n|-sideend|p2: ray4gej|move: Toxic Spikes|[of] p2a: Salazzle\n|\n|-heal|p2b: Kingambit|83\/100|[from] Grassy Terrain\n|upkeep\n|turn|4\n|\n|t:|1728835997\n|-terastallize|p1b: Dragonite|Flying\n|-terastallize|p2b: Kingambit|Fairy\n|move|p1a: Murkrow|Tailwind|p1a: Murkrow\n|-sidestart|p1: d3c1b3l|move: Tailwind\n|move|p1b: Dragonite|Tera Blast|p2b: Kingambit|[anim] Tera Blast Flying\n|-damage|p2b: Kingambit|43\/100\n|move|p2a: Salazzle|Overheat|p1a: Murkrow\n|-damage|p1a: Murkrow|0 fnt\n|-unboost|p2a: Salazzle|spa|2\n|faint|p1a: Murkrow\n|move|p2b: Kingambit|Kowtow Cleave|p1b: Dragonite\n|-damage|p1b: Dragonite|20\/100\n|\n|-heal|p2b: Kingambit|48\/100|[from] Grassy Terrain\n|upkeep\n|\n|t:|1728836002\n|switch|p1a: Garchomp|Garchomp, L50, F|100\/100\n|turn|5\n|\n|t:|1728836017\n|move|p2b: Kingambit|Protect|p2b: Kingambit\n|-singleturn|p2b: Kingambit|Protect\n|move|p1b: Dragonite|Extreme Speed|p2a: Salazzle\n|-damage|p2a: Salazzle|42\/100\n|move|p1a: Garchomp|Earthquake|p2a: Salazzle|[spread] p2a\n|-activate|p2b: Kingambit|move: Protect\n|-immune|p1b: Dragonite\n|-supereffective|p2a: Salazzle\n|-damage|p2a: Salazzle|0 fnt\n|faint|p2a: Salazzle\n|-damage|p1a: Garchomp|91\/100|[from] item: Life Orb\n|\n|-heal|p1a: Garchomp|97\/100|[from] Grassy Terrain\n|-heal|p2b: Kingambit|54\/100|[from] Grassy Terrain\n|-fieldend|move: Grassy Terrain\n|upkeep\n|\n|t:|1728836023\n|switch|p2a: Rillaboom|Rillaboom, L50, F|100\/100\n|-fieldstart|move: Grassy Terrain|[from] ability: Grassy Surge|[of] p2a: Rillaboom\n|turn|6\n|\n|t:|1728836035\n|move|p1a: Garchomp|Protect|p1a: Garchomp\n|-singleturn|p1a: Garchomp|Protect\n|move|p2a: Rillaboom|Fake Out|p1a: Garchomp\n|-activate|p1a: Garchomp|move: Protect\n|move|p1b: Dragonite|Extreme Speed|p2b: Kingambit\n|-damage|p2b: Kingambit|32\/100\n|move|p2b: Kingambit|Kowtow Cleave|p1b: Dragonite\n|-damage|p1b: Dragonite|0 fnt\n|faint|p1b: Dragonite\n|\n|-heal|p1a: Garchomp|100\/100|[from] Grassy Terrain\n|-heal|p2b: Kingambit|38\/100|[from] Grassy Terrain\n|upkeep\n|turn|7\n|\n|t:|1728836048\n|move|p2b: Kingambit|Sucker Punch|p1a: Garchomp\n|-damage|p1a: Garchomp|53\/100\n|-damage|p2b: Kingambit|26\/100|[from] ability: Rough Skin|[of] p1a: Garchomp\n|move|p1a: Garchomp|Stomping Tantrum|p2b: Kingambit\n|-damage|p2b: Kingambit|0 fnt\n|faint|p2b: Kingambit\n|-damage|p1a: Garchomp|43\/100|[from] item: Life Orb\n|move|p2a: Rillaboom|Wood Hammer|p1a: Garchomp\n|-damage|p1a: Garchomp|0 fnt\n|-damage|p2a: Rillaboom|88\/100|[from] ability: Rough Skin|[of] p1a: Garchomp\n|faint|p1a: Garchomp\n|-damage|p2a: Rillaboom|75\/100|[from] Recoil\n|\n|win|ray4gej\n|raw|d3c1b3l's rating: 1705 &rarr; <strong>1685<\/strong><br \/>(-20 for losing)\n|raw|ray4gej's rating: 1707 &rarr; <strong>1727<\/strong><br \/>(+20 for winning)\n|l|\u2606d3c1b3l\n|player|p1|\n","uploadtime":1728836192,"views":13,"formatid":"gen9vgc2024regh","rating":1685,"private":0,"password":null}