{"id":"gen9vgc2024regh-2222081142","format":"[Gen 9] VGC 2024 Reg H","players":["d3c1b3l","Blueaquajet3"],"log":"|j|\u2606d3c1b3l\n|j|\u2606Blueaquajet3\n|t:|1728835288\n|gametype|doubles\n|player|p1|d3c1b3l|2|1746\n|player|p2|Blueaquajet3|102|1789\n|teamsize|p1|6\n|teamsize|p2|6\n|gen|9\n|tier|[Gen 9] VGC 2024 Reg H\n|rated|\n|rule|Species Clause: Limit one of each Pok\u00e9mon\n|rule|Item Clause: Limit 1 of each item\n|clearpoke\n|poke|p1|Gholdengo, L50|\n|poke|p1|Maushold, L50|\n|poke|p1|Glimmora, L50, M|\n|poke|p1|Garchomp, L50, F|\n|poke|p1|Murkrow, L50, M|\n|poke|p1|Dragonite, L50, M|\n|poke|p2|Amoonguss, L50, M|\n|poke|p2|Gholdengo, L50|\n|poke|p2|Porygon2, L50|\n|poke|p2|Incineroar, L50, F|\n|poke|p2|Ursaluna, L50, M|\n|poke|p2|Tyranitar, L50, M|\n|teampreview|4\n|inactive|Battle timer is ON: inactive players will automatically lose when time's up. (requested by Blueaquajet3)\n|inactive|d3c1b3l has 60 seconds left.\n|inactive|Blueaquajet3 has 60 seconds left.\n|\n|t:|1728835337\n|start\n|switch|p1a: Maushold|Maushold, L50|100\/100\n|switch|p1b: Murkrow|Murkrow, L50, M|100\/100\n|switch|p2a: Sober|Porygon2, L50|100\/100\n|switch|p2b: III. Telegraph Ave|Incineroar, L50, F|100\/100\n|-ability|p2b: III. Telegraph Ave|Intimidate|boost\n|-unboost|p1a: Maushold|atk|1\n|-unboost|p1b: Murkrow|atk|1\n|-ability|p2a: Sober|Download|boost\n|-boost|p2a: Sober|atk|1\n|turn|1\n|\n|t:|1728835356\n|-terastallize|p1a: Maushold|Ghost\n|move|p2b: III. Telegraph Ave|Fake Out|p1a: Maushold\n|-immune|p1a: Maushold\n|move|p1b: Murkrow|Haze|p1b: Murkrow\n|-clearallboost\n|move|p1a: Maushold|Population Bomb|p2a: Sober\n|-damage|p2a: Sober|94\/100\n|-crit|p2a: Sober\n|-damage|p2a: Sober|83\/100\n|-damage|p2a: Sober|75\/100\n|-damage|p2a: Sober|67\/100\n|-damage|p2a: Sober|60\/100\n|-damage|p2a: Sober|54\/100\n|-damage|p2a: Sober|45\/100\n|-damage|p2a: Sober|39\/100\n|-damage|p2a: Sober|32\/100\n|-damage|p2a: Sober|24\/100\n|-hitcount|p2a: Sober|10\n|move|p2a: Sober|Trick Room|p2a: Sober\n|-fieldstart|move: Trick Room|[of] p2a: Sober\n|\n|upkeep\n|turn|2\n|\n|t:|1728835377\n|switch|p2a: Algorhythm|Amoonguss, L50, M|100\/100\n|move|p1a: Maushold|Protect|p1a: Maushold\n|-singleturn|p1a: Maushold|Protect\n|move|p2b: III. Telegraph Ave|Knock Off|p1a: Maushold\n|-activate|p1a: Maushold|move: Protect\n|move|p1b: Murkrow|Foul Play|p2a: Algorhythm\n|-damage|p2a: Algorhythm|80\/100\n|-damage|p1b: Murkrow|84\/100|[from] item: Rocky Helmet|[of] p2a: Algorhythm\n|\n|upkeep\n|turn|3\n|\n|t:|1728835401\n|switch|p1b: Gholdengo|Gholdengo, L50|100\/100\n|move|p2a: Algorhythm|Spore|p1b: Gholdengo\n|-immune|p1b: Gholdengo|[from] ability: Good as Gold\n|move|p2b: III. Telegraph Ave|Knock Off|p1a: Maushold\n|-supereffective|p1a: Maushold\n|-damage|p1a: Maushold|0 fnt\n|-enditem|p1a: Maushold|Wide Lens|[from] move: Knock Off|[of] p2b: III. Telegraph Ave\n|faint|p1a: Maushold\n|\n|upkeep\n|\n|t:|1728835412\n|switch|p1a: Murkrow|Murkrow, L50, M|84\/100\n|turn|4\n|\n|t:|1728835426\n|switch|p1b: Dragonite|Dragonite, L50, M|100\/100\n|move|p2a: Algorhythm|Spore|p1a: Murkrow\n|-status|p1a: Murkrow|slp|[from] move: Spore\n|move|p2b: III. Telegraph Ave|Flare Blitz|p1b: Dragonite\n|-resisted|p1b: Dragonite\n|-damage|p1b: Dragonite|73\/100\n|-damage|p2b: III. Telegraph Ave|93\/100|[from] Recoil\n|cant|p1a: Murkrow|slp\n|\n|upkeep\n|turn|5\n|\n|t:|1728835440\n|switch|p2b: Sober|Porygon2, L50|24\/100\n|-ability|p2b: Sober|Download|boost\n|-boost|p2b: Sober|atk|1\n|switch|p1a: Gholdengo|Gholdengo, L50|100\/100\n|move|p2a: Algorhythm|Spore|p1b: Dragonite\n|-status|p1b: Dragonite|slp|[from] move: Spore\n|cant|p1b: Dragonite|slp\n|\n|-fieldend|move: Trick Room\n|upkeep\n|turn|6\n|\n|t:|1728835461\n|move|p2a: Algorhythm|Protect|p2a: Algorhythm\n|-singleturn|p2a: Algorhythm|Protect\n|cant|p1b: Dragonite|slp\n|move|p1a: Gholdengo|Make It Rain|p2a: Algorhythm|[spread] p2b\n|-activate|p2a: Algorhythm|move: Protect\n|-damage|p2b: Sober|0 fnt\n|-unboost|p1a: Gholdengo|spa|1\n|faint|p2b: Sober\n|\n|upkeep\n|\n|t:|1728835474\n|switch|p2b: III. Telegraph Ave|Incineroar, L50, F|93\/100\n|-ability|p2b: III. Telegraph Ave|Intimidate|boost\n|-unboost|p1a: Gholdengo|atk|1\n|-fail|p1b: Dragonite|unboost|Attack|[from] ability: Inner Focus|[of] p1b: Dragonite\n|turn|7\n|\n|t:|1728835499\n|switch|p1a: Murkrow|Murkrow, L50, M|84\/100 slp\n|-curestatus|p1b: Dragonite|slp|[msg]\n|move|p1b: Dragonite|Low Kick|p2b: III. Telegraph Ave\n|-supereffective|p2b: III. Telegraph Ave\n|-damage|p2b: III. Telegraph Ave|42\/100\n|move|p2b: III. Telegraph Ave|Flare Blitz|p1a: Murkrow\n|-damage|p1a: Murkrow|32\/100 slp\n|-damage|p2b: III. Telegraph Ave|29\/100|[from] Recoil\n|move|p2a: Algorhythm|Spore|p1b: Dragonite\n|-status|p1b: Dragonite|slp|[from] move: Spore\n|\n|upkeep\n|turn|8\n|j| Rabbithorn01\n|\n|t:|1728835518\n|cant|p1b: Dragonite|slp\n|cant|p1a: Murkrow|slp\n|move|p2b: III. Telegraph Ave|Knock Off|p1b: Dragonite\n|-damage|p1b: Dragonite|24\/100 slp\n|-enditem|p1b: Dragonite|Assault Vest|[from] move: Knock Off|[of] p2b: III. Telegraph Ave\n|move|p2a: Algorhythm|Pollen Puff|p2b: III. Telegraph Ave\n|-heal|p2b: III. Telegraph Ave|78\/100\n|\n|upkeep\n|turn|9\n|\n|t:|1728835540\n|switch|p1a: Gholdengo|Gholdengo, L50|100\/100\n|switch|p2a: Sunrise|Ursaluna, L50, M|100\/100\n|cant|p1b: Dragonite|slp\n|move|p2b: III. Telegraph Ave|Flare Blitz|p1a: Gholdengo\n|-supereffective|p1a: Gholdengo\n|-damage|p1a: Gholdengo|10\/100\n|-damage|p2b: III. Telegraph Ave|49\/100|[from] Recoil\n|\n|-status|p2a: Sunrise|brn|[from] item: Flame Orb\n|upkeep\n|turn|10\n|inactive|Blueaquajet3 has 30 seconds left.\n|\n|t:|1728835572\n|switch|p2b: Algorhythm|Amoonguss, L50, M|100\/100\n|move|p2a: Sunrise|Protect|p2a: Sunrise\n|-singleturn|p2a: Sunrise|Protect\n|-curestatus|p1b: Dragonite|slp|[msg]\n|move|p1b: Dragonite|Low Kick|p2b: Algorhythm\n|-resisted|p2b: Algorhythm\n|-damage|p2b: Algorhythm|95\/100\n|-damage|p1b: Dragonite|8\/100|[from] item: Rocky Helmet|[of] p2b: Algorhythm\n|move|p1a: Gholdengo|Make It Rain|p2b: Algorhythm|[spread] p2b\n|-activate|p2a: Sunrise|move: Protect\n|-damage|p2b: Algorhythm|32\/100\n|-unboost|p1a: Gholdengo|spa|1\n|\n|-damage|p2a: Sunrise|95\/100 brn|[from] brn\n|upkeep\n|turn|11\n|inactive|Blueaquajet3 has 30 seconds left.\n|inactive|Blueaquajet3 has 20 seconds left.\n|\n|t:|1728835612\n|-terastallize|p2a: Sunrise|Ghost\n|move|p2b: Algorhythm|Rage Powder|p2b: Algorhythm\n|-singleturn|p2b: Algorhythm|move: Rage Powder\n|move|p1b: Dragonite|Low Kick|p2b: Algorhythm\n|-resisted|p2b: Algorhythm\n|-damage|p2b: Algorhythm|26\/100\n|-damage|p1b: Dragonite|0 fnt|[from] item: Rocky Helmet|[of] p2b: Algorhythm\n|faint|p1b: Dragonite\n|move|p1a: Gholdengo|Make It Rain|p2a: Sunrise|[spread] p2a,p2b\n|-damage|p2a: Sunrise|50\/100 brn\n|-damage|p2b: Algorhythm|0 fnt\n|-unboost|p1a: Gholdengo|spa|1\n|faint|p2b: Algorhythm\n|move|p2a: Sunrise|Facade|p1a: Gholdengo\n|-immune|p1a: Gholdengo\n|\n|-damage|p2a: Sunrise|44\/100 brn|[from] brn\n|upkeep\n|\n|t:|1728835621\n|switch|p1b: Murkrow|Murkrow, L50, M|32\/100 slp\n|switch|p2b: III. Telegraph Ave|Incineroar, L50, F|49\/100\n|-ability|p2b: III. Telegraph Ave|Intimidate|boost\n|-unboost|p1a: Gholdengo|atk|1\n|-unboost|p1b: Murkrow|atk|1\n|turn|12\n|\n|t:|1728835630\n|move|p2a: Sunrise|Protect|p2a: Sunrise\n|-singleturn|p2a: Sunrise|Protect\n|cant|p1b: Murkrow|slp\n|move|p1a: Gholdengo|Make It Rain|p2a: Sunrise|[spread] p2b\n|-activate|p2a: Sunrise|move: Protect\n|-resisted|p2b: III. Telegraph Ave\n|-damage|p2b: III. Telegraph Ave|31\/100\n|-unboost|p1a: Gholdengo|spa|1\n|move|p2b: III. Telegraph Ave|Knock Off|p1a: Gholdengo\n|-supereffective|p1a: Gholdengo\n|-damage|p1a: Gholdengo|0 fnt\n|-enditem|p1a: Gholdengo|Choice Specs|[from] move: Knock Off|[of] p2b: III. Telegraph Ave\n|faint|p1a: Gholdengo\n|\n|-damage|p2a: Sunrise|38\/100 brn|[from] brn\n|upkeep\n|turn|13\n|\n|t:|1728835637\n|-curestatus|p1b: Murkrow|slp|[msg]\n|move|p1b: Murkrow|Foul Play|p2a: Sunrise\n|-supereffective|p2a: Sunrise\n|-damage|p2a: Sunrise|0 fnt\n|faint|p2a: Sunrise\n|move|p2b: III. Telegraph Ave|Flare Blitz|p1b: Murkrow\n|-damage|p1b: Murkrow|0 fnt\n|faint|p1b: Murkrow\n|-damage|p2b: III. Telegraph Ave|23\/100|[from] Recoil\n|\n|win|Blueaquajet3\n|raw|d3c1b3l's rating: 1746 &rarr; <strong>1728<\/strong><br \/>(-18 for losing)\n|raw|Blueaquajet3's rating: 1789 &rarr; <strong>1807<\/strong><br \/>(+18 for winning)\n|l|\u2606d3c1b3l\n|player|p1|\n|l|\u2606Blueaquajet3\n|player|p2|\n","uploadtime":1728835783,"views":10,"formatid":"gen9vgc2024regh","rating":1728,"private":0,"password":null}