{"id":"gen9vgc2024regh-2222307120","format":"[Gen 9] VGC 2024 Reg H","players":["pr0xsome","SOLOLUMINEONING"],"log":"|j|\u2606pr0xsome\n|j|\u2606SOLOLUMINEONING\n|t:|1728860515\n|gametype|doubles\n|player|p1|pr0xsome|preschooler|1658\n|player|p2|SOLOLUMINEONING|magmasuit|1741\n|teamsize|p1|6\n|teamsize|p2|6\n|gen|9\n|tier|[Gen 9] VGC 2024 Reg H\n|rated|\n|rule|Species Clause: Limit one of each Pok\u00e9mon\n|rule|Item Clause: Limit 1 of each item\n|clearpoke\n|poke|p1|Ninetales-Alola, L50, F|\n|poke|p1|Muk-Alola, L50, M|\n|poke|p1|Porygon2, L50|\n|poke|p1|Incineroar, L50, M|\n|poke|p1|Rillaboom, L50, M|\n|poke|p1|Baxcalibur, L50, F|\n|poke|p2|Sneasler, L50, M|\n|poke|p2|Indeedee, L50, M|\n|poke|p2|Murkrow, L50, M|\n|poke|p2|Dragapult, L50, M|\n|poke|p2|Decidueye-Hisui, L50, M|\n|poke|p2|Typhlosion-Hisui, L50, M|\n|teampreview|4\n|inactive|Battle timer is ON: inactive players will automatically lose when time's up. (requested by SOLOLUMINEONING)\n|inactive|SOLOLUMINEONING has 60 seconds left.\n|inactive|SOLOLUMINEONING has 30 seconds left.\n|\n|t:|1728860579\n|start\n|switch|p1a: Muk|Muk-Alola, L50, M|100\/100\n|switch|p1b: Incineroar|Incineroar, L50, M|100\/100\n|switch|p2a: Patrick Bateman|Indeedee, L50, M, shiny|100\/100\n|switch|p2b: Paul Allen|Sneasler, L50, M, shiny|100\/100\n|-fieldstart|move: Psychic Terrain|[from] ability: Psychic Surge|[of] p2a: Patrick Bateman\n|-enditem|p2b: Paul Allen|Psychic Seed\n|-boost|p2b: Paul Allen|spd|1|[from] item: Psychic Seed\n|-ability|p1b: Incineroar|Intimidate|boost\n|-unboost|p2a: Patrick Bateman|atk|1\n|-unboost|p2b: Paul Allen|atk|1\n|turn|1\n|\n|t:|1728860602\n|switch|p1b: Rillaboom|Rillaboom, L50, M|100\/100\n|-fieldstart|move: Grassy Terrain|[from] ability: Grassy Surge|[of] p1b: Rillaboom\n|move|p2b: Paul Allen|Close Combat|p1b: Rillaboom\n|-damage|p1b: Rillaboom|56\/100\n|-unboost|p2b: Paul Allen|def|1\n|-unboost|p2b: Paul Allen|spd|1\n|move|p2a: Patrick Bateman|Tera Blast|p1b: Rillaboom\n|-damage|p1b: Rillaboom|28\/100\n|move|p1a: Muk|Knock Off|p2a: Patrick Bateman\n|-supereffective|p2a: Patrick Bateman\n|-enditem|p2a: Patrick Bateman|Focus Sash\n|-damage|p2a: Patrick Bateman|1\/100\n|\n|-heal|p2a: Patrick Bateman|7\/100|[from] Grassy Terrain\n|-heal|p1b: Rillaboom|34\/100|[from] Grassy Terrain\n|upkeep\n|turn|2\n|inactive|pr0xsome has 30 seconds left.\n|inactive|SOLOLUMINEONING has 30 seconds left.\n|inactive|SOLOLUMINEONING has 20 seconds left.\n|\n|t:|1728860644\n|move|p2b: Paul Allen|Protect|p2b: Paul Allen\n|-singleturn|p2b: Paul Allen|Protect\n|move|p1b: Rillaboom|Fake Out|p2b: Paul Allen\n|-activate|p2b: Paul Allen|move: Protect\n|move|p2a: Patrick Bateman|Tera Blast|p1b: Rillaboom\n|-damage|p1b: Rillaboom|9\/100\n|move|p1a: Muk|Knock Off|p2a: Patrick Bateman\n|-supereffective|p2a: Patrick Bateman\n|-damage|p2a: Patrick Bateman|0 fnt\n|faint|p2a: Patrick Bateman\n|\n|-heal|p1b: Rillaboom|15\/100|[from] Grassy Terrain\n|upkeep\n|inactive|SOLOLUMINEONING has 30 seconds left.\n|\n|t:|1728860671\n|switch|p2a: David Van Patten|Typhlosion-Hisui, L50, M|100\/100\n|turn|3\n|\n|t:|1728860683\n|switch|p2b: Luis Carruthers|Murkrow, L50, M, shiny|100\/100\n|-terastallize|p2a: David Van Patten|Fire\n|move|p1b: Rillaboom|Grassy Glide|p2a: David Van Patten\n|-resisted|p2a: David Van Patten\n|-damage|p2a: David Van Patten|75\/100\n|move|p2a: David Van Patten|Eruption|p1a: Muk|[spread] p1a,p1b\n|-supereffective|p1b: Rillaboom\n|-damage|p1a: Muk|30\/100\n|-damage|p1b: Rillaboom|0 fnt\n|-enditem|p1a: Muk|Figy Berry|[eat]\n|-heal|p1a: Muk|63\/100|[from] item: Figy Berry\n|faint|p1b: Rillaboom\n|move|p1a: Muk|Knock Off|p2a: David Van Patten\n|-damage|p2a: David Van Patten|2\/100\n|-enditem|p2a: David Van Patten|Choice Specs|[from] move: Knock Off|[of] p1a: Muk\n|\n|-heal|p2a: David Van Patten|8\/100|[from] Grassy Terrain\n|-heal|p1a: Muk|69\/100|[from] Grassy Terrain\n|upkeep\n|\n|t:|1728860697\n|switch|p1b: Porygon2|Porygon2, L50|100\/100\n|-ability|p1b: Porygon2|Download|boost\n|-boost|p1b: Porygon2|atk|1\n|turn|4\n|\n|t:|1728860708\n|switch|p2a: Paul Allen|Sneasler, L50, M, shiny|100\/100\n|move|p2b: Luis Carruthers|Foul Play|p1a: Muk\n|-resisted|p1a: Muk\n|-damage|p1a: Muk|45\/100\n|move|p1a: Muk|Knock Off|p2a: Paul Allen\n|-resisted|p2a: Paul Allen\n|-damage|p2a: Paul Allen|74\/100\n|move|p1b: Porygon2|Trick Room|p1b: Porygon2\n|-fieldstart|move: Trick Room|[of] p1b: Porygon2\n|\n|-heal|p1a: Muk|51\/100|[from] Grassy Terrain\n|-heal|p2a: Paul Allen|80\/100|[from] Grassy Terrain\n|upkeep\n|turn|5\n|\n|t:|1728860727\n|-terastallize|p1b: Porygon2|Ground\n|move|p1a: Muk|Knock Off|p2b: Luis Carruthers\n|-resisted|p2b: Luis Carruthers\n|-damage|p2b: Luis Carruthers|75\/100\n|-enditem|p2b: Luis Carruthers|Eviolite|[from] move: Knock Off|[of] p1a: Muk\n|move|p1b: Porygon2|Tera Blast|p2a: Paul Allen|[anim] Tera Blast Ground\n|-supereffective|p2a: Paul Allen\n|-damage|p2a: Paul Allen|0 fnt\n|faint|p2a: Paul Allen\n|move|p2b: Luis Carruthers|Foul Play|p1b: Porygon2\n|-damage|p1b: Porygon2|74\/100\n|\n|-heal|p1a: Muk|57\/100|[from] Grassy Terrain\n|-heal|p1b: Porygon2|80\/100|[from] Grassy Terrain\n|-fieldend|move: Grassy Terrain\n|upkeep\n|-message|SOLOLUMINEONING forfeited.\n|\n|win|pr0xsome\n|raw|pr0xsome's rating: 1658 &rarr; <strong>1683<\/strong><br \/>(+25 for winning)\n|raw|SOLOLUMINEONING's rating: 1741 &rarr; <strong>1716<\/strong><br \/>(-25 for losing)\n|l|\u2606SOLOLUMINEONING\n|player|p2|\n|l|\u2606pr0xsome\n|player|p1|\n","uploadtime":1728860745,"views":25,"formatid":"gen9vgc2024regh","rating":1683,"private":0,"password":null}