{"id":"gen9vgc2024regh-2223901913","format":"[Gen 9] VGC 2024 Reg H","players":["wilderzzz","gothitellevgc"],"log":"|j|\u2606wilderzzz\n|j|\u2606gothitellevgc\n|t:|1729047047\n|gametype|doubles\n|player|p1|wilderzzz|101|1691\n|player|p2|gothitellevgc|palmer|1758\n|teamsize|p1|6\n|teamsize|p2|6\n|gen|9\n|tier|[Gen 9] VGC 2024 Reg H\n|rated|\n|rule|Species Clause: Limit one of each Pok\u00e9mon\n|rule|Item Clause: Limit 1 of each item\n|clearpoke\n|poke|p1|Archaludon, L50, F|\n|poke|p1|Pelipper, L50, F|\n|poke|p1|Blastoise, L50, F|\n|poke|p1|Whimsicott, L50, M|\n|poke|p1|Annihilape, L50, F|\n|poke|p1|Scizor, L50, F|\n|poke|p2|Archaludon, L50, M|\n|poke|p2|Pelipper, L50, M|\n|poke|p2|Gholdengo, L50|\n|poke|p2|Hydreigon, L50, F|\n|poke|p2|Basculegion, L50, M|\n|poke|p2|Amoonguss, L50, M|\n|teampreview|4\n|inactive|Battle timer is ON: inactive players will automatically lose when time's up. (requested by gothitellevgc)\n|j| hachiware\n|inactive|wilderzzz has 60 seconds left.\n|inactive|gothitellevgc has 60 seconds left.\n|\n|t:|1729047092\n|start\n|switch|p1a: Archaludon|Archaludon, L50, F|100\/100\n|switch|p1b: Whimsicott|Whimsicott, L50, M|100\/100\n|switch|p2a: Pelipper|Pelipper, L50, M|100\/100\n|switch|p2b: Hydreigon|Hydreigon, L50, F|100\/100\n|-weather|RainDance|[from] ability: Drizzle|[of] p2a: Pelipper\n|turn|1\n|inactive|wilderzzz has 30 seconds left.\n|inactive|gothitellevgc has 30 seconds left.\n|inactive|wilderzzz has 20 seconds left.\n|inactive|gothitellevgc has 20 seconds left.\n|\n|t:|1729047135\n|-terastallize|p2b: Hydreigon|Steel\n|move|p1b: Whimsicott|Moonblast|p2b: Hydreigon\n|-resisted|p2b: Hydreigon\n|-damage|p2b: Hydreigon|87\/100\n|move|p2b: Hydreigon|Tailwind|p2b: Hydreigon\n|-sidestart|p2: gothitellevgc|move: Tailwind\n|move|p2a: Pelipper|Hurricane|p1b: Whimsicott\n|-supereffective|p1b: Whimsicott\n|-damage|p1b: Whimsicott|0 fnt\n|faint|p1b: Whimsicott\n|move|p1a: Archaludon|Electro Shot||[still]\n|-prepare|p1a: Archaludon|Electro Shot\n|-boost|p1a: Archaludon|spa|1\n|-anim|p1a: Archaludon|Electro Shot|p2b: Hydreigon\n|-damage|p2b: Hydreigon|23\/100\n|\n|-weather|RainDance|[upkeep]\n|upkeep\n|\n|t:|1729047151\n|switch|p1b: Scizor|Scizor, L50, F|100\/100\n|turn|2\n|\n|t:|1729047165\n|move|p1b: Scizor|Protect|p1b: Scizor\n|-singleturn|p1b: Scizor|Protect\n|move|p2b: Hydreigon|Snarl|p1b: Scizor|[spread] p1a\n|-activate|p1b: Scizor|move: Protect\n|-damage|p1a: Archaludon|83\/100\n|-unboost|p1a: Archaludon|spa|1\n|-ability|p1a: Archaludon|Stamina|boost\n|-boost|p1a: Archaludon|def|1\n|move|p2a: Pelipper|Weather Ball|p1b: Scizor\n|-activate|p1b: Scizor|move: Protect\n|move|p1a: Archaludon|Electro Shot||[still]\n|-prepare|p1a: Archaludon|Electro Shot\n|-boost|p1a: Archaludon|spa|1\n|-anim|p1a: Archaludon|Electro Shot|p2a: Pelipper\n|-supereffective|p2a: Pelipper\n|-enditem|p2a: Pelipper|Focus Sash\n|-damage|p2a: Pelipper|1\/100\n|\n|-weather|RainDance|[upkeep]\n|upkeep\n|turn|3\n|inactive|wilderzzz has 30 seconds left.\n|\n|t:|1729047190\n|move|p2a: Pelipper|Protect|p2a: Pelipper\n|-singleturn|p2a: Pelipper|Protect\n|move|p1b: Scizor|Bullet Punch|p2b: Hydreigon\n|-resisted|p2b: Hydreigon\n|-damage|p2b: Hydreigon|0 fnt\n|faint|p2b: Hydreigon\n|-damage|p1b: Scizor|91\/100|[from] item: Life Orb\n|move|p1a: Archaludon|Electro Shot||[still]\n|-prepare|p1a: Archaludon|Electro Shot\n|-boost|p1a: Archaludon|spa|1\n|-anim|p1a: Archaludon|Electro Shot|p2a: Pelipper\n|-activate|p2a: Pelipper|move: Protect\n|\n|-weather|RainDance|[upkeep]\n|upkeep\n|\n|t:|1729047199\n|switch|p2b: Archaludon|Archaludon, L50, M|100\/100\n|turn|4\n|inactive|wilderzzz has 30 seconds left.\n|inactive|gothitellevgc has 30 seconds left.\n|\n|t:|1729047233\n|move|p1b: Scizor|Protect|p1b: Scizor\n|-singleturn|p1b: Scizor|Protect\n|move|p2b: Archaludon|Draco Meteor|p1a: Archaludon\n|-damage|p1a: Archaludon|31\/100\n|-unboost|p2b: Archaludon|spa|2\n|-ability|p1a: Archaludon|Stamina|boost\n|-boost|p1a: Archaludon|def|1\n|move|p2a: Pelipper|Weather Ball|p1a: Archaludon\n|-resisted|p1a: Archaludon\n|-crit|p1a: Archaludon\n|-damage|p1a: Archaludon|0 fnt\n|faint|p1a: Archaludon\n|\n|-weather|RainDance|[upkeep]\n|-sideend|p2: gothitellevgc|move: Tailwind\n|upkeep\n|l| hachiware\n|j| hachiware\n|inactive|wilderzzz has 30 seconds left.\n|inactive|wilderzzz has 20 seconds left.\n|inactive|wilderzzz has 15 seconds left.\n|inactive|wilderzzz has 10 seconds left.\n|inactive|wilderzzz has 5 seconds left.\n|\n|t:|1729047288\n|switch|p1a: Blastoise|Blastoise, L50, F, shiny|100\/100\n|turn|5\n|inactive|wilderzzz has 30 seconds left.\n|inactive|gothitellevgc has 30 seconds left.\n|inactive|wilderzzz has 20 seconds left.\n|inactive|wilderzzz has 15 seconds left.\n|inactive|wilderzzz has 10 seconds left.\n|inactive|wilderzzz has 5 seconds left.\n|\n|t:|1729047343\n|move|p1b: Scizor|Bullet Punch|p2a: Pelipper\n|-resisted|p2a: Pelipper\n|-damage|p2a: Pelipper|0 fnt\n|faint|p2a: Pelipper\n|-damage|p1b: Scizor|81\/100|[from] item: Life Orb\n|move|p1a: Blastoise|Water Spout|p2b: Archaludon\n|-resisted|p2b: Archaludon\n|-damage|p2b: Archaludon|61\/100\n|-ability|p2b: Archaludon|Stamina|boost\n|-boost|p2b: Archaludon|def|1\n|move|p2b: Archaludon|Electro Shot||[still]\n|-prepare|p2b: Archaludon|Electro Shot\n|-boost|p2b: Archaludon|spa|1\n|-anim|p2b: Archaludon|Electro Shot|p1a: Blastoise\n|-supereffective|p1a: Blastoise\n|-damage|p1a: Blastoise|44\/100\n|\n|-weather|none\n|upkeep\n|\n|t:|1729047346\n|switch|p2a: Basculegion|Basculegion, L50, M|100\/100\n|turn|6\n|l| hachiware\n|inactive|wilderzzz has 30 seconds left.\n|inactive|wilderzzz has 20 seconds left.\n|inactive|wilderzzz has 15 seconds left.\n|inactive|wilderzzz has 10 seconds left.\n|inactive|wilderzzz has 5 seconds left.\n|\n|t:|1729047403\n|move|p1b: Scizor|Bullet Punch|p2a: Basculegion\n|-resisted|p2a: Basculegion\n|-damage|p2a: Basculegion|75\/100\n|-damage|p1b: Scizor|71\/100|[from] item: Life Orb\n|move|p1a: Blastoise|Water Spout|p2a: Basculegion|[spread] p2a,p2b\n|-resisted|p2a: Basculegion\n|-resisted|p2b: Archaludon\n|-damage|p2a: Basculegion|65\/100\n|-damage|p2b: Archaludon|52\/100\n|-ability|p2b: Archaludon|Stamina|boost\n|-boost|p2b: Archaludon|def|1\n|move|p2b: Archaludon|Body Press|p1b: Scizor\n|-damage|p1b: Scizor|26\/100\n|move|p2a: Basculegion|Last Respects|p1a: Blastoise\n|-damage|p1a: Blastoise|0 fnt\n|faint|p1a: Blastoise\n|-damage|p2a: Basculegion|55\/100|[from] item: Life Orb\n|\n|upkeep\n|turn|7\n|-message|wilderzzz forfeited.\n|\n|win|gothitellevgc\n|raw|wilderzzz's rating: 1691 &rarr; <strong>1675<\/strong><br \/>(-16 for losing)\n|raw|gothitellevgc's rating: 1758 &rarr; <strong>1774<\/strong><br \/>(+16 for winning)\n|l|\u2606wilderzzz\n|player|p1|\n|l|\u2606gothitellevgc\n|player|p2|\n","uploadtime":1729047555,"views":15,"formatid":"gen9vgc2024regh","rating":1675,"private":0,"password":null}