{"id":"gen9vgc2024regh-2223719642","format":"[Gen 9] VGC 2024 Reg H","players":["dd6.75","bacardigin"],"log":"|j|\u2606dd6.75\n|j|\u2606bacardigin\n|t:|1729026544\n|gametype|doubles\n|player|p1|dd6.75|2|1646\n|player|p2|bacardigin|1|1746\n|teamsize|p1|6\n|teamsize|p2|6\n|gen|9\n|tier|[Gen 9] VGC 2024 Reg H\n|rated|\n|rule|Species Clause: Limit one of each Pok\u00e9mon\n|rule|Item Clause: Limit 1 of each item\n|clearpoke\n|poke|p1|Dondozo, L50, F|\n|poke|p1|Tatsugiri, L50, M|\n|poke|p1|Dragonite, L50, F|\n|poke|p1|Gholdengo, L50|\n|poke|p1|Pawmot, L50, F|\n|poke|p1|Talonflame, L50, F|\n|poke|p2|Dondozo, L50, F|\n|poke|p2|Tatsugiri, L50, M|\n|poke|p2|Bruxish, L50, F|\n|poke|p2|Ursaluna-Bloodmoon, L50, M|\n|poke|p2|Dragonite, L50, F|\n|poke|p2|Gholdengo, L50|\n|teampreview|4\n|j| sam smithy\n|l| sam smithy\n|inactive|Battle timer is ON: inactive players will automatically lose when time's up. (requested by dd6.75)\n|j| Fishyyism\n|\n|t:|1729026582\n|start\n|switch|p1a: Talonflame|Talonflame, L50, F|100\/100\n|switch|p1b: Pawmot|Pawmot, L50, F|100\/100\n|switch|p2a: Bruxish|Bruxish, L50, F|100\/100\n|switch|p2b: Gholdengo|Gholdengo, L50|100\/100\n|turn|1\n|j| Fallastest\n|\n|t:|1729026606\n|move|p1a: Talonflame|Tailwind|p1a: Talonflame\n|-sidestart|p1: dd6.75|move: Tailwind\n|move|p1b: Pawmot|Double Shock|p2a: Bruxish\n|-supereffective|p2a: Bruxish\n|-damage|p2a: Bruxish|0 fnt\n|-start|p1b: Pawmot|typechange|???\/Fighting|[from] move: Double Shock\n|faint|p2a: Bruxish\n|move|p2b: Gholdengo|Make It Rain|p1a: Talonflame|[spread] p1a,p1b\n|-resisted|p1a: Talonflame\n|-damage|p1a: Talonflame|46\/100\n|-enditem|p1b: Pawmot|Focus Sash\n|-damage|p1b: Pawmot|1\/100\n|-unboost|p2b: Gholdengo|spa|1\n|\n|upkeep\n|inactive|bacardigin has 30 seconds left.\n|\n|t:|1729026636\n|switch|p2a: Dragonite|Dragonite, L50, F|100\/100\n|turn|2\n|\n|t:|1729026646\n|switch|p1a: Tatsugiri|Tatsugiri, L50, M|100\/100\n|switch|p1b: Dondozo|Dondozo, L50, F|100\/100\n|-activate|p1a: Tatsugiri|ability: Commander|[of] p1b: Dondozo\n|-boost|p1b: Dondozo|atk|2\n|-boost|p1b: Dondozo|spa|2\n|-boost|p1b: Dondozo|spe|2\n|-boost|p1b: Dondozo|def|2\n|-boost|p1b: Dondozo|spd|2\n|move|p2a: Dragonite|Extreme Speed|p1a: Tatsugiri|[miss]\n|-miss|p2a: Dragonite|p1a: Tatsugiri\n|move|p2b: Gholdengo|Make It Rain|p1b: Dondozo|[spread] p1b\n|-miss|p2b: Gholdengo|p1a: Tatsugiri\n|-resisted|p1b: Dondozo\n|-damage|p1b: Dondozo|79\/100\n|-unboost|p2b: Gholdengo|spa|1\n|\n|-heal|p1b: Dondozo|85\/100|[from] item: Leftovers\n|upkeep\n|turn|3\n|inactive|bacardigin has 30 seconds left.\n|c|\u2606dd6.75|true master class here\n|c|\u2606dd6.75|you all are welcome\n|inactive|bacardigin has 20 seconds left.\n|j| harshachanamolu\n|inactive|bacardigin has 15 seconds left.\n|\n|t:|1729026690\n|-terastallize|p2b: Gholdengo|Steel\n|move|p1b: Dondozo|Order Up|p2a: Dragonite\n|-supereffective|p2a: Dragonite\n|-crit|p2a: Dragonite\n|-damage|p2a: Dragonite|17\/100\n|-boost|p1b: Dondozo|atk|1\n|move|p2b: Gholdengo|Make It Rain|p1b: Dondozo|[spread] p1b\n|-miss|p2b: Gholdengo|p1a: Tatsugiri\n|-resisted|p1b: Dondozo\n|-damage|p1b: Dondozo|59\/100\n|-unboost|p2b: Gholdengo|spa|1\n|move|p2a: Dragonite|Haze|p2a: Dragonite\n|-clearallboost\n|\n|-heal|p1b: Dondozo|65\/100|[from] item: Leftovers\n|upkeep\n|turn|4\n|inactive|bacardigin has 30 seconds left.\n|inactive|bacardigin has 20 seconds left.\n|\n|t:|1729026728\n|switch|p2a: Ursaluna|Ursaluna-Bloodmoon, L50, M|100\/100\n|move|p1b: Dondozo|Order Up|p2a: Ursaluna\n|-damage|p2a: Ursaluna|80\/100\n|-boost|p1b: Dondozo|atk|1\n|move|p2b: Gholdengo|Make It Rain|p1a: Tatsugiri|[spread] p1b\n|-miss|p2b: Gholdengo|p1a: Tatsugiri\n|-resisted|p1b: Dondozo\n|-damage|p1b: Dondozo|4\/100\n|-unboost|p2b: Gholdengo|spa|1\n|\n|-heal|p1b: Dondozo|11\/100|[from] item: Leftovers\n|-sideend|p1: dd6.75|move: Tailwind\n|upkeep\n|turn|5\n|\n|t:|1729026751\n|move|p2b: Gholdengo|Make It Rain|p1a: Tatsugiri|[spread] p1b\n|-miss|p2b: Gholdengo|p1a: Tatsugiri\n|-resisted|p1b: Dondozo\n|-damage|p1b: Dondozo|0 fnt\n|-unboost|p2b: Gholdengo|spa|1\n|faint|p1b: Dondozo\n|move|p2a: Ursaluna|Blood Moon|p1a: Tatsugiri\n|-damage|p1a: Tatsugiri|0 fnt\n|faint|p1a: Tatsugiri\n|-damage|p2a: Ursaluna|70\/100|[from] item: Life Orb\n|\n|upkeep\n|\n|t:|1729026758\n|switch|p1a: Talonflame|Talonflame, L50, F|46\/100\n|switch|p1b: Pawmot|Pawmot, L50, F|1\/100\n|turn|6\n|\n|t:|1729026776\n|move|p2a: Ursaluna|Protect|p2a: Ursaluna\n|-singleturn|p2a: Ursaluna|Protect\n|move|p1a: Talonflame|Flare Blitz|p2b: Gholdengo\n|-supereffective|p2b: Gholdengo\n|-damage|p2b: Gholdengo|0 fnt\n|faint|p2b: Gholdengo\n|-damage|p1a: Talonflame|9\/100|[from] Recoil\n|move|p1b: Pawmot|Revival Blessing|p1b: Pawmot\n|\n|t:|1729026785\n|-heal|p1: Tatsugiri|50\/100|[from] move: Revival Blessing\n|\n|upkeep\n|\n|t:|1729026788\n|switch|p2b: Dragonite|Dragonite, L50, F|17\/100\n|turn|7\n|\n|t:|1729026802\n|move|p2b: Dragonite|Extreme Speed|p1b: Pawmot\n|-damage|p1b: Pawmot|0 fnt\n|faint|p1b: Pawmot\n|move|p1a: Talonflame|Brave Bird|p2b: Dragonite\n|-damage|p2b: Dragonite|0 fnt\n|faint|p2b: Dragonite\n|-damage|p1a: Talonflame|2\/100|[from] Recoil\n|move|p2a: Ursaluna|Hyper Voice|p1a: Talonflame\n|-damage|p1a: Talonflame|0 fnt\n|faint|p1a: Talonflame\n|-damage|p2a: Ursaluna|61\/100|[from] item: Life Orb\n|\n|upkeep\n|\n|t:|1729026809\n|switch|p1b: Tatsugiri|Tatsugiri, L50, M|50\/100\n|turn|8\n|\n|t:|1729026816\n|-terastallize|p1b: Tatsugiri|Water\n|move|p1b: Tatsugiri|Muddy Water|p2a: Ursaluna\n|-supereffective|p2a: Ursaluna\n|-damage|p2a: Ursaluna|0 fnt\n|faint|p2a: Ursaluna\n|\n|win|dd6.75\n|raw|dd6.75's rating: 1646 &rarr; <strong>1672<\/strong><br \/>(+26 for winning)\n|raw|bacardigin's rating: 1746 &rarr; <strong>1720<\/strong><br \/>(-26 for losing)\n|c|\u2606dd6.75|and hat is how it's done\n|l|\u2606bacardigin\n|player|p2|\n|l| Fallastest\n|c|\u2606dd6.75|you all like that?\n|c| Fishyyism|that was cold\n|l| harshachanamolu\n|l| Fishyyism\n","uploadtime":1729027042,"views":12,"formatid":"gen9vgc2024regh","rating":1672,"private":0,"password":null}