{"id":"gen9vgc2024regh-2223775995","format":"[Gen 9] VGC 2024 Reg H","players":["elvegis1","Blueaquajet3"],"log":"|j|\u2606elvegis1\n|j|\u2606Blueaquajet3\n|t:|1729032444\n|gametype|doubles\n|player|p1|elvegis1|lucas|1685\n|player|p2|Blueaquajet3|101|1750\n|teamsize|p1|6\n|teamsize|p2|6\n|gen|9\n|tier|[Gen 9] VGC 2024 Reg H\n|rated|\n|rule|Species Clause: Limit one of each Pok\u00e9mon\n|rule|Item Clause: Limit 1 of each item\n|clearpoke\n|poke|p1|Garchomp, L50, M|\n|poke|p1|Incineroar, L50, F|\n|poke|p1|Sneasler, L50, M|\n|poke|p1|Ninetales-Alola, L50, M|\n|poke|p1|Corviknight, L50, M|\n|poke|p1|Gholdengo, L50|\n|poke|p2|Amoonguss, L50, F|\n|poke|p2|Gholdengo, L50|\n|poke|p2|Porygon2, L50|\n|poke|p2|Incineroar, L50, M|\n|poke|p2|Ursaluna, L50, F|\n|poke|p2|Tyranitar, L50, F|\n|teampreview|4\n|inactive|Battle timer is ON: inactive players will automatically lose when time's up. (requested by Blueaquajet3)\n|inactive|Blueaquajet3 has 60 seconds left.\n|\n|t:|1729032495\n|start\n|switch|p1a: Incineroar|Incineroar, L50, F|100\/100\n|switch|p1b: Corviknight|Corviknight, L50, M|100\/100\n|switch|p2a: Sober|Porygon2, L50|100\/100\n|switch|p2b: Algorhythm|Amoonguss, L50, F|100\/100\n|-ability|p1a: Incineroar|Intimidate|boost\n|-unboost|p2a: Sober|atk|1\n|-unboost|p2b: Algorhythm|atk|1\n|-ability|p2a: Sober|Download|boost\n|-boost|p2a: Sober|spa|1\n|turn|1\n|\n|t:|1729032518\n|switch|p2b: III. Telegraph Ave|Incineroar, L50, M|100\/100\n|-ability|p2b: III. Telegraph Ave|Intimidate|boost\n|-unboost|p1a: Incineroar|atk|1\n|-ability|p1b: Corviknight|Mirror Armor\n|-unboost|p2b: III. Telegraph Ave|atk|1\n|move|p1a: Incineroar|Fake Out|p2a: Sober\n|-damage|p2a: Sober|96\/100\n|move|p1b: Corviknight|Taunt|p2b: III. Telegraph Ave\n|-start|p2b: III. Telegraph Ave|move: Taunt\n|cant|p2a: Sober|flinch\n|\n|upkeep\n|turn|2\n|\n|t:|1729032536\n|move|p2b: III. Telegraph Ave|Fake Out|p1b: Corviknight\n|-resisted|p1b: Corviknight\n|-damage|p1b: Corviknight|97\/100\n|cant|p1b: Corviknight|flinch\n|move|p1a: Incineroar|Knock Off|p2a: Sober\n|-damage|p2a: Sober|81\/100\n|-enditem|p2a: Sober|Eviolite|[from] move: Knock Off|[of] p1a: Incineroar\n|move|p2a: Sober|Trick Room|p2a: Sober\n|-fieldstart|move: Trick Room|[of] p2a: Sober\n|\n|upkeep\n|turn|3\n|inactive|elvegis1 has 30 seconds left.\n|inactive|Blueaquajet3 has 30 seconds left.\n|\n|t:|1729032564\n|move|p2a: Sober|Tera Blast|p1a: Incineroar\n|-damage|p1a: Incineroar|68\/100\n|move|p1a: Incineroar|Parting Shot|p2b: III. Telegraph Ave\n|-unboost|p2b: III. Telegraph Ave|atk|1\n|-unboost|p2b: III. Telegraph Ave|spa|1\n|\n|t:|1729032574\n|switch|p1a: Gholdengo|Gholdengo, L50|100\/100|[from] Parting Shot\n|move|p2b: III. Telegraph Ave|Knock Off|p1a: Gholdengo\n|-supereffective|p1a: Gholdengo\n|-crit|p1a: Gholdengo\n|-damage|p1a: Gholdengo|0 fnt\n|-enditem|p1a: Gholdengo|Metal Coat|[from] move: Knock Off|[of] p2b: III. Telegraph Ave\n|faint|p1a: Gholdengo\n|move|p1b: Corviknight|Brave Bird|p2b: III. Telegraph Ave\n|-damage|p2b: III. Telegraph Ave|57\/100\n|-damage|p1b: Corviknight|82\/100|[from] Recoil\n|\n|-end|p2b: III. Telegraph Ave|move: Taunt\n|upkeep\n|c|\u2606elvegis1|Cmon\n|c|\u2606elvegis1|Crit\n|c|\u2606Blueaquajet3|Sorry\n|\n|t:|1729032597\n|switch|p1a: Incineroar|Incineroar, L50, F|68\/100\n|-ability|p1a: Incineroar|Intimidate|boost\n|-unboost|p2a: Sober|atk|1\n|-unboost|p2b: III. Telegraph Ave|atk|1\n|turn|4\n|\n|t:|1729032614\n|move|p1a: Incineroar|Fake Out|p2a: Sober\n|-damage|p2a: Sober|71\/100\n|cant|p2a: Sober|flinch\n|move|p2b: III. Telegraph Ave|Knock Off|p1a: Incineroar\n|-resisted|p1a: Incineroar\n|-damage|p1a: Incineroar|61\/100\n|-enditem|p1a: Incineroar|Safety Goggles|[from] move: Knock Off|[of] p2b: III. Telegraph Ave\n|move|p1b: Corviknight|Brave Bird|p2b: III. Telegraph Ave\n|-damage|p2b: III. Telegraph Ave|13\/100\n|-damage|p1b: Corviknight|68\/100|[from] Recoil\n|\n|upkeep\n|turn|5\n|\n|t:|1729032634\n|move|p2a: Sober|Ice Beam|p1b: Corviknight\n|-damage|p1b: Corviknight|36\/100\n|-enditem|p1b: Corviknight|Sitrus Berry|[eat]\n|-heal|p1b: Corviknight|61\/100|[from] item: Sitrus Berry\n|move|p1a: Incineroar|Parting Shot|p2a: Sober\n|-unboost|p2a: Sober|atk|1\n|-unboost|p2a: Sober|spa|1\n|\n|t:|1729032641\n|switch|p1a: Garchomp|Garchomp, L50, M|100\/100|[from] Parting Shot\n|move|p2b: III. Telegraph Ave|Parting Shot|p1a: Garchomp\n|-unboost|p1a: Garchomp|atk|1\n|-unboost|p1a: Garchomp|spa|1\n|\n|t:|1729032650\n|switch|p2b: Algorhythm|Amoonguss, L50, F|100\/100|[from] Parting Shot\n|move|p1b: Corviknight|Roost|p1b: Corviknight\n|-heal|p1b: Corviknight|100\/100\n|-singleturn|p1b: Corviknight|move: Roost\n|\n|upkeep\n|turn|6\n|\n|t:|1729032665\n|switch|p2a: III. Telegraph Ave|Incineroar, L50, M|13\/100\n|-ability|p2a: III. Telegraph Ave|Intimidate|boost\n|-unboost|p1a: Garchomp|atk|1\n|-ability|p1b: Corviknight|Mirror Armor\n|-unboost|p2a: III. Telegraph Ave|atk|1\n|-terastallize|p1a: Garchomp|Fire\n|move|p2b: Algorhythm|Spore|p1b: Corviknight\n|-status|p1b: Corviknight|slp|[from] move: Spore\n|cant|p1b: Corviknight|slp\n|move|p1a: Garchomp|Earthquake|p2b: Algorhythm|[spread] p2a,p2b\n|-immune|p1b: Corviknight\n|-supereffective|p2a: III. Telegraph Ave\n|-damage|p2a: III. Telegraph Ave|0 fnt\n|-damage|p2b: Algorhythm|79\/100\n|faint|p2a: III. Telegraph Ave\n|-damage|p1a: Garchomp|91\/100|[from] item: Life Orb\n|\n|-fieldend|move: Trick Room\n|upkeep\n|inactive|Blueaquajet3 has 30 seconds left.\n|\n|t:|1729032695\n|switch|p2a: Sober|Porygon2, L50|71\/100\n|-ability|p2a: Sober|Download|boost\n|-boost|p2a: Sober|spa|1\n|turn|7\n|\n|t:|1729032713\n|move|p1a: Garchomp|Earthquake|p2a: Sober|[spread] p2a,p2b\n|-immune|p1b: Corviknight\n|-damage|p2a: Sober|48\/100\n|-damage|p2b: Algorhythm|59\/100\n|-damage|p1a: Garchomp|81\/100|[from] item: Life Orb\n|cant|p1b: Corviknight|slp\n|move|p2b: Algorhythm|Pollen Puff|p2a: Sober\n|-heal|p2a: Sober|98\/100\n|move|p2a: Sober|Trick Room|p2a: Sober\n|-fieldstart|move: Trick Room|[of] p2a: Sober\n|\n|upkeep\n|turn|8\n|\n|t:|1729032734\n|move|p2b: Algorhythm|Protect|p2b: Algorhythm\n|-singleturn|p2b: Algorhythm|Protect\n|move|p1a: Garchomp|Protect|p1a: Garchomp\n|-singleturn|p1a: Garchomp|Protect\n|move|p2a: Sober|Tera Blast|p1a: Garchomp\n|-activate|p1a: Garchomp|move: Protect\n|cant|p1b: Corviknight|slp\n|\n|upkeep\n|turn|9\n|\n|t:|1729032754\n|move|p2b: Algorhythm|Spore|p1a: Garchomp\n|-status|p1a: Garchomp|slp|[from] move: Spore\n|move|p2a: Sober|Ice Beam|p1b: Corviknight\n|-damage|p1b: Corviknight|67\/100 slp\n|-curestatus|p1b: Corviknight|slp|[msg]\n|move|p1b: Corviknight|Brave Bird|p2b: Algorhythm\n|-supereffective|p2b: Algorhythm\n|-damage|p2b: Algorhythm|0 fnt\n|-damage|p1b: Corviknight|50\/100|[from] item: Rocky Helmet|[of] p2b: Algorhythm\n|faint|p2b: Algorhythm\n|-damage|p1b: Corviknight|29\/100|[from] Recoil\n|cant|p1a: Garchomp|slp\n|\n|upkeep\n|\n|t:|1729032763\n|switch|p2b: Redbone|Gholdengo, L50|100\/100\n|turn|10\n|\n|t:|1729032778\n|move|p2a: Sober|Ice Beam|p1b: Corviknight\n|-damage|p1b: Corviknight|0 fnt\n|faint|p1b: Corviknight\n|move|p2b: Redbone|Nasty Plot|p2b: Redbone\n|-boost|p2b: Redbone|spa|2\n|cant|p1a: Garchomp|slp\n|\n|upkeep\n|\n|t:|1729032787\n|switch|p1b: Incineroar|Incineroar, L50, F|61\/100\n|-ability|p1b: Incineroar|Intimidate|boost\n|-unboost|p2a: Sober|atk|1\n|-unboost|p2b: Redbone|atk|1\n|turn|11\n|\n|t:|1729032795\n|move|p2b: Redbone|Protect|p2b: Redbone\n|-singleturn|p2b: Redbone|Protect\n|move|p2a: Sober|Tera Blast|p1b: Incineroar\n|-damage|p1b: Incineroar|24\/100\n|move|p1b: Incineroar|Flare Blitz|p2b: Redbone\n|-activate|p2b: Redbone|move: Protect\n|cant|p1a: Garchomp|slp\n|\n|-fieldend|move: Trick Room\n|upkeep\n|turn|12\n|\n|t:|1729032810\n|-terastallize|p2b: Redbone|Dragon\n|-curestatus|p1a: Garchomp|slp|[msg]\n|move|p1a: Garchomp|Stomping Tantrum|p2b: Redbone\n|-damage|p2b: Redbone|46\/100\n|-damage|p1a: Garchomp|71\/100|[from] item: Life Orb\n|move|p2b: Redbone|Make It Rain|p1a: Garchomp|[spread] p1a,p1b\n|-resisted|p1a: Garchomp\n|-resisted|p1b: Incineroar\n|-damage|p1a: Garchomp|2\/100\n|-damage|p1b: Incineroar|0 fnt\n|-unboost|p2b: Redbone|spa|1\n|faint|p1b: Incineroar\n|-damage|p2b: Redbone|36\/100|[from] item: Life Orb\n|move|p2a: Sober|Tera Blast|p1a: Garchomp\n|-damage|p1a: Garchomp|0 fnt\n|faint|p1a: Garchomp\n|\n|win|Blueaquajet3\n|raw|elvegis1's rating: 1685 &rarr; <strong>1669<\/strong><br \/>(-16 for losing)\n|raw|Blueaquajet3's rating: 1750 &rarr; <strong>1766<\/strong><br \/>(+16 for winning)\n|l|\u2606elvegis1\n|player|p1|\n","uploadtime":1729033047,"views":15,"formatid":"gen9vgc2024regh","rating":1669,"private":0,"password":null}