{"id":"gen9vgc2024regh-2223628216","format":"[Gen 9] VGC 2024 Reg H","players":["bigbadbirdvgc","Zordor"],"log":"|j|\u2606bigbadbirdvgc\n|j|\u2606Zordor\n|t:|1729018237\n|gametype|doubles\n|player|p1|bigbadbirdvgc|170|1718\n|player|p2|Zordor|pilot|1796\n|teamsize|p1|6\n|teamsize|p2|6\n|gen|9\n|tier|[Gen 9] VGC 2024 Reg H\n|rated|\n|rule|Species Clause: Limit one of each Pok\u00e9mon\n|rule|Item Clause: Limit 1 of each item\n|clearpoke\n|poke|p1|Basculegion, L50, M|\n|poke|p1|Pelipper, L50, F|\n|poke|p1|Archaludon, L50, M|\n|poke|p1|Sinistcha, L50|\n|poke|p1|Farigiraf, L50, M|\n|poke|p1|Sableye, L50, M|\n|poke|p2|Rotom-Wash, L50|\n|poke|p2|Sneasler, L50, F|\n|poke|p2|Kingambit, L50, M|\n|poke|p2|Armarouge, L50, M|\n|poke|p2|Dragapult, L50, F|\n|poke|p2|Venusaur, L50, M|\n|teampreview|4\n|\n|t:|1729018302\n|start\n|switch|p1a: Sableye|Sableye, L50, M|100\/100\n|switch|p1b: Archaludon|Archaludon, L50, M|100\/100\n|switch|p2a: Rotom|Rotom-Wash, L50|100\/100\n|switch|p2b: Kingambit|Kingambit, L50, M|100\/100\n|turn|1\n|c|\u2606bigbadbirdvgc|i recognise your name, you've been around for a while right?\n|\n|t:|1729018336\n|move|p1a: Sableye|Light Screen|p1a: Sableye\n|-sidestart|p1: bigbadbirdvgc|move: Light Screen\n|move|p2a: Rotom|Will-O-Wisp|p1b: Archaludon\n|-status|p1b: Archaludon|brn\n|move|p1b: Archaludon|Body Press|p2b: Kingambit\n|-supereffective|p2b: Kingambit\n|-damage|p2b: Kingambit|65\/100\n|move|p2b: Kingambit|Throat Chop|p1a: Sableye\n|-damage|p1a: Sableye|50\/100\n|-start|p1a: Sableye|Throat Chop|[silent]\n|\n|-damage|p1b: Archaludon|94\/100 brn|[from] brn\n|upkeep\n|turn|2\n|c|\u2606Zordor|a bit\n|j| oherrodersir\n|\n|t:|1729018380\n|switch|p2b: Venusaur|Venusaur, L50, M|100\/100\n|move|p1a: Sableye|Rain Dance|p1a: Sableye\n|-weather|RainDance\n|move|p2a: Rotom|Hydro Pump|p1a: Sableye\n|-damage|p1a: Sableye|0 fnt\n|faint|p1a: Sableye\n|move|p1b: Archaludon|Electro Shot||[still]\n|-prepare|p1b: Archaludon|Electro Shot\n|-boost|p1b: Archaludon|spa|1\n|-anim|p1b: Archaludon|Electro Shot|p2b: Venusaur\n|-resisted|p2b: Venusaur\n|-damage|p2b: Venusaur|72\/100\n|\n|-weather|RainDance|[upkeep]\n|-heal|p2b: Venusaur|78\/100|[from] item: Leftovers\n|-damage|p1b: Archaludon|88\/100 brn|[from] brn\n|upkeep\n|\n|t:|1729018396\n|switch|p1a: Basculegion|Basculegion, L50, M|100\/100\n|turn|3\n|\n|t:|1729018426\n|-terastallize|p1a: Basculegion|Grass\n|move|p2b: Venusaur|Protect|p2b: Venusaur\n|-singleturn|p2b: Venusaur|Protect\n|move|p1a: Basculegion|Last Respects|p2b: Venusaur\n|-activate|p2b: Venusaur|move: Protect\n|move|p2a: Rotom|Will-O-Wisp|p1a: Basculegion\n|-status|p1a: Basculegion|brn\n|move|p1b: Archaludon|Electro Shot||[still]\n|-prepare|p1b: Archaludon|Electro Shot\n|-boost|p1b: Archaludon|spa|1\n|-anim|p1b: Archaludon|Electro Shot|p2b: Venusaur\n|-activate|p2b: Venusaur|move: Protect\n|\n|-weather|RainDance|[upkeep]\n|-heal|p2b: Venusaur|85\/100|[from] item: Leftovers\n|-damage|p1a: Basculegion|94\/100 brn|[from] brn\n|-damage|p1b: Archaludon|82\/100 brn|[from] brn\n|upkeep\n|turn|4\n|\n|t:|1729018449\n|move|p2a: Rotom|Protect|p2a: Rotom\n|-singleturn|p2a: Rotom|Protect\n|move|p1a: Basculegion|Flip Turn|p2b: Venusaur\n|-resisted|p2b: Venusaur\n|-damage|p2b: Venusaur|69\/100\n|\n|t:|1729018454\n|switch|p1a: Pelipper|Pelipper, L50, F|100\/100|[from] Flip Turn\n|move|p2b: Venusaur|Sludge Bomb|p1a: Pelipper\n|-crit|p1a: Pelipper\n|-enditem|p1a: Pelipper|Focus Sash\n|-damage|p1a: Pelipper|1\/100\n|-status|p1a: Pelipper|psn\n|move|p1b: Archaludon|Flash Cannon|p2b: Venusaur\n|-damage|p2b: Venusaur|0 fnt\n|faint|p2b: Venusaur\n|\n|-weather|RainDance|[upkeep]\n|-damage|p1a: Pelipper|0 fnt|[from] psn\n|faint|p1a: Pelipper\n|-damage|p1b: Archaludon|75\/100 brn|[from] brn\n|upkeep\n|j| Claarity\n|c|\u2606bigbadbirdvgc|that wasn't a nice rng turn :D\n|\n|t:|1729018483\n|switch|p1a: Basculegion|Basculegion, L50, M, tera:Grass|94\/100 brn\n|switch|p2b: Dragapult|Dragapult, L50, F|100\/100\n|turn|5\n|j| nebito47\n|c|\u2606Zordor|pelipper living would have been nicer for both of us i think lol\n|j| Scylla44\n|c|\u2606bigbadbirdvgc|hmm true\n|\n|t:|1729018524\n|-terastallize|p2b: Dragapult|Fighting\n|move|p1a: Basculegion|Last Respects|p2b: Dragapult\n|-damage|p2b: Dragapult|56\/100\n|move|p2b: Dragapult|Tera Blast|p1b: Archaludon|[anim] Tera Blast Fighting\n|-supereffective|p1b: Archaludon\n|-damage|p1b: Archaludon|18\/100 brn\n|-ability|p1b: Archaludon|Stamina|boost\n|-boost|p1b: Archaludon|def|1\n|move|p2a: Rotom|Electroweb|p1a: Basculegion|[spread] p1a,p1b\n|-resisted|p1a: Basculegion\n|-resisted|p1b: Archaludon\n|-damage|p1a: Basculegion|90\/100 brn\n|-damage|p1b: Archaludon|15\/100 brn\n|-unboost|p1a: Basculegion|spe|1\n|-unboost|p1b: Archaludon|spe|1\n|-ability|p1b: Archaludon|Stamina|boost\n|-boost|p1b: Archaludon|def|1\n|move|p1b: Archaludon|Electro Shot||[still]\n|-prepare|p1b: Archaludon|Electro Shot\n|-boost|p1b: Archaludon|spa|1\n|-anim|p1b: Archaludon|Electro Shot|p2a: Rotom\n|-damage|p2a: Rotom|0 fnt\n|faint|p2a: Rotom\n|\n|-weather|RainDance|[upkeep]\n|-damage|p1a: Basculegion|84\/100 brn|[from] brn\n|-damage|p1b: Archaludon|9\/100 brn|[from] brn\n|-sideend|p1: bigbadbirdvgc|move: Light Screen\n|upkeep\n|\n|t:|1729018545\n|switch|p2a: Kingambit|Kingambit, L50, M|65\/100\n|turn|6\n|\n|t:|1729018566\n|move|p2a: Kingambit|Sucker Punch|p1b: Archaludon\n|-damage|p1b: Archaludon|0 fnt\n|faint|p1b: Archaludon\n|move|p2b: Dragapult|Dragon Darts|p1a: Basculegion\n|-damage|p1a: Basculegion|54\/100 brn\n|-anim|p2b: Dragapult|Dragon Darts|p1a: Basculegion\n|-damage|p1a: Basculegion|24\/100 brn\n|move|p1a: Basculegion|Wave Crash|p2b: Dragapult\n|-damage|p2b: Dragapult|0 fnt\n|faint|p2b: Dragapult\n|-damage|p1a: Basculegion|8\/100 brn|[from] Recoil\n|\n|-weather|none\n|-damage|p1a: Basculegion|2\/100 brn|[from] brn\n|upkeep\n|turn|7\n|c|\u2606bigbadbirdvgc|gg\n|\n|t:|1729018582\n|move|p2a: Kingambit|Protect|p2a: Kingambit\n|-singleturn|p2a: Kingambit|Protect\n|move|p1a: Basculegion|Wave Crash|p2a: Kingambit\n|-activate|p2a: Kingambit|move: Protect\n|\n|-damage|p1a: Basculegion|0 fnt|[from] brn\n|faint|p1a: Basculegion\n|\n|win|Zordor\n|upkeep\n|raw|bigbadbirdvgc's rating: 1718 &rarr; <strong>1702<\/strong><br \/>(-16 for losing)\n|raw|Zordor's rating: 1796 &rarr; <strong>1812<\/strong><br \/>(+16 for winning)\n|c|\u2606Zordor|you too\n|l|\u2606bigbadbirdvgc\n|player|p1|\n|l| Scylla44\n|l| nebito47\n","uploadtime":1729018720,"views":45,"formatid":"gen9vgc2024regh","rating":1702,"private":0,"password":null}