{"id":"gen9vgc2024regh-2223144432","format":"[Gen 9] VGC 2024 Reg H","players":["elvegis1","Peeeeeen\u6975clutch"],"log":"|j|\u2606elvegis1\n|j|\u2606Peeeeeen\u6975clutch\n|t:|1728960303\n|gametype|doubles\n|player|p1|elvegis1|lucas|1766\n|player|p2|Peeeeeen\u6975clutch|266|1670\n|teamsize|p1|6\n|teamsize|p2|6\n|gen|9\n|tier|[Gen 9] VGC 2024 Reg H\n|rated|\n|rule|Species Clause: Limit one of each Pok\u00e9mon\n|rule|Item Clause: Limit 1 of each item\n|clearpoke\n|poke|p1|Garchomp, L50, M|\n|poke|p1|Incineroar, L50, M|\n|poke|p1|Sneasler, L50, F|\n|poke|p1|Milotic, L50, F|\n|poke|p1|Corviknight, L50, M|\n|poke|p1|Gholdengo, L50|\n|poke|p2|Dragonite, L50, F|\n|poke|p2|Sneasler, L50, M|\n|poke|p2|Rillaboom, L50, M|\n|poke|p2|Kingambit, L50, M|\n|poke|p2|Archaludon, L50, F|\n|poke|p2|Ninetales-Alola, L50, M|\n|teampreview|4\n|inactive|Battle timer is ON: inactive players will automatically lose when time's up. (requested by Peeeeeen\u6975clutch)\n|j| DojimaDog\n|inactive|Peeeeeen\u6975clutch has 60 seconds left.\n|j| moon7777\n|inactive|Peeeeeen\u6975clutch has 30 seconds left.\n|inactive|Peeeeeen\u6975clutch has 20 seconds left.\n|\n|t:|1728960377\n|start\n|switch|p1a: Sneasler|Sneasler, L50, F|100\/100\n|switch|p1b: Gholdengo|Gholdengo, L50|100\/100\n|switch|p2a: Ninetales|Ninetales-Alola, L50, M|100\/100\n|switch|p2b: Kingambit|Kingambit, L50, M|100\/100\n|-weather|Snow|[from] ability: Snow Warning|[of] p2a: Ninetales\n|turn|1\n|inactive|Peeeeeen\u6975clutch has 30 seconds left.\n|\n|t:|1728960404\n|-terastallize|p2a: Ninetales|Water\n|-terastallize|p1b: Gholdengo|Water\n|move|p2b: Kingambit|Sucker Punch|p1b: Gholdengo\n|-damage|p1b: Gholdengo|62\/100\n|move|p1a: Sneasler|Close Combat|p2b: Kingambit\n|-supereffective|p2b: Kingambit\n|-damage|p2b: Kingambit|0 fnt\n|-unboost|p1a: Sneasler|def|1\n|-unboost|p1a: Sneasler|spd|1\n|faint|p2b: Kingambit\n|move|p2a: Ninetales|Aurora Veil|p2a: Ninetales\n|-sidestart|p2: Peeeeeen\u6975clutch|move: Aurora Veil\n|move|p1b: Gholdengo|Make It Rain|p2a: Ninetales\n|-resisted|p2a: Ninetales\n|-damage|p2a: Ninetales|72\/100\n|-unboost|p1b: Gholdengo|spa|1\n|\n|-weather|Snow|[upkeep]\n|upkeep\n|inactive|Peeeeeen\u6975clutch has 30 seconds left.\n|\n|t:|1728960435\n|switch|p2b: Dragonite|Dragonite, L50, F|100\/100\n|turn|2\n|\n|t:|1728960442\n|switch|p1b: Incineroar|Incineroar, L50, M|100\/100\n|-ability|p1b: Incineroar|Intimidate|boost\n|-unboost|p2a: Ninetales|atk|1\n|-unboost|p2b: Dragonite|atk|1\n|move|p1a: Sneasler|Protect|p1a: Sneasler\n|-singleturn|p1a: Sneasler|Protect\n|move|p2a: Ninetales|Freeze-Dry|p1b: Incineroar\n|-resisted|p1b: Incineroar\n|-damage|p1b: Incineroar|89\/100\n|move|p2b: Dragonite|Scale Shot|p1a: Sneasler\n|-activate|p1a: Sneasler|move: Protect\n|\n|-weather|Snow|[upkeep]\n|upkeep\n|turn|3\n|inactive|elvegis1 has 30 seconds left.\n|\n|t:|1728960471\n|move|p2b: Dragonite|Protect|p2b: Dragonite\n|-singleturn|p2b: Dragonite|Protect\n|move|p1b: Incineroar|Fake Out|p2b: Dragonite\n|-activate|p2b: Dragonite|move: Protect\n|move|p1a: Sneasler|Dire Claw|p2a: Ninetales\n|-damage|p2a: Ninetales|33\/100\n|move|p2a: Ninetales|Blizzard|p1a: Sneasler|[spread] p1a,p1b\n|-resisted|p1b: Incineroar\n|-damage|p1a: Sneasler|40\/100\n|-damage|p1b: Incineroar|77\/100\n|-status|p1a: Sneasler|frz\n|\n|-weather|Snow|[upkeep]\n|upkeep\n|turn|4\n|inactive|elvegis1 has 30 seconds left.\n|\n|t:|1728960497\n|cant|p1a: Sneasler|frz\n|move|p2a: Ninetales|Encore|p1b: Incineroar\n|-start|p1b: Incineroar|Encore\n|move|p2b: Dragonite|Scale Shot|p1a: Sneasler\n|-damage|p1a: Sneasler|15\/100 frz\n|-damage|p1a: Sneasler|0 fnt\n|faint|p1a: Sneasler\n|-hitcount|p1: Sneasler|2\n|-unboost|p2b: Dragonite|def|1\n|-boost|p2b: Dragonite|spe|1\n|move|p1b: Incineroar|Fake Out||[still]\n|-hint|Fake Out only works on your first turn out.\n|-fail|p1b: Incineroar\n|\n|-weather|Snow|[upkeep]\n|upkeep\n|\n|t:|1728960507\n|switch|p1a: Gholdengo|Gholdengo, L50, tera:Water|62\/100\n|turn|5\n|\n|t:|1728960516\n|move|p1b: Incineroar|Fake Out||[still]\n|-hint|Fake Out only works on your first turn out.\n|-fail|p1b: Incineroar\n|move|p2b: Dragonite|Scale Shot|p1b: Incineroar\n|-damage|p1b: Incineroar|69\/100\n|-damage|p1b: Incineroar|61\/100\n|-damage|p1b: Incineroar|52\/100\n|-damage|p1b: Incineroar|43\/100\n|-damage|p1b: Incineroar|35\/100\n|-hitcount|p1b: Incineroar|5\n|-unboost|p2b: Dragonite|def|1\n|-boost|p2b: Dragonite|spe|1\n|move|p2a: Ninetales|Freeze-Dry|p1a: Gholdengo\n|-supereffective|p1a: Gholdengo\n|-damage|p1a: Gholdengo|0 fnt\n|faint|p1a: Gholdengo\n|\n|-weather|none\n|-sideend|p2: Peeeeeen\u6975clutch|move: Aurora Veil\n|upkeep\n|\n|t:|1728960531\n|switch|p1a: Garchomp|Garchomp, L50, M|100\/100\n|turn|6\n|\n|t:|1728960544\n|move|p1b: Incineroar|Fake Out||[still]\n|-hint|Fake Out only works on your first turn out.\n|-fail|p1b: Incineroar\n|move|p2b: Dragonite|Scale Shot|p1b: Incineroar|[miss]\n|-miss|p2b: Dragonite|p1b: Incineroar\n|move|p2a: Ninetales|Freeze-Dry|p1a: Garchomp\n|-supereffective|p1a: Garchomp\n|-damage|p1a: Garchomp|0 fnt\n|faint|p1a: Garchomp\n|\n|-end|p1b: Incineroar|Encore\n|upkeep\n|turn|7\n|\n|t:|1728960555\n|move|p2b: Dragonite|Scale Shot|p1b: Incineroar\n|-damage|p1b: Incineroar|27\/100\n|-damage|p1b: Incineroar|19\/100\n|-damage|p1b: Incineroar|11\/100\n|-damage|p1b: Incineroar|2\/100\n|-hitcount|p1b: Incineroar|4\n|-unboost|p2b: Dragonite|def|1\n|-boost|p2b: Dragonite|spe|1\n|move|p2a: Ninetales|Encore|p1b: Incineroar\n|-start|p1b: Incineroar|Encore\n|move|p1b: Incineroar|Fake Out||[still]\n|-hint|Fake Out only works on your first turn out.\n|-fail|p1b: Incineroar\n|\n|upkeep\n|turn|8\n|j| sam smithy\n|\n|t:|1728960572\n|switch|p2a: Rillaboom|Rillaboom, L50, M|100\/100\n|-fieldstart|move: Grassy Terrain|[from] ability: Grassy Surge|[of] p2a: Rillaboom\n|move|p1b: Incineroar|Fake Out||[still]\n|-hint|Fake Out only works on your first turn out.\n|-fail|p1b: Incineroar\n|move|p2b: Dragonite|Extreme Speed|p1b: Incineroar\n|-damage|p1b: Incineroar|0 fnt\n|faint|p1b: Incineroar\n|\n|win|Peeeeeen\u6975clutch\n|raw|elvegis1's rating: 1766 &rarr; <strong>1741<\/strong><br \/>(-25 for losing)\n|raw|Peeeeeen\u6975clutch's rating: 1670 &rarr; <strong>1695<\/strong><br \/>(+25 for winning)\n|l|\u2606elvegis1\n|player|p1|\n|l| DojimaDog\n|c|\u2606Peeeeeen\u6975clutch|gg\n|l|\u2606Peeeeeen\u6975clutch\n|player|p2|\n","uploadtime":1728960722,"views":15,"formatid":"gen9vgc2024regh","rating":1695,"private":0,"password":null}