{"id":"gen9vgc2024regh-2223294441","format":"[Gen 9] VGC 2024 Reg H","players":["sailyors","engineervgc"],"log":"|j|\u2606sailyors\n|j|\u2606engineervgc\n|t:|1728983805\n|gametype|doubles\n|player|p1|sailyors|iris-gen5bw2|1693\n|player|p2|engineervgc|102|1708\n|teamsize|p1|6\n|teamsize|p2|6\n|gen|9\n|tier|[Gen 9] VGC 2024 Reg H\n|rated|\n|rule|Species Clause: Limit one of each Pok\u00e9mon\n|rule|Item Clause: Limit 1 of each item\n|clearpoke\n|poke|p1|Ninetales-Alola, L50, F|\n|poke|p1|Maushold, L50|\n|poke|p1|Sinistcha, L50|\n|poke|p1|Annihilape, L50, M|\n|poke|p1|Incineroar, L50, F|\n|poke|p1|Dragonite, L50, M|\n|poke|p2|Amoonguss, L50, M|\n|poke|p2|Sneasler, L50, F|\n|poke|p2|Primarina, L50, M|\n|poke|p2|Garchomp, L50, M|\n|poke|p2|Mimikyu, L50, F|\n|poke|p2|Incineroar, L50, F|\n|teampreview|4\n|inactive|Battle timer is ON: inactive players will automatically lose when time's up. (requested by sailyors)\n|inactive|engineervgc has 60 seconds left.\n|inactive|engineervgc has 30 seconds left.\n|\n|t:|1728983869\n|start\n|switch|p1a: Ninetales|Ninetales-Alola, L50, F|100\/100\n|switch|p1b: Annihilape|Annihilape, L50, M|100\/100\n|switch|p2a: Mimikyu|Mimikyu, L50, F|100\/100\n|switch|p2b: Amoonguss|Amoonguss, L50, M|100\/100\n|-weather|Snow|[from] ability: Snow Warning|[of] p1a: Ninetales\n|turn|1\n|\n|t:|1728983890\n|-terastallize|p2a: Mimikyu|Fairy\n|move|p1a: Ninetales|Aurora Veil|p1a: Ninetales\n|-sidestart|p1: sailyors|move: Aurora Veil\n|move|p2a: Mimikyu|Play Rough|p1b: Annihilape\n|-supereffective|p1b: Annihilape\n|-damage|p1b: Annihilape|18\/100\n|-damage|p2a: Mimikyu|91\/100|[from] item: Life Orb\n|move|p1b: Annihilape|Bulk Up|p1b: Annihilape\n|-boost|p1b: Annihilape|atk|1\n|-boost|p1b: Annihilape|def|1\n|move|p2b: Amoonguss|Spore|p1a: Ninetales\n|-status|p1a: Ninetales|slp|[from] move: Spore\n|\n|-weather|Snow|[upkeep]\n|-heal|p1b: Annihilape|24\/100|[from] item: Leftovers\n|upkeep\n|turn|2\n|\n|t:|1728983907\n|switch|p1a: Sinistcha|Sinistcha, L50|100\/100\n|-heal|p1b: Annihilape|49\/100|[from] ability: Hospitality|[of] p1a: Sinistcha\n|move|p1b: Annihilape|Protect|p1b: Annihilape\n|-singleturn|p1b: Annihilape|Protect\n|move|p2b: Amoonguss|Leaf Storm|p1b: Annihilape\n|-activate|p1b: Annihilape|move: Protect\n|move|p2a: Mimikyu|Trick Room|p2a: Mimikyu\n|-fieldstart|move: Trick Room|[of] p2a: Mimikyu\n|\n|-weather|Snow|[upkeep]\n|-heal|p1b: Annihilape|54\/100|[from] item: Leftovers\n|upkeep\n|turn|3\n|\n|t:|1728983927\n|switch|p1a: Maushold|Maushold, L50|100\/100\n|-terastallize|p1b: Annihilape|Fire\n|move|p2a: Mimikyu|Shadow Sneak|p1a: Maushold\n|-immune|p1a: Maushold\n|move|p2b: Amoonguss|Spore|p1b: Annihilape\n|-status|p1b: Annihilape|slp|[from] move: Spore\n|cant|p1b: Annihilape|slp\n|\n|-weather|Snow|[upkeep]\n|-heal|p1b: Annihilape|60\/100 slp|[from] item: Leftovers\n|upkeep\n|turn|4\n|\n|t:|1728983944\n|switch|p2b: Primarina|Primarina, L50, M|100\/100\n|switch|p1a: Sinistcha|Sinistcha, L50|100\/100\n|-heal|p1b: Annihilape|85\/100 slp|[from] ability: Hospitality|[of] p1a: Sinistcha\n|-curestatus|p1b: Annihilape|slp|[msg]\n|move|p1b: Annihilape|Rage Fist|p2b: Primarina\n|-damage|p2b: Primarina|10\/100\n|move|p2a: Mimikyu|Play Rough|p1a: Sinistcha\n|-damage|p1a: Sinistcha|72\/100\n|-damage|p2a: Mimikyu|75\/100|[from] item: Rocky Helmet|[of] p1a: Sinistcha\n|-damage|p2a: Mimikyu|65\/100|[from] item: Life Orb\n|\n|-weather|Snow|[upkeep]\n|-heal|p1b: Annihilape|91\/100|[from] item: Leftovers\n|upkeep\n|turn|5\n|inactive|engineervgc has 30 seconds left.\n|inactive|engineervgc has 20 seconds left.\n|inactive|engineervgc has 15 seconds left.\n|inactive|engineervgc has 10 seconds left.\n|inactive|engineervgc has 5 seconds left.\n|\n|t:|1728983999\n|move|p1b: Annihilape|Protect|p1b: Annihilape\n|-singleturn|p1b: Annihilape|Protect\n|move|p2a: Mimikyu|Shadow Sneak|p1a: Sinistcha\n|-supereffective|p1a: Sinistcha\n|-damage|p1a: Sinistcha|51\/100\n|-damage|p2a: Mimikyu|49\/100|[from] item: Rocky Helmet|[of] p1a: Sinistcha\n|-damage|p2a: Mimikyu|39\/100|[from] item: Life Orb\n|move|p1a: Sinistcha|Matcha Gotcha|p2a: Mimikyu|[spread] p2a,p2b\n|-supereffective|p2b: Primarina\n|-activate|p2a: Mimikyu|ability: Disguise\n|-damage|p2a: Mimikyu|39\/100\n|-damage|p2b: Primarina|0 fnt\n|-heal|p1a: Sinistcha|56\/100|[from] drain|[of] p2b: Primarina\n|detailschange|p2a: Mimikyu|Mimikyu-Busted, L50, F, tera:Fairy\n|-damage|p2a: Mimikyu|27\/100|[from] pokemon: Mimikyu-Busted\n|faint|p2b: Primarina\n|\n|-weather|none\n|-heal|p1b: Annihilape|97\/100|[from] item: Leftovers\n|upkeep\n|inactive|engineervgc has 30 seconds left.\n|inactive|engineervgc has 20 seconds left.\n|inactive|engineervgc has 15 seconds left.\n|inactive|engineervgc has 10 seconds left.\n|inactive|engineervgc has 5 seconds left.\n|\n|t:|1728984054\n|switch|p2b: Amoonguss|Amoonguss, L50, M|100\/100\n|turn|6\n|inactive|engineervgc has 30 seconds left.\n|inactive|engineervgc has 20 seconds left.\n|inactive|engineervgc has 15 seconds left.\n|inactive|engineervgc has 10 seconds left.\n|inactive|engineervgc has 5 seconds left.\n|\n|t:|1728984109\n|move|p2a: Mimikyu|Shadow Sneak|p1b: Annihilape\n|-damage|p1b: Annihilape|86\/100\n|-damage|p2a: Mimikyu|18\/100|[from] item: Life Orb\n|move|p2b: Amoonguss|Spore|p1a: Sinistcha\n|-immune|p1a: Sinistcha\n|move|p1a: Sinistcha|Life Dew|p1a: Sinistcha|[spread] p1a,p1b\n|-heal|p1a: Sinistcha|82\/100\n|-heal|p1b: Annihilape|100\/100\n|move|p1b: Annihilape|Rage Fist|p2a: Mimikyu\n|-damage|p2a: Mimikyu|0 fnt\n|faint|p2a: Mimikyu\n|\n|-fieldend|move: Trick Room\n|upkeep\n|inactive|engineervgc has 30 seconds left.\n|inactive|engineervgc has 20 seconds left.\n|inactive|engineervgc has 15 seconds left.\n|-message|engineervgc forfeited.\n|\n|win|sailyors\n|raw|sailyors's rating: 1693 &rarr; <strong>1714<\/strong><br \/>(+21 for winning)\n|raw|engineervgc's rating: 1708 &rarr; <strong>1687<\/strong><br \/>(-21 for losing)\n|l|\u2606engineervgc\n|player|p2|\n|l|\u2606sailyors\n|player|p1|\n","uploadtime":1728984353,"views":12,"formatid":"gen9vgc2024regh","rating":1687,"private":0,"password":null}