{"id":"gen9vgc2024regh-2223457169","format":"[Gen 9] VGC 2024 Reg H","players":["SERENA2024","rough Pult"],"log":"|j|\u2606SERENA2024\n|j|\u2606rough Pult\n|t:|1729003521\n|gametype|doubles\n|player|p1|SERENA2024|170|1731\n|player|p2|rough Pult|giovanni|1785\n|teamsize|p1|6\n|teamsize|p2|6\n|gen|9\n|tier|[Gen 9] VGC 2024 Reg H\n|rated|\n|rule|Species Clause: Limit one of each Pok\u00e9mon\n|rule|Item Clause: Limit 1 of each item\n|clearpoke\n|poke|p1|Whimsicott, L50, M|\n|poke|p1|Ursaluna-Bloodmoon, L50, M|\n|poke|p1|Archaludon, L50, F|\n|poke|p1|Flamigo, L50, F|\n|poke|p1|Typhlosion-Hisui, L50, M|\n|poke|p1|Rillaboom, L50, M|\n|poke|p2|Baxcalibur, L50, F|\n|poke|p2|Dondozo, L50, M|\n|poke|p2|Kingambit, L50, M|\n|poke|p2|Rillaboom, L50, M|\n|poke|p2|Sneasler, L50, F|\n|poke|p2|Volcarona, L50, M|\n|teampreview|4\n|inactive|Battle timer is ON: inactive players will automatically lose when time's up. (requested by SERENA2024)\n|\n|t:|1729003580\n|start\n|switch|p1a: Archaludon|Archaludon, L50, F|100\/100\n|switch|p1b: Whimsicott|Whimsicott, L50, M|100\/100\n|switch|p2a: Sneasler|Sneasler, L50, F|100\/100\n|switch|p2b: Baxcalibur|Baxcalibur, L50, F|100\/100\n|turn|1\n|\n|t:|1729003604\n|-terastallize|p2b: Baxcalibur|Ghost\n|move|p1b: Whimsicott|Tailwind|p1b: Whimsicott\n|-sidestart|p1: SERENA2024|move: Tailwind\n|move|p1a: Archaludon|Draco Meteor|p2b: Baxcalibur\n|-damage|p2b: Baxcalibur|29\/100\n|-unboost|p1a: Archaludon|spa|2\n|move|p2a: Sneasler|Dire Claw|p1b: Whimsicott\n|-supereffective|p1b: Whimsicott\n|-damage|p1b: Whimsicott|0 fnt\n|faint|p1b: Whimsicott\n|move|p2b: Baxcalibur|Scale Shot|p1a: Archaludon\n|-damage|p1a: Archaludon|87\/100\n|-damage|p1a: Archaludon|75\/100\n|-damage|p1a: Archaludon|60\/100\n|-crit|p1a: Archaludon\n|-damage|p1a: Archaludon|40\/100\n|-hitcount|p1a: Archaludon|4\n|-unboost|p2b: Baxcalibur|def|1\n|-boost|p2b: Baxcalibur|spe|1\n|\n|upkeep\n|\n|t:|1729003612\n|switch|p1b: Ursaluna|Ursaluna-Bloodmoon, L50, M|100\/100\n|turn|2\n|inactive|rough Pult has 30 seconds left.\n|inactive|rough Pult has 20 seconds left.\n|inactive|rough Pult has 15 seconds left.\n|inactive|rough Pult has 10 seconds left.\n|inactive|rough Pult has 5 seconds left.\n|\n|t:|1729003663\n|-terastallize|p1b: Ursaluna|Normal\n|move|p2a: Sneasler|Protect|p2a: Sneasler\n|-singleturn|p2a: Sneasler|Protect\n|move|p2b: Baxcalibur|Ice Shard|p1b: Ursaluna\n|-damage|p1b: Ursaluna|81\/100\n|move|p1a: Archaludon|Electro Shot||[still]\n|-prepare|p1a: Archaludon|Electro Shot\n|-boost|p1a: Archaludon|spa|1\n|-enditem|p1a: Archaludon|Power Herb\n|-anim|p1a: Archaludon|Electro Shot|p2a: Sneasler\n|-activate|p2a: Sneasler|move: Protect\n|move|p1b: Ursaluna|Hyper Voice|p2b: Baxcalibur|[spread] p2b\n|-activate|p2a: Sneasler|move: Protect\n|-damage|p2b: Baxcalibur|0 fnt\n|faint|p2b: Baxcalibur\n|-damage|p1b: Ursaluna|71\/100|[from] item: Life Orb\n|\n|upkeep\n|\n|t:|1729003683\n|switch|p2b: Rillaboom|Rillaboom, L50, M|100\/100\n|-fieldstart|move: Grassy Terrain|[from] ability: Grassy Surge|[of] p2b: Rillaboom\n|turn|3\n|\n|t:|1729003702\n|switch|p1a: Flamigo|Flamigo, L50, F|100\/100\n|move|p1b: Ursaluna|Protect|p1b: Ursaluna\n|-singleturn|p1b: Ursaluna|Protect\n|move|p2b: Rillaboom|Fake Out|p1b: Ursaluna\n|-activate|p1b: Ursaluna|move: Protect\n|move|p2a: Sneasler|Close Combat|p1a: Flamigo\n|-resisted|p1a: Flamigo\n|-damage|p1a: Flamigo|54\/100\n|-unboost|p2a: Sneasler|def|1\n|-unboost|p2a: Sneasler|spd|1\n|\n|-heal|p1b: Ursaluna|77\/100|[from] Grassy Terrain\n|upkeep\n|turn|4\n|inactive|rough Pult has 30 seconds left.\n|\n|t:|1729003730\n|switch|p2b: Volcarona|Volcarona, L50, M|100\/100\n|move|p2a: Sneasler|Protect|p2a: Sneasler\n|-singleturn|p2a: Sneasler|Protect\n|move|p1a: Flamigo|Dual Wingbeat|p2b: Volcarona\n|-supereffective|p2b: Volcarona\n|-damage|p2b: Volcarona|56\/100\n|-supereffective|p2b: Volcarona\n|-damage|p2b: Volcarona|9\/100\n|-hitcount|p2b: Volcarona|2\n|move|p1b: Ursaluna|Hyper Voice|p2a: Sneasler|[spread] p2b\n|-activate|p2a: Sneasler|move: Protect\n|-damage|p2b: Volcarona|0 fnt\n|faint|p2b: Volcarona\n|-damage|p1b: Ursaluna|68\/100|[from] item: Life Orb\n|\n|-heal|p1b: Ursaluna|73\/100|[from] Grassy Terrain\n|-sideend|p1: SERENA2024|move: Tailwind\n|upkeep\n|\n|t:|1729003748\n|switch|p2b: Rillaboom|Rillaboom, L50, M|100\/100\n|turn|5\n|j| nebito47\n|\n|t:|1729003760\n|move|p1a: Flamigo|Detect|p1a: Flamigo\n|-singleturn|p1a: Flamigo|Protect\n|move|p1b: Ursaluna|Protect|p1b: Ursaluna\n|-singleturn|p1b: Ursaluna|Protect\n|move|p2b: Rillaboom|Fake Out|p1a: Flamigo\n|-activate|p1a: Flamigo|move: Protect\n|move|p2a: Sneasler|Close Combat|p1b: Ursaluna\n|-activate|p1b: Ursaluna|move: Protect\n|\n|-heal|p1b: Ursaluna|79\/100|[from] Grassy Terrain\n|upkeep\n|turn|6\n|inactive|rough Pult has 30 seconds left.\n|\n|t:|1729003790\n|move|p2a: Sneasler|Dire Claw|p1a: Flamigo\n|-damage|p1a: Flamigo|0 fnt\n|faint|p1a: Flamigo\n|move|p2b: Rillaboom|Wood Hammer|p1b: Ursaluna\n|-damage|p1b: Ursaluna|18\/100\n|-damage|p2b: Rillaboom|81\/100|[from] Recoil\n|move|p1b: Ursaluna|Hyper Voice|p2b: Rillaboom|[spread] p2a,p2b\n|-crit|p2b: Rillaboom\n|-enditem|p2a: Sneasler|Focus Sash\n|-damage|p2a: Sneasler|1\/100\n|-damage|p2b: Rillaboom|11\/100\n|-damage|p1b: Ursaluna|8\/100|[from] item: Life Orb\n|\n|-heal|p2a: Sneasler|7\/100|[from] Grassy Terrain\n|-heal|p2b: Rillaboom|17\/100|[from] Grassy Terrain\n|-heal|p1b: Ursaluna|14\/100|[from] Grassy Terrain\n|upkeep\n|\n|t:|1729003795\n|switch|p1a: Archaludon|Archaludon, L50, F|40\/100\n|turn|7\n|\n|t:|1729003813\n|move|p1a: Archaludon|Protect|p1a: Archaludon\n|-singleturn|p1a: Archaludon|Protect\n|move|p1b: Ursaluna|Protect|p1b: Ursaluna\n|-singleturn|p1b: Ursaluna|Protect\n|move|p2b: Rillaboom|Grassy Glide|p1b: Ursaluna\n|-activate|p1b: Ursaluna|move: Protect\n|move|p2a: Sneasler|Close Combat|p1a: Archaludon\n|-activate|p1a: Archaludon|move: Protect\n|\n|-heal|p2a: Sneasler|13\/100|[from] Grassy Terrain\n|-heal|p1a: Archaludon|46\/100|[from] Grassy Terrain\n|-heal|p2b: Rillaboom|23\/100|[from] Grassy Terrain\n|-heal|p1b: Ursaluna|20\/100|[from] Grassy Terrain\n|-fieldend|move: Grassy Terrain\n|upkeep\n|turn|8\n|j| thejruth3\n|l| nebito47\n|\n|t:|1729003836\n|move|p2a: Sneasler|Close Combat|p1a: Archaludon\n|-supereffective|p1a: Archaludon\n|-crit|p1a: Archaludon\n|-damage|p1a: Archaludon|0 fnt\n|-unboost|p2a: Sneasler|def|1\n|-unboost|p2a: Sneasler|spd|1\n|faint|p1a: Archaludon\n|move|p2b: Rillaboom|Wood Hammer|p1b: Ursaluna\n|-damage|p1b: Ursaluna|0 fnt\n|faint|p1b: Ursaluna\n|-damage|p2b: Rillaboom|17\/100|[from] Recoil\n|\n|win|rough Pult\n|raw|SERENA2024's rating: 1731 &rarr; <strong>1714<\/strong><br \/>(-17 for losing)\n|raw|rough Pult's rating: 1785 &rarr; <strong>1802<\/strong><br \/>(+17 for winning)\n|l|\u2606SERENA2024\n|player|p1|\n|l|\u2606rough Pult\n|player|p2|\n","uploadtime":1729004030,"views":38,"formatid":"gen9vgc2024regh","rating":1714,"private":0,"password":null}