{"id":"gen9vgc2024regh-2223044028","format":"[Gen 9] VGC 2024 Reg H","players":["0rion1798","Hikawari"],"log":"|j|\u26060rion1798\n|j|\u2606Hikawari\n|t:|1728948661\n|gametype|doubles\n|player|p1|0rion1798|1|1674\n|player|p2|Hikawari|170|1735\n|teamsize|p1|6\n|teamsize|p2|6\n|gen|9\n|tier|[Gen 9] VGC 2024 Reg H\n|rated|\n|rule|Species Clause: Limit one of each Pok\u00e9mon\n|rule|Item Clause: Limit 1 of each item\n|clearpoke\n|poke|p1|Pelipper, L50, F|\n|poke|p1|Basculegion, L50, M|\n|poke|p1|Archaludon, L50, F|\n|poke|p1|Amoonguss, L50, M|\n|poke|p1|Kingambit, L50, M|\n|poke|p1|Maushold, L50|\n|poke|p2|Sneasler, L50, F|\n|poke|p2|Murkrow, L50, M|\n|poke|p2|Gholdengo, L50|\n|poke|p2|Indeedee, L50, M|\n|poke|p2|Annihilape, L50, F|\n|poke|p2|Sinistcha, L50|\n|teampreview|4\n|inactive|Battle timer is ON: inactive players will automatically lose when time's up. (requested by Hikawari)\nHikawari has agreed to open team sheets.\n|inactive|0rion1798 has 60 seconds left.\n|\n|t:|1728948708\n|start\n|switch|p1a: Pelipper|Pelipper, L50, F|100\/100\n|switch|p1b: Basculegion|Basculegion, L50, M|100\/100\n|switch|p2a: Mobs|Murkrow, L50, M|100\/100\n|switch|p2b: Lore|Sneasler, L50, F, shiny|100\/100\n|-weather|RainDance|[from] ability: Drizzle|[of] p1a: Pelipper\n|turn|1\n|\n|t:|1728948720\n|-terastallize|p2b: Lore|Dark\n|move|p2a: Mobs|Tailwind|p2a: Mobs\n|-sidestart|p2: Hikawari|move: Tailwind\n|move|p1b: Basculegion|Flip Turn|p2a: Mobs\n|-damage|p2a: Mobs|50\/100\n|\n|t:|1728948726\n|switch|p1b: Amoonguss|Amoonguss, L50, M|100\/100|[from] Flip Turn\n|move|p2b: Lore|Throat Chop|p1b: Amoonguss\n|-crit|p1b: Amoonguss\n|-damage|p1b: Amoonguss|38\/100\n|-start|p1b: Amoonguss|Throat Chop|[silent]\n|-enditem|p1b: Amoonguss|Sitrus Berry|[eat]\n|-heal|p1b: Amoonguss|63\/100|[from] item: Sitrus Berry\n|-damage|p2b: Lore|91\/100|[from] item: Life Orb\n|move|p1a: Pelipper|Hurricane|p2b: Lore\n|-damage|p2b: Lore|26\/100\n|-start|p2b: Lore|confusion\n|\n|-weather|RainDance|[upkeep]\n|upkeep\n|turn|2\n|\n|t:|1728948747\n|switch|p2a: Juros Composto|Gholdengo, L50|100\/100\n|-activate|p2b: Lore|confusion\n|-damage|p2b: Lore|4\/100|[from] confusion\n|move|p1a: Pelipper|Weather Ball|p2a: Juros Composto\n|-damage|p2a: Juros Composto|28\/100\n|move|p1b: Amoonguss|Spore|p2b: Lore\n|-status|p2b: Lore|slp|[from] move: Spore\n|\n|-weather|RainDance|[upkeep]\n|-end|p1b: Amoonguss|Throat Chop|[silent]\n|upkeep\n|turn|3\n|\n|t:|1728948764\n|cant|p2b: Lore|slp\n|move|p2a: Juros Composto|Trick|p1b: Amoonguss\n|-activate|p2a: Juros Composto|move: Trick|[of] p1b: Amoonguss\n|-item|p1b: Amoonguss|Choice Specs|[from] move: Trick\n|-enditem|p2a: Juros Composto|Choice Specs|[silent]|[from] move: Trick\n|move|p1a: Pelipper|Weather Ball|p2a: Juros Composto\n|-damage|p2a: Juros Composto|0 fnt\n|faint|p2a: Juros Composto\n|move|p1b: Amoonguss|Pollen Puff|p2b: Lore\n|-supereffective|p2b: Lore\n|-damage|p2b: Lore|0 fnt\n|faint|p2b: Lore\n|\n|-weather|RainDance|[upkeep]\n|upkeep\n|\n|t:|1728948769\n|switch|p2b: Mobs|Murkrow, L50, M|50\/100\n|switch|p2a: Croissant|Indeedee, L50, M|100\/100\n|-fieldstart|move: Psychic Terrain|[from] ability: Psychic Surge|[of] p2a: Croissant\n|turn|4\n|\n|t:|1728948778\n|move|p1a: Pelipper|Wide Guard|p1a: Pelipper\n|-singleturn|p1a: Pelipper|Wide Guard\n|move|p2a: Croissant|Expanding Force|p1b: Amoonguss|[spread] \n|-activate|p1a: Pelipper|move: Wide Guard\n|-activate|p1b: Amoonguss|move: Wide Guard\n|move|p2b: Mobs|Foul Play|p1a: Pelipper\n|-damage|p1a: Pelipper|83\/100\n|move|p1b: Amoonguss|Pollen Puff|p2a: Croissant\n|-supereffective|p2a: Croissant\n|-damage|p2a: Croissant|22\/100\n|\n|-weather|RainDance|[upkeep]\n|-sideend|p2: Hikawari|move: Tailwind\n|upkeep\n|turn|5\n|\n|t:|1728948793\n|move|p1a: Pelipper|Wide Guard|p1a: Pelipper\n|-singleturn|p1a: Pelipper|Wide Guard\n|move|p2a: Croissant|Expanding Force|p1b: Amoonguss|[spread] \n|-activate|p1a: Pelipper|move: Wide Guard\n|-activate|p1b: Amoonguss|move: Wide Guard\n|move|p2b: Mobs|Foul Play|p1a: Pelipper\n|-damage|p1a: Pelipper|65\/100\n|move|p1b: Amoonguss|Pollen Puff|p2a: Croissant\n|-supereffective|p2a: Croissant\n|-damage|p2a: Croissant|0 fnt\n|faint|p2a: Croissant\n|\n|-weather|none\n|upkeep\n|turn|6\n|-message|Hikawari forfeited.\n|\n|win|0rion1798\n|raw|0rion1798's rating: 1674 &rarr; <strong>1697<\/strong><br \/>(+23 for winning)\n|raw|Hikawari's rating: 1735 &rarr; <strong>1712<\/strong><br \/>(-23 for losing)\n|l|\u2606Hikawari\n|player|p2|\n","uploadtime":1728948810,"views":15,"formatid":"gen9vgc2024regh","rating":1697,"private":0,"password":null}