{"id":"gen9vgc2024regh-2223452382","format":"[Gen 9] VGC 2024 Reg H","players":["rough Pult","Iamsliverfish"],"log":"|j|\u2606rough Pult\n|j|\u2606Iamsliverfish\n|t:|1729003065\n|gametype|doubles\n|player|p1|rough Pult|giovanni|1808\n|player|p2|Iamsliverfish|hiker-gen4|1758\n|teamsize|p1|6\n|teamsize|p2|6\n|gen|9\n|tier|[Gen 9] VGC 2024 Reg H\n|rated|\n|rule|Species Clause: Limit one of each Pok\u00e9mon\n|rule|Item Clause: Limit 1 of each item\n|clearpoke\n|poke|p1|Baxcalibur, L50, F|\n|poke|p1|Dondozo, L50, M|\n|poke|p1|Kingambit, L50, M|\n|poke|p1|Rillaboom, L50, M|\n|poke|p1|Sneasler, L50, F|\n|poke|p1|Volcarona, L50, M|\n|poke|p2|Garchomp, L50, F|\n|poke|p2|Weezing, L50, M|\n|poke|p2|Incineroar, L50, M|\n|poke|p2|Sinistcha-Masterpiece, L50|\n|poke|p2|Flamigo, L50, M|\n|poke|p2|Ursaluna-Bloodmoon, L50, M|\n|teampreview|4\n|inactive|Battle timer is ON: inactive players will automatically lose when time's up. (requested by Iamsliverfish)\n|\n|t:|1729003122\n|start\n|switch|p1a: Baxcalibur|Baxcalibur, L50, F|100\/100\n|switch|p1b: Volcarona|Volcarona, L50, M|100\/100\n|switch|p2a: Weezing|Weezing, L50, M|100\/100\n|switch|p2b: Garchomp|Garchomp, L50, F|100\/100\n|-ability|p2a: Weezing|Neutralizing Gas\n|turn|1\n|\n|t:|1729003139\n|-terastallize|p2b: Garchomp|Fairy\n|-terastallize|p1a: Baxcalibur|Ghost\n|move|p2b: Garchomp|Rock Slide|p1b: Volcarona|[spread] p1a,p1b\n|-supereffective|p1b: Volcarona\n|-damage|p1a: Baxcalibur|84\/100\n|-damage|p1b: Volcarona|19\/100\n|move|p1b: Volcarona|Quiver Dance|p1b: Volcarona\n|-boost|p1b: Volcarona|spa|1\n|-boost|p1b: Volcarona|spd|1\n|-boost|p1b: Volcarona|spe|1\n|move|p1a: Baxcalibur|Scale Shot|p2a: Weezing\n|-damage|p2a: Weezing|86\/100\n|-damage|p2a: Weezing|71\/100\n|-damage|p2a: Weezing|56\/100\n|-damage|p2a: Weezing|42\/100\n|-hitcount|p2a: Weezing|4\n|-unboost|p1a: Baxcalibur|def|1\n|-boost|p1a: Baxcalibur|spe|1\n|move|p2a: Weezing|Will-O-Wisp|p1a: Baxcalibur\n|-status|p1a: Baxcalibur|brn\n|\n|-damage|p1a: Baxcalibur|78\/100 brn|[from] brn\n|upkeep\n|turn|2\n|j| xiaoliyun.official\n|inactive|rough Pult has 30 seconds left.\n|l| xiaoliyun.official\n|\n|t:|1729003172\n|move|p2a: Weezing|Protect|p2a: Weezing\n|-singleturn|p2a: Weezing|Protect\n|move|p1b: Volcarona|Heat Wave|p2b: Garchomp|[spread] p2b\n|-activate|p2a: Weezing|move: Protect\n|-damage|p2b: Garchomp|61\/100\n|move|p1a: Baxcalibur|Icicle Spear|p2a: Weezing\n|-activate|p2a: Weezing|move: Protect\n|move|p2b: Garchomp|Bulldoze|p1b: Volcarona|[spread] p1a,p1b\n|-activate|p2a: Weezing|move: Protect\n|-damage|p1a: Baxcalibur|46\/100 brn\n|-damage|p1b: Volcarona|0 fnt\n|-unboost|p1a: Baxcalibur|spe|1\n|faint|p1b: Volcarona\n|\n|-damage|p1a: Baxcalibur|40\/100 brn|[from] brn\n|upkeep\n|j| xiaoliyun.official\n|\n|t:|1729003192\n|switch|p1b: Sneasler|Sneasler, L50, F|100\/100\n|turn|3\n|inactive|Iamsliverfish has 30 seconds left.\n|inactive|rough Pult has 30 seconds left.\n|\n|t:|1729003226\n|-end|p2a: Weezing|ability: Neutralizing Gas\n|switch|p2a: Incineroar|Incineroar, L50, M|100\/100\n|-activate|p1a: Baxcalibur|ability: Thermal Exchange\n|-curestatus|p1a: Baxcalibur|brn|[msg]\n|-ability|p2a: Incineroar|Intimidate|boost\n|-unboost|p1a: Baxcalibur|atk|1\n|-unboost|p1b: Sneasler|atk|1\n|move|p1b: Sneasler|Dire Claw|p2a: Incineroar\n|-damage|p2a: Incineroar|74\/100\n|move|p2b: Garchomp|Breaking Swipe|p1a: Baxcalibur|[spread] p1a,p1b\n|-damage|p1a: Baxcalibur|7\/100\n|-damage|p1b: Sneasler|65\/100\n|-unboost|p1a: Baxcalibur|atk|1\n|-unboost|p1b: Sneasler|atk|1\n|move|p1a: Baxcalibur|Icicle Spear|p2a: Incineroar\n|-resisted|p2a: Incineroar\n|-damage|p2a: Incineroar|70\/100\n|-resisted|p2a: Incineroar\n|-damage|p2a: Incineroar|67\/100\n|-resisted|p2a: Incineroar\n|-damage|p2a: Incineroar|63\/100\n|-resisted|p2a: Incineroar\n|-damage|p2a: Incineroar|59\/100\n|-hitcount|p2a: Incineroar|4\n|\n|upkeep\n|turn|4\n|\n|t:|1729003250\n|switch|p1a: Kingambit|Kingambit, L50, M|100\/100\n|move|p1b: Sneasler|Protect|p1b: Sneasler\n|-singleturn|p1b: Sneasler|Protect\n|move|p2a: Incineroar|Fake Out|p1b: Sneasler\n|-activate|p1b: Sneasler|move: Protect\n|move|p2b: Garchomp|Breaking Swipe|p1a: Kingambit|[spread] p1a\n|-activate|p1b: Sneasler|move: Protect\n|-resisted|p1a: Kingambit\n|-damage|p1a: Kingambit|91\/100\n|-unboost|p1a: Kingambit|atk|1\n|-ability|p1a: Kingambit|Defiant|boost\n|-boost|p1a: Kingambit|atk|2\n|\n|upkeep\n|turn|5\n|inactive|rough Pult has 30 seconds left.\n|inactive|Iamsliverfish has 30 seconds left.\n|\n|t:|1729003285\n|switch|p2a: Weezing|Weezing, L50, M|42\/100\n|-ability|p2a: Weezing|Neutralizing Gas\n|move|p1b: Sneasler|Coaching|p1a: Kingambit\n|-boost|p1a: Kingambit|atk|1\n|-boost|p1a: Kingambit|def|1\n|move|p2b: Garchomp|Breaking Swipe|p1a: Kingambit|[spread] p1a,p1b\n|-resisted|p1a: Kingambit\n|-damage|p1a: Kingambit|85\/100\n|-damage|p1b: Sneasler|27\/100\n|-unboost|p1a: Kingambit|atk|1\n|-unboost|p1b: Sneasler|atk|1\n|move|p1a: Kingambit|Kowtow Cleave|p2b: Garchomp\n|-resisted|p2b: Garchomp\n|-damage|p2b: Garchomp|27\/100\n|\n|upkeep\n|turn|6\n|\n|t:|1729003305\n|switch|p1b: Baxcalibur|Baxcalibur, L50, F, tera:Ghost|7\/100\n|switch|p2b: Incineroar|Incineroar, L50, M|59\/100\n|-ability|p2b: Incineroar|Intimidate|boost\n|-unboost|p1a: Kingambit|atk|1\n|-unboost|p1b: Baxcalibur|atk|1\n|move|p1a: Kingambit|Protect|p1a: Kingambit\n|-singleturn|p1a: Kingambit|Protect\n|move|p2a: Weezing|Will-O-Wisp|p1a: Kingambit\n|-activate|p1a: Kingambit|move: Protect\n|\n|upkeep\n|turn|7\n|inactive|rough Pult has 30 seconds left.\n|inactive|rough Pult has 20 seconds left.\n|inactive|rough Pult has 15 seconds left.\n|inactive|rough Pult has 10 seconds left.\n|\n|t:|1729003351\n|move|p2b: Incineroar|Fake Out|p1a: Kingambit\n|-resisted|p1a: Kingambit\n|-crit|p1a: Kingambit\n|-damage|p1a: Kingambit|78\/100\n|move|p1b: Baxcalibur|Scale Shot|p2a: Weezing\n|-damage|p2a: Weezing|32\/100\n|-damage|p2a: Weezing|21\/100\n|-damage|p2a: Weezing|11\/100\n|-damage|p2a: Weezing|0 fnt\n|faint|p2a: Weezing\n|-end|p2a: Weezing|ability: Neutralizing Gas\n|-hitcount|p2: Weezing|4\n|-unboost|p1b: Baxcalibur|def|1\n|-boost|p1b: Baxcalibur|spe|1\n|cant|p1a: Kingambit|flinch\n|\n|upkeep\n|\n|t:|1729003363\n|switch|p2a: Garchomp|Garchomp, L50, F, tera:Fairy|27\/100\n|turn|8\n|j| thejruth3\n|inactive|rough Pult has 30 seconds left.\n|inactive|Iamsliverfish has 30 seconds left.\n|\n|t:|1729003394\n|move|p1a: Kingambit|Protect|p1a: Kingambit\n|-singleturn|p1a: Kingambit|Protect\n|move|p1b: Baxcalibur|Scale Shot|p2b: Incineroar\n|-damage|p2b: Incineroar|48\/100\n|-damage|p2b: Incineroar|37\/100\n|-damage|p2b: Incineroar|27\/100\n|-damage|p2b: Incineroar|16\/100\n|-hitcount|p2b: Incineroar|4\n|-unboost|p1b: Baxcalibur|def|1\n|-boost|p1b: Baxcalibur|spe|1\n|move|p2a: Garchomp|Stomping Tantrum|p1a: Kingambit\n|-activate|p1a: Kingambit|move: Protect\n|move|p2b: Incineroar|Knock Off|p1b: Baxcalibur\n|-supereffective|p1b: Baxcalibur\n|-damage|p1b: Baxcalibur|0 fnt\n|-enditem|p1b: Baxcalibur|Loaded Dice|[from] move: Knock Off|[of] p2b: Incineroar\n|faint|p1b: Baxcalibur\n|\n|upkeep\n|\n|t:|1729003415\n|switch|p1b: Sneasler|Sneasler, L50, F|27\/100\n|turn|9\n|\n|t:|1729003422\n|switch|p2b: Ursaluna|Ursaluna-Bloodmoon, L50, M|100\/100\n|move|p1a: Kingambit|Sucker Punch||[still]\n|-fail|p1a: Kingambit\n|move|p1b: Sneasler|Dire Claw|p2a: Garchomp\n|-supereffective|p2a: Garchomp\n|-damage|p2a: Garchomp|0 fnt\n|-damage|p1b: Sneasler|15\/100|[from] ability: Rough Skin|[of] p2a: Garchomp\n|faint|p2a: Garchomp\n|\n|upkeep\n|\n|t:|1729003430\n|switch|p2a: Incineroar|Incineroar, L50, M|16\/100\n|-ability|p2a: Incineroar|Intimidate|boost\n|-unboost|p1a: Kingambit|atk|1\n|-ability|p1a: Kingambit|Defiant|boost\n|-boost|p1a: Kingambit|atk|2\n|-unboost|p1b: Sneasler|atk|1\n|turn|10\n|\n|t:|1729003445\n|move|p1b: Sneasler|Protect|p1b: Sneasler\n|-singleturn|p1b: Sneasler|Protect\n|move|p1a: Kingambit|Protect|p1a: Kingambit\n|-singleturn|p1a: Kingambit|Protect\n|move|p2a: Incineroar|Fake Out|p1b: Sneasler\n|-activate|p1b: Sneasler|move: Protect\n|move|p2b: Ursaluna|Hyper Voice|p1b: Sneasler|[spread] \n|-activate|p1a: Kingambit|move: Protect\n|-activate|p1b: Sneasler|move: Protect\n|\n|upkeep\n|turn|11\n|\n|t:|1729003462\n|move|p1a: Kingambit|Sucker Punch||[still]\n|-fail|p1a: Kingambit\n|move|p1b: Sneasler|Close Combat|p2b: Ursaluna\n|-supereffective|p2b: Ursaluna\n|-damage|p2b: Ursaluna|37\/100\n|-unboost|p1b: Sneasler|def|1\n|-unboost|p1b: Sneasler|spd|1\n|move|p2b: Ursaluna|Earth Power|p1a: Kingambit\n|-supereffective|p1a: Kingambit\n|-damage|p1a: Kingambit|0 fnt\n|faint|p1a: Kingambit\n|-damage|p2b: Ursaluna|27\/100|[from] item: Life Orb\n|move|p2a: Incineroar|Parting Shot|p1b: Sneasler\n|-unboost|p1b: Sneasler|atk|1\n|-unboost|p1b: Sneasler|spa|1\n|\n|upkeep\n|turn|12\n|\n|t:|1729003479\n|move|p1b: Sneasler|Close Combat|p2b: Ursaluna\n|-supereffective|p2b: Ursaluna\n|-damage|p2b: Ursaluna|0 fnt\n|-unboost|p1b: Sneasler|def|1\n|-unboost|p1b: Sneasler|spd|1\n|faint|p2b: Ursaluna\n|move|p2a: Incineroar|Flare Blitz|p1b: Sneasler\n|-damage|p1b: Sneasler|0 fnt\n|faint|p1b: Sneasler\n|-damage|p2a: Incineroar|12\/100|[from] Recoil\n|\n|win|Iamsliverfish\n|raw|rough Pult's rating: 1808 &rarr; <strong>1785<\/strong><br \/>(-23 for losing)\n|raw|Iamsliverfish's rating: 1758 &rarr; <strong>1781<\/strong><br \/>(+23 for winning)\n|c|\u2606Iamsliverfish|Predicting sucker punch was insane\n|l| xiaoliyun.official\n|c|\u2606Iamsliverfish|Gg\n|l|\u2606rough Pult\n|player|p1|\n|l|\u2606Iamsliverfish\n|player|p2|\n|l| thejruth3\n","uploadtime":1729003752,"views":81,"formatid":"gen9vgc2024regh","rating":1781,"private":0,"password":null}