{"id":"gen9vgc2024regh-2223910591","format":"[Gen 9] VGC 2024 Reg H","players":["ray4gej","shuijun1\u82cd\u708e\u5203\u9b3c\u4fa0"],"log":"|j|\u2606ray4gej\n|j|\u2606shuijun1\u82cd\u708e\u5203\u9b3c\u4fa0\n|t:|1729048120\n|gametype|doubles\n|player|p1|ray4gej|170|1669\n|player|p2|shuijun1\u82cd\u708e\u5203\u9b3c\u4fa0|iono|1746\n|teamsize|p1|6\n|teamsize|p2|6\n|gen|9\n|tier|[Gen 9] VGC 2024 Reg H\n|rated|\n|rule|Species Clause: Limit one of each Pok\u00e9mon\n|rule|Item Clause: Limit 1 of each item\n|clearpoke\n|poke|p1|Kleavor, L50, M|\n|poke|p1|Kingambit, L50, M|\n|poke|p1|Rillaboom, L50, M|\n|poke|p1|Salazzle, L50, F|\n|poke|p1|Garchomp, L50, F|\n|poke|p1|Sableye, L50, M|\n|poke|p2|Armarouge, L50, M|\n|poke|p2|Indeedee-F, L50, F|\n|poke|p2|Torkoal, L50, F|\n|poke|p2|Sylveon, L50, F|\n|poke|p2|Sneasler, L50, F|\n|poke|p2|Dragonite, L50, M|\n|teampreview|4\n|\n|t:|1729048146\n|start\n|switch|p1a: Garchomp|Garchomp, L50, F|100\/100\n|switch|p1b: Kleavor|Kleavor, L50, M|100\/100\n|switch|p2a: \u63f4\u6e38\u4e01\u771f|Dragonite, L50, M|100\/100\n|switch|p2b: \u715c\u7130\u4e01\u771f|Armarouge, L50, M|100\/100\n|turn|1\n|\n|t:|1729048169\n|move|p1a: Garchomp|Protect|p1a: Garchomp\n|-singleturn|p1a: Garchomp|Protect\n|move|p2b: \u715c\u7130\u4e01\u771f|Endure|p2b: \u715c\u7130\u4e01\u771f\n|-singleturn|p2b: \u715c\u7130\u4e01\u771f|move: Endure\n|move|p1b: Kleavor|Stone Axe|p2a: \u63f4\u6e38\u4e01\u771f\n|-supereffective|p2a: \u63f4\u6e38\u4e01\u771f\n|-damage|p2a: \u63f4\u6e38\u4e01\u771f|41\/100\n|-sidestart|p2: shuijun1\u82cd\u708e\u5203\u9b3c\u4fa0|move: Stealth Rock\n|move|p2a: \u63f4\u6e38\u4e01\u771f|Earthquake|p1a: Garchomp|[spread] p2b,p1b\n|-activate|p1a: Garchomp|move: Protect\n|-supereffective|p2b: \u715c\u7130\u4e01\u771f\n|-damage|p2b: \u715c\u7130\u4e01\u771f|44\/100\n|-damage|p1b: Kleavor|63\/100\n|-ability|p2b: \u715c\u7130\u4e01\u771f|Weak Armor|boost\n|-unboost|p2b: \u715c\u7130\u4e01\u771f|def|1\n|-boost|p2b: \u715c\u7130\u4e01\u771f|spe|2\n|-enditem|p2b: \u715c\u7130\u4e01\u771f|Weakness Policy\n|-boost|p2b: \u715c\u7130\u4e01\u771f|atk|2|[from] item: Weakness Policy\n|-boost|p2b: \u715c\u7130\u4e01\u771f|spa|2|[from] item: Weakness Policy\n|\n|upkeep\n|turn|2\n|\n|t:|1729048196\n|switch|p1b: Kingambit|Kingambit, L50, M, shiny|100\/100\n|move|p2b: \u715c\u7130\u4e01\u771f|Heat Wave|p1b: Kingambit|[spread] p1a,p1b\n|-resisted|p1a: Garchomp\n|-supereffective|p1b: Kingambit\n|-damage|p1a: Garchomp|58\/100\n|-damage|p1b: Kingambit|0 fnt\n|faint|p1b: Kingambit\n|move|p1a: Garchomp|Stomping Tantrum|p2b: \u715c\u7130\u4e01\u771f\n|-supereffective|p2b: \u715c\u7130\u4e01\u771f\n|-crit|p2b: \u715c\u7130\u4e01\u771f\n|-damage|p2b: \u715c\u7130\u4e01\u771f|0 fnt\n|faint|p2b: \u715c\u7130\u4e01\u771f\n|move|p2a: \u63f4\u6e38\u4e01\u771f|Ice Spinner|p1a: Garchomp\n|-supereffective|p1a: Garchomp\n|-damage|p1a: Garchomp|0 fnt\n|-damage|p2a: \u63f4\u6e38\u4e01\u771f|29\/100|[from] ability: Rough Skin|[of] p1a: Garchomp\n|faint|p1a: Garchomp\n|\n|upkeep\n|\n|t:|1729048207\n|switch|p1a: Kleavor|Kleavor, L50, M|63\/100\n|switch|p2b: \u610f\u8335\u4e01\u771f|Indeedee-F, L50, F|100\/100\n|switch|p1b: Rillaboom|Rillaboom, L50, M|100\/100\n|-fieldstart|move: Grassy Terrain|[from] ability: Grassy Surge|[of] p1b: Rillaboom\n|-damage|p2b: \u610f\u8335\u4e01\u771f|88\/100|[from] Stealth Rock\n|-fieldstart|move: Psychic Terrain|[from] ability: Psychic Surge|[of] p2b: \u610f\u8335\u4e01\u771f\n|turn|3\n|\n|t:|1729048219\n|-terastallize|p1b: Rillaboom|Grass\n|-terastallize|p2b: \u610f\u8335\u4e01\u771f|Dragon\n|move|p1a: Kleavor|Rock Slide|p2b: \u610f\u8335\u4e01\u771f|[spread] p2a\n|-miss|p1a: Kleavor|p2b: \u610f\u8335\u4e01\u771f\n|-supereffective|p2a: \u63f4\u6e38\u4e01\u771f\n|-damage|p2a: \u63f4\u6e38\u4e01\u771f|0 fnt\n|faint|p2a: \u63f4\u6e38\u4e01\u771f\n|move|p1b: Rillaboom|Wood Hammer|p2b: \u610f\u8335\u4e01\u771f\n|-resisted|p2b: \u610f\u8335\u4e01\u771f\n|-damage|p2b: \u610f\u8335\u4e01\u771f|51\/100\n|-damage|p1b: Rillaboom|90\/100|[from] Recoil\n|move|p2b: \u610f\u8335\u4e01\u771f|Psychic|p1a: Kleavor\n|-damage|p1a: Kleavor|9\/100\n|\n|upkeep\n|\n|t:|1729048234\n|switch|p2a: \u5996\u97f3\u4e01\u771f|Sylveon, L50, F, shiny|100\/100\n|-damage|p2a: \u5996\u97f3\u4e01\u771f|88\/100|[from] Stealth Rock\n|turn|4\n|\n|t:|1729048242\n|move|p2b: \u610f\u8335\u4e01\u771f|Follow Me|p2b: \u610f\u8335\u4e01\u771f\n|-singleturn|p2b: \u610f\u8335\u4e01\u771f|move: Follow Me\n|move|p1a: Kleavor|Rock Slide|p2b: \u610f\u8335\u4e01\u771f|[spread] p2a,p2b\n|-damage|p2a: \u5996\u97f3\u4e01\u771f|52\/100\n|-damage|p2b: \u610f\u8335\u4e01\u771f|24\/100\n|move|p1b: Rillaboom|Wood Hammer|p2b: \u610f\u8335\u4e01\u771f\n|-resisted|p2b: \u610f\u8335\u4e01\u771f\n|-damage|p2b: \u610f\u8335\u4e01\u771f|0 fnt\n|faint|p2b: \u610f\u8335\u4e01\u771f\n|-damage|p1b: Rillaboom|82\/100|[from] Recoil\n|move|p2a: \u5996\u97f3\u4e01\u771f|Hyper Voice|p1a: Kleavor|[spread] p1a,p1b\n|-damage|p1a: Kleavor|0 fnt\n|-damage|p1b: Rillaboom|51\/100\n|faint|p1a: Kleavor\n|\n|upkeep\n|turn|5\n|j| hachiware\n|\n|t:|1729048256\n|move|p1b: Rillaboom|Wood Hammer|p2a: \u5996\u97f3\u4e01\u771f\n|-damage|p2a: \u5996\u97f3\u4e01\u771f|0 fnt\n|faint|p2a: \u5996\u97f3\u4e01\u771f\n|-damage|p1b: Rillaboom|35\/100|[from] Recoil\n|\n|win|ray4gej\n|raw|ray4gej's rating: 1669 &rarr; <strong>1693<\/strong><br \/>(+24 for winning)\n|raw|shuijun1\u82cd\u708e\u5203\u9b3c\u4fa0's rating: 1746 &rarr; <strong>1722<\/strong><br \/>(-24 for losing)\n|l|\u2606shuijun1\u82cd\u708e\u5203\u9b3c\u4fa0\n|player|p2|\n|l| hachiware\n","uploadtime":1729048531,"views":16,"formatid":"gen9vgc2024regh","rating":1693,"private":0,"password":null}