{"id":"gen9vgc2024regh-2223149022","format":"[Gen 9] VGC 2024 Reg H","players":["tonidge","for amber"],"log":"|j|\u2606tonidge\n|j|\u2606for amber\n|t:|1728960861\n|gametype|doubles\n|player|p1|tonidge|gardenia|1680\n|player|p2|for amber|skyla|1846\n|teamsize|p1|6\n|teamsize|p2|6\n|gen|9\n|tier|[Gen 9] VGC 2024 Reg H\n|rated|\n|rule|Species Clause: Limit one of each Pok\u00e9mon\n|rule|Item Clause: Limit 1 of each item\n|clearpoke\n|poke|p1|Typhlosion-Hisui, L50, M|\n|poke|p1|Weezing-Galar, L50, F|\n|poke|p1|Whimsicott, L50, F|\n|poke|p1|Barraskewda, L50, M|\n|poke|p1|Rillaboom, L50, M|\n|poke|p1|Toedscruel, L50, F|\n|poke|p2|Arcanine-Hisui, L50, M|\n|poke|p2|Pelipper, L50, F|\n|poke|p2|Umbreon, L50, M|\n|poke|p2|Ursaluna-Bloodmoon, L50, M|\n|poke|p2|Dragonite, L50, M|\n|poke|p2|Archaludon, L50, M|\n|teampreview|4\n|inactive|Battle timer is ON: inactive players will automatically lose when time's up. (requested by for amber)\n|inactive|tonidge has 60 seconds left.\n|\n|t:|1728960891\n|start\n|switch|p1a: Dirty Bubble|Weezing-Galar, L50, F, shiny|100\/100\n|switch|p1b: Squidward|Toedscruel, L50, F, shiny|100\/100\n|switch|p2a: Pelipper|Pelipper, L50, F|100\/100\n|switch|p2b: Ursaluna|Ursaluna-Bloodmoon, L50, M|100\/100\n|-ability|p1a: Dirty Bubble|Neutralizing Gas\n|turn|1\n|\n|t:|1728960905\n|move|p2b: Ursaluna|Vacuum Wave|p1b: Squidward\n|-damage|p1b: Squidward|88\/100\n|move|p2a: Pelipper|Hurricane|p1b: Squidward\n|-supereffective|p1b: Squidward\n|-damage|p1b: Squidward|10\/100\n|move|p1b: Squidward|Spore|p2b: Ursaluna\n|-status|p2b: Ursaluna|slp|[from] move: Spore\n|move|p1a: Dirty Bubble|Sludge Bomb|p2a: Pelipper\n|-damage|p2a: Pelipper|17\/100\n|-damage|p1a: Dirty Bubble|91\/100|[from] item: Life Orb\n|\n|upkeep\n|turn|2\n|inactive|tonidge has 30 seconds left.\n|inactive|tonidge has 20 seconds left.\n|\n|t:|1728960942\n|switch|p1b: Flats|Barraskewda, L50, M, shiny|100\/100\n|move|p2a: Pelipper|Hurricane|p1b: Flats\n|-enditem|p1b: Flats|Focus Sash\n|-damage|p1b: Flats|1\/100\n|move|p1a: Dirty Bubble|Dazzling Gleam|p2b: Ursaluna|[spread] p2a,p2b\n|-damage|p2a: Pelipper|0 fnt\n|-damage|p2b: Ursaluna|81\/100 slp\n|faint|p2a: Pelipper\n|-damage|p1a: Dirty Bubble|81\/100|[from] item: Life Orb\n|cant|p2b: Ursaluna|slp\n|\n|upkeep\n|\n|t:|1728960947\n|switch|p2a: Arcanine|Arcanine-Hisui, L50, M, shiny|100\/100\n|turn|3\n|inactive|tonidge has 30 seconds left.\n|\n|t:|1728960979\n|-terastallize|p1b: Flats|Ghost\n|move|p2a: Arcanine|Extreme Speed|p1b: Flats\n|-immune|p1b: Flats\n|move|p1b: Flats|Liquidation|p2a: Arcanine\n|-supereffective|p2a: Arcanine\n|-enditem|p2a: Arcanine|Focus Sash\n|-damage|p2a: Arcanine|1\/100\n|move|p1a: Dirty Bubble|Dazzling Gleam|p2a: Arcanine|[spread] p2a,p2b\n|-resisted|p2a: Arcanine\n|-damage|p2a: Arcanine|0 fnt\n|-damage|p2b: Ursaluna|60\/100 slp\n|faint|p2a: Arcanine\n|-damage|p1a: Dirty Bubble|71\/100|[from] item: Life Orb\n|cant|p2b: Ursaluna|slp\n|\n|upkeep\n|\n|t:|1728960982\n|switch|p2a: Dragonite|Dragonite, L50, M|100\/100\n|turn|4\n|\n|t:|1728961004\n|-terastallize|p2b: Ursaluna|Ghost\n|move|p1b: Flats|Liquidation|p2b: Ursaluna\n|-damage|p2b: Ursaluna|28\/100 slp\n|move|p2a: Dragonite|Scale Shot|p1b: Flats\n|-damage|p1b: Flats|0 fnt\n|faint|p1b: Flats\n|-hitcount|p1: Flats|1\n|-unboost|p2a: Dragonite|def|1\n|-boost|p2a: Dragonite|spe|1\n|move|p1a: Dirty Bubble|Dazzling Gleam|p2a: Dragonite|[spread] p2a,p2b\n|-supereffective|p2a: Dragonite\n|-damage|p2a: Dragonite|41\/100\n|-damage|p2b: Ursaluna|7\/100 slp\n|-damage|p1a: Dirty Bubble|61\/100|[from] item: Life Orb\n|cant|p2b: Ursaluna|slp\n|\n|upkeep\n|\n|t:|1728961023\n|switch|p1b: Man Ray|Typhlosion-Hisui, L50, M|100\/100\n|turn|5\n|\n|t:|1728961031\n|move|p1b: Man Ray|Eruption|p2b: Ursaluna|[spread] p2a,p2b\n|-resisted|p2a: Dragonite\n|-damage|p2a: Dragonite|12\/100\n|-damage|p2b: Ursaluna|0 fnt\n|faint|p2b: Ursaluna\n|move|p2a: Dragonite|Tailwind|p2a: Dragonite\n|-sidestart|p2: for amber|move: Tailwind\n|move|p1a: Dirty Bubble|Dazzling Gleam|p2a: Dragonite\n|-supereffective|p2a: Dragonite\n|-damage|p2a: Dragonite|0 fnt\n|faint|p2a: Dragonite\n|-damage|p1a: Dirty Bubble|51\/100|[from] item: Life Orb\n|\n|win|tonidge\n|raw|tonidge's rating: 1680 &rarr; <strong>1709<\/strong><br \/>(+29 for winning)\n|raw|for amber's rating: 1846 &rarr; <strong>1817<\/strong><br \/>(-29 for losing)\n|l|\u2606for amber\n|player|p2|\n|j|\u2606for amber\n|player|p2|for amber|skyla|\n|c|\u2606tonidge|gg\n|l|\u2606for amber\n|player|p2|\n|j|\u2606for amber\n|player|p2|for amber|skyla|\n|l|\u2606for amber\n|player|p2|\n","uploadtime":1728961307,"views":36,"formatid":"gen9vgc2024regh","rating":1709,"private":0,"password":null}