{"id":"gen9vgc2024regh-2223557076","format":"[Gen 9] VGC 2024 Reg H","players":["BLiiNDProdiigy","BetterCallHall"],"log":"|j|\u2606BLiiNDProdiigy\n|j|\u2606BetterCallHall\n|t:|1729012155\n|gametype|doubles\n|player|p1|BLiiNDProdiigy|rocketgrunt|1655\n|player|p2|BetterCallHall|101|1724\n|teamsize|p1|6\n|teamsize|p2|6\n|gen|9\n|tier|[Gen 9] VGC 2024 Reg H\n|rated|\n|rule|Species Clause: Limit one of each Pok\u00e9mon\n|rule|Item Clause: Limit 1 of each item\n|clearpoke\n|poke|p1|Kingambit, L50, M|\n|poke|p1|Clefable, L50, F|\n|poke|p1|Volcarona, L50, F|\n|poke|p1|Rillaboom, L50, M|\n|poke|p1|Glimmora, L50, F|\n|poke|p1|Tauros-Paldea-Aqua, L50, M|\n|poke|p2|Primarina, L50, F|\n|poke|p2|Garchomp, L50, F|\n|poke|p2|Vivillon, L50, M|\n|poke|p2|Gholdengo, L50|\n|poke|p2|Dragonite, L50, M|\n|poke|p2|Talonflame, L50, F|\n|teampreview|4\n|inactive|Battle timer is ON: inactive players will automatically lose when time's up. (requested by BetterCallHall)\n|\n|t:|1729012176\n|start\n|switch|p1a: Volcarona|Volcarona, L50, F, shiny|100\/100\n|switch|p1b: Clefable|Clefable, L50, F, shiny|100\/100\n|switch|p2a: Gholdengo|Gholdengo, L50|100\/100\n|switch|p2b: Talonflame|Talonflame, L50, F|100\/100\n|turn|1\n|\n|t:|1729012195\n|-terastallize|p1b: Clefable|Electric\n|move|p1b: Clefable|Follow Me|p1b: Clefable\n|-singleturn|p1b: Clefable|move: Follow Me\n|move|p2b: Talonflame|Taunt|p1b: Clefable\n|-start|p1b: Clefable|move: Taunt\n|move|p2a: Gholdengo|Power Gem|p1b: Clefable\n|-damage|p1b: Clefable|57\/100\n|move|p1a: Volcarona|Quiver Dance|p1a: Volcarona\n|-boost|p1a: Volcarona|spa|1\n|-boost|p1a: Volcarona|spd|1\n|-boost|p1a: Volcarona|spe|1\n|\n|upkeep\n|turn|2\n|\n|t:|1729012214\n|move|p2b: Talonflame|Tailwind|p2b: Talonflame\n|-sidestart|p2: BetterCallHall|move: Tailwind\n|move|p2a: Gholdengo|Power Gem|p1a: Volcarona\n|-supereffective|p1a: Volcarona\n|-damage|p1a: Volcarona|0 fnt\n|faint|p1a: Volcarona\n|move|p1b: Clefable|Moonblast|p2b: Talonflame\n|-resisted|p2b: Talonflame\n|-crit|p2b: Talonflame\n|-damage|p2b: Talonflame|65\/100\n|\n|upkeep\n|\n|t:|1729012218\n|switch|p1a: Kingambit|Kingambit, L50, M|100\/100\n|turn|3\n|\n|t:|1729012223\n|switch|p2a: Garchomp|Garchomp, L50, F|100\/100\n|switch|p1b: Rillaboom|Rillaboom, L50, M|100\/100\n|-fieldstart|move: Grassy Terrain|[from] ability: Grassy Surge|[of] p1b: Rillaboom\n|move|p1a: Kingambit|Protect|p1a: Kingambit\n|-singleturn|p1a: Kingambit|Protect\n|move|p2b: Talonflame|Will-O-Wisp|p1a: Kingambit\n|-activate|p1a: Kingambit|move: Protect\n|\n|upkeep\n|turn|4\n|\n|t:|1729012237\n|move|p2a: Garchomp|Protect|p2a: Garchomp\n|-singleturn|p2a: Garchomp|Protect\n|move|p1b: Rillaboom|Fake Out|p2b: Talonflame\n|-damage|p2b: Talonflame|45\/100\n|move|p2b: Talonflame|Will-O-Wisp|p1a: Kingambit|[miss]\n|-miss|p2b: Talonflame|p1a: Kingambit\n|move|p1a: Kingambit|Swords Dance|p1a: Kingambit\n|-boost|p1a: Kingambit|atk|2\n|\n|upkeep\n|turn|5\n|\n|t:|1729012262\n|switch|p2a: Gholdengo|Gholdengo, L50|100\/100\n|move|p1a: Kingambit|Protect|p1a: Kingambit\n|-singleturn|p1a: Kingambit|Protect\n|move|p2b: Talonflame|Will-O-Wisp|p1a: Kingambit\n|-activate|p1a: Kingambit|move: Protect\n|move|p1b: Rillaboom|U-turn|p2b: Talonflame\n|-resisted|p2b: Talonflame\n|-damage|p2b: Talonflame|35\/100\n|\n|t:|1729012264\n|switch|p1b: Clefable|Clefable, L50, F, shiny, tera:Electric|57\/100|[from] U-turn\n|\n|-heal|p1b: Clefable|63\/100|[from] Grassy Terrain\n|-sideend|p2: BetterCallHall|move: Tailwind\n|upkeep\n|turn|6\n|\n|t:|1729012274\n|move|p1b: Clefable|Follow Me|p1b: Clefable\n|-singleturn|p1b: Clefable|move: Follow Me\n|move|p2b: Talonflame|Taunt|p1b: Clefable\n|-start|p1b: Clefable|move: Taunt\n|move|p2a: Gholdengo|Shadow Ball|p1b: Clefable\n|-damage|p1b: Clefable|8\/100\n|-enditem|p1b: Clefable|Sitrus Berry|[eat]\n|-heal|p1b: Clefable|33\/100|[from] item: Sitrus Berry\n|move|p1a: Kingambit|Kowtow Cleave|p2b: Talonflame\n|-damage|p2b: Talonflame|0 fnt\n|faint|p2b: Talonflame\n|\n|-heal|p1b: Clefable|39\/100|[from] Grassy Terrain\n|upkeep\n|\n|t:|1729012287\n|switch|p2b: Vivillon|Vivillon, L50, M|100\/100\n|turn|7\n|\n|t:|1729012299\n|switch|p2a: Garchomp|Garchomp, L50, F|100\/100\n|move|p2b: Vivillon|Sleep Powder|p1a: Kingambit\n|-activate|p1a: Kingambit|item: Safety Goggles|Sleep Powder\n|move|p1b: Clefable|Moonblast|p2b: Vivillon\n|-damage|p2b: Vivillon|34\/100\n|-unboost|p2b: Vivillon|spa|1\n|move|p1a: Kingambit|Kowtow Cleave|p2a: Garchomp\n|-crit|p2a: Garchomp\n|-damage|p2a: Garchomp|0 fnt\n|-damage|p1a: Kingambit|88\/100|[from] ability: Rough Skin|[of] p2a: Garchomp\n|faint|p2a: Garchomp\n|\n|-heal|p1b: Clefable|45\/100|[from] Grassy Terrain\n|-heal|p1a: Kingambit|94\/100|[from] Grassy Terrain\n|-fieldend|move: Grassy Terrain\n|upkeep\n|-message|BetterCallHall forfeited.\n|\n|win|BLiiNDProdiigy\n|raw|BLiiNDProdiigy's rating: 1655 &rarr; <strong>1679<\/strong><br \/>(+24 for winning)\n|raw|BetterCallHall's rating: 1724 &rarr; <strong>1700<\/strong><br \/>(-24 for losing)\n|l|\u2606BetterCallHall\n|player|p2|\n|l|\u2606BLiiNDProdiigy\n|player|p1|\n","uploadtime":1729012474,"views":13,"formatid":"gen9vgc2024regh","rating":1679,"private":0,"password":null}