{"id":"gen9vgc2024regh-2223962541","format":"[Gen 9] VGC 2024 Reg H","players":["bigbadbirdvgc","koolkidz4life"],"log":"|j|\u2606bigbadbirdvgc\n|j|\u2606koolkidz4life\n|t:|1729055956\n|gametype|doubles\n|player|p1|bigbadbirdvgc|1|1660\n|player|p2|koolkidz4life|265|1733\n|teamsize|p1|6\n|teamsize|p2|6\n|gen|9\n|tier|[Gen 9] VGC 2024 Reg H\n|rated|\n|rule|Species Clause: Limit one of each Pok\u00e9mon\n|rule|Item Clause: Limit 1 of each item\n|clearpoke\n|poke|p1|Basculegion, L50, M|\n|poke|p1|Pelipper, L50, M|\n|poke|p1|Archaludon, L50, M|\n|poke|p1|Sinistcha, L50|\n|poke|p1|Farigiraf, L50, F|\n|poke|p1|Sableye, L50, M|\n|poke|p2|Arcanine-Hisui, L50, M|\n|poke|p2|Electabuzz, L50, F|\n|poke|p2|Whimsicott, L50, M|\n|poke|p2|Dragonite, L50, F|\n|poke|p2|Annihilape, L50, M|\n|poke|p2|Greninja-*, L50, M|\n|teampreview|4\n|j| Xunyicaoawa\n|l| Xunyicaoawa\n|inactive|Battle timer is ON: inactive players will automatically lose when time's up. (requested by koolkidz4life)\n|j| Xunyicaoawa\n|\n|t:|1729056009\n|start\n|switch|p1a: Pelipper|Pelipper, L50, M|100\/100\n|switch|p1b: Basculegion|Basculegion, L50, M|100\/100\n|switch|p2a: Electabuzz|Electabuzz, L50, F|100\/100\n|switch|p2b: Greninja|Greninja, L50, M|100\/100\n|-weather|RainDance|[from] ability: Drizzle|[of] p1a: Pelipper\n|turn|1\n|\n|t:|1729056028\n|switch|p1a: Archaludon|Archaludon, L50, M|100\/100\n|move|p1b: Basculegion|Flip Turn|p2a: Electabuzz\n|-damage|p2a: Electabuzz|57\/100\n|\n|t:|1729056036\n|switch|p1b: Farigiraf|Farigiraf, L50, F|100\/100|[from] Flip Turn\n|move|p2b: Greninja|Dark Pulse|p1a: Archaludon\n|-start|p2b: Greninja|typechange|Dark|[from] ability: Protean\n|-damage|p1a: Archaludon|68\/100\n|-ability|p1a: Archaludon|Stamina|boost\n|-boost|p1a: Archaludon|def|1\n|move|p2a: Electabuzz|Electroweb|p1a: Archaludon|[spread] p1b\n|-miss|p2a: Electabuzz|p1a: Archaludon\n|-damage|p1b: Farigiraf|86\/100\n|-unboost|p1b: Farigiraf|spe|1\n|\n|-weather|RainDance|[upkeep]\n|-heal|p1b: Farigiraf|92\/100|[from] item: Leftovers\n|upkeep\n|turn|2\n|inactive|bigbadbirdvgc has 30 seconds left.\n|inactive|bigbadbirdvgc has 20 seconds left.\n|\n|t:|1729056077\n|-terastallize|p2b: Greninja|Dark\n|-terastallize|p1b: Farigiraf|Fighting\n|move|p2a: Electabuzz|Follow Me|p2a: Electabuzz\n|-singleturn|p2a: Electabuzz|move: Follow Me\n|move|p2b: Greninja|Dark Pulse|p1b: Farigiraf\n|-resisted|p1b: Farigiraf\n|-damage|p1b: Farigiraf|55\/100\n|move|p1a: Archaludon|Body Press|p2a: Electabuzz\n|-damage|p2a: Electabuzz|32\/100\n|move|p1b: Farigiraf|Psychic|p2a: Electabuzz\n|-damage|p2a: Electabuzz|3\/100\n|\n|-weather|RainDance|[upkeep]\n|-heal|p1b: Farigiraf|62\/100|[from] item: Leftovers\n|upkeep\n|turn|3\n|\n|t:|1729056094\n|move|p2a: Electabuzz|Helping Hand|p2b: Greninja\n|-singleturn|p2b: Greninja|Helping Hand|[of] p2a: Electabuzz\n|move|p1b: Farigiraf|Protect|p1b: Farigiraf\n|-singleturn|p1b: Farigiraf|Protect\n|move|p2b: Greninja|Dark Pulse|p1a: Archaludon\n|-crit|p1a: Archaludon\n|-damage|p1a: Archaludon|0 fnt\n|faint|p1a: Archaludon\n|\n|-weather|RainDance|[upkeep]\n|-heal|p1b: Farigiraf|68\/100|[from] item: Leftovers\n|upkeep\n|\n|t:|1729056105\n|switch|p1a: Basculegion|Basculegion, L50, M|100\/100\n|turn|4\n|\n|t:|1729056118\n|move|p2a: Electabuzz|Follow Me|p2a: Electabuzz\n|-singleturn|p2a: Electabuzz|move: Follow Me\n|move|p1a: Basculegion|Flip Turn|p2a: Electabuzz\n|-damage|p2a: Electabuzz|0 fnt\n|faint|p2a: Electabuzz\n|\n|t:|1729056123\n|switch|p1a: Pelipper|Pelipper, L50, M|100\/100|[from] Flip Turn\n|move|p2b: Greninja|Dark Pulse|p1a: Pelipper\n|-enditem|p1a: Pelipper|Focus Sash\n|-damage|p1a: Pelipper|1\/100\n|move|p1b: Farigiraf|Tera Blast|p2b: Greninja|[anim] Tera Blast Fighting\n|-supereffective|p2b: Greninja\n|-damage|p2b: Greninja|0 fnt\n|faint|p2b: Greninja\n|\n|-weather|RainDance|[upkeep]\n|-heal|p1b: Farigiraf|74\/100|[from] item: Leftovers\n|upkeep\n|\n|t:|1729056126\n|switch|p2b: Annihilape|Annihilape, L50, M|100\/100\n|switch|p2a: Whimsicott|Whimsicott, L50, M|100\/100\n|turn|5\n|\n|t:|1729056149\n|switch|p1a: Basculegion|Basculegion, L50, M|100\/100\n|move|p2a: Whimsicott|Moonblast|p1b: Farigiraf\n|-supereffective|p1b: Farigiraf\n|-damage|p1b: Farigiraf|0 fnt\n|faint|p1b: Farigiraf\n|move|p2b: Annihilape|Rage Fist|p1a: Basculegion\n|-supereffective|p1a: Basculegion\n|-damage|p1a: Basculegion|39\/100\n|\n|-weather|none\n|upkeep\n|\n|t:|1729056159\n|switch|p1b: Pelipper|Pelipper, L50, M|1\/100\n|-weather|RainDance|[from] ability: Drizzle|[of] p1b: Pelipper\n|turn|6\n|j| trfgtred\n|\n|t:|1729056168\n|move|p2b: Annihilape|Protect|p2b: Annihilape\n|-singleturn|p2b: Annihilape|Protect\n|move|p1a: Basculegion|Last Respects|p2b: Annihilape\n|-activate|p2b: Annihilape|move: Protect\n|move|p2a: Whimsicott|Energy Ball|p1a: Basculegion\n|-supereffective|p1a: Basculegion\n|-damage|p1a: Basculegion|0 fnt\n|faint|p1a: Basculegion\n|move|p1b: Pelipper|Hurricane|p2a: Whimsicott\n|-supereffective|p2a: Whimsicott\n|-damage|p2a: Whimsicott|0 fnt\n|faint|p2a: Whimsicott\n|\n|-weather|RainDance|[upkeep]\n|upkeep\n|turn|7\n|\n|t:|1729056184\n|move|p1b: Pelipper|Hurricane|p2b: Annihilape\n|-supereffective|p2b: Annihilape\n|-crit|p2b: Annihilape\n|-damage|p2b: Annihilape|0 fnt\n|faint|p2b: Annihilape\n|\n|win|bigbadbirdvgc\n|raw|bigbadbirdvgc's rating: 1660 &rarr; <strong>1684<\/strong><br \/>(+24 for winning)\n|raw|koolkidz4life's rating: 1733 &rarr; <strong>1709<\/strong><br \/>(-24 for losing)\n|l| Xunyicaoawa\n|l|\u2606bigbadbirdvgc\n|player|p1|\n|l| trfgtred\n|l|\u2606koolkidz4life\n|player|p2|\n","uploadtime":1729056410,"views":8,"formatid":"gen9vgc2024regh","rating":1684,"private":0,"password":null}