{"id":"gen9vgc2024regh-2223897773","format":"[Gen 9] VGC 2024 Reg H","players":["shuijun1\u82cd\u708e\u5203\u9b3c\u4fa0","bluestraggler01"],"log":"|j|\u2606shuijun1\u82cd\u708e\u5203\u9b3c\u4fa0\n|j|\u2606bluestraggler01\n|t:|1729046538\n|gametype|doubles\n|player|p1|shuijun1\u82cd\u708e\u5203\u9b3c\u4fa0|iono|1743\n|player|p2|bluestraggler01|102|1689\n|teamsize|p1|6\n|teamsize|p2|6\n|gen|9\n|tier|[Gen 9] VGC 2024 Reg H\n|rated|\n|rule|Species Clause: Limit one of each Pok\u00e9mon\n|rule|Item Clause: Limit 1 of each item\n|clearpoke\n|poke|p1|Armarouge, L50, F|\n|poke|p1|Indeedee-F, L50, F|\n|poke|p1|Torkoal, L50, M|\n|poke|p1|Sylveon, L50, F|\n|poke|p1|Sneasler, L50, F|\n|poke|p1|Dragonite, L50, F|\n|poke|p2|Krookodile, L50, M|\n|poke|p2|Talonflame, L50, F|\n|poke|p2|Glimmora, L50, F|\n|poke|p2|Archaludon, L50, M|\n|poke|p2|Pelipper, L50, M|\n|poke|p2|Annihilape, L50, F|\n|teampreview|4\nbluestraggler01 rejected open team sheets.\n|\n|t:|1729046570\n|start\n|switch|p1a: \u5996\u97f3\u4e01\u771f|Sylveon, L50, F, shiny|100\/100\n|switch|p1b: \u715c\u7130\u4e01\u771f|Armarouge, L50, F|100\/100\n|switch|p2a: \u773c\u5f71\u4e01\u771f|Krookodile, L50, M|100\/100\n|switch|p2b: \u7ffc\u9e70\u4e01\u771f|Talonflame, L50, F|100\/100\n|-ability|p2a: \u773c\u5f71\u4e01\u771f|Intimidate|boost\n|-unboost|p1a: \u5996\u97f3\u4e01\u771f|atk|1\n|-unboost|p1b: \u715c\u7130\u4e01\u771f|atk|1\n|turn|1\n|c|\u2606shuijun1\u82cd\u708e\u5203\u9b3c\u4fa0|\u2764\ufe0f\n|c|\u2606bluestraggler01|\ud83e\udde1\n|\n|t:|1729046590\n|switch|p2a: \u96e8\u4e91\u4e01\u771f|Pelipper, L50, M|100\/100\n|-weather|RainDance|[from] ability: Drizzle|[of] p2a: \u96e8\u4e91\u4e01\u771f\n|-terastallize|p2b: \u7ffc\u9e70\u4e01\u771f|Stellar\n|move|p2b: \u7ffc\u9e70\u4e01\u771f|Brave Bird|p1b: \u715c\u7130\u4e01\u771f\n|-crit|p1b: \u715c\u7130\u4e01\u771f\n|-damage|p1b: \u715c\u7130\u4e01\u771f|0 fnt\n|faint|p1b: \u715c\u7130\u4e01\u771f\n|-damage|p2b: \u7ffc\u9e70\u4e01\u771f|62\/100|[from] Recoil\n|move|p1a: \u5996\u97f3\u4e01\u771f|Hyper Voice|p2a: \u96e8\u4e91\u4e01\u771f|[spread] p2a,p2b\n|-resisted|p2b: \u7ffc\u9e70\u4e01\u771f\n|-damage|p2a: \u96e8\u4e91\u4e01\u771f|34\/100\n|-damage|p2b: \u7ffc\u9e70\u4e01\u771f|31\/100\n|\n|-weather|RainDance|[upkeep]\n|upkeep\n|\n|t:|1729046608\n|switch|p1b: \u63f4\u5ca9\u4e01\u771f|Sneasler, L50, F|100\/100\n|turn|2\n|\n|t:|1729046626\n|switch|p1a: \u610f\u8335\u4e01\u771f|Indeedee-F, L50, F|100\/100\n|-fieldstart|move: Psychic Terrain|[from] ability: Psychic Surge|[of] p1a: \u610f\u8335\u4e01\u771f\n|-enditem|p1b: \u63f4\u5ca9\u4e01\u771f|Psychic Seed\n|-boost|p1b: \u63f4\u5ca9\u4e01\u771f|spd|1|[from] item: Psychic Seed\n|-terastallize|p1b: \u63f4\u5ca9\u4e01\u771f|Electric\n|move|p1b: \u63f4\u5ca9\u4e01\u771f|Tera Blast|p2b: \u7ffc\u9e70\u4e01\u771f|[anim] Tera Blast Electric\n|-supereffective|p2b: \u7ffc\u9e70\u4e01\u771f\n|-damage|p2b: \u7ffc\u9e70\u4e01\u771f|0 fnt\n|faint|p2b: \u7ffc\u9e70\u4e01\u771f\n|move|p2a: \u96e8\u4e91\u4e01\u771f|Hurricane|p1b: \u63f4\u5ca9\u4e01\u771f\n|-resisted|p1b: \u63f4\u5ca9\u4e01\u771f\n|-damage|p1b: \u63f4\u5ca9\u4e01\u771f|72\/100\n|-start|p1b: \u63f4\u5ca9\u4e01\u771f|confusion\n|-damage|p2a: \u96e8\u4e91\u4e01\u771f|25\/100|[from] item: Life Orb\n|\n|-weather|RainDance|[upkeep]\n|upkeep\n|\n|t:|1729046639\n|switch|p2b: \u773c\u5f71\u4e01\u771f|Krookodile, L50, M|100\/100\n|-ability|p2b: \u773c\u5f71\u4e01\u771f|Intimidate|boost\n|-unboost|p1a: \u610f\u8335\u4e01\u771f|atk|1\n|-unboost|p1b: \u63f4\u5ca9\u4e01\u771f|atk|1\n|turn|3\n|\n|t:|1729046646\n|-activate|p1b: \u63f4\u5ca9\u4e01\u771f|confusion\n|move|p1b: \u63f4\u5ca9\u4e01\u771f|Close Combat|p2b: \u773c\u5f71\u4e01\u771f\n|-supereffective|p2b: \u773c\u5f71\u4e01\u771f\n|-damage|p2b: \u773c\u5f71\u4e01\u771f|0 fnt\n|-unboost|p1b: \u63f4\u5ca9\u4e01\u771f|def|1\n|-unboost|p1b: \u63f4\u5ca9\u4e01\u771f|spd|1\n|faint|p2b: \u773c\u5f71\u4e01\u771f\n|move|p2a: \u96e8\u4e91\u4e01\u771f|Weather Ball|p1a: \u610f\u8335\u4e01\u771f\n|-damage|p1a: \u610f\u8335\u4e01\u771f|16\/100\n|-damage|p2a: \u96e8\u4e91\u4e01\u771f|15\/100|[from] item: Life Orb\n|move|p1a: \u610f\u8335\u4e01\u771f|Psychic|p2a: \u96e8\u4e91\u4e01\u771f\n|-damage|p2a: \u96e8\u4e91\u4e01\u771f|0 fnt\n|faint|p2a: \u96e8\u4e91\u4e01\u771f\n|\n|-weather|RainDance|[upkeep]\n|upkeep\n|\n|t:|1729046651\n|switch|p2b: \u786c\u6cbf\u4e01\u771f|Archaludon, L50, M|100\/100\n|turn|4\n|\n|t:|1729046661\n|move|p1a: \u610f\u8335\u4e01\u771f|Follow Me|p1a: \u610f\u8335\u4e01\u771f\n|-singleturn|p1a: \u610f\u8335\u4e01\u771f|move: Follow Me\n|-activate|p1b: \u63f4\u5ca9\u4e01\u771f|confusion\n|move|p1b: \u63f4\u5ca9\u4e01\u771f|Close Combat|p2b: \u786c\u6cbf\u4e01\u771f\n|-supereffective|p2b: \u786c\u6cbf\u4e01\u771f\n|-damage|p2b: \u786c\u6cbf\u4e01\u771f|32\/100\n|-unboost|p1b: \u63f4\u5ca9\u4e01\u771f|def|1\n|-unboost|p1b: \u63f4\u5ca9\u4e01\u771f|spd|1\n|-ability|p2b: \u786c\u6cbf\u4e01\u771f|Stamina|boost\n|-boost|p2b: \u786c\u6cbf\u4e01\u771f|def|1\n|move|p2b: \u786c\u6cbf\u4e01\u771f|Electro Shot||[still]\n|-prepare|p2b: \u786c\u6cbf\u4e01\u771f|Electro Shot\n|-boost|p2b: \u786c\u6cbf\u4e01\u771f|spa|1\n|-anim|p2b: \u786c\u6cbf\u4e01\u771f|Electro Shot|p1a: \u610f\u8335\u4e01\u771f\n|-damage|p1a: \u610f\u8335\u4e01\u771f|0 fnt\n|faint|p1a: \u610f\u8335\u4e01\u771f\n|\n|-weather|RainDance|[upkeep]\n|upkeep\n|\n|t:|1729046671\n|switch|p1a: \u5996\u97f3\u4e01\u771f|Sylveon, L50, F, shiny|100\/100\n|turn|5\n|\n|t:|1729046684\n|move|p1a: \u5996\u97f3\u4e01\u771f|Detect|p1a: \u5996\u97f3\u4e01\u771f\n|-singleturn|p1a: \u5996\u97f3\u4e01\u771f|Protect\n|-activate|p1b: \u63f4\u5ca9\u4e01\u771f|confusion\n|move|p1b: \u63f4\u5ca9\u4e01\u771f|Close Combat|p2b: \u786c\u6cbf\u4e01\u771f\n|-supereffective|p2b: \u786c\u6cbf\u4e01\u771f\n|-damage|p2b: \u786c\u6cbf\u4e01\u771f|0 fnt\n|-unboost|p1b: \u63f4\u5ca9\u4e01\u771f|def|1\n|-unboost|p1b: \u63f4\u5ca9\u4e01\u771f|spd|1\n|faint|p2b: \u786c\u6cbf\u4e01\u771f\n|\n|win|shuijun1\u82cd\u708e\u5203\u9b3c\u4fa0\n|raw|shuijun1\u82cd\u708e\u5203\u9b3c\u4fa0's rating: 1743 &rarr; <strong>1760<\/strong><br \/>(+17 for winning)\n|raw|bluestraggler01's rating: 1689 &rarr; <strong>1672<\/strong><br \/>(-17 for losing)\n|l|\u2606bluestraggler01\n|player|p2|\n|l|\u2606shuijun1\u82cd\u708e\u5203\u9b3c\u4fa0\n|player|p1|\n","uploadtime":1729046857,"views":10,"formatid":"gen9vgc2024regh","rating":1672,"private":0,"password":null}