{"id":"gen9vgc2024regh-2223216152","format":"[Gen 9] VGC 2024 Reg H","players":["winterbreak","bigbadbirdvgc"],"log":"|j|\u2606winterbreak\n|j|\u2606bigbadbirdvgc\n|t:|1728970834\n|gametype|doubles\n|player|p1|winterbreak|lucas-gen4pt|1813\n|player|p2|bigbadbirdvgc|101|1718\n|teamsize|p1|6\n|teamsize|p2|6\n|gen|9\n|tier|[Gen 9] VGC 2024 Reg H\n|rated|\n|rule|Species Clause: Limit one of each Pok\u00e9mon\n|rule|Item Clause: Limit 1 of each item\n|clearpoke\n|poke|p1|Serperior, L50, F|\n|poke|p1|Dragonite, L50, M|\n|poke|p1|Smeargle, L50, M|\n|poke|p1|Incineroar, L50, M|\n|poke|p1|Gholdengo, L50|\n|poke|p1|Ursaluna-Bloodmoon, L50, M|\n|poke|p2|Basculegion, L50, M|\n|poke|p2|Pelipper, L50, F|\n|poke|p2|Archaludon, L50, M|\n|poke|p2|Sinistcha, L50|\n|poke|p2|Farigiraf, L50, M|\n|poke|p2|Sableye, L50, M|\n|teampreview|4\n|j| ConnerTEP\n|j| hachiware\n|\n|t:|1728970878\n|start\n|switch|p1a: Serperior|Serperior, L50, F|100\/100\n|switch|p1b: Incineroar|Incineroar, L50, M|100\/100\n|switch|p2a: Basculegion|Basculegion, L50, M|100\/100\n|switch|p2b: Pelipper|Pelipper, L50, F|100\/100\n|-weather|RainDance|[from] ability: Drizzle|[of] p2b: Pelipper\n|-ability|p1b: Incineroar|Intimidate|boost\n|-unboost|p2a: Basculegion|atk|1\n|-unboost|p2b: Pelipper|atk|1\n|turn|1\n|\n|t:|1728970898\n|switch|p2b: Archaludon|Archaludon, L50, M|100\/100\n|move|p1b: Incineroar|Fake Out|p2b: Archaludon\n|-resisted|p2b: Archaludon\n|-damage|p2b: Archaludon|97\/100\n|-ability|p2b: Archaludon|Stamina|boost\n|-boost|p2b: Archaludon|def|1\n|move|p2a: Basculegion|Flip Turn|p1b: Incineroar\n|-supereffective|p1b: Incineroar\n|-crit|p1b: Incineroar\n|-damage|p1b: Incineroar|0 fnt\n|faint|p1b: Incineroar\n|\n|t:|1728970909\n|switch|p2a: Sableye|Sableye, L50, M|100\/100|[from] Flip Turn\n|move|p1a: Serperior|Light Screen|p1a: Serperior\n|-sidestart|p1: winterbreak|move: Light Screen\n|\n|-weather|RainDance|[upkeep]\n|upkeep\n|\n|t:|1728970914\n|switch|p1b: Gholdengo|Gholdengo, L50|100\/100\n|turn|2\n|\n|t:|1728970921\n|move|p2a: Sableye|Light Screen|p2a: Sableye\n|-sidestart|p2: bigbadbirdvgc|move: Light Screen\n|move|p1a: Serperior|Glare|p2b: Archaludon\n|-status|p2b: Archaludon|par\n|move|p1b: Gholdengo|Nasty Plot|p1b: Gholdengo\n|-boost|p1b: Gholdengo|spa|2\n|move|p2b: Archaludon|Electro Shot||[still]\n|-prepare|p2b: Archaludon|Electro Shot\n|-boost|p2b: Archaludon|spa|1\n|-anim|p2b: Archaludon|Electro Shot|p1b: Gholdengo\n|-damage|p1b: Gholdengo|57\/100\n|\n|-weather|RainDance|[upkeep]\n|-heal|p1b: Gholdengo|63\/100|[from] item: Leftovers\n|upkeep\n|turn|3\n|l| hachiware\n|j| hachiware\n|\n|t:|1728970963\n|move|p1b: Gholdengo|Protect|p1b: Gholdengo\n|-singleturn|p1b: Gholdengo|Protect\n|move|p1a: Serperior|Leaf Storm|p2a: Sableye\n|-damage|p2a: Sableye|71\/100\n|-boost|p1a: Serperior|spa|2\n|move|p2a: Sableye|Foul Play|p1b: Gholdengo\n|-activate|p1b: Gholdengo|move: Protect\n|move|p2b: Archaludon|Electro Shot||[still]\n|-prepare|p2b: Archaludon|Electro Shot\n|-boost|p2b: Archaludon|spa|1\n|-anim|p2b: Archaludon|Electro Shot|p1b: Gholdengo\n|-activate|p1b: Gholdengo|move: Protect\n|\n|-weather|RainDance|[upkeep]\n|-heal|p1b: Gholdengo|69\/100|[from] item: Leftovers\n|upkeep\n|turn|4\n|\n|t:|1728970988\n|move|p1a: Serperior|Leaf Storm|p2b: Archaludon\n|-resisted|p2b: Archaludon\n|-damage|p2b: Archaludon|89\/100 par\n|-boost|p1a: Serperior|spa|2\n|-ability|p2b: Archaludon|Stamina|boost\n|-boost|p2b: Archaludon|def|1\n|move|p1b: Gholdengo|Hex|p2b: Archaludon\n|-crit|p2b: Archaludon\n|-damage|p2b: Archaludon|0 fnt\n|faint|p2b: Archaludon\n|move|p2a: Sableye|Foul Play|p1b: Gholdengo\n|-supereffective|p1b: Gholdengo\n|-damage|p1b: Gholdengo|38\/100\n|\n|-weather|RainDance|[upkeep]\n|-heal|p1b: Gholdengo|45\/100|[from] item: Leftovers\n|upkeep\n|\n|t:|1728971004\n|switch|p2b: Basculegion|Basculegion, L50, M|100\/100\n|turn|5\n|j| Meditate Golisopod\n|c| ConnerTEP|Whoa\n|\n|t:|1728971029\n|switch|p1a: Smeargle|Smeargle, L50, M|100\/100\n|-terastallize|p2b: Basculegion|Grass\n|move|p1b: Gholdengo|Protect|p1b: Gholdengo\n|-singleturn|p1b: Gholdengo|Protect\n|move|p2a: Sableye|Will-O-Wisp|p1a: Smeargle\n|-status|p1a: Smeargle|brn\n|move|p2b: Basculegion|Flip Turn|p1b: Gholdengo\n|-activate|p1b: Gholdengo|move: Protect\n|\n|-weather|none\n|-heal|p1b: Gholdengo|51\/100|[from] item: Leftovers\n|-damage|p1a: Smeargle|94\/100 brn|[from] brn\n|-ability|p1a: Smeargle|Moody|boost\n|-boost|p1a: Smeargle|spa|2\n|-unboost|p1a: Smeargle|spd|1\n|upkeep\n|turn|6\n|\n|t:|1728971074\n|switch|p2a: Pelipper|Pelipper, L50, F|100\/100\n|-weather|RainDance|[from] ability: Drizzle|[of] p2a: Pelipper\n|-terastallize|p1b: Gholdengo|Water\n|move|p2b: Basculegion|Protect|p2b: Basculegion\n|-singleturn|p2b: Basculegion|Protect\n|move|p1a: Smeargle|Burning Bulwark|p1a: Smeargle\n|-singleturn|p1a: Smeargle|move: Protect\n|move|p1b: Gholdengo|Nasty Plot|p1b: Gholdengo\n|-boost|p1b: Gholdengo|spa|2\n|\n|-weather|RainDance|[upkeep]\n|-heal|p1b: Gholdengo|57\/100|[from] item: Leftovers\n|-damage|p1a: Smeargle|88\/100 brn|[from] brn\n|-sideend|p2: bigbadbirdvgc|move: Light Screen\n|-ability|p1a: Smeargle|Moody|boost\n|-boost|p1a: Smeargle|spe|2\n|-unboost|p1a: Smeargle|spd|1\n|upkeep\n|turn|7\n|\n|t:|1728971108\n|move|p1a: Smeargle|Spore|p2a: Pelipper\n|-status|p2a: Pelipper|slp|[from] move: Spore\n|move|p2b: Basculegion|Flip Turn|p1a: Smeargle\n|-damage|p1a: Smeargle|0 fnt\n|faint|p1a: Smeargle\n|\n|t:|1728971115\n|switch|p2b: Sableye|Sableye, L50, M|71\/100|[from] Flip Turn\n|cant|p2a: Pelipper|slp\n|move|p1b: Gholdengo|Hex|p2b: Sableye\n|-damage|p2b: Sableye|0 fnt\n|faint|p2b: Sableye\n|\n|-weather|RainDance|[upkeep]\n|-heal|p1b: Gholdengo|63\/100|[from] item: Leftovers\n|upkeep\n|\n|t:|1728971124\n|switch|p1a: Serperior|Serperior, L50, F|100\/100\n|switch|p2b: Basculegion|Basculegion, L50, M, tera:Grass|100\/100\n|turn|8\n|\n|t:|1728971131\n|move|p2b: Basculegion|Protect|p2b: Basculegion\n|-singleturn|p2b: Basculegion|Protect\n|move|p1b: Gholdengo|Protect|p1b: Gholdengo\n|-singleturn|p1b: Gholdengo|Protect\n|move|p1a: Serperior|Glare|p2b: Basculegion\n|-activate|p2b: Basculegion|move: Protect\n|-curestatus|p2a: Pelipper|slp|[msg]\n|move|p2a: Pelipper|Hurricane|p1a: Serperior\n|-supereffective|p1a: Serperior\n|-damage|p1a: Serperior|38\/100\n|-start|p1a: Serperior|confusion\n|\n|-weather|RainDance|[upkeep]\n|-heal|p1b: Gholdengo|69\/100|[from] item: Leftovers\n|-sideend|p1: winterbreak|move: Light Screen\n|upkeep\n|turn|9\n|\n|t:|1728971148\n|move|p2b: Basculegion|Last Respects|p1b: Gholdengo\n|-damage|p1b: Gholdengo|2\/100\n|-activate|p1a: Serperior|confusion\n|move|p1a: Serperior|Glare|p2b: Basculegion\n|-status|p2b: Basculegion|par\n|move|p2a: Pelipper|Hurricane|p1b: Gholdengo\n|-damage|p1b: Gholdengo|0 fnt\n|faint|p1b: Gholdengo\n|\n|-weather|RainDance|[upkeep]\n|upkeep\n|turn|10\n|l| hachiware\n|j| hachiware\n|-message|winterbreak forfeited.\n|\n|win|bigbadbirdvgc\n|raw|winterbreak's rating: 1813 &rarr; <strong>1788<\/strong><br \/>(-25 for losing)\n|raw|bigbadbirdvgc's rating: 1718 &rarr; <strong>1743<\/strong><br \/>(+25 for winning)\n|l|\u2606winterbreak\n|player|p1|\n|c|\u2606bigbadbirdvgc|gg\n|l|\u2606bigbadbirdvgc\n|player|p2|\n|c| ConnerTEP|That game was sick\n|l| hachiware\n|j|\u2606winterbreak\n|player|p1|winterbreak|lucas-gen4pt|\n|l| Meditate Golisopod\n","uploadtime":1728971472,"views":30,"formatid":"gen9vgc2024regh","rating":1743,"private":0,"password":null}