{"id":"gen9vgc2024regh-2223462936","format":"[Gen 9] VGC 2024 Reg H","players":["SERENA2024","rough Pult"],"log":"|j|\u2606SERENA2024\n|j|\u2606rough Pult\n|t:|1729004069\n|gametype|doubles\n|player|p1|SERENA2024|170|1698\n|player|p2|rough Pult|giovanni|1770\n|teamsize|p1|6\n|teamsize|p2|6\n|gen|9\n|tier|[Gen 9] VGC 2024 Reg H\n|rated|\n|rule|Species Clause: Limit one of each Pok\u00e9mon\n|rule|Item Clause: Limit 1 of each item\n|clearpoke\n|poke|p1|Whimsicott, L50, F|\n|poke|p1|Ursaluna-Bloodmoon, L50, M|\n|poke|p1|Archaludon, L50, F|\n|poke|p1|Flamigo, L50, M|\n|poke|p1|Typhlosion-Hisui, L50, M|\n|poke|p1|Rillaboom, L50, M|\n|poke|p2|Baxcalibur, L50, F|\n|poke|p2|Dondozo, L50, M|\n|poke|p2|Kingambit, L50, M|\n|poke|p2|Rillaboom, L50, M|\n|poke|p2|Sneasler, L50, F|\n|poke|p2|Volcarona, L50, M|\n|teampreview|4\n|l|\u2606rough Pult\n|player|p2|\n|j|\u2606rough Pult\n|player|p2|rough Pult|giovanni|\n|inactive|Battle timer is ON: inactive players will automatically lose when time's up. (requested by SERENA2024)\n|\n|t:|1729004111\n|start\n|switch|p1a: Typhlosion|Typhlosion-Hisui, L50, M|100\/100\n|switch|p1b: Whimsicott|Whimsicott, L50, F|100\/100\n|switch|p2a: Sneasler|Sneasler, L50, F|100\/100\n|switch|p2b: Volcarona|Volcarona, L50, M|100\/100\n|-item|p2a: Sneasler|Focus Sash|[from] ability: Frisk|[of] p1a: Typhlosion\n|-item|p2b: Volcarona|Covert Cloak|[from] ability: Frisk|[of] p1a: Typhlosion\n|turn|1\n|\n|t:|1729004132\n|-terastallize|p1b: Whimsicott|Water\n|move|p1b: Whimsicott|Fake Tears|p2b: Volcarona\n|-unboost|p2b: Volcarona|spd|2\n|move|p2a: Sneasler|Dire Claw|p1b: Whimsicott\n|-damage|p1b: Whimsicott|55\/100\n|move|p1a: Typhlosion|Heat Wave|p2b: Volcarona|[spread] p2a\n|-miss|p1a: Typhlosion|p2b: Volcarona\n|-damage|p2a: Sneasler|31\/100\n|move|p2b: Volcarona|Heat Wave|p1a: Typhlosion|[spread] p1a,p1b\n|-resisted|p1a: Typhlosion\n|-resisted|p1b: Whimsicott\n|-damage|p1a: Typhlosion|75\/100\n|-damage|p1b: Whimsicott|28\/100\n|\n|upkeep\n|turn|2\n|inactive|rough Pult has 30 seconds left.\n|\n|t:|1729004159\n|switch|p2b: Baxcalibur|Baxcalibur, L50, F|100\/100\n|move|p2a: Sneasler|Protect|p2a: Sneasler\n|-singleturn|p2a: Sneasler|Protect\n|move|p1b: Whimsicott|Tailwind|p1b: Whimsicott\n|-sidestart|p1: SERENA2024|move: Tailwind\n|move|p1a: Typhlosion|Heat Wave|p2b: Baxcalibur|[spread] p2b\n|-activate|p2a: Sneasler|move: Protect\n|-damage|p2b: Baxcalibur|47\/100\n|-ability|p2b: Baxcalibur|Thermal Exchange|boost\n|-boost|p2b: Baxcalibur|atk|1\n|\n|upkeep\n|turn|3\n|\n|t:|1729004178\n|switch|p2a: Volcarona|Volcarona, L50, M|100\/100\n|move|p2b: Baxcalibur|Ice Shard|p1b: Whimsicott\n|-resisted|p1b: Whimsicott\n|-damage|p1b: Whimsicott|9\/100\n|move|p1b: Whimsicott|Moonblast|p2b: Baxcalibur\n|-supereffective|p2b: Baxcalibur\n|-damage|p2b: Baxcalibur|0 fnt\n|faint|p2b: Baxcalibur\n|move|p1a: Typhlosion|Heat Wave|p2a: Volcarona\n|-damage|p2a: Volcarona|41\/100\n|\n|upkeep\n|\n|t:|1729004196\n|switch|p2b: Rillaboom|Rillaboom, L50, M|100\/100\n|-fieldstart|move: Grassy Terrain|[from] ability: Grassy Surge|[of] p2b: Rillaboom\n|turn|4\n|\n|t:|1729004214\n|-terastallize|p2b: Rillaboom|Water\n|move|p1b: Whimsicott|Fake Tears|p2a: Volcarona\n|-unboost|p2a: Volcarona|spd|2\n|move|p1a: Typhlosion|Heat Wave|p2a: Volcarona|[spread] p2a,p2b\n|-resisted|p2b: Rillaboom\n|-damage|p2a: Volcarona|0 fnt\n|-damage|p2b: Rillaboom|83\/100\n|faint|p2a: Volcarona\n|move|p2b: Rillaboom|High Horsepower|p1a: Typhlosion\n|-supereffective|p1a: Typhlosion\n|-damage|p1a: Typhlosion|0 fnt\n|faint|p1a: Typhlosion\n|\n|-heal|p1b: Whimsicott|15\/100|[from] Grassy Terrain\n|-heal|p2b: Rillaboom|89\/100|[from] Grassy Terrain\n|upkeep\n|\n|t:|1729004230\n|switch|p1a: Ursaluna|Ursaluna-Bloodmoon, L50, M|100\/100\n|switch|p2a: Sneasler|Sneasler, L50, F|31\/100\n|turn|5\n|\n|t:|1729004244\n|move|p2a: Sneasler|Protect|p2a: Sneasler\n|-singleturn|p2a: Sneasler|Protect\n|move|p1b: Whimsicott|Fake Tears|p2b: Rillaboom\n|-unboost|p2b: Rillaboom|spd|2\n|move|p2b: Rillaboom|Grassy Glide|p1b: Whimsicott\n|-supereffective|p1b: Whimsicott\n|-damage|p1b: Whimsicott|0 fnt\n|faint|p1b: Whimsicott\n|move|p1a: Ursaluna|Blood Moon|p2b: Rillaboom\n|-crit|p2b: Rillaboom\n|-damage|p2b: Rillaboom|0 fnt\n|faint|p2b: Rillaboom\n|-damage|p1a: Ursaluna|91\/100|[from] item: Life Orb\n|\n|-heal|p1a: Ursaluna|97\/100|[from] Grassy Terrain\n|-heal|p2a: Sneasler|37\/100|[from] Grassy Terrain\n|-sideend|p1: SERENA2024|move: Tailwind\n|upkeep\n|\n|t:|1729004250\n|switch|p1b: Flamigo|Flamigo, L50, M|100\/100\n|turn|6\n|\n|t:|1729004269\n|move|p2a: Sneasler|Dire Claw|p1b: Flamigo\n|-crit|p1b: Flamigo\n|-damage|p1b: Flamigo|4\/100\n|-status|p1b: Flamigo|par\n|move|p1a: Ursaluna|Earth Power|p2a: Sneasler\n|-supereffective|p2a: Sneasler\n|-damage|p2a: Sneasler|0 fnt\n|faint|p2a: Sneasler\n|-damage|p1a: Ursaluna|87\/100|[from] item: Life Orb\n|\n|win|SERENA2024\n|raw|SERENA2024's rating: 1698 &rarr; <strong>1722<\/strong><br \/>(+24 for winning)\n|raw|rough Pult's rating: 1770 &rarr; <strong>1746<\/strong><br \/>(-24 for losing)\n","uploadtime":1729004445,"views":32,"formatid":"gen9vgc2024regh","rating":1722,"private":0,"password":null}