{"id":"gen9vgc2024regh-2223098282","format":"[Gen 9] VGC 2024 Reg H","players":["elvegis1","for amber"],"log":"|j|\u2606elvegis1\n|j|\u2606for amber\n|t:|1728954908\n|gametype|doubles\n|player|p1|elvegis1|lucas|1748\n|player|p2|for amber|skyla|1797\n|teamsize|p1|6\n|teamsize|p2|6\n|gen|9\n|tier|[Gen 9] VGC 2024 Reg H\n|rated|\n|rule|Species Clause: Limit one of each Pok\u00e9mon\n|rule|Item Clause: Limit 1 of each item\n|clearpoke\n|poke|p1|Garchomp, L50, M|\n|poke|p1|Incineroar, L50, M|\n|poke|p1|Sneasler, L50, M|\n|poke|p1|Dragonite, L50, F|\n|poke|p1|Corviknight, L50, F|\n|poke|p1|Gholdengo, L50|\n|poke|p2|Arcanine-Hisui, L50, F|\n|poke|p2|Pelipper, L50, M|\n|poke|p2|Umbreon, L50, M|\n|poke|p2|Ursaluna-Bloodmoon, L50, M|\n|poke|p2|Dragonite, L50, F|\n|poke|p2|Archaludon, L50, F|\n|teampreview|4\n|inactive|Battle timer is ON: inactive players will automatically lose when time's up. (requested by for amber)\n|j| GameLurker69\n|inactive|elvegis1 has 60 seconds left.\n|inactive|for amber has 60 seconds left.\n|\n|t:|1728954943\n|start\n|switch|p1a: Sneasler|Sneasler, L50, M|100\/100\n|switch|p1b: Garchomp|Garchomp, L50, M|100\/100\n|switch|p2a: Ursaluna|Ursaluna-Bloodmoon, L50, M|100\/100\n|switch|p2b: Arcanine|Arcanine-Hisui, L50, F, shiny|100\/100\n|turn|1\n|\n|t:|1728954957\n|-terastallize|p2a: Ursaluna|Ghost\n|move|p1a: Sneasler|Protect|p1a: Sneasler\n|-singleturn|p1a: Sneasler|Protect\n|move|p1b: Garchomp|Protect|p1b: Garchomp\n|-singleturn|p1b: Garchomp|Protect\n|move|p2b: Arcanine|Protect|p2b: Arcanine\n|-singleturn|p2b: Arcanine|Protect\n|move|p2a: Ursaluna|Blood Moon|p1b: Garchomp\n|-activate|p1b: Garchomp|move: Protect\n|\n|upkeep\n|turn|2\n|inactive|elvegis1 has 30 seconds left.\n|\n|t:|1728954982\n|switch|p2b: Pelipper|Pelipper, L50, M|100\/100\n|-weather|RainDance|[from] ability: Drizzle|[of] p2b: Pelipper\n|move|p1a: Sneasler|Dire Claw|p2a: Ursaluna\n|-resisted|p2a: Ursaluna\n|-crit|p2a: Ursaluna\n|-damage|p2a: Ursaluna|79\/100\n|-status|p2a: Ursaluna|par\n|move|p1b: Garchomp|Dragon Claw|p2b: Pelipper\n|-damage|p2b: Pelipper|31\/100\n|-damage|p1b: Garchomp|91\/100|[from] item: Life Orb\n|move|p2a: Ursaluna|Hyper Voice|p1a: Sneasler|[spread] p1a,p1b\n|-damage|p1a: Sneasler|46\/100\n|-damage|p1b: Garchomp|52\/100\n|\n|-weather|RainDance|[upkeep]\n|upkeep\n|turn|3\n|inactive|elvegis1 has 30 seconds left.\n|\n|t:|1728955013\n|move|p1b: Garchomp|Protect|p1b: Garchomp\n|-singleturn|p1b: Garchomp|Protect\n|move|p2a: Ursaluna|Vacuum Wave|p1b: Garchomp\n|-activate|p1b: Garchomp|move: Protect\n|move|p2b: Pelipper|Muddy Water|p1a: Sneasler|[spread] p1a\n|-activate|p1b: Garchomp|move: Protect\n|-damage|p1a: Sneasler|0 fnt\n|faint|p1a: Sneasler\n|\n|-weather|RainDance|[upkeep]\n|upkeep\n|\n|t:|1728955026\n|switch|p1a: Dragonite|Dragonite, L50, F|100\/100\n|turn|4\n|\n|t:|1728955036\n|move|p1a: Dragonite|Extreme Speed|p2b: Pelipper\n|-damage|p2b: Pelipper|0 fnt\n|faint|p2b: Pelipper\n|move|p1b: Garchomp|Earthquake|p2a: Ursaluna|[spread] p2a\n|-immune|p1a: Dragonite\n|-damage|p2a: Ursaluna|43\/100 par\n|-damage|p1b: Garchomp|42\/100|[from] item: Life Orb\n|move|p2a: Ursaluna|Earth Power|p1b: Garchomp\n|-damage|p1b: Garchomp|0 fnt\n|faint|p1b: Garchomp\n|\n|-weather|RainDance|[upkeep]\n|upkeep\n|\n|t:|1728955047\n|switch|p1b: Gholdengo|Gholdengo, L50|100\/100\n|switch|p2b: Archaludon|Archaludon, L50, F|100\/100\n|turn|5\n|\n|t:|1728955063\n|move|p2a: Ursaluna|Vacuum Wave|p1a: Dragonite\n|-resisted|p1a: Dragonite\n|-damage|p1a: Dragonite|97\/100\n|move|p2b: Archaludon|Draco Meteor|p1a: Dragonite\n|-supereffective|p1a: Dragonite\n|-damage|p1a: Dragonite|0 fnt\n|-unboost|p2b: Archaludon|spa|2\n|faint|p1a: Dragonite\n|move|p1b: Gholdengo|Shadow Ball|p2a: Ursaluna\n|-supereffective|p2a: Ursaluna\n|-damage|p2a: Ursaluna|0 fnt\n|faint|p2a: Ursaluna\n|\n|-weather|RainDance|[upkeep]\n|upkeep\n|\n|t:|1728955068\n|switch|p2a: Arcanine|Arcanine-Hisui, L50, F, shiny|100\/100\n|turn|6\n|\n|t:|1728955079\n|-terastallize|p1b: Gholdengo|Water\n|move|p2a: Arcanine|Flare Blitz|p1b: Gholdengo\n|-resisted|p1b: Gholdengo\n|-damage|p1b: Gholdengo|85\/100\n|move|p2b: Archaludon|Electro Shot||[still]\n|-prepare|p2b: Archaludon|Electro Shot\n|-boost|p2b: Archaludon|spa|1\n|-anim|p2b: Archaludon|Electro Shot|p1b: Gholdengo\n|-supereffective|p1b: Gholdengo\n|-damage|p1b: Gholdengo|19\/100\n|move|p1b: Gholdengo|Nasty Plot|p1b: Gholdengo\n|-boost|p1b: Gholdengo|spa|2\n|\n|-weather|none\n|upkeep\n|turn|7\n|\n|t:|1728955085\n|move|p2a: Arcanine|Flare Blitz|p1b: Gholdengo\n|-resisted|p1b: Gholdengo\n|-damage|p1b: Gholdengo|0 fnt\n|faint|p1b: Gholdengo\n|\n|win|for amber\n|raw|elvegis1's rating: 1748 &rarr; <strong>1731<\/strong><br \/>(-17 for losing)\n|raw|for amber's rating: 1797 &rarr; <strong>1814<\/strong><br \/>(+17 for winning)\n|l|\u2606for amber\n|player|p2|\n|l|\u2606elvegis1\n|player|p1|\n|l| GameLurker69\n","uploadtime":1728955342,"views":33,"formatid":"gen9vgc2024regh","rating":1731,"private":0,"password":null}