{"id":"gen9vgc2024regh-2223618902","format":"[Gen 9] VGC 2024 Reg H","players":["pantsuit","cher1berry"],"log":"|j|\u2606pantsuit\n|j|\u2606cher1berry\n|t:|1729017437\n|gametype|doubles\n|player|p1|pantsuit|265|1713\n|player|p2|cher1berry|nancy|1833\n|teamsize|p1|6\n|teamsize|p2|6\n|gen|9\n|tier|[Gen 9] VGC 2024 Reg H\n|rated|\n|rule|Species Clause: Limit one of each Pok\u00e9mon\n|rule|Item Clause: Limit 1 of each item\n|clearpoke\n|poke|p1|Porygon2, L50|\n|poke|p1|Ursaluna, L50, F|\n|poke|p1|Incineroar, L50, M|\n|poke|p1|Sneasler, L50, F|\n|poke|p1|Archaludon, L50, F|\n|poke|p1|Yanmega, L50, M|\n|poke|p2|Dondozo, L50, F|\n|poke|p2|Tatsugiri, L50, F|\n|poke|p2|Gholdengo, L50|\n|poke|p2|Talonflame, L50, F|\n|poke|p2|Dragonite, L50, F|\n|poke|p2|Pawmot, L50, F|\n|teampreview|4\n|\n|t:|1729017470\n|start\n|switch|p1a: Yanmega|Yanmega, L50, M, shiny|100\/100\n|switch|p1b: Archaludon|Archaludon, L50, F|100\/100\n|switch|p2a: Talonflame|Talonflame, L50, F, shiny|100\/100\n|switch|p2b: Gholdengo|Gholdengo, L50|100\/100\n|turn|1\n|inactive|Battle timer is ON: inactive players will automatically lose when time's up. (requested by cher1berry)\n|\n|t:|1729017480\n|switch|p1a: Incineroar|Incineroar, L50, M, shiny|100\/100\n|-ability|p1a: Incineroar|Intimidate|boost\n|-unboost|p2a: Talonflame|atk|1\n|-unboost|p2b: Gholdengo|atk|1\n|move|p1b: Archaludon|Protect|p1b: Archaludon\n|-singleturn|p1b: Archaludon|Protect\n|move|p2a: Talonflame|Tailwind|p2a: Talonflame\n|-sidestart|p2: cher1berry|move: Tailwind\n|move|p2b: Gholdengo|Make It Rain|p1b: Archaludon|[spread] p1a\n|-activate|p1b: Archaludon|move: Protect\n|-resisted|p1a: Incineroar\n|-damage|p1a: Incineroar|62\/100\n|-unboost|p2b: Gholdengo|spa|1\n|\n|upkeep\n|turn|2\n|\n|t:|1729017498\n|-terastallize|p1b: Archaludon|Electric\n|move|p2a: Talonflame|Flare Blitz|p1b: Archaludon\n|-damage|p1b: Archaludon|73\/100\n|-damage|p2a: Talonflame|91\/100|[from] Recoil\n|move|p2b: Gholdengo|Make It Rain|p1a: Incineroar|[spread] p1a,p1b\n|-resisted|p1a: Incineroar\n|-resisted|p1b: Archaludon\n|-damage|p1a: Incineroar|38\/100\n|-damage|p1b: Archaludon|35\/100\n|-unboost|p2b: Gholdengo|spa|1\n|move|p1b: Archaludon|Electro Shot||[still]\n|-prepare|p1b: Archaludon|Electro Shot\n|-boost|p1b: Archaludon|spa|1\n|-enditem|p1b: Archaludon|Power Herb\n|-anim|p1b: Archaludon|Electro Shot|p2a: Talonflame\n|-supereffective|p2a: Talonflame\n|-damage|p2a: Talonflame|0 fnt\n|faint|p2a: Talonflame\n|move|p1a: Incineroar|Flare Blitz|p2b: Gholdengo\n|-supereffective|p2b: Gholdengo\n|-damage|p2b: Gholdengo|0 fnt\n|faint|p2b: Gholdengo\n|-damage|p1a: Incineroar|11\/100|[from] Recoil\n|\n|upkeep\n|\n|t:|1729017509\n|switch|p2a: Dondozo|Dondozo, L50, F, shiny|100\/100\n|switch|p2b: Tatsugiri|Tatsugiri, L50, F|100\/100\n|-activate|p2b: Tatsugiri|ability: Commander|[of] p2a: Dondozo\n|-boost|p2a: Dondozo|atk|2\n|-boost|p2a: Dondozo|spa|2\n|-boost|p2a: Dondozo|spe|2\n|-boost|p2a: Dondozo|def|2\n|-boost|p2a: Dondozo|spd|2\n|turn|3\n|\n|t:|1729017523\n|switch|p1a: Yanmega|Yanmega, L50, M, shiny|100\/100\n|move|p1b: Archaludon|Protect|p1b: Archaludon\n|-singleturn|p1b: Archaludon|Protect\n|move|p2a: Dondozo|Order Up|p1b: Archaludon\n|-activate|p1b: Archaludon|move: Protect\n|\n|upkeep\n|turn|4\n|\n|t:|1729017535\n|switch|p1b: Incineroar|Incineroar, L50, M, shiny|11\/100\n|-ability|p1b: Incineroar|Intimidate|boost\n|-unboost|p2a: Dondozo|atk|1\n|-unboost|p2b: Tatsugiri|atk|1\n|move|p2a: Dondozo|Order Up|p1b: Incineroar\n|-damage|p1b: Incineroar|0 fnt\n|faint|p1b: Incineroar\n|-boost|p2a: Dondozo|atk|1\n|move|p1a: Yanmega|Tailwind|p1a: Yanmega\n|-sidestart|p1: pantsuit|move: Tailwind\n|\n|-sideend|p2: cher1berry|move: Tailwind\n|-ability|p1a: Yanmega|Speed Boost|boost\n|-boost|p1a: Yanmega|spe|1\n|upkeep\n|\n|t:|1729017547\n|switch|p1b: Archaludon|Archaludon, L50, F, tera:Electric|35\/100\n|turn|5\n|\n|t:|1729017566\n|-terastallize|p2a: Dondozo|Grass\n|move|p1a: Yanmega|Bug Buzz|p2a: Dondozo\n|-supereffective|p2a: Dondozo\n|-damage|p2a: Dondozo|52\/100\n|move|p1b: Archaludon|Thunderbolt|p2a: Dondozo\n|-resisted|p2a: Dondozo\n|-damage|p2a: Dondozo|39\/100\n|move|p2a: Dondozo|Order Up|p1a: Yanmega\n|-damage|p1a: Yanmega|33\/100\n|-boost|p2a: Dondozo|atk|1\n|\n|-heal|p2a: Dondozo|45\/100|[from] item: Leftovers\n|-ability|p1a: Yanmega|Speed Boost|boost\n|-boost|p1a: Yanmega|spe|1\n|upkeep\n|turn|6\n|j| Claarity\n|\n|t:|1729017579\n|move|p2a: Dondozo|Protect|p2a: Dondozo\n|-singleturn|p2a: Dondozo|Protect\n|move|p1a: Yanmega|Bug Buzz|p2a: Dondozo\n|-activate|p2a: Dondozo|move: Protect\n|move|p1b: Archaludon|Electro Shot||[still]\n|-prepare|p1b: Archaludon|Electro Shot\n|-boost|p1b: Archaludon|spa|1\n|\n|-heal|p2a: Dondozo|52\/100|[from] item: Leftovers\n|-ability|p1a: Yanmega|Speed Boost|boost\n|-boost|p1a: Yanmega|spe|1\n|upkeep\n|turn|7\n|\n|t:|1729017592\n|move|p2a: Dondozo|Protect|p2a: Dondozo\n|-singleturn|p2a: Dondozo|Protect\n|move|p1a: Yanmega|Bug Buzz|p2a: Dondozo\n|-activate|p2a: Dondozo|move: Protect\n|move|p1b: Archaludon|Electro Shot|p2a: Dondozo|[from]lockedmove\n|-activate|p2a: Dondozo|move: Protect\n|\n|-heal|p2a: Dondozo|58\/100|[from] item: Leftovers\n|-sideend|p1: pantsuit|move: Tailwind\n|-ability|p1a: Yanmega|Speed Boost|boost\n|-boost|p1a: Yanmega|spe|1\n|upkeep\n|turn|8\n|j| sbld\n|\n|t:|1729017605\n|move|p1a: Yanmega|Tailwind|p1a: Yanmega\n|-sidestart|p1: pantsuit|move: Tailwind\n|move|p1b: Archaludon|Dragon Pulse|p2a: Dondozo\n|-damage|p2a: Dondozo|31\/100\n|move|p2a: Dondozo|Order Up|p1a: Yanmega\n|-damage|p1a: Yanmega|0 fnt\n|faint|p1a: Yanmega\n|-boost|p2a: Dondozo|atk|1\n|\n|-heal|p2a: Dondozo|37\/100|[from] item: Leftovers\n|upkeep\n|\n|t:|1729017612\n|switch|p1a: Sneasler|Sneasler, L50, F|100\/100\n|turn|9\n|\n|t:|1729017619\n|move|p2a: Dondozo|Protect|p2a: Dondozo\n|-singleturn|p2a: Dondozo|Protect\n|move|p1a: Sneasler|Dire Claw|p2a: Dondozo\n|-activate|p2a: Dondozo|move: Protect\n|move|p1b: Archaludon|Dragon Pulse|p2a: Dondozo\n|-activate|p2a: Dondozo|move: Protect\n|\n|-heal|p2a: Dondozo|44\/100|[from] item: Leftovers\n|upkeep\n|turn|10\n|\n|t:|1729017631\n|move|p1a: Sneasler|Dire Claw|p2a: Dondozo\n|-supereffective|p2a: Dondozo\n|-damage|p2a: Dondozo|8\/100\n|move|p1b: Archaludon|Dragon Pulse|p2a: Dondozo\n|-damage|p2a: Dondozo|0 fnt\n|faint|p2a: Dondozo\n|\n|upkeep\n|turn|11\n|\n|t:|1729017639\n|move|p1a: Sneasler|Close Combat|p2b: Tatsugiri\n|-damage|p2b: Tatsugiri|0 fnt\n|-unboost|p1a: Sneasler|def|1\n|-unboost|p1a: Sneasler|spd|1\n|-enditem|p1a: Sneasler|White Herb\n|-clearnegativeboost|p1a: Sneasler|[silent]\n|faint|p2b: Tatsugiri\n|\n|win|pantsuit\n|raw|pantsuit's rating: 1713 &rarr; <strong>1740<\/strong><br \/>(+27 for winning)\n|raw|cher1berry's rating: 1833 &rarr; <strong>1806<\/strong><br \/>(-27 for losing)\n|c|\u2606cher1berry|Gg\n|l|\u2606pantsuit\n|player|p1|\n|l|\u2606cher1berry\n|player|p2|\n","uploadtime":1729017887,"views":11,"formatid":"gen9vgc2024regh","rating":1740,"private":0,"password":null}