{"id":"gen9vgc2024regh-2223578805","format":"[Gen 9] VGC 2024 Reg H","players":["Pokemariogame570","bigbadbirdvgc"],"log":"|j|\u2606Pokemariogame570\n|j|\u2606bigbadbirdvgc\n|t:|1729014002\n|gametype|doubles\n|player|p1|Pokemariogame570|hilbert|1670\n|player|p2|bigbadbirdvgc|170|1720\n|teamsize|p1|6\n|teamsize|p2|6\n|gen|9\n|tier|[Gen 9] VGC 2024 Reg H\n|rated|\n|rule|Species Clause: Limit one of each Pok\u00e9mon\n|rule|Item Clause: Limit 1 of each item\n|clearpoke\n|poke|p1|Garchomp, L50, F|\n|poke|p1|Dragonite, L50, F|\n|poke|p1|Amoonguss, L50, F|\n|poke|p1|Incineroar, L50, F|\n|poke|p1|Ninetales-Alola, L50, M|\n|poke|p1|Kingambit, L50, F|\n|poke|p2|Basculegion, L50, M|\n|poke|p2|Pelipper, L50, F|\n|poke|p2|Archaludon, L50, F|\n|poke|p2|Sinistcha, L50|\n|poke|p2|Farigiraf, L50, F|\n|poke|p2|Sableye, L50, M|\n|teampreview|4\n|j| BloomyVGC\n|inactive|Battle timer is ON: inactive players will automatically lose when time's up. (requested by Pokemariogame570)\n|l| BloomyVGC\n|inactive|bigbadbirdvgc has 60 seconds left.\n|\n|t:|1729014076\n|start\n|switch|p1a: Kingambit|Kingambit, L50, F, shiny|100\/100\n|switch|p1b: Garchomp|Garchomp, L50, F|100\/100\n|switch|p2a: Sableye|Sableye, L50, M|100\/100\n|switch|p2b: Archaludon|Archaludon, L50, F|100\/100\n|turn|1\n|inactive|Pokemariogame570 has 30 seconds left.\n|inactive|bigbadbirdvgc has 30 seconds left.\n|inactive|bigbadbirdvgc has 20 seconds left.\n|inactive|bigbadbirdvgc has 15 seconds left.\n|\n|t:|1729014116\n|switch|p1a: Dragonite|Dragonite, L50, F|100\/100\n|-terastallize|p2b: Archaludon|Grass\n|move|p2a: Sableye|Will-O-Wisp|p1b: Garchomp\n|-status|p1b: Garchomp|brn\n|move|p1b: Garchomp|Earthquake|p2b: Archaludon|[spread] p2a,p2b\n|-immune|p1a: Dragonite\n|-resisted|p2b: Archaludon\n|-damage|p2a: Sableye|67\/100\n|-damage|p2b: Archaludon|90\/100\n|-ability|p2b: Archaludon|Stamina|boost\n|-boost|p2b: Archaludon|def|1\n|move|p2b: Archaludon|Body Press|p1a: Dragonite\n|-resisted|p1a: Dragonite\n|-damage|p1a: Dragonite|92\/100\n|\n|-damage|p1b: Garchomp|95\/100 brn|[from] brn\n|upkeep\n|turn|2\n|j| Claarity\n|l| Claarity\n|inactive|bigbadbirdvgc has 30 seconds left.\n|\n|t:|1729014143\n|-terastallize|p1a: Dragonite|Flying\n|move|p1b: Garchomp|Earthquake|p2b: Archaludon|[spread] p2a,p2b\n|-immune|p1a: Dragonite\n|-resisted|p2b: Archaludon\n|-damage|p2a: Sableye|32\/100\n|-damage|p2b: Archaludon|82\/100\n|-ability|p2b: Archaludon|Stamina|boost\n|-boost|p2b: Archaludon|def|1\n|move|p2b: Archaludon|Draco Meteor|p1b: Garchomp\n|-supereffective|p1b: Garchomp\n|-damage|p1b: Garchomp|0 fnt\n|-unboost|p2b: Archaludon|spa|2\n|faint|p1b: Garchomp\n|move|p1a: Dragonite|Tera Blast|p2b: Archaludon|[anim] Tera Blast Flying\n|-supereffective|p2b: Archaludon\n|-damage|p2b: Archaludon|43\/100\n|-ability|p2b: Archaludon|Stamina|boost\n|-boost|p2b: Archaludon|def|1\n|move|p2a: Sableye|Foul Play|p1a: Dragonite\n|-damage|p1a: Dragonite|29\/100\n|\n|upkeep\n|\n|t:|1729014168\n|switch|p1b: Ninetales|Ninetales-Alola, L50, M|100\/100\n|-weather|Snow|[from] ability: Snow Warning|[of] p1b: Ninetales\n|turn|3\n|\n|t:|1729014191\n|switch|p2b: Farigiraf|Farigiraf, L50, F|100\/100\n|move|p1a: Dragonite|Protect|p1a: Dragonite\n|-singleturn|p1a: Dragonite|Protect\n|move|p2a: Sableye|Light Screen|p2a: Sableye\n|-sidestart|p2: bigbadbirdvgc|move: Light Screen\n|move|p1b: Ninetales|Blizzard|p2b: Farigiraf|[spread] p2a,p2b\n|-damage|p2a: Sableye|0 fnt\n|-damage|p2b: Farigiraf|64\/100\n|faint|p2a: Sableye\n|\n|-weather|Snow|[upkeep]\n|upkeep\n|\n|t:|1729014202\n|switch|p2a: Pelipper|Pelipper, L50, F|100\/100\n|-weather|RainDance|[from] ability: Drizzle|[of] p2a: Pelipper\n|turn|4\n|\n|t:|1729014214\n|switch|p1b: Kingambit|Kingambit, L50, F, shiny|100\/100\n|move|p2a: Pelipper|Tailwind|p2a: Pelipper\n|-sidestart|p2: bigbadbirdvgc|move: Tailwind\n|move|p2b: Farigiraf|Psychic|p1a: Dragonite\n|-damage|p1a: Dragonite|0 fnt\n|faint|p1a: Dragonite\n|-damage|p2b: Farigiraf|54\/100|[from] item: Life Orb\n|\n|-weather|RainDance|[upkeep]\n|upkeep\n|\n|t:|1729014222\n|switch|p1a: Ninetales|Ninetales-Alola, L50, M|100\/100\n|-weather|Snow|[from] ability: Snow Warning|[of] p1a: Ninetales\n|turn|5\n|\n|t:|1729014240\n|move|p2a: Pelipper|Weather Ball|p1a: Ninetales\n|-resisted|p1a: Ninetales\n|-damage|p1a: Ninetales|85\/100\n|move|p2b: Farigiraf|Psychic|p1a: Ninetales\n|-damage|p1a: Ninetales|27\/100\n|-damage|p2b: Farigiraf|44\/100|[from] item: Life Orb\n|move|p1a: Ninetales|Freeze-Dry|p2a: Pelipper\n|-supereffective|p2a: Pelipper\n|-enditem|p2a: Pelipper|Focus Sash\n|-damage|p2a: Pelipper|1\/100\n|move|p1b: Kingambit|Kowtow Cleave|p2b: Farigiraf\n|-supereffective|p2b: Farigiraf\n|-crit|p2b: Farigiraf\n|-damage|p2b: Farigiraf|0 fnt\n|faint|p2b: Farigiraf\n|\n|-weather|Snow|[upkeep]\n|upkeep\n|j| Fallastest\n|\n|t:|1729014256\n|switch|p2b: Archaludon|Archaludon, L50, F, tera:Grass|43\/100\n|turn|6\n|\n|t:|1729014274\n|move|p1b: Kingambit|Sucker Punch|p2a: Pelipper\n|-damage|p2a: Pelipper|0 fnt\n|faint|p2a: Pelipper\n|move|p2b: Archaludon|Flash Cannon|p1a: Ninetales\n|-supereffective|p1a: Ninetales\n|-damage|p1a: Ninetales|0 fnt\n|faint|p1a: Ninetales\n|\n|-weather|Snow|[upkeep]\n|upkeep\n|turn|7\n|\n|t:|1729014285\n|move|p2b: Archaludon|Body Press|p1b: Kingambit\n|-supereffective|p1b: Kingambit\n|-damage|p1b: Kingambit|25\/100\n|move|p1b: Kingambit|Kowtow Cleave|p2b: Archaludon\n|-damage|p2b: Archaludon|8\/100\n|-ability|p2b: Archaludon|Stamina|boost\n|-boost|p2b: Archaludon|def|1\n|\n|-weather|Snow|[upkeep]\n|-sideend|p2: bigbadbirdvgc|move: Light Screen\n|-sideend|p2: bigbadbirdvgc|move: Tailwind\n|upkeep\n|turn|8\n|\n|t:|1729014296\n|move|p1b: Kingambit|Sucker Punch|p2b: Archaludon\n|-damage|p2b: Archaludon|0 fnt\n|faint|p2b: Archaludon\n|\n|win|Pokemariogame570\n|raw|Pokemariogame570's rating: 1670 &rarr; <strong>1693<\/strong><br \/>(+23 for winning)\n|raw|bigbadbirdvgc's rating: 1720 &rarr; <strong>1697<\/strong><br \/>(-23 for losing)\n|l|\u2606Pokemariogame570\n|player|p1|\n|l|\u2606bigbadbirdvgc\n|player|p2|\n|l| Fallastest\n","uploadtime":1729014555,"views":27,"formatid":"gen9vgc2024regh","rating":1693,"private":0,"password":null}