{"id":"gen9vgc2024regh-2223876670","format":"[Gen 9] VGC 2024 Reg H","players":["pantsuit","gothitellevgc"],"log":"|j|\u2606pantsuit\n|j|\u2606gothitellevgc\n|t:|1729044011\n|gametype|doubles\n|player|p1|pantsuit|169|1739\n|player|p2|gothitellevgc|palmer|1723\n|teamsize|p1|6\n|teamsize|p2|6\n|gen|9\n|tier|[Gen 9] VGC 2024 Reg H\n|rated|\n|rule|Species Clause: Limit one of each Pok\u00e9mon\n|rule|Item Clause: Limit 1 of each item\n|clearpoke\n|poke|p1|Porygon2, L50|\n|poke|p1|Ursaluna, L50, M|\n|poke|p1|Incineroar, L50, M|\n|poke|p1|Sneasler, L50, F|\n|poke|p1|Archaludon, L50, M|\n|poke|p1|Yanmega, L50, F|\n|poke|p2|Archaludon, L50, F|\n|poke|p2|Pelipper, L50, M|\n|poke|p2|Gholdengo, L50|\n|poke|p2|Hydreigon, L50, F|\n|poke|p2|Basculegion, L50, M|\n|poke|p2|Amoonguss, L50, M|\n|teampreview|4\n|inactive|Battle timer is ON: inactive players will automatically lose when time's up. (requested by gothitellevgc)\n|inactive|pantsuit has 60 seconds left.\n|inactive|gothitellevgc has 60 seconds left.\n|inactive|gothitellevgc has 30 seconds left.\n|\n|t:|1729044074\n|start\n|switch|p1a: Incineroar|Incineroar, L50, M, shiny|100\/100\n|switch|p1b: Archaludon|Archaludon, L50, M|100\/100\n|switch|p2a: Gholdengo|Gholdengo, L50|100\/100\n|switch|p2b: Pelipper|Pelipper, L50, M|100\/100\n|-ability|p1a: Incineroar|Intimidate|boost\n|-unboost|p2a: Gholdengo|atk|1\n|-unboost|p2b: Pelipper|atk|1\n|-weather|RainDance|[from] ability: Drizzle|[of] p2b: Pelipper\n|turn|1\n|inactive|pantsuit has 30 seconds left.\n|\n|t:|1729044103\n|-terastallize|p1b: Archaludon|Electric\n|move|p2b: Pelipper|Protect|p2b: Pelipper\n|-singleturn|p2b: Pelipper|Protect\n|move|p1a: Incineroar|Fake Out|p2b: Pelipper\n|-activate|p2b: Pelipper|move: Protect\n|move|p2a: Gholdengo|Shadow Ball|p1b: Archaludon\n|-damage|p1b: Archaludon|4\/100\n|move|p1b: Archaludon|Electro Shot||[still]\n|-prepare|p1b: Archaludon|Electro Shot\n|-boost|p1b: Archaludon|spa|1\n|-anim|p1b: Archaludon|Electro Shot|p2a: Gholdengo\n|-damage|p2a: Gholdengo|0 fnt\n|faint|p2a: Gholdengo\n|\n|-weather|RainDance|[upkeep]\n|upkeep\n|\n|t:|1729044115\n|switch|p2a: Hydreigon|Hydreigon, L50, F|100\/100\n|turn|2\n|\n|t:|1729044121\n|move|p1b: Archaludon|Protect|p1b: Archaludon\n|-singleturn|p1b: Archaludon|Protect\n|move|p2a: Hydreigon|Snarl|p1a: Incineroar|[spread] p1a\n|-activate|p1b: Archaludon|move: Protect\n|-resisted|p1a: Incineroar\n|-crit|p1a: Incineroar\n|-damage|p1a: Incineroar|85\/100\n|-unboost|p1a: Incineroar|spa|1\n|move|p1a: Incineroar|Parting Shot|p2a: Hydreigon\n|-unboost|p2a: Hydreigon|atk|1\n|-unboost|p2a: Hydreigon|spa|1\n|\n|t:|1729044131\n|switch|p1a: Yanmega|Yanmega, L50, F, shiny|100\/100|[from] Parting Shot\n|move|p2b: Pelipper|Weather Ball|p1a: Yanmega\n|-enditem|p1a: Yanmega|Focus Sash\n|-damage|p1a: Yanmega|1\/100\n|\n|-weather|RainDance|[upkeep]\n|upkeep\n|turn|3\n|inactive|gothitellevgc has 30 seconds left.\n|\n|t:|1729044165\n|switch|p1b: Incineroar|Incineroar, L50, M, shiny|85\/100\n|-ability|p1b: Incineroar|Intimidate|boost\n|-unboost|p2a: Hydreigon|atk|1\n|-unboost|p2b: Pelipper|atk|1\n|move|p1a: Yanmega|Detect|p1a: Yanmega\n|-singleturn|p1a: Yanmega|Protect\n|move|p2a: Hydreigon|Snarl|p1a: Yanmega|[spread] p1b\n|-activate|p1a: Yanmega|move: Protect\n|-resisted|p1b: Incineroar\n|-damage|p1b: Incineroar|79\/100\n|-unboost|p1b: Incineroar|spa|1\n|move|p2b: Pelipper|Tailwind|p2b: Pelipper\n|-sidestart|p2: gothitellevgc|move: Tailwind\n|\n|-weather|RainDance|[upkeep]\n|-ability|p1a: Yanmega|Speed Boost|boost\n|-boost|p1a: Yanmega|spe|1\n|upkeep\n|turn|4\n|\n|t:|1729044176\n|move|p1b: Incineroar|Fake Out|p2a: Hydreigon\n|-damage|p2a: Hydreigon|88\/100\n|move|p2a: Hydreigon|Snarl|p1b: Incineroar|[spread] p1b\n|-miss|p2a: Hydreigon|p1a: Yanmega\n|-resisted|p1b: Incineroar\n|-damage|p1b: Incineroar|73\/100\n|-unboost|p1b: Incineroar|spa|1\n|move|p1a: Yanmega|Tailwind|p1a: Yanmega\n|-sidestart|p1: pantsuit|move: Tailwind\n|move|p2b: Pelipper|Weather Ball|p1b: Incineroar\n|-supereffective|p1b: Incineroar\n|-damage|p1b: Incineroar|0 fnt\n|faint|p1b: Incineroar\n|\n|-weather|RainDance|[upkeep]\n|-ability|p1a: Yanmega|Speed Boost|boost\n|-boost|p1a: Yanmega|spe|1\n|upkeep\n|\n|t:|1729044189\n|switch|p1b: Ursaluna|Ursaluna, L50, M, shiny|100\/100\n|turn|5\n|\n|t:|1729044210\n|switch|p2b: Archaludon|Archaludon, L50, F|100\/100\n|-terastallize|p2a: Hydreigon|Steel\n|move|p1a: Yanmega|Detect|p1a: Yanmega\n|-singleturn|p1a: Yanmega|Protect\n|move|p1b: Ursaluna|Protect|p1b: Ursaluna\n|-singleturn|p1b: Ursaluna|Protect\n|move|p2a: Hydreigon|Snarl|p1a: Yanmega|[spread] \n|-activate|p1a: Yanmega|move: Protect\n|-activate|p1b: Ursaluna|move: Protect\n|\n|-weather|none\n|-ability|p1a: Yanmega|Speed Boost|boost\n|-boost|p1a: Yanmega|spe|1\n|-status|p1b: Ursaluna|brn|[from] item: Flame Orb\n|upkeep\n|turn|6\n|\n|t:|1729044230\n|move|p1a: Yanmega|Air Slash|p2a: Hydreigon\n|-resisted|p2a: Hydreigon\n|-damage|p2a: Hydreigon|71\/100\n|move|p2a: Hydreigon|Draco Meteor|p1b: Ursaluna\n|-damage|p1b: Ursaluna|57\/100 brn\n|-unboost|p2a: Hydreigon|spa|2\n|move|p2b: Archaludon|Draco Meteor|p1b: Ursaluna|[miss]\n|-miss|p2b: Archaludon|p1b: Ursaluna\n|move|p1b: Ursaluna|Facade|p2a: Hydreigon\n|-resisted|p2a: Hydreigon\n|-damage|p2a: Hydreigon|5\/100\n|\n|-damage|p1b: Ursaluna|51\/100 brn|[from] brn\n|-sideend|p2: gothitellevgc|move: Tailwind\n|-ability|p1a: Yanmega|Speed Boost|boost\n|-boost|p1a: Yanmega|spe|1\n|upkeep\n|turn|7\n|inactive|gothitellevgc has 30 seconds left.\n|\n|t:|1729044255\n|switch|p2b: Pelipper|Pelipper, L50, M|100\/100\n|-weather|RainDance|[from] ability: Drizzle|[of] p2b: Pelipper\n|move|p1a: Yanmega|Bug Buzz|p2a: Hydreigon\n|-resisted|p2a: Hydreigon\n|-damage|p2a: Hydreigon|0 fnt\n|faint|p2a: Hydreigon\n|move|p1b: Ursaluna|Headlong Rush|p2b: Pelipper\n|-immune|p2b: Pelipper\n|\n|-weather|RainDance|[upkeep]\n|-damage|p1b: Ursaluna|45\/100 brn|[from] brn\n|-sideend|p1: pantsuit|move: Tailwind\n|-ability|p1a: Yanmega|Speed Boost|boost\n|-boost|p1a: Yanmega|spe|1\n|upkeep\n|\n|t:|1729044262\n|switch|p2a: Archaludon|Archaludon, L50, F|100\/100\n|turn|8\n|\n|t:|1729044285\n|move|p1a: Yanmega|Tailwind|p1a: Yanmega\n|-sidestart|p1: pantsuit|move: Tailwind\n|move|p1b: Ursaluna|Headlong Rush|p2a: Archaludon\n|-supereffective|p2a: Archaludon\n|-damage|p2a: Archaludon|0 fnt\n|-unboost|p1b: Ursaluna|def|1\n|-unboost|p1b: Ursaluna|spd|1\n|faint|p2a: Archaludon\n|move|p2b: Pelipper|Weather Ball|p1a: Yanmega\n|-damage|p1a: Yanmega|0 fnt\n|faint|p1a: Yanmega\n|\n|-weather|RainDance|[upkeep]\n|-damage|p1b: Ursaluna|39\/100 brn|[from] brn\n|upkeep\n|\n|t:|1729044290\n|switch|p1a: Archaludon|Archaludon, L50, M, tera:Electric|4\/100\n|turn|9\n|\n|t:|1729044295\n|move|p2b: Pelipper|Protect|p2b: Pelipper\n|-singleturn|p2b: Pelipper|Protect\n|move|p1a: Archaludon|Thunderbolt|p2b: Pelipper\n|-activate|p2b: Pelipper|move: Protect\n|move|p1b: Ursaluna|Facade|p2b: Pelipper\n|-activate|p2b: Pelipper|move: Protect\n|\n|-weather|RainDance|[upkeep]\n|-damage|p1b: Ursaluna|33\/100 brn|[from] brn\n|upkeep\n|turn|10\n|c|\u2606gothitellevgc|Gg\n|c|\u2606gothitellevgc|Good old draco\n|c|\u2606pantsuit|90 percent accurate moves are the worst\n|inactive|gothitellevgc has 30 seconds left.\n|c|\u2606gothitellevgc|It kills no doubt\n|c|\u2606pantsuit|for sure\n|inactive|gothitellevgc has 20 seconds left.\n|c|\u2606gothitellevgc|So it was hit and win ans miss and lose\n|inactive|gothitellevgc has 15 seconds left.\n|inactive|gothitellevgc has 10 seconds left.\n|\n|t:|1729044344\n|move|p1a: Archaludon|Thunderbolt|p2b: Pelipper\n|-supereffective|p2b: Pelipper\n|-enditem|p2b: Pelipper|Focus Sash\n|-damage|p2b: Pelipper|1\/100\n|move|p1b: Ursaluna|Facade|p2b: Pelipper\n|-crit|p2b: Pelipper\n|-damage|p2b: Pelipper|0 fnt\n|faint|p2b: Pelipper\n|\n|win|pantsuit\n|raw|pantsuit's rating: 1739 &rarr; <strong>1758<\/strong><br \/>(+19 for winning)\n|raw|gothitellevgc's rating: 1723 &rarr; <strong>1704<\/strong><br \/>(-19 for losing)\n|l|\u2606pantsuit\n|player|p1|\n|c|\u2606gothitellevgc|Plus the 95 snarl miss\n|l|\u2606gothitellevgc\n|player|p2|\n","uploadtime":1729044486,"views":19,"formatid":"gen9vgc2024regh","rating":1704,"private":0,"password":null}