{"id":"gen9vgc2024regh-2223091717","format":"[Gen 9] VGC 2024 Reg H","players":["greenlightdmp","for amber"],"log":"|j|\u2606greenlightdmp\n|j|\u2606for amber\n|t:|1728954149\n|gametype|doubles\n|player|p1|greenlightdmp|102|1718\n|player|p2|for amber|skyla|1779\n|teamsize|p1|6\n|teamsize|p2|6\n|gen|9\n|tier|[Gen 9] VGC 2024 Reg H\n|rated|\n|rule|Species Clause: Limit one of each Pok\u00e9mon\n|rule|Item Clause: Limit 1 of each item\n|clearpoke\n|poke|p1|Volcarona, L50, M|\n|poke|p1|Electabuzz, L50, F|\n|poke|p1|Rillaboom, L50, F|\n|poke|p1|Mamoswine, L50, F|\n|poke|p1|Gholdengo, L50|\n|poke|p1|Primarina, L50, M|\n|poke|p2|Arcanine-Hisui, L50, M|\n|poke|p2|Pelipper, L50, F|\n|poke|p2|Umbreon, L50, M|\n|poke|p2|Ursaluna-Bloodmoon, L50, M|\n|poke|p2|Dragonite, L50, F|\n|poke|p2|Archaludon, L50, M|\n|teampreview|4\n|inactive|Battle timer is ON: inactive players will automatically lose when time's up. (requested by for amber)\n|j| The_Beast1440\n|inactive|greenlightdmp has 60 seconds left.\n|j| GameLurker69\n|inactive|greenlightdmp has 30 seconds left.\n|\n|t:|1728954219\n|start\n|switch|p1a: Rillaboom|Rillaboom, L50, F|100\/100\n|switch|p1b: Mamoswine|Mamoswine, L50, F|100\/100\n|switch|p2a: Ursaluna|Ursaluna-Bloodmoon, L50, M|100\/100\n|switch|p2b: Umbreon|Umbreon, L50, M, shiny|100\/100\n|-fieldstart|move: Grassy Terrain|[from] ability: Grassy Surge|[of] p1a: Rillaboom\n|turn|1\n|inactive|greenlightdmp has 30 seconds left.\n|\n|t:|1728954245\n|switch|p2a: Archaludon|Archaludon, L50, M|100\/100\n|move|p1b: Mamoswine|Icicle Crash|p2b: Umbreon\n|-damage|p2b: Umbreon|53\/100\n|-damage|p1b: Mamoswine|91\/100|[from] item: Life Orb\n|move|p1a: Rillaboom|U-turn|p2b: Umbreon\n|-supereffective|p2b: Umbreon\n|-damage|p2b: Umbreon|12\/100\n|-enditem|p2b: Umbreon|Sitrus Berry|[eat]\n|-heal|p2b: Umbreon|37\/100|[from] item: Sitrus Berry\n|\n|t:|1728954258\n|switch|p1a: Gholdengo|Gholdengo, L50|100\/100|[from] U-turn\n|move|p2b: Umbreon|Foul Play|p1a: Gholdengo\n|-supereffective|p1a: Gholdengo\n|-damage|p1a: Gholdengo|66\/100\n|\n|-heal|p1b: Mamoswine|97\/100|[from] Grassy Terrain\n|-heal|p1a: Gholdengo|72\/100|[from] Grassy Terrain\n|-heal|p2b: Umbreon|43\/100|[from] Grassy Terrain\n|upkeep\n|turn|2\n|\n|t:|1728954279\n|move|p2a: Archaludon|Electro Shot||[still]\n|-prepare|p2a: Archaludon|Electro Shot\n|-boost|p2a: Archaludon|spa|1\n|-enditem|p2a: Archaludon|Power Herb\n|-anim|p2a: Archaludon|Electro Shot|p1a: Gholdengo\n|-damage|p1a: Gholdengo|5\/100\n|move|p1b: Mamoswine|High Horsepower|p2a: Archaludon\n|-supereffective|p2a: Archaludon\n|-ability|p2a: Archaludon|Sturdy\n|-damage|p2a: Archaludon|1\/100\n|-damage|p1b: Mamoswine|87\/100|[from] item: Life Orb\n|move|p1a: Gholdengo|Make It Rain|p2b: Umbreon|[spread] p2a,p2b\n|-resisted|p2a: Archaludon\n|-damage|p2a: Archaludon|0 fnt\n|-damage|p2b: Umbreon|2\/100\n|-unboost|p1a: Gholdengo|spa|1\n|faint|p2a: Archaludon\n|move|p2b: Umbreon|Foul Play|p1b: Mamoswine\n|-damage|p1b: Mamoswine|19\/100\n|\n|-heal|p1b: Mamoswine|25\/100|[from] Grassy Terrain\n|-heal|p1a: Gholdengo|11\/100|[from] Grassy Terrain\n|-heal|p2b: Umbreon|8\/100|[from] Grassy Terrain\n|upkeep\n|\n|t:|1728954303\n|switch|p2a: Arcanine|Arcanine-Hisui, L50, M, shiny|100\/100\n|turn|3\n|\n|t:|1728954327\n|switch|p2b: Ursaluna|Ursaluna-Bloodmoon, L50, M|100\/100\n|move|p2a: Arcanine|Protect|p2a: Arcanine\n|-singleturn|p2a: Arcanine|Protect\n|move|p1b: Mamoswine|Protect|p1b: Mamoswine\n|-singleturn|p1b: Mamoswine|Protect\n|move|p1a: Gholdengo|Make It Rain|p2a: Arcanine|[spread] p2b\n|-activate|p2a: Arcanine|move: Protect\n|-damage|p2b: Ursaluna|70\/100\n|-unboost|p1a: Gholdengo|spa|1\n|\n|-heal|p1b: Mamoswine|31\/100|[from] Grassy Terrain\n|-heal|p1a: Gholdengo|16\/100|[from] Grassy Terrain\n|-heal|p2b: Ursaluna|76\/100|[from] Grassy Terrain\n|upkeep\n|turn|4\n|inactive|greenlightdmp has 30 seconds left.\n|inactive|for amber has 30 seconds left.\n|\n|t:|1728954354\n|move|p2b: Ursaluna|Vacuum Wave|p1a: Gholdengo\n|-supereffective|p1a: Gholdengo\n|-damage|p1a: Gholdengo|0 fnt\n|faint|p1a: Gholdengo\n|move|p2a: Arcanine|Flare Blitz|p1b: Mamoswine\n|-supereffective|p1b: Mamoswine\n|-damage|p1b: Mamoswine|0 fnt\n|faint|p1b: Mamoswine\n|\n|-heal|p2b: Ursaluna|83\/100|[from] Grassy Terrain\n|upkeep\n|\n|t:|1728954360\n|switch|p1b: Primarina|Primarina, L50, M|100\/100\n|switch|p1a: Rillaboom|Rillaboom, L50, F|100\/100\n|turn|5\n|j| Rabbithorn01\n|\n|t:|1728954374\n|-terastallize|p2a: Arcanine|Ghost\n|move|p1a: Rillaboom|Fake Out|p2b: Ursaluna\n|-damage|p2b: Ursaluna|72\/100\n|move|p2a: Arcanine|Flare Blitz|p1a: Rillaboom\n|-supereffective|p1a: Rillaboom\n|-damage|p1a: Rillaboom|0 fnt\n|faint|p1a: Rillaboom\n|cant|p2b: Ursaluna|flinch\n|move|p1b: Primarina|Hyper Voice|p2a: Arcanine|[spread] p2a,p2b\n|-supereffective|p2b: Ursaluna\n|-damage|p2a: Arcanine|61\/100\n|-damage|p2b: Ursaluna|27\/100\n|-enditem|p1b: Primarina|Throat Spray\n|-boost|p1b: Primarina|spa|1|[from] item: Throat Spray\n|\n|-heal|p2a: Arcanine|67\/100|[from] Grassy Terrain\n|-heal|p2b: Ursaluna|34\/100|[from] Grassy Terrain\n|-fieldend|move: Grassy Terrain\n|upkeep\n|turn|6\n|\n|t:|1728954392\n|move|p2a: Arcanine|Head Smash|p1b: Primarina\n|-damage|p1b: Primarina|32\/100\n|move|p2b: Ursaluna|Blood Moon|p1b: Primarina\n|-damage|p1b: Primarina|0 fnt\n|faint|p1b: Primarina\n|\n|win|for amber\n|raw|greenlightdmp's rating: 1718 &rarr; <strong>1701<\/strong><br \/>(-17 for losing)\n|raw|for amber's rating: 1779 &rarr; <strong>1796<\/strong><br \/>(+17 for winning)\n|l|\u2606for amber\n|player|p2|\n|l| The_Beast1440\n|l| GameLurker69\n|l|\u2606greenlightdmp\n|player|p1|\n","uploadtime":1728954411,"views":36,"formatid":"gen9vgc2024regh","rating":1701,"private":0,"password":null}