{"id":"gen9vgc2024regh-2223585026","format":"[Gen 9] VGC 2024 Reg H","players":["si digame","datbishgames"],"log":"|j|\u2606si digame\n|j|\u2606datbishgames\n|t:|1729014519\n|gametype|doubles\n|player|p1|si digame|169|1669\n|player|p2|datbishgames|mira|1722\n|teamsize|p1|6\n|teamsize|p2|6\n|gen|9\n|tier|[Gen 9] VGC 2024 Reg H\n|rated|\n|rule|Species Clause: Limit one of each Pok\u00e9mon\n|rule|Item Clause: Limit 1 of each item\n|clearpoke\n|poke|p1|Volcarona, L50, F|\n|poke|p1|Rillaboom, L50, F|\n|poke|p1|Tauros-Paldea-Aqua, L50, M|\n|poke|p1|Glimmora, L50, F|\n|poke|p1|Kingambit, L50, M|\n|poke|p1|Ninetales-Alola, L50, F|\n|poke|p2|Whimsicott, L50, F|\n|poke|p2|Basculegion, L50, M|\n|poke|p2|Arcanine-Hisui, L50, M|\n|poke|p2|Hydreigon, L50, F|\n|poke|p2|Farigiraf, L50, F|\n|poke|p2|Pawmot, L50, M|\n|teampreview|4\n|inactive|Battle timer is ON: inactive players will automatically lose when time's up. (requested by datbishgames)\n|\n|t:|1729014547\n|start\n|switch|p1a: Volcarona|Volcarona, L50, F|100\/100\n|switch|p1b: Tauros|Tauros-Paldea-Aqua, L50, M|100\/100\n|switch|p2a: Whimsicott|Whimsicott, L50, F|100\/100\n|switch|p2b: Farigiraf|Farigiraf, L50, F|100\/100\n|-ability|p1b: Tauros|Intimidate|boost\n|-unboost|p2a: Whimsicott|atk|1\n|-unboost|p2b: Farigiraf|atk|1\n|turn|1\n|\n|t:|1729014560\n|move|p2a: Whimsicott|Tailwind|p2a: Whimsicott\n|-sidestart|p2: datbishgames|move: Tailwind\n|move|p2b: Farigiraf|Hyper Voice|p1b: Tauros|[spread] p1a,p1b\n|-damage|p1a: Volcarona|73\/100\n|-damage|p1b: Tauros|48\/100\n|-enditem|p2b: Farigiraf|Throat Spray\n|-boost|p2b: Farigiraf|spa|1|[from] item: Throat Spray\n|move|p1b: Tauros|Wave Crash|p2b: Farigiraf\n|-damage|p2b: Farigiraf|3\/100\n|-damage|p1b: Tauros|4\/100|[from] Recoil\n|move|p1a: Volcarona|Heat Wave|p2a: Whimsicott|[spread] p2a,p2b\n|-supereffective|p2a: Whimsicott\n|-damage|p2a: Whimsicott|16\/100\n|-damage|p2b: Farigiraf|0 fnt\n|faint|p2b: Farigiraf\n|\n|-heal|p1a: Volcarona|80\/100|[from] item: Leftovers\n|upkeep\n|\n|t:|1729014577\n|switch|p2b: Basculegion|Basculegion, L50, M|100\/100\n|turn|2\n|\n|t:|1729014587\n|switch|p1b: Rillaboom|Rillaboom, L50, F|100\/100\n|-fieldstart|move: Grassy Terrain|[from] ability: Grassy Surge|[of] p1b: Rillaboom\n|-terastallize|p1a: Volcarona|Grass\n|move|p2a: Whimsicott|Giga Drain|p1b: Rillaboom\n|-resisted|p1b: Rillaboom\n|-damage|p1b: Rillaboom|90\/100\n|-heal|p2a: Whimsicott|23\/100|[from] drain|[of] p1b: Rillaboom\n|move|p2b: Basculegion|Last Respects|p1a: Volcarona\n|-damage|p1a: Volcarona|0 fnt\n|faint|p1a: Volcarona\n|\n|-heal|p2a: Whimsicott|29\/100|[from] Grassy Terrain\n|-heal|p1b: Rillaboom|96\/100|[from] Grassy Terrain\n|upkeep\n|\n|t:|1729014605\n|switch|p1a: Tauros|Tauros-Paldea-Aqua, L50, M|4\/100\n|-ability|p1a: Tauros|Intimidate|boost\n|-unboost|p2a: Whimsicott|atk|1\n|-unboost|p2b: Basculegion|atk|1\n|turn|3\n|\n|t:|1729014619\n|switch|p1a: Ninetales|Ninetales-Alola, L50, F|100\/100\n|-weather|Snow|[from] ability: Snow Warning|[of] p1a: Ninetales\n|-terastallize|p2b: Basculegion|Fairy\n|move|p2a: Whimsicott|Giga Drain|p1a: Ninetales\n|-damage|p1a: Ninetales|70\/100\n|-heal|p2a: Whimsicott|44\/100|[from] drain|[of] p1a: Ninetales\n|move|p2b: Basculegion|Last Respects|p1b: Rillaboom\n|-damage|p1b: Rillaboom|56\/100\n|move|p1b: Rillaboom|U-turn|p2a: Whimsicott\n|-damage|p2a: Whimsicott|21\/100\n|\n|t:|1729014633\n|switch|p1b: Tauros|Tauros-Paldea-Aqua, L50, M|4\/100|[from] U-turn\n|-ability|p1b: Tauros|Intimidate|boost\n|-unboost|p2a: Whimsicott|atk|1\n|-unboost|p2b: Basculegion|atk|1\n|\n|-weather|Snow|[upkeep]\n|-heal|p2a: Whimsicott|27\/100|[from] Grassy Terrain\n|-heal|p1a: Ninetales|76\/100|[from] Grassy Terrain\n|-heal|p1b: Tauros|10\/100|[from] Grassy Terrain\n|upkeep\n|turn|4\n|\n|t:|1729014642\n|switch|p1b: Rillaboom|Rillaboom, L50, F|56\/100\n|move|p2a: Whimsicott|Moonblast|p1b: Rillaboom\n|-crit|p1b: Rillaboom\n|-damage|p1b: Rillaboom|21\/100\n|move|p2b: Basculegion|Last Respects|p1b: Rillaboom\n|-damage|p1b: Rillaboom|0 fnt\n|faint|p1b: Rillaboom\n|move|p1a: Ninetales|Blizzard|p2a: Whimsicott|[spread] p2a,p2b\n|-supereffective|p2a: Whimsicott\n|-damage|p2a: Whimsicott|0 fnt\n|-damage|p2b: Basculegion|72\/100\n|faint|p2a: Whimsicott\n|\n|-weather|Snow|[upkeep]\n|-heal|p2b: Basculegion|77\/100|[from] Grassy Terrain\n|-heal|p1a: Ninetales|82\/100|[from] Grassy Terrain\n|-sideend|p2: datbishgames|move: Tailwind\n|upkeep\n|\n|t:|1729014660\n|switch|p2a: Pawmot|Pawmot, L50, M|100\/100\n|switch|p1b: Tauros|Tauros-Paldea-Aqua, L50, M|10\/100\n|-ability|p1b: Tauros|Intimidate|boost\n|-unboost|p2a: Pawmot|atk|1\n|-unboost|p2b: Basculegion|atk|1\n|turn|5\n|j| Fallastest\n|\n|t:|1729014675\n|move|p2a: Pawmot|Fake Out|p1a: Ninetales\n|-damage|p1a: Ninetales|73\/100\n|move|p1b: Tauros|Aqua Jet|p2a: Pawmot\n|-damage|p2a: Pawmot|50\/100\n|move|p1a: Ninetales|Blizzard|p2a: Pawmot|[spread] p2a,p2b\n|-damage|p2a: Pawmot|5\/100\n|-damage|p2b: Basculegion|51\/100\n|move|p2b: Basculegion|Last Respects|p1b: Tauros\n|-damage|p1b: Tauros|0 fnt\n|faint|p1b: Tauros\n|\n|-weather|Snow|[upkeep]\n|-heal|p1a: Ninetales|79\/100|[from] Grassy Terrain\n|-heal|p2a: Pawmot|11\/100|[from] Grassy Terrain\n|-heal|p2b: Basculegion|57\/100|[from] Grassy Terrain\n|upkeep\n|turn|6\n|\n|t:|1729014693\n|move|p1a: Ninetales|Blizzard|p2a: Pawmot|[spread] p2a,p2b\n|-damage|p2a: Pawmot|0 fnt\n|-damage|p2b: Basculegion|29\/100\n|faint|p2a: Pawmot\n|move|p2b: Basculegion|Last Respects|p1a: Ninetales\n|-damage|p1a: Ninetales|35\/100\n|\n|-weather|Snow|[upkeep]\n|-heal|p1a: Ninetales|40\/100|[from] Grassy Terrain\n|-heal|p2b: Basculegion|35\/100|[from] Grassy Terrain\n|-fieldend|move: Grassy Terrain\n|upkeep\n|turn|7\n|\n|t:|1729014707\n|move|p1a: Ninetales|Aurora Veil|p1a: Ninetales\n|-sidestart|p1: si digame|move: Aurora Veil\n|move|p2b: Basculegion|Last Respects|p1a: Ninetales\n|-damage|p1a: Ninetales|10\/100\n|\n|-weather|none\n|upkeep\n|turn|8\n|\n|t:|1729014716\n|move|p1a: Ninetales|Protect|p1a: Ninetales\n|-singleturn|p1a: Ninetales|Protect\n|move|p2b: Basculegion|Last Respects|p1a: Ninetales\n|-activate|p1a: Ninetales|move: Protect\n|\n|upkeep\n|turn|9\n|\n|t:|1729014724\n|move|p1a: Ninetales|Blizzard|p2b: Basculegion\n|-damage|p2b: Basculegion|0 fnt\n|faint|p2b: Basculegion\n|\n|win|si digame\n|raw|si digame's rating: 1669 &rarr; <strong>1692<\/strong><br \/>(+23 for winning)\n|raw|datbishgames's rating: 1722 &rarr; <strong>1699<\/strong><br \/>(-23 for losing)\n|l|\u2606datbishgames\n|player|p2|\n|l| Fallastest\n|l|\u2606si digame\n|player|p1|\n|j|\u2606si digame\n|player|p1|si digame|169|\n|l|\u2606si digame\n|player|p1|\n","uploadtime":1729014971,"views":15,"formatid":"gen9vgc2024regh","rating":1692,"private":0,"password":null}