{"id":"gen9vgc2024regh-2223156763","format":"[Gen 9] VGC 2024 Reg H","players":["pantsuit","elvegis1"],"log":"|j|\u2606pantsuit\n|j|\u2606elvegis1\n|t:|1728961822\n|gametype|doubles\n|player|p1|pantsuit|2|1644\n|player|p2|elvegis1|lucas|1697\n|teamsize|p1|6\n|teamsize|p2|6\n|gen|9\n|tier|[Gen 9] VGC 2024 Reg H\n|rated|\n|rule|Species Clause: Limit one of each Pok\u00e9mon\n|rule|Item Clause: Limit 1 of each item\n|clearpoke\n|poke|p1|Porygon2, L50|\n|poke|p1|Ursaluna, L50, F|\n|poke|p1|Incineroar, L50, F|\n|poke|p1|Sneasler, L50, F|\n|poke|p1|Archaludon, L50, M|\n|poke|p1|Yanmega, L50, F|\n|poke|p2|Garchomp, L50, M|\n|poke|p2|Incineroar, L50, F|\n|poke|p2|Sneasler, L50, F|\n|poke|p2|Ninetales-Alola, L50, M|\n|poke|p2|Corviknight, L50, M|\n|poke|p2|Gholdengo, L50|\n|teampreview|4\n|inactive|Battle timer is ON: inactive players will automatically lose when time's up. (requested by elvegis1)\n|inactive|elvegis1 has 60 seconds left.\n|j| bieiup\n|\n|t:|1728961859\n|start\n|switch|p1a: Incineroar|Incineroar, L50, F, shiny|100\/100\n|switch|p1b: Sneasler|Sneasler, L50, F|100\/100\n|switch|p2a: Corviknight|Corviknight, L50, M|100\/100\n|switch|p2b: Gholdengo|Gholdengo, L50|100\/100\n|-ability|p1a: Incineroar|Intimidate|boost\n|-ability|p2a: Corviknight|Mirror Armor\n|-unboost|p1a: Incineroar|atk|1\n|-unboost|p2b: Gholdengo|atk|1\n|turn|1\n|inactive|pantsuit has 30 seconds left.\n|\n|t:|1728961885\n|switch|p2b: Incineroar|Incineroar, L50, F|100\/100\n|-ability|p2b: Incineroar|Intimidate|boost\n|-unboost|p1a: Incineroar|atk|1\n|-unboost|p1b: Sneasler|atk|1\n|-enditem|p1b: Sneasler|White Herb\n|-clearnegativeboost|p1b: Sneasler|[silent]\n|move|p1b: Sneasler|Protect|p1b: Sneasler\n|-singleturn|p1b: Sneasler|Protect\n|move|p1a: Incineroar|Flare Blitz|p2b: Incineroar\n|-resisted|p2b: Incineroar\n|-damage|p2b: Incineroar|91\/100\n|-damage|p1a: Incineroar|97\/100|[from] Recoil\n|move|p2a: Corviknight|Brave Bird|p1b: Sneasler\n|-activate|p1b: Sneasler|move: Protect\n|\n|upkeep\n|turn|2\n|\n|t:|1728961902\n|switch|p1b: Archaludon|Archaludon, L50, M|100\/100\n|move|p2b: Incineroar|Fake Out|p1b: Archaludon\n|-resisted|p1b: Archaludon\n|-damage|p1b: Archaludon|96\/100\n|move|p1a: Incineroar|Knock Off|p2a: Corviknight\n|-damage|p2a: Corviknight|85\/100\n|-enditem|p2a: Corviknight|Sitrus Berry|[from] move: Knock Off|[of] p1a: Incineroar\n|move|p2a: Corviknight|Brave Bird|p1b: Archaludon\n|-resisted|p1b: Archaludon\n|-damage|p1b: Archaludon|76\/100\n|-damage|p2a: Corviknight|79\/100|[from] Recoil\n|\n|upkeep\n|turn|3\n|\n|t:|1728961923\n|switch|p1a: Yanmega|Yanmega, L50, F, shiny|100\/100\n|switch|p2a: Garchomp|Garchomp, L50, M|100\/100\n|-terastallize|p1b: Archaludon|Electric\n|move|p1b: Archaludon|Electro Shot||[still]\n|-prepare|p1b: Archaludon|Electro Shot\n|-boost|p1b: Archaludon|spa|1\n|-enditem|p1b: Archaludon|Power Herb\n|-anim|p1b: Archaludon|Electro Shot|p2b: Incineroar\n|-damage|p2b: Incineroar|0 fnt\n|faint|p2b: Incineroar\n|\n|upkeep\n|\n|t:|1728961939\n|switch|p2b: Corviknight|Corviknight, L50, M|79\/100\n|turn|4\n|\n|t:|1728961961\n|-terastallize|p2b: Corviknight|Dragon\n|move|p2a: Garchomp|Protect|p2a: Garchomp\n|-singleturn|p2a: Garchomp|Protect\n|move|p1a: Yanmega|Detect|p1a: Yanmega\n|-singleturn|p1a: Yanmega|Protect\n|move|p1b: Archaludon|Dragon Pulse|p2a: Garchomp\n|-activate|p2a: Garchomp|move: Protect\n|move|p2b: Corviknight|Tailwind|p2b: Corviknight\n|-sidestart|p2: elvegis1|move: Tailwind\n|\n|-ability|p1a: Yanmega|Speed Boost|boost\n|-boost|p1a: Yanmega|spe|1\n|upkeep\n|turn|5\n|l| bieiup\n|\n|t:|1728961986\n|move|p1b: Archaludon|Protect|p1b: Archaludon\n|-singleturn|p1b: Archaludon|Protect\n|move|p2a: Garchomp|Stomping Tantrum|p1b: Archaludon\n|-activate|p1b: Archaludon|move: Protect\n|move|p1a: Yanmega|Tailwind|p1a: Yanmega\n|-sidestart|p1: pantsuit|move: Tailwind\n|move|p2b: Corviknight|Brave Bird|p1a: Yanmega\n|-supereffective|p1a: Yanmega\n|-enditem|p1a: Yanmega|Focus Sash\n|-damage|p1a: Yanmega|1\/100\n|-damage|p2b: Corviknight|53\/100|[from] Recoil\n|\n|-ability|p1a: Yanmega|Speed Boost|boost\n|-boost|p1a: Yanmega|spe|1\n|upkeep\n|turn|6\n|\n|t:|1728962005\n|switch|p1a: Incineroar|Incineroar, L50, F, shiny|97\/100\n|-ability|p1a: Incineroar|Intimidate|boost\n|-unboost|p2a: Garchomp|atk|1\n|-ability|p2b: Corviknight|Mirror Armor\n|-unboost|p1a: Incineroar|atk|1\n|move|p2a: Garchomp|Stomping Tantrum|p1b: Archaludon\n|-supereffective|p1b: Archaludon\n|-damage|p1b: Archaludon|20\/100\n|-damage|p2a: Garchomp|91\/100|[from] item: Life Orb\n|move|p1b: Archaludon|Dragon Pulse|p2a: Garchomp\n|-supereffective|p2a: Garchomp\n|-damage|p2a: Garchomp|0 fnt\n|faint|p2a: Garchomp\n|move|p2b: Corviknight|Roost|p2b: Corviknight\n|-heal|p2b: Corviknight|100\/100\n|\n|upkeep\n|\n|t:|1728962017\n|switch|p2a: Gholdengo|Gholdengo, L50|100\/100\n|turn|7\n|\n|t:|1728962036\n|move|p1b: Archaludon|Protect|p1b: Archaludon\n|-singleturn|p1b: Archaludon|Protect\n|move|p2a: Gholdengo|Nasty Plot|p2a: Gholdengo\n|-boost|p2a: Gholdengo|spa|2\n|move|p1a: Incineroar|Parting Shot|p2b: Corviknight\n|-ability|p2b: Corviknight|Mirror Armor\n|-unboost|p1a: Incineroar|atk|1\n|-ability|p2b: Corviknight|Mirror Armor\n|-unboost|p1a: Incineroar|spa|1\n|\n|t:|1728962058\n|switch|p1a: Yanmega|Yanmega, L50, F, shiny|1\/100|[from] Parting Shot\n|move|p2b: Corviknight|Brave Bird|p1a: Yanmega\n|-supereffective|p1a: Yanmega\n|-damage|p1a: Yanmega|0 fnt\n|faint|p1a: Yanmega\n|-damage|p2b: Corviknight|99\/100|[from] Recoil\n|\n|-sideend|p2: elvegis1|move: Tailwind\n|upkeep\n|\n|t:|1728962070\n|switch|p1a: Sneasler|Sneasler, L50, F|100\/100\n|turn|8\n|\n|t:|1728962084\n|move|p1a: Sneasler|Throat Chop|p2a: Gholdengo\n|-supereffective|p2a: Gholdengo\n|-damage|p2a: Gholdengo|32\/100\n|-start|p2a: Gholdengo|Throat Chop|[silent]\n|move|p1b: Archaludon|Dragon Pulse|p2b: Corviknight\n|-supereffective|p2b: Corviknight\n|-damage|p2b: Corviknight|0 fnt\n|faint|p2b: Corviknight\n|move|p2a: Gholdengo|Make It Rain|p1b: Archaludon|[spread] p1a,p1b\n|-resisted|p1b: Archaludon\n|-damage|p1a: Sneasler|0 fnt\n|-damage|p1b: Archaludon|0 fnt\n|-unboost|p2a: Gholdengo|spa|1\n|faint|p1a: Sneasler\n|faint|p1b: Archaludon\n|\n|-sideend|p1: pantsuit|move: Tailwind\n|upkeep\n|\n|t:|1728962093\n|switch|p1b: Incineroar|Incineroar, L50, F, shiny|97\/100\n|-ability|p1b: Incineroar|Intimidate|boost\n|-unboost|p2a: Gholdengo|atk|1\n|turn|9\n|\n|t:|1728962099\n|move|p2a: Gholdengo|Make It Rain|p1b: Incineroar\n|-resisted|p1b: Incineroar\n|-damage|p1b: Incineroar|45\/100\n|-unboost|p2a: Gholdengo|spa|1\n|move|p1b: Incineroar|Knock Off|p2a: Gholdengo\n|-supereffective|p2a: Gholdengo\n|-damage|p2a: Gholdengo|0 fnt\n|-enditem|p2a: Gholdengo|Metal Coat|[from] move: Knock Off|[of] p1b: Incineroar\n|faint|p2a: Gholdengo\n|\n|win|pantsuit\n|raw|pantsuit's rating: 1644 &rarr; <strong>1667<\/strong><br \/>(+23 for winning)\n|raw|elvegis1's rating: 1697 &rarr; <strong>1674<\/strong><br \/>(-23 for losing)\n|l|\u2606elvegis1\n|player|p2|\n|l|\u2606pantsuit\n|player|p1|\n","uploadtime":1728962326,"views":18,"formatid":"gen9vgc2024regh","rating":1667,"private":0,"password":null}