{"id":"gen9vgc2024regh-2223943538","format":"[Gen 9] VGC 2024 Reg H","players":["ray4gej","Iamsliverfish"],"log":"|j|\u2606ray4gej\n|j|\u2606Iamsliverfish\n|t:|1729052723\n|gametype|doubles\n|player|p1|ray4gej|170|1746\n|player|p2|Iamsliverfish|hiker-gen4|1717\n|teamsize|p1|6\n|teamsize|p2|6\n|gen|9\n|tier|[Gen 9] VGC 2024 Reg H\n|rated|\n|rule|Species Clause: Limit one of each Pok\u00e9mon\n|rule|Item Clause: Limit 1 of each item\n|clearpoke\n|poke|p1|Kleavor, L50, F|\n|poke|p1|Kingambit, L50, M|\n|poke|p1|Rillaboom, L50, M|\n|poke|p1|Salazzle, L50, F|\n|poke|p1|Garchomp, L50, F|\n|poke|p1|Sableye, L50, M|\n|poke|p2|Garchomp, L50, F|\n|poke|p2|Weezing, L50, F|\n|poke|p2|Incineroar, L50, F|\n|poke|p2|Sinistcha-Masterpiece, L50|\n|poke|p2|Ursaluna-Bloodmoon, L50, M|\n|poke|p2|Flamigo, L50, F|\n|teampreview|4\n|inactive|Battle timer is ON: inactive players will automatically lose when time's up. (requested by Iamsliverfish)\n|\n|t:|1729052761\n|start\n|switch|p1a: Garchomp|Garchomp, L50, F|100\/100\n|switch|p1b: Rillaboom|Rillaboom, L50, M|100\/100\n|switch|p2a: Weezing|Weezing, L50, F|100\/100\n|switch|p2b: Garchomp|Garchomp, L50, F|100\/100\n|-ability|p2a: Weezing|Neutralizing Gas\n|turn|1\n|\n|t:|1729052770\n|switch|p2b: Incineroar|Incineroar, L50, F|100\/100\n|-ability|p2b: Incineroar|Intimidate|boost\n|-fail|p1a: Garchomp|unboost|[from] item: Clear Amulet|[of] p1a: Garchomp\n|-unboost|p1b: Rillaboom|atk|1\n|move|p1b: Rillaboom|Fake Out|p2b: Incineroar\n|-damage|p2b: Incineroar|91\/100\n|move|p1a: Garchomp|Swords Dance|p1a: Garchomp\n|-boost|p1a: Garchomp|atk|2\n|move|p2a: Weezing|Will-O-Wisp|p1a: Garchomp\n|-status|p1a: Garchomp|brn\n|\n|-damage|p1a: Garchomp|94\/100 brn|[from] brn\n|upkeep\n|turn|2\n|\n|t:|1729052783\n|move|p1a: Garchomp|Protect|p1a: Garchomp\n|-singleturn|p1a: Garchomp|Protect\n|move|p2b: Incineroar|Fake Out|p1a: Garchomp\n|-activate|p1a: Garchomp|move: Protect\n|move|p1b: Rillaboom|U-turn|p2a: Weezing\n|-resisted|p2a: Weezing\n|-damage|p2a: Weezing|94\/100\n|\n|t:|1729052785\n|switch|p1b: Salazzle|Salazzle, L50, F|100\/100|[from] U-turn\n|move|p2a: Weezing|Gunk Shot|p1b: Salazzle\n|-resisted|p1b: Salazzle\n|-damage|p1b: Salazzle|56\/100\n|\n|-damage|p1a: Garchomp|88\/100 brn|[from] brn\n|upkeep\n|turn|3\n|\n|t:|1729052797\n|move|p2a: Weezing|Protect|p2a: Weezing\n|-singleturn|p2a: Weezing|Protect\n|move|p1b: Salazzle|Overheat|p2a: Weezing\n|-activate|p2a: Weezing|move: Protect\n|move|p1a: Garchomp|Stomping Tantrum|p2a: Weezing\n|-activate|p2a: Weezing|move: Protect\n|move|p2b: Incineroar|Knock Off|p1a: Garchomp\n|-damage|p1a: Garchomp|54\/100 brn\n|-enditem|p1a: Garchomp|Clear Amulet|[from] move: Knock Off|[of] p2b: Incineroar\n|\n|-damage|p1a: Garchomp|48\/100 brn|[from] brn\n|upkeep\n|turn|4\n|\n|t:|1729052811\n|-end|p2a: Weezing|ability: Neutralizing Gas\n|switch|p2a: Garchomp|Garchomp, L50, F|100\/100\n|move|p1b: Salazzle|Sludge Bomb|p2b: Incineroar\n|-damage|p2b: Incineroar|60\/100\n|move|p1a: Garchomp|Stomping Tantrum|p2b: Incineroar\n|-supereffective|p2b: Incineroar\n|-damage|p2b: Incineroar|0 fnt\n|faint|p2b: Incineroar\n|\n|-damage|p1a: Garchomp|42\/100 brn|[from] brn\n|upkeep\n|\n|t:|1729052815\n|switch|p2b: Weezing|Weezing, L50, F|94\/100\n|-ability|p2b: Weezing|Neutralizing Gas\n|turn|5\n|\n|t:|1729052827\n|move|p1a: Garchomp|Protect|p1a: Garchomp\n|-singleturn|p1a: Garchomp|Protect\n|move|p2b: Weezing|Protect|p2b: Weezing\n|-singleturn|p2b: Weezing|Protect\n|move|p1b: Salazzle|Will-O-Wisp|p2a: Garchomp\n|-status|p2a: Garchomp|brn\n|move|p2a: Garchomp|Bulldoze|p1a: Garchomp|[spread] p1b\n|-activate|p2b: Weezing|move: Protect\n|-activate|p1a: Garchomp|move: Protect\n|-supereffective|p1b: Salazzle\n|-crit|p1b: Salazzle\n|-damage|p1b: Salazzle|0 fnt\n|faint|p1b: Salazzle\n|\n|-damage|p2a: Garchomp|94\/100 brn|[from] brn\n|-damage|p1a: Garchomp|36\/100 brn|[from] brn\n|upkeep\n|\n|t:|1729052843\n|switch|p1b: Kleavor|Kleavor, L50, F|100\/100\n|turn|6\n|\n|t:|1729052854\n|-terastallize|p1a: Garchomp|Poison\n|move|p1b: Kleavor|Stone Axe|p2b: Weezing|[miss]\n|-miss|p1b: Kleavor|p2b: Weezing\n|move|p2a: Garchomp|Breaking Swipe|p1a: Garchomp|[spread] p1a,p1b\n|-damage|p1a: Garchomp|25\/100 brn\n|-damage|p1b: Kleavor|86\/100\n|-unboost|p1a: Garchomp|atk|1\n|-unboost|p1b: Kleavor|atk|1\n|move|p1a: Garchomp|Stomping Tantrum|p2b: Weezing\n|-supereffective|p2b: Weezing\n|-damage|p2b: Weezing|33\/100\n|move|p2b: Weezing|Gunk Shot|p1a: Garchomp\n|-resisted|p1a: Garchomp\n|-crit|p1a: Garchomp\n|-damage|p1a: Garchomp|0 fnt\n|faint|p1a: Garchomp\n|\n|-damage|p2a: Garchomp|88\/100 brn|[from] brn\n|upkeep\n|\n|t:|1729052869\n|switch|p1a: Rillaboom|Rillaboom, L50, M|100\/100\n|turn|7\n|j| GameLurker69\n|\n|t:|1729052880\n|move|p1b: Kleavor|Stone Axe|p2b: Weezing\n|-damage|p2b: Weezing|10\/100\n|-sidestart|p2: Iamsliverfish|move: Stealth Rock\n|move|p2a: Garchomp|Bulldoze|p1a: Rillaboom|[spread] p2b,p1a,p1b\n|-supereffective|p2b: Weezing\n|-resisted|p1a: Rillaboom\n|-damage|p2b: Weezing|0 fnt\n|-damage|p1a: Rillaboom|96\/100\n|-damage|p1b: Kleavor|72\/100\n|-unboost|p1a: Rillaboom|spe|1\n|-unboost|p1b: Kleavor|spe|1\n|faint|p2b: Weezing\n|-end|p2b: Weezing|ability: Neutralizing Gas\n|-fieldstart|move: Grassy Terrain|[from] ability: Grassy Surge|[of] p1a: Rillaboom\n|move|p1a: Rillaboom|Wood Hammer|p2a: Garchomp\n|-damage|p2a: Garchomp|11\/100 brn\n|-damage|p1a: Rillaboom|83\/100|[from] ability: Rough Skin|[of] p2a: Garchomp\n|-damage|p1a: Rillaboom|58\/100|[from] Recoil\n|\n|-heal|p2a: Garchomp|18\/100 brn|[from] Grassy Terrain\n|-heal|p1b: Kleavor|78\/100|[from] Grassy Terrain\n|-heal|p1a: Rillaboom|64\/100|[from] Grassy Terrain\n|-damage|p2a: Garchomp|11\/100 brn|[from] brn\n|upkeep\n|\n|t:|1729052884\n|switch|p2b: Ursaluna|Ursaluna-Bloodmoon, L50, M|100\/100\n|-damage|p2b: Ursaluna|95\/100|[from] Stealth Rock\n|turn|8\n|\n|t:|1729052903\n|-terastallize|p2b: Ursaluna|Normal\n|move|p1a: Rillaboom|Grassy Glide|p2a: Garchomp\n|-damage|p2a: Garchomp|0 fnt\n|-damage|p1a: Rillaboom|52\/100|[from] ability: Rough Skin|[of] p2a: Garchomp\n|faint|p2a: Garchomp\n|move|p1b: Kleavor|Stone Axe|p2b: Ursaluna\n|-damage|p2b: Ursaluna|66\/100\n|move|p2b: Ursaluna|Blood Moon|p1b: Kleavor\n|-resisted|p1b: Kleavor\n|-damage|p1b: Kleavor|0 fnt\n|faint|p1b: Kleavor\n|-damage|p2b: Ursaluna|56\/100|[from] item: Life Orb\n|\n|-heal|p2b: Ursaluna|62\/100|[from] Grassy Terrain\n|-heal|p1a: Rillaboom|58\/100|[from] Grassy Terrain\n|upkeep\n|turn|9\n|\n|t:|1729052920\n|move|p2b: Ursaluna|Protect|p2b: Ursaluna\n|-singleturn|p2b: Ursaluna|Protect\n|move|p1a: Rillaboom|Wood Hammer|p2b: Ursaluna\n|-activate|p2b: Ursaluna|move: Protect\n|\n|-heal|p2b: Ursaluna|68\/100|[from] Grassy Terrain\n|-heal|p1a: Rillaboom|64\/100|[from] Grassy Terrain\n|upkeep\n|turn|10\n|j| nebito47\n|\n|t:|1729052926\n|move|p2b: Ursaluna|Blood Moon|p1a: Rillaboom\n|-damage|p1a: Rillaboom|0 fnt\n|faint|p1a: Rillaboom\n|-damage|p2b: Ursaluna|58\/100|[from] item: Life Orb\n|\n|win|Iamsliverfish\n|raw|ray4gej's rating: 1746 &rarr; <strong>1724<\/strong><br \/>(-22 for losing)\n|raw|Iamsliverfish's rating: 1717 &rarr; <strong>1739<\/strong><br \/>(+22 for winning)\n|l|\u2606Iamsliverfish\n|player|p2|\n|c|\u2606ray4gej|Gg\n|l| GameLurker69\n|l| nebito47\n","uploadtime":1729053192,"views":25,"formatid":"gen9vgc2024regh","rating":1724,"private":0,"password":null}