{"id":"gen9vgc2024regh-2223448260","format":"[Gen 9] VGC 2024 Reg H","players":["CanIBeatAle?","nickbattlesmons"],"log":"|j|\u2606CanIBeatAle?\n|j|\u2606nickbattlesmons\n|t:|1729002681\n|gametype|doubles\n|player|p1|CanIBeatAle?|lucas|1706\n|player|p2|nickbattlesmons|266|1687\n|teamsize|p1|6\n|teamsize|p2|6\n|gen|9\n|tier|[Gen 9] VGC 2024 Reg H\n|rated|\n|rule|Species Clause: Limit one of each Pok\u00e9mon\n|rule|Item Clause: Limit 1 of each item\n|clearpoke\n|poke|p1|Murkrow, L50, F|\n|poke|p1|Abomasnow, L50, F|\n|poke|p1|Indeedee, L50, M|\n|poke|p1|Sneasler, L50, M|\n|poke|p1|Basculegion, L50, M|\n|poke|p1|Gholdengo, L50|\n|poke|p2|Kingambit, L50, F|\n|poke|p2|Primarina, L50, F|\n|poke|p2|Sneasler, L50, M|\n|poke|p2|Magmar, L50, F|\n|poke|p2|Rillaboom, L50, M|\n|poke|p2|Dragapult, L50, M|\n|teampreview|4\nCanIBeatAle? has agreed to open team sheets.\nnickbattlesmons has agreed to open team sheets.\n|inactive|Battle timer is ON: inactive players will automatically lose when time's up. (requested by nickbattlesmons)\n|\n|t:|1729002724\n|start\n|switch|p1a: Longclaw|Sneasler, L50, M, shiny|100\/100\n|switch|p1b: Houndfish|Basculegion, L50, M|100\/100\n|switch|p2a: Sneasler|Sneasler, L50, M|100\/100\n|switch|p2b: Dragapult|Dragapult, L50, M|100\/100\n|turn|1\n|inactive|nickbattlesmons has 30 seconds left.\n|inactive|nickbattlesmons has 20 seconds left.\n|inactive|nickbattlesmons has 15 seconds left.\n|\n|t:|1729002769\n|switch|p1b: MDD|Indeedee, L50, M, shiny|100\/100\n|-fieldstart|move: Psychic Terrain|[from] ability: Psychic Surge|[of] p1b: MDD\n|-enditem|p1a: Longclaw|Psychic Seed\n|-boost|p1a: Longclaw|spd|1|[from] item: Psychic Seed\n|switch|p2a: Rillaboom|Rillaboom, L50, M|100\/100\n|-fieldstart|move: Grassy Terrain|[from] ability: Grassy Surge|[of] p2a: Rillaboom\n|-terastallize|p2b: Dragapult|Dragon\n|-terastallize|p1a: Longclaw|Dark\n|move|p1a: Longclaw|Throat Chop|p2b: Dragapult\n|-damage|p2b: Dragapult|47\/100\n|-start|p2b: Dragapult|Throat Chop|[silent]\n|move|p2b: Dragapult|Dragon Darts|p1a: Longclaw\n|-damage|p1a: Longclaw|9\/100\n|-anim|p2b: Dragapult|Dragon Darts|p1b: MDD\n|-enditem|p1b: MDD|Focus Sash\n|-damage|p1b: MDD|1\/100\n|\n|-heal|p1a: Longclaw|15\/100|[from] Grassy Terrain\n|-heal|p2b: Dragapult|53\/100|[from] Grassy Terrain\n|-heal|p1b: MDD|7\/100|[from] Grassy Terrain\n|upkeep\n|turn|2\n|\n|t:|1729002792\n|switch|p1b: Evergreen|Abomasnow, L50, F|100\/100\n|-weather|Snow|[from] ability: Snow Warning|[of] p1b: Evergreen\n|move|p1a: Longclaw|Protect|p1a: Longclaw\n|-singleturn|p1a: Longclaw|Protect\n|move|p2a: Rillaboom|Grassy Glide|p1a: Longclaw\n|-activate|p1a: Longclaw|move: Protect\n|move|p2b: Dragapult|Dragon Darts|p1b: Evergreen\n|-damage|p1b: Evergreen|59\/100\n|-anim|p2b: Dragapult|Dragon Darts|p1b: Evergreen\n|-damage|p1b: Evergreen|14\/100\n|\n|-weather|Snow|[upkeep]\n|-heal|p1a: Longclaw|21\/100|[from] Grassy Terrain\n|-heal|p2b: Dragapult|59\/100|[from] Grassy Terrain\n|-heal|p1b: Evergreen|20\/100|[from] Grassy Terrain\n|-end|p2b: Dragapult|Throat Chop|[silent]\n|upkeep\n|turn|3\n|j| sybe123\n|\n|t:|1729002815\n|switch|p2b: Magmar|Magmar, L50, F|100\/100\n|switch|p1b: MDD|Indeedee, L50, M, shiny|7\/100\n|-fieldstart|move: Psychic Terrain|[from] ability: Psychic Surge|[of] p1b: MDD\n|move|p1a: Longclaw|Close Combat|p2b: Magmar\n|-damage|p2b: Magmar|46\/100\n|-unboost|p1a: Longclaw|def|1\n|-unboost|p1a: Longclaw|spd|1\n|move|p2a: Rillaboom|Grassy Glide|p1a: Longclaw\n|-damage|p1a: Longclaw|0 fnt\n|faint|p1a: Longclaw\n|\n|-weather|Snow|[upkeep]\n|upkeep\n|\n|t:|1729002825\n|switch|p1a: Houndfish|Basculegion, L50, M|100\/100\n|turn|4\n|\n|t:|1729002842\n|switch|p2a: Sneasler|Sneasler, L50, M|100\/100\n|move|p2b: Magmar|Protect|p2b: Magmar\n|-singleturn|p2b: Magmar|Protect\n|move|p1a: Houndfish|Flip Turn|p2b: Magmar\n|-activate|p2b: Magmar|move: Protect\n|move|p1b: MDD|Trick Room|p1b: MDD\n|-fieldstart|move: Trick Room|[of] p1b: MDD\n|\n|-weather|Snow|[upkeep]\n|upkeep\n|turn|5\n|\n|t:|1729002864\n|move|p2b: Magmar|Will-O-Wisp|p1a: Houndfish\n|-status|p1a: Houndfish|brn\n|move|p1b: MDD|Expanding Force|p2a: Sneasler|[spread] p2a,p2b\n|-supereffective|p2a: Sneasler\n|-enditem|p2a: Sneasler|Focus Sash\n|-damage|p2a: Sneasler|1\/100\n|-damage|p2b: Magmar|2\/100\n|move|p2a: Sneasler|Dire Claw|p1a: Houndfish\n|-resisted|p1a: Houndfish\n|-damage|p1a: Houndfish|76\/100 brn\n|move|p1a: Houndfish|Flip Turn|p2b: Magmar\n|-supereffective|p2b: Magmar\n|-damage|p2b: Magmar|0 fnt\n|faint|p2b: Magmar\n|\n|t:|1729002871\n|switch|p1a: Evergreen|Abomasnow, L50, F|20\/100|[from] Flip Turn\n|\n|-weather|Snow|[upkeep]\n|upkeep\n|\n|t:|1729002878\n|switch|p2b: Rillaboom|Rillaboom, L50, M|100\/100\n|-fieldstart|move: Grassy Terrain|[from] ability: Grassy Surge|[of] p2b: Rillaboom\n|turn|6\n|inactive|nickbattlesmons has 30 seconds left.\n|\n|t:|1729002906\n|switch|p1a: Houndfish|Basculegion, L50, M|76\/100 brn\n|switch|p2a: Dragapult|Dragapult, L50, M, tera:Dragon|59\/100\n|move|p2b: Rillaboom|Fake Out|p1a: Houndfish\n|-immune|p1a: Houndfish\n|move|p1b: MDD|Tera Blast|p2a: Dragapult\n|-damage|p2a: Dragapult|2\/100\n|\n|-weather|none\n|-heal|p1b: MDD|13\/100|[from] Grassy Terrain\n|-heal|p2a: Dragapult|8\/100|[from] Grassy Terrain\n|-heal|p1a: Houndfish|82\/100 brn|[from] Grassy Terrain\n|-damage|p1a: Houndfish|76\/100 brn|[from] brn\n|upkeep\n|turn|7\n|inactive|CanIBeatAle? has 30 seconds left.\n|\n|t:|1729002933\n|switch|p2a: Sneasler|Sneasler, L50, M|1\/100\n|move|p2b: Rillaboom|Grassy Glide|p1b: MDD\n|-damage|p1b: MDD|0 fnt\n|faint|p1b: MDD\n|move|p1a: Houndfish|Aqua Jet|p2a: Sneasler\n|-damage|p2a: Sneasler|0 fnt\n|faint|p2a: Sneasler\n|\n|-heal|p1a: Houndfish|82\/100 brn|[from] Grassy Terrain\n|-damage|p1a: Houndfish|76\/100 brn|[from] brn\n|upkeep\n|\n|t:|1729002943\n|switch|p1b: Evergreen|Abomasnow, L50, F|20\/100\n|switch|p2a: Dragapult|Dragapult, L50, M, tera:Dragon|8\/100\n|-weather|Snow|[from] ability: Snow Warning|[of] p1b: Evergreen\n|turn|8\n|\n|t:|1729002956\n|move|p2b: Rillaboom|Grassy Glide|p1b: Evergreen\n|-resisted|p1b: Evergreen\n|-damage|p1b: Evergreen|7\/100\n|move|p1a: Houndfish|Aqua Jet|p2a: Dragapult\n|-resisted|p2a: Dragapult\n|-damage|p2a: Dragapult|0 fnt\n|faint|p2a: Dragapult\n|move|p1b: Evergreen|Weather Ball|p2b: Rillaboom\n|-supereffective|p2b: Rillaboom\n|-damage|p2b: Rillaboom|32\/100\n|\n|-weather|Snow|[upkeep]\n|-heal|p1b: Evergreen|13\/100|[from] Grassy Terrain\n|-heal|p2b: Rillaboom|38\/100|[from] Grassy Terrain\n|-heal|p1a: Houndfish|82\/100 brn|[from] Grassy Terrain\n|-damage|p1a: Houndfish|76\/100 brn|[from] brn\n|-fieldend|move: Trick Room\n|upkeep\n|turn|9\n|\n|t:|1729002976\n|move|p1a: Houndfish|Aqua Jet|p2b: Rillaboom\n|-resisted|p2b: Rillaboom\n|-damage|p2b: Rillaboom|32\/100\n|move|p2b: Rillaboom|Wood Hammer|p1b: Evergreen\n|-resisted|p1b: Evergreen\n|-damage|p1b: Evergreen|0 fnt\n|faint|p1b: Evergreen\n|-damage|p2b: Rillaboom|29\/100|[from] Recoil\n|\n|-weather|Snow|[upkeep]\n|-heal|p1a: Houndfish|82\/100 brn|[from] Grassy Terrain\n|-heal|p2b: Rillaboom|35\/100|[from] Grassy Terrain\n|-damage|p1a: Houndfish|76\/100 brn|[from] brn\n|upkeep\n|turn|10\n|\n|t:|1729002983\n|move|p1a: Houndfish|Aqua Jet|p2b: Rillaboom\n|-resisted|p2b: Rillaboom\n|-damage|p2b: Rillaboom|29\/100\n|move|p2b: Rillaboom|Wood Hammer|p1a: Houndfish\n|-supereffective|p1a: Houndfish\n|-damage|p1a: Houndfish|0 fnt\n|faint|p1a: Houndfish\n|-damage|p2b: Rillaboom|5\/100|[from] Recoil\n|\n|win|nickbattlesmons\n|raw|CanIBeatAle?'s rating: 1706 &rarr; <strong>1685<\/strong><br \/>(-21 for losing)\n|raw|nickbattlesmons's rating: 1687 &rarr; <strong>1708<\/strong><br \/>(+21 for winning)\n|c|\u2606nickbattlesmons|gg\n|c|\u2606CanIBeatAle?|Gg\n|l| sybe123\n","uploadtime":1729002985,"views":14,"formatid":"gen9vgc2024regh","rating":1685,"private":0,"password":null}