{"id":"gen9vgc2024regh-2223130004","format":"[Gen 9] VGC 2024 Reg H","players":["tonidge","caZISA"],"log":"|j|\u2606tonidge\n|j|\u2606caZISA\n|t:|1728958587\n|gametype|doubles\n|player|p1|tonidge|gardenia|1703\n|player|p2|caZISA|265|1767\n|teamsize|p1|6\n|teamsize|p2|6\n|gen|9\n|tier|[Gen 9] VGC 2024 Reg H\n|rated|\n|rule|Species Clause: Limit one of each Pok\u00e9mon\n|rule|Item Clause: Limit 1 of each item\n|clearpoke\n|poke|p1|Typhlosion-Hisui, L50, M|\n|poke|p1|Weezing-Galar, L50, F|\n|poke|p1|Whimsicott, L50, F|\n|poke|p1|Barraskewda, L50, M|\n|poke|p1|Rillaboom, L50, M|\n|poke|p1|Toedscruel, L50, F|\n|poke|p2|Lilligant-Hisui, L50, F|\n|poke|p2|Torkoal, L50, F|\n|poke|p2|Gyarados, L50, M|\n|poke|p2|Ursaluna-Bloodmoon, L50, M|\n|poke|p2|Kingambit, L50, F|\n|poke|p2|Gothitelle, L50, M|\n|teampreview|4\n|\n|t:|1728958633\n|start\n|switch|p1a: Dirty Bubble|Weezing-Galar, L50, F, shiny|100\/100\n|switch|p1b: Squidward|Toedscruel, L50, F, shiny|100\/100\n|switch|p2a: Kingambit|Kingambit, L50, F|100\/100\n|switch|p2b: Gothitelle|Gothitelle, L50, M|100\/100\n|-ability|p1a: Dirty Bubble|Neutralizing Gas\n|turn|1\n|inactive|Battle timer is ON: inactive players will automatically lose when time's up. (requested by caZISA)\n|\n|t:|1728958652\n|-end|p1a: Dirty Bubble|ability: Neutralizing Gas\n|switch|p1a: Man Ray|Typhlosion-Hisui, L50, M|100\/100\n|move|p2b: Gothitelle|Fake Out|p1b: Squidward\n|-damage|p1b: Squidward|94\/100\n|move|p1b: Squidward|Spore|p1a: Man Ray\n|-status|p1a: Man Ray|slp|[from] move: Spore\n|move|p2a: Kingambit|Iron Head|p1a: Man Ray\n|-resisted|p1a: Man Ray\n|-damage|p1a: Man Ray|64\/100 slp\n|\n|upkeep\n|turn|2\n|\n|t:|1728958672\n|-terastallize|p1a: Man Ray|Fire\n|cant|p1a: Man Ray|slp\n|move|p1a: Man Ray|Sleep Talk|p1a: Man Ray\n|move|p1a: Man Ray|Shadow Ball|p2b: Gothitelle|[from]move: Sleep Talk\n|-supereffective|p2b: Gothitelle\n|-damage|p2b: Gothitelle|32\/100\n|move|p1b: Squidward|Earth Power|p2a: Kingambit\n|-supereffective|p2a: Kingambit\n|-damage|p2a: Kingambit|63\/100\n|move|p2a: Kingambit|Iron Head|p1a: Man Ray\n|-resisted|p1a: Man Ray\n|-crit|p1a: Man Ray\n|-damage|p1a: Man Ray|11\/100 slp\n|move|p2b: Gothitelle|Trick Room|p2b: Gothitelle\n|-fieldstart|move: Trick Room|[of] p2b: Gothitelle\n|\n|upkeep\n|turn|3\n|inactive|tonidge has 30 seconds left.\n|c|\u2606tonidge|It would've been funny at least\n|inactive|tonidge has 20 seconds left.\n|inactive|tonidge has 15 seconds left.\n|inactive|tonidge has 10 seconds left.\n|\n|t:|1728958717\n|move|p2a: Kingambit|Kowtow Cleave|p1b: Squidward\n|-damage|p1b: Squidward|28\/100\n|move|p2b: Gothitelle|Psychic|p1a: Man Ray\n|-damage|p1a: Man Ray|0 fnt\n|faint|p1a: Man Ray\n|move|p1b: Squidward|Earth Power|p2a: Kingambit\n|-supereffective|p2a: Kingambit\n|-damage|p2a: Kingambit|28\/100\n|\n|upkeep\n|\n|t:|1728958727\n|switch|p1a: Barnacle Boy|Rillaboom, L50, M, shiny|100\/100\n|-fieldstart|move: Grassy Terrain|[from] ability: Grassy Surge|[of] p1a: Barnacle Boy\n|turn|4\n|\n|t:|1728958737\n|move|p1a: Barnacle Boy|Fake Out|p2a: Kingambit\n|-resisted|p2a: Kingambit\n|-damage|p2a: Kingambit|22\/100\n|cant|p2a: Kingambit|flinch\n|move|p2b: Gothitelle|Psychic|p1b: Squidward\n|-damage|p1b: Squidward|3\/100\n|move|p1b: Squidward|Spore|p2b: Gothitelle\n|-status|p2b: Gothitelle|slp|[from] move: Spore\n|\n|-heal|p2a: Kingambit|28\/100|[from] Grassy Terrain\n|-heal|p2b: Gothitelle|39\/100 slp|[from] Grassy Terrain\n|-heal|p1b: Squidward|9\/100|[from] Grassy Terrain\n|upkeep\n|turn|5\n|\n|t:|1728958751\n|switch|p2b: Torkoal|Torkoal, L50, F|100\/100\n|-weather|SunnyDay|[from] ability: Drought|[of] p2b: Torkoal\n|move|p1b: Squidward|Protect|p1b: Squidward\n|-singleturn|p1b: Squidward|Protect\n|move|p2a: Kingambit|Kowtow Cleave|p1a: Barnacle Boy\n|-damage|p1a: Barnacle Boy|52\/100\n|move|p1a: Barnacle Boy|Low Kick|p2a: Kingambit\n|-supereffective|p2a: Kingambit\n|-damage|p2a: Kingambit|0 fnt\n|faint|p2a: Kingambit\n|\n|-weather|SunnyDay|[upkeep]\n|-heal|p1a: Barnacle Boy|58\/100|[from] Grassy Terrain\n|-heal|p1b: Squidward|15\/100|[from] Grassy Terrain\n|upkeep\n|\n|t:|1728958757\n|switch|p2a: Lilligant|Lilligant-Hisui, L50, F|100\/100\n|turn|6\n|inactive|tonidge has 30 seconds left.\n|\n|t:|1728958786\n|-terastallize|p2b: Torkoal|Fire\n|move|p1b: Squidward|Protect|p1b: Squidward\n|-singleturn|p1b: Squidward|Protect\n|move|p1a: Barnacle Boy|Grassy Glide|p2a: Lilligant\n|-resisted|p2a: Lilligant\n|-damage|p2a: Lilligant|68\/100\n|move|p2b: Torkoal|Eruption|p1a: Barnacle Boy|[spread] p1a\n|-activate|p1b: Squidward|move: Protect\n|-supereffective|p1a: Barnacle Boy\n|-damage|p1a: Barnacle Boy|0 fnt\n|faint|p1a: Barnacle Boy\n|move|p2a: Lilligant|Close Combat|p1b: Squidward\n|-activate|p1b: Squidward|move: Protect\n|\n|-weather|SunnyDay|[upkeep]\n|-heal|p1b: Squidward|20\/100|[from] Grassy Terrain\n|-heal|p2a: Lilligant|74\/100|[from] Grassy Terrain\n|-fieldend|move: Trick Room\n|upkeep\n|\n|t:|1728958801\n|switch|p1a: Dirty Bubble|Weezing-Galar, L50, F, shiny|100\/100\n|-ability|p1a: Dirty Bubble|Neutralizing Gas\n|turn|7\n|\n|t:|1728958808\n|move|p2a: Lilligant|After You|p2b: Torkoal\n|-activate|p2b: Torkoal|move: After You\n|move|p2b: Torkoal|Eruption|p1a: Dirty Bubble|[spread] p1a,p1b\n|-crit|p1a: Dirty Bubble\n|-supereffective|p1b: Squidward\n|-damage|p1a: Dirty Bubble|0 fnt\n|-damage|p1b: Squidward|0 fnt\n|faint|p1a: Dirty Bubble\n|-end|p1a: Dirty Bubble|ability: Neutralizing Gas\n|faint|p1b: Squidward\n|\n|win|caZISA\n|raw|tonidge's rating: 1703 &rarr; <strong>1687<\/strong><br \/>(-16 for losing)\n|raw|caZISA's rating: 1767 &rarr; <strong>1783<\/strong><br \/>(+16 for winning)\n|c|\u2606tonidge|gg\n|c|\u2606caZISA|gg\n|l|\u2606caZISA\n|player|p2|\n","uploadtime":1728958980,"views":17,"formatid":"gen9vgc2024regh","rating":1687,"private":0,"password":null}