{"id":"gen9vgc2024regh-2223293455","format":"[Gen 9] VGC 2024 Reg H","players":["Carajo666","bieiup"],"log":"|j|\u2606Carajo666\n|j|\u2606bieiup\n|t:|1728983651\n|gametype|doubles\n|player|p1|Carajo666|265|1706\n|player|p2|bieiup|lillie-z|1778\n|teamsize|p1|6\n|teamsize|p2|6\n|gen|9\n|tier|[Gen 9] VGC 2024 Reg H\n|rated|\n|rule|Species Clause: Limit one of each Pok\u00e9mon\n|rule|Item Clause: Limit 1 of each item\n|clearpoke\n|poke|p1|Tyranitar, L50, M|\n|poke|p1|Sinistcha, L50|\n|poke|p1|Lycanroc, L50, F|\n|poke|p1|Volcarona, L50, M|\n|poke|p1|Gastrodon, L50, M|\n|poke|p1|Braviary, L50, M|\n|poke|p2|Sableye, L50, M|\n|poke|p2|Dondozo, L50, M|\n|poke|p2|Sylveon, L50, F|\n|poke|p2|Dragonite, L50, M|\n|poke|p2|Gholdengo, L50|\n|poke|p2|Ursaluna-Bloodmoon, L50, M|\n|teampreview|4\n|inactive|Battle timer is ON: inactive players will automatically lose when time's up. (requested by Carajo666)\n|\n|t:|1728983682\n|start\n|switch|p1a: Tyranitar|Tyranitar, L50, M, shiny|100\/100\n|switch|p1b: Braviary|Braviary, L50, M|100\/100\n|switch|p2a: Sableye|Sableye, L50, M|100\/100\n|switch|p2b: Sylveon|Sylveon, L50, F|100\/100\n|-weather|Sandstorm|[from] ability: Sand Stream|[of] p1a: Tyranitar\n|turn|1\n|\n|t:|1728983706\n|move|p2a: Sableye|Fake Out|p1b: Braviary\n|-damage|p1b: Braviary|91\/100\n|move|p1b: Braviary|Brave Bird|p2b: Sylveon\n|-damage|p2b: Sylveon|32\/100\n|-damage|p1b: Braviary|64\/100|[from] Recoil\n|move|p1a: Tyranitar|Rock Slide|p2a: Sableye|[spread] p2a,p2b\n|-damage|p2a: Sableye|51\/100\n|-damage|p2b: Sylveon|0 fnt\n|faint|p2b: Sylveon\n|\n|-weather|Sandstorm|[upkeep]\n|-damage|p1b: Braviary|59\/100|[from] Sandstorm\n|-damage|p2a: Sableye|45\/100|[from] Sandstorm\n|upkeep\n|\n|t:|1728983716\n|switch|p2b: Dondozo|Dondozo, L50, M|100\/100\n|turn|2\n|\n|t:|1728983732\n|switch|p1a: Sinistcha|Sinistcha, L50|100\/100\n|-heal|p1b: Braviary|83\/100|[from] ability: Hospitality|[of] p1a: Sinistcha\n|move|p2a: Sableye|Will-O-Wisp|p1b: Braviary\n|-status|p1b: Braviary|brn\n|move|p1b: Braviary|Brave Bird|p2a: Sableye\n|-damage|p2a: Sableye|1\/100\n|-damage|p1b: Braviary|70\/100 brn|[from] Recoil\n|move|p2b: Dondozo|Curse|p2b: Dondozo\n|-unboost|p2b: Dondozo|spe|1\n|-boost|p2b: Dondozo|atk|1\n|-boost|p2b: Dondozo|def|1\n|\n|-weather|Sandstorm|[upkeep]\n|-damage|p1b: Braviary|64\/100 brn|[from] Sandstorm\n|-damage|p2a: Sableye|0 fnt|[from] Sandstorm\n|-damage|p1a: Sinistcha|94\/100|[from] Sandstorm\n|-damage|p2b: Dondozo|94\/100|[from] Sandstorm\n|faint|p2a: Sableye\n|-damage|p1b: Braviary|59\/100 brn|[from] brn\n|upkeep\n|\n|t:|1728983737\n|switch|p2a: Dragonite|Dragonite, L50, M|100\/100\n|turn|3\n|inactive|Carajo666 has 30 seconds left.\n|\n|t:|1728983764\n|move|p1b: Braviary|Tailwind|p1b: Braviary\n|-sidestart|p1: Carajo666|move: Tailwind\n|move|p1a: Sinistcha|Matcha Gotcha|p2a: Dragonite|[spread] p2a,p2b\n|-resisted|p2a: Dragonite\n|-supereffective|p2b: Dondozo\n|-damage|p2a: Dragonite|99\/100\n|-heal|p1a: Sinistcha|95\/100|[from] drain|[of] p2a: Dragonite\n|-damage|p2b: Dondozo|61\/100\n|-heal|p1a: Sinistcha|100\/100|[from] drain|[of] p2b: Dondozo\n|move|p2a: Dragonite|Aerial Ace|p1a: Sinistcha\n|-supereffective|p1a: Sinistcha\n|-damage|p1a: Sinistcha|45\/100\n|-damage|p2a: Dragonite|83\/100|[from] item: Rocky Helmet|[of] p1a: Sinistcha\n|move|p2b: Dondozo|Fissure|p1a: Sinistcha|[miss]\n|-miss|p2b: Dondozo|p1a: Sinistcha\n|\n|-weather|Sandstorm|[upkeep]\n|-damage|p1b: Braviary|53\/100 brn|[from] Sandstorm\n|-damage|p1a: Sinistcha|39\/100|[from] Sandstorm\n|-damage|p2a: Dragonite|77\/100|[from] Sandstorm\n|-damage|p2b: Dondozo|55\/100|[from] Sandstorm\n|-damage|p1b: Braviary|47\/100 brn|[from] brn\n|upkeep\n|turn|4\n|inactive|Carajo666 has 30 seconds left.\n|\n|t:|1728983792\n|move|p1b: Braviary|Brave Bird|p2a: Dragonite\n|-damage|p2a: Dragonite|49\/100\n|-damage|p1b: Braviary|37\/100 brn|[from] Recoil\n|move|p1a: Sinistcha|Matcha Gotcha|p2a: Dragonite|[spread] p2a,p2b\n|-resisted|p2a: Dragonite\n|-supereffective|p2b: Dondozo\n|-damage|p2a: Dragonite|45\/100\n|-heal|p1a: Sinistcha|42\/100|[from] drain|[of] p2a: Dragonite\n|-damage|p2b: Dondozo|23\/100\n|-heal|p1a: Sinistcha|64\/100|[from] drain|[of] p2b: Dondozo\n|-status|p2a: Dragonite|brn\n|move|p2a: Dragonite|Aerial Ace|p1a: Sinistcha\n|-supereffective|p1a: Sinistcha\n|-damage|p1a: Sinistcha|36\/100\n|-damage|p2a: Dragonite|29\/100 brn|[from] item: Rocky Helmet|[of] p1a: Sinistcha\n|move|p2b: Dondozo|Rest|p2b: Dondozo\n|-status|p2b: Dondozo|slp|[from] move: Rest\n|-heal|p2b: Dondozo|100\/100 slp|[silent]\n|-enditem|p2b: Dondozo|Chesto Berry|[eat]\n|-curestatus|p2b: Dondozo|slp|[msg]\n|\n|-weather|Sandstorm|[upkeep]\n|-damage|p1b: Braviary|31\/100 brn|[from] Sandstorm\n|-damage|p1a: Sinistcha|30\/100|[from] Sandstorm\n|-damage|p2a: Dragonite|23\/100 brn|[from] Sandstorm\n|-damage|p2b: Dondozo|94\/100|[from] Sandstorm\n|-damage|p1b: Braviary|26\/100 brn|[from] brn\n|-damage|p2a: Dragonite|17\/100 brn|[from] brn\n|upkeep\n|turn|5\n|j| mr pogostick\n|inactive|Carajo666 has 30 seconds left.\n|\n|t:|1728983824\n|move|p1a: Sinistcha|Rage Powder|p1a: Sinistcha\n|-singleturn|p1a: Sinistcha|move: Rage Powder\n|move|p2a: Dragonite|Extreme Speed|p1a: Sinistcha\n|-immune|p1a: Sinistcha\n|move|p1b: Braviary|Brave Bird|p2b: Dondozo\n|-damage|p2b: Dondozo|83\/100\n|-damage|p1b: Braviary|20\/100 brn|[from] Recoil\n|move|p2b: Dondozo|Fissure|p1a: Sinistcha|[miss]\n|-miss|p2b: Dondozo|p1a: Sinistcha\n|\n|-weather|none\n|-damage|p1b: Braviary|14\/100 brn|[from] brn\n|-damage|p2a: Dragonite|11\/100 brn|[from] brn\n|upkeep\n|turn|6\n|\n|t:|1728983847\n|move|p1b: Braviary|Protect|p1b: Braviary\n|-singleturn|p1b: Braviary|Protect\n|move|p2a: Dragonite|Extreme Speed|p1b: Braviary\n|-activate|p1b: Braviary|move: Protect\n|move|p1a: Sinistcha|Matcha Gotcha|p2b: Dondozo|[spread] p2a,p2b\n|-resisted|p2a: Dragonite\n|-supereffective|p2b: Dondozo\n|-damage|p2a: Dragonite|8\/100 brn\n|-heal|p1a: Sinistcha|32\/100|[from] drain|[of] p2a: Dragonite\n|-damage|p2b: Dondozo|51\/100\n|-heal|p1a: Sinistcha|54\/100|[from] drain|[of] p2b: Dondozo\n|move|p2b: Dondozo|Fissure|p1a: Sinistcha|[miss]\n|-miss|p2b: Dondozo|p1a: Sinistcha\n|\n|-damage|p1b: Braviary|8\/100 brn|[from] brn\n|-damage|p2a: Dragonite|3\/100 brn|[from] brn\n|-sideend|p1: Carajo666|move: Tailwind\n|upkeep\n|turn|7\n|\n|t:|1728983870\n|move|p2a: Dragonite|Extreme Speed|p1b: Braviary\n|-damage|p1b: Braviary|0 fnt\n|faint|p1b: Braviary\n|move|p1a: Sinistcha|Matcha Gotcha|p2a: Dragonite|[spread] p2b\n|-miss|p1a: Sinistcha|p2a: Dragonite\n|-supereffective|p2b: Dondozo\n|-damage|p2b: Dondozo|19\/100\n|-heal|p1a: Sinistcha|78\/100|[from] drain|[of] p2b: Dondozo\n|move|p2b: Dondozo|Fissure|p1a: Sinistcha|[miss]\n|-miss|p2b: Dondozo|p1a: Sinistcha\n|\n|-damage|p2a: Dragonite|0 fnt|[from] brn\n|faint|p2a: Dragonite\n|upkeep\n|\n|t:|1728983883\n|switch|p1b: Volcarona|Volcarona, L50, M|100\/100\n|turn|8\n|-message|bieiup forfeited.\n|\n|win|Carajo666\n|raw|Carajo666's rating: 1706 &rarr; <strong>1730<\/strong><br \/>(+24 for winning)\n|raw|bieiup's rating: 1778 &rarr; <strong>1754<\/strong><br \/>(-24 for losing)\n|l|\u2606Carajo666\n|player|p1|\n|l|\u2606bieiup\n|player|p2|\n","uploadtime":1728984076,"views":13,"formatid":"gen9vgc2024regh","rating":1730,"private":0,"password":null}