{"id":"gen9vgc2024regh-2223577185","format":"[Gen 9] VGC 2024 Reg H","players":["NoPants1101","Pokipls"],"log":"|j|\u2606NoPants1101\n|j|\u2606Pokipls\n|t:|1729013862\n|gametype|doubles\n|player|p1|NoPants1101|rei|1700\n|player|p2|Pokipls|265|1662\n|teamsize|p1|6\n|teamsize|p2|6\n|gen|9\n|tier|[Gen 9] VGC 2024 Reg H\n|rated|\n|rule|Species Clause: Limit one of each Pok\u00e9mon\n|rule|Item Clause: Limit 1 of each item\n|clearpoke\n|poke|p1|Kilowattrel, L50, M|\n|poke|p1|Garchomp, L50, M|\n|poke|p1|Sneasler, L50, F|\n|poke|p1|Indeedee, L50, M|\n|poke|p1|Annihilape, L50, M|\n|poke|p1|Amoonguss, L50, M|\n|poke|p2|Blaziken, L50, F|\n|poke|p2|Dragonite, L50, M|\n|poke|p2|Comfey, L50, F|\n|poke|p2|Gholdengo, L50|\n|poke|p2|Murkrow, L50, F|\n|poke|p2|Kingambit, L50, F|\n|teampreview|4\nNoPants1101 has agreed to open team sheets.\n|inactive|Battle timer is ON: inactive players will automatically lose when time's up. (requested by Pokipls)\n|\n|t:|1729013902\n|start\n|switch|p1a: Kilowattrel|Kilowattrel, L50, M|100\/100\n|switch|p1b: Garchomp|Garchomp, L50, M|100\/100\n|switch|p2a: Murkrow|Murkrow, L50, F|100\/100\n|switch|p2b: Gholdengo|Gholdengo, L50|100\/100\n|turn|1\n|\n|t:|1729013927\n|-terastallize|p2b: Gholdengo|Steel\n|move|p2a: Murkrow|Quash|p1b: Garchomp\n|-activate|p1b: Garchomp|move: Quash\n|move|p1a: Kilowattrel|Tailwind|p1a: Kilowattrel\n|-sidestart|p1: NoPants1101|move: Tailwind\n|move|p2b: Gholdengo|Make It Rain|p1b: Garchomp|[spread] p1a,p1b\n|-resisted|p1a: Kilowattrel\n|-enditem|p1a: Kilowattrel|Focus Sash\n|-damage|p1a: Kilowattrel|1\/100\n|-damage|p1b: Garchomp|0 fnt\n|-unboost|p2b: Gholdengo|spa|1\n|faint|p1b: Garchomp\n|\n|upkeep\n|\n|t:|1729013940\n|switch|p1b: Indeedee|Indeedee, L50, M, shiny|100\/100\n|-fieldstart|move: Psychic Terrain|[from] ability: Psychic Surge|[of] p1b: Indeedee\n|turn|2\n|\n|t:|1729013957\n|move|p2a: Murkrow|Quash|p1a: Kilowattrel\n|-activate|p1a: Kilowattrel|move: Quash\n|move|p1b: Indeedee|Dazzling Gleam|p2a: Murkrow|[spread] p2a,p2b\n|-supereffective|p2a: Murkrow\n|-resisted|p2b: Gholdengo\n|-damage|p2a: Murkrow|62\/100\n|-damage|p2b: Gholdengo|90\/100\n|move|p2b: Gholdengo|Make It Rain|p1b: Indeedee|[spread] p1a,p1b\n|-resisted|p1a: Kilowattrel\n|-damage|p1a: Kilowattrel|0 fnt\n|-damage|p1b: Indeedee|0 fnt\n|-unboost|p2b: Gholdengo|spa|1\n|faint|p1a: Kilowattrel\n|faint|p1b: Indeedee\n|\n|upkeep\n|\n|t:|1729013970\n|switch|p1a: Sneasler|Sneasler, L50, F|100\/100\n|-enditem|p1a: Sneasler|Psychic Seed\n|-boost|p1a: Sneasler|spd|1|[from] item: Psychic Seed\n|turn|3\n|j| Claarity\n|\n|t:|1729013982\n|move|p2a: Murkrow|Tailwind|p2a: Murkrow\n|-sidestart|p2: Pokipls|move: Tailwind\n|move|p1a: Sneasler|Close Combat|p2b: Gholdengo\n|-supereffective|p2b: Gholdengo\n|-damage|p2b: Gholdengo|0 fnt\n|-unboost|p1a: Sneasler|def|1\n|-unboost|p1a: Sneasler|spd|1\n|faint|p2b: Gholdengo\n|\n|upkeep\n|\n|t:|1729013989\n|switch|p2b: Blaziken|Blaziken, L50, F|100\/100\n|turn|4\n|j| BloomyVGC\n|\n|t:|1729014003\n|-terastallize|p1a: Sneasler|Flying\n|move|p2b: Blaziken|Protect|p2b: Blaziken\n|-singleturn|p2b: Blaziken|Protect\n|move|p1a: Sneasler|Acrobatics|p2a: Murkrow\n|-damage|p2a: Murkrow|0 fnt\n|faint|p2a: Murkrow\n|\n|-sideend|p1: NoPants1101|move: Tailwind\n|-ability|p2b: Blaziken|Speed Boost|boost\n|-boost|p2b: Blaziken|spe|1\n|upkeep\n|l| Claarity\n|\n|t:|1729014010\n|switch|p2a: Dragonite|Dragonite, L50, M|100\/100\n|turn|5\n|l| BloomyVGC\n|\n|t:|1729014015\n|move|p2a: Dragonite|Extreme Speed|p1a: Sneasler\n|-hint|Psychic Terrain doesn't affect Pok\u00e9mon immune to Ground.\n|-damage|p1a: Sneasler|33\/100\n|move|p2b: Blaziken|Heat Wave|p1a: Sneasler\n|-damage|p1a: Sneasler|0 fnt\n|faint|p1a: Sneasler\n|\n|win|Pokipls\n|raw|NoPants1101's rating: 1700 &rarr; <strong>1678<\/strong><br \/>(-22 for losing)\n|raw|Pokipls's rating: 1662 &rarr; <strong>1684<\/strong><br \/>(+22 for winning)\n|c|\u2606Pokipls|Gg\n|l|\u2606NoPants1101\n|player|p1|\n|l|\u2606Pokipls\n|player|p2|\n|j|\u2606Pokipls\n|player|p2|Pokipls|265|\n|l|\u2606Pokipls\n|player|p2|\n","uploadtime":1729014277,"views":9,"formatid":"gen9vgc2024regh","rating":1678,"private":0,"password":null}