{"id":"gen9vgc2024regh-2223941874","format":"[Gen 9] VGC 2024 Reg H","players":["Fayds","Iamsliverfish"],"log":"|j|\u2606Fayds\n|j|\u2606Iamsliverfish\n|t:|1729052460\n|gametype|doubles\n|player|p1|Fayds|169|1646\n|player|p2|Iamsliverfish|hiker-gen4|1742\n|teamsize|p1|6\n|teamsize|p2|6\n|gen|9\n|tier|[Gen 9] VGC 2024 Reg H\n|rated|\n|rule|Species Clause: Limit one of each Pok\u00e9mon\n|rule|Item Clause: Limit 1 of each item\n|clearpoke\n|poke|p1|Torkoal, L50, M|\n|poke|p1|Lilligant-Hisui, L50, F|\n|poke|p1|Farigiraf, L50, M|\n|poke|p1|Kingambit, L50, F|\n|poke|p1|Rillaboom, L50, F|\n|poke|p1|Typhlosion-Hisui, L50, F|\n|poke|p2|Garchomp, L50, M|\n|poke|p2|Weezing, L50, F|\n|poke|p2|Incineroar, L50, F|\n|poke|p2|Sinistcha-Masterpiece, L50|\n|poke|p2|Ursaluna-Bloodmoon, L50, M|\n|poke|p2|Flamigo, L50, F|\n|teampreview|4\n|inactive|Battle timer is ON: inactive players will automatically lose when time's up. (requested by Fayds)\n|inactive|Iamsliverfish has 60 seconds left.\n|\n|t:|1729052509\n|start\n|switch|p1a: Typhlosion|Typhlosion-Hisui, L50, F|100\/100\n|switch|p1b: Farigiraf|Farigiraf, L50, M|100\/100\n|switch|p2a: Weezing|Weezing, L50, F|100\/100\n|switch|p2b: Garchomp|Garchomp, L50, M|100\/100\n|-ability|p2a: Weezing|Neutralizing Gas\n|turn|1\n|\n|t:|1729052531\n|move|p1a: Typhlosion|Eruption|p2a: Weezing|[spread] p2a,p2b\n|-resisted|p2b: Garchomp\n|-damage|p2a: Weezing|19\/100\n|-damage|p2b: Garchomp|79\/100\n|move|p2b: Garchomp|Rock Slide|p1a: Typhlosion|[spread] p1a,p1b\n|-supereffective|p1a: Typhlosion\n|-damage|p1a: Typhlosion|41\/100\n|-damage|p1b: Farigiraf|79\/100\n|move|p2a: Weezing|Taunt|p1b: Farigiraf\n|-start|p1b: Farigiraf|move: Taunt\n|cant|p1b: Farigiraf|move: Taunt|Trick Room\n|\n|upkeep\n|turn|2\n|\n|t:|1729052553\n|switch|p1a: Lilligant|Lilligant-Hisui, L50, F|100\/100\n|move|p2a: Weezing|Protect|p2a: Weezing\n|-singleturn|p2a: Weezing|Protect\n|move|p2b: Garchomp|Bulldoze|p1b: Farigiraf|[spread] p1a,p1b\n|-activate|p2a: Weezing|move: Protect\n|-resisted|p1a: Lilligant\n|-damage|p1a: Lilligant|83\/100\n|-damage|p1b: Farigiraf|55\/100\n|-unboost|p1a: Lilligant|spe|1\n|-unboost|p1b: Farigiraf|spe|1\n|move|p1b: Farigiraf|Hyper Voice|p2a: Weezing|[spread] p2b\n|-activate|p2a: Weezing|move: Protect\n|-damage|p2b: Garchomp|56\/100\n|-enditem|p1b: Farigiraf|Throat Spray\n|-boost|p1b: Farigiraf|spa|1|[from] item: Throat Spray\n|\n|upkeep\n|turn|3\n|\n|t:|1729052574\n|move|p2b: Garchomp|Breaking Swipe|p1a: Lilligant|[spread] p1a,p1b\n|-damage|p1a: Lilligant|46\/100\n|-damage|p1b: Farigiraf|32\/100\n|-unboost|p1a: Lilligant|atk|1\n|-unboost|p1b: Farigiraf|atk|1\n|move|p1a: Lilligant|Sleep Powder|p2a: Weezing\n|-status|p2a: Weezing|slp|[from] move: Sleep Powder\n|cant|p2a: Weezing|slp\n|move|p1b: Farigiraf|Hyper Voice|p2a: Weezing|[spread] p2a,p2b\n|-damage|p2a: Weezing|0 fnt\n|-damage|p2b: Garchomp|23\/100\n|faint|p2a: Weezing\n|-end|p2a: Weezing|ability: Neutralizing Gas\n|\n|-end|p1b: Farigiraf|move: Taunt\n|upkeep\n|\n|t:|1729052586\n|switch|p2a: Incineroar|Incineroar, L50, F|100\/100\n|-ability|p2a: Incineroar|Intimidate|boost\n|-unboost|p1a: Lilligant|atk|1\n|-unboost|p1b: Farigiraf|atk|1\n|turn|4\n|\n|t:|1729052606\n|switch|p1b: Torkoal|Torkoal, L50, M|100\/100\n|-weather|SunnyDay|[from] ability: Drought|[of] p1b: Torkoal\n|move|p1a: Lilligant|Sleep Powder|p2b: Garchomp\n|-status|p2b: Garchomp|slp|[from] move: Sleep Powder\n|cant|p2b: Garchomp|slp\n|move|p2a: Incineroar|Knock Off|p1b: Torkoal\n|-damage|p1b: Torkoal|69\/100\n|-enditem|p1b: Torkoal|Charcoal|[from] move: Knock Off|[of] p2a: Incineroar\n|\n|-weather|SunnyDay|[upkeep]\n|upkeep\n|turn|5\n|\n|t:|1729052629\n|move|p1a: Lilligant|Close Combat|p2a: Incineroar\n|-supereffective|p2a: Incineroar\n|-damage|p2a: Incineroar|43\/100\n|-unboost|p1a: Lilligant|def|1\n|-unboost|p1a: Lilligant|spd|1\n|cant|p2b: Garchomp|slp\n|move|p2a: Incineroar|Parting Shot|p1b: Torkoal\n|-unboost|p1b: Torkoal|atk|1\n|-unboost|p1b: Torkoal|spa|1\n|\n|t:|1729052633\n|switch|p2a: Ursaluna|Ursaluna-Bloodmoon, L50, M|100\/100|[from] Parting Shot\n|move|p1b: Torkoal|Heat Wave|p2a: Ursaluna|[spread] p2a,p2b\n|-resisted|p2b: Garchomp\n|-damage|p2a: Ursaluna|62\/100\n|-damage|p2b: Garchomp|13\/100 slp\n|\n|-weather|SunnyDay|[upkeep]\n|upkeep\n|turn|6\n|j| GameLurker69\n|\n|t:|1729052658\n|move|p2a: Ursaluna|Protect|p2a: Ursaluna\n|-singleturn|p2a: Ursaluna|Protect\n|move|p1a: Lilligant|Close Combat|p2b: Garchomp\n|-damage|p2b: Garchomp|0 fnt\n|-unboost|p1a: Lilligant|def|1\n|-unboost|p1a: Lilligant|spd|1\n|-damage|p1a: Lilligant|33\/100|[from] ability: Rough Skin|[of] p2b: Garchomp\n|faint|p2b: Garchomp\n|move|p1b: Torkoal|Heat Wave|p2a: Ursaluna\n|-activate|p2a: Ursaluna|move: Protect\n|\n|-weather|SunnyDay|[upkeep]\n|upkeep\n|\n|t:|1729052665\n|switch|p2b: Incineroar|Incineroar, L50, F|43\/100\n|-ability|p2b: Incineroar|Intimidate|boost\n|-unboost|p1a: Lilligant|atk|1\n|-unboost|p1b: Torkoal|atk|1\n|turn|7\n|\n|t:|1729052679\n|switch|p1b: Farigiraf|Farigiraf, L50, M|32\/100\n|-terastallize|p2a: Ursaluna|Normal\n|move|p2b: Incineroar|Fake Out||[still]\n|cant|p1b: Farigiraf|ability: Armor Tail|Fake Out|[of] p2b: Incineroar\n|move|p1a: Lilligant|Sleep Powder|p2a: Ursaluna\n|-status|p2a: Ursaluna|slp|[from] move: Sleep Powder\n|cant|p2a: Ursaluna|slp\n|\n|-weather|SunnyDay|[upkeep]\n|upkeep\n|turn|8\n|-message|Iamsliverfish forfeited.\n|\n|win|Fayds\n|raw|Fayds's rating: 1646 &rarr; <strong>1671<\/strong><br \/>(+25 for winning)\n|raw|Iamsliverfish's rating: 1742 &rarr; <strong>1717<\/strong><br \/>(-25 for losing)\n|l|\u2606Iamsliverfish\n|player|p2|\n|c|\u2606Fayds|Bye\n|l| GameLurker69\n|l|\u2606Fayds\n|player|p1|\n","uploadtime":1729052913,"views":22,"formatid":"gen9vgc2024regh","rating":1671,"private":0,"password":null}