{"id":"gen9vgc2024regh-2223331861","format":"[Gen 9] VGC 2024 Reg H","players":["bieiup","ranakos"],"log":"|j|\u2606bieiup\n|j|\u2606ranakos\n|t:|1728989421\n|gametype|doubles\n|player|p1|bieiup|lillie-z|1714\n|player|p2|ranakos|gambler|1656\n|teamsize|p1|6\n|teamsize|p2|6\n|gen|9\n|tier|[Gen 9] VGC 2024 Reg H\n|rated|\n|rule|Species Clause: Limit one of each Pok\u00e9mon\n|rule|Item Clause: Limit 1 of each item\n|clearpoke\n|poke|p1|Sableye, L50, M|\n|poke|p1|Dondozo, L50, M|\n|poke|p1|Sylveon, L50, M|\n|poke|p1|Dragonite, L50, F|\n|poke|p1|Gholdengo, L50|\n|poke|p1|Ursaluna-Bloodmoon, L50, M|\n|poke|p2|Tyranitar, L50, F|\n|poke|p2|Garchomp, L50, F|\n|poke|p2|Arcanine-Hisui, L50, M|\n|poke|p2|Gholdengo, L50|\n|poke|p2|Murkrow, L50, M|\n|poke|p2|Rillaboom, L50, F|\n|teampreview|4\n|inactive|Battle timer is ON: inactive players will automatically lose when time's up. (requested by ranakos)\n|\n|t:|1728989446\n|start\n|switch|p1a: Sableye|Sableye, L50, M|100\/100\n|switch|p1b: Sylveon|Sylveon, L50, M|100\/100\n|switch|p2a: Arcanine|Arcanine-Hisui, L50, M|100\/100\n|switch|p2b: Gholdengo|Gholdengo, L50|100\/100\n|-ability|p2a: Arcanine|Intimidate|boost\n|-unboost|p1a: Sableye|atk|1\n|-unboost|p1b: Sylveon|atk|1\n|turn|1\n|\n|t:|1728989459\n|-terastallize|p1b: Sylveon|Fire\n|move|p1a: Sableye|Fake Out|p2a: Arcanine\n|-resisted|p2a: Arcanine\n|-damage|p2a: Arcanine|97\/100\n|cant|p2a: Arcanine|flinch\n|move|p2b: Gholdengo|Make It Rain|p1b: Sylveon|[spread] p1a,p1b\n|-resisted|p1b: Sylveon\n|-enditem|p1a: Sableye|Focus Sash\n|-damage|p1a: Sableye|1\/100\n|-damage|p1b: Sylveon|74\/100\n|-unboost|p2b: Gholdengo|spa|1\n|move|p1b: Sylveon|Tera Blast|p2b: Gholdengo|[anim] Tera Blast Fire\n|-supereffective|p2b: Gholdengo\n|-damage|p2b: Gholdengo|0 fnt\n|faint|p2b: Gholdengo\n|\n|upkeep\n|\n|t:|1728989468\n|switch|p2b: Tyranitar|Tyranitar, L50, F, shiny|100\/100\n|-weather|Sandstorm|[from] ability: Sand Stream|[of] p2b: Tyranitar\n|turn|2\n|\n|t:|1728989485\n|switch|p1a: Gholdengo|Gholdengo, L50|100\/100\n|move|p1b: Sylveon|Protect|p1b: Sylveon\n|-singleturn|p1b: Sylveon|Protect\n|move|p2a: Arcanine|Flare Blitz|p1b: Sylveon\n|-activate|p1b: Sylveon|move: Protect\n|move|p2b: Tyranitar|Rock Slide|p1b: Sylveon|[spread] p1a\n|-activate|p1b: Sylveon|move: Protect\n|-resisted|p1a: Gholdengo\n|-damage|p1a: Gholdengo|83\/100\n|\n|-weather|Sandstorm|[upkeep]\n|-damage|p1b: Sylveon|68\/100|[from] Sandstorm\n|upkeep\n|turn|3\n|\n|t:|1728989499\n|move|p1a: Gholdengo|Make It Rain|p2b: Tyranitar|[spread] p2a,p2b\n|-crit|p2a: Arcanine\n|-supereffective|p2b: Tyranitar\n|-damage|p2a: Arcanine|36\/100\n|-damage|p2b: Tyranitar|63\/100\n|-unboost|p1a: Gholdengo|spa|1\n|move|p2a: Arcanine|Flare Blitz|p1a: Gholdengo\n|-supereffective|p1a: Gholdengo\n|-damage|p1a: Gholdengo|0 fnt\n|faint|p1a: Gholdengo\n|-damage|p2a: Arcanine|10\/100|[from] Recoil\n|move|p2b: Tyranitar|Rock Slide|p1b: Sylveon\n|-supereffective|p1b: Sylveon\n|-damage|p1b: Sylveon|0 fnt\n|faint|p1b: Sylveon\n|\n|-weather|Sandstorm|[upkeep]\n|upkeep\n|\n|t:|1728989503\n|switch|p1a: Sableye|Sableye, L50, M|1\/100\n|switch|p1b: Dragonite|Dragonite, L50, F|100\/100\n|turn|4\n|\n|t:|1728989514\n|move|p1a: Sableye|Fake Out|p2b: Tyranitar\n|-resisted|p2b: Tyranitar\n|-damage|p2b: Tyranitar|60\/100\n|move|p2a: Arcanine|Flare Blitz|p1a: Sableye\n|-damage|p1a: Sableye|0 fnt\n|faint|p1a: Sableye\n|-damage|p2a: Arcanine|9\/100|[from] Recoil\n|move|p1b: Dragonite|Earthquake|p2b: Tyranitar|[spread] p2a,p2b\n|-supereffective|p2a: Arcanine\n|-supereffective|p2b: Tyranitar\n|-damage|p2a: Arcanine|0 fnt\n|-damage|p2b: Tyranitar|11\/100\n|faint|p2a: Arcanine\n|cant|p2b: Tyranitar|flinch\n|\n|-weather|Sandstorm|[upkeep]\n|-damage|p1b: Dragonite|95\/100|[from] Sandstorm\n|upkeep\n|\n|t:|1728989522\n|switch|p2a: Garchomp|Garchomp, L50, F|100\/100\n|turn|5\n|\n|t:|1728989532\n|move|p2a: Garchomp|Dragon Claw|p1b: Dragonite\n|-supereffective|p1b: Dragonite\n|-damage|p1b: Dragonite|3\/100\n|move|p1b: Dragonite|Earthquake|p2b: Tyranitar|[spread] p2a,p2b\n|-supereffective|p2b: Tyranitar\n|-damage|p2a: Garchomp|71\/100\n|-damage|p2b: Tyranitar|0 fnt\n|faint|p2b: Tyranitar\n|\n|-weather|Sandstorm|[upkeep]\n|-damage|p1b: Dragonite|0 fnt|[from] Sandstorm\n|faint|p1b: Dragonite\n|\n|win|ranakos\n|upkeep\n|raw|bieiup's rating: 1714 &rarr; <strong>1691<\/strong><br \/>(-23 for losing)\n|raw|ranakos's rating: 1656 &rarr; <strong>1679<\/strong><br \/>(+23 for winning)\n|l|\u2606bieiup\n|player|p1|\n|l|\u2606ranakos\n|player|p2|\n","uploadtime":1728989767,"views":11,"formatid":"gen9vgc2024regh","rating":1679,"private":0,"password":null}