{"id":"gen9vgc2024regh-2223574636","format":"[Gen 9] VGC 2024 Reg H","players":["pantsuit","bigbadbirdvgc"],"log":"|j|\u2606pantsuit\n|j|\u2606bigbadbirdvgc\n|t:|1729013646\n|gametype|doubles\n|player|p1|pantsuit|265|1738\n|player|p2|bigbadbirdvgc|170|1698\n|teamsize|p1|6\n|teamsize|p2|6\n|gen|9\n|tier|[Gen 9] VGC 2024 Reg H\n|rated|\n|rule|Species Clause: Limit one of each Pok\u00e9mon\n|rule|Item Clause: Limit 1 of each item\n|clearpoke\n|poke|p1|Porygon2, L50|\n|poke|p1|Ursaluna, L50, M|\n|poke|p1|Incineroar, L50, F|\n|poke|p1|Sneasler, L50, M|\n|poke|p1|Archaludon, L50, F|\n|poke|p1|Yanmega, L50, M|\n|poke|p2|Basculegion, L50, M|\n|poke|p2|Pelipper, L50, F|\n|poke|p2|Archaludon, L50, M|\n|poke|p2|Sinistcha, L50|\n|poke|p2|Farigiraf, L50, F|\n|poke|p2|Sableye, L50, M|\n|teampreview|4\n|\n|t:|1729013700\n|start\n|switch|p1a: Yanmega|Yanmega, L50, M, shiny|100\/100\n|switch|p1b: Archaludon|Archaludon, L50, F|100\/100\n|switch|p2a: Pelipper|Pelipper, L50, F|100\/100\n|switch|p2b: Basculegion|Basculegion, L50, M|100\/100\n|-weather|RainDance|[from] ability: Drizzle|[of] p2a: Pelipper\n|turn|1\n|j| Claarity\n|\n|t:|1729013733\n|move|p2b: Basculegion|Protect|p2b: Basculegion\n|-singleturn|p2b: Basculegion|Protect\n|move|p1a: Yanmega|Bug Buzz|p2a: Pelipper\n|-resisted|p2a: Pelipper\n|-damage|p2a: Pelipper|62\/100\n|move|p1b: Archaludon|Electro Shot||[still]\n|-prepare|p1b: Archaludon|Electro Shot\n|-boost|p1b: Archaludon|spa|1\n|-anim|p1b: Archaludon|Electro Shot|p2a: Pelipper\n|-supereffective|p2a: Pelipper\n|-damage|p2a: Pelipper|0 fnt\n|faint|p2a: Pelipper\n|\n|-weather|RainDance|[upkeep]\n|-ability|p1a: Yanmega|Speed Boost|boost\n|-boost|p1a: Yanmega|spe|1\n|upkeep\n|\n|t:|1729013749\n|switch|p2a: Archaludon|Archaludon, L50, M|100\/100\n|turn|2\n|\n|t:|1729013759\n|move|p1a: Yanmega|Detect|p1a: Yanmega\n|-singleturn|p1a: Yanmega|Protect\n|move|p1b: Archaludon|Protect|p1b: Archaludon\n|-singleturn|p1b: Archaludon|Protect\n|move|p2b: Basculegion|Flip Turn|p1a: Yanmega\n|-activate|p1a: Yanmega|move: Protect\n|move|p2a: Archaludon|Electro Shot||[still]\n|-prepare|p2a: Archaludon|Electro Shot\n|-boost|p2a: Archaludon|spa|1\n|-anim|p2a: Archaludon|Electro Shot|p1a: Yanmega\n|-activate|p1a: Yanmega|move: Protect\n|\n|-weather|RainDance|[upkeep]\n|-ability|p1a: Yanmega|Speed Boost|boost\n|-boost|p1a: Yanmega|spe|1\n|upkeep\n|turn|3\n|j| Fallastest\n|\n|t:|1729013790\n|switch|p2b: Sinistcha|Sinistcha, L50|100\/100\n|move|p1a: Yanmega|Tailwind|p1a: Yanmega\n|-sidestart|p1: pantsuit|move: Tailwind\n|move|p1b: Archaludon|Thunderbolt|p2b: Sinistcha\n|-resisted|p2b: Sinistcha\n|-damage|p2b: Sinistcha|78\/100\n|move|p2a: Archaludon|Electro Shot||[still]\n|-prepare|p2a: Archaludon|Electro Shot\n|-boost|p2a: Archaludon|spa|1\n|-anim|p2a: Archaludon|Electro Shot|p1a: Yanmega\n|-supereffective|p1a: Yanmega\n|-enditem|p1a: Yanmega|Focus Sash\n|-damage|p1a: Yanmega|1\/100\n|\n|-weather|RainDance|[upkeep]\n|-ability|p1a: Yanmega|Speed Boost|boost\n|-boost|p1a: Yanmega|spe|1\n|upkeep\n|turn|4\n|\n|t:|1729013809\n|move|p1a: Yanmega|Air Slash|p2b: Sinistcha\n|-supereffective|p2b: Sinistcha\n|-damage|p2b: Sinistcha|14\/100\n|-enditem|p2b: Sinistcha|Sitrus Berry|[eat]\n|-heal|p2b: Sinistcha|39\/100|[from] item: Sitrus Berry\n|move|p1b: Archaludon|Thunderbolt|p2b: Sinistcha\n|-resisted|p2b: Sinistcha\n|-damage|p2b: Sinistcha|16\/100\n|move|p2a: Archaludon|Electro Shot||[still]\n|-prepare|p2a: Archaludon|Electro Shot\n|-boost|p2a: Archaludon|spa|1\n|-anim|p2a: Archaludon|Electro Shot|p1a: Yanmega\n|-supereffective|p1a: Yanmega\n|-damage|p1a: Yanmega|0 fnt\n|faint|p1a: Yanmega\n|move|p2b: Sinistcha|Trick Room|p2b: Sinistcha\n|-fieldstart|move: Trick Room|[of] p2b: Sinistcha\n|\n|-weather|RainDance|[upkeep]\n|upkeep\n|\n|t:|1729013823\n|switch|p1a: Ursaluna|Ursaluna, L50, M, shiny|100\/100\n|turn|5\n|\n|t:|1729013842\n|-terastallize|p2a: Archaludon|Grass\n|move|p2b: Sinistcha|Matcha Gotcha|p1b: Archaludon|[spread] p1a,p1b\n|-supereffective|p1a: Ursaluna\n|-resisted|p1b: Archaludon\n|-damage|p1a: Ursaluna|54\/100\n|-heal|p2b: Sinistcha|44\/100|[from] drain|[of] p1a: Ursaluna\n|-damage|p1b: Archaludon|92\/100\n|-heal|p2b: Sinistcha|48\/100|[from] drain|[of] p1b: Archaludon\n|move|p2a: Archaludon|Draco Meteor|p1b: Archaludon\n|-damage|p1b: Archaludon|0 fnt\n|-unboost|p2a: Archaludon|spa|2\n|faint|p1b: Archaludon\n|move|p1a: Ursaluna|Headlong Rush|p2a: Archaludon\n|-resisted|p2a: Archaludon\n|-crit|p2a: Archaludon\n|-damage|p2a: Archaludon|65\/100\n|-unboost|p1a: Ursaluna|def|1\n|-unboost|p1a: Ursaluna|spd|1\n|-ability|p2a: Archaludon|Stamina|boost\n|-boost|p2a: Archaludon|def|1\n|\n|-weather|none\n|-status|p1a: Ursaluna|brn|[from] item: Flame Orb\n|upkeep\n|\n|t:|1729013847\n|switch|p1b: Sneasler|Sneasler, L50, M|100\/100\n|turn|6\n|\n|t:|1729013881\n|switch|p2b: Basculegion|Basculegion, L50, M|100\/100\n|move|p1a: Ursaluna|Protect|p1a: Ursaluna\n|-singleturn|p1a: Ursaluna|Protect\n|move|p2a: Archaludon|Flash Cannon|p1b: Sneasler\n|-damage|p1b: Sneasler|17\/100\n|move|p1b: Sneasler|Dire Claw|p2a: Archaludon\n|-supereffective|p2a: Archaludon\n|-damage|p2a: Archaludon|21\/100\n|-status|p2a: Archaludon|psn\n|-ability|p2a: Archaludon|Stamina|boost\n|-boost|p2a: Archaludon|def|1\n|\n|-damage|p2a: Archaludon|9\/100 psn|[from] psn\n|-damage|p1a: Ursaluna|48\/100 brn|[from] brn\n|-sideend|p1: pantsuit|move: Tailwind\n|upkeep\n|turn|7\n|\n|t:|1729013919\n|-terastallize|p1a: Ursaluna|Ghost\n|move|p1a: Ursaluna|Headlong Rush|p2b: Basculegion\n|-crit|p2b: Basculegion\n|-damage|p2b: Basculegion|0 fnt\n|-unboost|p1a: Ursaluna|def|1\n|-unboost|p1a: Ursaluna|spd|1\n|faint|p2b: Basculegion\n|move|p2a: Archaludon|Flash Cannon|p1b: Sneasler\n|-damage|p1b: Sneasler|0 fnt\n|faint|p1b: Sneasler\n|\n|-damage|p2a: Archaludon|0 fnt|[from] psn\n|faint|p2a: Archaludon\n|-damage|p1a: Ursaluna|43\/100 brn|[from] brn\n|upkeep\n|\n|t:|1729013933\n|switch|p2b: Sinistcha|Sinistcha, L50|48\/100\n|turn|8\n|\n|t:|1729013942\n|move|p2b: Sinistcha|Protect|p2b: Sinistcha\n|-singleturn|p2b: Sinistcha|Protect\n|move|p1a: Ursaluna|Headlong Rush|p2b: Sinistcha\n|-activate|p2b: Sinistcha|move: Protect\n|\n|-damage|p1a: Ursaluna|37\/100 brn|[from] brn\n|-fieldend|move: Trick Room\n|upkeep\n|turn|9\n|\n|t:|1729013950\n|move|p1a: Ursaluna|Headlong Rush|p2b: Sinistcha\n|-resisted|p2b: Sinistcha\n|-damage|p2b: Sinistcha|4\/100\n|-unboost|p1a: Ursaluna|def|1\n|-unboost|p1a: Ursaluna|spd|1\n|move|p2b: Sinistcha|Matcha Gotcha|p1a: Ursaluna\n|-damage|p1a: Ursaluna|0 fnt\n|-heal|p2b: Sinistcha|26\/100|[from] drain|[of] p1a: Ursaluna\n|faint|p1a: Ursaluna\n|\n|win|bigbadbirdvgc\n|raw|pantsuit's rating: 1738 &rarr; <strong>1716<\/strong><br \/>(-22 for losing)\n|raw|bigbadbirdvgc's rating: 1698 &rarr; <strong>1720<\/strong><br \/>(+22 for winning)\n|l|\u2606pantsuit\n|player|p1|\n|l|\u2606bigbadbirdvgc\n|player|p2|\n|l| Claarity\n","uploadtime":1729014138,"views":9,"formatid":"gen9vgc2024regh","rating":1716,"private":0,"password":null}