{"id":"gen9vgc2024regh-2223624373","format":"[Gen 9] VGC 2024 Reg H","players":["dd6.75","cher1berry"],"log":"|j|\u2606dd6.75\n|j|\u2606cher1berry\n|t:|1729017908\n|gametype|doubles\n|player|p1|dd6.75|2|1654\n|player|p2|cher1berry|nancy|1776\n|teamsize|p1|6\n|teamsize|p2|6\n|gen|9\n|tier|[Gen 9] VGC 2024 Reg H\n|rated|\n|rule|Species Clause: Limit one of each Pok\u00e9mon\n|rule|Item Clause: Limit 1 of each item\n|clearpoke\n|poke|p1|Dondozo, L50, M|\n|poke|p1|Tatsugiri, L50, M|\n|poke|p1|Dragonite, L50, M|\n|poke|p1|Gholdengo, L50|\n|poke|p1|Pawmot, L50, M|\n|poke|p1|Talonflame, L50, M|\n|poke|p2|Dondozo, L50, F|\n|poke|p2|Tatsugiri, L50, F|\n|poke|p2|Gholdengo, L50|\n|poke|p2|Talonflame, L50, F|\n|poke|p2|Dragonite, L50, F|\n|poke|p2|Pawmot, L50, F|\n|teampreview|4\n|inactive|Battle timer is ON: inactive players will automatically lose when time's up. (requested by cher1berry)\n|\n|t:|1729017932\n|start\n|switch|p1a: Talonflame|Talonflame, L50, M|100\/100\n|switch|p1b: Gholdengo|Gholdengo, L50|100\/100\n|switch|p2a: Talonflame|Talonflame, L50, F, shiny|100\/100\n|switch|p2b: Gholdengo|Gholdengo, L50|100\/100\n|turn|1\n|\n|t:|1729017948\n|-terastallize|p2b: Gholdengo|Steel\n|move|p2a: Talonflame|Tailwind|p2a: Talonflame\n|-sidestart|p2: cher1berry|move: Tailwind\n|move|p1a: Talonflame|Tailwind|p1a: Talonflame\n|-sidestart|p1: dd6.75|move: Tailwind\n|move|p1b: Gholdengo|Thunderbolt|p2a: Talonflame\n|-supereffective|p2a: Talonflame\n|-damage|p2a: Talonflame|0 fnt\n|faint|p2a: Talonflame\n|move|p2b: Gholdengo|Shadow Ball|p1b: Gholdengo\n|-supereffective|p1b: Gholdengo\n|-damage|p1b: Gholdengo|0 fnt\n|faint|p1b: Gholdengo\n|\n|upkeep\n|\n|t:|1729017956\n|switch|p2a: Dondozo|Dondozo, L50, F, shiny|100\/100\n|switch|p1b: Dondozo|Dondozo, L50, M|100\/100\n|turn|2\n|\n|t:|1729017968\n|switch|p1a: Tatsugiri|Tatsugiri, L50, M|100\/100\n|-activate|p1a: Tatsugiri|ability: Commander|[of] p1b: Dondozo\n|-boost|p1b: Dondozo|atk|2\n|-boost|p1b: Dondozo|spa|2\n|-boost|p1b: Dondozo|spe|2\n|-boost|p1b: Dondozo|def|2\n|-boost|p1b: Dondozo|spd|2\n|move|p2a: Dondozo|Protect|p2a: Dondozo\n|-singleturn|p2a: Dondozo|Protect\n|move|p1b: Dondozo|Earthquake|p2a: Dondozo|[spread] p2b\n|-miss|p1b: Dondozo|p1a: Tatsugiri\n|-activate|p2a: Dondozo|move: Protect\n|-supereffective|p2b: Gholdengo\n|-damage|p2b: Gholdengo|0 fnt\n|faint|p2b: Gholdengo\n|\n|upkeep\n|\n|t:|1729017971\n|switch|p2b: Tatsugiri|Tatsugiri, L50, F|100\/100\n|-activate|p2b: Tatsugiri|ability: Commander|[of] p2a: Dondozo\n|-boost|p2a: Dondozo|atk|2\n|-boost|p2a: Dondozo|spa|2\n|-boost|p2a: Dondozo|spe|2\n|-boost|p2a: Dondozo|def|2\n|-boost|p2a: Dondozo|spd|2\n|turn|3\n|j| Okes30\n|\n|t:|1729017981\n|move|p1b: Dondozo|Order Up|p2a: Dondozo\n|-damage|p2a: Dondozo|84\/100\n|-boost|p1b: Dondozo|atk|1\n|move|p2a: Dondozo|Order Up|p1b: Dondozo\n|-damage|p1b: Dondozo|83\/100\n|-boost|p2a: Dondozo|atk|1\n|\n|-heal|p1b: Dondozo|89\/100|[from] item: Leftovers\n|-heal|p2a: Dondozo|90\/100|[from] item: Leftovers\n|upkeep\n|turn|4\n|\n|t:|1729017987\n|move|p1b: Dondozo|Order Up|p2a: Dondozo\n|-damage|p2a: Dondozo|70\/100\n|-boost|p1b: Dondozo|atk|1\n|move|p2a: Dondozo|Order Up|p1b: Dondozo\n|-damage|p1b: Dondozo|71\/100\n|-boost|p2a: Dondozo|atk|1\n|\n|-heal|p2a: Dondozo|76\/100|[from] item: Leftovers\n|-heal|p1b: Dondozo|77\/100|[from] item: Leftovers\n|-sideend|p1: dd6.75|move: Tailwind\n|-sideend|p2: cher1berry|move: Tailwind\n|upkeep\n|turn|5\n|\n|t:|1729017994\n|move|p1b: Dondozo|Order Up|p2a: Dondozo\n|-crit|p2a: Dondozo\n|-damage|p2a: Dondozo|47\/100\n|-boost|p1b: Dondozo|atk|1\n|move|p2a: Dondozo|Order Up|p1b: Dondozo\n|-damage|p1b: Dondozo|59\/100\n|-boost|p2a: Dondozo|atk|1\n|\n|-heal|p1b: Dondozo|65\/100|[from] item: Leftovers\n|-heal|p2a: Dondozo|53\/100|[from] item: Leftovers\n|upkeep\n|turn|6\n|\n|t:|1729017999\n|move|p1b: Dondozo|Order Up|p2a: Dondozo\n|-damage|p2a: Dondozo|34\/100\n|-boost|p1b: Dondozo|atk|1\n|move|p2a: Dondozo|Order Up|p1b: Dondozo\n|-damage|p1b: Dondozo|45\/100\n|-boost|p2a: Dondozo|atk|1\n|\n|-heal|p2a: Dondozo|40\/100|[from] item: Leftovers\n|-heal|p1b: Dondozo|51\/100|[from] item: Leftovers\n|upkeep\n|turn|7\n|\n|t:|1729018004\n|move|p2a: Dondozo|Order Up|p1b: Dondozo\n|-damage|p1b: Dondozo|33\/100\n|-boost|p2a: Dondozo|atk|0\n|move|p1b: Dondozo|Order Up|p2a: Dondozo\n|-damage|p2a: Dondozo|21\/100\n|-boost|p1b: Dondozo|atk|0\n|\n|-heal|p2a: Dondozo|27\/100|[from] item: Leftovers\n|-heal|p1b: Dondozo|39\/100|[from] item: Leftovers\n|upkeep\n|turn|8\n|\n|t:|1729018011\n|move|p1b: Dondozo|Earthquake|p2b: Tatsugiri|[spread] p2a\n|-miss|p1b: Dondozo|p1a: Tatsugiri\n|-miss|p1b: Dondozo|p2b: Tatsugiri\n|-damage|p2a: Dondozo|11\/100\n|move|p2a: Dondozo|Order Up|p1b: Dondozo\n|-damage|p1b: Dondozo|20\/100\n|-boost|p2a: Dondozo|atk|0\n|\n|-heal|p1b: Dondozo|26\/100|[from] item: Leftovers\n|-heal|p2a: Dondozo|17\/100|[from] item: Leftovers\n|upkeep\n|turn|9\n|\n|t:|1729018016\n|move|p2a: Dondozo|Protect|p2a: Dondozo\n|-singleturn|p2a: Dondozo|Protect\n|move|p1b: Dondozo|Earthquake|p2a: Dondozo|[spread] \n|-miss|p1b: Dondozo|p1a: Tatsugiri\n|-miss|p1b: Dondozo|p2b: Tatsugiri\n|-activate|p2a: Dondozo|move: Protect\n|\n|-heal|p2a: Dondozo|24\/100|[from] item: Leftovers\n|-heal|p1b: Dondozo|32\/100|[from] item: Leftovers\n|upkeep\n|turn|10\n|\n|t:|1729018018\n|move|p1b: Dondozo|Earthquake|p2a: Dondozo|[spread] p2a\n|-miss|p1b: Dondozo|p1a: Tatsugiri\n|-miss|p1b: Dondozo|p2b: Tatsugiri\n|-damage|p2a: Dondozo|6\/100\n|move|p2a: Dondozo|Order Up|p1b: Dondozo\n|-damage|p1b: Dondozo|15\/100\n|-boost|p2a: Dondozo|atk|0\n|\n|-heal|p1b: Dondozo|21\/100|[from] item: Leftovers\n|-heal|p2a: Dondozo|12\/100|[from] item: Leftovers\n|upkeep\n|turn|11\n|\n|t:|1729018029\n|move|p2a: Dondozo|Protect|p2a: Dondozo\n|-singleturn|p2a: Dondozo|Protect\n|move|p1b: Dondozo|Order Up|p2a: Dondozo\n|-activate|p2a: Dondozo|move: Protect\n|\n|-heal|p2a: Dondozo|19\/100|[from] item: Leftovers\n|-heal|p1b: Dondozo|27\/100|[from] item: Leftovers\n|upkeep\n|turn|12\n|\n|t:|1729018032\n|move|p2a: Dondozo|Order Up|p1b: Dondozo\n|-damage|p1b: Dondozo|9\/100\n|-boost|p2a: Dondozo|atk|0\n|move|p1b: Dondozo|Order Up|p2a: Dondozo\n|-damage|p2a: Dondozo|2\/100\n|-boost|p1b: Dondozo|atk|0\n|\n|-heal|p2a: Dondozo|8\/100|[from] item: Leftovers\n|-heal|p1b: Dondozo|16\/100|[from] item: Leftovers\n|upkeep\n|turn|13\n|\n|t:|1729018040\n|move|p1b: Dondozo|Protect|p1b: Dondozo\n|-singleturn|p1b: Dondozo|Protect\n|move|p2a: Dondozo|Order Up|p1b: Dondozo\n|-activate|p1b: Dondozo|move: Protect\n|\n|-heal|p1b: Dondozo|22\/100|[from] item: Leftovers\n|-heal|p2a: Dondozo|14\/100|[from] item: Leftovers\n|upkeep\n|turn|14\n|\n|t:|1729018046\n|move|p2a: Dondozo|Protect|p2a: Dondozo\n|-singleturn|p2a: Dondozo|Protect\n|move|p1b: Dondozo|Order Up|p2a: Dondozo\n|-activate|p2a: Dondozo|move: Protect\n|\n|-heal|p2a: Dondozo|20\/100|[from] item: Leftovers\n|-heal|p1b: Dondozo|28\/100|[from] item: Leftovers\n|upkeep\n|turn|15\n|\n|t:|1729018049\n|move|p2a: Dondozo|Order Up|p1b: Dondozo\n|-damage|p1b: Dondozo|9\/100\n|-boost|p2a: Dondozo|atk|0\n|move|p1b: Dondozo|Earthquake|p2a: Dondozo|[spread] p2a\n|-miss|p1b: Dondozo|p1a: Tatsugiri\n|-miss|p1b: Dondozo|p2b: Tatsugiri\n|-damage|p2a: Dondozo|3\/100\n|\n|-heal|p2a: Dondozo|9\/100|[from] item: Leftovers\n|-heal|p1b: Dondozo|15\/100|[from] item: Leftovers\n|upkeep\n|turn|16\n|\n|t:|1729018058\n|move|p2a: Dondozo|Order Up|p1b: Dondozo\n|-damage|p1b: Dondozo|0 fnt\n|faint|p1b: Dondozo\n|-boost|p2a: Dondozo|atk|0\n|\n|-heal|p2a: Dondozo|15\/100|[from] item: Leftovers\n|upkeep\n|\n|t:|1729018062\n|switch|p1b: Talonflame|Talonflame, L50, M|100\/100\n|turn|17\n|\n|t:|1729018069\n|move|p2a: Dondozo|Protect|p2a: Dondozo\n|-singleturn|p2a: Dondozo|Protect\n|move|p1b: Talonflame|Tailwind|p1b: Talonflame\n|-sidestart|p1: dd6.75|move: Tailwind\n|move|p1a: Tatsugiri|Dragon Pulse|p2a: Dondozo\n|-activate|p2a: Dondozo|move: Protect\n|\n|-heal|p2a: Dondozo|21\/100|[from] item: Leftovers\n|upkeep\n|turn|18\n|\n|t:|1729018075\n|move|p1b: Talonflame|Brave Bird|p2a: Dondozo\n|-damage|p2a: Dondozo|4\/100\n|-damage|p1b: Talonflame|92\/100|[from] Recoil\n|move|p1a: Tatsugiri|Dragon Pulse|p2a: Dondozo\n|-damage|p2a: Dondozo|0 fnt\n|faint|p2a: Dondozo\n|\n|upkeep\n|turn|19\n|\n|t:|1729018083\n|move|p1a: Tatsugiri|Dragon Pulse|p2b: Tatsugiri\n|-supereffective|p2b: Tatsugiri\n|-damage|p2b: Tatsugiri|0 fnt\n|faint|p2b: Tatsugiri\n|\n|win|dd6.75\n|raw|dd6.75's rating: 1654 &rarr; <strong>1681<\/strong><br \/>(+27 for winning)\n|raw|cher1berry's rating: 1776 &rarr; <strong>1749<\/strong><br \/>(-27 for losing)\n|l| Okes30\n|c|\u2606cher1berry|Ouch\n|l|\u2606cher1berry\n|player|p2|\n|l|\u2606dd6.75\n|player|p1|\n","uploadtime":1729018304,"views":11,"formatid":"gen9vgc2024regh","rating":1681,"private":0,"password":null}