{"id":"gen9vgc2024regh-2223184680","format":"[Gen 9] VGC 2024 Reg H","players":["elvegis1","BetterCallHall"],"log":"|j|\u2606elvegis1\n|j|\u2606BetterCallHall\n|t:|1728965651\n|gametype|doubles\n|player|p1|elvegis1|lucas|1668\n|player|p2|BetterCallHall|170|1762\n|teamsize|p1|6\n|teamsize|p2|6\n|gen|9\n|tier|[Gen 9] VGC 2024 Reg H\n|rated|\n|rule|Species Clause: Limit one of each Pok\u00e9mon\n|rule|Item Clause: Limit 1 of each item\n|clearpoke\n|poke|p1|Garchomp, L50, M|\n|poke|p1|Incineroar, L50, F|\n|poke|p1|Sneasler, L50, M|\n|poke|p1|Ninetales-Alola, L50, M|\n|poke|p1|Corviknight, L50, M|\n|poke|p1|Gholdengo, L50|\n|poke|p2|Primarina, L50, M|\n|poke|p2|Garchomp, L50, F|\n|poke|p2|Vivillon, L50, F|\n|poke|p2|Gholdengo, L50|\n|poke|p2|Dragonite, L50, M|\n|poke|p2|Talonflame, L50, F|\n|teampreview|4\n|inactive|Battle timer is ON: inactive players will automatically lose when time's up. (requested by elvegis1)\n|\n|t:|1728965683\n|start\n|switch|p1a: Ninetales|Ninetales-Alola, L50, M|100\/100\n|switch|p1b: Incineroar|Incineroar, L50, F|100\/100\n|switch|p2a: Talonflame|Talonflame, L50, F|100\/100\n|switch|p2b: Gholdengo|Gholdengo, L50|100\/100\n|-weather|Snow|[from] ability: Snow Warning|[of] p1a: Ninetales\n|-ability|p1b: Incineroar|Intimidate|boost\n|-unboost|p2a: Talonflame|atk|1\n|-unboost|p2b: Gholdengo|atk|1\n|turn|1\n|\n|t:|1728965701\n|switch|p1a: Corviknight|Corviknight, L50, M|100\/100\n|switch|p2b: Primarina|Primarina, L50, M|100\/100\n|move|p2a: Talonflame|Taunt|p1a: Corviknight\n|-start|p1a: Corviknight|move: Taunt\n|move|p1b: Incineroar|Flare Blitz|p2b: Primarina\n|-resisted|p2b: Primarina\n|-damage|p2b: Primarina|77\/100\n|-damage|p1b: Incineroar|93\/100|[from] Recoil\n|\n|-weather|Snow|[upkeep]\n|upkeep\n|turn|2\n|\n|t:|1728965722\n|move|p2a: Talonflame|Will-O-Wisp|p1a: Corviknight\n|-status|p1a: Corviknight|brn\n|move|p1a: Corviknight|Brave Bird|p2b: Primarina\n|-damage|p2b: Primarina|53\/100\n|-damage|p1a: Corviknight|93\/100 brn|[from] Recoil\n|move|p1b: Incineroar|Parting Shot|p2a: Talonflame\n|-unboost|p2a: Talonflame|atk|1\n|-unboost|p2a: Talonflame|spa|1\n|\n|t:|1728965733\n|switch|p1b: Ninetales|Ninetales-Alola, L50, M|100\/100|[from] Parting Shot\n|move|p2b: Primarina|Hyper Voice|p1a: Corviknight|[spread] p1a,p1b\n|-damage|p1a: Corviknight|61\/100 brn\n|-damage|p1b: Ninetales|62\/100\n|\n|-weather|Snow|[upkeep]\n|-damage|p1a: Corviknight|55\/100 brn|[from] brn\n|upkeep\n|turn|3\n|\n|t:|1728965752\n|move|p2a: Talonflame|Tailwind|p2a: Talonflame\n|-sidestart|p2: BetterCallHall|move: Tailwind\n|move|p1b: Ninetales|Freeze-Dry|p2b: Primarina\n|-supereffective|p2b: Primarina\n|-damage|p2b: Primarina|16\/100\n|-enditem|p2b: Primarina|Sitrus Berry|[eat]\n|-heal|p2b: Primarina|41\/100|[from] item: Sitrus Berry\n|move|p2b: Primarina|Hyper Voice|p1b: Ninetales|[spread] p1a,p1b\n|-damage|p1a: Corviknight|22\/100 brn\n|-damage|p1b: Ninetales|23\/100\n|-enditem|p1a: Corviknight|Sitrus Berry|[eat]\n|-heal|p1a: Corviknight|47\/100 brn|[from] item: Sitrus Berry\n|move|p1a: Corviknight|Brave Bird|p2a: Talonflame\n|-damage|p2a: Talonflame|65\/100\n|-damage|p1a: Corviknight|38\/100 brn|[from] Recoil\n|\n|-weather|Snow|[upkeep]\n|-damage|p1a: Corviknight|32\/100 brn|[from] brn\n|-end|p1a: Corviknight|move: Taunt\n|upkeep\n|turn|4\n|\n|t:|1728965766\n|switch|p2a: Gholdengo|Gholdengo, L50|100\/100\n|move|p1b: Ninetales|Blizzard|p2a: Gholdengo|[spread] p2a,p2b\n|-resisted|p2a: Gholdengo\n|-resisted|p2b: Primarina\n|-damage|p2a: Gholdengo|84\/100\n|-damage|p2b: Primarina|31\/100\n|-status|p2b: Primarina|frz\n|cant|p2b: Primarina|frz\n|move|p1a: Corviknight|Tailwind|p1a: Corviknight\n|-sidestart|p1: elvegis1|move: Tailwind\n|\n|-weather|Snow|[upkeep]\n|-damage|p1a: Corviknight|26\/100 brn|[from] brn\n|upkeep\n|turn|5\n|\n|t:|1728965786\n|move|p1b: Ninetales|Aurora Veil|p1b: Ninetales\n|-sidestart|p1: elvegis1|move: Aurora Veil\n|move|p2a: Gholdengo|Power Gem|p1b: Ninetales\n|-supereffective|p1b: Ninetales\n|-damage|p1b: Ninetales|0 fnt\n|faint|p1b: Ninetales\n|move|p1a: Corviknight|Brave Bird|p2b: Primarina\n|-damage|p2b: Primarina|5\/100 frz\n|-damage|p1a: Corviknight|18\/100 brn|[from] Recoil\n|-curestatus|p2b: Primarina|frz|[msg]\n|move|p2b: Primarina|Hyper Voice|p1a: Corviknight\n|-damage|p1a: Corviknight|0 fnt\n|faint|p1a: Corviknight\n|\n|-weather|none\n|upkeep\n|\n|t:|1728965796\n|switch|p1b: Incineroar|Incineroar, L50, F|93\/100\n|switch|p1a: Garchomp|Garchomp, L50, M|100\/100\n|-ability|p1b: Incineroar|Intimidate|boost\n|-unboost|p2a: Gholdengo|atk|1\n|-unboost|p2b: Primarina|atk|1\n|turn|6\n|\n|t:|1728965815\n|switch|p2a: Talonflame|Talonflame, L50, F|65\/100\n|switch|p2b: Garchomp|Garchomp, L50, F|100\/100\n|move|p1a: Garchomp|Stomping Tantrum|p2b: Garchomp\n|-damage|p2b: Garchomp|51\/100\n|-damage|p1a: Garchomp|88\/100|[from] ability: Rough Skin|[of] p2b: Garchomp\n|-damage|p1a: Garchomp|78\/100|[from] item: Life Orb\n|move|p1b: Incineroar|Knock Off|p2a: Talonflame\n|-damage|p2a: Talonflame|6\/100\n|-enditem|p2a: Talonflame|Covert Cloak|[from] move: Knock Off|[of] p1b: Incineroar\n|\n|-sideend|p2: BetterCallHall|move: Tailwind\n|upkeep\n|turn|7\n|inactive|elvegis1 has 30 seconds left.\n|\n|t:|1728965847\n|switch|p2a: Primarina|Primarina, L50, M|5\/100\n|move|p2b: Garchomp|Protect|p2b: Garchomp\n|-singleturn|p2b: Garchomp|Protect\n|move|p1a: Garchomp|Dragon Claw|p2b: Garchomp\n|-activate|p2b: Garchomp|move: Protect\n|move|p1b: Incineroar|Knock Off|p2a: Primarina\n|-resisted|p2a: Primarina\n|-damage|p2a: Primarina|0 fnt\n|faint|p2a: Primarina\n|\n|-sideend|p1: elvegis1|move: Tailwind\n|upkeep\n|\n|t:|1728965852\n|switch|p2a: Talonflame|Talonflame, L50, F|6\/100\n|turn|8\n|\n|t:|1728965863\n|-terastallize|p2b: Garchomp|Ground\n|-terastallize|p1a: Garchomp|Fire\n|move|p2a: Talonflame|Tailwind|p2a: Talonflame\n|-sidestart|p2: BetterCallHall|move: Tailwind\n|move|p2b: Garchomp|Breaking Swipe|p1b: Incineroar|[spread] p1a,p1b\n|-damage|p1a: Garchomp|55\/100\n|-damage|p1b: Incineroar|75\/100\n|-unboost|p1a: Garchomp|atk|1\n|-unboost|p1b: Incineroar|atk|1\n|-damage|p2b: Garchomp|39\/100|[from] ability: Rough Skin|[of] p1a: Garchomp\n|-damage|p2b: Garchomp|29\/100|[from] item: Life Orb\n|move|p1a: Garchomp|Dragon Claw|p2b: Garchomp\n|-damage|p2b: Garchomp|0 fnt\n|-damage|p1a: Garchomp|43\/100|[from] ability: Rough Skin|[of] p2b: Garchomp\n|faint|p2b: Garchomp\n|-damage|p1a: Garchomp|33\/100|[from] item: Life Orb\n|move|p1b: Incineroar|Knock Off|p2a: Talonflame\n|-damage|p2a: Talonflame|0 fnt\n|faint|p2a: Talonflame\n|\n|upkeep\n|\n|t:|1728965869\n|switch|p2b: Gholdengo|Gholdengo, L50|84\/100\n|turn|9\n|\n|t:|1728965886\n|move|p1a: Garchomp|Protect|p1a: Garchomp\n|-singleturn|p1a: Garchomp|Protect\n|move|p2b: Gholdengo|Power Gem|p1a: Garchomp\n|-activate|p1a: Garchomp|move: Protect\n|move|p1b: Incineroar|Flare Blitz|p2b: Gholdengo\n|-supereffective|p2b: Gholdengo\n|-damage|p2b: Gholdengo|5\/100\n|-damage|p1b: Incineroar|54\/100|[from] Recoil\n|\n|upkeep\n|turn|10\n|-message|BetterCallHall forfeited.\n|\n|win|elvegis1\n|raw|elvegis1's rating: 1668 &rarr; <strong>1693<\/strong><br \/>(+25 for winning)\n|raw|BetterCallHall's rating: 1762 &rarr; <strong>1737<\/strong><br \/>(-25 for losing)\n|l|\u2606BetterCallHall\n|player|p2|\n|l|\u2606elvegis1\n|player|p1|\n","uploadtime":1728966071,"views":13,"formatid":"gen9vgc2024regh","rating":1693,"private":0,"password":null}