{"id":"gen9vgc2024regh-2223899572","format":"[Gen 9] VGC 2024 Reg H","players":["actuary97","elvegis1"],"log":"|j|\u2606actuary97\n|j|\u2606elvegis1\n|t:|1729046756\n|gametype|doubles\n|player|p1|actuary97|sabrina-frlg|1828\n|player|p2|elvegis1|lucas|1694\n|teamsize|p1|6\n|teamsize|p2|6\n|gen|9\n|tier|[Gen 9] VGC 2024 Reg H\n|rated|\n|rule|Species Clause: Limit one of each Pok\u00e9mon\n|rule|Item Clause: Limit 1 of each item\n|clearpoke\n|poke|p1|Archaludon, L50, F|\n|poke|p1|Whimsicott, L50, F|\n|poke|p1|Gallade, L50, M|\n|poke|p1|Malamar, L50, F|\n|poke|p1|Indeedee, L50, M|\n|poke|p1|Drifblim, L50, M|\n|poke|p2|Garchomp, L50, F|\n|poke|p2|Incineroar, L50, F|\n|poke|p2|Sneasler, L50, M|\n|poke|p2|Ninetales-Alola, L50, M|\n|poke|p2|Corviknight, L50, M|\n|poke|p2|Gholdengo, L50|\n|teampreview|4\nactuary97 has agreed to open team sheets.\n|inactive|Battle timer is ON: inactive players will automatically lose when time's up. (requested by elvegis1)\n|inactive|elvegis1 has 60 seconds left.\n|inactive|actuary97 has 60 seconds left.\n|\n|t:|1729046835\n|start\n|switch|p1a: Mischief Mother|Whimsicott, L50, F, shiny|100\/100\n|switch|p1b: Bridget|Archaludon, L50, F, shiny|100\/100\n|switch|p2a: Ninetales|Ninetales-Alola, L50, M|100\/100\n|switch|p2b: Corviknight|Corviknight, L50, M|100\/100\n|-weather|Snow|[from] ability: Snow Warning|[of] p2a: Ninetales\n|turn|1\n|\n|t:|1729046856\n|-terastallize|p2a: Ninetales|Ghost\n|move|p1a: Mischief Mother|Tailwind|p1a: Mischief Mother\n|-sidestart|p1: actuary97|move: Tailwind\n|move|p1b: Bridget|Flash Cannon|p2a: Ninetales\n|-damage|p2a: Ninetales|57\/100\n|move|p2a: Ninetales|Blizzard|p1a: Mischief Mother|[spread] p1a,p1b\n|-supereffective|p1a: Mischief Mother\n|-damage|p1a: Mischief Mother|8\/100\n|-damage|p1b: Bridget|82\/100\n|-ability|p1b: Bridget|Stamina|boost\n|-boost|p1b: Bridget|def|1\n|move|p2b: Corviknight|Tailwind|p2b: Corviknight\n|-sidestart|p2: elvegis1|move: Tailwind\n|\n|-weather|Snow|[upkeep]\n|upkeep\n|turn|2\n|inactive|actuary97 has 30 seconds left.\n|\n|t:|1729046884\n|move|p1a: Mischief Mother|Beat Up|p1b: Bridget\n|-damage|p1b: Bridget|81\/100\n|-ability|p1b: Bridget|Stamina|boost\n|-boost|p1b: Bridget|def|1\n|-damage|p1b: Bridget|79\/100\n|-ability|p1b: Bridget|Stamina|boost\n|-boost|p1b: Bridget|def|1\n|-damage|p1b: Bridget|78\/100\n|-ability|p1b: Bridget|Stamina|boost\n|-boost|p1b: Bridget|def|1\n|-damage|p1b: Bridget|77\/100\n|-ability|p1b: Bridget|Stamina|boost\n|-boost|p1b: Bridget|def|1\n|-hitcount|p1b: Bridget|4\n|move|p2a: Ninetales|Encore|p1b: Bridget\n|-start|p1b: Bridget|Encore\n|move|p1b: Bridget|Flash Cannon|p2b: Corviknight\n|-resisted|p2b: Corviknight\n|-damage|p2b: Corviknight|83\/100\n|move|p2b: Corviknight|Brave Bird|p1a: Mischief Mother\n|-supereffective|p1a: Mischief Mother\n|-damage|p1a: Mischief Mother|0 fnt\n|faint|p1a: Mischief Mother\n|-damage|p2b: Corviknight|82\/100|[from] Recoil\n|\n|-weather|Snow|[upkeep]\n|upkeep\n|\n|t:|1729046895\n|switch|p1a: Malamother|Malamar, L50, F, shiny|100\/100\n|turn|3\n|\n|t:|1729046914\n|-terastallize|p1a: Malamother|Fire\n|move|p2a: Ninetales|Blizzard|p1b: Bridget|[spread] p1a,p1b\n|-resisted|p1a: Malamother\n|-damage|p1a: Malamother|88\/100\n|-damage|p1b: Bridget|59\/100\n|-ability|p1b: Bridget|Stamina|boost\n|-boost|p1b: Bridget|def|1\n|move|p1b: Bridget|Flash Cannon|p2a: Ninetales\n|-damage|p2a: Ninetales|20\/100\n|move|p2b: Corviknight|Brave Bird|p1a: Malamother\n|-damage|p1a: Malamother|43\/100\n|-enditem|p1a: Malamother|Sitrus Berry|[eat]\n|-heal|p1a: Malamother|68\/100|[from] item: Sitrus Berry\n|-damage|p2b: Corviknight|67\/100|[from] Recoil\n|move|p1a: Malamother|Trick Room|p1a: Malamother\n|-fieldstart|move: Trick Room|[of] p1a: Malamother\n|\n|-weather|Snow|[upkeep]\n|upkeep\n|turn|4\n|inactive|elvegis1 has 30 seconds left.\n|\n|t:|1729046943\n|move|p1a: Malamother|Superpower|p2b: Corviknight\n|-damage|p2b: Corviknight|42\/100\n|-boost|p1a: Malamother|atk|1\n|-boost|p1a: Malamother|def|1\n|-enditem|p2b: Corviknight|Sitrus Berry|[eat]\n|-heal|p2b: Corviknight|67\/100|[from] item: Sitrus Berry\n|move|p2b: Corviknight|Roost|p2b: Corviknight\n|-heal|p2b: Corviknight|100\/100\n|-singleturn|p2b: Corviknight|move: Roost\n|move|p1b: Bridget|Flash Cannon|p2a: Ninetales\n|-damage|p2a: Ninetales|0 fnt\n|faint|p2a: Ninetales\n|\n|-weather|Snow|[upkeep]\n|-end|p1b: Bridget|Encore\n|-sideend|p2: elvegis1|move: Tailwind\n|-sideend|p1: actuary97|move: Tailwind\n|upkeep\n|\n|t:|1729046956\n|switch|p2a: Gholdengo|Gholdengo, L50|100\/100\n|turn|5\n|\n|t:|1729046965\n|move|p1a: Malamother|Superpower|p2b: Corviknight\n|-damage|p2b: Corviknight|64\/100\n|-boost|p1a: Malamother|atk|1\n|-boost|p1a: Malamother|def|1\n|move|p2b: Corviknight|Brave Bird|p1a: Malamother\n|-damage|p1a: Malamother|48\/100\n|-damage|p2b: Corviknight|57\/100|[from] Recoil\n|move|p1b: Bridget|Snarl|p2a: Gholdengo|[spread] p2a,p2b\n|-supereffective|p2a: Gholdengo\n|-damage|p2a: Gholdengo|70\/100\n|-damage|p2b: Corviknight|44\/100\n|-unboost|p2a: Gholdengo|spa|1\n|-ability|p2b: Corviknight|Mirror Armor\n|-unboost|p1b: Bridget|spa|1\n|move|p2a: Gholdengo|Shadow Ball|p1a: Malamother\n|-damage|p1a: Malamother|20\/100\n|\n|-weather|none\n|upkeep\n|turn|6\n|\n|t:|1729046986\n|move|p1a: Malamother|Knock Off|p2a: Gholdengo\n|-supereffective|p2a: Gholdengo\n|-damage|p2a: Gholdengo|0 fnt\n|-enditem|p2a: Gholdengo|Metal Coat|[from] move: Knock Off|[of] p1a: Malamother\n|faint|p2a: Gholdengo\n|move|p2b: Corviknight|Roost|p2b: Corviknight\n|-heal|p2b: Corviknight|94\/100\n|-singleturn|p2b: Corviknight|move: Roost\n|move|p1b: Bridget|Body Press|p2b: Corviknight\n|-supereffective|p2b: Corviknight\n|-damage|p2b: Corviknight|0 fnt\n|faint|p2b: Corviknight\n|\n|upkeep\n|\n|t:|1729046994\n|switch|p2a: Sneasler|Sneasler, L50, M|100\/100\n|turn|7\n|\n|t:|1729047001\n|move|p2a: Sneasler|Protect|p2a: Sneasler\n|-singleturn|p2a: Sneasler|Protect\n|move|p1a: Malamother|Superpower|p2a: Sneasler\n|-activate|p2a: Sneasler|move: Protect\n|move|p1b: Bridget|Body Press|p2a: Sneasler\n|-activate|p2a: Sneasler|move: Protect\n|\n|-fieldend|move: Trick Room\n|upkeep\n|turn|8\n|\n|t:|1729047004\n|move|p2a: Sneasler|Close Combat|p1a: Malamother\n|-damage|p1a: Malamother|0 fnt\n|-unboost|p2a: Sneasler|def|1\n|-unboost|p2a: Sneasler|spd|1\n|faint|p1a: Malamother\n|move|p1b: Bridget|Body Press|p2a: Sneasler\n|-resisted|p2a: Sneasler\n|-enditem|p2a: Sneasler|Focus Sash\n|-damage|p2a: Sneasler|1\/100\n|\n|upkeep\n|\n|t:|1729047006\n|switch|p1a: Tapu Deedee|Indeedee, L50, M, shiny|100\/100\n|-fieldstart|move: Psychic Terrain|[from] ability: Psychic Surge|[of] p1a: Tapu Deedee\n|turn|9\n|\n|t:|1729047010\n|move|p2a: Sneasler|Close Combat|p1b: Bridget\n|-supereffective|p1b: Bridget\n|-damage|p1b: Bridget|34\/100\n|-unboost|p2a: Sneasler|def|1\n|-unboost|p2a: Sneasler|spd|1\n|move|p1a: Tapu Deedee|Expanding Force|p2a: Sneasler\n|-supereffective|p2a: Sneasler\n|-damage|p2a: Sneasler|0 fnt\n|faint|p2a: Sneasler\n|\n|win|actuary97\n|raw|actuary97's rating: 1828 &rarr; <strong>1841<\/strong><br \/>(+13 for winning)\n|raw|elvegis1's rating: 1694 &rarr; <strong>1681<\/strong><br \/>(-13 for losing)\n|c|\u2606actuary97|gg\n|l|\u2606elvegis1\n|player|p2|\n|l|\u2606actuary97\n|player|p1|\n","uploadtime":1729047276,"views":30,"formatid":"gen9vgc2024regh","rating":1681,"private":0,"password":null}