{"id":"gen9vgc2024regh-2223466052","format":"[Gen 9] VGC 2024 Reg H","players":["bluestraggler01","SERENA2024"],"log":"|j|\u2606bluestraggler01\n|j|\u2606SERENA2024\n|t:|1729004350\n|gametype|doubles\n|player|p1|bluestraggler01|169|1685\n|player|p2|SERENA2024|170|1722\n|teamsize|p1|6\n|teamsize|p2|6\n|gen|9\n|tier|[Gen 9] VGC 2024 Reg H\n|rated|\n|rule|Species Clause: Limit one of each Pok\u00e9mon\n|rule|Item Clause: Limit 1 of each item\n|clearpoke\n|poke|p1|Krookodile, L50, M|\n|poke|p1|Talonflame, L50, M|\n|poke|p1|Glimmora, L50, F|\n|poke|p1|Archaludon, L50, F|\n|poke|p1|Pelipper, L50, F|\n|poke|p1|Annihilape, L50, F|\n|poke|p2|Whimsicott, L50, M|\n|poke|p2|Ursaluna-Bloodmoon, L50, M|\n|poke|p2|Archaludon, L50, M|\n|poke|p2|Flamigo, L50, M|\n|poke|p2|Typhlosion-Hisui, L50, M|\n|poke|p2|Rillaboom, L50, F|\n|teampreview|4\n|\n|t:|1729004387\n|start\n|switch|p1a: \u7ffc\u9e70\u4e01\u771f|Talonflame, L50, M|100\/100\n|switch|p1b: \u75ab\u76c8\u4e01\u771f|Glimmora, L50, F|100\/100\n|switch|p2a: Typhlosion|Typhlosion-Hisui, L50, M|100\/100\n|switch|p2b: Whimsicott|Whimsicott, L50, M|100\/100\n|-item|p1a: \u7ffc\u9e70\u4e01\u771f|Sharp Beak|[from] ability: Frisk|[of] p2a: Typhlosion\n|-item|p1b: \u75ab\u76c8\u4e01\u771f|Power Herb|[from] ability: Frisk|[of] p2a: Typhlosion\n|turn|1\n|j| xiaoliyun.official\n|\n|t:|1729004413\n|-terastallize|p2b: Whimsicott|Water\n|move|p1a: \u7ffc\u9e70\u4e01\u771f|Tailwind|p1a: \u7ffc\u9e70\u4e01\u771f\n|-sidestart|p1: bluestraggler01|move: Tailwind\n|move|p2b: Whimsicott|Fake Tears|p1b: \u75ab\u76c8\u4e01\u771f\n|-unboost|p1b: \u75ab\u76c8\u4e01\u771f|spd|2\n|move|p1b: \u75ab\u76c8\u4e01\u771f|Meteor Beam||[still]\n|-prepare|p1b: \u75ab\u76c8\u4e01\u771f|Meteor Beam\n|-boost|p1b: \u75ab\u76c8\u4e01\u771f|spa|1\n|-enditem|p1b: \u75ab\u76c8\u4e01\u771f|Power Herb\n|-anim|p1b: \u75ab\u76c8\u4e01\u771f|Meteor Beam|p2a: Typhlosion|[miss]\n|-miss|p1b: \u75ab\u76c8\u4e01\u771f|p2a: Typhlosion\n|move|p2a: Typhlosion|Shadow Ball|p1b: \u75ab\u76c8\u4e01\u771f\n|-damage|p1b: \u75ab\u76c8\u4e01\u771f|0 fnt\n|faint|p1b: \u75ab\u76c8\u4e01\u771f\n|\n|upkeep\n|\n|t:|1729004431\n|switch|p1b: \u5f71\u733f\u4e01\u771f|Annihilape, L50, F|100\/100\n|turn|2\n|\n|t:|1729004441\n|-terastallize|p1a: \u7ffc\u9e70\u4e01\u771f|Stellar\n|move|p1a: \u7ffc\u9e70\u4e01\u771f|Brave Bird|p2a: Typhlosion\n|-damage|p2a: Typhlosion|0 fnt\n|faint|p2a: Typhlosion\n|-damage|p1a: \u7ffc\u9e70\u4e01\u771f|69\/100|[from] Recoil\n|move|p2b: Whimsicott|Tailwind|p2b: Whimsicott\n|-sidestart|p2: SERENA2024|move: Tailwind\n|move|p1b: \u5f71\u733f\u4e01\u771f|Close Combat|p2b: Whimsicott\n|-damage|p2b: Whimsicott|49\/100\n|-unboost|p1b: \u5f71\u733f\u4e01\u771f|def|1\n|-unboost|p1b: \u5f71\u733f\u4e01\u771f|spd|1\n|\n|upkeep\n|j| Ittymitty\n|\n|t:|1729004458\n|switch|p2a: Flamigo|Flamigo, L50, M|100\/100\n|turn|3\n|\n|t:|1729004469\n|switch|p1b: \u96e8\u4e91\u4e01\u771f|Pelipper, L50, F|100\/100\n|-weather|RainDance|[from] ability: Drizzle|[of] p1b: \u96e8\u4e91\u4e01\u771f\n|move|p1a: \u7ffc\u9e70\u4e01\u771f|Brave Bird|p2b: Whimsicott\n|-damage|p2b: Whimsicott|0 fnt\n|faint|p2b: Whimsicott\n|-damage|p1a: \u7ffc\u9e70\u4e01\u771f|53\/100|[from] Recoil\n|move|p2a: Flamigo|Dual Wingbeat|p1a: \u7ffc\u9e70\u4e01\u771f\n|-damage|p1a: \u7ffc\u9e70\u4e01\u771f|18\/100\n|-damage|p1a: \u7ffc\u9e70\u4e01\u771f|0 fnt\n|faint|p1a: \u7ffc\u9e70\u4e01\u771f\n|-hitcount|p1: \u7ffc\u9e70\u4e01\u771f|2\n|\n|-weather|RainDance|[upkeep]\n|upkeep\n|\n|t:|1729004481\n|switch|p1a: \u5f71\u733f\u4e01\u771f|Annihilape, L50, F|100\/100\n|switch|p2b: Ursaluna|Ursaluna-Bloodmoon, L50, M|100\/100\n|turn|4\n|\n|t:|1729004494\n|move|p2a: Flamigo|Detect|p2a: Flamigo\n|-singleturn|p2a: Flamigo|Protect\n|move|p2b: Ursaluna|Protect|p2b: Ursaluna\n|-singleturn|p2b: Ursaluna|Protect\n|move|p1a: \u5f71\u733f\u4e01\u771f|Rage Fist|p2a: Flamigo\n|-activate|p2a: Flamigo|move: Protect\n|move|p1b: \u96e8\u4e91\u4e01\u771f|Hurricane|p2a: Flamigo\n|-activate|p2a: Flamigo|move: Protect\n|\n|-weather|RainDance|[upkeep]\n|-sideend|p1: bluestraggler01|move: Tailwind\n|upkeep\n|turn|5\n|\n|t:|1729004521\n|move|p1b: \u96e8\u4e91\u4e01\u771f|Wide Guard|p1b: \u96e8\u4e91\u4e01\u771f\n|-singleturn|p1b: \u96e8\u4e91\u4e01\u771f|Wide Guard\n|move|p2a: Flamigo|Dual Wingbeat|p1b: \u96e8\u4e91\u4e01\u771f\n|-damage|p1b: \u96e8\u4e91\u4e01\u771f|72\/100\n|-damage|p1b: \u96e8\u4e91\u4e01\u771f|42\/100\n|-hitcount|p1b: \u96e8\u4e91\u4e01\u771f|2\n|move|p2b: Ursaluna|Hyper Voice|p1b: \u96e8\u4e91\u4e01\u771f|[spread] \n|-activate|p1a: \u5f71\u733f\u4e01\u771f|move: Wide Guard\n|-activate|p1b: \u96e8\u4e91\u4e01\u771f|move: Wide Guard\n|move|p1a: \u5f71\u733f\u4e01\u771f|Rage Fist|p2a: Flamigo\n|-damage|p2a: Flamigo|69\/100\n|\n|-weather|RainDance|[upkeep]\n|-sideend|p2: SERENA2024|move: Tailwind\n|upkeep\n|turn|6\n|inactive|Battle timer is ON: inactive players will automatically lose when time's up. (requested by SERENA2024)\n|l| Ittymitty\n|\n|t:|1729004539\n|move|p1b: \u96e8\u4e91\u4e01\u771f|Protect||[still]\n|-fail|p1b: \u96e8\u4e91\u4e01\u771f\n|move|p1a: \u5f71\u733f\u4e01\u771f|Final Gambit|p2a: Flamigo\n|-damage|p2a: Flamigo|0 fnt\n|faint|p1a: \u5f71\u733f\u4e01\u771f\n|faint|p2a: Flamigo\n|move|p2b: Ursaluna|Blood Moon|p1b: \u96e8\u4e91\u4e01\u771f\n|-damage|p1b: \u96e8\u4e91\u4e01\u771f|0 fnt\n|faint|p1b: \u96e8\u4e91\u4e01\u771f\n|-damage|p2b: Ursaluna|91\/100|[from] item: Life Orb\n|\n|win|SERENA2024\n|raw|bluestraggler01's rating: 1685 &rarr; <strong>1667<\/strong><br \/>(-18 for losing)\n|raw|SERENA2024's rating: 1722 &rarr; <strong>1740<\/strong><br \/>(+18 for winning)\n|l|\u2606bluestraggler01\n|player|p1|\n|l| xiaoliyun.official\n","uploadtime":1729004722,"views":8,"formatid":"gen9vgc2024regh","rating":1667,"private":0,"password":null}