{"id":"gen9vgc2024regh-2223920346","format":"[Gen 9] VGC 2024 Reg H","players":["bluestraggler01","wilderzzz"],"log":"|j|\u2606bluestraggler01\n|j|\u2606wilderzzz\n|t:|1729049371\n|gametype|doubles\n|player|p1|bluestraggler01|102|1752\n|player|p2|wilderzzz|101|1712\n|teamsize|p1|6\n|teamsize|p2|6\n|gen|9\n|tier|[Gen 9] VGC 2024 Reg H\n|rated|\n|rule|Species Clause: Limit one of each Pok\u00e9mon\n|rule|Item Clause: Limit 1 of each item\n|clearpoke\n|poke|p1|Krookodile, L50, M|\n|poke|p1|Talonflame, L50, M|\n|poke|p1|Glimmora, L50, M|\n|poke|p1|Archaludon, L50, F|\n|poke|p1|Pelipper, L50, F|\n|poke|p1|Annihilape, L50, F|\n|poke|p2|Archaludon, L50, M|\n|poke|p2|Pelipper, L50, F|\n|poke|p2|Blastoise, L50, M|\n|poke|p2|Whimsicott, L50, M|\n|poke|p2|Annihilape, L50, M|\n|poke|p2|Scizor, L50, M|\n|teampreview|4\n|inactive|Battle timer is ON: inactive players will automatically lose when time's up. (requested by bluestraggler01)\nbluestraggler01 rejected open team sheets.\n|inactive|wilderzzz has 60 seconds left.\n|j| Xunyicaoawa\n|\n|t:|1729049441\n|start\n|switch|p1a: \u96e8\u4e91\u4e01\u771f|Pelipper, L50, F|100\/100\n|switch|p1b: \u786c\u6cbf\u4e01\u771f|Archaludon, L50, F|100\/100\n|switch|p2a: Archaludon|Archaludon, L50, M|100\/100\n|switch|p2b: Pelipper|Pelipper, L50, F|100\/100\n|-weather|RainDance|[from] ability: Drizzle|[of] p1a: \u96e8\u4e91\u4e01\u771f\n|turn|1\n|\n|t:|1729049463\n|move|p1a: \u96e8\u4e91\u4e01\u771f|Protect|p1a: \u96e8\u4e91\u4e01\u771f\n|-singleturn|p1a: \u96e8\u4e91\u4e01\u771f|Protect\n|move|p2b: Pelipper|Protect|p2b: Pelipper\n|-singleturn|p2b: Pelipper|Protect\n|move|p2a: Archaludon|Electro Shot||[still]\n|-prepare|p2a: Archaludon|Electro Shot\n|-boost|p2a: Archaludon|spa|1\n|-anim|p2a: Archaludon|Electro Shot|p1a: \u96e8\u4e91\u4e01\u771f\n|-activate|p1a: \u96e8\u4e91\u4e01\u771f|move: Protect\n|move|p1b: \u786c\u6cbf\u4e01\u771f|Electro Shot||[still]\n|-prepare|p1b: \u786c\u6cbf\u4e01\u771f|Electro Shot\n|-boost|p1b: \u786c\u6cbf\u4e01\u771f|spa|1\n|-anim|p1b: \u786c\u6cbf\u4e01\u771f|Electro Shot|p2a: Archaludon\n|-resisted|p2a: Archaludon\n|-damage|p2a: Archaludon|75\/100\n|-ability|p2a: Archaludon|Stamina|boost\n|-boost|p2a: Archaludon|def|1\n|\n|-weather|RainDance|[upkeep]\n|upkeep\n|turn|2\n|\n|t:|1729049486\n|move|p2a: Archaludon|Draco Meteor|p1b: \u786c\u6cbf\u4e01\u771f\n|-damage|p1b: \u786c\u6cbf\u4e01\u771f|30\/100\n|-unboost|p2a: Archaludon|spa|2\n|-ability|p1b: \u786c\u6cbf\u4e01\u771f|Stamina|boost\n|-boost|p1b: \u786c\u6cbf\u4e01\u771f|def|1\n|move|p2b: Pelipper|Weather Ball|p1b: \u786c\u6cbf\u4e01\u771f\n|-resisted|p1b: \u786c\u6cbf\u4e01\u771f\n|-damage|p1b: \u786c\u6cbf\u4e01\u771f|7\/100\n|-ability|p1b: \u786c\u6cbf\u4e01\u771f|Stamina|boost\n|-boost|p1b: \u786c\u6cbf\u4e01\u771f|def|1\n|move|p1a: \u96e8\u4e91\u4e01\u771f|Hurricane|p2b: Pelipper\n|-crit|p2b: Pelipper\n|-enditem|p2b: Pelipper|Focus Sash\n|-damage|p2b: Pelipper|1\/100\n|-start|p2b: Pelipper|confusion\n|-damage|p1a: \u96e8\u4e91\u4e01\u771f|91\/100|[from] item: Life Orb\n|move|p1b: \u786c\u6cbf\u4e01\u771f|Draco Meteor|p2a: Archaludon\n|-damage|p2a: Archaludon|0 fnt\n|-unboost|p1b: \u786c\u6cbf\u4e01\u771f|spa|2\n|faint|p2a: Archaludon\n|\n|-weather|RainDance|[upkeep]\n|upkeep\n|\n|t:|1729049509\n|switch|p2a: Whimsicott|Whimsicott, L50, M|100\/100\n|turn|3\n|\n|t:|1729049532\n|-terastallize|p2a: Whimsicott|Steel\n|move|p2a: Whimsicott|Moonblast|p1b: \u786c\u6cbf\u4e01\u771f\n|-damage|p1b: \u786c\u6cbf\u4e01\u771f|0 fnt\n|faint|p1b: \u786c\u6cbf\u4e01\u771f\n|-activate|p2b: Pelipper|confusion\n|move|p2b: Pelipper|Hurricane|p1a: \u96e8\u4e91\u4e01\u771f\n|-damage|p1a: \u96e8\u4e91\u4e01\u771f|0 fnt\n|faint|p1a: \u96e8\u4e91\u4e01\u771f\n|\n|-weather|RainDance|[upkeep]\n|upkeep\n|\n|t:|1729049545\n|switch|p1a: \u75ab\u76c8\u4e01\u771f|Glimmora, L50, M|100\/100\n|switch|p1b: \u7ffc\u9e70\u4e01\u771f|Talonflame, L50, M|100\/100\n|turn|4\n|inactive|wilderzzz has 30 seconds left.\n|inactive|wilderzzz has 20 seconds left.\n|inactive|wilderzzz has 15 seconds left.\n|inactive|wilderzzz has 10 seconds left.\n|inactive|wilderzzz has 5 seconds left.\n|\n|t:|1729049600\n|move|p1b: \u7ffc\u9e70\u4e01\u771f|Tailwind|p1b: \u7ffc\u9e70\u4e01\u771f\n|-sidestart|p1: bluestraggler01|move: Tailwind\n|move|p2a: Whimsicott|Tailwind|p2a: Whimsicott\n|-sidestart|p2: wilderzzz|move: Tailwind\n|move|p1a: \u75ab\u76c8\u4e01\u771f|Sludge Bomb|p2b: Pelipper\n|-damage|p2b: Pelipper|0 fnt\n|faint|p2b: Pelipper\n|\n|-weather|RainDance|[upkeep]\n|upkeep\n|\n|t:|1729049602\n|switch|p2b: Annihilape|Annihilape, L50, M|100\/100\n|turn|5\n|inactive|wilderzzz has 30 seconds left.\n|\n|t:|1729049628\n|-terastallize|p1b: \u7ffc\u9e70\u4e01\u771f|Stellar\n|move|p1b: \u7ffc\u9e70\u4e01\u771f|Brave Bird|p2b: Annihilape\n|-supereffective|p2b: Annihilape\n|-damage|p2b: Annihilape|0 fnt\n|faint|p2b: Annihilape\n|-damage|p1b: \u7ffc\u9e70\u4e01\u771f|56\/100|[from] Recoil\n|move|p2a: Whimsicott|Beat Up|p2: Annihilape|[notarget]\n|-fail|p2a: Whimsicott\n|move|p1a: \u75ab\u76c8\u4e01\u771f|Earth Power|p2a: Whimsicott\n|-supereffective|p2a: Whimsicott\n|-damage|p2a: Whimsicott|18\/100\n|\n|-weather|none\n|upkeep\n|turn|6\n|-message|wilderzzz forfeited.\n|\n|win|bluestraggler01\n|raw|bluestraggler01's rating: 1752 &rarr; <strong>1770<\/strong><br \/>(+18 for winning)\n|raw|wilderzzz's rating: 1712 &rarr; <strong>1694<\/strong><br \/>(-18 for losing)\n|l|\u2606wilderzzz\n|player|p2|\n|l| Xunyicaoawa\n|l|\u2606bluestraggler01\n|player|p1|\n","uploadtime":1729049785,"views":24,"formatid":"gen9vgc2024regh","rating":1694,"private":0,"password":null}