{"id":"gen9vgc2024regh-2223917360","format":"[Gen 9] VGC 2024 Reg H","players":["ray4gej","for amber"],"log":"|j|\u2606ray4gej\n|j|\u2606for amber\n|t:|1729048973\n|gametype|doubles\n|player|p1|ray4gej|170|1681\n|player|p2|for amber|skyla|1853\n|teamsize|p1|6\n|teamsize|p2|6\n|gen|9\n|tier|[Gen 9] VGC 2024 Reg H\n|rated|\n|rule|Species Clause: Limit one of each Pok\u00e9mon\n|rule|Item Clause: Limit 1 of each item\n|clearpoke\n|poke|p1|Kleavor, L50, F|\n|poke|p1|Kingambit, L50, F|\n|poke|p1|Rillaboom, L50, M|\n|poke|p1|Salazzle, L50, F|\n|poke|p1|Garchomp, L50, M|\n|poke|p1|Sableye, L50, M|\n|poke|p2|Arcanine-Hisui, L50, F|\n|poke|p2|Pelipper, L50, M|\n|poke|p2|Umbreon, L50, M|\n|poke|p2|Ursaluna-Bloodmoon, L50, M|\n|poke|p2|Dragonite, L50, F|\n|poke|p2|Archaludon, L50, F|\n|teampreview|4\n|inactive|Battle timer is ON: inactive players will automatically lose when time's up. (requested by for amber)\n|inactive|ray4gej has 60 seconds left.\n|inactive|for amber has 60 seconds left.\n|\n|t:|1729049021\n|start\n|switch|p1a: Salazzle|Salazzle, L50, F|100\/100\n|switch|p1b: Kingambit|Kingambit, L50, F, shiny|100\/100\n|switch|p2a: Arcanine|Arcanine-Hisui, L50, F, shiny|100\/100\n|switch|p2b: Ursaluna|Ursaluna-Bloodmoon, L50, M|100\/100\n|turn|1\n|inactive|ray4gej has 30 seconds left.\n|\n|t:|1729049051\n|-terastallize|p1b: Kingambit|Fairy\n|move|p2a: Arcanine|Protect|p2a: Arcanine\n|-singleturn|p2a: Arcanine|Protect\n|move|p1b: Kingambit|Sucker Punch|p2b: Ursaluna\n|-damage|p2b: Ursaluna|63\/100\n|move|p1a: Salazzle|Overheat|p2b: Ursaluna\n|-crit|p2b: Ursaluna\n|-damage|p2b: Ursaluna|3\/100\n|-unboost|p1a: Salazzle|spa|2\n|move|p2b: Ursaluna|Earth Power|p1a: Salazzle\n|-supereffective|p1a: Salazzle\n|-enditem|p1a: Salazzle|Focus Sash\n|-damage|p1a: Salazzle|1\/100\n|\n|upkeep\n|turn|2\n|\n|t:|1729049071\n|move|p1b: Kingambit|Protect|p1b: Kingambit\n|-singleturn|p1b: Kingambit|Protect\n|move|p2b: Ursaluna|Vacuum Wave|p1a: Salazzle\n|-resisted|p1a: Salazzle\n|-damage|p1a: Salazzle|0 fnt\n|faint|p1a: Salazzle\n|move|p2a: Arcanine|Head Smash|p1b: Kingambit\n|-activate|p1b: Kingambit|move: Protect\n|\n|upkeep\n|\n|t:|1729049078\n|switch|p1a: Garchomp|Garchomp, L50, M|100\/100\n|turn|3\n|\n|t:|1729049088\n|move|p2a: Arcanine|Protect|p2a: Arcanine\n|-singleturn|p2a: Arcanine|Protect\n|move|p2b: Ursaluna|Vacuum Wave|p1a: Garchomp\n|-damage|p1a: Garchomp|85\/100\n|move|p1b: Kingambit|Sucker Punch||[still]\n|-fail|p1b: Kingambit\n|move|p1a: Garchomp|Swords Dance|p1a: Garchomp\n|-boost|p1a: Garchomp|atk|2\n|\n|upkeep\n|turn|4\n|\n|t:|1729049101\n|switch|p2a: Pelipper|Pelipper, L50, M|100\/100\n|-weather|RainDance|[from] ability: Drizzle|[of] p2a: Pelipper\n|move|p2b: Ursaluna|Vacuum Wave|p1a: Garchomp\n|-damage|p1a: Garchomp|69\/100\n|move|p1b: Kingambit|Sucker Punch||[still]\n|-fail|p1b: Kingambit\n|move|p1a: Garchomp|Stomping Tantrum|p2a: Pelipper\n|-immune|p2a: Pelipper\n|\n|-weather|RainDance|[upkeep]\n|upkeep\n|turn|5\n|\n|t:|1729049115\n|move|p2a: Pelipper|Weather Ball|p1a: Garchomp\n|-damage|p1a: Garchomp|2\/100\n|move|p1a: Garchomp|Dragon Claw|p2a: Pelipper\n|-crit|p2a: Pelipper\n|-damage|p2a: Pelipper|0 fnt\n|faint|p2a: Pelipper\n|move|p2b: Ursaluna|Blood Moon|p1b: Kingambit\n|-damage|p1b: Kingambit|32\/100\n|move|p1b: Kingambit|Kowtow Cleave|p2b: Ursaluna\n|-damage|p2b: Ursaluna|0 fnt\n|faint|p2b: Ursaluna\n|\n|-weather|RainDance|[upkeep]\n|upkeep\n|\n|t:|1729049121\n|switch|p2a: Arcanine|Arcanine-Hisui, L50, F, shiny|100\/100\n|switch|p2b: Archaludon|Archaludon, L50, F|100\/100\n|turn|6\n|\n|t:|1729049135\n|switch|p1b: Rillaboom|Rillaboom, L50, M|100\/100\n|-fieldstart|move: Grassy Terrain|[from] ability: Grassy Surge|[of] p1b: Rillaboom\n|move|p1a: Garchomp|Protect|p1a: Garchomp\n|-singleturn|p1a: Garchomp|Protect\n|move|p2a: Arcanine|Extreme Speed|p1a: Garchomp\n|-activate|p1a: Garchomp|move: Protect\n|move|p2b: Archaludon|Electro Shot||[still]\n|-prepare|p2b: Archaludon|Electro Shot\n|-boost|p2b: Archaludon|spa|1\n|-anim|p2b: Archaludon|Electro Shot|p1b: Rillaboom\n|-resisted|p1b: Rillaboom\n|-damage|p1b: Rillaboom|74\/100\n|\n|-weather|RainDance|[upkeep]\n|-heal|p1a: Garchomp|8\/100|[from] Grassy Terrain\n|-heal|p1b: Rillaboom|80\/100|[from] Grassy Terrain\n|upkeep\n|turn|7\n|\n|t:|1729049150\n|-terastallize|p2a: Arcanine|Ghost\n|move|p1b: Rillaboom|Fake Out|p2a: Arcanine\n|-immune|p2a: Arcanine\n|move|p2a: Arcanine|Extreme Speed|p1a: Garchomp\n|-damage|p1a: Garchomp|0 fnt\n|-damage|p2a: Arcanine|88\/100|[from] ability: Rough Skin|[of] p1a: Garchomp\n|faint|p1a: Garchomp\n|move|p2b: Archaludon|Draco Meteor|p1b: Rillaboom|[miss]\n|-miss|p2b: Archaludon|p1b: Rillaboom\n|\n|-weather|RainDance|[upkeep]\n|-heal|p2a: Arcanine|94\/100|[from] Grassy Terrain\n|-heal|p1b: Rillaboom|86\/100|[from] Grassy Terrain\n|upkeep\n|\n|t:|1729049157\n|switch|p1a: Kingambit|Kingambit, L50, F, shiny, tera:Fairy|32\/100\n|turn|8\n|-message|ray4gej forfeited.\n|\n|win|for amber\n|raw|ray4gej's rating: 1681 &rarr; <strong>1670<\/strong><br \/>(-11 for losing)\n|raw|for amber's rating: 1853 &rarr; <strong>1864<\/strong><br \/>(+11 for winning)\n|l|\u2606ray4gej\n|player|p1|\n|l|\u2606for amber\n|player|p2|\n","uploadtime":1729049367,"views":50,"formatid":"gen9vgc2024regh","rating":1670,"private":0,"password":null}