{"id":"gen9vgc2024regh-2223022858","format":"[Gen 9] VGC 2024 Reg H","players":["0rion1798","Hikawari"],"log":"|j|\u26060rion1798\n|j|\u2606Hikawari\n|t:|1728946271\n|gametype|doubles\n|player|p1|0rion1798|1|1705\n|player|p2|Hikawari|170|1762\n|teamsize|p1|6\n|teamsize|p2|6\n|gen|9\n|tier|[Gen 9] VGC 2024 Reg H\n|rated|\n|rule|Species Clause: Limit one of each Pok\u00e9mon\n|rule|Item Clause: Limit 1 of each item\n|clearpoke\n|poke|p1|Pelipper, L50, M|\n|poke|p1|Basculegion, L50, M|\n|poke|p1|Archaludon, L50, M|\n|poke|p1|Amoonguss, L50, F|\n|poke|p1|Kingambit, L50, M|\n|poke|p1|Maushold, L50|\n|poke|p2|Sneasler, L50, F|\n|poke|p2|Murkrow, L50, F|\n|poke|p2|Gholdengo, L50|\n|poke|p2|Indeedee, L50, M|\n|poke|p2|Annihilape, L50, F|\n|poke|p2|Sinistcha, L50|\n|teampreview|4\nHikawari has agreed to open team sheets.\n|inactive|Battle timer is ON: inactive players will automatically lose when time's up. (requested by Hikawari)\n|inactive|0rion1798 has 60 seconds left.\n|\n|t:|1728946321\n|start\n|switch|p1a: Amoonguss|Amoonguss, L50, F|100\/100\n|switch|p1b: Kingambit|Kingambit, L50, M|100\/100\n|switch|p2a: Mobs|Murkrow, L50, F|100\/100\n|switch|p2b: Croissant|Indeedee, L50, M|100\/100\n|-fieldstart|move: Psychic Terrain|[from] ability: Psychic Surge|[of] p2b: Croissant\n|turn|1\n|inactive|Hikawari has 30 seconds left.\n|\n|t:|1728946346\n|-terastallize|p1a: Amoonguss|Fairy\n|move|p2b: Croissant|Expanding Force|p1b: Kingambit|[spread] p1a\n|-immune|p1b: Kingambit\n|-damage|p1a: Amoonguss|42\/100\n|-enditem|p1a: Amoonguss|Sitrus Berry|[eat]\n|-heal|p1a: Amoonguss|66\/100|[from] item: Sitrus Berry\n|move|p2a: Mobs|Foul Play|p1a: Amoonguss\n|-resisted|p1a: Amoonguss\n|-damage|p1a: Amoonguss|58\/100\n|move|p1b: Kingambit|Kowtow Cleave|p2b: Croissant\n|-supereffective|p2b: Croissant\n|-enditem|p2b: Croissant|Focus Sash\n|-damage|p2b: Croissant|1\/100\n|move|p1a: Amoonguss|Spore|p2a: Mobs\n|-status|p2a: Mobs|slp|[from] move: Spore\n|\n|upkeep\n|turn|2\n|inactive|0rion1798 has 30 seconds left.\n|\n|t:|1728946378\n|switch|p1a: Pelipper|Pelipper, L50, M|100\/100\n|-weather|RainDance|[from] ability: Drizzle|[of] p1a: Pelipper\n|cant|p2a: Mobs|slp\n|move|p2b: Croissant|Expanding Force|p1a: Pelipper|[spread] p1a\n|-immune|p1b: Kingambit\n|-enditem|p1a: Pelipper|Focus Sash\n|-damage|p1a: Pelipper|1\/100\n|move|p1b: Kingambit|Kowtow Cleave|p2b: Croissant\n|-supereffective|p2b: Croissant\n|-damage|p2b: Croissant|0 fnt\n|faint|p2b: Croissant\n|\n|-weather|RainDance|[upkeep]\n|upkeep\n|\n|t:|1728946389\n|switch|p2b: Lore|Sneasler, L50, F, shiny|100\/100\n|turn|3\n|\n|t:|1728946401\n|switch|p1b: Basculegion|Basculegion, L50, M|100\/100\n|-terastallize|p2b: Lore|Dark\n|move|p2b: Lore|Close Combat|p1b: Basculegion\n|-immune|p1b: Basculegion\n|move|p1a: Pelipper|Hurricane|p2b: Lore\n|-damage|p2b: Lore|32\/100\n|cant|p2a: Mobs|slp\n|\n|-weather|RainDance|[upkeep]\n|upkeep\n|turn|4\n|inactive|0rion1798 has 30 seconds left.\n|inactive|0rion1798 has 20 seconds left.\n|inactive|0rion1798 has 15 seconds left.\n|\n|t:|1728946441\n|-curestatus|p2a: Mobs|slp|[msg]\n|move|p2a: Mobs|Tailwind|p2a: Mobs\n|-sidestart|p2: Hikawari|move: Tailwind\n|move|p2b: Lore|Throat Chop|p1b: Basculegion\n|-supereffective|p1b: Basculegion\n|-damage|p1b: Basculegion|0 fnt\n|faint|p1b: Basculegion\n|-damage|p2b: Lore|22\/100|[from] item: Life Orb\n|move|p1a: Pelipper|Weather Ball|p2b: Lore\n|-damage|p2b: Lore|0 fnt\n|faint|p2b: Lore\n|\n|-weather|RainDance|[upkeep]\n|upkeep\n|\n|t:|1728946451\n|switch|p2b: Juros Composto|Gholdengo, L50|100\/100\n|switch|p1b: Kingambit|Kingambit, L50, M|100\/100\n|turn|5\n|j| hachiware\n|\n|t:|1728946461\n|move|p1a: Pelipper|Protect|p1a: Pelipper\n|-singleturn|p1a: Pelipper|Protect\n|move|p2b: Juros Composto|Make It Rain|p1b: Kingambit|[spread] p1b\n|-activate|p1a: Pelipper|move: Protect\n|-resisted|p1b: Kingambit\n|-damage|p1b: Kingambit|61\/100\n|-unboost|p2b: Juros Composto|spa|1\n|move|p2a: Mobs|Foul Play|p1b: Kingambit\n|-resisted|p1b: Kingambit\n|-damage|p1b: Kingambit|41\/100\n|move|p1b: Kingambit|Kowtow Cleave|p2b: Juros Composto\n|-supereffective|p2b: Juros Composto\n|-damage|p2b: Juros Composto|0 fnt\n|faint|p2b: Juros Composto\n|\n|-weather|RainDance|[upkeep]\n|-fieldend|move: Psychic Terrain\n|upkeep\n|turn|6\n|-message|Hikawari forfeited.\n|\n|win|0rion1798\n|raw|0rion1798's rating: 1705 &rarr; <strong>1728<\/strong><br \/>(+23 for winning)\n|raw|Hikawari's rating: 1762 &rarr; <strong>1739<\/strong><br \/>(-23 for losing)\n|l|\u2606Hikawari\n|player|p2|\n|l|\u26060rion1798\n|player|p1|\n|l| hachiware\n","uploadtime":1728946649,"views":14,"formatid":"gen9vgc2024regh","rating":1728,"private":0,"password":null}