{"id":"gen9vgc2024regh-2223794437","format":"[Gen 9] VGC 2024 Reg H","players":["Blueaquajet3","googer315"],"log":"|j|\u2606Blueaquajet3\n|j|\u2606googer315\n|t:|1729034513\n|gametype|doubles\n|player|p1|Blueaquajet3|101|1740\n|player|p2|googer315|265|1699\n|teamsize|p1|6\n|teamsize|p2|6\n|gen|9\n|tier|[Gen 9] VGC 2024 Reg H\n|rated|\n|rule|Species Clause: Limit one of each Pok\u00e9mon\n|rule|Item Clause: Limit 1 of each item\n|clearpoke\n|poke|p1|Amoonguss, L50, F|\n|poke|p1|Gholdengo, L50|\n|poke|p1|Porygon2, L50|\n|poke|p1|Incineroar, L50, M|\n|poke|p1|Ursaluna, L50, F|\n|poke|p1|Tyranitar, L50, F|\n|poke|p2|Dondozo, L50, F|\n|poke|p2|Tatsugiri, L50, F|\n|poke|p2|Glimmora, L50, F|\n|poke|p2|Maushold, L50|\n|poke|p2|Annihilape, L50, F|\n|poke|p2|Gholdengo, L50|\n|teampreview|4\n|inactive|Battle timer is ON: inactive players will automatically lose when time's up. (requested by Blueaquajet3)\n|inactive|googer315 also wants the timer to be on.\n|\n|t:|1729034537\n|start\n|switch|p1a: Redbone|Gholdengo, L50|100\/100\n|switch|p1b: Sober|Porygon2, L50|100\/100\n|switch|p2a: Gholdengo|Gholdengo, L50|100\/100\n|switch|p2b: Glimmora|Glimmora, L50, F|100\/100\n|-ability|p1b: Sober|Download|boost\n|-boost|p1b: Sober|spa|1\n|turn|1\n|\n|t:|1729034560\n|-terastallize|p2b: Glimmora|Ground\n|move|p1a: Redbone|Protect|p1a: Redbone\n|-singleturn|p1a: Redbone|Protect\n|move|p2a: Gholdengo|Trick|p1b: Sober\n|-activate|p2a: Gholdengo|move: Trick|[of] p1b: Sober\n|-item|p1b: Sober|Choice Scarf|[from] move: Trick\n|-item|p2a: Gholdengo|Eviolite|[from] move: Trick\n|move|p2b: Glimmora|Earth Power|p1a: Redbone\n|-activate|p1a: Redbone|move: Protect\n|move|p1b: Sober|Recover||[still]\n|-fail|p1b: Sober|heal\n|\n|upkeep\n|turn|2\n|inactive|Blueaquajet3 has 30 seconds left.\n|\n|t:|1729034591\n|switch|p1a: Algorhythm|Amoonguss, L50, F|100\/100\n|switch|p1b: III. Telegraph Ave|Incineroar, L50, M|100\/100\n|-ability|p1b: III. Telegraph Ave|Intimidate|boost\n|-unboost|p2a: Gholdengo|atk|1\n|-unboost|p2b: Glimmora|atk|1\n|move|p2b: Glimmora|Earth Power|p1a: Algorhythm\n|-damage|p1a: Algorhythm|56\/100\n|move|p2a: Gholdengo|Shadow Ball|p1a: Algorhythm\n|-damage|p1a: Algorhythm|13\/100\n|\n|upkeep\n|turn|3\n|\n|t:|1729034615\n|switch|p1a: Sober|Porygon2, L50|100\/100\n|-ability|p1a: Sober|Download|boost\n|-boost|p1a: Sober|spa|1\n|move|p1b: III. Telegraph Ave|Fake Out|p2b: Glimmora\n|-damage|p2b: Glimmora|87\/100\n|-activate|p2b: Glimmora|ability: Toxic Debris\n|-sidestart|p1: Blueaquajet3|move: Toxic Spikes\n|cant|p2b: Glimmora|flinch\n|move|p2a: Gholdengo|Make It Rain|p1b: III. Telegraph Ave|[spread] p1a,p1b\n|-resisted|p1b: III. Telegraph Ave\n|-damage|p1a: Sober|61\/100\n|-damage|p1b: III. Telegraph Ave|75\/100\n|-unboost|p2a: Gholdengo|spa|1\n|\n|upkeep\n|turn|4\n|inactive|Blueaquajet3 has 30 seconds left.\n|inactive|googer315 has 30 seconds left.\n|\n|t:|1729034649\n|move|p2b: Glimmora|Earth Power|p1b: III. Telegraph Ave\n|-supereffective|p1b: III. Telegraph Ave\n|-damage|p1b: III. Telegraph Ave|0 fnt\n|faint|p1b: III. Telegraph Ave\n|move|p2a: Gholdengo|Shadow Ball|p1a: Sober\n|-immune|p1a: Sober\n|move|p1a: Sober|Ice Beam|p2b: Glimmora\n|-supereffective|p2b: Glimmora\n|-damage|p2b: Glimmora|0 fnt\n|faint|p2b: Glimmora\n|\n|upkeep\n|\n|t:|1729034662\n|switch|p2b: Annihilape|Annihilape, L50, F|100\/100\n|switch|p1b: Algorhythm|Amoonguss, L50, F|47\/100\n|-sideend|p1: Blueaquajet3|move: Toxic Spikes|[of] p1b: Algorhythm\n|turn|5\n|\n|t:|1729034681\n|switch|p1b: Redbone|Gholdengo, L50|100\/100\n|move|p2b: Annihilape|Protect|p2b: Annihilape\n|-singleturn|p2b: Annihilape|Protect\n|move|p2a: Gholdengo|Trick|p1b: Redbone\n|-immune|p1b: Redbone|[from] ability: Good as Gold\n|move|p1a: Sober|Ice Beam|p2b: Annihilape\n|-activate|p2b: Annihilape|move: Protect\n|\n|upkeep\n|turn|6\n|inactive|Blueaquajet3 has 30 seconds left.\n|\n|t:|1729034709\n|switch|p2b: Maushold|Maushold, L50|100\/100\n|switch|p1a: Algorhythm|Amoonguss, L50, F|80\/100\n|move|p1b: Redbone|Shadow Ball|p2b: Maushold\n|-immune|p2b: Maushold\n|move|p2a: Gholdengo|Shadow Ball|p1b: Redbone\n|-supereffective|p1b: Redbone\n|-damage|p1b: Redbone|30\/100\n|\n|upkeep\n|turn|7\n|j| hachiware\n|inactive|googer315 has 30 seconds left.\n|inactive|googer315 has 20 seconds left.\n|inactive|googer315 has 15 seconds left.\n|\n|t:|1729034750\n|move|p2b: Maushold|Follow Me|p2b: Maushold\n|-singleturn|p2b: Maushold|move: Follow Me\n|move|p1a: Algorhythm|Rage Powder|p1a: Algorhythm\n|-singleturn|p1a: Algorhythm|move: Rage Powder\n|move|p1b: Redbone|Shadow Ball|p2b: Maushold\n|-immune|p2b: Maushold\n|move|p2a: Gholdengo|Trick|p1a: Algorhythm\n|-activate|p2a: Gholdengo|move: Trick|[of] p1a: Algorhythm\n|-item|p1a: Algorhythm|Eviolite|[from] move: Trick\n|-item|p2a: Gholdengo|Rocky Helmet|[from] move: Trick\n|\n|upkeep\n|turn|8\n|inactive|Blueaquajet3 has 30 seconds left.\n|\n|t:|1729034778\n|move|p2b: Maushold|Follow Me|p2b: Maushold\n|-singleturn|p2b: Maushold|move: Follow Me\n|move|p1b: Redbone|Shadow Ball|p2b: Maushold\n|-immune|p2b: Maushold\n|move|p2a: Gholdengo|Shadow Ball|p1b: Redbone\n|-supereffective|p1b: Redbone\n|-damage|p1b: Redbone|0 fnt\n|faint|p1b: Redbone\n|move|p1a: Algorhythm|Spore|p2b: Maushold\n|-activate|p2b: Maushold|item: Safety Goggles|Spore\n|\n|upkeep\n|\n|t:|1729034785\n|switch|p1b: Sober|Porygon2, L50|61\/100\n|-ability|p1b: Sober|Download|boost\n|-boost|p1b: Sober|spa|1\n|turn|9\n|\n|t:|1729034797\n|switch|p2a: Annihilape|Annihilape, L50, F|100\/100\n|move|p2b: Maushold|Protect|p2b: Maushold\n|-singleturn|p2b: Maushold|Protect\n|move|p1b: Sober|Ice Beam|p2b: Maushold\n|-activate|p2b: Maushold|move: Protect\n|move|p1a: Algorhythm|Pollen Puff|p1b: Sober\n|-heal|p1b: Sober|100\/100\n|\n|upkeep\n|turn|10\n|\n|t:|1729034811\n|move|p2b: Maushold|Follow Me|p2b: Maushold\n|-singleturn|p2b: Maushold|move: Follow Me\n|move|p2a: Annihilape|Bulk Up|p2a: Annihilape\n|-boost|p2a: Annihilape|atk|1\n|-boost|p2a: Annihilape|def|1\n|move|p1b: Sober|Ice Beam|p2b: Maushold\n|-damage|p2b: Maushold|61\/100\n|move|p1a: Algorhythm|Pollen Puff|p2b: Maushold\n|-damage|p2b: Maushold|41\/100\n|\n|upkeep\n|turn|11\n|l| hachiware\n|j| hachiware\n|\n|t:|1729034826\n|move|p2b: Maushold|Beat Up|p2a: Annihilape\n|-damage|p2a: Annihilape|99\/100\n|-damage|p2a: Annihilape|98\/100\n|-crit|p2a: Annihilape\n|-damage|p2a: Annihilape|95\/100\n|-hitcount|p2a: Annihilape|3\n|move|p2a: Annihilape|Rage Fist|p1a: Algorhythm\n|-damage|p1a: Algorhythm|0 fnt\n|faint|p1a: Algorhythm\n|move|p1b: Sober|Ice Beam|p2b: Maushold\n|-damage|p2b: Maushold|1\/100\n|\n|upkeep\n|turn|12\n|l| hachiware\n|-message|Blueaquajet3 forfeited.\n|\n|win|googer315\n|raw|Blueaquajet3's rating: 1740 &rarr; <strong>1718<\/strong><br \/>(-22 for losing)\n|raw|googer315's rating: 1699 &rarr; <strong>1721<\/strong><br \/>(+22 for winning)\n|l|\u2606Blueaquajet3\n|player|p1|\n","uploadtime":1729035002,"views":17,"formatid":"gen9vgc2024regh","rating":1718,"private":0,"password":null}