{"id":"gen9vgc2024regh-2223486171","format":"[Gen 9] VGC 2024 Reg H","players":["Gen5 is epic","rough Pult"],"log":"|j|\u2606Gen5 is epic\n|j|\u2606rough Pult\n|t:|1729006122\n|gametype|doubles\n|player|p1|Gen5 is epic|2|1640\n|player|p2|rough Pult|giovanni|1803\n|teamsize|p1|6\n|teamsize|p2|6\n|gen|9\n|tier|[Gen 9] VGC 2024 Reg H\n|rated|\n|rule|Species Clause: Limit one of each Pok\u00e9mon\n|rule|Item Clause: Limit 1 of each item\n|clearpoke\n|poke|p1|Incineroar, L50, F|\n|poke|p1|Rillaboom, L50, M|\n|poke|p1|Farigiraf, L50, M|\n|poke|p1|Ursaluna-Bloodmoon, L50, M|\n|poke|p1|Annihilape, L50, F|\n|poke|p1|Ninetales-Alola, L50, M|\n|poke|p2|Baxcalibur, L50, F|\n|poke|p2|Dondozo, L50, M|\n|poke|p2|Kingambit, L50, M|\n|poke|p2|Rillaboom, L50, M|\n|poke|p2|Sneasler, L50, F|\n|poke|p2|Volcarona, L50, M|\n|teampreview|4\nGen5 is epic has agreed to open team sheets.\n|\n|t:|1729006158\n|start\n|switch|p1a: Annihilape|Annihilape, L50, F|100\/100\n|switch|p1b: Farigiraf|Farigiraf, L50, M|100\/100\n|switch|p2a: Volcarona|Volcarona, L50, M|100\/100\n|switch|p2b: Sneasler|Sneasler, L50, F|100\/100\n|turn|1\n|\n|t:|1729006178\n|switch|p2a: Dondozo|Dondozo, L50, M|100\/100\n|move|p1a: Annihilape|Final Gambit|p2a: Dondozo\n|-damage|p2a: Dondozo|18\/100\n|faint|p1a: Annihilape\n|move|p2b: Sneasler|Dire Claw|p1b: Farigiraf\n|-damage|p1b: Farigiraf|60\/100\n|-status|p1b: Farigiraf|psn\n|move|p1b: Farigiraf|Trick Room|p1b: Farigiraf\n|-fieldstart|move: Trick Room|[of] p1b: Farigiraf\n|\n|-heal|p2a: Dondozo|25\/100|[from] item: Leftovers\n|-damage|p1b: Farigiraf|47\/100 psn|[from] psn\n|upkeep\n|\n|t:|1729006186\n|switch|p1a: Ursaluna|Ursaluna-Bloodmoon, L50, M|100\/100\n|turn|2\n|inactive|Battle timer is ON: inactive players will automatically lose when time's up. (requested by Gen5 is epic)\n|\n|t:|1729006202\n|move|p2a: Dondozo|Protect|p2a: Dondozo\n|-singleturn|p2a: Dondozo|Protect\n|move|p2b: Sneasler|Protect|p2b: Sneasler\n|-singleturn|p2b: Sneasler|Protect\n|move|p1a: Ursaluna|Earth Power|p2b: Sneasler\n|-activate|p2b: Sneasler|move: Protect\n|move|p1b: Farigiraf|Hyper Voice|p2b: Sneasler|[spread] \n|-activate|p2a: Dondozo|move: Protect\n|-activate|p2b: Sneasler|move: Protect\n|\n|-heal|p2a: Dondozo|31\/100|[from] item: Leftovers\n|-damage|p1b: Farigiraf|35\/100 psn|[from] psn\n|upkeep\n|turn|3\n|\n|t:|1729006221\n|switch|p2b: Volcarona|Volcarona, L50, M|100\/100\n|move|p2a: Dondozo|Liquidation|p1b: Farigiraf\n|-damage|p1b: Farigiraf|5\/100 psn\n|move|p1a: Ursaluna|Hyper Voice|p2b: Volcarona|[spread] p2a,p2b\n|-damage|p2a: Dondozo|0 fnt\n|-damage|p2b: Volcarona|56\/100\n|faint|p2a: Dondozo\n|-damage|p1a: Ursaluna|90\/100|[from] item: Life Orb\n|move|p1b: Farigiraf|Hyper Voice|p2b: Volcarona\n|-crit|p2b: Volcarona\n|-damage|p2b: Volcarona|0 fnt\n|faint|p2b: Volcarona\n|-enditem|p1b: Farigiraf|Throat Spray\n|-boost|p1b: Farigiraf|spa|1|[from] item: Throat Spray\n|\n|-damage|p1b: Farigiraf|0 fnt|[from] psn\n|faint|p1b: Farigiraf\n|upkeep\n|\n|t:|1729006241\n|switch|p2a: Sneasler|Sneasler, L50, F|100\/100\n|switch|p1b: Incineroar|Incineroar, L50, F, shiny|100\/100\n|switch|p2b: Kingambit|Kingambit, L50, M|100\/100\n|-ability|p1b: Incineroar|Intimidate|boost\n|-unboost|p2a: Sneasler|atk|1\n|-unboost|p2b: Kingambit|atk|1\n|-ability|p2b: Kingambit|Defiant|boost\n|-boost|p2b: Kingambit|atk|2\n|turn|4\n|\n|t:|1729006255\n|-terastallize|p1a: Ursaluna|Normal\n|move|p2b: Kingambit|Protect|p2b: Kingambit\n|-singleturn|p2b: Kingambit|Protect\n|move|p2a: Sneasler|Protect|p2a: Sneasler\n|-singleturn|p2a: Sneasler|Protect\n|move|p1b: Incineroar|Flare Blitz|p2b: Kingambit\n|-activate|p2b: Kingambit|move: Protect\n|move|p1a: Ursaluna|Hyper Voice|p2b: Kingambit|[spread] \n|-activate|p2a: Sneasler|move: Protect\n|-activate|p2b: Kingambit|move: Protect\n|\n|upkeep\n|turn|5\n|\n|t:|1729006279\n|-terastallize|p2b: Kingambit|Dark\n|move|p2b: Kingambit|Sucker Punch|p1a: Ursaluna\n|-damage|p1a: Ursaluna|31\/100\n|move|p1b: Incineroar|Knock Off|p2a: Sneasler\n|-resisted|p2a: Sneasler\n|-damage|p2a: Sneasler|64\/100\n|-enditem|p2a: Sneasler|Focus Sash|[from] move: Knock Off|[of] p1b: Incineroar\n|move|p1a: Ursaluna|Hyper Voice|p2b: Kingambit|[spread] p2a,p2b\n|-crit|p2a: Sneasler\n|-damage|p2a: Sneasler|0 fnt\n|-damage|p2b: Kingambit|35\/100\n|faint|p2a: Sneasler\n|-damage|p1a: Ursaluna|21\/100|[from] item: Life Orb\n|\n|-fieldend|move: Trick Room\n|upkeep\n|turn|6\n|\n|t:|1729006297\n|move|p1a: Ursaluna|Protect|p1a: Ursaluna\n|-singleturn|p1a: Ursaluna|Protect\n|move|p2b: Kingambit|Kowtow Cleave|p1a: Ursaluna\n|-activate|p1a: Ursaluna|move: Protect\n|move|p1b: Incineroar|Flare Blitz|p2b: Kingambit\n|-damage|p2b: Kingambit|0 fnt\n|faint|p2b: Kingambit\n|-damage|p1b: Incineroar|90\/100|[from] Recoil\n|\n|win|Gen5 is epic\n|raw|Gen5 is epic's rating: 1640 &rarr; <strong>1669<\/strong><br \/>(+29 for winning)\n|raw|rough Pult's rating: 1803 &rarr; <strong>1774<\/strong><br \/>(-29 for losing)\n|l|\u2606Gen5 is epic\n|player|p1|\n|l|\u2606rough Pult\n|player|p2|\n","uploadtime":1729006525,"views":31,"formatid":"gen9vgc2024regh","rating":1669,"private":0,"password":null}