{"id":"gen9vgc2024regh-2223190623","format":"[Gen 9] VGC 2024 Reg H","players":["ddy999","CanIBeatAle?"],"log":"|j|\u2606ddy999\n|j|\u2606CanIBeatAle?\n|t:|1728966568\n|gametype|doubles\n|player|p1|ddy999|265|1637\n|player|p2|CanIBeatAle?|lucas|1787\n|teamsize|p1|6\n|teamsize|p2|6\n|gen|9\n|tier|[Gen 9] VGC 2024 Reg H\n|rated|\n|rule|Species Clause: Limit one of each Pok\u00e9mon\n|rule|Item Clause: Limit 1 of each item\n|clearpoke\n|poke|p1|Arcanine-Hisui, L50, M|\n|poke|p1|Charizard, L50, M|\n|poke|p1|Whimsicott, L50, F|\n|poke|p1|Sneasler, L50, M|\n|poke|p1|Samurott-Hisui, L50, M|\n|poke|p1|Indeedee, L50, M|\n|poke|p2|Murkrow, L50, M|\n|poke|p2|Abomasnow, L50, M|\n|poke|p2|Indeedee, L50, M|\n|poke|p2|Sneasler, L50, M|\n|poke|p2|Basculegion, L50, M|\n|poke|p2|Gholdengo, L50|\n|teampreview|4\n|\n|t:|1728966588\n|start\n|switch|p1a: Charizard|Charizard, L50, M, shiny|100\/100\n|switch|p1b: Whimsicott|Whimsicott, L50, F, shiny|100\/100\n|switch|p2a: Longclaw|Sneasler, L50, M, shiny|100\/100\n|switch|p2b: MDD|Indeedee, L50, M, shiny|100\/100\n|-fieldstart|move: Psychic Terrain|[from] ability: Psychic Surge|[of] p2b: MDD\n|-enditem|p2a: Longclaw|Psychic Seed\n|-boost|p2a: Longclaw|spd|1|[from] item: Psychic Seed\n|turn|1\n|\n|t:|1728966624\n|move|p2a: Longclaw|Protect|p2a: Longclaw\n|-singleturn|p2a: Longclaw|Protect\n|move|p1b: Whimsicott|Tailwind|p1b: Whimsicott\n|-sidestart|p1: ddy999|move: Tailwind\n|move|p1a: Charizard|Heat Wave|p2b: MDD|[spread] p2b\n|-activate|p2a: Longclaw|move: Protect\n|-damage|p2b: MDD|29\/100\n|move|p2b: MDD|Expanding Force|p1a: Charizard|[spread] p1a,p1b\n|-crit|p1a: Charizard\n|-damage|p1a: Charizard|0 fnt\n|-damage|p1b: Whimsicott|0 fnt\n|faint|p1a: Charizard\n|faint|p1b: Whimsicott\n|\n|upkeep\n|\n|t:|1728966628\n|switch|p1b: Indeedee|Indeedee, L50, M, shiny|100\/100\n|switch|p1a: Sneasler|Sneasler, L50, M, shiny|100\/100\n|-enditem|p1a: Sneasler|Psychic Seed\n|-boost|p1a: Sneasler|spd|1|[from] item: Psychic Seed\n|turn|2\n|\n|t:|1728966644\n|switch|p2b: Brynden Rivers|Murkrow, L50, M|100\/100\n|-terastallize|p1b: Indeedee|Psychic\n|move|p1a: Sneasler|Close Combat|p2a: Longclaw\n|-resisted|p2a: Longclaw\n|-damage|p2a: Longclaw|44\/100\n|-unboost|p1a: Sneasler|def|1\n|-unboost|p1a: Sneasler|spd|1\n|move|p1b: Indeedee|Expanding Force|p2a: Longclaw|[spread] p2a\n|-immune|p2b: Brynden Rivers\n|-supereffective|p2a: Longclaw\n|-damage|p2a: Longclaw|0 fnt\n|faint|p2a: Longclaw\n|\n|upkeep\n|\n|t:|1728966664\n|switch|p2a: MDD|Indeedee, L50, M, shiny|29\/100\n|turn|3\n|\n|t:|1728966672\n|move|p2b: Brynden Rivers|Tailwind|p2b: Brynden Rivers\n|-sidestart|p2: CanIBeatAle?|move: Tailwind\n|move|p1a: Sneasler|Dire Claw|p2b: Brynden Rivers\n|-damage|p2b: Brynden Rivers|55\/100\n|-status|p2b: Brynden Rivers|psn\n|move|p1b: Indeedee|Expanding Force|p2b: Brynden Rivers|[spread] p2a\n|-immune|p2b: Brynden Rivers\n|-resisted|p2a: MDD\n|-damage|p2a: MDD|0 fnt\n|faint|p2a: MDD\n|\n|-damage|p2b: Brynden Rivers|43\/100 psn|[from] psn\n|upkeep\n|\n|t:|1728966680\n|switch|p2a: Houndfish|Basculegion, L50, M|100\/100\n|turn|4\n|\n|t:|1728966691\n|move|p1a: Sneasler|Throat Chop|p2a: Houndfish\n|-supereffective|p2a: Houndfish\n|-damage|p2a: Houndfish|20\/100\n|-start|p2a: Houndfish|Throat Chop|[silent]\n|move|p1b: Indeedee|Expanding Force|p2a: Houndfish|[spread] p2a\n|-immune|p2b: Brynden Rivers\n|-damage|p2a: Houndfish|0 fnt\n|faint|p2a: Houndfish\n|move|p2b: Brynden Rivers|Foul Play|p1a: Sneasler\n|-resisted|p1a: Sneasler\n|-damage|p1a: Sneasler|38\/100\n|\n|-damage|p2b: Brynden Rivers|31\/100 psn|[from] psn\n|-sideend|p1: ddy999|move: Tailwind\n|upkeep\n|turn|5\n|inactive|Battle timer is ON: inactive players will automatically lose when time's up. (requested by CanIBeatAle?)\n|\n|t:|1728966727\n|move|p1a: Sneasler|Close Combat|p2b: Brynden Rivers\n|-damage|p2b: Brynden Rivers|0 fnt\n|-unboost|p1a: Sneasler|def|1\n|-unboost|p1a: Sneasler|spd|1\n|faint|p2b: Brynden Rivers\n|\n|win|ddy999\n|raw|ddy999's rating: 1637 &rarr; <strong>1665<\/strong><br \/>(+28 for winning)\n|raw|CanIBeatAle?'s rating: 1787 &rarr; <strong>1759<\/strong><br \/>(-28 for losing)\n","uploadtime":1728966733,"views":12,"formatid":"gen9vgc2024regh","rating":1665,"private":0,"password":null}