{"id":"gen9vgc2024regh-2223045280","format":"[Gen 9] VGC 2024 Reg H","players":["Hikawari","winterbreak"],"log":"|j|\u2606Hikawari\n|j|\u2606winterbreak\n|t:|1728948801\n|gametype|doubles\n|player|p1|Hikawari|170|1712\n|player|p2|winterbreak|lucas-gen4pt|1809\n|teamsize|p1|6\n|teamsize|p2|6\n|gen|9\n|tier|[Gen 9] VGC 2024 Reg H\n|rated|\n|rule|Species Clause: Limit one of each Pok\u00e9mon\n|rule|Item Clause: Limit 1 of each item\n|clearpoke\n|poke|p1|Sneasler, L50, F|\n|poke|p1|Murkrow, L50, M|\n|poke|p1|Gholdengo, L50|\n|poke|p1|Indeedee, L50, M|\n|poke|p1|Annihilape, L50, F|\n|poke|p1|Sinistcha, L50|\n|poke|p2|Pelipper, L50, M|\n|poke|p2|Archaludon, L50, F|\n|poke|p2|Gholdengo, L50|\n|poke|p2|Ursaluna-Bloodmoon, L50, M|\n|poke|p2|Incineroar, L50, F|\n|poke|p2|Primarina, L50, F|\n|teampreview|4\n|inactive|Battle timer is ON: inactive players will automatically lose when time's up. (requested by Hikawari)\nHikawari has agreed to open team sheets.\nwinterbreak rejected open team sheets.\n|inactive|winterbreak has 60 seconds left.\n|j| Fallastest\n|l| Fallastest\n|\n|t:|1728948861\n|start\n|switch|p1a: Lore|Sneasler, L50, F, shiny|100\/100\n|switch|p1b: Mawui|Annihilape, L50, F, shiny|100\/100\n|switch|p2a: Pelipper|Pelipper, L50, M|100\/100\n|switch|p2b: Ursaluna|Ursaluna-Bloodmoon, L50, M|100\/100\n|-weather|RainDance|[from] ability: Drizzle|[of] p2a: Pelipper\n|turn|1\n|\n|t:|1728948881\n|move|p2a: Pelipper|Protect|p2a: Pelipper\n|-singleturn|p2a: Pelipper|Protect\n|move|p2b: Ursaluna|Protect|p2b: Ursaluna\n|-singleturn|p2b: Ursaluna|Protect\n|move|p1a: Lore|Dire Claw|p2a: Pelipper\n|-activate|p2a: Pelipper|move: Protect\n|move|p1b: Mawui|Bulk Up|p1b: Mawui\n|-boost|p1b: Mawui|atk|1\n|-boost|p1b: Mawui|def|1\n|\n|-weather|RainDance|[upkeep]\n|upkeep\n|turn|2\n|\n|t:|1728948905\n|-terastallize|p2b: Ursaluna|Poison\n|move|p1b: Mawui|Protect|p1b: Mawui\n|-singleturn|p1b: Mawui|Protect\n|move|p1a: Lore|Close Combat|p2b: Ursaluna\n|-resisted|p2b: Ursaluna\n|-damage|p2b: Ursaluna|72\/100\n|-unboost|p1a: Lore|def|1\n|-unboost|p1a: Lore|spd|1\n|-damage|p1a: Lore|91\/100|[from] item: Life Orb\n|move|p2a: Pelipper|Tailwind|p2a: Pelipper\n|-sidestart|p2: winterbreak|move: Tailwind\n|move|p2b: Ursaluna|Earth Power|p1a: Lore\n|-supereffective|p1a: Lore\n|-damage|p1a: Lore|0 fnt\n|faint|p1a: Lore\n|\n|-weather|RainDance|[upkeep]\n|-heal|p2b: Ursaluna|78\/100|[from] item: Leftovers\n|upkeep\n|\n|t:|1728948914\n|switch|p1a: Croissant|Indeedee, L50, M|100\/100\n|-fieldstart|move: Psychic Terrain|[from] ability: Psychic Surge|[of] p1a: Croissant\n|turn|3\n|inactive|winterbreak has 30 seconds left.\n|\n|t:|1728948943\n|move|p2a: Pelipper|Wide Guard|p2a: Pelipper\n|-singleturn|p2a: Pelipper|Wide Guard\n|move|p2b: Ursaluna|Yawn|p1b: Mawui\n|-start|p1b: Mawui|move: Yawn|[of] p2b: Ursaluna\n|move|p1a: Croissant|Expanding Force|p2b: Ursaluna|[spread] \n|-activate|p2a: Pelipper|move: Wide Guard\n|-activate|p2b: Ursaluna|move: Wide Guard\n|move|p1b: Mawui|Rage Fist|p2a: Pelipper\n|-damage|p2a: Pelipper|63\/100\n|\n|-weather|RainDance|[upkeep]\n|-heal|p2b: Ursaluna|84\/100|[from] item: Leftovers\n|upkeep\n|turn|4\n|\n|t:|1728948957\n|switch|p1b: Juros Composto|Gholdengo, L50|100\/100\n|move|p1a: Croissant|Protect|p1a: Croissant\n|-singleturn|p1a: Croissant|Protect\n|move|p2a: Pelipper|Wide Guard|p2a: Pelipper\n|-singleturn|p2a: Pelipper|Wide Guard\n|move|p2b: Ursaluna|Blood Moon|p1a: Croissant\n|-activate|p1a: Croissant|move: Protect\n|\n|-weather|RainDance|[upkeep]\n|-heal|p2b: Ursaluna|90\/100|[from] item: Leftovers\n|upkeep\n|turn|5\n|inactive|winterbreak has 30 seconds left.\n|\n|t:|1728948990\n|move|p2a: Pelipper|Wide Guard|p2a: Pelipper\n|-singleturn|p2a: Pelipper|Wide Guard\n|move|p2b: Ursaluna|Earth Power|p1b: Juros Composto\n|-supereffective|p1b: Juros Composto\n|-damage|p1b: Juros Composto|0 fnt\n|faint|p1b: Juros Composto\n|move|p1a: Croissant|Expanding Force|p2a: Pelipper|[spread] \n|-activate|p2a: Pelipper|move: Wide Guard\n|-activate|p2b: Ursaluna|move: Wide Guard\n|\n|-weather|none\n|-heal|p2b: Ursaluna|96\/100|[from] item: Leftovers\n|-sideend|p2: winterbreak|move: Tailwind\n|upkeep\n|\n|t:|1728948995\n|switch|p1b: Mawui|Annihilape, L50, F, shiny|100\/100\n|turn|6\n|\n|t:|1728949013\n|move|p2a: Pelipper|Wide Guard|p2a: Pelipper\n|-singleturn|p2a: Pelipper|Wide Guard\n|move|p1a: Croissant|Psychic|p2b: Ursaluna\n|-supereffective|p2b: Ursaluna\n|-damage|p2b: Ursaluna|0 fnt\n|faint|p2b: Ursaluna\n|move|p1b: Mawui|Bulk Up|p1b: Mawui\n|-boost|p1b: Mawui|atk|1\n|-boost|p1b: Mawui|def|1\n|\n|upkeep\n|inactive|winterbreak has 30 seconds left.\n|\n|t:|1728949041\n|switch|p2b: Archaludon|Archaludon, L50, F|100\/100\n|turn|7\n|\n|t:|1728949053\n|-terastallize|p1a: Croissant|Psychic\n|move|p1a: Croissant|Expanding Force|p2b: Archaludon|[spread] p2a,p2b\n|-resisted|p2b: Archaludon\n|-damage|p2a: Pelipper|0 fnt\n|-damage|p2b: Archaludon|71\/100\n|-ability|p2b: Archaludon|Stamina|boost\n|-boost|p2b: Archaludon|def|1\n|faint|p2a: Pelipper\n|move|p1b: Mawui|Drain Punch|p2b: Archaludon\n|-supereffective|p2b: Archaludon\n|-damage|p2b: Archaludon|30\/100\n|-ability|p2b: Archaludon|Stamina|boost\n|-boost|p2b: Archaludon|def|1\n|move|p2b: Archaludon|Flash Cannon|p1a: Croissant\n|-damage|p1a: Croissant|38\/100\n|\n|-fieldend|move: Psychic Terrain\n|upkeep\n|\n|t:|1728949069\n|switch|p2a: Gholdengo|Gholdengo, L50|100\/100\n|turn|8\n|inactive|winterbreak has 30 seconds left.\n|inactive|winterbreak has 20 seconds left.\n|\n|t:|1728949107\n|move|p2a: Gholdengo|Shadow Ball|p1a: Croissant\n|-supereffective|p1a: Croissant\n|-damage|p1a: Croissant|0 fnt\n|faint|p1a: Croissant\n|move|p1b: Mawui|Rage Fist|p2a: Gholdengo\n|-supereffective|p2a: Gholdengo\n|-damage|p2a: Gholdengo|38\/100\n|move|p2b: Archaludon|Flash Cannon|p1b: Mawui\n|-damage|p1b: Mawui|67\/100\n|\n|-heal|p1b: Mawui|73\/100|[from] item: Leftovers\n|upkeep\n|turn|9\n|\n|t:|1728949119\n|move|p1b: Mawui|Protect|p1b: Mawui\n|-singleturn|p1b: Mawui|Protect\n|move|p2a: Gholdengo|Shadow Ball|p1b: Mawui\n|-activate|p1b: Mawui|move: Protect\n|move|p2b: Archaludon|Flash Cannon|p1b: Mawui\n|-activate|p1b: Mawui|move: Protect\n|\n|-heal|p1b: Mawui|79\/100|[from] item: Leftovers\n|upkeep\n|turn|10\n|\n|t:|1728949127\n|move|p2a: Gholdengo|Shadow Ball|p1b: Mawui\n|-supereffective|p1b: Mawui\n|-damage|p1b: Mawui|10\/100\n|-unboost|p1b: Mawui|spd|1\n|-ability|p1b: Mawui|Defiant|boost\n|-boost|p1b: Mawui|atk|2\n|move|p1b: Mawui|Rage Fist|p2a: Gholdengo\n|-supereffective|p2a: Gholdengo\n|-damage|p2a: Gholdengo|0 fnt\n|faint|p2a: Gholdengo\n|move|p2b: Archaludon|Flash Cannon|p1b: Mawui\n|-damage|p1b: Mawui|0 fnt\n|faint|p1b: Mawui\n|\n|win|winterbreak\n|raw|Hikawari's rating: 1712 &rarr; <strong>1697<\/strong><br \/>(-15 for losing)\n|raw|winterbreak's rating: 1809 &rarr; <strong>1824<\/strong><br \/>(+15 for winning)\n|l|\u2606Hikawari\n|player|p1|\n|l|\u2606winterbreak\n|player|p2|\n","uploadtime":1728949334,"views":50,"formatid":"gen9vgc2024regh","rating":1697,"private":0,"password":null}