{"id":"gen9vgc2024regh-2223609965","format":"[Gen 9] VGC 2024 Reg H","players":["Zordor","pantsuit"],"log":"|j|\u2606Zordor\n|j|\u2606pantsuit\n|t:|1729016655\n|gametype|doubles\n|player|p1|Zordor|pilot|1815\n|player|p2|pantsuit|265|1686\n|teamsize|p1|6\n|teamsize|p2|6\n|gen|9\n|tier|[Gen 9] VGC 2024 Reg H\n|rated|\n|rule|Species Clause: Limit one of each Pok\u00e9mon\n|rule|Item Clause: Limit 1 of each item\n|clearpoke\n|poke|p1|Rotom-Wash, L50|\n|poke|p1|Sneasler, L50, M|\n|poke|p1|Kingambit, L50, M|\n|poke|p1|Armarouge, L50, M|\n|poke|p1|Dragapult, L50, F|\n|poke|p1|Venusaur, L50, M|\n|poke|p2|Porygon2, L50|\n|poke|p2|Ursaluna, L50, F|\n|poke|p2|Incineroar, L50, M|\n|poke|p2|Sneasler, L50, M|\n|poke|p2|Archaludon, L50, F|\n|poke|p2|Yanmega, L50, M|\n|teampreview|4\n|j| RNG Mad\n|j| Claarity\n|\n|t:|1729016735\n|start\n|switch|p1a: Rotom|Rotom-Wash, L50|100\/100\n|switch|p1b: Sneasler|Sneasler, L50, M|100\/100\n|switch|p2a: Yanmega|Yanmega, L50, M, shiny|100\/100\n|switch|p2b: Ursaluna|Ursaluna, L50, F, shiny|100\/100\n|turn|1\n|inactive|Battle timer is ON: inactive players will automatically lose when time's up. (requested by pantsuit)\n|j| Fallastest\n|\n|t:|1729016759\n|move|p2a: Yanmega|Detect|p2a: Yanmega\n|-singleturn|p2a: Yanmega|Protect\n|move|p2b: Ursaluna|Protect|p2b: Ursaluna\n|-singleturn|p2b: Ursaluna|Protect\n|move|p1b: Sneasler|Rock Tomb|p2a: Yanmega\n|-activate|p2a: Yanmega|move: Protect\n|move|p1a: Rotom|Hydro Pump|p2b: Ursaluna\n|-activate|p2b: Ursaluna|move: Protect\n|\n|-ability|p2a: Yanmega|Speed Boost|boost\n|-boost|p2a: Yanmega|spe|1\n|-status|p2b: Ursaluna|brn|[from] item: Flame Orb\n|upkeep\n|turn|2\n|inactive|pantsuit has 30 seconds left.\n|inactive|pantsuit has 20 seconds left.\n|inactive|pantsuit has 15 seconds left.\n|\n|t:|1729016800\n|move|p1a: Rotom|Protect|p1a: Rotom\n|-singleturn|p1a: Rotom|Protect\n|move|p2a: Yanmega|Tailwind|p2a: Yanmega\n|-sidestart|p2: pantsuit|move: Tailwind\n|move|p2b: Ursaluna|Facade|p1a: Rotom\n|-activate|p1a: Rotom|move: Protect\n|move|p1b: Sneasler|Close Combat|p2b: Ursaluna\n|-supereffective|p2b: Ursaluna\n|-damage|p2b: Ursaluna|5\/100 brn\n|-unboost|p1b: Sneasler|def|1\n|-unboost|p1b: Sneasler|spd|1\n|\n|-damage|p2b: Ursaluna|0 fnt|[from] brn\n|faint|p2b: Ursaluna\n|-ability|p2a: Yanmega|Speed Boost|boost\n|-boost|p2a: Yanmega|spe|1\n|upkeep\n|\n|t:|1729016805\n|switch|p2b: Sneasler|Sneasler, L50, M|100\/100\n|turn|3\n|inactive|Zordor has 30 seconds left.\n|inactive|Zordor has 20 seconds left.\n|inactive|Zordor has 15 seconds left.\n|inactive|Zordor has 10 seconds left.\n|\n|t:|1729016850\n|-terastallize|p1b: Sneasler|Ghost\n|move|p2a: Yanmega|Bug Buzz|p1a: Rotom\n|-damage|p1a: Rotom|52\/100\n|move|p2b: Sneasler|Close Combat|p1a: Rotom\n|-damage|p1a: Rotom|0 fnt\n|-unboost|p2b: Sneasler|def|1\n|-unboost|p2b: Sneasler|spd|1\n|-enditem|p2b: Sneasler|White Herb\n|-clearnegativeboost|p2b: Sneasler|[silent]\n|faint|p1a: Rotom\n|move|p1b: Sneasler|Rock Tomb|p2a: Yanmega\n|-supereffective|p2a: Yanmega\n|-enditem|p2a: Yanmega|Focus Sash\n|-damage|p2a: Yanmega|1\/100\n|-unboost|p2a: Yanmega|spe|1\n|\n|-ability|p2a: Yanmega|Speed Boost|boost\n|-boost|p2a: Yanmega|spe|1\n|upkeep\n|\n|t:|1729016866\n|switch|p1a: Armarouge|Armarouge, L50, M|100\/100\n|turn|4\n|\n|t:|1729016884\n|switch|p2b: Incineroar|Incineroar, L50, M, shiny|100\/100\n|-ability|p2b: Incineroar|Intimidate|boost\n|-unboost|p1a: Armarouge|atk|1\n|-unboost|p1b: Sneasler|atk|1\n|move|p1a: Armarouge|Protect|p1a: Armarouge\n|-singleturn|p1a: Armarouge|Protect\n|move|p2a: Yanmega|Air Slash|p1b: Sneasler\n|-damage|p1b: Sneasler|21\/100\n|move|p1b: Sneasler|Dire Claw|p2b: Incineroar\n|-damage|p2b: Incineroar|71\/100\n|-status|p2b: Incineroar|slp\n|\n|-ability|p2a: Yanmega|Speed Boost|boost\n|-boost|p2a: Yanmega|spe|1\n|upkeep\n|turn|5\n|\n|t:|1729016908\n|switch|p1b: Kingambit|Kingambit, L50, M|100\/100\n|move|p2a: Yanmega|Bug Buzz|p1a: Armarouge\n|-damage|p1a: Armarouge|53\/100\n|cant|p2b: Incineroar|slp\n|move|p1a: Armarouge|Heat Wave|p2a: Yanmega|[spread] p2a,p2b\n|-supereffective|p2a: Yanmega\n|-resisted|p2b: Incineroar\n|-damage|p2a: Yanmega|0 fnt\n|-damage|p2b: Incineroar|55\/100 slp\n|faint|p2a: Yanmega\n|\n|-sideend|p2: pantsuit|move: Tailwind\n|upkeep\n|\n|t:|1729016916\n|switch|p2a: Sneasler|Sneasler, L50, M|100\/100\n|turn|6\n|\n|t:|1729016930\n|-terastallize|p2a: Sneasler|Stellar\n|move|p2a: Sneasler|Dire Claw|p1a: Armarouge\n|-damage|p1a: Armarouge|0 fnt\n|faint|p1a: Armarouge\n|-curestatus|p2b: Incineroar|slp|[msg]\n|move|p2b: Incineroar|Flare Blitz|p1b: Kingambit\n|-supereffective|p1b: Kingambit\n|-crit|p1b: Kingambit\n|-damage|p1b: Kingambit|0 fnt\n|faint|p1b: Kingambit\n|-damage|p2b: Incineroar|21\/100|[from] Recoil\n|\n|upkeep\n|\n|t:|1729016941\n|switch|p1b: Sneasler|Sneasler, L50, M, tera:Ghost|21\/100\n|turn|7\n|\n|t:|1729016947\n|move|p1b: Sneasler|Dire Claw|p2a: Sneasler\n|-resisted|p2a: Sneasler\n|-damage|p2a: Sneasler|68\/100\n|move|p2a: Sneasler|Throat Chop|p1b: Sneasler\n|-supereffective|p1b: Sneasler\n|-damage|p1b: Sneasler|0 fnt\n|faint|p1b: Sneasler\n|\n|win|pantsuit\n|raw|Zordor's rating: 1815 &rarr; <strong>1788<\/strong><br \/>(-27 for losing)\n|raw|pantsuit's rating: 1686 &rarr; <strong>1713<\/strong><br \/>(+27 for winning)\n|l|\u2606Zordor\n|player|p1|\n|l|\u2606pantsuit\n|player|p2|\n|l| Fallastest\n|l| RNG Mad\n","uploadtime":1729017192,"views":16,"formatid":"gen9vgc2024regh","rating":1713,"private":0,"password":null}