{"id":"gen9vgc2024regh-2223024920","format":"[Gen 9] VGC 2024 Reg H","players":["power123452123","Hikawari"],"log":"|j|\u2606power123452123\n|j|\u2606Hikawari\n|t:|1728946506\n|gametype|doubles\n|player|p1|power123452123|101|1696\n|player|p2|Hikawari|170|1739\n|teamsize|p1|6\n|teamsize|p2|6\n|gen|9\n|tier|[Gen 9] VGC 2024 Reg H\n|rated|\n|rule|Species Clause: Limit one of each Pok\u00e9mon\n|rule|Item Clause: Limit 1 of each item\n|clearpoke\n|poke|p1|Palafin, L50, F|\n|poke|p1|Gholdengo, L50|\n|poke|p1|Incineroar, L50, F|\n|poke|p1|Rillaboom, L50, M|\n|poke|p1|Pelipper, L50, M|\n|poke|p1|Kingambit, L50, F|\n|poke|p2|Sneasler, L50, F|\n|poke|p2|Murkrow, L50, F|\n|poke|p2|Gholdengo, L50|\n|poke|p2|Indeedee, L50, M|\n|poke|p2|Annihilape, L50, F|\n|poke|p2|Sinistcha, L50|\n|teampreview|4\n|inactive|Battle timer is ON: inactive players will automatically lose when time's up. (requested by power123452123)\nHikawari has agreed to open team sheets.\npower123452123 has agreed to open team sheets.\n|inactive|power123452123 has 30 seconds left.\n|inactive|Hikawari has 30 seconds left.\n|inactive|Hikawari has 20 seconds left.\n|inactive|Hikawari has 15 seconds left.\n|\n|t:|1728946552\n|start\n|switch|p1a: Palafin|Palafin, L50, F|100\/100\n|switch|p1b: Gholdengo|Gholdengo, L50|100\/100\n|switch|p2a: Lore|Sneasler, L50, F, shiny|100\/100\n|switch|p2b: Mawui|Annihilape, L50, F, shiny|100\/100\n|turn|1\n|inactive|power123452123 has 30 seconds left.\n|inactive|Hikawari has 30 seconds left.\n|j| hachiware\n|inactive|power123452123 has 20 seconds left.\n|inactive|power123452123 has 15 seconds left.\n|inactive|power123452123 has 10 seconds left.\n|\n|t:|1728946601\n|detailschange|p1a: Palafin|Palafin-Hero, L50, F\n|switch|p1a: Kingambit|Kingambit, L50, F|100\/100\n|-terastallize|p1b: Gholdengo|Steel\n|move|p2b: Mawui|Protect|p2b: Mawui\n|-singleturn|p2b: Mawui|Protect\n|move|p2a: Lore|Throat Chop|p1b: Gholdengo\n|-damage|p1b: Gholdengo|65\/100\n|-start|p1b: Gholdengo|Throat Chop|[silent]\n|-damage|p2a: Lore|91\/100|[from] item: Life Orb\n|move|p1b: Gholdengo|Make It Rain|p2a: Lore|[spread] p2a\n|-activate|p2b: Mawui|move: Protect\n|-damage|p2a: Lore|0 fnt\n|-unboost|p1b: Gholdengo|spa|1\n|faint|p2a: Lore\n|\n|upkeep\n|\n|t:|1728946618\n|switch|p2a: Mobs|Murkrow, L50, F|100\/100\n|turn|2\n|inactive|power123452123 has 30 seconds left.\n|inactive|power123452123 has 20 seconds left.\n|inactive|power123452123 has 15 seconds left.\n|inactive|power123452123 has 10 seconds left.\n|\n|t:|1728946664\n|-terastallize|p2b: Mawui|Fire\n|move|p1b: Gholdengo|Make It Rain|p2b: Mawui|[spread] p2a,p2b\n|-crit|p2a: Mobs\n|-resisted|p2b: Mawui\n|-damage|p2a: Mobs|0 fnt\n|-damage|p2b: Mawui|74\/100\n|-unboost|p1b: Gholdengo|spa|1\n|faint|p2a: Mobs\n|move|p2b: Mawui|Bulk Up|p2b: Mawui\n|-boost|p2b: Mawui|atk|1\n|-boost|p2b: Mawui|def|1\n|move|p1a: Kingambit|Swords Dance|p1a: Kingambit\n|-boost|p1a: Kingambit|atk|2\n|\n|-heal|p2b: Mawui|80\/100|[from] item: Leftovers\n|-end|p1b: Gholdengo|Throat Chop|[silent]\n|upkeep\n|\n|t:|1728946678\n|switch|p2a: Cup tea|Sinistcha, L50, shiny|100\/100\n|-heal|p2b: Mawui|100\/100|[from] ability: Hospitality|[of] p2a: Cup tea\n|turn|3\n|\n|t:|1728946690\n|switch|p1b: Rillaboom|Rillaboom, L50, M|100\/100\n|-fieldstart|move: Grassy Terrain|[from] ability: Grassy Surge|[of] p1b: Rillaboom\n|move|p2a: Cup tea|Protect|p2a: Cup tea\n|-singleturn|p2a: Cup tea|Protect\n|move|p1a: Kingambit|Protect|p1a: Kingambit\n|-singleturn|p1a: Kingambit|Protect\n|move|p2b: Mawui|Drain Punch|p1b: Rillaboom\n|-damage|p1b: Rillaboom|63\/100\n|\n|-heal|p1b: Rillaboom|68\/100|[from] Grassy Terrain\n|upkeep\n|turn|4\n|inactive|Hikawari has 30 seconds left.\n|\n|t:|1728946723\n|move|p1b: Rillaboom|Fake Out|p2b: Mawui\n|-damage|p2b: Mawui|93\/100\n|cant|p2b: Mawui|flinch\n|move|p2a: Cup tea|Matcha Gotcha|p1b: Rillaboom|[spread] p1a,p1b\n|-resisted|p1a: Kingambit\n|-resisted|p1b: Rillaboom\n|-damage|p1a: Kingambit|83\/100\n|-damage|p1b: Rillaboom|55\/100\n|move|p1a: Kingambit|Kowtow Cleave|p2a: Cup tea\n|-supereffective|p2a: Cup tea\n|-damage|p2a: Cup tea|0 fnt\n|-damage|p1a: Kingambit|67\/100|[from] item: Rocky Helmet|[of] p2a: Cup tea\n|faint|p2a: Cup tea\n|\n|-heal|p2b: Mawui|99\/100|[from] Grassy Terrain\n|-heal|p2b: Mawui|100\/100|[from] item: Leftovers\n|-heal|p1b: Rillaboom|61\/100|[from] Grassy Terrain\n|-heal|p1a: Kingambit|72\/100|[from] Grassy Terrain\n|upkeep\n|turn|5\n|\n|t:|1728946738\n|move|p1a: Kingambit|Sucker Punch|p2b: Mawui\n|-damage|p2b: Mawui|48\/100\n|move|p2b: Mawui|Rage Fist|p1b: Rillaboom\n|-damage|p1b: Rillaboom|0 fnt\n|faint|p1b: Rillaboom\n|\n|-heal|p2b: Mawui|54\/100|[from] Grassy Terrain\n|-heal|p2b: Mawui|60\/100|[from] item: Leftovers\n|-heal|p1a: Kingambit|78\/100|[from] Grassy Terrain\n|upkeep\n|c|\u2606power123452123|mawui is crazy\n|-message|Hikawari forfeited.\n|\n|win|power123452123\n|raw|power123452123's rating: 1696 &rarr; <strong>1718<\/strong><br \/>(+22 for winning)\n|raw|Hikawari's rating: 1739 &rarr; <strong>1717<\/strong><br \/>(-22 for losing)\n|l|\u2606Hikawari\n|player|p2|\n|l| hachiware\n|c|\u2606power123452123|ggs\n|l|\u2606power123452123\n|player|p1|\n","uploadtime":1728946932,"views":46,"formatid":"gen9vgc2024regh","rating":1717,"private":0,"password":null}