{"id":"gen9vgc2024regh-2223945045","format":"[Gen 9] VGC 2024 Reg H","players":["actuary97","ray4gej"],"log":"|j|\u2606actuary97\n|j|\u2606ray4gej\n|t:|1729052963\n|gametype|doubles\n|player|p1|actuary97|sabrina-frlg|1791\n|player|p2|ray4gej|170|1724\n|teamsize|p1|6\n|teamsize|p2|6\n|gen|9\n|tier|[Gen 9] VGC 2024 Reg H\n|rated|\n|rule|Species Clause: Limit one of each Pok\u00e9mon\n|rule|Item Clause: Limit 1 of each item\n|clearpoke\n|poke|p1|Archaludon, L50, F|\n|poke|p1|Whimsicott, L50, F|\n|poke|p1|Gallade, L50, M|\n|poke|p1|Malamar, L50, F|\n|poke|p1|Indeedee, L50, M|\n|poke|p1|Drifblim, L50, M|\n|poke|p2|Kleavor, L50, M|\n|poke|p2|Kingambit, L50, M|\n|poke|p2|Rillaboom, L50, M|\n|poke|p2|Salazzle, L50, F|\n|poke|p2|Garchomp, L50, F|\n|poke|p2|Sableye, L50, F|\n|teampreview|4\n|c|\u2606actuary97|cool kleavor glhf\nactuary97 has agreed to open team sheets.\n|c|\u2606actuary97|oh shit and salazzle!!! u\n|c|\u2606actuary97|are cookin\n|\n|t:|1729053022\n|start\n|switch|p1a: Tapu Deedee|Indeedee, L50, M, shiny|100\/100\n|switch|p1b: Mischief Mother|Whimsicott, L50, F, shiny|100\/100\n|switch|p2a: Salazzle|Salazzle, L50, F|100\/100\n|switch|p2b: Kingambit|Kingambit, L50, M, shiny|100\/100\n|-fieldstart|move: Psychic Terrain|[from] ability: Psychic Surge|[of] p1a: Tapu Deedee\n|turn|1\n|j| GameLurker69\n|\n|t:|1729053063\n|switch|p1a: Bridget|Archaludon, L50, F, shiny|100\/100\n|move|p2a: Salazzle|Sludge Bomb|p1b: Mischief Mother\n|-supereffective|p1b: Mischief Mother\n|-enditem|p1b: Mischief Mother|Focus Sash\n|-damage|p1b: Mischief Mother|1\/100\n|move|p1b: Mischief Mother|Beat Up|p1a: Bridget\n|-damage|p1a: Bridget|98\/100\n|-ability|p1a: Bridget|Stamina|boost\n|-boost|p1a: Bridget|def|1\n|-crit|p1a: Bridget\n|-damage|p1a: Bridget|96\/100\n|-ability|p1a: Bridget|Stamina|boost\n|-boost|p1a: Bridget|def|1\n|-damage|p1a: Bridget|95\/100\n|-ability|p1a: Bridget|Stamina|boost\n|-boost|p1a: Bridget|def|1\n|-damage|p1a: Bridget|94\/100\n|-ability|p1a: Bridget|Stamina|boost\n|-boost|p1a: Bridget|def|1\n|-hitcount|p1a: Bridget|4\n|move|p2b: Kingambit|Kowtow Cleave|p1a: Bridget\n|-damage|p1a: Bridget|79\/100\n|-ability|p1a: Bridget|Stamina|boost\n|-boost|p1a: Bridget|def|1\n|\n|upkeep\n|turn|2\n|\n|t:|1729053110\n|move|p2b: Kingambit|Protect|p2b: Kingambit\n|-singleturn|p2b: Kingambit|Protect\n|move|p1b: Mischief Mother|Tailwind|p1b: Mischief Mother\n|-sidestart|p1: actuary97|move: Tailwind\n|move|p1a: Bridget|Body Press|p2a: Salazzle\n|-resisted|p2a: Salazzle\n|-damage|p2a: Salazzle|24\/100\n|move|p2a: Salazzle|Overheat|p1a: Bridget\n|-damage|p1a: Bridget|34\/100\n|-unboost|p2a: Salazzle|spa|2\n|-ability|p1a: Bridget|Stamina|boost\n|-boost|p1a: Bridget|def|1\n|\n|upkeep\n|turn|3\n|\n|t:|1729053134\n|-terastallize|p2b: Kingambit|Fairy\n|move|p1b: Mischief Mother|Moonblast|p2b: Kingambit\n|-damage|p2b: Kingambit|69\/100\n|-unboost|p2b: Kingambit|spa|1\n|-ability|p2b: Kingambit|Defiant|boost\n|-boost|p2b: Kingambit|atk|2\n|move|p1a: Bridget|Body Press|p2b: Kingambit\n|-resisted|p2b: Kingambit\n|-damage|p2b: Kingambit|32\/100\n|move|p2a: Salazzle|Sludge Bomb|p1b: Mischief Mother\n|-supereffective|p1b: Mischief Mother\n|-damage|p1b: Mischief Mother|0 fnt\n|faint|p1b: Mischief Mother\n|move|p2b: Kingambit|Swords Dance|p2b: Kingambit\n|-boost|p2b: Kingambit|atk|2\n|\n|upkeep\n|j| nebito47\n|\n|t:|1729053147\n|switch|p1b: \u2694\ufe0fKing\u2694\ufe0f|Gallade, L50, M, shiny|100\/100\n|turn|4\n|\n|t:|1729053177\n|switch|p2a: Rillaboom|Rillaboom, L50, M|100\/100\n|-fieldstart|move: Grassy Terrain|[from] ability: Grassy Surge|[of] p2a: Rillaboom\n|move|p1b: \u2694\ufe0fKing\u2694\ufe0f|Protect|p1b: \u2694\ufe0fKing\u2694\ufe0f\n|-singleturn|p1b: \u2694\ufe0fKing\u2694\ufe0f|Protect\n|move|p2b: Kingambit|Sucker Punch|p1a: Bridget\n|-damage|p1a: Bridget|9\/100\n|move|p1a: Bridget|Body Press|p2a: Rillaboom\n|-damage|p2a: Rillaboom|17\/100\n|\n|-heal|p1a: Bridget|15\/100|[from] Grassy Terrain\n|-heal|p2a: Rillaboom|23\/100|[from] Grassy Terrain\n|-heal|p2b: Kingambit|38\/100|[from] Grassy Terrain\n|upkeep\n|turn|5\n|\n|t:|1729053218\n|switch|p1b: Tapu Deedee|Indeedee, L50, M, shiny|100\/100\n|-fieldstart|move: Psychic Terrain|[from] ability: Psychic Surge|[of] p1b: Tapu Deedee\n|switch|p2a: Salazzle|Salazzle, L50, F|24\/100\n|move|p2b: Kingambit|Protect|p2b: Kingambit\n|-singleturn|p2b: Kingambit|Protect\n|move|p1a: Bridget|Body Press|p2a: Salazzle\n|-resisted|p2a: Salazzle\n|-damage|p2a: Salazzle|0 fnt\n|faint|p2a: Salazzle\n|\n|-sideend|p1: actuary97|move: Tailwind\n|upkeep\n|\n|t:|1729053233\n|switch|p2a: Rillaboom|Rillaboom, L50, M|23\/100\n|-fieldstart|move: Grassy Terrain|[from] ability: Grassy Surge|[of] p2a: Rillaboom\n|turn|6\n|\n|t:|1729053250\n|switch|p1b: \u2694\ufe0fKing\u2694\ufe0f|Gallade, L50, M, shiny|100\/100\n|move|p2a: Rillaboom|Fake Out|p1b: \u2694\ufe0fKing\u2694\ufe0f\n|-damage|p1b: \u2694\ufe0fKing\u2694\ufe0f|79\/100\n|move|p2b: Kingambit|Sucker Punch|p1a: Bridget\n|-damage|p1a: Bridget|0 fnt\n|faint|p1a: Bridget\n|\n|-heal|p1b: \u2694\ufe0fKing\u2694\ufe0f|85\/100|[from] Grassy Terrain\n|-heal|p2a: Rillaboom|30\/100|[from] Grassy Terrain\n|-heal|p2b: Kingambit|43\/100|[from] Grassy Terrain\n|upkeep\n|\n|t:|1729053257\n|switch|p1a: Tapu Deedee|Indeedee, L50, M, shiny|100\/100\n|-fieldstart|move: Psychic Terrain|[from] ability: Psychic Surge|[of] p1a: Tapu Deedee\n|turn|7\n|\n|t:|1729053283\n|switch|p2a: Garchomp|Garchomp, L50, F|100\/100\n|-terastallize|p1b: \u2694\ufe0fKing\u2694\ufe0f|Grass\n|move|p2b: Kingambit|Protect|p2b: Kingambit\n|-singleturn|p2b: Kingambit|Protect\n|move|p1a: Tapu Deedee|Expanding Force|p2b: Kingambit|[spread] p2a\n|-activate|p2b: Kingambit|move: Protect\n|-damage|p2a: Garchomp|17\/100\n|move|p1b: \u2694\ufe0fKing\u2694\ufe0f|Leaf Blade|p2a: Garchomp\n|-crit|p2a: Garchomp\n|-damage|p2a: Garchomp|0 fnt\n|-damage|p1b: \u2694\ufe0fKing\u2694\ufe0f|72\/100|[from] ability: Rough Skin|[of] p2a: Garchomp\n|faint|p2a: Garchomp\n|\n|upkeep\n|\n|t:|1729053291\n|switch|p2a: Rillaboom|Rillaboom, L50, M|30\/100\n|-fieldstart|move: Grassy Terrain|[from] ability: Grassy Surge|[of] p2a: Rillaboom\n|turn|8\n|\n|t:|1729053306\n|move|p2a: Rillaboom|Fake Out|p1a: Tapu Deedee\n|-damage|p1a: Tapu Deedee|71\/100\n|move|p2b: Kingambit|Sucker Punch|p1b: \u2694\ufe0fKing\u2694\ufe0f\n|-damage|p1b: \u2694\ufe0fKing\u2694\ufe0f|0 fnt\n|faint|p1b: \u2694\ufe0fKing\u2694\ufe0f\n|cant|p1a: Tapu Deedee|flinch\n|\n|-heal|p1a: Tapu Deedee|77\/100|[from] Grassy Terrain\n|-heal|p2a: Rillaboom|36\/100|[from] Grassy Terrain\n|-heal|p2b: Kingambit|49\/100|[from] Grassy Terrain\n|upkeep\n|turn|9\n|c|\u2606actuary97|gg\n|\n|t:|1729053328\n|move|p2b: Kingambit|Sucker Punch|p1a: Tapu Deedee\n|-supereffective|p1a: Tapu Deedee\n|-damage|p1a: Tapu Deedee|0 fnt\n|faint|p1a: Tapu Deedee\n|\n|win|ray4gej\n|raw|actuary97's rating: 1791 &rarr; <strong>1767<\/strong><br \/>(-24 for losing)\n|raw|ray4gej's rating: 1724 &rarr; <strong>1748<\/strong><br \/>(+24 for winning)\n|l|\u2606actuary97\n|player|p1|\n|l| nebito47\n|l|\u2606ray4gej\n|player|p2|\n","uploadtime":1729053473,"views":31,"formatid":"gen9vgc2024regh","rating":1748,"private":0,"password":null}