{"id":"gen9vgc2024regh-2223640390","format":"[Gen 9] VGC 2024 Reg H","players":["SnarkyShane","rgktest"],"log":"|j|\u2606SnarkyShane\n|j|\u2606rgktest\n|t:|1729019287\n|gametype|doubles\n|player|p1|SnarkyShane|gambler|1824\n|player|p2|rgktest|170|1762\n|teamsize|p1|6\n|teamsize|p2|6\n|gen|9\n|tier|[Gen 9] VGC 2024 Reg H\n|rated|\n|rule|Species Clause: Limit one of each Pok\u00e9mon\n|rule|Item Clause: Limit 1 of each item\n|clearpoke\n|poke|p1|Baxcalibur, L50, M|\n|poke|p1|Ninetales-Alola, L50, M|\n|poke|p1|Sneasler, L50, F|\n|poke|p1|Ceruledge, L50, M|\n|poke|p1|Volcarona, L50, M|\n|poke|p1|Gastrodon, L50, M|\n|poke|p2|Ninetales-Alola, L50, M|\n|poke|p2|Garchomp, L50, M|\n|poke|p2|Kingambit, L50, M|\n|poke|p2|Sneasler, L50, F|\n|poke|p2|Magmar, L50, M|\n|poke|p2|Metagross, L50|\n|teampreview|4\n|j| Claarity\n|\n|t:|1729019356\n|start\n|switch|p1a: Elsa|Ninetales-Alola, L50, M|100\/100\n|switch|p1b: The Snizzler|Sneasler, L50, F|100\/100\n|switch|p2a: Sneasler|Sneasler, L50, F|100\/100\n|switch|p2b: Metagross|Metagross, L50|100\/100\n|-weather|Snow|[from] ability: Snow Warning|[of] p1a: Elsa\n|turn|1\n|\n|t:|1729019380\n|move|p1b: The Snizzler|Fake Out|p2b: Metagross\n|-resisted|p2b: Metagross\n|-crit|p2b: Metagross\n|-damage|p2b: Metagross|92\/100\n|move|p2a: Sneasler|Coaching|p2b: Metagross\n|-boost|p2b: Metagross|atk|1\n|-boost|p2b: Metagross|def|1\n|move|p1a: Elsa|Aurora Veil|p1a: Elsa\n|-sidestart|p1: SnarkyShane|move: Aurora Veil\n|cant|p2b: Metagross|flinch\n|\n|-weather|Snow|[upkeep]\n|upkeep\n|turn|2\n|\n|t:|1729019418\n|switch|p1a: Firefly|Volcarona, L50, M|100\/100\n|move|p2a: Sneasler|Protect|p2a: Sneasler\n|-singleturn|p2a: Sneasler|Protect\n|move|p1b: The Snizzler|Close Combat|p2b: Metagross\n|-damage|p2b: Metagross|60\/100\n|-unboost|p1b: The Snizzler|def|1\n|-unboost|p1b: The Snizzler|spd|1\n|move|p2b: Metagross|Heavy Slam|p1b: The Snizzler\n|-enditem|p1b: The Snizzler|Focus Sash\n|-damage|p1b: The Snizzler|1\/100\n|\n|-weather|Snow|[upkeep]\n|upkeep\n|turn|3\n|\n|t:|1729019448\n|switch|p1b: BULXcaliber|Baxcalibur, L50, M|100\/100\n|-terastallize|p2b: Metagross|Flying\n|move|p2a: Sneasler|Coaching|p2b: Metagross\n|-boost|p2b: Metagross|atk|1\n|-boost|p2b: Metagross|def|1\n|move|p1a: Firefly|Will-O-Wisp|p2b: Metagross|[miss]\n|-miss|p1a: Firefly|p2b: Metagross\n|move|p2b: Metagross|Psychic Fangs|p1a: Firefly\n|-sideend|p1: SnarkyShane|move: Aurora Veil\n|-damage|p1a: Firefly|0 fnt\n|-status|p2b: Metagross|brn|[from] ability: Flame Body|[of] p1a: Firefly\n|faint|p1a: Firefly\n|\n|-weather|Snow|[upkeep]\n|-damage|p2b: Metagross|55\/100 brn|[from] brn\n|upkeep\n|\n|t:|1729019470\n|switch|p1a: The Snizzler|Sneasler, L50, F|1\/100\n|turn|4\n|\n|t:|1729019520\n|-terastallize|p1b: BULXcaliber|Fire\n|move|p2a: Sneasler|Protect|p2a: Sneasler\n|-singleturn|p2a: Sneasler|Protect\n|move|p1a: The Snizzler|Fake Out|p2a: Sneasler\n|-activate|p2a: Sneasler|move: Protect\n|move|p1b: BULXcaliber|High Horsepower|p2a: Sneasler\n|-activate|p2a: Sneasler|move: Protect\n|move|p2b: Metagross|Heavy Slam|p1b: BULXcaliber\n|-resisted|p1b: BULXcaliber\n|-damage|p1b: BULXcaliber|88\/100\n|\n|-weather|Snow|[upkeep]\n|-heal|p1b: BULXcaliber|94\/100|[from] ability: Ice Body\n|-heal|p1b: BULXcaliber|99\/100|[from] item: Leftovers\n|-damage|p2b: Metagross|49\/100 brn|[from] brn\n|upkeep\n|turn|5\n|\n|t:|1729019540\n|move|p2b: Metagross|Bullet Punch|p1a: The Snizzler\n|-damage|p1a: The Snizzler|0 fnt\n|faint|p1a: The Snizzler\n|move|p2a: Sneasler|Dire Claw|p1b: BULXcaliber\n|-damage|p1b: BULXcaliber|65\/100\n|move|p1b: BULXcaliber|High Horsepower|p2a: Sneasler\n|-supereffective|p2a: Sneasler\n|-enditem|p2a: Sneasler|Focus Sash\n|-damage|p2a: Sneasler|1\/100\n|\n|-weather|none\n|-heal|p1b: BULXcaliber|71\/100|[from] item: Leftovers\n|-damage|p2b: Metagross|43\/100 brn|[from] brn\n|upkeep\n|\n|t:|1729019543\n|switch|p1a: Elsa|Ninetales-Alola, L50, M|100\/100\n|-weather|Snow|[from] ability: Snow Warning|[of] p1a: Elsa\n|turn|6\n|\n|t:|1729019581\n|move|p1a: Elsa|Protect|p1a: Elsa\n|-singleturn|p1a: Elsa|Protect\n|move|p2b: Metagross|Bullet Punch|p1a: Elsa\n|-activate|p1a: Elsa|move: Protect\n|move|p2a: Sneasler|Dire Claw|p1a: Elsa\n|-activate|p1a: Elsa|move: Protect\n|move|p1b: BULXcaliber|High Horsepower|p2a: Sneasler\n|-supereffective|p2a: Sneasler\n|-crit|p2a: Sneasler\n|-damage|p2a: Sneasler|0 fnt\n|faint|p2a: Sneasler\n|\n|-weather|Snow|[upkeep]\n|-heal|p1b: BULXcaliber|77\/100|[from] ability: Ice Body\n|-heal|p1b: BULXcaliber|83\/100|[from] item: Leftovers\n|-damage|p2b: Metagross|37\/100 brn|[from] brn\n|upkeep\n|\n|t:|1729019592\n|switch|p2a: Garchomp|Garchomp, L50, M|100\/100\n|turn|7\n|\n|t:|1729019605\n|move|p2b: Metagross|Bullet Punch|p1a: Elsa\n|-supereffective|p1a: Elsa\n|-damage|p1a: Elsa|36\/100\n|move|p1a: Elsa|Blizzard|p2a: Garchomp|[spread] p2a,p2b\n|-supereffective|p2a: Garchomp\n|-supereffective|p2b: Metagross\n|-damage|p2a: Garchomp|10\/100\n|-damage|p2b: Metagross|10\/100 brn\n|move|p2a: Garchomp|Earthquake|p1a: Elsa|[spread] p1a,p1b\n|-immune|p2b: Metagross\n|-supereffective|p1b: BULXcaliber\n|-damage|p1a: Elsa|0 fnt\n|-damage|p1b: BULXcaliber|5\/100\n|faint|p1a: Elsa\n|-damage|p2a: Garchomp|0 fnt|[from] item: Life Orb\n|faint|p2a: Garchomp\n|move|p1b: BULXcaliber|Dragon Dance|p1b: BULXcaliber\n|-boost|p1b: BULXcaliber|atk|1\n|-boost|p1b: BULXcaliber|spe|1\n|\n|-weather|Snow|[upkeep]\n|-heal|p1b: BULXcaliber|11\/100|[from] ability: Ice Body\n|-heal|p1b: BULXcaliber|17\/100|[from] item: Leftovers\n|-damage|p2b: Metagross|4\/100 brn|[from] brn\n|upkeep\n|j| neels8\n|j| RNG Mad\n|\n|t:|1729019620\n|switch|p2a: Magmar|Magmar, L50, M|100\/100\n|turn|8\n|\n|t:|1729019628\n|move|p1b: BULXcaliber|Protect|p1b: BULXcaliber\n|-singleturn|p1b: BULXcaliber|Protect\n|move|p2a: Magmar|Fire Spin|p1b: BULXcaliber\n|-activate|p1b: BULXcaliber|move: Protect\n|move|p2b: Metagross|Stomping Tantrum|p1b: BULXcaliber\n|-activate|p1b: BULXcaliber|move: Protect\n|\n|-weather|Snow|[upkeep]\n|-heal|p1b: BULXcaliber|23\/100|[from] ability: Ice Body\n|-heal|p1b: BULXcaliber|29\/100|[from] item: Leftovers\n|-damage|p2b: Metagross|0 fnt|[from] brn\n|faint|p2b: Metagross\n|upkeep\n|turn|9\n|\n|t:|1729019636\n|move|p1b: BULXcaliber|High Horsepower|p2a: Magmar\n|-supereffective|p2a: Magmar\n|-damage|p2a: Magmar|10\/100\n|move|p2a: Magmar|Fire Spin|p1b: BULXcaliber\n|-resisted|p1b: BULXcaliber\n|-damage|p1b: BULXcaliber|23\/100\n|-activate|p1b: BULXcaliber|move: Fire Spin|[of] p2a: Magmar\n|\n|-weather|Snow|[upkeep]\n|-heal|p1b: BULXcaliber|29\/100|[from] ability: Ice Body\n|-heal|p1b: BULXcaliber|35\/100|[from] item: Leftovers\n|-damage|p1b: BULXcaliber|23\/100|[from] move: Fire Spin|[partiallytrapped]\n|upkeep\n|turn|10\n|\n|t:|1729019642\n|move|p2a: Magmar|Protect|p2a: Magmar\n|-singleturn|p2a: Magmar|Protect\n|move|p1b: BULXcaliber|High Horsepower|p2a: Magmar\n|-activate|p2a: Magmar|move: Protect\n|\n|-weather|none\n|-heal|p1b: BULXcaliber|29\/100|[from] item: Leftovers\n|-damage|p1b: BULXcaliber|17\/100|[from] move: Fire Spin|[partiallytrapped]\n|upkeep\n|turn|11\n|\n|t:|1729019651\n|move|p2a: Magmar|Protect||[still]\n|-fail|p2a: Magmar\n|move|p1b: BULXcaliber|High Horsepower|p2a: Magmar\n|-supereffective|p2a: Magmar\n|-damage|p2a: Magmar|0 fnt\n|faint|p2a: Magmar\n|\n|win|SnarkyShane\n|raw|SnarkyShane's rating: 1824 &rarr; <strong>1840<\/strong><br \/>(+16 for winning)\n|raw|rgktest's rating: 1762 &rarr; <strong>1746<\/strong><br \/>(-16 for losing)\n|l|\u2606rgktest\n|player|p2|\n|l|\u2606SnarkyShane\n|player|p1|\n|l| neels8\n","uploadtime":1729019831,"views":43,"formatid":"gen9vgc2024regh","rating":1746,"private":0,"password":null}