{"id":"gen9vgc2024regh-2223970845","format":"[Gen 9] VGC 2024 Reg H","players":["badpiplupvgc","datbishgames"],"log":"|j|\u2606badpiplupvgc\n|j|\u2606datbishgames\n|t:|1729057452\n|gametype|doubles\n|player|p1|badpiplupvgc|101|1682\n|player|p2|datbishgames|mira|1756\n|teamsize|p1|6\n|teamsize|p2|6\n|gen|9\n|tier|[Gen 9] VGC 2024 Reg H\n|rated|\n|rule|Species Clause: Limit one of each Pok\u00e9mon\n|rule|Item Clause: Limit 1 of each item\n|clearpoke\n|poke|p1|Tyranitar, L50, M|\n|poke|p1|Excadrill, L50, F|\n|poke|p1|Indeedee-F, L50, F|\n|poke|p1|Armarouge, L50, F|\n|poke|p1|Sneasler, L50, M|\n|poke|p1|Milotic, L50, F|\n|poke|p2|Whimsicott, L50, M|\n|poke|p2|Basculegion, L50, M|\n|poke|p2|Arcanine-Hisui, L50, F|\n|poke|p2|Hydreigon, L50, F|\n|poke|p2|Farigiraf, L50, M|\n|poke|p2|Pawmot, L50, M|\n|teampreview|4\n|inactive|Battle timer is ON: inactive players will automatically lose when time's up. (requested by datbishgames)\n|inactive|badpiplupvgc has 60 seconds left.\n|inactive|datbishgames has 60 seconds left.\n|inactive|badpiplupvgc has 30 seconds left.\n|\n|t:|1729057522\n|start\n|switch|p1a: Indeedee|Indeedee-F, L50, F|100\/100\n|switch|p1b: Sneasler|Sneasler, L50, M|100\/100\n|switch|p2a: Whimsicott|Whimsicott, L50, M|100\/100\n|switch|p2b: Hydreigon|Hydreigon, L50, F|100\/100\n|-fieldstart|move: Psychic Terrain|[from] ability: Psychic Surge|[of] p1a: Indeedee\n|-enditem|p1b: Sneasler|Psychic Seed\n|-boost|p1b: Sneasler|spd|1|[from] item: Psychic Seed\n|turn|1\n|\n|t:|1729057544\n|switch|p1a: Tyranitar|Tyranitar, L50, M, shiny|100\/100\n|-weather|Sandstorm|[from] ability: Sand Stream|[of] p1a: Tyranitar\n|-terastallize|p2b: Hydreigon|Fire\n|move|p2a: Whimsicott|Tailwind|p2a: Whimsicott\n|-sidestart|p2: datbishgames|move: Tailwind\n|move|p1b: Sneasler|Dire Claw|p2a: Whimsicott\n|-supereffective|p2a: Whimsicott\n|-damage|p2a: Whimsicott|0 fnt\n|faint|p2a: Whimsicott\n|move|p2b: Hydreigon|Heat Wave|p1a: Tyranitar|[spread] p1a,p1b\n|-resisted|p1a: Tyranitar\n|-damage|p1a: Tyranitar|92\/100\n|-damage|p1b: Sneasler|59\/100\n|-damage|p2b: Hydreigon|91\/100|[from] item: Life Orb\n|\n|-weather|Sandstorm|[upkeep]\n|-damage|p1b: Sneasler|53\/100|[from] Sandstorm\n|-damage|p2b: Hydreigon|85\/100|[from] Sandstorm\n|upkeep\n|\n|t:|1729057566\n|switch|p2a: Basculegion|Basculegion, L50, M|100\/100\n|turn|2\n|\n|t:|1729057587\n|-terastallize|p1b: Sneasler|Dark\n|move|p1b: Sneasler|Throat Chop|p2a: Basculegion\n|-supereffective|p2a: Basculegion\n|-damage|p2a: Basculegion|11\/100\n|-start|p2a: Basculegion|Throat Chop|[silent]\n|move|p2b: Hydreigon|Heat Wave|p1a: Tyranitar|[spread] p1a,p1b\n|-resisted|p1a: Tyranitar\n|-damage|p1a: Tyranitar|83\/100\n|-damage|p1b: Sneasler|7\/100\n|-damage|p2b: Hydreigon|75\/100|[from] item: Life Orb\n|move|p2a: Basculegion|Wave Crash|p1a: Tyranitar\n|-supereffective|p1a: Tyranitar\n|-damage|p1a: Tyranitar|0 fnt\n|faint|p1a: Tyranitar\n|-damage|p2a: Basculegion|0 fnt|[from] Recoil\n|faint|p2a: Basculegion\n|\n|-weather|Sandstorm|[upkeep]\n|-damage|p1b: Sneasler|2\/100|[from] Sandstorm\n|-damage|p2b: Hydreigon|69\/100|[from] Sandstorm\n|upkeep\n|\n|t:|1729057610\n|switch|p2a: Pawmot|Pawmot, L50, M|100\/100\n|switch|p1a: Indeedee|Indeedee-F, L50, F|100\/100\n|turn|3\n|\n|t:|1729057621\n|move|p2b: Hydreigon|Protect|p2b: Hydreigon\n|-singleturn|p2b: Hydreigon|Protect\n|move|p2a: Pawmot|Revival Blessing|p2a: Pawmot\n|\n|t:|1729057627\n|-heal|p2: Basculegion|50\/100|[from] move: Revival Blessing\n|move|p1b: Sneasler|Close Combat|p2b: Hydreigon\n|-activate|p2b: Hydreigon|move: Protect\n|move|p1a: Indeedee|Trick Room|p1a: Indeedee\n|-fieldstart|move: Trick Room|[of] p1a: Indeedee\n|\n|-weather|Sandstorm|[upkeep]\n|-damage|p2b: Hydreigon|63\/100|[from] Sandstorm\n|-damage|p1b: Sneasler|0 fnt|[from] Sandstorm\n|-damage|p2a: Pawmot|94\/100|[from] Sandstorm\n|faint|p1b: Sneasler\n|upkeep\n|\n|t:|1729057637\n|switch|p1b: Armarouge|Armarouge, L50, F, shiny|100\/100\n|turn|4\n|\n|t:|1729057648\n|move|p1a: Indeedee|Helping Hand|p1b: Armarouge\n|-singleturn|p1b: Armarouge|Helping Hand|[of] p1a: Indeedee\n|move|p1b: Armarouge|Expanding Force|p2b: Hydreigon|[spread] p2a,p2b\n|-supereffective|p2a: Pawmot\n|-damage|p2a: Pawmot|0 fnt\n|-damage|p2b: Hydreigon|0 fnt\n|faint|p2a: Pawmot\n|faint|p2b: Hydreigon\n|\n|-weather|Sandstorm|[upkeep]\n|-damage|p1b: Armarouge|94\/100|[from] Sandstorm\n|-sideend|p2: datbishgames|move: Tailwind\n|upkeep\n|\n|t:|1729057653\n|switch|p2b: Basculegion|Basculegion, L50, M|50\/100\n|turn|5\n|\n|t:|1729057666\n|move|p1a: Indeedee|Follow Me|p1a: Indeedee\n|-singleturn|p1a: Indeedee|move: Follow Me\n|move|p2b: Basculegion|Wave Crash|p1a: Indeedee\n|-crit|p1a: Indeedee\n|-damage|p1a: Indeedee|0 fnt\n|faint|p1a: Indeedee\n|-damage|p2b: Basculegion|22\/100|[from] Recoil\n|move|p1b: Armarouge|Expanding Force|p2b: Basculegion\n|-damage|p2b: Basculegion|0 fnt\n|faint|p2b: Basculegion\n|\n|win|badpiplupvgc\n|raw|badpiplupvgc's rating: 1682 &rarr; <strong>1706<\/strong><br \/>(+24 for winning)\n|raw|datbishgames's rating: 1756 &rarr; <strong>1732<\/strong><br \/>(-24 for losing)\n|l|\u2606datbishgames\n|player|p2|\n|l|\u2606badpiplupvgc\n|player|p1|\n","uploadtime":1729057808,"views":12,"formatid":"gen9vgc2024regh","rating":1706,"private":0,"password":null}