{"id":"gen9vgc2024regh-2223579105","format":"[Gen 9] VGC 2024 Reg H","players":["NoPants1101","datbishgames"],"log":"|j|\u2606NoPants1101\n|j|\u2606datbishgames\n|t:|1729014027\n|gametype|doubles\n|player|p1|NoPants1101|rei|1678\n|player|p2|datbishgames|mira|1732\n|teamsize|p1|6\n|teamsize|p2|6\n|gen|9\n|tier|[Gen 9] VGC 2024 Reg H\n|rated|\n|rule|Species Clause: Limit one of each Pok\u00e9mon\n|rule|Item Clause: Limit 1 of each item\n|clearpoke\n|poke|p1|Kilowattrel, L50, M|\n|poke|p1|Garchomp, L50, M|\n|poke|p1|Sneasler, L50, F|\n|poke|p1|Indeedee, L50, M|\n|poke|p1|Annihilape, L50, M|\n|poke|p1|Amoonguss, L50, M|\n|poke|p2|Whimsicott, L50, M|\n|poke|p2|Basculegion, L50, M|\n|poke|p2|Arcanine-Hisui, L50, F|\n|poke|p2|Hydreigon, L50, F|\n|poke|p2|Farigiraf, L50, M|\n|poke|p2|Pawmot, L50, F|\n|teampreview|4\n|inactive|Battle timer is ON: inactive players will automatically lose when time's up. (requested by datbishgames)\nNoPants1101 has agreed to open team sheets.\n|inactive|NoPants1101 has 60 seconds left.\n|\n|t:|1729014058\n|start\n|switch|p1a: Kilowattrel|Kilowattrel, L50, M|100\/100\n|switch|p1b: Garchomp|Garchomp, L50, M|100\/100\n|switch|p2a: Whimsicott|Whimsicott, L50, M|100\/100\n|switch|p2b: Farigiraf|Farigiraf, L50, M|100\/100\n|turn|1\n|\n|t:|1729014077\n|-terastallize|p1b: Garchomp|Steel\n|-terastallize|p2b: Farigiraf|Grass\n|move|p1a: Kilowattrel|Air Slash|p2a: Whimsicott\n|-supereffective|p2a: Whimsicott\n|-damage|p2a: Whimsicott|28\/100\n|move|p1b: Garchomp|Earthquake|p2a: Whimsicott|[spread] p2a,p2b\n|-immune|p1a: Kilowattrel\n|-resisted|p2a: Whimsicott\n|-resisted|p2b: Farigiraf\n|-damage|p2a: Whimsicott|0 fnt\n|-damage|p2b: Farigiraf|71\/100\n|faint|p2a: Whimsicott\n|-damage|p1b: Garchomp|91\/100|[from] item: Life Orb\n|move|p2b: Farigiraf|Trick Room|p2b: Farigiraf\n|-fieldstart|move: Trick Room|[of] p2b: Farigiraf\n|\n|upkeep\n|j| BloomyVGC\n|\n|t:|1729014096\n|switch|p2a: Basculegion|Basculegion, L50, M|100\/100\n|turn|2\n|l| BloomyVGC\n|\n|t:|1729014106\n|move|p1b: Garchomp|Protect|p1b: Garchomp\n|-singleturn|p1b: Garchomp|Protect\n|move|p1a: Kilowattrel|Protect|p1a: Kilowattrel\n|-singleturn|p1a: Kilowattrel|Protect\n|move|p2b: Farigiraf|Hyper Voice|p1a: Kilowattrel|[spread] \n|-activate|p1a: Kilowattrel|move: Protect\n|-activate|p1b: Garchomp|move: Protect\n|move|p2a: Basculegion|Last Respects|p1a: Kilowattrel\n|-activate|p1a: Kilowattrel|move: Protect\n|\n|upkeep\n|turn|3\n|j| Claarity\n|inactive|NoPants1101 has 30 seconds left.\n|inactive|NoPants1101 has 20 seconds left.\n|inactive|NoPants1101 has 15 seconds left.\n|\n|t:|1729014151\n|move|p2b: Farigiraf|Twin Beam|p1a: Kilowattrel\n|-damage|p1a: Kilowattrel|65\/100\n|-damage|p1a: Kilowattrel|28\/100\n|-hitcount|p1a: Kilowattrel|2\n|move|p2a: Basculegion|Last Respects|p1b: Garchomp\n|-damage|p1b: Garchomp|5\/100\n|move|p1b: Garchomp|Dragon Claw|p2a: Basculegion\n|-damage|p2a: Basculegion|45\/100\n|-damage|p1b: Garchomp|0 fnt|[from] item: Life Orb\n|faint|p1b: Garchomp\n|move|p1a: Kilowattrel|Air Slash|p2b: Farigiraf\n|-supereffective|p2b: Farigiraf\n|-damage|p2b: Farigiraf|10\/100\n|\n|upkeep\n|\n|t:|1729014166\n|switch|p1b: Indeedee|Indeedee, L50, M, shiny|100\/100\n|-fieldstart|move: Psychic Terrain|[from] ability: Psychic Surge|[of] p1b: Indeedee\n|turn|4\n|\n|t:|1729014181\n|switch|p2a: Pawmot|Pawmot, L50, F|100\/100\n|move|p1a: Kilowattrel|Protect|p1a: Kilowattrel\n|-singleturn|p1a: Kilowattrel|Protect\n|move|p2b: Farigiraf|Hyper Voice|p1a: Kilowattrel|[spread] p1b\n|-activate|p1a: Kilowattrel|move: Protect\n|-damage|p1b: Indeedee|58\/100\n|-enditem|p2b: Farigiraf|Throat Spray\n|-boost|p2b: Farigiraf|spa|1|[from] item: Throat Spray\n|move|p1b: Indeedee|Expanding Force|p2b: Farigiraf|[spread] p2a,p2b\n|-supereffective|p2a: Pawmot\n|-enditem|p2a: Pawmot|Focus Sash\n|-damage|p2a: Pawmot|1\/100\n|-damage|p2b: Farigiraf|0 fnt\n|faint|p2b: Farigiraf\n|\n|upkeep\n|\n|t:|1729014192\n|switch|p2b: Basculegion|Basculegion, L50, M|45\/100\n|turn|5\n|\n|t:|1729014214\n|switch|p1a: Sneasler|Sneasler, L50, F|100\/100\n|-enditem|p1a: Sneasler|Psychic Seed\n|-boost|p1a: Sneasler|spd|1|[from] item: Psychic Seed\n|move|p2b: Basculegion|Wave Crash|p1b: Indeedee\n|-damage|p1b: Indeedee|0 fnt\n|faint|p1b: Indeedee\n|-damage|p2b: Basculegion|33\/100|[from] Recoil\n|move|p2a: Pawmot|Double Shock|p1a: Sneasler\n|-damage|p1a: Sneasler|7\/100\n|-start|p2a: Pawmot|typechange|???\/Fighting|[from] move: Double Shock\n|\n|-fieldend|move: Trick Room\n|upkeep\n|\n|t:|1729014226\n|switch|p1b: Kilowattrel|Kilowattrel, L50, M|28\/100\n|turn|6\n|\n|t:|1729014240\n|move|p1a: Sneasler|Acrobatics|p2b: Basculegion\n|-damage|p2b: Basculegion|0 fnt\n|faint|p2b: Basculegion\n|move|p1b: Kilowattrel|Air Slash|p2a: Pawmot\n|-supereffective|p2a: Pawmot\n|-damage|p2a: Pawmot|0 fnt\n|faint|p2a: Pawmot\n|\n|win|NoPants1101\n|raw|NoPants1101's rating: 1678 &rarr; <strong>1701<\/strong><br \/>(+23 for winning)\n|raw|datbishgames's rating: 1732 &rarr; <strong>1709<\/strong><br \/>(-23 for losing)\n|l|\u2606datbishgames\n|player|p2|\n|l|\u2606NoPants1101\n|player|p1|\n","uploadtime":1729014416,"views":11,"formatid":"gen9vgc2024regh","rating":1701,"private":0,"password":null}