{"id":"gen9vgc2024regh-2223765372","format":"[Gen 9] VGC 2024 Reg H","players":["dd6.75","elvegis1"],"log":"|j|\u2606dd6.75\n|j|\u2606elvegis1\n|t:|1729031268\n|gametype|doubles\n|player|p1|dd6.75|2|1723\n|player|p2|elvegis1|lucas|1700\n|teamsize|p1|6\n|teamsize|p2|6\n|gen|9\n|tier|[Gen 9] VGC 2024 Reg H\n|rated|\n|rule|Species Clause: Limit one of each Pok\u00e9mon\n|rule|Item Clause: Limit 1 of each item\n|clearpoke\n|poke|p1|Dondozo, L50, F|\n|poke|p1|Tatsugiri, L50, M|\n|poke|p1|Dragonite, L50, M|\n|poke|p1|Gholdengo, L50|\n|poke|p1|Pawmot, L50, M|\n|poke|p1|Talonflame, L50, F|\n|poke|p2|Garchomp, L50, M|\n|poke|p2|Incineroar, L50, M|\n|poke|p2|Sneasler, L50, F|\n|poke|p2|Ninetales-Alola, L50, M|\n|poke|p2|Corviknight, L50, M|\n|poke|p2|Gholdengo, L50|\n|teampreview|4\n|inactive|Battle timer is ON: inactive players will automatically lose when time's up. (requested by elvegis1)\n|inactive|dd6.75 also wants the timer to be on.\n|inactive|elvegis1 has 60 seconds left.\n|\n|t:|1729031317\n|start\n|switch|p1a: Talonflame|Talonflame, L50, F|100\/100\n|switch|p1b: Gholdengo|Gholdengo, L50|100\/100\n|switch|p2a: Incineroar|Incineroar, L50, M|100\/100\n|switch|p2b: Gholdengo|Gholdengo, L50|100\/100\n|-ability|p2a: Incineroar|Intimidate|boost\n|-unboost|p1a: Talonflame|atk|1\n|-unboost|p1b: Gholdengo|atk|1\n|turn|1\n|inactive|dd6.75 has 30 seconds left.\n|inactive|dd6.75 has 20 seconds left.\n|inactive|dd6.75 has 15 seconds left.\n|\n|t:|1729031359\n|move|p2b: Gholdengo|Protect|p2b: Gholdengo\n|-singleturn|p2b: Gholdengo|Protect\n|move|p1a: Talonflame|Tailwind|p1a: Talonflame\n|-sidestart|p1: dd6.75|move: Tailwind\n|move|p1b: Gholdengo|Shadow Ball|p2b: Gholdengo\n|-activate|p2b: Gholdengo|move: Protect\n|move|p2a: Incineroar|Flare Blitz|p1b: Gholdengo\n|-supereffective|p1b: Gholdengo\n|-damage|p1b: Gholdengo|0 fnt\n|faint|p1b: Gholdengo\n|-damage|p2a: Incineroar|74\/100|[from] Recoil\n|\n|upkeep\n|\n|t:|1729031361\n|switch|p1b: Dondozo|Dondozo, L50, F|100\/100\n|turn|2\n|inactive|elvegis1 has 30 seconds left.\n|\n|t:|1729031391\n|switch|p1a: Tatsugiri|Tatsugiri, L50, M|100\/100\n|-activate|p1a: Tatsugiri|ability: Commander|[of] p1b: Dondozo\n|-boost|p1b: Dondozo|atk|2\n|-boost|p1b: Dondozo|spa|2\n|-boost|p1b: Dondozo|spe|2\n|-boost|p1b: Dondozo|def|2\n|-boost|p1b: Dondozo|spd|2\n|-terastallize|p2a: Incineroar|Ghost\n|move|p1b: Dondozo|Earthquake|p2b: Gholdengo|[spread] p2a,p2b\n|-miss|p1b: Dondozo|p1a: Tatsugiri\n|-supereffective|p2b: Gholdengo\n|-damage|p2a: Incineroar|34\/100\n|-damage|p2b: Gholdengo|0 fnt\n|faint|p2b: Gholdengo\n|move|p2a: Incineroar|Parting Shot|p1b: Dondozo\n|-unboost|p1b: Dondozo|atk|1\n|-unboost|p1b: Dondozo|spa|1\n|\n|t:|1729031407\n|switch|p2a: Ninetales|Ninetales-Alola, L50, M|100\/100|[from] Parting Shot\n|-weather|Snow|[from] ability: Snow Warning|[of] p2a: Ninetales\n|\n|-weather|Snow|[upkeep]\n|upkeep\n|\n|t:|1729031408\n|switch|p2b: Incineroar|Incineroar, L50, M, tera:Ghost|34\/100\n|-ability|p2b: Incineroar|Intimidate|boost\n|-unboost|p1a: Tatsugiri|atk|1\n|-unboost|p1b: Dondozo|atk|1\n|turn|3\n|\n|t:|1729031413\n|move|p1b: Dondozo|Protect|p1b: Dondozo\n|-singleturn|p1b: Dondozo|Protect\n|move|p2b: Incineroar|Fake Out|p1b: Dondozo\n|-activate|p1b: Dondozo|move: Protect\n|move|p2a: Ninetales|Aurora Veil|p2a: Ninetales\n|-sidestart|p2: elvegis1|move: Aurora Veil\n|\n|-weather|Snow|[upkeep]\n|upkeep\n|turn|4\n|\n|t:|1729031420\n|move|p1b: Dondozo|Order Up|p2b: Incineroar\n|-damage|p2b: Incineroar|19\/100\n|-boost|p1b: Dondozo|atk|1\n|move|p2a: Ninetales|Encore|p1b: Dondozo\n|-start|p1b: Dondozo|Encore\n|move|p2b: Incineroar|Knock Off|p1b: Dondozo\n|-damage|p1b: Dondozo|87\/100\n|-enditem|p1b: Dondozo|Leftovers|[from] move: Knock Off|[of] p2b: Incineroar\n|\n|-weather|Snow|[upkeep]\n|-sideend|p1: dd6.75|move: Tailwind\n|upkeep\n|turn|5\n|\n|t:|1729031439\n|move|p2a: Ninetales|Freeze-Dry|p1b: Dondozo\n|-supereffective|p1b: Dondozo\n|-damage|p1b: Dondozo|60\/100\n|move|p1b: Dondozo|Order Up|p2b: Incineroar\n|-damage|p2b: Incineroar|0 fnt\n|faint|p2b: Incineroar\n|-boost|p1b: Dondozo|atk|1\n|\n|-weather|Snow|[upkeep]\n|upkeep\n|\n|t:|1729031449\n|switch|p2b: Sneasler|Sneasler, L50, F|100\/100\n|turn|6\n|\n|t:|1729031457\n|move|p2b: Sneasler|Protect|p2b: Sneasler\n|-singleturn|p2b: Sneasler|Protect\n|move|p2a: Ninetales|Freeze-Dry|p1b: Dondozo\n|-supereffective|p1b: Dondozo\n|-damage|p1b: Dondozo|33\/100\n|move|p1b: Dondozo|Order Up|p2b: Sneasler\n|-activate|p2b: Sneasler|move: Protect\n|\n|-weather|none\n|upkeep\n|turn|7\n|\n|t:|1729031468\n|move|p2b: Sneasler|Dire Claw|p1b: Dondozo\n|-damage|p1b: Dondozo|19\/100\n|move|p2a: Ninetales|Freeze-Dry|p1b: Dondozo\n|-supereffective|p1b: Dondozo\n|-damage|p1b: Dondozo|0 fnt\n|faint|p1b: Dondozo\n|\n|upkeep\n|\n|t:|1729031473\n|switch|p1b: Talonflame|Talonflame, L50, F|100\/100\n|turn|8\n|\n|t:|1729031483\n|move|p1a: Tatsugiri|Icy Wind|p2a: Ninetales|[spread] p2a,p2b\n|-resisted|p2a: Ninetales\n|-damage|p2a: Ninetales|95\/100\n|-damage|p2b: Sneasler|88\/100\n|-unboost|p2a: Ninetales|spe|1\n|-unboost|p2b: Sneasler|spe|1\n|move|p1b: Talonflame|Flare Blitz|p2a: Ninetales\n|-supereffective|p2a: Ninetales\n|-damage|p2a: Ninetales|13\/100\n|-damage|p1b: Talonflame|71\/100|[from] Recoil\n|move|p2b: Sneasler|Dire Claw|p1b: Talonflame\n|-damage|p1b: Talonflame|4\/100\n|move|p2a: Ninetales|Freeze-Dry|p1a: Tatsugiri\n|-supereffective|p1a: Tatsugiri\n|-damage|p1a: Tatsugiri|0 fnt\n|faint|p1a: Tatsugiri\n|\n|upkeep\n|turn|9\n|\n|t:|1729031499\n|move|p1b: Talonflame|Flare Blitz|p2a: Ninetales\n|-supereffective|p2a: Ninetales\n|-damage|p2a: Ninetales|0 fnt\n|faint|p2a: Ninetales\n|-damage|p1b: Talonflame|0 fnt|[from] Recoil\n|faint|p1b: Talonflame\n|\n|win|elvegis1\n|raw|dd6.75's rating: 1723 &rarr; <strong>1702<\/strong><br \/>(-21 for losing)\n|raw|elvegis1's rating: 1700 &rarr; <strong>1721<\/strong><br \/>(+21 for winning)\n|l|\u2606elvegis1\n|player|p2|\n|l|\u2606dd6.75\n|player|p1|\n","uploadtime":1729031650,"views":22,"formatid":"gen9vgc2024regh","rating":1702,"private":0,"password":null}