{"id":"gen9vgc2024regh-2223460411","format":"[Gen 9] VGC 2024 Reg H","players":["SERENA2024","sawawa256"],"log":"|j|\u2606SERENA2024\n|j|\u2606sawawa256\n|t:|1729003840\n|gametype|doubles\n|player|p1|SERENA2024|170|1714\n|player|p2|sawawa256|hilbert|1779\n|teamsize|p1|6\n|teamsize|p2|6\n|gen|9\n|tier|[Gen 9] VGC 2024 Reg H\n|rated|\n|rule|Species Clause: Limit one of each Pok\u00e9mon\n|rule|Item Clause: Limit 1 of each item\n|clearpoke\n|poke|p1|Whimsicott, L50, M|\n|poke|p1|Ursaluna-Bloodmoon, L50, M|\n|poke|p1|Archaludon, L50, F|\n|poke|p1|Flamigo, L50, M|\n|poke|p1|Typhlosion-Hisui, L50, F|\n|poke|p1|Rillaboom, L50, F|\n|poke|p2|Rillaboom, L50, M|\n|poke|p2|Gholdengo, L50|\n|poke|p2|Maushold-Four, L50|\n|poke|p2|Dragonite, L50, F|\n|poke|p2|Garchomp, L50, F|\n|poke|p2|Blaziken, L50, M|\n|teampreview|4\n|inactive|Battle timer is ON: inactive players will automatically lose when time's up. (requested by sawawa256)\n|inactive|sawawa256 has 60 seconds left.\n|\n|t:|1729003895\n|start\n|switch|p1a: Typhlosion|Typhlosion-Hisui, L50, F|100\/100\n|switch|p1b: Whimsicott|Whimsicott, L50, M|100\/100\n|switch|p2a: Garchomp|Garchomp, L50, F|100\/100\n|switch|p2b: Dragonite|Dragonite, L50, F|100\/100\n|-item|p2a: Garchomp|Earth Plate|[from] ability: Frisk|[of] p1a: Typhlosion\n|-item|p2b: Dragonite|Safety Goggles|[from] ability: Frisk|[of] p1a: Typhlosion\n|turn|1\n|\n|t:|1729003917\n|move|p1b: Whimsicott|Tailwind|p1b: Whimsicott\n|-sidestart|p1: SERENA2024|move: Tailwind\n|move|p1a: Typhlosion|Eruption|p2b: Dragonite|[spread] p2a,p2b\n|-resisted|p2a: Garchomp\n|-resisted|p2b: Dragonite\n|-damage|p2a: Garchomp|52\/100\n|-damage|p2b: Dragonite|81\/100\n|move|p2a: Garchomp|Stomping Tantrum|p1a: Typhlosion\n|-supereffective|p1a: Typhlosion\n|-damage|p1a: Typhlosion|0 fnt\n|faint|p1a: Typhlosion\n|move|p2b: Dragonite|Tailwind|p2b: Dragonite\n|-sidestart|p2: sawawa256|move: Tailwind\n|\n|upkeep\n|\n|t:|1729003931\n|switch|p1a: Ursaluna|Ursaluna-Bloodmoon, L50, M|100\/100\n|turn|2\n|inactive|SERENA2024 has 30 seconds left.\n|inactive|sawawa256 has 30 seconds left.\n|\n|t:|1729003966\n|-terastallize|p1a: Ursaluna|Normal\n|move|p2b: Dragonite|Extreme Speed|p1b: Whimsicott\n|-damage|p1b: Whimsicott|69\/100\n|move|p1b: Whimsicott|Moonblast|p2a: Garchomp\n|-supereffective|p2a: Garchomp\n|-damage|p2a: Garchomp|0 fnt\n|faint|p2a: Garchomp\n|move|p1a: Ursaluna|Blood Moon|p2b: Dragonite\n|-damage|p2b: Dragonite|0 fnt\n|faint|p2b: Dragonite\n|-damage|p1a: Ursaluna|91\/100|[from] item: Life Orb\n|\n|upkeep\n|\n|t:|1729003979\n|switch|p2a: Blaziken|Blaziken, L50, M|100\/100\n|switch|p2b: Rillaboom|Rillaboom, L50, M|100\/100\n|-fieldstart|move: Grassy Terrain|[from] ability: Grassy Surge|[of] p2b: Rillaboom\n|turn|3\n|inactive|SERENA2024 has 30 seconds left.\n|\n|t:|1729004004\n|move|p2b: Rillaboom|Fake Out|p1a: Ursaluna\n|-damage|p1a: Ursaluna|79\/100\n|move|p1b: Whimsicott|Fake Tears|p2a: Blaziken\n|-unboost|p2a: Blaziken|spd|2\n|move|p2a: Blaziken|Flare Blitz|p1b: Whimsicott\n|-supereffective|p1b: Whimsicott\n|-damage|p1b: Whimsicott|0 fnt\n|faint|p1b: Whimsicott\n|-damage|p2a: Blaziken|78\/100|[from] Recoil\n|-damage|p2a: Blaziken|68\/100|[from] item: Life Orb\n|cant|p1a: Ursaluna|flinch\n|\n|-heal|p2a: Blaziken|74\/100|[from] Grassy Terrain\n|-heal|p1a: Ursaluna|85\/100|[from] Grassy Terrain\n|-ability|p2a: Blaziken|Speed Boost|boost\n|-boost|p2a: Blaziken|spe|1\n|upkeep\n|\n|t:|1729004007\n|switch|p1b: Flamigo|Flamigo, L50, M|100\/100\n|turn|4\n|j| xiaoliyun.official\n|inactive|sawawa256 has 30 seconds left.\n|inactive|sawawa256 has 20 seconds left.\n|\n|t:|1729004043\n|move|p1a: Ursaluna|Protect|p1a: Ursaluna\n|-singleturn|p1a: Ursaluna|Protect\n|move|p2b: Rillaboom|Grassy Glide|p1b: Flamigo\n|-resisted|p1b: Flamigo\n|-damage|p1b: Flamigo|69\/100\n|move|p2a: Blaziken|Flare Blitz|p1b: Flamigo\n|-damage|p1b: Flamigo|0 fnt\n|faint|p1b: Flamigo\n|-damage|p2a: Blaziken|51\/100|[from] Recoil\n|-damage|p2a: Blaziken|41\/100|[from] item: Life Orb\n|\n|-heal|p2a: Blaziken|47\/100|[from] Grassy Terrain\n|-heal|p1a: Ursaluna|90\/100|[from] Grassy Terrain\n|-sideend|p2: sawawa256|move: Tailwind\n|-sideend|p1: SERENA2024|move: Tailwind\n|-ability|p2a: Blaziken|Speed Boost|boost\n|-boost|p2a: Blaziken|spe|1\n|upkeep\n|turn|5\n|\n|t:|1729004062\n|move|p2a: Blaziken|Close Combat|p1a: Ursaluna\n|-supereffective|p1a: Ursaluna\n|-damage|p1a: Ursaluna|0 fnt\n|-unboost|p2a: Blaziken|def|1\n|-unboost|p2a: Blaziken|spd|1\n|faint|p1a: Ursaluna\n|-damage|p2a: Blaziken|37\/100|[from] item: Life Orb\n|\n|win|sawawa256\n|raw|SERENA2024's rating: 1714 &rarr; <strong>1698<\/strong><br \/>(-16 for losing)\n|raw|sawawa256's rating: 1779 &rarr; <strong>1795<\/strong><br \/>(+16 for winning)\n|c|\u2606SERENA2024|gg\n|l|\u2606SERENA2024\n|player|p1|\n|c|\u2606sawawa256|gg\n|l| xiaoliyun.official\n","uploadtime":1729004306,"views":16,"formatid":"gen9vgc2024regh","rating":1698,"private":0,"password":null}