{"id":"gen9vgc2024regh-2224581383","format":"[Gen 9] VGC 2024 Reg H","players":["Brave12223","OUFR snakeburger1"],"log":"|j|\u2606Brave12223\n|j|\u2606OUFR snakeburger1\n|t:|1729124600\n|gametype|doubles\n|player|p1|Brave12223|ingo|1732\n|player|p2|OUFR snakeburger1|266|1730\n|teamsize|p1|6\n|teamsize|p2|6\n|gen|9\n|tier|[Gen 9] VGC 2024 Reg H\n|rated|\n|rule|Species Clause: Limit one of each Pok\u00e9mon\n|rule|Item Clause: Limit 1 of each item\n|clearpoke\n|poke|p1|Tyranitar, L50, F|\n|poke|p1|Gastrodon, L50, F|\n|poke|p1|Garchomp, L50, F|\n|poke|p1|Talonflame, L50, M|\n|poke|p1|Kingambit, L50, M|\n|poke|p1|Tsareena, L50, F|\n|poke|p2|Volcarona, L50, F|\n|poke|p2|Ninetales-Alola, L50, F|\n|poke|p2|Kingambit, L50, F|\n|poke|p2|Rillaboom, L50, F|\n|poke|p2|Sneasler, L50, F|\n|poke|p2|Dragonite, L50, M|\n|teampreview|4\n|c|\u2606OUFR snakeburger1|glhf\n|inactive|Battle timer is ON: inactive players will automatically lose when time's up. (requested by Brave12223)\n|c|\u2606Brave12223|u2\n|\n|t:|1729124629\n|start\n|switch|p1a: Talonflame|Talonflame, L50, M|100\/100\n|switch|p1b: Garchomp|Garchomp, L50, F|100\/100\n|switch|p2a: Sneasler|Sneasler, L50, F|100\/100\n|switch|p2b: Dragonite|Dragonite, L50, M|100\/100\n|turn|1\n|inactive|Brave12223 has 30 seconds left.\n|inactive|OUFR snakeburger1 has 30 seconds left.\n|\n|t:|1729124662\n|-terastallize|p2b: Dragonite|Flying\n|move|p1a: Talonflame|Brave Bird|p2a: Sneasler\n|-supereffective|p2a: Sneasler\n|-enditem|p2a: Sneasler|Focus Sash\n|-damage|p2a: Sneasler|1\/100\n|-damage|p1a: Talonflame|73\/100|[from] Recoil\n|move|p2a: Sneasler|Coaching|p2b: Dragonite\n|-boost|p2b: Dragonite|atk|1\n|-boost|p2b: Dragonite|def|1\n|move|p1b: Garchomp|Dragon Claw|p2b: Dragonite\n|-damage|p2b: Dragonite|78\/100\n|move|p2b: Dragonite|Tera Blast|p1b: Garchomp|[anim] Tera Blast Flying\n|-damage|p1b: Garchomp|5\/100\n|\n|upkeep\n|turn|2\n|j| Meditate Golisopod\n|inactive|OUFR snakeburger1 has 30 seconds left.\n|\n|t:|1729124689\n|switch|p2a: Ninetales|Ninetales-Alola, L50, F|100\/100\n|-weather|Snow|[from] ability: Snow Warning|[of] p2a: Ninetales\n|move|p2b: Dragonite|Extreme Speed|p1a: Talonflame\n|-damage|p1a: Talonflame|7\/100\n|move|p1a: Talonflame|Will-O-Wisp|p2b: Dragonite\n|-status|p2b: Dragonite|brn\n|-enditem|p2b: Dragonite|Lum Berry|[eat]\n|-curestatus|p2b: Dragonite|brn|[msg]\n|move|p1b: Garchomp|Dragon Claw|p2a: Ninetales\n|-immune|p2a: Ninetales\n|\n|-weather|Snow|[upkeep]\n|upkeep\n|turn|3\n|\n|t:|1729124707\n|move|p2b: Dragonite|Extreme Speed|p1a: Talonflame\n|-damage|p1a: Talonflame|0 fnt\n|faint|p1a: Talonflame\n|move|p2a: Ninetales|Blizzard|p1b: Garchomp\n|-supereffective|p1b: Garchomp\n|-damage|p1b: Garchomp|0 fnt\n|faint|p1b: Garchomp\n|\n|-weather|Snow|[upkeep]\n|upkeep\n|\n|t:|1729124710\n|switch|p1a: Tyranitar|Tyranitar, L50, F|100\/100\n|switch|p1b: Kingambit|Kingambit, L50, M|100\/100\n|-weather|Sandstorm|[from] ability: Sand Stream|[of] p1a: Tyranitar\n|turn|4\n|\n|t:|1729124733\n|switch|p2a: Sneasler|Sneasler, L50, F|1\/100\n|-terastallize|p1b: Kingambit|Flying\n|move|p1b: Kingambit|Sucker Punch|p2b: Dragonite\n|-damage|p2b: Dragonite|44\/100\n|move|p1a: Tyranitar|Rock Slide|p2a: Sneasler|[spread] p2b\n|-miss|p1a: Tyranitar|p2a: Sneasler\n|-supereffective|p2b: Dragonite\n|-damage|p2b: Dragonite|3\/100\n|move|p2b: Dragonite|Stomping Tantrum|p1a: Tyranitar\n|-supereffective|p1a: Tyranitar\n|-damage|p1a: Tyranitar|16\/100\n|\n|-weather|Sandstorm|[upkeep]\n|-damage|p2a: Sneasler|0 fnt|[from] Sandstorm\n|-damage|p2b: Dragonite|0 fnt|[from] Sandstorm\n|-damage|p1b: Kingambit|95\/100|[from] Sandstorm\n|faint|p2a: Sneasler\n|faint|p2b: Dragonite\n|upkeep\n|\n|t:|1729124750\n|switch|p2a: Ninetales|Ninetales-Alola, L50, F|100\/100\n|switch|p2b: Volcarona|Volcarona, L50, F|100\/100\n|-weather|Snow|[from] ability: Snow Warning|[of] p2a: Ninetales\n|turn|5\n|\n|t:|1729124762\n|move|p1a: Tyranitar|Protect|p1a: Tyranitar\n|-singleturn|p1a: Tyranitar|Protect\n|move|p2a: Ninetales|Blizzard|p1b: Kingambit|[spread] p1b\n|-activate|p1a: Tyranitar|move: Protect\n|-supereffective|p1b: Kingambit\n|-crit|p1b: Kingambit\n|-damage|p1b: Kingambit|11\/100\n|move|p2b: Volcarona|Heat Wave|p1b: Kingambit|[spread] p1b\n|-activate|p1a: Tyranitar|move: Protect\n|-damage|p1b: Kingambit|0 fnt\n|faint|p1b: Kingambit\n|\n|-weather|Snow|[upkeep]\n|upkeep\n|turn|6\n|-message|Brave12223 forfeited.\n|\n|win|OUFR snakeburger1\n|raw|Brave12223's rating: 1732 &rarr; <strong>1712<\/strong><br \/>(-20 for losing)\n|raw|OUFR snakeburger1's rating: 1730 &rarr; <strong>1750<\/strong><br \/>(+20 for winning)\n|l|\u2606Brave12223\n|player|p1|\n|l| Meditate Golisopod\n|l|\u2606OUFR snakeburger1\n|player|p2|\n","uploadtime":1729124906,"views":9,"formatid":"gen9vgc2024regh","rating":1712,"private":0,"password":null}