{"id":"gen9vgc2024regh-2224249295","format":"[Gen 9] VGC 2024 Reg H","players":["Team515","ray4gej"],"log":"|j|\u2606Team515\n|j|\u2606ray4gej\n|t:|1729092845\n|gametype|doubles\n|player|p1|Team515|volkner|1638\n|player|p2|ray4gej|102|1719\n|teamsize|p1|6\n|teamsize|p2|6\n|gen|9\n|tier|[Gen 9] VGC 2024 Reg H\n|rated|\n|rule|Species Clause: Limit one of each Pok\u00e9mon\n|rule|Item Clause: Limit 1 of each item\n|clearpoke\n|poke|p1|Garchomp, L50, M|\n|poke|p1|Sinistcha-Masterpiece, L50|\n|poke|p1|Annihilape, L50, M|\n|poke|p1|Kingambit, L50, M|\n|poke|p1|Talonflame, L50, M|\n|poke|p1|Ninetales-Alola, L50, M|\n|poke|p2|Kleavor, L50, F|\n|poke|p2|Kingambit, L50, M|\n|poke|p2|Rillaboom, L50, F|\n|poke|p2|Salazzle, L50, F|\n|poke|p2|Garchomp, L50, M|\n|poke|p2|Sableye, L50, F|\n|teampreview|4\n|inactive|Battle timer is ON: inactive players will automatically lose when time's up. (requested by Team515)\n|\n|t:|1729092899\n|start\n|switch|p1a: Talonflame|Talonflame, L50, M, shiny|100\/100\n|switch|p1b: Garchomp|Garchomp, L50, M, shiny|100\/100\n|switch|p2a: Salazzle|Salazzle, L50, F|100\/100\n|switch|p2b: Kleavor|Kleavor, L50, F|100\/100\n|turn|1\n|\n|t:|1729092909\n|move|p1a: Talonflame|Protect|p1a: Talonflame\n|-singleturn|p1a: Talonflame|Protect\n|move|p1b: Garchomp|Protect|p1b: Garchomp\n|-singleturn|p1b: Garchomp|Protect\n|move|p2a: Salazzle|Fake Out|p1a: Talonflame\n|-activate|p1a: Talonflame|move: Protect\n|move|p2b: Kleavor|Stone Axe|p1a: Talonflame\n|-activate|p1a: Talonflame|move: Protect\n|\n|upkeep\n|turn|2\n|\n|t:|1729092924\n|move|p1a: Talonflame|Tailwind|p1a: Talonflame\n|-sidestart|p1: Team515|move: Tailwind\n|move|p1b: Garchomp|Earthquake|p2a: Salazzle|[spread] p2a,p2b\n|-immune|p1a: Talonflame\n|-supereffective|p2a: Salazzle\n|-enditem|p2a: Salazzle|Focus Sash\n|-damage|p2a: Salazzle|1\/100\n|-damage|p2b: Kleavor|36\/100\n|-damage|p1b: Garchomp|91\/100|[from] item: Life Orb\n|move|p2b: Kleavor|Stone Axe|p1a: Talonflame\n|-supereffective|p1a: Talonflame\n|-damage|p1a: Talonflame|0 fnt\n|-damage|p2b: Kleavor|19\/100|[from] item: Rocky Helmet|[of] p1a: Talonflame\n|-sidestart|p1: Team515|move: Stealth Rock\n|faint|p1a: Talonflame\n|move|p2a: Salazzle|Will-O-Wisp|p1b: Garchomp\n|-status|p1b: Garchomp|brn\n|\n|-damage|p1b: Garchomp|85\/100 brn|[from] brn\n|upkeep\n|\n|t:|1729092939\n|switch|p1a: Ninetales|Ninetales-Alola, L50, M, shiny|100\/100\n|-damage|p1a: Ninetales|76\/100|[from] Stealth Rock\n|-weather|Snow|[from] ability: Snow Warning|[of] p1a: Ninetales\n|turn|3\n|\n|t:|1729092959\n|switch|p2a: Kingambit|Kingambit, L50, M, shiny|100\/100\n|move|p1a: Ninetales|Blizzard|p2b: Kleavor|[spread] p2a,p2b\n|-resisted|p2a: Kingambit\n|-damage|p2a: Kingambit|77\/100\n|-damage|p2b: Kleavor|0 fnt\n|faint|p2b: Kleavor\n|move|p1b: Garchomp|Stomping Tantrum|p2a: Kingambit\n|-supereffective|p2a: Kingambit\n|-damage|p2a: Kingambit|35\/100\n|-damage|p1b: Garchomp|75\/100 brn|[from] item: Life Orb\n|\n|-weather|Snow|[upkeep]\n|-damage|p1b: Garchomp|69\/100 brn|[from] brn\n|upkeep\n|j| Wadikaz\n|\n|t:|1729092965\n|switch|p2b: Garchomp|Garchomp, L50, M|100\/100\n|turn|4\n|inactive|Team515 has 30 seconds left.\n|\n|t:|1729092991\n|-terastallize|p2b: Garchomp|Poison\n|move|p2a: Kingambit|Protect|p2a: Kingambit\n|-singleturn|p2a: Kingambit|Protect\n|move|p1a: Ninetales|Blizzard|p2a: Kingambit|[spread] p2b\n|-activate|p2a: Kingambit|move: Protect\n|-damage|p2b: Garchomp|51\/100\n|move|p1b: Garchomp|Stomping Tantrum|p2b: Garchomp\n|-supereffective|p2b: Garchomp\n|-crit|p2b: Garchomp\n|-damage|p2b: Garchomp|0 fnt\n|-damage|p1b: Garchomp|57\/100 brn|[from] ability: Rough Skin|[of] p2b: Garchomp\n|faint|p2b: Garchomp\n|-damage|p1b: Garchomp|47\/100 brn|[from] item: Life Orb\n|\n|-weather|Snow|[upkeep]\n|-damage|p1b: Garchomp|41\/100 brn|[from] brn\n|upkeep\n|\n|t:|1729093005\n|switch|p2b: Salazzle|Salazzle, L50, F|1\/100\n|turn|5\n|\n|t:|1729093018\n|move|p2b: Salazzle|Fake Out|p1a: Ninetales\n|-damage|p1a: Ninetales|70\/100\n|move|p2a: Kingambit|Sucker Punch|p1b: Garchomp\n|-damage|p1b: Garchomp|0 fnt\n|-damage|p2a: Kingambit|23\/100|[from] ability: Rough Skin|[of] p1b: Garchomp\n|faint|p1b: Garchomp\n|cant|p1a: Ninetales|flinch\n|\n|-weather|Snow|[upkeep]\n|-sideend|p1: Team515|move: Tailwind\n|upkeep\n|\n|t:|1729093024\n|switch|p1b: Annihilape|Annihilape, L50, M, shiny|100\/100\n|-damage|p1b: Annihilape|95\/100|[from] Stealth Rock\n|turn|6\n|inactive|Team515 has 30 seconds left.\n|\n|t:|1729093051\n|-terastallize|p1a: Ninetales|Ghost\n|move|p2b: Salazzle|Will-O-Wisp|p1b: Annihilape\n|-status|p1b: Annihilape|brn\n|move|p1a: Ninetales|Blizzard|p2b: Salazzle|[spread] p2a,p2b\n|-resisted|p2a: Kingambit\n|-resisted|p2b: Salazzle\n|-damage|p2a: Kingambit|0 fnt\n|-damage|p2b: Salazzle|0 fnt\n|faint|p2a: Kingambit\n|faint|p2b: Salazzle\n|\n|win|Team515\n|raw|Team515's rating: 1638 &rarr; <strong>1663<\/strong><br \/>(+25 for winning)\n|raw|ray4gej's rating: 1719 &rarr; <strong>1694<\/strong><br \/>(-25 for losing)\n|l|\u2606Team515\n|player|p1|\n|l| Wadikaz\n|l|\u2606ray4gej\n|player|p2|\n","uploadtime":1729093225,"views":8,"formatid":"gen9vgc2024regh","rating":1663,"private":0,"password":null}