{"id":"gen9vgc2024regh-2224971524","format":"[Gen 9] VGC 2024 Reg H","players":["caixueying","Zordor"],"log":"|j|\u203dcaixueying\n|j|\u2606Zordor\n|t:|1729176819\n|gametype|doubles\n|player|p1|caixueying|beauty-gen4dp|1755\n|player|p2|Zordor|pilot|1791\n|teamsize|p1|6\n|teamsize|p2|6\n|gen|9\n|tier|[Gen 9] VGC 2024 Reg H\n|rated|\n|rule|Species Clause: Limit one of each Pok\u00e9mon\n|rule|Item Clause: Limit 1 of each item\n|clearpoke\n|poke|p1|Lilligant-Hisui, L50, F|\n|poke|p1|Maushold-Four, L50|\n|poke|p1|Hatterene, L50, F|\n|poke|p1|Indeedee-F, L50, F|\n|poke|p1|Gallade, L50, M|\n|poke|p1|Torkoal, L50, F|\n|poke|p2|Rotom-Wash, L50|\n|poke|p2|Sneasler, L50, F|\n|poke|p2|Kingambit, L50, F|\n|poke|p2|Armarouge, L50, M|\n|poke|p2|Dragapult, L50, F|\n|poke|p2|Venusaur, L50, F|\n|teampreview|4\n|inactive|Battle timer is ON: inactive players will automatically lose when time's up. (requested by caixueying)\n|inactive|caixueying has 60 seconds left.\n|inactive|Zordor has 60 seconds left.\n|\n|t:|1729176867\n|start\n|switch|p1a: Maushold|Maushold-Four, L50|100\/100\n|switch|p1b: Hatterene|Hatterene, L50, F|100\/100\n|switch|p2a: Armarouge|Armarouge, L50, M|100\/100\n|switch|p2b: Sneasler|Sneasler, L50, F|100\/100\n|turn|1\n|\n|t:|1729176885\n|-terastallize|p1b: Hatterene|Steel\n|move|p2a: Armarouge|Protect|p2a: Armarouge\n|-singleturn|p2a: Armarouge|Protect\n|move|p2b: Sneasler|Dire Claw|p1b: Hatterene\n|-immune|p1b: Hatterene\n|move|p1a: Maushold|Population Bomb|p2a: Armarouge\n|-activate|p2a: Armarouge|move: Protect\n|move|p1b: Hatterene|Trick Room|p1b: Hatterene\n|-fieldstart|move: Trick Room|[of] p1b: Hatterene\n|\n|upkeep\n|turn|2\n|\n|t:|1729176906\n|switch|p1a: Indeedee|Indeedee-F, L50, F|100\/100\n|-fieldstart|move: Psychic Terrain|[from] ability: Psychic Surge|[of] p1a: Indeedee\n|switch|p2b: Kingambit|Kingambit, L50, F|100\/100\n|move|p1b: Hatterene|Expanding Force|p2b: Kingambit|[spread] p2a\n|-immune|p2b: Kingambit\n|-resisted|p2a: Armarouge\n|-damage|p2a: Armarouge|53\/100\n|-damage|p1b: Hatterene|91\/100|[from] item: Life Orb\n|move|p2a: Armarouge|Heat Wave|p1b: Hatterene|[spread] p1a,p1b\n|-supereffective|p1b: Hatterene\n|-damage|p1a: Indeedee|69\/100\n|-damage|p1b: Hatterene|16\/100\n|-status|p1b: Hatterene|brn\n|\n|-damage|p1b: Hatterene|10\/100 brn|[from] brn\n|upkeep\n|turn|3\n|inactive|caixueying has 30 seconds left.\n|\n|t:|1729176931\n|move|p1a: Indeedee|Helping Hand|p1b: Hatterene\n|-singleturn|p1b: Hatterene|Helping Hand|[of] p1a: Indeedee\n|move|p2a: Armarouge|Protect|p2a: Armarouge\n|-singleturn|p2a: Armarouge|Protect\n|move|p1b: Hatterene|Dazzling Gleam|p2b: Kingambit|[spread] p2b\n|-activate|p2a: Armarouge|move: Protect\n|-damage|p2b: Kingambit|24\/100\n|-damage|p1b: Hatterene|0 fnt|[from] item: Life Orb\n|faint|p1b: Hatterene\n|move|p2b: Kingambit|Throat Chop|p1a: Indeedee\n|-supereffective|p1a: Indeedee\n|-damage|p1a: Indeedee|0 fnt\n|faint|p1a: Indeedee\n|\n|upkeep\n|\n|t:|1729176945\n|switch|p1b: Maushold|Maushold-Four, L50|100\/100\n|switch|p1a: Gallade|Gallade, L50, M|100\/100\n|turn|4\n|inactive|Zordor has 30 seconds left.\n|inactive|Zordor has 20 seconds left.\n|inactive|Zordor has 15 seconds left.\n|\n|t:|1729176987\n|move|p2b: Kingambit|Protect|p2b: Kingambit\n|-singleturn|p2b: Kingambit|Protect\n|move|p1a: Gallade|Sacred Sword|p2a: Armarouge\n|-resisted|p2a: Armarouge\n|-damage|p2a: Armarouge|17\/100\n|move|p2a: Armarouge|Psychic|p1b: Maushold\n|-damage|p1b: Maushold|12\/100\n|move|p1b: Maushold|Population Bomb|p2b: Kingambit\n|-activate|p2b: Kingambit|move: Protect\n|\n|upkeep\n|turn|5\n|inactive|caixueying has 30 seconds left.\n|\n|t:|1729177013\n|switch|p2b: Dragapult|Dragapult, L50, F|100\/100\n|move|p2a: Armarouge|Protect|p2a: Armarouge\n|-singleturn|p2a: Armarouge|Protect\n|move|p1b: Maushold|Protect|p1b: Maushold\n|-singleturn|p1b: Maushold|Protect\n|move|p1a: Gallade|Sacred Sword|p2a: Armarouge\n|-activate|p2a: Armarouge|move: Protect\n|\n|-fieldend|move: Trick Room\n|upkeep\n|turn|6\n|inactive|caixueying has 30 seconds left.\n|inactive|caixueying has 20 seconds left.\n|-message|caixueying forfeited.\n|\n|win|Zordor\n|raw|caixueying's rating: 1755 &rarr; <strong>1737<\/strong><br \/>(-18 for losing)\n|raw|Zordor's rating: 1791 &rarr; <strong>1809<\/strong><br \/>(+18 for winning)\n|l|\u203dcaixueying\n|player|p1|\n|l|\u2606Zordor\n|player|p2|\n","uploadtime":1729177256,"views":31,"formatid":"gen9vgc2024regh","rating":1737,"private":0,"password":null}