{"id":"gen9vgc2024regh-2224571447","format":"[Gen 9] VGC 2024 Reg H","players":["SnarkyShane","Brave12223"],"log":"|j|\u2606SnarkyShane\n|j|\u2606Brave12223\n|t:|1729123380\n|gametype|doubles\n|player|p1|SnarkyShane|gambler|1838\n|player|p2|Brave12223|ingo|1756\n|teamsize|p1|6\n|teamsize|p2|6\n|gen|9\n|tier|[Gen 9] VGC 2024 Reg H\n|rated|\n|rule|Species Clause: Limit one of each Pok\u00e9mon\n|rule|Item Clause: Limit 1 of each item\n|clearpoke\n|poke|p1|Baxcalibur, L50, M|\n|poke|p1|Ninetales-Alola, L50, F|\n|poke|p1|Sneasler, L50, F|\n|poke|p1|Ceruledge, L50, M|\n|poke|p1|Volcarona, L50, F|\n|poke|p1|Gastrodon, L50, M|\n|poke|p2|Tyranitar, L50, M|\n|poke|p2|Gastrodon, L50, F|\n|poke|p2|Garchomp, L50, M|\n|poke|p2|Talonflame, L50, M|\n|poke|p2|Kingambit, L50, M|\n|poke|p2|Tsareena, L50, F|\n|teampreview|4\n|inactive|Battle timer is ON: inactive players will automatically lose when time's up. (requested by Brave12223)\n|inactive|SnarkyShane has 60 seconds left.\n|\n|t:|1729123418\n|start\n|switch|p1a: Elsa|Ninetales-Alola, L50, F|100\/100\n|switch|p1b: Aquarium Cleaner|Gastrodon, L50, M|100\/100\n|switch|p2a: Talonflame|Talonflame, L50, M|100\/100\n|switch|p2b: Garchomp|Garchomp, L50, M|100\/100\n|-weather|Snow|[from] ability: Snow Warning|[of] p1a: Elsa\n|turn|1\n|\n|t:|1729123441\n|-terastallize|p2b: Garchomp|Ground\n|move|p1a: Elsa|Protect|p1a: Elsa\n|-singleturn|p1a: Elsa|Protect\n|move|p2a: Talonflame|Tailwind|p2a: Talonflame\n|-sidestart|p2: Brave12223|move: Tailwind\n|move|p2b: Garchomp|Earthquake|p1b: Aquarium Cleaner|[spread] p1b\n|-activate|p1a: Elsa|move: Protect\n|-immune|p2a: Talonflame\n|-damage|p1b: Aquarium Cleaner|26\/100\n|-enditem|p1b: Aquarium Cleaner|Sitrus Berry|[eat]\n|-heal|p1b: Aquarium Cleaner|51\/100|[from] item: Sitrus Berry\n|move|p1b: Aquarium Cleaner|Yawn|p2a: Talonflame\n|-start|p2a: Talonflame|move: Yawn|[of] p1b: Aquarium Cleaner\n|\n|-weather|Snow|[upkeep]\n|upkeep\n|turn|2\n|\n|t:|1729123462\n|move|p2a: Talonflame|Brave Bird|p1a: Elsa\n|-damage|p1a: Elsa|72\/100\n|-damage|p2a: Talonflame|91\/100|[from] Recoil\n|move|p2b: Garchomp|Earthquake|p1b: Aquarium Cleaner|[spread] p1a,p1b\n|-immune|p2a: Talonflame\n|-damage|p1a: Elsa|0 fnt\n|-damage|p1b: Aquarium Cleaner|0 fnt\n|faint|p1a: Elsa\n|faint|p1b: Aquarium Cleaner\n|\n|-weather|Snow|[upkeep]\n|-end|p2a: Talonflame|move: Yawn|[silent]\n|-status|p2a: Talonflame|slp\n|upkeep\n|\n|t:|1729123466\n|switch|p1a: BULXcaliber|Baxcalibur, L50, M|100\/100\n|switch|p1b: The Snizzler|Sneasler, L50, F|100\/100\n|turn|3\n|\n|t:|1729123483\n|switch|p2b: Tyranitar|Tyranitar, L50, M|100\/100\n|-weather|Sandstorm|[from] ability: Sand Stream|[of] p2b: Tyranitar\n|cant|p2a: Talonflame|slp\n|move|p1b: The Snizzler|Coaching|p1a: BULXcaliber\n|-boost|p1a: BULXcaliber|atk|1\n|-boost|p1a: BULXcaliber|def|1\n|move|p1a: BULXcaliber|Dragon Dance|p1a: BULXcaliber\n|-boost|p1a: BULXcaliber|atk|1\n|-boost|p1a: BULXcaliber|spe|1\n|\n|-weather|Sandstorm|[upkeep]\n|-damage|p1b: The Snizzler|95\/100|[from] Sandstorm\n|-damage|p1a: BULXcaliber|95\/100|[from] Sandstorm\n|-heal|p1a: BULXcaliber|100\/100|[from] item: Leftovers\n|upkeep\n|turn|4\n|inactive|SnarkyShane has 30 seconds left.\n|\n|t:|1729123515\n|-curestatus|p2a: Talonflame|slp|[msg]\n|move|p2a: Talonflame|Brave Bird|p1b: The Snizzler\n|-supereffective|p1b: The Snizzler\n|-damage|p1b: The Snizzler|0 fnt\n|faint|p1b: The Snizzler\n|-damage|p2a: Talonflame|64\/100|[from] Recoil\n|move|p2b: Tyranitar|Knock Off|p1a: BULXcaliber\n|-damage|p1a: BULXcaliber|69\/100\n|-enditem|p1a: BULXcaliber|Leftovers|[from] move: Knock Off|[of] p2b: Tyranitar\n|move|p1a: BULXcaliber|Icicle Crash|p2a: Talonflame\n|-damage|p2a: Talonflame|0 fnt\n|faint|p2a: Talonflame\n|\n|-weather|Sandstorm|[upkeep]\n|-damage|p1a: BULXcaliber|63\/100|[from] Sandstorm\n|-sideend|p2: Brave12223|move: Tailwind\n|upkeep\n|\n|t:|1729123522\n|switch|p2a: Kingambit|Kingambit, L50, M|100\/100\n|turn|5\n|\n|t:|1729123544\n|move|p1a: BULXcaliber|High Horsepower|p2a: Kingambit\n|-supereffective|p2a: Kingambit\n|-damage|p2a: Kingambit|0 fnt\n|faint|p2a: Kingambit\n|move|p2b: Tyranitar|Rock Slide|p1a: BULXcaliber|[miss]\n|-miss|p2b: Tyranitar|p1a: BULXcaliber\n|\n|-weather|Sandstorm|[upkeep]\n|-damage|p1a: BULXcaliber|57\/100|[from] Sandstorm\n|upkeep\n|\n|t:|1729123548\n|switch|p2a: Garchomp|Garchomp, L50, M, tera:Ground|100\/100\n|turn|6\n|\n|t:|1729123555\n|move|p1a: BULXcaliber|Protect|p1a: BULXcaliber\n|-singleturn|p1a: BULXcaliber|Protect\n|move|p2a: Garchomp|Dragon Claw|p1a: BULXcaliber\n|-activate|p1a: BULXcaliber|move: Protect\n|move|p2b: Tyranitar|Rock Slide|p1a: BULXcaliber\n|-activate|p1a: BULXcaliber|move: Protect\n|\n|-weather|Sandstorm|[upkeep]\n|-damage|p1a: BULXcaliber|51\/100|[from] Sandstorm\n|upkeep\n|turn|7\n|\n|t:|1729123564\n|move|p1a: BULXcaliber|Icicle Crash|p2a: Garchomp\n|-supereffective|p2a: Garchomp\n|-damage|p2a: Garchomp|0 fnt\n|faint|p2a: Garchomp\n|move|p2b: Tyranitar|Rock Slide|p1a: BULXcaliber\n|-supereffective|p1a: BULXcaliber\n|-damage|p1a: BULXcaliber|0 fnt\n|faint|p1a: BULXcaliber\n|\n|win|Brave12223\n|raw|SnarkyShane's rating: 1838 &rarr; <strong>1813<\/strong><br \/>(-25 for losing)\n|raw|Brave12223's rating: 1756 &rarr; <strong>1781<\/strong><br \/>(+25 for winning)\n|l|\u2606Brave12223\n|player|p2|\n|l|\u2606SnarkyShane\n|player|p1|\n","uploadtime":1729123791,"views":46,"formatid":"gen9vgc2024regh","rating":1781,"private":0,"password":null}