{"id":"gen9vgc2024regh-2224847601","format":"[Gen 9] VGC 2024 Reg H","players":["caixueying","Wheeel"],"log":"|j|\u203dcaixueying\n|j|\u2606Wheeel\n|t:|1729163927\n|gametype|doubles\n|player|p1|caixueying|beauty-gen4dp|1695\n|player|p2|Wheeel|1|1641\n|teamsize|p1|6\n|teamsize|p2|6\n|gen|9\n|tier|[Gen 9] VGC 2024 Reg H\n|rated|\n|rule|Species Clause: Limit one of each Pok\u00e9mon\n|rule|Item Clause: Limit 1 of each item\n|clearpoke\n|poke|p1|Lilligant-Hisui, L50, F|\n|poke|p1|Maushold-Four, L50|\n|poke|p1|Hatterene, L50, F|\n|poke|p1|Indeedee-F, L50, F|\n|poke|p1|Gallade, L50, M|\n|poke|p1|Torkoal, L50, F|\n|poke|p2|Garchomp, L50, M|\n|poke|p2|Dragonite, L50, F|\n|poke|p2|Sneasler, L50, M|\n|poke|p2|Kingambit, L50, M|\n|poke|p2|Gholdengo, L50|\n|poke|p2|Clefable, L50, M|\n|teampreview|4\n|inactive|Battle timer is ON: inactive players will automatically lose when time's up. (requested by caixueying)\n|inactive|caixueying has 60 seconds left.\n|\n|t:|1729163979\n|start\n|switch|p1a: Indeedee|Indeedee-F, L50, F|100\/100\n|switch|p1b: Gallade|Gallade, L50, M|100\/100\n|switch|p2a: Kingambit|Kingambit, L50, M|100\/100\n|switch|p2b: Clefable|Clefable, L50, M|100\/100\n|-fieldstart|move: Psychic Terrain|[from] ability: Psychic Surge|[of] p1a: Indeedee\n|turn|1\n|inactive|caixueying has 30 seconds left.\n|\n|t:|1729164008\n|-terastallize|p2a: Kingambit|Fire\n|move|p2b: Clefable|Misty Terrain|p2b: Clefable\n|-fieldstart|move: Misty Terrain\n|move|p2a: Kingambit|Kowtow Cleave|p1a: Indeedee\n|-supereffective|p1a: Indeedee\n|-damage|p1a: Indeedee|9\/100\n|move|p1b: Gallade|Psycho Cut|p2b: Clefable\n|-damage|p2b: Clefable|52\/100\n|move|p1a: Indeedee|Trick Room|p1a: Indeedee\n|-fieldstart|move: Trick Room|[of] p1a: Indeedee\n|\n|upkeep\n|turn|2\n|inactive|caixueying has 30 seconds left.\n|\n|t:|1729164035\n|switch|p1a: Torkoal|Torkoal, L50, F|100\/100\n|-weather|SunnyDay|[from] ability: Drought|[of] p1a: Torkoal\n|move|p1b: Gallade|Psycho Cut|p2a: Kingambit\n|-damage|p2a: Kingambit|53\/100\n|move|p2b: Clefable|Moonblast|p1b: Gallade\n|-supereffective|p1b: Gallade\n|-damage|p1b: Gallade|48\/100\n|move|p2a: Kingambit|Kowtow Cleave|p1a: Torkoal\n|-damage|p1a: Torkoal|60\/100\n|\n|-weather|SunnyDay|[upkeep]\n|upkeep\n|turn|3\n|\n|t:|1729164058\n|switch|p1b: Indeedee|Indeedee-F, L50, F|9\/100\n|-fieldstart|move: Psychic Terrain|[from] ability: Psychic Surge|[of] p1b: Indeedee\n|-terastallize|p1a: Torkoal|Fire\n|move|p2b: Clefable|Follow Me|p2b: Clefable\n|-singleturn|p2b: Clefable|move: Follow Me\n|move|p1a: Torkoal|Eruption|p2b: Clefable|[spread] p2a,p2b\n|-resisted|p2a: Kingambit\n|-damage|p2a: Kingambit|28\/100\n|-damage|p2b: Clefable|0 fnt\n|faint|p2b: Clefable\n|move|p2a: Kingambit|Kowtow Cleave|p1a: Torkoal\n|-damage|p1a: Torkoal|21\/100\n|\n|-weather|SunnyDay|[upkeep]\n|upkeep\n|\n|t:|1729164074\n|switch|p2b: Garchomp|Garchomp, L50, M|100\/100\n|turn|4\n|\n|t:|1729164097\n|move|p1a: Torkoal|Overheat|p2a: Kingambit\n|-resisted|p2a: Kingambit\n|-damage|p2a: Kingambit|0 fnt\n|-unboost|p1a: Torkoal|spa|2\n|faint|p2a: Kingambit\n|move|p1b: Indeedee|Psychic|p2b: Garchomp\n|-damage|p2b: Garchomp|61\/100\n|move|p2b: Garchomp|Stomping Tantrum|p1a: Torkoal\n|-supereffective|p1a: Torkoal\n|-damage|p1a: Torkoal|0 fnt\n|faint|p1a: Torkoal\n|-damage|p2b: Garchomp|51\/100|[from] item: Life Orb\n|\n|-weather|SunnyDay|[upkeep]\n|upkeep\n|\n|t:|1729164115\n|switch|p1a: Hatterene|Hatterene, L50, F|100\/100\n|switch|p2a: Gholdengo|Gholdengo, L50|100\/100\n|turn|5\n|inactive|caixueying has 30 seconds left.\n|inactive|caixueying has 20 seconds left.\n|\n|t:|1729164150\n|move|p1b: Indeedee|Helping Hand|p1a: Hatterene\n|-singleturn|p1a: Hatterene|Helping Hand|[of] p1b: Indeedee\n|move|p2b: Garchomp|Protect|p2b: Garchomp\n|-singleturn|p2b: Garchomp|Protect\n|move|p1a: Hatterene|Expanding Force|p2a: Gholdengo|[spread] p2a\n|-activate|p2b: Garchomp|move: Protect\n|-resisted|p2a: Gholdengo\n|-damage|p2a: Gholdengo|24\/100\n|-damage|p1a: Hatterene|91\/100|[from] item: Life Orb\n|move|p2a: Gholdengo|Make It Rain|p1b: Indeedee|[spread] p1a,p1b\n|-supereffective|p1a: Hatterene\n|-damage|p1a: Hatterene|0 fnt\n|-damage|p1b: Indeedee|0 fnt\n|-unboost|p2a: Gholdengo|spa|1\n|faint|p1a: Hatterene\n|faint|p1b: Indeedee\n|\n|-weather|SunnyDay|[upkeep]\n|-fieldend|move: Trick Room\n|upkeep\n|\n|t:|1729164171\n|switch|p1a: Gallade|Gallade, L50, M|48\/100\n|turn|6\n|\n|t:|1729164177\n|move|p2b: Garchomp|Stomping Tantrum|p1a: Gallade\n|-damage|p1a: Gallade|0 fnt\n|faint|p1a: Gallade\n|-damage|p2b: Garchomp|41\/100|[from] item: Life Orb\n|\n|win|Wheeel\n|raw|caixueying's rating: 1695 &rarr; <strong>1672<\/strong><br \/>(-23 for losing)\n|raw|Wheeel's rating: 1641 &rarr; <strong>1664<\/strong><br \/>(+23 for winning)\n|l|\u203dcaixueying\n|player|p1|\n|l|\u2606Wheeel\n|player|p2|\n","uploadtime":1729164412,"views":19,"formatid":"gen9vgc2024regh","rating":1664,"private":0,"password":null}