{"id":"gen9vgc2024regh-2224744600","format":"[Gen 9] VGC 2024 Reg H","players":["yung elmers glue","superpowerpoke"],"log":"|j|\u2606yung elmers glue\n|j|\u2606superpowerpoke\n|t:|1729147722\n|gametype|doubles\n|player|p1|yung elmers glue|juan|1745\n|player|p2|superpowerpoke|169|1773\n|teamsize|p1|6\n|teamsize|p2|6\n|gen|9\n|tier|[Gen 9] VGC 2024 Reg H\n|rated|\n|rule|Species Clause: Limit one of each Pok\u00e9mon\n|rule|Item Clause: Limit 1 of each item\n|clearpoke\n|poke|p1|Annihilape, L50, F|\n|poke|p1|Tatsugiri, L50, M|\n|poke|p1|Sneasler, L50, M|\n|poke|p1|Dragonite, L50, M|\n|poke|p1|Indeedee, L50, M|\n|poke|p1|Dondozo, L50, M|\n|poke|p2|Annihilape, L50, F|\n|poke|p2|Gholdengo, L50|\n|poke|p2|Incineroar, L50, F|\n|poke|p2|Dragonite, L50, F|\n|poke|p2|Dondozo, L50, F|\n|poke|p2|Ninetales-Alola, L50, M|\n|teampreview|4\nsuperpowerpoke rejected open team sheets.\n|\n|t:|1729147756\n|start\n|switch|p1a: Annihilape|Annihilape, L50, F|100\/100\n|switch|p1b: Dragonite|Dragonite, L50, M|100\/100\n|switch|p2a: Ninetales|Ninetales-Alola, L50, M|100\/100\n|switch|p2b: Gholdengo|Gholdengo, L50|100\/100\n|-weather|Snow|[from] ability: Snow Warning|[of] p2a: Ninetales\n|turn|1\n|\n|t:|1729147764\n|switch|p1b: Dondozo|Dondozo, L50, M|100\/100\n|move|p2a: Ninetales|Protect|p2a: Ninetales\n|-singleturn|p2a: Ninetales|Protect\n|move|p1a: Annihilape|Coaching|p1b: Dondozo\n|-boost|p1b: Dondozo|atk|1\n|-boost|p1b: Dondozo|def|1\n|move|p2b: Gholdengo|Shadow Ball|p1a: Annihilape\n|-supereffective|p1a: Annihilape\n|-crit|p1a: Annihilape\n|-damage|p1a: Annihilape|0 fnt\n|faint|p1a: Annihilape\n|\n|-weather|Snow|[upkeep]\n|upkeep\n|\n|t:|1729147775\n|switch|p1a: Tatsugiri|Tatsugiri, L50, M|100\/100\n|-activate|p1a: Tatsugiri|ability: Commander|[of] p1b: Dondozo\n|-boost|p1b: Dondozo|atk|2\n|-boost|p1b: Dondozo|spa|2\n|-boost|p1b: Dondozo|spe|2\n|-boost|p1b: Dondozo|def|2\n|-boost|p1b: Dondozo|spd|2\n|turn|2\n|\n|t:|1729147799\n|switch|p2b: Dondozo|Dondozo, L50, F|100\/100\n|move|p1b: Dondozo|Heavy Slam|p2a: Ninetales\n|-supereffective|p2a: Ninetales\n|-damage|p2a: Ninetales|0 fnt\n|faint|p2a: Ninetales\n|\n|-weather|Snow|[upkeep]\n|upkeep\n|\n|t:|1729147808\n|switch|p2a: Incineroar|Incineroar, L50, F|100\/100\n|-ability|p2a: Incineroar|Intimidate|boost\n|-unboost|p1a: Tatsugiri|atk|1\n|-unboost|p1b: Dondozo|atk|1\n|turn|3\n|\n|t:|1729147837\n|-terastallize|p2a: Incineroar|Ghost\n|move|p1b: Dondozo|Wave Crash|p2a: Incineroar\n|-damage|p2a: Incineroar|11\/100\n|-damage|p1b: Dondozo|74\/100|[from] Recoil\n|move|p2a: Incineroar|Parting Shot|p1b: Dondozo\n|-unboost|p1b: Dondozo|atk|1\n|-unboost|p1b: Dondozo|spa|1\n|\n|t:|1729147847\n|switch|p2a: Gholdengo|Gholdengo, L50|100\/100|[from] Parting Shot\n|move|p2b: Dondozo|Yawn|p1b: Dondozo\n|-start|p1b: Dondozo|move: Yawn|[of] p2b: Dondozo\n|\n|-weather|Snow|[upkeep]\n|-heal|p1b: Dondozo|81\/100|[from] item: Leftovers\n|upkeep\n|turn|4\n|\n|t:|1729147864\n|switch|p2a: Incineroar|Incineroar, L50, F, tera:Ghost|11\/100\n|-ability|p2a: Incineroar|Intimidate|boost\n|-unboost|p1a: Tatsugiri|atk|1\n|-unboost|p1b: Dondozo|atk|1\n|move|p1b: Dondozo|Earthquake|p2b: Dondozo|[spread] p2a,p2b\n|-miss|p1b: Dondozo|p1a: Tatsugiri\n|-damage|p2a: Incineroar|0 fnt\n|-damage|p2b: Dondozo|89\/100\n|faint|p2a: Incineroar\n|move|p2b: Dondozo|Body Press|p1b: Dondozo\n|-damage|p1b: Dondozo|60\/100\n|\n|-weather|Snow|[upkeep]\n|-heal|p1b: Dondozo|66\/100|[from] item: Leftovers\n|-end|p1b: Dondozo|move: Yawn|[silent]\n|-status|p1b: Dondozo|slp\n|upkeep\n|\n|t:|1729147882\n|switch|p2a: Gholdengo|Gholdengo, L50|100\/100\n|turn|5\n|\n|t:|1729147890\n|move|p2a: Gholdengo|Shadow Ball|p1b: Dondozo\n|-damage|p1b: Dondozo|43\/100 slp\n|-unboost|p1b: Dondozo|spd|1\n|cant|p1b: Dondozo|slp\n|move|p2b: Dondozo|Body Press|p1b: Dondozo\n|-damage|p1b: Dondozo|24\/100 slp\n|\n|-weather|none\n|-heal|p1b: Dondozo|30\/100 slp|[from] item: Leftovers\n|upkeep\n|turn|6\n|\n|t:|1729147902\n|move|p2a: Gholdengo|Shadow Ball|p1b: Dondozo\n|-crit|p1b: Dondozo\n|-damage|p1b: Dondozo|0 fnt\n|faint|p1b: Dondozo\n|move|p2b: Dondozo|Body Press|p1a: Tatsugiri\n|-damage|p1a: Tatsugiri|58\/100\n|\n|upkeep\n|\n|t:|1729147910\n|switch|p1b: Dragonite|Dragonite, L50, M|100\/100\n|turn|7\n|\n|t:|1729147923\n|move|p2a: Gholdengo|Shadow Ball|p1a: Tatsugiri\n|-damage|p1a: Tatsugiri|0 fnt\n|faint|p1a: Tatsugiri\n|move|p1b: Dragonite|Stomping Tantrum|p2a: Gholdengo\n|-supereffective|p2a: Gholdengo\n|-damage|p2a: Gholdengo|32\/100\n|move|p2b: Dondozo|Yawn|p1b: Dragonite\n|-start|p1b: Dragonite|move: Yawn|[of] p2b: Dondozo\n|\n|upkeep\n|turn|8\n|\n|t:|1729147937\n|move|p2a: Gholdengo|Shadow Ball|p1b: Dragonite\n|-damage|p1b: Dragonite|56\/100\n|move|p1b: Dragonite|Stomping Tantrum|p2a: Gholdengo\n|-supereffective|p2a: Gholdengo\n|-damage|p2a: Gholdengo|0 fnt\n|faint|p2a: Gholdengo\n|move|p2b: Dondozo|Body Press|p1b: Dragonite\n|-resisted|p1b: Dragonite\n|-damage|p1b: Dragonite|42\/100\n|\n|-end|p1b: Dragonite|move: Yawn|[silent]\n|-status|p1b: Dragonite|slp\n|-enditem|p1b: Dragonite|Lum Berry|[eat]\n|-curestatus|p1b: Dragonite|slp|[msg]\n|upkeep\n|turn|9\n|\n|t:|1729147952\n|-terastallize|p1b: Dragonite|Flying\n|move|p1b: Dragonite|Tera Blast|p2b: Dondozo|[anim] Tera Blast Flying\n|-damage|p2b: Dondozo|55\/100\n|move|p2b: Dondozo|Yawn|p1b: Dragonite\n|-start|p1b: Dragonite|move: Yawn|[of] p2b: Dondozo\n|\n|upkeep\n|turn|10\n|\n|t:|1729147967\n|move|p1b: Dragonite|Tera Blast|p2b: Dondozo|[anim] Tera Blast Flying\n|-damage|p2b: Dondozo|25\/100\n|-enditem|p2b: Dondozo|Sitrus Berry|[eat]\n|-heal|p2b: Dondozo|50\/100|[from] item: Sitrus Berry\n|move|p2b: Dondozo|Wave Crash|p1b: Dragonite\n|-damage|p1b: Dragonite|3\/100\n|-damage|p2b: Dondozo|39\/100|[from] Recoil\n|\n|-end|p1b: Dragonite|move: Yawn|[silent]\n|-status|p1b: Dragonite|slp\n|upkeep\n|turn|11\n|\n|t:|1729147977\n|cant|p1b: Dragonite|slp\n|move|p2b: Dondozo|Body Press|p1b: Dragonite\n|-resisted|p1b: Dragonite\n|-damage|p1b: Dragonite|0 fnt\n|faint|p1b: Dragonite\n|\n|win|superpowerpoke\n|raw|yung elmers glue's rating: 1745 &rarr; <strong>1727<\/strong><br \/>(-18 for losing)\n|raw|superpowerpoke's rating: 1773 &rarr; <strong>1791<\/strong><br \/>(+18 for winning)\n|l|\u2606superpowerpoke\n|player|p2|\n|l|\u2606yung elmers glue\n|player|p1|\n","uploadtime":1729148192,"views":37,"formatid":"gen9vgc2024regh","rating":1727,"private":0,"password":null}