{"id":"gen9vgc2024regh-2224748226","format":"[Gen 9] VGC 2024 Reg H","players":["Snorlax Double","Archimedes75"],"log":"|j|\u2606Snorlax Double\n|j|\u2606Archimedes75\n|t:|1729148344\n|gametype|doubles\n|player|p1|Snorlax Double|plasmagrunt|1716\n|player|p2|Archimedes75|unknown|1643\n|teamsize|p1|6\n|teamsize|p2|6\n|gen|9\n|tier|[Gen 9] VGC 2024 Reg H\n|rated|\n|rule|Species Clause: Limit one of each Pok\u00e9mon\n|rule|Item Clause: Limit 1 of each item\n|clearpoke\n|poke|p1|Annihilape, L50, F|\n|poke|p1|Tatsugiri, L50, M|\n|poke|p1|Sneasler, L50, M|\n|poke|p1|Dragonite, L50, M|\n|poke|p1|Dondozo, L50, F|\n|poke|p1|Indeedee, L50, M|\n|poke|p2|Pelipper, L50, F|\n|poke|p2|Archaludon, L50, F|\n|poke|p2|Clefable, L50, F|\n|poke|p2|Indeedee, L50, M|\n|poke|p2|Sneasler, L50, M|\n|poke|p2|Kingambit, L50, M|\n|teampreview|4\n|inactive|Battle timer is ON: inactive players will automatically lose when time's up. (requested by Archimedes75)\n|\n|t:|1729148373\n|start\n|switch|p1a: Annihilape|Annihilape, L50, F|100\/100\n|switch|p1b: Dragonite|Dragonite, L50, M|100\/100\n|switch|p2a: Indeedee|Indeedee, L50, M|100\/100\n|switch|p2b: Archaludon|Archaludon, L50, F|100\/100\n|-fieldstart|move: Psychic Terrain|[from] ability: Psychic Surge|[of] p2a: Indeedee\n|turn|1\n|inactive|Snorlax Double has 30 seconds left.\n|inactive|Archimedes75 has 30 seconds left.\n|inactive|Snorlax Double has 20 seconds left.\n|\n|t:|1729148409\n|move|p2a: Indeedee|Expanding Force|p1b: Dragonite|[spread] p1a,p1b\n|-supereffective|p1a: Annihilape\n|-damage|p1a: Annihilape|13\/100\n|-damage|p1b: Dragonite|50\/100\n|move|p1a: Annihilape|Final Gambit|p2b: Archaludon\n|-damage|p2b: Archaludon|84\/100\n|faint|p1a: Annihilape\n|move|p2b: Archaludon|Meteor Beam||[still]\n|-prepare|p2b: Archaludon|Meteor Beam\n|-boost|p2b: Archaludon|spa|1\n|-enditem|p2b: Archaludon|Power Herb\n|-anim|p2b: Archaludon|Meteor Beam|p1b: Dragonite\n|-supereffective|p1b: Dragonite\n|-damage|p1b: Dragonite|0 fnt\n|faint|p1b: Dragonite\n|\n|upkeep\n|\n|t:|1729148421\n|switch|p1a: Dondozo|Dondozo, L50, F|100\/100\n|switch|p1b: Tatsugiri|Tatsugiri, L50, M|100\/100\n|-activate|p1b: Tatsugiri|ability: Commander|[of] p1a: Dondozo\n|-boost|p1a: Dondozo|atk|2\n|-boost|p1a: Dondozo|spa|2\n|-boost|p1a: Dondozo|spe|2\n|-boost|p1a: Dondozo|def|2\n|-boost|p1a: Dondozo|spd|2\n|turn|2\n|\n|t:|1729148428\n|switch|p2a: Pelipper|Pelipper, L50, F|100\/100\n|-weather|RainDance|[from] ability: Drizzle|[of] p2a: Pelipper\n|-terastallize|p1a: Dondozo|Steel\n|move|p1a: Dondozo|Earthquake|p2a: Pelipper|[spread] p2b\n|-miss|p1a: Dondozo|p1b: Tatsugiri\n|-immune|p2a: Pelipper\n|-supereffective|p2b: Archaludon\n|-damage|p2b: Archaludon|14\/100\n|move|p2b: Archaludon|Dragon Pulse|p1a: Dondozo\n|-resisted|p1a: Dondozo\n|-damage|p1a: Dondozo|90\/100\n|\n|-weather|RainDance|[upkeep]\n|-heal|p1a: Dondozo|97\/100|[from] item: Leftovers\n|upkeep\n|turn|3\n|\n|t:|1729148450\n|move|p1a: Dondozo|Wave Crash|p2a: Pelipper\n|-resisted|p2a: Pelipper\n|-damage|p2a: Pelipper|2\/100\n|-damage|p1a: Dondozo|77\/100|[from] Recoil\n|move|p2b: Archaludon|Electro Shot||[still]\n|-prepare|p2b: Archaludon|Electro Shot\n|-boost|p2b: Archaludon|spa|1\n|-anim|p2b: Archaludon|Electro Shot|p1a: Dondozo\n|-damage|p1a: Dondozo|54\/100\n|move|p2a: Pelipper|Tailwind|p2a: Pelipper\n|-sidestart|p2: Archimedes75|move: Tailwind\n|\n|-weather|RainDance|[upkeep]\n|-heal|p1a: Dondozo|60\/100|[from] item: Leftovers\n|upkeep\n|turn|4\n|\n|t:|1729148468\n|move|p1a: Dondozo|Protect|p1a: Dondozo\n|-singleturn|p1a: Dondozo|Protect\n|move|p2b: Archaludon|Electro Shot||[still]\n|-prepare|p2b: Archaludon|Electro Shot\n|-boost|p2b: Archaludon|spa|1\n|-anim|p2b: Archaludon|Electro Shot|p1a: Dondozo\n|-activate|p1a: Dondozo|move: Protect\n|move|p2a: Pelipper|Weather Ball|p1a: Dondozo\n|-activate|p1a: Dondozo|move: Protect\n|\n|-weather|RainDance|[upkeep]\n|-heal|p1a: Dondozo|66\/100|[from] item: Leftovers\n|upkeep\n|turn|5\n|\n|t:|1729148483\n|move|p2b: Archaludon|Electro Shot||[still]\n|-prepare|p2b: Archaludon|Electro Shot\n|-boost|p2b: Archaludon|spa|1\n|-anim|p2b: Archaludon|Electro Shot|p1a: Dondozo\n|-damage|p1a: Dondozo|45\/100\n|move|p2a: Pelipper|Weather Ball|p1a: Dondozo\n|-damage|p1a: Dondozo|11\/100\n|move|p1a: Dondozo|Wave Crash|p2a: Pelipper\n|-resisted|p2a: Pelipper\n|-damage|p2a: Pelipper|0 fnt\n|faint|p2a: Pelipper\n|-damage|p1a: Dondozo|10\/100|[from] Recoil\n|\n|-weather|RainDance|[upkeep]\n|-heal|p1a: Dondozo|16\/100|[from] item: Leftovers\n|-fieldend|move: Psychic Terrain\n|upkeep\n|inactive|Archimedes75 has 30 seconds left.\n|inactive|Archimedes75 has 20 seconds left.\n|inactive|Archimedes75 has 15 seconds left.\n|inactive|Archimedes75 has 10 seconds left.\n|j| Rabbithorn01\n|inactive|Archimedes75 has 5 seconds left.\n|\n|t:|1729148534\n|switch|p2a: Indeedee|Indeedee, L50, M|100\/100\n|-fieldstart|move: Psychic Terrain|[from] ability: Psychic Surge|[of] p2a: Indeedee\n|turn|6\n|\n|t:|1729148541\n|move|p1a: Dondozo|Protect|p1a: Dondozo\n|-singleturn|p1a: Dondozo|Protect\n|move|p2b: Archaludon|Electro Shot||[still]\n|-prepare|p2b: Archaludon|Electro Shot\n|-boost|p2b: Archaludon|spa|1\n|-anim|p2b: Archaludon|Electro Shot|p1a: Dondozo\n|-activate|p1a: Dondozo|move: Protect\n|move|p2a: Indeedee|Trick Room|p2a: Indeedee\n|-fieldstart|move: Trick Room|[of] p2a: Indeedee\n|\n|-weather|none\n|-heal|p1a: Dondozo|23\/100|[from] item: Leftovers\n|-sideend|p2: Archimedes75|move: Tailwind\n|upkeep\n|turn|7\n|\n|t:|1729148561\n|switch|p2a: Clefable|Clefable, L50, F|100\/100\n|move|p2b: Archaludon|Protect|p2b: Archaludon\n|-singleturn|p2b: Archaludon|Protect\n|move|p1a: Dondozo|Earthquake|p2a: Clefable|[spread] p2a\n|-miss|p1a: Dondozo|p1b: Tatsugiri\n|-activate|p2b: Archaludon|move: Protect\n|-damage|p2a: Clefable|83\/100\n|\n|-heal|p1a: Dondozo|29\/100|[from] item: Leftovers\n|upkeep\n|turn|8\n|\n|t:|1729148574\n|-terastallize|p2b: Archaludon|Grass\n|move|p1a: Dondozo|Protect|p1a: Dondozo\n|-singleturn|p1a: Dondozo|Protect\n|move|p2a: Clefable|Heal Pulse|p2b: Archaludon\n|-heal|p2b: Archaludon|64\/100\n|move|p2b: Archaludon|Dragon Pulse|p1a: Dondozo\n|-activate|p1a: Dondozo|move: Protect\n|\n|-heal|p1a: Dondozo|35\/100|[from] item: Leftovers\n|upkeep\n|turn|9\n|\n|t:|1729148593\n|move|p2a: Clefable|Heal Pulse|p2b: Archaludon\n|-heal|p2b: Archaludon|100\/100\n|move|p2b: Archaludon|Dragon Pulse|p1a: Dondozo\n|-resisted|p1a: Dondozo\n|-damage|p1a: Dondozo|24\/100\n|move|p1a: Dondozo|Heavy Slam|p2a: Clefable\n|-supereffective|p2a: Clefable\n|-damage|p2a: Clefable|5\/100\n|\n|-heal|p1a: Dondozo|30\/100|[from] item: Leftovers\n|upkeep\n|turn|10\n|\n|t:|1729148618\n|move|p2a: Clefable|Moonblast|p1a: Dondozo\n|-resisted|p1a: Dondozo\n|-damage|p1a: Dondozo|15\/100\n|move|p2b: Archaludon|Electro Shot||[still]\n|-prepare|p2b: Archaludon|Electro Shot\n|-boost|p2b: Archaludon|spa|1\n|move|p1a: Dondozo|Earthquake|p2b: Archaludon|[spread] p2a,p2b\n|-miss|p1a: Dondozo|p1b: Tatsugiri\n|-resisted|p2b: Archaludon\n|-damage|p2a: Clefable|0 fnt\n|-damage|p2b: Archaludon|82\/100\n|faint|p2a: Clefable\n|\n|-heal|p1a: Dondozo|21\/100|[from] item: Leftovers\n|-fieldend|move: Trick Room\n|-fieldend|move: Psychic Terrain\n|upkeep\n|\n|t:|1729148625\n|switch|p2a: Indeedee|Indeedee, L50, M|100\/100\n|-fieldstart|move: Psychic Terrain|[from] ability: Psychic Surge|[of] p2a: Indeedee\n|turn|11\n|\n|t:|1729148633\n|move|p1a: Dondozo|Protect|p1a: Dondozo\n|-singleturn|p1a: Dondozo|Protect\n|move|p2a: Indeedee|Expanding Force|p1a: Dondozo|[spread] \n|-miss|p2a: Indeedee|p1b: Tatsugiri\n|-activate|p1a: Dondozo|move: Protect\n|move|p2b: Archaludon|Electro Shot|p1a: Dondozo|[from]lockedmove\n|-activate|p1a: Dondozo|move: Protect\n|\n|-heal|p1a: Dondozo|27\/100|[from] item: Leftovers\n|upkeep\n|turn|12\n|\n|t:|1729148641\n|move|p2a: Indeedee|Expanding Force|p1b: Tatsugiri|[spread] p1a\n|-miss|p2a: Indeedee|p1b: Tatsugiri\n|-resisted|p1a: Dondozo\n|-damage|p1a: Dondozo|14\/100\n|move|p1a: Dondozo|Heavy Slam|p2a: Indeedee\n|-damage|p2a: Indeedee|0 fnt\n|faint|p2a: Indeedee\n|move|p2b: Archaludon|Dragon Pulse|p1a: Dondozo\n|-resisted|p1a: Dondozo\n|-damage|p1a: Dondozo|3\/100\n|\n|-heal|p1a: Dondozo|9\/100|[from] item: Leftovers\n|upkeep\n|turn|13\n|\n|t:|1729148653\n|move|p1a: Dondozo|Protect|p1a: Dondozo\n|-singleturn|p1a: Dondozo|Protect\n|move|p2b: Archaludon|Dragon Pulse|p1a: Dondozo\n|-activate|p1a: Dondozo|move: Protect\n|\n|-heal|p1a: Dondozo|16\/100|[from] item: Leftovers\n|upkeep\n|turn|14\n|\n|t:|1729148659\n|move|p1a: Dondozo|Heavy Slam|p2b: Archaludon\n|-damage|p2b: Archaludon|29\/100\n|move|p2b: Archaludon|Dragon Pulse|p1a: Dondozo\n|-resisted|p1a: Dondozo\n|-damage|p1a: Dondozo|4\/100\n|\n|-heal|p1a: Dondozo|11\/100|[from] item: Leftovers\n|upkeep\n|turn|15\n|\n|t:|1729148683\n|move|p1a: Dondozo|Heavy Slam|p2b: Archaludon\n|-damage|p2b: Archaludon|0 fnt\n|faint|p2b: Archaludon\n|\n|win|Snorlax Double\n|raw|Snorlax Double's rating: 1716 &rarr; <strong>1734<\/strong><br \/>(+18 for winning)\n|raw|Archimedes75's rating: 1687 &rarr; <strong>1669<\/strong><br \/>(-18 for losing)\n|l|\u2606Archimedes75\n|player|p2|\n|l|\u2606Snorlax Double\n|player|p1|\n","uploadtime":1729148886,"views":10,"formatid":"gen9vgc2024regh","rating":1669,"private":0,"password":null}