{"id":"gen9vgc2024regh-2224469745","format":"[Gen 9] VGC 2024 Reg H","players":["ryanplaytv","Waffles4breakfast"],"log":"|j|\u2606ryanplaytv\n|j|\u2606Waffles4breakfast\n|t:|1729112090\n|gametype|doubles\n|player|p1|ryanplaytv|hiker-gen4|1671\n|player|p2|Waffles4breakfast|juggler|1783\n|teamsize|p1|6\n|teamsize|p2|6\n|gen|9\n|tier|[Gen 9] VGC 2024 Reg H\n|rated|\n|rule|Species Clause: Limit one of each Pok\u00e9mon\n|rule|Item Clause: Limit 1 of each item\n|clearpoke\n|poke|p1|Dragonite, L50, M|\n|poke|p1|Garchomp, L50, F|\n|poke|p1|Ninetales-Alola, L50, F|\n|poke|p1|Kingambit, L50, M|\n|poke|p1|Incineroar, L50, M|\n|poke|p1|Amoonguss, L50, F|\n|poke|p2|Archaludon, L50, F|\n|poke|p2|Pelipper, L50, F|\n|poke|p2|Basculegion, L50, M|\n|poke|p2|Amoonguss, L50, F|\n|poke|p2|Gholdengo, L50|\n|poke|p2|Murkrow, L50, F|\n|teampreview|4\n|\n|t:|1729112131\n|start\n|switch|p1a: Incineroar|Incineroar, L50, M|100\/100\n|switch|p1b: Garchomp|Garchomp, L50, F|100\/100\n|switch|p2a: Gholdengo|Gholdengo, L50|100\/100\n|switch|p2b: Murkrow|Murkrow, L50, F|100\/100\n|-ability|p1a: Incineroar|Intimidate|boost\n|-unboost|p2a: Gholdengo|atk|1\n|-unboost|p2b: Murkrow|atk|1\n|turn|1\n|\n|t:|1729112146\n|switch|p1b: Kingambit|Kingambit, L50, M|100\/100\n|-terastallize|p2b: Murkrow|Ghost\n|move|p2b: Murkrow|Tailwind|p2b: Murkrow\n|-sidestart|p2: Waffles4breakfast|move: Tailwind\n|move|p2a: Gholdengo|Make It Rain|p1b: Kingambit|[spread] p1a,p1b\n|-resisted|p1a: Incineroar\n|-resisted|p1b: Kingambit\n|-damage|p1a: Incineroar|68\/100\n|-damage|p1b: Kingambit|79\/100\n|-unboost|p2a: Gholdengo|spa|1\n|move|p1a: Incineroar|Flare Blitz|p2a: Gholdengo\n|-supereffective|p2a: Gholdengo\n|-damage|p2a: Gholdengo|0 fnt\n|faint|p2a: Gholdengo\n|-damage|p1a: Incineroar|42\/100|[from] Recoil\n|\n|upkeep\n|\n|t:|1729112154\n|switch|p2a: Archaludon|Archaludon, L50, F|100\/100\n|turn|2\n|\n|t:|1729112195\n|switch|p2b: Pelipper|Pelipper, L50, F|100\/100\n|-weather|RainDance|[from] ability: Drizzle|[of] p2b: Pelipper\n|-terastallize|p1b: Kingambit|Dark\n|move|p2a: Archaludon|Electro Shot||[still]\n|-prepare|p2a: Archaludon|Electro Shot\n|-boost|p2a: Archaludon|spa|1\n|-anim|p2a: Archaludon|Electro Shot|p1a: Incineroar\n|-damage|p1a: Incineroar|0 fnt\n|faint|p1a: Incineroar\n|move|p1b: Kingambit|Kowtow Cleave|p2b: Pelipper\n|-damage|p2b: Pelipper|24\/100\n|\n|-weather|RainDance|[upkeep]\n|upkeep\n|\n|t:|1729112206\n|switch|p1a: Ninetales|Ninetales-Alola, L50, F|100\/100\n|-weather|Snow|[from] ability: Snow Warning|[of] p1a: Ninetales\n|turn|3\n|\n|t:|1729112218\n|switch|p1a: Garchomp|Garchomp, L50, F|100\/100\n|move|p2b: Pelipper|Protect|p2b: Pelipper\n|-singleturn|p2b: Pelipper|Protect\n|move|p2a: Archaludon|Flash Cannon|p1a: Garchomp\n|-damage|p1a: Garchomp|27\/100\n|move|p1b: Kingambit|Kowtow Cleave|p2b: Pelipper\n|-activate|p2b: Pelipper|move: Protect\n|\n|-weather|Snow|[upkeep]\n|upkeep\n|turn|4\n|\n|t:|1729112248\n|switch|p2b: Murkrow|Murkrow, L50, F, tera:Ghost|100\/100\n|move|p2a: Archaludon|Body Press|p1b: Kingambit\n|-supereffective|p1b: Kingambit\n|-damage|p1b: Kingambit|44\/100\n|move|p1a: Garchomp|Stomping Tantrum|p2a: Archaludon\n|-supereffective|p2a: Archaludon\n|-damage|p2a: Archaludon|12\/100\n|-ability|p2a: Archaludon|Stamina|boost\n|-boost|p2a: Archaludon|def|1\n|move|p1b: Kingambit|Kowtow Cleave|p2b: Murkrow\n|-supereffective|p2b: Murkrow\n|-damage|p2b: Murkrow|0 fnt\n|faint|p2b: Murkrow\n|\n|-weather|Snow|[upkeep]\n|-sideend|p2: Waffles4breakfast|move: Tailwind\n|upkeep\n|\n|t:|1729112253\n|switch|p2b: Pelipper|Pelipper, L50, F|24\/100\n|-weather|RainDance|[from] ability: Drizzle|[of] p2b: Pelipper\n|turn|5\n|\n|t:|1729112277\n|switch|p1a: Ninetales|Ninetales-Alola, L50, F|100\/100\n|-weather|Snow|[from] ability: Snow Warning|[of] p1a: Ninetales\n|move|p1b: Kingambit|Sucker Punch|p2a: Archaludon\n|-damage|p2a: Archaludon|0 fnt\n|faint|p2a: Archaludon\n|move|p2b: Pelipper|Weather Ball|p1a: Ninetales\n|-resisted|p1a: Ninetales\n|-damage|p1a: Ninetales|86\/100\n|\n|-weather|Snow|[upkeep]\n|upkeep\n|turn|6\n|-message|Waffles4breakfast forfeited.\n|\n|win|ryanplaytv\n|raw|ryanplaytv's rating: 1671 &rarr; <strong>1697<\/strong><br \/>(+26 for winning)\n|raw|Waffles4breakfast's rating: 1783 &rarr; <strong>1757<\/strong><br \/>(-26 for losing)\n|l|\u2606Waffles4breakfast\n|player|p2|\n|l|\u2606ryanplaytv\n|player|p1|\n","uploadtime":1729112540,"views":8,"formatid":"gen9vgc2024regh","rating":1697,"private":0,"password":null}