{"id":"gen9vgc2024regh-2224837378","format":"[Gen 9] VGC 2024 Reg H","players":["rough Pult","actuary97"],"log":"|j|\u2606rough Pult\n|j|\u2606actuary97\n|t:|1729162503\n|gametype|doubles\n|player|p1|rough Pult|giovanni|1751\n|player|p2|actuary97|sabrina-frlg|1724\n|teamsize|p1|6\n|teamsize|p2|6\n|gen|9\n|tier|[Gen 9] VGC 2024 Reg H\n|rated|\n|rule|Species Clause: Limit one of each Pok\u00e9mon\n|rule|Item Clause: Limit 1 of each item\n|clearpoke\n|poke|p1|Baxcalibur, L50, F|\n|poke|p1|Dondozo, L50, M|\n|poke|p1|Kingambit, L50, M|\n|poke|p1|Rillaboom, L50, M|\n|poke|p1|Sneasler, L50, F|\n|poke|p1|Volcarona, L50, M|\n|poke|p2|Archaludon, L50, F|\n|poke|p2|Whimsicott, L50, F|\n|poke|p2|Gallade, L50, M|\n|poke|p2|Malamar, L50, F|\n|poke|p2|Indeedee, L50, M|\n|poke|p2|Drifblim, L50, M|\n|teampreview|4\nactuary97 has agreed to open team sheets.\n|j| fishle\n|\n|t:|1729162550\n|start\n|switch|p1a: Baxcalibur|Baxcalibur, L50, F|100\/100\n|switch|p1b: Volcarona|Volcarona, L50, M|100\/100\n|switch|p2a: Mischief Mother|Whimsicott, L50, F, shiny|100\/100\n|switch|p2b: Bridget|Archaludon, L50, F, shiny|100\/100\n|turn|1\n|\n|t:|1729162572\n|-terastallize|p1a: Baxcalibur|Ghost\n|move|p2a: Mischief Mother|Beat Up|p2b: Bridget\n|-damage|p2b: Bridget|99\/100\n|-ability|p2b: Bridget|Stamina|boost\n|-boost|p2b: Bridget|def|1\n|-damage|p2b: Bridget|97\/100\n|-ability|p2b: Bridget|Stamina|boost\n|-boost|p2b: Bridget|def|1\n|-damage|p2b: Bridget|96\/100\n|-ability|p2b: Bridget|Stamina|boost\n|-boost|p2b: Bridget|def|1\n|-damage|p2b: Bridget|95\/100\n|-ability|p2b: Bridget|Stamina|boost\n|-boost|p2b: Bridget|def|1\n|-hitcount|p2b: Bridget|4\n|move|p1b: Volcarona|Quiver Dance|p1b: Volcarona\n|-boost|p1b: Volcarona|spa|1\n|-boost|p1b: Volcarona|spd|1\n|-boost|p1b: Volcarona|spe|1\n|move|p1a: Baxcalibur|Icicle Spear|p2a: Mischief Mother\n|-supereffective|p2a: Mischief Mother\n|-damage|p2a: Mischief Mother|55\/100\n|-supereffective|p2a: Mischief Mother\n|-damage|p2a: Mischief Mother|2\/100\n|-supereffective|p2a: Mischief Mother\n|-damage|p2a: Mischief Mother|0 fnt\n|faint|p2a: Mischief Mother\n|-hitcount|p2: Mischief Mother|3\n|move|p2b: Bridget|Body Press|p1a: Baxcalibur\n|-immune|p1a: Baxcalibur\n|\n|upkeep\n|\n|t:|1729162581\n|switch|p2a: Tapu Deedee|Indeedee, L50, M, shiny|100\/100\n|-fieldstart|move: Psychic Terrain|[from] ability: Psychic Surge|[of] p2a: Tapu Deedee\n|turn|2\n|\n|t:|1729162605\n|switch|p1a: Rillaboom|Rillaboom, L50, M|100\/100\n|-fieldstart|move: Grassy Terrain|[from] ability: Grassy Surge|[of] p1a: Rillaboom\n|move|p1b: Volcarona|Heat Wave|p2a: Tapu Deedee|[spread] p2a,p2b\n|-damage|p2a: Tapu Deedee|31\/100\n|-damage|p2b: Bridget|61\/100\n|-ability|p2b: Bridget|Stamina|boost\n|-boost|p2b: Bridget|def|1\n|move|p2a: Tapu Deedee|Expanding Force|p1a: Rillaboom\n|-damage|p1a: Rillaboom|62\/100\n|move|p2b: Bridget|Body Press|p1b: Volcarona\n|-resisted|p1b: Volcarona\n|-damage|p1b: Volcarona|54\/100\n|-status|p2b: Bridget|brn|[from] ability: Flame Body|[of] p1b: Volcarona\n|\n|-heal|p1b: Volcarona|60\/100|[from] Grassy Terrain\n|-heal|p2a: Tapu Deedee|37\/100|[from] Grassy Terrain\n|-heal|p2b: Bridget|67\/100 brn|[from] Grassy Terrain\n|-heal|p1a: Rillaboom|68\/100|[from] Grassy Terrain\n|-damage|p2b: Bridget|61\/100 brn|[from] brn\n|upkeep\n|turn|3\n|\n|t:|1729162631\n|switch|p2a: \u2694\ufe0fKing\u2694\ufe0f|Gallade, L50, M, shiny|100\/100\n|move|p1a: Rillaboom|Fake Out|p2b: Bridget\n|-resisted|p2b: Bridget\n|-damage|p2b: Bridget|60\/100 brn\n|-ability|p2b: Bridget|Stamina|boost\n|-boost|p2b: Bridget|def|1\n|move|p1b: Volcarona|Heat Wave|p2a: \u2694\ufe0fKing\u2694\ufe0f|[spread] p2a,p2b\n|-damage|p2a: \u2694\ufe0fKing\u2694\ufe0f|40\/100\n|-damage|p2b: Bridget|25\/100 brn\n|cant|p2b: Bridget|flinch\n|\n|-heal|p1b: Volcarona|66\/100|[from] Grassy Terrain\n|-heal|p2a: \u2694\ufe0fKing\u2694\ufe0f|46\/100|[from] Grassy Terrain\n|-heal|p2b: Bridget|32\/100 brn|[from] Grassy Terrain\n|-heal|p1a: Rillaboom|74\/100|[from] Grassy Terrain\n|-damage|p2b: Bridget|25\/100 brn|[from] brn\n|upkeep\n|turn|4\n|\n|t:|1729162659\n|switch|p1a: Baxcalibur|Baxcalibur, L50, F, tera:Ghost|100\/100\n|move|p1b: Volcarona|Heat Wave|p2a: \u2694\ufe0fKing\u2694\ufe0f|[spread] p2a\n|-miss|p1b: Volcarona|p2b: Bridget\n|-damage|p2a: \u2694\ufe0fKing\u2694\ufe0f|0 fnt\n|faint|p2a: \u2694\ufe0fKing\u2694\ufe0f\n|move|p2b: Bridget|Snarl|p1a: Baxcalibur|[spread] p1a,p1b\n|-supereffective|p1a: Baxcalibur\n|-damage|p1a: Baxcalibur|72\/100\n|-damage|p1b: Volcarona|58\/100\n|-unboost|p1a: Baxcalibur|spa|1\n|\n|-heal|p1b: Volcarona|65\/100|[from] Grassy Terrain\n|-heal|p1a: Baxcalibur|79\/100|[from] Grassy Terrain\n|-heal|p2b: Bridget|32\/100 brn|[from] Grassy Terrain\n|-damage|p2b: Bridget|25\/100 brn|[from] brn\n|upkeep\n|\n|t:|1729162665\n|switch|p2a: Tapu Deedee|Indeedee, L50, M, shiny|37\/100\n|-fieldstart|move: Psychic Terrain|[from] ability: Psychic Surge|[of] p2a: Tapu Deedee\n|turn|5\n|\n|t:|1729162681\n|move|p1b: Volcarona|Heat Wave|p2b: Bridget|[spread] p2a,p2b\n|-damage|p2a: Tapu Deedee|0 fnt\n|-damage|p2b: Bridget|0 fnt\n|faint|p2a: Tapu Deedee\n|faint|p2b: Bridget\n|\n|win|rough Pult\n|raw|rough Pult's rating: 1751 &rarr; <strong>1769<\/strong><br \/>(+18 for winning)\n|raw|actuary97's rating: 1724 &rarr; <strong>1706<\/strong><br \/>(-18 for losing)\n|l| fishle\n","uploadtime":1729162691,"views":62,"formatid":"gen9vgc2024regh","rating":1706,"private":0,"password":null}