{"id":"gen9vgc2024regh-2224493745","format":"[Gen 9] VGC 2024 Reg H","players":["Thisiscalledwhat","pantsuit"],"log":"|j|\u2606Thisiscalledwhat\n|j|\u2606pantsuit\n|t:|1729114484\n|gametype|doubles\n|player|p1|Thisiscalledwhat|170|1690\n|player|p2|pantsuit|101|1722\n|teamsize|p1|6\n|teamsize|p2|6\n|gen|9\n|tier|[Gen 9] VGC 2024 Reg H\n|rated|\n|rule|Species Clause: Limit one of each Pok\u00e9mon\n|rule|Item Clause: Limit 1 of each item\n|clearpoke\n|poke|p1|Ceruledge, L50, M|\n|poke|p1|Porygon2, L50|\n|poke|p1|Sneasler, L50, M|\n|poke|p1|Dragonite, L50, M|\n|poke|p1|Rillaboom, L50, M|\n|poke|p1|Kingambit, L50, F|\n|poke|p2|Porygon2, L50|\n|poke|p2|Ursaluna, L50, F|\n|poke|p2|Incineroar, L50, F|\n|poke|p2|Sneasler, L50, F|\n|poke|p2|Archaludon, L50, M|\n|poke|p2|Yanmega, L50, M|\n|teampreview|4\n|inactive|Battle timer is ON: inactive players will automatically lose when time's up. (requested by Thisiscalledwhat)\n|inactive|Thisiscalledwhat has 60 seconds left.\n|inactive|pantsuit has 60 seconds left.\n|\n|t:|1729114533\n|start\n|switch|p1a: Kingambit|Kingambit, L50, F|100\/100\n|switch|p1b: Porygon2|Porygon2, L50, shiny|100\/100\n|switch|p2a: Yanmega|Yanmega, L50, M, shiny|100\/100\n|switch|p2b: Sneasler|Sneasler, L50, F|100\/100\n|-ability|p1b: Porygon2|Speed Boost|[from] ability: Trace|[of] p2a: Yanmega\n|turn|1\n|inactive|Thisiscalledwhat has 30 seconds left.\n|inactive|Thisiscalledwhat has 20 seconds left.\n|inactive|Thisiscalledwhat has 15 seconds left.\n|inactive|Thisiscalledwhat has 10 seconds left.\n|inactive|Thisiscalledwhat has 5 seconds left.\n|\n|t:|1729114587\n|-terastallize|p1a: Kingambit|Fire\n|move|p2b: Sneasler|Close Combat|p1a: Kingambit\n|-damage|p1a: Kingambit|47\/100\n|-unboost|p2b: Sneasler|def|1\n|-unboost|p2b: Sneasler|spd|1\n|-enditem|p2b: Sneasler|White Herb\n|-clearnegativeboost|p2b: Sneasler|[silent]\n|move|p2a: Yanmega|Bug Buzz|p1a: Kingambit\n|-resisted|p1a: Kingambit\n|-damage|p1a: Kingambit|32\/100\n|move|p1b: Porygon2|Thunderbolt|p2a: Yanmega\n|-supereffective|p2a: Yanmega\n|-damage|p2a: Yanmega|19\/100\n|move|p1a: Kingambit|Iron Head|p2a: Yanmega\n|-damage|p2a: Yanmega|0 fnt\n|faint|p2a: Yanmega\n|\n|-ability|p1b: Porygon2|Speed Boost|boost\n|-boost|p1b: Porygon2|spe|1\n|upkeep\n|\n|t:|1729114610\n|switch|p2a: Ursaluna|Ursaluna, L50, F, shiny|100\/100\n|turn|2\n|\n|t:|1729114629\n|-terastallize|p2b: Sneasler|Stellar\n|move|p2a: Ursaluna|Protect|p2a: Ursaluna\n|-singleturn|p2a: Ursaluna|Protect\n|move|p1a: Kingambit|Sucker Punch|p2b: Sneasler\n|-resisted|p2b: Sneasler\n|-damage|p2b: Sneasler|64\/100\n|move|p2b: Sneasler|Close Combat|p1b: Porygon2\n|-supereffective|p1b: Porygon2\n|-damage|p1b: Porygon2|7\/100\n|-unboost|p2b: Sneasler|def|1\n|-unboost|p2b: Sneasler|spd|1\n|move|p1b: Porygon2|Ice Beam|p2b: Sneasler\n|-damage|p2b: Sneasler|19\/100\n|\n|-ability|p1b: Porygon2|Speed Boost|boost\n|-boost|p1b: Porygon2|spe|1\n|-status|p2a: Ursaluna|brn|[from] item: Flame Orb\n|upkeep\n|turn|3\n|\n|t:|1729114652\n|move|p2b: Sneasler|Protect|p2b: Sneasler\n|-singleturn|p2b: Sneasler|Protect\n|move|p1a: Kingambit|Sucker Punch||[still]\n|-fail|p1a: Kingambit\n|move|p1b: Porygon2|Ice Beam|p2a: Ursaluna\n|-supereffective|p2a: Ursaluna\n|-damage|p2a: Ursaluna|57\/100 brn\n|move|p2a: Ursaluna|Earthquake|p1b: Porygon2|[spread] p1a,p1b\n|-activate|p2b: Sneasler|move: Protect\n|-supereffective|p1a: Kingambit\n|-crit|p1a: Kingambit\n|-damage|p1a: Kingambit|0 fnt\n|-damage|p1b: Porygon2|0 fnt\n|faint|p1a: Kingambit\n|faint|p1b: Porygon2\n|\n|-damage|p2a: Ursaluna|51\/100 brn|[from] brn\n|upkeep\n|\n|t:|1729114661\n|switch|p1b: Sneasler|Sneasler, L50, M|100\/100\n|switch|p1a: Rillaboom|Rillaboom, L50, M|100\/100\n|-fieldstart|move: Grassy Terrain|[from] ability: Grassy Surge|[of] p1a: Rillaboom\n|turn|4\n|\n|t:|1729114680\n|switch|p2b: Incineroar|Incineroar, L50, F, shiny|100\/100\n|-ability|p2b: Incineroar|Intimidate|boost\n|-unboost|p1a: Rillaboom|atk|1\n|-unboost|p1b: Sneasler|atk|1\n|move|p1b: Sneasler|Fake Out|p2b: Incineroar\n|-damage|p2b: Incineroar|90\/100\n|move|p1a: Rillaboom|Wood Hammer|p2a: Ursaluna\n|-supereffective|p2a: Ursaluna\n|-damage|p2a: Ursaluna|0 fnt\n|faint|p2a: Ursaluna\n|-damage|p1a: Rillaboom|79\/100|[from] Recoil\n|\n|-heal|p1a: Rillaboom|86\/100|[from] Grassy Terrain\n|-heal|p2b: Incineroar|96\/100|[from] Grassy Terrain\n|upkeep\n|\n|t:|1729114688\n|switch|p2a: Sneasler|Sneasler, L50, F, tera:Stellar|19\/100\n|turn|5\n|\n|t:|1729114704\n|move|p2b: Incineroar|Fake Out|p1a: Rillaboom\n|-damage|p1a: Rillaboom|73\/100\n|cant|p1a: Rillaboom|flinch\n|move|p1b: Sneasler|Dire Claw|p2a: Sneasler\n|-resisted|p2a: Sneasler\n|-damage|p2a: Sneasler|0 fnt\n|faint|p2a: Sneasler\n|\n|-heal|p1a: Rillaboom|79\/100|[from] Grassy Terrain\n|-heal|p2b: Incineroar|100\/100|[from] Grassy Terrain\n|upkeep\n|turn|6\n|\n|t:|1729114720\n|move|p1b: Sneasler|Close Combat|p2b: Incineroar\n|-supereffective|p2b: Incineroar\n|-damage|p2b: Incineroar|12\/100\n|-unboost|p1b: Sneasler|def|1\n|-unboost|p1b: Sneasler|spd|1\n|move|p1a: Rillaboom|Wood Hammer|p2b: Incineroar\n|-resisted|p2b: Incineroar\n|-damage|p2b: Incineroar|0 fnt\n|faint|p2b: Incineroar\n|-damage|p1a: Rillaboom|75\/100|[from] Recoil\n|\n|win|Thisiscalledwhat\n|raw|Thisiscalledwhat's rating: 1690 &rarr; <strong>1712<\/strong><br \/>(+22 for winning)\n|raw|pantsuit's rating: 1722 &rarr; <strong>1700<\/strong><br \/>(-22 for losing)\n|l|\u2606Thisiscalledwhat\n|player|p1|\n|l|\u2606pantsuit\n|player|p2|\n","uploadtime":1729114732,"views":16,"formatid":"gen9vgc2024regh","rating":1700,"private":0,"password":null}