{"id":"gen9vgc2024regh-2224872545","format":"[Gen 9] VGC 2024 Reg H","players":["PeekayW","Gen5 is epic"],"log":"|j|\u2606PeekayW\n|j|\u2606Gen5 is epic\n|t:|1729167059\n|gametype|doubles\n|player|p1|PeekayW|169|1672\n|player|p2|Gen5 is epic|n|1745\n|teamsize|p1|6\n|teamsize|p2|6\n|gen|9\n|tier|[Gen 9] VGC 2024 Reg H\n|rated|\n|rule|Species Clause: Limit one of each Pok\u00e9mon\n|rule|Item Clause: Limit 1 of each item\n|clearpoke\n|poke|p1|Gholdengo, L50|\n|poke|p1|Glimmora, L50, F|\n|poke|p1|Talonflame, L50, M|\n|poke|p1|Dragonite, L50, F|\n|poke|p1|Dondozo, L50, F|\n|poke|p1|Tatsugiri, L50, F|\n|poke|p2|Incineroar, L50, M|\n|poke|p2|Rillaboom, L50, M|\n|poke|p2|Farigiraf, L50, F|\n|poke|p2|Ursaluna-Bloodmoon, L50, M|\n|poke|p2|Annihilape, L50, M|\n|poke|p2|Ninetales-Alola, L50, M|\n|teampreview|4\n|inactive|Battle timer is ON: inactive players will automatically lose when time's up. (requested by PeekayW)\n|\n|t:|1729167115\n|start\n|switch|p1a: Glimmora|Glimmora, L50, F|100\/100\n|switch|p1b: Dondozo|Dondozo, L50, F|100\/100\n|switch|p2a: Incineroar|Incineroar, L50, M, shiny|100\/100\n|switch|p2b: Farigiraf|Farigiraf, L50, F|100\/100\n|-ability|p2a: Incineroar|Intimidate|boost\n|-unboost|p1a: Glimmora|atk|1\n|-unboost|p1b: Dondozo|atk|1\n|turn|1\n|inactive|PeekayW has 30 seconds left.\n|inactive|PeekayW has 20 seconds left.\n|inactive|Gen5 is epic has 30 seconds left.\n|inactive|PeekayW has 15 seconds left.\n|inactive|Gen5 is epic has 20 seconds left.\n|\n|t:|1729167176\n|-terastallize|p2a: Incineroar|Ghost\n|move|p2a: Incineroar|Fake Out|p1b: Dondozo\n|-damage|p1b: Dondozo|93\/100\n|move|p1a: Glimmora|Meteor Beam||[still]\n|-prepare|p1a: Glimmora|Meteor Beam\n|-boost|p1a: Glimmora|spa|1\n|-enditem|p1a: Glimmora|Power Herb\n|-anim|p1a: Glimmora|Meteor Beam|p2b: Farigiraf\n|-damage|p2b: Farigiraf|1\/100\n|cant|p1b: Dondozo|flinch\n|move|p2b: Farigiraf|Hyper Voice|p1a: Glimmora|[spread] p1a,p1b\n|-resisted|p1a: Glimmora\n|-damage|p1a: Glimmora|78\/100\n|-damage|p1b: Dondozo|59\/100\n|-enditem|p2b: Farigiraf|Throat Spray\n|-boost|p2b: Farigiraf|spa|1|[from] item: Throat Spray\n|\n|-heal|p1b: Dondozo|66\/100|[from] item: Leftovers\n|upkeep\n|turn|2\n|\n|t:|1729167197\n|switch|p1a: Tatsugiri|Tatsugiri, L50, F|100\/100\n|-activate|p1a: Tatsugiri|ability: Commander|[of] p1b: Dondozo\n|-boost|p1b: Dondozo|atk|2\n|-boost|p1b: Dondozo|spa|2\n|-boost|p1b: Dondozo|spe|2\n|-boost|p1b: Dondozo|def|2\n|-boost|p1b: Dondozo|spd|2\n|move|p2b: Farigiraf|Protect|p2b: Farigiraf\n|-singleturn|p2b: Farigiraf|Protect\n|move|p1b: Dondozo|Earthquake|p2a: Incineroar|[spread] p2a\n|-miss|p1b: Dondozo|p1a: Tatsugiri\n|-activate|p2b: Farigiraf|move: Protect\n|-damage|p2a: Incineroar|69\/100\n|move|p2a: Incineroar|Parting Shot|p1a: Tatsugiri|[miss]\n|-miss|p2a: Incineroar|p1a: Tatsugiri\n|\n|-heal|p1b: Dondozo|72\/100|[from] item: Leftovers\n|upkeep\n|turn|3\n|\n|t:|1729167214\n|move|p1b: Dondozo|Earthquake|p2b: Farigiraf|[spread] p2a,p2b\n|-miss|p1b: Dondozo|p1a: Tatsugiri\n|-damage|p2a: Incineroar|38\/100\n|-damage|p2b: Farigiraf|0 fnt\n|faint|p2b: Farigiraf\n|move|p2a: Incineroar|Knock Off|p1b: Dondozo\n|-damage|p1b: Dondozo|58\/100\n|-enditem|p1b: Dondozo|Leftovers|[from] move: Knock Off|[of] p2a: Incineroar\n|\n|upkeep\n|\n|t:|1729167219\n|switch|p2b: Ninetales|Ninetales-Alola, L50, M|100\/100\n|-weather|Snow|[from] ability: Snow Warning|[of] p2b: Ninetales\n|turn|4\n|\n|t:|1729167228\n|switch|p2a: Ursaluna|Ursaluna-Bloodmoon, L50, M|100\/100\n|move|p1b: Dondozo|Wave Crash|p2b: Ninetales\n|-damage|p2b: Ninetales|17\/100\n|-damage|p1b: Dondozo|40\/100|[from] Recoil\n|move|p2b: Ninetales|Freeze-Dry|p1b: Dondozo\n|-supereffective|p1b: Dondozo\n|-damage|p1b: Dondozo|8\/100\n|\n|-weather|Snow|[upkeep]\n|upkeep\n|turn|5\n|\n|t:|1729167241\n|move|p1b: Dondozo|Earthquake|p2a: Ursaluna|[spread] p2a,p2b\n|-miss|p1b: Dondozo|p1a: Tatsugiri\n|-damage|p2a: Ursaluna|73\/100\n|-damage|p2b: Ninetales|0 fnt\n|faint|p2b: Ninetales\n|move|p2a: Ursaluna|Blood Moon|p1a: Tatsugiri|[miss]\n|-miss|p2a: Ursaluna|p1a: Tatsugiri\n|\n|-weather|Snow|[upkeep]\n|upkeep\n|\n|t:|1729167245\n|switch|p2b: Incineroar|Incineroar, L50, M, shiny, tera:Ghost|38\/100\n|-ability|p2b: Incineroar|Intimidate|boost\n|-unboost|p1a: Tatsugiri|atk|1\n|-unboost|p1b: Dondozo|atk|1\n|turn|6\n|inactive|Gen5 is epic has 30 seconds left.\n|\n|t:|1729167273\n|move|p1b: Dondozo|Protect|p1b: Dondozo\n|-singleturn|p1b: Dondozo|Protect\n|move|p2a: Ursaluna|Earth Power|p1b: Dondozo\n|-activate|p1b: Dondozo|move: Protect\n|move|p2b: Incineroar|Knock Off|p1a: Tatsugiri|[miss]\n|-miss|p2b: Incineroar|p1a: Tatsugiri\n|\n|-weather|Snow|[upkeep]\n|upkeep\n|turn|7\n|\n|t:|1729167296\n|move|p1b: Dondozo|Wave Crash|p2b: Incineroar\n|-damage|p2b: Incineroar|0 fnt\n|faint|p2b: Incineroar\n|-damage|p1b: Dondozo|0 fnt|[from] Recoil\n|faint|p1b: Dondozo\n|move|p2a: Ursaluna|Hyper Voice|p1a: Tatsugiri\n|-damage|p1a: Tatsugiri|15\/100\n|-damage|p2a: Ursaluna|63\/100|[from] item: Life Orb\n|\n|-weather|Snow|[upkeep]\n|upkeep\n|\n|t:|1729167306\n|switch|p1b: Dragonite|Dragonite, L50, F|100\/100\n|turn|8\n|\n|t:|1729167313\n|-terastallize|p1b: Dragonite|Normal\n|move|p1b: Dragonite|Extreme Speed|p2a: Ursaluna\n|-damage|p2a: Ursaluna|8\/100\n|move|p1a: Tatsugiri|Draco Meteor|p2a: Ursaluna\n|-damage|p2a: Ursaluna|0 fnt\n|-unboost|p1a: Tatsugiri|spa|2\n|faint|p2a: Ursaluna\n|\n|win|PeekayW\n|raw|PeekayW's rating: 1672 &rarr; <strong>1696<\/strong><br \/>(+24 for winning)\n|raw|Gen5 is epic's rating: 1745 &rarr; <strong>1721<\/strong><br \/>(-24 for losing)\n|l|\u2606Gen5 is epic\n|player|p2|\n|l|\u2606PeekayW\n|player|p1|\n","uploadtime":1729167543,"views":9,"formatid":"gen9vgc2024regh","rating":1696,"private":0,"password":null}