{"id":"gen9vgc2024regh-2224631480","format":"[Gen 9] VGC 2024 Reg H","players":["Brave12223","rgktest"],"log":"|j|\u2606Brave12223\n|j|\u2606rgktest\n|t:|1729130479\n|gametype|doubles\n|player|p1|Brave12223|ingo|1744\n|player|p2|rgktest|brycenman|1662\n|teamsize|p1|6\n|teamsize|p2|6\n|gen|9\n|tier|[Gen 9] VGC 2024 Reg H\n|rated|\n|rule|Species Clause: Limit one of each Pok\u00e9mon\n|rule|Item Clause: Limit 1 of each item\n|clearpoke\n|poke|p1|Tyranitar, L50, F|\n|poke|p1|Gastrodon, L50, F|\n|poke|p1|Garchomp, L50, F|\n|poke|p1|Talonflame, L50, M|\n|poke|p1|Kingambit, L50, M|\n|poke|p1|Tsareena, L50, F|\n|poke|p2|Slaking, L50, F|\n|poke|p2|Weezing-Galar, L50, M|\n|poke|p2|Talonflame, L50, F|\n|poke|p2|Dragapult, L50, F|\n|poke|p2|Gholdengo, L50|\n|poke|p2|Tauros-Paldea-Aqua, L50, M|\n|teampreview|4\n|inactive|Battle timer is ON: inactive players will automatically lose when time's up. (requested by Brave12223)\n|j| chiyochichi\n|inactive|Brave12223 has 60 seconds left.\n|inactive|rgktest has 60 seconds left.\n|inactive|Brave12223 has 30 seconds left.\n|inactive|Brave12223 has 20 seconds left.\n|inactive|rgktest has 30 seconds left.\n|inactive|Brave12223 has 15 seconds left.\n|inactive|rgktest has 20 seconds left.\n|\n|t:|1729130572\n|start\n|switch|p1a: Talonflame|Talonflame, L50, M|100\/100\n|switch|p1b: Garchomp|Garchomp, L50, F|100\/100\n|switch|p2a: Talonflame|Talonflame, L50, F|100\/100\n|switch|p2b: Slaking|Slaking, L50, F|100\/100\n|turn|1\n|\n|t:|1729130591\n|move|p1a: Talonflame|Tailwind|p1a: Talonflame\n|-sidestart|p1: Brave12223|move: Tailwind\n|move|p2a: Talonflame|Tailwind|p2a: Talonflame\n|-sidestart|p2: rgktest|move: Tailwind\n|move|p2b: Slaking|Double-Edge|p1b: Garchomp\n|-damage|p1b: Garchomp|13\/100\n|-damage|p2b: Slaking|77\/100|[from] Recoil\n|-damage|p2b: Slaking|68\/100|[from] item: Life Orb\n|move|p1b: Garchomp|Rock Slide|p2a: Talonflame|[spread] p2a,p2b\n|-supereffective|p2a: Talonflame\n|-damage|p2a: Talonflame|0 fnt\n|-damage|p2b: Slaking|42\/100\n|faint|p2a: Talonflame\n|\n|upkeep\n|inactive|rgktest has 30 seconds left.\n|\n|t:|1729130624\n|switch|p2a: Tauros|Tauros-Paldea-Aqua, L50, M|100\/100\n|-ability|p2a: Tauros|Intimidate|boost\n|-unboost|p1a: Talonflame|atk|1\n|-unboost|p1b: Garchomp|atk|1\n|turn|2\n|\n|t:|1729130630\n|switch|p2b: Weezing|Weezing-Galar, L50, M|100\/100\n|-ability|p2b: Weezing|Neutralizing Gas\n|-block|p2a: Tauros|item: Ability Shield\n|switch|p1b: Tsareena|Tsareena, L50, F|100\/100\n|move|p2a: Tauros|Aqua Jet|p1b: Tsareena\n|-resisted|p1b: Tsareena\n|-damage|p1b: Tsareena|88\/100\n|move|p1a: Talonflame|Will-O-Wisp|p2a: Tauros|[miss]\n|-miss|p1a: Talonflame|p2a: Tauros\n|\n|upkeep\n|turn|3\n|inactive|rgktest has 30 seconds left.\n|\n|t:|1729130655\n|switch|p1b: Kingambit|Kingambit, L50, M|100\/100\n|move|p2a: Tauros|Protect|p2a: Tauros\n|-singleturn|p2a: Tauros|Protect\n|move|p1a: Talonflame|Will-O-Wisp|p2a: Tauros\n|-activate|p2a: Tauros|move: Protect\n|move|p2b: Weezing|Will-O-Wisp|p1b: Kingambit\n|-status|p1b: Kingambit|brn\n|\n|-damage|p1b: Kingambit|95\/100 brn|[from] brn\n|upkeep\n|turn|4\n|\n|t:|1729130673\n|switch|p1a: Tsareena|Tsareena, L50, F|88\/100\n|move|p2a: Tauros|Raging Bull|p1a: Tsareena\n|-resisted|p1a: Tsareena\n|-damage|p1a: Tsareena|61\/100\n|move|p2b: Weezing|Strange Steam|p1b: Kingambit\n|-damage|p1b: Kingambit|70\/100 brn\n|-start|p1b: Kingambit|confusion\n|-activate|p1b: Kingambit|confusion\n|-damage|p1b: Kingambit|58\/100 brn|[from] confusion\n|\n|-damage|p1b: Kingambit|52\/100 brn|[from] brn\n|-sideend|p1: Brave12223|move: Tailwind\n|-sideend|p2: rgktest|move: Tailwind\n|upkeep\n|turn|5\n|l| chiyochichi\n|j| chiyochichi\n|inactive|rgktest has 30 seconds left.\n|inactive|rgktest has 20 seconds left.\n|inactive|rgktest has 15 seconds left.\n|\n|t:|1729130717\n|move|p2a: Tauros|Protect|p2a: Tauros\n|-singleturn|p2a: Tauros|Protect\n|move|p1a: Tsareena|Protect|p1a: Tsareena\n|-singleturn|p1a: Tsareena|Protect\n|move|p2b: Weezing|Strange Steam|p1a: Tsareena\n|-activate|p1a: Tsareena|move: Protect\n|-end|p1b: Kingambit|confusion\n|move|p1b: Kingambit|Kowtow Cleave|p2a: Tauros\n|-activate|p2a: Tauros|move: Protect\n|\n|-damage|p1b: Kingambit|46\/100 brn|[from] brn\n|upkeep\n|turn|6\n|inactive|rgktest has 30 seconds left.\n|inactive|rgktest has 20 seconds left.\n|inactive|rgktest has 15 seconds left.\n|\n|t:|1729130761\n|-terastallize|p2a: Tauros|Fighting\n|move|p2a: Tauros|Close Combat|p1a: Tsareena\n|-damage|p1a: Tsareena|0 fnt\n|-unboost|p2a: Tauros|def|1\n|-unboost|p2a: Tauros|spd|1\n|faint|p1a: Tsareena\n|move|p2b: Weezing|Strange Steam|p1b: Kingambit\n|-damage|p1b: Kingambit|17\/100 brn\n|move|p1b: Kingambit|Kowtow Cleave|p2a: Tauros\n|-resisted|p2a: Tauros\n|-damage|p2a: Tauros|76\/100\n|\n|-damage|p1b: Kingambit|11\/100 brn|[from] brn\n|upkeep\n|\n|t:|1729130768\n|switch|p1a: Talonflame|Talonflame, L50, M|100\/100\n|turn|7\n|\n|t:|1729130788\n|move|p2a: Tauros|Protect|p2a: Tauros\n|-singleturn|p2a: Tauros|Protect\n|move|p1a: Talonflame|Brave Bird|p2a: Tauros\n|-activate|p2a: Tauros|move: Protect\n|move|p2b: Weezing|Strange Steam|p1a: Talonflame\n|-resisted|p1a: Talonflame\n|-damage|p1a: Talonflame|82\/100\n|move|p1b: Kingambit|Kowtow Cleave|p2a: Tauros\n|-activate|p2a: Tauros|move: Protect\n|\n|-damage|p1b: Kingambit|5\/100 brn|[from] brn\n|upkeep\n|turn|8\n|inactive|rgktest has 30 seconds left.\n|inactive|rgktest has 20 seconds left.\n|\n|t:|1729130825\n|switch|p2a: Slaking|Slaking, L50, F|42\/100\n|-terastallize|p1a: Talonflame|Ghost\n|move|p1a: Talonflame|Brave Bird|p2a: Slaking\n|-damage|p2a: Slaking|13\/100\n|-damage|p1a: Talonflame|70\/100|[from] Recoil\n|move|p2b: Weezing|Taunt|p1a: Talonflame\n|-start|p1a: Talonflame|move: Taunt\n|move|p1b: Kingambit|Kowtow Cleave|p2a: Slaking\n|-damage|p2a: Slaking|0 fnt\n|faint|p2a: Slaking\n|\n|-damage|p1b: Kingambit|0 fnt|[from] brn\n|faint|p1b: Kingambit\n|upkeep\n|\n|t:|1729130836\n|switch|p2a: Tauros|Tauros-Paldea-Aqua, L50, M, tera:Fighting|76\/100\n|switch|p1b: Garchomp|Garchomp, L50, F|13\/100\n|-ability|p2a: Tauros|Intimidate|boost\n|-unboost|p1a: Talonflame|atk|1\n|-unboost|p1b: Garchomp|atk|1\n|turn|9\n|\n|t:|1729130844\n|move|p2a: Tauros|Aqua Jet|p1b: Garchomp\n|-damage|p1b: Garchomp|0 fnt\n|faint|p1b: Garchomp\n|move|p1a: Talonflame|Brave Bird|p2a: Tauros\n|-supereffective|p2a: Tauros\n|-damage|p2a: Tauros|24\/100\n|-damage|p1a: Talonflame|55\/100|[from] Recoil\n|move|p2b: Weezing|Strange Steam|p1a: Talonflame\n|-damage|p1a: Talonflame|21\/100\n|\n|upkeep\n|turn|10\n|-message|Brave12223 forfeited.\n|\n|win|rgktest\n|raw|Brave12223's rating: 1744 &rarr; <strong>1719<\/strong><br \/>(-25 for losing)\n|raw|rgktest's rating: 1662 &rarr; <strong>1687<\/strong><br \/>(+25 for winning)\n|l|\u2606Brave12223\n|player|p1|\n|l|\u2606rgktest\n|player|p2|\n|l| chiyochichi\n","uploadtime":1729131038,"views":12,"formatid":"gen9vgc2024regh","rating":1687,"private":0,"password":null}