{"id":"gen9vgc2024regh-2224638269","format":"[Gen 9] VGC 2024 Reg H","players":["moon7777","Brave12223"],"log":"|j|\u2606moon7777\n|j|\u2606Brave12223\n|t:|1729131313\n|gametype|doubles\n|player|p1|moon7777|102|1693\n|player|p2|Brave12223|ingo|1718\n|teamsize|p1|6\n|teamsize|p2|6\n|gen|9\n|tier|[Gen 9] VGC 2024 Reg H\n|rated|\n|rule|Species Clause: Limit one of each Pok\u00e9mon\n|rule|Item Clause: Limit 1 of each item\n|clearpoke\n|poke|p1|Dragonite, L50, M|\n|poke|p1|Gholdengo, L50|\n|poke|p1|Basculegion, L50, M|\n|poke|p1|Rillaboom, L50, M|\n|poke|p1|Sneasler, L50, F|\n|poke|p1|Comfey, L50, F|\n|poke|p2|Tyranitar, L50, F|\n|poke|p2|Gastrodon, L50, M|\n|poke|p2|Garchomp, L50, F|\n|poke|p2|Talonflame, L50, F|\n|poke|p2|Kingambit, L50, F|\n|poke|p2|Tsareena, L50, F|\n|teampreview|4\n|inactive|Battle timer is ON: inactive players will automatically lose when time's up. (requested by Brave12223)\n|inactive|moon7777 has 60 seconds left.\n|\n|t:|1729131365\n|start\n|switch|p1a: Sneasler|Sneasler, L50, F|100\/100\n|switch|p1b: Dragonite|Dragonite, L50, M|100\/100\n|switch|p2a: Talonflame|Talonflame, L50, F|100\/100\n|switch|p2b: Tyranitar|Tyranitar, L50, F|100\/100\n|-weather|Sandstorm|[from] ability: Sand Stream|[of] p2b: Tyranitar\n|turn|1\n|\n|t:|1729131385\n|-terastallize|p1b: Dragonite|Flying\n|move|p2a: Talonflame|Tailwind|p2a: Talonflame\n|-sidestart|p2: Brave12223|move: Tailwind\n|move|p2b: Tyranitar|Rock Slide|p1b: Dragonite|[spread] p1a\n|-miss|p2b: Tyranitar|p1b: Dragonite\n|-resisted|p1a: Sneasler\n|-damage|p1a: Sneasler|71\/100\n|move|p1a: Sneasler|Coaching|p1b: Dragonite\n|-boost|p1b: Dragonite|atk|1\n|-boost|p1b: Dragonite|def|1\n|move|p1b: Dragonite|Tera Blast|p2a: Talonflame|[anim] Tera Blast Flying\n|-damage|p2a: Talonflame|0 fnt\n|faint|p2a: Talonflame\n|\n|-weather|Sandstorm|[upkeep]\n|-damage|p1a: Sneasler|65\/100|[from] Sandstorm\n|-damage|p1b: Dragonite|94\/100|[from] Sandstorm\n|upkeep\n|\n|t:|1729131395\n|switch|p2a: Garchomp|Garchomp, L50, F|100\/100\n|turn|2\n|\n|t:|1729131402\n|switch|p1a: Comfey|Comfey, L50, F|100\/100\n|move|p2a: Garchomp|Rock Slide|p1b: Dragonite|[spread] p1a,p1b\n|-supereffective|p1b: Dragonite\n|-damage|p1a: Comfey|74\/100\n|-damage|p1b: Dragonite|53\/100\n|move|p2b: Tyranitar|Rock Slide|p1a: Comfey|[spread] p1a,p1b\n|-supereffective|p1b: Dragonite\n|-damage|p1a: Comfey|44\/100\n|-damage|p1b: Dragonite|12\/100\n|move|p1b: Dragonite|Stomping Tantrum|p2b: Tyranitar\n|-supereffective|p2b: Tyranitar\n|-damage|p2b: Tyranitar|22\/100\n|\n|-weather|Sandstorm|[upkeep]\n|-damage|p1b: Dragonite|6\/100|[from] Sandstorm\n|upkeep\n|turn|3\n|inactive|moon7777 has 30 seconds left.\n|\n|t:|1729131427\n|move|p1a: Comfey|Draining Kiss|p2b: Tyranitar\n|-supereffective|p2b: Tyranitar\n|-crit|p2b: Tyranitar\n|-damage|p2b: Tyranitar|0 fnt\n|-heal|p1a: Comfey|61\/100|[from] drain|[of] p2b: Tyranitar\n|faint|p2b: Tyranitar\n|move|p2a: Garchomp|Rock Slide|p1a: Comfey|[spread] p1a,p1b\n|-supereffective|p1b: Dragonite\n|-crit|p1b: Dragonite\n|-damage|p1a: Comfey|33\/100\n|-damage|p1b: Dragonite|0 fnt\n|faint|p1b: Dragonite\n|\n|-weather|Sandstorm|[upkeep]\n|upkeep\n|\n|t:|1729131437\n|switch|p1b: Sneasler|Sneasler, L50, F|65\/100\n|switch|p2b: Kingambit|Kingambit, L50, F|100\/100\n|turn|4\n|\n|t:|1729131446\n|-terastallize|p2b: Kingambit|Flying\n|move|p1a: Comfey|Floral Healing|p1b: Sneasler\n|-heal|p1b: Sneasler|100\/100\n|move|p2a: Garchomp|Rock Slide|p1b: Sneasler|[spread] p1a,p1b\n|-resisted|p1b: Sneasler\n|-damage|p1a: Comfey|7\/100\n|-damage|p1b: Sneasler|74\/100\n|cant|p1b: Sneasler|flinch\n|move|p2b: Kingambit|Kowtow Cleave|p1b: Sneasler\n|-resisted|p1b: Sneasler\n|-damage|p1b: Sneasler|20\/100\n|\n|-weather|Sandstorm|[upkeep]\n|-damage|p1b: Sneasler|14\/100|[from] Sandstorm\n|-damage|p2b: Kingambit|95\/100|[from] Sandstorm\n|-sideend|p2: Brave12223|move: Tailwind\n|upkeep\n|turn|5\n|\n|t:|1729131467\n|switch|p1a: Basculegion|Basculegion, L50, M|100\/100\n|move|p2b: Kingambit|Sucker Punch||[still]\n|-fail|p2b: Kingambit\n|move|p1b: Sneasler|Coaching|p1a: Basculegion\n|-boost|p1a: Basculegion|atk|1\n|-boost|p1a: Basculegion|def|1\n|move|p2a: Garchomp|Rock Slide|p1a: Basculegion|[spread] p1a,p1b\n|-resisted|p1b: Sneasler\n|-damage|p1a: Basculegion|73\/100\n|-damage|p1b: Sneasler|0 fnt\n|faint|p1b: Sneasler\n|\n|-weather|none\n|upkeep\n|\n|t:|1729131477\n|switch|p1b: Comfey|Comfey, L50, F|7\/100\n|turn|6\n|\n|t:|1729131493\n|move|p1b: Comfey|Floral Healing|p1a: Basculegion\n|-heal|p1a: Basculegion|100\/100\n|move|p2b: Kingambit|Sucker Punch|p1a: Basculegion\n|-supereffective|p1a: Basculegion\n|-damage|p1a: Basculegion|13\/100\n|move|p1a: Basculegion|Last Respects|p2a: Garchomp\n|-damage|p2a: Garchomp|0 fnt\n|faint|p2a: Garchomp\n|\n|upkeep\n|turn|7\n|j| ich1se\n|\n|t:|1729131512\n|move|p1b: Comfey|Draining Kiss|p2b: Kingambit\n|-crit|p2b: Kingambit\n|-damage|p2b: Kingambit|73\/100\n|-heal|p1b: Comfey|28\/100|[from] drain|[of] p2b: Kingambit\n|move|p2b: Kingambit|Sucker Punch|p1a: Basculegion\n|-supereffective|p1a: Basculegion\n|-damage|p1a: Basculegion|0 fnt\n|faint|p1a: Basculegion\n|\n|upkeep\n|turn|8\n|\n|t:|1729131518\n|move|p1b: Comfey|Draining Kiss|p2b: Kingambit\n|-damage|p2b: Kingambit|57\/100\n|-heal|p1b: Comfey|44\/100|[from] drain|[of] p2b: Kingambit\n|move|p2b: Kingambit|Iron Head|p1b: Comfey\n|-supereffective|p1b: Comfey\n|-damage|p1b: Comfey|0 fnt\n|faint|p1b: Comfey\n|\n|win|Brave12223\n|raw|moon7777's rating: 1693 &rarr; <strong>1674<\/strong><br \/>(-19 for losing)\n|raw|Brave12223's rating: 1718 &rarr; <strong>1737<\/strong><br \/>(+19 for winning)\n|l|\u2606Brave12223\n|player|p2|\n|l|\u2606moon7777\n|player|p1|\n|l| ich1se\n","uploadtime":1729131731,"views":11,"formatid":"gen9vgc2024regh","rating":1674,"private":0,"password":null}