{"id":"gen9vgc2024regh-2224249510","format":"[Gen 9] VGC 2024 Reg H","players":["Brave12223","pokequimico"],"log":"|j|\u2606Brave12223\n|j|\u2606pokequimico\n|t:|1729092863\n|gametype|doubles\n|player|p1|Brave12223|ingo|1697\n|player|p2|pokequimico|lucas|1653\n|teamsize|p1|6\n|teamsize|p2|6\n|gen|9\n|tier|[Gen 9] VGC 2024 Reg H\n|rated|\n|rule|Species Clause: Limit one of each Pok\u00e9mon\n|rule|Item Clause: Limit 1 of each item\n|clearpoke\n|poke|p1|Tyranitar, L50, F|\n|poke|p1|Garchomp, L50, M|\n|poke|p1|Talonflame, L50, M|\n|poke|p1|Kingambit, L50, F|\n|poke|p1|Gastrodon, L50, F|\n|poke|p1|Tsareena, L50, F|\n|poke|p2|Sneasler, L50, M|\n|poke|p2|Gholdengo, L50|\n|poke|p2|Rillaboom, L50, F|\n|poke|p2|Kingambit, L50, F|\n|poke|p2|Dragonite, L50, F|\n|poke|p2|Primarina, L50, F|\n|teampreview|4\n|inactive|Battle timer is ON: inactive players will automatically lose when time's up. (requested by Brave12223)\n|inactive|pokequimico also wants the timer to be on.\n|\n|t:|1729092894\n|start\n|switch|p1a: Garchomp|Garchomp, L50, M|100\/100\n|switch|p1b: Talonflame|Talonflame, L50, M|100\/100\n|switch|p2a: Primarina|Primarina, L50, F|100\/100\n|switch|p2b: Sneasler|Sneasler, L50, M|100\/100\n|turn|1\n|\n|t:|1729092918\n|switch|p1b: Tsareena|Tsareena, L50, F|100\/100\n|-terastallize|p1a: Garchomp|Ground\n|move|p2b: Sneasler|Fake Out||[still]\n|cant|p1b: Tsareena|ability: Queenly Majesty|Fake Out|[of] p2b: Sneasler\n|move|p1a: Garchomp|Stomping Tantrum|p2a: Primarina\n|-damage|p2a: Primarina|0 fnt\n|faint|p2a: Primarina\n|\n|upkeep\n|\n|t:|1729092924\n|switch|p2a: Gholdengo|Gholdengo, L50|100\/100\n|turn|2\n|\n|t:|1729092936\n|switch|p1a: Talonflame|Talonflame, L50, M|100\/100\n|switch|p1b: Kingambit|Kingambit, L50, F|100\/100\n|-terastallize|p2a: Gholdengo|Steel\n|move|p2a: Gholdengo|Make It Rain|p1b: Kingambit|[spread] p1a,p1b\n|-resisted|p1a: Talonflame\n|-resisted|p1b: Kingambit\n|-damage|p1a: Talonflame|54\/100\n|-damage|p1b: Kingambit|66\/100\n|-unboost|p2a: Gholdengo|spa|1\n|move|p2b: Sneasler|Dire Claw|p1a: Talonflame\n|-damage|p1a: Talonflame|0 fnt\n|faint|p1a: Talonflame\n|\n|upkeep\n|j| Wadikaz\n|\n|t:|1729092959\n|switch|p1a: Garchomp|Garchomp, L50, M, tera:Ground|100\/100\n|turn|3\n|\n|t:|1729092967\n|move|p1b: Kingambit|Sucker Punch|p2b: Sneasler\n|-resisted|p2b: Sneasler\n|-damage|p2b: Sneasler|59\/100\n|move|p2a: Gholdengo|Make It Rain|p1b: Kingambit|[spread] p1a,p1b\n|-resisted|p1b: Kingambit\n|-damage|p1a: Garchomp|45\/100\n|-damage|p1b: Kingambit|43\/100\n|-unboost|p2a: Gholdengo|spa|1\n|move|p2b: Sneasler|Close Combat|p1a: Garchomp\n|-damage|p1a: Garchomp|0 fnt\n|-unboost|p2b: Sneasler|def|1\n|-unboost|p2b: Sneasler|spd|1\n|faint|p1a: Garchomp\n|\n|upkeep\n|\n|t:|1729092973\n|switch|p1a: Tsareena|Tsareena, L50, F|100\/100\n|turn|4\n|\n|t:|1729092981\n|switch|p2a: Rillaboom|Rillaboom, L50, F|100\/100\n|-fieldstart|move: Grassy Terrain|[from] ability: Grassy Surge|[of] p2a: Rillaboom\n|move|p1b: Kingambit|Sucker Punch||[still]\n|-fail|p1b: Kingambit\n|move|p2b: Sneasler|Coaching|p2a: Rillaboom\n|-boost|p2a: Rillaboom|atk|1\n|-boost|p2a: Rillaboom|def|1\n|move|p1a: Tsareena|High Jump Kick|p2a: Rillaboom\n|-damage|p2a: Rillaboom|74\/100\n|\n|-heal|p2b: Sneasler|65\/100|[from] Grassy Terrain\n|-heal|p2a: Rillaboom|80\/100|[from] Grassy Terrain\n|-heal|p1b: Kingambit|48\/100|[from] Grassy Terrain\n|upkeep\n|turn|5\n|\n|t:|1729093001\n|move|p2b: Sneasler|Coaching|p2a: Rillaboom\n|-boost|p2a: Rillaboom|atk|1\n|-boost|p2a: Rillaboom|def|1\n|move|p2a: Rillaboom|Wood Hammer|p1b: Kingambit\n|-resisted|p1b: Kingambit\n|-damage|p1b: Kingambit|0 fnt\n|faint|p1b: Kingambit\n|-damage|p2a: Rillaboom|64\/100|[from] Recoil\n|move|p1a: Tsareena|Triple Axel|p2a: Rillaboom\n|-supereffective|p2a: Rillaboom\n|-damage|p2a: Rillaboom|57\/100\n|-supereffective|p2a: Rillaboom\n|-damage|p2a: Rillaboom|43\/100\n|-supereffective|p2a: Rillaboom\n|-damage|p2a: Rillaboom|25\/100\n|-hitcount|p2a: Rillaboom|3\n|\n|-heal|p2b: Sneasler|71\/100|[from] Grassy Terrain\n|-heal|p2a: Rillaboom|31\/100|[from] Grassy Terrain\n|upkeep\n|turn|6\n|-message|Brave12223 forfeited.\n|\n|win|pokequimico\n|raw|Brave12223's rating: 1697 &rarr; <strong>1674<\/strong><br \/>(-23 for losing)\n|raw|pokequimico's rating: 1653 &rarr; <strong>1676<\/strong><br \/>(+23 for winning)\n|l|\u2606Brave12223\n|player|p1|\n|l|\u2606pokequimico\n|player|p2|\n","uploadtime":1729093225,"views":8,"formatid":"gen9vgc2024regh","rating":1674,"private":0,"password":null}