{"id":"gen9vgc2024regh-2224465604","format":"[Gen 9] VGC 2024 Reg H","players":["BIO26R","pantsuit"],"log":"|j|\u2606BIO26R\n|j|\u2606pantsuit\n|t:|1729111695\n|gametype|doubles\n|player|p1|BIO26R|scientist|1684\n|player|p2|pantsuit|101|1716\n|teamsize|p1|6\n|teamsize|p2|6\n|gen|9\n|tier|[Gen 9] VGC 2024 Reg H\n|rated|\n|rule|Species Clause: Limit one of each Pok\u00e9mon\n|rule|Item Clause: Limit 1 of each item\n|clearpoke\n|poke|p1|Sneasler, L50, F|\n|poke|p1|Murkrow, L50, F|\n|poke|p1|Dondozo, L50, M|\n|poke|p1|Gholdengo, L50|\n|poke|p1|Garchomp, L50, F|\n|poke|p1|Tatsugiri, L50, M|\n|poke|p2|Porygon2, L50|\n|poke|p2|Ursaluna, L50, M|\n|poke|p2|Incineroar, L50, M|\n|poke|p2|Sneasler, L50, M|\n|poke|p2|Archaludon, L50, F|\n|poke|p2|Yanmega, L50, M|\n|teampreview|4\n|j| Rednave21\n|inactive|Battle timer is ON: inactive players will automatically lose when time's up. (requested by BIO26R)\n|inactive|BIO26R has 60 seconds left.\n|inactive|pantsuit has 60 seconds left.\n|j| deathly pants\n|\n|t:|1729111756\n|start\n|switch|p1a: Sneasler|Sneasler, L50, F|100\/100\n|switch|p1b: Murkrow|Murkrow, L50, F, shiny|100\/100\n|switch|p2a: Yanmega|Yanmega, L50, M, shiny|100\/100\n|switch|p2b: Ursaluna|Ursaluna, L50, M, shiny|100\/100\n|turn|1\n|\n|t:|1729111772\n|move|p2b: Ursaluna|Protect|p2b: Ursaluna\n|-singleturn|p2b: Ursaluna|Protect\n|move|p1b: Murkrow|Tailwind|p1b: Murkrow\n|-sidestart|p1: BIO26R|move: Tailwind\n|move|p1a: Sneasler|Dire Claw|p2b: Ursaluna\n|-activate|p2b: Ursaluna|move: Protect\n|move|p2a: Yanmega|Air Slash|p1a: Sneasler\n|-supereffective|p1a: Sneasler\n|-enditem|p1a: Sneasler|Focus Sash\n|-damage|p1a: Sneasler|1\/100\n|\n|-ability|p2a: Yanmega|Speed Boost|boost\n|-boost|p2a: Yanmega|spe|1\n|-status|p2b: Ursaluna|brn|[from] item: Flame Orb\n|upkeep\n|turn|2\n|j| AFRRB\n|\n|t:|1729111793\n|-terastallize|p2b: Ursaluna|Ghost\n|move|p1a: Sneasler|Close Combat|p2b: Ursaluna\n|-immune|p2b: Ursaluna\n|move|p1b: Murkrow|Foul Play|p2b: Ursaluna\n|-supereffective|p2b: Ursaluna\n|-damage|p2b: Ursaluna|11\/100 brn\n|move|p2a: Yanmega|Air Slash|p1a: Sneasler\n|-supereffective|p1a: Sneasler\n|-damage|p1a: Sneasler|0 fnt\n|faint|p1a: Sneasler\n|move|p2b: Ursaluna|Facade|p1b: Murkrow\n|-damage|p1b: Murkrow|0 fnt\n|faint|p1b: Murkrow\n|\n|-damage|p2b: Ursaluna|5\/100 brn|[from] brn\n|-ability|p2a: Yanmega|Speed Boost|boost\n|-boost|p2a: Yanmega|spe|1\n|upkeep\n|\n|t:|1729111797\n|switch|p1a: Garchomp|Garchomp, L50, F, shiny|100\/100\n|switch|p1b: Gholdengo|Gholdengo, L50|100\/100\n|turn|3\n|inactive|pantsuit has 30 seconds left.\n|\n|t:|1729111827\n|-terastallize|p1b: Gholdengo|Steel\n|move|p2a: Yanmega|Detect|p2a: Yanmega\n|-singleturn|p2a: Yanmega|Protect\n|move|p1a: Garchomp|Scale Shot|p2b: Ursaluna\n|-damage|p2b: Ursaluna|0 fnt\n|faint|p2b: Ursaluna\n|-hitcount|p2: Ursaluna|1\n|-unboost|p1a: Garchomp|def|1\n|-boost|p1a: Garchomp|spe|1\n|move|p1b: Gholdengo|Make It Rain|p2a: Yanmega\n|-activate|p2a: Yanmega|move: Protect\n|\n|-ability|p2a: Yanmega|Speed Boost|boost\n|-boost|p2a: Yanmega|spe|1\n|upkeep\n|\n|t:|1729111841\n|switch|p2b: Sneasler|Sneasler, L50, M|100\/100\n|turn|4\n|\n|t:|1729111859\n|move|p1a: Garchomp|Scale Shot|p2a: Yanmega\n|-damage|p2a: Yanmega|83\/100\n|-crit|p2a: Yanmega\n|-damage|p2a: Yanmega|57\/100\n|-damage|p2a: Yanmega|42\/100\n|-damage|p2a: Yanmega|25\/100\n|-hitcount|p2a: Yanmega|4\n|-unboost|p1a: Garchomp|def|1\n|-boost|p1a: Garchomp|spe|1\n|move|p2a: Yanmega|Tailwind|p2a: Yanmega\n|-sidestart|p2: pantsuit|move: Tailwind\n|move|p2b: Sneasler|Close Combat|p1b: Gholdengo\n|-supereffective|p1b: Gholdengo\n|-damage|p1b: Gholdengo|0 fnt\n|-unboost|p2b: Sneasler|def|1\n|-unboost|p2b: Sneasler|spd|1\n|-enditem|p2b: Sneasler|White Herb\n|-clearnegativeboost|p2b: Sneasler|[silent]\n|faint|p1b: Gholdengo\n|\n|-sideend|p1: BIO26R|move: Tailwind\n|-ability|p2a: Yanmega|Speed Boost|boost\n|-boost|p2a: Yanmega|spe|1\n|upkeep\n|turn|5\n|\n|t:|1729111883\n|move|p2a: Yanmega|Bug Buzz|p1a: Garchomp\n|-damage|p1a: Garchomp|53\/100\n|move|p2b: Sneasler|Close Combat|p1a: Garchomp\n|-damage|p1a: Garchomp|0 fnt\n|-unboost|p2b: Sneasler|def|1\n|-unboost|p2b: Sneasler|spd|1\n|-damage|p2b: Sneasler|88\/100|[from] ability: Rough Skin|[of] p1a: Garchomp\n|faint|p1a: Garchomp\n|\n|win|pantsuit\n|raw|BIO26R's rating: 1684 &rarr; <strong>1666<\/strong><br \/>(-18 for losing)\n|raw|pantsuit's rating: 1716 &rarr; <strong>1734<\/strong><br \/>(+18 for winning)\n|c|\u2606BIO26R|Gg\n|l| deathly pants\n|l|\u2606BIO26R\n|player|p1|\n|c|\u2606pantsuit|gg\n|j|\u2606BIO26R\n|player|p1|BIO26R|scientist|\n|l|\u2606pantsuit\n|player|p2|\n|l| Rednave21\n|l|\u2606BIO26R\n|player|p1|\n","uploadtime":1729112126,"views":10,"formatid":"gen9vgc2024regh","rating":1666,"private":0,"password":null}