{"id":"gen9vgc2024regh-2224988616","format":"[Gen 9] VGC 2024 Reg H","players":["02her0","Zordor"],"log":"|j|\u260602her0\n|j|\u2606Zordor\n|t:|1729178297\n|gametype|doubles\n|player|p1|02her0|102|1725\n|player|p2|Zordor|pilot|1822\n|teamsize|p1|6\n|teamsize|p2|6\n|gen|9\n|tier|[Gen 9] VGC 2024 Reg H\n|rated|\n|rule|Species Clause: Limit one of each Pok\u00e9mon\n|rule|Item Clause: Limit 1 of each item\n|clearpoke\n|poke|p1|Dondozo, L50, F|\n|poke|p1|Tatsugiri, L50, M|\n|poke|p1|Annihilape, L50, F|\n|poke|p1|Rillaboom, L50, M|\n|poke|p1|Ceruledge, L50, M|\n|poke|p1|Dragonite, L50, F|\n|poke|p2|Rotom-Wash, L50|\n|poke|p2|Sneasler, L50, M|\n|poke|p2|Kingambit, L50, M|\n|poke|p2|Armarouge, L50, M|\n|poke|p2|Dragapult, L50, F|\n|poke|p2|Venusaur, L50, F|\n|teampreview|4\n|inactive|Battle timer is ON: inactive players will automatically lose when time's up. (requested by Zordor)\n|j| oherrodersir\n|\n|t:|1729178357\n|start\n|switch|p1a: Ceruledge|Ceruledge, L50, M|100\/100\n|switch|p1b: Annihilape|Annihilape, L50, F|100\/100\n|switch|p2a: Rotom|Rotom-Wash, L50|100\/100\n|switch|p2b: Sneasler|Sneasler, L50, M|100\/100\n|turn|1\n|inactive|Zordor has 30 seconds left.\n|\n|t:|1729178386\n|-terastallize|p1a: Ceruledge|Grass\n|move|p2a: Rotom|Protect|p2a: Rotom\n|-singleturn|p2a: Rotom|Protect\n|move|p1b: Annihilape|Coaching|p1a: Ceruledge\n|-boost|p1a: Ceruledge|atk|1\n|-boost|p1a: Ceruledge|def|1\n|move|p2b: Sneasler|Dire Claw|p1a: Ceruledge\n|-supereffective|p1a: Ceruledge\n|-damage|p1a: Ceruledge|41\/100\n|-status|p1a: Ceruledge|par\n|move|p1a: Ceruledge|Bitter Blade|p2b: Sneasler\n|-enditem|p2b: Sneasler|Focus Sash\n|-damage|p2b: Sneasler|1\/100\n|-heal|p1a: Ceruledge|84\/100 par|[from] drain|[of] p2b: Sneasler\n|\n|upkeep\n|turn|2\n|\n|t:|1729178409\n|move|p1a: Ceruledge|Shadow Sneak|p2b: Sneasler\n|-damage|p2b: Sneasler|0 fnt\n|faint|p2b: Sneasler\n|move|p1b: Annihilape|Coaching|p1a: Ceruledge\n|-boost|p1a: Ceruledge|atk|1\n|-boost|p1a: Ceruledge|def|1\n|move|p2a: Rotom|Will-O-Wisp|p1b: Annihilape\n|-status|p1b: Annihilape|brn\n|\n|-damage|p1b: Annihilape|95\/100 brn|[from] brn\n|upkeep\n|\n|t:|1729178416\n|switch|p2b: Venusaur|Venusaur, L50, F|100\/100\n|turn|3\n|\n|t:|1729178436\n|switch|p1b: Rillaboom|Rillaboom, L50, M|100\/100\n|-fieldstart|move: Grassy Terrain|[from] ability: Grassy Surge|[of] p1b: Rillaboom\n|move|p2b: Venusaur|Protect|p2b: Venusaur\n|-singleturn|p2b: Venusaur|Protect\n|move|p2a: Rotom|Electroweb|p1a: Ceruledge|[spread] p1a,p1b\n|-resisted|p1a: Ceruledge\n|-resisted|p1b: Rillaboom\n|-crit|p1b: Rillaboom\n|-damage|p1a: Ceruledge|80\/100 par\n|-damage|p1b: Rillaboom|86\/100\n|-unboost|p1a: Ceruledge|spe|1\n|-unboost|p1b: Rillaboom|spe|1\n|move|p1a: Ceruledge|Bitter Blade|p2b: Venusaur\n|-activate|p2b: Venusaur|move: Protect\n|\n|-heal|p1b: Rillaboom|93\/100|[from] Grassy Terrain\n|-heal|p1a: Ceruledge|86\/100 par|[from] Grassy Terrain\n|upkeep\n|turn|4\n|\n|t:|1729178448\n|switch|p2b: Dragapult|Dragapult, L50, F|100\/100\n|move|p1b: Rillaboom|Fake Out|p2b: Dragapult\n|-immune|p2b: Dragapult\n|move|p2a: Rotom|Will-O-Wisp|p1b: Rillaboom\n|-status|p1b: Rillaboom|brn\n|move|p1a: Ceruledge|Bitter Blade|p2b: Dragapult\n|-resisted|p2b: Dragapult\n|-damage|p2b: Dragapult|49\/100\n|-heal|p1a: Ceruledge|100\/100 par|[from] drain|[of] p2b: Dragapult\n|\n|-heal|p2b: Dragapult|55\/100|[from] Grassy Terrain\n|-heal|p1b: Rillaboom|99\/100 brn|[from] Grassy Terrain\n|-damage|p1b: Rillaboom|93\/100 brn|[from] brn\n|upkeep\n|turn|5\n|inactive|Zordor has 30 seconds left.\n|inactive|Zordor has 20 seconds left.\n|inactive|Zordor has 15 seconds left.\n|\n|t:|1729178490\n|move|p2a: Rotom|Protect|p2a: Rotom\n|-singleturn|p2a: Rotom|Protect\n|move|p1a: Ceruledge|Shadow Sneak|p2b: Dragapult\n|-supereffective|p2b: Dragapult\n|-damage|p2b: Dragapult|0 fnt\n|faint|p2b: Dragapult\n|move|p1b: Rillaboom|Wood Hammer|p2a: Rotom\n|-activate|p2a: Rotom|move: Protect\n|\n|-heal|p1b: Rillaboom|99\/100 brn|[from] Grassy Terrain\n|-damage|p1b: Rillaboom|93\/100 brn|[from] brn\n|upkeep\n|\n|t:|1729178494\n|switch|p2b: Venusaur|Venusaur, L50, F|100\/100\n|turn|6\n|\n|t:|1729178508\n|move|p2a: Rotom|Hydro Pump|p1a: Ceruledge\n|-resisted|p1a: Ceruledge\n|-damage|p1a: Ceruledge|87\/100 par\n|move|p2b: Venusaur|Sludge Bomb|p1a: Ceruledge\n|-supereffective|p1a: Ceruledge\n|-damage|p1a: Ceruledge|35\/100 par\n|move|p1b: Rillaboom|Wood Hammer|p2a: Rotom\n|-supereffective|p2a: Rotom\n|-damage|p2a: Rotom|0 fnt\n|faint|p2a: Rotom\n|-damage|p1b: Rillaboom|66\/100 brn|[from] Recoil\n|move|p1a: Ceruledge|Bitter Blade|p2b: Venusaur\n|-supereffective|p2b: Venusaur\n|-damage|p2b: Venusaur|0 fnt\n|-heal|p1a: Ceruledge|83\/100 par|[from] drain|[of] p2b: Venusaur\n|faint|p2b: Venusaur\n|\n|win|02her0\n|raw|02her0's rating: 1725 &rarr; <strong>1750<\/strong><br \/>(+25 for winning)\n|raw|Zordor's rating: 1822 &rarr; <strong>1797<\/strong><br \/>(-25 for losing)\n|j| pepulol\n|l|\u2606Zordor\n|player|p2|\n|l|\u260602her0\n|player|p1|\n|l| pepulol\n","uploadtime":1729178783,"views":19,"formatid":"gen9vgc2024regh","rating":1750,"private":0,"password":null}