{"id":"gen9vgc2024regh-2224610996","format":"[Gen 9] VGC 2024 Reg H","players":["pantsuit","OUFR snakeburger1"],"log":"|j|\u2606pantsuit\n|j|\u2606OUFR snakeburger1\n|t:|1729128094\n|gametype|doubles\n|player|p1|pantsuit|169|1745\n|player|p2|OUFR snakeburger1|266|1734\n|teamsize|p1|6\n|teamsize|p2|6\n|gen|9\n|tier|[Gen 9] VGC 2024 Reg H\n|rated|\n|rule|Species Clause: Limit one of each Pok\u00e9mon\n|rule|Item Clause: Limit 1 of each item\n|clearpoke\n|poke|p1|Typhlosion-Hisui, L50, F|\n|poke|p1|Coalossal, L50, F|\n|poke|p1|Dachsbun, L50, F|\n|poke|p1|Rillaboom, L50, F|\n|poke|p1|Tauros-Paldea-Aqua, L50, M|\n|poke|p1|Murkrow, L50, M|\n|poke|p2|Annihilape, L50, M|\n|poke|p2|Archaludon, L50, F|\n|poke|p2|Maushold, L50|\n|poke|p2|Pelipper, L50, F|\n|poke|p2|Basculegion, L50, M|\n|poke|p2|Incineroar, L50, F|\n|teampreview|4\n|c|\u2606OUFR snakeburger1|glhf\n|j| Nintehndo\n|j| testerman0024\n|\n|t:|1729128175\n|start\n|switch|p1a: Murkrow|Murkrow, L50, M|100\/100\n|switch|p1b: Coalossal|Coalossal, L50, F|100\/100\n|switch|p2a: Archaludon|Archaludon, L50, F|100\/100\n|switch|p2b: Incineroar|Incineroar, L50, F|100\/100\n|-ability|p2b: Incineroar|Intimidate|boost\n|-unboost|p1a: Murkrow|atk|1\n|-unboost|p1b: Coalossal|atk|1\n|turn|1\n|\n|t:|1729128217\n|switch|p1a: Typhlosion|Typhlosion-Hisui, L50, F|100\/100\n|move|p2b: Incineroar|Fake Out|p1b: Coalossal\n|-resisted|p1b: Coalossal\n|-damage|p1b: Coalossal|96\/100\n|move|p2a: Archaludon|Dragon Pulse|p1b: Coalossal\n|-damage|p1b: Coalossal|52\/100\n|cant|p1b: Coalossal|flinch\n|\n|upkeep\n|turn|2\n|\n|t:|1729128238\n|switch|p2b: Pelipper|Pelipper, L50, F|100\/100\n|-weather|RainDance|[from] ability: Drizzle|[of] p2b: Pelipper\n|-terastallize|p1b: Coalossal|Grass\n|move|p1a: Typhlosion|Lava Plume|p2a: Archaludon|[spread] p1b,p2a,p2b\n|-supereffective|p1b: Coalossal\n|-resisted|p2b: Pelipper\n|-damage|p1b: Coalossal|17\/100\n|-damage|p2a: Archaludon|91\/100\n|-damage|p2b: Pelipper|87\/100\n|-ability|p1b: Coalossal|Steam Engine|boost\n|-boost|p1b: Coalossal|spe|6\n|-ability|p2a: Archaludon|Stamina|boost\n|-boost|p2a: Archaludon|def|1\n|move|p1b: Coalossal|Meteor Beam||[still]\n|-prepare|p1b: Coalossal|Meteor Beam\n|-boost|p1b: Coalossal|spa|1\n|-enditem|p1b: Coalossal|Power Herb\n|-anim|p1b: Coalossal|Meteor Beam|p2b: Pelipper|[miss]\n|-miss|p1b: Coalossal|p2b: Pelipper\n|move|p2a: Archaludon|Electro Shot||[still]\n|-prepare|p2a: Archaludon|Electro Shot\n|-boost|p2a: Archaludon|spa|1\n|-anim|p2a: Archaludon|Electro Shot|p1a: Typhlosion\n|-damage|p1a: Typhlosion|17\/100\n|\n|-weather|RainDance|[upkeep]\n|upkeep\n|turn|3\n|\n|t:|1729128273\n|move|p1b: Coalossal|Protect|p1b: Coalossal\n|-singleturn|p1b: Coalossal|Protect\n|move|p2b: Pelipper|Protect|p2b: Pelipper\n|-singleturn|p2b: Pelipper|Protect\n|move|p1a: Typhlosion|Lava Plume|p2b: Pelipper|[spread] p2a\n|-activate|p1b: Coalossal|move: Protect\n|-activate|p2b: Pelipper|move: Protect\n|-damage|p2a: Archaludon|76\/100\n|-ability|p2a: Archaludon|Stamina|boost\n|-boost|p2a: Archaludon|def|1\n|move|p2a: Archaludon|Electro Shot||[still]\n|-prepare|p2a: Archaludon|Electro Shot\n|-boost|p2a: Archaludon|spa|1\n|-anim|p2a: Archaludon|Electro Shot|p1b: Coalossal\n|-activate|p1b: Coalossal|move: Protect\n|\n|-weather|RainDance|[upkeep]\n|upkeep\n|turn|4\n|\n|t:|1729128291\n|switch|p2b: Annihilape|Annihilape, L50, M|100\/100\n|move|p1b: Coalossal|Power Gem|p2b: Annihilape\n|-resisted|p2b: Annihilape\n|-damage|p2b: Annihilape|82\/100\n|move|p1a: Typhlosion|Lava Plume|p2b: Annihilape|[spread] p1b,p2a,p2b\n|-supereffective|p1b: Coalossal\n|-damage|p1b: Coalossal|0 fnt\n|-damage|p2a: Archaludon|60\/100\n|-damage|p2b: Annihilape|64\/100\n|-ability|p2a: Archaludon|Stamina|boost\n|-boost|p2a: Archaludon|def|1\n|faint|p1b: Coalossal\n|move|p2a: Archaludon|Electro Shot||[still]\n|-prepare|p2a: Archaludon|Electro Shot\n|-boost|p2a: Archaludon|spa|1\n|-anim|p2a: Archaludon|Electro Shot|p1a: Typhlosion\n|-damage|p1a: Typhlosion|0 fnt\n|faint|p1a: Typhlosion\n|\n|-weather|RainDance|[upkeep]\n|-heal|p2b: Annihilape|70\/100|[from] item: Leftovers\n|upkeep\n|\n|t:|1729128304\n|switch|p1a: Murkrow|Murkrow, L50, M|100\/100\n|switch|p1b: Tauros|Tauros-Paldea-Aqua, L50, M|100\/100\n|-ability|p1b: Tauros|Intimidate|boost\n|-unboost|p2a: Archaludon|atk|1\n|-unboost|p2b: Annihilape|atk|1\n|-ability|p2b: Annihilape|Defiant|boost\n|-boost|p2b: Annihilape|atk|2\n|-enditem|p1b: Tauros|Mirror Herb\n|-boost|p1b: Tauros|atk|2|[from] item: Mirror Herb\n|turn|5\n|l| testerman0024\n|j| testerman0024\n|l| testerman0024\n|j| testerman0024\n|\n|t:|1729128327\n|-terastallize|p2a: Archaludon|Grass\n|move|p2b: Annihilape|Protect|p2b: Annihilape\n|-singleturn|p2b: Annihilape|Protect\n|move|p1a: Murkrow|Sunny Day|p1a: Murkrow\n|-weather|SunnyDay\n|move|p1b: Tauros|Wave Crash|p2b: Annihilape\n|-activate|p2b: Annihilape|move: Protect\n|move|p2a: Archaludon|Electro Shot||[still]\n|-prepare|p2a: Archaludon|Electro Shot\n|-boost|p2a: Archaludon|spa|1\n|\n|-weather|SunnyDay|[upkeep]\n|-heal|p2b: Annihilape|76\/100|[from] item: Leftovers\n|upkeep\n|turn|6\n|l| testerman0024\n|\n|t:|1729128345\n|switch|p2b: Incineroar|Incineroar, L50, F|100\/100\n|-ability|p2b: Incineroar|Intimidate|boost\n|-unboost|p1a: Murkrow|atk|1\n|-unboost|p1b: Tauros|atk|1\n|move|p1a: Murkrow|Haze|p1a: Murkrow\n|-clearallboost\n|move|p1b: Tauros|Close Combat|p2a: Archaludon\n|-damage|p2a: Archaludon|18\/100\n|-unboost|p1b: Tauros|def|1\n|-unboost|p1b: Tauros|spd|1\n|-ability|p2a: Archaludon|Stamina|boost\n|-boost|p2a: Archaludon|def|1\n|move|p2a: Archaludon|Electro Shot|p1b: Tauros|[from]lockedmove\n|-supereffective|p1b: Tauros\n|-damage|p1b: Tauros|0 fnt\n|faint|p1b: Tauros\n|\n|-weather|SunnyDay|[upkeep]\n|upkeep\n|turn|7\n|c| Nintehndo|??? why weaken wave crash lol\n|c|\u2606OUFR snakeburger1|gg\n|c|\u2606pantsuit|lol idk\n|-message|pantsuit forfeited.\n|\n|win|OUFR snakeburger1\n|raw|pantsuit's rating: 1745 &rarr; <strong>1724<\/strong><br \/>(-21 for losing)\n|raw|OUFR snakeburger1's rating: 1734 &rarr; <strong>1755<\/strong><br \/>(+21 for winning)\n|l|\u2606pantsuit\n|player|p1|\n|l| Nintehndo\n|l|\u2606OUFR snakeburger1\n|player|p2|\n","uploadtime":1729128535,"views":25,"formatid":"gen9vgc2024regh","rating":1724,"private":0,"password":null}