{"id":"gen9vgc2024regh-2224812350","format":"[Gen 9] VGC 2024 Reg H","players":["Iamsliverfish","navinsachump"],"log":"|j|\u2606Iamsliverfish\n|j|\u2606navinsachump\n|t:|1729158784\n|gametype|doubles\n|player|p1|Iamsliverfish|hiker-gen4|1713\n|player|p2|navinsachump|169|1733\n|teamsize|p1|6\n|teamsize|p2|6\n|gen|9\n|tier|[Gen 9] VGC 2024 Reg H\n|rated|\n|rule|Species Clause: Limit one of each Pok\u00e9mon\n|rule|Item Clause: Limit 1 of each item\n|clearpoke\n|poke|p1|Rillaboom, L50, F|\n|poke|p1|Incineroar, L50, F|\n|poke|p1|Kommo-o, L50, F|\n|poke|p1|Gholdengo, L50|\n|poke|p1|Farigiraf, L50, F|\n|poke|p1|Ursaluna-Bloodmoon, L50, M|\n|poke|p2|Blaziken, L50, M|\n|poke|p2|Kingambit, L50, F|\n|poke|p2|Rillaboom, L50, F|\n|poke|p2|Electabuzz, L50, M|\n|poke|p2|Dragapult, L50, F|\n|poke|p2|Primarina, L50, M|\n|teampreview|4\n|inactive|Battle timer is ON: inactive players will automatically lose when time's up. (requested by navinsachump)\n|\n|t:|1729158821\n|start\n|switch|p1a: Incineroar|Incineroar, L50, F|100\/100\n|switch|p1b: Kommo-o|Kommo-o, L50, F|100\/100\n|switch|p2a: Blaziken|Blaziken, L50, M, shiny|100\/100\n|switch|p2b: Dragapult|Dragapult, L50, F|100\/100\n|-ability|p1a: Incineroar|Intimidate|boost\n|-unboost|p2a: Blaziken|atk|1\n|-fail|p2b: Dragapult|unboost|[from] ability: Clear Body|[of] p2b: Dragapult\n|turn|1\n|\n|t:|1729158845\n|switch|p2a: Kingambit|Kingambit, L50, F|100\/100\n|-terastallize|p2b: Dragapult|Ghost\n|move|p2b: Dragapult|Phantom Force||[still]\n|-prepare|p2b: Dragapult|Phantom Force\n|move|p1b: Kommo-o|Iron Defense|p1b: Kommo-o\n|-boost|p1b: Kommo-o|def|2\n|move|p1a: Incineroar|Knock Off|p2b: Dragapult|[miss]\n|-miss|p1a: Incineroar|p2b: Dragapult\n|\n|upkeep\n|turn|2\n|inactive|navinsachump has 30 seconds left.\n|\n|t:|1729158874\n|switch|p2a: Primarina|Primarina, L50, M|100\/100\n|move|p2b: Dragapult|Phantom Force|p1b: Kommo-o|[from]lockedmove\n|-damage|p1b: Kommo-o|69\/100\n|move|p1b: Kommo-o|Iron Defense|p1b: Kommo-o\n|-boost|p1b: Kommo-o|def|2\n|move|p1a: Incineroar|Knock Off|p2b: Dragapult\n|-supereffective|p2b: Dragapult\n|-damage|p2b: Dragapult|0 fnt\n|-enditem|p2b: Dragapult|Choice Band|[from] move: Knock Off|[of] p1a: Incineroar\n|faint|p2b: Dragapult\n|\n|-heal|p1b: Kommo-o|75\/100|[from] item: Leftovers\n|upkeep\n|\n|t:|1729158888\n|switch|p2b: Blaziken|Blaziken, L50, M, shiny|100\/100\n|turn|3\n|\n|t:|1729158901\n|move|p2b: Blaziken|Close Combat|p1a: Incineroar\n|-supereffective|p1a: Incineroar\n|-damage|p1a: Incineroar|0 fnt\n|-unboost|p2b: Blaziken|def|1\n|-unboost|p2b: Blaziken|spd|1\n|faint|p1a: Incineroar\n|move|p1b: Kommo-o|Body Press|p2a: Primarina\n|-resisted|p2a: Primarina\n|-damage|p2a: Primarina|21\/100\n|-enditem|p2a: Primarina|Sitrus Berry|[eat]\n|-heal|p2a: Primarina|46\/100|[from] item: Sitrus Berry\n|move|p2a: Primarina|Haze|p2a: Primarina\n|-clearallboost\n|\n|-heal|p1b: Kommo-o|81\/100|[from] item: Leftovers\n|-ability|p2b: Blaziken|Speed Boost|boost\n|-boost|p2b: Blaziken|spe|1\n|upkeep\n|\n|t:|1729158913\n|switch|p1a: Rillaboom|Rillaboom, L50, F|100\/100\n|-fieldstart|move: Grassy Terrain|[from] ability: Grassy Surge|[of] p1a: Rillaboom\n|turn|4\n|\n|t:|1729158925\n|switch|p2a: Kingambit|Kingambit, L50, F|100\/100\n|-terastallize|p1b: Kommo-o|Steel\n|move|p1a: Rillaboom|Fake Out|p2b: Blaziken\n|-damage|p2b: Blaziken|80\/100\n|cant|p2b: Blaziken|flinch\n|move|p1b: Kommo-o|Iron Defense|p1b: Kommo-o\n|-boost|p1b: Kommo-o|def|2\n|\n|-heal|p2b: Blaziken|86\/100|[from] Grassy Terrain\n|-heal|p1b: Kommo-o|87\/100|[from] Grassy Terrain\n|-heal|p1b: Kommo-o|92\/100|[from] item: Leftovers\n|-ability|p2b: Blaziken|Speed Boost|boost\n|-boost|p2b: Blaziken|spe|1\n|upkeep\n|turn|5\n|inactive|navinsachump has 30 seconds left.\n|\n|t:|1729158951\n|switch|p1a: Gholdengo|Gholdengo, L50|100\/100\n|move|p2a: Kingambit|Sucker Punch|p1b: Kommo-o\n|-damage|p1b: Kommo-o|79\/100\n|move|p2b: Blaziken|Close Combat|p1b: Kommo-o\n|-supereffective|p1b: Kommo-o\n|-damage|p1b: Kommo-o|37\/100\n|-unboost|p2b: Blaziken|def|1\n|-unboost|p2b: Blaziken|spd|1\n|move|p1b: Kommo-o|Body Press|p2b: Blaziken\n|-damage|p2b: Blaziken|0 fnt\n|faint|p2b: Blaziken\n|\n|-heal|p1b: Kommo-o|43\/100|[from] Grassy Terrain\n|-heal|p1b: Kommo-o|48\/100|[from] item: Leftovers\n|upkeep\n|\n|t:|1729158962\n|switch|p2b: Primarina|Primarina, L50, M|46\/100\n|turn|6\n|\n|t:|1729158971\n|switch|p1a: Rillaboom|Rillaboom, L50, F|100\/100\n|move|p1b: Kommo-o|Protect|p1b: Kommo-o\n|-singleturn|p1b: Kommo-o|Protect\n|move|p2b: Primarina|Haze|p2b: Primarina\n|-clearallboost\n|move|p2a: Kingambit|Kowtow Cleave|p1a: Rillaboom\n|-damage|p1a: Rillaboom|57\/100\n|-damage|p2a: Kingambit|84\/100|[from] item: Rocky Helmet|[of] p1a: Rillaboom\n|\n|-heal|p1b: Kommo-o|54\/100|[from] Grassy Terrain\n|-heal|p1b: Kommo-o|60\/100|[from] item: Leftovers\n|-heal|p1a: Rillaboom|63\/100|[from] Grassy Terrain\n|-heal|p2b: Primarina|52\/100|[from] Grassy Terrain\n|-heal|p2a: Kingambit|90\/100|[from] Grassy Terrain\n|upkeep\n|turn|7\n|\n|t:|1729158990\n|move|p2b: Primarina|Protect|p2b: Primarina\n|-singleturn|p2b: Primarina|Protect\n|move|p1a: Rillaboom|Grassy Glide|p2b: Primarina\n|-activate|p2b: Primarina|move: Protect\n|move|p1b: Kommo-o|Body Press|p2a: Kingambit\n|-supereffective|p2a: Kingambit\n|-damage|p2a: Kingambit|0 fnt\n|faint|p2a: Kingambit\n|\n|-heal|p1b: Kommo-o|66\/100|[from] Grassy Terrain\n|-heal|p1b: Kommo-o|72\/100|[from] item: Leftovers\n|-heal|p1a: Rillaboom|69\/100|[from] Grassy Terrain\n|-heal|p2b: Primarina|58\/100|[from] Grassy Terrain\n|upkeep\n|turn|8\n|-message|navinsachump forfeited.\n|\n|win|Iamsliverfish\n|raw|Iamsliverfish's rating: 1713 &rarr; <strong>1734<\/strong><br \/>(+21 for winning)\n|raw|navinsachump's rating: 1733 &rarr; <strong>1712<\/strong><br \/>(-21 for losing)\n|l|\u2606navinsachump\n|player|p2|\n|l|\u2606Iamsliverfish\n|player|p1|\n","uploadtime":1729159265,"views":17,"formatid":"gen9vgc2024regh","rating":1712,"private":0,"password":null}