{"id":"gen9vgc2024regh-2224946817","format":"[Gen 9] VGC 2024 Reg H","players":["nickbattlesmons","RedZaku"],"log":"|j|\u2606nickbattlesmons\n|j|\u2606RedZaku\n|t:|1729174665\n|gametype|doubles\n|player|p1|nickbattlesmons|1|1682\n|player|p2|RedZaku|101|1683\n|teamsize|p1|6\n|teamsize|p2|6\n|gen|9\n|tier|[Gen 9] VGC 2024 Reg H\n|rated|\n|rule|Species Clause: Limit one of each Pok\u00e9mon\n|rule|Item Clause: Limit 1 of each item\n|clearpoke\n|poke|p1|Porygon2, L50|\n|poke|p1|Ursaluna, L50, M|\n|poke|p1|Volcarona, L50, M|\n|poke|p1|Grimmsnarl, L50, M|\n|poke|p1|Annihilape, L50, F|\n|poke|p1|Gholdengo, L50|\n|poke|p2|Volcarona, L50, M|\n|poke|p2|Rillaboom, L50, M|\n|poke|p2|Primarina, L50, M|\n|poke|p2|Sableye, L50, M|\n|poke|p2|Tyranitar, L50, M|\n|poke|p2|Kingambit, L50, F|\n|teampreview|4\n|j| Happppyyyyyy\n|j| o2o2o\n|\n|t:|1729174700\n|start\n|switch|p1a: Volcarona|Volcarona, L50, M|100\/100\n|switch|p1b: Porygon2|Porygon2, L50, shiny|100\/100\n|switch|p2a: Rillaboom|Rillaboom, L50, M|100\/100\n|switch|p2b: Primarina|Primarina, L50, M|100\/100\n|-ability|p1b: Porygon2|Liquid Voice|[from] ability: Trace|[of] p2b: Primarina\n|-fieldstart|move: Grassy Terrain|[from] ability: Grassy Surge|[of] p2a: Rillaboom\n|turn|1\n|inactive|Battle timer is ON: inactive players will automatically lose when time's up. (requested by nickbattlesmons)\n|c| Happppyyyyyy|Omg Dawei\u2019s team!\n|\n|t:|1729174721\n|move|p2a: Rillaboom|Fake Out|p1b: Porygon2\n|-damage|p1b: Porygon2|91\/100\n|move|p1a: Volcarona|Struggle Bug|p2b: Primarina|[spread] p2a,p2b\n|-supereffective|p2a: Rillaboom\n|-resisted|p2b: Primarina\n|-damage|p2a: Rillaboom|74\/100\n|-damage|p2b: Primarina|93\/100\n|-unboost|p2a: Rillaboom|spa|1\n|-unboost|p2b: Primarina|spa|1\n|move|p2b: Primarina|Hyper Voice|p1b: Porygon2|[spread] p1a,p1b\n|-supereffective|p1a: Volcarona\n|-damage|p1a: Volcarona|58\/100\n|-damage|p1b: Porygon2|77\/100\n|-enditem|p2b: Primarina|Throat Spray\n|-boost|p2b: Primarina|spa|1|[from] item: Throat Spray\n|cant|p1b: Porygon2|flinch\n|\n|-heal|p1a: Volcarona|64\/100|[from] Grassy Terrain\n|-heal|p2a: Rillaboom|81\/100|[from] Grassy Terrain\n|-heal|p1b: Porygon2|83\/100|[from] Grassy Terrain\n|-heal|p2b: Primarina|99\/100|[from] Grassy Terrain\n|upkeep\n|turn|2\n|c|\u2606RedZaku|im not familiar with him\n|inactive|RedZaku has 30 seconds left.\n|inactive|RedZaku has 20 seconds left.\n|c|\u2606nickbattlesmons|Yea me neither but this team is dope\n|inactive|RedZaku has 15 seconds left.\n|inactive|RedZaku has 10 seconds left.\n|\n|t:|1729174771\n|move|p1a: Volcarona|Overheat|p2a: Rillaboom\n|-supereffective|p2a: Rillaboom\n|-damage|p2a: Rillaboom|0 fnt\n|-unboost|p1a: Volcarona|spa|2\n|faint|p2a: Rillaboom\n|move|p2b: Primarina|Hyper Voice|p1a: Volcarona|[spread] p1a,p1b\n|-supereffective|p1a: Volcarona\n|-damage|p1a: Volcarona|5\/100\n|-damage|p1b: Porygon2|62\/100\n|move|p1b: Porygon2|Trick Room|p1b: Porygon2\n|-fieldstart|move: Trick Room|[of] p1b: Porygon2\n|\n|-heal|p2b: Primarina|100\/100|[from] Grassy Terrain\n|-heal|p1b: Porygon2|69\/100|[from] Grassy Terrain\n|-heal|p1a: Volcarona|11\/100|[from] Grassy Terrain\n|upkeep\n|\n|t:|1729174778\n|switch|p2a: Sableye|Sableye, L50, M|100\/100\n|turn|3\n|\n|t:|1729174798\n|switch|p1b: Gholdengo|Gholdengo, L50|100\/100\n|move|p2a: Sableye|Encore|p1b: Gholdengo\n|-immune|p1b: Gholdengo|[from] ability: Good as Gold\n|move|p2b: Primarina|Hyper Voice|p1b: Gholdengo|[spread] p1a,p1b\n|-supereffective|p1a: Volcarona\n|-damage|p1a: Volcarona|0 fnt\n|-damage|p1b: Gholdengo|61\/100\n|faint|p1a: Volcarona\n|\n|-heal|p1b: Gholdengo|67\/100|[from] Grassy Terrain\n|upkeep\n|\n|t:|1729174805\n|switch|p1a: Ursaluna|Ursaluna, L50, M|100\/100\n|turn|4\n|c| Happppyyyyyy|3rd place team in Baltimore regionals :D Dawei Si\n|inactive|RedZaku has 30 seconds left.\n|inactive|RedZaku has 20 seconds left.\n|inactive|RedZaku has 15 seconds left.\n|inactive|RedZaku has 10 seconds left.\n|\n|t:|1729174855\n|-terastallize|p1a: Ursaluna|Fairy\n|-terastallize|p2b: Primarina|Steel\n|move|p2a: Sableye|Quash|p1a: Ursaluna\n|-activate|p1a: Ursaluna|move: Quash\n|move|p2b: Primarina|Hyper Voice|p1b: Gholdengo|[spread] p1a,p1b\n|-damage|p1a: Ursaluna|71\/100\n|-damage|p1b: Gholdengo|32\/100\n|move|p1b: Gholdengo|Make It Rain|p2a: Sableye|[spread] p2a,p2b\n|-resisted|p2b: Primarina\n|-damage|p2a: Sableye|22\/100\n|-damage|p2b: Primarina|72\/100\n|-unboost|p1b: Gholdengo|spa|1\n|-enditem|p2a: Sableye|Sitrus Berry|[eat]\n|-heal|p2a: Sableye|47\/100|[from] item: Sitrus Berry\n|move|p1a: Ursaluna|Facade|p2b: Primarina\n|-resisted|p2b: Primarina\n|-damage|p2b: Primarina|47\/100\n|\n|-heal|p1a: Ursaluna|77\/100|[from] Grassy Terrain\n|-heal|p2a: Sableye|52\/100|[from] Grassy Terrain\n|-heal|p2b: Primarina|53\/100|[from] Grassy Terrain\n|-heal|p1b: Gholdengo|38\/100|[from] Grassy Terrain\n|-status|p1a: Ursaluna|brn|[from] item: Flame Orb\n|upkeep\n|turn|5\n|inactive|RedZaku has 30 seconds left.\n|\n|t:|1729174884\n|switch|p1b: Porygon2|Porygon2, L50, shiny|69\/100\n|-ability|p1b: Porygon2|Liquid Voice|[from] ability: Trace|[of] p2b: Primarina\n|move|p2a: Sableye|Disable|p1a: Ursaluna\n|-start|p1a: Ursaluna|Disable|Facade\n|move|p1a: Ursaluna|Headlong Rush|p2b: Primarina\n|-supereffective|p2b: Primarina\n|-damage|p2b: Primarina|0 fnt\n|-unboost|p1a: Ursaluna|def|1\n|-unboost|p1a: Ursaluna|spd|1\n|faint|p2b: Primarina\n|\n|-heal|p1a: Ursaluna|83\/100 brn|[from] Grassy Terrain\n|-heal|p2a: Sableye|58\/100|[from] Grassy Terrain\n|-heal|p1b: Porygon2|75\/100|[from] Grassy Terrain\n|-damage|p1a: Ursaluna|77\/100 brn|[from] brn\n|-fieldend|move: Grassy Terrain\n|upkeep\n|\n|t:|1729174888\n|switch|p2b: Volcarona|Volcarona, L50, M|100\/100\n|turn|6\n|inactive|nickbattlesmons has 30 seconds left.\n|\n|t:|1729174916\n|move|p2a: Sableye|Will-O-Wisp|p1b: Porygon2\n|-status|p1b: Porygon2|brn\n|move|p1a: Ursaluna|Earthquake|p2b: Volcarona|[spread] p1b,p2a,p2b\n|-damage|p1b: Porygon2|39\/100 brn\n|-damage|p2a: Sableye|0 fnt\n|-damage|p2b: Volcarona|28\/100\n|faint|p2a: Sableye\n|move|p1b: Porygon2|Recover|p1b: Porygon2\n|-heal|p1b: Porygon2|89\/100 brn\n|move|p2b: Volcarona|Quiver Dance|p2b: Volcarona\n|-boost|p2b: Volcarona|spa|1\n|-boost|p2b: Volcarona|spd|1\n|-boost|p2b: Volcarona|spe|1\n|\n|-heal|p2b: Volcarona|34\/100|[from] item: Leftovers\n|-damage|p1a: Ursaluna|71\/100 brn|[from] brn\n|-damage|p1b: Porygon2|82\/100 brn|[from] brn\n|-fieldend|move: Trick Room\n|upkeep\n|turn|7\n|\n|t:|1729174935\n|move|p2b: Volcarona|Fiery Dance|p1a: Ursaluna\n|-damage|p1a: Ursaluna|3\/100 brn\n|-boost|p2b: Volcarona|spa|1\n|move|p1a: Ursaluna|Headlong Rush|p2b: Volcarona\n|-damage|p2b: Volcarona|0 fnt\n|-unboost|p1a: Ursaluna|def|1\n|-unboost|p1a: Ursaluna|spd|1\n|faint|p2b: Volcarona\n|\n|win|nickbattlesmons\n|raw|nickbattlesmons's rating: 1682 &rarr; <strong>1702<\/strong><br \/>(+20 for winning)\n|raw|RedZaku's rating: 1683 &rarr; <strong>1663<\/strong><br \/>(-20 for losing)\n|c|\u2606nickbattlesmons|gg\n|c|\u2606RedZaku|gg\n|l| o2o2o\n|l|\u2606RedZaku\n|player|p2|\n|c| Happppyyyyyy|Byebye! Check Dawei out fr\n|l| Happppyyyyyy\n","uploadtime":1729175175,"views":11,"formatid":"gen9vgc2024regh","rating":1663,"private":0,"password":null}