{"id":"gen9vgc2024regh-2224925299","format":"[Gen 9] VGC 2024 Reg H","players":["kevintoodlepoot","KDR-Alt-711"],"log":"|j|\u2606kevintoodlepoot\n|j|\u2606KDR-Alt-711\n|t:|1729172688\n|gametype|doubles\n|player|p1|kevintoodlepoot|169|1719\n|player|p2|KDR-Alt-711|170|1753\n|teamsize|p1|6\n|teamsize|p2|6\n|gen|9\n|tier|[Gen 9] VGC 2024 Reg H\n|rated|\n|rule|Species Clause: Limit one of each Pok\u00e9mon\n|rule|Item Clause: Limit 1 of each item\n|clearpoke\n|poke|p1|Hariyama, L50, M|\n|poke|p1|Dragonite, L50, F|\n|poke|p1|Farigiraf, L50, F|\n|poke|p1|Ursaluna-Bloodmoon, L50, M|\n|poke|p1|Smeargle, L50, M|\n|poke|p1|Kingambit, L50, F|\n|poke|p2|Milotic, L50, F|\n|poke|p2|Rillaboom, L50, M|\n|poke|p2|Baxcalibur, L50, M|\n|poke|p2|Murkrow, L50, M|\n|poke|p2|Chandelure, L50, F|\n|poke|p2|Clefairy, L50, F|\n|teampreview|4\n|inactive|Battle timer is ON: inactive players will automatically lose when time's up. (requested by kevintoodlepoot)\n|\n|t:|1729172745\n|start\n|switch|p1a: Smeargle|Smeargle, L50, M|100\/100\n|switch|p1b: Dragonite|Dragonite, L50, F|100\/100\n|switch|p2a: Baxcalibur|Baxcalibur, L50, M, shiny|100\/100\n|switch|p2b: Chandelure|Chandelure, L50, F, shiny|100\/100\n|turn|1\n|\n|t:|1729172766\n|-terastallize|p1b: Dragonite|Normal\n|move|p1a: Smeargle|Upper Hand|p1b: Dragonite\n|-supereffective|p1b: Dragonite\n|-damage|p1b: Dragonite|89\/100\n|-enditem|p1b: Dragonite|Weakness Policy\n|-boost|p1b: Dragonite|atk|2|[from] item: Weakness Policy\n|-boost|p1b: Dragonite|spa|2|[from] item: Weakness Policy\n|move|p1b: Dragonite|Extreme Speed|p2a: Baxcalibur\n|-damage|p2a: Baxcalibur|16\/100\n|move|p2b: Chandelure|Heat Wave|p1b: Dragonite|[spread] p1a,p1b\n|-damage|p1a: Smeargle|21\/100\n|-damage|p1b: Dragonite|52\/100\n|move|p2a: Baxcalibur|Icicle Spear|p1a: Smeargle\n|-damage|p1a: Smeargle|2\/100\n|-damage|p1a: Smeargle|0 fnt\n|faint|p1a: Smeargle\n|-hitcount|p1: Smeargle|2\n|\n|upkeep\n|inactive|kevintoodlepoot has 30 seconds left.\n|\n|t:|1729172795\n|switch|p1a: Kingambit|Kingambit, L50, F|100\/100\n|turn|2\n|j| AFRRB\n|\n|t:|1729172804\n|switch|p2a: Clefairy|Clefairy, L50, F, shiny|100\/100\n|-terastallize|p2b: Chandelure|Fire\n|move|p1b: Dragonite|Extreme Speed|p2a: Clefairy\n|-damage|p2a: Clefairy|22\/100\n|move|p1a: Kingambit|Sucker Punch|p2b: Chandelure\n|-damage|p2b: Chandelure|47\/100\n|move|p2b: Chandelure|Heat Wave|p1b: Dragonite|[spread] p1a,p1b\n|-supereffective|p1a: Kingambit\n|-damage|p1a: Kingambit|0 fnt\n|-damage|p1b: Dragonite|3\/100\n|faint|p1a: Kingambit\n|\n|upkeep\n|\n|t:|1729172814\n|switch|p1a: Farigiraf|Farigiraf, L50, F|100\/100\n|turn|3\n|\n|t:|1729172829\n|move|p2b: Chandelure|Protect|p2b: Chandelure\n|-singleturn|p2b: Chandelure|Protect\n|move|p1b: Dragonite|Extreme Speed|p2b: Chandelure\n|-activate|p2b: Chandelure|move: Protect\n|move|p1a: Farigiraf|Psychic|p2a: Clefairy\n|-damage|p2a: Clefairy|0 fnt\n|faint|p2a: Clefairy\n|\n|upkeep\n|\n|t:|1729172834\n|switch|p2a: Milotic|Milotic, L50, F, shiny|100\/100\n|turn|4\n|inactive|kevintoodlepoot has 30 seconds left.\n|\n|t:|1729172866\n|move|p1b: Dragonite|Extreme Speed|p2b: Chandelure\n|-damage|p2b: Chandelure|0 fnt\n|faint|p2b: Chandelure\n|move|p2a: Milotic|Icy Wind|p1b: Dragonite|[spread] p1a,p1b\n|-damage|p1a: Farigiraf|92\/100\n|-damage|p1b: Dragonite|0 fnt\n|-unboost|p1a: Farigiraf|spe|1\n|faint|p1b: Dragonite\n|move|p1a: Farigiraf|Trick Room|p1a: Farigiraf\n|-fieldstart|move: Trick Room|[of] p1a: Farigiraf\n|\n|upkeep\n|\n|t:|1729172873\n|switch|p2b: Baxcalibur|Baxcalibur, L50, M, shiny|16\/100\n|turn|5\n|\n|t:|1729172879\n|move|p1a: Farigiraf|Hyper Voice|p2b: Baxcalibur|[spread] p2a,p2b\n|-damage|p2a: Milotic|81\/100\n|-damage|p2b: Baxcalibur|0 fnt\n|faint|p2b: Baxcalibur\n|move|p2a: Milotic|Scald|p1a: Farigiraf\n|-damage|p1a: Farigiraf|67\/100\n|\n|upkeep\n|turn|6\n|\n|t:|1729172891\n|move|p1a: Farigiraf|Hyper Voice|p2a: Milotic\n|-damage|p2a: Milotic|53\/100\n|move|p2a: Milotic|Scald|p1a: Farigiraf\n|-damage|p1a: Farigiraf|43\/100\n|\n|upkeep\n|turn|7\n|\n|t:|1729172899\n|move|p1a: Farigiraf|Hyper Voice|p2a: Milotic\n|-damage|p2a: Milotic|24\/100\n|move|p2a: Milotic|Recover|p2a: Milotic\n|-heal|p2a: Milotic|74\/100\n|\n|upkeep\n|turn|8\n|\n|t:|1729172905\n|move|p2a: Milotic|Protect|p2a: Milotic\n|-singleturn|p2a: Milotic|Protect\n|move|p1a: Farigiraf|Hyper Voice|p2a: Milotic\n|-activate|p2a: Milotic|move: Protect\n|\n|-fieldend|move: Trick Room\n|upkeep\n|turn|9\n|\n|t:|1729172907\n|move|p2a: Milotic|Scald|p1a: Farigiraf\n|-damage|p1a: Farigiraf|14\/100\n|-status|p1a: Farigiraf|brn\n|move|p1a: Farigiraf|Trick Room|p1a: Farigiraf\n|-fieldstart|move: Trick Room|[of] p1a: Farigiraf\n|\n|-damage|p1a: Farigiraf|8\/100 brn|[from] brn\n|upkeep\n|turn|10\n|\n|t:|1729172912\n|move|p1a: Farigiraf|Hyper Voice|p2a: Milotic\n|-damage|p2a: Milotic|49\/100\n|move|p2a: Milotic|Scald|p1a: Farigiraf\n|-damage|p1a: Farigiraf|0 fnt\n|faint|p1a: Farigiraf\n|\n|win|KDR-Alt-711\n|raw|kevintoodlepoot's rating: 1719 &rarr; <strong>1701<\/strong><br \/>(-18 for losing)\n|raw|KDR-Alt-711's rating: 1753 &rarr; <strong>1771<\/strong><br \/>(+18 for winning)\n|l|\u2606kevintoodlepoot\n|player|p1|\n|l| AFRRB\n|l|\u2606KDR-Alt-711\n|player|p2|\n","uploadtime":1729173093,"views":23,"formatid":"gen9vgc2024regh","rating":1701,"private":0,"password":null}