{"id":"gen9vgc2024regh-2224798167","format":"[Gen 9] VGC 2024 Reg H","players":["Topperlecat","navinsachump"],"log":"|j|\u2606Topperlecat\n|j|\u2606navinsachump\n|t:|1729156540\n|gametype|doubles\n|player|p1|Topperlecat|aquasuit|1703\n|player|p2|navinsachump|169|1693\n|teamsize|p1|6\n|teamsize|p2|6\n|gen|9\n|tier|[Gen 9] VGC 2024 Reg H\n|rated|\n|rule|Species Clause: Limit one of each Pok\u00e9mon\n|rule|Item Clause: Limit 1 of each item\n|clearpoke\n|poke|p1|Dondozo, L50, M|\n|poke|p1|Tatsugiri, L50, M|\n|poke|p1|Weezing-Galar, L50, F|\n|poke|p1|Corviknight, L50, F|\n|poke|p1|Garchomp, L50, M|\n|poke|p1|Kingambit, L50, M|\n|poke|p2|Blaziken, L50, F|\n|poke|p2|Kingambit, L50, M|\n|poke|p2|Rillaboom, L50, M|\n|poke|p2|Electabuzz, L50, M|\n|poke|p2|Dragapult, L50, M|\n|poke|p2|Primarina, L50, F|\n|teampreview|4\n|inactive|Battle timer is ON: inactive players will automatically lose when time's up. (requested by navinsachump)\n|\n|t:|1729156583\n|start\n|switch|p1a: large chomp|Garchomp, L50, M|100\/100\n|switch|p1b: galaxy gas|Weezing-Galar, L50, F|100\/100\n|switch|p2a: Blaziken|Blaziken, L50, F, shiny|100\/100\n|switch|p2b: Kingambit|Kingambit, L50, M|100\/100\n|-ability|p1b: galaxy gas|Neutralizing Gas\n|turn|1\n|\n|t:|1729156606\n|-terastallize|p1b: galaxy gas|Flying\n|move|p1a: large chomp|Earthquake|p2a: Blaziken|[spread] p2a,p2b\n|-immune|p1b: galaxy gas\n|-supereffective|p2a: Blaziken\n|-supereffective|p2b: Kingambit\n|-enditem|p2a: Blaziken|Focus Sash\n|-damage|p2a: Blaziken|1\/100\n|-damage|p2b: Kingambit|2\/100\n|move|p2a: Blaziken|Coaching|p2b: Kingambit\n|-boost|p2b: Kingambit|atk|1\n|-boost|p2b: Kingambit|def|1\n|move|p1b: galaxy gas|Sludge Bomb|p2a: Blaziken\n|-damage|p2a: Blaziken|0 fnt\n|faint|p2a: Blaziken\n|move|p2b: Kingambit|Iron Head|p1b: galaxy gas\n|-damage|p1b: galaxy gas|25\/100\n|\n|upkeep\n|\n|t:|1729156620\n|switch|p2a: Rillaboom|Rillaboom, L50, M|100\/100\n|turn|2\n|\n|t:|1729156627\n|move|p1b: galaxy gas|Protect|p1b: galaxy gas\n|-singleturn|p1b: galaxy gas|Protect\n|move|p2a: Rillaboom|Fake Out|p1a: large chomp\n|-damage|p1a: large chomp|86\/100\n|move|p2b: Kingambit|Sucker Punch||[still]\n|-fail|p2b: Kingambit\n|cant|p1a: large chomp|flinch\n|\n|upkeep\n|turn|3\n|\n|t:|1729156643\n|move|p2b: Kingambit|Sucker Punch||[still]\n|-fail|p2b: Kingambit\n|move|p1a: large chomp|Earthquake|p2b: Kingambit|[spread] p2a,p2b\n|-immune|p1b: galaxy gas\n|-resisted|p2a: Rillaboom\n|-supereffective|p2b: Kingambit\n|-damage|p2a: Rillaboom|69\/100\n|-damage|p2b: Kingambit|0 fnt\n|faint|p2b: Kingambit\n|move|p2a: Rillaboom|Wood Hammer|p1a: large chomp\n|-damage|p1a: large chomp|11\/100\n|-damage|p2a: Rillaboom|43\/100|[from] Recoil\n|move|p1b: galaxy gas|Taunt|p2a: Rillaboom\n|-start|p2a: Rillaboom|move: Taunt\n|\n|upkeep\n|\n|t:|1729156649\n|switch|p2b: Primarina|Primarina, L50, F|100\/100\n|turn|4\n|inactive|navinsachump has 30 seconds left.\n|inactive|navinsachump has 20 seconds left.\n|\n|t:|1729156684\n|move|p1a: large chomp|Earthquake|p2b: Primarina|[spread] p2a,p2b\n|-immune|p1b: galaxy gas\n|-resisted|p2a: Rillaboom\n|-damage|p2a: Rillaboom|9\/100\n|-damage|p2b: Primarina|33\/100\n|-enditem|p2b: Primarina|Sitrus Berry|[eat]\n|-heal|p2b: Primarina|58\/100|[from] item: Sitrus Berry\n|move|p2a: Rillaboom|Wood Hammer|p1a: large chomp\n|-damage|p1a: large chomp|0 fnt\n|faint|p1a: large chomp\n|-damage|p2a: Rillaboom|6\/100|[from] Recoil\n|move|p1b: galaxy gas|Sludge Bomb|p2a: Rillaboom\n|-supereffective|p2a: Rillaboom\n|-damage|p2a: Rillaboom|0 fnt\n|faint|p2a: Rillaboom\n|move|p2b: Primarina|Hyper Voice|p1b: galaxy gas\n|-damage|p1b: galaxy gas|0 fnt\n|faint|p1b: galaxy gas\n|-end|p1b: galaxy gas|ability: Neutralizing Gas\n|\n|upkeep\n|\n|t:|1729156689\n|switch|p1a: dunky|Dondozo, L50, M|100\/100\n|switch|p1b: veganism|Tatsugiri, L50, M, shiny|100\/100\n|-activate|p1b: veganism|ability: Commander|[of] p1a: dunky\n|-boost|p1a: dunky|atk|2\n|-boost|p1a: dunky|spa|2\n|-boost|p1a: dunky|spe|2\n|-boost|p1a: dunky|def|2\n|-boost|p1a: dunky|spd|2\n|turn|5\n|\n|t:|1729156707\n|move|p1a: dunky|Wave Crash|p2b: Primarina\n|-resisted|p2b: Primarina\n|-damage|p2b: Primarina|0 fnt\n|faint|p2b: Primarina\n|-damage|p1a: dunky|85\/100|[from] Recoil\n|\n|win|Topperlecat\n|raw|Topperlecat's rating: 1703 &rarr; <strong>1722<\/strong><br \/>(+19 for winning)\n|raw|navinsachump's rating: 1693 &rarr; <strong>1674<\/strong><br \/>(-19 for losing)\n|l|\u2606navinsachump\n|player|p2|\n|l|\u2606Topperlecat\n|player|p1|\n","uploadtime":1729156900,"views":11,"formatid":"gen9vgc2024regh","rating":1674,"private":0,"password":null}