{"id":"gen9vgc2024regh-2224212135","format":"[Gen 9] VGC 2024 Reg H","players":["ren122333","rough Pult"],"log":"|j|\u2606ren122333\n|j|\u2606rough Pult\n|t:|1729089643\n|gametype|doubles\n|player|p1|ren122333|hilbert|1688\n|player|p2|rough Pult|giovanni|1800\n|teamsize|p1|6\n|teamsize|p2|6\n|gen|9\n|tier|[Gen 9] VGC 2024 Reg H\n|rated|\n|rule|Species Clause: Limit one of each Pok\u00e9mon\n|rule|Item Clause: Limit 1 of each item\n|clearpoke\n|poke|p1|Whimsicott, L50, M|\n|poke|p1|Mamoswine, L50, F|\n|poke|p1|Lycanroc-Dusk, L50, F|\n|poke|p1|Typhlosion-Hisui, L50, F|\n|poke|p1|Farigiraf, L50, F|\n|poke|p1|Mienshao, L50, M|\n|poke|p2|Baxcalibur, L50, F|\n|poke|p2|Dondozo, L50, M|\n|poke|p2|Kingambit, L50, M|\n|poke|p2|Rillaboom, L50, M|\n|poke|p2|Sneasler, L50, F|\n|poke|p2|Volcarona, L50, M|\n|teampreview|4\n|inactive|Battle timer is ON: inactive players will automatically lose when time's up. (requested by ren122333)\n|\n|t:|1729089690\n|start\n|switch|p1a: Whimsicott|Whimsicott, L50, M|100\/100\n|switch|p1b: Mamoswine|Mamoswine, L50, F|100\/100\n|switch|p2a: Baxcalibur|Baxcalibur, L50, F|100\/100\n|switch|p2b: Sneasler|Sneasler, L50, F|100\/100\n|turn|1\n|j| rangueaculeo\n|\n|t:|1729089703\n|-terastallize|p1b: Mamoswine|Grass\n|move|p2b: Sneasler|Dire Claw|p1a: Whimsicott\n|-supereffective|p1a: Whimsicott\n|-enditem|p1a: Whimsicott|Focus Sash\n|-damage|p1a: Whimsicott|1\/100\n|move|p1a: Whimsicott|Moonblast|p2b: Sneasler\n|-damage|p2b: Sneasler|54\/100\n|move|p1b: Mamoswine|High Horsepower|p2b: Sneasler\n|-supereffective|p2b: Sneasler\n|-damage|p2b: Sneasler|0 fnt\n|faint|p2b: Sneasler\n|move|p2a: Baxcalibur|Icicle Spear|p1b: Mamoswine\n|-supereffective|p1b: Mamoswine\n|-damage|p1b: Mamoswine|62\/100\n|-supereffective|p1b: Mamoswine\n|-damage|p1b: Mamoswine|25\/100\n|-supereffective|p1b: Mamoswine\n|-damage|p1b: Mamoswine|0 fnt\n|faint|p1b: Mamoswine\n|-hitcount|p1: Mamoswine|3\n|\n|upkeep\n|inactive|rough Pult has 30 seconds left.\n|\n|t:|1729089730\n|switch|p2b: Rillaboom|Rillaboom, L50, M|100\/100\n|switch|p1b: Typhlosion|Typhlosion-Hisui, L50, F|100\/100\n|-item|p2a: Baxcalibur|Loaded Dice|[from] ability: Frisk|[of] p1b: Typhlosion\n|-item|p2b: Rillaboom|Assault Vest|[from] ability: Frisk|[of] p1b: Typhlosion\n|-fieldstart|move: Grassy Terrain|[from] ability: Grassy Surge|[of] p2b: Rillaboom\n|turn|2\n|\n|t:|1729089754\n|-terastallize|p2b: Rillaboom|Water\n|move|p1a: Whimsicott|Sunny Day|p1a: Whimsicott\n|-weather|SunnyDay\n|move|p2a: Baxcalibur|Ice Shard|p2b: Rillaboom\n|-resisted|p2b: Rillaboom\n|-damage|p2b: Rillaboom|88\/100\n|move|p1b: Typhlosion|Eruption|p2b: Rillaboom|[spread] p2a,p2b\n|-resisted|p2b: Rillaboom\n|-damage|p2a: Baxcalibur|0 fnt\n|-damage|p2b: Rillaboom|51\/100\n|faint|p2a: Baxcalibur\n|move|p2b: Rillaboom|High Horsepower|p1b: Typhlosion\n|-supereffective|p1b: Typhlosion\n|-damage|p1b: Typhlosion|7\/100\n|\n|-weather|SunnyDay|[upkeep]\n|-heal|p1a: Whimsicott|7\/100|[from] Grassy Terrain\n|-heal|p1b: Typhlosion|13\/100|[from] Grassy Terrain\n|-heal|p2b: Rillaboom|57\/100|[from] Grassy Terrain\n|upkeep\n|\n|t:|1729089773\n|switch|p2a: Dondozo|Dondozo, L50, M|100\/100\n|turn|3\n|\n|t:|1729089782\n|switch|p1b: Farigiraf|Farigiraf, L50, F|100\/100\n|move|p2b: Rillaboom|Grassy Glide||[still]\n|cant|p1b: Farigiraf|ability: Armor Tail|Grassy Glide|[of] p2b: Rillaboom\n|move|p1a: Whimsicott|Moonblast|p2b: Rillaboom\n|-damage|p2b: Rillaboom|32\/100\n|move|p2a: Dondozo|Liquidation|p1b: Farigiraf\n|-damage|p1b: Farigiraf|86\/100\n|-unboost|p1b: Farigiraf|def|1\n|\n|-weather|SunnyDay|[upkeep]\n|-heal|p1a: Whimsicott|13\/100|[from] Grassy Terrain\n|-heal|p2b: Rillaboom|38\/100|[from] Grassy Terrain\n|-heal|p1b: Farigiraf|92\/100|[from] Grassy Terrain\n|upkeep\n|turn|4\n|\n|t:|1729089806\n|move|p1a: Whimsicott|Moonblast|p2b: Rillaboom\n|-damage|p2b: Rillaboom|13\/100\n|move|p2b: Rillaboom|Wood Hammer|p1b: Farigiraf\n|-damage|p1b: Farigiraf|0 fnt\n|faint|p1b: Farigiraf\n|-damage|p2b: Rillaboom|0 fnt|[from] Recoil\n|faint|p2b: Rillaboom\n|move|p2a: Dondozo|Liquidation|p1a: Whimsicott\n|-resisted|p1a: Whimsicott\n|-damage|p1a: Whimsicott|2\/100\n|-unboost|p1a: Whimsicott|def|1\n|\n|-weather|SunnyDay|[upkeep]\n|-heal|p1a: Whimsicott|8\/100|[from] Grassy Terrain\n|upkeep\n|\n|t:|1729089812\n|switch|p1b: Typhlosion|Typhlosion-Hisui, L50, F|13\/100\n|-item|p2a: Dondozo|Leftovers|[from] ability: Frisk|[of] p1b: Typhlosion\n|turn|5\n|\n|t:|1729089830\n|move|p1a: Whimsicott|Moonblast|p2a: Dondozo\n|-damage|p2a: Dondozo|77\/100\n|-unboost|p2a: Dondozo|spa|1\n|move|p1b: Typhlosion|Shadow Ball|p2a: Dondozo\n|-damage|p2a: Dondozo|34\/100\n|move|p2a: Dondozo|Liquidation|p1b: Typhlosion\n|-supereffective|p1b: Typhlosion\n|-damage|p1b: Typhlosion|0 fnt\n|faint|p1b: Typhlosion\n|\n|-weather|SunnyDay|[upkeep]\n|-heal|p1a: Whimsicott|14\/100|[from] Grassy Terrain\n|-heal|p2a: Dondozo|41\/100|[from] Grassy Terrain\n|-heal|p2a: Dondozo|47\/100|[from] item: Leftovers\n|upkeep\n|turn|6\n|\n|t:|1729089848\n|move|p1a: Whimsicott|Moonblast|p2a: Dondozo\n|-damage|p2a: Dondozo|24\/100\n|move|p2a: Dondozo|Liquidation|p1a: Whimsicott\n|-resisted|p1a: Whimsicott\n|-damage|p1a: Whimsicott|3\/100\n|\n|-weather|none\n|-heal|p1a: Whimsicott|9\/100|[from] Grassy Terrain\n|-heal|p2a: Dondozo|30\/100|[from] Grassy Terrain\n|-heal|p2a: Dondozo|36\/100|[from] item: Leftovers\n|-fieldend|move: Grassy Terrain\n|upkeep\n|turn|7\n|j| huchen\n|\n|t:|1729089860\n|move|p1a: Whimsicott|Moonblast|p2a: Dondozo\n|-damage|p2a: Dondozo|10\/100\n|move|p2a: Dondozo|Liquidation|p1a: Whimsicott\n|-resisted|p1a: Whimsicott\n|-damage|p1a: Whimsicott|0 fnt\n|faint|p1a: Whimsicott\n|\n|win|rough Pult\n|raw|ren122333's rating: 1688 &rarr; <strong>1674<\/strong><br \/>(-14 for losing)\n|raw|rough Pult's rating: 1800 &rarr; <strong>1814<\/strong><br \/>(+14 for winning)\n|l|\u2606ren122333\n|player|p1|\n|l| rangueaculeo\n|l|\u2606rough Pult\n|player|p2|\n|l| huchen\n","uploadtime":1729090037,"views":28,"formatid":"gen9vgc2024regh","rating":1674,"private":0,"password":null}