{"id":"gen9vgc2024regh-2224754589","format":"[Gen 9] VGC 2024 Reg H","players":["Iamsliverfish","bigbadbirdvgc"],"log":"|j|\u2606Iamsliverfish\n|j|\u2606bigbadbirdvgc\n|t:|1729149446\n|gametype|doubles\n|player|p1|Iamsliverfish|hiker-gen4|1651\n|player|p2|bigbadbirdvgc|170|1692\n|teamsize|p1|6\n|teamsize|p2|6\n|gen|9\n|tier|[Gen 9] VGC 2024 Reg H\n|rated|\n|rule|Species Clause: Limit one of each Pok\u00e9mon\n|rule|Item Clause: Limit 1 of each item\n|clearpoke\n|poke|p1|Rillaboom, L50, M|\n|poke|p1|Incineroar, L50, M|\n|poke|p1|Kommo-o, L50, F|\n|poke|p1|Gholdengo, L50|\n|poke|p1|Farigiraf, L50, F|\n|poke|p1|Ursaluna-Bloodmoon, L50, M|\n|poke|p2|Basculegion, L50, M|\n|poke|p2|Pelipper, L50, F|\n|poke|p2|Archaludon, L50, F|\n|poke|p2|Sinistcha, L50|\n|poke|p2|Farigiraf, L50, F|\n|poke|p2|Sableye, L50, F|\n|teampreview|4\n|inactive|Battle timer is ON: inactive players will automatically lose when time's up. (requested by Iamsliverfish)\n|\n|t:|1729149479\n|start\n|switch|p1a: Farigiraf|Farigiraf, L50, F|100\/100\n|switch|p1b: Incineroar|Incineroar, L50, M|100\/100\n|switch|p2a: Farigiraf|Farigiraf, L50, F|100\/100\n|switch|p2b: Sableye|Sableye, L50, F|100\/100\n|-ability|p1b: Incineroar|Intimidate|boost\n|-unboost|p2a: Farigiraf|atk|1\n|-unboost|p2b: Sableye|atk|1\n|turn|1\n|inactive|Iamsliverfish has 30 seconds left.\n|\n|t:|1729149505\n|move|p1a: Farigiraf|Helping Hand|p1b: Incineroar\n|-singleturn|p1b: Incineroar|Helping Hand|[of] p1a: Farigiraf\n|move|p2a: Farigiraf|Protect|p2a: Farigiraf\n|-singleturn|p2a: Farigiraf|Protect\n|move|p1b: Incineroar|Knock Off|p2a: Farigiraf\n|-activate|p2a: Farigiraf|move: Protect\n|move|p2b: Sableye|Foul Play|p1a: Farigiraf\n|-supereffective|p1a: Farigiraf\n|-damage|p1a: Farigiraf|49\/100\n|\n|upkeep\n|turn|2\n|\n|t:|1729149528\n|switch|p1a: Ursaluna|Ursaluna-Bloodmoon, L50, M|100\/100\n|-terastallize|p2a: Farigiraf|Fighting\n|move|p2a: Farigiraf|Calm Mind|p2a: Farigiraf\n|-boost|p2a: Farigiraf|spa|1\n|-boost|p2a: Farigiraf|spd|1\n|move|p1b: Incineroar|Knock Off|p2a: Farigiraf\n|-resisted|p2a: Farigiraf\n|-damage|p2a: Farigiraf|84\/100\n|-enditem|p2a: Farigiraf|Leftovers|[from] move: Knock Off|[of] p1b: Incineroar\n|move|p2b: Sableye|Foul Play|p1a: Ursaluna\n|-damage|p1a: Ursaluna|81\/100\n|\n|upkeep\n|turn|3\n|\n|t:|1729149551\n|-terastallize|p1a: Ursaluna|Normal\n|move|p2b: Sableye|Light Screen|p2b: Sableye\n|-sidestart|p2: bigbadbirdvgc|move: Light Screen\n|move|p2a: Farigiraf|Tera Blast|p1b: Incineroar|[anim] Tera Blast Fighting\n|-supereffective|p1b: Incineroar\n|-damage|p1b: Incineroar|24\/100\n|-enditem|p1b: Incineroar|Aguav Berry|[eat]\n|-heal|p1b: Incineroar|57\/100|[from] item: Aguav Berry\n|move|p1b: Incineroar|Parting Shot|p2a: Farigiraf\n|-unboost|p2a: Farigiraf|atk|1\n|-unboost|p2a: Farigiraf|spa|1\n|\n|t:|1729149558\n|switch|p1b: Gholdengo|Gholdengo, L50|100\/100|[from] Parting Shot\n|move|p1a: Ursaluna|Blood Moon|p2a: Farigiraf\n|-damage|p2a: Farigiraf|38\/100\n|\n|upkeep\n|turn|4\n|\n|t:|1729149580\n|move|p1b: Gholdengo|Dazzling Gleam|p2b: Sableye|[spread] p2a,p2b\n|-supereffective|p2a: Farigiraf\n|-supereffective|p2b: Sableye\n|-damage|p2a: Farigiraf|9\/100\n|-damage|p2b: Sableye|44\/100\n|move|p2a: Farigiraf|Expanding Force|p1b: Gholdengo\n|-resisted|p1b: Gholdengo\n|-damage|p1b: Gholdengo|81\/100\n|move|p2b: Sableye|Foul Play|p1b: Gholdengo\n|-supereffective|p1b: Gholdengo\n|-damage|p1b: Gholdengo|36\/100\n|move|p1a: Ursaluna|Hyper Voice|p2b: Sableye|[spread] p2a,p2b\n|-damage|p2a: Farigiraf|0 fnt\n|-damage|p2b: Sableye|0 fnt\n|faint|p2a: Farigiraf\n|faint|p2b: Sableye\n|\n|upkeep\n|\n|t:|1729149594\n|switch|p2a: Archaludon|Archaludon, L50, F|100\/100\n|switch|p2b: Sinistcha|Sinistcha, L50|100\/100\n|turn|5\n|\n|t:|1729149610\n|switch|p1b: Incineroar|Incineroar, L50, M|57\/100\n|-ability|p1b: Incineroar|Intimidate|boost\n|-unboost|p2a: Archaludon|atk|1\n|-unboost|p2b: Sinistcha|atk|1\n|move|p2a: Archaludon|Body Press|p1a: Ursaluna\n|-supereffective|p1a: Ursaluna\n|-damage|p1a: Ursaluna|45\/100\n|move|p2b: Sinistcha|Matcha Gotcha|p1b: Incineroar|[spread] p1a,p1b\n|-resisted|p1b: Incineroar\n|-damage|p1a: Ursaluna|29\/100\n|-damage|p1b: Incineroar|49\/100\n|move|p1a: Ursaluna|Blood Moon|p2b: Sinistcha\n|-damage|p2b: Sinistcha|33\/100\n|-enditem|p2b: Sinistcha|Sitrus Berry|[eat]\n|-heal|p2b: Sinistcha|58\/100|[from] item: Sitrus Berry\n|\n|upkeep\n|turn|6\n|inactive|Iamsliverfish has 30 seconds left.\n|inactive|bigbadbirdvgc has 30 seconds left.\n|\n|t:|1729149642\n|switch|p1b: Gholdengo|Gholdengo, L50|36\/100\n|move|p2b: Sinistcha|Protect|p2b: Sinistcha\n|-singleturn|p2b: Sinistcha|Protect\n|move|p2a: Archaludon|Flash Cannon|p1a: Ursaluna\n|-damage|p1a: Ursaluna|4\/100\n|move|p1a: Ursaluna|Earth Power|p2a: Archaludon\n|-supereffective|p2a: Archaludon\n|-damage|p2a: Archaludon|56\/100\n|-ability|p2a: Archaludon|Stamina|boost\n|-boost|p2a: Archaludon|def|1\n|\n|upkeep\n|turn|7\n|j| Rabbihorn\n|\n|t:|1729149663\n|move|p1b: Gholdengo|Shadow Ball|p2b: Sinistcha\n|-supereffective|p2b: Sinistcha\n|-damage|p2b: Sinistcha|0 fnt\n|faint|p2b: Sinistcha\n|move|p2a: Archaludon|Draco Meteor|p1b: Gholdengo\n|-resisted|p1b: Gholdengo\n|-damage|p1b: Gholdengo|0 fnt\n|-unboost|p2a: Archaludon|spa|2\n|faint|p1b: Gholdengo\n|move|p1a: Ursaluna|Earth Power|p2a: Archaludon\n|-supereffective|p2a: Archaludon\n|-damage|p2a: Archaludon|6\/100\n|-ability|p2a: Archaludon|Stamina|boost\n|-boost|p2a: Archaludon|def|1\n|\n|-sideend|p2: bigbadbirdvgc|move: Light Screen\n|upkeep\n|-message|bigbadbirdvgc forfeited.\n|\n|win|Iamsliverfish\n|raw|Iamsliverfish's rating: 1651 &rarr; <strong>1673<\/strong><br \/>(+22 for winning)\n|raw|bigbadbirdvgc's rating: 1692 &rarr; <strong>1670<\/strong><br \/>(-22 for losing)\n|l|\u2606bigbadbirdvgc\n|player|p2|\n|l|\u2606Iamsliverfish\n|player|p1|\n","uploadtime":1729149857,"views":10,"formatid":"gen9vgc2024regh","rating":1670,"private":0,"password":null}