{"id":"gen9vgc2024regh-2224975645","format":"[Gen 9] VGC 2024 Reg H","players":["Zordor","02her0"],"log":"|j|\u2606Zordor\n|j|\u260602her0\n|t:|1729177176\n|gametype|doubles\n|player|p1|Zordor|pilot|1809\n|player|p2|02her0|102|1718\n|teamsize|p1|6\n|teamsize|p2|6\n|gen|9\n|tier|[Gen 9] VGC 2024 Reg H\n|rated|\n|rule|Species Clause: Limit one of each Pok\u00e9mon\n|rule|Item Clause: Limit 1 of each item\n|clearpoke\n|poke|p1|Rotom-Wash, L50|\n|poke|p1|Sneasler, L50, M|\n|poke|p1|Kingambit, L50, F|\n|poke|p1|Armarouge, L50, M|\n|poke|p1|Dragapult, L50, F|\n|poke|p1|Venusaur, L50, M|\n|poke|p2|Dondozo, L50, M|\n|poke|p2|Tatsugiri, L50, M|\n|poke|p2|Annihilape, L50, F|\n|poke|p2|Rillaboom, L50, M|\n|poke|p2|Ceruledge, L50, F|\n|poke|p2|Dragonite, L50, F|\n|teampreview|4\n|\n|t:|1729177202\n|start\n|switch|p1a: Sneasler|Sneasler, L50, M|100\/100\n|switch|p1b: Rotom|Rotom-Wash, L50|100\/100\n|switch|p2a: Annihilape|Annihilape, L50, F|100\/100\n|switch|p2b: Dragonite|Dragonite, L50, F|100\/100\n|turn|1\n|\n|t:|1729177228\n|move|p2b: Dragonite|Extreme Speed|p1a: Sneasler\n|-damage|p1a: Sneasler|15\/100\n|move|p2a: Annihilape|Final Gambit|p1b: Rotom\n|-damage|p1b: Rotom|0 fnt\n|faint|p2a: Annihilape\n|faint|p1b: Rotom\n|move|p1a: Sneasler|Rock Tomb|p2b: Dragonite\n|-supereffective|p2b: Dragonite\n|-damage|p2b: Dragonite|62\/100\n|-unboost|p2b: Dragonite|spe|1\n|\n|upkeep\n|\n|t:|1729177245\n|switch|p1b: Venusaur|Venusaur, L50, M|100\/100\n|switch|p2a: Dondozo|Dondozo, L50, M|100\/100\n|turn|2\n|\n|t:|1729177269\n|move|p1a: Sneasler|Protect|p1a: Sneasler\n|-singleturn|p1a: Sneasler|Protect\n|move|p1b: Venusaur|Protect|p1b: Venusaur\n|-singleturn|p1b: Venusaur|Protect\n|move|p2a: Dondozo|Protect|p2a: Dondozo\n|-singleturn|p2a: Dondozo|Protect\n|move|p2b: Dragonite|Extreme Speed|p1b: Venusaur\n|-activate|p1b: Venusaur|move: Protect\n|\n|upkeep\n|turn|3\n|\n|t:|1729177289\n|switch|p2b: Tatsugiri|Tatsugiri, L50, M|100\/100\n|-activate|p2b: Tatsugiri|ability: Commander|[of] p2a: Dondozo\n|-boost|p2a: Dondozo|atk|2\n|-boost|p2a: Dondozo|spa|2\n|-boost|p2a: Dondozo|spe|2\n|-boost|p2a: Dondozo|def|2\n|-boost|p2a: Dondozo|spd|2\n|move|p2a: Dondozo|Order Up|p1a: Sneasler\n|-damage|p1a: Sneasler|0 fnt\n|faint|p1a: Sneasler\n|-boost|p2a: Dondozo|atk|1\n|move|p1b: Venusaur|Giga Drain|p2a: Dondozo\n|-supereffective|p2a: Dondozo\n|-damage|p2a: Dondozo|60\/100\n|\n|upkeep\n|\n|t:|1729177301\n|switch|p1a: Armarouge|Armarouge, L50, M|100\/100\n|turn|4\n|j| oherrodersir\n|\n|t:|1729177318\n|-terastallize|p2a: Dondozo|Steel\n|move|p1a: Armarouge|Protect|p1a: Armarouge\n|-singleturn|p1a: Armarouge|Protect\n|move|p2a: Dondozo|Order Up|p1a: Armarouge\n|-activate|p1a: Armarouge|move: Protect\n|move|p1b: Venusaur|Sludge Bomb|p2a: Dondozo\n|-immune|p2a: Dondozo\n|\n|upkeep\n|turn|5\n|\n|t:|1729177344\n|-terastallize|p1a: Armarouge|Fairy\n|move|p2a: Dondozo|Order Up|p1a: Armarouge\n|-immune|p1a: Armarouge\n|move|p1a: Armarouge|Heat Wave|p2b: Tatsugiri|[spread] p2a\n|-miss|p1a: Armarouge|p2b: Tatsugiri\n|-supereffective|p2a: Dondozo\n|-damage|p2a: Dondozo|26\/100\n|move|p1b: Venusaur|Earth Power|p2a: Dondozo\n|-supereffective|p2a: Dondozo\n|-damage|p2a: Dondozo|0 fnt\n|faint|p2a: Dondozo\n|\n|upkeep\n|\n|t:|1729177351\n|switch|p2a: Dragonite|Dragonite, L50, F|62\/100\n|turn|6\n|\n|t:|1729177362\n|move|p1b: Venusaur|Protect|p1b: Venusaur\n|-singleturn|p1b: Venusaur|Protect\n|move|p2a: Dragonite|Extreme Speed|p1a: Armarouge\n|-damage|p1a: Armarouge|55\/100\n|move|p2b: Tatsugiri|Muddy Water|p1b: Venusaur|[spread] p1a\n|-activate|p1b: Venusaur|move: Protect\n|-damage|p1a: Armarouge|13\/100\n|move|p1a: Armarouge|Meteor Beam||[still]\n|-prepare|p1a: Armarouge|Meteor Beam\n|-boost|p1a: Armarouge|spa|1\n|-enditem|p1a: Armarouge|Power Herb\n|-anim|p1a: Armarouge|Meteor Beam|p2a: Dragonite\n|-supereffective|p2a: Dragonite\n|-damage|p2a: Dragonite|0 fnt\n|faint|p2a: Dragonite\n|\n|upkeep\n|turn|7\n|\n|t:|1729177377\n|move|p2b: Tatsugiri|Muddy Water|p1b: Venusaur|[spread] p1a,p1b\n|-resisted|p1b: Venusaur\n|-damage|p1a: Armarouge|0 fnt\n|-damage|p1b: Venusaur|83\/100\n|-unboost|p1b: Venusaur|accuracy|1\n|faint|p1a: Armarouge\n|move|p1b: Venusaur|Giga Drain|p2b: Tatsugiri\n|-damage|p2b: Tatsugiri|56\/100\n|-heal|p1b: Venusaur|100\/100|[from] drain|[of] p2b: Tatsugiri\n|\n|upkeep\n|turn|8\n|\n|t:|1729177382\n|move|p2b: Tatsugiri|Draco Meteor|p1b: Venusaur|[miss]\n|-miss|p2b: Tatsugiri|p1b: Venusaur\n|move|p1b: Venusaur|Giga Drain|p2b: Tatsugiri\n|-damage|p2b: Tatsugiri|8\/100\n|\n|upkeep\n|turn|9\n|\n|t:|1729177387\n|move|p2b: Tatsugiri|Draco Meteor|p1b: Venusaur\n|-damage|p1b: Venusaur|27\/100\n|-unboost|p2b: Tatsugiri|spa|2\n|move|p1b: Venusaur|Giga Drain|p2b: Tatsugiri\n|-damage|p2b: Tatsugiri|0 fnt\n|-heal|p1b: Venusaur|30\/100|[from] drain|[of] p2b: Tatsugiri\n|faint|p2b: Tatsugiri\n|\n|win|Zordor\n|raw|Zordor's rating: 1809 &rarr; <strong>1824<\/strong><br \/>(+15 for winning)\n|raw|02her0's rating: 1718 &rarr; <strong>1703<\/strong><br \/>(-15 for losing)\n|l|\u2606Zordor\n|player|p1|\n|l|\u260602her0\n|player|p2|\n","uploadtime":1729177533,"views":19,"formatid":"gen9vgc2024regh","rating":1703,"private":0,"password":null}