{"id":"gen9vgc2024regh-2224587972","format":"[Gen 9] VGC 2024 Reg H","players":["elvegis1","Sheepie_Sheep1"],"log":"|j|\u2606elvegis1\n|j|\u2606Sheepie_Sheep1\n|t:|1729125386\n|gametype|doubles\n|player|p1|elvegis1|lucas|1687\n|player|p2|Sheepie_Sheep1|schoolkid-gen4dp|1733\n|teamsize|p1|6\n|teamsize|p2|6\n|gen|9\n|tier|[Gen 9] VGC 2024 Reg H\n|rated|\n|rule|Species Clause: Limit one of each Pok\u00e9mon\n|rule|Item Clause: Limit 1 of each item\n|clearpoke\n|poke|p1|Sneasler, L50, M|\n|poke|p1|Incineroar, L50, F|\n|poke|p1|Garchomp, L50, M|\n|poke|p1|Ninetales-Alola, L50, M|\n|poke|p1|Volcarona, L50, M|\n|poke|p1|Corviknight, L50, M|\n|poke|p2|Ceruledge, L50, M|\n|poke|p2|Gastrodon, L50, F|\n|poke|p2|Sneasler, L50, M|\n|poke|p2|Dragonite, L50, F|\n|poke|p2|Rillaboom, L50, M|\n|poke|p2|Kingambit, L50, M|\n|teampreview|4\n|inactive|Battle timer is ON: inactive players will automatically lose when time's up. (requested by elvegis1)\n|j| Fulimba\n|inactive|Sheepie_Sheep1 has 60 seconds left.\n|\n|t:|1729125427\n|start\n|switch|p1a: Sneasler|Sneasler, L50, M|100\/100\n|switch|p1b: Ninetales|Ninetales-Alola, L50, M|100\/100\n|switch|p2a: Kingambit|Kingambit, L50, M|100\/100\n|switch|p2b: Dragonite|Dragonite, L50, F|100\/100\n|-weather|Snow|[from] ability: Snow Warning|[of] p1b: Ninetales\n|turn|1\n|inactive|elvegis1 has 30 seconds left.\n|\n|t:|1729125460\n|-terastallize|p1b: Ninetales|Ghost\n|-terastallize|p2a: Kingambit|Flying\n|move|p1a: Sneasler|Dire Claw|p2b: Dragonite\n|-damage|p2b: Dragonite|79\/100\n|-status|p2b: Dragonite|slp\n|move|p1b: Ninetales|Blizzard|p2a: Kingambit|[spread] p2a,p2b\n|-supereffective|p2a: Kingambit\n|-supereffective|p2b: Dragonite\n|-damage|p2a: Kingambit|68\/100\n|-damage|p2b: Dragonite|0 fnt\n|faint|p2b: Dragonite\n|move|p2a: Kingambit|Iron Head|p1b: Ninetales\n|-damage|p1b: Ninetales|39\/100\n|\n|-weather|Snow|[upkeep]\n|upkeep\n|\n|t:|1729125471\n|switch|p2b: Ceruledge|Ceruledge, L50, M|100\/100\n|turn|2\n|inactive|elvegis1 has 30 seconds left.\n|\n|t:|1729125501\n|move|p2b: Ceruledge|Shadow Sneak|p1b: Ninetales\n|-supereffective|p1b: Ninetales\n|-damage|p1b: Ninetales|0 fnt\n|faint|p1b: Ninetales\n|move|p1a: Sneasler|Dire Claw|p2a: Kingambit\n|-damage|p2a: Kingambit|38\/100\n|-status|p2a: Kingambit|psn|[from] ability: Poison Touch|[of] p1a: Sneasler\n|move|p2a: Kingambit|Tera Blast|p1a: Sneasler|[anim] Tera Blast Flying\n|-supereffective|p1a: Sneasler\n|-enditem|p1a: Sneasler|Focus Sash\n|-damage|p1a: Sneasler|1\/100\n|\n|-weather|Snow|[upkeep]\n|-damage|p2a: Kingambit|26\/100 psn|[from] psn\n|upkeep\n|inactive|elvegis1 has 30 seconds left.\n|inactive|elvegis1 has 20 seconds left.\n|inactive|elvegis1 has 15 seconds left.\n|\n|t:|1729125546\n|switch|p1b: Garchomp|Garchomp, L50, M|100\/100\n|turn|3\n|inactive|Sheepie_Sheep1 has 30 seconds left.\n|\n|t:|1729125578\n|move|p1a: Sneasler|Protect|p1a: Sneasler\n|-singleturn|p1a: Sneasler|Protect\n|move|p2b: Ceruledge|Shadow Sneak|p1a: Sneasler\n|-activate|p1a: Sneasler|move: Protect\n|move|p1b: Garchomp|Dragon Claw|p2a: Kingambit\n|-damage|p2a: Kingambit|0 fnt\n|faint|p2a: Kingambit\n|-damage|p1b: Garchomp|91\/100|[from] item: Life Orb\n|\n|-weather|Snow|[upkeep]\n|upkeep\n|\n|t:|1729125582\n|switch|p2a: Gastrodon|Gastrodon, L50, F|100\/100\n|turn|4\n|\n|t:|1729125600\n|switch|p1a: Incineroar|Incineroar, L50, F|100\/100\n|-ability|p1a: Incineroar|Intimidate|boost\n|-unboost|p2a: Gastrodon|atk|1\n|-unboost|p2b: Ceruledge|atk|1\n|move|p1b: Garchomp|Protect|p1b: Garchomp\n|-singleturn|p1b: Garchomp|Protect\n|move|p2b: Ceruledge|Shadow Sneak|p1a: Incineroar\n|-resisted|p1a: Incineroar\n|-damage|p1a: Incineroar|94\/100\n|move|p2a: Gastrodon|Ice Beam|p1b: Garchomp\n|-activate|p1b: Garchomp|move: Protect\n|\n|-weather|Snow|[upkeep]\n|upkeep\n|turn|5\n|\n|t:|1729125614\n|move|p1a: Incineroar|Fake Out|p2a: Gastrodon\n|-damage|p2a: Gastrodon|90\/100\n|move|p1b: Garchomp|Stomping Tantrum|p2b: Ceruledge\n|-supereffective|p2b: Ceruledge\n|-damage|p2b: Ceruledge|0 fnt\n|faint|p2b: Ceruledge\n|-damage|p1b: Garchomp|81\/100|[from] item: Life Orb\n|cant|p2a: Gastrodon|flinch\n|\n|-weather|none\n|upkeep\n|turn|6\n|l| Fulimba\n|\n|t:|1729125626\n|move|p1b: Garchomp|Dragon Claw|p2a: Gastrodon\n|-damage|p2a: Gastrodon|34\/100\n|-enditem|p2a: Gastrodon|Sitrus Berry|[eat]\n|-heal|p2a: Gastrodon|59\/100|[from] item: Sitrus Berry\n|-damage|p1b: Garchomp|71\/100|[from] item: Life Orb\n|move|p1a: Incineroar|Knock Off|p2a: Gastrodon\n|-damage|p2a: Gastrodon|33\/100\n|move|p2a: Gastrodon|Ice Beam|p1b: Garchomp\n|-supereffective|p1b: Garchomp\n|-damage|p1b: Garchomp|0 fnt\n|faint|p1b: Garchomp\n|\n|upkeep\n|\n|t:|1729125635\n|switch|p1b: Sneasler|Sneasler, L50, M|1\/100\n|turn|7\n|-message|Sheepie_Sheep1 forfeited.\n|\n|win|elvegis1\n|raw|elvegis1's rating: 1687 &rarr; <strong>1710<\/strong><br \/>(+23 for winning)\n|raw|Sheepie_Sheep1's rating: 1733 &rarr; <strong>1710<\/strong><br \/>(-23 for losing)\n|l|\u2606Sheepie_Sheep1\n|player|p2|\n|l|\u2606elvegis1\n|player|p1|\n","uploadtime":1729125883,"views":16,"formatid":"gen9vgc2024regh","rating":1710,"private":0,"password":null}