{"id":"gen9vgc2024regh-2224693905","format":"[Gen 9] VGC 2024 Reg H","players":["magnusmagnum","It'sJustKen VGC"],"log":"|j|\u2606magnusmagnum\n|j|\u2606It'sJustKen VGC\n|t:|1729138718\n|gametype|doubles\n|player|p1|magnusmagnum|170|1671\n|player|p2|It'sJustKen VGC|turo|1775\n|teamsize|p1|6\n|teamsize|p2|6\n|gen|9\n|tier|[Gen 9] VGC 2024 Reg H\n|rated|\n|rule|Species Clause: Limit one of each Pok\u00e9mon\n|rule|Item Clause: Limit 1 of each item\n|clearpoke\n|poke|p1|Kingambit, L50, F|\n|poke|p1|Sneasler, L50, M|\n|poke|p1|Rillaboom, L50, F|\n|poke|p1|Primarina, L50, M|\n|poke|p1|Electabuzz, L50, M|\n|poke|p1|Ninetales-Alola, L50, M|\n|poke|p2|Farigiraf, L50, F|\n|poke|p2|Whimsicott, L50, F|\n|poke|p2|Gholdengo, L50|\n|poke|p2|Archaludon, L50, M|\n|poke|p2|Sneasler, L50, F|\n|poke|p2|Arcanine-Hisui, L50, F|\n|teampreview|4\n|inactive|Battle timer is ON: inactive players will automatically lose when time's up. (requested by It'sJustKen VGC)\n|inactive|magnusmagnum has 60 seconds left.\n|inactive|magnusmagnum has 30 seconds left.\n|\n|t:|1729138786\n|start\n|switch|p1a: Kingambit|Kingambit, L50, F|100\/100\n|switch|p1b: Sneasler|Sneasler, L50, M|100\/100\n|switch|p2a: BUTTERSCOTCH|Whimsicott, L50, F|100\/100\n|switch|p2b: London Bridge|Archaludon, L50, M|100\/100\n|turn|1\n|inactive|magnusmagnum has 30 seconds left.\n|\n|t:|1729138816\n|switch|p1a: Rillaboom|Rillaboom, L50, F|100\/100\n|-fieldstart|move: Grassy Terrain|[from] ability: Grassy Surge|[of] p1a: Rillaboom\n|-enditem|p1b: Sneasler|Grassy Seed\n|-boost|p1b: Sneasler|def|1|[from] item: Grassy Seed\n|-terastallize|p2b: London Bridge|Electric\n|move|p1b: Sneasler|Close Combat|p2b: London Bridge\n|-damage|p2b: London Bridge|44\/100\n|-unboost|p1b: Sneasler|def|1\n|-unboost|p1b: Sneasler|spd|1\n|move|p2a: BUTTERSCOTCH|Moonblast|p1a: Rillaboom\n|-damage|p1a: Rillaboom|75\/100\n|move|p2b: London Bridge|Electro Shot||[still]\n|-prepare|p2b: London Bridge|Electro Shot\n|-boost|p2b: London Bridge|spa|1\n|-enditem|p2b: London Bridge|Power Herb\n|-anim|p2b: London Bridge|Electro Shot|p1a: Rillaboom\n|-resisted|p1a: Rillaboom\n|-damage|p1a: Rillaboom|30\/100\n|\n|-heal|p2b: London Bridge|50\/100|[from] Grassy Terrain\n|-heal|p1a: Rillaboom|36\/100|[from] Grassy Terrain\n|upkeep\n|turn|2\n|inactive|magnusmagnum has 30 seconds left.\n|\n|t:|1729138848\n|move|p2b: London Bridge|Protect|p2b: London Bridge\n|-singleturn|p2b: London Bridge|Protect\n|move|p1a: Rillaboom|Fake Out|p2a: BUTTERSCOTCH\n|-damage|p2a: BUTTERSCOTCH|78\/100\n|move|p1b: Sneasler|Acrobatics|p2a: BUTTERSCOTCH\n|-supereffective|p2a: BUTTERSCOTCH\n|-damage|p2a: BUTTERSCOTCH|0 fnt\n|faint|p2a: BUTTERSCOTCH\n|\n|-heal|p2b: London Bridge|57\/100|[from] Grassy Terrain\n|-heal|p1a: Rillaboom|42\/100|[from] Grassy Terrain\n|upkeep\n|\n|t:|1729138866\n|switch|p2a: GIRAFFE|Farigiraf, L50, F, shiny|100\/100\n|turn|3\n|inactive|magnusmagnum has 30 seconds left.\n|\n|t:|1729138893\n|move|p1b: Sneasler|Protect|p1b: Sneasler\n|-singleturn|p1b: Sneasler|Protect\n|move|p2b: London Bridge|Thunderbolt|p1b: Sneasler\n|-activate|p1b: Sneasler|move: Protect\n|move|p1a: Rillaboom|Wood Hammer|p2a: GIRAFFE\n|-damage|p2a: GIRAFFE|16\/100\n|-damage|p1a: Rillaboom|13\/100|[from] Recoil\n|move|p2a: GIRAFFE|Hyper Voice|p1a: Rillaboom|[spread] p1a\n|-activate|p1b: Sneasler|move: Protect\n|-damage|p1a: Rillaboom|0 fnt\n|faint|p1a: Rillaboom\n|-enditem|p2a: GIRAFFE|Throat Spray\n|-boost|p2a: GIRAFFE|spa|1|[from] item: Throat Spray\n|\n|-heal|p2b: London Bridge|63\/100|[from] Grassy Terrain\n|-heal|p2a: GIRAFFE|22\/100|[from] Grassy Terrain\n|upkeep\n|\n|t:|1729138905\n|switch|p1a: Electabuzz|Electabuzz, L50, M|100\/100\n|turn|4\n|inactive|It'sJustKen VGC has 30 seconds left.\n|inactive|It'sJustKen VGC has 20 seconds left.\n|inactive|It'sJustKen VGC has 15 seconds left.\n|\n|t:|1729138948\n|move|p2a: GIRAFFE|Protect|p2a: GIRAFFE\n|-singleturn|p2a: GIRAFFE|Protect\n|move|p1a: Electabuzz|Follow Me|p1a: Electabuzz\n|-singleturn|p1a: Electabuzz|move: Follow Me\n|move|p1b: Sneasler|Acrobatics|p2a: GIRAFFE\n|-activate|p2a: GIRAFFE|move: Protect\n|move|p2b: London Bridge|Dragon Pulse|p1a: Electabuzz\n|-damage|p1a: Electabuzz|40\/100\n|\n|-heal|p1a: Electabuzz|46\/100|[from] Grassy Terrain\n|-heal|p2b: London Bridge|69\/100|[from] Grassy Terrain\n|-heal|p2a: GIRAFFE|28\/100|[from] Grassy Terrain\n|upkeep\n|turn|5\n|inactive|magnusmagnum has 30 seconds left.\n|\n|t:|1729138980\n|move|p1b: Sneasler|Protect|p1b: Sneasler\n|-singleturn|p1b: Sneasler|Protect\n|move|p1a: Electabuzz|Electroweb|p2b: London Bridge|[spread] p2a,p2b\n|-resisted|p2b: London Bridge\n|-damage|p2a: GIRAFFE|10\/100\n|-damage|p2b: London Bridge|58\/100\n|-unboost|p2a: GIRAFFE|spe|1\n|-unboost|p2b: London Bridge|spe|1\n|move|p2b: London Bridge|Dragon Pulse|p1b: Sneasler\n|-activate|p1b: Sneasler|move: Protect\n|move|p2a: GIRAFFE|Hyper Voice|p1a: Electabuzz|[spread] p1a\n|-activate|p1b: Sneasler|move: Protect\n|-damage|p1a: Electabuzz|9\/100\n|\n|-heal|p1a: Electabuzz|15\/100|[from] Grassy Terrain\n|-heal|p2b: London Bridge|64\/100|[from] Grassy Terrain\n|-heal|p2a: GIRAFFE|16\/100|[from] Grassy Terrain\n|-fieldend|move: Grassy Terrain\n|upkeep\n|turn|6\n|\n|t:|1729139005\n|move|p1b: Sneasler|Close Combat|p2b: London Bridge\n|-crit|p2b: London Bridge\n|-damage|p2b: London Bridge|0 fnt\n|-unboost|p1b: Sneasler|def|1\n|-unboost|p1b: Sneasler|spd|1\n|faint|p2b: London Bridge\n|move|p1a: Electabuzz|Electroweb|p2a: GIRAFFE\n|-damage|p2a: GIRAFFE|0 fnt\n|faint|p2a: GIRAFFE\n|\n|upkeep\n|-message|It'sJustKen VGC forfeited.\n|\n|win|magnusmagnum\n|raw|magnusmagnum's rating: 1645 &rarr; <strong>1672<\/strong><br \/>(+27 for winning)\n|raw|It&apos;sJustKen VGC's rating: 1775 &rarr; <strong>1748<\/strong><br \/>(-27 for losing)\n|l|\u2606It'sJustKen VGC\n|player|p2|\n|l|\u2606magnusmagnum\n|player|p1|\n","uploadtime":1729139160,"views":10,"formatid":"gen9vgc2024regh","rating":1672,"private":0,"password":null}