{"id":"gen9vgc2024regh-2224849880","format":"[Gen 9] VGC 2024 Reg H","players":["ray4gej","sawawa256"],"log":"|j|\u2606ray4gej\n|j|\u2606sawawa256\n|t:|1729164229\n|gametype|doubles\n|player|p1|ray4gej|265|1715\n|player|p2|sawawa256|hilbert|1768\n|teamsize|p1|6\n|teamsize|p2|6\n|gen|9\n|tier|[Gen 9] VGC 2024 Reg H\n|rated|\n|rule|Species Clause: Limit one of each Pok\u00e9mon\n|rule|Item Clause: Limit 1 of each item\n|clearpoke\n|poke|p1|Kleavor, L50, M|\n|poke|p1|Kingambit, L50, F|\n|poke|p1|Rillaboom, L50, M|\n|poke|p1|Salazzle, L50, F|\n|poke|p1|Garchomp, L50, F|\n|poke|p1|Sableye, L50, M|\n|poke|p2|Rillaboom, L50, M|\n|poke|p2|Gholdengo, L50|\n|poke|p2|Maushold-Four, L50|\n|poke|p2|Dragonite, L50, M|\n|poke|p2|Garchomp, L50, M|\n|poke|p2|Blaziken, L50, F|\n|teampreview|4\n|j| hjgfd\n|inactive|Battle timer is ON: inactive players will automatically lose when time's up. (requested by sawawa256)\n|inactive|sawawa256 has 60 seconds left.\n|\n|t:|1729164304\n|start\n|switch|p1a: Kingambit|Kingambit, L50, F, shiny|100\/100\n|switch|p1b: Salazzle|Salazzle, L50, F|100\/100\n|switch|p2a: Dragonite|Dragonite, L50, M|100\/100\n|switch|p2b: Rillaboom|Rillaboom, L50, M|100\/100\n|-fieldstart|move: Grassy Terrain|[from] ability: Grassy Surge|[of] p2b: Rillaboom\n|turn|1\n|\n|t:|1729164327\n|switch|p1b: Rillaboom|Rillaboom, L50, M|100\/100\n|-terastallize|p1a: Kingambit|Fairy\n|move|p2b: Rillaboom|Fake Out|p1a: Kingambit\n|-damage|p1a: Kingambit|89\/100\n|move|p2a: Dragonite|Low Kick|p1a: Kingambit\n|-resisted|p1a: Kingambit\n|-damage|p1a: Kingambit|76\/100\n|cant|p1a: Kingambit|flinch\n|\n|-heal|p1a: Kingambit|82\/100|[from] Grassy Terrain\n|upkeep\n|turn|2\n|\n|t:|1729164345\n|move|p1b: Rillaboom|Fake Out|p2b: Rillaboom\n|-damage|p2b: Rillaboom|87\/100\n|move|p2a: Dragonite|Tailwind|p2a: Dragonite\n|-sidestart|p2: sawawa256|move: Tailwind\n|cant|p2b: Rillaboom|flinch\n|move|p1a: Kingambit|Kowtow Cleave|p2b: Rillaboom\n|-damage|p2b: Rillaboom|25\/100\n|\n|-heal|p2b: Rillaboom|31\/100|[from] Grassy Terrain\n|-heal|p1a: Kingambit|88\/100|[from] Grassy Terrain\n|upkeep\n|turn|3\n|\n|t:|1729164367\n|move|p1a: Kingambit|Protect|p1a: Kingambit\n|-singleturn|p1a: Kingambit|Protect\n|move|p2a: Dragonite|Extreme Speed|p1a: Kingambit\n|-activate|p1a: Kingambit|move: Protect\n|move|p2b: Rillaboom|Grassy Glide|p1a: Kingambit\n|-activate|p1a: Kingambit|move: Protect\n|move|p1b: Rillaboom|U-turn|p2b: Rillaboom\n|-supereffective|p2b: Rillaboom\n|-damage|p2b: Rillaboom|0 fnt\n|faint|p2b: Rillaboom\n|\n|t:|1729164377\n|switch|p1b: Salazzle|Salazzle, L50, F|100\/100|[from] U-turn\n|\n|-heal|p1a: Kingambit|94\/100|[from] Grassy Terrain\n|upkeep\n|\n|t:|1729164382\n|switch|p2b: Gholdengo|Gholdengo, L50|100\/100\n|turn|4\n|\n|t:|1729164389\n|-terastallize|p2b: Gholdengo|Fairy\n|move|p1b: Salazzle|Fake Out|p2b: Gholdengo\n|-damage|p2b: Gholdengo|93\/100\n|move|p2a: Dragonite|Extreme Speed|p1b: Salazzle\n|-damage|p1b: Salazzle|51\/100\n|cant|p2b: Gholdengo|flinch\n|move|p1a: Kingambit|Kowtow Cleave|p2b: Gholdengo\n|-resisted|p2b: Gholdengo\n|-damage|p2b: Gholdengo|59\/100\n|\n|-heal|p2b: Gholdengo|65\/100|[from] Grassy Terrain\n|-heal|p1b: Salazzle|56\/100|[from] Grassy Terrain\n|-heal|p1a: Kingambit|99\/100|[from] Grassy Terrain\n|upkeep\n|turn|5\n|inactive|ray4gej has 30 seconds left.\n|\n|t:|1729164416\n|move|p1a: Kingambit|Protect|p1a: Kingambit\n|-singleturn|p1a: Kingambit|Protect\n|move|p2a: Dragonite|Extreme Speed|p1b: Salazzle\n|-damage|p1b: Salazzle|7\/100\n|move|p2b: Gholdengo|Make It Rain|p1b: Salazzle|[spread] p1b\n|-activate|p1a: Kingambit|move: Protect\n|-resisted|p1b: Salazzle\n|-damage|p1b: Salazzle|0 fnt\n|-unboost|p2b: Gholdengo|spa|1\n|faint|p1b: Salazzle\n|\n|-heal|p2b: Gholdengo|71\/100|[from] Grassy Terrain\n|-heal|p1a: Kingambit|100\/100|[from] Grassy Terrain\n|-sideend|p2: sawawa256|move: Tailwind\n|-fieldend|move: Grassy Terrain\n|upkeep\n|\n|t:|1729164427\n|switch|p1b: Rillaboom|Rillaboom, L50, M|100\/100\n|-fieldstart|move: Grassy Terrain|[from] ability: Grassy Surge|[of] p1b: Rillaboom\n|turn|6\n|\n|t:|1729164442\n|switch|p2b: Blaziken|Blaziken, L50, F|100\/100\n|move|p1b: Rillaboom|Fake Out|p2b: Blaziken\n|-damage|p2b: Blaziken|80\/100\n|move|p2a: Dragonite|Tailwind|p2a: Dragonite\n|-sidestart|p2: sawawa256|move: Tailwind\n|move|p1a: Kingambit|Swords Dance|p1a: Kingambit\n|-boost|p1a: Kingambit|atk|2\n|\n|-heal|p2b: Blaziken|86\/100|[from] Grassy Terrain\n|upkeep\n|turn|7\n|inactive|sawawa256 has 30 seconds left.\n|\n|t:|1729164468\n|move|p1b: Rillaboom|Grassy Glide|p2a: Dragonite\n|-resisted|p2a: Dragonite\n|-damage|p2a: Dragonite|95\/100\n|move|p1a: Kingambit|Sucker Punch||[still]\n|-fail|p1a: Kingambit\n|move|p2a: Dragonite|Haze|p2a: Dragonite\n|-clearallboost\n|move|p2b: Blaziken|Flare Blitz|p1b: Rillaboom\n|-supereffective|p1b: Rillaboom\n|-damage|p1b: Rillaboom|0 fnt\n|faint|p1b: Rillaboom\n|-damage|p2b: Blaziken|45\/100|[from] Recoil\n|-damage|p2b: Blaziken|35\/100|[from] item: Life Orb\n|\n|-heal|p2b: Blaziken|41\/100|[from] Grassy Terrain\n|-ability|p2b: Blaziken|Speed Boost|boost\n|-boost|p2b: Blaziken|spe|1\n|upkeep\n|\n|t:|1729164476\n|switch|p1b: Garchomp|Garchomp, L50, F|100\/100\n|turn|8\n|inactive|sawawa256 has 30 seconds left.\n|\n|t:|1729164507\n|move|p1b: Garchomp|Protect|p1b: Garchomp\n|-singleturn|p1b: Garchomp|Protect\n|move|p2a: Dragonite|Extreme Speed|p1b: Garchomp\n|-activate|p1b: Garchomp|move: Protect\n|move|p2b: Blaziken|Close Combat|p1b: Garchomp\n|-activate|p1b: Garchomp|move: Protect\n|move|p1a: Kingambit|Kowtow Cleave|p2a: Dragonite\n|-damage|p2a: Dragonite|33\/100\n|\n|-heal|p2b: Blaziken|47\/100|[from] Grassy Terrain\n|-ability|p2b: Blaziken|Speed Boost|boost\n|-boost|p2b: Blaziken|spe|1\n|upkeep\n|turn|9\n|inactive|ray4gej has 30 seconds left.\n|\n|t:|1729164533\n|move|p2a: Dragonite|Extreme Speed|p1b: Garchomp\n|-damage|p1b: Garchomp|72\/100\n|-damage|p2a: Dragonite|21\/100|[from] ability: Rough Skin|[of] p1b: Garchomp\n|move|p1a: Kingambit|Sucker Punch||[still]\n|-fail|p1a: Kingambit\n|move|p2b: Blaziken|Close Combat|p1b: Garchomp\n|-damage|p1b: Garchomp|0 fnt\n|-unboost|p2b: Blaziken|def|1\n|-unboost|p2b: Blaziken|spd|1\n|-damage|p2b: Blaziken|35\/100|[from] ability: Rough Skin|[of] p1b: Garchomp\n|faint|p1b: Garchomp\n|-damage|p2b: Blaziken|25\/100|[from] item: Life Orb\n|\n|-heal|p2b: Blaziken|31\/100|[from] Grassy Terrain\n|-sideend|p2: sawawa256|move: Tailwind\n|-ability|p2b: Blaziken|Speed Boost|boost\n|-boost|p2b: Blaziken|spe|1\n|upkeep\n|turn|10\n|inactive|ray4gej has 30 seconds left.\n|-message|ray4gej forfeited.\n|\n|win|sawawa256\n|raw|ray4gej's rating: 1715 &rarr; <strong>1698<\/strong><br \/>(-17 for losing)\n|raw|sawawa256's rating: 1768 &rarr; <strong>1785<\/strong><br \/>(+17 for winning)\n|l|\u2606ray4gej\n|player|p1|\n|l| hjgfd\n","uploadtime":1729164829,"views":12,"formatid":"gen9vgc2024regh","rating":1698,"private":0,"password":null}