{"id":"gen9vgc2024regh-2224165736","format":"[Gen 9] VGC 2024 Reg H","players":["Hikawari","actuary97"],"log":"|j|\u2606Hikawari\n|j|\u2606actuary97\n|t:|1729085387\n|gametype|doubles\n|player|p1|Hikawari|102|1762\n|player|p2|actuary97|sabrina-frlg|1729\n|teamsize|p1|6\n|teamsize|p2|6\n|gen|9\n|tier|[Gen 9] VGC 2024 Reg H\n|rated|\n|rule|Species Clause: Limit one of each Pok\u00e9mon\n|rule|Item Clause: Limit 1 of each item\n|clearpoke\n|poke|p1|Sneasler, L50, F|\n|poke|p1|Murkrow, L50, M|\n|poke|p1|Gholdengo, L50|\n|poke|p1|Indeedee, L50, M|\n|poke|p1|Annihilape, L50, F|\n|poke|p1|Sinistcha, L50|\n|poke|p2|Whimsicott, L50, F|\n|poke|p2|Gallade, L50, M|\n|poke|p2|Ninetales-Alola, L50, F|\n|poke|p2|Malamar, L50, F|\n|poke|p2|Indeedee, L50, M|\n|poke|p2|Archaludon, L50, F|\n|teampreview|4\n|inactive|Battle timer is ON: inactive players will automatically lose when time's up. (requested by Hikawari)\nactuary97 has agreed to open team sheets.\n|inactive|actuary97 has 60 seconds left.\nHikawari has agreed to open team sheets.\n|inactive|actuary97 has 30 seconds left.\n|inactive|actuary97 has 20 seconds left.\n|inactive|actuary97 has 15 seconds left.\n|inactive|actuary97 has 10 seconds left.\n|\n|t:|1729085478\n|start\n|switch|p1a: Sneasler|Sneasler, L50, F, shiny|100\/100\n|switch|p1b: Gholdengo|Gholdengo, L50|100\/100\n|switch|p2a: Mischief Mother|Whimsicott, L50, F, shiny|100\/100\n|switch|p2b: Bridget|Archaludon, L50, F, shiny|100\/100\n|turn|1\n|\n|t:|1729085498\n|switch|p1b: Murkrow|Murkrow, L50, M|100\/100\n|move|p1a: Sneasler|Fake Out|p2b: Bridget\n|-resisted|p2b: Bridget\n|-damage|p2b: Bridget|94\/100\n|-ability|p2b: Bridget|Stamina|boost\n|-boost|p2b: Bridget|def|1\n|-damage|p1a: Sneasler|91\/100|[from] item: Life Orb\n|move|p2a: Mischief Mother|Tailwind|p2a: Mischief Mother\n|-sidestart|p2: actuary97|move: Tailwind\n|cant|p2b: Bridget|flinch\n|\n|upkeep\n|turn|2\n|\n|t:|1729085511\n|move|p2a: Mischief Mother|Encore|p1a: Sneasler\n|-start|p1a: Sneasler|Encore\n|move|p1b: Murkrow|Tailwind|p1b: Murkrow\n|-sidestart|p1: Hikawari|move: Tailwind\n|move|p1a: Sneasler|Fake Out||[still]\n|-hint|Fake Out only works on your first turn out.\n|-fail|p1a: Sneasler\n|move|p2b: Bridget|Body Press|p1b: Murkrow\n|-damage|p1b: Murkrow|65\/100\n|\n|upkeep\n|turn|3\n|j| thejruth3\n|\n|t:|1729085531\n|switch|p1a: Gholdengo|Gholdengo, L50|100\/100\n|switch|p1b: Indeedee|Indeedee, L50, M|100\/100\n|-fieldstart|move: Psychic Terrain|[from] ability: Psychic Surge|[of] p1b: Indeedee\n|move|p2a: Mischief Mother|Moonblast|p1b: Indeedee\n|-damage|p1b: Indeedee|49\/100\n|move|p2b: Bridget|Snarl|p1b: Indeedee|[spread] p1a,p1b\n|-supereffective|p1a: Gholdengo\n|-supereffective|p1b: Indeedee\n|-crit|p1b: Indeedee\n|-damage|p1a: Gholdengo|71\/100\n|-damage|p1b: Indeedee|0 fnt\n|-unboost|p1a: Gholdengo|spa|1\n|faint|p1b: Indeedee\n|\n|upkeep\n|\n|t:|1729085538\n|switch|p1b: Sneasler|Sneasler, L50, F, shiny|91\/100\n|turn|4\n|\n|t:|1729085557\n|-terastallize|p2b: Bridget|Grass\n|move|p1b: Sneasler|Close Combat|p2b: Bridget\n|-damage|p2b: Bridget|54\/100\n|-unboost|p1b: Sneasler|def|1\n|-unboost|p1b: Sneasler|spd|1\n|-ability|p2b: Bridget|Stamina|boost\n|-boost|p2b: Bridget|def|1\n|-status|p2b: Bridget|psn|[from] ability: Poison Touch|[of] p1b: Sneasler\n|-damage|p1b: Sneasler|81\/100|[from] item: Life Orb\n|move|p2a: Mischief Mother|Moonblast|p1b: Sneasler\n|-damage|p1b: Sneasler|9\/100\n|move|p1a: Gholdengo|Make It Rain|p2b: Bridget|[spread] p2a,p2b\n|-supereffective|p2a: Mischief Mother\n|-damage|p2a: Mischief Mother|0 fnt\n|-damage|p2b: Bridget|17\/100 psn\n|-unboost|p1a: Gholdengo|spa|1\n|-ability|p2b: Bridget|Stamina|boost\n|-boost|p2b: Bridget|def|1\n|faint|p2a: Mischief Mother\n|move|p2b: Bridget|Body Press|p1b: Sneasler\n|-resisted|p1b: Sneasler\n|-damage|p1b: Sneasler|0 fnt\n|faint|p1b: Sneasler\n|\n|-damage|p2b: Bridget|5\/100 psn|[from] psn\n|-sideend|p2: actuary97|move: Tailwind\n|upkeep\n|inactive|actuary97 has 30 seconds left.\n|\n|t:|1729085587\n|switch|p1b: Murkrow|Murkrow, L50, M|65\/100\n|switch|p2a: Tapu Deedee|Indeedee, L50, M, shiny|100\/100\n|turn|5\n|\n|t:|1729085599\n|-terastallize|p1a: Gholdengo|Steel\n|move|p1b: Murkrow|Haze|p1b: Murkrow\n|-clearallboost\n|move|p1a: Gholdengo|Make It Rain|p2b: Bridget|[spread] p2a,p2b\n|-damage|p2a: Tapu Deedee|0 fnt\n|-damage|p2b: Bridget|0 fnt\n|-unboost|p1a: Gholdengo|spa|1\n|faint|p2a: Tapu Deedee\n|faint|p2b: Bridget\n|\n|-sideend|p1: Hikawari|move: Tailwind\n|upkeep\n|\n|t:|1729085601\n|switch|p2b: Ninetales|Ninetales-Alola, L50, F, shiny|100\/100\n|-weather|Snow|[from] ability: Snow Warning|[of] p2b: Ninetales\n|turn|6\n|\n|t:|1729085606\n|move|p1b: Murkrow|Tailwind|p1b: Murkrow\n|-sidestart|p1: Hikawari|move: Tailwind\n|move|p1a: Gholdengo|Make It Rain|p2b: Ninetales\n|-supereffective|p2b: Ninetales\n|-damage|p2b: Ninetales|0 fnt\n|-unboost|p1a: Gholdengo|spa|1\n|faint|p2b: Ninetales\n|\n|win|Hikawari\n|raw|Hikawari's rating: 1762 &rarr; <strong>1780<\/strong><br \/>(+18 for winning)\n|raw|actuary97's rating: 1729 &rarr; <strong>1711<\/strong><br \/>(-18 for losing)\n|c|\u2606actuary97|gg\n|l|\u2606actuary97\n|player|p2|\n|l|\u2606Hikawari\n|player|p1|\n","uploadtime":1729085879,"views":22,"formatid":"gen9vgc2024regh","rating":1711,"private":0,"password":null}