{"id":"gen9vgc2024regh-2224094655","format":"[Gen 9] VGC 2024 Reg H","players":["roykeenkennedy","rough Pult"],"log":"|j|\u2606roykeenkennedy\n|j|\u2606rough Pult\n|t:|1729077126\n|gametype|doubles\n|player|p1|roykeenkennedy|alder|1663\n|player|p2|rough Pult|giovanni|1823\n|teamsize|p1|6\n|teamsize|p2|6\n|gen|9\n|tier|[Gen 9] VGC 2024 Reg H\n|rated|\n|rule|Species Clause: Limit one of each Pok\u00e9mon\n|rule|Item Clause: Limit 1 of each item\n|clearpoke\n|poke|p1|Salamence, L50, M|\n|poke|p1|Incineroar, L50, M|\n|poke|p1|Weezing, L50, F|\n|poke|p1|Dragapult, L50, F|\n|poke|p1|Ursaluna-Bloodmoon, L50, M|\n|poke|p1|Volcarona, L50, F|\n|poke|p2|Baxcalibur, L50, F|\n|poke|p2|Dondozo, L50, M|\n|poke|p2|Kingambit, L50, M|\n|poke|p2|Rillaboom, L50, M|\n|poke|p2|Sneasler, L50, F|\n|poke|p2|Volcarona, L50, M|\n|teampreview|4\n|\n|t:|1729077174\n|start\n|switch|p1a: Salamence|Salamence, L50, M|100\/100\n|switch|p1b: Ursaluna|Ursaluna-Bloodmoon, L50, M|100\/100\n|switch|p2a: Volcarona|Volcarona, L50, M|100\/100\n|switch|p2b: Baxcalibur|Baxcalibur, L50, F|100\/100\n|turn|1\n|\n|t:|1729077201\n|-terastallize|p1a: Salamence|Steel\n|move|p2a: Volcarona|Rage Powder|p2a: Volcarona\n|-singleturn|p2a: Volcarona|move: Rage Powder\n|move|p1a: Salamence|Rock Slide|p2a: Volcarona|[spread] p2a\n|-miss|p1a: Salamence|p2b: Baxcalibur\n|-supereffective|p2a: Volcarona\n|-damage|p2a: Volcarona|5\/100\n|move|p2b: Baxcalibur|Scale Shot|p1a: Salamence\n|-resisted|p1a: Salamence\n|-damage|p1a: Salamence|91\/100\n|-resisted|p1a: Salamence\n|-damage|p1a: Salamence|82\/100\n|-resisted|p1a: Salamence\n|-damage|p1a: Salamence|72\/100\n|-resisted|p1a: Salamence\n|-damage|p1a: Salamence|62\/100\n|-hitcount|p1a: Salamence|4\n|-unboost|p2b: Baxcalibur|def|1\n|-boost|p2b: Baxcalibur|spe|1\n|move|p1b: Ursaluna|Hyper Voice|p2a: Volcarona|[spread] p2a,p2b\n|-damage|p2a: Volcarona|0 fnt\n|-damage|p2b: Baxcalibur|61\/100\n|faint|p2a: Volcarona\n|\n|upkeep\n|\n|t:|1729077230\n|switch|p2a: Sneasler|Sneasler, L50, F|100\/100\n|turn|2\n|\n|t:|1729077241\n|-terastallize|p2b: Baxcalibur|Ghost\n|move|p1a: Salamence|Rock Slide|p2a: Sneasler|[spread] p2a,p2b\n|-resisted|p2a: Sneasler\n|-damage|p2a: Sneasler|83\/100\n|-damage|p2b: Baxcalibur|31\/100\n|cant|p2b: Baxcalibur|flinch\n|move|p2a: Sneasler|Close Combat|p1a: Salamence\n|-supereffective|p1a: Salamence\n|-damage|p1a: Salamence|0 fnt\n|-unboost|p2a: Sneasler|def|1\n|-unboost|p2a: Sneasler|spd|1\n|faint|p1a: Salamence\n|move|p1b: Ursaluna|Blood Moon|p2a: Sneasler\n|-damage|p2a: Sneasler|0 fnt\n|faint|p2a: Sneasler\n|\n|upkeep\n|\n|t:|1729077263\n|switch|p2a: Rillaboom|Rillaboom, L50, M|100\/100\n|switch|p1a: Weezing|Weezing, L50, F|100\/100\n|-ability|p1a: Weezing|Neutralizing Gas\n|turn|3\n|\n|t:|1729077279\n|switch|p1b: Volcarona|Volcarona, L50, F|100\/100\n|move|p2b: Baxcalibur|Icicle Spear|p1a: Weezing\n|-damage|p1a: Weezing|87\/100\n|-damage|p1a: Weezing|73\/100\n|-damage|p1a: Weezing|61\/100\n|-damage|p1a: Weezing|48\/100\n|-damage|p1a: Weezing|33\/100\n|-hitcount|p1a: Weezing|5\n|move|p2a: Rillaboom|Wood Hammer|p1b: Volcarona\n|-resisted|p1b: Volcarona\n|-damage|p1b: Volcarona|82\/100\n|-damage|p2a: Rillaboom|95\/100|[from] Recoil\n|move|p1a: Weezing|Will-O-Wisp|p2b: Baxcalibur\n|-status|p2b: Baxcalibur|brn\n|\n|-heal|p1a: Weezing|40\/100|[from] item: Leftovers\n|-damage|p2b: Baxcalibur|24\/100 brn|[from] brn\n|upkeep\n|turn|4\n|\n|t:|1729077306\n|move|p1a: Weezing|Protect|p1a: Weezing\n|-singleturn|p1a: Weezing|Protect\n|move|p2b: Baxcalibur|Scale Shot|p1b: Volcarona\n|-crit|p1b: Volcarona\n|-damage|p1b: Volcarona|66\/100\n|-damage|p1b: Volcarona|57\/100\n|-damage|p1b: Volcarona|47\/100\n|-damage|p1b: Volcarona|37\/100\n|-hitcount|p1b: Volcarona|4\n|-unboost|p2b: Baxcalibur|def|1\n|-boost|p2b: Baxcalibur|spe|1\n|move|p1b: Volcarona|Heat Wave|p2b: Baxcalibur|[spread] p2a,p2b\n|-supereffective|p2a: Rillaboom\n|-damage|p2a: Rillaboom|50\/100\n|-damage|p2b: Baxcalibur|0 fnt\n|faint|p2b: Baxcalibur\n|move|p2a: Rillaboom|High Horsepower|p1a: Weezing\n|-activate|p1a: Weezing|move: Protect\n|\n|-heal|p1a: Weezing|46\/100|[from] item: Leftovers\n|upkeep\n|turn|5\n|-message|rough Pult forfeited.\n|\n|win|roykeenkennedy\n|raw|roykeenkennedy's rating: 1663 &rarr; <strong>1692<\/strong><br \/>(+29 for winning)\n|raw|rough Pult's rating: 1823 &rarr; <strong>1794<\/strong><br \/>(-29 for losing)\n|l|\u2606rough Pult\n|player|p2|\n|l|\u2606roykeenkennedy\n|player|p1|\n","uploadtime":1729077579,"views":30,"formatid":"gen9vgc2024regh","rating":1692,"private":0,"password":null}