{"id":"gen9vgc2024regh-2224027416","format":"[Gen 9] VGC 2024 Reg H","players":["ren122333","cher1berry"],"log":"|j|\u2606ren122333\n|j|\u2606cher1berry\n|t:|1729066973\n|gametype|doubles\n|player|p1|ren122333|hilbert|1672\n|player|p2|cher1berry|nancy|1780\n|teamsize|p1|6\n|teamsize|p2|6\n|gen|9\n|tier|[Gen 9] VGC 2024 Reg H\n|rated|\n|rule|Species Clause: Limit one of each Pok\u00e9mon\n|rule|Item Clause: Limit 1 of each item\n|clearpoke\n|poke|p1|Whimsicott, L50, F|\n|poke|p1|Mamoswine, L50, M|\n|poke|p1|Lycanroc-Dusk, L50, M|\n|poke|p1|Typhlosion-Hisui, L50, M|\n|poke|p1|Farigiraf, L50, M|\n|poke|p1|Mienshao, L50, M|\n|poke|p2|Dondozo, L50, F|\n|poke|p2|Tatsugiri, L50, F|\n|poke|p2|Gholdengo, L50|\n|poke|p2|Talonflame, L50, F|\n|poke|p2|Dragonite, L50, F|\n|poke|p2|Pawmot, L50, F|\n|teampreview|4\n|inactive|Battle timer is ON: inactive players will automatically lose when time's up. (requested by ren122333)\n|\n|t:|1729067012\n|start\n|switch|p1a: Whimsicott|Whimsicott, L50, F|100\/100\n|switch|p1b: Lycanroc|Lycanroc-Dusk, L50, M|100\/100\n|switch|p2a: Talonflame|Talonflame, L50, F, shiny|100\/100\n|switch|p2b: Gholdengo|Gholdengo, L50|100\/100\n|turn|1\n|\n|t:|1729067030\n|-terastallize|p1b: Lycanroc|Dark\n|move|p2a: Talonflame|Tailwind|p2a: Talonflame\n|-sidestart|p2: cher1berry|move: Tailwind\n|move|p1a: Whimsicott|Tailwind|p1a: Whimsicott\n|-sidestart|p1: ren122333|move: Tailwind\n|move|p1b: Lycanroc|Throat Chop|p2b: Gholdengo\n|-supereffective|p2b: Gholdengo\n|-damage|p2b: Gholdengo|0 fnt\n|faint|p2b: Gholdengo\n|\n|upkeep\n|\n|t:|1729067044\n|switch|p2b: Dondozo|Dondozo, L50, F, shiny|100\/100\n|turn|2\n|\n|t:|1729067048\n|switch|p2a: Tatsugiri|Tatsugiri, L50, F|100\/100\n|-activate|p2a: Tatsugiri|ability: Commander|[of] p2b: Dondozo\n|-boost|p2b: Dondozo|atk|2\n|-boost|p2b: Dondozo|spa|2\n|-boost|p2b: Dondozo|spe|2\n|-boost|p2b: Dondozo|def|2\n|-boost|p2b: Dondozo|spd|2\n|move|p1a: Whimsicott|Moonblast|p2a: Tatsugiri|[miss]\n|-miss|p1a: Whimsicott|p2a: Tatsugiri\n|move|p1b: Lycanroc|Rock Slide|p2b: Dondozo|[spread] p2b\n|-miss|p1b: Lycanroc|p2a: Tatsugiri\n|-crit|p2b: Dondozo\n|-damage|p2b: Dondozo|71\/100\n|move|p2b: Dondozo|Earthquake|p1a: Whimsicott|[spread] p1a,p1b\n|-miss|p2b: Dondozo|p2a: Tatsugiri\n|-resisted|p1a: Whimsicott\n|-damage|p1a: Whimsicott|63\/100\n|-damage|p1b: Lycanroc|15\/100\n|\n|-heal|p2b: Dondozo|77\/100|[from] item: Leftovers\n|upkeep\n|turn|3\n|\n|t:|1729067061\n|move|p1a: Whimsicott|Moonblast|p2b: Dondozo\n|-damage|p2b: Dondozo|58\/100\n|move|p1b: Lycanroc|Rock Slide|p2a: Tatsugiri|[spread] p2b\n|-miss|p1b: Lycanroc|p2a: Tatsugiri\n|-damage|p2b: Dondozo|50\/100\n|move|p2b: Dondozo|Earthquake|p1b: Lycanroc|[spread] p1a,p1b\n|-miss|p2b: Dondozo|p2a: Tatsugiri\n|-resisted|p1a: Whimsicott\n|-damage|p1a: Whimsicott|27\/100\n|-damage|p1b: Lycanroc|0 fnt\n|faint|p1b: Lycanroc\n|\n|-heal|p2b: Dondozo|56\/100|[from] item: Leftovers\n|upkeep\n|\n|t:|1729067069\n|switch|p1b: Mamoswine|Mamoswine, L50, M|100\/100\n|turn|4\n|\n|t:|1729067074\n|move|p1a: Whimsicott|Moonblast|p2b: Dondozo\n|-damage|p2b: Dondozo|36\/100\n|-unboost|p2b: Dondozo|spa|1\n|move|p2b: Dondozo|Earthquake|p1a: Whimsicott|[spread] p1a,p1b\n|-miss|p2b: Dondozo|p2a: Tatsugiri\n|-resisted|p1a: Whimsicott\n|-damage|p1a: Whimsicott|0 fnt\n|-damage|p1b: Mamoswine|49\/100\n|faint|p1a: Whimsicott\n|move|p1b: Mamoswine|Haze|p1b: Mamoswine\n|-clearallboost\n|\n|-heal|p2b: Dondozo|42\/100|[from] item: Leftovers\n|-sideend|p2: cher1berry|move: Tailwind\n|-sideend|p1: ren122333|move: Tailwind\n|upkeep\n|\n|t:|1729067079\n|switch|p1a: Typhlosion|Typhlosion-Hisui, L50, M|100\/100\n|-item|p2a: Tatsugiri|Choice Scarf|[from] ability: Frisk|[of] p1a: Typhlosion\n|-item|p2b: Dondozo|Leftovers|[from] ability: Frisk|[of] p1a: Typhlosion\n|turn|5\n|\n|t:|1729067091\n|move|p1a: Typhlosion|Shadow Ball|p2b: Dondozo\n|-damage|p2b: Dondozo|0 fnt\n|faint|p2b: Dondozo\n|move|p1b: Mamoswine|Icicle Crash|p2a: Tatsugiri\n|-damage|p2a: Tatsugiri|12\/100\n|\n|upkeep\n|\n|t:|1729067094\n|switch|p2b: Talonflame|Talonflame, L50, F, shiny|100\/100\n|turn|6\n|\n|t:|1729067108\n|move|p2b: Talonflame|Tailwind|p2b: Talonflame\n|-sidestart|p2: cher1berry|move: Tailwind\n|move|p2a: Tatsugiri|Muddy Water|p1a: Typhlosion|[spread] p1a\n|-miss|p2a: Tatsugiri|p1b: Mamoswine\n|-supereffective|p1a: Typhlosion\n|-damage|p1a: Typhlosion|7\/100\n|move|p1a: Typhlosion|Shadow Ball|p2b: Talonflame\n|-damage|p2b: Talonflame|4\/100\n|move|p1b: Mamoswine|Icicle Crash|p2a: Tatsugiri\n|-damage|p2a: Tatsugiri|0 fnt\n|faint|p2a: Tatsugiri\n|\n|upkeep\n|turn|7\n|c|\u2606cher1berry|Always\n|c|\u2606cher1berry|Gg\n|\n|t:|1729067127\n|move|p2b: Talonflame|Brave Bird|p1a: Typhlosion\n|-damage|p1a: Typhlosion|0 fnt\n|faint|p1a: Typhlosion\n|-damage|p2b: Talonflame|2\/100|[from] Recoil\n|move|p1b: Mamoswine|Tera Blast|p2b: Talonflame\n|-damage|p2b: Talonflame|0 fnt\n|faint|p2b: Talonflame\n|\n|win|ren122333\n|raw|ren122333's rating: 1672 &rarr; <strong>1698<\/strong><br \/>(+26 for winning)\n|raw|cher1berry's rating: 1780 &rarr; <strong>1754<\/strong><br \/>(-26 for losing)\n|c|\u2606cher1berry|Just dont miss\n|l|\u2606ren122333\n|player|p1|\n|l|\u2606cher1berry\n|player|p2|\n","uploadtime":1729067286,"views":19,"formatid":"gen9vgc2024regh","rating":1698,"private":0,"password":null}