{"id":"gen9vgc2024regh-2224778093","format":"[Gen 9] VGC 2024 Reg H","players":["Iamsliverfish","pmawarrior"],"log":"|j|\u2606Iamsliverfish\n|j|\u2606pmawarrior\n|t:|1729153317\n|gametype|doubles\n|player|p1|Iamsliverfish|hiker-gen4|1671\n|player|p2|pmawarrior|101|1726\n|teamsize|p1|6\n|teamsize|p2|6\n|gen|9\n|tier|[Gen 9] VGC 2024 Reg H\n|rated|\n|rule|Species Clause: Limit one of each Pok\u00e9mon\n|rule|Item Clause: Limit 1 of each item\n|clearpoke\n|poke|p1|Rillaboom, L50, M|\n|poke|p1|Incineroar, L50, F|\n|poke|p1|Kommo-o, L50, M|\n|poke|p1|Gholdengo, L50|\n|poke|p1|Farigiraf, L50, F|\n|poke|p1|Ursaluna-Bloodmoon, L50, M|\n|poke|p2|Smeargle, L50, M|\n|poke|p2|Muk-Alola, L50, F|\n|poke|p2|Flamigo, L50, M|\n|poke|p2|Drifblim, L50, F|\n|poke|p2|Indeedee, L50, M|\n|poke|p2|Weezing-Galar, L50, F|\n|teampreview|4\n|j| King of Clubs dks\n|j| alt+numpad1\n|\n|t:|1729153357\n|start\n|switch|p1a: Rillaboom|Rillaboom, L50, M|100\/100\n|switch|p1b: Gholdengo|Gholdengo, L50|100\/100\n|switch|p2a: Drifblim|Drifblim, L50, F|100\/100\n|switch|p2b: Indeedee|Indeedee, L50, M|100\/100\n|-fieldstart|move: Psychic Terrain|[from] ability: Psychic Surge|[of] p2b: Indeedee\n|-enditem|p2a: Drifblim|Psychic Seed\n|-boost|p2a: Drifblim|spd|1|[from] item: Psychic Seed\n|-fieldstart|move: Grassy Terrain|[from] ability: Grassy Surge|[of] p1a: Rillaboom\n|turn|1\n|\n|t:|1729153380\n|move|p2b: Indeedee|Protect|p2b: Indeedee\n|-singleturn|p2b: Indeedee|Protect\n|move|p1a: Rillaboom|Fake Out|p2b: Indeedee\n|-activate|p2b: Indeedee|move: Protect\n|move|p2a: Drifblim|Minimize|p2a: Drifblim\n|-boost|p2a: Drifblim|evasion|2\n|move|p1b: Gholdengo|Make It Rain|p2a: Drifblim|[spread] p2a\n|-activate|p2b: Indeedee|move: Protect\n|-damage|p2a: Drifblim|60\/100\n|-unboost|p1b: Gholdengo|spa|1\n|\n|upkeep\n|turn|2\n|\n|t:|1729153408\n|move|p2a: Drifblim|Minimize|p2a: Drifblim\n|-boost|p2a: Drifblim|evasion|2\n|move|p1b: Gholdengo|Make It Rain|p2a: Drifblim|[spread] p2b\n|-miss|p1b: Gholdengo|p2a: Drifblim\n|-damage|p2b: Indeedee|34\/100\n|-unboost|p1b: Gholdengo|spa|1\n|move|p2b: Indeedee|Psych Up|p2a: Drifblim\n|-copyboost|p2b: Indeedee|p2a: Drifblim|[from] move: Psych Up\n|move|p1a: Rillaboom|Taunt|p2a: Drifblim|[miss]\n|-miss|p1a: Rillaboom|p2a: Drifblim\n|\n|-heal|p2b: Indeedee|39\/100|[from] Grassy Terrain\n|upkeep\n|turn|3\n|\n|t:|1729153439\n|move|p2b: Indeedee|Protect|p2b: Indeedee\n|-singleturn|p2b: Indeedee|Protect\n|move|p2a: Drifblim|Minimize|p2a: Drifblim\n|-boost|p2a: Drifblim|evasion|2\n|move|p1b: Gholdengo|Make It Rain|p2a: Drifblim|[spread] \n|-activate|p2b: Indeedee|move: Protect\n|-miss|p1b: Gholdengo|p2a: Drifblim\n|move|p1a: Rillaboom|Taunt|p2a: Drifblim|[miss]\n|-miss|p1a: Rillaboom|p2a: Drifblim\n|\n|-heal|p2b: Indeedee|45\/100|[from] Grassy Terrain\n|upkeep\n|turn|4\n|\n|t:|1729153459\n|switch|p1b: Ursaluna|Ursaluna-Bloodmoon, L50, M|100\/100\n|switch|p2b: Flamigo|Flamigo, L50, M|100\/100\n|-copyboost|p2b: Flamigo|p2a: Drifblim|[from] ability: Costar\n|move|p2a: Drifblim|Baton Pass|p2a: Drifblim\n|\n|t:|1729153467\n|switch|p2a: Indeedee|Indeedee, L50, M|45\/100|[from] Baton Pass\n|-fieldstart|move: Psychic Terrain|[from] ability: Psychic Surge|[of] p2a: Indeedee\n|move|p1a: Rillaboom|Taunt|p2a: Indeedee\n|-start|p2a: Indeedee|move: Taunt\n|\n|upkeep\n|turn|5\n|\n|t:|1729153484\n|switch|p1a: Farigiraf|Farigiraf, L50, F|100\/100\n|switch|p1b: Gholdengo|Gholdengo, L50|100\/100\n|move|p2b: Flamigo|Throat Chop|p1a: Farigiraf\n|-supereffective|p1a: Farigiraf\n|-damage|p1a: Farigiraf|57\/100\n|-start|p1a: Farigiraf|Throat Chop|[silent]\n|move|p2a: Indeedee|Expanding Force|p1b: Gholdengo|[spread] p1a,p1b\n|-resisted|p1a: Farigiraf\n|-resisted|p1b: Gholdengo\n|-damage|p1a: Farigiraf|21\/100\n|-damage|p1b: Gholdengo|60\/100\n|-damage|p2a: Indeedee|36\/100|[from] item: Life Orb\n|\n|upkeep\n|turn|6\n|\n|t:|1729153526\n|switch|p1b: Rillaboom|Rillaboom, L50, M|100\/100\n|-fieldstart|move: Grassy Terrain|[from] ability: Grassy Surge|[of] p1b: Rillaboom\n|move|p2b: Flamigo|Throat Chop|p1b: Rillaboom\n|-damage|p1b: Rillaboom|77\/100\n|-start|p1b: Rillaboom|Throat Chop|[silent]\n|-damage|p2b: Flamigo|84\/100|[from] item: Rocky Helmet|[of] p1b: Rillaboom\n|move|p2a: Indeedee|Expanding Force|p1b: Rillaboom\n|-damage|p1b: Rillaboom|29\/100\n|-damage|p2a: Indeedee|26\/100|[from] item: Life Orb\n|move|p1a: Farigiraf|Trick Room|p1a: Farigiraf\n|-fieldstart|move: Trick Room|[of] p1a: Farigiraf\n|\n|-heal|p1a: Farigiraf|27\/100|[from] Grassy Terrain\n|-heal|p1b: Rillaboom|35\/100|[from] Grassy Terrain\n|-heal|p2a: Indeedee|32\/100|[from] Grassy Terrain\n|-end|p2a: Indeedee|move: Taunt\n|-end|p1a: Farigiraf|Throat Chop|[silent]\n|upkeep\n|turn|7\n|inactive|Battle timer is ON: inactive players will automatically lose when time's up. (requested by Iamsliverfish)\n|\n|t:|1729153550\n|-terastallize|p2b: Flamigo|Steel\n|move|p2a: Indeedee|Protect|p2a: Indeedee\n|-singleturn|p2a: Indeedee|Protect\n|move|p1a: Farigiraf|Expanding Force|p2b: Flamigo|[miss]\n|-miss|p1a: Farigiraf|p2b: Flamigo\n|move|p1b: Rillaboom|Wood Hammer|p2a: Indeedee\n|-activate|p2a: Indeedee|move: Protect\n|move|p2b: Flamigo|Acrobatics|p1b: Rillaboom\n|-supereffective|p1b: Rillaboom\n|-damage|p1b: Rillaboom|0 fnt\n|-damage|p2b: Flamigo|68\/100|[from] item: Rocky Helmet|[of] p1b: Rillaboom\n|faint|p1b: Rillaboom\n|\n|-heal|p1a: Farigiraf|34\/100|[from] Grassy Terrain\n|-heal|p2a: Indeedee|38\/100|[from] Grassy Terrain\n|-heal|p2b: Flamigo|73\/100|[from] Grassy Terrain\n|upkeep\n|\n|t:|1729153555\n|switch|p1b: Ursaluna|Ursaluna-Bloodmoon, L50, M|100\/100\n|turn|8\n|inactive|Iamsliverfish has 30 seconds left.\n|inactive|pmawarrior has 30 seconds left.\n|inactive|Iamsliverfish has 20 seconds left.\n|inactive|pmawarrior has 20 seconds left.\n|inactive|pmawarrior has 15 seconds left.\n|\n|t:|1729153595\n|switch|p2a: Drifblim|Drifblim, L50, F|60\/100\n|-terastallize|p1b: Ursaluna|Normal\n|move|p1a: Farigiraf|Helping Hand|p1b: Ursaluna\n|-singleturn|p1b: Ursaluna|Helping Hand|[of] p1a: Farigiraf\n|move|p2b: Flamigo|Detect|p2b: Flamigo\n|-singleturn|p2b: Flamigo|Protect\n|move|p1b: Ursaluna|Earth Power|p2b: Flamigo\n|-activate|p2b: Flamigo|move: Protect\n|\n|-heal|p1a: Farigiraf|40\/100|[from] Grassy Terrain\n|-heal|p2b: Flamigo|79\/100|[from] Grassy Terrain\n|upkeep\n|turn|9\n|inactive|pmawarrior has 30 seconds left.\n|\n|t:|1729153621\n|switch|p2b: Weezing|Weezing-Galar, L50, F|100\/100\n|move|p1a: Farigiraf|Helping Hand|p1b: Ursaluna\n|-singleturn|p1b: Ursaluna|Helping Hand|[of] p1a: Farigiraf\n|move|p1b: Ursaluna|Hyper Voice|p2a: Drifblim|[spread] p2a,p2b\n|-damage|p2a: Drifblim|0 fnt\n|-damage|p2b: Weezing|0 fnt\n|faint|p2a: Drifblim\n|faint|p2b: Weezing\n|\n|-heal|p1a: Farigiraf|46\/100|[from] Grassy Terrain\n|upkeep\n|\n|t:|1729153625\n|switch|p2a: Flamigo|Flamigo, L50, M, tera:Steel|79\/100\n|switch|p2b: Indeedee|Indeedee, L50, M|38\/100\n|-fieldstart|move: Psychic Terrain|[from] ability: Psychic Surge|[of] p2b: Indeedee\n|-copyboost|p2a: Flamigo|p2b: Indeedee|[from] ability: Costar\n|turn|10\n|\n|t:|1729153643\n|switch|p1a: Gholdengo|Gholdengo, L50|60\/100\n|move|p2b: Indeedee|Protect|p2b: Indeedee\n|-singleturn|p2b: Indeedee|Protect\n|move|p2a: Flamigo|Detect|p2a: Flamigo\n|-singleturn|p2a: Flamigo|Protect\n|move|p1b: Ursaluna|Hyper Voice|p2a: Flamigo|[spread] \n|-activate|p2a: Flamigo|move: Protect\n|-activate|p2b: Indeedee|move: Protect\n|\n|-fieldend|move: Trick Room\n|upkeep\n|turn|11\n|inactive|pmawarrior has 30 seconds left.\n|\n|t:|1729153669\n|move|p2b: Indeedee|Protect||[still]\n|-fail|p2b: Indeedee\n|move|p2a: Flamigo|Close Combat|p1b: Ursaluna\n|-supereffective|p1b: Ursaluna\n|-damage|p1b: Ursaluna|19\/100\n|-unboost|p2a: Flamigo|def|1\n|-unboost|p2a: Flamigo|spd|1\n|-enditem|p2a: Flamigo|White Herb\n|-clearnegativeboost|p2a: Flamigo|[silent]\n|move|p1a: Gholdengo|Make It Rain|p2a: Flamigo|[spread] p2a,p2b\n|-resisted|p2a: Flamigo\n|-damage|p2a: Flamigo|24\/100\n|-damage|p2b: Indeedee|0 fnt\n|-unboost|p1a: Gholdengo|spa|1\n|faint|p2b: Indeedee\n|move|p1b: Ursaluna|Earth Power|p2a: Flamigo\n|-supereffective|p2a: Flamigo\n|-damage|p2a: Flamigo|0 fnt\n|faint|p2a: Flamigo\n|\n|win|Iamsliverfish\n|raw|Iamsliverfish's rating: 1671 &rarr; <strong>1694<\/strong><br \/>(+23 for winning)\n|raw|pmawarrior's rating: 1726 &rarr; <strong>1703<\/strong><br \/>(-23 for losing)\n|l|\u2606pmawarrior\n|player|p2|\n|l|\u2606Iamsliverfish\n|player|p1|\n|l| King of Clubs dks\n|l| alt+numpad1\n","uploadtime":1729153839,"views":12,"formatid":"gen9vgc2024regh","rating":1694,"private":0,"password":null}