{"id":"gen9vgc2024regh-2224750488","format":"[Gen 9] VGC 2024 Reg H","players":["Peeeeeen\u6975clutch","Snorlax Double"],"log":"|j|\u2606Peeeeeen\u6975clutch\n|j|\u2606Snorlax Double\n|t:|1729148738\n|gametype|doubles\n|player|p1|Peeeeeen\u6975clutch|102|1704\n|player|p2|Snorlax Double|plasmagrunt|1734\n|teamsize|p1|6\n|teamsize|p2|6\n|gen|9\n|tier|[Gen 9] VGC 2024 Reg H\n|rated|\n|rule|Species Clause: Limit one of each Pok\u00e9mon\n|rule|Item Clause: Limit 1 of each item\n|clearpoke\n|poke|p1|Dragonite, L50, M|\n|poke|p1|Sneasler, L50, F|\n|poke|p1|Rillaboom, L50, M|\n|poke|p1|Kingambit, L50, M|\n|poke|p1|Ninetales-Alola, L50, M|\n|poke|p1|Garchomp, L50, F|\n|poke|p2|Annihilape, L50, F|\n|poke|p2|Tatsugiri, L50, F|\n|poke|p2|Sneasler, L50, F|\n|poke|p2|Dragonite, L50, F|\n|poke|p2|Dondozo, L50, M|\n|poke|p2|Indeedee, L50, M|\n|teampreview|4\n|inactive|Battle timer is ON: inactive players will automatically lose when time's up. (requested by Peeeeeen\u6975clutch)\n|inactive|Peeeeeen\u6975clutch has 60 seconds left.\n|\n|t:|1729148769\n|start\n|switch|p1a: Kingambit|Kingambit, L50, M|100\/100\n|switch|p1b: Garchomp|Garchomp, L50, F|100\/100\n|switch|p2a: Annihilape|Annihilape, L50, F|100\/100\n|switch|p2b: Dragonite|Dragonite, L50, F|100\/100\n|turn|1\n|inactive|Snorlax Double has 30 seconds left.\n|inactive|Snorlax Double has 20 seconds left.\n|inactive|Snorlax Double has 15 seconds left.\n|inactive|Snorlax Double has 10 seconds left.\n|inactive|Snorlax Double has 5 seconds left.\n|\n|t:|1729148821\n|move|p1b: Garchomp|Protect|p1b: Garchomp\n|-singleturn|p1b: Garchomp|Protect\n|move|p2b: Dragonite|Protect|p2b: Dragonite\n|-singleturn|p2b: Dragonite|Protect\n|move|p1a: Kingambit|Protect|p1a: Kingambit\n|-singleturn|p1a: Kingambit|Protect\n|move|p2a: Annihilape|Close Combat|p1a: Kingambit\n|-activate|p1a: Kingambit|move: Protect\n|\n|upkeep\n|turn|2\n|inactive|Peeeeeen\u6975clutch has 30 seconds left.\n|\n|t:|1729148851\n|-terastallize|p2b: Dragonite|Flying\n|-terastallize|p1a: Kingambit|Dark\n|move|p1a: Kingambit|Sucker Punch|p2a: Annihilape\n|-damage|p2a: Annihilape|51\/100\n|move|p2a: Annihilape|Close Combat|p1a: Kingambit\n|-supereffective|p1a: Kingambit\n|-crit|p1a: Kingambit\n|-damage|p1a: Kingambit|0 fnt\n|-unboost|p2a: Annihilape|def|1\n|-unboost|p2a: Annihilape|spd|1\n|faint|p1a: Kingambit\n|move|p1b: Garchomp|Dragon Claw|p2b: Dragonite\n|-damage|p2b: Dragonite|48\/100\n|-damage|p1b: Garchomp|91\/100|[from] item: Life Orb\n|move|p2b: Dragonite|Tera Blast|p1b: Garchomp|[anim] Tera Blast Flying\n|-damage|p1b: Garchomp|25\/100\n|\n|upkeep\n|inactive|Peeeeeen\u6975clutch has 30 seconds left.\n|\n|t:|1729148877\n|switch|p1a: Dragonite|Dragonite, L50, M|100\/100\n|turn|3\n|\n|t:|1729148886\n|move|p1b: Garchomp|Protect|p1b: Garchomp\n|-singleturn|p1b: Garchomp|Protect\n|move|p2a: Annihilape|Close Combat|p1b: Garchomp\n|-activate|p1b: Garchomp|move: Protect\n|move|p1a: Dragonite|Scale Shot|p2b: Dragonite\n|-crit|p2b: Dragonite\n|-damage|p2b: Dragonite|26\/100\n|-damage|p2b: Dragonite|13\/100\n|-damage|p2b: Dragonite|0 fnt\n|faint|p2b: Dragonite\n|-hitcount|p2: Dragonite|3\n|-unboost|p1a: Dragonite|def|1\n|-boost|p1a: Dragonite|spe|1\n|\n|upkeep\n|\n|t:|1729148901\n|switch|p2b: Dondozo|Dondozo, L50, M|100\/100\n|turn|4\n|\n|t:|1729148911\n|move|p1a: Dragonite|Protect|p1a: Dragonite\n|-singleturn|p1a: Dragonite|Protect\n|move|p2b: Dondozo|Protect|p2b: Dondozo\n|-singleturn|p2b: Dondozo|Protect\n|move|p2a: Annihilape|Close Combat|p1b: Garchomp\n|-damage|p1b: Garchomp|0 fnt\n|-unboost|p2a: Annihilape|def|1\n|-unboost|p2a: Annihilape|spd|1\n|-damage|p2a: Annihilape|39\/100|[from] ability: Rough Skin|[of] p1b: Garchomp\n|faint|p1b: Garchomp\n|\n|upkeep\n|\n|t:|1729148918\n|switch|p1b: Rillaboom|Rillaboom, L50, M|100\/100\n|-fieldstart|move: Grassy Terrain|[from] ability: Grassy Surge|[of] p1b: Rillaboom\n|turn|5\n|inactive|Snorlax Double has 30 seconds left.\n|inactive|Snorlax Double has 20 seconds left.\n|inactive|Snorlax Double has 15 seconds left.\n|\n|t:|1729148961\n|switch|p2a: Tatsugiri|Tatsugiri, L50, F|100\/100\n|-activate|p2a: Tatsugiri|ability: Commander|[of] p2b: Dondozo\n|-boost|p2b: Dondozo|atk|2\n|-boost|p2b: Dondozo|spa|2\n|-boost|p2b: Dondozo|spe|2\n|-boost|p2b: Dondozo|def|2\n|-boost|p2b: Dondozo|spd|2\n|move|p1b: Rillaboom|Fake Out|p2b: Dondozo\n|-damage|p2b: Dondozo|95\/100\n|move|p1a: Dragonite|Scale Shot|p2a: Tatsugiri|[miss]\n|-miss|p1a: Dragonite|p2a: Tatsugiri\n|cant|p2b: Dondozo|flinch\n|\n|-heal|p2b: Dondozo|100\/100|[from] Grassy Terrain\n|upkeep\n|turn|6\n|j| Rabbithorn05\n|\n|t:|1729148976\n|move|p1a: Dragonite|Haze|p1a: Dragonite\n|-clearallboost\n|move|p1b: Rillaboom|Wood Hammer|p2b: Dondozo\n|-supereffective|p2b: Dondozo\n|-damage|p2b: Dondozo|0 fnt\n|faint|p2b: Dondozo\n|-damage|p1b: Rillaboom|64\/100|[from] Recoil\n|\n|-heal|p1b: Rillaboom|70\/100|[from] Grassy Terrain\n|upkeep\n|\n|t:|1729148982\n|switch|p2b: Annihilape|Annihilape, L50, F|39\/100\n|turn|7\n|\n|t:|1729148995\n|move|p1b: Rillaboom|Grassy Glide|p2b: Annihilape\n|-damage|p2b: Annihilape|0 fnt\n|faint|p2b: Annihilape\n|move|p1a: Dragonite|Scale Shot|p2a: Tatsugiri\n|-supereffective|p2a: Tatsugiri\n|-damage|p2a: Tatsugiri|55\/100\n|-supereffective|p2a: Tatsugiri\n|-damage|p2a: Tatsugiri|9\/100\n|-supereffective|p2a: Tatsugiri\n|-damage|p2a: Tatsugiri|0 fnt\n|faint|p2a: Tatsugiri\n|-hitcount|p2: Tatsugiri|3\n|\n|win|Peeeeeen\u6975clutch\n|raw|Peeeeeen\u6975clutch's rating: 1704 &rarr; <strong>1726<\/strong><br \/>(+22 for winning)\n|raw|Snorlax Double's rating: 1734 &rarr; <strong>1712<\/strong><br \/>(-22 for losing)\n|l|\u2606Snorlax Double\n|player|p2|\n|l|\u2606Peeeeeen\u6975clutch\n|player|p1|\n","uploadtime":1729149034,"views":10,"formatid":"gen9vgc2024regh","rating":1712,"private":0,"password":null}