{"id":"gen9vgc2024regh-2224215918","format":"[Gen 9] VGC 2024 Reg H","players":["Brave12223","rainha678"],"log":"|j|\u2606Brave12223\n|j|\u2606rainha678\n|t:|1729089974\n|gametype|doubles\n|player|p1|Brave12223|ingo|1771\n|player|p2|rainha678|169|1715\n|teamsize|p1|6\n|teamsize|p2|6\n|gen|9\n|tier|[Gen 9] VGC 2024 Reg H\n|rated|\n|rule|Species Clause: Limit one of each Pok\u00e9mon\n|rule|Item Clause: Limit 1 of each item\n|clearpoke\n|poke|p1|Tyranitar, L50, M|\n|poke|p1|Garchomp, L50, F|\n|poke|p1|Talonflame, L50, F|\n|poke|p1|Kingambit, L50, F|\n|poke|p1|Gastrodon, L50, M|\n|poke|p1|Tsareena, L50, F|\n|poke|p2|Indeedee-F, L50, F|\n|poke|p2|Espathra, L50, F|\n|poke|p2|Sneasler, L50, M|\n|poke|p2|Ursaluna-Bloodmoon, L50, M|\n|poke|p2|Whimsicott, L50, M|\n|poke|p2|Hydreigon, L50, M|\n|teampreview|4\n|inactive|Battle timer is ON: inactive players will automatically lose when time's up. (requested by Brave12223)\n|j| uppercut vgc\n|inactive|rainha678 has 60 seconds left.\n|\n|t:|1729090014\n|start\n|switch|p1a: Talonflame|Talonflame, L50, F|100\/100\n|switch|p1b: Garchomp|Garchomp, L50, F|100\/100\n|switch|p2a: Whimsicott|Whimsicott, L50, M|100\/100\n|switch|p2b: Ursaluna|Ursaluna-Bloodmoon, L50, M|100\/100\n|turn|1\n|\n|t:|1729090039\n|-terastallize|p2b: Ursaluna|Normal\n|move|p2a: Whimsicott|Tailwind|p2a: Whimsicott\n|-sidestart|p2: rainha678|move: Tailwind\n|move|p2b: Ursaluna|Hyper Voice|p1b: Garchomp|[spread] p1a,p1b\n|-damage|p1a: Talonflame|6\/100\n|-damage|p1b: Garchomp|22\/100\n|-damage|p2b: Ursaluna|91\/100|[from] item: Life Orb\n|move|p1a: Talonflame|Taunt|p2a: Whimsicott\n|-start|p2a: Whimsicott|move: Taunt\n|move|p1b: Garchomp|Earthquake|p2b: Ursaluna|[spread] p2a,p2b\n|-immune|p1a: Talonflame\n|-resisted|p2a: Whimsicott\n|-damage|p2a: Whimsicott|70\/100\n|-damage|p2b: Ursaluna|36\/100\n|\n|upkeep\n|turn|2\n|\n|t:|1729090057\n|switch|p1b: Tyranitar|Tyranitar, L50, M|100\/100\n|-weather|Sandstorm|[from] ability: Sand Stream|[of] p1b: Tyranitar\n|move|p2a: Whimsicott|Dazzling Gleam|p1a: Talonflame|[spread] p1a,p1b\n|-resisted|p1a: Talonflame\n|-supereffective|p1b: Tyranitar\n|-damage|p1a: Talonflame|0 fnt\n|-damage|p1b: Tyranitar|78\/100\n|faint|p1a: Talonflame\n|move|p2b: Ursaluna|Hyper Voice|p1b: Tyranitar\n|-resisted|p1b: Tyranitar\n|-damage|p1b: Tyranitar|51\/100\n|-damage|p2b: Ursaluna|27\/100|[from] item: Life Orb\n|\n|-weather|Sandstorm|[upkeep]\n|-damage|p2a: Whimsicott|64\/100|[from] Sandstorm\n|-damage|p2b: Ursaluna|21\/100|[from] Sandstorm\n|upkeep\n|\n|t:|1729090067\n|switch|p1a: Tsareena|Tsareena, L50, F|100\/100\n|turn|3\n|inactive|rainha678 has 30 seconds left.\n|\n|t:|1729090093\n|move|p1b: Tyranitar|Protect|p1b: Tyranitar\n|-singleturn|p1b: Tyranitar|Protect\n|move|p2a: Whimsicott|Dazzling Gleam|p1b: Tyranitar|[spread] p1a\n|-activate|p1b: Tyranitar|move: Protect\n|-damage|p1a: Tsareena|85\/100\n|move|p2b: Ursaluna|Blood Moon|p1b: Tyranitar\n|-activate|p1b: Tyranitar|move: Protect\n|move|p1a: Tsareena|Power Whip|p2b: Ursaluna\n|-damage|p2b: Ursaluna|0 fnt\n|faint|p2b: Ursaluna\n|\n|-weather|Sandstorm|[upkeep]\n|-damage|p2a: Whimsicott|58\/100|[from] Sandstorm\n|-damage|p1a: Tsareena|79\/100|[from] Sandstorm\n|upkeep\n|\n|t:|1729090110\n|switch|p2b: Sneasler|Sneasler, L50, M, shiny|100\/100\n|turn|4\n|\n|t:|1729090118\n|-terastallize|p1b: Tyranitar|Flying\n|move|p2b: Sneasler|Dire Claw|p1a: Tsareena\n|-supereffective|p1a: Tsareena\n|-damage|p1a: Tsareena|0 fnt\n|faint|p1a: Tsareena\n|move|p2a: Whimsicott|Dazzling Gleam|p1b: Tyranitar\n|-damage|p1b: Tyranitar|30\/100\n|move|p1b: Tyranitar|Tera Blast|p2b: Sneasler|[anim] Tera Blast Flying\n|-supereffective|p2b: Sneasler\n|-damage|p2b: Sneasler|0 fnt\n|faint|p2b: Sneasler\n|\n|-weather|Sandstorm|[upkeep]\n|-damage|p2a: Whimsicott|52\/100|[from] Sandstorm\n|-damage|p1b: Tyranitar|24\/100|[from] Sandstorm\n|-end|p2a: Whimsicott|move: Taunt\n|-sideend|p2: rainha678|move: Tailwind\n|upkeep\n|\n|t:|1729090134\n|switch|p2b: Hydreigon|Hydreigon, L50, M|100\/100\n|switch|p1a: Garchomp|Garchomp, L50, F|22\/100\n|turn|5\n|inactive|rainha678 has 30 seconds left.\n|\n|t:|1729090160\n|move|p2a: Whimsicott|Tailwind|p2a: Whimsicott\n|-sidestart|p2: rainha678|move: Tailwind\n|move|p2b: Hydreigon|Snarl|p1a: Garchomp|[spread] p1b\n|-miss|p2b: Hydreigon|p1a: Garchomp\n|-damage|p1b: Tyranitar|0 fnt\n|faint|p1b: Tyranitar\n|move|p1a: Garchomp|Dragon Claw|p2b: Hydreigon\n|-supereffective|p2b: Hydreigon\n|-damage|p2b: Hydreigon|0 fnt\n|faint|p2b: Hydreigon\n|\n|-weather|Sandstorm|[upkeep]\n|-damage|p2a: Whimsicott|46\/100|[from] Sandstorm\n|upkeep\n|turn|6\n|\n|t:|1729090175\n|move|p2a: Whimsicott|Dazzling Gleam|p1a: Garchomp\n|-supereffective|p1a: Garchomp\n|-damage|p1a: Garchomp|0 fnt\n|faint|p1a: Garchomp\n|\n|win|rainha678\n|raw|Brave12223's rating: 1771 &rarr; <strong>1748<\/strong><br \/>(-23 for losing)\n|raw|rainha678's rating: 1715 &rarr; <strong>1738<\/strong><br \/>(+23 for winning)\n|l|\u2606rainha678\n|player|p2|\n|l|\u2606Brave12223\n|player|p1|\n|l| uppercut vgc\n","uploadtime":1729090315,"views":11,"formatid":"gen9vgc2024regh","rating":1738,"private":0,"password":null}