{"id":"gen9vgc2024regh-2224799396","format":"[Gen 9] VGC 2024 Reg H","players":["maggeprutten","Topperlecat"],"log":"|j|\u2606maggeprutten\n|j|\u2606Topperlecat\n|t:|1729156733\n|gametype|doubles\n|player|p1|maggeprutten|supernerd|1804\n|player|p2|Topperlecat|aquasuit|1722\n|teamsize|p1|6\n|teamsize|p2|6\n|gen|9\n|tier|[Gen 9] VGC 2024 Reg H\n|rated|\n|rule|Species Clause: Limit one of each Pok\u00e9mon\n|rule|Item Clause: Limit 1 of each item\n|clearpoke\n|poke|p1|Dondozo, L50, F|\n|poke|p1|Tatsugiri, L50, F|\n|poke|p1|Talonflame, L50, F|\n|poke|p1|Gholdengo, L50|\n|poke|p1|Glimmora, L50, F|\n|poke|p1|Dragonite, L50, F|\n|poke|p2|Dondozo, L50, F|\n|poke|p2|Tatsugiri, L50, M|\n|poke|p2|Weezing-Galar, L50, F|\n|poke|p2|Corviknight, L50, F|\n|poke|p2|Garchomp, L50, M|\n|poke|p2|Kingambit, L50, F|\n|teampreview|4\n|j| King of Clubs dks\n|\n|t:|1729156764\n|start\n|switch|p1a: Glimmora|Glimmora, L50, F|100\/100\n|switch|p1b: Talonflame|Talonflame, L50, F|100\/100\n|switch|p2a: large chomp|Garchomp, L50, M|100\/100\n|switch|p2b: galaxy gas|Weezing-Galar, L50, F|100\/100\n|-ability|p2b: galaxy gas|Neutralizing Gas\n|turn|1\n|inactive|Battle timer is ON: inactive players will automatically lose when time's up. (requested by maggeprutten)\n|\n|t:|1729156787\n|-terastallize|p1a: Glimmora|Grass\n|move|p1b: Talonflame|Tailwind|p1b: Talonflame\n|-sidestart|p1: maggeprutten|move: Tailwind\n|move|p1a: Glimmora|Mortal Spin|p2b: galaxy gas|[spread] p2a,p2b\n|-resisted|p2a: large chomp\n|-damage|p2a: large chomp|98\/100\n|-damage|p2b: galaxy gas|95\/100\n|-status|p2a: large chomp|psn\n|move|p2a: large chomp|Rock Slide|p1b: Talonflame|[spread] p1a,p1b\n|-supereffective|p1b: Talonflame\n|-damage|p1a: Glimmora|70\/100\n|-damage|p1b: Talonflame|0 fnt\n|faint|p1b: Talonflame\n|move|p2b: galaxy gas|Sludge Bomb|p1a: Glimmora\n|-supereffective|p1a: Glimmora\n|-damage|p1a: Glimmora|18\/100\n|\n|-damage|p2a: large chomp|86\/100 psn|[from] psn\n|upkeep\n|\n|t:|1729156802\n|switch|p1b: Dondozo|Dondozo, L50, F|100\/100\n|turn|2\n|\n|t:|1729156814\n|move|p1a: Glimmora|Earth Power|p2b: galaxy gas\n|-supereffective|p2b: galaxy gas\n|-damage|p2b: galaxy gas|0 fnt\n|faint|p2b: galaxy gas\n|-end|p2b: galaxy gas|ability: Neutralizing Gas\n|move|p1b: Dondozo|Wave Crash|p2a: large chomp\n|-damage|p2a: large chomp|26\/100 psn\n|-damage|p1b: Dondozo|88\/100|[from] ability: Rough Skin|[of] p2a: large chomp\n|-damage|p1b: Dondozo|72\/100|[from] Recoil\n|move|p2a: large chomp|Rock Slide|p1a: Glimmora|[spread] p1a,p1b\n|-damage|p1a: Glimmora|0 fnt\n|-damage|p1b: Dondozo|47\/100\n|-activate|p1a: Glimmora|ability: Toxic Debris\n|-sidestart|p2: Topperlecat|move: Toxic Spikes\n|faint|p1a: Glimmora\n|\n|-heal|p1b: Dondozo|54\/100|[from] item: Leftovers\n|-damage|p2a: large chomp|14\/100 psn|[from] psn\n|upkeep\n|\n|t:|1729156831\n|switch|p1a: Tatsugiri|Tatsugiri, L50, F|100\/100\n|switch|p2b: kingoobit|Kingambit, L50, F|100\/100\n|-activate|p1a: Tatsugiri|ability: Commander|[of] p1b: Dondozo\n|-boost|p1b: Dondozo|atk|2\n|-boost|p1b: Dondozo|spa|2\n|-boost|p1b: Dondozo|spe|2\n|-boost|p1b: Dondozo|def|2\n|-boost|p1b: Dondozo|spd|2\n|turn|3\n|\n|t:|1729156844\n|switch|p2a: bird!|Corviknight, L50, F|100\/100\n|-terastallize|p2b: kingoobit|Flying\n|move|p1b: Dondozo|Earthquake|p2b: kingoobit|[spread] \n|-miss|p1b: Dondozo|p1a: Tatsugiri\n|-immune|p2a: bird!\n|-immune|p2b: kingoobit\n|move|p2b: kingoobit|Kowtow Cleave|p1b: Dondozo\n|-damage|p1b: Dondozo|38\/100\n|\n|-heal|p1b: Dondozo|44\/100|[from] item: Leftovers\n|upkeep\n|turn|4\n|\n|t:|1729156858\n|move|p1b: Dondozo|Wave Crash|p2a: bird!\n|-damage|p2a: bird!|14\/100\n|-enditem|p2a: bird!|Sitrus Berry|[eat]\n|-heal|p2a: bird!|39\/100|[from] item: Sitrus Berry\n|-damage|p1b: Dondozo|18\/100|[from] Recoil\n|move|p2a: bird!|Tailwind|p2a: bird!\n|-sidestart|p2: Topperlecat|move: Tailwind\n|move|p2b: kingoobit|Kowtow Cleave|p1b: Dondozo\n|-damage|p1b: Dondozo|2\/100\n|\n|-heal|p1b: Dondozo|8\/100|[from] item: Leftovers\n|-sideend|p1: maggeprutten|move: Tailwind\n|upkeep\n|turn|5\n|\n|t:|1729156873\n|move|p1b: Dondozo|Protect|p1b: Dondozo\n|-singleturn|p1b: Dondozo|Protect\n|move|p2a: bird!|Brave Bird|p1b: Dondozo\n|-activate|p1b: Dondozo|move: Protect\n|move|p2b: kingoobit|Kowtow Cleave|p1b: Dondozo\n|-activate|p1b: Dondozo|move: Protect\n|\n|-heal|p1b: Dondozo|14\/100|[from] item: Leftovers\n|upkeep\n|turn|6\n|\n|t:|1729156886\n|move|p2a: bird!|Brave Bird|p1b: Dondozo\n|-damage|p1b: Dondozo|0 fnt\n|faint|p1b: Dondozo\n|-damage|p2a: bird!|34\/100|[from] Recoil\n|move|p2b: kingoobit|Kowtow Cleave|p1a: Tatsugiri\n|-damage|p1a: Tatsugiri|13\/100\n|\n|upkeep\n|turn|7\n|\n|t:|1729156895\n|move|p2b: kingoobit|Sucker Punch|p1a: Tatsugiri\n|-damage|p1a: Tatsugiri|0 fnt\n|faint|p1a: Tatsugiri\n|\n|win|Topperlecat\n|raw|maggeprutten's rating: 1804 &rarr; <strong>1779<\/strong><br \/>(-25 for losing)\n|raw|Topperlecat's rating: 1722 &rarr; <strong>1747<\/strong><br \/>(+25 for winning)\n|l|\u2606Topperlecat\n|player|p2|\n|l|\u2606maggeprutten\n|player|p1|\n","uploadtime":1729157039,"views":19,"formatid":"gen9vgc2024regh","rating":1747,"private":0,"password":null}