{"id":"gen9vgc2024regh-2224232277","format":"[Gen 9] VGC 2024 Reg H","players":["zero_the_enforcer","pokehys3"],"log":"|j|\u2606zero_the_enforcer\n|j|\u2606pokehys3\n|t:|1729091394\n|gametype|doubles\n|player|p1|zero_the_enforcer|170|1759\n|player|p2|pokehys3|169|1683\n|teamsize|p1|6\n|teamsize|p2|6\n|gen|9\n|tier|[Gen 9] VGC 2024 Reg H\n|rated|\n|rule|Species Clause: Limit one of each Pok\u00e9mon\n|rule|Item Clause: Limit 1 of each item\n|clearpoke\n|poke|p1|Dragonite, L50, M|\n|poke|p1|Garchomp, L50, M|\n|poke|p1|Ursaluna-Bloodmoon, L50, M|\n|poke|p1|Whimsicott, L50, M|\n|poke|p1|Rillaboom, L50, F|\n|poke|p1|Gholdengo, L50|\n|poke|p2|Sneasler, L50, M|\n|poke|p2|Indeedee, L50, M|\n|poke|p2|Dragapult, L50, F|\n|poke|p2|Murkrow, L50, F|\n|poke|p2|Archaludon, L50, M|\n|poke|p2|Annihilape, L50, M|\n|teampreview|4\n|inactive|Battle timer is ON: inactive players will automatically lose when time's up. (requested by pokehys3)\n|j| huchen\n|inactive|zero_the_enforcer has 60 seconds left.\n|\n|t:|1729091425\n|start\n|switch|p1a: Whimsicott|Whimsicott, L50, M|100\/100\n|switch|p1b: Gholdengo|Gholdengo, L50|100\/100\n|switch|p2a: Murkrow|Murkrow, L50, F|100\/100\n|switch|p2b: Annihilape|Annihilape, L50, M|100\/100\n|turn|1\n|\n|t:|1729091441\n|move|p2a: Murkrow|Tailwind|p2a: Murkrow\n|-sidestart|p2: pokehys3|move: Tailwind\n|move|p2b: Annihilape|U-turn|p1a: Whimsicott\n|-damage|p1a: Whimsicott|70\/100\n|\n|t:|1729091446\n|switch|p2b: Archaludon|Archaludon, L50, M, shiny|100\/100|[from] U-turn\n|move|p1a: Whimsicott|Moonblast|p2a: Murkrow\n|-supereffective|p2a: Murkrow\n|-damage|p2a: Murkrow|10\/100\n|-unboost|p2a: Murkrow|spa|1\n|move|p1b: Gholdengo|Trick|p2b: Archaludon\n|-activate|p1b: Gholdengo|move: Trick|[of] p2b: Archaludon\n|-item|p2b: Archaludon|Choice Specs|[from] move: Trick\n|-item|p1b: Gholdengo|Power Herb|[from] move: Trick\n|\n|upkeep\n|turn|2\n|inactive|pokehys3 has 30 seconds left.\n|inactive|pokehys3 has 20 seconds left.\n|inactive|pokehys3 has 15 seconds left.\n|\n|t:|1729091487\n|move|p2a: Murkrow|Rain Dance|p2a: Murkrow\n|-weather|RainDance\n|move|p1a: Whimsicott|Tailwind|p1a: Whimsicott\n|-sidestart|p1: zero_the_enforcer|move: Tailwind\n|move|p1b: Gholdengo|Shadow Ball|p2b: Archaludon\n|-damage|p2b: Archaludon|38\/100\n|-unboost|p2b: Archaludon|spd|1\n|move|p2b: Archaludon|Electro Shot||[still]\n|-prepare|p2b: Archaludon|Electro Shot\n|-boost|p2b: Archaludon|spa|1\n|-anim|p2b: Archaludon|Electro Shot|p1b: Gholdengo\n|-damage|p1b: Gholdengo|0 fnt\n|faint|p1b: Gholdengo\n|\n|-weather|RainDance|[upkeep]\n|upkeep\n|\n|t:|1729091503\n|switch|p1b: Ursaluna|Ursaluna-Bloodmoon, L50, M|100\/100\n|turn|3\n|inactive|pokehys3 has 30 seconds left.\n|inactive|pokehys3 has 20 seconds left.\n|\n|t:|1729091539\n|move|p1b: Ursaluna|Vacuum Wave|p2a: Murkrow\n|-damage|p2a: Murkrow|0 fnt\n|faint|p2a: Murkrow\n|move|p1a: Whimsicott|Moonblast|p2b: Archaludon\n|-damage|p2b: Archaludon|0 fnt\n|faint|p2b: Archaludon\n|\n|-weather|RainDance|[upkeep]\n|upkeep\n|\n|t:|1729091542\n|switch|p2b: Annihilape|Annihilape, L50, M|100\/100\n|switch|p2a: Dragapult|Dragapult, L50, F|100\/100\n|turn|4\n|\n|t:|1729091562\n|-terastallize|p2b: Annihilape|Fighting\n|-terastallize|p1a: Whimsicott|Ghost\n|move|p2b: Annihilape|Close Combat|p1b: Ursaluna\n|-supereffective|p1b: Ursaluna\n|-damage|p1b: Ursaluna|0 fnt\n|-unboost|p2b: Annihilape|def|1\n|-unboost|p2b: Annihilape|spd|1\n|faint|p1b: Ursaluna\n|move|p2a: Dragapult|Phantom Force||[still]\n|-prepare|p2a: Dragapult|Phantom Force\n|move|p1a: Whimsicott|Moonblast|p2a: Dragapult|[miss]\n|-miss|p1a: Whimsicott|p2a: Dragapult\n|\n|-weather|RainDance|[upkeep]\n|-sideend|p2: pokehys3|move: Tailwind\n|upkeep\n|\n|t:|1729091577\n|switch|p1b: Dragonite|Dragonite, L50, M|100\/100\n|turn|5\n|\n|t:|1729091594\n|move|p1a: Whimsicott|Moonblast|p2b: Annihilape\n|-supereffective|p2b: Annihilape\n|-damage|p2b: Annihilape|0 fnt\n|faint|p2b: Annihilape\n|move|p1b: Dragonite|Outrage|p2a: Dragapult|[miss]\n|-miss|p1b: Dragonite|p2a: Dragapult\n|move|p2a: Dragapult|Phantom Force|p1a: Whimsicott|[from]lockedmove\n|-supereffective|p1a: Whimsicott\n|-damage|p1a: Whimsicott|0 fnt\n|faint|p1a: Whimsicott\n|\n|-weather|RainDance|[upkeep]\n|-sideend|p1: zero_the_enforcer|move: Tailwind\n|upkeep\n|turn|6\n|\n|t:|1729091602\n|move|p2a: Dragapult|Phantom Force||[still]\n|-prepare|p2a: Dragapult|Phantom Force\n|move|p1b: Dragonite|Outrage|p2a: Dragapult|[miss]\n|-miss|p1b: Dragonite|p2a: Dragapult\n|\n|-weather|none\n|upkeep\n|turn|7\n|\n|t:|1729091606\n|move|p2a: Dragapult|Phantom Force|p1b: Dragonite|[from]lockedmove\n|-damage|p1b: Dragonite|65\/100\n|move|p1b: Dragonite|Outrage|p2a: Dragapult\n|-supereffective|p2a: Dragapult\n|-damage|p2a: Dragapult|0 fnt\n|faint|p2a: Dragapult\n|\n|win|zero_the_enforcer\n|raw|zero_the_enforcer's rating: 1759 &rarr; <strong>1775<\/strong><br \/>(+16 for winning)\n|raw|pokehys3's rating: 1683 &rarr; <strong>1667<\/strong><br \/>(-16 for losing)\n|l|\u2606pokehys3\n|player|p2|\n|l|\u2606zero_the_enforcer\n|player|p1|\n|l| huchen\n","uploadtime":1729091611,"views":17,"formatid":"gen9vgc2024regh","rating":1667,"private":0,"password":null}