{"id":"gen9vgc2024regh-2224512880","format":"[Gen 9] VGC 2024 Reg H","players":["Brave12223","BabaYama"],"log":"|j|\u2606Brave12223\n|j|\u2606BabaYama\n|t:|1729116529\n|gametype|doubles\n|player|p1|Brave12223|ingo|1700\n|player|p2|BabaYama|roxie|1709\n|teamsize|p1|6\n|teamsize|p2|6\n|gen|9\n|tier|[Gen 9] VGC 2024 Reg H\n|rated|\n|rule|Species Clause: Limit one of each Pok\u00e9mon\n|rule|Item Clause: Limit 1 of each item\n|clearpoke\n|poke|p1|Tyranitar, L50, F|\n|poke|p1|Gastrodon, L50, M|\n|poke|p1|Garchomp, L50, F|\n|poke|p1|Talonflame, L50, F|\n|poke|p1|Kingambit, L50, F|\n|poke|p1|Tsareena, L50, F|\n|poke|p2|Mamoswine, L50, F|\n|poke|p2|Salamence, L50, F|\n|poke|p2|Gholdengo, L50|\n|poke|p2|Decidueye-Hisui, L50, F|\n|poke|p2|Incineroar, L50, F|\n|poke|p2|Kilowattrel, L50, F|\n|teampreview|4\n|inactive|Battle timer is ON: inactive players will automatically lose when time's up. (requested by Brave12223)\n|\n|t:|1729116569\n|start\n|switch|p1a: Talonflame|Talonflame, L50, F|100\/100\n|switch|p1b: Tyranitar|Tyranitar, L50, F|100\/100\n|switch|p2a: Lieferando 2|Kilowattrel, L50, F|100\/100\n|switch|p2b: Dekidui|Decidueye-Hisui, L50, F|100\/100\n|-weather|Sandstorm|[from] ability: Sand Stream|[of] p1b: Tyranitar\n|turn|1\n|inactive|Brave12223 has 30 seconds left.\n|\n|t:|1729116603\n|move|p2b: Dekidui|Protect|p2b: Dekidui\n|-singleturn|p2b: Dekidui|Protect\n|move|p1a: Talonflame|Tailwind|p1a: Talonflame\n|-sidestart|p1: Brave12223|move: Tailwind\n|move|p1b: Tyranitar|Rock Slide|p2b: Dekidui|[spread] p2a\n|-activate|p2b: Dekidui|move: Protect\n|-supereffective|p2a: Lieferando 2\n|-enditem|p2a: Lieferando 2|Focus Sash\n|-damage|p2a: Lieferando 2|1\/100\n|cant|p2a: Lieferando 2|flinch\n|\n|-weather|Sandstorm|[upkeep]\n|-damage|p2a: Lieferando 2|0 fnt|[from] Sandstorm\n|-damage|p2b: Dekidui|94\/100|[from] Sandstorm\n|faint|p2a: Lieferando 2\n|upkeep\n|\n|t:|1729116615\n|switch|p2a: Memo genusst|Mamoswine, L50, F|100\/100\n|turn|2\n|inactive|Brave12223 has 30 seconds left.\n|inactive|Brave12223 has 20 seconds left.\n|inactive|Brave12223 has 15 seconds left.\n|inactive|Brave12223 has 10 seconds left.\n|inactive|Brave12223 has 5 seconds left.\n|\n|t:|1729116670\n|-terastallize|p2b: Dekidui|Fire\n|move|p1a: Talonflame|Tailwind||[still]\n|-fail|p1a: Talonflame\n|move|p1b: Tyranitar|Rock Slide|p2a: Memo genusst|[spread] p2a,p2b\n|-supereffective|p2b: Dekidui\n|-damage|p2a: Memo genusst|59\/100\n|-damage|p2b: Dekidui|15\/100\n|move|p2a: Memo genusst|Rock Blast|p1a: Talonflame\n|-supereffective|p1a: Talonflame\n|-damage|p1a: Talonflame|50\/100\n|-supereffective|p1a: Talonflame\n|-damage|p1a: Talonflame|7\/100\n|-supereffective|p1a: Talonflame\n|-damage|p1a: Talonflame|0 fnt\n|faint|p1a: Talonflame\n|-hitcount|p1: Talonflame|3\n|move|p2b: Dekidui|Triple Arrows|p1b: Tyranitar\n|-supereffective|p1b: Tyranitar\n|-crit|p1b: Tyranitar\n|-damage|p1b: Tyranitar|0 fnt\n|faint|p1b: Tyranitar\n|\n|-weather|Sandstorm|[upkeep]\n|-damage|p2b: Dekidui|9\/100|[from] Sandstorm\n|upkeep\n|\n|t:|1729116678\n|switch|p1a: Garchomp|Garchomp, L50, F|100\/100\n|switch|p1b: Tsareena|Tsareena, L50, F|100\/100\n|turn|3\n|j| Stempe\n|\n|t:|1729116701\n|switch|p2a: Xiaopi|Incineroar, L50, F|100\/100\n|-ability|p2a: Xiaopi|Intimidate|boost\n|-unboost|p1a: Garchomp|atk|1\n|-unboost|p1b: Tsareena|atk|1\n|move|p2b: Dekidui|Protect|p2b: Dekidui\n|-singleturn|p2b: Dekidui|Protect\n|move|p1a: Garchomp|Stomping Tantrum|p2a: Xiaopi\n|-supereffective|p2a: Xiaopi\n|-damage|p2a: Xiaopi|25\/100\n|move|p1b: Tsareena|Triple Axel|p2b: Dekidui\n|-activate|p2b: Dekidui|move: Protect\n|\n|-weather|Sandstorm|[upkeep]\n|-damage|p1b: Tsareena|94\/100|[from] Sandstorm\n|-damage|p2b: Dekidui|3\/100|[from] Sandstorm\n|upkeep\n|turn|4\n|\n|t:|1729116722\n|move|p2a: Xiaopi|Fake Out||[still]\n|cant|p1b: Tsareena|ability: Queenly Majesty|Fake Out|[of] p2a: Xiaopi\n|move|p1a: Garchomp|Stomping Tantrum|p2b: Dekidui\n|-supereffective|p2b: Dekidui\n|-damage|p2b: Dekidui|0 fnt\n|faint|p2b: Dekidui\n|move|p1b: Tsareena|High Jump Kick|p2a: Xiaopi\n|-supereffective|p2a: Xiaopi\n|-damage|p2a: Xiaopi|0 fnt\n|faint|p2a: Xiaopi\n|\n|-weather|Sandstorm|[upkeep]\n|-damage|p1b: Tsareena|88\/100|[from] Sandstorm\n|-sideend|p1: Brave12223|move: Tailwind\n|upkeep\n|\n|t:|1729116728\n|switch|p2b: Memo genusst|Mamoswine, L50, F|59\/100\n|turn|5\n|j| tomtpistola\n|\n|t:|1729116742\n|-terastallize|p1a: Garchomp|Ground\n|move|p1a: Garchomp|Stomping Tantrum|p2b: Memo genusst\n|-damage|p2b: Memo genusst|0 fnt\n|faint|p2b: Memo genusst\n|\n|win|Brave12223\n|raw|Brave12223's rating: 1700 &rarr; <strong>1721<\/strong><br \/>(+21 for winning)\n|raw|BabaYama's rating: 1709 &rarr; <strong>1688<\/strong><br \/>(-21 for losing)\n|l|\u2606BabaYama\n|player|p2|\n|l|\u2606Brave12223\n|player|p1|\n|l| tomtpistola\n|l| Stempe\n","uploadtime":1729116955,"views":12,"formatid":"gen9vgc2024regh","rating":1688,"private":0,"password":null}