{"id":"gen9vgc2024regh-2224634665","format":"[Gen 9] VGC 2024 Reg H","players":["superpowerpoke","Brave12223"],"log":"|j|\u2606superpowerpoke\n|j|\u2606Brave12223\n|t:|1729130864\n|gametype|doubles\n|player|p1|superpowerpoke|1|1744\n|player|p2|Brave12223|ingo|1719\n|teamsize|p1|6\n|teamsize|p2|6\n|gen|9\n|tier|[Gen 9] VGC 2024 Reg H\n|rated|\n|rule|Species Clause: Limit one of each Pok\u00e9mon\n|rule|Item Clause: Limit 1 of each item\n|clearpoke\n|poke|p1|Annihilape, L50, M|\n|poke|p1|Gholdengo, L50|\n|poke|p1|Incineroar, L50, M|\n|poke|p1|Dragonite, L50, F|\n|poke|p1|Dondozo, L50, M|\n|poke|p1|Ninetales-Alola, L50, M|\n|poke|p2|Tyranitar, L50, M|\n|poke|p2|Gastrodon, L50, M|\n|poke|p2|Garchomp, L50, F|\n|poke|p2|Talonflame, L50, F|\n|poke|p2|Kingambit, L50, F|\n|poke|p2|Tsareena, L50, F|\n|teampreview|4\n|j| ich1se\n|inactive|Battle timer is ON: inactive players will automatically lose when time's up. (requested by Brave12223)\n|inactive|superpowerpoke has 60 seconds left.\n|\n|t:|1729130912\n|start\n|switch|p1a: Dragonite|Dragonite, L50, F|100\/100\n|switch|p1b: Annihilape|Annihilape, L50, M|100\/100\n|switch|p2a: Talonflame|Talonflame, L50, F|100\/100\n|switch|p2b: Tyranitar|Tyranitar, L50, M|100\/100\n|-weather|Sandstorm|[from] ability: Sand Stream|[of] p2b: Tyranitar\n|turn|1\n|\n|t:|1729130926\n|-terastallize|p2b: Tyranitar|Flying\n|move|p2a: Talonflame|Tailwind|p2a: Talonflame\n|-sidestart|p2: Brave12223|move: Tailwind\n|move|p2b: Tyranitar|Tera Blast|p1b: Annihilape|[anim] Tera Blast Flying\n|-supereffective|p1b: Annihilape\n|-damage|p1b: Annihilape|11\/100\n|move|p1a: Dragonite|Scale Shot|p2a: Talonflame\n|-damage|p2a: Talonflame|82\/100\n|-damage|p2a: Talonflame|62\/100\n|-damage|p2a: Talonflame|44\/100\n|-damage|p2a: Talonflame|26\/100\n|-hitcount|p2a: Talonflame|4\n|-unboost|p1a: Dragonite|def|1\n|-boost|p1a: Dragonite|spe|1\n|move|p1b: Annihilape|Drain Punch|p2b: Tyranitar\n|-resisted|p2b: Tyranitar\n|-damage|p2b: Tyranitar|87\/100\n|-heal|p1b: Annihilape|17\/100|[from] drain|[of] p2b: Tyranitar\n|\n|-weather|Sandstorm|[upkeep]\n|-damage|p2b: Tyranitar|82\/100|[from] Sandstorm\n|-damage|p1a: Dragonite|95\/100|[from] Sandstorm\n|-damage|p1b: Annihilape|11\/100|[from] Sandstorm\n|-heal|p1b: Annihilape|17\/100|[from] item: Leftovers\n|upkeep\n|turn|2\n|inactive|superpowerpoke has 30 seconds left.\n|\n|t:|1729130961\n|switch|p1a: Dondozo|Dondozo, L50, M|100\/100\n|move|p1b: Annihilape|Protect|p1b: Annihilape\n|-singleturn|p1b: Annihilape|Protect\n|move|p2a: Talonflame|Will-O-Wisp|p1a: Dondozo|[miss]\n|-miss|p2a: Talonflame|p1a: Dondozo\n|move|p2b: Tyranitar|Rock Slide|p1a: Dondozo|[spread] p1a\n|-activate|p1b: Annihilape|move: Protect\n|-damage|p1a: Dondozo|82\/100\n|\n|-weather|Sandstorm|[upkeep]\n|-damage|p2b: Tyranitar|76\/100|[from] Sandstorm\n|-damage|p1b: Annihilape|11\/100|[from] Sandstorm\n|-damage|p1a: Dondozo|76\/100|[from] Sandstorm\n|-heal|p1b: Annihilape|17\/100|[from] item: Leftovers\n|upkeep\n|turn|3\n|\n|t:|1729130983\n|move|p2a: Talonflame|Taunt|p1a: Dondozo\n|-start|p1a: Dondozo|move: Taunt\n|move|p2b: Tyranitar|Knock Off|p1b: Annihilape\n|-damage|p1b: Annihilape|0 fnt\n|-enditem|p1b: Annihilape|Leftovers|[from] move: Knock Off|[of] p2b: Tyranitar\n|faint|p1b: Annihilape\n|move|p1a: Dondozo|Wave Crash|p2a: Talonflame\n|-supereffective|p2a: Talonflame\n|-damage|p2a: Talonflame|0 fnt\n|faint|p2a: Talonflame\n|-damage|p1a: Dondozo|70\/100|[from] Recoil\n|\n|-weather|Sandstorm|[upkeep]\n|-damage|p2b: Tyranitar|70\/100|[from] Sandstorm\n|-damage|p1a: Dondozo|64\/100|[from] Sandstorm\n|upkeep\n|inactive|superpowerpoke has 30 seconds left.\n|\n|t:|1729131011\n|switch|p2a: Tsareena|Tsareena, L50, F|100\/100\n|switch|p1b: Ninetales|Ninetales-Alola, L50, M|100\/100\n|-weather|Snow|[from] ability: Snow Warning|[of] p1b: Ninetales\n|turn|4\n|\n|t:|1729131024\n|switch|p1a: Dragonite|Dragonite, L50, F|95\/100\n|move|p1b: Ninetales|Protect|p1b: Ninetales\n|-singleturn|p1b: Ninetales|Protect\n|move|p2a: Tsareena|Power Whip|p1b: Ninetales\n|-activate|p1b: Ninetales|move: Protect\n|move|p2b: Tyranitar|Rock Slide|p1b: Ninetales|[spread] p1a\n|-activate|p1b: Ninetales|move: Protect\n|-supereffective|p1a: Dragonite\n|-damage|p1a: Dragonite|19\/100\n|\n|-weather|Snow|[upkeep]\n|-sideend|p2: Brave12223|move: Tailwind\n|upkeep\n|turn|5\n|inactive|Brave12223 has 30 seconds left.\n|\n|t:|1729131052\n|-terastallize|p1b: Ninetales|Ice\n|move|p2a: Tsareena|Protect|p2a: Tsareena\n|-singleturn|p2a: Tsareena|Protect\n|move|p1b: Ninetales|Blizzard|p2b: Tyranitar|[spread] p2b\n|-activate|p2a: Tsareena|move: Protect\n|-supereffective|p2b: Tyranitar\n|-damage|p2b: Tyranitar|0 fnt\n|faint|p2b: Tyranitar\n|-damage|p1b: Ninetales|91\/100|[from] item: Life Orb\n|move|p1a: Dragonite|Scale Shot|p2a: Tsareena\n|-activate|p2a: Tsareena|move: Protect\n|\n|-weather|Snow|[upkeep]\n|upkeep\n|\n|t:|1729131058\n|switch|p2b: Garchomp|Garchomp, L50, F|100\/100\n|turn|6\n|\n|t:|1729131067\n|move|p1b: Ninetales|Blizzard|p2a: Tsareena|[spread] p2a,p2b\n|-supereffective|p2a: Tsareena\n|-supereffective|p2b: Garchomp\n|-damage|p2a: Tsareena|0 fnt\n|-damage|p2b: Garchomp|0 fnt\n|faint|p2a: Tsareena\n|faint|p2b: Garchomp\n|-damage|p1b: Ninetales|82\/100|[from] item: Life Orb\n|\n|win|superpowerpoke\n|raw|superpowerpoke's rating: 1744 &rarr; <strong>1763<\/strong><br \/>(+19 for winning)\n|raw|Brave12223's rating: 1719 &rarr; <strong>1700<\/strong><br \/>(-19 for losing)\n|l|\u2606Brave12223\n|player|p2|\n|l| ich1se\n","uploadtime":1729131316,"views":14,"formatid":"gen9vgc2024regh","rating":1700,"private":0,"password":null}