{"id":"gen9vgc2024regh-2224814873","format":"[Gen 9] VGC 2024 Reg H","players":["MillerH33","Iamsliverfish"],"log":"|j|\u2606MillerH33\n|j|\u2606Iamsliverfish\n|t:|1729159191\n|gametype|doubles\n|player|p1|MillerH33|riley|1649\n|player|p2|Iamsliverfish|hiker-gen4|1734\n|teamsize|p1|6\n|teamsize|p2|6\n|gen|9\n|tier|[Gen 9] VGC 2024 Reg H\n|rated|\n|rule|Species Clause: Limit one of each Pok\u00e9mon\n|rule|Item Clause: Limit 1 of each item\n|clearpoke\n|poke|p1|Salamence, L50, F|\n|poke|p1|Garchomp, L50, M|\n|poke|p1|Amoonguss, L50, F|\n|poke|p1|Gholdengo, L50|\n|poke|p1|Kilowattrel, L50, M|\n|poke|p1|Tyranitar, L50, F|\n|poke|p2|Rillaboom, L50, M|\n|poke|p2|Incineroar, L50, M|\n|poke|p2|Kommo-o, L50, M|\n|poke|p2|Gholdengo, L50|\n|poke|p2|Farigiraf, L50, F|\n|poke|p2|Ursaluna-Bloodmoon, L50, M|\n|teampreview|4\n|\n|t:|1729159218\n|start\n|switch|p1a: Tyranitar|Tyranitar, L50, F|100\/100\n|switch|p1b: Kilowattrel|Kilowattrel, L50, M|100\/100\n|switch|p2a: Gholdengo|Gholdengo, L50|100\/100\n|switch|p2b: Kommo-o|Kommo-o, L50, M|100\/100\n|-weather|Sandstorm|[from] ability: Sand Stream|[of] p1a: Tyranitar\n|turn|1\n|\n|t:|1729159236\n|-terastallize|p2b: Kommo-o|Steel\n|-terastallize|p1a: Tyranitar|Flying\n|move|p1b: Kilowattrel|Tailwind|p1b: Kilowattrel\n|-sidestart|p1: MillerH33|move: Tailwind\n|move|p1a: Tyranitar|Knock Off|p2a: Gholdengo\n|-supereffective|p2a: Gholdengo\n|-crit|p2a: Gholdengo\n|-damage|p2a: Gholdengo|0 fnt\n|-enditem|p2a: Gholdengo|Choice Specs|[from] move: Knock Off|[of] p1a: Tyranitar\n|faint|p2a: Gholdengo\n|move|p2b: Kommo-o|Iron Defense|p2b: Kommo-o\n|-boost|p2b: Kommo-o|def|2\n|\n|-weather|Sandstorm|[upkeep]\n|-damage|p1b: Kilowattrel|94\/100|[from] Sandstorm\n|-damage|p1a: Tyranitar|95\/100|[from] Sandstorm\n|upkeep\n|\n|t:|1729159244\n|switch|p2a: Rillaboom|Rillaboom, L50, M|100\/100\n|-fieldstart|move: Grassy Terrain|[from] ability: Grassy Surge|[of] p2a: Rillaboom\n|turn|2\n|\n|t:|1729159260\n|move|p1b: Kilowattrel|Air Slash|p2a: Rillaboom\n|-supereffective|p2a: Rillaboom\n|-damage|p2a: Rillaboom|40\/100\n|move|p1a: Tyranitar|Tera Blast|p2a: Rillaboom|[anim] Tera Blast Flying\n|-supereffective|p2a: Rillaboom\n|-crit|p2a: Rillaboom\n|-damage|p2a: Rillaboom|0 fnt\n|faint|p2a: Rillaboom\n|move|p2b: Kommo-o|Body Press|p1b: Kilowattrel\n|-resisted|p1b: Kilowattrel\n|-damage|p1b: Kilowattrel|15\/100\n|\n|-weather|Sandstorm|[upkeep]\n|-damage|p1b: Kilowattrel|9\/100|[from] Sandstorm\n|-damage|p1a: Tyranitar|89\/100|[from] Sandstorm\n|upkeep\n|\n|t:|1729159269\n|switch|p2a: Incineroar|Incineroar, L50, M|100\/100\n|-ability|p2a: Incineroar|Intimidate|boost\n|-unboost|p1a: Tyranitar|atk|1\n|-unboost|p1b: Kilowattrel|atk|1\n|-ability|p1b: Kilowattrel|Competitive|boost\n|-boost|p1b: Kilowattrel|spa|2\n|turn|3\n|\n|t:|1729159279\n|switch|p1a: Gholdengo|Gholdengo, L50|100\/100\n|move|p1b: Kilowattrel|Protect|p1b: Kilowattrel\n|-singleturn|p1b: Kilowattrel|Protect\n|move|p2a: Incineroar|Fake Out|p1b: Kilowattrel\n|-activate|p1b: Kilowattrel|move: Protect\n|move|p2b: Kommo-o|Iron Defense|p2b: Kommo-o\n|-boost|p2b: Kommo-o|def|2\n|\n|-weather|Sandstorm|[upkeep]\n|-damage|p1b: Kilowattrel|3\/100|[from] Sandstorm\n|-damage|p2a: Incineroar|94\/100|[from] Sandstorm\n|-heal|p2a: Incineroar|100\/100|[from] Grassy Terrain\n|upkeep\n|turn|4\n|\n|t:|1729159302\n|switch|p1a: Garchomp|Garchomp, L50, M|100\/100\n|move|p1b: Kilowattrel|Thunderbolt|p2b: Kommo-o\n|-damage|p2b: Kommo-o|26\/100\n|move|p2b: Kommo-o|Iron Defense|p2b: Kommo-o\n|-boost|p2b: Kommo-o|def|2\n|move|p2a: Incineroar|Flare Blitz|p1a: Garchomp\n|-resisted|p1a: Garchomp\n|-damage|p1a: Garchomp|79\/100\n|-damage|p2a: Incineroar|88\/100|[from] ability: Rough Skin|[of] p1a: Garchomp\n|-damage|p2a: Incineroar|82\/100|[from] Recoil\n|\n|-weather|Sandstorm|[upkeep]\n|-damage|p1b: Kilowattrel|0 fnt|[from] Sandstorm\n|-damage|p2a: Incineroar|75\/100|[from] Sandstorm\n|faint|p1b: Kilowattrel\n|-heal|p1a: Garchomp|85\/100|[from] Grassy Terrain\n|-heal|p2b: Kommo-o|32\/100|[from] Grassy Terrain\n|-heal|p2b: Kommo-o|37\/100|[from] item: Leftovers\n|-heal|p2a: Incineroar|82\/100|[from] Grassy Terrain\n|-sideend|p1: MillerH33|move: Tailwind\n|upkeep\n|inactive|Battle timer is ON: inactive players will automatically lose when time's up. (requested by Iamsliverfish)\n|\n|t:|1729159343\n|switch|p1b: Tyranitar|Tyranitar, L50, F, tera:Flying|89\/100\n|turn|5\n|\n|t:|1729159360\n|move|p1a: Garchomp|Earthquake|p2a: Incineroar|[spread] p2a,p2b\n|-immune|p1b: Tyranitar\n|-supereffective|p2a: Incineroar\n|-supereffective|p2b: Kommo-o\n|-damage|p2a: Incineroar|34\/100\n|-damage|p2b: Kommo-o|28\/100\n|-damage|p1a: Garchomp|75\/100|[from] item: Life Orb\n|move|p2b: Kommo-o|Body Press|p1a: Garchomp\n|-damage|p1a: Garchomp|0 fnt\n|-damage|p2b: Kommo-o|16\/100|[from] ability: Rough Skin|[of] p1a: Garchomp\n|faint|p1a: Garchomp\n|move|p1b: Tyranitar|Knock Off|p2b: Kommo-o\n|-damage|p2b: Kommo-o|6\/100\n|-enditem|p2b: Kommo-o|Leftovers|[from] move: Knock Off|[of] p1b: Tyranitar\n|move|p2a: Incineroar|Parting Shot|p1b: Tyranitar\n|-unboost|p1b: Tyranitar|atk|1\n|-unboost|p1b: Tyranitar|spa|1\n|\n|-weather|none\n|-heal|p2b: Kommo-o|11\/100|[from] Grassy Terrain\n|-heal|p2a: Incineroar|40\/100|[from] Grassy Terrain\n|upkeep\n|\n|t:|1729159374\n|switch|p1a: Gholdengo|Gholdengo, L50|100\/100\n|turn|6\n|\n|t:|1729159380\n|move|p2b: Kommo-o|Protect|p2b: Kommo-o\n|-singleturn|p2b: Kommo-o|Protect\n|move|p1a: Gholdengo|Make It Rain|p2b: Kommo-o|[spread] p2a\n|-activate|p2b: Kommo-o|move: Protect\n|-resisted|p2a: Incineroar\n|-damage|p2a: Incineroar|22\/100\n|-unboost|p1a: Gholdengo|spa|1\n|-enditem|p2a: Incineroar|Aguav Berry|[eat]\n|-heal|p2a: Incineroar|55\/100|[from] item: Aguav Berry\n|move|p1b: Tyranitar|Rock Slide|p2a: Incineroar|[spread] \n|-activate|p2b: Kommo-o|move: Protect\n|-miss|p1b: Tyranitar|p2a: Incineroar\n|move|p2a: Incineroar|Flare Blitz|p1a: Gholdengo\n|-supereffective|p1a: Gholdengo\n|-damage|p1a: Gholdengo|13\/100\n|-status|p1a: Gholdengo|brn\n|-damage|p2a: Incineroar|27\/100|[from] Recoil\n|\n|-heal|p1a: Gholdengo|19\/100 brn|[from] Grassy Terrain\n|-heal|p1a: Gholdengo|25\/100 brn|[from] item: Leftovers\n|-heal|p2b: Kommo-o|17\/100|[from] Grassy Terrain\n|-heal|p2a: Incineroar|33\/100|[from] Grassy Terrain\n|-damage|p1a: Gholdengo|19\/100 brn|[from] brn\n|-fieldend|move: Grassy Terrain\n|upkeep\n|turn|7\n|j| drsithlord\n|inactive|MillerH33 has 30 seconds left.\n|\n|t:|1729159409\n|move|p1a: Gholdengo|Protect|p1a: Gholdengo\n|-singleturn|p1a: Gholdengo|Protect\n|move|p2b: Kommo-o|Body Press|p1b: Tyranitar\n|-resisted|p1b: Tyranitar\n|-damage|p1b: Tyranitar|12\/100\n|move|p1b: Tyranitar|Rock Slide|p2a: Incineroar|[spread] p2a\n|-miss|p1b: Tyranitar|p2b: Kommo-o\n|-supereffective|p2a: Incineroar\n|-damage|p2a: Incineroar|0 fnt\n|faint|p2a: Incineroar\n|\n|-heal|p1a: Gholdengo|25\/100 brn|[from] item: Leftovers\n|-damage|p1a: Gholdengo|19\/100 brn|[from] brn\n|upkeep\n|turn|8\n|\n|t:|1729159432\n|move|p1a: Gholdengo|Nasty Plot|p1a: Gholdengo\n|-boost|p1a: Gholdengo|spa|2\n|move|p2b: Kommo-o|Flash Cannon|p1a: Gholdengo\n|-resisted|p1a: Gholdengo\n|-damage|p1a: Gholdengo|5\/100 brn\n|move|p1b: Tyranitar|Brick Break|p2b: Kommo-o\n|-supereffective|p2b: Kommo-o\n|-damage|p2b: Kommo-o|10\/100\n|\n|-heal|p1a: Gholdengo|11\/100 brn|[from] item: Leftovers\n|-damage|p1a: Gholdengo|5\/100 brn|[from] brn\n|upkeep\n|turn|9\n|\n|t:|1729159448\n|move|p1a: Gholdengo|Make It Rain|p2b: Kommo-o\n|-resisted|p2b: Kommo-o\n|-damage|p2b: Kommo-o|0 fnt\n|-unboost|p1a: Gholdengo|spa|1\n|faint|p2b: Kommo-o\n|\n|win|MillerH33\n|raw|MillerH33's rating: 1649 &rarr; <strong>1674<\/strong><br \/>(+25 for winning)\n|raw|Iamsliverfish's rating: 1734 &rarr; <strong>1709<\/strong><br \/>(-25 for losing)\n|l|\u2606Iamsliverfish\n|player|p2|\n|l|\u2606MillerH33\n|player|p1|\n","uploadtime":1729159682,"views":9,"formatid":"gen9vgc2024regh","rating":1674,"private":0,"password":null}