{"id":"gen9vgc2024regh-2224185964","format":"[Gen 9] VGC 2024 Reg H","players":["Gen5 is epic","rough Pult"],"log":"|j|\u2606Gen5 is epic\n|j|\u2606rough Pult\n|t:|1729087327\n|gametype|doubles\n|player|p1|Gen5 is epic|n|1698\n|player|p2|rough Pult|giovanni|1812\n|teamsize|p1|6\n|teamsize|p2|6\n|gen|9\n|tier|[Gen 9] VGC 2024 Reg H\n|rated|\n|rule|Species Clause: Limit one of each Pok\u00e9mon\n|rule|Item Clause: Limit 1 of each item\n|clearpoke\n|poke|p1|Incineroar, L50, F|\n|poke|p1|Rillaboom, L50, F|\n|poke|p1|Farigiraf, L50, M|\n|poke|p1|Ursaluna-Bloodmoon, L50, M|\n|poke|p1|Annihilape, L50, F|\n|poke|p1|Ninetales-Alola, L50, F|\n|poke|p2|Baxcalibur, L50, F|\n|poke|p2|Dondozo, L50, M|\n|poke|p2|Kingambit, L50, M|\n|poke|p2|Rillaboom, L50, M|\n|poke|p2|Sneasler, L50, F|\n|poke|p2|Volcarona, L50, M|\n|teampreview|4\n|inactive|Battle timer is ON: inactive players will automatically lose when time's up. (requested by rough Pult)\n|\n|t:|1729087371\n|start\n|switch|p1a: Annihilape|Annihilape, L50, F|100\/100\n|switch|p1b: Farigiraf|Farigiraf, L50, M|100\/100\n|switch|p2a: Baxcalibur|Baxcalibur, L50, F|100\/100\n|switch|p2b: Sneasler|Sneasler, L50, F|100\/100\n|turn|1\n|\n|t:|1729087390\n|-terastallize|p2a: Baxcalibur|Ghost\n|move|p1b: Farigiraf|Protect|p1b: Farigiraf\n|-singleturn|p1b: Farigiraf|Protect\n|move|p1a: Annihilape|U-turn|p2b: Sneasler\n|-resisted|p2b: Sneasler\n|-damage|p2b: Sneasler|92\/100\n|\n|t:|1729087398\n|switch|p1a: Incineroar|Incineroar, L50, F, shiny|100\/100|[from] U-turn\n|-ability|p1a: Incineroar|Intimidate|boost\n|-unboost|p2a: Baxcalibur|atk|1\n|-unboost|p2b: Sneasler|atk|1\n|move|p2b: Sneasler|Dire Claw|p1b: Farigiraf\n|-activate|p1b: Farigiraf|move: Protect\n|move|p2a: Baxcalibur|Icicle Spear|p1b: Farigiraf\n|-activate|p1b: Farigiraf|move: Protect\n|\n|upkeep\n|turn|2\n|inactive|rough Pult has 30 seconds left.\n|\n|t:|1729087429\n|switch|p2b: Dondozo|Dondozo, L50, M|100\/100\n|switch|p2a: Kingambit|Kingambit, L50, M|100\/100\n|switch|p1b: Annihilape|Annihilape, L50, F|100\/100\n|move|p1a: Incineroar|Knock Off|p2a: Kingambit\n|-resisted|p2a: Kingambit\n|-damage|p2a: Kingambit|86\/100\n|-enditem|p2a: Kingambit|Safety Goggles|[from] move: Knock Off|[of] p1a: Incineroar\n|\n|upkeep\n|turn|3\n|inactive|Gen5 is epic has 30 seconds left.\n|inactive|rough Pult has 30 seconds left.\n|inactive|rough Pult has 20 seconds left.\n|\n|t:|1729087465\n|move|p1b: Annihilape|U-turn|p2a: Kingambit\n|-damage|p2a: Kingambit|69\/100\n|\n|t:|1729087469\n|switch|p1b: Rillaboom|Rillaboom, L50, F|100\/100|[from] U-turn\n|-fieldstart|move: Grassy Terrain|[from] ability: Grassy Surge|[of] p1b: Rillaboom\n|move|p2a: Kingambit|Kowtow Cleave|p1a: Incineroar\n|-resisted|p1a: Incineroar\n|-damage|p1a: Incineroar|79\/100\n|move|p1a: Incineroar|Knock Off|p2b: Dondozo\n|-damage|p2b: Dondozo|79\/100\n|-enditem|p2b: Dondozo|Leftovers|[from] move: Knock Off|[of] p1a: Incineroar\n|move|p2b: Dondozo|Liquidation|p1a: Incineroar\n|-supereffective|p1a: Incineroar\n|-damage|p1a: Incineroar|31\/100\n|-unboost|p1a: Incineroar|def|1\n|\n|-heal|p2a: Kingambit|75\/100|[from] Grassy Terrain\n|-heal|p1a: Incineroar|37\/100|[from] Grassy Terrain\n|-heal|p2b: Dondozo|85\/100|[from] Grassy Terrain\n|upkeep\n|turn|4\n|\n|t:|1729087492\n|switch|p1a: Annihilape|Annihilape, L50, F|100\/100\n|switch|p2b: Baxcalibur|Baxcalibur, L50, F, tera:Ghost|100\/100\n|move|p1b: Rillaboom|Fake Out|p2b: Baxcalibur\n|-immune|p2b: Baxcalibur\n|move|p2a: Kingambit|Kowtow Cleave|p1a: Annihilape\n|-damage|p1a: Annihilape|51\/100\n|\n|-heal|p1a: Annihilape|58\/100|[from] Grassy Terrain\n|-heal|p2a: Kingambit|81\/100|[from] Grassy Terrain\n|upkeep\n|turn|5\n|inactive|Gen5 is epic has 30 seconds left.\n|inactive|rough Pult has 30 seconds left.\n|\n|t:|1729087524\n|switch|p2a: Dondozo|Dondozo, L50, M|85\/100\n|move|p1a: Annihilape|Rage Fist|p2b: Baxcalibur\n|-supereffective|p2b: Baxcalibur\n|-damage|p2b: Baxcalibur|13\/100\n|move|p2b: Baxcalibur|Icicle Spear|p1b: Rillaboom\n|-supereffective|p1b: Rillaboom\n|-crit|p1b: Rillaboom\n|-damage|p1b: Rillaboom|53\/100\n|-supereffective|p1b: Rillaboom\n|-damage|p1b: Rillaboom|23\/100\n|-supereffective|p1b: Rillaboom\n|-damage|p1b: Rillaboom|0 fnt\n|faint|p1b: Rillaboom\n|-hitcount|p1: Rillaboom|3\n|\n|-heal|p1a: Annihilape|64\/100|[from] Grassy Terrain\n|-heal|p2b: Baxcalibur|19\/100|[from] Grassy Terrain\n|-heal|p2a: Dondozo|92\/100|[from] Grassy Terrain\n|upkeep\n|\n|t:|1729087531\n|switch|p1b: Incineroar|Incineroar, L50, F, shiny|37\/100\n|-ability|p1b: Incineroar|Intimidate|boost\n|-unboost|p2a: Dondozo|atk|1\n|-unboost|p2b: Baxcalibur|atk|1\n|turn|6\n|j| debauchery\n|\n|t:|1729087555\n|switch|p2a: Kingambit|Kingambit, L50, M|81\/100\n|move|p2b: Baxcalibur|Protect|p2b: Baxcalibur\n|-singleturn|p2b: Baxcalibur|Protect\n|move|p1a: Annihilape|Rage Fist|p2a: Kingambit\n|-resisted|p2a: Kingambit\n|-damage|p2a: Kingambit|62\/100\n|move|p1b: Incineroar|Flare Blitz|p2b: Baxcalibur\n|-activate|p2b: Baxcalibur|move: Protect\n|\n|-heal|p1a: Annihilape|70\/100|[from] Grassy Terrain\n|-heal|p2b: Baxcalibur|25\/100|[from] Grassy Terrain\n|-heal|p2a: Kingambit|68\/100|[from] Grassy Terrain\n|-heal|p1b: Incineroar|43\/100|[from] Grassy Terrain\n|upkeep\n|turn|7\n|j| pf86734\n|inactive|Gen5 is epic has 30 seconds left.\n|\n|t:|1729087581\n|switch|p2b: Dondozo|Dondozo, L50, M|92\/100\n|move|p1a: Annihilape|Rage Fist|p2b: Dondozo\n|-damage|p2b: Dondozo|62\/100\n|move|p2a: Kingambit|Kowtow Cleave|p1a: Annihilape\n|-damage|p1a: Annihilape|16\/100\n|move|p1b: Incineroar|Flare Blitz|p2a: Kingambit\n|-supereffective|p2a: Kingambit\n|-damage|p2a: Kingambit|0 fnt\n|faint|p2a: Kingambit\n|-damage|p1b: Incineroar|22\/100|[from] Recoil\n|\n|-heal|p1a: Annihilape|22\/100|[from] Grassy Terrain\n|-heal|p1b: Incineroar|28\/100|[from] Grassy Terrain\n|-heal|p2b: Dondozo|68\/100|[from] Grassy Terrain\n|-fieldend|move: Grassy Terrain\n|upkeep\n|inactive|rough Pult has 30 seconds left.\n|\n|t:|1729087616\n|switch|p2a: Sneasler|Sneasler, L50, F|92\/100\n|turn|8\n|j| RAWAXXX\n|inactive|Gen5 is epic has 30 seconds left.\n|\n|t:|1729087645\n|-terastallize|p1a: Annihilape|Grass\n|move|p1a: Annihilape|Rage Fist|p2a: Sneasler\n|-damage|p2a: Sneasler|0 fnt\n|faint|p2a: Sneasler\n|move|p1b: Incineroar|Parting Shot|p2b: Dondozo\n|-unboost|p2b: Dondozo|atk|1\n|-unboost|p2b: Dondozo|spa|1\n|\n|t:|1729087652\n|switch|p1b: Farigiraf|Farigiraf, L50, M|100\/100|[from] Parting Shot\n|move|p2b: Dondozo|Liquidation|p1a: Annihilape\n|-resisted|p1a: Annihilape\n|-damage|p1a: Annihilape|12\/100\n|\n|upkeep\n|l| RAWAXXX\n|\n|t:|1729087660\n|switch|p2a: Baxcalibur|Baxcalibur, L50, F, tera:Ghost|25\/100\n|turn|9\n|\n|t:|1729087681\n|switch|p1b: Incineroar|Incineroar, L50, F, shiny|28\/100\n|-ability|p1b: Incineroar|Intimidate|boost\n|-unboost|p2a: Baxcalibur|atk|1\n|-unboost|p2b: Dondozo|atk|1\n|move|p1a: Annihilape|Rage Fist|p2a: Baxcalibur\n|-supereffective|p2a: Baxcalibur\n|-damage|p2a: Baxcalibur|0 fnt\n|faint|p2a: Baxcalibur\n|move|p2b: Dondozo|Liquidation|p1a: Annihilape\n|-resisted|p1a: Annihilape\n|-damage|p1a: Annihilape|5\/100\n|\n|upkeep\n|turn|10\n|-message|rough Pult forfeited.\n|\n|win|Gen5 is epic\n|raw|Gen5 is epic's rating: 1698 &rarr; <strong>1724<\/strong><br \/>(+26 for winning)\n|raw|rough Pult's rating: 1812 &rarr; <strong>1786<\/strong><br \/>(-26 for losing)\n|l|\u2606rough Pult\n|player|p2|\n|l|\u2606Gen5 is epic\n|player|p1|\n|l| pf86734\n|l| debauchery\n","uploadtime":1729087958,"views":27,"formatid":"gen9vgc2024regh","rating":1724,"private":0,"password":null}