{"id":"gen9vgc2024regh-2224051226","format":"[Gen 9] VGC 2024 Reg H","players":["rainha678","SERENA2024"],"log":"|j|\u2606rainha678\n|j|\u2606SERENA2024\n|t:|1729070784\n|gametype|doubles\n|player|p1|rainha678|2|1723\n|player|p2|SERENA2024|1|1738\n|teamsize|p1|6\n|teamsize|p2|6\n|gen|9\n|tier|[Gen 9] VGC 2024 Reg H\n|rated|\n|rule|Species Clause: Limit one of each Pok\u00e9mon\n|rule|Item Clause: Limit 1 of each item\n|clearpoke\n|poke|p1|Indeedee-F, L50, F|\n|poke|p1|Espathra, L50, F|\n|poke|p1|Sneasler, L50, F|\n|poke|p1|Ursaluna-Bloodmoon, L50, M|\n|poke|p1|Whimsicott, L50, F|\n|poke|p1|Hydreigon, L50, F|\n|poke|p2|Whimsicott, L50, M|\n|poke|p2|Ursaluna-Bloodmoon, L50, M|\n|poke|p2|Archaludon, L50, M|\n|poke|p2|Flamigo, L50, F|\n|poke|p2|Typhlosion-Hisui, L50, M|\n|poke|p2|Rillaboom, L50, M|\n|teampreview|4\n|\n|t:|1729070842\n|start\n|switch|p1a: Espathra|Espathra, L50, F|100\/100\n|switch|p1b: Hydreigon|Hydreigon, L50, F|100\/100\n|switch|p2a: Rillaboom|Rillaboom, L50, M|100\/100\n|switch|p2b: Ursaluna|Ursaluna-Bloodmoon, L50, M|100\/100\n|-fieldstart|move: Grassy Terrain|[from] ability: Grassy Surge|[of] p2a: Rillaboom\n|turn|1\n|\n|t:|1729070878\n|switch|p1b: Indeedee|Indeedee-F, L50, F, shiny|100\/100\n|-fieldstart|move: Psychic Terrain|[from] ability: Psychic Surge|[of] p1b: Indeedee\n|switch|p2a: Whimsicott|Whimsicott, L50, M|100\/100\n|-terastallize|p1a: Espathra|Psychic\n|-terastallize|p2b: Ursaluna|Normal\n|move|p1a: Espathra|Expanding Force|p2b: Ursaluna|[spread] p2a,p2b\n|-damage|p2a: Whimsicott|6\/100\n|-damage|p2b: Ursaluna|23\/100\n|move|p2b: Ursaluna|Hyper Voice|p1b: Indeedee|[spread] p1a,p1b\n|-damage|p1a: Espathra|3\/100\n|-damage|p1b: Indeedee|37\/100\n|-damage|p2b: Ursaluna|13\/100|[from] item: Life Orb\n|\n|-ability|p1a: Espathra|Speed Boost|boost\n|-boost|p1a: Espathra|spe|1\n|upkeep\n|turn|2\n|\n|t:|1729070908\n|switch|p2a: Rillaboom|Rillaboom, L50, M|100\/100\n|-fieldstart|move: Grassy Terrain|[from] ability: Grassy Surge|[of] p2a: Rillaboom\n|switch|p1b: Sneasler|Sneasler, L50, F, shiny|100\/100\n|move|p2b: Ursaluna|Protect|p2b: Ursaluna\n|-singleturn|p2b: Ursaluna|Protect\n|move|p1a: Espathra|Expanding Force|p2b: Ursaluna\n|-activate|p2b: Ursaluna|move: Protect\n|\n|-heal|p1a: Espathra|9\/100|[from] Grassy Terrain\n|-heal|p2b: Ursaluna|19\/100|[from] Grassy Terrain\n|-ability|p1a: Espathra|Speed Boost|boost\n|-boost|p1a: Espathra|spe|1\n|upkeep\n|turn|3\n|inactive|Battle timer is ON: inactive players will automatically lose when time's up. (requested by SERENA2024)\n|inactive|SERENA2024 has 60 seconds left.\n|\n|t:|1729070940\n|switch|p1b: Indeedee|Indeedee-F, L50, F, shiny|37\/100\n|-fieldstart|move: Psychic Terrain|[from] ability: Psychic Surge|[of] p1b: Indeedee\n|switch|p2b: Whimsicott|Whimsicott, L50, M|6\/100\n|move|p1a: Espathra|Expanding Force|p2b: Whimsicott|[spread] p2a,p2b\n|-damage|p2a: Rillaboom|39\/100\n|-damage|p2b: Whimsicott|0 fnt\n|faint|p2b: Whimsicott\n|move|p2a: Rillaboom|Grassy Glide|p1a: Espathra\n|-damage|p1a: Espathra|0 fnt\n|faint|p1a: Espathra\n|\n|upkeep\n|\n|t:|1729070954\n|switch|p1a: Sneasler|Sneasler, L50, F, shiny|100\/100\n|switch|p2b: Archaludon|Archaludon, L50, M|100\/100\n|-enditem|p1a: Sneasler|Psychic Seed\n|-boost|p1a: Sneasler|spd|1|[from] item: Psychic Seed\n|turn|4\n|j| bluestraggler01\n|\n|t:|1729070965\n|move|p1b: Indeedee|Follow Me|p1b: Indeedee\n|-singleturn|p1b: Indeedee|move: Follow Me\n|move|p1a: Sneasler|Dire Claw|p2a: Rillaboom\n|-supereffective|p2a: Rillaboom\n|-damage|p2a: Rillaboom|0 fnt\n|faint|p2a: Rillaboom\n|move|p2b: Archaludon|Electro Shot||[still]\n|-prepare|p2b: Archaludon|Electro Shot\n|-boost|p2b: Archaludon|spa|1\n|-enditem|p2b: Archaludon|Power Herb\n|-anim|p2b: Archaludon|Electro Shot|p1b: Indeedee\n|-damage|p1b: Indeedee|0 fnt\n|faint|p1b: Indeedee\n|\n|upkeep\n|\n|t:|1729070978\n|switch|p2a: Ursaluna|Ursaluna-Bloodmoon, L50, M, tera:Normal|19\/100\n|switch|p1b: Hydreigon|Hydreigon, L50, F|100\/100\n|turn|5\n|\n|t:|1729071002\n|move|p2a: Ursaluna|Protect|p2a: Ursaluna\n|-singleturn|p2a: Ursaluna|Protect\n|move|p1a: Sneasler|Close Combat|p2b: Archaludon\n|-supereffective|p2b: Archaludon\n|-crit|p2b: Archaludon\n|-ability|p2b: Archaludon|Sturdy\n|-damage|p2b: Archaludon|1\/100\n|-unboost|p1a: Sneasler|def|1\n|-unboost|p1a: Sneasler|spd|1\n|move|p1b: Hydreigon|Snarl|p2b: Archaludon|[spread] \n|-activate|p2a: Ursaluna|move: Protect\n|-miss|p1b: Hydreigon|p2b: Archaludon\n|move|p2b: Archaludon|Draco Meteor|p1b: Hydreigon\n|-supereffective|p1b: Hydreigon\n|-damage|p1b: Hydreigon|0 fnt\n|-unboost|p2b: Archaludon|spa|2\n|faint|p1b: Hydreigon\n|\n|upkeep\n|turn|6\n|\n|t:|1729071025\n|move|p1a: Sneasler|Dire Claw|p2a: Ursaluna\n|-damage|p2a: Ursaluna|0 fnt\n|faint|p2a: Ursaluna\n|move|p2b: Archaludon|Draco Meteor|p1a: Sneasler|[miss]\n|-miss|p2b: Archaludon|p1a: Sneasler\n|\n|upkeep\n|turn|7\n|\n|t:|1729071035\n|move|p1a: Sneasler|Throat Chop|p2b: Archaludon\n|-damage|p2b: Archaludon|0 fnt\n|faint|p2b: Archaludon\n|\n|win|rainha678\n|raw|rainha678's rating: 1723 &rarr; <strong>1744<\/strong><br \/>(+21 for winning)\n|raw|SERENA2024's rating: 1738 &rarr; <strong>1717<\/strong><br \/>(-21 for losing)\n|l|\u2606rainha678\n|player|p1|\n","uploadtime":1729071181,"views":20,"formatid":"gen9vgc2024regh","rating":1717,"private":0,"password":null}