{"id":"gen9vgc2024regh-2224180706","format":"[Gen 9] VGC 2024 Reg H","players":["Waffles4breakfast","rough Pult"],"log":"|j|\u2606Waffles4breakfast\n|j|\u2606rough Pult\n|t:|1729086825\n|gametype|doubles\n|player|p1|Waffles4breakfast|juggler|1752\n|player|p2|rough Pult|giovanni|1860\n|teamsize|p1|6\n|teamsize|p2|6\n|gen|9\n|tier|[Gen 9] VGC 2024 Reg H\n|rated|\n|rule|Species Clause: Limit one of each Pok\u00e9mon\n|rule|Item Clause: Limit 1 of each item\n|clearpoke\n|poke|p1|Archaludon, L50, F|\n|poke|p1|Pelipper, L50, F|\n|poke|p1|Basculegion, L50, M|\n|poke|p1|Amoonguss, L50, M|\n|poke|p1|Gholdengo, L50|\n|poke|p1|Murkrow, L50, F|\n|poke|p2|Baxcalibur, L50, F|\n|poke|p2|Dondozo, L50, M|\n|poke|p2|Kingambit, L50, M|\n|poke|p2|Rillaboom, L50, M|\n|poke|p2|Sneasler, L50, F|\n|poke|p2|Volcarona, L50, M|\n|teampreview|4\n|\n|t:|1729086843\n|start\n|switch|p1a: Archaludon|Archaludon, L50, F|100\/100\n|switch|p1b: Pelipper|Pelipper, L50, F|100\/100\n|switch|p2a: Sneasler|Sneasler, L50, F|100\/100\n|switch|p2b: Kingambit|Kingambit, L50, M|100\/100\n|-weather|RainDance|[from] ability: Drizzle|[of] p1b: Pelipper\n|turn|1\n|j| RAWAXXX\n|l| RAWAXXX\n|\n|t:|1729086859\n|-terastallize|p1a: Archaludon|Fairy\n|move|p2a: Sneasler|Dire Claw|p1b: Pelipper\n|-damage|p1b: Pelipper|47\/100\n|move|p1b: Pelipper|Hurricane|p2a: Sneasler\n|-supereffective|p2a: Sneasler\n|-enditem|p2a: Sneasler|Focus Sash\n|-damage|p2a: Sneasler|1\/100\n|-start|p2a: Sneasler|confusion\n|move|p1a: Archaludon|Body Press|p2b: Kingambit\n|-supereffective|p2b: Kingambit\n|-damage|p2b: Kingambit|28\/100\n|move|p2b: Kingambit|Kowtow Cleave|p1b: Pelipper\n|-damage|p1b: Pelipper|0 fnt\n|faint|p1b: Pelipper\n|\n|-weather|RainDance|[upkeep]\n|upkeep\n|\n|t:|1729086867\n|switch|p1b: Amoonguss|Amoonguss, L50, M|100\/100\n|turn|2\n|j| RNG Mad\n|\n|t:|1729086896\n|move|p2b: Kingambit|Protect|p2b: Kingambit\n|-singleturn|p2b: Kingambit|Protect\n|move|p1b: Amoonguss|Rage Powder|p1b: Amoonguss\n|-singleturn|p1b: Amoonguss|move: Rage Powder\n|-activate|p2a: Sneasler|confusion\n|move|p2a: Sneasler|Dire Claw|p1b: Amoonguss\n|-damage|p1b: Amoonguss|66\/100\n|-status|p1b: Amoonguss|slp\n|-damage|p2a: Sneasler|0 fnt|[from] item: Rocky Helmet|[of] p1b: Amoonguss\n|faint|p2a: Sneasler\n|move|p1a: Archaludon|Electro Shot||[still]\n|-prepare|p1a: Archaludon|Electro Shot\n|-boost|p1a: Archaludon|spa|1\n|-anim|p1a: Archaludon|Electro Shot|p2b: Kingambit\n|-activate|p2b: Kingambit|move: Protect\n|\n|-weather|RainDance|[upkeep]\n|upkeep\n|\n|t:|1729086922\n|switch|p2a: Baxcalibur|Baxcalibur, L50, F|100\/100\n|turn|3\n|\n|t:|1729086964\n|move|p2a: Baxcalibur|Icicle Spear|p1b: Amoonguss\n|-supereffective|p1b: Amoonguss\n|-damage|p1b: Amoonguss|39\/100 slp\n|-supereffective|p1b: Amoonguss\n|-damage|p1b: Amoonguss|11\/100 slp\n|-supereffective|p1b: Amoonguss\n|-damage|p1b: Amoonguss|0 fnt\n|faint|p1b: Amoonguss\n|-hitcount|p1: Amoonguss|3\n|move|p1a: Archaludon|Body Press|p2b: Kingambit\n|-supereffective|p2b: Kingambit\n|-damage|p2b: Kingambit|0 fnt\n|faint|p2b: Kingambit\n|\n|-weather|RainDance|[upkeep]\n|upkeep\n|j| TrubbishTyler\n|\n|t:|1729086978\n|switch|p2b: Dondozo|Dondozo, L50, M|100\/100\n|switch|p1b: Basculegion|Basculegion, L50, M|100\/100\n|turn|4\n|\n|t:|1729087011\n|-terastallize|p2b: Dondozo|Bug\n|move|p1b: Basculegion|Last Respects|p2a: Baxcalibur\n|-damage|p2a: Baxcalibur|0 fnt\n|faint|p2a: Baxcalibur\n|move|p1a: Archaludon|Electro Shot||[still]\n|-prepare|p1a: Archaludon|Electro Shot\n|-boost|p1a: Archaludon|spa|1\n|-anim|p1a: Archaludon|Electro Shot|p2b: Dondozo\n|-damage|p2b: Dondozo|66\/100\n|move|p2b: Dondozo|Liquidation|p1b: Basculegion\n|-resisted|p1b: Basculegion\n|-damage|p1b: Basculegion|71\/100\n|\n|-weather|RainDance|[upkeep]\n|-heal|p2b: Dondozo|72\/100|[from] item: Leftovers\n|upkeep\n|turn|5\n|\n|t:|1729087031\n|move|p1b: Basculegion|Last Respects|p2b: Dondozo\n|-damage|p2b: Dondozo|8\/100\n|move|p1a: Archaludon|Electro Shot||[still]\n|-prepare|p1a: Archaludon|Electro Shot\n|-boost|p1a: Archaludon|spa|1\n|-anim|p1a: Archaludon|Electro Shot|p2b: Dondozo\n|-damage|p2b: Dondozo|0 fnt\n|faint|p2b: Dondozo\n|\n|win|Waffles4breakfast\n|raw|Waffles4breakfast's rating: 1774 &rarr; <strong>1799<\/strong><br \/>(+25 for winning)\n|raw|rough Pult's rating: 1860 &rarr; <strong>1835<\/strong><br \/>(-25 for losing)\n|l|\u2606Waffles4breakfast\n|player|p1|\n|l|\u2606rough Pult\n|player|p2|\n|l| RNG Mad\n|l| TrubbishTyler\n","uploadtime":1729087265,"views":93,"formatid":"gen9vgc2024regh","rating":1799,"private":0,"password":null}