{"id":"gen9vgc2024regh-2224614077","format":"[Gen 9] VGC 2024 Reg H","players":["Isloe","Brave12223"],"log":"|j|\u2606Isloe\n|j|\u2606Brave12223\n|t:|1729128459\n|gametype|doubles\n|player|p1|Isloe|dahlia|1768\n|player|p2|Brave12223|ingo|1738\n|teamsize|p1|6\n|teamsize|p2|6\n|gen|9\n|tier|[Gen 9] VGC 2024 Reg H\n|rated|\n|rule|Species Clause: Limit one of each Pok\u00e9mon\n|rule|Item Clause: Limit 1 of each item\n|clearpoke\n|poke|p1|Amoonguss, L50, F|\n|poke|p1|Incineroar, L50, M|\n|poke|p1|Gholdengo, L50|\n|poke|p1|Ursaluna, L50, F|\n|poke|p1|Sneasler, L50, M|\n|poke|p1|Porygon2, L50|\n|poke|p2|Tyranitar, L50, M|\n|poke|p2|Gastrodon, L50, M|\n|poke|p2|Garchomp, L50, F|\n|poke|p2|Talonflame, L50, F|\n|poke|p2|Kingambit, L50, M|\n|poke|p2|Tsareena, L50, F|\n|teampreview|4\n|inactive|Battle timer is ON: inactive players will automatically lose when time's up. (requested by Brave12223)\n|inactive|Isloe has 60 seconds left.\n|\n|t:|1729128523\n|start\n|switch|p1a: Sneasler|Sneasler, L50, M|100\/100\n|switch|p1b: Porygon2|Porygon2, L50|100\/100\n|switch|p2a: Talonflame|Talonflame, L50, F|100\/100\n|switch|p2b: Garchomp|Garchomp, L50, F|100\/100\n|-ability|p1b: Porygon2|Download|boost\n|-boost|p1b: Porygon2|spa|1\n|turn|1\n|inactive|Isloe has 30 seconds left.\n|inactive|Brave12223 has 30 seconds left.\n|inactive|Isloe has 20 seconds left.\n|\n|t:|1729128563\n|move|p1a: Sneasler|Protect|p1a: Sneasler\n|-singleturn|p1a: Sneasler|Protect\n|move|p2a: Talonflame|Taunt|p1b: Porygon2\n|-start|p1b: Porygon2|move: Taunt\n|move|p2b: Garchomp|Earthquake|p1b: Porygon2|[spread] p1b\n|-activate|p1a: Sneasler|move: Protect\n|-immune|p2a: Talonflame\n|-damage|p1b: Porygon2|61\/100\n|move|p1b: Porygon2|Tera Blast|p2a: Talonflame\n|-damage|p2a: Talonflame|41\/100\n|\n|upkeep\n|turn|2\n|\n|t:|1729128586\n|switch|p1b: Amoonguss|Amoonguss, L50, F|100\/100\n|move|p2a: Talonflame|Will-O-Wisp|p1a: Sneasler\n|-status|p1a: Sneasler|brn\n|move|p1a: Sneasler|Dire Claw|p2a: Talonflame\n|-damage|p2a: Talonflame|11\/100\n|-status|p2a: Talonflame|psn\n|move|p2b: Garchomp|Earthquake|p1a: Sneasler|[spread] p1a,p1b\n|-immune|p2a: Talonflame\n|-supereffective|p1a: Sneasler\n|-enditem|p1a: Sneasler|Focus Sash\n|-damage|p1a: Sneasler|1\/100 brn\n|-damage|p1b: Amoonguss|45\/100\n|-enditem|p1b: Amoonguss|Sitrus Berry|[eat]\n|-heal|p1b: Amoonguss|70\/100|[from] item: Sitrus Berry\n|\n|-damage|p2a: Talonflame|0 fnt|[from] psn\n|faint|p2a: Talonflame\n|-damage|p1a: Sneasler|0 fnt|[from] brn\n|faint|p1a: Sneasler\n|upkeep\n|\n|t:|1729128601\n|switch|p2a: Tyranitar|Tyranitar, L50, M|100\/100\n|switch|p1a: Porygon2|Porygon2, L50|61\/100\n|-weather|Sandstorm|[from] ability: Sand Stream|[of] p2a: Tyranitar\n|-ability|p1a: Porygon2|Download|boost\n|-boost|p1a: Porygon2|spa|1\n|turn|3\n|j| Fulimba\n|\n|t:|1729128623\n|-terastallize|p2a: Tyranitar|Flying\n|-terastallize|p1a: Porygon2|Fighting\n|move|p2b: Garchomp|Earthquake|p1b: Amoonguss|[spread] p1a,p1b\n|-immune|p2a: Tyranitar\n|-damage|p1a: Porygon2|26\/100\n|-damage|p1b: Amoonguss|20\/100\n|move|p2a: Tyranitar|Rock Slide|p1b: Amoonguss|[spread] p1a,p1b\n|-resisted|p1a: Porygon2\n|-damage|p1a: Porygon2|16\/100\n|-damage|p1b: Amoonguss|0 fnt\n|faint|p1b: Amoonguss\n|move|p1a: Porygon2|Trick Room|p1a: Porygon2\n|-fieldstart|move: Trick Room|[of] p1a: Porygon2\n|\n|-weather|Sandstorm|[upkeep]\n|-damage|p1a: Porygon2|9\/100|[from] Sandstorm\n|-damage|p2a: Tyranitar|95\/100|[from] Sandstorm\n|upkeep\n|\n|t:|1729128635\n|switch|p1b: Ursaluna|Ursaluna, L50, F|100\/100\n|turn|4\n|inactive|Isloe has 30 seconds left.\n|\n|t:|1729128666\n|move|p1b: Ursaluna|Substitute|p1b: Ursaluna\n|-start|p1b: Ursaluna|Substitute\n|-damage|p1b: Ursaluna|76\/100\n|move|p1a: Porygon2|Ice Beam|p2b: Garchomp\n|-supereffective|p2b: Garchomp\n|-damage|p2b: Garchomp|0 fnt\n|faint|p2b: Garchomp\n|move|p2a: Tyranitar|Knock Off|p1b: Ursaluna\n|-end|p1b: Ursaluna|Substitute\n|\n|-weather|Sandstorm|[upkeep]\n|-damage|p1a: Porygon2|3\/100|[from] Sandstorm\n|-damage|p2a: Tyranitar|89\/100|[from] Sandstorm\n|-status|p1b: Ursaluna|brn|[from] item: Flame Orb\n|upkeep\n|\n|t:|1729128672\n|switch|p2b: Kingambit|Kingambit, L50, M|100\/100\n|turn|5\n|\n|t:|1729128679\n|move|p1b: Ursaluna|Facade|p2a: Tyranitar\n|-damage|p2a: Tyranitar|0 fnt\n|faint|p2a: Tyranitar\n|move|p2b: Kingambit|Swords Dance|p2b: Kingambit\n|-boost|p2b: Kingambit|atk|2\n|move|p1a: Porygon2|Recover|p1a: Porygon2\n|-heal|p1a: Porygon2|53\/100\n|\n|-weather|Sandstorm|[upkeep]\n|-damage|p1a: Porygon2|47\/100|[from] Sandstorm\n|-damage|p1b: Ursaluna|70\/100 brn|[from] brn\n|upkeep\n|turn|6\n|\n|t:|1729128697\n|move|p2b: Kingambit|Protect|p2b: Kingambit\n|-singleturn|p2b: Kingambit|Protect\n|move|p1b: Ursaluna|Headlong Rush|p2b: Kingambit\n|-activate|p2b: Kingambit|move: Protect\n|move|p1a: Porygon2|Tera Blast|p2b: Kingambit|[anim] Tera Blast Fighting\n|-activate|p2b: Kingambit|move: Protect\n|\n|-weather|Sandstorm|[upkeep]\n|-damage|p1a: Porygon2|41\/100|[from] Sandstorm\n|-damage|p1b: Ursaluna|64\/100 brn|[from] brn\n|upkeep\n|turn|7\n|\n|t:|1729128705\n|move|p1b: Ursaluna|Headlong Rush|p2b: Kingambit\n|-supereffective|p2b: Kingambit\n|-damage|p2b: Kingambit|0 fnt\n|-unboost|p1b: Ursaluna|def|1\n|-unboost|p1b: Ursaluna|spd|1\n|faint|p2b: Kingambit\n|\n|win|Isloe\n|raw|Isloe's rating: 1768 &rarr; <strong>1786<\/strong><br \/>(+18 for winning)\n|raw|Brave12223's rating: 1738 &rarr; <strong>1720<\/strong><br \/>(-18 for losing)\n|l|\u2606Brave12223\n|player|p2|\n","uploadtime":1729128955,"views":20,"formatid":"gen9vgc2024regh","rating":1720,"private":0,"password":null}