{"id":"gen9vgc2024regh-2224803461","format":"[Gen 9] VGC 2024 Reg H","players":["maggeprutten","navinsachump"],"log":"|j|\u2606maggeprutten\n|j|\u2606navinsachump\n|t:|1729157392\n|gametype|doubles\n|player|p1|maggeprutten|supernerd|1815\n|player|p2|navinsachump|169|1715\n|teamsize|p1|6\n|teamsize|p2|6\n|gen|9\n|tier|[Gen 9] VGC 2024 Reg H\n|rated|\n|rule|Species Clause: Limit one of each Pok\u00e9mon\n|rule|Item Clause: Limit 1 of each item\n|clearpoke\n|poke|p1|Dondozo, L50, M|\n|poke|p1|Tatsugiri, L50, F|\n|poke|p1|Talonflame, L50, F|\n|poke|p1|Gholdengo, L50|\n|poke|p1|Glimmora, L50, M|\n|poke|p1|Dragonite, L50, F|\n|poke|p2|Blaziken, L50, F|\n|poke|p2|Kingambit, L50, M|\n|poke|p2|Rillaboom, L50, M|\n|poke|p2|Electabuzz, L50, F|\n|poke|p2|Dragapult, L50, M|\n|poke|p2|Primarina, L50, F|\n|teampreview|4\n|inactive|Battle timer is ON: inactive players will automatically lose when time's up. (requested by navinsachump)\n|\n|t:|1729157413\n|start\n|switch|p1a: Glimmora|Glimmora, L50, M|100\/100\n|switch|p1b: Dragonite|Dragonite, L50, F|100\/100\n|switch|p2a: Primarina|Primarina, L50, F|100\/100\n|switch|p2b: Dragapult|Dragapult, L50, M|100\/100\n|turn|1\n|inactive|navinsachump has 30 seconds left.\n|inactive|navinsachump has 20 seconds left.\n|inactive|navinsachump has 15 seconds left.\n|j| mr pogostick\n|\n|t:|1729157454\n|-terastallize|p1b: Dragonite|Normal\n|move|p1b: Dragonite|Extreme Speed|p2a: Primarina\n|-damage|p2a: Primarina|20\/100\n|-enditem|p2a: Primarina|Sitrus Berry|[eat]\n|-heal|p2a: Primarina|45\/100|[from] item: Sitrus Berry\n|move|p2b: Dragapult|U-turn|p1b: Dragonite\n|-damage|p1b: Dragonite|64\/100\n|\n|t:|1729157462\n|switch|p2b: Blaziken|Blaziken, L50, F, shiny|100\/100|[from] U-turn\n|move|p1a: Glimmora|Sludge Bomb|p2a: Primarina\n|-supereffective|p2a: Primarina\n|-damage|p2a: Primarina|0 fnt\n|faint|p2a: Primarina\n|\n|upkeep\n|\n|t:|1729157469\n|switch|p2a: Rillaboom|Rillaboom, L50, M|100\/100\n|-fieldstart|move: Grassy Terrain|[from] ability: Grassy Surge|[of] p2a: Rillaboom\n|turn|2\n|inactive|navinsachump has 30 seconds left.\n|\n|t:|1729157495\n|-terastallize|p2a: Rillaboom|Fire\n|move|p2a: Rillaboom|Fake Out|p1b: Dragonite\n|-damage|p1b: Dragonite|51\/100\n|move|p1b: Dragonite|Extreme Speed|p2a: Rillaboom\n|-damage|p2a: Rillaboom|22\/100\n|move|p2b: Blaziken|Close Combat|p1a: Glimmora\n|-damage|p1a: Glimmora|29\/100\n|-unboost|p2b: Blaziken|def|1\n|-unboost|p2b: Blaziken|spd|1\n|-activate|p1a: Glimmora|ability: Toxic Debris\n|-sidestart|p2: navinsachump|move: Toxic Spikes\n|move|p1a: Glimmora|Sludge Bomb|p2a: Rillaboom\n|-damage|p2a: Rillaboom|0 fnt\n|faint|p2a: Rillaboom\n|\n|-heal|p1a: Glimmora|35\/100|[from] Grassy Terrain\n|-heal|p1b: Dragonite|57\/100|[from] Grassy Terrain\n|-ability|p2b: Blaziken|Speed Boost|boost\n|-boost|p2b: Blaziken|spe|1\n|upkeep\n|\n|t:|1729157505\n|switch|p2a: Dragapult|Dragapult, L50, M|100\/100\n|-status|p2a: Dragapult|psn\n|turn|3\n|\n|t:|1729157523\n|move|p1b: Dragonite|Extreme Speed|p2b: Blaziken\n|-crit|p2b: Blaziken\n|-enditem|p2b: Blaziken|Focus Sash\n|-damage|p2b: Blaziken|1\/100\n|move|p2b: Blaziken|Coaching|p2a: Dragapult\n|-boost|p2a: Dragapult|atk|1\n|-boost|p2a: Dragapult|def|1\n|move|p2a: Dragapult|Dragon Darts|p1a: Glimmora\n|-damage|p1a: Glimmora|0 fnt\n|-activate|p1a: Glimmora|ability: Toxic Debris\n|-sidestart|p2: navinsachump|move: Toxic Spikes\n|-anim|p2a: Dragapult|Dragon Darts|p1b: Dragonite\n|-damage|p1b: Dragonite|0 fnt\n|faint|p1a: Glimmora\n|faint|p1b: Dragonite\n|\n|-heal|p2b: Blaziken|7\/100|[from] Grassy Terrain\n|-damage|p2a: Dragapult|88\/100 psn|[from] psn\n|-ability|p2b: Blaziken|Speed Boost|boost\n|-boost|p2b: Blaziken|spe|1\n|upkeep\n|\n|t:|1729157543\n|switch|p1a: Dondozo|Dondozo, L50, M|100\/100\n|switch|p1b: Tatsugiri|Tatsugiri, L50, F|100\/100\n|-activate|p1b: Tatsugiri|ability: Commander|[of] p1a: Dondozo\n|-boost|p1a: Dondozo|atk|2\n|-boost|p1a: Dondozo|spa|2\n|-boost|p1a: Dondozo|spe|2\n|-boost|p1a: Dondozo|def|2\n|-boost|p1a: Dondozo|spd|2\n|turn|4\n|\n|t:|1729157552\n|move|p2b: Blaziken|Close Combat|p1a: Dondozo\n|-damage|p1a: Dondozo|77\/100\n|-unboost|p2b: Blaziken|def|1\n|-unboost|p2b: Blaziken|spd|1\n|move|p2a: Dragapult|Dragon Darts|p1a: Dondozo\n|-damage|p1a: Dondozo|62\/100\n|-anim|p2a: Dragapult|Dragon Darts|p1a: Dondozo\n|-damage|p1a: Dondozo|47\/100\n|move|p1a: Dondozo|Earthquake|p2b: Blaziken|[spread] p2a,p2b\n|-miss|p1a: Dondozo|p1b: Tatsugiri\n|-supereffective|p2b: Blaziken\n|-damage|p2a: Dragapult|54\/100 psn\n|-damage|p2b: Blaziken|0 fnt\n|faint|p2b: Blaziken\n|\n|-heal|p2a: Dragapult|60\/100 psn|[from] Grassy Terrain\n|-heal|p1a: Dondozo|53\/100|[from] Grassy Terrain\n|-heal|p1a: Dondozo|59\/100|[from] item: Leftovers\n|-damage|p2a: Dragapult|48\/100 psn|[from] psn\n|upkeep\n|turn|5\n|\n|t:|1729157569\n|move|p1a: Dondozo|Protect|p1a: Dondozo\n|-singleturn|p1a: Dondozo|Protect\n|move|p2a: Dragapult|Dragon Darts|p1a: Dondozo\n|-activate|p1a: Dondozo|move: Protect\n|\n|-heal|p2a: Dragapult|54\/100 psn|[from] Grassy Terrain\n|-heal|p1a: Dondozo|65\/100|[from] Grassy Terrain\n|-heal|p1a: Dondozo|71\/100|[from] item: Leftovers\n|-damage|p2a: Dragapult|42\/100 psn|[from] psn\n|upkeep\n|turn|6\n|\n|t:|1729157580\n|move|p2a: Dragapult|Dragon Darts|p1a: Dondozo\n|-damage|p1a: Dondozo|58\/100\n|-anim|p2a: Dragapult|Dragon Darts|p1a: Dondozo\n|-damage|p1a: Dondozo|42\/100\n|move|p1a: Dondozo|Order Up|p2a: Dragapult\n|-supereffective|p2a: Dragapult\n|-damage|p2a: Dragapult|0 fnt\n|faint|p2a: Dragapult\n|\n|win|maggeprutten\n|raw|maggeprutten's rating: 1815 &rarr; <strong>1829<\/strong><br \/>(+14 for winning)\n|raw|navinsachump's rating: 1715 &rarr; <strong>1701<\/strong><br \/>(-14 for losing)\n|l|\u2606navinsachump\n|player|p2|\n|l|\u2606maggeprutten\n|player|p1|\n","uploadtime":1729157735,"views":14,"formatid":"gen9vgc2024regh","rating":1701,"private":0,"password":null}