{"id":"gen9vgc2024regh-2224504896","format":"[Gen 9] VGC 2024 Reg H","players":["pantsuit","rengeki style"],"log":"|j|\u2606pantsuit\n|j|\u2606rengeki style\n|t:|1729115642\n|gametype|doubles\n|player|p1|pantsuit|101|1715\n|player|p2|rengeki style|2|1734\n|teamsize|p1|6\n|teamsize|p2|6\n|gen|9\n|tier|[Gen 9] VGC 2024 Reg H\n|rated|\n|rule|Species Clause: Limit one of each Pok\u00e9mon\n|rule|Item Clause: Limit 1 of each item\n|clearpoke\n|poke|p1|Porygon2, L50|\n|poke|p1|Ursaluna, L50, F|\n|poke|p1|Incineroar, L50, M|\n|poke|p1|Sneasler, L50, F|\n|poke|p1|Archaludon, L50, F|\n|poke|p1|Yanmega, L50, F|\n|poke|p2|Garganacl, L50, F|\n|poke|p2|Ursaluna-Bloodmoon, L50, M|\n|poke|p2|Meowscarada, L50, F|\n|poke|p2|Sinistcha, L50|\n|poke|p2|Dragapult, L50, F|\n|poke|p2|Incineroar, L50, M|\n|teampreview|4\n|inactive|Battle timer is ON: inactive players will automatically lose when time's up. (requested by rengeki style)\n|\n|t:|1729115722\n|start\n|switch|p1a: Yanmega|Yanmega, L50, F, shiny|100\/100\n|switch|p1b: Sneasler|Sneasler, L50, F|100\/100\n|switch|p2a: Dragapult|Dragapult, L50, F|100\/100\n|switch|p2b: Garganacl|Garganacl, L50, F|100\/100\n|turn|1\n|\n|t:|1729115736\n|switch|p2b: Incineroar|Incineroar, L50, M|100\/100\n|-ability|p2b: Incineroar|Intimidate|boost\n|-unboost|p1a: Yanmega|atk|1\n|-unboost|p1b: Sneasler|atk|1\n|-enditem|p1b: Sneasler|White Herb\n|-clearnegativeboost|p1b: Sneasler|[silent]\n|move|p1b: Sneasler|Protect|p1b: Sneasler\n|-singleturn|p1b: Sneasler|Protect\n|move|p1a: Yanmega|Detect|p1a: Yanmega\n|-singleturn|p1a: Yanmega|Protect\n|move|p2a: Dragapult|Will-O-Wisp|p1b: Sneasler\n|-activate|p1b: Sneasler|move: Protect\n|\n|-ability|p1a: Yanmega|Speed Boost|boost\n|-boost|p1a: Yanmega|spe|1\n|upkeep\n|turn|2\n|\n|t:|1729115753\n|switch|p1b: Ursaluna|Ursaluna, L50, F, shiny|100\/100\n|move|p2b: Incineroar|Fake Out|p1a: Yanmega\n|-damage|p1a: Yanmega|87\/100\n|cant|p1a: Yanmega|flinch\n|move|p2a: Dragapult|Draco Meteor|p1a: Yanmega\n|-damage|p1a: Yanmega|0 fnt\n|-unboost|p2a: Dragapult|spa|2\n|faint|p1a: Yanmega\n|\n|-status|p1b: Ursaluna|brn|[from] item: Flame Orb\n|upkeep\n|\n|t:|1729115763\n|switch|p1a: Sneasler|Sneasler, L50, F|100\/100\n|turn|3\n|c|\u2606rengeki style|LOLOLOLOL\n|c|\u2606rengeki style|use your own team\n|\n|t:|1729115780\n|switch|p2b: Sinistcha|Sinistcha, L50|100\/100\n|move|p2a: Dragapult|Will-O-Wisp|p1a: Sneasler\n|-status|p1a: Sneasler|brn\n|move|p1a: Sneasler|Close Combat|p2b: Sinistcha\n|-immune|p2b: Sinistcha\n|move|p1b: Ursaluna|Headlong Rush|p2a: Dragapult\n|-enditem|p2a: Dragapult|Focus Sash\n|-damage|p2a: Dragapult|1\/100\n|-unboost|p1b: Ursaluna|def|1\n|-unboost|p1b: Ursaluna|spd|1\n|\n|-damage|p1a: Sneasler|95\/100 brn|[from] brn\n|-damage|p1b: Ursaluna|95\/100 brn|[from] brn\n|upkeep\n|turn|4\n|j| hachiware\n|c|\u2606rengeki style|HOLY\n|c|\u2606rengeki style|you made every bad move\n|inactive|rengeki style has 30 seconds left.\n|\n|t:|1729115812\n|switch|p2a: Incineroar|Incineroar, L50, M|100\/100\n|-ability|p2a: Incineroar|Intimidate|boost\n|-unboost|p1a: Sneasler|atk|1\n|-unboost|p1b: Ursaluna|atk|1\n|switch|p1b: Archaludon|Archaludon, L50, F|100\/100\n|move|p1a: Sneasler|Dire Claw|p2b: Sinistcha\n|-damage|p2b: Sinistcha|87\/100\n|-status|p2b: Sinistcha|psn\n|move|p2b: Sinistcha|Matcha Gotcha|p1b: Archaludon|[spread] p1a,p1b\n|-resisted|p1a: Sneasler\n|-resisted|p1b: Archaludon\n|-damage|p1a: Sneasler|78\/100 brn\n|-heal|p2b: Sinistcha|95\/100 psn|[from] drain|[of] p1a: Sneasler\n|-damage|p1b: Archaludon|91\/100\n|-heal|p2b: Sinistcha|99\/100 psn|[from] drain|[of] p1b: Archaludon\n|\n|-damage|p2b: Sinistcha|87\/100 psn|[from] psn\n|-damage|p1a: Sneasler|72\/100 brn|[from] brn\n|upkeep\n|turn|5\n|inactive|pantsuit has 30 seconds left.\n|inactive|rengeki style has 30 seconds left.\n|\n|t:|1729115845\n|move|p1b: Archaludon|Protect|p1b: Archaludon\n|-singleturn|p1b: Archaludon|Protect\n|move|p1a: Sneasler|Dire Claw|p2a: Incineroar\n|-damage|p2a: Incineroar|86\/100\n|-status|p2a: Incineroar|par\n|move|p2b: Sinistcha|Strength Sap|p1a: Sneasler\n|-unboost|p1a: Sneasler|atk|1\n|-heal|p2b: Sinistcha|100\/100 psn\n|move|p2a: Incineroar|Parting Shot|p1b: Archaludon\n|-activate|p1b: Archaludon|move: Protect\n|\n|-damage|p2b: Sinistcha|88\/100 psn|[from] psn\n|-damage|p1a: Sneasler|67\/100 brn|[from] brn\n|upkeep\n|turn|6\n|inactive|rengeki style has 30 seconds left.\n|inactive|pantsuit has 30 seconds left.\n|inactive|rengeki style has 20 seconds left.\n|inactive|rengeki style has 15 seconds left.\n|\n|t:|1729115887\n|-terastallize|p1b: Archaludon|Electric\n|move|p1a: Sneasler|Throat Chop|p2b: Sinistcha\n|-supereffective|p2b: Sinistcha\n|-damage|p2b: Sinistcha|72\/100 psn\n|-start|p2b: Sinistcha|Throat Chop|[silent]\n|move|p1b: Archaludon|Electro Shot||[still]\n|-prepare|p1b: Archaludon|Electro Shot\n|-boost|p1b: Archaludon|spa|1\n|-enditem|p1b: Archaludon|Power Herb\n|-anim|p1b: Archaludon|Electro Shot|p2a: Incineroar\n|-damage|p2a: Incineroar|2\/100 par\n|-enditem|p2a: Incineroar|Figy Berry|[eat]\n|-heal|p2a: Incineroar|35\/100 par|[from] item: Figy Berry\n|move|p2b: Sinistcha|Matcha Gotcha|p1a: Sneasler|[spread] p1a,p1b\n|-resisted|p1a: Sneasler\n|-damage|p1a: Sneasler|51\/100 brn\n|-heal|p2b: Sinistcha|79\/100 psn|[from] drain|[of] p1a: Sneasler\n|-damage|p1b: Archaludon|54\/100\n|-heal|p2b: Sinistcha|97\/100 psn|[from] drain|[of] p1b: Archaludon\n|-status|p1b: Archaludon|brn\n|move|p2a: Incineroar|Parting Shot|p1b: Archaludon\n|-unboost|p1b: Archaludon|atk|1\n|-unboost|p1b: Archaludon|spa|1\n|\n|t:|1729115907\n|switch|p2a: Dragapult|Dragapult, L50, F|1\/100|[from] Parting Shot\n|\n|-damage|p2b: Sinistcha|85\/100 psn|[from] psn\n|-damage|p1a: Sneasler|45\/100 brn|[from] brn\n|-damage|p1b: Archaludon|47\/100 brn|[from] brn\n|upkeep\n|turn|7\n|\n|t:|1729115914\n|switch|p2b: Incineroar|Incineroar, L50, M|35\/100 par\n|-ability|p2b: Incineroar|Intimidate|boost\n|-unboost|p1a: Sneasler|atk|1\n|-unboost|p1b: Archaludon|atk|1\n|move|p1b: Archaludon|Protect|p1b: Archaludon\n|-singleturn|p1b: Archaludon|Protect\n|move|p2a: Dragapult|Light Screen|p2a: Dragapult\n|-sidestart|p2: rengeki style|move: Light Screen\n|move|p1a: Sneasler|Dire Claw|p2a: Dragapult\n|-resisted|p2a: Dragapult\n|-damage|p2a: Dragapult|0 fnt\n|faint|p2a: Dragapult\n|\n|-damage|p1a: Sneasler|40\/100 brn|[from] brn\n|-damage|p1b: Archaludon|41\/100 brn|[from] brn\n|upkeep\n|\n|t:|1729115928\n|switch|p2a: Sinistcha|Sinistcha, L50|85\/100 psn\n|-heal|p2b: Incineroar|60\/100 par|[from] ability: Hospitality|[of] p2a: Sinistcha\n|turn|8\n|\n|t:|1729115937\n|switch|p1b: Ursaluna|Ursaluna, L50, F, shiny|95\/100 brn\n|switch|p2b: Garganacl|Garganacl, L50, F|100\/100\n|move|p1a: Sneasler|Close Combat|p2b: Garganacl\n|-supereffective|p2b: Garganacl\n|-damage|p2b: Garganacl|82\/100\n|-unboost|p1a: Sneasler|def|1\n|-unboost|p1a: Sneasler|spd|1\n|move|p2a: Sinistcha|Trick Room|p2a: Sinistcha\n|-fieldstart|move: Trick Room|[of] p2a: Sinistcha\n|\n|-heal|p2b: Garganacl|87\/100|[from] item: Leftovers\n|-damage|p2a: Sinistcha|72\/100 psn|[from] psn\n|-damage|p1b: Ursaluna|89\/100 brn|[from] brn\n|-damage|p1a: Sneasler|34\/100 brn|[from] brn\n|upkeep\n|turn|9\n|inactive|pantsuit has 30 seconds left.\n|\n|t:|1729115968\n|switch|p2a: Incineroar|Incineroar, L50, M|60\/100 par\n|-ability|p2a: Incineroar|Intimidate|boost\n|-unboost|p1a: Sneasler|atk|1\n|-unboost|p1b: Ursaluna|atk|1\n|switch|p1a: Archaludon|Archaludon, L50, F, tera:Electric|41\/100 brn\n|-terastallize|p2b: Garganacl|Flying\n|move|p2b: Garganacl|Salt Cure|p1b: Ursaluna\n|-resisted|p1b: Ursaluna\n|-damage|p1b: Ursaluna|84\/100 brn\n|-start|p1b: Ursaluna|Salt Cure\n|move|p1b: Ursaluna|Headlong Rush|p2b: Garganacl\n|-immune|p2b: Garganacl\n|\n|-heal|p2b: Garganacl|93\/100|[from] item: Leftovers\n|-damage|p1b: Ursaluna|78\/100 brn|[from] brn\n|-damage|p1a: Archaludon|35\/100 brn|[from] brn\n|-damage|p1b: Ursaluna|66\/100 brn|[from] Salt Cure\n|upkeep\n|turn|10\n|\n|t:|1729115990\n|move|p2a: Incineroar|Flare Blitz|p1a: Archaludon\n|-damage|p1a: Archaludon|0 fnt\n|faint|p1a: Archaludon\n|-damage|p2a: Incineroar|51\/100 par|[from] Recoil\n|move|p2b: Garganacl|Salt Cure|p1b: Ursaluna\n|-resisted|p1b: Ursaluna\n|-damage|p1b: Ursaluna|60\/100 brn\n|move|p1b: Ursaluna|Facade|p2b: Garganacl\n|-damage|p2b: Garganacl|44\/100\n|\n|-heal|p2b: Garganacl|50\/100|[from] item: Leftovers\n|-damage|p1b: Ursaluna|54\/100 brn|[from] brn\n|-damage|p1b: Ursaluna|42\/100 brn|[from] Salt Cure\n|upkeep\n|\n|t:|1729116004\n|switch|p1a: Sneasler|Sneasler, L50, F|34\/100 brn\n|turn|11\n|\n|t:|1729116018\n|switch|p2a: Sinistcha|Sinistcha, L50|72\/100 psn\n|-heal|p2b: Garganacl|74\/100|[from] ability: Hospitality|[of] p2a: Sinistcha\n|move|p1a: Sneasler|Protect|p1a: Sneasler\n|-singleturn|p1a: Sneasler|Protect\n|move|p2b: Garganacl|Iron Defense|p2b: Garganacl\n|-boost|p2b: Garganacl|def|2\n|move|p1b: Ursaluna|Facade|p2b: Garganacl\n|-damage|p2b: Garganacl|48\/100\n|\n|-heal|p2b: Garganacl|54\/100|[from] item: Leftovers\n|-damage|p2a: Sinistcha|60\/100 psn|[from] psn\n|-damage|p1b: Ursaluna|36\/100 brn|[from] brn\n|-damage|p1a: Sneasler|28\/100 brn|[from] brn\n|-damage|p1b: Ursaluna|24\/100 brn|[from] Salt Cure\n|-sideend|p2: rengeki style|move: Light Screen\n|upkeep\n|turn|12\n|\n|t:|1729116042\n|switch|p2a: Incineroar|Incineroar, L50, M|51\/100 par\n|-ability|p2a: Incineroar|Intimidate|boost\n|-unboost|p1a: Sneasler|atk|1\n|-unboost|p1b: Ursaluna|atk|1\n|move|p2b: Garganacl|Recover|p2b: Garganacl\n|-heal|p2b: Garganacl|100\/100\n|move|p1b: Ursaluna|Facade|p2b: Garganacl\n|-damage|p2b: Garganacl|81\/100\n|move|p1a: Sneasler|Dire Claw|p2b: Garganacl\n|-damage|p2b: Garganacl|76\/100\n|\n|-heal|p2b: Garganacl|82\/100|[from] item: Leftovers\n|-damage|p1b: Ursaluna|18\/100 brn|[from] brn\n|-damage|p1a: Sneasler|22\/100 brn|[from] brn\n|-damage|p1b: Ursaluna|6\/100 brn|[from] Salt Cure\n|-fieldend|move: Trick Room\n|upkeep\n|turn|13\n|\n|t:|1729116060\n|switch|p2a: Sinistcha|Sinistcha, L50|60\/100 psn\n|-heal|p2b: Garganacl|100\/100|[from] ability: Hospitality|[of] p2a: Sinistcha\n|move|p2b: Garganacl|Protect|p2b: Garganacl\n|-singleturn|p2b: Garganacl|Protect\n|move|p1a: Sneasler|Close Combat|p2a: Sinistcha\n|-immune|p2a: Sinistcha\n|move|p1b: Ursaluna|Facade|p2a: Sinistcha\n|-immune|p2a: Sinistcha\n|\n|-damage|p2a: Sinistcha|47\/100 psn|[from] psn\n|-damage|p1a: Sneasler|17\/100 brn|[from] brn\n|-damage|p1b: Ursaluna|0 fnt|[from] brn\n|faint|p1b: Ursaluna\n|upkeep\n|-enditem|p2a: Sinistcha|Sitrus Berry|[eat]\n|-heal|p2a: Sinistcha|72\/100 psn|[from] item: Sitrus Berry\n|turn|14\n|\n|t:|1729116074\n|switch|p2a: Incineroar|Incineroar, L50, M|51\/100 par\n|-ability|p2a: Incineroar|Intimidate|boost\n|-unboost|p1a: Sneasler|atk|1\n|move|p1a: Sneasler|Throat Chop|p2a: Incineroar\n|-resisted|p2a: Incineroar\n|-damage|p2a: Incineroar|48\/100 par\n|-start|p2a: Incineroar|Throat Chop|[silent]\n|move|p2b: Garganacl|Iron Defense|p2b: Garganacl\n|-boost|p2b: Garganacl|def|2\n|\n|-damage|p1a: Sneasler|11\/100 brn|[from] brn\n|upkeep\n|turn|15\n|-message|pantsuit forfeited.\n|\n|win|rengeki style\n|raw|pantsuit's rating: 1715 &rarr; <strong>1696<\/strong><br \/>(-19 for losing)\n|raw|rengeki style's rating: 1734 &rarr; <strong>1753<\/strong><br \/>(+19 for winning)\n|l|\u2606pantsuit\n|player|p1|\n|l|\u2606rengeki style\n|player|p2|\n|l| hachiware\n","uploadtime":1729116265,"views":14,"formatid":"gen9vgc2024regh","rating":1696,"private":0,"password":null}