{"id":"gen9vgc2024regh-2224330413","format":"[Gen 9] VGC 2024 Reg H","players":["BIO26R","pantsuit"],"log":"|j|\u2606BIO26R\n|j|\u2606pantsuit\n|t:|1729099738\n|gametype|doubles\n|player|p1|BIO26R|scientist|1714\n|player|p2|pantsuit|101|1795\n|teamsize|p1|6\n|teamsize|p2|6\n|gen|9\n|tier|[Gen 9] VGC 2024 Reg H\n|rated|\n|rule|Species Clause: Limit one of each Pok\u00e9mon\n|rule|Item Clause: Limit 1 of each item\n|clearpoke\n|poke|p1|Sneasler, L50, F|\n|poke|p1|Murkrow, L50, M|\n|poke|p1|Dondozo, L50, M|\n|poke|p1|Gholdengo, L50|\n|poke|p1|Garchomp, L50, M|\n|poke|p1|Tatsugiri, L50, F|\n|poke|p2|Porygon2, L50|\n|poke|p2|Ursaluna, L50, F|\n|poke|p2|Incineroar, L50, M|\n|poke|p2|Sneasler, L50, M|\n|poke|p2|Archaludon, L50, F|\n|poke|p2|Yanmega, L50, F|\n|teampreview|4\n|inactive|Battle timer is ON: inactive players will automatically lose when time's up. (requested by BIO26R)\n|inactive|BIO26R has 60 seconds left.\n|inactive|pantsuit has 60 seconds left.\n|\n|t:|1729099782\n|start\n|switch|p1a: Sneasler|Sneasler, L50, F|100\/100\n|switch|p1b: Dondozo|Dondozo, L50, M, shiny|100\/100\n|switch|p2a: Yanmega|Yanmega, L50, F, shiny|100\/100\n|switch|p2b: Archaludon|Archaludon, L50, F|100\/100\n|turn|1\n|\n|t:|1729099797\n|switch|p2b: Incineroar|Incineroar, L50, M, shiny|100\/100\n|-ability|p2b: Incineroar|Intimidate|boost\n|-unboost|p1a: Sneasler|atk|1\n|-fail|p1b: Dondozo|unboost|Attack|[from] ability: Oblivious|[of] p1b: Dondozo\n|move|p1b: Dondozo|Protect|p1b: Dondozo\n|-singleturn|p1b: Dondozo|Protect\n|move|p1a: Sneasler|Coaching|p1b: Dondozo\n|-boost|p1b: Dondozo|atk|1\n|-boost|p1b: Dondozo|def|1\n|move|p2a: Yanmega|Air Slash|p1a: Sneasler\n|-supereffective|p1a: Sneasler\n|-enditem|p1a: Sneasler|Focus Sash\n|-damage|p1a: Sneasler|1\/100\n|\n|-ability|p2a: Yanmega|Speed Boost|boost\n|-boost|p2a: Yanmega|spe|1\n|upkeep\n|turn|2\n|inactive|pantsuit has 30 seconds left.\n|\n|t:|1729099823\n|move|p2a: Yanmega|Tailwind|p2a: Yanmega\n|-sidestart|p2: pantsuit|move: Tailwind\n|move|p2b: Incineroar|Knock Off|p1b: Dondozo\n|-damage|p1b: Dondozo|82\/100\n|-enditem|p1b: Dondozo|Leftovers|[from] move: Knock Off|[of] p2b: Incineroar\n|move|p1a: Sneasler|Coaching|p1b: Dondozo\n|-boost|p1b: Dondozo|atk|1\n|-boost|p1b: Dondozo|def|1\n|move|p1b: Dondozo|Wave Crash|p2b: Incineroar\n|-supereffective|p2b: Incineroar\n|-damage|p2b: Incineroar|0 fnt\n|faint|p2b: Incineroar\n|-damage|p1b: Dondozo|54\/100|[from] Recoil\n|\n|-ability|p2a: Yanmega|Speed Boost|boost\n|-boost|p2a: Yanmega|spe|1\n|upkeep\n|\n|t:|1729099837\n|switch|p2b: Archaludon|Archaludon, L50, F|100\/100\n|turn|3\n|\n|t:|1729099851\n|switch|p1a: Tatsugiri|Tatsugiri, L50, F|100\/100\n|-activate|p1a: Tatsugiri|ability: Commander|[of] p1b: Dondozo\n|-boost|p1b: Dondozo|atk|2\n|-boost|p1b: Dondozo|spa|2\n|-boost|p1b: Dondozo|spe|2\n|-boost|p1b: Dondozo|def|2\n|-boost|p1b: Dondozo|spd|2\n|-terastallize|p1b: Dondozo|Steel\n|move|p2a: Yanmega|Detect|p2a: Yanmega\n|-singleturn|p2a: Yanmega|Protect\n|move|p2b: Archaludon|Protect|p2b: Archaludon\n|-singleturn|p2b: Archaludon|Protect\n|move|p1b: Dondozo|Earthquake|p2b: Archaludon|[spread] \n|-miss|p1b: Dondozo|p1a: Tatsugiri\n|-activate|p2a: Yanmega|move: Protect\n|-activate|p2b: Archaludon|move: Protect\n|\n|-ability|p2a: Yanmega|Speed Boost|boost\n|-boost|p2a: Yanmega|spe|1\n|upkeep\n|turn|4\n|\n|t:|1729099866\n|-terastallize|p2b: Archaludon|Electric\n|move|p1b: Dondozo|Protect|p1b: Dondozo\n|-singleturn|p1b: Dondozo|Protect\n|move|p2a: Yanmega|Air Slash|p1b: Dondozo\n|-activate|p1b: Dondozo|move: Protect\n|move|p2b: Archaludon|Electro Shot||[still]\n|-prepare|p2b: Archaludon|Electro Shot\n|-boost|p2b: Archaludon|spa|1\n|-enditem|p2b: Archaludon|Power Herb\n|-anim|p2b: Archaludon|Electro Shot|p1b: Dondozo\n|-activate|p1b: Dondozo|move: Protect\n|\n|-ability|p2a: Yanmega|Speed Boost|boost\n|-boost|p2a: Yanmega|spe|1\n|upkeep\n|turn|5\n|\n|t:|1729099875\n|move|p2a: Yanmega|Bug Buzz|p1b: Dondozo\n|-resisted|p1b: Dondozo\n|-damage|p1b: Dondozo|44\/100\n|-unboost|p1b: Dondozo|spd|1\n|move|p2b: Archaludon|Thunderbolt|p1b: Dondozo\n|-damage|p1b: Dondozo|2\/100\n|-status|p1b: Dondozo|par\n|move|p1b: Dondozo|Earthquake|p2b: Archaludon|[spread] p2b\n|-miss|p1b: Dondozo|p1a: Tatsugiri\n|-immune|p2a: Yanmega\n|-supereffective|p2b: Archaludon\n|-damage|p2b: Archaludon|0 fnt\n|faint|p2b: Archaludon\n|\n|-sideend|p2: pantsuit|move: Tailwind\n|-ability|p2a: Yanmega|Speed Boost|boost\n|-boost|p2a: Yanmega|spe|1\n|upkeep\n|\n|t:|1729099890\n|switch|p2b: Sneasler|Sneasler, L50, M|100\/100\n|turn|6\n|\n|t:|1729099902\n|move|p1b: Dondozo|Protect|p1b: Dondozo\n|-singleturn|p1b: Dondozo|Protect\n|move|p2a: Yanmega|Bug Buzz|p1b: Dondozo\n|-activate|p1b: Dondozo|move: Protect\n|move|p2b: Sneasler|Close Combat|p1a: Tatsugiri|[miss]\n|-miss|p2b: Sneasler|p1a: Tatsugiri\n|\n|-ability|p2a: Yanmega|Speed Boost|boost\n|-boost|p2a: Yanmega|spe|1\n|upkeep\n|turn|7\n|\n|t:|1729099911\n|move|p2a: Yanmega|Bug Buzz|p1b: Dondozo\n|-resisted|p1b: Dondozo\n|-damage|p1b: Dondozo|0 fnt\n|faint|p1b: Dondozo\n|move|p2b: Sneasler|Close Combat|p1a: Tatsugiri\n|-damage|p1a: Tatsugiri|0 fnt\n|-unboost|p2b: Sneasler|def|1\n|-unboost|p2b: Sneasler|spd|1\n|-enditem|p2b: Sneasler|White Herb\n|-clearnegativeboost|p2b: Sneasler|[silent]\n|faint|p1a: Tatsugiri\n|\n|upkeep\n|\n|t:|1729099920\n|switch|p1a: Gholdengo|Gholdengo, L50|100\/100\n|switch|p1b: Sneasler|Sneasler, L50, F|1\/100\n|turn|8\n|inactive|BIO26R has 30 seconds left.\n|\n|t:|1729099953\n|move|p2a: Yanmega|Detect|p2a: Yanmega\n|-singleturn|p2a: Yanmega|Protect\n|move|p2b: Sneasler|Protect|p2b: Sneasler\n|-singleturn|p2b: Sneasler|Protect\n|move|p1b: Sneasler|Fake Out|p2a: Yanmega\n|-activate|p2a: Yanmega|move: Protect\n|move|p1a: Gholdengo|Make It Rain|p2a: Yanmega|[spread] \n|-activate|p2a: Yanmega|move: Protect\n|-activate|p2b: Sneasler|move: Protect\n|\n|upkeep\n|turn|9\n|inactive|pantsuit has 30 seconds left.\n|\n|t:|1729099979\n|move|p2a: Yanmega|Bug Buzz|p1b: Sneasler\n|-resisted|p1b: Sneasler\n|-damage|p1b: Sneasler|0 fnt\n|faint|p1b: Sneasler\n|move|p2b: Sneasler|Throat Chop|p1a: Gholdengo\n|-supereffective|p1a: Gholdengo\n|-damage|p1a: Gholdengo|28\/100\n|-start|p1a: Gholdengo|Throat Chop|[silent]\n|move|p1a: Gholdengo|Make It Rain|p2b: Sneasler|[spread] p2a,p2b\n|-enditem|p2a: Yanmega|Focus Sash\n|-damage|p2a: Yanmega|1\/100\n|-damage|p2b: Sneasler|0 fnt\n|-unboost|p1a: Gholdengo|spa|1\n|faint|p2b: Sneasler\n|\n|upkeep\n|turn|10\n|c|\u2606BIO26R|Gg\n|\n|t:|1729099993\n|move|p2a: Yanmega|Air Slash|p1a: Gholdengo\n|-resisted|p1a: Gholdengo\n|-damage|p1a: Gholdengo|8\/100\n|cant|p1a: Gholdengo|flinch\n|\n|-end|p1a: Gholdengo|Throat Chop|[silent]\n|upkeep\n|turn|11\n|\n|t:|1729100002\n|move|p2a: Yanmega|Air Slash|p1a: Gholdengo\n|-resisted|p1a: Gholdengo\n|-damage|p1a: Gholdengo|0 fnt\n|faint|p1a: Gholdengo\n|\n|win|pantsuit\n|raw|BIO26R's rating: 1714 &rarr; <strong>1699<\/strong><br \/>(-15 for losing)\n|raw|pantsuit's rating: 1795 &rarr; <strong>1810<\/strong><br \/>(+15 for winning)\n|c|\u2606BIO26R|I thing\n|c|\u2606pantsuit|cool team\n|c|\u2606BIO26R|Bug buzz was enough\n|c|\u2606pantsuit|coaching dozo is hard\n|c|\u2606pantsuit|bug buzz is double resisted no?\n|c|\u2606BIO26R|Thank you I trying to make it work for global challenge hah\n|c|\u2606BIO26R|No i think is not resisted\n|c|\u2606BIO26R|I died to a choice specs yanmega bug buzz\n|c|\u2606BIO26R|Tera bug*\n|c|\u2606pantsuit|really?\n|c|\u2606pantsuit|was it tinted lens?\n|c|\u2606BIO26R|Worth to double check it\n|c|\u2606BIO26R|Yeah it was\n|c|\u2606pantsuit|oh yea mine is speed boost\n|c|\u2606BIO26R|Oh thats right\n|c|\u2606BIO26R|Damn now I mad about the flinch haha\n|c|\u2606BIO26R|Ggs man\n|c|\u2606pantsuit|you def would have won w\/o the flinch\n|c|\u2606pantsuit|haha ggs\n|l|\u2606pantsuit\n|player|p2|\n","uploadtime":1729100134,"views":13,"formatid":"gen9vgc2024regh","rating":1699,"private":0,"password":null}