{"id":"gen9vgc2024regh-2224818155","format":"[Gen 9] VGC 2024 Reg H","players":["rough Pult","darius i.b."],"log":"|j|\u2606rough Pult\n|j|\u2606darius i.b.\n|t:|1729159695\n|gametype|doubles\n|player|p1|rough Pult|giovanni|1701\n|player|p2|darius i.b.|102|1810\n|teamsize|p1|6\n|teamsize|p2|6\n|gen|9\n|tier|[Gen 9] VGC 2024 Reg H\n|rated|\n|rule|Species Clause: Limit one of each Pok\u00e9mon\n|rule|Item Clause: Limit 1 of each item\n|clearpoke\n|poke|p1|Baxcalibur, L50, F|\n|poke|p1|Dondozo, L50, M|\n|poke|p1|Kingambit, L50, M|\n|poke|p1|Rillaboom, L50, M|\n|poke|p1|Sneasler, L50, F|\n|poke|p1|Volcarona, L50, M|\n|poke|p2|Pelipper, L50, F|\n|poke|p2|Archaludon, L50, M|\n|poke|p2|Basculegion, L50, M|\n|poke|p2|Sneasler, L50, M|\n|poke|p2|Farigiraf, L50, F|\n|poke|p2|Gholdengo, L50|\n|teampreview|4\n|inactive|Battle timer is ON: inactive players will automatically lose when time's up. (requested by darius i.b.)\n|\n|t:|1729159736\n|start\n|switch|p1a: Sneasler|Sneasler, L50, F|100\/100\n|switch|p1b: Volcarona|Volcarona, L50, M|100\/100\n|switch|p2a: Pelipper|Pelipper, L50, F, shiny|100\/100\n|switch|p2b: Archaludon|Archaludon, L50, M|100\/100\n|-weather|RainDance|[from] ability: Drizzle|[of] p2a: Pelipper\n|turn|1\n|j| MillerH33\n|inactive|darius i.b. has 30 seconds left.\n|\n|t:|1729159771\n|-terastallize|p1b: Volcarona|Fairy\n|move|p2a: Pelipper|Tailwind|p2a: Pelipper\n|-sidestart|p2: darius i.b.|move: Tailwind\n|move|p2b: Archaludon|Electro Shot||[still]\n|-prepare|p2b: Archaludon|Electro Shot\n|-boost|p2b: Archaludon|spa|1\n|-anim|p2b: Archaludon|Electro Shot|p1b: Volcarona\n|-damage|p1b: Volcarona|12\/100\n|move|p1a: Sneasler|Close Combat|p2b: Archaludon\n|-supereffective|p2b: Archaludon\n|-ability|p2b: Archaludon|Sturdy\n|-damage|p2b: Archaludon|1\/100\n|-unboost|p1a: Sneasler|def|1\n|-unboost|p1a: Sneasler|spd|1\n|move|p1b: Volcarona|Quiver Dance|p1b: Volcarona\n|-boost|p1b: Volcarona|spa|1\n|-boost|p1b: Volcarona|spd|1\n|-boost|p1b: Volcarona|spe|1\n|\n|-weather|RainDance|[upkeep]\n|upkeep\n|turn|2\n|inactive|rough Pult has 30 seconds left.\n|inactive|rough Pult has 20 seconds left.\n|\n|t:|1729159810\n|switch|p2a: Basculegion|Basculegion, L50, M, shiny|100\/100\n|move|p2b: Archaludon|Electro Shot||[still]\n|-prepare|p2b: Archaludon|Electro Shot\n|-boost|p2b: Archaludon|spa|1\n|-anim|p2b: Archaludon|Electro Shot|p1a: Sneasler\n|-enditem|p1a: Sneasler|Focus Sash\n|-damage|p1a: Sneasler|1\/100\n|move|p1a: Sneasler|Dire Claw|p2a: Basculegion\n|-resisted|p2a: Basculegion\n|-damage|p2a: Basculegion|78\/100\n|move|p1b: Volcarona|Heat Wave|p2a: Basculegion|[spread] p2a,p2b\n|-resisted|p2a: Basculegion\n|-damage|p2a: Basculegion|65\/100\n|-damage|p2b: Archaludon|0 fnt\n|faint|p2b: Archaludon\n|\n|-weather|RainDance|[upkeep]\n|upkeep\n|\n|t:|1729159828\n|switch|p2b: Pelipper|Pelipper, L50, F, shiny|100\/100\n|turn|3\n|\n|t:|1729159844\n|move|p1a: Sneasler|Protect|p1a: Sneasler\n|-singleturn|p1a: Sneasler|Protect\n|move|p2a: Basculegion|Wave Crash|p1a: Sneasler\n|-activate|p1a: Sneasler|move: Protect\n|move|p2b: Pelipper|Weather Ball|p1b: Volcarona\n|-crit|p1b: Volcarona\n|-damage|p1b: Volcarona|0 fnt\n|faint|p1b: Volcarona\n|\n|-weather|RainDance|[upkeep]\n|upkeep\n|\n|t:|1729159858\n|switch|p1b: Rillaboom|Rillaboom, L50, M|100\/100\n|-fieldstart|move: Grassy Terrain|[from] ability: Grassy Surge|[of] p1b: Rillaboom\n|turn|4\n|\n|t:|1729159869\n|switch|p2a: Sneasler|Sneasler, L50, M|100\/100\n|-terastallize|p2b: Pelipper|Ghost\n|move|p1b: Rillaboom|Grassy Glide|p2b: Pelipper\n|-damage|p2b: Pelipper|56\/100\n|move|p2b: Pelipper|Weather Ball|p1a: Sneasler\n|-damage|p1a: Sneasler|0 fnt\n|faint|p1a: Sneasler\n|\n|-weather|RainDance|[upkeep]\n|-heal|p2b: Pelipper|62\/100|[from] Grassy Terrain\n|-sideend|p2: darius i.b.|move: Tailwind\n|upkeep\n|\n|t:|1729159885\n|switch|p1a: Dondozo|Dondozo, L50, M|100\/100\n|turn|5\n|j| Wadikaz\n|inactive|rough Pult has 30 seconds left.\n|\n|t:|1729159919\n|move|p2b: Pelipper|Weather Ball|p1b: Rillaboom\n|-resisted|p1b: Rillaboom\n|-damage|p1b: Rillaboom|80\/100\n|move|p2a: Sneasler|Dire Claw|p1b: Rillaboom\n|-supereffective|p1b: Rillaboom\n|-damage|p1b: Rillaboom|1\/100\n|move|p1b: Rillaboom|High Horsepower|p2a: Sneasler|[miss]\n|-miss|p1b: Rillaboom|p2a: Sneasler\n|move|p1a: Dondozo|Liquidation|p2a: Sneasler\n|-damage|p2a: Sneasler|21\/100\n|\n|-weather|none\n|-heal|p2b: Pelipper|67\/100|[from] Grassy Terrain\n|-heal|p2a: Sneasler|27\/100|[from] Grassy Terrain\n|-heal|p1b: Rillaboom|7\/100|[from] Grassy Terrain\n|upkeep\n|turn|6\n|inactive|rough Pult has 30 seconds left.\n|\n|t:|1729159953\n|move|p2a: Sneasler|Protect|p2a: Sneasler\n|-singleturn|p2a: Sneasler|Protect\n|move|p1b: Rillaboom|Grassy Glide|p2a: Sneasler\n|-activate|p2a: Sneasler|move: Protect\n|move|p2b: Pelipper|Weather Ball|p1b: Rillaboom\n|-damage|p1b: Rillaboom|0 fnt\n|faint|p1b: Rillaboom\n|move|p1a: Dondozo|Liquidation|p2b: Pelipper\n|-damage|p2b: Pelipper|31\/100\n|\n|-heal|p2b: Pelipper|37\/100|[from] Grassy Terrain\n|-heal|p2a: Sneasler|33\/100|[from] Grassy Terrain\n|upkeep\n|turn|7\n|-message|rough Pult forfeited.\n|\n|win|darius i.b.\n|raw|rough Pult's rating: 1701 &rarr; <strong>1687<\/strong><br \/>(-14 for losing)\n|raw|darius i.b.'s rating: 1810 &rarr; <strong>1824<\/strong><br \/>(+14 for winning)\n|l|\u2606rough Pult\n|player|p1|\n|l| MillerH33\n|l|\u2606darius i.b.\n|player|p2|\n|l| Wadikaz\n","uploadtime":1729160239,"views":26,"formatid":"gen9vgc2024regh","rating":1687,"private":0,"password":null}