{"id":"gen9vgc2024regh-2224441542","format":"[Gen 9] VGC 2024 Reg H","players":["jonymediogramo","Topperlecat"],"log":"|j|\u2606jonymediogramo\n|j|\u2606Topperlecat\n|t:|1729109443\n|gametype|doubles\n|player|p1|jonymediogramo|preschooler|1693\n|player|p2|Topperlecat|aquasuit|1647\n|teamsize|p1|6\n|teamsize|p2|6\n|gen|9\n|tier|[Gen 9] VGC 2024 Reg H\n|rated|\n|rule|Species Clause: Limit one of each Pok\u00e9mon\n|rule|Item Clause: Limit 1 of each item\n|clearpoke\n|poke|p1|Dondozo, L50, M|\n|poke|p1|Tatsugiri-Stretchy, L50, M|\n|poke|p1|Archaludon, L50, F|\n|poke|p1|Dragonite, L50, F|\n|poke|p1|Sylveon, L50, M|\n|poke|p1|Kingambit, L50, M|\n|poke|p2|Dondozo, L50, F|\n|poke|p2|Tatsugiri, L50, M|\n|poke|p2|Weezing-Galar, L50, F|\n|poke|p2|Corviknight, L50, F|\n|poke|p2|Garchomp, L50, M|\n|poke|p2|Kingambit, L50, F|\n|teampreview|4\n|\n|t:|1729109492\n|start\n|switch|p1a: Gruas Baraboa|Archaludon, L50, F|100\/100\n|switch|p1b: Dr Xavier|Kingambit, L50, M|100\/100\n|switch|p2a: galaxy gas|Weezing-Galar, L50, F|100\/100\n|switch|p2b: kingoobit|Kingambit, L50, F|100\/100\n|-ability|p2a: galaxy gas|Neutralizing Gas\n|turn|1\n|\n|t:|1729109509\n|-terastallize|p2b: kingoobit|Flying\n|move|p2a: galaxy gas|Protect|p2a: galaxy gas\n|-singleturn|p2a: galaxy gas|Protect\n|move|p1a: Gruas Baraboa|Electro Shot||[still]\n|-prepare|p1a: Gruas Baraboa|Electro Shot\n|-boost|p1a: Gruas Baraboa|spa|1\n|-enditem|p1a: Gruas Baraboa|Power Herb\n|-anim|p1a: Gruas Baraboa|Electro Shot|p2a: galaxy gas\n|-activate|p2a: galaxy gas|move: Protect\n|move|p1b: Dr Xavier|Low Kick|p2b: kingoobit\n|-resisted|p2b: kingoobit\n|-damage|p2b: kingoobit|86\/100\n|move|p2b: kingoobit|Low Kick|p1b: Dr Xavier\n|-supereffective|p1b: Dr Xavier\n|-damage|p1b: Dr Xavier|0 fnt\n|faint|p1b: Dr Xavier\n|\n|upkeep\n|\n|t:|1729109525\n|switch|p1b: Rodaballo|Dondozo, L50, M|100\/100\n|turn|2\n|\n|t:|1729109556\n|switch|p1a: Tempura Roll|Tatsugiri-Stretchy, L50, M|100\/100\n|move|p2a: galaxy gas|Sludge Bomb|p1b: Rodaballo\n|-damage|p1b: Rodaballo|67\/100\n|move|p1b: Rodaballo|Wave Crash|p2b: kingoobit\n|-damage|p2b: kingoobit|44\/100\n|-damage|p1b: Rodaballo|54\/100|[from] Recoil\n|move|p2b: kingoobit|Kowtow Cleave|p1b: Rodaballo\n|-damage|p1b: Rodaballo|22\/100\n|\n|upkeep\n|turn|3\n|\n|t:|1729109576\n|move|p1b: Rodaballo|Protect|p1b: Rodaballo\n|-singleturn|p1b: Rodaballo|Protect\n|move|p2b: kingoobit|Sucker Punch||[still]\n|-fail|p2b: kingoobit\n|move|p1a: Tempura Roll|Muddy Water|p2b: kingoobit|[spread] p2a,p2b\n|-damage|p2a: galaxy gas|42\/100\n|-damage|p2b: kingoobit|24\/100\n|move|p2a: galaxy gas|Strange Steam|p1a: Tempura Roll\n|-supereffective|p1a: Tempura Roll\n|-damage|p1a: Tempura Roll|3\/100\n|\n|upkeep\n|turn|4\n|\n|t:|1729109594\n|switch|p1a: Gruas Baraboa|Archaludon, L50, F|100\/100\n|move|p2b: kingoobit|Sucker Punch||[still]\n|-fail|p2b: kingoobit\n|move|p2a: galaxy gas|Sludge Bomb|p1b: Rodaballo\n|-damage|p1b: Rodaballo|0 fnt\n|faint|p1b: Rodaballo\n|\n|upkeep\n|\n|t:|1729109603\n|switch|p1b: Tempura Roll|Tatsugiri-Stretchy, L50, M|3\/100\n|turn|5\n|-message|jonymediogramo forfeited.\n|\n|win|Topperlecat\n|raw|jonymediogramo's rating: 1693 &rarr; <strong>1670<\/strong><br \/>(-23 for losing)\n|raw|Topperlecat's rating: 1647 &rarr; <strong>1670<\/strong><br \/>(+23 for winning)\n|l|\u2606jonymediogramo\n|player|p1|\n|l|\u2606Topperlecat\n|player|p2|\n","uploadtime":1729109781,"views":9,"formatid":"gen9vgc2024regh","rating":1670,"private":0,"password":null}