{"id":"gen9vgc2024regh-2224935208","format":"[Gen 9] VGC 2024 Reg H","players":["KDR-Alt-711","BirdKeeperNeek"],"log":"|j|\u2606KDR-Alt-711\n|j|\u2606BirdKeeperNeek\n|t:|1729173618\n|gametype|doubles\n|player|p1|KDR-Alt-711|170|1769\n|player|p2|BirdKeeperNeek|169|1675\n|teamsize|p1|6\n|teamsize|p2|6\n|gen|9\n|tier|[Gen 9] VGC 2024 Reg H\n|rated|\n|rule|Species Clause: Limit one of each Pok\u00e9mon\n|rule|Item Clause: Limit 1 of each item\n|clearpoke\n|poke|p1|Milotic, L50, F|\n|poke|p1|Rillaboom, L50, F|\n|poke|p1|Baxcalibur, L50, F|\n|poke|p1|Murkrow, L50, F|\n|poke|p1|Chandelure, L50, M|\n|poke|p1|Clefairy, L50, M|\n|poke|p2|Rillaboom, L50, F|\n|poke|p2|Kingambit, L50, M|\n|poke|p2|Sneasler, L50, F|\n|poke|p2|Dragonite, L50, M|\n|poke|p2|Gastrodon, L50, F|\n|poke|p2|Ceruledge, L50, M|\n|teampreview|4\nBirdKeeperNeek has agreed to open team sheets.\n|inactive|Battle timer is ON: inactive players will automatically lose when time's up. (requested by KDR-Alt-711)\n|inactive|BirdKeeperNeek has 60 seconds left.\n|\n|t:|1729173677\n|start\n|switch|p1a: Baxcalibur|Baxcalibur, L50, F, shiny|100\/100\n|switch|p1b: Chandelure|Chandelure, L50, M, shiny|100\/100\n|switch|p2a: Sneasler|Sneasler, L50, F|100\/100\n|switch|p2b: Dragonite|Dragonite, L50, M|100\/100\n|turn|1\n|j| AFRRB\n|\n|t:|1729173700\n|-terastallize|p1a: Baxcalibur|Water\n|-terastallize|p2b: Dragonite|Fairy\n|move|p2a: Sneasler|Coaching|p2b: Dragonite\n|-boost|p2b: Dragonite|atk|1\n|-boost|p2b: Dragonite|def|1\n|move|p1b: Chandelure|Heat Wave|p2a: Sneasler|[spread] p2b\n|-miss|p1b: Chandelure|p2a: Sneasler\n|-damage|p2b: Dragonite|78\/100\n|move|p1a: Baxcalibur|Dragon Dance|p1a: Baxcalibur\n|-boost|p1a: Baxcalibur|atk|1\n|-boost|p1a: Baxcalibur|spe|1\n|move|p2b: Dragonite|Scale Shot|p1a: Baxcalibur\n|-damage|p1a: Baxcalibur|82\/100\n|-damage|p1a: Baxcalibur|63\/100\n|-damage|p1a: Baxcalibur|44\/100\n|-damage|p1a: Baxcalibur|23\/100\n|-hitcount|p1a: Baxcalibur|4\n|-unboost|p2b: Dragonite|def|1\n|-boost|p2b: Dragonite|spe|1\n|\n|upkeep\n|turn|2\n|inactive|BirdKeeperNeek has 30 seconds left.\n|inactive|BirdKeeperNeek has 20 seconds left.\n|\n|t:|1729173737\n|move|p1a: Baxcalibur|Protect|p1a: Baxcalibur\n|-singleturn|p1a: Baxcalibur|Protect\n|move|p2b: Dragonite|Scale Shot|p1b: Chandelure\n|-damage|p1b: Chandelure|67\/100\n|-damage|p1b: Chandelure|36\/100\n|-damage|p1b: Chandelure|0 fnt\n|faint|p1b: Chandelure\n|-hitcount|p1: Chandelure|3\n|-unboost|p2b: Dragonite|def|1\n|-boost|p2b: Dragonite|spe|1\n|move|p2a: Sneasler|Dire Claw|p1a: Baxcalibur\n|-activate|p1a: Baxcalibur|move: Protect\n|\n|upkeep\n|\n|t:|1729173749\n|switch|p1b: Rillaboom|Rillaboom, L50, F, shiny|100\/100\n|-fieldstart|move: Grassy Terrain|[from] ability: Grassy Surge|[of] p1b: Rillaboom\n|turn|3\n|inactive|BirdKeeperNeek has 30 seconds left.\n|\n|t:|1729173778\n|switch|p2a: Ceruledge|Ceruledge, L50, M|100\/100\n|move|p2b: Dragonite|Protect|p2b: Dragonite\n|-singleturn|p2b: Dragonite|Protect\n|move|p1b: Rillaboom|Fake Out|p2b: Dragonite\n|-activate|p2b: Dragonite|move: Protect\n|move|p1a: Baxcalibur|Icicle Spear|p2a: Ceruledge\n|-resisted|p2a: Ceruledge\n|-damage|p2a: Ceruledge|90\/100\n|-resisted|p2a: Ceruledge\n|-damage|p2a: Ceruledge|78\/100\n|-resisted|p2a: Ceruledge\n|-damage|p2a: Ceruledge|66\/100\n|-resisted|p2a: Ceruledge\n|-damage|p2a: Ceruledge|56\/100\n|-hitcount|p2a: Ceruledge|4\n|\n|-heal|p2b: Dragonite|84\/100|[from] Grassy Terrain\n|-heal|p1a: Baxcalibur|29\/100|[from] Grassy Terrain\n|-heal|p2a: Ceruledge|62\/100|[from] Grassy Terrain\n|-heal|p2a: Ceruledge|68\/100|[from] item: Leftovers\n|upkeep\n|turn|4\n|\n|t:|1729173803\n|move|p1a: Baxcalibur|Protect|p1a: Baxcalibur\n|-singleturn|p1a: Baxcalibur|Protect\n|move|p2b: Dragonite|Scale Shot|p1b: Rillaboom\n|-damage|p1b: Rillaboom|80\/100\n|-damage|p1b: Rillaboom|58\/100\n|-damage|p1b: Rillaboom|35\/100\n|-damage|p1b: Rillaboom|14\/100\n|-hitcount|p1b: Rillaboom|4\n|-unboost|p2b: Dragonite|def|1\n|-boost|p2b: Dragonite|spe|1\n|move|p2a: Ceruledge|Bitter Blade|p1b: Rillaboom\n|-supereffective|p1b: Rillaboom\n|-damage|p1b: Rillaboom|0 fnt\n|-heal|p2a: Ceruledge|75\/100|[from] drain|[of] p1b: Rillaboom\n|faint|p1b: Rillaboom\n|\n|-heal|p2b: Dragonite|90\/100|[from] Grassy Terrain\n|-heal|p1a: Baxcalibur|35\/100|[from] Grassy Terrain\n|-heal|p2a: Ceruledge|81\/100|[from] Grassy Terrain\n|-heal|p2a: Ceruledge|87\/100|[from] item: Leftovers\n|upkeep\n|\n|t:|1729173815\n|switch|p1b: Milotic|Milotic, L50, F, shiny|100\/100\n|-enditem|p1b: Milotic|Grassy Seed\n|-boost|p1b: Milotic|def|1|[from] item: Grassy Seed\n|turn|5\n|-message|KDR-Alt-711 forfeited.\n|\n|win|BirdKeeperNeek\n|raw|KDR-Alt-711's rating: 1769 &rarr; <strong>1744<\/strong><br \/>(-25 for losing)\n|raw|BirdKeeperNeek's rating: 1675 &rarr; <strong>1700<\/strong><br \/>(+25 for winning)\n|l|\u2606KDR-Alt-711\n|player|p1|\n|l|\u2606BirdKeeperNeek\n|player|p2|\n|l| AFRRB\n","uploadtime":1729174064,"views":34,"formatid":"gen9vgc2024regh","rating":1700,"private":0,"password":null}