{"id":"gen9vgc2024regh-2224828056","format":"[Gen 9] VGC 2024 Reg H","players":["Iamsliverfish","rough Pult"],"log":"|j|\u2606Iamsliverfish\n|j|\u2606rough Pult\n|t:|1729161178\n|gametype|doubles\n|player|p1|Iamsliverfish|hiker-gen4|1726\n|player|p2|rough Pult|giovanni|1736\n|teamsize|p1|6\n|teamsize|p2|6\n|gen|9\n|tier|[Gen 9] VGC 2024 Reg H\n|rated|\n|rule|Species Clause: Limit one of each Pok\u00e9mon\n|rule|Item Clause: Limit 1 of each item\n|clearpoke\n|poke|p1|Rillaboom, L50, F|\n|poke|p1|Incineroar, L50, F|\n|poke|p1|Kommo-o, L50, M|\n|poke|p1|Gholdengo, L50|\n|poke|p1|Farigiraf, L50, M|\n|poke|p1|Ursaluna-Bloodmoon, L50, M|\n|poke|p2|Baxcalibur, L50, F|\n|poke|p2|Dondozo, L50, M|\n|poke|p2|Kingambit, L50, M|\n|poke|p2|Rillaboom, L50, M|\n|poke|p2|Sneasler, L50, F|\n|poke|p2|Volcarona, L50, M|\n|teampreview|4\n|\n|t:|1729161225\n|start\n|switch|p1a: Gholdengo|Gholdengo, L50|100\/100\n|switch|p1b: Kommo-o|Kommo-o, L50, M|100\/100\n|switch|p2a: Sneasler|Sneasler, L50, F|100\/100\n|switch|p2b: Volcarona|Volcarona, L50, M|100\/100\n|turn|1\n|inactive|Battle timer is ON: inactive players will automatically lose when time's up. (requested by Iamsliverfish)\n|\n|t:|1729161244\n|move|p2a: Sneasler|Dire Claw|p1b: Kommo-o\n|-damage|p1b: Kommo-o|73\/100\n|-status|p1b: Kommo-o|psn\n|move|p1a: Gholdengo|Power Gem|p2b: Volcarona\n|-supereffective|p2b: Volcarona\n|-damage|p2b: Volcarona|0 fnt\n|faint|p2b: Volcarona\n|move|p1b: Kommo-o|Iron Defense|p1b: Kommo-o\n|-boost|p1b: Kommo-o|def|2\n|\n|-heal|p1b: Kommo-o|79\/100 psn|[from] item: Leftovers\n|-damage|p1b: Kommo-o|66\/100 psn|[from] psn\n|upkeep\n|\n|t:|1729161260\n|switch|p2b: Dondozo|Dondozo, L50, M|100\/100\n|turn|2\n|\n|t:|1729161272\n|switch|p1a: Rillaboom|Rillaboom, L50, F|100\/100\n|-fieldstart|move: Grassy Terrain|[from] ability: Grassy Surge|[of] p1a: Rillaboom\n|move|p1b: Kommo-o|Protect|p1b: Kommo-o\n|-singleturn|p1b: Kommo-o|Protect\n|move|p2a: Sneasler|Coaching|p2b: Dondozo\n|-boost|p2b: Dondozo|atk|1\n|-boost|p2b: Dondozo|def|1\n|move|p2b: Dondozo|Liquidation|p1b: Kommo-o\n|-activate|p1b: Kommo-o|move: Protect\n|\n|-heal|p1b: Kommo-o|72\/100 psn|[from] Grassy Terrain\n|-heal|p1b: Kommo-o|78\/100 psn|[from] item: Leftovers\n|-damage|p1b: Kommo-o|66\/100 psn|[from] psn\n|upkeep\n|turn|3\n|inactive|rough Pult has 30 seconds left.\n|\n|t:|1729161302\n|-terastallize|p2b: Dondozo|Bug\n|move|p1a: Rillaboom|Fake Out|p2a: Sneasler\n|-damage|p2a: Sneasler|77\/100\n|cant|p2a: Sneasler|flinch\n|move|p1b: Kommo-o|Body Press|p2a: Sneasler\n|-resisted|p2a: Sneasler\n|-damage|p2a: Sneasler|0 fnt\n|faint|p2a: Sneasler\n|move|p2b: Dondozo|Liquidation|p1b: Kommo-o\n|-resisted|p1b: Kommo-o\n|-damage|p1b: Kommo-o|53\/100 psn\n|\n|-heal|p1b: Kommo-o|59\/100 psn|[from] Grassy Terrain\n|-heal|p1b: Kommo-o|65\/100 psn|[from] item: Leftovers\n|-damage|p1b: Kommo-o|53\/100 psn|[from] psn\n|upkeep\n|j| King of Clubs dks\n|\n|t:|1729161320\n|switch|p2a: Kingambit|Kingambit, L50, M|100\/100\n|turn|4\n|\n|t:|1729161332\n|move|p1b: Kommo-o|Protect|p1b: Kommo-o\n|-singleturn|p1b: Kommo-o|Protect\n|move|p1a: Rillaboom|Taunt|p2b: Dondozo\n|-start|p2b: Dondozo|move: Taunt\n|move|p2a: Kingambit|Swords Dance|p2a: Kingambit\n|-boost|p2a: Kingambit|atk|2\n|move|p2b: Dondozo|Liquidation|p1b: Kommo-o\n|-activate|p1b: Kommo-o|move: Protect\n|\n|-heal|p1b: Kommo-o|58\/100 psn|[from] Grassy Terrain\n|-heal|p1b: Kommo-o|64\/100 psn|[from] item: Leftovers\n|-damage|p1b: Kommo-o|52\/100 psn|[from] psn\n|upkeep\n|turn|5\n|\n|t:|1729161353\n|move|p2a: Kingambit|Sucker Punch||[still]\n|-fail|p2a: Kingambit\n|move|p1b: Kommo-o|Body Press|p2a: Kingambit\n|-supereffective|p2a: Kingambit\n|-crit|p2a: Kingambit\n|-damage|p2a: Kingambit|0 fnt\n|faint|p2a: Kingambit\n|move|p1a: Rillaboom|Taunt||[still]\n|-fail|p1a: Rillaboom\n|move|p2b: Dondozo|Liquidation|p1a: Rillaboom\n|-resisted|p1a: Rillaboom\n|-damage|p1a: Rillaboom|79\/100\n|-damage|p2b: Dondozo|84\/100|[from] item: Rocky Helmet|[of] p1a: Rillaboom\n|\n|-heal|p1b: Kommo-o|58\/100 psn|[from] Grassy Terrain\n|-heal|p1b: Kommo-o|64\/100 psn|[from] item: Leftovers\n|-heal|p1a: Rillaboom|85\/100|[from] Grassy Terrain\n|-heal|p2b: Dondozo|90\/100|[from] Grassy Terrain\n|-heal|p2b: Dondozo|97\/100|[from] item: Leftovers\n|-damage|p1b: Kommo-o|51\/100 psn|[from] psn\n|upkeep\n|turn|6\n|\n|t:|1729161375\n|switch|p1a: Incineroar|Incineroar, L50, F|100\/100\n|-ability|p1a: Incineroar|Intimidate|boost\n|-unboost|p2b: Dondozo|atk|1\n|move|p1b: Kommo-o|Iron Defense|p1b: Kommo-o\n|-boost|p1b: Kommo-o|def|2\n|move|p2b: Dondozo|Fissure|p1a: Incineroar|[miss]\n|-miss|p2b: Dondozo|p1a: Incineroar\n|\n|-heal|p1b: Kommo-o|57\/100 psn|[from] Grassy Terrain\n|-heal|p1b: Kommo-o|63\/100 psn|[from] item: Leftovers\n|-heal|p2b: Dondozo|100\/100|[from] Grassy Terrain\n|-damage|p1b: Kommo-o|51\/100 psn|[from] psn\n|-end|p2b: Dondozo|move: Taunt\n|-fieldend|move: Grassy Terrain\n|upkeep\n|turn|7\n|-message|rough Pult forfeited.\n|\n|win|Iamsliverfish\n|raw|Iamsliverfish's rating: 1726 &rarr; <strong>1747<\/strong><br \/>(+21 for winning)\n|raw|rough Pult's rating: 1736 &rarr; <strong>1715<\/strong><br \/>(-21 for losing)\n|l|\u2606rough Pult\n|player|p2|\n|l|\u2606Iamsliverfish\n|player|p1|\n|l| King of Clubs dks\n","uploadtime":1729161630,"views":33,"formatid":"gen9vgc2024regh","rating":1715,"private":0,"password":null}