{"id":"gen9vgc2024regh-2224083519","format":"[Gen 9] VGC 2024 Reg H","players":["Hikawari","Fujishimamegumi"],"log":"|j|\u2606Hikawari\n|j|\u2606Fujishimamegumi\n|t:|1729075581\n|gametype|doubles\n|player|p1|Hikawari|101|1745\n|player|p2|Fujishimamegumi|102|1721\n|teamsize|p1|6\n|teamsize|p2|6\n|gen|9\n|tier|[Gen 9] VGC 2024 Reg H\n|rated|\n|rule|Species Clause: Limit one of each Pok\u00e9mon\n|rule|Item Clause: Limit 1 of each item\n|clearpoke\n|poke|p1|Sneasler, L50, F|\n|poke|p1|Murkrow, L50, F|\n|poke|p1|Gholdengo, L50|\n|poke|p1|Indeedee, L50, M|\n|poke|p1|Annihilape, L50, F|\n|poke|p1|Sinistcha, L50|\n|poke|p2|Archaludon, L50, M|\n|poke|p2|Porygon2, L50|\n|poke|p2|Torkoal, L50, M|\n|poke|p2|Lilligant-Hisui, L50, F|\n|poke|p2|Dragonite, L50, M|\n|poke|p2|Kingambit, L50, F|\n|teampreview|4\n|inactive|Battle timer is ON: inactive players will automatically lose when time's up. (requested by Hikawari)\n|j| hachiware\n|inactive|Hikawari has 60 seconds left.\n|\n|t:|1729075621\n|start\n|switch|p1a: Murkrow|Murkrow, L50, F|100\/100\n|switch|p1b: Gholdengo|Gholdengo, L50|100\/100\n|switch|p2a: Archaludon|Archaludon, L50, M|100\/100\n|switch|p2b: Porygon2|Porygon2, L50|100\/100\n|-ability|p2b: Porygon2|Download|boost\n|-boost|p2b: Porygon2|atk|1\n|turn|1\n|\n|t:|1729075642\n|switch|p1a: Annihilape|Annihilape, L50, F, shiny|100\/100\n|move|p2a: Archaludon|Electro Shot||[still]\n|-prepare|p2a: Archaludon|Electro Shot\n|-boost|p2a: Archaludon|spa|1\n|-enditem|p2a: Archaludon|Power Herb\n|-anim|p2a: Archaludon|Electro Shot|p1a: Annihilape\n|-damage|p1a: Annihilape|46\/100\n|move|p1b: Gholdengo|Trick|p2a: Archaludon\n|-activate|p1b: Gholdengo|move: Trick|[of] p2a: Archaludon\n|-item|p2a: Archaludon|Choice Specs|[from] move: Trick\n|-enditem|p1b: Gholdengo|Choice Specs|[silent]|[from] move: Trick\n|move|p2b: Porygon2|Trick Room|p2b: Porygon2\n|-fieldstart|move: Trick Room|[of] p2b: Porygon2\n|\n|-heal|p1a: Annihilape|52\/100|[from] item: Leftovers\n|upkeep\n|turn|2\n|\n|t:|1729075666\n|-terastallize|p2b: Porygon2|Ground\n|move|p2b: Porygon2|Tera Blast|p1b: Gholdengo|[anim] Tera Blast Ground\n|-supereffective|p1b: Gholdengo\n|-damage|p1b: Gholdengo|12\/100\n|move|p1a: Annihilape|Bulk Up|p1a: Annihilape\n|-boost|p1a: Annihilape|atk|1\n|-boost|p1a: Annihilape|def|1\n|move|p1b: Gholdengo|Shadow Ball|p2a: Archaludon\n|-damage|p2a: Archaludon|27\/100\n|move|p2a: Archaludon|Dragon Pulse|p1a: Annihilape\n|-damage|p1a: Annihilape|0 fnt\n|faint|p1a: Annihilape\n|\n|upkeep\n|\n|t:|1729075675\n|switch|p1a: Sneasler|Sneasler, L50, F, shiny|100\/100\n|turn|3\n|\n|t:|1729075683\n|-terastallize|p1b: Gholdengo|Steel\n|move|p1a: Sneasler|Fake Out|p2b: Porygon2\n|-damage|p2b: Porygon2|90\/100\n|-damage|p1a: Sneasler|91\/100|[from] item: Life Orb\n|cant|p2b: Porygon2|flinch\n|move|p1b: Gholdengo|Make It Rain|p2b: Porygon2|[spread] p2a,p2b\n|-resisted|p2a: Archaludon\n|-damage|p2a: Archaludon|0 fnt\n|-damage|p2b: Porygon2|45\/100\n|-unboost|p1b: Gholdengo|spa|1\n|faint|p2a: Archaludon\n|\n|upkeep\n|\n|t:|1729075691\n|switch|p2a: Torkoal|Torkoal, L50, M|100\/100\n|-weather|SunnyDay|[from] ability: Drought|[of] p2a: Torkoal\n|turn|4\n|\n|t:|1729075697\n|switch|p1a: Murkrow|Murkrow, L50, F|100\/100\n|move|p2a: Torkoal|Eruption|p1b: Gholdengo|[spread] p1a,p1b\n|-supereffective|p1b: Gholdengo\n|-damage|p1a: Murkrow|10\/100\n|-damage|p1b: Gholdengo|0 fnt\n|faint|p1b: Gholdengo\n|move|p2b: Porygon2|Recover|p2b: Porygon2\n|-heal|p2b: Porygon2|95\/100\n|\n|-weather|SunnyDay|[upkeep]\n|upkeep\n|\n|t:|1729075699\n|switch|p1b: Sneasler|Sneasler, L50, F, shiny|91\/100\n|turn|5\n|-message|Hikawari forfeited.\n|\n|win|Fujishimamegumi\n|raw|Hikawari's rating: 1745 &rarr; <strong>1724<\/strong><br \/>(-21 for losing)\n|raw|Fujishimamegumi's rating: 1721 &rarr; <strong>1742<\/strong><br \/>(+21 for winning)\n|l|\u2606Hikawari\n|player|p1|\n|l| hachiware\n|l|\u2606Fujishimamegumi\n|player|p2|\n","uploadtime":1729075910,"views":22,"formatid":"gen9vgc2024regh","rating":1724,"private":0,"password":null}