{"id":"gen9vgc2024regh-2224657206","format":"[Gen 9] VGC 2024 Reg H","players":["superpowerpoke","sawawa256"],"log":"|j|\u2606superpowerpoke\n|j|\u2606sawawa256\n|t:|1729133654\n|gametype|doubles\n|player|p1|superpowerpoke|1|1763\n|player|p2|sawawa256|hilbert|1764\n|teamsize|p1|6\n|teamsize|p2|6\n|gen|9\n|tier|[Gen 9] VGC 2024 Reg H\n|rated|\n|rule|Species Clause: Limit one of each Pok\u00e9mon\n|rule|Item Clause: Limit 1 of each item\n|clearpoke\n|poke|p1|Annihilape, L50, F|\n|poke|p1|Gholdengo, L50|\n|poke|p1|Incineroar, L50, M|\n|poke|p1|Dragonite, L50, M|\n|poke|p1|Dondozo, L50, M|\n|poke|p1|Ninetales-Alola, L50, M|\n|poke|p2|Rillaboom, L50, F|\n|poke|p2|Gholdengo, L50|\n|poke|p2|Maushold-Four, L50|\n|poke|p2|Dragonite, L50, M|\n|poke|p2|Garchomp, L50, F|\n|poke|p2|Blaziken, L50, M|\n|teampreview|4\n|inactive|Battle timer is ON: inactive players will automatically lose when time's up. (requested by sawawa256)\n|inactive|superpowerpoke has 60 seconds left.\n|\n|t:|1729133704\n|start\n|switch|p1a: Incineroar|Incineroar, L50, M|100\/100\n|switch|p1b: Annihilape|Annihilape, L50, F|100\/100\n|switch|p2a: Gholdengo|Gholdengo, L50|100\/100\n|switch|p2b: Maushold|Maushold-Four, L50|100\/100\n|-ability|p1a: Incineroar|Intimidate|boost\n|-unboost|p2a: Gholdengo|atk|1\n|-unboost|p2b: Maushold|atk|1\n|turn|1\n|j| trxychjyv\n|\n|t:|1729133721\n|switch|p1a: Gholdengo|Gholdengo, L50|100\/100\n|move|p2b: Maushold|Follow Me|p2b: Maushold\n|-singleturn|p2b: Maushold|move: Follow Me\n|move|p2a: Gholdengo|Shadow Ball|p1b: Annihilape\n|-supereffective|p1b: Annihilape\n|-damage|p1b: Annihilape|11\/100\n|move|p1b: Annihilape|Rage Fist|p2b: Maushold\n|-immune|p2b: Maushold\n|\n|-heal|p1b: Annihilape|18\/100|[from] item: Leftovers\n|upkeep\n|turn|2\n|inactive|superpowerpoke has 30 seconds left.\n|inactive|sawawa256 has 30 seconds left.\n|inactive|superpowerpoke has 20 seconds left.\n|inactive|sawawa256 has 20 seconds left.\n|\n|t:|1729133760\n|switch|p1a: Incineroar|Incineroar, L50, M|100\/100\n|-ability|p1a: Incineroar|Intimidate|boost\n|-unboost|p2a: Gholdengo|atk|1\n|-unboost|p2b: Maushold|atk|1\n|move|p2b: Maushold|Protect|p2b: Maushold\n|-singleturn|p2b: Maushold|Protect\n|move|p1b: Annihilape|Protect|p1b: Annihilape\n|-singleturn|p1b: Annihilape|Protect\n|move|p2a: Gholdengo|Shadow Ball|p1a: Incineroar\n|-resisted|p1a: Incineroar\n|-damage|p1a: Incineroar|76\/100\n|\n|-heal|p1b: Annihilape|24\/100|[from] item: Leftovers\n|upkeep\n|turn|3\n|\n|t:|1729133779\n|switch|p1b: Dondozo|Dondozo, L50, M|100\/100\n|move|p2b: Maushold|Super Fang|p1a: Incineroar\n|-damage|p1a: Incineroar|39\/100\n|move|p2a: Gholdengo|Shadow Ball|p1b: Dondozo\n|-damage|p1b: Dondozo|46\/100\n|-enditem|p1b: Dondozo|Sitrus Berry|[eat]\n|-heal|p1b: Dondozo|71\/100|[from] item: Sitrus Berry\n|move|p1a: Incineroar|Knock Off|p2a: Gholdengo\n|-supereffective|p2a: Gholdengo\n|-damage|p2a: Gholdengo|34\/100\n|-enditem|p2a: Gholdengo|Choice Specs|[from] move: Knock Off|[of] p1a: Incineroar\n|\n|upkeep\n|turn|4\n|inactive|sawawa256 has 30 seconds left.\n|\n|t:|1729133807\n|move|p2b: Maushold|Super Fang|p1b: Dondozo|[miss]\n|-miss|p2b: Maushold|p1b: Dondozo\n|move|p2a: Gholdengo|Shadow Ball|p1b: Dondozo\n|-damage|p1b: Dondozo|37\/100\n|move|p1a: Incineroar|Knock Off|p2a: Gholdengo\n|-supereffective|p2a: Gholdengo\n|-damage|p2a: Gholdengo|0 fnt\n|faint|p2a: Gholdengo\n|move|p1b: Dondozo|Body Press|p2b: Maushold\n|-supereffective|p2b: Maushold\n|-damage|p2b: Maushold|38\/100\n|-damage|p1b: Dondozo|21\/100|[from] item: Rocky Helmet|[of] p2b: Maushold\n|\n|upkeep\n|\n|t:|1729133827\n|switch|p2a: Garchomp|Garchomp, L50, F|100\/100\n|turn|5\n|\n|t:|1729133836\n|switch|p1a: Annihilape|Annihilape, L50, F|24\/100\n|move|p2b: Maushold|Follow Me|p2b: Maushold\n|-singleturn|p2b: Maushold|move: Follow Me\n|move|p2a: Garchomp|Swords Dance|p2a: Garchomp\n|-boost|p2a: Garchomp|atk|2\n|move|p1b: Dondozo|Yawn|p2b: Maushold\n|-start|p2b: Maushold|move: Yawn|[of] p1b: Dondozo\n|\n|-heal|p1a: Annihilape|30\/100|[from] item: Leftovers\n|upkeep\n|turn|6\n|\n|t:|1729133853\n|move|p1a: Annihilape|Protect|p1a: Annihilape\n|-singleturn|p1a: Annihilape|Protect\n|move|p2b: Maushold|Follow Me|p2b: Maushold\n|-singleturn|p2b: Maushold|move: Follow Me\n|move|p2a: Garchomp|Stomping Tantrum|p1a: Annihilape\n|-activate|p1a: Annihilape|move: Protect\n|move|p1b: Dondozo|Body Press|p2b: Maushold\n|-supereffective|p2b: Maushold\n|-damage|p2b: Maushold|0 fnt\n|-damage|p1b: Dondozo|4\/100|[from] item: Rocky Helmet|[of] p2b: Maushold\n|faint|p2b: Maushold\n|\n|-heal|p1a: Annihilape|36\/100|[from] item: Leftovers\n|upkeep\n|\n|t:|1729133866\n|switch|p2b: Blaziken|Blaziken, L50, M|100\/100\n|turn|7\n|\n|t:|1729133889\n|switch|p1a: Incineroar|Incineroar, L50, M|39\/100\n|-ability|p1a: Incineroar|Intimidate|boost\n|-unboost|p2a: Garchomp|atk|1\n|-unboost|p2b: Blaziken|atk|1\n|move|p2a: Garchomp|Stomping Tantrum|p1a: Incineroar\n|-supereffective|p1a: Incineroar\n|-damage|p1a: Incineroar|0 fnt\n|faint|p1a: Incineroar\n|move|p2b: Blaziken|Knock Off|p1b: Dondozo\n|-damage|p1b: Dondozo|0 fnt\n|faint|p1b: Dondozo\n|-damage|p2b: Blaziken|91\/100|[from] item: Life Orb\n|\n|-ability|p2b: Blaziken|Speed Boost|boost\n|-boost|p2b: Blaziken|spe|1\n|upkeep\n|\n|t:|1729133906\n|switch|p1a: Annihilape|Annihilape, L50, F|36\/100\n|switch|p1b: Gholdengo|Gholdengo, L50|100\/100\n|turn|8\n|\n|t:|1729133931\n|-terastallize|p1b: Gholdengo|Steel\n|move|p2b: Blaziken|Protect|p2b: Blaziken\n|-singleturn|p2b: Blaziken|Protect\n|move|p2a: Garchomp|Protect|p2a: Garchomp\n|-singleturn|p2a: Garchomp|Protect\n|move|p1b: Gholdengo|Make It Rain|p2b: Blaziken|[spread] \n|-activate|p2a: Garchomp|move: Protect\n|-activate|p2b: Blaziken|move: Protect\n|move|p1a: Annihilape|Rage Fist|p2b: Blaziken\n|-activate|p2b: Blaziken|move: Protect\n|\n|-heal|p1a: Annihilape|42\/100|[from] item: Leftovers\n|-ability|p2b: Blaziken|Speed Boost|boost\n|-boost|p2b: Blaziken|spe|1\n|upkeep\n|turn|9\n|\n|t:|1729133954\n|-terastallize|p2a: Garchomp|Fire\n|move|p2b: Blaziken|Flare Blitz|p1a: Annihilape\n|-crit|p1a: Annihilape\n|-damage|p1a: Annihilape|0 fnt\n|faint|p1a: Annihilape\n|-damage|p2b: Blaziken|72\/100|[from] Recoil\n|-damage|p2b: Blaziken|62\/100|[from] item: Life Orb\n|move|p1b: Gholdengo|Make It Rain|p2b: Blaziken|[spread] p2a,p2b\n|-resisted|p2a: Garchomp\n|-crit|p2a: Garchomp\n|-resisted|p2b: Blaziken\n|-damage|p2a: Garchomp|39\/100\n|-damage|p2b: Blaziken|13\/100\n|-unboost|p1b: Gholdengo|spa|1\n|move|p2a: Garchomp|Stomping Tantrum|p1b: Gholdengo\n|-supereffective|p1b: Gholdengo\n|-damage|p1b: Gholdengo|0 fnt\n|faint|p1b: Gholdengo\n|\n|win|sawawa256\n|raw|superpowerpoke's rating: 1763 &rarr; <strong>1743<\/strong><br \/>(-20 for losing)\n|raw|sawawa256's rating: 1764 &rarr; <strong>1784<\/strong><br \/>(+20 for winning)\n|l|\u2606superpowerpoke\n|player|p1|\n|l| trxychjyv\n|l|\u2606sawawa256\n|player|p2|\n","uploadtime":1729134230,"views":23,"formatid":"gen9vgc2024regh","rating":1743,"private":0,"password":null}