{"id":"gen9vgc2024regh-2224209284","format":"[Gen 9] VGC 2024 Reg H","players":["ComputerYui","Funcrazyfish"],"log":"|j|\u2606ComputerYui\n|j|\u2606Funcrazyfish\n|t:|1729089394\n|gametype|doubles\n|player|p1|ComputerYui|102|1706\n|player|p2|Funcrazyfish|beauty-gen4dp|1651\n|teamsize|p1|6\n|teamsize|p2|6\n|gen|9\n|tier|[Gen 9] VGC 2024 Reg H\n|rated|\n|rule|Species Clause: Limit one of each Pok\u00e9mon\n|rule|Item Clause: Limit 1 of each item\n|clearpoke\n|poke|p1|Armarouge, L50, M|\n|poke|p1|Indeedee-F, L50, F|\n|poke|p1|Gallade, L50, M|\n|poke|p1|Golduck, L50, M|\n|poke|p1|Tauros-Paldea-Aqua, L50, M|\n|poke|p1|Meowscarada, L50, F|\n|poke|p2|Espathra, L50, F|\n|poke|p2|Rillaboom, L50, F|\n|poke|p2|Sneasler, L50, F|\n|poke|p2|Magmar, L50, F|\n|poke|p2|Kingambit, L50, F|\n|poke|p2|Primarina, L50, F|\n|teampreview|4\n|\n|t:|1729089428\n|start\n|switch|p1a: Meowscarada|Meowscarada, L50, F, shiny|100\/100\n|switch|p1b: Tauros|Tauros-Paldea-Aqua, L50, M, shiny|100\/100\n|switch|p2a: Nobunaga|Kingambit, L50, F, shiny|100\/100\n|switch|p2b: Lucretia|Primarina, L50, F, shiny|100\/100\n|-ability|p1b: Tauros|Intimidate|boost\n|-unboost|p2a: Nobunaga|atk|1\n|-ability|p2a: Nobunaga|Defiant|boost\n|-boost|p2a: Nobunaga|atk|2\n|-unboost|p2b: Lucretia|atk|1\n|turn|1\n|\n|t:|1729089459\n|-terastallize|p1b: Tauros|Steel\n|-terastallize|p2b: Lucretia|Steel\n|move|p1a: Meowscarada|Protect|p1a: Meowscarada\n|-start|p1a: Meowscarada|typechange|Normal|[from] ability: Protean\n|-singleturn|p1a: Meowscarada|Protect\n|move|p2a: Nobunaga|Protect|p2a: Nobunaga\n|-singleturn|p2a: Nobunaga|Protect\n|move|p1b: Tauros|Body Press|p2a: Nobunaga\n|-activate|p2a: Nobunaga|move: Protect\n|move|p2b: Lucretia|Moonblast|p1b: Tauros\n|-resisted|p1b: Tauros\n|-damage|p1b: Tauros|79\/100\n|\n|upkeep\n|turn|2\n|\n|t:|1729089491\n|move|p2a: Nobunaga|Sucker Punch|p1b: Tauros\n|-crit|p1b: Tauros\n|-damage|p1b: Tauros|15\/100\n|move|p1a: Meowscarada|Knock Off|p2b: Lucretia\n|-damage|p2b: Lucretia|70\/100\n|-enditem|p2b: Lucretia|Throat Spray|[from] move: Knock Off|[of] p1a: Meowscarada\n|move|p1b: Tauros|Body Press|p2a: Nobunaga\n|-supereffective|p2a: Nobunaga\n|-damage|p2a: Nobunaga|0 fnt\n|faint|p2a: Nobunaga\n|move|p2b: Lucretia|Hyper Voice|p1b: Tauros|[spread] p1a,p1b\n|-damage|p1a: Meowscarada|47\/100\n|-damage|p1b: Tauros|0 fnt\n|faint|p1b: Tauros\n|\n|upkeep\n|\n|t:|1729089508\n|switch|p1b: Indeedee|Indeedee-F, L50, F, shiny|100\/100\n|switch|p2a: Elle Woods|Sneasler, L50, F, shiny|100\/100\n|-fieldstart|move: Psychic Terrain|[from] ability: Psychic Surge|[of] p1b: Indeedee\n|turn|3\n|\n|t:|1729089523\n|move|p1a: Meowscarada|Protect|p1a: Meowscarada\n|-singleturn|p1a: Meowscarada|Protect\n|move|p1b: Indeedee|Follow Me|p1b: Indeedee\n|-singleturn|p1b: Indeedee|move: Follow Me\n|move|p2a: Elle Woods|Close Combat|p1b: Indeedee\n|-damage|p1b: Indeedee|36\/100\n|-unboost|p2a: Elle Woods|def|1\n|-unboost|p2a: Elle Woods|spd|1\n|-enditem|p1b: Indeedee|Eject Button\n|\n|t:|1729089532\n|switch|p1b: Armarouge|Armarouge, L50, M, shiny|100\/100\n|move|p2b: Lucretia|Hyper Voice|p1b: Armarouge|[spread] p1b\n|-activate|p1a: Meowscarada|move: Protect\n|-supereffective|p1b: Armarouge\n|-damage|p1b: Armarouge|11\/100\n|-enditem|p1b: Armarouge|Weakness Policy\n|-boost|p1b: Armarouge|atk|2|[from] item: Weakness Policy\n|-boost|p1b: Armarouge|spa|2|[from] item: Weakness Policy\n|\n|upkeep\n|turn|4\n|\n|t:|1729089579\n|move|p1b: Armarouge|Endure|p1b: Armarouge\n|-singleturn|p1b: Armarouge|move: Endure\n|move|p1a: Meowscarada|Low Kick|p2a: Elle Woods\n|-resisted|p2a: Elle Woods\n|-damage|p2a: Elle Woods|75\/100\n|move|p2a: Elle Woods|Dire Claw|p1b: Armarouge\n|-activate|p1b: Armarouge|move: Endure\n|-damage|p1b: Armarouge|1\/100\n|-status|p1b: Armarouge|par\n|-ability|p1b: Armarouge|Weak Armor|boost\n|-unboost|p1b: Armarouge|def|1\n|-boost|p1b: Armarouge|spe|2\n|move|p2b: Lucretia|Hyper Voice|p1b: Armarouge|[spread] p1a,p1b\n|-supereffective|p1b: Armarouge\n|-damage|p1a: Meowscarada|0 fnt\n|-activate|p1b: Armarouge|move: Endure\n|-damage|p1b: Armarouge|1\/100 par\n|faint|p1a: Meowscarada\n|\n|upkeep\n|\n|t:|1729089598\n|switch|p1a: Indeedee|Indeedee-F, L50, F, shiny|36\/100\n|turn|5\n|\n|t:|1729089604\n|switch|p2a: Buffy|Rillaboom, L50, F|100\/100\n|-fieldstart|move: Grassy Terrain|[from] ability: Grassy Surge|[of] p2a: Buffy\n|move|p1a: Indeedee|Follow Me|p1a: Indeedee\n|-singleturn|p1a: Indeedee|move: Follow Me\n|move|p1b: Armarouge|Expanding Force|p2a: Buffy\n|-damage|p2a: Buffy|38\/100\n|move|p2b: Lucretia|Hyper Voice|p1a: Indeedee|[spread] p1a,p1b\n|-supereffective|p1b: Armarouge\n|-damage|p1a: Indeedee|6\/100\n|-damage|p1b: Armarouge|0 fnt\n|faint|p1b: Armarouge\n|\n|-heal|p2a: Buffy|43\/100|[from] Grassy Terrain\n|-heal|p1a: Indeedee|12\/100|[from] Grassy Terrain\n|-heal|p2b: Lucretia|76\/100|[from] Grassy Terrain\n|upkeep\n|turn|6\n|-message|ComputerYui forfeited.\n|\n|win|Funcrazyfish\n|raw|ComputerYui's rating: 1706 &rarr; <strong>1683<\/strong><br \/>(-23 for losing)\n|raw|Funcrazyfish's rating: 1651 &rarr; <strong>1674<\/strong><br \/>(+23 for winning)\n|l|\u2606ComputerYui\n|player|p1|\n|l|\u2606Funcrazyfish\n|player|p2|\n","uploadtime":1729089760,"views":8,"formatid":"gen9vgc2024regh","rating":1674,"private":0,"password":null}