{"id":"gen9vgc2024regh-2224613529","format":"[Gen 9] VGC 2024 Reg H","players":["OUFR snakeburger1","Iamsliverfish"],"log":"|j|\u2606OUFR snakeburger1\n|j|\u2606Iamsliverfish\n|t:|1729128395\n|gametype|doubles\n|player|p1|OUFR snakeburger1|266|1755\n|player|p2|Iamsliverfish|hiker-gen4|1690\n|teamsize|p1|6\n|teamsize|p2|6\n|gen|9\n|tier|[Gen 9] VGC 2024 Reg H\n|rated|\n|rule|Species Clause: Limit one of each Pok\u00e9mon\n|rule|Item Clause: Limit 1 of each item\n|clearpoke\n|poke|p1|Annihilape, L50, F|\n|poke|p1|Archaludon, L50, M|\n|poke|p1|Maushold, L50|\n|poke|p1|Pelipper, L50, M|\n|poke|p1|Basculegion, L50, M|\n|poke|p1|Incineroar, L50, M|\n|poke|p2|Rillaboom, L50, M|\n|poke|p2|Incineroar, L50, M|\n|poke|p2|Kommo-o, L50, F|\n|poke|p2|Gholdengo, L50|\n|poke|p2|Farigiraf, L50, M|\n|poke|p2|Ursaluna-Bloodmoon, L50, M|\n|teampreview|4\n|c|\u2606OUFR snakeburger1|glhf\nOUFR snakeburger1 has agreed to open team sheets.\n|j| testerman0024\n|inactive|Battle timer is ON: inactive players will automatically lose when time's up. (requested by Iamsliverfish)\n|\n|t:|1729128452\n|start\n|switch|p1a: Maushold|Maushold, L50|100\/100\n|switch|p1b: Annihilape|Annihilape, L50, F|100\/100\n|switch|p2a: Farigiraf|Farigiraf, L50, M|100\/100\n|switch|p2b: Ursaluna|Ursaluna-Bloodmoon, L50, M|100\/100\n|turn|1\n|\n|t:|1729128471\n|-terastallize|p2b: Ursaluna|Normal\n|move|p1a: Maushold|Taunt|p2a: Farigiraf\n|-start|p2a: Farigiraf|move: Taunt\n|-enditem|p2a: Farigiraf|Mental Herb\n|-end|p2a: Farigiraf|move: Taunt\n|move|p1b: Annihilape|Bulk Up|p1b: Annihilape\n|-boost|p1b: Annihilape|atk|1\n|-boost|p1b: Annihilape|def|1\n|move|p2b: Ursaluna|Blood Moon|p1b: Annihilape\n|-damage|p1b: Annihilape|32\/100\n|move|p2a: Farigiraf|Trick Room|p2a: Farigiraf\n|-fieldstart|move: Trick Room|[of] p2a: Farigiraf\n|\n|-heal|p1b: Annihilape|38\/100|[from] item: Leftovers\n|upkeep\n|turn|2\n|l| testerman0024\n|inactive|OUFR snakeburger1 has 30 seconds left.\n|j| testerman0024\n|inactive|OUFR snakeburger1 has 20 seconds left.\n|\n|t:|1729128508\n|switch|p1a: Archaludon|Archaludon, L50, M|100\/100\n|move|p2a: Farigiraf|Helping Hand|p2b: Ursaluna\n|-singleturn|p2b: Ursaluna|Helping Hand|[of] p2a: Farigiraf\n|move|p1b: Annihilape|Protect|p1b: Annihilape\n|-singleturn|p1b: Annihilape|Protect\n|move|p2b: Ursaluna|Hyper Voice|p1b: Annihilape|[spread] p1a\n|-activate|p1b: Annihilape|move: Protect\n|-resisted|p1a: Archaludon\n|-damage|p1a: Archaludon|75\/100\n|-ability|p1a: Archaludon|Stamina|boost\n|-boost|p1a: Archaludon|def|1\n|\n|-heal|p1b: Annihilape|44\/100|[from] item: Leftovers\n|upkeep\n|turn|3\n|inactive|Iamsliverfish has 30 seconds left.\n|\n|t:|1729128535\n|-terastallize|p1a: Archaludon|Grass\n|move|p2a: Farigiraf|Helping Hand|p2b: Ursaluna\n|-singleturn|p2b: Ursaluna|Helping Hand|[of] p2a: Farigiraf\n|move|p2b: Ursaluna|Earth Power|p1a: Archaludon\n|-resisted|p1a: Archaludon\n|-crit|p1a: Archaludon\n|-damage|p1a: Archaludon|34\/100\n|-ability|p1a: Archaludon|Stamina|boost\n|-boost|p1a: Archaludon|def|1\n|move|p1a: Archaludon|Body Press|p2b: Ursaluna\n|-supereffective|p2b: Ursaluna\n|-damage|p2b: Ursaluna|28\/100\n|move|p1b: Annihilape|Drain Punch|p2b: Ursaluna\n|-supereffective|p2b: Ursaluna\n|-damage|p2b: Ursaluna|0 fnt\n|-heal|p1b: Annihilape|57\/100|[from] drain|[of] p2b: Ursaluna\n|faint|p2b: Ursaluna\n|\n|-heal|p1b: Annihilape|63\/100|[from] item: Leftovers\n|upkeep\n|\n|t:|1729128541\n|switch|p2b: Gholdengo|Gholdengo, L50|100\/100\n|turn|4\n|inactive|OUFR snakeburger1 has 30 seconds left.\n|\n|t:|1729128570\n|move|p2a: Farigiraf|Expanding Force|p1b: Annihilape\n|-supereffective|p1b: Annihilape\n|-damage|p1b: Annihilape|15\/100\n|move|p1a: Archaludon|Body Press|p2a: Farigiraf\n|-damage|p2a: Farigiraf|60\/100\n|move|p1b: Annihilape|Rage Fist|p2b: Gholdengo\n|-supereffective|p2b: Gholdengo\n|-damage|p2b: Gholdengo|0 fnt\n|faint|p2b: Gholdengo\n|\n|-heal|p1b: Annihilape|21\/100|[from] item: Leftovers\n|upkeep\n|\n|t:|1729128576\n|switch|p2b: Incineroar|Incineroar, L50, M|100\/100\n|-ability|p2b: Incineroar|Intimidate|boost\n|-unboost|p1a: Archaludon|atk|1\n|-unboost|p1b: Annihilape|atk|1\n|-ability|p1b: Annihilape|Defiant|boost\n|-boost|p1b: Annihilape|atk|2\n|turn|5\n|-message|Iamsliverfish forfeited.\n|\n|win|OUFR snakeburger1\n|raw|OUFR snakeburger1's rating: 1755 &rarr; <strong>1771<\/strong><br \/>(+16 for winning)\n|raw|Iamsliverfish's rating: 1690 &rarr; <strong>1674<\/strong><br \/>(-16 for losing)\n|l|\u2606Iamsliverfish\n|player|p2|\n|l| testerman0024\n|l|\u2606OUFR snakeburger1\n|player|p1|\n","uploadtime":1729128816,"views":8,"formatid":"gen9vgc2024regh","rating":1674,"private":0,"password":null}