{"id":"gen9vgc2024regh-2225852521","format":"[Gen 9] VGC 2024 Reg H","players":["respect.the.don","notMooose"],"log":"|j|\u2606respect.the.don\n|j|\u2606notMooose\n|t:|1729275496\n|gametype|doubles\n|player|p1|respect.the.don|linebacker|1678\n|player|p2|notMooose|burglar|1776\n|teamsize|p1|6\n|teamsize|p2|6\n|gen|9\n|tier|[Gen 9] VGC 2024 Reg H\n|rated|\n|rule|Species Clause: Limit one of each Pok\u00e9mon\n|rule|Item Clause: Limit 1 of each item\n|clearpoke\n|poke|p1|Orthworm, L50, F|\n|poke|p1|Sneasler, L50, F|\n|poke|p1|Dragonite, L50, F|\n|poke|p1|Garchomp, L50, F|\n|poke|p1|Incineroar, L50, F|\n|poke|p1|Kilowattrel, L50, F|\n|poke|p2|Garchomp, L50, F|\n|poke|p2|Ninetales-Alola, L50, M|\n|poke|p2|Kingambit, L50, F|\n|poke|p2|Glaceon, L50, M|\n|poke|p2|Rillaboom, L50, F|\n|poke|p2|Skeledirge, L50, M|\n|teampreview|4\n|inactive|Battle timer is ON: inactive players will automatically lose when time's up. (requested by notMooose)\n|j| Tolde\n|inactive|notMooose has 60 seconds left.\n|inactive|respect.the.don has 60 seconds left.\n|j| futonkagebunshin\n|\n|t:|1729275542\n|start\n|switch|p1a: Sneasler|Sneasler, L50, F|100\/100\n|switch|p1b: Incineroar|Incineroar, L50, F|100\/100\n|switch|p2a: Ninetales|Ninetales-Alola, L50, M|100\/100\n|switch|p2b: Glaceon|Glaceon, L50, M|100\/100\n|-weather|Snow|[from] ability: Snow Warning|[of] p2a: Ninetales\n|-ability|p1b: Incineroar|Intimidate|boost\n|-unboost|p2a: Ninetales|atk|1\n|-unboost|p2b: Glaceon|atk|1\n|turn|1\n|j| Mixam91\n|\n|t:|1729275553\n|-terastallize|p2b: Glaceon|Water\n|move|p1b: Incineroar|Fake Out|p2b: Glaceon\n|-damage|p2b: Glaceon|91\/100\n|move|p1a: Sneasler|Coaching|p1b: Incineroar\n|-boost|p1b: Incineroar|atk|1\n|-boost|p1b: Incineroar|def|1\n|move|p2a: Ninetales|Aurora Veil|p2a: Ninetales\n|-sidestart|p2: notMooose|move: Aurora Veil\n|cant|p2b: Glaceon|flinch\n|\n|-weather|Snow|[upkeep]\n|upkeep\n|turn|2\n|inactive|notMooose has 30 seconds left.\n|\n|t:|1729275585\n|-terastallize|p1b: Incineroar|Water\n|move|p1a: Sneasler|Coaching|p1b: Incineroar\n|-boost|p1b: Incineroar|atk|1\n|-boost|p1b: Incineroar|def|1\n|move|p2a: Ninetales|Encore|p1b: Incineroar\n|-start|p1b: Incineroar|Encore\n|move|p2b: Glaceon|Tera Blast|p1a: Sneasler|[anim] Tera Blast Water\n|-damage|p1a: Sneasler|22\/100\n|move|p1b: Incineroar|Fake Out||[still]\n|-hint|Fake Out only works on your first turn out.\n|-fail|p1b: Incineroar\n|\n|-weather|Snow|[upkeep]\n|upkeep\n|turn|3\n|\n|t:|1729275607\n|move|p1b: Incineroar|Fake Out||[still]\n|-hint|Fake Out only works on your first turn out.\n|-fail|p1b: Incineroar\n|move|p1a: Sneasler|Dire Claw|p2a: Ninetales\n|-supereffective|p2a: Ninetales\n|-damage|p2a: Ninetales|49\/100\n|move|p2a: Ninetales|Blizzard|p1a: Sneasler|[spread] p1a,p1b\n|-resisted|p1b: Incineroar\n|-damage|p1a: Sneasler|0 fnt\n|-damage|p1b: Incineroar|90\/100\n|faint|p1a: Sneasler\n|move|p2b: Glaceon|Tera Blast|p1b: Incineroar|[anim] Tera Blast Water\n|-resisted|p1b: Incineroar\n|-damage|p1b: Incineroar|69\/100\n|\n|-weather|Snow|[upkeep]\n|upkeep\n|\n|t:|1729275615\n|switch|p1a: Kilowattrel|Kilowattrel, L50, F|100\/100\n|turn|4\n|\n|t:|1729275632\n|switch|p2b: Rillaboom|Rillaboom, L50, F|100\/100\n|-fieldstart|move: Grassy Terrain|[from] ability: Grassy Surge|[of] p2b: Rillaboom\n|-enditem|p2b: Rillaboom|Grassy Seed\n|-boost|p2b: Rillaboom|def|1|[from] item: Grassy Seed\n|move|p1a: Kilowattrel|Protect|p1a: Kilowattrel\n|-singleturn|p1a: Kilowattrel|Protect\n|move|p2a: Ninetales|Protect|p2a: Ninetales\n|-singleturn|p2a: Ninetales|Protect\n|move|p1b: Incineroar|Fake Out||[still]\n|-hint|Fake Out only works on your first turn out.\n|-fail|p1b: Incineroar\n|\n|-weather|Snow|[upkeep]\n|-heal|p2a: Ninetales|55\/100|[from] Grassy Terrain\n|-heal|p1b: Incineroar|75\/100|[from] Grassy Terrain\n|-end|p1b: Incineroar|Encore\n|upkeep\n|turn|5\n|\n|t:|1729275653\n|move|p2b: Rillaboom|Fake Out|p1b: Incineroar\n|-damage|p1b: Incineroar|68\/100\n|move|p1a: Kilowattrel|Tailwind|p1a: Kilowattrel\n|-sidestart|p1: respect.the.don|move: Tailwind\n|move|p2a: Ninetales|Encore|p1b: Incineroar\n|-start|p1b: Incineroar|Encore\n|cant|p1b: Incineroar|flinch\n|\n|-weather|none\n|-heal|p2a: Ninetales|61\/100|[from] Grassy Terrain\n|-heal|p1b: Incineroar|74\/100|[from] Grassy Terrain\n|-sideend|p2: notMooose|move: Aurora Veil\n|upkeep\n|turn|6\n|\n|t:|1729275670\n|switch|p2a: Skeledirge|Skeledirge, L50, M|100\/100\n|switch|p1b: Garchomp|Garchomp, L50, F|100\/100\n|move|p1a: Kilowattrel|Thunderbolt|p2a: Skeledirge\n|-damage|p2a: Skeledirge|46\/100\n|-status|p2a: Skeledirge|par\n|-damage|p1a: Kilowattrel|91\/100|[from] item: Life Orb\n|move|p2b: Rillaboom|Wood Hammer|p1b: Garchomp\n|-damage|p1b: Garchomp|7\/100\n|-damage|p2b: Rillaboom|88\/100|[from] ability: Rough Skin|[of] p1b: Garchomp\n|-damage|p2b: Rillaboom|60\/100|[from] Recoil\n|\n|-heal|p1b: Garchomp|13\/100|[from] Grassy Terrain\n|-heal|p2b: Rillaboom|66\/100|[from] Grassy Terrain\n|-heal|p2a: Skeledirge|52\/100 par|[from] Grassy Terrain\n|-heal|p2a: Skeledirge|59\/100 par|[from] item: Leftovers\n|upkeep\n|turn|7\n|\n|t:|1729275694\n|switch|p1b: Incineroar|Incineroar, L50, F, tera:Water|74\/100\n|-ability|p1b: Incineroar|Intimidate|boost\n|-unboost|p2a: Skeledirge|atk|1\n|-unboost|p2b: Rillaboom|atk|1\n|move|p2b: Rillaboom|Grassy Glide|p1b: Incineroar\n|-supereffective|p1b: Incineroar\n|-damage|p1b: Incineroar|28\/100\n|move|p1a: Kilowattrel|Air Slash|p2b: Rillaboom\n|-supereffective|p2b: Rillaboom\n|-damage|p2b: Rillaboom|0 fnt\n|faint|p2b: Rillaboom\n|-damage|p1a: Kilowattrel|81\/100|[from] item: Life Orb\n|move|p2a: Skeledirge|Slack Off|p2a: Skeledirge\n|-heal|p2a: Skeledirge|100\/100 par\n|\n|-heal|p1b: Incineroar|34\/100|[from] Grassy Terrain\n|upkeep\n|j| mr pogostick\n|l| mr pogostick\n|\n|t:|1729275714\n|switch|p2b: Ninetales|Ninetales-Alola, L50, M|61\/100\n|-weather|Snow|[from] ability: Snow Warning|[of] p2b: Ninetales\n|turn|8\n|\n|t:|1729275722\n|move|p1a: Kilowattrel|Thunderbolt|p2a: Skeledirge\n|-damage|p2a: Skeledirge|50\/100 par\n|-damage|p1a: Kilowattrel|72\/100|[from] item: Life Orb\n|move|p2b: Ninetales|Aurora Veil|p2b: Ninetales\n|-sidestart|p2: notMooose|move: Aurora Veil\n|move|p1b: Incineroar|Knock Off|p2a: Skeledirge\n|-supereffective|p2a: Skeledirge\n|-damage|p2a: Skeledirge|9\/100 par\n|-enditem|p2a: Skeledirge|Leftovers|[from] move: Knock Off|[of] p1b: Incineroar\n|move|p2a: Skeledirge|Torch Song|p1a: Kilowattrel\n|-damage|p1a: Kilowattrel|5\/100\n|-boost|p2a: Skeledirge|spa|1\n|\n|-weather|Snow|[upkeep]\n|-heal|p2b: Ninetales|67\/100|[from] Grassy Terrain\n|-heal|p1b: Incineroar|40\/100|[from] Grassy Terrain\n|-heal|p2a: Skeledirge|15\/100 par|[from] Grassy Terrain\n|-sideend|p1: respect.the.don|move: Tailwind\n|-fieldend|move: Grassy Terrain\n|upkeep\n|turn|9\n|inactive|notMooose has 30 seconds left.\n|\n|t:|1729275752\n|move|p1a: Kilowattrel|Protect|p1a: Kilowattrel\n|-singleturn|p1a: Kilowattrel|Protect\n|move|p2b: Ninetales|Protect|p2b: Ninetales\n|-singleturn|p2b: Ninetales|Protect\n|move|p1b: Incineroar|Flare Blitz|p2b: Ninetales\n|-activate|p2b: Ninetales|move: Protect\n|move|p2a: Skeledirge|Torch Song|p1a: Kilowattrel\n|-activate|p1a: Kilowattrel|move: Protect\n|\n|-weather|Snow|[upkeep]\n|upkeep\n|turn|10\n|inactive|notMooose has 30 seconds left.\n|\n|t:|1729275784\n|switch|p1a: Garchomp|Garchomp, L50, F|13\/100\n|move|p2b: Ninetales|Blizzard|p1a: Garchomp|[spread] p1a,p1b\n|-supereffective|p1a: Garchomp\n|-resisted|p1b: Incineroar\n|-damage|p1a: Garchomp|0 fnt\n|-damage|p1b: Incineroar|29\/100\n|faint|p1a: Garchomp\n|move|p1b: Incineroar|Flare Blitz|p2b: Ninetales\n|-supereffective|p2b: Ninetales\n|-crit|p2b: Ninetales\n|-damage|p2b: Ninetales|0 fnt\n|faint|p2b: Ninetales\n|-damage|p1b: Incineroar|13\/100|[from] Recoil\n|move|p2a: Skeledirge|Torch Song|p1b: Incineroar\n|-resisted|p1b: Incineroar\n|-damage|p1b: Incineroar|0 fnt\n|-boost|p2a: Skeledirge|spa|1\n|faint|p1b: Incineroar\n|\n|-weather|Snow|[upkeep]\n|upkeep\n|\n|t:|1729275797\n|switch|p2b: Glaceon|Glaceon, L50, M, tera:Water|91\/100\n|switch|p1a: Kilowattrel|Kilowattrel, L50, F|5\/100\n|turn|11\n|\n|t:|1729275801\n|move|p1a: Kilowattrel|Thunderbolt|p2b: Glaceon\n|-supereffective|p2b: Glaceon\n|-damage|p2b: Glaceon|18\/100\n|-damage|p1a: Kilowattrel|0 fnt|[from] item: Life Orb\n|faint|p1a: Kilowattrel\n|\n|win|notMooose\n|raw|respect.the.don's rating: 1678 &rarr; <strong>1663<\/strong><br \/>(-15 for losing)\n|raw|notMooose's rating: 1776 &rarr; <strong>1791<\/strong><br \/>(+15 for winning)\n|c|\u2606notMooose|Gg\n|l|\u2606respect.the.don\n|player|p1|\n|l| Tolde\n|l| Mixam91\n","uploadtime":1729275941,"views":14,"formatid":"gen9vgc2024regh","rating":1663,"private":0,"password":null}