{"id":"gen9vgc2024regh-2225268454","format":"[Gen 9] VGC 2024 Reg H","players":["Zordor","liam.2025"],"log":"|j|\u2606Zordor\n|j|\u2606liam.2025\n|t:|1729203976\n|gametype|doubles\n|player|p1|Zordor|pilot|1778\n|player|p2|liam.2025|2|1690\n|teamsize|p1|6\n|teamsize|p2|6\n|gen|9\n|tier|[Gen 9] VGC 2024 Reg H\n|rated|\n|rule|Species Clause: Limit one of each Pok\u00e9mon\n|rule|Item Clause: Limit 1 of each item\n|clearpoke\n|poke|p1|Rotom-Wash, L50|\n|poke|p1|Sneasler, L50, F|\n|poke|p1|Kingambit, L50, M|\n|poke|p1|Armarouge, L50, F|\n|poke|p1|Dragapult, L50, M|\n|poke|p1|Venusaur, L50, M|\n|poke|p2|Braviary-Hisui, L50, M|\n|poke|p2|Indeedee, L50, M|\n|poke|p2|Whimsicott, L50, M|\n|poke|p2|Sneasler, L50, M|\n|poke|p2|Tatsugiri-Stretchy, L50, M|\n|poke|p2|Dondozo, L50, F|\n|teampreview|4\n|j| SneakySmeggers\n|inactive|Battle timer is ON: inactive players will automatically lose when time's up. (requested by liam.2025)\n|\n|t:|1729204008\n|start\n|switch|p1a: Kingambit|Kingambit, L50, M|100\/100\n|switch|p1b: Armarouge|Armarouge, L50, F|100\/100\n|switch|p2a: Whimsicott|Whimsicott, L50, M|100\/100\n|switch|p2b: Braviary|Braviary-Hisui, L50, M|100\/100\n|turn|1\n|\n|t:|1729204022\n|-terastallize|p2b: Braviary|Fire\n|move|p1b: Armarouge|Protect|p1b: Armarouge\n|-singleturn|p1b: Armarouge|Protect\n|move|p2a: Whimsicott|Sunny Day|p2a: Whimsicott\n|-weather|SunnyDay\n|move|p2b: Braviary|Heat Wave|p1a: Kingambit|[spread] p1a\n|-activate|p1b: Armarouge|move: Protect\n|-supereffective|p1a: Kingambit\n|-damage|p1a: Kingambit|0 fnt\n|faint|p1a: Kingambit\n|-damage|p2b: Braviary|91\/100|[from] item: Life Orb\n|\n|-weather|SunnyDay|[upkeep]\n|upkeep\n|\n|t:|1729204034\n|switch|p1a: Sneasler|Sneasler, L50, F|100\/100\n|turn|2\n|\n|t:|1729204057\n|move|p2b: Braviary|Protect|p2b: Braviary\n|-singleturn|p2b: Braviary|Protect\n|move|p2a: Whimsicott|Encore|p1b: Armarouge\n|-start|p1b: Armarouge|Encore\n|move|p1a: Sneasler|Dire Claw|p2a: Whimsicott\n|-supereffective|p2a: Whimsicott\n|-enditem|p2a: Whimsicott|Focus Sash\n|-damage|p2a: Whimsicott|1\/100\n|move|p1b: Armarouge|Protect||[still]\n|-fail|p1b: Armarouge\n|\n|-weather|SunnyDay|[upkeep]\n|upkeep\n|turn|3\n|\n|t:|1729204073\n|move|p1b: Armarouge|Protect|p1b: Armarouge\n|-singleturn|p1b: Armarouge|Protect\n|move|p1a: Sneasler|Rock Tomb|p2b: Braviary\n|-supereffective|p2b: Braviary\n|-damage|p2b: Braviary|34\/100\n|-unboost|p2b: Braviary|spe|1\n|move|p2a: Whimsicott|Moonblast|p1a: Sneasler\n|-damage|p1a: Sneasler|56\/100\n|-unboost|p1a: Sneasler|spa|1\n|move|p2b: Braviary|Heat Wave|p1a: Sneasler|[spread] p1a\n|-activate|p1b: Armarouge|move: Protect\n|-damage|p1a: Sneasler|0 fnt\n|faint|p1a: Sneasler\n|-damage|p2b: Braviary|24\/100|[from] item: Life Orb\n|\n|-weather|SunnyDay|[upkeep]\n|upkeep\n|\n|t:|1729204080\n|switch|p1a: Venusaur|Venusaur, L50, M|100\/100\n|turn|4\n|\n|t:|1729204097\n|move|p1b: Armarouge|Protect|p1b: Armarouge\n|-singleturn|p1b: Armarouge|Protect\n|move|p2a: Whimsicott|Tailwind|p2a: Whimsicott\n|-sidestart|p2: liam.2025|move: Tailwind\n|move|p2b: Braviary|Heat Wave|p1a: Venusaur|[spread] \n|-activate|p1b: Armarouge|move: Protect\n|-miss|p2b: Braviary|p1a: Venusaur\n|move|p1a: Venusaur|Sludge Bomb|p2b: Braviary\n|-damage|p2b: Braviary|0 fnt\n|faint|p2b: Braviary\n|\n|-weather|SunnyDay|[upkeep]\n|-end|p1b: Armarouge|Encore\n|upkeep\n|\n|t:|1729204111\n|switch|p2b: Indeedee|Indeedee, L50, M|100\/100\n|-fieldstart|move: Psychic Terrain|[from] ability: Psychic Surge|[of] p2b: Indeedee\n|turn|5\n|j|+Serapis\n|j| DonShitDozo\n|\n|t:|1729204129\n|-terastallize|p1a: Venusaur|Steel\n|move|p2a: Whimsicott|Moonblast|p1b: Armarouge\n|-resisted|p1b: Armarouge\n|-damage|p1b: Armarouge|80\/100\n|move|p2b: Indeedee|Shadow Ball|p1b: Armarouge\n|-supereffective|p1b: Armarouge\n|-damage|p1b: Armarouge|0 fnt\n|faint|p1b: Armarouge\n|move|p1a: Venusaur|Giga Drain|p2b: Indeedee\n|-damage|p2b: Indeedee|53\/100\n|\n|-weather|none\n|upkeep\n|turn|6\n|\n|t:|1729204147\n|switch|p2b: Sneasler|Sneasler, L50, M|100\/100\n|-enditem|p2b: Sneasler|Psychic Seed\n|-boost|p2b: Sneasler|spd|1|[from] item: Psychic Seed\n|move|p2a: Whimsicott|Moonblast|p1a: Venusaur\n|-resisted|p1a: Venusaur\n|-damage|p1a: Venusaur|81\/100\n|move|p1a: Venusaur|Giga Drain|p2b: Sneasler\n|-resisted|p2b: Sneasler\n|-damage|p2b: Sneasler|86\/100\n|-heal|p1a: Venusaur|87\/100|[from] drain|[of] p2b: Sneasler\n|\n|-heal|p1a: Venusaur|94\/100|[from] item: Leftovers\n|upkeep\n|turn|7\n|\n|t:|1729204162\n|move|p2b: Sneasler|Close Combat|p1a: Venusaur\n|-supereffective|p1a: Venusaur\n|-damage|p1a: Venusaur|0 fnt\n|-unboost|p2b: Sneasler|def|1\n|-unboost|p2b: Sneasler|spd|1\n|faint|p1a: Venusaur\n|\n|win|liam.2025\n|raw|Zordor's rating: 1778 &rarr; <strong>1753<\/strong><br \/>(-25 for losing)\n|raw|liam.2025's rating: 1690 &rarr; <strong>1715<\/strong><br \/>(+25 for winning)\n|l|\u2606Zordor\n|player|p1|\n|l|+Serapis\n|l| DonShitDozo\n","uploadtime":1729204367,"views":16,"formatid":"gen9vgc2024regh","rating":1715,"private":0,"password":null}