{"id":"gen9vgc2024regh-2225901218","format":"[Gen 9] VGC 2024 Reg H","players":["AlejoB18","02her0"],"log":"|j|\u2606AlejoB18\n|j|\u260602her0\n|t:|1729280015\n|gametype|doubles\n|player|p1|AlejoB18|ethan|1679\n|player|p2|02her0|265|1686\n|teamsize|p1|6\n|teamsize|p2|6\n|gen|9\n|tier|[Gen 9] VGC 2024 Reg H\n|rated|\n|rule|Species Clause: Limit one of each Pok\u00e9mon\n|rule|Item Clause: Limit 1 of each item\n|clearpoke\n|poke|p1|Pelipper, L50, M|\n|poke|p1|Archaludon, L50, F|\n|poke|p1|Sneasler, L50, M|\n|poke|p1|Incineroar, L50, M|\n|poke|p1|Rillaboom, L50, M|\n|poke|p1|Dragonite, L50, F|\n|poke|p2|Dondozo, L50, F|\n|poke|p2|Tatsugiri, L50, M|\n|poke|p2|Annihilape, L50, M|\n|poke|p2|Clefable, L50, M|\n|poke|p2|Ceruledge, L50, M|\n|poke|p2|Kingambit, L50, M|\n|teampreview|4\n|inactive|Battle timer is ON: inactive players will automatically lose when time's up. (requested by AlejoB18)\n|j| Samevgcmons\n|inactive|AlejoB18 has 60 seconds left.\n|\n|t:|1729280054\n|start\n|switch|p1a: Pelipper|Pelipper, L50, M|100\/100\n|switch|p1b: Archaludon|Archaludon, L50, F|100\/100\n|switch|p2a: Annihilape|Annihilape, L50, M|100\/100\n|switch|p2b: Ceruledge|Ceruledge, L50, M|100\/100\n|-weather|RainDance|[from] ability: Drizzle|[of] p1a: Pelipper\n|turn|1\n|inactive|AlejoB18 has 30 seconds left.\n|inactive|02her0 has 30 seconds left.\n|inactive|AlejoB18 has 20 seconds left.\n|inactive|02her0 has 20 seconds left.\n|inactive|AlejoB18 has 15 seconds left.\n|inactive|02her0 has 15 seconds left.\n|inactive|AlejoB18 has 10 seconds left.\n|inactive|02her0 has 10 seconds left.\n|inactive|AlejoB18 has 5 seconds left.\n|\n|t:|1729280105\n|-terastallize|p1b: Archaludon|Electric\n|-terastallize|p2b: Ceruledge|Grass\n|move|p2a: Annihilape|Final Gambit|p1b: Archaludon\n|-ability|p1b: Archaludon|Sturdy\n|-damage|p1b: Archaludon|1\/100\n|faint|p2a: Annihilape\n|move|p1a: Pelipper|Hurricane|p2b: Ceruledge\n|-supereffective|p2b: Ceruledge\n|-damage|p2b: Ceruledge|38\/100\n|-start|p2b: Ceruledge|confusion\n|move|p1b: Archaludon|Electro Shot||[still]\n|-prepare|p1b: Archaludon|Electro Shot\n|-boost|p1b: Archaludon|spa|1\n|-anim|p1b: Archaludon|Electro Shot|p2b: Ceruledge\n|-resisted|p2b: Ceruledge\n|-damage|p2b: Ceruledge|0 fnt\n|faint|p2b: Ceruledge\n|\n|-weather|RainDance|[upkeep]\n|upkeep\n|\n|t:|1729280121\n|switch|p2a: Dondozo|Dondozo, L50, F|100\/100\n|switch|p2b: Tatsugiri|Tatsugiri, L50, M|100\/100\n|-activate|p2b: Tatsugiri|ability: Commander|[of] p2a: Dondozo\n|-boost|p2a: Dondozo|atk|2\n|-boost|p2a: Dondozo|spa|2\n|-boost|p2a: Dondozo|spe|2\n|-boost|p2a: Dondozo|def|2\n|-boost|p2a: Dondozo|spd|2\n|turn|2\n|inactive|AlejoB18 has 30 seconds left.\n|\n|t:|1729280155\n|switch|p1b: Rillaboom|Rillaboom, L50, M|100\/100\n|-fieldstart|move: Grassy Terrain|[from] ability: Grassy Surge|[of] p1b: Rillaboom\n|move|p1a: Pelipper|Hurricane|p2a: Dondozo\n|-damage|p2a: Dondozo|75\/100\n|move|p2a: Dondozo|Wave Crash|p1a: Pelipper\n|-resisted|p1a: Pelipper\n|-damage|p1a: Pelipper|0 fnt\n|faint|p1a: Pelipper\n|-damage|p2a: Dondozo|55\/100|[from] Recoil\n|\n|-weather|RainDance|[upkeep]\n|-heal|p2a: Dondozo|61\/100|[from] Grassy Terrain\n|upkeep\n|\n|t:|1729280170\n|switch|p1a: Dragonite|Dragonite, L50, F|100\/100\n|turn|3\n|\n|t:|1729280187\n|move|p1b: Rillaboom|Grassy Glide|p2a: Dondozo\n|-supereffective|p2a: Dondozo\n|-damage|p2a: Dondozo|36\/100\n|move|p2a: Dondozo|Wave Crash|p1b: Rillaboom\n|-resisted|p1b: Rillaboom\n|-damage|p1b: Rillaboom|22\/100\n|-damage|p2a: Dondozo|13\/100|[from] Recoil\n|move|p1a: Dragonite|Haze|p1a: Dragonite\n|-clearallboost\n|\n|-weather|RainDance|[upkeep]\n|-heal|p1b: Rillaboom|28\/100|[from] Grassy Terrain\n|-heal|p2a: Dondozo|19\/100|[from] Grassy Terrain\n|upkeep\n|turn|4\n|\n|t:|1729280205\n|move|p1b: Rillaboom|Grassy Glide|p2a: Dondozo\n|-supereffective|p2a: Dondozo\n|-damage|p2a: Dondozo|0 fnt\n|faint|p2a: Dondozo\n|move|p1a: Dragonite|Ice Spinner|p2b: Tatsugiri\n|-damage|p2b: Tatsugiri|49\/100\n|-fieldend|move: Grassy Terrain\n|\n|-weather|RainDance|[upkeep]\n|upkeep\n|turn|5\n|-message|02her0 forfeited.\n|\n|win|AlejoB18\n|raw|AlejoB18's rating: 1679 &rarr; <strong>1699<\/strong><br \/>(+20 for winning)\n|raw|02her0's rating: 1686 &rarr; <strong>1666<\/strong><br \/>(-20 for losing)\n|l|\u260602her0\n|player|p2|\n|l| Samevgcmons\n|l|\u2606AlejoB18\n|player|p1|\n","uploadtime":1729280459,"views":8,"formatid":"gen9vgc2024regh","rating":1666,"private":0,"password":null}