{"id":"gen9vgc2024regh-2225646850","format":"[Gen 9] VGC 2024 Reg H","players":["actuary97","lol lol lol blue"],"log":"|j|\u2606actuary97\n|j|\u2606lol lol lol blue\n|t:|1729256828\n|gametype|doubles\n|player|p1|actuary97|sabrina-frlg|1694\n|player|p2|lol lol lol blue|gentleman-gen4|1699\n|teamsize|p1|6\n|teamsize|p2|6\n|gen|9\n|tier|[Gen 9] VGC 2024 Reg H\n|rated|\n|rule|Species Clause: Limit one of each Pok\u00e9mon\n|rule|Item Clause: Limit 1 of each item\n|clearpoke\n|poke|p1|Whimsicott, L50, F|\n|poke|p1|Gallade, L50, M|\n|poke|p1|Ninetales-Alola, L50, F|\n|poke|p1|Malamar, L50, F|\n|poke|p1|Indeedee, L50, M|\n|poke|p1|Archaludon, L50, F|\n|poke|p2|Annihilape, L50, M|\n|poke|p2|Blaziken, L50, M|\n|poke|p2|Incineroar, L50, M|\n|poke|p2|Kilowattrel, L50, F|\n|poke|p2|Whimsicott, L50, F|\n|poke|p2|Sylveon, L50, M|\n|teampreview|4\nactuary97 has agreed to open team sheets.\nlol lol lol blue has agreed to open team sheets.\n|inactive|Battle timer is ON: inactive players will automatically lose when time's up. (requested by actuary97)\n|\n|t:|1729256911\n|start\n|switch|p1a: Tapu Deedee|Indeedee, L50, M, shiny|100\/100\n|switch|p1b: Malamother|Malamar, L50, F, shiny|100\/100\n|switch|p2a: Sylveon|Sylveon, L50, M|100\/100\n|switch|p2b: Kilowattrel|Kilowattrel, L50, F|100\/100\n|-fieldstart|move: Psychic Terrain|[from] ability: Psychic Surge|[of] p1a: Tapu Deedee\n|turn|1\n|inactive|lol lol lol blue has 30 seconds left.\n|\n|t:|1729256944\n|-terastallize|p1b: Malamother|Fire\n|-terastallize|p2a: Sylveon|Steel\n|move|p2b: Kilowattrel|Thunderbolt|p1a: Tapu Deedee\n|-damage|p1a: Tapu Deedee|45\/100\n|-status|p1a: Tapu Deedee|par\n|move|p2a: Sylveon|Hyper Voice|p1a: Tapu Deedee|[spread] p1a,p1b\n|-resisted|p1b: Malamother\n|-damage|p1a: Tapu Deedee|0 fnt\n|-damage|p1b: Malamother|82\/100\n|faint|p1a: Tapu Deedee\n|-enditem|p2a: Sylveon|Throat Spray\n|-boost|p2a: Sylveon|spa|1|[from] item: Throat Spray\n|move|p1b: Malamother|Trick Room|p1b: Malamother\n|-fieldstart|move: Trick Room|[of] p1b: Malamother\n|\n|upkeep\n|\n|t:|1729256957\n|switch|p1a: \u2694\ufe0fKing\u2694\ufe0f|Gallade, L50, M, shiny|100\/100\n|turn|2\n|\n|t:|1729256970\n|move|p2a: Sylveon|Protect|p2a: Sylveon\n|-singleturn|p2a: Sylveon|Protect\n|move|p1a: \u2694\ufe0fKing\u2694\ufe0f|Protect|p1a: \u2694\ufe0fKing\u2694\ufe0f\n|-singleturn|p1a: \u2694\ufe0fKing\u2694\ufe0f|Protect\n|move|p1b: Malamother|Topsy-Turvy|p2a: Sylveon\n|-activate|p2a: Sylveon|move: Protect\n|move|p2b: Kilowattrel|Air Slash|p1a: \u2694\ufe0fKing\u2694\ufe0f\n|-activate|p1a: \u2694\ufe0fKing\u2694\ufe0f|move: Protect\n|\n|upkeep\n|turn|3\n|\n|t:|1729256985\n|switch|p2a: angry monkey|Annihilape, L50, M|100\/100\n|move|p1b: Malamother|Superpower|p2b: Kilowattrel\n|-resisted|p2b: Kilowattrel\n|-damage|p2b: Kilowattrel|72\/100\n|-boost|p1b: Malamother|atk|1\n|-boost|p1b: Malamother|def|1\n|move|p1a: \u2694\ufe0fKing\u2694\ufe0f|Psycho Cut|p2b: Kilowattrel\n|-damage|p2b: Kilowattrel|0 fnt\n|faint|p2b: Kilowattrel\n|\n|upkeep\n|\n|t:|1729256994\n|switch|p2b: Sylveon|Sylveon, L50, M, tera:Steel|100\/100\n|turn|4\n|inactive|actuary97 has 30 seconds left.\n|inactive|lol lol lol blue has 30 seconds left.\n|\n|t:|1729257025\n|switch|p1a: Ninetales|Ninetales-Alola, L50, F, shiny|100\/100\n|-weather|Snow|[from] ability: Snow Warning|[of] p1a: Ninetales\n|move|p2a: angry monkey|Protect|p2a: angry monkey\n|-singleturn|p2a: angry monkey|Protect\n|move|p2b: Sylveon|Hyper Voice|p1b: Malamother|[spread] p1a,p1b\n|-resisted|p1b: Malamother\n|-damage|p1a: Ninetales|62\/100\n|-damage|p1b: Malamother|62\/100\n|move|p1b: Malamother|Superpower|p2b: Sylveon\n|-supereffective|p2b: Sylveon\n|-damage|p2b: Sylveon|0 fnt\n|-boost|p1b: Malamother|atk|1\n|-boost|p1b: Malamother|def|1\n|faint|p2b: Sylveon\n|\n|-weather|Snow|[upkeep]\n|upkeep\n|\n|t:|1729257036\n|switch|p2b: fast boi|Blaziken, L50, M|100\/100\n|turn|5\n|j| TrubbishTyler\n|\n|t:|1729257060\n|move|p1b: Malamother|Knock Off|p2a: angry monkey\n|-crit|p2a: angry monkey\n|-damage|p2a: angry monkey|0 fnt\n|-enditem|p2a: angry monkey|Safety Goggles|[from] move: Knock Off|[of] p1b: Malamother\n|faint|p2a: angry monkey\n|move|p2b: fast boi|Flare Blitz|p1a: Ninetales\n|-supereffective|p1a: Ninetales\n|-damage|p1a: Ninetales|0 fnt\n|faint|p1a: Ninetales\n|-damage|p2b: fast boi|78\/100|[from] Recoil\n|-damage|p2b: fast boi|68\/100|[from] item: Life Orb\n|\n|-weather|Snow|[upkeep]\n|-fieldend|move: Trick Room\n|-fieldend|move: Psychic Terrain\n|-ability|p2b: fast boi|Speed Boost|boost\n|-boost|p2b: fast boi|spe|1\n|upkeep\n|\n|t:|1729257068\n|switch|p1a: \u2694\ufe0fKing\u2694\ufe0f|Gallade, L50, M, shiny|100\/100\n|turn|6\n|\n|t:|1729257082\n|move|p2b: fast boi|Close Combat|p1b: Malamother\n|-damage|p1b: Malamother|27\/100\n|-unboost|p2b: fast boi|def|1\n|-unboost|p2b: fast boi|spd|1\n|-enditem|p1b: Malamother|Sitrus Berry|[eat]\n|-heal|p1b: Malamother|52\/100|[from] item: Sitrus Berry\n|-damage|p2b: fast boi|59\/100|[from] item: Life Orb\n|move|p1a: \u2694\ufe0fKing\u2694\ufe0f|Psycho Cut|p2b: fast boi\n|-supereffective|p2b: fast boi\n|-damage|p2b: fast boi|0 fnt\n|faint|p2b: fast boi\n|\n|win|actuary97\n|raw|actuary97's rating: 1694 &rarr; <strong>1714<\/strong><br \/>(+20 for winning)\n|raw|lol lol lol blue's rating: 1699 &rarr; <strong>1679<\/strong><br \/>(-20 for losing)\n|l|\u2606actuary97\n|player|p1|\n|l|\u2606lol lol lol blue\n|player|p2|\n|l| TrubbishTyler\n","uploadtime":1729257259,"views":14,"formatid":"gen9vgc2024regh","rating":1679,"private":0,"password":null}