{"id":"gen9vgc2024regh-2225918217","format":"[Gen 9] VGC 2024 Reg H","players":["N8NoDog","Chef AF"],"log":"|j|\u2606N8NoDog\n|j|\u203dChef AF\n|t:|1729281668\n|gametype|doubles\n|player|p1|N8NoDog|archer|1676\n|player|p2|Chef AF|bugcatcher-gen4dp|1730\n|teamsize|p1|6\n|teamsize|p2|6\n|gen|9\n|tier|[Gen 9] VGC 2024 Reg H\n|rated|\n|rule|Species Clause: Limit one of each Pok\u00e9mon\n|rule|Item Clause: Limit 1 of each item\n|clearpoke\n|poke|p1|Typhlosion-Hisui, L50, M|\n|poke|p1|Annihilape, L50, F|\n|poke|p1|Whimsicott, L50, F|\n|poke|p1|Farigiraf, L50, F|\n|poke|p1|Ursaluna-Bloodmoon, L50, M|\n|poke|p1|Dragonite, L50, M|\n|poke|p2|Hydrapple, L50, F|\n|poke|p2|Ninetales-Alola, L50, F|\n|poke|p2|Lycanroc, L50, F|\n|poke|p2|Tyranitar, L50, M|\n|poke|p2|Garchomp, L50, M|\n|poke|p2|Gyarados, L50, F|\n|teampreview|4\n|inactive|Battle timer is ON: inactive players will automatically lose when time's up. (requested by Chef AF)\n|inactive|N8NoDog also wants the timer to be on.\n|inactive|N8NoDog has 60 seconds left.\n|inactive|Chef AF has 60 seconds left.\n|\n|t:|1729281713\n|start\n|switch|p1a: Annihilape|Annihilape, L50, F|100\/100\n|switch|p1b: Dragonite|Dragonite, L50, M|100\/100\n|switch|p2a: Lycanroc|Lycanroc, L50, F, shiny|100\/100\n|switch|p2b: Tyranitar|Tyranitar, L50, M|100\/100\n|-weather|Sandstorm|[from] ability: Sand Stream|[of] p2b: Tyranitar\n|turn|1\n|inactive|N8NoDog has 30 seconds left.\n|\n|t:|1729281741\n|-terastallize|p2b: Tyranitar|Flying\n|move|p1b: Dragonite|Protect|p1b: Dragonite\n|-singleturn|p1b: Dragonite|Protect\n|move|p2a: Lycanroc|Rock Slide|p1b: Dragonite|[spread] p1a\n|-activate|p1b: Dragonite|move: Protect\n|-resisted|p1a: Annihilape\n|-damage|p1a: Annihilape|88\/100\n|cant|p1a: Annihilape|flinch\n|move|p2b: Tyranitar|Knock Off|p1a: Annihilape\n|-damage|p1a: Annihilape|35\/100\n|-enditem|p1a: Annihilape|Choice Scarf|[from] move: Knock Off|[of] p2b: Tyranitar\n|\n|-weather|Sandstorm|[upkeep]\n|-damage|p1a: Annihilape|29\/100|[from] Sandstorm\n|-damage|p1b: Dragonite|95\/100|[from] Sandstorm\n|-damage|p2b: Tyranitar|94\/100|[from] Sandstorm\n|upkeep\n|turn|2\n|inactive|N8NoDog has 30 seconds left.\n|inactive|N8NoDog has 20 seconds left.\n|\n|t:|1729281778\n|-terastallize|p1b: Dragonite|Fairy\n|move|p2a: Lycanroc|Rock Slide|p1a: Annihilape|[spread] p1b\n|-miss|p2a: Lycanroc|p1a: Annihilape\n|-damage|p1b: Dragonite|68\/100\n|move|p1a: Annihilape|Coaching|p1b: Dragonite\n|-boost|p1b: Dragonite|atk|1\n|-boost|p1b: Dragonite|def|1\n|move|p1b: Dragonite|Scale Shot|p2a: Lycanroc\n|-damage|p2a: Lycanroc|62\/100\n|-damage|p2a: Lycanroc|26\/100\n|-damage|p2a: Lycanroc|0 fnt\n|faint|p2a: Lycanroc\n|-hitcount|p2: Lycanroc|3\n|-unboost|p1b: Dragonite|def|1\n|-boost|p1b: Dragonite|spe|1\n|move|p2b: Tyranitar|Rock Slide|p1a: Annihilape|[spread] p1b\n|-miss|p2b: Tyranitar|p1a: Annihilape\n|-damage|p1b: Dragonite|37\/100\n|\n|-weather|Sandstorm|[upkeep]\n|-damage|p1b: Dragonite|32\/100|[from] Sandstorm\n|-damage|p1a: Annihilape|23\/100|[from] Sandstorm\n|-damage|p2b: Tyranitar|88\/100|[from] Sandstorm\n|upkeep\n|inactive|Chef AF has 30 seconds left.\n|\n|t:|1729281811\n|switch|p2a: Ninetales|Ninetales-Alola, L50, F|100\/100\n|-weather|Snow|[from] ability: Snow Warning|[of] p2a: Ninetales\n|turn|3\n|\n|t:|1729281828\n|move|p1b: Dragonite|Protect|p1b: Dragonite\n|-singleturn|p1b: Dragonite|Protect\n|move|p2a: Ninetales|Blizzard|p1b: Dragonite|[spread] p1a\n|-activate|p1b: Dragonite|move: Protect\n|-damage|p1a: Annihilape|0 fnt\n|faint|p1a: Annihilape\n|move|p2b: Tyranitar|Dragon Dance|p2b: Tyranitar\n|-boost|p2b: Tyranitar|atk|1\n|-boost|p2b: Tyranitar|spe|1\n|\n|-weather|Snow|[upkeep]\n|upkeep\n|\n|t:|1729281837\n|switch|p1a: Whimsicott|Whimsicott, L50, F|100\/100\n|turn|4\n|\n|t:|1729281847\n|move|p1a: Whimsicott|Sunny Day|p1a: Whimsicott\n|-weather|SunnyDay\n|move|p1b: Dragonite|Scale Shot|p2b: Tyranitar\n|-damage|p2b: Tyranitar|70\/100\n|-damage|p2b: Tyranitar|52\/100\n|-damage|p2b: Tyranitar|32\/100\n|-damage|p2b: Tyranitar|12\/100\n|-damage|p2b: Tyranitar|0 fnt\n|faint|p2b: Tyranitar\n|-hitcount|p2: Tyranitar|5\n|-unboost|p1b: Dragonite|def|1\n|-boost|p1b: Dragonite|spe|1\n|move|p2a: Ninetales|Blizzard|p1a: Whimsicott|[spread] p1a,p1b\n|-supereffective|p1a: Whimsicott\n|-enditem|p1a: Whimsicott|Focus Sash\n|-damage|p1a: Whimsicott|1\/100\n|-damage|p1b: Dragonite|0 fnt\n|faint|p1b: Dragonite\n|\n|-weather|SunnyDay|[upkeep]\n|upkeep\n|\n|t:|1729281868\n|switch|p1b: Typhlosion|Typhlosion-Hisui, L50, M|100\/100\n|switch|p2b: Gyarados|Gyarados, L50, F|100\/100\n|-ability|p2b: Gyarados|Intimidate|boost\n|-unboost|p1a: Whimsicott|atk|1\n|-unboost|p1b: Typhlosion|atk|1\n|turn|5\n|\n|t:|1729281884\n|move|p1a: Whimsicott|Moonblast|p2b: Gyarados\n|-damage|p2b: Gyarados|69\/100\n|-unboost|p2b: Gyarados|spa|1\n|move|p2a: Ninetales|Moonblast|p1a: Whimsicott\n|-damage|p1a: Whimsicott|0 fnt\n|faint|p1a: Whimsicott\n|move|p1b: Typhlosion|Eruption|p2a: Ninetales|[spread] p2a,p2b\n|-supereffective|p2a: Ninetales\n|-resisted|p2b: Gyarados\n|-damage|p2a: Ninetales|0 fnt\n|-damage|p2b: Gyarados|16\/100\n|faint|p2a: Ninetales\n|move|p2b: Gyarados|Waterfall|p1b: Typhlosion\n|-supereffective|p1b: Typhlosion\n|-damage|p1b: Typhlosion|52\/100\n|\n|-weather|SunnyDay|[upkeep]\n|upkeep\n|turn|6\n|\n|t:|1729281905\n|move|p2b: Gyarados|Protect|p2b: Gyarados\n|-singleturn|p2b: Gyarados|Protect\n|move|p1b: Typhlosion|Eruption|p2b: Gyarados\n|-activate|p2b: Gyarados|move: Protect\n|\n|-weather|SunnyDay|[upkeep]\n|upkeep\n|turn|7\n|\n|t:|1729281915\n|move|p1b: Typhlosion|Eruption|p2b: Gyarados\n|-resisted|p2b: Gyarados\n|-damage|p2b: Gyarados|0 fnt\n|faint|p2b: Gyarados\n|\n|win|N8NoDog\n|raw|N8NoDog's rating: 1676 &rarr; <strong>1699<\/strong><br \/>(+23 for winning)\n|raw|Chef AF's rating: 1730 &rarr; <strong>1707<\/strong><br \/>(-23 for losing)\n|l|\u2606N8NoDog\n|player|p1|\n|l|\u203dChef AF\n|player|p2|\n","uploadtime":1729282158,"views":15,"formatid":"gen9vgc2024regh","rating":1699,"private":0,"password":null}