{"id":"gen9vgc2024regh-2225376163","format":"[Gen 9] VGC 2024 Reg H","players":["rgktest","lichuvgc"],"log":"|j|\u2606rgktest\n|j|\u2606lichuvgc\n|t:|1729216755\n|gametype|doubles\n|player|p1|rgktest|brycenman|1730\n|player|p2|lichuvgc|dawn|1832\n|teamsize|p1|6\n|teamsize|p2|6\n|gen|9\n|tier|[Gen 9] VGC 2024 Reg H\n|rated|\n|rule|Species Clause: Limit one of each Pok\u00e9mon\n|rule|Item Clause: Limit 1 of each item\n|clearpoke\n|poke|p1|Weezing-Galar, L50, F|\n|poke|p1|Salamence, L50, F|\n|poke|p1|Ursaluna-Bloodmoon, L50, M|\n|poke|p1|Kommo-o, L50, F|\n|poke|p1|Dondozo, L50, F|\n|poke|p1|Tatsugiri, L50, M|\n|poke|p2|Gholdengo, L50|\n|poke|p2|Dragonite, L50, M|\n|poke|p2|Kingambit, L50, M|\n|poke|p2|Annihilape, L50, M|\n|poke|p2|Whimsicott, L50, F|\n|poke|p2|Volcarona, L50, F|\n|teampreview|4\n|\n|t:|1729216773\n|start\n|switch|p1a: Weezing|Weezing-Galar, L50, F|100\/100\n|switch|p1b: Salamence|Salamence, L50, F|100\/100\n|switch|p2a: Gholdengo|Gholdengo, L50, shiny|100\/100\n|switch|p2b: Dragonite|Dragonite, L50, M, shiny|100\/100\n|-ability|p1a: Weezing|Neutralizing Gas\n|turn|1\n|\n|t:|1729216789\n|-terastallize|p1b: Salamence|Fire\n|-terastallize|p2a: Gholdengo|Steel\n|move|p1b: Salamence|Heat Wave|p2b: Dragonite|[spread] p2a,p2b\n|-supereffective|p2a: Gholdengo\n|-resisted|p2b: Dragonite\n|-damage|p2a: Gholdengo|9\/100\n|-damage|p2b: Dragonite|83\/100\n|move|p2a: Gholdengo|Make It Rain|p1a: Weezing|[spread] p1a,p1b\n|-supereffective|p1a: Weezing\n|-resisted|p1b: Salamence\n|-damage|p1a: Weezing|0 fnt\n|-damage|p1b: Salamence|54\/100\n|-unboost|p2a: Gholdengo|spa|1\n|faint|p1a: Weezing\n|-end|p1a: Weezing|ability: Neutralizing Gas\n|-ability|p1b: Salamence|Intimidate|boost\n|-unboost|p2a: Gholdengo|atk|1\n|-unboost|p2b: Dragonite|atk|1\n|move|p2b: Dragonite|Scale Shot|p1b: Salamence\n|-damage|p1b: Salamence|42\/100\n|-damage|p1b: Salamence|29\/100\n|-damage|p1b: Salamence|16\/100\n|-damage|p1b: Salamence|3\/100\n|-damage|p1b: Salamence|0 fnt\n|faint|p1b: Salamence\n|-hitcount|p1: Salamence|5\n|-unboost|p2b: Dragonite|def|1\n|-boost|p2b: Dragonite|spe|1\n|\n|upkeep\n|\n|t:|1729216822\n|switch|p1b: Dondozo|Dondozo, L50, F|100\/100\n|switch|p1a: Tatsugiri|Tatsugiri, L50, M|100\/100\n|-activate|p1a: Tatsugiri|ability: Commander|[of] p1b: Dondozo\n|-boost|p1b: Dondozo|atk|2\n|-boost|p1b: Dondozo|spa|2\n|-boost|p1b: Dondozo|spe|2\n|-boost|p1b: Dondozo|def|2\n|-boost|p1b: Dondozo|spd|2\n|turn|2\n|\n|t:|1729216826\n|switch|p2a: Whimsicott|Whimsicott, L50, F, shiny|100\/100\n|move|p2b: Dragonite|Scale Shot|p1b: Dondozo\n|-crit|p1b: Dondozo\n|-damage|p1b: Dondozo|83\/100\n|-damage|p1b: Dondozo|76\/100\n|-damage|p1b: Dondozo|71\/100\n|-damage|p1b: Dondozo|65\/100\n|-hitcount|p1b: Dondozo|4\n|-unboost|p2b: Dragonite|def|1\n|-boost|p2b: Dragonite|spe|1\n|move|p1b: Dondozo|Earthquake|p2a: Whimsicott|[spread] p2a\n|-miss|p1b: Dondozo|p1a: Tatsugiri\n|-immune|p2b: Dragonite\n|-resisted|p2a: Whimsicott\n|-damage|p2a: Whimsicott|64\/100\n|\n|upkeep\n|turn|3\n|\n|t:|1729216839\n|move|p2b: Dragonite|Scale Shot|p1b: Dondozo\n|-damage|p1b: Dondozo|60\/100\n|-damage|p1b: Dondozo|54\/100\n|-damage|p1b: Dondozo|49\/100\n|-damage|p1b: Dondozo|43\/100\n|-damage|p1b: Dondozo|38\/100\n|-hitcount|p1b: Dondozo|5\n|-unboost|p2b: Dragonite|def|1\n|-boost|p2b: Dragonite|spe|1\n|move|p2a: Whimsicott|Moonblast|p1b: Dondozo\n|-damage|p1b: Dondozo|23\/100\n|move|p1b: Dondozo|Wave Crash|p2b: Dragonite\n|-resisted|p2b: Dragonite\n|-damage|p2b: Dragonite|21\/100\n|-damage|p1b: Dondozo|8\/100|[from] Recoil\n|\n|upkeep\n|turn|4\n|\n|t:|1729216856\n|move|p2b: Dragonite|Scale Shot|p1b: Dondozo\n|-damage|p1b: Dondozo|2\/100\n|-damage|p1b: Dondozo|0 fnt\n|faint|p1b: Dondozo\n|-hitcount|p1: Dondozo|2\n|-unboost|p2b: Dragonite|def|1\n|-boost|p2b: Dragonite|spe|1\n|move|p2a: Whimsicott|Moonblast|p1a: Tatsugiri\n|-supereffective|p1a: Tatsugiri\n|-damage|p1a: Tatsugiri|3\/100\n|-unboost|p1a: Tatsugiri|spa|1\n|\n|upkeep\n|turn|5\n|\n|t:|1729216888\n|move|p2b: Dragonite|Scale Shot|p1a: Tatsugiri\n|-supereffective|p1a: Tatsugiri\n|-damage|p1a: Tatsugiri|0 fnt\n|faint|p1a: Tatsugiri\n|-hitcount|p1: Tatsugiri|1\n|\n|win|lichuvgc\n|raw|rgktest's rating: 1749 &rarr; <strong>1734<\/strong><br \/>(-15 for losing)\n|raw|lichuvgc's rating: 1832 &rarr; <strong>1847<\/strong><br \/>(+15 for winning)\n|l|\u2606lichuvgc\n|player|p2|\n","uploadtime":1729217131,"views":54,"formatid":"gen9vgc2024regh","rating":1734,"private":0,"password":null}