{"id":"gen9vgc2024regh-2225855567","format":"[Gen 9] VGC 2024 Reg H","players":["newpreset2","KDR-Alt-711"],"log":"|j|\u2606newpreset2\n|j|\u2606KDR-Alt-711\n|t:|1729275770\n|gametype|doubles\n|player|p1|newpreset2|170|1694\n|player|p2|KDR-Alt-711|1|1706\n|teamsize|p1|6\n|teamsize|p2|6\n|gen|9\n|tier|[Gen 9] VGC 2024 Reg H\n|rated|\n|rule|Species Clause: Limit one of each Pok\u00e9mon\n|rule|Item Clause: Limit 1 of each item\n|clearpoke\n|poke|p1|Rhydon, L50, F|\n|poke|p1|Gholdengo, L50|\n|poke|p1|Rillaboom, L50, M|\n|poke|p1|Archaludon, L50, M|\n|poke|p1|Politoed, L50, F|\n|poke|p1|Dragonite, L50, F|\n|poke|p2|Chandelure, L50, M|\n|poke|p2|Reuniclus, L50, F|\n|poke|p2|Torkoal, L50, M|\n|poke|p2|Indeedee-F, L50, F|\n|poke|p2|Lilligant-Hisui, L50, F|\n|poke|p2|Kingambit, L50, F|\n|teampreview|4\n|j| futonkagebunshin\n|\n|t:|1729275792\n|start\n|switch|p1a: Gholdengo|Gholdengo, L50|100\/100\n|switch|p1b: Rhydon|Rhydon, L50, F|100\/100\n|switch|p2a: Chandelure|Chandelure, L50, M, shiny|100\/100\n|switch|p2b: Indeedee|Indeedee-F, L50, F, shiny|100\/100\n|-fieldstart|move: Psychic Terrain|[from] ability: Psychic Surge|[of] p2b: Indeedee\n|turn|1\n|inactive|Battle timer is ON: inactive players will automatically lose when time's up. (requested by KDR-Alt-711)\n|\n|t:|1729275813\n|switch|p2b: Torkoal|Torkoal, L50, M, shiny|100\/100\n|-weather|SunnyDay|[from] ability: Drought|[of] p2b: Torkoal\n|-terastallize|p2a: Chandelure|Fire\n|move|p1a: Gholdengo|Trick|p2a: Chandelure\n|-activate|p1a: Gholdengo|move: Trick|[of] p2a: Chandelure\n|-item|p2a: Chandelure|Choice Scarf|[from] move: Trick\n|-item|p1a: Gholdengo|Choice Scarf|[from] move: Trick\n|move|p2a: Chandelure|Heat Wave|p1b: Rhydon|[spread] p1a,p1b\n|-supereffective|p1a: Gholdengo\n|-resisted|p1b: Rhydon\n|-damage|p1a: Gholdengo|0 fnt\n|-damage|p1b: Rhydon|57\/100\n|faint|p1a: Gholdengo\n|move|p1b: Rhydon|Stone Edge|p2a: Chandelure|[miss]\n|-miss|p1b: Rhydon|p2a: Chandelure\n|\n|-weather|SunnyDay|[upkeep]\n|upkeep\n|\n|t:|1729275822\n|switch|p1a: Politoed|Politoed, L50, F|100\/100\n|-weather|RainDance|[from] ability: Drizzle|[of] p1a: Politoed\n|turn|2\n|j| Mixam91\n|\n|t:|1729275840\n|switch|p2a: Indeedee|Indeedee-F, L50, F, shiny|100\/100\n|switch|p2b: Reuniclus|Reuniclus, L50, F, shiny|100\/100\n|move|p1a: Politoed|Weather Ball|p2b: Reuniclus\n|-damage|p2b: Reuniclus|41\/100\n|move|p1b: Rhydon|Drill Run|p2a: Indeedee\n|-damage|p2a: Indeedee|69\/100\n|\n|-weather|RainDance|[upkeep]\n|upkeep\n|turn|3\n|\n|t:|1729275861\n|switch|p1a: Rillaboom|Rillaboom, L50, M|100\/100\n|-fieldstart|move: Grassy Terrain|[from] ability: Grassy Surge|[of] p1a: Rillaboom\n|-enditem|p1a: Rillaboom|Grassy Seed\n|-boost|p1a: Rillaboom|def|1|[from] item: Grassy Seed\n|switch|p2b: Torkoal|Torkoal, L50, M, shiny|100\/100\n|-weather|SunnyDay|[from] ability: Drought|[of] p2b: Torkoal\n|move|p1b: Rhydon|Drill Run|p2b: Torkoal\n|-supereffective|p2b: Torkoal\n|-damage|p2b: Torkoal|46\/100\n|move|p2a: Indeedee|Trick Room|p2a: Indeedee\n|-fieldstart|move: Trick Room|[of] p2a: Indeedee\n|\n|-weather|SunnyDay|[upkeep]\n|-heal|p2b: Torkoal|52\/100|[from] Grassy Terrain\n|-heal|p1b: Rhydon|63\/100|[from] Grassy Terrain\n|-heal|p2a: Indeedee|76\/100|[from] Grassy Terrain\n|upkeep\n|turn|4\n|inactive|newpreset2 has 30 seconds left.\n|\n|t:|1729275890\n|switch|p2a: Reuniclus|Reuniclus, L50, F, shiny|41\/100\n|move|p1a: Rillaboom|Fake Out|p2b: Torkoal\n|-damage|p2b: Torkoal|42\/100\n|cant|p2b: Torkoal|flinch\n|move|p1b: Rhydon|Drill Run|p2a: Reuniclus\n|-damage|p2a: Reuniclus|7\/100\n|\n|-weather|SunnyDay|[upkeep]\n|-heal|p2b: Torkoal|48\/100|[from] Grassy Terrain\n|-heal|p2a: Reuniclus|13\/100|[from] Grassy Terrain\n|-heal|p1b: Rhydon|69\/100|[from] Grassy Terrain\n|upkeep\n|turn|5\n|\n|t:|1729275911\n|switch|p2b: Indeedee|Indeedee-F, L50, F, shiny|76\/100\n|-fieldstart|move: Psychic Terrain|[from] ability: Psychic Surge|[of] p2b: Indeedee\n|switch|p1a: Politoed|Politoed, L50, F|100\/100\n|-weather|RainDance|[from] ability: Drizzle|[of] p1a: Politoed\n|move|p1b: Rhydon|Protect|p1b: Rhydon\n|-singleturn|p1b: Rhydon|Protect\n|move|p2a: Reuniclus|Expanding Force|p1a: Politoed|[spread] p1a\n|-activate|p1b: Rhydon|move: Protect\n|-damage|p1a: Politoed|28\/100\n|\n|-weather|RainDance|[upkeep]\n|upkeep\n|turn|6\n|inactive|KDR-Alt-711 has 30 seconds left.\n|\n|t:|1729275940\n|switch|p2b: Torkoal|Torkoal, L50, M, shiny|48\/100\n|-weather|SunnyDay|[from] ability: Drought|[of] p2b: Torkoal\n|switch|p1a: Rillaboom|Rillaboom, L50, M|100\/100\n|-fieldstart|move: Grassy Terrain|[from] ability: Grassy Surge|[of] p1a: Rillaboom\n|move|p2a: Reuniclus|Expanding Force|p1b: Rhydon\n|-damage|p1b: Rhydon|8\/100\n|move|p1b: Rhydon|Drill Run|p2a: Reuniclus\n|-damage|p2a: Reuniclus|0 fnt\n|faint|p2a: Reuniclus\n|\n|-weather|SunnyDay|[upkeep]\n|-heal|p2b: Torkoal|54\/100|[from] Grassy Terrain\n|-heal|p1b: Rhydon|14\/100|[from] Grassy Terrain\n|upkeep\n|\n|t:|1729275947\n|switch|p2a: Indeedee|Indeedee-F, L50, F, shiny|76\/100\n|-fieldstart|move: Psychic Terrain|[from] ability: Psychic Surge|[of] p2a: Indeedee\n|turn|7\n|\n|t:|1729275964\n|switch|p2b: Chandelure|Chandelure, L50, M, shiny, tera:Fire|100\/100\n|-terastallize|p1a: Rillaboom|Fire\n|move|p1b: Rhydon|Protect|p1b: Rhydon\n|-singleturn|p1b: Rhydon|Protect\n|move|p2a: Indeedee|Dazzling Gleam|p1a: Rillaboom|[spread] p1a\n|-activate|p1b: Rhydon|move: Protect\n|-resisted|p1a: Rillaboom\n|-damage|p1a: Rillaboom|94\/100\n|move|p1a: Rillaboom|Knock Off|p2a: Indeedee\n|-supereffective|p2a: Indeedee\n|-damage|p2a: Indeedee|12\/100\n|-enditem|p2a: Indeedee|Safety Goggles|[from] move: Knock Off|[of] p1a: Rillaboom\n|\n|-weather|SunnyDay|[upkeep]\n|-fieldend|move: Trick Room\n|upkeep\n|turn|8\n|inactive|newpreset2 has 30 seconds left.\n|\n|t:|1729275991\n|switch|p2a: Torkoal|Torkoal, L50, M, shiny|54\/100\n|move|p2b: Chandelure|Heat Wave|p1b: Rhydon|[spread] p1a\n|-miss|p2b: Chandelure|p1b: Rhydon\n|-resisted|p1a: Rillaboom\n|-damage|p1a: Rillaboom|50\/100\n|move|p1a: Rillaboom|Knock Off|p2a: Torkoal\n|-damage|p2a: Torkoal|32\/100\n|-enditem|p2a: Torkoal|Charcoal|[from] move: Knock Off|[of] p1a: Rillaboom\n|move|p1b: Rhydon|Stone Edge|p2b: Chandelure\n|-supereffective|p2b: Chandelure\n|-crit|p2b: Chandelure\n|-damage|p2b: Chandelure|0 fnt\n|faint|p2b: Chandelure\n|\n|-weather|SunnyDay|[upkeep]\n|upkeep\n|-message|KDR-Alt-711 forfeited.\n|\n|win|newpreset2\n|raw|newpreset2's rating: 1694 &rarr; <strong>1715<\/strong><br \/>(+21 for winning)\n|raw|KDR-Alt-711's rating: 1706 &rarr; <strong>1685<\/strong><br \/>(-21 for losing)\n|l|\u2606KDR-Alt-711\n|player|p2|\n|l|\u2606newpreset2\n|player|p1|\n|l| Mixam91\n","uploadtime":1729276222,"views":16,"formatid":"gen9vgc2024regh","rating":1685,"private":0,"password":null}