{"id":"gen9vgc2024regh-2225887341","format":"[Gen 9] VGC 2024 Reg H","players":["02her0","kojimuranishi"],"log":"|j|\u260602her0\n|j|\u2606kojimuranishi\n|t:|1729278671\n|gametype|doubles\n|player|p1|02her0|265|1728\n|player|p2|kojimuranishi|266|1731\n|teamsize|p1|6\n|teamsize|p2|6\n|gen|9\n|tier|[Gen 9] VGC 2024 Reg H\n|rated|\n|rule|Species Clause: Limit one of each Pok\u00e9mon\n|rule|Item Clause: Limit 1 of each item\n|clearpoke\n|poke|p1|Dondozo, L50, M|\n|poke|p1|Tatsugiri, L50, M|\n|poke|p1|Annihilape, L50, F|\n|poke|p1|Clefable, L50, M|\n|poke|p1|Ceruledge, L50, M|\n|poke|p1|Kingambit, L50, M|\n|poke|p2|Ursaluna-Bloodmoon, L50, M|\n|poke|p2|Gholdengo, L50|\n|poke|p2|Baxcalibur, L50, F|\n|poke|p2|Archaludon, L50, F|\n|poke|p2|Pelipper, L50, F|\n|poke|p2|Whimsicott, L50, M|\n|teampreview|4\n|inactive|Battle timer is ON: inactive players will automatically lose when time's up. (requested by kojimuranishi)\n|j| Phore\n|\n|t:|1729278698\n|start\n|switch|p1a: Annihilape|Annihilape, L50, F|100\/100\n|switch|p1b: Dondozo|Dondozo, L50, M|100\/100\n|switch|p2a: Archaludon|Archaludon, L50, F|100\/100\n|switch|p2b: Pelipper|Pelipper, L50, F|100\/100\n|-weather|RainDance|[from] ability: Drizzle|[of] p2b: Pelipper\n|turn|1\n|inactive|kojimuranishi has 30 seconds left.\n|inactive|kojimuranishi has 20 seconds left.\n|inactive|kojimuranishi has 15 seconds left.\n|inactive|kojimuranishi has 10 seconds left.\n|\n|t:|1729278744\n|-terastallize|p1b: Dondozo|Steel\n|move|p1a: Annihilape|U-turn|p2b: Pelipper\n|-resisted|p2b: Pelipper\n|-damage|p2b: Pelipper|88\/100\n|j| futonkagebunshin\n|\n|t:|1729278750\n|switch|p1a: Tatsugiri|Tatsugiri, L50, M|100\/100|[from] U-turn\n|-activate|p1a: Tatsugiri|ability: Commander|[of] p1b: Dondozo\n|-boost|p1b: Dondozo|atk|2\n|-boost|p1b: Dondozo|spa|2\n|-boost|p1b: Dondozo|spe|2\n|-boost|p1b: Dondozo|def|2\n|-boost|p1b: Dondozo|spd|2\n|move|p1b: Dondozo|Order Up|p2b: Pelipper\n|-damage|p2b: Pelipper|26\/100\n|-boost|p1b: Dondozo|atk|1\n|move|p2a: Archaludon|Draco Meteor|p1b: Dondozo\n|-resisted|p1b: Dondozo\n|-damage|p1b: Dondozo|72\/100\n|-unboost|p2a: Archaludon|spa|2\n|move|p2b: Pelipper|Tailwind|p2b: Pelipper\n|-sidestart|p2: kojimuranishi|move: Tailwind\n|\n|-weather|RainDance|[upkeep]\n|upkeep\n|turn|2\n|inactive|kojimuranishi has 30 seconds left.\n|inactive|kojimuranishi has 20 seconds left.\n|\n|t:|1729278788\n|move|p1b: Dondozo|Protect|p1b: Dondozo\n|-singleturn|p1b: Dondozo|Protect\n|move|p2a: Archaludon|Draco Meteor|p1b: Dondozo\n|-activate|p1b: Dondozo|move: Protect\n|move|p2b: Pelipper|Weather Ball|p1b: Dondozo\n|-activate|p1b: Dondozo|move: Protect\n|\n|-weather|RainDance|[upkeep]\n|upkeep\n|turn|3\n|inactive|02her0 has 30 seconds left.\n|\n|t:|1729278814\n|move|p2a: Archaludon|Draco Meteor|p1b: Dondozo\n|-resisted|p1b: Dondozo\n|-damage|p1b: Dondozo|41\/100\n|-unboost|p2a: Archaludon|spa|2\n|move|p2b: Pelipper|Weather Ball|p1b: Dondozo\n|-damage|p1b: Dondozo|4\/100\n|move|p1b: Dondozo|Order Up|p2b: Pelipper\n|-damage|p2b: Pelipper|0 fnt\n|faint|p2b: Pelipper\n|-boost|p1b: Dondozo|atk|1\n|\n|-weather|RainDance|[upkeep]\n|upkeep\n|\n|t:|1729278833\n|switch|p2b: Gholdengo|Gholdengo, L50|100\/100\n|turn|4\n|\n|t:|1729278840\n|switch|p2a: Ursaluna|Ursaluna-Bloodmoon, L50, M|100\/100\n|move|p1b: Dondozo|Protect|p1b: Dondozo\n|-singleturn|p1b: Dondozo|Protect\n|move|p2b: Gholdengo|Shadow Ball|p1b: Dondozo\n|-activate|p1b: Dondozo|move: Protect\n|\n|-weather|RainDance|[upkeep]\n|-sideend|p2: kojimuranishi|move: Tailwind\n|upkeep\n|turn|5\n|inactive|02her0 has 30 seconds left.\n|inactive|02her0 has 20 seconds left.\n|\n|t:|1729278879\n|move|p2b: Gholdengo|Shadow Ball|p1b: Dondozo\n|-damage|p1b: Dondozo|0 fnt\n|faint|p1b: Dondozo\n|move|p2a: Ursaluna|Blood Moon|p1a: Tatsugiri\n|-enditem|p1a: Tatsugiri|Focus Sash\n|-damage|p1a: Tatsugiri|1\/100\n|-damage|p2a: Ursaluna|91\/100|[from] item: Life Orb\n|\n|-weather|none\n|upkeep\n|\n|t:|1729278886\n|switch|p1b: Kingambit|Kingambit, L50, M|100\/100\n|turn|6\n|inactive|02her0 has 30 seconds left.\n|\n|t:|1729278911\n|-terastallize|p2b: Gholdengo|Steel\n|move|p1a: Tatsugiri|Protect|p1a: Tatsugiri\n|-singleturn|p1a: Tatsugiri|Protect\n|move|p1b: Kingambit|Sucker Punch|p2b: Gholdengo\n|-damage|p2b: Gholdengo|47\/100\n|move|p2b: Gholdengo|Shadow Ball|p1a: Tatsugiri\n|-activate|p1a: Tatsugiri|move: Protect\n|move|p2a: Ursaluna|Earth Power|p1b: Kingambit\n|-supereffective|p1b: Kingambit\n|-damage|p1b: Kingambit|0 fnt\n|faint|p1b: Kingambit\n|-damage|p2a: Ursaluna|81\/100|[from] item: Life Orb\n|\n|upkeep\n|\n|t:|1729278915\n|switch|p1b: Annihilape|Annihilape, L50, F|100\/100\n|turn|7\n|inactive|kojimuranishi has 30 seconds left.\n|inactive|kojimuranishi has 20 seconds left.\n|inactive|kojimuranishi has 15 seconds left.\n|inactive|kojimuranishi has 10 seconds left.\n|\n|t:|1729278962\n|move|p2a: Ursaluna|Protect|p2a: Ursaluna\n|-singleturn|p2a: Ursaluna|Protect\n|move|p1b: Annihilape|Close Combat|p2b: Gholdengo\n|-supereffective|p2b: Gholdengo\n|-crit|p2b: Gholdengo\n|-damage|p2b: Gholdengo|0 fnt\n|-unboost|p1b: Annihilape|def|1\n|-unboost|p1b: Annihilape|spd|1\n|faint|p2b: Gholdengo\n|move|p1a: Tatsugiri|Draco Meteor|p2a: Ursaluna\n|-activate|p2a: Ursaluna|move: Protect\n|\n|upkeep\n|\n|t:|1729278974\n|switch|p2b: Archaludon|Archaludon, L50, F|100\/100\n|turn|8\n|\n|t:|1729278986\n|move|p2a: Ursaluna|Protect||[still]\n|-fail|p2a: Ursaluna\n|move|p1b: Annihilape|Close Combat|p2b: Archaludon\n|-supereffective|p2b: Archaludon\n|-damage|p2b: Archaludon|10\/100\n|-unboost|p1b: Annihilape|def|1\n|-unboost|p1b: Annihilape|spd|1\n|move|p2b: Archaludon|Snarl|p1b: Annihilape|[spread] p1a,p1b\n|-damage|p1a: Tatsugiri|0 fnt\n|-damage|p1b: Annihilape|57\/100\n|-unboost|p1b: Annihilape|spa|1\n|-ability|p1b: Annihilape|Defiant|boost\n|-boost|p1b: Annihilape|atk|2\n|faint|p1a: Tatsugiri\n|\n|upkeep\n|turn|9\n|\n|t:|1729279003\n|move|p1b: Annihilape|Close Combat|p2a: Ursaluna\n|-supereffective|p2a: Ursaluna\n|-damage|p2a: Ursaluna|0 fnt\n|-unboost|p1b: Annihilape|def|1\n|-unboost|p1b: Annihilape|spd|1\n|faint|p2a: Ursaluna\n|move|p2b: Archaludon|Snarl|p1b: Annihilape\n|-damage|p1b: Annihilape|0 fnt\n|faint|p1b: Annihilape\n|\n|win|kojimuranishi\n|raw|02her0's rating: 1728 &rarr; <strong>1708<\/strong><br \/>(-20 for losing)\n|raw|kojimuranishi's rating: 1731 &rarr; <strong>1751<\/strong><br \/>(+20 for winning)\n|l| Phore\n|l|\u260602her0\n|player|p1|\n|l|\u2606kojimuranishi\n|player|p2|\n","uploadtime":1729279188,"views":10,"formatid":"gen9vgc2024regh","rating":1708,"private":0,"password":null}