{"id":"gen9vgc2024regh-2225262137","format":"[Gen 9] VGC 2024 Reg H","players":["Zordor","Hikawari"],"log":"|j|\u2606Zordor\n|j|\u2606Hikawari\n|t:|1729203271\n|gametype|doubles\n|player|p1|Zordor|pilot|1825\n|player|p2|Hikawari|101|1832\n|teamsize|p1|6\n|teamsize|p2|6\n|gen|9\n|tier|[Gen 9] VGC 2024 Reg H\n|rated|\n|rule|Species Clause: Limit one of each Pok\u00e9mon\n|rule|Item Clause: Limit 1 of each item\n|clearpoke\n|poke|p1|Rotom-Wash, L50|\n|poke|p1|Sneasler, L50, M|\n|poke|p1|Kingambit, L50, F|\n|poke|p1|Armarouge, L50, F|\n|poke|p1|Dragapult, L50, F|\n|poke|p1|Venusaur, L50, M|\n|poke|p2|Sneasler, L50, F|\n|poke|p2|Murkrow, L50, M|\n|poke|p2|Gholdengo, L50|\n|poke|p2|Indeedee, L50, M|\n|poke|p2|Annihilape, L50, F|\n|poke|p2|Sinistcha, L50|\n|teampreview|4\n|inactive|Battle timer is ON: inactive players will automatically lose when time's up. (requested by Hikawari)\n|j| drakeer\nHikawari has agreed to open team sheets.\n|inactive|Zordor has 60 seconds left.\n|l| drakeer\n|inactive|Zordor has 30 seconds left.\n|\n|t:|1729203334\n|start\n|switch|p1a: Sneasler|Sneasler, L50, M|100\/100\n|switch|p1b: Armarouge|Armarouge, L50, F|100\/100\n|switch|p2a: Murkrow|Murkrow, L50, M|100\/100\n|switch|p2b: Gholdengo|Gholdengo, L50|100\/100\n|turn|1\n|\n|t:|1729203357\n|switch|p1b: Kingambit|Kingambit, L50, F|100\/100\n|move|p2a: Murkrow|Tailwind|p2a: Murkrow\n|-sidestart|p2: Hikawari|move: Tailwind\n|move|p2b: Gholdengo|Shadow Ball|p1b: Kingambit\n|-resisted|p1b: Kingambit\n|-damage|p1b: Kingambit|67\/100\n|move|p1a: Sneasler|Dire Claw|p2a: Murkrow\n|-damage|p2a: Murkrow|57\/100\n|\n|upkeep\n|turn|2\n|inactive|Zordor has 30 seconds left.\n|inactive|Zordor has 20 seconds left.\n|\n|t:|1729203403\n|switch|p2a: Sneasler|Sneasler, L50, F, shiny|100\/100\n|move|p2b: Gholdengo|Shadow Ball|p1a: Sneasler\n|-damage|p1a: Sneasler|4\/100\n|move|p1a: Sneasler|Dire Claw|p2a: Sneasler\n|-resisted|p2a: Sneasler\n|-damage|p2a: Sneasler|64\/100\n|-status|p2a: Sneasler|par\n|move|p1b: Kingambit|Throat Chop|p2b: Gholdengo\n|-supereffective|p2b: Gholdengo\n|-damage|p2b: Gholdengo|8\/100\n|-start|p2b: Gholdengo|Throat Chop|[silent]\n|\n|upkeep\n|turn|3\n|inactive|Zordor has 30 seconds left.\n|\n|t:|1729203434\n|move|p1a: Sneasler|Protect|p1a: Sneasler\n|-singleturn|p1a: Sneasler|Protect\n|move|p1b: Kingambit|Protect|p1b: Kingambit\n|-singleturn|p1b: Kingambit|Protect\n|move|p2b: Gholdengo|Shadow Ball|p1b: Kingambit\n|-activate|p1b: Kingambit|move: Protect\n|move|p2a: Sneasler|Close Combat|p1b: Kingambit\n|-activate|p1b: Kingambit|move: Protect\n|\n|-end|p2b: Gholdengo|Throat Chop|[silent]\n|upkeep\n|turn|4\n|inactive|Zordor has 30 seconds left.\n|\n|t:|1729203467\n|switch|p2b: Indeedee|Indeedee, L50, M|100\/100\n|-fieldstart|move: Psychic Terrain|[from] ability: Psychic Surge|[of] p2b: Indeedee\n|move|p1b: Kingambit|Sucker Punch||[still]\n|-fail|p1b: Kingambit\n|move|p1a: Sneasler|Dire Claw|p2b: Indeedee\n|-damage|p2b: Indeedee|14\/100\n|move|p2a: Sneasler|Close Combat|p1b: Kingambit\n|-supereffective|p1b: Kingambit\n|-damage|p1b: Kingambit|0 fnt\n|-unboost|p2a: Sneasler|def|1\n|-unboost|p2a: Sneasler|spd|1\n|faint|p1b: Kingambit\n|-damage|p2a: Sneasler|54\/100 par|[from] item: Life Orb\n|\n|-sideend|p2: Hikawari|move: Tailwind\n|upkeep\n|j| mr pogostick\n|\n|t:|1729203489\n|switch|p1b: Dragapult|Dragapult, L50, F|100\/100\n|turn|5\n|inactive|Zordor has 30 seconds left.\n|inactive|Zordor has 20 seconds left.\n|inactive|Zordor has 15 seconds left.\n|\n|t:|1729203531\n|move|p1a: Sneasler|Protect|p1a: Sneasler\n|-singleturn|p1a: Sneasler|Protect\n|move|p2b: Indeedee|Protect|p2b: Indeedee\n|-singleturn|p2b: Indeedee|Protect\n|move|p1b: Dragapult|Dragon Darts|p2a: Sneasler\n|-damage|p2a: Sneasler|0 fnt\n|faint|p2a: Sneasler\n|\n|upkeep\n|\n|t:|1729203535\n|switch|p2a: Murkrow|Murkrow, L50, M|57\/100\n|turn|6\n|j| SneakySmeggers\n|inactive|Zordor has 30 seconds left.\n|inactive|Zordor has 20 seconds left.\n|\n|t:|1729203574\n|switch|p1a: Armarouge|Armarouge, L50, F|100\/100\n|-terastallize|p2b: Indeedee|Psychic\n|move|p2a: Murkrow|Tailwind|p2a: Murkrow\n|-sidestart|p2: Hikawari|move: Tailwind\n|move|p2b: Indeedee|Expanding Force|p1b: Dragapult|[spread] p1a,p1b\n|-resisted|p1a: Armarouge\n|-damage|p1a: Armarouge|60\/100\n|-damage|p1b: Dragapult|37\/100\n|move|p1b: Dragapult|Dragon Darts|p2a: Murkrow\n|-damage|p2a: Murkrow|33\/100\n|-anim|p1b: Dragapult|Dragon Darts|p2b: Indeedee\n|-damage|p2b: Indeedee|0 fnt\n|faint|p2b: Indeedee\n|\n|upkeep\n|\n|t:|1729203582\n|switch|p2b: Gholdengo|Gholdengo, L50|8\/100\n|turn|7\n|inactive|Zordor has 30 seconds left.\n|inactive|Zordor has 20 seconds left.\n|inactive|Zordor has 15 seconds left.\n|inactive|Zordor has 10 seconds left.\n|\n|t:|1729203627\n|-terastallize|p1b: Dragapult|Fighting\n|move|p2b: Gholdengo|Make It Rain|p1a: Armarouge|[spread] p1a,p1b\n|-resisted|p1a: Armarouge\n|-damage|p1a: Armarouge|12\/100\n|-damage|p1b: Dragapult|0 fnt\n|-unboost|p2b: Gholdengo|spa|1\n|faint|p1b: Dragapult\n|move|p2a: Murkrow|Foul Play|p1a: Armarouge\n|-supereffective|p1a: Armarouge\n|-damage|p1a: Armarouge|0 fnt\n|faint|p1a: Armarouge\n|\n|upkeep\n|\n|t:|1729203633\n|switch|p1b: Sneasler|Sneasler, L50, M|4\/100\n|turn|8\n|\n|t:|1729203640\n|move|p1b: Sneasler|Protect|p1b: Sneasler\n|-singleturn|p1b: Sneasler|Protect\n|move|p2b: Gholdengo|Make It Rain|p1b: Sneasler\n|-activate|p1b: Sneasler|move: Protect\n|move|p2a: Murkrow|Foul Play|p1b: Sneasler\n|-activate|p1b: Sneasler|move: Protect\n|\n|-fieldend|move: Psychic Terrain\n|upkeep\n|turn|9\n|\n|t:|1729203655\n|move|p2b: Gholdengo|Make It Rain|p1b: Sneasler\n|-damage|p1b: Sneasler|0 fnt\n|-unboost|p2b: Gholdengo|spa|1\n|faint|p1b: Sneasler\n|\n|win|Hikawari\n|raw|Zordor's rating: 1825 &rarr; <strong>1805<\/strong><br \/>(-20 for losing)\n|raw|Hikawari's rating: 1832 &rarr; <strong>1852<\/strong><br \/>(+20 for winning)\n|l|\u2606Zordor\n|player|p1|\n|l|\u2606Hikawari\n|player|p2|\n|l| mr pogostick\n","uploadtime":1729203813,"views":112,"formatid":"gen9vgc2024regh","rating":1805,"private":0,"password":null}