{"id":"gen9vgc2024regh-2225799938","format":"[Gen 9] VGC 2024 Reg H","players":["maggeprutten","Stempe"],"log":"|j|\u2606maggeprutten\n|j|\u2606Stempe\n|t:|1729270769\n|gametype|doubles\n|player|p1|maggeprutten|supernerd|1655\n|player|p2|Stempe|101|1704\n|teamsize|p1|6\n|teamsize|p2|6\n|gen|9\n|tier|[Gen 9] VGC 2024 Reg H\n|rated|\n|rule|Species Clause: Limit one of each Pok\u00e9mon\n|rule|Item Clause: Limit 1 of each item\n|clearpoke\n|poke|p1|Dondozo, L50, F|\n|poke|p1|Tatsugiri, L50, F|\n|poke|p1|Talonflame, L50, F|\n|poke|p1|Gholdengo, L50|\n|poke|p1|Glimmora, L50, M|\n|poke|p1|Dragonite, L50, F|\n|poke|p2|Dragapult, L50, M|\n|poke|p2|Annihilape, L50, M|\n|poke|p2|Whimsicott, L50, F|\n|poke|p2|Maushold-Four, L50|\n|poke|p2|Typhlosion-Hisui, L50, F|\n|poke|p2|Hydreigon, L50, F|\n|teampreview|4\nmaggeprutten has agreed to open team sheets.\n|inactive|Battle timer is ON: inactive players will automatically lose when time's up. (requested by maggeprutten)\n|\n|t:|1729270800\n|start\n|switch|p1a: Talonflame|Talonflame, L50, F|100\/100\n|switch|p1b: Glimmora|Glimmora, L50, M|100\/100\n|switch|p2a: Whimsicott|Whimsicott, L50, F|100\/100\n|switch|p2b: Dragapult|Dragapult, L50, M|100\/100\n|turn|1\n|inactive|maggeprutten has 30 seconds left.\n|\n|t:|1729270828\n|-terastallize|p1a: Talonflame|Stellar\n|move|p1a: Talonflame|Brave Bird|p2a: Whimsicott\n|-supereffective|p2a: Whimsicott\n|-damage|p2a: Whimsicott|0 fnt\n|faint|p2a: Whimsicott\n|-damage|p1a: Talonflame|67\/100|[from] Recoil\n|move|p2b: Dragapult|Dragon Darts|p1a: Talonflame\n|-damage|p1a: Talonflame|15\/100\n|-anim|p2b: Dragapult|Dragon Darts|p1b: Glimmora\n|-damage|p1b: Glimmora|59\/100\n|-activate|p1b: Glimmora|ability: Toxic Debris\n|-sidestart|p2: Stempe|move: Toxic Spikes\n|move|p1b: Glimmora|Power Gem|p2b: Dragapult\n|-damage|p2b: Dragapult|48\/100\n|\n|upkeep\n|\n|t:|1729270845\n|switch|p2a: Annihilape|Annihilape, L50, M|100\/100\n|-status|p2a: Annihilape|psn\n|turn|2\n|\n|t:|1729270869\n|move|p2b: Dragapult|Dragon Darts|p1a: Talonflame\n|-damage|p1a: Talonflame|0 fnt\n|-anim|p2b: Dragapult|Dragon Darts|p1b: Glimmora\n|-damage|p1b: Glimmora|20\/100\n|-activate|p1b: Glimmora|ability: Toxic Debris\n|-sidestart|p2: Stempe|move: Toxic Spikes\n|faint|p1a: Talonflame\n|move|p1b: Glimmora|Power Gem|p2b: Dragapult\n|-crit|p2b: Dragapult\n|-damage|p2b: Dragapult|0 fnt\n|faint|p2b: Dragapult\n|move|p2a: Annihilape|Bulk Up|p2a: Annihilape\n|-boost|p2a: Annihilape|atk|1\n|-boost|p2a: Annihilape|def|1\n|\n|-damage|p2a: Annihilape|88\/100 psn|[from] psn\n|upkeep\n|\n|t:|1729270883\n|switch|p2b: Maushold|Maushold-Four, L50|100\/100\n|switch|p1a: Dondozo|Dondozo, L50, F|100\/100\n|-status|p2b: Maushold|tox\n|turn|3\n|\n|t:|1729270898\n|switch|p1b: Tatsugiri|Tatsugiri, L50, F|100\/100\n|-activate|p1b: Tatsugiri|ability: Commander|[of] p1a: Dondozo\n|-boost|p1a: Dondozo|atk|2\n|-boost|p1a: Dondozo|spa|2\n|-boost|p1a: Dondozo|spe|2\n|-boost|p1a: Dondozo|def|2\n|-boost|p1a: Dondozo|spd|2\n|-terastallize|p2a: Annihilape|Grass\n|move|p2b: Maushold|Population Bomb|p1a: Dondozo\n|-damage|p1a: Dondozo|96\/100\n|-damage|p1a: Dondozo|92\/100\n|-damage|p1a: Dondozo|87\/100\n|-damage|p1a: Dondozo|83\/100\n|-damage|p1a: Dondozo|78\/100\n|-damage|p1a: Dondozo|74\/100\n|-damage|p1a: Dondozo|70\/100\n|-damage|p1a: Dondozo|66\/100\n|-damage|p1a: Dondozo|61\/100\n|-hitcount|p1a: Dondozo|9\n|move|p1a: Dondozo|Earthquake|p2b: Maushold|[spread] p2a,p2b\n|-miss|p1a: Dondozo|p1b: Tatsugiri\n|-resisted|p2a: Annihilape\n|-damage|p2a: Annihilape|63\/100 psn\n|-damage|p2b: Maushold|22\/100 tox\n|move|p2a: Annihilape|Drain Punch|p1b: Tatsugiri|[miss]\n|-miss|p2a: Annihilape|p1b: Tatsugiri\n|\n|-heal|p1a: Dondozo|67\/100|[from] item: Leftovers\n|-heal|p2a: Annihilape|69\/100 psn|[from] item: Leftovers\n|-damage|p2b: Maushold|16\/100 tox|[from] psn\n|-damage|p2a: Annihilape|57\/100 psn|[from] psn\n|upkeep\n|turn|4\n|inactive|maggeprutten has 30 seconds left.\n|inactive|maggeprutten has 20 seconds left.\n|inactive|maggeprutten has 15 seconds left.\n|\n|t:|1729270939\n|move|p2b: Maushold|Population Bomb|p1a: Dondozo\n|-damage|p1a: Dondozo|63\/100\n|-damage|p1a: Dondozo|59\/100\n|-damage|p1a: Dondozo|54\/100\n|-damage|p1a: Dondozo|50\/100\n|-damage|p1a: Dondozo|46\/100\n|-damage|p1a: Dondozo|42\/100\n|-damage|p1a: Dondozo|37\/100\n|-damage|p1a: Dondozo|33\/100\n|-damage|p1a: Dondozo|28\/100\n|-damage|p1a: Dondozo|24\/100\n|-hitcount|p1a: Dondozo|10\n|move|p1a: Dondozo|Order Up|p2a: Annihilape\n|-damage|p2a: Annihilape|6\/100 psn\n|-boost|p1a: Dondozo|atk|1\n|move|p2a: Annihilape|Drain Punch|p1a: Dondozo\n|-damage|p1a: Dondozo|9\/100\n|-heal|p2a: Annihilape|13\/100 psn|[from] drain|[of] p1a: Dondozo\n|\n|-heal|p1a: Dondozo|15\/100|[from] item: Leftovers\n|-heal|p2a: Annihilape|19\/100 psn|[from] item: Leftovers\n|-damage|p2b: Maushold|4\/100 tox|[from] psn\n|-damage|p2a: Annihilape|7\/100 psn|[from] psn\n|upkeep\n|turn|5\n|\n|t:|1729270962\n|move|p1a: Dondozo|Protect|p1a: Dondozo\n|-singleturn|p1a: Dondozo|Protect\n|move|p2b: Maushold|Population Bomb|p1a: Dondozo\n|-activate|p1a: Dondozo|move: Protect\n|move|p2a: Annihilape|Drain Punch|p1a: Dondozo\n|-activate|p1a: Dondozo|move: Protect\n|\n|-heal|p1a: Dondozo|21\/100|[from] item: Leftovers\n|-heal|p2a: Annihilape|13\/100 psn|[from] item: Leftovers\n|-damage|p2b: Maushold|0 fnt|[from] psn\n|faint|p2b: Maushold\n|-damage|p2a: Annihilape|0 fnt|[from] psn\n|faint|p2a: Annihilape\n|\n|win|maggeprutten\n|upkeep\n|raw|maggeprutten's rating: 1655 &rarr; <strong>1678<\/strong><br \/>(+23 for winning)\n|raw|Stempe's rating: 1704 &rarr; <strong>1681<\/strong><br \/>(-23 for losing)\n|l|\u2606Stempe\n|player|p2|\n|l|\u2606maggeprutten\n|player|p1|\n","uploadtime":1729271169,"views":9,"formatid":"gen9vgc2024regh","rating":1678,"private":0,"password":null}