{"id":"gen9vgc2024regh-2225072526","format":"[Gen 9] VGC 2024 Reg H","players":["Marchingegno","SnarkyShane"],"log":"|j|\u2606Marchingegno\n|j|\u2606SnarkyShane\n|t:|1729185492\n|gametype|doubles\n|player|p1|Marchingegno|cynthia|1710\n|player|p2|SnarkyShane|gambler|1811\n|teamsize|p1|6\n|teamsize|p2|6\n|gen|9\n|tier|[Gen 9] VGC 2024 Reg H\n|rated|\n|rule|Species Clause: Limit one of each Pok\u00e9mon\n|rule|Item Clause: Limit 1 of each item\n|clearpoke\n|poke|p1|Garchomp, L50, M|\n|poke|p1|Murkrow, L50, F|\n|poke|p1|Dragonite, L50, M|\n|poke|p1|Gholdengo, L50|\n|poke|p1|Incineroar, L50, M|\n|poke|p1|Amoonguss, L50, M|\n|poke|p2|Baxcalibur, L50, M|\n|poke|p2|Ninetales-Alola, L50, M|\n|poke|p2|Sneasler, L50, M|\n|poke|p2|Ceruledge, L50, F|\n|poke|p2|Volcarona, L50, F|\n|poke|p2|Gastrodon, L50, F|\n|teampreview|4\n|inactive|Battle timer is ON: inactive players will automatically lose when time's up. (requested by Marchingegno)\n|j| Cyp12\n|inactive|SnarkyShane has 60 seconds left.\n|l| Cyp12\n|\n|t:|1729185544\n|start\n|switch|p1a: Murkrow|Murkrow, L50, F|100\/100\n|switch|p1b: Gholdengo|Gholdengo, L50|100\/100\n|switch|p2a: Elsa|Ninetales-Alola, L50, M|100\/100\n|switch|p2b: Firefly|Volcarona, L50, F|100\/100\n|-weather|Snow|[from] ability: Snow Warning|[of] p2a: Elsa\n|turn|1\n|inactive|SnarkyShane has 30 seconds left.\n|\n|t:|1729185572\n|switch|p2a: Aquarium Cleaner|Gastrodon, L50, F|100\/100\n|move|p1a: Murkrow|Tailwind|p1a: Murkrow\n|-sidestart|p1: Marchingegno|move: Tailwind\n|move|p1b: Gholdengo|Power Gem|p2b: Firefly\n|-supereffective|p2b: Firefly\n|-damage|p2b: Firefly|0 fnt\n|faint|p2b: Firefly\n|\n|-weather|Snow|[upkeep]\n|upkeep\n|\n|t:|1729185587\n|switch|p2b: Elsa|Ninetales-Alola, L50, M|100\/100\n|turn|2\n|j| Mixam91\n|\n|t:|1729185596\n|-terastallize|p2b: Elsa|Ghost\n|move|p1a: Murkrow|Taunt|p2b: Elsa\n|-start|p2b: Elsa|move: Taunt\n|move|p1b: Gholdengo|Power Gem|p2b: Elsa\n|-damage|p2b: Elsa|53\/100\n|cant|p2b: Elsa|move: Taunt|Aurora Veil\n|move|p2a: Aquarium Cleaner|Earth Power|p1b: Gholdengo\n|-supereffective|p1b: Gholdengo\n|-damage|p1b: Gholdengo|29\/100\n|\n|-weather|Snow|[upkeep]\n|upkeep\n|turn|3\n|\n|t:|1729185611\n|move|p1b: Gholdengo|Power Gem|p2b: Elsa\n|-crit|p2b: Elsa\n|-damage|p2b: Elsa|0 fnt\n|faint|p2b: Elsa\n|move|p1a: Murkrow|Foul Play|p2a: Aquarium Cleaner\n|-damage|p2a: Aquarium Cleaner|81\/100\n|move|p2a: Aquarium Cleaner|Earth Power|p1b: Gholdengo\n|-supereffective|p1b: Gholdengo\n|-damage|p1b: Gholdengo|0 fnt\n|faint|p1b: Gholdengo\n|\n|-weather|Snow|[upkeep]\n|upkeep\n|\n|t:|1729185615\n|switch|p2b: BULXcaliber|Baxcalibur, L50, M|100\/100\n|switch|p1b: Garchomp|Garchomp, L50, M|100\/100\n|turn|4\n|\n|t:|1729185626\n|-terastallize|p1b: Garchomp|Ground\n|move|p1b: Garchomp|Earthquake|p2a: Aquarium Cleaner|[spread] p2a,p2b\n|-immune|p1a: Murkrow\n|-damage|p2a: Aquarium Cleaner|17\/100\n|-damage|p2b: BULXcaliber|58\/100\n|-enditem|p2a: Aquarium Cleaner|Sitrus Berry|[eat]\n|-heal|p2a: Aquarium Cleaner|41\/100|[from] item: Sitrus Berry\n|-damage|p1b: Garchomp|91\/100|[from] item: Life Orb\n|move|p1a: Murkrow|Foul Play|p2b: BULXcaliber\n|-damage|p2b: BULXcaliber|27\/100\n|move|p2b: BULXcaliber|Dragon Dance|p2b: BULXcaliber\n|-boost|p2b: BULXcaliber|atk|1\n|-boost|p2b: BULXcaliber|spe|1\n|move|p2a: Aquarium Cleaner|Yawn|p1a: Murkrow\n|-start|p1a: Murkrow|move: Yawn|[of] p2a: Aquarium Cleaner\n|\n|-weather|Snow|[upkeep]\n|-heal|p2b: BULXcaliber|32\/100|[from] ability: Ice Body\n|-heal|p2b: BULXcaliber|38\/100|[from] item: Leftovers\n|-sideend|p1: Marchingegno|move: Tailwind\n|upkeep\n|turn|5\n|\n|t:|1729185649\n|move|p2b: BULXcaliber|Protect|p2b: BULXcaliber\n|-singleturn|p2b: BULXcaliber|Protect\n|move|p1a: Murkrow|Haze|p1a: Murkrow\n|-clearallboost\n|move|p1b: Garchomp|Earthquake|p2b: BULXcaliber|[spread] p2a\n|-activate|p2b: BULXcaliber|move: Protect\n|-immune|p1a: Murkrow\n|-damage|p2a: Aquarium Cleaner|0 fnt\n|faint|p2a: Aquarium Cleaner\n|-damage|p1b: Garchomp|81\/100|[from] item: Life Orb\n|\n|-weather|none\n|-heal|p2b: BULXcaliber|44\/100|[from] item: Leftovers\n|-end|p1a: Murkrow|move: Yawn|[silent]\n|-status|p1a: Murkrow|slp\n|upkeep\n|turn|6\n|\n|t:|1729185659\n|switch|p1a: Incineroar|Incineroar, L50, M, shiny|100\/100\n|-ability|p1a: Incineroar|Intimidate|boost\n|-unboost|p2b: BULXcaliber|atk|1\n|move|p1b: Garchomp|Dragon Claw|p2b: BULXcaliber\n|-supereffective|p2b: BULXcaliber\n|-damage|p2b: BULXcaliber|0 fnt\n|faint|p2b: BULXcaliber\n|-damage|p1b: Garchomp|71\/100|[from] item: Life Orb\n|\n|win|Marchingegno\n|raw|Marchingegno's rating: 1710 &rarr; <strong>1736<\/strong><br \/>(+26 for winning)\n|raw|SnarkyShane's rating: 1811 &rarr; <strong>1785<\/strong><br \/>(-26 for losing)\n|l|\u2606SnarkyShane\n|player|p2|\n|l|\u2606Marchingegno\n|player|p1|\n|l| Mixam91\n","uploadtime":1729185802,"views":8,"formatid":"gen9vgc2024regh","rating":1736,"private":0,"password":null}