{"id":"gen9vgc2024regh-2225850347","format":"[Gen 9] VGC 2024 Reg H","players":["ren122333","pantsuit"],"log":"|j|\u2606ren122333\n|j|\u2606pantsuit\n|t:|1729275297\n|gametype|doubles\n|player|p1|ren122333|hilbert|1639\n|player|p2|pantsuit|265|1759\n|teamsize|p1|6\n|teamsize|p2|6\n|gen|9\n|tier|[Gen 9] VGC 2024 Reg H\n|rated|\n|rule|Species Clause: Limit one of each Pok\u00e9mon\n|rule|Item Clause: Limit 1 of each item\n|clearpoke\n|poke|p1|Whimsicott, L50, M|\n|poke|p1|Mamoswine, L50, M|\n|poke|p1|Lycanroc-Dusk, L50, F|\n|poke|p1|Typhlosion-Hisui, L50, F|\n|poke|p1|Farigiraf, L50, M|\n|poke|p1|Mienshao, L50, M|\n|poke|p2|Porygon2, L50|\n|poke|p2|Ursaluna, L50, M|\n|poke|p2|Incineroar, L50, M|\n|poke|p2|Sneasler, L50, F|\n|poke|p2|Archaludon, L50, F|\n|poke|p2|Yanmega, L50, M|\n|teampreview|4\n|inactive|Battle timer is ON: inactive players will automatically lose when time's up. (requested by ren122333)\n|\n|t:|1729275341\n|start\n|switch|p1a: Whimsicott|Whimsicott, L50, M|100\/100\n|switch|p1b: Lycanroc|Lycanroc-Dusk, L50, F|100\/100\n|switch|p2a: Incineroar|Incineroar, L50, M, shiny|100\/100\n|switch|p2b: Yanmega|Yanmega, L50, M, shiny|100\/100\n|-ability|p2a: Incineroar|Intimidate|boost\n|-unboost|p1a: Whimsicott|atk|1\n|-unboost|p1b: Lycanroc|atk|1\n|turn|1\n|\n|t:|1729275359\n|move|p2b: Yanmega|Detect|p2b: Yanmega\n|-singleturn|p2b: Yanmega|Protect\n|move|p1a: Whimsicott|Tailwind|p1a: Whimsicott\n|-sidestart|p1: ren122333|move: Tailwind\n|move|p1b: Lycanroc|Rock Slide|p2a: Incineroar|[spread] p2a\n|-activate|p2b: Yanmega|move: Protect\n|-supereffective|p2a: Incineroar\n|-crit|p2a: Incineroar\n|-damage|p2a: Incineroar|20\/100\n|move|p2a: Incineroar|Flare Blitz|p1a: Whimsicott\n|-supereffective|p1a: Whimsicott\n|-enditem|p1a: Whimsicott|Focus Sash\n|-damage|p1a: Whimsicott|1\/100\n|-damage|p2a: Incineroar|0 fnt|[from] Recoil\n|faint|p2a: Incineroar\n|\n|-ability|p2b: Yanmega|Speed Boost|boost\n|-boost|p2b: Yanmega|spe|1\n|upkeep\n|\n|t:|1729275377\n|switch|p2a: Sneasler|Sneasler, L50, F|100\/100\n|turn|2\n|\n|t:|1729275395\n|switch|p2b: Ursaluna|Ursaluna, L50, M, shiny|100\/100\n|move|p1a: Whimsicott|Encore||[still]\n|-fail|p1a: Whimsicott\n|move|p1b: Lycanroc|Rock Slide|p2b: Ursaluna|[spread] p2a,p2b\n|-resisted|p2a: Sneasler\n|-resisted|p2b: Ursaluna\n|-damage|p2a: Sneasler|84\/100\n|-damage|p2b: Ursaluna|93\/100\n|move|p2a: Sneasler|Close Combat|p1b: Lycanroc\n|-supereffective|p1b: Lycanroc\n|-damage|p1b: Lycanroc|0 fnt\n|-unboost|p2a: Sneasler|def|1\n|-unboost|p2a: Sneasler|spd|1\n|-enditem|p2a: Sneasler|White Herb\n|-clearnegativeboost|p2a: Sneasler|[silent]\n|faint|p1b: Lycanroc\n|\n|-status|p2b: Ursaluna|brn|[from] item: Flame Orb\n|upkeep\n|\n|t:|1729275404\n|switch|p1b: Typhlosion|Typhlosion-Hisui, L50, F|100\/100\n|-item|p2b: Ursaluna|Flame Orb|[from] ability: Frisk|[of] p1b: Typhlosion\n|turn|3\n|j| Tolde\n|\n|t:|1729275428\n|-terastallize|p1a: Whimsicott|Ghost\n|-terastallize|p2a: Sneasler|Stellar\n|move|p1a: Whimsicott|Encore|p2a: Sneasler\n|-start|p2a: Sneasler|Encore\n|move|p2a: Sneasler|Close Combat|p1a: Whimsicott\n|-immune|p1a: Whimsicott\n|move|p1b: Typhlosion|Eruption|p2b: Ursaluna|[spread] p2a,p2b\n|-damage|p2a: Sneasler|0 fnt\n|-damage|p2b: Ursaluna|20\/100 brn\n|faint|p2a: Sneasler\n|move|p2b: Ursaluna|Facade|p1a: Whimsicott\n|-immune|p1a: Whimsicott\n|\n|-damage|p2b: Ursaluna|15\/100 brn|[from] brn\n|upkeep\n|j| Mixam91\n|\n|t:|1729275437\n|switch|p2a: Yanmega|Yanmega, L50, M, shiny|100\/100\n|turn|4\n|\n|t:|1729275455\n|move|p2b: Ursaluna|Protect|p2b: Ursaluna\n|-singleturn|p2b: Ursaluna|Protect\n|move|p1a: Whimsicott|Moonblast|p2b: Ursaluna\n|-activate|p2b: Ursaluna|move: Protect\n|move|p1b: Typhlosion|Eruption|p2b: Ursaluna|[spread] p2a\n|-activate|p2b: Ursaluna|move: Protect\n|-supereffective|p2a: Yanmega\n|-enditem|p2a: Yanmega|Focus Sash\n|-damage|p2a: Yanmega|1\/100\n|move|p2a: Yanmega|Air Slash|p1a: Whimsicott\n|-damage|p1a: Whimsicott|0 fnt\n|faint|p1a: Whimsicott\n|\n|-damage|p2b: Ursaluna|9\/100 brn|[from] brn\n|-sideend|p1: ren122333|move: Tailwind\n|-ability|p2a: Yanmega|Speed Boost|boost\n|-boost|p2a: Yanmega|spe|1\n|upkeep\n|\n|t:|1729275461\n|switch|p1a: Farigiraf|Farigiraf, L50, M|100\/100\n|turn|5\n|\n|t:|1729275473\n|move|p2a: Yanmega|Tailwind|p2a: Yanmega\n|-sidestart|p2: pantsuit|move: Tailwind\n|move|p2b: Ursaluna|Earthquake|p1b: Typhlosion|[spread] p1a,p1b\n|-immune|p2a: Yanmega\n|-supereffective|p1b: Typhlosion\n|-damage|p1a: Farigiraf|37\/100\n|-damage|p1b: Typhlosion|0 fnt\n|faint|p1b: Typhlosion\n|move|p1a: Farigiraf|Hyper Voice|p2a: Yanmega|[spread] p2a,p2b\n|-damage|p2a: Yanmega|0 fnt\n|-damage|p2b: Ursaluna|0 fnt\n|faint|p2a: Yanmega\n|faint|p2b: Ursaluna\n|\n|win|ren122333\n|raw|ren122333's rating: 1639 &rarr; <strong>1666<\/strong><br \/>(+27 for winning)\n|raw|pantsuit's rating: 1759 &rarr; <strong>1732<\/strong><br \/>(-27 for losing)\n|j| mr pogostick\n|l| mr pogostick\n|l|\u2606pantsuit\n|player|p2|\n|l|\u2606ren122333\n|player|p1|\n|l| Tolde\n|l| Mixam91\n","uploadtime":1729275661,"views":13,"formatid":"gen9vgc2024regh","rating":1666,"private":0,"password":null}