{"id":"gen9vgc2024regh-2225678611","format":"[Gen 9] VGC 2024 Reg H","players":["badpiplupvgc","magnusmagnum"],"log":"|j|\u2606badpiplupvgc\n|j|\u2606magnusmagnum\n|t:|1729259957\n|gametype|doubles\n|player|p1|badpiplupvgc|266|1710\n|player|p2|magnusmagnum|2|1771\n|teamsize|p1|6\n|teamsize|p2|6\n|gen|9\n|tier|[Gen 9] VGC 2024 Reg H\n|rated|\n|rule|Species Clause: Limit one of each Pok\u00e9mon\n|rule|Item Clause: Limit 1 of each item\n|clearpoke\n|poke|p1|Tyranitar, L50, F|\n|poke|p1|Excadrill, L50, M|\n|poke|p1|Indeedee-F, L50, F|\n|poke|p1|Armarouge, L50, F|\n|poke|p1|Sneasler, L50, F|\n|poke|p1|Milotic, L50, F|\n|poke|p2|Sneasler, L50, F|\n|poke|p2|Mimikyu, L50, M|\n|poke|p2|Ursaluna-Bloodmoon, L50, M|\n|poke|p2|Garchomp, L50, M|\n|poke|p2|Rillaboom, L50, F|\n|poke|p2|Gholdengo, L50|\n|teampreview|4\n|inactive|Battle timer is ON: inactive players will automatically lose when time's up. (requested by badpiplupvgc)\n|inactive|badpiplupvgc has 60 seconds left.\n|inactive|magnusmagnum has 60 seconds left.\n|inactive|badpiplupvgc has 30 seconds left.\n|inactive|magnusmagnum has 30 seconds left.\n|inactive|badpiplupvgc has 20 seconds left.\n|inactive|magnusmagnum has 20 seconds left.\n|inactive|badpiplupvgc has 15 seconds left.\n|inactive|magnusmagnum has 15 seconds left.\n|inactive|badpiplupvgc has 10 seconds left.\n|inactive|badpiplupvgc has 5 seconds left.\n|\n|t:|1729260053\n|start\n|switch|p1a: Excadrill|Excadrill, L50, M, shiny|100\/100\n|switch|p1b: Tyranitar|Tyranitar, L50, F, shiny|100\/100\n|switch|p2a: Denji|Garchomp, L50, M, shiny|100\/100\n|switch|p2b: Veridical|Rillaboom, L50, F, shiny|100\/100\n|-fieldstart|move: Grassy Terrain|[from] ability: Grassy Surge|[of] p2b: Veridical\n|-weather|Sandstorm|[from] ability: Sand Stream|[of] p1b: Tyranitar\n|turn|1\n|inactive|magnusmagnum has 30 seconds left.\n|\n|t:|1729260084\n|-terastallize|p1b: Tyranitar|Flying\n|move|p1a: Excadrill|Protect|p1a: Excadrill\n|-singleturn|p1a: Excadrill|Protect\n|move|p2a: Denji|Rock Slide|p1b: Tyranitar|[spread] p1b\n|-activate|p1a: Excadrill|move: Protect\n|-supereffective|p1b: Tyranitar\n|-damage|p1b: Tyranitar|70\/100\n|move|p2b: Veridical|Wood Hammer|p1a: Excadrill\n|-activate|p1a: Excadrill|move: Protect\n|cant|p1b: Tyranitar|flinch\n|\n|-weather|Sandstorm|[upkeep]\n|-damage|p2b: Veridical|94\/100|[from] Sandstorm\n|-damage|p1b: Tyranitar|64\/100|[from] Sandstorm\n|-heal|p2b: Veridical|100\/100|[from] Grassy Terrain\n|upkeep\n|turn|2\n|\n|t:|1729260108\n|move|p1a: Excadrill|Earthquake|p2a: Denji|[spread] p2a,p2b\n|-immune|p1b: Tyranitar\n|-resisted|p2b: Veridical\n|-damage|p2a: Denji|80\/100\n|-damage|p2b: Veridical|90\/100\n|move|p2a: Denji|Rock Slide|p1a: Excadrill|[spread] p1a,p1b\n|-resisted|p1a: Excadrill\n|-supereffective|p1b: Tyranitar\n|-damage|p1a: Excadrill|93\/100\n|-damage|p1b: Tyranitar|32\/100\n|move|p2b: Veridical|Wood Hammer|p1a: Excadrill\n|-damage|p1a: Excadrill|0 fnt\n|faint|p1a: Excadrill\n|-damage|p2b: Veridical|61\/100|[from] Recoil\n|move|p1b: Tyranitar|Tera Blast|p2b: Veridical|[anim] Tera Blast Flying\n|-supereffective|p2b: Veridical\n|-damage|p2b: Veridical|0 fnt\n|faint|p2b: Veridical\n|\n|-weather|Sandstorm|[upkeep]\n|-damage|p1b: Tyranitar|26\/100|[from] Sandstorm\n|-heal|p2a: Denji|86\/100|[from] Grassy Terrain\n|upkeep\n|\n|t:|1729260130\n|switch|p1a: Sneasler|Sneasler, L50, F|100\/100\n|switch|p2b: Ze|Mimikyu, L50, M, shiny|100\/100\n|turn|3\n|inactive|badpiplupvgc has 30 seconds left.\n|\n|t:|1729260157\n|switch|p1b: Indeedee|Indeedee-F, L50, F|100\/100\n|-fieldstart|move: Psychic Terrain|[from] ability: Psychic Surge|[of] p1b: Indeedee\n|-enditem|p1a: Sneasler|Psychic Seed\n|-boost|p1a: Sneasler|spd|1|[from] item: Psychic Seed\n|move|p1a: Sneasler|Dire Claw|p2a: Denji\n|-resisted|p2a: Denji\n|-damage|p2a: Denji|66\/100\n|-damage|p1a: Sneasler|88\/100|[from] ability: Rough Skin|[of] p2a: Denji\n|move|p2a: Denji|Rock Slide|p1a: Sneasler|[spread] p1a\n|-miss|p2a: Denji|p1b: Indeedee\n|-resisted|p1a: Sneasler\n|-crit|p1a: Sneasler\n|-damage|p1a: Sneasler|66\/100\n|move|p2b: Ze|Shadow Claw|p1a: Sneasler\n|-damage|p1a: Sneasler|9\/100\n|-damage|p2b: Ze|91\/100|[from] item: Life Orb\n|\n|-weather|Sandstorm|[upkeep]\n|-damage|p1a: Sneasler|3\/100|[from] Sandstorm\n|-damage|p2b: Ze|84\/100|[from] Sandstorm\n|upkeep\n|turn|4\n|inactive|magnusmagnum has 30 seconds left.\n|\n|t:|1729260184\n|move|p1a: Sneasler|Close Combat|p2a: Denji\n|-damage|p2a: Denji|0 fnt\n|-unboost|p1a: Sneasler|def|1\n|-unboost|p1a: Sneasler|spd|1\n|-damage|p1a: Sneasler|0 fnt|[from] ability: Rough Skin|[of] p2a: Denji\n|faint|p2a: Denji\n|faint|p1a: Sneasler\n|move|p2b: Ze|Play Rough|p1b: Indeedee\n|-damage|p1b: Indeedee|51\/100\n|-damage|p2b: Ze|75\/100|[from] item: Life Orb\n|move|p1b: Indeedee|Trick Room|p1b: Indeedee\n|-fieldstart|move: Trick Room|[of] p1b: Indeedee\n|\n|-weather|Sandstorm|[upkeep]\n|-damage|p2b: Ze|68\/100|[from] Sandstorm\n|upkeep\n|\n|t:|1729260198\n|switch|p2a: MoneyMachine|Ursaluna-Bloodmoon, L50, M|100\/100\n|switch|p1a: Tyranitar|Tyranitar, L50, F, shiny, tera:Flying|26\/100\n|turn|5\n|\n|t:|1729260213\n|move|p2a: MoneyMachine|Hyper Voice|p1a: Tyranitar|[spread] p1a,p1b\n|-damage|p1a: Tyranitar|4\/100\n|-damage|p1b: Indeedee|17\/100\n|move|p1a: Tyranitar|Low Kick|p2a: MoneyMachine\n|-supereffective|p2a: MoneyMachine\n|-damage|p2a: MoneyMachine|31\/100\n|move|p1b: Indeedee|Dazzling Gleam|p2a: MoneyMachine|[spread] p2a,p2b\n|-damage|p2a: MoneyMachine|22\/100\n|-activate|p2b: Ze|ability: Disguise\n|-damage|p2b: Ze|68\/100\n|detailschange|p2b: Ze|Mimikyu-Busted, L50, M, shiny\n|-damage|p2b: Ze|56\/100|[from] pokemon: Mimikyu-Busted\n|move|p2b: Ze|Play Rough|p1b: Indeedee\n|-damage|p1b: Indeedee|0 fnt\n|faint|p1b: Indeedee\n|-damage|p2b: Ze|46\/100|[from] item: Life Orb\n|\n|-weather|none\n|upkeep\n|turn|6\n|-message|badpiplupvgc forfeited.\n|\n|win|magnusmagnum\n|raw|badpiplupvgc's rating: 1710 &rarr; <strong>1693<\/strong><br \/>(-17 for losing)\n|raw|magnusmagnum's rating: 1771 &rarr; <strong>1788<\/strong><br \/>(+17 for winning)\n|l|\u2606badpiplupvgc\n|player|p1|\n|l|\u2606magnusmagnum\n|player|p2|\n","uploadtime":1729260440,"views":11,"formatid":"gen9vgc2024regh","rating":1693,"private":0,"password":null}