{"id":"gen9vgc2024regh-2225815606","format":"[Gen 9] VGC 2024 Reg H","players":["diddle08","RandomDuVGCFR"],"log":"|j|\u2606diddle08\n|j|\u2606RandomDuVGCFR\n|t:|1729272164\n|gametype|doubles\n|player|p1|diddle08|acetrainer|1674\n|player|p2|RandomDuVGCFR|101|1709\n|teamsize|p1|6\n|teamsize|p2|6\n|gen|9\n|tier|[Gen 9] VGC 2024 Reg H\n|rated|\n|rule|Species Clause: Limit one of each Pok\u00e9mon\n|rule|Item Clause: Limit 1 of each item\n|clearpoke\n|poke|p1|Blastoise, L50, M|\n|poke|p1|Serperior, L50, M|\n|poke|p1|Volcarona, L50, F|\n|poke|p1|Porygon2, L50|\n|poke|p1|Ninetales-Alola, L50, F|\n|poke|p1|Glaceon, L50, M|\n|poke|p2|Ninetales-Alola, L50, F|\n|poke|p2|Amoonguss, L50, M|\n|poke|p2|Incineroar, L50, F|\n|poke|p2|Kingambit, L50, M|\n|poke|p2|Dragonite, L50, M|\n|poke|p2|Garchomp, L50, M|\n|teampreview|4\n|inactive|Battle timer is ON: inactive players will automatically lose when time's up. (requested by diddle08)\n|\n|t:|1729272215\n|start\n|switch|p1a: Blastoise|Blastoise, L50, M|100\/100\n|switch|p1b: Serperior|Serperior, L50, M, shiny|100\/100\n|switch|p2a: Ninetales|Ninetales-Alola, L50, F|100\/100\n|switch|p2b: Kingambit|Kingambit, L50, M|100\/100\n|-weather|Snow|[from] ability: Snow Warning|[of] p2a: Ninetales\n|turn|1\n|inactive|diddle08 has 30 seconds left.\n|inactive|RandomDuVGCFR has 30 seconds left.\n|inactive|RandomDuVGCFR has 20 seconds left.\n|inactive|RandomDuVGCFR has 15 seconds left.\n|inactive|RandomDuVGCFR has 10 seconds left.\n|\n|t:|1729272263\n|move|p1b: Serperior|Leaf Storm|p2a: Ninetales\n|-crit|p2a: Ninetales\n|-damage|p2a: Ninetales|31\/100\n|-boost|p1b: Serperior|spa|2\n|move|p2a: Ninetales|Freeze-Dry|p1a: Blastoise\n|-supereffective|p1a: Blastoise\n|-damage|p1a: Blastoise|51\/100\n|move|p1a: Blastoise|Water Spout|p2a: Ninetales|[spread] p2a,p2b\n|-damage|p2a: Ninetales|1\/100\n|-damage|p2b: Kingambit|87\/100\n|move|p2b: Kingambit|Kowtow Cleave|p1b: Serperior\n|-damage|p1b: Serperior|49\/100\n|\n|-weather|Snow|[upkeep]\n|upkeep\n|turn|2\n|inactive|diddle08 has 30 seconds left.\n|\n|t:|1729272290\n|switch|p2a: Incineroar|Incineroar, L50, F|100\/100\n|-ability|p2a: Incineroar|Intimidate|boost\n|-unboost|p1a: Blastoise|atk|1\n|-boost|p1b: Serperior|atk|1\n|move|p1b: Serperior|Grass Pledge|p2a: Incineroar\n|-waiting|p1b: Serperior|p1a: Blastoise\n|move|p1a: Blastoise|Water Pledge|p2a: Incineroar|[from]move: Grass Pledge\n|-combine\n|-resisted|p2a: Incineroar\n|-damage|p2a: Incineroar|77\/100\n|-sidestart|p2: RandomDuVGCFR|Grass Pledge\n|move|p2b: Kingambit|Kowtow Cleave|p1b: Serperior\n|-damage|p1b: Serperior|0 fnt\n|faint|p1b: Serperior\n|\n|-weather|Snow|[upkeep]\n|upkeep\n|\n|t:|1729272306\n|switch|p1b: Glaceon|Glaceon, L50, M, shiny|100\/100\n|turn|3\n|\n|t:|1729272317\n|move|p2a: Incineroar|Fake Out|p1b: Glaceon\n|-damage|p1b: Glaceon|93\/100\n|move|p1a: Blastoise|Water Pledge|p2a: Incineroar\n|-supereffective|p2a: Incineroar\n|-damage|p2a: Incineroar|23\/100\n|cant|p1b: Glaceon|flinch\n|move|p2b: Kingambit|Kowtow Cleave|p1a: Blastoise\n|-damage|p1a: Blastoise|7\/100\n|\n|-weather|Snow|[upkeep]\n|upkeep\n|turn|4\n|\n|t:|1729272335\n|switch|p1a: Ninetales|Ninetales-Alola, L50, F|100\/100\n|move|p2b: Kingambit|Sucker Punch||[still]\n|-fail|p2b: Kingambit\n|move|p1b: Glaceon|Blizzard|p2b: Kingambit|[spread] p2a,p2b\n|-resisted|p2a: Incineroar\n|-resisted|p2b: Kingambit\n|-damage|p2a: Incineroar|6\/100\n|-damage|p2b: Kingambit|72\/100\n|move|p2a: Incineroar|Knock Off|p1b: Glaceon\n|-damage|p1b: Glaceon|67\/100\n|-enditem|p1b: Glaceon|Bright Powder|[from] move: Knock Off|[of] p2a: Incineroar\n|\n|-weather|Snow|[upkeep]\n|upkeep\n|turn|5\n|\n|t:|1729272353\n|move|p1a: Ninetales|Moonblast|p2b: Kingambit\n|-damage|p2b: Kingambit|49\/100\n|move|p1b: Glaceon|Blizzard|p2a: Incineroar|[spread] p2a,p2b\n|-resisted|p2a: Incineroar\n|-resisted|p2b: Kingambit\n|-damage|p2a: Incineroar|0 fnt\n|-damage|p2b: Kingambit|34\/100\n|faint|p2a: Incineroar\n|move|p2b: Kingambit|Iron Head|p1a: Ninetales\n|-supereffective|p1a: Ninetales\n|-enditem|p1a: Ninetales|Focus Sash\n|-damage|p1a: Ninetales|1\/100\n|\n|-weather|none\n|-sideend|p2: RandomDuVGCFR|Grass Pledge\n|upkeep\n|\n|t:|1729272364\n|switch|p2a: Garchomp|Garchomp, L50, M|100\/100\n|turn|6\n|\n|t:|1729272372\n|-terastallize|p2a: Garchomp|Steel\n|move|p2b: Kingambit|Sucker Punch||[still]\n|-fail|p2b: Kingambit\n|move|p1a: Ninetales|Snowscape|p1a: Ninetales\n|-weather|Snow\n|move|p2a: Garchomp|Stomping Tantrum|p1b: Glaceon|[miss]\n|-miss|p2a: Garchomp|p1b: Glaceon\n|move|p1b: Glaceon|Blizzard|p2a: Garchomp|[spread] p2a,p2b\n|-resisted|p2a: Garchomp\n|-resisted|p2b: Kingambit\n|-damage|p2a: Garchomp|76\/100\n|-damage|p2b: Kingambit|19\/100\n|-status|p2b: Kingambit|frz\n|\n|-weather|Snow|[upkeep]\n|upkeep\n|turn|7\n|c|\u2606RandomDuVGCFR|Ah quel bon jeu\n|\n|t:|1729272392\n|move|p1b: Glaceon|Protect|p1b: Glaceon\n|-singleturn|p1b: Glaceon|Protect\n|cant|p2b: Kingambit|frz\n|move|p1a: Ninetales|Icy Wind|p2b: Kingambit|[spread] p2a,p2b\n|-resisted|p2a: Garchomp\n|-resisted|p2b: Kingambit\n|-damage|p2a: Garchomp|68\/100\n|-damage|p2b: Kingambit|15\/100 frz\n|-unboost|p2a: Garchomp|spe|1\n|-unboost|p2b: Kingambit|spe|1\n|-ability|p2b: Kingambit|Defiant|boost\n|-boost|p2b: Kingambit|atk|2\n|move|p2a: Garchomp|Earthquake|p1b: Glaceon|[spread] p2b,p1a\n|-activate|p1b: Glaceon|move: Protect\n|-supereffective|p2b: Kingambit\n|-damage|p2b: Kingambit|0 fnt\n|-damage|p1a: Ninetales|0 fnt\n|faint|p2b: Kingambit\n|faint|p1a: Ninetales\n|-damage|p2a: Garchomp|58\/100|[from] item: Life Orb\n|\n|-weather|Snow|[upkeep]\n|upkeep\n|\n|t:|1729272409\n|switch|p1a: Blastoise|Blastoise, L50, M|7\/100\n|switch|p2b: Ninetales|Ninetales-Alola, L50, F|1\/100\n|turn|8\n|\n|t:|1729272422\n|move|p1a: Blastoise|Fake Out|p2b: Ninetales\n|-damage|p2b: Ninetales|0 fnt\n|faint|p2b: Ninetales\n|move|p2a: Garchomp|Stomping Tantrum|p1b: Glaceon|[miss]\n|-miss|p2a: Garchomp|p1b: Glaceon\n|move|p1b: Glaceon|Blizzard|p2a: Garchomp\n|-resisted|p2a: Garchomp\n|-damage|p2a: Garchomp|27\/100\n|\n|-weather|Snow|[upkeep]\n|upkeep\n|turn|9\n|c|\u2606RandomDuVGCFR|Ah lalalal\n|\n|t:|1729272446\n|move|p2a: Garchomp|Earthquake|p1a: Blastoise|[spread] p1a,p1b\n|-damage|p1a: Blastoise|0 fnt\n|-damage|p1b: Glaceon|35\/100\n|faint|p1a: Blastoise\n|-damage|p2a: Garchomp|17\/100|[from] item: Life Orb\n|move|p1b: Glaceon|Blizzard|p2a: Garchomp\n|-resisted|p2a: Garchomp\n|-damage|p2a: Garchomp|0 fnt\n|faint|p2a: Garchomp\n|\n|win|diddle08\n|raw|diddle08's rating: 1674 &rarr; <strong>1696<\/strong><br \/>(+22 for winning)\n|raw|RandomDuVGCFR's rating: 1709 &rarr; <strong>1687<\/strong><br \/>(-22 for losing)\n|l|\u2606diddle08\n|player|p1|\n|l|\u2606RandomDuVGCFR\n|player|p2|\n","uploadtime":1729272460,"views":13,"formatid":"gen9vgc2024regh","rating":1687,"private":0,"password":null}