{"id":"gen9vgc2024regh-2225214542","format":"[Gen 9] VGC 2024 Reg H","players":["Pokemariogame570","MERB10M"],"log":"|j|\u2606Pokemariogame570\n|j|\u2606MERB10M\n|t:|1729198302\n|gametype|doubles\n|player|p1|Pokemariogame570|hilbert|1734\n|player|p2|MERB10M|1|1793\n|teamsize|p1|6\n|teamsize|p2|6\n|gen|9\n|tier|[Gen 9] VGC 2024 Reg H\n|rated|\n|rule|Species Clause: Limit one of each Pok\u00e9mon\n|rule|Item Clause: Limit 1 of each item\n|clearpoke\n|poke|p1|Garchomp, L50, F|\n|poke|p1|Dragonite, L50, F|\n|poke|p1|Amoonguss, L50, M|\n|poke|p1|Incineroar, L50, M|\n|poke|p1|Ninetales-Alola, L50, M|\n|poke|p1|Kingambit, L50, M|\n|poke|p2|Grimmsnarl, L50, M|\n|poke|p2|Sinistcha-Masterpiece, L50|\n|poke|p2|Tyranitar, L50, F|\n|poke|p2|Milotic, L50, F|\n|poke|p2|Volcarona, L50, F|\n|poke|p2|Dragonite, L50, F|\n|teampreview|4\n|inactive|Battle timer is ON: inactive players will automatically lose when time's up. (requested by MERB10M)\n|\n|t:|1729198338\n|start\n|switch|p1a: Garchomp|Garchomp, L50, F|100\/100\n|switch|p1b: Dragonite|Dragonite, L50, F|100\/100\n|switch|p2a: Dragonite|Dragonite, L50, F|100\/100\n|switch|p2b: Milotic|Milotic, L50, F|100\/100\n|turn|1\n|inactive|Pokemariogame570 has 30 seconds left.\n|\n|t:|1729198364\n|switch|p1a: Ninetales|Ninetales-Alola, L50, M|100\/100\n|-weather|Snow|[from] ability: Snow Warning|[of] p1a: Ninetales\n|-terastallize|p1b: Dragonite|Flying\n|-terastallize|p2a: Dragonite|Fairy\n|move|p1b: Dragonite|Tera Blast|p2b: Milotic|[anim] Tera Blast Flying\n|-damage|p2b: Milotic|36\/100\n|move|p2b: Milotic|Ice Beam|p1a: Ninetales\n|-resisted|p1a: Ninetales\n|-damage|p1a: Ninetales|83\/100\n|move|p2a: Dragonite|Tailwind|p2a: Dragonite\n|-sidestart|p2: MERB10M|move: Tailwind\n|\n|-weather|Snow|[upkeep]\n|upkeep\n|turn|2\n|inactive|MERB10M has 30 seconds left.\n|\n|t:|1729198391\n|switch|p1b: Kingambit|Kingambit, L50, M, shiny|100\/100\n|move|p2b: Milotic|Ice Beam|p1b: Kingambit\n|-resisted|p1b: Kingambit\n|-damage|p1b: Kingambit|91\/100\n|move|p2a: Dragonite|Scale Shot|p1b: Kingambit\n|-resisted|p1b: Kingambit\n|-damage|p1b: Kingambit|85\/100\n|-resisted|p1b: Kingambit\n|-damage|p1b: Kingambit|79\/100\n|-resisted|p1b: Kingambit\n|-damage|p1b: Kingambit|72\/100\n|-resisted|p1b: Kingambit\n|-damage|p1b: Kingambit|67\/100\n|-hitcount|p1b: Kingambit|4\n|-unboost|p2a: Dragonite|def|1\n|-boost|p2a: Dragonite|spe|1\n|move|p1a: Ninetales|Freeze-Dry|p2b: Milotic\n|-supereffective|p2b: Milotic\n|-damage|p2b: Milotic|0 fnt\n|faint|p2b: Milotic\n|\n|-weather|Snow|[upkeep]\n|upkeep\n|\n|t:|1729198410\n|switch|p2b: Tyranitar|Tyranitar, L50, F|100\/100\n|-weather|Sandstorm|[from] ability: Sand Stream|[of] p2b: Tyranitar\n|turn|3\n|j| bjvgc1\n|inactive|Pokemariogame570 has 30 seconds left.\n|\n|t:|1729198436\n|switch|p1a: Garchomp|Garchomp, L50, F|100\/100\n|move|p2a: Dragonite|Extreme Speed|p1a: Garchomp\n|-damage|p1a: Garchomp|73\/100\n|-damage|p2a: Dragonite|88\/100|[from] ability: Rough Skin|[of] p1a: Garchomp\n|move|p2b: Tyranitar|Assurance|p1a: Garchomp\n|-damage|p1a: Garchomp|0 fnt\n|-damage|p2b: Tyranitar|88\/100|[from] ability: Rough Skin|[of] p1a: Garchomp\n|faint|p1a: Garchomp\n|-damage|p2b: Tyranitar|79\/100|[from] item: Life Orb\n|move|p1b: Kingambit|Iron Head|p2a: Dragonite\n|-supereffective|p2a: Dragonite\n|-damage|p2a: Dragonite|0 fnt\n|faint|p2a: Dragonite\n|\n|-weather|Sandstorm|[upkeep]\n|upkeep\n|\n|t:|1729198456\n|switch|p1a: Dragonite|Dragonite, L50, F, tera:Flying|100\/100\n|switch|p2a: Volcarona|Volcarona, L50, F|100\/100\n|turn|4\n|\n|t:|1729198464\n|move|p2a: Volcarona|Heat Wave|p1b: Kingambit|[spread] p1a,p1b\n|-supereffective|p1b: Kingambit\n|-damage|p1a: Dragonite|75\/100\n|-damage|p1b: Kingambit|0 fnt\n|faint|p1b: Kingambit\n|move|p2b: Tyranitar|Stone Edge|p1a: Dragonite\n|-supereffective|p1a: Dragonite\n|-damage|p1a: Dragonite|0 fnt\n|faint|p1a: Dragonite\n|-damage|p2b: Tyranitar|69\/100|[from] item: Life Orb\n|\n|-weather|Sandstorm|[upkeep]\n|-damage|p2a: Volcarona|94\/100|[from] Sandstorm\n|-sideend|p2: MERB10M|move: Tailwind\n|upkeep\n|\n|t:|1729198471\n|switch|p1b: Ninetales|Ninetales-Alola, L50, M|83\/100\n|-weather|Snow|[from] ability: Snow Warning|[of] p1b: Ninetales\n|turn|5\n|l|\u2606Pokemariogame570\n|inactive|Pokemariogame570 disconnected and has a minute to reconnect!\n|player|p1|\n|inactive|Pokemariogame570 has 30 seconds left.\n|inactive|Pokemariogame570 has 20 seconds left.\n|inactive|Pokemariogame570 has 15 seconds left.\n|inactive|Pokemariogame570 has 10 seconds left.\n|inactive|Pokemariogame570 has 5 seconds left.\n|-message|Pokemariogame570 lost due to inactivity.\n|\n|win|MERB10M\n|raw|Pokemariogame570's rating: 1734 &rarr; <strong>1717<\/strong><br \/>(-17 for losing)\n|raw|MERB10M's rating: 1793 &rarr; <strong>1810<\/strong><br \/>(+17 for winning)\n|l| bjvgc1\n|l|\u2606MERB10M\n|player|p2|\n","uploadtime":1729198690,"views":16,"formatid":"gen9vgc2024regh","rating":1717,"private":0,"password":null}