{"id":"gen9vgc2024regh-2225244718","format":"[Gen 9] VGC 2024 Reg H","players":["power123452123","dd6.75"],"log":"|j|\u2606power123452123\n|j|\u2606dd6.75\n|t:|1729201400\n|gametype|doubles\n|player|p1|power123452123|170|1712\n|player|p2|dd6.75|2|1750\n|teamsize|p1|6\n|teamsize|p2|6\n|gen|9\n|tier|[Gen 9] VGC 2024 Reg H\n|rated|\n|rule|Species Clause: Limit one of each Pok\u00e9mon\n|rule|Item Clause: Limit 1 of each item\n|clearpoke\n|poke|p1|Palafin, L50, M|\n|poke|p1|Gholdengo, L50|\n|poke|p1|Incineroar, L50, M|\n|poke|p1|Rillaboom, L50, M|\n|poke|p1|Pelipper, L50, M|\n|poke|p1|Kingambit, L50, F|\n|poke|p2|Dondozo, L50, M|\n|poke|p2|Tatsugiri, L50, M|\n|poke|p2|Dragonite, L50, F|\n|poke|p2|Gholdengo, L50|\n|poke|p2|Pawmot, L50, F|\n|poke|p2|Talonflame, L50, F|\n|teampreview|4\n|inactive|Battle timer is ON: inactive players will automatically lose when time's up. (requested by dd6.75)\npower123452123 has agreed to open team sheets.\ndd6.75 has agreed to open team sheets.\n|inactive|power123452123 has 30 seconds left.\n|inactive|power123452123 has 20 seconds left.\n|inactive|power123452123 has 15 seconds left.\n|\n|t:|1729201455\n|start\n|switch|p1a: Palafin|Palafin, L50, M|100\/100\n|switch|p1b: Incineroar|Incineroar, L50, M|100\/100\n|switch|p2a: Talonflame|Talonflame, L50, F|100\/100\n|switch|p2b: Gholdengo|Gholdengo, L50|100\/100\n|-ability|p1b: Incineroar|Intimidate|boost\n|-unboost|p2a: Talonflame|atk|1\n|-unboost|p2b: Gholdengo|atk|1\n|turn|1\n|inactive|power123452123 has 30 seconds left.\n|inactive|power123452123 has 20 seconds left.\n|\n|t:|1729201491\n|detailschange|p1a: Palafin|Palafin-Hero, L50, M\n|switch|p1a: Rillaboom|Rillaboom, L50, M|100\/100\n|-fieldstart|move: Grassy Terrain|[from] ability: Grassy Surge|[of] p1a: Rillaboom\n|move|p2a: Talonflame|Will-O-Wisp|p1a: Rillaboom|[miss]\n|-miss|p2a: Talonflame|p1a: Rillaboom\n|move|p2b: Gholdengo|Thunderbolt|p1a: Rillaboom\n|-resisted|p1a: Rillaboom\n|-damage|p1a: Rillaboom|82\/100\n|move|p1b: Incineroar|Flare Blitz|p2b: Gholdengo\n|-supereffective|p2b: Gholdengo\n|-damage|p2b: Gholdengo|0 fnt\n|faint|p2b: Gholdengo\n|-damage|p1b: Incineroar|74\/100|[from] Recoil\n|\n|-heal|p1a: Rillaboom|87\/100|[from] Grassy Terrain\n|-heal|p1b: Incineroar|80\/100|[from] Grassy Terrain\n|upkeep\n|c|\u2606power123452123|I'm so sorry\n|\n|t:|1729201509\n|switch|p2b: Dondozo|Dondozo, L50, M|100\/100\n|turn|2\n|\n|t:|1729201523\n|switch|p2a: Tatsugiri|Tatsugiri, L50, M|100\/100\n|-activate|p2a: Tatsugiri|ability: Commander|[of] p2b: Dondozo\n|-boost|p2b: Dondozo|atk|2\n|-boost|p2b: Dondozo|spa|2\n|-boost|p2b: Dondozo|spe|2\n|-boost|p2b: Dondozo|def|2\n|-boost|p2b: Dondozo|spd|2\n|move|p1a: Rillaboom|Fake Out|p2a: Tatsugiri|[miss]\n|-miss|p1a: Rillaboom|p2a: Tatsugiri\n|move|p2b: Dondozo|Order Up|p1b: Incineroar\n|-damage|p1b: Incineroar|36\/100\n|-boost|p2b: Dondozo|atk|1\n|move|p1b: Incineroar|Knock Off|p2a: Tatsugiri|[miss]\n|-miss|p1b: Incineroar|p2a: Tatsugiri\n|\n|-heal|p1a: Rillaboom|93\/100|[from] Grassy Terrain\n|-heal|p1b: Incineroar|42\/100|[from] Grassy Terrain\n|upkeep\n|turn|3\n|\n|t:|1729201532\n|move|p2b: Dondozo|Order Up|p1b: Incineroar\n|-damage|p1b: Incineroar|0 fnt\n|faint|p1b: Incineroar\n|-boost|p2b: Dondozo|atk|1\n|move|p1a: Rillaboom|Wood Hammer|p2b: Dondozo\n|-supereffective|p2b: Dondozo\n|-damage|p2b: Dondozo|44\/100\n|-damage|p1a: Rillaboom|73\/100|[from] Recoil\n|\n|-heal|p2b: Dondozo|51\/100|[from] Grassy Terrain\n|-heal|p2b: Dondozo|57\/100|[from] item: Leftovers\n|-heal|p1a: Rillaboom|79\/100|[from] Grassy Terrain\n|upkeep\n|\n|t:|1729201535\n|switch|p1b: Palafin|Palafin-Hero, L50, M|100\/100\n|-activate|p1b: Palafin|ability: Zero to Hero\n|turn|4\n|\n|t:|1729201544\n|-terastallize|p2b: Dondozo|Grass\n|move|p2b: Dondozo|Wave Crash|p1b: Palafin\n|-resisted|p1b: Palafin\n|-damage|p1b: Palafin|24\/100\n|-damage|p2b: Dondozo|34\/100|[from] Recoil\n|move|p1b: Palafin|Haze|p1b: Palafin\n|-clearallboost\n|move|p1a: Rillaboom|Wood Hammer|p2b: Dondozo\n|-resisted|p2b: Dondozo\n|-damage|p2b: Dondozo|7\/100\n|-damage|p1a: Rillaboom|69\/100|[from] Recoil\n|\n|-heal|p1b: Palafin|29\/100|[from] Grassy Terrain\n|-heal|p1a: Rillaboom|75\/100|[from] Grassy Terrain\n|-heal|p2b: Dondozo|13\/100|[from] Grassy Terrain\n|-heal|p2b: Dondozo|20\/100|[from] item: Leftovers\n|upkeep\n|turn|5\n|inactive|power123452123 has 30 seconds left.\n|\n|t:|1729201573\n|move|p2b: Dondozo|Protect|p2b: Dondozo\n|-singleturn|p2b: Dondozo|Protect\n|move|p1b: Palafin|Wave Crash|p2b: Dondozo\n|-activate|p2b: Dondozo|move: Protect\n|move|p1a: Rillaboom|Wood Hammer|p2b: Dondozo\n|-activate|p2b: Dondozo|move: Protect\n|\n|-heal|p1b: Palafin|35\/100|[from] Grassy Terrain\n|-heal|p1a: Rillaboom|81\/100|[from] Grassy Terrain\n|-heal|p2b: Dondozo|26\/100|[from] Grassy Terrain\n|-heal|p2b: Dondozo|32\/100|[from] item: Leftovers\n|-fieldend|move: Grassy Terrain\n|upkeep\n|turn|6\n|\n|t:|1729201590\n|move|p1b: Palafin|Wave Crash|p2b: Dondozo\n|-resisted|p2b: Dondozo\n|-damage|p2b: Dondozo|0 fnt\n|faint|p2b: Dondozo\n|-damage|p1b: Palafin|24\/100|[from] Recoil\n|move|p1a: Rillaboom|Wood Hammer|p2a: Tatsugiri\n|-damage|p2a: Tatsugiri|0 fnt\n|faint|p2a: Tatsugiri\n|-damage|p1a: Rillaboom|57\/100|[from] Recoil\n|\n|upkeep\n|\n|t:|1729201594\n|switch|p2b: Talonflame|Talonflame, L50, F|100\/100\n|turn|7\n|c|\u2606dd6.75|damn\n|c|\u2606dd6.75|probably easy win if i just hit that wisp\n|\n|t:|1729201611\n|switch|p1a: Gholdengo|Gholdengo, L50|100\/100\n|move|p1b: Palafin|Protect|p1b: Palafin\n|-singleturn|p1b: Palafin|Protect\n|move|p2b: Talonflame|Brave Bird|p1b: Palafin\n|-activate|p1b: Palafin|move: Protect\n|\n|upkeep\n|turn|8\n|c|\u2606power123452123|hmmmm\n|c|\u2606power123452123|maybe prob yes\n|c|\u2606power123452123|but idk\n|inactive|power123452123 has 30 seconds left.\n|c|\u2606dd6.75|alright end the game lol\n|\n|t:|1729201644\n|-terastallize|p1b: Palafin|Water\n|move|p2b: Talonflame|Brave Bird|p1b: Palafin\n|-damage|p1b: Palafin|0 fnt\n|faint|p1b: Palafin\n|-damage|p2b: Talonflame|90\/100|[from] Recoil\n|move|p1a: Gholdengo|Power Gem|p2b: Talonflame\n|-supereffective|p2b: Talonflame\n|-damage|p2b: Talonflame|0 fnt\n|faint|p2b: Talonflame\n|\n|win|power123452123\n|raw|power123452123's rating: 1712 &rarr; <strong>1734<\/strong><br \/>(+22 for winning)\n|raw|dd6.75's rating: 1750 &rarr; <strong>1728<\/strong><br \/>(-22 for losing)\n|l|\u2606dd6.75\n|player|p2|\n|c|\u2606power123452123|ggs\n","uploadtime":1729201876,"views":19,"formatid":"gen9vgc2024regh","rating":1728,"private":0,"password":null}