{"id":"gen9vgc2024regh-2225265337","format":"[Gen 9] VGC 2024 Reg H","players":["Moon7777","LuckyLeaves"],"log":"|j|\u2606Moon7777\n|j|\u2606LuckyLeaves\n|t:|1729203628\n|gametype|doubles\n|player|p1|Moon7777|101|1787\n|player|p2|LuckyLeaves|266|1726\n|teamsize|p1|6\n|teamsize|p2|6\n|gen|9\n|tier|[Gen 9] VGC 2024 Reg H\n|rated|\n|rule|Species Clause: Limit one of each Pok\u00e9mon\n|rule|Item Clause: Limit 1 of each item\n|clearpoke\n|poke|p1|Sneasler, L50, F|\n|poke|p1|Mimikyu, L50, F|\n|poke|p1|Ursaluna-Bloodmoon, L50, M|\n|poke|p1|Garchomp, L50, M|\n|poke|p1|Rillaboom, L50, M|\n|poke|p1|Gholdengo, L50|\n|poke|p2|Murkrow, L50, M|\n|poke|p2|Typhlosion-Hisui, L50, M|\n|poke|p2|Indeedee, L50, M|\n|poke|p2|Sneasler, L50, F|\n|poke|p2|Pelipper, L50, M|\n|poke|p2|Archaludon, L50, F|\n|teampreview|4\n|inactive|Battle timer is ON: inactive players will automatically lose when time's up. (requested by LuckyLeaves)\n|\n|t:|1729203661\n|start\n|switch|p1a: MoneyMachine|Ursaluna-Bloodmoon, L50, M|100\/100\n|switch|p1b: Walksocket|Gholdengo, L50, shiny|100\/100\n|switch|p2a: Sneasler|Sneasler, L50, F|100\/100\n|switch|p2b: Indeedee|Indeedee, L50, M|100\/100\n|-fieldstart|move: Psychic Terrain|[from] ability: Psychic Surge|[of] p2b: Indeedee\n|-enditem|p2a: Sneasler|Psychic Seed\n|-boost|p2a: Sneasler|spd|1|[from] item: Psychic Seed\n|turn|1\n|inactive|Moon7777 has 30 seconds left.\n|\n|t:|1729203692\n|switch|p1a: Veridical|Rillaboom, L50, M, shiny|100\/100\n|-fieldstart|move: Grassy Terrain|[from] ability: Grassy Surge|[of] p1a: Veridical\n|-terastallize|p2a: Sneasler|Dark\n|move|p2a: Sneasler|Throat Chop|p1b: Walksocket\n|-supereffective|p1b: Walksocket\n|-damage|p1b: Walksocket|11\/100\n|-start|p1b: Walksocket|Throat Chop|[silent]\n|-enditem|p1b: Walksocket|Sitrus Berry|[eat]\n|-heal|p1b: Walksocket|36\/100|[from] item: Sitrus Berry\n|move|p2b: Indeedee|Expanding Force|p1b: Walksocket\n|-resisted|p1b: Walksocket\n|-damage|p1b: Walksocket|16\/100\n|move|p1b: Walksocket|Make It Rain|p2b: Indeedee|[spread] p2a,p2b\n|-damage|p2a: Sneasler|63\/100\n|-damage|p2b: Indeedee|40\/100\n|-unboost|p1b: Walksocket|spa|1\n|\n|-heal|p2a: Sneasler|69\/100|[from] Grassy Terrain\n|-heal|p2b: Indeedee|46\/100|[from] Grassy Terrain\n|-heal|p1b: Walksocket|23\/100|[from] Grassy Terrain\n|upkeep\n|turn|2\n|j| SneakySmeggers\n|inactive|Moon7777 has 30 seconds left.\n|inactive|LuckyLeaves has 30 seconds left.\n|inactive|Moon7777 has 20 seconds left.\n|\n|t:|1729203730\n|switch|p2b: Murkrow|Murkrow, L50, M|100\/100\n|move|p2a: Sneasler|Protect|p2a: Sneasler\n|-singleturn|p2a: Sneasler|Protect\n|move|p1a: Veridical|Grassy Glide|p2a: Sneasler\n|-activate|p2a: Sneasler|move: Protect\n|move|p1b: Walksocket|Make It Rain|p2b: Murkrow|[spread] p2b\n|-activate|p2a: Sneasler|move: Protect\n|-damage|p2b: Murkrow|68\/100\n|-unboost|p1b: Walksocket|spa|1\n|\n|-heal|p2a: Sneasler|75\/100|[from] Grassy Terrain\n|-heal|p1b: Walksocket|29\/100|[from] Grassy Terrain\n|-end|p1b: Walksocket|Throat Chop|[silent]\n|upkeep\n|turn|3\n|inactive|Moon7777 has 30 seconds left.\n|inactive|LuckyLeaves has 30 seconds left.\n|\n|t:|1729203758\n|switch|p1b: MoneyMachine|Ursaluna-Bloodmoon, L50, M|100\/100\n|switch|p2b: Indeedee|Indeedee, L50, M|46\/100\n|-fieldstart|move: Psychic Terrain|[from] ability: Psychic Surge|[of] p2b: Indeedee\n|move|p1a: Veridical|Protect|p1a: Veridical\n|-singleturn|p1a: Veridical|Protect\n|move|p2a: Sneasler|Throat Chop|p1b: MoneyMachine\n|-crit|p1b: MoneyMachine\n|-damage|p1b: MoneyMachine|51\/100\n|-start|p1b: MoneyMachine|Throat Chop|[silent]\n|\n|upkeep\n|turn|4\n|inactive|Moon7777 has 30 seconds left.\n|\n|t:|1729203786\n|switch|p1a: Walksocket|Gholdengo, L50, shiny|29\/100\n|move|p2a: Sneasler|Dire Claw|p1b: MoneyMachine\n|-resisted|p1b: MoneyMachine\n|-damage|p1b: MoneyMachine|36\/100\n|-status|p1b: MoneyMachine|psn\n|move|p2b: Indeedee|Expanding Force|p1a: Walksocket|[spread] p1a,p1b\n|-resisted|p1a: Walksocket\n|-crit|p1b: MoneyMachine\n|-damage|p1a: Walksocket|0 fnt\n|-damage|p1b: MoneyMachine|0 fnt\n|faint|p1a: Walksocket\n|faint|p1b: MoneyMachine\n|\n|upkeep\n|\n|t:|1729203795\n|switch|p1a: PushUrTenper|Sneasler, L50, F, shiny|100\/100\n|switch|p1b: Veridical|Rillaboom, L50, M, shiny|100\/100\n|-fieldstart|move: Grassy Terrain|[from] ability: Grassy Surge|[of] p1b: Veridical\n|turn|5\n|c|\u2606LuckyLeaves|i\u2019ve been using this paste in Bo3s lol\n|\n|t:|1729203813\n|switch|p2b: Murkrow|Murkrow, L50, M|68\/100\n|move|p2a: Sneasler|Protect|p2a: Sneasler\n|-singleturn|p2a: Sneasler|Protect\n|move|p1b: Veridical|Grassy Glide|p2b: Murkrow\n|-resisted|p2b: Murkrow\n|-damage|p2b: Murkrow|41\/100\n|move|p1a: PushUrTenper|Dire Claw|p2b: Murkrow\n|-damage|p2b: Murkrow|0 fnt\n|faint|p2b: Murkrow\n|\n|-heal|p2a: Sneasler|80\/100|[from] Grassy Terrain\n|upkeep\n|\n|t:|1729203825\n|switch|p2b: Indeedee|Indeedee, L50, M|46\/100\n|-fieldstart|move: Psychic Terrain|[from] ability: Psychic Surge|[of] p2b: Indeedee\n|turn|6\n|\n|t:|1729203839\n|-terastallize|p1b: Veridical|Fire\n|move|p2a: Sneasler|Dire Claw|p1a: PushUrTenper\n|-resisted|p1a: PushUrTenper\n|-damage|p1a: PushUrTenper|68\/100\n|move|p2b: Indeedee|Expanding Force|p1b: Veridical|[spread] p1a,p1b\n|-supereffective|p1a: PushUrTenper\n|-damage|p1a: PushUrTenper|0 fnt\n|-damage|p1b: Veridical|47\/100\n|faint|p1a: PushUrTenper\n|move|p1b: Veridical|Wood Hammer|p2a: Sneasler\n|-damage|p2a: Sneasler|0 fnt\n|faint|p2a: Sneasler\n|-damage|p1b: Veridical|26\/100|[from] Recoil\n|\n|upkeep\n|-message|Moon7777 forfeited.\n|\n|win|LuckyLeaves\n|raw|Moon7777's rating: 1787 &rarr; <strong>1764<\/strong><br \/>(-23 for losing)\n|raw|LuckyLeaves's rating: 1726 &rarr; <strong>1749<\/strong><br \/>(+23 for winning)\n|l|\u2606Moon7777\n|player|p1|\n|l|\u2606LuckyLeaves\n|player|p2|\n","uploadtime":1729204090,"views":26,"formatid":"gen9vgc2024regh","rating":1749,"private":0,"password":null}