{"id":"gen9vgc2024regh-2225542735","format":"[Gen 9] VGC 2024 Reg H","players":["caixueying","superpowerpoke"],"log":"|j|\u203dcaixueying\n|j|\u2606superpowerpoke\n|t:|1729242947\n|gametype|doubles\n|player|p1|caixueying|beauty-gen4dp|1688\n|player|p2|superpowerpoke|266|1827\n|teamsize|p1|6\n|teamsize|p2|6\n|gen|9\n|tier|[Gen 9] VGC 2024 Reg H\n|rated|\n|rule|Species Clause: Limit one of each Pok\u00e9mon\n|rule|Item Clause: Limit 1 of each item\n|clearpoke\n|poke|p1|Lilligant-Hisui, L50, F|\n|poke|p1|Maushold-Four, L50|\n|poke|p1|Hatterene, L50, F|\n|poke|p1|Indeedee-F, L50, F|\n|poke|p1|Gallade, L50, M|\n|poke|p1|Torkoal, L50, F|\n|poke|p2|Gholdengo, L50|\n|poke|p2|Ninetales-Alola, L50, M|\n|poke|p2|Ursaluna-Bloodmoon, L50, M|\n|poke|p2|Dondozo, L50, M|\n|poke|p2|Annihilape, L50, F|\n|poke|p2|Incineroar, L50, M|\n|teampreview|4\n|inactive|Battle timer is ON: inactive players will automatically lose when time's up. (requested by caixueying)\n|inactive|superpowerpoke has 60 seconds left.\n|inactive|superpowerpoke has 30 seconds left.\n|inactive|superpowerpoke has 20 seconds left.\n|\n|t:|1729243021\n|start\n|switch|p1a: Indeedee|Indeedee-F, L50, F|100\/100\n|switch|p1b: Hatterene|Hatterene, L50, F|100\/100\n|switch|p2a: Incineroar|Incineroar, L50, M|100\/100\n|switch|p2b: Ursaluna|Ursaluna-Bloodmoon, L50, M|100\/100\n|-fieldstart|move: Psychic Terrain|[from] ability: Psychic Surge|[of] p1a: Indeedee\n|-ability|p2a: Incineroar|Intimidate|boost\n|-unboost|p1a: Indeedee|atk|1\n|-unboost|p1b: Hatterene|atk|1\n|turn|1\n|\n|t:|1729243031\n|move|p1a: Indeedee|Follow Me|p1a: Indeedee\n|-singleturn|p1a: Indeedee|move: Follow Me\n|move|p2a: Incineroar|Snarl|p1b: Hatterene|[spread] p1a\n|-miss|p2a: Incineroar|p1b: Hatterene\n|-supereffective|p1a: Indeedee\n|-damage|p1a: Indeedee|80\/100\n|-unboost|p1a: Indeedee|spa|1\n|move|p2b: Ursaluna|Hyper Voice|p1b: Hatterene|[spread] p1a,p1b\n|-damage|p1a: Indeedee|43\/100\n|-damage|p1b: Hatterene|57\/100\n|move|p1b: Hatterene|Trick Room|p1b: Hatterene\n|-fieldstart|move: Trick Room|[of] p1b: Hatterene\n|\n|upkeep\n|turn|2\n|inactive|superpowerpoke has 30 seconds left.\n|\n|t:|1729243058\n|switch|p1a: Gallade|Gallade, L50, M|100\/100\n|move|p1b: Hatterene|Dazzling Gleam|p2a: Incineroar|[spread] p2a,p2b\n|-damage|p2a: Incineroar|69\/100\n|-damage|p2b: Ursaluna|67\/100\n|-damage|p1b: Hatterene|47\/100|[from] item: Life Orb\n|move|p2b: Ursaluna|Hyper Voice|p1b: Hatterene|[spread] p1a,p1b\n|-damage|p1a: Gallade|64\/100\n|-damage|p1b: Hatterene|3\/100\n|move|p2a: Incineroar|Snarl|p1b: Hatterene|[spread] p1a,p1b\n|-damage|p1a: Gallade|54\/100\n|-damage|p1b: Hatterene|0 fnt\n|-unboost|p1a: Gallade|spa|1\n|faint|p1b: Hatterene\n|\n|upkeep\n|\n|t:|1729243074\n|switch|p1b: Torkoal|Torkoal, L50, F|100\/100\n|-weather|SunnyDay|[from] ability: Drought|[of] p1b: Torkoal\n|turn|3\n|\n|t:|1729243094\n|switch|p2a: Ninetales|Ninetales-Alola, L50, M|100\/100\n|-weather|Snow|[from] ability: Snow Warning|[of] p2a: Ninetales\n|-terastallize|p1b: Torkoal|Fire\n|move|p1b: Torkoal|Eruption|p2b: Ursaluna|[spread] p2a,p2b\n|-supereffective|p2a: Ninetales\n|-damage|p2a: Ninetales|0 fnt\n|-damage|p2b: Ursaluna|12\/100\n|faint|p2a: Ninetales\n|move|p2b: Ursaluna|Earth Power|p1b: Torkoal\n|-supereffective|p1b: Torkoal\n|-damage|p1b: Torkoal|0 fnt\n|faint|p1b: Torkoal\n|move|p1a: Gallade|Psycho Cut|p2b: Ursaluna\n|-damage|p2b: Ursaluna|0 fnt\n|faint|p2b: Ursaluna\n|\n|-weather|Snow|[upkeep]\n|upkeep\n|\n|t:|1729243114\n|switch|p1b: Indeedee|Indeedee-F, L50, F|43\/100\n|switch|p2b: Dondozo|Dondozo, L50, M|100\/100\n|switch|p2a: Incineroar|Incineroar, L50, M|69\/100\n|-ability|p2a: Incineroar|Intimidate|boost\n|-unboost|p1a: Gallade|atk|1\n|-unboost|p1b: Indeedee|atk|1\n|turn|4\n|\n|t:|1729243135\n|-terastallize|p2a: Incineroar|Ghost\n|move|p1b: Indeedee|Helping Hand|p1a: Gallade\n|-singleturn|p1a: Gallade|Helping Hand|[of] p1b: Indeedee\n|move|p2b: Dondozo|Yawn|p1a: Gallade\n|-start|p1a: Gallade|move: Yawn|[of] p2b: Dondozo\n|move|p1a: Gallade|Sacred Sword|p2a: Incineroar\n|-immune|p2a: Incineroar\n|move|p2a: Incineroar|Flare Blitz|p1a: Gallade\n|-damage|p1a: Gallade|0 fnt\n|faint|p1a: Gallade\n|-damage|p2a: Incineroar|53\/100|[from] Recoil\n|\n|-weather|Snow|[upkeep]\n|upkeep\n|turn|5\n|\n|t:|1729243155\n|move|p2b: Dondozo|Wave Crash|p1b: Indeedee\n|-damage|p1b: Indeedee|0 fnt\n|faint|p1b: Indeedee\n|-damage|p2b: Dondozo|90\/100|[from] Recoil\n|\n|win|superpowerpoke\n|raw|caixueying's rating: 1688 &rarr; <strong>1676<\/strong><br \/>(-12 for losing)\n|raw|superpowerpoke's rating: 1827 &rarr; <strong>1839<\/strong><br \/>(+12 for winning)\n|l|\u203dcaixueying\n|player|p1|\n","uploadtime":1729243416,"views":20,"formatid":"gen9vgc2024regh","rating":1676,"private":0,"password":null}