{"id":"gen9vgc2024regh-2225786332","format":"[Gen 9] VGC 2024 Reg H","players":["dinokitae","Brave12223"],"log":"|j|\u2606dinokitae\n|j|\u2606Brave12223\n|t:|1729269557\n|gametype|doubles\n|player|p1|dinokitae|officeworker|1681\n|player|p2|Brave12223|ingo|1724\n|teamsize|p1|6\n|teamsize|p2|6\n|gen|9\n|tier|[Gen 9] VGC 2024 Reg H\n|rated|\n|rule|Species Clause: Limit one of each Pok\u00e9mon\n|rule|Item Clause: Limit 1 of each item\n|clearpoke\n|poke|p1|Torterra, L50, M|\n|poke|p1|Farigiraf, L50, F|\n|poke|p1|Kingdra, L50, M|\n|poke|p1|Pelipper, L50, F|\n|poke|p1|Murkrow, L50, F|\n|poke|p1|Archaludon, L50, M|\n|poke|p2|Tyranitar, L50, F|\n|poke|p2|Garchomp, L50, M|\n|poke|p2|Talonflame, L50, F|\n|poke|p2|Gastrodon, L50, M|\n|poke|p2|Tsareena, L50, F|\n|poke|p2|Gholdengo, L50|\n|teampreview|4\n|inactive|Battle timer is ON: inactive players will automatically lose when time's up. (requested by dinokitae)\n|\n|t:|1729269582\n|start\n|switch|p1a: \ud0a4\ud0a4\ub9c1|Farigiraf, L50, F|100\/100\n|switch|p1b: \ud1a0\ub300\ubd80\uae30|Torterra, L50, M|100\/100\n|switch|p2a: Tsareena|Tsareena, L50, F|100\/100\n|switch|p2b: Garchomp|Garchomp, L50, M|100\/100\n|turn|1\n|\n|t:|1729269593\n|switch|p1b: \ube0c\ub9ac\ub450\ub77c\uc2a4|Archaludon, L50, M|100\/100\n|move|p2b: Garchomp|Stomping Tantrum|p1a: \ud0a4\ud0a4\ub9c1\n|-damage|p1a: \ud0a4\ud0a4\ub9c1|52\/100\n|-damage|p2b: Garchomp|84\/100|[from] item: Rocky Helmet|[of] p1a: \ud0a4\ud0a4\ub9c1\n|move|p2a: Tsareena|Triple Axel|p1b: \ube0c\ub9ac\ub450\ub77c\uc2a4\n|-damage|p1b: \ube0c\ub9ac\ub450\ub77c\uc2a4|94\/100\n|-ability|p1b: \ube0c\ub9ac\ub450\ub77c\uc2a4|Stamina|boost\n|-boost|p1b: \ube0c\ub9ac\ub450\ub77c\uc2a4|def|1\n|-damage|p1b: \ube0c\ub9ac\ub450\ub77c\uc2a4|87\/100\n|-ability|p1b: \ube0c\ub9ac\ub450\ub77c\uc2a4|Stamina|boost\n|-boost|p1b: \ube0c\ub9ac\ub450\ub77c\uc2a4|def|1\n|-damage|p1b: \ube0c\ub9ac\ub450\ub77c\uc2a4|79\/100\n|-ability|p1b: \ube0c\ub9ac\ub450\ub77c\uc2a4|Stamina|boost\n|-boost|p1b: \ube0c\ub9ac\ub450\ub77c\uc2a4|def|1\n|-hitcount|p1b: \ube0c\ub9ac\ub450\ub77c\uc2a4|3\n|move|p1a: \ud0a4\ud0a4\ub9c1|Trick Room|p1a: \ud0a4\ud0a4\ub9c1\n|-fieldstart|move: Trick Room|[of] p1a: \ud0a4\ud0a4\ub9c1\n|\n|upkeep\n|turn|2\n|\n|t:|1729269615\n|move|p1a: \ud0a4\ud0a4\ub9c1|Dazzling Gleam|p2b: Garchomp|[spread] p2a,p2b\n|-supereffective|p2b: Garchomp\n|-damage|p2a: Tsareena|82\/100\n|-damage|p2b: Garchomp|52\/100\n|move|p1b: \ube0c\ub9ac\ub450\ub77c\uc2a4|Body Press|p2b: Garchomp\n|-damage|p2b: Garchomp|0 fnt\n|faint|p2b: Garchomp\n|move|p2a: Tsareena|High Jump Kick|p1b: \ube0c\ub9ac\ub450\ub77c\uc2a4\n|-supereffective|p1b: \ube0c\ub9ac\ub450\ub77c\uc2a4\n|-damage|p1b: \ube0c\ub9ac\ub450\ub77c\uc2a4|54\/100\n|-ability|p1b: \ube0c\ub9ac\ub450\ub77c\uc2a4|Stamina|boost\n|-boost|p1b: \ube0c\ub9ac\ub450\ub77c\uc2a4|def|1\n|\n|upkeep\n|\n|t:|1729269621\n|switch|p2b: Gastrodon|Gastrodon, L50, M|100\/100\n|turn|3\n|\n|t:|1729269631\n|move|p2b: Gastrodon|Earth Power|p1b: \ube0c\ub9ac\ub450\ub77c\uc2a4\n|-supereffective|p1b: \ube0c\ub9ac\ub450\ub77c\uc2a4\n|-damage|p1b: \ube0c\ub9ac\ub450\ub77c\uc2a4|11\/100\n|-ability|p1b: \ube0c\ub9ac\ub450\ub77c\uc2a4|Stamina|boost\n|-boost|p1b: \ube0c\ub9ac\ub450\ub77c\uc2a4|def|1\n|move|p1a: \ud0a4\ud0a4\ub9c1|Psychic Noise|p2b: Gastrodon\n|-damage|p2b: Gastrodon|75\/100\n|-start|p2b: Gastrodon|move: Heal Block\n|move|p1b: \ube0c\ub9ac\ub450\ub77c\uc2a4|Body Press|p2b: Gastrodon\n|-damage|p2b: Gastrodon|0 fnt\n|faint|p2b: Gastrodon\n|move|p2a: Tsareena|Power Whip|p1a: \ud0a4\ud0a4\ub9c1\n|-damage|p1a: \ud0a4\ud0a4\ub9c1|4\/100\n|-damage|p2a: Tsareena|66\/100|[from] item: Rocky Helmet|[of] p1a: \ud0a4\ud0a4\ub9c1\n|\n|upkeep\n|\n|t:|1729269634\n|switch|p2b: Gholdengo|Gholdengo, L50|100\/100\n|turn|4\n|\n|t:|1729269653\n|move|p2a: Tsareena|Protect|p2a: Tsareena\n|-singleturn|p2a: Tsareena|Protect\n|move|p1a: \ud0a4\ud0a4\ub9c1|Psychic Noise|p2b: Gholdengo\n|-resisted|p2b: Gholdengo\n|-damage|p2b: Gholdengo|83\/100\n|-start|p2b: Gholdengo|move: Heal Block\n|move|p1b: \ube0c\ub9ac\ub450\ub77c\uc2a4|Body Press|p2a: Tsareena\n|-activate|p2a: Tsareena|move: Protect\n|move|p2b: Gholdengo|Shadow Ball|p1b: \ube0c\ub9ac\ub450\ub77c\uc2a4\n|-damage|p1b: \ube0c\ub9ac\ub450\ub77c\uc2a4|0 fnt\n|faint|p1b: \ube0c\ub9ac\ub450\ub77c\uc2a4\n|\n|upkeep\n|\n|t:|1729269659\n|switch|p1b: \ud1a0\ub300\ubd80\uae30|Torterra, L50, M|100\/100\n|turn|5\n|\n|t:|1729269678\n|switch|p1a: \ud328\ub9ac\ud37c|Pelipper, L50, F|100\/100\n|-weather|RainDance|[from] ability: Drizzle|[of] p1a: \ud328\ub9ac\ud37c\n|-terastallize|p1b: \ud1a0\ub300\ubd80\uae30|Rock\n|-terastallize|p2b: Gholdengo|Flying\n|move|p1b: \ud1a0\ub300\ubd80\uae30|Earthquake|p2b: Gholdengo|[spread] p2a\n|-immune|p1a: \ud328\ub9ac\ud37c\n|-immune|p2b: Gholdengo\n|-resisted|p2a: Tsareena\n|-damage|p2a: Tsareena|41\/100\n|move|p2a: Tsareena|Power Whip|p1a: \ud328\ub9ac\ud37c\n|-damage|p1a: \ud328\ub9ac\ud37c|33\/100\n|move|p2b: Gholdengo|Shadow Ball|p1b: \ud1a0\ub300\ubd80\uae30\n|-damage|p1b: \ud1a0\ub300\ubd80\uae30|38\/100\n|-unboost|p1b: \ud1a0\ub300\ubd80\uae30|spd|1\n|\n|-weather|RainDance|[upkeep]\n|-end|p2b: Gholdengo|move: Heal Block\n|-fieldend|move: Trick Room\n|upkeep\n|turn|6\n|\n|t:|1729269699\n|move|p1b: \ud1a0\ub300\ubd80\uae30|Wide Guard|p1b: \ud1a0\ub300\ubd80\uae30\n|-singleturn|p1b: \ud1a0\ub300\ubd80\uae30|Wide Guard\n|move|p2b: Gholdengo|Shadow Ball|p1a: \ud328\ub9ac\ud37c\n|-damage|p1a: \ud328\ub9ac\ud37c|0 fnt\n|faint|p1a: \ud328\ub9ac\ud37c\n|move|p2a: Tsareena|Power Whip|p1b: \ud1a0\ub300\ubd80\uae30\n|-supereffective|p1b: \ud1a0\ub300\ubd80\uae30\n|-damage|p1b: \ud1a0\ub300\ubd80\uae30|0 fnt\n|faint|p1b: \ud1a0\ub300\ubd80\uae30\n|\n|-weather|RainDance|[upkeep]\n|upkeep\n|\n|t:|1729269705\n|switch|p1b: \ud0a4\ud0a4\ub9c1|Farigiraf, L50, F|4\/100\n|turn|7\n|-message|dinokitae forfeited.\n|\n|win|Brave12223\n|raw|dinokitae's rating: 1681 &rarr; <strong>1663<\/strong><br \/>(-18 for losing)\n|raw|Brave12223's rating: 1724 &rarr; <strong>1742<\/strong><br \/>(+18 for winning)\n|l|\u2606dinokitae\n|player|p1|\n|l|\u2606Brave12223\n|player|p2|\n","uploadtime":1729269905,"views":12,"formatid":"gen9vgc2024regh","rating":1663,"private":0,"password":null}