{"id":"gen9vgc2024regh-2225750719","format":"[Gen 9] VGC 2024 Reg H","players":["newpreset2","ImmaOustYourOger"],"log":"|j|\u2606newpreset2\n|j|\u2606ImmaOustYourOger\n|t:|1729266367\n|gametype|doubles\n|player|p1|newpreset2|170|1714\n|player|p2|ImmaOustYourOger|blackbelt-gen4dp|1664\n|teamsize|p1|6\n|teamsize|p2|6\n|gen|9\n|tier|[Gen 9] VGC 2024 Reg H\n|rated|\n|rule|Species Clause: Limit one of each Pok\u00e9mon\n|rule|Item Clause: Limit 1 of each item\n|clearpoke\n|poke|p1|Rhydon, L50, M|\n|poke|p1|Gholdengo, L50|\n|poke|p1|Rillaboom, L50, M|\n|poke|p1|Archaludon, L50, M|\n|poke|p1|Politoed, L50, F|\n|poke|p1|Dragonite, L50, F|\n|poke|p2|Talonflame, L50, M|\n|poke|p2|Amoonguss, L50, M|\n|poke|p2|Gholdengo, L50|\n|poke|p2|Primarina, L50, F|\n|poke|p2|Garchomp, L50, F|\n|poke|p2|Tyranitar, L50, F|\n|teampreview|4\n|\n|t:|1729266425\n|start\n|switch|p1a: Gholdengo|Gholdengo, L50|100\/100\n|switch|p1b: Dragonite|Dragonite, L50, F|100\/100\n|switch|p2a: Kaiju|Garchomp, L50, F, shiny|100\/100\n|switch|p2b: Toppler|Tyranitar, L50, F, shiny|100\/100\n|-weather|Sandstorm|[from] ability: Sand Stream|[of] p2b: Toppler\n|turn|1\n|\n|t:|1729266483\n|switch|p1b: Rillaboom|Rillaboom, L50, M|100\/100\n|-fieldstart|move: Grassy Terrain|[from] ability: Grassy Surge|[of] p1b: Rillaboom\n|-enditem|p1b: Rillaboom|Grassy Seed\n|-boost|p1b: Rillaboom|def|1|[from] item: Grassy Seed\n|move|p1a: Gholdengo|Make It Rain|p2a: Kaiju|[spread] p2a,p2b\n|-supereffective|p2b: Toppler\n|-damage|p2a: Kaiju|43\/100\n|-damage|p2b: Toppler|65\/100\n|-unboost|p1a: Gholdengo|spa|1\n|move|p2a: Kaiju|Rock Slide|p1a: Gholdengo|[spread] p1a,p1b\n|-resisted|p1a: Gholdengo\n|-damage|p1a: Gholdengo|84\/100\n|-damage|p1b: Rillaboom|81\/100\n|move|p2b: Toppler|Knock Off|p1a: Gholdengo\n|-supereffective|p1a: Gholdengo\n|-damage|p1a: Gholdengo|0 fnt\n|-enditem|p1a: Gholdengo|Choice Scarf|[from] move: Knock Off|[of] p2b: Toppler\n|faint|p1a: Gholdengo\n|\n|-weather|Sandstorm|[upkeep]\n|-damage|p1b: Rillaboom|75\/100|[from] Sandstorm\n|-heal|p2a: Kaiju|49\/100|[from] Grassy Terrain\n|-heal|p1b: Rillaboom|81\/100|[from] Grassy Terrain\n|-heal|p2b: Toppler|71\/100|[from] Grassy Terrain\n|upkeep\n|\n|t:|1729266495\n|switch|p1a: Rhydon|Rhydon, L50, M|100\/100\n|turn|2\n|\n|t:|1729266523\n|switch|p2a: Peregrine|Talonflame, L50, M|100\/100\n|-terastallize|p2b: Toppler|Flying\n|move|p1b: Rillaboom|Wood Hammer|p2b: Toppler\n|-resisted|p2b: Toppler\n|-damage|p2b: Toppler|37\/100\n|-damage|p1b: Rillaboom|69\/100|[from] Recoil\n|move|p2b: Toppler|Tera Blast|p1b: Rillaboom|[anim] Tera Blast Flying\n|-supereffective|p1b: Rillaboom\n|-damage|p1b: Rillaboom|15\/100\n|move|p1a: Rhydon|Drill Run|p2a: Peregrine\n|-immune|p2a: Peregrine\n|\n|-weather|Sandstorm|[upkeep]\n|-damage|p2a: Peregrine|94\/100|[from] Sandstorm\n|-damage|p1b: Rillaboom|9\/100|[from] Sandstorm\n|-damage|p2b: Toppler|31\/100|[from] Sandstorm\n|-heal|p1b: Rillaboom|15\/100|[from] Grassy Terrain\n|upkeep\n|turn|3\n|\n|t:|1729266562\n|move|p2a: Peregrine|Tailwind|p2a: Peregrine\n|-sidestart|p2: ImmaOustYourOger|move: Tailwind\n|move|p2b: Toppler|Tera Blast|p1b: Rillaboom|[anim] Tera Blast Flying\n|-supereffective|p1b: Rillaboom\n|-damage|p1b: Rillaboom|0 fnt\n|faint|p1b: Rillaboom\n|move|p1a: Rhydon|Stone Edge|p2a: Peregrine\n|-supereffective|p2a: Peregrine\n|-damage|p2a: Peregrine|0 fnt\n|faint|p2a: Peregrine\n|\n|-weather|Sandstorm|[upkeep]\n|-damage|p2b: Toppler|25\/100|[from] Sandstorm\n|upkeep\n|\n|t:|1729266606\n|switch|p2a: Kaiju|Garchomp, L50, F, shiny|49\/100\n|switch|p1b: Dragonite|Dragonite, L50, F|100\/100\n|turn|4\n|\n|t:|1729266642\n|switch|p2b: Party Animal|Gholdengo, L50|100\/100\n|move|p1b: Dragonite|Extreme Speed|p2b: Party Animal\n|-immune|p2b: Party Animal\n|move|p2a: Kaiju|Stomping Tantrum|p1a: Rhydon\n|-supereffective|p1a: Rhydon\n|-damage|p1a: Rhydon|61\/100\n|move|p1a: Rhydon|Drill Run|p2a: Kaiju|[miss]\n|-miss|p1a: Rhydon|p2a: Kaiju\n|\n|-weather|Sandstorm|[upkeep]\n|-damage|p1b: Dragonite|94\/100|[from] Sandstorm\n|-heal|p2a: Kaiju|55\/100|[from] Grassy Terrain\n|-heal|p1a: Rhydon|67\/100|[from] Grassy Terrain\n|upkeep\n|turn|5\n|\n|t:|1729266670\n|move|p1a: Rhydon|Protect|p1a: Rhydon\n|-singleturn|p1a: Rhydon|Protect\n|move|p1b: Dragonite|Extreme Speed|p2a: Kaiju\n|-damage|p2a: Kaiju|20\/100\n|move|p2a: Kaiju|Stomping Tantrum|p1a: Rhydon\n|-activate|p1a: Rhydon|move: Protect\n|move|p2b: Party Animal|Make It Rain|p1b: Dragonite|[spread] p1b\n|-activate|p1a: Rhydon|move: Protect\n|-damage|p1b: Dragonite|39\/100\n|-unboost|p2b: Party Animal|spa|1\n|-damage|p2b: Party Animal|91\/100|[from] item: Life Orb\n|\n|-weather|none\n|-heal|p2a: Kaiju|26\/100|[from] Grassy Terrain\n|-heal|p2b: Party Animal|97\/100|[from] Grassy Terrain\n|-heal|p1a: Rhydon|73\/100|[from] Grassy Terrain\n|-fieldend|move: Grassy Terrain\n|upkeep\n|turn|6\n|\n|t:|1729266714\n|-terastallize|p1a: Rhydon|Flying\n|move|p1b: Dragonite|Extreme Speed|p2a: Kaiju\n|-damage|p2a: Kaiju|0 fnt\n|faint|p2a: Kaiju\n|move|p2b: Party Animal|Make It Rain|p1b: Dragonite|[spread] p1a,p1b\n|-damage|p1a: Rhydon|27\/100\n|-damage|p1b: Dragonite|0 fnt\n|-unboost|p2b: Party Animal|spa|1\n|faint|p1b: Dragonite\n|-damage|p2b: Party Animal|87\/100|[from] item: Life Orb\n|move|p1a: Rhydon|Drill Run|p2b: Party Animal\n|-supereffective|p2b: Party Animal\n|-damage|p2b: Party Animal|8\/100\n|\n|-sideend|p2: ImmaOustYourOger|move: Tailwind\n|upkeep\n|j| TrubbishTyler\n|\n|t:|1729266725\n|switch|p2a: Toppler|Tyranitar, L50, F, shiny, tera:Flying|25\/100\n|-weather|Sandstorm|[from] ability: Sand Stream|[of] p2a: Toppler\n|turn|7\n|\n|t:|1729266753\n|move|p2b: Party Animal|Make It Rain|p1a: Rhydon\n|-damage|p1a: Rhydon|0 fnt\n|-unboost|p2b: Party Animal|spa|1\n|faint|p1a: Rhydon\n|-damage|p2b: Party Animal|0 fnt|[from] item: Life Orb\n|faint|p2b: Party Animal\n|\n|win|ImmaOustYourOger\n|raw|newpreset2's rating: 1714 &rarr; <strong>1691<\/strong><br \/>(-23 for losing)\n|raw|ImmaOustYourOger's rating: 1664 &rarr; <strong>1687<\/strong><br \/>(+23 for winning)\n|l|\u2606newpreset2\n|player|p1|\n","uploadtime":1729266771,"views":16,"formatid":"gen9vgc2024regh","rating":1687,"private":0,"password":null}