{"id":"gen9vgc2024regh-2225261239","format":"[Gen 9] VGC 2024 Reg H","players":["Moon7777","test-on-calls"],"log":"|j|\u2606Moon7777\n|j|\u2606test-on-calls\n|t:|1729203176\n|gametype|doubles\n|player|p1|Moon7777|101|1752\n|player|p2|test-on-calls|170|1754\n|teamsize|p1|6\n|teamsize|p2|6\n|gen|9\n|tier|[Gen 9] VGC 2024 Reg H\n|rated|\n|rule|Species Clause: Limit one of each Pok\u00e9mon\n|rule|Item Clause: Limit 1 of each item\n|clearpoke\n|poke|p1|Sneasler, L50, F|\n|poke|p1|Mimikyu, L50, M|\n|poke|p1|Ursaluna-Bloodmoon, L50, M|\n|poke|p1|Garchomp, L50, M|\n|poke|p1|Rillaboom, L50, F|\n|poke|p1|Gholdengo, L50|\n|poke|p2|Pelipper, L50, F|\n|poke|p2|Primarina, L50, F|\n|poke|p2|Tinkaton, L50, F|\n|poke|p2|Gholdengo, L50|\n|poke|p2|Amoonguss, L50, F|\n|poke|p2|Donphan, L50, F|\n|teampreview|4\n|\n|t:|1729203217\n|start\n|switch|p1a: Walksocket|Gholdengo, L50, shiny|100\/100\n|switch|p1b: MoneyMachine|Ursaluna-Bloodmoon, L50, M|100\/100\n|switch|p2a: Stonkabonk|Tinkaton, L50, F, shiny|100\/100\n|switch|p2b: String Yeeze|Gholdengo, L50|100\/100\n|-ability|p2a: Stonkabonk|Mold Breaker\n|-item|p2a: Stonkabonk|Air Balloon\n|turn|1\n|j| SneakySmeggers\n|\n|t:|1729203242\n|-terastallize|p2b: String Yeeze|Steel\n|-terastallize|p1b: MoneyMachine|Ghost\n|move|p2a: Stonkabonk|Helping Hand|p2b: String Yeeze\n|-singleturn|p2b: String Yeeze|Helping Hand|[of] p2a: Stonkabonk\n|move|p1a: Walksocket|Protect|p1a: Walksocket\n|-singleturn|p1a: Walksocket|Protect\n|move|p2b: String Yeeze|Make It Rain|p1b: MoneyMachine|[spread] p1b\n|-activate|p1a: Walksocket|move: Protect\n|-damage|p1b: MoneyMachine|0 fnt\n|-unboost|p2b: String Yeeze|spa|1\n|faint|p1b: MoneyMachine\n|\n|upkeep\n|\n|t:|1729203264\n|switch|p1b: PushUrTenper|Sneasler, L50, F, shiny|100\/100\n|turn|2\n|\n|t:|1729203277\n|move|p1b: PushUrTenper|Close Combat|p2b: String Yeeze\n|-supereffective|p2b: String Yeeze\n|-damage|p2b: String Yeeze|0 fnt\n|-unboost|p1b: PushUrTenper|def|1\n|-unboost|p1b: PushUrTenper|spd|1\n|faint|p2b: String Yeeze\n|move|p2a: Stonkabonk|Thunder Wave|p1b: PushUrTenper\n|-status|p1b: PushUrTenper|par\n|move|p1a: Walksocket|Nasty Plot|p1a: Walksocket\n|-boost|p1a: Walksocket|spa|2\n|\n|upkeep\n|\n|t:|1729203283\n|switch|p2b: Heffalump|Donphan, L50, F, shiny|100\/100\n|turn|3\n|\n|t:|1729203306\n|switch|p1b: Veridical|Rillaboom, L50, F, shiny|100\/100\n|-fieldstart|move: Grassy Terrain|[from] ability: Grassy Surge|[of] p1b: Veridical\n|move|p1a: Walksocket|Protect|p1a: Walksocket\n|-singleturn|p1a: Walksocket|Protect\n|move|p2a: Stonkabonk|Thunder Wave|p1a: Walksocket\n|-activate|p1a: Walksocket|move: Protect\n|move|p2b: Heffalump|High Horsepower|p1a: Walksocket\n|-activate|p1a: Walksocket|move: Protect\n|\n|upkeep\n|turn|4\n|\n|t:|1729203328\n|move|p2b: Heffalump|Protect|p2b: Heffalump\n|-singleturn|p2b: Heffalump|Protect\n|move|p1b: Veridical|Fake Out|p2b: Heffalump\n|-activate|p2b: Heffalump|move: Protect\n|move|p2a: Stonkabonk|Thunder Wave|p1a: Walksocket\n|-status|p1a: Walksocket|par\n|move|p1a: Walksocket|Shadow Ball|p2a: Stonkabonk\n|-damage|p2a: Stonkabonk|38\/100\n|-enditem|p2a: Stonkabonk|Air Balloon\n|\n|-heal|p2a: Stonkabonk|44\/100|[from] Grassy Terrain\n|upkeep\n|turn|5\n|\n|t:|1729203345\n|switch|p2b: Corv?|Pelipper, L50, F|100\/100\n|-weather|RainDance|[from] ability: Drizzle|[of] p2b: Corv?\n|cant|p1a: Walksocket|par\n|move|p2a: Stonkabonk|Gigaton Hammer|p1b: Veridical\n|-damage|p1b: Veridical|53\/100\n|move|p1b: Veridical|Wood Hammer|p2b: Corv?\n|-enditem|p2b: Corv?|Focus Sash\n|-damage|p2b: Corv?|1\/100\n|-damage|p1b: Veridical|30\/100|[from] Recoil\n|\n|-weather|RainDance|[upkeep]\n|-heal|p2a: Stonkabonk|50\/100|[from] Grassy Terrain\n|-heal|p1b: Veridical|36\/100|[from] Grassy Terrain\n|upkeep\n|turn|6\n|\n|t:|1729203367\n|move|p1b: Veridical|Grassy Glide|p2b: Corv?\n|-damage|p2b: Corv?|0 fnt\n|faint|p2b: Corv?\n|move|p2a: Stonkabonk|Thunder Wave|p1b: Veridical\n|-status|p1b: Veridical|par\n|move|p1a: Walksocket|Make It Rain|p2a: Stonkabonk\n|-damage|p2a: Stonkabonk|0 fnt\n|-unboost|p1a: Walksocket|spa|1\n|faint|p2a: Stonkabonk\n|\n|-weather|RainDance|[upkeep]\n|-heal|p1b: Veridical|42\/100 par|[from] Grassy Terrain\n|upkeep\n|\n|t:|1729203370\n|switch|p2b: Heffalump|Donphan, L50, F, shiny|100\/100\n|turn|7\n|\n|t:|1729203382\n|move|p2b: Heffalump|Ice Spinner|p1b: Veridical\n|-supereffective|p1b: Veridical\n|-crit|p1b: Veridical\n|-damage|p1b: Veridical|0 fnt\n|-fieldend|move: Grassy Terrain\n|faint|p1b: Veridical\n|move|p1a: Walksocket|Make It Rain|p2b: Heffalump\n|-ability|p2b: Heffalump|Sturdy\n|-damage|p2b: Heffalump|1\/100\n|-unboost|p1a: Walksocket|spa|1\n|\n|-weather|RainDance|[upkeep]\n|upkeep\n|\n|t:|1729203384\n|switch|p1b: PushUrTenper|Sneasler, L50, F, shiny|100\/100 par\n|turn|8\n|\n|t:|1729203391\n|move|p2b: Heffalump|Protect|p2b: Heffalump\n|-singleturn|p2b: Heffalump|Protect\n|move|p1b: PushUrTenper|Fake Out|p2b: Heffalump\n|-activate|p2b: Heffalump|move: Protect\n|move|p1a: Walksocket|Make It Rain|p2b: Heffalump\n|-activate|p2b: Heffalump|move: Protect\n|\n|-weather|RainDance|[upkeep]\n|upkeep\n|turn|9\n|c|\u2606test-on-calls|i misplayed there hard\n|\n|t:|1729203398\n|move|p2b: Heffalump|High Horsepower|p1b: PushUrTenper\n|-supereffective|p1b: PushUrTenper\n|-enditem|p1b: PushUrTenper|Focus Sash\n|-damage|p1b: PushUrTenper|1\/100 par\n|move|p1b: PushUrTenper|Dire Claw|p2b: Heffalump\n|-resisted|p2b: Heffalump\n|-damage|p2b: Heffalump|0 fnt\n|faint|p2b: Heffalump\n|\n|win|Moon7777\n|raw|Moon7777's rating: 1752 &rarr; <strong>1772<\/strong><br \/>(+20 for winning)\n|raw|test-on-calls's rating: 1754 &rarr; <strong>1734<\/strong><br \/>(-20 for losing)\n|l|\u2606test-on-calls\n|player|p2|\n|l|\u2606Moon7777\n|player|p1|\n","uploadtime":1729203537,"views":16,"formatid":"gen9vgc2024regh","rating":1734,"private":0,"password":null}