{"id":"gen9vgc2024regh-2225602500","format":"[Gen 9] VGC 2024 Reg H","players":["Iced Meow","magnusmagnum"],"log":"|j|\u2606Iced Meow\n|j|\u2606magnusmagnum\n|t:|1729251680\n|gametype|doubles\n|player|p1|Iced Meow|102|1689\n|player|p2|magnusmagnum|2|1836\n|teamsize|p1|6\n|teamsize|p2|6\n|gen|9\n|tier|[Gen 9] VGC 2024 Reg H\n|rated|\n|rule|Species Clause: Limit one of each Pok\u00e9mon\n|rule|Item Clause: Limit 1 of each item\n|clearpoke\n|poke|p1|Dondozo, L50, M|\n|poke|p1|Electabuzz, L50, F|\n|poke|p1|Sneasler, L50, F|\n|poke|p1|Volcarona, L50, M|\n|poke|p1|Rillaboom, L50, M|\n|poke|p1|Dragapult, L50, M|\n|poke|p2|Sneasler, L50, F|\n|poke|p2|Mimikyu, L50, M|\n|poke|p2|Ursaluna-Bloodmoon, L50, M|\n|poke|p2|Garchomp, L50, F|\n|poke|p2|Rillaboom, L50, F|\n|poke|p2|Gholdengo, L50|\n|teampreview|4\n|inactive|Battle timer is ON: inactive players will automatically lose when time's up. (requested by Iced Meow)\n|inactive|Iced Meow has 60 seconds left.\n|inactive|magnusmagnum has 60 seconds left.\n|j| falcon108\n|inactive|magnusmagnum has 30 seconds left.\n|inactive|magnusmagnum has 20 seconds left.\n|\n|t:|1729251753\n|start\n|switch|p1a: Volcarona|Volcarona, L50, M|100\/100\n|switch|p1b: Rillaboom|Rillaboom, L50, M|100\/100\n|switch|p2a: Denji|Garchomp, L50, F, shiny|100\/100\n|switch|p2b: Ze|Mimikyu, L50, M, shiny|100\/100\n|-fieldstart|move: Grassy Terrain|[from] ability: Grassy Surge|[of] p1b: Rillaboom\n|turn|1\n|j| xiaoliyun.official\n|\n|t:|1729251770\n|move|p1b: Rillaboom|Fake Out|p2a: Denji\n|-damage|p2a: Denji|86\/100\n|-damage|p1b: Rillaboom|88\/100|[from] ability: Rough Skin|[of] p2a: Denji\n|cant|p2a: Denji|flinch\n|move|p2b: Ze|Play Rough|p1b: Rillaboom\n|-crit|p1b: Rillaboom\n|-damage|p1b: Rillaboom|16\/100\n|-damage|p2b: Ze|91\/100|[from] item: Life Orb\n|move|p1a: Volcarona|Quiver Dance|p1a: Volcarona\n|-boost|p1a: Volcarona|spa|1\n|-boost|p1a: Volcarona|spd|1\n|-boost|p1a: Volcarona|spe|1\n|\n|-heal|p2a: Denji|93\/100|[from] Grassy Terrain\n|-heal|p2b: Ze|97\/100|[from] Grassy Terrain\n|-heal|p1b: Rillaboom|22\/100|[from] Grassy Terrain\n|upkeep\n|turn|2\n|inactive|Iced Meow has 30 seconds left.\n|inactive|magnusmagnum has 30 seconds left.\n|inactive|Iced Meow has 20 seconds left.\n|inactive|magnusmagnum has 20 seconds left.\n|inactive|Iced Meow has 15 seconds left.\n|inactive|magnusmagnum has 15 seconds left.\n|\n|t:|1729251814\n|-terastallize|p1a: Volcarona|Fairy\n|move|p2b: Ze|Shadow Sneak|p1b: Rillaboom\n|-damage|p1b: Rillaboom|0 fnt\n|faint|p1b: Rillaboom\n|-damage|p2b: Ze|87\/100|[from] item: Life Orb\n|move|p2a: Denji|Rock Slide|p1a: Volcarona\n|-damage|p1a: Volcarona|66\/100\n|move|p1a: Volcarona|Heat Wave|p2b: Ze|[spread] p2a,p2b\n|-resisted|p2a: Denji\n|-damage|p2a: Denji|66\/100\n|-activate|p2b: Ze|ability: Disguise\n|-damage|p2b: Ze|87\/100\n|detailschange|p2b: Ze|Mimikyu-Busted, L50, M, shiny\n|-damage|p2b: Ze|75\/100|[from] pokemon: Mimikyu-Busted\n|\n|-heal|p2a: Denji|72\/100|[from] Grassy Terrain\n|-heal|p1a: Volcarona|72\/100|[from] Grassy Terrain\n|-heal|p2b: Ze|81\/100|[from] Grassy Terrain\n|upkeep\n|\n|t:|1729251835\n|switch|p1b: Sneasler|Sneasler, L50, F|100\/100\n|turn|3\n|inactive|magnusmagnum has 30 seconds left.\n|inactive|magnusmagnum has 20 seconds left.\n|\n|t:|1729251874\n|move|p2a: Denji|Rock Slide|p1b: Sneasler|[spread] p1a,p1b\n|-resisted|p1b: Sneasler\n|-damage|p1a: Volcarona|47\/100\n|-damage|p1b: Sneasler|82\/100\n|move|p1a: Volcarona|Heat Wave|p2b: Ze|[spread] p2a,p2b\n|-resisted|p2a: Denji\n|-damage|p2a: Denji|45\/100\n|-damage|p2b: Ze|7\/100\n|cant|p1b: Sneasler|flinch\n|move|p2b: Ze|Trick Room|p2b: Ze\n|-fieldstart|move: Trick Room|[of] p2b: Ze\n|\n|-heal|p2b: Ze|13\/100|[from] Grassy Terrain\n|-heal|p1b: Sneasler|88\/100|[from] Grassy Terrain\n|-heal|p1a: Volcarona|54\/100|[from] Grassy Terrain\n|-heal|p2a: Denji|52\/100|[from] Grassy Terrain\n|upkeep\n|turn|4\n|inactive|magnusmagnum has 30 seconds left.\n|\n|t:|1729251904\n|switch|p2a: MoneyMachine|Ursaluna-Bloodmoon, L50, M|100\/100\n|move|p1b: Sneasler|Protect|p1b: Sneasler\n|-singleturn|p1b: Sneasler|Protect\n|move|p2b: Ze|Play Rough|p1a: Volcarona|[miss]\n|-miss|p2b: Ze|p1a: Volcarona\n|move|p1a: Volcarona|Heat Wave|p2b: Ze|[spread] p2a,p2b\n|-damage|p2a: MoneyMachine|65\/100\n|-damage|p2b: Ze|0 fnt\n|faint|p2b: Ze\n|\n|-heal|p2a: MoneyMachine|72\/100|[from] Grassy Terrain\n|-heal|p1b: Sneasler|93\/100|[from] Grassy Terrain\n|-heal|p1a: Volcarona|60\/100|[from] Grassy Terrain\n|upkeep\n|c|\u2606magnusmagnum|f\n|\n|t:|1729251920\n|switch|p2b: Veridical|Rillaboom, L50, F, shiny|100\/100\n|turn|5\n|c|\u2606Iced Meow|How should i play a game of being crit and flinch\n|inactive|Iced Meow has 30 seconds left.\n|\n|t:|1729251954\n|move|p2a: MoneyMachine|Earth Power|p1b: Sneasler\n|-supereffective|p1b: Sneasler\n|-damage|p1b: Sneasler|0 fnt\n|faint|p1b: Sneasler\n|move|p2b: Veridical|Wood Hammer|p1a: Volcarona\n|-damage|p1a: Volcarona|0 fnt\n|faint|p1a: Volcarona\n|-damage|p2b: Veridical|81\/100|[from] Recoil\n|\n|-heal|p2a: MoneyMachine|78\/100|[from] Grassy Terrain\n|-heal|p2b: Veridical|87\/100|[from] Grassy Terrain\n|-fieldend|move: Grassy Terrain\n|upkeep\n|c|\u2606magnusmagnum|f\n|c|\u2606Iced Meow|Ok bye\n|inactive|Iced Meow has 30 seconds left.\n|-message|Iced Meow forfeited.\n|\n|win|magnusmagnum\n|raw|Iced Meow's rating: 1689 &rarr; <strong>1677<\/strong><br \/>(-12 for losing)\n|raw|magnusmagnum's rating: 1836 &rarr; <strong>1848<\/strong><br \/>(+12 for winning)\n|l|\u2606magnusmagnum\n|player|p2|\n|l| xiaoliyun.official\n|l| falcon108\n","uploadtime":1729251999,"views":16,"formatid":"gen9vgc2024regh","rating":1677,"private":0,"password":null}