{"id":"gen9vgc2024regh-2225359289","format":"[Gen 9] VGC 2024 Reg H","players":["dd6.75","caixueying"],"log":"|j|\u2606dd6.75\n|j|\u2606caixueying\n|t:|1729214678\n|gametype|doubles\n|player|p1|dd6.75|169|1704\n|player|p2|caixueying|beauty-gen4dp|1742\n|teamsize|p1|6\n|teamsize|p2|6\n|gen|9\n|tier|[Gen 9] VGC 2024 Reg H\n|rated|\n|rule|Species Clause: Limit one of each Pok\u00e9mon\n|rule|Item Clause: Limit 1 of each item\n|clearpoke\n|poke|p1|Dondozo, L50, F|\n|poke|p1|Tatsugiri, L50, M|\n|poke|p1|Dragonite, L50, M|\n|poke|p1|Gholdengo, L50|\n|poke|p1|Pawmot, L50, M|\n|poke|p1|Talonflame, L50, M|\n|poke|p2|Lilligant-Hisui, L50, F|\n|poke|p2|Maushold-Four, L50|\n|poke|p2|Hatterene, L50, F|\n|poke|p2|Indeedee-F, L50, F|\n|poke|p2|Gallade, L50, M|\n|poke|p2|Torkoal, L50, F|\n|teampreview|4\n|inactive|Battle timer is ON: inactive players will automatically lose when time's up. (requested by caixueying)\n|j| top cut worlds\n|inactive|dd6.75 has 60 seconds left.\n|inactive|dd6.75 has 30 seconds left.\n|inactive|dd6.75 has 20 seconds left.\n|inactive|dd6.75 has 15 seconds left.\n|inactive|dd6.75 has 10 seconds left.\n|inactive|dd6.75 has 5 seconds left.\n|j| Samevgcmons\n|\n|t:|1729214768\n|start\n|switch|p1a: Dondozo|Dondozo, L50, F|100\/100\n|switch|p1b: Tatsugiri|Tatsugiri, L50, M|100\/100\n|switch|p2a: Indeedee|Indeedee-F, L50, F|100\/100\n|switch|p2b: Hatterene|Hatterene, L50, F|100\/100\n|-activate|p1b: Tatsugiri|ability: Commander|[of] p1a: Dondozo\n|-boost|p1a: Dondozo|atk|2\n|-boost|p1a: Dondozo|spa|2\n|-boost|p1a: Dondozo|spe|2\n|-boost|p1a: Dondozo|def|2\n|-boost|p1a: Dondozo|spd|2\n|-fieldstart|move: Psychic Terrain|[from] ability: Psychic Surge|[of] p2a: Indeedee\n|turn|1\n|\n|t:|1729214781\n|move|p2a: Indeedee|Follow Me|p2a: Indeedee\n|-singleturn|p2a: Indeedee|move: Follow Me\n|move|p1a: Dondozo|Earthquake|p2b: Hatterene|[spread] p2a,p2b\n|-miss|p1a: Dondozo|p1b: Tatsugiri\n|-damage|p2a: Indeedee|58\/100\n|-damage|p2b: Hatterene|43\/100\n|move|p2b: Hatterene|Trick Room|p2b: Hatterene\n|-fieldstart|move: Trick Room|[of] p2b: Hatterene\n|\n|upkeep\n|turn|2\n|\n|t:|1729214792\n|move|p2a: Indeedee|Helping Hand|p2b: Hatterene\n|-singleturn|p2b: Hatterene|Helping Hand|[of] p2a: Indeedee\n|move|p1a: Dondozo|Protect|p1a: Dondozo\n|-singleturn|p1a: Dondozo|Protect\n|move|p2b: Hatterene|Expanding Force|p1a: Dondozo|[spread] \n|-miss|p2b: Hatterene|p1b: Tatsugiri\n|-activate|p1a: Dondozo|move: Protect\n|\n|upkeep\n|turn|3\n|\n|t:|1729214802\n|move|p2a: Indeedee|Helping Hand|p2b: Hatterene\n|-singleturn|p2b: Hatterene|Helping Hand|[of] p2a: Indeedee\n|move|p2b: Hatterene|Expanding Force|p1b: Tatsugiri|[spread] p1a\n|-miss|p2b: Hatterene|p1b: Tatsugiri\n|-damage|p1a: Dondozo|24\/100\n|-damage|p2b: Hatterene|33\/100|[from] item: Life Orb\n|move|p1a: Dondozo|Earthquake|p2b: Hatterene|[spread] p2a,p2b\n|-miss|p1a: Dondozo|p1b: Tatsugiri\n|-damage|p2a: Indeedee|14\/100\n|-damage|p2b: Hatterene|0 fnt\n|faint|p2b: Hatterene\n|\n|-heal|p1a: Dondozo|30\/100|[from] item: Leftovers\n|upkeep\n|\n|t:|1729214815\n|switch|p2b: Gallade|Gallade, L50, M|100\/100\n|turn|4\n|\n|t:|1729214823\n|move|p1a: Dondozo|Protect|p1a: Dondozo\n|-singleturn|p1a: Dondozo|Protect\n|move|p2b: Gallade|Trick Room|p2b: Gallade\n|-fieldend|move: Trick Room\n|move|p2a: Indeedee|Trick Room|p2a: Indeedee\n|-fieldstart|move: Trick Room|[of] p2a: Indeedee\n|\n|-heal|p1a: Dondozo|36\/100|[from] item: Leftovers\n|upkeep\n|turn|5\n|\n|t:|1729214837\n|move|p2b: Gallade|Sacred Sword|p1a: Dondozo\n|-damage|p1a: Dondozo|0 fnt\n|faint|p1a: Dondozo\n|move|p2a: Indeedee|Psychic|p1b: Tatsugiri\n|-damage|p1b: Tatsugiri|53\/100\n|\n|upkeep\n|\n|t:|1729214846\n|switch|p1a: Gholdengo|Gholdengo, L50|100\/100\n|turn|6\n|\n|t:|1729214856\n|move|p2b: Gallade|Sacred Sword|p1b: Tatsugiri\n|-damage|p1b: Tatsugiri|0 fnt\n|faint|p1b: Tatsugiri\n|move|p2a: Indeedee|Psychic|p1a: Gholdengo\n|-resisted|p1a: Gholdengo\n|-damage|p1a: Gholdengo|78\/100\n|-unboost|p1a: Gholdengo|spd|1\n|move|p1a: Gholdengo|Make It Rain|p2b: Gallade|[spread] p2a,p2b\n|-damage|p2a: Indeedee|0 fnt\n|-damage|p2b: Gallade|27\/100\n|-unboost|p1a: Gholdengo|spa|1\n|faint|p2a: Indeedee\n|\n|upkeep\n|\n|t:|1729214869\n|switch|p2a: Torkoal|Torkoal, L50, F|100\/100\n|switch|p1b: Dragonite|Dragonite, L50, M|100\/100\n|-weather|SunnyDay|[from] ability: Drought|[of] p2a: Torkoal\n|turn|7\n|\n|t:|1729214877\n|-terastallize|p2a: Torkoal|Fire\n|move|p2a: Torkoal|Eruption|p1a: Gholdengo|[spread] p1a,p1b\n|-supereffective|p1a: Gholdengo\n|-resisted|p1b: Dragonite\n|-damage|p1a: Gholdengo|0 fnt\n|-damage|p1b: Dragonite|52\/100\n|faint|p1a: Gholdengo\n|move|p2b: Gallade|Psycho Cut|p1b: Dragonite\n|-damage|p1b: Dragonite|0 fnt\n|faint|p1b: Dragonite\n|\n|win|caixueying\n|raw|dd6.75's rating: 1704 &rarr; <strong>1686<\/strong><br \/>(-18 for losing)\n|raw|caixueying's rating: 1742 &rarr; <strong>1760<\/strong><br \/>(+18 for winning)\n|l| Samevgcmons\n|l|\u2606dd6.75\n|player|p1|\n|l|\u2606caixueying\n|player|p2|\n|l| top cut worlds\n","uploadtime":1729214900,"views":12,"formatid":"gen9vgc2024regh","rating":1686,"private":0,"password":null}