{"id":"gen9vgc2024regh-2225621626","format":"[Gen 9] VGC 2024 Reg H","players":["Geodude3138","Assasinderella"],"log":"|j|\u203dGeodude3138\n|j|\u2606Assasinderella\n|t:|1729254024\n|gametype|doubles\n|player|p1|Geodude3138|psychicf|1777\n|player|p2|Assasinderella|rosa|1694\n|teamsize|p1|6\n|teamsize|p2|6\n|gen|9\n|tier|[Gen 9] VGC 2024 Reg H\n|rated|\n|rule|Species Clause: Limit one of each Pok\u00e9mon\n|rule|Item Clause: Limit 1 of each item\n|clearpoke\n|poke|p1|Dragonite, L50, M|\n|poke|p1|Gholdengo, L50|\n|poke|p1|Whimsicott, L50, F|\n|poke|p1|Basculegion, L50, M|\n|poke|p1|Archaludon, L50, M|\n|poke|p1|Politoed, L50, M|\n|poke|p2|Kingambit, L50, M|\n|poke|p2|Dragapult, L50, F|\n|poke|p2|Primarina, L50, F|\n|poke|p2|Sneasler, L50, M|\n|poke|p2|Rillaboom, L50, M|\n|poke|p2|Magmar, L50, F|\n|teampreview|4\n|inactive|Battle timer is ON: inactive players will automatically lose when time's up. (requested by Geodude3138)\n|\n|t:|1729254112\n|start\n|switch|p1a: Whimsicott|Whimsicott, L50, F|100\/100\n|switch|p1b: Archaludon|Archaludon, L50, M|100\/100\n|switch|p2a: Rillaboom|Rillaboom, L50, M|100\/100\n|switch|p2b: Kingambit|Kingambit, L50, M|100\/100\n|-fieldstart|move: Grassy Terrain|[from] ability: Grassy Surge|[of] p2a: Rillaboom\n|turn|1\n|\n|t:|1729254137\n|move|p2a: Rillaboom|Fake Out|p1b: Archaludon\n|-resisted|p1b: Archaludon\n|-damage|p1b: Archaludon|95\/100\n|move|p1a: Whimsicott|Misty Terrain|p1a: Whimsicott\n|-fieldstart|move: Misty Terrain\n|cant|p1b: Archaludon|flinch\n|move|p2b: Kingambit|Swords Dance|p2b: Kingambit\n|-boost|p2b: Kingambit|atk|2\n|\n|upkeep\n|turn|2\n|inactive|Assasinderella has 30 seconds left.\n|\n|t:|1729254167\n|switch|p2a: Magmar|Magmar, L50, F|100\/100\n|move|p2b: Kingambit|Protect|p2b: Kingambit\n|-singleturn|p2b: Kingambit|Protect\n|move|p1a: Whimsicott|Moonblast|p2a: Magmar\n|-resisted|p2a: Magmar\n|-damage|p2a: Magmar|85\/100\n|move|p1b: Archaludon|Aura Sphere|p2b: Kingambit\n|-activate|p2b: Kingambit|move: Protect\n|\n|upkeep\n|turn|3\n|inactive|Assasinderella has 30 seconds left.\n|\n|t:|1729254197\n|-terastallize|p2b: Kingambit|Dark\n|move|p2a: Magmar|Follow Me|p2a: Magmar\n|-singleturn|p2a: Magmar|move: Follow Me\n|move|p1a: Whimsicott|Taunt|p2a: Magmar\n|-start|p2a: Magmar|move: Taunt\n|move|p1b: Archaludon|Aura Sphere|p2b: Kingambit\n|-supereffective|p2b: Kingambit\n|-damage|p2b: Kingambit|41\/100\n|move|p2b: Kingambit|Kowtow Cleave|p1b: Archaludon\n|-damage|p1b: Archaludon|0 fnt\n|faint|p1b: Archaludon\n|\n|upkeep\n|\n|t:|1729254211\n|switch|p1b: Dragonite|Dragonite, L50, M|100\/100\n|turn|4\n|\n|t:|1729254231\n|move|p2b: Kingambit|Sucker Punch|p1b: Dragonite\n|-damage|p1b: Dragonite|43\/100\n|move|p2a: Magmar|Overheat|p1a: Whimsicott\n|-supereffective|p1a: Whimsicott\n|-enditem|p1a: Whimsicott|Focus Sash\n|-damage|p1a: Whimsicott|1\/100\n|-unboost|p2a: Magmar|spa|2\n|move|p1b: Dragonite|Low Kick|p2b: Kingambit\n|-supereffective|p2b: Kingambit\n|-damage|p2b: Kingambit|0 fnt\n|faint|p2b: Kingambit\n|move|p1a: Whimsicott|Trick Room|p1a: Whimsicott\n|-fieldstart|move: Trick Room|[of] p1a: Whimsicott\n|\n|upkeep\n|inactive|Assasinderella has 30 seconds left.\n|\n|t:|1729254266\n|switch|p2b: Sneasler|Sneasler, L50, M|100\/100\n|turn|5\n|inactive|Geodude3138 has 30 seconds left.\n|inactive|Assasinderella has 30 seconds left.\n|inactive|Assasinderella has 20 seconds left.\n|inactive|Assasinderella has 15 seconds left.\n|inactive|Assasinderella has 10 seconds left.\n|\n|t:|1729254313\n|switch|p1a: Basculegion|Basculegion, L50, M|100\/100\n|-terastallize|p1b: Dragonite|Flying\n|move|p1b: Dragonite|Tera Blast|p2b: Sneasler|[anim] Tera Blast Flying\n|-supereffective|p2b: Sneasler\n|-enditem|p2b: Sneasler|Focus Sash\n|-damage|p2b: Sneasler|1\/100\n|move|p2a: Magmar|Overheat|p1a: Basculegion\n|-resisted|p1a: Basculegion\n|-damage|p1a: Basculegion|89\/100\n|-unboost|p2a: Magmar|spa|2\n|move|p2b: Sneasler|Dire Claw|p1b: Dragonite\n|-crit|p1b: Dragonite\n|-damage|p1b: Dragonite|0 fnt\n|faint|p1b: Dragonite\n|\n|-fieldend|Misty Terrain\n|upkeep\n|\n|t:|1729254331\n|switch|p1b: Whimsicott|Whimsicott, L50, F|1\/100\n|turn|6\n|\n|t:|1729254346\n|move|p2b: Sneasler|Protect|p2b: Sneasler\n|-singleturn|p2b: Sneasler|Protect\n|move|p1a: Basculegion|Last Respects|p2a: Magmar\n|-damage|p2a: Magmar|7\/100\n|move|p1b: Whimsicott|Moonblast|p2b: Sneasler\n|-activate|p2b: Sneasler|move: Protect\n|move|p2a: Magmar|Overheat|p1b: Whimsicott\n|-supereffective|p1b: Whimsicott\n|-damage|p1b: Whimsicott|0 fnt\n|-unboost|p2a: Magmar|spa|2\n|faint|p1b: Whimsicott\n|\n|-end|p2a: Magmar|move: Taunt\n|upkeep\n|turn|7\n|\n|t:|1729254368\n|move|p2a: Magmar|Follow Me|p2a: Magmar\n|-singleturn|p2a: Magmar|move: Follow Me\n|move|p1a: Basculegion|Last Respects|p2a: Magmar\n|-damage|p2a: Magmar|0 fnt\n|faint|p2a: Magmar\n|move|p2b: Sneasler|Dire Claw|p1a: Basculegion\n|-resisted|p1a: Basculegion\n|-damage|p1a: Basculegion|67\/100\n|-status|p1a: Basculegion|psn|[from] ability: Poison Touch|[of] p2b: Sneasler\n|\n|-damage|p1a: Basculegion|55\/100 psn|[from] psn\n|upkeep\n|-message|Geodude3138 forfeited.\n|\n|win|Assasinderella\n|raw|Geodude3138's rating: 1777 &rarr; <strong>1752<\/strong><br \/>(-25 for losing)\n|raw|Assasinderella's rating: 1694 &rarr; <strong>1719<\/strong><br \/>(+25 for winning)\n|l|\u203dGeodude3138\n|player|p1|\n|l|\u2606Assasinderella\n|player|p2|\n","uploadtime":1729254633,"views":9,"formatid":"gen9vgc2024regh","rating":1719,"private":0,"password":null}