{"id":"gen9vgc2024regh-2225295413","format":"[Gen 9] VGC 2024 Reg H","players":["power123452123","coke calatrava"],"log":"|j|\u2606power123452123\n|j|\u2606coke calatrava\n|t:|1729207078\n|gametype|doubles\n|player|p1|power123452123|101|1734\n|player|p2|coke calatrava|169|1667\n|teamsize|p1|6\n|teamsize|p2|6\n|gen|9\n|tier|[Gen 9] VGC 2024 Reg H\n|rated|\n|rule|Species Clause: Limit one of each Pok\u00e9mon\n|rule|Item Clause: Limit 1 of each item\n|clearpoke\n|poke|p1|Palafin, L50, F|\n|poke|p1|Gholdengo, L50|\n|poke|p1|Incineroar, L50, F|\n|poke|p1|Rillaboom, L50, F|\n|poke|p1|Pelipper, L50, F|\n|poke|p1|Kingambit, L50, M|\n|poke|p2|Indeedee-F, L50, F|\n|poke|p2|Armarouge, L50, M|\n|poke|p2|Torkoal, L50, F|\n|poke|p2|Ursaluna, L50, F|\n|poke|p2|Hatterene, L50, F|\n|poke|p2|Annihilape, L50, F|\n|teampreview|4\npower123452123 has agreed to open team sheets.\n|inactive|Battle timer is ON: inactive players will automatically lose when time's up. (requested by power123452123)\n|\n|t:|1729207096\n|start\n|switch|p1a: Kingambit|Kingambit, L50, M|100\/100\n|switch|p1b: Palafin|Palafin, L50, F|100\/100\n|switch|p2a: Annihilape|Annihilape, L50, F|100\/100\n|switch|p2b: Armarouge|Armarouge, L50, M|100\/100\n|turn|1\n|\n|t:|1729207117\n|switch|p1a: Pelipper|Pelipper, L50, F|100\/100\n|-weather|RainDance|[from] ability: Drizzle|[of] p1a: Pelipper\n|-terastallize|p1b: Palafin|Water\n|-terastallize|p2b: Armarouge|Grass\n|move|p2a: Annihilape|Final Gambit|p1b: Palafin\n|-damage|p1b: Palafin|0 fnt\n|faint|p2a: Annihilape\n|faint|p1b: Palafin\n|move|p2b: Armarouge|Trick Room|p2b: Armarouge\n|-fieldstart|move: Trick Room|[of] p2b: Armarouge\n|\n|-weather|RainDance|[upkeep]\n|upkeep\n|\n|t:|1729207134\n|switch|p1b: Kingambit|Kingambit, L50, M|100\/100\n|switch|p2a: Torkoal|Torkoal, L50, F|100\/100\n|-weather|SunnyDay|[from] ability: Drought|[of] p2a: Torkoal\n|turn|2\n|\n|t:|1729207156\n|move|p1b: Kingambit|Protect|p1b: Kingambit\n|-singleturn|p1b: Kingambit|Protect\n|move|p2a: Torkoal|Weather Ball|p1b: Kingambit\n|-activate|p1b: Kingambit|move: Protect\n|move|p2b: Armarouge|Meteor Beam||[still]\n|-prepare|p2b: Armarouge|Meteor Beam\n|-boost|p2b: Armarouge|spa|1\n|-enditem|p2b: Armarouge|Power Herb\n|-anim|p2b: Armarouge|Meteor Beam|p1a: Pelipper|[miss]\n|-miss|p2b: Armarouge|p1a: Pelipper\n|move|p1a: Pelipper|Hurricane|p2b: Armarouge\n|-supereffective|p2b: Armarouge\n|-crit|p2b: Armarouge\n|-damage|p2b: Armarouge|0 fnt\n|faint|p2b: Armarouge\n|\n|-weather|SunnyDay|[upkeep]\n|upkeep\n|\n|t:|1729207170\n|switch|p2b: Indeedee|Indeedee-F, L50, F|100\/100\n|-fieldstart|move: Psychic Terrain|[from] ability: Psychic Surge|[of] p2b: Indeedee\n|turn|3\n|c|\u2606coke calatrava|I miss\n|c|\u2606coke calatrava|U hit and crit\n|c|\u2606coke calatrava|Wow the hax\n|inactive|power123452123 has 30 seconds left.\n|\n|t:|1729207205\n|switch|p1b: Rillaboom|Rillaboom, L50, F|100\/100\n|-fieldstart|move: Grassy Terrain|[from] ability: Grassy Surge|[of] p1b: Rillaboom\n|move|p2a: Torkoal|Weather Ball|p1b: Rillaboom\n|-supereffective|p1b: Rillaboom\n|-damage|p1b: Rillaboom|0 fnt\n|faint|p1b: Rillaboom\n|move|p2b: Indeedee|Psychic|p1a: Pelipper\n|-damage|p1a: Pelipper|46\/100\n|move|p1a: Pelipper|Weather Ball|p2b: Indeedee\n|-damage|p2b: Indeedee|60\/100\n|\n|-weather|SunnyDay|[upkeep]\n|-heal|p2b: Indeedee|67\/100|[from] Grassy Terrain\n|upkeep\n|\n|t:|1729207217\n|switch|p1b: Kingambit|Kingambit, L50, M|100\/100\n|turn|4\n|\n|t:|1729207236\n|move|p1b: Kingambit|Protect|p1b: Kingambit\n|-singleturn|p1b: Kingambit|Protect\n|move|p1a: Pelipper|Protect|p1a: Pelipper\n|-singleturn|p1a: Pelipper|Protect\n|move|p2a: Torkoal|Weather Ball|p1b: Kingambit\n|-activate|p1b: Kingambit|move: Protect\n|move|p2b: Indeedee|Psychic|p1a: Pelipper\n|-activate|p1a: Pelipper|move: Protect\n|\n|-weather|SunnyDay|[upkeep]\n|-heal|p2b: Indeedee|73\/100|[from] Grassy Terrain\n|upkeep\n|turn|5\n|\n|t:|1729207257\n|move|p1b: Kingambit|Protect||[still]\n|-fail|p1b: Kingambit\n|move|p2a: Torkoal|Weather Ball|p1b: Kingambit\n|-supereffective|p1b: Kingambit\n|-crit|p1b: Kingambit\n|-damage|p1b: Kingambit|0 fnt\n|faint|p1b: Kingambit\n|move|p2b: Indeedee|Psychic|p1a: Pelipper\n|-damage|p1a: Pelipper|0 fnt\n|faint|p1a: Pelipper\n|\n|win|coke calatrava\n|raw|power123452123's rating: 1734 &rarr; <strong>1710<\/strong><br \/>(-24 for losing)\n|raw|coke calatrava's rating: 1667 &rarr; <strong>1691<\/strong><br \/>(+24 for winning)\n|l|\u2606power123452123\n|player|p1|\n|l|\u2606coke calatrava\n|player|p2|\n","uploadtime":1729207413,"views":13,"formatid":"gen9vgc2024regh","rating":1691,"private":0,"password":null}