{"id":"gen9vgc2024regh-2225660849","format":"[Gen 9] VGC 2024 Reg H","players":["rengeki style","magnusmagnum"],"log":"|j|\u2606rengeki style\n|j|\u2606magnusmagnum\n|t:|1729258244\n|gametype|doubles\n|player|p1|rengeki style|266|1724\n|player|p2|magnusmagnum|2|1829\n|teamsize|p1|6\n|teamsize|p2|6\n|gen|9\n|tier|[Gen 9] VGC 2024 Reg H\n|rated|\n|rule|Species Clause: Limit one of each Pok\u00e9mon\n|rule|Item Clause: Limit 1 of each item\n|clearpoke\n|poke|p1|Garganacl, L50, M|\n|poke|p1|Ursaluna-Bloodmoon, L50, M|\n|poke|p1|Meowscarada, L50, M|\n|poke|p1|Sinistcha, L50|\n|poke|p1|Dragapult, L50, F|\n|poke|p1|Incineroar, L50, M|\n|poke|p2|Sneasler, L50, M|\n|poke|p2|Mimikyu, L50, M|\n|poke|p2|Ursaluna-Bloodmoon, L50, M|\n|poke|p2|Garchomp, L50, F|\n|poke|p2|Rillaboom, L50, M|\n|poke|p2|Gholdengo, L50|\n|teampreview|4\n|inactive|Battle timer is ON: inactive players will automatically lose when time's up. (requested by rengeki style)\n|inactive|magnusmagnum has 60 seconds left.\n|\n|t:|1729258323\n|start\n|switch|p1a: Dragapult|Dragapult, L50, F|100\/100\n|switch|p1b: Incineroar|Incineroar, L50, M|100\/100\n|switch|p2a: PushUrTenper|Sneasler, L50, M, shiny|100\/100\n|switch|p2b: Denji|Garchomp, L50, F, shiny|100\/100\n|-ability|p1b: Incineroar|Intimidate|boost\n|-unboost|p2a: PushUrTenper|atk|1\n|-unboost|p2b: Denji|atk|1\n|turn|1\n|inactive|magnusmagnum has 30 seconds left.\n|inactive|magnusmagnum has 20 seconds left.\n|inactive|magnusmagnum has 15 seconds left.\n|\n|t:|1729258368\n|switch|p1b: Sinistcha|Sinistcha, L50|100\/100\n|-terastallize|p2b: Denji|Fairy\n|move|p2a: PushUrTenper|Protect|p2a: PushUrTenper\n|-singleturn|p2a: PushUrTenper|Protect\n|move|p2b: Denji|Dragon Claw|p1a: Dragapult\n|-supereffective|p1a: Dragapult\n|-damage|p1a: Dragapult|24\/100\n|move|p1a: Dragapult|Will-O-Wisp|p2b: Denji\n|-status|p2b: Denji|brn\n|\n|-damage|p2b: Denji|94\/100 brn|[from] brn\n|upkeep\n|turn|2\n|\n|t:|1729258391\n|switch|p1a: Incineroar|Incineroar, L50, M|100\/100\n|-ability|p1a: Incineroar|Intimidate|boost\n|-unboost|p2a: PushUrTenper|atk|1\n|-unboost|p2b: Denji|atk|1\n|switch|p2a: Walksocket|Gholdengo, L50, shiny|100\/100\n|move|p2b: Denji|Dragon Claw|p1a: Incineroar\n|-damage|p1a: Incineroar|91\/100\n|move|p1b: Sinistcha|Trick Room|p1b: Sinistcha\n|-fieldstart|move: Trick Room|[of] p1b: Sinistcha\n|\n|-damage|p2b: Denji|88\/100 brn|[from] brn\n|upkeep\n|turn|3\n|inactive|magnusmagnum has 30 seconds left.\n|\n|t:|1729258419\n|switch|p2b: MoneyMachine|Ursaluna-Bloodmoon, L50, M|100\/100\n|move|p2a: Walksocket|Protect|p2a: Walksocket\n|-singleturn|p2a: Walksocket|Protect\n|move|p1a: Incineroar|Flare Blitz|p2a: Walksocket\n|-activate|p2a: Walksocket|move: Protect\n|move|p1b: Sinistcha|Matcha Gotcha|p2b: MoneyMachine|[spread] p2b\n|-activate|p2a: Walksocket|move: Protect\n|-supereffective|p2b: MoneyMachine\n|-damage|p2b: MoneyMachine|66\/100\n|\n|upkeep\n|turn|4\n|inactive|rengeki style has 30 seconds left.\n|inactive|magnusmagnum has 30 seconds left.\n|\n|t:|1729258453\n|switch|p2a: Denji|Garchomp, L50, F, shiny, tera:Fairy|88\/100 brn\n|-terastallize|p1a: Incineroar|Ghost\n|move|p2b: MoneyMachine|Blood Moon|p1b: Sinistcha\n|-damage|p1b: Sinistcha|27\/100\n|-enditem|p1b: Sinistcha|Sitrus Berry|[eat]\n|-heal|p1b: Sinistcha|52\/100|[from] item: Sitrus Berry\n|move|p1a: Incineroar|Flare Blitz|p2a: Denji\n|-damage|p2a: Denji|44\/100 brn\n|-damage|p1a: Incineroar|78\/100|[from] ability: Rough Skin|[of] p2a: Denji\n|-damage|p1a: Incineroar|64\/100|[from] Recoil\n|move|p1b: Sinistcha|Matcha Gotcha|p2a: Denji|[spread] p2a,p2b\n|-supereffective|p2b: MoneyMachine\n|-damage|p2a: Denji|20\/100 brn\n|-heal|p1b: Sinistcha|65\/100|[from] drain|[of] p2a: Denji\n|-damage|p2b: MoneyMachine|28\/100\n|-heal|p1b: Sinistcha|87\/100|[from] drain|[of] p2b: MoneyMachine\n|\n|-damage|p2a: Denji|14\/100 brn|[from] brn\n|upkeep\n|turn|5\n|inactive|rengeki style has 30 seconds left.\n|inactive|magnusmagnum has 30 seconds left.\n|inactive|magnusmagnum has 20 seconds left.\n|\n|t:|1729258491\n|switch|p1a: Garganacl|Garganacl, L50, M|100\/100\n|switch|p2a: Walksocket|Gholdengo, L50, shiny|100\/100\n|move|p2b: MoneyMachine|Hyper Voice|p1a: Garganacl|[spread] p1a,p1b\n|-resisted|p1a: Garganacl\n|-crit|p1b: Sinistcha\n|-damage|p1a: Garganacl|88\/100\n|-damage|p1b: Sinistcha|41\/100\n|move|p1b: Sinistcha|Matcha Gotcha|p2b: MoneyMachine|[spread] p2a,p2b\n|-resisted|p2a: Walksocket\n|-supereffective|p2b: MoneyMachine\n|-damage|p2a: Walksocket|89\/100\n|-heal|p1b: Sinistcha|47\/100|[from] drain|[of] p2a: Walksocket\n|-damage|p2b: MoneyMachine|0 fnt\n|-heal|p1b: Sinistcha|64\/100|[from] drain|[of] p2b: MoneyMachine\n|-status|p2a: Walksocket|brn\n|faint|p2b: MoneyMachine\n|\n|-heal|p1a: Garganacl|94\/100|[from] item: Leftovers\n|-damage|p2a: Walksocket|82\/100 brn|[from] brn\n|upkeep\n|j| axdw\n|\n|t:|1729258507\n|switch|p2b: PushUrTenper|Sneasler, L50, M, shiny|100\/100\n|turn|6\n|l| axdw\n|inactive|rengeki style has 30 seconds left.\n|\n|t:|1729258534\n|move|p1a: Garganacl|Salt Cure|p2a: Walksocket\n|-resisted|p2a: Walksocket\n|-damage|p2a: Walksocket|75\/100 brn\n|-start|p2a: Walksocket|Salt Cure\n|move|p1b: Sinistcha|Life Dew|p1b: Sinistcha|[spread] p1a,p1b\n|-heal|p1a: Garganacl|100\/100\n|-heal|p1b: Sinistcha|89\/100\n|move|p2a: Walksocket|Shadow Ball|p1a: Garganacl\n|-crit|p1a: Garganacl\n|-damage|p1a: Garganacl|78\/100\n|move|p2b: PushUrTenper|Dire Claw|p1b: Sinistcha\n|-damage|p1b: Sinistcha|49\/100\n|-status|p1b: Sinistcha|psn|[from] ability: Poison Touch|[of] p2b: PushUrTenper\n|\n|-heal|p1a: Garganacl|84\/100|[from] item: Leftovers\n|-damage|p1b: Sinistcha|37\/100 psn|[from] psn\n|-damage|p2a: Walksocket|69\/100 brn|[from] brn\n|-damage|p2a: Walksocket|44\/100 brn|[from] Salt Cure\n|-fieldend|move: Trick Room\n|upkeep\n|-enditem|p2a: Walksocket|Sitrus Berry|[eat]\n|-heal|p2a: Walksocket|69\/100 brn|[from] item: Sitrus Berry\n|turn|7\n|inactive|magnusmagnum has 30 seconds left.\n|inactive|magnusmagnum has 20 seconds left.\n|inactive|magnusmagnum has 15 seconds left.\n|inactive|magnusmagnum has 10 seconds left.\n|\n|t:|1729258583\n|switch|p1b: Incineroar|Incineroar, L50, M, tera:Ghost|64\/100\n|-ability|p1b: Incineroar|Intimidate|boost\n|-unboost|p2a: Walksocket|atk|1\n|-unboost|p2b: PushUrTenper|atk|1\n|move|p1a: Garganacl|Protect|p1a: Garganacl\n|-singleturn|p1a: Garganacl|Protect\n|move|p2b: PushUrTenper|Close Combat|p1a: Garganacl\n|-activate|p1a: Garganacl|move: Protect\n|move|p2a: Walksocket|Shadow Ball|p1b: Incineroar\n|-supereffective|p1b: Incineroar\n|-damage|p1b: Incineroar|1\/100\n|-enditem|p1b: Incineroar|Figy Berry|[eat]\n|-heal|p1b: Incineroar|35\/100|[from] item: Figy Berry\n|\n|-heal|p1a: Garganacl|90\/100|[from] item: Leftovers\n|-damage|p2a: Walksocket|63\/100 brn|[from] brn\n|-damage|p2a: Walksocket|38\/100 brn|[from] Salt Cure\n|upkeep\n|turn|8\n|inactive|rengeki style has 30 seconds left.\n|inactive|rengeki style has 20 seconds left.\n|\n|t:|1729258620\n|switch|p2a: Denji|Garchomp, L50, F, shiny, tera:Fairy|14\/100 brn\n|switch|p1b: Sinistcha|Sinistcha, L50|37\/100 psn\n|-heal|p1a: Garganacl|100\/100|[from] ability: Hospitality|[of] p1b: Sinistcha\n|move|p2b: PushUrTenper|Protect|p2b: PushUrTenper\n|-singleturn|p2b: PushUrTenper|Protect\n|move|p1a: Garganacl|Recover||[still]\n|-fail|p1a: Garganacl|heal\n|\n|-damage|p1b: Sinistcha|24\/100 psn|[from] psn\n|-damage|p2a: Denji|8\/100 brn|[from] brn\n|upkeep\n|turn|9\n|j| xiaoliyun.official\n|inactive|magnusmagnum has 30 seconds left.\n|inactive|magnusmagnum has 20 seconds left.\n|\n|t:|1729258655\n|switch|p2b: Walksocket|Gholdengo, L50, shiny|38\/100 brn\n|switch|p1b: Incineroar|Incineroar, L50, M, tera:Ghost|35\/100\n|-ability|p1b: Incineroar|Intimidate|boost\n|-unboost|p2a: Denji|atk|1\n|-unboost|p2b: Walksocket|atk|1\n|move|p2a: Denji|Outrage|p1b: Incineroar\n|-damage|p1b: Incineroar|15\/100\n|move|p1a: Garganacl|Salt Cure|p2b: Walksocket\n|-resisted|p2b: Walksocket\n|-damage|p2b: Walksocket|30\/100 brn\n|-start|p2b: Walksocket|Salt Cure\n|\n|-damage|p2a: Denji|2\/100 brn|[from] brn\n|-damage|p2b: Walksocket|24\/100 brn|[from] brn\n|-damage|p2b: Walksocket|0 fnt|[from] Salt Cure\n|faint|p2b: Walksocket\n|upkeep\n|\n|t:|1729258667\n|switch|p2b: PushUrTenper|Sneasler, L50, M, shiny|100\/100\n|turn|10\n|c|\u2606rengeki style|sick\n|c|\u2606rengeki style|you played yourself\n|\n|t:|1729258686\n|switch|p1b: Sinistcha|Sinistcha, L50|24\/100 psn\n|move|p1a: Garganacl|Protect|p1a: Garganacl\n|-singleturn|p1a: Garganacl|Protect\n|move|p2a: Denji|Outrage|p1a: Garganacl|[from]lockedmove\n|-activate|p1a: Garganacl|move: Protect\n|-start|p2a: Denji|confusion|[fatigue]\n|move|p2b: PushUrTenper|Close Combat|p1a: Garganacl\n|-activate|p1a: Garganacl|move: Protect\n|\n|-damage|p1b: Sinistcha|12\/100 psn|[from] psn\n|-damage|p2a: Denji|0 fnt|[from] brn\n|faint|p2a: Denji\n|upkeep\n|turn|11\n|\n|t:|1729258703\n|switch|p1b: Dragapult|Dragapult, L50, F|24\/100\n|switch|p1a: Incineroar|Incineroar, L50, M, tera:Ghost|15\/100\n|-ability|p1a: Incineroar|Intimidate|boost\n|-unboost|p2b: PushUrTenper|atk|1\n|move|p2b: PushUrTenper|Dire Claw|p1b: Dragapult\n|-resisted|p1b: Dragapult\n|-damage|p1b: Dragapult|5\/100\n|-status|p1b: Dragapult|slp\n|\n|upkeep\n|turn|12\n|\n|t:|1729258715\n|switch|p1b: Sinistcha|Sinistcha, L50|12\/100 psn\n|-heal|p1a: Incineroar|40\/100|[from] ability: Hospitality|[of] p1b: Sinistcha\n|move|p1a: Incineroar|Fake Out|p2b: PushUrTenper\n|-damage|p2b: PushUrTenper|82\/100\n|cant|p2b: PushUrTenper|flinch\n|\n|-damage|p1b: Sinistcha|0 fnt|[from] psn\n|faint|p1b: Sinistcha\n|upkeep\n|\n|t:|1729258720\n|switch|p1b: Garganacl|Garganacl, L50, M|100\/100\n|turn|13\n|\n|t:|1729258723\n|switch|p1a: Dragapult|Dragapult, L50, F|5\/100 slp\n|move|p1b: Garganacl|Protect|p1b: Garganacl\n|-singleturn|p1b: Garganacl|Protect\n|move|p2b: PushUrTenper|Dire Claw|p1a: Dragapult\n|-resisted|p1a: Dragapult\n|-damage|p1a: Dragapult|0 fnt\n|faint|p1a: Dragapult\n|\n|upkeep\n|\n|t:|1729258725\n|switch|p1a: Incineroar|Incineroar, L50, M, tera:Ghost|40\/100\n|-ability|p1a: Incineroar|Intimidate|boost\n|-unboost|p2b: PushUrTenper|atk|1\n|turn|14\n|\n|t:|1729258729\n|move|p2b: PushUrTenper|Protect|p2b: PushUrTenper\n|-singleturn|p2b: PushUrTenper|Protect\n|move|p1a: Incineroar|Fake Out|p2b: PushUrTenper\n|-activate|p2b: PushUrTenper|move: Protect\n|move|p1b: Garganacl|Iron Defense|p1b: Garganacl\n|-boost|p1b: Garganacl|def|2\n|\n|upkeep\n|turn|15\n|\n|t:|1729258739\n|move|p2b: PushUrTenper|Dire Claw|p1a: Incineroar\n|-resisted|p1a: Incineroar\n|-damage|p1a: Incineroar|30\/100\n|move|p1a: Incineroar|Flare Blitz|p2b: PushUrTenper\n|-damage|p2b: PushUrTenper|0 fnt\n|faint|p2b: PushUrTenper\n|-damage|p1a: Incineroar|9\/100|[from] Recoil\n|\n|win|rengeki style\n|raw|rengeki style's rating: 1724 &rarr; <strong>1750<\/strong><br \/>(+26 for winning)\n|raw|magnusmagnum's rating: 1829 &rarr; <strong>1803<\/strong><br \/>(-26 for losing)\n|l|\u2606magnusmagnum\n|player|p2|\n|l| xiaoliyun.official\n","uploadtime":1729258919,"views":19,"formatid":"gen9vgc2024regh","rating":1750,"private":0,"password":null}