{"id":"gen9vgc2024regh-2225459123","format":"[Gen 9] VGC 2024 Reg H","players":["chiitancrazymascot","superpowerpoke"],"log":"|j|\u2606chiitancrazymascot\n|j|\u2606superpowerpoke\n|t:|1729228571\n|gametype|doubles\n|player|p1|chiitancrazymascot|pokemaniac|1725\n|player|p2|superpowerpoke|265|1764\n|teamsize|p1|6\n|teamsize|p2|6\n|gen|9\n|tier|[Gen 9] VGC 2024 Reg H\n|rated|\n|rule|Species Clause: Limit one of each Pok\u00e9mon\n|rule|Item Clause: Limit 1 of each item\n|clearpoke\n|poke|p1|Annihilape, L50, F|\n|poke|p1|Dondozo, L50, F|\n|poke|p1|Maushold-Four, L50|\n|poke|p1|Gholdengo, L50|\n|poke|p1|Whimsicott, L50, M|\n|poke|p1|Tatsugiri, L50, F|\n|poke|p2|Gholdengo, L50|\n|poke|p2|Ninetales-Alola, L50, M|\n|poke|p2|Ursaluna-Bloodmoon, L50, M|\n|poke|p2|Dondozo, L50, F|\n|poke|p2|Annihilape, L50, M|\n|poke|p2|Incineroar, L50, M|\n|teampreview|4\n|inactive|Battle timer is ON: inactive players will automatically lose when time's up. (requested by chiitancrazymascot)\n|\n|t:|1729228593\n|start\n|switch|p1a: Maushold|Maushold-Four, L50|100\/100\n|switch|p1b: Annihilape|Annihilape, L50, F, shiny|100\/100\n|switch|p2a: Gholdengo|Gholdengo, L50|100\/100\n|switch|p2b: Ursaluna|Ursaluna-Bloodmoon, L50, M|100\/100\n|turn|1\n|\n|t:|1729228608\n|move|p2a: Gholdengo|Trick|p1b: Annihilape\n|-activate|p2a: Gholdengo|move: Trick|[of] p1b: Annihilape\n|-item|p1b: Annihilape|Choice Scarf|[from] move: Trick\n|-item|p2a: Gholdengo|Sitrus Berry|[from] move: Trick\n|move|p1a: Maushold|Beat Up|p1b: Annihilape\n|-damage|p1b: Annihilape|99\/100\n|-damage|p1b: Annihilape|97\/100\n|-damage|p1b: Annihilape|94\/100\n|-damage|p1b: Annihilape|93\/100\n|-hitcount|p1b: Annihilape|4\n|move|p1b: Annihilape|Rage Fist|p2a: Gholdengo\n|-supereffective|p2a: Gholdengo\n|-damage|p2a: Gholdengo|0 fnt\n|faint|p2a: Gholdengo\n|move|p2b: Ursaluna|Blood Moon|p1a: Maushold\n|-damage|p1a: Maushold|3\/100\n|\n|upkeep\n|\n|t:|1729228632\n|switch|p2a: Dondozo|Dondozo, L50, F|100\/100\n|turn|2\n|\n|t:|1729228644\n|move|p2a: Dondozo|Protect|p2a: Dondozo\n|-singleturn|p2a: Dondozo|Protect\n|move|p1a: Maushold|Beat Up|p1b: Annihilape\n|-damage|p1b: Annihilape|91\/100\n|-damage|p1b: Annihilape|88\/100\n|-damage|p1b: Annihilape|86\/100\n|-damage|p1b: Annihilape|84\/100\n|-hitcount|p1b: Annihilape|4\n|move|p1b: Annihilape|Rage Fist|p2a: Dondozo\n|-activate|p2a: Dondozo|move: Protect\n|move|p2b: Ursaluna|Hyper Voice|p1b: Annihilape|[spread] p1a,p1b\n|-damage|p1a: Maushold|0 fnt\n|-damage|p1b: Annihilape|62\/100\n|faint|p1a: Maushold\n|\n|upkeep\n|\n|t:|1729228653\n|switch|p1a: Dondozo|Dondozo, L50, F, shiny|100\/100\n|turn|3\n|\n|t:|1729228671\n|-terastallize|p1a: Dondozo|Grass\n|-terastallize|p2b: Ursaluna|Ghost\n|move|p1b: Annihilape|Rage Fist|p2a: Dondozo\n|-damage|p2a: Dondozo|20\/100\n|-enditem|p2a: Dondozo|Sitrus Berry|[eat]\n|-heal|p2a: Dondozo|45\/100|[from] item: Sitrus Berry\n|move|p1a: Dondozo|Tera Blast|p2a: Dondozo|[anim] Tera Blast Grass\n|-supereffective|p2a: Dondozo\n|-damage|p2a: Dondozo|1\/100\n|move|p2a: Dondozo|Yawn|p1a: Dondozo\n|-start|p1a: Dondozo|move: Yawn|[of] p2a: Dondozo\n|move|p2b: Ursaluna|Blood Moon|p1b: Annihilape\n|-damage|p1b: Annihilape|3\/100\n|\n|upkeep\n|turn|4\n|j| Meditate Golisopod\n|inactive|chiitancrazymascot has 30 seconds left.\n|inactive|superpowerpoke has 30 seconds left.\n|\n|t:|1729228699\n|switch|p1b: Tatsugiri|Tatsugiri, L50, F, shiny|100\/100\n|-activate|p1b: Tatsugiri|ability: Commander|[of] p1a: Dondozo\n|-boost|p1a: Dondozo|atk|2\n|-boost|p1a: Dondozo|spa|2\n|-boost|p1a: Dondozo|spe|2\n|-boost|p1a: Dondozo|def|2\n|-boost|p1a: Dondozo|spd|2\n|move|p2b: Ursaluna|Vacuum Wave|p1b: Tatsugiri|[miss]\n|-miss|p2b: Ursaluna|p1b: Tatsugiri\n|move|p1a: Dondozo|Order Up|p2a: Dondozo\n|-damage|p2a: Dondozo|0 fnt\n|faint|p2a: Dondozo\n|-boost|p1a: Dondozo|atk|1\n|\n|-end|p1a: Dondozo|move: Yawn|[silent]\n|-status|p1a: Dondozo|slp\n|upkeep\n|\n|t:|1729228710\n|switch|p2a: Ninetales|Ninetales-Alola, L50, M|100\/100\n|-weather|Snow|[from] ability: Snow Warning|[of] p2a: Ninetales\n|turn|5\n|\n|t:|1729228717\n|move|p2a: Ninetales|Freeze-Dry|p1a: Dondozo\n|-supereffective|p1a: Dondozo\n|-damage|p1a: Dondozo|61\/100 slp\n|-damage|p2a: Ninetales|91\/100|[from] item: Life Orb\n|cant|p1a: Dondozo|slp\n|move|p2b: Ursaluna|Blood Moon|p1a: Dondozo\n|-damage|p1a: Dondozo|20\/100 slp\n|\n|-weather|Snow|[upkeep]\n|-heal|p1a: Dondozo|26\/100 slp|[from] item: Leftovers\n|upkeep\n|turn|6\n|\n|t:|1729228727\n|move|p2a: Ninetales|Freeze-Dry|p1a: Dondozo\n|-supereffective|p1a: Dondozo\n|-damage|p1a: Dondozo|0 fnt\n|faint|p1a: Dondozo\n|-damage|p2a: Ninetales|82\/100|[from] item: Life Orb\n|move|p2b: Ursaluna|Earth Power|p1b: Tatsugiri\n|-damage|p1b: Tatsugiri|30\/100\n|\n|-weather|Snow|[upkeep]\n|upkeep\n|\n|t:|1729228729\n|switch|p1a: Annihilape|Annihilape, L50, F, shiny|3\/100\n|turn|7\n|inactive|chiitancrazymascot has 30 seconds left.\n|\n|t:|1729228757\n|move|p2b: Ursaluna|Vacuum Wave|p1a: Annihilape\n|-damage|p1a: Annihilape|0 fnt\n|faint|p1a: Annihilape\n|move|p1b: Tatsugiri|Muddy Water|p2a: Ninetales|[spread] p2a,p2b\n|-damage|p2a: Ninetales|40\/100\n|-damage|p2b: Ursaluna|77\/100\n|move|p2a: Ninetales|Moonblast|p1b: Tatsugiri\n|-supereffective|p1b: Tatsugiri\n|-damage|p1b: Tatsugiri|0 fnt\n|faint|p1b: Tatsugiri\n|-damage|p2a: Ninetales|31\/100|[from] item: Life Orb\n|\n|win|superpowerpoke\n|raw|chiitancrazymascot's rating: 1725 &rarr; <strong>1707<\/strong><br \/>(-18 for losing)\n|raw|superpowerpoke's rating: 1764 &rarr; <strong>1782<\/strong><br \/>(+18 for winning)\n","uploadtime":1729228759,"views":33,"formatid":"gen9vgc2024regh","rating":1707,"private":0,"password":null}