{"id":"gen9vgc2024regh-2225263698","format":"[Gen 9] VGC 2024 Reg H","players":["liam.2025","Moon7777"],"log":"|j|\u2606liam.2025\n|j|\u2606Moon7777\n|t:|1729203447\n|gametype|doubles\n|player|p1|liam.2025|2|1690\n|player|p2|Moon7777|101|1772\n|teamsize|p1|6\n|teamsize|p2|6\n|gen|9\n|tier|[Gen 9] VGC 2024 Reg H\n|rated|\n|rule|Species Clause: Limit one of each Pok\u00e9mon\n|rule|Item Clause: Limit 1 of each item\n|clearpoke\n|poke|p1|Braviary-Hisui, L50, M|\n|poke|p1|Indeedee, L50, M|\n|poke|p1|Whimsicott, L50, F|\n|poke|p1|Sneasler, L50, F|\n|poke|p1|Tatsugiri-Stretchy, L50, F|\n|poke|p1|Dondozo, L50, F|\n|poke|p2|Sneasler, L50, F|\n|poke|p2|Mimikyu, L50, F|\n|poke|p2|Ursaluna-Bloodmoon, L50, M|\n|poke|p2|Garchomp, L50, M|\n|poke|p2|Rillaboom, L50, F|\n|poke|p2|Gholdengo, L50|\n|teampreview|4\n|inactive|Battle timer is ON: inactive players will automatically lose when time's up. (requested by Moon7777)\n|\n|t:|1729203486\n|start\n|switch|p1a: Whimsicott|Whimsicott, L50, F|100\/100\n|switch|p1b: Braviary|Braviary-Hisui, L50, M|100\/100\n|switch|p2a: PushUrTenper|Sneasler, L50, F, shiny|100\/100\n|switch|p2b: MoneyMachine|Ursaluna-Bloodmoon, L50, M|100\/100\n|turn|1\n|inactive|Moon7777 has 30 seconds left.\n|inactive|Moon7777 has 20 seconds left.\n|inactive|Moon7777 has 15 seconds left.\n|inactive|Moon7777 has 10 seconds left.\n|\n|t:|1729203532\n|move|p1b: Braviary|Protect|p1b: Braviary\n|-singleturn|p1b: Braviary|Protect\n|move|p1a: Whimsicott|Tailwind|p1a: Whimsicott\n|-sidestart|p1: liam.2025|move: Tailwind\n|move|p2a: PushUrTenper|Dire Claw|p1a: Whimsicott\n|-supereffective|p1a: Whimsicott\n|-enditem|p1a: Whimsicott|Focus Sash\n|-damage|p1a: Whimsicott|1\/100\n|-status|p1a: Whimsicott|psn\n|move|p2b: MoneyMachine|Blood Moon|p1b: Braviary\n|-activate|p1b: Braviary|move: Protect\n|\n|-damage|p1a: Whimsicott|0 fnt|[from] psn\n|faint|p1a: Whimsicott\n|upkeep\n|j| SneakySmeggers\n|\n|t:|1729203550\n|switch|p1a: Indeedee|Indeedee, L50, M|100\/100\n|-fieldstart|move: Psychic Terrain|[from] ability: Psychic Surge|[of] p1a: Indeedee\n|turn|2\n|\n|t:|1729203557\n|switch|p2a: Veridical|Rillaboom, L50, F, shiny|100\/100\n|-fieldstart|move: Grassy Terrain|[from] ability: Grassy Surge|[of] p2a: Veridical\n|-terastallize|p1b: Braviary|Fire\n|move|p1a: Indeedee|Hyper Voice|p2b: MoneyMachine|[spread] p2a,p2b\n|-damage|p2a: Veridical|48\/100\n|-damage|p2b: MoneyMachine|67\/100\n|move|p1b: Braviary|Heat Wave|p2b: MoneyMachine|[spread] p2a,p2b\n|-supereffective|p2a: Veridical\n|-damage|p2a: Veridical|0 fnt\n|-damage|p2b: MoneyMachine|35\/100\n|faint|p2a: Veridical\n|-damage|p1b: Braviary|91\/100|[from] item: Life Orb\n|move|p2b: MoneyMachine|Hyper Voice|p1b: Braviary|[spread] p1a,p1b\n|-damage|p1a: Indeedee|47\/100\n|-damage|p1b: Braviary|39\/100\n|\n|-heal|p1a: Indeedee|53\/100|[from] Grassy Terrain\n|-heal|p1b: Braviary|46\/100|[from] Grassy Terrain\n|-heal|p2b: MoneyMachine|41\/100|[from] Grassy Terrain\n|upkeep\n|\n|t:|1729203580\n|switch|p2a: PushUrTenper|Sneasler, L50, F, shiny|100\/100\n|turn|3\n|\n|t:|1729203586\n|move|p2a: PushUrTenper|Fake Out|p1a: Indeedee\n|-damage|p1a: Indeedee|24\/100\n|cant|p1a: Indeedee|flinch\n|move|p1b: Braviary|Heat Wave|p2b: MoneyMachine|[spread] p2a,p2b\n|-damage|p2a: PushUrTenper|28\/100\n|-damage|p2b: MoneyMachine|8\/100\n|-damage|p1b: Braviary|36\/100|[from] item: Life Orb\n|move|p2b: MoneyMachine|Hyper Voice|p1a: Indeedee|[spread] p1a,p1b\n|-damage|p1a: Indeedee|0 fnt\n|-damage|p1b: Braviary|0 fnt\n|faint|p1a: Indeedee\n|faint|p1b: Braviary\n|\n|-heal|p2a: PushUrTenper|33\/100|[from] Grassy Terrain\n|-heal|p2b: MoneyMachine|14\/100|[from] Grassy Terrain\n|upkeep\n|\n|t:|1729203601\n|switch|p1b: Sneasler|Sneasler, L50, F|100\/100\n|turn|4\n|\n|t:|1729203608\n|move|p1b: Sneasler|Dire Claw|p2b: MoneyMachine\n|-resisted|p2b: MoneyMachine\n|-damage|p2b: MoneyMachine|0 fnt\n|faint|p2b: MoneyMachine\n|move|p2a: PushUrTenper|Close Combat|p1b: Sneasler\n|-resisted|p1b: Sneasler\n|-damage|p1b: Sneasler|44\/100\n|-unboost|p2a: PushUrTenper|def|1\n|-unboost|p2a: PushUrTenper|spd|1\n|\n|-heal|p1b: Sneasler|50\/100|[from] Grassy Terrain\n|-heal|p2a: PushUrTenper|39\/100|[from] Grassy Terrain\n|-sideend|p1: liam.2025|move: Tailwind\n|upkeep\n|\n|t:|1729203611\n|switch|p2b: Denji|Garchomp, L50, M, shiny|100\/100\n|turn|5\n|-message|liam.2025 forfeited.\n|\n|win|Moon7777\n|raw|liam.2025's rating: 1690 &rarr; <strong>1675<\/strong><br \/>(-15 for losing)\n|raw|Moon7777's rating: 1772 &rarr; <strong>1787<\/strong><br \/>(+15 for winning)\n|l|\u2606liam.2025\n|player|p1|\n","uploadtime":1729203813,"views":9,"formatid":"gen9vgc2024regh","rating":1675,"private":0,"password":null}