{"id":"gen9vgc2024regh-2225079266","format":"[Gen 9] VGC 2024 Reg H","players":["DOU Test 9000","caZISA"],"log":"|j|\u2606DOU Test 9000\n|j|\u2606caZISA\n|t:|1729186072\n|gametype|doubles\n|player|p1|DOU Test 9000|pilot|1641\n|player|p2|caZISA|266|1753\n|teamsize|p1|6\n|teamsize|p2|6\n|gen|9\n|tier|[Gen 9] VGC 2024 Reg H\n|rated|\n|rule|Species Clause: Limit one of each Pok\u00e9mon\n|rule|Item Clause: Limit 1 of each item\n|clearpoke\n|poke|p1|Rotom-Wash, L50|\n|poke|p1|Sneasler, L50, M|\n|poke|p1|Kingambit, L50, M|\n|poke|p1|Armarouge, L50, F|\n|poke|p1|Dragapult, L50, F|\n|poke|p1|Arboliva, L50, F|\n|poke|p2|Lilligant-Hisui, L50, F|\n|poke|p2|Torkoal, L50, M|\n|poke|p2|Gyarados, L50, M|\n|poke|p2|Ursaluna-Bloodmoon, L50, M|\n|poke|p2|Kingambit, L50, F|\n|poke|p2|Gothitelle, L50, F|\n|teampreview|4\n|\n|t:|1729186110\n|start\n|switch|p1a: Dragapult|Dragapult, L50, F|100\/100\n|switch|p1b: Armarouge|Armarouge, L50, F|100\/100\n|switch|p2a: Gothitelle|Gothitelle, L50, F|100\/100\n|switch|p2b: Kingambit|Kingambit, L50, F|100\/100\n|turn|1\n|inactive|Battle timer is ON: inactive players will automatically lose when time's up. (requested by caZISA)\n|\n|t:|1729186122\n|-terastallize|p1a: Dragapult|Fighting\n|move|p1b: Armarouge|Protect|p1b: Armarouge\n|-singleturn|p1b: Armarouge|Protect\n|move|p2b: Kingambit|Sucker Punch||[still]\n|-fail|p2b: Kingambit\n|move|p1a: Dragapult|Tera Blast|p2b: Kingambit|[anim] Tera Blast Fighting\n|-supereffective|p2b: Kingambit\n|-damage|p2b: Kingambit|0 fnt\n|faint|p2b: Kingambit\n|move|p2a: Gothitelle|Trick Room|p2a: Gothitelle\n|-fieldstart|move: Trick Room|[of] p2a: Gothitelle\n|\n|upkeep\n|\n|t:|1729186126\n|switch|p2b: Ursaluna|Ursaluna-Bloodmoon, L50, M|100\/100\n|turn|2\n|\n|t:|1729186141\n|move|p2b: Ursaluna|Protect|p2b: Ursaluna\n|-singleturn|p2b: Ursaluna|Protect\n|move|p2a: Gothitelle|Psychic|p1a: Dragapult\n|-supereffective|p1a: Dragapult\n|-damage|p1a: Dragapult|52\/100\n|move|p1b: Armarouge|Meteor Beam||[still]\n|-prepare|p1b: Armarouge|Meteor Beam\n|-boost|p1b: Armarouge|spa|1\n|-enditem|p1b: Armarouge|Power Herb\n|-anim|p1b: Armarouge|Meteor Beam|p2b: Ursaluna\n|-activate|p2b: Ursaluna|move: Protect\n|move|p1a: Dragapult|Tera Blast|p2b: Ursaluna|[anim] Tera Blast Fighting\n|-activate|p2b: Ursaluna|move: Protect\n|\n|upkeep\n|turn|3\n|\n|t:|1729186153\n|move|p1b: Armarouge|Protect|p1b: Armarouge\n|-singleturn|p1b: Armarouge|Protect\n|move|p2b: Ursaluna|Hyper Voice|p1b: Armarouge|[spread] p1a\n|-activate|p1b: Armarouge|move: Protect\n|-damage|p1a: Dragapult|13\/100\n|-damage|p2b: Ursaluna|91\/100|[from] item: Life Orb\n|move|p2a: Gothitelle|Psychic|p1a: Dragapult\n|-supereffective|p1a: Dragapult\n|-damage|p1a: Dragapult|0 fnt\n|faint|p1a: Dragapult\n|\n|upkeep\n|\n|t:|1729186161\n|switch|p1a: Arboliva|Arboliva, L50, F|100\/100\n|turn|4\n|\n|t:|1729186166\n|switch|p2a: Torkoal|Torkoal, L50, M|100\/100\n|-weather|SunnyDay|[from] ability: Drought|[of] p2a: Torkoal\n|-terastallize|p2b: Ursaluna|Ghost\n|move|p1a: Arboliva|Giga Drain|p2b: Ursaluna\n|-damage|p2b: Ursaluna|51\/100\n|move|p2b: Ursaluna|Earth Power|p1b: Armarouge\n|-supereffective|p1b: Armarouge\n|-damage|p1b: Armarouge|0 fnt\n|faint|p1b: Armarouge\n|-damage|p2b: Ursaluna|41\/100|[from] item: Life Orb\n|\n|-weather|SunnyDay|[upkeep]\n|upkeep\n|\n|t:|1729186175\n|switch|p1b: Sneasler|Sneasler, L50, M|100\/100\n|turn|5\n|\n|t:|1729186182\n|switch|p2b: Gothitelle|Gothitelle, L50, F|100\/100\n|move|p2a: Torkoal|Protect|p2a: Torkoal\n|-singleturn|p2a: Torkoal|Protect\n|move|p1a: Arboliva|Protect|p1a: Arboliva\n|-singleturn|p1a: Arboliva|Protect\n|move|p1b: Sneasler|Protect||[still]\n|-fail|p1b: Sneasler\n|\n|-weather|SunnyDay|[upkeep]\n|-fieldend|move: Trick Room\n|upkeep\n|turn|6\n|\n|t:|1729186193\n|move|p1b: Sneasler|Dire Claw|p2a: Torkoal\n|-damage|p2a: Torkoal|70\/100\n|-status|p2a: Torkoal|par\n|move|p1a: Arboliva|Earth Power|p2a: Torkoal\n|-supereffective|p2a: Torkoal\n|-crit|p2a: Torkoal\n|-damage|p2a: Torkoal|0 fnt\n|faint|p2a: Torkoal\n|move|p2b: Gothitelle|Trick Room|p2b: Gothitelle\n|-fieldstart|move: Trick Room|[of] p2b: Gothitelle\n|\n|-weather|SunnyDay|[upkeep]\n|upkeep\n|\n|t:|1729186200\n|switch|p2a: Ursaluna|Ursaluna-Bloodmoon, L50, M, tera:Ghost|41\/100\n|turn|7\n|\n|t:|1729186210\n|move|p1a: Arboliva|Protect|p1a: Arboliva\n|-singleturn|p1a: Arboliva|Protect\n|move|p2a: Ursaluna|Protect|p2a: Ursaluna\n|-singleturn|p2a: Ursaluna|Protect\n|move|p1b: Sneasler|Protect|p1b: Sneasler\n|-singleturn|p1b: Sneasler|Protect\n|move|p2b: Gothitelle|Psychic|p1b: Sneasler\n|-activate|p1b: Sneasler|move: Protect\n|\n|-weather|SunnyDay|[upkeep]\n|upkeep\n|turn|8\n|\n|t:|1729186231\n|move|p1a: Arboliva|Giga Drain|p2a: Ursaluna\n|-damage|p2a: Ursaluna|6\/100\n|move|p2a: Ursaluna|Blood Moon|p1a: Arboliva\n|-damage|p1a: Arboliva|6\/100\n|-enditem|p1a: Arboliva|Sitrus Berry|[eat]\n|-heal|p1a: Arboliva|31\/100|[from] item: Sitrus Berry\n|-damage|p2a: Ursaluna|0 fnt|[from] item: Life Orb\n|faint|p2a: Ursaluna\n|move|p2b: Gothitelle|Psychic|p1b: Sneasler\n|-supereffective|p1b: Sneasler\n|-enditem|p1b: Sneasler|Focus Sash\n|-damage|p1b: Sneasler|1\/100\n|move|p1b: Sneasler|Dire Claw|p2b: Gothitelle\n|-damage|p2b: Gothitelle|65\/100\n|\n|-weather|none\n|-item|p1a: Arboliva|Sitrus Berry|[from] ability: Harvest\n|upkeep\n|-enditem|p1a: Arboliva|Sitrus Berry|[eat]\n|-heal|p1a: Arboliva|56\/100|[from] item: Sitrus Berry\n|turn|9\n|\n|t:|1729186243\n|move|p1a: Arboliva|Protect|p1a: Arboliva\n|-singleturn|p1a: Arboliva|Protect\n|move|p1b: Sneasler|Protect|p1b: Sneasler\n|-singleturn|p1b: Sneasler|Protect\n|move|p2b: Gothitelle|Psychic|p1a: Arboliva\n|-activate|p1a: Arboliva|move: Protect\n|\n|upkeep\n|turn|10\n|\n|t:|1729186246\n|move|p1a: Arboliva|Giga Drain|p2b: Gothitelle\n|-damage|p2b: Gothitelle|34\/100\n|-heal|p1a: Arboliva|70\/100|[from] drain|[of] p2b: Gothitelle\n|move|p2b: Gothitelle|Psychic|p1b: Sneasler\n|-supereffective|p1b: Sneasler\n|-damage|p1b: Sneasler|0 fnt\n|faint|p1b: Sneasler\n|\n|-fieldend|move: Trick Room\n|upkeep\n|turn|11\n|-message|caZISA forfeited.\n|\n|win|DOU Test 9000\n|raw|DOU Test 9000's rating: 1641 &rarr; <strong>1667<\/strong><br \/>(+26 for winning)\n|raw|caZISA's rating: 1753 &rarr; <strong>1727<\/strong><br \/>(-26 for losing)\n|l|\u2606caZISA\n|player|p2|\n|l|\u2606DOU Test 9000\n|player|p1|\n","uploadtime":1729186491,"views":26,"formatid":"gen9vgc2024regh","rating":1667,"private":0,"password":null}