{"id":"gen9vgc2024regh-2225712090","format":"[Gen 9] VGC 2024 Reg H","players":["rengeki style","pokequimico"],"log":"|j|\u2606rengeki style\n|j|\u2606pokequimico\n|t:|1729262959\n|gametype|doubles\n|player|p1|rengeki style|266|1660\n|player|p2|pokequimico|lucas|1724\n|teamsize|p1|6\n|teamsize|p2|6\n|gen|9\n|tier|[Gen 9] VGC 2024 Reg H\n|rated|\n|rule|Species Clause: Limit one of each Pok\u00e9mon\n|rule|Item Clause: Limit 1 of each item\n|clearpoke\n|poke|p1|Garganacl, L50, M|\n|poke|p1|Ursaluna-Bloodmoon, L50, M|\n|poke|p1|Meowscarada, L50, M|\n|poke|p1|Sinistcha, L50|\n|poke|p1|Dragapult, L50, M|\n|poke|p1|Incineroar, L50, M|\n|poke|p2|Rillaboom, L50, M|\n|poke|p2|Kingambit, L50, M|\n|poke|p2|Sneasler, L50, M|\n|poke|p2|Primarina, L50, M|\n|poke|p2|Dragonite, L50, M|\n|poke|p2|Typhlosion-Hisui, L50, M|\n|teampreview|4\n|\n|t:|1729263024\n|start\n|switch|p1a: Dragapult|Dragapult, L50, M|100\/100\n|switch|p1b: Incineroar|Incineroar, L50, M|100\/100\n|switch|p2a: Typhlosion|Typhlosion-Hisui, L50, M|100\/100\n|switch|p2b: Kingambit|Kingambit, L50, M|100\/100\n|-ability|p1b: Incineroar|Intimidate|boost\n|-unboost|p2a: Typhlosion|atk|1\n|-unboost|p2b: Kingambit|atk|1\n|-ability|p2b: Kingambit|Defiant|boost\n|-boost|p2b: Kingambit|atk|2\n|turn|1\n|\n|t:|1729263048\n|-terastallize|p2b: Kingambit|Dark\n|move|p2a: Typhlosion|Shadow Ball|p1a: Dragapult\n|-supereffective|p1a: Dragapult\n|-enditem|p1a: Dragapult|Focus Sash\n|-damage|p1a: Dragapult|1\/100\n|move|p1a: Dragapult|Will-O-Wisp|p2b: Kingambit\n|-status|p2b: Kingambit|brn\n|move|p1b: Incineroar|Knock Off|p2a: Typhlosion\n|-supereffective|p2a: Typhlosion\n|-damage|p2a: Typhlosion|0 fnt\n|-enditem|p2a: Typhlosion|Choice Scarf|[from] move: Knock Off|[of] p1b: Incineroar\n|faint|p2a: Typhlosion\n|move|p2b: Kingambit|Swords Dance|p2b: Kingambit\n|-boost|p2b: Kingambit|atk|2\n|\n|-damage|p2b: Kingambit|94\/100 brn|[from] brn\n|upkeep\n|\n|t:|1729263056\n|switch|p2a: Primarina|Primarina, L50, M|100\/100\n|turn|2\n|inactive|Battle timer is ON: inactive players will automatically lose when time's up. (requested by pokequimico)\n|\n|t:|1729263076\n|move|p1a: Dragapult|Light Screen|p1a: Dragapult\n|-sidestart|p1: rengeki style|move: Light Screen\n|move|p2a: Primarina|Hyper Voice|p1a: Dragapult|[spread] p1a,p1b\n|-resisted|p1a: Dragapult\n|-supereffective|p1b: Incineroar\n|-damage|p1a: Dragapult|0 fnt\n|-damage|p1b: Incineroar|58\/100\n|faint|p1a: Dragapult\n|-damage|p2a: Primarina|91\/100|[from] item: Life Orb\n|move|p1b: Incineroar|Parting Shot|p2a: Primarina\n|-unboost|p2a: Primarina|atk|1\n|-unboost|p2a: Primarina|spa|1\n|\n|t:|1729263086\n|switch|p1b: Meowscarada|Meowscarada, L50, M|100\/100|[from] Parting Shot\n|move|p2b: Kingambit|Swords Dance|p2b: Kingambit\n|-boost|p2b: Kingambit|atk|2\n|\n|-damage|p2b: Kingambit|88\/100 brn|[from] brn\n|upkeep\n|\n|t:|1729263097\n|switch|p1a: Garganacl|Garganacl, L50, M|100\/100\n|turn|3\n|\n|t:|1729263106\n|switch|p2a: Rillaboom|Rillaboom, L50, M|100\/100\n|-fieldstart|move: Grassy Terrain|[from] ability: Grassy Surge|[of] p2a: Rillaboom\n|move|p1b: Meowscarada|Low Kick|p2b: Kingambit\n|-supereffective|p2b: Kingambit\n|-damage|p2b: Kingambit|23\/100 brn\n|-damage|p1b: Meowscarada|91\/100|[from] item: Life Orb\n|move|p2b: Kingambit|Kowtow Cleave|p1a: Garganacl\n|-damage|p1a: Garganacl|22\/100\n|move|p1a: Garganacl|Iron Defense|p1a: Garganacl\n|-boost|p1a: Garganacl|def|2\n|\n|-heal|p1b: Meowscarada|97\/100|[from] Grassy Terrain\n|-heal|p2b: Kingambit|29\/100 brn|[from] Grassy Terrain\n|-heal|p1a: Garganacl|28\/100|[from] Grassy Terrain\n|-heal|p1a: Garganacl|33\/100|[from] item: Leftovers\n|-damage|p2b: Kingambit|23\/100 brn|[from] brn\n|upkeep\n|turn|4\n|\n|t:|1729263125\n|switch|p1b: Incineroar|Incineroar, L50, M|58\/100\n|-ability|p1b: Incineroar|Intimidate|boost\n|-unboost|p2a: Rillaboom|atk|1\n|-unboost|p2b: Kingambit|atk|1\n|-ability|p2b: Kingambit|Defiant|boost\n|-boost|p2b: Kingambit|atk|2\n|move|p1a: Garganacl|Protect|p1a: Garganacl\n|-singleturn|p1a: Garganacl|Protect\n|move|p2b: Kingambit|Sucker Punch||[still]\n|-fail|p2b: Kingambit\n|move|p2a: Rillaboom|Wood Hammer|p1a: Garganacl\n|-activate|p1a: Garganacl|move: Protect\n|\n|-heal|p1b: Incineroar|64\/100|[from] Grassy Terrain\n|-heal|p2b: Kingambit|29\/100 brn|[from] Grassy Terrain\n|-heal|p1a: Garganacl|39\/100|[from] Grassy Terrain\n|-heal|p1a: Garganacl|45\/100|[from] item: Leftovers\n|-damage|p2b: Kingambit|23\/100 brn|[from] brn\n|upkeep\n|turn|5\n|j| a928185094\n|\n|t:|1729263141\n|-terastallize|p1a: Garganacl|Flying\n|move|p2b: Kingambit|Protect|p2b: Kingambit\n|-singleturn|p2b: Kingambit|Protect\n|move|p1b: Incineroar|Fake Out|p2a: Rillaboom\n|-damage|p2a: Rillaboom|90\/100\n|cant|p2a: Rillaboom|flinch\n|move|p1a: Garganacl|Recover|p1a: Garganacl\n|-heal|p1a: Garganacl|95\/100\n|\n|-heal|p2a: Rillaboom|96\/100|[from] Grassy Terrain\n|-heal|p1b: Incineroar|70\/100|[from] Grassy Terrain\n|-heal|p2b: Kingambit|29\/100 brn|[from] Grassy Terrain\n|-heal|p1a: Garganacl|100\/100|[from] item: Leftovers\n|-damage|p2b: Kingambit|23\/100 brn|[from] brn\n|upkeep\n|turn|6\n|\n|t:|1729263158\n|move|p2a: Rillaboom|U-turn|p1b: Incineroar\n|-damage|p1b: Incineroar|57\/100\n|\n|t:|1729263161\n|switch|p2a: Primarina|Primarina, L50, M|91\/100|[from] U-turn\n|move|p1b: Incineroar|Flare Blitz|p2b: Kingambit\n|-damage|p2b: Kingambit|0 fnt\n|faint|p2b: Kingambit\n|-damage|p1b: Incineroar|49\/100|[from] Recoil\n|move|p1a: Garganacl|Iron Defense|p1a: Garganacl\n|-boost|p1a: Garganacl|def|2\n|\n|-heal|p2a: Primarina|96\/100|[from] Grassy Terrain\n|-heal|p1b: Incineroar|55\/100|[from] Grassy Terrain\n|-sideend|p1: rengeki style|move: Light Screen\n|upkeep\n|\n|t:|1729263165\n|switch|p2b: Rillaboom|Rillaboom, L50, M|96\/100\n|turn|7\n|\n|t:|1729263181\n|move|p1a: Garganacl|Protect|p1a: Garganacl\n|-singleturn|p1a: Garganacl|Protect\n|move|p2b: Rillaboom|U-turn|p1b: Incineroar\n|-damage|p1b: Incineroar|35\/100\n|move|p2a: Primarina|Moonblast|p1a: Garganacl\n|-activate|p1a: Garganacl|move: Protect\n|move|p1b: Incineroar|Parting Shot|p2a: Primarina\n|-unboost|p2a: Primarina|atk|1\n|-unboost|p2a: Primarina|spa|1\n|\n|t:|1729263191\n|switch|p1b: Meowscarada|Meowscarada, L50, M|97\/100|[from] Parting Shot\n|\n|-heal|p1b: Meowscarada|100\/100|[from] Grassy Terrain\n|-heal|p2b: Rillaboom|100\/100|[from] Grassy Terrain\n|-heal|p2a: Primarina|100\/100|[from] Grassy Terrain\n|-fieldend|move: Grassy Terrain\n|upkeep\n|turn|8\n|l| a928185094\n|\n|t:|1729263198\n|switch|p1b: Incineroar|Incineroar, L50, M|35\/100\n|-ability|p1b: Incineroar|Intimidate|boost\n|-unboost|p2a: Primarina|atk|1\n|-unboost|p2b: Rillaboom|atk|1\n|move|p2a: Primarina|Protect|p2a: Primarina\n|-singleturn|p2a: Primarina|Protect\n|move|p2b: Rillaboom|U-turn|p1b: Incineroar\n|-damage|p1b: Incineroar|21\/100\n|-enditem|p1b: Incineroar|Figy Berry|[eat]\n|-heal|p1b: Incineroar|54\/100|[from] item: Figy Berry\n|move|p1a: Garganacl|Salt Cure|p2b: Rillaboom\n|-damage|p2b: Rillaboom|87\/100\n|-start|p2b: Rillaboom|Salt Cure\n|\n|-damage|p2b: Rillaboom|75\/100|[from] Salt Cure\n|upkeep\n|turn|9\n|\n|t:|1729263206\n|move|p1b: Incineroar|Fake Out|p2a: Primarina\n|-damage|p2a: Primarina|87\/100\n|move|p2b: Rillaboom|Wood Hammer|p1a: Garganacl\n|-resisted|p1a: Garganacl\n|-damage|p1a: Garganacl|96\/100\n|-damage|p2b: Rillaboom|74\/100|[from] Recoil\n|cant|p2a: Primarina|flinch\n|move|p1a: Garganacl|Salt Cure|p2a: Primarina\n|-damage|p2a: Primarina|70\/100\n|-start|p2a: Primarina|Salt Cure\n|\n|-heal|p1a: Garganacl|100\/100|[from] item: Leftovers\n|-damage|p2b: Rillaboom|62\/100|[from] Salt Cure\n|-damage|p2a: Primarina|46\/100|[from] Salt Cure\n|upkeep\n|turn|10\n|-message|pokequimico forfeited.\n|\n|win|rengeki style\n|raw|rengeki style's rating: 1660 &rarr; <strong>1684<\/strong><br \/>(+24 for winning)\n|raw|pokequimico's rating: 1724 &rarr; <strong>1700<\/strong><br \/>(-24 for losing)\n|l|\u2606pokequimico\n|player|p2|\n|l|\u2606rengeki style\n|player|p1|\n","uploadtime":1729263346,"views":6,"formatid":"gen9vgc2024regh","rating":1684,"private":0,"password":null}