{"id":"gen9vgc2024regh-2225384390","format":"[Gen 9] VGC 2024 Reg H","players":["caZISA","juacox300"],"log":"|j|\u2606caZISA\n|j|\u2606juacox300\n|t:|1729217782\n|gametype|doubles\n|player|p1|caZISA|169|1700\n|player|p2|juacox300|unknown|1815\n|teamsize|p1|6\n|teamsize|p2|6\n|gen|9\n|tier|[Gen 9] VGC 2024 Reg H\n|rated|\n|rule|Species Clause: Limit one of each Pok\u00e9mon\n|rule|Item Clause: Limit 1 of each item\n|clearpoke\n|poke|p1|Garchomp, L50, M|\n|poke|p1|Tyranitar, L50, F|\n|poke|p1|Rillaboom, L50, M|\n|poke|p1|Talonflame, L50, F|\n|poke|p1|Primarina, L50, F|\n|poke|p1|Gholdengo, L50|\n|poke|p2|Ursaluna, L50, F|\n|poke|p2|Murkrow, L50, M|\n|poke|p2|Archaludon, L50, M|\n|poke|p2|Sneasler, L50, F|\n|poke|p2|Indeedee, L50, M|\n|poke|p2|Incineroar, L50, F|\n|teampreview|4\n|\n|t:|1729217819\n|start\n|switch|p1a: Gholdengo|Gholdengo, L50|100\/100\n|switch|p1b: Talonflame|Talonflame, L50, F|100\/100\n|switch|p2a: Ursaluna|Ursaluna, L50, F|100\/100\n|switch|p2b: Murkrow|Murkrow, L50, M|100\/100\n|turn|1\n|\n|t:|1729217839\n|-terastallize|p1a: Gholdengo|Dragon\n|move|p1b: Talonflame|Tailwind|p1b: Talonflame\n|-sidestart|p1: caZISA|move: Tailwind\n|move|p1a: Gholdengo|Nasty Plot|p1a: Gholdengo\n|-boost|p1a: Gholdengo|spa|2\n|move|p2b: Murkrow|Brave Bird|p1a: Gholdengo\n|-damage|p1a: Gholdengo|60\/100\n|-damage|p2b: Murkrow|86\/100|[from] Recoil\n|move|p2a: Ursaluna|Earthquake|p1a: Gholdengo|[spread] p1a\n|-immune|p2b: Murkrow\n|-immune|p1b: Talonflame\n|-damage|p1a: Gholdengo|4\/100\n|\n|-status|p2a: Ursaluna|brn|[from] item: Flame Orb\n|upkeep\n|turn|2\n|inactive|Battle timer is ON: inactive players will automatically lose when time's up. (requested by caZISA)\n|\n|t:|1729217847\n|move|p1a: Gholdengo|Protect|p1a: Gholdengo\n|-singleturn|p1a: Gholdengo|Protect\n|move|p1b: Talonflame|Brave Bird|p2a: Ursaluna\n|-damage|p2a: Ursaluna|67\/100 brn\n|-damage|p1b: Talonflame|85\/100|[from] Recoil\n|move|p2b: Murkrow|Haze|p2b: Murkrow\n|-clearallboost\n|move|p2a: Ursaluna|Facade|p1b: Talonflame\n|-damage|p1b: Talonflame|0 fnt\n|faint|p1b: Talonflame\n|\n|-damage|p2a: Ursaluna|62\/100 brn|[from] brn\n|upkeep\n|\n|t:|1729217856\n|switch|p1b: Primarina|Primarina, L50, F|100\/100\n|turn|3\n|\n|t:|1729217861\n|move|p2a: Ursaluna|Protect|p2a: Ursaluna\n|-singleturn|p2a: Ursaluna|Protect\n|move|p2b: Murkrow|Tailwind|p2b: Murkrow\n|-sidestart|p2: juacox300|move: Tailwind\n|move|p1a: Gholdengo|Make It Rain|p2a: Ursaluna|[spread] p2b\n|-activate|p2a: Ursaluna|move: Protect\n|-damage|p2b: Murkrow|25\/100\n|-unboost|p1a: Gholdengo|spa|1\n|-damage|p1a: Gholdengo|0 fnt|[from] item: Life Orb\n|faint|p1a: Gholdengo\n|move|p1b: Primarina|Hyper Voice|p2a: Ursaluna|[spread] p2b\n|-activate|p2a: Ursaluna|move: Protect\n|-damage|p2b: Murkrow|0 fnt\n|faint|p2b: Murkrow\n|\n|-damage|p2a: Ursaluna|56\/100 brn|[from] brn\n|upkeep\n|\n|t:|1729217870\n|switch|p1a: Tyranitar|Tyranitar, L50, F, shiny|100\/100\n|switch|p2b: Alfred|Indeedee, L50, M, shiny|100\/100\n|-fieldstart|move: Psychic Terrain|[from] ability: Psychic Surge|[of] p2b: Alfred\n|-weather|Sandstorm|[from] ability: Sand Stream|[of] p1a: Tyranitar\n|turn|4\n|\n|t:|1729217884\n|-terastallize|p2a: Ursaluna|Ghost\n|move|p2b: Alfred|Expanding Force|p1a: Tyranitar|[spread] p1b\n|-immune|p1a: Tyranitar\n|-damage|p1b: Primarina|55\/100\n|move|p1a: Tyranitar|Knock Off|p2b: Alfred\n|-supereffective|p2b: Alfred\n|-damage|p2b: Alfred|0 fnt\n|-enditem|p2b: Alfred|Choice Scarf|[from] move: Knock Off|[of] p1a: Tyranitar\n|faint|p2b: Alfred\n|move|p2a: Ursaluna|Play Rough|p1a: Tyranitar\n|-supereffective|p1a: Tyranitar\n|-damage|p1a: Tyranitar|12\/100\n|move|p1b: Primarina|Hyper Voice|p2a: Ursaluna\n|-damage|p2a: Ursaluna|11\/100 brn\n|\n|-weather|Sandstorm|[upkeep]\n|-damage|p2a: Ursaluna|5\/100 brn|[from] Sandstorm\n|-damage|p1b: Primarina|49\/100|[from] Sandstorm\n|-enditem|p1b: Primarina|Sitrus Berry|[eat]\n|-heal|p1b: Primarina|74\/100|[from] item: Sitrus Berry\n|-damage|p2a: Ursaluna|0 fnt|[from] brn\n|faint|p2a: Ursaluna\n|-sideend|p1: caZISA|move: Tailwind\n|upkeep\n|\n|t:|1729217889\n|switch|p2a: Nightwing|Sneasler, L50, F|100\/100\n|-enditem|p2a: Nightwing|Psychic Seed\n|-boost|p2a: Nightwing|spd|1|[from] item: Psychic Seed\n|turn|5\n|\n|t:|1729217898\n|move|p2a: Nightwing|Protect|p2a: Nightwing\n|-singleturn|p2a: Nightwing|Protect\n|move|p1b: Primarina|Protect|p1b: Primarina\n|-singleturn|p1b: Primarina|Protect\n|move|p1a: Tyranitar|Knock Off|p2a: Nightwing\n|-activate|p2a: Nightwing|move: Protect\n|\n|-weather|Sandstorm|[upkeep]\n|-damage|p2a: Nightwing|95\/100|[from] Sandstorm\n|-damage|p1b: Primarina|68\/100|[from] Sandstorm\n|upkeep\n|turn|6\n|\n|t:|1729217910\n|move|p2a: Nightwing|Dire Claw|p1b: Primarina\n|-supereffective|p1b: Primarina\n|-damage|p1b: Primarina|0 fnt\n|faint|p1b: Primarina\n|move|p1a: Tyranitar|Knock Off|p2a: Nightwing\n|-resisted|p2a: Nightwing\n|-damage|p2a: Nightwing|62\/100\n|\n|-weather|Sandstorm|[upkeep]\n|-damage|p2a: Nightwing|56\/100|[from] Sandstorm\n|-sideend|p2: juacox300|move: Tailwind\n|upkeep\n|turn|7\n|-message|caZISA forfeited.\n|\n|win|juacox300\n|raw|caZISA's rating: 1700 &rarr; <strong>1686<\/strong><br \/>(-14 for losing)\n|raw|juacox300's rating: 1815 &rarr; <strong>1829<\/strong><br \/>(+14 for winning)\n|l|\u2606caZISA\n|player|p1|\n","uploadtime":1729218099,"views":8,"formatid":"gen9vgc2024regh","rating":1686,"private":0,"password":null}