{"id":"gen9vgc2024regh-2225096176","format":"[Gen 9] VGC 2024 Reg H","players":["Moon7777","KDR-Alt-711"],"log":"|j|\u2606Moon7777\n|j|\u2606KDR-Alt-711\n|t:|1729187517\n|gametype|doubles\n|player|p1|Moon7777|101|1751\n|player|p2|KDR-Alt-711|102|1745\n|teamsize|p1|6\n|teamsize|p2|6\n|gen|9\n|tier|[Gen 9] VGC 2024 Reg H\n|rated|\n|rule|Species Clause: Limit one of each Pok\u00e9mon\n|rule|Item Clause: Limit 1 of each item\n|clearpoke\n|poke|p1|Sneasler, L50, F|\n|poke|p1|Mimikyu, L50, M|\n|poke|p1|Ursaluna-Bloodmoon, L50, M|\n|poke|p1|Garchomp, L50, M|\n|poke|p1|Rillaboom, L50, F|\n|poke|p1|Gholdengo, L50|\n|poke|p2|Milotic, L50, F|\n|poke|p2|Rillaboom, L50, M|\n|poke|p2|Baxcalibur, L50, M|\n|poke|p2|Murkrow, L50, M|\n|poke|p2|Chandelure, L50, F|\n|poke|p2|Clefairy, L50, F|\n|teampreview|4\n|inactive|Battle timer is ON: inactive players will automatically lose when time's up. (requested by KDR-Alt-711)\n|\n|t:|1729187547\n|start\n|switch|p1a: PushUrTenper|Sneasler, L50, F, shiny|100\/100\n|switch|p1b: Ze|Mimikyu, L50, M, shiny|100\/100\n|switch|p2a: Baxcalibur|Baxcalibur, L50, M, shiny|100\/100\n|switch|p2b: Clefairy|Clefairy, L50, F, shiny|100\/100\n|turn|1\n|\n|t:|1729187558\n|move|p2a: Baxcalibur|Protect|p2a: Baxcalibur\n|-singleturn|p2a: Baxcalibur|Protect\n|move|p2b: Clefairy|Protect|p2b: Clefairy\n|-singleturn|p2b: Clefairy|Protect\n|move|p1a: PushUrTenper|Fake Out|p2b: Clefairy\n|-activate|p2b: Clefairy|move: Protect\n|move|p1b: Ze|Play Rough|p2a: Baxcalibur\n|-activate|p2a: Baxcalibur|move: Protect\n|\n|upkeep\n|turn|2\n|\n|t:|1729187567\n|move|p2b: Clefairy|Follow Me|p2b: Clefairy\n|-singleturn|p2b: Clefairy|move: Follow Me\n|move|p1a: PushUrTenper|Dire Claw|p2b: Clefairy\n|-supereffective|p2b: Clefairy\n|-damage|p2b: Clefairy|32\/100\n|-status|p2b: Clefairy|psn\n|move|p1b: Ze|Play Rough|p2b: Clefairy|[miss]\n|-miss|p1b: Ze|p2b: Clefairy\n|move|p2a: Baxcalibur|Dragon Dance|p2a: Baxcalibur\n|-boost|p2a: Baxcalibur|atk|1\n|-boost|p2a: Baxcalibur|spe|1\n|\n|-damage|p2b: Clefairy|20\/100 psn|[from] psn\n|upkeep\n|turn|3\n|inactive|Moon7777 has 30 seconds left.\n|\n|t:|1729187600\n|-terastallize|p2a: Baxcalibur|Water\n|move|p1b: Ze|Shadow Sneak|p2b: Clefairy\n|-damage|p2b: Clefairy|2\/100 psn\n|-damage|p1b: Ze|91\/100|[from] item: Life Orb\n|move|p2a: Baxcalibur|Icicle Spear|p1a: PushUrTenper\n|-crit|p1a: PushUrTenper\n|-damage|p1a: PushUrTenper|48\/100\n|-damage|p1a: PushUrTenper|12\/100\n|-damage|p1a: PushUrTenper|0 fnt\n|faint|p1a: PushUrTenper\n|-hitcount|p1: PushUrTenper|3\n|move|p2b: Clefairy|Life Dew||[still]|[spread] p2a,p2b\n|-fail|p2a: Baxcalibur|heal\n|-heal|p2b: Clefairy|27\/100 psn\n|\n|-damage|p2b: Clefairy|14\/100 psn|[from] psn\n|upkeep\n|\n|t:|1729187614\n|switch|p1a: Walksocket|Gholdengo, L50, shiny|100\/100\n|turn|4\n|\n|t:|1729187628\n|move|p2b: Clefairy|Follow Me|p2b: Clefairy\n|-singleturn|p2b: Clefairy|move: Follow Me\n|move|p2a: Baxcalibur|Icicle Spear|p1b: Ze\n|-activate|p1b: Ze|ability: Disguise\n|-damage|p1b: Ze|91\/100\n|detailschange|p1b: Ze|Mimikyu-Busted, L50, M, shiny\n|-damage|p1b: Ze|78\/100|[from] pokemon: Mimikyu-Busted\n|-damage|p1b: Ze|46\/100\n|-damage|p1b: Ze|11\/100\n|-damage|p1b: Ze|0 fnt\n|faint|p1b: Ze\n|-hitcount|p1: Ze|4\n|move|p1a: Walksocket|Nasty Plot|p1a: Walksocket\n|-boost|p1a: Walksocket|spa|2\n|\n|-damage|p2b: Clefairy|2\/100 psn|[from] psn\n|upkeep\n|\n|t:|1729187633\n|switch|p1b: MoneyMachine|Ursaluna-Bloodmoon, L50, M|100\/100\n|turn|5\n|\n|t:|1729187646\n|move|p2a: Baxcalibur|Protect|p2a: Baxcalibur\n|-singleturn|p2a: Baxcalibur|Protect\n|move|p1b: MoneyMachine|Vacuum Wave|p2b: Clefairy\n|-resisted|p2b: Clefairy\n|-damage|p2b: Clefairy|0 fnt\n|faint|p2b: Clefairy\n|move|p1a: Walksocket|Shadow Ball|p2a: Baxcalibur\n|-activate|p2a: Baxcalibur|move: Protect\n|\n|upkeep\n|\n|t:|1729187651\n|switch|p2b: Chandelure|Chandelure, L50, F, shiny|100\/100\n|turn|6\n|\n|t:|1729187667\n|-terastallize|p1a: Walksocket|Water\n|move|p2a: Baxcalibur|Scale Shot|p1a: Walksocket\n|-damage|p1a: Walksocket|78\/100\n|-damage|p1a: Walksocket|56\/100\n|-damage|p1a: Walksocket|33\/100\n|-enditem|p1a: Walksocket|Sitrus Berry|[eat]\n|-heal|p1a: Walksocket|58\/100|[from] item: Sitrus Berry\n|-damage|p1a: Walksocket|38\/100\n|-hitcount|p1a: Walksocket|4\n|-unboost|p2a: Baxcalibur|def|1\n|-boost|p2a: Baxcalibur|spe|1\n|move|p1a: Walksocket|Shadow Ball|p2a: Baxcalibur\n|-damage|p2a: Baxcalibur|20\/100\n|move|p2b: Chandelure|Heat Wave|p1b: MoneyMachine|[spread] p1a,p1b\n|-resisted|p1a: Walksocket\n|-damage|p1a: Walksocket|18\/100\n|-damage|p1b: MoneyMachine|74\/100\n|move|p1b: MoneyMachine|Hyper Voice|p2b: Chandelure|[spread] p2a,p2b\n|-damage|p2a: Baxcalibur|0 fnt\n|-damage|p2b: Chandelure|43\/100\n|faint|p2a: Baxcalibur\n|\n|upkeep\n|\n|t:|1729187682\n|switch|p2a: Milotic|Milotic, L50, F, shiny|100\/100\n|turn|7\n|inactive|KDR-Alt-711 has 30 seconds left.\n|\n|t:|1729187708\n|move|p1a: Walksocket|Make It Rain|p2b: Chandelure|[spread] p2a,p2b\n|-resisted|p2a: Milotic\n|-resisted|p2b: Chandelure\n|-damage|p2a: Milotic|71\/100\n|-damage|p2b: Chandelure|0 fnt\n|-unboost|p1a: Walksocket|spa|1\n|faint|p2b: Chandelure\n|move|p2a: Milotic|Scald|p1b: MoneyMachine\n|-supereffective|p1b: MoneyMachine\n|-damage|p1b: MoneyMachine|31\/100\n|move|p1b: MoneyMachine|Blood Moon|p2a: Milotic\n|-crit|p2a: Milotic\n|-damage|p2a: Milotic|0 fnt\n|faint|p2a: Milotic\n|\n|win|Moon7777\n|raw|Moon7777's rating: 1751 &rarr; <strong>1771<\/strong><br \/>(+20 for winning)\n|raw|KDR-Alt-711's rating: 1745 &rarr; <strong>1725<\/strong><br \/>(-20 for losing)\n|l|\u2606KDR-Alt-711\n|player|p2|\n","uploadtime":1729187864,"views":11,"formatid":"gen9vgc2024regh","rating":1725,"private":0,"password":null}