{"id":"gen9vgc2024regh-2225695586","format":"[Gen 9] VGC 2024 Reg H","players":["test-on-calls","magnusmagnum"],"log":"|j|\u2606test-on-calls\n|j|\u2606magnusmagnum\n|t:|1729261512\n|gametype|doubles\n|player|p1|test-on-calls|1|1740\n|player|p2|magnusmagnum|2|1812\n|teamsize|p1|6\n|teamsize|p2|6\n|gen|9\n|tier|[Gen 9] VGC 2024 Reg H\n|rated|\n|rule|Species Clause: Limit one of each Pok\u00e9mon\n|rule|Item Clause: Limit 1 of each item\n|clearpoke\n|poke|p1|Pelipper, L50, M|\n|poke|p1|Primarina, L50, F|\n|poke|p1|Tinkaton, L50, F|\n|poke|p1|Gholdengo, L50|\n|poke|p1|Amoonguss, L50, F|\n|poke|p1|Donphan, L50, M|\n|poke|p2|Sneasler, L50, F|\n|poke|p2|Mimikyu, L50, F|\n|poke|p2|Ursaluna-Bloodmoon, L50, M|\n|poke|p2|Garchomp, L50, F|\n|poke|p2|Rillaboom, L50, F|\n|poke|p2|Gholdengo, L50|\n|teampreview|4\n|inactive|Battle timer is ON: inactive players will automatically lose when time's up. (requested by test-on-calls)\n|inactive|magnusmagnum has 60 seconds left.\n|\n|t:|1729261578\n|start\n|switch|p1a: Stonkabonk|Tinkaton, L50, F, shiny|100\/100\n|switch|p1b: String Yeeze|Gholdengo, L50|100\/100\n|switch|p2a: Denji|Garchomp, L50, F, shiny|100\/100\n|switch|p2b: PushUrTenper|Sneasler, L50, F, shiny|100\/100\n|-ability|p1a: Stonkabonk|Mold Breaker\n|-item|p1a: Stonkabonk|Air Balloon\n|turn|1\n|\n|t:|1729261599\n|-terastallize|p1a: Stonkabonk|Ghost\n|move|p2b: PushUrTenper|Fake Out|p1a: Stonkabonk\n|-immune|p1a: Stonkabonk\n|move|p1a: Stonkabonk|Fake Out|p2a: Denji\n|-damage|p2a: Denji|94\/100\n|-damage|p1a: Stonkabonk|88\/100|[from] ability: Rough Skin|[of] p2a: Denji\n|cant|p2a: Denji|flinch\n|move|p1b: String Yeeze|Make It Rain|p2b: PushUrTenper|[spread] p2a,p2b\n|-damage|p2a: Denji|12\/100\n|-damage|p2b: PushUrTenper|2\/100\n|-unboost|p1b: String Yeeze|spa|1\n|\n|upkeep\n|turn|2\n|\n|t:|1729261624\n|switch|p2b: Walksocket|Gholdengo, L50, shiny|100\/100\n|switch|p1b: Corv?|Pelipper, L50, M|100\/100\n|-weather|RainDance|[from] ability: Drizzle|[of] p1b: Corv?\n|move|p2a: Denji|Stomping Tantrum|p1b: Corv?\n|-immune|p1b: Corv?\n|move|p1a: Stonkabonk|Gigaton Hammer|p2b: Walksocket\n|-resisted|p2b: Walksocket\n|-damage|p2b: Walksocket|75\/100\n|\n|-weather|RainDance|[upkeep]\n|upkeep\n|turn|3\n|inactive|test-on-calls has 30 seconds left.\n|inactive|magnusmagnum has 30 seconds left.\n|inactive|test-on-calls has 20 seconds left.\n|inactive|magnusmagnum has 20 seconds left.\n|inactive|test-on-calls has 15 seconds left.\n|inactive|test-on-calls has 10 seconds left.\n|\n|t:|1729261669\n|move|p2a: Denji|Stomping Tantrum|p1a: Stonkabonk\n|-immune|p1a: Stonkabonk\n|move|p1a: Stonkabonk|Thunder Wave|p2b: Walksocket\n|-status|p2b: Walksocket|par\n|move|p1b: Corv?|Tailwind|p1b: Corv?\n|-sidestart|p1: test-on-calls|move: Tailwind\n|move|p2b: Walksocket|Shadow Ball|p1b: Corv?\n|-damage|p1b: Corv?|30\/100\n|-unboost|p1b: Corv?|spd|1\n|\n|-weather|RainDance|[upkeep]\n|upkeep\n|turn|4\n|j| LesPaul10\n|inactive|magnusmagnum has 30 seconds left.\n|\n|t:|1729261697\n|move|p2b: Walksocket|Protect|p2b: Walksocket\n|-singleturn|p2b: Walksocket|Protect\n|move|p1a: Stonkabonk|Gigaton Hammer|p2a: Denji\n|-damage|p2a: Denji|0 fnt\n|faint|p2a: Denji\n|move|p1b: Corv?|Weather Ball|p2b: Walksocket\n|-activate|p2b: Walksocket|move: Protect\n|\n|-weather|RainDance|[upkeep]\n|upkeep\n|\n|t:|1729261704\n|switch|p2a: Ze|Mimikyu, L50, F, shiny|100\/100\n|turn|5\n|\n|t:|1729261712\n|-terastallize|p2b: Walksocket|Water\n|move|p1a: Stonkabonk|Helping Hand|p1b: Corv?\n|-singleturn|p1b: Corv?|Helping Hand|[of] p1a: Stonkabonk\n|move|p1b: Corv?|Weather Ball|p2b: Walksocket\n|-resisted|p2b: Walksocket\n|-damage|p2b: Walksocket|14\/100 par\n|-enditem|p2b: Walksocket|Sitrus Berry|[eat]\n|-heal|p2b: Walksocket|39\/100 par|[from] item: Sitrus Berry\n|move|p2b: Walksocket|Shadow Ball|p1a: Stonkabonk\n|-supereffective|p1a: Stonkabonk\n|-damage|p1a: Stonkabonk|25\/100\n|-unboost|p1a: Stonkabonk|spd|1\n|-enditem|p1a: Stonkabonk|Air Balloon\n|move|p2a: Ze|Trick Room|p2a: Ze\n|-fieldstart|move: Trick Room|[of] p2a: Ze\n|\n|-weather|RainDance|[upkeep]\n|upkeep\n|turn|6\n|\n|t:|1729261737\n|move|p1b: Corv?|Wide Guard|p1b: Corv?\n|-singleturn|p1b: Corv?|Wide Guard\n|move|p2b: Walksocket|Shadow Ball|p1a: Stonkabonk\n|-supereffective|p1a: Stonkabonk\n|-damage|p1a: Stonkabonk|0 fnt\n|faint|p1a: Stonkabonk\n|move|p2a: Ze|Shadow Claw|p1b: Corv?\n|-damage|p1b: Corv?|0 fnt\n|faint|p1b: Corv?\n|-damage|p2a: Ze|91\/100|[from] item: Life Orb\n|\n|-weather|none\n|-sideend|p1: test-on-calls|move: Tailwind\n|upkeep\n|\n|t:|1729261742\n|switch|p1b: Heffalump|Donphan, L50, M, shiny|100\/100\n|switch|p1a: String Yeeze|Gholdengo, L50|100\/100\n|turn|7\n|inactive|magnusmagnum has 30 seconds left.\n|inactive|magnusmagnum has 20 seconds left.\n|\n|t:|1729261779\n|move|p2a: Ze|Shadow Sneak|p1a: String Yeeze\n|-supereffective|p1a: String Yeeze\n|-damage|p1a: String Yeeze|50\/100\n|-damage|p2a: Ze|81\/100|[from] item: Life Orb\n|move|p2b: Walksocket|Shadow Ball|p1a: String Yeeze\n|-supereffective|p1a: String Yeeze\n|-damage|p1a: String Yeeze|0 fnt\n|faint|p1a: String Yeeze\n|move|p1b: Heffalump|Knock Off|p2a: Ze\n|-activate|p2a: Ze|ability: Disguise\n|-damage|p2a: Ze|81\/100\n|-enditem|p2a: Ze|Life Orb|[from] move: Knock Off|[of] p1b: Heffalump\n|detailschange|p2a: Ze|Mimikyu-Busted, L50, F, shiny\n|-damage|p2a: Ze|68\/100|[from] pokemon: Mimikyu-Busted\n|\n|upkeep\n|turn|8\n|\n|t:|1729261795\n|move|p1b: Heffalump|Protect|p1b: Heffalump\n|-singleturn|p1b: Heffalump|Protect\n|move|p2b: Walksocket|Make It Rain|p1b: Heffalump\n|-activate|p1b: Heffalump|move: Protect\n|move|p2a: Ze|Shadow Claw|p1b: Heffalump\n|-activate|p1b: Heffalump|move: Protect\n|\n|upkeep\n|turn|9\n|\n|t:|1729261799\n|move|p2b: Walksocket|Make It Rain|p1b: Heffalump\n|-damage|p1b: Heffalump|10\/100\n|-unboost|p2b: Walksocket|spa|1\n|move|p1b: Heffalump|High Horsepower|p2a: Ze\n|-damage|p2a: Ze|0 fnt\n|faint|p2a: Ze\n|\n|-fieldend|move: Trick Room\n|upkeep\n|\n|t:|1729261806\n|switch|p2a: PushUrTenper|Sneasler, L50, F, shiny|2\/100\n|turn|10\n|-message|test-on-calls forfeited.\n|\n|win|magnusmagnum\n|raw|test-on-calls's rating: 1740 &rarr; <strong>1724<\/strong><br \/>(-16 for losing)\n|raw|magnusmagnum's rating: 1812 &rarr; <strong>1828<\/strong><br \/>(+16 for winning)\n|l|\u2606test-on-calls\n|player|p1|\n|l|\u2606magnusmagnum\n|player|p2|\n","uploadtime":1729261963,"views":10,"formatid":"gen9vgc2024regh","rating":1724,"private":0,"password":null}