{"id":"gen9vgc2024regh-2225666190","format":"[Gen 9] VGC 2024 Reg H","players":["KDR-Alt-711","magnusmagnum"],"log":"|j|\u2606KDR-Alt-711\n|j|\u2606magnusmagnum\n|t:|1729258768\n|gametype|doubles\n|player|p1|KDR-Alt-711|1|1660\n|player|p2|magnusmagnum|2|1803\n|teamsize|p1|6\n|teamsize|p2|6\n|gen|9\n|tier|[Gen 9] VGC 2024 Reg H\n|rated|\n|rule|Species Clause: Limit one of each Pok\u00e9mon\n|rule|Item Clause: Limit 1 of each item\n|clearpoke\n|poke|p1|Chandelure, L50, M|\n|poke|p1|Reuniclus, L50, F|\n|poke|p1|Torkoal, L50, F|\n|poke|p1|Indeedee-F, L50, F|\n|poke|p1|Lilligant-Hisui, L50, F|\n|poke|p1|Kingambit, L50, M|\n|poke|p2|Sneasler, L50, F|\n|poke|p2|Mimikyu, L50, M|\n|poke|p2|Ursaluna-Bloodmoon, L50, M|\n|poke|p2|Garchomp, L50, F|\n|poke|p2|Rillaboom, L50, F|\n|poke|p2|Gholdengo, L50|\n|teampreview|4\n|inactive|Battle timer is ON: inactive players will automatically lose when time's up. (requested by magnusmagnum)\n|\n|t:|1729258809\n|start\n|switch|p1a: Chandelure|Chandelure, L50, M, shiny|100\/100\n|switch|p1b: Lilligant|Lilligant-Hisui, L50, F, shiny|100\/100\n|switch|p2a: Denji|Garchomp, L50, F, shiny|100\/100\n|switch|p2b: PushUrTenper|Sneasler, L50, F, shiny|100\/100\n|turn|1\n|inactive|magnusmagnum has 30 seconds left.\n|inactive|magnusmagnum has 20 seconds left.\n|\n|t:|1729258848\n|switch|p1a: Torkoal|Torkoal, L50, F, shiny|100\/100\n|-weather|SunnyDay|[from] ability: Drought|[of] p1a: Torkoal\n|-terastallize|p1b: Lilligant|Ghost\n|move|p1b: Lilligant|Sleep Powder|p2a: Denji\n|-status|p2a: Denji|slp|[from] move: Sleep Powder\n|cant|p2a: Denji|slp\n|move|p2b: PushUrTenper|Dire Claw|p1b: Lilligant\n|-resisted|p1b: Lilligant\n|-damage|p1b: Lilligant|69\/100\n|\n|-weather|SunnyDay|[upkeep]\n|upkeep\n|turn|2\n|inactive|magnusmagnum has 30 seconds left.\n|inactive|magnusmagnum has 20 seconds left.\n|j| xiaoliyun.official\n|inactive|magnusmagnum has 15 seconds left.\n|\n|t:|1729258891\n|move|p1b: Lilligant|Sleep Powder|p2b: PushUrTenper\n|-status|p2b: PushUrTenper|slp|[from] move: Sleep Powder\n|cant|p2a: Denji|slp\n|cant|p2b: PushUrTenper|slp\n|move|p1a: Torkoal|Eruption|p2a: Denji|[spread] p2a,p2b\n|-resisted|p2a: Denji\n|-damage|p2a: Denji|53\/100 slp\n|-enditem|p2b: PushUrTenper|Focus Sash\n|-damage|p2b: PushUrTenper|1\/100 slp\n|\n|-weather|SunnyDay|[upkeep]\n|upkeep\n|turn|3\n|inactive|magnusmagnum has 30 seconds left.\n|\n|t:|1729258920\n|cant|p2b: PushUrTenper|slp\n|move|p1b: Lilligant|Close Combat|p2a: Denji\n|-damage|p2a: Denji|5\/100 slp\n|-unboost|p1b: Lilligant|def|1\n|-unboost|p1b: Lilligant|spd|1\n|-damage|p1b: Lilligant|57\/100|[from] ability: Rough Skin|[of] p2a: Denji\n|cant|p2a: Denji|slp\n|move|p1a: Torkoal|Eruption|p2b: PushUrTenper|[spread] p2a,p2b\n|-resisted|p2a: Denji\n|-damage|p2a: Denji|0 fnt\n|-damage|p2b: PushUrTenper|0 fnt\n|faint|p2a: Denji\n|faint|p2b: PushUrTenper\n|\n|-weather|SunnyDay|[upkeep]\n|upkeep\n|\n|t:|1729258933\n|switch|p2b: Veridical|Rillaboom, L50, F, shiny|100\/100\n|switch|p2a: MoneyMachine|Ursaluna-Bloodmoon, L50, M|100\/100\n|-fieldstart|move: Grassy Terrain|[from] ability: Grassy Surge|[of] p2b: Veridical\n|turn|4\n|\n|t:|1729258953\n|-terastallize|p2a: MoneyMachine|Ghost\n|move|p1a: Torkoal|Protect|p1a: Torkoal\n|-singleturn|p1a: Torkoal|Protect\n|move|p2b: Veridical|Grassy Glide|p1b: Lilligant\n|-damage|p1b: Lilligant|0 fnt\n|faint|p1b: Lilligant\n|move|p2a: MoneyMachine|Earth Power|p1a: Torkoal\n|-activate|p1a: Torkoal|move: Protect\n|\n|-weather|SunnyDay|[upkeep]\n|upkeep\n|\n|t:|1729258960\n|switch|p1b: Chandelure|Chandelure, L50, M, shiny|100\/100\n|turn|5\n|\n|t:|1729258982\n|move|p1a: Torkoal|Helping Hand|p1b: Chandelure\n|-singleturn|p1b: Chandelure|Helping Hand|[of] p1a: Torkoal\n|move|p2b: Veridical|Protect|p2b: Veridical\n|-singleturn|p2b: Veridical|Protect\n|move|p1b: Chandelure|Heat Wave|p2b: Veridical|[spread] p2a\n|-activate|p2b: Veridical|move: Protect\n|-damage|p2a: MoneyMachine|39\/100\n|move|p2a: MoneyMachine|Hyper Voice|p1a: Torkoal|[spread] p1a,p1b\n|-damage|p1a: Torkoal|47\/100\n|-damage|p1b: Chandelure|49\/100\n|\n|-weather|none\n|-heal|p1b: Chandelure|55\/100|[from] Grassy Terrain\n|-heal|p2a: MoneyMachine|46\/100|[from] Grassy Terrain\n|-heal|p1a: Torkoal|54\/100|[from] Grassy Terrain\n|upkeep\n|turn|6\n|\n|t:|1729259000\n|move|p1a: Torkoal|Helping Hand|p1b: Chandelure\n|-singleturn|p1b: Chandelure|Helping Hand|[of] p1a: Torkoal\n|move|p2b: Veridical|Grassy Glide|p1b: Chandelure\n|-resisted|p1b: Chandelure\n|-damage|p1b: Chandelure|20\/100\n|move|p2a: MoneyMachine|Vacuum Wave|p1b: Chandelure\n|-damage|p1b: Chandelure|0 fnt\n|faint|p1b: Chandelure\n|\n|-heal|p2a: MoneyMachine|52\/100|[from] Grassy Terrain\n|-heal|p1a: Torkoal|60\/100|[from] Grassy Terrain\n|upkeep\n|\n|t:|1729259008\n|switch|p1b: Kingambit|Kingambit, L50, M, shiny|100\/100\n|turn|7\n|inactive|magnusmagnum has 30 seconds left.\n|\n|t:|1729259040\n|move|p2a: MoneyMachine|Vacuum Wave|p1b: Kingambit\n|-supereffective|p1b: Kingambit\n|-damage|p1b: Kingambit|66\/100\n|move|p1b: Kingambit|Sucker Punch||[still]\n|-fail|p1b: Kingambit\n|move|p2b: Veridical|Wood Hammer|p1b: Kingambit\n|-resisted|p1b: Kingambit\n|-damage|p1b: Kingambit|30\/100\n|-damage|p2b: Veridical|88\/100|[from] Recoil\n|move|p1a: Torkoal|Flamethrower|p2b: Veridical\n|-supereffective|p2b: Veridical\n|-damage|p2b: Veridical|0 fnt\n|faint|p2b: Veridical\n|\n|-heal|p2a: MoneyMachine|58\/100|[from] Grassy Terrain\n|-heal|p1b: Kingambit|36\/100|[from] Grassy Terrain\n|-heal|p1a: Torkoal|66\/100|[from] Grassy Terrain\n|upkeep\n|turn|8\n|\n|t:|1729259060\n|move|p1b: Kingambit|Sucker Punch|p2a: MoneyMachine\n|-supereffective|p2a: MoneyMachine\n|-damage|p2a: MoneyMachine|2\/100\n|move|p2a: MoneyMachine|Earth Power|p1b: Kingambit\n|-supereffective|p1b: Kingambit\n|-damage|p1b: Kingambit|0 fnt\n|faint|p1b: Kingambit\n|move|p1a: Torkoal|Flamethrower|p2a: MoneyMachine\n|-damage|p2a: MoneyMachine|0 fnt\n|faint|p2a: MoneyMachine\n|\n|win|KDR-Alt-711\n|raw|KDR-Alt-711's rating: 1660 &rarr; <strong>1688<\/strong><br \/>(+28 for winning)\n|raw|magnusmagnum's rating: 1803 &rarr; <strong>1775<\/strong><br \/>(-28 for losing)\n|l|\u2606magnusmagnum\n|player|p2|\n|l| xiaoliyun.official\n|l|\u2606KDR-Alt-711\n|player|p1|\n","uploadtime":1729259333,"views":13,"formatid":"gen9vgc2024regh","rating":1688,"private":0,"password":null}