{"id":"gen9vgc2024regh-2225329566","format":"[Gen 9] VGC 2024 Reg H","players":["Bahamate","dd6.75"],"log":"|j|\u2606Bahamate\n|j|\u2606dd6.75\n|t:|1729211113\n|gametype|doubles\n|player|p1|Bahamate|grimsley|1660\n|player|p2|dd6.75|169|1754\n|teamsize|p1|6\n|teamsize|p2|6\n|gen|9\n|tier|[Gen 9] VGC 2024 Reg H\n|rated|\n|rule|Species Clause: Limit one of each Pok\u00e9mon\n|rule|Item Clause: Limit 1 of each item\n|clearpoke\n|poke|p1|Ceruledge, L50, M|\n|poke|p1|Orthworm, L50, F|\n|poke|p1|Garchomp, L50, F|\n|poke|p1|Gastrodon, L50, F|\n|poke|p1|Amoonguss, L50, F|\n|poke|p1|Kilowattrel, L50, M|\n|poke|p2|Dondozo, L50, F|\n|poke|p2|Tatsugiri, L50, M|\n|poke|p2|Dragonite, L50, M|\n|poke|p2|Gholdengo, L50|\n|poke|p2|Pawmot, L50, F|\n|poke|p2|Talonflame, L50, M|\n|teampreview|4\n|inactive|Battle timer is ON: inactive players will automatically lose when time's up. (requested by dd6.75)\n|\n|t:|1729211166\n|start\n|switch|p1a: Garchomp|Garchomp, L50, F|100\/100\n|switch|p1b: Kilowattrel|Kilowattrel, L50, M|100\/100\n|switch|p2a: Talonflame|Talonflame, L50, M|100\/100\n|switch|p2b: Gholdengo|Gholdengo, L50|100\/100\n|turn|1\n|inactive|dd6.75 has 30 seconds left.\n|inactive|dd6.75 has 20 seconds left.\n|inactive|dd6.75 has 15 seconds left.\n|\n|t:|1729211207\n|-terastallize|p2b: Gholdengo|Steel\n|move|p1a: Garchomp|Protect|p1a: Garchomp\n|-singleturn|p1a: Garchomp|Protect\n|move|p2a: Talonflame|Tailwind|p2a: Talonflame\n|-sidestart|p2: dd6.75|move: Tailwind\n|move|p2b: Gholdengo|Make It Rain|p1a: Garchomp|[spread] p1b\n|-activate|p1a: Garchomp|move: Protect\n|-resisted|p1b: Kilowattrel\n|-damage|p1b: Kilowattrel|7\/100\n|-unboost|p2b: Gholdengo|spa|1\n|move|p1b: Kilowattrel|Discharge|p2a: Talonflame|[spread] p2a,p2b\n|-activate|p1a: Garchomp|move: Protect\n|-supereffective|p2a: Talonflame\n|-damage|p2a: Talonflame|13\/100\n|-damage|p2b: Gholdengo|70\/100\n|\n|upkeep\n|turn|2\n|\n|t:|1729211228\n|switch|p1a: Ceruledge|Ceruledge, L50, M, shiny|100\/100\n|move|p1b: Kilowattrel|Protect|p1b: Kilowattrel\n|-singleturn|p1b: Kilowattrel|Protect\n|move|p2a: Talonflame|Will-O-Wisp|p1a: Ceruledge\n|-start|p1a: Ceruledge|ability: Flash Fire\n|move|p2b: Gholdengo|Make It Rain|p1a: Ceruledge|[spread] p1a\n|-activate|p1b: Kilowattrel|move: Protect\n|-resisted|p1a: Ceruledge\n|-damage|p1a: Ceruledge|77\/100\n|-unboost|p2b: Gholdengo|spa|1\n|\n|upkeep\n|turn|3\n|\n|t:|1729211243\n|switch|p1b: Garchomp|Garchomp, L50, F|100\/100\n|move|p1a: Ceruledge|Shadow Sneak|p2a: Talonflame\n|-damage|p2a: Talonflame|0 fnt\n|faint|p2a: Talonflame\n|move|p2b: Gholdengo|Make It Rain|p1b: Garchomp|[spread] p1a,p1b\n|-resisted|p1a: Ceruledge\n|-damage|p1a: Ceruledge|60\/100\n|-damage|p1b: Garchomp|39\/100\n|-unboost|p2b: Gholdengo|spa|1\n|\n|upkeep\n|\n|t:|1729211252\n|switch|p2a: Dondozo|Dondozo, L50, F|100\/100\n|turn|4\n|\n|t:|1729211269\n|switch|p2b: Tatsugiri|Tatsugiri, L50, M|100\/100\n|-activate|p2b: Tatsugiri|ability: Commander|[of] p2a: Dondozo\n|-boost|p2a: Dondozo|atk|2\n|-boost|p2a: Dondozo|spa|2\n|-boost|p2a: Dondozo|spe|2\n|-boost|p2a: Dondozo|def|2\n|-boost|p2a: Dondozo|spd|2\n|switch|p1b: Amoonguss|Amoonguss, L50, F|100\/100\n|-terastallize|p1a: Ceruledge|Grass\n|move|p2a: Dondozo|Earthquake|p1a: Ceruledge|[spread] p1a,p1b\n|-miss|p2a: Dondozo|p2b: Tatsugiri\n|-resisted|p1a: Ceruledge\n|-damage|p1a: Ceruledge|34\/100\n|-damage|p1b: Amoonguss|66\/100\n|move|p1a: Ceruledge|Clear Smog|p2a: Dondozo\n|-damage|p2a: Dondozo|96\/100\n|-clearboost|p2a: Dondozo\n|\n|-heal|p2a: Dondozo|100\/100|[from] item: Leftovers\n|-sideend|p2: dd6.75|move: Tailwind\n|upkeep\n|turn|5\n|\n|t:|1729211292\n|move|p1a: Ceruledge|Tera Blast|p2a: Dondozo|[anim] Tera Blast Grass\n|-supereffective|p2a: Dondozo\n|-damage|p2a: Dondozo|42\/100\n|move|p2a: Dondozo|Order Up|p1a: Ceruledge\n|-damage|p1a: Ceruledge|4\/100\n|-boost|p2a: Dondozo|atk|1\n|move|p1b: Amoonguss|Spore|p2a: Dondozo\n|-status|p2a: Dondozo|slp|[from] move: Spore\n|\n|-heal|p2a: Dondozo|48\/100 slp|[from] item: Leftovers\n|upkeep\n|turn|6\n|\n|t:|1729211303\n|move|p1a: Ceruledge|Bitter Blade|p2a: Dondozo\n|-resisted|p2a: Dondozo\n|-damage|p2a: Dondozo|22\/100 slp\n|-heal|p1a: Ceruledge|20\/100|[from] drain|[of] p2a: Dondozo\n|cant|p2a: Dondozo|slp\n|move|p1b: Amoonguss|Pollen Puff|p1a: Ceruledge\n|-heal|p1a: Ceruledge|70\/100\n|\n|-heal|p2a: Dondozo|29\/100 slp|[from] item: Leftovers\n|upkeep\n|turn|7\n|c|\u2606dd6.75|bummer\n|-message|dd6.75 forfeited.\n|\n|win|Bahamate\n|raw|Bahamate's rating: 1660 &rarr; <strong>1685<\/strong><br \/>(+25 for winning)\n|raw|dd6.75's rating: 1754 &rarr; <strong>1729<\/strong><br \/>(-25 for losing)\n|l|\u2606dd6.75\n|player|p2|\n","uploadtime":1729211322,"views":26,"formatid":"gen9vgc2024regh","rating":1685,"private":0,"password":null}