{"id":"gen9vgc2024regh-2225596361","format":"[Gen 9] VGC 2024 Reg H","players":["magnusmagnum","MERB10M"],"log":"|j|\u2606magnusmagnum\n|j|\u2606MERB10M\n|t:|1729250879\n|gametype|doubles\n|player|p1|magnusmagnum|2|1820\n|player|p2|MERB10M|266|1763\n|teamsize|p1|6\n|teamsize|p2|6\n|gen|9\n|tier|[Gen 9] VGC 2024 Reg H\n|rated|\n|rule|Species Clause: Limit one of each Pok\u00e9mon\n|rule|Item Clause: Limit 1 of each item\n|clearpoke\n|poke|p1|Sneasler, L50, F|\n|poke|p1|Mimikyu, L50, M|\n|poke|p1|Ursaluna-Bloodmoon, L50, M|\n|poke|p1|Garchomp, L50, M|\n|poke|p1|Rillaboom, L50, M|\n|poke|p1|Gholdengo, L50|\n|poke|p2|Grimmsnarl, L50, M|\n|poke|p2|Tyranitar, L50, F|\n|poke|p2|Sinistcha-Masterpiece, L50|\n|poke|p2|Milotic, L50, F|\n|poke|p2|Volcarona, L50, F|\n|poke|p2|Dragonite, L50, F|\n|teampreview|4\n|inactive|Battle timer is ON: inactive players will automatically lose when time's up. (requested by MERB10M)\nMERB10M rejected open team sheets.\n|inactive|magnusmagnum has 60 seconds left.\n|inactive|MERB10M has 60 seconds left.\n|inactive|magnusmagnum has 30 seconds left.\n|\n|t:|1729250950\n|start\n|switch|p1a: Ze|Mimikyu, L50, M, shiny|100\/100\n|switch|p1b: Denji|Garchomp, L50, M, shiny|100\/100\n|switch|p2a: Dragonite|Dragonite, L50, F|100\/100\n|switch|p2b: Milotic|Milotic, L50, F|100\/100\n|turn|1\n|j| bigpoppalololol\n|\n|t:|1729250974\n|-terastallize|p1b: Denji|Fairy\n|-terastallize|p2a: Dragonite|Fairy\n|move|p1b: Denji|Rock Slide|p2b: Milotic|[spread] p2a,p2b\n|-damage|p2a: Dragonite|81\/100\n|-damage|p2b: Milotic|79\/100\n|move|p1a: Ze|Play Rough|p2b: Milotic|[miss]\n|-miss|p1a: Ze|p2b: Milotic\n|move|p2b: Milotic|Ice Beam|p1b: Denji\n|-damage|p1b: Denji|70\/100\n|move|p2a: Dragonite|Tailwind|p2a: Dragonite\n|-sidestart|p2: MERB10M|move: Tailwind\n|\n|upkeep\n|turn|2\n|inactive|magnusmagnum has 30 seconds left.\n|inactive|MERB10M has 30 seconds left.\n|inactive|MERB10M has 20 seconds left.\n|inactive|MERB10M has 15 seconds left.\n|\n|t:|1729251015\n|switch|p1b: Walksocket|Gholdengo, L50, shiny|100\/100\n|move|p2a: Dragonite|Extreme Speed|p1b: Walksocket\n|-immune|p1b: Walksocket\n|move|p2b: Milotic|Scald|p1a: Ze\n|-activate|p1a: Ze|ability: Disguise\n|-damage|p1a: Ze|100\/100\n|detailschange|p1a: Ze|Mimikyu-Busted, L50, M, shiny\n|-damage|p1a: Ze|88\/100|[from] pokemon: Mimikyu-Busted\n|move|p1a: Ze|Trick Room|p1a: Ze\n|-fieldstart|move: Trick Room|[of] p1a: Ze\n|\n|upkeep\n|turn|3\n|inactive|magnusmagnum has 30 seconds left.\n|inactive|MERB10M has 30 seconds left.\n|inactive|magnusmagnum has 20 seconds left.\n|\n|t:|1729251051\n|move|p1b: Walksocket|Make It Rain|p2a: Dragonite|[spread] p2a,p2b\n|-supereffective|p2a: Dragonite\n|-resisted|p2b: Milotic\n|-damage|p2a: Dragonite|0 fnt\n|-damage|p2b: Milotic|68\/100\n|-unboost|p1b: Walksocket|spa|1\n|faint|p2a: Dragonite\n|move|p1a: Ze|Shadow Claw|p2b: Milotic\n|-crit|p2b: Milotic\n|-damage|p2b: Milotic|5\/100\n|-damage|p1a: Ze|78\/100|[from] item: Life Orb\n|move|p2b: Milotic|Scald|p1b: Walksocket\n|-damage|p1b: Walksocket|60\/100\n|-status|p1b: Walksocket|brn\n|\n|-damage|p1b: Walksocket|53\/100 brn|[from] brn\n|upkeep\n|j| dasgfffdas\n|j| xiaoliyun.official\n|\n|t:|1729251074\n|switch|p2a: Grimmsnarl|Grimmsnarl, L50, M, shiny|100\/100\n|turn|4\n|l| dasgfffdas\n|\n|t:|1729251096\n|move|p2a: Grimmsnarl|Sucker Punch|p1b: Walksocket\n|-supereffective|p1b: Walksocket\n|-damage|p1b: Walksocket|0 fnt\n|faint|p1b: Walksocket\n|move|p2b: Milotic|Scald|p1a: Ze\n|-damage|p1a: Ze|23\/100\n|move|p1a: Ze|Trick Room|p1a: Ze\n|-fieldend|move: Trick Room\n|\n|-sideend|p2: MERB10M|move: Tailwind\n|upkeep\n|\n|t:|1729251104\n|switch|p1b: PushUrTenper|Sneasler, L50, F, shiny|100\/100\n|turn|5\n|\n|t:|1729251121\n|move|p1a: Ze|Shadow Sneak|p2b: Milotic\n|-damage|p2b: Milotic|0 fnt\n|faint|p2b: Milotic\n|-damage|p1a: Ze|13\/100|[from] item: Life Orb\n|move|p2a: Grimmsnarl|Thunder Wave|p1b: PushUrTenper\n|-status|p1b: PushUrTenper|par\n|move|p1b: PushUrTenper|Dire Claw|p2a: Grimmsnarl\n|-supereffective|p2a: Grimmsnarl\n|-damage|p2a: Grimmsnarl|1\/100\n|-status|p2a: Grimmsnarl|psn\n|-enditem|p2a: Grimmsnarl|Sitrus Berry|[eat]\n|-heal|p2a: Grimmsnarl|26\/100 psn|[from] item: Sitrus Berry\n|\n|-damage|p2a: Grimmsnarl|14\/100 psn|[from] psn\n|upkeep\n|\n|t:|1729251135\n|switch|p2b: Sinistcha|Sinistcha-Masterpiece, L50|100\/100\n|-heal|p2a: Grimmsnarl|39\/100 psn|[from] ability: Hospitality|[of] p2b: Sinistcha\n|turn|6\n|inactive|magnusmagnum has 30 seconds left.\n|inactive|magnusmagnum has 20 seconds left.\n|\n|t:|1729251172\n|move|p2b: Sinistcha|Rage Powder|p2b: Sinistcha\n|-singleturn|p2b: Sinistcha|move: Rage Powder\n|move|p1a: Ze|Shadow Sneak|p2b: Sinistcha\n|-supereffective|p2b: Sinistcha\n|-crit|p2b: Sinistcha\n|-damage|p2b: Sinistcha|55\/100\n|-damage|p1a: Ze|0 fnt|[from] item: Rocky Helmet|[of] p2b: Sinistcha\n|faint|p1a: Ze\n|move|p1b: PushUrTenper|Dire Claw|p2b: Sinistcha\n|-damage|p2b: Sinistcha|22\/100\n|-status|p2b: Sinistcha|slp\n|-damage|p1b: PushUrTenper|84\/100 par|[from] item: Rocky Helmet|[of] p2b: Sinistcha\n|move|p2a: Grimmsnarl|Spirit Break|p1b: PushUrTenper\n|-damage|p1b: PushUrTenper|15\/100 par\n|-unboost|p1b: PushUrTenper|spa|1\n|\n|-damage|p2a: Grimmsnarl|26\/100 psn|[from] psn\n|upkeep\n|\n|t:|1729251185\n|switch|p1a: Denji|Garchomp, L50, M, shiny, tera:Fairy|70\/100\n|turn|7\n|\n|t:|1729251199\n|move|p2a: Grimmsnarl|Sucker Punch|p1b: PushUrTenper\n|-resisted|p1b: PushUrTenper\n|-damage|p1b: PushUrTenper|0 fnt\n|faint|p1b: PushUrTenper\n|move|p1a: Denji|Stomping Tantrum|p2a: Grimmsnarl\n|-damage|p2a: Grimmsnarl|0 fnt\n|faint|p2a: Grimmsnarl\n|cant|p2b: Sinistcha|slp\n|\n|upkeep\n|turn|8\n|\n|t:|1729251208\n|cant|p2b: Sinistcha|slp\n|move|p1a: Denji|Stomping Tantrum|p2b: Sinistcha\n|-resisted|p2b: Sinistcha\n|-damage|p2b: Sinistcha|8\/100 slp\n|-damage|p1a: Denji|53\/100|[from] item: Rocky Helmet|[of] p2b: Sinistcha\n|\n|upkeep\n|turn|9\n|\n|t:|1729251215\n|-curestatus|p2b: Sinistcha|slp|[msg]\n|move|p2b: Sinistcha|Protect|p2b: Sinistcha\n|-singleturn|p2b: Sinistcha|Protect\n|move|p1a: Denji|Stomping Tantrum|p2b: Sinistcha\n|-activate|p2b: Sinistcha|move: Protect\n|\n|upkeep\n|turn|10\n|\n|t:|1729251223\n|move|p1a: Denji|Stomping Tantrum|p2b: Sinistcha\n|-resisted|p2b: Sinistcha\n|-damage|p2b: Sinistcha|0 fnt\n|-damage|p1a: Denji|36\/100|[from] item: Rocky Helmet|[of] p2b: Sinistcha\n|faint|p2b: Sinistcha\n|\n|win|magnusmagnum\n|raw|magnusmagnum's rating: 1820 &rarr; <strong>1837<\/strong><br \/>(+17 for winning)\n|raw|MERB10M's rating: 1763 &rarr; <strong>1746<\/strong><br \/>(-17 for losing)\n|l|\u2606magnusmagnum\n|player|p1|\n|l|\u2606MERB10M\n|player|p2|\n","uploadtime":1729251232,"views":19,"formatid":"gen9vgc2024regh","rating":1746,"private":0,"password":null}