{"id":"gen9vgc2024regh-2225456204","format":"[Gen 9] VGC 2024 Reg H","players":["chiitancrazymascot","superpowerpoke"],"log":"|j|\u2606chiitancrazymascot\n|j|\u2606superpowerpoke\n|t:|1729228021\n|gametype|doubles\n|player|p1|chiitancrazymascot|pokemaniac|1730\n|player|p2|superpowerpoke|265|1780\n|teamsize|p1|6\n|teamsize|p2|6\n|gen|9\n|tier|[Gen 9] VGC 2024 Reg H\n|rated|\n|rule|Species Clause: Limit one of each Pok\u00e9mon\n|rule|Item Clause: Limit 1 of each item\n|clearpoke\n|poke|p1|Annihilape, L50, F|\n|poke|p1|Dondozo, L50, F|\n|poke|p1|Maushold-Four, L50|\n|poke|p1|Gholdengo, L50|\n|poke|p1|Whimsicott, L50, F|\n|poke|p1|Tatsugiri, L50, F|\n|poke|p2|Gholdengo, L50|\n|poke|p2|Ninetales-Alola, L50, F|\n|poke|p2|Ursaluna-Bloodmoon, L50, M|\n|poke|p2|Dondozo, L50, M|\n|poke|p2|Annihilape, L50, M|\n|poke|p2|Incineroar, L50, M|\n|teampreview|4\n|inactive|Battle timer is ON: inactive players will automatically lose when time's up. (requested by chiitancrazymascot)\n|inactive|superpowerpoke has 60 seconds left.\n|j| Meditate Golisopod\n|\n|t:|1729228077\n|start\n|switch|p1a: Maushold|Maushold-Four, L50|100\/100\n|switch|p1b: Annihilape|Annihilape, L50, F, shiny|100\/100\n|switch|p2a: Gholdengo|Gholdengo, L50|100\/100\n|switch|p2b: Ursaluna|Ursaluna-Bloodmoon, L50, M|100\/100\n|turn|1\n|\n|t:|1729228101\n|move|p2a: Gholdengo|Trick|p1b: Annihilape\n|-activate|p2a: Gholdengo|move: Trick|[of] p1b: Annihilape\n|-item|p1b: Annihilape|Choice Scarf|[from] move: Trick\n|-item|p2a: Gholdengo|Sitrus Berry|[from] move: Trick\n|move|p1a: Maushold|Beat Up|p1b: Annihilape\n|-damage|p1b: Annihilape|99\/100\n|-damage|p1b: Annihilape|96\/100\n|-damage|p1b: Annihilape|94\/100\n|-damage|p1b: Annihilape|92\/100\n|-hitcount|p1b: Annihilape|4\n|move|p1b: Annihilape|Rage Fist|p2a: Gholdengo\n|-supereffective|p2a: Gholdengo\n|-damage|p2a: Gholdengo|0 fnt\n|faint|p2a: Gholdengo\n|move|p2b: Ursaluna|Blood Moon|p1a: Maushold\n|-damage|p1a: Maushold|1\/100\n|\n|upkeep\n|\n|t:|1729228123\n|switch|p2a: Dondozo|Dondozo, L50, M|100\/100\n|turn|2\n|\n|t:|1729228130\n|move|p2a: Dondozo|Protect|p2a: Dondozo\n|-singleturn|p2a: Dondozo|Protect\n|move|p1a: Maushold|Taunt|p2a: Dondozo\n|-activate|p2a: Dondozo|move: Protect\n|move|p1b: Annihilape|Rage Fist|p2a: Dondozo\n|-activate|p2a: Dondozo|move: Protect\n|move|p2b: Ursaluna|Hyper Voice|p1b: Annihilape|[spread] p1a,p1b\n|-damage|p1a: Maushold|0 fnt\n|-damage|p1b: Annihilape|69\/100\n|faint|p1a: Maushold\n|\n|upkeep\n|\n|t:|1729228153\n|switch|p1a: Dondozo|Dondozo, L50, F, shiny|100\/100\n|turn|3\n|\n|t:|1729228164\n|-terastallize|p1a: Dondozo|Grass\n|-terastallize|p2b: Ursaluna|Ghost\n|move|p1b: Annihilape|Rage Fist|p2a: Dondozo\n|-damage|p2a: Dondozo|36\/100\n|-enditem|p2a: Dondozo|Sitrus Berry|[eat]\n|-heal|p2a: Dondozo|61\/100|[from] item: Sitrus Berry\n|move|p1a: Dondozo|Tera Blast|p2a: Dondozo|[anim] Tera Blast Grass\n|-supereffective|p2a: Dondozo\n|-damage|p2a: Dondozo|19\/100\n|move|p2a: Dondozo|Yawn|p1a: Dondozo\n|-start|p1a: Dondozo|move: Yawn|[of] p2a: Dondozo\n|move|p2b: Ursaluna|Blood Moon|p1b: Annihilape\n|-damage|p1b: Annihilape|11\/100\n|\n|upkeep\n|turn|4\n|inactive|superpowerpoke has 30 seconds left.\n|\n|t:|1729228195\n|switch|p1a: Tatsugiri|Tatsugiri, L50, F, shiny|100\/100\n|move|p2b: Ursaluna|Vacuum Wave|p1b: Annihilape\n|-damage|p1b: Annihilape|0 fnt\n|faint|p1b: Annihilape\n|move|p2a: Dondozo|Body Press|p1a: Tatsugiri\n|-damage|p1a: Tatsugiri|48\/100\n|\n|upkeep\n|\n|t:|1729228207\n|switch|p1b: Dondozo|Dondozo, L50, F, shiny, tera:Grass|100\/100\n|-activate|p1a: Tatsugiri|ability: Commander|[of] p1b: Dondozo\n|-boost|p1b: Dondozo|atk|2\n|-boost|p1b: Dondozo|spa|2\n|-boost|p1b: Dondozo|spe|2\n|-boost|p1b: Dondozo|def|2\n|-boost|p1b: Dondozo|spd|2\n|turn|5\n|\n|t:|1729228227\n|move|p1b: Dondozo|Order Up|p2a: Dondozo\n|-damage|p2a: Dondozo|5\/100\n|-boost|p1b: Dondozo|atk|1\n|move|p2a: Dondozo|Yawn|p1b: Dondozo\n|-start|p1b: Dondozo|move: Yawn|[of] p2a: Dondozo\n|move|p2b: Ursaluna|Blood Moon|p1b: Dondozo\n|-damage|p1b: Dondozo|52\/100\n|\n|-heal|p1b: Dondozo|58\/100|[from] item: Leftovers\n|upkeep\n|turn|6\n|l| Meditate Golisopod\n|j| StantlerFanatic\n|\n|t:|1729228251\n|move|p1b: Dondozo|Wave Crash|p2b: Ursaluna\n|-damage|p2b: Ursaluna|0 fnt\n|faint|p2b: Ursaluna\n|-damage|p1b: Dondozo|27\/100|[from] Recoil\n|move|p2a: Dondozo|Body Press|p1b: Dondozo\n|-damage|p1b: Dondozo|8\/100\n|\n|-heal|p1b: Dondozo|14\/100|[from] item: Leftovers\n|-end|p1b: Dondozo|move: Yawn|[silent]\n|-status|p1b: Dondozo|slp\n|upkeep\n|\n|t:|1729228260\n|switch|p2b: Ninetales|Ninetales-Alola, L50, F|100\/100\n|-weather|Snow|[from] ability: Snow Warning|[of] p2b: Ninetales\n|turn|7\n|\n|t:|1729228266\n|move|p2b: Ninetales|Blizzard|p1b: Dondozo|[spread] p1b\n|-miss|p2b: Ninetales|p1a: Tatsugiri\n|-supereffective|p1b: Dondozo\n|-damage|p1b: Dondozo|0 fnt\n|faint|p1b: Dondozo\n|-damage|p2b: Ninetales|91\/100|[from] item: Life Orb\n|move|p2a: Dondozo|Body Press|p1a: Tatsugiri\n|-damage|p1a: Tatsugiri|0 fnt\n|faint|p1a: Tatsugiri\n|\n|win|superpowerpoke\n|raw|chiitancrazymascot's rating: 1730 &rarr; <strong>1713<\/strong><br \/>(-17 for losing)\n|raw|superpowerpoke's rating: 1780 &rarr; <strong>1797<\/strong><br \/>(+17 for winning)\n|l| StantlerFanatic\n","uploadtime":1729228269,"views":11,"formatid":"gen9vgc2024regh","rating":1713,"private":0,"password":null}