{"id":"gen9vgc2024regh-2225362075","format":"[Gen 9] VGC 2024 Reg H","players":["lichuvgc","rengeki style"],"log":"|j|\u2606lichuvgc\n|j|\u2606rengeki style\n|t:|1729215022\n|gametype|doubles\n|player|p1|lichuvgc|dawn|1784\n|player|p2|rengeki style|102|1764\n|teamsize|p1|6\n|teamsize|p2|6\n|gen|9\n|tier|[Gen 9] VGC 2024 Reg H\n|rated|\n|rule|Species Clause: Limit one of each Pok\u00e9mon\n|rule|Item Clause: Limit 1 of each item\n|clearpoke\n|poke|p1|Gholdengo, L50|\n|poke|p1|Dragonite, L50, M|\n|poke|p1|Kingambit, L50, M|\n|poke|p1|Annihilape, L50, F|\n|poke|p1|Whimsicott, L50, F|\n|poke|p1|Volcarona, L50, F|\n|poke|p2|Garganacl, L50, F|\n|poke|p2|Ursaluna-Bloodmoon, L50, M|\n|poke|p2|Meowscarada, L50, M|\n|poke|p2|Sinistcha, L50|\n|poke|p2|Dragapult, L50, F|\n|poke|p2|Incineroar, L50, F|\n|teampreview|4\n|j| precipiceagle\n|\n|t:|1729215067\n|start\n|switch|p1a: Dragonite|Dragonite, L50, M, shiny|100\/100\n|switch|p1b: Annihilape|Annihilape, L50, F, shiny|100\/100\n|switch|p2a: Dragapult|Dragapult, L50, F|100\/100\n|switch|p2b: Sinistcha|Sinistcha, L50|100\/100\n|turn|1\n|\n|t:|1729215078\n|move|p2a: Dragapult|Will-O-Wisp|p1b: Annihilape\n|-status|p1b: Annihilape|brn\n|move|p1b: Annihilape|Coaching|p1a: Dragonite\n|-boost|p1a: Dragonite|atk|1\n|-boost|p1a: Dragonite|def|1\n|move|p1a: Dragonite|Scale Shot|p2b: Sinistcha\n|-damage|p2b: Sinistcha|80\/100\n|-damage|p2b: Sinistcha|57\/100\n|-damage|p2b: Sinistcha|37\/100\n|-enditem|p2b: Sinistcha|Sitrus Berry|[eat]\n|-heal|p2b: Sinistcha|62\/100|[from] item: Sitrus Berry\n|-damage|p2b: Sinistcha|43\/100\n|-damage|p2b: Sinistcha|22\/100\n|-hitcount|p2b: Sinistcha|5\n|-unboost|p1a: Dragonite|def|1\n|-boost|p1a: Dragonite|spe|1\n|move|p2b: Sinistcha|Strength Sap|p1a: Dragonite\n|-unboost|p1a: Dragonite|atk|1\n|-heal|p2b: Sinistcha|100\/100\n|\n|-damage|p1b: Annihilape|94\/100 brn|[from] brn\n|upkeep\n|turn|2\n|j| ryou_zero\n|\n|t:|1729215100\n|switch|p2b: Incineroar|Incineroar, L50, F|100\/100\n|-ability|p2b: Incineroar|Intimidate|boost\n|-unboost|p1a: Dragonite|atk|1\n|-unboost|p1b: Annihilape|atk|1\n|-ability|p1b: Annihilape|Defiant|boost\n|-boost|p1b: Annihilape|atk|2\n|-terastallize|p2a: Dragapult|Fairy\n|move|p1a: Dragonite|Protect|p1a: Dragonite\n|-singleturn|p1a: Dragonite|Protect\n|move|p2a: Dragapult|Will-O-Wisp|p1a: Dragonite\n|-activate|p1a: Dragonite|move: Protect\n|move|p1b: Annihilape|Coaching|p1a: Dragonite\n|-boost|p1a: Dragonite|atk|1\n|-boost|p1a: Dragonite|def|1\n|\n|-damage|p1b: Annihilape|88\/100 brn|[from] brn\n|upkeep\n|turn|3\n|j| Samevgcmons\n|\n|t:|1729215114\n|switch|p1a: Gholdengo|Gholdengo, L50, shiny|100\/100\n|move|p2b: Incineroar|Fake Out|p1a: Gholdengo\n|-immune|p1a: Gholdengo\n|move|p2a: Dragapult|Draco Meteor|p1a: Gholdengo\n|-resisted|p1a: Gholdengo\n|-damage|p1a: Gholdengo|66\/100\n|-unboost|p2a: Dragapult|spa|2\n|move|p1b: Annihilape|Close Combat|p2b: Incineroar\n|-supereffective|p2b: Incineroar\n|-damage|p2b: Incineroar|34\/100\n|-unboost|p1b: Annihilape|def|1\n|-unboost|p1b: Annihilape|spd|1\n|\n|-damage|p1b: Annihilape|82\/100 brn|[from] brn\n|upkeep\n|turn|4\n|\n|t:|1729215127\n|switch|p2b: Sinistcha|Sinistcha, L50|100\/100\n|-terastallize|p1a: Gholdengo|Steel\n|move|p2a: Dragapult|Light Screen|p2a: Dragapult\n|-sidestart|p2: rengeki style|move: Light Screen\n|move|p1a: Gholdengo|Make It Rain|p2a: Dragapult|[spread] p2a,p2b\n|-supereffective|p2a: Dragapult\n|-enditem|p2a: Dragapult|Focus Sash\n|-damage|p2a: Dragapult|1\/100\n|-damage|p2b: Sinistcha|60\/100\n|-unboost|p1a: Gholdengo|spa|1\n|move|p1b: Annihilape|Close Combat|p2b: Sinistcha\n|-immune|p2b: Sinistcha\n|\n|-damage|p1b: Annihilape|75\/100 brn|[from] brn\n|upkeep\n|turn|5\n|\n|t:|1729215163\n|move|p2a: Dragapult|Shadow Ball|p1a: Gholdengo\n|-crit|p1a: Gholdengo\n|-damage|p1a: Gholdengo|3\/100\n|move|p1a: Gholdengo|Make It Rain|p2b: Sinistcha|[spread] p2a,p2b\n|-supereffective|p2a: Dragapult\n|-damage|p2a: Dragapult|0 fnt\n|-damage|p2b: Sinistcha|33\/100\n|-unboost|p1a: Gholdengo|spa|1\n|faint|p2a: Dragapult\n|move|p1b: Annihilape|Rage Fist|p2b: Sinistcha\n|-supereffective|p2b: Sinistcha\n|-damage|p2b: Sinistcha|2\/100\n|move|p2b: Sinistcha|Trick Room|p2b: Sinistcha\n|-fieldstart|move: Trick Room|[of] p2b: Sinistcha\n|\n|-damage|p1b: Annihilape|69\/100 brn|[from] brn\n|upkeep\n|\n|t:|1729215168\n|switch|p2a: Ursaluna|Ursaluna-Bloodmoon, L50, M|100\/100\n|turn|6\n|\n|t:|1729215184\n|switch|p1b: Kingambit|Kingambit, L50, M, shiny|100\/100\n|move|p2a: Ursaluna|Blood Moon|p1b: Kingambit\n|-resisted|p1b: Kingambit\n|-damage|p1b: Kingambit|72\/100\n|move|p2b: Sinistcha|Matcha Gotcha|p1b: Kingambit|[spread] p1a,p1b\n|-resisted|p1a: Gholdengo\n|-resisted|p1b: Kingambit\n|-damage|p1a: Gholdengo|0 fnt\n|-heal|p2b: Sinistcha|3\/100|[from] drain|[of] p1a: Gholdengo\n|-damage|p1b: Kingambit|64\/100\n|-heal|p2b: Sinistcha|8\/100|[from] drain|[of] p1b: Kingambit\n|faint|p1a: Gholdengo\n|\n|upkeep\n|\n|t:|1729215195\n|switch|p1a: Dragonite|Dragonite, L50, M, shiny|100\/100\n|turn|7\n|\n|t:|1729215221\n|switch|p1b: Annihilape|Annihilape, L50, F, shiny|69\/100 brn\n|switch|p2b: Incineroar|Incineroar, L50, F|34\/100\n|-ability|p2b: Incineroar|Intimidate|boost\n|-unboost|p1a: Dragonite|atk|1\n|-unboost|p1b: Annihilape|atk|1\n|-ability|p1b: Annihilape|Defiant|boost\n|-boost|p1b: Annihilape|atk|2\n|move|p1a: Dragonite|Protect|p1a: Dragonite\n|-singleturn|p1a: Dragonite|Protect\n|move|p2a: Ursaluna|Earth Power|p1b: Annihilape\n|-damage|p1b: Annihilape|22\/100 brn\n|-enditem|p1b: Annihilape|Sitrus Berry|[eat]\n|-heal|p1b: Annihilape|47\/100 brn|[from] item: Sitrus Berry\n|\n|-damage|p1b: Annihilape|40\/100 brn|[from] brn\n|upkeep\n|turn|8\n|\n|t:|1729215233\n|switch|p1a: Kingambit|Kingambit, L50, M, shiny|64\/100\n|move|p2b: Incineroar|Fake Out|p1a: Kingambit\n|-resisted|p1a: Kingambit\n|-damage|p1a: Kingambit|60\/100\n|move|p2a: Ursaluna|Hyper Voice|p1b: Annihilape|[spread] p1a,p1b\n|-resisted|p1a: Kingambit\n|-damage|p1a: Kingambit|47\/100\n|-damage|p1b: Annihilape|7\/100 brn\n|move|p1b: Annihilape|Close Combat|p2a: Ursaluna\n|-supereffective|p2a: Ursaluna\n|-damage|p2a: Ursaluna|44\/100\n|-unboost|p1b: Annihilape|def|1\n|-unboost|p1b: Annihilape|spd|1\n|\n|-damage|p1b: Annihilape|1\/100 brn|[from] brn\n|-sideend|p2: rengeki style|move: Light Screen\n|upkeep\n|turn|9\n|\n|t:|1729215253\n|switch|p2a: Sinistcha|Sinistcha, L50|8\/100\n|-heal|p2b: Incineroar|59\/100|[from] ability: Hospitality|[of] p2a: Sinistcha\n|switch|p1a: Dragonite|Dragonite, L50, M, shiny|100\/100\n|move|p2b: Incineroar|Flare Blitz|p1a: Dragonite\n|-resisted|p1a: Dragonite\n|-damage|p1a: Dragonite|87\/100\n|-damage|p2b: Incineroar|56\/100|[from] Recoil\n|move|p1b: Annihilape|Close Combat|p2a: Sinistcha\n|-immune|p2a: Sinistcha\n|\n|-damage|p1b: Annihilape|0 fnt|[from] brn\n|faint|p1b: Annihilape\n|-fieldend|move: Trick Room\n|upkeep\n|\n|t:|1729215257\n|switch|p1b: Kingambit|Kingambit, L50, M, shiny|47\/100\n|turn|10\n|\n|t:|1729215268\n|move|p1a: Dragonite|Scale Shot|p2a: Sinistcha\n|-damage|p2a: Sinistcha|0 fnt\n|faint|p2a: Sinistcha\n|-hitcount|p2: Sinistcha|1\n|-unboost|p1a: Dragonite|def|1\n|-boost|p1a: Dragonite|spe|1\n|move|p1b: Kingambit|Low Kick|p2b: Incineroar\n|-supereffective|p2b: Incineroar\n|-damage|p2b: Incineroar|0 fnt\n|faint|p2b: Incineroar\n|\n|upkeep\n|c|\u2606rengeki style|that live on 1 hp was ridiculous lol\n|c|\u2606rengeki style|you def got lucky\n|-message|rengeki style forfeited.\n|\n|win|lichuvgc\n|raw|lichuvgc's rating: 1784 &rarr; <strong>1803<\/strong><br \/>(+19 for winning)\n|raw|rengeki style's rating: 1764 &rarr; <strong>1745<\/strong><br \/>(-19 for losing)\n|l|\u2606rengeki style\n|player|p2|\n|l| Samevgcmons\n|l|\u2606lichuvgc\n|player|p1|\n|l| precipiceagle\n|j|\u2606lichuvgc\n|player|p1|lichuvgc|dawn|\n|l|\u2606lichuvgc\n|player|p1|\n","uploadtime":1729215300,"views":107,"formatid":"gen9vgc2024regh","rating":1745,"private":0,"password":null}