{"id":"gen9vgc2024regh-2225386265","format":"[Gen 9] VGC 2024 Reg H","players":["lichuvgc","magnusmagnum"],"log":"|j|\u2606lichuvgc\n|j|\u2606magnusmagnum\n|t:|1729218015\n|gametype|doubles\n|player|p1|lichuvgc|dawn|1792\n|player|p2|magnusmagnum|2|1777\n|teamsize|p1|6\n|teamsize|p2|6\n|gen|9\n|tier|[Gen 9] VGC 2024 Reg H\n|rated|\n|rule|Species Clause: Limit one of each Pok\u00e9mon\n|rule|Item Clause: Limit 1 of each item\n|clearpoke\n|poke|p1|Gholdengo, L50|\n|poke|p1|Dragonite, L50, M|\n|poke|p1|Kingambit, L50, F|\n|poke|p1|Annihilape, L50, F|\n|poke|p1|Whimsicott, L50, F|\n|poke|p1|Volcarona, L50, F|\n|poke|p2|Sneasler, L50, F|\n|poke|p2|Mimikyu, L50, M|\n|poke|p2|Ursaluna-Bloodmoon, L50, M|\n|poke|p2|Garchomp, L50, M|\n|poke|p2|Rillaboom, L50, F|\n|poke|p2|Gholdengo, L50|\n|teampreview|4\n|\n|t:|1729218067\n|start\n|switch|p1a: Gholdengo|Gholdengo, L50, shiny|100\/100\n|switch|p1b: Dragonite|Dragonite, L50, M, shiny|100\/100\n|switch|p2a: PushUrTenper|Sneasler, L50, F, shiny|100\/100\n|switch|p2b: Ze|Mimikyu, L50, M, shiny|100\/100\n|turn|1\n|\n|t:|1729218094\n|move|p2a: PushUrTenper|Protect|p2a: PushUrTenper\n|-singleturn|p2a: PushUrTenper|Protect\n|move|p1a: Gholdengo|Make It Rain|p2a: PushUrTenper|[spread] p2b\n|-activate|p2a: PushUrTenper|move: Protect\n|-activate|p2b: Ze|ability: Disguise\n|-damage|p2b: Ze|100\/100\n|-unboost|p1a: Gholdengo|spa|1\n|detailschange|p2b: Ze|Mimikyu-Busted, L50, M, shiny\n|-damage|p2b: Ze|88\/100|[from] pokemon: Mimikyu-Busted\n|move|p2b: Ze|Shadow Claw|p1a: Gholdengo\n|-supereffective|p1a: Gholdengo\n|-damage|p1a: Gholdengo|17\/100\n|-damage|p2b: Ze|78\/100|[from] item: Life Orb\n|move|p1b: Dragonite|Stomping Tantrum|p2b: Ze\n|-damage|p2b: Ze|30\/100\n|\n|upkeep\n|turn|2\n|\n|t:|1729218119\n|switch|p1a: Kingambit|Kingambit, L50, F, shiny|100\/100\n|-terastallize|p1b: Dragonite|Steel\n|move|p2b: Ze|Shadow Sneak|p1a: Kingambit\n|-resisted|p1a: Kingambit\n|-damage|p1a: Kingambit|92\/100\n|-damage|p2b: Ze|20\/100|[from] item: Life Orb\n|move|p2a: PushUrTenper|Dire Claw|p1b: Dragonite\n|-immune|p1b: Dragonite\n|move|p1b: Dragonite|Scale Shot|p2a: PushUrTenper\n|-damage|p2a: PushUrTenper|75\/100\n|-damage|p2a: PushUrTenper|50\/100\n|-damage|p2a: PushUrTenper|24\/100\n|-damage|p2a: PushUrTenper|0 fnt\n|faint|p2a: PushUrTenper\n|-hitcount|p2: PushUrTenper|4\n|-unboost|p1b: Dragonite|def|1\n|-boost|p1b: Dragonite|spe|1\n|\n|upkeep\n|\n|t:|1729218140\n|switch|p2a: Denji|Garchomp, L50, M, shiny|100\/100\n|turn|3\n|\n|t:|1729218158\n|-terastallize|p2a: Denji|Fairy\n|move|p2b: Ze|Shadow Sneak|p1b: Dragonite\n|-damage|p1b: Dragonite|82\/100\n|-damage|p2b: Ze|10\/100|[from] item: Life Orb\n|move|p1a: Kingambit|Sucker Punch|p2a: Denji\n|-resisted|p2a: Denji\n|-damage|p2a: Denji|81\/100\n|-damage|p1a: Kingambit|80\/100|[from] ability: Rough Skin|[of] p2a: Denji\n|move|p2a: Denji|Stomping Tantrum|p1b: Dragonite\n|-supereffective|p1b: Dragonite\n|-damage|p1b: Dragonite|0 fnt\n|faint|p1b: Dragonite\n|\n|upkeep\n|\n|t:|1729218162\n|switch|p1b: Gholdengo|Gholdengo, L50, shiny|17\/100\n|turn|4\n|\n|t:|1729218179\n|switch|p1b: Annihilape|Annihilape, L50, F, shiny|100\/100\n|move|p2b: Ze|Shadow Sneak|p1b: Annihilape\n|-supereffective|p1b: Annihilape\n|-damage|p1b: Annihilape|58\/100\n|-damage|p2b: Ze|0 fnt|[from] item: Life Orb\n|faint|p2b: Ze\n|move|p2a: Denji|Stomping Tantrum|p1a: Kingambit\n|-supereffective|p1a: Kingambit\n|-damage|p1a: Kingambit|19\/100\n|move|p1a: Kingambit|Iron Head|p2a: Denji\n|-supereffective|p2a: Denji\n|-damage|p2a: Denji|0 fnt\n|-damage|p1a: Kingambit|7\/100|[from] ability: Rough Skin|[of] p2a: Denji\n|faint|p2a: Denji\n|\n|upkeep\n|\n|t:|1729218189\n|switch|p2b: MoneyMachine|Ursaluna-Bloodmoon, L50, M|100\/100\n|turn|5\n|\n|t:|1729218198\n|move|p1b: Annihilape|Close Combat|p2b: MoneyMachine\n|-supereffective|p2b: MoneyMachine\n|-damage|p2b: MoneyMachine|25\/100\n|-unboost|p1b: Annihilape|def|1\n|-unboost|p1b: Annihilape|spd|1\n|move|p1a: Kingambit|Low Kick|p2b: MoneyMachine\n|-supereffective|p2b: MoneyMachine\n|-damage|p2b: MoneyMachine|0 fnt\n|faint|p2b: MoneyMachine\n|\n|win|lichuvgc\n|raw|lichuvgc's rating: 1792 &rarr; <strong>1811<\/strong><br \/>(+19 for winning)\n|raw|magnusmagnum's rating: 1777 &rarr; <strong>1758<\/strong><br \/>(-19 for losing)\n|l|\u2606magnusmagnum\n|player|p2|\n|l|\u2606lichuvgc\n|player|p1|\n","uploadtime":1729218376,"views":92,"formatid":"gen9vgc2024regh","rating":1758,"private":0,"password":null}