{"id":"gen9vgc2024regh-2225247079","format":"[Gen 9] VGC 2024 Reg H","players":["dd6.75","LuckyLeaves"],"log":"|j|\u2606dd6.75\n|j|\u2606LuckyLeaves\n|t:|1729201652\n|gametype|doubles\n|player|p1|dd6.75|2|1728\n|player|p2|LuckyLeaves|266|1742\n|teamsize|p1|6\n|teamsize|p2|6\n|gen|9\n|tier|[Gen 9] VGC 2024 Reg H\n|rated|\n|rule|Species Clause: Limit one of each Pok\u00e9mon\n|rule|Item Clause: Limit 1 of each item\n|clearpoke\n|poke|p1|Dondozo, L50, F|\n|poke|p1|Tatsugiri, L50, M|\n|poke|p1|Dragonite, L50, M|\n|poke|p1|Gholdengo, L50|\n|poke|p1|Pawmot, L50, F|\n|poke|p1|Talonflame, L50, M|\n|poke|p2|Murkrow, L50, M|\n|poke|p2|Typhlosion-Hisui, L50, M|\n|poke|p2|Indeedee, L50, M|\n|poke|p2|Sneasler, L50, M|\n|poke|p2|Pelipper, L50, F|\n|poke|p2|Archaludon, L50, M|\n|teampreview|4\n|c|\u2606dd6.75|hey\ndd6.75 rejected open team sheets.\n|\n|t:|1729201691\n|start\n|switch|p1a: Talonflame|Talonflame, L50, M|100\/100\n|switch|p1b: Gholdengo|Gholdengo, L50|100\/100\n|switch|p2a: Sneasler|Sneasler, L50, M|100\/100\n|switch|p2b: Indeedee|Indeedee, L50, M|100\/100\n|-fieldstart|move: Psychic Terrain|[from] ability: Psychic Surge|[of] p2b: Indeedee\n|-enditem|p2a: Sneasler|Psychic Seed\n|-boost|p2a: Sneasler|spd|1|[from] item: Psychic Seed\n|turn|1\n|inactive|Battle timer is ON: inactive players will automatically lose when time's up. (requested by LuckyLeaves)\n|\n|t:|1729201702\n|-terastallize|p2a: Sneasler|Dark\n|-terastallize|p1b: Gholdengo|Steel\n|move|p1a: Talonflame|Tailwind|p1a: Talonflame\n|-sidestart|p1: dd6.75|move: Tailwind\n|move|p2a: Sneasler|Throat Chop|p1b: Gholdengo\n|-damage|p1b: Gholdengo|50\/100\n|-start|p1b: Gholdengo|Throat Chop|[silent]\n|move|p1b: Gholdengo|Make It Rain|p2a: Sneasler|[spread] p2a,p2b\n|-damage|p2a: Sneasler|9\/100\n|-enditem|p2b: Indeedee|Focus Sash\n|-damage|p2b: Indeedee|1\/100\n|-unboost|p1b: Gholdengo|spa|1\n|move|p2b: Indeedee|Expanding Force|p1b: Gholdengo|[spread] p1a,p1b\n|-resisted|p1b: Gholdengo\n|-damage|p1a: Talonflame|25\/100\n|-damage|p1b: Gholdengo|16\/100\n|\n|upkeep\n|turn|2\n|inactive|LuckyLeaves has 30 seconds left.\n|\n|t:|1729201737\n|move|p2a: Sneasler|Protect|p2a: Sneasler\n|-singleturn|p2a: Sneasler|Protect\n|move|p1a: Talonflame|Brave Bird|p2b: Indeedee\n|-damage|p2b: Indeedee|0 fnt\n|faint|p2b: Indeedee\n|-damage|p1a: Talonflame|24\/100|[from] Recoil\n|move|p1b: Gholdengo|Make It Rain|p2a: Sneasler\n|-activate|p2a: Sneasler|move: Protect\n|\n|-end|p1b: Gholdengo|Throat Chop|[silent]\n|upkeep\n|\n|t:|1729201752\n|switch|p2b: Typhlosion|Typhlosion-Hisui, L50, M, shiny|100\/100\n|-item|p1a: Talonflame|Covert Cloak|[from] ability: Frisk|[of] p2b: Typhlosion\n|-item|p1b: Gholdengo|Choice Specs|[from] ability: Frisk|[of] p2b: Typhlosion\n|turn|3\n|\n|t:|1729201775\n|switch|p1a: Tatsugiri|Tatsugiri, L50, M|100\/100\n|switch|p1b: Dondozo|Dondozo, L50, F|100\/100\n|-activate|p1a: Tatsugiri|ability: Commander|[of] p1b: Dondozo\n|-boost|p1b: Dondozo|atk|2\n|-boost|p1b: Dondozo|spa|2\n|-boost|p1b: Dondozo|spe|2\n|-boost|p1b: Dondozo|def|2\n|-boost|p1b: Dondozo|spd|2\n|move|p2a: Sneasler|Throat Chop|p1b: Dondozo\n|-damage|p1b: Dondozo|87\/100\n|-start|p1b: Dondozo|Throat Chop|[silent]\n|move|p2b: Typhlosion|Heat Wave|p1b: Dondozo|[spread] p1b\n|-miss|p2b: Typhlosion|p1a: Tatsugiri\n|-resisted|p1b: Dondozo\n|-damage|p1b: Dondozo|72\/100\n|\n|-heal|p1b: Dondozo|78\/100|[from] item: Leftovers\n|upkeep\n|turn|4\n|j| top cut worlds\n|inactive|LuckyLeaves has 30 seconds left.\n|\n|t:|1729201803\n|move|p2a: Sneasler|Dire Claw|p1b: Dondozo\n|-damage|p1b: Dondozo|64\/100\n|move|p1b: Dondozo|Order Up|p2a: Sneasler\n|-damage|p2a: Sneasler|0 fnt\n|faint|p2a: Sneasler\n|-boost|p1b: Dondozo|atk|1\n|move|p2b: Typhlosion|Heat Wave|p1b: Dondozo|[spread] p1b\n|-miss|p2b: Typhlosion|p1a: Tatsugiri\n|-resisted|p1b: Dondozo\n|-damage|p1b: Dondozo|51\/100\n|\n|-heal|p1b: Dondozo|57\/100|[from] item: Leftovers\n|-end|p1b: Dondozo|Throat Chop|[silent]\n|-sideend|p1: dd6.75|move: Tailwind\n|upkeep\n|\n|t:|1729201815\n|switch|p2a: Murkrow|Murkrow, L50, M|100\/100\n|turn|5\n|\n|t:|1729201818\n|move|p2a: Murkrow|Haze|p2a: Murkrow\n|-clearallboost\n|move|p2b: Typhlosion|Heat Wave|p1a: Tatsugiri|[spread] p1b\n|-miss|p2b: Typhlosion|p1a: Tatsugiri\n|-resisted|p1b: Dondozo\n|-crit|p1b: Dondozo\n|-damage|p1b: Dondozo|16\/100\n|move|p1b: Dondozo|Wave Crash|p2b: Typhlosion\n|-supereffective|p2b: Typhlosion\n|-damage|p2b: Typhlosion|0 fnt\n|faint|p2b: Typhlosion\n|-damage|p1b: Dondozo|0 fnt|[from] Recoil\n|faint|p1b: Dondozo\n|\n|-fieldend|move: Psychic Terrain\n|upkeep\n|\n|t:|1729201821\n|switch|p1b: Talonflame|Talonflame, L50, M|24\/100\n|turn|6\n|j|+Serapis\n|-message|LuckyLeaves forfeited.\n|\n|win|dd6.75\n|raw|dd6.75's rating: 1728 &rarr; <strong>1749<\/strong><br \/>(+21 for winning)\n|raw|LuckyLeaves's rating: 1742 &rarr; <strong>1721<\/strong><br \/>(-21 for losing)\n|l|\u2606LuckyLeaves\n|player|p2|\n|j|\u2606LuckyLeaves\n|player|p2|LuckyLeaves|266|\n|l|\u2606LuckyLeaves\n|player|p2|\n|c|\u2606dd6.75|that's how it's done\n|c|\u2606dd6.75|you'rea ll welcome\n|c|\u2606dd6.75|topcut worlds\n|c| top cut worlds|w\n|c|\u2606dd6.75|take lessons\n|c|\u2606dd6.75|WOOO\n|l|\u2606dd6.75\n|player|p1|\n|c| top cut worlds|im using dondozo too bru\n|l| top cut worlds\n|l|+Serapis\n","uploadtime":1729202014,"views":12,"formatid":"gen9vgc2024regh","rating":1721,"private":0,"password":null}