{"id":"gen9vgc2024regh-2225828373","format":"[Gen 9] VGC 2024 Reg H","players":["RocksTheRock","SERENA2024"],"log":"|j|\u2606RocksTheRock\n|j|\u2606SERENA2024\n|t:|1729273289\n|gametype|doubles\n|player|p1|RocksTheRock|red|1740\n|player|p2|SERENA2024|170|1824\n|teamsize|p1|6\n|teamsize|p2|6\n|gen|9\n|tier|[Gen 9] VGC 2024 Reg H\n|rated|\n|rule|Species Clause: Limit one of each Pok\u00e9mon\n|rule|Item Clause: Limit 1 of each item\n|clearpoke\n|poke|p1|Indeedee-F, L50, F|\n|poke|p1|Torkoal, L50, M|\n|poke|p1|Gallade, L50, M|\n|poke|p1|Hatterene, L50, F|\n|poke|p1|Ursaluna, L50, M|\n|poke|p1|Charizard, L50, F|\n|poke|p2|Pelipper, L50, F|\n|poke|p2|Rillaboom, L50, M|\n|poke|p2|Tauros-Paldea-Aqua, L50, M|\n|poke|p2|Dragonite, L50, M|\n|poke|p2|Archaludon, L50, F|\n|poke|p2|Kingambit, L50, M|\n|teampreview|4\n|inactive|Battle timer is ON: inactive players will automatically lose when time's up. (requested by RocksTheRock)\n|j| Kakabow\n|c|\u2606RocksTheRock|Gl\n|\n|t:|1729273322\n|start\n|switch|p1a: Indeedee|Indeedee-F, L50, F|100\/100\n|switch|p1b: Gallade|Gallade, L50, M|100\/100\n|switch|p2a: Archaludon|Archaludon, L50, F|100\/100\n|switch|p2b: Kingambit|Kingambit, L50, M|100\/100\n|-fieldstart|move: Psychic Terrain|[from] ability: Psychic Surge|[of] p1a: Indeedee\n|-enditem|p1a: Indeedee|Psychic Seed\n|-boost|p1a: Indeedee|spd|1|[from] item: Psychic Seed\n|turn|1\n|\n|t:|1729273337\n|-terastallize|p2b: Kingambit|Flying\n|move|p2a: Archaludon|Electro Shot||[still]\n|-prepare|p2a: Archaludon|Electro Shot\n|-boost|p2a: Archaludon|spa|1\n|-enditem|p2a: Archaludon|Power Herb\n|-anim|p2a: Archaludon|Electro Shot|p1a: Indeedee\n|-damage|p1a: Indeedee|58\/100\n|move|p1b: Gallade|Sacred Sword|p2a: Archaludon\n|-supereffective|p2a: Archaludon\n|-ability|p2a: Archaludon|Sturdy\n|-damage|p2a: Archaludon|1\/100\n|move|p2b: Kingambit|Tera Blast|p1b: Gallade|[anim] Tera Blast Flying\n|-supereffective|p1b: Gallade\n|-damage|p1b: Gallade|0 fnt\n|faint|p1b: Gallade\n|move|p1a: Indeedee|Trick Room|p1a: Indeedee\n|-fieldstart|move: Trick Room|[of] p1a: Indeedee\n|\n|upkeep\n|\n|t:|1729273351\n|switch|p1b: Hatterene|Hatterene, L50, F|100\/100\n|turn|2\n|\n|t:|1729273372\n|switch|p1a: Ursaluna|Ursaluna, L50, M|100\/100\n|switch|p2a: Rillaboom|Rillaboom, L50, M|100\/100\n|-fieldstart|move: Grassy Terrain|[from] ability: Grassy Surge|[of] p2a: Rillaboom\n|move|p2b: Kingambit|Protect|p2b: Kingambit\n|-singleturn|p2b: Kingambit|Protect\n|move|p1b: Hatterene|Dazzling Gleam|p2a: Rillaboom|[spread] p2a\n|-activate|p2b: Kingambit|move: Protect\n|-damage|p2a: Rillaboom|77\/100\n|\n|-heal|p2a: Rillaboom|83\/100|[from] Grassy Terrain\n|-status|p1a: Ursaluna|brn|[from] item: Flame Orb\n|upkeep\n|turn|3\n|inactive|RocksTheRock has 30 seconds left.\n|inactive|SERENA2024 has 30 seconds left.\n|\n|t:|1729273403\n|switch|p2a: Archaludon|Archaludon, L50, F|1\/100\n|-terastallize|p1a: Ursaluna|Ghost\n|move|p1b: Hatterene|Expanding Force|p2a: Archaludon\n|-resisted|p2a: Archaludon\n|-damage|p2a: Archaludon|0 fnt\n|faint|p2a: Archaludon\n|move|p1a: Ursaluna|Facade|p2b: Kingambit\n|-damage|p2b: Kingambit|9\/100\n|-enditem|p2b: Kingambit|Sitrus Berry|[eat]\n|-heal|p2b: Kingambit|34\/100|[from] item: Sitrus Berry\n|move|p2b: Kingambit|Kowtow Cleave|p1a: Ursaluna\n|-supereffective|p1a: Ursaluna\n|-damage|p1a: Ursaluna|21\/100 brn\n|\n|-heal|p1a: Ursaluna|27\/100 brn|[from] Grassy Terrain\n|-damage|p1a: Ursaluna|21\/100 brn|[from] brn\n|upkeep\n|\n|t:|1729273421\n|switch|p2a: Pelipper|Pelipper, L50, F|100\/100\n|-weather|RainDance|[from] ability: Drizzle|[of] p2a: Pelipper\n|turn|4\n|inactive|SERENA2024 has 30 seconds left.\n|\n|t:|1729273453\n|switch|p1a: Indeedee|Indeedee-F, L50, F|58\/100\n|-fieldstart|move: Psychic Terrain|[from] ability: Psychic Surge|[of] p1a: Indeedee\n|move|p2b: Kingambit|Protect|p2b: Kingambit\n|-singleturn|p2b: Kingambit|Protect\n|move|p2a: Pelipper|Wide Guard|p2a: Pelipper\n|-singleturn|p2a: Pelipper|Wide Guard\n|move|p1b: Hatterene|Expanding Force|p2b: Kingambit|[spread] \n|-activate|p2a: Pelipper|move: Wide Guard\n|-activate|p2b: Kingambit|move: Wide Guard\n|\n|-weather|RainDance|[upkeep]\n|upkeep\n|turn|5\n|\n|t:|1729273473\n|switch|p1a: Ursaluna|Ursaluna, L50, M, tera:Ghost|21\/100 brn\n|move|p1b: Hatterene|Expanding Force|p2b: Kingambit|[spread] p2a,p2b\n|-enditem|p2a: Pelipper|Focus Sash\n|-damage|p2a: Pelipper|1\/100\n|-damage|p2b: Kingambit|0 fnt\n|faint|p2b: Kingambit\n|move|p2a: Pelipper|Weather Ball|p1b: Hatterene\n|-damage|p1b: Hatterene|29\/100\n|\n|-weather|RainDance|[upkeep]\n|-damage|p1a: Ursaluna|15\/100 brn|[from] brn\n|-fieldend|move: Trick Room\n|upkeep\n|\n|t:|1729273479\n|switch|p2b: Rillaboom|Rillaboom, L50, M|83\/100\n|-fieldstart|move: Grassy Terrain|[from] ability: Grassy Surge|[of] p2b: Rillaboom\n|turn|6\n|inactive|RocksTheRock has 30 seconds left.\n|inactive|RocksTheRock has 20 seconds left.\n|inactive|RocksTheRock has 15 seconds left.\n|inactive|RocksTheRock has 10 seconds left.\n|inactive|RocksTheRock has 5 seconds left.\n|\n|t:|1729273533\n|move|p1b: Hatterene|Protect|p1b: Hatterene\n|-singleturn|p1b: Hatterene|Protect\n|move|p2a: Pelipper|Weather Ball|p1a: Ursaluna\n|-damage|p1a: Ursaluna|0 fnt\n|faint|p1a: Ursaluna\n|move|p2b: Rillaboom|Wood Hammer|p1b: Hatterene\n|-activate|p1b: Hatterene|move: Protect\n|\n|-weather|RainDance|[upkeep]\n|-heal|p2b: Rillaboom|89\/100|[from] Grassy Terrain\n|-heal|p1b: Hatterene|35\/100|[from] Grassy Terrain\n|upkeep\n|\n|t:|1729273540\n|switch|p1a: Indeedee|Indeedee-F, L50, F|58\/100\n|-fieldstart|move: Psychic Terrain|[from] ability: Psychic Surge|[of] p1a: Indeedee\n|turn|7\n|inactive|RocksTheRock has 30 seconds left.\n|\n|t:|1729273573\n|move|p1a: Indeedee|Follow Me|p1a: Indeedee\n|-singleturn|p1a: Indeedee|move: Follow Me\n|move|p2a: Pelipper|Weather Ball|p1a: Indeedee\n|-crit|p1a: Indeedee\n|-damage|p1a: Indeedee|0 fnt\n|faint|p1a: Indeedee\n|move|p2b: Rillaboom|Wood Hammer|p1b: Hatterene\n|-damage|p1b: Hatterene|0 fnt\n|faint|p1b: Hatterene\n|-damage|p2b: Rillaboom|79\/100|[from] Recoil\n|\n|win|SERENA2024\n|raw|RocksTheRock's rating: 1740 &rarr; <strong>1725<\/strong><br \/>(-15 for losing)\n|raw|SERENA2024's rating: 1824 &rarr; <strong>1839<\/strong><br \/>(+15 for winning)\n|l| Kakabow\n|l|\u2606RocksTheRock\n|player|p1|\n","uploadtime":1729273835,"views":15,"formatid":"gen9vgc2024regh","rating":1725,"private":0,"password":null}