{"id":"gen9vgc2024regh-2225364924","format":"[Gen 9] VGC 2024 Reg H","players":["lichuvgc","chiitancrazymascot"],"log":"|j|\u2606lichuvgc\n|j|\u2606chiitancrazymascot\n|t:|1729215371\n|gametype|doubles\n|player|p1|lichuvgc|dawn|1803\n|player|p2|chiitancrazymascot|pokemaniac|1735\n|teamsize|p1|6\n|teamsize|p2|6\n|gen|9\n|tier|[Gen 9] VGC 2024 Reg H\n|rated|\n|rule|Species Clause: Limit one of each Pok\u00e9mon\n|rule|Item Clause: Limit 1 of each item\n|clearpoke\n|poke|p1|Gholdengo, L50|\n|poke|p1|Dragonite, L50, F|\n|poke|p1|Kingambit, L50, M|\n|poke|p1|Annihilape, L50, F|\n|poke|p1|Whimsicott, L50, F|\n|poke|p1|Volcarona, L50, F|\n|poke|p2|Annihilape, L50, F|\n|poke|p2|Dondozo, L50, M|\n|poke|p2|Maushold-Four, L50|\n|poke|p2|Gholdengo, L50|\n|poke|p2|Whimsicott, L50, F|\n|poke|p2|Tatsugiri, L50, M|\n|teampreview|4\n|inactive|Battle timer is ON: inactive players will automatically lose when time's up. (requested by chiitancrazymascot)\n|j| juacox300\n|\n|t:|1729215386\n|start\n|switch|p1a: Gholdengo|Gholdengo, L50, shiny|100\/100\n|switch|p1b: Dragonite|Dragonite, L50, F, shiny|100\/100\n|switch|p2a: Maushold|Maushold-Four, L50|100\/100\n|switch|p2b: Annihilape|Annihilape, L50, F, shiny|100\/100\n|turn|1\n|\n|t:|1729215398\n|-terastallize|p1a: Gholdengo|Steel\n|-terastallize|p2b: Annihilape|Fire\n|move|p1b: Dragonite|Extreme Speed|p2a: Maushold\n|-damage|p2a: Maushold|60\/100\n|move|p1a: Gholdengo|Make It Rain|p2b: Annihilape|[spread] p2a,p2b\n|-resisted|p2b: Annihilape\n|-damage|p2a: Maushold|0 fnt\n|-damage|p2b: Annihilape|80\/100\n|-unboost|p1a: Gholdengo|spa|1\n|faint|p2a: Maushold\n|move|p2b: Annihilape|Rage Fist|p1b: Dragonite\n|-crit|p1b: Dragonite\n|-damage|p1b: Dragonite|63\/100\n|\n|upkeep\n|\n|t:|1729215421\n|switch|p2a: Tatsugiri|Tatsugiri, L50, M, shiny|100\/100\n|turn|2\n|\n|t:|1729215428\n|switch|p1a: Whimsicott|Whimsicott, L50, F, shiny|100\/100\n|move|p1b: Dragonite|Protect|p1b: Dragonite\n|-singleturn|p1b: Dragonite|Protect\n|move|p2a: Tatsugiri|Icy Wind|p1b: Dragonite|[spread] p1a\n|-activate|p1b: Dragonite|move: Protect\n|-supereffective|p1a: Whimsicott\n|-damage|p1a: Whimsicott|58\/100\n|-unboost|p1a: Whimsicott|spe|1\n|move|p2b: Annihilape|Rage Fist|p1b: Dragonite\n|-activate|p1b: Dragonite|move: Protect\n|\n|upkeep\n|turn|3\n|j| precipiceagle\n|\n|t:|1729215445\n|switch|p2a: Dondozo|Dondozo, L50, M, shiny|100\/100\n|move|p1a: Whimsicott|Tailwind|p1a: Whimsicott\n|-sidestart|p1: lichuvgc|move: Tailwind\n|move|p1b: Dragonite|Scale Shot|p2b: Annihilape\n|-damage|p2b: Annihilape|63\/100\n|-damage|p2b: Annihilape|48\/100\n|-enditem|p2b: Annihilape|Sitrus Berry|[eat]\n|-heal|p2b: Annihilape|73\/100|[from] item: Sitrus Berry\n|-damage|p2b: Annihilape|57\/100\n|-damage|p2b: Annihilape|41\/100\n|-damage|p2b: Annihilape|27\/100\n|-hitcount|p2b: Annihilape|5\n|-unboost|p1b: Dragonite|def|1\n|-boost|p1b: Dragonite|spe|1\n|move|p2b: Annihilape|Rage Fist|p1b: Dragonite\n|-damage|p1b: Dragonite|0 fnt\n|faint|p1b: Dragonite\n|\n|upkeep\n|\n|t:|1729215462\n|switch|p1b: Annihilape|Annihilape, L50, F, shiny|100\/100\n|turn|4\n|\n|t:|1729215471\n|switch|p2b: Tatsugiri|Tatsugiri, L50, M, shiny|100\/100\n|-activate|p2b: Tatsugiri|ability: Commander|[of] p2a: Dondozo\n|-boost|p2a: Dondozo|atk|2\n|-boost|p2a: Dondozo|spa|2\n|-boost|p2a: Dondozo|spe|2\n|-boost|p2a: Dondozo|def|2\n|-boost|p2a: Dondozo|spd|2\n|move|p1b: Annihilape|Final Gambit|p2a: Dondozo\n|-damage|p2a: Dondozo|8\/100\n|faint|p1b: Annihilape\n|move|p1a: Whimsicott|Moonblast|p2a: Dondozo\n|-damage|p2a: Dondozo|0 fnt\n|faint|p2a: Dondozo\n|\n|upkeep\n|\n|t:|1729215481\n|switch|p1b: Gholdengo|Gholdengo, L50, shiny, tera:Steel|100\/100\n|switch|p2a: Annihilape|Annihilape, L50, F, shiny, tera:Fire|27\/100\n|turn|5\n|inactive|chiitancrazymascot has 30 seconds left.\n|\n|t:|1729215507\n|move|p1b: Gholdengo|Shadow Ball|p2a: Annihilape\n|-damage|p2a: Annihilape|0 fnt\n|faint|p2a: Annihilape\n|move|p1a: Whimsicott|Moonblast|p2b: Tatsugiri\n|-supereffective|p2b: Tatsugiri\n|-damage|p2b: Tatsugiri|0 fnt\n|faint|p2b: Tatsugiri\n|\n|win|lichuvgc\n|raw|lichuvgc's rating: 1803 &rarr; <strong>1819<\/strong><br \/>(+16 for winning)\n|raw|chiitancrazymascot's rating: 1735 &rarr; <strong>1719<\/strong><br \/>(-16 for losing)\n","uploadtime":1729215510,"views":56,"formatid":"gen9vgc2024regh","rating":1719,"private":0,"password":null}