{"id":"gen9vgc2024regh-2225681760","format":"[Gen 9] VGC 2024 Reg H","players":["magnusmagnum","Hikawari"],"log":"|j|\u2606magnusmagnum\n|j|\u2606Hikawari\n|t:|1729260250\n|gametype|doubles\n|player|p1|magnusmagnum|2|1788\n|player|p2|Hikawari|102|1782\n|teamsize|p1|6\n|teamsize|p2|6\n|gen|9\n|tier|[Gen 9] VGC 2024 Reg H\n|rated|\n|rule|Species Clause: Limit one of each Pok\u00e9mon\n|rule|Item Clause: Limit 1 of each item\n|clearpoke\n|poke|p1|Sneasler, L50, F|\n|poke|p1|Mimikyu, L50, M|\n|poke|p1|Ursaluna-Bloodmoon, L50, M|\n|poke|p1|Garchomp, L50, M|\n|poke|p1|Rillaboom, L50, F|\n|poke|p1|Gholdengo, L50|\n|poke|p2|Sneasler, L50, F|\n|poke|p2|Murkrow, L50, M|\n|poke|p2|Gholdengo, L50|\n|poke|p2|Indeedee, L50, M|\n|poke|p2|Annihilape, L50, F|\n|poke|p2|Sinistcha, L50|\n|teampreview|4\n|inactive|Battle timer is ON: inactive players will automatically lose when time's up. (requested by Hikawari)\n|inactive|magnusmagnum has 60 seconds left.\n|j| uppercut vgc\nHikawari has agreed to open team sheets.\n|\n|t:|1729260313\n|start\n|switch|p1a: Ze|Mimikyu, L50, M, shiny|100\/100\n|switch|p1b: Denji|Garchomp, L50, M, shiny|100\/100\n|switch|p2a: Annihilape|Annihilape, L50, F, shiny|100\/100\n|switch|p2b: Sinistcha|Sinistcha, L50, shiny|100\/100\n|turn|1\n|inactive|magnusmagnum has 30 seconds left.\n|\n|t:|1729260342\n|move|p2a: Annihilape|Protect|p2a: Annihilape\n|-singleturn|p2a: Annihilape|Protect\n|move|p1b: Denji|Stomping Tantrum|p2a: Annihilape\n|-activate|p2a: Annihilape|move: Protect\n|move|p1a: Ze|Shadow Claw|p2b: Sinistcha\n|-supereffective|p2b: Sinistcha\n|-damage|p2b: Sinistcha|36\/100\n|-damage|p1a: Ze|84\/100|[from] item: Rocky Helmet|[of] p2b: Sinistcha\n|-damage|p1a: Ze|75\/100|[from] item: Life Orb\n|move|p2b: Sinistcha|Matcha Gotcha|p1a: Ze|[spread] p1a,p1b\n|-activate|p1a: Ze|ability: Disguise\n|-damage|p1a: Ze|75\/100\n|-damage|p1b: Denji|69\/100\n|-heal|p2b: Sinistcha|54\/100|[from] drain|[of] p1b: Denji\n|-status|p1a: Ze|brn\n|detailschange|p1a: Ze|Mimikyu-Busted, L50, M, shiny\n|-damage|p1a: Ze|62\/100 brn|[from] pokemon: Mimikyu-Busted\n|\n|-damage|p1a: Ze|56\/100 brn|[from] brn\n|upkeep\n|turn|2\n|inactive|magnusmagnum has 30 seconds left.\n|\n|t:|1729260375\n|switch|p1b: Walksocket|Gholdengo, L50, shiny|100\/100\n|move|p1a: Ze|Shadow Claw|p2b: Sinistcha\n|-supereffective|p2b: Sinistcha\n|-damage|p2b: Sinistcha|19\/100\n|-damage|p1a: Ze|40\/100 brn|[from] item: Rocky Helmet|[of] p2b: Sinistcha\n|-damage|p1a: Ze|30\/100 brn|[from] item: Life Orb\n|move|p2a: Annihilape|Bulk Up|p2a: Annihilape\n|-boost|p2a: Annihilape|atk|1\n|-boost|p2a: Annihilape|def|1\n|move|p2b: Sinistcha|Strength Sap|p1b: Walksocket\n|-immune|p1b: Walksocket|[from] ability: Good as Gold\n|\n|-damage|p1a: Ze|24\/100 brn|[from] brn\n|upkeep\n|turn|3\n|j| xiaoliyun.official\n|inactive|Hikawari has 30 seconds left.\n|\n|t:|1729260402\n|-terastallize|p2a: Annihilape|Fire\n|move|p2b: Sinistcha|Protect|p2b: Sinistcha\n|-singleturn|p2b: Sinistcha|Protect\n|move|p1a: Ze|Shadow Claw|p2b: Sinistcha\n|-activate|p2b: Sinistcha|move: Protect\n|move|p1b: Walksocket|Nasty Plot|p1b: Walksocket\n|-boost|p1b: Walksocket|spa|2\n|move|p2a: Annihilape|Rage Fist|p1b: Walksocket\n|-supereffective|p1b: Walksocket\n|-damage|p1b: Walksocket|39\/100\n|-enditem|p1b: Walksocket|Sitrus Berry|[eat]\n|-heal|p1b: Walksocket|64\/100|[from] item: Sitrus Berry\n|\n|-damage|p1a: Ze|18\/100 brn|[from] brn\n|upkeep\n|turn|4\n|l| xiaoliyun.official\n|\n|t:|1729260425\n|move|p1b: Walksocket|Protect|p1b: Walksocket\n|-singleturn|p1b: Walksocket|Protect\n|move|p2a: Annihilape|Protect|p2a: Annihilape\n|-singleturn|p2a: Annihilape|Protect\n|move|p1a: Ze|Shadow Claw|p2b: Sinistcha\n|-supereffective|p2b: Sinistcha\n|-damage|p2b: Sinistcha|0 fnt\n|-damage|p1a: Ze|2\/100 brn|[from] item: Rocky Helmet|[of] p2b: Sinistcha\n|faint|p2b: Sinistcha\n|-damage|p1a: Ze|0 fnt|[from] item: Life Orb\n|faint|p1a: Ze\n|\n|upkeep\n|\n|t:|1729260438\n|switch|p1a: Denji|Garchomp, L50, M, shiny|69\/100\n|switch|p2b: Murkrow|Murkrow, L50, M|100\/100\n|turn|5\n|\n|t:|1729260454\n|-terastallize|p1b: Walksocket|Water\n|move|p2b: Murkrow|Tailwind|p2b: Murkrow\n|-sidestart|p2: Hikawari|move: Tailwind\n|move|p1a: Denji|Stomping Tantrum|p2a: Annihilape\n|-supereffective|p2a: Annihilape\n|-damage|p2a: Annihilape|59\/100\n|move|p2a: Annihilape|Bulk Up|p2a: Annihilape\n|-boost|p2a: Annihilape|atk|1\n|-boost|p2a: Annihilape|def|1\n|move|p1b: Walksocket|Shadow Ball|p2a: Annihilape\n|-damage|p2a: Annihilape|0 fnt\n|faint|p2a: Annihilape\n|\n|upkeep\n|\n|t:|1729260460\n|switch|p2a: Gholdengo|Gholdengo, L50|100\/100\n|turn|6\n|\n|t:|1729260481\n|move|p2a: Gholdengo|Make It Rain|p1a: Denji|[spread] p1a,p1b\n|-resisted|p1b: Walksocket\n|-damage|p1a: Denji|0 fnt\n|-damage|p1b: Walksocket|25\/100\n|-unboost|p2a: Gholdengo|spa|1\n|faint|p1a: Denji\n|move|p2b: Murkrow|Foul Play|p1b: Walksocket\n|-damage|p1b: Walksocket|8\/100\n|move|p1b: Walksocket|Shadow Ball|p2a: Gholdengo\n|-supereffective|p2a: Gholdengo\n|-damage|p2a: Gholdengo|0 fnt\n|faint|p2a: Gholdengo\n|\n|upkeep\n|\n|t:|1729260492\n|switch|p1a: MoneyMachine|Ursaluna-Bloodmoon, L50, M|100\/100\n|turn|7\n|-message|Hikawari forfeited.\n|\n|win|magnusmagnum\n|raw|magnusmagnum's rating: 1788 &rarr; <strong>1808<\/strong><br \/>(+20 for winning)\n|raw|Hikawari's rating: 1782 &rarr; <strong>1762<\/strong><br \/>(-20 for losing)\n|l|\u2606Hikawari\n|player|p2|\n|l| uppercut vgc\n|l|\u2606magnusmagnum\n|player|p1|\n|j|\u2606Hikawari\n|player|p2|Hikawari|102|\n","uploadtime":1729260716,"views":22,"formatid":"gen9vgc2024regh","rating":1762,"private":0,"password":null}