{"id":"gen9vgc2024regh-2225380523","format":"[Gen 9] VGC 2024 Reg H","players":["catsharknado","lichuvgc"],"log":"|j|\u2606catsharknado\n|j|\u2606lichuvgc\n|t:|1729217300\n|gametype|doubles\n|player|p1|catsharknado|265|1695\n|player|p2|lichuvgc|dawn|1801\n|teamsize|p1|6\n|teamsize|p2|6\n|gen|9\n|tier|[Gen 9] VGC 2024 Reg H\n|rated|\n|rule|Species Clause: Limit one of each Pok\u00e9mon\n|rule|Item Clause: Limit 1 of each item\n|clearpoke\n|poke|p1|Annihilape, L50, F|\n|poke|p1|Pelipper, L50, F|\n|poke|p1|Sinistcha, L50|\n|poke|p1|Maushold-Four, L50|\n|poke|p1|Archaludon, L50, F|\n|poke|p1|Grimmsnarl, L50, M|\n|poke|p2|Gholdengo, L50|\n|poke|p2|Dragonite, L50, M|\n|poke|p2|Kingambit, L50, F|\n|poke|p2|Annihilape, L50, F|\n|poke|p2|Whimsicott, L50, F|\n|poke|p2|Volcarona, L50, F|\n|teampreview|4\n|inactive|Battle timer is ON: inactive players will automatically lose when time's up. (requested by catsharknado)\n|\n|t:|1729217325\n|start\n|switch|p1a: Archaludon|Archaludon, L50, F|100\/100\n|switch|p1b: Grimmsnarl|Grimmsnarl, L50, M|100\/100\n|switch|p2a: Gholdengo|Gholdengo, L50, shiny|100\/100\n|switch|p2b: Annihilape|Annihilape, L50, F, shiny|100\/100\n|turn|1\n|l|\u2606lichuvgc\n|inactive|lichuvgc disconnected and has a minute to reconnect!\n|player|p2|\n|\n|t:|1729217349\n|move|p1b: Grimmsnarl|Light Screen|p1b: Grimmsnarl\n|-sidestart|p1: catsharknado|move: Light Screen\n|move|p2a: Gholdengo|Make It Rain|p1a: Archaludon|[spread] p1a,p1b\n|-resisted|p1a: Archaludon\n|-supereffective|p1b: Grimmsnarl\n|-damage|p1a: Archaludon|88\/100\n|-damage|p1b: Grimmsnarl|35\/100\n|-unboost|p2a: Gholdengo|spa|1\n|-ability|p1a: Archaludon|Stamina|boost\n|-boost|p1a: Archaludon|def|1\n|move|p2b: Annihilape|Final Gambit|p1a: Archaludon\n|-damage|p1a: Archaludon|0 fnt\n|faint|p2b: Annihilape\n|faint|p1a: Archaludon\n|\n|upkeep\n|j|\u2606lichuvgc\n|inactive|lichuvgc reconnected and has 40 seconds left.\n|player|p2|lichuvgc|dawn|\n|inactive|lichuvgc has 30 seconds left.\n|l|\u2606lichuvgc\n|inactive|lichuvgc disconnected and has a minute to reconnect!\n|player|p2|\n|inactive|lichuvgc has 20 seconds left.\n|j|\u2606lichuvgc\n|inactive|lichuvgc reconnected and has 20 seconds left.\n|player|p2|lichuvgc|dawn|\n|inactive|lichuvgc has 15 seconds left.\n|\n|t:|1729217390\n|switch|p2b: Whimsicott|Whimsicott, L50, F, shiny|100\/100\n|switch|p1a: Pelipper|Pelipper, L50, F|100\/100\n|-weather|RainDance|[from] ability: Drizzle|[of] p1a: Pelipper\n|turn|2\n|l|\u2606lichuvgc\n|inactive|lichuvgc disconnected and has a minute to reconnect!\n|player|p2|\n|j|\u2606lichuvgc\n|inactive|lichuvgc reconnected.\n|player|p2|lichuvgc|dawn|\n|inactive|catsharknado has 30 seconds left.\n|\n|t:|1729217422\n|-terastallize|p1a: Pelipper|Stellar\n|move|p2a: Gholdengo|Make It Rain|p1b: Grimmsnarl|[spread] p1a,p1b\n|-resisted|p1a: Pelipper\n|-supereffective|p1b: Grimmsnarl\n|-damage|p1a: Pelipper|79\/100\n|-damage|p1b: Grimmsnarl|0 fnt\n|-unboost|p2a: Gholdengo|spa|1\n|faint|p1b: Grimmsnarl\n|move|p2b: Whimsicott|Moonblast|p1a: Pelipper\n|-damage|p1a: Pelipper|36\/100\n|move|p1a: Pelipper|Weather Ball|p2a: Gholdengo\n|-damage|p2a: Gholdengo|1\/100\n|\n|-weather|RainDance|[upkeep]\n|upkeep\n|\n|t:|1729217435\n|switch|p1b: Sinistcha|Sinistcha, L50|100\/100\n|-heal|p1a: Pelipper|61\/100|[from] ability: Hospitality|[of] p1b: Sinistcha\n|turn|3\n|\n|t:|1729217455\n|move|p2b: Whimsicott|Sunny Day|p2b: Whimsicott\n|-weather|SunnyDay\n|move|p2a: Gholdengo|Make It Rain|p1b: Sinistcha|[spread] p1a,p1b\n|-resisted|p1a: Pelipper\n|-damage|p1a: Pelipper|44\/100\n|-damage|p1b: Sinistcha|83\/100\n|-unboost|p2a: Gholdengo|spa|1\n|move|p1a: Pelipper|Hurricane|p2b: Whimsicott|[miss]\n|-miss|p1a: Pelipper|p2b: Whimsicott\n|move|p1b: Sinistcha|Trick Room|p1b: Sinistcha\n|-fieldstart|move: Trick Room|[of] p1b: Sinistcha\n|\n|-weather|SunnyDay|[upkeep]\n|upkeep\n|turn|4\n|\n|t:|1729217479\n|switch|p2a: Volcarona|Volcarona, L50, F, shiny|100\/100\n|move|p1b: Sinistcha|Life Dew|p1b: Sinistcha|[spread] p1a,p1b\n|-heal|p1a: Pelipper|69\/100\n|-heal|p1b: Sinistcha|100\/100\n|move|p1a: Pelipper|Weather Ball|p2b: Whimsicott\n|-supereffective|p2b: Whimsicott\n|-enditem|p2b: Whimsicott|Focus Sash\n|-damage|p2b: Whimsicott|1\/100\n|move|p2b: Whimsicott|Moonblast|p1a: Pelipper\n|-damage|p1a: Pelipper|27\/100\n|\n|-weather|SunnyDay|[upkeep]\n|upkeep\n|turn|5\n|\n|t:|1729217497\n|move|p1b: Sinistcha|Matcha Gotcha|p2b: Whimsicott|[spread] p2b\n|-miss|p1b: Sinistcha|p2a: Volcarona\n|-resisted|p2b: Whimsicott\n|-damage|p2b: Whimsicott|0 fnt\n|faint|p2b: Whimsicott\n|move|p1a: Pelipper|Hurricane|p2a: Volcarona\n|-supereffective|p2a: Volcarona\n|-damage|p2a: Volcarona|0 fnt\n|faint|p2a: Volcarona\n|\n|-weather|SunnyDay|[upkeep]\n|upkeep\n|-message|lichuvgc forfeited.\n|\n|win|catsharknado\n|raw|catsharknado's rating: 1695 &rarr; <strong>1721<\/strong><br \/>(+26 for winning)\n|raw|lichuvgc's rating: 1801 &rarr; <strong>1775<\/strong><br \/>(-26 for losing)\n|l|\u2606lichuvgc\n|player|p2|\n","uploadtime":1729217684,"views":49,"formatid":"gen9vgc2024regh","rating":1721,"private":0,"password":null}