{"id":"gen9vgc2024regh-2225536873","format":"[Gen 9] VGC 2024 Reg H","players":["caixueying","magnusmagnum"],"log":"|j|\u203dcaixueying\n|j|\u2606magnusmagnum\n|t:|1729242030\n|gametype|doubles\n|player|p1|caixueying|beauty-gen4dp|1778\n|player|p2|magnusmagnum|2|1805\n|teamsize|p1|6\n|teamsize|p2|6\n|gen|9\n|tier|[Gen 9] VGC 2024 Reg H\n|rated|\n|rule|Species Clause: Limit one of each Pok\u00e9mon\n|rule|Item Clause: Limit 1 of each item\n|clearpoke\n|poke|p1|Lilligant-Hisui, L50, F|\n|poke|p1|Maushold-Four, L50|\n|poke|p1|Hatterene, L50, F|\n|poke|p1|Indeedee-F, L50, F|\n|poke|p1|Gallade, L50, M|\n|poke|p1|Torkoal, L50, F|\n|poke|p2|Sneasler, L50, M|\n|poke|p2|Mimikyu, L50, M|\n|poke|p2|Ursaluna-Bloodmoon, L50, M|\n|poke|p2|Garchomp, L50, M|\n|poke|p2|Rillaboom, L50, M|\n|poke|p2|Gholdengo, L50|\n|teampreview|4\n|inactive|Battle timer is ON: inactive players will automatically lose when time's up. (requested by caixueying)\n|inactive|caixueying has 60 seconds left.\n|inactive|magnusmagnum has 60 seconds left.\n|\n|t:|1729242085\n|start\n|switch|p1a: Maushold|Maushold-Four, L50|100\/100\n|switch|p1b: Hatterene|Hatterene, L50, F|100\/100\n|switch|p2a: PushUrTenper|Sneasler, L50, M, shiny|100\/100\n|switch|p2b: Walksocket|Gholdengo, L50, shiny|100\/100\n|turn|1\n|j| mr pogostick\n|\n|t:|1729242109\n|-terastallize|p1b: Hatterene|Steel\n|move|p2a: PushUrTenper|Close Combat|p1a: Maushold\n|-supereffective|p1a: Maushold\n|-damage|p1a: Maushold|0 fnt\n|-unboost|p2a: PushUrTenper|def|1\n|-unboost|p2a: PushUrTenper|spd|1\n|faint|p1a: Maushold\n|move|p2b: Walksocket|Make It Rain|p1b: Hatterene\n|-resisted|p1b: Hatterene\n|-damage|p1b: Hatterene|68\/100\n|-unboost|p2b: Walksocket|spa|1\n|move|p1b: Hatterene|Trick Room|p1b: Hatterene\n|-fieldstart|move: Trick Room|[of] p1b: Hatterene\n|\n|upkeep\n|\n|t:|1729242122\n|switch|p1a: Torkoal|Torkoal, L50, F|100\/100\n|-weather|SunnyDay|[from] ability: Drought|[of] p1a: Torkoal\n|turn|2\n|\n|t:|1729242142\n|move|p2b: Walksocket|Protect|p2b: Walksocket\n|-singleturn|p2b: Walksocket|Protect\n|move|p2a: PushUrTenper|Protect|p2a: PushUrTenper\n|-singleturn|p2a: PushUrTenper|Protect\n|move|p1a: Torkoal|Eruption|p2b: Walksocket|[spread] \n|-activate|p2a: PushUrTenper|move: Protect\n|-activate|p2b: Walksocket|move: Protect\n|move|p1b: Hatterene|Dazzling Gleam|p2a: PushUrTenper|[spread] \n|-activate|p2a: PushUrTenper|move: Protect\n|-activate|p2b: Walksocket|move: Protect\n|\n|-weather|SunnyDay|[upkeep]\n|upkeep\n|turn|3\n|j| Rabbithorn01\n|inactive|magnusmagnum has 30 seconds left.\n|\n|t:|1729242167\n|-terastallize|p2b: Walksocket|Water\n|move|p1a: Torkoal|Eruption|p2a: PushUrTenper|[spread] p2a,p2b\n|-resisted|p2b: Walksocket\n|-enditem|p2a: PushUrTenper|Focus Sash\n|-damage|p2a: PushUrTenper|1\/100\n|-damage|p2b: Walksocket|57\/100\n|move|p1b: Hatterene|Dazzling Gleam|p2b: Walksocket|[spread] p2a,p2b\n|-damage|p2a: PushUrTenper|0 fnt\n|-damage|p2b: Walksocket|6\/100\n|-enditem|p2b: Walksocket|Sitrus Berry|[eat]\n|-heal|p2b: Walksocket|31\/100|[from] item: Sitrus Berry\n|faint|p2a: PushUrTenper\n|-damage|p1b: Hatterene|58\/100|[from] item: Life Orb\n|move|p2b: Walksocket|Shadow Ball|p1a: Torkoal\n|-damage|p1a: Torkoal|63\/100\n|\n|-weather|SunnyDay|[upkeep]\n|upkeep\n|\n|t:|1729242180\n|switch|p2a: MoneyMachine|Ursaluna-Bloodmoon, L50, M|100\/100\n|turn|4\n|inactive|magnusmagnum has 30 seconds left.\n|inactive|magnusmagnum has 20 seconds left.\n|inactive|magnusmagnum has 15 seconds left.\n|\n|t:|1729242220\n|move|p2b: Walksocket|Protect|p2b: Walksocket\n|-singleturn|p2b: Walksocket|Protect\n|move|p1a: Torkoal|Eruption|p2a: MoneyMachine|[spread] p2a\n|-activate|p2b: Walksocket|move: Protect\n|-damage|p2a: MoneyMachine|63\/100\n|move|p1b: Hatterene|Dazzling Gleam|p2a: MoneyMachine|[spread] p2a\n|-activate|p2b: Walksocket|move: Protect\n|-damage|p2a: MoneyMachine|32\/100\n|-damage|p1b: Hatterene|49\/100|[from] item: Life Orb\n|move|p2a: MoneyMachine|Blood Moon|p1a: Torkoal\n|-damage|p1a: Torkoal|0 fnt\n|faint|p1a: Torkoal\n|\n|-weather|SunnyDay|[upkeep]\n|upkeep\n|\n|t:|1729242236\n|switch|p1a: Indeedee|Indeedee-F, L50, F|100\/100\n|-fieldstart|move: Psychic Terrain|[from] ability: Psychic Surge|[of] p1a: Indeedee\n|turn|5\n|\n|t:|1729242246\n|switch|p2b: Veridical|Rillaboom, L50, M, shiny|100\/100\n|-fieldstart|move: Grassy Terrain|[from] ability: Grassy Surge|[of] p2b: Veridical\n|move|p1a: Indeedee|Helping Hand|p1b: Hatterene\n|-singleturn|p1b: Hatterene|Helping Hand|[of] p1a: Indeedee\n|move|p2a: MoneyMachine|Vacuum Wave|p1b: Hatterene\n|-supereffective|p1b: Hatterene\n|-damage|p1b: Hatterene|13\/100\n|move|p1b: Hatterene|Dazzling Gleam|p2a: MoneyMachine|[spread] p2a,p2b\n|-damage|p2a: MoneyMachine|0 fnt\n|-damage|p2b: Veridical|30\/100\n|faint|p2a: MoneyMachine\n|-damage|p1b: Hatterene|4\/100|[from] item: Life Orb\n|\n|-weather|SunnyDay|[upkeep]\n|-heal|p1b: Hatterene|10\/100|[from] Grassy Terrain\n|-heal|p2b: Veridical|36\/100|[from] Grassy Terrain\n|-fieldend|move: Trick Room\n|upkeep\n|\n|t:|1729242257\n|switch|p2a: Walksocket|Gholdengo, L50, shiny, tera:Water|31\/100\n|turn|6\n|\n|t:|1729242275\n|move|p2a: Walksocket|Make It Rain|p1a: Indeedee|[spread] p1a,p1b\n|-resisted|p1b: Hatterene\n|-damage|p1a: Indeedee|56\/100\n|-damage|p1b: Hatterene|0 fnt\n|-unboost|p2a: Walksocket|spa|1\n|faint|p1b: Hatterene\n|move|p2b: Veridical|Wood Hammer|p1a: Indeedee\n|-damage|p1a: Indeedee|0 fnt\n|faint|p1a: Indeedee\n|-damage|p2b: Veridical|19\/100|[from] Recoil\n|\n|win|magnusmagnum\n|raw|caixueying's rating: 1778 &rarr; <strong>1760<\/strong><br \/>(-18 for losing)\n|raw|magnusmagnum's rating: 1805 &rarr; <strong>1823<\/strong><br \/>(+18 for winning)\n|l|\u2606magnusmagnum\n|player|p2|\n|l|\u203dcaixueying\n|player|p1|\n|l| mr pogostick\n","uploadtime":1729242443,"views":20,"formatid":"gen9vgc2024regh","rating":1760,"private":0,"password":null}