{"id":"gen9vgc2024regh-2225621950","format":"[Gen 9] VGC 2024 Reg H","players":["ChikoRanium","actuary97"],"log":"|j|\u2606ChikoRanium\n|j|\u2606actuary97\n|t:|1729254063\n|gametype|doubles\n|player|p1|ChikoRanium|volo-ginkgo|1644\n|player|p2|actuary97|sabrina-frlg|1740\n|teamsize|p1|6\n|teamsize|p2|6\n|gen|9\n|tier|[Gen 9] VGC 2024 Reg H\n|rated|\n|rule|Species Clause: Limit one of each Pok\u00e9mon\n|rule|Item Clause: Limit 1 of each item\n|clearpoke\n|poke|p1|Grimmsnarl, L50, M|\n|poke|p1|Skeledirge, L50, M|\n|poke|p1|Tyranitar, L50, F|\n|poke|p1|Corviknight, L50, M|\n|poke|p1|Rillaboom, L50, F|\n|poke|p1|Archaludon, L50, F|\n|poke|p2|Whimsicott, L50, F|\n|poke|p2|Gallade, L50, M|\n|poke|p2|Ninetales-Alola, L50, F|\n|poke|p2|Malamar, L50, F|\n|poke|p2|Indeedee, L50, M|\n|poke|p2|Archaludon, L50, F|\n|teampreview|4\n|inactive|Battle timer is ON: inactive players will automatically lose when time's up. (requested by ChikoRanium)\nactuary97 has agreed to open team sheets.\nChikoRanium rejected open team sheets.\n|inactive|ChikoRanium has 60 seconds left.\n|inactive|actuary97 has 60 seconds left.\n|\n|t:|1729254115\n|start\n|switch|p1a: Grimmsnarl|Grimmsnarl, L50, M|100\/100\n|switch|p1b: Skeledirge|Skeledirge, L50, M|100\/100\n|switch|p2a: Mischief Mother|Whimsicott, L50, F, shiny|100\/100\n|switch|p2b: Bridget|Archaludon, L50, F, shiny|100\/100\n|turn|1\n|\n|t:|1729254135\n|switch|p2a: Tapu Deedee|Indeedee, L50, M, shiny|100\/100\n|-fieldstart|move: Psychic Terrain|[from] ability: Psychic Surge|[of] p2a: Tapu Deedee\n|switch|p1a: Archaludon|Archaludon, L50, F|100\/100\n|move|p2b: Bridget|Snarl|p1b: Skeledirge|[spread] p1a,p1b\n|-supereffective|p1b: Skeledirge\n|-damage|p1a: Archaludon|90\/100\n|-damage|p1b: Skeledirge|77\/100\n|-unboost|p1a: Archaludon|spa|1\n|-unboost|p1b: Skeledirge|spa|1\n|-ability|p1a: Archaludon|Stamina|boost\n|-boost|p1a: Archaludon|def|1\n|move|p1b: Skeledirge|Torch Song|p2a: Tapu Deedee\n|-damage|p2a: Tapu Deedee|70\/100\n|-boost|p1b: Skeledirge|spa|1\n|\n|-heal|p1b: Skeledirge|84\/100|[from] item: Leftovers\n|upkeep\n|turn|2\n|inactive|ChikoRanium has 30 seconds left.\n|inactive|actuary97 has 30 seconds left.\n|inactive|ChikoRanium has 20 seconds left.\n|\n|t:|1729254175\n|switch|p2b: Mischief Mother|Whimsicott, L50, F, shiny|100\/100\n|move|p1b: Skeledirge|Protect|p1b: Skeledirge\n|-singleturn|p1b: Skeledirge|Protect\n|move|p2a: Tapu Deedee|Expanding Force|p1b: Skeledirge|[spread] p1a\n|-activate|p1b: Skeledirge|move: Protect\n|-resisted|p1a: Archaludon\n|-damage|p1a: Archaludon|58\/100\n|-ability|p1a: Archaludon|Stamina|boost\n|-boost|p1a: Archaludon|def|1\n|move|p1a: Archaludon|Body Press|p2a: Tapu Deedee\n|-damage|p2a: Tapu Deedee|0 fnt\n|faint|p2a: Tapu Deedee\n|\n|-heal|p1b: Skeledirge|90\/100|[from] item: Leftovers\n|upkeep\n|\n|t:|1729254196\n|switch|p2a: Malamother|Malamar, L50, F, shiny|100\/100\n|turn|3\n|\n|t:|1729254217\n|switch|p2b: Bridget|Archaludon, L50, F, shiny|100\/100\n|switch|p1b: Grimmsnarl|Grimmsnarl, L50, M|100\/100\n|-terastallize|p2a: Malamother|Fire\n|move|p1a: Archaludon|Body Press|p2a: Malamother\n|-damage|p2a: Malamother|54\/100\n|move|p2a: Malamother|Knock Off|p1b: Grimmsnarl\n|-resisted|p1b: Grimmsnarl\n|-damage|p1b: Grimmsnarl|92\/100\n|-enditem|p1b: Grimmsnarl|Light Clay|[from] move: Knock Off|[of] p2a: Malamother\n|\n|upkeep\n|turn|4\n|\n|t:|1729254236\n|move|p1b: Grimmsnarl|Light Screen|p1b: Grimmsnarl\n|-sidestart|p1: ChikoRanium|move: Light Screen\n|move|p2b: Bridget|Flash Cannon|p1b: Grimmsnarl\n|-supereffective|p1b: Grimmsnarl\n|-damage|p1b: Grimmsnarl|46\/100\n|move|p1a: Archaludon|Body Press|p2b: Bridget\n|-supereffective|p2b: Bridget\n|-damage|p2b: Bridget|35\/100\n|-ability|p2b: Bridget|Stamina|boost\n|-boost|p2b: Bridget|def|1\n|move|p2a: Malamother|Topsy-Turvy|p1a: Archaludon\n|-invertboost|p1a: Archaludon|[from] move: Topsy-Turvy\n|\n|upkeep\n|turn|5\n|inactive|ChikoRanium has 30 seconds left.\n|inactive|actuary97 has 30 seconds left.\n|inactive|ChikoRanium has 20 seconds left.\n|\n|t:|1729254274\n|move|p1b: Grimmsnarl|Reflect|p1b: Grimmsnarl\n|-sidestart|p1: ChikoRanium|Reflect\n|move|p2b: Bridget|Body Press|p1a: Archaludon\n|-supereffective|p1a: Archaludon\n|-damage|p1a: Archaludon|0 fnt\n|faint|p1a: Archaludon\n|move|p2a: Malamother|Superpower|p1b: Grimmsnarl\n|-damage|p1b: Grimmsnarl|26\/100\n|-boost|p2a: Malamother|atk|1\n|-boost|p2a: Malamother|def|1\n|\n|-fieldend|move: Psychic Terrain\n|upkeep\n|\n|t:|1729254283\n|switch|p1a: Skeledirge|Skeledirge, L50, M|90\/100\n|turn|6\n|\n|t:|1729254293\n|-terastallize|p1a: Skeledirge|Fairy\n|move|p1b: Grimmsnarl|Thunder Wave|p2b: Bridget\n|-status|p2b: Bridget|par\n|move|p2a: Malamother|Superpower|p1b: Grimmsnarl\n|-damage|p1b: Grimmsnarl|0 fnt\n|-boost|p2a: Malamother|atk|1\n|-boost|p2a: Malamother|def|1\n|faint|p1b: Grimmsnarl\n|move|p1a: Skeledirge|Torch Song|p2b: Bridget\n|-damage|p2b: Bridget|10\/100 par\n|-boost|p1a: Skeledirge|spa|1\n|-ability|p2b: Bridget|Stamina|boost\n|-boost|p2b: Bridget|def|1\n|cant|p2b: Bridget|par\n|\n|-heal|p1a: Skeledirge|96\/100|[from] item: Leftovers\n|upkeep\n|\n|t:|1729254301\n|switch|p1b: Rillaboom|Rillaboom, L50, F|100\/100\n|-fieldstart|move: Grassy Terrain|[from] ability: Grassy Surge|[of] p1b: Rillaboom\n|turn|7\n|\n|t:|1729254315\n|move|p1b: Rillaboom|Fake Out|p2a: Malamother\n|-damage|p2a: Malamother|47\/100\n|-enditem|p2a: Malamother|Sitrus Berry|[eat]\n|-heal|p2a: Malamother|71\/100|[from] item: Sitrus Berry\n|cant|p2a: Malamother|flinch\n|move|p1a: Skeledirge|Torch Song|p2b: Bridget\n|-damage|p2b: Bridget|0 fnt\n|-boost|p1a: Skeledirge|spa|1\n|faint|p2b: Bridget\n|\n|-heal|p2a: Malamother|78\/100|[from] Grassy Terrain\n|-heal|p1a: Skeledirge|100\/100|[from] Grassy Terrain\n|upkeep\n|\n|t:|1729254317\n|switch|p2b: Mischief Mother|Whimsicott, L50, F, shiny|100\/100\n|turn|8\n|\n|t:|1729254339\n|move|p2b: Mischief Mother|Encore|p1b: Rillaboom\n|-start|p1b: Rillaboom|Encore\n|move|p1b: Rillaboom|Fake Out||[still]\n|-hint|Fake Out only works on your first turn out.\n|-fail|p1b: Rillaboom\n|move|p2a: Malamother|Topsy-Turvy|p1a: Skeledirge\n|-invertboost|p1a: Skeledirge|[from] move: Topsy-Turvy\n|move|p1a: Skeledirge|Torch Song|p2b: Mischief Mother\n|-supereffective|p2b: Mischief Mother\n|-damage|p2b: Mischief Mother|43\/100\n|-boost|p1a: Skeledirge|spa|1\n|\n|-heal|p2b: Mischief Mother|49\/100|[from] Grassy Terrain\n|-heal|p2a: Malamother|84\/100|[from] Grassy Terrain\n|-sideend|p1: ChikoRanium|move: Light Screen\n|upkeep\n|turn|9\n|\n|t:|1729254362\n|move|p1b: Rillaboom|Fake Out||[still]\n|-hint|Fake Out only works on your first turn out.\n|-fail|p1b: Rillaboom\n|move|p2b: Mischief Mother|Moonblast|p1b: Rillaboom\n|-crit|p1b: Rillaboom\n|-damage|p1b: Rillaboom|30\/100\n|-unboost|p1b: Rillaboom|spa|1\n|move|p2a: Malamother|Superpower|p1b: Rillaboom\n|-damage|p1b: Rillaboom|0 fnt\n|-boost|p2a: Malamother|atk|1\n|-boost|p2a: Malamother|def|1\n|faint|p1b: Rillaboom\n|move|p1a: Skeledirge|Torch Song|p2b: Mischief Mother\n|-supereffective|p2b: Mischief Mother\n|-damage|p2b: Mischief Mother|0 fnt\n|-boost|p1a: Skeledirge|spa|1\n|faint|p2b: Mischief Mother\n|\n|-heal|p2a: Malamother|90\/100|[from] Grassy Terrain\n|-sideend|p1: ChikoRanium|Reflect\n|upkeep\n|turn|10\n|\n|t:|1729254374\n|move|p2a: Malamother|Knock Off|p1a: Skeledirge\n|-resisted|p1a: Skeledirge\n|-crit|p1a: Skeledirge\n|-damage|p1a: Skeledirge|80\/100\n|-enditem|p1a: Skeledirge|Leftovers|[from] move: Knock Off|[of] p2a: Malamother\n|move|p1a: Skeledirge|Earth Power|p2a: Malamother\n|-supereffective|p2a: Malamother\n|-damage|p2a: Malamother|36\/100\n|\n|-heal|p2a: Malamother|42\/100|[from] Grassy Terrain\n|-heal|p1a: Skeledirge|87\/100|[from] Grassy Terrain\n|upkeep\n|turn|11\n|\n|t:|1729254382\n|move|p2a: Malamother|Superpower|p1a: Skeledirge\n|-resisted|p1a: Skeledirge\n|-damage|p1a: Skeledirge|75\/100\n|-boost|p2a: Malamother|atk|1\n|-boost|p2a: Malamother|def|1\n|move|p1a: Skeledirge|Earth Power|p2a: Malamother\n|-supereffective|p2a: Malamother\n|-damage|p2a: Malamother|0 fnt\n|faint|p2a: Malamother\n|\n|win|ChikoRanium\n|raw|ChikoRanium's rating: 1644 &rarr; <strong>1669<\/strong><br \/>(+25 for winning)\n|raw|actuary97's rating: 1740 &rarr; <strong>1715<\/strong><br \/>(-25 for losing)\n|c|\u2606actuary97|gg\n|c|\u2606ChikoRanium|gg\n|l|\u2606actuary97\n|player|p2|\n|l|\u2606ChikoRanium\n|player|p1|\n","uploadtime":1729254633,"views":20,"formatid":"gen9vgc2024regh","rating":1669,"private":0,"password":null}