{"id":"gen9vgc2024regh-2225244069","format":"[Gen 9] VGC 2024 Reg H","players":["Moon7777","soranomidori"],"log":"|j|\u2606Moon7777\n|j|\u2606soranomidori\n|t:|1729201333\n|gametype|doubles\n|player|p1|Moon7777|101|1722\n|player|p2|soranomidori|acetrainer|1684\n|teamsize|p1|6\n|teamsize|p2|6\n|gen|9\n|tier|[Gen 9] VGC 2024 Reg H\n|rated|\n|rule|Species Clause: Limit one of each Pok\u00e9mon\n|rule|Item Clause: Limit 1 of each item\n|clearpoke\n|poke|p1|Sneasler, L50, F|\n|poke|p1|Mimikyu, L50, F|\n|poke|p1|Ursaluna-Bloodmoon, L50, M|\n|poke|p1|Garchomp, L50, F|\n|poke|p1|Rillaboom, L50, M|\n|poke|p1|Gholdengo, L50|\n|poke|p2|Vivillon-Fancy, L50, M|\n|poke|p2|Weezing-Galar, L50, M|\n|poke|p2|Typhlosion-Hisui, L50, M|\n|poke|p2|Garchomp, L50, F|\n|poke|p2|Corviknight, L50, M|\n|poke|p2|Annihilape, L50, F|\n|teampreview|4\n|inactive|Battle timer is ON: inactive players will automatically lose when time's up. (requested by Moon7777)\n|\n|t:|1729201392\n|start\n|switch|p1a: Ze|Mimikyu, L50, F, shiny|100\/100\n|switch|p1b: MoneyMachine|Ursaluna-Bloodmoon, L50, M|100\/100\n|switch|p2a: Weezing|Weezing-Galar, L50, M|100\/100\n|switch|p2b: Typhlosion|Typhlosion-Hisui, L50, M|100\/100\n|-ability|p2a: Weezing|Neutralizing Gas\n|turn|1\n|\n|t:|1729201413\n|-terastallize|p2b: Typhlosion|Fire\n|move|p2b: Typhlosion|Eruption|p1b: MoneyMachine|[spread] p1a,p1b\n|-activate|p1a: Ze|ability: Disguise\n|-damage|p1a: Ze|100\/100\n|-damage|p1b: MoneyMachine|44\/100\n|detailschange|p1a: Ze|Mimikyu-Busted, L50, F, shiny\n|-damage|p1a: Ze|88\/100|[from] pokemon: Mimikyu-Busted\n|move|p2a: Weezing|Dazzling Gleam|p1b: MoneyMachine|[spread] p1a,p1b\n|-damage|p1a: Ze|67\/100\n|-damage|p1b: MoneyMachine|32\/100\n|move|p1b: MoneyMachine|Earth Power|p2b: Typhlosion\n|-supereffective|p2b: Typhlosion\n|-damage|p2b: Typhlosion|0 fnt\n|faint|p2b: Typhlosion\n|move|p1a: Ze|Trick Room|p1a: Ze\n|-fieldstart|move: Trick Room|[of] p1a: Ze\n|\n|upkeep\n|\n|t:|1729201430\n|switch|p2b: Garchomp|Garchomp, L50, F|100\/100\n|turn|2\n|\n|t:|1729201451\n|move|p2a: Weezing|Protect|p2a: Weezing\n|-singleturn|p2a: Weezing|Protect\n|move|p2b: Garchomp|Protect|p2b: Garchomp\n|-singleturn|p2b: Garchomp|Protect\n|move|p1b: MoneyMachine|Earth Power|p2a: Weezing\n|-activate|p2a: Weezing|move: Protect\n|move|p1a: Ze|Play Rough|p2b: Garchomp\n|-activate|p2b: Garchomp|move: Protect\n|\n|upkeep\n|turn|3\n|\n|t:|1729201467\n|-end|p2a: Weezing|ability: Neutralizing Gas\n|switch|p2a: Corviknight|Corviknight, L50, M|100\/100\n|move|p1b: MoneyMachine|Earth Power|p2b: Garchomp\n|-damage|p2b: Garchomp|39\/100\n|move|p1a: Ze|Play Rough|p2b: Garchomp\n|-supereffective|p2b: Garchomp\n|-damage|p2b: Garchomp|0 fnt\n|-damage|p1a: Ze|55\/100|[from] ability: Rough Skin|[of] p2b: Garchomp\n|faint|p2b: Garchomp\n|-damage|p1a: Ze|45\/100|[from] item: Life Orb\n|\n|upkeep\n|\n|t:|1729201475\n|switch|p2b: Weezing|Weezing-Galar, L50, M|100\/100\n|-ability|p2b: Weezing|Neutralizing Gas\n|turn|4\n|inactive|Moon7777 has 30 seconds left.\n|\n|t:|1729201504\n|move|p2b: Weezing|Protect|p2b: Weezing\n|-singleturn|p2b: Weezing|Protect\n|move|p1b: MoneyMachine|Earth Power|p2b: Weezing\n|-activate|p2b: Weezing|move: Protect\n|move|p2a: Corviknight|Brave Bird|p1b: MoneyMachine\n|-damage|p1b: MoneyMachine|0 fnt\n|faint|p1b: MoneyMachine\n|-damage|p2a: Corviknight|90\/100|[from] Recoil\n|move|p1a: Ze|Shadow Claw|p2a: Corviknight\n|-damage|p2a: Corviknight|60\/100\n|-damage|p1a: Ze|35\/100|[from] item: Life Orb\n|\n|upkeep\n|\n|t:|1729201521\n|switch|p1b: Walksocket|Gholdengo, L50, shiny|100\/100\n|turn|5\n|inactive|soranomidori has 30 seconds left.\n|inactive|soranomidori has 20 seconds left.\n|\n|t:|1729201558\n|move|p1b: Walksocket|Protect|p1b: Walksocket\n|-singleturn|p1b: Walksocket|Protect\n|move|p1a: Ze|Shadow Sneak|p2a: Corviknight\n|-damage|p2a: Corviknight|43\/100\n|-enditem|p2a: Corviknight|Sitrus Berry|[eat]\n|-heal|p2a: Corviknight|68\/100|[from] item: Sitrus Berry\n|-damage|p1a: Ze|25\/100|[from] item: Life Orb\n|move|p2b: Weezing|Sludge Bomb|p1a: Ze\n|-damage|p1a: Ze|0 fnt\n|faint|p1a: Ze\n|move|p2a: Corviknight|Roost|p2a: Corviknight\n|-heal|p2a: Corviknight|100\/100\n|-singleturn|p2a: Corviknight|move: Roost\n|\n|-fieldend|move: Trick Room\n|upkeep\n|\n|t:|1729201575\n|switch|p1a: Denji|Garchomp, L50, F, shiny|100\/100\n|turn|6\n|\n|t:|1729201593\n|move|p2b: Weezing|Protect|p2b: Weezing\n|-singleturn|p2b: Weezing|Protect\n|move|p1a: Denji|Stomping Tantrum|p2b: Weezing\n|-activate|p2b: Weezing|move: Protect\n|move|p1b: Walksocket|Nasty Plot|p1b: Walksocket\n|-boost|p1b: Walksocket|spa|2\n|move|p2a: Corviknight|Tailwind|p2a: Corviknight\n|-sidestart|p2: soranomidori|move: Tailwind\n|\n|upkeep\n|turn|7\n|\n|t:|1729201618\n|-terastallize|p1a: Denji|Fairy\n|move|p1a: Denji|Stomping Tantrum|p2b: Weezing\n|-supereffective|p2b: Weezing\n|-damage|p2b: Weezing|30\/100\n|move|p2a: Corviknight|Brave Bird|p1b: Walksocket\n|-resisted|p1b: Walksocket\n|-damage|p1b: Walksocket|76\/100\n|-damage|p2a: Corviknight|94\/100|[from] Recoil\n|move|p2b: Weezing|Haze|p2b: Weezing\n|-clearallboost\n|move|p1b: Walksocket|Make It Rain|p2a: Corviknight|[spread] p2a,p2b\n|-resisted|p2a: Corviknight\n|-supereffective|p2b: Weezing\n|-damage|p2a: Corviknight|72\/100\n|-damage|p2b: Weezing|0 fnt\n|-unboost|p1b: Walksocket|spa|1\n|faint|p2b: Weezing\n|-end|p2b: Weezing|ability: Neutralizing Gas\n|\n|upkeep\n|turn|8\n|inactive|Moon7777 has 30 seconds left.\n|\n|t:|1729201647\n|move|p1a: Denji|Stomping Tantrum|p2a: Corviknight\n|-immune|p2a: Corviknight\n|move|p2a: Corviknight|Brave Bird|p1b: Walksocket\n|-resisted|p1b: Walksocket\n|-damage|p1b: Walksocket|52\/100\n|-damage|p2a: Corviknight|65\/100|[from] Recoil\n|move|p1b: Walksocket|Nasty Plot|p1b: Walksocket\n|-boost|p1b: Walksocket|spa|2\n|\n|upkeep\n|turn|9\n|\n|t:|1729201665\n|move|p1a: Denji|Stomping Tantrum|p2a: Corviknight\n|-immune|p2a: Corviknight\n|move|p2a: Corviknight|Roost|p2a: Corviknight\n|-heal|p2a: Corviknight|100\/100\n|-singleturn|p2a: Corviknight|move: Roost\n|move|p1b: Walksocket|Nasty Plot|p1b: Walksocket\n|-boost|p1b: Walksocket|spa|2\n|\n|-sideend|p2: soranomidori|move: Tailwind\n|upkeep\n|turn|10\n|\n|t:|1729201675\n|move|p1a: Denji|Stomping Tantrum|p2a: Corviknight\n|-immune|p2a: Corviknight\n|move|p1b: Walksocket|Shadow Ball|p2a: Corviknight\n|-damage|p2a: Corviknight|9\/100\n|move|p2a: Corviknight|Brave Bird|p1b: Walksocket\n|-resisted|p1b: Walksocket\n|-damage|p1b: Walksocket|25\/100\n|-enditem|p1b: Walksocket|Sitrus Berry|[eat]\n|-heal|p1b: Walksocket|50\/100|[from] item: Sitrus Berry\n|-damage|p2a: Corviknight|1\/100|[from] Recoil\n|\n|upkeep\n|turn|11\n|-message|soranomidori forfeited.\n|\n|win|Moon7777\n|raw|Moon7777's rating: 1722 &rarr; <strong>1740<\/strong><br \/>(+18 for winning)\n|raw|soranomidori's rating: 1684 &rarr; <strong>1666<\/strong><br \/>(-18 for losing)\n|l|\u2606soranomidori\n|player|p2|\n|l|\u2606Moon7777\n|player|p1|\n","uploadtime":1729201876,"views":25,"formatid":"gen9vgc2024regh","rating":1666,"private":0,"password":null}