{"id":"gen9vgc2024regh-2225652863","format":"[Gen 9] VGC 2024 Reg H","players":["lol lol lol blue","Gen5 is epic"],"log":"|j|\u2606lol lol lol blue\n|j|\u2606Gen5 is epic\n|t:|1729257445\n|gametype|doubles\n|player|p1|lol lol lol blue|gentleman-gen4|1690\n|player|p2|Gen5 is epic|n|1707\n|teamsize|p1|6\n|teamsize|p2|6\n|gen|9\n|tier|[Gen 9] VGC 2024 Reg H\n|rated|\n|rule|Species Clause: Limit one of each Pok\u00e9mon\n|rule|Item Clause: Limit 1 of each item\n|clearpoke\n|poke|p1|Annihilape, L50, M|\n|poke|p1|Blaziken, L50, M|\n|poke|p1|Incineroar, L50, M|\n|poke|p1|Kilowattrel, L50, M|\n|poke|p1|Whimsicott, L50, F|\n|poke|p1|Sylveon, L50, M|\n|poke|p2|Incineroar, L50, M|\n|poke|p2|Rillaboom, L50, F|\n|poke|p2|Farigiraf, L50, F|\n|poke|p2|Ursaluna-Bloodmoon, L50, M|\n|poke|p2|Annihilape, L50, F|\n|poke|p2|Ninetales-Alola, L50, F|\n|teampreview|4\nlol lol lol blue rejected open team sheets.\n|inactive|Battle timer is ON: inactive players will automatically lose when time's up. (requested by Gen5 is epic)\n|\n|t:|1729257510\n|start\n|switch|p1a: fast boi|Blaziken, L50, M|100\/100\n|switch|p1b: Sylveon|Sylveon, L50, M|100\/100\n|switch|p2a: Farigiraf|Farigiraf, L50, F|100\/100\n|switch|p2b: Annihilape|Annihilape, L50, F|100\/100\n|turn|1\n|inactive|lol lol lol blue has 30 seconds left.\n|inactive|lol lol lol blue has 20 seconds left.\n|\n|t:|1729257545\n|move|p1b: Sylveon|Protect|p1b: Sylveon\n|-singleturn|p1b: Sylveon|Protect\n|move|p2b: Annihilape|U-turn|p1a: fast boi\n|-resisted|p1a: fast boi\n|-crit|p1a: fast boi\n|-damage|p1a: fast boi|88\/100\n|\n|t:|1729257567\n|switch|p2b: Incineroar|Incineroar, L50, M, shiny|100\/100|[from] U-turn\n|-ability|p2b: Incineroar|Intimidate|boost\n|-unboost|p1a: fast boi|atk|1\n|-unboost|p1b: Sylveon|atk|1\n|move|p1a: fast boi|Knock Off|p2a: Farigiraf\n|-supereffective|p2a: Farigiraf\n|-damage|p2a: Farigiraf|48\/100\n|-enditem|p2a: Farigiraf|Throat Spray|[from] move: Knock Off|[of] p1a: fast boi\n|-damage|p1a: fast boi|79\/100|[from] item: Life Orb\n|move|p2a: Farigiraf|Hyper Voice|p1b: Sylveon|[spread] p1a\n|-activate|p1b: Sylveon|move: Protect\n|-damage|p1a: fast boi|29\/100\n|\n|-ability|p1a: fast boi|Speed Boost|boost\n|-boost|p1a: fast boi|spe|1\n|upkeep\n|turn|2\n|\n|t:|1729257582\n|switch|p1a: Incineroar|Incineroar, L50, M|100\/100\n|-ability|p1a: Incineroar|Intimidate|boost\n|-unboost|p2a: Farigiraf|atk|1\n|-unboost|p2b: Incineroar|atk|1\n|move|p2b: Incineroar|Fake Out|p1b: Sylveon\n|-damage|p1b: Sylveon|92\/100\n|cant|p1b: Sylveon|flinch\n|move|p2a: Farigiraf|Hyper Voice|p1a: Incineroar|[spread] p1a,p1b\n|-damage|p1a: Incineroar|74\/100\n|-damage|p1b: Sylveon|68\/100\n|\n|upkeep\n|turn|3\n|\n|t:|1729257601\n|move|p2a: Farigiraf|Protect|p2a: Farigiraf\n|-singleturn|p2a: Farigiraf|Protect\n|move|p1a: Incineroar|Parting Shot|p2b: Incineroar\n|-unboost|p2b: Incineroar|atk|1\n|-unboost|p2b: Incineroar|spa|1\n|\n|t:|1729257608\n|switch|p1a: angry monkey|Annihilape, L50, M|100\/100|[from] Parting Shot\n|move|p1b: Sylveon|Hyper Voice|p2a: Farigiraf|[spread] p2b\n|-activate|p2a: Farigiraf|move: Protect\n|-damage|p2b: Incineroar|72\/100\n|-enditem|p1b: Sylveon|Throat Spray\n|-boost|p1b: Sylveon|spa|1|[from] item: Throat Spray\n|move|p2b: Incineroar|Parting Shot|p1b: Sylveon\n|-unboost|p1b: Sylveon|atk|1\n|-unboost|p1b: Sylveon|spa|1\n|\n|t:|1729257617\n|switch|p2b: Annihilape|Annihilape, L50, F|100\/100|[from] Parting Shot\n|\n|upkeep\n|turn|4\n|inactive|lol lol lol blue has 30 seconds left.\n|\n|t:|1729257644\n|move|p2b: Annihilape|U-turn|p1b: Sylveon\n|-resisted|p1b: Sylveon\n|-damage|p1b: Sylveon|56\/100\n|\n|t:|1729257649\n|switch|p2b: Ursaluna|Ursaluna-Bloodmoon, L50, M|100\/100|[from] U-turn\n|move|p1a: angry monkey|Close Combat|p2b: Ursaluna\n|-supereffective|p2b: Ursaluna\n|-damage|p2b: Ursaluna|20\/100\n|-unboost|p1a: angry monkey|def|1\n|-unboost|p1a: angry monkey|spd|1\n|move|p1b: Sylveon|Hyper Voice|p2a: Farigiraf|[spread] p2a,p2b\n|-damage|p2a: Farigiraf|7\/100\n|-damage|p2b: Ursaluna|0 fnt\n|faint|p2b: Ursaluna\n|move|p2a: Farigiraf|Trick Room|p2a: Farigiraf\n|-fieldstart|move: Trick Room|[of] p2a: Farigiraf\n|\n|upkeep\n|\n|t:|1729257660\n|switch|p2b: Incineroar|Incineroar, L50, M, shiny|72\/100\n|-ability|p2b: Incineroar|Intimidate|boost\n|-unboost|p1a: angry monkey|atk|1\n|-ability|p1a: angry monkey|Defiant|boost\n|-boost|p1a: angry monkey|atk|2\n|-unboost|p1b: Sylveon|atk|1\n|turn|5\n|\n|t:|1729257676\n|move|p1b: Sylveon|Protect|p1b: Sylveon\n|-singleturn|p1b: Sylveon|Protect\n|move|p1a: angry monkey|Protect|p1a: angry monkey\n|-singleturn|p1a: angry monkey|Protect\n|move|p2b: Incineroar|Flare Blitz|p1b: Sylveon\n|-activate|p1b: Sylveon|move: Protect\n|move|p2a: Farigiraf|Psychic|p1a: angry monkey\n|-activate|p1a: angry monkey|move: Protect\n|\n|upkeep\n|turn|6\n|\n|t:|1729257692\n|switch|p1a: Incineroar|Incineroar, L50, M|74\/100\n|-ability|p1a: Incineroar|Intimidate|boost\n|-unboost|p2a: Farigiraf|atk|1\n|-unboost|p2b: Incineroar|atk|1\n|-terastallize|p2b: Incineroar|Ghost\n|move|p2b: Incineroar|Flare Blitz|p1a: Incineroar\n|-resisted|p1a: Incineroar\n|-damage|p1a: Incineroar|60\/100\n|-damage|p2b: Incineroar|67\/100|[from] Recoil\n|move|p2a: Farigiraf|Psychic|p1b: Sylveon\n|-damage|p1b: Sylveon|25\/100\n|move|p1b: Sylveon|Hyper Voice|p2b: Incineroar|[spread] p2a,p2b\n|-damage|p2a: Farigiraf|0 fnt\n|-damage|p2b: Incineroar|37\/100\n|faint|p2a: Farigiraf\n|\n|upkeep\n|\n|t:|1729257703\n|switch|p2a: Annihilape|Annihilape, L50, F|100\/100\n|turn|7\n|j| King of Clubs dks\n|l| King of Clubs dks\n|\n|t:|1729257727\n|move|p2b: Incineroar|Flare Blitz|p1b: Sylveon\n|-damage|p1b: Sylveon|0 fnt\n|faint|p1b: Sylveon\n|-damage|p2b: Incineroar|30\/100|[from] Recoil\n|move|p1a: Incineroar|Knock Off|p2b: Incineroar\n|-supereffective|p2b: Incineroar\n|-damage|p2b: Incineroar|0 fnt\n|-enditem|p2b: Incineroar|Safety Goggles|[from] move: Knock Off|[of] p1a: Incineroar\n|faint|p2b: Incineroar\n|move|p2a: Annihilape|Close Combat|p1a: Incineroar\n|-supereffective|p1a: Incineroar\n|-damage|p1a: Incineroar|0 fnt\n|-unboost|p2a: Annihilape|def|1\n|-unboost|p2a: Annihilape|spd|1\n|faint|p1a: Incineroar\n|\n|upkeep\n|\n|t:|1729257738\n|switch|p1b: angry monkey|Annihilape, L50, M|100\/100\n|switch|p1a: fast boi|Blaziken, L50, M|29\/100\n|turn|8\n|\n|t:|1729257744\n|move|p1a: fast boi|Flare Blitz|p2a: Annihilape\n|-damage|p2a: Annihilape|0 fnt\n|faint|p2a: Annihilape\n|-damage|p1a: fast boi|0 fnt|[from] Recoil\n|faint|p1a: fast boi\n|\n|win|lol lol lol blue\n|raw|lol lol lol blue's rating: 1690 &rarr; <strong>1711<\/strong><br \/>(+21 for winning)\n|raw|Gen5 is epic's rating: 1707 &rarr; <strong>1686<\/strong><br \/>(-21 for losing)\n|l|\u2606Gen5 is epic\n|player|p2|\n","uploadtime":1729257792,"views":24,"formatid":"gen9vgc2024regh","rating":1686,"private":0,"password":null}