{"id":"gen9vgc2024regh-2225903077","format":"[Gen 9] VGC 2024 Reg H","players":["Sazandoramx","kojimuranishi"],"log":"|j|\u2606Sazandoramx\n|j|\u2606kojimuranishi\n|t:|1729280191\n|gametype|doubles\n|player|p1|Sazandoramx|101|1698\n|player|p2|kojimuranishi|266|1760\n|teamsize|p1|6\n|teamsize|p2|6\n|gen|9\n|tier|[Gen 9] VGC 2024 Reg H\n|rated|\n|rule|Species Clause: Limit one of each Pok\u00e9mon\n|rule|Item Clause: Limit 1 of each item\n|clearpoke\n|poke|p1|Delphox, L50, M|\n|poke|p1|Tatsugiri, L50, M|\n|poke|p1|Indeedee, L50, M|\n|poke|p1|Murkrow, L50, F|\n|poke|p1|Dondozo, L50, M|\n|poke|p1|Sneasler, L50, M|\n|poke|p2|Ursaluna-Bloodmoon, L50, M|\n|poke|p2|Gholdengo, L50|\n|poke|p2|Baxcalibur, L50, M|\n|poke|p2|Archaludon, L50, M|\n|poke|p2|Pelipper, L50, M|\n|poke|p2|Whimsicott, L50, M|\n|teampreview|4\n|inactive|Battle timer is ON: inactive players will automatically lose when time's up. (requested by kojimuranishi)\n|j| Samevgcmons\n|inactive|Sazandoramx has 60 seconds left.\n|\n|t:|1729280231\n|start\n|switch|p1a: Sneasler|Sneasler, L50, M, shiny|100\/100\n|switch|p1b: Indeedee|Indeedee, L50, M|100\/100\n|switch|p2a: Archaludon|Archaludon, L50, M|100\/100\n|switch|p2b: Pelipper|Pelipper, L50, M|100\/100\n|-fieldstart|move: Psychic Terrain|[from] ability: Psychic Surge|[of] p1b: Indeedee\n|-enditem|p1a: Sneasler|Psychic Seed\n|-boost|p1a: Sneasler|spd|1|[from] item: Psychic Seed\n|-weather|RainDance|[from] ability: Drizzle|[of] p2b: Pelipper\n|turn|1\n|j| futonkagebunshin\n|inactive|Sazandoramx has 30 seconds left.\n|inactive|Sazandoramx has 20 seconds left.\n|inactive|Sazandoramx has 15 seconds left.\n|inactive|Sazandoramx has 10 seconds left.\n|\n|t:|1729280280\n|-terastallize|p2a: Archaludon|Electric\n|move|p2b: Pelipper|Wide Guard|p2b: Pelipper\n|-singleturn|p2b: Pelipper|Wide Guard\n|move|p1a: Sneasler|Dire Claw|p2b: Pelipper\n|-damage|p2b: Pelipper|40\/100\n|move|p1b: Indeedee|Expanding Force|p2b: Pelipper|[spread] \n|-activate|p2a: Archaludon|move: Wide Guard\n|-activate|p2b: Pelipper|move: Wide Guard\n|move|p2a: Archaludon|Electro Shot||[still]\n|-prepare|p2a: Archaludon|Electro Shot\n|-boost|p2a: Archaludon|spa|1\n|-anim|p2a: Archaludon|Electro Shot|p1a: Sneasler\n|-damage|p1a: Sneasler|0 fnt\n|faint|p1a: Sneasler\n|\n|-weather|RainDance|[upkeep]\n|upkeep\n|\n|t:|1729280302\n|switch|p1a: Murkrow|Murkrow, L50, F, shiny|100\/100\n|turn|2\n|\n|t:|1729280316\n|switch|p2a: Gholdengo|Gholdengo, L50|100\/100\n|move|p2b: Pelipper|Wide Guard|p2b: Pelipper\n|-singleturn|p2b: Pelipper|Wide Guard\n|move|p1a: Murkrow|Tailwind|p1a: Murkrow\n|-sidestart|p1: Sazandoramx|move: Tailwind\n|move|p1b: Indeedee|Tera Blast|p2b: Pelipper\n|-damage|p2b: Pelipper|0 fnt\n|faint|p2b: Pelipper\n|\n|-weather|RainDance|[upkeep]\n|upkeep\n|\n|t:|1729280331\n|switch|p2b: Archaludon|Archaludon, L50, M, tera:Electric|100\/100\n|turn|3\n|inactive|kojimuranishi has 30 seconds left.\n|\n|t:|1729280360\n|move|p1a: Murkrow|Sunny Day|p1a: Murkrow\n|-weather|SunnyDay\n|move|p1b: Indeedee|Expanding Force|p2b: Archaludon|[spread] p2a,p2b\n|-resisted|p2a: Gholdengo\n|-damage|p2a: Gholdengo|72\/100\n|-damage|p2b: Archaludon|16\/100\n|move|p2a: Gholdengo|Make It Rain|p1b: Indeedee|[spread] p1a,p1b\n|-damage|p1a: Murkrow|55\/100\n|-damage|p1b: Indeedee|28\/100\n|-unboost|p2a: Gholdengo|spa|1\n|move|p2b: Archaludon|Electro Shot||[still]\n|-prepare|p2b: Archaludon|Electro Shot\n|-boost|p2b: Archaludon|spa|1\n|\n|-weather|SunnyDay|[upkeep]\n|upkeep\n|turn|4\n|\n|t:|1729280382\n|move|p1b: Indeedee|Expanding Force|p2a: Gholdengo|[spread] p2a,p2b\n|-resisted|p2a: Gholdengo\n|-damage|p2a: Gholdengo|39\/100\n|-damage|p2b: Archaludon|0 fnt\n|faint|p2b: Archaludon\n|move|p1a: Murkrow|Foul Play|p2a: Gholdengo\n|-supereffective|p2a: Gholdengo\n|-damage|p2a: Gholdengo|0 fnt\n|faint|p2a: Gholdengo\n|\n|-weather|SunnyDay|[upkeep]\n|upkeep\n|\n|t:|1729280395\n|switch|p2b: Ursaluna|Ursaluna-Bloodmoon, L50, M|100\/100\n|turn|5\n|-message|kojimuranishi forfeited.\n|\n|win|Sazandoramx\n|raw|Sazandoramx's rating: 1698 &rarr; <strong>1722<\/strong><br \/>(+24 for winning)\n|raw|kojimuranishi's rating: 1760 &rarr; <strong>1736<\/strong><br \/>(-24 for losing)\n|l|\u2606kojimuranishi\n|player|p2|\n","uploadtime":1729280426,"views":22,"formatid":"gen9vgc2024regh","rating":1722,"private":0,"password":null}