{"id":"gen9vgc2024regh-2225770528","format":"[Gen 9] VGC 2024 Reg H","players":["DOU Test 9000","newpreset2"],"log":"|j|\u2606DOU Test 9000\n|j|\u2606newpreset2\n|t:|1729268138\n|gametype|doubles\n|player|p1|DOU Test 9000|pilot|1765\n|player|p2|newpreset2|170|1684\n|teamsize|p1|6\n|teamsize|p2|6\n|gen|9\n|tier|[Gen 9] VGC 2024 Reg H\n|rated|\n|rule|Species Clause: Limit one of each Pok\u00e9mon\n|rule|Item Clause: Limit 1 of each item\n|clearpoke\n|poke|p1|Kingambit, L50, M|\n|poke|p1|Armarouge, L50, M|\n|poke|p1|Dragapult, L50, M|\n|poke|p1|Venusaur, L50, F|\n|poke|p1|Inteleon, L50, F|\n|poke|p1|Rotom-Fan, L50|\n|poke|p2|Rhydon, L50, F|\n|poke|p2|Gholdengo, L50|\n|poke|p2|Rillaboom, L50, M|\n|poke|p2|Archaludon, L50, M|\n|poke|p2|Politoed, L50, M|\n|poke|p2|Dragonite, L50, M|\n|teampreview|4\n|\n|t:|1729268184\n|start\n|switch|p1a: Rotom|Rotom-Fan, L50|100\/100\n|switch|p1b: Inteleon|Inteleon, L50, F|100\/100\n|switch|p2a: Gholdengo|Gholdengo, L50|100\/100\n|switch|p2b: Dragonite|Dragonite, L50, M|100\/100\n|turn|1\n|\n|t:|1729268204\n|move|p2b: Dragonite|Extreme Speed|p1b: Inteleon\n|-damage|p1b: Inteleon|46\/100\n|move|p2a: Gholdengo|Shadow Ball|p1b: Inteleon\n|-damage|p1b: Inteleon|0 fnt\n|faint|p1b: Inteleon\n|move|p1a: Rotom|Electroweb|p2b: Dragonite|[spread] p2a,p2b\n|-damage|p2a: Gholdengo|83\/100\n|-damage|p2b: Dragonite|86\/100\n|-unboost|p2a: Gholdengo|spe|1\n|-unboost|p2b: Dragonite|spe|1\n|\n|upkeep\n|\n|t:|1729268217\n|switch|p1b: Dragapult|Dragapult, L50, M|100\/100\n|turn|2\n|\n|t:|1729268238\n|switch|p2a: Archaludon|Archaludon, L50, M|100\/100\n|move|p2b: Dragonite|Extreme Speed|p1a: Rotom\n|-damage|p1a: Rotom|69\/100\n|move|p1b: Dragapult|Phantom Force||[still]\n|-prepare|p1b: Dragapult|Phantom Force\n|move|p1a: Rotom|Electroweb|p2a: Archaludon|[spread] p2a,p2b\n|-resisted|p2a: Archaludon\n|-damage|p2a: Archaludon|93\/100\n|-damage|p2b: Dragonite|73\/100\n|-unboost|p2a: Archaludon|spe|1\n|-unboost|p2b: Dragonite|spe|1\n|-ability|p2a: Archaludon|Stamina|boost\n|-boost|p2a: Archaludon|def|1\n|\n|upkeep\n|turn|3\n|\n|t:|1729268255\n|move|p1b: Dragapult|Phantom Force|p2a: Archaludon|[from]lockedmove\n|-damage|p2a: Archaludon|70\/100\n|-ability|p2a: Archaludon|Stamina|boost\n|-boost|p2a: Archaludon|def|1\n|move|p1a: Rotom|Thunderbolt|p2b: Dragonite\n|-damage|p2b: Dragonite|42\/100\n|-status|p2b: Dragonite|par\n|-enditem|p2b: Dragonite|Lum Berry|[eat]\n|-curestatus|p2b: Dragonite|par|[msg]\n|move|p2a: Archaludon|Dragon Pulse|p1b: Dragapult\n|-supereffective|p1b: Dragapult\n|-damage|p1b: Dragapult|33\/100\n|move|p2b: Dragonite|Ice Spinner|p1b: Dragapult\n|-supereffective|p1b: Dragapult\n|-damage|p1b: Dragapult|0 fnt\n|faint|p1b: Dragapult\n|\n|upkeep\n|\n|t:|1729268259\n|switch|p1b: Venusaur|Venusaur, L50, F|100\/100\n|turn|4\n|\n|t:|1729268284\n|move|p1a: Rotom|Thunderbolt|p2b: Dragonite\n|-damage|p2b: Dragonite|12\/100\n|move|p1b: Venusaur|Sludge Bomb|p2b: Dragonite\n|-damage|p2b: Dragonite|0 fnt\n|faint|p2b: Dragonite\n|move|p2a: Archaludon|Dragon Pulse|p1b: Venusaur\n|-damage|p1b: Venusaur|56\/100\n|\n|-heal|p1b: Venusaur|62\/100|[from] item: Leftovers\n|upkeep\n|\n|t:|1729268293\n|switch|p2b: Gholdengo|Gholdengo, L50|83\/100\n|turn|5\n|\n|t:|1729268332\n|-terastallize|p1b: Venusaur|Steel\n|move|p2b: Gholdengo|Trick|p1b: Venusaur\n|-activate|p2b: Gholdengo|move: Trick|[of] p1b: Venusaur\n|-item|p1b: Venusaur|Choice Scarf|[from] move: Trick\n|-item|p2b: Gholdengo|Leftovers|[from] move: Trick\n|move|p1b: Venusaur|Earth Power|p2b: Gholdengo\n|-supereffective|p2b: Gholdengo\n|-damage|p2b: Gholdengo|23\/100\n|move|p1a: Rotom|Electroweb|p2a: Archaludon|[spread] p2a,p2b\n|-resisted|p2a: Archaludon\n|-crit|p2b: Gholdengo\n|-damage|p2a: Archaludon|61\/100\n|-damage|p2b: Gholdengo|0 fnt\n|-unboost|p2a: Archaludon|spe|1\n|-ability|p2a: Archaludon|Stamina|boost\n|-boost|p2a: Archaludon|def|1\n|faint|p2b: Gholdengo\n|move|p2a: Archaludon|Dragon Pulse|p1a: Rotom\n|-damage|p1a: Rotom|20\/100\n|\n|upkeep\n|\n|t:|1729268337\n|switch|p2b: Rhydon|Rhydon, L50, F|100\/100\n|turn|6\n|\n|t:|1729268362\n|-terastallize|p2b: Rhydon|Flying\n|move|p1b: Venusaur|Earth Power|p2b: Rhydon\n|-immune|p2b: Rhydon\n|move|p1a: Rotom|Air Slash|p2b: Rhydon\n|-damage|p2b: Rhydon|71\/100\n|move|p2a: Archaludon|Body Press|p1b: Venusaur\n|-supereffective|p1b: Venusaur\n|-damage|p1b: Venusaur|0 fnt\n|faint|p1b: Venusaur\n|move|p2b: Rhydon|Drill Run|p1a: Rotom\n|-immune|p1a: Rotom\n|\n|upkeep\n|turn|7\n|-message|DOU Test 9000 forfeited.\n|\n|win|newpreset2\n|raw|DOU Test 9000's rating: 1765 &rarr; <strong>1740<\/strong><br \/>(-25 for losing)\n|raw|newpreset2's rating: 1684 &rarr; <strong>1709<\/strong><br \/>(+25 for winning)\n|l|\u2606DOU Test 9000\n|player|p1|\n|j| RiotJuice\n|l| RiotJuice\n|l|\u2606newpreset2\n|player|p2|\n","uploadtime":1729268635,"views":18,"formatid":"gen9vgc2024regh","rating":1709,"private":0,"password":null}