{"id":"gen9vgc2024regh-2225714511","format":"[Gen 9] VGC 2024 Reg H","players":["N8NoDog","Brave12223"],"log":"|j|\u2606N8NoDog\n|j|\u2606Brave12223\n|t:|1729263169\n|gametype|doubles\n|player|p1|N8NoDog|archer|1698\n|player|p2|Brave12223|ingo|1768\n|teamsize|p1|6\n|teamsize|p2|6\n|gen|9\n|tier|[Gen 9] VGC 2024 Reg H\n|rated|\n|rule|Species Clause: Limit one of each Pok\u00e9mon\n|rule|Item Clause: Limit 1 of each item\n|clearpoke\n|poke|p1|Typhlosion-Hisui, L50, F|\n|poke|p1|Dragonite, L50, M|\n|poke|p1|Murkrow, L50, F|\n|poke|p1|Kingambit, L50, F|\n|poke|p1|Sneasler, L50, M|\n|poke|p1|Tsareena, L50, F|\n|poke|p2|Incineroar, L50, M|\n|poke|p2|Amoonguss, L50, M|\n|poke|p2|Gholdengo, L50|\n|poke|p2|Primarina, L50, F|\n|poke|p2|Glimmora, L50, F|\n|poke|p2|Hydreigon, L50, M|\n|teampreview|4\n|inactive|Battle timer is ON: inactive players will automatically lose when time's up. (requested by N8NoDog)\n|inactive|N8NoDog has 60 seconds left.\n|inactive|Brave12223 has 60 seconds left.\n|inactive|N8NoDog has 30 seconds left.\n|inactive|N8NoDog has 20 seconds left.\n|inactive|N8NoDog has 15 seconds left.\n|inactive|N8NoDog has 10 seconds left.\n|inactive|N8NoDog has 5 seconds left.\n|\n|t:|1729263255\n|start\n|switch|p1a: Kingambit|Kingambit, L50, F|100\/100\n|switch|p1b: Sneasler|Sneasler, L50, M|100\/100\n|switch|p2a: Incineroar|Incineroar, L50, M|100\/100\n|switch|p2b: Glimmora|Glimmora, L50, F|100\/100\n|-ability|p2a: Incineroar|Intimidate|boost\n|-unboost|p1a: Kingambit|atk|1\n|-ability|p1a: Kingambit|Defiant|boost\n|-boost|p1a: Kingambit|atk|2\n|-unboost|p1b: Sneasler|atk|1\n|turn|1\n|\n|t:|1729263277\n|switch|p1b: Tsareena|Tsareena, L50, F|100\/100\n|-terastallize|p1a: Kingambit|Water\n|move|p2b: Glimmora|Earth Power|p1a: Kingambit\n|-damage|p1a: Kingambit|76\/100\n|move|p2a: Incineroar|Flare Blitz|p1a: Kingambit\n|-resisted|p1a: Kingambit\n|-damage|p1a: Kingambit|57\/100\n|-damage|p2a: Incineroar|94\/100|[from] Recoil\n|move|p1a: Kingambit|Tera Blast|p2b: Glimmora|[anim] Tera Blast Water\n|-supereffective|p2b: Glimmora\n|-enditem|p2b: Glimmora|Focus Sash\n|-damage|p2b: Glimmora|1\/100\n|-activate|p2b: Glimmora|ability: Toxic Debris\n|-sidestart|p1: N8NoDog|move: Toxic Spikes\n|\n|upkeep\n|turn|2\n|inactive|N8NoDog has 30 seconds left.\n|inactive|N8NoDog has 20 seconds left.\n|inactive|N8NoDog has 15 seconds left.\n|inactive|N8NoDog has 10 seconds left.\n|\n|t:|1729263325\n|switch|p1b: Sneasler|Sneasler, L50, M|100\/100\n|-sideend|p1: N8NoDog|move: Toxic Spikes|[of] p1b: Sneasler\n|move|p2b: Glimmora|Sludge Bomb|p1a: Kingambit\n|-damage|p1a: Kingambit|26\/100\n|move|p2a: Incineroar|Flare Blitz|p1b: Sneasler\n|-damage|p1b: Sneasler|24\/100\n|-damage|p2a: Incineroar|75\/100|[from] Recoil\n|move|p1a: Kingambit|Tera Blast|p2a: Incineroar|[anim] Tera Blast Water\n|-supereffective|p2a: Incineroar\n|-damage|p2a: Incineroar|0 fnt\n|faint|p2a: Incineroar\n|\n|upkeep\n|\n|t:|1729263344\n|switch|p2a: Hydreigon|Hydreigon, L50, M|100\/100\n|turn|3\n|\n|t:|1729263350\n|move|p1b: Sneasler|Protect|p1b: Sneasler\n|-singleturn|p1b: Sneasler|Protect\n|move|p2a: Hydreigon|Protect|p2a: Hydreigon\n|-singleturn|p2a: Hydreigon|Protect\n|move|p2b: Glimmora|Spiky Shield|p2b: Glimmora\n|-singleturn|p2b: Glimmora|move: Protect\n|move|p1a: Kingambit|Sucker Punch||[still]\n|-fail|p1a: Kingambit\n|\n|upkeep\n|turn|4\n|inactive|N8NoDog has 30 seconds left.\n|\n|t:|1729263383\n|-terastallize|p2a: Hydreigon|Fire\n|move|p1a: Kingambit|Sucker Punch|p2b: Glimmora\n|-damage|p2b: Glimmora|0 fnt\n|-activate|p2b: Glimmora|ability: Toxic Debris\n|-sidestart|p1: N8NoDog|move: Toxic Spikes\n|faint|p2b: Glimmora\n|move|p1b: Sneasler|Close Combat|p2a: Hydreigon\n|-damage|p2a: Hydreigon|27\/100\n|-unboost|p1b: Sneasler|def|1\n|-unboost|p1b: Sneasler|spd|1\n|move|p2a: Hydreigon|Dark Pulse|p1b: Sneasler\n|-resisted|p1b: Sneasler\n|-damage|p1b: Sneasler|0 fnt\n|faint|p1b: Sneasler\n|-damage|p2a: Hydreigon|18\/100|[from] item: Life Orb\n|\n|upkeep\n|\n|t:|1729263389\n|switch|p1b: Typhlosion|Typhlosion-Hisui, L50, F|100\/100\n|switch|p2b: Primarina|Primarina, L50, F|100\/100\n|-status|p1b: Typhlosion|psn\n|turn|5\n|inactive|N8NoDog has 30 seconds left.\n|inactive|N8NoDog has 20 seconds left.\n|inactive|N8NoDog has 15 seconds left.\n|\n|t:|1729263432\n|move|p2a: Hydreigon|Protect|p2a: Hydreigon\n|-singleturn|p2a: Hydreigon|Protect\n|move|p1a: Kingambit|Sucker Punch||[still]\n|-fail|p1a: Kingambit\n|move|p1b: Typhlosion|Shadow Ball|p2b: Primarina\n|-damage|p2b: Primarina|49\/100\n|move|p2b: Primarina|Moonblast|p1a: Kingambit\n|-damage|p1a: Kingambit|0 fnt\n|faint|p1a: Kingambit\n|\n|-damage|p1b: Typhlosion|88\/100 psn|[from] psn\n|upkeep\n|\n|t:|1729263435\n|switch|p1a: Tsareena|Tsareena, L50, F|100\/100\n|-status|p1a: Tsareena|psn\n|turn|6\n|\n|t:|1729263447\n|move|p1a: Tsareena|Protect|p1a: Tsareena\n|-singleturn|p1a: Tsareena|Protect\n|move|p2a: Hydreigon|Dark Pulse|p1b: Typhlosion\n|-supereffective|p1b: Typhlosion\n|-damage|p1b: Typhlosion|0 fnt\n|faint|p1b: Typhlosion\n|-damage|p2a: Hydreigon|8\/100|[from] item: Life Orb\n|move|p2b: Primarina|Moonblast|p1a: Tsareena\n|-activate|p1a: Tsareena|move: Protect\n|\n|-damage|p1a: Tsareena|88\/100 psn|[from] psn\n|upkeep\n|turn|7\n|\n|t:|1729263461\n|move|p2a: Hydreigon|Draco Meteor|p1a: Tsareena\n|-damage|p1a: Tsareena|0 fnt\n|-unboost|p2a: Hydreigon|spa|2\n|faint|p1a: Tsareena\n|-damage|p2a: Hydreigon|0 fnt|[from] item: Life Orb\n|faint|p2a: Hydreigon\n|\n|win|Brave12223\n|raw|N8NoDog's rating: 1698 &rarr; <strong>1682<\/strong><br \/>(-16 for losing)\n|raw|Brave12223's rating: 1768 &rarr; <strong>1784<\/strong><br \/>(+16 for winning)\n|l|\u2606N8NoDog\n|player|p1|\n|l|\u2606Brave12223\n|player|p2|\n","uploadtime":1729263623,"views":8,"formatid":"gen9vgc2024regh","rating":1682,"private":0,"password":null}