{"id":"gen9vgc2024regh-2225253574","format":"[Gen 9] VGC 2024 Reg H","players":["actuary97","Moon7777"],"log":"|j|\u2606actuary97\n|j|\u2606Moon7777\n|t:|1729202337\n|gametype|doubles\n|player|p1|actuary97|sabrina-frlg|1770\n|player|p2|Moon7777|101|1765\n|teamsize|p1|6\n|teamsize|p2|6\n|gen|9\n|tier|[Gen 9] VGC 2024 Reg H\n|rated|\n|rule|Species Clause: Limit one of each Pok\u00e9mon\n|rule|Item Clause: Limit 1 of each item\n|clearpoke\n|poke|p1|Whimsicott, L50, F|\n|poke|p1|Gallade, L50, M|\n|poke|p1|Ninetales-Alola, L50, F|\n|poke|p1|Malamar, L50, F|\n|poke|p1|Indeedee, L50, M|\n|poke|p1|Archaludon, L50, F|\n|poke|p2|Sneasler, L50, M|\n|poke|p2|Mimikyu, L50, M|\n|poke|p2|Ursaluna-Bloodmoon, L50, M|\n|poke|p2|Garchomp, L50, F|\n|poke|p2|Rillaboom, L50, M|\n|poke|p2|Gholdengo, L50|\n|teampreview|4\nactuary97 has agreed to open team sheets.\n|j| mr pogostick\n|inactive|Battle timer is ON: inactive players will automatically lose when time's up. (requested by actuary97)\n|inactive|Moon7777 has 60 seconds left.\n|inactive|Moon7777 has 30 seconds left.\n|\n|t:|1729202441\n|start\n|switch|p1a: Ninetales|Ninetales-Alola, L50, F, shiny|100\/100\n|switch|p1b: Tapu Deedee|Indeedee, L50, M, shiny|100\/100\n|switch|p2a: PushUrTenper|Sneasler, L50, M, shiny|100\/100\n|switch|p2b: Walksocket|Gholdengo, L50, shiny|100\/100\n|-weather|Snow|[from] ability: Snow Warning|[of] p1a: Ninetales\n|-fieldstart|move: Psychic Terrain|[from] ability: Psychic Surge|[of] p1b: Tapu Deedee\n|turn|1\n|\n|t:|1729202458\n|move|p2a: PushUrTenper|Protect|p2a: PushUrTenper\n|-singleturn|p2a: PushUrTenper|Protect\n|move|p1a: Ninetales|Icy Wind|p2a: PushUrTenper|[spread] p2b\n|-activate|p2a: PushUrTenper|move: Protect\n|-resisted|p2b: Walksocket\n|-damage|p2b: Walksocket|94\/100\n|-unboost|p2b: Walksocket|spe|1\n|move|p1b: Tapu Deedee|Expanding Force|p2a: PushUrTenper|[spread] p2b\n|-activate|p2a: PushUrTenper|move: Protect\n|-resisted|p2b: Walksocket\n|-damage|p2b: Walksocket|45\/100\n|-enditem|p2b: Walksocket|Sitrus Berry|[eat]\n|-heal|p2b: Walksocket|70\/100|[from] item: Sitrus Berry\n|move|p2b: Walksocket|Make It Rain|p1b: Tapu Deedee|[spread] p1a,p1b\n|-supereffective|p1a: Ninetales\n|-damage|p1a: Ninetales|0 fnt\n|-damage|p1b: Tapu Deedee|37\/100\n|-unboost|p2b: Walksocket|spa|1\n|faint|p1a: Ninetales\n|\n|-weather|Snow|[upkeep]\n|upkeep\n|\n|t:|1729202467\n|switch|p1a: Malamother|Malamar, L50, F, shiny|100\/100\n|turn|2\n|inactive|Moon7777 has 30 seconds left.\n|\n|t:|1729202496\n|switch|p1b: \u2694\ufe0fKing\u2694\ufe0f|Gallade, L50, M, shiny|100\/100\n|-terastallize|p1a: Malamother|Fire\n|move|p2a: PushUrTenper|Dire Claw|p1b: \u2694\ufe0fKing\u2694\ufe0f\n|-damage|p1b: \u2694\ufe0fKing\u2694\ufe0f|33\/100\n|-status|p1b: \u2694\ufe0fKing\u2694\ufe0f|slp\n|move|p2b: Walksocket|Nasty Plot|p2b: Walksocket\n|-boost|p2b: Walksocket|spa|2\n|move|p1a: Malamother|Trick Room|p1a: Malamother\n|-fieldstart|move: Trick Room|[of] p1a: Malamother\n|\n|-weather|Snow|[upkeep]\n|upkeep\n|turn|3\n|inactive|Moon7777 has 30 seconds left.\n|\n|t:|1729202523\n|-terastallize|p2b: Walksocket|Water\n|move|p1a: Malamother|Superpower|p2a: PushUrTenper\n|-resisted|p2a: PushUrTenper\n|-damage|p2a: PushUrTenper|77\/100\n|-boost|p1a: Malamother|atk|1\n|-boost|p1a: Malamother|def|1\n|move|p2b: Walksocket|Make It Rain|p1a: Malamother|[spread] p1a,p1b\n|-resisted|p1a: Malamother\n|-damage|p1a: Malamother|70\/100\n|-damage|p1b: \u2694\ufe0fKing\u2694\ufe0f|0 fnt\n|-unboost|p2b: Walksocket|spa|1\n|faint|p1b: \u2694\ufe0fKing\u2694\ufe0f\n|move|p2a: PushUrTenper|Dire Claw|p1a: Malamother\n|-damage|p1a: Malamother|44\/100\n|-enditem|p1a: Malamother|Sitrus Berry|[eat]\n|-heal|p1a: Malamother|68\/100|[from] item: Sitrus Berry\n|\n|-weather|Snow|[upkeep]\n|upkeep\n|\n|t:|1729202527\n|switch|p1b: Tapu Deedee|Indeedee, L50, M, shiny|37\/100\n|turn|4\n|inactive|Moon7777 has 30 seconds left.\n|j| OfficialTrumpJDon\n|inactive|Moon7777 has 20 seconds left.\n|inactive|Moon7777 has 15 seconds left.\n|inactive|Moon7777 has 10 seconds left.\n|\n|t:|1729202574\n|switch|p2a: Veridical|Rillaboom, L50, M, shiny|100\/100\n|-fieldstart|move: Grassy Terrain|[from] ability: Grassy Surge|[of] p2a: Veridical\n|move|p2b: Walksocket|Protect|p2b: Walksocket\n|-singleturn|p2b: Walksocket|Protect\n|move|p1a: Malamother|Topsy-Turvy|p2b: Walksocket\n|-activate|p2b: Walksocket|move: Protect\n|move|p1b: Tapu Deedee|Expanding Force|p2a: Veridical\n|-damage|p2a: Veridical|32\/100\n|\n|-weather|Snow|[upkeep]\n|-heal|p1a: Malamother|75\/100|[from] Grassy Terrain\n|-heal|p2b: Walksocket|77\/100|[from] Grassy Terrain\n|-heal|p2a: Veridical|38\/100|[from] Grassy Terrain\n|-heal|p1b: Tapu Deedee|42\/100|[from] Grassy Terrain\n|upkeep\n|turn|5\n|j| SneakySmeggers\n|inactive|Moon7777 has 30 seconds left.\n|\n|t:|1729202602\n|move|p2a: Veridical|Grassy Glide|p1b: Tapu Deedee\n|-damage|p1b: Tapu Deedee|0 fnt\n|faint|p1b: Tapu Deedee\n|move|p1a: Malamother|Superpower|p2a: Veridical\n|-damage|p2a: Veridical|0 fnt\n|-boost|p1a: Malamother|atk|1\n|-boost|p1a: Malamother|def|1\n|faint|p2a: Veridical\n|move|p2b: Walksocket|Nasty Plot|p2b: Walksocket\n|-boost|p2b: Walksocket|spa|2\n|\n|-weather|none\n|-heal|p1a: Malamother|81\/100|[from] Grassy Terrain\n|-heal|p2b: Walksocket|83\/100|[from] Grassy Terrain\n|upkeep\n|\n|t:|1729202610\n|switch|p2a: PushUrTenper|Sneasler, L50, M, shiny|77\/100\n|turn|6\n|\n|t:|1729202628\n|move|p2a: PushUrTenper|Fake Out|p1a: Malamother\n|-damage|p1a: Malamother|74\/100\n|cant|p1a: Malamother|flinch\n|move|p2b: Walksocket|Nasty Plot|p2b: Walksocket\n|-boost|p2b: Walksocket|spa|2\n|\n|-heal|p1a: Malamother|80\/100|[from] Grassy Terrain\n|-heal|p2b: Walksocket|89\/100|[from] Grassy Terrain\n|-heal|p2a: PushUrTenper|82\/100|[from] Grassy Terrain\n|-fieldend|move: Trick Room\n|upkeep\n|turn|7\n|\n|t:|1729202642\n|move|p2a: PushUrTenper|Dire Claw|p1a: Malamother\n|-damage|p1a: Malamother|58\/100\n|move|p2b: Walksocket|Shadow Ball|p1a: Malamother\n|-damage|p1a: Malamother|0 fnt\n|faint|p1a: Malamother\n|\n|win|Moon7777\n|raw|actuary97's rating: 1770 &rarr; <strong>1750<\/strong><br \/>(-20 for losing)\n|raw|Moon7777's rating: 1765 &rarr; <strong>1785<\/strong><br \/>(+20 for winning)\n|l|\u2606actuary97\n|player|p1|\n|l|\u2606Moon7777\n|player|p2|\n|j|\u2606Moon7777\n|player|p2|Moon7777|101|\n|l|\u2606Moon7777\n|player|p2|\n","uploadtime":1729202845,"views":17,"formatid":"gen9vgc2024regh","rating":1750,"private":0,"password":null}