{"id":"gen9vgc2024regh-2225264428","format":"[Gen 9] VGC 2024 Reg H","players":["SnarkyShane","test-on-calls"],"log":"|j|\u2606SnarkyShane\n|j|\u2606test-on-calls\n|t:|1729203530\n|gametype|doubles\n|player|p1|SnarkyShane|gambler|1738\n|player|p2|test-on-calls|170|1712\n|teamsize|p1|6\n|teamsize|p2|6\n|gen|9\n|tier|[Gen 9] VGC 2024 Reg H\n|rated|\n|rule|Species Clause: Limit one of each Pok\u00e9mon\n|rule|Item Clause: Limit 1 of each item\n|clearpoke\n|poke|p1|Baxcalibur, L50, M|\n|poke|p1|Ninetales-Alola, L50, M|\n|poke|p1|Sneasler, L50, F|\n|poke|p1|Ceruledge, L50, M|\n|poke|p1|Volcarona, L50, F|\n|poke|p1|Gastrodon, L50, M|\n|poke|p2|Pelipper, L50, M|\n|poke|p2|Primarina, L50, F|\n|poke|p2|Tinkaton, L50, F|\n|poke|p2|Gholdengo, L50|\n|poke|p2|Amoonguss, L50, F|\n|poke|p2|Donphan, L50, M|\n|teampreview|4\n|j| SneakySmeggers\n|inactive|Battle timer is ON: inactive players will automatically lose when time's up. (requested by test-on-calls)\n|c|\u2606test-on-calls|heyo sneaky!\n|inactive|SnarkyShane has 60 seconds left.\ntest-on-calls has agreed to open team sheets.\n|j|+Serapis\n|\n|t:|1729203595\n|start\n|switch|p1a: MaverickHunterZero|Ceruledge, L50, M|100\/100\n|switch|p1b: The Snizzler|Sneasler, L50, F|100\/100\n|switch|p2a: Stonkabonk|Tinkaton, L50, F, shiny|100\/100\n|switch|p2b: String Yeeze|Gholdengo, L50|100\/100\n|-ability|p2a: Stonkabonk|Mold Breaker\n|-item|p2a: Stonkabonk|Air Balloon\n|turn|1\n|inactive|test-on-calls has 30 seconds left.\n|\n|t:|1729203628\n|switch|p2b: Billie|Primarina, L50, F, shiny|100\/100\n|move|p1b: The Snizzler|Fake Out|p2a: Stonkabonk\n|-resisted|p2a: Stonkabonk\n|-damage|p2a: Stonkabonk|93\/100\n|-enditem|p2a: Stonkabonk|Air Balloon\n|cant|p2a: Stonkabonk|flinch\n|move|p1a: MaverickHunterZero|Bitter Blade|p2b: Billie\n|-resisted|p2b: Billie\n|-damage|p2b: Billie|67\/100\n|\n|upkeep\n|turn|2\n|inactive|SnarkyShane has 30 seconds left.\n|inactive|SnarkyShane has 20 seconds left.\n|inactive|SnarkyShane has 15 seconds left.\n|\n|t:|1729203669\n|move|p2b: Billie|Protect|p2b: Billie\n|-singleturn|p2b: Billie|Protect\n|move|p1b: The Snizzler|Dire Claw|p2b: Billie\n|-activate|p2b: Billie|move: Protect\n|move|p2a: Stonkabonk|Thunder Wave|p1b: The Snizzler\n|-status|p1b: The Snizzler|par\n|move|p1a: MaverickHunterZero|Bitter Blade|p2b: Billie\n|-activate|p2b: Billie|move: Protect\n|\n|upkeep\n|turn|3\n|\n|t:|1729203684\n|move|p2a: Stonkabonk|Gigaton Hammer|p1b: The Snizzler\n|-damage|p1b: The Snizzler|23\/100 par\n|move|p1a: MaverickHunterZero|Bitter Blade|p2b: Billie\n|-resisted|p2b: Billie\n|-damage|p2b: Billie|36\/100\n|-enditem|p2b: Billie|Sitrus Berry|[eat]\n|-heal|p2b: Billie|61\/100|[from] item: Sitrus Berry\n|move|p2b: Billie|Hyper Voice|p1a: MaverickHunterZero|[spread] p1a,p1b\n|-supereffective|p1a: MaverickHunterZero\n|-damage|p1a: MaverickHunterZero|21\/100\n|-damage|p1b: The Snizzler|0 fnt\n|faint|p1b: The Snizzler\n|\n|upkeep\n|\n|t:|1729203698\n|switch|p1b: Aquarium Cleaner|Gastrodon, L50, M|100\/100\n|turn|4\n|j| mr pogostick\n|\n|t:|1729203721\n|move|p1a: MaverickHunterZero|Protect|p1a: MaverickHunterZero\n|-singleturn|p1a: MaverickHunterZero|Protect\n|move|p2a: Stonkabonk|Thunder Wave|p1a: MaverickHunterZero\n|-activate|p1a: MaverickHunterZero|move: Protect\n|move|p2b: Billie|Moonblast|p1a: MaverickHunterZero\n|-activate|p1a: MaverickHunterZero|move: Protect\n|move|p1b: Aquarium Cleaner|Yawn|p2a: Stonkabonk\n|-start|p2a: Stonkabonk|move: Yawn|[of] p1b: Aquarium Cleaner\n|\n|upkeep\n|turn|5\n|\n|t:|1729203742\n|switch|p2a: Corv?|Pelipper, L50, M|100\/100\n|-weather|RainDance|[from] ability: Drizzle|[of] p2a: Corv?\n|move|p1a: MaverickHunterZero|Bitter Blade|p2a: Corv?\n|-resisted|p2a: Corv?\n|-damage|p2a: Corv?|84\/100\n|-heal|p1a: MaverickHunterZero|28\/100|[from] drain|[of] p2a: Corv?\n|move|p2b: Billie|Moonblast|p1b: Aquarium Cleaner\n|-damage|p1b: Aquarium Cleaner|55\/100\n|move|p1b: Aquarium Cleaner|Yawn|p2b: Billie\n|-start|p2b: Billie|move: Yawn|[of] p1b: Aquarium Cleaner\n|\n|-weather|RainDance|[upkeep]\n|upkeep\n|turn|6\n|inactive|SnarkyShane has 30 seconds left.\n|inactive|SnarkyShane has 20 seconds left.\n|inactive|SnarkyShane has 15 seconds left.\n|\n|t:|1729203783\n|switch|p2b: Stonkabonk|Tinkaton, L50, F, shiny|93\/100\n|-ability|p2b: Stonkabonk|Mold Breaker\n|move|p2a: Corv?|Tailwind|p2a: Corv?\n|-sidestart|p2: test-on-calls|move: Tailwind\n|move|p1a: MaverickHunterZero|Bitter Blade|p2b: Stonkabonk\n|-supereffective|p2b: Stonkabonk\n|-damage|p2b: Stonkabonk|36\/100\n|-heal|p1a: MaverickHunterZero|58\/100|[from] drain|[of] p2b: Stonkabonk\n|move|p1b: Aquarium Cleaner|Earth Power|p2b: Stonkabonk\n|-supereffective|p2b: Stonkabonk\n|-damage|p2b: Stonkabonk|0 fnt\n|faint|p2b: Stonkabonk\n|\n|-weather|RainDance|[upkeep]\n|upkeep\n|j| battlerealm\n|\n|t:|1729203791\n|switch|p2b: String Yeeze|Gholdengo, L50|100\/100\n|turn|7\n|inactive|SnarkyShane has 30 seconds left.\n|\n|t:|1729203823\n|-terastallize|p2b: String Yeeze|Steel\n|move|p1a: MaverickHunterZero|Shadow Sneak|p2b: String Yeeze\n|-damage|p2b: String Yeeze|75\/100\n|move|p2b: String Yeeze|Make It Rain|p1b: Aquarium Cleaner|[spread] p1a,p1b\n|-resisted|p1a: MaverickHunterZero\n|-resisted|p1b: Aquarium Cleaner\n|-damage|p1a: MaverickHunterZero|7\/100\n|-damage|p1b: Aquarium Cleaner|14\/100\n|-unboost|p2b: String Yeeze|spa|1\n|-enditem|p1b: Aquarium Cleaner|Sitrus Berry|[eat]\n|-heal|p1b: Aquarium Cleaner|39\/100|[from] item: Sitrus Berry\n|move|p2a: Corv?|Hurricane|p1b: Aquarium Cleaner\n|-damage|p1b: Aquarium Cleaner|0 fnt\n|faint|p1b: Aquarium Cleaner\n|\n|-weather|RainDance|[upkeep]\n|upkeep\n|\n|t:|1729203830\n|switch|p1b: BULXcaliber|Baxcalibur, L50, M|100\/100\n|turn|8\n|\n|t:|1729203840\n|-terastallize|p1b: BULXcaliber|Fire\n|move|p1a: MaverickHunterZero|Protect|p1a: MaverickHunterZero\n|-singleturn|p1a: MaverickHunterZero|Protect\n|move|p2b: String Yeeze|Make It Rain|p1b: BULXcaliber|[spread] p1b\n|-activate|p1a: MaverickHunterZero|move: Protect\n|-resisted|p1b: BULXcaliber\n|-damage|p1b: BULXcaliber|71\/100\n|-unboost|p2b: String Yeeze|spa|1\n|move|p2a: Corv?|Hurricane|p1b: BULXcaliber\n|-damage|p1b: BULXcaliber|26\/100\n|-start|p1b: BULXcaliber|confusion\n|-activate|p1b: BULXcaliber|confusion\n|move|p1b: BULXcaliber|Dragon Dance|p1b: BULXcaliber\n|-boost|p1b: BULXcaliber|atk|1\n|-boost|p1b: BULXcaliber|spe|1\n|\n|-weather|RainDance|[upkeep]\n|-heal|p1b: BULXcaliber|32\/100|[from] item: Leftovers\n|upkeep\n|turn|9\n|inactive|SnarkyShane has 30 seconds left.\n|\n|t:|1729203866\n|-end|p1b: BULXcaliber|confusion\n|move|p1b: BULXcaliber|Protect|p1b: BULXcaliber\n|-singleturn|p1b: BULXcaliber|Protect\n|move|p1a: MaverickHunterZero|Protect||[still]\n|-fail|p1a: MaverickHunterZero\n|move|p2b: String Yeeze|Make It Rain|p1b: BULXcaliber|[spread] p1a\n|-activate|p1b: BULXcaliber|move: Protect\n|-resisted|p1a: MaverickHunterZero\n|-damage|p1a: MaverickHunterZero|0 fnt\n|-unboost|p2b: String Yeeze|spa|1\n|faint|p1a: MaverickHunterZero\n|move|p2a: Corv?|Weather Ball|p1b: BULXcaliber\n|-activate|p1b: BULXcaliber|move: Protect\n|\n|-weather|none\n|-heal|p1b: BULXcaliber|38\/100|[from] item: Leftovers\n|-sideend|p2: test-on-calls|move: Tailwind\n|upkeep\n|turn|10\n|\n|t:|1729203877\n|move|p1b: BULXcaliber|Icicle Crash|p2a: Corv?\n|-damage|p2a: Corv?|0 fnt\n|faint|p2a: Corv?\n|move|p2b: String Yeeze|Make It Rain|p1b: BULXcaliber\n|-resisted|p1b: BULXcaliber\n|-damage|p1b: BULXcaliber|13\/100\n|-unboost|p2b: String Yeeze|spa|1\n|\n|-heal|p1b: BULXcaliber|19\/100|[from] item: Leftovers\n|upkeep\n|\n|t:|1729203880\n|switch|p2a: Billie|Primarina, L50, F, shiny|61\/100\n|turn|11\n|\n|t:|1729203887\n|move|p1b: BULXcaliber|Protect|p1b: BULXcaliber\n|-singleturn|p1b: BULXcaliber|Protect\n|move|p2b: String Yeeze|Make It Rain|p1b: BULXcaliber\n|-activate|p1b: BULXcaliber|move: Protect\n|move|p2a: Billie|Hyper Voice|p1b: BULXcaliber\n|-activate|p1b: BULXcaliber|move: Protect\n|\n|-heal|p1b: BULXcaliber|24\/100|[from] item: Leftovers\n|upkeep\n|turn|12\n|\n|t:|1729203901\n|move|p1b: BULXcaliber|High Horsepower|p2a: Billie\n|-damage|p2a: Billie|0 fnt\n|faint|p2a: Billie\n|move|p2b: String Yeeze|Make It Rain|p1b: BULXcaliber\n|-resisted|p1b: BULXcaliber\n|-damage|p1b: BULXcaliber|5\/100\n|-unboost|p2b: String Yeeze|spa|1\n|\n|-heal|p1b: BULXcaliber|11\/100|[from] item: Leftovers\n|upkeep\n|turn|13\n|c|\u2606test-on-calls|wild\n|\n|t:|1729203906\n|move|p1b: BULXcaliber|High Horsepower|p2b: String Yeeze\n|-supereffective|p2b: String Yeeze\n|-damage|p2b: String Yeeze|0 fnt\n|faint|p2b: String Yeeze\n|\n|win|SnarkyShane\n|raw|SnarkyShane's rating: 1738 &rarr; <strong>1757<\/strong><br \/>(+19 for winning)\n|raw|test-on-calls's rating: 1712 &rarr; <strong>1693<\/strong><br \/>(-19 for losing)\n|c|\u2606test-on-calls|oofies\n|c|\u2606test-on-calls|neat set\n|c|\u2606SnarkyShane|Ty\n|l|\u2606test-on-calls\n|player|p2|\n|c|\u2606SnarkyShane|Gg\n|l|\u2606SnarkyShane\n|player|p1|\n|l| mr pogostick\n|l| battlerealm\n","uploadtime":1729204090,"views":11,"formatid":"gen9vgc2024regh","rating":1693,"private":0,"password":null}