{"id":"gen9vgc2024regh-2225523829","format":"[Gen 9] VGC 2024 Reg H","players":["Iced Meow","magnusmagnum"],"log":"|j|\u2606Iced Meow\n|j|\u2606magnusmagnum\n|t:|1729239940\n|gametype|doubles\n|player|p1|Iced Meow|102|1706\n|player|p2|magnusmagnum|2|1722\n|teamsize|p1|6\n|teamsize|p2|6\n|gen|9\n|tier|[Gen 9] VGC 2024 Reg H\n|rated|\n|rule|Species Clause: Limit one of each Pok\u00e9mon\n|rule|Item Clause: Limit 1 of each item\n|clearpoke\n|poke|p1|Dondozo, L50, M|\n|poke|p1|Electabuzz, L50, M|\n|poke|p1|Sneasler, L50, M|\n|poke|p1|Volcarona, L50, F|\n|poke|p1|Rillaboom, L50, F|\n|poke|p1|Dragapult, L50, M|\n|poke|p2|Sneasler, L50, M|\n|poke|p2|Mimikyu, L50, F|\n|poke|p2|Ursaluna-Bloodmoon, L50, M|\n|poke|p2|Garchomp, L50, M|\n|poke|p2|Rillaboom, L50, M|\n|poke|p2|Gholdengo, L50|\n|teampreview|4\n|inactive|Battle timer is ON: inactive players will automatically lose when time's up. (requested by Iced Meow)\n|j| Tsugia\n|inactive|magnusmagnum has 60 seconds left.\n|l| Tsugia\n|\n|t:|1729239987\n|start\n|switch|p1a: Electabuzz|Electabuzz, L50, M|100\/100\n|switch|p1b: Volcarona|Volcarona, L50, F|100\/100\n|switch|p2a: MoneyMachine|Ursaluna-Bloodmoon, L50, M|100\/100\n|switch|p2b: PushUrTenper|Sneasler, L50, M, shiny|100\/100\n|turn|1\n|\n|t:|1729240006\n|move|p1a: Electabuzz|Follow Me|p1a: Electabuzz\n|-singleturn|p1a: Electabuzz|move: Follow Me\n|move|p2b: PushUrTenper|Dire Claw|p1a: Electabuzz\n|-damage|p1a: Electabuzz|67\/100\n|move|p1b: Volcarona|Quiver Dance|p1b: Volcarona\n|-boost|p1b: Volcarona|spa|1\n|-boost|p1b: Volcarona|spd|1\n|-boost|p1b: Volcarona|spe|1\n|move|p2a: MoneyMachine|Earth Power|p1a: Electabuzz\n|-supereffective|p1a: Electabuzz\n|-damage|p1a: Electabuzz|0 fnt\n|faint|p1a: Electabuzz\n|\n|upkeep\n|\n|t:|1729240020\n|switch|p1a: Sneasler|Sneasler, L50, M|100\/100\n|turn|2\n|j| mr pogostick\n|inactive|Iced Meow has 30 seconds left.\n|\n|t:|1729240052\n|switch|p2b: Denji|Garchomp, L50, M, shiny|100\/100\n|-terastallize|p2a: MoneyMachine|Ghost\n|move|p1b: Volcarona|Protect|p1b: Volcarona\n|-singleturn|p1b: Volcarona|Protect\n|move|p1a: Sneasler|Dire Claw|p2b: Denji\n|-resisted|p2b: Denji\n|-damage|p2b: Denji|82\/100\n|-damage|p1a: Sneasler|88\/100|[from] ability: Rough Skin|[of] p2b: Denji\n|move|p2a: MoneyMachine|Earth Power|p1a: Sneasler\n|-supereffective|p1a: Sneasler\n|-damage|p1a: Sneasler|0 fnt\n|faint|p1a: Sneasler\n|\n|upkeep\n|\n|t:|1729240066\n|switch|p1a: Rillaboom|Rillaboom, L50, F|100\/100\n|-fieldstart|move: Grassy Terrain|[from] ability: Grassy Surge|[of] p1a: Rillaboom\n|turn|3\n|\n|t:|1729240083\n|-terastallize|p1b: Volcarona|Fairy\n|move|p2b: Denji|Rock Slide|p1a: Rillaboom|[spread] p1a,p1b\n|-damage|p1a: Rillaboom|81\/100\n|-damage|p1b: Volcarona|78\/100\n|move|p1b: Volcarona|Heat Wave|p2b: Denji|[spread] p2a,p2b\n|-resisted|p2b: Denji\n|-damage|p2a: MoneyMachine|63\/100\n|-damage|p2b: Denji|54\/100\n|-status|p2a: MoneyMachine|brn\n|move|p1a: Rillaboom|Wood Hammer|p2a: MoneyMachine\n|-damage|p2a: MoneyMachine|4\/100 brn\n|-damage|p1a: Rillaboom|62\/100|[from] Recoil\n|move|p2a: MoneyMachine|Blood Moon|p1a: Rillaboom\n|-damage|p1a: Rillaboom|6\/100\n|\n|-heal|p2b: Denji|60\/100|[from] Grassy Terrain\n|-heal|p1b: Volcarona|84\/100|[from] Grassy Terrain\n|-heal|p1a: Rillaboom|12\/100|[from] Grassy Terrain\n|-heal|p2a: MoneyMachine|11\/100 brn|[from] Grassy Terrain\n|-damage|p2a: MoneyMachine|4\/100 brn|[from] brn\n|upkeep\n|turn|4\n|inactive|magnusmagnum has 30 seconds left.\n|\n|t:|1729240115\n|move|p1a: Rillaboom|Grassy Glide|p2a: MoneyMachine\n|-damage|p2a: MoneyMachine|0 fnt\n|faint|p2a: MoneyMachine\n|move|p2b: Denji|Rock Slide|p1b: Volcarona|[spread] p1a,p1b\n|-damage|p1a: Rillaboom|0 fnt\n|-damage|p1b: Volcarona|58\/100\n|faint|p1a: Rillaboom\n|move|p1b: Volcarona|Tera Blast|p2b: Denji|[anim] Tera Blast Fairy\n|-supereffective|p2b: Denji\n|-damage|p2b: Denji|0 fnt\n|faint|p2b: Denji\n|\n|-heal|p1b: Volcarona|65\/100|[from] Grassy Terrain\n|upkeep\n|\n|t:|1729240122\n|switch|p2b: Veridical|Rillaboom, L50, M, shiny|100\/100\n|switch|p2a: PushUrTenper|Sneasler, L50, M, shiny|100\/100\n|turn|5\n|\n|t:|1729240128\n|move|p1b: Volcarona|Protect|p1b: Volcarona\n|-singleturn|p1b: Volcarona|Protect\n|move|p2b: Veridical|Fake Out|p1b: Volcarona\n|-activate|p1b: Volcarona|move: Protect\n|move|p2a: PushUrTenper|Dire Claw|p1b: Volcarona\n|-activate|p1b: Volcarona|move: Protect\n|\n|-heal|p1b: Volcarona|71\/100|[from] Grassy Terrain\n|upkeep\n|turn|6\n|\n|t:|1729240140\n|move|p2b: Veridical|Grassy Glide|p1b: Volcarona\n|-damage|p1b: Volcarona|14\/100\n|-status|p2b: Veridical|brn|[from] ability: Flame Body|[of] p1b: Volcarona\n|move|p1b: Volcarona|Heat Wave|p2b: Veridical|[spread] p2a\n|-miss|p1b: Volcarona|p2b: Veridical\n|-damage|p2a: PushUrTenper|29\/100\n|move|p2a: PushUrTenper|Dire Claw|p1b: Volcarona\n|-supereffective|p1b: Volcarona\n|-damage|p1b: Volcarona|0 fnt\n|-status|p2a: PushUrTenper|brn|[from] ability: Flame Body|[of] p1b: Volcarona\n|faint|p1b: Volcarona\n|\n|win|magnusmagnum\n|raw|Iced Meow's rating: 1706 &rarr; <strong>1687<\/strong><br \/>(-19 for losing)\n|raw|magnusmagnum's rating: 1722 &rarr; <strong>1741<\/strong><br \/>(+19 for winning)\n|l|\u2606magnusmagnum\n|player|p2|\n|l| mr pogostick\n|l|\u2606Iced Meow\n|player|p1|\n","uploadtime":1729240146,"views":9,"formatid":"gen9vgc2024regh","rating":1687,"private":0,"password":null}