{"id":"gen9vgc2024regh-2225614460","format":"[Gen 9] VGC 2024 Reg H","players":["notMooose","yodapoke"],"log":"|j|\u2606notMooose\n|j|\u203dyodapoke\n|t:|1729253164\n|gametype|doubles\n|player|p1|notMooose|burglar|1728\n|player|p2|yodapoke|lucas|1711\n|teamsize|p1|6\n|teamsize|p2|6\n|gen|9\n|tier|[Gen 9] VGC 2024 Reg H\n|rated|\n|rule|Species Clause: Limit one of each Pok\u00e9mon\n|rule|Item Clause: Limit 1 of each item\n|clearpoke\n|poke|p1|Garchomp, L50, M|\n|poke|p1|Ninetales-Alola, L50, M|\n|poke|p1|Kingambit, L50, M|\n|poke|p1|Glaceon, L50, F|\n|poke|p1|Rillaboom, L50, F|\n|poke|p1|Skeledirge, L50, M|\n|poke|p2|Incineroar, L50, M|\n|poke|p2|Sinistcha, L50|\n|poke|p2|Primarina, L50, F|\n|poke|p2|Ursaluna-Bloodmoon, L50, M|\n|poke|p2|Sneasler, L50, M|\n|poke|p2|Tinkaton, L50, F|\n|teampreview|4\n|inactive|Battle timer is ON: inactive players will automatically lose when time's up. (requested by notMooose)\n|inactive|notMooose has 60 seconds left.\n|\n|t:|1729253197\n|start\n|switch|p1a: Ninetales|Ninetales-Alola, L50, M|100\/100\n|switch|p1b: Glaceon|Glaceon, L50, F|100\/100\n|switch|p2a: Sneasler|Sneasler, L50, M|100\/100\n|switch|p2b: Primarina|Primarina, L50, F|100\/100\n|-weather|Snow|[from] ability: Snow Warning|[of] p1a: Ninetales\n|turn|1\n|\n|t:|1729253216\n|move|p2a: Sneasler|Fake Out|p1a: Ninetales\n|-damage|p1a: Ninetales|85\/100\n|-status|p1a: Ninetales|psn|[from] ability: Poison Touch|[of] p2a: Sneasler\n|cant|p1a: Ninetales|flinch\n|move|p1b: Glaceon|Freeze-Dry|p2b: Primarina\n|-supereffective|p2b: Primarina\n|-damage|p2b: Primarina|6\/100\n|move|p2b: Primarina|Hyper Voice|p1b: Glaceon|[spread] p1a,p1b\n|-damage|p1a: Ninetales|37\/100 psn\n|-damage|p1b: Glaceon|60\/100\n|-enditem|p2b: Primarina|Throat Spray\n|-boost|p2b: Primarina|spa|1|[from] item: Throat Spray\n|\n|-weather|Snow|[upkeep]\n|-damage|p1a: Ninetales|25\/100 psn|[from] psn\n|upkeep\n|turn|2\n|\n|t:|1729253240\n|move|p2b: Primarina|Protect|p2b: Primarina\n|-singleturn|p2b: Primarina|Protect\n|move|p2a: Sneasler|Close Combat|p1b: Glaceon|[miss]\n|-miss|p2a: Sneasler|p1b: Glaceon\n|move|p1a: Ninetales|Aurora Veil|p1a: Ninetales\n|-sidestart|p1: notMooose|move: Aurora Veil\n|move|p1b: Glaceon|Freeze-Dry|p2b: Primarina\n|-activate|p2b: Primarina|move: Protect\n|\n|-weather|Snow|[upkeep]\n|-damage|p1a: Ninetales|13\/100 psn|[from] psn\n|upkeep\n|turn|3\n|\n|t:|1729253253\n|move|p2a: Sneasler|Close Combat|p1b: Glaceon|[miss]\n|-miss|p2a: Sneasler|p1b: Glaceon\n|move|p1a: Ninetales|Encore|p2b: Primarina\n|-start|p2b: Primarina|Encore\n|move|p1b: Glaceon|Freeze-Dry|p2a: Sneasler\n|-damage|p2a: Sneasler|27\/100\n|move|p2b: Primarina|Protect||[still]\n|-fail|p2b: Primarina\n|\n|-weather|Snow|[upkeep]\n|-damage|p1a: Ninetales|0 fnt|[from] psn\n|faint|p1a: Ninetales\n|upkeep\n|\n|t:|1729253265\n|switch|p1a: Garchomp|Garchomp, L50, M|100\/100\n|turn|4\n|\n|t:|1729253276\n|switch|p1b: Skeledirge|Skeledirge, L50, M|100\/100\n|move|p2a: Sneasler|Protect|p2a: Sneasler\n|-singleturn|p2a: Sneasler|Protect\n|move|p2b: Primarina|Protect|p2b: Primarina\n|-singleturn|p2b: Primarina|Protect\n|move|p1a: Garchomp|Dragon Claw|p2a: Sneasler\n|-activate|p2a: Sneasler|move: Protect\n|\n|-weather|Snow|[upkeep]\n|upkeep\n|turn|5\n|\n|t:|1729253293\n|move|p2b: Primarina|Protect|p2b: Primarina\n|-singleturn|p2b: Primarina|Protect\n|move|p2a: Sneasler|Dire Claw|p1a: Garchomp\n|-resisted|p1a: Garchomp\n|-damage|p1a: Garchomp|88\/100\n|-damage|p2a: Sneasler|15\/100|[from] ability: Rough Skin|[of] p1a: Garchomp\n|-status|p1a: Garchomp|psn|[from] ability: Poison Touch|[of] p2a: Sneasler\n|move|p1a: Garchomp|Stomping Tantrum|p2b: Primarina\n|-activate|p2b: Primarina|move: Protect\n|move|p1b: Skeledirge|Torch Song|p2a: Sneasler\n|-damage|p2a: Sneasler|0 fnt\n|-boost|p1b: Skeledirge|spa|1\n|faint|p2a: Sneasler\n|\n|-weather|none\n|-damage|p1a: Garchomp|75\/100 psn|[from] psn\n|-end|p2b: Primarina|Encore\n|upkeep\n|\n|t:|1729253308\n|switch|p2a: Sinistcha|Sinistcha, L50|100\/100\n|turn|6\n|\n|t:|1729253324\n|move|p1a: Garchomp|Stomping Tantrum|p2b: Primarina\n|-damage|p2b: Primarina|0 fnt\n|faint|p2b: Primarina\n|move|p1b: Skeledirge|Torch Song|p2a: Sinistcha\n|-supereffective|p2a: Sinistcha\n|-damage|p2a: Sinistcha|39\/100\n|-boost|p1b: Skeledirge|spa|1\n|move|p2a: Sinistcha|Trick Room|p2a: Sinistcha\n|-fieldstart|move: Trick Room|[of] p2a: Sinistcha\n|\n|-heal|p2a: Sinistcha|46\/100|[from] item: Leftovers\n|-damage|p1a: Garchomp|63\/100 psn|[from] psn\n|-sideend|p1: notMooose|move: Aurora Veil\n|upkeep\n|\n|t:|1729253336\n|switch|p2b: Ursaluna|Ursaluna-Bloodmoon, L50, M|100\/100\n|turn|7\n|inactive|notMooose has 30 seconds left.\n|\n|t:|1729253364\n|-terastallize|p2b: Ursaluna|Normal\n|-terastallize|p1b: Skeledirge|Grass\n|move|p2b: Ursaluna|Blood Moon|p1b: Skeledirge\n|-damage|p1b: Skeledirge|0 fnt\n|faint|p1b: Skeledirge\n|-damage|p2b: Ursaluna|90\/100|[from] item: Life Orb\n|move|p2a: Sinistcha|Strength Sap|p1a: Garchomp\n|-unboost|p1a: Garchomp|atk|1\n|-heal|p2a: Sinistcha|100\/100\n|move|p1a: Garchomp|Dragon Claw|p2b: Ursaluna\n|-damage|p2b: Ursaluna|70\/100\n|\n|-damage|p1a: Garchomp|51\/100 psn|[from] psn\n|upkeep\n|j| xiaoliyun.official\n|\n|t:|1729253382\n|switch|p1b: Glaceon|Glaceon, L50, F|60\/100\n|turn|8\n|\n|t:|1729253391\n|move|p2b: Ursaluna|Hyper Voice|p1b: Glaceon|[spread] p1a,p1b\n|-damage|p1a: Garchomp|6\/100 psn\n|-damage|p1b: Glaceon|0 fnt\n|faint|p1b: Glaceon\n|-damage|p2b: Ursaluna|60\/100|[from] item: Life Orb\n|move|p2a: Sinistcha|Calm Mind|p2a: Sinistcha\n|-boost|p2a: Sinistcha|spa|1\n|-boost|p2a: Sinistcha|spd|1\n|move|p1a: Garchomp|Dragon Claw|p2b: Ursaluna\n|-damage|p2b: Ursaluna|38\/100\n|\n|-damage|p1a: Garchomp|0 fnt|[from] psn\n|faint|p1a: Garchomp\n|\n|win|yodapoke\n|upkeep\n|raw|notMooose's rating: 1728 &rarr; <strong>1707<\/strong><br \/>(-21 for losing)\n|raw|yodapoke's rating: 1711 &rarr; <strong>1732<\/strong><br \/>(+21 for winning)\n|l|\u203dyodapoke\n|player|p2|\n|l|\u2606notMooose\n|player|p1|\n|l| xiaoliyun.official\n","uploadtime":1729253664,"views":13,"formatid":"gen9vgc2024regh","rating":1707,"private":0,"password":null}