{"id":"gen9vgc2024regh-2225927530","format":"[Gen 9] VGC 2024 Reg H","players":["Arkalid","RandomDuVGCFR"],"log":"|j|\u203dArkalid\n|j|\u2606RandomDuVGCFR\n|t:|1729282585\n|gametype|doubles\n|player|p1|Arkalid|2|1685\n|player|p2|RandomDuVGCFR|1|1710\n|teamsize|p1|6\n|teamsize|p2|6\n|gen|9\n|tier|[Gen 9] VGC 2024 Reg H\n|rated|\n|rule|Species Clause: Limit one of each Pok\u00e9mon\n|rule|Item Clause: Limit 1 of each item\n|clearpoke\n|poke|p1|Kilowattrel, L50, M|\n|poke|p1|Garchomp, L50, M|\n|poke|p1|Ursaluna-Bloodmoon, L50, M|\n|poke|p1|Clefable, L50, F|\n|poke|p1|Gholdengo, L50|\n|poke|p1|Tyranitar, L50, M|\n|poke|p2|Ninetales-Alola, L50, M|\n|poke|p2|Amoonguss, L50, F|\n|poke|p2|Incineroar, L50, F|\n|poke|p2|Kingambit, L50, M|\n|poke|p2|Dragonite, L50, M|\n|poke|p2|Garchomp, L50, F|\n|teampreview|4\nArkalid has agreed to open team sheets.\n|j| iceman440\n|j| MikeFlem12326171\n|\n|t:|1729282644\n|start\n|switch|p1a: Kilowattrel|Kilowattrel, L50, M|100\/100\n|switch|p1b: Ursaluna|Ursaluna-Bloodmoon, L50, M|100\/100\n|switch|p2a: Amoonguss|Amoonguss, L50, F|100\/100\n|switch|p2b: Garchomp|Garchomp, L50, F|100\/100\n|turn|1\n|\n|t:|1729282667\n|move|p2b: Garchomp|Protect|p2b: Garchomp\n|-singleturn|p2b: Garchomp|Protect\n|move|p1a: Kilowattrel|Air Slash|p2a: Amoonguss\n|-supereffective|p2a: Amoonguss\n|-damage|p2a: Amoonguss|40\/100\n|-enditem|p2a: Amoonguss|Sitrus Berry|[eat]\n|-heal|p2a: Amoonguss|65\/100|[from] item: Sitrus Berry\n|move|p1b: Ursaluna|Blood Moon|p2a: Amoonguss\n|-damage|p2a: Amoonguss|1\/100\n|cant|p2a: Amoonguss|flinch\n|\n|upkeep\n|turn|2\n|c|\u2606RandomDuVGCFR|Ahhhhh\n|c|\u2606RandomDuVGCFR|Nice game\n|c| MikeFlem12326171|1hp survive insane\n|\n|t:|1729282700\n|switch|p2a: Kingambit|Kingambit, L50, M|100\/100\n|move|p1a: Kilowattrel|Tailwind|p1a: Kilowattrel\n|-sidestart|p1: Arkalid|move: Tailwind\n|move|p1b: Ursaluna|Hyper Voice|p2a: Kingambit|[spread] p2a,p2b\n|-resisted|p2a: Kingambit\n|-damage|p2a: Kingambit|89\/100\n|-damage|p2b: Garchomp|61\/100\n|move|p2b: Garchomp|Dragon Claw|p1a: Kilowattrel\n|-damage|p1a: Kilowattrel|4\/100\n|-damage|p2b: Garchomp|51\/100|[from] item: Life Orb\n|\n|upkeep\n|turn|3\n|\n|t:|1729282735\n|switch|p1a: Tyranitar|Tyranitar, L50, M|100\/100\n|-weather|Sandstorm|[from] ability: Sand Stream|[of] p1a: Tyranitar\n|move|p2b: Garchomp|Protect|p2b: Garchomp\n|-singleturn|p2b: Garchomp|Protect\n|move|p1b: Ursaluna|Earth Power|p2b: Garchomp\n|-activate|p2b: Garchomp|move: Protect\n|move|p2a: Kingambit|Low Kick|p1b: Ursaluna\n|-supereffective|p1b: Ursaluna\n|-damage|p1b: Ursaluna|39\/100\n|\n|-weather|Sandstorm|[upkeep]\n|upkeep\n|turn|4\n|\n|t:|1729282773\n|switch|p2b: Incineroar|Incineroar, L50, F|100\/100\n|-ability|p2b: Incineroar|Intimidate|boost\n|-unboost|p1a: Tyranitar|atk|1\n|-unboost|p1b: Ursaluna|atk|1\n|-terastallize|p2a: Kingambit|Dark\n|move|p1a: Tyranitar|Low Kick|p2a: Kingambit\n|-supereffective|p2a: Kingambit\n|-damage|p2a: Kingambit|56\/100\n|move|p1b: Ursaluna|Blood Moon|p2b: Incineroar\n|-damage|p2b: Incineroar|40\/100\n|move|p2a: Kingambit|Low Kick|p1a: Tyranitar\n|-supereffective|p1a: Tyranitar\n|-damage|p1a: Tyranitar|0 fnt\n|faint|p1a: Tyranitar\n|\n|-weather|Sandstorm|[upkeep]\n|-damage|p2a: Kingambit|50\/100|[from] Sandstorm\n|upkeep\n|\n|t:|1729282785\n|switch|p1a: Gholdengo|Gholdengo, L50|100\/100\n|turn|5\n|\n|t:|1729282803\n|-terastallize|p1a: Gholdengo|Flying\n|move|p2b: Incineroar|Fake Out|p1b: Ursaluna\n|-crit|p1b: Ursaluna\n|-damage|p1b: Ursaluna|26\/100\n|move|p2a: Kingambit|Sucker Punch|p1a: Gholdengo\n|-crit|p1a: Gholdengo\n|-damage|p1a: Gholdengo|20\/100\n|move|p1a: Gholdengo|Make It Rain|p2a: Kingambit|[spread] p2a,p2b\n|-resisted|p2b: Incineroar\n|-damage|p2a: Kingambit|19\/100\n|-damage|p2b: Incineroar|18\/100\n|-unboost|p1a: Gholdengo|spa|1\n|-damage|p1a: Gholdengo|11\/100|[from] item: Life Orb\n|cant|p1b: Ursaluna|flinch\n|\n|-weather|Sandstorm|[upkeep]\n|-damage|p1a: Gholdengo|4\/100|[from] Sandstorm\n|-damage|p2a: Kingambit|13\/100|[from] Sandstorm\n|-sideend|p1: Arkalid|move: Tailwind\n|upkeep\n|turn|6\n|\n|t:|1729282838\n|switch|p2a: Amoonguss|Amoonguss, L50, F|35\/100\n|move|p1b: Ursaluna|Vacuum Wave|p2a: Amoonguss\n|-resisted|p2a: Amoonguss\n|-damage|p2a: Amoonguss|28\/100\n|move|p1a: Gholdengo|Make It Rain|p2b: Incineroar|[spread] p2a,p2b\n|-resisted|p2b: Incineroar\n|-damage|p2a: Amoonguss|0 fnt\n|-damage|p2b: Incineroar|5\/100\n|-unboost|p1a: Gholdengo|spa|1\n|faint|p2a: Amoonguss\n|-damage|p1a: Gholdengo|0 fnt|[from] item: Life Orb\n|faint|p1a: Gholdengo\n|move|p2b: Incineroar|Knock Off|p1b: Ursaluna\n|-damage|p1b: Ursaluna|0 fnt\n|-enditem|p1b: Ursaluna|Assault Vest|[from] move: Knock Off|[of] p2b: Incineroar\n|faint|p1b: Ursaluna\n|\n|-weather|Sandstorm|[upkeep]\n|upkeep\n|\n|t:|1729282854\n|switch|p1b: Kilowattrel|Kilowattrel, L50, M|4\/100\n|switch|p2a: Garchomp|Garchomp, L50, F|51\/100\n|turn|7\n|-message|Arkalid forfeited.\n|\n|win|RandomDuVGCFR\n|raw|Arkalid's rating: 1685 &rarr; <strong>1666<\/strong><br \/>(-19 for losing)\n|raw|RandomDuVGCFR's rating: 1710 &rarr; <strong>1729<\/strong><br \/>(+19 for winning)\n|l| iceman440\n|l|\u2606RandomDuVGCFR\n|player|p2|\n|l|\u203dArkalid\n|player|p1|\n","uploadtime":1729282885,"views":9,"formatid":"gen9vgc2024regh","rating":1666,"private":0,"password":null}