{"id":"gen9vgc2024regh-2225119657","format":"[Gen 9] VGC 2024 Reg H","players":["MillerH33","Moon7777"],"log":"|j|\u203dMillerH33\n|j|\u2606Moon7777\n|t:|1729189542\n|gametype|doubles\n|player|p1|MillerH33|riley|1716\n|player|p2|Moon7777|101|1820\n|teamsize|p1|6\n|teamsize|p2|6\n|gen|9\n|tier|[Gen 9] VGC 2024 Reg H\n|rated|\n|rule|Species Clause: Limit one of each Pok\u00e9mon\n|rule|Item Clause: Limit 1 of each item\n|clearpoke\n|poke|p1|Salamence, L50, M|\n|poke|p1|Garchomp, L50, M|\n|poke|p1|Amoonguss, L50, M|\n|poke|p1|Gholdengo, L50|\n|poke|p1|Kilowattrel, L50, M|\n|poke|p1|Tyranitar, L50, F|\n|poke|p2|Sneasler, L50, M|\n|poke|p2|Mimikyu, L50, F|\n|poke|p2|Ursaluna-Bloodmoon, L50, M|\n|poke|p2|Garchomp, L50, M|\n|poke|p2|Rillaboom, L50, M|\n|poke|p2|Gholdengo, L50|\n|teampreview|4\n|j| Millamojake\n|j| Aniaforget\n|inactive|Battle timer is ON: inactive players will automatically lose when time's up. (requested by MillerH33)\n|\n|t:|1729189577\n|start\n|switch|p1a: Kilowattrel|Kilowattrel, L50, M|100\/100\n|switch|p1b: Gholdengo|Gholdengo, L50|100\/100\n|switch|p2a: MoneyMachine|Ursaluna-Bloodmoon, L50, M|100\/100\n|switch|p2b: Ze|Mimikyu, L50, F, shiny|100\/100\n|turn|1\n|j| mekoishere\n|\n|t:|1729189591\n|-terastallize|p1b: Gholdengo|Flying\n|move|p1a: Kilowattrel|Thunderbolt|p2b: Ze\n|-activate|p2b: Ze|ability: Disguise\n|-damage|p2b: Ze|100\/100\n|detailschange|p2b: Ze|Mimikyu-Busted, L50, F, shiny\n|-damage|p2b: Ze|88\/100|[from] pokemon: Mimikyu-Busted\n|move|p2b: Ze|Shadow Claw|p1b: Gholdengo\n|-damage|p1b: Gholdengo|64\/100\n|-damage|p2b: Ze|78\/100|[from] item: Life Orb\n|move|p1b: Gholdengo|Make It Rain|p2b: Ze|[spread] p2a,p2b\n|-supereffective|p2b: Ze\n|-damage|p2a: MoneyMachine|67\/100\n|-damage|p2b: Ze|0 fnt\n|-unboost|p1b: Gholdengo|spa|1\n|faint|p2b: Ze\n|move|p2a: MoneyMachine|Hyper Voice|p1b: Gholdengo|[spread] p1a,p1b\n|-damage|p1a: Kilowattrel|29\/100\n|-damage|p1b: Gholdengo|26\/100\n|\n|-heal|p1b: Gholdengo|32\/100|[from] item: Leftovers\n|upkeep\n|inactive|Moon7777 has 30 seconds left.\n|\n|t:|1729189619\n|switch|p2b: Denji|Garchomp, L50, M, shiny|100\/100\n|turn|2\n|\n|t:|1729189632\n|move|p1b: Gholdengo|Protect|p1b: Gholdengo\n|-singleturn|p1b: Gholdengo|Protect\n|move|p2b: Denji|Dragon Claw|p1a: Kilowattrel\n|-damage|p1a: Kilowattrel|0 fnt\n|faint|p1a: Kilowattrel\n|move|p2a: MoneyMachine|Hyper Voice|p1b: Gholdengo\n|-activate|p1b: Gholdengo|move: Protect\n|\n|-heal|p1b: Gholdengo|39\/100|[from] item: Leftovers\n|upkeep\n|\n|t:|1729189642\n|switch|p1a: Salamence|Salamence, L50, M|100\/100\n|-ability|p1a: Salamence|Intimidate|boost\n|-unboost|p2a: MoneyMachine|atk|1\n|-unboost|p2b: Denji|atk|1\n|turn|3\n|inactive|MillerH33 has 30 seconds left.\n|inactive|Moon7777 has 30 seconds left.\n|\n|t:|1729189672\n|switch|p2b: Walksocket|Gholdengo, L50, shiny|100\/100\n|move|p1a: Salamence|Dragon Pulse|p2b: Walksocket\n|-resisted|p2b: Walksocket\n|-damage|p2b: Walksocket|76\/100\n|move|p1b: Gholdengo|Nasty Plot|p1b: Gholdengo\n|-boost|p1b: Gholdengo|spa|2\n|move|p2a: MoneyMachine|Blood Moon|p1b: Gholdengo\n|-damage|p1b: Gholdengo|0 fnt\n|faint|p1b: Gholdengo\n|\n|upkeep\n|\n|t:|1729189677\n|switch|p1b: Garchomp|Garchomp, L50, M|100\/100\n|turn|4\n|\n|t:|1729189697\n|move|p2b: Walksocket|Protect|p2b: Walksocket\n|-singleturn|p2b: Walksocket|Protect\n|move|p1a: Salamence|Dragon Pulse|p2a: MoneyMachine\n|-damage|p2a: MoneyMachine|34\/100\n|move|p1b: Garchomp|Earthquake|p2a: MoneyMachine|[spread] p2a\n|-activate|p2b: Walksocket|move: Protect\n|-immune|p1a: Salamence\n|-damage|p2a: MoneyMachine|0 fnt\n|faint|p2a: MoneyMachine\n|-damage|p1b: Garchomp|91\/100|[from] item: Life Orb\n|\n|upkeep\n|\n|t:|1729189707\n|switch|p2a: Denji|Garchomp, L50, M, shiny|100\/100\n|turn|5\n|\n|t:|1729189717\n|-terastallize|p2a: Denji|Fairy\n|move|p1b: Garchomp|Protect|p1b: Garchomp\n|-singleturn|p1b: Garchomp|Protect\n|move|p2b: Walksocket|Protect||[still]\n|-fail|p2b: Walksocket\n|move|p2a: Denji|Dragon Claw|p1b: Garchomp\n|-activate|p1b: Garchomp|move: Protect\n|move|p1a: Salamence|Dragon Pulse|p2a: Denji\n|-immune|p2a: Denji\n|\n|upkeep\n|turn|6\n|\n|t:|1729189736\n|move|p2a: Denji|Dragon Claw|p1b: Garchomp\n|-supereffective|p1b: Garchomp\n|-damage|p1b: Garchomp|3\/100\n|-damage|p2a: Denji|88\/100|[from] ability: Rough Skin|[of] p1b: Garchomp\n|move|p1a: Salamence|Dragon Pulse|p2b: Walksocket\n|-resisted|p2b: Walksocket\n|-damage|p2b: Walksocket|53\/100\n|move|p1b: Garchomp|Earthquake|p2a: Denji|[spread] p2a,p2b\n|-immune|p1a: Salamence\n|-supereffective|p2b: Walksocket\n|-damage|p2a: Denji|41\/100\n|-damage|p2b: Walksocket|0 fnt\n|faint|p2b: Walksocket\n|-damage|p1b: Garchomp|0 fnt|[from] item: Life Orb\n|faint|p1b: Garchomp\n|\n|upkeep\n|turn|7\n|\n|t:|1729189747\n|move|p2a: Denji|Dragon Claw|p1a: Salamence\n|-supereffective|p1a: Salamence\n|-damage|p1a: Salamence|1\/100\n|move|p1a: Salamence|Dragon Pulse|p2a: Denji\n|-immune|p2a: Denji\n|\n|upkeep\n|turn|8\n|\n|t:|1729189753\n|move|p2a: Denji|Dragon Claw|p1a: Salamence\n|-supereffective|p1a: Salamence\n|-damage|p1a: Salamence|0 fnt\n|faint|p1a: Salamence\n|\n|win|Moon7777\n|raw|MillerH33's rating: 1716 &rarr; <strong>1702<\/strong><br \/>(-14 for losing)\n|raw|Moon7777's rating: 1820 &rarr; <strong>1834<\/strong><br \/>(+14 for winning)\n|l|\u203dMillerH33\n|player|p1|\n|l|\u2606Moon7777\n|player|p2|\n|l| Millamojake\n|l| Aniaforget\n","uploadtime":1729189928,"views":8,"formatid":"gen9vgc2024regh","rating":1702,"private":0,"password":null}