{"id":"gen9vgc2024regh-2225819120","format":"[Gen 9] VGC 2024 Reg H","players":["catsharknado","RandomDuVGCFR"],"log":"|j|\u2606catsharknado\n|j|\u2606RandomDuVGCFR\n|t:|1729272472\n|gametype|doubles\n|player|p1|catsharknado|101|1751\n|player|p2|RandomDuVGCFR|101|1687\n|teamsize|p1|6\n|teamsize|p2|6\n|gen|9\n|tier|[Gen 9] VGC 2024 Reg H\n|rated|\n|rule|Species Clause: Limit one of each Pok\u00e9mon\n|rule|Item Clause: Limit 1 of each item\n|clearpoke\n|poke|p1|Annihilape, L50, M|\n|poke|p1|Pelipper, L50, M|\n|poke|p1|Sinistcha, L50|\n|poke|p1|Maushold-Four, L50|\n|poke|p1|Archaludon, L50, F|\n|poke|p1|Grimmsnarl, L50, M|\n|poke|p2|Ninetales-Alola, L50, F|\n|poke|p2|Amoonguss, L50, M|\n|poke|p2|Incineroar, L50, F|\n|poke|p2|Kingambit, L50, F|\n|poke|p2|Dragonite, L50, F|\n|poke|p2|Garchomp, L50, M|\n|teampreview|4\n|inactive|Battle timer is ON: inactive players will automatically lose when time's up. (requested by catsharknado)\n|\n|t:|1729272500\n|start\n|switch|p1a: Grimmsnarl|Grimmsnarl, L50, M|100\/100\n|switch|p1b: Annihilape|Annihilape, L50, M|100\/100\n|switch|p2a: Dragonite|Dragonite, L50, F|100\/100\n|switch|p2b: Garchomp|Garchomp, L50, M|100\/100\n|turn|1\n|\n|t:|1729272516\n|-terastallize|p2a: Dragonite|Flying\n|move|p1a: Grimmsnarl|Reflect|p1a: Grimmsnarl\n|-sidestart|p1: catsharknado|Reflect\n|move|p2b: Garchomp|Earthquake|p1b: Annihilape|[spread] p1a,p1b\n|-immune|p2a: Dragonite\n|-damage|p1a: Grimmsnarl|65\/100\n|-damage|p1b: Annihilape|67\/100\n|-damage|p2b: Garchomp|91\/100|[from] item: Life Orb\n|move|p1b: Annihilape|Bulk Up|p1b: Annihilape\n|-boost|p1b: Annihilape|atk|1\n|-boost|p1b: Annihilape|def|1\n|move|p2a: Dragonite|Tera Blast|p1b: Annihilape|[anim] Tera Blast Flying\n|-supereffective|p1b: Annihilape\n|-damage|p1b: Annihilape|13\/100\n|\n|-heal|p1b: Annihilape|19\/100|[from] item: Leftovers\n|upkeep\n|turn|2\n|\n|t:|1729272539\n|move|p1b: Annihilape|Protect|p1b: Annihilape\n|-singleturn|p1b: Annihilape|Protect\n|move|p2b: Garchomp|Earthquake|p1a: Grimmsnarl|[spread] p1a\n|-activate|p1b: Annihilape|move: Protect\n|-immune|p2a: Dragonite\n|-damage|p1a: Grimmsnarl|34\/100\n|-damage|p2b: Garchomp|81\/100|[from] item: Life Orb\n|move|p2a: Dragonite|Tera Blast|p1a: Grimmsnarl|[anim] Tera Blast Flying\n|-damage|p1a: Grimmsnarl|0 fnt\n|faint|p1a: Grimmsnarl\n|\n|-heal|p1b: Annihilape|25\/100|[from] item: Leftovers\n|upkeep\n|\n|t:|1729272549\n|switch|p1a: Sinistcha|Sinistcha, L50|100\/100\n|-heal|p1b: Annihilape|50\/100|[from] ability: Hospitality|[of] p1a: Sinistcha\n|turn|3\n|\n|t:|1729272564\n|-terastallize|p1b: Annihilape|Water\n|move|p2b: Garchomp|Earthquake|p1a: Sinistcha|[spread] p1a,p1b\n|-immune|p2a: Dragonite\n|-resisted|p1a: Sinistcha\n|-damage|p1a: Sinistcha|87\/100\n|-damage|p1b: Annihilape|25\/100\n|-damage|p2b: Garchomp|71\/100|[from] item: Life Orb\n|move|p1b: Annihilape|Rage Fist|p2a: Dragonite\n|-damage|p2a: Dragonite|34\/100\n|move|p2a: Dragonite|Tera Blast|p1b: Annihilape|[anim] Tera Blast Flying\n|-damage|p1b: Annihilape|0 fnt\n|faint|p1b: Annihilape\n|move|p1a: Sinistcha|Matcha Gotcha|p2b: Garchomp|[spread] p2a,p2b\n|-resisted|p2a: Dragonite\n|-damage|p2a: Dragonite|22\/100\n|-heal|p1a: Sinistcha|93\/100|[from] drain|[of] p2a: Dragonite\n|-damage|p2b: Garchomp|46\/100\n|-heal|p1a: Sinistcha|100\/100|[from] drain|[of] p2b: Garchomp\n|\n|upkeep\n|\n|t:|1729272576\n|switch|p1b: Maushold|Maushold-Four, L50|100\/100\n|turn|4\n|\n|t:|1729272585\n|move|p1b: Maushold|Beat Up|p2a: Dragonite\n|-damage|p2a: Dragonite|20\/100\n|-damage|p2a: Dragonite|17\/100\n|-hitcount|p2a: Dragonite|2\n|move|p2b: Garchomp|Earthquake|p1b: Maushold|[spread] p1a,p1b\n|-immune|p2a: Dragonite\n|-resisted|p1a: Sinistcha\n|-damage|p1a: Sinistcha|89\/100\n|-damage|p1b: Maushold|64\/100\n|-damage|p2b: Garchomp|36\/100|[from] item: Life Orb\n|move|p2a: Dragonite|Tera Blast|p1a: Sinistcha|[anim] Tera Blast Flying\n|-supereffective|p1a: Sinistcha\n|-damage|p1a: Sinistcha|40\/100\n|-enditem|p1a: Sinistcha|Sitrus Berry|[eat]\n|-heal|p1a: Sinistcha|65\/100|[from] item: Sitrus Berry\n|move|p1a: Sinistcha|Matcha Gotcha|p2a: Dragonite|[spread] p2a,p2b\n|-resisted|p2a: Dragonite\n|-damage|p2a: Dragonite|6\/100\n|-heal|p1a: Sinistcha|70\/100|[from] drain|[of] p2a: Dragonite\n|-damage|p2b: Garchomp|9\/100\n|-heal|p1a: Sinistcha|84\/100|[from] drain|[of] p2b: Garchomp\n|\n|upkeep\n|turn|5\n|\n|t:|1729272602\n|move|p1b: Maushold|Protect|p1b: Maushold\n|-singleturn|p1b: Maushold|Protect\n|move|p2b: Garchomp|Earthquake|p1a: Sinistcha|[spread] p1a\n|-activate|p1b: Maushold|move: Protect\n|-immune|p2a: Dragonite\n|-resisted|p1a: Sinistcha\n|-crit|p1a: Sinistcha\n|-damage|p1a: Sinistcha|63\/100\n|-damage|p2b: Garchomp|0 fnt|[from] item: Life Orb\n|faint|p2b: Garchomp\n|move|p2a: Dragonite|Tera Blast|p1b: Maushold|[anim] Tera Blast Flying\n|-activate|p1b: Maushold|move: Protect\n|move|p1a: Sinistcha|Trick Room|p1a: Sinistcha\n|-fieldstart|move: Trick Room|[of] p1a: Sinistcha\n|\n|upkeep\n|\n|t:|1729272605\n|switch|p2b: Kingambit|Kingambit, L50, F|100\/100\n|turn|6\n|j| Luigi over mario\n|\n|t:|1729272619\n|move|p2a: Dragonite|Protect|p2a: Dragonite\n|-singleturn|p2a: Dragonite|Protect\n|move|p1b: Maushold|Follow Me|p1b: Maushold\n|-singleturn|p1b: Maushold|move: Follow Me\n|move|p2b: Kingambit|Kowtow Cleave|p1b: Maushold\n|-damage|p1b: Maushold|28\/100\n|move|p1a: Sinistcha|Matcha Gotcha|p2a: Dragonite|[spread] p2b\n|-activate|p2a: Dragonite|move: Protect\n|-resisted|p2b: Kingambit\n|-damage|p2b: Kingambit|94\/100\n|-heal|p1a: Sinistcha|67\/100|[from] drain|[of] p2b: Kingambit\n|\n|upkeep\n|turn|7\n|\n|t:|1729272630\n|move|p1b: Maushold|Protect|p1b: Maushold\n|-singleturn|p1b: Maushold|Protect\n|move|p2b: Kingambit|Kowtow Cleave|p1b: Maushold\n|-activate|p1b: Maushold|move: Protect\n|move|p1a: Sinistcha|Matcha Gotcha|p2b: Kingambit|[spread] p2a,p2b\n|-resisted|p2a: Dragonite\n|-resisted|p2b: Kingambit\n|-damage|p2a: Dragonite|0 fnt\n|-heal|p1a: Sinistcha|70\/100|[from] drain|[of] p2a: Dragonite\n|-damage|p2b: Kingambit|86\/100\n|-heal|p1a: Sinistcha|75\/100|[from] drain|[of] p2b: Kingambit\n|faint|p2a: Dragonite\n|\n|upkeep\n|\n|t:|1729272633\n|switch|p2a: Ninetales|Ninetales-Alola, L50, F|100\/100\n|-weather|Snow|[from] ability: Snow Warning|[of] p2a: Ninetales\n|turn|8\n|\n|t:|1729272654\n|move|p1b: Maushold|Follow Me|p1b: Maushold\n|-singleturn|p1b: Maushold|move: Follow Me\n|move|p2b: Kingambit|Kowtow Cleave|p1b: Maushold\n|-damage|p1b: Maushold|0 fnt\n|faint|p1b: Maushold\n|move|p1a: Sinistcha|Matcha Gotcha|p2a: Ninetales|[spread] p2a,p2b\n|-resisted|p2b: Kingambit\n|-damage|p2a: Ninetales|72\/100\n|-heal|p1a: Sinistcha|86\/100|[from] drain|[of] p2a: Ninetales\n|-damage|p2b: Kingambit|79\/100\n|-heal|p1a: Sinistcha|91\/100|[from] drain|[of] p2b: Kingambit\n|move|p2a: Ninetales|Blizzard|p1a: Sinistcha\n|-supereffective|p1a: Sinistcha\n|-damage|p1a: Sinistcha|0 fnt\n|faint|p1a: Sinistcha\n|\n|win|RandomDuVGCFR\n|raw|catsharknado's rating: 1751 &rarr; <strong>1727<\/strong><br \/>(-24 for losing)\n|raw|RandomDuVGCFR's rating: 1687 &rarr; <strong>1711<\/strong><br \/>(+24 for winning)\n|l|\u2606catsharknado\n|player|p1|\n|l| Luigi over mario\n|l|\u2606RandomDuVGCFR\n|player|p2|\n","uploadtime":1729272853,"views":15,"formatid":"gen9vgc2024regh","rating":1711,"private":0,"password":null}