{"id":"gen9vgc2024regh-2225613088","format":"[Gen 9] VGC 2024 Reg H","players":["magnusmagnum","Geodude3138"],"log":"|j|\u2606magnusmagnum\n|j|\u203dGeodude3138\n|t:|1729252997\n|gametype|doubles\n|player|p1|magnusmagnum|2|1838\n|player|p2|Geodude3138|psychicf|1826\n|teamsize|p1|6\n|teamsize|p2|6\n|gen|9\n|tier|[Gen 9] VGC 2024 Reg H\n|rated|\n|rule|Species Clause: Limit one of each Pok\u00e9mon\n|rule|Item Clause: Limit 1 of each item\n|clearpoke\n|poke|p1|Sneasler, L50, F|\n|poke|p1|Mimikyu, L50, F|\n|poke|p1|Ursaluna-Bloodmoon, L50, M|\n|poke|p1|Garchomp, L50, F|\n|poke|p1|Rillaboom, L50, F|\n|poke|p1|Gholdengo, L50|\n|poke|p2|Dragonite, L50, M|\n|poke|p2|Gholdengo, L50|\n|poke|p2|Whimsicott, L50, F|\n|poke|p2|Basculegion, L50, M|\n|poke|p2|Archaludon, L50, M|\n|poke|p2|Politoed, L50, M|\n|teampreview|4\n|j| falcon108\n|inactive|Battle timer is ON: inactive players will automatically lose when time's up. (requested by magnusmagnum)\n|\n|t:|1729253048\n|start\n|switch|p1a: PushUrTenper|Sneasler, L50, F, shiny|100\/100\n|switch|p1b: Ze|Mimikyu, L50, F, shiny|100\/100\n|switch|p2a: Dragonite|Dragonite, L50, M|100\/100\n|switch|p2b: Whimsicott|Whimsicott, L50, F|100\/100\n|turn|1\n|inactive|magnusmagnum has 30 seconds left.\n|inactive|Geodude3138 has 30 seconds left.\n|inactive|magnusmagnum has 20 seconds left.\n|inactive|Geodude3138 has 20 seconds left.\n|inactive|magnusmagnum has 15 seconds left.\n|inactive|Geodude3138 has 15 seconds left.\n|inactive|magnusmagnum has 10 seconds left.\n|inactive|Geodude3138 has 10 seconds left.\n|\n|t:|1729253096\n|switch|p1a: MoneyMachine|Ursaluna-Bloodmoon, L50, M|100\/100\n|-terastallize|p2a: Dragonite|Flying\n|move|p2b: Whimsicott|Taunt|p1b: Ze\n|-start|p1b: Ze|move: Taunt\n|move|p2a: Dragonite|Tera Blast|p1a: MoneyMachine|[anim] Tera Blast Flying\n|-damage|p1a: MoneyMachine|53\/100\n|cant|p1b: Ze|move: Taunt|Trick Room\n|\n|upkeep\n|turn|2\n|inactive|magnusmagnum has 30 seconds left.\n|inactive|magnusmagnum has 20 seconds left.\n|inactive|magnusmagnum has 15 seconds left.\n|inactive|magnusmagnum has 10 seconds left.\n|\n|t:|1729253142\n|move|p1b: Ze|Play Rough|p2a: Dragonite\n|-damage|p2a: Dragonite|78\/100\n|-damage|p1b: Ze|91\/100|[from] item: Life Orb\n|move|p2b: Whimsicott|Moonblast|p1b: Ze\n|-activate|p1b: Ze|ability: Disguise\n|-damage|p1b: Ze|91\/100\n|-unboost|p1b: Ze|spa|1\n|detailschange|p1b: Ze|Mimikyu-Busted, L50, F, shiny\n|-damage|p1b: Ze|78\/100|[from] pokemon: Mimikyu-Busted\n|move|p1a: MoneyMachine|Hyper Voice|p2a: Dragonite|[spread] p2a,p2b\n|-damage|p2a: Dragonite|45\/100\n|-damage|p2b: Whimsicott|48\/100\n|move|p2a: Dragonite|Low Kick|p1a: MoneyMachine\n|-supereffective|p1a: MoneyMachine\n|-damage|p1a: MoneyMachine|0 fnt\n|faint|p1a: MoneyMachine\n|\n|upkeep\n|inactive|magnusmagnum has 30 seconds left.\n|c|\u2606magnusmagnum|min speed lol\n|\n|t:|1729253174\n|switch|p1a: PushUrTenper|Sneasler, L50, F, shiny|100\/100\n|turn|3\n|\n|t:|1729253191\n|move|p1a: PushUrTenper|Fake Out|p2a: Dragonite\n|-damage|p2a: Dragonite|31\/100\n|move|p1b: Ze|Play Rough|p2b: Whimsicott\n|-damage|p2b: Whimsicott|0 fnt\n|faint|p2b: Whimsicott\n|-damage|p1b: Ze|68\/100|[from] item: Life Orb\n|cant|p2a: Dragonite|flinch\n|\n|-end|p1b: Ze|move: Taunt\n|upkeep\n|\n|t:|1729253204\n|switch|p2b: Gholdengo|Gholdengo, L50|100\/100\n|turn|4\n|inactive|magnusmagnum has 30 seconds left.\n|inactive|magnusmagnum has 20 seconds left.\n|inactive|magnusmagnum has 15 seconds left.\n|\n|t:|1729253246\n|-terastallize|p1b: Ze|Ghost\n|move|p1b: Ze|Shadow Sneak|p2b: Gholdengo\n|-supereffective|p2b: Gholdengo\n|-damage|p2b: Gholdengo|42\/100\n|-damage|p1b: Ze|59\/100|[from] item: Life Orb\n|move|p1a: PushUrTenper|Dire Claw|p2a: Dragonite\n|-damage|p2a: Dragonite|0 fnt\n|faint|p2a: Dragonite\n|move|p2b: Gholdengo|Make It Rain|p1b: Ze|[spread] p1a,p1b\n|-damage|p1a: PushUrTenper|8\/100\n|-damage|p1b: Ze|0 fnt\n|-unboost|p2b: Gholdengo|spa|1\n|faint|p1b: Ze\n|-damage|p2b: Gholdengo|32\/100|[from] item: Life Orb\n|\n|upkeep\n|j| painkiller43\n|\n|t:|1729253268\n|switch|p1b: Veridical|Rillaboom, L50, F, shiny|100\/100\n|switch|p2a: Archaludon|Archaludon, L50, M|100\/100\n|-fieldstart|move: Grassy Terrain|[from] ability: Grassy Surge|[of] p1b: Veridical\n|turn|5\n|inactive|magnusmagnum has 30 seconds left.\n|l| painkiller43\n|\n|t:|1729253299\n|move|p1a: PushUrTenper|Protect|p1a: PushUrTenper\n|-singleturn|p1a: PushUrTenper|Protect\n|move|p1b: Veridical|Wood Hammer|p2b: Gholdengo\n|-resisted|p2b: Gholdengo\n|-damage|p2b: Gholdengo|0 fnt\n|faint|p2b: Gholdengo\n|-damage|p1b: Veridical|90\/100|[from] Recoil\n|move|p2a: Archaludon|Electro Shot||[still]\n|-prepare|p2a: Archaludon|Electro Shot\n|-boost|p2a: Archaludon|spa|1\n|-enditem|p2a: Archaludon|Power Herb\n|-anim|p2a: Archaludon|Electro Shot|p1b: Veridical\n|-resisted|p1b: Veridical\n|-damage|p1b: Veridical|53\/100\n|\n|-heal|p1a: PushUrTenper|13\/100|[from] Grassy Terrain\n|-heal|p1b: Veridical|59\/100|[from] Grassy Terrain\n|upkeep\n|turn|6\n|\n|t:|1729253317\n|move|p1a: PushUrTenper|Close Combat|p2a: Archaludon\n|-supereffective|p2a: Archaludon\n|-damage|p2a: Archaludon|14\/100\n|-unboost|p1a: PushUrTenper|def|1\n|-unboost|p1a: PushUrTenper|spd|1\n|move|p1b: Veridical|Wood Hammer|p2a: Archaludon\n|-resisted|p2a: Archaludon\n|-damage|p2a: Archaludon|0 fnt\n|faint|p2a: Archaludon\n|-damage|p1b: Veridical|54\/100|[from] Recoil\n|\n|win|magnusmagnum\n|raw|magnusmagnum's rating: 1838 &rarr; <strong>1857<\/strong><br \/>(+19 for winning)\n|raw|Geodude3138's rating: 1826 &rarr; <strong>1807<\/strong><br \/>(-19 for losing)\n|c|\u2606magnusmagnum|everything is min speed\n|l|\u203dGeodude3138\n|player|p2|\n","uploadtime":1729253526,"views":80,"formatid":"gen9vgc2024regh","rating":1807,"private":0,"password":null}