{"id":"gen9vgc2024regh-2225137980","format":"[Gen 9] VGC 2024 Reg H","players":["notMooose","yung elmers glue"],"log":"|j|\u2606notMooose\n|j|\u2606yung elmers glue\n|t:|1729191143\n|gametype|doubles\n|player|p1|notMooose|burglar|1709\n|player|p2|yung elmers glue|juan|1700\n|teamsize|p1|6\n|teamsize|p2|6\n|gen|9\n|tier|[Gen 9] VGC 2024 Reg H\n|rated|\n|rule|Species Clause: Limit one of each Pok\u00e9mon\n|rule|Item Clause: Limit 1 of each item\n|clearpoke\n|poke|p1|Garchomp, L50, M|\n|poke|p1|Ninetales-Alola, L50, M|\n|poke|p1|Kingambit, L50, M|\n|poke|p1|Glaceon, L50, F|\n|poke|p1|Rillaboom, L50, M|\n|poke|p1|Skeledirge, L50, F|\n|poke|p2|Dondozo, L50, F|\n|poke|p2|Tatsugiri, L50, F|\n|poke|p2|Archaludon, L50, M|\n|poke|p2|Talonflame, L50, F|\n|poke|p2|Dragonite, L50, F|\n|poke|p2|Glimmora, L50, F|\n|teampreview|4\n|inactive|Battle timer is ON: inactive players will automatically lose when time's up. (requested by notMooose)\n|\n|t:|1729191162\n|start\n|switch|p1a: Ninetales|Ninetales-Alola, L50, M|100\/100\n|switch|p1b: Glaceon|Glaceon, L50, F|100\/100\n|switch|p2a: Glimmora|Glimmora, L50, F|100\/100\n|switch|p2b: Talonflame|Talonflame, L50, F|100\/100\n|-weather|Snow|[from] ability: Snow Warning|[of] p1a: Ninetales\n|turn|1\n|inactive|notMooose has 30 seconds left.\n|\n|t:|1729191195\n|switch|p1b: Garchomp|Garchomp, L50, M|100\/100\n|move|p2b: Talonflame|Tailwind|p2b: Talonflame\n|-sidestart|p2: yung elmers glue|move: Tailwind\n|move|p2a: Glimmora|Power Gem|p1b: Garchomp\n|-resisted|p1b: Garchomp\n|-damage|p1b: Garchomp|87\/100\n|move|p1a: Ninetales|Aurora Veil|p1a: Ninetales\n|-sidestart|p1: notMooose|move: Aurora Veil\n|\n|-weather|Snow|[upkeep]\n|upkeep\n|turn|2\n|\n|t:|1729191212\n|-terastallize|p2a: Glimmora|Grass\n|move|p1a: Ninetales|Protect|p1a: Ninetales\n|-singleturn|p1a: Ninetales|Protect\n|move|p2b: Talonflame|Flare Blitz|p1a: Ninetales\n|-activate|p1a: Ninetales|move: Protect\n|move|p2a: Glimmora|Power Gem|p1a: Ninetales\n|-activate|p1a: Ninetales|move: Protect\n|move|p1b: Garchomp|Stomping Tantrum|p2a: Glimmora\n|-resisted|p2a: Glimmora\n|-damage|p2a: Glimmora|77\/100\n|-activate|p2a: Glimmora|ability: Toxic Debris\n|-sidestart|p1: notMooose|move: Toxic Spikes\n|\n|-weather|Snow|[upkeep]\n|upkeep\n|turn|3\n|\n|t:|1729191230\n|move|p2b: Talonflame|Flare Blitz|p1a: Ninetales\n|-supereffective|p1a: Ninetales\n|-damage|p1a: Ninetales|41\/100\n|-damage|p2b: Talonflame|82\/100|[from] Recoil\n|move|p2a: Glimmora|Power Gem|p1a: Ninetales\n|-supereffective|p1a: Ninetales\n|-damage|p1a: Ninetales|0 fnt\n|faint|p1a: Ninetales\n|move|p1b: Garchomp|Dragon Claw|p2b: Talonflame\n|-damage|p2b: Talonflame|17\/100\n|\n|-weather|Snow|[upkeep]\n|upkeep\n|\n|t:|1729191238\n|switch|p1a: Glaceon|Glaceon, L50, F|100\/100\n|-status|p1a: Glaceon|psn\n|turn|4\n|\n|t:|1729191249\n|switch|p2b: Dragonite|Dragonite, L50, F|100\/100\n|-terastallize|p1a: Glaceon|Water\n|move|p2a: Glimmora|Power Gem|p1a: Glaceon|[miss]\n|-miss|p2a: Glimmora|p1a: Glaceon\n|move|p1b: Garchomp|Dragon Claw|p2a: Glimmora\n|-damage|p2a: Glimmora|16\/100\n|-activate|p2a: Glimmora|ability: Toxic Debris\n|-sidestart|p1: notMooose|move: Toxic Spikes\n|move|p1a: Glaceon|Blizzard|p2a: Glimmora|[spread] p2a,p2b\n|-supereffective|p2a: Glimmora\n|-supereffective|p2b: Dragonite\n|-damage|p2a: Glimmora|0 fnt\n|-damage|p2b: Dragonite|0 fnt\n|faint|p2a: Glimmora\n|faint|p2b: Dragonite\n|\n|-weather|Snow|[upkeep]\n|-damage|p1a: Glaceon|88\/100 psn|[from] psn\n|-sideend|p2: yung elmers glue|move: Tailwind\n|upkeep\n|\n|t:|1729191261\n|switch|p2a: Archaludon|Archaludon, L50, M|100\/100\n|switch|p2b: Talonflame|Talonflame, L50, F|17\/100\n|turn|5\n|\n|t:|1729191268\n|move|p2b: Talonflame|Tailwind|p2b: Talonflame\n|-sidestart|p2: yung elmers glue|move: Tailwind\n|move|p2a: Archaludon|Electro Shot||[still]\n|-prepare|p2a: Archaludon|Electro Shot\n|-boost|p2a: Archaludon|spa|1\n|-enditem|p2a: Archaludon|Power Herb\n|-anim|p2a: Archaludon|Electro Shot|p1a: Glaceon\n|-supereffective|p1a: Glaceon\n|-damage|p1a: Glaceon|0 fnt\n|faint|p1a: Glaceon\n|move|p1b: Garchomp|Dragon Claw|p2b: Talonflame\n|-damage|p2b: Talonflame|0 fnt\n|faint|p2b: Talonflame\n|\n|-weather|none\n|-sideend|p1: notMooose|move: Aurora Veil\n|upkeep\n|\n|t:|1729191279\n|switch|p1a: Skeledirge|Skeledirge, L50, F|100\/100\n|-status|p1a: Skeledirge|tox\n|turn|6\n|\n|t:|1729191286\n|move|p2a: Archaludon|Protect|p2a: Archaludon\n|-singleturn|p2a: Archaludon|Protect\n|move|p1b: Garchomp|Stomping Tantrum|p2a: Archaludon\n|-activate|p2a: Archaludon|move: Protect\n|move|p1a: Skeledirge|Torch Song|p2a: Archaludon\n|-activate|p2a: Archaludon|move: Protect\n|\n|-damage|p1a: Skeledirge|94\/100 tox|[from] psn\n|upkeep\n|turn|7\n|\n|t:|1729191292\n|move|p2a: Archaludon|Flash Cannon|p1b: Garchomp\n|-damage|p1b: Garchomp|49\/100\n|move|p1b: Garchomp|Stomping Tantrum|p2a: Archaludon\n|-supereffective|p2a: Archaludon\n|-damage|p2a: Archaludon|28\/100\n|move|p1a: Skeledirge|Torch Song|p2a: Archaludon\n|-damage|p2a: Archaludon|0 fnt\n|-boost|p1a: Skeledirge|spa|1\n|faint|p2a: Archaludon\n|\n|win|notMooose\n|raw|notMooose's rating: 1709 &rarr; <strong>1728<\/strong><br \/>(+19 for winning)\n|raw|yung elmers glue's rating: 1700 &rarr; <strong>1681<\/strong><br \/>(-19 for losing)\n|l|\u2606yung elmers glue\n|player|p2|\n|l|\u2606notMooose\n|player|p1|\n","uploadtime":1729191439,"views":14,"formatid":"gen9vgc2024regh","rating":1681,"private":0,"password":null}