{"id":"gen9vgc2024regh-2225717753","format":"[Gen 9] VGC 2024 Reg H","players":["KDR-Alt-711","rengeki style"],"log":"|j|\u2606KDR-Alt-711\n|j|\u2606rengeki style\n|t:|1729263456\n|gametype|doubles\n|player|p1|KDR-Alt-711|1|1691\n|player|p2|rengeki style|266|1684\n|teamsize|p1|6\n|teamsize|p2|6\n|gen|9\n|tier|[Gen 9] VGC 2024 Reg H\n|rated|\n|rule|Species Clause: Limit one of each Pok\u00e9mon\n|rule|Item Clause: Limit 1 of each item\n|clearpoke\n|poke|p1|Chandelure, L50, F|\n|poke|p1|Reuniclus, L50, M|\n|poke|p1|Torkoal, L50, M|\n|poke|p1|Indeedee-F, L50, F|\n|poke|p1|Lilligant-Hisui, L50, F|\n|poke|p1|Kingambit, L50, F|\n|poke|p2|Garganacl, L50, M|\n|poke|p2|Ursaluna-Bloodmoon, L50, M|\n|poke|p2|Meowscarada, L50, F|\n|poke|p2|Sinistcha, L50|\n|poke|p2|Dragapult, L50, F|\n|poke|p2|Incineroar, L50, F|\n|teampreview|4\n|inactive|Battle timer is ON: inactive players will automatically lose when time's up. (requested by KDR-Alt-711)\n|\n|t:|1729263489\n|start\n|switch|p1a: Reuniclus|Reuniclus, L50, M, shiny|100\/100\n|switch|p1b: Indeedee|Indeedee-F, L50, F, shiny|100\/100\n|switch|p2a: Dragapult|Dragapult, L50, F|100\/100\n|switch|p2b: Meowscarada|Meowscarada, L50, F|100\/100\n|-fieldstart|move: Psychic Terrain|[from] ability: Psychic Surge|[of] p1b: Indeedee\n|turn|1\n|\n|t:|1729263503\n|move|p1b: Indeedee|Follow Me|p1b: Indeedee\n|-singleturn|p1b: Indeedee|move: Follow Me\n|move|p2a: Dragapult|Light Screen|p2a: Dragapult\n|-sidestart|p2: rengeki style|move: Light Screen\n|move|p2b: Meowscarada|Knock Off|p1b: Indeedee\n|-supereffective|p1b: Indeedee\n|-crit|p1b: Indeedee\n|-damage|p1b: Indeedee|0 fnt\n|-enditem|p1b: Indeedee|Safety Goggles|[from] move: Knock Off|[of] p2b: Meowscarada\n|faint|p1b: Indeedee\n|-damage|p2b: Meowscarada|91\/100|[from] item: Life Orb\n|move|p1a: Reuniclus|Trick Room|p1a: Reuniclus\n|-fieldstart|move: Trick Room|[of] p1a: Reuniclus\n|\n|upkeep\n|\n|t:|1729263509\n|switch|p1b: Torkoal|Torkoal, L50, M, shiny|100\/100\n|-weather|SunnyDay|[from] ability: Drought|[of] p1b: Torkoal\n|turn|2\n|inactive|rengeki style has 30 seconds left.\n|\n|t:|1729263534\n|switch|p2b: Incineroar|Incineroar, L50, F|100\/100\n|-ability|p2b: Incineroar|Intimidate|boost\n|-unboost|p1a: Reuniclus|atk|1\n|-unboost|p1b: Torkoal|atk|1\n|move|p1b: Torkoal|Eruption|p2a: Dragapult|[spread] p2a,p2b\n|-resisted|p2a: Dragapult\n|-resisted|p2b: Incineroar\n|-damage|p2a: Dragapult|63\/100\n|-damage|p2b: Incineroar|81\/100\n|move|p1a: Reuniclus|Expanding Force|p2b: Incineroar|[spread] p2a\n|-immune|p2b: Incineroar\n|-damage|p2a: Dragapult|0 fnt\n|faint|p2a: Dragapult\n|\n|-weather|SunnyDay|[upkeep]\n|upkeep\n|\n|t:|1729263546\n|switch|p2a: Garganacl|Garganacl, L50, M|100\/100\n|turn|3\n|\n|t:|1729263551\n|-terastallize|p1a: Reuniclus|Fighting\n|move|p1b: Torkoal|Helping Hand|p1a: Reuniclus\n|-singleturn|p1a: Reuniclus|Helping Hand|[of] p1b: Torkoal\n|move|p1a: Reuniclus|Tera Blast|p2b: Incineroar|[anim] Tera Blast Fighting\n|-supereffective|p2b: Incineroar\n|-damage|p2b: Incineroar|0 fnt\n|faint|p2b: Incineroar\n|move|p2a: Garganacl|Salt Cure|p1b: Torkoal\n|-supereffective|p1b: Torkoal\n|-damage|p1b: Torkoal|80\/100\n|-start|p1b: Torkoal|Salt Cure\n|\n|-weather|SunnyDay|[upkeep]\n|-damage|p1b: Torkoal|68\/100|[from] Salt Cure\n|upkeep\n|\n|t:|1729263558\n|switch|p2b: Meowscarada|Meowscarada, L50, F|91\/100\n|turn|4\n|\n|t:|1729263571\n|move|p1b: Torkoal|Flamethrower|p2b: Meowscarada\n|-supereffective|p2b: Meowscarada\n|-damage|p2b: Meowscarada|0 fnt\n|faint|p2b: Meowscarada\n|move|p1a: Reuniclus|Expanding Force|p2a: Garganacl\n|-damage|p2a: Garganacl|45\/100\n|move|p2a: Garganacl|Salt Cure|p1a: Reuniclus\n|-resisted|p1a: Reuniclus\n|-damage|p1a: Reuniclus|94\/100\n|-start|p1a: Reuniclus|Salt Cure\n|\n|-weather|SunnyDay|[upkeep]\n|-heal|p2a: Garganacl|51\/100|[from] item: Leftovers\n|-damage|p1b: Torkoal|55\/100|[from] Salt Cure\n|upkeep\n|turn|5\n|-message|rengeki style forfeited.\n|\n|win|KDR-Alt-711\n|raw|KDR-Alt-711's rating: 1691 &rarr; <strong>1711<\/strong><br \/>(+20 for winning)\n|raw|rengeki style's rating: 1684 &rarr; <strong>1664<\/strong><br \/>(-20 for losing)\n|l|\u2606rengeki style\n|player|p2|\n|l|\u2606KDR-Alt-711\n|player|p1|\n","uploadtime":1729263761,"views":8,"formatid":"gen9vgc2024regh","rating":1664,"private":0,"password":null}