{"id":"gen9vgc2024regh-2225889590","format":"[Gen 9] VGC 2024 Reg H","players":["N8NoDog","rgktest"],"log":"|j|\u2606N8NoDog\n|j|\u2606rgktest\n|t:|1729278890\n|gametype|doubles\n|player|p1|N8NoDog|archer|1699\n|player|p2|rgktest|101|1733\n|teamsize|p1|6\n|teamsize|p2|6\n|gen|9\n|tier|[Gen 9] VGC 2024 Reg H\n|rated|\n|rule|Species Clause: Limit one of each Pok\u00e9mon\n|rule|Item Clause: Limit 1 of each item\n|clearpoke\n|poke|p1|Typhlosion-Hisui, L50, M|\n|poke|p1|Dragonite, L50, M|\n|poke|p1|Murkrow, L50, F|\n|poke|p1|Kingambit, L50, F|\n|poke|p1|Sneasler, L50, M|\n|poke|p1|Tsareena, L50, F|\n|poke|p2|Weezing-Galar, L50, M|\n|poke|p2|Kommo-o, L50, M|\n|poke|p2|Basculegion, L50, M|\n|poke|p2|Talonflame, L50, F|\n|poke|p2|Pawmot, L50, M|\n|poke|p2|Toedscruel, L50, F|\n|teampreview|4\n|inactive|Battle timer is ON: inactive players will automatically lose when time's up. (requested by N8NoDog)\n|inactive|N8NoDog has 60 seconds left.\n|inactive|rgktest has 60 seconds left.\n|inactive|N8NoDog has 30 seconds left.\n|inactive|rgktest has 30 seconds left.\n|inactive|N8NoDog has 20 seconds left.\n|inactive|N8NoDog has 15 seconds left.\n|\n|t:|1729278965\n|start\n|switch|p1a: Kingambit|Kingambit, L50, F|100\/100\n|switch|p1b: Dragonite|Dragonite, L50, M|100\/100\n|switch|p2a: Weezing|Weezing-Galar, L50, M|100\/100\n|switch|p2b: Toedscruel|Toedscruel, L50, F|100\/100\n|-ability|p2a: Weezing|Neutralizing Gas\n|turn|1\n|j| futonkagebunshin\n|inactive|rgktest has 30 seconds left.\n|inactive|rgktest has 20 seconds left.\n|inactive|rgktest has 15 seconds left.\n|\n|t:|1729279007\n|move|p2b: Toedscruel|Acid Spray|p1b: Dragonite\n|-damage|p1b: Dragonite|92\/100\n|-unboost|p1b: Dragonite|spd|2\n|move|p1b: Dragonite|Ice Spinner|p2b: Toedscruel\n|-supereffective|p2b: Toedscruel\n|-damage|p2b: Toedscruel|0 fnt\n|faint|p2b: Toedscruel\n|move|p2a: Weezing|Dazzling Gleam|p1b: Dragonite|[spread] p1a,p1b\n|-supereffective|p1b: Dragonite\n|-damage|p1a: Kingambit|79\/100\n|-damage|p1b: Dragonite|0 fnt\n|faint|p1b: Dragonite\n|move|p1a: Kingambit|Iron Head|p2a: Weezing\n|-supereffective|p2a: Weezing\n|-damage|p2a: Weezing|16\/100\n|\n|upkeep\n|\n|t:|1729279019\n|switch|p2b: Kommo-o|Kommo-o, L50, M|100\/100\n|switch|p1b: Typhlosion|Typhlosion-Hisui, L50, M|100\/100\n|turn|2\n|j| Phore\n|\n|t:|1729279043\n|-end|p2a: Weezing|ability: Neutralizing Gas\n|switch|p2a: Talonflame|Talonflame, L50, F|100\/100\n|move|p1a: Kingambit|Sucker Punch||[still]\n|-fail|p1a: Kingambit\n|move|p1b: Typhlosion|Shadow Ball|p2b: Kommo-o\n|-damage|p2b: Kommo-o|49\/100\n|move|p2b: Kommo-o|Aura Sphere|p1a: Kingambit\n|-supereffective|p1a: Kingambit\n|-damage|p1a: Kingambit|0 fnt\n|faint|p1a: Kingambit\n|-damage|p2b: Kommo-o|40\/100|[from] item: Life Orb\n|\n|upkeep\n|\n|t:|1729279054\n|switch|p1a: Murkrow|Murkrow, L50, F|100\/100\n|turn|3\n|inactive|rgktest has 30 seconds left.\n|inactive|rgktest has 20 seconds left.\n|inactive|rgktest has 15 seconds left.\n|inactive|rgktest has 10 seconds left.\n|inactive|rgktest has 5 seconds left.\n|\n|t:|1729279105\n|move|p2b: Kommo-o|Protect|p2b: Kommo-o\n|-singleturn|p2b: Kommo-o|Protect\n|move|p2a: Talonflame|Tailwind|p2a: Talonflame\n|-sidestart|p2: rgktest|move: Tailwind\n|move|p1b: Typhlosion|Shadow Ball|p2a: Talonflame\n|-damage|p2a: Talonflame|16\/100\n|move|p1a: Murkrow|Foul Play|p2a: Talonflame\n|-damage|p2a: Talonflame|0 fnt\n|faint|p2a: Talonflame\n|\n|upkeep\n|\n|t:|1729279114\n|switch|p2a: Weezing|Weezing-Galar, L50, M|16\/100\n|-ability|p2a: Weezing|Neutralizing Gas\n|turn|4\n|\n|t:|1729279134\n|move|p2b: Kommo-o|Clanging Scales|p1b: Typhlosion|[spread] p1a,p1b\n|-damage|p1a: Murkrow|46\/100\n|-damage|p1b: Typhlosion|29\/100\n|-unboost|p2b: Kommo-o|def|1\n|-damage|p2b: Kommo-o|30\/100|[from] item: Life Orb\n|move|p2a: Weezing|Dazzling Gleam|p1b: Typhlosion|[spread] p1a,p1b\n|-supereffective|p1a: Murkrow\n|-resisted|p1b: Typhlosion\n|-damage|p1a: Murkrow|0 fnt\n|-damage|p1b: Typhlosion|7\/100\n|faint|p1a: Murkrow\n|move|p1b: Typhlosion|Shadow Ball|p2a: Weezing\n|-damage|p2a: Weezing|0 fnt\n|faint|p2a: Weezing\n|-end|p2a: Weezing|ability: Neutralizing Gas\n|\n|upkeep\n|turn|5\n|\n|t:|1729279147\n|move|p2b: Kommo-o|Clanging Scales|p1b: Typhlosion\n|-damage|p1b: Typhlosion|0 fnt\n|faint|p1b: Typhlosion\n|-damage|p2b: Kommo-o|20\/100|[from] item: Life Orb\n|\n|win|rgktest\n|raw|N8NoDog's rating: 1699 &rarr; <strong>1681<\/strong><br \/>(-18 for losing)\n|raw|rgktest's rating: 1733 &rarr; <strong>1751<\/strong><br \/>(+18 for winning)\n|l| Phore\n|l|\u2606rgktest\n|player|p2|\n|l|\u2606N8NoDog\n|player|p1|\n","uploadtime":1729279330,"views":10,"formatid":"gen9vgc2024regh","rating":1681,"private":0,"password":null}