{"id":"gen9vgc2024regh-2225100324","format":"[Gen 9] VGC 2024 Reg H","players":["KDR-Alt-711","rough Pult"],"log":"|j|\u2606KDR-Alt-711\n|j|\u2606rough Pult\n|t:|1729187879\n|gametype|doubles\n|player|p1|KDR-Alt-711|102|1701\n|player|p2|rough Pult|giovanni|1862\n|teamsize|p1|6\n|teamsize|p2|6\n|gen|9\n|tier|[Gen 9] VGC 2024 Reg H\n|rated|\n|rule|Species Clause: Limit one of each Pok\u00e9mon\n|rule|Item Clause: Limit 1 of each item\n|clearpoke\n|poke|p1|Milotic, L50, F|\n|poke|p1|Rillaboom, L50, F|\n|poke|p1|Baxcalibur, L50, M|\n|poke|p1|Murkrow, L50, M|\n|poke|p1|Chandelure, L50, M|\n|poke|p1|Clefairy, L50, F|\n|poke|p2|Baxcalibur, L50, F|\n|poke|p2|Dondozo, L50, M|\n|poke|p2|Kingambit, L50, M|\n|poke|p2|Rillaboom, L50, M|\n|poke|p2|Sneasler, L50, F|\n|poke|p2|Volcarona, L50, M|\n|teampreview|4\n|inactive|Battle timer is ON: inactive players will automatically lose when time's up. (requested by KDR-Alt-711)\n|\n|t:|1729187919\n|start\n|switch|p1a: Murkrow|Murkrow, L50, M, shiny|100\/100\n|switch|p1b: Chandelure|Chandelure, L50, M, shiny|100\/100\n|switch|p2a: Sneasler|Sneasler, L50, F|100\/100\n|switch|p2b: Baxcalibur|Baxcalibur, L50, F|100\/100\n|turn|1\n|inactive|rough Pult has 30 seconds left.\n|\n|t:|1729187945\n|-terastallize|p1b: Chandelure|Fire\n|move|p1a: Murkrow|Sunny Day|p1a: Murkrow\n|-weather|SunnyDay\n|move|p2a: Sneasler|Dire Claw|p1a: Murkrow\n|-damage|p1a: Murkrow|30\/100\n|move|p1b: Chandelure|Overheat|p2b: Baxcalibur\n|-damage|p2b: Baxcalibur|0 fnt\n|-unboost|p1b: Chandelure|spa|2\n|faint|p2b: Baxcalibur\n|\n|-weather|SunnyDay|[upkeep]\n|upkeep\n|inactive|rough Pult has 30 seconds left.\n|\n|t:|1729187971\n|switch|p2b: Kingambit|Kingambit, L50, M|100\/100\n|turn|2\n|\n|t:|1729187988\n|switch|p1b: Rillaboom|Rillaboom, L50, F, shiny|100\/100\n|-fieldstart|move: Grassy Terrain|[from] ability: Grassy Surge|[of] p1b: Rillaboom\n|move|p2b: Kingambit|Protect|p2b: Kingambit\n|-singleturn|p2b: Kingambit|Protect\n|move|p1a: Murkrow|Tailwind|p1a: Murkrow\n|-sidestart|p1: KDR-Alt-711|move: Tailwind\n|move|p2a: Sneasler|Close Combat|p1b: Rillaboom\n|-damage|p1b: Rillaboom|41\/100\n|-unboost|p2a: Sneasler|def|1\n|-unboost|p2a: Sneasler|spd|1\n|\n|-weather|SunnyDay|[upkeep]\n|-heal|p1b: Rillaboom|47\/100|[from] Grassy Terrain\n|upkeep\n|turn|3\n|\n|t:|1729188012\n|move|p2a: Sneasler|Protect|p2a: Sneasler\n|-singleturn|p2a: Sneasler|Protect\n|move|p1b: Rillaboom|Grassy Glide|p2a: Sneasler\n|-activate|p2a: Sneasler|move: Protect\n|move|p1a: Murkrow|Brave Bird|p2a: Sneasler\n|-activate|p2a: Sneasler|move: Protect\n|move|p2b: Kingambit|Kowtow Cleave|p1b: Rillaboom\n|-damage|p1b: Rillaboom|0 fnt\n|faint|p1b: Rillaboom\n|\n|-weather|SunnyDay|[upkeep]\n|upkeep\n|\n|t:|1729188015\n|switch|p1b: Chandelure|Chandelure, L50, M, shiny, tera:Fire|100\/100\n|turn|4\n|inactive|rough Pult has 30 seconds left.\n|inactive|rough Pult has 20 seconds left.\n|\n|t:|1729188050\n|switch|p2b: Dondozo|Dondozo, L50, M|100\/100\n|move|p1b: Chandelure|Heat Wave|p2a: Sneasler|[spread] p2a,p2b\n|-resisted|p2b: Dondozo\n|-enditem|p2a: Sneasler|Focus Sash\n|-damage|p2a: Sneasler|1\/100\n|-damage|p2b: Dondozo|75\/100\n|move|p2a: Sneasler|Dire Claw|p1a: Murkrow\n|-damage|p1a: Murkrow|0 fnt\n|faint|p1a: Murkrow\n|\n|-weather|SunnyDay|[upkeep]\n|-heal|p2a: Sneasler|7\/100|[from] Grassy Terrain\n|-heal|p2b: Dondozo|81\/100|[from] Grassy Terrain\n|-heal|p2b: Dondozo|87\/100|[from] item: Leftovers\n|upkeep\n|\n|t:|1729188064\n|switch|p1a: Baxcalibur|Baxcalibur, L50, M, shiny|100\/100\n|turn|5\n|inactive|rough Pult has 30 seconds left.\n|\n|t:|1729188093\n|move|p2a: Sneasler|Protect|p2a: Sneasler\n|-singleturn|p2a: Sneasler|Protect\n|move|p2b: Dondozo|Protect|p2b: Dondozo\n|-singleturn|p2b: Dondozo|Protect\n|move|p1b: Chandelure|Heat Wave|p2a: Sneasler|[spread] \n|-activate|p2a: Sneasler|move: Protect\n|-activate|p2b: Dondozo|move: Protect\n|move|p1a: Baxcalibur|Scale Shot|p2b: Dondozo\n|-activate|p2b: Dondozo|move: Protect\n|\n|-weather|none\n|-heal|p2a: Sneasler|13\/100|[from] Grassy Terrain\n|-heal|p2b: Dondozo|93\/100|[from] Grassy Terrain\n|-heal|p2b: Dondozo|99\/100|[from] item: Leftovers\n|-sideend|p1: KDR-Alt-711|move: Tailwind\n|upkeep\n|turn|6\n|\n|t:|1729188116\n|move|p1b: Chandelure|Protect|p1b: Chandelure\n|-singleturn|p1b: Chandelure|Protect\n|move|p2a: Sneasler|Close Combat|p1b: Chandelure\n|-activate|p1b: Chandelure|move: Protect\n|move|p1a: Baxcalibur|Icicle Spear|p2a: Sneasler\n|-damage|p2a: Sneasler|0 fnt\n|faint|p2a: Sneasler\n|-hitcount|p2: Sneasler|1\n|move|p2b: Dondozo|Liquidation|p1b: Chandelure\n|-activate|p1b: Chandelure|move: Protect\n|\n|-heal|p2b: Dondozo|100\/100|[from] Grassy Terrain\n|-fieldend|move: Grassy Terrain\n|upkeep\n|\n|t:|1729188131\n|switch|p2a: Kingambit|Kingambit, L50, M|100\/100\n|turn|7\n|inactive|KDR-Alt-711 has 30 seconds left.\n|\n|t:|1729188160\n|-terastallize|p2a: Kingambit|Dark\n|move|p2a: Kingambit|Sucker Punch|p1b: Chandelure\n|-damage|p1b: Chandelure|22\/100\n|move|p1b: Chandelure|Shadow Ball|p2b: Dondozo\n|-crit|p2b: Dondozo\n|-damage|p2b: Dondozo|53\/100\n|move|p1a: Baxcalibur|Scale Shot|p2b: Dondozo\n|-damage|p2b: Dondozo|46\/100\n|-damage|p2b: Dondozo|38\/100\n|-damage|p2b: Dondozo|29\/100\n|-damage|p2b: Dondozo|21\/100\n|-hitcount|p2b: Dondozo|4\n|-unboost|p1a: Baxcalibur|def|1\n|-boost|p1a: Baxcalibur|spe|1\n|move|p2b: Dondozo|Liquidation|p1b: Chandelure\n|-supereffective|p1b: Chandelure\n|-damage|p1b: Chandelure|0 fnt\n|faint|p1b: Chandelure\n|\n|-heal|p2b: Dondozo|27\/100|[from] item: Leftovers\n|upkeep\n|turn|8\n|inactive|rough Pult has 30 seconds left.\n|\n|t:|1729188187\n|move|p1a: Baxcalibur|Dragon Dance|p1a: Baxcalibur\n|-boost|p1a: Baxcalibur|atk|1\n|-boost|p1a: Baxcalibur|spe|1\n|move|p2a: Kingambit|Kowtow Cleave|p1a: Baxcalibur\n|-damage|p1a: Baxcalibur|9\/100\n|move|p2b: Dondozo|Yawn|p1a: Baxcalibur\n|-start|p1a: Baxcalibur|move: Yawn|[of] p2b: Dondozo\n|\n|-heal|p2b: Dondozo|34\/100|[from] item: Leftovers\n|upkeep\n|turn|9\n|-message|KDR-Alt-711 forfeited.\n|\n|win|rough Pult\n|raw|KDR-Alt-711's rating: 1701 &rarr; <strong>1690<\/strong><br \/>(-11 for losing)\n|raw|rough Pult's rating: 1862 &rarr; <strong>1873<\/strong><br \/>(+11 for winning)\n|l|\u2606KDR-Alt-711\n|player|p1|\n|l|\u2606rough Pult\n|player|p2|\n","uploadtime":1729188205,"views":78,"formatid":"gen9vgc2024regh","rating":1690,"private":0,"password":null}