{"id":"gen9vgc2024regh-2225238547","format":"[Gen 9] VGC 2024 Reg H","players":["02her0","Moon7777"],"log":"|j|\u260602her0\n|j|\u2606Moon7777\n|t:|1729200750\n|gametype|doubles\n|player|p1|02her0|170|1653\n|player|p2|Moon7777|101|1747\n|teamsize|p1|6\n|teamsize|p2|6\n|gen|9\n|tier|[Gen 9] VGC 2024 Reg H\n|rated|\n|rule|Species Clause: Limit one of each Pok\u00e9mon\n|rule|Item Clause: Limit 1 of each item\n|clearpoke\n|poke|p1|Dondozo, L50, F|\n|poke|p1|Tatsugiri, L50, M|\n|poke|p1|Annihilape, L50, M|\n|poke|p1|Rillaboom, L50, M|\n|poke|p1|Ceruledge, L50, F|\n|poke|p1|Dragonite, L50, F|\n|poke|p2|Sneasler, L50, F|\n|poke|p2|Mimikyu, L50, M|\n|poke|p2|Ursaluna-Bloodmoon, L50, M|\n|poke|p2|Garchomp, L50, F|\n|poke|p2|Rillaboom, L50, M|\n|poke|p2|Gholdengo, L50|\n|teampreview|4\n|\n|t:|1729200777\n|start\n|switch|p1a: Annihilape|Annihilape, L50, M|100\/100\n|switch|p1b: Ceruledge|Ceruledge, L50, F|100\/100\n|switch|p2a: Ze|Mimikyu, L50, M, shiny|100\/100\n|switch|p2b: PushUrTenper|Sneasler, L50, F, shiny|100\/100\n|turn|1\n|j| lightLf9\n|\n|t:|1729200803\n|move|p1a: Annihilape|U-turn|p2a: Ze\n|-activate|p2a: Ze|ability: Disguise\n|-damage|p2a: Ze|100\/100\n|detailschange|p2a: Ze|Mimikyu-Busted, L50, M, shiny\n|-damage|p2a: Ze|88\/100|[from] pokemon: Mimikyu-Busted\n|\n|t:|1729200808\n|switch|p1a: Dondozo|Dondozo, L50, F|100\/100|[from] U-turn\n|move|p2b: PushUrTenper|Dire Claw|p1b: Ceruledge\n|-resisted|p1b: Ceruledge\n|-damage|p1b: Ceruledge|76\/100\n|-status|p1b: Ceruledge|psn|[from] ability: Poison Touch|[of] p2b: PushUrTenper\n|move|p2a: Ze|Shadow Claw|p1b: Ceruledge\n|-supereffective|p1b: Ceruledge\n|-damage|p1b: Ceruledge|0 fnt\n|faint|p1b: Ceruledge\n|-damage|p2a: Ze|78\/100|[from] item: Life Orb\n|\n|upkeep\n|\n|t:|1729200819\n|switch|p1b: Annihilape|Annihilape, L50, M|100\/100\n|turn|2\n|\n|t:|1729200839\n|switch|p2b: Veridical|Rillaboom, L50, M, shiny|100\/100\n|-fieldstart|move: Grassy Terrain|[from] ability: Grassy Surge|[of] p2b: Veridical\n|move|p1b: Annihilape|U-turn|p2b: Veridical\n|-supereffective|p2b: Veridical\n|-damage|p2b: Veridical|56\/100\n|\n|t:|1729200846\n|switch|p1b: Tatsugiri|Tatsugiri, L50, M|100\/100|[from] U-turn\n|-activate|p1b: Tatsugiri|ability: Commander|[of] p1a: Dondozo\n|-boost|p1a: Dondozo|atk|2\n|-boost|p1a: Dondozo|spa|2\n|-boost|p1a: Dondozo|spe|2\n|-boost|p1a: Dondozo|def|2\n|-boost|p1a: Dondozo|spd|2\n|move|p1a: Dondozo|Order Up|p2b: Veridical\n|-damage|p2b: Veridical|13\/100\n|-boost|p1a: Dondozo|atk|1\n|move|p2a: Ze|Play Rough|p1b: Tatsugiri|[miss]\n|-miss|p2a: Ze|p1b: Tatsugiri\n|\n|-heal|p2a: Ze|84\/100|[from] Grassy Terrain\n|-heal|p2b: Veridical|19\/100|[from] Grassy Terrain\n|upkeep\n|turn|3\n|\n|t:|1729200867\n|switch|p2a: PushUrTenper|Sneasler, L50, F, shiny|100\/100\n|-terastallize|p1a: Dondozo|Steel\n|move|p2b: Veridical|Fake Out|p1a: Dondozo\n|-resisted|p1a: Dondozo\n|-damage|p1a: Dondozo|98\/100\n|move|p1a: Dondozo|Heavy Slam|p2a: PushUrTenper\n|-enditem|p2a: PushUrTenper|Focus Sash\n|-damage|p2a: PushUrTenper|1\/100\n|\n|-heal|p1a: Dondozo|100\/100|[from] Grassy Terrain\n|-heal|p2a: PushUrTenper|7\/100|[from] Grassy Terrain\n|-heal|p2b: Veridical|26\/100|[from] Grassy Terrain\n|upkeep\n|turn|4\n|\n|t:|1729200887\n|switch|p2b: Denji|Garchomp, L50, F, shiny|100\/100\n|move|p2a: PushUrTenper|Protect|p2a: PushUrTenper\n|-singleturn|p2a: PushUrTenper|Protect\n|move|p1a: Dondozo|Heavy Slam|p2a: PushUrTenper\n|-activate|p2a: PushUrTenper|move: Protect\n|\n|-heal|p2a: PushUrTenper|13\/100|[from] Grassy Terrain\n|upkeep\n|turn|5\n|\n|t:|1729200909\n|move|p1a: Dondozo|Protect|p1a: Dondozo\n|-singleturn|p1a: Dondozo|Protect\n|move|p2b: Denji|Stomping Tantrum|p1a: Dondozo\n|-activate|p1a: Dondozo|move: Protect\n|move|p2a: PushUrTenper|Close Combat|p1a: Dondozo\n|-activate|p1a: Dondozo|move: Protect\n|\n|-heal|p2a: PushUrTenper|19\/100|[from] Grassy Terrain\n|upkeep\n|turn|6\n|\n|t:|1729200919\n|move|p2b: Denji|Stomping Tantrum|p1a: Dondozo\n|-supereffective|p1a: Dondozo\n|-damage|p1a: Dondozo|73\/100\n|move|p1a: Dondozo|Heavy Slam|p2a: PushUrTenper\n|-damage|p2a: PushUrTenper|0 fnt\n|faint|p2a: PushUrTenper\n|\n|-heal|p1a: Dondozo|79\/100|[from] Grassy Terrain\n|-fieldend|move: Grassy Terrain\n|upkeep\n|\n|t:|1729200928\n|switch|p2a: Ze|Mimikyu-Busted, L50, M, shiny|84\/100\n|turn|7\n|\n|t:|1729200939\n|move|p2b: Denji|Stomping Tantrum|p1a: Dondozo\n|-supereffective|p1a: Dondozo\n|-damage|p1a: Dondozo|47\/100\n|move|p1a: Dondozo|Heavy Slam|p2a: Ze\n|-supereffective|p2a: Ze\n|-damage|p2a: Ze|0 fnt\n|faint|p2a: Ze\n|\n|upkeep\n|\n|t:|1729200945\n|switch|p2a: Veridical|Rillaboom, L50, M, shiny|26\/100\n|-fieldstart|move: Grassy Terrain|[from] ability: Grassy Surge|[of] p2a: Veridical\n|turn|8\n|\n|t:|1729200952\n|move|p2a: Veridical|Fake Out|p1a: Dondozo\n|-resisted|p1a: Dondozo\n|-damage|p1a: Dondozo|44\/100\n|move|p2b: Denji|Stomping Tantrum|p1a: Dondozo\n|-supereffective|p1a: Dondozo\n|-damage|p1a: Dondozo|15\/100\n|move|p1a: Dondozo|Order Up|p2a: Veridical\n|-damage|p2a: Veridical|0 fnt\n|faint|p2a: Veridical\n|-boost|p1a: Dondozo|atk|1\n|\n|-heal|p1a: Dondozo|21\/100|[from] Grassy Terrain\n|upkeep\n|turn|9\n|\n|t:|1729200968\n|move|p2b: Denji|Stomping Tantrum|p1a: Dondozo\n|-supereffective|p1a: Dondozo\n|-damage|p1a: Dondozo|0 fnt\n|faint|p1a: Dondozo\n|\n|upkeep\n|\n|t:|1729200973\n|switch|p1a: Annihilape|Annihilape, L50, M|100\/100\n|turn|10\n|\n|t:|1729200989\n|-terastallize|p2b: Denji|Fairy\n|move|p2b: Denji|Stomping Tantrum|p1a: Annihilape\n|-damage|p1a: Annihilape|57\/100\n|move|p1a: Annihilape|Close Combat|p2b: Denji\n|-resisted|p2b: Denji\n|-damage|p2b: Denji|75\/100\n|-unboost|p1a: Annihilape|def|1\n|-unboost|p1a: Annihilape|spd|1\n|-damage|p1a: Annihilape|44\/100|[from] ability: Rough Skin|[of] p2b: Denji\n|move|p1b: Tatsugiri|Dragon Pulse|p2b: Denji\n|-immune|p2b: Denji\n|\n|-heal|p2b: Denji|81\/100|[from] Grassy Terrain\n|-heal|p1a: Annihilape|50\/100|[from] Grassy Terrain\n|upkeep\n|turn|11\n|\n|t:|1729201002\n|move|p2b: Denji|Stomping Tantrum|p1a: Annihilape\n|-damage|p1a: Annihilape|0 fnt\n|faint|p1a: Annihilape\n|move|p1b: Tatsugiri|Muddy Water|p2b: Denji\n|-damage|p2b: Denji|32\/100\n|-unboost|p2b: Denji|accuracy|1\n|\n|-heal|p2b: Denji|39\/100|[from] Grassy Terrain\n|upkeep\n|turn|12\n|\n|t:|1729201013\n|move|p2b: Denji|Stomping Tantrum|p1b: Tatsugiri\n|-damage|p1b: Tatsugiri|18\/100\n|move|p1b: Tatsugiri|Muddy Water|p2b: Denji\n|-crit|p2b: Denji\n|-damage|p2b: Denji|0 fnt\n|faint|p2b: Denji\n|\n|win|02her0\n|raw|02her0's rating: 1653 &rarr; <strong>1678<\/strong><br \/>(+25 for winning)\n|raw|Moon7777's rating: 1747 &rarr; <strong>1722<\/strong><br \/>(-25 for losing)\n|l|\u260602her0\n|player|p1|\n|l|\u2606Moon7777\n|player|p2|\n|l| lightLf9\n","uploadtime":1729201184,"views":15,"formatid":"gen9vgc2024regh","rating":1678,"private":0,"password":null}