{"id":"gen9vgc2024regh-2225084858","format":"[Gen 9] VGC 2024 Reg H","players":["Moon7777","KDR-Alt-711"],"log":"|j|\u2606Moon7777\n|j|\u2606KDR-Alt-711\n|t:|1729186550\n|gametype|doubles\n|player|p1|Moon7777|101|1715\n|player|p2|KDR-Alt-711|102|1740\n|teamsize|p1|6\n|teamsize|p2|6\n|gen|9\n|tier|[Gen 9] VGC 2024 Reg H\n|rated|\n|rule|Species Clause: Limit one of each Pok\u00e9mon\n|rule|Item Clause: Limit 1 of each item\n|clearpoke\n|poke|p1|Sneasler, L50, M|\n|poke|p1|Mimikyu, L50, M|\n|poke|p1|Ursaluna-Bloodmoon, L50, M|\n|poke|p1|Garchomp, L50, M|\n|poke|p1|Rillaboom, L50, M|\n|poke|p1|Gholdengo, L50|\n|poke|p2|Milotic, L50, F|\n|poke|p2|Rillaboom, L50, M|\n|poke|p2|Baxcalibur, L50, M|\n|poke|p2|Murkrow, L50, F|\n|poke|p2|Chandelure, L50, M|\n|poke|p2|Clefairy, L50, F|\n|teampreview|4\n|inactive|Battle timer is ON: inactive players will automatically lose when time's up. (requested by KDR-Alt-711)\n|\n|t:|1729186593\n|start\n|switch|p1a: PushUrTenper|Sneasler, L50, M, shiny|100\/100\n|switch|p1b: Ze|Mimikyu, L50, M, shiny|100\/100\n|switch|p2a: Rillaboom|Rillaboom, L50, M, shiny|100\/100\n|switch|p2b: Chandelure|Chandelure, L50, M, shiny|100\/100\n|-fieldstart|move: Grassy Terrain|[from] ability: Grassy Surge|[of] p2a: Rillaboom\n|turn|1\n|\n|t:|1729186609\n|switch|p2a: Milotic|Milotic, L50, F, shiny|100\/100\n|-enditem|p2a: Milotic|Grassy Seed\n|-boost|p2a: Milotic|def|1|[from] item: Grassy Seed\n|move|p1a: PushUrTenper|Protect|p1a: PushUrTenper\n|-singleturn|p1a: PushUrTenper|Protect\n|move|p1b: Ze|Shadow Claw|p2b: Chandelure\n|-supereffective|p2b: Chandelure\n|-enditem|p2b: Chandelure|Focus Sash\n|-damage|p2b: Chandelure|1\/100\n|-damage|p1b: Ze|91\/100|[from] item: Life Orb\n|move|p2b: Chandelure|Heat Wave|p1a: PushUrTenper|[spread] p1b\n|-activate|p1a: PushUrTenper|move: Protect\n|-activate|p1b: Ze|ability: Disguise\n|-damage|p1b: Ze|91\/100\n|detailschange|p1b: Ze|Mimikyu-Busted, L50, M, shiny\n|-damage|p1b: Ze|78\/100|[from] pokemon: Mimikyu-Busted\n|\n|-heal|p1b: Ze|84\/100|[from] Grassy Terrain\n|-heal|p2b: Chandelure|7\/100|[from] Grassy Terrain\n|upkeep\n|turn|2\n|inactive|Moon7777 has 30 seconds left.\n|\n|t:|1729186639\n|move|p2b: Chandelure|Protect|p2b: Chandelure\n|-singleturn|p2b: Chandelure|Protect\n|move|p1b: Ze|Shadow Sneak|p2b: Chandelure\n|-activate|p2b: Chandelure|move: Protect\n|move|p1a: PushUrTenper|Dire Claw|p2a: Milotic\n|-crit|p2a: Milotic\n|-damage|p2a: Milotic|47\/100\n|-status|p2a: Milotic|psn\n|move|p2a: Milotic|Icy Wind|p1a: PushUrTenper|[spread] p1a,p1b\n|-damage|p1a: PushUrTenper|86\/100\n|-damage|p1b: Ze|71\/100\n|-unboost|p1a: PushUrTenper|spe|1\n|-unboost|p1b: Ze|spe|1\n|\n|-heal|p2b: Chandelure|13\/100|[from] Grassy Terrain\n|-heal|p1a: PushUrTenper|92\/100|[from] Grassy Terrain\n|-heal|p1b: Ze|77\/100|[from] Grassy Terrain\n|-heal|p2a: Milotic|53\/100 psn|[from] Grassy Terrain\n|-damage|p2a: Milotic|41\/100 psn|[from] psn\n|upkeep\n|turn|3\n|j| thejruth3\n|\n|t:|1729186665\n|switch|p2b: Rillaboom|Rillaboom, L50, M, shiny|100\/100\n|move|p1b: Ze|Shadow Sneak|p2b: Rillaboom\n|-damage|p2b: Rillaboom|80\/100\n|-damage|p1b: Ze|67\/100|[from] item: Life Orb\n|move|p1a: PushUrTenper|Close Combat|p2a: Milotic\n|-damage|p2a: Milotic|6\/100 psn\n|-unboost|p1a: PushUrTenper|def|1\n|-unboost|p1a: PushUrTenper|spd|1\n|move|p2a: Milotic|Recover|p2a: Milotic\n|-heal|p2a: Milotic|56\/100 psn\n|\n|-heal|p1a: PushUrTenper|98\/100|[from] Grassy Terrain\n|-heal|p1b: Ze|73\/100|[from] Grassy Terrain\n|-heal|p2b: Rillaboom|86\/100|[from] Grassy Terrain\n|-heal|p2a: Milotic|62\/100 psn|[from] Grassy Terrain\n|-damage|p2a: Milotic|50\/100 psn|[from] psn\n|upkeep\n|turn|4\n|j| CapitanPabloskii\n|\n|t:|1729186687\n|switch|p1b: Walksocket|Gholdengo, L50, shiny|100\/100\n|move|p1a: PushUrTenper|Protect|p1a: PushUrTenper\n|-singleturn|p1a: PushUrTenper|Protect\n|move|p2b: Rillaboom|Grassy Glide|p1b: Walksocket\n|-resisted|p1b: Walksocket\n|-damage|p1b: Walksocket|78\/100\n|move|p2a: Milotic|Recover|p2a: Milotic\n|-heal|p2a: Milotic|99\/100 psn\n|\n|-heal|p1b: Walksocket|85\/100|[from] Grassy Terrain\n|-heal|p1a: PushUrTenper|100\/100|[from] Grassy Terrain\n|-heal|p2b: Rillaboom|93\/100|[from] Grassy Terrain\n|-heal|p2a: Milotic|100\/100 psn|[from] Grassy Terrain\n|-damage|p2a: Milotic|88\/100 psn|[from] psn\n|upkeep\n|turn|5\n|\n|t:|1729186709\n|move|p1b: Walksocket|Nasty Plot|p1b: Walksocket\n|-boost|p1b: Walksocket|spa|2\n|move|p1a: PushUrTenper|Dire Claw|p2b: Rillaboom\n|-supereffective|p2b: Rillaboom\n|-damage|p2b: Rillaboom|20\/100\n|-status|p2b: Rillaboom|psn\n|move|p2b: Rillaboom|U-turn|p1a: PushUrTenper\n|-resisted|p1a: PushUrTenper\n|-damage|p1a: PushUrTenper|86\/100\n|\n|t:|1729186718\n|switch|p2b: Chandelure|Chandelure, L50, M, shiny|13\/100|[from] U-turn\n|move|p2a: Milotic|Icy Wind|p1a: PushUrTenper|[spread] p1a,p1b\n|-resisted|p1b: Walksocket\n|-damage|p1a: PushUrTenper|65\/100\n|-damage|p1b: Walksocket|79\/100\n|-unboost|p1a: PushUrTenper|spe|1\n|-unboost|p1b: Walksocket|spe|1\n|\n|-heal|p2b: Chandelure|19\/100|[from] Grassy Terrain\n|-heal|p2a: Milotic|94\/100 psn|[from] Grassy Terrain\n|-heal|p1b: Walksocket|86\/100|[from] Grassy Terrain\n|-heal|p1a: PushUrTenper|71\/100|[from] Grassy Terrain\n|-damage|p2a: Milotic|82\/100 psn|[from] psn\n|-fieldend|move: Grassy Terrain\n|upkeep\n|turn|6\n|\n|t:|1729186742\n|-terastallize|p2b: Chandelure|Fire\n|-terastallize|p1b: Walksocket|Water\n|move|p1a: PushUrTenper|Protect|p1a: PushUrTenper\n|-singleturn|p1a: PushUrTenper|Protect\n|move|p2b: Chandelure|Heat Wave|p1a: PushUrTenper|[spread] p1b\n|-activate|p1a: PushUrTenper|move: Protect\n|-resisted|p1b: Walksocket\n|-damage|p1b: Walksocket|59\/100\n|move|p2a: Milotic|Icy Wind|p1b: Walksocket|[spread] p1b\n|-activate|p1a: PushUrTenper|move: Protect\n|-resisted|p1b: Walksocket\n|-damage|p1b: Walksocket|54\/100\n|-unboost|p1b: Walksocket|spe|1\n|move|p1b: Walksocket|Make It Rain|p2b: Chandelure|[spread] p2a,p2b\n|-resisted|p2a: Milotic\n|-resisted|p2b: Chandelure\n|-damage|p2a: Milotic|50\/100 psn\n|-damage|p2b: Chandelure|0 fnt\n|-unboost|p1b: Walksocket|spa|1\n|faint|p2b: Chandelure\n|\n|-damage|p2a: Milotic|38\/100 psn|[from] psn\n|upkeep\n|inactive|KDR-Alt-711 has 30 seconds left.\n|\n|t:|1729186771\n|switch|p2b: Baxcalibur|Baxcalibur, L50, M, shiny|100\/100\n|turn|7\n|\n|t:|1729186781\n|switch|p1a: MoneyMachine|Ursaluna-Bloodmoon, L50, M|100\/100\n|move|p1b: Walksocket|Protect|p1b: Walksocket\n|-singleturn|p1b: Walksocket|Protect\n|move|p2b: Baxcalibur|Scale Shot|p1b: Walksocket\n|-activate|p1b: Walksocket|move: Protect\n|move|p2a: Milotic|Scald|p1a: MoneyMachine\n|-supereffective|p1a: MoneyMachine\n|-damage|p1a: MoneyMachine|60\/100\n|\n|-damage|p2a: Milotic|25\/100 psn|[from] psn\n|upkeep\n|turn|8\n|\n|t:|1729186805\n|move|p2b: Baxcalibur|Protect|p2b: Baxcalibur\n|-singleturn|p2b: Baxcalibur|Protect\n|move|p2a: Milotic|Scald|p1b: Walksocket\n|-resisted|p1b: Walksocket\n|-damage|p1b: Walksocket|38\/100\n|-status|p1b: Walksocket|brn\n|-enditem|p1b: Walksocket|Sitrus Berry|[eat]\n|-heal|p1b: Walksocket|63\/100 brn|[from] item: Sitrus Berry\n|move|p1a: MoneyMachine|Blood Moon|p2b: Baxcalibur\n|-activate|p2b: Baxcalibur|move: Protect\n|move|p1b: Walksocket|Make It Rain|p2b: Baxcalibur|[spread] p2a\n|-activate|p2b: Baxcalibur|move: Protect\n|-resisted|p2a: Milotic\n|-damage|p2a: Milotic|4\/100 psn\n|-unboost|p1b: Walksocket|spa|1\n|\n|-damage|p2a: Milotic|0 fnt|[from] psn\n|faint|p2a: Milotic\n|-damage|p1b: Walksocket|57\/100 brn|[from] brn\n|upkeep\n|\n|t:|1729186807\n|switch|p2a: Rillaboom|Rillaboom, L50, M, shiny|20\/100 psn\n|-fieldstart|move: Grassy Terrain|[from] ability: Grassy Surge|[of] p2a: Rillaboom\n|turn|9\n|inactive|Moon7777 has 30 seconds left.\n|\n|t:|1729186838\n|move|p1b: Walksocket|Protect|p1b: Walksocket\n|-singleturn|p1b: Walksocket|Protect\n|move|p2a: Rillaboom|Grassy Glide|p1a: MoneyMachine\n|-supereffective|p1a: MoneyMachine\n|-damage|p1a: MoneyMachine|5\/100\n|move|p1a: MoneyMachine|Vacuum Wave|p2b: Baxcalibur\n|-supereffective|p2b: Baxcalibur\n|-damage|p2b: Baxcalibur|70\/100\n|move|p2b: Baxcalibur|Dragon Dance|p2b: Baxcalibur\n|-boost|p2b: Baxcalibur|atk|1\n|-boost|p2b: Baxcalibur|spe|1\n|\n|-heal|p2b: Baxcalibur|77\/100|[from] Grassy Terrain\n|-heal|p2a: Rillaboom|26\/100 psn|[from] Grassy Terrain\n|-heal|p1a: MoneyMachine|12\/100|[from] Grassy Terrain\n|-heal|p1b: Walksocket|63\/100 brn|[from] Grassy Terrain\n|-damage|p2a: Rillaboom|14\/100 psn|[from] psn\n|-damage|p1b: Walksocket|57\/100 brn|[from] brn\n|upkeep\n|turn|10\n|\n|t:|1729186858\n|move|p2a: Rillaboom|Grassy Glide|p1a: MoneyMachine\n|-supereffective|p1a: MoneyMachine\n|-damage|p1a: MoneyMachine|0 fnt\n|faint|p1a: MoneyMachine\n|move|p2b: Baxcalibur|Scale Shot|p1b: Walksocket|[miss]\n|-miss|p2b: Baxcalibur|p1b: Walksocket\n|move|p1b: Walksocket|Make It Rain|p2a: Rillaboom|[spread] p2a,p2b\n|-supereffective|p2b: Baxcalibur\n|-damage|p2a: Rillaboom|0 fnt\n|-damage|p2b: Baxcalibur|0 fnt\n|-unboost|p1b: Walksocket|spa|1\n|faint|p2a: Rillaboom\n|faint|p2b: Baxcalibur\n|\n|win|Moon7777\n|raw|Moon7777's rating: 1715 &rarr; <strong>1736<\/strong><br \/>(+21 for winning)\n|raw|KDR-Alt-711's rating: 1740 &rarr; <strong>1719<\/strong><br \/>(-21 for losing)\n|c|\u2606KDR-Alt-711|cool\n|c|\u2606KDR-Alt-711|Bax wins that game, lol\n|c|\u2606Moon7777|Yeah I think you\u2019re right\n|c| CapitanPabloskii|i also think so\n|c|\u2606Moon7777|would have been a little bit of mind games still\n|c|\u2606KDR-Alt-711|gg\n|l| CapitanPabloskii\n|c|\u2606Moon7777|Gg\n|l|\u2606Moon7777\n|player|p1|\n|l|\u2606KDR-Alt-711\n|player|p2|\n","uploadtime":1729187040,"views":11,"formatid":"gen9vgc2024regh","rating":1719,"private":0,"password":null}