{"id":"gen9vgc2024regh-2225619157","format":"[Gen 9] VGC 2024 Reg H","players":["Geodude3138","yodapoke"],"log":"|j|\u203dGeodude3138\n|j|\u203dyodapoke\n|t:|1729253730\n|gametype|doubles\n|player|p1|Geodude3138|psychicf|1802\n|player|p2|yodapoke|lucas|1713\n|teamsize|p1|6\n|teamsize|p2|6\n|gen|9\n|tier|[Gen 9] VGC 2024 Reg H\n|rated|\n|rule|Species Clause: Limit one of each Pok\u00e9mon\n|rule|Item Clause: Limit 1 of each item\n|clearpoke\n|poke|p1|Dragonite, L50, M|\n|poke|p1|Gholdengo, L50|\n|poke|p1|Whimsicott, L50, F|\n|poke|p1|Basculegion, L50, M|\n|poke|p1|Archaludon, L50, M|\n|poke|p1|Politoed, L50, F|\n|poke|p2|Incineroar, L50, F|\n|poke|p2|Sinistcha, L50|\n|poke|p2|Primarina, L50, M|\n|poke|p2|Ursaluna-Bloodmoon, L50, M|\n|poke|p2|Sneasler, L50, M|\n|poke|p2|Tinkaton, L50, F|\n|teampreview|4\n|\n|t:|1729253775\n|start\n|switch|p1a: Whimsicott|Whimsicott, L50, F|100\/100\n|switch|p1b: Gholdengo|Gholdengo, L50|100\/100\n|switch|p2a: Incineroar|Incineroar, L50, F|100\/100\n|switch|p2b: Sinistcha|Sinistcha, L50|100\/100\n|-ability|p2a: Incineroar|Intimidate|boost\n|-unboost|p1a: Whimsicott|atk|1\n|-unboost|p1b: Gholdengo|atk|1\n|turn|1\n|inactive|Battle timer is ON: inactive players will automatically lose when time's up. (requested by Geodude3138)\n|\n|t:|1729253829\n|switch|p1a: Basculegion|Basculegion, L50, M|100\/100\n|move|p1b: Gholdengo|Protect|p1b: Gholdengo\n|-singleturn|p1b: Gholdengo|Protect\n|move|p2a: Incineroar|Knock Off|p1b: Gholdengo\n|-activate|p1b: Gholdengo|move: Protect\n|move|p2b: Sinistcha|Matcha Gotcha|p1b: Gholdengo|[spread] p1a\n|-activate|p1b: Gholdengo|move: Protect\n|-supereffective|p1a: Basculegion\n|-damage|p1a: Basculegion|49\/100\n|\n|upkeep\n|turn|2\n|inactive|Geodude3138 has 30 seconds left.\n|\n|t:|1729253860\n|switch|p2a: Primarina|Primarina, L50, M|100\/100\n|switch|p1b: Archaludon|Archaludon, L50, M|100\/100\n|switch|p1a: Whimsicott|Whimsicott, L50, F|100\/100\n|-terastallize|p2b: Sinistcha|Steel\n|move|p2b: Sinistcha|Trick Room|p2b: Sinistcha\n|-fieldstart|move: Trick Room|[of] p2b: Sinistcha\n|\n|upkeep\n|turn|3\n|inactive|Geodude3138 has 30 seconds left.\n|\n|t:|1729253892\n|switch|p2b: Incineroar|Incineroar, L50, F|100\/100\n|-ability|p2b: Incineroar|Intimidate|boost\n|-unboost|p1a: Whimsicott|atk|1\n|-unboost|p1b: Archaludon|atk|1\n|switch|p2a: Ursaluna|Ursaluna-Bloodmoon, L50, M|100\/100\n|switch|p1a: Gholdengo|Gholdengo, L50|100\/100\n|move|p1b: Archaludon|Electro Shot||[still]\n|-prepare|p1b: Archaludon|Electro Shot\n|-boost|p1b: Archaludon|spa|1\n|-enditem|p1b: Archaludon|Power Herb\n|-anim|p1b: Archaludon|Electro Shot|p2a: Ursaluna\n|-immune|p2a: Ursaluna\n|\n|upkeep\n|turn|4\n|inactive|Geodude3138 has 30 seconds left.\n|inactive|Geodude3138 has 20 seconds left.\n|\n|t:|1729253928\n|switch|p1a: Whimsicott|Whimsicott, L50, F|100\/100\n|-terastallize|p1b: Archaludon|Grass\n|move|p2b: Incineroar|Fake Out|p1b: Archaludon\n|-crit|p1b: Archaludon\n|-damage|p1b: Archaludon|90\/100\n|move|p2a: Ursaluna|Earth Power|p1a: Whimsicott\n|-resisted|p1a: Whimsicott\n|-damage|p1a: Whimsicott|57\/100\n|-damage|p2a: Ursaluna|90\/100|[from] item: Life Orb\n|cant|p1b: Archaludon|flinch\n|\n|upkeep\n|turn|5\n|\n|t:|1729253947\n|move|p2a: Ursaluna|Blood Moon|p1b: Archaludon\n|-damage|p1b: Archaludon|0 fnt\n|faint|p1b: Archaludon\n|-damage|p2a: Ursaluna|80\/100|[from] item: Life Orb\n|move|p2b: Incineroar|Flare Blitz|p1a: Whimsicott\n|-supereffective|p1a: Whimsicott\n|-damage|p1a: Whimsicott|0 fnt\n|faint|p1a: Whimsicott\n|-damage|p2b: Incineroar|85\/100|[from] Recoil\n|\n|upkeep\n|\n|t:|1729253958\n|switch|p1b: Gholdengo|Gholdengo, L50|100\/100\n|switch|p1a: Basculegion|Basculegion, L50, M|49\/100\n|turn|6\n|inactive|yodapoke has 30 seconds left.\n|\n|t:|1729253991\n|switch|p2a: Sinistcha|Sinistcha, L50, tera:Steel|100\/100\n|move|p1a: Basculegion|Wave Crash|p2a: Sinistcha\n|-damage|p2a: Sinistcha|42\/100\n|-damage|p1a: Basculegion|34\/100|[from] Recoil\n|move|p1b: Gholdengo|Nasty Plot|p1b: Gholdengo\n|-boost|p1b: Gholdengo|spa|2\n|move|p2b: Incineroar|Knock Off|p1a: Basculegion\n|-supereffective|p1a: Basculegion\n|-damage|p1a: Basculegion|0 fnt\n|-enditem|p1a: Basculegion|Iron Ball|[from] move: Knock Off|[of] p2b: Incineroar\n|faint|p1a: Basculegion\n|\n|-heal|p2a: Sinistcha|48\/100|[from] item: Leftovers\n|-fieldend|move: Trick Room\n|upkeep\n|turn|7\n|\n|t:|1729254013\n|move|p2b: Incineroar|Knock Off|p1b: Gholdengo\n|-supereffective|p1b: Gholdengo\n|-crit|p1b: Gholdengo\n|-damage|p1b: Gholdengo|0 fnt\n|-enditem|p1b: Gholdengo|Life Orb|[from] move: Knock Off|[of] p2b: Incineroar\n|faint|p1b: Gholdengo\n|\n|win|yodapoke\n|raw|Geodude3138's rating: 1802 &rarr; <strong>1777<\/strong><br \/>(-25 for losing)\n|raw|yodapoke's rating: 1713 &rarr; <strong>1738<\/strong><br \/>(+25 for winning)\n|l|\u203dyodapoke\n|player|p2|\n|l|\u203dGeodude3138\n|player|p1|\n","uploadtime":1729254218,"views":8,"formatid":"gen9vgc2024regh","rating":1738,"private":0,"password":null}