{"id":"gen9vgc2024regh-2225699318","format":"[Gen 9] VGC 2024 Reg H","players":["RomanTogepi","rengeki style"],"log":"|j|\u2606RomanTogepi\n|j|\u2606rengeki style\n|t:|1729261841\n|gametype|doubles\n|player|p1|RomanTogepi|265|1668\n|player|p2|rengeki style|266|1750\n|teamsize|p1|6\n|teamsize|p2|6\n|gen|9\n|tier|[Gen 9] VGC 2024 Reg H\n|rated|\n|rule|Species Clause: Limit one of each Pok\u00e9mon\n|rule|Item Clause: Limit 1 of each item\n|clearpoke\n|poke|p1|Goodra-Hisui, L50, M|\n|poke|p1|Mimikyu, L50, M|\n|poke|p1|Rillaboom, L50, F|\n|poke|p1|Politoed, L50, F|\n|poke|p1|Kingambit, L50, M|\n|poke|p1|Grimmsnarl, L50, M|\n|poke|p2|Garganacl, L50, F|\n|poke|p2|Ursaluna-Bloodmoon, L50, M|\n|poke|p2|Meowscarada, L50, M|\n|poke|p2|Sinistcha, L50|\n|poke|p2|Dragapult, L50, F|\n|poke|p2|Incineroar, L50, M|\n|teampreview|4\n|inactive|Battle timer is ON: inactive players will automatically lose when time's up. (requested by rengeki style)\n|inactive|RomanTogepi has 60 seconds left.\n|\n|t:|1729261907\n|start\n|switch|p1a: Goodra|Goodra-Hisui, L50, M|100\/100\n|switch|p1b: Kingambit|Kingambit, L50, M|100\/100\n|switch|p2a: Dragapult|Dragapult, L50, F|100\/100\n|switch|p2b: Meowscarada|Meowscarada, L50, M|100\/100\n|turn|1\n|inactive|RomanTogepi has 30 seconds left.\n|j| xiaoliyun.official\n|\n|t:|1729261939\n|switch|p1a: Mimikyu|Mimikyu, L50, M|100\/100\n|move|p1b: Kingambit|Protect|p1b: Kingambit\n|-singleturn|p1b: Kingambit|Protect\n|move|p2a: Dragapult|Will-O-Wisp|p1a: Mimikyu\n|-status|p1a: Mimikyu|brn\n|move|p2b: Meowscarada|Low Kick|p1b: Kingambit\n|-activate|p1b: Kingambit|move: Protect\n|\n|-damage|p1a: Mimikyu|94\/100 brn|[from] brn\n|upkeep\n|turn|2\n|\n|t:|1729261954\n|switch|p1b: Politoed|Politoed, L50, F, shiny|100\/100\n|-weather|RainDance|[from] ability: Drizzle|[of] p1b: Politoed\n|move|p2a: Dragapult|Will-O-Wisp|p1b: Politoed\n|-status|p1b: Politoed|brn\n|move|p2b: Meowscarada|Knock Off|p1b: Politoed\n|-damage|p1b: Politoed|25\/100 brn\n|-enditem|p1b: Politoed|Sitrus Berry|[from] move: Knock Off|[of] p2b: Meowscarada\n|-damage|p2b: Meowscarada|91\/100|[from] item: Life Orb\n|move|p1a: Mimikyu|Play Rough|p2a: Dragapult\n|-supereffective|p2a: Dragapult\n|-damage|p2a: Dragapult|26\/100\n|-damage|p1a: Mimikyu|84\/100 brn|[from] item: Life Orb\n|\n|-weather|RainDance|[upkeep]\n|-damage|p1a: Mimikyu|78\/100 brn|[from] brn\n|-damage|p1b: Politoed|19\/100 brn|[from] brn\n|upkeep\n|turn|3\n|inactive|RomanTogepi has 30 seconds left.\n|\n|t:|1729261982\n|switch|p2a: Sinistcha|Sinistcha, L50|100\/100\n|-heal|p2b: Meowscarada|100\/100|[from] ability: Hospitality|[of] p2a: Sinistcha\n|move|p1a: Mimikyu|Shadow Sneak|p2a: Sinistcha\n|-supereffective|p2a: Sinistcha\n|-damage|p2a: Sinistcha|78\/100\n|-damage|p1a: Mimikyu|68\/100 brn|[from] item: Life Orb\n|move|p2b: Meowscarada|Knock Off|p1a: Mimikyu\n|-activate|p1a: Mimikyu|ability: Disguise\n|-damage|p1a: Mimikyu|68\/100 brn\n|-enditem|p1a: Mimikyu|Life Orb|[from] move: Knock Off|[of] p2b: Meowscarada\n|detailschange|p1a: Mimikyu|Mimikyu-Busted, L50, M\n|-damage|p1a: Mimikyu|56\/100 brn|[from] pokemon: Mimikyu-Busted\n|-damage|p2b: Meowscarada|91\/100|[from] item: Life Orb\n|move|p1b: Politoed|Ice Beam|p2b: Meowscarada\n|-supereffective|p2b: Meowscarada\n|-damage|p2b: Meowscarada|22\/100\n|\n|-weather|RainDance|[upkeep]\n|-damage|p1a: Mimikyu|50\/100 brn|[from] brn\n|-damage|p1b: Politoed|13\/100 brn|[from] brn\n|upkeep\n|turn|4\n|\n|t:|1729262002\n|move|p2b: Meowscarada|Sucker Punch|p1b: Politoed\n|-damage|p1b: Politoed|0 fnt\n|faint|p1b: Politoed\n|-damage|p2b: Meowscarada|12\/100|[from] item: Life Orb\n|move|p1a: Mimikyu|Play Rough|p2b: Meowscarada\n|-supereffective|p2b: Meowscarada\n|-damage|p2b: Meowscarada|0 fnt\n|faint|p2b: Meowscarada\n|move|p2a: Sinistcha|Matcha Gotcha|p1a: Mimikyu\n|-damage|p1a: Mimikyu|11\/100 brn\n|-heal|p2a: Sinistcha|93\/100|[from] drain|[of] p1a: Mimikyu\n|\n|-weather|RainDance|[upkeep]\n|-damage|p1a: Mimikyu|5\/100 brn|[from] brn\n|upkeep\n|\n|t:|1729262010\n|switch|p2b: Garganacl|Garganacl, L50, F|100\/100\n|switch|p1b: Goodra|Goodra-Hisui, L50, M|100\/100\n|turn|5\n|\n|t:|1729262022\n|-terastallize|p1b: Goodra|Water\n|move|p1a: Mimikyu|Curse|p2b: Garganacl\n|-start|p2b: Garganacl|Curse|[of] p1a: Mimikyu\n|-damage|p1a: Mimikyu|0 fnt\n|faint|p1a: Mimikyu\n|move|p1b: Goodra|Muddy Water|p2a: Sinistcha|[spread] p2a,p2b\n|-resisted|p2a: Sinistcha\n|-supereffective|p2b: Garganacl\n|-damage|p2a: Sinistcha|59\/100\n|-damage|p2b: Garganacl|0 fnt\n|faint|p2b: Garganacl\n|move|p2a: Sinistcha|Trick Room|p2a: Sinistcha\n|-fieldstart|move: Trick Room|[of] p2a: Sinistcha\n|\n|-weather|RainDance|[upkeep]\n|upkeep\n|\n|t:|1729262035\n|switch|p2b: Dragapult|Dragapult, L50, F|26\/100\n|switch|p1a: Kingambit|Kingambit, L50, M|100\/100\n|turn|6\n|c|\u2606rengeki style|gg\n|c|\u2606rengeki style|i fed up lol\n|c|\u2606RomanTogepi|Gg\n|c|\u2606RomanTogepi|Yea that trick room was very damning\n|c|\u2606rengeki style|that sucks too because i felt like you played so so so so badly haha\n|inactive|RomanTogepi has 30 seconds left.\n|\n|t:|1729262062\n|-terastallize|p2a: Sinistcha|Water\n|move|p1a: Kingambit|Kowtow Cleave|p2b: Dragapult\n|-supereffective|p2b: Dragapult\n|-damage|p2b: Dragapult|0 fnt\n|faint|p2b: Dragapult\n|move|p2a: Sinistcha|Matcha Gotcha|p1a: Kingambit|[spread] p1a\n|-ability|p1b: Goodra|Sap Sipper|boost\n|-boost|p1b: Goodra|atk|1\n|-resisted|p1a: Kingambit\n|-damage|p1a: Kingambit|89\/100\n|-heal|p2a: Sinistcha|66\/100|[from] drain|[of] p1a: Kingambit\n|move|p1b: Goodra|Muddy Water|p2a: Sinistcha\n|-resisted|p2a: Sinistcha\n|-damage|p2a: Sinistcha|22\/100\n|-enditem|p2a: Sinistcha|Sitrus Berry|[eat]\n|-heal|p2a: Sinistcha|47\/100|[from] item: Sitrus Berry\n|\n|-weather|none\n|upkeep\n|turn|7\n|-message|rengeki style forfeited.\n|\n|win|RomanTogepi\n|raw|RomanTogepi's rating: 1668 &rarr; <strong>1693<\/strong><br \/>(+25 for winning)\n|raw|rengeki style's rating: 1750 &rarr; <strong>1725<\/strong><br \/>(-25 for losing)\n|l|\u2606rengeki style\n|player|p2|\n|l| xiaoliyun.official\n","uploadtime":1729262240,"views":9,"formatid":"gen9vgc2024regh","rating":1693,"private":0,"password":null}