{"id":"gen9vgc2024regh-2225061484","format":"[Gen 9] VGC 2024 Reg H","players":["maggeprutten","rough Pult"],"log":"|j|\u2606maggeprutten\n|j|\u2606rough Pult\n|t:|1729184539\n|gametype|doubles\n|player|p1|maggeprutten|dahlia|1792\n|player|p2|rough Pult|giovanni|1818\n|teamsize|p1|6\n|teamsize|p2|6\n|gen|9\n|tier|[Gen 9] VGC 2024 Reg H\n|rated|\n|rule|Species Clause: Limit one of each Pok\u00e9mon\n|rule|Item Clause: Limit 1 of each item\n|clearpoke\n|poke|p1|Dondozo, L50, M|\n|poke|p1|Tatsugiri, L50, F|\n|poke|p1|Talonflame, L50, F|\n|poke|p1|Gholdengo, L50|\n|poke|p1|Glimmora, L50, F|\n|poke|p1|Dragonite, L50, F|\n|poke|p2|Baxcalibur, L50, F|\n|poke|p2|Dondozo, L50, M|\n|poke|p2|Kingambit, L50, M|\n|poke|p2|Rillaboom, L50, M|\n|poke|p2|Sneasler, L50, F|\n|poke|p2|Volcarona, L50, M|\n|teampreview|4\n|j| Mixam91\n|inactive|Battle timer is ON: inactive players will automatically lose when time's up. (requested by rough Pult)\n|\n|t:|1729184614\n|start\n|switch|p1a: Glimmora|Glimmora, L50, F, shiny|100\/100\n|switch|p1b: Gholdengo|Gholdengo, L50|100\/100\n|switch|p2a: Kingambit|Kingambit, L50, M|100\/100\n|switch|p2b: Dondozo|Dondozo, L50, M|100\/100\n|turn|1\n|j| Soundsoundfroot\n|inactive|maggeprutten has 30 seconds left.\n|inactive|maggeprutten has 20 seconds left.\n|inactive|maggeprutten has 15 seconds left.\n|inactive|maggeprutten has 10 seconds left.\n|\n|t:|1729184660\n|move|p1b: Gholdengo|Thunderbolt|p2b: Dondozo\n|-supereffective|p2b: Dondozo\n|-damage|p2b: Dondozo|31\/100\n|move|p1a: Glimmora|Sludge Bomb|p2b: Dondozo\n|-damage|p2b: Dondozo|0 fnt\n|faint|p2b: Dondozo\n|move|p2a: Kingambit|Kowtow Cleave|p1b: Gholdengo\n|-supereffective|p1b: Gholdengo\n|-damage|p1b: Gholdengo|0 fnt\n|faint|p1b: Gholdengo\n|\n|upkeep\n|\n|t:|1729184682\n|switch|p1b: Talonflame|Talonflame, L50, F|100\/100\n|switch|p2b: Sneasler|Sneasler, L50, F|100\/100\n|turn|2\n|\n|t:|1729184701\n|move|p2b: Sneasler|Protect|p2b: Sneasler\n|-singleturn|p2b: Sneasler|Protect\n|move|p1b: Talonflame|Brave Bird|p2b: Sneasler\n|-activate|p2b: Sneasler|move: Protect\n|move|p1a: Glimmora|Earth Power|p2a: Kingambit\n|-supereffective|p2a: Kingambit\n|-crit|p2a: Kingambit\n|-damage|p2a: Kingambit|5\/100\n|move|p2a: Kingambit|Kowtow Cleave|p1b: Talonflame\n|-damage|p1b: Talonflame|23\/100\n|\n|upkeep\n|turn|3\n|inactive|rough Pult has 30 seconds left.\n|inactive|rough Pult has 20 seconds left.\n|\n|t:|1729184737\n|-terastallize|p2a: Kingambit|Dark\n|move|p2a: Kingambit|Sucker Punch|p1a: Glimmora\n|-damage|p1a: Glimmora|44\/100\n|-activate|p1a: Glimmora|ability: Toxic Debris\n|-sidestart|p2: rough Pult|move: Toxic Spikes\n|move|p2b: Sneasler|Dire Claw|p1b: Talonflame\n|-damage|p1b: Talonflame|0 fnt\n|faint|p1b: Talonflame\n|move|p1a: Glimmora|Earth Power|p2b: Sneasler\n|-supereffective|p2b: Sneasler\n|-damage|p2b: Sneasler|12\/100\n|\n|upkeep\n|\n|t:|1729184749\n|switch|p1b: Dragonite|Dragonite, L50, F|100\/100\n|turn|4\n|inactive|rough Pult has 30 seconds left.\n|\n|t:|1729184783\n|move|p2b: Sneasler|Protect|p2b: Sneasler\n|-singleturn|p2b: Sneasler|Protect\n|move|p1b: Dragonite|Extreme Speed|p2b: Sneasler\n|-activate|p2b: Sneasler|move: Protect\n|move|p2a: Kingambit|Sucker Punch|p1a: Glimmora\n|-damage|p1a: Glimmora|0 fnt\n|-activate|p1a: Glimmora|ability: Toxic Debris\n|-sidestart|p2: rough Pult|move: Toxic Spikes\n|faint|p1a: Glimmora\n|\n|upkeep\n|turn|5\n|inactive|maggeprutten has 30 seconds left.\n|\n|t:|1729184817\n|move|p1b: Dragonite|Extreme Speed|p2b: Sneasler\n|-damage|p2b: Sneasler|0 fnt\n|faint|p2b: Sneasler\n|move|p2a: Kingambit|Kowtow Cleave|p1b: Dragonite\n|-damage|p1b: Dragonite|31\/100\n|\n|upkeep\n|\n|t:|1729184825\n|switch|p2b: Rillaboom|Rillaboom, L50, M|100\/100\n|-status|p2b: Rillaboom|tox\n|-fieldstart|move: Grassy Terrain|[from] ability: Grassy Surge|[of] p2b: Rillaboom\n|turn|6\n|\n|t:|1729184835\n|move|p2a: Kingambit|Protect|p2a: Kingambit\n|-singleturn|p2a: Kingambit|Protect\n|move|p1b: Dragonite|Extreme Speed|p2a: Kingambit\n|-activate|p2a: Kingambit|move: Protect\n|move|p2b: Rillaboom|Wood Hammer|p1b: Dragonite\n|-resisted|p1b: Dragonite\n|-damage|p1b: Dragonite|13\/100\n|-damage|p2b: Rillaboom|95\/100 tox|[from] Recoil\n|\n|-heal|p2b: Rillaboom|100\/100 tox|[from] Grassy Terrain\n|-heal|p2a: Kingambit|11\/100|[from] Grassy Terrain\n|-damage|p2b: Rillaboom|94\/100 tox|[from] psn\n|upkeep\n|turn|7\n|\n|t:|1729184852\n|move|p1b: Dragonite|Extreme Speed|p2a: Kingambit\n|-crit|p2a: Kingambit\n|-damage|p2a: Kingambit|0 fnt\n|faint|p2a: Kingambit\n|move|p2b: Rillaboom|Wood Hammer|p1b: Dragonite\n|-resisted|p1b: Dragonite\n|-damage|p1b: Dragonite|0 fnt\n|faint|p1b: Dragonite\n|-damage|p2b: Rillaboom|90\/100 tox|[from] Recoil\n|\n|win|rough Pult\n|raw|maggeprutten's rating: 1792 &rarr; <strong>1773<\/strong><br \/>(-19 for losing)\n|raw|rough Pult's rating: 1818 &rarr; <strong>1837<\/strong><br \/>(+19 for winning)\n|l| Mixam91\n|l| Soundsoundfroot\n|l|\u2606rough Pult\n|player|p2|\n|l|\u2606maggeprutten\n|player|p1|\n","uploadtime":1729185114,"views":90,"formatid":"gen9vgc2024regh","rating":1773,"private":0,"password":null}