{"id":"gen9vgc2024regh-2225250964","format":"[Gen 9] VGC 2024 Reg H","players":["LuckyLeaves","test-on-calls"],"log":"|j|\u2606LuckyLeaves\n|j|\u2606test-on-calls\n|t:|1729202060\n|gametype|doubles\n|player|p1|LuckyLeaves|266|1704\n|player|p2|test-on-calls|170|1745\n|teamsize|p1|6\n|teamsize|p2|6\n|gen|9\n|tier|[Gen 9] VGC 2024 Reg H\n|rated|\n|rule|Species Clause: Limit one of each Pok\u00e9mon\n|rule|Item Clause: Limit 1 of each item\n|clearpoke\n|poke|p1|Murkrow, L50, F|\n|poke|p1|Typhlosion-Hisui, L50, M|\n|poke|p1|Indeedee, L50, M|\n|poke|p1|Sneasler, L50, F|\n|poke|p1|Pelipper, L50, F|\n|poke|p1|Archaludon, L50, M|\n|poke|p2|Pelipper, L50, F|\n|poke|p2|Primarina, L50, M|\n|poke|p2|Tinkaton, L50, F|\n|poke|p2|Gholdengo, L50|\n|poke|p2|Amoonguss, L50, F|\n|poke|p2|Donphan, L50, M|\n|teampreview|4\n|inactive|Battle timer is ON: inactive players will automatically lose when time's up. (requested by LuckyLeaves)\n|\n|t:|1729202091\n|start\n|switch|p1a: Sneasler|Sneasler, L50, F|100\/100\n|switch|p1b: Indeedee|Indeedee, L50, M|100\/100\n|switch|p2a: Corv?|Pelipper, L50, F|100\/100\n|switch|p2b: Heffalump|Donphan, L50, M, shiny|100\/100\n|-fieldstart|move: Psychic Terrain|[from] ability: Psychic Surge|[of] p1b: Indeedee\n|-enditem|p1a: Sneasler|Psychic Seed\n|-boost|p1a: Sneasler|spd|1|[from] item: Psychic Seed\n|-weather|RainDance|[from] ability: Drizzle|[of] p2a: Corv?\n|turn|1\n|\n|t:|1729202109\n|move|p2a: Corv?|Wide Guard|p2a: Corv?\n|-singleturn|p2a: Corv?|Wide Guard\n|move|p1a: Sneasler|Dire Claw|p2b: Heffalump\n|-resisted|p2b: Heffalump\n|-damage|p2b: Heffalump|82\/100\n|-status|p2b: Heffalump|slp\n|move|p1b: Indeedee|Tera Blast|p2b: Heffalump\n|-damage|p2b: Heffalump|23\/100 slp\n|cant|p2b: Heffalump|slp\n|\n|-weather|RainDance|[upkeep]\n|upkeep\n|turn|2\n|c|\u2606test-on-calls|lmfao\n|c|\u2606test-on-calls|so cool\n|\n|t:|1729202127\n|switch|p2b: String Yeeze|Gholdengo, L50|100\/100\n|move|p1a: Sneasler|Dire Claw|p2a: Corv?\n|-damage|p2a: Corv?|50\/100\n|-status|p2a: Corv?|slp\n|move|p1b: Indeedee|Tera Blast|p2b: String Yeeze\n|-immune|p2b: String Yeeze\n|cant|p2a: Corv?|slp\n|\n|-weather|RainDance|[upkeep]\n|upkeep\n|turn|3\n|c|\u2606test-on-calls|aight\n|c|\u2606test-on-calls|what an incredible bunch of bullsnhit\n|\n|t:|1729202144\n|-terastallize|p1a: Sneasler|Dark\n|-terastallize|p2b: String Yeeze|Steel\n|cant|p2a: Corv?|slp\n|move|p1a: Sneasler|Throat Chop|p2b: String Yeeze\n|-damage|p2b: String Yeeze|55\/100\n|-start|p2b: String Yeeze|Throat Chop|[silent]\n|move|p1b: Indeedee|Tera Blast|p2a: Corv?\n|-damage|p2a: Corv?|0 fnt\n|faint|p2a: Corv?\n|move|p2b: String Yeeze|Make It Rain|p1b: Indeedee|[spread] p1a,p1b\n|-damage|p1a: Sneasler|5\/100\n|-damage|p1b: Indeedee|0 fnt\n|-unboost|p2b: String Yeeze|spa|1\n|faint|p1b: Indeedee\n|\n|-weather|RainDance|[upkeep]\n|upkeep\n|j| newbucket\n|c|\u2606test-on-calls|and the roll\n|c|\u2606test-on-calls|incerdible\n|j| mr pogostick\n|\n|t:|1729202166\n|switch|p1b: Archaludon|Archaludon, L50, M, shiny|100\/100\n|switch|p2a: Billie|Primarina, L50, M, shiny|100\/100\n|turn|4\n|\n|t:|1729202172\n|move|p2a: Billie|Protect|p2a: Billie\n|-singleturn|p2a: Billie|Protect\n|move|p1a: Sneasler|Dire Claw|p2a: Billie\n|-activate|p2a: Billie|move: Protect\n|move|p2b: String Yeeze|Make It Rain|p1b: Archaludon|[spread] p1a,p1b\n|-resisted|p1b: Archaludon\n|-damage|p1a: Sneasler|0 fnt\n|-damage|p1b: Archaludon|70\/100\n|-unboost|p2b: String Yeeze|spa|1\n|-ability|p1b: Archaludon|Stamina|boost\n|-boost|p1b: Archaludon|def|1\n|faint|p1a: Sneasler\n|move|p1b: Archaludon|Electro Shot||[still]\n|-prepare|p1b: Archaludon|Electro Shot\n|-boost|p1b: Archaludon|spa|1\n|-anim|p1b: Archaludon|Electro Shot|p2b: String Yeeze\n|-damage|p2b: String Yeeze|0 fnt\n|faint|p2b: String Yeeze\n|\n|-weather|RainDance|[upkeep]\n|upkeep\n|\n|t:|1729202175\n|switch|p1a: Pelipper|Pelipper, L50, F, shiny|100\/100\n|switch|p2b: Heffalump|Donphan, L50, M, shiny|23\/100 slp\n|turn|5\n|\n|t:|1729202182\n|move|p1b: Archaludon|Electro Shot||[still]\n|-prepare|p1b: Archaludon|Electro Shot\n|-boost|p1b: Archaludon|spa|1\n|-anim|p1b: Archaludon|Electro Shot|p2a: Billie\n|-supereffective|p2a: Billie\n|-damage|p2a: Billie|0 fnt\n|faint|p2a: Billie\n|move|p1a: Pelipper|Surf|p2b: Heffalump|[spread] p1b,p2b\n|-resisted|p1b: Archaludon\n|-supereffective|p2b: Heffalump\n|-damage|p1b: Archaludon|53\/100\n|-damage|p2b: Heffalump|0 fnt\n|-ability|p1b: Archaludon|Stamina|boost\n|-boost|p1b: Archaludon|def|1\n|faint|p2b: Heffalump\n|\n|win|LuckyLeaves\n|raw|LuckyLeaves's rating: 1704 &rarr; <strong>1726<\/strong><br \/>(+22 for winning)\n|raw|test-on-calls's rating: 1745 &rarr; <strong>1723<\/strong><br \/>(-22 for losing)\n|l|\u2606test-on-calls\n|player|p2|\n|l| mr pogostick\n|l| newbucket\n|l|\u2606LuckyLeaves\n|player|p1|\n","uploadtime":1729202429,"views":8,"formatid":"gen9vgc2024regh","rating":1723,"private":0,"password":null}