{"id":"gen9vgc2024regh-2225627769","format":"[Gen 9] VGC 2024 Reg H","players":["Geodude3138","magnusmagnum"],"log":"|j|\u2606Geodude3138\n|j|\u2606magnusmagnum\n|t:|1729254744\n|gametype|doubles\n|player|p1|Geodude3138|psychicf|1725\n|player|p2|magnusmagnum|2|1866\n|teamsize|p1|6\n|teamsize|p2|6\n|gen|9\n|tier|[Gen 9] VGC 2024 Reg H\n|rated|\n|rule|Species Clause: Limit one of each Pok\u00e9mon\n|rule|Item Clause: Limit 1 of each item\n|clearpoke\n|poke|p1|Dragonite, L50, F|\n|poke|p1|Gholdengo, L50|\n|poke|p1|Whimsicott, L50, M|\n|poke|p1|Basculegion, L50, M|\n|poke|p1|Archaludon, L50, M|\n|poke|p1|Politoed, L50, M|\n|poke|p2|Sneasler, L50, M|\n|poke|p2|Mimikyu, L50, F|\n|poke|p2|Ursaluna-Bloodmoon, L50, M|\n|poke|p2|Garchomp, L50, F|\n|poke|p2|Rillaboom, L50, M|\n|poke|p2|Gholdengo, L50|\n|teampreview|4\n|inactive|Battle timer is ON: inactive players will automatically lose when time's up. (requested by magnusmagnum)\n|\n|t:|1729254804\n|start\n|switch|p1a: Whimsicott|Whimsicott, L50, M|100\/100\n|switch|p1b: Dragonite|Dragonite, L50, F|100\/100\n|switch|p2a: PushUrTenper|Sneasler, L50, M, shiny|100\/100\n|switch|p2b: Ze|Mimikyu, L50, F, shiny|100\/100\n|turn|1\n|inactive|Geodude3138 has 30 seconds left.\n|\n|t:|1729254832\n|move|p2a: PushUrTenper|Fake Out|p1b: Dragonite\n|-damage|p1b: Dragonite|94\/100\n|move|p2b: Ze|Play Rough|p1a: Whimsicott\n|-damage|p1a: Whimsicott|41\/100\n|-damage|p2b: Ze|91\/100|[from] item: Life Orb\n|cant|p1b: Dragonite|flinch\n|move|p1a: Whimsicott|Trick Room|p1a: Whimsicott\n|-fieldstart|move: Trick Room|[of] p1a: Whimsicott\n|\n|upkeep\n|turn|2\n|inactive|magnusmagnum has 30 seconds left.\n|inactive|Geodude3138 has 30 seconds left.\n|\n|t:|1729254871\n|switch|p2a: Walksocket|Gholdengo, L50, shiny|100\/100\n|-terastallize|p1b: Dragonite|Flying\n|move|p1b: Dragonite|Tera Blast|p2a: Walksocket|[anim] Tera Blast Flying\n|-resisted|p2a: Walksocket\n|-damage|p2a: Walksocket|66\/100\n|move|p1a: Whimsicott|Moonblast|p2a: Walksocket\n|-resisted|p2a: Walksocket\n|-damage|p2a: Walksocket|45\/100\n|-enditem|p2a: Walksocket|Sitrus Berry|[eat]\n|-heal|p2a: Walksocket|70\/100|[from] item: Sitrus Berry\n|move|p2b: Ze|Shadow Claw|p1a: Whimsicott\n|-damage|p1a: Whimsicott|0 fnt\n|faint|p1a: Whimsicott\n|-damage|p2b: Ze|81\/100|[from] item: Life Orb\n|\n|upkeep\n|\n|t:|1729254889\n|switch|p1a: Basculegion|Basculegion, L50, M|100\/100\n|turn|3\n|inactive|magnusmagnum has 30 seconds left.\n|\n|t:|1729254924\n|move|p2a: Walksocket|Protect|p2a: Walksocket\n|-singleturn|p2a: Walksocket|Protect\n|move|p1a: Basculegion|Last Respects|p2a: Walksocket\n|-activate|p2a: Walksocket|move: Protect\n|move|p1b: Dragonite|Tera Blast|p2b: Ze|[anim] Tera Blast Flying\n|-activate|p2b: Ze|ability: Disguise\n|-damage|p2b: Ze|81\/100\n|detailschange|p2b: Ze|Mimikyu-Busted, L50, F, shiny\n|-damage|p2b: Ze|68\/100|[from] pokemon: Mimikyu-Busted\n|move|p2b: Ze|Play Rough|p1b: Dragonite|[miss]\n|-miss|p2b: Ze|p1b: Dragonite\n|\n|upkeep\n|turn|4\n|inactive|magnusmagnum has 30 seconds left.\n|inactive|Geodude3138 has 30 seconds left.\n|inactive|magnusmagnum has 20 seconds left.\n|inactive|magnusmagnum has 15 seconds left.\n|inactive|magnusmagnum has 10 seconds left.\n|inactive|magnusmagnum has 5 seconds left.\n|\n|t:|1729254975\n|move|p2a: Walksocket|Protect||[still]\n|-fail|p2a: Walksocket\n|move|p2b: Ze|Shadow Sneak|p1a: Basculegion\n|-supereffective|p1a: Basculegion\n|-damage|p1a: Basculegion|52\/100\n|-damage|p2b: Ze|59\/100|[from] item: Life Orb\n|move|p1a: Basculegion|Wave Crash|p2a: Walksocket\n|-damage|p2a: Walksocket|0 fnt\n|faint|p2a: Walksocket\n|-damage|p1a: Basculegion|35\/100|[from] Recoil\n|move|p1b: Dragonite|Tera Blast|p2b: Ze|[anim] Tera Blast Flying\n|-damage|p2b: Ze|0 fnt\n|faint|p2b: Ze\n|\n|upkeep\n|\n|t:|1729254986\n|switch|p2a: Veridical|Rillaboom, L50, M, shiny|100\/100\n|switch|p2b: PushUrTenper|Sneasler, L50, M, shiny|100\/100\n|-fieldstart|move: Grassy Terrain|[from] ability: Grassy Surge|[of] p2a: Veridical\n|turn|5\n|\n|t:|1729254998\n|move|p2b: PushUrTenper|Fake Out|p1b: Dragonite\n|-damage|p1b: Dragonite|81\/100\n|-status|p1b: Dragonite|psn|[from] ability: Poison Touch|[of] p2b: PushUrTenper\n|-enditem|p1b: Dragonite|Lum Berry|[eat]\n|-curestatus|p1b: Dragonite|psn|[msg]\n|move|p1a: Basculegion|Aqua Jet|p2b: PushUrTenper\n|-damage|p2b: PushUrTenper|53\/100\n|move|p2a: Veridical|Grassy Glide|p1a: Basculegion\n|-supereffective|p1a: Basculegion\n|-damage|p1a: Basculegion|0 fnt\n|faint|p1a: Basculegion\n|cant|p1b: Dragonite|flinch\n|\n|-heal|p2b: PushUrTenper|59\/100|[from] Grassy Terrain\n|-fieldend|move: Trick Room\n|upkeep\n|\n|t:|1729255012\n|switch|p1a: Archaludon|Archaludon, L50, M|100\/100\n|turn|6\n|inactive|magnusmagnum has 30 seconds left.\n|inactive|magnusmagnum has 20 seconds left.\n|inactive|magnusmagnum has 15 seconds left.\n|\n|t:|1729255054\n|move|p2b: PushUrTenper|Close Combat|p1a: Archaludon\n|-supereffective|p1a: Archaludon\n|-crit|p1a: Archaludon\n|-damage|p1a: Archaludon|0 fnt\n|-unboost|p2b: PushUrTenper|def|1\n|-unboost|p2b: PushUrTenper|spd|1\n|faint|p1a: Archaludon\n|move|p2a: Veridical|Wood Hammer|p1b: Dragonite\n|-resisted|p1b: Dragonite\n|-damage|p1b: Dragonite|34\/100\n|-damage|p2a: Veridical|85\/100|[from] Recoil\n|move|p1b: Dragonite|Tera Blast|p2a: Veridical|[anim] Tera Blast Flying\n|-supereffective|p2a: Veridical\n|-damage|p2a: Veridical|0 fnt\n|faint|p2a: Veridical\n|\n|-heal|p2b: PushUrTenper|64\/100|[from] Grassy Terrain\n|upkeep\n|turn|7\n|\n|t:|1729255071\n|move|p2b: PushUrTenper|Protect|p2b: PushUrTenper\n|-singleturn|p2b: PushUrTenper|Protect\n|move|p1b: Dragonite|Extreme Speed|p2b: PushUrTenper\n|-activate|p2b: PushUrTenper|move: Protect\n|\n|-heal|p2b: PushUrTenper|70\/100|[from] Grassy Terrain\n|upkeep\n|turn|8\n|\n|t:|1729255078\n|move|p1b: Dragonite|Extreme Speed|p2b: PushUrTenper\n|-damage|p2b: PushUrTenper|0 fnt\n|faint|p2b: PushUrTenper\n|\n|win|Geodude3138\n|raw|Geodude3138's rating: 1725 &rarr; <strong>1753<\/strong><br \/>(+28 for winning)\n|raw|magnusmagnum's rating: 1866 &rarr; <strong>1838<\/strong><br \/>(-28 for losing)\n|l|\u2606magnusmagnum\n|player|p2|\n|l|\u2606Geodude3138\n|player|p1|\n","uploadtime":1729255324,"views":16,"formatid":"gen9vgc2024regh","rating":1753,"private":0,"password":null}