{"id":"gen9vgc2024regh-2225355182","format":"[Gen 9] VGC 2024 Reg H","players":["rengeki style","caixueying"],"log":"|j|\u2606rengeki style\n|j|\u2606caixueying\n|t:|1729214180\n|gametype|doubles\n|player|p1|rengeki style|102|1789\n|player|p2|caixueying|beauty-gen4dp|1702\n|teamsize|p1|6\n|teamsize|p2|6\n|gen|9\n|tier|[Gen 9] VGC 2024 Reg H\n|rated|\n|rule|Species Clause: Limit one of each Pok\u00e9mon\n|rule|Item Clause: Limit 1 of each item\n|clearpoke\n|poke|p1|Garganacl, L50, F|\n|poke|p1|Ursaluna-Bloodmoon, L50, M|\n|poke|p1|Meowscarada, L50, M|\n|poke|p1|Sinistcha, L50|\n|poke|p1|Dragapult, L50, M|\n|poke|p1|Incineroar, L50, F|\n|poke|p2|Lilligant-Hisui, L50, F|\n|poke|p2|Maushold-Four, L50|\n|poke|p2|Hatterene, L50, F|\n|poke|p2|Indeedee-F, L50, F|\n|poke|p2|Gallade, L50, M|\n|poke|p2|Torkoal, L50, F|\n|teampreview|4\n|inactive|Battle timer is ON: inactive players will automatically lose when time's up. (requested by caixueying)\n|inactive|rengeki style has 60 seconds left.\n|inactive|caixueying has 60 seconds left.\n|\n|t:|1729214240\n|start\n|switch|p1a: Dragapult|Dragapult, L50, M|100\/100\n|switch|p1b: Incineroar|Incineroar, L50, F|100\/100\n|switch|p2a: Indeedee|Indeedee-F, L50, F|100\/100\n|switch|p2b: Hatterene|Hatterene, L50, F|100\/100\n|-fieldstart|move: Psychic Terrain|[from] ability: Psychic Surge|[of] p2a: Indeedee\n|-ability|p1b: Incineroar|Intimidate|boost\n|-unboost|p2a: Indeedee|atk|1\n|-unboost|p2b: Hatterene|atk|1\n|turn|1\n|\n|t:|1729214252\n|move|p2a: Indeedee|Follow Me|p2a: Indeedee\n|-singleturn|p2a: Indeedee|move: Follow Me\n|move|p1a: Dragapult|Light Screen|p1a: Dragapult\n|-sidestart|p1: rengeki style|move: Light Screen\n|move|p1b: Incineroar|Knock Off|p2a: Indeedee\n|-supereffective|p2a: Indeedee\n|-damage|p2a: Indeedee|33\/100\n|-enditem|p2a: Indeedee|Terrain Extender|[from] move: Knock Off|[of] p1b: Incineroar\n|move|p2b: Hatterene|Trick Room|p2b: Hatterene\n|-fieldstart|move: Trick Room|[of] p2b: Hatterene\n|\n|upkeep\n|turn|2\n|\n|t:|1729214261\n|switch|p1a: Garganacl|Garganacl, L50, F|100\/100\n|move|p2a: Indeedee|Helping Hand|p2b: Hatterene\n|-singleturn|p2b: Hatterene|Helping Hand|[of] p2a: Indeedee\n|move|p2b: Hatterene|Dazzling Gleam|p1b: Incineroar|[spread] p1a,p1b\n|-damage|p1a: Garganacl|71\/100\n|-damage|p1b: Incineroar|68\/100\n|-damage|p2b: Hatterene|91\/100|[from] item: Life Orb\n|move|p1b: Incineroar|Parting Shot|p2a: Indeedee\n|-unboost|p2a: Indeedee|atk|1\n|-unboost|p2a: Indeedee|spa|1\n|\n|t:|1729214270\n|switch|p1b: Sinistcha|Sinistcha, L50|100\/100|[from] Parting Shot\n|-heal|p1a: Garganacl|95\/100|[from] ability: Hospitality|[of] p1b: Sinistcha\n|\n|-heal|p1a: Garganacl|100\/100|[from] item: Leftovers\n|upkeep\n|turn|3\n|\n|t:|1729214280\n|move|p2a: Indeedee|Helping Hand|p2b: Hatterene\n|-singleturn|p2b: Hatterene|Helping Hand|[of] p2a: Indeedee\n|move|p2b: Hatterene|Psychic|p1b: Sinistcha\n|-damage|p1b: Sinistcha|20\/100\n|-enditem|p1b: Sinistcha|Sitrus Berry|[eat]\n|-heal|p1b: Sinistcha|45\/100|[from] item: Sitrus Berry\n|-damage|p2b: Hatterene|81\/100|[from] item: Life Orb\n|move|p1a: Garganacl|Iron Defense|p1a: Garganacl\n|-boost|p1a: Garganacl|def|2\n|move|p1b: Sinistcha|Matcha Gotcha|p2b: Hatterene|[spread] p2a,p2b\n|-damage|p2a: Indeedee|10\/100\n|-heal|p1b: Sinistcha|57\/100|[from] drain|[of] p2a: Indeedee\n|-damage|p2b: Hatterene|57\/100\n|-heal|p1b: Sinistcha|68\/100|[from] drain|[of] p2b: Hatterene\n|\n|upkeep\n|turn|4\n|inactive|caixueying has 30 seconds left.\n|\n|t:|1729214313\n|switch|p1b: Incineroar|Incineroar, L50, F|68\/100\n|-ability|p1b: Incineroar|Intimidate|boost\n|-unboost|p2a: Indeedee|atk|1\n|-unboost|p2b: Hatterene|atk|1\n|switch|p2a: Gallade|Gallade, L50, M|100\/100\n|move|p2b: Hatterene|Expanding Force|p1a: Garganacl|[spread] p1a\n|-immune|p1b: Incineroar\n|-crit|p1a: Garganacl\n|-damage|p1a: Garganacl|8\/100\n|-damage|p2b: Hatterene|47\/100|[from] item: Life Orb\n|move|p1a: Garganacl|Salt Cure|p2b: Hatterene\n|-damage|p2b: Hatterene|32\/100\n|-start|p2b: Hatterene|Salt Cure\n|\n|-heal|p1a: Garganacl|14\/100|[from] item: Leftovers\n|-damage|p2b: Hatterene|20\/100|[from] Salt Cure\n|upkeep\n|turn|5\n|\n|t:|1729214335\n|-terastallize|p2a: Gallade|Fighting\n|move|p1a: Garganacl|Protect|p1a: Garganacl\n|-singleturn|p1a: Garganacl|Protect\n|move|p2b: Hatterene|Dazzling Gleam|p1a: Garganacl|[spread] p1b\n|-activate|p1a: Garganacl|move: Protect\n|-damage|p1b: Incineroar|43\/100\n|-damage|p2b: Hatterene|10\/100|[from] item: Life Orb\n|move|p2a: Gallade|Sacred Sword|p1b: Incineroar\n|-supereffective|p1b: Incineroar\n|-damage|p1b: Incineroar|0 fnt\n|faint|p1b: Incineroar\n|\n|-heal|p1a: Garganacl|20\/100|[from] item: Leftovers\n|-damage|p2b: Hatterene|0 fnt|[from] Salt Cure\n|faint|p2b: Hatterene\n|-sideend|p1: rengeki style|move: Light Screen\n|-fieldend|move: Trick Room\n|upkeep\n|\n|t:|1729214352\n|switch|p1b: Dragapult|Dragapult, L50, M|100\/100\n|switch|p2b: Indeedee|Indeedee-F, L50, F|10\/100\n|turn|6\n|\n|t:|1729214366\n|switch|p1b: Sinistcha|Sinistcha, L50|68\/100\n|-heal|p1a: Garganacl|44\/100|[from] ability: Hospitality|[of] p1b: Sinistcha\n|-terastallize|p1a: Garganacl|Flying\n|move|p2b: Indeedee|Follow Me|p2b: Indeedee\n|-singleturn|p2b: Indeedee|move: Follow Me\n|move|p1a: Garganacl|Recover|p1a: Garganacl\n|-heal|p1a: Garganacl|95\/100\n|move|p2a: Gallade|Trick Room|p2a: Gallade\n|-fieldstart|move: Trick Room|[of] p2a: Gallade\n|\n|-heal|p1a: Garganacl|100\/100|[from] item: Leftovers\n|upkeep\n|turn|7\n|inactive|rengeki style has 30 seconds left.\n|\n|t:|1729214400\n|move|p2b: Indeedee|Helping Hand|p2a: Gallade\n|-singleturn|p2a: Gallade|Helping Hand|[of] p2b: Indeedee\n|move|p1a: Garganacl|Protect|p1a: Garganacl\n|-singleturn|p1a: Garganacl|Protect\n|move|p2a: Gallade|Psycho Cut|p1b: Sinistcha\n|-damage|p1b: Sinistcha|0 fnt\n|faint|p1b: Sinistcha\n|\n|upkeep\n|\n|t:|1729214405\n|switch|p1b: Dragapult|Dragapult, L50, M|100\/100\n|turn|8\n|\n|t:|1729214411\n|move|p2b: Indeedee|Helping Hand|p2a: Gallade\n|-singleturn|p2a: Gallade|Helping Hand|[of] p2b: Indeedee\n|move|p1a: Garganacl|Salt Cure|p2b: Indeedee\n|-damage|p2b: Indeedee|0 fnt\n|faint|p2b: Indeedee\n|move|p2a: Gallade|Psycho Cut|p1b: Dragapult\n|-enditem|p1b: Dragapult|Focus Sash\n|-damage|p1b: Dragapult|1\/100\n|move|p1b: Dragapult|Light Screen|p1b: Dragapult\n|-sidestart|p1: rengeki style|move: Light Screen\n|\n|-fieldend|move: Psychic Terrain\n|upkeep\n|\n|t:|1729214422\n|switch|p2b: Torkoal|Torkoal, L50, F|100\/100\n|-weather|SunnyDay|[from] ability: Drought|[of] p2b: Torkoal\n|turn|9\n|\n|t:|1729214429\n|move|p2b: Torkoal|Eruption|p1a: Garganacl|[spread] p1a,p1b\n|-resisted|p1b: Dragapult\n|-damage|p1a: Garganacl|57\/100\n|-damage|p1b: Dragapult|0 fnt\n|faint|p1b: Dragapult\n|move|p1a: Garganacl|Salt Cure|p2b: Torkoal\n|-supereffective|p2b: Torkoal\n|-damage|p2b: Torkoal|79\/100\n|-start|p2b: Torkoal|Salt Cure\n|move|p2a: Gallade|Sacred Sword|p1a: Garganacl\n|-resisted|p1a: Garganacl\n|-damage|p1a: Garganacl|20\/100\n|\n|-weather|SunnyDay|[upkeep]\n|-heal|p1a: Garganacl|26\/100|[from] item: Leftovers\n|-damage|p2b: Torkoal|67\/100|[from] Salt Cure\n|upkeep\n|turn|10\n|\n|t:|1729214451\n|move|p2b: Torkoal|Eruption|p1a: Garganacl\n|-crit|p1a: Garganacl\n|-damage|p1a: Garganacl|0 fnt\n|faint|p1a: Garganacl\n|\n|win|caixueying\n|raw|rengeki style's rating: 1789 &rarr; <strong>1764<\/strong><br \/>(-25 for losing)\n|raw|caixueying's rating: 1702 &rarr; <strong>1727<\/strong><br \/>(+25 for winning)\n|c|\u2606rengeki style|can you admit\n|l|\u2606caixueying\n|player|p2|\n|c|\u2606rengeki style|that you should have lost?\n|l|\u2606rengeki style\n|player|p1|\n","uploadtime":1729214634,"views":13,"formatid":"gen9vgc2024regh","rating":1727,"private":0,"password":null}