{"id":"gen9vgc2024regh-2225477305","format":"[Gen 9] VGC 2024 Reg H","players":["saltydog45","superpowerpoke"],"log":"|j|\u2606saltydog45\n|j|\u2606superpowerpoke\n|t:|1729231969\n|gametype|doubles\n|player|p1|saltydog45|170|1636\n|player|p2|superpowerpoke|265|1773\n|teamsize|p1|6\n|teamsize|p2|6\n|gen|9\n|tier|[Gen 9] VGC 2024 Reg H\n|rated|\n|rule|Species Clause: Limit one of each Pok\u00e9mon\n|rule|Item Clause: Limit 1 of each item\n|clearpoke\n|poke|p1|Murkrow, L50, M|\n|poke|p1|Primarina, L50, M|\n|poke|p1|Sinistcha, L50|\n|poke|p1|Incineroar, L50, F|\n|poke|p1|Archaludon, L50, M|\n|poke|p1|Basculegion, L50, M|\n|poke|p2|Gholdengo, L50|\n|poke|p2|Ninetales-Alola, L50, M|\n|poke|p2|Ursaluna-Bloodmoon, L50, M|\n|poke|p2|Dondozo, L50, F|\n|poke|p2|Annihilape, L50, M|\n|poke|p2|Incineroar, L50, M|\n|teampreview|4\n|inactive|Battle timer is ON: inactive players will automatically lose when time's up. (requested by saltydog45)\n|j| bman311\n|j| bjvgc1\n|l| bman311\n|j| mr pogostick\n|\n|t:|1729231998\n|start\n|switch|p1a: Murkrow|Murkrow, L50, M|100\/100\n|switch|p1b: Primarina|Primarina, L50, M|100\/100\n|switch|p2a: Ursaluna|Ursaluna-Bloodmoon, L50, M|100\/100\n|switch|p2b: Dondozo|Dondozo, L50, F|100\/100\n|turn|1\n|inactive|superpowerpoke has 30 seconds left.\n|\n|t:|1729232030\n|move|p1a: Murkrow|Tailwind|p1a: Murkrow\n|-sidestart|p1: saltydog45|move: Tailwind\n|move|p1b: Primarina|Hyper Voice|p2b: Dondozo|[spread] p2a,p2b\n|-supereffective|p2a: Ursaluna\n|-resisted|p2b: Dondozo\n|-damage|p2a: Ursaluna|46\/100\n|-damage|p2b: Dondozo|85\/100\n|-enditem|p1b: Primarina|Throat Spray\n|-boost|p1b: Primarina|spa|1|[from] item: Throat Spray\n|move|p2b: Dondozo|Wave Crash|p1a: Murkrow\n|-damage|p1a: Murkrow|50\/100\n|-damage|p2b: Dondozo|73\/100|[from] Recoil\n|move|p2a: Ursaluna|Blood Moon|p1a: Murkrow\n|-damage|p1a: Murkrow|0 fnt\n|faint|p1a: Murkrow\n|\n|upkeep\n|j| Rabbithorn01\n|\n|t:|1729232052\n|switch|p1a: Archaludon|Archaludon, L50, M|100\/100\n|turn|2\n|\n|t:|1729232075\n|-terastallize|p2b: Dondozo|Steel\n|move|p2a: Ursaluna|Vacuum Wave|p1a: Archaludon\n|-supereffective|p1a: Archaludon\n|-damage|p1a: Archaludon|77\/100\n|-ability|p1a: Archaludon|Stamina|boost\n|-boost|p1a: Archaludon|def|1\n|move|p1a: Archaludon|Dragon Pulse|p2b: Dondozo\n|-resisted|p2b: Dondozo\n|-damage|p2b: Dondozo|58\/100\n|move|p1b: Primarina|Moonblast|p2a: Ursaluna\n|-damage|p2a: Ursaluna|0 fnt\n|faint|p2a: Ursaluna\n|move|p2b: Dondozo|Yawn|p1b: Primarina\n|-start|p1b: Primarina|move: Yawn|[of] p2b: Dondozo\n|\n|upkeep\n|inactive|superpowerpoke has 30 seconds left.\n|\n|t:|1729232108\n|switch|p2a: Ninetales|Ninetales-Alola, L50, M|100\/100\n|-weather|Snow|[from] ability: Snow Warning|[of] p2a: Ninetales\n|turn|3\n|\n|t:|1729232123\n|move|p2a: Ninetales|Protect|p2a: Ninetales\n|-singleturn|p2a: Ninetales|Protect\n|move|p1a: Archaludon|Body Press|p2b: Dondozo\n|-supereffective|p2b: Dondozo\n|-damage|p2b: Dondozo|30\/100\n|-enditem|p2b: Dondozo|Sitrus Berry|[eat]\n|-heal|p2b: Dondozo|55\/100|[from] item: Sitrus Berry\n|move|p1b: Primarina|Hyper Voice|p2b: Dondozo|[spread] p2b\n|-activate|p2a: Ninetales|move: Protect\n|-damage|p2b: Dondozo|26\/100\n|move|p2b: Dondozo|Body Press|p1a: Archaludon\n|-supereffective|p1a: Archaludon\n|-damage|p1a: Archaludon|42\/100\n|-ability|p1a: Archaludon|Stamina|boost\n|-boost|p1a: Archaludon|def|1\n|\n|-weather|Snow|[upkeep]\n|-end|p1b: Primarina|move: Yawn|[silent]\n|-status|p1b: Primarina|slp\n|upkeep\n|turn|4\n|inactive|superpowerpoke has 30 seconds left.\n|\n|t:|1729232153\n|switch|p2a: Gholdengo|Gholdengo, L50|100\/100\n|move|p1a: Archaludon|Flash Cannon|p2a: Gholdengo\n|-resisted|p2a: Gholdengo\n|-damage|p2a: Gholdengo|78\/100\n|cant|p1b: Primarina|slp\n|move|p2b: Dondozo|Body Press|p1a: Archaludon\n|-supereffective|p1a: Archaludon\n|-damage|p1a: Archaludon|1\/100\n|-ability|p1a: Archaludon|Stamina|boost\n|-boost|p1a: Archaludon|def|1\n|\n|-weather|Snow|[upkeep]\n|-sideend|p1: saltydog45|move: Tailwind\n|upkeep\n|turn|5\n|inactive|saltydog45 has 30 seconds left.\n|inactive|superpowerpoke has 30 seconds left.\n|inactive|superpowerpoke has 20 seconds left.\n|\n|t:|1729232189\n|switch|p2b: Ninetales|Ninetales-Alola, L50, M|100\/100\n|move|p2a: Gholdengo|Shadow Ball|p1a: Archaludon\n|-damage|p1a: Archaludon|0 fnt\n|faint|p1a: Archaludon\n|cant|p1b: Primarina|slp\n|\n|-weather|Snow|[upkeep]\n|upkeep\n|\n|t:|1729232199\n|switch|p1a: Basculegion|Basculegion, L50, M|100\/100\n|turn|6\n|\n|t:|1729232217\n|move|p1a: Basculegion|Protect|p1a: Basculegion\n|-singleturn|p1a: Basculegion|Protect\n|move|p2a: Gholdengo|Shadow Ball|p1a: Basculegion\n|-activate|p1a: Basculegion|move: Protect\n|move|p2b: Ninetales|Freeze-Dry|p1a: Basculegion\n|-activate|p1a: Basculegion|move: Protect\n|-curestatus|p1b: Primarina|slp|[msg]\n|move|p1b: Primarina|Hyper Voice|p2b: Ninetales|[spread] p2a,p2b\n|-damage|p2a: Gholdengo|17\/100\n|-damage|p2b: Ninetales|40\/100\n|\n|-weather|Snow|[upkeep]\n|upkeep\n|turn|7\n|\n|t:|1729232238\n|move|p1a: Basculegion|Aqua Jet|p2a: Gholdengo\n|-damage|p2a: Gholdengo|0 fnt\n|faint|p2a: Gholdengo\n|-damage|p1a: Basculegion|91\/100|[from] item: Life Orb\n|move|p2b: Ninetales|Freeze-Dry|p1a: Basculegion\n|-supereffective|p1a: Basculegion\n|-damage|p1a: Basculegion|7\/100\n|-damage|p2b: Ninetales|30\/100|[from] item: Life Orb\n|move|p1b: Primarina|Moonblast|p2b: Ninetales\n|-damage|p2b: Ninetales|0 fnt\n|faint|p2b: Ninetales\n|\n|-weather|none\n|upkeep\n|\n|t:|1729232242\n|switch|p2b: Dondozo|Dondozo, L50, F, tera:Steel|26\/100\n|turn|8\n|-message|superpowerpoke forfeited.\n|\n|win|saltydog45\n|raw|saltydog45's rating: 1636 &rarr; <strong>1664<\/strong><br \/>(+28 for winning)\n|raw|superpowerpoke's rating: 1773 &rarr; <strong>1745<\/strong><br \/>(-28 for losing)\n|l| mr pogostick\n","uploadtime":1729232251,"views":12,"formatid":"gen9vgc2024regh","rating":1664,"private":0,"password":null}