{"id":"gen9vgc2024regh-2225353037","format":"[Gen 9] VGC 2024 Reg H","players":["chiitancrazymascot","kevintoodlepoot"],"log":"|j|\u2606chiitancrazymascot\n|j|\u2606kevintoodlepoot\n|t:|1729213921\n|gametype|doubles\n|player|p1|chiitancrazymascot|pokemaniac|1777\n|player|p2|kevintoodlepoot|170|1715\n|teamsize|p1|6\n|teamsize|p2|6\n|gen|9\n|tier|[Gen 9] VGC 2024 Reg H\n|rated|\n|rule|Species Clause: Limit one of each Pok\u00e9mon\n|rule|Item Clause: Limit 1 of each item\n|clearpoke\n|poke|p1|Annihilape, L50, F|\n|poke|p1|Dondozo, L50, M|\n|poke|p1|Maushold-Four, L50|\n|poke|p1|Gholdengo, L50|\n|poke|p1|Whimsicott, L50, M|\n|poke|p1|Tatsugiri, L50, F|\n|poke|p2|Exeggutor, L50, F|\n|poke|p2|Torkoal, L50, M|\n|poke|p2|Indeedee-F, L50, F|\n|poke|p2|Sneasler, L50, M|\n|poke|p2|Charizard, L50, F|\n|poke|p2|Snorlax, L50, F|\n|teampreview|4\n|inactive|Battle timer is ON: inactive players will automatically lose when time's up. (requested by chiitancrazymascot)\n|\n|t:|1729213948\n|start\n|switch|p1a: Maushold|Maushold-Four, L50|100\/100\n|switch|p1b: Annihilape|Annihilape, L50, F, shiny|100\/100\n|switch|p2a: Exeggutor|Exeggutor, L50, F|100\/100\n|switch|p2b: Indeedee|Indeedee-F, L50, F|100\/100\n|-fieldstart|move: Psychic Terrain|[from] ability: Psychic Surge|[of] p2b: Indeedee\n|turn|1\n|inactive|chiitancrazymascot has 30 seconds left.\n|inactive|chiitancrazymascot has 20 seconds left.\n|inactive|chiitancrazymascot has 15 seconds left.\n|\n|t:|1729213988\n|switch|p2b: Torkoal|Torkoal, L50, M|100\/100\n|-weather|SunnyDay|[from] ability: Drought|[of] p2b: Torkoal\n|-terastallize|p1b: Annihilape|Fire\n|move|p2a: Exeggutor|Expanding Force|p1b: Annihilape|[spread] p1a,p1b\n|-damage|p1a: Maushold|17\/100\n|-damage|p1b: Annihilape|61\/100\n|move|p1a: Maushold|Taunt|p2b: Torkoal\n|-start|p2b: Torkoal|move: Taunt\n|move|p1b: Annihilape|Bulk Up|p1b: Annihilape\n|-boost|p1b: Annihilape|atk|1\n|-boost|p1b: Annihilape|def|1\n|\n|-weather|SunnyDay|[upkeep]\n|upkeep\n|turn|2\n|inactive|kevintoodlepoot has 30 seconds left.\n|inactive|kevintoodlepoot has 20 seconds left.\n|inactive|kevintoodlepoot has 15 seconds left.\n|j| I've got the runs\n|\n|t:|1729214032\n|switch|p2b: Sneasler|Sneasler, L50, M|100\/100\n|-enditem|p2b: Sneasler|Psychic Seed\n|-boost|p2b: Sneasler|spd|1|[from] item: Psychic Seed\n|-terastallize|p2a: Exeggutor|Psychic\n|move|p1a: Maushold|Protect|p1a: Maushold\n|-singleturn|p1a: Maushold|Protect\n|move|p2a: Exeggutor|Expanding Force|p1a: Maushold|[spread] p1b\n|-activate|p1a: Maushold|move: Protect\n|-damage|p1b: Annihilape|15\/100\n|-enditem|p1b: Annihilape|Sitrus Berry|[eat]\n|-heal|p1b: Annihilape|40\/100|[from] item: Sitrus Berry\n|move|p1b: Annihilape|Rage Fist|p2a: Exeggutor\n|-supereffective|p2a: Exeggutor\n|-enditem|p2a: Exeggutor|Focus Sash\n|-damage|p2a: Exeggutor|1\/100\n|\n|-weather|SunnyDay|[upkeep]\n|upkeep\n|turn|3\n|inactive|kevintoodlepoot has 30 seconds left.\n|inactive|kevintoodlepoot has 20 seconds left.\n|inactive|kevintoodlepoot has 15 seconds left.\n|inactive|kevintoodlepoot has 10 seconds left.\n|\n|t:|1729214078\n|switch|p2b: Torkoal|Torkoal, L50, M|100\/100\n|switch|p1a: Dondozo|Dondozo, L50, M, shiny|100\/100\n|switch|p1b: Tatsugiri|Tatsugiri, L50, F, shiny|100\/100\n|-activate|p1b: Tatsugiri|ability: Commander|[of] p1a: Dondozo\n|-boost|p1a: Dondozo|atk|2\n|-boost|p1a: Dondozo|spa|2\n|-boost|p1a: Dondozo|spe|2\n|-boost|p1a: Dondozo|def|2\n|-boost|p1a: Dondozo|spd|2\n|move|p2a: Exeggutor|Expanding Force|p1a: Dondozo|[spread] p1a\n|-miss|p2a: Exeggutor|p1b: Tatsugiri\n|-damage|p1a: Dondozo|49\/100\n|\n|-weather|SunnyDay|[upkeep]\n|-heal|p1a: Dondozo|55\/100|[from] item: Leftovers\n|upkeep\n|turn|4\n|\n|t:|1729214091\n|move|p2b: Torkoal|Helping Hand|p2a: Exeggutor\n|-singleturn|p2a: Exeggutor|Helping Hand|[of] p2b: Torkoal\n|move|p2a: Exeggutor|Expanding Force|p1a: Dondozo|[spread] p1a\n|-miss|p2a: Exeggutor|p1b: Tatsugiri\n|-damage|p1a: Dondozo|0 fnt\n|faint|p1a: Dondozo\n|\n|-weather|SunnyDay|[upkeep]\n|upkeep\n|\n|t:|1729214101\n|switch|p1a: Maushold|Maushold-Four, L50|17\/100\n|turn|5\n|\n|t:|1729214113\n|switch|p2b: Sneasler|Sneasler, L50, M|100\/100\n|move|p1a: Maushold|Protect|p1a: Maushold\n|-singleturn|p1a: Maushold|Protect\n|move|p1b: Tatsugiri|Icy Wind|p2b: Sneasler|[spread] p2a\n|-miss|p1b: Tatsugiri|p2b: Sneasler\n|-damage|p2a: Exeggutor|0 fnt\n|faint|p2a: Exeggutor\n|\n|-weather|none\n|-fieldend|move: Psychic Terrain\n|upkeep\n|inactive|kevintoodlepoot has 30 seconds left.\n|\n|t:|1729214139\n|switch|p2a: Indeedee|Indeedee-F, L50, F|100\/100\n|-fieldstart|move: Psychic Terrain|[from] ability: Psychic Surge|[of] p2a: Indeedee\n|turn|6\n|\n|t:|1729214147\n|move|p2b: Sneasler|Protect|p2b: Sneasler\n|-singleturn|p2b: Sneasler|Protect\n|move|p1b: Tatsugiri|Icy Wind|p2b: Sneasler|[spread] p2a\n|-activate|p2b: Sneasler|move: Protect\n|-damage|p2a: Indeedee|88\/100\n|-unboost|p2a: Indeedee|spe|1\n|move|p1a: Maushold|Taunt|p2a: Indeedee\n|-start|p2a: Indeedee|move: Taunt\n|move|p2a: Indeedee|Dazzling Gleam|p1b: Tatsugiri|[spread] p1a,p1b\n|-supereffective|p1b: Tatsugiri\n|-damage|p1a: Maushold|2\/100\n|-damage|p1b: Tatsugiri|75\/100\n|\n|upkeep\n|turn|7\n|inactive|kevintoodlepoot has 30 seconds left.\n|\n|t:|1729214176\n|switch|p2b: Torkoal|Torkoal, L50, M|100\/100\n|-weather|SunnyDay|[from] ability: Drought|[of] p2b: Torkoal\n|move|p1a: Maushold|Follow Me|p1a: Maushold\n|-singleturn|p1a: Maushold|move: Follow Me\n|move|p1b: Tatsugiri|Icy Wind|p2a: Indeedee|[spread] p2a,p2b\n|-resisted|p2b: Torkoal\n|-damage|p2a: Indeedee|74\/100\n|-damage|p2b: Torkoal|93\/100\n|-unboost|p2a: Indeedee|spe|1\n|-unboost|p2b: Torkoal|spe|1\n|-enditem|p2b: Torkoal|Eject Pack\n|\n|t:|1729214185\n|switch|p2b: Sneasler|Sneasler, L50, M|100\/100\n|move|p2a: Indeedee|Dazzling Gleam|p1a: Maushold|[spread] p1a,p1b\n|-supereffective|p1b: Tatsugiri\n|-damage|p1a: Maushold|0 fnt\n|-damage|p1b: Tatsugiri|47\/100\n|faint|p1a: Maushold\n|\n|-weather|SunnyDay|[upkeep]\n|upkeep\n|\n|t:|1729214187\n|switch|p1a: Annihilape|Annihilape, L50, F, shiny, tera:Fire|40\/100\n|turn|8\n|\n|t:|1729214196\n|move|p1b: Tatsugiri|Icy Wind|p2b: Sneasler|[spread] p2a,p2b\n|-damage|p2a: Indeedee|60\/100\n|-damage|p2b: Sneasler|83\/100\n|-unboost|p2a: Indeedee|spe|1\n|-unboost|p2b: Sneasler|spe|1\n|move|p1a: Annihilape|Drain Punch|p2a: Indeedee\n|-damage|p2a: Indeedee|32\/100\n|-heal|p1a: Annihilape|52\/100|[from] drain|[of] p2a: Indeedee\n|-damage|p1a: Annihilape|35\/100|[from] item: Rocky Helmet|[of] p2a: Indeedee\n|move|p2b: Sneasler|Close Combat|p1a: Annihilape\n|-damage|p1a: Annihilape|0 fnt\n|-unboost|p2b: Sneasler|def|1\n|-unboost|p2b: Sneasler|spd|1\n|faint|p1a: Annihilape\n|move|p2a: Indeedee|Dazzling Gleam|p1b: Tatsugiri\n|-supereffective|p1b: Tatsugiri\n|-damage|p1b: Tatsugiri|0 fnt\n|faint|p1b: Tatsugiri\n|\n|win|kevintoodlepoot\n|raw|chiitancrazymascot's rating: 1777 &rarr; <strong>1753<\/strong><br \/>(-24 for losing)\n|raw|kevintoodlepoot's rating: 1715 &rarr; <strong>1739<\/strong><br \/>(+24 for winning)\n|l|\u2606chiitancrazymascot\n|player|p1|\n|l|\u2606kevintoodlepoot\n|player|p2|\n","uploadtime":1729214203,"views":29,"formatid":"gen9vgc2024regh","rating":1739,"private":0,"password":null}