{"id":"gen9vgc2024regh-2225054374","format":"[Gen 9] VGC 2024 Reg H","players":["ImmaOustYourOger","Rainha678"],"log":"|j|\u2606ImmaOustYourOger\n|j|\u2606Rainha678\n|t:|1729183913\n|gametype|doubles\n|player|p1|ImmaOustYourOger|blackbelt-gen4dp|1650\n|player|p2|Rainha678|2|1749\n|teamsize|p1|6\n|teamsize|p2|6\n|gen|9\n|tier|[Gen 9] VGC 2024 Reg H\n|rated|\n|rule|Species Clause: Limit one of each Pok\u00e9mon\n|rule|Item Clause: Limit 1 of each item\n|clearpoke\n|poke|p1|Talonflame, L50, F|\n|poke|p1|Amoonguss, L50, M|\n|poke|p1|Gholdengo, L50|\n|poke|p1|Primarina, L50, F|\n|poke|p1|Garchomp, L50, F|\n|poke|p1|Tyranitar, L50, F|\n|poke|p2|Indeedee-F, L50, F|\n|poke|p2|Armarouge, L50, M|\n|poke|p2|Zoroark-Hisui, L50, F|\n|poke|p2|Primarina, L50, M|\n|poke|p2|Murkrow, L50, M|\n|poke|p2|Ursaluna-Bloodmoon, L50, M|\n|teampreview|4\n|\n|t:|1729183982\n|start\n|switch|p1a: Peregrine|Talonflame, L50, F|100\/100\n|switch|p1b: Kaiju|Garchomp, L50, F, shiny|100\/100\n|switch|p2a: Primarina|Primarina, L50, M|100\/100\n|switch|p2b: Murkrow|Murkrow, L50, M|100\/100\n|turn|1\n|\n|t:|1729183998\n|-terastallize|p1b: Kaiju|Ground\n|move|p1a: Peregrine|Tailwind|p1a: Peregrine\n|-sidestart|p1: ImmaOustYourOger|move: Tailwind\n|move|p2b: Murkrow|Tailwind|p2b: Murkrow\n|-sidestart|p2: Rainha678|move: Tailwind\n|move|p1b: Kaiju|Earthquake|p2a: Primarina|[spread] p2a\n|-immune|p1a: Peregrine\n|-immune|p2b: Murkrow\n|-damage|p2a: Primarina|3\/100\n|move|p2a: Primarina|Hyper Voice|p1a: Peregrine|[spread] p1a,p1b\n|-supereffective|p1a: Peregrine\n|-supereffective|p1b: Kaiju\n|-crit|p1b: Kaiju\n|-damage|p1a: Peregrine|3\/100\n|-damage|p1b: Kaiju|0 fnt\n|faint|p1b: Kaiju\n|\n|upkeep\n|\n|t:|1729184028\n|switch|p1b: Party Animal|Gholdengo, L50|100\/100\n|turn|2\n|\n|t:|1729184057\n|switch|p2b: Indeedee|Indeedee-F, L50, F, shiny|100\/100\n|-fieldstart|move: Psychic Terrain|[from] ability: Psychic Surge|[of] p2b: Indeedee\n|move|p2a: Primarina|Aqua Jet|p1a: Peregrine\n|-hint|Psychic Terrain doesn't affect Pok\u00e9mon immune to Ground.\n|-supereffective|p1a: Peregrine\n|-damage|p1a: Peregrine|0 fnt\n|faint|p1a: Peregrine\n|move|p1b: Party Animal|Nasty Plot|p1b: Party Animal\n|-boost|p1b: Party Animal|spa|2\n|\n|upkeep\n|\n|t:|1729184074\n|switch|p1a: Toppler|Tyranitar, L50, F, shiny|100\/100\n|-weather|Sandstorm|[from] ability: Sand Stream|[of] p1a: Toppler\n|turn|3\n|\n|t:|1729184108\n|move|p1b: Party Animal|Make It Rain|p2b: Indeedee|[spread] p2a,p2b\n|-damage|p2a: Primarina|0 fnt\n|-damage|p2b: Indeedee|0 fnt\n|-unboost|p1b: Party Animal|spa|1\n|faint|p2a: Primarina\n|faint|p2b: Indeedee\n|-damage|p1b: Party Animal|91\/100|[from] item: Life Orb\n|move|p1a: Toppler|Knock Off|p2: Primarina|[notarget]\n|-fail|p1a: Toppler\n|\n|-weather|Sandstorm|[upkeep]\n|upkeep\n|\n|t:|1729184120\n|switch|p2b: Armarouge|Armarouge, L50, M|100\/100\n|switch|p2a: Murkrow|Murkrow, L50, M|100\/100\n|turn|4\n|j| Soundsoundfroot\n|\n|t:|1729184152\n|move|p1b: Party Animal|Protect|p1b: Party Animal\n|-singleturn|p1b: Party Animal|Protect\n|move|p2b: Armarouge|Endure|p2b: Armarouge\n|-singleturn|p2b: Armarouge|move: Endure\n|move|p2a: Murkrow|Sunny Day|p2a: Murkrow\n|-weather|SunnyDay\n|move|p1a: Toppler|Rock Slide|p2a: Murkrow|[spread] p2a,p2b\n|-supereffective|p2a: Murkrow\n|-supereffective|p2b: Armarouge\n|-damage|p2a: Murkrow|34\/100\n|-damage|p2b: Armarouge|33\/100\n|-ability|p2b: Armarouge|Weak Armor|boost\n|-unboost|p2b: Armarouge|def|1\n|-boost|p2b: Armarouge|spe|2\n|-enditem|p2b: Armarouge|Weakness Policy\n|-boost|p2b: Armarouge|atk|2|[from] item: Weakness Policy\n|-boost|p2b: Armarouge|spa|2|[from] item: Weakness Policy\n|\n|-weather|SunnyDay|[upkeep]\n|-sideend|p2: Rainha678|move: Tailwind\n|-sideend|p1: ImmaOustYourOger|move: Tailwind\n|upkeep\n|turn|5\n|\n|t:|1729184185\n|move|p2b: Armarouge|Heat Wave|p1a: Toppler|[spread] p1a,p1b\n|-resisted|p1a: Toppler\n|-supereffective|p1b: Party Animal\n|-damage|p1a: Toppler|63\/100\n|-damage|p1b: Party Animal|0 fnt\n|faint|p1b: Party Animal\n|move|p2a: Murkrow|Brave Bird|p1a: Toppler\n|-resisted|p1a: Toppler\n|-damage|p1a: Toppler|49\/100\n|-damage|p2a: Murkrow|28\/100|[from] Recoil\n|move|p1a: Toppler|Knock Off|p2b: Armarouge\n|-supereffective|p2b: Armarouge\n|-damage|p2b: Armarouge|0 fnt\n|faint|p2b: Armarouge\n|\n|-weather|SunnyDay|[upkeep]\n|upkeep\n|turn|6\n|j| tinctoris\n|-message|Rainha678 forfeited.\n|\n|win|ImmaOustYourOger\n|raw|ImmaOustYourOger's rating: 1650 &rarr; <strong>1676<\/strong><br \/>(+26 for winning)\n|raw|Rainha678's rating: 1749 &rarr; <strong>1723<\/strong><br \/>(-26 for losing)\n|l|\u2606Rainha678\n|player|p2|\n|l|\u2606ImmaOustYourOger\n|player|p1|\n|l| Soundsoundfroot\n|l| tinctoris\n","uploadtime":1729184202,"views":14,"formatid":"gen9vgc2024regh","rating":1676,"private":0,"password":null}