{"id":"gen9vgc2024regh-2225652360","format":"[Gen 9] VGC 2024 Reg H","players":["KDR-Alt-711","rengeki style"],"log":"|j|\u2606KDR-Alt-711\n|j|\u2606rengeki style\n|t:|1729257396\n|gametype|doubles\n|player|p1|KDR-Alt-711|1|1669\n|player|p2|rengeki style|266|1775\n|teamsize|p1|6\n|teamsize|p2|6\n|gen|9\n|tier|[Gen 9] VGC 2024 Reg H\n|rated|\n|rule|Species Clause: Limit one of each Pok\u00e9mon\n|rule|Item Clause: Limit 1 of each item\n|clearpoke\n|poke|p1|Chandelure, L50, M|\n|poke|p1|Reuniclus, L50, F|\n|poke|p1|Torkoal, L50, M|\n|poke|p1|Indeedee-F, L50, F|\n|poke|p1|Lilligant-Hisui, L50, F|\n|poke|p1|Kingambit, L50, F|\n|poke|p2|Garganacl, L50, F|\n|poke|p2|Ursaluna-Bloodmoon, L50, M|\n|poke|p2|Meowscarada, L50, F|\n|poke|p2|Sinistcha, L50|\n|poke|p2|Dragapult, L50, M|\n|poke|p2|Incineroar, L50, F|\n|teampreview|4\n|inactive|Battle timer is ON: inactive players will automatically lose when time's up. (requested by KDR-Alt-711)\n|\n|t:|1729257430\n|start\n|switch|p1a: Chandelure|Chandelure, L50, M, shiny|100\/100\n|switch|p1b: Kingambit|Kingambit, L50, F, shiny|100\/100\n|switch|p2a: Ursaluna|Ursaluna-Bloodmoon, L50, M|100\/100\n|switch|p2b: Dragapult|Dragapult, L50, M|100\/100\n|turn|1\n|\n|t:|1729257452\n|-terastallize|p1a: Chandelure|Fire\n|move|p1b: Kingambit|Sucker Punch||[still]\n|-fail|p1b: Kingambit\n|move|p1a: Chandelure|Overheat|p2a: Ursaluna\n|-damage|p2a: Ursaluna|3\/100\n|-unboost|p1a: Chandelure|spa|2\n|move|p2b: Dragapult|Will-O-Wisp|p1b: Kingambit\n|-status|p1b: Kingambit|brn\n|move|p2a: Ursaluna|Calm Mind|p2a: Ursaluna\n|-boost|p2a: Ursaluna|spa|1\n|-boost|p2a: Ursaluna|spd|1\n|\n|-damage|p1b: Kingambit|95\/100 brn|[from] brn\n|upkeep\n|turn|2\n|j| King of Clubs dks\n|l| King of Clubs dks\n|inactive|rengeki style has 30 seconds left.\n|inactive|rengeki style has 20 seconds left.\n|inactive|rengeki style has 15 seconds left.\n|\n|t:|1729257493\n|move|p1b: Kingambit|Sucker Punch||[still]\n|-fail|p1b: Kingambit\n|move|p1a: Chandelure|Overheat|p2b: Dragapult\n|-resisted|p2b: Dragapult\n|-damage|p2b: Dragapult|66\/100\n|-unboost|p1a: Chandelure|spa|2\n|move|p2b: Dragapult|Light Screen|p2b: Dragapult\n|-sidestart|p2: rengeki style|move: Light Screen\n|move|p2a: Ursaluna|Calm Mind|p2a: Ursaluna\n|-boost|p2a: Ursaluna|spa|1\n|-boost|p2a: Ursaluna|spd|1\n|\n|-damage|p1b: Kingambit|89\/100 brn|[from] brn\n|upkeep\n|turn|3\n|\n|t:|1729257511\n|move|p1a: Chandelure|Overheat|p2a: Ursaluna\n|-damage|p2a: Ursaluna|0 fnt\n|-unboost|p1a: Chandelure|spa|2\n|faint|p2a: Ursaluna\n|move|p2b: Dragapult|Draco Meteor|p1a: Chandelure\n|-damage|p1a: Chandelure|18\/100\n|-unboost|p2b: Dragapult|spa|2\n|move|p1b: Kingambit|Assurance|p2b: Dragapult\n|-supereffective|p2b: Dragapult\n|-damage|p2b: Dragapult|21\/100\n|\n|-damage|p1b: Kingambit|83\/100 brn|[from] brn\n|upkeep\n|\n|t:|1729257518\n|switch|p2a: Incineroar|Incineroar, L50, F|100\/100\n|-ability|p2a: Incineroar|Intimidate|boost\n|-unboost|p1a: Chandelure|atk|1\n|-unboost|p1b: Kingambit|atk|1\n|-ability|p1b: Kingambit|Defiant|boost\n|-boost|p1b: Kingambit|atk|2\n|turn|4\n|\n|t:|1729257530\n|switch|p1a: Lilligant|Lilligant-Hisui, L50, F, shiny|100\/100\n|move|p2a: Incineroar|Fake Out|p1b: Kingambit\n|-resisted|p1b: Kingambit\n|-damage|p1b: Kingambit|80\/100 brn\n|cant|p1b: Kingambit|flinch\n|move|p2b: Dragapult|Shadow Ball|p1a: Lilligant\n|-damage|p1a: Lilligant|75\/100\n|\n|-damage|p1b: Kingambit|74\/100 brn|[from] brn\n|upkeep\n|turn|5\n|\n|t:|1729257552\n|switch|p2b: Garganacl|Garganacl, L50, F|100\/100\n|-terastallize|p2a: Incineroar|Ghost\n|move|p1a: Lilligant|Protect|p1a: Lilligant\n|-singleturn|p1a: Lilligant|Protect\n|move|p2a: Incineroar|Flare Blitz|p1a: Lilligant\n|-activate|p1a: Lilligant|move: Protect\n|move|p1b: Kingambit|Assurance|p2b: Garganacl\n|-damage|p2b: Garganacl|86\/100\n|\n|-heal|p2b: Garganacl|92\/100|[from] item: Leftovers\n|-damage|p1b: Kingambit|68\/100 brn|[from] brn\n|upkeep\n|turn|6\n|\n|t:|1729257573\n|switch|p2a: Dragapult|Dragapult, L50, M|21\/100\n|move|p1a: Lilligant|Close Combat|p2b: Garganacl\n|-supereffective|p2b: Garganacl\n|-crit|p2b: Garganacl\n|-damage|p2b: Garganacl|0 fnt\n|-unboost|p1a: Lilligant|def|1\n|-unboost|p1a: Lilligant|spd|1\n|faint|p2b: Garganacl\n|move|p1b: Kingambit|Iron Head|p2a: Dragapult\n|-damage|p2a: Dragapult|0 fnt\n|faint|p2a: Dragapult\n|\n|-damage|p1b: Kingambit|62\/100 brn|[from] brn\n|-sideend|p2: rengeki style|move: Light Screen\n|upkeep\n|c|\u2606rengeki style|that crit was wild lol\n|\n|t:|1729257588\n|switch|p2b: Incineroar|Incineroar, L50, F, tera:Ghost|100\/100\n|-ability|p2b: Incineroar|Intimidate|boost\n|-unboost|p1a: Lilligant|atk|1\n|-unboost|p1b: Kingambit|atk|1\n|-ability|p1b: Kingambit|Defiant|boost\n|-boost|p1b: Kingambit|atk|2\n|turn|7\n|-message|rengeki style forfeited.\n|\n|win|KDR-Alt-711\n|raw|KDR-Alt-711's rating: 1669 &rarr; <strong>1695<\/strong><br \/>(+26 for winning)\n|raw|rengeki style's rating: 1775 &rarr; <strong>1749<\/strong><br \/>(-26 for losing)\n|l|\u2606rengeki style\n|player|p2|\n|c|\u2606KDR-Alt-711|I mean, I doubled with iron head, so Garg would have gone down anyway\n|l|\u2606KDR-Alt-711\n|player|p1|\n","uploadtime":1729257812,"views":13,"formatid":"gen9vgc2024regh","rating":1695,"private":0,"password":null}