{"id":"gen9vgc2024regh-2225374516","format":"[Gen 9] VGC 2024 Reg H","players":["magnusmagnum","liam.2025"],"log":"|j|\u2606magnusmagnum\n|j|\u2606liam.2025\n|t:|1729216550\n|gametype|doubles\n|player|p1|magnusmagnum|2|1717\n|player|p2|liam.2025|2|1691\n|teamsize|p1|6\n|teamsize|p2|6\n|gen|9\n|tier|[Gen 9] VGC 2024 Reg H\n|rated|\n|rule|Species Clause: Limit one of each Pok\u00e9mon\n|rule|Item Clause: Limit 1 of each item\n|clearpoke\n|poke|p1|Sneasler, L50, F|\n|poke|p1|Mimikyu, L50, F|\n|poke|p1|Ursaluna-Bloodmoon, L50, M|\n|poke|p1|Garchomp, L50, M|\n|poke|p1|Rillaboom, L50, M|\n|poke|p1|Gholdengo, L50|\n|poke|p2|Braviary-Hisui, L50, M|\n|poke|p2|Indeedee, L50, M|\n|poke|p2|Whimsicott, L50, F|\n|poke|p2|Sneasler, L50, F|\n|poke|p2|Tatsugiri-Stretchy, L50, F|\n|poke|p2|Dondozo, L50, M|\n|teampreview|4\n|inactive|Battle timer is ON: inactive players will automatically lose when time's up. (requested by liam.2025)\n|\n|t:|1729216609\n|start\n|switch|p1a: Veridical|Rillaboom, L50, M, shiny|100\/100\n|switch|p1b: Ze|Mimikyu, L50, F, shiny|100\/100\n|switch|p2a: Whimsicott|Whimsicott, L50, F|100\/100\n|switch|p2b: Braviary|Braviary-Hisui, L50, M|100\/100\n|-fieldstart|move: Grassy Terrain|[from] ability: Grassy Surge|[of] p1a: Veridical\n|turn|1\n|inactive|magnusmagnum has 30 seconds left.\n|\n|t:|1729216634\n|switch|p1a: Walksocket|Gholdengo, L50, shiny|100\/100\n|-terastallize|p2b: Braviary|Fire\n|move|p2a: Whimsicott|Moonblast|p1b: Ze\n|-activate|p1b: Ze|ability: Disguise\n|-damage|p1b: Ze|100\/100\n|-unboost|p1b: Ze|spa|1\n|detailschange|p1b: Ze|Mimikyu-Busted, L50, F, shiny\n|-damage|p1b: Ze|88\/100|[from] pokemon: Mimikyu-Busted\n|move|p2b: Braviary|Heat Wave|p1b: Ze|[spread] p1a,p1b\n|-supereffective|p1a: Walksocket\n|-damage|p1a: Walksocket|0 fnt\n|-damage|p1b: Ze|28\/100\n|faint|p1a: Walksocket\n|-damage|p2b: Braviary|91\/100|[from] item: Life Orb\n|move|p1b: Ze|Trick Room|p1b: Ze\n|-fieldstart|move: Trick Room|[of] p1b: Ze\n|\n|-heal|p2b: Braviary|97\/100|[from] Grassy Terrain\n|-heal|p1b: Ze|34\/100|[from] Grassy Terrain\n|upkeep\n|\n|t:|1729216650\n|switch|p1a: MoneyMachine|Ursaluna-Bloodmoon, L50, M|100\/100\n|turn|2\n|\n|t:|1729216660\n|switch|p1b: Veridical|Rillaboom, L50, M, shiny|100\/100\n|move|p2b: Braviary|Protect|p2b: Braviary\n|-singleturn|p2b: Braviary|Protect\n|move|p2a: Whimsicott|Encore||[still]\n|-fail|p2a: Whimsicott\n|move|p1a: MoneyMachine|Earth Power|p2b: Braviary\n|-activate|p2b: Braviary|move: Protect\n|\n|-heal|p2b: Braviary|100\/100|[from] Grassy Terrain\n|upkeep\n|turn|3\n|inactive|liam.2025 has 30 seconds left.\n|\n|t:|1729216690\n|switch|p2b: Dondozo|Dondozo, L50, M|100\/100\n|move|p2a: Whimsicott|Encore|p1a: MoneyMachine\n|-start|p1a: MoneyMachine|Encore\n|move|p1a: MoneyMachine|Earth Power|p2b: Dondozo\n|-damage|p2b: Dondozo|60\/100\n|move|p1b: Veridical|Wood Hammer|p2a: Whimsicott\n|-resisted|p2a: Whimsicott\n|-crit|p2a: Whimsicott\n|-enditem|p2a: Whimsicott|Focus Sash\n|-damage|p2a: Whimsicott|1\/100\n|-damage|p1b: Veridical|77\/100|[from] Recoil\n|\n|-heal|p2b: Dondozo|66\/100|[from] Grassy Terrain\n|-heal|p1b: Veridical|84\/100|[from] Grassy Terrain\n|-heal|p2a: Whimsicott|7\/100|[from] Grassy Terrain\n|upkeep\n|turn|4\n|inactive|magnusmagnum has 30 seconds left.\n|inactive|liam.2025 has 30 seconds left.\n|inactive|magnusmagnum has 20 seconds left.\n|inactive|magnusmagnum has 15 seconds left.\n|inactive|magnusmagnum has 10 seconds left.\n|\n|t:|1729216740\n|switch|p1b: Ze|Mimikyu-Busted, L50, F, shiny|34\/100\n|-terastallize|p1a: MoneyMachine|Ghost\n|move|p2b: Dondozo|Protect|p2b: Dondozo\n|-singleturn|p2b: Dondozo|Protect\n|move|p1a: MoneyMachine|Earth Power|p2a: Whimsicott\n|-resisted|p2a: Whimsicott\n|-damage|p2a: Whimsicott|0 fnt\n|faint|p2a: Whimsicott\n|\n|-heal|p2b: Dondozo|72\/100|[from] Grassy Terrain\n|-heal|p1b: Ze|40\/100|[from] Grassy Terrain\n|upkeep\n|\n|t:|1729216752\n|switch|p2a: Braviary|Braviary-Hisui, L50, M, tera:Fire|100\/100\n|turn|5\n|inactive|magnusmagnum has 30 seconds left.\n|\n|t:|1729216780\n|move|p2a: Braviary|Protect|p2a: Braviary\n|-singleturn|p2a: Braviary|Protect\n|move|p2b: Dondozo|Wave Crash|p1a: MoneyMachine\n|-damage|p1a: MoneyMachine|59\/100\n|-damage|p2b: Dondozo|60\/100|[from] Recoil\n|move|p1a: MoneyMachine|Earth Power|p2a: Braviary\n|-activate|p2a: Braviary|move: Protect\n|move|p1b: Ze|Play Rough|p2b: Dondozo\n|-damage|p2b: Dondozo|30\/100\n|-damage|p1b: Ze|30\/100|[from] item: Life Orb\n|\n|-heal|p2b: Dondozo|36\/100|[from] Grassy Terrain\n|-heal|p1a: MoneyMachine|65\/100|[from] Grassy Terrain\n|-heal|p1b: Ze|36\/100|[from] Grassy Terrain\n|-end|p1a: MoneyMachine|Encore\n|-fieldend|move: Trick Room\n|-fieldend|move: Grassy Terrain\n|upkeep\n|turn|6\n|inactive|magnusmagnum has 30 seconds left.\n|inactive|liam.2025 has 30 seconds left.\n|inactive|magnusmagnum has 20 seconds left.\n|inactive|liam.2025 has 20 seconds left.\n|inactive|magnusmagnum has 15 seconds left.\n|inactive|liam.2025 has 15 seconds left.\n|inactive|magnusmagnum has 10 seconds left.\n|inactive|magnusmagnum has 5 seconds left.\n|\n|t:|1729216832\n|move|p1b: Ze|Play Rough|p2b: Dondozo\n|-damage|p2b: Dondozo|5\/100\n|-damage|p1b: Ze|26\/100|[from] item: Life Orb\n|move|p2a: Braviary|Heat Wave|p1a: MoneyMachine|[spread] p1a,p1b\n|-damage|p1a: MoneyMachine|33\/100\n|-damage|p1b: Ze|0 fnt\n|faint|p1b: Ze\n|-damage|p2a: Braviary|91\/100|[from] item: Life Orb\n|move|p1a: MoneyMachine|Earth Power|p2a: Braviary\n|-supereffective|p2a: Braviary\n|-damage|p2a: Braviary|0 fnt\n|faint|p2a: Braviary\n|move|p2b: Dondozo|Wave Crash|p1a: MoneyMachine\n|-damage|p1a: MoneyMachine|0 fnt\n|faint|p1a: MoneyMachine\n|-damage|p2b: Dondozo|0 fnt|[from] Recoil\n|faint|p2b: Dondozo\n|\n|upkeep\n|\n|t:|1729216850\n|switch|p1b: Veridical|Rillaboom, L50, M, shiny|84\/100\n|switch|p2a: Tatsugiri|Tatsugiri-Stretchy, L50, F|100\/100\n|-fieldstart|move: Grassy Terrain|[from] ability: Grassy Surge|[of] p1b: Veridical\n|turn|7\n|\n|t:|1729216858\n|move|p1b: Veridical|Grassy Glide|p2a: Tatsugiri\n|-damage|p2a: Tatsugiri|3\/100\n|move|p2a: Tatsugiri|Draco Meteor|p1b: Veridical\n|-damage|p1b: Veridical|10\/100\n|-unboost|p2a: Tatsugiri|spa|2\n|\n|-heal|p2a: Tatsugiri|9\/100|[from] Grassy Terrain\n|-heal|p1b: Veridical|16\/100|[from] Grassy Terrain\n|upkeep\n|turn|8\n|\n|t:|1729216869\n|move|p1b: Veridical|Grassy Glide|p2a: Tatsugiri\n|-crit|p2a: Tatsugiri\n|-damage|p2a: Tatsugiri|0 fnt\n|faint|p2a: Tatsugiri\n|\n|win|magnusmagnum\n|raw|magnusmagnum's rating: 1717 &rarr; <strong>1736<\/strong><br \/>(+19 for winning)\n|raw|liam.2025's rating: 1691 &rarr; <strong>1672<\/strong><br \/>(-19 for losing)\n|l|\u2606liam.2025\n|player|p2|\n|l|\u2606magnusmagnum\n|player|p1|\n","uploadtime":1729217131,"views":12,"formatid":"gen9vgc2024regh","rating":1672,"private":0,"password":null}