{"id":"gen9vgc2024regh-2225029148","format":"[Gen 9] VGC 2024 Reg H","players":["blindfishptsd","MillerH33"],"log":"|j|\u2606blindfishptsd\n|j|\u203dMillerH33\n|t:|1729181751\n|gametype|doubles\n|player|p1|blindfishptsd|olympia|1647\n|player|p2|MillerH33|riley|1726\n|teamsize|p1|6\n|teamsize|p2|6\n|gen|9\n|tier|[Gen 9] VGC 2024 Reg H\n|rated|\n|rule|Species Clause: Limit one of each Pok\u00e9mon\n|rule|Item Clause: Limit 1 of each item\n|clearpoke\n|poke|p1|Indeedee-F, L50, F|\n|poke|p1|Hatterene, L50, F|\n|poke|p1|Gallade, L50, M|\n|poke|p1|Ursaluna, L50, F|\n|poke|p1|Torkoal, L50, F|\n|poke|p1|Maushold, L50|\n|poke|p2|Salamence, L50, M|\n|poke|p2|Garchomp, L50, F|\n|poke|p2|Amoonguss, L50, M|\n|poke|p2|Gholdengo, L50|\n|poke|p2|Kilowattrel, L50, M|\n|poke|p2|Tyranitar, L50, F|\n|teampreview|4\n|inactive|Battle timer is ON: inactive players will automatically lose when time's up. (requested by blindfishptsd)\n|\n|t:|1729181775\n|start\n|switch|p1a: Indeedee|Indeedee-F, L50, F|100\/100\n|switch|p1b: Hatterene|Hatterene, L50, F|100\/100\n|switch|p2a: Garchomp|Garchomp, L50, F|100\/100\n|switch|p2b: Gholdengo|Gholdengo, L50|100\/100\n|-fieldstart|move: Psychic Terrain|[from] ability: Psychic Surge|[of] p1a: Indeedee\n|turn|1\n|\n|t:|1729181780\n|-terastallize|p2b: Gholdengo|Flying\n|-terastallize|p1b: Hatterene|Water\n|move|p1a: Indeedee|Follow Me|p1a: Indeedee\n|-singleturn|p1a: Indeedee|move: Follow Me\n|move|p2a: Garchomp|Earthquake|p1a: Indeedee|[spread] p1a,p1b\n|-immune|p2b: Gholdengo\n|-damage|p1a: Indeedee|52\/100\n|-damage|p1b: Hatterene|41\/100\n|-damage|p2a: Garchomp|91\/100|[from] item: Life Orb\n|move|p2b: Gholdengo|Make It Rain|p1b: Hatterene|[spread] p1a,p1b\n|-resisted|p1b: Hatterene\n|-damage|p1a: Indeedee|11\/100\n|-damage|p1b: Hatterene|16\/100\n|-unboost|p2b: Gholdengo|spa|1\n|move|p1b: Hatterene|Trick Room|p1b: Hatterene\n|-fieldstart|move: Trick Room|[of] p1b: Hatterene\n|\n|upkeep\n|turn|2\n|inactive|MillerH33 has 30 seconds left.\n|\n|t:|1729181807\n|switch|p1a: Ursaluna|Ursaluna, L50, F|100\/100\n|switch|p2a: Tyranitar|Tyranitar, L50, F|100\/100\n|-weather|Sandstorm|[from] ability: Sand Stream|[of] p2a: Tyranitar\n|move|p1b: Hatterene|Dazzling Gleam|p2b: Gholdengo|[spread] p2a,p2b\n|-supereffective|p2a: Tyranitar\n|-damage|p2a: Tyranitar|64\/100\n|-damage|p2b: Gholdengo|58\/100\n|-damage|p1b: Hatterene|7\/100|[from] item: Life Orb\n|move|p2b: Gholdengo|Make It Rain|p1b: Hatterene|[spread] p1a,p1b\n|-resisted|p1b: Hatterene\n|-damage|p1a: Ursaluna|73\/100\n|-damage|p1b: Hatterene|0 fnt\n|-unboost|p2b: Gholdengo|spa|1\n|faint|p1b: Hatterene\n|\n|-weather|Sandstorm|[upkeep]\n|-damage|p2b: Gholdengo|52\/100|[from] Sandstorm\n|-heal|p2b: Gholdengo|58\/100|[from] item: Leftovers\n|-status|p1a: Ursaluna|brn|[from] item: Flame Orb\n|upkeep\n|\n|t:|1729181818\n|switch|p1b: Torkoal|Torkoal, L50, F|100\/100\n|-weather|SunnyDay|[from] ability: Drought|[of] p1b: Torkoal\n|turn|3\n|\n|t:|1729181830\n|switch|p2a: Garchomp|Garchomp, L50, F|91\/100\n|move|p2b: Gholdengo|Protect|p2b: Gholdengo\n|-singleturn|p2b: Gholdengo|Protect\n|move|p1b: Torkoal|Eruption|p2b: Gholdengo|[spread] p2a\n|-activate|p2b: Gholdengo|move: Protect\n|-resisted|p2a: Garchomp\n|-damage|p2a: Garchomp|31\/100\n|move|p1a: Ursaluna|Headlong Rush|p2a: Garchomp\n|-damage|p2a: Garchomp|0 fnt\n|-unboost|p1a: Ursaluna|def|1\n|-unboost|p1a: Ursaluna|spd|1\n|-damage|p1a: Ursaluna|61\/100 brn|[from] ability: Rough Skin|[of] p2a: Garchomp\n|faint|p2a: Garchomp\n|\n|-weather|SunnyDay|[upkeep]\n|-heal|p2b: Gholdengo|64\/100|[from] item: Leftovers\n|-damage|p1a: Ursaluna|55\/100 brn|[from] brn\n|upkeep\n|\n|t:|1729181845\n|switch|p2a: Amoonguss|Amoonguss, L50, M|100\/100\n|turn|4\n|\n|t:|1729181865\n|switch|p2b: Tyranitar|Tyranitar, L50, F|64\/100\n|-weather|Sandstorm|[from] ability: Sand Stream|[of] p2b: Tyranitar\n|move|p1b: Torkoal|Eruption|p2b: Tyranitar|[spread] p2a,p2b\n|-supereffective|p2a: Amoonguss\n|-resisted|p2b: Tyranitar\n|-damage|p2a: Amoonguss|0 fnt\n|-damage|p2b: Tyranitar|49\/100\n|faint|p2a: Amoonguss\n|move|p1a: Ursaluna|Facade|p2b: Tyranitar\n|-resisted|p2b: Tyranitar\n|-damage|p2b: Tyranitar|0 fnt\n|faint|p2b: Tyranitar\n|\n|-weather|Sandstorm|[upkeep]\n|-damage|p1b: Torkoal|94\/100|[from] Sandstorm\n|-damage|p1a: Ursaluna|49\/100 brn|[from] brn\n|upkeep\n|\n|t:|1729181876\n|switch|p2b: Gholdengo|Gholdengo, L50, tera:Flying|64\/100\n|turn|5\n|\n|t:|1729181881\n|switch|p1a: Indeedee|Indeedee-F, L50, F|11\/100\n|move|p2b: Gholdengo|Protect|p2b: Gholdengo\n|-singleturn|p2b: Gholdengo|Protect\n|move|p1b: Torkoal|Eruption|p2b: Gholdengo\n|-activate|p2b: Gholdengo|move: Protect\n|\n|-weather|Sandstorm|[upkeep]\n|-damage|p1b: Torkoal|88\/100|[from] Sandstorm\n|-damage|p1a: Indeedee|4\/100|[from] Sandstorm\n|-damage|p2b: Gholdengo|58\/100|[from] Sandstorm\n|-heal|p2b: Gholdengo|64\/100|[from] item: Leftovers\n|-fieldend|move: Trick Room\n|-fieldend|move: Psychic Terrain\n|upkeep\n|turn|6\n|\n|t:|1729181889\n|move|p2b: Gholdengo|Make It Rain|p1b: Torkoal|[spread] p1a,p1b\n|-resisted|p1b: Torkoal\n|-damage|p1a: Indeedee|0 fnt\n|-damage|p1b: Torkoal|58\/100\n|-unboost|p2b: Gholdengo|spa|1\n|faint|p1a: Indeedee\n|move|p1b: Torkoal|Eruption|p2b: Gholdengo\n|-damage|p2b: Gholdengo|6\/100\n|\n|-weather|Sandstorm|[upkeep]\n|-damage|p2b: Gholdengo|0 fnt|[from] Sandstorm\n|-damage|p1b: Torkoal|51\/100|[from] Sandstorm\n|faint|p2b: Gholdengo\n|\n|win|blindfishptsd\n|upkeep\n|raw|blindfishptsd's rating: 1647 &rarr; <strong>1671<\/strong><br \/>(+24 for winning)\n|raw|MillerH33's rating: 1726 &rarr; <strong>1702<\/strong><br \/>(-24 for losing)\n|l|\u203dMillerH33\n|player|p2|\n|l|\u2606blindfishptsd\n|player|p1|\n","uploadtime":1729182089,"views":15,"formatid":"gen9vgc2024regh","rating":1671,"private":0,"password":null}