{"id":"gen9vgc2024regh-2225028745","format":"[Gen 9] VGC 2024 Reg H","players":["Zordor","Rainha678"],"log":"|j|\u2606Zordor\n|j|\u2606Rainha678\n|t:|1729181716\n|gametype|doubles\n|player|p1|Zordor|pilot|1777\n|player|p2|Rainha678|2|1768\n|teamsize|p1|6\n|teamsize|p2|6\n|gen|9\n|tier|[Gen 9] VGC 2024 Reg H\n|rated|\n|rule|Species Clause: Limit one of each Pok\u00e9mon\n|rule|Item Clause: Limit 1 of each item\n|clearpoke\n|poke|p1|Rotom-Wash, L50|\n|poke|p1|Sneasler, L50, M|\n|poke|p1|Kingambit, L50, M|\n|poke|p1|Armarouge, L50, M|\n|poke|p1|Dragapult, L50, F|\n|poke|p1|Venusaur, L50, M|\n|poke|p2|Indeedee-F, L50, F|\n|poke|p2|Armarouge, L50, M|\n|poke|p2|Ursaluna-Bloodmoon, L50, M|\n|poke|p2|Whimsicott, L50, F|\n|poke|p2|Zoroark-Hisui, L50, F|\n|poke|p2|Hariyama, L50, M|\n|teampreview|4\n|\n|t:|1729181757\n|start\n|switch|p1a: Kingambit|Kingambit, L50, M|100\/100\n|switch|p1b: Sneasler|Sneasler, L50, M|100\/100\n|switch|p2a: Armarouge|Armarouge, L50, M|100\/100\n|switch|p2b: Ursaluna|Ursaluna-Bloodmoon, L50, M|100\/100\n|turn|1\n|\n|t:|1729181789\n|move|p1a: Kingambit|Protect|p1a: Kingambit\n|-singleturn|p1a: Kingambit|Protect\n|move|p2a: Armarouge|Icy Wind|p1b: Sneasler|[spread] p1b\n|-activate|p1a: Kingambit|move: Protect\n|-crit|p1b: Sneasler\n|-damage|p1b: Sneasler|74\/100\n|-unboost|p1b: Sneasler|spe|1\n|move|p1b: Sneasler|Dire Claw|p2a: Armarouge\n|-resisted|p2a: Armarouge\n|-damage|p2a: Armarouge|60\/100\n|-status|p2a: Armarouge|par\n|replace|p2a: Zoroark|Zoroark-Hisui, L50, F\n|-end|p2a: Zoroark|Illusion\n|move|p2b: Ursaluna|Earth Power|p1a: Kingambit\n|-activate|p1a: Kingambit|move: Protect\n|\n|upkeep\n|turn|2\n|\n|t:|1729181820\n|switch|p2a: Indeedee|Indeedee-F, L50, F, shiny|100\/100\n|-fieldstart|move: Psychic Terrain|[from] ability: Psychic Surge|[of] p2a: Indeedee\n|-terastallize|p1a: Kingambit|Flying\n|move|p2b: Ursaluna|Protect|p2b: Ursaluna\n|-singleturn|p2b: Ursaluna|Protect\n|move|p1b: Sneasler|Close Combat|p2b: Ursaluna\n|-activate|p2b: Ursaluna|move: Protect\n|move|p1a: Kingambit|Throat Chop|p2a: Indeedee\n|-supereffective|p2a: Indeedee\n|-damage|p2a: Indeedee|23\/100\n|-start|p2a: Indeedee|Throat Chop|[silent]\n|\n|upkeep\n|turn|3\n|\n|t:|1729181844\n|-terastallize|p2b: Ursaluna|Normal\n|move|p2a: Indeedee|Follow Me|p2a: Indeedee\n|-singleturn|p2a: Indeedee|move: Follow Me\n|move|p1b: Sneasler|Dire Claw|p2a: Indeedee\n|-damage|p2a: Indeedee|0 fnt\n|faint|p2a: Indeedee\n|move|p2b: Ursaluna|Hyper Voice|p1b: Sneasler|[spread] p1a,p1b\n|-damage|p1a: Kingambit|26\/100\n|-damage|p1b: Sneasler|0 fnt\n|faint|p1b: Sneasler\n|-damage|p2b: Ursaluna|91\/100|[from] item: Life Orb\n|move|p1a: Kingambit|Throat Chop|p2b: Ursaluna\n|-damage|p2b: Ursaluna|57\/100\n|-start|p2b: Ursaluna|Throat Chop|[silent]\n|\n|upkeep\n|\n|t:|1729181866\n|switch|p1b: Armarouge|Armarouge, L50, M|100\/100\n|switch|p2a: Armarouge|Armarouge, L50, M|60\/100 par\n|turn|4\n|j| sgillfish\n|\n|t:|1729181896\n|move|p1b: Armarouge|Protect|p1b: Armarouge\n|-singleturn|p1b: Armarouge|Protect\n|cant|p2a: Armarouge|par\n|move|p2b: Ursaluna|Blood Moon|p1a: Kingambit\n|-damage|p1a: Kingambit|0 fnt\n|faint|p1a: Kingambit\n|-damage|p2b: Ursaluna|48\/100|[from] item: Life Orb\n|\n|-end|p2b: Ursaluna|Throat Chop|[silent]\n|upkeep\n|\n|t:|1729181902\n|switch|p1a: Venusaur|Venusaur, L50, M|100\/100\n|turn|5\n|\n|t:|1729181916\n|cant|p2a: Armarouge|par\n|move|p1a: Venusaur|Earth Power|p2a: Armarouge\n|-damage|p2a: Armarouge|11\/100 par\n|replace|p2a: Zoroark|Zoroark-Hisui, L50, F\n|-end|p2a: Zoroark|Illusion\n|move|p1b: Armarouge|Psychic|p2b: Ursaluna\n|-damage|p2b: Ursaluna|0 fnt\n|faint|p2b: Ursaluna\n|\n|upkeep\n|\n|t:|1729181927\n|switch|p2b: Armarouge|Armarouge, L50, M|100\/100\n|turn|6\n|\n|t:|1729181950\n|move|p1b: Armarouge|Protect|p1b: Armarouge\n|-singleturn|p1b: Armarouge|Protect\n|cant|p2a: Zoroark|par\n|move|p1a: Venusaur|Giga Drain|p2a: Zoroark\n|-damage|p2a: Zoroark|0 fnt\n|faint|p2a: Zoroark\n|move|p2b: Armarouge|Expanding Force|p1b: Armarouge|[spread] p1a\n|-activate|p1b: Armarouge|move: Protect\n|-supereffective|p1a: Venusaur\n|-damage|p1a: Venusaur|0 fnt\n|faint|p1a: Venusaur\n|\n|-fieldend|move: Psychic Terrain\n|upkeep\n|turn|7\n|\n|t:|1729181968\n|move|p2b: Armarouge|Expanding Force|p1b: Armarouge\n|-resisted|p1b: Armarouge\n|-damage|p1b: Armarouge|75\/100\n|move|p1b: Armarouge|Meteor Beam||[still]\n|-prepare|p1b: Armarouge|Meteor Beam\n|-boost|p1b: Armarouge|spa|1\n|-enditem|p1b: Armarouge|Power Herb\n|-anim|p1b: Armarouge|Meteor Beam|p2b: Armarouge\n|-supereffective|p2b: Armarouge\n|-damage|p2b: Armarouge|0 fnt\n|faint|p2b: Armarouge\n|\n|win|Zordor\n|raw|Zordor's rating: 1777 &rarr; <strong>1796<\/strong><br \/>(+19 for winning)\n|raw|Rainha678's rating: 1768 &rarr; <strong>1749<\/strong><br \/>(-19 for losing)\n|l|\u2606Rainha678\n|player|p2|\n|l|\u2606Zordor\n|player|p1|\n|l| sgillfish\n","uploadtime":1729182227,"views":18,"formatid":"gen9vgc2024regh","rating":1749,"private":0,"password":null}