{"id":"gen9vgc2024regh-2225951798","format":"[Gen 9] VGC 2024 Reg H","players":["schmokeapancake","rengeki style"],"log":"|j|\u2606schmokeapancake\n|j|\u2606rengeki style\n|t:|1729285110\n|gametype|doubles\n|player|p1|schmokeapancake|red-gen2|1768\n|player|p2|rengeki style|1|1714\n|teamsize|p1|6\n|teamsize|p2|6\n|gen|9\n|tier|[Gen 9] VGC 2024 Reg H\n|rated|\n|rule|Species Clause: Limit one of each Pok\u00e9mon\n|rule|Item Clause: Limit 1 of each item\n|clearpoke\n|poke|p1|Amoonguss, L50, F|\n|poke|p1|Incineroar, L50, F|\n|poke|p1|Sneasler, L50, M|\n|poke|p1|Garchomp, L50, F|\n|poke|p1|Porygon2, L50|\n|poke|p1|Gholdengo, L50|\n|poke|p2|Garganacl, L50, M|\n|poke|p2|Ursaluna-Bloodmoon, L50, M|\n|poke|p2|Meowscarada, L50, M|\n|poke|p2|Sinistcha, L50|\n|poke|p2|Dragapult, L50, F|\n|poke|p2|Incineroar, L50, M|\n|teampreview|4\n|j| Gggeenraaaa\n|inactive|Battle timer is ON: inactive players will automatically lose when time's up. (requested by schmokeapancake)\n|inactive|schmokeapancake has 60 seconds left.\n|inactive|rengeki style has 60 seconds left.\n|inactive|schmokeapancake has 30 seconds left.\n|inactive|schmokeapancake has 20 seconds left.\n|inactive|schmokeapancake has 15 seconds left.\n|\n|t:|1729285191\n|start\n|switch|p1a: Garchomp|Garchomp, L50, F|100\/100\n|switch|p1b: Amoonguss|Amoonguss, L50, F|100\/100\n|switch|p2a: Meowscarada|Meowscarada, L50, M|100\/100\n|switch|p2b: Incineroar|Incineroar, L50, M|100\/100\n|-ability|p2b: Incineroar|Intimidate|boost\n|-fail|p1a: Garchomp|unboost|[from] item: Clear Amulet|[of] p1a: Garchomp\n|-unboost|p1b: Amoonguss|atk|1\n|turn|1\n|j| buytikasew\n|l| buytikasew\n|\n|t:|1729285215\n|move|p1a: Garchomp|Protect|p1a: Garchomp\n|-singleturn|p1a: Garchomp|Protect\n|move|p1b: Amoonguss|Protect|p1b: Amoonguss\n|-singleturn|p1b: Amoonguss|Protect\n|move|p2b: Incineroar|Fake Out|p1b: Amoonguss\n|-activate|p1b: Amoonguss|move: Protect\n|move|p2a: Meowscarada|Knock Off|p1a: Garchomp\n|-activate|p1a: Garchomp|move: Protect\n|\n|upkeep\n|turn|2\n|inactive|schmokeapancake has 30 seconds left.\n|inactive|rengeki style has 30 seconds left.\n|\n|t:|1729285250\n|switch|p2a: Sinistcha|Sinistcha, L50|100\/100\n|move|p1a: Garchomp|Earthquake|p2b: Incineroar|[spread] p1b,p2a,p2b\n|-resisted|p2a: Sinistcha\n|-supereffective|p2b: Incineroar\n|-damage|p1b: Amoonguss|69\/100\n|-damage|p2a: Sinistcha|83\/100\n|-damage|p2b: Incineroar|37\/100\n|move|p2b: Incineroar|Knock Off|p1a: Garchomp\n|-damage|p1a: Garchomp|60\/100\n|-damage|p2b: Incineroar|24\/100|[from] ability: Rough Skin|[of] p1a: Garchomp\n|-enditem|p1a: Garchomp|Clear Amulet|[from] move: Knock Off|[of] p2b: Incineroar\n|-enditem|p2b: Incineroar|Figy Berry|[eat]\n|-heal|p2b: Incineroar|58\/100|[from] item: Figy Berry\n|move|p1b: Amoonguss|Pollen Puff|p2a: Sinistcha\n|-damage|p2a: Sinistcha|67\/100\n|\n|upkeep\n|turn|3\n|inactive|schmokeapancake has 30 seconds left.\n|\n|t:|1729285276\n|switch|p2b: Garganacl|Garganacl, L50, M|100\/100\n|move|p1b: Amoonguss|Protect|p1b: Amoonguss\n|-singleturn|p1b: Amoonguss|Protect\n|move|p1a: Garchomp|Earthquake|p2a: Sinistcha|[spread] p2a,p2b\n|-activate|p1b: Amoonguss|move: Protect\n|-resisted|p2a: Sinistcha\n|-supereffective|p2b: Garganacl\n|-damage|p2a: Sinistcha|49\/100\n|-damage|p2b: Garganacl|48\/100\n|-enditem|p2a: Sinistcha|Sitrus Berry|[eat]\n|-heal|p2a: Sinistcha|74\/100|[from] item: Sitrus Berry\n|move|p2a: Sinistcha|Strength Sap|p1a: Garchomp\n|-unboost|p1a: Garchomp|atk|1\n|-heal|p2a: Sinistcha|100\/100\n|\n|-heal|p2b: Garganacl|54\/100|[from] item: Leftovers\n|upkeep\n|turn|4\n|inactive|schmokeapancake has 30 seconds left.\n|inactive|rengeki style has 30 seconds left.\n|\n|t:|1729285305\n|switch|p1a: Gholdengo|Gholdengo, L50|100\/100\n|switch|p2b: Meowscarada|Meowscarada, L50, M|100\/100\n|move|p1b: Amoonguss|Rage Powder|p1b: Amoonguss\n|-singleturn|p1b: Amoonguss|move: Rage Powder\n|move|p2a: Sinistcha|Life Dew||[still]|[still]|[spread] \n|-fail|p2a: Sinistcha|heal\n|-fail|p2b: Meowscarada|heal\n|\n|upkeep\n|turn|5\n|\n|t:|1729285330\n|switch|p2b: Incineroar|Incineroar, L50, M|58\/100\n|-ability|p2b: Incineroar|Intimidate|boost\n|-unboost|p1a: Gholdengo|atk|1\n|-unboost|p1b: Amoonguss|atk|1\n|move|p1a: Gholdengo|Protect|p1a: Gholdengo\n|-singleturn|p1a: Gholdengo|Protect\n|move|p2a: Sinistcha|Matcha Gotcha|p1a: Gholdengo|[spread] p1b\n|-activate|p1a: Gholdengo|move: Protect\n|-resisted|p1b: Amoonguss\n|-damage|p1b: Amoonguss|64\/100\n|-status|p1b: Amoonguss|brn\n|move|p1b: Amoonguss|Pollen Puff|p2b: Incineroar\n|-damage|p2b: Incineroar|45\/100\n|\n|-damage|p1b: Amoonguss|58\/100 brn|[from] brn\n|upkeep\n|turn|6\n|inactive|schmokeapancake has 30 seconds left.\n|inactive|schmokeapancake has 20 seconds left.\n|inactive|schmokeapancake has 15 seconds left.\n|\n|t:|1729285372\n|move|p1a: Gholdengo|Nasty Plot|p1a: Gholdengo\n|-boost|p1a: Gholdengo|spa|2\n|move|p2a: Sinistcha|Life Dew||[still]|[spread] p2a,p2b\n|-fail|p2a: Sinistcha|heal\n|-heal|p2b: Incineroar|70\/100\n|move|p2b: Incineroar|Knock Off|p1a: Gholdengo\n|-supereffective|p1a: Gholdengo\n|-damage|p1a: Gholdengo|18\/100\n|-enditem|p1a: Gholdengo|Life Orb|[from] move: Knock Off|[of] p2b: Incineroar\n|move|p1b: Amoonguss|Pollen Puff|p1a: Gholdengo\n|-heal|p1a: Gholdengo|68\/100\n|\n|-damage|p1b: Amoonguss|52\/100 brn|[from] brn\n|upkeep\n|turn|7\n|inactive|schmokeapancake has 30 seconds left.\n|inactive|rengeki style has 30 seconds left.\n|inactive|schmokeapancake has 20 seconds left.\n|inactive|schmokeapancake has 15 seconds left.\n|inactive|rengeki style has 20 seconds left.\n|inactive|schmokeapancake has 10 seconds left.\n|inactive|rengeki style has 15 seconds left.\n|inactive|rengeki style has 10 seconds left.\n|\n|t:|1729285426\n|-terastallize|p2a: Sinistcha|Water\n|move|p1a: Gholdengo|Shadow Ball|p2a: Sinistcha\n|-crit|p2a: Sinistcha\n|-damage|p2a: Sinistcha|0 fnt\n|faint|p2a: Sinistcha\n|move|p2b: Incineroar|Flare Blitz|p1a: Gholdengo\n|-supereffective|p1a: Gholdengo\n|-damage|p1a: Gholdengo|0 fnt\n|faint|p1a: Gholdengo\n|-damage|p2b: Incineroar|52\/100|[from] Recoil\n|move|p1b: Amoonguss|Pollen Puff|p1: Gholdengo|[notarget]\n|-fail|p1b: Amoonguss\n|\n|-damage|p1b: Amoonguss|46\/100 brn|[from] brn\n|upkeep\n|-enditem|p1b: Amoonguss|Sitrus Berry|[eat]\n|-heal|p1b: Amoonguss|71\/100 brn|[from] item: Sitrus Berry\n|c|\u2606rengeki style|dude\n|c|\u2606rengeki style|the luck is insane\n|c|\u2606schmokeapancake|bro\n|c|\u2606schmokeapancake|1 crit. you playing this slow paced stuff\n|c|\u2606schmokeapancake|bound to happen\n|inactive|schmokeapancake has 30 seconds left.\n|c|\u2606rengeki style|how am i playing slow paced?\n|\n|t:|1729285458\n|switch|p1a: Garchomp|Garchomp, L50, F|60\/100\n|switch|p2a: Meowscarada|Meowscarada, L50, M|100\/100\n|turn|8\n|c|\u2606rengeki style|i had to be strategic\n|c|\u2606schmokeapancake|turn 8 we are going slow\n|inactive|schmokeapancake has 30 seconds left.\n|c|\u2606schmokeapancake|no slight just saying\n|c|\u2606rengeki style|you had clear amulet\n|inactive|schmokeapancake has 20 seconds left.\n|\n|t:|1729285498\n|-terastallize|p1a: Garchomp|Fire\n|move|p2a: Meowscarada|Flower Trick|p1a: Garchomp\n|-resisted|p1a: Garchomp\n|-crit|p1a: Garchomp\n|-damage|p1a: Garchomp|27\/100\n|-damage|p2a: Meowscarada|91\/100|[from] item: Life Orb\n|move|p1a: Garchomp|Stomping Tantrum|p2b: Incineroar\n|-supereffective|p2b: Incineroar\n|-damage|p2b: Incineroar|0 fnt\n|faint|p2b: Incineroar\n|move|p1b: Amoonguss|Pollen Puff|p1a: Garchomp\n|-heal|p1a: Garchomp|76\/100\n|\n|-damage|p1b: Amoonguss|65\/100 brn|[from] brn\n|upkeep\n|c|\u2606rengeki style|i had to be smart in getting it off oyou\n|\n|t:|1729285502\n|switch|p2b: Garganacl|Garganacl, L50, M|54\/100\n|turn|9\n|\n|t:|1729285521\n|move|p2a: Meowscarada|Knock Off|p1b: Amoonguss\n|-damage|p1b: Amoonguss|32\/100 brn\n|-damage|p2a: Meowscarada|81\/100|[from] item: Life Orb\n|move|p1a: Garchomp|Stomping Tantrum|p2b: Garganacl\n|-supereffective|p2b: Garganacl\n|-damage|p2b: Garganacl|0 fnt\n|faint|p2b: Garganacl\n|move|p1b: Amoonguss|Pollen Puff|p1a: Garchomp\n|-heal|p1a: Garchomp|100\/100\n|\n|-damage|p1b: Amoonguss|26\/100 brn|[from] brn\n|upkeep\n|turn|10\n|c|\u2606rengeki style|so sad\n|c|\u2606rengeki style|you played so badly\n|-message|rengeki style forfeited.\n|\n|win|schmokeapancake\n|raw|schmokeapancake's rating: 1768 &rarr; <strong>1785<\/strong><br \/>(+17 for winning)\n|raw|rengeki style's rating: 1714 &rarr; <strong>1697<\/strong><br \/>(-17 for losing)\n|l|\u2606rengeki style\n|player|p2|\n|c|\u2606schmokeapancake|i literally had free eq next turn\n|l| Gggeenraaaa\n|raw|<div class=\"broadcast-red\"><b>The server is restarting soon.<\/b><br \/>Please finish your battles quickly. No new battles can be started until the server resets in a few minutes.<\/div>\n","uploadtime":1729285717,"views":8,"formatid":"gen9vgc2024regh","rating":1697,"private":0,"password":null}