{"id":"gen9vgc2024regh-2225363041","format":"[Gen 9] VGC 2024 Reg H","players":["chiitancrazymascot","OUFR snakeburger1"],"log":"|j|\u2606chiitancrazymascot\n|j|\u2606OUFR snakeburger1\n|t:|1729215142\n|gametype|doubles\n|player|p1|chiitancrazymascot|pokemaniac|1752\n|player|p2|OUFR snakeburger1|170|1797\n|teamsize|p1|6\n|teamsize|p2|6\n|gen|9\n|tier|[Gen 9] VGC 2024 Reg H\n|rated|\n|rule|Species Clause: Limit one of each Pok\u00e9mon\n|rule|Item Clause: Limit 1 of each item\n|clearpoke\n|poke|p1|Annihilape, L50, F|\n|poke|p1|Dondozo, L50, F|\n|poke|p1|Maushold-Four, L50|\n|poke|p1|Gholdengo, L50|\n|poke|p1|Whimsicott, L50, M|\n|poke|p1|Tatsugiri, L50, M|\n|poke|p2|Annihilape, L50, F|\n|poke|p2|Archaludon, L50, M|\n|poke|p2|Maushold, L50|\n|poke|p2|Pelipper, L50, F|\n|poke|p2|Basculegion, L50, M|\n|poke|p2|Incineroar, L50, F|\n|teampreview|4\n|inactive|Battle timer is ON: inactive players will automatically lose when time's up. (requested by chiitancrazymascot)\n|c|\u2606OUFR snakeburger1|glhf\n|j| juacox300\n|inactive|OUFR snakeburger1 has 60 seconds left.\n|\n|t:|1729215184\n|start\n|switch|p1a: Whimsicott|Whimsicott, L50, M, shiny|100\/100\n|switch|p1b: Dondozo|Dondozo, L50, F, shiny|100\/100\n|switch|p2a: Maushold|Maushold, L50|100\/100\n|switch|p2b: Annihilape|Annihilape, L50, F|100\/100\n|turn|1\n|inactive|OUFR snakeburger1 has 30 seconds left.\n|\n|t:|1729215214\n|switch|p2b: Archaludon|Archaludon, L50, M|100\/100\n|move|p1b: Dondozo|Protect|p1b: Dondozo\n|-singleturn|p1b: Dondozo|Protect\n|move|p1a: Whimsicott|Tailwind|p1a: Whimsicott\n|-sidestart|p1: chiitancrazymascot|move: Tailwind\n|move|p2a: Maushold|Beat Up|p2b: Archaludon\n|-crit|p2b: Archaludon\n|-damage|p2b: Archaludon|98\/100\n|-ability|p2b: Archaludon|Stamina|boost\n|-boost|p2b: Archaludon|def|1\n|-damage|p2b: Archaludon|97\/100\n|-ability|p2b: Archaludon|Stamina|boost\n|-boost|p2b: Archaludon|def|1\n|-damage|p2b: Archaludon|96\/100\n|-ability|p2b: Archaludon|Stamina|boost\n|-boost|p2b: Archaludon|def|1\n|-damage|p2b: Archaludon|96\/100\n|-ability|p2b: Archaludon|Stamina|boost\n|-boost|p2b: Archaludon|def|1\n|-hitcount|p2b: Archaludon|4\n|\n|upkeep\n|turn|2\n|j| top cut worlds\n|l| top cut worlds\n|inactive|chiitancrazymascot has 30 seconds left.\n|inactive|OUFR snakeburger1 has 30 seconds left.\n|\n|t:|1729215249\n|switch|p1a: Tatsugiri|Tatsugiri, L50, M, shiny|100\/100\n|-activate|p1a: Tatsugiri|ability: Commander|[of] p1b: Dondozo\n|-boost|p1b: Dondozo|atk|2\n|-boost|p1b: Dondozo|spa|2\n|-boost|p1b: Dondozo|spe|2\n|-boost|p1b: Dondozo|def|2\n|-boost|p1b: Dondozo|spd|2\n|switch|p2a: Pelipper|Pelipper, L50, F|100\/100\n|-weather|RainDance|[from] ability: Drizzle|[of] p2a: Pelipper\n|move|p1b: Dondozo|Wave Crash|p2a: Pelipper\n|-resisted|p2a: Pelipper\n|-enditem|p2a: Pelipper|Focus Sash\n|-damage|p2a: Pelipper|1\/100\n|-damage|p1b: Dondozo|80\/100|[from] Recoil\n|move|p2b: Archaludon|Electro Shot||[still]\n|-prepare|p2b: Archaludon|Electro Shot\n|-boost|p2b: Archaludon|spa|1\n|-anim|p2b: Archaludon|Electro Shot|p1b: Dondozo\n|-supereffective|p1b: Dondozo\n|-damage|p1b: Dondozo|33\/100\n|\n|-weather|RainDance|[upkeep]\n|-heal|p1b: Dondozo|40\/100|[from] item: Leftovers\n|upkeep\n|turn|3\n|\n|t:|1729215273\n|-terastallize|p1b: Dondozo|Grass\n|move|p1b: Dondozo|Order Up|p2a: Pelipper\n|-crit|p2a: Pelipper\n|-damage|p2a: Pelipper|0 fnt\n|faint|p2a: Pelipper\n|-boost|p1b: Dondozo|atk|1\n|move|p2b: Archaludon|Electro Shot||[still]\n|-prepare|p2b: Archaludon|Electro Shot\n|-boost|p2b: Archaludon|spa|1\n|-anim|p2b: Archaludon|Electro Shot|p1b: Dondozo\n|-resisted|p1b: Dondozo\n|-damage|p1b: Dondozo|29\/100\n|\n|-weather|RainDance|[upkeep]\n|-heal|p1b: Dondozo|35\/100|[from] item: Leftovers\n|upkeep\n|\n|t:|1729215278\n|switch|p2a: Maushold|Maushold, L50|100\/100\n|turn|4\n|\n|t:|1729215295\n|move|p2a: Maushold|Protect|p2a: Maushold\n|-singleturn|p2a: Maushold|Protect\n|move|p1b: Dondozo|Wave Crash|p2a: Maushold\n|-activate|p2a: Maushold|move: Protect\n|move|p2b: Archaludon|Dragon Pulse|p1b: Dondozo\n|-damage|p1b: Dondozo|12\/100\n|\n|-weather|RainDance|[upkeep]\n|-heal|p1b: Dondozo|19\/100|[from] item: Leftovers\n|-sideend|p1: chiitancrazymascot|move: Tailwind\n|upkeep\n|turn|5\n|j| Xunyicaoawa\n|\n|t:|1729215311\n|move|p2a: Maushold|Follow Me|p2a: Maushold\n|-singleturn|p2a: Maushold|move: Follow Me\n|move|p1b: Dondozo|Wave Crash|p2a: Maushold\n|-damage|p2a: Maushold|0 fnt\n|-damage|p1b: Dondozo|2\/100|[from] item: Rocky Helmet|[of] p2a: Maushold\n|faint|p2a: Maushold\n|-damage|p1b: Dondozo|0 fnt|[from] Recoil\n|faint|p1b: Dondozo\n|move|p2b: Archaludon|Dragon Pulse|p1a: Tatsugiri\n|-supereffective|p1a: Tatsugiri\n|-damage|p1a: Tatsugiri|0 fnt\n|faint|p1a: Tatsugiri\n|\n|-weather|RainDance|[upkeep]\n|upkeep\n|\n|t:|1729215325\n|switch|p1a: Whimsicott|Whimsicott, L50, M, shiny|100\/100\n|switch|p2a: Annihilape|Annihilape, L50, F|100\/100\n|switch|p1b: Gholdengo|Gholdengo, L50|100\/100\n|turn|6\n|\n|t:|1729215339\n|move|p1a: Whimsicott|Tailwind|p1a: Whimsicott\n|-sidestart|p1: chiitancrazymascot|move: Tailwind\n|move|p1b: Gholdengo|Shadow Ball|p2b: Archaludon\n|-damage|p2b: Archaludon|47\/100\n|-ability|p2b: Archaludon|Stamina|boost\n|-boost|p2b: Archaludon|def|1\n|move|p2a: Annihilape|Rage Fist|p1b: Gholdengo\n|-supereffective|p1b: Gholdengo\n|-damage|p1b: Gholdengo|54\/100\n|move|p2b: Archaludon|Electro Shot||[still]\n|-prepare|p2b: Archaludon|Electro Shot\n|-boost|p2b: Archaludon|spa|1\n|-anim|p2b: Archaludon|Electro Shot|p1b: Gholdengo\n|-damage|p1b: Gholdengo|0 fnt\n|faint|p1b: Gholdengo\n|\n|-weather|none\n|upkeep\n|turn|7\n|-message|chiitancrazymascot forfeited.\n|\n|win|OUFR snakeburger1\n|raw|chiitancrazymascot's rating: 1752 &rarr; <strong>1735<\/strong><br \/>(-17 for losing)\n|raw|OUFR snakeburger1's rating: 1797 &rarr; <strong>1814<\/strong><br \/>(+17 for winning)\n|l|\u2606chiitancrazymascot\n|player|p1|\n|l|\u2606OUFR snakeburger1\n|player|p2|\n|l| juacox300\n|l| Xunyicaoawa\n","uploadtime":1729215354,"views":36,"formatid":"gen9vgc2024regh","rating":1735,"private":0,"password":null}