{"id":"gen9vgc2024regh-2226167582","format":"[Gen 9] VGC 2024 Reg H","players":["magnusmagnum","Freakstah"],"log":"|j|\u2606magnusmagnum\n|j|\u2606Freakstah\n|t:|1729314043\n|gametype|doubles\n|player|p1|magnusmagnum|170|1782\n|player|p2|Freakstah|101|1678\n|teamsize|p1|6\n|teamsize|p2|6\n|gen|9\n|tier|[Gen 9] VGC 2024 Reg H\n|rated|\n|rule|Species Clause: Limit one of each Pok\u00e9mon\n|rule|Item Clause: Limit 1 of each item\n|clearpoke\n|poke|p1|Sneasler, L50, F|\n|poke|p1|Mimikyu, L50, M|\n|poke|p1|Ursaluna-Bloodmoon, L50, M|\n|poke|p1|Garchomp, L50, F|\n|poke|p1|Rillaboom, L50, M|\n|poke|p1|Gholdengo, L50|\n|poke|p2|Kingambit, L50, M|\n|poke|p2|Blaziken, L50, M|\n|poke|p2|Farigiraf, L50, F|\n|poke|p2|Dragapult, L50, M|\n|poke|p2|Basculegion, L50, M|\n|poke|p2|Rillaboom, L50, F|\n|teampreview|4\n|inactive|Battle timer is ON: inactive players will automatically lose when time's up. (requested by Freakstah)\n|inactive|magnusmagnum has 60 seconds left.\n|inactive|Freakstah has 60 seconds left.\n|inactive|magnusmagnum has 30 seconds left.\n|inactive|magnusmagnum has 20 seconds left.\n|inactive|magnusmagnum has 15 seconds left.\n|\n|t:|1729314119\n|start\n|switch|p1a: Sneasler|Sneasler, L50, F|100\/100\n|switch|p1b: Mimikyu|Mimikyu, L50, M|100\/100\n|switch|p2a: Farigiraf|Farigiraf, L50, F|100\/100\n|switch|p2b: Dragapult|Dragapult, L50, M|100\/100\n|turn|1\n|inactive|magnusmagnum has 30 seconds left.\n|\n|t:|1729314154\n|move|p2b: Dragapult|U-turn|p1b: Mimikyu\n|-activate|p1b: Mimikyu|ability: Disguise\n|-damage|p1b: Mimikyu|100\/100\n|detailschange|p1b: Mimikyu|Mimikyu-Busted, L50, M\n|-damage|p1b: Mimikyu|88\/100|[from] pokemon: Mimikyu-Busted\n|\n|t:|1729314163\n|switch|p2b: Basculegion|Basculegion, L50, M|100\/100|[from] U-turn\n|move|p1a: Sneasler|Dire Claw|p2a: Farigiraf\n|-damage|p2a: Farigiraf|57\/100\n|-status|p2a: Farigiraf|par\n|move|p1b: Mimikyu|Play Rough|p2a: Farigiraf\n|-damage|p2a: Farigiraf|4\/100 par\n|-damage|p1b: Mimikyu|78\/100|[from] item: Life Orb\n|move|p2a: Farigiraf|Imprison|p2a: Farigiraf\n|-start|p2a: Farigiraf|move: Imprison\n|\n|upkeep\n|turn|2\n|inactive|magnusmagnum has 30 seconds left.\n|inactive|Freakstah has 30 seconds left.\n|inactive|magnusmagnum has 20 seconds left.\n|inactive|Freakstah has 20 seconds left.\n|inactive|Freakstah has 15 seconds left.\n|inactive|Freakstah has 10 seconds left.\n|\n|t:|1729314209\n|switch|p1b: Garchomp|Garchomp, L50, F|100\/100\n|move|p2b: Basculegion|Wave Crash|p1b: Garchomp\n|-damage|p1b: Garchomp|27\/100\n|-damage|p2b: Basculegion|88\/100|[from] ability: Rough Skin|[of] p1b: Garchomp\n|-damage|p2b: Basculegion|65\/100|[from] Recoil\n|move|p1a: Sneasler|Dire Claw|p2a: Farigiraf\n|-crit|p2a: Farigiraf\n|-damage|p2a: Farigiraf|0 fnt\n|faint|p2a: Farigiraf\n|\n|upkeep\n|\n|t:|1729314220\n|switch|p2a: Dragapult|Dragapult, L50, M|100\/100\n|turn|3\n|inactive|magnusmagnum has 30 seconds left.\n|inactive|magnusmagnum has 20 seconds left.\n|\n|t:|1729314259\n|move|p1a: Sneasler|Protect|p1a: Sneasler\n|-singleturn|p1a: Sneasler|Protect\n|move|p1b: Garchomp|Dragon Claw|p2a: Dragapult\n|-supereffective|p2a: Dragapult\n|-damage|p2a: Dragapult|0 fnt\n|faint|p2a: Dragapult\n|move|p2b: Basculegion|Wave Crash|p1a: Sneasler\n|-activate|p1a: Sneasler|move: Protect\n|\n|upkeep\n|\n|t:|1729314265\n|switch|p2a: Blaziken|Blaziken, L50, M|100\/100\n|turn|4\n|\n|t:|1729314279\n|move|p1b: Garchomp|Dragon Claw|p2b: Basculegion\n|-damage|p2b: Basculegion|3\/100\n|move|p2b: Basculegion|Wave Crash|p1a: Sneasler\n|-enditem|p1a: Sneasler|Focus Sash\n|-damage|p1a: Sneasler|1\/100\n|-damage|p2b: Basculegion|0 fnt|[from] Recoil\n|faint|p2b: Basculegion\n|move|p1a: Sneasler|Dire Claw|p2a: Blaziken\n|-damage|p2a: Blaziken|33\/100\n|move|p2a: Blaziken|Aura Sphere|p1b: Garchomp\n|-damage|p1b: Garchomp|0 fnt\n|faint|p1b: Garchomp\n|\n|-ability|p2a: Blaziken|Speed Boost|boost\n|-boost|p2a: Blaziken|spe|1\n|upkeep\n|\n|t:|1729314291\n|switch|p1b: Mimikyu|Mimikyu-Busted, L50, M|78\/100\n|turn|5\n|\n|t:|1729314304\n|-terastallize|p2a: Blaziken|Fire\n|-terastallize|p1b: Mimikyu|Ghost\n|move|p1b: Mimikyu|Shadow Sneak|p2a: Blaziken\n|-damage|p2a: Blaziken|0 fnt\n|faint|p2a: Blaziken\n|-damage|p1b: Mimikyu|68\/100|[from] item: Life Orb\n|\n|win|magnusmagnum\n|raw|magnusmagnum's rating: 1782 &rarr; <strong>1796<\/strong><br \/>(+14 for winning)\n|raw|Freakstah's rating: 1678 &rarr; <strong>1664<\/strong><br \/>(-14 for losing)\n|l|\u2606magnusmagnum\n|player|p1|\n|l|\u2606Freakstah\n|player|p2|\n","uploadtime":1729314544,"views":11,"formatid":"gen9vgc2024regh","rating":1664,"private":0,"password":null}