{"id":"gen9vgc2024regh-2226976345","format":"[Gen 9] VGC 2024 Reg H","players":["soap858","cazisa"],"log":"|j|\u2606soap858\n|j|\u2606cazisa\n|t:|1729432175\n|gametype|doubles\n|player|p1|soap858|2|1747\n|player|p2|cazisa|red|1682\n|teamsize|p1|6\n|teamsize|p2|6\n|gen|9\n|tier|[Gen 9] VGC 2024 Reg H\n|rated|\n|rule|Species Clause: Limit one of each Pok\u00e9mon\n|rule|Item Clause: Limit 1 of each item\n|clearpoke\n|poke|p1|Armarouge, L50, F|\n|poke|p1|Indeedee-F, L50, F|\n|poke|p1|Dragapult, L50, M|\n|poke|p1|Torkoal, L50, F|\n|poke|p1|Venusaur, L50, M|\n|poke|p1|Sneasler, L50, M|\n|poke|p2|Ursaluna, L50, F|\n|poke|p2|Indeedee-F, L50, F|\n|poke|p2|Armarouge, L50, F|\n|poke|p2|Flamigo, L50, F|\n|poke|p2|Amoonguss, L50, F|\n|poke|p2|Kingambit, L50, M|\n|teampreview|4\n|inactive|Battle timer is ON: inactive players will automatically lose when time's up. (requested by soap858)\n|inactive|soap858 has 60 seconds left.\n|\n|t:|1729432227\n|start\n|switch|p1a: Dragapult|Dragapult, L50, M|100\/100\n|switch|p1b: Armarouge|Armarouge, L50, F|100\/100\n|switch|p2a: Armarouge|Armarouge, L50, F|100\/100\n|switch|p2b: Indeedee|Indeedee-F, L50, F|100\/100\n|-fieldstart|move: Psychic Terrain|[from] ability: Psychic Surge|[of] p2b: Indeedee\n|turn|1\n|\n|t:|1729432242\n|-terastallize|p1a: Dragapult|Dragon\n|move|p2b: Indeedee|Follow Me|p2b: Indeedee\n|-singleturn|p2b: Indeedee|move: Follow Me\n|move|p1a: Dragapult|Dragon Darts|p2b: Indeedee\n|-damage|p2b: Indeedee|50\/100\n|-anim|p1a: Dragapult|Dragon Darts|p2b: Indeedee\n|-damage|p2b: Indeedee|0 fnt\n|faint|p2b: Indeedee\n|move|p1b: Armarouge|Expanding Force|p2a: Armarouge\n|-resisted|p2a: Armarouge\n|-damage|p2a: Armarouge|38\/100\n|-damage|p1b: Armarouge|91\/100|[from] item: Life Orb\n|move|p2a: Armarouge|Expanding Force|p1a: Dragapult|[spread] p1a,p1b\n|-resisted|p1b: Armarouge\n|-damage|p1a: Dragapult|0 fnt\n|-damage|p1b: Armarouge|47\/100\n|faint|p1a: Dragapult\n|-damage|p2a: Armarouge|28\/100|[from] item: Life Orb\n|\n|upkeep\n|\n|t:|1729432257\n|switch|p1a: Indeedee|Indeedee-F, L50, F|100\/100\n|switch|p2b: Flamigo|Flamigo, L50, F|100\/100\n|turn|2\n|inactive|soap858 has 30 seconds left.\n|\n|t:|1729432287\n|move|p2a: Armarouge|Wide Guard|p2a: Armarouge\n|-singleturn|p2a: Armarouge|Wide Guard\n|move|p1a: Indeedee|Follow Me|p1a: Indeedee\n|-singleturn|p1a: Indeedee|move: Follow Me\n|move|p2b: Flamigo|Taunt|p1a: Indeedee\n|-start|p1a: Indeedee|move: Taunt\n|move|p1b: Armarouge|Armor Cannon|p2b: Flamigo\n|-enditem|p2b: Flamigo|Focus Sash\n|-damage|p2b: Flamigo|1\/100\n|-unboost|p1b: Armarouge|def|1\n|-unboost|p1b: Armarouge|spd|1\n|-damage|p1b: Armarouge|38\/100|[from] item: Life Orb\n|\n|upkeep\n|turn|3\n|\n|t:|1729432300\n|move|p1b: Armarouge|Protect|p1b: Armarouge\n|-singleturn|p1b: Armarouge|Protect\n|move|p2b: Flamigo|Brave Bird|p1b: Armarouge\n|-activate|p1b: Armarouge|move: Protect\n|move|p1a: Indeedee|Dazzling Gleam|p2a: Armarouge|[spread] p2a,p2b\n|-resisted|p2a: Armarouge\n|-supereffective|p2b: Flamigo\n|-damage|p2a: Armarouge|20\/100\n|-damage|p2b: Flamigo|0 fnt\n|faint|p2b: Flamigo\n|move|p2a: Armarouge|Trick Room|p2a: Armarouge\n|-fieldstart|move: Trick Room|[of] p2a: Armarouge\n|\n|upkeep\n|\n|t:|1729432302\n|switch|p2b: Ursaluna|Ursaluna, L50, F|100\/100\n|turn|4\n|\n|t:|1729432321\n|move|p2a: Armarouge|Wide Guard|p2a: Armarouge\n|-singleturn|p2a: Armarouge|Wide Guard\n|move|p2b: Ursaluna|Earthquake|p1a: Indeedee|[spread] p1a,p1b\n|-activate|p2a: Armarouge|move: Wide Guard\n|-crit|p1a: Indeedee\n|-supereffective|p1b: Armarouge\n|-damage|p1a: Indeedee|38\/100\n|-damage|p1b: Armarouge|0 fnt\n|-enditem|p1a: Indeedee|Sitrus Berry|[eat]\n|-heal|p1a: Indeedee|63\/100|[from] item: Sitrus Berry\n|faint|p1b: Armarouge\n|move|p1a: Indeedee|Dazzling Gleam|p2b: Ursaluna|[spread] \n|-activate|p2a: Armarouge|move: Wide Guard\n|-activate|p2b: Ursaluna|move: Wide Guard\n|\n|-status|p2b: Ursaluna|brn|[from] item: Flame Orb\n|upkeep\n|\n|t:|1729432323\n|switch|p1b: Torkoal|Torkoal, L50, F|100\/100\n|-weather|SunnyDay|[from] ability: Drought|[of] p1b: Torkoal\n|turn|5\n|l|\u2606cazisa\n|inactive|cazisa disconnected and has a minute to reconnect!\n|player|p2|\n|inactive|soap858 has 30 seconds left.\n|inactive|cazisa has 30 seconds left.\n|inactive|cazisa has 20 seconds left.\n|inactive|cazisa has 15 seconds left.\n|inactive|cazisa has 10 seconds left.\n|inactive|cazisa has 5 seconds left.\n|j|\u2606cazisa\n|inactive|cazisa reconnected and has 5 seconds left.\n|player|p2|cazisa|red|\n|\n|t:|1729432378\n|move|p1b: Torkoal|Protect|p1b: Torkoal\n|-singleturn|p1b: Torkoal|Protect\n|move|p2b: Ursaluna|Facade|p1b: Torkoal\n|-activate|p1b: Torkoal|move: Protect\n|move|p2a: Armarouge|Expanding Force|p1a: Indeedee|[spread] p1a\n|-activate|p1b: Torkoal|move: Protect\n|-resisted|p1a: Indeedee\n|-damage|p1a: Indeedee|21\/100\n|-damage|p2a: Armarouge|10\/100|[from] item: Life Orb\n|move|p1a: Indeedee|Dazzling Gleam|p2b: Ursaluna|[spread] p2a,p2b\n|-resisted|p2a: Armarouge\n|-damage|p2a: Armarouge|3\/100\n|-damage|p2b: Ursaluna|89\/100 brn\n|\n|-weather|SunnyDay|[upkeep]\n|-damage|p2b: Ursaluna|83\/100 brn|[from] brn\n|-end|p1a: Indeedee|move: Taunt\n|-fieldend|move: Psychic Terrain\n|upkeep\n|turn|6\n|\n|t:|1729432391\n|move|p1a: Indeedee|Helping Hand|p1b: Torkoal\n|-singleturn|p1b: Torkoal|Helping Hand|[of] p1a: Indeedee\n|move|p2a: Armarouge|Wide Guard|p2a: Armarouge\n|-singleturn|p2a: Armarouge|Wide Guard\n|move|p1b: Torkoal|Flamethrower|p2b: Ursaluna\n|-damage|p2b: Ursaluna|0 fnt\n|faint|p2b: Ursaluna\n|\n|-weather|SunnyDay|[upkeep]\n|upkeep\n|turn|7\n|\n|t:|1729432404\n|move|p2a: Armarouge|Wide Guard|p2a: Armarouge\n|-singleturn|p2a: Armarouge|Wide Guard\n|move|p1b: Torkoal|Clear Smog|p2a: Armarouge\n|-damage|p2a: Armarouge|0 fnt\n|-clearboost|p2a: Armarouge\n|faint|p2a: Armarouge\n|\n|win|soap858\n|raw|soap858's rating: 1747 &rarr; <strong>1763<\/strong><br \/>(+16 for winning)\n|raw|cazisa's rating: 1682 &rarr; <strong>1666<\/strong><br \/>(-16 for losing)\n|l|\u2606cazisa\n|player|p2|\n|l|\u2606soap858\n|player|p1|\n","uploadtime":1729432655,"views":12,"formatid":"gen9vgc2024regh","rating":1666,"private":0,"password":null}