{"id":"gen9vgc2024regh-2226084415","format":"[Gen 9] VGC 2024 Reg H","players":["navinsachump","tyuiop112"],"log":"|j|\u2606navinsachump\n|j|\u2606tyuiop112\n|t:|1729302346\n|gametype|doubles\n|player|p1|navinsachump|170|1693\n|player|p2|tyuiop112|linebacker|1846\n|teamsize|p1|6\n|teamsize|p2|6\n|gen|9\n|tier|[Gen 9] VGC 2024 Reg H\n|rated|\n|rule|Species Clause: Limit one of each Pok\u00e9mon\n|rule|Item Clause: Limit 1 of each item\n|clearpoke\n|poke|p1|Blaziken, L50, M|\n|poke|p1|Kingambit, L50, M|\n|poke|p1|Rillaboom, L50, F|\n|poke|p1|Electabuzz, L50, F|\n|poke|p1|Dragapult, L50, F|\n|poke|p1|Primarina, L50, M|\n|poke|p2|Incineroar, L50, F|\n|poke|p2|Gholdengo, L50|\n|poke|p2|Rillaboom, L50, F|\n|poke|p2|Dragonite, L50, F|\n|poke|p2|Ursaluna-Bloodmoon, L50, M|\n|poke|p2|Annihilape, L50, M|\n|teampreview|4\n|\n|t:|1729302385\n|start\n|switch|p1a: Primarina|Primarina, L50, M|100\/100\n|switch|p1b: Rillaboom|Rillaboom, L50, F|100\/100\n|switch|p2a: Dragonite|Dragonite, L50, F|100\/100\n|switch|p2b: Annihilape|Annihilape, L50, M|100\/100\n|-fieldstart|move: Grassy Terrain|[from] ability: Grassy Surge|[of] p1b: Rillaboom\n|turn|1\n|inactive|Battle timer is ON: inactive players will automatically lose when time's up. (requested by tyuiop112)\n|j| Samevgcmons\n|j| bjvgc1\n|\n|t:|1729302404\n|switch|p2a: Rillaboom|Rillaboom, L50, F|100\/100\n|move|p2b: Annihilape|Protect|p2b: Annihilape\n|-singleturn|p2b: Annihilape|Protect\n|move|p1b: Rillaboom|Fake Out|p2a: Rillaboom\n|-damage|p2a: Rillaboom|88\/100\n|move|p1a: Primarina|Moonblast|p2b: Annihilape\n|-activate|p2b: Annihilape|move: Protect\n|\n|-heal|p2a: Rillaboom|94\/100|[from] Grassy Terrain\n|upkeep\n|turn|2\n|\n|t:|1729302425\n|-terastallize|p1a: Primarina|Steel\n|move|p2b: Annihilape|Encore|p1b: Rillaboom\n|-start|p1b: Rillaboom|Encore\n|move|p1b: Rillaboom|Fake Out||[still]\n|-hint|Fake Out only works on your first turn out.\n|-fail|p1b: Rillaboom\n|move|p2a: Rillaboom|U-turn|p1b: Rillaboom\n|-supereffective|p1b: Rillaboom\n|-damage|p1b: Rillaboom|47\/100\n|inactive|tyuiop112 has 30 seconds left.\n|\n|t:|1729302451\n|switch|p2a: Ursaluna|Ursaluna-Bloodmoon, L50, M|100\/100|[from] U-turn\n|move|p1a: Primarina|Moonblast|p2b: Annihilape\n|-supereffective|p2b: Annihilape\n|-enditem|p2b: Annihilape|Focus Sash\n|-damage|p2b: Annihilape|1\/100\n|-unboost|p2b: Annihilape|spa|1\n|-ability|p2b: Annihilape|Defiant|boost\n|-boost|p2b: Annihilape|atk|2\n|\n|-heal|p2b: Annihilape|7\/100|[from] Grassy Terrain\n|-heal|p1b: Rillaboom|53\/100|[from] Grassy Terrain\n|upkeep\n|turn|3\n|\n|t:|1729302476\n|switch|p1b: Blaziken|Blaziken, L50, M, shiny|100\/100\n|move|p1a: Primarina|Protect|p1a: Primarina\n|-singleturn|p1a: Primarina|Protect\n|move|p2b: Annihilape|Close Combat|p1a: Primarina\n|-activate|p1a: Primarina|move: Protect\n|move|p2a: Ursaluna|Earth Power|p1b: Blaziken\n|-supereffective|p1b: Blaziken\n|-enditem|p1b: Blaziken|Focus Sash\n|-damage|p1b: Blaziken|1\/100\n|\n|-heal|p2b: Annihilape|13\/100|[from] Grassy Terrain\n|-heal|p1b: Blaziken|7\/100|[from] Grassy Terrain\n|upkeep\n|turn|4\n|\n|t:|1729302489\n|switch|p1a: Rillaboom|Rillaboom, L50, F|53\/100\n|move|p1b: Blaziken|Protect|p1b: Blaziken\n|-singleturn|p1b: Blaziken|Protect\n|move|p2a: Ursaluna|Vacuum Wave|p1b: Blaziken\n|-activate|p1b: Blaziken|move: Protect\n|move|p2b: Annihilape|Close Combat|p1a: Rillaboom\n|-damage|p1a: Rillaboom|0 fnt\n|-unboost|p2b: Annihilape|def|1\n|-unboost|p2b: Annihilape|spd|1\n|faint|p1a: Rillaboom\n|\n|-heal|p2b: Annihilape|19\/100|[from] Grassy Terrain\n|-heal|p1b: Blaziken|13\/100|[from] Grassy Terrain\n|-ability|p1b: Blaziken|Speed Boost|boost\n|-boost|p1b: Blaziken|spe|1\n|upkeep\n|\n|t:|1729302505\n|switch|p1a: Kingambit|Kingambit, L50, M|100\/100\n|turn|5\n|inactive|tyuiop112 has 30 seconds left.\n|\n|t:|1729302533\n|switch|p1b: Primarina|Primarina, L50, M, tera:Steel|100\/100\n|move|p1a: Kingambit|Sucker Punch||[still]\n|-fail|p1a: Kingambit\n|move|p2b: Annihilape|Encore|p1a: Kingambit\n|-start|p1a: Kingambit|Encore\n|move|p2a: Ursaluna|Hyper Voice|p1a: Kingambit|[spread] p1a,p1b\n|-resisted|p1a: Kingambit\n|-resisted|p1b: Primarina\n|-damage|p1a: Kingambit|90\/100\n|-damage|p1b: Primarina|86\/100\n|\n|-heal|p2b: Annihilape|25\/100|[from] Grassy Terrain\n|-heal|p1b: Primarina|92\/100|[from] Grassy Terrain\n|-heal|p1a: Kingambit|96\/100|[from] Grassy Terrain\n|-fieldend|move: Grassy Terrain\n|upkeep\n|turn|6\n|inactive|tyuiop112 has 30 seconds left.\n|\n|t:|1729302565\n|switch|p2b: Rillaboom|Rillaboom, L50, F|94\/100\n|-fieldstart|move: Grassy Terrain|[from] ability: Grassy Surge|[of] p2b: Rillaboom\n|-terastallize|p2a: Ursaluna|Normal\n|move|p1a: Kingambit|Sucker Punch|p2a: Ursaluna\n|-damage|p2a: Ursaluna|71\/100\n|move|p2a: Ursaluna|Earth Power|p1a: Kingambit\n|-supereffective|p1a: Kingambit\n|-damage|p1a: Kingambit|42\/100\n|move|p1b: Primarina|Hyper Voice|p2b: Rillaboom|[spread] p2a,p2b\n|-resisted|p2b: Rillaboom\n|-damage|p2a: Ursaluna|47\/100\n|-damage|p2b: Rillaboom|75\/100\n|\n|-heal|p2b: Rillaboom|81\/100|[from] Grassy Terrain\n|-heal|p2a: Ursaluna|53\/100|[from] Grassy Terrain\n|-heal|p1b: Primarina|98\/100|[from] Grassy Terrain\n|-heal|p1a: Kingambit|48\/100|[from] Grassy Terrain\n|upkeep\n|turn|7\n|l| Samevgcmons\n|inactive|navinsachump has 30 seconds left.\n|\n|t:|1729302597\n|move|p1b: Primarina|Protect|p1b: Primarina\n|-singleturn|p1b: Primarina|Protect\n|move|p2b: Rillaboom|Fake Out|p1b: Primarina\n|-activate|p1b: Primarina|move: Protect\n|move|p1a: Kingambit|Sucker Punch|p2a: Ursaluna\n|-damage|p2a: Ursaluna|20\/100\n|move|p2a: Ursaluna|Earth Power|p1a: Kingambit\n|-supereffective|p1a: Kingambit\n|-damage|p1a: Kingambit|0 fnt\n|faint|p1a: Kingambit\n|\n|-heal|p2b: Rillaboom|87\/100|[from] Grassy Terrain\n|-heal|p2a: Ursaluna|26\/100|[from] Grassy Terrain\n|-heal|p1b: Primarina|100\/100|[from] Grassy Terrain\n|upkeep\n|\n|t:|1729302606\n|switch|p1a: Blaziken|Blaziken, L50, M, shiny|13\/100\n|turn|8\n|inactive|navinsachump has 30 seconds left.\n|\n|t:|1729302636\n|move|p2b: Rillaboom|Grassy Glide|p1a: Blaziken\n|-resisted|p1a: Blaziken\n|-damage|p1a: Blaziken|0 fnt\n|faint|p1a: Blaziken\n|move|p2a: Ursaluna|Earth Power|p1b: Primarina\n|-supereffective|p1b: Primarina\n|-damage|p1b: Primarina|15\/100\n|-enditem|p1b: Primarina|Sitrus Berry|[eat]\n|-heal|p1b: Primarina|40\/100|[from] item: Sitrus Berry\n|move|p1b: Primarina|Hyper Voice|p2a: Ursaluna|[spread] p2a,p2b\n|-resisted|p2b: Rillaboom\n|-damage|p2a: Ursaluna|1\/100\n|-damage|p2b: Rillaboom|69\/100\n|\n|-heal|p2b: Rillaboom|75\/100|[from] Grassy Terrain\n|-heal|p2a: Ursaluna|7\/100|[from] Grassy Terrain\n|-heal|p1b: Primarina|47\/100|[from] Grassy Terrain\n|upkeep\n|turn|9\n|-message|navinsachump forfeited.\n|\n|win|tyuiop112\n|raw|navinsachump's rating: 1693 &rarr; <strong>1681<\/strong><br \/>(-12 for losing)\n|raw|tyuiop112's rating: 1846 &rarr; <strong>1858<\/strong><br \/>(+12 for winning)\n|l|\u2606navinsachump\n|player|p1|\n|l|\u2606tyuiop112\n|player|p2|\n","uploadtime":1729302805,"views":10,"formatid":"gen9vgc2024regh","rating":1681,"private":0,"password":null}