{"id":"gen9vgc2024regh-2226035343","format":"[Gen 9] VGC 2024 Reg H","players":["coke calatrava","MERB10M"],"log":"|j|\u2606coke calatrava\n|j|\u2606MERB10M\n|t:|1729296072\n|gametype|doubles\n|player|p1|coke calatrava|265|1653\n|player|p2|MERB10M|102|1686\n|teamsize|p1|6\n|teamsize|p2|6\n|gen|9\n|tier|[Gen 9] VGC 2024 Reg H\n|rated|\n|rule|Species Clause: Limit one of each Pok\u00e9mon\n|rule|Item Clause: Limit 1 of each item\n|clearpoke\n|poke|p1|Indeedee-F, L50, F|\n|poke|p1|Armarouge, L50, F|\n|poke|p1|Torkoal, L50, M|\n|poke|p1|Ursaluna, L50, M|\n|poke|p1|Hatterene, L50, F|\n|poke|p1|Annihilape, L50, M|\n|poke|p2|Grimmsnarl, L50, M|\n|poke|p2|Tyranitar, L50, F|\n|poke|p2|Sinistcha-Masterpiece, L50|\n|poke|p2|Milotic, L50, F|\n|poke|p2|Volcarona, L50, F|\n|poke|p2|Dragonite, L50, M|\n|teampreview|4\n|\n|t:|1729296102\n|start\n|switch|p1a: Indeedee|Indeedee-F, L50, F|100\/100\n|switch|p1b: Annihilape|Annihilape, L50, M|100\/100\n|switch|p2a: Volcarona|Volcarona, L50, F|100\/100\n|switch|p2b: Dragonite|Dragonite, L50, M|100\/100\n|-fieldstart|move: Psychic Terrain|[from] ability: Psychic Surge|[of] p1a: Indeedee\n|turn|1\n|inactive|Battle timer is ON: inactive players will automatically lose when time's up. (requested by MERB10M)\n|\n|t:|1729296119\n|move|p1b: Annihilape|Final Gambit|p2b: Dragonite\n|-damage|p2b: Dragonite|0 fnt\n|faint|p1b: Annihilape\n|faint|p2b: Dragonite\n|move|p2a: Volcarona|Overheat|p1a: Indeedee\n|-damage|p1a: Indeedee|3\/100\n|-unboost|p2a: Volcarona|spa|2\n|move|p1a: Indeedee|Trick Room|p1a: Indeedee\n|-fieldstart|move: Trick Room|[of] p1a: Indeedee\n|\n|upkeep\n|\n|t:|1729296130\n|switch|p2b: Milotic|Milotic, L50, F|100\/100\n|switch|p1b: Hatterene|Hatterene, L50, F|100\/100\n|turn|2\n|\n|t:|1729296147\n|switch|p2a: Tyranitar|Tyranitar, L50, F|100\/100\n|-weather|Sandstorm|[from] ability: Sand Stream|[of] p2a: Tyranitar\n|move|p1a: Indeedee|Helping Hand|p1b: Hatterene\n|-singleturn|p1b: Hatterene|Helping Hand|[of] p1a: Indeedee\n|move|p1b: Hatterene|Expanding Force|p2b: Milotic|[spread] p2b\n|-immune|p2a: Tyranitar\n|-damage|p2b: Milotic|34\/100\n|-damage|p1b: Hatterene|91\/100|[from] item: Life Orb\n|move|p2b: Milotic|Scald|p1b: Hatterene\n|-damage|p1b: Hatterene|47\/100\n|-status|p1b: Hatterene|brn\n|\n|-weather|Sandstorm|[upkeep]\n|-damage|p1b: Hatterene|41\/100 brn|[from] Sandstorm\n|-damage|p1a: Indeedee|0 fnt|[from] Sandstorm\n|-damage|p2b: Milotic|28\/100|[from] Sandstorm\n|faint|p1a: Indeedee\n|-damage|p1b: Hatterene|36\/100 brn|[from] brn\n|upkeep\n|\n|t:|1729296163\n|switch|p1a: Ursaluna|Ursaluna, L50, M|100\/100\n|turn|3\n|\n|t:|1729296173\n|move|p2a: Tyranitar|Protect|p2a: Tyranitar\n|-singleturn|p2a: Tyranitar|Protect\n|move|p1b: Hatterene|Expanding Force|p2b: Milotic|[spread] p2b\n|-activate|p2a: Tyranitar|move: Protect\n|-damage|p2b: Milotic|0 fnt\n|faint|p2b: Milotic\n|-damage|p1b: Hatterene|26\/100 brn|[from] item: Life Orb\n|move|p1a: Ursaluna|Substitute|p1a: Ursaluna\n|-start|p1a: Ursaluna|Substitute\n|-damage|p1a: Ursaluna|76\/100\n|\n|-weather|Sandstorm|[upkeep]\n|-damage|p1b: Hatterene|21\/100 brn|[from] Sandstorm\n|-damage|p1b: Hatterene|15\/100 brn|[from] brn\n|-status|p1a: Ursaluna|brn|[from] item: Flame Orb\n|upkeep\n|\n|t:|1729296187\n|switch|p2b: Volcarona|Volcarona, L50, F|100\/100\n|turn|4\n|\n|t:|1729296205\n|-terastallize|p2a: Tyranitar|Flying\n|move|p1b: Hatterene|Expanding Force|p2b: Volcarona|[spread] p2a,p2b\n|-damage|p2a: Tyranitar|29\/100\n|-damage|p2b: Volcarona|4\/100\n|-damage|p1b: Hatterene|6\/100 brn|[from] item: Life Orb\n|move|p1a: Ursaluna|Headlong Rush|p2a: Tyranitar\n|-immune|p2a: Tyranitar\n|move|p2a: Tyranitar|Assurance|p1b: Hatterene\n|-damage|p1b: Hatterene|0 fnt\n|faint|p1b: Hatterene\n|-damage|p2a: Tyranitar|19\/100|[from] item: Life Orb\n|move|p2b: Volcarona|Heat Wave|p1a: Ursaluna\n|-end|p1a: Ursaluna|Substitute\n|\n|-weather|Sandstorm|[upkeep]\n|-damage|p2a: Tyranitar|14\/100|[from] Sandstorm\n|-damage|p2b: Volcarona|0 fnt|[from] Sandstorm\n|faint|p2b: Volcarona\n|-damage|p1a: Ursaluna|70\/100 brn|[from] brn\n|upkeep\n|turn|5\n|\n|t:|1729296224\n|move|p2a: Tyranitar|Protect|p2a: Tyranitar\n|-singleturn|p2a: Tyranitar|Protect\n|move|p1a: Ursaluna|Substitute|p1a: Ursaluna\n|-start|p1a: Ursaluna|Substitute\n|-damage|p1a: Ursaluna|45\/100 brn\n|\n|-weather|Sandstorm|[upkeep]\n|-damage|p2a: Tyranitar|8\/100|[from] Sandstorm\n|-damage|p1a: Ursaluna|40\/100 brn|[from] brn\n|-fieldend|move: Trick Room\n|-fieldend|move: Psychic Terrain\n|upkeep\n|turn|6\n|\n|t:|1729296233\n|-terastallize|p1a: Ursaluna|Ghost\n|move|p2a: Tyranitar|Stone Edge|p1a: Ursaluna\n|-end|p1a: Ursaluna|Substitute\n|-damage|p2a: Tyranitar|0 fnt|[from] item: Life Orb\n|faint|p2a: Tyranitar\n|\n|win|coke calatrava\n|raw|coke calatrava's rating: 1653 &rarr; <strong>1675<\/strong><br \/>(+22 for winning)\n|raw|MERB10M's rating: 1686 &rarr; <strong>1664<\/strong><br \/>(-22 for losing)\n|l|\u2606coke calatrava\n|player|p1|\n|l|\u2606MERB10M\n|player|p2|\n","uploadtime":1729296408,"views":11,"formatid":"gen9vgc2024regh","rating":1664,"private":0,"password":null}