{"id":"gen9vgc2024regh-2226950917","format":"[Gen 9] VGC 2024 Reg H","players":["pokehys3","newpreset2"],"log":"|j|\u2606pokehys3\n|j|\u2606newpreset2\n|t:|1729428538\n|gametype|doubles\n|player|p1|pokehys3|266|1758\n|player|p2|newpreset2|265|1718\n|teamsize|p1|6\n|teamsize|p2|6\n|gen|9\n|tier|[Gen 9] VGC 2024 Reg H\n|rated|\n|rule|Species Clause: Limit one of each Pok\u00e9mon\n|rule|Item Clause: Limit 1 of each item\n|clearpoke\n|poke|p1|Sneasler, L50, F|\n|poke|p1|Indeedee, L50, M|\n|poke|p1|Dragapult, L50, F|\n|poke|p1|Murkrow, L50, F|\n|poke|p1|Archaludon, L50, M|\n|poke|p1|Annihilape, L50, M|\n|poke|p2|Volbeat, L50, M|\n|poke|p2|Sylveon, L50, M|\n|poke|p2|Rillaboom, L50, M|\n|poke|p2|Tatsugiri-Droopy, L50, F|\n|poke|p2|Dondozo, L50, M|\n|poke|p2|Emboar, L50, M|\n|teampreview|4\n|inactive|Battle timer is ON: inactive players will automatically lose when time's up. (requested by pokehys3)\n|j| UruruNew\n|j| mpudi\n|inactive|pokehys3 has 60 seconds left.\n|\n|t:|1729428580\n|start\n|switch|p1a: Murkrow|Murkrow, L50, F|100\/100\n|switch|p1b: Indeedee|Indeedee, L50, M|100\/100\n|switch|p2a: Volbeat|Volbeat, L50, M|100\/100\n|switch|p2b: Sylveon|Sylveon, L50, M|100\/100\n|-fieldstart|move: Psychic Terrain|[from] ability: Psychic Surge|[of] p1b: Indeedee\n|turn|1\n|\n|t:|1729428593\n|switch|p1a: Sneasler|Sneasler, L50, F|100\/100\n|-enditem|p1a: Sneasler|Psychic Seed\n|-boost|p1a: Sneasler|spd|1|[from] item: Psychic Seed\n|switch|p2a: Rillaboom|Rillaboom, L50, M|100\/100\n|-fieldstart|move: Grassy Terrain|[from] ability: Grassy Surge|[of] p2a: Rillaboom\n|move|p1b: Indeedee|Expanding Force|p2a: Rillaboom\n|-damage|p2a: Rillaboom|69\/100\n|move|p2b: Sylveon|Hyper Voice|p1b: Indeedee|[spread] p1a,p1b\n|-damage|p1a: Sneasler|43\/100\n|-damage|p1b: Indeedee|8\/100\n|\n|-heal|p1a: Sneasler|49\/100|[from] Grassy Terrain\n|-heal|p1b: Indeedee|14\/100|[from] Grassy Terrain\n|-heal|p2a: Rillaboom|76\/100|[from] Grassy Terrain\n|upkeep\n|turn|2\n|inactive|pokehys3 has 30 seconds left.\n|\n|t:|1729428624\n|move|p1a: Sneasler|Protect|p1a: Sneasler\n|-singleturn|p1a: Sneasler|Protect\n|move|p2a: Rillaboom|Fake Out|p1a: Sneasler\n|-activate|p1a: Sneasler|move: Protect\n|move|p1b: Indeedee|Tera Blast|p2a: Rillaboom\n|-damage|p2a: Rillaboom|45\/100\n|move|p2b: Sylveon|Hyper Voice|p1a: Sneasler|[spread] p1b\n|-activate|p1a: Sneasler|move: Protect\n|-damage|p1b: Indeedee|0 fnt\n|faint|p1b: Indeedee\n|\n|-heal|p1a: Sneasler|54\/100|[from] Grassy Terrain\n|-heal|p2a: Rillaboom|51\/100|[from] Grassy Terrain\n|upkeep\n|inactive|pokehys3 has 30 seconds left.\n|\n|t:|1729428654\n|switch|p1b: Archaludon|Archaludon, L50, M, shiny|100\/100\n|turn|3\n|\n|t:|1729428670\n|switch|p2b: Volbeat|Volbeat, L50, M|100\/100\n|move|p1a: Sneasler|Dire Claw|p2b: Volbeat\n|-damage|p2b: Volbeat|44\/100\n|move|p1b: Archaludon|Electro Shot||[still]\n|-prepare|p1b: Archaludon|Electro Shot\n|-boost|p1b: Archaludon|spa|1\n|-enditem|p1b: Archaludon|Power Herb\n|-anim|p1b: Archaludon|Electro Shot|p2b: Volbeat\n|-damage|p2b: Volbeat|0 fnt\n|faint|p2b: Volbeat\n|move|p2a: Rillaboom|Wood Hammer|p1a: Sneasler\n|-resisted|p1a: Sneasler\n|-damage|p1a: Sneasler|0 fnt\n|faint|p1a: Sneasler\n|-damage|p2a: Rillaboom|36\/100|[from] Recoil\n|\n|-heal|p2a: Rillaboom|42\/100|[from] Grassy Terrain\n|upkeep\n|\n|t:|1729428684\n|switch|p1a: Murkrow|Murkrow, L50, F|100\/100\n|switch|p2b: Sylveon|Sylveon, L50, M|100\/100\n|turn|4\n|inactive|pokehys3 has 30 seconds left.\n|inactive|pokehys3 has 20 seconds left.\n|\n|t:|1729428720\n|-terastallize|p1b: Archaludon|Stellar\n|-terastallize|p2b: Sylveon|Fire\n|move|p1a: Murkrow|Rain Dance|p1a: Murkrow\n|-weather|RainDance\n|move|p1b: Archaludon|Electro Shot||[still]\n|-prepare|p1b: Archaludon|Electro Shot\n|-boost|p1b: Archaludon|spa|1\n|-anim|p1b: Archaludon|Electro Shot|p2b: Sylveon\n|-damage|p2b: Sylveon|30\/100\n|move|p2a: Rillaboom|Knock Off|p1a: Murkrow\n|-resisted|p1a: Murkrow\n|-damage|p1a: Murkrow|82\/100\n|-enditem|p1a: Murkrow|Eviolite|[from] move: Knock Off|[of] p2a: Rillaboom\n|move|p2b: Sylveon|Hyper Voice|p1a: Murkrow|[spread] p1a,p1b\n|-supereffective|p1a: Murkrow\n|-damage|p1a: Murkrow|0 fnt\n|-damage|p1b: Archaludon|20\/100\n|faint|p1a: Murkrow\n|\n|-weather|RainDance|[upkeep]\n|-heal|p1b: Archaludon|26\/100|[from] Grassy Terrain\n|-heal|p2a: Rillaboom|49\/100|[from] Grassy Terrain\n|-heal|p2b: Sylveon|36\/100|[from] Grassy Terrain\n|upkeep\n|turn|5\n|-message|pokehys3 forfeited.\n|\n|win|newpreset2\n|raw|pokehys3's rating: 1758 &rarr; <strong>1736<\/strong><br \/>(-22 for losing)\n|raw|newpreset2's rating: 1718 &rarr; <strong>1740<\/strong><br \/>(+22 for winning)\n|l|\u2606pokehys3\n|player|p1|\n|l|\u2606newpreset2\n|player|p2|\n|l| mpudi\n","uploadtime":1729428926,"views":16,"formatid":"gen9vgc2024regh","rating":1736,"private":0,"password":null}