{"id":"gen9vgc2024regh-2226175083","format":"[Gen 9] VGC 2024 Reg H","players":["Aki Hoshino","magnusmagnum"],"log":"|j|\u2606Aki Hoshino\n|j|\u2606magnusmagnum\n|t:|1729315366\n|gametype|doubles\n|player|p1|Aki Hoshino|aromalady|1703\n|player|p2|magnusmagnum|170|1806\n|teamsize|p1|6\n|teamsize|p2|6\n|gen|9\n|tier|[Gen 9] VGC 2024 Reg H\n|rated|\n|rule|Species Clause: Limit one of each Pok\u00e9mon\n|rule|Item Clause: Limit 1 of each item\n|clearpoke\n|poke|p1|Whimsicott, L50, M|\n|poke|p1|Ursaluna-Bloodmoon, L50, M|\n|poke|p1|Volcarona, L50, F|\n|poke|p1|Meowscarada, L50, M|\n|poke|p1|Dragonite, L50, M|\n|poke|p1|Archaludon, L50, M|\n|poke|p2|Sneasler, L50, F|\n|poke|p2|Mimikyu, L50, M|\n|poke|p2|Ursaluna-Bloodmoon, L50, M|\n|poke|p2|Garchomp, L50, M|\n|poke|p2|Rillaboom, L50, M|\n|poke|p2|Gholdengo, L50|\n|teampreview|4\n|\n|t:|1729315435\n|start\n|switch|p1a: Whimsicott|Whimsicott, L50, M|100\/100\n|switch|p1b: Meowscarada|Meowscarada, L50, M|100\/100\n|switch|p2a: Garchomp|Garchomp, L50, M|100\/100\n|switch|p2b: Sneasler|Sneasler, L50, F|100\/100\n|turn|1\n|\n|t:|1729315459\n|-terastallize|p2a: Garchomp|Fairy\n|move|p1a: Whimsicott|Tailwind|p1a: Whimsicott\n|-sidestart|p1: Aki Hoshino|move: Tailwind\n|move|p1b: Meowscarada|Triple Axel|p2b: Sneasler\n|-start|p1b: Meowscarada|typechange|Ice|[from] ability: Protean\n|-damage|p2b: Sneasler|75\/100\n|-hitcount|p2b: Sneasler|1\n|move|p2a: Garchomp|Rock Slide|p1b: Meowscarada|[spread] p1a,p1b\n|-supereffective|p1b: Meowscarada\n|-damage|p1a: Whimsicott|70\/100\n|-damage|p1b: Meowscarada|31\/100\n|move|p2b: Sneasler|Dire Claw|p1a: Whimsicott\n|-supereffective|p1a: Whimsicott\n|-damage|p1a: Whimsicott|0 fnt\n|faint|p1a: Whimsicott\n|\n|upkeep\n|\n|t:|1729315481\n|switch|p1a: Volcarona|Volcarona, L50, F|100\/100\n|turn|2\n|\n|t:|1729315498\n|-terastallize|p1a: Volcarona|Fire\n|move|p2b: Sneasler|Protect|p2b: Sneasler\n|-singleturn|p2b: Sneasler|Protect\n|move|p1b: Meowscarada|Triple Axel|p2a: Garchomp\n|-damage|p2a: Garchomp|85\/100\n|-damage|p1b: Meowscarada|18\/100|[from] ability: Rough Skin|[of] p2a: Garchomp\n|-damage|p2a: Garchomp|56\/100\n|-damage|p1b: Meowscarada|6\/100|[from] ability: Rough Skin|[of] p2a: Garchomp\n|-damage|p2a: Garchomp|14\/100\n|-damage|p1b: Meowscarada|0 fnt|[from] ability: Rough Skin|[of] p2a: Garchomp\n|faint|p1b: Meowscarada\n|-hitcount|p2a: Garchomp|3\n|move|p1a: Volcarona|Heat Wave|p2b: Sneasler|[spread] p2a\n|-activate|p2b: Sneasler|move: Protect\n|-damage|p2a: Garchomp|0 fnt\n|faint|p2a: Garchomp\n|\n|upkeep\n|j| sumovgc\n|\n|t:|1729315520\n|switch|p1b: Ursaluna|Ursaluna-Bloodmoon, L50, M|100\/100\n|switch|p2a: Ursaluna|Ursaluna-Bloodmoon, L50, M|100\/100\n|turn|3\n|\n|t:|1729315544\n|move|p1a: Volcarona|Heat Wave|p2a: Ursaluna|[spread] p2a,p2b\n|-damage|p2a: Ursaluna|39\/100\n|-damage|p2b: Sneasler|0 fnt\n|faint|p2b: Sneasler\n|move|p1b: Ursaluna|Blood Moon|p2a: Ursaluna\n|-damage|p2a: Ursaluna|0 fnt\n|faint|p2a: Ursaluna\n|-damage|p1b: Ursaluna|91\/100|[from] item: Life Orb\n|\n|upkeep\n|\n|t:|1729315551\n|switch|p2b: Gholdengo|Gholdengo, L50|100\/100\n|turn|4\n|\n|t:|1729315556\n|move|p2b: Gholdengo|Protect|p2b: Gholdengo\n|-singleturn|p2b: Gholdengo|Protect\n|move|p1a: Volcarona|Heat Wave|p2b: Gholdengo\n|-activate|p2b: Gholdengo|move: Protect\n|move|p1b: Ursaluna|Earth Power|p2b: Gholdengo\n|-activate|p2b: Gholdengo|move: Protect\n|\n|-sideend|p1: Aki Hoshino|move: Tailwind\n|upkeep\n|turn|5\n|\n|t:|1729315566\n|move|p1a: Volcarona|Heat Wave|p2b: Gholdengo\n|-supereffective|p2b: Gholdengo\n|-damage|p2b: Gholdengo|0 fnt\n|faint|p2b: Gholdengo\n|\n|win|Aki Hoshino\n|raw|Aki Hoshino's rating: 1703 &rarr; <strong>1729<\/strong><br \/>(+26 for winning)\n|raw|magnusmagnum's rating: 1806 &rarr; <strong>1780<\/strong><br \/>(-26 for losing)\n|l|\u2606magnusmagnum\n|player|p2|\n|l|\u2606Aki Hoshino\n|player|p1|\n|l| sumovgc\n","uploadtime":1729315791,"views":14,"formatid":"gen9vgc2024regh","rating":1729,"private":0,"password":null}