{"id":"gen9vgc2024regh-2226075124","format":"[Gen 9] VGC 2024 Reg H","players":["magnusmagnum","02her0"],"log":"|j|\u2606magnusmagnum\n|j|\u260602her0\n|t:|1729301171\n|gametype|doubles\n|player|p1|magnusmagnum|170|1806\n|player|p2|02her0|n|1640\n|teamsize|p1|6\n|teamsize|p2|6\n|gen|9\n|tier|[Gen 9] VGC 2024 Reg H\n|rated|\n|rule|Species Clause: Limit one of each Pok\u00e9mon\n|rule|Item Clause: Limit 1 of each item\n|clearpoke\n|poke|p1|Sneasler, L50, F|\n|poke|p1|Mimikyu, L50, M|\n|poke|p1|Ursaluna-Bloodmoon, L50, M|\n|poke|p1|Garchomp, L50, M|\n|poke|p1|Rillaboom, L50, F|\n|poke|p1|Gholdengo, L50|\n|poke|p2|Dondozo, L50, M|\n|poke|p2|Tatsugiri, L50, F|\n|poke|p2|Sneasler, L50, F|\n|poke|p2|Ceruledge, L50, F|\n|poke|p2|Kingambit, L50, M|\n|poke|p2|Clefable, L50, F|\n|teampreview|4\n|\n|t:|1729301199\n|start\n|switch|p1a: Sneasler|Sneasler, L50, F|100\/100\n|switch|p1b: Mimikyu|Mimikyu, L50, M|100\/100\n|switch|p2a: Dondozo|Dondozo, L50, M|100\/100\n|switch|p2b: Sneasler|Sneasler, L50, F|100\/100\n|turn|1\n|inactive|Battle timer is ON: inactive players will automatically lose when time's up. (requested by magnusmagnum)\n|\n|t:|1729301228\n|move|p1a: Sneasler|Fake Out|p2b: Sneasler\n|-damage|p2b: Sneasler|77\/100\n|cant|p2b: Sneasler|flinch\n|move|p1b: Mimikyu|Shadow Claw|p2b: Sneasler\n|-damage|p2b: Sneasler|10\/100\n|-damage|p1b: Mimikyu|91\/100|[from] item: Life Orb\n|move|p2a: Dondozo|Heavy Slam|p1b: Mimikyu\n|-activate|p1b: Mimikyu|ability: Disguise\n|-damage|p1b: Mimikyu|91\/100\n|detailschange|p1b: Mimikyu|Mimikyu-Busted, L50, M\n|-damage|p1b: Mimikyu|78\/100|[from] pokemon: Mimikyu-Busted\n|\n|upkeep\n|turn|2\n|inactive|magnusmagnum has 30 seconds left.\n|\n|t:|1729301257\n|switch|p2b: Tatsugiri|Tatsugiri, L50, F|100\/100\n|-activate|p2b: Tatsugiri|ability: Commander|[of] p2a: Dondozo\n|-boost|p2a: Dondozo|atk|2\n|-boost|p2a: Dondozo|spa|2\n|-boost|p2a: Dondozo|spe|2\n|-boost|p2a: Dondozo|def|2\n|-boost|p2a: Dondozo|spd|2\n|move|p1a: Sneasler|Dire Claw|p2b: Tatsugiri|[miss]\n|-miss|p1a: Sneasler|p2b: Tatsugiri\n|move|p2a: Dondozo|Order Up|p1a: Sneasler\n|-damage|p1a: Sneasler|17\/100\n|-boost|p2a: Dondozo|atk|1\n|move|p1b: Mimikyu|Trick Room|p1b: Mimikyu\n|-fieldstart|move: Trick Room|[of] p1b: Mimikyu\n|\n|upkeep\n|turn|3\n|j| Samevgcmons\n|inactive|magnusmagnum has 30 seconds left.\n|inactive|magnusmagnum has 20 seconds left.\n|j| futonkagebunshin\n|inactive|magnusmagnum has 15 seconds left.\n|\n|t:|1729301299\n|switch|p1b: Rillaboom|Rillaboom, L50, F|100\/100\n|-fieldstart|move: Grassy Terrain|[from] ability: Grassy Surge|[of] p1b: Rillaboom\n|switch|p1a: Ursaluna|Ursaluna-Bloodmoon, L50, M|100\/100\n|move|p2a: Dondozo|Heavy Slam|p1b: Rillaboom\n|-damage|p1b: Rillaboom|52\/100\n|\n|-heal|p1b: Rillaboom|58\/100|[from] Grassy Terrain\n|upkeep\n|turn|4\n|\n|t:|1729301316\n|-terastallize|p2a: Dondozo|Steel\n|move|p1b: Rillaboom|Fake Out|p2a: Dondozo\n|-resisted|p2a: Dondozo\n|-damage|p2a: Dondozo|98\/100\n|move|p1a: Ursaluna|Hyper Voice|p2b: Tatsugiri|[spread] p2a\n|-miss|p1a: Ursaluna|p2b: Tatsugiri\n|-resisted|p2a: Dondozo\n|-damage|p2a: Dondozo|87\/100\n|move|p2a: Dondozo|Wave Crash|p1a: Ursaluna\n|-supereffective|p1a: Ursaluna\n|-damage|p1a: Ursaluna|0 fnt\n|faint|p1a: Ursaluna\n|-damage|p2a: Dondozo|56\/100|[from] Recoil\n|\n|-heal|p1b: Rillaboom|64\/100|[from] Grassy Terrain\n|-heal|p2a: Dondozo|62\/100|[from] Grassy Terrain\n|upkeep\n|\n|t:|1729301328\n|switch|p1a: Mimikyu|Mimikyu-Busted, L50, M|78\/100\n|turn|5\n|\n|t:|1729301340\n|-terastallize|p1b: Rillaboom|Grass\n|move|p1b: Rillaboom|Wood Hammer|p2a: Dondozo\n|-resisted|p2a: Dondozo\n|-damage|p2a: Dondozo|36\/100\n|-damage|p1b: Rillaboom|54\/100|[from] Recoil\n|move|p1a: Mimikyu|Shadow Claw|p2a: Dondozo\n|-damage|p2a: Dondozo|22\/100\n|-damage|p1a: Mimikyu|68\/100|[from] item: Life Orb\n|move|p2a: Dondozo|Heavy Slam|p1a: Mimikyu\n|-supereffective|p1a: Mimikyu\n|-damage|p1a: Mimikyu|0 fnt\n|faint|p1a: Mimikyu\n|\n|-heal|p1b: Rillaboom|60\/100|[from] Grassy Terrain\n|-heal|p2a: Dondozo|29\/100|[from] Grassy Terrain\n|upkeep\n|l| Samevgcmons\n|\n|t:|1729301353\n|switch|p1a: Sneasler|Sneasler, L50, F|17\/100\n|turn|6\n|\n|t:|1729301364\n|move|p1b: Rillaboom|Protect|p1b: Rillaboom\n|-singleturn|p1b: Rillaboom|Protect\n|move|p1a: Sneasler|Protect|p1a: Sneasler\n|-singleturn|p1a: Sneasler|Protect\n|move|p2a: Dondozo|Order Up|p1a: Sneasler\n|-activate|p1a: Sneasler|move: Protect\n|\n|-heal|p1b: Rillaboom|66\/100|[from] Grassy Terrain\n|-heal|p2a: Dondozo|35\/100|[from] Grassy Terrain\n|-heal|p1a: Sneasler|22\/100|[from] Grassy Terrain\n|-fieldend|move: Trick Room\n|upkeep\n|turn|7\n|\n|t:|1729301383\n|move|p1a: Sneasler|Close Combat|p2a: Dondozo\n|-supereffective|p2a: Dondozo\n|-damage|p2a: Dondozo|0 fnt\n|-unboost|p1a: Sneasler|def|1\n|-unboost|p1a: Sneasler|spd|1\n|faint|p2a: Dondozo\n|move|p1b: Rillaboom|Wood Hammer|p2b: Tatsugiri\n|-damage|p2b: Tatsugiri|0 fnt\n|faint|p2b: Tatsugiri\n|-damage|p1b: Rillaboom|42\/100|[from] Recoil\n|\n|-heal|p1a: Sneasler|28\/100|[from] Grassy Terrain\n|-heal|p1b: Rillaboom|48\/100|[from] Grassy Terrain\n|-fieldend|move: Grassy Terrain\n|upkeep\n|\n|t:|1729301388\n|switch|p2b: Ceruledge|Ceruledge, L50, F|100\/100\n|switch|p2a: Sneasler|Sneasler, L50, F|10\/100\n|turn|8\n|\n|t:|1729301397\n|move|p1a: Sneasler|Protect|p1a: Sneasler\n|-singleturn|p1a: Sneasler|Protect\n|move|p1b: Rillaboom|Protect|p1b: Rillaboom\n|-singleturn|p1b: Rillaboom|Protect\n|move|p2a: Sneasler|Fake Out|p1a: Sneasler\n|-activate|p1a: Sneasler|move: Protect\n|move|p2b: Ceruledge|Bitter Blade|p1b: Rillaboom\n|-activate|p1b: Rillaboom|move: Protect\n|\n|upkeep\n|turn|9\n|\n|t:|1729301416\n|move|p1b: Rillaboom|Protect||[still]\n|-fail|p1b: Rillaboom\n|move|p2b: Ceruledge|Shadow Sneak|p1a: Sneasler\n|-crit|p1a: Sneasler\n|-damage|p1a: Sneasler|0 fnt\n|faint|p1a: Sneasler\n|move|p2a: Sneasler|Dire Claw|p1b: Rillaboom\n|-supereffective|p1b: Rillaboom\n|-damage|p1b: Rillaboom|0 fnt\n|faint|p1b: Rillaboom\n|\n|win|02her0\n|raw|magnusmagnum's rating: 1806 &rarr; <strong>1777<\/strong><br \/>(-29 for losing)\n|raw|02her0's rating: 1640 &rarr; <strong>1669<\/strong><br \/>(+29 for winning)\n|l|\u2606magnusmagnum\n|player|p1|\n|l|\u260602her0\n|player|p2|\n|l| futonkagebunshin\n","uploadtime":1729301580,"views":9,"formatid":"gen9vgc2024regh","rating":1669,"private":0,"password":null}