{"id":"gen9vgc2024regh-2226890557","format":"[Gen 9] VGC 2024 Reg H","players":["Federic_0","lmlmy"],"log":"|j|\u2606Federic_0\n|j|\u2606lmlmy\n|t:|1729417996\n|gametype|doubles\n|player|p1|Federic_0|ghetsis-gen5bw|1810\n|player|p2|lmlmy|skyla|1908\n|teamsize|p1|6\n|teamsize|p2|6\n|gen|9\n|tier|[Gen 9] VGC 2024 Reg H\n|rated|\n|rule|Species Clause: Limit one of each Pok\u00e9mon\n|rule|Item Clause: Limit 1 of each item\n|clearpoke\n|poke|p1|Whimsicott, L50, M|\n|poke|p1|Sneasler, L50, M|\n|poke|p1|Ceruledge, L50, M|\n|poke|p1|Hydreigon, L50, F|\n|poke|p1|Primarina, L50, F|\n|poke|p1|Rillaboom, L50, M|\n|poke|p2|Weavile, L50, M|\n|poke|p2|Pelipper, L50, M|\n|poke|p2|Gholdengo, L50|\n|poke|p2|Ursaluna-Bloodmoon, L50, M|\n|poke|p2|Dragonite, L50, M|\n|poke|p2|Archaludon, L50, M|\n|teampreview|4\n|inactive|Battle timer is ON: inactive players will automatically lose when time's up. (requested by lmlmy)\n|inactive|lmlmy has 60 seconds left.\n|\n|t:|1729418040\n|start\n|switch|p1a: Sneasler|Sneasler, L50, M|100\/100\n|switch|p1b: Ceruledge|Ceruledge, L50, M|100\/100\n|switch|p2a: Weavile|Weavile, L50, M|100\/100\n|switch|p2b: Dragonite|Dragonite, L50, M|100\/100\n|-ability|p2a: Weavile|Pressure\n|turn|1\n|j| Orcat\n|\n|t:|1729418053\n|move|p1a: Sneasler|Protect|p1a: Sneasler\n|-singleturn|p1a: Sneasler|Protect\n|move|p1b: Ceruledge|Protect|p1b: Ceruledge\n|-singleturn|p1b: Ceruledge|Protect\n|move|p2a: Weavile|Knock Off|p1b: Ceruledge\n|-activate|p1b: Ceruledge|move: Protect\n|move|p2b: Dragonite|Scale Shot|p1a: Sneasler\n|-activate|p1a: Sneasler|move: Protect\n|\n|upkeep\n|turn|2\n|\n|t:|1729418066\n|-terastallize|p1b: Ceruledge|Steel\n|move|p2a: Weavile|Knock Off|p1b: Ceruledge\n|-damage|p1b: Ceruledge|33\/100\n|-enditem|p1b: Ceruledge|Clear Amulet|[from] move: Knock Off|[of] p2a: Weavile\n|move|p1a: Sneasler|Coaching|p1b: Ceruledge\n|-boost|p1b: Ceruledge|atk|1\n|-boost|p1b: Ceruledge|def|1\n|move|p1b: Ceruledge|Bitter Blade|p2a: Weavile\n|-supereffective|p2a: Weavile\n|-enditem|p2a: Weavile|Focus Sash\n|-damage|p2a: Weavile|1\/100\n|-heal|p1b: Ceruledge|81\/100|[from] drain|[of] p2a: Weavile\n|move|p2b: Dragonite|Scale Shot|p1a: Sneasler\n|-damage|p1a: Sneasler|75\/100\n|-damage|p1a: Sneasler|52\/100\n|-damage|p1a: Sneasler|27\/100\n|-damage|p1a: Sneasler|1\/100\n|-damage|p1a: Sneasler|0 fnt\n|faint|p1a: Sneasler\n|-hitcount|p1: Sneasler|5\n|-unboost|p2b: Dragonite|def|1\n|-boost|p2b: Dragonite|spe|1\n|\n|upkeep\n|\n|t:|1729418088\n|switch|p1a: Rillaboom|Rillaboom, L50, M|100\/100\n|-fieldstart|move: Grassy Terrain|[from] ability: Grassy Surge|[of] p1a: Rillaboom\n|turn|3\n|\n|t:|1729418095\n|move|p1a: Rillaboom|Fake Out|p2b: Dragonite\n|-damage|p2b: Dragonite|91\/100\n|move|p2a: Weavile|Ice Spinner|p1a: Rillaboom\n|-supereffective|p1a: Rillaboom\n|-damage|p1a: Rillaboom|27\/100\n|-fieldend|move: Grassy Terrain\n|cant|p2b: Dragonite|flinch\n|move|p1b: Ceruledge|Poltergeist|p2b: Dragonite\n|-activate|p2b: Dragonite|move: Poltergeist|Loaded Dice\n|-damage|p2b: Dragonite|0 fnt\n|faint|p2b: Dragonite\n|\n|upkeep\n|\n|t:|1729418099\n|switch|p2b: Archaludon|Archaludon, L50, M|100\/100\n|turn|4\n|\n|t:|1729418121\n|move|p1b: Ceruledge|Shadow Sneak|p2a: Weavile\n|-resisted|p2a: Weavile\n|-damage|p2a: Weavile|0 fnt\n|faint|p2a: Weavile\n|move|p2b: Archaludon|Electro Shot||[still]\n|-prepare|p2b: Archaludon|Electro Shot\n|-boost|p2b: Archaludon|spa|1\n|-enditem|p2b: Archaludon|Power Herb\n|-anim|p2b: Archaludon|Electro Shot|p1b: Ceruledge\n|-damage|p1b: Ceruledge|0 fnt\n|faint|p1b: Ceruledge\n|move|p1a: Rillaboom|U-turn|p2b: Archaludon\n|-resisted|p2b: Archaludon\n|-damage|p2b: Archaludon|91\/100\n|j| SHELLLMEET\n|l| SHELLLMEET\n|\n|t:|1729418131\n|switch|p1a: Hydreigon|Hydreigon, L50, F|100\/100|[from] U-turn\n|\n|upkeep\n|\n|t:|1729418132\n|switch|p2a: Pelipper|Pelipper, L50, M|100\/100\n|switch|p1b: Rillaboom|Rillaboom, L50, M|27\/100\n|-weather|RainDance|[from] ability: Drizzle|[of] p2a: Pelipper\n|-fieldstart|move: Grassy Terrain|[from] ability: Grassy Surge|[of] p1b: Rillaboom\n|turn|5\n|\n|t:|1729418142\n|-terastallize|p2a: Pelipper|Ghost\n|move|p2b: Archaludon|Protect|p2b: Archaludon\n|-singleturn|p2b: Archaludon|Protect\n|move|p1b: Rillaboom|Fake Out|p2a: Pelipper\n|-immune|p2a: Pelipper\n|move|p2a: Pelipper|Icy Wind|p1a: Hydreigon|[spread] p1a,p1b\n|-supereffective|p1a: Hydreigon\n|-supereffective|p1b: Rillaboom\n|-damage|p1a: Hydreigon|75\/100\n|-damage|p1b: Rillaboom|15\/100\n|-unboost|p1a: Hydreigon|spe|1\n|-unboost|p1b: Rillaboom|spe|1\n|move|p1a: Hydreigon|Draco Meteor|p2b: Archaludon\n|-activate|p2b: Archaludon|move: Protect\n|\n|-weather|RainDance|[upkeep]\n|-heal|p2b: Archaludon|97\/100|[from] Grassy Terrain\n|-heal|p1b: Rillaboom|20\/100|[from] Grassy Terrain\n|upkeep\n|turn|6\n|\n|t:|1729418157\n|move|p2a: Pelipper|Icy Wind|p1a: Hydreigon|[spread] p1a,p1b\n|-supereffective|p1a: Hydreigon\n|-supereffective|p1b: Rillaboom\n|-damage|p1a: Hydreigon|48\/100\n|-damage|p1b: Rillaboom|7\/100\n|-unboost|p1a: Hydreigon|spe|1\n|-unboost|p1b: Rillaboom|spe|1\n|move|p2b: Archaludon|Flash Cannon|p1a: Hydreigon\n|-damage|p1a: Hydreigon|0 fnt\n|faint|p1a: Hydreigon\n|move|p1b: Rillaboom|Wood Hammer|p2a: Pelipper\n|-damage|p2a: Pelipper|3\/100\n|-damage|p1b: Rillaboom|0 fnt|[from] Recoil\n|faint|p1b: Rillaboom\n|\n|win|lmlmy\n|raw|Federic_0's rating: 1810 &rarr; <strong>1795<\/strong><br \/>(-15 for losing)\n|raw|lmlmy's rating: 1908 &rarr; <strong>1923<\/strong><br \/>(+15 for winning)\n|l|\u2606lmlmy\n|player|p2|\n|l|\u2606Federic_0\n|player|p1|\n","uploadtime":1729418408,"views":246,"formatid":"gen9vgc2024regh","rating":1795,"private":0,"password":null}