{"id":"gen9vgc2024regh-2226555065","format":"[Gen 9] VGC 2024 Reg H","players":["googer315","ryanplaytv"],"log":"|j|\u2606googer315\n|j|\u2606ryanplaytv\n|t:|1729369465\n|gametype|doubles\n|player|p1|googer315|1|1716\n|player|p2|ryanplaytv|hiker-gen4|1693\n|teamsize|p1|6\n|teamsize|p2|6\n|gen|9\n|tier|[Gen 9] VGC 2024 Reg H\n|rated|\n|rule|Species Clause: Limit one of each Pok\u00e9mon\n|rule|Item Clause: Limit 1 of each item\n|clearpoke\n|poke|p1|Dondozo, L50, F|\n|poke|p1|Tatsugiri, L50, F|\n|poke|p1|Glimmora, L50, F|\n|poke|p1|Maushold, L50|\n|poke|p1|Annihilape, L50, F|\n|poke|p1|Gholdengo, L50|\n|poke|p2|Dondozo, L50, M|\n|poke|p2|Tatsugiri, L50, F|\n|poke|p2|Dragonite, L50, M|\n|poke|p2|Kingambit, L50, M|\n|poke|p2|Annihilape, L50, M|\n|poke|p2|Clefable, L50, F|\n|teampreview|4\n|inactive|Battle timer is ON: inactive players will automatically lose when time's up. (requested by googer315)\n|j| drsithlord\n|inactive|ryanplaytv has 60 seconds left.\n|l| drsithlord\n|\n|t:|1729369508\n|start\n|switch|p1a: Gholdengo|Gholdengo, L50|100\/100\n|switch|p1b: Glimmora|Glimmora, L50, F|100\/100\n|switch|p2a: Annihilape|Annihilape, L50, M|100\/100\n|switch|p2b: Kingambit|Kingambit, L50, M|100\/100\n|turn|1\n|inactive|googer315 has 30 seconds left.\n|inactive|ryanplaytv has 30 seconds left.\n|inactive|googer315 has 20 seconds left.\n|\n|t:|1729369547\n|-terastallize|p1b: Glimmora|Ground\n|move|p2a: Annihilape|U-turn|p1a: Gholdengo\n|-resisted|p1a: Gholdengo\n|-damage|p1a: Gholdengo|96\/100\n|\n|t:|1729369552\n|switch|p2a: Dondozo|Dondozo, L50, M|100\/100|[from] U-turn\n|move|p1a: Gholdengo|Shadow Ball|p2a: Dondozo\n|-damage|p2a: Dondozo|52\/100\n|move|p1b: Glimmora|Earth Power|p2b: Kingambit\n|-supereffective|p2b: Kingambit\n|-damage|p2b: Kingambit|1\/100\n|move|p2b: Kingambit|Kowtow Cleave|p1a: Gholdengo\n|-supereffective|p1a: Gholdengo\n|-damage|p1a: Gholdengo|0 fnt\n|faint|p1a: Gholdengo\n|\n|-heal|p2a: Dondozo|58\/100|[from] item: Leftovers\n|upkeep\n|\n|t:|1729369568\n|switch|p1a: Dondozo|Dondozo, L50, F|100\/100\n|turn|2\n|\n|t:|1729369581\n|switch|p2b: Tatsugiri|Tatsugiri, L50, F|100\/100\n|-activate|p2b: Tatsugiri|ability: Commander|[of] p2a: Dondozo\n|-boost|p2a: Dondozo|atk|2\n|-boost|p2a: Dondozo|spa|2\n|-boost|p2a: Dondozo|spe|2\n|-boost|p2a: Dondozo|def|2\n|-boost|p2a: Dondozo|spd|2\n|move|p1b: Glimmora|Spiky Shield|p1b: Glimmora\n|-singleturn|p1b: Glimmora|move: Protect\n|move|p2a: Dondozo|Wave Crash|p1b: Glimmora\n|-activate|p1b: Glimmora|move: Protect\n|-damage|p2a: Dondozo|46\/100|[from] Spiky Shield|[of] p1b: Glimmora\n|move|p1a: Dondozo|Earthquake|p2b: Tatsugiri|[spread] p2a\n|-miss|p1a: Dondozo|p2b: Tatsugiri\n|-activate|p1b: Glimmora|move: Protect\n|-damage|p2a: Dondozo|30\/100\n|\n|-heal|p2a: Dondozo|36\/100|[from] item: Leftovers\n|upkeep\n|turn|3\n|\n|t:|1729369603\n|switch|p1b: Tatsugiri|Tatsugiri, L50, F|100\/100\n|-activate|p1b: Tatsugiri|ability: Commander|[of] p1a: Dondozo\n|-boost|p1a: Dondozo|atk|2\n|-boost|p1a: Dondozo|spa|2\n|-boost|p1a: Dondozo|spe|2\n|-boost|p1a: Dondozo|def|2\n|-boost|p1a: Dondozo|spd|2\n|move|p2a: Dondozo|Wave Crash|p1b: Tatsugiri|[miss]\n|-miss|p2a: Dondozo|p1b: Tatsugiri\n|move|p1a: Dondozo|Order Up|p2a: Dondozo\n|-damage|p2a: Dondozo|21\/100\n|-boost|p1a: Dondozo|atk|1\n|\n|-heal|p2a: Dondozo|27\/100|[from] item: Leftovers\n|upkeep\n|turn|4\n|\n|t:|1729369618\n|move|p2a: Dondozo|Order Up|p1a: Dondozo\n|-damage|p1a: Dondozo|82\/100\n|-boost|p2a: Dondozo|atk|1\n|move|p1a: Dondozo|Order Up|p2a: Dondozo\n|-damage|p2a: Dondozo|11\/100\n|-boost|p1a: Dondozo|atk|1\n|\n|-heal|p2a: Dondozo|17\/100|[from] item: Leftovers\n|-heal|p1a: Dondozo|88\/100|[from] item: Leftovers\n|upkeep\n|turn|5\n|\n|t:|1729369629\n|move|p1a: Dondozo|Protect|p1a: Dondozo\n|-singleturn|p1a: Dondozo|Protect\n|move|p2a: Dondozo|Order Up|p1a: Dondozo\n|-activate|p1a: Dondozo|move: Protect\n|\n|-heal|p2a: Dondozo|23\/100|[from] item: Leftovers\n|-heal|p1a: Dondozo|95\/100|[from] item: Leftovers\n|upkeep\n|turn|6\n|\n|t:|1729369645\n|move|p2a: Dondozo|Order Up|p1a: Dondozo\n|-damage|p1a: Dondozo|78\/100\n|-boost|p2a: Dondozo|atk|1\n|move|p1a: Dondozo|Order Up|p2a: Dondozo\n|-damage|p2a: Dondozo|7\/100\n|-boost|p1a: Dondozo|atk|1\n|\n|-heal|p2a: Dondozo|13\/100|[from] item: Leftovers\n|-heal|p1a: Dondozo|84\/100|[from] item: Leftovers\n|upkeep\n|turn|7\n|\n|t:|1729369655\n|move|p1a: Dondozo|Protect|p1a: Dondozo\n|-singleturn|p1a: Dondozo|Protect\n|move|p2a: Dondozo|Order Up|p1a: Dondozo\n|-activate|p1a: Dondozo|move: Protect\n|\n|-heal|p2a: Dondozo|19\/100|[from] item: Leftovers\n|-heal|p1a: Dondozo|90\/100|[from] item: Leftovers\n|upkeep\n|turn|8\n|\n|t:|1729369665\n|move|p2a: Dondozo|Order Up|p1a: Dondozo\n|-damage|p1a: Dondozo|73\/100\n|-boost|p2a: Dondozo|atk|1\n|move|p1a: Dondozo|Order Up|p2a: Dondozo\n|-damage|p2a: Dondozo|2\/100\n|-boost|p1a: Dondozo|atk|1\n|\n|-heal|p2a: Dondozo|8\/100|[from] item: Leftovers\n|-heal|p1a: Dondozo|80\/100|[from] item: Leftovers\n|upkeep\n|turn|9\n|\n|t:|1729369677\n|move|p2a: Dondozo|Order Up|p1a: Dondozo\n|-damage|p1a: Dondozo|64\/100\n|-boost|p2a: Dondozo|atk|1\n|move|p1a: Dondozo|Order Up|p2a: Dondozo\n|-damage|p2a: Dondozo|0 fnt\n|faint|p2a: Dondozo\n|-boost|p1a: Dondozo|atk|0\n|\n|-heal|p1a: Dondozo|70\/100|[from] item: Leftovers\n|upkeep\n|\n|t:|1729369683\n|switch|p2a: Annihilape|Annihilape, L50, M|100\/100\n|turn|10\n|\n|t:|1729369693\n|move|p1a: Dondozo|Protect|p1a: Dondozo\n|-singleturn|p1a: Dondozo|Protect\n|move|p2a: Annihilape|Final Gambit|p1a: Dondozo\n|-activate|p1a: Dondozo|move: Protect\n|move|p2b: Tatsugiri|Dragon Pulse|p1b: Tatsugiri|[miss]\n|-miss|p2b: Tatsugiri|p1b: Tatsugiri\n|\n|-heal|p1a: Dondozo|76\/100|[from] item: Leftovers\n|upkeep\n|turn|11\n|\n|t:|1729369704\n|move|p2a: Annihilape|Final Gambit|p1a: Dondozo\n|-damage|p1a: Dondozo|0 fnt\n|faint|p2a: Annihilape\n|faint|p1a: Dondozo\n|move|p2b: Tatsugiri|Dragon Pulse|p1b: Tatsugiri\n|-supereffective|p1b: Tatsugiri\n|-damage|p1b: Tatsugiri|0 fnt\n|faint|p1b: Tatsugiri\n|\n|upkeep\n|\n|t:|1729369715\n|switch|p2a: Kingambit|Kingambit, L50, M|1\/100\n|switch|p1a: Glimmora|Glimmora, L50, F, tera:Ground|100\/100\n|turn|12\n|\n|t:|1729369722\n|-terastallize|p2b: Tatsugiri|Water\n|move|p1a: Glimmora|Spiky Shield|p1a: Glimmora\n|-singleturn|p1a: Glimmora|move: Protect\n|move|p2a: Kingambit|Sucker Punch||[still]\n|-fail|p2a: Kingambit\n|move|p2b: Tatsugiri|Muddy Water|p1a: Glimmora\n|-activate|p1a: Glimmora|move: Protect\n|\n|upkeep\n|turn|13\n|\n|t:|1729369734\n|move|p2a: Kingambit|Sucker Punch|p1a: Glimmora\n|-damage|p1a: Glimmora|39\/100\n|-activate|p1a: Glimmora|ability: Toxic Debris\n|-sidestart|p2: ryanplaytv|move: Toxic Spikes\n|move|p1a: Glimmora|Earth Power|p2b: Tatsugiri\n|-damage|p2b: Tatsugiri|38\/100\n|move|p2b: Tatsugiri|Muddy Water|p1a: Glimmora\n|-supereffective|p1a: Glimmora\n|-damage|p1a: Glimmora|0 fnt\n|faint|p1a: Glimmora\n|\n|win|ryanplaytv\n|raw|googer315's rating: 1716 &rarr; <strong>1695<\/strong><br \/>(-21 for losing)\n|raw|ryanplaytv's rating: 1693 &rarr; <strong>1714<\/strong><br \/>(+21 for winning)\n|l|\u2606googer315\n|player|p1|\n|l|\u2606ryanplaytv\n|player|p2|\n","uploadtime":1729369938,"views":10,"formatid":"gen9vgc2024regh","rating":1695,"private":0,"password":null}