{"id":"gen9vgc2024regh-2226612110","format":"[Gen 9] VGC 2024 Reg H","players":["localdealerr","BigSalta"],"log":"|j|\u2606localdealerr\n|j|\u2606BigSalta\n|t:|1729375948\n|gametype|doubles\n|player|p1|localdealerr|102|1669\n|player|p2|BigSalta|cynthia|1785\n|teamsize|p1|6\n|teamsize|p2|6\n|gen|9\n|tier|[Gen 9] VGC 2024 Reg H\n|rated|\n|rule|Species Clause: Limit one of each Pok\u00e9mon\n|rule|Item Clause: Limit 1 of each item\n|clearpoke\n|poke|p1|Weezing-Galar, L50, M|\n|poke|p1|Garchomp, L50, M|\n|poke|p1|Dragonite, L50, F|\n|poke|p1|Ninetales-Alola, L50, F|\n|poke|p1|Incineroar, L50, M|\n|poke|p1|Decidueye-Hisui, L50, M|\n|poke|p2|Porygon2, L50|\n|poke|p2|Sneasler, L50, M|\n|poke|p2|Gholdengo, L50|\n|poke|p2|Amoonguss, L50, F|\n|poke|p2|Garchomp, L50, M|\n|poke|p2|Incineroar, L50, M|\n|teampreview|4\n|j| deathly pants\n|\n|t:|1729376023\n|start\n|switch|p1a: Ronin|Decidueye-Hisui, L50, M, shiny|100\/100\n|switch|p1b: Tomahawk|Garchomp, L50, M, shiny|100\/100\n|switch|p2a: Sneasler|Sneasler, L50, M|100\/100\n|switch|p2b: Porygon2|Porygon2, L50|100\/100\n|-ability|p2b: Porygon2|Download|boost\n|-boost|p2b: Porygon2|atk|1\n|turn|1\n|\n|t:|1729376050\n|switch|p2a: Incineroar|Incineroar, L50, M|100\/100\n|-ability|p2a: Incineroar|Intimidate|boost\n|-fail|p1a: Ronin|unboost|Attack|[from] ability: Scrappy|[of] p1a: Ronin\n|-unboost|p1b: Tomahawk|atk|1\n|-terastallize|p2b: Porygon2|Ground\n|move|p1b: Tomahawk|Stomping Tantrum|p2a: Incineroar\n|-supereffective|p2a: Incineroar\n|-damage|p2a: Incineroar|45\/100\n|-damage|p1b: Tomahawk|91\/100|[from] item: Life Orb\n|move|p1a: Ronin|Triple Arrows|p2b: Porygon2\n|-damage|p2b: Porygon2|75\/100\n|-unboost|p2b: Porygon2|def|1\n|move|p2b: Porygon2|Trick Room|p2b: Porygon2\n|-fieldstart|move: Trick Room|[of] p2b: Porygon2\n|\n|upkeep\n|turn|2\n|\n|t:|1729376087\n|switch|p1b: RKO|Incineroar, L50, M, shiny|100\/100\n|-ability|p1b: RKO|Intimidate|boost\n|-unboost|p2a: Incineroar|atk|1\n|-unboost|p2b: Porygon2|atk|1\n|-terastallize|p1a: Ronin|Fire\n|move|p2a: Incineroar|Flare Blitz|p1a: Ronin\n|-resisted|p1a: Ronin\n|-damage|p1a: Ronin|82\/100\n|-damage|p2a: Incineroar|39\/100|[from] Recoil\n|move|p2b: Porygon2|Ice Beam|p1b: RKO\n|-resisted|p1b: RKO\n|-damage|p1b: RKO|89\/100\n|move|p1a: Ronin|Triple Arrows|p2a: Incineroar\n|-supereffective|p2a: Incineroar\n|-damage|p2a: Incineroar|0 fnt\n|faint|p2a: Incineroar\n|\n|upkeep\n|\n|t:|1729376095\n|switch|p2a: Gholdengo|Gholdengo, L50|100\/100\n|turn|3\n|\n|t:|1729376117\n|move|p1b: RKO|Fake Out|p2b: Porygon2\n|-damage|p2b: Porygon2|66\/100\n|cant|p2b: Porygon2|flinch\n|move|p1a: Ronin|Triple Arrows|p2a: Gholdengo\n|-supereffective|p2a: Gholdengo\n|-damage|p2a: Gholdengo|27\/100\n|-unboost|p2a: Gholdengo|def|1\n|move|p2a: Gholdengo|Shadow Ball|p1a: Ronin\n|-damage|p1a: Ronin|47\/100\n|-damage|p2a: Gholdengo|18\/100|[from] item: Life Orb\n|\n|upkeep\n|turn|4\n|\n|t:|1729376141\n|switch|p1a: Tomahawk|Garchomp, L50, M, shiny|91\/100\n|move|p2b: Porygon2|Tera Blast|p1a: Tomahawk|[anim] Tera Blast Ground\n|-damage|p1a: Tomahawk|48\/100\n|move|p1b: RKO|Knock Off|p2b: Porygon2\n|-damage|p2b: Porygon2|33\/100\n|-enditem|p2b: Porygon2|Eviolite|[from] move: Knock Off|[of] p1b: RKO\n|move|p2a: Gholdengo|Nasty Plot|p2a: Gholdengo\n|-boost|p2a: Gholdengo|spa|2\n|\n|upkeep\n|turn|5\n|\n|t:|1729376164\n|switch|p2b: Sneasler|Sneasler, L50, M|100\/100\n|move|p2a: Gholdengo|Protect|p2a: Gholdengo\n|-singleturn|p2a: Gholdengo|Protect\n|move|p1a: Tomahawk|Protect|p1a: Tomahawk\n|-singleturn|p1a: Tomahawk|Protect\n|move|p1b: RKO|Flare Blitz|p2b: Sneasler\n|-damage|p2b: Sneasler|24\/100\n|-damage|p1b: RKO|70\/100|[from] Recoil\n|\n|-fieldend|move: Trick Room\n|upkeep\n|turn|6\n|\n|t:|1729376206\n|switch|p1a: Ronin|Decidueye-Hisui, L50, M, shiny, tera:Fire|47\/100\n|move|p2b: Sneasler|Close Combat|p1a: Ronin\n|-damage|p1a: Ronin|0 fnt\n|-unboost|p2b: Sneasler|def|1\n|-unboost|p2b: Sneasler|spd|1\n|faint|p1a: Ronin\n|move|p2a: Gholdengo|Make It Rain|p1b: RKO\n|-resisted|p1b: RKO\n|-damage|p1b: RKO|0 fnt\n|-unboost|p2a: Gholdengo|spa|1\n|faint|p1b: RKO\n|-damage|p2a: Gholdengo|8\/100|[from] item: Life Orb\n|\n|upkeep\n|\n|t:|1729376219\n|switch|p1a: Tomahawk|Garchomp, L50, M, shiny|48\/100\n|switch|p1b: Terrifying|Dragonite, L50, F, shiny|100\/100\n|turn|7\n|\n|t:|1729376242\n|move|p2b: Sneasler|Protect|p2b: Sneasler\n|-singleturn|p2b: Sneasler|Protect\n|move|p1b: Terrifying|Extreme Speed|p2b: Sneasler\n|-activate|p2b: Sneasler|move: Protect\n|move|p1a: Tomahawk|Stomping Tantrum|p2a: Gholdengo\n|-supereffective|p2a: Gholdengo\n|-damage|p2a: Gholdengo|0 fnt\n|faint|p2a: Gholdengo\n|-damage|p1a: Tomahawk|38\/100|[from] item: Life Orb\n|\n|upkeep\n|\n|t:|1729376247\n|switch|p2a: Porygon2|Porygon2, L50, tera:Ground|33\/100\n|-ability|p2a: Porygon2|Download|boost\n|-boost|p2a: Porygon2|spa|1\n|turn|8\n|\n|t:|1729376258\n|move|p2b: Sneasler|Protect||[still]\n|-fail|p2b: Sneasler\n|move|p1b: Terrifying|Extreme Speed|p2b: Sneasler\n|-damage|p2b: Sneasler|0 fnt\n|faint|p2b: Sneasler\n|move|p1a: Tomahawk|Earthquake|p2a: Porygon2|[spread] p2a\n|-immune|p1b: Terrifying\n|-crit|p2a: Porygon2\n|-damage|p2a: Porygon2|0 fnt\n|faint|p2a: Porygon2\n|-damage|p1a: Tomahawk|28\/100|[from] item: Life Orb\n|\n|win|localdealerr\n|raw|localdealerr's rating: 1669 &rarr; <strong>1695<\/strong><br \/>(+26 for winning)\n|raw|BigSalta's rating: 1785 &rarr; <strong>1759<\/strong><br \/>(-26 for losing)\n|l|\u2606localdealerr\n|player|p1|\n|l|\u2606BigSalta\n|player|p2|\n|l| deathly pants\n","uploadtime":1729376264,"views":11,"formatid":"gen9vgc2024regh","rating":1695,"private":0,"password":null}