{"id":"gen9vgc2024regh-2226060689","format":"[Gen 9] VGC 2024 Reg H","players":["tyuiop112","magnusmagnum"],"log":"|j|\u2606tyuiop112\n|j|\u2606magnusmagnum\n|t:|1729299346\n|gametype|doubles\n|player|p1|tyuiop112|linebacker|1824\n|player|p2|magnusmagnum|170|1821\n|teamsize|p1|6\n|teamsize|p2|6\n|gen|9\n|tier|[Gen 9] VGC 2024 Reg H\n|rated|\n|rule|Species Clause: Limit one of each Pok\u00e9mon\n|rule|Item Clause: Limit 1 of each item\n|clearpoke\n|poke|p1|Incineroar, L50, F|\n|poke|p1|Gholdengo, L50|\n|poke|p1|Rillaboom, L50, M|\n|poke|p1|Dragonite, L50, M|\n|poke|p1|Ursaluna-Bloodmoon, L50, M|\n|poke|p1|Annihilape, L50, M|\n|poke|p2|Sneasler, L50, F|\n|poke|p2|Mimikyu, L50, F|\n|poke|p2|Ursaluna-Bloodmoon, L50, M|\n|poke|p2|Garchomp, L50, M|\n|poke|p2|Rillaboom, L50, F|\n|poke|p2|Gholdengo, L50|\n|teampreview|4\n|j| Derpdot\n|j| bjvgc1\n|\n|t:|1729299404\n|start\n|switch|p1a: Incineroar|Incineroar, L50, F|100\/100\n|switch|p1b: Dragonite|Dragonite, L50, M|100\/100\n|switch|p2a: Sneasler|Sneasler, L50, F|100\/100\n|switch|p2b: Mimikyu|Mimikyu, L50, F|100\/100\n|-ability|p1a: Incineroar|Intimidate|boost\n|-unboost|p2a: Sneasler|atk|1\n|-unboost|p2b: Mimikyu|atk|1\n|turn|1\n|\n|t:|1729299432\n|move|p2a: Sneasler|Fake Out|p1b: Dragonite\n|-damage|p1b: Dragonite|95\/100\n|move|p2b: Mimikyu|Play Rough|p1b: Dragonite\n|-supereffective|p1b: Dragonite\n|-damage|p1b: Dragonite|28\/100\n|-damage|p2b: Mimikyu|91\/100|[from] item: Life Orb\n|cant|p1b: Dragonite|flinch\n|move|p1a: Incineroar|Knock Off|p2b: Mimikyu\n|-activate|p2b: Mimikyu|ability: Disguise\n|-damage|p2b: Mimikyu|91\/100\n|-enditem|p2b: Mimikyu|Life Orb|[from] move: Knock Off|[of] p1a: Incineroar\n|detailschange|p2b: Mimikyu|Mimikyu-Busted, L50, F\n|-damage|p2b: Mimikyu|78\/100|[from] pokemon: Mimikyu-Busted\n|\n|upkeep\n|turn|2\n|j| Samevgcmons\n|\n|t:|1729299468\n|switch|p1b: Gholdengo|Gholdengo, L50|100\/100\n|move|p2a: Sneasler|Close Combat|p1a: Incineroar\n|-supereffective|p1a: Incineroar\n|-damage|p1a: Incineroar|44\/100\n|-unboost|p2a: Sneasler|def|1\n|-unboost|p2a: Sneasler|spd|1\n|move|p2b: Mimikyu|Play Rough|p1b: Gholdengo\n|-resisted|p1b: Gholdengo\n|-damage|p1b: Gholdengo|88\/100\n|move|p1a: Incineroar|Flare Blitz|p2a: Sneasler\n|-enditem|p2a: Sneasler|Focus Sash\n|-damage|p2a: Sneasler|1\/100\n|-damage|p1a: Incineroar|19\/100|[from] Recoil\n|\n|upkeep\n|turn|3\n|\n|t:|1729299504\n|switch|p2b: Garchomp|Garchomp, L50, M|100\/100\n|switch|p1a: Dragonite|Dragonite, L50, M|28\/100\n|move|p2a: Sneasler|Close Combat|p1a: Dragonite\n|-resisted|p1a: Dragonite\n|-damage|p1a: Dragonite|6\/100\n|-unboost|p2a: Sneasler|def|1\n|-unboost|p2a: Sneasler|spd|1\n|move|p1b: Gholdengo|Make It Rain|p2b: Garchomp|[spread] p2a,p2b\n|-crit|p2a: Sneasler\n|-damage|p2a: Sneasler|0 fnt\n|-damage|p2b: Garchomp|45\/100\n|-unboost|p1b: Gholdengo|spa|1\n|faint|p2a: Sneasler\n|-damage|p1b: Gholdengo|78\/100|[from] item: Life Orb\n|\n|upkeep\n|\n|t:|1729299522\n|switch|p2a: Mimikyu|Mimikyu-Busted, L50, F|78\/100\n|turn|4\n|\n|t:|1729299574\n|move|p1b: Gholdengo|Protect|p1b: Gholdengo\n|-singleturn|p1b: Gholdengo|Protect\n|move|p2b: Garchomp|Rock Slide|p1b: Gholdengo|[spread] \n|-activate|p1b: Gholdengo|move: Protect\n|-miss|p2b: Garchomp|p1a: Dragonite\n|move|p2a: Mimikyu|Shadow Claw|p1b: Gholdengo\n|-activate|p1b: Gholdengo|move: Protect\n|move|p1a: Dragonite|Tailwind|p1a: Dragonite\n|-sidestart|p1: tyuiop112|move: Tailwind\n|\n|upkeep\n|turn|5\n|j| futonkagebunshin\n|c|\u2606magnusmagnum|f\n|l| Derpdot\n|\n|t:|1729299621\n|switch|p2b: Ursaluna|Ursaluna-Bloodmoon, L50, M|100\/100\n|-terastallize|p2a: Mimikyu|Ghost\n|move|p1b: Gholdengo|Make It Rain|p2b: Ursaluna|[spread] p2a,p2b\n|-damage|p2a: Mimikyu|30\/100\n|-damage|p2b: Ursaluna|73\/100\n|-unboost|p1b: Gholdengo|spa|1\n|-damage|p1b: Gholdengo|69\/100|[from] item: Life Orb\n|move|p1a: Dragonite|Haze|p1a: Dragonite\n|-clearallboost\n|move|p2a: Mimikyu|Trick Room|p2a: Mimikyu\n|-fieldstart|move: Trick Room|[of] p2a: Mimikyu\n|\n|upkeep\n|turn|6\n|\n|t:|1729299654\n|move|p1b: Gholdengo|Protect|p1b: Gholdengo\n|-singleturn|p1b: Gholdengo|Protect\n|move|p2a: Mimikyu|Shadow Sneak|p1b: Gholdengo\n|-activate|p1b: Gholdengo|move: Protect\n|move|p2b: Ursaluna|Hyper Voice|p1b: Gholdengo|[spread] p1a\n|-activate|p1b: Gholdengo|move: Protect\n|-damage|p1a: Dragonite|0 fnt\n|faint|p1a: Dragonite\n|\n|upkeep\n|\n|t:|1729299666\n|switch|p1a: Ursaluna|Ursaluna-Bloodmoon, L50, M|100\/100\n|turn|7\n|\n|t:|1729299709\n|switch|p1b: Incineroar|Incineroar, L50, F|19\/100\n|-ability|p1b: Incineroar|Intimidate|boost\n|-unboost|p2a: Mimikyu|atk|1\n|-unboost|p2b: Ursaluna|atk|1\n|-terastallize|p1a: Ursaluna|Normal\n|move|p2b: Ursaluna|Blood Moon|p1a: Ursaluna\n|-damage|p1a: Ursaluna|45\/100\n|move|p2a: Mimikyu|Shadow Claw|p1b: Incineroar\n|-resisted|p1b: Incineroar\n|-damage|p1b: Incineroar|9\/100\n|move|p1a: Ursaluna|Blood Moon|p2b: Ursaluna\n|-damage|p2b: Ursaluna|4\/100\n|\n|-sideend|p1: tyuiop112|move: Tailwind\n|upkeep\n|turn|8\n|\n|t:|1729299742\n|switch|p2b: Garchomp|Garchomp, L50, M|45\/100\n|move|p1a: Ursaluna|Vacuum Wave|p2b: Garchomp\n|-damage|p2b: Garchomp|30\/100\n|move|p1b: Incineroar|Knock Off|p2a: Mimikyu\n|-supereffective|p2a: Mimikyu\n|-damage|p2a: Mimikyu|0 fnt\n|faint|p2a: Mimikyu\n|\n|upkeep\n|\n|t:|1729299750\n|switch|p2a: Ursaluna|Ursaluna-Bloodmoon, L50, M|4\/100\n|turn|9\n|inactive|Battle timer is ON: inactive players will automatically lose when time's up. (requested by magnusmagnum)\n|\n|t:|1729299781\n|move|p2a: Ursaluna|Vacuum Wave|p1a: Ursaluna\n|-supereffective|p1a: Ursaluna\n|-damage|p1a: Ursaluna|24\/100\n|move|p1a: Ursaluna|Vacuum Wave|p2a: Ursaluna\n|-supereffective|p2a: Ursaluna\n|-damage|p2a: Ursaluna|0 fnt\n|faint|p2a: Ursaluna\n|move|p1b: Incineroar|Knock Off|p2b: Garchomp\n|-damage|p2b: Garchomp|0 fnt\n|-damage|p1b: Incineroar|0 fnt|[from] ability: Rough Skin|[of] p2b: Garchomp\n|faint|p2b: Garchomp\n|faint|p1b: Incineroar\n|\n|win|tyuiop112\n|raw|tyuiop112's rating: 1824 &rarr; <strong>1844<\/strong><br \/>(+20 for winning)\n|raw|magnusmagnum's rating: 1821 &rarr; <strong>1801<\/strong><br \/>(-20 for losing)\n|l|\u2606tyuiop112\n|player|p1|\n|l|\u2606magnusmagnum\n|player|p2|\n|l| Samevgcmons\n|l| futonkagebunshin\n|l| bjvgc1\n|j| futonkagebunshin\n","uploadtime":1729299946,"views":65,"formatid":"gen9vgc2024regh","rating":1801,"private":0,"password":null}