{"id":"gen9vgc2024regh-2226369610","format":"[Gen 9] VGC 2024 Reg H","players":["coke calatrava","lmlmy"],"log":"|j|\u2606coke calatrava\n|j|\u2606lmlmy\n|t:|1729349149\n|gametype|doubles\n|player|p1|coke calatrava|265|1699\n|player|p2|lmlmy|skyla|1751\n|teamsize|p1|6\n|teamsize|p2|6\n|gen|9\n|tier|[Gen 9] VGC 2024 Reg H\n|rated|\n|rule|Species Clause: Limit one of each Pok\u00e9mon\n|rule|Item Clause: Limit 1 of each item\n|clearpoke\n|poke|p1|Indeedee-F, L50, F|\n|poke|p1|Armarouge, L50, M|\n|poke|p1|Torkoal, L50, M|\n|poke|p1|Ursaluna, L50, F|\n|poke|p1|Hatterene, L50, F|\n|poke|p1|Annihilape, L50, F|\n|poke|p2|Weavile, L50, M|\n|poke|p2|Pelipper, L50, M|\n|poke|p2|Gholdengo, L50|\n|poke|p2|Ursaluna-Bloodmoon, L50, M|\n|poke|p2|Dragonite, L50, F|\n|poke|p2|Archaludon, L50, M|\n|teampreview|4\n|inactive|Battle timer is ON: inactive players will automatically lose when time's up. (requested by lmlmy)\n|j| locrenel\n|inactive|coke calatrava has 60 seconds left.\n|\n|t:|1729349187\n|start\n|switch|p1a: Armarouge|Armarouge, L50, M|100\/100\n|switch|p1b: Indeedee|Indeedee-F, L50, F|100\/100\n|switch|p2a: Weavile|Weavile, L50, M|100\/100\n|switch|p2b: Ursaluna|Ursaluna-Bloodmoon, L50, M|100\/100\n|-ability|p2a: Weavile|Pressure\n|-fieldstart|move: Psychic Terrain|[from] ability: Psychic Surge|[of] p1b: Indeedee\n|turn|1\n|\n|t:|1729349203\n|-terastallize|p1a: Armarouge|Grass\n|move|p1b: Indeedee|Follow Me|p1b: Indeedee\n|-singleturn|p1b: Indeedee|move: Follow Me\n|move|p2a: Weavile|Ice Spinner|p1b: Indeedee\n|-damage|p1b: Indeedee|58\/100\n|-damage|p2a: Weavile|84\/100|[from] item: Rocky Helmet|[of] p1b: Indeedee\n|-fieldend|move: Psychic Terrain\n|move|p2b: Ursaluna|Hyper Voice|p1b: Indeedee|[spread] p1a,p1b\n|-crit|p1b: Indeedee\n|-damage|p1a: Armarouge|62\/100\n|-damage|p1b: Indeedee|10\/100\n|move|p1a: Armarouge|Trick Room|p1a: Armarouge\n|-fieldstart|move: Trick Room|[of] p1a: Armarouge\n|\n|upkeep\n|turn|2\n|\n|t:|1729349218\n|switch|p1b: Ursaluna|Ursaluna, L50, F|100\/100\n|move|p2a: Weavile|Ice Shard|p1a: Armarouge\n|-supereffective|p1a: Armarouge\n|-damage|p1a: Armarouge|23\/100\n|move|p1a: Armarouge|Meteor Beam||[still]\n|-prepare|p1a: Armarouge|Meteor Beam\n|-boost|p1a: Armarouge|spa|1\n|-enditem|p1a: Armarouge|Power Herb\n|-anim|p1a: Armarouge|Meteor Beam|p2a: Weavile\n|-supereffective|p2a: Weavile\n|-damage|p2a: Weavile|0 fnt\n|faint|p2a: Weavile\n|move|p2b: Ursaluna|Hyper Voice|p1b: Ursaluna|[spread] p1a,p1b\n|-damage|p1a: Armarouge|0 fnt\n|-damage|p1b: Ursaluna|72\/100\n|faint|p1a: Armarouge\n|\n|-status|p1b: Ursaluna|brn|[from] item: Flame Orb\n|upkeep\n|\n|t:|1729349237\n|switch|p1a: Indeedee|Indeedee-F, L50, F|10\/100\n|switch|p2a: Archaludon|Archaludon, L50, M|100\/100\n|-fieldstart|move: Psychic Terrain|[from] ability: Psychic Surge|[of] p1a: Indeedee\n|turn|3\n|l| locrenel\n|\n|t:|1729349257\n|-terastallize|p2b: Ursaluna|Ghost\n|move|p2a: Archaludon|Protect|p2a: Archaludon\n|-singleturn|p2a: Archaludon|Protect\n|move|p1b: Ursaluna|Facade|p2b: Ursaluna\n|-immune|p2b: Ursaluna\n|move|p2b: Ursaluna|Hyper Voice|p1a: Indeedee|[spread] p1a,p1b\n|-damage|p1a: Indeedee|0 fnt\n|-damage|p1b: Ursaluna|41\/100 brn\n|faint|p1a: Indeedee\n|\n|-damage|p1b: Ursaluna|35\/100 brn|[from] brn\n|upkeep\n|\n|t:|1729349261\n|switch|p1a: Torkoal|Torkoal, L50, M|100\/100\n|-weather|SunnyDay|[from] ability: Drought|[of] p1a: Torkoal\n|turn|4\n|\n|t:|1729349270\n|switch|p2a: Pelipper|Pelipper, L50, M|100\/100\n|-weather|RainDance|[from] ability: Drizzle|[of] p2a: Pelipper\n|move|p1a: Torkoal|Eruption|p2b: Ursaluna|[spread] p2a,p2b\n|-resisted|p2a: Pelipper\n|-damage|p2a: Pelipper|75\/100\n|-damage|p2b: Ursaluna|82\/100\n|move|p1b: Ursaluna|Headlong Rush|p2a: Pelipper\n|-immune|p2a: Pelipper\n|move|p2b: Ursaluna|Hyper Voice|p1b: Ursaluna|[spread] p1a,p1b\n|-damage|p1a: Torkoal|48\/100\n|-damage|p1b: Ursaluna|5\/100 brn\n|\n|-weather|RainDance|[upkeep]\n|-damage|p1b: Ursaluna|0 fnt|[from] brn\n|faint|p1b: Ursaluna\n|upkeep\n|turn|5\n|-message|coke calatrava forfeited.\n|\n|win|lmlmy\n|raw|coke calatrava's rating: 1699 &rarr; <strong>1682<\/strong><br \/>(-17 for losing)\n|raw|lmlmy's rating: 1751 &rarr; <strong>1768<\/strong><br \/>(+17 for winning)\n|l|\u2606coke calatrava\n|player|p1|\n|l|\u2606lmlmy\n|player|p2|\n","uploadtime":1729349459,"views":88,"formatid":"gen9vgc2024regh","rating":1682,"private":0,"password":null}