{"id":"gen9vgc2024regh-2226898094","format":"[Gen 9] VGC 2024 Reg H","players":["IDKWHATTODOANYMORE","Federic_0"],"log":"|j|\u2606IDKWHATTODOANYMORE\n|j|\u2606Federic_0\n|t:|1729419386\n|gametype|doubles\n|player|p1|IDKWHATTODOANYMORE|steven|1705\n|player|p2|Federic_0|ghetsis-gen5bw|1695\n|teamsize|p1|6\n|teamsize|p2|6\n|gen|9\n|tier|[Gen 9] VGC 2024 Reg H\n|rated|\n|rule|Species Clause: Limit one of each Pok\u00e9mon\n|rule|Item Clause: Limit 1 of each item\n|clearpoke\n|poke|p1|Excadrill, L50, M|\n|poke|p1|Tyranitar, L50, M|\n|poke|p1|Kommo-o, L50, M|\n|poke|p1|Indeedee, L50, M|\n|poke|p1|Corviknight, L50, M|\n|poke|p1|Samurott-Hisui, L50, M|\n|poke|p2|Whimsicott, L50, M|\n|poke|p2|Sneasler, L50, F|\n|poke|p2|Ceruledge, L50, M|\n|poke|p2|Hydreigon, L50, F|\n|poke|p2|Primarina, L50, F|\n|poke|p2|Rillaboom, L50, F|\n|teampreview|4\n|inactive|Battle timer is ON: inactive players will automatically lose when time's up. (requested by IDKWHATTODOANYMORE)\n|\n|t:|1729419411\n|start\n|switch|p1a: Cheerios|Tyranitar, L50, M, shiny|100\/100\n|switch|p1b: Lucky Charms|Excadrill, L50, M, shiny|100\/100\n|switch|p2a: Sneasler|Sneasler, L50, F|100\/100\n|switch|p2b: Ceruledge|Ceruledge, L50, M|100\/100\n|-weather|Sandstorm|[from] ability: Sand Stream|[of] p1a: Cheerios\n|turn|1\n|\n|t:|1729419434\n|-terastallize|p1a: Cheerios|Flying\n|move|p2b: Ceruledge|Protect|p2b: Ceruledge\n|-singleturn|p2b: Ceruledge|Protect\n|move|p1b: Lucky Charms|High Horsepower|p2a: Sneasler\n|-supereffective|p2a: Sneasler\n|-enditem|p2a: Sneasler|Focus Sash\n|-damage|p2a: Sneasler|1\/100\n|move|p2a: Sneasler|Close Combat|p1b: Lucky Charms\n|-supereffective|p1b: Lucky Charms\n|-enditem|p1b: Lucky Charms|Focus Sash\n|-damage|p1b: Lucky Charms|1\/100\n|-unboost|p2a: Sneasler|def|1\n|-unboost|p2a: Sneasler|spd|1\n|move|p1a: Cheerios|Rock Slide|p2b: Ceruledge|[spread] p2a\n|-activate|p2b: Ceruledge|move: Protect\n|-resisted|p2a: Sneasler\n|-damage|p2a: Sneasler|0 fnt\n|faint|p2a: Sneasler\n|\n|-weather|Sandstorm|[upkeep]\n|-damage|p1a: Cheerios|95\/100|[from] Sandstorm\n|-damage|p2b: Ceruledge|95\/100|[from] Sandstorm\n|upkeep\n|\n|t:|1729419452\n|switch|p2a: Rillaboom|Rillaboom, L50, F|100\/100\n|-fieldstart|move: Grassy Terrain|[from] ability: Grassy Surge|[of] p2a: Rillaboom\n|turn|2\n|\n|t:|1729419462\n|switch|p1a: Cornflakes|Corviknight, L50, M, shiny|100\/100\n|move|p1b: Lucky Charms|Protect|p1b: Lucky Charms\n|-singleturn|p1b: Lucky Charms|Protect\n|move|p2a: Rillaboom|Fake Out|p1a: Cornflakes\n|-resisted|p1a: Cornflakes\n|-damage|p1a: Cornflakes|95\/100\n|move|p2b: Ceruledge|Shadow Sneak|p1b: Lucky Charms\n|-activate|p1b: Lucky Charms|move: Protect\n|\n|-weather|Sandstorm|[upkeep]\n|-damage|p2b: Ceruledge|89\/100|[from] Sandstorm\n|-damage|p2a: Rillaboom|95\/100|[from] Sandstorm\n|-heal|p1b: Lucky Charms|7\/100|[from] Grassy Terrain\n|-heal|p2b: Ceruledge|95\/100|[from] Grassy Terrain\n|-heal|p2a: Rillaboom|100\/100|[from] Grassy Terrain\n|upkeep\n|turn|3\n|\n|t:|1729419480\n|move|p2a: Rillaboom|Grassy Glide|p1b: Lucky Charms\n|-damage|p1b: Lucky Charms|0 fnt\n|faint|p1b: Lucky Charms\n|move|p2b: Ceruledge|Bitter Blade|p1a: Cornflakes\n|-supereffective|p1a: Cornflakes\n|-damage|p1a: Cornflakes|19\/100\n|-heal|p2b: Ceruledge|100\/100|[from] drain|[of] p1a: Cornflakes\n|-enditem|p1a: Cornflakes|Sitrus Berry|[eat]\n|-heal|p1a: Cornflakes|44\/100|[from] item: Sitrus Berry\n|move|p1a: Cornflakes|Brave Bird|p2b: Ceruledge\n|-damage|p2b: Ceruledge|28\/100\n|-damage|p1a: Cornflakes|26\/100|[from] Recoil\n|\n|-weather|Sandstorm|[upkeep]\n|-damage|p2b: Ceruledge|22\/100|[from] Sandstorm\n|-damage|p2a: Rillaboom|95\/100|[from] Sandstorm\n|-heal|p2b: Ceruledge|28\/100|[from] Grassy Terrain\n|-heal|p2a: Rillaboom|100\/100|[from] Grassy Terrain\n|upkeep\n|\n|t:|1729419493\n|switch|p1b: Cheerios|Tyranitar, L50, M, shiny, tera:Flying|95\/100\n|turn|4\n|inactive|Federic_0 has 30 seconds left.\n|\n|t:|1729419518\n|-terastallize|p2b: Ceruledge|Steel\n|move|p1b: Cheerios|Rock Slide|p2b: Ceruledge|[spread] p2a,p2b\n|-resisted|p2b: Ceruledge\n|-damage|p2a: Rillaboom|72\/100\n|-damage|p2b: Ceruledge|8\/100\n|cant|p2b: Ceruledge|flinch\n|cant|p2a: Rillaboom|flinch\n|move|p1a: Cornflakes|Roost|p1a: Cornflakes\n|-heal|p1a: Cornflakes|77\/100\n|-singleturn|p1a: Cornflakes|move: Roost\n|\n|-weather|Sandstorm|[upkeep]\n|-damage|p1b: Cheerios|89\/100|[from] Sandstorm\n|-damage|p2a: Rillaboom|67\/100|[from] Sandstorm\n|-heal|p2b: Ceruledge|14\/100|[from] Grassy Terrain\n|-heal|p2a: Rillaboom|72\/100|[from] Grassy Terrain\n|-heal|p1a: Cornflakes|82\/100|[from] Grassy Terrain\n|upkeep\n|turn|5\n|inactive|Federic_0 has 30 seconds left.\n|inactive|Federic_0 has 20 seconds left.\n|\n|t:|1729419555\n|switch|p2a: Primarina|Primarina, L50, F|100\/100\n|move|p2b: Ceruledge|Protect|p2b: Ceruledge\n|-singleturn|p2b: Ceruledge|Protect\n|move|p1b: Cheerios|Rock Slide|p2a: Primarina|[spread] p2a\n|-activate|p2b: Ceruledge|move: Protect\n|-damage|p2a: Primarina|59\/100\n|move|p1a: Cornflakes|Brave Bird|p2a: Primarina\n|-damage|p2a: Primarina|0 fnt\n|faint|p2a: Primarina\n|-damage|p1a: Cornflakes|66\/100|[from] Recoil\n|\n|-weather|none\n|-heal|p2b: Ceruledge|20\/100|[from] Grassy Terrain\n|upkeep\n|\n|t:|1729419563\n|switch|p2a: Rillaboom|Rillaboom, L50, F|72\/100\n|turn|6\n|\n|t:|1729419575\n|move|p2a: Rillaboom|Fake Out|p1b: Cheerios\n|-damage|p1b: Cheerios|77\/100\n|cant|p1b: Cheerios|flinch\n|move|p2b: Ceruledge|Bitter Blade|p1a: Cornflakes\n|-supereffective|p1a: Cornflakes\n|-damage|p1a: Cornflakes|0 fnt\n|-heal|p2b: Ceruledge|65\/100|[from] drain|[of] p1a: Cornflakes\n|faint|p1a: Cornflakes\n|\n|-heal|p2b: Ceruledge|71\/100|[from] Grassy Terrain\n|-heal|p2a: Rillaboom|78\/100|[from] Grassy Terrain\n|-fieldend|move: Grassy Terrain\n|upkeep\n|\n|t:|1729419577\n|switch|p1a: Reeses Puffs|Kommo-o, L50, M, shiny|100\/100\n|turn|7\n|\n|t:|1729419600\n|move|p2b: Ceruledge|Protect|p2b: Ceruledge\n|-singleturn|p2b: Ceruledge|Protect\n|move|p1b: Cheerios|Rock Slide|p2b: Ceruledge|[spread] p2a\n|-activate|p2b: Ceruledge|move: Protect\n|-damage|p2a: Rillaboom|50\/100\n|move|p1a: Reeses Puffs|Aura Sphere|p2b: Ceruledge\n|-activate|p2b: Ceruledge|move: Protect\n|move|p2a: Rillaboom|Wood Hammer|p1a: Reeses Puffs\n|-resisted|p1a: Reeses Puffs\n|-damage|p1a: Reeses Puffs|76\/100\n|-damage|p2a: Rillaboom|43\/100|[from] Recoil\n|\n|upkeep\n|turn|8\n|\n|t:|1729419618\n|move|p1b: Cheerios|Rock Slide|p2a: Rillaboom|[spread] p2a,p2b\n|-resisted|p2b: Ceruledge\n|-damage|p2a: Rillaboom|14\/100\n|-damage|p2b: Ceruledge|50\/100\n|cant|p2b: Ceruledge|flinch\n|move|p1a: Reeses Puffs|Aura Sphere|p2b: Ceruledge\n|-supereffective|p2b: Ceruledge\n|-damage|p2b: Ceruledge|0 fnt\n|faint|p2b: Ceruledge\n|move|p2a: Rillaboom|Wood Hammer|p1a: Reeses Puffs\n|-resisted|p1a: Reeses Puffs\n|-damage|p1a: Reeses Puffs|52\/100\n|-damage|p2a: Rillaboom|7\/100|[from] Recoil\n|\n|upkeep\n|turn|9\n|-message|Federic_0 forfeited.\n|\n|win|IDKWHATTODOANYMORE\n|raw|IDKWHATTODOANYMORE's rating: 1705 &rarr; <strong>1725<\/strong><br \/>(+20 for winning)\n|raw|Federic_0's rating: 1709 &rarr; <strong>1689<\/strong><br \/>(-20 for losing)\n|l|\u2606Federic_0\n|player|p2|\n|l|\u2606IDKWHATTODOANYMORE\n|player|p1|\n","uploadtime":1729419793,"views":10,"formatid":"gen9vgc2024regh","rating":1689,"private":0,"password":null}