{"id":"gen9vgc2024regh-2226120514","format":"[Gen 9] VGC 2024 Reg H","players":["magnusmagnum","bluestraggler01"],"log":"|j|\u2606magnusmagnum\n|j|\u203dbluestraggler01\n|t:|1729306998\n|gametype|doubles\n|player|p1|magnusmagnum|170|1781\n|player|p2|bluestraggler01|170|1789\n|teamsize|p1|6\n|teamsize|p2|6\n|gen|9\n|tier|[Gen 9] VGC 2024 Reg H\n|rated|\n|rule|Species Clause: Limit one of each Pok\u00e9mon\n|rule|Item Clause: Limit 1 of each item\n|clearpoke\n|poke|p1|Sneasler, L50, M|\n|poke|p1|Mimikyu, L50, F|\n|poke|p1|Ursaluna-Bloodmoon, L50, M|\n|poke|p1|Garchomp, L50, M|\n|poke|p1|Rillaboom, L50, M|\n|poke|p1|Gholdengo, L50|\n|poke|p2|Krookodile, L50, F|\n|poke|p2|Talonflame, L50, F|\n|poke|p2|Glimmora, L50, M|\n|poke|p2|Archaludon, L50, F|\n|poke|p2|Pelipper, L50, F|\n|poke|p2|Annihilape, L50, F|\n|teampreview|4\n|inactive|Battle timer is ON: inactive players will automatically lose when time's up. (requested by magnusmagnum)\n|\n|t:|1729307044\n|start\n|switch|p1a: Mimikyu|Mimikyu, L50, F|100\/100\n|switch|p1b: Garchomp|Garchomp, L50, M|100\/100\n|switch|p2a: Annihilape|Annihilape, L50, F|100\/100\n|switch|p2b: Krookodile|Krookodile, L50, F|100\/100\n|-ability|p2b: Krookodile|Intimidate|boost\n|-unboost|p1a: Mimikyu|atk|1\n|-unboost|p1b: Garchomp|atk|1\n|turn|1\n|inactive|magnusmagnum has 30 seconds left.\n|\n|t:|1729307070\n|move|p1b: Garchomp|Dragon Claw|p2b: Krookodile\n|-damage|p2b: Krookodile|63\/100\n|move|p1a: Mimikyu|Play Rough|p2b: Krookodile\n|-supereffective|p2b: Krookodile\n|-damage|p2b: Krookodile|0 fnt\n|faint|p2b: Krookodile\n|-damage|p1a: Mimikyu|91\/100|[from] item: Life Orb\n|move|p2a: Annihilape|Taunt|p1a: Mimikyu\n|-start|p1a: Mimikyu|move: Taunt\n|\n|upkeep\n|\n|t:|1729307079\n|switch|p2b: Talonflame|Talonflame, L50, F|100\/100\n|turn|2\n|\n|t:|1729307093\n|-terastallize|p2a: Annihilape|Water\n|move|p2b: Talonflame|Tailwind|p2b: Talonflame\n|-sidestart|p2: bluestraggler01|move: Tailwind\n|move|p2a: Annihilape|Rage Fist|p1a: Mimikyu\n|-activate|p1a: Mimikyu|ability: Disguise\n|-damage|p1a: Mimikyu|91\/100\n|detailschange|p1a: Mimikyu|Mimikyu-Busted, L50, F\n|-damage|p1a: Mimikyu|78\/100|[from] pokemon: Mimikyu-Busted\n|move|p1b: Garchomp|Dragon Claw|p2b: Talonflame\n|-damage|p2b: Talonflame|51\/100\n|move|p1a: Mimikyu|Shadow Claw|p2b: Talonflame\n|-crit|p2b: Talonflame\n|-damage|p2b: Talonflame|0 fnt\n|faint|p2b: Talonflame\n|-damage|p1a: Mimikyu|68\/100|[from] item: Life Orb\n|\n|upkeep\n|\n|t:|1729307108\n|switch|p2b: Pelipper|Pelipper, L50, F|100\/100\n|-weather|RainDance|[from] ability: Drizzle|[of] p2b: Pelipper\n|turn|3\n|inactive|magnusmagnum has 30 seconds left.\n|inactive|magnusmagnum has 20 seconds left.\n|\n|t:|1729307145\n|move|p1a: Mimikyu|Shadow Sneak|p2b: Pelipper\n|-damage|p2b: Pelipper|83\/100\n|-damage|p1a: Mimikyu|59\/100|[from] item: Life Orb\n|move|p2a: Annihilape|Close Combat|p1b: Garchomp\n|-damage|p1b: Garchomp|53\/100\n|-unboost|p2a: Annihilape|def|1\n|-unboost|p2a: Annihilape|spd|1\n|-damage|p2a: Annihilape|88\/100|[from] ability: Rough Skin|[of] p1b: Garchomp\n|move|p2b: Pelipper|Muddy Water|p1b: Garchomp|[spread] p1a,p1b\n|-damage|p1a: Mimikyu|0 fnt\n|-damage|p1b: Garchomp|0 fnt\n|faint|p1a: Mimikyu\n|faint|p1b: Garchomp\n|\n|-weather|RainDance|[upkeep]\n|upkeep\n|\n|t:|1729307156\n|switch|p1a: Ursaluna|Ursaluna-Bloodmoon, L50, M|100\/100\n|switch|p1b: Gholdengo|Gholdengo, L50|100\/100\n|turn|4\n|\n|t:|1729307167\n|-terastallize|p1a: Ursaluna|Ghost\n|move|p1b: Gholdengo|Protect|p1b: Gholdengo\n|-singleturn|p1b: Gholdengo|Protect\n|move|p2a: Annihilape|Rage Fist|p1b: Gholdengo\n|-activate|p1b: Gholdengo|move: Protect\n|move|p2b: Pelipper|Muddy Water|p1a: Ursaluna|[spread] p1a\n|-activate|p1b: Gholdengo|move: Protect\n|-damage|p1a: Ursaluna|57\/100\n|move|p1a: Ursaluna|Blood Moon|p2b: Pelipper\n|-damage|p2b: Pelipper|0 fnt\n|faint|p2b: Pelipper\n|\n|-weather|RainDance|[upkeep]\n|upkeep\n|turn|5\n|-message|bluestraggler01 forfeited.\n|\n|win|magnusmagnum\n|raw|magnusmagnum's rating: 1781 &rarr; <strong>1801<\/strong><br \/>(+20 for winning)\n|raw|bluestraggler01's rating: 1789 &rarr; <strong>1769<\/strong><br \/>(-20 for losing)\n|l|\u203dbluestraggler01\n|player|p2|\n|l|\u2606magnusmagnum\n|player|p1|\n","uploadtime":1729307430,"views":54,"formatid":"gen9vgc2024regh","rating":1769,"private":0,"password":null}