{"id":"gen9vgc2024regh-2226343320","format":"[Gen 9] VGC 2024 Reg H","players":["lmlmy","sawawa256"],"log":"|j|\u2606lmlmy\n|j|\u2606sawawa256\n|t:|1729345887\n|gametype|doubles\n|player|p1|lmlmy|skyla|1749\n|player|p2|sawawa256|hilbert|1772\n|teamsize|p1|6\n|teamsize|p2|6\n|gen|9\n|tier|[Gen 9] VGC 2024 Reg H\n|rated|\n|rule|Species Clause: Limit one of each Pok\u00e9mon\n|rule|Item Clause: Limit 1 of each item\n|clearpoke\n|poke|p1|Weavile, L50, F|\n|poke|p1|Pelipper, L50, F|\n|poke|p1|Gholdengo, L50|\n|poke|p1|Ursaluna-Bloodmoon, L50, M|\n|poke|p1|Dragonite, L50, F|\n|poke|p1|Archaludon, L50, M|\n|poke|p2|Rillaboom, L50, F|\n|poke|p2|Gholdengo, L50|\n|poke|p2|Maushold-Four, L50|\n|poke|p2|Dragonite, L50, M|\n|poke|p2|Garchomp, L50, M|\n|poke|p2|Blaziken, L50, M|\n|teampreview|4\n|inactive|Battle timer is ON: inactive players will automatically lose when time's up. (requested by lmlmy)\n|j| Claarity\n|inactive|lmlmy has 60 seconds left.\n|inactive|sawawa256 has 60 seconds left.\n|\n|t:|1729345942\n|start\n|switch|p1a: Dragonite|Dragonite, L50, F|100\/100\n|switch|p1b: Pelipper|Pelipper, L50, F|100\/100\n|switch|p2a: Gholdengo|Gholdengo, L50|100\/100\n|switch|p2b: Maushold|Maushold-Four, L50|100\/100\n|-weather|RainDance|[from] ability: Drizzle|[of] p1b: Pelipper\n|turn|1\n|inactive|sawawa256 has 30 seconds left.\n|\n|t:|1729345968\n|move|p1b: Pelipper|Weather Ball|p2b: Maushold\n|-damage|p2b: Maushold|17\/100\n|move|p2b: Maushold|Taunt|p1b: Pelipper\n|-start|p1b: Pelipper|move: Taunt\n|move|p2a: Gholdengo|Shadow Ball|p1a: Dragonite\n|-damage|p1a: Dragonite|70\/100\n|move|p1a: Dragonite|Tailwind|p1a: Dragonite\n|-sidestart|p1: lmlmy|move: Tailwind\n|\n|-weather|RainDance|[upkeep]\n|upkeep\n|turn|2\n|\n|t:|1729345988\n|move|p2b: Maushold|Protect|p2b: Maushold\n|-singleturn|p2b: Maushold|Protect\n|move|p1b: Pelipper|Weather Ball|p2a: Gholdengo\n|-damage|p2a: Gholdengo|48\/100\n|move|p1a: Dragonite|Scale Shot|p2b: Maushold\n|-activate|p2b: Maushold|move: Protect\n|move|p2a: Gholdengo|Shadow Ball|p1a: Dragonite\n|-damage|p1a: Dragonite|7\/100\n|\n|-weather|RainDance|[upkeep]\n|upkeep\n|turn|3\n|\n|t:|1729346012\n|-terastallize|p2a: Gholdengo|Fairy\n|move|p2b: Maushold|Follow Me|p2b: Maushold\n|-singleturn|p2b: Maushold|move: Follow Me\n|move|p1b: Pelipper|Weather Ball|p2b: Maushold\n|-damage|p2b: Maushold|0 fnt\n|faint|p2b: Maushold\n|move|p1a: Dragonite|Scale Shot|p2a: Gholdengo\n|-immune|p2a: Gholdengo\n|move|p2a: Gholdengo|Shadow Ball|p1b: Pelipper\n|-damage|p1b: Pelipper|0 fnt\n|faint|p1b: Pelipper\n|\n|-weather|RainDance|[upkeep]\n|upkeep\n|\n|t:|1729346025\n|switch|p2b: Dragonite|Dragonite, L50, M|100\/100\n|switch|p1b: Archaludon|Archaludon, L50, M|100\/100\n|turn|4\n|\n|t:|1729346033\n|move|p2b: Dragonite|Extreme Speed|p1a: Dragonite\n|-damage|p1a: Dragonite|0 fnt\n|faint|p1a: Dragonite\n|move|p1b: Archaludon|Flash Cannon|p2a: Gholdengo\n|-supereffective|p2a: Gholdengo\n|-damage|p2a: Gholdengo|0 fnt\n|faint|p2a: Gholdengo\n|\n|-weather|RainDance|[upkeep]\n|-sideend|p1: lmlmy|move: Tailwind\n|upkeep\n|\n|t:|1729346041\n|switch|p2a: Blaziken|Blaziken, L50, M|100\/100\n|switch|p1a: Weavile|Weavile, L50, F|100\/100\n|-ability|p1a: Weavile|Pressure\n|turn|5\n|\n|t:|1729346060\n|-terastallize|p1a: Weavile|Ghost\n|move|p1a: Weavile|Ice Spinner|p2b: Dragonite\n|-supereffective|p2b: Dragonite\n|-damage|p2b: Dragonite|14\/100\n|move|p1b: Archaludon|Electro Shot||[still]\n|-prepare|p1b: Archaludon|Electro Shot\n|-boost|p1b: Archaludon|spa|1\n|-anim|p1b: Archaludon|Electro Shot|p2a: Blaziken\n|-damage|p2a: Blaziken|0 fnt\n|faint|p2a: Blaziken\n|move|p2b: Dragonite|Scale Shot|p1a: Weavile\n|-damage|p1a: Weavile|77\/100\n|-damage|p1a: Weavile|53\/100\n|-damage|p1a: Weavile|28\/100\n|-damage|p1a: Weavile|3\/100\n|-damage|p1a: Weavile|0 fnt\n|faint|p1a: Weavile\n|-hitcount|p1: Weavile|5\n|-unboost|p2b: Dragonite|def|1\n|-boost|p2b: Dragonite|spe|1\n|\n|-weather|none\n|upkeep\n|turn|6\n|j| Ultimate_Eclipsee\n|\n|t:|1729346083\n|move|p2b: Dragonite|Scale Shot|p1b: Archaludon\n|-damage|p1b: Archaludon|87\/100\n|-damage|p1b: Archaludon|75\/100\n|-damage|p1b: Archaludon|63\/100\n|-damage|p1b: Archaludon|52\/100\n|-hitcount|p1b: Archaludon|4\n|-unboost|p2b: Dragonite|def|1\n|-boost|p2b: Dragonite|spe|1\n|move|p1b: Archaludon|Flash Cannon|p2b: Dragonite\n|-damage|p2b: Dragonite|0 fnt\n|faint|p2b: Dragonite\n|\n|win|lmlmy\n|raw|lmlmy's rating: 1749 &rarr; <strong>1770<\/strong><br \/>(+21 for winning)\n|raw|sawawa256's rating: 1772 &rarr; <strong>1751<\/strong><br \/>(-21 for losing)\n|l|\u2606lmlmy\n|player|p1|\n|l| Ultimate_Eclipsee\n","uploadtime":1729346279,"views":77,"formatid":"gen9vgc2024regh","rating":1751,"private":0,"password":null}