{"id":"gen9vgc2024regh-2226431644","format":"[Gen 9] VGC 2024 Reg H","players":["Actuary97","datbishgames"],"log":"|j|\u2606Actuary97\n|j|\u2606datbishgames\n|t:|1729356051\n|gametype|doubles\n|player|p1|Actuary97|sabrina-frlg|1678\n|player|p2|datbishgames|mira|1698\n|teamsize|p1|6\n|teamsize|p2|6\n|gen|9\n|tier|[Gen 9] VGC 2024 Reg H\n|rated|\n|rule|Species Clause: Limit one of each Pok\u00e9mon\n|rule|Item Clause: Limit 1 of each item\n|clearpoke\n|poke|p1|Archaludon, L50, F|\n|poke|p1|Whimsicott, L50, F|\n|poke|p1|Gallade, L50, M|\n|poke|p1|Malamar, L50, F|\n|poke|p1|Indeedee, L50, M|\n|poke|p1|Drifblim, L50, M|\n|poke|p2|Whimsicott, L50, M|\n|poke|p2|Basculegion, L50, M|\n|poke|p2|Arcanine-Hisui, L50, M|\n|poke|p2|Hydreigon, L50, M|\n|poke|p2|Farigiraf, L50, F|\n|poke|p2|Pawmot, L50, M|\n|teampreview|4\n|inactive|Battle timer is ON: inactive players will automatically lose when time's up. (requested by datbishgames)\nActuary97 has agreed to open team sheets.\n|\n|t:|1729356080\n|start\n|switch|p1a: Mischief Mother|Whimsicott, L50, F, shiny|100\/100\n|switch|p1b: Tapu Deedee|Indeedee, L50, M, shiny|100\/100\n|switch|p2a: Pawmot|Pawmot, L50, M|100\/100\n|switch|p2b: Farigiraf|Farigiraf, L50, F|100\/100\n|-fieldstart|move: Psychic Terrain|[from] ability: Psychic Surge|[of] p1b: Tapu Deedee\n|turn|1\n|\n|t:|1729356105\n|switch|p1b: Bridget|Archaludon, L50, F, shiny|100\/100\n|-terastallize|p2a: Pawmot|Electric\n|move|p1a: Mischief Mother|Beat Up|p1b: Bridget\n|-damage|p1b: Bridget|99\/100\n|-ability|p1b: Bridget|Stamina|boost\n|-boost|p1b: Bridget|def|1\n|-damage|p1b: Bridget|97\/100\n|-ability|p1b: Bridget|Stamina|boost\n|-boost|p1b: Bridget|def|1\n|-damage|p1b: Bridget|96\/100\n|-ability|p1b: Bridget|Stamina|boost\n|-boost|p1b: Bridget|def|1\n|-damage|p1b: Bridget|95\/100\n|-ability|p1b: Bridget|Stamina|boost\n|-boost|p1b: Bridget|def|1\n|-hitcount|p1b: Bridget|4\n|move|p2a: Pawmot|Double Shock|p1b: Bridget\n|-resisted|p1b: Bridget\n|-damage|p1b: Bridget|84\/100\n|-start|p2a: Pawmot|typechange|Electric|[from] move: Double Shock\n|-ability|p1b: Bridget|Stamina|boost\n|-boost|p1b: Bridget|def|1\n|move|p2b: Farigiraf|Hyper Voice|p1a: Mischief Mother|[spread] p1a,p1b\n|-resisted|p1b: Bridget\n|-damage|p1a: Mischief Mother|47\/100\n|-damage|p1b: Bridget|72\/100\n|-ability|p1b: Bridget|Stamina|boost\n|-boost|p1b: Bridget|def|1\n|-enditem|p2b: Farigiraf|Throat Spray\n|-boost|p2b: Farigiraf|spa|1|[from] item: Throat Spray\n|\n|upkeep\n|turn|2\n|\n|t:|1729356127\n|switch|p2a: Basculegion|Basculegion, L50, M|100\/100\n|move|p2b: Farigiraf|Protect|p2b: Farigiraf\n|-singleturn|p2b: Farigiraf|Protect\n|move|p1a: Mischief Mother|Moonblast|p2b: Farigiraf\n|-activate|p2b: Farigiraf|move: Protect\n|move|p1b: Bridget|Body Press|p2b: Farigiraf\n|-activate|p2b: Farigiraf|move: Protect\n|\n|upkeep\n|turn|3\n|\n|t:|1729356143\n|move|p1a: Mischief Mother|Tailwind|p1a: Mischief Mother\n|-sidestart|p1: Actuary97|move: Tailwind\n|move|p1b: Bridget|Snarl|p2a: Basculegion|[spread] p2a,p2b\n|-supereffective|p2a: Basculegion\n|-supereffective|p2b: Farigiraf\n|-damage|p2a: Basculegion|74\/100\n|-damage|p2b: Farigiraf|76\/100\n|-unboost|p2a: Basculegion|spa|1\n|-unboost|p2b: Farigiraf|spa|1\n|move|p2a: Basculegion|Last Respects|p1b: Bridget\n|-damage|p1b: Bridget|63\/100\n|move|p2b: Farigiraf|Hyper Voice|p1a: Mischief Mother|[spread] p1a,p1b\n|-resisted|p1b: Bridget\n|-damage|p1a: Mischief Mother|0 fnt\n|-damage|p1b: Bridget|52\/100\n|faint|p1a: Mischief Mother\n|\n|upkeep\n|\n|t:|1729356147\n|switch|p1a: Tapu Deedee|Indeedee, L50, M, shiny|100\/100\n|turn|4\n|\n|t:|1729356162\n|move|p2b: Farigiraf|Protect|p2b: Farigiraf\n|-singleturn|p2b: Farigiraf|Protect\n|move|p1a: Tapu Deedee|Expanding Force|p2a: Basculegion|[spread] p2a\n|-activate|p2b: Farigiraf|move: Protect\n|-damage|p2a: Basculegion|0 fnt\n|faint|p2a: Basculegion\n|move|p1b: Bridget|Body Press|p2b: Farigiraf\n|-activate|p2b: Farigiraf|move: Protect\n|\n|upkeep\n|\n|t:|1729356172\n|switch|p2a: Whimsicott|Whimsicott, L50, M|100\/100\n|turn|5\n|\n|t:|1729356177\n|move|p2a: Whimsicott|Tailwind|p2a: Whimsicott\n|-sidestart|p2: datbishgames|move: Tailwind\n|move|p1a: Tapu Deedee|Expanding Force|p2a: Whimsicott|[spread] p2a,p2b\n|-resisted|p2b: Farigiraf\n|-damage|p2a: Whimsicott|7\/100\n|-damage|p2b: Farigiraf|38\/100\n|move|p1b: Bridget|Body Press|p2b: Farigiraf\n|-crit|p2b: Farigiraf\n|-damage|p2b: Farigiraf|0 fnt\n|faint|p2b: Farigiraf\n|\n|-fieldend|move: Psychic Terrain\n|upkeep\n|\n|t:|1729356184\n|switch|p2b: Pawmot|Pawmot, L50, M, tera:Electric|100\/100\n|turn|6\n|\n|t:|1729356199\n|move|p2b: Pawmot|Revival Blessing|p2b: Pawmot\n|\n|t:|1729356200\n|-heal|p2: Farigiraf|50\/100|[from] move: Revival Blessing\n|move|p1a: Tapu Deedee|Expanding Force|p2a: Whimsicott\n|-damage|p2a: Whimsicott|0 fnt\n|faint|p2a: Whimsicott\n|move|p1b: Bridget|Body Press|p2b: Pawmot\n|-enditem|p2b: Pawmot|Focus Sash\n|-damage|p2b: Pawmot|1\/100\n|\n|-sideend|p1: Actuary97|move: Tailwind\n|upkeep\n|\n|t:|1729356208\n|switch|p2a: Farigiraf|Farigiraf, L50, F|50\/100\n|turn|7\n|\n|t:|1729356215\n|move|p2b: Pawmot|Close Combat|p1b: Bridget\n|-supereffective|p1b: Bridget\n|-damage|p1b: Bridget|29\/100\n|-unboost|p2b: Pawmot|def|1\n|-unboost|p2b: Pawmot|spd|1\n|move|p2a: Farigiraf|Hyper Voice|p1b: Bridget|[spread] p1a,p1b\n|-resisted|p1b: Bridget\n|-damage|p1a: Tapu Deedee|60\/100\n|-damage|p1b: Bridget|18\/100\n|move|p1a: Tapu Deedee|Expanding Force|p2b: Pawmot\n|-damage|p2b: Pawmot|0 fnt\n|faint|p2b: Pawmot\n|move|p1b: Bridget|Snarl|p2a: Farigiraf\n|-supereffective|p2a: Farigiraf\n|-damage|p2a: Farigiraf|16\/100\n|-unboost|p2a: Farigiraf|spa|1\n|\n|upkeep\n|turn|8\n|\n|t:|1729356229\n|move|p2a: Farigiraf|Hyper Voice|p1b: Bridget|[spread] p1a,p1b\n|-resisted|p1b: Bridget\n|-damage|p1a: Tapu Deedee|33\/100\n|-damage|p1b: Bridget|10\/100\n|move|p1a: Tapu Deedee|Expanding Force|p2a: Farigiraf\n|-resisted|p2a: Farigiraf\n|-damage|p2a: Farigiraf|0 fnt\n|faint|p2a: Farigiraf\n|\n|win|Actuary97\n|raw|Actuary97's rating: 1678 &rarr; <strong>1699<\/strong><br \/>(+21 for winning)\n|raw|datbishgames's rating: 1698 &rarr; <strong>1677<\/strong><br \/>(-21 for losing)\n|l|\u2606datbishgames\n|player|p2|\n|l|\u2606Actuary97\n|player|p1|\n","uploadtime":1729356499,"views":22,"formatid":"gen9vgc2024regh","rating":1677,"private":0,"password":null}