{"id":"gen9vgc2024regh-2226080994","format":"[Gen 9] VGC 2024 Reg H","players":["navinsachump","lishenvgc"],"log":"|j|\u2606navinsachump\n|j|\u2606lishenvgc\n|t:|1729301908\n|gametype|doubles\n|player|p1|navinsachump|170|1728\n|player|p2|lishenvgc|266|1684\n|teamsize|p1|6\n|teamsize|p2|6\n|gen|9\n|tier|[Gen 9] VGC 2024 Reg H\n|rated|\n|rule|Species Clause: Limit one of each Pok\u00e9mon\n|rule|Item Clause: Limit 1 of each item\n|clearpoke\n|poke|p1|Blaziken, L50, F|\n|poke|p1|Kingambit, L50, M|\n|poke|p1|Rillaboom, L50, F|\n|poke|p1|Electabuzz, L50, F|\n|poke|p1|Dragapult, L50, M|\n|poke|p1|Primarina, L50, M|\n|poke|p2|Dragonite, L50, M|\n|poke|p2|Gholdengo, L50|\n|poke|p2|Ursaluna-Bloodmoon, L50, M|\n|poke|p2|Incineroar, L50, F|\n|poke|p2|Rillaboom, L50, M|\n|poke|p2|Sneasler, L50, F|\n|teampreview|4\n|inactive|Battle timer is ON: inactive players will automatically lose when time's up. (requested by lishenvgc)\n|j| bjvgc1\n|inactive|navinsachump has 60 seconds left.\n|inactive|lishenvgc has 60 seconds left.\n|j| Samevgcmons\n|\n|t:|1729301957\n|start\n|switch|p1a: Blaziken|Blaziken, L50, F, shiny|100\/100\n|switch|p1b: Dragapult|Dragapult, L50, M|100\/100\n|switch|p2a: Dragonite|Dragonite, L50, M|100\/100\n|switch|p2b: Sneasler|Sneasler, L50, F|100\/100\n|turn|1\n|inactive|lishenvgc has 30 seconds left.\n|\n|t:|1729301983\n|-terastallize|p1b: Dragapult|Ghost\n|move|p1a: Blaziken|Protect|p1a: Blaziken\n|-singleturn|p1a: Blaziken|Protect\n|move|p1b: Dragapult|Phantom Force||[still]\n|-prepare|p1b: Dragapult|Phantom Force\n|move|p2b: Sneasler|Dire Claw|p1a: Blaziken\n|-activate|p1a: Blaziken|move: Protect\n|move|p2a: Dragonite|Scale Shot|p1a: Blaziken\n|-activate|p1a: Blaziken|move: Protect\n|\n|-ability|p1a: Blaziken|Speed Boost|boost\n|-boost|p1a: Blaziken|spe|1\n|upkeep\n|turn|2\n|\n|t:|1729302006\n|switch|p2b: Ursaluna|Ursaluna-Bloodmoon, L50, M|100\/100\n|move|p1a: Blaziken|Flare Blitz|p2b: Ursaluna\n|-damage|p2b: Ursaluna|50\/100\n|-damage|p1a: Blaziken|78\/100|[from] Recoil\n|move|p1b: Dragapult|Phantom Force|p2a: Dragonite|[from]lockedmove\n|-damage|p2a: Dragonite|48\/100\n|move|p2a: Dragonite|Scale Shot|p1a: Blaziken\n|-damage|p1a: Blaziken|57\/100\n|-damage|p1a: Blaziken|35\/100\n|-damage|p1a: Blaziken|13\/100\n|-damage|p1a: Blaziken|0 fnt\n|faint|p1a: Blaziken\n|-hitcount|p1: Blaziken|4\n|-unboost|p2a: Dragonite|def|1\n|-boost|p2a: Dragonite|spe|1\n|\n|-heal|p2b: Ursaluna|56\/100|[from] item: Leftovers\n|upkeep\n|\n|t:|1729302031\n|switch|p1a: Primarina|Primarina, L50, M|100\/100\n|turn|3\n|\n|t:|1729302045\n|switch|p1b: Kingambit|Kingambit, L50, M|100\/100\n|switch|p2b: Gholdengo|Gholdengo, L50|100\/100\n|-terastallize|p2a: Dragonite|Fairy\n|move|p2a: Dragonite|Scale Shot|p1b: Kingambit\n|-resisted|p1b: Kingambit\n|-damage|p1b: Kingambit|95\/100\n|-resisted|p1b: Kingambit\n|-damage|p1b: Kingambit|90\/100\n|-resisted|p1b: Kingambit\n|-damage|p1b: Kingambit|85\/100\n|-resisted|p1b: Kingambit\n|-damage|p1b: Kingambit|79\/100\n|-hitcount|p1b: Kingambit|4\n|-unboost|p2a: Dragonite|def|1\n|-boost|p2a: Dragonite|spe|1\n|move|p1a: Primarina|Hyper Voice|p2b: Gholdengo|[spread] p2a,p2b\n|-damage|p2a: Dragonite|11\/100\n|-damage|p2b: Gholdengo|59\/100\n|\n|upkeep\n|turn|4\n|inactive|lishenvgc has 30 seconds left.\n|\n|t:|1729302071\n|move|p1b: Kingambit|Sucker Punch||[still]\n|-fail|p1b: Kingambit\n|move|p2a: Dragonite|Low Kick|p1b: Kingambit\n|-supereffective|p1b: Kingambit\n|-damage|p1b: Kingambit|0 fnt\n|faint|p1b: Kingambit\n|move|p2b: Gholdengo|Trick|p1a: Primarina\n|-activate|p2b: Gholdengo|move: Trick|[of] p1a: Primarina\n|-item|p1a: Primarina|Choice Scarf|[from] move: Trick\n|-item|p2b: Gholdengo|Sitrus Berry|[from] move: Trick\n|move|p1a: Primarina|Hyper Voice|p2b: Gholdengo|[spread] p2a,p2b\n|-damage|p2a: Dragonite|0 fnt\n|-damage|p2b: Gholdengo|16\/100\n|-enditem|p2b: Gholdengo|Sitrus Berry|[eat]\n|-heal|p2b: Gholdengo|41\/100|[from] item: Sitrus Berry\n|faint|p2a: Dragonite\n|\n|upkeep\n|inactive|lishenvgc has 30 seconds left.\n|\n|t:|1729302105\n|switch|p2a: Sneasler|Sneasler, L50, F|100\/100\n|switch|p1b: Dragapult|Dragapult, L50, M, tera:Ghost|100\/100\n|turn|5\n|inactive|navinsachump has 30 seconds left.\n|\n|t:|1729302139\n|move|p1b: Dragapult|Dragon Darts|p2a: Sneasler\n|-damage|p2a: Sneasler|36\/100\n|-anim|p1b: Dragapult|Dragon Darts|p2b: Gholdengo\n|-resisted|p2b: Gholdengo\n|-damage|p2b: Gholdengo|16\/100\n|move|p2a: Sneasler|Dire Claw|p1a: Primarina\n|-supereffective|p1a: Primarina\n|-damage|p1a: Primarina|12\/100\n|-status|p1a: Primarina|slp\n|move|p2b: Gholdengo|Shadow Ball|p1b: Dragapult\n|-supereffective|p1b: Dragapult\n|-damage|p1b: Dragapult|0 fnt\n|faint|p1b: Dragapult\n|cant|p1a: Primarina|slp\n|\n|upkeep\n|turn|6\n|-message|navinsachump forfeited.\n|\n|win|lishenvgc\n|raw|navinsachump's rating: 1728 &rarr; <strong>1705<\/strong><br \/>(-23 for losing)\n|raw|lishenvgc's rating: 1684 &rarr; <strong>1707<\/strong><br \/>(+23 for winning)\n|l| Samevgcmons\n|l|\u2606navinsachump\n|player|p1|\n|l| bjvgc1\n|l|\u2606lishenvgc\n|player|p2|\n","uploadtime":1729302396,"views":8,"formatid":"gen9vgc2024regh","rating":1705,"private":0,"password":null}