{"id":"gen9vgc2024regh-2226089286","format":"[Gen 9] VGC 2024 Reg H","players":["IDKWHATTODOANYMORE","magnusmagnum"],"log":"|j|\u2606IDKWHATTODOANYMORE\n|j|\u2606magnusmagnum\n|t:|1729302954\n|gametype|doubles\n|player|p1|IDKWHATTODOANYMORE|steven|1709\n|player|p2|magnusmagnum|170|1738\n|teamsize|p1|6\n|teamsize|p2|6\n|gen|9\n|tier|[Gen 9] VGC 2024 Reg H\n|rated|\n|rule|Species Clause: Limit one of each Pok\u00e9mon\n|rule|Item Clause: Limit 1 of each item\n|clearpoke\n|poke|p1|Excadrill, L50, M|\n|poke|p1|Tyranitar, L50, M|\n|poke|p1|Kommo-o, L50, M|\n|poke|p1|Indeedee, L50, M|\n|poke|p1|Corviknight, L50, M|\n|poke|p1|Samurott-Hisui, L50, M|\n|poke|p2|Sneasler, L50, M|\n|poke|p2|Mimikyu, L50, M|\n|poke|p2|Ursaluna-Bloodmoon, L50, M|\n|poke|p2|Garchomp, L50, M|\n|poke|p2|Rillaboom, L50, M|\n|poke|p2|Gholdengo, L50|\n|teampreview|4\n|inactive|Battle timer is ON: inactive players will automatically lose when time's up. (requested by IDKWHATTODOANYMORE)\n|inactive|IDKWHATTODOANYMORE has 60 seconds left.\n|inactive|magnusmagnum has 60 seconds left.\n|\n|t:|1729303001\n|start\n|switch|p1a: Cornflakes|Corviknight, L50, M, shiny|100\/100\n|switch|p1b: Cheerios|Tyranitar, L50, M, shiny|100\/100\n|switch|p2a: Sneasler|Sneasler, L50, M|100\/100\n|switch|p2b: Garchomp|Garchomp, L50, M|100\/100\n|-weather|Sandstorm|[from] ability: Sand Stream|[of] p1b: Cheerios\n|turn|1\n|inactive|IDKWHATTODOANYMORE has 30 seconds left.\n|inactive|IDKWHATTODOANYMORE has 20 seconds left.\n|\n|t:|1729303037\n|-terastallize|p1b: Cheerios|Flying\n|move|p2b: Garchomp|Rock Slide|p1a: Cornflakes|[spread] p1a\n|-miss|p2b: Garchomp|p1b: Cheerios\n|-damage|p1a: Cornflakes|84\/100\n|move|p2a: Sneasler|Close Combat|p1a: Cornflakes\n|-damage|p1a: Cornflakes|36\/100\n|-unboost|p2a: Sneasler|def|1\n|-unboost|p2a: Sneasler|spd|1\n|-enditem|p1a: Cornflakes|Sitrus Berry|[eat]\n|-heal|p1a: Cornflakes|60\/100|[from] item: Sitrus Berry\n|move|p1b: Cheerios|Rock Slide|p2a: Sneasler|[spread] p2b\n|-miss|p1b: Cheerios|p2a: Sneasler\n|-resisted|p2b: Garchomp\n|-damage|p2b: Garchomp|86\/100\n|move|p1a: Cornflakes|Brave Bird|p2a: Sneasler\n|-supereffective|p2a: Sneasler\n|-enditem|p2a: Sneasler|Focus Sash\n|-damage|p2a: Sneasler|1\/100\n|-damage|p1a: Cornflakes|36\/100|[from] Recoil\n|\n|-weather|Sandstorm|[upkeep]\n|-damage|p2a: Sneasler|0 fnt|[from] Sandstorm\n|-damage|p1b: Cheerios|95\/100|[from] Sandstorm\n|faint|p2a: Sneasler\n|upkeep\n|\n|t:|1729303059\n|switch|p2a: Gholdengo|Gholdengo, L50|100\/100\n|turn|2\n|\n|t:|1729303083\n|switch|p1b: Captain Crunch|Samurott-Hisui, L50, M, shiny|100\/100\n|-terastallize|p2a: Gholdengo|Water\n|move|p2b: Garchomp|Rock Slide|p1b: Captain Crunch|[spread] p1b\n|-miss|p2b: Garchomp|p1a: Cornflakes\n|-damage|p1b: Captain Crunch|72\/100\n|move|p2a: Gholdengo|Make It Rain|p1a: Cornflakes|[spread] p1a,p1b\n|-resisted|p1a: Cornflakes\n|-resisted|p1b: Captain Crunch\n|-damage|p1a: Cornflakes|15\/100\n|-damage|p1b: Captain Crunch|49\/100\n|-unboost|p2a: Gholdengo|spa|1\n|move|p1a: Cornflakes|Roost|p1a: Cornflakes\n|-heal|p1a: Cornflakes|65\/100\n|-singleturn|p1a: Cornflakes|move: Roost\n|\n|-weather|Sandstorm|[upkeep]\n|-damage|p2a: Gholdengo|94\/100|[from] Sandstorm\n|-damage|p1b: Captain Crunch|43\/100|[from] Sandstorm\n|upkeep\n|turn|3\n|c|\u2606magnusmagnum|f\n|inactive|magnusmagnum has 30 seconds left.\n|j| futonkagebunshin\n|inactive|magnusmagnum has 20 seconds left.\n|inactive|magnusmagnum has 15 seconds left.\n|inactive|magnusmagnum has 10 seconds left.\n|\n|t:|1729303132\n|move|p1b: Captain Crunch|Sucker Punch||[still]\n|-fail|p1b: Captain Crunch\n|move|p2b: Garchomp|Rock Slide|p1a: Cornflakes|[spread] p1a\n|-miss|p2b: Garchomp|p1b: Captain Crunch\n|-damage|p1a: Cornflakes|48\/100\n|move|p2a: Gholdengo|Nasty Plot|p2a: Gholdengo\n|-boost|p2a: Gholdengo|spa|2\n|move|p1a: Cornflakes|Roost|p1a: Cornflakes\n|-heal|p1a: Cornflakes|98\/100\n|-singleturn|p1a: Cornflakes|move: Roost\n|\n|-weather|Sandstorm|[upkeep]\n|-damage|p2a: Gholdengo|88\/100|[from] Sandstorm\n|-damage|p1b: Captain Crunch|37\/100|[from] Sandstorm\n|upkeep\n|turn|4\n|c|\u2606magnusmagnum|garchomp pls\n|\n|t:|1729303157\n|move|p1b: Captain Crunch|Sucker Punch|p2a: Gholdengo\n|-crit|p2a: Gholdengo\n|-damage|p2a: Gholdengo|32\/100\n|-enditem|p2a: Gholdengo|Sitrus Berry|[eat]\n|-heal|p2a: Gholdengo|57\/100|[from] item: Sitrus Berry\n|move|p2b: Garchomp|Rock Slide|p1a: Cornflakes|[spread] p1a,p1b\n|-damage|p1a: Cornflakes|80\/100\n|-damage|p1b: Captain Crunch|7\/100\n|move|p2a: Gholdengo|Shadow Ball|p1a: Cornflakes\n|-damage|p1a: Cornflakes|22\/100\n|-ability|p1a: Cornflakes|Mirror Armor\n|-unboost|p2a: Gholdengo|spd|1\n|move|p1a: Cornflakes|Brave Bird|p2a: Gholdengo\n|-damage|p2a: Gholdengo|0 fnt\n|faint|p2a: Gholdengo\n|-damage|p1a: Cornflakes|6\/100|[from] Recoil\n|\n|-weather|Sandstorm|[upkeep]\n|-damage|p1b: Captain Crunch|1\/100|[from] Sandstorm\n|upkeep\n|\n|t:|1729303172\n|switch|p2a: Rillaboom|Rillaboom, L50, M|100\/100\n|-fieldstart|move: Grassy Terrain|[from] ability: Grassy Surge|[of] p2a: Rillaboom\n|turn|5\n|\n|t:|1729303197\n|move|p2a: Rillaboom|Fake Out|p1b: Captain Crunch\n|-damage|p1b: Captain Crunch|0 fnt\n|faint|p1b: Captain Crunch\n|move|p2b: Garchomp|Rock Slide|p1a: Cornflakes|[miss]\n|-miss|p2b: Garchomp|p1a: Cornflakes\n|move|p1a: Cornflakes|Roost|p1a: Cornflakes\n|-heal|p1a: Cornflakes|56\/100\n|-singleturn|p1a: Cornflakes|move: Roost\n|\n|-weather|none\n|-heal|p2b: Garchomp|92\/100|[from] Grassy Terrain\n|-heal|p1a: Cornflakes|62\/100|[from] Grassy Terrain\n|upkeep\n|c|\u2606magnusmagnum|:(\n|\n|t:|1729303211\n|switch|p1b: Cheerios|Tyranitar, L50, M, shiny, tera:Flying|95\/100\n|-weather|Sandstorm|[from] ability: Sand Stream|[of] p1b: Cheerios\n|turn|6\n|inactive|magnusmagnum has 30 seconds left.\n|\n|t:|1729303237\n|move|p2b: Garchomp|Rock Slide|p1a: Cornflakes|[spread] p1a,p1b\n|-supereffective|p1b: Cheerios\n|-damage|p1a: Cornflakes|44\/100\n|-damage|p1b: Cheerios|50\/100\n|cant|p1b: Cheerios|flinch\n|move|p2a: Rillaboom|Knock Off|p1b: Cheerios\n|-damage|p1b: Cheerios|18\/100\n|-enditem|p1b: Cheerios|Choice Scarf|[from] move: Knock Off|[of] p2a: Rillaboom\n|cant|p1a: Cornflakes|flinch\n|\n|-weather|Sandstorm|[upkeep]\n|-damage|p1b: Cheerios|12\/100|[from] Sandstorm\n|-damage|p2a: Rillaboom|94\/100|[from] Sandstorm\n|-heal|p2b: Garchomp|98\/100|[from] Grassy Terrain\n|-heal|p2a: Rillaboom|100\/100|[from] Grassy Terrain\n|upkeep\n|turn|7\n|\n|t:|1729303256\n|move|p2b: Garchomp|Rock Slide|p1a: Cornflakes|[spread] p1a,p1b\n|-supereffective|p1b: Cheerios\n|-damage|p1a: Cornflakes|24\/100\n|-damage|p1b: Cheerios|0 fnt\n|faint|p1b: Cheerios\n|move|p2a: Rillaboom|Knock Off|p1a: Cornflakes\n|-damage|p1a: Cornflakes|5\/100\n|cant|p1a: Cornflakes|flinch\n|\n|-weather|Sandstorm|[upkeep]\n|-damage|p2a: Rillaboom|94\/100|[from] Sandstorm\n|-heal|p2b: Garchomp|100\/100|[from] Grassy Terrain\n|-heal|p2a: Rillaboom|100\/100|[from] Grassy Terrain\n|upkeep\n|\n|t:|1729303264\n|switch|p1b: Lucky Charms|Excadrill, L50, M, shiny|100\/100\n|turn|8\n|inactive|IDKWHATTODOANYMORE has 30 seconds left.\n|\n|t:|1729303291\n|move|p1b: Lucky Charms|Iron Head|p2b: Garchomp\n|-damage|p2b: Garchomp|52\/100\n|-damage|p1b: Lucky Charms|88\/100|[from] ability: Rough Skin|[of] p2b: Garchomp\n|cant|p2b: Garchomp|flinch\n|move|p2a: Rillaboom|Wood Hammer|p1b: Lucky Charms\n|-damage|p1b: Lucky Charms|0 fnt\n|faint|p1b: Lucky Charms\n|-damage|p2a: Rillaboom|73\/100|[from] Recoil\n|move|p1a: Cornflakes|Roost|p1a: Cornflakes\n|-heal|p1a: Cornflakes|55\/100\n|-singleturn|p1a: Cornflakes|move: Roost\n|\n|-weather|Sandstorm|[upkeep]\n|-damage|p2a: Rillaboom|67\/100|[from] Sandstorm\n|-heal|p2b: Garchomp|57\/100|[from] Grassy Terrain\n|-heal|p2a: Rillaboom|73\/100|[from] Grassy Terrain\n|-heal|p1a: Cornflakes|61\/100|[from] Grassy Terrain\n|upkeep\n|turn|9\n|\n|t:|1729303307\n|move|p2b: Garchomp|Rock Slide|p1a: Cornflakes\n|-damage|p1a: Cornflakes|39\/100\n|move|p2a: Rillaboom|Knock Off|p1a: Cornflakes\n|-damage|p1a: Cornflakes|20\/100\n|move|p1a: Cornflakes|Roost|p1a: Cornflakes\n|-heal|p1a: Cornflakes|70\/100\n|-singleturn|p1a: Cornflakes|move: Roost\n|\n|-weather|Sandstorm|[upkeep]\n|-damage|p2a: Rillaboom|67\/100|[from] Sandstorm\n|-heal|p2b: Garchomp|63\/100|[from] Grassy Terrain\n|-heal|p2a: Rillaboom|73\/100|[from] Grassy Terrain\n|-heal|p1a: Cornflakes|76\/100|[from] Grassy Terrain\n|-fieldend|move: Grassy Terrain\n|upkeep\n|turn|10\n|\n|t:|1729303329\n|move|p2b: Garchomp|Rock Slide|p1a: Cornflakes|[miss]\n|-miss|p2b: Garchomp|p1a: Cornflakes\n|move|p2a: Rillaboom|Knock Off|p1a: Cornflakes\n|-damage|p1a: Cornflakes|57\/100\n|move|p1a: Cornflakes|Roost|p1a: Cornflakes\n|-heal|p1a: Cornflakes|100\/100\n|-singleturn|p1a: Cornflakes|move: Roost\n|\n|-weather|none\n|upkeep\n|turn|11\n|\n|t:|1729303338\n|move|p2b: Garchomp|Rock Slide|p1a: Cornflakes\n|-damage|p1a: Cornflakes|78\/100\n|move|p2a: Rillaboom|Knock Off|p1a: Cornflakes\n|-damage|p1a: Cornflakes|58\/100\n|move|p1a: Cornflakes|Bulk Up|p1a: Cornflakes\n|-boost|p1a: Cornflakes|atk|1\n|-boost|p1a: Cornflakes|def|1\n|\n|upkeep\n|turn|12\n|\n|t:|1729303346\n|move|p2b: Garchomp|Rock Slide|p1a: Cornflakes\n|-damage|p1a: Cornflakes|41\/100\n|move|p2a: Rillaboom|Knock Off|p1a: Cornflakes\n|-damage|p1a: Cornflakes|28\/100\n|move|p1a: Cornflakes|Roost|p1a: Cornflakes\n|-heal|p1a: Cornflakes|78\/100\n|-singleturn|p1a: Cornflakes|move: Roost\n|\n|upkeep\n|turn|13\n|\n|t:|1729303366\n|move|p2b: Garchomp|Rock Slide|p1a: Cornflakes\n|-damage|p1a: Cornflakes|62\/100\n|move|p2a: Rillaboom|Knock Off|p1a: Cornflakes\n|-damage|p1a: Cornflakes|50\/100\n|move|p1a: Cornflakes|Brave Bird|p2b: Garchomp\n|-damage|p2b: Garchomp|0 fnt\n|-damage|p1a: Cornflakes|38\/100|[from] ability: Rough Skin|[of] p2b: Garchomp\n|faint|p2b: Garchomp\n|-damage|p1a: Cornflakes|19\/100|[from] Recoil\n|\n|upkeep\n|turn|14\n|inactive|magnusmagnum has 30 seconds left.\n|\n|t:|1729303393\n|move|p2a: Rillaboom|Knock Off|p1a: Cornflakes\n|-damage|p1a: Cornflakes|4\/100\n|move|p1a: Cornflakes|Roost|p1a: Cornflakes\n|-heal|p1a: Cornflakes|55\/100\n|-singleturn|p1a: Cornflakes|move: Roost\n|\n|upkeep\n|turn|15\n|\n|t:|1729303399\n|move|p2a: Rillaboom|Knock Off|p1a: Cornflakes\n|-damage|p1a: Cornflakes|42\/100\n|move|p1a: Cornflakes|Brave Bird|p2a: Rillaboom\n|-supereffective|p2a: Rillaboom\n|-damage|p2a: Rillaboom|0 fnt\n|faint|p2a: Rillaboom\n|-damage|p1a: Cornflakes|20\/100|[from] Recoil\n|\n|win|IDKWHATTODOANYMORE\n|raw|IDKWHATTODOANYMORE's rating: 1709 &rarr; <strong>1731<\/strong><br \/>(+22 for winning)\n|raw|magnusmagnum's rating: 1738 &rarr; <strong>1716<\/strong><br \/>(-22 for losing)\n|l|\u2606magnusmagnum\n|player|p2|\n|l|\u2606IDKWHATTODOANYMORE\n|player|p1|\n","uploadtime":1729303621,"views":15,"formatid":"gen9vgc2024regh","rating":1716,"private":0,"password":null}