{"id":"gen9vgc2024regh-2226146405","format":"[Gen 9] VGC 2024 Reg H","players":["qiyeO.o","tyuiop112"],"log":"|j|\u2606qiyeO.o\n|j|\u2606tyuiop112\n|t:|1729310650\n|gametype|doubles\n|player|p1|qiyeO.o|dawn-masters3|1791\n|player|p2|tyuiop112|linebacker|1688\n|teamsize|p1|6\n|teamsize|p2|6\n|gen|9\n|tier|[Gen 9] VGC 2024 Reg H\n|rated|\n|rule|Species Clause: Limit one of each Pok\u00e9mon\n|rule|Item Clause: Limit 1 of each item\n|clearpoke\n|poke|p1|Dragonite, L50, F|\n|poke|p1|Rillaboom, L50, F|\n|poke|p1|Gholdengo, L50|\n|poke|p1|Primarina, L50, F|\n|poke|p1|Kingambit, L50, M|\n|poke|p1|Archaludon, L50, M|\n|poke|p2|Incineroar, L50, M|\n|poke|p2|Gholdengo, L50|\n|poke|p2|Rillaboom, L50, M|\n|poke|p2|Dragonite, L50, F|\n|poke|p2|Ursaluna-Bloodmoon, L50, M|\n|poke|p2|Annihilape, L50, M|\n|teampreview|4\n|\n|t:|1729310702\n|start\n|switch|p1a: \u897f\u897f\u7684\u65bd|Primarina, L50, F, shiny|100\/100\n|switch|p1b: \u5927\u5927\u7684\u5c06|Kingambit, L50, M|100\/100\n|switch|p2a: Ursaluna|Ursaluna-Bloodmoon, L50, M|100\/100\n|switch|p2b: Dragonite|Dragonite, L50, F|100\/100\n|turn|1\n|\n|t:|1729310746\n|switch|p1b: \u5bcc\u5bcc\u7684\u8c6a|Gholdengo, L50, shiny|100\/100\n|-terastallize|p2a: Ursaluna|Normal\n|move|p2b: Dragonite|Scale Shot|p1b: \u5bcc\u5bcc\u7684\u8c6a\n|-resisted|p1b: \u5bcc\u5bcc\u7684\u8c6a\n|-damage|p1b: \u5bcc\u5bcc\u7684\u8c6a|92\/100\n|-resisted|p1b: \u5bcc\u5bcc\u7684\u8c6a\n|-crit|p1b: \u5bcc\u5bcc\u7684\u8c6a\n|-damage|p1b: \u5bcc\u5bcc\u7684\u8c6a|80\/100\n|-resisted|p1b: \u5bcc\u5bcc\u7684\u8c6a\n|-damage|p1b: \u5bcc\u5bcc\u7684\u8c6a|72\/100\n|-resisted|p1b: \u5bcc\u5bcc\u7684\u8c6a\n|-damage|p1b: \u5bcc\u5bcc\u7684\u8c6a|63\/100\n|-hitcount|p1b: \u5bcc\u5bcc\u7684\u8c6a|4\n|-unboost|p2b: Dragonite|def|1\n|-boost|p2b: Dragonite|spe|1\n|move|p2a: Ursaluna|Blood Moon|p1a: \u897f\u897f\u7684\u65bd\n|-damage|p1a: \u897f\u897f\u7684\u65bd|22\/100\n|move|p1a: \u897f\u897f\u7684\u65bd|Hyper Voice|p2a: Ursaluna|[spread] p2a,p2b\n|-resisted|p2b: Dragonite\n|-damage|p2a: Ursaluna|80\/100\n|-damage|p2b: Dragonite|92\/100\n|-enditem|p1a: \u897f\u897f\u7684\u65bd|Throat Spray\n|-boost|p1a: \u897f\u897f\u7684\u65bd|spa|1|[from] item: Throat Spray\n|\n|upkeep\n|turn|2\n|\n|t:|1729310784\n|-terastallize|p1b: \u5bcc\u5bcc\u7684\u8c6a|Steel\n|move|p1b: \u5bcc\u5bcc\u7684\u8c6a|Make It Rain|p2b: Dragonite|[spread] p2a,p2b\n|-damage|p2a: Ursaluna|34\/100\n|-damage|p2b: Dragonite|22\/100\n|-unboost|p1b: \u5bcc\u5bcc\u7684\u8c6a|spa|1\n|move|p2b: Dragonite|Tailwind|p2b: Dragonite\n|-sidestart|p2: tyuiop112|move: Tailwind\n|move|p2a: Ursaluna|Hyper Voice|p1a: \u897f\u897f\u7684\u65bd|[spread] p1a,p1b\n|-resisted|p1b: \u5bcc\u5bcc\u7684\u8c6a\n|-damage|p1a: \u897f\u897f\u7684\u65bd|0 fnt\n|-damage|p1b: \u5bcc\u5bcc\u7684\u8c6a|37\/100\n|faint|p1a: \u897f\u897f\u7684\u65bd\n|\n|upkeep\n|\n|t:|1729310793\n|switch|p1a: \u5927\u5927\u7684\u5c06|Kingambit, L50, M|100\/100\n|turn|3\n|\n|t:|1729310812\n|switch|p1b: \u9ed1\u9ed1\u7684\u7329|Rillaboom, L50, F|100\/100\n|-fieldstart|move: Grassy Terrain|[from] ability: Grassy Surge|[of] p1b: \u9ed1\u9ed1\u7684\u7329\n|move|p2a: Ursaluna|Vacuum Wave|p1b: \u9ed1\u9ed1\u7684\u7329\n|-damage|p1b: \u9ed1\u9ed1\u7684\u7329|92\/100\n|move|p1a: \u5927\u5927\u7684\u5c06|Sucker Punch|p2b: Dragonite\n|-damage|p2b: Dragonite|0 fnt\n|faint|p2b: Dragonite\n|\n|-heal|p2a: Ursaluna|40\/100|[from] Grassy Terrain\n|-heal|p1b: \u9ed1\u9ed1\u7684\u7329|98\/100|[from] Grassy Terrain\n|upkeep\n|\n|t:|1729310834\n|switch|p2b: Annihilape|Annihilape, L50, M|100\/100\n|turn|4\n|j| Angello7796\n|\n|t:|1729310875\n|move|p1a: \u5927\u5927\u7684\u5c06|Protect|p1a: \u5927\u5927\u7684\u5c06\n|-singleturn|p1a: \u5927\u5927\u7684\u5c06|Protect\n|move|p2b: Annihilape|Close Combat|p1b: \u9ed1\u9ed1\u7684\u7329\n|-damage|p1b: \u9ed1\u9ed1\u7684\u7329|48\/100\n|-unboost|p2b: Annihilape|def|1\n|-unboost|p2b: Annihilape|spd|1\n|move|p2a: Ursaluna|Blood Moon|p1b: \u9ed1\u9ed1\u7684\u7329\n|-damage|p1b: \u9ed1\u9ed1\u7684\u7329|0 fnt\n|faint|p1b: \u9ed1\u9ed1\u7684\u7329\n|\n|-heal|p2a: Ursaluna|46\/100|[from] Grassy Terrain\n|upkeep\n|\n|t:|1729310880\n|switch|p1b: \u5bcc\u5bcc\u7684\u8c6a|Gholdengo, L50, shiny, tera:Steel|37\/100\n|turn|5\n|\n|t:|1729310899\n|move|p2a: Ursaluna|Vacuum Wave|p1b: \u5bcc\u5bcc\u7684\u8c6a\n|-supereffective|p1b: \u5bcc\u5bcc\u7684\u8c6a\n|-damage|p1b: \u5bcc\u5bcc\u7684\u8c6a|8\/100\n|move|p1a: \u5927\u5927\u7684\u5c06|Sucker Punch|p2b: Annihilape\n|-damage|p2b: Annihilape|19\/100\n|move|p2b: Annihilape|Close Combat|p1a: \u5927\u5927\u7684\u5c06\n|-supereffective|p1a: \u5927\u5927\u7684\u5c06\n|-damage|p1a: \u5927\u5927\u7684\u5c06|0 fnt\n|-unboost|p2b: Annihilape|def|1\n|-unboost|p2b: Annihilape|spd|1\n|faint|p1a: \u5927\u5927\u7684\u5c06\n|move|p1b: \u5bcc\u5bcc\u7684\u8c6a|Make It Rain|p2b: Annihilape|[spread] p2a,p2b\n|-damage|p2a: Ursaluna|0 fnt\n|-damage|p2b: Annihilape|0 fnt\n|-unboost|p1b: \u5bcc\u5bcc\u7684\u8c6a|spa|1\n|faint|p2a: Ursaluna\n|faint|p2b: Annihilape\n|\n|-heal|p1b: \u5bcc\u5bcc\u7684\u8c6a|14\/100|[from] Grassy Terrain\n|-sideend|p2: tyuiop112|move: Tailwind\n|upkeep\n|\n|t:|1729310908\n|switch|p2a: Gholdengo|Gholdengo, L50|100\/100\n|turn|6\n|-message|qiyeO.o forfeited.\n|\n|win|tyuiop112\n|raw|qiyeO.o's rating: 1791 &rarr; <strong>1765<\/strong><br \/>(-26 for losing)\n|raw|tyuiop112's rating: 1688 &rarr; <strong>1714<\/strong><br \/>(+26 for winning)\n|l|\u2606qiyeO.o\n|player|p1|\n|l|\u2606tyuiop112\n|player|p2|\n","uploadtime":1729311079,"views":23,"formatid":"gen9vgc2024regh","rating":1714,"private":0,"password":null}