{"id":"gen9vgc2024regh-2226895514","format":"[Gen 9] VGC 2024 Reg H","players":["boby maltezer","Federic_0"],"log":"|j|\u2606boby maltezer\n|j|\u2606Federic_0\n|t:|1729418906\n|gametype|doubles\n|player|p1|boby maltezer|101|1657\n|player|p2|Federic_0|ghetsis-gen5bw|1758\n|teamsize|p1|6\n|teamsize|p2|6\n|gen|9\n|tier|[Gen 9] VGC 2024 Reg H\n|rated|\n|rule|Species Clause: Limit one of each Pok\u00e9mon\n|rule|Item Clause: Limit 1 of each item\n|clearpoke\n|poke|p1|Rillaboom, L50, F|\n|poke|p1|Kingambit, L50, F|\n|poke|p1|Dragapult, L50, M|\n|poke|p1|Primarina, L50, M|\n|poke|p1|Electabuzz, L50, M|\n|poke|p1|Blaziken, L50, M|\n|poke|p2|Whimsicott, L50, M|\n|poke|p2|Sneasler, L50, M|\n|poke|p2|Ceruledge, L50, M|\n|poke|p2|Hydreigon, L50, F|\n|poke|p2|Primarina, L50, F|\n|poke|p2|Rillaboom, L50, F|\n|teampreview|4\n|inactive|Battle timer is ON: inactive players will automatically lose when time's up. (requested by Federic_0)\n|\n|t:|1729418943\n|start\n|switch|p1a: Dragapult|Dragapult, L50, M, shiny|100\/100\n|switch|p1b: Rillaboom|Rillaboom, L50, F, shiny|100\/100\n|switch|p2a: Sneasler|Sneasler, L50, M|100\/100\n|switch|p2b: Ceruledge|Ceruledge, L50, M|100\/100\n|-fieldstart|move: Grassy Terrain|[from] ability: Grassy Surge|[of] p1b: Rillaboom\n|turn|1\n|inactive|Federic_0 has 30 seconds left.\n|\n|t:|1729418974\n|-terastallize|p1a: Dragapult|Dragon\n|move|p2a: Sneasler|Protect|p2a: Sneasler\n|-singleturn|p2a: Sneasler|Protect\n|move|p2b: Ceruledge|Protect|p2b: Ceruledge\n|-singleturn|p2b: Ceruledge|Protect\n|move|p1b: Rillaboom|Fake Out|p2a: Sneasler\n|-activate|p2a: Sneasler|move: Protect\n|move|p1a: Dragapult|Dragon Darts|p2a: Sneasler\n|-activate|p2b: Ceruledge|move: Protect\n|\n|upkeep\n|turn|2\n|\n|t:|1729418987\n|switch|p2a: Whimsicott|Whimsicott, L50, M|100\/100\n|switch|p2b: Primarina|Primarina, L50, F|100\/100\n|move|p1b: Rillaboom|Grassy Glide|p2a: Whimsicott\n|-resisted|p2a: Whimsicott\n|-damage|p2a: Whimsicott|64\/100\n|move|p1a: Dragapult|Dragon Darts|p2a: Whimsicott\n|\n|-heal|p2a: Whimsicott|70\/100|[from] Grassy Terrain\n|upkeep\n|turn|3\n|j| mr pogostick\n|\n|t:|1729419009\n|switch|p1a: Primarina|Primarina, L50, M, shiny|100\/100\n|switch|p2b: Ceruledge|Ceruledge, L50, M|100\/100\n|move|p2a: Whimsicott|Moonblast|p1a: Primarina\n|-damage|p1a: Primarina|68\/100\n|move|p1b: Rillaboom|Wood Hammer|p2a: Whimsicott\n|-resisted|p2a: Whimsicott\n|-damage|p2a: Whimsicott|0 fnt\n|faint|p2a: Whimsicott\n|-damage|p1b: Rillaboom|85\/100|[from] Recoil\n|\n|-heal|p1b: Rillaboom|91\/100|[from] Grassy Terrain\n|-heal|p1a: Primarina|74\/100|[from] Grassy Terrain\n|upkeep\n|\n|t:|1729419014\n|switch|p2a: Sneasler|Sneasler, L50, M|100\/100\n|turn|4\n|j| pkcdf\n|\n|t:|1729419037\n|switch|p1b: Dragapult|Dragapult, L50, M, shiny, tera:Dragon|100\/100\n|move|p1a: Primarina|Protect|p1a: Primarina\n|-singleturn|p1a: Primarina|Protect\n|move|p2a: Sneasler|Dire Claw|p1a: Primarina\n|-activate|p1a: Primarina|move: Protect\n|move|p2b: Ceruledge|Bitter Blade|p1a: Primarina\n|-activate|p1a: Primarina|move: Protect\n|\n|-heal|p1a: Primarina|81\/100|[from] Grassy Terrain\n|upkeep\n|turn|5\n|inactive|boby maltezer has 30 seconds left.\n|inactive|Federic_0 has 30 seconds left.\n|l| pkcdf\n|inactive|boby maltezer has 20 seconds left.\n|inactive|Federic_0 has 20 seconds left.\n|inactive|boby maltezer has 15 seconds left.\n|inactive|Federic_0 has 15 seconds left.\n|inactive|Federic_0 has 10 seconds left.\n|inactive|Federic_0 has 5 seconds left.\n|\n|t:|1729419089\n|switch|p2a: Primarina|Primarina, L50, F|100\/100\n|switch|p1a: Rillaboom|Rillaboom, L50, F, shiny|91\/100\n|-terastallize|p2b: Ceruledge|Steel\n|move|p1b: Dragapult|Dragon Darts|p2b: Ceruledge\n|-resisted|p2b: Ceruledge\n|-damage|p2b: Ceruledge|61\/100\n|-anim|p1b: Dragapult|Dragon Darts|p2b: Ceruledge\n|-resisted|p2b: Ceruledge\n|-damage|p2b: Ceruledge|26\/100\n|move|p2b: Ceruledge|Poltergeist|p1b: Dragapult|[miss]\n|-miss|p2b: Ceruledge|p1b: Dragapult\n|\n|-heal|p2b: Ceruledge|32\/100|[from] Grassy Terrain\n|-heal|p1a: Rillaboom|97\/100|[from] Grassy Terrain\n|-fieldend|move: Grassy Terrain\n|upkeep\n|turn|6\n|\n|t:|1729419111\n|switch|p1b: Kingambit|Kingambit, L50, F|100\/100\n|switch|p1a: Primarina|Primarina, L50, M, shiny|81\/100\n|move|p2b: Ceruledge|Protect|p2b: Ceruledge\n|-singleturn|p2b: Ceruledge|Protect\n|move|p2a: Primarina|Moonblast|p1b: Kingambit\n|-damage|p1b: Kingambit|70\/100\n|\n|upkeep\n|turn|7\n|\n|t:|1729419132\n|move|p1b: Kingambit|Sucker Punch|p2b: Ceruledge\n|-damage|p2b: Ceruledge|0 fnt\n|faint|p2b: Ceruledge\n|move|p1a: Primarina|Hyper Voice|p2a: Primarina\n|-resisted|p2a: Primarina\n|-damage|p2a: Primarina|80\/100\n|move|p2a: Primarina|Moonblast|p1a: Primarina\n|-damage|p1a: Primarina|36\/100\n|-enditem|p1a: Primarina|Sitrus Berry|[eat]\n|-heal|p1a: Primarina|61\/100|[from] item: Sitrus Berry\n|\n|upkeep\n|\n|t:|1729419135\n|switch|p2b: Sneasler|Sneasler, L50, M|100\/100\n|turn|8\n|\n|t:|1729419151\n|move|p2b: Sneasler|Dire Claw|p1a: Primarina\n|-supereffective|p1a: Primarina\n|-damage|p1a: Primarina|0 fnt\n|faint|p1a: Primarina\n|move|p2a: Primarina|Moonblast|p1b: Kingambit\n|-damage|p1b: Kingambit|38\/100\n|-unboost|p1b: Kingambit|spa|1\n|-ability|p1b: Kingambit|Defiant|boost\n|-boost|p1b: Kingambit|atk|2\n|move|p1b: Kingambit|Iron Head|p2a: Primarina\n|-damage|p2a: Primarina|0 fnt\n|faint|p2a: Primarina\n|\n|upkeep\n|\n|t:|1729419163\n|switch|p1a: Dragapult|Dragapult, L50, M, shiny, tera:Dragon|100\/100\n|turn|9\n|l| mr pogostick\n|inactive|Federic_0 has 30 seconds left.\n|inactive|Federic_0 has 20 seconds left.\n|inactive|Federic_0 has 15 seconds left.\n|inactive|Federic_0 has 10 seconds left.\n|\n|t:|1729419208\n|move|p1a: Dragapult|Dragon Darts|p2b: Sneasler\n|-damage|p2b: Sneasler|6\/100\n|-anim|p1a: Dragapult|Dragon Darts|p2b: Sneasler\n|-damage|p2b: Sneasler|0 fnt\n|faint|p2b: Sneasler\n|\n|win|boby maltezer\n|raw|boby maltezer's rating: 1657 &rarr; <strong>1681<\/strong><br \/>(+24 for winning)\n|raw|Federic_0's rating: 1725 &rarr; <strong>1701<\/strong><br \/>(-24 for losing)\n|l|\u2606boby maltezer\n|player|p1|\n|l|\u2606Federic_0\n|player|p2|\n","uploadtime":1729419378,"views":4,"formatid":"gen9vgc2024regh","rating":1681,"private":0,"password":null}