{"id":"gen9vgc2024regh-2226154610","format":"[Gen 9] VGC 2024 Reg H","players":["IDKWHATTODOANYMORE","catsharknado"],"log":"|j|\u2606IDKWHATTODOANYMORE\n|j|\u2606catsharknado\n|t:|1729311900\n|gametype|doubles\n|player|p1|IDKWHATTODOANYMORE|steven|1695\n|player|p2|catsharknado|102|1709\n|teamsize|p1|6\n|teamsize|p2|6\n|gen|9\n|tier|[Gen 9] VGC 2024 Reg H\n|rated|\n|rule|Species Clause: Limit one of each Pok\u00e9mon\n|rule|Item Clause: Limit 1 of each item\n|clearpoke\n|poke|p1|Excadrill, L50, M|\n|poke|p1|Tyranitar, L50, M|\n|poke|p1|Kommo-o, L50, M|\n|poke|p1|Indeedee, L50, M|\n|poke|p1|Corviknight, L50, M|\n|poke|p1|Samurott-Hisui, L50, M|\n|poke|p2|Annihilape, L50, F|\n|poke|p2|Pelipper, L50, M|\n|poke|p2|Sinistcha, L50|\n|poke|p2|Maushold-Four, L50|\n|poke|p2|Archaludon, L50, F|\n|poke|p2|Grimmsnarl, L50, M|\n|teampreview|4\n|inactive|Battle timer is ON: inactive players will automatically lose when time's up. (requested by catsharknado)\n|inactive|IDKWHATTODOANYMORE also wants the timer to be on.\n|\n|t:|1729311928\n|start\n|switch|p1a: Frosted Flakes|Indeedee, L50, M, shiny|100\/100\n|switch|p1b: Reeses Puffs|Kommo-o, L50, M, shiny|100\/100\n|switch|p2a: Grimmsnarl|Grimmsnarl, L50, M|100\/100\n|switch|p2b: Annihilape|Annihilape, L50, F|100\/100\n|-fieldstart|move: Psychic Terrain|[from] ability: Psychic Surge|[of] p1a: Frosted Flakes\n|-enditem|p1a: Frosted Flakes|Psychic Seed\n|-boost|p1a: Frosted Flakes|spd|1|[from] item: Psychic Seed\n|turn|1\n|\n|t:|1729311948\n|-terastallize|p1b: Reeses Puffs|Ghost\n|move|p1a: Frosted Flakes|Protect|p1a: Frosted Flakes\n|-singleturn|p1a: Frosted Flakes|Protect\n|move|p2a: Grimmsnarl|Light Screen|p2a: Grimmsnarl\n|-sidestart|p2: catsharknado|move: Light Screen\n|move|p2b: Annihilape|Bulk Up|p2b: Annihilape\n|-boost|p2b: Annihilape|atk|1\n|-boost|p2b: Annihilape|def|1\n|move|p1b: Reeses Puffs|Aura Sphere|p2a: Grimmsnarl\n|-damage|p2a: Grimmsnarl|65\/100\n|\n|upkeep\n|turn|2\n|inactive|catsharknado has 30 seconds left.\n|inactive|catsharknado has 20 seconds left.\n|\n|t:|1729311984\n|-terastallize|p2b: Annihilape|Water\n|move|p2a: Grimmsnarl|Reflect|p2a: Grimmsnarl\n|-sidestart|p2: catsharknado|Reflect\n|move|p2b: Annihilape|Bulk Up|p2b: Annihilape\n|-boost|p2b: Annihilape|atk|1\n|-boost|p2b: Annihilape|def|1\n|move|p1a: Frosted Flakes|Expanding Force|p2a: Grimmsnarl|[spread] p2b\n|-immune|p2a: Grimmsnarl\n|-damage|p2b: Annihilape|71\/100\n|move|p1b: Reeses Puffs|Aura Sphere|p2a: Grimmsnarl\n|-damage|p2a: Grimmsnarl|29\/100\n|\n|-heal|p2b: Annihilape|77\/100|[from] item: Leftovers\n|upkeep\n|turn|3\n|\n|t:|1729312000\n|switch|p2a: Sinistcha|Sinistcha, L50|100\/100\n|-heal|p2b: Annihilape|100\/100|[from] ability: Hospitality|[of] p2a: Sinistcha\n|move|p2b: Annihilape|Drain Punch|p1a: Frosted Flakes\n|-damage|p1a: Frosted Flakes|26\/100\n|move|p1a: Frosted Flakes|Expanding Force|p2b: Annihilape|[spread] p2a,p2b\n|-damage|p2a: Sinistcha|71\/100\n|-damage|p2b: Annihilape|72\/100\n|move|p1b: Reeses Puffs|Aura Sphere|p2a: Sinistcha\n|-immune|p2a: Sinistcha\n|\n|-heal|p2b: Annihilape|78\/100|[from] item: Leftovers\n|upkeep\n|turn|4\n|inactive|catsharknado has 30 seconds left.\n|\n|t:|1729312026\n|move|p2b: Annihilape|Drain Punch|p1a: Frosted Flakes\n|-damage|p1a: Frosted Flakes|0 fnt\n|-heal|p2b: Annihilape|89\/100|[from] drain|[of] p1a: Frosted Flakes\n|faint|p1a: Frosted Flakes\n|move|p1b: Reeses Puffs|Aura Sphere|p2b: Annihilape\n|-damage|p2b: Annihilape|55\/100\n|move|p2a: Sinistcha|Life Dew|p2a: Sinistcha|[spread] p2a,p2b\n|-heal|p2a: Sinistcha|96\/100\n|-heal|p2b: Annihilape|80\/100\n|\n|-heal|p2b: Annihilape|86\/100|[from] item: Leftovers\n|upkeep\n|\n|t:|1729312042\n|switch|p1a: Cheerios|Tyranitar, L50, M, shiny|100\/100\n|-weather|Sandstorm|[from] ability: Sand Stream|[of] p1a: Cheerios\n|turn|5\n|\n|t:|1729312048\n|switch|p2a: Maushold|Maushold-Four, L50|100\/100\n|move|p1a: Cheerios|Rock Slide|p2b: Annihilape|[spread] p2b\n|-miss|p1a: Cheerios|p2a: Maushold\n|-damage|p2b: Annihilape|78\/100\n|move|p2b: Annihilape|Rage Fist|p1b: Reeses Puffs\n|-supereffective|p1b: Reeses Puffs\n|-damage|p1b: Reeses Puffs|0 fnt\n|faint|p1b: Reeses Puffs\n|\n|-weather|Sandstorm|[upkeep]\n|-damage|p2b: Annihilape|72\/100|[from] Sandstorm\n|-heal|p2b: Annihilape|78\/100|[from] item: Leftovers\n|-fieldend|move: Psychic Terrain\n|upkeep\n|\n|t:|1729312056\n|switch|p1b: Lucky Charms|Excadrill, L50, M, shiny|100\/100\n|turn|6\n|\n|t:|1729312064\n|switch|p2a: Sinistcha|Sinistcha, L50|96\/100\n|-heal|p2b: Annihilape|100\/100|[from] ability: Hospitality|[of] p2a: Sinistcha\n|move|p1b: Lucky Charms|Rock Slide|p2a: Sinistcha|[spread] p2a,p2b\n|-damage|p2a: Sinistcha|83\/100\n|-damage|p2b: Annihilape|93\/100\n|move|p1a: Cheerios|Rock Slide|p2a: Sinistcha|[spread] p2a,p2b\n|-damage|p2a: Sinistcha|66\/100\n|-damage|p2b: Annihilape|82\/100\n|move|p2b: Annihilape|Drain Punch|p1a: Cheerios\n|-supereffective|p1a: Cheerios\n|-damage|p1a: Cheerios|0 fnt\n|-heal|p2b: Annihilape|100\/100|[from] drain|[of] p1a: Cheerios\n|faint|p1a: Cheerios\n|\n|-weather|Sandstorm|[upkeep]\n|-damage|p2b: Annihilape|94\/100|[from] Sandstorm\n|-damage|p2a: Sinistcha|59\/100|[from] Sandstorm\n|-heal|p2b: Annihilape|100\/100|[from] item: Leftovers\n|upkeep\n|turn|7\n|-message|IDKWHATTODOANYMORE forfeited.\n|\n|win|catsharknado\n|raw|IDKWHATTODOANYMORE's rating: 1695 &rarr; <strong>1676<\/strong><br \/>(-19 for losing)\n|raw|catsharknado's rating: 1709 &rarr; <strong>1728<\/strong><br \/>(+19 for winning)\n|l|\u2606IDKWHATTODOANYMORE\n|player|p1|\n|l|\u2606catsharknado\n|player|p2|\n","uploadtime":1729312327,"views":9,"formatid":"gen9vgc2024regh","rating":1676,"private":0,"password":null}