{"id":"gen9vgc2024regh-2226274873","format":"[Gen 9] VGC 2024 Reg H","players":["sawawa256","Federic_0"],"log":"|j|\u2606sawawa256\n|j|\u2606Federic_0\n|t:|1729335244\n|gametype|doubles\n|player|p1|sawawa256|hilbert|1665\n|player|p2|Federic_0|ghetsis-gen5bw|1814\n|teamsize|p1|6\n|teamsize|p2|6\n|gen|9\n|tier|[Gen 9] VGC 2024 Reg H\n|rated|\n|rule|Species Clause: Limit one of each Pok\u00e9mon\n|rule|Item Clause: Limit 1 of each item\n|clearpoke\n|poke|p1|Rillaboom, L50, M|\n|poke|p1|Gholdengo, L50|\n|poke|p1|Maushold-Four, L50|\n|poke|p1|Dragonite, L50, M|\n|poke|p1|Garchomp, L50, M|\n|poke|p1|Blaziken, L50, F|\n|poke|p2|Whimsicott, L50, F|\n|poke|p2|Sneasler, L50, F|\n|poke|p2|Ceruledge, L50, M|\n|poke|p2|Hydreigon, L50, F|\n|poke|p2|Primarina, L50, F|\n|poke|p2|Rillaboom, L50, M|\n|teampreview|4\n|inactive|Battle timer is ON: inactive players will automatically lose when time's up. (requested by sawawa256)\n|\n|t:|1729335283\n|start\n|switch|p1a: Gholdengo|Gholdengo, L50|100\/100\n|switch|p1b: Garchomp|Garchomp, L50, M|100\/100\n|switch|p2a: Sneasler|Sneasler, L50, F|100\/100\n|switch|p2b: Ceruledge|Ceruledge, L50, M|100\/100\n|turn|1\n|inactive|sawawa256 has 30 seconds left.\n|inactive|sawawa256 has 20 seconds left.\n|inactive|sawawa256 has 15 seconds left.\n|\n|t:|1729335323\n|move|p2b: Ceruledge|Protect|p2b: Ceruledge\n|-singleturn|p2b: Ceruledge|Protect\n|move|p2a: Sneasler|Coaching|p2b: Ceruledge\n|-boost|p2b: Ceruledge|atk|1\n|-boost|p2b: Ceruledge|def|1\n|move|p1b: Garchomp|Stomping Tantrum|p2b: Ceruledge\n|-activate|p2b: Ceruledge|move: Protect\n|move|p1a: Gholdengo|Shadow Ball|p2b: Ceruledge\n|-activate|p2b: Ceruledge|move: Protect\n|\n|upkeep\n|turn|2\n|\n|t:|1729335343\n|move|p2a: Sneasler|Coaching|p2b: Ceruledge\n|-boost|p2b: Ceruledge|atk|1\n|-boost|p2b: Ceruledge|def|1\n|move|p1b: Garchomp|Stomping Tantrum|p2b: Ceruledge\n|-supereffective|p2b: Ceruledge\n|-crit|p2b: Ceruledge\n|-damage|p2b: Ceruledge|0 fnt\n|faint|p2b: Ceruledge\n|move|p1a: Gholdengo|Shadow Ball|p2a: Sneasler\n|-damage|p2a: Sneasler|11\/100\n|\n|upkeep\n|c|\u2606Federic_0|wow\n|c|\u2606Federic_0|absolutely insane\n|\n|t:|1729335357\n|switch|p2b: Whimsicott|Whimsicott, L50, F|100\/100\n|turn|3\n|inactive|sawawa256 has 30 seconds left.\n|\n|t:|1729335389\n|move|p2a: Sneasler|Close Combat|p1b: Garchomp\n|-damage|p1b: Garchomp|38\/100\n|-unboost|p2a: Sneasler|def|1\n|-unboost|p2a: Sneasler|spd|1\n|-damage|p2a: Sneasler|0 fnt|[from] ability: Rough Skin|[of] p1b: Garchomp\n|faint|p2a: Sneasler\n|move|p2b: Whimsicott|Moonblast|p1b: Garchomp\n|-supereffective|p1b: Garchomp\n|-damage|p1b: Garchomp|0 fnt\n|faint|p1b: Garchomp\n|move|p1a: Gholdengo|Shadow Ball|p2b: Whimsicott\n|-damage|p2b: Whimsicott|0 fnt\n|faint|p2b: Whimsicott\n|\n|upkeep\n|\n|t:|1729335404\n|switch|p2b: Primarina|Primarina, L50, F|100\/100\n|switch|p1b: Rillaboom|Rillaboom, L50, M|100\/100\n|-fieldstart|move: Grassy Terrain|[from] ability: Grassy Surge|[of] p1b: Rillaboom\n|turn|4\n|c|\u2606Federic_0|imagine you dont fucking crit at the perfect time\n|\n|t:|1729335414\n|move|p1b: Rillaboom|Fake Out|p2b: Primarina\n|-damage|p2b: Primarina|83\/100\n|move|p1a: Gholdengo|Shadow Ball|p2b: Primarina\n|-damage|p2b: Primarina|20\/100\n|cant|p2b: Primarina|flinch\n|\n|-heal|p2b: Primarina|26\/100|[from] Grassy Terrain\n|upkeep\n|turn|5\n|c|\u2606sawawa256|i think so\n|\n|t:|1729335432\n|move|p1b: Rillaboom|Grassy Glide|p2b: Primarina\n|-supereffective|p2b: Primarina\n|-damage|p2b: Primarina|0 fnt\n|faint|p2b: Primarina\n|\n|win|sawawa256\n|raw|sawawa256's rating: 1665 &rarr; <strong>1692<\/strong><br \/>(+27 for winning)\n|raw|Federic_0's rating: 1796 &rarr; <strong>1769<\/strong><br \/>(-27 for losing)\n|l|\u2606Federic_0\n|player|p2|\n|c|\u2606sawawa256|cerludge would atack garchop?\n","uploadtime":1729335702,"views":8,"formatid":"gen9vgc2024regh","rating":1692,"private":0,"password":null}