{"id":"gen9vgc2024regh-2226279488","format":"[Gen 9] VGC 2024 Reg H","players":["sawawa256","Federic_0"],"log":"|j|\u2606sawawa256\n|j|\u2606Federic_0\n|t:|1729336070\n|gametype|doubles\n|player|p1|sawawa256|hilbert|1702\n|player|p2|Federic_0|ghetsis-gen5bw|1754\n|teamsize|p1|6\n|teamsize|p2|6\n|gen|9\n|tier|[Gen 9] VGC 2024 Reg H\n|rated|\n|rule|Species Clause: Limit one of each Pok\u00e9mon\n|rule|Item Clause: Limit 1 of each item\n|clearpoke\n|poke|p1|Rillaboom, L50, F|\n|poke|p1|Gholdengo, L50|\n|poke|p1|Maushold-Four, L50|\n|poke|p1|Dragonite, L50, F|\n|poke|p1|Garchomp, L50, F|\n|poke|p1|Blaziken, L50, F|\n|poke|p2|Whimsicott, L50, M|\n|poke|p2|Sneasler, L50, F|\n|poke|p2|Ceruledge, L50, M|\n|poke|p2|Hydreigon, L50, M|\n|poke|p2|Primarina, L50, F|\n|poke|p2|Rillaboom, L50, M|\n|teampreview|4\n|inactive|Battle timer is ON: inactive players will automatically lose when time's up. (requested by sawawa256)\n|inactive|sawawa256 has 60 seconds left.\n|\n|t:|1729336109\n|start\n|switch|p1a: Dragonite|Dragonite, L50, F|100\/100\n|switch|p1b: Garchomp|Garchomp, L50, F|100\/100\n|switch|p2a: Whimsicott|Whimsicott, L50, M|100\/100\n|switch|p2b: Hydreigon|Hydreigon, L50, M|100\/100\n|turn|1\n|\n|t:|1729336127\n|move|p2a: Whimsicott|Tailwind|p2a: Whimsicott\n|-sidestart|p2: Federic_0|move: Tailwind\n|move|p2b: Hydreigon|Draco Meteor|p1b: Garchomp\n|-supereffective|p1b: Garchomp\n|-damage|p1b: Garchomp|0 fnt\n|-unboost|p2b: Hydreigon|spa|2\n|faint|p1b: Garchomp\n|-damage|p2b: Hydreigon|91\/100|[from] item: Life Orb\n|move|p1a: Dragonite|Tailwind|p1a: Dragonite\n|-sidestart|p1: sawawa256|move: Tailwind\n|\n|upkeep\n|\n|t:|1729336138\n|switch|p1b: Gholdengo|Gholdengo, L50|100\/100\n|turn|2\n|\n|t:|1729336154\n|-terastallize|p1b: Gholdengo|Fairy\n|move|p1a: Dragonite|Extreme Speed|p2a: Whimsicott\n|-damage|p2a: Whimsicott|56\/100\n|move|p2a: Whimsicott|Moonblast|p1a: Dragonite\n|-supereffective|p1a: Dragonite\n|-damage|p1a: Dragonite|59\/100\n|move|p2b: Hydreigon|Draco Meteor|p1a: Dragonite\n|-supereffective|p1a: Dragonite\n|-damage|p1a: Dragonite|0 fnt\n|-unboost|p2b: Hydreigon|spa|2\n|faint|p1a: Dragonite\n|-damage|p2b: Hydreigon|81\/100|[from] item: Life Orb\n|move|p1b: Gholdengo|Dazzling Gleam|p2a: Whimsicott|[spread] p2a,p2b\n|-supereffective|p2b: Hydreigon\n|-damage|p2a: Whimsicott|0 fnt\n|-damage|p2b: Hydreigon|0 fnt\n|faint|p2a: Whimsicott\n|faint|p2b: Hydreigon\n|\n|upkeep\n|\n|t:|1729336170\n|switch|p2a: Sneasler|Sneasler, L50, F|100\/100\n|switch|p2b: Ceruledge|Ceruledge, L50, M|100\/100\n|switch|p1a: Blaziken|Blaziken, L50, F|100\/100\n|turn|3\n|\n|t:|1729336182\n|move|p2a: Sneasler|Dire Claw|p1b: Gholdengo\n|-supereffective|p1b: Gholdengo\n|-damage|p1b: Gholdengo|15\/100\n|move|p2b: Ceruledge|Poltergeist|p1b: Gholdengo\n|-activate|p1b: Gholdengo|move: Poltergeist|Choice Specs\n|-damage|p1b: Gholdengo|0 fnt\n|faint|p1b: Gholdengo\n|move|p1a: Blaziken|Knock Off|p2b: Ceruledge\n|-supereffective|p2b: Ceruledge\n|-damage|p2b: Ceruledge|0 fnt\n|-enditem|p2b: Ceruledge|Clear Amulet|[from] move: Knock Off|[of] p1a: Blaziken\n|faint|p2b: Ceruledge\n|-damage|p1a: Blaziken|91\/100|[from] item: Life Orb\n|\n|-ability|p1a: Blaziken|Speed Boost|boost\n|-boost|p1a: Blaziken|spe|1\n|upkeep\n|turn|4\n|\n|t:|1729336198\n|move|p1a: Blaziken|Protect|p1a: Blaziken\n|-singleturn|p1a: Blaziken|Protect\n|move|p2a: Sneasler|Close Combat|p1a: Blaziken\n|-activate|p1a: Blaziken|move: Protect\n|\n|-sideend|p1: sawawa256|move: Tailwind\n|-sideend|p2: Federic_0|move: Tailwind\n|-ability|p1a: Blaziken|Speed Boost|boost\n|-boost|p1a: Blaziken|spe|1\n|upkeep\n|turn|5\n|\n|t:|1729336209\n|move|p1a: Blaziken|Knock Off|p2a: Sneasler\n|-resisted|p2a: Sneasler\n|-damage|p2a: Sneasler|63\/100\n|-enditem|p2a: Sneasler|Focus Sash|[from] move: Knock Off|[of] p1a: Blaziken\n|-damage|p1a: Blaziken|81\/100|[from] item: Life Orb\n|move|p2a: Sneasler|Close Combat|p1a: Blaziken\n|-damage|p1a: Blaziken|0 fnt\n|-unboost|p2a: Sneasler|def|1\n|-unboost|p2a: Sneasler|spd|1\n|faint|p1a: Blaziken\n|\n|win|Federic_0\n|raw|sawawa256's rating: 1702 &rarr; <strong>1686<\/strong><br \/>(-16 for losing)\n|raw|Federic_0's rating: 1769 &rarr; <strong>1785<\/strong><br \/>(+16 for winning)\n|l|\u2606Federic_0\n|player|p2|\n","uploadtime":1729336383,"views":18,"formatid":"gen9vgc2024regh","rating":1686,"private":0,"password":null}