{"id":"gen9vgc2024regh-2226125930","format":"[Gen 9] VGC 2024 Reg H","players":["bluestraggler01","magnusmagnum"],"log":"|j|\u2606bluestraggler01\n|j|\u2606magnusmagnum\n|t:|1729307732\n|gametype|doubles\n|player|p1|bluestraggler01|170|1775\n|player|p2|magnusmagnum|170|1814\n|teamsize|p1|6\n|teamsize|p2|6\n|gen|9\n|tier|[Gen 9] VGC 2024 Reg H\n|rated|\n|rule|Species Clause: Limit one of each Pok\u00e9mon\n|rule|Item Clause: Limit 1 of each item\n|clearpoke\n|poke|p1|Krookodile, L50, F|\n|poke|p1|Talonflame, L50, F|\n|poke|p1|Glimmora, L50, F|\n|poke|p1|Archaludon, L50, F|\n|poke|p1|Pelipper, L50, M|\n|poke|p1|Annihilape, L50, F|\n|poke|p2|Sneasler, L50, M|\n|poke|p2|Mimikyu, L50, M|\n|poke|p2|Ursaluna-Bloodmoon, L50, M|\n|poke|p2|Garchomp, L50, F|\n|poke|p2|Rillaboom, L50, M|\n|poke|p2|Gholdengo, L50|\n|teampreview|4\n|inactive|Battle timer is ON: inactive players will automatically lose when time's up. (requested by bluestraggler01)\nbluestraggler01 rejected open team sheets.\n|inactive|magnusmagnum has 60 seconds left.\n|\n|t:|1729307810\n|start\n|switch|p1a: \u773c\u5f71\u4e01\u771f|Krookodile, L50, F|100\/100\n|switch|p1b: \u7ffc\u9e70\u4e01\u771f|Talonflame, L50, F|100\/100\n|switch|p2a: Ursaluna|Ursaluna-Bloodmoon, L50, M|100\/100\n|switch|p2b: Sneasler|Sneasler, L50, M|100\/100\n|-ability|p1a: \u773c\u5f71\u4e01\u771f|Intimidate|boost\n|-unboost|p2a: Ursaluna|atk|1\n|-unboost|p2b: Sneasler|atk|1\n|turn|1\n|inactive|bluestraggler01 has 30 seconds left.\n|\n|t:|1729307837\n|move|p2b: Sneasler|Fake Out|p1a: \u773c\u5f71\u4e01\u771f\n|-damage|p1a: \u773c\u5f71\u4e01\u771f|89\/100\n|move|p1b: \u7ffc\u9e70\u4e01\u771f|Tailwind|p1b: \u7ffc\u9e70\u4e01\u771f\n|-sidestart|p1: bluestraggler01|move: Tailwind\n|cant|p1a: \u773c\u5f71\u4e01\u771f|flinch\n|move|p2a: Ursaluna|Hyper Voice|p1b: \u7ffc\u9e70\u4e01\u771f|[spread] p1a,p1b\n|-damage|p1a: \u773c\u5f71\u4e01\u771f|39\/100\n|-damage|p1b: \u7ffc\u9e70\u4e01\u771f|46\/100\n|\n|upkeep\n|turn|2\n|inactive|magnusmagnum has 30 seconds left.\n|\n|t:|1729307865\n|move|p2b: Sneasler|Protect|p2b: Sneasler\n|-singleturn|p2b: Sneasler|Protect\n|move|p1b: \u7ffc\u9e70\u4e01\u771f|Brave Bird|p2a: Ursaluna\n|-damage|p2a: Ursaluna|54\/100\n|-damage|p1b: \u7ffc\u9e70\u4e01\u771f|25\/100|[from] Recoil\n|-damage|p1b: \u7ffc\u9e70\u4e01\u771f|15\/100|[from] item: Life Orb\n|move|p1a: \u773c\u5f71\u4e01\u771f|Knock Off|p2a: Ursaluna\n|-damage|p2a: Ursaluna|0 fnt\n|-enditem|p2a: Ursaluna|Assault Vest|[from] move: Knock Off|[of] p1a: \u773c\u5f71\u4e01\u771f\n|faint|p2a: Ursaluna\n|\n|upkeep\n|\n|t:|1729307883\n|switch|p2a: Mimikyu|Mimikyu, L50, M|100\/100\n|turn|3\n|\n|t:|1729307894\n|switch|p1b: \u786c\u6cbf\u4e01\u771f|Archaludon, L50, F|100\/100\n|move|p2a: Mimikyu|Shadow Sneak|p1b: \u786c\u6cbf\u4e01\u771f\n|-damage|p1b: \u786c\u6cbf\u4e01\u771f|85\/100\n|-ability|p1b: \u786c\u6cbf\u4e01\u771f|Stamina|boost\n|-boost|p1b: \u786c\u6cbf\u4e01\u771f|def|1\n|-damage|p2a: Mimikyu|91\/100|[from] item: Life Orb\n|move|p1a: \u773c\u5f71\u4e01\u771f|Knock Off|p2a: Mimikyu\n|-activate|p2a: Mimikyu|ability: Disguise\n|-damage|p2a: Mimikyu|91\/100\n|-enditem|p2a: Mimikyu|Life Orb|[from] move: Knock Off|[of] p1a: \u773c\u5f71\u4e01\u771f\n|detailschange|p2a: Mimikyu|Mimikyu-Busted, L50, M\n|-damage|p2a: Mimikyu|78\/100|[from] pokemon: Mimikyu-Busted\n|move|p2b: Sneasler|Close Combat|p1a: \u773c\u5f71\u4e01\u771f\n|-supereffective|p1a: \u773c\u5f71\u4e01\u771f\n|-damage|p1a: \u773c\u5f71\u4e01\u771f|0 fnt\n|-unboost|p2b: Sneasler|def|1\n|-unboost|p2b: Sneasler|spd|1\n|faint|p1a: \u773c\u5f71\u4e01\u771f\n|\n|upkeep\n|\n|t:|1729307917\n|switch|p1a: \u96e8\u4e91\u4e01\u771f|Pelipper, L50, M|100\/100\n|-weather|RainDance|[from] ability: Drizzle|[of] p1a: \u96e8\u4e91\u4e01\u771f\n|turn|4\n|\n|t:|1729307944\n|switch|p2a: Garchomp|Garchomp, L50, F|100\/100\n|-terastallize|p1b: \u786c\u6cbf\u4e01\u771f|Bug\n|move|p2b: Sneasler|Protect|p2b: Sneasler\n|-singleturn|p2b: Sneasler|Protect\n|move|p1a: \u96e8\u4e91\u4e01\u771f|Weather Ball|p2a: Garchomp\n|-damage|p2a: Garchomp|5\/100\n|move|p1b: \u786c\u6cbf\u4e01\u771f|Electro Shot||[still]\n|-prepare|p1b: \u786c\u6cbf\u4e01\u771f|Electro Shot\n|-boost|p1b: \u786c\u6cbf\u4e01\u771f|spa|1\n|-anim|p1b: \u786c\u6cbf\u4e01\u771f|Electro Shot|p2b: Sneasler\n|-activate|p2b: Sneasler|move: Protect\n|\n|-weather|RainDance|[upkeep]\n|-sideend|p1: bluestraggler01|move: Tailwind\n|upkeep\n|turn|5\n|inactive|magnusmagnum has 30 seconds left.\n|inactive|magnusmagnum has 20 seconds left.\n|inactive|magnusmagnum has 15 seconds left.\n|\n|t:|1729307989\n|move|p2a: Garchomp|Rock Slide|p1a: \u96e8\u4e91\u4e01\u771f|[spread] p1a,p1b\n|-supereffective|p1a: \u96e8\u4e91\u4e01\u771f\n|-supereffective|p1b: \u786c\u6cbf\u4e01\u771f\n|-damage|p1a: \u96e8\u4e91\u4e01\u771f|50\/100\n|-damage|p1b: \u786c\u6cbf\u4e01\u771f|65\/100\n|-ability|p1b: \u786c\u6cbf\u4e01\u771f|Stamina|boost\n|-boost|p1b: \u786c\u6cbf\u4e01\u771f|def|1\n|move|p2b: Sneasler|Dire Claw|p1a: \u96e8\u4e91\u4e01\u771f\n|-damage|p1a: \u96e8\u4e91\u4e01\u771f|14\/100\n|-status|p1a: \u96e8\u4e91\u4e01\u771f|par\n|cant|p1b: \u786c\u6cbf\u4e01\u771f|flinch\n|cant|p1a: \u96e8\u4e91\u4e01\u771f|flinch\n|\n|-weather|RainDance|[upkeep]\n|upkeep\n|turn|6\n|\n|t:|1729308006\n|move|p2a: Garchomp|Rock Slide|p1a: \u96e8\u4e91\u4e01\u771f|[spread] p1a\n|-miss|p2a: Garchomp|p1b: \u786c\u6cbf\u4e01\u771f\n|-supereffective|p1a: \u96e8\u4e91\u4e01\u771f\n|-damage|p1a: \u96e8\u4e91\u4e01\u771f|0 fnt\n|faint|p1a: \u96e8\u4e91\u4e01\u771f\n|move|p2b: Sneasler|Dire Claw|p1b: \u786c\u6cbf\u4e01\u771f\n|-damage|p1b: \u786c\u6cbf\u4e01\u771f|56\/100\n|-status|p1b: \u786c\u6cbf\u4e01\u771f|slp\n|-ability|p1b: \u786c\u6cbf\u4e01\u771f|Stamina|boost\n|-boost|p1b: \u786c\u6cbf\u4e01\u771f|def|1\n|cant|p1b: \u786c\u6cbf\u4e01\u771f|slp\n|\n|-weather|RainDance|[upkeep]\n|upkeep\n|c|\u2606bluestraggler01|\uff1f\n|\n|t:|1729308016\n|switch|p1a: \u7ffc\u9e70\u4e01\u771f|Talonflame, L50, F|15\/100\n|turn|7\n|c|\u2606magnusmagnum|lol\n|\n|t:|1729308026\n|move|p2a: Garchomp|Rock Slide|p1b: \u786c\u6cbf\u4e01\u771f|[spread] p1a,p1b\n|-supereffective|p1a: \u7ffc\u9e70\u4e01\u771f\n|-supereffective|p1b: \u786c\u6cbf\u4e01\u771f\n|-damage|p1a: \u7ffc\u9e70\u4e01\u771f|0 fnt\n|-damage|p1b: \u786c\u6cbf\u4e01\u771f|43\/100 slp\n|-ability|p1b: \u786c\u6cbf\u4e01\u771f|Stamina|boost\n|-boost|p1b: \u786c\u6cbf\u4e01\u771f|def|1\n|faint|p1a: \u7ffc\u9e70\u4e01\u771f\n|move|p2b: Sneasler|Dire Claw|p1b: \u786c\u6cbf\u4e01\u771f\n|-damage|p1b: \u786c\u6cbf\u4e01\u771f|35\/100 slp\n|-ability|p1b: \u786c\u6cbf\u4e01\u771f|Stamina|boost\n|-boost|p1b: \u786c\u6cbf\u4e01\u771f|def|1\n|-curestatus|p1b: \u786c\u6cbf\u4e01\u771f|slp|[msg]\n|move|p1b: \u786c\u6cbf\u4e01\u771f|Flash Cannon|p2a: Garchomp\n|-damage|p2a: Garchomp|0 fnt\n|faint|p2a: Garchomp\n|\n|-weather|RainDance|[upkeep]\n|upkeep\n|\n|t:|1729308036\n|switch|p2a: Mimikyu|Mimikyu-Busted, L50, M|78\/100\n|turn|8\n|c|\u2606magnusmagnum|you still win hahaha\n|\n|t:|1729308055\n|-terastallize|p2a: Mimikyu|Ghost\n|move|p2b: Sneasler|Dire Claw|p1b: \u786c\u6cbf\u4e01\u771f\n|-damage|p1b: \u786c\u6cbf\u4e01\u771f|29\/100\n|-ability|p1b: \u786c\u6cbf\u4e01\u771f|Stamina|boost\n|-boost|p1b: \u786c\u6cbf\u4e01\u771f|def|1\n|move|p2a: Mimikyu|Shadow Claw|p1b: \u786c\u6cbf\u4e01\u771f\n|-damage|p1b: \u786c\u6cbf\u4e01\u771f|22\/100\n|move|p1b: \u786c\u6cbf\u4e01\u771f|Flash Cannon|p2a: Mimikyu\n|-damage|p2a: Mimikyu|2\/100\n|\n|-weather|none\n|upkeep\n|turn|9\n|-message|bluestraggler01 forfeited.\n|\n|win|magnusmagnum\n|raw|bluestraggler01's rating: 1775 &rarr; <strong>1757<\/strong><br \/>(-18 for losing)\n|raw|magnusmagnum's rating: 1814 &rarr; <strong>1832<\/strong><br \/>(+18 for winning)\n|l|\u2606bluestraggler01\n|player|p1|\n|l|\u2606magnusmagnum\n|player|p2|\n","uploadtime":1729308247,"views":36,"formatid":"gen9vgc2024regh","rating":1757,"private":0,"password":null}