{"id":"gen9vgc2024regh-2226089178","format":"[Gen 9] VGC 2024 Reg H","players":["Rgktest","Sazandoramx"],"log":"|j|\u2606Rgktest\n|j|\u2606Sazandoramx\n|t:|1729302938\n|gametype|doubles\n|player|p1|Rgktest|265|1725\n|player|p2|Sazandoramx|266|1691\n|teamsize|p1|6\n|teamsize|p2|6\n|gen|9\n|tier|[Gen 9] VGC 2024 Reg H\n|rated|\n|rule|Species Clause: Limit one of each Pok\u00e9mon\n|rule|Item Clause: Limit 1 of each item\n|clearpoke\n|poke|p1|Sneasler, L50, F|\n|poke|p1|Mimikyu, L50, F|\n|poke|p1|Ursaluna-Bloodmoon, L50, M|\n|poke|p1|Garchomp, L50, M|\n|poke|p1|Rillaboom, L50, M|\n|poke|p1|Gholdengo, L50|\n|poke|p2|Delphox, L50, M|\n|poke|p2|Tatsugiri, L50, M|\n|poke|p2|Indeedee, L50, M|\n|poke|p2|Murkrow, L50, F|\n|poke|p2|Dondozo, L50, M|\n|poke|p2|Sneasler, L50, M|\n|teampreview|4\n|inactive|Battle timer is ON: inactive players will automatically lose when time's up. (requested by Sazandoramx)\n|\n|t:|1729302976\n|start\n|switch|p1a: MoneyMachine|Ursaluna-Bloodmoon, L50, M|100\/100\n|switch|p1b: Ze|Mimikyu, L50, F, shiny|100\/100\n|switch|p2a: Sneasler|Sneasler, L50, M, shiny|100\/100\n|switch|p2b: Indeedee|Indeedee, L50, M|100\/100\n|-fieldstart|move: Psychic Terrain|[from] ability: Psychic Surge|[of] p2b: Indeedee\n|-enditem|p2a: Sneasler|Psychic Seed\n|-boost|p2a: Sneasler|spd|1|[from] item: Psychic Seed\n|turn|1\n|inactive|Rgktest has 30 seconds left.\n|inactive|Sazandoramx has 30 seconds left.\n|inactive|Sazandoramx has 20 seconds left.\n|\n|t:|1729303011\n|-terastallize|p1a: MoneyMachine|Ghost\n|move|p2a: Sneasler|Dire Claw|p1b: Ze\n|-activate|p1b: Ze|ability: Disguise\n|-damage|p1b: Ze|100\/100\n|detailschange|p1b: Ze|Mimikyu-Busted, L50, F, shiny\n|-damage|p1b: Ze|88\/100|[from] pokemon: Mimikyu-Busted\n|move|p2b: Indeedee|Imprison|p2b: Indeedee\n|-start|p2b: Indeedee|move: Imprison\n|move|p1a: MoneyMachine|Hyper Voice|p2b: Indeedee|[spread] p2a,p2b\n|-crit|p2b: Indeedee\n|-damage|p2a: Sneasler|68\/100\n|-damage|p2b: Indeedee|17\/100\n|cant|p1b: Ze|move: Imprison|Trick Room\n|\n|upkeep\n|turn|2\n|inactive|Rgktest has 30 seconds left.\n|inactive|Sazandoramx has 30 seconds left.\n|inactive|Rgktest has 20 seconds left.\n|inactive|Sazandoramx has 20 seconds left.\n|inactive|Sazandoramx has 15 seconds left.\n|inactive|Sazandoramx has 10 seconds left.\n|\n|t:|1729303058\n|move|p2a: Sneasler|Throat Chop|p1a: MoneyMachine\n|-supereffective|p1a: MoneyMachine\n|-damage|p1a: MoneyMachine|59\/100\n|-start|p1a: MoneyMachine|Throat Chop|[silent]\n|move|p1b: Ze|Play Rough|p2a: Sneasler|[miss]\n|-miss|p1b: Ze|p2a: Sneasler\n|move|p2b: Indeedee|Expanding Force|p1b: Ze|[spread] p1a,p1b\n|-damage|p1a: MoneyMachine|24\/100\n|-damage|p1b: Ze|20\/100\n|cant|p1a: MoneyMachine|move: Throat Chop\n|\n|upkeep\n|turn|3\n|inactive|Sazandoramx has 30 seconds left.\n|inactive|Sazandoramx has 20 seconds left.\n|j| futonkagebunshin\n|\n|t:|1729303097\n|switch|p1b: Veridical|Rillaboom, L50, M, shiny|100\/100\n|-fieldstart|move: Grassy Terrain|[from] ability: Grassy Surge|[of] p1b: Veridical\n|move|p1a: MoneyMachine|Vacuum Wave|p2b: Indeedee\n|-damage|p2b: Indeedee|0 fnt\n|faint|p2b: Indeedee\n|move|p2a: Sneasler|Dire Claw|p1b: Veridical\n|-supereffective|p1b: Veridical\n|-damage|p1b: Veridical|2\/100\n|-status|p1b: Veridical|par\n|\n|-heal|p2a: Sneasler|73\/100|[from] Grassy Terrain\n|-heal|p1a: MoneyMachine|30\/100|[from] Grassy Terrain\n|-heal|p1b: Veridical|8\/100 par|[from] Grassy Terrain\n|-end|p1a: MoneyMachine|Throat Chop|[silent]\n|upkeep\n|inactive|Sazandoramx has 30 seconds left.\n|\n|t:|1729303124\n|switch|p2b: Delphox|Delphox, L50, M, shiny|100\/100\n|turn|4\n|inactive|Rgktest has 30 seconds left.\n|inactive|Sazandoramx has 30 seconds left.\n|inactive|Rgktest has 20 seconds left.\n|inactive|Rgktest has 15 seconds left.\n|inactive|Rgktest has 10 seconds left.\n|\n|t:|1729303174\n|-terastallize|p2b: Delphox|Fire\n|move|p1b: Veridical|Fake Out|p2a: Sneasler\n|-damage|p2a: Sneasler|48\/100\n|cant|p2a: Sneasler|flinch\n|move|p2b: Delphox|Flamethrower|p1a: MoneyMachine\n|-damage|p1a: MoneyMachine|0 fnt\n|faint|p1a: MoneyMachine\n|-damage|p2b: Delphox|91\/100|[from] item: Life Orb\n|\n|-heal|p2a: Sneasler|53\/100|[from] Grassy Terrain\n|-heal|p2b: Delphox|97\/100|[from] Grassy Terrain\n|-heal|p1b: Veridical|14\/100 par|[from] Grassy Terrain\n|upkeep\n|inactive|Rgktest has 30 seconds left.\n|inactive|Rgktest has 20 seconds left.\n|\n|t:|1729303212\n|switch|p1a: PushUrTenper|Sneasler, L50, F, shiny|100\/100\n|turn|5\n|\n|t:|1729303228\n|move|p1a: PushUrTenper|Fake Out|p2a: Sneasler\n|-damage|p2a: Sneasler|31\/100\n|cant|p2a: Sneasler|flinch\n|move|p2b: Delphox|Heat Wave|p1b: Veridical|[spread] p1a,p1b\n|-supereffective|p1b: Veridical\n|-damage|p1a: PushUrTenper|19\/100\n|-damage|p1b: Veridical|0 fnt\n|faint|p1b: Veridical\n|-damage|p2b: Delphox|87\/100|[from] item: Life Orb\n|\n|-heal|p2a: Sneasler|37\/100|[from] Grassy Terrain\n|-heal|p1a: PushUrTenper|24\/100|[from] Grassy Terrain\n|-heal|p2b: Delphox|93\/100|[from] Grassy Terrain\n|upkeep\n|\n|t:|1729303234\n|switch|p1b: Ze|Mimikyu-Busted, L50, F, shiny|20\/100\n|turn|6\n|inactive|Rgktest has 30 seconds left.\n|inactive|Rgktest has 20 seconds left.\n|inactive|Rgktest has 15 seconds left.\n|inactive|Rgktest has 10 seconds left.\n|\n|t:|1729303280\n|move|p1b: Ze|Shadow Sneak|p2a: Sneasler\n|-damage|p2a: Sneasler|0 fnt\n|faint|p2a: Sneasler\n|-damage|p1b: Ze|10\/100|[from] item: Life Orb\n|move|p1a: PushUrTenper|Close Combat|p2b: Delphox\n|-damage|p2b: Delphox|1\/100\n|-unboost|p1a: PushUrTenper|def|1\n|-unboost|p1a: PushUrTenper|spd|1\n|move|p2b: Delphox|Heat Wave|p1b: Ze|[spread] p1a,p1b\n|-damage|p1a: PushUrTenper|0 fnt\n|-damage|p1b: Ze|0 fnt\n|faint|p1a: PushUrTenper\n|faint|p1b: Ze\n|-damage|p2b: Delphox|0 fnt|[from] item: Life Orb\n|faint|p2b: Delphox\n|\n|win|Sazandoramx\n|raw|Rgktest's rating: 1725 &rarr; <strong>1703<\/strong><br \/>(-22 for losing)\n|raw|Sazandoramx's rating: 1691 &rarr; <strong>1713<\/strong><br \/>(+22 for winning)\n|l|\u2606Rgktest\n|player|p1|\n|l|\u2606Sazandoramx\n|player|p2|\n","uploadtime":1729303485,"views":10,"formatid":"gen9vgc2024regh","rating":1703,"private":0,"password":null}