{"id":"gen9vgc2024regh-2226666204","format":"[Gen 9] VGC 2024 Reg H","players":["chefgiraffe","schmokeapancake"],"log":"|j|\u2606chefgiraffe\n|j|\u2606schmokeapancake\n|t:|1729382588\n|gametype|doubles\n|player|p1|chefgiraffe|170|1682\n|player|p2|schmokeapancake|red-gen2|1760\n|teamsize|p1|6\n|teamsize|p2|6\n|gen|9\n|tier|[Gen 9] VGC 2024 Reg H\n|rated|\n|rule|Species Clause: Limit one of each Pok\u00e9mon\n|rule|Item Clause: Limit 1 of each item\n|clearpoke\n|poke|p1|Whimsicott, L50, F|\n|poke|p1|Indeedee, L50, M|\n|poke|p1|Annihilape, L50, M|\n|poke|p1|Maushold-Four, L50|\n|poke|p1|Dragapult, L50, M|\n|poke|p1|Incineroar, L50, F|\n|poke|p2|Amoonguss, L50, M|\n|poke|p2|Incineroar, L50, M|\n|poke|p2|Sneasler, L50, F|\n|poke|p2|Garchomp, L50, F|\n|poke|p2|Porygon2, L50|\n|poke|p2|Gholdengo, L50|\n|teampreview|4\n|inactive|Battle timer is ON: inactive players will automatically lose when time's up. (requested by schmokeapancake)\n|inactive|chefgiraffe also wants the timer to be on.\n|j| R4GN4R96\n|inactive|chefgiraffe has 60 seconds left.\n|inactive|schmokeapancake has 60 seconds left.\n|inactive|chefgiraffe has 30 seconds left.\n|\n|t:|1729382655\n|start\n|switch|p1a: Indeedee|Indeedee, L50, M|100\/100\n|switch|p1b: Dragapult|Dragapult, L50, M|100\/100\n|switch|p2a: Sneasler|Sneasler, L50, F|100\/100\n|switch|p2b: Garchomp|Garchomp, L50, F|100\/100\n|-fieldstart|move: Psychic Terrain|[from] ability: Psychic Surge|[of] p1a: Indeedee\n|turn|1\n|inactive|chefgiraffe has 30 seconds left.\n|\n|t:|1729382687\n|-terastallize|p1b: Dragapult|Dragon\n|move|p2a: Sneasler|Protect|p2a: Sneasler\n|-singleturn|p2a: Sneasler|Protect\n|move|p2b: Garchomp|Protect|p2b: Garchomp\n|-singleturn|p2b: Garchomp|Protect\n|move|p1a: Indeedee|Protect|p1a: Indeedee\n|-singleturn|p1a: Indeedee|Protect\n|move|p1b: Dragapult|Dragon Darts|p2a: Sneasler\n|-activate|p2b: Garchomp|move: Protect\n|\n|upkeep\n|turn|2\n|inactive|schmokeapancake has 30 seconds left.\n|inactive|chefgiraffe has 30 seconds left.\n|inactive|schmokeapancake has 20 seconds left.\n|inactive|schmokeapancake has 15 seconds left.\n|inactive|schmokeapancake has 10 seconds left.\n|\n|t:|1729382736\n|switch|p1a: Incineroar|Incineroar, L50, F|100\/100\n|-ability|p1a: Incineroar|Intimidate|boost\n|-unboost|p2a: Sneasler|atk|1\n|-fail|p2b: Garchomp|unboost|[from] item: Clear Amulet|[of] p2b: Garchomp\n|-terastallize|p2b: Garchomp|Fire\n|move|p1b: Dragapult|Dragon Darts|p2b: Garchomp\n|-damage|p2b: Garchomp|49\/100\n|-anim|p1b: Dragapult|Dragon Darts|p2a: Sneasler\n|-damage|p2a: Sneasler|4\/100\n|move|p2a: Sneasler|Dire Claw|p1a: Incineroar\n|-damage|p1a: Incineroar|76\/100\n|-status|p1a: Incineroar|psn\n|move|p2b: Garchomp|Earthquake|p1a: Incineroar|[spread] p2a,p1a,p1b\n|-supereffective|p2a: Sneasler\n|-supereffective|p1a: Incineroar\n|-damage|p2a: Sneasler|0 fnt\n|-damage|p1a: Incineroar|7\/100 psn\n|-damage|p1b: Dragapult|47\/100\n|faint|p2a: Sneasler\n|\n|-damage|p1a: Incineroar|0 fnt|[from] psn\n|faint|p1a: Incineroar\n|upkeep\n|j| dododano\n|inactive|chefgiraffe has 30 seconds left.\n|inactive|chefgiraffe has 20 seconds left.\n|inactive|chefgiraffe has 15 seconds left.\n|\n|t:|1729382777\n|switch|p2a: Brother Ew|Gholdengo, L50|100\/100\n|switch|p1a: Annihilape|Annihilape, L50, M|100\/100\n|turn|3\n|inactive|schmokeapancake has 30 seconds left.\n|\n|t:|1729382808\n|move|p2b: Garchomp|Protect|p2b: Garchomp\n|-singleturn|p2b: Garchomp|Protect\n|move|p1b: Dragapult|Dragon Darts|p2a: Brother Ew\n|-resisted|p2a: Brother Ew\n|-damage|p2a: Brother Ew|75\/100\n|-anim|p1b: Dragapult|Dragon Darts|p2a: Brother Ew\n|-resisted|p2a: Brother Ew\n|-damage|p2a: Brother Ew|51\/100\n|move|p1a: Annihilape|Rage Fist|p2a: Brother Ew\n|-supereffective|p2a: Brother Ew\n|-damage|p2a: Brother Ew|1\/100\n|move|p2a: Brother Ew|Make It Rain|p1b: Dragapult|[spread] p1a,p1b\n|-damage|p1a: Annihilape|50\/100\n|-damage|p1b: Dragapult|0 fnt\n|-unboost|p2a: Brother Ew|spa|1\n|faint|p1b: Dragapult\n|\n|-heal|p1a: Annihilape|56\/100|[from] item: Leftovers\n|upkeep\n|\n|t:|1729382820\n|switch|p1b: Indeedee|Indeedee, L50, M|100\/100\n|turn|4\n|inactive|schmokeapancake has 30 seconds left.\n|inactive|schmokeapancake has 20 seconds left.\n|\n|t:|1729382857\n|move|p2b: Garchomp|Protect|p2b: Garchomp\n|-singleturn|p2b: Garchomp|Protect\n|move|p1a: Annihilape|Protect|p1a: Annihilape\n|-singleturn|p1a: Annihilape|Protect\n|move|p1b: Indeedee|Expanding Force|p2a: Brother Ew|[spread] p2a\n|-activate|p2b: Garchomp|move: Protect\n|-resisted|p2a: Brother Ew\n|-damage|p2a: Brother Ew|0 fnt\n|faint|p2a: Brother Ew\n|-damage|p1b: Indeedee|91\/100|[from] item: Life Orb\n|\n|-heal|p1a: Annihilape|62\/100|[from] item: Leftovers\n|upkeep\n|\n|t:|1729382862\n|switch|p2a: Porygon2|Porygon2, L50|100\/100\n|-ability|p2a: Porygon2|Defiant|[from] ability: Trace|[of] p1a: Annihilape\n|turn|5\n|\n|t:|1729382884\n|move|p2b: Garchomp|Dragon Claw|p1a: Annihilape\n|-damage|p1a: Annihilape|18\/100\n|move|p1b: Indeedee|Expanding Force|p2a: Porygon2|[spread] p2a,p2b\n|-damage|p2a: Porygon2|55\/100\n|-damage|p2b: Garchomp|0 fnt\n|faint|p2b: Garchomp\n|-damage|p1b: Indeedee|81\/100|[from] item: Life Orb\n|move|p1a: Annihilape|Drain Punch|p2a: Porygon2\n|-supereffective|p2a: Porygon2\n|-damage|p2a: Porygon2|5\/100\n|-heal|p1a: Annihilape|41\/100|[from] drain|[of] p2a: Porygon2\n|move|p2a: Porygon2|Trick Room|p2a: Porygon2\n|-fieldstart|move: Trick Room|[of] p2a: Porygon2\n|\n|-heal|p1a: Annihilape|48\/100|[from] item: Leftovers\n|-fieldend|move: Psychic Terrain\n|upkeep\n|turn|6\n|-message|schmokeapancake forfeited.\n|\n|win|chefgiraffe\n|raw|chefgiraffe's rating: 1682 &rarr; <strong>1706<\/strong><br \/>(+24 for winning)\n|raw|schmokeapancake's rating: 1760 &rarr; <strong>1736<\/strong><br \/>(-24 for losing)\n|l|\u2606schmokeapancake\n|player|p2|\n|l| dododano\n|l| R4GN4R96\n|l|\u2606chefgiraffe\n|player|p1|\n","uploadtime":1729382899,"views":21,"formatid":"gen9vgc2024regh","rating":1706,"private":0,"password":null}