{"id":"gen9vgc2024regh-2226693005","format":"[Gen 9] VGC 2024 Reg H","players":["googer315","Isloe"],"log":"|j|\u2606googer315\n|j|\u2606Isloe\n|t:|1729386031\n|gametype|doubles\n|player|p1|googer315|1|1667\n|player|p2|Isloe|dahlia|1773\n|teamsize|p1|6\n|teamsize|p2|6\n|gen|9\n|tier|[Gen 9] VGC 2024 Reg H\n|rated|\n|rule|Species Clause: Limit one of each Pok\u00e9mon\n|rule|Item Clause: Limit 1 of each item\n|clearpoke\n|poke|p1|Dondozo, L50, F|\n|poke|p1|Tatsugiri, L50, F|\n|poke|p1|Glimmora, L50, F|\n|poke|p1|Maushold, L50|\n|poke|p1|Annihilape, L50, F|\n|poke|p1|Gholdengo, L50|\n|poke|p2|Amoonguss, L50, M|\n|poke|p2|Incineroar, L50, M|\n|poke|p2|Gholdengo, L50|\n|poke|p2|Ursaluna, L50, M|\n|poke|p2|Sneasler, L50, M|\n|poke|p2|Porygon2, L50|\n|teampreview|4\n|inactive|Battle timer is ON: inactive players will automatically lose when time's up. (requested by googer315)\n|\n|t:|1729386067\n|start\n|switch|p1a: Gholdengo|Gholdengo, L50|100\/100\n|switch|p1b: Glimmora|Glimmora, L50, F|100\/100\n|switch|p2a: Porygon2|Porygon2, L50|100\/100\n|switch|p2b: Amoonguss|Amoonguss, L50, M|100\/100\n|-ability|p2a: Porygon2|Download|boost\n|-boost|p2a: Porygon2|spa|1\n|turn|1\n|inactive|Isloe has 30 seconds left.\n|inactive|googer315 has 30 seconds left.\n|inactive|Isloe has 20 seconds left.\n|inactive|Isloe has 15 seconds left.\n|\n|t:|1729386108\n|switch|p2b: Incineroar|Incineroar, L50, M|100\/100\n|-ability|p2b: Incineroar|Intimidate|boost\n|-unboost|p1a: Gholdengo|atk|1\n|-unboost|p1b: Glimmora|atk|1\n|move|p1a: Gholdengo|Trick|p2a: Porygon2\n|-activate|p1a: Gholdengo|move: Trick|[of] p2a: Porygon2\n|-item|p2a: Porygon2|Choice Scarf|[from] move: Trick\n|-item|p1a: Gholdengo|Eviolite|[from] move: Trick\n|move|p1b: Glimmora|Sludge Bomb|p2b: Incineroar\n|-crit|p2b: Incineroar\n|-damage|p2b: Incineroar|37\/100\n|move|p2a: Porygon2|Trick Room|p2a: Porygon2\n|-fieldstart|move: Trick Room|[of] p2a: Porygon2\n|\n|upkeep\n|turn|2\n|inactive|googer315 has 30 seconds left.\n|inactive|Isloe has 30 seconds left.\n|inactive|googer315 has 20 seconds left.\n|inactive|googer315 has 15 seconds left.\n|inactive|googer315 has 10 seconds left.\n|inactive|googer315 has 5 seconds left.\n|\n|t:|1729386163\n|switch|p2a: Amoonguss|Amoonguss, L50, M|100\/100\n|move|p2b: Incineroar|Parting Shot|p1b: Glimmora\n|-unboost|p1b: Glimmora|atk|1\n|-unboost|p1b: Glimmora|spa|1\n|\n|t:|1729386168\n|switch|p2b: Ursaluna|Ursaluna, L50, M|100\/100|[from] Parting Shot\n|move|p1a: Gholdengo|Make It Rain|p2b: Ursaluna|[spread] p2a,p2b\n|-damage|p2a: Amoonguss|53\/100\n|-damage|p2b: Ursaluna|56\/100\n|-unboost|p1a: Gholdengo|spa|1\n|move|p1b: Glimmora|Earth Power|p2b: Ursaluna\n|-damage|p2b: Ursaluna|36\/100\n|\n|-status|p2b: Ursaluna|brn|[from] item: Flame Orb\n|upkeep\n|turn|3\n|inactive|googer315 has 30 seconds left.\n|inactive|Isloe has 30 seconds left.\n|inactive|googer315 has 20 seconds left.\n|inactive|googer315 has 15 seconds left.\n|inactive|googer315 has 10 seconds left.\n|inactive|googer315 has 5 seconds left.\n|\n|t:|1729386220\n|switch|p1a: Dondozo|Dondozo, L50, F|100\/100\n|switch|p1b: Tatsugiri|Tatsugiri, L50, F|100\/100\n|-activate|p1b: Tatsugiri|ability: Commander|[of] p1a: Dondozo\n|-boost|p1a: Dondozo|atk|2\n|-boost|p1a: Dondozo|spa|2\n|-boost|p1a: Dondozo|spe|2\n|-boost|p1a: Dondozo|def|2\n|-boost|p1a: Dondozo|spd|2\n|move|p2a: Amoonguss|Pollen Puff|p2b: Ursaluna\n|-heal|p2b: Ursaluna|86\/100 brn\n|move|p2b: Ursaluna|Headlong Rush|p1a: Dondozo\n|-damage|p1a: Dondozo|67\/100\n|-unboost|p2b: Ursaluna|def|1\n|-unboost|p2b: Ursaluna|spd|1\n|\n|-heal|p1a: Dondozo|73\/100|[from] item: Leftovers\n|-damage|p2b: Ursaluna|80\/100 brn|[from] brn\n|upkeep\n|turn|4\n|inactive|googer315 has 30 seconds left.\n|\n|t:|1729386254\n|-terastallize|p1a: Dondozo|Steel\n|move|p2a: Amoonguss|Clear Smog|p1a: Dondozo\n|-immune|p1a: Dondozo\n|move|p2b: Ursaluna|Substitute|p2b: Ursaluna\n|-start|p2b: Ursaluna|Substitute\n|-damage|p2b: Ursaluna|56\/100 brn\n|move|p1a: Dondozo|Wave Crash|p2b: Ursaluna\n|-supereffective|p2b: Ursaluna\n|-end|p2b: Ursaluna|Substitute\n|-damage|p1a: Dondozo|65\/100|[from] Recoil|[of] p2b: Ursaluna\n|\n|-heal|p1a: Dondozo|72\/100|[from] item: Leftovers\n|-damage|p2b: Ursaluna|50\/100 brn|[from] brn\n|upkeep\n|turn|5\n|\n|t:|1729386278\n|move|p2a: Amoonguss|Spore|p1a: Dondozo\n|-status|p1a: Dondozo|slp|[from] move: Spore\n|move|p2b: Ursaluna|Substitute|p2b: Ursaluna\n|-start|p2b: Ursaluna|Substitute\n|-damage|p2b: Ursaluna|25\/100 brn\n|cant|p1a: Dondozo|slp\n|\n|-heal|p1a: Dondozo|78\/100 slp|[from] item: Leftovers\n|-damage|p2b: Ursaluna|19\/100 brn|[from] brn\n|-fieldend|move: Trick Room\n|upkeep\n|turn|6\n|\n|t:|1729386292\n|-curestatus|p1a: Dondozo|slp|[msg]\n|move|p1a: Dondozo|Order Up|p2b: Ursaluna\n|-end|p2b: Ursaluna|Substitute\n|-boost|p1a: Dondozo|atk|1\n|move|p2b: Ursaluna|Headlong Rush|p1a: Dondozo\n|-supereffective|p1a: Dondozo\n|-damage|p1a: Dondozo|13\/100\n|-unboost|p2b: Ursaluna|def|1\n|-unboost|p2b: Ursaluna|spd|1\n|move|p2a: Amoonguss|Pollen Puff|p2b: Ursaluna\n|-heal|p2b: Ursaluna|69\/100 brn\n|\n|-heal|p1a: Dondozo|19\/100|[from] item: Leftovers\n|-damage|p2b: Ursaluna|63\/100 brn|[from] brn\n|upkeep\n|turn|7\n|\n|t:|1729386310\n|switch|p2b: Incineroar|Incineroar, L50, M|37\/100\n|-ability|p2b: Incineroar|Intimidate|boost\n|-unboost|p1a: Dondozo|atk|1\n|-unboost|p1b: Tatsugiri|atk|1\n|move|p1a: Dondozo|Protect|p1a: Dondozo\n|-singleturn|p1a: Dondozo|Protect\n|move|p2a: Amoonguss|Spore|p1a: Dondozo\n|-activate|p1a: Dondozo|move: Protect\n|\n|-heal|p1a: Dondozo|25\/100|[from] item: Leftovers\n|upkeep\n|turn|8\n|\n|t:|1729386322\n|move|p2b: Incineroar|Fake Out|p1a: Dondozo\n|-resisted|p1a: Dondozo\n|-damage|p1a: Dondozo|24\/100\n|cant|p1a: Dondozo|flinch\n|move|p2a: Amoonguss|Spore|p1a: Dondozo\n|-status|p1a: Dondozo|slp|[from] move: Spore\n|\n|-heal|p1a: Dondozo|30\/100 slp|[from] item: Leftovers\n|upkeep\n|turn|9\n|\n|t:|1729386334\n|switch|p2a: Ursaluna|Ursaluna, L50, M|63\/100 brn\n|cant|p1a: Dondozo|slp\n|move|p2b: Incineroar|Parting Shot|p1a: Dondozo\n|-unboost|p1a: Dondozo|atk|1\n|-unboost|p1a: Dondozo|spa|1\n|\n|t:|1729386339\n|switch|p2b: Amoonguss|Amoonguss, L50, M|86\/100|[from] Parting Shot\n|\n|-heal|p1a: Dondozo|36\/100 slp|[from] item: Leftovers\n|-damage|p2a: Ursaluna|57\/100 brn|[from] brn\n|upkeep\n|turn|10\n|\n|t:|1729386356\n|move|p2b: Amoonguss|Rage Powder|p2b: Amoonguss\n|-singleturn|p2b: Amoonguss|move: Rage Powder\n|cant|p1a: Dondozo|slp\n|move|p2a: Ursaluna|Headlong Rush|p1a: Dondozo\n|-supereffective|p1a: Dondozo\n|-damage|p1a: Dondozo|0 fnt\n|-unboost|p2a: Ursaluna|def|1\n|-unboost|p2a: Ursaluna|spd|1\n|faint|p1a: Dondozo\n|\n|-damage|p2a: Ursaluna|52\/100 brn|[from] brn\n|upkeep\n|\n|t:|1729386371\n|switch|p1a: Gholdengo|Gholdengo, L50|100\/100\n|turn|11\n|\n|t:|1729386388\n|switch|p2a: Incineroar|Incineroar, L50, M|37\/100\n|-ability|p2a: Incineroar|Intimidate|boost\n|-unboost|p1a: Gholdengo|atk|1\n|-unboost|p1b: Tatsugiri|atk|1\n|-terastallize|p2b: Amoonguss|Water\n|move|p1b: Tatsugiri|Muddy Water|p2b: Amoonguss|[spread] p2a,p2b\n|-supereffective|p2a: Incineroar\n|-resisted|p2b: Amoonguss\n|-damage|p2a: Incineroar|0 fnt\n|-damage|p2b: Amoonguss|73\/100\n|-unboost|p2b: Amoonguss|accuracy|1\n|faint|p2a: Incineroar\n|move|p1a: Gholdengo|Trick|p2b: Amoonguss\n|-activate|p1a: Gholdengo|move: Trick|[of] p2b: Amoonguss\n|-item|p2b: Amoonguss|Eviolite|[from] move: Trick\n|-item|p1a: Gholdengo|Sitrus Berry|[from] move: Trick\n|move|p2b: Amoonguss|Spore|p1b: Tatsugiri\n|-status|p1b: Tatsugiri|slp|[from] move: Spore\n|\n|upkeep\n|\n|t:|1729386402\n|switch|p2a: Porygon2|Porygon2, L50|100\/100\n|-ability|p2a: Porygon2|Download|boost\n|-boost|p2a: Porygon2|atk|1\n|turn|12\n|\n|t:|1729386413\n|cant|p1b: Tatsugiri|slp\n|move|p1a: Gholdengo|Thunderbolt|p2b: Amoonguss\n|-supereffective|p2b: Amoonguss\n|-damage|p2b: Amoonguss|12\/100\n|move|p2b: Amoonguss|Pollen Puff|p2a: Porygon2\n|-immune|p2a: Porygon2\n|move|p2a: Porygon2|Trick Room|p2a: Porygon2\n|-fieldstart|move: Trick Room|[of] p2a: Porygon2\n|\n|upkeep\n|turn|13\n|\n|t:|1729386430\n|switch|p2a: Ursaluna|Ursaluna, L50, M|52\/100 brn\n|move|p2b: Amoonguss|Rage Powder|p2b: Amoonguss\n|-singleturn|p2b: Amoonguss|move: Rage Powder\n|move|p1a: Gholdengo|Make It Rain|p2b: Amoonguss|[spread] p2a,p2b\n|-resisted|p2b: Amoonguss\n|-damage|p2a: Ursaluna|9\/100 brn\n|-damage|p2b: Amoonguss|0 fnt\n|-unboost|p1a: Gholdengo|spa|1\n|faint|p2b: Amoonguss\n|-curestatus|p1b: Tatsugiri|slp|[msg]\n|move|p1b: Tatsugiri|Muddy Water|p2a: Ursaluna|[miss]\n|-miss|p1b: Tatsugiri|p2a: Ursaluna\n|\n|-damage|p2a: Ursaluna|3\/100 brn|[from] brn\n|upkeep\n|\n|t:|1729386432\n|switch|p2b: Porygon2|Porygon2, L50|100\/100\n|-ability|p2b: Porygon2|Download|boost\n|-boost|p2b: Porygon2|atk|1\n|turn|14\n|inactive|googer315 has 30 seconds left.\n|inactive|Isloe has 30 seconds left.\n|inactive|googer315 has 20 seconds left.\n|\n|t:|1729386470\n|move|p2a: Ursaluna|Headlong Rush|p1a: Gholdengo\n|-supereffective|p1a: Gholdengo\n|-damage|p1a: Gholdengo|0 fnt\n|-unboost|p2a: Ursaluna|def|1\n|-unboost|p2a: Ursaluna|spd|1\n|faint|p1a: Gholdengo\n|move|p2b: Porygon2|Ice Beam|p1b: Tatsugiri\n|-crit|p1b: Tatsugiri\n|-damage|p1b: Tatsugiri|51\/100\n|move|p1b: Tatsugiri|Muddy Water|p2a: Ursaluna|[spread] p2a,p2b\n|-supereffective|p2a: Ursaluna\n|-damage|p2a: Ursaluna|0 fnt\n|-damage|p2b: Porygon2|69\/100\n|faint|p2a: Ursaluna\n|\n|upkeep\n|\n|t:|1729386484\n|switch|p1a: Glimmora|Glimmora, L50, F|100\/100\n|turn|15\n|\n|t:|1729386492\n|move|p2b: Porygon2|Ice Beam|p1a: Glimmora\n|-crit|p1a: Glimmora\n|-damage|p1a: Glimmora|54\/100\n|move|p1a: Glimmora|Sludge Bomb|p2b: Porygon2\n|-damage|p2b: Porygon2|25\/100\n|move|p1b: Tatsugiri|Draco Meteor|p2b: Porygon2\n|-damage|p2b: Porygon2|0 fnt\n|-unboost|p1b: Tatsugiri|spa|2\n|faint|p2b: Porygon2\n|\n|win|googer315\n|raw|googer315's rating: 1667 &rarr; <strong>1693<\/strong><br \/>(+26 for winning)\n|raw|Isloe's rating: 1773 &rarr; <strong>1747<\/strong><br \/>(-26 for losing)\n|l|\u2606Isloe\n|player|p2|\n|l|\u2606googer315\n|player|p1|\n","uploadtime":1729386718,"views":9,"formatid":"gen9vgc2024regh","rating":1693,"private":0,"password":null}