{"id":"gen9vgc2024regh-2226134852","format":"[Gen 9] VGC 2024 Reg H","players":["navinsachump","IDKWHATTODOANYMORE"],"log":"|j|\u2606navinsachump\n|j|\u2606IDKWHATTODOANYMORE\n|t:|1729308947\n|gametype|doubles\n|player|p1|navinsachump|170|1651\n|player|p2|IDKWHATTODOANYMORE|steven|1722\n|teamsize|p1|6\n|teamsize|p2|6\n|gen|9\n|tier|[Gen 9] VGC 2024 Reg H\n|rated|\n|rule|Species Clause: Limit one of each Pok\u00e9mon\n|rule|Item Clause: Limit 1 of each item\n|clearpoke\n|poke|p1|Blaziken, L50, M|\n|poke|p1|Kingambit, L50, M|\n|poke|p1|Rillaboom, L50, F|\n|poke|p1|Electabuzz, L50, M|\n|poke|p1|Dragapult, L50, M|\n|poke|p1|Primarina, L50, F|\n|poke|p2|Excadrill, L50, M|\n|poke|p2|Tyranitar, L50, M|\n|poke|p2|Kommo-o, L50, M|\n|poke|p2|Indeedee, L50, M|\n|poke|p2|Corviknight, L50, M|\n|poke|p2|Samurott-Hisui, L50, M|\n|teampreview|4\n|inactive|Battle timer is ON: inactive players will automatically lose when time's up. (requested by IDKWHATTODOANYMORE)\n|inactive|IDKWHATTODOANYMORE has 60 seconds left.\nnavinsachump rejected open team sheets.\n|\n|t:|1729308979\n|start\n|switch|p1a: Blaziken|Blaziken, L50, M, shiny|100\/100\n|switch|p1b: Dragapult|Dragapult, L50, M|100\/100\n|switch|p2a: Thumper|Kommo-o, L50, M, shiny|100\/100\n|switch|p2b: Ridgeback|Tyranitar, L50, M, shiny|100\/100\n|-weather|Sandstorm|[from] ability: Sand Stream|[of] p2b: Ridgeback\n|turn|1\n|\n|t:|1729308992\n|-terastallize|p1b: Dragapult|Ghost\n|-terastallize|p2a: Thumper|Ghost\n|move|p1a: Blaziken|Protect|p1a: Blaziken\n|-singleturn|p1a: Blaziken|Protect\n|move|p1b: Dragapult|Phantom Force||[still]\n|-prepare|p1b: Dragapult|Phantom Force\n|move|p2b: Ridgeback|Rock Slide|p1a: Blaziken|[spread] \n|-miss|p2b: Ridgeback|p1b: Dragapult\n|-activate|p1a: Blaziken|move: Protect\n|move|p2a: Thumper|Clanging Scales|p1b: Dragapult|[spread] \n|-miss|p2a: Thumper|p1b: Dragapult\n|-activate|p1a: Blaziken|move: Protect\n|\n|-weather|Sandstorm|[upkeep]\n|-damage|p1b: Dragapult|94\/100|[from] Sandstorm\n|-damage|p1a: Blaziken|95\/100|[from] Sandstorm\n|-ability|p1a: Blaziken|Speed Boost|boost\n|-boost|p1a: Blaziken|spe|1\n|upkeep\n|turn|2\n|\n|t:|1729309010\n|switch|p2a: Cranky pants|Corviknight, L50, M, shiny|100\/100\n|move|p1a: Blaziken|Close Combat|p2b: Ridgeback\n|-supereffective|p2b: Ridgeback\n|-damage|p2b: Ridgeback|0 fnt\n|-unboost|p1a: Blaziken|def|1\n|-unboost|p1a: Blaziken|spd|1\n|faint|p2b: Ridgeback\n|move|p1b: Dragapult|Phantom Force|p2a: Cranky pants|[from]lockedmove\n|-damage|p2a: Cranky pants|13\/100\n|-enditem|p2a: Cranky pants|Sitrus Berry|[eat]\n|-heal|p2a: Cranky pants|38\/100|[from] item: Sitrus Berry\n|\n|-weather|Sandstorm|[upkeep]\n|-damage|p1a: Blaziken|89\/100|[from] Sandstorm\n|-damage|p1b: Dragapult|88\/100|[from] Sandstorm\n|-ability|p1a: Blaziken|Speed Boost|boost\n|-boost|p1a: Blaziken|spe|1\n|upkeep\n|\n|t:|1729309018\n|switch|p2b: Thumper|Kommo-o, L50, M, shiny, tera:Ghost|100\/100\n|turn|3\n|\n|t:|1729309029\n|move|p1a: Blaziken|Flare Blitz|p2a: Cranky pants\n|-supereffective|p2a: Cranky pants\n|-damage|p2a: Cranky pants|0 fnt\n|faint|p2a: Cranky pants\n|-damage|p1a: Blaziken|73\/100|[from] Recoil\n|move|p1b: Dragapult|Phantom Force||[still]\n|-prepare|p1b: Dragapult|Phantom Force\n|move|p2b: Thumper|Clanging Scales|p1a: Blaziken|[spread] p1a\n|-miss|p2b: Thumper|p1b: Dragapult\n|-damage|p1a: Blaziken|0 fnt\n|faint|p1a: Blaziken\n|-unboost|p2b: Thumper|def|1\n|\n|-weather|Sandstorm|[upkeep]\n|-damage|p1b: Dragapult|82\/100|[from] Sandstorm\n|upkeep\n|\n|t:|1729309042\n|switch|p1a: Rillaboom|Rillaboom, L50, F|100\/100\n|switch|p2a: Horn head|Excadrill, L50, M, shiny|100\/100\n|-fieldstart|move: Grassy Terrain|[from] ability: Grassy Surge|[of] p1a: Rillaboom\n|turn|4\n|\n|t:|1729309047\n|move|p2a: Horn head|Protect|p2a: Horn head\n|-singleturn|p2a: Horn head|Protect\n|move|p1a: Rillaboom|Fake Out|p2a: Horn head\n|-activate|p2a: Horn head|move: Protect\n|move|p1b: Dragapult|Phantom Force|p2b: Thumper|[from]lockedmove\n|-supereffective|p2b: Thumper\n|-damage|p2b: Thumper|0 fnt\n|faint|p2b: Thumper\n|\n|-weather|Sandstorm|[upkeep]\n|-damage|p1b: Dragapult|76\/100|[from] Sandstorm\n|-damage|p1a: Rillaboom|94\/100|[from] Sandstorm\n|-heal|p1b: Dragapult|82\/100|[from] Grassy Terrain\n|-heal|p1a: Rillaboom|100\/100|[from] Grassy Terrain\n|upkeep\n|turn|5\n|\n|t:|1729309058\n|move|p2a: Horn head|Rock Slide|p1a: Rillaboom|[spread] p1a,p1b\n|-damage|p1a: Rillaboom|77\/100\n|-damage|p1b: Dragapult|53\/100\n|cant|p1b: Dragapult|flinch\n|move|p1a: Rillaboom|Wood Hammer|p2a: Horn head\n|-enditem|p2a: Horn head|Focus Sash\n|-damage|p2a: Horn head|1\/100\n|-damage|p1a: Rillaboom|43\/100|[from] Recoil\n|\n|-weather|none\n|-heal|p2a: Horn head|7\/100|[from] Grassy Terrain\n|-heal|p1b: Dragapult|59\/100|[from] Grassy Terrain\n|-heal|p1a: Rillaboom|49\/100|[from] Grassy Terrain\n|upkeep\n|turn|6\n|\n|t:|1729309067\n|move|p1a: Rillaboom|Grassy Glide|p2a: Horn head\n|-damage|p2a: Horn head|0 fnt\n|faint|p2a: Horn head\n|\n|win|navinsachump\n|raw|navinsachump's rating: 1651 &rarr; <strong>1675<\/strong><br \/>(+24 for winning)\n|raw|IDKWHATTODOANYMORE's rating: 1722 &rarr; <strong>1698<\/strong><br \/>(-24 for losing)\n|l|\u2606IDKWHATTODOANYMORE\n|player|p2|\n|l|\u2606navinsachump\n|player|p1|\n","uploadtime":1729309335,"views":9,"formatid":"gen9vgc2024regh","rating":1675,"private":0,"password":null}