{"id":"gen9vgc2024regh-2226121183","format":"[Gen 9] VGC 2024 Reg H","players":["qiyeO.o","tyuiop112"],"log":"|j|\u2606qiyeO.o\n|j|\u2606tyuiop112\n|t:|1729307083\n|gametype|doubles\n|player|p1|qiyeO.o|dawn-masters3|1713\n|player|p2|tyuiop112|linebacker|1798\n|teamsize|p1|6\n|teamsize|p2|6\n|gen|9\n|tier|[Gen 9] VGC 2024 Reg H\n|rated|\n|rule|Species Clause: Limit one of each Pok\u00e9mon\n|rule|Item Clause: Limit 1 of each item\n|clearpoke\n|poke|p1|Dragonite, L50, F|\n|poke|p1|Rillaboom, L50, F|\n|poke|p1|Gholdengo, L50|\n|poke|p1|Primarina, L50, F|\n|poke|p1|Kingambit, L50, F|\n|poke|p1|Archaludon, L50, F|\n|poke|p2|Incineroar, L50, F|\n|poke|p2|Gholdengo, L50|\n|poke|p2|Rillaboom, L50, F|\n|poke|p2|Dragonite, L50, F|\n|poke|p2|Ursaluna-Bloodmoon, L50, M|\n|poke|p2|Annihilape, L50, M|\n|teampreview|4\n|\n|t:|1729307156\n|start\n|switch|p1a: \u94a2\u94a2\u7684\u9f99|Archaludon, L50, F|100\/100\n|switch|p1b: \u5927\u5927\u7684\u5c06|Kingambit, L50, F|100\/100\n|switch|p2a: Dragonite|Dragonite, L50, F|100\/100\n|switch|p2b: Ursaluna|Ursaluna-Bloodmoon, L50, M|100\/100\n|turn|1\n|\n|t:|1729307193\n|move|p1a: \u94a2\u94a2\u7684\u9f99|Protect|p1a: \u94a2\u94a2\u7684\u9f99\n|-singleturn|p1a: \u94a2\u94a2\u7684\u9f99|Protect\n|move|p2a: Dragonite|Tailwind|p2a: Dragonite\n|-sidestart|p2: tyuiop112|move: Tailwind\n|move|p2b: Ursaluna|Earth Power|p1a: \u94a2\u94a2\u7684\u9f99\n|-activate|p1a: \u94a2\u94a2\u7684\u9f99|move: Protect\n|move|p1b: \u5927\u5927\u7684\u5c06|Kowtow Cleave|p2a: Dragonite\n|-damage|p2a: Dragonite|70\/100\n|\n|upkeep\n|turn|2\n|\n|t:|1729307228\n|-terastallize|p1b: \u5927\u5927\u7684\u5c06|Dark\n|move|p1b: \u5927\u5927\u7684\u5c06|Sucker Punch|p2a: Dragonite\n|-damage|p2a: Dragonite|0 fnt\n|faint|p2a: Dragonite\n|move|p2b: Ursaluna|Earth Power|p1a: \u94a2\u94a2\u7684\u9f99\n|-supereffective|p1a: \u94a2\u94a2\u7684\u9f99\n|-ability|p1a: \u94a2\u94a2\u7684\u9f99|Sturdy\n|-damage|p1a: \u94a2\u94a2\u7684\u9f99|1\/100\n|move|p1a: \u94a2\u94a2\u7684\u9f99|Aura Sphere|p2b: Ursaluna\n|-supereffective|p2b: Ursaluna\n|-damage|p2b: Ursaluna|62\/100\n|\n|upkeep\n|\n|t:|1729307242\n|switch|p2a: Annihilape|Annihilape, L50, M|100\/100\n|turn|3\n|\n|t:|1729307291\n|move|p1b: \u5927\u5927\u7684\u5c06|Protect|p1b: \u5927\u5927\u7684\u5c06\n|-singleturn|p1b: \u5927\u5927\u7684\u5c06|Protect\n|move|p2b: Ursaluna|Vacuum Wave|p1a: \u94a2\u94a2\u7684\u9f99\n|-supereffective|p1a: \u94a2\u94a2\u7684\u9f99\n|-damage|p1a: \u94a2\u94a2\u7684\u9f99|0 fnt\n|faint|p1a: \u94a2\u94a2\u7684\u9f99\n|move|p2a: Annihilape|Close Combat|p1b: \u5927\u5927\u7684\u5c06\n|-activate|p1b: \u5927\u5927\u7684\u5c06|move: Protect\n|\n|upkeep\n|\n|t:|1729307295\n|switch|p1a: \u897f\u897f\u7684\u65bd|Primarina, L50, F, shiny|100\/100\n|turn|4\n|\n|t:|1729307313\n|switch|p1b: \u5bcc\u5bcc\u7684\u8c6a|Gholdengo, L50, shiny|100\/100\n|move|p2a: Annihilape|Close Combat|p1b: \u5bcc\u5bcc\u7684\u8c6a\n|-immune|p1b: \u5bcc\u5bcc\u7684\u8c6a\n|move|p2b: Ursaluna|Hyper Voice|p1b: \u5bcc\u5bcc\u7684\u8c6a|[spread] p1a,p1b\n|-resisted|p1b: \u5bcc\u5bcc\u7684\u8c6a\n|-damage|p1a: \u897f\u897f\u7684\u65bd|73\/100\n|-damage|p1b: \u5bcc\u5bcc\u7684\u8c6a|81\/100\n|move|p1a: \u897f\u897f\u7684\u65bd|Hyper Voice|p2a: Annihilape|[spread] p2a,p2b\n|-supereffective|p2b: Ursaluna\n|-damage|p2a: Annihilape|70\/100\n|-damage|p2b: Ursaluna|24\/100\n|-enditem|p1a: \u897f\u897f\u7684\u65bd|Throat Spray\n|-boost|p1a: \u897f\u897f\u7684\u65bd|spa|1|[from] item: Throat Spray\n|\n|-sideend|p2: tyuiop112|move: Tailwind\n|upkeep\n|turn|5\n|\n|t:|1729307353\n|-terastallize|p2b: Ursaluna|Normal\n|move|p1b: \u5bcc\u5bcc\u7684\u8c6a|Make It Rain|p2a: Annihilape|[spread] p2a,p2b\n|-damage|p2a: Annihilape|16\/100\n|-damage|p2b: Ursaluna|0 fnt\n|-unboost|p1b: \u5bcc\u5bcc\u7684\u8c6a|spa|1\n|faint|p2b: Ursaluna\n|move|p2a: Annihilape|Rage Fist|p1b: \u5bcc\u5bcc\u7684\u8c6a\n|-supereffective|p1b: \u5bcc\u5bcc\u7684\u8c6a\n|-damage|p1b: \u5bcc\u5bcc\u7684\u8c6a|0 fnt\n|faint|p1b: \u5bcc\u5bcc\u7684\u8c6a\n|move|p1a: \u897f\u897f\u7684\u65bd|Moonblast|p2a: Annihilape\n|-supereffective|p2a: Annihilape\n|-damage|p2a: Annihilape|0 fnt\n|faint|p2a: Annihilape\n|\n|upkeep\n|-message|tyuiop112 forfeited.\n|\n|win|qiyeO.o\n|raw|qiyeO.o's rating: 1713 &rarr; <strong>1738<\/strong><br \/>(+25 for winning)\n|raw|tyuiop112's rating: 1798 &rarr; <strong>1773<\/strong><br \/>(-25 for losing)\n|l|\u2606tyuiop112\n|player|p2|\n|l|\u2606qiyeO.o\n|player|p1|\n","uploadtime":1729307567,"views":23,"formatid":"gen9vgc2024regh","rating":1738,"private":0,"password":null}