{"id":"gen9vgc2024regh-2226050098","format":"[Gen 9] VGC 2024 Reg H","players":["tyuiop112","DarthGlacies"],"log":"|j|\u2606tyuiop112\n|j|\u2606DarthGlacies\n|t:|1729297994\n|gametype|doubles\n|player|p1|tyuiop112|linebacker|1830\n|player|p2|DarthGlacies|blue-masters2|1700\n|teamsize|p1|6\n|teamsize|p2|6\n|gen|9\n|tier|[Gen 9] VGC 2024 Reg H\n|rated|\n|rule|Species Clause: Limit one of each Pok\u00e9mon\n|rule|Item Clause: Limit 1 of each item\n|clearpoke\n|poke|p1|Incineroar, L50, M|\n|poke|p1|Gholdengo, L50|\n|poke|p1|Rillaboom, L50, M|\n|poke|p1|Dragonite, L50, F|\n|poke|p1|Ursaluna-Bloodmoon, L50, M|\n|poke|p1|Annihilape, L50, M|\n|poke|p2|Ursaluna-Bloodmoon, L50, M|\n|poke|p2|Talonflame, L50, M|\n|poke|p2|Sneasler, L50, F|\n|poke|p2|Farigiraf, L50, F|\n|poke|p2|Dondozo, L50, M|\n|poke|p2|Tatsugiri, L50, F|\n|teampreview|4\n|inactive|Battle timer is ON: inactive players will automatically lose when time's up. (requested by DarthGlacies)\n|inactive|tyuiop112 has 60 seconds left.\n|\n|t:|1729298034\n|start\n|switch|p1a: Ursaluna|Ursaluna-Bloodmoon, L50, M|100\/100\n|switch|p1b: Incineroar|Incineroar, L50, M|100\/100\n|switch|p2a: Talonflame|Talonflame, L50, M|100\/100\n|switch|p2b: Ursaluna|Ursaluna-Bloodmoon, L50, M|100\/100\n|-ability|p1b: Incineroar|Intimidate|boost\n|-unboost|p2a: Talonflame|atk|1\n|-unboost|p2b: Ursaluna|atk|1\n|turn|1\n|\n|t:|1729298048\n|move|p2a: Talonflame|Protect|p2a: Talonflame\n|-singleturn|p2a: Talonflame|Protect\n|move|p2b: Ursaluna|Protect|p2b: Ursaluna\n|-singleturn|p2b: Ursaluna|Protect\n|move|p1b: Incineroar|Fake Out|p2b: Ursaluna\n|-activate|p2b: Ursaluna|move: Protect\n|move|p1a: Ursaluna|Blood Moon|p2a: Talonflame\n|-activate|p2a: Talonflame|move: Protect\n|\n|upkeep\n|turn|2\n|j| FFA Goat\n|j| GyattDamnnm\n|\n|t:|1729298061\n|-terastallize|p2b: Ursaluna|Normal\n|move|p2a: Talonflame|Tailwind|p2a: Talonflame\n|-sidestart|p2: DarthGlacies|move: Tailwind\n|move|p2b: Ursaluna|Blood Moon|p1b: Incineroar\n|-damage|p1b: Incineroar|0 fnt\n|faint|p1b: Incineroar\n|-damage|p2b: Ursaluna|91\/100|[from] item: Life Orb\n|move|p1a: Ursaluna|Hyper Voice|p2b: Ursaluna|[spread] p2a,p2b\n|-damage|p2a: Talonflame|55\/100\n|-damage|p2b: Ursaluna|45\/100\n|\n|upkeep\n|inactive|tyuiop112 has 30 seconds left.\n|j| Phore\n|j| Cigtar\n|\n|t:|1729298093\n|switch|p1b: Dragonite|Dragonite, L50, F|100\/100\n|turn|3\n|\n|t:|1729298101\n|move|p1b: Dragonite|Protect|p1b: Dragonite\n|-singleturn|p1b: Dragonite|Protect\n|move|p2a: Talonflame|Brave Bird|p1a: Ursaluna\n|-damage|p1a: Ursaluna|74\/100\n|-damage|p2a: Talonflame|43\/100|[from] Recoil\n|move|p2b: Ursaluna|Hyper Voice|p1a: Ursaluna|[spread] p1a\n|-activate|p1b: Dragonite|move: Protect\n|-damage|p1a: Ursaluna|27\/100\n|-damage|p2b: Ursaluna|35\/100|[from] item: Life Orb\n|move|p1a: Ursaluna|Hyper Voice|p2a: Talonflame|[spread] p2a,p2b\n|-damage|p2a: Talonflame|0 fnt\n|-damage|p2b: Ursaluna|0 fnt\n|faint|p2a: Talonflame\n|faint|p2b: Ursaluna\n|\n|upkeep\n|\n|t:|1729298105\n|switch|p2a: Dondozo|Dondozo, L50, M|100\/100\n|switch|p2b: Tatsugiri|Tatsugiri, L50, F|100\/100\n|-activate|p2b: Tatsugiri|ability: Commander|[of] p2a: Dondozo\n|-boost|p2a: Dondozo|atk|2\n|-boost|p2a: Dondozo|spa|2\n|-boost|p2a: Dondozo|spe|2\n|-boost|p2a: Dondozo|def|2\n|-boost|p2a: Dondozo|spd|2\n|turn|4\n|inactive|tyuiop112 has 30 seconds left.\n|inactive|tyuiop112 has 20 seconds left.\n|\n|t:|1729298141\n|move|p1a: Ursaluna|Vacuum Wave|p2a: Dondozo\n|-damage|p2a: Dondozo|94\/100\n|move|p2a: Dondozo|Order Up|p1a: Ursaluna\n|-damage|p1a: Ursaluna|0 fnt\n|faint|p1a: Ursaluna\n|-boost|p2a: Dondozo|atk|1\n|move|p1b: Dragonite|Haze|p1b: Dragonite\n|-clearallboost\n|\n|-heal|p2a: Dondozo|99\/100|[from] item: Leftovers\n|upkeep\n|\n|t:|1729298154\n|switch|p1a: Gholdengo|Gholdengo, L50|100\/100\n|turn|5\n|\n|t:|1729298158\n|move|p1a: Gholdengo|Protect|p1a: Gholdengo\n|-singleturn|p1a: Gholdengo|Protect\n|move|p1b: Dragonite|Protect|p1b: Dragonite\n|-singleturn|p1b: Dragonite|Protect\n|move|p2a: Dondozo|Wave Crash|p1a: Gholdengo\n|-activate|p1a: Gholdengo|move: Protect\n|\n|-heal|p2a: Dondozo|100\/100|[from] item: Leftovers\n|-sideend|p2: DarthGlacies|move: Tailwind\n|upkeep\n|turn|6\n|\n|t:|1729298175\n|-terastallize|p1a: Gholdengo|Water\n|move|p1a: Gholdengo|Shadow Ball|p2a: Dondozo\n|-damage|p2a: Dondozo|56\/100\n|-damage|p1a: Gholdengo|91\/100|[from] item: Life Orb\n|move|p1b: Dragonite|Scale Shot|p2a: Dondozo\n|-damage|p2a: Dondozo|45\/100\n|-damage|p2a: Dondozo|35\/100\n|-damage|p2a: Dondozo|24\/100\n|-damage|p2a: Dondozo|14\/100\n|-damage|p2a: Dondozo|4\/100\n|-hitcount|p2a: Dondozo|5\n|-unboost|p1b: Dragonite|def|1\n|-boost|p1b: Dragonite|spe|1\n|move|p2a: Dondozo|Order Up|p1b: Dragonite\n|-supereffective|p1b: Dragonite\n|-damage|p1b: Dragonite|75\/100\n|-boost|p2a: Dondozo|atk|1\n|\n|-heal|p2a: Dondozo|10\/100|[from] item: Leftovers\n|upkeep\n|turn|7\n|-message|DarthGlacies forfeited.\n|\n|win|tyuiop112\n|raw|tyuiop112's rating: 1830 &rarr; <strong>1843<\/strong><br \/>(+13 for winning)\n|raw|DarthGlacies's rating: 1700 &rarr; <strong>1687<\/strong><br \/>(-13 for losing)\n|l|\u2606DarthGlacies\n|player|p2|\n|l| GyattDamnnm\n|l|\u2606tyuiop112\n|player|p1|\n|c| FFA Goat|noooo\n|c| FFA Goat|why forfeir\n|l| Cigtar\n|c| FFA Goat|not real at all\n|l| FFA Goat\n|l| Phore\n","uploadtime":1729298449,"views":9,"formatid":"gen9vgc2024regh","rating":1687,"private":0,"password":null}