{"id":"gen9vgc2024regh-2226422471","format":"[Gen 9] VGC 2024 Reg H","players":["Becccca","lmlmy"],"log":"|j|\u2606Becccca\n|j|\u2606lmlmy\n|t:|1729355049\n|gametype|doubles\n|player|p1|Becccca|265|1785\n|player|p2|lmlmy|skyla|1848\n|teamsize|p1|6\n|teamsize|p2|6\n|gen|9\n|tier|[Gen 9] VGC 2024 Reg H\n|rated|\n|rule|Species Clause: Limit one of each Pok\u00e9mon\n|rule|Item Clause: Limit 1 of each item\n|clearpoke\n|poke|p1|Pelipper, L50, F|\n|poke|p1|Archaludon, L50, M|\n|poke|p1|Sneasler, L50, F|\n|poke|p1|Dragapult, L50, F|\n|poke|p1|Kingambit, L50, F|\n|poke|p1|Amoonguss, L50, M|\n|poke|p2|Weavile, L50, M|\n|poke|p2|Pelipper, L50, M|\n|poke|p2|Gholdengo, L50|\n|poke|p2|Ursaluna-Bloodmoon, L50, M|\n|poke|p2|Dragonite, L50, F|\n|poke|p2|Archaludon, L50, M|\n|teampreview|4\n|inactive|Battle timer is ON: inactive players will automatically lose when time's up. (requested by lmlmy)\n|inactive|Becccca has 60 seconds left.\n|\n|t:|1729355084\n|start\n|switch|p1a: Dragapult|Dragapult, L50, F|100\/100\n|switch|p1b: Kingambit|Kingambit, L50, F|100\/100\n|switch|p2a: Gholdengo|Gholdengo, L50|100\/100\n|switch|p2b: Weavile|Weavile, L50, M|100\/100\n|-ability|p2b: Weavile|Pressure\n|turn|1\n|inactive|Becccca has 30 seconds left.\n|inactive|Becccca has 20 seconds left.\n|\n|t:|1729355121\n|move|p1a: Dragapult|Outrage|p2b: Weavile\n|-enditem|p2b: Weavile|Focus Sash\n|-damage|p2b: Weavile|1\/100\n|move|p2b: Weavile|Knock Off|p1a: Dragapult\n|-supereffective|p1a: Dragapult\n|-damage|p1a: Dragapult|0 fnt\n|-enditem|p1a: Dragapult|Choice Band|[from] move: Knock Off|[of] p2b: Weavile\n|faint|p1a: Dragapult\n|move|p2a: Gholdengo|Focus Blast|p1b: Kingambit\n|-supereffective|p1b: Kingambit\n|-enditem|p1b: Kingambit|Focus Sash\n|-damage|p1b: Kingambit|1\/100\n|-damage|p2a: Gholdengo|91\/100|[from] item: Life Orb\n|move|p1b: Kingambit|Swords Dance|p1b: Kingambit\n|-boost|p1b: Kingambit|atk|2\n|\n|upkeep\n|inactive|Becccca has 30 seconds left.\n|\n|t:|1729355149\n|switch|p1a: Archaludon|Archaludon, L50, M|100\/100\n|turn|2\n|\n|t:|1729355171\n|-terastallize|p1a: Archaludon|Electric\n|move|p2b: Weavile|Protect|p2b: Weavile\n|-singleturn|p2b: Weavile|Protect\n|move|p2a: Gholdengo|Protect|p2a: Gholdengo\n|-singleturn|p2a: Gholdengo|Protect\n|move|p1b: Kingambit|Protect|p1b: Kingambit\n|-singleturn|p1b: Kingambit|Protect\n|move|p1a: Archaludon|Dragon Pulse|p2b: Weavile\n|-activate|p2b: Weavile|move: Protect\n|\n|upkeep\n|turn|3\n|\n|t:|1729355193\n|move|p2b: Weavile|Ice Shard|p1b: Kingambit\n|-resisted|p1b: Kingambit\n|-damage|p1b: Kingambit|0 fnt\n|faint|p1b: Kingambit\n|move|p2a: Gholdengo|Shadow Ball|p1a: Archaludon\n|-damage|p1a: Archaludon|60\/100\n|-damage|p2a: Gholdengo|81\/100|[from] item: Life Orb\n|move|p1a: Archaludon|Thunderbolt|p2a: Gholdengo\n|-damage|p2a: Gholdengo|24\/100\n|\n|upkeep\n|\n|t:|1729355202\n|switch|p1b: Sneasler|Sneasler, L50, F|100\/100\n|turn|4\n|inactive|Becccca has 30 seconds left.\n|inactive|Becccca has 20 seconds left.\n|\n|t:|1729355240\n|move|p2b: Weavile|Protect|p2b: Weavile\n|-singleturn|p2b: Weavile|Protect\n|move|p1b: Sneasler|Protect|p1b: Sneasler\n|-singleturn|p1b: Sneasler|Protect\n|move|p2a: Gholdengo|Protect|p2a: Gholdengo\n|-singleturn|p2a: Gholdengo|Protect\n|move|p1a: Archaludon|Thunderbolt|p2a: Gholdengo\n|-activate|p2a: Gholdengo|move: Protect\n|\n|upkeep\n|turn|5\n|inactive|Becccca has 30 seconds left.\n|\n|t:|1729355268\n|move|p2b: Weavile|Ice Spinner|p1b: Sneasler\n|-damage|p1b: Sneasler|29\/100\n|move|p1b: Sneasler|Close Combat|p2b: Weavile\n|-supereffective|p2b: Weavile\n|-damage|p2b: Weavile|0 fnt\n|-unboost|p1b: Sneasler|def|1\n|-unboost|p1b: Sneasler|spd|1\n|-enditem|p1b: Sneasler|White Herb\n|-clearnegativeboost|p1b: Sneasler|[silent]\n|faint|p2b: Weavile\n|move|p2a: Gholdengo|Shadow Ball|p1a: Archaludon\n|-damage|p1a: Archaludon|15\/100\n|-damage|p2a: Gholdengo|14\/100|[from] item: Life Orb\n|move|p1a: Archaludon|Thunderbolt|p2a: Gholdengo\n|-damage|p2a: Gholdengo|0 fnt\n|faint|p2a: Gholdengo\n|\n|upkeep\n|\n|t:|1729355273\n|switch|p2b: Ursaluna|Ursaluna-Bloodmoon, L50, M|100\/100\n|switch|p2a: Dragonite|Dragonite, L50, F|100\/100\n|turn|6\n|inactive|Becccca has 30 seconds left.\n|\n|t:|1729355301\n|-terastallize|p2b: Ursaluna|Ghost\n|move|p1b: Sneasler|Close Combat|p2b: Ursaluna\n|-immune|p2b: Ursaluna\n|move|p2a: Dragonite|Scale Shot|p1b: Sneasler\n|-damage|p1b: Sneasler|4\/100\n|-damage|p1b: Sneasler|0 fnt\n|faint|p1b: Sneasler\n|-hitcount|p1: Sneasler|2\n|-unboost|p2a: Dragonite|def|1\n|-boost|p2a: Dragonite|spe|1\n|move|p1a: Archaludon|Dragon Pulse|p2a: Dragonite\n|-supereffective|p2a: Dragonite\n|-damage|p2a: Dragonite|57\/100\n|move|p2b: Ursaluna|Earth Power|p1a: Archaludon\n|-supereffective|p1a: Archaludon\n|-damage|p1a: Archaludon|0 fnt\n|faint|p1a: Archaludon\n|\n|win|lmlmy\n|raw|Becccca's rating: 1785 &rarr; <strong>1769<\/strong><br \/>(-16 for losing)\n|raw|lmlmy's rating: 1848 &rarr; <strong>1864<\/strong><br \/>(+16 for winning)\n|l|\u2606lmlmy\n|player|p2|\n|l|\u2606Becccca\n|player|p1|\n","uploadtime":1729355541,"views":124,"formatid":"gen9vgc2024regh","rating":1769,"private":0,"password":null}