{"id":"gen9vgc2024regh-2226981050","format":"[Gen 9] VGC 2024 Reg H","players":["juacox300","Pengpen"],"log":"|j|\u2606juacox300\n|j|\u2606Pengpen\n|t:|1729432780\n|gametype|doubles\n|player|p1|juacox300|unknown|1752\n|player|p2|Pengpen|101|1750\n|teamsize|p1|6\n|teamsize|p2|6\n|gen|9\n|tier|[Gen 9] VGC 2024 Reg H\n|rated|\n|rule|Species Clause: Limit one of each Pok\u00e9mon\n|rule|Item Clause: Limit 1 of each item\n|clearpoke\n|poke|p1|Ursaluna, L50, F|\n|poke|p1|Murkrow, L50, M|\n|poke|p1|Archaludon, L50, M|\n|poke|p1|Sneasler, L50, M|\n|poke|p1|Indeedee, L50, M|\n|poke|p1|Incineroar, L50, M|\n|poke|p2|Dragapult, L50, F|\n|poke|p2|Sneasler, L50, F|\n|poke|p2|Kingambit, L50, F|\n|poke|p2|Rillaboom, L50, F|\n|poke|p2|Volcarona, L50, F|\n|poke|p2|Primarina, L50, F|\n|teampreview|4\n|l|\u2606juacox300\n|player|p1|\n|inactive|Battle timer is ON: inactive players will automatically lose when time's up. (requested by Pengpen)\n|j|\u2606juacox300\n|inactive|juacox300 reconnected and has 80 seconds left.\n|player|p1|juacox300|unknown|\n|\n|t:|1729432870\n|start\n|switch|p1a: Archaludon|Archaludon, L50, M, shiny|100\/100\n|switch|p1b: Murkrow|Murkrow, L50, M|100\/100\n|switch|p2a: Sneasler|Sneasler, L50, F|100\/100\n|switch|p2b: Volcarona|Volcarona, L50, F, shiny|100\/100\n|turn|1\n|\n|t:|1729432885\n|move|p1a: Archaludon|Protect|p1a: Archaludon\n|-singleturn|p1a: Archaludon|Protect\n|move|p2a: Sneasler|Close Combat|p1a: Archaludon\n|-activate|p1a: Archaludon|move: Protect\n|move|p2b: Volcarona|Tailwind|p2b: Volcarona\n|-sidestart|p2: Pengpen|move: Tailwind\n|move|p1b: Murkrow|Brave Bird|p2a: Sneasler\n|-supereffective|p2a: Sneasler\n|-enditem|p2a: Sneasler|Focus Sash\n|-damage|p2a: Sneasler|1\/100\n|-damage|p1b: Murkrow|68\/100|[from] Recoil\n|\n|upkeep\n|turn|2\n|\n|t:|1729432908\n|-terastallize|p1a: Archaludon|Fairy\n|move|p2a: Sneasler|Protect|p2a: Sneasler\n|-singleturn|p2a: Sneasler|Protect\n|move|p1b: Murkrow|Tailwind|p1b: Murkrow\n|-sidestart|p1: juacox300|move: Tailwind\n|move|p2b: Volcarona|Fiery Dance|p1b: Murkrow\n|-damage|p1b: Murkrow|33\/100\n|move|p1a: Archaludon|Electro Shot||[still]\n|-prepare|p1a: Archaludon|Electro Shot\n|-boost|p1a: Archaludon|spa|1\n|-enditem|p1a: Archaludon|Power Herb\n|-anim|p1a: Archaludon|Electro Shot|p2a: Sneasler\n|-activate|p2a: Sneasler|move: Protect\n|\n|upkeep\n|turn|3\n|inactive|Pengpen has 30 seconds left.\n|inactive|Pengpen has 20 seconds left.\n|\n|t:|1729432944\n|move|p2b: Volcarona|Rage Powder|p2b: Volcarona\n|-singleturn|p2b: Volcarona|move: Rage Powder\n|move|p1b: Murkrow|Rain Dance|p1b: Murkrow\n|-weather|RainDance\n|move|p2a: Sneasler|Dire Claw|p1a: Archaludon\n|-supereffective|p1a: Archaludon\n|-damage|p1a: Archaludon|36\/100\n|-status|p1a: Archaludon|psn\n|-ability|p1a: Archaludon|Stamina|boost\n|-boost|p1a: Archaludon|def|1\n|move|p1a: Archaludon|Electro Shot||[still]\n|-prepare|p1a: Archaludon|Electro Shot\n|-boost|p1a: Archaludon|spa|1\n|-anim|p1a: Archaludon|Electro Shot|p2b: Volcarona\n|-damage|p2b: Volcarona|21\/100\n|\n|-weather|RainDance|[upkeep]\n|-damage|p1a: Archaludon|24\/100 psn|[from] psn\n|upkeep\n|turn|4\n|inactive|Pengpen has 30 seconds left.\n|\n|t:|1729432977\n|move|p1a: Archaludon|Protect|p1a: Archaludon\n|-singleturn|p1a: Archaludon|Protect\n|move|p2b: Volcarona|Rage Powder|p2b: Volcarona\n|-singleturn|p2b: Volcarona|move: Rage Powder\n|move|p2a: Sneasler|Close Combat|p1b: Murkrow\n|-crit|p1b: Murkrow\n|-damage|p1b: Murkrow|0 fnt\n|-unboost|p2a: Sneasler|def|1\n|-unboost|p2a: Sneasler|spd|1\n|faint|p1b: Murkrow\n|\n|-weather|RainDance|[upkeep]\n|-damage|p1a: Archaludon|12\/100 psn|[from] psn\n|-sideend|p2: Pengpen|move: Tailwind\n|upkeep\n|\n|t:|1729432988\n|switch|p1b: Alfred|Indeedee, L50, M, shiny|100\/100\n|-fieldstart|move: Psychic Terrain|[from] ability: Psychic Surge|[of] p1b: Alfred\n|turn|5\n|\n|t:|1729433012\n|move|p2a: Sneasler|Protect|p2a: Sneasler\n|-singleturn|p2a: Sneasler|Protect\n|move|p1b: Alfred|Expanding Force|p2a: Sneasler|[spread] p2b\n|-activate|p2a: Sneasler|move: Protect\n|-damage|p2b: Volcarona|0 fnt\n|faint|p2b: Volcarona\n|move|p1a: Archaludon|Electro Shot||[still]\n|-prepare|p1a: Archaludon|Electro Shot\n|-boost|p1a: Archaludon|spa|1\n|-anim|p1a: Archaludon|Electro Shot|p2a: Sneasler\n|-activate|p2a: Sneasler|move: Protect\n|\n|-weather|RainDance|[upkeep]\n|-damage|p1a: Archaludon|0 fnt|[from] psn\n|faint|p1a: Archaludon\n|-sideend|p1: juacox300|move: Tailwind\n|upkeep\n|\n|t:|1729433027\n|switch|p2b: Dragapult|Dragapult, L50, F, shiny|100\/100\n|switch|p1a: Nightwing|Sneasler, L50, M|100\/100\n|-enditem|p1a: Nightwing|Psychic Seed\n|-boost|p1a: Nightwing|spd|1|[from] item: Psychic Seed\n|turn|6\n|\n|t:|1729433047\n|switch|p2a: Rillaboom|Rillaboom, L50, F, shiny|100\/100\n|-fieldstart|move: Grassy Terrain|[from] ability: Grassy Surge|[of] p2a: Rillaboom\n|move|p1a: Nightwing|Dire Claw|p2b: Dragapult\n|-resisted|p2b: Dragapult\n|-damage|p2b: Dragapult|69\/100\n|move|p1b: Alfred|Expanding Force|p2b: Dragapult\n|-crit|p2b: Dragapult\n|-damage|p2b: Dragapult|0 fnt\n|faint|p2b: Dragapult\n|\n|-weather|RainDance|[upkeep]\n|upkeep\n|\n|t:|1729433058\n|switch|p2b: Sneasler|Sneasler, L50, F|1\/100\n|turn|7\n|inactive|Pengpen has 30 seconds left.\n|\n|t:|1729433090\n|move|p2a: Rillaboom|Fake Out|p1a: Nightwing\n|-damage|p1a: Nightwing|77\/100\n|cant|p1a: Nightwing|flinch\n|move|p1b: Alfred|Expanding Force|p2b: Sneasler\n|-supereffective|p2b: Sneasler\n|-damage|p2b: Sneasler|0 fnt\n|faint|p2b: Sneasler\n|\n|-weather|none\n|-heal|p1a: Nightwing|82\/100|[from] Grassy Terrain\n|upkeep\n|turn|8\n|\n|t:|1729433102\n|-terastallize|p2a: Rillaboom|Fire\n|move|p1a: Nightwing|Dire Claw|p2a: Rillaboom\n|-damage|p2a: Rillaboom|59\/100\n|move|p1b: Alfred|Expanding Force|p2a: Rillaboom\n|-damage|p2a: Rillaboom|29\/100\n|move|p2a: Rillaboom|High Horsepower|p1a: Nightwing\n|-supereffective|p1a: Nightwing\n|-damage|p1a: Nightwing|0 fnt\n|faint|p1a: Nightwing\n|\n|-heal|p2a: Rillaboom|35\/100|[from] Grassy Terrain\n|upkeep\n|turn|9\n|\n|t:|1729433115\n|move|p2a: Rillaboom|Grassy Glide|p1b: Alfred\n|-damage|p1b: Alfred|20\/100\n|move|p1b: Alfred|Expanding Force|p2a: Rillaboom\n|-damage|p2a: Rillaboom|6\/100\n|\n|-heal|p1b: Alfred|26\/100|[from] Grassy Terrain\n|-heal|p2a: Rillaboom|12\/100|[from] Grassy Terrain\n|upkeep\n|turn|10\n|-message|juacox300 forfeited.\n|\n|win|Pengpen\n|raw|juacox300's rating: 1752 &rarr; <strong>1732<\/strong><br \/>(-20 for losing)\n|raw|Pengpen's rating: 1750 &rarr; <strong>1770<\/strong><br \/>(+20 for winning)\n|l|\u2606juacox300\n|player|p1|\n|l|\u2606Pengpen\n|player|p2|\n","uploadtime":1729433345,"views":26,"formatid":"gen9vgc2024regh","rating":1732,"private":0,"password":null}