{"id":"gen9vgc2024regh-2227028699","format":"[Gen 9] VGC 2024 Reg H","players":["liam.2025","soap858"],"log":"|j|\u2606liam.2025\n|j|\u2606soap858\n|t:|1729438488\n|gametype|doubles\n|player|p1|liam.2025|170|1740\n|player|p2|soap858|2|1744\n|teamsize|p1|6\n|teamsize|p2|6\n|gen|9\n|tier|[Gen 9] VGC 2024 Reg H\n|rated|\n|rule|Species Clause: Limit one of each Pok\u00e9mon\n|rule|Item Clause: Limit 1 of each item\n|clearpoke\n|poke|p1|Braviary-Hisui, L50, M|\n|poke|p1|Indeedee, L50, M|\n|poke|p1|Whimsicott, L50, M|\n|poke|p1|Sneasler, L50, M|\n|poke|p1|Tatsugiri, L50, F|\n|poke|p1|Dondozo, L50, M|\n|poke|p2|Armarouge, L50, F|\n|poke|p2|Indeedee-F, L50, F|\n|poke|p2|Dragapult, L50, M|\n|poke|p2|Torkoal, L50, F|\n|poke|p2|Venusaur, L50, M|\n|poke|p2|Sneasler, L50, M|\n|teampreview|4\n|inactive|Battle timer is ON: inactive players will automatically lose when time's up. (requested by soap858)\n|inactive|soap858 has 60 seconds left.\n|\n|t:|1729438534\n|start\n|switch|p1a: Indeedee|Indeedee, L50, M|100\/100\n|switch|p1b: Sneasler|Sneasler, L50, M|100\/100\n|switch|p2a: Dragapult|Dragapult, L50, M|100\/100\n|switch|p2b: Armarouge|Armarouge, L50, F|100\/100\n|-fieldstart|move: Psychic Terrain|[from] ability: Psychic Surge|[of] p1a: Indeedee\n|-enditem|p1b: Sneasler|Psychic Seed\n|-boost|p1b: Sneasler|spd|1|[from] item: Psychic Seed\n|turn|1\n|inactive|liam.2025 has 30 seconds left.\n|inactive|soap858 has 30 seconds left.\n|inactive|liam.2025 has 20 seconds left.\n|\n|t:|1729438572\n|-terastallize|p2a: Dragapult|Dragon\n|move|p1b: Sneasler|Taunt|p2b: Armarouge\n|-start|p2b: Armarouge|move: Taunt\n|move|p2a: Dragapult|Dragon Darts|p1a: Indeedee\n|-damage|p1a: Indeedee|0 fnt\n|-anim|p2a: Dragapult|Dragon Darts|p1b: Sneasler\n|-damage|p1b: Sneasler|9\/100\n|faint|p1a: Indeedee\n|move|p2b: Armarouge|Armor Cannon|p1b: Sneasler\n|-damage|p1b: Sneasler|0 fnt\n|-unboost|p2b: Armarouge|def|1\n|-unboost|p2b: Armarouge|spd|1\n|faint|p1b: Sneasler\n|-damage|p2b: Armarouge|91\/100|[from] item: Life Orb\n|\n|upkeep\n|\n|t:|1729438587\n|switch|p1b: Tatsugiri|Tatsugiri, L50, F|100\/100\n|switch|p1a: Dondozo|Dondozo, L50, M|100\/100\n|-activate|p1b: Tatsugiri|ability: Commander|[of] p1a: Dondozo\n|-boost|p1a: Dondozo|atk|2\n|-boost|p1a: Dondozo|spa|2\n|-boost|p1a: Dondozo|spe|2\n|-boost|p1a: Dondozo|def|2\n|-boost|p1a: Dondozo|spd|2\n|turn|2\n|inactive|soap858 has 30 seconds left.\n|inactive|soap858 has 20 seconds left.\n|inactive|liam.2025 has 30 seconds left.\n|inactive|soap858 has 15 seconds left.\n|inactive|soap858 has 10 seconds left.\n|\n|t:|1729438633\n|move|p2a: Dragapult|Dragon Darts|p1a: Dondozo\n|-damage|p1a: Dondozo|84\/100\n|-anim|p2a: Dragapult|Dragon Darts|p1a: Dondozo\n|-damage|p1a: Dondozo|69\/100\n|move|p1a: Dondozo|Wave Crash|p2b: Armarouge\n|-supereffective|p2b: Armarouge\n|-damage|p2b: Armarouge|0 fnt\n|faint|p2b: Armarouge\n|-damage|p1a: Dondozo|46\/100|[from] Recoil\n|\n|upkeep\n|\n|t:|1729438637\n|switch|p2b: Torkoal|Torkoal, L50, F|100\/100\n|-weather|SunnyDay|[from] ability: Drought|[of] p2b: Torkoal\n|turn|3\n|\n|t:|1729438657\n|switch|p2a: Indeedee|Indeedee-F, L50, F|100\/100\n|move|p1a: Dondozo|Order Up|p2a: Indeedee\n|-damage|p2a: Indeedee|59\/100\n|-boost|p1a: Dondozo|atk|1\n|move|p2b: Torkoal|Clear Smog|p1a: Dondozo\n|-damage|p1a: Dondozo|40\/100\n|-clearboost|p1a: Dondozo\n|\n|-weather|SunnyDay|[upkeep]\n|upkeep\n|turn|4\n|j| Therazer456\n|\n|t:|1729438673\n|switch|p2b: Dragapult|Dragapult, L50, M, tera:Dragon|100\/100\n|-terastallize|p1a: Dondozo|Flying\n|move|p2a: Indeedee|Follow Me|p2a: Indeedee\n|-singleturn|p2a: Indeedee|move: Follow Me\n|move|p1a: Dondozo|Tera Blast|p2a: Indeedee|[anim] Tera Blast Flying\n|-damage|p2a: Indeedee|26\/100\n|-enditem|p2a: Indeedee|Sitrus Berry|[eat]\n|-heal|p2a: Indeedee|51\/100|[from] item: Sitrus Berry\n|\n|-weather|SunnyDay|[upkeep]\n|upkeep\n|turn|5\n|-message|liam.2025 forfeited.\n|\n|win|soap858\n|raw|liam.2025's rating: 1740 &rarr; <strong>1720<\/strong><br \/>(-20 for losing)\n|raw|soap858's rating: 1744 &rarr; <strong>1764<\/strong><br \/>(+20 for winning)\n|l|\u2606liam.2025\n|player|p1|\n|l|\u2606soap858\n|player|p2|\n","uploadtime":1729438875,"views":22,"formatid":"gen9vgc2024regh","rating":1720,"private":0,"password":null}