{"id":"gen9vgc2024regh-2227290718","format":"[Gen 9] VGC 2024 Reg H","players":["schmokeapancake","Lobon02"],"log":"|j|\u2606schmokeapancake\n|j|\u2606Lobon02\n|t:|1729466858\n|gametype|doubles\n|player|p1|schmokeapancake|red-gen2|1727\n|player|p2|Lobon02|101|1683\n|teamsize|p1|6\n|teamsize|p2|6\n|gen|9\n|tier|[Gen 9] VGC 2024 Reg H\n|rated|\n|rule|Species Clause: Limit one of each Pok\u00e9mon\n|rule|Item Clause: Limit 1 of each item\n|clearpoke\n|poke|p1|Ursaluna, L50, F|\n|poke|p1|Incineroar, L50, F|\n|poke|p1|Porygon2, L50|\n|poke|p1|Sneasler, L50, M|\n|poke|p1|Gholdengo, L50|\n|poke|p1|Amoonguss, L50, F|\n|poke|p2|Dondozo, L50, M|\n|poke|p2|Tatsugiri-Stretchy, L50, F|\n|poke|p2|Sylveon, L50, F|\n|poke|p2|Archaludon, L50, F|\n|poke|p2|Dragonite, L50, M|\n|poke|p2|Kingambit, L50, M|\n|teampreview|4\n|inactive|Battle timer is ON: inactive players will automatically lose when time's up. (requested by Lobon02)\n|inactive|schmokeapancake has 60 seconds left.\n|inactive|schmokeapancake has 30 seconds left.\n|inactive|schmokeapancake has 20 seconds left.\n|inactive|schmokeapancake has 15 seconds left.\n|\n|t:|1729466961\n|start\n|switch|p1a: Sneasler|Sneasler, L50, M|100\/100\n|switch|p1b: Porygon2|Porygon2, L50|100\/100\n|switch|p2a: Dondozo|Dondozo, L50, M|100\/100\n|switch|p2b: Sylveon|Sylveon, L50, F|100\/100\n|-ability|p1b: Porygon2|Pixilate|[from] ability: Trace|[of] p2b: Sylveon\n|turn|1\n|\n|t:|1729466978\n|-terastallize|p2b: Sylveon|Fire\n|move|p1a: Sneasler|Fake Out|p2a: Dondozo\n|-damage|p2a: Dondozo|90\/100\n|move|p2b: Sylveon|Hyper Beam|p1b: Porygon2\n|-damage|p1b: Porygon2|17\/100\n|-mustrecharge|p2b: Sylveon\n|move|p2a: Dondozo|Wave Crash|p1b: Porygon2\n|-damage|p1b: Porygon2|0 fnt\n|faint|p1b: Porygon2\n|-damage|p2a: Dondozo|85\/100|[from] Recoil\n|\n|upkeep\n|c|\u2606schmokeapancake|bro\n|\n|t:|1729466997\n|switch|p1b: Amoonguss|Amoonguss, L50, F|100\/100\n|turn|2\n|\n|t:|1729467006\n|move|p2a: Dondozo|Protect|p2a: Dondozo\n|-singleturn|p2a: Dondozo|Protect\n|move|p1a: Sneasler|Dire Claw|p2a: Dondozo\n|-activate|p2a: Dondozo|move: Protect\n|cant|p2b: Sylveon|recharge\n|move|p1b: Amoonguss|Spore|p2b: Sylveon\n|-status|p2b: Sylveon|slp|[from] move: Spore\n|\n|upkeep\n|turn|3\n|c|\u2606schmokeapancake|that's dishonest tbh\n|\n|t:|1729467029\n|switch|p2b: Tatsugiri|Tatsugiri-Stretchy, L50, F|100\/100\n|-activate|p2b: Tatsugiri|ability: Commander|[of] p2a: Dondozo\n|-boost|p2a: Dondozo|atk|2\n|-boost|p2a: Dondozo|spa|2\n|-boost|p2a: Dondozo|spe|2\n|-boost|p2a: Dondozo|def|2\n|-boost|p2a: Dondozo|spd|2\n|move|p1a: Sneasler|Protect|p1a: Sneasler\n|-singleturn|p1a: Sneasler|Protect\n|move|p2a: Dondozo|Wave Crash|p1a: Sneasler\n|-activate|p1a: Sneasler|move: Protect\n|move|p1b: Amoonguss|Spore|p2a: Dondozo\n|-status|p2a: Dondozo|slp|[from] move: Spore\n|\n|upkeep\n|turn|4\n|\n|t:|1729467046\n|move|p1a: Sneasler|Close Combat|p2a: Dondozo\n|-damage|p2a: Dondozo|62\/100 slp\n|-unboost|p1a: Sneasler|def|1\n|-unboost|p1a: Sneasler|spd|1\n|cant|p2a: Dondozo|slp\n|move|p1b: Amoonguss|Pollen Puff|p2a: Dondozo\n|-damage|p2a: Dondozo|52\/100 slp\n|\n|upkeep\n|turn|5\n|j| Orcat\n|\n|t:|1729467064\n|move|p1a: Sneasler|Close Combat|p2a: Dondozo\n|-damage|p2a: Dondozo|29\/100 slp\n|-unboost|p1a: Sneasler|def|1\n|-unboost|p1a: Sneasler|spd|1\n|cant|p2a: Dondozo|slp\n|move|p1b: Amoonguss|Spore|p2a: Dondozo\n|-fail|p2a: Dondozo|slp\n|\n|upkeep\n|turn|6\n|\n|t:|1729467078\n|move|p1a: Sneasler|Close Combat|p2a: Dondozo\n|-damage|p2a: Dondozo|6\/100 slp\n|-unboost|p1a: Sneasler|def|1\n|-unboost|p1a: Sneasler|spd|1\n|cant|p2a: Dondozo|slp\n|move|p1b: Amoonguss|Spore|p2a: Dondozo\n|-fail|p2a: Dondozo|slp\n|\n|upkeep\n|turn|7\n|\n|t:|1729467097\n|move|p1a: Sneasler|Dire Claw|p2a: Dondozo\n|-damage|p2a: Dondozo|0 fnt\n|faint|p2a: Dondozo\n|move|p1b: Amoonguss|Spore|p2b: Tatsugiri\n|-status|p2b: Tatsugiri|slp|[from] move: Spore\n|\n|upkeep\n|\n|t:|1729467106\n|switch|p2a: Sylveon|Sylveon, L50, F, tera:Fire|100\/100 slp\n|turn|8\n|\n|t:|1729467126\n|move|p1a: Sneasler|Close Combat|p2a: Sylveon\n|-damage|p2a: Sylveon|10\/100 slp\n|-unboost|p1a: Sneasler|def|1\n|-unboost|p1a: Sneasler|spd|1\n|cant|p2b: Tatsugiri|slp\n|cant|p2a: Sylveon|slp\n|move|p1b: Amoonguss|Spore|p2b: Tatsugiri\n|-fail|p2b: Tatsugiri|slp\n|\n|upkeep\n|turn|9\n|\n|t:|1729467140\n|move|p1a: Sneasler|Close Combat|p2a: Sylveon\n|-damage|p2a: Sylveon|0 fnt\n|-unboost|p1a: Sneasler|def|1\n|-unboost|p1a: Sneasler|spd|1\n|faint|p2a: Sylveon\n|cant|p2b: Tatsugiri|slp\n|move|p1b: Amoonguss|Spore|p2b: Tatsugiri\n|-fail|p2b: Tatsugiri|slp\n|\n|upkeep\n|\n|t:|1729467151\n|switch|p2a: Kingambit|Kingambit, L50, M|100\/100\n|turn|10\n|\n|t:|1729467174\n|move|p1b: Amoonguss|Rage Powder|p1b: Amoonguss\n|-singleturn|p1b: Amoonguss|move: Rage Powder\n|move|p2a: Kingambit|Sucker Punch||[still]\n|-fail|p2a: Kingambit\n|move|p1a: Sneasler|Close Combat|p2a: Kingambit\n|-supereffective|p2a: Kingambit\n|-damage|p2a: Kingambit|0 fnt\n|-unboost|p1a: Sneasler|def|1\n|-unboost|p1a: Sneasler|spd|1\n|faint|p2a: Kingambit\n|-curestatus|p2b: Tatsugiri|slp|[msg]\n|move|p2b: Tatsugiri|Taunt|p1b: Amoonguss\n|-start|p1b: Amoonguss|move: Taunt\n|\n|upkeep\n|turn|11\n|\n|t:|1729467190\n|move|p1a: Sneasler|Close Combat|p2b: Tatsugiri\n|-enditem|p2b: Tatsugiri|Focus Sash\n|-damage|p2b: Tatsugiri|1\/100\n|move|p2b: Tatsugiri|Muddy Water|p1a: Sneasler|[spread] p1a,p1b\n|-resisted|p1b: Amoonguss\n|-enditem|p1a: Sneasler|Focus Sash\n|-damage|p1a: Sneasler|1\/100\n|-damage|p1b: Amoonguss|85\/100\n|move|p1b: Amoonguss|Pollen Puff|p2b: Tatsugiri\n|-damage|p2b: Tatsugiri|0 fnt\n|faint|p2b: Tatsugiri\n|\n|win|schmokeapancake\n|raw|schmokeapancake's rating: 1727 &rarr; <strong>1744<\/strong><br \/>(+17 for winning)\n|raw|Lobon02's rating: 1683 &rarr; <strong>1666<\/strong><br \/>(-17 for losing)\n|l|\u2606Lobon02\n|player|p2|\n|l| Orcat\n|l|\u2606schmokeapancake\n|player|p1|\n","uploadtime":1729467210,"views":16,"formatid":"gen9vgc2024regh","rating":1666,"private":0,"password":null}