{"id":"gen9vgc2024regh-2227316085","format":"[Gen 9] VGC 2024 Reg H","players":["Hikawari","aayushjay"],"log":"|j|\u2606Hikawari\n|j|\u2606aayushjay\n|t:|1729469877\n|gametype|doubles\n|player|p1|Hikawari|2|1663\n|player|p2|aayushjay|steven|1729\n|teamsize|p1|6\n|teamsize|p2|6\n|gen|9\n|tier|[Gen 9] VGC 2024 Reg H\n|rated|\n|rule|Species Clause: Limit one of each Pok\u00e9mon\n|rule|Item Clause: Limit 1 of each item\n|clearpoke\n|poke|p1|Sneasler, L50, F|\n|poke|p1|Murkrow, L50, M|\n|poke|p1|Gholdengo, L50|\n|poke|p1|Indeedee, L50, M|\n|poke|p1|Annihilape, L50, F|\n|poke|p1|Sinistcha, L50|\n|poke|p2|Tyranitar, L50, M|\n|poke|p2|Metagross, L50|\n|poke|p2|Bronzong, L50|\n|poke|p2|Excadrill, L50, M|\n|poke|p2|Primarina, L50, F|\n|poke|p2|Magmar, L50, M|\n|teampreview|4\n|inactive|Battle timer is ON: inactive players will automatically lose when time's up. (requested by aayushjay)\nHikawari has agreed to open team sheets.\n|inactive|Hikawari has 60 seconds left.\n|inactive|aayushjay has 60 seconds left.\n|\n|t:|1729469919\n|start\n|switch|p1a: Mawui|Annihilape, L50, F, shiny|100\/100\n|switch|p1b: Lore|Sneasler, L50, F, shiny|100\/100\n|switch|p2a: Bronzong|Bronzong, L50|100\/100\n|switch|p2b: Magmar|Magmar, L50, M|100\/100\n|turn|1\n|\n|t:|1729469926\n|-terastallize|p1a: Mawui|Fire\n|move|p1b: Lore|Fake Out|p2a: Bronzong\n|-resisted|p2a: Bronzong\n|-damage|p2a: Bronzong|93\/100\n|-damage|p1b: Lore|91\/100|[from] item: Life Orb\n|move|p2b: Magmar|Follow Me|p2b: Magmar\n|-singleturn|p2b: Magmar|move: Follow Me\n|move|p1a: Mawui|Bulk Up|p1a: Mawui\n|-boost|p1a: Mawui|atk|1\n|-boost|p1a: Mawui|def|1\n|cant|p2a: Bronzong|flinch\n|\n|-heal|p2a: Bronzong|99\/100|[from] item: Leftovers\n|upkeep\n|turn|2\n|\n|t:|1729469942\n|move|p1b: Lore|Throat Chop|p2a: Bronzong\n|-supereffective|p2a: Bronzong\n|-damage|p2a: Bronzong|44\/100\n|-start|p2a: Bronzong|Throat Chop|[silent]\n|-damage|p1b: Lore|81\/100|[from] item: Life Orb\n|move|p1a: Mawui|Bulk Up|p1a: Mawui\n|-boost|p1a: Mawui|atk|1\n|-boost|p1a: Mawui|def|1\n|move|p2b: Magmar|Clear Smog|p1a: Mawui\n|-damage|p1a: Mawui|90\/100\n|-clearboost|p1a: Mawui\n|move|p2a: Bronzong|Trick Room|p2a: Bronzong\n|-fieldstart|move: Trick Room|[of] p2a: Bronzong\n|\n|-heal|p2a: Bronzong|50\/100|[from] item: Leftovers\n|-heal|p1a: Mawui|96\/100|[from] item: Leftovers\n|upkeep\n|turn|3\n|\n|t:|1729469961\n|move|p2b: Magmar|Follow Me|p2b: Magmar\n|-singleturn|p2b: Magmar|move: Follow Me\n|move|p2a: Bronzong|Iron Defense|p2a: Bronzong\n|-boost|p2a: Bronzong|def|2\n|move|p1a: Mawui|Rage Fist|p2b: Magmar\n|-damage|p2b: Magmar|69\/100\n|move|p1b: Lore|Dire Claw|p2b: Magmar\n|-damage|p2b: Magmar|25\/100\n|-status|p2b: Magmar|slp\n|-damage|p1b: Lore|71\/100|[from] item: Life Orb\n|\n|-heal|p2a: Bronzong|56\/100|[from] item: Leftovers\n|-heal|p1a: Mawui|100\/100|[from] item: Leftovers\n|-end|p2a: Bronzong|Throat Chop|[silent]\n|upkeep\n|turn|4\n|\n|t:|1729469981\n|switch|p2b: Metagross|Metagross, L50|100\/100\n|switch|p1a: Juros Composto|Gholdengo, L50|100\/100\n|move|p2a: Bronzong|Body Press|p1b: Lore\n|-resisted|p1b: Lore\n|-damage|p1b: Lore|26\/100\n|move|p1b: Lore|Throat Chop|p2a: Bronzong\n|-supereffective|p2a: Bronzong\n|-damage|p2a: Bronzong|27\/100\n|-start|p2a: Bronzong|Throat Chop|[silent]\n|-damage|p1b: Lore|16\/100|[from] item: Life Orb\n|\n|-heal|p2a: Bronzong|32\/100|[from] item: Leftovers\n|upkeep\n|turn|5\n|\n|t:|1729470002\n|move|p2a: Bronzong|Payback|p2b: Metagross\n|-supereffective|p2b: Metagross\n|-damage|p2b: Metagross|84\/100\n|-enditem|p2b: Metagross|Weakness Policy\n|-boost|p2b: Metagross|atk|2|[from] item: Weakness Policy\n|-boost|p2b: Metagross|spa|2|[from] item: Weakness Policy\n|move|p2b: Metagross|Stomping Tantrum|p1a: Juros Composto\n|-supereffective|p1a: Juros Composto\n|-damage|p1a: Juros Composto|0 fnt\n|faint|p1a: Juros Composto\n|move|p1b: Lore|Throat Chop|p2b: Metagross\n|-supereffective|p2b: Metagross\n|-damage|p2b: Metagross|29\/100\n|-start|p2b: Metagross|Throat Chop|[silent]\n|-damage|p1b: Lore|6\/100|[from] item: Life Orb\n|\n|-heal|p2a: Bronzong|38\/100|[from] item: Leftovers\n|-end|p2a: Bronzong|Throat Chop|[silent]\n|upkeep\n|\n|t:|1729470012\n|switch|p1a: Cup tea|Sinistcha, L50, shiny|100\/100\n|-heal|p1b: Lore|31\/100|[from] ability: Hospitality|[of] p1a: Cup tea\n|turn|6\n|\n|t:|1729470027\n|move|p1a: Cup tea|Rage Powder|p1a: Cup tea\n|-singleturn|p1a: Cup tea|move: Rage Powder\n|move|p2a: Bronzong|Iron Defense|p2a: Bronzong\n|-boost|p2a: Bronzong|def|2\n|move|p2b: Metagross|Heavy Slam|p1a: Cup tea\n|-damage|p1a: Cup tea|0 fnt\n|-damage|p2b: Metagross|12\/100|[from] item: Rocky Helmet|[of] p1a: Cup tea\n|faint|p1a: Cup tea\n|move|p1b: Lore|Throat Chop|p2b: Metagross\n|-supereffective|p2b: Metagross\n|-damage|p2b: Metagross|0 fnt\n|faint|p2b: Metagross\n|-damage|p1b: Lore|21\/100|[from] item: Life Orb\n|\n|-heal|p2a: Bronzong|44\/100|[from] item: Leftovers\n|-fieldend|move: Trick Room\n|upkeep\n|\n|t:|1729470037\n|switch|p1a: Mawui|Annihilape, L50, F, shiny, tera:Fire|100\/100\n|switch|p2b: Tyranitar|Tyranitar, L50, M|100\/100\n|-weather|Sandstorm|[from] ability: Sand Stream|[of] p2b: Tyranitar\n|turn|7\n|\n|t:|1729470049\n|-terastallize|p2a: Bronzong|Fighting\n|move|p1b: Lore|Close Combat|p2b: Tyranitar\n|-supereffective|p2b: Tyranitar\n|-damage|p2b: Tyranitar|0 fnt\n|-unboost|p1b: Lore|def|1\n|-unboost|p1b: Lore|spd|1\n|faint|p2b: Tyranitar\n|-damage|p1b: Lore|11\/100|[from] item: Life Orb\n|move|p1a: Mawui|Rage Fist|p2a: Bronzong\n|-damage|p2a: Bronzong|34\/100\n|move|p2a: Bronzong|Body Press|p1a: Mawui\n|-damage|p1a: Mawui|13\/100\n|\n|-weather|Sandstorm|[upkeep]\n|-damage|p1b: Lore|6\/100|[from] Sandstorm\n|-damage|p1a: Mawui|7\/100|[from] Sandstorm\n|-damage|p2a: Bronzong|28\/100|[from] Sandstorm\n|-heal|p1a: Mawui|13\/100|[from] item: Leftovers\n|-heal|p2a: Bronzong|34\/100|[from] item: Leftovers\n|upkeep\n|\n|t:|1729470061\n|switch|p2b: Magmar|Magmar, L50, M|25\/100 slp\n|turn|8\n|\n|t:|1729470068\n|cant|p2b: Magmar|slp\n|move|p1b: Lore|Close Combat|p2a: Bronzong\n|-damage|p2a: Bronzong|12\/100\n|-unboost|p1b: Lore|def|1\n|-unboost|p1b: Lore|spd|1\n|-damage|p1b: Lore|0 fnt|[from] item: Life Orb\n|faint|p1b: Lore\n|move|p1a: Mawui|Rage Fist|p2a: Bronzong\n|-damage|p2a: Bronzong|0 fnt\n|faint|p2a: Bronzong\n|\n|-weather|Sandstorm|[upkeep]\n|-damage|p1a: Mawui|7\/100|[from] Sandstorm\n|-damage|p2b: Magmar|20\/100 slp|[from] Sandstorm\n|-heal|p1a: Mawui|13\/100|[from] item: Leftovers\n|upkeep\n|turn|9\n|\n|t:|1729470078\n|move|p1a: Mawui|Rage Fist|p2b: Magmar\n|-damage|p2b: Magmar|0 fnt\n|faint|p2b: Magmar\n|\n|win|Hikawari\n|raw|Hikawari's rating: 1663 &rarr; <strong>1687<\/strong><br \/>(+24 for winning)\n|raw|aayushjay's rating: 1729 &rarr; <strong>1705<\/strong><br \/>(-24 for losing)\n|l|\u2606aayushjay\n|player|p2|\n|l|\u2606Hikawari\n|player|p1|\n","uploadtime":1729470344,"views":9,"formatid":"gen9vgc2024regh","rating":1687,"private":0,"password":null}