{"id":"gen9vgc2024regh-2227629290","format":"[Gen 9] VGC 2024 Reg H","players":["BigSalta","sailyors"],"log":"|j|\u2606BigSalta\n|j|\u2606sailyors\n|t:|1729515522\n|gametype|doubles\n|player|p1|BigSalta|cynthia|1741\n|player|p2|sailyors|iris-gen5bw2|1804\n|teamsize|p1|6\n|teamsize|p2|6\n|gen|9\n|tier|[Gen 9] VGC 2024 Reg H\n|rated|\n|rule|Species Clause: Limit one of each Pok\u00e9mon\n|rule|Item Clause: Limit 1 of each item\n|clearpoke\n|poke|p1|Porygon2, L50|\n|poke|p1|Sneasler, L50, M|\n|poke|p1|Gholdengo, L50|\n|poke|p1|Amoonguss, L50, F|\n|poke|p1|Garchomp, L50, F|\n|poke|p1|Incineroar, L50, M|\n|poke|p2|Ninetales-Alola, L50, M|\n|poke|p2|Maushold, L50|\n|poke|p2|Sinistcha, L50|\n|poke|p2|Annihilape, L50, M|\n|poke|p2|Incineroar, L50, F|\n|poke|p2|Dragonite, L50, F|\n|teampreview|4\n|inactive|Battle timer is ON: inactive players will automatically lose when time's up. (requested by sailyors)\n|j| uppercut vgc\n|inactive|sailyors has 60 seconds left.\n|\n|t:|1729515559\n|start\n|switch|p1a: Sneasler|Sneasler, L50, M|100\/100\n|switch|p1b: Porygon2|Porygon2, L50|100\/100\n|switch|p2a: Maushold|Maushold, L50|100\/100\n|switch|p2b: Annihilape|Annihilape, L50, M|100\/100\n|-ability|p1b: Porygon2|Download|boost\n|-boost|p1b: Porygon2|atk|1\n|turn|1\n|\n|t:|1729515581\n|switch|p2a: Incineroar|Incineroar, L50, F|100\/100\n|-ability|p2a: Incineroar|Intimidate|boost\n|-unboost|p1a: Sneasler|atk|1\n|-unboost|p1b: Porygon2|atk|1\n|move|p1a: Sneasler|Close Combat|p2a: Incineroar\n|-supereffective|p2a: Incineroar\n|-damage|p2a: Incineroar|29\/100\n|-unboost|p1a: Sneasler|def|1\n|-unboost|p1a: Sneasler|spd|1\n|move|p2b: Annihilape|Bulk Up|p2b: Annihilape\n|-boost|p2b: Annihilape|atk|1\n|-boost|p2b: Annihilape|def|1\n|move|p1b: Porygon2|Trick Room|p1b: Porygon2\n|-fieldstart|move: Trick Room|[of] p1b: Porygon2\n|\n|upkeep\n|turn|2\n|\n|t:|1729515605\n|switch|p1b: Gholdengo|Gholdengo, L50|100\/100\n|move|p2a: Incineroar|U-turn|p2b: Annihilape\n|-resisted|p2b: Annihilape\n|-damage|p2b: Annihilape|97\/100\n|\n|t:|1729515610\n|switch|p2a: Sinistcha|Sinistcha, L50|100\/100|[from] U-turn\n|-heal|p2b: Annihilape|100\/100|[from] ability: Hospitality|[of] p2a: Sinistcha\n|move|p2b: Annihilape|Bulk Up|p2b: Annihilape\n|-boost|p2b: Annihilape|atk|1\n|-boost|p2b: Annihilape|def|1\n|move|p1a: Sneasler|Close Combat|p2a: Sinistcha\n|-immune|p2a: Sinistcha\n|\n|upkeep\n|turn|3\n|inactive|BigSalta has 30 seconds left.\n|\n|t:|1729515638\n|switch|p1a: Amoonguss|Amoonguss, L50, F|100\/100\n|move|p1b: Gholdengo|Protect|p1b: Gholdengo\n|-singleturn|p1b: Gholdengo|Protect\n|move|p2a: Sinistcha|Rage Powder|p2a: Sinistcha\n|-singleturn|p2a: Sinistcha|move: Rage Powder\n|move|p2b: Annihilape|Rage Fist|p1b: Gholdengo\n|-activate|p1b: Gholdengo|move: Protect\n|\n|upkeep\n|turn|4\n|\n|t:|1729515657\n|switch|p2a: Maushold|Maushold, L50|100\/100\n|move|p2b: Annihilape|Protect|p2b: Annihilape\n|-singleturn|p2b: Annihilape|Protect\n|move|p1a: Amoonguss|Spore|p2b: Annihilape\n|-activate|p2b: Annihilape|move: Protect\n|move|p1b: Gholdengo|Shadow Ball|p2a: Maushold\n|-immune|p2a: Maushold\n|\n|upkeep\n|turn|5\n|inactive|BigSalta has 30 seconds left.\n|inactive|BigSalta has 20 seconds left.\n|inactive|BigSalta has 15 seconds left.\n|inactive|BigSalta has 10 seconds left.\n|inactive|BigSalta has 5 seconds left.\n|\n|t:|1729515711\n|switch|p1b: Porygon2|Porygon2, L50|100\/100\n|-ability|p1b: Porygon2|Download|boost\n|-boost|p1b: Porygon2|spa|1\n|move|p2a: Maushold|Follow Me|p2a: Maushold\n|-singleturn|p2a: Maushold|move: Follow Me\n|move|p1a: Amoonguss|Spore|p2a: Maushold\n|-activate|p2a: Maushold|item: Safety Goggles|Spore\n|move|p2b: Annihilape|Rage Fist|p1b: Porygon2\n|-immune|p1b: Porygon2\n|\n|-fieldend|move: Trick Room\n|upkeep\n|turn|6\n|inactive|BigSalta has 30 seconds left.\n|\n|t:|1729515740\n|switch|p1a: Sneasler|Sneasler, L50, M|100\/100\n|move|p2a: Maushold|Beat Up|p2b: Annihilape\n|-damage|p2b: Annihilape|99\/100\n|-crit|p2b: Annihilape\n|-damage|p2b: Annihilape|96\/100\n|-damage|p2b: Annihilape|94\/100\n|-damage|p2b: Annihilape|93\/100\n|-hitcount|p2b: Annihilape|4\n|move|p2b: Annihilape|Rage Fist|p1a: Sneasler\n|-enditem|p1a: Sneasler|Focus Sash\n|-damage|p1a: Sneasler|1\/100\n|move|p1b: Porygon2|Tera Blast|p2a: Maushold\n|-damage|p2a: Maushold|35\/100\n|\n|-heal|p2b: Annihilape|99\/100|[from] item: Leftovers\n|upkeep\n|turn|7\n|\n|t:|1729515763\n|move|p2a: Maushold|Protect|p2a: Maushold\n|-singleturn|p2a: Maushold|Protect\n|move|p1a: Sneasler|Coaching|p1b: Porygon2\n|-boost|p1b: Porygon2|atk|1\n|-boost|p1b: Porygon2|def|1\n|move|p2b: Annihilape|Rage Fist|p1a: Sneasler\n|-damage|p1a: Sneasler|0 fnt\n|faint|p1a: Sneasler\n|move|p1b: Porygon2|Trick Room|p1b: Porygon2\n|-fieldstart|move: Trick Room|[of] p1b: Porygon2\n|\n|-heal|p2b: Annihilape|100\/100|[from] item: Leftovers\n|upkeep\n|\n|t:|1729515780\n|switch|p1a: Amoonguss|Amoonguss, L50, F|100\/100\n|turn|8\n|\n|t:|1729515797\n|move|p1a: Amoonguss|Protect|p1a: Amoonguss\n|-singleturn|p1a: Amoonguss|Protect\n|move|p2a: Maushold|Follow Me|p2a: Maushold\n|-singleturn|p2a: Maushold|move: Follow Me\n|move|p1b: Porygon2|Ice Beam|p2a: Maushold\n|-damage|p2a: Maushold|0 fnt\n|faint|p2a: Maushold\n|move|p2b: Annihilape|Rage Fist|p1a: Amoonguss\n|-activate|p1a: Amoonguss|move: Protect\n|\n|upkeep\n|\n|t:|1729515801\n|switch|p2a: Incineroar|Incineroar, L50, F|29\/100\n|-ability|p2a: Incineroar|Intimidate|boost\n|-unboost|p1a: Amoonguss|atk|1\n|-unboost|p1b: Porygon2|atk|1\n|turn|9\n|\n|t:|1729515822\n|move|p2a: Incineroar|Fake Out|p1a: Amoonguss\n|-damage|p1a: Amoonguss|92\/100\n|cant|p1a: Amoonguss|flinch\n|move|p1b: Porygon2|Tera Blast|p2a: Incineroar\n|-damage|p2a: Incineroar|3\/100\n|move|p2b: Annihilape|Rage Fist|p1a: Amoonguss\n|-damage|p1a: Amoonguss|0 fnt\n|faint|p1a: Amoonguss\n|\n|upkeep\n|\n|t:|1729515825\n|switch|p1a: Gholdengo|Gholdengo, L50|100\/100\n|turn|10\n|\n|t:|1729515849\n|move|p1b: Porygon2|Ice Beam|p2a: Incineroar\n|-resisted|p2a: Incineroar\n|-damage|p2a: Incineroar|0 fnt\n|faint|p2a: Incineroar\n|move|p1a: Gholdengo|Nasty Plot|p1a: Gholdengo\n|-boost|p1a: Gholdengo|spa|2\n|move|p2b: Annihilape|Rage Fist|p1a: Gholdengo\n|-supereffective|p1a: Gholdengo\n|-damage|p1a: Gholdengo|0 fnt\n|faint|p1a: Gholdengo\n|\n|upkeep\n|\n|t:|1729515855\n|switch|p2a: Sinistcha|Sinistcha, L50|100\/100\n|turn|11\n|-message|BigSalta forfeited.\n|\n|win|sailyors\n|raw|BigSalta's rating: 1741 &rarr; <strong>1725<\/strong><br \/>(-16 for losing)\n|raw|sailyors's rating: 1804 &rarr; <strong>1820<\/strong><br \/>(+16 for winning)\n|l|\u2606BigSalta\n|player|p1|\n|l|\u2606sailyors\n|player|p2|\n|l| uppercut vgc\n","uploadtime":1729516026,"views":22,"formatid":"gen9vgc2024regh","rating":1725,"private":0,"password":null}