{"id":"gen9vgc2024regh-2227825046","format":"[Gen 9] VGC 2024 Reg H","players":["TCM Zaukepoo","Becccca"],"log":"|j|\u2606TCM Zaukepoo\n|j|\u2606Becccca\n|t:|1729532985\n|gametype|doubles\n|player|p1|TCM Zaukepoo|170|1643\n|player|p2|Becccca|266|1760\n|teamsize|p1|6\n|teamsize|p2|6\n|gen|9\n|tier|[Gen 9] VGC 2024 Reg H\n|rated|\n|rule|Species Clause: Limit one of each Pok\u00e9mon\n|rule|Item Clause: Limit 1 of each item\n|clearpoke\n|poke|p1|Smeargle, L50, M|\n|poke|p1|Glimmora, L50, M|\n|poke|p1|Magmar, L50, F|\n|poke|p1|Indeedee-F, L50, F|\n|poke|p1|Flamigo, L50, M|\n|poke|p1|Espathra, L50, F|\n|poke|p2|Pelipper, L50, M|\n|poke|p2|Archaludon, L50, F|\n|poke|p2|Sneasler, L50, M|\n|poke|p2|Dragapult, L50, F|\n|poke|p2|Kingambit, L50, F|\n|poke|p2|Amoonguss, L50, F|\n|teampreview|4\n|inactive|Battle timer is ON: inactive players will automatically lose when time's up. (requested by TCM Zaukepoo)\nTCM Zaukepoo has agreed to open team sheets.\n|inactive|Becccca has 60 seconds left.\n|\n|t:|1729533035\n|start\n|switch|p1a: Smeargle|Smeargle, L50, M|100\/100\n|switch|p1b: Espathra|Espathra, L50, F|100\/100\n|switch|p2a: Dragapult|Dragapult, L50, F|100\/100\n|switch|p2b: Pelipper|Pelipper, L50, M|100\/100\n|-weather|RainDance|[from] ability: Drizzle|[of] p2b: Pelipper\n|turn|1\n|\n|t:|1729533052\n|move|p1a: Smeargle|Fake Out|p2b: Pelipper\n|-damage|p2b: Pelipper|95\/100\n|move|p2a: Dragapult|Outrage|p1b: Espathra\n|-damage|p1b: Espathra|2\/100\n|move|p1b: Espathra|Calm Mind|p1b: Espathra\n|-boost|p1b: Espathra|spa|1\n|-boost|p1b: Espathra|spd|1\n|move|p2b: Pelipper|Tailwind|p2b: Pelipper\n|-sidestart|p2: Becccca|move: Tailwind\n|\n|-weather|RainDance|[upkeep]\n|-heal|p1b: Espathra|8\/100|[from] item: Leftovers\n|-ability|p1a: Smeargle|Moody|boost\n|-boost|p1a: Smeargle|spa|2\n|-unboost|p1a: Smeargle|atk|1\n|-ability|p1b: Espathra|Speed Boost|boost\n|-boost|p1b: Espathra|spe|1\n|upkeep\n|turn|2\n|\n|t:|1729533073\n|move|p1b: Espathra|Protect|p1b: Espathra\n|-singleturn|p1b: Espathra|Protect\n|move|p2a: Dragapult|Outrage|p1b: Espathra|[from]lockedmove\n|-activate|p1b: Espathra|move: Protect\n|move|p2b: Pelipper|Weather Ball|p1a: Smeargle\n|-enditem|p1a: Smeargle|Focus Sash\n|-damage|p1a: Smeargle|1\/100\n|move|p1a: Smeargle|Spore|p2a: Dragapult\n|-status|p2a: Dragapult|slp|[from] move: Spore\n|\n|-weather|RainDance|[upkeep]\n|-heal|p1b: Espathra|13\/100|[from] item: Leftovers\n|-ability|p1b: Espathra|Speed Boost|boost\n|-boost|p1b: Espathra|spe|1\n|-ability|p1a: Smeargle|Moody|boost\n|-boost|p1a: Smeargle|spa|2\n|-unboost|p1a: Smeargle|atk|1\n|upkeep\n|turn|3\n|inactive|Becccca has 30 seconds left.\n|\n|t:|1729533108\n|switch|p2b: Sneasler|Sneasler, L50, M|100\/100\n|move|p1a: Smeargle|Follow Me|p1a: Smeargle\n|-singleturn|p1a: Smeargle|move: Follow Me\n|cant|p2a: Dragapult|slp\n|move|p1b: Espathra|Calm Mind|p1b: Espathra\n|-boost|p1b: Espathra|spa|1\n|-boost|p1b: Espathra|spd|1\n|\n|-weather|RainDance|[upkeep]\n|-heal|p1b: Espathra|19\/100|[from] item: Leftovers\n|-ability|p1b: Espathra|Speed Boost|boost\n|-boost|p1b: Espathra|spe|1\n|-ability|p1a: Smeargle|Moody|boost\n|-boost|p1a: Smeargle|spd|2\n|-unboost|p1a: Smeargle|spe|1\n|upkeep\n|turn|4\n|j| Fallastest\n|\n|t:|1729533130\n|move|p1b: Espathra|Protect|p1b: Espathra\n|-singleturn|p1b: Espathra|Protect\n|-curestatus|p2a: Dragapult|slp|[msg]\n|move|p2a: Dragapult|Outrage|p1a: Smeargle\n|-damage|p1a: Smeargle|0 fnt\n|faint|p1a: Smeargle\n|move|p2b: Sneasler|Throat Chop|p1b: Espathra\n|-activate|p1b: Espathra|move: Protect\n|\n|-weather|RainDance|[upkeep]\n|-heal|p1b: Espathra|25\/100|[from] item: Leftovers\n|-sideend|p2: Becccca|move: Tailwind\n|-ability|p1b: Espathra|Speed Boost|boost\n|-boost|p1b: Espathra|spe|1\n|upkeep\n|\n|t:|1729533134\n|switch|p1a: Indeedee|Indeedee-F, L50, F|100\/100\n|-fieldstart|move: Psychic Terrain|[from] ability: Psychic Surge|[of] p1a: Indeedee\n|-enditem|p1a: Indeedee|Psychic Seed\n|-boost|p1a: Indeedee|spd|1|[from] item: Psychic Seed\n|turn|5\n|inactive|Becccca has 30 seconds left.\n|\n|t:|1729533163\n|-terastallize|p1a: Indeedee|Fairy\n|move|p1a: Indeedee|Follow Me|p1a: Indeedee\n|-singleturn|p1a: Indeedee|move: Follow Me\n|move|p1b: Espathra|Stored Power|p2b: Sneasler\n|-supereffective|p2b: Sneasler\n|-enditem|p2b: Sneasler|Focus Sash\n|-damage|p2b: Sneasler|1\/100\n|move|p2b: Sneasler|Close Combat|p1a: Indeedee\n|-resisted|p1a: Indeedee\n|-damage|p1a: Indeedee|65\/100\n|-unboost|p2b: Sneasler|def|1\n|-unboost|p2b: Sneasler|spd|1\n|move|p2a: Dragapult|Outrage|p1a: Indeedee|[from]lockedmove\n|-immune|p1a: Indeedee\n|\n|-weather|none\n|-heal|p1b: Espathra|31\/100|[from] item: Leftovers\n|-ability|p1b: Espathra|Speed Boost|boost\n|-boost|p1b: Espathra|spe|1\n|upkeep\n|turn|6\n|inactive|Becccca has 30 seconds left.\n|\n|t:|1729533191\n|switch|p2a: Pelipper|Pelipper, L50, M|95\/100\n|-weather|RainDance|[from] ability: Drizzle|[of] p2a: Pelipper\n|move|p1a: Indeedee|Follow Me|p1a: Indeedee\n|-singleturn|p1a: Indeedee|move: Follow Me\n|move|p1b: Espathra|Tera Blast|p2b: Sneasler\n|-damage|p2b: Sneasler|0 fnt\n|faint|p2b: Sneasler\n|\n|-weather|RainDance|[upkeep]\n|-heal|p1b: Espathra|37\/100|[from] item: Leftovers\n|-ability|p1b: Espathra|Speed Boost|boost\n|-boost|p1b: Espathra|spe|1\n|upkeep\n|\n|t:|1729533205\n|switch|p2b: Archaludon|Archaludon, L50, F|100\/100\n|turn|7\n|\n|t:|1729533212\n|move|p2a: Pelipper|Protect|p2a: Pelipper\n|-singleturn|p2a: Pelipper|Protect\n|move|p1a: Indeedee|Follow Me|p1a: Indeedee\n|-singleturn|p1a: Indeedee|move: Follow Me\n|move|p1b: Espathra|Calm Mind|p1b: Espathra\n|-boost|p1b: Espathra|spa|1\n|-boost|p1b: Espathra|spd|1\n|move|p2b: Archaludon|Electro Shot||[still]\n|-prepare|p2b: Archaludon|Electro Shot\n|-boost|p2b: Archaludon|spa|1\n|-anim|p2b: Archaludon|Electro Shot|p1b: Espathra\n|-damage|p1b: Espathra|2\/100\n|\n|-weather|RainDance|[upkeep]\n|-heal|p1b: Espathra|8\/100|[from] item: Leftovers\n|upkeep\n|turn|8\n|inactive|Becccca has 30 seconds left.\n|\n|t:|1729533245\n|switch|p1a: Flamigo|Flamigo, L50, M|100\/100\n|-copyboost|p1a: Flamigo|p1b: Espathra|[from] ability: Costar\n|move|p1b: Espathra|Protect|p1b: Espathra\n|-singleturn|p1b: Espathra|Protect\n|move|p2b: Archaludon|Flash Cannon|p1a: Flamigo\n|-damage|p1a: Flamigo|56\/100\n|move|p2a: Pelipper|Tailwind|p2a: Pelipper\n|-sidestart|p2: Becccca|move: Tailwind\n|\n|-weather|RainDance|[upkeep]\n|-heal|p1b: Espathra|14\/100|[from] item: Leftovers\n|upkeep\n|turn|9\n|\n|t:|1729533269\n|-terastallize|p2b: Archaludon|Electric\n|move|p1a: Flamigo|Hurricane|p2a: Pelipper\n|-damage|p2a: Pelipper|0 fnt\n|faint|p2a: Pelipper\n|move|p1b: Espathra|Stored Power|p2b: Archaludon\n|-damage|p2b: Archaludon|0 fnt\n|faint|p2b: Archaludon\n|\n|-weather|RainDance|[upkeep]\n|-heal|p1b: Espathra|20\/100|[from] item: Leftovers\n|-fieldend|move: Psychic Terrain\n|upkeep\n|c|\u2606TCM Zaukepoo|Gg\n|-message|Becccca forfeited.\n|\n|win|TCM Zaukepoo\n|raw|TCM Zaukepoo's rating: 1643 &rarr; <strong>1669<\/strong><br \/>(+26 for winning)\n|raw|Becccca's rating: 1760 &rarr; <strong>1734<\/strong><br \/>(-26 for losing)\n|l| Fallastest\n|l|\u2606Becccca\n|player|p2|\n|l|\u2606TCM Zaukepoo\n|player|p1|\n","uploadtime":1729533433,"views":13,"formatid":"gen9vgc2024regh","rating":1669,"private":0,"password":null}