{"id":"gen9vgc2024regh-2227080676","format":"[Gen 9] VGC 2024 Reg H","players":["D_Bastial","Sazandoramx"],"log":"|j|\u2606D_Bastial\n|j|\u2606Sazandoramx\n|t:|1729444232\n|gametype|doubles\n|player|p1|D_Bastial|clay|1657\n|player|p2|Sazandoramx|266|1685\n|teamsize|p1|6\n|teamsize|p2|6\n|gen|9\n|tier|[Gen 9] VGC 2024 Reg H\n|rated|\n|rule|Species Clause: Limit one of each Pok\u00e9mon\n|rule|Item Clause: Limit 1 of each item\n|clearpoke\n|poke|p1|Kommo-o, L50, M|\n|poke|p1|Sinistcha-Masterpiece, L50|\n|poke|p1|Rillaboom, L50, F|\n|poke|p1|Electabuzz, L50, F|\n|poke|p1|Murkrow, L50, F|\n|poke|p1|Incineroar, L50, M|\n|poke|p2|Delphox, L50, M|\n|poke|p2|Maushold-Four, L50|\n|poke|p2|Indeedee, L50, M|\n|poke|p2|Murkrow, L50, F|\n|poke|p2|Dragapult, L50, M|\n|poke|p2|Sneasler, L50, M|\n|teampreview|4\nD_Bastial has agreed to open team sheets.\n|\n|t:|1729444275\n|start\n|switch|p1a: Incineroar|Incineroar, L50, M|100\/100\n|switch|p1b: Electabuzz|Electabuzz, L50, F|100\/100\n|switch|p2a: Dragapult|Dragapult, L50, M|100\/100\n|switch|p2b: Indeedee|Indeedee, L50, M|100\/100\n|-fieldstart|move: Psychic Terrain|[from] ability: Psychic Surge|[of] p2b: Indeedee\n|-ability|p1a: Incineroar|Intimidate|boost\n|-fail|p2a: Dragapult|unboost|[from] ability: Clear Body|[of] p2a: Dragapult\n|-unboost|p2b: Indeedee|atk|1\n|turn|1\n|\n|t:|1729444300\n|-terastallize|p2b: Indeedee|Fighting\n|move|p2a: Dragapult|U-turn|p1a: Incineroar\n|-damage|p1a: Incineroar|71\/100\n|\n|t:|1729444304\n|switch|p2a: Sneasler|Sneasler, L50, M, shiny|100\/100|[from] U-turn\n|-enditem|p2a: Sneasler|Psychic Seed\n|-boost|p2a: Sneasler|spd|1|[from] item: Psychic Seed\n|move|p2b: Indeedee|Tera Blast|p1a: Incineroar|[anim] Tera Blast Fighting\n|-supereffective|p1a: Incineroar\n|-damage|p1a: Incineroar|26\/100\n|move|p1b: Electabuzz|Electroweb|p2a: Sneasler|[spread] p2a,p2b\n|-damage|p2a: Sneasler|88\/100\n|-damage|p2b: Indeedee|82\/100\n|-unboost|p2a: Sneasler|spe|1\n|-unboost|p2b: Indeedee|spe|1\n|move|p1a: Incineroar|Knock Off|p2b: Indeedee\n|-resisted|p2b: Indeedee\n|-damage|p2b: Indeedee|36\/100\n|-enditem|p2b: Indeedee|Focus Sash|[from] move: Knock Off|[of] p1a: Incineroar\n|\n|upkeep\n|turn|2\n|j| DonShitDozo\n|\n|t:|1729444335\n|switch|p2b: Dragapult|Dragapult, L50, M|100\/100\n|switch|p1a: Sinistcha|Sinistcha-Masterpiece, L50|100\/100\n|move|p2a: Sneasler|Dire Claw|p1a: Sinistcha\n|-damage|p1a: Sinistcha|54\/100\n|-status|p1a: Sinistcha|slp\n|-enditem|p1a: Sinistcha|Eject Button\n|\n|t:|1729444344\n|switch|p1a: Kommo-o|Kommo-o, L50, M|100\/100\n|move|p1b: Electabuzz|Electroweb|p2a: Sneasler|[spread] p2a,p2b\n|-resisted|p2b: Dragapult\n|-crit|p2b: Dragapult\n|-damage|p2a: Sneasler|76\/100\n|-damage|p2b: Dragapult|86\/100\n|-unboost|p2a: Sneasler|spe|1\n|\n|upkeep\n|turn|3\n|\n|t:|1729444375\n|move|p1b: Electabuzz|Follow Me|p1b: Electabuzz\n|-singleturn|p1b: Electabuzz|move: Follow Me\n|move|p2b: Dragapult|Dragon Darts|p1b: Electabuzz\n|-damage|p1b: Electabuzz|64\/100\n|-anim|p2b: Dragapult|Dragon Darts|p1b: Electabuzz\n|-damage|p1b: Electabuzz|29\/100\n|move|p2a: Sneasler|Close Combat|p1b: Electabuzz\n|-damage|p1b: Electabuzz|0 fnt\n|-unboost|p2a: Sneasler|def|1\n|-unboost|p2a: Sneasler|spd|1\n|faint|p1b: Electabuzz\n|move|p1a: Kommo-o|Clangorous Soul|p1a: Kommo-o\n|-boost|p1a: Kommo-o|atk|1\n|-boost|p1a: Kommo-o|def|1\n|-boost|p1a: Kommo-o|spa|1\n|-boost|p1a: Kommo-o|spd|1\n|-boost|p1a: Kommo-o|spe|1\n|-damage|p1a: Kommo-o|68\/100\n|-enditem|p1a: Kommo-o|Throat Spray\n|-boost|p1a: Kommo-o|spa|1|[from] item: Throat Spray\n|\n|upkeep\n|\n|t:|1729444387\n|switch|p1b: Sinistcha|Sinistcha-Masterpiece, L50|54\/100 slp\n|-heal|p1a: Kommo-o|93\/100|[from] ability: Hospitality|[of] p1b: Sinistcha\n|turn|4\n|\n|t:|1729444405\n|-terastallize|p1a: Kommo-o|Fire\n|cant|p1b: Sinistcha|slp\n|move|p1a: Kommo-o|Clanging Scales|p2b: Dragapult|[spread] p2a,p2b\n|-supereffective|p2b: Dragapult\n|-damage|p2a: Sneasler|0 fnt\n|-damage|p2b: Dragapult|0 fnt\n|faint|p2a: Sneasler\n|faint|p2b: Dragapult\n|-unboost|p1a: Kommo-o|def|1\n|\n|upkeep\n|\n|t:|1729444417\n|switch|p2b: Indeedee|Indeedee, L50, M, tera:Fighting|36\/100\n|switch|p2a: Delphox|Delphox, L50, M, shiny|100\/100\n|turn|5\n|\n|t:|1729444444\n|move|p1a: Kommo-o|Clanging Scales|p2a: Delphox|[spread] p2a,p2b\n|-damage|p2a: Delphox|4\/100\n|-damage|p2b: Indeedee|0 fnt\n|faint|p2b: Indeedee\n|-unboost|p1a: Kommo-o|def|1\n|move|p2a: Delphox|Expanding Force|p1b: Sinistcha|[spread] p1a,p1b\n|-damage|p1a: Kommo-o|44\/100\n|-damage|p1b: Sinistcha|0 fnt\n|faint|p1b: Sinistcha\n|-damage|p2a: Delphox|0 fnt|[from] item: Life Orb\n|faint|p2a: Delphox\n|\n|win|D_Bastial\n|raw|D_Bastial's rating: 1657 &rarr; <strong>1679<\/strong><br \/>(+22 for winning)\n|raw|Sazandoramx's rating: 1685 &rarr; <strong>1663<\/strong><br \/>(-22 for losing)\n|l|\u2606Sazandoramx\n|player|p2|\n|l| DonShitDozo\n|l|\u2606D_Bastial\n|player|p1|\n","uploadtime":1729444606,"views":16,"formatid":"gen9vgc2024regh","rating":1663,"private":0,"password":null}