{"id":"gen9vgc2024regh-2227213140","format":"[Gen 9] VGC 2024 Reg H","players":["chiitancrazymascot","fangame10"],"log":"|j|\u2606chiitancrazymascot\n|j|\u2606fangame10\n|t:|1729458082\n|gametype|doubles\n|player|p1|chiitancrazymascot|pokemaniac|1759\n|player|p2|fangame10|red|1715\n|teamsize|p1|6\n|teamsize|p2|6\n|gen|9\n|tier|[Gen 9] VGC 2024 Reg H\n|rated|\n|rule|Species Clause: Limit one of each Pok\u00e9mon\n|rule|Item Clause: Limit 1 of each item\n|clearpoke\n|poke|p1|Annihilape, L50, M|\n|poke|p1|Dondozo, L50, M|\n|poke|p1|Maushold-Four, L50|\n|poke|p1|Gholdengo, L50|\n|poke|p1|Whimsicott, L50, F|\n|poke|p1|Tatsugiri, L50, F|\n|poke|p2|Baxcalibur, L50, F|\n|poke|p2|Ninetales-Alola, L50, F|\n|poke|p2|Milotic, L50, M|\n|poke|p2|Skeledirge, L50, M|\n|poke|p2|Sneasler, L50, M|\n|poke|p2|Ursaluna-Bloodmoon, L50, M|\n|teampreview|4\n|inactive|Battle timer is ON: inactive players will automatically lose when time's up. (requested by fangame10)\n|inactive|chiitancrazymascot also wants the timer to be on.\n|inactive|fangame10 has 60 seconds left.\n|inactive|fangame10 has 30 seconds left.\n|\n|t:|1729458144\n|start\n|switch|p1a: Maushold|Maushold-Four, L50|100\/100\n|switch|p1b: Annihilape|Annihilape, L50, M, shiny|100\/100\n|switch|p2a: Ninetales|Ninetales-Alola, L50, F, shiny|100\/100\n|switch|p2b: Sneasler|Sneasler, L50, M, shiny|100\/100\n|-weather|Snow|[from] ability: Snow Warning|[of] p2a: Ninetales\n|turn|1\n|\n|t:|1729458167\n|-terastallize|p1a: Maushold|Ghost\n|move|p2b: Sneasler|Close Combat|p1a: Maushold\n|-immune|p1a: Maushold\n|move|p1a: Maushold|Taunt|p2a: Ninetales\n|-start|p2a: Ninetales|move: Taunt\n|cant|p2a: Ninetales|move: Taunt|Aurora Veil\n|move|p1b: Annihilape|Bulk Up|p1b: Annihilape\n|-boost|p1b: Annihilape|atk|1\n|-boost|p1b: Annihilape|def|1\n|\n|-weather|Snow|[upkeep]\n|upkeep\n|turn|2\n|\n|t:|1729458184\n|-terastallize|p2b: Sneasler|Stellar\n|move|p2b: Sneasler|Throat Chop|p1a: Maushold\n|-supereffective|p1a: Maushold\n|-damage|p1a: Maushold|14\/100\n|-start|p1a: Maushold|Throat Chop|[silent]\n|-status|p1a: Maushold|psn|[from] ability: Poison Touch|[of] p2b: Sneasler\n|move|p1a: Maushold|Beat Up|p1b: Annihilape\n|-damage|p1b: Annihilape|99\/100\n|-damage|p1b: Annihilape|97\/100\n|-damage|p1b: Annihilape|96\/100\n|-damage|p1b: Annihilape|94\/100\n|-hitcount|p1b: Annihilape|4\n|move|p2a: Ninetales|Moonblast|p1a: Maushold\n|-damage|p1a: Maushold|0 fnt\n|faint|p1a: Maushold\n|move|p1b: Annihilape|Rage Fist|p2a: Ninetales\n|-damage|p2a: Ninetales|0 fnt\n|faint|p2a: Ninetales\n|\n|-weather|Snow|[upkeep]\n|upkeep\n|\n|t:|1729458194\n|switch|p1a: Whimsicott|Whimsicott, L50, F, shiny|100\/100\n|switch|p2a: Ursaluna|Ursaluna-Bloodmoon, L50, M|100\/100\n|turn|3\n|j| Fog69\n|j| ademerald\n|\n|t:|1729458212\n|move|p1a: Whimsicott|Tailwind|p1a: Whimsicott\n|-sidestart|p1: chiitancrazymascot|move: Tailwind\n|move|p1b: Annihilape|Drain Punch|p2b: Sneasler\n|-resisted|p2b: Sneasler\n|-damage|p2b: Sneasler|60\/100\n|-heal|p1b: Annihilape|100\/100|[from] drain|[of] p2b: Sneasler\n|move|p2b: Sneasler|Dire Claw|p1a: Whimsicott\n|-supereffective|p1a: Whimsicott\n|-damage|p1a: Whimsicott|0 fnt\n|faint|p1a: Whimsicott\n|move|p2a: Ursaluna|Blood Moon|p1b: Annihilape\n|-damage|p1b: Annihilape|35\/100\n|-enditem|p1b: Annihilape|Sitrus Berry|[eat]\n|-heal|p1b: Annihilape|60\/100|[from] item: Sitrus Berry\n|\n|-weather|Snow|[upkeep]\n|upkeep\n|\n|t:|1729458220\n|switch|p1a: Gholdengo|Gholdengo, L50|100\/100\n|turn|4\n|inactive|fangame10 has 30 seconds left.\n|\n|t:|1729458245\n|switch|p2b: Skeledirge|Skeledirge, L50, M, shiny|100\/100\n|move|p1b: Annihilape|Drain Punch|p2a: Ursaluna\n|-supereffective|p2a: Ursaluna\n|-damage|p2a: Ursaluna|31\/100\n|-heal|p1b: Annihilape|95\/100|[from] drain|[of] p2a: Ursaluna\n|move|p1a: Gholdengo|Make It Rain|p2a: Ursaluna|[spread] p2a,p2b\n|-resisted|p2b: Skeledirge\n|-damage|p2a: Ursaluna|0 fnt\n|-damage|p2b: Skeledirge|66\/100\n|-unboost|p1a: Gholdengo|spa|1\n|faint|p2a: Ursaluna\n|\n|-weather|Snow|[upkeep]\n|-heal|p2b: Skeledirge|71\/100|[from] item: Leftovers\n|upkeep\n|\n|t:|1729458251\n|switch|p2a: Sneasler|Sneasler, L50, M, shiny, tera:Stellar|60\/100\n|turn|5\n|-message|fangame10 forfeited.\n|\n|win|chiitancrazymascot\n|raw|chiitancrazymascot's rating: 1759 &rarr; <strong>1776<\/strong><br \/>(+17 for winning)\n|raw|fangame10's rating: 1715 &rarr; <strong>1698<\/strong><br \/>(-17 for losing)\n|l|\u2606chiitancrazymascot\n|player|p1|\n","uploadtime":1729458258,"views":33,"formatid":"gen9vgc2024regh","rating":1698,"private":0,"password":null}