{"id":"gen9vgc2024regh-2227767416","format":"[Gen 9] VGC 2024 Reg H","players":["yongbao","kfjtdhynd"],"log":"|j|\u2606yongbao\n|j|\u2606kfjtdhynd\n|t:|1729528042\n|gametype|doubles\n|player|p1|yongbao|dawn-gen4pt|1719\n|player|p2|kfjtdhynd|169|1690\n|teamsize|p1|6\n|teamsize|p2|6\n|gen|9\n|tier|[Gen 9] VGC 2024 Reg H\n|rated|\n|rule|Species Clause: Limit one of each Pok\u00e9mon\n|rule|Item Clause: Limit 1 of each item\n|clearpoke\n|poke|p1|Garchomp, L50, F|\n|poke|p1|Annihilape, L50, F|\n|poke|p1|Corviknight, L50, F|\n|poke|p1|Tyranitar, L50, M|\n|poke|p1|Gholdengo, L50|\n|poke|p1|Murkrow, L50, F|\n|poke|p2|Espathra, L50, M|\n|poke|p2|Archaludon, L50, M|\n|poke|p2|Porygon2, L50|\n|poke|p2|Incineroar, L50, F|\n|poke|p2|Ursaluna, L50, F|\n|poke|p2|Primarina, L50, F|\n|teampreview|4\nkfjtdhynd rejected open team sheets.\n|\n|t:|1729528091\n|start\n|switch|p1a: Annihilape|Annihilape, L50, F|100\/100\n|switch|p1b: Tyranitar|Tyranitar, L50, M|100\/100\n|switch|p2a: Espathra|Espathra, L50, M|100\/100\n|switch|p2b: Archaludon|Archaludon, L50, M|100\/100\n|-weather|Sandstorm|[from] ability: Sand Stream|[of] p1b: Tyranitar\n|turn|1\n|\n|t:|1729528123\n|move|p2a: Espathra|Dazzling Gleam|p1a: Annihilape|[spread] p1a,p1b\n|-supereffective|p1a: Annihilape\n|-supereffective|p1b: Tyranitar\n|-damage|p1a: Annihilape|65\/100\n|-damage|p1b: Tyranitar|85\/100\n|move|p2b: Archaludon|Electro Shot||[still]\n|-prepare|p2b: Archaludon|Electro Shot\n|-boost|p2b: Archaludon|spa|1\n|-enditem|p2b: Archaludon|Power Herb\n|-anim|p2b: Archaludon|Electro Shot|p1a: Annihilape\n|-damage|p1a: Annihilape|0 fnt\n|faint|p1a: Annihilape\n|move|p1b: Tyranitar|Rock Slide|p2a: Espathra|[spread] p2a,p2b\n|-resisted|p2b: Archaludon\n|-damage|p2a: Espathra|50\/100\n|-damage|p2b: Archaludon|85\/100\n|\n|-weather|Sandstorm|[upkeep]\n|-damage|p2a: Espathra|44\/100|[from] Sandstorm\n|-ability|p2a: Espathra|Speed Boost|boost\n|-boost|p2a: Espathra|spe|1\n|upkeep\n|\n|t:|1729528139\n|switch|p1a: Garchomp|Garchomp, L50, F|100\/100\n|turn|2\n|j| BreadTest\n|\n|t:|1729528179\n|-terastallize|p1a: Garchomp|Ground\n|move|p2a: Espathra|Protect|p2a: Espathra\n|-singleturn|p2a: Espathra|Protect\n|move|p2b: Archaludon|Protect|p2b: Archaludon\n|-singleturn|p2b: Archaludon|Protect\n|move|p1a: Garchomp|Stomping Tantrum|p2b: Archaludon\n|-activate|p2b: Archaludon|move: Protect\n|move|p1b: Tyranitar|Knock Off|p2a: Espathra\n|-activate|p2a: Espathra|move: Protect\n|\n|-weather|Sandstorm|[upkeep]\n|-damage|p2a: Espathra|38\/100|[from] Sandstorm\n|-ability|p2a: Espathra|Speed Boost|boost\n|-boost|p2a: Espathra|spe|1\n|upkeep\n|turn|3\n|\n|t:|1729528195\n|move|p2a: Espathra|Dazzling Gleam|p1b: Tyranitar|[spread] p1a,p1b\n|-supereffective|p1b: Tyranitar\n|-damage|p1a: Garchomp|80\/100\n|-damage|p1b: Tyranitar|72\/100\n|move|p1a: Garchomp|Stomping Tantrum|p2b: Archaludon\n|-supereffective|p2b: Archaludon\n|-damage|p2b: Archaludon|0 fnt\n|faint|p2b: Archaludon\n|move|p1b: Tyranitar|Knock Off|p2a: Espathra\n|-supereffective|p2a: Espathra\n|-damage|p2a: Espathra|0 fnt\n|-enditem|p2a: Espathra|Focus Sash|[from] move: Knock Off|[of] p1b: Tyranitar\n|faint|p2a: Espathra\n|\n|-weather|Sandstorm|[upkeep]\n|upkeep\n|\n|t:|1729528199\n|switch|p2a: Incineroar|Incineroar, L50, F|100\/100\n|switch|p2b: Primarina|Primarina, L50, F|100\/100\n|-ability|p2a: Incineroar|Intimidate|boost\n|-unboost|p1a: Garchomp|atk|1\n|-unboost|p1b: Tyranitar|atk|1\n|turn|4\n|\n|t:|1729528224\n|switch|p1b: Gholdengo|Gholdengo, L50|100\/100\n|move|p2a: Incineroar|Fake Out|p1a: Garchomp\n|-crit|p1a: Garchomp\n|-damage|p1a: Garchomp|58\/100\n|-damage|p2a: Incineroar|88\/100|[from] ability: Rough Skin|[of] p1a: Garchomp\n|cant|p1a: Garchomp|flinch\n|move|p2b: Primarina|Hyper Voice|p1b: Gholdengo|[spread] p1a,p1b\n|-supereffective|p1a: Garchomp\n|-damage|p1a: Garchomp|0 fnt\n|-damage|p1b: Gholdengo|54\/100\n|faint|p1a: Garchomp\n|-enditem|p2b: Primarina|Throat Spray\n|-boost|p2b: Primarina|spa|1|[from] item: Throat Spray\n|\n|-weather|Sandstorm|[upkeep]\n|-damage|p2b: Primarina|94\/100|[from] Sandstorm\n|upkeep\n|\n|t:|1729528239\n|switch|p1a: Tyranitar|Tyranitar, L50, M|72\/100\n|turn|5\n|\n|t:|1729528264\n|-terastallize|p2a: Incineroar|Grass\n|move|p1b: Gholdengo|Thunderbolt|p2b: Primarina\n|-supereffective|p2b: Primarina\n|-damage|p2b: Primarina|4\/100\n|move|p1a: Tyranitar|Rock Slide|p2b: Primarina|[spread] p2a,p2b\n|-damage|p2a: Incineroar|58\/100\n|-damage|p2b: Primarina|0 fnt\n|faint|p2b: Primarina\n|move|p2a: Incineroar|Flare Blitz|p1b: Gholdengo\n|-supereffective|p1b: Gholdengo\n|-damage|p1b: Gholdengo|0 fnt\n|faint|p1b: Gholdengo\n|-damage|p2a: Incineroar|44\/100|[from] Recoil\n|\n|-weather|none\n|upkeep\n|turn|6\n|\n|t:|1729528279\n|move|p1a: Tyranitar|Knock Off|p2a: Incineroar\n|-damage|p2a: Incineroar|0 fnt\n|-enditem|p2a: Incineroar|Safety Goggles|[from] move: Knock Off|[of] p1a: Tyranitar\n|faint|p2a: Incineroar\n|\n|win|yongbao\n|raw|yongbao's rating: 1719 &rarr; <strong>1737<\/strong><br \/>(+18 for winning)\n|raw|kfjtdhynd's rating: 1690 &rarr; <strong>1672<\/strong><br \/>(-18 for losing)\n|l|\u2606kfjtdhynd\n|player|p2|\n|l|\u2606yongbao\n|player|p1|\n|l| BreadTest\n","uploadtime":1729528511,"views":15,"formatid":"gen9vgc2024regh","rating":1672,"private":0,"password":null}