{"id":"gen9vgc2024regh-2227269676","format":"[Gen 9] VGC 2024 Reg H","players":["Topperlecat","aayushjay"],"log":"|j|\u2606Topperlecat\n|j|\u2606aayushjay\n|t:|1729464356\n|gametype|doubles\n|player|p1|Topperlecat|aquasuit|1727\n|player|p2|aayushjay|steven|1752\n|teamsize|p1|6\n|teamsize|p2|6\n|gen|9\n|tier|[Gen 9] VGC 2024 Reg H\n|rated|\n|rule|Species Clause: Limit one of each Pok\u00e9mon\n|rule|Item Clause: Limit 1 of each item\n|clearpoke\n|poke|p1|Dondozo, L50, M|\n|poke|p1|Tatsugiri, L50, M|\n|poke|p1|Weezing-Galar, L50, F|\n|poke|p1|Corviknight, L50, M|\n|poke|p1|Garchomp, L50, F|\n|poke|p1|Kingambit, L50, M|\n|poke|p2|Tyranitar, L50, F|\n|poke|p2|Metagross, L50|\n|poke|p2|Bronzong, L50|\n|poke|p2|Excadrill, L50, M|\n|poke|p2|Primarina, L50, M|\n|poke|p2|Magmar, L50, M|\n|teampreview|4\n|inactive|Battle timer is ON: inactive players will automatically lose when time's up. (requested by aayushjay)\n|\n|t:|1729464378\n|start\n|switch|p1a: galaxy gas|Weezing-Galar, L50, F|100\/100\n|switch|p1b: kingoobit|Kingambit, L50, M|100\/100\n|switch|p2a: Bronzong|Bronzong, L50|100\/100\n|switch|p2b: Tyranitar|Tyranitar, L50, F|100\/100\n|-ability|p1a: galaxy gas|Neutralizing Gas\n|turn|1\n|\n|t:|1729464400\n|move|p1a: galaxy gas|Taunt|p2a: Bronzong\n|-start|p2a: Bronzong|move: Taunt\n|move|p2b: Tyranitar|High Horsepower|p1b: kingoobit\n|-supereffective|p1b: kingoobit\n|-damage|p1b: kingoobit|42\/100\n|move|p1b: kingoobit|Low Kick|p2b: Tyranitar\n|-supereffective|p2b: Tyranitar\n|-damage|p2b: Tyranitar|0 fnt\n|faint|p2b: Tyranitar\n|cant|p2a: Bronzong|move: Taunt|Trick Room\n|\n|upkeep\n|\n|t:|1729464409\n|switch|p2b: Primarina|Primarina, L50, M|100\/100\n|turn|2\n|\n|t:|1729464416\n|-terastallize|p1b: kingoobit|Flying\n|move|p1a: galaxy gas|Sludge Bomb|p2b: Primarina\n|-supereffective|p2b: Primarina\n|-damage|p2b: Primarina|38\/100\n|move|p2b: Primarina|Moonblast|p1a: galaxy gas\n|-resisted|p1a: galaxy gas\n|-damage|p1a: galaxy gas|55\/100\n|-unboost|p1a: galaxy gas|spa|1\n|move|p1b: kingoobit|Iron Head|p2b: Primarina\n|-damage|p2b: Primarina|0 fnt\n|faint|p2b: Primarina\n|move|p2a: Bronzong|Body Press|p1b: kingoobit\n|-resisted|p1b: kingoobit\n|-damage|p1b: kingoobit|31\/100\n|\n|upkeep\n|\n|t:|1729464421\n|switch|p2b: Magmar|Magmar, L50, M|100\/100\n|turn|3\n|\n|t:|1729464435\n|-terastallize|p2a: Bronzong|Fighting\n|move|p1a: galaxy gas|Taunt|p2b: Magmar\n|-start|p2b: Magmar|move: Taunt\n|move|p2b: Magmar|Heat Wave|p1a: galaxy gas|[spread] p1a,p1b\n|-damage|p1a: galaxy gas|15\/100\n|-damage|p1b: kingoobit|16\/100\n|move|p1b: kingoobit|Kowtow Cleave|p2a: Bronzong\n|-resisted|p2a: Bronzong\n|-damage|p2a: Bronzong|82\/100\n|move|p2a: Bronzong|Body Press|p1b: kingoobit\n|-resisted|p1b: kingoobit\n|-damage|p1b: kingoobit|0 fnt\n|faint|p1b: kingoobit\n|\n|-heal|p2a: Bronzong|88\/100|[from] item: Leftovers\n|-end|p2a: Bronzong|move: Taunt\n|upkeep\n|\n|t:|1729464442\n|switch|p1b: dunky|Dondozo, L50, M|100\/100\n|turn|4\n|\n|t:|1729464461\n|-end|p1a: galaxy gas|ability: Neutralizing Gas\n|switch|p1a: veganism|Tatsugiri, L50, M, shiny|100\/100\n|-activate|p1a: veganism|ability: Commander|[of] p1b: dunky\n|-boost|p1b: dunky|atk|2\n|-boost|p1b: dunky|spa|2\n|-boost|p1b: dunky|spe|2\n|-boost|p1b: dunky|def|2\n|-boost|p1b: dunky|spd|2\n|move|p1b: dunky|Wave Crash|p2b: Magmar\n|-supereffective|p2b: Magmar\n|-damage|p2b: Magmar|0 fnt\n|faint|p2b: Magmar\n|-damage|p1b: dunky|75\/100|[from] Recoil\n|move|p2a: Bronzong|Body Press|p1b: dunky\n|-damage|p1b: dunky|60\/100\n|\n|-heal|p2a: Bronzong|94\/100|[from] item: Leftovers\n|upkeep\n|turn|5\n|\n|t:|1729464477\n|move|p1b: dunky|Order Up|p2a: Bronzong\n|-damage|p2a: Bronzong|57\/100\n|-boost|p1b: dunky|atk|1\n|move|p2a: Bronzong|Trick Room|p2a: Bronzong\n|-fieldstart|move: Trick Room|[of] p2a: Bronzong\n|\n|-heal|p2a: Bronzong|63\/100|[from] item: Leftovers\n|upkeep\n|turn|6\n|-message|aayushjay forfeited.\n|\n|win|Topperlecat\n|raw|Topperlecat's rating: 1727 &rarr; <strong>1748<\/strong><br \/>(+21 for winning)\n|raw|aayushjay's rating: 1752 &rarr; <strong>1731<\/strong><br \/>(-21 for losing)\n|l|\u2606aayushjay\n|player|p2|\n|l|\u2606Topperlecat\n|player|p1|\n","uploadtime":1729464661,"views":18,"formatid":"gen9vgc2024regh","rating":1731,"private":0,"password":null}