{"id":"gen9vgc2024regh-2227626709","format":"[Gen 9] VGC 2024 Reg H","players":["BigSalta","Hikawari"],"log":"|j|\u2606BigSalta\n|j|\u2606Hikawari\n|t:|1729515240\n|gametype|doubles\n|player|p1|BigSalta|cynthia|1722\n|player|p2|Hikawari|1|1696\n|teamsize|p1|6\n|teamsize|p2|6\n|gen|9\n|tier|[Gen 9] VGC 2024 Reg H\n|rated|\n|rule|Species Clause: Limit one of each Pok\u00e9mon\n|rule|Item Clause: Limit 1 of each item\n|clearpoke\n|poke|p1|Porygon2, L50|\n|poke|p1|Sneasler, L50, M|\n|poke|p1|Gholdengo, L50|\n|poke|p1|Amoonguss, L50, M|\n|poke|p1|Garchomp, L50, F|\n|poke|p1|Incineroar, L50, F|\n|poke|p2|Sneasler, L50, F|\n|poke|p2|Murkrow, L50, M|\n|poke|p2|Gholdengo, L50|\n|poke|p2|Indeedee, L50, M|\n|poke|p2|Annihilape, L50, F|\n|poke|p2|Sinistcha, L50|\n|teampreview|4\n|inactive|Battle timer is ON: inactive players will automatically lose when time's up. (requested by Hikawari)\n|\n|t:|1729515263\n|start\n|switch|p1a: Porygon2|Porygon2, L50|100\/100\n|switch|p1b: Amoonguss|Amoonguss, L50, M|100\/100\n|switch|p2a: Murkrow|Murkrow, L50, M|100\/100\n|switch|p2b: Gholdengo|Gholdengo, L50|100\/100\n|-ability|p1a: Porygon2|Download|boost\n|-boost|p1a: Porygon2|atk|1\n|turn|1\n|\n|t:|1729515282\n|switch|p2a: Sinistcha|Sinistcha, L50, shiny|100\/100\n|switch|p1b: Incineroar|Incineroar, L50, F|100\/100\n|-ability|p1b: Incineroar|Intimidate|boost\n|-unboost|p2a: Sinistcha|atk|1\n|-unboost|p2b: Gholdengo|atk|1\n|-terastallize|p2b: Gholdengo|Steel\n|move|p2b: Gholdengo|Make It Rain|p1a: Porygon2|[spread] p1a,p1b\n|-resisted|p1b: Incineroar\n|-damage|p1a: Porygon2|34\/100\n|-damage|p1b: Incineroar|60\/100\n|-unboost|p2b: Gholdengo|spa|1\n|move|p1a: Porygon2|Trick Room|p1a: Porygon2\n|-fieldstart|move: Trick Room|[of] p1a: Porygon2\n|\n|upkeep\n|turn|2\n|\n|t:|1729515302\n|switch|p2b: Murkrow|Murkrow, L50, M|100\/100\n|move|p1b: Incineroar|Flare Blitz|p2b: Murkrow\n|-damage|p2b: Murkrow|46\/100\n|-damage|p1b: Incineroar|46\/100|[from] Recoil\n|move|p1a: Porygon2|Recover|p1a: Porygon2\n|-heal|p1a: Porygon2|84\/100\n|move|p2a: Sinistcha|Strength Sap|p1b: Incineroar\n|-unboost|p1b: Incineroar|atk|1\n|\n|upkeep\n|turn|3\n|\n|t:|1729515315\n|switch|p2b: Annihilape|Annihilape, L50, F, shiny|100\/100\n|move|p1b: Incineroar|Parting Shot|p2a: Sinistcha\n|-unboost|p2a: Sinistcha|atk|1\n|-unboost|p2a: Sinistcha|spa|1\n|\n|t:|1729515323\n|switch|p1b: Amoonguss|Amoonguss, L50, M|100\/100|[from] Parting Shot\n|move|p1a: Porygon2|Ice Beam|p2b: Annihilape\n|-damage|p2b: Annihilape|80\/100\n|move|p2a: Sinistcha|Matcha Gotcha|p1b: Amoonguss|[spread] p1a,p1b\n|-resisted|p1b: Amoonguss\n|-damage|p1a: Porygon2|71\/100\n|-damage|p1b: Amoonguss|96\/100\n|-status|p1a: Porygon2|brn\n|\n|-heal|p2b: Annihilape|86\/100|[from] item: Leftovers\n|-damage|p1a: Porygon2|65\/100 brn|[from] brn\n|upkeep\n|turn|4\n|inactive|BigSalta has 30 seconds left.\n|\n|t:|1729515349\n|move|p1b: Amoonguss|Spore|p2b: Annihilape\n|-status|p2b: Annihilape|slp|[from] move: Spore\n|move|p1a: Porygon2|Recover|p1a: Porygon2\n|-heal|p1a: Porygon2|100\/100 brn\n|move|p2a: Sinistcha|Matcha Gotcha|p1b: Amoonguss|[spread] p1a,p1b\n|-resisted|p1b: Amoonguss\n|-damage|p1a: Porygon2|89\/100 brn\n|-damage|p1b: Amoonguss|93\/100\n|cant|p2b: Annihilape|slp\n|\n|-heal|p2b: Annihilape|92\/100 slp|[from] item: Leftovers\n|-damage|p1a: Porygon2|83\/100 brn|[from] brn\n|upkeep\n|turn|5\n|\n|t:|1729515371\n|switch|p1a: Gholdengo|Gholdengo, L50|100\/100\n|move|p2a: Sinistcha|Protect|p2a: Sinistcha\n|-singleturn|p2a: Sinistcha|Protect\n|move|p1b: Amoonguss|Spore|p2a: Sinistcha\n|-activate|p2a: Sinistcha|move: Protect\n|cant|p2b: Annihilape|slp\n|\n|-heal|p2b: Annihilape|98\/100 slp|[from] item: Leftovers\n|-fieldend|move: Trick Room\n|upkeep\n|turn|6\n|\n|t:|1729515388\n|move|p2a: Sinistcha|Rage Powder|p2a: Sinistcha\n|-singleturn|p2a: Sinistcha|move: Rage Powder\n|move|p1b: Amoonguss|Rage Powder|p1b: Amoonguss\n|-singleturn|p1b: Amoonguss|move: Rage Powder\n|-curestatus|p2b: Annihilape|slp|[msg]\n|move|p2b: Annihilape|Rage Fist|p1b: Amoonguss\n|-damage|p1b: Amoonguss|61\/100\n|move|p1a: Gholdengo|Shadow Ball|p2a: Sinistcha\n|-supereffective|p2a: Sinistcha\n|-damage|p2a: Sinistcha|0 fnt\n|faint|p2a: Sinistcha\n|-damage|p1a: Gholdengo|91\/100|[from] item: Life Orb\n|\n|-heal|p2b: Annihilape|100\/100|[from] item: Leftovers\n|upkeep\n|j| uppercut vgc\n|\n|t:|1729515398\n|switch|p2a: Gholdengo|Gholdengo, L50, tera:Steel|100\/100\n|turn|7\n|\n|t:|1729515407\n|move|p1a: Gholdengo|Protect|p1a: Gholdengo\n|-singleturn|p1a: Gholdengo|Protect\n|move|p1b: Amoonguss|Protect|p1b: Amoonguss\n|-singleturn|p1b: Amoonguss|Protect\n|move|p2a: Gholdengo|Make It Rain|p1b: Amoonguss|[spread] \n|-activate|p1a: Gholdengo|move: Protect\n|-activate|p1b: Amoonguss|move: Protect\n|move|p2b: Annihilape|Rage Fist|p1a: Gholdengo\n|-activate|p1a: Gholdengo|move: Protect\n|\n|upkeep\n|turn|8\n|inactive|BigSalta has 30 seconds left.\n|inactive|BigSalta has 20 seconds left.\n|\n|t:|1729515446\n|switch|p1a: Porygon2|Porygon2, L50|83\/100 brn\n|-ability|p1a: Porygon2|Download|boost\n|-boost|p1a: Porygon2|spa|1\n|move|p2a: Gholdengo|Make It Rain|p1b: Amoonguss|[spread] p1a,p1b\n|-damage|p1a: Porygon2|21\/100 brn\n|-damage|p1b: Amoonguss|0 fnt\n|-unboost|p2a: Gholdengo|spa|1\n|faint|p1b: Amoonguss\n|move|p2b: Annihilape|Rage Fist|p1a: Porygon2\n|-immune|p1a: Porygon2\n|\n|-damage|p1a: Porygon2|15\/100 brn|[from] brn\n|upkeep\n|\n|t:|1729515458\n|switch|p1b: Gholdengo|Gholdengo, L50|91\/100\n|turn|9\n|l|\u2606Hikawari\n|inactive|Hikawari disconnected and has a minute to reconnect!\n|player|p2|\n|inactive|Hikawari has 30 seconds left.\n|inactive|Hikawari has 20 seconds left.\n|inactive|Hikawari has 15 seconds left.\n|inactive|Hikawari has 10 seconds left.\n|inactive|Hikawari has 5 seconds left.\n|-message|Hikawari lost due to inactivity.\n|\n|win|BigSalta\n|raw|BigSalta's rating: 1722 &rarr; <strong>1741<\/strong><br \/>(+19 for winning)\n|raw|Hikawari's rating: 1696 &rarr; <strong>1677<\/strong><br \/>(-19 for losing)\n|l|\u2606BigSalta\n|player|p1|\n|l| uppercut vgc\n","uploadtime":1729515748,"views":9,"formatid":"gen9vgc2024regh","rating":1677,"private":0,"password":null}