{"id":"gen9vgc2024regh-2227788200","format":"[Gen 9] VGC 2024 Reg H","players":["catsharknado","winterbreak"],"log":"|j|\u2606catsharknado\n|j|\u2606winterbreak\n|t:|1729529847\n|gametype|doubles\n|player|p1|catsharknado|101|1688\n|player|p2|winterbreak|lucas-gen4pt|1794\n|teamsize|p1|6\n|teamsize|p2|6\n|gen|9\n|tier|[Gen 9] VGC 2024 Reg H\n|rated|\n|rule|Species Clause: Limit one of each Pok\u00e9mon\n|rule|Item Clause: Limit 1 of each item\n|clearpoke\n|poke|p1|Annihilape, L50, F|\n|poke|p1|Pelipper, L50, F|\n|poke|p1|Sinistcha, L50|\n|poke|p1|Maushold-Four, L50|\n|poke|p1|Archaludon, L50, M|\n|poke|p1|Grimmsnarl, L50, M|\n|poke|p2|Pelipper, L50, M|\n|poke|p2|Archaludon, L50, M|\n|poke|p2|Gholdengo, L50|\n|poke|p2|Incineroar, L50, F|\n|poke|p2|Grimmsnarl, L50, M|\n|poke|p2|Ursaluna-Bloodmoon, L50, M|\n|teampreview|4\n|inactive|Battle timer is ON: inactive players will automatically lose when time's up. (requested by catsharknado)\n|inactive|winterbreak has 60 seconds left.\n|inactive|winterbreak has 30 seconds left.\n|inactive|winterbreak has 20 seconds left.\n|\n|t:|1729529920\n|start\n|switch|p1a: Archaludon|Archaludon, L50, M|100\/100\n|switch|p1b: Grimmsnarl|Grimmsnarl, L50, M|100\/100\n|switch|p2a: Grimmsnarl|Grimmsnarl, L50, M|100\/100\n|switch|p2b: Gholdengo|Gholdengo, L50|100\/100\n|turn|1\n|\n|t:|1729529934\n|move|p1b: Grimmsnarl|Light Screen|p1b: Grimmsnarl\n|-sidestart|p1: catsharknado|move: Light Screen\n|move|p2a: Grimmsnarl|Light Screen|p2a: Grimmsnarl\n|-sidestart|p2: winterbreak|move: Light Screen\n|move|p1a: Archaludon|Snarl|p2b: Gholdengo|[spread] p2a,p2b\n|-resisted|p2a: Grimmsnarl\n|-supereffective|p2b: Gholdengo\n|-crit|p2b: Gholdengo\n|-damage|p2a: Grimmsnarl|99\/100\n|-damage|p2b: Gholdengo|57\/100\n|-unboost|p2a: Grimmsnarl|spa|1\n|-unboost|p2b: Gholdengo|spa|1\n|move|p2b: Gholdengo|Nasty Plot|p2b: Gholdengo\n|-boost|p2b: Gholdengo|spa|2\n|\n|-heal|p2b: Gholdengo|63\/100|[from] item: Leftovers\n|upkeep\n|turn|2\n|\n|t:|1729529951\n|switch|p1b: Pelipper|Pelipper, L50, F|100\/100\n|-weather|RainDance|[from] ability: Drizzle|[of] p1b: Pelipper\n|move|p2a: Grimmsnarl|Thunder Wave|p1a: Archaludon\n|-status|p1a: Archaludon|par\n|move|p2b: Gholdengo|Nasty Plot|p2b: Gholdengo\n|-boost|p2b: Gholdengo|spa|2\n|move|p1a: Archaludon|Electro Shot||[still]\n|-prepare|p1a: Archaludon|Electro Shot\n|-boost|p1a: Archaludon|spa|1\n|-anim|p1a: Archaludon|Electro Shot|p2b: Gholdengo\n|-damage|p2b: Gholdengo|18\/100\n|\n|-weather|RainDance|[upkeep]\n|-heal|p2b: Gholdengo|24\/100|[from] item: Leftovers\n|upkeep\n|turn|3\n|inactive|catsharknado has 30 seconds left.\n|inactive|winterbreak has 30 seconds left.\n|\n|t:|1729529984\n|move|p2a: Grimmsnarl|Thunder Wave|p1b: Pelipper\n|-status|p1b: Pelipper|par\n|move|p2b: Gholdengo|Shadow Ball|p1a: Archaludon\n|-damage|p1a: Archaludon|49\/100 par\n|-ability|p1a: Archaludon|Stamina|boost\n|-boost|p1a: Archaludon|def|1\n|move|p1b: Pelipper|Tailwind|p1b: Pelipper\n|-sidestart|p1: catsharknado|move: Tailwind\n|cant|p1a: Archaludon|par\n|\n|-weather|RainDance|[upkeep]\n|-heal|p2b: Gholdengo|31\/100|[from] item: Leftovers\n|upkeep\n|turn|4\n|\n|t:|1729529999\n|switch|p1b: Sinistcha|Sinistcha, L50|100\/100\n|-heal|p1a: Archaludon|74\/100 par|[from] ability: Hospitality|[of] p1b: Sinistcha\n|switch|p2a: Archaludon|Archaludon, L50, M|100\/100\n|move|p2b: Gholdengo|Protect|p2b: Gholdengo\n|-singleturn|p2b: Gholdengo|Protect\n|move|p1a: Archaludon|Electro Shot||[still]\n|-prepare|p1a: Archaludon|Electro Shot\n|-boost|p1a: Archaludon|spa|1\n|-anim|p1a: Archaludon|Electro Shot|p2b: Gholdengo\n|-activate|p2b: Gholdengo|move: Protect\n|\n|-weather|RainDance|[upkeep]\n|-heal|p2b: Gholdengo|37\/100|[from] item: Leftovers\n|upkeep\n|turn|5\n|inactive|catsharknado has 30 seconds left.\n|inactive|winterbreak has 30 seconds left.\n|\n|t:|1729530029\n|switch|p1b: Grimmsnarl|Grimmsnarl, L50, M|100\/100\n|move|p2a: Archaludon|Electro Shot||[still]\n|-prepare|p2a: Archaludon|Electro Shot\n|-boost|p2a: Archaludon|spa|1\n|-anim|p2a: Archaludon|Electro Shot|p1a: Archaludon\n|-resisted|p1a: Archaludon\n|-damage|p1a: Archaludon|56\/100 par\n|-ability|p1a: Archaludon|Stamina|boost\n|-boost|p1a: Archaludon|def|1\n|move|p1a: Archaludon|Snarl|p2a: Archaludon|[spread] p2a\n|-miss|p1a: Archaludon|p2b: Gholdengo\n|-damage|p2a: Archaludon|86\/100\n|-unboost|p2a: Archaludon|spa|1\n|-ability|p2a: Archaludon|Stamina|boost\n|-boost|p2a: Archaludon|def|1\n|move|p2b: Gholdengo|Make It Rain|p1a: Archaludon|[spread] p1a,p1b\n|-resisted|p1a: Archaludon\n|-supereffective|p1b: Grimmsnarl\n|-damage|p1a: Archaludon|29\/100 par\n|-damage|p1b: Grimmsnarl|0 fnt\n|-unboost|p2b: Gholdengo|spa|1\n|-ability|p1a: Archaludon|Stamina|boost\n|-boost|p1a: Archaludon|def|1\n|faint|p1b: Grimmsnarl\n|\n|-weather|RainDance|[upkeep]\n|-heal|p2b: Gholdengo|43\/100|[from] item: Leftovers\n|upkeep\n|\n|t:|1729530047\n|switch|p1b: Sinistcha|Sinistcha, L50|100\/100\n|-heal|p1a: Archaludon|54\/100 par|[from] ability: Hospitality|[of] p1b: Sinistcha\n|turn|6\n|inactive|winterbreak has 30 seconds left.\n|inactive|catsharknado has 30 seconds left.\n|inactive|winterbreak has 20 seconds left.\n|\n|t:|1729530086\n|switch|p2a: Grimmsnarl|Grimmsnarl, L50, M|99\/100\n|-terastallize|p1b: Sinistcha|Water\n|move|p2b: Gholdengo|Protect|p2b: Gholdengo\n|-singleturn|p2b: Gholdengo|Protect\n|move|p1a: Archaludon|Electro Shot||[still]\n|-prepare|p1a: Archaludon|Electro Shot\n|-boost|p1a: Archaludon|spa|1\n|-anim|p1a: Archaludon|Electro Shot|p2b: Gholdengo\n|-activate|p2b: Gholdengo|move: Protect\n|move|p1b: Sinistcha|Trick Room|p1b: Sinistcha\n|-fieldstart|move: Trick Room|[of] p1b: Sinistcha\n|\n|-weather|none\n|-heal|p2b: Gholdengo|49\/100|[from] item: Leftovers\n|-sideend|p1: catsharknado|move: Tailwind\n|upkeep\n|turn|7\n|inactive|catsharknado has 30 seconds left.\n|inactive|winterbreak has 30 seconds left.\n|inactive|winterbreak has 20 seconds left.\n|inactive|catsharknado has 20 seconds left.\n|inactive|winterbreak has 15 seconds left.\n|inactive|winterbreak has 10 seconds left.\n|inactive|winterbreak has 5 seconds left.\n|\n|t:|1729530138\n|switch|p1b: Pelipper|Pelipper, L50, F|100\/100 par\n|-weather|RainDance|[from] ability: Drizzle|[of] p1b: Pelipper\n|-terastallize|p2b: Gholdengo|Dragon\n|move|p2a: Grimmsnarl|Thunder Wave|p1b: Pelipper\n|-fail|p1b: Pelipper|par\n|cant|p1a: Archaludon|par\n|move|p2b: Gholdengo|Shadow Ball|p1a: Archaludon\n|-damage|p1a: Archaludon|13\/100 par\n|-ability|p1a: Archaludon|Stamina|boost\n|-boost|p1a: Archaludon|def|1\n|\n|-weather|RainDance|[upkeep]\n|-heal|p2b: Gholdengo|55\/100|[from] item: Leftovers\n|upkeep\n|turn|8\n|inactive|catsharknado has 30 seconds left.\n|inactive|winterbreak has 30 seconds left.\n|inactive|catsharknado has 20 seconds left.\n|inactive|catsharknado has 15 seconds left.\n|inactive|catsharknado has 10 seconds left.\n|\n|t:|1729530186\n|switch|p1b: Sinistcha|Sinistcha, L50, tera:Water|100\/100\n|-heal|p1a: Archaludon|38\/100 par|[from] ability: Hospitality|[of] p1b: Sinistcha\n|move|p1a: Archaludon|Dragon Pulse|p2b: Gholdengo\n|-supereffective|p2b: Gholdengo\n|-damage|p2b: Gholdengo|0 fnt\n|faint|p2b: Gholdengo\n|move|p2a: Grimmsnarl|Foul Play|p1b: Sinistcha\n|-damage|p1b: Sinistcha|85\/100\n|\n|-weather|RainDance|[upkeep]\n|-sideend|p2: winterbreak|move: Light Screen\n|-sideend|p1: catsharknado|move: Light Screen\n|upkeep\n|\n|t:|1729530202\n|switch|p2b: Archaludon|Archaludon, L50, M|86\/100\n|turn|9\n|\n|t:|1729530216\n|move|p2a: Grimmsnarl|Reflect|p2a: Grimmsnarl\n|-sidestart|p2: winterbreak|Reflect\n|cant|p1a: Archaludon|par\n|move|p1b: Sinistcha|Life Dew|p1b: Sinistcha|[spread] p1a,p1b\n|-heal|p1a: Archaludon|63\/100 par\n|-heal|p1b: Sinistcha|100\/100\n|move|p2b: Archaludon|Draco Meteor|p1a: Archaludon\n|-damage|p1a: Archaludon|17\/100 par\n|-unboost|p2b: Archaludon|spa|2\n|-ability|p1a: Archaludon|Stamina|boost\n|-boost|p1a: Archaludon|def|1\n|\n|-weather|RainDance|[upkeep]\n|upkeep\n|turn|10\n|\n|t:|1729530228\n|move|p2a: Grimmsnarl|Light Screen|p2a: Grimmsnarl\n|-sidestart|p2: winterbreak|move: Light Screen\n|move|p1a: Archaludon|Dragon Pulse|p2b: Archaludon\n|-damage|p2b: Archaludon|36\/100\n|-ability|p2b: Archaludon|Stamina|boost\n|-boost|p2b: Archaludon|def|1\n|move|p1b: Sinistcha|Life Dew||[still]|[spread] p1a,p1b\n|-heal|p1a: Archaludon|42\/100 par\n|-fail|p1b: Sinistcha|heal\n|move|p2b: Archaludon|Electro Shot||[still]\n|-prepare|p2b: Archaludon|Electro Shot\n|-boost|p2b: Archaludon|spa|1\n|-anim|p2b: Archaludon|Electro Shot|p1b: Sinistcha\n|-supereffective|p1b: Sinistcha\n|-damage|p1b: Sinistcha|43\/100\n|-enditem|p1b: Sinistcha|Sitrus Berry|[eat]\n|-heal|p1b: Sinistcha|68\/100|[from] item: Sitrus Berry\n|\n|-weather|RainDance|[upkeep]\n|-fieldend|move: Trick Room\n|upkeep\n|turn|11\n|inactive|winterbreak has 30 seconds left.\n|inactive|winterbreak has 20 seconds left.\n|\n|t:|1729530263\n|move|p1b: Sinistcha|Rage Powder|p1b: Sinistcha\n|-singleturn|p1b: Sinistcha|move: Rage Powder\n|move|p2b: Archaludon|Electro Shot||[still]\n|-prepare|p2b: Archaludon|Electro Shot\n|-boost|p2b: Archaludon|spa|1\n|-anim|p2b: Archaludon|Electro Shot|p1b: Sinistcha\n|-supereffective|p1b: Sinistcha\n|-damage|p1b: Sinistcha|0 fnt\n|faint|p1b: Sinistcha\n|move|p2a: Grimmsnarl|Foul Play|p1a: Archaludon\n|-damage|p1a: Archaludon|37\/100 par\n|-ability|p1a: Archaludon|Stamina|boost\n|-boost|p1a: Archaludon|def|1\n|cant|p1a: Archaludon|par\n|\n|-weather|none\n|upkeep\n|\n|t:|1729530268\n|switch|p1b: Pelipper|Pelipper, L50, F|100\/100 par\n|-weather|RainDance|[from] ability: Drizzle|[of] p1b: Pelipper\n|turn|12\n|\n|t:|1729530290\n|move|p2b: Archaludon|Draco Meteor|p1a: Archaludon\n|-damage|p1a: Archaludon|0 fnt\n|-unboost|p2b: Archaludon|spa|2\n|faint|p1a: Archaludon\n|move|p2a: Grimmsnarl|Foul Play|p1b: Pelipper\n|-damage|p1b: Pelipper|78\/100 par\n|cant|p1b: Pelipper|par\n|\n|-weather|RainDance|[upkeep]\n|upkeep\n|turn|13\n|-message|catsharknado forfeited.\n|\n|win|winterbreak\n|raw|catsharknado's rating: 1688 &rarr; <strong>1674<\/strong><br \/>(-14 for losing)\n|raw|winterbreak's rating: 1794 &rarr; <strong>1808<\/strong><br \/>(+14 for winning)\n|l|\u2606catsharknado\n|player|p1|\n|l|\u2606winterbreak\n|player|p2|\n","uploadtime":1729530478,"views":20,"formatid":"gen9vgc2024regh","rating":1674,"private":0,"password":null}