{"id":"gen9vgc2024regh-2227956029","format":"[Gen 9] VGC 2024 Reg H","players":["test-on-calls","Draxolotl"],"log":"|j|\u2606test-on-calls\n|j|\u2606Draxolotl\n|t:|1729544535\n|gametype|doubles\n|player|p1|test-on-calls|170|1732\n|player|p2|Draxolotl|cynthia-masters3|1797\n|teamsize|p1|6\n|teamsize|p2|6\n|gen|9\n|tier|[Gen 9] VGC 2024 Reg H\n|rated|\n|rule|Species Clause: Limit one of each Pok\u00e9mon\n|rule|Item Clause: Limit 1 of each item\n|clearpoke\n|poke|p1|Pelipper, L50, F|\n|poke|p1|Primarina, L50, F|\n|poke|p1|Tinkaton, L50, F|\n|poke|p1|Gholdengo, L50|\n|poke|p1|Amoonguss, L50, F|\n|poke|p1|Donphan, L50, F|\n|poke|p2|Rillaboom, L50, M|\n|poke|p2|Volcarona, L50, F|\n|poke|p2|Ninetales-Alola, L50, M|\n|poke|p2|Tauros-Paldea-Aqua, L50, M|\n|poke|p2|Archaludon, L50, F|\n|poke|p2|Kingambit, L50, F|\n|teampreview|4\n|\n|t:|1729544562\n|start\n|switch|p1a: Stonkabonk|Tinkaton, L50, F, shiny|100\/100\n|switch|p1b: String Yeeze|Gholdengo, L50|100\/100\n|switch|p2a: Volcarona|Volcarona, L50, F|100\/100\n|switch|p2b: Rillaboom|Rillaboom, L50, M|100\/100\n|-ability|p1a: Stonkabonk|Mold Breaker\n|-item|p1a: Stonkabonk|Air Balloon\n|-fieldstart|move: Grassy Terrain|[from] ability: Grassy Surge|[of] p2b: Rillaboom\n|turn|1\n|\n|t:|1729544572\n|move|p1a: Stonkabonk|Fake Out|p2a: Volcarona\n|-crit|p2a: Volcarona\n|-damage|p2a: Volcarona|82\/100\n|move|p2b: Rillaboom|Fake Out|p1a: Stonkabonk\n|-resisted|p1a: Stonkabonk\n|-damage|p1a: Stonkabonk|93\/100\n|-enditem|p1a: Stonkabonk|Air Balloon\n|cant|p2a: Volcarona|flinch\n|move|p1b: String Yeeze|Power Gem|p2a: Volcarona\n|-supereffective|p2a: Volcarona\n|-damage|p2a: Volcarona|0 fnt\n|faint|p2a: Volcarona\n|\n|-heal|p1a: Stonkabonk|99\/100|[from] Grassy Terrain\n|upkeep\n|\n|t:|1729544578\n|switch|p2a: Archaludon|Archaludon, L50, F|100\/100\n|turn|2\n|\n|t:|1729544589\n|switch|p1b: Heffalump|Donphan, L50, F, shiny|100\/100\n|-terastallize|p2a: Archaludon|Electric\n|move|p1a: Stonkabonk|Thunder Wave|p2a: Archaludon\n|-immune|p2a: Archaludon\n|move|p2a: Archaludon|Electro Shot||[still]\n|-prepare|p2a: Archaludon|Electro Shot\n|-boost|p2a: Archaludon|spa|1\n|-enditem|p2a: Archaludon|Power Herb\n|-anim|p2a: Archaludon|Electro Shot|p1b: Heffalump\n|-immune|p1b: Heffalump\n|move|p2b: Rillaboom|High Horsepower|p1a: Stonkabonk\n|-supereffective|p1a: Stonkabonk\n|-damage|p1a: Stonkabonk|29\/100\n|\n|-heal|p1a: Stonkabonk|35\/100|[from] Grassy Terrain\n|upkeep\n|turn|3\n|\n|t:|1729544610\n|move|p1b: Heffalump|Protect|p1b: Heffalump\n|-singleturn|p1b: Heffalump|Protect\n|move|p1a: Stonkabonk|Thunder Wave|p2b: Rillaboom\n|-status|p2b: Rillaboom|par\n|move|p2a: Archaludon|Thunderbolt|p1a: Stonkabonk\n|-damage|p1a: Stonkabonk|0 fnt\n|faint|p1a: Stonkabonk\n|move|p2b: Rillaboom|Wood Hammer|p1b: Heffalump\n|-activate|p1b: Heffalump|move: Protect\n|\n|upkeep\n|\n|t:|1729544612\n|switch|p1a: Corv?|Pelipper, L50, F|100\/100\n|-weather|RainDance|[from] ability: Drizzle|[of] p1a: Corv?\n|turn|4\n|\n|t:|1729544625\n|move|p2b: Rillaboom|Grassy Glide|p1a: Corv?\n|-damage|p1a: Corv?|54\/100\n|move|p2a: Archaludon|Electro Shot||[still]\n|-prepare|p2a: Archaludon|Electro Shot\n|-boost|p2a: Archaludon|spa|1\n|-anim|p2a: Archaludon|Electro Shot|p1a: Corv?\n|-supereffective|p1a: Corv?\n|-damage|p1a: Corv?|0 fnt\n|faint|p1a: Corv?\n|move|p1b: Heffalump|High Horsepower|p2a: Archaludon\n|-supereffective|p2a: Archaludon\n|-ability|p2a: Archaludon|Sturdy\n|-damage|p2a: Archaludon|1\/100\n|\n|-weather|RainDance|[upkeep]\n|-heal|p2a: Archaludon|7\/100|[from] Grassy Terrain\n|upkeep\n|\n|t:|1729544627\n|switch|p1a: String Yeeze|Gholdengo, L50|100\/100\n|turn|5\n|\n|t:|1729544644\n|-terastallize|p1a: String Yeeze|Steel\n|move|p2b: Rillaboom|Grassy Glide|p1b: Heffalump\n|-supereffective|p1b: Heffalump\n|-damage|p1b: Heffalump|38\/100\n|move|p2a: Archaludon|Electro Shot||[still]\n|-prepare|p2a: Archaludon|Electro Shot\n|-boost|p2a: Archaludon|spa|1\n|-anim|p2a: Archaludon|Electro Shot|p1a: String Yeeze\n|-damage|p1a: String Yeeze|0 fnt\n|faint|p1a: String Yeeze\n|move|p1b: Heffalump|Ice Spinner|p2b: Rillaboom\n|-supereffective|p2b: Rillaboom\n|-damage|p2b: Rillaboom|29\/100 par\n|-fieldend|move: Grassy Terrain\n|\n|-weather|RainDance|[upkeep]\n|upkeep\n|turn|6\n|-message|test-on-calls forfeited.\n|\n|win|Draxolotl\n|raw|test-on-calls's rating: 1732 &rarr; <strong>1716<\/strong><br \/>(-16 for losing)\n|raw|Draxolotl's rating: 1797 &rarr; <strong>1813<\/strong><br \/>(+16 for winning)\n|l|\u2606test-on-calls\n|player|p1|\n|l|\u2606Draxolotl\n|player|p2|\n|j|\u2606Draxolotl\n|player|p2|Draxolotl|cynthia-masters3|\n","uploadtime":1729545228,"views":65,"formatid":"gen9vgc2024regh","rating":1716,"private":0,"password":null}