{"id":"gen9vgc2024regh-2227478132","format":"[Gen 9] VGC 2024 Reg H","players":["Tepig_nNz_498","OSAMABINGETINLADIN"],"log":"|j|\u2606Tepig_nNz_498\n|j|\u2606OSAMABINGETINLADIN\n|t:|1729492956\n|gametype|doubles\n|player|p1|Tepig_nNz_498|170|1757\n|player|p2|OSAMABINGETINLADIN|policeman-gen4|1804\n|teamsize|p1|6\n|teamsize|p2|6\n|gen|9\n|tier|[Gen 9] VGC 2024 Reg H\n|rated|\n|rule|Species Clause: Limit one of each Pok\u00e9mon\n|rule|Item Clause: Limit 1 of each item\n|clearpoke\n|poke|p1|Delphox, L50, F|\n|poke|p1|Indeedee-F, L50, F|\n|poke|p1|Torkoal, L50, M|\n|poke|p1|Gallade, L50, M|\n|poke|p1|Sylveon, L50, F|\n|poke|p1|Drifblim, L50, F|\n|poke|p2|Sneasler, L50, M|\n|poke|p2|Indeedee, L50, M|\n|poke|p2|Dragapult, L50, M|\n|poke|p2|Decidueye-Hisui, L50, F|\n|poke|p2|Typhlosion-Hisui, L50, F|\n|poke|p2|Whimsicott, L50, F|\n|teampreview|4\n|inactive|Battle timer is ON: inactive players will automatically lose when time's up. (requested by OSAMABINGETINLADIN)\n|\n|t:|1729492984\n|start\n|switch|p1a: Indeedee|Indeedee-F, L50, F|100\/100\n|switch|p1b: Gallade|Gallade, L50, M|100\/100\n|switch|p2a: Patrick Bateman|Indeedee, L50, M, shiny|100\/100\n|switch|p2b: Paul Allen|Sneasler, L50, M, shiny|100\/100\n|-fieldstart|move: Psychic Terrain|[from] ability: Psychic Surge|[of] p2a: Patrick Bateman\n|-enditem|p2b: Paul Allen|Psychic Seed\n|-boost|p2b: Paul Allen|spd|1|[from] item: Psychic Seed\n|turn|1\n|\n|t:|1729493005\n|-terastallize|p2b: Paul Allen|Dark\n|move|p1a: Indeedee|Helping Hand|p1b: Gallade\n|-singleturn|p1b: Gallade|Helping Hand|[of] p1a: Indeedee\n|move|p2b: Paul Allen|Dire Claw|p1b: Gallade\n|-damage|p1b: Gallade|38\/100\n|-status|p1b: Gallade|slp\n|move|p2a: Patrick Bateman|Imprison|p2a: Patrick Bateman\n|-start|p2a: Patrick Bateman|move: Imprison\n|cant|p1b: Gallade|slp\n|\n|upkeep\n|turn|2\n|\n|t:|1729493023\n|move|p1a: Indeedee|Follow Me|p1a: Indeedee\n|-singleturn|p1a: Indeedee|move: Follow Me\n|move|p2b: Paul Allen|Throat Chop|p1a: Indeedee\n|-supereffective|p1a: Indeedee\n|-damage|p1a: Indeedee|18\/100\n|-start|p1a: Indeedee|Throat Chop|[silent]\n|-enditem|p1a: Indeedee|Sitrus Berry|[eat]\n|-heal|p1a: Indeedee|43\/100|[from] item: Sitrus Berry\n|move|p2a: Patrick Bateman|Expanding Force|p1a: Indeedee|[spread] p1a,p1b\n|-resisted|p1a: Indeedee\n|-damage|p1a: Indeedee|20\/100\n|-damage|p1b: Gallade|0 fnt\n|faint|p1b: Gallade\n|\n|upkeep\n|\n|t:|1729493031\n|switch|p1b: Sylveon|Sylveon, L50, F|100\/100\n|turn|3\n|\n|t:|1729493036\n|move|p2b: Paul Allen|Protect|p2b: Paul Allen\n|-singleturn|p2b: Paul Allen|Protect\n|move|p1a: Indeedee|Follow Me|p1a: Indeedee\n|-singleturn|p1a: Indeedee|move: Follow Me\n|move|p2a: Patrick Bateman|Expanding Force|p1b: Sylveon|[spread] p1a,p1b\n|-resisted|p1a: Indeedee\n|-damage|p1a: Indeedee|0 fnt\n|-damage|p1b: Sylveon|58\/100\n|faint|p1a: Indeedee\n|move|p1b: Sylveon|Hyper Voice|p2b: Paul Allen|[spread] p2a\n|-activate|p2b: Paul Allen|move: Protect\n|-damage|p2a: Patrick Bateman|49\/100\n|-enditem|p1b: Sylveon|Throat Spray\n|-boost|p1b: Sylveon|spa|1|[from] item: Throat Spray\n|\n|upkeep\n|\n|t:|1729493040\n|switch|p1a: Torkoal|Torkoal, L50, M|100\/100\n|-weather|SunnyDay|[from] ability: Drought|[of] p1a: Torkoal\n|turn|4\n|\n|t:|1729493045\n|-terastallize|p1b: Sylveon|Fire\n|move|p2b: Paul Allen|Throat Chop|p1b: Sylveon\n|-damage|p1b: Sylveon|0 fnt\n|faint|p1b: Sylveon\n|move|p2a: Patrick Bateman|Expanding Force|p1a: Torkoal\n|-damage|p1a: Torkoal|11\/100\n|move|p1a: Torkoal|Heat Wave|p2b: Paul Allen|[spread] p2a,p2b\n|-damage|p2a: Patrick Bateman|0 fnt\n|-damage|p2b: Paul Allen|47\/100\n|-status|p2b: Paul Allen|brn\n|faint|p2a: Patrick Bateman\n|-damage|p1a: Torkoal|1\/100|[from] item: Life Orb\n|\n|-weather|SunnyDay|[upkeep]\n|-damage|p2b: Paul Allen|41\/100 brn|[from] brn\n|upkeep\n|\n|t:|1729493051\n|switch|p2a: Marcus Halberstram|Dragapult, L50, M|100\/100\n|turn|5\n|\n|t:|1729493055\n|move|p2b: Paul Allen|Dire Claw|p1a: Torkoal\n|-damage|p1a: Torkoal|0 fnt\n|faint|p1a: Torkoal\n|\n|win|OSAMABINGETINLADIN\n|raw|Tepig_nNz_498's rating: 1741 &rarr; <strong>1725<\/strong><br \/>(-16 for losing)\n|raw|OSAMABINGETINLADIN's rating: 1804 &rarr; <strong>1820<\/strong><br \/>(+16 for winning)\n|l|\u2606Tepig_nNz_498\n|player|p1|\n|l|\u2606OSAMABINGETINLADIN\n|player|p2|\n","uploadtime":1729493293,"views":34,"formatid":"gen9vgc2024regh","rating":1725,"private":0,"password":null}