{"id":"gen9vgc2024regh-2227497363","format":"[Gen 9] VGC 2024 Reg H","players":["Zessozessozesso","lichuvgc"],"log":"|j|\u2606Zessozessozesso\n|j|\u2606lichuvgc\n|t:|1729496399\n|gametype|doubles\n|player|p1|Zessozessozesso|1|1648\n|player|p2|lichuvgc|dawn|1861\n|teamsize|p1|6\n|teamsize|p2|6\n|gen|9\n|tier|[Gen 9] VGC 2024 Reg H\n|rated|\n|rule|Species Clause: Limit one of each Pok\u00e9mon\n|rule|Item Clause: Limit 1 of each item\n|clearpoke\n|poke|p1|Dondozo, L50, M|\n|poke|p1|Tatsugiri, L50, M|\n|poke|p1|Indeedee, L50, M|\n|poke|p1|Sneasler, L50, F|\n|poke|p1|Annihilape, L50, M|\n|poke|p1|Dragonite, L50, M|\n|poke|p2|Gholdengo, L50|\n|poke|p2|Dragonite, L50, M|\n|poke|p2|Kingambit, L50, M|\n|poke|p2|Annihilape, L50, M|\n|poke|p2|Whimsicott, L50, F|\n|poke|p2|Volcarona, L50, F|\n|teampreview|4\n|inactive|Battle timer is ON: inactive players will automatically lose when time's up. (requested by Zessozessozesso)\n|inactive|Zessozessozesso has 60 seconds left.\n|\n|t:|1729496446\n|start\n|switch|p1a: Annihilape|Annihilape, L50, M|100\/100\n|switch|p1b: Dragonite|Dragonite, L50, M|100\/100\n|switch|p2a: Gholdengo|Gholdengo, L50, shiny|100\/100\n|switch|p2b: Dragonite|Dragonite, L50, M, shiny|100\/100\n|turn|1\n|inactive|Zessozessozesso has 30 seconds left.\n|\n|t:|1729496477\n|-terastallize|p2b: Dragonite|Steel\n|move|p1b: Dragonite|Protect|p1b: Dragonite\n|-singleturn|p1b: Dragonite|Protect\n|move|p1a: Annihilape|Close Combat|p2b: Dragonite\n|-supereffective|p2b: Dragonite\n|-damage|p2b: Dragonite|35\/100\n|-unboost|p1a: Annihilape|def|1\n|-unboost|p1a: Annihilape|spd|1\n|move|p2a: Gholdengo|Shadow Ball|p1a: Annihilape\n|-supereffective|p1a: Annihilape\n|-damage|p1a: Annihilape|0 fnt\n|faint|p1a: Annihilape\n|move|p2b: Dragonite|Scale Shot|p1b: Dragonite\n|-activate|p1b: Dragonite|move: Protect\n|\n|upkeep\n|inactive|Zessozessozesso has 30 seconds left.\n|inactive|Zessozessozesso has 20 seconds left.\n|\n|t:|1729496513\n|switch|p1a: Sneasler|Sneasler, L50, F|100\/100\n|turn|2\n|j| Therazer456\n|\n|t:|1729496537\n|switch|p1b: Indeedee|Indeedee, L50, M|100\/100\n|-fieldstart|move: Psychic Terrain|[from] ability: Psychic Surge|[of] p1b: Indeedee\n|-enditem|p1a: Sneasler|Psychic Seed\n|-boost|p1a: Sneasler|spd|1|[from] item: Psychic Seed\n|-terastallize|p1a: Sneasler|Dark\n|move|p2b: Dragonite|Protect|p2b: Dragonite\n|-singleturn|p2b: Dragonite|Protect\n|move|p1a: Sneasler|Throat Chop|p2b: Dragonite\n|-activate|p2b: Dragonite|move: Protect\n|move|p2a: Gholdengo|Shadow Ball|p1a: Sneasler\n|-resisted|p1a: Sneasler\n|-damage|p1a: Sneasler|80\/100\n|\n|upkeep\n|turn|3\n|inactive|lichuvgc has 30 seconds left.\n|inactive|Zessozessozesso has 30 seconds left.\n|inactive|lichuvgc has 20 seconds left.\n|\n|t:|1729496575\n|switch|p2a: Whimsicott|Whimsicott, L50, F, shiny|100\/100\n|move|p1a: Sneasler|Throat Chop|p2b: Dragonite\n|-damage|p2b: Dragonite|0 fnt\n|faint|p2b: Dragonite\n|move|p1b: Indeedee|Expanding Force|p2a: Whimsicott\n|-enditem|p2a: Whimsicott|Focus Sash\n|-damage|p2a: Whimsicott|1\/100\n|\n|upkeep\n|\n|t:|1729496591\n|switch|p2b: Gholdengo|Gholdengo, L50, shiny|100\/100\n|turn|4\n|\n|t:|1729496607\n|move|p2a: Whimsicott|Tailwind|p2a: Whimsicott\n|-sidestart|p2: lichuvgc|move: Tailwind\n|move|p2b: Gholdengo|Make It Rain|p1a: Sneasler|[spread] p1a,p1b\n|-damage|p1a: Sneasler|36\/100\n|-damage|p1b: Indeedee|28\/100\n|-unboost|p2b: Gholdengo|spa|1\n|move|p1a: Sneasler|Throat Chop|p2b: Gholdengo\n|-supereffective|p2b: Gholdengo\n|-damage|p2b: Gholdengo|11\/100\n|-start|p2b: Gholdengo|Throat Chop|[silent]\n|move|p1b: Indeedee|Expanding Force|p2a: Whimsicott|[spread] p2a,p2b\n|-resisted|p2b: Gholdengo\n|-damage|p2a: Whimsicott|0 fnt\n|-damage|p2b: Gholdengo|0 fnt\n|faint|p2a: Whimsicott\n|faint|p2b: Gholdengo\n|\n|upkeep\n|\n|t:|1729496609\n|switch|p2b: Annihilape|Annihilape, L50, M, shiny|100\/100\n|turn|5\n|inactive|Zessozessozesso has 30 seconds left.\n|\n|t:|1729496636\n|move|p1a: Sneasler|Protect|p1a: Sneasler\n|-singleturn|p1a: Sneasler|Protect\n|move|p1b: Indeedee|Protect|p1b: Indeedee\n|-singleturn|p1b: Indeedee|Protect\n|move|p2b: Annihilape|Close Combat|p1b: Indeedee\n|-activate|p1b: Indeedee|move: Protect\n|\n|upkeep\n|turn|6\n|inactive|Zessozessozesso has 30 seconds left.\n|inactive|Zessozessozesso has 20 seconds left.\n|\n|t:|1729496675\n|move|p1a: Sneasler|Dire Claw|p2b: Annihilape\n|-resisted|p2b: Annihilape\n|-damage|p2b: Annihilape|81\/100\n|move|p2b: Annihilape|Close Combat|p1b: Indeedee\n|-damage|p1b: Indeedee|0 fnt\n|-unboost|p2b: Annihilape|def|1\n|-unboost|p2b: Annihilape|spd|1\n|faint|p1b: Indeedee\n|\n|-fieldend|move: Psychic Terrain\n|upkeep\n|\n|t:|1729496681\n|switch|p1b: Dragonite|Dragonite, L50, M|100\/100\n|turn|7\n|\n|t:|1729496696\n|move|p1a: Sneasler|Protect|p1a: Sneasler\n|-singleturn|p1a: Sneasler|Protect\n|move|p2b: Annihilape|Rage Fist|p1b: Dragonite\n|-damage|p1b: Dragonite|54\/100\n|move|p1b: Dragonite|Scale Shot|p2b: Annihilape\n|-damage|p2b: Annihilape|59\/100\n|-damage|p2b: Annihilape|36\/100\n|-enditem|p2b: Annihilape|Sitrus Berry|[eat]\n|-heal|p2b: Annihilape|61\/100|[from] item: Sitrus Berry\n|-hitcount|p2b: Annihilape|2\n|-unboost|p1b: Dragonite|def|1\n|-boost|p1b: Dragonite|spe|1\n|\n|-sideend|p2: lichuvgc|move: Tailwind\n|upkeep\n|turn|8\n|inactive|Zessozessozesso has 30 seconds left.\n|\n|t:|1729496730\n|move|p1a: Sneasler|Throat Chop|p2b: Annihilape\n|-damage|p2b: Annihilape|0 fnt\n|faint|p2b: Annihilape\n|\n|win|Zessozessozesso\n|raw|Zessozessozesso's rating: 1648 &rarr; <strong>1680<\/strong><br \/>(+32 for winning)\n|raw|lichuvgc's rating: 1880 &rarr; <strong>1848<\/strong><br \/>(-32 for losing)\n|l| Therazer456\n|l|\u2606lichuvgc\n|player|p2|\n","uploadtime":1729496741,"views":67,"formatid":"gen9vgc2024regh","rating":1680,"private":0,"password":null}