{"id":"gen9vgc2024regh-2227313612","format":"[Gen 9] VGC 2024 Reg H","players":["Sazandoramx","Kwiper"],"log":"|j|\u2606Sazandoramx\n|j|\u2606Kwiper\n|t:|1729469583\n|gametype|doubles\n|player|p1|Sazandoramx|266|1670\n|player|p2|Kwiper|sycamore|1697\n|teamsize|p1|6\n|teamsize|p2|6\n|gen|9\n|tier|[Gen 9] VGC 2024 Reg H\n|rated|\n|rule|Species Clause: Limit one of each Pok\u00e9mon\n|rule|Item Clause: Limit 1 of each item\n|clearpoke\n|poke|p1|Delphox, L50, M|\n|poke|p1|Maushold-Four, L50|\n|poke|p1|Indeedee, L50, M|\n|poke|p1|Murkrow, L50, F|\n|poke|p1|Dragapult, L50, F|\n|poke|p1|Sneasler, L50, M|\n|poke|p2|Archaludon, L50, M|\n|poke|p2|Rillaboom, L50, F|\n|poke|p2|Maushold, L50|\n|poke|p2|Pelipper, L50, F|\n|poke|p2|Primarina, L50, M|\n|poke|p2|Sneasler, L50, M|\n|teampreview|4\n|inactive|Battle timer is ON: inactive players will automatically lose when time's up. (requested by Kwiper)\n|inactive|Sazandoramx has 60 seconds left.\n|inactive|Kwiper has 60 seconds left.\n|\n|t:|1729469618\n|start\n|switch|p1a: Murkrow|Murkrow, L50, F, shiny|100\/100\n|switch|p1b: Delphox|Delphox, L50, M, shiny|100\/100\n|switch|p2a: Sneasler|Sneasler, L50, M|100\/100\n|switch|p2b: Rillaboom|Rillaboom, L50, F|100\/100\n|-fieldstart|move: Grassy Terrain|[from] ability: Grassy Surge|[of] p2b: Rillaboom\n|-enditem|p2a: Sneasler|Grassy Seed\n|-boost|p2a: Sneasler|def|1|[from] item: Grassy Seed\n|turn|1\n|\n|t:|1729469639\n|switch|p1a: Indeedee|Indeedee, L50, M|100\/100\n|-fieldstart|move: Psychic Terrain|[from] ability: Psychic Surge|[of] p1a: Indeedee\n|-terastallize|p1b: Delphox|Fire\n|move|p2a: Sneasler|Protect|p2a: Sneasler\n|-singleturn|p2a: Sneasler|Protect\n|move|p1b: Delphox|Heat Wave|p2b: Rillaboom|[spread] p2b\n|-activate|p2a: Sneasler|move: Protect\n|-supereffective|p2b: Rillaboom\n|-damage|p2b: Rillaboom|0 fnt\n|faint|p2b: Rillaboom\n|-damage|p1b: Delphox|91\/100|[from] item: Life Orb\n|\n|upkeep\n|\n|t:|1729469649\n|switch|p2b: Pelipper|Pelipper, L50, F|100\/100\n|-weather|RainDance|[from] ability: Drizzle|[of] p2b: Pelipper\n|turn|2\n|\n|t:|1729469672\n|switch|p1a: Murkrow|Murkrow, L50, F, shiny|100\/100\n|-terastallize|p2a: Sneasler|Stellar\n|move|p1b: Delphox|Protect|p1b: Delphox\n|-singleturn|p1b: Delphox|Protect\n|move|p2b: Pelipper|Wide Guard|p2b: Pelipper\n|-singleturn|p2b: Pelipper|Wide Guard\n|move|p2a: Sneasler|Dire Claw|p1a: Murkrow\n|-damage|p1a: Murkrow|16\/100\n|\n|-weather|RainDance|[upkeep]\n|upkeep\n|turn|3\n|inactive|Sazandoramx has 30 seconds left.\n|inactive|Sazandoramx has 20 seconds left.\n|inactive|Sazandoramx has 15 seconds left.\n|inactive|Sazandoramx has 10 seconds left.\n|inactive|Sazandoramx has 5 seconds left.\n|\n|t:|1729469724\n|move|p1a: Murkrow|Tailwind|p1a: Murkrow\n|-sidestart|p1: Sazandoramx|move: Tailwind\n|move|p2a: Sneasler|Dire Claw|p1b: Delphox\n|-damage|p1b: Delphox|24\/100\n|-status|p1b: Delphox|par\n|move|p1b: Delphox|Expanding Force|p2b: Pelipper|[spread] p2a,p2b\n|-supereffective|p2a: Sneasler\n|-damage|p2a: Sneasler|0 fnt\n|-enditem|p2b: Pelipper|Focus Sash\n|-damage|p2b: Pelipper|1\/100\n|faint|p2a: Sneasler\n|-damage|p1b: Delphox|14\/100 par|[from] item: Life Orb\n|move|p2b: Pelipper|Weather Ball|p1a: Murkrow\n|-damage|p1a: Murkrow|0 fnt\n|faint|p1a: Murkrow\n|\n|-weather|RainDance|[upkeep]\n|upkeep\n|\n|t:|1729469747\n|switch|p2a: Archaludon|Archaludon, L50, M|100\/100\n|switch|p1a: Indeedee|Indeedee, L50, M|100\/100\n|turn|4\n|\n|t:|1729469757\n|move|p2b: Pelipper|Wide Guard|p2b: Pelipper\n|-singleturn|p2b: Pelipper|Wide Guard\n|move|p1a: Indeedee|Tera Blast|p2b: Pelipper\n|-damage|p2b: Pelipper|0 fnt\n|faint|p2b: Pelipper\n|cant|p1b: Delphox|par\n|move|p2a: Archaludon|Electro Shot||[still]\n|-prepare|p2a: Archaludon|Electro Shot\n|-boost|p2a: Archaludon|spa|1\n|-anim|p2a: Archaludon|Electro Shot|p1a: Indeedee\n|-damage|p1a: Indeedee|15\/100\n|\n|-weather|RainDance|[upkeep]\n|upkeep\n|turn|5\n|j| SnarkyShane\n|\n|t:|1729469779\n|move|p1a: Indeedee|Expanding Force|p2a: Archaludon\n|-resisted|p2a: Archaludon\n|-damage|p2a: Archaludon|79\/100\n|-ability|p2a: Archaludon|Stamina|boost\n|-boost|p2a: Archaludon|def|1\n|move|p1b: Delphox|Flamethrower|p2a: Archaludon\n|-damage|p2a: Archaludon|40\/100\n|-ability|p2a: Archaludon|Stamina|boost\n|-boost|p2a: Archaludon|def|1\n|-damage|p1b: Delphox|4\/100 par|[from] item: Life Orb\n|move|p2a: Archaludon|Electro Shot||[still]\n|-prepare|p2a: Archaludon|Electro Shot\n|-boost|p2a: Archaludon|spa|1\n|-anim|p2a: Archaludon|Electro Shot|p1a: Indeedee\n|-damage|p1a: Indeedee|0 fnt\n|faint|p1a: Indeedee\n|\n|-weather|RainDance|[upkeep]\n|-fieldend|move: Psychic Terrain\n|upkeep\n|\n|t:|1729469798\n|switch|p1a: Sneasler|Sneasler, L50, M, shiny|100\/100\n|turn|6\n|-message|Kwiper forfeited.\n|\n|win|Sazandoramx\n|raw|Sazandoramx's rating: 1670 &rarr; <strong>1692<\/strong><br \/>(+22 for winning)\n|raw|Kwiper's rating: 1697 &rarr; <strong>1675<\/strong><br \/>(-22 for losing)\n|l|\u2606Kwiper\n|player|p2|\n|l|\u2606Sazandoramx\n|player|p1|\n|l| SnarkyShane\n","uploadtime":1729470064,"views":9,"formatid":"gen9vgc2024regh","rating":1675,"private":0,"password":null}