{"id":"gen9vgc2024regh-2227658718","format":"[Gen 9] VGC 2024 Reg H","players":["boredomisabitch","sailyors"],"log":"|j|\u2606boredomisabitch\n|j|\u2606sailyors\n|t:|1729518501\n|gametype|doubles\n|player|p1|boredomisabitch|olympia|1728\n|player|p2|sailyors|iris-gen5bw2|1764\n|teamsize|p1|6\n|teamsize|p2|6\n|gen|9\n|tier|[Gen 9] VGC 2024 Reg H\n|rated|\n|rule|Species Clause: Limit one of each Pok\u00e9mon\n|rule|Item Clause: Limit 1 of each item\n|clearpoke\n|poke|p1|Indeedee-F, L50, F|\n|poke|p1|Hatterene, L50, F|\n|poke|p1|Gallade, L50, M|\n|poke|p1|Ursaluna, L50, F|\n|poke|p1|Torkoal, L50, F|\n|poke|p1|Maushold, L50|\n|poke|p2|Ninetales-Alola, L50, F|\n|poke|p2|Maushold, L50|\n|poke|p2|Sinistcha, L50|\n|poke|p2|Annihilape, L50, F|\n|poke|p2|Incineroar, L50, M|\n|poke|p2|Dragonite, L50, M|\n|teampreview|4\n|inactive|Battle timer is ON: inactive players will automatically lose when time's up. (requested by boredomisabitch)\n|inactive|sailyors also wants the timer to be on.\n|c|\u2606boredomisabitch|did we have that 1 turn battle a bit ago\n|c|\u2606sailyors|no idea\n|inactive|sailyors has 60 seconds left.\n|c|\u2606boredomisabitch|glhf anyway\n|c|\u2606sailyors|glhf\n|c|\u2606boredomisabitch|oh yea it was the ape crit one\n|\n|t:|1729518551\n|start\n|switch|p1a: Indeedee|Indeedee-F, L50, F|100\/100\n|switch|p1b: Hatterene|Hatterene, L50, F|100\/100\n|switch|p2a: Incineroar|Incineroar, L50, M|100\/100\n|switch|p2b: Dragonite|Dragonite, L50, M|100\/100\n|-fieldstart|move: Psychic Terrain|[from] ability: Psychic Surge|[of] p1a: Indeedee\n|-ability|p2a: Incineroar|Intimidate|boost\n|-unboost|p1a: Indeedee|atk|1\n|-unboost|p1b: Hatterene|atk|1\n|turn|1\n|c|\u2606sailyors|i know remember this\n|c|\u2606sailyors|er now\n|\n|t:|1729518566\n|move|p2b: Dragonite|Scale Shot|p1a: Indeedee\n|-damage|p1a: Indeedee|86\/100\n|-damage|p1a: Indeedee|72\/100\n|-damage|p1a: Indeedee|58\/100\n|-damage|p1a: Indeedee|45\/100\n|-hitcount|p1a: Indeedee|4\n|-unboost|p2b: Dragonite|def|1\n|-boost|p2b: Dragonite|spe|1\n|move|p2a: Incineroar|Snarl|p1b: Hatterene|[spread] p1a,p1b\n|-supereffective|p1a: Indeedee\n|-damage|p1a: Indeedee|23\/100\n|-damage|p1b: Hatterene|89\/100\n|-unboost|p1a: Indeedee|spa|1\n|-unboost|p1b: Hatterene|spa|1\n|move|p1b: Hatterene|Dazzling Gleam|p2a: Incineroar|[spread] p2a,p2b\n|-supereffective|p2b: Dragonite\n|-damage|p2a: Incineroar|85\/100\n|-damage|p2b: Dragonite|69\/100\n|-damage|p1b: Hatterene|79\/100|[from] item: Life Orb\n|move|p1a: Indeedee|Trick Room|p1a: Indeedee\n|-fieldstart|move: Trick Room|[of] p1a: Indeedee\n|\n|upkeep\n|turn|2\n|\n|t:|1729518585\n|switch|p1a: Gallade|Gallade, L50, M|100\/100\n|move|p2b: Dragonite|Protect|p2b: Dragonite\n|-singleturn|p2b: Dragonite|Protect\n|move|p1b: Hatterene|Dazzling Gleam|p2a: Incineroar|[spread] p2a\n|-activate|p2b: Dragonite|move: Protect\n|-damage|p2a: Incineroar|70\/100\n|-damage|p1b: Hatterene|70\/100|[from] item: Life Orb\n|move|p2a: Incineroar|Snarl|p1b: Hatterene|[spread] p1a,p1b\n|-damage|p1a: Gallade|90\/100\n|-damage|p1b: Hatterene|58\/100\n|-unboost|p1b: Hatterene|spa|1\n|\n|upkeep\n|turn|3\n|j| hastein\n|\n|t:|1729518604\n|switch|p1b: Torkoal|Torkoal, L50, F|100\/100\n|-weather|SunnyDay|[from] ability: Drought|[of] p1b: Torkoal\n|move|p1a: Gallade|Psycho Cut|p2b: Dragonite\n|-damage|p2b: Dragonite|0 fnt\n|faint|p2b: Dragonite\n|move|p2a: Incineroar|Flare Blitz|p1a: Gallade\n|-damage|p1a: Gallade|0 fnt\n|faint|p1a: Gallade\n|-damage|p2a: Incineroar|45\/100|[from] Recoil\n|\n|-weather|SunnyDay|[upkeep]\n|upkeep\n|\n|t:|1729518613\n|switch|p1a: Hatterene|Hatterene, L50, F|58\/100\n|switch|p2b: Ninetales|Ninetales-Alola, L50, F|100\/100\n|-weather|Snow|[from] ability: Snow Warning|[of] p2b: Ninetales\n|turn|4\n|\n|t:|1729518621\n|-terastallize|p1b: Torkoal|Fire\n|move|p2b: Ninetales|Protect|p2b: Ninetales\n|-singleturn|p2b: Ninetales|Protect\n|move|p1b: Torkoal|Eruption|p2b: Ninetales|[spread] p2a\n|-activate|p2b: Ninetales|move: Protect\n|-resisted|p2a: Incineroar\n|-damage|p2a: Incineroar|21\/100\n|move|p1a: Hatterene|Dazzling Gleam|p2b: Ninetales|[spread] p2a\n|-activate|p2b: Ninetales|move: Protect\n|-damage|p2a: Incineroar|0 fnt\n|faint|p2a: Incineroar\n|-damage|p1a: Hatterene|49\/100|[from] item: Life Orb\n|\n|-weather|Snow|[upkeep]\n|upkeep\n|\n|t:|1729518632\n|switch|p2a: Sinistcha|Sinistcha, L50|100\/100\n|turn|5\n|\n|t:|1729518641\n|switch|p1a: Indeedee|Indeedee-F, L50, F|23\/100\n|-terastallize|p2a: Sinistcha|Fire\n|move|p2b: Ninetales|Protect|p2b: Ninetales\n|-singleturn|p2b: Ninetales|Protect\n|move|p1b: Torkoal|Eruption|p2b: Ninetales|[spread] p2a\n|-activate|p2b: Ninetales|move: Protect\n|-resisted|p2a: Sinistcha\n|-damage|p2a: Sinistcha|50\/100\n|move|p2a: Sinistcha|Matcha Gotcha|p1a: Indeedee|[spread] p1b\n|-miss|p2a: Sinistcha|p1a: Indeedee\n|-resisted|p1b: Torkoal\n|-damage|p1b: Torkoal|84\/100\n|-heal|p2a: Sinistcha|59\/100|[from] drain|[of] p1b: Torkoal\n|\n|-weather|Snow|[upkeep]\n|-fieldend|move: Trick Room\n|-fieldend|move: Psychic Terrain\n|upkeep\n|turn|6\n|\n|t:|1729518652\n|move|p1a: Indeedee|Follow Me|p1a: Indeedee\n|-singleturn|p1a: Indeedee|move: Follow Me\n|move|p2b: Ninetales|Blizzard|p1b: Torkoal|[spread] p1a,p1b\n|-resisted|p1b: Torkoal\n|-crit|p1b: Torkoal\n|-damage|p1a: Indeedee|0 fnt\n|-damage|p1b: Torkoal|50\/100\n|faint|p1a: Indeedee\n|move|p2a: Sinistcha|Matcha Gotcha|p1b: Torkoal|[miss]\n|-miss|p2a: Sinistcha|p1b: Torkoal\n|move|p1b: Torkoal|Eruption|p2a: Sinistcha|[spread] p2a,p2b\n|-resisted|p2a: Sinistcha\n|-supereffective|p2b: Ninetales\n|-damage|p2a: Sinistcha|34\/100\n|-damage|p2b: Ninetales|0 fnt\n|faint|p2b: Ninetales\n|\n|-weather|Snow|[upkeep]\n|upkeep\n|\n|t:|1729518657\n|switch|p1a: Hatterene|Hatterene, L50, F|49\/100\n|turn|7\n|\n|t:|1729518667\n|move|p2a: Sinistcha|Matcha Gotcha|p1b: Torkoal|[spread] p1a,p1b\n|-resisted|p1b: Torkoal\n|-damage|p1a: Hatterene|23\/100\n|-heal|p2a: Sinistcha|46\/100|[from] drain|[of] p1a: Hatterene\n|-damage|p1b: Torkoal|34\/100\n|-heal|p2a: Sinistcha|54\/100|[from] drain|[of] p1b: Torkoal\n|-status|p1a: Hatterene|brn\n|move|p1b: Torkoal|Eruption|p2a: Sinistcha\n|-resisted|p2a: Sinistcha\n|-damage|p2a: Sinistcha|30\/100\n|move|p1a: Hatterene|Trick Room|p1a: Hatterene\n|-fieldstart|move: Trick Room|[of] p1a: Hatterene\n|\n|-weather|Snow|[upkeep]\n|-damage|p1a: Hatterene|17\/100 brn|[from] brn\n|upkeep\n|turn|8\n|\n|t:|1729518678\n|move|p1b: Torkoal|Eruption|p2a: Sinistcha\n|-resisted|p2a: Sinistcha\n|-damage|p2a: Sinistcha|7\/100\n|move|p1a: Hatterene|Expanding Force|p2a: Sinistcha\n|-damage|p2a: Sinistcha|0 fnt\n|faint|p2a: Sinistcha\n|-damage|p1a: Hatterene|7\/100 brn|[from] item: Life Orb\n|\n|win|boredomisabitch\n|raw|boredomisabitch's rating: 1728 &rarr; <strong>1750<\/strong><br \/>(+22 for winning)\n|raw|sailyors's rating: 1764 &rarr; <strong>1742<\/strong><br \/>(-22 for losing)\n|c|\u2606sailyors|gg\n|c|\u2606boredomisabitch|gg\n|l|\u2606sailyors\n|player|p2|\n|l|\u2606boredomisabitch\n|player|p1|\n|l| hastein\n","uploadtime":1729518928,"views":38,"formatid":"gen9vgc2024regh","rating":1742,"private":0,"password":null}