{"id":"gen9vgc2024regh-2227258259","format":"[Gen 9] VGC 2024 Reg H","players":["aayushjay","juacox300"],"log":"|j|\u2606aayushjay\n|j|\u2606juacox300\n|t:|1729463029\n|gametype|doubles\n|player|p1|aayushjay|steven|1731\n|player|p2|juacox300|unknown|1747\n|teamsize|p1|6\n|teamsize|p2|6\n|gen|9\n|tier|[Gen 9] VGC 2024 Reg H\n|rated|\n|rule|Species Clause: Limit one of each Pok\u00e9mon\n|rule|Item Clause: Limit 1 of each item\n|clearpoke\n|poke|p1|Tyranitar, L50, M|\n|poke|p1|Metagross, L50|\n|poke|p1|Bronzong, L50|\n|poke|p1|Excadrill, L50, F|\n|poke|p1|Primarina, L50, M|\n|poke|p1|Magmar, L50, F|\n|poke|p2|Ursaluna, L50, M|\n|poke|p2|Murkrow, L50, M|\n|poke|p2|Archaludon, L50, M|\n|poke|p2|Sneasler, L50, M|\n|poke|p2|Indeedee, L50, M|\n|poke|p2|Incineroar, L50, M|\n|teampreview|4\n|inactive|Battle timer is ON: inactive players will automatically lose when time's up. (requested by aayushjay)\n|\n|t:|1729463059\n|start\n|switch|p1a: Bronzong|Bronzong, L50|100\/100\n|switch|p1b: Tyranitar|Tyranitar, L50, M|100\/100\n|switch|p2a: Ursaluna|Ursaluna, L50, M|100\/100\n|switch|p2b: Murkrow|Murkrow, L50, M|100\/100\n|-weather|Sandstorm|[from] ability: Sand Stream|[of] p1b: Tyranitar\n|turn|1\n|\n|t:|1729463080\n|move|p2b: Murkrow|Rain Dance|p2b: Murkrow\n|-weather|RainDance\n|move|p2a: Ursaluna|Earthquake|p1b: Tyranitar|[spread] p1b\n|-immune|p2b: Murkrow\n|-immune|p1a: Bronzong|[from] ability: Levitate\n|-supereffective|p1b: Tyranitar\n|-damage|p1b: Tyranitar|28\/100\n|move|p1b: Tyranitar|Rock Slide|p2a: Ursaluna|[spread] p2a,p2b\n|-resisted|p2a: Ursaluna\n|-supereffective|p2b: Murkrow\n|-damage|p2a: Ursaluna|87\/100\n|-damage|p2b: Murkrow|16\/100\n|move|p1a: Bronzong|Trick Room|p1a: Bronzong\n|-fieldstart|move: Trick Room|[of] p1a: Bronzong\n|\n|-weather|RainDance|[upkeep]\n|-status|p2a: Ursaluna|brn|[from] item: Flame Orb\n|upkeep\n|turn|2\n|\n|t:|1729463101\n|switch|p2b: Archaludon|Archaludon, L50, M, shiny|100\/100\n|-terastallize|p2a: Ursaluna|Ghost\n|move|p1a: Bronzong|Iron Defense|p1a: Bronzong\n|-boost|p1a: Bronzong|def|2\n|move|p1b: Tyranitar|Rock Slide|p2b: Archaludon|[spread] p2b\n|-miss|p1b: Tyranitar|p2a: Ursaluna\n|-resisted|p2b: Archaludon\n|-damage|p2b: Archaludon|88\/100\n|-ability|p2b: Archaludon|Stamina|boost\n|-boost|p2b: Archaludon|def|1\n|move|p2a: Ursaluna|Play Rough|p1b: Tyranitar|[miss]\n|-miss|p2a: Ursaluna|p1b: Tyranitar\n|\n|-weather|RainDance|[upkeep]\n|-damage|p2a: Ursaluna|81\/100 brn|[from] brn\n|upkeep\n|turn|3\n|j| mr pogostick\n|\n|t:|1729463120\n|switch|p1b: Primarina|Primarina, L50, M|100\/100\n|move|p2a: Ursaluna|Protect|p2a: Ursaluna\n|-singleturn|p2a: Ursaluna|Protect\n|move|p1a: Bronzong|Body Press|p2b: Archaludon\n|-supereffective|p2b: Archaludon\n|-damage|p2b: Archaludon|35\/100\n|-ability|p2b: Archaludon|Stamina|boost\n|-boost|p2b: Archaludon|def|1\n|move|p2b: Archaludon|Electro Shot||[still]\n|-prepare|p2b: Archaludon|Electro Shot\n|-boost|p2b: Archaludon|spa|1\n|-anim|p2b: Archaludon|Electro Shot|p1b: Primarina\n|-supereffective|p1b: Primarina\n|-damage|p1b: Primarina|0 fnt\n|faint|p1b: Primarina\n|\n|-weather|RainDance|[upkeep]\n|-damage|p2a: Ursaluna|76\/100 brn|[from] brn\n|upkeep\n|\n|t:|1729463129\n|switch|p1b: Tyranitar|Tyranitar, L50, M|28\/100\n|-weather|Sandstorm|[from] ability: Sand Stream|[of] p1b: Tyranitar\n|turn|4\n|\n|t:|1729463138\n|move|p2b: Archaludon|Protect|p2b: Archaludon\n|-singleturn|p2b: Archaludon|Protect\n|move|p1a: Bronzong|Body Press|p2b: Archaludon\n|-activate|p2b: Archaludon|move: Protect\n|move|p1b: Tyranitar|Knock Off|p2a: Ursaluna\n|-supereffective|p2a: Ursaluna\n|-damage|p2a: Ursaluna|0 fnt\n|-enditem|p2a: Ursaluna|Flame Orb|[from] move: Knock Off|[of] p1b: Tyranitar\n|faint|p2a: Ursaluna\n|\n|-weather|Sandstorm|[upkeep]\n|upkeep\n|\n|t:|1729463148\n|switch|p2a: Nightwing|Sneasler, L50, M|100\/100\n|turn|5\n|\n|t:|1729463159\n|switch|p2b: Murkrow|Murkrow, L50, M|16\/100\n|move|p1a: Bronzong|Body Press|p2b: Murkrow\n|-damage|p2b: Murkrow|0 fnt\n|faint|p2b: Murkrow\n|move|p1b: Tyranitar|High Horsepower|p2a: Nightwing\n|-supereffective|p2a: Nightwing\n|-damage|p2a: Nightwing|0 fnt\n|faint|p2a: Nightwing\n|\n|-weather|Sandstorm|[upkeep]\n|-fieldend|move: Trick Room\n|upkeep\n|-message|juacox300 forfeited.\n|\n|win|aayushjay\n|raw|aayushjay's rating: 1731 &rarr; <strong>1752<\/strong><br \/>(+21 for winning)\n|raw|juacox300's rating: 1747 &rarr; <strong>1726<\/strong><br \/>(-21 for losing)\n|l|\u2606juacox300\n|player|p2|\n|l|\u2606aayushjay\n|player|p1|\n|l| mr pogostick\n","uploadtime":1729463414,"views":13,"formatid":"gen9vgc2024regh","rating":1726,"private":0,"password":null}