{"id":"gen9vgc2024regh-2227273372","format":"[Gen 9] VGC 2024 Reg H","players":["Valquesse","DarthGlacies"],"log":"|j|\u2606Valquesse\n|j|\u2606DarthGlacies\n|t:|1729464787\n|gametype|doubles\n|player|p1|Valquesse|biker-gen4|1704\n|player|p2|DarthGlacies|blue-masters2|1731\n|teamsize|p1|6\n|teamsize|p2|6\n|gen|9\n|tier|[Gen 9] VGC 2024 Reg H\n|rated|\n|rule|Species Clause: Limit one of each Pok\u00e9mon\n|rule|Item Clause: Limit 1 of each item\n|clearpoke\n|poke|p1|Archaludon, L50, F|\n|poke|p1|Pelipper, L50, F|\n|poke|p1|Annihilape, L50, M|\n|poke|p1|Maushold-Four, L50|\n|poke|p1|Basculegion, L50, M|\n|poke|p1|Grimmsnarl, L50, M|\n|poke|p2|Ursaluna-Bloodmoon, L50, M|\n|poke|p2|Talonflame, L50, F|\n|poke|p2|Sneasler, L50, M|\n|poke|p2|Farigiraf, L50, M|\n|poke|p2|Dondozo, L50, M|\n|poke|p2|Tatsugiri, L50, M|\n|teampreview|4\n|inactive|Battle timer is ON: inactive players will automatically lose when time's up. (requested by Valquesse)\n|inactive|DarthGlacies also wants the timer to be on.\n|\n|t:|1729464810\n|start\n|switch|p1a: Basculegion|Basculegion, L50, M|100\/100\n|switch|p1b: Pelipper|Pelipper, L50, F|100\/100\n|switch|p2a: Talonflame|Talonflame, L50, F|100\/100\n|switch|p2b: Sneasler|Sneasler, L50, M|100\/100\n|-weather|RainDance|[from] ability: Drizzle|[of] p1b: Pelipper\n|turn|1\n|\n|t:|1729464824\n|move|p2b: Sneasler|Fake Out|p1b: Pelipper\n|-damage|p1b: Pelipper|79\/100\n|move|p1a: Basculegion|Aqua Jet|p2a: Talonflame\n|-supereffective|p2a: Talonflame\n|-damage|p2a: Talonflame|0 fnt\n|faint|p2a: Talonflame\n|cant|p1b: Pelipper|flinch\n|\n|-weather|RainDance|[upkeep]\n|upkeep\n|\n|t:|1729464834\n|switch|p2a: Dondozo|Dondozo, L50, M|100\/100\n|turn|2\n|\n|t:|1729464840\n|switch|p1a: Maushold|Maushold-Four, L50|100\/100\n|switch|p2b: Tatsugiri|Tatsugiri, L50, M|100\/100\n|-activate|p2b: Tatsugiri|ability: Commander|[of] p2a: Dondozo\n|-boost|p2a: Dondozo|atk|2\n|-boost|p2a: Dondozo|spa|2\n|-boost|p2a: Dondozo|spe|2\n|-boost|p2a: Dondozo|def|2\n|-boost|p2a: Dondozo|spd|2\n|move|p2a: Dondozo|Order Up|p1b: Pelipper\n|-damage|p1b: Pelipper|37\/100\n|-boost|p2a: Dondozo|atk|1\n|move|p1b: Pelipper|Tailwind|p1b: Pelipper\n|-sidestart|p1: Valquesse|move: Tailwind\n|\n|-weather|RainDance|[upkeep]\n|upkeep\n|turn|3\n|\n|t:|1729464857\n|move|p1a: Maushold|Taunt|p2a: Dondozo\n|-start|p2a: Dondozo|move: Taunt\n|move|p1b: Pelipper|Hurricane|p2a: Dondozo\n|-damage|p2a: Dondozo|77\/100\n|move|p2a: Dondozo|Order Up|p1b: Pelipper\n|-crit|p1b: Pelipper\n|-damage|p1b: Pelipper|0 fnt\n|faint|p1b: Pelipper\n|-boost|p2a: Dondozo|atk|1\n|\n|-weather|RainDance|[upkeep]\n|-heal|p2a: Dondozo|83\/100|[from] item: Leftovers\n|upkeep\n|\n|t:|1729464864\n|switch|p1b: Archaludon|Archaludon, L50, F|100\/100\n|turn|4\n|\n|t:|1729464876\n|-terastallize|p2a: Dondozo|Steel\n|move|p1a: Maushold|Beat Up|p1b: Archaludon\n|-damage|p1b: Archaludon|99\/100\n|-ability|p1b: Archaludon|Stamina|boost\n|-boost|p1b: Archaludon|def|1\n|-damage|p1b: Archaludon|98\/100\n|-ability|p1b: Archaludon|Stamina|boost\n|-boost|p1b: Archaludon|def|1\n|-damage|p1b: Archaludon|98\/100\n|-ability|p1b: Archaludon|Stamina|boost\n|-boost|p1b: Archaludon|def|1\n|-hitcount|p1b: Archaludon|3\n|move|p1b: Archaludon|Electro Shot||[still]\n|-prepare|p1b: Archaludon|Electro Shot\n|-boost|p1b: Archaludon|spa|1\n|-anim|p1b: Archaludon|Electro Shot|p2a: Dondozo\n|-damage|p2a: Dondozo|64\/100\n|move|p2a: Dondozo|Wave Crash|p1a: Maushold\n|-damage|p1a: Maushold|0 fnt\n|faint|p1a: Maushold\n|-damage|p2a: Dondozo|38\/100|[from] Recoil\n|\n|-weather|RainDance|[upkeep]\n|-heal|p2a: Dondozo|44\/100|[from] item: Leftovers\n|upkeep\n|\n|t:|1729464881\n|switch|p1a: Basculegion|Basculegion, L50, M|100\/100\n|turn|5\n|\n|t:|1729464904\n|move|p1a: Basculegion|Last Respects|p2a: Dondozo\n|-crit|p2a: Dondozo\n|-damage|p2a: Dondozo|0 fnt\n|faint|p2a: Dondozo\n|move|p1b: Archaludon|Electro Shot||[still]\n|-prepare|p1b: Archaludon|Electro Shot\n|-boost|p1b: Archaludon|spa|1\n|-anim|p1b: Archaludon|Electro Shot|p2b: Tatsugiri\n|-damage|p2b: Tatsugiri|0 fnt\n|faint|p2b: Tatsugiri\n|\n|-weather|none\n|-sideend|p1: Valquesse|move: Tailwind\n|upkeep\n|c|\u2606DarthGlacies|that def mattered\n|-message|DarthGlacies forfeited.\n|\n|win|Valquesse\n|raw|Valquesse's rating: 1704 &rarr; <strong>1726<\/strong><br \/>(+22 for winning)\n|raw|DarthGlacies's rating: 1731 &rarr; <strong>1709<\/strong><br \/>(-22 for losing)\n|l|\u2606DarthGlacies\n|player|p2|\n|l|\u2606Valquesse\n|player|p1|\n","uploadtime":1729465076,"views":12,"formatid":"gen9vgc2024regh","rating":1709,"private":0,"password":null}