{"id":"gen9vgc2024regh-2227685343","format":"[Gen 9] VGC 2024 Reg H","players":["Angelo Neres","SamP_64"],"log":"|j|\u2606Angelo Neres\n|j|\u2606SamP_64\n|t:|1729520961\n|gametype|doubles\n|player|p1|Angelo Neres|1|1705\n|player|p2|SamP_64|2|1647\n|teamsize|p1|6\n|teamsize|p2|6\n|gen|9\n|tier|[Gen 9] VGC 2024 Reg H\n|rated|\n|rule|Species Clause: Limit one of each Pok\u00e9mon\n|rule|Item Clause: Limit 1 of each item\n|clearpoke\n|poke|p1|Garganacl, L50, F|\n|poke|p1|Mimikyu, L50, M|\n|poke|p1|Meowscarada, L50, M|\n|poke|p1|Glimmora, L50, F|\n|poke|p1|Corviknight, L50, M|\n|poke|p1|Magmar, L50, F|\n|poke|p2|Pelipper, L50, M|\n|poke|p2|Archaludon, L50, F|\n|poke|p2|Basculegion, L50, M|\n|poke|p2|Incineroar, L50, M|\n|poke|p2|Amoonguss, L50, F|\n|poke|p2|Maushold-Four, L50|\n|teampreview|4\n|inactive|Battle timer is ON: inactive players will automatically lose when time's up. (requested by Angelo Neres)\n|j| Aaron Mobile\n|\n|t:|1729520993\n|start\n|switch|p1a: Meowscarada|Meowscarada, L50, M|100\/100\n|switch|p1b: Mimikyu|Mimikyu, L50, M, shiny|100\/100\n|switch|p2a: Pelipper|Pelipper, L50, M|100\/100\n|switch|p2b: Basculegion|Basculegion, L50, M|100\/100\n|-weather|RainDance|[from] ability: Drizzle|[of] p2a: Pelipper\n|turn|1\n|inactive|SamP_64 has 30 seconds left.\n|inactive|SamP_64 has 20 seconds left.\n|\n|t:|1729521031\n|-terastallize|p2b: Basculegion|Water\n|move|p2b: Basculegion|Wave Crash|p1a: Meowscarada\n|-resisted|p1a: Meowscarada\n|-damage|p1a: Meowscarada|0 fnt\n|faint|p1a: Meowscarada\n|-damage|p2b: Basculegion|75\/100|[from] Recoil\n|move|p1b: Mimikyu|Taunt|p2a: Pelipper\n|-start|p2a: Pelipper|move: Taunt\n|cant|p2a: Pelipper|move: Taunt|Tailwind\n|\n|-weather|RainDance|[upkeep]\n|upkeep\n|\n|t:|1729521046\n|switch|p1a: Garganacl|Garganacl, L50, F, shiny|100\/100\n|turn|2\n|inactive|SamP_64 has 30 seconds left.\n|\n|t:|1729521073\n|move|p1a: Garganacl|Protect|p1a: Garganacl\n|-singleturn|p1a: Garganacl|Protect\n|move|p2b: Basculegion|Wave Crash|p1a: Garganacl\n|-activate|p1a: Garganacl|move: Protect\n|move|p1b: Mimikyu|Phantom Force||[still]\n|-prepare|p1b: Mimikyu|Phantom Force\n|move|p2a: Pelipper|Hurricane|p1a: Garganacl\n|-activate|p1a: Garganacl|move: Protect\n|\n|-weather|RainDance|[upkeep]\n|upkeep\n|turn|3\n|inactive|Angelo Neres has 30 seconds left.\n|\n|t:|1729521099\n|switch|p2b: Amoonguss|Amoonguss, L50, F|100\/100\n|switch|p1a: Corviknight|Corviknight, L50, M, shiny|100\/100\n|move|p1b: Mimikyu|Phantom Force|p2a: Pelipper|[from]lockedmove\n|-damage|p2a: Pelipper|52\/100\n|move|p2a: Pelipper|Weather Ball|p1a: Corviknight\n|-damage|p1a: Corviknight|45\/100\n|\n|-weather|RainDance|[upkeep]\n|-end|p2a: Pelipper|move: Taunt\n|upkeep\n|turn|4\n|inactive|Angelo Neres has 30 seconds left.\n|inactive|Angelo Neres has 20 seconds left.\n|\n|t:|1729521135\n|-terastallize|p1a: Corviknight|Dragon\n|move|p1b: Mimikyu|Taunt|p2b: Amoonguss\n|-start|p2b: Amoonguss|move: Taunt\n|move|p2a: Pelipper|Weather Ball|p1a: Corviknight\n|-resisted|p1a: Corviknight\n|-damage|p1a: Corviknight|16\/100\n|-enditem|p1a: Corviknight|Figy Berry|[eat]\n|-heal|p1a: Corviknight|49\/100|[from] item: Figy Berry\n|move|p1a: Corviknight|Iron Defense|p1a: Corviknight\n|-boost|p1a: Corviknight|def|2\n|move|p2b: Amoonguss|Pollen Puff|p2a: Pelipper\n|-heal|p2a: Pelipper|100\/100\n|\n|-weather|RainDance|[upkeep]\n|upkeep\n|turn|5\n|inactive|Angelo Neres has 30 seconds left.\n|\n|t:|1729521164\n|move|p1b: Mimikyu|Phantom Force||[still]\n|-prepare|p1b: Mimikyu|Phantom Force\n|move|p2a: Pelipper|Hurricane|p1a: Corviknight\n|-damage|p1a: Corviknight|8\/100\n|-start|p1a: Corviknight|confusion\n|-activate|p1a: Corviknight|confusion\n|move|p1a: Corviknight|Roost|p1a: Corviknight\n|-heal|p1a: Corviknight|59\/100\n|move|p2b: Amoonguss|Pollen Puff|p1b: Mimikyu|[miss]\n|-miss|p2b: Amoonguss|p1b: Mimikyu\n|\n|-weather|none\n|upkeep\n|turn|6\n|\n|t:|1729521184\n|switch|p2a: Archaludon|Archaludon, L50, F|100\/100\n|move|p1b: Mimikyu|Phantom Force|p2a: Archaludon|[from]lockedmove\n|-damage|p2a: Archaludon|75\/100\n|-ability|p2a: Archaludon|Stamina|boost\n|-boost|p2a: Archaludon|def|1\n|-activate|p1a: Corviknight|confusion\n|move|p1a: Corviknight|Brave Bird|p2a: Archaludon\n|-resisted|p2a: Archaludon\n|-damage|p2a: Archaludon|66\/100\n|-ability|p2a: Archaludon|Stamina|boost\n|-boost|p2a: Archaludon|def|1\n|-damage|p1a: Corviknight|56\/100|[from] Recoil\n|move|p2b: Amoonguss|Pollen Puff|p2a: Archaludon\n|-heal|p2a: Archaludon|100\/100\n|\n|-end|p2b: Amoonguss|move: Taunt\n|upkeep\n|turn|7\n|inactive|SamP_64 has 30 seconds left.\n|inactive|SamP_64 has 20 seconds left.\n|\n|t:|1729521222\n|move|p1b: Mimikyu|Curse|p2a: Archaludon\n|-start|p2a: Archaludon|Curse|[of] p1b: Mimikyu\n|-damage|p1b: Mimikyu|51\/100\n|move|p2a: Archaludon|Dragon Pulse|p1a: Corviknight\n|-supereffective|p1a: Corviknight\n|-damage|p1a: Corviknight|0 fnt\n|faint|p1a: Corviknight\n|move|p2b: Amoonguss|Pollen Puff|p1b: Mimikyu\n|-activate|p1b: Mimikyu|ability: Disguise\n|-damage|p1b: Mimikyu|51\/100\n|detailschange|p1b: Mimikyu|Mimikyu-Busted, L50, M, shiny\n|-damage|p1b: Mimikyu|39\/100|[from] pokemon: Mimikyu-Busted\n|\n|-damage|p2a: Archaludon|76\/100|[from] Curse\n|upkeep\n|\n|t:|1729521230\n|switch|p1a: Garganacl|Garganacl, L50, F, shiny|100\/100\n|turn|8\n|\n|t:|1729521247\n|move|p1b: Mimikyu|Phantom Force||[still]\n|-prepare|p1b: Mimikyu|Phantom Force\n|move|p2a: Archaludon|Flash Cannon|p1b: Mimikyu|[miss]\n|-miss|p2a: Archaludon|p1b: Mimikyu\n|move|p1a: Garganacl|Salt Cure|p2a: Archaludon\n|-resisted|p2a: Archaludon\n|-damage|p2a: Archaludon|73\/100\n|-start|p2a: Archaludon|Salt Cure\n|-ability|p2a: Archaludon|Stamina|boost\n|-boost|p2a: Archaludon|def|1\n|move|p2b: Amoonguss|Pollen Puff|p2a: Archaludon\n|-heal|p2a: Archaludon|100\/100\n|\n|-damage|p2a: Archaludon|76\/100|[from] Curse\n|-damage|p2a: Archaludon|51\/100|[from] Salt Cure\n|upkeep\n|turn|9\n|l| Aaron Mobile\n|\n|t:|1729521264\n|move|p1b: Mimikyu|Phantom Force|p2b: Amoonguss|[from]lockedmove\n|-damage|p2b: Amoonguss|68\/100\n|move|p2a: Archaludon|Flash Cannon|p1b: Mimikyu\n|-supereffective|p1b: Mimikyu\n|-damage|p1b: Mimikyu|0 fnt\n|faint|p1b: Mimikyu\n|move|p1a: Garganacl|Salt Cure|p2b: Amoonguss\n|-damage|p2b: Amoonguss|56\/100\n|-start|p2b: Amoonguss|Salt Cure\n|move|p2b: Amoonguss|Pollen Puff|p2a: Archaludon\n|-heal|p2a: Archaludon|100\/100\n|\n|-damage|p2a: Archaludon|76\/100|[from] Curse\n|-damage|p2a: Archaludon|51\/100|[from] Salt Cure\n|-damage|p2b: Amoonguss|43\/100|[from] Salt Cure\n|upkeep\n|-enditem|p2b: Amoonguss|Sitrus Berry|[eat]\n|-heal|p2b: Amoonguss|68\/100|[from] item: Sitrus Berry\n|turn|10\n|-message|Angelo Neres forfeited.\n|\n|win|SamP_64\n|raw|Angelo Neres's rating: 1705 &rarr; <strong>1682<\/strong><br \/>(-23 for losing)\n|raw|SamP_64's rating: 1647 &rarr; <strong>1670<\/strong><br \/>(+23 for winning)\n|l|\u2606Angelo Neres\n|player|p1|\n|l|\u2606SamP_64\n|player|p2|\n","uploadtime":1729521450,"views":18,"formatid":"gen9vgc2024regh","rating":1670,"private":0,"password":null}