{"id":"gen9vgc2024regh-2227756313","format":"[Gen 9] VGC 2024 Reg H","players":["kfjtdhynd","BigSalta"],"log":"|j|\u2606kfjtdhynd\n|j|\u2606BigSalta\n|t:|1729527079\n|gametype|doubles\n|player|p1|kfjtdhynd|169|1680\n|player|p2|BigSalta|cynthia|1705\n|teamsize|p1|6\n|teamsize|p2|6\n|gen|9\n|tier|[Gen 9] VGC 2024 Reg H\n|rated|\n|rule|Species Clause: Limit one of each Pok\u00e9mon\n|rule|Item Clause: Limit 1 of each item\n|clearpoke\n|poke|p1|Espathra, L50, F|\n|poke|p1|Archaludon, L50, F|\n|poke|p1|Porygon2, L50|\n|poke|p1|Incineroar, L50, M|\n|poke|p1|Ursaluna, L50, F|\n|poke|p1|Primarina, L50, M|\n|poke|p2|Porygon2, L50|\n|poke|p2|Sneasler, L50, M|\n|poke|p2|Gholdengo, L50|\n|poke|p2|Amoonguss, L50, M|\n|poke|p2|Garchomp, L50, F|\n|poke|p2|Incineroar, L50, M|\n|teampreview|4\nkfjtdhynd rejected open team sheets.\n|inactive|Battle timer is ON: inactive players will automatically lose when time's up. (requested by kfjtdhynd)\n|inactive|BigSalta has 60 seconds left.\n|\n|t:|1729527141\n|start\n|switch|p1a: Espathra|Espathra, L50, F|100\/100\n|switch|p1b: Archaludon|Archaludon, L50, F|100\/100\n|switch|p2a: Gholdengo|Gholdengo, L50|100\/100\n|switch|p2b: Incineroar|Incineroar, L50, M|100\/100\n|-ability|p2b: Incineroar|Intimidate|boost\n|-unboost|p1a: Espathra|atk|1\n|-unboost|p1b: Archaludon|atk|1\n|turn|1\n|\n|t:|1729527160\n|move|p1a: Espathra|Protect|p1a: Espathra\n|-singleturn|p1a: Espathra|Protect\n|move|p1b: Archaludon|Protect|p1b: Archaludon\n|-singleturn|p1b: Archaludon|Protect\n|move|p2b: Incineroar|Fake Out|p1b: Archaludon\n|-activate|p1b: Archaludon|move: Protect\n|move|p2a: Gholdengo|Nasty Plot|p2a: Gholdengo\n|-boost|p2a: Gholdengo|spa|2\n|\n|-ability|p1a: Espathra|Speed Boost|boost\n|-boost|p1a: Espathra|spe|1\n|upkeep\n|turn|2\n|\n|t:|1729527182\n|move|p1a: Espathra|Lumina Crash|p2a: Gholdengo\n|-resisted|p2a: Gholdengo\n|-damage|p2a: Gholdengo|82\/100\n|-unboost|p2a: Gholdengo|spd|2\n|move|p1b: Archaludon|Electro Shot||[still]\n|-prepare|p1b: Archaludon|Electro Shot\n|-boost|p1b: Archaludon|spa|1\n|-enditem|p1b: Archaludon|Power Herb\n|-anim|p1b: Archaludon|Electro Shot|p2a: Gholdengo\n|-damage|p2a: Gholdengo|0 fnt\n|faint|p2a: Gholdengo\n|move|p2b: Incineroar|Knock Off|p1b: Archaludon\n|-damage|p1b: Archaludon|75\/100\n|\n|-ability|p1a: Espathra|Speed Boost|boost\n|-boost|p1a: Espathra|spe|1\n|upkeep\n|j| Kpxbrothers\n|\n|t:|1729527200\n|switch|p2a: Porygon2|Porygon2, L50|100\/100\n|-ability|p2a: Porygon2|Download|boost\n|-boost|p2a: Porygon2|spa|1\n|turn|3\n|\n|t:|1729527217\n|move|p1a: Espathra|Lumina Crash|p2a: Porygon2\n|-damage|p2a: Porygon2|77\/100\n|-unboost|p2a: Porygon2|spd|2\n|move|p1b: Archaludon|Dragon Pulse|p2a: Porygon2\n|-damage|p2a: Porygon2|3\/100\n|move|p2b: Incineroar|Knock Off|p1a: Espathra\n|-supereffective|p1a: Espathra\n|-enditem|p1a: Espathra|Focus Sash\n|-damage|p1a: Espathra|1\/100\n|move|p2a: Porygon2|Trick Room|p2a: Porygon2\n|-fieldstart|move: Trick Room|[of] p2a: Porygon2\n|\n|-ability|p1a: Espathra|Speed Boost|boost\n|-boost|p1a: Espathra|spe|1\n|upkeep\n|turn|4\n|inactive|BigSalta has 30 seconds left.\n|\n|t:|1729527246\n|-terastallize|p2a: Porygon2|Ground\n|move|p2b: Incineroar|Knock Off|p1a: Espathra\n|-supereffective|p1a: Espathra\n|-damage|p1a: Espathra|0 fnt\n|faint|p1a: Espathra\n|move|p2a: Porygon2|Tera Blast|p1b: Archaludon|[anim] Tera Blast Ground\n|-supereffective|p1b: Archaludon\n|-damage|p1b: Archaludon|0 fnt\n|faint|p1b: Archaludon\n|\n|upkeep\n|\n|t:|1729527251\n|switch|p1b: Porygon2|Porygon2, L50|100\/100\n|switch|p1a: Incineroar|Incineroar, L50, M|100\/100\n|-ability|p1b: Porygon2|Download|boost\n|-boost|p1b: Porygon2|spa|1\n|-ability|p1a: Incineroar|Intimidate|boost\n|-unboost|p2a: Porygon2|atk|1\n|-unboost|p2b: Incineroar|atk|1\n|turn|5\n|\n|t:|1729527259\n|switch|p2a: Amoonguss|Amoonguss, L50, M|100\/100\n|move|p1a: Incineroar|Fake Out|p2a: Amoonguss\n|-crit|p2a: Amoonguss\n|-damage|p2a: Amoonguss|84\/100\n|move|p2b: Incineroar|Parting Shot|p1b: Porygon2\n|-unboost|p1b: Porygon2|atk|1\n|-unboost|p1b: Porygon2|spa|1\n|\n|t:|1729527266\n|switch|p2b: Porygon2|Porygon2, L50, tera:Ground|3\/100|[from] Parting Shot\n|-ability|p2b: Porygon2|Download|boost\n|-boost|p2b: Porygon2|spa|1\n|move|p1b: Porygon2|Tera Blast|p2b: Porygon2\n|-damage|p2b: Porygon2|0 fnt\n|faint|p2b: Porygon2\n|\n|upkeep\n|\n|t:|1729527268\n|switch|p2b: Incineroar|Incineroar, L50, M|100\/100\n|-ability|p2b: Incineroar|Intimidate|boost\n|-unboost|p1a: Incineroar|atk|1\n|-unboost|p1b: Porygon2|atk|1\n|turn|6\n|\n|t:|1729527285\n|-terastallize|p1b: Porygon2|Flying\n|move|p2a: Amoonguss|Spore|p1b: Porygon2\n|-status|p1b: Porygon2|slp|[from] move: Spore\n|move|p2b: Incineroar|Knock Off|p1a: Incineroar\n|-resisted|p1a: Incineroar\n|-damage|p1a: Incineroar|80\/100\n|-enditem|p1a: Incineroar|Safety Goggles|[from] move: Knock Off|[of] p2b: Incineroar\n|move|p1a: Incineroar|Flare Blitz|p2a: Amoonguss\n|-supereffective|p2a: Amoonguss\n|-damage|p2a: Amoonguss|23\/100\n|-enditem|p2a: Amoonguss|Sitrus Berry|[eat]\n|-heal|p2a: Amoonguss|48\/100|[from] item: Sitrus Berry\n|-damage|p1a: Incineroar|58\/100|[from] Recoil\n|cant|p1b: Porygon2|slp\n|\n|upkeep\n|turn|7\n|\n|t:|1729527297\n|move|p2a: Amoonguss|Spore|p1a: Incineroar\n|-status|p1a: Incineroar|slp|[from] move: Spore\n|move|p2b: Incineroar|Knock Off|p1b: Porygon2\n|-damage|p1b: Porygon2|74\/100 slp\n|-enditem|p1b: Porygon2|Eviolite|[from] move: Knock Off|[of] p2b: Incineroar\n|cant|p1a: Incineroar|slp\n|cant|p1b: Porygon2|slp\n|\n|-fieldend|move: Trick Room\n|upkeep\n|turn|8\n|\n|t:|1729527315\n|cant|p1a: Incineroar|slp\n|-curestatus|p1b: Porygon2|slp|[msg]\n|move|p1b: Porygon2|Tera Blast|p2a: Amoonguss|[anim] Tera Blast Flying\n|-supereffective|p2a: Amoonguss\n|-damage|p2a: Amoonguss|0 fnt\n|faint|p2a: Amoonguss\n|move|p2b: Incineroar|Flare Blitz|p1b: Porygon2\n|-damage|p1b: Porygon2|31\/100\n|-damage|p2b: Incineroar|87\/100|[from] Recoil\n|\n|upkeep\n|turn|9\n|\n|t:|1729527326\n|-curestatus|p1a: Incineroar|slp|[msg]\n|move|p1a: Incineroar|Knock Off|p2b: Incineroar\n|-resisted|p2b: Incineroar\n|-damage|p2b: Incineroar|72\/100\n|-enditem|p2b: Incineroar|Safety Goggles|[from] move: Knock Off|[of] p1a: Incineroar\n|move|p1b: Porygon2|Recover|p1b: Porygon2\n|-heal|p1b: Porygon2|81\/100\n|move|p2b: Incineroar|Flare Blitz|p1b: Porygon2\n|-damage|p1b: Porygon2|39\/100\n|-damage|p2b: Incineroar|59\/100|[from] Recoil\n|\n|upkeep\n|turn|10\n|-message|BigSalta forfeited.\n|\n|win|kfjtdhynd\n|raw|kfjtdhynd's rating: 1680 &rarr; <strong>1701<\/strong><br \/>(+21 for winning)\n|raw|BigSalta's rating: 1705 &rarr; <strong>1684<\/strong><br \/>(-21 for losing)\n|l|\u2606BigSalta\n|player|p2|\n|l|\u2606kfjtdhynd\n|player|p1|\n","uploadtime":1729527530,"views":8,"formatid":"gen9vgc2024regh","rating":1684,"private":0,"password":null}