{"id":"gen9vgc2024regh-2227648479","format":"[Gen 9] VGC 2024 Reg H","players":["sailyors","sibylla_system"],"log":"|j|\u2606sailyors\n|j|\u2606sibylla_system\n|t:|1729517498\n|gametype|doubles\n|player|p1|sailyors|iris-gen5bw2|1748\n|player|p2|sibylla_system|2|1680\n|teamsize|p1|6\n|teamsize|p2|6\n|gen|9\n|tier|[Gen 9] VGC 2024 Reg H\n|rated|\n|rule|Species Clause: Limit one of each Pok\u00e9mon\n|rule|Item Clause: Limit 1 of each item\n|clearpoke\n|poke|p1|Ninetales-Alola, L50, F|\n|poke|p1|Maushold, L50|\n|poke|p1|Sinistcha, L50|\n|poke|p1|Annihilape, L50, F|\n|poke|p1|Incineroar, L50, F|\n|poke|p1|Dragonite, L50, M|\n|poke|p2|Rillaboom, L50, M|\n|poke|p2|Sneasler, L50, M|\n|poke|p2|Dragonite, L50, F|\n|poke|p2|Kingambit, L50, M|\n|poke|p2|Primarina, L50, F|\n|poke|p2|Magmar, L50, M|\n|teampreview|4\n|inactive|Battle timer is ON: inactive players will automatically lose when time's up. (requested by sailyors)\n|\n|t:|1729517527\n|start\n|switch|p1a: Maushold|Maushold, L50|100\/100\n|switch|p1b: Annihilape|Annihilape, L50, F|100\/100\n|switch|p2a: Sneasler|Sneasler, L50, M|100\/100\n|switch|p2b: Kingambit|Kingambit, L50, M|100\/100\n|turn|1\n|\n|t:|1729517542\n|-terastallize|p2b: Kingambit|Dark\n|move|p1a: Maushold|Protect|p1a: Maushold\n|-singleturn|p1a: Maushold|Protect\n|move|p2a: Sneasler|Close Combat|p1a: Maushold\n|-activate|p1a: Maushold|move: Protect\n|move|p1b: Annihilape|Bulk Up|p1b: Annihilape\n|-boost|p1b: Annihilape|atk|1\n|-boost|p1b: Annihilape|def|1\n|move|p2b: Kingambit|Kowtow Cleave|p1a: Maushold\n|-activate|p1a: Maushold|move: Protect\n|\n|upkeep\n|turn|2\n|inactive|sailyors has 30 seconds left.\n|\n|t:|1729517569\n|switch|p1a: Ninetales|Ninetales-Alola, L50, F|100\/100\n|-weather|Snow|[from] ability: Snow Warning|[of] p1a: Ninetales\n|move|p2a: Sneasler|Coaching|p2b: Kingambit\n|-boost|p2b: Kingambit|atk|1\n|-boost|p2b: Kingambit|def|1\n|move|p1b: Annihilape|Bulk Up|p1b: Annihilape\n|-boost|p1b: Annihilape|atk|1\n|-boost|p1b: Annihilape|def|1\n|move|p2b: Kingambit|Kowtow Cleave|p1a: Ninetales\n|-resisted|p1a: Ninetales\n|-damage|p1a: Ninetales|59\/100\n|\n|-weather|Snow|[upkeep]\n|upkeep\n|turn|3\n|j| omgwhoisthat\n|\n|t:|1729517584\n|move|p1a: Ninetales|Protect|p1a: Ninetales\n|-singleturn|p1a: Ninetales|Protect\n|move|p2b: Kingambit|Protect|p2b: Kingambit\n|-singleturn|p2b: Kingambit|Protect\n|move|p2a: Sneasler|Coaching|p2b: Kingambit\n|-boost|p2b: Kingambit|atk|1\n|-boost|p2b: Kingambit|def|1\n|move|p1b: Annihilape|Bulk Up|p1b: Annihilape\n|-boost|p1b: Annihilape|atk|1\n|-boost|p1b: Annihilape|def|1\n|\n|-weather|Snow|[upkeep]\n|upkeep\n|turn|4\n|\n|t:|1729517600\n|move|p2a: Sneasler|Coaching|p2b: Kingambit\n|-boost|p2b: Kingambit|atk|1\n|-boost|p2b: Kingambit|def|1\n|move|p1a: Ninetales|Encore|p2b: Kingambit\n|-start|p2b: Kingambit|Encore\n|move|p1b: Annihilape|Drain Punch|p2b: Kingambit\n|-supereffective|p2b: Kingambit\n|-damage|p2b: Kingambit|44\/100\n|-enditem|p2b: Kingambit|Sitrus Berry|[eat]\n|-heal|p2b: Kingambit|69\/100|[from] item: Sitrus Berry\n|move|p2b: Kingambit|Protect||[still]\n|-fail|p2b: Kingambit\n|\n|-weather|Snow|[upkeep]\n|upkeep\n|turn|5\n|-message|sibylla_system forfeited.\n|\n|win|sailyors\n|raw|sailyors's rating: 1748 &rarr; <strong>1764<\/strong><br \/>(+16 for winning)\n|raw|sibylla_system's rating: 1680 &rarr; <strong>1664<\/strong><br \/>(-16 for losing)\n|l|\u2606sailyors\n|player|p1|\n|l| omgwhoisthat\n","uploadtime":1729517834,"views":8,"formatid":"gen9vgc2024regh","rating":1664,"private":0,"password":null}