{"id":"gen9vgc2024regh-2227641310","format":"[Gen 9] VGC 2024 Reg H","players":["TCM Zaukepoo","nwjns999"],"log":"|j|\u2606TCM Zaukepoo\n|j|\u2606nwjns999\n|t:|1729516780\n|gametype|doubles\n|player|p1|TCM Zaukepoo|1|1654\n|player|p2|nwjns999|backpackerf|1743\n|teamsize|p1|6\n|teamsize|p2|6\n|gen|9\n|tier|[Gen 9] VGC 2024 Reg H\n|rated|\n|rule|Species Clause: Limit one of each Pok\u00e9mon\n|rule|Item Clause: Limit 1 of each item\n|clearpoke\n|poke|p1|Smeargle, L50, F|\n|poke|p1|Glimmora, L50, F|\n|poke|p1|Magmar, L50, F|\n|poke|p1|Indeedee-F, L50, F|\n|poke|p1|Flamigo, L50, M|\n|poke|p1|Espathra, L50, M|\n|poke|p2|Dragonite, L50, F|\n|poke|p2|Incineroar, L50, F|\n|poke|p2|Gholdengo, L50|\n|poke|p2|Rillaboom, L50, M|\n|poke|p2|Sneasler, L50, F|\n|poke|p2|Ursaluna-Bloodmoon, L50, M|\n|teampreview|4\n|inactive|Battle timer is ON: inactive players will automatically lose when time's up. (requested by TCM Zaukepoo)\n|inactive|TCM Zaukepoo has 60 seconds left.\n|\n|t:|1729516812\n|start\n|switch|p1a: Magmar|Magmar, L50, F|100\/100\n|switch|p1b: Espathra|Espathra, L50, M|100\/100\n|switch|p2a: Gholdengo|Gholdengo, L50|100\/100\n|switch|p2b: Incineroar|Incineroar, L50, F|100\/100\n|-ability|p2b: Incineroar|Intimidate|boost\n|-unboost|p1a: Magmar|atk|1\n|-unboost|p1b: Espathra|atk|1\n|turn|1\n|inactive|nwjns999 has 30 seconds left.\n|inactive|nwjns999 has 20 seconds left.\n|inactive|nwjns999 has 15 seconds left.\n|\n|t:|1729516853\n|move|p2b: Incineroar|Fake Out|p1b: Espathra\n|-damage|p1b: Espathra|89\/100\n|move|p2a: Gholdengo|Trick|p1a: Magmar\n|-activate|p2a: Gholdengo|move: Trick|[of] p1a: Magmar\n|-item|p1a: Magmar|Choice Scarf|[from] move: Trick\n|-item|p2a: Gholdengo|Eviolite|[from] move: Trick\n|move|p1a: Magmar|Overheat|p2a: Gholdengo\n|-supereffective|p2a: Gholdengo\n|-damage|p2a: Gholdengo|0 fnt\n|-unboost|p1a: Magmar|spa|2\n|faint|p2a: Gholdengo\n|cant|p1b: Espathra|flinch\n|\n|-heal|p1b: Espathra|95\/100|[from] item: Leftovers\n|-ability|p1b: Espathra|Speed Boost|boost\n|-boost|p1b: Espathra|spe|1\n|upkeep\n|\n|t:|1729516862\n|switch|p2a: Dragonite|Dragonite, L50, F|100\/100\n|turn|2\n|\n|t:|1729516867\n|switch|p1a: Indeedee|Indeedee-F, L50, F|100\/100\n|-fieldstart|move: Psychic Terrain|[from] ability: Psychic Surge|[of] p1a: Indeedee\n|-enditem|p1a: Indeedee|Psychic Seed\n|-boost|p1a: Indeedee|spd|1|[from] item: Psychic Seed\n|move|p1b: Espathra|Protect|p1b: Espathra\n|-singleturn|p1b: Espathra|Protect\n|move|p2a: Dragonite|Scale Shot|p1a: Indeedee\n|-damage|p1a: Indeedee|81\/100\n|-damage|p1a: Indeedee|65\/100\n|-damage|p1a: Indeedee|46\/100\n|-damage|p1a: Indeedee|29\/100\n|-damage|p1a: Indeedee|12\/100\n|-hitcount|p1a: Indeedee|5\n|-unboost|p2a: Dragonite|def|1\n|-boost|p2a: Dragonite|spe|1\n|move|p2b: Incineroar|Knock Off|p1b: Espathra\n|-activate|p1b: Espathra|move: Protect\n|\n|-heal|p1b: Espathra|100\/100|[from] item: Leftovers\n|-ability|p1b: Espathra|Speed Boost|boost\n|-boost|p1b: Espathra|spe|1\n|upkeep\n|turn|3\n|\n|t:|1729516883\n|-terastallize|p1b: Espathra|Fighting\n|move|p2a: Dragonite|Protect|p2a: Dragonite\n|-singleturn|p2a: Dragonite|Protect\n|move|p1a: Indeedee|Follow Me|p1a: Indeedee\n|-singleturn|p1a: Indeedee|move: Follow Me\n|move|p1b: Espathra|Calm Mind|p1b: Espathra\n|-boost|p1b: Espathra|spa|1\n|-boost|p1b: Espathra|spd|1\n|move|p2b: Incineroar|Knock Off|p1a: Indeedee\n|-supereffective|p1a: Indeedee\n|-damage|p1a: Indeedee|0 fnt\n|faint|p1a: Indeedee\n|\n|-ability|p1b: Espathra|Speed Boost|boost\n|-boost|p1b: Espathra|spe|1\n|upkeep\n|\n|t:|1729516888\n|switch|p1a: Magmar|Magmar, L50, F|100\/100\n|turn|4\n|\n|t:|1729516900\n|-terastallize|p2b: Incineroar|Ghost\n|move|p1a: Magmar|Follow Me|p1a: Magmar\n|-singleturn|p1a: Magmar|move: Follow Me\n|move|p1b: Espathra|Calm Mind|p1b: Espathra\n|-boost|p1b: Espathra|spa|1\n|-boost|p1b: Espathra|spd|1\n|move|p2a: Dragonite|Scale Shot|p1a: Magmar\n|-damage|p1a: Magmar|80\/100\n|-damage|p1a: Magmar|60\/100\n|-damage|p1a: Magmar|41\/100\n|-crit|p1a: Magmar\n|-damage|p1a: Magmar|10\/100\n|-hitcount|p1a: Magmar|4\n|-unboost|p2a: Dragonite|def|1\n|-boost|p2a: Dragonite|spe|1\n|move|p2b: Incineroar|Knock Off|p1a: Magmar\n|-damage|p1a: Magmar|0 fnt\n|-enditem|p1a: Magmar|Choice Scarf|[from] move: Knock Off|[of] p2b: Incineroar\n|faint|p1a: Magmar\n|\n|-ability|p1b: Espathra|Speed Boost|boost\n|-boost|p1b: Espathra|spe|1\n|upkeep\n|\n|t:|1729516907\n|switch|p1a: Flamigo|Flamigo, L50, M|100\/100\n|-copyboost|p1a: Flamigo|p1b: Espathra|[from] ability: Costar\n|turn|5\n|\n|t:|1729516925\n|switch|p2b: Sneasler|Sneasler, L50, F|100\/100\n|move|p2a: Dragonite|Protect|p2a: Dragonite\n|-singleturn|p2a: Dragonite|Protect\n|move|p1a: Flamigo|Air Cutter|p2b: Sneasler|[spread] p2b\n|-activate|p2a: Dragonite|move: Protect\n|-supereffective|p2b: Sneasler\n|-enditem|p2b: Sneasler|Focus Sash\n|-damage|p2b: Sneasler|1\/100\n|move|p1b: Espathra|Stored Power|p2a: Dragonite\n|-activate|p2a: Dragonite|move: Protect\n|\n|-ability|p1b: Espathra|Speed Boost|boost\n|-boost|p1b: Espathra|spe|1\n|upkeep\n|turn|6\n|\n|t:|1729516936\n|move|p2b: Sneasler|Protect|p2b: Sneasler\n|-singleturn|p2b: Sneasler|Protect\n|move|p1b: Espathra|Stored Power|p2a: Dragonite\n|-damage|p2a: Dragonite|11\/100\n|move|p1a: Flamigo|Air Cutter|p2a: Dragonite|[spread] p2a\n|-activate|p2b: Sneasler|move: Protect\n|-damage|p2a: Dragonite|0 fnt\n|faint|p2a: Dragonite\n|\n|-fieldend|move: Psychic Terrain\n|-ability|p1b: Espathra|Speed Boost|boost\n|-boost|p1b: Espathra|spe|1\n|upkeep\n|\n|t:|1729516938\n|switch|p2a: Incineroar|Incineroar, L50, F, tera:Ghost|100\/100\n|-ability|p2a: Incineroar|Intimidate|boost\n|-unboost|p1a: Flamigo|atk|1\n|-unboost|p1b: Espathra|atk|1\n|turn|7\n|\n|t:|1729516944\n|move|p1b: Espathra|Protect|p1b: Espathra\n|-singleturn|p1b: Espathra|Protect\n|move|p1a: Flamigo|Protect|p1a: Flamigo\n|-singleturn|p1a: Flamigo|Protect\n|move|p2a: Incineroar|Fake Out|p1a: Flamigo\n|-activate|p1a: Flamigo|move: Protect\n|move|p2b: Sneasler|Dire Claw|p1b: Espathra\n|-activate|p1b: Espathra|move: Protect\n|\n|upkeep\n|turn|8\n|-message|nwjns999 forfeited.\n|\n|win|TCM Zaukepoo\n|raw|TCM Zaukepoo's rating: 1654 &rarr; <strong>1679<\/strong><br \/>(+25 for winning)\n|raw|nwjns999's rating: 1743 &rarr; <strong>1718<\/strong><br \/>(-25 for losing)\n|l|\u2606nwjns999\n|player|p2|\n|l|\u2606TCM Zaukepoo\n|player|p1|\n","uploadtime":1729517138,"views":14,"formatid":"gen9vgc2024regh","rating":1679,"private":0,"password":null}