{"id":"gen9vgc2024regh-2227447091","format":"[Gen 9] VGC 2024 Reg H","players":["nukan up","lichuvgc"],"log":"|j|\u2606nukan up\n|j|\u2606lichuvgc\n|t:|1729487085\n|gametype|doubles\n|player|p1|nukan up|policeman-gen4|1647\n|player|p2|lichuvgc|dawn|1884\n|teamsize|p1|6\n|teamsize|p2|6\n|gen|9\n|tier|[Gen 9] VGC 2024 Reg H\n|rated|\n|rule|Species Clause: Limit one of each Pok\u00e9mon\n|rule|Item Clause: Limit 1 of each item\n|clearpoke\n|poke|p1|Sneasler, L50, F|\n|poke|p1|Mimikyu, L50, F|\n|poke|p1|Ursaluna-Bloodmoon, L50, M|\n|poke|p1|Garchomp, L50, M|\n|poke|p1|Rillaboom, L50, M|\n|poke|p1|Gholdengo, L50|\n|poke|p2|Gholdengo, L50|\n|poke|p2|Dragonite, L50, M|\n|poke|p2|Kingambit, L50, F|\n|poke|p2|Annihilape, L50, F|\n|poke|p2|Whimsicott, L50, F|\n|poke|p2|Volcarona, L50, F|\n|teampreview|4\n|inactive|Battle timer is ON: inactive players will automatically lose when time's up. (requested by nukan up)\n|inactive|lichuvgc has 60 seconds left.\n|\n|t:|1729487117\n|start\n|switch|p1a: Sneasler|Sneasler, L50, F, shiny|100\/100\n|switch|p1b: Ursaluna|Ursaluna-Bloodmoon, L50, M|100\/100\n|switch|p2a: Kingambit|Kingambit, L50, F, shiny|100\/100\n|switch|p2b: Gholdengo|Gholdengo, L50, shiny|100\/100\n|turn|1\n|j| GameLurker69\n|\n|t:|1729487138\n|-terastallize|p2b: Gholdengo|Steel\n|move|p1a: Sneasler|Fake Out|p2a: Kingambit\n|-resisted|p2a: Kingambit\n|-damage|p2a: Kingambit|95\/100\n|cant|p2a: Kingambit|flinch\n|move|p2b: Gholdengo|Make It Rain|p1a: Sneasler|[spread] p1a,p1b\n|-damage|p1a: Sneasler|10\/100\n|-damage|p1b: Ursaluna|49\/100\n|-unboost|p2b: Gholdengo|spa|1\n|move|p1b: Ursaluna|Earth Power|p2b: Gholdengo\n|-supereffective|p2b: Gholdengo\n|-damage|p2b: Gholdengo|0 fnt\n|faint|p2b: Gholdengo\n|\n|upkeep\n|\n|t:|1729487144\n|switch|p2b: Dragonite|Dragonite, L50, M, shiny|100\/100\n|turn|2\n|\n|t:|1729487167\n|switch|p1a: Gholdengo|Gholdengo, L50, shiny|100\/100\n|move|p2a: Kingambit|Sucker Punch||[still]\n|-fail|p2a: Kingambit\n|move|p1b: Ursaluna|Vacuum Wave|p2a: Kingambit\n|-supereffective|p2a: Kingambit\n|-damage|p2a: Kingambit|49\/100\n|move|p2b: Dragonite|Scale Shot|p1b: Ursaluna\n|-damage|p1b: Ursaluna|38\/100\n|-damage|p1b: Ursaluna|28\/100\n|-damage|p1b: Ursaluna|18\/100\n|-damage|p1b: Ursaluna|7\/100\n|-damage|p1b: Ursaluna|0 fnt\n|faint|p1b: Ursaluna\n|-hitcount|p1: Ursaluna|5\n|-unboost|p2b: Dragonite|def|1\n|-boost|p2b: Dragonite|spe|1\n|\n|upkeep\n|\n|t:|1729487179\n|switch|p1b: Sneasler|Sneasler, L50, F, shiny|10\/100\n|turn|3\n|\n|t:|1729487186\n|switch|p2a: Volcarona|Volcarona, L50, F, shiny|100\/100\n|move|p2b: Dragonite|Protect|p2b: Dragonite\n|-singleturn|p2b: Dragonite|Protect\n|move|p1b: Sneasler|Fake Out|p2b: Dragonite\n|-activate|p2b: Dragonite|move: Protect\n|move|p1a: Gholdengo|Nasty Plot|p1a: Gholdengo\n|-boost|p1a: Gholdengo|spa|2\n|\n|upkeep\n|turn|4\n|\n|t:|1729487199\n|-terastallize|p1a: Gholdengo|Water\n|move|p2b: Dragonite|Scale Shot|p1a: Gholdengo\n|-damage|p1a: Gholdengo|85\/100\n|-damage|p1a: Gholdengo|69\/100\n|-damage|p1a: Gholdengo|52\/100\n|-damage|p1a: Gholdengo|36\/100\n|-enditem|p1a: Gholdengo|Sitrus Berry|[eat]\n|-heal|p1a: Gholdengo|61\/100|[from] item: Sitrus Berry\n|-crit|p1a: Gholdengo\n|-damage|p1a: Gholdengo|35\/100\n|-hitcount|p1a: Gholdengo|5\n|-unboost|p2b: Dragonite|def|1\n|-boost|p2b: Dragonite|spe|1\n|move|p1b: Sneasler|Dire Claw|p2b: Dragonite\n|-damage|p2b: Dragonite|54\/100\n|-status|p2b: Dragonite|par\n|move|p2a: Volcarona|Heat Wave|p1b: Sneasler|[spread] p1a,p1b\n|-resisted|p1a: Gholdengo\n|-damage|p1a: Gholdengo|6\/100\n|-damage|p1b: Sneasler|0 fnt\n|faint|p1b: Sneasler\n|move|p1a: Gholdengo|Make It Rain|p2a: Volcarona|[spread] p2a,p2b\n|-resisted|p2a: Volcarona\n|-damage|p2a: Volcarona|56\/100\n|-damage|p2b: Dragonite|0 fnt\n|-unboost|p1a: Gholdengo|spa|1\n|faint|p2b: Dragonite\n|\n|upkeep\n|\n|t:|1729487220\n|switch|p1b: Garchomp|Garchomp, L50, M, shiny|100\/100\n|switch|p2b: Kingambit|Kingambit, L50, F, shiny|49\/100\n|turn|5\n|\n|t:|1729487227\n|move|p2b: Kingambit|Sucker Punch|p1b: Garchomp\n|-damage|p1b: Garchomp|60\/100\n|-damage|p2b: Kingambit|37\/100|[from] ability: Rough Skin|[of] p1b: Garchomp\n|move|p1b: Garchomp|Stomping Tantrum|p2a: Volcarona\n|-damage|p2a: Volcarona|0 fnt\n|faint|p2a: Volcarona\n|move|p1a: Gholdengo|Make It Rain|p2b: Kingambit\n|-resisted|p2b: Kingambit\n|-damage|p2b: Kingambit|8\/100\n|-unboost|p1a: Gholdengo|spa|1\n|\n|upkeep\n|turn|6\n|-message|lichuvgc forfeited.\n|\n|win|nukan up\n|raw|nukan up's rating: 1647 &rarr; <strong>1679<\/strong><br \/>(+32 for winning)\n|raw|lichuvgc's rating: 1884 &rarr; <strong>1852<\/strong><br \/>(-32 for losing)\n|l|\u2606lichuvgc\n|player|p2|\n|l|\u2606nukan up\n|player|p1|\n|l| GameLurker69\n","uploadtime":1729487443,"views":26,"formatid":"gen9vgc2024regh","rating":1679,"private":0,"password":null}