{"id":"gen9vgc2024regh-2227092741","format":"[Gen 9] VGC 2024 Reg H","players":["bluestraggler02","Becccca"],"log":"|j|\u2606bluestraggler02\n|j|\u2606Becccca\n|t:|1729445528\n|gametype|doubles\n|player|p1|bluestraggler02|101|1718\n|player|p2|Becccca|1|1814\n|teamsize|p1|6\n|teamsize|p2|6\n|gen|9\n|tier|[Gen 9] VGC 2024 Reg H\n|rated|\n|rule|Species Clause: Limit one of each Pok\u00e9mon\n|rule|Item Clause: Limit 1 of each item\n|clearpoke\n|poke|p1|Skeledirge, L50, F|\n|poke|p1|Porygon2, L50|\n|poke|p1|Ursaluna, L50, M|\n|poke|p1|Amoonguss, L50, M|\n|poke|p1|Mienshao, L50, M|\n|poke|p1|Slowbro, L50, F|\n|poke|p2|Pelipper, L50, M|\n|poke|p2|Archaludon, L50, F|\n|poke|p2|Sneasler, L50, M|\n|poke|p2|Dragapult, L50, F|\n|poke|p2|Kingambit, L50, F|\n|poke|p2|Amoonguss, L50, F|\n|teampreview|4\n|inactive|Battle timer is ON: inactive players will automatically lose when time's up. (requested by bluestraggler02)\n|\n|t:|1729445578\n|start\n|switch|p1a: Porygon2|Porygon2, L50|100\/100\n|switch|p1b: Ursaluna|Ursaluna, L50, M|100\/100\n|switch|p2a: Dragapult|Dragapult, L50, F|100\/100\n|switch|p2b: Amoonguss|Amoonguss, L50, F|100\/100\n|-ability|p1a: Porygon2|Download|boost\n|-boost|p1a: Porygon2|atk|1\n|turn|1\n|\n|t:|1729445595\n|move|p1a: Porygon2|Protect|p1a: Porygon2\n|-singleturn|p1a: Porygon2|Protect\n|move|p1b: Ursaluna|Protect|p1b: Ursaluna\n|-singleturn|p1b: Ursaluna|Protect\n|move|p2a: Dragapult|Outrage|p1b: Ursaluna\n|-activate|p1b: Ursaluna|move: Protect\n|move|p2b: Amoonguss|Spore|p1a: Porygon2\n|-activate|p1a: Porygon2|move: Protect\n|\n|-status|p1b: Ursaluna|brn|[from] item: Flame Orb\n|upkeep\n|turn|2\n|\n|t:|1729445615\n|switch|p1a: Amoonguss|Amoonguss, L50, M|100\/100\n|-terastallize|p2a: Dragapult|Dragon\n|move|p2a: Dragapult|Outrage|p1a: Amoonguss\n|-damage|p1a: Amoonguss|7\/100\n|move|p2b: Amoonguss|Spore|p1a: Amoonguss\n|-immune|p1a: Amoonguss\n|move|p1b: Ursaluna|Facade|p2b: Amoonguss\n|-damage|p2b: Amoonguss|0 fnt\n|faint|p2b: Amoonguss\n|\n|-damage|p1b: Ursaluna|95\/100 brn|[from] brn\n|upkeep\n|\n|t:|1729445634\n|switch|p2b: Kingambit|Kingambit, L50, F|100\/100\n|turn|3\n|\n|t:|1729445653\n|move|p1a: Amoonguss|Rage Powder|p1a: Amoonguss\n|-singleturn|p1a: Amoonguss|move: Rage Powder\n|move|p2a: Dragapult|Outrage|p1a: Amoonguss|[from]lockedmove\n|-damage|p1a: Amoonguss|0 fnt\n|faint|p1a: Amoonguss\n|-start|p2a: Dragapult|confusion|[fatigue]\n|move|p2b: Kingambit|Swords Dance|p2b: Kingambit\n|-boost|p2b: Kingambit|atk|2\n|move|p1b: Ursaluna|Facade|p2a: Dragapult\n|-damage|p2a: Dragapult|0 fnt\n|faint|p2a: Dragapult\n|\n|-damage|p1b: Ursaluna|89\/100 brn|[from] brn\n|upkeep\n|\n|t:|1729445675\n|switch|p2a: Pelipper|Pelipper, L50, M|100\/100\n|switch|p1a: Skeledirge|Skeledirge, L50, F|100\/100\n|-weather|RainDance|[from] ability: Drizzle|[of] p2a: Pelipper\n|turn|4\n|inactive|bluestraggler02 has 30 seconds left.\n|inactive|Becccca has 30 seconds left.\n|\n|t:|1729445714\n|move|p2a: Pelipper|Hurricane|p1b: Ursaluna\n|-damage|p1b: Ursaluna|48\/100 brn\n|move|p2b: Kingambit|Kowtow Cleave|p1b: Ursaluna\n|-damage|p1b: Ursaluna|0 fnt\n|faint|p1b: Ursaluna\n|move|p1a: Skeledirge|Earth Power|p2b: Kingambit\n|-supereffective|p2b: Kingambit\n|-damage|p2b: Kingambit|36\/100\n|\n|-weather|RainDance|[upkeep]\n|upkeep\n|\n|t:|1729445719\n|switch|p1b: Porygon2|Porygon2, L50|100\/100\n|-ability|p1b: Porygon2|Download|boost\n|-boost|p1b: Porygon2|spa|1\n|turn|5\n|inactive|Becccca has 30 seconds left.\n|inactive|Becccca has 20 seconds left.\n|\n|t:|1729445758\n|-terastallize|p1a: Skeledirge|Dark\n|move|p1b: Porygon2|Protect|p1b: Porygon2\n|-singleturn|p1b: Porygon2|Protect\n|move|p2b: Kingambit|Kowtow Cleave|p1a: Skeledirge\n|-resisted|p1a: Skeledirge\n|-damage|p1a: Skeledirge|80\/100\n|move|p2a: Pelipper|Hurricane|p1a: Skeledirge\n|-damage|p1a: Skeledirge|53\/100\n|move|p1a: Skeledirge|Earth Power|p2b: Kingambit\n|-supereffective|p2b: Kingambit\n|-damage|p2b: Kingambit|0 fnt\n|faint|p2b: Kingambit\n|\n|-weather|RainDance|[upkeep]\n|upkeep\n|turn|6\n|-message|Becccca forfeited.\n|\n|win|bluestraggler02\n|raw|bluestraggler02's rating: 1718 &rarr; <strong>1743<\/strong><br \/>(+25 for winning)\n|raw|Becccca's rating: 1814 &rarr; <strong>1789<\/strong><br \/>(-25 for losing)\n|l|\u2606Becccca\n|player|p2|\n|l|\u2606bluestraggler02\n|player|p1|\n","uploadtime":1729445998,"views":24,"formatid":"gen9vgc2024regh","rating":1743,"private":0,"password":null}