{"id":"gen9vgc2024regh-2227704086","format":"[Gen 9] VGC 2024 Reg H","players":["datbishgames","SL1D"],"log":"|j|\u2606datbishgames\n|j|\u2606SL1D\n|t:|1729522586\n|gametype|doubles\n|player|p1|datbishgames|mira|1659\n|player|p2|SL1D|blue|1699\n|teamsize|p1|6\n|teamsize|p2|6\n|gen|9\n|tier|[Gen 9] VGC 2024 Reg H\n|rated|\n|rule|Species Clause: Limit one of each Pok\u00e9mon\n|rule|Item Clause: Limit 1 of each item\n|clearpoke\n|poke|p1|Whimsicott, L50, F|\n|poke|p1|Basculegion, L50, M|\n|poke|p1|Arcanine-Hisui, L50, M|\n|poke|p1|Hydreigon, L50, F|\n|poke|p1|Farigiraf, L50, F|\n|poke|p1|Pawmot, L50, M|\n|poke|p2|Kingambit, L50, M|\n|poke|p2|Primarina, L50, F|\n|poke|p2|Sneasler, L50, F|\n|poke|p2|Magmar, L50, M|\n|poke|p2|Rillaboom, L50, M|\n|poke|p2|Dragapult, L50, F|\n|teampreview|4\n|inactive|Battle timer is ON: inactive players will automatically lose when time's up. (requested by datbishgames)\n|\n|t:|1729522600\n|start\n|switch|p1a: Whimsicott|Whimsicott, L50, F|100\/100\n|switch|p1b: Hydreigon|Hydreigon, L50, F|100\/100\n|switch|p2a: Sneasler|Sneasler, L50, F|100\/100\n|switch|p2b: Dragapult|Dragapult, L50, F|100\/100\n|turn|1\n|\n|t:|1729522614\n|move|p1b: Hydreigon|Protect|p1b: Hydreigon\n|-singleturn|p1b: Hydreigon|Protect\n|move|p2a: Sneasler|Fake Out|p1b: Hydreigon\n|-activate|p1b: Hydreigon|move: Protect\n|move|p1a: Whimsicott|Tailwind|p1a: Whimsicott\n|-sidestart|p1: datbishgames|move: Tailwind\n|move|p2b: Dragapult|U-turn|p1b: Hydreigon\n|-activate|p1b: Hydreigon|move: Protect\n|\n|upkeep\n|turn|2\n|\n|t:|1729522627\n|switch|p2b: Primarina|Primarina, L50, F|100\/100\n|move|p1a: Whimsicott|Encore|p2a: Sneasler\n|-start|p2a: Sneasler|Encore\n|move|p1b: Hydreigon|Dark Pulse|p2b: Primarina\n|-resisted|p2b: Primarina\n|-damage|p2b: Primarina|77\/100\n|-damage|p1b: Hydreigon|91\/100|[from] item: Life Orb\n|move|p2a: Sneasler|Fake Out||[still]\n|-hint|Fake Out only works on your first turn out.\n|-fail|p2a: Sneasler\n|\n|upkeep\n|turn|3\n|\n|t:|1729522645\n|switch|p2a: Rillaboom|Rillaboom, L50, M|100\/100\n|-fieldstart|move: Grassy Terrain|[from] ability: Grassy Surge|[of] p2a: Rillaboom\n|-terastallize|p1b: Hydreigon|Fire\n|move|p2b: Primarina|Protect|p2b: Primarina\n|-singleturn|p2b: Primarina|Protect\n|move|p1b: Hydreigon|Heat Wave|p2b: Primarina|[spread] p2a\n|-activate|p2b: Primarina|move: Protect\n|-supereffective|p2a: Rillaboom\n|-damage|p2a: Rillaboom|27\/100\n|-damage|p1b: Hydreigon|81\/100|[from] item: Life Orb\n|move|p1a: Whimsicott|Giga Drain|p2b: Primarina\n|-activate|p2b: Primarina|move: Protect\n|\n|-heal|p2a: Rillaboom|33\/100|[from] Grassy Terrain\n|-heal|p2b: Primarina|83\/100|[from] Grassy Terrain\n|upkeep\n|turn|4\n|\n|t:|1729522657\n|move|p1b: Hydreigon|Protect|p1b: Hydreigon\n|-singleturn|p1b: Hydreigon|Protect\n|move|p1a: Whimsicott|Encore|p2b: Primarina\n|-start|p2b: Primarina|Encore\n|move|p2a: Rillaboom|Wood Hammer|p1a: Whimsicott\n|-resisted|p1a: Whimsicott\n|-damage|p1a: Whimsicott|55\/100\n|-damage|p2a: Rillaboom|20\/100|[from] Recoil\n|move|p2b: Primarina|Protect||[still]\n|-fail|p2b: Primarina\n|\n|-heal|p1a: Whimsicott|61\/100|[from] Grassy Terrain\n|-heal|p2a: Rillaboom|26\/100|[from] Grassy Terrain\n|-heal|p2b: Primarina|89\/100|[from] Grassy Terrain\n|-sideend|p1: datbishgames|move: Tailwind\n|upkeep\n|turn|5\n|\n|t:|1729522668\n|switch|p2b: Sneasler|Sneasler, L50, F|100\/100\n|move|p1b: Hydreigon|Heat Wave|p2a: Rillaboom|[spread] p2b\n|-miss|p1b: Hydreigon|p2a: Rillaboom\n|-damage|p2b: Sneasler|30\/100\n|-status|p2b: Sneasler|brn\n|-damage|p1b: Hydreigon|72\/100|[from] item: Life Orb\n|move|p1a: Whimsicott|Moonblast|p2b: Sneasler\n|-damage|p2b: Sneasler|0 fnt\n|faint|p2b: Sneasler\n|move|p2a: Rillaboom|Wood Hammer|p1a: Whimsicott\n|-resisted|p1a: Whimsicott\n|-damage|p1a: Whimsicott|14\/100\n|-damage|p2a: Rillaboom|14\/100|[from] Recoil\n|\n|-heal|p1a: Whimsicott|20\/100|[from] Grassy Terrain\n|-heal|p2a: Rillaboom|20\/100|[from] Grassy Terrain\n|upkeep\n|\n|t:|1729522675\n|switch|p2b: Primarina|Primarina, L50, F|89\/100\n|turn|6\n|\n|t:|1729522686\n|switch|p1b: Farigiraf|Farigiraf, L50, F|100\/100\n|move|p2a: Rillaboom|Grassy Glide||[still]\n|cant|p1b: Farigiraf|ability: Armor Tail|Grassy Glide|[of] p2a: Rillaboom\n|move|p1a: Whimsicott|Giga Drain|p2b: Primarina\n|-supereffective|p2b: Primarina\n|-damage|p2b: Primarina|37\/100\n|-heal|p1a: Whimsicott|49\/100|[from] drain|[of] p2b: Primarina\n|-enditem|p2b: Primarina|Sitrus Berry|[eat]\n|-heal|p2b: Primarina|62\/100|[from] item: Sitrus Berry\n|move|p2b: Primarina|Hyper Voice|p1a: Whimsicott|[spread] p1a,p1b\n|-resisted|p1a: Whimsicott\n|-crit|p1b: Farigiraf\n|-damage|p1a: Whimsicott|33\/100\n|-damage|p1b: Farigiraf|56\/100\n|\n|-heal|p1a: Whimsicott|39\/100|[from] Grassy Terrain\n|-heal|p2a: Rillaboom|25\/100|[from] Grassy Terrain\n|-heal|p2b: Primarina|68\/100|[from] Grassy Terrain\n|-heal|p1b: Farigiraf|62\/100|[from] Grassy Terrain\n|upkeep\n|turn|7\n|j| Mangan25\n|j| Spacejes\n|\n|t:|1729522704\n|switch|p2a: Dragapult|Dragapult, L50, F|100\/100\n|move|p1a: Whimsicott|Tailwind|p1a: Whimsicott\n|-sidestart|p1: datbishgames|move: Tailwind\n|move|p1b: Farigiraf|Hyper Voice|p2b: Primarina|[spread] p2b\n|-immune|p2a: Dragapult\n|-damage|p2b: Primarina|40\/100\n|-enditem|p1b: Farigiraf|Throat Spray\n|-boost|p1b: Farigiraf|spa|1|[from] item: Throat Spray\n|move|p2b: Primarina|Moonblast|p1a: Whimsicott\n|-damage|p1a: Whimsicott|0 fnt\n|faint|p1a: Whimsicott\n|\n|-heal|p1b: Farigiraf|68\/100|[from] Grassy Terrain\n|-heal|p2b: Primarina|46\/100|[from] Grassy Terrain\n|-fieldend|move: Grassy Terrain\n|upkeep\n|\n|t:|1729522714\n|switch|p1a: Basculegion|Basculegion, L50, M|100\/100\n|turn|8\n|inactive|SL1D has 30 seconds left.\n|\n|t:|1729522739\n|-terastallize|p2a: Dragapult|Dragon\n|move|p1a: Basculegion|Last Respects|p2a: Dragapult\n|-damage|p2a: Dragapult|0 fnt\n|faint|p2a: Dragapult\n|move|p1b: Farigiraf|Twin Beam|p2b: Primarina\n|-damage|p2b: Primarina|22\/100\n|-damage|p2b: Primarina|0 fnt\n|faint|p2b: Primarina\n|-hitcount|p2: Primarina|2\n|\n|upkeep\n|-message|SL1D forfeited.\n|\n|win|datbishgames\n|raw|datbishgames's rating: 1659 &rarr; <strong>1681<\/strong><br \/>(+22 for winning)\n|raw|SL1D's rating: 1699 &rarr; <strong>1677<\/strong><br \/>(-22 for losing)\n|l|\u2606SL1D\n|player|p2|\n|l|\u2606datbishgames\n|player|p1|\n|l| Mangan25\n|l| Spacejes\n","uploadtime":1729522980,"views":9,"formatid":"gen9vgc2024regh","rating":1677,"private":0,"password":null}