{"id":"gen9vgc2024regh-2227751817","format":"[Gen 9] VGC 2024 Reg H","players":["bluestraggler01","RocksTheRock"],"log":"|j|\u2606bluestraggler01\n|j|\u2606RocksTheRock\n|t:|1729526689\n|gametype|doubles\n|player|p1|bluestraggler01|266|1639\n|player|p2|RocksTheRock|red|1851\n|teamsize|p1|6\n|teamsize|p2|6\n|gen|9\n|tier|[Gen 9] VGC 2024 Reg H\n|rated|\n|rule|Species Clause: Limit one of each Pok\u00e9mon\n|rule|Item Clause: Limit 1 of each item\n|clearpoke\n|poke|p1|Skeledirge, L50, M|\n|poke|p1|Porygon2, L50|\n|poke|p1|Ursaluna, L50, M|\n|poke|p1|Amoonguss, L50, F|\n|poke|p1|Kommo-o, L50, M|\n|poke|p1|Maushold-Four, L50|\n|poke|p2|Indeedee-F, L50, F|\n|poke|p2|Torkoal, L50, M|\n|poke|p2|Gallade, L50, M|\n|poke|p2|Hatterene, L50, F|\n|poke|p2|Ursaluna, L50, F|\n|poke|p2|Charizard, L50, M|\n|teampreview|4\n|j| Fallastest\n|inactive|Battle timer is ON: inactive players will automatically lose when time's up. (requested by RocksTheRock)\n|\n|t:|1729526725\n|start\n|switch|p1a: Maushold|Maushold-Four, L50|100\/100\n|switch|p1b: Skeledirge|Skeledirge, L50, M|100\/100\n|switch|p2a: Charizard|Charizard, L50, M|100\/100\n|switch|p2b: Torkoal|Torkoal, L50, M|100\/100\n|-weather|SunnyDay|[from] ability: Drought|[of] p2b: Torkoal\n|turn|1\n|\n|t:|1729526734\n|switch|p2b: Indeedee|Indeedee-F, L50, F|100\/100\n|-fieldstart|move: Psychic Terrain|[from] ability: Psychic Surge|[of] p2b: Indeedee\n|-enditem|p2b: Indeedee|Psychic Seed\n|-boost|p2b: Indeedee|spd|1|[from] item: Psychic Seed\n|-terastallize|p2a: Charizard|Fire\n|move|p2a: Charizard|Heat Wave|p1a: Maushold|[spread] p1b\n|-miss|p2a: Charizard|p1a: Maushold\n|-resisted|p1b: Skeledirge\n|-damage|p1b: Skeledirge|67\/100\n|move|p1a: Maushold|Population Bomb|p2a: Charizard\n|-damage|p2a: Charizard|83\/100\n|-damage|p2a: Charizard|65\/100\n|-damage|p2a: Charizard|49\/100\n|-damage|p2a: Charizard|33\/100\n|-damage|p2a: Charizard|17\/100\n|-damage|p2a: Charizard|1\/100\n|-damage|p2a: Charizard|0 fnt\n|faint|p2a: Charizard\n|-hitcount|p2: Charizard|7\n|move|p1b: Skeledirge|Torch Song|p2b: Indeedee\n|-damage|p2b: Indeedee|45\/100\n|-boost|p1b: Skeledirge|spa|1\n|\n|-weather|SunnyDay|[upkeep]\n|upkeep\n|inactive|RocksTheRock has 30 seconds left.\n|\n|t:|1729526760\n|switch|p2a: Gallade|Gallade, L50, M|100\/100\n|turn|2\n|\n|t:|1729526770\n|move|p2b: Indeedee|Follow Me|p2b: Indeedee\n|-singleturn|p2b: Indeedee|move: Follow Me\n|move|p1a: Maushold|Population Bomb|p2b: Indeedee\n|-damage|p2b: Indeedee|34\/100\n|-damage|p2b: Indeedee|23\/100\n|-damage|p2b: Indeedee|12\/100\n|-damage|p2b: Indeedee|0 fnt\n|faint|p2b: Indeedee\n|-hitcount|p2: Indeedee|4\n|move|p1b: Skeledirge|Shadow Ball|p2a: Gallade\n|-supereffective|p2a: Gallade\n|-damage|p2a: Gallade|1\/100\n|move|p2a: Gallade|Trick Room|p2a: Gallade\n|-fieldstart|move: Trick Room|[of] p2a: Gallade\n|\n|-weather|SunnyDay|[upkeep]\n|upkeep\n|\n|t:|1729526784\n|switch|p2b: Torkoal|Torkoal, L50, M|100\/100\n|turn|3\n|inactive|bluestraggler01 has 30 seconds left.\n|\n|t:|1729526813\n|-terastallize|p1b: Skeledirge|Dark\n|move|p1a: Maushold|Follow Me|p1a: Maushold\n|-singleturn|p1a: Maushold|move: Follow Me\n|move|p2b: Torkoal|Eruption|p1a: Maushold|[spread] p1a,p1b\n|-damage|p1a: Maushold|0 fnt\n|-damage|p1b: Skeledirge|7\/100\n|faint|p1a: Maushold\n|move|p1b: Skeledirge|Torch Song|p2a: Gallade\n|-damage|p2a: Gallade|0 fnt\n|-boost|p1b: Skeledirge|spa|1\n|faint|p2a: Gallade\n|\n|-weather|SunnyDay|[upkeep]\n|upkeep\n|\n|t:|1729526822\n|switch|p1a: Porygon2|Porygon2, L50|100\/100\n|-ability|p1a: Porygon2|Download|boost\n|-boost|p1a: Porygon2|spa|1\n|turn|4\n|\n|t:|1729526826\n|move|p2b: Torkoal|Eruption|p1b: Skeledirge|[spread] p1a,p1b\n|-damage|p1a: Porygon2|47\/100\n|-damage|p1b: Skeledirge|0 fnt\n|faint|p1b: Skeledirge\n|move|p1a: Porygon2|Trick Room|p1a: Porygon2\n|-fieldend|move: Trick Room\n|\n|-weather|SunnyDay|[upkeep]\n|upkeep\n|\n|t:|1729526829\n|switch|p1b: Ursaluna|Ursaluna, L50, M|100\/100\n|turn|5\n|\n|t:|1729526836\n|move|p1a: Porygon2|Tera Blast|p2b: Torkoal\n|-damage|p2b: Torkoal|36\/100\n|move|p1b: Ursaluna|Headlong Rush|p2b: Torkoal\n|-supereffective|p2b: Torkoal\n|-damage|p2b: Torkoal|0 fnt\n|-unboost|p1b: Ursaluna|def|1\n|-unboost|p1b: Ursaluna|spd|1\n|faint|p2b: Torkoal\n|\n|win|bluestraggler01\n|raw|bluestraggler01's rating: 1639 &rarr; <strong>1670<\/strong><br \/>(+31 for winning)\n|raw|RocksTheRock's rating: 1851 &rarr; <strong>1820<\/strong><br \/>(-31 for losing)\n|l|\u2606bluestraggler01\n|player|p1|\n|l|\u2606RocksTheRock\n|player|p2|\n|l| Fallastest\n","uploadtime":1729527106,"views":8,"formatid":"gen9vgc2024regh","rating":1670,"private":0,"password":null}