{"id":"gen9vgc2024regh-2227339223","format":"[Gen 9] VGC 2024 Reg H","players":["catsharknado","Artyculate"],"log":"|j|\u2606catsharknado\n|j|\u2606Artyculate\n|t:|1729472590\n|gametype|doubles\n|player|p1|catsharknado|170|1736\n|player|p2|Artyculate|pokekid|1714\n|teamsize|p1|6\n|teamsize|p2|6\n|gen|9\n|tier|[Gen 9] VGC 2024 Reg H\n|rated|\n|rule|Species Clause: Limit one of each Pok\u00e9mon\n|rule|Item Clause: Limit 1 of each item\n|clearpoke\n|poke|p1|Annihilape, L50, M|\n|poke|p1|Pelipper, L50, M|\n|poke|p1|Sinistcha, L50|\n|poke|p1|Maushold-Four, L50|\n|poke|p1|Archaludon, L50, M|\n|poke|p1|Grimmsnarl, L50, M|\n|poke|p2|Indeedee, L50, M|\n|poke|p2|Sneasler, L50, M|\n|poke|p2|Corviknight, L50, F|\n|poke|p2|Ninetales-Alola, L50, F|\n|poke|p2|Skeledirge, L50, F|\n|poke|p2|Hydreigon, L50, F|\n|teampreview|4\n|inactive|Battle timer is ON: inactive players will automatically lose when time's up. (requested by Artyculate)\n|inactive|catsharknado also wants the timer to be on.\n|j| Fairynanbawan\n|c| Fairynanbawan|1700 game!\n|inactive|catsharknado has 60 seconds left.\n|\n|t:|1729472625\n|start\n|switch|p1a: Archaludon|Archaludon, L50, M|100\/100\n|switch|p1b: Grimmsnarl|Grimmsnarl, L50, M|100\/100\n|switch|p2a: Indeedee|Indeedee, L50, M|100\/100\n|switch|p2b: Sneasler|Sneasler, L50, M|100\/100\n|-fieldstart|move: Psychic Terrain|[from] ability: Psychic Surge|[of] p2a: Indeedee\n|-enditem|p2b: Sneasler|Psychic Seed\n|-boost|p2b: Sneasler|spd|1|[from] item: Psychic Seed\n|turn|1\n|j| UI Rain\n|\n|t:|1729472643\n|switch|p2a: Hydreigon|Hydreigon, L50, F|100\/100\n|move|p1b: Grimmsnarl|Reflect|p1b: Grimmsnarl\n|-sidestart|p1: catsharknado|Reflect\n|move|p2b: Sneasler|Dire Claw|p1b: Grimmsnarl\n|-supereffective|p1b: Grimmsnarl\n|-damage|p1b: Grimmsnarl|50\/100\n|move|p1a: Archaludon|Snarl|p2a: Hydreigon|[spread] p2a,p2b\n|-resisted|p2a: Hydreigon\n|-resisted|p2b: Sneasler\n|-damage|p2a: Hydreigon|93\/100\n|-damage|p2b: Sneasler|95\/100\n|-unboost|p2a: Hydreigon|spa|1\n|-unboost|p2b: Sneasler|spa|1\n|\n|upkeep\n|turn|2\n|inactive|catsharknado has 30 seconds left.\n|\n|t:|1729472674\n|move|p1b: Grimmsnarl|Light Screen|p1b: Grimmsnarl\n|-sidestart|p1: catsharknado|move: Light Screen\n|move|p2b: Sneasler|Close Combat|p1a: Archaludon\n|-supereffective|p1a: Archaludon\n|-damage|p1a: Archaludon|45\/100\n|-unboost|p2b: Sneasler|def|1\n|-unboost|p2b: Sneasler|spd|1\n|-ability|p1a: Archaludon|Stamina|boost\n|-boost|p1a: Archaludon|def|1\n|move|p2a: Hydreigon|Earth Power|p1a: Archaludon\n|-supereffective|p1a: Archaludon\n|-damage|p1a: Archaludon|17\/100\n|-ability|p1a: Archaludon|Stamina|boost\n|-boost|p1a: Archaludon|def|1\n|move|p1a: Archaludon|Dragon Pulse|p2a: Hydreigon\n|-supereffective|p2a: Hydreigon\n|-damage|p2a: Hydreigon|0 fnt\n|faint|p2a: Hydreigon\n|\n|upkeep\n|\n|t:|1729472692\n|switch|p2a: Indeedee|Indeedee, L50, M|100\/100\n|turn|3\n|inactive|catsharknado has 30 seconds left.\n|\n|t:|1729472718\n|switch|p1b: Sinistcha|Sinistcha, L50|100\/100\n|-heal|p1a: Archaludon|42\/100|[from] ability: Hospitality|[of] p1b: Sinistcha\n|move|p2b: Sneasler|Dire Claw|p1b: Sinistcha\n|-damage|p1b: Sinistcha|77\/100\n|-status|p1b: Sinistcha|psn\n|move|p2a: Indeedee|Expanding Force|p1b: Sinistcha|[spread] p1a,p1b\n|-resisted|p1a: Archaludon\n|-damage|p1a: Archaludon|29\/100\n|-damage|p1b: Sinistcha|44\/100 psn\n|-ability|p1a: Archaludon|Stamina|boost\n|-boost|p1a: Archaludon|def|1\n|-enditem|p1b: Sinistcha|Sitrus Berry|[eat]\n|-heal|p1b: Sinistcha|69\/100 psn|[from] item: Sitrus Berry\n|move|p1a: Archaludon|Snarl|p2b: Sneasler|[spread] p2a,p2b\n|-supereffective|p2a: Indeedee\n|-resisted|p2b: Sneasler\n|-damage|p2a: Indeedee|63\/100\n|-damage|p2b: Sneasler|86\/100\n|-unboost|p2a: Indeedee|spa|1\n|-unboost|p2b: Sneasler|spa|1\n|\n|-damage|p1b: Sinistcha|57\/100 psn|[from] psn\n|upkeep\n|turn|4\n|inactive|catsharknado has 30 seconds left.\n|inactive|Artyculate has 30 seconds left.\n|\n|t:|1729472744\n|move|p2b: Sneasler|Close Combat|p1a: Archaludon\n|-supereffective|p1a: Archaludon\n|-damage|p1a: Archaludon|3\/100\n|-unboost|p2b: Sneasler|def|1\n|-unboost|p2b: Sneasler|spd|1\n|-ability|p1a: Archaludon|Stamina|boost\n|-boost|p1a: Archaludon|def|1\n|move|p2a: Indeedee|Expanding Force|p1a: Archaludon|[spread] p1a,p1b\n|-resisted|p1a: Archaludon\n|-damage|p1a: Archaludon|0 fnt\n|-damage|p1b: Sinistcha|35\/100 psn\n|faint|p1a: Archaludon\n|move|p1b: Sinistcha|Trick Room|p1b: Sinistcha\n|-fieldstart|move: Trick Room|[of] p1b: Sinistcha\n|\n|-damage|p1b: Sinistcha|22\/100 psn|[from] psn\n|upkeep\n|\n|t:|1729472755\n|switch|p1a: Pelipper|Pelipper, L50, M|100\/100\n|-weather|RainDance|[from] ability: Drizzle|[of] p1a: Pelipper\n|turn|5\n|\n|t:|1729472774\n|-terastallize|p1a: Pelipper|Stellar\n|move|p2a: Indeedee|Protect|p2a: Indeedee\n|-singleturn|p2a: Indeedee|Protect\n|move|p2b: Sneasler|Protect|p2b: Sneasler\n|-singleturn|p2b: Sneasler|Protect\n|move|p1b: Sinistcha|Matcha Gotcha|p2b: Sneasler|[spread] \n|-activate|p2a: Indeedee|move: Protect\n|-activate|p2b: Sneasler|move: Protect\n|move|p1a: Pelipper|Hurricane|p2b: Sneasler\n|-activate|p2b: Sneasler|move: Protect\n|\n|-weather|RainDance|[upkeep]\n|-damage|p1b: Sinistcha|10\/100 psn|[from] psn\n|-fieldend|move: Psychic Terrain\n|upkeep\n|turn|6\n|\n|t:|1729472794\n|switch|p2b: Ninetales|Ninetales-Alola, L50, F|100\/100\n|-weather|Snow|[from] ability: Snow Warning|[of] p2b: Ninetales\n|move|p1b: Sinistcha|Matcha Gotcha|p2a: Indeedee|[spread] p2a\n|-miss|p1b: Sinistcha|p2b: Ninetales\n|-crit|p2a: Indeedee\n|-damage|p2a: Indeedee|10\/100\n|-heal|p1b: Sinistcha|30\/100 psn|[from] drain|[of] p2a: Indeedee\n|move|p1a: Pelipper|Weather Ball|p2a: Indeedee\n|-damage|p2a: Indeedee|0 fnt\n|faint|p2a: Indeedee\n|\n|-weather|Snow|[upkeep]\n|-damage|p1b: Sinistcha|18\/100 psn|[from] psn\n|upkeep\n|\n|t:|1729472808\n|switch|p2a: Sneasler|Sneasler, L50, M|86\/100\n|turn|7\n|\n|t:|1729472818\n|move|p2a: Sneasler|Protect|p2a: Sneasler\n|-singleturn|p2a: Sneasler|Protect\n|move|p1b: Sinistcha|Matcha Gotcha|p2b: Ninetales|[spread] p2b\n|-activate|p2a: Sneasler|move: Protect\n|-damage|p2b: Ninetales|72\/100\n|-heal|p1b: Sinistcha|30\/100 psn|[from] drain|[of] p2b: Ninetales\n|move|p1a: Pelipper|Hurricane|p2b: Ninetales|[miss]\n|-miss|p1a: Pelipper|p2b: Ninetales\n|move|p2b: Ninetales|Freeze-Dry|p1a: Pelipper\n|-supereffective|p1a: Pelipper\n|-enditem|p1a: Pelipper|Focus Sash\n|-damage|p1a: Pelipper|1\/100\n|\n|-weather|Snow|[upkeep]\n|-damage|p1b: Sinistcha|18\/100 psn|[from] psn\n|upkeep\n|turn|8\n|\n|t:|1729472840\n|-terastallize|p2a: Sneasler|Dark\n|move|p2b: Ninetales|Protect|p2b: Ninetales\n|-singleturn|p2b: Ninetales|Protect\n|move|p1b: Sinistcha|Matcha Gotcha|p2a: Sneasler|[spread] p2a\n|-activate|p2b: Ninetales|move: Protect\n|-damage|p2a: Sneasler|56\/100\n|-heal|p1b: Sinistcha|33\/100 psn|[from] drain|[of] p2a: Sneasler\n|move|p1a: Pelipper|Hurricane|p2b: Ninetales\n|-activate|p2b: Ninetales|move: Protect\n|move|p2a: Sneasler|Throat Chop|p1b: Sinistcha\n|-supereffective|p1b: Sinistcha\n|-damage|p1b: Sinistcha|0 fnt\n|faint|p1b: Sinistcha\n|\n|-weather|Snow|[upkeep]\n|-sideend|p1: catsharknado|Reflect\n|-fieldend|move: Trick Room\n|upkeep\n|\n|t:|1729472850\n|switch|p1b: Grimmsnarl|Grimmsnarl, L50, M|50\/100\n|turn|9\n|\n|t:|1729472863\n|move|p1a: Pelipper|Protect|p1a: Pelipper\n|-singleturn|p1a: Pelipper|Protect\n|move|p1b: Grimmsnarl|Thunder Wave|p2b: Ninetales\n|-status|p2b: Ninetales|par\n|move|p2a: Sneasler|Dire Claw|p1b: Grimmsnarl\n|-supereffective|p1b: Grimmsnarl\n|-damage|p1b: Grimmsnarl|0 fnt\n|faint|p1b: Grimmsnarl\n|move|p2b: Ninetales|Blizzard|p1a: Pelipper\n|-activate|p1a: Pelipper|move: Protect\n|\n|-weather|Snow|[upkeep]\n|-sideend|p1: catsharknado|move: Light Screen\n|upkeep\n|turn|10\n|\n|t:|1729472878\n|move|p2a: Sneasler|Dire Claw|p1a: Pelipper\n|-damage|p1a: Pelipper|0 fnt\n|faint|p1a: Pelipper\n|\n|win|Artyculate\n|raw|catsharknado's rating: 1736 &rarr; <strong>1715<\/strong><br \/>(-21 for losing)\n|raw|Artyculate's rating: 1714 &rarr; <strong>1735<\/strong><br \/>(+21 for winning)\n|l|\u2606catsharknado\n|player|p1|\n|l|\u2606Artyculate\n|player|p2|\n","uploadtime":1729473153,"views":13,"formatid":"gen9vgc2024regh","rating":1715,"private":0,"password":null}