{"id":"gen9vgc2024regh-2227003461","format":"[Gen 9] VGC 2024 Reg H","players":["BurningDL","soap858"],"log":"|j|\u2606BurningDL\n|j|\u2606soap858\n|t:|1729435600\n|gametype|doubles\n|player|p1|BurningDL|colress|1683\n|player|p2|soap858|2|1726\n|teamsize|p1|6\n|teamsize|p2|6\n|gen|9\n|tier|[Gen 9] VGC 2024 Reg H\n|rated|\n|rule|Species Clause: Limit one of each Pok\u00e9mon\n|rule|Item Clause: Limit 1 of each item\n|clearpoke\n|poke|p1|Pelipper, L50, F|\n|poke|p1|Archaludon, L50, F|\n|poke|p1|Porygon2, L50|\n|poke|p1|Basculegion-F, L50, F|\n|poke|p1|Sneasler, L50, M|\n|poke|p1|Ursaluna, L50, F|\n|poke|p2|Armarouge, L50, M|\n|poke|p2|Indeedee-F, L50, F|\n|poke|p2|Dragapult, L50, M|\n|poke|p2|Torkoal, L50, M|\n|poke|p2|Venusaur, L50, F|\n|poke|p2|Sneasler, L50, F|\n|teampreview|4\n|inactive|Battle timer is ON: inactive players will automatically lose when time's up. (requested by BurningDL)\n|inactive|soap858 has 60 seconds left.\n|\n|t:|1729435640\n|start\n|switch|p1a: Basculegion|Basculegion-F, L50, F|100\/100\n|switch|p1b: Pelipper|Pelipper, L50, F|100\/100\n|switch|p2a: Dragapult|Dragapult, L50, M|100\/100\n|switch|p2b: Sneasler|Sneasler, L50, F|100\/100\n|-weather|RainDance|[from] ability: Drizzle|[of] p1b: Pelipper\n|turn|1\n|inactive|BurningDL has 30 seconds left.\n|inactive|soap858 has 30 seconds left.\n|inactive|BurningDL has 20 seconds left.\n|inactive|soap858 has 20 seconds left.\n|\n|t:|1729435676\n|switch|p2b: Torkoal|Torkoal, L50, M|100\/100\n|-weather|SunnyDay|[from] ability: Drought|[of] p2b: Torkoal\n|switch|p1b: Porygon2|Porygon2, L50|100\/100\n|-ability|p1b: Porygon2|Download|boost\n|-boost|p1b: Porygon2|spa|1\n|-terastallize|p2a: Dragapult|Dragon\n|move|p2a: Dragapult|Dragon Darts|p1a: Basculegion\n|-crit|p1a: Basculegion\n|-damage|p1a: Basculegion|6\/100\n|-anim|p2a: Dragapult|Dragon Darts|p1b: Porygon2\n|-damage|p1b: Porygon2|68\/100\n|move|p1a: Basculegion|Shadow Ball|p2a: Dragapult\n|-damage|p2a: Dragapult|16\/100\n|\n|-weather|SunnyDay|[upkeep]\n|upkeep\n|turn|2\n|inactive|BurningDL has 30 seconds left.\n|\n|t:|1729435703\n|switch|p1b: Pelipper|Pelipper, L50, F|100\/100\n|-weather|RainDance|[from] ability: Drizzle|[of] p1b: Pelipper\n|switch|p2b: Venusaur|Venusaur, L50, F|100\/100\n|move|p1a: Basculegion|Shadow Ball|p2a: Dragapult\n|-damage|p2a: Dragapult|0 fnt\n|faint|p2a: Dragapult\n|\n|-weather|RainDance|[upkeep]\n|upkeep\n|\n|t:|1729435707\n|switch|p2a: Torkoal|Torkoal, L50, M|100\/100\n|-weather|SunnyDay|[from] ability: Drought|[of] p2a: Torkoal\n|turn|3\n|inactive|BurningDL has 30 seconds left.\n|inactive|soap858 has 30 seconds left.\n|inactive|soap858 has 20 seconds left.\n|\n|t:|1729435753\n|switch|p2a: Sneasler|Sneasler, L50, F|100\/100\n|move|p2b: Venusaur|Sleep Powder|p1b: Pelipper\n|-status|p1b: Pelipper|slp|[from] move: Sleep Powder\n|move|p1a: Basculegion|Shadow Ball|p2a: Sneasler\n|-damage|p2a: Sneasler|23\/100\n|cant|p1b: Pelipper|slp\n|\n|-weather|SunnyDay|[upkeep]\n|upkeep\n|turn|4\n|inactive|BurningDL has 30 seconds left.\n|\n|t:|1729435785\n|move|p2b: Venusaur|Sludge Bomb|p1b: Pelipper\n|-damage|p1b: Pelipper|18\/100 slp\n|move|p2a: Sneasler|Dire Claw|p1a: Basculegion\n|-resisted|p1a: Basculegion\n|-damage|p1a: Basculegion|0 fnt\n|faint|p1a: Basculegion\n|cant|p1b: Pelipper|slp\n|\n|-weather|SunnyDay|[upkeep]\n|upkeep\n|\n|t:|1729435790\n|switch|p1a: Sneasler|Sneasler, L50, M|100\/100\n|turn|5\n|inactive|soap858 has 30 seconds left.\n|\n|t:|1729435818\n|move|p1a: Sneasler|Protect|p1a: Sneasler\n|-singleturn|p1a: Sneasler|Protect\n|move|p2b: Venusaur|Sludge Bomb|p1b: Pelipper\n|-damage|p1b: Pelipper|0 fnt\n|faint|p1b: Pelipper\n|move|p2a: Sneasler|Dire Claw|p1a: Sneasler\n|-activate|p1a: Sneasler|move: Protect\n|\n|-weather|SunnyDay|[upkeep]\n|upkeep\n|\n|t:|1729435825\n|switch|p1b: Porygon2|Porygon2, L50|68\/100\n|-ability|p1b: Porygon2|Download|boost\n|-boost|p1b: Porygon2|atk|1\n|turn|6\n|\n|t:|1729435839\n|-terastallize|p1b: Porygon2|Poison\n|move|p2b: Venusaur|Sleep Powder|p1a: Sneasler\n|-status|p1a: Sneasler|slp|[from] move: Sleep Powder\n|cant|p1a: Sneasler|slp\n|move|p2a: Sneasler|Close Combat|p1b: Porygon2\n|-resisted|p1b: Porygon2\n|-damage|p1b: Porygon2|46\/100\n|-unboost|p2a: Sneasler|def|1\n|-unboost|p2a: Sneasler|spd|1\n|move|p1b: Porygon2|Trick Room|p1b: Porygon2\n|-fieldstart|move: Trick Room|[of] p1b: Porygon2\n|\n|-weather|SunnyDay|[upkeep]\n|upkeep\n|turn|7\n|\n|t:|1729435857\n|cant|p1a: Sneasler|slp\n|move|p1b: Porygon2|Recover|p1b: Porygon2\n|-heal|p1b: Porygon2|96\/100\n|move|p2a: Sneasler|Dire Claw|p1a: Sneasler\n|-resisted|p1a: Sneasler\n|-damage|p1a: Sneasler|67\/100 slp\n|move|p2b: Venusaur|Earth Power|p1a: Sneasler\n|-supereffective|p1a: Sneasler\n|-damage|p1a: Sneasler|0 fnt\n|faint|p1a: Sneasler\n|\n|-weather|none\n|upkeep\n|turn|8\n|\n|t:|1729435880\n|move|p1b: Porygon2|Ice Beam|p2b: Venusaur\n|-supereffective|p2b: Venusaur\n|-damage|p2b: Venusaur|53\/100\n|move|p2b: Venusaur|Earth Power|p1b: Porygon2\n|-supereffective|p1b: Porygon2\n|-damage|p1b: Porygon2|68\/100\n|move|p2a: Sneasler|Dire Claw|p1b: Porygon2\n|-resisted|p1b: Porygon2\n|-damage|p1b: Porygon2|52\/100\n|\n|upkeep\n|turn|9\n|\n|t:|1729435895\n|move|p1b: Porygon2|Ice Beam|p2b: Venusaur\n|-supereffective|p2b: Venusaur\n|-damage|p2b: Venusaur|10\/100\n|move|p2b: Venusaur|Earth Power|p1b: Porygon2\n|-supereffective|p1b: Porygon2\n|-damage|p1b: Porygon2|25\/100\n|move|p2a: Sneasler|Swords Dance|p2a: Sneasler\n|-boost|p2a: Sneasler|atk|2\n|\n|upkeep\n|turn|10\n|\n|t:|1729435908\n|move|p1b: Porygon2|Tera Blast|p2a: Sneasler|[anim] Tera Blast Poison\n|-resisted|p2a: Sneasler\n|-damage|p2a: Sneasler|0 fnt\n|faint|p2a: Sneasler\n|move|p2b: Venusaur|Earth Power|p1b: Porygon2\n|-supereffective|p1b: Porygon2\n|-damage|p1b: Porygon2|0 fnt\n|faint|p1b: Porygon2\n|\n|win|soap858\n|raw|BurningDL's rating: 1683 &rarr; <strong>1665<\/strong><br \/>(-18 for losing)\n|raw|soap858's rating: 1726 &rarr; <strong>1744<\/strong><br \/>(+18 for winning)\n|l|\u2606BurningDL\n|player|p1|\n|l|\u2606soap858\n|player|p2|\n","uploadtime":1729436109,"views":14,"formatid":"gen9vgc2024regh","rating":1665,"private":0,"password":null}