{"id":"gen9vgc2024regh-2227471857","format":"[Gen 9] VGC 2024 Reg H","players":["Tepig_nNz_498","lichuvgc"],"log":"|j|\u2606Tepig_nNz_498\n|j|\u2606lichuvgc\n|t:|1729491762\n|gametype|doubles\n|player|p1|Tepig_nNz_498|170|1703\n|player|p2|lichuvgc|dawn|1831\n|teamsize|p1|6\n|teamsize|p2|6\n|gen|9\n|tier|[Gen 9] VGC 2024 Reg H\n|rated|\n|rule|Species Clause: Limit one of each Pok\u00e9mon\n|rule|Item Clause: Limit 1 of each item\n|clearpoke\n|poke|p1|Politoed, L50, M|\n|poke|p1|Archaludon, L50, M|\n|poke|p1|Basculegion, L50, M|\n|poke|p1|Pelipper, L50, M|\n|poke|p1|Murkrow, L50, M|\n|poke|p1|Ludicolo, L50, M|\n|poke|p2|Gholdengo, L50|\n|poke|p2|Dragonite, L50, M|\n|poke|p2|Kingambit, L50, F|\n|poke|p2|Annihilape, L50, F|\n|poke|p2|Whimsicott, L50, F|\n|poke|p2|Volcarona, L50, F|\n|teampreview|4\n|inactive|Battle timer is ON: inactive players will automatically lose when time's up. (requested by Tepig_nNz_498)\n|\n|t:|1729491796\n|start\n|switch|p1a: Ludicolo|Ludicolo, L50, M|100\/100\n|switch|p1b: Pelipper|Pelipper, L50, M|100\/100\n|switch|p2a: Volcarona|Volcarona, L50, F, shiny|100\/100\n|switch|p2b: Whimsicott|Whimsicott, L50, F, shiny|100\/100\n|-weather|RainDance|[from] ability: Drizzle|[of] p1b: Pelipper\n|turn|1\n|\n|t:|1729491812\n|move|p1a: Ludicolo|Fake Out|p2b: Whimsicott\n|-damage|p2b: Whimsicott|90\/100\n|cant|p2b: Whimsicott|flinch\n|move|p2a: Volcarona|Heat Wave|p1a: Ludicolo|[spread] p1a,p1b\n|-resisted|p1b: Pelipper\n|-damage|p1a: Ludicolo|70\/100\n|-damage|p1b: Pelipper|78\/100\n|move|p1b: Pelipper|Hurricane|p2b: Whimsicott\n|-supereffective|p2b: Whimsicott\n|-damage|p2b: Whimsicott|0 fnt\n|faint|p2b: Whimsicott\n|\n|-weather|RainDance|[upkeep]\n|upkeep\n|inactive|lichuvgc has 30 seconds left.\n|\n|t:|1729491837\n|switch|p2b: Kingambit|Kingambit, L50, F, shiny|100\/100\n|turn|2\n|\n|t:|1729491848\n|-terastallize|p2a: Volcarona|Grass\n|move|p2b: Kingambit|Sucker Punch|p1b: Pelipper\n|-damage|p1b: Pelipper|30\/100\n|-enditem|p1b: Pelipper|Sitrus Berry|[eat]\n|-heal|p1b: Pelipper|55\/100|[from] item: Sitrus Berry\n|move|p1a: Ludicolo|Weather Ball|p2b: Kingambit\n|-damage|p2b: Kingambit|48\/100\n|move|p2a: Volcarona|Heat Wave|p1b: Pelipper|[spread] p1a,p1b\n|-resisted|p1b: Pelipper\n|-damage|p1a: Ludicolo|42\/100\n|-damage|p1b: Pelipper|32\/100\n|move|p1b: Pelipper|Surf|p2b: Kingambit|[spread] p1a,p2a,p2b\n|-resisted|p1a: Ludicolo\n|-resisted|p2a: Volcarona\n|-damage|p1a: Ludicolo|28\/100\n|-damage|p2a: Volcarona|76\/100\n|-damage|p2b: Kingambit|12\/100\n|\n|-weather|RainDance|[upkeep]\n|upkeep\n|turn|3\n|inactive|Tepig_nNz_498 has 30 seconds left.\n|\n|t:|1729491874\n|move|p2b: Kingambit|Sucker Punch|p1a: Ludicolo\n|-damage|p1a: Ludicolo|0 fnt\n|faint|p1a: Ludicolo\n|move|p2a: Volcarona|Heat Wave|p1b: Pelipper\n|-resisted|p1b: Pelipper\n|-damage|p1b: Pelipper|6\/100\n|move|p1b: Pelipper|Surf|p2b: Kingambit|[spread] p2a,p2b\n|-resisted|p2a: Volcarona\n|-damage|p2a: Volcarona|51\/100\n|-damage|p2b: Kingambit|0 fnt\n|faint|p2b: Kingambit\n|\n|-weather|RainDance|[upkeep]\n|upkeep\n|\n|t:|1729491883\n|switch|p1a: Murkrow|Murkrow, L50, M|100\/100\n|switch|p2b: Gholdengo|Gholdengo, L50, shiny|100\/100\n|turn|4\n|\n|t:|1729491893\n|move|p1a: Murkrow|Tailwind|p1a: Murkrow\n|-sidestart|p1: Tepig_nNz_498|move: Tailwind\n|move|p2b: Gholdengo|Make It Rain|p1a: Murkrow|[spread] p1a,p1b\n|-resisted|p1b: Pelipper\n|-enditem|p1a: Murkrow|Focus Sash\n|-damage|p1a: Murkrow|1\/100\n|-damage|p1b: Pelipper|0 fnt\n|-unboost|p2b: Gholdengo|spa|1\n|faint|p1b: Pelipper\n|move|p2a: Volcarona|Heat Wave|p1a: Murkrow\n|-damage|p1a: Murkrow|0 fnt\n|faint|p1a: Murkrow\n|\n|-weather|RainDance|[upkeep]\n|upkeep\n|\n|t:|1729491898\n|switch|p1b: Politoed|Politoed, L50, M|100\/100\n|turn|5\n|\n|t:|1729491908\n|-terastallize|p1b: Politoed|Dragon\n|move|p1b: Politoed|Muddy Water|p2a: Volcarona|[spread] p2a,p2b\n|-resisted|p2a: Volcarona\n|-damage|p2a: Volcarona|13\/100\n|-damage|p2b: Gholdengo|18\/100\n|-unboost|p2a: Volcarona|accuracy|1\n|-unboost|p2b: Gholdengo|accuracy|1\n|move|p2b: Gholdengo|Make It Rain|p1b: Politoed|[miss]\n|-miss|p2b: Gholdengo|p1b: Politoed\n|move|p2a: Volcarona|Heat Wave|p1b: Politoed\n|-resisted|p1b: Politoed\n|-damage|p1b: Politoed|82\/100\n|\n|-weather|none\n|upkeep\n|turn|6\n|\n|t:|1729491927\n|move|p1b: Politoed|Muddy Water|p2a: Volcarona|[spread] p2a,p2b\n|-resisted|p2a: Volcarona\n|-damage|p2a: Volcarona|0 fnt\n|-damage|p2b: Gholdengo|0 fnt\n|faint|p2a: Volcarona\n|faint|p2b: Gholdengo\n|\n|win|Tepig_nNz_498\n|raw|Tepig_nNz_498's rating: 1703 &rarr; <strong>1730<\/strong><br \/>(+27 for winning)\n|raw|lichuvgc's rating: 1831 &rarr; <strong>1804<\/strong><br \/>(-27 for losing)\n|l|\u2606lichuvgc\n|player|p2|\n|l|\u2606Tepig_nNz_498\n|player|p1|\n","uploadtime":1729492119,"views":48,"formatid":"gen9vgc2024regh","rating":1730,"private":0,"password":null}