{"id":"gen9vgc2024regh-2227772322","format":"[Gen 9] VGC 2024 Reg H","players":["bluestraggler01","yongbao"],"log":"|j|\u2606bluestraggler01\n|j|\u2606yongbao\n|t:|1729528473\n|gametype|doubles\n|player|p1|bluestraggler01|266|1699\n|player|p2|yongbao|dawn-gen4pt|1749\n|teamsize|p1|6\n|teamsize|p2|6\n|gen|9\n|tier|[Gen 9] VGC 2024 Reg H\n|rated|\n|rule|Species Clause: Limit one of each Pok\u00e9mon\n|rule|Item Clause: Limit 1 of each item\n|clearpoke\n|poke|p1|Skeledirge, L50, M|\n|poke|p1|Porygon2, L50|\n|poke|p1|Ursaluna, L50, M|\n|poke|p1|Amoonguss, L50, M|\n|poke|p1|Kommo-o, L50, M|\n|poke|p1|Maushold-Four, L50|\n|poke|p2|Garchomp, L50, M|\n|poke|p2|Annihilape, L50, M|\n|poke|p2|Corviknight, L50, M|\n|poke|p2|Tyranitar, L50, M|\n|poke|p2|Gholdengo, L50|\n|poke|p2|Murkrow, L50, F|\n|teampreview|4\n|j| DittoTang\n|\n|t:|1729528505\n|start\n|switch|p1a: Porygon2|Porygon2, L50|100\/100\n|switch|p1b: Skeledirge|Skeledirge, L50, M|100\/100\n|switch|p2a: Gholdengo|Gholdengo, L50|100\/100\n|switch|p2b: Annihilape|Annihilape, L50, M|100\/100\n|-ability|p1a: Porygon2|Download|boost\n|-boost|p1a: Porygon2|atk|1\n|turn|1\n|inactive|Battle timer is ON: inactive players will automatically lose when time's up. (requested by bluestraggler01)\n|\n|t:|1729528518\n|move|p1a: Porygon2|Protect|p1a: Porygon2\n|-singleturn|p1a: Porygon2|Protect\n|move|p2b: Annihilape|Final Gambit|p1a: Porygon2\n|-activate|p1a: Porygon2|move: Protect\n|move|p2a: Gholdengo|Shadow Ball|p1b: Skeledirge\n|-supereffective|p1b: Skeledirge\n|-damage|p1b: Skeledirge|14\/100\n|move|p1b: Skeledirge|Shadow Ball|p2b: Annihilape\n|-supereffective|p2b: Annihilape\n|-damage|p2b: Annihilape|20\/100\n|-enditem|p2b: Annihilape|Sitrus Berry|[eat]\n|-heal|p2b: Annihilape|45\/100|[from] item: Sitrus Berry\n|\n|upkeep\n|turn|2\n|\n|t:|1729528538\n|switch|p1b: Ursaluna|Ursaluna, L50, M|100\/100\n|move|p2b: Annihilape|Close Combat|p1a: Porygon2\n|-supereffective|p1a: Porygon2\n|-damage|p1a: Porygon2|40\/100\n|-unboost|p2b: Annihilape|def|1\n|-unboost|p2b: Annihilape|spd|1\n|move|p2a: Gholdengo|Shadow Ball|p1b: Ursaluna\n|-immune|p1b: Ursaluna\n|move|p1a: Porygon2|Trick Room|p1a: Porygon2\n|-fieldstart|move: Trick Room|[of] p1a: Porygon2\n|\n|-status|p1b: Ursaluna|brn|[from] item: Flame Orb\n|upkeep\n|turn|3\n|\n|t:|1729528556\n|switch|p1a: Skeledirge|Skeledirge, L50, M|14\/100\n|move|p1b: Ursaluna|High Horsepower|p2b: Annihilape|[miss]\n|-miss|p1b: Ursaluna|p2b: Annihilape\n|move|p2a: Gholdengo|Shadow Ball|p1b: Ursaluna\n|-immune|p1b: Ursaluna\n|move|p2b: Annihilape|Close Combat|p1a: Skeledirge\n|-immune|p1a: Skeledirge\n|\n|-damage|p1b: Ursaluna|95\/100 brn|[from] brn\n|upkeep\n|turn|4\n|inactive|yongbao has 30 seconds left.\n|\n|t:|1729528587\n|switch|p2a: Tyranitar|Tyranitar, L50, M|100\/100\n|-weather|Sandstorm|[from] ability: Sand Stream|[of] p2a: Tyranitar\n|move|p1b: Ursaluna|High Horsepower|p2a: Tyranitar\n|-supereffective|p2a: Tyranitar\n|-damage|p2a: Tyranitar|0 fnt\n|faint|p2a: Tyranitar\n|move|p1a: Skeledirge|Shadow Ball|p2b: Annihilape\n|-supereffective|p2b: Annihilape\n|-damage|p2b: Annihilape|0 fnt\n|faint|p2b: Annihilape\n|\n|-weather|Sandstorm|[upkeep]\n|-damage|p1a: Skeledirge|8\/100|[from] Sandstorm\n|-damage|p1b: Ursaluna|89\/100 brn|[from] brn\n|upkeep\n|l| DittoTang\n|\n|t:|1729528601\n|switch|p2a: Gholdengo|Gholdengo, L50|100\/100\n|switch|p2b: Garchomp|Garchomp, L50, M|100\/100\n|turn|5\n|\n|t:|1729528612\n|switch|p1a: Amoonguss|Amoonguss, L50, M|100\/100\n|-terastallize|p2a: Gholdengo|Flying\n|move|p1b: Ursaluna|High Horsepower|p2a: Gholdengo\n|-immune|p2a: Gholdengo\n|move|p2a: Gholdengo|Make It Rain|p1b: Ursaluna|[spread] p1a,p1b\n|-damage|p1a: Amoonguss|29\/100\n|-damage|p1b: Ursaluna|18\/100 brn\n|-unboost|p2a: Gholdengo|spa|1\n|move|p2b: Garchomp|Earthquake|p1a: Amoonguss|[spread] p1a,p1b\n|-immune|p2a: Gholdengo\n|-damage|p1a: Amoonguss|0 fnt\n|-damage|p1b: Ursaluna|0 fnt\n|faint|p1a: Amoonguss\n|faint|p1b: Ursaluna\n|\n|-weather|Sandstorm|[upkeep]\n|-damage|p2a: Gholdengo|94\/100|[from] Sandstorm\n|upkeep\n|j| fishle\n|\n|t:|1729528621\n|switch|p1a: Porygon2|Porygon2, L50|40\/100\n|switch|p1b: Skeledirge|Skeledirge, L50, M|8\/100\n|-ability|p1a: Porygon2|Download|boost\n|-boost|p1a: Porygon2|spa|1\n|turn|6\n|inactive|bluestraggler01 has 30 seconds left.\n|\n|t:|1729528647\n|move|p1a: Porygon2|Ice Beam|p2b: Garchomp\n|-supereffective|p2b: Garchomp\n|-damage|p2b: Garchomp|0 fnt\n|faint|p2b: Garchomp\n|move|p1b: Skeledirge|Torch Song|p2a: Gholdengo\n|-damage|p2a: Gholdengo|46\/100\n|-boost|p1b: Skeledirge|spa|1\n|move|p2a: Gholdengo|Make It Rain|p1b: Skeledirge|[spread] p1a,p1b\n|-resisted|p1b: Skeledirge\n|-damage|p1a: Porygon2|7\/100\n|-damage|p1b: Skeledirge|0 fnt\n|-unboost|p2a: Gholdengo|spa|1\n|faint|p1b: Skeledirge\n|\n|-weather|Sandstorm|[upkeep]\n|-damage|p1a: Porygon2|0 fnt|[from] Sandstorm\n|-damage|p2a: Gholdengo|40\/100|[from] Sandstorm\n|faint|p1a: Porygon2\n|\n|win|yongbao\n|upkeep\n|raw|bluestraggler01's rating: 1699 &rarr; <strong>1682<\/strong><br \/>(-17 for losing)\n|raw|yongbao's rating: 1749 &rarr; <strong>1766<\/strong><br \/>(+17 for winning)\n|l|\u2606bluestraggler01\n|player|p1|\n|l|\u2606yongbao\n|player|p2|\n|l| fishle\n","uploadtime":1729528791,"views":20,"formatid":"gen9vgc2024regh","rating":1682,"private":0,"password":null}