{"id":"gen9vgc2024regh-2227230143","format":"[Gen 9] VGC 2024 Reg H","players":["WobCob","Waffles4breakfast"],"log":"|j|\u2606WobCob\n|j|\u2606Waffles4breakfast\n|t:|1729459887\n|gametype|doubles\n|player|p1|WobCob|caitlin|1685\n|player|p2|Waffles4breakfast|juggler|1752\n|teamsize|p1|6\n|teamsize|p2|6\n|gen|9\n|tier|[Gen 9] VGC 2024 Reg H\n|rated|\n|rule|Species Clause: Limit one of each Pok\u00e9mon\n|rule|Item Clause: Limit 1 of each item\n|clearpoke\n|poke|p1|Garchomp, L50, F|\n|poke|p1|Annihilape, L50, F|\n|poke|p1|Incineroar, L50, F|\n|poke|p1|Sylveon, L50, F|\n|poke|p1|Porygon2, L50|\n|poke|p1|Amoonguss, L50, F|\n|poke|p2|Archaludon, L50, F|\n|poke|p2|Pelipper, L50, F|\n|poke|p2|Basculegion, L50, M|\n|poke|p2|Amoonguss, L50, F|\n|poke|p2|Gholdengo, L50|\n|poke|p2|Murkrow, L50, M|\n|teampreview|4\n|inactive|Battle timer is ON: inactive players will automatically lose when time's up. (requested by WobCob)\n|j| RetroDude42YT\n|inactive|WobCob has 60 seconds left.\n|\n|t:|1729459934\n|start\n|switch|p1a: Garchomp|Garchomp, L50, F|100\/100\n|switch|p1b: Incineroar|Incineroar, L50, F|100\/100\n|switch|p2a: Gholdengo|Gholdengo, L50|100\/100\n|switch|p2b: Basculegion|Basculegion, L50, M|100\/100\n|-ability|p1b: Incineroar|Intimidate|boost\n|-unboost|p2a: Gholdengo|atk|1\n|-unboost|p2b: Basculegion|atk|1\n|turn|1\n|inactive|WobCob has 30 seconds left.\n|\n|t:|1729459968\n|switch|p2a: Pelipper|Pelipper, L50, F|100\/100\n|-weather|RainDance|[from] ability: Drizzle|[of] p2a: Pelipper\n|switch|p1b: Amoonguss|Amoonguss, L50, F, shiny|100\/100\n|move|p2b: Basculegion|Wave Crash|p1b: Amoonguss\n|-resisted|p1b: Amoonguss\n|-damage|p1b: Amoonguss|65\/100\n|-damage|p2b: Basculegion|88\/100|[from] Recoil\n|move|p1a: Garchomp|Stomping Tantrum|p2b: Basculegion\n|-damage|p2b: Basculegion|23\/100\n|-damage|p1a: Garchomp|91\/100|[from] item: Life Orb\n|\n|-weather|RainDance|[upkeep]\n|upkeep\n|turn|2\n|inactive|WobCob has 30 seconds left.\n|inactive|WobCob has 20 seconds left.\n|inactive|WobCob has 15 seconds left.\n|\n|t:|1729460011\n|switch|p1b: Incineroar|Incineroar, L50, F|100\/100\n|-ability|p1b: Incineroar|Intimidate|boost\n|-unboost|p2a: Pelipper|atk|1\n|-unboost|p2b: Basculegion|atk|1\n|-terastallize|p2b: Basculegion|Grass\n|move|p2b: Basculegion|Wave Crash|p1a: Garchomp\n|-damage|p1a: Garchomp|25\/100\n|-damage|p2b: Basculegion|11\/100|[from] ability: Rough Skin|[of] p1a: Garchomp\n|-damage|p2b: Basculegion|0 fnt|[from] Recoil\n|faint|p2b: Basculegion\n|move|p1a: Garchomp|Stomping Tantrum|p2a: Pelipper\n|-immune|p2a: Pelipper\n|move|p2a: Pelipper|Hurricane|p1b: Incineroar\n|-damage|p1b: Incineroar|66\/100\n|\n|-weather|RainDance|[upkeep]\n|upkeep\n|\n|t:|1729460023\n|switch|p2b: Amoonguss|Amoonguss, L50, F|100\/100\n|turn|3\n|j| mr pogostick\n|inactive|WobCob has 30 seconds left.\n|inactive|WobCob has 20 seconds left.\n|inactive|WobCob has 15 seconds left.\n|\n|t:|1729460066\n|-terastallize|p1b: Incineroar|Ghost\n|move|p2a: Pelipper|Protect|p2a: Pelipper\n|-singleturn|p2a: Pelipper|Protect\n|move|p1b: Incineroar|Fake Out|p2b: Amoonguss\n|-damage|p2b: Amoonguss|91\/100\n|-damage|p1b: Incineroar|49\/100|[from] item: Rocky Helmet|[of] p2b: Amoonguss\n|move|p1a: Garchomp|Dragon Claw|p2a: Pelipper\n|-activate|p2a: Pelipper|move: Protect\n|cant|p2b: Amoonguss|flinch\n|\n|-weather|RainDance|[upkeep]\n|upkeep\n|turn|4\n|\n|t:|1729460085\n|move|p1a: Garchomp|Dragon Claw|p2a: Pelipper\n|-damage|p2a: Pelipper|28\/100\n|-damage|p1a: Garchomp|15\/100|[from] item: Life Orb\n|move|p2a: Pelipper|Weather Ball|p1a: Garchomp\n|-damage|p1a: Garchomp|0 fnt\n|faint|p1a: Garchomp\n|move|p1b: Incineroar|Knock Off|p2a: Pelipper\n|-damage|p2a: Pelipper|0 fnt\n|-enditem|p2a: Pelipper|Focus Sash|[from] move: Knock Off|[of] p1b: Incineroar\n|faint|p2a: Pelipper\n|move|p2b: Amoonguss|Spore|p1b: Incineroar\n|-activate|p1b: Incineroar|item: Safety Goggles|Spore\n|\n|-weather|RainDance|[upkeep]\n|upkeep\n|inactive|Waffles4breakfast has 30 seconds left.\n|\n|t:|1729460115\n|switch|p1a: Annihilape|Annihilape, L50, F, shiny|100\/100\n|switch|p2a: Gholdengo|Gholdengo, L50|100\/100\n|turn|5\n|\n|t:|1729460134\n|move|p2b: Amoonguss|Rage Powder|p2b: Amoonguss\n|-singleturn|p2b: Amoonguss|move: Rage Powder\n|move|p2a: Gholdengo|Shadow Ball|p1b: Incineroar\n|-supereffective|p1b: Incineroar\n|-damage|p1b: Incineroar|0 fnt\n|faint|p1b: Incineroar\n|move|p1a: Annihilape|Final Gambit|p2b: Amoonguss\n|-damage|p2b: Amoonguss|0 fnt\n|faint|p1a: Annihilape\n|faint|p2b: Amoonguss\n|\n|-weather|none\n|upkeep\n|\n|t:|1729460141\n|switch|p1b: Amoonguss|Amoonguss, L50, F, shiny|99\/100\n|turn|6\n|-message|WobCob forfeited.\n|\n|win|Waffles4breakfast\n|raw|WobCob's rating: 1685 &rarr; <strong>1671<\/strong><br \/>(-14 for losing)\n|raw|Waffles4breakfast's rating: 1793 &rarr; <strong>1807<\/strong><br \/>(+14 for winning)\n|l|\u2606WobCob\n|player|p1|\n|l| RetroDude42YT\n|l|\u2606Waffles4breakfast\n|player|p2|\n","uploadtime":1729460370,"views":8,"formatid":"gen9vgc2024regh","rating":1671,"private":0,"password":null}