{"id":"gen9vgc2024regh-2227134474","format":"[Gen 9] VGC 2024 Reg H","players":["Kronicler","ren122333"],"log":"|j|\u2606Kronicler\n|j|\u2606ren122333\n|t:|1729449907\n|gametype|doubles\n|player|p1|Kronicler|yellow|1664\n|player|p2|ren122333|hilbert|1713\n|teamsize|p1|6\n|teamsize|p2|6\n|gen|9\n|tier|[Gen 9] VGC 2024 Reg H\n|rated|\n|rule|Species Clause: Limit one of each Pok\u00e9mon\n|rule|Item Clause: Limit 1 of each item\n|clearpoke\n|poke|p1|Kingambit, L50, M|\n|poke|p1|Primarina, L50, F|\n|poke|p1|Sneasler, L50, F|\n|poke|p1|Magmar, L50, F|\n|poke|p1|Rillaboom, L50, F|\n|poke|p1|Dragapult, L50, F|\n|poke|p2|Whimsicott, L50, M|\n|poke|p2|Mamoswine, L50, M|\n|poke|p2|Lycanroc-Dusk, L50, M|\n|poke|p2|Typhlosion-Hisui, L50, F|\n|poke|p2|Farigiraf, L50, M|\n|poke|p2|Mienshao, L50, F|\n|teampreview|4\nKronicler rejected open team sheets.\n|inactive|Battle timer is ON: inactive players will automatically lose when time's up. (requested by Kronicler)\n|j| roccagamer4273.\n|inactive|Kronicler has 60 seconds left.\n|inactive|ren122333 has 60 seconds left.\n|\n|t:|1729449969\n|start\n|switch|p1a: Sneasler|Sneasler, L50, F|100\/100\n|switch|p1b: Primarina|Primarina, L50, F|100\/100\n|switch|p2a: Whimsicott|Whimsicott, L50, M|100\/100\n|switch|p2b: Mamoswine|Mamoswine, L50, M|100\/100\n|turn|1\n|inactive|ren122333 has 30 seconds left.\n|\n|t:|1729449996\n|-terastallize|p2b: Mamoswine|Grass\n|move|p1a: Sneasler|Dire Claw|p2a: Whimsicott\n|-supereffective|p2a: Whimsicott\n|-enditem|p2a: Whimsicott|Focus Sash\n|-damage|p2a: Whimsicott|1\/100\n|move|p2a: Whimsicott|Moonblast|p1a: Sneasler\n|-damage|p1a: Sneasler|50\/100\n|move|p2b: Mamoswine|High Horsepower|p1a: Sneasler\n|-supereffective|p1a: Sneasler\n|-damage|p1a: Sneasler|0 fnt\n|faint|p1a: Sneasler\n|move|p1b: Primarina|Hyper Voice|p2a: Whimsicott|[spread] p2a,p2b\n|-resisted|p2a: Whimsicott\n|-resisted|p2b: Mamoswine\n|-damage|p2a: Whimsicott|0 fnt\n|-damage|p2b: Mamoswine|78\/100\n|faint|p2a: Whimsicott\n|\n|upkeep\n|\n|t:|1729450009\n|switch|p1a: Magmar|Magmar, L50, F|100\/100\n|switch|p2a: Typhlosion|Typhlosion-Hisui, L50, F|100\/100\n|-item|p1a: Magmar|Eviolite|[from] ability: Frisk|[of] p2a: Typhlosion\n|-item|p1b: Primarina|Sitrus Berry|[from] ability: Frisk|[of] p2a: Typhlosion\n|turn|2\n|inactive|Kronicler has 30 seconds left.\n|inactive|Kronicler has 20 seconds left.\n|inactive|Kronicler has 15 seconds left.\n|\n|t:|1729450053\n|switch|p2a: Farigiraf|Farigiraf, L50, M|100\/100\n|move|p1a: Magmar|Protect|p1a: Magmar\n|-singleturn|p1a: Magmar|Protect\n|move|p2b: Mamoswine|High Horsepower|p1a: Magmar\n|-activate|p1a: Magmar|move: Protect\n|move|p1b: Primarina|Hyper Voice|p2a: Farigiraf|[spread] p2a,p2b\n|-resisted|p2b: Mamoswine\n|-damage|p2a: Farigiraf|65\/100\n|-damage|p2b: Mamoswine|55\/100\n|\n|upkeep\n|turn|3\n|\n|t:|1729450071\n|-terastallize|p1a: Magmar|Ghost\n|move|p2b: Mamoswine|High Horsepower|p1a: Magmar\n|-damage|p1a: Magmar|60\/100\n|move|p1a: Magmar|Overheat|p2b: Mamoswine\n|-supereffective|p2b: Mamoswine\n|-damage|p2b: Mamoswine|0 fnt\n|-unboost|p1a: Magmar|spa|2\n|faint|p2b: Mamoswine\n|move|p1b: Primarina|Moonblast|p2a: Farigiraf\n|-damage|p2a: Farigiraf|19\/100\n|move|p2a: Farigiraf|Hyper Voice|p1b: Primarina|[spread] p1b\n|-immune|p1a: Magmar\n|-damage|p1b: Primarina|71\/100\n|\n|upkeep\n|\n|t:|1729450073\n|switch|p2b: Typhlosion|Typhlosion-Hisui, L50, F|100\/100\n|-item|p1a: Magmar|Eviolite|[from] ability: Frisk|[of] p2b: Typhlosion\n|-item|p1b: Primarina|Sitrus Berry|[from] ability: Frisk|[of] p2b: Typhlosion\n|turn|4\n|\n|t:|1729450094\n|move|p1a: Magmar|Follow Me|p1a: Magmar\n|-singleturn|p1a: Magmar|move: Follow Me\n|move|p2b: Typhlosion|Eruption|p1a: Magmar|[spread] p1a,p1b\n|-resisted|p1b: Primarina\n|-damage|p1a: Magmar|0 fnt\n|-damage|p1b: Primarina|34\/100\n|-enditem|p1b: Primarina|Sitrus Berry|[eat]\n|-heal|p1b: Primarina|59\/100|[from] item: Sitrus Berry\n|faint|p1a: Magmar\n|move|p1b: Primarina|Moonblast|p2a: Farigiraf\n|-damage|p2a: Farigiraf|0 fnt\n|faint|p2a: Farigiraf\n|\n|upkeep\n|\n|t:|1729450099\n|switch|p1a: Kingambit|Kingambit, L50, M|100\/100\n|turn|5\n|-message|ren122333 forfeited.\n|\n|win|Kronicler\n|raw|Kronicler's rating: 1664 &rarr; <strong>1687<\/strong><br \/>(+23 for winning)\n|raw|ren122333's rating: 1713 &rarr; <strong>1690<\/strong><br \/>(-23 for losing)\n|l|\u2606ren122333\n|player|p2|\n|l|\u2606Kronicler\n|player|p1|\n","uploadtime":1729450317,"views":11,"formatid":"gen9vgc2024regh","rating":1687,"private":0,"password":null}