{"id":"gen9vgc2024regh-2227647577","format":"[Gen 9] VGC 2024 Reg H","players":["BigSalta","sshhooii"],"log":"|j|\u2606BigSalta\n|j|\u2606sshhooii\n|t:|1729517407\n|gametype|doubles\n|player|p1|BigSalta|cynthia|1716\n|player|p2|sshhooii|101|1639\n|teamsize|p1|6\n|teamsize|p2|6\n|gen|9\n|tier|[Gen 9] VGC 2024 Reg H\n|rated|\n|rule|Species Clause: Limit one of each Pok\u00e9mon\n|rule|Item Clause: Limit 1 of each item\n|clearpoke\n|poke|p1|Porygon2, L50|\n|poke|p1|Sneasler, L50, M|\n|poke|p1|Gholdengo, L50|\n|poke|p1|Amoonguss, L50, F|\n|poke|p1|Garchomp, L50, F|\n|poke|p1|Incineroar, L50, F|\n|poke|p2|Ribombee, L50, M|\n|poke|p2|Kommo-o, L50, M|\n|poke|p2|Chandelure, L50, M|\n|poke|p2|Samurott-Hisui, L50, M|\n|poke|p2|Archaludon, L50, M|\n|poke|p2|Rillaboom, L50, M|\n|teampreview|4\n|inactive|Battle timer is ON: inactive players will automatically lose when time's up. (requested by sshhooii)\n|\n|t:|1729517434\n|start\n|switch|p1a: Incineroar|Incineroar, L50, F|100\/100\n|switch|p1b: Sneasler|Sneasler, L50, M|100\/100\n|switch|p2a: Ribombee|Ribombee, L50, M|100\/100\n|switch|p2b: Samurott|Samurott-Hisui, L50, M, shiny|100\/100\n|-ability|p1a: Incineroar|Intimidate|boost\n|-unboost|p2a: Ribombee|atk|1\n|-unboost|p2b: Samurott|atk|1\n|turn|1\n|inactive|sshhooii has 30 seconds left.\n|inactive|BigSalta has 30 seconds left.\n|\n|t:|1729517472\n|switch|p1a: Amoonguss|Amoonguss, L50, F|100\/100\n|move|p2a: Ribombee|Dazzling Gleam|p1b: Sneasler|[spread] p1a,p1b\n|-resisted|p1a: Amoonguss\n|-damage|p1a: Amoonguss|85\/100\n|-damage|p1b: Sneasler|48\/100\n|move|p1b: Sneasler|Dire Claw|p2a: Ribombee\n|-supereffective|p2a: Ribombee\n|-damage|p2a: Ribombee|0 fnt\n|faint|p2a: Ribombee\n|move|p2b: Samurott|Ceaseless Edge|p1b: Sneasler\n|-resisted|p1b: Sneasler\n|-damage|p1b: Sneasler|21\/100\n|-sidestart|p1: BigSalta|Spikes\n|\n|upkeep\n|j| verybigmagikarp\n|\n|t:|1729517487\n|switch|p2a: Chandelure|Chandelure, L50, M, shiny|100\/100\n|turn|2\n|\n|t:|1729517511\n|-terastallize|p2a: Chandelure|Grass\n|-terastallize|p1a: Amoonguss|Fairy\n|move|p1b: Sneasler|Protect|p1b: Sneasler\n|-singleturn|p1b: Sneasler|Protect\n|move|p2a: Chandelure|Heat Wave|p1a: Amoonguss|[spread] p1a\n|-activate|p1b: Sneasler|move: Protect\n|-damage|p1a: Amoonguss|50\/100\n|-enditem|p1a: Amoonguss|Sitrus Berry|[eat]\n|-heal|p1a: Amoonguss|75\/100|[from] item: Sitrus Berry\n|move|p2b: Samurott|Aqua Cutter|p1b: Sneasler\n|-activate|p1b: Sneasler|move: Protect\n|move|p1a: Amoonguss|Spore|p2a: Chandelure\n|-immune|p2a: Chandelure\n|\n|upkeep\n|turn|3\n|\n|t:|1729517529\n|move|p2a: Chandelure|Heat Wave|p1b: Sneasler|[spread] p1a,p1b\n|-damage|p1a: Amoonguss|40\/100\n|-damage|p1b: Sneasler|0 fnt\n|faint|p1b: Sneasler\n|move|p2b: Samurott|Aqua Cutter|p1a: Amoonguss\n|-crit|p1a: Amoonguss\n|-damage|p1a: Amoonguss|0 fnt\n|faint|p1a: Amoonguss\n|\n|upkeep\n|\n|t:|1729517535\n|switch|p1b: Gholdengo|Gholdengo, L50|100\/100\n|switch|p1a: Incineroar|Incineroar, L50, F|100\/100\n|-damage|p1b: Gholdengo|88\/100|[from] Spikes\n|-damage|p1a: Incineroar|88\/100|[from] Spikes\n|-ability|p1a: Incineroar|Intimidate|boost\n|-unboost|p2a: Chandelure|atk|1\n|-unboost|p2b: Samurott|atk|1\n|turn|4\n|\n|t:|1729517551\n|switch|p2b: Kommo-o|Kommo-o, L50, M|100\/100\n|move|p2a: Chandelure|Heat Wave|p1a: Incineroar|[spread] p1a,p1b\n|-resisted|p1a: Incineroar\n|-supereffective|p1b: Gholdengo\n|-damage|p1a: Incineroar|69\/100\n|-damage|p1b: Gholdengo|0 fnt\n|faint|p1b: Gholdengo\n|move|p1a: Incineroar|Knock Off|p2a: Chandelure\n|-damage|p2a: Chandelure|40\/100\n|-enditem|p2a: Chandelure|Choice Scarf|[from] move: Knock Off|[of] p1a: Incineroar\n|\n|upkeep\n|turn|5\n|-message|BigSalta forfeited.\n|\n|win|sshhooii\n|raw|BigSalta's rating: 1716 &rarr; <strong>1692<\/strong><br \/>(-24 for losing)\n|raw|sshhooii's rating: 1639 &rarr; <strong>1663<\/strong><br \/>(+24 for winning)\n|l|\u2606BigSalta\n|player|p1|\n|l|\u2606sshhooii\n|player|p2|\n|l| verybigmagikarp\n","uploadtime":1729517694,"views":10,"formatid":"gen9vgc2024regh","rating":1663,"private":0,"password":null}