{"id":"gen9vgc2024regh-2227259513","format":"[Gen 9] VGC 2024 Reg H","players":["juacox300","Waffles4breakfast"],"log":"|j|\u2606juacox300\n|j|\u2606Waffles4breakfast\n|t:|1729463170\n|gametype|doubles\n|player|p1|juacox300|unknown|1726\n|player|p2|Waffles4breakfast|juggler|1800\n|teamsize|p1|6\n|teamsize|p2|6\n|gen|9\n|tier|[Gen 9] VGC 2024 Reg H\n|rated|\n|rule|Species Clause: Limit one of each Pok\u00e9mon\n|rule|Item Clause: Limit 1 of each item\n|clearpoke\n|poke|p1|Ursaluna, L50, M|\n|poke|p1|Murkrow, L50, M|\n|poke|p1|Archaludon, L50, M|\n|poke|p1|Sneasler, L50, M|\n|poke|p1|Indeedee, L50, M|\n|poke|p1|Incineroar, L50, F|\n|poke|p2|Archaludon, L50, F|\n|poke|p2|Pelipper, L50, M|\n|poke|p2|Basculegion, L50, M|\n|poke|p2|Amoonguss, L50, F|\n|poke|p2|Gholdengo, L50|\n|poke|p2|Murkrow, L50, M|\n|teampreview|4\n|\n|t:|1729463215\n|start\n|switch|p1a: Nightwing|Sneasler, L50, M|100\/100\n|switch|p1b: Alfred|Indeedee, L50, M, shiny|100\/100\n|switch|p2a: Gholdengo|Gholdengo, L50|100\/100\n|switch|p2b: Murkrow|Murkrow, L50, M|100\/100\n|-fieldstart|move: Psychic Terrain|[from] ability: Psychic Surge|[of] p1b: Alfred\n|-enditem|p1a: Nightwing|Psychic Seed\n|-boost|p1a: Nightwing|spd|1|[from] item: Psychic Seed\n|turn|1\n|\n|t:|1729463229\n|switch|p1b: Murkrow|Murkrow, L50, M|100\/100\n|-terastallize|p2a: Gholdengo|Steel\n|move|p2b: Murkrow|Tailwind|p2b: Murkrow\n|-sidestart|p2: Waffles4breakfast|move: Tailwind\n|move|p1a: Nightwing|Throat Chop|p2a: Gholdengo\n|-damage|p2a: Gholdengo|67\/100\n|-start|p2a: Gholdengo|Throat Chop|[silent]\n|move|p2a: Gholdengo|Make It Rain|p1a: Nightwing|[spread] p1a,p1b\n|-damage|p1a: Nightwing|10\/100\n|-damage|p1b: Murkrow|18\/100\n|-unboost|p2a: Gholdengo|spa|1\n|\n|upkeep\n|turn|2\n|inactive|Battle timer is ON: inactive players will automatically lose when time's up. (requested by Waffles4breakfast)\n|\n|t:|1729463240\n|switch|p2a: Pelipper|Pelipper, L50, M|100\/100\n|-weather|RainDance|[from] ability: Drizzle|[of] p2a: Pelipper\n|move|p1a: Nightwing|Protect|p1a: Nightwing\n|-singleturn|p1a: Nightwing|Protect\n|move|p1b: Murkrow|Tailwind|p1b: Murkrow\n|-sidestart|p1: juacox300|move: Tailwind\n|move|p2b: Murkrow|Foul Play|p1a: Nightwing\n|-activate|p1a: Nightwing|move: Protect\n|\n|-weather|RainDance|[upkeep]\n|upkeep\n|turn|3\n|\n|t:|1729463252\n|switch|p1b: Archaludon|Archaludon, L50, M, shiny|100\/100\n|move|p1a: Nightwing|Dire Claw|p2a: Pelipper\n|-damage|p2a: Pelipper|42\/100\n|move|p2a: Pelipper|Weather Ball|p1b: Archaludon\n|-resisted|p1b: Archaludon\n|-damage|p1b: Archaludon|61\/100\n|-ability|p1b: Archaludon|Stamina|boost\n|-boost|p1b: Archaludon|def|1\n|move|p2b: Murkrow|Foul Play|p1a: Nightwing\n|-resisted|p1a: Nightwing\n|-damage|p1a: Nightwing|0 fnt\n|faint|p1a: Nightwing\n|\n|-weather|RainDance|[upkeep]\n|upkeep\n|\n|t:|1729463259\n|switch|p1a: Alfred|Indeedee, L50, M, shiny|100\/100\n|turn|4\n|inactive|Waffles4breakfast has 30 seconds left.\n|inactive|Waffles4breakfast has 20 seconds left.\n|inactive|Waffles4breakfast has 15 seconds left.\n|inactive|Waffles4breakfast has 10 seconds left.\n|inactive|Waffles4breakfast has 5 seconds left.\n|\n|t:|1729463314\n|move|p1a: Alfred|Expanding Force|p2b: Murkrow|[spread] p2a\n|-immune|p2b: Murkrow\n|-damage|p2a: Pelipper|0 fnt\n|faint|p2a: Pelipper\n|move|p1b: Archaludon|Electro Shot||[still]\n|-prepare|p1b: Archaludon|Electro Shot\n|-boost|p1b: Archaludon|spa|1\n|-anim|p1b: Archaludon|Electro Shot|p2b: Murkrow\n|-supereffective|p2b: Murkrow\n|-damage|p2b: Murkrow|0 fnt\n|faint|p2b: Murkrow\n|\n|-weather|RainDance|[upkeep]\n|-sideend|p2: Waffles4breakfast|move: Tailwind\n|upkeep\n|\n|t:|1729463326\n|switch|p2a: Basculegion|Basculegion, L50, M|100\/100\n|switch|p2b: Gholdengo|Gholdengo, L50, tera:Steel|67\/100\n|turn|5\n|\n|t:|1729463333\n|move|p1a: Alfred|Expanding Force|p2b: Gholdengo|[spread] p2a,p2b\n|-resisted|p2b: Gholdengo\n|-damage|p2a: Basculegion|41\/100\n|-damage|p2b: Gholdengo|37\/100\n|move|p2a: Basculegion|Wave Crash|p1b: Archaludon\n|-resisted|p1b: Archaludon\n|-damage|p1b: Archaludon|26\/100\n|-ability|p1b: Archaludon|Stamina|boost\n|-boost|p1b: Archaludon|def|1\n|-damage|p2a: Basculegion|30\/100|[from] Recoil\n|move|p1b: Archaludon|Electro Shot||[still]\n|-prepare|p1b: Archaludon|Electro Shot\n|-boost|p1b: Archaludon|spa|1\n|-anim|p1b: Archaludon|Electro Shot|p2b: Gholdengo\n|-damage|p2b: Gholdengo|0 fnt\n|faint|p2b: Gholdengo\n|\n|-weather|RainDance|[upkeep]\n|-sideend|p1: juacox300|move: Tailwind\n|-fieldend|move: Psychic Terrain\n|upkeep\n|turn|6\n|inactive|Waffles4breakfast has 30 seconds left.\n|\n|t:|1729463362\n|move|p2a: Basculegion|Wave Crash|p1a: Alfred\n|-damage|p1a: Alfred|0 fnt\n|faint|p1a: Alfred\n|-damage|p2a: Basculegion|7\/100|[from] Recoil\n|move|p1b: Archaludon|Electro Shot||[still]\n|-prepare|p1b: Archaludon|Electro Shot\n|-boost|p1b: Archaludon|spa|1\n|-anim|p1b: Archaludon|Electro Shot|p2a: Basculegion\n|-supereffective|p2a: Basculegion\n|-damage|p2a: Basculegion|0 fnt\n|faint|p2a: Basculegion\n|\n|win|juacox300\n|raw|juacox300's rating: 1726 &rarr; <strong>1749<\/strong><br \/>(+23 for winning)\n|raw|Waffles4breakfast's rating: 1780 &rarr; <strong>1757<\/strong><br \/>(-23 for losing)\n|l|\u2606Waffles4breakfast\n|player|p2|\n|l|\u2606juacox300\n|player|p1|\n","uploadtime":1729463553,"views":14,"formatid":"gen9vgc2024regh","rating":1749,"private":0,"password":null}