{"id":"gen9vgc2024regh-2227261225","format":"[Gen 9] VGC 2024 Reg H","players":["Waffles4breakfast","Draxolotl"],"log":"|j|\u2606Waffles4breakfast\n|j|\u2606Draxolotl\n|t:|1729463363\n|gametype|doubles\n|player|p1|Waffles4breakfast|juggler|1757\n|player|p2|Draxolotl|169|1669\n|teamsize|p1|6\n|teamsize|p2|6\n|gen|9\n|tier|[Gen 9] VGC 2024 Reg H\n|rated|\n|rule|Species Clause: Limit one of each Pok\u00e9mon\n|rule|Item Clause: Limit 1 of each item\n|clearpoke\n|poke|p1|Archaludon, L50, F|\n|poke|p1|Pelipper, L50, M|\n|poke|p1|Basculegion, L50, M|\n|poke|p1|Amoonguss, L50, M|\n|poke|p1|Gholdengo, L50|\n|poke|p1|Murkrow, L50, M|\n|poke|p2|Rillaboom, L50, M|\n|poke|p2|Volcarona, L50, F|\n|poke|p2|Ninetales-Alola, L50, M|\n|poke|p2|Tauros-Paldea-Aqua, L50, M|\n|poke|p2|Dragonite, L50, M|\n|poke|p2|Archaludon, L50, M|\n|teampreview|4\n|inactive|Battle timer is ON: inactive players will automatically lose when time's up. (requested by Waffles4breakfast)\n|\n|t:|1729463404\n|start\n|switch|p1a: Archaludon|Archaludon, L50, F|100\/100\n|switch|p1b: Basculegion|Basculegion, L50, M|100\/100\n|switch|p2a: Archaludon|Archaludon, L50, M|100\/100\n|switch|p2b: Rillaboom|Rillaboom, L50, M|100\/100\n|-fieldstart|move: Grassy Terrain|[from] ability: Grassy Surge|[of] p2b: Rillaboom\n|turn|1\n|\n|t:|1729463429\n|-terastallize|p1b: Basculegion|Grass\n|move|p2a: Archaludon|Electro Shot||[still]\n|-prepare|p2a: Archaludon|Electro Shot\n|-boost|p2a: Archaludon|spa|1\n|-enditem|p2a: Archaludon|Power Herb\n|-anim|p2a: Archaludon|Electro Shot|p1b: Basculegion\n|-resisted|p1b: Basculegion\n|-damage|p1b: Basculegion|65\/100\n|move|p1b: Basculegion|Wave Crash|p2a: Archaludon\n|-resisted|p2a: Archaludon\n|-damage|p2a: Archaludon|66\/100\n|-damage|p1b: Basculegion|55\/100|[from] Recoil\n|move|p2b: Rillaboom|High Horsepower|p1a: Archaludon\n|-supereffective|p1a: Archaludon\n|-damage|p1a: Archaludon|56\/100\n|-ability|p1a: Archaludon|Stamina|boost\n|-boost|p1a: Archaludon|def|1\n|move|p1a: Archaludon|Body Press|p2a: Archaludon\n|-supereffective|p2a: Archaludon\n|-damage|p2a: Archaludon|2\/100\n|\n|-heal|p2a: Archaludon|8\/100|[from] Grassy Terrain\n|-heal|p1b: Basculegion|61\/100|[from] Grassy Terrain\n|-heal|p1a: Archaludon|62\/100|[from] Grassy Terrain\n|upkeep\n|turn|2\n|\n|t:|1729463453\n|switch|p1b: Pelipper|Pelipper, L50, M|100\/100\n|-weather|RainDance|[from] ability: Drizzle|[of] p1b: Pelipper\n|move|p2a: Archaludon|Draco Meteor|p1a: Archaludon\n|-damage|p1a: Archaludon|0 fnt\n|-unboost|p2a: Archaludon|spa|2\n|faint|p1a: Archaludon\n|move|p2b: Rillaboom|Wood Hammer|p1b: Pelipper\n|-enditem|p1b: Pelipper|Focus Sash\n|-damage|p1b: Pelipper|1\/100\n|-damage|p2b: Rillaboom|78\/100|[from] Recoil\n|\n|-weather|RainDance|[upkeep]\n|-heal|p2a: Archaludon|14\/100|[from] Grassy Terrain\n|-heal|p2b: Rillaboom|84\/100|[from] Grassy Terrain\n|upkeep\n|\n|t:|1729463460\n|switch|p1a: Gholdengo|Gholdengo, L50|100\/100\n|turn|3\n|\n|t:|1729463471\n|-terastallize|p2b: Rillaboom|Fire\n|move|p1b: Pelipper|Protect|p1b: Pelipper\n|-singleturn|p1b: Pelipper|Protect\n|move|p2a: Archaludon|Electro Shot||[still]\n|-prepare|p2a: Archaludon|Electro Shot\n|-boost|p2a: Archaludon|spa|1\n|-anim|p2a: Archaludon|Electro Shot|p1a: Gholdengo\n|-damage|p1a: Gholdengo|48\/100\n|move|p1a: Gholdengo|Make It Rain|p2a: Archaludon|[spread] p2a,p2b\n|-resisted|p2a: Archaludon\n|-resisted|p2b: Rillaboom\n|-damage|p2a: Archaludon|0 fnt\n|-damage|p2b: Rillaboom|56\/100\n|-unboost|p1a: Gholdengo|spa|1\n|faint|p2a: Archaludon\n|move|p2b: Rillaboom|Wood Hammer|p1b: Pelipper\n|-activate|p1b: Pelipper|move: Protect\n|\n|-weather|RainDance|[upkeep]\n|-heal|p1a: Gholdengo|54\/100|[from] Grassy Terrain\n|-heal|p2b: Rillaboom|61\/100|[from] Grassy Terrain\n|upkeep\n|\n|t:|1729463478\n|switch|p2a: Tauros|Tauros-Paldea-Aqua, L50, M|100\/100\n|-ability|p2a: Tauros|Intimidate|boost\n|-unboost|p1a: Gholdengo|atk|1\n|-unboost|p1b: Pelipper|atk|1\n|turn|4\n|\n|t:|1729463499\n|switch|p1b: Basculegion|Basculegion, L50, M, tera:Grass|61\/100\n|move|p2b: Rillaboom|Grassy Glide|p1b: Basculegion\n|-resisted|p1b: Basculegion\n|-damage|p1b: Basculegion|39\/100\n|move|p2a: Tauros|Wave Crash|p1a: Gholdengo\n|-damage|p1a: Gholdengo|0 fnt\n|faint|p1a: Gholdengo\n|-damage|p2a: Tauros|82\/100|[from] Recoil\n|\n|-weather|RainDance|[upkeep]\n|-heal|p1b: Basculegion|45\/100|[from] Grassy Terrain\n|-heal|p2a: Tauros|88\/100|[from] Grassy Terrain\n|-heal|p2b: Rillaboom|67\/100|[from] Grassy Terrain\n|upkeep\n|\n|t:|1729463500\n|switch|p1a: Pelipper|Pelipper, L50, M|1\/100\n|turn|5\n|\n|t:|1729463511\n|move|p1a: Pelipper|Protect|p1a: Pelipper\n|-singleturn|p1a: Pelipper|Protect\n|move|p2a: Tauros|Aqua Jet|p1a: Pelipper\n|-activate|p1a: Pelipper|move: Protect\n|move|p1b: Basculegion|Wave Crash|p2b: Rillaboom\n|-supereffective|p2b: Rillaboom\n|-damage|p2b: Rillaboom|0 fnt\n|faint|p2b: Rillaboom\n|-damage|p1b: Basculegion|23\/100|[from] Recoil\n|\n|-weather|RainDance|[upkeep]\n|-heal|p1b: Basculegion|29\/100|[from] Grassy Terrain\n|-heal|p2a: Tauros|94\/100|[from] Grassy Terrain\n|-fieldend|move: Grassy Terrain\n|upkeep\n|\n|t:|1729463513\n|switch|p2b: Ninetales|Ninetales-Alola, L50, M|100\/100\n|-weather|Snow|[from] ability: Snow Warning|[of] p2b: Ninetales\n|turn|6\n|\n|t:|1729463522\n|move|p2a: Tauros|Aqua Jet|p1a: Pelipper\n|-resisted|p1a: Pelipper\n|-damage|p1a: Pelipper|0 fnt\n|faint|p1a: Pelipper\n|move|p2b: Ninetales|Freeze-Dry|p1b: Basculegion\n|-supereffective|p1b: Basculegion\n|-damage|p1b: Basculegion|0 fnt\n|faint|p1b: Basculegion\n|\n|win|Draxolotl\n|raw|Waffles4breakfast's rating: 1757 &rarr; <strong>1732<\/strong><br \/>(-25 for losing)\n|raw|Draxolotl's rating: 1669 &rarr; <strong>1694<\/strong><br \/>(+25 for winning)\n|c|\u2606Draxolotl|Gg\n|l|\u2606Waffles4breakfast\n|player|p1|\n","uploadtime":1729463692,"views":17,"formatid":"gen9vgc2024regh","rating":1694,"private":0,"password":null}