{"id":"gen9vgc2024regh-2227209468","format":"[Gen 9] VGC 2024 Reg H","players":["ryanplaytv","Brave12223"],"log":"|j|\u2606ryanplaytv\n|j|\u2606Brave12223\n|t:|1729457700\n|gametype|doubles\n|player|p1|ryanplaytv|hiker-gen4|1675\n|player|p2|Brave12223|ingo|1702\n|teamsize|p1|6\n|teamsize|p2|6\n|gen|9\n|tier|[Gen 9] VGC 2024 Reg H\n|rated|\n|rule|Species Clause: Limit one of each Pok\u00e9mon\n|rule|Item Clause: Limit 1 of each item\n|clearpoke\n|poke|p1|Dragonite, L50, M|\n|poke|p1|Primarina, L50, F|\n|poke|p1|Rillaboom, L50, M|\n|poke|p1|Tauros-Paldea-Blaze, L50, M|\n|poke|p1|Annihilape, L50, M|\n|poke|p1|Kingambit, L50, M|\n|poke|p2|Tyranitar, L50, M|\n|poke|p2|Gastrodon, L50, F|\n|poke|p2|Garchomp, L50, F|\n|poke|p2|Talonflame, L50, F|\n|poke|p2|Kingambit, L50, F|\n|poke|p2|Tsareena, L50, F|\n|teampreview|4\n|inactive|Battle timer is ON: inactive players will automatically lose when time's up. (requested by Brave12223)\n|inactive|ryanplaytv has 60 seconds left.\n|\n|t:|1729457742\n|start\n|switch|p1a: Tauros|Tauros-Paldea-Blaze, L50, M|100\/100\n|switch|p1b: Primarina|Primarina, L50, F|100\/100\n|switch|p2a: Talonflame|Talonflame, L50, F|100\/100\n|switch|p2b: Tyranitar|Tyranitar, L50, M|100\/100\n|-ability|p1a: Tauros|Intimidate|boost\n|-unboost|p2a: Talonflame|atk|1\n|-fail|p2b: Tyranitar|unboost|[from] item: Clear Amulet|[of] p2b: Tyranitar\n|-weather|Sandstorm|[from] ability: Sand Stream|[of] p2b: Tyranitar\n|turn|1\n|\n|t:|1729457756\n|move|p2b: Tyranitar|Protect|p2b: Tyranitar\n|-singleturn|p2b: Tyranitar|Protect\n|move|p2a: Talonflame|Brave Bird|p1a: Tauros\n|-supereffective|p1a: Tauros\n|-damage|p1a: Tauros|41\/100\n|-damage|p2a: Talonflame|84\/100|[from] Recoil\n|move|p1a: Tauros|Will-O-Wisp|p2b: Tyranitar\n|-activate|p2b: Tyranitar|move: Protect\n|move|p1b: Primarina|Hyper Voice|p2a: Talonflame|[spread] p2a\n|-activate|p2b: Tyranitar|move: Protect\n|-supereffective|p2a: Talonflame\n|-damage|p2a: Talonflame|0 fnt\n|faint|p2a: Talonflame\n|-damage|p1b: Primarina|91\/100|[from] item: Life Orb\n|\n|-weather|Sandstorm|[upkeep]\n|-damage|p1a: Tauros|35\/100|[from] Sandstorm\n|-damage|p1b: Primarina|85\/100|[from] Sandstorm\n|upkeep\n|\n|t:|1729457765\n|switch|p2a: Garchomp|Garchomp, L50, F|100\/100\n|turn|2\n|\n|t:|1729457776\n|switch|p1a: Rillaboom|Rillaboom, L50, M|100\/100\n|-fieldstart|move: Grassy Terrain|[from] ability: Grassy Surge|[of] p1a: Rillaboom\n|-terastallize|p2b: Tyranitar|Flying\n|move|p2a: Garchomp|Earthquake|p1a: Rillaboom|[spread] p1a,p1b\n|-immune|p2b: Tyranitar\n|-resisted|p1a: Rillaboom\n|-damage|p1a: Rillaboom|83\/100\n|-damage|p1b: Primarina|50\/100\n|move|p2b: Tyranitar|Knock Off|p1b: Primarina\n|-resisted|p1b: Primarina\n|-damage|p1b: Primarina|21\/100\n|-enditem|p1b: Primarina|Life Orb|[from] move: Knock Off|[of] p2b: Tyranitar\n|move|p1b: Primarina|Moonblast|p2a: Garchomp\n|-supereffective|p2a: Garchomp\n|-damage|p2a: Garchomp|0 fnt\n|faint|p2a: Garchomp\n|\n|-weather|Sandstorm|[upkeep]\n|-damage|p2b: Tyranitar|95\/100|[from] Sandstorm\n|-damage|p1a: Rillaboom|77\/100|[from] Sandstorm\n|-damage|p1b: Primarina|15\/100|[from] Sandstorm\n|-heal|p1a: Rillaboom|83\/100|[from] Grassy Terrain\n|-heal|p1b: Primarina|21\/100|[from] Grassy Terrain\n|upkeep\n|\n|t:|1729457790\n|switch|p2a: Tsareena|Tsareena, L50, F|100\/100\n|turn|3\n|inactive|ryanplaytv has 30 seconds left.\n|j| mohamedcarnicero\n|\n|t:|1729457821\n|move|p1a: Rillaboom|Fake Out||[still]\n|cant|p2a: Tsareena|ability: Queenly Majesty|Fake Out|[of] p1a: Rillaboom\n|move|p2a: Tsareena|Power Whip|p1b: Primarina\n|-supereffective|p1b: Primarina\n|-damage|p1b: Primarina|0 fnt\n|faint|p1b: Primarina\n|move|p2b: Tyranitar|Tera Blast|p1a: Rillaboom|[anim] Tera Blast Flying\n|-supereffective|p1a: Rillaboom\n|-damage|p1a: Rillaboom|0 fnt\n|faint|p1a: Rillaboom\n|\n|-weather|Sandstorm|[upkeep]\n|-damage|p2a: Tsareena|94\/100|[from] Sandstorm\n|-damage|p2b: Tyranitar|89\/100|[from] Sandstorm\n|-heal|p2a: Tsareena|100\/100|[from] Grassy Terrain\n|upkeep\n|\n|t:|1729457825\n|switch|p1a: Tauros|Tauros-Paldea-Blaze, L50, M|35\/100\n|switch|p1b: Dragonite|Dragonite, L50, M|100\/100\n|-ability|p1a: Tauros|Intimidate|boost\n|-unboost|p2a: Tsareena|atk|1\n|-fail|p2b: Tyranitar|unboost|[from] item: Clear Amulet|[of] p2b: Tyranitar\n|turn|4\n|\n|t:|1729457842\n|-terastallize|p1b: Dragonite|Fairy\n|move|p1a: Tauros|Flare Blitz|p2a: Tsareena\n|-supereffective|p2a: Tsareena\n|-damage|p2a: Tsareena|0 fnt\n|faint|p2a: Tsareena\n|-damage|p1a: Tauros|2\/100|[from] Recoil\n|move|p1b: Dragonite|Scale Shot|p2b: Tyranitar\n|-damage|p2b: Tyranitar|75\/100\n|-damage|p2b: Tyranitar|60\/100\n|-damage|p2b: Tyranitar|46\/100\n|-damage|p2b: Tyranitar|31\/100\n|-damage|p2b: Tyranitar|15\/100\n|-hitcount|p2b: Tyranitar|5\n|-unboost|p1b: Dragonite|def|1\n|-boost|p1b: Dragonite|spe|1\n|move|p2b: Tyranitar|Tera Blast|p1a: Tauros|[anim] Tera Blast Flying\n|-supereffective|p1a: Tauros\n|-damage|p1a: Tauros|0 fnt\n|faint|p1a: Tauros\n|\n|-weather|Sandstorm|[upkeep]\n|-damage|p1b: Dragonite|94\/100|[from] Sandstorm\n|-damage|p2b: Tyranitar|10\/100|[from] Sandstorm\n|-heal|p1b: Dragonite|100\/100|[from] Grassy Terrain\n|upkeep\n|turn|5\n|l| mohamedcarnicero\n|\n|t:|1729457862\n|move|p1b: Dragonite|Extreme Speed|p2b: Tyranitar\n|-damage|p2b: Tyranitar|0 fnt\n|faint|p2b: Tyranitar\n|\n|win|ryanplaytv\n|raw|ryanplaytv's rating: 1675 &rarr; <strong>1697<\/strong><br \/>(+22 for winning)\n|raw|Brave12223's rating: 1702 &rarr; <strong>1680<\/strong><br \/>(-22 for losing)\n|l|\u2606Brave12223\n|player|p2|\n|l|\u2606ryanplaytv\n|player|p1|\n","uploadtime":1729458016,"views":10,"formatid":"gen9vgc2024regh","rating":1680,"private":0,"password":null}