{"id":"gen9vgc2024regh-2227604767","format":"[Gen 9] VGC 2024 Reg H","players":["trecal","cher1berry"],"log":"|j|\u2606trecal\n|j|\u2606cher1berry\n|t:|1729512717\n|gametype|doubles\n|player|p1|trecal|101|1743\n|player|p2|cher1berry|nancy|1793\n|teamsize|p1|6\n|teamsize|p2|6\n|gen|9\n|tier|[Gen 9] VGC 2024 Reg H\n|rated|\n|rule|Species Clause: Limit one of each Pok\u00e9mon\n|rule|Item Clause: Limit 1 of each item\n|clearpoke\n|poke|p1|Volcarona, L50, F|\n|poke|p1|Kingambit, L50, M|\n|poke|p1|Sneasler, L50, F|\n|poke|p1|Ninetales-Alola, L50, F|\n|poke|p1|Basculegion, L50, M|\n|poke|p1|Dragonite, L50, M|\n|poke|p2|Indeedee-F, L50, F|\n|poke|p2|Armarouge, L50, M|\n|poke|p2|Ursaluna-Bloodmoon, L50, M|\n|poke|p2|Torkoal, L50, M|\n|poke|p2|Lilligant-Hisui, L50, F|\n|poke|p2|Dragonite, L50, M|\n|teampreview|4\n|inactive|Battle timer is ON: inactive players will automatically lose when time's up. (requested by cher1berry)\n|inactive|trecal has 60 seconds left.\n|\n|t:|1729512771\n|start\n|switch|p1a: Sneasler|Sneasler, L50, F|100\/100\n|switch|p1b: Basculegion|Basculegion, L50, M|100\/100\n|switch|p2a: Riddihika|Lilligant-Hisui, L50, F|100\/100\n|switch|p2b: Gachiguma|Ursaluna-Bloodmoon, L50, M|100\/100\n|turn|1\n|inactive|trecal has 30 seconds left.\n|\n|t:|1729512804\n|-terastallize|p2a: Riddihika|Ghost\n|move|p2b: Gachiguma|Protect|p2b: Gachiguma\n|-singleturn|p2b: Gachiguma|Protect\n|move|p1b: Basculegion|Flip Turn|p2b: Gachiguma\n|-activate|p2b: Gachiguma|move: Protect\n|move|p1a: Sneasler|Dire Claw|p2a: Riddihika\n|-resisted|p2a: Riddihika\n|-damage|p2a: Riddihika|69\/100\n|move|p2a: Riddihika|Sleep Powder|p1b: Basculegion\n|-status|p1b: Basculegion|slp|[from] move: Sleep Powder\n|\n|upkeep\n|turn|2\n|inactive|trecal has 30 seconds left.\n|inactive|trecal has 20 seconds left.\n|\n|t:|1729512841\n|switch|p2b: Tawashi|Torkoal, L50, M|100\/100\n|-weather|SunnyDay|[from] ability: Drought|[of] p2b: Tawashi\n|move|p2a: Riddihika|Sleep Powder|p1a: Sneasler|[miss]\n|-miss|p2a: Riddihika|p1a: Sneasler\n|cant|p1b: Basculegion|slp\n|move|p1a: Sneasler|Close Combat|p2b: Tawashi\n|-damage|p2b: Tawashi|58\/100\n|-unboost|p1a: Sneasler|def|1\n|-unboost|p1a: Sneasler|spd|1\n|-status|p2b: Tawashi|psn|[from] ability: Poison Touch|[of] p1a: Sneasler\n|\n|-weather|SunnyDay|[upkeep]\n|-damage|p2b: Tawashi|45\/100 psn|[from] psn\n|upkeep\n|turn|3\n|inactive|trecal has 30 seconds left.\n|inactive|trecal has 20 seconds left.\n|inactive|trecal has 15 seconds left.\n|\n|t:|1729512886\n|switch|p1b: Ninetales|Ninetales-Alola, L50, F|100\/100\n|-weather|Snow|[from] ability: Snow Warning|[of] p1b: Ninetales\n|move|p1a: Sneasler|Dire Claw|p2a: Riddihika\n|-resisted|p2a: Riddihika\n|-damage|p2a: Riddihika|38\/100\n|-status|p2a: Riddihika|psn\n|move|p2a: Riddihika|Sleep Powder|p1a: Sneasler\n|-status|p1a: Sneasler|slp|[from] move: Sleep Powder\n|move|p2b: Tawashi|Eruption|p1a: Sneasler|[spread] p1a,p1b\n|-crit|p1a: Sneasler\n|-supereffective|p1b: Ninetales\n|-damage|p1a: Sneasler|27\/100 slp\n|-damage|p1b: Ninetales|46\/100\n|\n|-weather|Snow|[upkeep]\n|-damage|p2a: Riddihika|26\/100 psn|[from] psn\n|-damage|p2b: Tawashi|33\/100 psn|[from] psn\n|upkeep\n|turn|4\n|inactive|trecal has 30 seconds left.\n|inactive|cher1berry has 30 seconds left.\n|inactive|trecal has 20 seconds left.\n|\n|t:|1729512923\n|move|p1b: Ninetales|Protect|p1b: Ninetales\n|-singleturn|p1b: Ninetales|Protect\n|cant|p1a: Sneasler|slp\n|move|p2a: Riddihika|Close Combat|p1b: Ninetales\n|-activate|p1b: Ninetales|move: Protect\n|move|p2b: Tawashi|Overheat|p1b: Ninetales\n|-activate|p1b: Ninetales|move: Protect\n|\n|-weather|Snow|[upkeep]\n|-damage|p2a: Riddihika|14\/100 psn|[from] psn\n|-damage|p2b: Tawashi|20\/100 psn|[from] psn\n|upkeep\n|turn|5\n|\n|t:|1729512943\n|switch|p1b: Basculegion|Basculegion, L50, M|100\/100 slp\n|cant|p1a: Sneasler|slp\n|move|p2a: Riddihika|Close Combat|p1b: Basculegion\n|-immune|p1b: Basculegion\n|move|p2b: Tawashi|Overheat|p1b: Basculegion\n|-resisted|p1b: Basculegion\n|-damage|p1b: Basculegion|65\/100 slp\n|-unboost|p2b: Tawashi|spa|2\n|\n|-weather|Snow|[upkeep]\n|-damage|p2a: Riddihika|1\/100 psn|[from] psn\n|-damage|p2b: Tawashi|8\/100 psn|[from] psn\n|upkeep\n|turn|6\n|inactive|trecal has 30 seconds left.\n|\n|t:|1729512970\n|-curestatus|p1b: Basculegion|slp|[msg]\n|move|p1b: Basculegion|Flip Turn|p2a: Riddihika\n|-damage|p2a: Riddihika|0 fnt\n|faint|p2a: Riddihika\n|\n|t:|1729512978\n|switch|p1b: Ninetales|Ninetales-Alola, L50, F|46\/100|[from] Flip Turn\n|cant|p1a: Sneasler|slp\n|move|p2b: Tawashi|Overheat|p1a: Sneasler\n|-damage|p1a: Sneasler|0 fnt\n|-unboost|p2b: Tawashi|spa|2\n|faint|p1a: Sneasler\n|\n|-weather|Snow|[upkeep]\n|-damage|p2b: Tawashi|0 fnt|[from] psn\n|faint|p2b: Tawashi\n|upkeep\n|\n|t:|1729512990\n|switch|p1a: Basculegion|Basculegion, L50, M|65\/100\n|switch|p2a: Gachiguma|Ursaluna-Bloodmoon, L50, M|100\/100\n|switch|p2b: Dragonite|Dragonite, L50, M|100\/100\n|turn|7\n|\n|t:|1729513006\n|move|p2a: Gachiguma|Protect|p2a: Gachiguma\n|-singleturn|p2a: Gachiguma|Protect\n|move|p1a: Basculegion|Wave Crash|p2a: Gachiguma\n|-activate|p2a: Gachiguma|move: Protect\n|move|p1b: Ninetales|Blizzard|p2a: Gachiguma|[spread] p2b\n|-activate|p2a: Gachiguma|move: Protect\n|-supereffective|p2b: Dragonite\n|-damage|p2b: Dragonite|42\/100\n|move|p2b: Dragonite|Scale Shot|p1a: Basculegion\n|-damage|p1a: Basculegion|45\/100\n|-damage|p1a: Basculegion|25\/100\n|-damage|p1a: Basculegion|7\/100\n|-damage|p1a: Basculegion|0 fnt\n|faint|p1a: Basculegion\n|-hitcount|p1: Basculegion|4\n|-unboost|p2b: Dragonite|def|1\n|-boost|p2b: Dragonite|spe|1\n|\n|-weather|none\n|upkeep\n|\n|t:|1729513018\n|switch|p1a: Kingambit|Kingambit, L50, M|100\/100\n|turn|8\n|\n|t:|1729513037\n|move|p1a: Kingambit|Sucker Punch||[still]\n|-fail|p1a: Kingambit\n|move|p2b: Dragonite|Tailwind|p2b: Dragonite\n|-sidestart|p2: cher1berry|move: Tailwind\n|move|p2a: Gachiguma|Hyper Voice|p1b: Ninetales|[spread] p1a,p1b\n|-resisted|p1a: Kingambit\n|-damage|p1a: Kingambit|83\/100\n|-damage|p1b: Ninetales|0 fnt\n|faint|p1b: Ninetales\n|-damage|p2a: Gachiguma|91\/100|[from] item: Life Orb\n|\n|upkeep\n|turn|9\n|c|\u2606cher1berry|Close!\n|inactive|trecal has 30 seconds left.\n|\n|t:|1729513070\n|-terastallize|p1a: Kingambit|Flying\n|move|p2b: Dragonite|Scale Shot|p1a: Kingambit\n|-damage|p1a: Kingambit|73\/100\n|-damage|p1a: Kingambit|62\/100\n|-damage|p1a: Kingambit|51\/100\n|-damage|p1a: Kingambit|41\/100\n|-damage|p1a: Kingambit|30\/100\n|-hitcount|p1a: Kingambit|5\n|-unboost|p2b: Dragonite|def|1\n|-boost|p2b: Dragonite|spe|1\n|move|p2a: Gachiguma|Earth Power|p1a: Kingambit\n|-immune|p1a: Kingambit\n|move|p1a: Kingambit|Low Kick|p2a: Gachiguma\n|-supereffective|p2a: Gachiguma\n|-damage|p2a: Gachiguma|21\/100\n|\n|upkeep\n|turn|10\n|-message|trecal forfeited.\n|\n|win|cher1berry\n|raw|trecal's rating: 1743 &rarr; <strong>1726<\/strong><br \/>(-17 for losing)\n|raw|cher1berry's rating: 1793 &rarr; <strong>1810<\/strong><br \/>(+17 for winning)\n|j| fishle\n|l|\u2606trecal\n|player|p1|\n|l|\u2606cher1berry\n|player|p2|\n|l| fishle\n","uploadtime":1729513245,"views":13,"formatid":"gen9vgc2024regh","rating":1726,"private":0,"password":null}