{"id":"gen9vgc2024regh-2227683390","format":"[Gen 9] VGC 2024 Reg H","players":["kevintoodlepoot","sshhooii"],"log":"|j|\u2606kevintoodlepoot\n|j|\u2606sshhooii\n|t:|1729520783\n|gametype|doubles\n|player|p1|kevintoodlepoot|2|1701\n|player|p2|sshhooii|101|1720\n|teamsize|p1|6\n|teamsize|p2|6\n|gen|9\n|tier|[Gen 9] VGC 2024 Reg H\n|rated|\n|rule|Species Clause: Limit one of each Pok\u00e9mon\n|rule|Item Clause: Limit 1 of each item\n|clearpoke\n|poke|p1|Ninetales-Alola, L50, M|\n|poke|p1|Mamoswine, L50, F|\n|poke|p1|Sneasler, L50, M|\n|poke|p1|Dragonite, L50, F|\n|poke|p1|Kingambit, L50, M|\n|poke|p1|Amoonguss, L50, F|\n|poke|p2|Zoroark-Hisui, L50, M|\n|poke|p2|Sneasler, L50, M|\n|poke|p2|Pelipper, L50, M|\n|poke|p2|Primarina, L50, M|\n|poke|p2|Kingambit, L50, M|\n|poke|p2|Archaludon, L50, M|\n|teampreview|4\n|inactive|Battle timer is ON: inactive players will automatically lose when time's up. (requested by sshhooii)\n|inactive|kevintoodlepoot has 60 seconds left.\n|inactive|sshhooii has 60 seconds left.\n|\n|t:|1729520843\n|start\n|switch|p1a: Dragonite|Dragonite, L50, F|100\/100\n|switch|p1b: Sneasler|Sneasler, L50, M|100\/100\n|switch|p2a: Kingambit|Kingambit, L50, M|100\/100\n|switch|p2b: Pelipper|Pelipper, L50, M|100\/100\n|-weather|RainDance|[from] ability: Drizzle|[of] p2b: Pelipper\n|turn|1\n|\n|t:|1729520862\n|move|p1b: Sneasler|Dire Claw|p2b: Pelipper\n|-damage|p2b: Pelipper|62\/100\n|move|p2a: Kingambit|Hyper Voice|p1a: Dragonite|[spread] p1a,p1b\n|-damage|p1a: Dragonite|86\/100\n|-damage|p1b: Sneasler|25\/100\n|move|p1a: Dragonite|Low Kick|p2a: Kingambit\n|-immune|p2a: Kingambit\n|move|p2b: Pelipper|Tailwind|p2b: Pelipper\n|-sidestart|p2: sshhooii|move: Tailwind\n|\n|-weather|RainDance|[upkeep]\n|upkeep\n|turn|2\n|inactive|kevintoodlepoot has 30 seconds left.\n|\n|t:|1729520888\n|move|p2a: Kingambit|Hyper Voice|p1a: Dragonite|[spread] p1a,p1b\n|-crit|p1a: Dragonite\n|-damage|p1a: Dragonite|36\/100\n|-damage|p1b: Sneasler|0 fnt\n|faint|p1b: Sneasler\n|move|p2b: Pelipper|Hurricane|p1a: Dragonite\n|-crit|p1a: Dragonite\n|-damage|p1a: Dragonite|0 fnt\n|faint|p1a: Dragonite\n|\n|-weather|RainDance|[upkeep]\n|upkeep\n|\n|t:|1729520894\n|switch|p1b: Mamoswine|Mamoswine, L50, F|100\/100\n|switch|p1a: Ninetales|Ninetales-Alola, L50, M|100\/100\n|-weather|Snow|[from] ability: Snow Warning|[of] p1a: Ninetales\n|turn|3\n|\n|t:|1729520913\n|switch|p2b: Sneasler|Sneasler, L50, M|100\/100\n|move|p1b: Mamoswine|Ice Shard|p2a: Kingambit\n|-damage|p2a: Kingambit|56\/100\n|replace|p2a: Zoroark|Zoroark-Hisui, L50, M\n|-end|p2a: Zoroark|Illusion\n|move|p2a: Zoroark|Hyper Voice|p1a: Ninetales|[spread] p1a,p1b\n|-damage|p1a: Ninetales|44\/100\n|-damage|p1b: Mamoswine|36\/100\n|move|p1a: Ninetales|Blizzard|p2a: Zoroark|[spread] p2a,p2b\n|-damage|p2a: Zoroark|0 fnt\n|-damage|p2b: Sneasler|65\/100\n|faint|p2a: Zoroark\n|\n|-weather|Snow|[upkeep]\n|upkeep\n|\n|t:|1729520926\n|switch|p2a: Pelipper|Pelipper, L50, M|62\/100\n|-weather|RainDance|[from] ability: Drizzle|[of] p2a: Pelipper\n|turn|4\n|\n|t:|1729520934\n|move|p2b: Sneasler|Fake Out|p1b: Mamoswine\n|-damage|p1b: Mamoswine|18\/100\n|-status|p1b: Mamoswine|psn|[from] ability: Poison Touch|[of] p2b: Sneasler\n|cant|p1b: Mamoswine|flinch\n|move|p1a: Ninetales|Blizzard|p2a: Pelipper|[spread] p2a,p2b\n|-damage|p2a: Pelipper|17\/100\n|-damage|p2b: Sneasler|29\/100\n|move|p2a: Pelipper|Weather Ball|p1a: Ninetales\n|-crit|p1a: Ninetales\n|-damage|p1a: Ninetales|0 fnt\n|faint|p1a: Ninetales\n|\n|-weather|RainDance|[upkeep]\n|-damage|p1b: Mamoswine|5\/100 psn|[from] psn\n|-sideend|p2: sshhooii|move: Tailwind\n|upkeep\n|turn|5\n|-message|kevintoodlepoot forfeited.\n|\n|win|sshhooii\n|raw|kevintoodlepoot's rating: 1701 &rarr; <strong>1682<\/strong><br \/>(-19 for losing)\n|raw|sshhooii's rating: 1720 &rarr; <strong>1739<\/strong><br \/>(+19 for winning)\n|l|\u2606sshhooii\n|player|p2|\n","uploadtime":1729521172,"views":16,"formatid":"gen9vgc2024regh","rating":1682,"private":0,"password":null}