{"id":"gen9vgc2024regh-2227214981","format":"[Gen 9] VGC 2024 Reg H","players":["Brave12223","chiitancrazymascot"],"log":"|j|\u2606Brave12223\n|j|\u2606chiitancrazymascot\n|t:|1729458276\n|gametype|doubles\n|player|p1|Brave12223|ingo|1703\n|player|p2|chiitancrazymascot|pokemaniac|1776\n|teamsize|p1|6\n|teamsize|p2|6\n|gen|9\n|tier|[Gen 9] VGC 2024 Reg H\n|rated|\n|rule|Species Clause: Limit one of each Pok\u00e9mon\n|rule|Item Clause: Limit 1 of each item\n|clearpoke\n|poke|p1|Tyranitar, L50, F|\n|poke|p1|Gastrodon, L50, F|\n|poke|p1|Garchomp, L50, M|\n|poke|p1|Talonflame, L50, M|\n|poke|p1|Kingambit, L50, M|\n|poke|p1|Tsareena, L50, F|\n|poke|p2|Annihilape, L50, F|\n|poke|p2|Dondozo, L50, F|\n|poke|p2|Maushold-Four, L50|\n|poke|p2|Gholdengo, L50|\n|poke|p2|Whimsicott, L50, M|\n|poke|p2|Tatsugiri, L50, M|\n|teampreview|4\n|inactive|Battle timer is ON: inactive players will automatically lose when time's up. (requested by chiitancrazymascot)\n|\n|t:|1729458292\n|start\n|switch|p1a: Talonflame|Talonflame, L50, M|100\/100\n|switch|p1b: Garchomp|Garchomp, L50, M|100\/100\n|switch|p2a: Maushold|Maushold-Four, L50|100\/100\n|switch|p2b: Annihilape|Annihilape, L50, F, shiny|100\/100\n|turn|1\n|\n|t:|1729458312\n|-terastallize|p1b: Garchomp|Ground\n|move|p1a: Talonflame|Tailwind|p1a: Talonflame\n|-sidestart|p1: Brave12223|move: Tailwind\n|move|p1b: Garchomp|Earthquake|p2a: Maushold|[spread] p2a,p2b\n|-immune|p1a: Talonflame\n|-enditem|p2a: Maushold|Focus Sash\n|-damage|p2a: Maushold|1\/100\n|-damage|p2b: Annihilape|35\/100\n|-enditem|p2b: Annihilape|Sitrus Berry|[eat]\n|-heal|p2b: Annihilape|60\/100|[from] item: Sitrus Berry\n|move|p2a: Maushold|Beat Up|p2b: Annihilape\n|-damage|p2b: Annihilape|58\/100\n|-damage|p2b: Annihilape|56\/100\n|-damage|p2b: Annihilape|53\/100\n|-damage|p2b: Annihilape|51\/100\n|-hitcount|p2b: Annihilape|4\n|move|p2b: Annihilape|Rage Fist|p1a: Talonflame\n|-damage|p1a: Talonflame|0 fnt\n|faint|p1a: Talonflame\n|\n|upkeep\n|\n|t:|1729458326\n|switch|p1a: Kingambit|Kingambit, L50, M|100\/100\n|turn|2\n|j| Fog69\n|\n|t:|1729458348\n|move|p1a: Kingambit|Protect|p1a: Kingambit\n|-singleturn|p1a: Kingambit|Protect\n|move|p2b: Annihilape|Protect|p2b: Annihilape\n|-singleturn|p2b: Annihilape|Protect\n|move|p1b: Garchomp|Earthquake|p2b: Annihilape|[spread] p2a\n|-activate|p1a: Kingambit|move: Protect\n|-activate|p2b: Annihilape|move: Protect\n|-damage|p2a: Maushold|0 fnt\n|faint|p2a: Maushold\n|\n|upkeep\n|\n|t:|1729458350\n|switch|p2a: Dondozo|Dondozo, L50, F, shiny|100\/100\n|turn|3\n|\n|t:|1729458359\n|switch|p1b: Gastrodon|Gastrodon, L50, F|100\/100\n|switch|p2b: Tatsugiri|Tatsugiri, L50, M, shiny|100\/100\n|-activate|p2b: Tatsugiri|ability: Commander|[of] p2a: Dondozo\n|-boost|p2a: Dondozo|atk|2\n|-boost|p2a: Dondozo|spa|2\n|-boost|p2a: Dondozo|spe|2\n|-boost|p2a: Dondozo|def|2\n|-boost|p2a: Dondozo|spd|2\n|move|p2a: Dondozo|Order Up|p1b: Gastrodon\n|-damage|p1b: Gastrodon|51\/100\n|-boost|p2a: Dondozo|atk|1\n|move|p1a: Kingambit|Kowtow Cleave|p2b: Tatsugiri|[miss]\n|-miss|p1a: Kingambit|p2b: Tatsugiri\n|\n|upkeep\n|turn|4\n|\n|t:|1729458370\n|move|p2a: Dondozo|Order Up|p1b: Gastrodon\n|-damage|p1b: Gastrodon|0 fnt\n|faint|p1b: Gastrodon\n|-boost|p2a: Dondozo|atk|1\n|move|p1a: Kingambit|Kowtow Cleave|p2a: Dondozo\n|-damage|p2a: Dondozo|78\/100\n|\n|-heal|p2a: Dondozo|84\/100|[from] item: Leftovers\n|-sideend|p1: Brave12223|move: Tailwind\n|upkeep\n|\n|t:|1729458378\n|switch|p1b: Garchomp|Garchomp, L50, M, tera:Ground|100\/100\n|turn|5\n|\n|t:|1729458383\n|move|p2a: Dondozo|Protect|p2a: Dondozo\n|-singleturn|p2a: Dondozo|Protect\n|move|p1a: Kingambit|Sucker Punch||[still]\n|-fail|p1a: Kingambit\n|move|p1b: Garchomp|Stomping Tantrum|p2a: Dondozo\n|-activate|p2a: Dondozo|move: Protect\n|\n|-heal|p2a: Dondozo|90\/100|[from] item: Leftovers\n|upkeep\n|turn|6\n|\n|t:|1729458390\n|move|p1a: Kingambit|Sucker Punch|p2a: Dondozo\n|-damage|p2a: Dondozo|73\/100\n|move|p2a: Dondozo|Wave Crash|p1b: Garchomp\n|-supereffective|p1b: Garchomp\n|-damage|p1b: Garchomp|0 fnt\n|faint|p1b: Garchomp\n|-damage|p2a: Dondozo|46\/100|[from] Recoil\n|\n|-heal|p2a: Dondozo|52\/100|[from] item: Leftovers\n|upkeep\n|turn|7\n|\n|t:|1729458395\n|move|p1a: Kingambit|Sucker Punch|p2a: Dondozo\n|-crit|p2a: Dondozo\n|-damage|p2a: Dondozo|0 fnt\n|faint|p2a: Dondozo\n|\n|upkeep\n|\n|t:|1729458399\n|switch|p2a: Annihilape|Annihilape, L50, F, shiny|51\/100\n|turn|8\n|\n|t:|1729458411\n|move|p1a: Kingambit|Protect|p1a: Kingambit\n|-singleturn|p1a: Kingambit|Protect\n|move|p2b: Tatsugiri|Draco Meteor|p1a: Kingambit\n|-activate|p1a: Kingambit|move: Protect\n|move|p2a: Annihilape|Bulk Up|p2a: Annihilape\n|-boost|p2a: Annihilape|atk|1\n|-boost|p2a: Annihilape|def|1\n|\n|upkeep\n|turn|9\n|\n|t:|1729458417\n|move|p1a: Kingambit|Sucker Punch|p2a: Annihilape\n|-damage|p2a: Annihilape|22\/100\n|move|p2b: Tatsugiri|Draco Meteor|p1a: Kingambit\n|-resisted|p1a: Kingambit\n|-damage|p1a: Kingambit|68\/100\n|-unboost|p2b: Tatsugiri|spa|2\n|move|p2a: Annihilape|Drain Punch|p1a: Kingambit\n|-supereffective|p1a: Kingambit\n|-damage|p1a: Kingambit|0 fnt\n|-heal|p2a: Annihilape|54\/100|[from] drain|[of] p1a: Kingambit\n|faint|p1a: Kingambit\n|\n|win|chiitancrazymascot\n|raw|Brave12223's rating: 1703 &rarr; <strong>1687<\/strong><br \/>(-16 for losing)\n|raw|chiitancrazymascot's rating: 1776 &rarr; <strong>1792<\/strong><br \/>(+16 for winning)\n|l|\u2606Brave12223\n|player|p1|\n|l|\u2606chiitancrazymascot\n|player|p2|\n|l| Fog69\n","uploadtime":1729458420,"views":22,"formatid":"gen9vgc2024regh","rating":1687,"private":0,"password":null}