{"id":"gen9vgc2024regh-2227719306","format":"[Gen 9] VGC 2024 Reg H","players":["RocksTheRock","SamP_64"],"log":"|j|\u2606RocksTheRock\n|j|\u2606SamP_64\n|t:|1729523892\n|gametype|doubles\n|player|p1|RocksTheRock|red|1797\n|player|p2|SamP_64|2|1734\n|teamsize|p1|6\n|teamsize|p2|6\n|gen|9\n|tier|[Gen 9] VGC 2024 Reg H\n|rated|\n|rule|Species Clause: Limit one of each Pok\u00e9mon\n|rule|Item Clause: Limit 1 of each item\n|clearpoke\n|poke|p1|Indeedee-F, L50, F|\n|poke|p1|Torkoal, L50, M|\n|poke|p1|Gallade, L50, M|\n|poke|p1|Hatterene, L50, F|\n|poke|p1|Ursaluna, L50, F|\n|poke|p1|Charizard, L50, M|\n|poke|p2|Pelipper, L50, F|\n|poke|p2|Archaludon, L50, F|\n|poke|p2|Basculegion, L50, M|\n|poke|p2|Incineroar, L50, F|\n|poke|p2|Amoonguss, L50, F|\n|poke|p2|Maushold-Four, L50|\n|teampreview|4\n|inactive|Battle timer is ON: inactive players will automatically lose when time's up. (requested by RocksTheRock)\n|inactive|SamP_64 has 60 seconds left.\n|c|\u2606RocksTheRock|Gl\n|\n|t:|1729523934\n|start\n|switch|p1a: Indeedee|Indeedee-F, L50, F|100\/100\n|switch|p1b: Gallade|Gallade, L50, M|100\/100\n|switch|p2a: Amoonguss|Amoonguss, L50, F|100\/100\n|switch|p2b: Basculegion|Basculegion, L50, M|100\/100\n|-fieldstart|move: Psychic Terrain|[from] ability: Psychic Surge|[of] p1a: Indeedee\n|-enditem|p1a: Indeedee|Psychic Seed\n|-boost|p1a: Indeedee|spd|1|[from] item: Psychic Seed\n|turn|1\n|\n|t:|1729523955\n|-terastallize|p1a: Indeedee|Grass\n|move|p1a: Indeedee|Follow Me|p1a: Indeedee\n|-singleturn|p1a: Indeedee|move: Follow Me\n|move|p2b: Basculegion|Wave Crash|p1a: Indeedee\n|-resisted|p1a: Indeedee\n|-damage|p1a: Indeedee|56\/100\n|-damage|p2b: Basculegion|87\/100|[from] Recoil\n|move|p1b: Gallade|Psycho Cut|p2a: Amoonguss\n|-supereffective|p2a: Amoonguss\n|-damage|p2a: Amoonguss|0 fnt\n|faint|p2a: Amoonguss\n|\n|upkeep\n|j| futonkagebunshin\n|\n|t:|1729523976\n|switch|p2a: Pelipper|Pelipper, L50, F|100\/100\n|-weather|RainDance|[from] ability: Drizzle|[of] p2a: Pelipper\n|turn|2\n|inactive|RocksTheRock has 30 seconds left.\n|\n|t:|1729524009\n|-terastallize|p2b: Basculegion|Water\n|move|p1a: Indeedee|Follow Me|p1a: Indeedee\n|-singleturn|p1a: Indeedee|move: Follow Me\n|move|p2b: Basculegion|Wave Crash|p1a: Indeedee\n|-resisted|p1a: Indeedee\n|-damage|p1a: Indeedee|0 fnt\n|faint|p1a: Indeedee\n|-damage|p2b: Basculegion|70\/100|[from] Recoil\n|move|p2a: Pelipper|Hurricane|p1b: Gallade\n|-supereffective|p1b: Gallade\n|-damage|p1b: Gallade|8\/100\n|move|p1b: Gallade|Trick Room|p1b: Gallade\n|-fieldstart|move: Trick Room|[of] p1b: Gallade\n|\n|-weather|RainDance|[upkeep]\n|upkeep\n|inactive|RocksTheRock has 30 seconds left.\n|\n|t:|1729524035\n|switch|p1a: Ursaluna|Ursaluna, L50, F|100\/100\n|turn|3\n|inactive|SamP_64 has 30 seconds left.\n|\n|t:|1729524068\n|move|p1a: Ursaluna|Facade|p2a: Pelipper\n|-damage|p2a: Pelipper|44\/100\n|move|p1b: Gallade|Psycho Cut|p2a: Pelipper\n|-crit|p2a: Pelipper\n|-damage|p2a: Pelipper|0 fnt\n|faint|p2a: Pelipper\n|move|p2b: Basculegion|Wave Crash|p1a: Ursaluna\n|-supereffective|p1a: Ursaluna\n|-damage|p1a: Ursaluna|0 fnt\n|faint|p1a: Ursaluna\n|-damage|p2b: Basculegion|30\/100|[from] Recoil\n|\n|-weather|RainDance|[upkeep]\n|upkeep\n|\n|t:|1729524077\n|switch|p1a: Hatterene|Hatterene, L50, F|100\/100\n|switch|p2a: Incineroar|Incineroar, L50, F|100\/100\n|-ability|p2a: Incineroar|Intimidate|boost\n|-unboost|p1a: Hatterene|atk|1\n|-fail|p1b: Gallade|unboost|[from] item: Clear Amulet|[of] p1b: Gallade\n|turn|4\n|\n|t:|1729524092\n|move|p1a: Hatterene|Dazzling Gleam|p2a: Incineroar|[spread] p2a,p2b\n|-damage|p2a: Incineroar|64\/100\n|-damage|p2b: Basculegion|0 fnt\n|faint|p2b: Basculegion\n|-damage|p1a: Hatterene|91\/100|[from] item: Life Orb\n|move|p2a: Incineroar|Knock Off|p1b: Gallade\n|-damage|p1b: Gallade|0 fnt\n|-enditem|p1b: Gallade|Clear Amulet|[from] move: Knock Off|[of] p2a: Incineroar\n|faint|p1b: Gallade\n|\n|-weather|RainDance|[upkeep]\n|upkeep\n|turn|5\n|\n|t:|1729524107\n|move|p1a: Hatterene|Dazzling Gleam|p2a: Incineroar\n|-damage|p2a: Incineroar|11\/100\n|-damage|p1a: Hatterene|81\/100|[from] item: Life Orb\n|move|p2a: Incineroar|Knock Off|p1a: Hatterene\n|-damage|p1a: Hatterene|41\/100\n|-enditem|p1a: Hatterene|Life Orb|[from] move: Knock Off|[of] p2a: Incineroar\n|\n|-weather|RainDance|[upkeep]\n|-fieldend|move: Psychic Terrain\n|upkeep\n|turn|6\n|\n|t:|1729524120\n|move|p1a: Hatterene|Dazzling Gleam|p2a: Incineroar\n|-damage|p2a: Incineroar|0 fnt\n|faint|p2a: Incineroar\n|\n|win|RocksTheRock\n|raw|RocksTheRock's rating: 1797 &rarr; <strong>1813<\/strong><br \/>(+16 for winning)\n|raw|SamP_64's rating: 1734 &rarr; <strong>1718<\/strong><br \/>(-16 for losing)\n|l|\u2606SamP_64\n|player|p2|\n|l| futonkagebunshin\n|l|\u2606RocksTheRock\n|player|p1|\n","uploadtime":1729524372,"views":17,"formatid":"gen9vgc2024regh","rating":1718,"private":0,"password":null}