{"id":"gen9vgc2024regh-2227671781","format":"[Gen 9] VGC 2024 Reg H","players":["bluestraggler01","nickbattlesmons"],"log":"|j|\u2606bluestraggler01\n|j|\u2606nickbattlesmons\n|t:|1729519737\n|gametype|doubles\n|player|p1|bluestraggler01|266|1711\n|player|p2|nickbattlesmons|170|1688\n|teamsize|p1|6\n|teamsize|p2|6\n|gen|9\n|tier|[Gen 9] VGC 2024 Reg H\n|rated|\n|rule|Species Clause: Limit one of each Pok\u00e9mon\n|rule|Item Clause: Limit 1 of each item\n|clearpoke\n|poke|p1|Skeledirge, L50, M|\n|poke|p1|Porygon2, L50|\n|poke|p1|Ursaluna, L50, M|\n|poke|p1|Amoonguss, L50, F|\n|poke|p1|Kommo-o, L50, F|\n|poke|p1|Maushold-Four, L50|\n|poke|p2|Porygon2, L50|\n|poke|p2|Ursaluna, L50, M|\n|poke|p2|Volcarona, L50, M|\n|poke|p2|Grimmsnarl, L50, M|\n|poke|p2|Gholdengo, L50|\n|poke|p2|Annihilape, L50, F|\n|teampreview|4\n|inactive|Battle timer is ON: inactive players will automatically lose when time's up. (requested by nickbattlesmons)\nnickbattlesmons has agreed to open team sheets.\nbluestraggler01 rejected open team sheets.\n|\n|t:|1729519767\n|start\n|switch|p1a: Skeledirge|Skeledirge, L50, M|100\/100\n|switch|p1b: Porygon2|Porygon2, L50|100\/100\n|switch|p2a: Grimmsnarl|Grimmsnarl, L50, M|100\/100\n|switch|p2b: Gholdengo|Gholdengo, L50|100\/100\n|-ability|p1b: Porygon2|Download|boost\n|-boost|p1b: Porygon2|atk|1\n|turn|1\n|inactive|nickbattlesmons has 30 seconds left.\n|inactive|nickbattlesmons has 20 seconds left.\n|inactive|nickbattlesmons has 15 seconds left.\n|\n|t:|1729519808\n|switch|p2b: Porygon2|Porygon2, L50, shiny|100\/100\n|-ability|p2b: Porygon2|Unaware|[from] ability: Trace|[of] p1a: Skeledirge\n|switch|p1b: Amoonguss|Amoonguss, L50, F|100\/100\n|move|p2a: Grimmsnarl|Taunt|p1b: Amoonguss\n|-start|p1b: Amoonguss|move: Taunt\n|-enditem|p1b: Amoonguss|Mental Herb\n|-end|p1b: Amoonguss|move: Taunt\n|move|p1a: Skeledirge|Torch Song|p2b: Porygon2\n|-damage|p2b: Porygon2|78\/100\n|-boost|p1a: Skeledirge|spa|1\n|\n|upkeep\n|turn|2\n|inactive|bluestraggler01 has 30 seconds left.\n|inactive|nickbattlesmons has 30 seconds left.\n|\n|t:|1729519834\n|switch|p1b: Ursaluna|Ursaluna, L50, M|100\/100\n|move|p2a: Grimmsnarl|Taunt|p1b: Ursaluna\n|-start|p1b: Ursaluna|move: Taunt\n|move|p1a: Skeledirge|Torch Song|p2b: Porygon2\n|-damage|p2b: Porygon2|55\/100\n|-boost|p1a: Skeledirge|spa|1\n|move|p2b: Porygon2|Shadow Ball|p1a: Skeledirge\n|-supereffective|p1a: Skeledirge\n|-damage|p1a: Skeledirge|69\/100\n|\n|-status|p1b: Ursaluna|brn|[from] item: Flame Orb\n|upkeep\n|turn|3\n|\n|t:|1729519855\n|-terastallize|p2b: Porygon2|Ghost\n|move|p2a: Grimmsnarl|Reflect|p2a: Grimmsnarl\n|-sidestart|p2: nickbattlesmons|Reflect\n|move|p1a: Skeledirge|Torch Song|p2a: Grimmsnarl\n|-damage|p2a: Grimmsnarl|26\/100\n|-boost|p1a: Skeledirge|spa|1\n|move|p2b: Porygon2|Shadow Ball|p1a: Skeledirge\n|-supereffective|p1a: Skeledirge\n|-damage|p1a: Skeledirge|24\/100\n|move|p1b: Ursaluna|Facade|p2b: Porygon2\n|-immune|p2b: Porygon2\n|\n|-damage|p1b: Ursaluna|95\/100 brn|[from] brn\n|upkeep\n|turn|4\n|\n|t:|1729519881\n|switch|p1a: Porygon2|Porygon2, L50|100\/100\n|-ability|p1a: Porygon2|Download|boost\n|-boost|p1a: Porygon2|atk|1\n|move|p2a: Grimmsnarl|Light Screen|p2a: Grimmsnarl\n|-sidestart|p2: nickbattlesmons|move: Light Screen\n|move|p2b: Porygon2|Recover|p2b: Porygon2\n|-heal|p2b: Porygon2|100\/100\n|move|p1b: Ursaluna|Facade|p2a: Grimmsnarl\n|-damage|p2a: Grimmsnarl|0 fnt\n|faint|p2a: Grimmsnarl\n|\n|-damage|p1b: Ursaluna|89\/100 brn|[from] brn\n|-end|p1b: Ursaluna|move: Taunt\n|upkeep\n|\n|t:|1729519894\n|switch|p2a: Ursaluna|Ursaluna, L50, M|100\/100\n|turn|5\n|inactive|bluestraggler01 has 30 seconds left.\n|\n|t:|1729519921\n|move|p2a: Ursaluna|Protect|p2a: Ursaluna\n|-singleturn|p2a: Ursaluna|Protect\n|move|p2b: Porygon2|Tri Attack|p1b: Ursaluna\n|-damage|p1b: Ursaluna|63\/100 brn\n|move|p1a: Porygon2|Ice Beam|p2a: Ursaluna\n|-activate|p2a: Ursaluna|move: Protect\n|move|p1b: Ursaluna|Facade|p2a: Ursaluna\n|-activate|p2a: Ursaluna|move: Protect\n|\n|-damage|p1b: Ursaluna|57\/100 brn|[from] brn\n|-status|p2a: Ursaluna|brn|[from] item: Flame Orb\n|upkeep\n|turn|6\n|inactive|nickbattlesmons has 30 seconds left.\n|\n|t:|1729519960\n|switch|p2a: Gholdengo|Gholdengo, L50|100\/100\n|-terastallize|p1b: Ursaluna|Ghost\n|move|p2b: Porygon2|Tri Attack|p1b: Ursaluna\n|-immune|p1b: Ursaluna\n|move|p1b: Ursaluna|Facade|p2a: Gholdengo\n|-immune|p2a: Gholdengo\n|move|p1a: Porygon2|Trick Room|p1a: Porygon2\n|-fieldstart|move: Trick Room|[of] p1a: Porygon2\n|\n|-damage|p1b: Ursaluna|52\/100 brn|[from] brn\n|upkeep\n|turn|7\n|\n|t:|1729519976\n|switch|p1a: Amoonguss|Amoonguss, L50, F|100\/100\n|switch|p2a: Ursaluna|Ursaluna, L50, M|100\/100 brn\n|move|p1b: Ursaluna|Protect|p1b: Ursaluna\n|-singleturn|p1b: Ursaluna|Protect\n|move|p2b: Porygon2|Shadow Ball|p1b: Ursaluna\n|-activate|p1b: Ursaluna|move: Protect\n|\n|-damage|p1b: Ursaluna|46\/100 brn|[from] brn\n|-damage|p2a: Ursaluna|95\/100 brn|[from] brn\n|upkeep\n|turn|8\n|inactive|nickbattlesmons has 30 seconds left.\n|\n|t:|1729520003\n|switch|p2b: Gholdengo|Gholdengo, L50|100\/100\n|move|p1a: Amoonguss|Spore|p2b: Gholdengo\n|-immune|p2b: Gholdengo|[from] ability: Good as Gold\n|move|p1b: Ursaluna|Facade|p2a: Ursaluna\n|-damage|p2a: Ursaluna|36\/100 brn\n|move|p2a: Ursaluna|Headlong Rush|p1b: Ursaluna\n|-damage|p1b: Ursaluna|0 fnt\n|-unboost|p2a: Ursaluna|def|1\n|-unboost|p2a: Ursaluna|spd|1\n|faint|p1b: Ursaluna\n|\n|-damage|p2a: Ursaluna|30\/100 brn|[from] brn\n|upkeep\n|\n|t:|1729520014\n|switch|p1b: Skeledirge|Skeledirge, L50, M|24\/100\n|turn|9\n|j| nebito47\n|\n|t:|1729520031\n|switch|p2b: Porygon2|Porygon2, L50, shiny, tera:Ghost|100\/100\n|-ability|p2b: Porygon2|Unaware|[from] ability: Trace|[of] p1b: Skeledirge\n|move|p1a: Amoonguss|Leaf Storm|p2a: Ursaluna\n|-supereffective|p2a: Ursaluna\n|-damage|p2a: Ursaluna|0 fnt\n|-unboost|p1a: Amoonguss|spa|2\n|faint|p2a: Ursaluna\n|move|p1b: Skeledirge|Torch Song|p2b: Porygon2\n|-damage|p2b: Porygon2|84\/100\n|-boost|p1b: Skeledirge|spa|1\n|\n|upkeep\n|\n|t:|1729520038\n|switch|p2a: Gholdengo|Gholdengo, L50|100\/100\n|turn|10\n|\n|t:|1729520060\n|move|p1a: Amoonguss|Pollen Puff|p1b: Skeledirge\n|-heal|p1b: Skeledirge|73\/100\n|move|p2b: Porygon2|Shadow Ball|p1b: Skeledirge\n|-supereffective|p1b: Skeledirge\n|-damage|p1b: Skeledirge|34\/100\n|move|p1b: Skeledirge|Torch Song|p2a: Gholdengo\n|-supereffective|p2a: Gholdengo\n|-damage|p2a: Gholdengo|24\/100\n|-boost|p1b: Skeledirge|spa|1\n|move|p2a: Gholdengo|Shadow Ball|p1b: Skeledirge\n|-supereffective|p1b: Skeledirge\n|-damage|p1b: Skeledirge|0 fnt\n|faint|p1b: Skeledirge\n|\n|-sideend|p2: nickbattlesmons|Reflect\n|-fieldend|move: Trick Room\n|upkeep\n|\n|t:|1729520074\n|switch|p1b: Porygon2|Porygon2, L50|100\/100\n|-ability|p1b: Porygon2|Download|boost\n|-boost|p1b: Porygon2|spa|1\n|turn|11\n|\n|t:|1729520082\n|move|p2a: Gholdengo|Shadow Ball|p1a: Amoonguss\n|-damage|p1a: Amoonguss|38\/100\n|move|p2b: Porygon2|Shadow Ball|p1a: Amoonguss\n|-damage|p1a: Amoonguss|11\/100\n|move|p1b: Porygon2|Ice Beam|p2a: Gholdengo\n|-resisted|p2a: Gholdengo\n|-damage|p2a: Gholdengo|12\/100\n|move|p1a: Amoonguss|Spore|p2b: Porygon2\n|-status|p2b: Porygon2|slp|[from] move: Spore\n|\n|-sideend|p2: nickbattlesmons|move: Light Screen\n|upkeep\n|turn|12\n|\n|t:|1729520100\n|move|p2a: Gholdengo|Shadow Ball|p1a: Amoonguss\n|-damage|p1a: Amoonguss|0 fnt\n|faint|p1a: Amoonguss\n|cant|p2b: Porygon2|slp\n|move|p1b: Porygon2|Ice Beam|p2b: Porygon2\n|-damage|p2b: Porygon2|70\/100 slp\n|\n|upkeep\n|turn|13\n|\n|t:|1729520111\n|move|p2a: Gholdengo|Shadow Ball|p1b: Porygon2\n|-immune|p1b: Porygon2\n|move|p1b: Porygon2|Ice Beam|p2b: Porygon2\n|-damage|p2b: Porygon2|54\/100 slp\n|-curestatus|p2b: Porygon2|slp|[msg]\n|move|p2b: Porygon2|Trick Room|p2b: Porygon2\n|-fieldstart|move: Trick Room|[of] p2b: Porygon2\n|\n|upkeep\n|turn|14\n|\n|t:|1729520118\n|move|p1b: Porygon2|Ice Beam|p2b: Porygon2\n|-damage|p2b: Porygon2|40\/100\n|move|p2b: Porygon2|Recover|p2b: Porygon2\n|-heal|p2b: Porygon2|90\/100\n|move|p2a: Gholdengo|Shadow Ball|p1b: Porygon2\n|-immune|p1b: Porygon2\n|\n|upkeep\n|turn|15\n|\n|t:|1729520131\n|move|p1b: Porygon2|Ice Beam|p2b: Porygon2\n|-damage|p2b: Porygon2|74\/100\n|move|p2a: Gholdengo|Shadow Ball|p1b: Porygon2\n|-immune|p1b: Porygon2\n|move|p2b: Porygon2|Trick Room|p2b: Porygon2\n|-fieldend|move: Trick Room\n|\n|upkeep\n|turn|16\n|-message|bluestraggler01 forfeited.\n|\n|win|nickbattlesmons\n|raw|bluestraggler01's rating: 1711 &rarr; <strong>1690<\/strong><br \/>(-21 for losing)\n|raw|nickbattlesmons's rating: 1688 &rarr; <strong>1709<\/strong><br \/>(+21 for winning)\n|l|\u2606bluestraggler01\n|player|p1|\n|l|\u2606nickbattlesmons\n|player|p2|\n|l| nebito47\n","uploadtime":1729520337,"views":12,"formatid":"gen9vgc2024regh","rating":1690,"private":0,"password":null}