{"id":"gen9vgc2024regh-2227398050","format":"[Gen 9] VGC 2024 Reg H","players":["OSAMABINGETINLADIN","Angelo Neres"],"log":"|j|\u2606OSAMABINGETINLADIN\n|j|\u2606Angelo Neres\n|t:|1729479714\n|gametype|doubles\n|player|p1|OSAMABINGETINLADIN|policeman-gen4|1725\n|player|p2|Angelo Neres|102|1671\n|teamsize|p1|6\n|teamsize|p2|6\n|gen|9\n|tier|[Gen 9] VGC 2024 Reg H\n|rated|\n|rule|Species Clause: Limit one of each Pok\u00e9mon\n|rule|Item Clause: Limit 1 of each item\n|clearpoke\n|poke|p1|Sneasler, L50, M|\n|poke|p1|Indeedee, L50, M|\n|poke|p1|Dragapult, L50, M|\n|poke|p1|Decidueye-Hisui, L50, F|\n|poke|p1|Typhlosion-Hisui, L50, M|\n|poke|p1|Whimsicott, L50, F|\n|poke|p2|Garganacl, L50, M|\n|poke|p2|Mimikyu, L50, F|\n|poke|p2|Meowscarada, L50, F|\n|poke|p2|Glimmora, L50, F|\n|poke|p2|Corviknight, L50, F|\n|poke|p2|Magmar, L50, F|\n|teampreview|4\n|inactive|Battle timer is ON: inactive players will automatically lose when time's up. (requested by OSAMABINGETINLADIN)\n|j| chiyochichi\n|\n|t:|1729479742\n|start\n|switch|p1a: Patrick Bateman|Indeedee, L50, M, shiny|100\/100\n|switch|p1b: Paul Allen|Sneasler, L50, M, shiny|100\/100\n|switch|p2a: Mimikyu|Mimikyu, L50, F, shiny|100\/100\n|switch|p2b: Meowscarada|Meowscarada, L50, F|100\/100\n|-fieldstart|move: Psychic Terrain|[from] ability: Psychic Surge|[of] p1a: Patrick Bateman\n|-enditem|p1b: Paul Allen|Psychic Seed\n|-boost|p1b: Paul Allen|spd|1|[from] item: Psychic Seed\n|turn|1\n|j| Orcat\n|\n|t:|1729479764\n|switch|p2b: Corviknight|Corviknight, L50, F, shiny|100\/100\n|move|p1b: Paul Allen|Dire Claw|p2b: Corviknight\n|-immune|p2b: Corviknight\n|move|p2a: Mimikyu|Taunt|p1a: Patrick Bateman\n|-start|p1a: Patrick Bateman|move: Taunt\n|cant|p1a: Patrick Bateman|move: Taunt|Imprison\n|\n|upkeep\n|turn|2\n|j| sprocke123\n|\n|t:|1729479777\n|move|p1b: Paul Allen|Dire Claw|p2a: Mimikyu\n|-activate|p2a: Mimikyu|ability: Disguise\n|-damage|p2a: Mimikyu|100\/100\n|-status|p2a: Mimikyu|psn\n|detailschange|p2a: Mimikyu|Mimikyu-Busted, L50, F, shiny\n|-damage|p2a: Mimikyu|88\/100 psn|[from] pokemon: Mimikyu-Busted\n|move|p1a: Patrick Bateman|Expanding Force|p2a: Mimikyu|[spread] p2a,p2b\n|-resisted|p2b: Corviknight\n|-damage|p2a: Mimikyu|29\/100 psn\n|-damage|p2b: Corviknight|77\/100\n|move|p2b: Corviknight|Iron Defense|p2b: Corviknight\n|-boost|p2b: Corviknight|def|2\n|move|p2a: Mimikyu|Trick Room|p2a: Mimikyu\n|-fieldstart|move: Trick Room|[of] p2a: Mimikyu\n|\n|-damage|p2a: Mimikyu|17\/100 psn|[from] psn\n|upkeep\n|turn|3\n|j| mr pogostick\n|l| Orcat\n|inactive|Angelo Neres has 30 seconds left.\n|\n|t:|1729479805\n|move|p2b: Corviknight|Body Press|p1b: Paul Allen\n|-resisted|p1b: Paul Allen\n|-damage|p1b: Paul Allen|62\/100\n|move|p1a: Patrick Bateman|Expanding Force|p2b: Corviknight|[spread] p2a,p2b\n|-resisted|p2b: Corviknight\n|-damage|p2a: Mimikyu|0 fnt\n|-damage|p2b: Corviknight|55\/100\n|faint|p2a: Mimikyu\n|move|p1b: Paul Allen|Close Combat|p2b: Corviknight\n|-damage|p2b: Corviknight|33\/100\n|-unboost|p1b: Paul Allen|def|1\n|-unboost|p1b: Paul Allen|spd|1\n|\n|-end|p1a: Patrick Bateman|move: Taunt\n|upkeep\n|\n|t:|1729479820\n|switch|p2a: Garganacl|Garganacl, L50, M, shiny|100\/100\n|turn|4\n|\n|t:|1729479828\n|move|p2a: Garganacl|Wide Guard|p2a: Garganacl\n|-singleturn|p2a: Garganacl|Wide Guard\n|move|p2b: Corviknight|Brave Bird|p1b: Paul Allen\n|-supereffective|p1b: Paul Allen\n|-damage|p1b: Paul Allen|0 fnt\n|faint|p1b: Paul Allen\n|-damage|p2b: Corviknight|17\/100|[from] Recoil\n|-enditem|p2b: Corviknight|Figy Berry|[eat]\n|-heal|p2b: Corviknight|50\/100|[from] item: Figy Berry\n|move|p1a: Patrick Bateman|Trick Room|p1a: Patrick Bateman\n|-fieldend|move: Trick Room\n|\n|upkeep\n|\n|t:|1729479835\n|switch|p1b: David Van Patten|Typhlosion-Hisui, L50, M|100\/100\n|turn|5\n|\n|t:|1729479859\n|-terastallize|p1a: Patrick Bateman|Fighting\n|move|p2a: Garganacl|Wide Guard|p2a: Garganacl\n|-singleturn|p2a: Garganacl|Wide Guard\n|move|p1b: David Van Patten|Overheat|p2b: Corviknight\n|-supereffective|p2b: Corviknight\n|-damage|p2b: Corviknight|0 fnt\n|-unboost|p1b: David Van Patten|spa|2\n|faint|p2b: Corviknight\n|move|p1a: Patrick Bateman|Tera Blast|p2a: Garganacl|[anim] Tera Blast Fighting\n|-supereffective|p2a: Garganacl\n|-damage|p2a: Garganacl|54\/100\n|\n|-heal|p2a: Garganacl|60\/100|[from] item: Leftovers\n|-fieldend|move: Psychic Terrain\n|upkeep\n|\n|t:|1729479870\n|switch|p2b: Meowscarada|Meowscarada, L50, F|100\/100\n|turn|6\n|l| chiyochichi\n|inactive|Angelo Neres has 30 seconds left.\n|\n|t:|1729479898\n|switch|p1b: Timothy Bryce|Decidueye-Hisui, L50, F|100\/100\n|-terastallize|p2b: Meowscarada|Ghost\n|move|p2b: Meowscarada|Knock Off|p1b: Timothy Bryce\n|-resisted|p1b: Timothy Bryce\n|-damage|p1b: Timothy Bryce|54\/100\n|-enditem|p1b: Timothy Bryce|Razor Claw|[from] move: Knock Off|[of] p2b: Meowscarada\n|move|p1a: Patrick Bateman|Tera Blast|p2b: Meowscarada|[anim] Tera Blast Fighting\n|-immune|p2b: Meowscarada\n|move|p2a: Garganacl|Salt Cure|p1a: Patrick Bateman\n|-resisted|p1a: Patrick Bateman\n|-damage|p1a: Patrick Bateman|87\/100\n|-start|p1a: Patrick Bateman|Salt Cure\n|\n|-heal|p2a: Garganacl|66\/100|[from] item: Leftovers\n|-damage|p1a: Patrick Bateman|75\/100|[from] Salt Cure\n|upkeep\n|turn|7\n|\n|t:|1729479918\n|move|p2a: Garganacl|Protect|p2a: Garganacl\n|-singleturn|p2a: Garganacl|Protect\n|move|p2b: Meowscarada|Knock Off|p1a: Patrick Bateman\n|-resisted|p1a: Patrick Bateman\n|-damage|p1a: Patrick Bateman|4\/100\n|-enditem|p1a: Patrick Bateman|Focus Sash|[from] move: Knock Off|[of] p2b: Meowscarada\n|move|p1a: Patrick Bateman|Expanding Force|p2b: Meowscarada\n|-damage|p2b: Meowscarada|40\/100\n|move|p1b: Timothy Bryce|Triple Arrows|p2a: Garganacl\n|-activate|p2a: Garganacl|move: Protect\n|\n|-heal|p2a: Garganacl|72\/100|[from] item: Leftovers\n|-damage|p1a: Patrick Bateman|0 fnt|[from] Salt Cure\n|faint|p1a: Patrick Bateman\n|upkeep\n|\n|t:|1729479921\n|switch|p1a: David Van Patten|Typhlosion-Hisui, L50, M|100\/100\n|turn|8\n|inactive|Angelo Neres has 30 seconds left.\n|inactive|OSAMABINGETINLADIN has 30 seconds left.\n|\n|t:|1729479956\n|move|p2b: Meowscarada|Knock Off|p1a: David Van Patten\n|-supereffective|p1a: David Van Patten\n|-damage|p1a: David Van Patten|0 fnt\n|-enditem|p1a: David Van Patten|Choice Specs|[from] move: Knock Off|[of] p2b: Meowscarada\n|faint|p1a: David Van Patten\n|move|p1b: Timothy Bryce|Triple Arrows|p2b: Meowscarada\n|-damage|p2b: Meowscarada|0 fnt\n|faint|p2b: Meowscarada\n|move|p2a: Garganacl|Salt Cure|p1b: Timothy Bryce\n|-resisted|p1b: Timothy Bryce\n|-damage|p1b: Timothy Bryce|45\/100\n|-start|p1b: Timothy Bryce|Salt Cure\n|\n|-heal|p2a: Garganacl|77\/100|[from] item: Leftovers\n|-damage|p1b: Timothy Bryce|33\/100|[from] Salt Cure\n|upkeep\n|turn|9\n|\n|t:|1729479962\n|move|p2a: Garganacl|Protect|p2a: Garganacl\n|-singleturn|p2a: Garganacl|Protect\n|move|p1b: Timothy Bryce|Triple Arrows|p2a: Garganacl\n|-activate|p2a: Garganacl|move: Protect\n|\n|-heal|p2a: Garganacl|83\/100|[from] item: Leftovers\n|-damage|p1b: Timothy Bryce|21\/100|[from] Salt Cure\n|upkeep\n|turn|10\n|\n|t:|1729479970\n|move|p1b: Timothy Bryce|Triple Arrows|p2a: Garganacl\n|-supereffective|p2a: Garganacl\n|-damage|p2a: Garganacl|18\/100\n|-unboost|p2a: Garganacl|def|1\n|move|p2a: Garganacl|Recover|p2a: Garganacl\n|-heal|p2a: Garganacl|69\/100\n|\n|-heal|p2a: Garganacl|74\/100|[from] item: Leftovers\n|-damage|p1b: Timothy Bryce|8\/100|[from] Salt Cure\n|upkeep\n|turn|11\n|\n|t:|1729479978\n|move|p2a: Garganacl|Protect|p2a: Garganacl\n|-singleturn|p2a: Garganacl|Protect\n|move|p1b: Timothy Bryce|Triple Arrows|p2a: Garganacl\n|-activate|p2a: Garganacl|move: Protect\n|\n|-heal|p2a: Garganacl|80\/100|[from] item: Leftovers\n|-damage|p1b: Timothy Bryce|0 fnt|[from] Salt Cure\n|faint|p1b: Timothy Bryce\n|\n|win|Angelo Neres\n|upkeep\n|raw|OSAMABINGETINLADIN's rating: 1725 &rarr; <strong>1702<\/strong><br \/>(-23 for losing)\n|raw|Angelo Neres's rating: 1671 &rarr; <strong>1694<\/strong><br \/>(+23 for winning)\n|l|\u2606OSAMABINGETINLADIN\n|player|p1|\n|l| mr pogostick\n|l|\u2606Angelo Neres\n|player|p2|\n|l| sprocke123\n","uploadtime":1729480183,"views":17,"formatid":"gen9vgc2024regh","rating":1694,"private":0,"password":null}