{"id":"gen9vgc2024regh-2227707031","format":"[Gen 9] VGC 2024 Reg H","players":["RocksTheRock","SamP_64"],"log":"|j|\u2606RocksTheRock\n|j|\u2606SamP_64\n|t:|1729522841\n|gametype|doubles\n|player|p1|RocksTheRock|red|1746\n|player|p2|SamP_64|2|1707\n|teamsize|p1|6\n|teamsize|p2|6\n|gen|9\n|tier|[Gen 9] VGC 2024 Reg H\n|rated|\n|rule|Species Clause: Limit one of each Pok\u00e9mon\n|rule|Item Clause: Limit 1 of each item\n|clearpoke\n|poke|p1|Indeedee-F, L50, F|\n|poke|p1|Torkoal, L50, M|\n|poke|p1|Gallade, L50, M|\n|poke|p1|Hatterene, L50, F|\n|poke|p1|Ursaluna, L50, F|\n|poke|p1|Charizard, L50, F|\n|poke|p2|Pelipper, L50, M|\n|poke|p2|Archaludon, L50, F|\n|poke|p2|Basculegion, L50, M|\n|poke|p2|Incineroar, L50, M|\n|poke|p2|Amoonguss, L50, M|\n|poke|p2|Maushold-Four, L50|\n|teampreview|4\n|j| Spacejes\n|inactive|Battle timer is ON: inactive players will automatically lose when time's up. (requested by RocksTheRock)\n|inactive|SamP_64 has 60 seconds left.\n|\n|t:|1729522903\n|start\n|switch|p1a: Indeedee|Indeedee-F, L50, F|100\/100\n|switch|p1b: Gallade|Gallade, L50, M|100\/100\n|switch|p2a: Incineroar|Incineroar, L50, M|100\/100\n|switch|p2b: Basculegion|Basculegion, L50, M|100\/100\n|-fieldstart|move: Psychic Terrain|[from] ability: Psychic Surge|[of] p1a: Indeedee\n|-enditem|p1a: Indeedee|Psychic Seed\n|-boost|p1a: Indeedee|spd|1|[from] item: Psychic Seed\n|-ability|p2a: Incineroar|Intimidate|boost\n|-unboost|p1a: Indeedee|atk|1\n|-fail|p1b: Gallade|unboost|[from] item: Clear Amulet|[of] p1b: Gallade\n|turn|1\n|inactive|SamP_64 has 30 seconds left.\n|inactive|SamP_64 has 20 seconds left.\n|inactive|SamP_64 has 15 seconds left.\n|inactive|SamP_64 has 10 seconds left.\n|inactive|SamP_64 has 5 seconds left.\n|\n|t:|1729522956\n|move|p2b: Basculegion|Wave Crash|p1b: Gallade\n|-damage|p1b: Gallade|0 fnt\n|faint|p1b: Gallade\n|-damage|p2b: Basculegion|71\/100|[from] Recoil\n|move|p2a: Incineroar|Knock Off|p1a: Indeedee\n|-supereffective|p1a: Indeedee\n|-damage|p1a: Indeedee|49\/100\n|move|p1a: Indeedee|Trick Room|p1a: Indeedee\n|-fieldstart|move: Trick Room|[of] p1a: Indeedee\n|\n|upkeep\n|\n|t:|1729522975\n|switch|p1b: Ursaluna|Ursaluna, L50, F|100\/100\n|turn|2\n|l| Spacejes\n|\n|t:|1729523002\n|switch|p1a: Hatterene|Hatterene, L50, F|100\/100\n|switch|p2b: Pelipper|Pelipper, L50, M|100\/100\n|-weather|RainDance|[from] ability: Drizzle|[of] p2b: Pelipper\n|-terastallize|p2a: Incineroar|Ghost\n|move|p1b: Ursaluna|Headlong Rush|p2b: Pelipper\n|-immune|p2b: Pelipper\n|move|p2a: Incineroar|Knock Off|p1a: Hatterene\n|-damage|p1a: Hatterene|56\/100\n|-enditem|p1a: Hatterene|Twisted Spoon|[from] move: Knock Off|[of] p2a: Incineroar\n|\n|-weather|RainDance|[upkeep]\n|-status|p1b: Ursaluna|brn|[from] item: Flame Orb\n|upkeep\n|turn|3\n|inactive|RocksTheRock has 30 seconds left.\n|inactive|SamP_64 has 30 seconds left.\n|inactive|SamP_64 has 20 seconds left.\n|inactive|SamP_64 has 15 seconds left.\n|inactive|SamP_64 has 10 seconds left.\n|\n|t:|1729523050\n|-terastallize|p1a: Hatterene|Psychic\n|move|p1a: Hatterene|Expanding Force|p2b: Pelipper|[spread] p2a,p2b\n|-crit|p2a: Incineroar\n|-damage|p2a: Incineroar|0 fnt\n|-enditem|p2b: Pelipper|Focus Sash\n|-damage|p2b: Pelipper|1\/100\n|faint|p2a: Incineroar\n|move|p1b: Ursaluna|Headlong Rush|p2b: Pelipper\n|-immune|p2b: Pelipper\n|move|p2b: Pelipper|Weather Ball|p1a: Hatterene\n|-damage|p1a: Hatterene|0 fnt\n|faint|p1a: Hatterene\n|\n|-weather|RainDance|[upkeep]\n|-damage|p1b: Ursaluna|95\/100 brn|[from] brn\n|upkeep\n|inactive|SamP_64 has 30 seconds left.\n|inactive|SamP_64 has 20 seconds left.\n|inactive|SamP_64 has 15 seconds left.\n|inactive|SamP_64 has 10 seconds left.\n|inactive|SamP_64 has 5 seconds left.\n|\n|t:|1729523102\n|switch|p1a: Indeedee|Indeedee-F, L50, F|49\/100\n|switch|p2a: Basculegion|Basculegion, L50, M|71\/100\n|turn|4\n|\n|t:|1729523118\n|switch|p2b: Archaludon|Archaludon, L50, F|100\/100\n|move|p1b: Ursaluna|Headlong Rush|p2a: Basculegion\n|-damage|p2a: Basculegion|0 fnt\n|-unboost|p1b: Ursaluna|def|1\n|-unboost|p1b: Ursaluna|spd|1\n|faint|p2a: Basculegion\n|move|p1a: Indeedee|Psychic|p2b: Archaludon\n|-resisted|p2b: Archaludon\n|-damage|p2b: Archaludon|87\/100\n|-ability|p2b: Archaludon|Stamina|boost\n|-boost|p2b: Archaludon|def|1\n|\n|-weather|RainDance|[upkeep]\n|-damage|p1b: Ursaluna|89\/100 brn|[from] brn\n|upkeep\n|\n|t:|1729523133\n|switch|p2a: Pelipper|Pelipper, L50, M|1\/100\n|turn|5\n|\n|t:|1729523142\n|move|p1a: Indeedee|Helping Hand|p1b: Ursaluna\n|-singleturn|p1b: Ursaluna|Helping Hand|[of] p1a: Indeedee\n|move|p2a: Pelipper|Protect|p2a: Pelipper\n|-singleturn|p2a: Pelipper|Protect\n|move|p1b: Ursaluna|Headlong Rush|p2b: Archaludon\n|-supereffective|p2b: Archaludon\n|-crit|p2b: Archaludon\n|-damage|p2b: Archaludon|0 fnt\n|-unboost|p1b: Ursaluna|def|1\n|-unboost|p1b: Ursaluna|spd|1\n|faint|p2b: Archaludon\n|\n|-weather|RainDance|[upkeep]\n|-damage|p1b: Ursaluna|83\/100 brn|[from] brn\n|-fieldend|move: Trick Room\n|-fieldend|move: Psychic Terrain\n|upkeep\n|turn|6\n|\n|t:|1729523158\n|move|p1a: Indeedee|Follow Me|p1a: Indeedee\n|-singleturn|p1a: Indeedee|move: Follow Me\n|move|p2a: Pelipper|Weather Ball|p1a: Indeedee\n|-damage|p1a: Indeedee|0 fnt\n|faint|p1a: Indeedee\n|move|p1b: Ursaluna|Facade|p2a: Pelipper\n|-damage|p2a: Pelipper|0 fnt\n|faint|p2a: Pelipper\n|\n|win|RocksTheRock\n|raw|RocksTheRock's rating: 1746 &rarr; <strong>1764<\/strong><br \/>(+18 for winning)\n|raw|SamP_64's rating: 1707 &rarr; <strong>1689<\/strong><br \/>(-18 for losing)\n|l|\u2606SamP_64\n|player|p2|\n|l|\u2606RocksTheRock\n|player|p1|\n","uploadtime":1729523398,"views":18,"formatid":"gen9vgc2024regh","rating":1689,"private":0,"password":null}