{"id":"gen9vgc2024regh-2227374815","format":"[Gen 9] VGC 2024 Reg H","players":["aayushjay","ren122333"],"log":"|j|\u2606aayushjay\n|j|\u2606ren122333\n|t:|1729476772\n|gametype|doubles\n|player|p1|aayushjay|steven|1696\n|player|p2|ren122333|hilbert|1703\n|teamsize|p1|6\n|teamsize|p2|6\n|gen|9\n|tier|[Gen 9] VGC 2024 Reg H\n|rated|\n|rule|Species Clause: Limit one of each Pok\u00e9mon\n|rule|Item Clause: Limit 1 of each item\n|clearpoke\n|poke|p1|Tyranitar, L50, M|\n|poke|p1|Metagross, L50|\n|poke|p1|Bronzong, L50|\n|poke|p1|Excadrill, L50, F|\n|poke|p1|Primarina, L50, M|\n|poke|p1|Magmar, L50, M|\n|poke|p2|Whimsicott, L50, F|\n|poke|p2|Mamoswine, L50, M|\n|poke|p2|Lycanroc-Dusk, L50, F|\n|poke|p2|Typhlosion-Hisui, L50, F|\n|poke|p2|Farigiraf, L50, F|\n|poke|p2|Mienshao, L50, F|\n|teampreview|4\n|inactive|Battle timer is ON: inactive players will automatically lose when time's up. (requested by aayushjay)\n|j| Rabbithorn01\n|\n|t:|1729476802\n|start\n|switch|p1a: Tyranitar|Tyranitar, L50, M|100\/100\n|switch|p1b: Bronzong|Bronzong, L50|100\/100\n|switch|p2a: Whimsicott|Whimsicott, L50, F|100\/100\n|switch|p2b: Mienshao|Mienshao, L50, F|100\/100\n|-weather|Sandstorm|[from] ability: Sand Stream|[of] p1a: Tyranitar\n|turn|1\n|\n|t:|1729476810\n|switch|p1a: Primarina|Primarina, L50, M|100\/100\n|-terastallize|p2b: Mienshao|Dark\n|move|p2a: Whimsicott|Tailwind|p2a: Whimsicott\n|-sidestart|p2: ren122333|move: Tailwind\n|move|p2b: Mienshao|Knock Off|p1b: Bronzong\n|-supereffective|p1b: Bronzong\n|-damage|p1b: Bronzong|3\/100\n|-enditem|p1b: Bronzong|Leftovers|[from] move: Knock Off|[of] p2b: Mienshao\n|-damage|p2b: Mienshao|90\/100|[from] item: Life Orb\n|move|p1b: Bronzong|Iron Defense|p1b: Bronzong\n|-boost|p1b: Bronzong|def|2\n|\n|-weather|Sandstorm|[upkeep]\n|-damage|p2a: Whimsicott|95\/100|[from] Sandstorm\n|-damage|p2b: Mienshao|85\/100|[from] Sandstorm\n|-damage|p1a: Primarina|95\/100|[from] Sandstorm\n|upkeep\n|turn|2\n|\n|t:|1729476831\n|move|p2b: Mienshao|Wide Guard|p2b: Mienshao\n|-singleturn|p2b: Mienshao|Wide Guard\n|move|p2a: Whimsicott|Moonblast|p1b: Bronzong\n|-resisted|p1b: Bronzong\n|-damage|p1b: Bronzong|0 fnt\n|faint|p1b: Bronzong\n|move|p1a: Primarina|Dazzling Gleam|p2a: Whimsicott|[spread] \n|-activate|p2a: Whimsicott|move: Wide Guard\n|-activate|p2b: Mienshao|move: Wide Guard\n|\n|-weather|Sandstorm|[upkeep]\n|-damage|p2a: Whimsicott|89\/100|[from] Sandstorm\n|-damage|p2b: Mienshao|79\/100|[from] Sandstorm\n|-damage|p1a: Primarina|89\/100|[from] Sandstorm\n|upkeep\n|\n|t:|1729476837\n|switch|p1b: Tyranitar|Tyranitar, L50, M|100\/100\n|turn|3\n|\n|t:|1729476851\n|switch|p1b: Metagross|Metagross, L50|100\/100\n|move|p2a: Whimsicott|Moonblast|p1a: Primarina\n|-damage|p1a: Primarina|57\/100\n|move|p2b: Mienshao|Ice Spinner|p1b: Metagross\n|-resisted|p1b: Metagross\n|-damage|p1b: Metagross|87\/100\n|-damage|p2b: Mienshao|69\/100|[from] item: Life Orb\n|move|p1a: Primarina|Moonblast|p2b: Mienshao\n|-supereffective|p2b: Mienshao\n|-damage|p2b: Mienshao|0 fnt\n|faint|p2b: Mienshao\n|\n|-weather|Sandstorm|[upkeep]\n|-damage|p2a: Whimsicott|83\/100|[from] Sandstorm\n|-damage|p1a: Primarina|51\/100|[from] Sandstorm\n|upkeep\n|\n|t:|1729476863\n|switch|p2b: Typhlosion|Typhlosion-Hisui, L50, F|100\/100\n|-item|p1a: Primarina|Throat Spray|[from] ability: Frisk|[of] p2b: Typhlosion\n|-item|p1b: Metagross|Weakness Policy|[from] ability: Frisk|[of] p2b: Typhlosion\n|turn|4\n|\n|t:|1729476872\n|move|p1b: Metagross|Protect|p1b: Metagross\n|-singleturn|p1b: Metagross|Protect\n|move|p2a: Whimsicott|Sunny Day|p2a: Whimsicott\n|-weather|SunnyDay\n|move|p2b: Typhlosion|Eruption|p1b: Metagross|[spread] p1a\n|-activate|p1b: Metagross|move: Protect\n|-resisted|p1a: Primarina\n|-damage|p1a: Primarina|0 fnt\n|faint|p1a: Primarina\n|\n|-weather|SunnyDay|[upkeep]\n|-sideend|p2: ren122333|move: Tailwind\n|upkeep\n|\n|t:|1729476877\n|switch|p1a: Tyranitar|Tyranitar, L50, M|100\/100\n|-weather|Sandstorm|[from] ability: Sand Stream|[of] p1a: Tyranitar\n|turn|5\n|\n|t:|1729476888\n|move|p1b: Metagross|Protect||[still]\n|-fail|p1b: Metagross\n|move|p2a: Whimsicott|Sunny Day|p2a: Whimsicott\n|-weather|SunnyDay\n|move|p2b: Typhlosion|Eruption|p1b: Metagross|[spread] p1a,p1b\n|-resisted|p1a: Tyranitar\n|-supereffective|p1b: Metagross\n|-damage|p1a: Tyranitar|67\/100\n|-damage|p1b: Metagross|0 fnt\n|faint|p1b: Metagross\n|move|p1a: Tyranitar|Rock Slide|p2b: Typhlosion|[spread] p2a,p2b\n|-supereffective|p2b: Typhlosion\n|-damage|p2a: Whimsicott|34\/100\n|-damage|p2b: Typhlosion|8\/100\n|\n|-weather|SunnyDay|[upkeep]\n|upkeep\n|turn|6\n|\n|t:|1729476903\n|move|p2a: Whimsicott|Moonblast|p1a: Tyranitar\n|-supereffective|p1a: Tyranitar\n|-damage|p1a: Tyranitar|29\/100\n|-unboost|p1a: Tyranitar|spa|1\n|move|p2b: Typhlosion|Eruption|p1a: Tyranitar\n|-resisted|p1a: Tyranitar\n|-damage|p1a: Tyranitar|26\/100\n|move|p1a: Tyranitar|Rock Slide|p2a: Whimsicott|[spread] p2a,p2b\n|-supereffective|p2b: Typhlosion\n|-damage|p2a: Whimsicott|0 fnt\n|-damage|p2b: Typhlosion|0 fnt\n|faint|p2a: Whimsicott\n|faint|p2b: Typhlosion\n|\n|-weather|SunnyDay|[upkeep]\n|upkeep\n|\n|t:|1729476911\n|switch|p2b: Mamoswine|Mamoswine, L50, M|100\/100\n|turn|7\n|\n|t:|1729476916\n|-terastallize|p1a: Tyranitar|Flying\n|move|p2b: Mamoswine|Icicle Crash|p1a: Tyranitar\n|-supereffective|p1a: Tyranitar\n|-damage|p1a: Tyranitar|0 fnt\n|faint|p1a: Tyranitar\n|\n|win|ren122333\n|raw|aayushjay's rating: 1696 &rarr; <strong>1676<\/strong><br \/>(-20 for losing)\n|raw|ren122333's rating: 1703 &rarr; <strong>1723<\/strong><br \/>(+20 for winning)\n|l|\u2606aayushjay\n|player|p1|\n|l|\u2606ren122333\n|player|p2|\n","uploadtime":1729476927,"views":23,"formatid":"gen9vgc2024regh","rating":1676,"private":0,"password":null}