{"id":"gen9vgc2024regh-2227259643","format":"[Gen 9] VGC 2024 Reg H","players":["Waffles4breakfast","MillerH33"],"log":"|j|\u2606Waffles4breakfast\n|j|\u203dMillerH33\n|t:|1729463184\n|gametype|doubles\n|player|p1|Waffles4breakfast|juggler|1800\n|player|p2|MillerH33|riley|1798\n|teamsize|p1|6\n|teamsize|p2|6\n|gen|9\n|tier|[Gen 9] VGC 2024 Reg H\n|rated|\n|rule|Species Clause: Limit one of each Pok\u00e9mon\n|rule|Item Clause: Limit 1 of each item\n|clearpoke\n|poke|p1|Archaludon, L50, F|\n|poke|p1|Pelipper, L50, M|\n|poke|p1|Basculegion, L50, M|\n|poke|p1|Amoonguss, L50, M|\n|poke|p1|Gholdengo, L50|\n|poke|p1|Murkrow, L50, M|\n|poke|p2|Salamence, L50, F|\n|poke|p2|Garchomp, L50, M|\n|poke|p2|Amoonguss, L50, F|\n|poke|p2|Gholdengo, L50|\n|poke|p2|Kilowattrel, L50, M|\n|poke|p2|Tyranitar, L50, F|\n|teampreview|4\nMillerH33 has agreed to open team sheets.\n|inactive|Battle timer is ON: inactive players will automatically lose when time's up. (requested by Waffles4breakfast)\n|\n|t:|1729463241\n|start\n|switch|p1a: Gholdengo|Gholdengo, L50|100\/100\n|switch|p1b: Murkrow|Murkrow, L50, M|100\/100\n|switch|p2a: Kilowattrel|Kilowattrel, L50, M|100\/100\n|switch|p2b: Garchomp|Garchomp, L50, M|100\/100\n|turn|1\n|\n|t:|1729463263\n|move|p1b: Murkrow|Quash|p2b: Garchomp\n|-activate|p2b: Garchomp|move: Quash\n|move|p2a: Kilowattrel|Tailwind|p2a: Kilowattrel\n|-sidestart|p2: MillerH33|move: Tailwind\n|move|p1a: Gholdengo|Shadow Ball|p2b: Garchomp\n|-damage|p2b: Garchomp|29\/100\n|-unboost|p2b: Garchomp|spd|1\n|move|p2b: Garchomp|Dragon Claw|p1b: Murkrow\n|-damage|p1b: Murkrow|35\/100\n|-damage|p2b: Garchomp|19\/100|[from] item: Life Orb\n|\n|upkeep\n|turn|2\n|\n|t:|1729463290\n|switch|p1a: Pelipper|Pelipper, L50, M|100\/100\n|-weather|RainDance|[from] ability: Drizzle|[of] p1a: Pelipper\n|move|p2b: Garchomp|Protect|p2b: Garchomp\n|-singleturn|p2b: Garchomp|Protect\n|move|p1b: Murkrow|Tailwind|p1b: Murkrow\n|-sidestart|p1: Waffles4breakfast|move: Tailwind\n|move|p2a: Kilowattrel|Thunderbolt|p1b: Murkrow\n|-supereffective|p1b: Murkrow\n|-damage|p1b: Murkrow|0 fnt\n|faint|p1b: Murkrow\n|\n|-weather|RainDance|[upkeep]\n|upkeep\n|\n|t:|1729463292\n|switch|p1b: Gholdengo|Gholdengo, L50|100\/100\n|turn|3\n|\n|t:|1729463307\n|move|p2a: Kilowattrel|Thunderbolt|p1a: Pelipper\n|-supereffective|p1a: Pelipper\n|-enditem|p1a: Pelipper|Focus Sash\n|-damage|p1a: Pelipper|1\/100\n|move|p2b: Garchomp|Earthquake|p1a: Pelipper|[spread] p1b\n|-immune|p2a: Kilowattrel\n|-immune|p1a: Pelipper\n|-supereffective|p1b: Gholdengo\n|-damage|p1b: Gholdengo|0 fnt\n|faint|p1b: Gholdengo\n|-damage|p2b: Garchomp|9\/100|[from] item: Life Orb\n|move|p1a: Pelipper|Weather Ball|p2a: Kilowattrel\n|-enditem|p2a: Kilowattrel|Focus Sash\n|-damage|p2a: Kilowattrel|1\/100\n|\n|-weather|RainDance|[upkeep]\n|upkeep\n|\n|t:|1729463310\n|switch|p1b: Archaludon|Archaludon, L50, F|100\/100\n|turn|4\n|\n|t:|1729463332\n|switch|p2a: Tyranitar|Tyranitar, L50, F|100\/100\n|-weather|Sandstorm|[from] ability: Sand Stream|[of] p2a: Tyranitar\n|-terastallize|p1b: Archaludon|Fairy\n|move|p1a: Pelipper|Protect|p1a: Pelipper\n|-singleturn|p1a: Pelipper|Protect\n|move|p2b: Garchomp|Stomping Tantrum|p1b: Archaludon\n|-damage|p1b: Archaludon|59\/100\n|-ability|p1b: Archaludon|Stamina|boost\n|-boost|p1b: Archaludon|def|1\n|-damage|p2b: Garchomp|0 fnt|[from] item: Life Orb\n|faint|p2b: Garchomp\n|move|p1b: Archaludon|Body Press|p2a: Tyranitar\n|-supereffective|p2a: Tyranitar\n|-damage|p2a: Tyranitar|0 fnt\n|faint|p2a: Tyranitar\n|\n|-weather|Sandstorm|[upkeep]\n|-damage|p1a: Pelipper|0 fnt|[from] Sandstorm\n|-damage|p1b: Archaludon|53\/100|[from] Sandstorm\n|faint|p1a: Pelipper\n|-sideend|p2: MillerH33|move: Tailwind\n|upkeep\n|\n|t:|1729463346\n|switch|p2b: Kilowattrel|Kilowattrel, L50, M|1\/100\n|switch|p2a: Salamence|Salamence, L50, F|100\/100\n|-ability|p2a: Salamence|Intimidate|boost\n|-unboost|p1b: Archaludon|atk|1\n|turn|5\n|\n|t:|1729463355\n|-terastallize|p2a: Salamence|Flying\n|move|p2a: Salamence|Tera Blast|p1b: Archaludon|[anim] Tera Blast Flying\n|-damage|p1b: Archaludon|7\/100\n|-ability|p1b: Archaludon|Stamina|boost\n|-boost|p1b: Archaludon|def|1\n|move|p1b: Archaludon|Draco Meteor|p2a: Salamence\n|-damage|p2a: Salamence|14\/100\n|-unboost|p1b: Archaludon|spa|2\n|move|p2b: Kilowattrel|Thunderbolt|p1b: Archaludon\n|-damage|p1b: Archaludon|0 fnt\n|faint|p1b: Archaludon\n|\n|win|MillerH33\n|raw|Waffles4breakfast's rating: 1800 &rarr; <strong>1780<\/strong><br \/>(-20 for losing)\n|raw|MillerH33's rating: 1798 &rarr; <strong>1818<\/strong><br \/>(+20 for winning)\n|j| mr pogostick\n|l|\u2606Waffles4breakfast\n|player|p1|\n|l| mr pogostick\n|l|\u203dMillerH33\n|player|p2|\n","uploadtime":1729463553,"views":57,"formatid":"gen9vgc2024regh","rating":1780,"private":0,"password":null}