{"id":"gen9vgc2024regh-2227180917","format":"[Gen 9] VGC 2024 Reg H","players":["ren122333","zapdos95"],"log":"|j|\u2606ren122333\n|j|\u2606zapdos95\n|t:|1729454703\n|gametype|doubles\n|player|p1|ren122333|hilbert|1691\n|player|p2|zapdos95|169|1660\n|teamsize|p1|6\n|teamsize|p2|6\n|gen|9\n|tier|[Gen 9] VGC 2024 Reg H\n|rated|\n|rule|Species Clause: Limit one of each Pok\u00e9mon\n|rule|Item Clause: Limit 1 of each item\n|clearpoke\n|poke|p1|Whimsicott, L50, M|\n|poke|p1|Mamoswine, L50, F|\n|poke|p1|Lycanroc-Dusk, L50, M|\n|poke|p1|Typhlosion-Hisui, L50, F|\n|poke|p1|Farigiraf, L50, M|\n|poke|p1|Mienshao, L50, M|\n|poke|p2|Sneasler, L50, M|\n|poke|p2|Dragapult, L50, F|\n|poke|p2|Rillaboom, L50, F|\n|poke|p2|Primarina, L50, F|\n|poke|p2|Electabuzz, L50, F|\n|poke|p2|Kingambit, L50, F|\n|teampreview|4\n|inactive|Battle timer is ON: inactive players will automatically lose when time's up. (requested by ren122333)\n|\n|t:|1729454754\n|start\n|switch|p1a: Mamoswine|Mamoswine, L50, F|100\/100\n|switch|p1b: Lycanroc|Lycanroc-Dusk, L50, M|100\/100\n|switch|p2a: Sneasler|Sneasler, L50, M|100\/100\n|switch|p2b: Primarina|Primarina, L50, F|100\/100\n|turn|1\n|j| SynysterNote\n|\n|t:|1729454775\n|switch|p2a: Rillaboom|Rillaboom, L50, F|100\/100\n|-fieldstart|move: Grassy Terrain|[from] ability: Grassy Surge|[of] p2a: Rillaboom\n|-terastallize|p1a: Mamoswine|Grass\n|move|p1b: Lycanroc|Stomping Tantrum|p2a: Rillaboom\n|-resisted|p2a: Rillaboom\n|-damage|p2a: Rillaboom|77\/100\n|move|p1a: Mamoswine|Tera Blast|p2b: Primarina|[anim] Tera Blast Grass\n|-supereffective|p2b: Primarina\n|-crit|p2b: Primarina\n|-damage|p2b: Primarina|0 fnt\n|faint|p2b: Primarina\n|\n|-heal|p2a: Rillaboom|83\/100|[from] Grassy Terrain\n|upkeep\n|j| cubic inch\n|\n|t:|1729454791\n|switch|p2b: Sneasler|Sneasler, L50, M|100\/100\n|turn|2\n|j| bluestraggler02\n|\n|t:|1729454808\n|switch|p1a: Farigiraf|Farigiraf, L50, M|100\/100\n|move|p2a: Rillaboom|Fake Out||[still]\n|cant|p1a: Farigiraf|ability: Armor Tail|Fake Out|[of] p2a: Rillaboom\n|move|p2b: Sneasler|Dire Claw|p1a: Farigiraf\n|-damage|p1a: Farigiraf|58\/100\n|-status|p1a: Farigiraf|psn\n|move|p1b: Lycanroc|Stomping Tantrum|p2b: Sneasler\n|-supereffective|p2b: Sneasler\n|-enditem|p2b: Sneasler|Focus Sash\n|-damage|p2b: Sneasler|1\/100\n|\n|-heal|p2b: Sneasler|7\/100|[from] Grassy Terrain\n|-heal|p2a: Rillaboom|89\/100|[from] Grassy Terrain\n|-heal|p1a: Farigiraf|64\/100 psn|[from] Grassy Terrain\n|-damage|p1a: Farigiraf|52\/100 psn|[from] psn\n|upkeep\n|turn|3\n|\n|t:|1729454833\n|switch|p1b: Mamoswine|Mamoswine, L50, F, tera:Grass|100\/100\n|move|p2b: Sneasler|Protect|p2b: Sneasler\n|-singleturn|p2b: Sneasler|Protect\n|move|p2a: Rillaboom|Wood Hammer|p1b: Mamoswine\n|-resisted|p1b: Mamoswine\n|-damage|p1b: Mamoswine|52\/100\n|-damage|p2a: Rillaboom|75\/100|[from] Recoil\n|move|p1a: Farigiraf|Hyper Voice|p2b: Sneasler|[spread] p2a\n|-activate|p2b: Sneasler|move: Protect\n|-damage|p2a: Rillaboom|49\/100\n|\n|-heal|p2b: Sneasler|13\/100|[from] Grassy Terrain\n|-heal|p1b: Mamoswine|58\/100|[from] Grassy Terrain\n|-heal|p2a: Rillaboom|55\/100|[from] Grassy Terrain\n|-heal|p1a: Farigiraf|58\/100 psn|[from] Grassy Terrain\n|-damage|p1a: Farigiraf|46\/100 psn|[from] psn\n|upkeep\n|turn|4\n|inactive|zapdos95 has 30 seconds left.\n|\n|t:|1729454858\n|switch|p1b: Lycanroc|Lycanroc-Dusk, L50, M|100\/100\n|move|p2b: Sneasler|Dire Claw|p1b: Lycanroc\n|-resisted|p1b: Lycanroc\n|-damage|p1b: Lycanroc|68\/100\n|move|p2a: Rillaboom|Wood Hammer|p1a: Farigiraf\n|-damage|p1a: Farigiraf|0 fnt\n|faint|p1a: Farigiraf\n|-damage|p2a: Rillaboom|38\/100|[from] Recoil\n|\n|-heal|p2b: Sneasler|18\/100|[from] Grassy Terrain\n|-heal|p1b: Lycanroc|74\/100|[from] Grassy Terrain\n|-heal|p2a: Rillaboom|44\/100|[from] Grassy Terrain\n|upkeep\n|\n|t:|1729454871\n|switch|p1a: Mamoswine|Mamoswine, L50, F, tera:Grass|58\/100\n|turn|5\n|\n|t:|1729454880\n|move|p1b: Lycanroc|Sucker Punch|p2b: Sneasler\n|-resisted|p2b: Sneasler\n|-damage|p2b: Sneasler|0 fnt\n|faint|p2b: Sneasler\n|move|p2a: Rillaboom|Grassy Glide|p1b: Lycanroc\n|-supereffective|p1b: Lycanroc\n|-damage|p1b: Lycanroc|0 fnt\n|faint|p1b: Lycanroc\n|move|p1a: Mamoswine|Icicle Crash|p2a: Rillaboom\n|-supereffective|p2a: Rillaboom\n|-damage|p2a: Rillaboom|0 fnt\n|faint|p2a: Rillaboom\n|\n|-heal|p1a: Mamoswine|64\/100|[from] Grassy Terrain\n|-fieldend|move: Grassy Terrain\n|upkeep\n|\n|t:|1729454892\n|switch|p2b: Kingambit|Kingambit, L50, F|100\/100\n|switch|p1b: Typhlosion|Typhlosion-Hisui, L50, F|100\/100\n|-item|p2b: Kingambit|Black Glasses|[from] ability: Frisk|[of] p1b: Typhlosion\n|turn|6\n|\n|t:|1729454903\n|-terastallize|p2b: Kingambit|Dark\n|move|p2b: Kingambit|Sucker Punch|p1b: Typhlosion\n|-supereffective|p1b: Typhlosion\n|-damage|p1b: Typhlosion|0 fnt\n|faint|p1b: Typhlosion\n|move|p1a: Mamoswine|High Horsepower|p2b: Kingambit\n|-damage|p2b: Kingambit|64\/100\n|\n|upkeep\n|turn|7\n|\n|t:|1729454913\n|move|p2b: Kingambit|Sucker Punch||[still]\n|-fail|p2b: Kingambit\n|move|p1a: Mamoswine|Haze|p1a: Mamoswine\n|-clearallboost\n|\n|upkeep\n|turn|8\n|\n|t:|1729454918\n|move|p2b: Kingambit|Sucker Punch||[still]\n|-fail|p2b: Kingambit\n|move|p1a: Mamoswine|Haze|p1a: Mamoswine\n|-clearallboost\n|\n|upkeep\n|turn|9\n|\n|t:|1729454926\n|move|p2b: Kingambit|Sucker Punch||[still]\n|-fail|p2b: Kingambit\n|move|p1a: Mamoswine|Haze|p1a: Mamoswine\n|-clearallboost\n|\n|upkeep\n|turn|10\n|\n|t:|1729454931\n|move|p1a: Mamoswine|Haze|p1a: Mamoswine\n|-clearallboost\n|move|p2b: Kingambit|Kowtow Cleave|p1a: Mamoswine\n|-damage|p1a: Mamoswine|0 fnt\n|faint|p1a: Mamoswine\n|\n|win|zapdos95\n|raw|ren122333's rating: 1691 &rarr; <strong>1669<\/strong><br \/>(-22 for losing)\n|raw|zapdos95's rating: 1660 &rarr; <strong>1682<\/strong><br \/>(+22 for winning)\n|l|\u2606ren122333\n|player|p1|\n|l| SynysterNote\n","uploadtime":1729454941,"views":22,"formatid":"gen9vgc2024regh","rating":1669,"private":0,"password":null}