{"id":"gen9vgc2024regh-2227667396","format":"[Gen 9] VGC 2024 Reg H","players":["Pokequimico","DudeWheresMyTera"],"log":"|j|\u2606Pokequimico\n|j|\u2606DudeWheresMyTera\n|t:|1729519337\n|gametype|doubles\n|player|p1|Pokequimico|lucas|1696\n|player|p2|DudeWheresMyTera|youngster-gen4dp|1704\n|teamsize|p1|6\n|teamsize|p2|6\n|gen|9\n|tier|[Gen 9] VGC 2024 Reg H\n|rated|\n|rule|Species Clause: Limit one of each Pok\u00e9mon\n|rule|Item Clause: Limit 1 of each item\n|clearpoke\n|poke|p1|Sneasler, L50, M|\n|poke|p1|Typhlosion-Hisui, L50, F|\n|poke|p1|Rillaboom, L50, M|\n|poke|p1|Kingambit, L50, F|\n|poke|p1|Dragonite, L50, F|\n|poke|p1|Primarina, L50, F|\n|poke|p2|Indeedee, L50, M|\n|poke|p2|Meowscarada, L50, F|\n|poke|p2|Sneasler, L50, M|\n|poke|p2|Amoonguss, L50, M|\n|poke|p2|Typhlosion-Hisui, L50, M|\n|poke|p2|Ninetales-Alola, L50, M|\n|teampreview|4\n|inactive|Battle timer is ON: inactive players will automatically lose when time's up. (requested by Pokequimico)\n|\n|t:|1729519378\n|start\n|switch|p1a: Kingambit|Kingambit, L50, F|100\/100\n|switch|p1b: Sneasler|Sneasler, L50, M|100\/100\n|switch|p2a: Thirst Trap|Meowscarada, L50, F|100\/100\n|switch|p2b: Manicure|Sneasler, L50, M|100\/100\n|turn|1\n|inactive|Pokequimico has 30 seconds left.\n|inactive|DudeWheresMyTera has 30 seconds left.\n|inactive|Pokequimico has 20 seconds left.\n|\n|t:|1729519414\n|switch|p2a: Mom's 2nd Favorite|Indeedee, L50, M|100\/100\n|-fieldstart|move: Psychic Terrain|[from] ability: Psychic Surge|[of] p2a: Mom's 2nd Favorite\n|-enditem|p2b: Manicure|Psychic Seed\n|-boost|p2b: Manicure|spd|1|[from] item: Psychic Seed\n|move|p1a: Kingambit|Protect|p1a: Kingambit\n|-singleturn|p1a: Kingambit|Protect\n|move|p2b: Manicure|Dire Claw|p1b: Sneasler\n|-resisted|p1b: Sneasler\n|-damage|p1b: Sneasler|62\/100\n|move|p1b: Sneasler|Dire Claw|p2b: Manicure\n|-resisted|p2b: Manicure\n|-damage|p2b: Manicure|64\/100\n|\n|upkeep\n|turn|2\n|\n|t:|1729519433\n|switch|p1b: Rillaboom|Rillaboom, L50, M|100\/100\n|-fieldstart|move: Grassy Terrain|[from] ability: Grassy Surge|[of] p1b: Rillaboom\n|-terastallize|p1a: Kingambit|Dark\n|move|p1a: Kingambit|Sucker Punch|p2b: Manicure\n|-resisted|p2b: Manicure\n|-damage|p2b: Manicure|22\/100\n|move|p2b: Manicure|Close Combat|p1b: Rillaboom\n|-crit|p1b: Rillaboom\n|-damage|p1b: Rillaboom|10\/100\n|-unboost|p2b: Manicure|def|1\n|-unboost|p2b: Manicure|spd|1\n|move|p2a: Mom's 2nd Favorite|Expanding Force|p1b: Rillaboom\n|-damage|p1b: Rillaboom|0 fnt\n|faint|p1b: Rillaboom\n|\n|-heal|p2b: Manicure|28\/100|[from] Grassy Terrain\n|upkeep\n|\n|t:|1729519445\n|switch|p1b: Typhlosion|Typhlosion-Hisui, L50, F|100\/100\n|turn|3\n|\n|t:|1729519461\n|move|p2b: Manicure|Protect|p2b: Manicure\n|-singleturn|p2b: Manicure|Protect\n|move|p1a: Kingambit|Sucker Punch|p2a: Mom's 2nd Favorite\n|-supereffective|p2a: Mom's 2nd Favorite\n|-enditem|p2a: Mom's 2nd Favorite|Focus Sash\n|-damage|p2a: Mom's 2nd Favorite|1\/100\n|move|p1b: Typhlosion|Eruption|p2a: Mom's 2nd Favorite|[spread] p2a\n|-activate|p2b: Manicure|move: Protect\n|-damage|p2a: Mom's 2nd Favorite|0 fnt\n|faint|p2a: Mom's 2nd Favorite\n|\n|-heal|p2b: Manicure|34\/100|[from] Grassy Terrain\n|upkeep\n|\n|t:|1729519473\n|switch|p2a: Thirst Trap|Meowscarada, L50, F|100\/100\n|turn|4\n|\n|t:|1729519480\n|move|p2a: Thirst Trap|Sucker Punch|p1b: Typhlosion\n|-start|p2a: Thirst Trap|typechange|Dark|[from] ability: Protean\n|-supereffective|p1b: Typhlosion\n|-damage|p1b: Typhlosion|0 fnt\n|faint|p1b: Typhlosion\n|move|p1a: Kingambit|Sucker Punch|p2b: Manicure\n|-resisted|p2b: Manicure\n|-damage|p2b: Manicure|0 fnt\n|faint|p2b: Manicure\n|\n|upkeep\n|j| MikeFlem12326171\n|inactive|Pokequimico has 30 seconds left.\n|inactive|Pokequimico has 20 seconds left.\n|\n|t:|1729519518\n|switch|p2b: brrrrrrrr|Ninetales-Alola, L50, M|100\/100\n|switch|p1b: Sneasler|Sneasler, L50, M|62\/100\n|-weather|Snow|[from] ability: Snow Warning|[of] p2b: brrrrrrrr\n|turn|5\n|\n|t:|1729519541\n|move|p2a: Thirst Trap|Sucker Punch|p1b: Sneasler\n|-resisted|p1b: Sneasler\n|-damage|p1b: Sneasler|14\/100\n|move|p1b: Sneasler|Dire Claw|p2b: brrrrrrrr\n|-supereffective|p2b: brrrrrrrr\n|-damage|p2b: brrrrrrrr|32\/100\n|-status|p2b: brrrrrrrr|psn|[from] ability: Poison Touch|[of] p1b: Sneasler\n|move|p2b: brrrrrrrr|Moonblast|p1a: Kingambit\n|-supereffective|p1a: Kingambit\n|-crit|p1a: Kingambit\n|-damage|p1a: Kingambit|0 fnt\n|faint|p1a: Kingambit\n|\n|-weather|Snow|[upkeep]\n|-heal|p1b: Sneasler|20\/100|[from] Grassy Terrain\n|-heal|p2b: brrrrrrrr|38\/100 psn|[from] Grassy Terrain\n|-damage|p2b: brrrrrrrr|26\/100 psn|[from] psn\n|upkeep\n|turn|6\n|\n|t:|1729519559\n|move|p2a: Thirst Trap|Sucker Punch|p1b: Sneasler\n|-resisted|p1b: Sneasler\n|-damage|p1b: Sneasler|0 fnt\n|faint|p1b: Sneasler\n|\n|win|DudeWheresMyTera\n|raw|Pokequimico's rating: 1696 &rarr; <strong>1676<\/strong><br \/>(-20 for losing)\n|raw|DudeWheresMyTera's rating: 1704 &rarr; <strong>1724<\/strong><br \/>(+20 for winning)\n|c|\u2606DudeWheresMyTera|gg\n|c|\u2606Pokequimico|Gg\n|c|\u2606Pokequimico|Sucker no expected\n|l|\u2606Pokequimico\n|player|p1|\n|c|\u2606DudeWheresMyTera|ha, I never use with cause of psychic terrain but it specifically helps vs typhlosion lead\n","uploadtime":1729519781,"views":12,"formatid":"gen9vgc2024regh","rating":1676,"private":0,"password":null}