{"id":"gen9vgc2024regh-2227070881","format":"[Gen 9] VGC 2024 Reg H","players":["bluestraggler02","datbishgames"],"log":"|j|\u2606bluestraggler02\n|j|\u2606datbishgames\n|t:|1729443162\n|gametype|doubles\n|player|p1|bluestraggler02|101|1741\n|player|p2|datbishgames|mira|1714\n|teamsize|p1|6\n|teamsize|p2|6\n|gen|9\n|tier|[Gen 9] VGC 2024 Reg H\n|rated|\n|rule|Species Clause: Limit one of each Pok\u00e9mon\n|rule|Item Clause: Limit 1 of each item\n|clearpoke\n|poke|p1|Skeledirge, L50, M|\n|poke|p1|Porygon2, L50|\n|poke|p1|Ursaluna, L50, F|\n|poke|p1|Amoonguss, L50, F|\n|poke|p1|Mienshao, L50, M|\n|poke|p1|Slowbro, L50, F|\n|poke|p2|Whimsicott, L50, M|\n|poke|p2|Basculegion, L50, M|\n|poke|p2|Arcanine-Hisui, L50, M|\n|poke|p2|Hydreigon, L50, F|\n|poke|p2|Farigiraf, L50, M|\n|poke|p2|Pawmot, L50, F|\n|teampreview|4\n|inactive|Battle timer is ON: inactive players will automatically lose when time's up. (requested by datbishgames)\n|inactive|bluestraggler02 has 60 seconds left.\n|\n|t:|1729443195\n|start\n|switch|p1a: Porygon2|Porygon2, L50|100\/100\n|switch|p1b: Ursaluna|Ursaluna, L50, F|100\/100\n|switch|p2a: Pawmot|Pawmot, L50, F|100\/100\n|switch|p2b: Farigiraf|Farigiraf, L50, M|100\/100\n|-ability|p1a: Porygon2|Download|boost\n|-boost|p1a: Porygon2|atk|1\n|turn|1\n|\n|t:|1729443217\n|switch|p1a: Skeledirge|Skeledirge, L50, M|100\/100\n|move|p2a: Pawmot|Fake Out|p1a: Skeledirge\n|-immune|p1a: Skeledirge\n|move|p2b: Farigiraf|Hyper Voice|p1a: Skeledirge|[spread] p1b\n|-immune|p1a: Skeledirge\n|-damage|p1b: Ursaluna|72\/100\n|-enditem|p2b: Farigiraf|Throat Spray\n|-boost|p2b: Farigiraf|spa|1|[from] item: Throat Spray\n|move|p1b: Ursaluna|Headlong Rush|p2b: Farigiraf\n|-damage|p2b: Farigiraf|23\/100\n|-unboost|p1b: Ursaluna|def|1\n|-unboost|p1b: Ursaluna|spd|1\n|\n|-status|p1b: Ursaluna|brn|[from] item: Flame Orb\n|upkeep\n|turn|2\n|\n|t:|1729443235\n|-terastallize|p2a: Pawmot|Electric\n|-terastallize|p1b: Ursaluna|Ghost\n|move|p2a: Pawmot|Double Shock|p1a: Skeledirge\n|-damage|p1a: Skeledirge|35\/100\n|-start|p2a: Pawmot|typechange|Electric|[from] move: Double Shock\n|move|p1a: Skeledirge|Heat Wave|p2b: Farigiraf|[spread] p2a,p2b\n|-damage|p2a: Pawmot|43\/100\n|-damage|p2b: Farigiraf|0 fnt\n|faint|p2b: Farigiraf\n|move|p1b: Ursaluna|Facade|p2a: Pawmot\n|-damage|p2a: Pawmot|0 fnt\n|faint|p2a: Pawmot\n|\n|-damage|p1b: Ursaluna|66\/100 brn|[from] brn\n|upkeep\n|\n|t:|1729443246\n|switch|p2a: Basculegion|Basculegion, L50, M|100\/100\n|switch|p2b: Hydreigon|Hydreigon, L50, F|100\/100\n|turn|3\n|\n|t:|1729443255\n|move|p1b: Ursaluna|Protect|p1b: Ursaluna\n|-singleturn|p1b: Ursaluna|Protect\n|move|p2b: Hydreigon|Dark Pulse|p1a: Skeledirge\n|-supereffective|p1a: Skeledirge\n|-damage|p1a: Skeledirge|0 fnt\n|faint|p1a: Skeledirge\n|-damage|p2b: Hydreigon|91\/100|[from] item: Life Orb\n|move|p2a: Basculegion|Wave Crash|p1b: Ursaluna\n|-activate|p1b: Ursaluna|move: Protect\n|\n|-damage|p1b: Ursaluna|60\/100 brn|[from] brn\n|upkeep\n|j| deathly pants\n|\n|t:|1729443266\n|switch|p1a: Porygon2|Porygon2, L50|100\/100\n|-ability|p1a: Porygon2|Download|boost\n|-boost|p1a: Porygon2|spa|1\n|turn|4\n|\n|t:|1729443276\n|move|p1a: Porygon2|Protect|p1a: Porygon2\n|-singleturn|p1a: Porygon2|Protect\n|move|p2b: Hydreigon|Dark Pulse|p1b: Ursaluna\n|-supereffective|p1b: Ursaluna\n|-damage|p1b: Ursaluna|0 fnt\n|faint|p1b: Ursaluna\n|-damage|p2b: Hydreigon|81\/100|[from] item: Life Orb\n|move|p2a: Basculegion|Wave Crash|p1a: Porygon2\n|-activate|p1a: Porygon2|move: Protect\n|\n|upkeep\n|\n|t:|1729443286\n|switch|p1b: Amoonguss|Amoonguss, L50, F|100\/100\n|turn|5\n|\n|t:|1729443293\n|move|p1b: Amoonguss|Rage Powder|p1b: Amoonguss\n|-singleturn|p1b: Amoonguss|move: Rage Powder\n|move|p2b: Hydreigon|Draco Meteor|p1b: Amoonguss\n|-damage|p1b: Amoonguss|8\/100\n|-unboost|p2b: Hydreigon|spa|2\n|-damage|p2b: Hydreigon|72\/100|[from] item: Life Orb\n|move|p2a: Basculegion|Wave Crash|p1b: Amoonguss\n|-resisted|p1b: Amoonguss\n|-damage|p1b: Amoonguss|0 fnt\n|faint|p1b: Amoonguss\n|-damage|p2a: Basculegion|98\/100|[from] Recoil\n|move|p1a: Porygon2|Ice Beam|p2b: Hydreigon\n|-supereffective|p2b: Hydreigon\n|-damage|p2b: Hydreigon|0 fnt\n|faint|p2b: Hydreigon\n|\n|upkeep\n|turn|6\n|\n|t:|1729443304\n|move|p2a: Basculegion|Wave Crash|p1a: Porygon2\n|-crit|p1a: Porygon2\n|-damage|p1a: Porygon2|2\/100\n|-damage|p2a: Basculegion|68\/100|[from] Recoil\n|move|p1a: Porygon2|Ice Beam|p2a: Basculegion\n|-resisted|p2a: Basculegion\n|-damage|p2a: Basculegion|50\/100\n|\n|upkeep\n|turn|7\n|-message|bluestraggler02 forfeited.\n|\n|win|datbishgames\n|raw|bluestraggler02's rating: 1741 &rarr; <strong>1719<\/strong><br \/>(-22 for losing)\n|raw|datbishgames's rating: 1714 &rarr; <strong>1736<\/strong><br \/>(+22 for winning)\n|l|\u2606bluestraggler02\n|player|p1|\n|l|\u2606datbishgames\n|player|p2|\n|l| deathly pants\n","uploadtime":1729443490,"views":16,"formatid":"gen9vgc2024regh","rating":1719,"private":0,"password":null}