{"id":"gen9vgc2024regh-2227474837","format":"[Gen 9] VGC 2024 Reg H","players":["cher1berry","lichuvgc"],"log":"|j|\u2606cher1berry\n|j|\u2606lichuvgc\n|t:|1729492335\n|gametype|doubles\n|player|p1|cher1berry|nancy|1747\n|player|p2|lichuvgc|dawn|1847\n|teamsize|p1|6\n|teamsize|p2|6\n|gen|9\n|tier|[Gen 9] VGC 2024 Reg H\n|rated|\n|rule|Species Clause: Limit one of each Pok\u00e9mon\n|rule|Item Clause: Limit 1 of each item\n|clearpoke\n|poke|p1|Indeedee-F, L50, F|\n|poke|p1|Armarouge, L50, M|\n|poke|p1|Ursaluna-Bloodmoon, L50, M|\n|poke|p1|Torkoal, L50, F|\n|poke|p1|Lilligant-Hisui, L50, F|\n|poke|p1|Dragonite, L50, M|\n|poke|p2|Gholdengo, L50|\n|poke|p2|Dragonite, L50, F|\n|poke|p2|Kingambit, L50, F|\n|poke|p2|Annihilape, L50, M|\n|poke|p2|Whimsicott, L50, F|\n|poke|p2|Volcarona, L50, F|\n|teampreview|4\n|inactive|Battle timer is ON: inactive players will automatically lose when time's up. (requested by cher1berry)\n|inactive|lichuvgc has 60 seconds left.\n|\n|t:|1729492402\n|start\n|switch|p1a: Riddihika|Lilligant-Hisui, L50, F|100\/100\n|switch|p1b: Tawashi|Torkoal, L50, F|100\/100\n|switch|p2a: Dragonite|Dragonite, L50, F, shiny|100\/100\n|switch|p2b: Volcarona|Volcarona, L50, F, shiny|100\/100\n|-weather|SunnyDay|[from] ability: Drought|[of] p1b: Tawashi\n|turn|1\n|\n|t:|1729492419\n|-terastallize|p2b: Volcarona|Grass\n|move|p2a: Dragonite|Extreme Speed|p1a: Riddihika\n|-damage|p1a: Riddihika|55\/100\n|move|p1a: Riddihika|Sleep Powder|p2a: Dragonite\n|-status|p2a: Dragonite|slp|[from] move: Sleep Powder\n|move|p2b: Volcarona|Heat Wave|p1b: Tawashi|[spread] p1a,p1b\n|-supereffective|p1a: Riddihika\n|-resisted|p1b: Tawashi\n|-damage|p1a: Riddihika|0 fnt\n|-damage|p1b: Tawashi|47\/100\n|faint|p1a: Riddihika\n|move|p1b: Tawashi|Eruption|p2a: Dragonite|[spread] p2a,p2b\n|-resisted|p2a: Dragonite\n|-supereffective|p2b: Volcarona\n|-damage|p2a: Dragonite|90\/100 slp\n|-damage|p2b: Volcarona|14\/100\n|\n|-weather|SunnyDay|[upkeep]\n|upkeep\n|\n|t:|1729492432\n|switch|p1a: Dragonite|Dragonite, L50, M|100\/100\n|turn|2\n|\n|t:|1729492444\n|move|p2b: Volcarona|Heat Wave|p1b: Tawashi|[spread] p1a,p1b\n|-resisted|p1a: Dragonite\n|-resisted|p1b: Tawashi\n|-damage|p1a: Dragonite|77\/100\n|-damage|p1b: Tawashi|0 fnt\n|faint|p1b: Tawashi\n|move|p1a: Dragonite|Scale Shot|p2a: Dragonite\n|-supereffective|p2a: Dragonite\n|-damage|p2a: Dragonite|56\/100 slp\n|-supereffective|p2a: Dragonite\n|-damage|p2a: Dragonite|22\/100 slp\n|-supereffective|p2a: Dragonite\n|-damage|p2a: Dragonite|0 fnt\n|faint|p2a: Dragonite\n|-hitcount|p2: Dragonite|3\n|-unboost|p1a: Dragonite|def|1\n|-boost|p1a: Dragonite|spe|1\n|\n|-weather|SunnyDay|[upkeep]\n|upkeep\n|j| mr pogostick\n|\n|t:|1729492466\n|switch|p2a: Annihilape|Annihilape, L50, M, shiny|100\/100\n|switch|p1b: Gachiguma|Ursaluna-Bloodmoon, L50, M|100\/100\n|turn|3\n|inactive|lichuvgc has 30 seconds left.\n|\n|t:|1729492500\n|-terastallize|p1b: Gachiguma|Bug\n|move|p1a: Dragonite|Tailwind|p1a: Dragonite\n|-sidestart|p1: cher1berry|move: Tailwind\n|move|p1b: Gachiguma|Hyper Voice|p2b: Volcarona|[spread] p2a,p2b\n|-damage|p2a: Annihilape|53\/100\n|-damage|p2b: Volcarona|0 fnt\n|faint|p2b: Volcarona\n|-damage|p1b: Gachiguma|91\/100|[from] item: Life Orb\n|move|p2a: Annihilape|Close Combat|p1b: Gachiguma\n|-resisted|p1b: Gachiguma\n|-damage|p1b: Gachiguma|69\/100\n|-unboost|p2a: Annihilape|def|1\n|-unboost|p2a: Annihilape|spd|1\n|\n|-weather|SunnyDay|[upkeep]\n|upkeep\n|\n|t:|1729492507\n|switch|p2b: Kingambit|Kingambit, L50, F, shiny|100\/100\n|turn|4\n|\n|t:|1729492522\n|move|p1a: Dragonite|Scale Shot|p2a: Annihilape\n|-damage|p2a: Annihilape|31\/100\n|-enditem|p2a: Annihilape|Sitrus Berry|[eat]\n|-heal|p2a: Annihilape|56\/100|[from] item: Sitrus Berry\n|-damage|p2a: Annihilape|33\/100\n|-damage|p2a: Annihilape|10\/100\n|-damage|p2a: Annihilape|0 fnt\n|faint|p2a: Annihilape\n|-hitcount|p2: Annihilape|4\n|-unboost|p1a: Dragonite|def|1\n|-boost|p1a: Dragonite|spe|1\n|move|p1b: Gachiguma|Earth Power|p2b: Kingambit\n|-supereffective|p2b: Kingambit\n|-damage|p2b: Kingambit|3\/100\n|-damage|p1b: Gachiguma|59\/100|[from] item: Life Orb\n|move|p2b: Kingambit|Kowtow Cleave|p1b: Gachiguma\n|-damage|p1b: Gachiguma|21\/100\n|\n|-weather|SunnyDay|[upkeep]\n|upkeep\n|turn|5\n|-message|lichuvgc forfeited.\n|\n|win|cher1berry\n|raw|cher1berry's rating: 1747 &rarr; <strong>1773<\/strong><br \/>(+26 for winning)\n|raw|lichuvgc's rating: 1847 &rarr; <strong>1821<\/strong><br \/>(-26 for losing)\n|c|\u2606cher1berry|It lived\n|l|\u2606lichuvgc\n|player|p2|\n|c|\u2606cher1berry|Damn\n|l| mr pogostick\n|l|\u2606cher1berry\n|player|p1|\n","uploadtime":1729492707,"views":69,"formatid":"gen9vgc2024regh","rating":1773,"private":0,"password":null}