{"id":"gen9vgc2024regh-2227652272","format":"[Gen 9] VGC 2024 Reg H","players":["KDR-Alt-711","epigrlozvgc"],"log":"|j|\u2606KDR-Alt-711\n|j|\u2606epigrlozvgc\n|t:|1729517873\n|gametype|doubles\n|player|p1|KDR-Alt-711|102|1688\n|player|p2|epigrlozvgc|alder|1664\n|teamsize|p1|6\n|teamsize|p2|6\n|gen|9\n|tier|[Gen 9] VGC 2024 Reg H\n|rated|\n|rule|Species Clause: Limit one of each Pok\u00e9mon\n|rule|Item Clause: Limit 1 of each item\n|clearpoke\n|poke|p1|Porygon2, L50|\n|poke|p1|Pelipper, L50, F|\n|poke|p1|Ursaluna, L50, F|\n|poke|p1|Vikavolt, L50, M|\n|poke|p1|Basculegion, L50, M|\n|poke|p1|Amoonguss, L50, M|\n|poke|p2|Quaquaval, L50, M|\n|poke|p2|Whimsicott, L50, M|\n|poke|p2|Volcarona, L50, F|\n|poke|p2|Kingambit, L50, M|\n|poke|p2|Rillaboom, L50, F|\n|poke|p2|Baxcalibur, L50, M|\n|teampreview|4\n|j| omgwhoisthat\n|inactive|Battle timer is ON: inactive players will automatically lose when time's up. (requested by KDR-Alt-711)\n|\n|t:|1729517910\n|start\n|switch|p1a: Porygon2|Porygon2, L50, shiny|100\/100\n|switch|p1b: Pelipper|Pelipper, L50, F, shiny|100\/100\n|switch|p2a: Whimsicott|Whimsicott, L50, M|100\/100\n|switch|p2b: Volcarona|Volcarona, L50, F|100\/100\n|-weather|RainDance|[from] ability: Drizzle|[of] p1b: Pelipper\n|-ability|p1a: Porygon2|Download|boost\n|-boost|p1a: Porygon2|atk|1\n|turn|1\n|\n|t:|1729517920\n|move|p2a: Whimsicott|Sunny Day|p2a: Whimsicott\n|-weather|SunnyDay\n|move|p2b: Volcarona|Overheat|p1a: Porygon2\n|-damage|p1a: Porygon2|0 fnt\n|-unboost|p2b: Volcarona|spa|2\n|faint|p1a: Porygon2\n|move|p1b: Pelipper|Weather Ball|p2b: Volcarona\n|-damage|p2b: Volcarona|54\/100\n|\n|-weather|SunnyDay|[upkeep]\n|upkeep\n|\n|t:|1729517926\n|switch|p1a: Ursaluna|Ursaluna, L50, F, shiny|100\/100\n|turn|2\n|\n|t:|1729517938\n|move|p2b: Volcarona|Overheat|p1b: Pelipper\n|-resisted|p1b: Pelipper\n|-damage|p1b: Pelipper|24\/100\n|-unboost|p2b: Volcarona|spa|2\n|move|p2a: Whimsicott|Moonblast|p1b: Pelipper\n|-damage|p1b: Pelipper|0 fnt\n|faint|p1b: Pelipper\n|move|p1a: Ursaluna|Earthquake|p2a: Whimsicott|[spread] p2a,p2b\n|-resisted|p2a: Whimsicott\n|-damage|p2a: Whimsicott|77\/100\n|-damage|p2b: Volcarona|0 fnt\n|faint|p2b: Volcarona\n|\n|-weather|SunnyDay|[upkeep]\n|-status|p1a: Ursaluna|brn|[from] item: Flame Orb\n|upkeep\n|\n|t:|1729517944\n|switch|p2b: Quaquaval|Quaquaval, L50, M|100\/100\n|switch|p1b: Vikavolt|Vikavolt, L50, M, shiny|100\/100\n|turn|3\n|\n|t:|1729517952\n|-terastallize|p1a: Ursaluna|Ghost\n|move|p2b: Quaquaval|Protect|p2b: Quaquaval\n|-singleturn|p2b: Quaquaval|Protect\n|move|p2a: Whimsicott|Moonblast|p1b: Vikavolt\n|-damage|p1b: Vikavolt|68\/100\n|move|p1a: Ursaluna|Facade|p2a: Whimsicott\n|-damage|p2a: Whimsicott|0 fnt\n|faint|p2a: Whimsicott\n|move|p1b: Vikavolt|Thunderbolt|p2b: Quaquaval\n|-activate|p2b: Quaquaval|move: Protect\n|\n|-weather|SunnyDay|[upkeep]\n|-damage|p1a: Ursaluna|95\/100 brn|[from] brn\n|upkeep\n|\n|t:|1729517964\n|switch|p2a: Rillaboom|Rillaboom, L50, F|100\/100\n|-fieldstart|move: Grassy Terrain|[from] ability: Grassy Surge|[of] p2a: Rillaboom\n|turn|4\n|\n|t:|1729517984\n|move|p2b: Quaquaval|Aqua Step|p1a: Ursaluna\n|-damage|p1a: Ursaluna|79\/100 brn\n|-boost|p2b: Quaquaval|spe|1\n|move|p2a: Rillaboom|Wood Hammer|p1a: Ursaluna\n|-damage|p1a: Ursaluna|0 fnt\n|faint|p1a: Ursaluna\n|-damage|p2a: Rillaboom|68\/100|[from] Recoil\n|move|p1b: Vikavolt|Thunderbolt|p2b: Quaquaval\n|-supereffective|p2b: Quaquaval\n|-enditem|p2b: Quaquaval|Focus Sash\n|-damage|p2b: Quaquaval|1\/100\n|-status|p2b: Quaquaval|par\n|\n|-weather|SunnyDay|[upkeep]\n|-heal|p2a: Rillaboom|74\/100|[from] Grassy Terrain\n|-heal|p2b: Quaquaval|7\/100 par|[from] Grassy Terrain\n|upkeep\n|turn|5\n|\n|t:|1729517997\n|move|p2a: Rillaboom|Wood Hammer|p1b: Vikavolt\n|-resisted|p1b: Vikavolt\n|-damage|p1b: Vikavolt|6\/100\n|-damage|p2a: Rillaboom|52\/100|[from] Recoil\n|move|p2b: Quaquaval|Close Combat|p1b: Vikavolt\n|-resisted|p1b: Vikavolt\n|-damage|p1b: Vikavolt|0 fnt\n|-unboost|p2b: Quaquaval|def|1\n|-unboost|p2b: Quaquaval|spd|1\n|faint|p1b: Vikavolt\n|\n|win|epigrlozvgc\n|raw|KDR-Alt-711's rating: 1688 &rarr; <strong>1667<\/strong><br \/>(-21 for losing)\n|raw|epigrlozvgc's rating: 1664 &rarr; <strong>1685<\/strong><br \/>(+21 for winning)\n|l|\u2606KDR-Alt-711\n|player|p1|\n|l|\u2606epigrlozvgc\n|player|p2|\n|l| omgwhoisthat\n","uploadtime":1729518251,"views":12,"formatid":"gen9vgc2024regh","rating":1667,"private":0,"password":null}