{"id":"gen9vgc2024regh-2227674233","format":"[Gen 9] VGC 2024 Reg H","players":["DudeWheresMyTera","sshhooii"],"log":"|j|\u2606DudeWheresMyTera\n|j|\u2606sshhooii\n|t:|1729519959\n|gametype|doubles\n|player|p1|DudeWheresMyTera|youngster-gen4dp|1702\n|player|p2|sshhooii|101|1698\n|teamsize|p1|6\n|teamsize|p2|6\n|gen|9\n|tier|[Gen 9] VGC 2024 Reg H\n|rated|\n|rule|Species Clause: Limit one of each Pok\u00e9mon\n|rule|Item Clause: Limit 1 of each item\n|clearpoke\n|poke|p1|Indeedee, L50, M|\n|poke|p1|Meowscarada, L50, M|\n|poke|p1|Sneasler, L50, M|\n|poke|p1|Amoonguss, L50, F|\n|poke|p1|Typhlosion-Hisui, L50, F|\n|poke|p1|Ninetales-Alola, L50, F|\n|poke|p2|Zoroark-Hisui, L50, M|\n|poke|p2|Sneasler, L50, M|\n|poke|p2|Pelipper, L50, M|\n|poke|p2|Kingambit, L50, M|\n|poke|p2|Volcarona, L50, M|\n|poke|p2|Archaludon, L50, M|\n|teampreview|4\n|inactive|Battle timer is ON: inactive players will automatically lose when time's up. (requested by sshhooii)\n|inactive|sshhooii has 60 seconds left.\n|\n|t:|1729520012\n|start\n|switch|p1a: Mom's 2nd Favorite|Indeedee, L50, M|100\/100\n|switch|p1b: Manicure|Sneasler, L50, M|100\/100\n|switch|p2a: Kingambit|Kingambit, L50, M|100\/100\n|switch|p2b: Sneasler|Sneasler, L50, M|100\/100\n|-fieldstart|move: Psychic Terrain|[from] ability: Psychic Surge|[of] p1a: Mom's 2nd Favorite\n|-enditem|p1b: Manicure|Psychic Seed\n|-boost|p1b: Manicure|spd|1|[from] item: Psychic Seed\n|turn|1\n|inactive|sshhooii has 30 seconds left.\n|inactive|sshhooii has 20 seconds left.\n|inactive|DudeWheresMyTera has 30 seconds left.\n|inactive|sshhooii has 15 seconds left.\n|inactive|sshhooii has 10 seconds left.\n|\n|t:|1729520058\n|-terastallize|p2b: Sneasler|Dark\n|move|p1b: Manicure|Dire Claw|p2b: Sneasler\n|-damage|p2b: Sneasler|39\/100\n|move|p2a: Kingambit|Hyper Voice|p1b: Manicure|[spread] p1a,p1b\n|-damage|p1a: Mom's 2nd Favorite|23\/100\n|-damage|p1b: Manicure|54\/100\n|move|p2b: Sneasler|Throat Chop|p1a: Mom's 2nd Favorite\n|-supereffective|p1a: Mom's 2nd Favorite\n|-damage|p1a: Mom's 2nd Favorite|0 fnt\n|faint|p1a: Mom's 2nd Favorite\n|\n|upkeep\n|\n|t:|1729520072\n|switch|p1a: brrrrrrrr|Ninetales-Alola, L50, F|100\/100\n|-weather|Snow|[from] ability: Snow Warning|[of] p1a: brrrrrrrr\n|turn|2\n|\n|t:|1729520082\n|switch|p2b: Pelipper|Pelipper, L50, M|100\/100\n|-weather|RainDance|[from] ability: Drizzle|[of] p2b: Pelipper\n|move|p1b: Manicure|Rock Slide|p2a: Kingambit|[spread] p2a,p2b\n|-supereffective|p2b: Pelipper\n|-damage|p2a: Kingambit|63\/100\n|-damage|p2b: Pelipper|63\/100\n|replace|p2a: Zoroark|Zoroark-Hisui, L50, M\n|-end|p2a: Zoroark|Illusion\n|move|p2a: Zoroark|Hyper Voice|p1a: brrrrrrrr|[spread] p1a,p1b\n|-damage|p1a: brrrrrrrr|45\/100\n|-damage|p1b: Manicure|11\/100\n|move|p1a: brrrrrrrr|Blizzard|p2b: Pelipper|[spread] \n|-miss|p1a: brrrrrrrr|p2a: Zoroark\n|-miss|p1a: brrrrrrrr|p2b: Pelipper\n|\n|-weather|RainDance|[upkeep]\n|upkeep\n|turn|3\n|\n|t:|1729520101\n|switch|p1a: OVER HERE!|Amoonguss, L50, F|100\/100\n|move|p1b: Manicure|Rock Slide|p2b: Pelipper|[spread] p2a,p2b\n|-supereffective|p2b: Pelipper\n|-damage|p2a: Zoroark|26\/100\n|-damage|p2b: Pelipper|26\/100\n|move|p2a: Zoroark|Hyper Voice|p1b: Manicure|[spread] p1a,p1b\n|-damage|p1a: OVER HERE!|62\/100\n|-damage|p1b: Manicure|0 fnt\n|faint|p1b: Manicure\n|move|p2b: Pelipper|Tailwind|p2b: Pelipper\n|-sidestart|p2: sshhooii|move: Tailwind\n|\n|-weather|RainDance|[upkeep]\n|upkeep\n|\n|t:|1729520112\n|switch|p1b: brrrrrrrr|Ninetales-Alola, L50, F|45\/100\n|-weather|Snow|[from] ability: Snow Warning|[of] p1b: brrrrrrrr\n|turn|4\n|\n|t:|1729520122\n|move|p2a: Zoroark|Hyper Voice|p1a: OVER HERE!|[spread] p1a,p1b\n|-damage|p1a: OVER HERE!|21\/100\n|-damage|p1b: brrrrrrrr|0 fnt\n|-enditem|p1a: OVER HERE!|Sitrus Berry|[eat]\n|-heal|p1a: OVER HERE!|46\/100|[from] item: Sitrus Berry\n|faint|p1b: brrrrrrrr\n|move|p2b: Pelipper|Weather Ball|p1a: OVER HERE!\n|-supereffective|p1a: OVER HERE!\n|-damage|p1a: OVER HERE!|10\/100\n|move|p1a: OVER HERE!|Spore|p2b: Pelipper\n|-status|p2b: Pelipper|slp|[from] move: Spore\n|\n|-weather|Snow|[upkeep]\n|upkeep\n|turn|5\n|-message|DudeWheresMyTera forfeited.\n|\n|win|sshhooii\n|raw|DudeWheresMyTera's rating: 1702 &rarr; <strong>1682<\/strong><br \/>(-20 for losing)\n|raw|sshhooii's rating: 1698 &rarr; <strong>1718<\/strong><br \/>(+20 for winning)\n|l|\u2606DudeWheresMyTera\n|player|p1|\n|l|\u2606sshhooii\n|player|p2|\n","uploadtime":1729520337,"views":10,"formatid":"gen9vgc2024regh","rating":1682,"private":0,"password":null}