{"id":"gen9vgc2024regh-2227250555","format":"[Gen 9] VGC 2024 Reg H","players":["Waffles4breakfast","OSAMABINGETINLADIN"],"log":"|j|\u2606Waffles4breakfast\n|j|\u2606OSAMABINGETINLADIN\n|t:|1729462140\n|gametype|doubles\n|player|p1|Waffles4breakfast|juggler|1807\n|player|p2|OSAMABINGETINLADIN|policeman-gen4|1678\n|teamsize|p1|6\n|teamsize|p2|6\n|gen|9\n|tier|[Gen 9] VGC 2024 Reg H\n|rated|\n|rule|Species Clause: Limit one of each Pok\u00e9mon\n|rule|Item Clause: Limit 1 of each item\n|clearpoke\n|poke|p1|Archaludon, L50, F|\n|poke|p1|Pelipper, L50, F|\n|poke|p1|Basculegion, L50, M|\n|poke|p1|Amoonguss, L50, M|\n|poke|p1|Gholdengo, L50|\n|poke|p1|Murkrow, L50, F|\n|poke|p2|Sneasler, L50, M|\n|poke|p2|Indeedee, L50, M|\n|poke|p2|Dragapult, L50, M|\n|poke|p2|Decidueye-Hisui, L50, F|\n|poke|p2|Typhlosion-Hisui, L50, F|\n|poke|p2|Whimsicott, L50, F|\n|teampreview|4\n|inactive|Battle timer is ON: inactive players will automatically lose when time's up. (requested by OSAMABINGETINLADIN)\n|\n|t:|1729462168\n|start\n|switch|p1a: Gholdengo|Gholdengo, L50|100\/100\n|switch|p1b: Murkrow|Murkrow, L50, F|100\/100\n|switch|p2a: Luis Carruthers|Whimsicott, L50, F|100\/100\n|switch|p2b: Marcus Halberstram|Dragapult, L50, M|100\/100\n|turn|1\n|\n|t:|1729462183\n|-terastallize|p2a: Luis Carruthers|Fire\n|-terastallize|p1a: Gholdengo|Steel\n|move|p2a: Luis Carruthers|Tailwind|p2a: Luis Carruthers\n|-sidestart|p2: OSAMABINGETINLADIN|move: Tailwind\n|move|p1b: Murkrow|Quash|p2b: Marcus Halberstram\n|-activate|p2b: Marcus Halberstram|move: Quash\n|move|p1a: Gholdengo|Make It Rain|p2b: Marcus Halberstram|[spread] p2a,p2b\n|-resisted|p2a: Luis Carruthers\n|-damage|p2a: Luis Carruthers|31\/100\n|-damage|p2b: Marcus Halberstram|0 fnt\n|-unboost|p1a: Gholdengo|spa|1\n|faint|p2b: Marcus Halberstram\n|\n|upkeep\n|\n|t:|1729462196\n|switch|p2b: David Van Patten|Typhlosion-Hisui, L50, F|100\/100\n|turn|2\n|\n|t:|1729462220\n|switch|p2a: Patrick Bateman|Indeedee, L50, M, shiny|100\/100\n|-fieldstart|move: Psychic Terrain|[from] ability: Psychic Surge|[of] p2a: Patrick Bateman\n|switch|p1a: Pelipper|Pelipper, L50, F|100\/100\n|-weather|RainDance|[from] ability: Drizzle|[of] p1a: Pelipper\n|move|p1b: Murkrow|Tailwind|p1b: Murkrow\n|-sidestart|p1: Waffles4breakfast|move: Tailwind\n|move|p2b: David Van Patten|Eruption|p1b: Murkrow|[spread] p1a,p1b\n|-resisted|p1a: Pelipper\n|-damage|p1a: Pelipper|63\/100\n|-damage|p1b: Murkrow|65\/100\n|\n|-weather|RainDance|[upkeep]\n|upkeep\n|turn|3\n|\n|t:|1729462237\n|move|p1a: Pelipper|Wide Guard|p1a: Pelipper\n|-singleturn|p1a: Pelipper|Wide Guard\n|move|p2b: David Van Patten|Eruption|p1b: Murkrow|[spread] \n|-activate|p1a: Pelipper|move: Wide Guard\n|-activate|p1b: Murkrow|move: Wide Guard\n|move|p2a: Patrick Bateman|Expanding Force|p1a: Pelipper|[spread] \n|-activate|p1a: Pelipper|move: Wide Guard\n|-activate|p1b: Murkrow|move: Wide Guard\n|move|p1b: Murkrow|Foul Play|p2b: David Van Patten\n|-supereffective|p2b: David Van Patten\n|-damage|p2b: David Van Patten|39\/100\n|\n|-weather|RainDance|[upkeep]\n|upkeep\n|turn|4\n|inactive|Waffles4breakfast has 30 seconds left.\n|inactive|Waffles4breakfast has 20 seconds left.\n|\n|t:|1729462272\n|switch|p2b: Luis Carruthers|Whimsicott, L50, F, tera:Fire|31\/100\n|move|p1a: Pelipper|Wide Guard|p1a: Pelipper\n|-singleturn|p1a: Pelipper|Wide Guard\n|move|p2a: Patrick Bateman|Tera Blast|p1a: Pelipper\n|-damage|p1a: Pelipper|0 fnt\n|faint|p1a: Pelipper\n|move|p1b: Murkrow|Foul Play|p2a: Patrick Bateman\n|-supereffective|p2a: Patrick Bateman\n|-damage|p2a: Patrick Bateman|16\/100\n|\n|-weather|RainDance|[upkeep]\n|-sideend|p2: OSAMABINGETINLADIN|move: Tailwind\n|upkeep\n|\n|t:|1729462280\n|switch|p1a: Gholdengo|Gholdengo, L50, tera:Steel|100\/100\n|turn|5\n|\n|t:|1729462296\n|move|p2b: Luis Carruthers|Tailwind|p2b: Luis Carruthers\n|-sidestart|p2: OSAMABINGETINLADIN|move: Tailwind\n|move|p2a: Patrick Bateman|Tera Blast|p1b: Murkrow\n|-damage|p1b: Murkrow|32\/100\n|move|p1a: Gholdengo|Make It Rain|p2b: Luis Carruthers|[spread] p2a,p2b\n|-crit|p2a: Patrick Bateman\n|-resisted|p2b: Luis Carruthers\n|-damage|p2a: Patrick Bateman|0 fnt\n|-damage|p2b: Luis Carruthers|0 fnt\n|-unboost|p1a: Gholdengo|spa|1\n|faint|p2a: Patrick Bateman\n|faint|p2b: Luis Carruthers\n|move|p1b: Murkrow|Foul Play|p2: Patrick Bateman|[notarget]\n|-fail|p1b: Murkrow\n|\n|-weather|RainDance|[upkeep]\n|-sideend|p1: Waffles4breakfast|move: Tailwind\n|upkeep\n|\n|t:|1729462299\n|switch|p2b: David Van Patten|Typhlosion-Hisui, L50, F|39\/100\n|turn|6\n|\n|t:|1729462307\n|move|p1b: Murkrow|Tailwind|p1b: Murkrow\n|-sidestart|p1: Waffles4breakfast|move: Tailwind\n|move|p2b: David Van Patten|Heat Wave|p1a: Gholdengo|[spread] p1b\n|-miss|p2b: David Van Patten|p1a: Gholdengo\n|-damage|p1b: Murkrow|8\/100\n|move|p1a: Gholdengo|Make It Rain|p2b: David Van Patten\n|-resisted|p2b: David Van Patten\n|-damage|p2b: David Van Patten|0 fnt\n|-unboost|p1a: Gholdengo|spa|1\n|faint|p2b: David Van Patten\n|\n|win|Waffles4breakfast\n|raw|Waffles4breakfast's rating: 1807 &rarr; <strong>1820<\/strong><br \/>(+13 for winning)\n|raw|OSAMABINGETINLADIN's rating: 1678 &rarr; <strong>1665<\/strong><br \/>(-13 for losing)\n|l|\u2606OSAMABINGETINLADIN\n|player|p2|\n|l|\u2606Waffles4breakfast\n|player|p1|\n","uploadtime":1729462446,"views":16,"formatid":"gen9vgc2024regh","rating":1665,"private":0,"password":null}