{"id":"gen9vgc2024regh-2227849075","format":"[Gen 9] VGC 2024 Reg H","players":["Pokequimico","Mooose"],"log":"|j|\u2606Pokequimico\n|j|\u2606Mooose\n|t:|1729534973\n|gametype|doubles\n|player|p1|Pokequimico|lucas|1724\n|player|p2|Mooose|burglar|1726\n|teamsize|p1|6\n|teamsize|p2|6\n|gen|9\n|tier|[Gen 9] VGC 2024 Reg H\n|rated|\n|rule|Species Clause: Limit one of each Pok\u00e9mon\n|rule|Item Clause: Limit 1 of each item\n|clearpoke\n|poke|p1|Rillaboom, L50, F|\n|poke|p1|Kingambit, L50, M|\n|poke|p1|Sneasler, L50, M|\n|poke|p1|Primarina, L50, M|\n|poke|p1|Dragonite, L50, F|\n|poke|p1|Typhlosion-Hisui, L50, M|\n|poke|p2|Garchomp, L50, M|\n|poke|p2|Ninetales-Alola, L50, M|\n|poke|p2|Kingambit, L50, F|\n|poke|p2|Glaceon, L50, F|\n|poke|p2|Rillaboom, L50, F|\n|poke|p2|Skeledirge, L50, M|\n|teampreview|4\n|inactive|Battle timer is ON: inactive players will automatically lose when time's up. (requested by Mooose)\n|inactive|Pokequimico has 60 seconds left.\n|\n|t:|1729535003\n|start\n|switch|p1a: Typhlosion|Typhlosion-Hisui, L50, M|100\/100\n|switch|p1b: Sneasler|Sneasler, L50, M|100\/100\n|switch|p2a: Garchomp|Garchomp, L50, M|100\/100\n|switch|p2b: Glaceon|Glaceon, L50, F|100\/100\n|turn|1\n|\n|t:|1729535019\n|-terastallize|p2b: Glaceon|Water\n|move|p1b: Sneasler|Fake Out|p2a: Garchomp\n|-damage|p2a: Garchomp|87\/100\n|-damage|p1b: Sneasler|88\/100|[from] ability: Rough Skin|[of] p2a: Garchomp\n|move|p1a: Typhlosion|Eruption|p2b: Glaceon|[spread] p2a,p2b\n|-resisted|p2a: Garchomp\n|-crit|p2a: Garchomp\n|-resisted|p2b: Glaceon\n|-damage|p2a: Garchomp|58\/100\n|-damage|p2b: Glaceon|66\/100\n|cant|p2a: Garchomp|flinch\n|move|p2b: Glaceon|Tera Blast|p1a: Typhlosion|[anim] Tera Blast Water\n|-supereffective|p1a: Typhlosion\n|-damage|p1a: Typhlosion|0 fnt\n|faint|p1a: Typhlosion\n|\n|upkeep\n|\n|t:|1729535029\n|switch|p1a: Dragonite|Dragonite, L50, F|100\/100\n|turn|2\n|\n|t:|1729535039\n|switch|p2b: Rillaboom|Rillaboom, L50, F|100\/100\n|-fieldstart|move: Grassy Terrain|[from] ability: Grassy Surge|[of] p2b: Rillaboom\n|-enditem|p2b: Rillaboom|Grassy Seed\n|-boost|p2b: Rillaboom|def|1|[from] item: Grassy Seed\n|-terastallize|p1a: Dragonite|Fairy\n|move|p1b: Sneasler|Coaching|p1a: Dragonite\n|-boost|p1a: Dragonite|atk|1\n|-boost|p1a: Dragonite|def|1\n|move|p1a: Dragonite|Scale Shot|p2a: Garchomp\n|-supereffective|p2a: Garchomp\n|-damage|p2a: Garchomp|19\/100\n|-supereffective|p2a: Garchomp\n|-damage|p2a: Garchomp|0 fnt\n|faint|p2a: Garchomp\n|-hitcount|p2: Garchomp|2\n|-unboost|p1a: Dragonite|def|1\n|-boost|p1a: Dragonite|spe|1\n|\n|-heal|p1b: Sneasler|94\/100|[from] Grassy Terrain\n|upkeep\n|\n|t:|1729535059\n|switch|p2a: Glaceon|Glaceon, L50, F, tera:Water|66\/100\n|turn|3\n|\n|t:|1729535070\n|move|p1a: Dragonite|Protect|p1a: Dragonite\n|-singleturn|p1a: Dragonite|Protect\n|move|p2b: Rillaboom|Fake Out|p1a: Dragonite\n|-activate|p1a: Dragonite|move: Protect\n|move|p1b: Sneasler|Coaching|p1a: Dragonite\n|-boost|p1a: Dragonite|atk|1\n|-boost|p1a: Dragonite|def|1\n|move|p2a: Glaceon|Ice Beam|p1a: Dragonite\n|-activate|p1a: Dragonite|move: Protect\n|\n|-heal|p1b: Sneasler|99\/100|[from] Grassy Terrain\n|-heal|p2a: Glaceon|71\/100|[from] Grassy Terrain\n|upkeep\n|turn|4\n|\n|t:|1729535086\n|move|p2b: Rillaboom|Grassy Glide|p1a: Dragonite\n|-damage|p1a: Dragonite|86\/100\n|move|p1a: Dragonite|Scale Shot|p2a: Glaceon\n|-damage|p2a: Glaceon|45\/100\n|-damage|p2a: Glaceon|18\/100\n|-damage|p2a: Glaceon|0 fnt\n|faint|p2a: Glaceon\n|-hitcount|p2: Glaceon|3\n|-unboost|p1a: Dragonite|def|1\n|-boost|p1a: Dragonite|spe|1\n|move|p1b: Sneasler|Dire Claw|p2b: Rillaboom\n|-supereffective|p2b: Rillaboom\n|-damage|p2b: Rillaboom|45\/100\n|\n|-heal|p1a: Dragonite|92\/100|[from] Grassy Terrain\n|-heal|p1b: Sneasler|100\/100|[from] Grassy Terrain\n|-heal|p2b: Rillaboom|51\/100|[from] Grassy Terrain\n|upkeep\n|\n|t:|1729535092\n|switch|p2a: Kingambit|Kingambit, L50, F|100\/100\n|turn|5\n|c|\u2606Mooose|Yeesh gg wp\n|\n|t:|1729535108\n|move|p2a: Kingambit|Sucker Punch|p1a: Dragonite\n|-resisted|p1a: Dragonite\n|-damage|p1a: Dragonite|64\/100\n|move|p1a: Dragonite|Scale Shot|p2b: Rillaboom\n|-damage|p2b: Rillaboom|34\/100\n|-damage|p2b: Rillaboom|18\/100\n|-damage|p2b: Rillaboom|0 fnt\n|faint|p2b: Rillaboom\n|-hitcount|p2: Rillaboom|3\n|-unboost|p1a: Dragonite|def|1\n|-boost|p1a: Dragonite|spe|1\n|move|p1b: Sneasler|Close Combat|p2a: Kingambit\n|-supereffective|p2a: Kingambit\n|-damage|p2a: Kingambit|0 fnt\n|-unboost|p1b: Sneasler|def|1\n|-unboost|p1b: Sneasler|spd|1\n|faint|p2a: Kingambit\n|\n|win|Pokequimico\n|raw|Pokequimico's rating: 1724 &rarr; <strong>1744<\/strong><br \/>(+20 for winning)\n|raw|Mooose's rating: 1726 &rarr; <strong>1706<\/strong><br \/>(-20 for losing)\n|l|\u2606Pokequimico\n|player|p1|\n","uploadtime":1729535130,"views":17,"formatid":"gen9vgc2024regh","rating":1706,"private":0,"password":null}