{"id":"gen9vgc2024regh-2227284546","format":"[Gen 9] VGC 2024 Reg H","players":["Brave12223","schmokeapancake"],"log":"|j|\u2606Brave12223\n|j|\u2606schmokeapancake\n|t:|1729466117\n|gametype|doubles\n|player|p1|Brave12223|ingo|1733\n|player|p2|schmokeapancake|red-gen2|1730\n|teamsize|p1|6\n|teamsize|p2|6\n|gen|9\n|tier|[Gen 9] VGC 2024 Reg H\n|rated|\n|rule|Species Clause: Limit one of each Pok\u00e9mon\n|rule|Item Clause: Limit 1 of each item\n|clearpoke\n|poke|p1|Tyranitar, L50, F|\n|poke|p1|Gastrodon, L50, F|\n|poke|p1|Garchomp, L50, F|\n|poke|p1|Talonflame, L50, M|\n|poke|p1|Kingambit, L50, F|\n|poke|p1|Tsareena, L50, F|\n|poke|p2|Ursaluna, L50, M|\n|poke|p2|Incineroar, L50, F|\n|poke|p2|Porygon2, L50|\n|poke|p2|Sneasler, L50, F|\n|poke|p2|Gholdengo, L50|\n|poke|p2|Amoonguss, L50, M|\n|teampreview|4\n|inactive|Battle timer is ON: inactive players will automatically lose when time's up. (requested by Brave12223)\n|inactive|schmokeapancake also wants the timer to be on.\n|inactive|schmokeapancake has 60 seconds left.\n|\n|t:|1729466161\n|start\n|switch|p1a: Talonflame|Talonflame, L50, M|100\/100\n|switch|p1b: Garchomp|Garchomp, L50, F|100\/100\n|switch|p2a: Amoonguss|Amoonguss, L50, M|100\/100\n|switch|p2b: Porygon2|Porygon2, L50|100\/100\n|-ability|p2b: Porygon2|Gale Wings|[from] ability: Trace|[of] p1a: Talonflame\n|turn|1\n|\n|t:|1729466183\n|-terastallize|p2a: Amoonguss|Water\n|move|p2a: Amoonguss|Rage Powder|p2a: Amoonguss\n|-singleturn|p2a: Amoonguss|move: Rage Powder\n|move|p1a: Talonflame|Taunt|p2b: Porygon2\n|-start|p2b: Porygon2|move: Taunt\n|move|p1b: Garchomp|Earthquake|p2a: Amoonguss|[spread] p2a,p2b\n|-immune|p1a: Talonflame\n|-damage|p2a: Amoonguss|50\/100\n|-damage|p2b: Porygon2|64\/100\n|-enditem|p2a: Amoonguss|Sitrus Berry|[eat]\n|-heal|p2a: Amoonguss|75\/100|[from] item: Sitrus Berry\n|cant|p2b: Porygon2|move: Taunt|Trick Room\n|\n|upkeep\n|turn|2\n|\n|t:|1729466198\n|move|p2a: Amoonguss|Protect|p2a: Amoonguss\n|-singleturn|p2a: Amoonguss|Protect\n|move|p1a: Talonflame|Brave Bird|p2b: Porygon2\n|-damage|p2b: Porygon2|43\/100\n|-damage|p1a: Talonflame|93\/100|[from] Recoil\n|move|p1b: Garchomp|Earthquake|p2a: Amoonguss|[spread] p2b\n|-activate|p2a: Amoonguss|move: Protect\n|-immune|p1a: Talonflame\n|-damage|p2b: Porygon2|2\/100\n|move|p2b: Porygon2|Ice Beam|p1b: Garchomp\n|-supereffective|p1b: Garchomp\n|-damage|p1b: Garchomp|0 fnt\n|faint|p1b: Garchomp\n|\n|upkeep\n|\n|t:|1729466207\n|switch|p1b: Tyranitar|Tyranitar, L50, F|100\/100\n|-weather|Sandstorm|[from] ability: Sand Stream|[of] p1b: Tyranitar\n|turn|3\n|\n|t:|1729466223\n|switch|p2a: Incineroar|Incineroar, L50, F|100\/100\n|-ability|p2a: Incineroar|Intimidate|boost\n|-unboost|p1a: Talonflame|atk|1\n|-fail|p1b: Tyranitar|unboost|[from] item: Clear Amulet|[of] p1b: Tyranitar\n|move|p1a: Talonflame|Taunt|p2a: Incineroar\n|-start|p2a: Incineroar|move: Taunt\n|move|p1b: Tyranitar|Rock Slide|p2b: Porygon2|[spread] p2a,p2b\n|-supereffective|p2a: Incineroar\n|-damage|p2a: Incineroar|44\/100\n|-damage|p2b: Porygon2|0 fnt\n|faint|p2b: Porygon2\n|\n|-weather|Sandstorm|[upkeep]\n|upkeep\n|\n|t:|1729466239\n|switch|p2b: Ursaluna|Ursaluna, L50, M|100\/100\n|turn|4\n|inactive|schmokeapancake has 30 seconds left.\n|\n|t:|1729466272\n|switch|p1a: Kingambit|Kingambit, L50, F|100\/100\n|move|p1b: Tyranitar|Protect|p1b: Tyranitar\n|-singleturn|p1b: Tyranitar|Protect\n|move|p2a: Incineroar|Fake Out|p1b: Tyranitar\n|-activate|p1b: Tyranitar|move: Protect\n|move|p2b: Ursaluna|Facade|p1a: Kingambit\n|-resisted|p1a: Kingambit\n|-damage|p1a: Kingambit|84\/100\n|\n|-weather|Sandstorm|[upkeep]\n|-status|p2b: Ursaluna|brn|[from] item: Flame Orb\n|upkeep\n|turn|5\n|\n|t:|1729466289\n|move|p1b: Tyranitar|Knock Off|p2b: Ursaluna\n|-damage|p2b: Ursaluna|59\/100 brn\n|-enditem|p2b: Ursaluna|Flame Orb|[from] move: Knock Off|[of] p1b: Tyranitar\n|move|p2a: Incineroar|Flare Blitz|p1a: Kingambit\n|-supereffective|p1a: Kingambit\n|-damage|p1a: Kingambit|16\/100\n|-damage|p2a: Incineroar|21\/100|[from] Recoil\n|move|p2b: Ursaluna|Facade|p1a: Kingambit\n|-resisted|p1a: Kingambit\n|-damage|p1a: Kingambit|0 fnt\n|faint|p1a: Kingambit\n|\n|-weather|Sandstorm|[upkeep]\n|-damage|p2b: Ursaluna|52\/100 brn|[from] brn\n|-end|p2a: Incineroar|move: Taunt\n|upkeep\n|\n|t:|1729466297\n|switch|p1a: Talonflame|Talonflame, L50, M|93\/100\n|turn|6\n|inactive|schmokeapancake has 30 seconds left.\n|inactive|schmokeapancake has 20 seconds left.\n|inactive|schmokeapancake has 15 seconds left.\n|\n|t:|1729466340\n|switch|p2a: Amoonguss|Amoonguss, L50, M, tera:Water|100\/100\n|-terastallize|p1b: Tyranitar|Flying\n|move|p1a: Talonflame|Brave Bird|p2b: Ursaluna\n|-damage|p2b: Ursaluna|27\/100 brn\n|-damage|p1a: Talonflame|83\/100|[from] Recoil\n|move|p1b: Tyranitar|Tera Blast|p2b: Ursaluna|[anim] Tera Blast Flying\n|-damage|p2b: Ursaluna|0 fnt\n|faint|p2b: Ursaluna\n|\n|-weather|Sandstorm|[upkeep]\n|-damage|p1b: Tyranitar|95\/100|[from] Sandstorm\n|-damage|p2a: Amoonguss|95\/100|[from] Sandstorm\n|upkeep\n|\n|t:|1729466351\n|switch|p2b: Incineroar|Incineroar, L50, F|21\/100\n|-ability|p2b: Incineroar|Intimidate|boost\n|-unboost|p1a: Talonflame|atk|1\n|-fail|p1b: Tyranitar|unboost|[from] item: Clear Amulet|[of] p1b: Tyranitar\n|turn|7\n|c|\u2606schmokeapancake|what a set\n|c|\u2606schmokeapancake|sets*\n|\n|t:|1729466372\n|move|p2b: Incineroar|Fake Out|p1a: Talonflame\n|-damage|p1a: Talonflame|69\/100\n|cant|p1a: Talonflame|flinch\n|move|p1b: Tyranitar|Rock Slide|p2b: Incineroar|[spread] p2a,p2b\n|-supereffective|p2b: Incineroar\n|-damage|p2a: Amoonguss|68\/100\n|-damage|p2b: Incineroar|0 fnt\n|faint|p2b: Incineroar\n|cant|p2a: Amoonguss|flinch\n|\n|-weather|none\n|upkeep\n|turn|8\n|-message|schmokeapancake forfeited.\n|\n|win|Brave12223\n|raw|Brave12223's rating: 1733 &rarr; <strong>1753<\/strong><br \/>(+20 for winning)\n|raw|schmokeapancake's rating: 1730 &rarr; <strong>1710<\/strong><br \/>(-20 for losing)\n|l|\u2606schmokeapancake\n|player|p2|\n|l|\u2606Brave12223\n|player|p1|\n","uploadtime":1729466597,"views":10,"formatid":"gen9vgc2024regh","rating":1710,"private":0,"password":null}