{"id":"gen9vgc2024regh-2227662417","format":"[Gen 9] VGC 2024 Reg H","players":["SeaWolfMikess","bluestraggler01"],"log":"|badge|p1|bronze|gen9doublesou|100-3\n|uhtml|medal-msg|<div class=\"broadcast-blue\">Curious what those medals under the avatar are? PS now has Ladder Seasons! For more information, check out the <a href=\"https:\/\/www.smogon.com\/forums\/threads\/3740067\/\">thread on Smogon.<\/a><\/div>\n|j|\u2606SeaWolfMikess\n|j|\u2606bluestraggler01\n|t:|1729518861\n|gametype|doubles\n|player|p1|SeaWolfMikess|hugh|1676\n|player|p2|bluestraggler01|266|1760\n|teamsize|p1|6\n|teamsize|p2|6\n|gen|9\n|tier|[Gen 9] VGC 2024 Reg H\n|rated|\n|rule|Species Clause: Limit one of each Pok\u00e9mon\n|rule|Item Clause: Limit 1 of each item\n|clearpoke\n|poke|p1|Rillaboom, L50, F|\n|poke|p1|Gholdengo, L50|\n|poke|p1|Incineroar, L50, F|\n|poke|p1|Pelipper, L50, M|\n|poke|p1|Archaludon, L50, M|\n|poke|p1|Sneasler, L50, M|\n|poke|p2|Skeledirge, L50, M|\n|poke|p2|Porygon2, L50|\n|poke|p2|Ursaluna, L50, F|\n|poke|p2|Amoonguss, L50, M|\n|poke|p2|Kommo-o, L50, M|\n|poke|p2|Maushold-Four, L50|\n|teampreview|4\n|\n|t:|1729518894\n|start\n|switch|p1a: Incineroar|Incineroar, L50, F|100\/100\n|switch|p1b: Gholdengo|Gholdengo, L50|100\/100\n|switch|p2a: Skeledirge|Skeledirge, L50, M|100\/100\n|switch|p2b: Porygon2|Porygon2, L50|100\/100\n|-ability|p1a: Incineroar|Intimidate|boost\n|-unboost|p2a: Skeledirge|atk|1\n|-unboost|p2b: Porygon2|atk|1\n|-ability|p2b: Porygon2|Download|boost\n|-boost|p2b: Porygon2|spa|1\n|turn|1\n|inactive|Battle timer is ON: inactive players will automatically lose when time's up. (requested by bluestraggler01)\n|\n|t:|1729518933\n|-terastallize|p1b: Gholdengo|Fairy\n|move|p1a: Incineroar|Fake Out|p2b: Porygon2\n|-damage|p2b: Porygon2|94\/100\n|move|p1b: Gholdengo|Nasty Plot|p1b: Gholdengo\n|-boost|p1b: Gholdengo|spa|2\n|move|p2a: Skeledirge|Torch Song|p1b: Gholdengo\n|-damage|p1b: Gholdengo|65\/100\n|-boost|p2a: Skeledirge|spa|1\n|cant|p2b: Porygon2|flinch\n|\n|upkeep\n|turn|2\n|j| hastein\n|l| hastein\n|inactive|SeaWolfMikess has 30 seconds left.\n|\n|t:|1729518961\n|move|p1b: Gholdengo|Make It Rain|p2b: Porygon2|[spread] p2a,p2b\n|-resisted|p2a: Skeledirge\n|-crit|p2a: Skeledirge\n|-damage|p2a: Skeledirge|75\/100\n|-damage|p2b: Porygon2|29\/100\n|-unboost|p1b: Gholdengo|spa|1\n|move|p2a: Skeledirge|Torch Song|p1b: Gholdengo\n|-damage|p1b: Gholdengo|6\/100\n|-boost|p2a: Skeledirge|spa|1\n|move|p1a: Incineroar|Knock Off|p2a: Skeledirge\n|-supereffective|p2a: Skeledirge\n|-damage|p2a: Skeledirge|9\/100\n|-enditem|p2a: Skeledirge|Assault Vest|[from] move: Knock Off|[of] p1a: Incineroar\n|move|p2b: Porygon2|Trick Room|p2b: Porygon2\n|-fieldstart|move: Trick Room|[of] p2b: Porygon2\n|\n|upkeep\n|turn|3\n|inactive|SeaWolfMikess has 30 seconds left.\n|\n|t:|1729518992\n|switch|p2a: Amoonguss|Amoonguss, L50, M|100\/100\n|move|p1b: Gholdengo|Protect|p1b: Gholdengo\n|-singleturn|p1b: Gholdengo|Protect\n|move|p2b: Porygon2|Tera Blast|p1b: Gholdengo\n|-activate|p1b: Gholdengo|move: Protect\n|move|p1a: Incineroar|Parting Shot|p2a: Amoonguss\n|-unboost|p2a: Amoonguss|atk|1\n|-unboost|p2a: Amoonguss|spa|1\n|j| Therazer456\n|\n|t:|1729518998\n|switch|p1a: Rillaboom|Rillaboom, L50, F|100\/100|[from] Parting Shot\n|-fieldstart|move: Grassy Terrain|[from] ability: Grassy Surge|[of] p1a: Rillaboom\n|\n|-heal|p2b: Porygon2|35\/100|[from] Grassy Terrain\n|-heal|p1b: Gholdengo|12\/100|[from] Grassy Terrain\n|upkeep\n|turn|4\n|\n|t:|1729519007\n|switch|p2b: Ursaluna|Ursaluna, L50, F|100\/100\n|move|p1a: Rillaboom|Fake Out|p2b: Ursaluna\n|-damage|p2b: Ursaluna|90\/100\n|move|p2a: Amoonguss|Leaf Storm|p1b: Gholdengo\n|-damage|p1b: Gholdengo|0 fnt\n|-unboost|p2a: Amoonguss|spa|2\n|faint|p1b: Gholdengo\n|\n|-heal|p2b: Ursaluna|96\/100|[from] Grassy Terrain\n|-status|p2b: Ursaluna|brn|[from] item: Flame Orb\n|upkeep\n|\n|t:|1729519009\n|switch|p1b: Incineroar|Incineroar, L50, F|100\/100\n|-ability|p1b: Incineroar|Intimidate|boost\n|-unboost|p2a: Amoonguss|atk|1\n|-unboost|p2b: Ursaluna|atk|1\n|turn|5\n|\n|t:|1729519031\n|switch|p2a: Skeledirge|Skeledirge, L50, M|9\/100\n|switch|p1b: Pelipper|Pelipper, L50, M|100\/100\n|-weather|RainDance|[from] ability: Drizzle|[of] p1b: Pelipper\n|-terastallize|p2b: Ursaluna|Ghost\n|move|p2b: Ursaluna|Headlong Rush|p1b: Pelipper\n|-immune|p1b: Pelipper\n|move|p1a: Rillaboom|Wood Hammer|p2b: Ursaluna\n|-damage|p2b: Ursaluna|42\/100 brn\n|-damage|p1a: Rillaboom|81\/100|[from] Recoil\n|\n|-weather|RainDance|[upkeep]\n|-heal|p2b: Ursaluna|48\/100 brn|[from] Grassy Terrain\n|-heal|p2a: Skeledirge|15\/100|[from] Grassy Terrain\n|-heal|p1a: Rillaboom|87\/100|[from] Grassy Terrain\n|-damage|p2b: Ursaluna|42\/100 brn|[from] brn\n|upkeep\n|turn|6\n|inactive|bluestraggler01 has 30 seconds left.\n|\n|t:|1729519056\n|switch|p1a: Incineroar|Incineroar, L50, F|100\/100\n|-ability|p1a: Incineroar|Intimidate|boost\n|-unboost|p2a: Skeledirge|atk|1\n|-unboost|p2b: Ursaluna|atk|1\n|move|p1b: Pelipper|Protect|p1b: Pelipper\n|-singleturn|p1b: Pelipper|Protect\n|move|p2b: Ursaluna|Headlong Rush|p1a: Incineroar\n|-supereffective|p1a: Incineroar\n|-damage|p1a: Incineroar|20\/100\n|-unboost|p2b: Ursaluna|def|1\n|-unboost|p2b: Ursaluna|spd|1\n|move|p2a: Skeledirge|Shadow Ball|p1b: Pelipper\n|-activate|p1b: Pelipper|move: Protect\n|\n|-weather|RainDance|[upkeep]\n|-heal|p2b: Ursaluna|48\/100 brn|[from] Grassy Terrain\n|-heal|p1a: Incineroar|26\/100|[from] Grassy Terrain\n|-heal|p2a: Skeledirge|21\/100|[from] Grassy Terrain\n|-damage|p2b: Ursaluna|42\/100 brn|[from] brn\n|-fieldend|move: Trick Room\n|upkeep\n|turn|7\n|\n|t:|1729519071\n|switch|p2a: Porygon2|Porygon2, L50|35\/100\n|-ability|p2a: Porygon2|Download|boost\n|-boost|p2a: Porygon2|spa|1\n|move|p2b: Ursaluna|Protect|p2b: Ursaluna\n|-singleturn|p2b: Ursaluna|Protect\n|move|p1b: Pelipper|Hurricane|p2a: Porygon2\n|-damage|p2a: Porygon2|8\/100\n|move|p1a: Incineroar|Knock Off|p2b: Ursaluna\n|-activate|p2b: Ursaluna|move: Protect\n|\n|-weather|RainDance|[upkeep]\n|-heal|p1a: Incineroar|32\/100|[from] Grassy Terrain\n|-heal|p2a: Porygon2|15\/100|[from] Grassy Terrain\n|-heal|p2b: Ursaluna|48\/100 brn|[from] Grassy Terrain\n|-damage|p2b: Ursaluna|42\/100 brn|[from] brn\n|-fieldend|move: Grassy Terrain\n|upkeep\n|turn|8\n|\n|t:|1729519087\n|switch|p2b: Skeledirge|Skeledirge, L50, M|21\/100\n|move|p2a: Porygon2|Protect|p2a: Porygon2\n|-singleturn|p2a: Porygon2|Protect\n|move|p1b: Pelipper|Hurricane|p2a: Porygon2\n|-activate|p2a: Porygon2|move: Protect\n|move|p1a: Incineroar|Knock Off|p2b: Skeledirge\n|-supereffective|p2b: Skeledirge\n|-damage|p2b: Skeledirge|0 fnt\n|faint|p2b: Skeledirge\n|\n|-weather|RainDance|[upkeep]\n|upkeep\n|\n|t:|1729519099\n|switch|p2b: Amoonguss|Amoonguss, L50, M|100\/100\n|turn|9\n|\n|t:|1729519105\n|switch|p1b: Rillaboom|Rillaboom, L50, F|87\/100\n|-fieldstart|move: Grassy Terrain|[from] ability: Grassy Surge|[of] p1b: Rillaboom\n|move|p2b: Amoonguss|Rage Powder|p2b: Amoonguss\n|-singleturn|p2b: Amoonguss|move: Rage Powder\n|move|p1a: Incineroar|Knock Off|p2a: Porygon2\n|-damage|p2a: Porygon2|0 fnt\n|-enditem|p2a: Porygon2|Eviolite|[from] move: Knock Off|[of] p1a: Incineroar\n|faint|p2a: Porygon2\n|\n|-weather|none\n|-heal|p1b: Rillaboom|93\/100|[from] Grassy Terrain\n|-heal|p1a: Incineroar|38\/100|[from] Grassy Terrain\n|upkeep\n|-message|bluestraggler01 forfeited.\n|\n|win|SeaWolfMikess\n|raw|SeaWolfMikess's rating: 1676 &rarr; <strong>1701<\/strong><br \/>(+25 for winning)\n|raw|bluestraggler01's rating: 1760 &rarr; <strong>1735<\/strong><br \/>(-25 for losing)\n|l|\u2606bluestraggler01\n|player|p2|\n|l| Therazer456\n|l|\u2606SeaWolfMikess\n|player|p1|\n","uploadtime":1729519363,"views":20,"formatid":"gen9vgc2024regh","rating":1701,"private":0,"password":null}