{"id":"gen9vgc2024regh-2227759250","format":"[Gen 9] VGC 2024 Reg H","players":["BigSalta","yongbao"],"log":"|j|\u2606BigSalta\n|j|\u2606yongbao\n|t:|1729527340\n|gametype|doubles\n|player|p1|BigSalta|cynthia|1684\n|player|p2|yongbao|dawn-gen4pt|1738\n|teamsize|p1|6\n|teamsize|p2|6\n|gen|9\n|tier|[Gen 9] VGC 2024 Reg H\n|rated|\n|rule|Species Clause: Limit one of each Pok\u00e9mon\n|rule|Item Clause: Limit 1 of each item\n|clearpoke\n|poke|p1|Porygon2, L50|\n|poke|p1|Sneasler, L50, M|\n|poke|p1|Gholdengo, L50|\n|poke|p1|Amoonguss, L50, M|\n|poke|p1|Garchomp, L50, F|\n|poke|p1|Incineroar, L50, M|\n|poke|p2|Garchomp, L50, F|\n|poke|p2|Annihilape, L50, F|\n|poke|p2|Corviknight, L50, F|\n|poke|p2|Tyranitar, L50, M|\n|poke|p2|Gholdengo, L50|\n|poke|p2|Murkrow, L50, M|\n|teampreview|4\n|\n|t:|1729527394\n|start\n|switch|p1a: Amoonguss|Amoonguss, L50, M|100\/100\n|switch|p1b: Incineroar|Incineroar, L50, M|100\/100\n|switch|p2a: Annihilape|Annihilape, L50, F|100\/100\n|switch|p2b: Garchomp|Garchomp, L50, F|100\/100\n|-ability|p1b: Incineroar|Intimidate|boost\n|-unboost|p2a: Annihilape|atk|1\n|-ability|p2a: Annihilape|Defiant|boost\n|-boost|p2a: Annihilape|atk|2\n|-unboost|p2b: Garchomp|atk|1\n|turn|1\n|\n|t:|1729527438\n|move|p2b: Garchomp|Earthquake|p1a: Amoonguss|[spread] p2a,p1a,p1b\n|-supereffective|p1b: Incineroar\n|-damage|p2a: Annihilape|72\/100\n|-damage|p1a: Amoonguss|77\/100\n|-damage|p1b: Incineroar|55\/100\n|move|p2a: Annihilape|Final Gambit|p1a: Amoonguss\n|-damage|p1a: Amoonguss|12\/100\n|-enditem|p1a: Amoonguss|Sitrus Berry|[eat]\n|-heal|p1a: Amoonguss|37\/100|[from] item: Sitrus Berry\n|faint|p2a: Annihilape\n|move|p1b: Incineroar|Knock Off|p2b: Garchomp\n|-damage|p2b: Garchomp|55\/100\n|-damage|p1b: Incineroar|43\/100|[from] ability: Rough Skin|[of] p2b: Garchomp\n|-enditem|p2b: Garchomp|Choice Scarf|[from] move: Knock Off|[of] p1b: Incineroar\n|move|p1a: Amoonguss|Spore|p2b: Garchomp\n|-status|p2b: Garchomp|slp|[from] move: Spore\n|\n|upkeep\n|\n|t:|1729527457\n|switch|p2a: Gholdengo|Gholdengo, L50|100\/100\n|turn|2\n|\n|t:|1729527477\n|switch|p2b: Tyranitar|Tyranitar, L50, M|100\/100\n|-weather|Sandstorm|[from] ability: Sand Stream|[of] p2b: Tyranitar\n|switch|p1a: Gholdengo|Gholdengo, L50|100\/100\n|move|p2a: Gholdengo|Make It Rain|p1a: Gholdengo|[spread] p1a,p1b\n|-resisted|p1a: Gholdengo\n|-resisted|p1b: Incineroar\n|-damage|p1a: Gholdengo|62\/100\n|-damage|p1b: Incineroar|11\/100\n|-unboost|p2a: Gholdengo|spa|1\n|move|p1b: Incineroar|Flare Blitz|p2a: Gholdengo\n|-supereffective|p2a: Gholdengo\n|-damage|p2a: Gholdengo|0 fnt\n|faint|p2a: Gholdengo\n|-damage|p1b: Incineroar|0 fnt|[from] Recoil\n|faint|p1b: Incineroar\n|\n|-weather|Sandstorm|[upkeep]\n|upkeep\n|\n|t:|1729527495\n|switch|p2a: Garchomp|Garchomp, L50, F|55\/100 slp\n|switch|p1b: Porygon2|Porygon2, L50|100\/100\n|-ability|p1b: Porygon2|Download|boost\n|-boost|p1b: Porygon2|spa|1\n|turn|3\n|\n|t:|1729527510\n|-terastallize|p2b: Tyranitar|Flying\n|cant|p2a: Garchomp|slp\n|move|p1a: Gholdengo|Make It Rain|p2a: Garchomp|[spread] p2a,p2b\n|-damage|p2a: Garchomp|0 fnt\n|-damage|p2b: Tyranitar|61\/100\n|-unboost|p1a: Gholdengo|spa|1\n|faint|p2a: Garchomp\n|-damage|p1a: Gholdengo|53\/100|[from] item: Life Orb\n|move|p2b: Tyranitar|Knock Off|p1b: Porygon2\n|-damage|p1b: Porygon2|64\/100\n|-enditem|p1b: Porygon2|Eviolite|[from] move: Knock Off|[of] p2b: Tyranitar\n|move|p1b: Porygon2|Trick Room|p1b: Porygon2\n|-fieldstart|move: Trick Room|[of] p1b: Porygon2\n|\n|-weather|Sandstorm|[upkeep]\n|-damage|p1b: Porygon2|58\/100|[from] Sandstorm\n|-damage|p2b: Tyranitar|55\/100|[from] Sandstorm\n|upkeep\n|turn|4\n|\n|t:|1729527535\n|move|p1b: Porygon2|Ice Beam|p2b: Tyranitar\n|-supereffective|p2b: Tyranitar\n|-damage|p2b: Tyranitar|11\/100\n|move|p2b: Tyranitar|Knock Off|p1a: Gholdengo\n|-supereffective|p1a: Gholdengo\n|-damage|p1a: Gholdengo|0 fnt\n|-enditem|p1a: Gholdengo|Life Orb|[from] move: Knock Off|[of] p2b: Tyranitar\n|faint|p1a: Gholdengo\n|\n|-weather|Sandstorm|[upkeep]\n|-damage|p1b: Porygon2|52\/100|[from] Sandstorm\n|-damage|p2b: Tyranitar|5\/100|[from] Sandstorm\n|upkeep\n|\n|t:|1729527538\n|switch|p1a: Amoonguss|Amoonguss, L50, M|70\/100\n|turn|5\n|-message|yongbao forfeited.\n|\n|win|BigSalta\n|raw|BigSalta's rating: 1684 &rarr; <strong>1707<\/strong><br \/>(+23 for winning)\n|raw|yongbao's rating: 1738 &rarr; <strong>1715<\/strong><br \/>(-23 for losing)\n|l|\u2606yongbao\n|player|p2|\n","uploadtime":1729527810,"views":34,"formatid":"gen9vgc2024regh","rating":1707,"private":0,"password":null}