{"id":"gen9vgc2024regh-2227822207","format":"[Gen 9] VGC 2024 Reg H","players":["Becccca","sailyors"],"log":"|j|\u2606Becccca\n|j|\u2606sailyors\n|t:|1729532748\n|gametype|doubles\n|player|p1|Becccca|266|1741\n|player|p2|sailyors|iris-gen5bw2|1715\n|teamsize|p1|6\n|teamsize|p2|6\n|gen|9\n|tier|[Gen 9] VGC 2024 Reg H\n|rated|\n|rule|Species Clause: Limit one of each Pok\u00e9mon\n|rule|Item Clause: Limit 1 of each item\n|clearpoke\n|poke|p1|Pelipper, L50, M|\n|poke|p1|Archaludon, L50, M|\n|poke|p1|Sneasler, L50, M|\n|poke|p1|Dragapult, L50, F|\n|poke|p1|Kingambit, L50, M|\n|poke|p1|Amoonguss, L50, M|\n|poke|p2|Ninetales-Alola, L50, M|\n|poke|p2|Maushold, L50|\n|poke|p2|Sinistcha, L50|\n|poke|p2|Annihilape, L50, F|\n|poke|p2|Incineroar, L50, F|\n|poke|p2|Dragonite, L50, F|\n|teampreview|4\n|inactive|Battle timer is ON: inactive players will automatically lose when time's up. (requested by sailyors)\n|j| MikeFlem12326171\n|j| Fallastest\n|\n|t:|1729532772\n|start\n|switch|p1a: Dragapult|Dragapult, L50, F|100\/100\n|switch|p1b: Archaludon|Archaludon, L50, M|100\/100\n|switch|p2a: Maushold|Maushold, L50|100\/100\n|switch|p2b: Annihilape|Annihilape, L50, F|100\/100\n|turn|1\n|inactive|Becccca has 30 seconds left.\n|inactive|Becccca has 20 seconds left.\n|inactive|Becccca has 15 seconds left.\n|\n|t:|1729532815\n|switch|p1b: Pelipper|Pelipper, L50, M|100\/100\n|-weather|RainDance|[from] ability: Drizzle|[of] p1b: Pelipper\n|-terastallize|p1a: Dragapult|Dragon\n|move|p1a: Dragapult|Outrage|p2a: Maushold\n|-damage|p2a: Maushold|0 fnt\n|faint|p2a: Maushold\n|move|p2b: Annihilape|Rage Fist|p1b: Pelipper\n|-damage|p1b: Pelipper|75\/100\n|\n|-weather|RainDance|[upkeep]\n|upkeep\n|\n|t:|1729532824\n|switch|p2a: Ninetales|Ninetales-Alola, L50, M|100\/100\n|-weather|Snow|[from] ability: Snow Warning|[of] p2a: Ninetales\n|turn|2\n|\n|t:|1729532836\n|switch|p1b: Archaludon|Archaludon, L50, M|100\/100\n|move|p2b: Annihilape|Protect|p2b: Annihilape\n|-singleturn|p2b: Annihilape|Protect\n|move|p1a: Dragapult|Outrage|p2a: Ninetales|[from]lockedmove\n|-immune|p2a: Ninetales\n|move|p2a: Ninetales|Blizzard|p1b: Archaludon|[spread] p1a,p1b\n|-supereffective|p1a: Dragapult\n|-damage|p1a: Dragapult|11\/100\n|-damage|p1b: Archaludon|75\/100\n|\n|-weather|Snow|[upkeep]\n|upkeep\n|turn|3\n|j| Scottishtown\n|\n|t:|1729532854\n|switch|p2b: Sinistcha|Sinistcha, L50|100\/100\n|move|p1a: Dragapult|Outrage|p2a: Ninetales\n|-immune|p2a: Ninetales\n|move|p2a: Ninetales|Blizzard|p1b: Archaludon|[spread] p1a,p1b\n|-supereffective|p1a: Dragapult\n|-damage|p1a: Dragapult|0 fnt\n|-damage|p1b: Archaludon|47\/100\n|faint|p1a: Dragapult\n|move|p1b: Archaludon|Flash Cannon|p2a: Ninetales\n|-supereffective|p2a: Ninetales\n|-damage|p2a: Ninetales|0 fnt\n|faint|p2a: Ninetales\n|\n|-weather|Snow|[upkeep]\n|upkeep\n|\n|t:|1729532873\n|switch|p1a: Pelipper|Pelipper, L50, M|75\/100\n|switch|p2a: Annihilape|Annihilape, L50, F|100\/100\n|-weather|RainDance|[from] ability: Drizzle|[of] p1a: Pelipper\n|turn|4\n|\n|t:|1729532889\n|move|p2a: Annihilape|Protect|p2a: Annihilape\n|-singleturn|p2a: Annihilape|Protect\n|move|p1b: Archaludon|Electro Shot||[still]\n|-prepare|p1b: Archaludon|Electro Shot\n|-boost|p1b: Archaludon|spa|1\n|-anim|p1b: Archaludon|Electro Shot|p2a: Annihilape\n|-activate|p2a: Annihilape|move: Protect\n|move|p1a: Pelipper|Hurricane|p2a: Annihilape\n|-activate|p2a: Annihilape|move: Protect\n|move|p2b: Sinistcha|Trick Room|p2b: Sinistcha\n|-fieldstart|move: Trick Room|[of] p2b: Sinistcha\n|\n|-weather|RainDance|[upkeep]\n|upkeep\n|turn|5\n|\n|t:|1729532910\n|move|p2b: Sinistcha|Rage Powder|p2b: Sinistcha\n|-singleturn|p2b: Sinistcha|move: Rage Powder\n|move|p1a: Pelipper|Weather Ball|p2b: Sinistcha\n|-resisted|p2b: Sinistcha\n|-damage|p2b: Sinistcha|67\/100\n|move|p1b: Archaludon|Electro Shot||[still]\n|-prepare|p1b: Archaludon|Electro Shot\n|-boost|p1b: Archaludon|spa|1\n|-anim|p1b: Archaludon|Electro Shot|p2a: Annihilape\n|-damage|p2a: Annihilape|25\/100\n|move|p2a: Annihilape|Bulk Up|p2a: Annihilape\n|-boost|p2a: Annihilape|atk|1\n|-boost|p2a: Annihilape|def|1\n|\n|-weather|RainDance|[upkeep]\n|-heal|p2a: Annihilape|31\/100|[from] item: Leftovers\n|upkeep\n|turn|6\n|\n|t:|1729532929\n|move|p2a: Annihilape|Protect|p2a: Annihilape\n|-singleturn|p2a: Annihilape|Protect\n|move|p1a: Pelipper|Hurricane|p2b: Sinistcha\n|-supereffective|p2b: Sinistcha\n|-damage|p2b: Sinistcha|0 fnt\n|faint|p2b: Sinistcha\n|move|p1b: Archaludon|Electro Shot||[still]\n|-prepare|p1b: Archaludon|Electro Shot\n|-boost|p1b: Archaludon|spa|1\n|-anim|p1b: Archaludon|Electro Shot|p2a: Annihilape\n|-activate|p2a: Annihilape|move: Protect\n|\n|-weather|RainDance|[upkeep]\n|-heal|p2a: Annihilape|37\/100|[from] item: Leftovers\n|upkeep\n|turn|7\n|\n|t:|1729532948\n|-terastallize|p2a: Annihilape|Fire\n|move|p1a: Pelipper|Weather Ball|p2a: Annihilape\n|-supereffective|p2a: Annihilape\n|-damage|p2a: Annihilape|0 fnt\n|faint|p2a: Annihilape\n|\n|win|Becccca\n|raw|Becccca's rating: 1741 &rarr; <strong>1760<\/strong><br \/>(+19 for winning)\n|raw|sailyors's rating: 1715 &rarr; <strong>1696<\/strong><br \/>(-19 for losing)\n|c|\u2606sailyors|gg\n|l|\u2606sailyors\n|player|p2|\n|l|\u2606Becccca\n|player|p1|\n|l| Fallastest\n","uploadtime":1729533153,"views":29,"formatid":"gen9vgc2024regh","rating":1696,"private":0,"password":null}