{"id":"gen9vgc2024regh-2227254399","format":"[Gen 9] VGC 2024 Reg H","players":["IDKWHATTODOANYMORE","Topperlecat"],"log":"|j|\u2606IDKWHATTODOANYMORE\n|j|\u2606Topperlecat\n|t:|1729462587\n|gametype|doubles\n|player|p1|IDKWHATTODOANYMORE|steven|1763\n|player|p2|Topperlecat|aquasuit|1779\n|teamsize|p1|6\n|teamsize|p2|6\n|gen|9\n|tier|[Gen 9] VGC 2024 Reg H\n|rated|\n|rule|Species Clause: Limit one of each Pok\u00e9mon\n|rule|Item Clause: Limit 1 of each item\n|clearpoke\n|poke|p1|Excadrill, L50, M|\n|poke|p1|Tyranitar, L50, M|\n|poke|p1|Kommo-o, L50, M|\n|poke|p1|Indeedee, L50, M|\n|poke|p1|Corviknight, L50, M|\n|poke|p1|Samurott-Hisui, L50, M|\n|poke|p2|Dondozo, L50, M|\n|poke|p2|Tatsugiri, L50, M|\n|poke|p2|Weezing-Galar, L50, M|\n|poke|p2|Corviknight, L50, F|\n|poke|p2|Garchomp, L50, F|\n|poke|p2|Kingambit, L50, M|\n|teampreview|4\n|inactive|Battle timer is ON: inactive players will automatically lose when time's up. (requested by IDKWHATTODOANYMORE)\n|inactive|IDKWHATTODOANYMORE has 60 seconds left.\n|\n|t:|1729462623\n|start\n|switch|p1a: Lucky Charms|Excadrill, L50, M, shiny|100\/100\n|switch|p1b: Reeses Puffs|Kommo-o, L50, M, shiny|100\/100\n|switch|p2a: large chomp|Garchomp, L50, F|100\/100\n|switch|p2b: galaxy gas|Weezing-Galar, L50, M|100\/100\n|-ability|p2b: galaxy gas|Neutralizing Gas\n|turn|1\n|\n|t:|1729462637\n|-terastallize|p2b: galaxy gas|Flying\n|-terastallize|p1b: Reeses Puffs|Ghost\n|move|p2a: large chomp|Earthquake|p1b: Reeses Puffs|[spread] p1a,p1b\n|-immune|p2b: galaxy gas\n|-supereffective|p1a: Lucky Charms\n|-enditem|p1a: Lucky Charms|Focus Sash\n|-damage|p1a: Lucky Charms|1\/100\n|-damage|p1b: Reeses Puffs|47\/100\n|move|p1a: Lucky Charms|High Horsepower|p2b: galaxy gas\n|-immune|p2b: galaxy gas\n|move|p2b: galaxy gas|Strange Steam|p1b: Reeses Puffs\n|-damage|p1b: Reeses Puffs|12\/100\n|move|p1b: Reeses Puffs|Clanging Scales|p2b: galaxy gas|[spread] p2a,p2b\n|-supereffective|p2a: large chomp\n|-damage|p2a: large chomp|0 fnt\n|-damage|p2b: galaxy gas|10\/100\n|faint|p2a: large chomp\n|-unboost|p1b: Reeses Puffs|def|1\n|\n|upkeep\n|\n|t:|1729462648\n|switch|p2a: dunky|Dondozo, L50, M|100\/100\n|turn|2\n|\n|t:|1729462660\n|-end|p2b: galaxy gas|ability: Neutralizing Gas\n|switch|p2b: veganism|Tatsugiri, L50, M, shiny|100\/100\n|-activate|p2b: veganism|ability: Commander|[of] p2a: dunky\n|-boost|p2a: dunky|atk|2\n|-boost|p2a: dunky|spa|2\n|-boost|p2a: dunky|spe|2\n|-boost|p2a: dunky|def|2\n|-boost|p2a: dunky|spd|2\n|move|p1a: Lucky Charms|Protect|p1a: Lucky Charms\n|-singleturn|p1a: Lucky Charms|Protect\n|move|p2a: dunky|Earthquake|p1b: Reeses Puffs|[spread] p1b\n|-miss|p2a: dunky|p2b: veganism\n|-activate|p1a: Lucky Charms|move: Protect\n|-damage|p1b: Reeses Puffs|0 fnt\n|faint|p1b: Reeses Puffs\n|\n|upkeep\n|\n|t:|1729462674\n|switch|p1b: Cheerios|Tyranitar, L50, M, shiny|100\/100\n|-weather|Sandstorm|[from] ability: Sand Stream|[of] p1b: Cheerios\n|turn|3\n|\n|t:|1729462682\n|move|p1a: Lucky Charms|Iron Head|p2a: dunky\n|-resisted|p2a: dunky\n|-damage|p2a: dunky|92\/100\n|move|p1b: Cheerios|Rock Slide|p2b: veganism|[spread] p2a\n|-miss|p1b: Cheerios|p2b: veganism\n|-damage|p2a: dunky|83\/100\n|cant|p2a: dunky|flinch\n|\n|-weather|Sandstorm|[upkeep]\n|-damage|p2b: veganism|95\/100|[from] Sandstorm\n|upkeep\n|turn|4\n|c|\u2606Topperlecat|scarf is neat\n|\n|t:|1729462697\n|move|p1a: Lucky Charms|Iron Head|p2a: dunky\n|-resisted|p2a: dunky\n|-damage|p2a: dunky|74\/100\n|move|p1b: Cheerios|Rock Slide|p2a: dunky|[spread] p2a\n|-miss|p1b: Cheerios|p2b: veganism\n|-damage|p2a: dunky|63\/100\n|cant|p2a: dunky|flinch\n|\n|-weather|Sandstorm|[upkeep]\n|-damage|p2b: veganism|89\/100|[from] Sandstorm\n|upkeep\n|turn|5\n|c|\u2606IDKWHATTODOANYMORE|they never see it coming\n|j| RiotJuice\n|c|\u2606IDKWHATTODOANYMORE|plus flinches are nice\n|\n|t:|1729462718\n|move|p2a: dunky|Protect|p2a: dunky\n|-singleturn|p2a: dunky|Protect\n|move|p1a: Lucky Charms|Iron Head|p2a: dunky\n|-activate|p2a: dunky|move: Protect\n|move|p1b: Cheerios|Rock Slide|p2a: dunky|[spread] \n|-miss|p1b: Cheerios|p2b: veganism\n|-activate|p2a: dunky|move: Protect\n|\n|-weather|Sandstorm|[upkeep]\n|-damage|p2b: veganism|84\/100|[from] Sandstorm\n|upkeep\n|turn|6\n|c|\u2606Topperlecat|yeah its definitely clutching up rn lol\n|\n|t:|1729462726\n|move|p1a: Lucky Charms|Iron Head|p2a: dunky\n|-resisted|p2a: dunky\n|-damage|p2a: dunky|54\/100\n|move|p1b: Cheerios|Rock Slide|p2a: dunky|[spread] \n|-miss|p1b: Cheerios|p2b: veganism\n|-miss|p1b: Cheerios|p2a: dunky\n|move|p2a: dunky|Earthquake|p1a: Lucky Charms|[spread] p1a,p1b\n|-miss|p2a: dunky|p2b: veganism\n|-supereffective|p1a: Lucky Charms\n|-supereffective|p1b: Cheerios\n|-damage|p1a: Lucky Charms|0 fnt\n|-damage|p1b: Cheerios|4\/100\n|faint|p1a: Lucky Charms\n|\n|-weather|Sandstorm|[upkeep]\n|-damage|p2b: veganism|78\/100|[from] Sandstorm\n|upkeep\n|\n|t:|1729462735\n|switch|p1a: Captain Crunch|Samurott-Hisui, L50, M, shiny|100\/100\n|turn|7\n|\n|t:|1729462741\n|move|p2a: dunky|Protect|p2a: dunky\n|-singleturn|p2a: dunky|Protect\n|move|p1b: Cheerios|Rock Slide|p2b: veganism|[spread] \n|-miss|p1b: Cheerios|p2b: veganism\n|-activate|p2a: dunky|move: Protect\n|move|p1a: Captain Crunch|Sacred Sword|p2a: dunky\n|-activate|p2a: dunky|move: Protect\n|\n|-weather|none\n|upkeep\n|turn|8\n|\n|t:|1729462747\n|move|p1b: Cheerios|Rock Slide|p2b: veganism|[spread] p2a\n|-miss|p1b: Cheerios|p2b: veganism\n|-damage|p2a: dunky|44\/100\n|cant|p2a: dunky|flinch\n|move|p1a: Captain Crunch|Sacred Sword|p2a: dunky\n|-damage|p2a: dunky|8\/100\n|\n|upkeep\n|turn|9\n|c|\u2606Topperlecat|ahhhh\n|\n|t:|1729462761\n|move|p1b: Cheerios|Rock Slide|p2b: veganism|[spread] p2a\n|-miss|p1b: Cheerios|p2b: veganism\n|-damage|p2a: dunky|0 fnt\n|faint|p2a: dunky\n|move|p1a: Captain Crunch|Sacred Sword|p2b: veganism\n|-damage|p2b: veganism|0 fnt\n|faint|p2b: veganism\n|\n|upkeep\n|\n|t:|1729462764\n|switch|p2b: galaxy gas|Weezing-Galar, L50, M, tera:Flying|10\/100\n|-ability|p2b: galaxy gas|Neutralizing Gas\n|turn|10\n|c|\u2606Topperlecat|welp\n|c|\u2606Topperlecat|gg\n|-message|Topperlecat forfeited.\n|\n|win|IDKWHATTODOANYMORE\n|raw|IDKWHATTODOANYMORE's rating: 1763 &rarr; <strong>1784<\/strong><br \/>(+21 for winning)\n|raw|Topperlecat's rating: 1779 &rarr; <strong>1758<\/strong><br \/>(-21 for losing)\n|c|\u2606IDKWHATTODOANYMORE|gg\n|l|\u2606Topperlecat\n|player|p2|\n|l| RiotJuice\n|l|\u2606IDKWHATTODOANYMORE\n|player|p1|\n","uploadtime":1729463000,"views":59,"formatid":"gen9vgc2024regh","rating":1758,"private":0,"password":null}