{"id":"gen9vgc2024regh-2227393709","format":"[Gen 9] VGC 2024 Reg H","players":["OSAMABINGETINLADIN","IDKWHATTODOANYMORE"],"log":"|j|\u2606OSAMABINGETINLADIN\n|j|\u2606IDKWHATTODOANYMORE\n|t:|1729479150\n|gametype|doubles\n|player|p1|OSAMABINGETINLADIN|policeman-gen4|1722\n|player|p2|IDKWHATTODOANYMORE|steven|1780\n|teamsize|p1|6\n|teamsize|p2|6\n|gen|9\n|tier|[Gen 9] VGC 2024 Reg H\n|rated|\n|rule|Species Clause: Limit one of each Pok\u00e9mon\n|rule|Item Clause: Limit 1 of each item\n|clearpoke\n|poke|p1|Sneasler, L50, M|\n|poke|p1|Indeedee, L50, M|\n|poke|p1|Dragapult, L50, F|\n|poke|p1|Decidueye-Hisui, L50, F|\n|poke|p1|Typhlosion-Hisui, L50, M|\n|poke|p1|Whimsicott, L50, F|\n|poke|p2|Excadrill, L50, M|\n|poke|p2|Tyranitar, L50, M|\n|poke|p2|Kommo-o, L50, M|\n|poke|p2|Indeedee, L50, M|\n|poke|p2|Corviknight, L50, M|\n|poke|p2|Samurott-Hisui, L50, M|\n|teampreview|4\n|inactive|Battle timer is ON: inactive players will automatically lose when time's up. (requested by OSAMABINGETINLADIN)\n|inactive|IDKWHATTODOANYMORE also wants the timer to be on.\n|j| sprocke123\n|j| Zilluhh\n|inactive|OSAMABINGETINLADIN has 60 seconds left.\n|\n|t:|1729479191\n|start\n|switch|p1a: Luis Carruthers|Whimsicott, L50, F|100\/100\n|switch|p1b: Timothy Bryce|Decidueye-Hisui, L50, F|100\/100\n|switch|p2a: Captain Crunch|Samurott-Hisui, L50, M, shiny|100\/100\n|switch|p2b: Reeses Puffs|Kommo-o, L50, M, shiny|100\/100\n|turn|1\n|inactive|IDKWHATTODOANYMORE has 30 seconds left.\n|inactive|IDKWHATTODOANYMORE has 20 seconds left.\n|inactive|IDKWHATTODOANYMORE has 15 seconds left.\n|inactive|IDKWHATTODOANYMORE has 10 seconds left.\n|\n|t:|1729479237\n|switch|p2a: Lucky Charms|Excadrill, L50, M, shiny|100\/100\n|-terastallize|p2b: Reeses Puffs|Ghost\n|move|p1a: Luis Carruthers|Moonblast|p2b: Reeses Puffs\n|-damage|p2b: Reeses Puffs|75\/100\n|-unboost|p2b: Reeses Puffs|spa|1\n|move|p1b: Timothy Bryce|Triple Arrows|p2a: Lucky Charms\n|-supereffective|p2a: Lucky Charms\n|-enditem|p2a: Lucky Charms|Focus Sash\n|-damage|p2a: Lucky Charms|1\/100\n|move|p2b: Reeses Puffs|Clanging Scales|p1b: Timothy Bryce|[spread] p1b\n|-immune|p1a: Luis Carruthers\n|-damage|p1b: Timothy Bryce|58\/100\n|-unboost|p2b: Reeses Puffs|def|1\n|\n|upkeep\n|turn|2\n|inactive|OSAMABINGETINLADIN has 30 seconds left.\n|\n|t:|1729479263\n|move|p2a: Lucky Charms|Protect|p2a: Lucky Charms\n|-singleturn|p2a: Lucky Charms|Protect\n|move|p1a: Luis Carruthers|Tailwind|p1a: Luis Carruthers\n|-sidestart|p1: OSAMABINGETINLADIN|move: Tailwind\n|move|p1b: Timothy Bryce|Triple Arrows|p2b: Reeses Puffs\n|-damage|p2b: Reeses Puffs|22\/100\n|cant|p2b: Reeses Puffs|flinch\n|\n|upkeep\n|turn|3\n|\n|t:|1729479277\n|switch|p2b: Cheerios|Tyranitar, L50, M, shiny|100\/100\n|-weather|Sandstorm|[from] ability: Sand Stream|[of] p2b: Cheerios\n|move|p1a: Luis Carruthers|Moonblast|p2a: Lucky Charms\n|-resisted|p2a: Lucky Charms\n|-damage|p2a: Lucky Charms|0 fnt\n|faint|p2a: Lucky Charms\n|move|p1b: Timothy Bryce|Triple Arrows|p2b: Cheerios\n|-supereffective|p2b: Cheerios\n|-crit|p2b: Cheerios\n|-damage|p2b: Cheerios|0 fnt\n|faint|p2b: Cheerios\n|\n|-weather|Sandstorm|[upkeep]\n|-damage|p1a: Luis Carruthers|94\/100|[from] Sandstorm\n|-damage|p1b: Timothy Bryce|52\/100|[from] Sandstorm\n|upkeep\n|\n|t:|1729479283\n|switch|p2a: Reeses Puffs|Kommo-o, L50, M, shiny, tera:Ghost|22\/100\n|switch|p2b: Captain Crunch|Samurott-Hisui, L50, M, shiny|100\/100\n|turn|4\n|c|\u2606OSAMABINGETINLADIN|good\n|\n|t:|1729479298\n|move|p2b: Captain Crunch|Sucker Punch|p1a: Luis Carruthers\n|-resisted|p1a: Luis Carruthers\n|-damage|p1a: Luis Carruthers|72\/100\n|move|p1a: Luis Carruthers|Moonblast|p2b: Captain Crunch\n|-supereffective|p2b: Captain Crunch\n|-damage|p2b: Captain Crunch|41\/100\n|-unboost|p2b: Captain Crunch|spa|1\n|move|p1b: Timothy Bryce|Triple Arrows|p2a: Reeses Puffs\n|-crit|p2a: Reeses Puffs\n|-damage|p2a: Reeses Puffs|0 fnt\n|faint|p2a: Reeses Puffs\n|\n|-weather|Sandstorm|[upkeep]\n|-damage|p1a: Luis Carruthers|66\/100|[from] Sandstorm\n|-damage|p1b: Timothy Bryce|46\/100|[from] Sandstorm\n|-damage|p2b: Captain Crunch|35\/100|[from] Sandstorm\n|upkeep\n|turn|5\n|c|\u2606OSAMABINGETINLADIN|good\n|\n|t:|1729479312\n|move|p2b: Captain Crunch|Sucker Punch|p1a: Luis Carruthers\n|-resisted|p1a: Luis Carruthers\n|-damage|p1a: Luis Carruthers|46\/100\n|move|p1a: Luis Carruthers|Moonblast|p2b: Captain Crunch\n|-supereffective|p2b: Captain Crunch\n|-damage|p2b: Captain Crunch|0 fnt\n|faint|p2b: Captain Crunch\n|\n|win|OSAMABINGETINLADIN\n|raw|OSAMABINGETINLADIN's rating: 1722 &rarr; <strong>1745<\/strong><br \/>(+23 for winning)\n|raw|IDKWHATTODOANYMORE's rating: 1780 &rarr; <strong>1757<\/strong><br \/>(-23 for losing)\n|l|\u2606IDKWHATTODOANYMORE\n|player|p2|\n|c|\u2606OSAMABINGETINLADIN|goooood\n|l|\u2606OSAMABINGETINLADIN\n|player|p1|\n|l| sprocke123\n","uploadtime":1729479482,"views":37,"formatid":"gen9vgc2024regh","rating":1745,"private":0,"password":null}