{"id":"gen9vgc2024regh-2227661380","format":"[Gen 9] VGC 2024 Reg H","players":["KDR-Alt-711","kevintoodlepoot"],"log":"|j|\u2606KDR-Alt-711\n|j|\u2606kevintoodlepoot\n|t:|1729518759\n|gametype|doubles\n|player|p1|KDR-Alt-711|102|1699\n|player|p2|kevintoodlepoot|2|1662\n|teamsize|p1|6\n|teamsize|p2|6\n|gen|9\n|tier|[Gen 9] VGC 2024 Reg H\n|rated|\n|rule|Species Clause: Limit one of each Pok\u00e9mon\n|rule|Item Clause: Limit 1 of each item\n|clearpoke\n|poke|p1|Porygon2, L50|\n|poke|p1|Pelipper, L50, F|\n|poke|p1|Ursaluna, L50, M|\n|poke|p1|Vikavolt, L50, F|\n|poke|p1|Basculegion, L50, M|\n|poke|p1|Amoonguss, L50, F|\n|poke|p2|Ninetales-Alola, L50, M|\n|poke|p2|Mamoswine, L50, F|\n|poke|p2|Sneasler, L50, M|\n|poke|p2|Dragonite, L50, F|\n|poke|p2|Kingambit, L50, F|\n|poke|p2|Amoonguss, L50, M|\n|teampreview|4\n|j| gsyycyc\n|inactive|Battle timer is ON: inactive players will automatically lose when time's up. (requested by KDR-Alt-711)\n|j| Surve\n|l| gsyycyc\n|\n|t:|1729518814\n|start\n|switch|p1a: Porygon2|Porygon2, L50, shiny|100\/100\n|switch|p1b: Amoonguss|Amoonguss, L50, F, shiny|100\/100\n|switch|p2a: Amoonguss|Amoonguss, L50, M|100\/100\n|switch|p2b: Mamoswine|Mamoswine, L50, F|100\/100\n|-ability|p1a: Porygon2|Download|boost\n|-boost|p1a: Porygon2|atk|1\n|turn|1\n|\n|t:|1729518835\n|switch|p2b: Kingambit|Kingambit, L50, F, shiny|100\/100\n|-terastallize|p1a: Porygon2|Flying\n|move|p1a: Porygon2|Tera Blast|p2a: Amoonguss|[anim] Tera Blast Flying\n|-supereffective|p2a: Amoonguss\n|-damage|p2a: Amoonguss|40\/100\n|-enditem|p2a: Amoonguss|Sitrus Berry|[eat]\n|-heal|p2a: Amoonguss|65\/100|[from] item: Sitrus Berry\n|move|p2a: Amoonguss|Spore|p1a: Porygon2\n|-status|p1a: Porygon2|slp|[from] move: Spore\n|move|p1b: Amoonguss|Spore|p2b: Kingambit\n|-activate|p2b: Kingambit|item: Safety Goggles|Spore\n|\n|upkeep\n|turn|2\n|\n|t:|1729518858\n|switch|p2a: Mamoswine|Mamoswine, L50, F|100\/100\n|move|p2b: Kingambit|Swords Dance|p2b: Kingambit\n|-boost|p2b: Kingambit|atk|2\n|cant|p1a: Porygon2|slp\n|move|p1b: Amoonguss|Pollen Puff|p2a: Mamoswine\n|-damage|p2a: Mamoswine|74\/100\n|\n|upkeep\n|turn|3\n|\n|t:|1729518880\n|move|p2a: Mamoswine|Icicle Spear|p1a: Porygon2\n|-supereffective|p1a: Porygon2\n|-crit|p1a: Porygon2\n|-damage|p1a: Porygon2|78\/100 slp\n|-supereffective|p1a: Porygon2\n|-damage|p1a: Porygon2|62\/100 slp\n|-supereffective|p1a: Porygon2\n|-damage|p1a: Porygon2|45\/100 slp\n|-supereffective|p1a: Porygon2\n|-damage|p1a: Porygon2|32\/100 slp\n|-hitcount|p1a: Porygon2|4\n|move|p2b: Kingambit|Kowtow Cleave|p1a: Porygon2\n|-damage|p1a: Porygon2|0 fnt\n|faint|p1a: Porygon2\n|move|p1b: Amoonguss|Spore|p2a: Mamoswine\n|-status|p2a: Mamoswine|slp|[from] move: Spore\n|\n|upkeep\n|\n|t:|1729518894\n|switch|p1a: Pelipper|Pelipper, L50, F, shiny|100\/100\n|-weather|RainDance|[from] ability: Drizzle|[of] p1a: Pelipper\n|turn|4\n|\n|t:|1729518918\n|switch|p2a: Ninetales|Ninetales-Alola, L50, M|100\/100\n|-weather|Snow|[from] ability: Snow Warning|[of] p2a: Ninetales\n|move|p1a: Pelipper|Weather Ball|p2b: Kingambit\n|-resisted|p2b: Kingambit\n|-damage|p2b: Kingambit|85\/100\n|move|p2b: Kingambit|Kowtow Cleave|p1a: Pelipper\n|-enditem|p1a: Pelipper|Focus Sash\n|-damage|p1a: Pelipper|1\/100\n|move|p1b: Amoonguss|Pollen Puff|p2b: Kingambit\n|-damage|p2b: Kingambit|67\/100\n|\n|-weather|Snow|[upkeep]\n|upkeep\n|turn|5\n|-message|KDR-Alt-711 forfeited.\n|\n|win|kevintoodlepoot\n|raw|KDR-Alt-711's rating: 1699 &rarr; <strong>1677<\/strong><br \/>(-22 for losing)\n|raw|kevintoodlepoot's rating: 1662 &rarr; <strong>1684<\/strong><br \/>(+22 for winning)\n|l|\u2606KDR-Alt-711\n|player|p1|\n|l|\u2606kevintoodlepoot\n|player|p2|\n","uploadtime":1729519085,"views":11,"formatid":"gen9vgc2024regh","rating":1677,"private":0,"password":null}