{"id":"gen9vgc2024regh-2227108015","format":"[Gen 9] VGC 2024 Reg H","players":["aayushjay","Becccca"],"log":"|j|\u2606aayushjay\n|j|\u2606Becccca\n|t:|1729447150\n|gametype|doubles\n|player|p1|aayushjay|steven|1727\n|player|p2|Becccca|1|1712\n|teamsize|p1|6\n|teamsize|p2|6\n|gen|9\n|tier|[Gen 9] VGC 2024 Reg H\n|rated|\n|rule|Species Clause: Limit one of each Pok\u00e9mon\n|rule|Item Clause: Limit 1 of each item\n|clearpoke\n|poke|p1|Tyranitar, L50, M|\n|poke|p1|Metagross, L50|\n|poke|p1|Bronzong, L50|\n|poke|p1|Excadrill, L50, F|\n|poke|p1|Primarina, L50, F|\n|poke|p1|Magmar, L50, M|\n|poke|p2|Pelipper, L50, F|\n|poke|p2|Archaludon, L50, M|\n|poke|p2|Sneasler, L50, F|\n|poke|p2|Dragapult, L50, M|\n|poke|p2|Kingambit, L50, M|\n|poke|p2|Amoonguss, L50, M|\n|teampreview|4\n|inactive|Battle timer is ON: inactive players will automatically lose when time's up. (requested by aayushjay)\n|inactive|Becccca has 60 seconds left.\n|\n|t:|1729447181\n|start\n|switch|p1a: Primarina|Primarina, L50, F|100\/100\n|switch|p1b: Bronzong|Bronzong, L50|100\/100\n|switch|p2a: Amoonguss|Amoonguss, L50, M|100\/100\n|switch|p2b: Archaludon|Archaludon, L50, M|100\/100\n|turn|1\n|\n|t:|1729447200\n|move|p2b: Archaludon|Thunderbolt|p1a: Primarina\n|-supereffective|p1a: Primarina\n|-crit|p1a: Primarina\n|-damage|p1a: Primarina|17\/100\n|move|p1a: Primarina|Moonblast|p2b: Archaludon\n|-damage|p2b: Archaludon|55\/100\n|-unboost|p2b: Archaludon|spa|1\n|move|p2a: Amoonguss|Spore|p1b: Bronzong\n|-status|p1b: Bronzong|slp|[from] move: Spore\n|cant|p1b: Bronzong|slp\n|\n|upkeep\n|turn|2\n|\n|t:|1729447216\n|switch|p2a: Pelipper|Pelipper, L50, F|100\/100\n|-weather|RainDance|[from] ability: Drizzle|[of] p2a: Pelipper\n|move|p1a: Primarina|Protect|p1a: Primarina\n|-singleturn|p1a: Primarina|Protect\n|move|p2b: Archaludon|Electro Shot||[still]\n|-prepare|p2b: Archaludon|Electro Shot\n|-boost|p2b: Archaludon|spa|1\n|-anim|p2b: Archaludon|Electro Shot|p1a: Primarina\n|-activate|p1a: Primarina|move: Protect\n|-curestatus|p1b: Bronzong|slp|[msg]\n|move|p1b: Bronzong|Trick Room|p1b: Bronzong\n|-fieldstart|move: Trick Room|[of] p1b: Bronzong\n|\n|-weather|RainDance|[upkeep]\n|upkeep\n|turn|3\n|inactive|Becccca has 30 seconds left.\n|inactive|Becccca has 20 seconds left.\n|\n|t:|1729447253\n|switch|p1b: Tyranitar|Tyranitar, L50, M|100\/100\n|-weather|Sandstorm|[from] ability: Sand Stream|[of] p1b: Tyranitar\n|switch|p2b: Amoonguss|Amoonguss, L50, M|100\/100\n|move|p1a: Primarina|Dazzling Gleam|p2a: Pelipper|[spread] p2a,p2b\n|-resisted|p2b: Amoonguss\n|-damage|p2a: Pelipper|54\/100\n|-damage|p2b: Amoonguss|88\/100\n|move|p2a: Pelipper|Hurricane|p1a: Primarina\n|-damage|p1a: Primarina|0 fnt\n|faint|p1a: Primarina\n|\n|-weather|Sandstorm|[upkeep]\n|-damage|p2b: Amoonguss|82\/100|[from] Sandstorm\n|-damage|p2a: Pelipper|48\/100|[from] Sandstorm\n|upkeep\n|\n|t:|1729447268\n|switch|p1a: Metagross|Metagross, L50|100\/100\n|turn|4\n|\n|t:|1729447279\n|switch|p2a: Archaludon|Archaludon, L50, M|55\/100\n|-terastallize|p2b: Amoonguss|Dark\n|move|p2b: Amoonguss|Spore|p1b: Tyranitar\n|-status|p1b: Tyranitar|slp|[from] move: Spore\n|cant|p1b: Tyranitar|slp\n|move|p1a: Metagross|Psychic Fangs|p2b: Amoonguss\n|-immune|p2b: Amoonguss\n|\n|-weather|Sandstorm|[upkeep]\n|-damage|p2b: Amoonguss|76\/100|[from] Sandstorm\n|upkeep\n|turn|5\n|j| Therazer456\n|\n|t:|1729447299\n|move|p2b: Amoonguss|Spore|p1a: Metagross\n|-status|p1a: Metagross|slp|[from] move: Spore\n|cant|p1b: Tyranitar|slp\n|cant|p1a: Metagross|slp\n|move|p2a: Archaludon|Flash Cannon|p1b: Tyranitar\n|-supereffective|p1b: Tyranitar\n|-damage|p1b: Tyranitar|65\/100 slp\n|\n|-weather|Sandstorm|[upkeep]\n|-damage|p2b: Amoonguss|70\/100|[from] Sandstorm\n|upkeep\n|turn|6\n|\n|t:|1729447317\n|move|p2b: Amoonguss|Pollen Puff|p2a: Archaludon\n|-heal|p2a: Archaludon|100\/100\n|cant|p1b: Tyranitar|slp\n|-curestatus|p1a: Metagross|slp|[msg]\n|move|p1a: Metagross|Stomping Tantrum|p2a: Archaludon\n|-supereffective|p2a: Archaludon\n|-damage|p2a: Archaludon|13\/100\n|move|p2a: Archaludon|Flash Cannon|p1b: Tyranitar\n|-supereffective|p1b: Tyranitar\n|-damage|p1b: Tyranitar|32\/100 slp\n|\n|-weather|Sandstorm|[upkeep]\n|-damage|p2b: Amoonguss|64\/100|[from] Sandstorm\n|-fieldend|move: Trick Room\n|upkeep\n|turn|7\n|l| Therazer456\n|inactive|Becccca has 30 seconds left.\n|inactive|aayushjay has 30 seconds left.\n|inactive|Becccca has 20 seconds left.\n|\n|t:|1729447355\n|switch|p1b: Bronzong|Bronzong, L50|100\/100\n|switch|p2b: Pelipper|Pelipper, L50, F|48\/100\n|-weather|RainDance|[from] ability: Drizzle|[of] p2b: Pelipper\n|-terastallize|p1a: Metagross|Stellar\n|move|p2a: Archaludon|Electro Shot||[still]\n|-prepare|p2a: Archaludon|Electro Shot\n|-boost|p2a: Archaludon|spa|1\n|-anim|p2a: Archaludon|Electro Shot|p1b: Bronzong\n|-damage|p1b: Bronzong|40\/100\n|move|p1a: Metagross|Heavy Slam|p2b: Pelipper\n|-resisted|p2b: Pelipper\n|-damage|p2b: Pelipper|1\/100\n|\n|-weather|RainDance|[upkeep]\n|-heal|p1b: Bronzong|46\/100|[from] item: Leftovers\n|upkeep\n|turn|8\n|inactive|Becccca has 30 seconds left.\n|\n|t:|1729447388\n|switch|p2b: Amoonguss|Amoonguss, L50, M, tera:Dark|97\/100\n|switch|p1a: Tyranitar|Tyranitar, L50, M|32\/100 slp\n|-weather|Sandstorm|[from] ability: Sand Stream|[of] p1a: Tyranitar\n|move|p2a: Archaludon|Electro Shot||[still]\n|-prepare|p2a: Archaludon|Electro Shot\n|-boost|p2a: Archaludon|spa|1\n|move|p1b: Bronzong|Trick Room|p1b: Bronzong\n|-fieldstart|move: Trick Room|[of] p1b: Bronzong\n|\n|-weather|Sandstorm|[upkeep]\n|-damage|p2b: Amoonguss|91\/100|[from] Sandstorm\n|-heal|p1b: Bronzong|52\/100|[from] item: Leftovers\n|upkeep\n|turn|9\n|\n|t:|1729447412\n|move|p1b: Bronzong|Body Press|p2a: Archaludon\n|-supereffective|p2a: Archaludon\n|-damage|p2a: Archaludon|0 fnt\n|faint|p2a: Archaludon\n|move|p2b: Amoonguss|Pollen Puff|p2: Archaludon|[notarget]\n|-fail|p2b: Amoonguss\n|-curestatus|p1a: Tyranitar|slp|[msg]\n|move|p1a: Tyranitar|Rock Slide|p2b: Amoonguss|[miss]\n|-miss|p1a: Tyranitar|p2b: Amoonguss\n|\n|-weather|Sandstorm|[upkeep]\n|-damage|p2b: Amoonguss|85\/100|[from] Sandstorm\n|-heal|p1b: Bronzong|58\/100|[from] item: Leftovers\n|upkeep\n|\n|t:|1729447427\n|switch|p2a: Pelipper|Pelipper, L50, F|1\/100\n|-weather|RainDance|[from] ability: Drizzle|[of] p2a: Pelipper\n|turn|10\n|\n|t:|1729447445\n|move|p1b: Bronzong|Body Press|p2a: Pelipper\n|-resisted|p2a: Pelipper\n|-damage|p2a: Pelipper|0 fnt\n|faint|p2a: Pelipper\n|move|p2b: Amoonguss|Spore|p1a: Tyranitar\n|-status|p1a: Tyranitar|slp|[from] move: Spore\n|cant|p1a: Tyranitar|slp\n|\n|-weather|RainDance|[upkeep]\n|-heal|p1b: Bronzong|64\/100|[from] item: Leftovers\n|upkeep\n|\n|t:|1729447456\n|switch|p2a: Sneasler|Sneasler, L50, F|100\/100\n|turn|11\n|\n|t:|1729447466\n|move|p1b: Bronzong|Body Press|p2b: Amoonguss\n|-supereffective|p2b: Amoonguss\n|-damage|p2b: Amoonguss|40\/100\n|-enditem|p2b: Amoonguss|Sitrus Berry|[eat]\n|-heal|p2b: Amoonguss|65\/100|[from] item: Sitrus Berry\n|move|p2b: Amoonguss|Spore|p1b: Bronzong\n|-status|p1b: Bronzong|slp|[from] move: Spore\n|cant|p1a: Tyranitar|slp\n|move|p2a: Sneasler|Throat Chop|p1b: Bronzong\n|-supereffective|p1b: Bronzong\n|-damage|p1b: Bronzong|19\/100 slp\n|-start|p1b: Bronzong|Throat Chop|[silent]\n|\n|-weather|RainDance|[upkeep]\n|-heal|p1b: Bronzong|25\/100 slp|[from] item: Leftovers\n|upkeep\n|turn|12\n|inactive|Becccca has 30 seconds left.\n|\n|t:|1729447499\n|switch|p1b: Metagross|Metagross, L50, tera:Stellar|100\/100\n|move|p2a: Sneasler|Protect|p2a: Sneasler\n|-singleturn|p2a: Sneasler|Protect\n|move|p2b: Amoonguss|Pollen Puff|p1a: Tyranitar\n|-supereffective|p1a: Tyranitar\n|-damage|p1a: Tyranitar|12\/100 slp\n|cant|p1a: Tyranitar|slp\n|\n|-weather|RainDance|[upkeep]\n|-fieldend|move: Trick Room\n|upkeep\n|turn|13\n|\n|t:|1729447526\n|move|p2a: Sneasler|Close Combat|p1a: Tyranitar\n|-supereffective|p1a: Tyranitar\n|-damage|p1a: Tyranitar|0 fnt\n|-unboost|p2a: Sneasler|def|1\n|-unboost|p2a: Sneasler|spd|1\n|faint|p1a: Tyranitar\n|move|p1b: Metagross|Psychic Fangs|p2a: Sneasler\n|-supereffective|p2a: Sneasler\n|-enditem|p2a: Sneasler|Focus Sash\n|-damage|p2a: Sneasler|1\/100\n|move|p2b: Amoonguss|Spore|p1b: Metagross\n|-status|p1b: Metagross|slp|[from] move: Spore\n|\n|-weather|RainDance|[upkeep]\n|upkeep\n|\n|t:|1729447529\n|switch|p1a: Bronzong|Bronzong, L50|25\/100 slp\n|turn|14\n|\n|t:|1729447553\n|move|p2a: Sneasler|Throat Chop|p1a: Bronzong\n|-supereffective|p1a: Bronzong\n|-damage|p1a: Bronzong|0 fnt\n|faint|p1a: Bronzong\n|cant|p1b: Metagross|slp\n|move|p2b: Amoonguss|Pollen Puff|p1b: Metagross\n|-damage|p1b: Metagross|82\/100 slp\n|\n|-weather|none\n|upkeep\n|turn|15\n|\n|t:|1729447566\n|move|p2b: Amoonguss|Rage Powder|p2b: Amoonguss\n|-singleturn|p2b: Amoonguss|move: Rage Powder\n|move|p2a: Sneasler|Throat Chop|p1b: Metagross\n|-supereffective|p1b: Metagross\n|-damage|p1b: Metagross|38\/100 slp\n|-start|p1b: Metagross|Throat Chop|[silent]\n|-enditem|p1b: Metagross|Weakness Policy\n|-boost|p1b: Metagross|atk|2|[from] item: Weakness Policy\n|-boost|p1b: Metagross|spa|2|[from] item: Weakness Policy\n|-curestatus|p1b: Metagross|slp|[msg]\n|move|p1b: Metagross|Heavy Slam|p2b: Amoonguss\n|-crit|p2b: Amoonguss\n|-damage|p2b: Amoonguss|0 fnt\n|faint|p2b: Amoonguss\n|\n|upkeep\n|turn|16\n|\n|t:|1729447582\n|move|p1b: Metagross|Protect|p1b: Metagross\n|-singleturn|p1b: Metagross|Protect\n|move|p2a: Sneasler|Throat Chop|p1b: Metagross\n|-activate|p1b: Metagross|move: Protect\n|\n|-end|p1b: Metagross|Throat Chop|[silent]\n|upkeep\n|turn|17\n|\n|t:|1729447605\n|move|p2a: Sneasler|Close Combat|p1b: Metagross\n|-damage|p1b: Metagross|0 fnt\n|-unboost|p2a: Sneasler|def|1\n|-unboost|p2a: Sneasler|spd|1\n|faint|p1b: Metagross\n|\n|win|Becccca\n|raw|aayushjay's rating: 1727 &rarr; <strong>1706<\/strong><br \/>(-21 for losing)\n|raw|Becccca's rating: 1712 &rarr; <strong>1733<\/strong><br \/>(+21 for winning)\n|l|\u2606aayushjay\n|player|p1|\n|l|\u2606Becccca\n|player|p2|\n","uploadtime":1729447808,"views":29,"formatid":"gen9vgc2024regh","rating":1706,"private":0,"password":null}