{"id":"gen9vgc2024regh-2227653918","format":"[Gen 9] VGC 2024 Reg H","players":["bluestraggler01","epigrlozvgc"],"log":"|j|\u2606bluestraggler01\n|j|\u2606epigrlozvgc\n|t:|1729518034\n|gametype|doubles\n|player|p1|bluestraggler01|266|1777\n|player|p2|epigrlozvgc|alder|1685\n|teamsize|p1|6\n|teamsize|p2|6\n|gen|9\n|tier|[Gen 9] VGC 2024 Reg H\n|rated|\n|rule|Species Clause: Limit one of each Pok\u00e9mon\n|rule|Item Clause: Limit 1 of each item\n|clearpoke\n|poke|p1|Skeledirge, L50, F|\n|poke|p1|Porygon2, L50|\n|poke|p1|Ursaluna, L50, M|\n|poke|p1|Amoonguss, L50, M|\n|poke|p1|Kommo-o, L50, M|\n|poke|p1|Maushold-Four, L50|\n|poke|p2|Quaquaval, L50, F|\n|poke|p2|Whimsicott, L50, F|\n|poke|p2|Volcarona, L50, F|\n|poke|p2|Kingambit, L50, M|\n|poke|p2|Rillaboom, L50, F|\n|poke|p2|Baxcalibur, L50, M|\n|teampreview|4\n|\n|t:|1729518053\n|start\n|switch|p1a: Porygon2|Porygon2, L50|100\/100\n|switch|p1b: Maushold|Maushold-Four, L50|100\/100\n|switch|p2a: Whimsicott|Whimsicott, L50, F|100\/100\n|switch|p2b: Volcarona|Volcarona, L50, F|100\/100\n|-ability|p1a: Porygon2|Download|boost\n|-boost|p1a: Porygon2|atk|1\n|turn|1\n|inactive|Battle timer is ON: inactive players will automatically lose when time's up. (requested by bluestraggler01)\n|\n|t:|1729518069\n|-terastallize|p2b: Volcarona|Ghost\n|move|p1a: Porygon2|Protect|p1a: Porygon2\n|-singleturn|p1a: Porygon2|Protect\n|move|p2a: Whimsicott|Sunny Day|p2a: Whimsicott\n|-weather|SunnyDay\n|move|p1b: Maushold|Population Bomb|p2a: Whimsicott\n|-damage|p2a: Whimsicott|89\/100\n|-damage|p2a: Whimsicott|76\/100\n|-crit|p2a: Whimsicott\n|-damage|p2a: Whimsicott|55\/100\n|-damage|p2a: Whimsicott|41\/100\n|-damage|p2a: Whimsicott|28\/100\n|-damage|p2a: Whimsicott|15\/100\n|-damage|p2a: Whimsicott|1\/100\n|-damage|p2a: Whimsicott|0 fnt\n|faint|p2a: Whimsicott\n|-hitcount|p2: Whimsicott|8\n|move|p2b: Volcarona|Overheat|p1a: Porygon2\n|-activate|p1a: Porygon2|move: Protect\n|\n|-weather|SunnyDay|[upkeep]\n|upkeep\n|\n|t:|1729518077\n|switch|p2a: Quaquaval|Quaquaval, L50, F|100\/100\n|turn|2\n|inactive|bluestraggler01 has 30 seconds left.\n|inactive|bluestraggler01 has 20 seconds left.\n|\n|t:|1729518116\n|move|p1b: Maushold|Follow Me|p1b: Maushold\n|-singleturn|p1b: Maushold|move: Follow Me\n|move|p2b: Volcarona|Overheat|p1b: Maushold\n|-damage|p1b: Maushold|0 fnt\n|-unboost|p2b: Volcarona|spa|2\n|faint|p1b: Maushold\n|move|p2a: Quaquaval|Close Combat|p1a: Porygon2\n|-supereffective|p1a: Porygon2\n|-damage|p1a: Porygon2|31\/100\n|-unboost|p2a: Quaquaval|def|1\n|-unboost|p2a: Quaquaval|spd|1\n|move|p1a: Porygon2|Trick Room|p1a: Porygon2\n|-fieldstart|move: Trick Room|[of] p1a: Porygon2\n|\n|-weather|SunnyDay|[upkeep]\n|upkeep\n|\n|t:|1729518129\n|switch|p1b: Amoonguss|Amoonguss, L50, M|100\/100\n|turn|3\n|\n|t:|1729518137\n|-terastallize|p1a: Porygon2|Poison\n|move|p1b: Amoonguss|Pollen Puff|p1a: Porygon2\n|-heal|p1a: Porygon2|81\/100\n|move|p1a: Porygon2|Tera Blast|p2a: Quaquaval|[anim] Tera Blast Poison\n|-damage|p2a: Quaquaval|30\/100\n|move|p2a: Quaquaval|Close Combat|p1a: Porygon2\n|-resisted|p1a: Porygon2\n|-damage|p1a: Porygon2|62\/100\n|-unboost|p2a: Quaquaval|def|1\n|-unboost|p2a: Quaquaval|spd|1\n|move|p2b: Volcarona|Overheat|p1b: Amoonguss\n|-supereffective|p1b: Amoonguss\n|-crit|p1b: Amoonguss\n|-damage|p1b: Amoonguss|0 fnt\n|-unboost|p2b: Volcarona|spa|2\n|faint|p1b: Amoonguss\n|\n|-weather|SunnyDay|[upkeep]\n|upkeep\n|\n|t:|1729518148\n|switch|p1b: Ursaluna|Ursaluna, L50, M|100\/100\n|turn|4\n|\n|t:|1729518168\n|switch|p2a: Baxcalibur|Baxcalibur, L50, M|100\/100\n|move|p1b: Ursaluna|High Horsepower|p2a: Baxcalibur\n|-damage|p2a: Baxcalibur|54\/100\n|move|p1a: Porygon2|Ice Beam|p2b: Volcarona\n|-damage|p2b: Volcarona|76\/100\n|move|p2b: Volcarona|Overheat|p1a: Porygon2\n|-damage|p1a: Porygon2|26\/100\n|-unboost|p2b: Volcarona|spa|2\n|\n|-weather|SunnyDay|[upkeep]\n|-status|p1b: Ursaluna|brn|[from] item: Flame Orb\n|upkeep\n|turn|5\n|\n|t:|1729518192\n|move|p1a: Porygon2|Protect|p1a: Porygon2\n|-singleturn|p1a: Porygon2|Protect\n|move|p2a: Baxcalibur|Protect|p2a: Baxcalibur\n|-singleturn|p2a: Baxcalibur|Protect\n|move|p1b: Ursaluna|Facade|p2a: Baxcalibur\n|-activate|p2a: Baxcalibur|move: Protect\n|move|p2b: Volcarona|Overheat|p1a: Porygon2\n|-activate|p1a: Porygon2|move: Protect\n|\n|-weather|none\n|-damage|p1b: Ursaluna|95\/100 brn|[from] brn\n|upkeep\n|turn|6\n|\n|t:|1729518208\n|move|p2a: Baxcalibur|Protect||[still]\n|-fail|p2a: Baxcalibur\n|move|p1b: Ursaluna|Facade|p2a: Baxcalibur\n|-damage|p2a: Baxcalibur|0 fnt\n|faint|p2a: Baxcalibur\n|move|p1a: Porygon2|Tera Blast|p2b: Volcarona|[anim] Tera Blast Poison\n|-resisted|p2b: Volcarona\n|-damage|p2b: Volcarona|46\/100\n|move|p2b: Volcarona|Overheat|p1a: Porygon2\n|-damage|p1a: Porygon2|8\/100\n|\n|-damage|p1b: Ursaluna|89\/100 brn|[from] brn\n|-fieldend|move: Trick Room\n|upkeep\n|\n|t:|1729518210\n|switch|p2a: Quaquaval|Quaquaval, L50, F|30\/100\n|turn|7\n|inactive|bluestraggler01 has 30 seconds left.\n|j| uppercut vgc\n|\n|t:|1729518244\n|move|p1b: Ursaluna|Protect|p1b: Ursaluna\n|-singleturn|p1b: Ursaluna|Protect\n|move|p2b: Volcarona|Overheat|p1a: Porygon2\n|-damage|p1a: Porygon2|0 fnt\n|faint|p1a: Porygon2\n|move|p2a: Quaquaval|Close Combat|p1b: Ursaluna\n|-activate|p1b: Ursaluna|move: Protect\n|\n|-damage|p1b: Ursaluna|83\/100 brn|[from] brn\n|upkeep\n|turn|8\n|-message|bluestraggler01 forfeited.\n|\n|win|epigrlozvgc\n|raw|bluestraggler01's rating: 1777 &rarr; <strong>1752<\/strong><br \/>(-25 for losing)\n|raw|epigrlozvgc's rating: 1685 &rarr; <strong>1710<\/strong><br \/>(+25 for winning)\n|l|\u2606bluestraggler01\n|player|p1|\n|l| uppercut vgc\n|l|\u2606epigrlozvgc\n|player|p2|\n","uploadtime":1729518390,"views":17,"formatid":"gen9vgc2024regh","rating":1710,"private":0,"password":null}