{"id":"gen9vgc2024regh-2227403411","format":"[Gen 9] VGC 2024 Reg H","players":["bluestraggler02","TCM Zaukepoo"],"log":"|j|\u2606bluestraggler02\n|j|\u2606TCM Zaukepoo\n|t:|1729480406\n|gametype|doubles\n|player|p1|bluestraggler02|101|1822\n|player|p2|TCM Zaukepoo|169|1716\n|teamsize|p1|6\n|teamsize|p2|6\n|gen|9\n|tier|[Gen 9] VGC 2024 Reg H\n|rated|\n|rule|Species Clause: Limit one of each Pok\u00e9mon\n|rule|Item Clause: Limit 1 of each item\n|clearpoke\n|poke|p1|Skeledirge, L50, F|\n|poke|p1|Porygon2, L50|\n|poke|p1|Ursaluna, L50, M|\n|poke|p1|Amoonguss, L50, F|\n|poke|p1|Kommo-o, L50, M|\n|poke|p1|Maushold-Four, L50|\n|poke|p2|Smeargle, L50, F|\n|poke|p2|Glimmora, L50, M|\n|poke|p2|Magmar, L50, M|\n|poke|p2|Indeedee-F, L50, F|\n|poke|p2|Flamigo, L50, M|\n|poke|p2|Espathra, L50, M|\n|teampreview|4\n|inactive|Battle timer is ON: inactive players will automatically lose when time's up. (requested by TCM Zaukepoo)\n|j| Fairynanbawan\n|inactive|bluestraggler02 has 60 seconds left.\n|inactive|TCM Zaukepoo has 60 seconds left.\n|\n|t:|1729480448\n|start\n|switch|p1a: Maushold|Maushold-Four, L50|100\/100\n|switch|p1b: Skeledirge|Skeledirge, L50, F|100\/100\n|switch|p2a: Smeargle|Smeargle, L50, F|100\/100\n|switch|p2b: Espathra|Espathra, L50, M|100\/100\n|turn|1\n|\n|t:|1729480460\n|-terastallize|p1a: Maushold|Ghost\n|-terastallize|p2a: Smeargle|Ghost\n|move|p2b: Espathra|Protect|p2b: Espathra\n|-singleturn|p2b: Espathra|Protect\n|move|p1a: Maushold|Population Bomb|p2b: Espathra\n|-activate|p2b: Espathra|move: Protect\n|move|p2a: Smeargle|Spore|p1b: Skeledirge\n|-status|p1b: Skeledirge|slp|[from] move: Spore\n|cant|p1b: Skeledirge|slp\n|\n|-ability|p2a: Smeargle|Moody|boost\n|-boost|p2a: Smeargle|spa|2\n|-unboost|p2a: Smeargle|atk|1\n|-ability|p2b: Espathra|Speed Boost|boost\n|-boost|p2b: Espathra|spe|1\n|upkeep\n|turn|2\n|\n|t:|1729480472\n|move|p2a: Smeargle|Follow Me|p2a: Smeargle\n|-singleturn|p2a: Smeargle|move: Follow Me\n|move|p2b: Espathra|Calm Mind|p2b: Espathra\n|-boost|p2b: Espathra|spa|1\n|-boost|p2b: Espathra|spd|1\n|move|p1a: Maushold|Taunt|p2a: Smeargle\n|-start|p2a: Smeargle|move: Taunt\n|cant|p1b: Skeledirge|slp\n|\n|-ability|p2b: Espathra|Speed Boost|boost\n|-boost|p2b: Espathra|spe|1\n|-ability|p2a: Smeargle|Moody|boost\n|-boost|p2a: Smeargle|spd|2\n|-unboost|p2a: Smeargle|spa|1\n|upkeep\n|turn|3\n|\n|t:|1729480480\n|switch|p2a: Magmar|Magmar, L50, M|100\/100\n|move|p2b: Espathra|Protect|p2b: Espathra\n|-singleturn|p2b: Espathra|Protect\n|move|p1a: Maushold|Taunt|p2b: Espathra\n|-activate|p2b: Espathra|move: Protect\n|-curestatus|p1b: Skeledirge|slp|[msg]\n|move|p1b: Skeledirge|Torch Song|p2a: Magmar\n|-resisted|p2a: Magmar\n|-damage|p2a: Magmar|85\/100\n|-boost|p1b: Skeledirge|spa|1\n|\n|-ability|p2b: Espathra|Speed Boost|boost\n|-boost|p2b: Espathra|spe|1\n|upkeep\n|turn|4\n|\n|t:|1729480489\n|move|p1a: Maushold|Protect|p1a: Maushold\n|-singleturn|p1a: Maushold|Protect\n|move|p2a: Magmar|Follow Me|p2a: Magmar\n|-singleturn|p2a: Magmar|move: Follow Me\n|move|p2b: Espathra|Calm Mind|p2b: Espathra\n|-boost|p2b: Espathra|spa|1\n|-boost|p2b: Espathra|spd|1\n|move|p1b: Skeledirge|Torch Song|p2a: Magmar\n|-resisted|p2a: Magmar\n|-damage|p2a: Magmar|63\/100\n|-boost|p1b: Skeledirge|spa|1\n|\n|-ability|p2b: Espathra|Speed Boost|boost\n|-boost|p2b: Espathra|spe|1\n|upkeep\n|turn|5\n|j| mr pogostick\n|\n|t:|1729480503\n|move|p1a: Maushold|Follow Me|p1a: Maushold\n|-singleturn|p1a: Maushold|move: Follow Me\n|move|p2a: Magmar|Follow Me|p2a: Magmar\n|-singleturn|p2a: Magmar|move: Follow Me\n|move|p2b: Espathra|Stored Power|p1a: Maushold\n|-damage|p1a: Maushold|0 fnt\n|faint|p1a: Maushold\n|move|p1b: Skeledirge|Torch Song|p2a: Magmar\n|-resisted|p2a: Magmar\n|-damage|p2a: Magmar|34\/100\n|-boost|p1b: Skeledirge|spa|1\n|\n|-ability|p2b: Espathra|Speed Boost|boost\n|-boost|p2b: Espathra|spe|1\n|upkeep\n|\n|t:|1729480512\n|switch|p1a: Porygon2|Porygon2, L50|100\/100\n|-ability|p1a: Porygon2|Download|boost\n|-boost|p1a: Porygon2|atk|1\n|turn|6\n|\n|t:|1729480520\n|move|p2a: Magmar|Follow Me|p2a: Magmar\n|-singleturn|p2a: Magmar|move: Follow Me\n|move|p2b: Espathra|Stored Power|p1a: Porygon2\n|-damage|p1a: Porygon2|22\/100\n|move|p1b: Skeledirge|Heat Wave|p2a: Magmar|[spread] p2a,p2b\n|-resisted|p2a: Magmar\n|-damage|p2a: Magmar|3\/100\n|-damage|p2b: Espathra|0 fnt\n|faint|p2b: Espathra\n|move|p1a: Porygon2|Trick Room|p1a: Porygon2\n|-fieldstart|move: Trick Room|[of] p1a: Porygon2\n|\n|upkeep\n|\n|t:|1729480530\n|switch|p2b: Smeargle|Smeargle, L50, F, tera:Ghost|100\/100\n|turn|7\n|\n|t:|1729480543\n|move|p2a: Magmar|Follow Me|p2a: Magmar\n|-singleturn|p2a: Magmar|move: Follow Me\n|move|p1a: Porygon2|Ice Beam|p2a: Magmar\n|-resisted|p2a: Magmar\n|-damage|p2a: Magmar|0 fnt\n|faint|p2a: Magmar\n|move|p1b: Skeledirge|Torch Song|p2b: Smeargle\n|-enditem|p2b: Smeargle|Focus Sash\n|-damage|p2b: Smeargle|1\/100\n|-boost|p1b: Skeledirge|spa|1\n|move|p2b: Smeargle|Spore|p1b: Skeledirge\n|-status|p1b: Skeledirge|slp|[from] move: Spore\n|\n|-ability|p2b: Smeargle|Moody|boost\n|-boost|p2b: Smeargle|spa|2\n|-unboost|p2b: Smeargle|atk|1\n|upkeep\n|\n|t:|1729480548\n|switch|p2a: Flamigo|Flamigo, L50, M|100\/100\n|-copyboost|p2a: Flamigo|p2b: Smeargle|[from] ability: Costar\n|turn|8\n|\n|t:|1729480566\n|move|p1a: Porygon2|Ice Beam|p2b: Smeargle\n|-damage|p2b: Smeargle|0 fnt\n|faint|p2b: Smeargle\n|cant|p1b: Skeledirge|slp\n|move|p2a: Flamigo|Air Cutter|p1b: Skeledirge|[spread] p1a,p1b\n|-crit|p1a: Porygon2\n|-damage|p1a: Porygon2|0 fnt\n|-damage|p1b: Skeledirge|87\/100 slp\n|faint|p1a: Porygon2\n|\n|upkeep\n|\n|t:|1729480574\n|switch|p1a: Ursaluna|Ursaluna, L50, M|100\/100\n|turn|9\n|\n|t:|1729480579\n|move|p1a: Ursaluna|Protect|p1a: Ursaluna\n|-singleturn|p1a: Ursaluna|Protect\n|cant|p1b: Skeledirge|slp\n|move|p2a: Flamigo|Hurricane|p1a: Ursaluna\n|-activate|p1a: Ursaluna|move: Protect\n|\n|-status|p1a: Ursaluna|brn|[from] item: Flame Orb\n|upkeep\n|turn|10\n|\n|t:|1729480595\n|move|p2a: Flamigo|Protect|p2a: Flamigo\n|-singleturn|p2a: Flamigo|Protect\n|move|p1a: Ursaluna|Facade|p2a: Flamigo\n|-activate|p2a: Flamigo|move: Protect\n|cant|p1b: Skeledirge|slp\n|\n|-damage|p1a: Ursaluna|95\/100 brn|[from] brn\n|-fieldend|move: Trick Room\n|upkeep\n|turn|11\n|\n|t:|1729480612\n|move|p2a: Flamigo|Hurricane|p1a: Ursaluna\n|-damage|p1a: Ursaluna|26\/100 brn\n|-start|p1a: Ursaluna|confusion\n|-curestatus|p1b: Skeledirge|slp|[msg]\n|move|p1b: Skeledirge|Torch Song|p2a: Flamigo\n|-damage|p2a: Flamigo|0 fnt\n|-boost|p1b: Skeledirge|spa|1\n|faint|p2a: Flamigo\n|\n|win|bluestraggler02\n|raw|bluestraggler02's rating: 1822 &rarr; <strong>1836<\/strong><br \/>(+14 for winning)\n|raw|TCM Zaukepoo's rating: 1716 &rarr; <strong>1702<\/strong><br \/>(-14 for losing)\n|l|\u2606TCM Zaukepoo\n|player|p2|\n|l|\u2606bluestraggler02\n|player|p1|\n","uploadtime":1729480623,"views":47,"formatid":"gen9vgc2024regh","rating":1702,"private":0,"password":null}