{"id":"gen9vgc2024regh-2227256400","format":"[Gen 9] VGC 2024 Reg H","players":["OSAMABINGETINLADIN","Topperlecat"],"log":"|j|\u2606OSAMABINGETINLADIN\n|j|\u2606Topperlecat\n|t:|1729462813\n|gametype|doubles\n|player|p1|OSAMABINGETINLADIN|policeman-gen4|1697\n|player|p2|Topperlecat|aquasuit|1758\n|teamsize|p1|6\n|teamsize|p2|6\n|gen|9\n|tier|[Gen 9] VGC 2024 Reg H\n|rated|\n|rule|Species Clause: Limit one of each Pok\u00e9mon\n|rule|Item Clause: Limit 1 of each item\n|clearpoke\n|poke|p1|Sneasler, L50, M|\n|poke|p1|Indeedee, L50, M|\n|poke|p1|Dragapult, L50, F|\n|poke|p1|Decidueye-Hisui, L50, F|\n|poke|p1|Typhlosion-Hisui, L50, F|\n|poke|p1|Whimsicott, L50, M|\n|poke|p2|Dondozo, L50, M|\n|poke|p2|Tatsugiri, L50, M|\n|poke|p2|Weezing-Galar, L50, M|\n|poke|p2|Corviknight, L50, M|\n|poke|p2|Garchomp, L50, M|\n|poke|p2|Kingambit, L50, M|\n|teampreview|4\n|inactive|Battle timer is ON: inactive players will automatically lose when time's up. (requested by OSAMABINGETINLADIN)\n|inactive|OSAMABINGETINLADIN has 60 seconds left.\n|inactive|Topperlecat has 60 seconds left.\n|c|\u2606Topperlecat|glhf\n|inactive|OSAMABINGETINLADIN has 30 seconds left.\n|inactive|OSAMABINGETINLADIN has 20 seconds left.\n|inactive|OSAMABINGETINLADIN has 15 seconds left.\n|inactive|OSAMABINGETINLADIN has 10 seconds left.\n|\n|t:|1729462897\n|start\n|switch|p1a: Luis Carruthers|Whimsicott, L50, M|100\/100\n|switch|p1b: Paul Allen|Sneasler, L50, M, shiny|100\/100\n|switch|p2a: galaxy gas|Weezing-Galar, L50, M|100\/100\n|switch|p2b: kingoobit|Kingambit, L50, M|100\/100\n|-ability|p2a: galaxy gas|Neutralizing Gas\n|turn|1\n|inactive|Topperlecat has 30 seconds left.\n|j| mr pogostick\n|inactive|OSAMABINGETINLADIN has 30 seconds left.\n|\n|t:|1729462934\n|-terastallize|p2b: kingoobit|Flying\n|move|p1b: Paul Allen|Protect|p1b: Paul Allen\n|-singleturn|p1b: Paul Allen|Protect\n|move|p1a: Luis Carruthers|Tailwind|p1a: Luis Carruthers\n|-sidestart|p1: OSAMABINGETINLADIN|move: Tailwind\n|move|p2a: galaxy gas|Sludge Bomb|p1a: Luis Carruthers\n|-supereffective|p1a: Luis Carruthers\n|-damage|p1a: Luis Carruthers|0 fnt\n|faint|p1a: Luis Carruthers\n|move|p2b: kingoobit|Iron Head|p1b: Paul Allen\n|-activate|p1b: Paul Allen|move: Protect\n|\n|upkeep\n|\n|t:|1729462950\n|switch|p1a: Patrick Bateman|Indeedee, L50, M, shiny|100\/100\n|turn|2\n|\n|t:|1729462960\n|move|p2a: galaxy gas|Protect|p2a: galaxy gas\n|-singleturn|p2a: galaxy gas|Protect\n|move|p1b: Paul Allen|Dire Claw|p2b: kingoobit\n|-damage|p2b: kingoobit|65\/100\n|move|p1a: Patrick Bateman|Expanding Force|p2a: galaxy gas\n|-activate|p2a: galaxy gas|move: Protect\n|move|p2b: kingoobit|Iron Head|p1b: Paul Allen\n|-damage|p1b: Paul Allen|23\/100\n|\n|upkeep\n|turn|3\n|\n|t:|1729462972\n|move|p1b: Paul Allen|Protect|p1b: Paul Allen\n|-singleturn|p1b: Paul Allen|Protect\n|move|p2b: kingoobit|Sucker Punch||[still]\n|-fail|p2b: kingoobit\n|move|p1a: Patrick Bateman|Expanding Force|p2a: galaxy gas\n|-supereffective|p2a: galaxy gas\n|-enditem|p2a: galaxy gas|Focus Sash\n|-damage|p2a: galaxy gas|1\/100\n|move|p2a: galaxy gas|Sludge Bomb|p1a: Patrick Bateman\n|-damage|p1a: Patrick Bateman|54\/100\n|\n|upkeep\n|turn|4\n|inactive|OSAMABINGETINLADIN has 30 seconds left.\n|\n|t:|1729463002\n|move|p2a: galaxy gas|Protect|p2a: galaxy gas\n|-singleturn|p2a: galaxy gas|Protect\n|move|p2b: kingoobit|Sucker Punch|p1a: Patrick Bateman\n|-supereffective|p1a: Patrick Bateman\n|-damage|p1a: Patrick Bateman|0 fnt\n|faint|p1a: Patrick Bateman\n|move|p1b: Paul Allen|Dire Claw|p2b: kingoobit\n|-damage|p2b: kingoobit|31\/100\n|-status|p2b: kingoobit|slp\n|\n|-sideend|p1: OSAMABINGETINLADIN|move: Tailwind\n|upkeep\n|\n|t:|1729463004\n|switch|p1a: Timothy Bryce|Decidueye-Hisui, L50, F|100\/100\n|turn|5\n|\n|t:|1729463019\n|cant|p2b: kingoobit|slp\n|move|p1b: Paul Allen|Dire Claw|p2a: galaxy gas\n|-damage|p2a: galaxy gas|0 fnt\n|faint|p2a: galaxy gas\n|-end|p2a: galaxy gas|ability: Neutralizing Gas\n|move|p1a: Timothy Bryce|Triple Arrows|p2b: kingoobit\n|-resisted|p2b: kingoobit\n|-damage|p2b: kingoobit|14\/100 slp\n|-unboost|p2b: kingoobit|def|1\n|-ability|p2b: kingoobit|Defiant|boost\n|-boost|p2b: kingoobit|atk|2\n|\n|upkeep\n|\n|t:|1729463031\n|switch|p2a: veganism|Tatsugiri, L50, M, shiny|100\/100\n|turn|6\n|j| RiotJuice\n|\n|t:|1729463046\n|move|p1b: Paul Allen|Protect|p1b: Paul Allen\n|-singleturn|p1b: Paul Allen|Protect\n|cant|p2b: kingoobit|slp\n|move|p2a: veganism|Muddy Water|p1a: Timothy Bryce|[spread] p1a\n|-activate|p1b: Paul Allen|move: Protect\n|-resisted|p1a: Timothy Bryce\n|-damage|p1a: Timothy Bryce|80\/100\n|move|p1a: Timothy Bryce|Triple Arrows|p2a: veganism\n|-crit|p2a: veganism\n|-damage|p2a: veganism|0 fnt\n|faint|p2a: veganism\n|\n|upkeep\n|\n|t:|1729463050\n|switch|p2a: dunky|Dondozo, L50, M|100\/100\n|turn|7\n|l| RiotJuice\n|c|\u2606Topperlecat|hello riotjuice\n|\n|t:|1729463063\n|cant|p2b: kingoobit|slp\n|move|p1b: Paul Allen|Dire Claw|p2b: kingoobit\n|-damage|p2b: kingoobit|0 fnt\n|faint|p2b: kingoobit\n|move|p1a: Timothy Bryce|Leaf Blade|p2a: dunky\n|-supereffective|p2a: dunky\n|-damage|p2a: dunky|39\/100\n|move|p2a: dunky|Order Up|p1a: Timothy Bryce\n|-damage|p1a: Timothy Bryce|49\/100\n|\n|upkeep\n|turn|8\n|c|\u2606Topperlecat|bye riotjuice\n|c|\u2606Topperlecat|gg wp\n|-message|Topperlecat forfeited.\n|\n|win|OSAMABINGETINLADIN\n|raw|OSAMABINGETINLADIN's rating: 1697 &rarr; <strong>1720<\/strong><br \/>(+23 for winning)\n|raw|Topperlecat's rating: 1758 &rarr; <strong>1735<\/strong><br \/>(-23 for losing)\n|c|\u2606OSAMABINGETINLADIN|topper what the hell are u saying\n|c|\u2606Topperlecat|what\n|c|\u2606Topperlecat|i know riotjuice\n|c|\u2606OSAMABINGETINLADIN|are u talking to yourself in chat\n|c|\u2606Topperlecat|no\n|c|\u2606Topperlecat|someone joined and then left\n|c|\u2606OSAMABINGETINLADIN|oh\n|l| mr pogostick\n|c|\u2606Topperlecat|and i know them irl\n|c|\u2606OSAMABINGETINLADIN|oh nice!\n|c|\u2606Topperlecat|ye\n|c|\u2606Topperlecat|gg lol\n|c|\u2606OSAMABINGETINLADIN|i\u2019ll see u later in server\n|c|\u2606Topperlecat|what server\n|c|\u2606OSAMABINGETINLADIN|i\u2019m agni\n|c|\u2606Topperlecat|ohh\n|c|\u2606Topperlecat|hax smh\n|c|\u2606OSAMABINGETINLADIN|LMAOOO\n|c|\u2606OSAMABINGETINLADIN|sigh\n|l|\u2606Topperlecat\n|player|p2|\n|j|\u2606Topperlecat\n|player|p2|Topperlecat|aquasuit|\n|l|\u2606OSAMABINGETINLADIN\n|player|p1|\n|l|\u2606Topperlecat\n|player|p2|\n","uploadtime":1729463203,"views":50,"formatid":"gen9vgc2024regh","rating":1720,"private":0,"password":null}