{"id":"gen9vgc2024regh-2227721178","format":"[Gen 9] VGC 2024 Reg H","players":["datbishgames","IsabellaPasquale"],"log":"|j|\u2606datbishgames\n|j|\u2606IsabellaPasquale\n|t:|1729524053\n|gametype|doubles\n|player|p1|datbishgames|mira|1685\n|player|p2|IsabellaPasquale|gentleman-gen1|1635\n|teamsize|p1|6\n|teamsize|p2|6\n|gen|9\n|tier|[Gen 9] VGC 2024 Reg H\n|rated|\n|rule|Species Clause: Limit one of each Pok\u00e9mon\n|rule|Item Clause: Limit 1 of each item\n|clearpoke\n|poke|p1|Talonflame, L50, F|\n|poke|p1|Greninja-*, L50, M|\n|poke|p1|Sinistcha-Masterpiece, L50|\n|poke|p1|Indeedee, L50, M|\n|poke|p1|Sneasler, L50, M|\n|poke|p1|Ninetales-Alola, L50, M|\n|poke|p2|Corviknight, L50, F|\n|poke|p2|Magmar, L50, F|\n|poke|p2|Sneasler, L50, M|\n|poke|p2|Indeedee, L50, M|\n|poke|p2|Tyranitar, L50, M|\n|poke|p2|Excadrill, L50, M|\n|teampreview|4\n|inactive|Battle timer is ON: inactive players will automatically lose when time's up. (requested by datbishgames)\n|j| futonkagebunshin\n|inactive|datbishgames has 60 seconds left.\n|inactive|IsabellaPasquale has 60 seconds left.\n|inactive|IsabellaPasquale has 30 seconds left.\n|inactive|IsabellaPasquale has 20 seconds left.\n|\n|t:|1729524127\n|start\n|switch|p1a: Sneasler|Sneasler, L50, M|100\/100\n|switch|p1b: Indeedee|Indeedee, L50, M|100\/100\n|switch|p2a: Tyranitar|Tyranitar, L50, M|100\/100\n|switch|p2b: Indeedee|Indeedee, L50, M|100\/100\n|-fieldstart|move: Psychic Terrain|[from] ability: Psychic Surge|[of] p2b: Indeedee\n|-enditem|p1a: Sneasler|Psychic Seed\n|-boost|p1a: Sneasler|spd|1|[from] item: Psychic Seed\n|-weather|Sandstorm|[from] ability: Sand Stream|[of] p2a: Tyranitar\n|turn|1\n|inactive|datbishgames has 30 seconds left.\n|inactive|IsabellaPasquale has 30 seconds left.\n|inactive|IsabellaPasquale has 20 seconds left.\n|inactive|IsabellaPasquale has 15 seconds left.\n|inactive|IsabellaPasquale has 10 seconds left.\n|\n|t:|1729524174\n|switch|p1b: Ninetales|Ninetales-Alola, L50, M|100\/100\n|-weather|Snow|[from] ability: Snow Warning|[of] p1b: Ninetales\n|switch|p2b: Corviknight|Corviknight, L50, F|100\/100\n|-enditem|p2b: Corviknight|Psychic Seed\n|-boost|p2b: Corviknight|spd|1|[from] item: Psychic Seed\n|-terastallize|p1a: Sneasler|Dark\n|-terastallize|p2a: Tyranitar|Flying\n|move|p1a: Sneasler|Throat Chop|p2b: Corviknight\n|-damage|p2b: Corviknight|66\/100\n|-start|p2b: Corviknight|Throat Chop|[silent]\n|move|p2a: Tyranitar|Tera Blast|p1a: Sneasler|[anim] Tera Blast Flying\n|-damage|p1a: Sneasler|36\/100\n|\n|-weather|Snow|[upkeep]\n|upkeep\n|turn|2\n|\n|t:|1729524198\n|move|p1a: Sneasler|Close Combat|p2b: Corviknight\n|-damage|p2b: Corviknight|15\/100\n|-unboost|p1a: Sneasler|def|1\n|-unboost|p1a: Sneasler|spd|1\n|move|p1b: Ninetales|Blizzard|p2a: Tyranitar|[spread] p2a,p2b\n|-supereffective|p2a: Tyranitar\n|-damage|p2a: Tyranitar|44\/100\n|-damage|p2b: Corviknight|0 fnt\n|faint|p2b: Corviknight\n|move|p2a: Tyranitar|Rock Slide|p1a: Sneasler|[spread] p1b\n|-miss|p2a: Tyranitar|p1a: Sneasler\n|-supereffective|p1b: Ninetales\n|-crit|p1b: Ninetales\n|-damage|p1b: Ninetales|4\/100\n|\n|-weather|Snow|[upkeep]\n|upkeep\n|\n|t:|1729524214\n|switch|p2b: Excadrill|Excadrill, L50, M|100\/100\n|turn|3\n|\n|t:|1729524236\n|switch|p2a: Indeedee|Indeedee, L50, M|100\/100\n|move|p2b: Excadrill|Protect|p2b: Excadrill\n|-singleturn|p2b: Excadrill|Protect\n|move|p1a: Sneasler|Close Combat|p2b: Excadrill\n|-activate|p2b: Excadrill|move: Protect\n|move|p1b: Ninetales|Blizzard|p2a: Indeedee|[spread] p2a\n|-activate|p2b: Excadrill|move: Protect\n|-damage|p2a: Indeedee|40\/100\n|\n|-weather|Snow|[upkeep]\n|upkeep\n|turn|4\n|\n|t:|1729524252\n|switch|p2a: Tyranitar|Tyranitar, L50, M, tera:Flying|44\/100\n|-weather|Sandstorm|[from] ability: Sand Stream|[of] p2a: Tyranitar\n|move|p2b: Excadrill|Earthquake|p1a: Sneasler|[spread] p1a,p1b\n|-immune|p2a: Tyranitar\n|-crit|p1b: Ninetales\n|-damage|p1a: Sneasler|0 fnt\n|-damage|p1b: Ninetales|0 fnt\n|faint|p1a: Sneasler\n|faint|p1b: Ninetales\n|\n|-weather|Sandstorm|[upkeep]\n|-damage|p2a: Tyranitar|39\/100|[from] Sandstorm\n|upkeep\n|\n|t:|1729524268\n|switch|p1b: Greninja|Greninja, L50, M|100\/100\n|switch|p1a: Indeedee|Indeedee, L50, M|100\/100\n|turn|5\n|inactive|IsabellaPasquale has 30 seconds left.\n|inactive|IsabellaPasquale has 20 seconds left.\n|\n|t:|1729524305\n|move|p1b: Greninja|Protect|p1b: Greninja\n|-start|p1b: Greninja|typechange|Normal|[from] ability: Protean\n|-singleturn|p1b: Greninja|Protect\n|move|p2b: Excadrill|Earthquake|p1b: Greninja|[spread] p1a\n|-activate|p1b: Greninja|move: Protect\n|-immune|p2a: Tyranitar\n|-damage|p1a: Indeedee|16\/100\n|move|p1a: Indeedee|Expanding Force|p2b: Excadrill|[spread] p2a,p2b\n|-resisted|p2b: Excadrill\n|-damage|p2a: Tyranitar|5\/100\n|-damage|p2b: Excadrill|63\/100\n|move|p2a: Tyranitar|Knock Off|p1a: Indeedee\n|-supereffective|p1a: Indeedee\n|-damage|p1a: Indeedee|0 fnt\n|-enditem|p1a: Indeedee|Choice Scarf|[from] move: Knock Off|[of] p2a: Tyranitar\n|faint|p1a: Indeedee\n|\n|-weather|Sandstorm|[upkeep]\n|-damage|p1b: Greninja|94\/100|[from] Sandstorm\n|-damage|p2a: Tyranitar|0 fnt|[from] Sandstorm\n|faint|p2a: Tyranitar\n|-fieldend|move: Psychic Terrain\n|upkeep\n|\n|t:|1729524312\n|switch|p2a: Indeedee|Indeedee, L50, M|40\/100\n|-fieldstart|move: Psychic Terrain|[from] ability: Psychic Surge|[of] p2a: Indeedee\n|turn|6\n|-message|datbishgames forfeited.\n|\n|win|IsabellaPasquale\n|raw|datbishgames's rating: 1685 &rarr; <strong>1663<\/strong><br \/>(-22 for losing)\n|raw|IsabellaPasquale's rating: 1653 &rarr; <strong>1675<\/strong><br \/>(+22 for winning)\n|l|\u2606datbishgames\n|player|p1|\n|l| futonkagebunshin\n","uploadtime":1729524511,"views":9,"formatid":"gen9vgc2024regh","rating":1663,"private":0,"password":null}