{"id":"gen9vgc2024regh-2227281009","format":"[Gen 9] VGC 2024 Reg H","players":["Draxolotl","OSAMABINGETINLADIN"],"log":"|j|\u2606Draxolotl\n|j|\u2606OSAMABINGETINLADIN\n|t:|1729465691\n|gametype|doubles\n|player|p1|Draxolotl|169|1702\n|player|p2|OSAMABINGETINLADIN|policeman-gen4|1754\n|teamsize|p1|6\n|teamsize|p2|6\n|gen|9\n|tier|[Gen 9] VGC 2024 Reg H\n|rated|\n|rule|Species Clause: Limit one of each Pok\u00e9mon\n|rule|Item Clause: Limit 1 of each item\n|clearpoke\n|poke|p1|Rillaboom, L50, F|\n|poke|p1|Volcarona, L50, M|\n|poke|p1|Ninetales-Alola, L50, M|\n|poke|p1|Tauros-Paldea-Aqua, L50, M|\n|poke|p1|Dragonite, L50, F|\n|poke|p1|Archaludon, L50, M|\n|poke|p2|Sneasler, L50, M|\n|poke|p2|Indeedee, L50, M|\n|poke|p2|Dragapult, L50, F|\n|poke|p2|Decidueye-Hisui, L50, F|\n|poke|p2|Typhlosion-Hisui, L50, F|\n|poke|p2|Whimsicott, L50, F|\n|teampreview|4\n|inactive|Battle timer is ON: inactive players will automatically lose when time's up. (requested by OSAMABINGETINLADIN)\n|c|\u2606Draxolotl|Agni?\n|inactive|Draxolotl has 60 seconds left.\n|inactive|OSAMABINGETINLADIN has 60 seconds left.\n|c|\u2606OSAMABINGETINLADIN|christ\n|c|\u2606Draxolotl|Lmao\n|c|\u2606OSAMABINGETINLADIN|the hell u want\n|c|\u2606Draxolotl|Your elo >:)\n|c|\u2606OSAMABINGETINLADIN|sigh\n|inactive|Draxolotl has 30 seconds left.\n|inactive|OSAMABINGETINLADIN has 30 seconds left.\n|c|\u2606OSAMABINGETINLADIN|let\u2019s get this shit over with\n|inactive|OSAMABINGETINLADIN has 20 seconds left.\n|inactive|OSAMABINGETINLADIN has 15 seconds left.\n|inactive|OSAMABINGETINLADIN has 10 seconds left.\n|inactive|OSAMABINGETINLADIN has 5 seconds left.\n|\n|t:|1729465778\n|start\n|switch|p1a: Dragonite|Dragonite, L50, F|100\/100\n|switch|p1b: Archaludon|Archaludon, L50, M|100\/100\n|switch|p2a: Luis Carruthers|Whimsicott, L50, F|100\/100\n|switch|p2b: Paul Allen|Sneasler, L50, M, shiny|100\/100\n|turn|1\n|inactive|OSAMABINGETINLADIN has 30 seconds left.\n|inactive|OSAMABINGETINLADIN has 20 seconds left.\n|\n|t:|1729465815\n|-terastallize|p1a: Dragonite|Normal\n|move|p2b: Paul Allen|Protect|p2b: Paul Allen\n|-singleturn|p2b: Paul Allen|Protect\n|move|p1a: Dragonite|Extreme Speed|p2a: Luis Carruthers\n|-damage|p2a: Luis Carruthers|14\/100\n|move|p2a: Luis Carruthers|Tailwind|p2a: Luis Carruthers\n|-sidestart|p2: OSAMABINGETINLADIN|move: Tailwind\n|move|p1b: Archaludon|Electro Shot||[still]\n|-prepare|p1b: Archaludon|Electro Shot\n|-boost|p1b: Archaludon|spa|1\n|-enditem|p1b: Archaludon|Power Herb\n|-anim|p1b: Archaludon|Electro Shot|p2b: Paul Allen\n|-activate|p2b: Paul Allen|move: Protect\n|\n|upkeep\n|turn|2\n|inactive|OSAMABINGETINLADIN has 30 seconds left.\n|\n|t:|1729465842\n|switch|p1b: Rillaboom|Rillaboom, L50, F|100\/100\n|-fieldstart|move: Grassy Terrain|[from] ability: Grassy Surge|[of] p1b: Rillaboom\n|move|p1a: Dragonite|Extreme Speed|p2b: Paul Allen\n|-damage|p2b: Paul Allen|0 fnt\n|faint|p2b: Paul Allen\n|move|p2a: Luis Carruthers|Moonblast|p1b: Rillaboom\n|-damage|p1b: Rillaboom|78\/100\n|\n|-heal|p2a: Luis Carruthers|20\/100|[from] Grassy Terrain\n|-heal|p1b: Rillaboom|84\/100|[from] Grassy Terrain\n|upkeep\n|\n|t:|1729465849\n|switch|p2b: David Van Patten|Typhlosion-Hisui, L50, F|100\/100\n|turn|3\n|inactive|OSAMABINGETINLADIN has 30 seconds left.\n|\n|t:|1729465878\n|switch|p1b: Tauros|Tauros-Paldea-Aqua, L50, M|100\/100\n|-ability|p1b: Tauros|Intimidate|boost\n|-unboost|p2a: Luis Carruthers|atk|1\n|-unboost|p2b: David Van Patten|atk|1\n|move|p1a: Dragonite|Extreme Speed|p2b: David Van Patten\n|-immune|p2b: David Van Patten\n|move|p2a: Luis Carruthers|Sunny Day|p2a: Luis Carruthers\n|-weather|SunnyDay\n|move|p2b: David Van Patten|Eruption|p1b: Tauros|[spread] p1a,p1b\n|-resisted|p1b: Tauros\n|-damage|p1a: Dragonite|0 fnt\n|-damage|p1b: Tauros|4\/100\n|faint|p1a: Dragonite\n|\n|-weather|SunnyDay|[upkeep]\n|-heal|p2a: Luis Carruthers|26\/100|[from] Grassy Terrain\n|-heal|p1b: Tauros|9\/100|[from] Grassy Terrain\n|upkeep\n|\n|t:|1729465887\n|switch|p1a: Archaludon|Archaludon, L50, M|100\/100\n|turn|4\n|\n|t:|1729465898\n|switch|p2b: Marcus Halberstram|Dragapult, L50, F|100\/100\n|move|p1b: Tauros|Protect|p1b: Tauros\n|-singleturn|p1b: Tauros|Protect\n|move|p1a: Archaludon|Protect|p1a: Archaludon\n|-singleturn|p1a: Archaludon|Protect\n|move|p2a: Luis Carruthers|Moonblast|p1b: Tauros\n|-activate|p1b: Tauros|move: Protect\n|\n|-weather|SunnyDay|[upkeep]\n|-heal|p2a: Luis Carruthers|32\/100|[from] Grassy Terrain\n|-heal|p1b: Tauros|15\/100|[from] Grassy Terrain\n|-sideend|p2: OSAMABINGETINLADIN|move: Tailwind\n|upkeep\n|turn|5\n|\n|t:|1729465920\n|switch|p1b: Rillaboom|Rillaboom, L50, F|84\/100\n|move|p2a: Luis Carruthers|Encore|p1a: Archaludon\n|-start|p1a: Archaludon|Encore\n|move|p2b: Marcus Halberstram|Dragon Darts|p1a: Archaludon\n|-damage|p1a: Archaludon|64\/100\n|-anim|p2b: Marcus Halberstram|Dragon Darts|p1b: Rillaboom\n|-damage|p1b: Rillaboom|43\/100\n|move|p1a: Archaludon|Protect||[still]\n|-fail|p1a: Archaludon\n|\n|-weather|SunnyDay|[upkeep]\n|-heal|p2a: Luis Carruthers|38\/100|[from] Grassy Terrain\n|-heal|p1a: Archaludon|70\/100|[from] Grassy Terrain\n|-heal|p1b: Rillaboom|49\/100|[from] Grassy Terrain\n|upkeep\n|turn|6\n|-message|Draxolotl forfeited.\n|\n|win|OSAMABINGETINLADIN\n|raw|Draxolotl's rating: 1702 &rarr; <strong>1685<\/strong><br \/>(-17 for losing)\n|raw|OSAMABINGETINLADIN's rating: 1754 &rarr; <strong>1771<\/strong><br \/>(+17 for winning)\n|c|\u2606Draxolotl|Gg\n|c|\u2606OSAMABINGETINLADIN|ggs\n|l|\u2606Draxolotl\n|player|p1|\n|l|\u2606OSAMABINGETINLADIN\n|player|p2|\n|j|\u2606OSAMABINGETINLADIN\n|player|p2|OSAMABINGETINLADIN|policeman-gen4|\n|l|\u2606OSAMABINGETINLADIN\n|player|p2|\n|j|\u2606OSAMABINGETINLADIN\n|player|p2|OSAMABINGETINLADIN|policeman-gen4|\n|l|\u2606OSAMABINGETINLADIN\n|player|p2|\n","uploadtime":1729465958,"views":29,"formatid":"gen9vgc2024regh","rating":1685,"private":0,"password":null}