{"id":"gen9vgc2024regh-2228513147","format":"[Gen 9] VGC 2024 Reg H","players":["Topperlecat","Kronicler"],"log":"|j|\u2606Topperlecat\n|j|\u2606Kronicler\n|t:|1729613158\n|gametype|doubles\n|player|p1|Topperlecat|aquasuit|1742\n|player|p2|Kronicler|yellow|1726\n|teamsize|p1|6\n|teamsize|p2|6\n|gen|9\n|tier|[Gen 9] VGC 2024 Reg H\n|rated|\n|rule|Species Clause: Limit one of each Pok\u00e9mon\n|rule|Item Clause: Limit 1 of each item\n|clearpoke\n|poke|p1|Dondozo, L50, M|\n|poke|p1|Tatsugiri, L50, F|\n|poke|p1|Weezing-Galar, L50, F|\n|poke|p1|Corviknight, L50, M|\n|poke|p1|Garchomp, L50, M|\n|poke|p1|Kingambit, L50, F|\n|poke|p2|Kingambit, L50, F|\n|poke|p2|Primarina, L50, M|\n|poke|p2|Sneasler, L50, M|\n|poke|p2|Magmar, L50, M|\n|poke|p2|Rillaboom, L50, M|\n|poke|p2|Dragapult, L50, F|\n|teampreview|4\n|inactive|Battle timer is ON: inactive players will automatically lose when time's up. (requested by Kronicler)\nKronicler rejected open team sheets.\n|inactive|Kronicler has 60 seconds left.\n|j| Luigi over mario\n|\n|t:|1729613205\n|start\n|switch|p1a: Corviknight|Corviknight, L50, M|100\/100\n|switch|p1b: Garchomp|Garchomp, L50, M|100\/100\n|switch|p2a: Sneasler|Sneasler, L50, M|100\/100\n|switch|p2b: Magmar|Magmar, L50, M|100\/100\n|turn|1\n|\n|t:|1729613222\n|move|p2a: Sneasler|Fake Out|p1b: Garchomp\n|-damage|p1b: Garchomp|85\/100\n|-damage|p2a: Sneasler|88\/100|[from] ability: Rough Skin|[of] p1b: Garchomp\n|-status|p1b: Garchomp|psn|[from] ability: Poison Touch|[of] p2a: Sneasler\n|cant|p1b: Garchomp|flinch\n|move|p2b: Magmar|Will-O-Wisp|p1a: Corviknight\n|-status|p1a: Corviknight|brn\n|move|p1a: Corviknight|Tailwind|p1a: Corviknight\n|-sidestart|p1: Topperlecat|move: Tailwind\n|\n|-damage|p1b: Garchomp|73\/100 psn|[from] psn\n|-damage|p1a: Corviknight|95\/100 brn|[from] brn\n|upkeep\n|turn|2\n|inactive|Kronicler has 30 seconds left.\n|inactive|Kronicler has 20 seconds left.\n|inactive|Kronicler has 15 seconds left.\n|inactive|Kronicler has 10 seconds left.\n|\n|t:|1729613270\n|-terastallize|p1b: Garchomp|Ground\n|move|p2a: Sneasler|Protect|p2a: Sneasler\n|-singleturn|p2a: Sneasler|Protect\n|move|p2b: Magmar|Protect|p2b: Magmar\n|-singleturn|p2b: Magmar|Protect\n|move|p1b: Garchomp|Earthquake|p2b: Magmar|[spread] \n|-activate|p2a: Sneasler|move: Protect\n|-activate|p2b: Magmar|move: Protect\n|-immune|p1a: Corviknight\n|move|p1a: Corviknight|Brave Bird|p2b: Magmar\n|-activate|p2b: Magmar|move: Protect\n|\n|-damage|p1b: Garchomp|61\/100 psn|[from] psn\n|-damage|p1a: Corviknight|89\/100 brn|[from] brn\n|upkeep\n|turn|3\n|\n|t:|1729613285\n|switch|p2a: Rillaboom|Rillaboom, L50, M|100\/100\n|-fieldstart|move: Grassy Terrain|[from] ability: Grassy Surge|[of] p2a: Rillaboom\n|move|p1b: Garchomp|Earthquake|p2b: Magmar|[spread] p2a,p2b\n|-immune|p1a: Corviknight\n|-resisted|p2a: Rillaboom\n|-supereffective|p2b: Magmar\n|-damage|p2a: Rillaboom|78\/100\n|-damage|p2b: Magmar|17\/100\n|move|p1a: Corviknight|Brave Bird|p2a: Rillaboom\n|-supereffective|p2a: Rillaboom\n|-damage|p2a: Rillaboom|37\/100\n|-damage|p1a: Corviknight|75\/100 brn|[from] Recoil\n|move|p2b: Magmar|Overheat|p1a: Corviknight\n|-supereffective|p1a: Corviknight\n|-damage|p1a: Corviknight|0 fnt\n|-unboost|p2b: Magmar|spa|2\n|faint|p1a: Corviknight\n|\n|-heal|p1b: Garchomp|67\/100 psn|[from] Grassy Terrain\n|-heal|p2b: Magmar|23\/100|[from] Grassy Terrain\n|-heal|p2a: Rillaboom|42\/100|[from] Grassy Terrain\n|-damage|p1b: Garchomp|55\/100 psn|[from] psn\n|upkeep\n|\n|t:|1729613308\n|switch|p1a: Dondozo|Dondozo, L50, M|100\/100\n|turn|4\n|\n|t:|1729613319\n|move|p1a: Dondozo|Protect|p1a: Dondozo\n|-singleturn|p1a: Dondozo|Protect\n|move|p2a: Rillaboom|Grassy Glide|p1b: Garchomp\n|-supereffective|p1b: Garchomp\n|-damage|p1b: Garchomp|0 fnt\n|-damage|p2a: Rillaboom|30\/100|[from] ability: Rough Skin|[of] p1b: Garchomp\n|faint|p1b: Garchomp\n|move|p2b: Magmar|Will-O-Wisp|p1a: Dondozo\n|-activate|p1a: Dondozo|move: Protect\n|\n|-heal|p2b: Magmar|28\/100|[from] Grassy Terrain\n|-heal|p2a: Rillaboom|36\/100|[from] Grassy Terrain\n|-sideend|p1: Topperlecat|move: Tailwind\n|upkeep\n|\n|t:|1729613324\n|switch|p1b: Tatsugiri|Tatsugiri, L50, F, shiny|100\/100\n|-activate|p1b: Tatsugiri|ability: Commander|[of] p1a: Dondozo\n|-boost|p1a: Dondozo|atk|2\n|-boost|p1a: Dondozo|spa|2\n|-boost|p1a: Dondozo|spe|2\n|-boost|p1a: Dondozo|def|2\n|-boost|p1a: Dondozo|spd|2\n|turn|5\n|\n|t:|1729613339\n|move|p1a: Dondozo|Order Up|p2b: Magmar\n|-damage|p2b: Magmar|0 fnt\n|faint|p2b: Magmar\n|-boost|p1a: Dondozo|atk|1\n|move|p2a: Rillaboom|Wood Hammer|p1a: Dondozo\n|-supereffective|p1a: Dondozo\n|-crit|p1a: Dondozo\n|-damage|p1a: Dondozo|0 fnt\n|faint|p1a: Dondozo\n|-damage|p2a: Rillaboom|0 fnt|[from] Recoil\n|faint|p2a: Rillaboom\n|\n|upkeep\n|\n|t:|1729613344\n|switch|p2b: Sneasler|Sneasler, L50, M|88\/100\n|switch|p2a: Primarina|Primarina, L50, M|100\/100\n|turn|6\n|l| Luigi over mario\n|j| Luigi over mario\n|l| Luigi over mario\n|\n|t:|1729613360\n|move|p2b: Sneasler|Fake Out|p1b: Tatsugiri\n|-damage|p1b: Tatsugiri|72\/100\n|cant|p1b: Tatsugiri|flinch\n|move|p2a: Primarina|Moonblast|p1b: Tatsugiri\n|-supereffective|p1b: Tatsugiri\n|-damage|p1b: Tatsugiri|0 fnt\n|faint|p1b: Tatsugiri\n|\n|win|Kronicler\n|raw|Topperlecat's rating: 1742 &rarr; <strong>1721<\/strong><br \/>(-21 for losing)\n|raw|Kronicler's rating: 1726 &rarr; <strong>1747<\/strong><br \/>(+21 for winning)\n|l|\u2606Topperlecat\n|player|p1|\n|l|\u2606Kronicler\n|player|p2|\n","uploadtime":1729613519,"views":33,"formatid":"gen9vgc2024regh","rating":1721,"private":0,"password":null}