{"id":"gen9vgc2024regh-2228360862","format":"[Gen 9] VGC 2024 Reg H","players":["647w","magnusmagnum"],"log":"|j|\u2606647w\n|j|\u2606magnusmagnum\n|t:|1729599086\n|gametype|doubles\n|player|p1|647w|lucas-gen4pt|1723\n|player|p2|magnusmagnum|170|1769\n|teamsize|p1|6\n|teamsize|p2|6\n|gen|9\n|tier|[Gen 9] VGC 2024 Reg H\n|rated|\n|rule|Species Clause: Limit one of each Pok\u00e9mon\n|rule|Item Clause: Limit 1 of each item\n|clearpoke\n|poke|p1|Kilowattrel, L50, F|\n|poke|p1|Garchomp, L50, M|\n|poke|p1|Gholdengo, L50|\n|poke|p1|Incineroar, L50, F|\n|poke|p1|Rillaboom, L50, M|\n|poke|p1|Dondozo, L50, M|\n|poke|p2|Sneasler, L50, M|\n|poke|p2|Mimikyu, L50, F|\n|poke|p2|Ursaluna-Bloodmoon, L50, M|\n|poke|p2|Garchomp, L50, F|\n|poke|p2|Rillaboom, L50, M|\n|poke|p2|Gholdengo, L50|\n|teampreview|4\n|\n|t:|1729599122\n|start\n|switch|p1a: Incineroar|Incineroar, L50, F|100\/100\n|switch|p1b: Garchomp|Garchomp, L50, M|100\/100\n|switch|p2a: Rillaboom|Rillaboom, L50, M|100\/100\n|switch|p2b: Gholdengo|Gholdengo, L50|100\/100\n|-fieldstart|move: Grassy Terrain|[from] ability: Grassy Surge|[of] p2a: Rillaboom\n|-ability|p1a: Incineroar|Intimidate|boost\n|-unboost|p2a: Rillaboom|atk|1\n|-unboost|p2b: Gholdengo|atk|1\n|turn|1\n|\n|t:|1729599136\n|-terastallize|p2b: Gholdengo|Water\n|move|p2a: Rillaboom|Fake Out|p1b: Garchomp\n|-damage|p1b: Garchomp|91\/100\n|-damage|p2a: Rillaboom|88\/100|[from] ability: Rough Skin|[of] p1b: Garchomp\n|cant|p1b: Garchomp|flinch\n|move|p2b: Gholdengo|Nasty Plot|p2b: Gholdengo\n|-boost|p2b: Gholdengo|spa|2\n|move|p1a: Incineroar|Flare Blitz|p2b: Gholdengo\n|-resisted|p2b: Gholdengo\n|-damage|p2b: Gholdengo|74\/100\n|-damage|p1a: Incineroar|93\/100|[from] Recoil\n|\n|-heal|p1b: Garchomp|97\/100|[from] Grassy Terrain\n|-heal|p2b: Gholdengo|80\/100|[from] Grassy Terrain\n|-heal|p2a: Rillaboom|94\/100|[from] Grassy Terrain\n|-heal|p1a: Incineroar|99\/100|[from] Grassy Terrain\n|upkeep\n|turn|2\n|\n|t:|1729599169\n|switch|p2a: Garchomp|Garchomp, L50, F|100\/100\n|move|p1b: Garchomp|Protect|p1b: Garchomp\n|-singleturn|p1b: Garchomp|Protect\n|move|p2b: Gholdengo|Protect|p2b: Gholdengo\n|-singleturn|p2b: Gholdengo|Protect\n|move|p1a: Incineroar|Parting Shot|p2a: Garchomp\n|-unboost|p2a: Garchomp|atk|1\n|-unboost|p2a: Garchomp|spa|1\n|\n|t:|1729599171\n|switch|p1a: Rillaboom|Rillaboom, L50, M|100\/100|[from] Parting Shot\n|\n|-heal|p1b: Garchomp|100\/100|[from] Grassy Terrain\n|-heal|p2b: Gholdengo|86\/100|[from] Grassy Terrain\n|upkeep\n|turn|3\n|j| mr pogostick\n|\n|t:|1729599197\n|switch|p1b: Incineroar|Incineroar, L50, F|99\/100\n|-ability|p1b: Incineroar|Intimidate|boost\n|-unboost|p2a: Garchomp|atk|1\n|-unboost|p2b: Gholdengo|atk|1\n|switch|p2b: Rillaboom|Rillaboom, L50, M|94\/100\n|move|p2a: Garchomp|Dragon Claw|p1b: Incineroar\n|-damage|p1b: Incineroar|76\/100\n|move|p1a: Rillaboom|Wood Hammer|p2b: Rillaboom\n|-resisted|p2b: Rillaboom\n|-damage|p2b: Rillaboom|54\/100\n|-damage|p1a: Rillaboom|88\/100|[from] Recoil\n|\n|-heal|p2b: Rillaboom|60\/100|[from] Grassy Terrain\n|-heal|p1a: Rillaboom|94\/100|[from] Grassy Terrain\n|-heal|p1b: Incineroar|82\/100|[from] Grassy Terrain\n|upkeep\n|turn|4\n|\n|t:|1729599216\n|switch|p2a: Sneasler|Sneasler, L50, M|100\/100\n|move|p2b: Rillaboom|Fake Out|p1b: Incineroar\n|-damage|p1b: Incineroar|70\/100\n|cant|p1b: Incineroar|flinch\n|move|p1a: Rillaboom|Wood Hammer|p2a: Sneasler\n|-resisted|p2a: Sneasler\n|-damage|p2a: Sneasler|39\/100\n|-damage|p1a: Rillaboom|78\/100|[from] Recoil\n|\n|-heal|p2a: Sneasler|44\/100|[from] Grassy Terrain\n|-heal|p2b: Rillaboom|66\/100|[from] Grassy Terrain\n|-heal|p1a: Rillaboom|84\/100|[from] Grassy Terrain\n|-heal|p1b: Incineroar|76\/100|[from] Grassy Terrain\n|upkeep\n|turn|5\n|j| Aniaforget\n|\n|t:|1729599256\n|switch|p2b: Garchomp|Garchomp, L50, F|100\/100\n|switch|p1a: Gholdengo|Gholdengo, L50|100\/100\n|move|p2a: Sneasler|Protect|p2a: Sneasler\n|-singleturn|p2a: Sneasler|Protect\n|move|p1b: Incineroar|Flare Blitz|p2a: Sneasler\n|-activate|p2a: Sneasler|move: Protect\n|\n|-heal|p2a: Sneasler|50\/100|[from] Grassy Terrain\n|-heal|p1b: Incineroar|82\/100|[from] Grassy Terrain\n|-fieldend|move: Grassy Terrain\n|upkeep\n|turn|6\n|j| Slubbert\n|\n|t:|1729599289\n|switch|p1b: Rillaboom|Rillaboom, L50, M|84\/100\n|-fieldstart|move: Grassy Terrain|[from] ability: Grassy Surge|[of] p1b: Rillaboom\n|-terastallize|p1a: Gholdengo|Water\n|move|p2b: Garchomp|Stomping Tantrum|p1a: Gholdengo\n|-crit|p1a: Gholdengo\n|-damage|p1a: Gholdengo|42\/100\n|-enditem|p1a: Gholdengo|Sitrus Berry|[eat]\n|-heal|p1a: Gholdengo|67\/100|[from] item: Sitrus Berry\n|move|p2a: Sneasler|Close Combat|p1b: Rillaboom\n|-damage|p1b: Rillaboom|23\/100\n|-unboost|p2a: Sneasler|def|1\n|-unboost|p2a: Sneasler|spd|1\n|move|p1a: Gholdengo|Make It Rain|p2a: Sneasler|[spread] p2a,p2b\n|-damage|p2a: Sneasler|0 fnt\n|-damage|p2b: Garchomp|56\/100\n|-unboost|p1a: Gholdengo|spa|1\n|faint|p2a: Sneasler\n|\n|-heal|p2b: Garchomp|62\/100|[from] Grassy Terrain\n|-heal|p1a: Gholdengo|74\/100|[from] Grassy Terrain\n|-heal|p1b: Rillaboom|29\/100|[from] Grassy Terrain\n|upkeep\n|\n|t:|1729599308\n|switch|p2a: Rillaboom|Rillaboom, L50, M|66\/100\n|turn|7\n|\n|t:|1729599333\n|switch|p1b: Incineroar|Incineroar, L50, F|82\/100\n|-ability|p1b: Incineroar|Intimidate|boost\n|-unboost|p2a: Rillaboom|atk|1\n|-unboost|p2b: Garchomp|atk|1\n|move|p1a: Gholdengo|Protect|p1a: Gholdengo\n|-singleturn|p1a: Gholdengo|Protect\n|move|p2b: Garchomp|Stomping Tantrum|p1a: Gholdengo\n|-activate|p1a: Gholdengo|move: Protect\n|move|p2a: Rillaboom|Wood Hammer|p1b: Incineroar\n|-resisted|p1b: Incineroar\n|-damage|p1b: Incineroar|51\/100\n|-damage|p2a: Rillaboom|56\/100|[from] Recoil\n|\n|-heal|p2b: Garchomp|68\/100|[from] Grassy Terrain\n|-heal|p1a: Gholdengo|80\/100|[from] Grassy Terrain\n|-heal|p2a: Rillaboom|62\/100|[from] Grassy Terrain\n|-heal|p1b: Incineroar|57\/100|[from] Grassy Terrain\n|upkeep\n|turn|8\n|\n|t:|1729599379\n|switch|p2a: Gholdengo|Gholdengo, L50, tera:Water|86\/100\n|move|p2b: Garchomp|Stomping Tantrum|p1b: Incineroar\n|-supereffective|p1b: Incineroar\n|-damage|p1b: Incineroar|3\/100\n|move|p1a: Gholdengo|Make It Rain|p2b: Garchomp|[spread] p2a,p2b\n|-resisted|p2a: Gholdengo\n|-damage|p2a: Gholdengo|69\/100\n|-damage|p2b: Garchomp|38\/100\n|-unboost|p1a: Gholdengo|spa|1\n|move|p1b: Incineroar|Parting Shot|p2a: Gholdengo\n|-immune|p2a: Gholdengo|[from] ability: Good as Gold\n|\n|-heal|p2b: Garchomp|43\/100|[from] Grassy Terrain\n|-heal|p2a: Gholdengo|75\/100|[from] Grassy Terrain\n|-heal|p1a: Gholdengo|86\/100|[from] Grassy Terrain\n|-heal|p1b: Incineroar|9\/100|[from] Grassy Terrain\n|upkeep\n|turn|9\n|\n|t:|1729599409\n|switch|p2b: Rillaboom|Rillaboom, L50, M|62\/100\n|move|p2a: Gholdengo|Shadow Ball|p1b: Incineroar\n|-resisted|p1b: Incineroar\n|-damage|p1b: Incineroar|0 fnt\n|faint|p1b: Incineroar\n|move|p1a: Gholdengo|Nasty Plot|p1a: Gholdengo\n|-boost|p1a: Gholdengo|spa|2\n|\n|-heal|p2a: Gholdengo|82\/100|[from] Grassy Terrain\n|-heal|p1a: Gholdengo|92\/100|[from] Grassy Terrain\n|-heal|p2b: Rillaboom|68\/100|[from] Grassy Terrain\n|upkeep\n|\n|t:|1729599414\n|switch|p1b: Garchomp|Garchomp, L50, M|100\/100\n|turn|10\n|\n|t:|1729599432\n|move|p1b: Garchomp|Protect|p1b: Garchomp\n|-singleturn|p1b: Garchomp|Protect\n|move|p1a: Gholdengo|Protect|p1a: Gholdengo\n|-singleturn|p1a: Gholdengo|Protect\n|move|p2b: Rillaboom|Fake Out|p1b: Garchomp\n|-activate|p1b: Garchomp|move: Protect\n|move|p2a: Gholdengo|Nasty Plot|p2a: Gholdengo\n|-boost|p2a: Gholdengo|spa|2\n|\n|-heal|p2a: Gholdengo|88\/100|[from] Grassy Terrain\n|-heal|p1a: Gholdengo|98\/100|[from] Grassy Terrain\n|-heal|p2b: Rillaboom|74\/100|[from] Grassy Terrain\n|-fieldend|move: Grassy Terrain\n|upkeep\n|turn|11\n|\n|t:|1729599452\n|move|p1b: Garchomp|Dragon Claw|p2b: Rillaboom\n|-damage|p2b: Rillaboom|34\/100\n|move|p2a: Gholdengo|Shadow Ball|p1b: Garchomp\n|-damage|p1b: Garchomp|11\/100\n|move|p1a: Gholdengo|Shadow Ball|p2b: Rillaboom\n|-damage|p2b: Rillaboom|0 fnt\n|faint|p2b: Rillaboom\n|\n|upkeep\n|\n|t:|1729599461\n|switch|p2b: Garchomp|Garchomp, L50, F|43\/100\n|turn|12\n|\n|t:|1729599471\n|move|p1b: Garchomp|Protect|p1b: Garchomp\n|-singleturn|p1b: Garchomp|Protect\n|move|p1a: Gholdengo|Protect|p1a: Gholdengo\n|-singleturn|p1a: Gholdengo|Protect\n|move|p2b: Garchomp|Rock Slide|p1a: Gholdengo|[spread] \n|-activate|p1a: Gholdengo|move: Protect\n|-activate|p1b: Garchomp|move: Protect\n|move|p2a: Gholdengo|Shadow Ball|p1a: Gholdengo\n|-activate|p1a: Gholdengo|move: Protect\n|\n|upkeep\n|turn|13\n|\n|t:|1729599480\n|move|p2b: Garchomp|Rock Slide|p1b: Garchomp|[spread] p1a,p1b\n|-resisted|p1b: Garchomp\n|-damage|p1a: Gholdengo|77\/100\n|-damage|p1b: Garchomp|0 fnt\n|faint|p1b: Garchomp\n|move|p2a: Gholdengo|Shadow Ball|p1a: Gholdengo\n|-damage|p1a: Gholdengo|6\/100\n|-unboost|p1a: Gholdengo|spd|1\n|move|p1a: Gholdengo|Make It Rain|p2b: Garchomp|[spread] p2a,p2b\n|-resisted|p2a: Gholdengo\n|-damage|p2a: Gholdengo|63\/100\n|-damage|p2b: Garchomp|0 fnt\n|-unboost|p1a: Gholdengo|spa|1\n|faint|p2b: Garchomp\n|\n|upkeep\n|\n|t:|1729599481\n|switch|p1b: Rillaboom|Rillaboom, L50, M|29\/100\n|-fieldstart|move: Grassy Terrain|[from] ability: Grassy Surge|[of] p1b: Rillaboom\n|turn|14\n|\n|t:|1729599499\n|move|p2a: Gholdengo|Protect|p2a: Gholdengo\n|-singleturn|p2a: Gholdengo|Protect\n|move|p1b: Rillaboom|Fake Out|p2a: Gholdengo\n|-activate|p2a: Gholdengo|move: Protect\n|move|p1a: Gholdengo|Shadow Ball|p2a: Gholdengo\n|-activate|p2a: Gholdengo|move: Protect\n|\n|-heal|p2a: Gholdengo|69\/100|[from] Grassy Terrain\n|-heal|p1a: Gholdengo|12\/100|[from] Grassy Terrain\n|-heal|p1b: Rillaboom|35\/100|[from] Grassy Terrain\n|upkeep\n|turn|15\n|\n|t:|1729599504\n|move|p1b: Rillaboom|Grassy Glide|p2a: Gholdengo\n|-supereffective|p2a: Gholdengo\n|-damage|p2a: Gholdengo|0 fnt\n|faint|p2a: Gholdengo\n|\n|win|647w\n|raw|647w's rating: 1723 &rarr; <strong>1746<\/strong><br \/>(+23 for winning)\n|raw|magnusmagnum's rating: 1769 &rarr; <strong>1746<\/strong><br \/>(-23 for losing)\n|l|\u2606magnusmagnum\n|player|p2|\n|l| Slubbert\n|l| mr pogostick\n","uploadtime":1729599785,"views":26,"formatid":"gen9vgc2024regh","rating":1746,"private":0,"password":null}