{"id":"gen9vgc2024regh-2228057289","format":"[Gen 9] VGC 2024 Reg H","players":["magnusmagnum","Stempe"],"log":"|j|\u2606magnusmagnum\n|j|\u2606Stempe\n|t:|1729555608\n|gametype|doubles\n|player|p1|magnusmagnum|101|1750\n|player|p2|Stempe|102|1768\n|teamsize|p1|6\n|teamsize|p2|6\n|gen|9\n|tier|[Gen 9] VGC 2024 Reg H\n|rated|\n|rule|Species Clause: Limit one of each Pok\u00e9mon\n|rule|Item Clause: Limit 1 of each item\n|clearpoke\n|poke|p1|Sneasler, L50, M|\n|poke|p1|Mimikyu, L50, M|\n|poke|p1|Ursaluna-Bloodmoon, L50, M|\n|poke|p1|Garchomp, L50, M|\n|poke|p1|Rillaboom, L50, M|\n|poke|p1|Gholdengo, L50|\n|poke|p2|Dragapult, L50, F|\n|poke|p2|Annihilape, L50, F|\n|poke|p2|Whimsicott, L50, F|\n|poke|p2|Maushold-Four, L50|\n|poke|p2|Typhlosion-Hisui, L50, F|\n|poke|p2|Hydreigon, L50, F|\n|teampreview|4\n|j| TrubbishTyler\n|\n|t:|1729555678\n|start\n|switch|p1a: Mimikyu|Mimikyu, L50, M|100\/100\n|switch|p1b: Garchomp|Garchomp, L50, M|100\/100\n|switch|p2a: Typhlosion|Typhlosion-Hisui, L50, F|100\/100\n|switch|p2b: Hydreigon|Hydreigon, L50, F|100\/100\n|-item|p1a: Mimikyu|Life Orb|[from] ability: Frisk|[of] p2a: Typhlosion\n|-item|p1b: Garchomp|Choice Scarf|[from] ability: Frisk|[of] p2a: Typhlosion\n|turn|1\n|\n|t:|1729555700\n|-terastallize|p2b: Hydreigon|Steel\n|move|p1b: Garchomp|Stomping Tantrum|p2a: Typhlosion\n|-supereffective|p2a: Typhlosion\n|-damage|p2a: Typhlosion|0 fnt\n|faint|p2a: Typhlosion\n|move|p2b: Hydreigon|Flash Cannon|p1a: Mimikyu\n|-activate|p1a: Mimikyu|ability: Disguise\n|-damage|p1a: Mimikyu|100\/100\n|-unboost|p1a: Mimikyu|spd|1\n|detailschange|p1a: Mimikyu|Mimikyu-Busted, L50, M\n|-damage|p1a: Mimikyu|88\/100|[from] pokemon: Mimikyu-Busted\n|move|p1a: Mimikyu|Play Rough|p2b: Hydreigon\n|-resisted|p2b: Hydreigon\n|-damage|p2b: Hydreigon|74\/100\n|-damage|p1a: Mimikyu|78\/100|[from] item: Life Orb\n|\n|upkeep\n|\n|t:|1729555712\n|switch|p2a: Annihilape|Annihilape, L50, F|100\/100\n|turn|2\n|\n|t:|1729555777\n|switch|p1b: Ursaluna|Ursaluna-Bloodmoon, L50, M|100\/100\n|switch|p1a: Rillaboom|Rillaboom, L50, M|100\/100\n|-fieldstart|move: Grassy Terrain|[from] ability: Grassy Surge|[of] p1a: Rillaboom\n|move|p2b: Hydreigon|Flash Cannon|p1a: Rillaboom\n|-damage|p1a: Rillaboom|55\/100\n|move|p2a: Annihilape|Bulk Up|p2a: Annihilape\n|-boost|p2a: Annihilape|atk|1\n|-boost|p2a: Annihilape|def|1\n|\n|-heal|p1a: Rillaboom|61\/100|[from] Grassy Terrain\n|upkeep\n|turn|3\n|j| kuaileshuijiao\n|\n|t:|1729555807\n|move|p2a: Annihilape|Protect|p2a: Annihilape\n|-singleturn|p2a: Annihilape|Protect\n|move|p1a: Rillaboom|Fake Out|p2b: Hydreigon\n|-resisted|p2b: Hydreigon\n|-damage|p2b: Hydreigon|65\/100\n|cant|p2b: Hydreigon|flinch\n|move|p1b: Ursaluna|Blood Moon|p2b: Hydreigon\n|-resisted|p2b: Hydreigon\n|-damage|p2b: Hydreigon|36\/100\n|\n|-heal|p1a: Rillaboom|67\/100|[from] Grassy Terrain\n|upkeep\n|turn|4\n|\n|t:|1729555831\n|-terastallize|p1b: Ursaluna|Ghost\n|move|p1a: Rillaboom|Grassy Glide|p2b: Hydreigon\n|-resisted|p2b: Hydreigon\n|-crit|p2b: Hydreigon\n|-damage|p2b: Hydreigon|0 fnt\n|faint|p2b: Hydreigon\n|move|p1b: Ursaluna|Vacuum Wave|p2a: Annihilape\n|-damage|p2a: Annihilape|87\/100\n|move|p2a: Annihilape|Drain Punch|p1a: Rillaboom\n|-damage|p1a: Rillaboom|13\/100\n|-heal|p2a: Annihilape|100\/100|[from] drain|[of] p1a: Rillaboom\n|\n|-heal|p1a: Rillaboom|19\/100|[from] Grassy Terrain\n|upkeep\n|\n|t:|1729555843\n|switch|p2b: Dragapult|Dragapult, L50, F|100\/100\n|turn|5\n|\n|t:|1729555864\n|switch|p1b: Garchomp|Garchomp, L50, M|100\/100\n|move|p1a: Rillaboom|Protect|p1a: Rillaboom\n|-singleturn|p1a: Rillaboom|Protect\n|move|p2b: Dragapult|Phantom Force||[still]\n|-prepare|p2b: Dragapult|Phantom Force\n|move|p2a: Annihilape|Rage Fist|p1b: Garchomp\n|-damage|p1b: Garchomp|25\/100\n|-damage|p2a: Annihilape|88\/100|[from] ability: Rough Skin|[of] p1b: Garchomp\n|\n|-heal|p1b: Garchomp|31\/100|[from] Grassy Terrain\n|-heal|p1a: Rillaboom|25\/100|[from] Grassy Terrain\n|-heal|p2a: Annihilape|94\/100|[from] Grassy Terrain\n|-heal|p2a: Annihilape|99\/100|[from] item: Leftovers\n|upkeep\n|turn|6\n|\n|t:|1729555906\n|switch|p1b: Ursaluna|Ursaluna-Bloodmoon, L50, M, tera:Ghost|100\/100\n|switch|p1a: Mimikyu|Mimikyu-Busted, L50, M|78\/100\n|move|p2b: Dragapult|Phantom Force|p1a: Mimikyu|[from]lockedmove\n|-supereffective|p1a: Mimikyu\n|-damage|p1a: Mimikyu|0 fnt\n|faint|p1a: Mimikyu\n|move|p2a: Annihilape|Drain Punch|p1b: Ursaluna\n|-immune|p1b: Ursaluna\n|\n|-heal|p2a: Annihilape|100\/100|[from] Grassy Terrain\n|-fieldend|move: Grassy Terrain\n|upkeep\n|\n|t:|1729555917\n|switch|p1a: Garchomp|Garchomp, L50, M|31\/100\n|turn|7\n|\n|t:|1729555928\n|move|p1a: Garchomp|Dragon Claw|p2b: Dragapult\n|-supereffective|p2b: Dragapult\n|-damage|p2b: Dragapult|0 fnt\n|faint|p2b: Dragapult\n|move|p2a: Annihilape|Rage Fist|p1b: Ursaluna\n|-supereffective|p1b: Ursaluna\n|-damage|p1b: Ursaluna|0 fnt\n|faint|p1b: Ursaluna\n|\n|upkeep\n|\n|t:|1729555935\n|switch|p1b: Rillaboom|Rillaboom, L50, M|25\/100\n|-fieldstart|move: Grassy Terrain|[from] ability: Grassy Surge|[of] p1b: Rillaboom\n|turn|8\n|\n|t:|1729555950\n|move|p2a: Annihilape|Protect|p2a: Annihilape\n|-singleturn|p2a: Annihilape|Protect\n|move|p1a: Garchomp|Dragon Claw|p2a: Annihilape\n|-activate|p2a: Annihilape|move: Protect\n|move|p1b: Rillaboom|Wood Hammer|p2a: Annihilape\n|-activate|p2a: Annihilape|move: Protect\n|\n|-heal|p1a: Garchomp|37\/100|[from] Grassy Terrain\n|-heal|p1b: Rillaboom|32\/100|[from] Grassy Terrain\n|upkeep\n|turn|9\n|\n|t:|1729555956\n|move|p1b: Rillaboom|Grassy Glide|p2a: Annihilape\n|-damage|p2a: Annihilape|70\/100\n|move|p1a: Garchomp|Dragon Claw|p2a: Annihilape\n|-damage|p2a: Annihilape|41\/100\n|move|p2a: Annihilape|Drain Punch|p1b: Rillaboom\n|-damage|p1b: Rillaboom|0 fnt\n|-heal|p2a: Annihilape|55\/100|[from] drain|[of] p1b: Rillaboom\n|faint|p1b: Rillaboom\n|\n|-heal|p1a: Garchomp|43\/100|[from] Grassy Terrain\n|-heal|p2a: Annihilape|61\/100|[from] Grassy Terrain\n|-heal|p2a: Annihilape|67\/100|[from] item: Leftovers\n|upkeep\n|turn|10\n|\n|t:|1729555970\n|move|p2a: Annihilape|Protect|p2a: Annihilape\n|-singleturn|p2a: Annihilape|Protect\n|move|p1a: Garchomp|Dragon Claw|p2a: Annihilape\n|-activate|p2a: Annihilape|move: Protect\n|\n|-heal|p1a: Garchomp|49\/100|[from] Grassy Terrain\n|-heal|p2a: Annihilape|73\/100|[from] Grassy Terrain\n|-heal|p2a: Annihilape|79\/100|[from] item: Leftovers\n|upkeep\n|turn|11\n|\n|t:|1729555974\n|move|p1a: Garchomp|Dragon Claw|p2a: Annihilape\n|-damage|p2a: Annihilape|52\/100\n|move|p2a: Annihilape|Rage Fist|p1a: Garchomp\n|-damage|p1a: Garchomp|0 fnt\n|-damage|p2a: Annihilape|39\/100|[from] ability: Rough Skin|[of] p1a: Garchomp\n|faint|p1a: Garchomp\n|\n|win|Stempe\n|raw|magnusmagnum's rating: 1750 &rarr; <strong>1731<\/strong><br \/>(-19 for losing)\n|raw|Stempe's rating: 1768 &rarr; <strong>1787<\/strong><br \/>(+19 for winning)\n|l|\u2606magnusmagnum\n|player|p1|\n|l|\u2606Stempe\n|player|p2|\n|l| kuaileshuijiao\n","uploadtime":1729556155,"views":10,"formatid":"gen9vgc2024regh","rating":1731,"private":0,"password":null}