{"id":"gen9vgc2024regh-2228153025","format":"[Gen 9] VGC 2024 Reg H","players":["fangame10","googer315"],"log":"|j|\u2606fangame10\n|j|\u2606googer315\n|t:|1729566966\n|gametype|doubles\n|player|p1|fangame10|red|1713\n|player|p2|googer315|101|1799\n|teamsize|p1|6\n|teamsize|p2|6\n|gen|9\n|tier|[Gen 9] VGC 2024 Reg H\n|rated|\n|rule|Species Clause: Limit one of each Pok\u00e9mon\n|rule|Item Clause: Limit 1 of each item\n|clearpoke\n|poke|p1|Glaceon, L50, F|\n|poke|p1|Ninetales-Alola, L50, F|\n|poke|p1|Milotic, L50, M|\n|poke|p1|Skeledirge, L50, M|\n|poke|p1|Rillaboom, L50, M|\n|poke|p1|Annihilape, L50, M|\n|poke|p2|Dondozo, L50, F|\n|poke|p2|Tatsugiri, L50, F|\n|poke|p2|Glimmora, L50, F|\n|poke|p2|Maushold, L50|\n|poke|p2|Annihilape, L50, F|\n|poke|p2|Gholdengo, L50|\n|teampreview|4\n|inactive|Battle timer is ON: inactive players will automatically lose when time's up. (requested by fangame10)\n|j| rooooook\n|inactive|fangame10 has 60 seconds left.\n|inactive|fangame10 has 30 seconds left.\n|inactive|fangame10 has 20 seconds left.\n|inactive|fangame10 has 15 seconds left.\n|inactive|fangame10 has 10 seconds left.\n|\n|t:|1729567049\n|start\n|switch|p1a: Ninetales|Ninetales-Alola, L50, F, shiny|100\/100\n|switch|p1b: Rillaboom|Rillaboom, L50, M, shiny|100\/100\n|switch|p2a: Gholdengo|Gholdengo, L50|100\/100\n|switch|p2b: Glimmora|Glimmora, L50, F|100\/100\n|-weather|Snow|[from] ability: Snow Warning|[of] p1a: Ninetales\n|-fieldstart|move: Grassy Terrain|[from] ability: Grassy Surge|[of] p1b: Rillaboom\n|turn|1\n|\n|t:|1729567066\n|move|p2b: Glimmora|Spiky Shield|p2b: Glimmora\n|-singleturn|p2b: Glimmora|move: Protect\n|move|p2a: Gholdengo|Make It Rain|p1b: Rillaboom|[spread] p1a,p1b\n|-supereffective|p1a: Ninetales\n|-damage|p1a: Ninetales|0 fnt\n|-damage|p1b: Rillaboom|46\/100\n|-unboost|p2a: Gholdengo|spa|1\n|faint|p1a: Ninetales\n|move|p1b: Rillaboom|High Horsepower|p2a: Gholdengo\n|-supereffective|p2a: Gholdengo\n|-damage|p2a: Gholdengo|0 fnt\n|faint|p2a: Gholdengo\n|\n|-weather|Snow|[upkeep]\n|-heal|p1b: Rillaboom|52\/100|[from] Grassy Terrain\n|upkeep\n|\n|t:|1729567083\n|switch|p1a: Glaceon|Glaceon, L50, F, shiny|100\/100\n|switch|p2a: Dondozo|Dondozo, L50, F|100\/100\n|turn|2\n|\n|t:|1729567095\n|move|p2a: Dondozo|Protect|p2a: Dondozo\n|-singleturn|p2a: Dondozo|Protect\n|move|p2b: Glimmora|Sludge Bomb|p1b: Rillaboom\n|-supereffective|p1b: Rillaboom\n|-damage|p1b: Rillaboom|0 fnt\n|faint|p1b: Rillaboom\n|move|p1a: Glaceon|Blizzard|p2a: Dondozo|[spread] p2b\n|-activate|p2a: Dondozo|move: Protect\n|-damage|p2b: Glimmora|40\/100\n|\n|-weather|Snow|[upkeep]\n|-heal|p2b: Glimmora|46\/100|[from] Grassy Terrain\n|upkeep\n|\n|t:|1729567099\n|switch|p1b: Skeledirge|Skeledirge, L50, M, shiny|100\/100\n|turn|3\n|\n|t:|1729567118\n|-terastallize|p1b: Skeledirge|Dark\n|move|p2b: Glimmora|Power Gem|p1b: Skeledirge\n|-damage|p1b: Skeledirge|54\/100\n|move|p1b: Skeledirge|Will-O-Wisp|p2a: Dondozo\n|-status|p2a: Dondozo|brn\n|move|p1a: Glaceon|Blizzard|p2a: Dondozo|[spread] p2a,p2b\n|-resisted|p2a: Dondozo\n|-crit|p2b: Glimmora\n|-damage|p2a: Dondozo|82\/100 brn\n|-damage|p2b: Glimmora|0 fnt\n|faint|p2b: Glimmora\n|move|p2a: Dondozo|Wave Crash|p1b: Skeledirge\n|-damage|p1b: Skeledirge|31\/100\n|-damage|p2a: Dondozo|75\/100 brn|[from] Recoil\n|\n|-weather|Snow|[upkeep]\n|-heal|p1b: Skeledirge|37\/100|[from] Grassy Terrain\n|-heal|p1b: Skeledirge|43\/100|[from] item: Leftovers\n|-heal|p2a: Dondozo|81\/100 brn|[from] Grassy Terrain\n|-heal|p2a: Dondozo|88\/100 brn|[from] item: Leftovers\n|-damage|p2a: Dondozo|81\/100 brn|[from] brn\n|upkeep\n|\n|t:|1729567141\n|switch|p2b: Tatsugiri|Tatsugiri, L50, F|100\/100\n|-activate|p2b: Tatsugiri|ability: Commander|[of] p2a: Dondozo\n|-boost|p2a: Dondozo|atk|2\n|-boost|p2a: Dondozo|spa|2\n|-boost|p2a: Dondozo|spe|2\n|-boost|p2a: Dondozo|def|2\n|-boost|p2a: Dondozo|spd|2\n|turn|4\n|\n|t:|1729567155\n|move|p2a: Dondozo|Wave Crash|p1a: Glaceon\n|-damage|p1a: Glaceon|69\/100\n|-damage|p2a: Dondozo|74\/100 brn|[from] Recoil\n|move|p1b: Skeledirge|Shadow Ball|p2a: Dondozo\n|-damage|p2a: Dondozo|45\/100 brn\n|-unboost|p2a: Dondozo|spd|1\n|move|p1a: Glaceon|Freeze-Dry|p2a: Dondozo\n|-supereffective|p2a: Dondozo\n|-damage|p2a: Dondozo|7\/100 brn\n|\n|-weather|Snow|[upkeep]\n|-heal|p2a: Dondozo|13\/100 brn|[from] Grassy Terrain\n|-heal|p2a: Dondozo|19\/100 brn|[from] item: Leftovers\n|-heal|p1b: Skeledirge|49\/100|[from] Grassy Terrain\n|-heal|p1b: Skeledirge|54\/100|[from] item: Leftovers\n|-heal|p1a: Glaceon|75\/100|[from] Grassy Terrain\n|-damage|p2a: Dondozo|13\/100 brn|[from] brn\n|upkeep\n|turn|5\n|\n|t:|1729567174\n|move|p2a: Dondozo|Protect|p2a: Dondozo\n|-singleturn|p2a: Dondozo|Protect\n|move|p1b: Skeledirge|Shadow Ball|p2a: Dondozo\n|-activate|p2a: Dondozo|move: Protect\n|move|p1a: Glaceon|Freeze-Dry|p2a: Dondozo\n|-activate|p2a: Dondozo|move: Protect\n|\n|-weather|none\n|-heal|p2a: Dondozo|19\/100 brn|[from] Grassy Terrain\n|-heal|p2a: Dondozo|25\/100 brn|[from] item: Leftovers\n|-heal|p1b: Skeledirge|60\/100|[from] Grassy Terrain\n|-heal|p1b: Skeledirge|66\/100|[from] item: Leftovers\n|-heal|p1a: Glaceon|81\/100|[from] Grassy Terrain\n|-damage|p2a: Dondozo|19\/100 brn|[from] brn\n|-fieldend|move: Grassy Terrain\n|upkeep\n|turn|6\n|l| rooooook\n|inactive|googer315 has 30 seconds left.\n|inactive|googer315 has 20 seconds left.\n|inactive|googer315 has 15 seconds left.\n|\n|t:|1729567216\n|move|p2a: Dondozo|Wave Crash|p1a: Glaceon\n|-damage|p1a: Glaceon|32\/100\n|-damage|p2a: Dondozo|8\/100 brn|[from] Recoil\n|move|p1b: Skeledirge|Shadow Ball|p2a: Dondozo\n|-damage|p2a: Dondozo|0 fnt\n|faint|p2a: Dondozo\n|move|p1a: Glaceon|Freeze-Dry|p2b: Tatsugiri\n|-supereffective|p2b: Tatsugiri\n|-damage|p2b: Tatsugiri|0 fnt\n|faint|p2b: Tatsugiri\n|\n|win|fangame10\n|raw|fangame10's rating: 1713 &rarr; <strong>1738<\/strong><br \/>(+25 for winning)\n|raw|googer315's rating: 1799 &rarr; <strong>1774<\/strong><br \/>(-25 for losing)\n|l|\u2606googer315\n|player|p2|\n","uploadtime":1729567229,"views":35,"formatid":"gen9vgc2024regh","rating":1738,"private":0,"password":null}