{"id":"gen9vgc2024regh-2228898976","format":"[Gen 9] VGC 2024 Reg H","players":["juacox300","fangame10"],"log":"|j|\u2606juacox300\n|j|\u2606fangame10\n|t:|1729652005\n|gametype|doubles\n|player|p1|juacox300|unknown|1699\n|player|p2|fangame10|red|1725\n|teamsize|p1|6\n|teamsize|p2|6\n|gen|9\n|tier|[Gen 9] VGC 2024 Reg H\n|rated|\n|rule|Species Clause: Limit one of each Pok\u00e9mon\n|rule|Item Clause: Limit 1 of each item\n|clearpoke\n|poke|p1|Ursaluna, L50, M|\n|poke|p1|Murkrow, L50, M|\n|poke|p1|Archaludon, L50, M|\n|poke|p1|Sneasler, L50, F|\n|poke|p1|Indeedee, L50, M|\n|poke|p1|Incineroar, L50, M|\n|poke|p2|Glaceon, L50, F|\n|poke|p2|Ninetales-Alola, L50, F|\n|poke|p2|Milotic, L50, M|\n|poke|p2|Skeledirge, L50, M|\n|poke|p2|Rillaboom, L50, M|\n|poke|p2|Annihilape, L50, F|\n|teampreview|4\n|inactive|Battle timer is ON: inactive players will automatically lose when time's up. (requested by fangame10)\n|inactive|juacox300 has 60 seconds left.\n|inactive|fangame10 has 60 seconds left.\n|inactive|juacox300 has 30 seconds left.\n|inactive|juacox300 has 20 seconds left.\n|inactive|juacox300 has 15 seconds left.\n|inactive|juacox300 has 10 seconds left.\n|inactive|juacox300 has 5 seconds left.\n|\n|t:|1729652095\n|start\n|switch|p1a: Ursaluna|Ursaluna, L50, M|100\/100\n|switch|p1b: Murkrow|Murkrow, L50, M|100\/100\n|switch|p2a: Milotic|Milotic, L50, M, shiny|100\/100\n|switch|p2b: Annihilape|Annihilape, L50, F|100\/100\n|turn|1\n|\n|t:|1729652113\n|-terastallize|p1a: Ursaluna|Ghost\n|move|p1b: Murkrow|Tailwind|p1b: Murkrow\n|-sidestart|p1: juacox300|move: Tailwind\n|move|p1a: Ursaluna|Play Rough|p2b: Annihilape\n|-supereffective|p2b: Annihilape\n|-damage|p2b: Annihilape|23\/100\n|move|p2b: Annihilape|Taunt|p1b: Murkrow\n|-start|p1b: Murkrow|move: Taunt\n|move|p2a: Milotic|Coil|p2a: Milotic\n|-boost|p2a: Milotic|atk|1\n|-boost|p2a: Milotic|def|1\n|-boost|p2a: Milotic|accuracy|1\n|\n|-status|p1a: Ursaluna|brn|[from] item: Flame Orb\n|upkeep\n|turn|2\n|\n|t:|1729652130\n|move|p1b: Murkrow|Brave Bird|p2b: Annihilape\n|-supereffective|p2b: Annihilape\n|-damage|p2b: Annihilape|0 fnt\n|faint|p2b: Annihilape\n|-damage|p1b: Murkrow|91\/100|[from] Recoil\n|move|p1a: Ursaluna|Facade|p2a: Milotic\n|-damage|p2a: Milotic|9\/100\n|-enditem|p2a: Milotic|Sitrus Berry|[eat]\n|-heal|p2a: Milotic|34\/100|[from] item: Sitrus Berry\n|move|p2a: Milotic|Muddy Water|p1a: Ursaluna|[spread] p1a,p1b\n|-damage|p1a: Ursaluna|79\/100 brn\n|-damage|p1b: Murkrow|69\/100\n|-unboost|p1a: Ursaluna|accuracy|1\n|\n|-damage|p1a: Ursaluna|73\/100 brn|[from] brn\n|upkeep\n|\n|t:|1729652138\n|switch|p2b: Glaceon|Glaceon, L50, F, shiny|100\/100\n|turn|3\n|\n|t:|1729652152\n|switch|p1b: Archaludon|Archaludon, L50, M, shiny|100\/100\n|switch|p2a: Ninetales|Ninetales-Alola, L50, F, shiny|100\/100\n|-weather|Snow|[from] ability: Snow Warning|[of] p2a: Ninetales\n|move|p1a: Ursaluna|Facade|p2b: Glaceon|[miss]\n|-miss|p1a: Ursaluna|p2b: Glaceon\n|move|p2b: Glaceon|Blizzard|p1a: Ursaluna|[spread] p1a,p1b\n|-crit|p1b: Archaludon\n|-damage|p1a: Ursaluna|26\/100 brn\n|-damage|p1b: Archaludon|17\/100\n|-ability|p1b: Archaludon|Stamina|boost\n|-boost|p1b: Archaludon|def|1\n|\n|-weather|Snow|[upkeep]\n|-damage|p1a: Ursaluna|20\/100 brn|[from] brn\n|upkeep\n|turn|4\n|\n|t:|1729652167\n|switch|p2b: Milotic|Milotic, L50, M, shiny|34\/100\n|move|p1b: Archaludon|Protect|p1b: Archaludon\n|-singleturn|p1b: Archaludon|Protect\n|move|p2a: Ninetales|Protect|p2a: Ninetales\n|-singleturn|p2a: Ninetales|Protect\n|move|p1a: Ursaluna|Earthquake|p2a: Ninetales|[spread] \n|-activate|p1b: Archaludon|move: Protect\n|-activate|p2a: Ninetales|move: Protect\n|-miss|p1a: Ursaluna|p2b: Milotic\n|\n|-weather|Snow|[upkeep]\n|-damage|p1a: Ursaluna|15\/100 brn|[from] brn\n|-sideend|p1: juacox300|move: Tailwind\n|upkeep\n|turn|5\n|\n|t:|1729652194\n|move|p1a: Ursaluna|Protect|p1a: Ursaluna\n|-singleturn|p1a: Ursaluna|Protect\n|move|p2a: Ninetales|Blizzard|p1a: Ursaluna|[spread] p1b\n|-activate|p1a: Ursaluna|move: Protect\n|-damage|p1b: Archaludon|0 fnt\n|faint|p1b: Archaludon\n|move|p2b: Milotic|Coil|p2b: Milotic\n|-boost|p2b: Milotic|atk|1\n|-boost|p2b: Milotic|def|1\n|-boost|p2b: Milotic|accuracy|1\n|\n|-weather|Snow|[upkeep]\n|-damage|p1a: Ursaluna|9\/100 brn|[from] brn\n|upkeep\n|\n|t:|1729652197\n|switch|p1b: Murkrow|Murkrow, L50, M|69\/100\n|turn|6\n|\n|t:|1729652202\n|switch|p1a: Nightwing|Sneasler, L50, F|100\/100\n|-terastallize|p2a: Ninetales|Ice\n|move|p1b: Murkrow|Rain Dance|p1b: Murkrow\n|-weather|RainDance\n|move|p2a: Ninetales|Blizzard|p1a: Nightwing|[spread] p1b\n|-miss|p2a: Ninetales|p1a: Nightwing\n|-supereffective|p1b: Murkrow\n|-damage|p1b: Murkrow|0 fnt\n|faint|p1b: Murkrow\n|move|p2b: Milotic|Life Dew||[still]|[spread] p2a,p2b\n|-fail|p2a: Ninetales|heal\n|-heal|p2b: Milotic|59\/100\n|\n|-weather|RainDance|[upkeep]\n|upkeep\n|\n|t:|1729652207\n|switch|p1b: Ursaluna|Ursaluna, L50, M, tera:Ghost|9\/100 brn\n|turn|7\n|\n|t:|1729652213\n|move|p2a: Ninetales|Moonblast|p1b: Ursaluna\n|-damage|p1b: Ursaluna|0 fnt\n|faint|p1b: Ursaluna\n|move|p1a: Nightwing|Close Combat|p2a: Ninetales\n|-supereffective|p2a: Ninetales\n|-damage|p2a: Ninetales|0 fnt\n|-unboost|p1a: Nightwing|def|1\n|-unboost|p1a: Nightwing|spd|1\n|faint|p2a: Ninetales\n|move|p2b: Milotic|Muddy Water|p1a: Nightwing\n|-crit|p1a: Nightwing\n|-damage|p1a: Nightwing|0 fnt\n|faint|p1a: Nightwing\n|\n|win|fangame10\n|raw|juacox300's rating: 1699 &rarr; <strong>1680<\/strong><br \/>(-19 for losing)\n|raw|fangame10's rating: 1725 &rarr; <strong>1744<\/strong><br \/>(+19 for winning)\n|l|\u2606fangame10\n|player|p2|\n|l|\u2606juacox300\n|player|p1|\n","uploadtime":1729652408,"views":14,"formatid":"gen9vgc2024regh","rating":1680,"private":0,"password":null}