{"id":"gen9vgc2024regh-2228661069","format":"[Gen 9] VGC 2024 Reg H","players":["chiitancrazymascot","marcxhenry"],"log":"|j|\u2606chiitancrazymascot\n|j|\u2606marcxhenry\n|t:|1729625821\n|gametype|doubles\n|player|p1|chiitancrazymascot|pokemaniac|1811\n|player|p2|marcxhenry|plasmagrunt-gen5bw|1669\n|teamsize|p1|6\n|teamsize|p2|6\n|gen|9\n|tier|[Gen 9] VGC 2024 Reg H\n|rated|\n|rule|Species Clause: Limit one of each Pok\u00e9mon\n|rule|Item Clause: Limit 1 of each item\n|clearpoke\n|poke|p1|Annihilape, L50, M|\n|poke|p1|Dondozo, L50, F|\n|poke|p1|Maushold-Four, L50|\n|poke|p1|Gholdengo, L50|\n|poke|p1|Whimsicott, L50, F|\n|poke|p1|Tatsugiri, L50, F|\n|poke|p2|Tatsugiri, L50, M|\n|poke|p2|Weezing-Galar, L50, M|\n|poke|p2|Indeedee-F, L50, F|\n|poke|p2|Armarouge, L50, M|\n|poke|p2|Slaking, L50, M|\n|poke|p2|Dondozo, L50, M|\n|teampreview|4\n|inactive|Battle timer is ON: inactive players will automatically lose when time's up. (requested by chiitancrazymascot)\n|j| futonkagebunshin\n|inactive|chiitancrazymascot has 60 seconds left.\n|\n|t:|1729625854\n|start\n|switch|p1a: Maushold|Maushold-Four, L50|100\/100\n|switch|p1b: Annihilape|Annihilape, L50, M, shiny|100\/100\n|switch|p2a: Indeedee|Indeedee-F, L50, F, shiny|100\/100\n|switch|p2b: Armarouge|Armarouge, L50, M, shiny|100\/100\n|-fieldstart|move: Psychic Terrain|[from] ability: Psychic Surge|[of] p2a: Indeedee\n|turn|1\n|\n|t:|1729625868\n|move|p2a: Indeedee|Follow Me|p2a: Indeedee\n|-singleturn|p2a: Indeedee|move: Follow Me\n|move|p1a: Maushold|Taunt|p2a: Indeedee\n|-start|p2a: Indeedee|move: Taunt\n|move|p1b: Annihilape|Bulk Up|p1b: Annihilape\n|-boost|p1b: Annihilape|atk|1\n|-boost|p1b: Annihilape|def|1\n|move|p2b: Armarouge|Trick Room|p2b: Armarouge\n|-fieldstart|move: Trick Room|[of] p2b: Armarouge\n|\n|upkeep\n|turn|2\n|inactive|chiitancrazymascot has 30 seconds left.\n|inactive|marcxhenry has 30 seconds left.\n|inactive|chiitancrazymascot has 20 seconds left.\n|\n|t:|1729625906\n|-terastallize|p1b: Annihilape|Fire\n|move|p2b: Armarouge|Expanding Force|p1a: Maushold|[spread] p1a,p1b\n|-damage|p1a: Maushold|17\/100\n|-damage|p1b: Annihilape|64\/100\n|move|p2a: Indeedee|Dazzling Gleam|p1a: Maushold|[spread] p1a,p1b\n|-resisted|p1b: Annihilape\n|-damage|p1a: Maushold|0 fnt\n|-damage|p1b: Annihilape|60\/100\n|faint|p1a: Maushold\n|move|p1b: Annihilape|Rage Fist|p2b: Armarouge\n|-supereffective|p2b: Armarouge\n|-damage|p2b: Armarouge|0 fnt\n|faint|p2b: Armarouge\n|\n|upkeep\n|\n|t:|1729625920\n|switch|p2b: Slaking|Slaking, L50, M, shiny|100\/100\n|switch|p1a: Dondozo|Dondozo, L50, F, shiny|100\/100\n|turn|3\n|\n|t:|1729625940\n|switch|p2a: Weezing|Weezing-Galar, L50, M|100\/100\n|-ability|p2a: Weezing|Neutralizing Gas\n|-terastallize|p2b: Slaking|Ghost\n|move|p1a: Dondozo|Wave Crash|p2a: Weezing\n|-damage|p2a: Weezing|54\/100\n|-damage|p1a: Dondozo|89\/100|[from] Recoil\n|move|p1b: Annihilape|Drain Punch|p2b: Slaking\n|-immune|p2b: Slaking\n|move|p2b: Slaking|Double-Edge|p1b: Annihilape\n|-damage|p1b: Annihilape|0 fnt\n|faint|p1b: Annihilape\n|-damage|p2b: Slaking|82\/100|[from] Recoil\n|-damage|p2b: Slaking|73\/100|[from] item: Life Orb\n|\n|-heal|p1a: Dondozo|95\/100|[from] item: Leftovers\n|upkeep\n|\n|t:|1729625946\n|switch|p1b: Tatsugiri|Tatsugiri, L50, F, shiny|100\/100\n|turn|4\n|l| futonkagebunshin\n|\n|t:|1729625971\n|move|p2a: Weezing|Will-O-Wisp|p1a: Dondozo\n|-status|p1a: Dondozo|brn\n|move|p1a: Dondozo|Wave Crash|p2b: Slaking\n|-damage|p2b: Slaking|52\/100\n|-damage|p1a: Dondozo|88\/100 brn|[from] Recoil\n|move|p2b: Slaking|Double-Edge|p1b: Tatsugiri\n|-damage|p1b: Tatsugiri|0 fnt\n|faint|p1b: Tatsugiri\n|-damage|p2b: Slaking|32\/100|[from] Recoil\n|-damage|p2b: Slaking|22\/100|[from] item: Life Orb\n|\n|-heal|p1a: Dondozo|94\/100 brn|[from] item: Leftovers\n|-damage|p1a: Dondozo|88\/100 brn|[from] brn\n|upkeep\n|turn|5\n|\n|t:|1729625987\n|move|p2b: Slaking|Protect|p2b: Slaking\n|-singleturn|p2b: Slaking|Protect\n|move|p2a: Weezing|Strange Steam|p1a: Dondozo\n|-damage|p1a: Dondozo|56\/100 brn\n|move|p1a: Dondozo|Wave Crash|p2b: Slaking\n|-activate|p2b: Slaking|move: Protect\n|\n|-heal|p1a: Dondozo|62\/100 brn|[from] item: Leftovers\n|-damage|p1a: Dondozo|56\/100 brn|[from] brn\n|-fieldend|move: Trick Room\n|-fieldend|move: Psychic Terrain\n|upkeep\n|turn|6\n|-message|chiitancrazymascot forfeited.\n|\n|win|marcxhenry\n|raw|chiitancrazymascot's rating: 1811 &rarr; <strong>1783<\/strong><br \/>(-28 for losing)\n|raw|marcxhenry's rating: 1669 &rarr; <strong>1697<\/strong><br \/>(+28 for winning)\n","uploadtime":1729625994,"views":65,"formatid":"gen9vgc2024regh","rating":1697,"private":0,"password":null}