{"id":"gen9vgc2024regh-2228358516","format":"[Gen 9] VGC 2024 Reg H","players":["cher1berry","yongbao"],"log":"|j|\u2606cher1berry\n|j|\u2606yongbao\n|t:|1729598810\n|gametype|doubles\n|player|p1|cher1berry|nancy|1709\n|player|p2|yongbao|dawn-gen4pt|1762\n|teamsize|p1|6\n|teamsize|p2|6\n|gen|9\n|tier|[Gen 9] VGC 2024 Reg H\n|rated|\n|rule|Species Clause: Limit one of each Pok\u00e9mon\n|rule|Item Clause: Limit 1 of each item\n|clearpoke\n|poke|p1|Indeedee-F, L50, F|\n|poke|p1|Armarouge, L50, M|\n|poke|p1|Ursaluna-Bloodmoon, L50, M|\n|poke|p1|Torkoal, L50, M|\n|poke|p1|Lilligant-Hisui, L50, F|\n|poke|p1|Dragonite, L50, M|\n|poke|p2|Garchomp, L50, F|\n|poke|p2|Annihilape, L50, F|\n|poke|p2|Corviknight, L50, M|\n|poke|p2|Tyranitar, L50, F|\n|poke|p2|Gholdengo, L50|\n|poke|p2|Murkrow, L50, M|\n|teampreview|4\n|inactive|Battle timer is ON: inactive players will automatically lose when time's up. (requested by cher1berry)\n|inactive|yongbao has 60 seconds left.\n|\n|t:|1729598862\n|start\n|switch|p1a: Riddihika|Lilligant-Hisui, L50, F|100\/100\n|switch|p1b: Gachiguma|Ursaluna-Bloodmoon, L50, M|100\/100\n|switch|p2a: Murkrow|Murkrow, L50, M|100\/100\n|switch|p2b: Garchomp|Garchomp, L50, F|100\/100\n|turn|1\n|inactive|cher1berry has 30 seconds left.\n|inactive|yongbao has 30 seconds left.\n|j| Slubbert\n|\n|t:|1729598892\n|move|p2a: Murkrow|Tailwind|p2a: Murkrow\n|-sidestart|p2: yongbao|move: Tailwind\n|move|p2b: Garchomp|Earthquake|p1a: Riddihika|[spread] p1a,p1b\n|-immune|p2a: Murkrow\n|-resisted|p1a: Riddihika\n|-damage|p1a: Riddihika|69\/100\n|-damage|p1b: Gachiguma|67\/100\n|move|p1a: Riddihika|Sleep Powder|p2b: Garchomp\n|-status|p2b: Garchomp|slp|[from] move: Sleep Powder\n|move|p1b: Gachiguma|Hyper Voice|p2b: Garchomp|[spread] p2a,p2b\n|-damage|p2a: Murkrow|51\/100\n|-damage|p2b: Garchomp|46\/100 slp\n|-damage|p1b: Gachiguma|58\/100|[from] item: Life Orb\n|\n|upkeep\n|turn|2\n|\n|t:|1729598907\n|cant|p2b: Garchomp|slp\n|move|p2a: Murkrow|Brave Bird|p1a: Riddihika\n|-supereffective|p1a: Riddihika\n|-damage|p1a: Riddihika|0 fnt\n|faint|p1a: Riddihika\n|-damage|p2a: Murkrow|31\/100|[from] Recoil\n|move|p1b: Gachiguma|Hyper Voice|p2a: Murkrow|[spread] p2a,p2b\n|-damage|p2a: Murkrow|0 fnt\n|-damage|p2b: Garchomp|0 fnt\n|faint|p2a: Murkrow\n|faint|p2b: Garchomp\n|-damage|p1b: Gachiguma|48\/100|[from] item: Life Orb\n|\n|upkeep\n|\n|t:|1729598919\n|switch|p1a: Dragonite|Dragonite, L50, M|100\/100\n|switch|p2b: Gholdengo|Gholdengo, L50|100\/100\n|switch|p2a: Tyranitar|Tyranitar, L50, F|100\/100\n|-weather|Sandstorm|[from] ability: Sand Stream|[of] p2a: Tyranitar\n|turn|3\n|inactive|cher1berry has 30 seconds left.\n|inactive|yongbao has 30 seconds left.\n|\n|t:|1729598951\n|-terastallize|p1a: Dragonite|Steel\n|move|p1b: Gachiguma|Protect|p1b: Gachiguma\n|-singleturn|p1b: Gachiguma|Protect\n|move|p2b: Gholdengo|Make It Rain|p1a: Dragonite|[spread] p1a\n|-activate|p1b: Gachiguma|move: Protect\n|-resisted|p1a: Dragonite\n|-damage|p1a: Dragonite|80\/100\n|-unboost|p2b: Gholdengo|spa|1\n|move|p2a: Tyranitar|Knock Off|p1a: Dragonite\n|-damage|p1a: Dragonite|17\/100\n|-enditem|p1a: Dragonite|Loaded Dice|[from] move: Knock Off|[of] p2a: Tyranitar\n|move|p1a: Dragonite|Tailwind|p1a: Dragonite\n|-sidestart|p1: cher1berry|move: Tailwind\n|\n|-weather|Sandstorm|[upkeep]\n|upkeep\n|turn|4\n|inactive|yongbao has 30 seconds left.\n|\n|t:|1729598977\n|switch|p1b: Tawashi|Torkoal, L50, M|100\/100\n|-weather|SunnyDay|[from] ability: Drought|[of] p1b: Tawashi\n|-terastallize|p2a: Tyranitar|Flying\n|move|p2b: Gholdengo|Make It Rain|p1a: Dragonite|[spread] p1a,p1b\n|-resisted|p1a: Dragonite\n|-resisted|p1b: Tawashi\n|-damage|p1a: Dragonite|0 fnt\n|-damage|p1b: Tawashi|65\/100\n|-unboost|p2b: Gholdengo|spa|1\n|faint|p1a: Dragonite\n|move|p2a: Tyranitar|Knock Off|p1b: Tawashi\n|-damage|p1b: Tawashi|21\/100\n|-enditem|p1b: Tawashi|Charcoal|[from] move: Knock Off|[of] p2a: Tyranitar\n|\n|-weather|SunnyDay|[upkeep]\n|-sideend|p2: yongbao|move: Tailwind\n|upkeep\n|\n|t:|1729598992\n|switch|p1a: Gachiguma|Ursaluna-Bloodmoon, L50, M|48\/100\n|turn|5\n|\n|t:|1729599002\n|move|p1a: Gachiguma|Earth Power|p2b: Gholdengo\n|-supereffective|p2b: Gholdengo\n|-damage|p2b: Gholdengo|0 fnt\n|faint|p2b: Gholdengo\n|-damage|p1a: Gachiguma|39\/100|[from] item: Life Orb\n|move|p2a: Tyranitar|Knock Off|p1a: Gachiguma\n|-damage|p1a: Gachiguma|0 fnt\n|-enditem|p1a: Gachiguma|Life Orb|[from] move: Knock Off|[of] p2a: Tyranitar\n|faint|p1a: Gachiguma\n|move|p1b: Tawashi|Overheat|p2a: Tyranitar\n|-damage|p2a: Tyranitar|46\/100\n|-unboost|p1b: Tawashi|spa|2\n|\n|-weather|SunnyDay|[upkeep]\n|upkeep\n|turn|6\n|\n|t:|1729599016\n|move|p2a: Tyranitar|Knock Off|p1b: Tawashi\n|-damage|p1b: Tawashi|0 fnt\n|faint|p1b: Tawashi\n|\n|win|yongbao\n|raw|cher1berry's rating: 1709 &rarr; <strong>1692<\/strong><br \/>(-17 for losing)\n|raw|yongbao's rating: 1762 &rarr; <strong>1779<\/strong><br \/>(+17 for winning)\n|l|\u2606yongbao\n|player|p2|\n|l|\u2606cher1berry\n|player|p1|\n|l| Slubbert\n","uploadtime":1729599230,"views":18,"formatid":"gen9vgc2024regh","rating":1692,"private":0,"password":null}