{"id":"gen9vgc2024regh-2228865595","format":"[Gen 9] VGC 2024 Reg H","players":["greenlightdmp","rgktest"],"log":"|j|\u2606greenlightdmp\n|j|\u2606rgktest\n|t:|1729647856\n|gametype|doubles\n|player|p1|greenlightdmp|169|1705\n|player|p2|rgktest|brycenman|1801\n|teamsize|p1|6\n|teamsize|p2|6\n|gen|9\n|tier|[Gen 9] VGC 2024 Reg H\n|rated|\n|rule|Species Clause: Limit one of each Pok\u00e9mon\n|rule|Item Clause: Limit 1 of each item\n|clearpoke\n|poke|p1|Incineroar, L50, M|\n|poke|p1|Amoonguss, L50, F|\n|poke|p1|Pelipper, L50, F|\n|poke|p1|Archaludon, L50, F|\n|poke|p1|Gholdengo, L50|\n|poke|p1|Basculegion, L50, M|\n|poke|p2|Amoonguss, L50, F|\n|poke|p2|Incineroar, L50, M|\n|poke|p2|Annihilape, L50, M|\n|poke|p2|Ninetales-Alola, L50, M|\n|poke|p2|Garchomp, L50, M|\n|poke|p2|Dragonite, L50, M|\n|teampreview|4\n|\n|t:|1729647944\n|start\n|switch|p1a: Ushni|Pelipper, L50, F|100\/100\n|switch|p1b: Rich|Basculegion, L50, M|100\/100\n|switch|p2a: Annihilape|Annihilape, L50, M|100\/100\n|switch|p2b: Amoonguss|Amoonguss, L50, F, shiny|100\/100\n|-weather|RainDance|[from] ability: Drizzle|[of] p1a: Ushni\n|turn|1\n|\n|t:|1729647987\n|-terastallize|p2a: Annihilape|Water\n|move|p2b: Amoonguss|Protect|p2b: Amoonguss\n|-singleturn|p2b: Amoonguss|Protect\n|move|p1b: Rich|Flip Turn|p2a: Annihilape\n|-resisted|p2a: Annihilape\n|-damage|p2a: Annihilape|72\/100\n|\n|t:|1729647997\n|switch|p1b: Alexa|Amoonguss, L50, F|100\/100|[from] Flip Turn\n|move|p2a: Annihilape|Bulk Up|p2a: Annihilape\n|-boost|p2a: Annihilape|atk|1\n|-boost|p2a: Annihilape|def|1\n|move|p1a: Ushni|Tailwind|p1a: Ushni\n|-sidestart|p1: greenlightdmp|move: Tailwind\n|\n|-weather|RainDance|[upkeep]\n|upkeep\n|turn|2\n|\n|t:|1729648031\n|switch|p1a: Mezie|Gholdengo, L50|100\/100\n|move|p2a: Annihilape|Rage Fist|p1a: Mezie\n|-supereffective|p1a: Mezie\n|-damage|p1a: Mezie|0 fnt\n|faint|p1a: Mezie\n|move|p1b: Alexa|Spore|p2a: Annihilape\n|-activate|p2a: Annihilape|item: Safety Goggles|Spore\n|move|p2b: Amoonguss|Pollen Puff|p2a: Annihilape\n|-heal|p2a: Annihilape|100\/100\n|\n|-weather|RainDance|[upkeep]\n|upkeep\n|\n|t:|1729648050\n|switch|p1a: Ushni|Pelipper, L50, F|100\/100\n|turn|3\n|\n|t:|1729648073\n|switch|p1b: Rich|Basculegion, L50, M|100\/100\n|-terastallize|p1a: Ushni|Stellar\n|move|p2b: Amoonguss|Protect|p2b: Amoonguss\n|-singleturn|p2b: Amoonguss|Protect\n|move|p1a: Ushni|Hurricane|p2b: Amoonguss\n|-activate|p2b: Amoonguss|move: Protect\n|move|p2a: Annihilape|Rage Fist|p1a: Ushni\n|-damage|p1a: Ushni|23\/100\n|\n|-weather|RainDance|[upkeep]\n|upkeep\n|turn|4\n|\n|t:|1729648090\n|move|p2b: Amoonguss|Rage Powder|p2b: Amoonguss\n|-singleturn|p2b: Amoonguss|move: Rage Powder\n|move|p1b: Rich|Last Respects|p2b: Amoonguss\n|-damage|p2b: Amoonguss|32\/100\n|-enditem|p2b: Amoonguss|Sitrus Berry|[eat]\n|-heal|p2b: Amoonguss|57\/100|[from] item: Sitrus Berry\n|move|p1a: Ushni|Hurricane|p2b: Amoonguss\n|-supereffective|p2b: Amoonguss\n|-damage|p2b: Amoonguss|0 fnt\n|faint|p2b: Amoonguss\n|move|p2a: Annihilape|Rage Fist|p1b: Rich\n|-supereffective|p1b: Rich\n|-damage|p1b: Rich|0 fnt\n|faint|p1b: Rich\n|\n|-weather|RainDance|[upkeep]\n|-sideend|p1: greenlightdmp|move: Tailwind\n|upkeep\n|\n|t:|1729648103\n|switch|p1b: Alexa|Amoonguss, L50, F|100\/100\n|switch|p2b: Ninetales|Ninetales-Alola, L50, M, shiny|100\/100\n|-weather|Snow|[from] ability: Snow Warning|[of] p2b: Ninetales\n|turn|5\n|-message|greenlightdmp forfeited.\n|\n|win|rgktest\n|raw|greenlightdmp's rating: 1705 &rarr; <strong>1690<\/strong><br \/>(-15 for losing)\n|raw|rgktest's rating: 1801 &rarr; <strong>1816<\/strong><br \/>(+15 for winning)\n|l|\u2606greenlightdmp\n|player|p1|\n|l|\u2606rgktest\n|player|p2|\n","uploadtime":1729648253,"views":14,"formatid":"gen9vgc2024regh","rating":1690,"private":0,"password":null}