{"id":"gen9vgc2024regh-2228914925","format":"[Gen 9] VGC 2024 Reg H","players":["ray4gej","Kodora"],"log":"|j|\u2606ray4gej\n|j|\u2606Kodora\n|t:|1729654129\n|gametype|doubles\n|player|p1|ray4gej|101|1697\n|player|p2|Kodora|266|1643\n|teamsize|p1|6\n|teamsize|p2|6\n|gen|9\n|tier|[Gen 9] VGC 2024 Reg H\n|rated|\n|rule|Species Clause: Limit one of each Pok\u00e9mon\n|rule|Item Clause: Limit 1 of each item\n|clearpoke\n|poke|p1|Dondozo, L50, F|\n|poke|p1|Tatsugiri, L50, M|\n|poke|p1|Rillaboom, L50, F|\n|poke|p1|Sneasler, L50, F|\n|poke|p1|Garchomp, L50, F|\n|poke|p1|Incineroar, L50, M|\n|poke|p2|Maushold-Four, L50|\n|poke|p2|Annihilape, L50, F|\n|poke|p2|Archaludon, L50, F|\n|poke|p2|Murkrow, L50, M|\n|poke|p2|Weavile, L50, F|\n|poke|p2|Garchomp, L50, M|\n|teampreview|4\n|j| jeskyv2\n|inactive|Battle timer is ON: inactive players will automatically lose when time's up. (requested by Kodora)\n|inactive|Kodora has 60 seconds left.\n|\n|t:|1729654196\n|start\n|switch|p1a: Sneasler|Sneasler, L50, F|100\/100\n|switch|p1b: Rillaboom|Rillaboom, L50, F|100\/100\n|switch|p2a: Murkrow|Murkrow, L50, M, shiny|100\/100\n|switch|p2b: Weavile|Weavile, L50, F, shiny|100\/100\n|-ability|p2b: Weavile|Pressure\n|-fieldstart|move: Grassy Terrain|[from] ability: Grassy Surge|[of] p1b: Rillaboom\n|turn|1\n|\n|t:|1729654215\n|switch|p1b: Dondozo|Dondozo, L50, F, shiny|100\/100\n|-terastallize|p2b: Weavile|Ghost\n|move|p2a: Murkrow|Tailwind|p2a: Murkrow\n|-sidestart|p2: Kodora|move: Tailwind\n|move|p2b: Weavile|Triple Axel|p1a: Sneasler\n|-damage|p1a: Sneasler|84\/100\n|-crit|p1a: Sneasler\n|-damage|p1a: Sneasler|33\/100\n|-damage|p1a: Sneasler|0 fnt\n|faint|p1a: Sneasler\n|-hitcount|p1: Sneasler|3\n|\n|upkeep\n|\n|t:|1729654226\n|switch|p1a: Rillaboom|Rillaboom, L50, F|100\/100\n|turn|2\n|\n|t:|1729654245\n|switch|p2a: Archaludon|Archaludon, L50, F, shiny|100\/100\n|move|p1a: Rillaboom|Grassy Glide|p2a: Archaludon\n|-resisted|p2a: Archaludon\n|-damage|p2a: Archaludon|94\/100\n|-ability|p2a: Archaludon|Stamina|boost\n|-boost|p2a: Archaludon|def|1\n|move|p2b: Weavile|Triple Axel|p1a: Rillaboom\n|-supereffective|p1a: Rillaboom\n|-damage|p1a: Rillaboom|82\/100\n|-supereffective|p1a: Rillaboom\n|-damage|p1a: Rillaboom|43\/100\n|-supereffective|p1a: Rillaboom\n|-damage|p1a: Rillaboom|0 fnt\n|faint|p1a: Rillaboom\n|-hitcount|p1: Rillaboom|3\n|move|p1b: Dondozo|Wave Crash|p2a: Archaludon\n|-resisted|p2a: Archaludon\n|-crit|p2a: Archaludon\n|-damage|p2a: Archaludon|66\/100\n|-ability|p2a: Archaludon|Stamina|boost\n|-boost|p2a: Archaludon|def|1\n|-damage|p1b: Dondozo|93\/100|[from] Recoil\n|\n|-heal|p2a: Archaludon|72\/100|[from] Grassy Terrain\n|-heal|p1b: Dondozo|99\/100|[from] Grassy Terrain\n|upkeep\n|\n|t:|1729654248\n|switch|p1a: Tatsugiri|Tatsugiri, L50, M|100\/100\n|-activate|p1a: Tatsugiri|ability: Commander|[of] p1b: Dondozo\n|-boost|p1b: Dondozo|atk|2\n|-boost|p1b: Dondozo|spa|2\n|-boost|p1b: Dondozo|spe|2\n|-boost|p1b: Dondozo|def|2\n|-boost|p1b: Dondozo|spd|2\n|turn|3\n|inactive|Kodora has 30 seconds left.\n|\n|t:|1729654274\n|move|p2b: Weavile|Triple Axel|p2a: Archaludon\n|-damage|p2a: Archaludon|68\/100\n|-ability|p2a: Archaludon|Stamina|boost\n|-boost|p2a: Archaludon|def|1\n|-damage|p2a: Archaludon|61\/100\n|-ability|p2a: Archaludon|Stamina|boost\n|-boost|p2a: Archaludon|def|1\n|-damage|p2a: Archaludon|53\/100\n|-ability|p2a: Archaludon|Stamina|boost\n|-boost|p2a: Archaludon|def|1\n|-hitcount|p2a: Archaludon|3\n|move|p2a: Archaludon|Draco Meteor|p1b: Dondozo\n|-damage|p1b: Dondozo|68\/100\n|-unboost|p2a: Archaludon|spa|2\n|move|p1b: Dondozo|Order Up|p2b: Weavile\n|-damage|p2b: Weavile|18\/100\n|-boost|p1b: Dondozo|atk|1\n|\n|-heal|p2b: Weavile|25\/100|[from] Grassy Terrain\n|-heal|p2a: Archaludon|59\/100|[from] Grassy Terrain\n|-heal|p1b: Dondozo|74\/100|[from] Grassy Terrain\n|upkeep\n|turn|4\n|\n|t:|1729654294\n|move|p2b: Weavile|Knock Off|p1b: Dondozo\n|-damage|p1b: Dondozo|60\/100\n|-enditem|p1b: Dondozo|Covert Cloak|[from] move: Knock Off|[of] p2b: Weavile\n|move|p2a: Archaludon|Draco Meteor|p1b: Dondozo\n|-damage|p1b: Dondozo|30\/100\n|-unboost|p2a: Archaludon|spa|2\n|move|p1b: Dondozo|Order Up|p2a: Archaludon\n|-damage|p2a: Archaludon|17\/100\n|-ability|p2a: Archaludon|Stamina|boost\n|-boost|p2a: Archaludon|def|1\n|-boost|p1b: Dondozo|atk|1\n|\n|-heal|p2b: Weavile|31\/100|[from] Grassy Terrain\n|-heal|p2a: Archaludon|23\/100|[from] Grassy Terrain\n|-heal|p1b: Dondozo|36\/100|[from] Grassy Terrain\n|-sideend|p2: Kodora|move: Tailwind\n|upkeep\n|turn|5\n|\n|t:|1729654319\n|move|p2b: Weavile|Knock Off|p1b: Dondozo\n|-damage|p1b: Dondozo|26\/100\n|move|p1b: Dondozo|Wave Crash|p2a: Archaludon\n|-resisted|p2a: Archaludon\n|-damage|p2a: Archaludon|0 fnt\n|faint|p2a: Archaludon\n|-damage|p1b: Dondozo|19\/100|[from] Recoil\n|\n|-heal|p2b: Weavile|37\/100|[from] Grassy Terrain\n|-heal|p1b: Dondozo|25\/100|[from] Grassy Terrain\n|-fieldend|move: Grassy Terrain\n|upkeep\n|\n|t:|1729654324\n|switch|p2a: Murkrow|Murkrow, L50, M, shiny|100\/100\n|turn|6\n|\n|t:|1729654336\n|move|p2a: Murkrow|Haze|p2a: Murkrow\n|-clearallboost\n|move|p2b: Weavile|Triple Axel|p1b: Dondozo\n|-resisted|p1b: Dondozo\n|-damage|p1b: Dondozo|22\/100\n|-hitcount|p1b: Dondozo|1\n|move|p1b: Dondozo|Wave Crash|p2b: Weavile\n|-damage|p2b: Weavile|0 fnt\n|faint|p2b: Weavile\n|-damage|p1b: Dondozo|15\/100|[from] Recoil\n|\n|upkeep\n|\n|t:|1729654343\n|switch|p2b: Annihilape|Annihilape, L50, F, shiny|100\/100\n|turn|7\n|\n|t:|1729654353\n|move|p2a: Murkrow|Tailwind|p2a: Murkrow\n|-sidestart|p2: Kodora|move: Tailwind\n|move|p2b: Annihilape|Rage Fist|p1b: Dondozo\n|-damage|p1b: Dondozo|0 fnt\n|faint|p1b: Dondozo\n|\n|upkeep\n|turn|8\n|\n|t:|1729654359\n|-terastallize|p1a: Tatsugiri|Dragon\n|move|p2b: Annihilape|Close Combat|p1a: Tatsugiri\n|-damage|p1a: Tatsugiri|3\/100\n|-unboost|p2b: Annihilape|def|1\n|-unboost|p2b: Annihilape|spd|1\n|move|p2a: Murkrow|Brave Bird|p1a: Tatsugiri\n|-damage|p1a: Tatsugiri|0 fnt\n|faint|p1a: Tatsugiri\n|-damage|p2a: Murkrow|99\/100|[from] Recoil\n|\n|win|Kodora\n|raw|ray4gej's rating: 1697 &rarr; <strong>1674<\/strong><br \/>(-23 for losing)\n|raw|Kodora's rating: 1643 &rarr; <strong>1666<\/strong><br \/>(+23 for winning)\n|l|\u2606ray4gej\n|player|p1|\n|l|\u2606Kodora\n|player|p2|\n","uploadtime":1729654624,"views":22,"formatid":"gen9vgc2024regh","rating":1666,"private":0,"password":null}