{"id":"gen9vgc2024regh-2228484114","format":"[Gen 9] VGC 2024 Reg H","players":["radiantwf3","Brave12223"],"log":"|j|\u2606radiantwf3\n|j|\u2606Brave12223\n|t:|1729610696\n|gametype|doubles\n|player|p1|radiantwf3|101|1685\n|player|p2|Brave12223|ingo|1807\n|teamsize|p1|6\n|teamsize|p2|6\n|gen|9\n|tier|[Gen 9] VGC 2024 Reg H\n|rated|\n|rule|Species Clause: Limit one of each Pok\u00e9mon\n|rule|Item Clause: Limit 1 of each item\n|clearpoke\n|poke|p1|Charizard, L50, F|\n|poke|p1|Incineroar, L50, M|\n|poke|p1|Ursaluna, L50, F|\n|poke|p1|Jumpluff, L50, M|\n|poke|p1|Torkoal, L50, M|\n|poke|p1|Porygon2, L50|\n|poke|p2|Tyranitar, L50, M|\n|poke|p2|Garchomp, L50, F|\n|poke|p2|Talonflame, L50, F|\n|poke|p2|Gastrodon, L50, F|\n|poke|p2|Tsareena, L50, F|\n|poke|p2|Gholdengo, L50|\n|teampreview|4\n|inactive|Battle timer is ON: inactive players will automatically lose when time's up. (requested by radiantwf3)\n|inactive|radiantwf3 has 60 seconds left.\n|inactive|Brave12223 has 60 seconds left.\n|\n|t:|1729610730\n|start\n|switch|p1a: Jumpluff|Jumpluff, L50, M|100\/100\n|switch|p1b: Porygon2|Porygon2, L50|100\/100\n|switch|p2a: Talonflame|Talonflame, L50, F|100\/100\n|switch|p2b: Tyranitar|Tyranitar, L50, M|100\/100\n|-weather|Sandstorm|[from] ability: Sand Stream|[of] p2b: Tyranitar\n|-ability|p1b: Porygon2|Download|boost\n|-boost|p1b: Porygon2|spa|1\n|turn|1\n|\n|t:|1729610741\n|move|p1a: Jumpluff|Rage Powder|p1a: Jumpluff\n|-singleturn|p1a: Jumpluff|move: Rage Powder\n|move|p2a: Talonflame|Taunt|p1b: Porygon2\n|-start|p1b: Porygon2|move: Taunt\n|move|p2b: Tyranitar|Rock Slide|p1b: Porygon2|[spread] p1a,p1b\n|-supereffective|p1a: Jumpluff\n|-damage|p1a: Jumpluff|17\/100\n|-damage|p1b: Porygon2|79\/100\n|cant|p1b: Porygon2|flinch\n|\n|-weather|Sandstorm|[upkeep]\n|-damage|p1a: Jumpluff|11\/100|[from] Sandstorm\n|-damage|p1b: Porygon2|72\/100|[from] Sandstorm\n|upkeep\n|turn|2\n|inactive|radiantwf3 has 30 seconds left.\n|\n|t:|1729610771\n|switch|p1a: Incineroar|Incineroar, L50, M|100\/100\n|-ability|p1a: Incineroar|Intimidate|boost\n|-unboost|p2a: Talonflame|atk|1\n|-fail|p2b: Tyranitar|unboost|[from] item: Clear Amulet|[of] p2b: Tyranitar\n|-terastallize|p1b: Porygon2|Electric\n|move|p2a: Talonflame|Brave Bird|p1a: Incineroar\n|-damage|p1a: Incineroar|83\/100\n|-damage|p2a: Talonflame|94\/100|[from] Recoil\n|move|p2b: Tyranitar|Knock Off|p1b: Porygon2\n|-damage|p1b: Porygon2|39\/100\n|-enditem|p1b: Porygon2|Eviolite|[from] move: Knock Off|[of] p2b: Tyranitar\n|move|p1b: Porygon2|Tera Blast|p2a: Talonflame|[anim] Tera Blast Electric\n|-supereffective|p2a: Talonflame\n|-damage|p2a: Talonflame|0 fnt\n|faint|p2a: Talonflame\n|\n|-weather|Sandstorm|[upkeep]\n|-damage|p1a: Incineroar|77\/100|[from] Sandstorm\n|-damage|p1b: Porygon2|33\/100|[from] Sandstorm\n|upkeep\n|j| mr pogostick\n|l| mr pogostick\n|\n|t:|1729610788\n|switch|p2a: Garchomp|Garchomp, L50, F|100\/100\n|turn|3\n|j| futonkagebunshin\n|\n|t:|1729610810\n|move|p2b: Tyranitar|Protect|p2b: Tyranitar\n|-singleturn|p2b: Tyranitar|Protect\n|move|p1a: Incineroar|Fake Out|p2a: Garchomp\n|-damage|p2a: Garchomp|89\/100\n|cant|p2a: Garchomp|flinch\n|move|p1b: Porygon2|Ice Beam|p2a: Garchomp\n|-supereffective|p2a: Garchomp\n|-damage|p2a: Garchomp|0 fnt\n|faint|p2a: Garchomp\n|\n|-weather|Sandstorm|[upkeep]\n|-damage|p1a: Incineroar|71\/100|[from] Sandstorm\n|-damage|p1b: Porygon2|27\/100|[from] Sandstorm\n|-end|p1b: Porygon2|move: Taunt\n|upkeep\n|\n|t:|1729610816\n|switch|p2a: Gholdengo|Gholdengo, L50|100\/100\n|turn|4\n|inactive|radiantwf3 has 30 seconds left.\n|inactive|radiantwf3 has 20 seconds left.\n|\n|t:|1729610851\n|move|p2a: Gholdengo|Power Gem|p1a: Incineroar\n|-supereffective|p1a: Incineroar\n|-damage|p1a: Incineroar|0 fnt\n|faint|p1a: Incineroar\n|move|p2b: Tyranitar|Rock Slide|p1b: Porygon2\n|-damage|p1b: Porygon2|0 fnt\n|faint|p1b: Porygon2\n|\n|-weather|Sandstorm|[upkeep]\n|upkeep\n|\n|t:|1729610855\n|switch|p1a: Jumpluff|Jumpluff, L50, M|11\/100\n|switch|p1b: Ursaluna|Ursaluna, L50, F|100\/100\n|turn|5\n|inactive|Brave12223 has 30 seconds left.\n|\n|t:|1729610882\n|-terastallize|p2b: Tyranitar|Flying\n|move|p1b: Ursaluna|Protect|p1b: Ursaluna\n|-singleturn|p1b: Ursaluna|Protect\n|move|p1a: Jumpluff|Tailwind|p1a: Jumpluff\n|-sidestart|p1: radiantwf3|move: Tailwind\n|move|p2a: Gholdengo|Power Gem|p1a: Jumpluff\n|-supereffective|p1a: Jumpluff\n|-damage|p1a: Jumpluff|0 fnt\n|faint|p1a: Jumpluff\n|move|p2b: Tyranitar|Rock Slide|p1b: Ursaluna\n|-activate|p1b: Ursaluna|move: Protect\n|\n|-weather|none\n|-status|p1b: Ursaluna|brn|[from] item: Flame Orb\n|upkeep\n|turn|6\n|\n|t:|1729610898\n|move|p2b: Tyranitar|Protect|p2b: Tyranitar\n|-singleturn|p2b: Tyranitar|Protect\n|move|p1b: Ursaluna|Earthquake|p2b: Tyranitar|[spread] p2a\n|-activate|p2b: Tyranitar|move: Protect\n|-supereffective|p2a: Gholdengo\n|-damage|p2a: Gholdengo|0 fnt\n|faint|p2a: Gholdengo\n|\n|-damage|p1b: Ursaluna|95\/100 brn|[from] brn\n|upkeep\n|turn|7\n|\n|t:|1729610905\n|move|p1b: Ursaluna|Facade|p2b: Tyranitar\n|-damage|p2b: Tyranitar|0 fnt\n|faint|p2b: Tyranitar\n|\n|win|radiantwf3\n|raw|radiantwf3's rating: 1685 &rarr; <strong>1712<\/strong><br \/>(+27 for winning)\n|raw|Brave12223's rating: 1807 &rarr; <strong>1780<\/strong><br \/>(-27 for losing)\n|l|\u2606Brave12223\n|player|p2|\n","uploadtime":1729610914,"views":33,"formatid":"gen9vgc2024regh","rating":1712,"private":0,"password":null}