{"id":"gen9vgc2024regh-2228991793","format":"[Gen 9] VGC 2024 Reg H","players":["Riemann0917","magnusmagnum"],"log":"|j|\u2606Riemann0917\n|j|\u2606magnusmagnum\n|t:|1729667065\n|gametype|doubles\n|player|p1|Riemann0917|unknown|1712\n|player|p2|magnusmagnum|2|1793\n|teamsize|p1|6\n|teamsize|p2|6\n|gen|9\n|tier|[Gen 9] VGC 2024 Reg H\n|rated|\n|rule|Species Clause: Limit one of each Pok\u00e9mon\n|rule|Item Clause: Limit 1 of each item\n|clearpoke\n|poke|p1|Pelipper, L50, M|\n|poke|p1|Kingambit, L50, M|\n|poke|p1|Gholdengo, L50|\n|poke|p1|Gardevoir, L50, F|\n|poke|p1|Garchomp, L50, F|\n|poke|p1|Maushold-Four, L50|\n|poke|p2|Grimmsnarl, L50, M|\n|poke|p2|Dragonite, L50, M|\n|poke|p2|Annihilape, L50, F|\n|poke|p2|Ursaluna-Bloodmoon, L50, M|\n|poke|p2|Volcarona, L50, M|\n|poke|p2|Gholdengo, L50|\n|teampreview|4\n|j| Rabbithorn05\n|inactive|Battle timer is ON: inactive players will automatically lose when time's up. (requested by Riemann0917)\n|inactive|magnusmagnum has 60 seconds left.\nRiemann0917 rejected open team sheets.\n|j| Inkeyo\n|inactive|magnusmagnum has 30 seconds left.\n|\n|t:|1729667148\n|start\n|switch|p1a: Gholdengo|Gholdengo, L50|100\/100\n|switch|p1b: Maushold|Maushold-Four, L50|100\/100\n|switch|p2a: Grimmsnarl|Grimmsnarl, L50, M|100\/100\n|switch|p2b: Ursaluna|Ursaluna-Bloodmoon, L50, M|100\/100\n|turn|1\n|\n|t:|1729667168\n|-terastallize|p1b: Maushold|Ghost\n|-terastallize|p2b: Ursaluna|Ghost\n|move|p2a: Grimmsnarl|Light Screen|p2a: Grimmsnarl\n|-sidestart|p2: magnusmagnum|move: Light Screen\n|move|p1a: Gholdengo|Make It Rain|p2a: Grimmsnarl|[spread] p2a,p2b\n|-supereffective|p2a: Grimmsnarl\n|-crit|p2b: Ursaluna\n|-damage|p2a: Grimmsnarl|29\/100\n|-damage|p2b: Ursaluna|46\/100\n|-unboost|p1a: Gholdengo|spa|1\n|move|p1b: Maushold|Population Bomb|p2b: Ursaluna\n|-immune|p2b: Ursaluna\n|move|p2b: Ursaluna|Earth Power|p1a: Gholdengo\n|-supereffective|p1a: Gholdengo\n|-crit|p1a: Gholdengo\n|-damage|p1a: Gholdengo|0 fnt\n|faint|p1a: Gholdengo\n|\n|upkeep\n|\n|t:|1729667181\n|switch|p1a: Pelipper|Pelipper, L50, M|100\/100\n|-weather|RainDance|[from] ability: Drizzle|[of] p1a: Pelipper\n|turn|2\n|\n|t:|1729667192\n|move|p2a: Grimmsnarl|Thunder Wave|p1b: Maushold\n|-status|p1b: Maushold|par\n|move|p1a: Pelipper|Tailwind|p1a: Pelipper\n|-sidestart|p1: Riemann0917|move: Tailwind\n|move|p1b: Maushold|Encore|p2b: Ursaluna\n|-start|p2b: Ursaluna|Encore\n|move|p2b: Ursaluna|Earth Power|p1a: Pelipper\n|-immune|p1a: Pelipper\n|\n|-weather|RainDance|[upkeep]\n|upkeep\n|turn|3\n|inactive|Riemann0917 has 30 seconds left.\n|inactive|Riemann0917 has 20 seconds left.\n|\n|t:|1729667228\n|move|p2a: Grimmsnarl|Thunder Wave|p1a: Pelipper\n|-status|p1a: Pelipper|par\n|cant|p1b: Maushold|par\n|move|p1a: Pelipper|Weather Ball|p2b: Ursaluna\n|-damage|p2b: Ursaluna|14\/100\n|move|p2b: Ursaluna|Earth Power|p1b: Maushold\n|-damage|p1b: Maushold|26\/100 par\n|\n|-weather|RainDance|[upkeep]\n|upkeep\n|turn|4\n|inactive|magnusmagnum has 30 seconds left.\n|\n|t:|1729667257\n|move|p2a: Grimmsnarl|Reflect|p2a: Grimmsnarl\n|-sidestart|p2: magnusmagnum|Reflect\n|move|p1b: Maushold|Population Bomb|p2a: Grimmsnarl\n|-damage|p2a: Grimmsnarl|22\/100\n|-damage|p2a: Grimmsnarl|16\/100\n|-damage|p2a: Grimmsnarl|9\/100\n|-damage|p2a: Grimmsnarl|2\/100\n|-damage|p2a: Grimmsnarl|0 fnt\n|faint|p2a: Grimmsnarl\n|-hitcount|p2: Grimmsnarl|5\n|cant|p1a: Pelipper|par\n|move|p2b: Ursaluna|Earth Power|p1b: Maushold\n|-crit|p1b: Maushold\n|-damage|p1b: Maushold|0 fnt\n|faint|p1b: Maushold\n|\n|-weather|RainDance|[upkeep]\n|-end|p2b: Ursaluna|Encore\n|upkeep\n|\n|t:|1729667272\n|switch|p1b: Garchomp|Garchomp, L50, F|100\/100\n|switch|p2a: Gholdengo|Gholdengo, L50|100\/100\n|turn|5\n|inactive|Riemann0917 has 30 seconds left.\n|inactive|magnusmagnum has 30 seconds left.\n|inactive|Riemann0917 has 20 seconds left.\n|inactive|magnusmagnum has 20 seconds left.\n|inactive|Riemann0917 has 15 seconds left.\n|inactive|magnusmagnum has 15 seconds left.\n|\n|t:|1729667315\n|move|p2a: Gholdengo|Protect|p2a: Gholdengo\n|-singleturn|p2a: Gholdengo|Protect\n|move|p1a: Pelipper|Wide Guard|p1a: Pelipper\n|-singleturn|p1a: Pelipper|Wide Guard\n|move|p2b: Ursaluna|Vacuum Wave|p1b: Garchomp\n|-damage|p1b: Garchomp|83\/100\n|move|p1b: Garchomp|Earthquake|p2a: Gholdengo|[spread] p2b\n|-activate|p1a: Pelipper|move: Wide Guard\n|-activate|p2a: Gholdengo|move: Protect\n|-damage|p2b: Ursaluna|0 fnt\n|faint|p2b: Ursaluna\n|-damage|p1b: Garchomp|73\/100|[from] item: Life Orb\n|\n|-weather|RainDance|[upkeep]\n|-sideend|p1: Riemann0917|move: Tailwind\n|upkeep\n|\n|t:|1729667324\n|switch|p2b: Volcarona|Volcarona, L50, M|100\/100\n|turn|6\n|inactive|Riemann0917 has 30 seconds left.\n|\n|t:|1729667349\n|move|p1a: Pelipper|Wide Guard|p1a: Pelipper\n|-singleturn|p1a: Pelipper|Wide Guard\n|move|p1b: Garchomp|Earthquake|p2a: Gholdengo|[spread] p2a,p2b\n|-activate|p1a: Pelipper|move: Wide Guard\n|-supereffective|p2a: Gholdengo\n|-damage|p2a: Gholdengo|41\/100\n|-damage|p2b: Volcarona|61\/100\n|-damage|p1b: Garchomp|63\/100|[from] item: Life Orb\n|move|p2b: Volcarona|Tera Blast|p1b: Garchomp\n|-damage|p1b: Garchomp|32\/100\n|move|p2a: Gholdengo|Shadow Ball|p1b: Garchomp\n|-damage|p1b: Garchomp|0 fnt\n|faint|p1b: Garchomp\n|\n|-weather|none\n|upkeep\n|turn|7\n|-message|Riemann0917 forfeited.\n|\n|win|magnusmagnum\n|raw|Riemann0917's rating: 1740 &rarr; <strong>1723<\/strong><br \/>(-17 for losing)\n|raw|magnusmagnum's rating: 1793 &rarr; <strong>1810<\/strong><br \/>(+17 for winning)\n|l|\u2606Riemann0917\n|player|p1|\n|l|\u2606magnusmagnum\n|player|p2|\n","uploadtime":1729667619,"views":42,"formatid":"gen9vgc2024regh","rating":1723,"private":0,"password":null}