{"id":"gen9vgc2024regh-2228658468","format":"[Gen 9] VGC 2024 Reg H","players":["googer315","chiitancrazymascot"],"log":"|j|\u2606googer315\n|j|\u2606chiitancrazymascot\n|t:|1729625585\n|gametype|doubles\n|player|p1|googer315|101|1731\n|player|p2|chiitancrazymascot|pokemaniac|1837\n|teamsize|p1|6\n|teamsize|p2|6\n|gen|9\n|tier|[Gen 9] VGC 2024 Reg H\n|rated|\n|rule|Species Clause: Limit one of each Pok\u00e9mon\n|rule|Item Clause: Limit 1 of each item\n|clearpoke\n|poke|p1|Dondozo, L50, F|\n|poke|p1|Tatsugiri, L50, F|\n|poke|p1|Glimmora, L50, F|\n|poke|p1|Maushold, L50|\n|poke|p1|Annihilape, L50, F|\n|poke|p1|Gholdengo, L50|\n|poke|p2|Annihilape, L50, F|\n|poke|p2|Dondozo, L50, M|\n|poke|p2|Maushold-Four, L50|\n|poke|p2|Gholdengo, L50|\n|poke|p2|Whimsicott, L50, F|\n|poke|p2|Tatsugiri, L50, F|\n|teampreview|4\n|inactive|Battle timer is ON: inactive players will automatically lose when time's up. (requested by chiitancrazymascot)\n|inactive|chiitancrazymascot has 60 seconds left.\n|\n|t:|1729625637\n|start\n|switch|p1a: Gholdengo|Gholdengo, L50|100\/100\n|switch|p1b: Glimmora|Glimmora, L50, F|100\/100\n|switch|p2a: Maushold|Maushold-Four, L50|100\/100\n|switch|p2b: Annihilape|Annihilape, L50, F, shiny|100\/100\n|turn|1\n|\n|t:|1729625651\n|move|p1a: Gholdengo|Make It Rain|p2b: Annihilape|[spread] p2a,p2b\n|-damage|p2a: Maushold|38\/100\n|-damage|p2b: Annihilape|71\/100\n|-unboost|p1a: Gholdengo|spa|1\n|move|p2a: Maushold|Beat Up|p2b: Annihilape\n|-crit|p2b: Annihilape\n|-damage|p2b: Annihilape|68\/100\n|-damage|p2b: Annihilape|66\/100\n|-damage|p2b: Annihilape|63\/100\n|-damage|p2b: Annihilape|62\/100\n|-hitcount|p2b: Annihilape|4\n|move|p1b: Glimmora|Sludge Bomb|p2a: Maushold\n|-damage|p2a: Maushold|0 fnt\n|faint|p2a: Maushold\n|move|p2b: Annihilape|Rage Fist|p1a: Gholdengo\n|-supereffective|p1a: Gholdengo\n|-damage|p1a: Gholdengo|0 fnt\n|faint|p1a: Gholdengo\n|\n|upkeep\n|\n|t:|1729625671\n|switch|p2a: Dondozo|Dondozo, L50, M, shiny|100\/100\n|switch|p1a: Dondozo|Dondozo, L50, F|100\/100\n|turn|2\n|inactive|chiitancrazymascot has 30 seconds left.\n|\n|t:|1729625696\n|move|p2a: Dondozo|Protect|p2a: Dondozo\n|-singleturn|p2a: Dondozo|Protect\n|move|p1a: Dondozo|Protect|p1a: Dondozo\n|-singleturn|p1a: Dondozo|Protect\n|move|p1b: Glimmora|Sludge Bomb|p2a: Dondozo\n|-activate|p2a: Dondozo|move: Protect\n|move|p2b: Annihilape|Rage Fist|p1a: Dondozo\n|-activate|p1a: Dondozo|move: Protect\n|\n|upkeep\n|turn|3\n|\n|t:|1729625709\n|switch|p1b: Tatsugiri|Tatsugiri, L50, F|100\/100\n|-activate|p1b: Tatsugiri|ability: Commander|[of] p1a: Dondozo\n|-boost|p1a: Dondozo|atk|2\n|-boost|p1a: Dondozo|spa|2\n|-boost|p1a: Dondozo|spe|2\n|-boost|p1a: Dondozo|def|2\n|-boost|p1a: Dondozo|spd|2\n|-terastallize|p2a: Dondozo|Grass\n|move|p2b: Annihilape|Rage Fist|p1a: Dondozo\n|-damage|p1a: Dondozo|57\/100\n|move|p1a: Dondozo|Wave Crash|p2b: Annihilape\n|-damage|p2b: Annihilape|0 fnt\n|faint|p2b: Annihilape\n|-damage|p1a: Dondozo|38\/100|[from] Recoil\n|move|p2a: Dondozo|Tera Blast|p1a: Dondozo|[anim] Tera Blast Grass\n|-supereffective|p1a: Dondozo\n|-damage|p1a: Dondozo|0 fnt\n|faint|p1a: Dondozo\n|\n|upkeep\n|j| dfhnbv\n|\n|t:|1729625730\n|switch|p2b: Tatsugiri|Tatsugiri, L50, F, shiny|100\/100\n|switch|p1a: Glimmora|Glimmora, L50, F|100\/100\n|-activate|p2b: Tatsugiri|ability: Commander|[of] p2a: Dondozo\n|-boost|p2a: Dondozo|atk|2\n|-boost|p2a: Dondozo|spa|2\n|-boost|p2a: Dondozo|spe|2\n|-boost|p2a: Dondozo|def|2\n|-boost|p2a: Dondozo|spd|2\n|turn|4\n|j| futonkagebunshin\n|\n|t:|1729625745\n|-terastallize|p1b: Tatsugiri|Steel\n|move|p2a: Dondozo|Protect|p2a: Dondozo\n|-singleturn|p2a: Dondozo|Protect\n|move|p1a: Glimmora|Spiky Shield|p1a: Glimmora\n|-singleturn|p1a: Glimmora|move: Protect\n|move|p1b: Tatsugiri|Icy Wind|p2b: Tatsugiri|[spread] \n|-miss|p1b: Tatsugiri|p2b: Tatsugiri\n|-activate|p2a: Dondozo|move: Protect\n|\n|upkeep\n|turn|5\n|\n|t:|1729625760\n|move|p2a: Dondozo|Wave Crash|p1a: Glimmora\n|-supereffective|p1a: Glimmora\n|-enditem|p1a: Glimmora|Focus Sash\n|-damage|p1a: Glimmora|1\/100\n|-activate|p1a: Glimmora|ability: Toxic Debris\n|-sidestart|p2: chiitancrazymascot|move: Toxic Spikes\n|-damage|p2a: Dondozo|77\/100|[from] Recoil\n|move|p1b: Tatsugiri|Icy Wind|p2a: Dondozo|[spread] p2a\n|-miss|p1b: Tatsugiri|p2b: Tatsugiri\n|-supereffective|p2a: Dondozo\n|-damage|p2a: Dondozo|61\/100\n|-unboost|p2a: Dondozo|spe|1\n|move|p1a: Glimmora|Sludge Bomb|p2a: Dondozo\n|-supereffective|p2a: Dondozo\n|-damage|p2a: Dondozo|3\/100\n|\n|-heal|p2a: Dondozo|9\/100|[from] item: Leftovers\n|upkeep\n|turn|6\n|\n|t:|1729625781\n|move|p2a: Dondozo|Protect|p2a: Dondozo\n|-singleturn|p2a: Dondozo|Protect\n|move|p1b: Tatsugiri|Icy Wind|p2a: Dondozo|[spread] \n|-miss|p1b: Tatsugiri|p2b: Tatsugiri\n|-activate|p2a: Dondozo|move: Protect\n|move|p1a: Glimmora|Sludge Bomb|p2a: Dondozo\n|-activate|p2a: Dondozo|move: Protect\n|\n|-heal|p2a: Dondozo|15\/100|[from] item: Leftovers\n|upkeep\n|turn|7\n|\n|t:|1729625796\n|move|p1b: Tatsugiri|Icy Wind|p2b: Tatsugiri|[spread] p2a\n|-miss|p1b: Tatsugiri|p2b: Tatsugiri\n|-supereffective|p2a: Dondozo\n|-damage|p2a: Dondozo|1\/100\n|-unboost|p2a: Dondozo|spe|1\n|move|p1a: Glimmora|Sludge Bomb|p2a: Dondozo\n|-supereffective|p2a: Dondozo\n|-damage|p2a: Dondozo|0 fnt\n|faint|p2a: Dondozo\n|\n|upkeep\n|turn|8\n|l| dfhnbv\n|\n|t:|1729625810\n|move|p1a: Glimmora|Spiky Shield|p1a: Glimmora\n|-singleturn|p1a: Glimmora|move: Protect\n|move|p2b: Tatsugiri|Muddy Water|p1a: Glimmora|[spread] p1b\n|-activate|p1a: Glimmora|move: Protect\n|-damage|p1b: Tatsugiri|56\/100\n|move|p1b: Tatsugiri|Draco Meteor|p2b: Tatsugiri\n|-supereffective|p2b: Tatsugiri\n|-damage|p2b: Tatsugiri|0 fnt\n|-unboost|p1b: Tatsugiri|spa|2\n|faint|p2b: Tatsugiri\n|\n|win|googer315\n|raw|googer315's rating: 1731 &rarr; <strong>1757<\/strong><br \/>(+26 for winning)\n|raw|chiitancrazymascot's rating: 1837 &rarr; <strong>1811<\/strong><br \/>(-26 for losing)\n","uploadtime":1729625814,"views":66,"formatid":"gen9vgc2024regh","rating":1757,"private":0,"password":null}