{"id":"gen9vgc2024regh-2228823913","format":"[Gen 9] VGC 2024 Reg H","players":["asumi\u9526\u4e9a\u6f84QAQ","BrodaxVGC"],"log":"|j|\u2606asumi\u9526\u4e9a\u6f84QAQ\n|j|\u2606BrodaxVGC\n|t:|1729642915\n|gametype|doubles\n|player|p1|asumi\u9526\u4e9a\u6f84QAQ|dawn-masters3|1683\n|player|p2|BrodaxVGC|169|1766\n|teamsize|p1|6\n|teamsize|p2|6\n|gen|9\n|tier|[Gen 9] VGC 2024 Reg H\n|rated|\n|rule|Species Clause: Limit one of each Pok\u00e9mon\n|rule|Item Clause: Limit 1 of each item\n|clearpoke\n|poke|p1|Corviknight, L50, F|\n|poke|p1|Gholdengo, L50|\n|poke|p1|Primarina, L50, F|\n|poke|p1|Kingambit, L50, M|\n|poke|p1|Sneasler, L50, F|\n|poke|p1|Rillaboom, L50, F|\n|poke|p2|Gholdengo, L50|\n|poke|p2|Incineroar, L50, M|\n|poke|p2|Rillaboom, L50, F|\n|poke|p2|Pelipper, L50, M|\n|poke|p2|Basculegion, L50, M|\n|poke|p2|Archaludon, L50, F|\n|teampreview|4\n|inactive|Battle timer is ON: inactive players will automatically lose when time's up. (requested by BrodaxVGC)\n|j| revplog\n|inactive|asumi\u9526\u4e9a\u6f84QAQ has 60 seconds left.\n|\n|t:|1729642956\n|start\n|switch|p1a: \u7ebd\u7ebd\u7684\u62c9|Sneasler, L50, F, shiny|100\/100\n|switch|p1b: \u5927\u5927\u7684\u5c06|Kingambit, L50, M|100\/100\n|switch|p2a: Pelipper|Pelipper, L50, M|100\/100\n|switch|p2b: Basculegion|Basculegion, L50, M|100\/100\n|-weather|RainDance|[from] ability: Drizzle|[of] p2a: Pelipper\n|turn|1\n|inactive|asumi\u9526\u4e9a\u6f84QAQ has 30 seconds left.\n|inactive|BrodaxVGC has 30 seconds left.\n|inactive|BrodaxVGC has 20 seconds left.\n|inactive|BrodaxVGC has 15 seconds left.\n|\n|t:|1729642997\n|-terastallize|p2b: Basculegion|Water\n|move|p2b: Basculegion|Flip Turn|p1a: \u7ebd\u7ebd\u7684\u62c9\n|-enditem|p1a: \u7ebd\u7ebd\u7684\u62c9|Focus Sash\n|-damage|p1a: \u7ebd\u7ebd\u7684\u62c9|1\/100\n|\n|t:|1729643003\n|switch|p2b: Rillaboom|Rillaboom, L50, F|100\/100|[from] Flip Turn\n|-fieldstart|move: Grassy Terrain|[from] ability: Grassy Surge|[of] p2b: Rillaboom\n|move|p1a: \u7ebd\u7ebd\u7684\u62c9|Coaching|p1b: \u5927\u5927\u7684\u5c06\n|-boost|p1b: \u5927\u5927\u7684\u5c06|atk|1\n|-boost|p1b: \u5927\u5927\u7684\u5c06|def|1\n|move|p2a: Pelipper|Weather Ball|p1b: \u5927\u5927\u7684\u5c06\n|-damage|p1b: \u5927\u5927\u7684\u5c06|38\/100\n|move|p1b: \u5927\u5927\u7684\u5c06|Kowtow Cleave|p2b: Rillaboom\n|-damage|p2b: Rillaboom|21\/100\n|\n|-weather|RainDance|[upkeep]\n|-heal|p1a: \u7ebd\u7ebd\u7684\u62c9|7\/100|[from] Grassy Terrain\n|-heal|p2b: Rillaboom|27\/100|[from] Grassy Terrain\n|-heal|p1b: \u5927\u5927\u7684\u5c06|43\/100|[from] Grassy Terrain\n|upkeep\n|turn|2\n|inactive|asumi\u9526\u4e9a\u6f84QAQ has 30 seconds left.\n|inactive|asumi\u9526\u4e9a\u6f84QAQ has 20 seconds left.\n|j| I like Glaceon yay\n|inactive|asumi\u9526\u4e9a\u6f84QAQ has 15 seconds left.\n|\n|t:|1729643048\n|switch|p1a: \u9ed1\u9ed1\u7684\u7329|Rillaboom, L50, F|100\/100\n|move|p1b: \u5927\u5927\u7684\u5c06|Protect|p1b: \u5927\u5927\u7684\u5c06\n|-singleturn|p1b: \u5927\u5927\u7684\u5c06|Protect\n|move|p2b: Rillaboom|Fake Out|p1a: \u9ed1\u9ed1\u7684\u7329\n|-damage|p1a: \u9ed1\u9ed1\u7684\u7329|85\/100\n|-damage|p2b: Rillaboom|17\/100|[from] item: Life Orb\n|move|p2a: Pelipper|Tailwind|p2a: Pelipper\n|-sidestart|p2: BrodaxVGC|move: Tailwind\n|\n|-weather|RainDance|[upkeep]\n|-heal|p2b: Rillaboom|23\/100|[from] Grassy Terrain\n|-heal|p1a: \u9ed1\u9ed1\u7684\u7329|91\/100|[from] Grassy Terrain\n|-heal|p1b: \u5927\u5927\u7684\u5c06|49\/100|[from] Grassy Terrain\n|upkeep\n|turn|3\n|\n|t:|1729643073\n|move|p1a: \u9ed1\u9ed1\u7684\u7329|Fake Out|p2a: Pelipper\n|-damage|p2a: Pelipper|84\/100\n|cant|p2a: Pelipper|flinch\n|move|p2b: Rillaboom|High Horsepower|p1b: \u5927\u5927\u7684\u5c06\n|-supereffective|p1b: \u5927\u5927\u7684\u5c06\n|-damage|p1b: \u5927\u5927\u7684\u5c06|7\/100\n|-damage|p2b: Rillaboom|13\/100|[from] item: Life Orb\n|move|p1b: \u5927\u5927\u7684\u5c06|Kowtow Cleave|p2a: Pelipper\n|-damage|p2a: Pelipper|0 fnt\n|faint|p2a: Pelipper\n|\n|-weather|RainDance|[upkeep]\n|-heal|p2b: Rillaboom|19\/100|[from] Grassy Terrain\n|-heal|p1a: \u9ed1\u9ed1\u7684\u7329|97\/100|[from] Grassy Terrain\n|-heal|p1b: \u5927\u5927\u7684\u5c06|13\/100|[from] Grassy Terrain\n|upkeep\n|\n|t:|1729643082\n|switch|p2a: Archaludon|Archaludon, L50, F|100\/100\n|turn|4\n|\n|t:|1729643104\n|switch|p2b: Basculegion|Basculegion, L50, M, tera:Water|100\/100\n|move|p1b: \u5927\u5927\u7684\u5c06|Protect|p1b: \u5927\u5927\u7684\u5c06\n|-singleturn|p1b: \u5927\u5927\u7684\u5c06|Protect\n|move|p2a: Archaludon|Electro Shot||[still]\n|-prepare|p2a: Archaludon|Electro Shot\n|-boost|p2a: Archaludon|spa|1\n|-anim|p2a: Archaludon|Electro Shot|p1b: \u5927\u5927\u7684\u5c06\n|-activate|p1b: \u5927\u5927\u7684\u5c06|move: Protect\n|move|p1a: \u9ed1\u9ed1\u7684\u7329|U-turn|p2b: Basculegion\n|-damage|p2b: Basculegion|72\/100\n|inactive|asumi\u9526\u4e9a\u6f84QAQ has 30 seconds left.\n|\n|t:|1729643134\n|switch|p1a: \u7ebd\u7ebd\u7684\u62c9|Sneasler, L50, F, shiny|7\/100|[from] U-turn\n|\n|-weather|RainDance|[upkeep]\n|-heal|p2b: Basculegion|78\/100|[from] Grassy Terrain\n|-heal|p1a: \u7ebd\u7ebd\u7684\u62c9|13\/100|[from] Grassy Terrain\n|-heal|p1b: \u5927\u5927\u7684\u5c06|18\/100|[from] Grassy Terrain\n|upkeep\n|turn|5\n|j| Smeggere\n|inactive|asumi\u9526\u4e9a\u6f84QAQ has 30 seconds left.\n|inactive|BrodaxVGC has 30 seconds left.\n|\n|t:|1729643165\n|switch|p1b: \u9ed1\u9ed1\u7684\u7329|Rillaboom, L50, F|97\/100\n|move|p2b: Basculegion|Flip Turn|p1a: \u7ebd\u7ebd\u7684\u62c9\n|-damage|p1a: \u7ebd\u7ebd\u7684\u62c9|0 fnt\n|faint|p1a: \u7ebd\u7ebd\u7684\u62c9\n|\n|t:|1729643172\n|switch|p2b: Rillaboom|Rillaboom, L50, F|19\/100|[from] Flip Turn\n|move|p2a: Archaludon|Electro Shot||[still]\n|-prepare|p2a: Archaludon|Electro Shot\n|-boost|p2a: Archaludon|spa|1\n|-anim|p2a: Archaludon|Electro Shot|p1b: \u9ed1\u9ed1\u7684\u7329\n|-resisted|p1b: \u9ed1\u9ed1\u7684\u7329\n|-damage|p1b: \u9ed1\u9ed1\u7684\u7329|69\/100\n|\n|-weather|none\n|-heal|p2b: Rillaboom|25\/100|[from] Grassy Terrain\n|-heal|p1b: \u9ed1\u9ed1\u7684\u7329|75\/100|[from] Grassy Terrain\n|-sideend|p2: BrodaxVGC|move: Tailwind\n|-fieldend|move: Grassy Terrain\n|upkeep\n|\n|t:|1729643179\n|switch|p1a: \u5bcc\u5bcc\u7684\u8c6a|Gholdengo, L50, shiny|100\/100\n|turn|6\n|inactive|asumi\u9526\u4e9a\u6f84QAQ has 30 seconds left.\n|l| revplog\n|\n|t:|1729643210\n|move|p1b: \u9ed1\u9ed1\u7684\u7329|Fake Out|p2a: Archaludon\n|-resisted|p2a: Archaludon\n|-damage|p2a: Archaludon|96\/100\n|-ability|p2a: Archaludon|Stamina|boost\n|-boost|p2a: Archaludon|def|1\n|move|p1a: \u5bcc\u5bcc\u7684\u8c6a|Shadow Ball|p2b: Rillaboom\n|-damage|p2b: Rillaboom|0 fnt\n|faint|p2b: Rillaboom\n|cant|p2a: Archaludon|flinch\n|\n|upkeep\n|l| I like Glaceon yay\n|\n|t:|1729643219\n|switch|p2b: Basculegion|Basculegion, L50, M, tera:Water|78\/100\n|turn|7\n|\n|t:|1729643234\n|switch|p1a: \u5927\u5927\u7684\u5c06|Kingambit, L50, M|18\/100\n|move|p2b: Basculegion|Last Respects|p1b: \u9ed1\u9ed1\u7684\u7329\n|-damage|p1b: \u9ed1\u9ed1\u7684\u7329|0 fnt\n|faint|p1b: \u9ed1\u9ed1\u7684\u7329\n|move|p2a: Archaludon|Snarl|p1a: \u5927\u5927\u7684\u5c06\n|-resisted|p1a: \u5927\u5927\u7684\u5c06\n|-damage|p1a: \u5927\u5927\u7684\u5c06|0 fnt\n|faint|p1a: \u5927\u5927\u7684\u5c06\n|\n|upkeep\n|-message|asumi\u9526\u4e9a\u6f84QAQ forfeited.\n|\n|win|BrodaxVGC\n|raw|asumi\u9526\u4e9a\u6f84QAQ's rating: 1683 &rarr; <strong>1668<\/strong><br \/>(-15 for losing)\n|raw|BrodaxVGC's rating: 1766 &rarr; <strong>1781<\/strong><br \/>(+15 for winning)\n|l|\u2606asumi\u9526\u4e9a\u6f84QAQ\n|player|p1|\n|l|\u2606BrodaxVGC\n|player|p2|\n","uploadtime":1729643400,"views":10,"formatid":"gen9vgc2024regh","rating":1668,"private":0,"password":null}