{"id":"gen9vgc2024regh-2228883936","format":"[Gen 9] VGC 2024 Reg H","players":["KSunfr","arkjsmith"],"log":"|j|\u2606KSunfr\n|j|\u2606arkjsmith\n|t:|1729650095\n|gametype|doubles\n|player|p1|KSunfr|unknown|1693\n|player|p2|arkjsmith|roxie|1674\n|teamsize|p1|6\n|teamsize|p2|6\n|gen|9\n|tier|[Gen 9] VGC 2024 Reg H\n|rated|\n|rule|Species Clause: Limit one of each Pok\u00e9mon\n|rule|Item Clause: Limit 1 of each item\n|clearpoke\n|poke|p1|Dondozo, L50, M|\n|poke|p1|Tatsugiri, L50, M|\n|poke|p1|Sneasler, L50, M|\n|poke|p1|Ceruledge, L50, F|\n|poke|p1|Kingambit, L50, M|\n|poke|p1|Clefable, L50, F|\n|poke|p2|Muk-Alola, L50, M|\n|poke|p2|Smeargle, L50, F|\n|poke|p2|Sneasler, L50, M|\n|poke|p2|Indeedee, L50, M|\n|poke|p2|Talonflame, L50, M|\n|poke|p2|Ursaluna-Bloodmoon, L50, M|\n|teampreview|4\n|inactive|Battle timer is ON: inactive players will automatically lose when time's up. (requested by arkjsmith)\n|inactive|KSunfr also wants the timer to be on.\n|\n|t:|1729650118\n|start\n|switch|p1a: Tatsugiri|Tatsugiri, L50, M|100\/100\n|switch|p1b: Ceruledge|Ceruledge, L50, F|100\/100\n|switch|p2a: Indeedee|Indeedee, L50, M|100\/100\n|switch|p2b: Sneasler|Sneasler, L50, M|100\/100\n|-fieldstart|move: Psychic Terrain|[from] ability: Psychic Surge|[of] p2a: Indeedee\n|-enditem|p2b: Sneasler|Psychic Seed\n|-boost|p2b: Sneasler|spd|1|[from] item: Psychic Seed\n|turn|1\n|\n|t:|1729650135\n|-terastallize|p2a: Indeedee|Psychic\n|-terastallize|p1a: Tatsugiri|Ghost\n|move|p2b: Sneasler|Dire Claw|p1b: Ceruledge\n|-resisted|p1b: Ceruledge\n|-damage|p1b: Ceruledge|74\/100\n|-status|p1b: Ceruledge|slp\n|move|p2a: Indeedee|Expanding Force|p1b: Ceruledge|[spread] p1a,p1b\n|-damage|p1a: Tatsugiri|17\/100\n|-damage|p1b: Ceruledge|32\/100 slp\n|move|p1a: Tatsugiri|Icy Wind|p2a: Indeedee|[spread] p2a,p2b\n|-damage|p2a: Indeedee|82\/100\n|-damage|p2b: Sneasler|88\/100\n|-unboost|p2a: Indeedee|spe|1\n|-unboost|p2b: Sneasler|spe|1\n|cant|p1b: Ceruledge|slp\n|\n|upkeep\n|turn|2\n|j| Davidauscc\n|inactive|arkjsmith has 30 seconds left.\n|\n|t:|1729650162\n|switch|p1b: Dondozo|Dondozo, L50, M|100\/100\n|-activate|p1a: Tatsugiri|ability: Commander|[of] p1b: Dondozo\n|-boost|p1b: Dondozo|atk|2\n|-boost|p1b: Dondozo|spa|2\n|-boost|p1b: Dondozo|spe|2\n|-boost|p1b: Dondozo|def|2\n|-boost|p1b: Dondozo|spd|2\n|move|p2b: Sneasler|Throat Chop|p1a: Tatsugiri|[miss]\n|-miss|p2b: Sneasler|p1a: Tatsugiri\n|move|p2a: Indeedee|Expanding Force|p1b: Dondozo|[spread] p1b\n|-miss|p2a: Indeedee|p1a: Tatsugiri\n|-damage|p1b: Dondozo|63\/100\n|\n|upkeep\n|turn|3\n|\n|t:|1729650176\n|move|p2b: Sneasler|Dire Claw|p1b: Dondozo\n|-damage|p1b: Dondozo|47\/100\n|move|p1b: Dondozo|Order Up|p2a: Indeedee\n|-damage|p2a: Indeedee|0 fnt\n|faint|p2a: Indeedee\n|-boost|p1b: Dondozo|atk|1\n|\n|upkeep\n|\n|t:|1729650182\n|switch|p2a: Talonflame|Talonflame, L50, M|100\/100\n|turn|4\n|\n|t:|1729650207\n|move|p2b: Sneasler|Close Combat|p1b: Dondozo\n|-damage|p1b: Dondozo|22\/100\n|-unboost|p2b: Sneasler|def|1\n|-unboost|p2b: Sneasler|spd|1\n|move|p2a: Talonflame|Will-O-Wisp|p1b: Dondozo\n|-status|p1b: Dondozo|brn\n|move|p1b: Dondozo|Wave Crash|p2a: Talonflame\n|-supereffective|p2a: Talonflame\n|-damage|p2a: Talonflame|0 fnt\n|faint|p2a: Talonflame\n|-damage|p1b: Dondozo|0 fnt|[from] Recoil\n|faint|p1b: Dondozo\n|\n|upkeep\n|\n|t:|1729650221\n|switch|p2a: Ursaluna|Ursaluna-Bloodmoon, L50, M|100\/100\n|switch|p1b: Ceruledge|Ceruledge, L50, F|32\/100 slp\n|turn|5\n|\n|t:|1729650234\n|move|p2b: Sneasler|Throat Chop|p1a: Tatsugiri\n|-supereffective|p1a: Tatsugiri\n|-damage|p1a: Tatsugiri|0 fnt\n|faint|p1a: Tatsugiri\n|move|p2a: Ursaluna|Hyper Voice|p1b: Ceruledge\n|-crit|p1b: Ceruledge\n|-damage|p1b: Ceruledge|0 fnt\n|faint|p1b: Ceruledge\n|-damage|p2a: Ursaluna|91\/100|[from] item: Life Orb\n|\n|-fieldend|move: Psychic Terrain\n|upkeep\n|\n|t:|1729650242\n|switch|p1b: Sneasler|Sneasler, L50, M|100\/100\n|turn|6\n|\n|t:|1729650262\n|move|p2a: Ursaluna|Protect|p2a: Ursaluna\n|-singleturn|p2a: Ursaluna|Protect\n|move|p2b: Sneasler|Close Combat|p1b: Sneasler\n|-resisted|p1b: Sneasler\n|-damage|p1b: Sneasler|42\/100\n|-unboost|p2b: Sneasler|def|1\n|-unboost|p2b: Sneasler|spd|1\n|move|p1b: Sneasler|Close Combat|p2a: Ursaluna\n|-activate|p2a: Ursaluna|move: Protect\n|\n|upkeep\n|turn|7\n|j| bobjurunkle\n|\n|t:|1729650275\n|move|p2b: Sneasler|Close Combat|p1b: Sneasler\n|-resisted|p1b: Sneasler\n|-damage|p1b: Sneasler|0 fnt\n|-unboost|p2b: Sneasler|def|1\n|-unboost|p2b: Sneasler|spd|1\n|faint|p1b: Sneasler\n|\n|win|arkjsmith\n|raw|KSunfr's rating: 1693 &rarr; <strong>1672<\/strong><br \/>(-21 for losing)\n|raw|arkjsmith's rating: 1674 &rarr; <strong>1695<\/strong><br \/>(+21 for winning)\n|l|\u2606KSunfr\n|player|p1|\n|l|\u2606arkjsmith\n|player|p2|\n","uploadtime":1729650280,"views":25,"formatid":"gen9vgc2024regh","rating":1672,"private":0,"password":null}