{"id":"gen9vgc2024regh-2228874760","format":"[Gen 9] VGC 2024 Reg H","players":["greenlightdmp","rgktest"],"log":"|j|\u2606greenlightdmp\n|j|\u2606rgktest\n|t:|1729648956\n|gametype|doubles\n|player|p1|greenlightdmp|169|1684\n|player|p2|rgktest|brycenman|1786\n|teamsize|p1|6\n|teamsize|p2|6\n|gen|9\n|tier|[Gen 9] VGC 2024 Reg H\n|rated|\n|rule|Species Clause: Limit one of each Pok\u00e9mon\n|rule|Item Clause: Limit 1 of each item\n|clearpoke\n|poke|p1|Incineroar, L50, M|\n|poke|p1|Amoonguss, L50, F|\n|poke|p1|Pelipper, L50, F|\n|poke|p1|Archaludon, L50, F|\n|poke|p1|Gholdengo, L50|\n|poke|p1|Basculegion, L50, M|\n|poke|p2|Amoonguss, L50, F|\n|poke|p2|Incineroar, L50, F|\n|poke|p2|Annihilape, L50, F|\n|poke|p2|Ninetales-Alola, L50, F|\n|poke|p2|Garchomp, L50, F|\n|poke|p2|Dragonite, L50, M|\n|teampreview|4\n|inactive|Battle timer is ON: inactive players will automatically lose when time's up. (requested by rgktest)\n|inactive|greenlightdmp has 60 seconds left.\n|\n|t:|1729649054\n|start\n|switch|p1a: Rich|Basculegion, L50, M|100\/100\n|switch|p1b: Mezie|Gholdengo, L50|100\/100\n|switch|p2a: Annihilape|Annihilape, L50, F|100\/100\n|switch|p2b: Amoonguss|Amoonguss, L50, F, shiny|100\/100\n|turn|1\n|inactive|greenlightdmp has 30 seconds left.\n|inactive|rgktest has 30 seconds left.\n|\n|t:|1729649082\n|switch|p2b: Garchomp|Garchomp, L50, F, shiny|100\/100\n|-terastallize|p2a: Annihilape|Water\n|move|p1a: Rich|Flip Turn|p2b: Garchomp\n|-damage|p2b: Garchomp|60\/100\n|-damage|p1a: Rich|88\/100|[from] ability: Rough Skin|[of] p2b: Garchomp\n|\n|t:|1729649091\n|switch|p1a: Alexa|Amoonguss, L50, F|100\/100|[from] Flip Turn\n|move|p2a: Annihilape|Bulk Up|p2a: Annihilape\n|-boost|p2a: Annihilape|atk|1\n|-boost|p2a: Annihilape|def|1\n|move|p1b: Mezie|Nasty Plot|p1b: Mezie\n|-boost|p1b: Mezie|spa|2\n|\n|upkeep\n|turn|2\n|inactive|greenlightdmp has 30 seconds left.\n|inactive|rgktest has 30 seconds left.\n|inactive|greenlightdmp has 20 seconds left.\n|\n|t:|1729649129\n|switch|p2b: Amoonguss|Amoonguss, L50, F, shiny|100\/100\n|move|p1b: Mezie|Protect|p1b: Mezie\n|-singleturn|p1b: Mezie|Protect\n|move|p2a: Annihilape|Bulk Up|p2a: Annihilape\n|-boost|p2a: Annihilape|atk|1\n|-boost|p2a: Annihilape|def|1\n|move|p1a: Alexa|Spore|p2b: Amoonguss\n|-immune|p2b: Amoonguss\n|\n|upkeep\n|turn|3\n|inactive|greenlightdmp has 30 seconds left.\n|\n|t:|1729649154\n|-terastallize|p1b: Mezie|Water\n|move|p2b: Amoonguss|Rage Powder|p2b: Amoonguss\n|-singleturn|p2b: Amoonguss|move: Rage Powder\n|move|p2a: Annihilape|Rage Fist|p1b: Mezie\n|-damage|p1b: Mezie|59\/100\n|move|p1b: Mezie|Shadow Ball|p2b: Amoonguss\n|-damage|p2b: Amoonguss|26\/100\n|-enditem|p2b: Amoonguss|Sitrus Berry|[eat]\n|-heal|p2b: Amoonguss|51\/100|[from] item: Sitrus Berry\n|-damage|p1b: Mezie|50\/100|[from] item: Life Orb\n|move|p1a: Alexa|Pollen Puff|p1b: Mezie\n|-heal|p1b: Mezie|99\/100\n|\n|upkeep\n|turn|4\n|inactive|greenlightdmp has 30 seconds left.\n|inactive|rgktest has 30 seconds left.\n|\n|t:|1729649183\n|move|p2b: Amoonguss|Protect|p2b: Amoonguss\n|-singleturn|p2b: Amoonguss|Protect\n|move|p2a: Annihilape|Bulk Up|p2a: Annihilape\n|-boost|p2a: Annihilape|atk|1\n|-boost|p2a: Annihilape|def|1\n|move|p1b: Mezie|Shadow Ball|p2a: Annihilape\n|-damage|p2a: Annihilape|3\/100\n|-unboost|p2a: Annihilape|spd|1\n|-ability|p2a: Annihilape|Defiant|boost\n|-boost|p2a: Annihilape|atk|2\n|-damage|p1b: Mezie|90\/100|[from] item: Life Orb\n|move|p1a: Alexa|Spore|p2b: Amoonguss\n|-activate|p2b: Amoonguss|move: Protect\n|\n|upkeep\n|turn|5\n|j| plplk\n|inactive|greenlightdmp has 30 seconds left.\n|inactive|rgktest has 30 seconds left.\n|inactive|rgktest has 20 seconds left.\n|\n|t:|1729649218\n|move|p2a: Annihilape|Drain Punch|p1b: Mezie\n|-damage|p1b: Mezie|0 fnt\n|-heal|p2a: Annihilape|44\/100|[from] drain|[of] p1b: Mezie\n|faint|p1b: Mezie\n|move|p2b: Amoonguss|Pollen Puff|p2a: Annihilape\n|-heal|p2a: Annihilape|94\/100\n|move|p1a: Alexa|Pollen Puff|p2a: Annihilape\n|-damage|p2a: Annihilape|68\/100\n|\n|upkeep\n|-message|greenlightdmp forfeited.\n|\n|win|rgktest\n|raw|greenlightdmp's rating: 1684 &rarr; <strong>1670<\/strong><br \/>(-14 for losing)\n|raw|rgktest's rating: 1786 &rarr; <strong>1800<\/strong><br \/>(+14 for winning)\n|l|\u2606greenlightdmp\n|player|p1|\n|l|\u2606rgktest\n|player|p2|\n","uploadtime":1729649499,"views":17,"formatid":"gen9vgc2024regh","rating":1670,"private":0,"password":null}