{"id":"gen9vgc2024regh-2228903137","format":"[Gen 9] VGC 2024 Reg H","players":["fangame10","superpowerpoke"],"log":"|j|\u2606fangame10\n|j|\u2606superpowerpoke\n|t:|1729652551\n|gametype|doubles\n|player|p1|fangame10|red|1721\n|player|p2|superpowerpoke|1|1826\n|teamsize|p1|6\n|teamsize|p2|6\n|gen|9\n|tier|[Gen 9] VGC 2024 Reg H\n|rated|\n|rule|Species Clause: Limit one of each Pok\u00e9mon\n|rule|Item Clause: Limit 1 of each item\n|clearpoke\n|poke|p1|Glaceon, L50, F|\n|poke|p1|Ninetales-Alola, L50, F|\n|poke|p1|Milotic, L50, M|\n|poke|p1|Skeledirge, L50, M|\n|poke|p1|Rillaboom, L50, M|\n|poke|p1|Annihilape, L50, F|\n|poke|p2|Gholdengo, L50|\n|poke|p2|Ninetales-Alola, L50, F|\n|poke|p2|Ursaluna-Bloodmoon, L50, M|\n|poke|p2|Dondozo, L50, M|\n|poke|p2|Annihilape, L50, M|\n|poke|p2|Incineroar, L50, M|\n|teampreview|4\n|inactive|Battle timer is ON: inactive players will automatically lose when time's up. (requested by fangame10)\n|j| slyck.VGC\n|inactive|fangame10 has 60 seconds left.\n|inactive|superpowerpoke has 60 seconds left.\n|\n|t:|1729652591\n|start\n|switch|p1a: Ninetales|Ninetales-Alola, L50, F, shiny|100\/100\n|switch|p1b: Milotic|Milotic, L50, M, shiny|100\/100\n|switch|p2a: Gholdengo|Gholdengo, L50|100\/100\n|switch|p2b: Annihilape|Annihilape, L50, M|100\/100\n|-weather|Snow|[from] ability: Snow Warning|[of] p1a: Ninetales\n|turn|1\n|c| slyck.VGC|is milotic comp?\n|\n|t:|1729652605\n|move|p2a: Gholdengo|Trick|p1b: Milotic\n|-activate|p2a: Gholdengo|move: Trick|[of] p1b: Milotic\n|-item|p1b: Milotic|Choice Scarf|[from] move: Trick\n|-item|p2a: Gholdengo|Sitrus Berry|[from] move: Trick\n|move|p1b: Milotic|Coil|p1b: Milotic\n|-boost|p1b: Milotic|atk|1\n|-boost|p1b: Milotic|def|1\n|-boost|p1b: Milotic|accuracy|1\n|move|p1a: Ninetales|Aurora Veil|p1a: Ninetales\n|-sidestart|p1: fangame10|move: Aurora Veil\n|move|p2b: Annihilape|Bulk Up|p2b: Annihilape\n|-boost|p2b: Annihilape|atk|1\n|-boost|p2b: Annihilape|def|1\n|\n|-weather|Snow|[upkeep]\n|upkeep\n|turn|2\n|j| Rabbithorn05\n|\n|t:|1729652620\n|switch|p1b: Skeledirge|Skeledirge, L50, M, shiny|100\/100\n|switch|p1a: Annihilape|Annihilape, L50, F|100\/100\n|move|p2b: Annihilape|Protect|p2b: Annihilape\n|-singleturn|p2b: Annihilape|Protect\n|move|p2a: Gholdengo|Make It Rain|p1a: Annihilape|[spread] p1a,p1b\n|-resisted|p1b: Skeledirge\n|-damage|p1a: Annihilape|69\/100\n|-damage|p1b: Skeledirge|83\/100\n|-unboost|p2a: Gholdengo|spa|1\n|\n|-weather|Snow|[upkeep]\n|-heal|p1b: Skeledirge|89\/100|[from] item: Leftovers\n|upkeep\n|turn|3\n|inactive|superpowerpoke has 30 seconds left.\n|\n|t:|1729652651\n|switch|p2a: Ursaluna|Ursaluna-Bloodmoon, L50, M|100\/100\n|-terastallize|p1a: Annihilape|Electric\n|move|p1a: Annihilape|Rage Fist|p2a: Ursaluna\n|-immune|p2a: Ursaluna\n|move|p2b: Annihilape|Rage Fist|p1b: Skeledirge\n|-supereffective|p1b: Skeledirge\n|-damage|p1b: Skeledirge|67\/100\n|move|p1b: Skeledirge|Torch Song|p2a: Ursaluna\n|-damage|p2a: Ursaluna|72\/100\n|-boost|p1b: Skeledirge|spa|1\n|\n|-weather|Snow|[upkeep]\n|-heal|p1b: Skeledirge|73\/100|[from] item: Leftovers\n|upkeep\n|turn|4\n|inactive|superpowerpoke has 30 seconds left.\n|\n|t:|1729652677\n|-terastallize|p2a: Ursaluna|Ghost\n|move|p1a: Annihilape|Close Combat|p2a: Ursaluna\n|-immune|p2a: Ursaluna\n|move|p2b: Annihilape|Bulk Up|p2b: Annihilape\n|-boost|p2b: Annihilape|atk|1\n|-boost|p2b: Annihilape|def|1\n|move|p1b: Skeledirge|Torch Song|p2a: Ursaluna\n|-damage|p2a: Ursaluna|29\/100\n|-boost|p1b: Skeledirge|spa|1\n|move|p2a: Ursaluna|Earth Power|p1b: Skeledirge\n|-supereffective|p1b: Skeledirge\n|-damage|p1b: Skeledirge|8\/100\n|\n|-weather|Snow|[upkeep]\n|-heal|p1b: Skeledirge|14\/100|[from] item: Leftovers\n|upkeep\n|turn|5\n|inactive|superpowerpoke has 30 seconds left.\n|inactive|fangame10 has 30 seconds left.\n|inactive|fangame10 has 20 seconds left.\n|\n|t:|1729652718\n|move|p2a: Ursaluna|Vacuum Wave|p2b: Annihilape\n|-damage|p2b: Annihilape|90\/100\n|move|p1a: Annihilape|Rage Fist|p2a: Ursaluna\n|-supereffective|p2a: Ursaluna\n|-damage|p2a: Ursaluna|0 fnt\n|faint|p2a: Ursaluna\n|move|p2b: Annihilape|Rage Fist|p1b: Skeledirge\n|-supereffective|p1b: Skeledirge\n|-damage|p1b: Skeledirge|0 fnt\n|faint|p1b: Skeledirge\n|\n|-weather|none\n|-heal|p2b: Annihilape|96\/100|[from] item: Leftovers\n|upkeep\n|\n|t:|1729652738\n|switch|p1b: Milotic|Milotic, L50, M, shiny|100\/100\n|switch|p2a: Gholdengo|Gholdengo, L50|100\/100\n|turn|6\n|inactive|superpowerpoke has 30 seconds left.\n|inactive|superpowerpoke has 20 seconds left.\n|\n|t:|1729652775\n|switch|p2a: Ninetales|Ninetales-Alola, L50, F|100\/100\n|-weather|Snow|[from] ability: Snow Warning|[of] p2a: Ninetales\n|move|p1b: Milotic|Hypnosis|p2b: Annihilape\n|-status|p2b: Annihilape|slp|[from] move: Hypnosis\n|move|p1a: Annihilape|Rage Fist|p2a: Ninetales\n|-damage|p2a: Ninetales|48\/100\n|cant|p2b: Annihilape|slp\n|\n|-weather|Snow|[upkeep]\n|-heal|p2b: Annihilape|100\/100 slp|[from] item: Leftovers\n|upkeep\n|turn|7\n|\n|t:|1729652799\n|move|p1b: Milotic|Hypnosis|p2a: Ninetales|[miss]\n|-miss|p1b: Milotic|p2a: Ninetales\n|move|p2a: Ninetales|Freeze-Dry|p1b: Milotic\n|-supereffective|p1b: Milotic\n|-damage|p1b: Milotic|72\/100\n|-damage|p2a: Ninetales|38\/100|[from] item: Life Orb\n|move|p1a: Annihilape|Rage Fist|p2b: Annihilape\n|-supereffective|p2b: Annihilape\n|-damage|p2b: Annihilape|49\/100 slp\n|cant|p2b: Annihilape|slp\n|\n|-weather|Snow|[upkeep]\n|-heal|p2b: Annihilape|55\/100 slp|[from] item: Leftovers\n|upkeep\n|turn|8\n|inactive|superpowerpoke has 30 seconds left.\n|\n|t:|1729652831\n|-curestatus|p2b: Annihilape|slp|[msg]\n|move|p2b: Annihilape|Protect|p2b: Annihilape\n|-singleturn|p2b: Annihilape|Protect\n|move|p1b: Milotic|Hypnosis|p2a: Ninetales|[miss]\n|-miss|p1b: Milotic|p2a: Ninetales\n|move|p2a: Ninetales|Freeze-Dry|p1b: Milotic\n|-supereffective|p1b: Milotic\n|-damage|p1b: Milotic|43\/100\n|-damage|p2a: Ninetales|29\/100|[from] item: Life Orb\n|move|p1a: Annihilape|Rage Fist|p2b: Annihilape\n|-activate|p2b: Annihilape|move: Protect\n|\n|-weather|Snow|[upkeep]\n|-heal|p2b: Annihilape|62\/100|[from] item: Leftovers\n|-sideend|p1: fangame10|move: Aurora Veil\n|upkeep\n|turn|9\n|j| mr pogostick\n|\n|t:|1729652853\n|move|p1b: Milotic|Hypnosis|p2b: Annihilape\n|-status|p2b: Annihilape|slp|[from] move: Hypnosis\n|move|p2a: Ninetales|Freeze-Dry|p1b: Milotic\n|-supereffective|p1b: Milotic\n|-damage|p1b: Milotic|0 fnt\n|faint|p1b: Milotic\n|-damage|p2a: Ninetales|19\/100|[from] item: Life Orb\n|move|p1a: Annihilape|Rage Fist|p2b: Annihilape\n|-supereffective|p2b: Annihilape\n|-damage|p2b: Annihilape|12\/100 slp\n|cant|p2b: Annihilape|slp\n|\n|-weather|Snow|[upkeep]\n|-heal|p2b: Annihilape|19\/100 slp|[from] item: Leftovers\n|upkeep\n|\n|t:|1729652857\n|switch|p1b: Ninetales|Ninetales-Alola, L50, F, shiny|100\/100\n|turn|10\n|\n|t:|1729652867\n|move|p1b: Ninetales|Moonblast|p2a: Ninetales\n|-damage|p2a: Ninetales|0 fnt\n|faint|p2a: Ninetales\n|move|p1a: Annihilape|Rage Fist|p2b: Annihilape\n|-supereffective|p2b: Annihilape\n|-damage|p2b: Annihilape|0 fnt\n|faint|p2b: Annihilape\n|\n|-weather|none\n|upkeep\n|\n|t:|1729652872\n|switch|p2b: Gholdengo|Gholdengo, L50|100\/100\n|turn|11\n|\n|t:|1729652883\n|move|p1b: Ninetales|Moonblast|p2b: Gholdengo\n|-resisted|p2b: Gholdengo\n|-crit|p2b: Gholdengo\n|-damage|p2b: Gholdengo|69\/100\n|move|p1a: Annihilape|Rage Fist|p2b: Gholdengo\n|-supereffective|p2b: Gholdengo\n|-damage|p2b: Gholdengo|0 fnt\n|faint|p2b: Gholdengo\n|\n|win|fangame10\n|raw|fangame10's rating: 1721 &rarr; <strong>1747<\/strong><br \/>(+26 for winning)\n|raw|superpowerpoke's rating: 1826 &rarr; <strong>1800<\/strong><br \/>(-26 for losing)\n|l|\u2606fangame10\n|player|p1|\n|l|\u2606superpowerpoke\n|player|p2|\n|l| mr pogostick\n|l| Rabbithorn05\n|l| slyck.VGC\n|j| Rabbithorn05\n","uploadtime":1729653101,"views":61,"formatid":"gen9vgc2024regh","rating":1747,"private":0,"password":null}