{"id":"gen9vgc2024regh-2228897368","format":"[Gen 9] VGC 2024 Reg H","players":["juacox300","OSAMABINGETINLADIN"],"log":"|j|\u2606juacox300\n|j|\u2606OSAMABINGETINLADIN\n|t:|1729651798\n|gametype|doubles\n|player|p1|juacox300|unknown|1677\n|player|p2|OSAMABINGETINLADIN|policeman-gen4|1707\n|teamsize|p1|6\n|teamsize|p2|6\n|gen|9\n|tier|[Gen 9] VGC 2024 Reg H\n|rated|\n|rule|Species Clause: Limit one of each Pok\u00e9mon\n|rule|Item Clause: Limit 1 of each item\n|clearpoke\n|poke|p1|Ursaluna, L50, F|\n|poke|p1|Murkrow, L50, M|\n|poke|p1|Archaludon, L50, M|\n|poke|p1|Sneasler, L50, M|\n|poke|p1|Indeedee, L50, M|\n|poke|p1|Incineroar, L50, M|\n|poke|p2|Sneasler, L50, M|\n|poke|p2|Indeedee, L50, M|\n|poke|p2|Dragapult, L50, F|\n|poke|p2|Decidueye-Hisui, L50, M|\n|poke|p2|Typhlosion-Hisui, L50, F|\n|poke|p2|Whimsicott, L50, M|\n|teampreview|4\n|inactive|Battle timer is ON: inactive players will automatically lose when time's up. (requested by OSAMABINGETINLADIN)\n|inactive|juacox300 has 60 seconds left.\n|inactive|OSAMABINGETINLADIN has 60 seconds left.\n|inactive|juacox300 has 30 seconds left.\n|inactive|juacox300 has 20 seconds left.\n|inactive|juacox300 has 15 seconds left.\n|inactive|juacox300 has 10 seconds left.\n|\n|t:|1729651880\n|start\n|switch|p1a: Nightwing|Sneasler, L50, M|100\/100\n|switch|p1b: Alfred|Indeedee, L50, M, shiny|100\/100\n|switch|p2a: Paul Allen|Sneasler, L50, M, shiny|100\/100\n|switch|p2b: Patrick Bateman|Indeedee, L50, M, shiny|100\/100\n|-fieldstart|move: Psychic Terrain|[from] ability: Psychic Surge|[of] p1b: Alfred\n|-enditem|p2a: Paul Allen|Psychic Seed\n|-boost|p2a: Paul Allen|spd|1|[from] item: Psychic Seed\n|-enditem|p1a: Nightwing|Psychic Seed\n|-boost|p1a: Nightwing|spd|1|[from] item: Psychic Seed\n|turn|1\n|\n|t:|1729651892\n|switch|p1b: Incineroar|Incineroar, L50, M|100\/100\n|-ability|p1b: Incineroar|Intimidate|boost\n|-unboost|p2a: Paul Allen|atk|1\n|-unboost|p2b: Patrick Bateman|atk|1\n|-terastallize|p2a: Paul Allen|Dark\n|move|p1a: Nightwing|Protect|p1a: Nightwing\n|-singleturn|p1a: Nightwing|Protect\n|move|p2a: Paul Allen|Close Combat|p1a: Nightwing\n|-activate|p1a: Nightwing|move: Protect\n|move|p2b: Patrick Bateman|Expanding Force|p1a: Nightwing|[spread] \n|-activate|p1a: Nightwing|move: Protect\n|-immune|p1b: Incineroar\n|\n|upkeep\n|turn|2\n|\n|t:|1729651905\n|-terastallize|p1a: Nightwing|Flying\n|move|p1a: Nightwing|Throat Chop|p2b: Patrick Bateman\n|-supereffective|p2b: Patrick Bateman\n|-enditem|p2b: Patrick Bateman|Focus Sash\n|-damage|p2b: Patrick Bateman|1\/100\n|-start|p2b: Patrick Bateman|Throat Chop|[silent]\n|move|p2a: Paul Allen|Close Combat|p1b: Incineroar\n|-supereffective|p1b: Incineroar\n|-damage|p1b: Incineroar|16\/100\n|-unboost|p2a: Paul Allen|def|1\n|-unboost|p2a: Paul Allen|spd|1\n|move|p2b: Patrick Bateman|Expanding Force|p1a: Nightwing|[spread] p1a\n|-immune|p1b: Incineroar\n|-damage|p1a: Nightwing|52\/100\n|move|p1b: Incineroar|Knock Off|p2b: Patrick Bateman\n|-supereffective|p2b: Patrick Bateman\n|-damage|p2b: Patrick Bateman|0 fnt\n|faint|p2b: Patrick Bateman\n|\n|upkeep\n|\n|t:|1729651915\n|switch|p2b: Luis Carruthers|Whimsicott, L50, M|100\/100\n|turn|3\n|inactive|OSAMABINGETINLADIN has 30 seconds left.\n|\n|t:|1729651950\n|move|p2b: Luis Carruthers|Tailwind|p2b: Luis Carruthers\n|-sidestart|p2: OSAMABINGETINLADIN|move: Tailwind\n|move|p2a: Paul Allen|Dire Claw|p1a: Nightwing\n|-damage|p1a: Nightwing|0 fnt\n|faint|p1a: Nightwing\n|move|p1b: Incineroar|Flare Blitz|p2a: Paul Allen\n|-damage|p2a: Paul Allen|0 fnt\n|faint|p2a: Paul Allen\n|-damage|p1b: Incineroar|0 fnt|[from] Recoil\n|faint|p1b: Incineroar\n|\n|upkeep\n|\n|t:|1729651958\n|switch|p1a: Alfred|Indeedee, L50, M, shiny|100\/100\n|switch|p2a: Timothy Bryce|Decidueye-Hisui, L50, M|100\/100\n|switch|p1b: Murkrow|Murkrow, L50, M|100\/100\n|turn|4\n|\n|t:|1729651968\n|move|p2a: Timothy Bryce|Protect|p2a: Timothy Bryce\n|-singleturn|p2a: Timothy Bryce|Protect\n|move|p1b: Murkrow|Tailwind|p1b: Murkrow\n|-sidestart|p1: juacox300|move: Tailwind\n|move|p1a: Alfred|Expanding Force|p2b: Luis Carruthers|[spread] p2b\n|-activate|p2a: Timothy Bryce|move: Protect\n|-crit|p2b: Luis Carruthers\n|-damage|p2b: Luis Carruthers|1\/100\n|move|p2b: Luis Carruthers|Moonblast|p1a: Alfred\n|-damage|p1a: Alfred|60\/100\n|-unboost|p1a: Alfred|spa|1\n|\n|upkeep\n|turn|5\n|\n|t:|1729651991\n|move|p1a: Alfred|Expanding Force|p2b: Luis Carruthers|[spread] p2a,p2b\n|-supereffective|p2a: Timothy Bryce\n|-damage|p2a: Timothy Bryce|27\/100\n|-damage|p2b: Luis Carruthers|0 fnt\n|faint|p2b: Luis Carruthers\n|move|p2a: Timothy Bryce|Triple Arrows|p1a: Alfred\n|-crit|p1a: Alfred\n|-damage|p1a: Alfred|0 fnt\n|faint|p1a: Alfred\n|move|p1b: Murkrow|Brave Bird|p2a: Timothy Bryce\n|-supereffective|p2a: Timothy Bryce\n|-crit|p2a: Timothy Bryce\n|-damage|p2a: Timothy Bryce|0 fnt\n|faint|p2a: Timothy Bryce\n|-damage|p1b: Murkrow|91\/100|[from] Recoil\n|\n|win|juacox300\n|raw|juacox300's rating: 1677 &rarr; <strong>1699<\/strong><br \/>(+22 for winning)\n|raw|OSAMABINGETINLADIN's rating: 1707 &rarr; <strong>1685<\/strong><br \/>(-22 for losing)\n|l|\u2606juacox300\n|player|p1|\n|l|\u2606OSAMABINGETINLADIN\n|player|p2|\n","uploadtime":1729652131,"views":9,"formatid":"gen9vgc2024regh","rating":1685,"private":0,"password":null}