{"id":"gen9vgc2024regh-2228877103","format":"[Gen 9] VGC 2024 Reg H","players":["superpowerpoke","rgktest"],"log":"|j|\u2606superpowerpoke\n|j|\u2606rgktest\n|t:|1729649244\n|gametype|doubles\n|player|p1|superpowerpoke|1|1867\n|player|p2|rgktest|brycenman|1800\n|teamsize|p1|6\n|teamsize|p2|6\n|gen|9\n|tier|[Gen 9] VGC 2024 Reg H\n|rated|\n|rule|Species Clause: Limit one of each Pok\u00e9mon\n|rule|Item Clause: Limit 1 of each item\n|clearpoke\n|poke|p1|Gholdengo, L50|\n|poke|p1|Ninetales-Alola, L50, F|\n|poke|p1|Ursaluna-Bloodmoon, L50, M|\n|poke|p1|Dondozo, L50, M|\n|poke|p1|Annihilape, L50, F|\n|poke|p1|Incineroar, L50, M|\n|poke|p2|Amoonguss, L50, M|\n|poke|p2|Incineroar, L50, F|\n|poke|p2|Annihilape, L50, M|\n|poke|p2|Ninetales-Alola, L50, M|\n|poke|p2|Garchomp, L50, F|\n|poke|p2|Dragonite, L50, F|\n|teampreview|4\nsuperpowerpoke rejected open team sheets.\n|\n|t:|1729649303\n|start\n|switch|p1a: Ninetales|Ninetales-Alola, L50, F|100\/100\n|switch|p1b: Annihilape|Annihilape, L50, F|100\/100\n|switch|p2a: Amoonguss|Amoonguss, L50, M, shiny|100\/100\n|switch|p2b: Annihilape|Annihilape, L50, M|100\/100\n|-weather|Snow|[from] ability: Snow Warning|[of] p1a: Ninetales\n|turn|1\n|\n|t:|1729649327\n|switch|p1b: Gholdengo|Gholdengo, L50|100\/100\n|-terastallize|p1a: Ninetales|Ice\n|move|p1a: Ninetales|Freeze-Dry|p2a: Amoonguss\n|-supereffective|p2a: Amoonguss\n|-damage|p2a: Amoonguss|30\/100\n|-enditem|p2a: Amoonguss|Sitrus Berry|[eat]\n|-heal|p2a: Amoonguss|55\/100|[from] item: Sitrus Berry\n|-damage|p1a: Ninetales|91\/100|[from] item: Life Orb\n|move|p2b: Annihilape|Bulk Up|p2b: Annihilape\n|-boost|p2b: Annihilape|atk|1\n|-boost|p2b: Annihilape|def|1\n|move|p2a: Amoonguss|Spore|p1a: Ninetales\n|-status|p1a: Ninetales|slp|[from] move: Spore\n|\n|-weather|Snow|[upkeep]\n|upkeep\n|turn|2\n|\n|t:|1729649377\n|-terastallize|p2b: Annihilape|Water\n|move|p1b: Gholdengo|Trick|p2b: Annihilape\n|-activate|p1b: Gholdengo|move: Trick|[of] p2b: Annihilape\n|-item|p2b: Annihilape|Choice Scarf|[from] move: Trick\n|-item|p1b: Gholdengo|Safety Goggles|[from] move: Trick\n|move|p2b: Annihilape|Drain Punch|p1a: Ninetales\n|-supereffective|p1a: Ninetales\n|-damage|p1a: Ninetales|0 fnt\n|faint|p1a: Ninetales\n|move|p2a: Amoonguss|Spore|p1b: Gholdengo\n|-immune|p1b: Gholdengo|[from] ability: Good as Gold\n|\n|-weather|Snow|[upkeep]\n|upkeep\n|\n|t:|1729649393\n|switch|p1a: Annihilape|Annihilape, L50, F|100\/100\n|turn|3\n|\n|t:|1729649417\n|switch|p2b: Garchomp|Garchomp, L50, F, shiny|100\/100\n|move|p1b: Gholdengo|Shadow Ball|p2a: Amoonguss\n|-damage|p2a: Amoonguss|23\/100\n|move|p1a: Annihilape|Rage Fist|p2a: Amoonguss\n|-damage|p2a: Amoonguss|4\/100\n|move|p2a: Amoonguss|Spore|p1a: Annihilape\n|-status|p1a: Annihilape|slp|[from] move: Spore\n|\n|-weather|Snow|[upkeep]\n|upkeep\n|turn|4\n|\n|t:|1729649444\n|cant|p1a: Annihilape|slp\n|move|p2b: Garchomp|Stomping Tantrum|p1b: Gholdengo\n|-supereffective|p1b: Gholdengo\n|-damage|p1b: Gholdengo|0 fnt\n|faint|p1b: Gholdengo\n|move|p2a: Amoonguss|Spore|p1a: Annihilape\n|-fail|p1a: Annihilape|slp\n|\n|-weather|Snow|[upkeep]\n|upkeep\n|\n|t:|1729649447\n|switch|p1b: Ursaluna|Ursaluna-Bloodmoon, L50, M|100\/100\n|turn|5\n|\n|t:|1729649462\n|move|p2b: Garchomp|Stomping Tantrum|p1b: Ursaluna\n|-damage|p1b: Ursaluna|63\/100\n|cant|p1a: Annihilape|slp\n|move|p2a: Amoonguss|Pollen Puff|p1b: Ursaluna\n|-damage|p1b: Ursaluna|50\/100\n|move|p1b: Ursaluna|Hyper Voice|p2a: Amoonguss|[spread] p2a,p2b\n|-damage|p2a: Amoonguss|0 fnt\n|-damage|p2b: Garchomp|59\/100\n|faint|p2a: Amoonguss\n|\n|-weather|none\n|upkeep\n|\n|t:|1729649492\n|switch|p2a: Ninetales|Ninetales-Alola, L50, M, shiny|100\/100\n|-weather|Snow|[from] ability: Snow Warning|[of] p2a: Ninetales\n|turn|6\n|\n|t:|1729649517\n|move|p1b: Ursaluna|Vacuum Wave|p1a: Annihilape\n|-damage|p1a: Annihilape|91\/100 slp\n|move|p2a: Ninetales|Blizzard|p1a: Annihilape|[spread] p1a,p1b\n|-supereffective|p1b: Ursaluna\n|-damage|p1a: Annihilape|63\/100 slp\n|-damage|p1b: Ursaluna|0 fnt\n|faint|p1b: Ursaluna\n|move|p2b: Garchomp|Stomping Tantrum|p1a: Annihilape\n|-damage|p1a: Annihilape|10\/100 slp\n|-curestatus|p1a: Annihilape|slp|[msg]\n|move|p1a: Annihilape|Rage Fist|p2b: Garchomp\n|-damage|p2b: Garchomp|0 fnt\n|-damage|p1a: Annihilape|0 fnt|[from] ability: Rough Skin|[of] p2b: Garchomp\n|faint|p2b: Garchomp\n|faint|p1a: Annihilape\n|\n|win|rgktest\n|raw|superpowerpoke's rating: 1867 &rarr; <strong>1843<\/strong><br \/>(-24 for losing)\n|raw|rgktest's rating: 1800 &rarr; <strong>1824<\/strong><br \/>(+24 for winning)\n|l|\u2606rgktest\n|player|p2|\n|l|\u2606superpowerpoke\n|player|p1|\n","uploadtime":1729649776,"views":98,"formatid":"gen9vgc2024regh","rating":1824,"private":0,"password":null}