{"id":"gen9vgc2024regh-2228221753","format":"[Gen 9] VGC 2024 Reg H","players":["nukan up","superpowerpoke"],"log":"|j|\u2606nukan up\n|j|\u2606superpowerpoke\n|t:|1729578004\n|gametype|doubles\n|player|p1|nukan up|policeman-gen4|1777\n|player|p2|superpowerpoke|2|1875\n|teamsize|p1|6\n|teamsize|p2|6\n|gen|9\n|tier|[Gen 9] VGC 2024 Reg H\n|rated|\n|rule|Species Clause: Limit one of each Pok\u00e9mon\n|rule|Item Clause: Limit 1 of each item\n|clearpoke\n|poke|p1|Sneasler, L50, M|\n|poke|p1|Mimikyu, L50, F|\n|poke|p1|Ursaluna-Bloodmoon, L50, M|\n|poke|p1|Garchomp, L50, F|\n|poke|p1|Rillaboom, L50, M|\n|poke|p1|Gholdengo, L50|\n|poke|p2|Gholdengo, L50|\n|poke|p2|Ninetales-Alola, L50, M|\n|poke|p2|Ursaluna-Bloodmoon, L50, M|\n|poke|p2|Dondozo, L50, M|\n|poke|p2|Annihilape, L50, F|\n|poke|p2|Incineroar, L50, F|\n|teampreview|4\n|inactive|Battle timer is ON: inactive players will automatically lose when time's up. (requested by nukan up)\n|inactive|superpowerpoke has 60 seconds left.\n|inactive|superpowerpoke has 30 seconds left.\n|\n|t:|1729578070\n|start\n|switch|p1a: Gholdengo|Gholdengo, L50, shiny|100\/100\n|switch|p1b: Sneasler|Sneasler, L50, M, shiny|100\/100\n|switch|p2a: Incineroar|Incineroar, L50, F|100\/100\n|switch|p2b: Ursaluna|Ursaluna-Bloodmoon, L50, M|100\/100\n|-ability|p2a: Incineroar|Intimidate|boost\n|-unboost|p1a: Gholdengo|atk|1\n|-unboost|p1b: Sneasler|atk|1\n|turn|1\n|\n|t:|1729578090\n|switch|p1a: Rillaboom|Rillaboom, L50, M, shiny|100\/100\n|-fieldstart|move: Grassy Terrain|[from] ability: Grassy Surge|[of] p1a: Rillaboom\n|switch|p2a: Gholdengo|Gholdengo, L50|100\/100\n|move|p1b: Sneasler|Fake Out|p2a: Gholdengo\n|-immune|p2a: Gholdengo\n|move|p2b: Ursaluna|Earth Power|p1a: Rillaboom\n|-resisted|p1a: Rillaboom\n|-damage|p1a: Rillaboom|74\/100\n|-unboost|p1a: Rillaboom|spd|1\n|\n|-heal|p1a: Rillaboom|80\/100|[from] Grassy Terrain\n|upkeep\n|turn|2\n|\n|t:|1729578110\n|switch|p1b: Gholdengo|Gholdengo, L50, shiny|100\/100\n|switch|p2b: Incineroar|Incineroar, L50, F|100\/100\n|-ability|p2b: Incineroar|Intimidate|boost\n|-unboost|p1a: Rillaboom|atk|1\n|-unboost|p1b: Gholdengo|atk|1\n|move|p1a: Rillaboom|Protect|p1a: Rillaboom\n|-singleturn|p1a: Rillaboom|Protect\n|move|p2a: Gholdengo|Make It Rain|p1a: Rillaboom|[spread] p1b\n|-activate|p1a: Rillaboom|move: Protect\n|-resisted|p1b: Gholdengo\n|-damage|p1b: Gholdengo|70\/100\n|-unboost|p2a: Gholdengo|spa|1\n|\n|-heal|p1b: Gholdengo|77\/100|[from] Grassy Terrain\n|-heal|p1a: Rillaboom|87\/100|[from] Grassy Terrain\n|upkeep\n|turn|3\n|\n|t:|1729578130\n|switch|p1a: Ursaluna|Ursaluna-Bloodmoon, L50, M|100\/100\n|move|p2a: Gholdengo|Make It Rain|p1b: Gholdengo|[spread] p1a,p1b\n|-resisted|p1b: Gholdengo\n|-damage|p1a: Ursaluna|74\/100\n|-damage|p1b: Gholdengo|58\/100\n|-unboost|p2a: Gholdengo|spa|1\n|move|p1b: Gholdengo|Nasty Plot|p1b: Gholdengo\n|-boost|p1b: Gholdengo|spa|2\n|move|p2b: Incineroar|Knock Off|p1b: Gholdengo\n|-supereffective|p1b: Gholdengo\n|-damage|p1b: Gholdengo|0 fnt\n|-enditem|p1b: Gholdengo|Sitrus Berry|[from] move: Knock Off|[of] p2b: Incineroar\n|faint|p1b: Gholdengo\n|\n|-heal|p1a: Ursaluna|80\/100|[from] Grassy Terrain\n|upkeep\n|\n|t:|1729578136\n|switch|p1b: Rillaboom|Rillaboom, L50, M, shiny|87\/100\n|turn|4\n|inactive|superpowerpoke has 30 seconds left.\n|\n|t:|1729578164\n|switch|p2a: Annihilape|Annihilape, L50, F|100\/100\n|-terastallize|p2b: Incineroar|Ghost\n|move|p1b: Rillaboom|Fake Out|p2b: Incineroar\n|-immune|p2b: Incineroar\n|move|p2b: Incineroar|Parting Shot|p1a: Ursaluna\n|-unboost|p1a: Ursaluna|atk|1\n|-unboost|p1a: Ursaluna|spa|1\n|j| Oscar Norris\n|j| Rabbithorn05\n|\n|t:|1729578177\n|switch|p2b: Ursaluna|Ursaluna-Bloodmoon, L50, M|100\/100|[from] Parting Shot\n|move|p1a: Ursaluna|Earth Power|p2a: Annihilape\n|-damage|p2a: Annihilape|77\/100\n|\n|-heal|p2a: Annihilape|83\/100|[from] Grassy Terrain\n|-heal|p2a: Annihilape|90\/100|[from] item: Leftovers\n|-heal|p1b: Rillaboom|93\/100|[from] Grassy Terrain\n|-heal|p1a: Ursaluna|87\/100|[from] Grassy Terrain\n|upkeep\n|turn|5\n|\n|t:|1729578194\n|switch|p2b: Incineroar|Incineroar, L50, F, tera:Ghost|100\/100\n|-ability|p2b: Incineroar|Intimidate|boost\n|-unboost|p1a: Ursaluna|atk|1\n|-unboost|p1b: Rillaboom|atk|1\n|move|p2a: Annihilape|Rage Fist|p1b: Rillaboom\n|-damage|p1b: Rillaboom|53\/100\n|move|p1b: Rillaboom|Wood Hammer|p2b: Incineroar\n|-damage|p2b: Incineroar|32\/100\n|-damage|p1b: Rillaboom|29\/100|[from] Recoil\n|move|p1a: Ursaluna|Earth Power|p2b: Incineroar\n|-damage|p2b: Incineroar|9\/100\n|\n|-heal|p2a: Annihilape|96\/100|[from] Grassy Terrain\n|-heal|p2a: Annihilape|100\/100|[from] item: Leftovers\n|-heal|p1b: Rillaboom|35\/100|[from] Grassy Terrain\n|-heal|p2b: Incineroar|15\/100|[from] Grassy Terrain\n|-heal|p1a: Ursaluna|93\/100|[from] Grassy Terrain\n|-fieldend|move: Grassy Terrain\n|upkeep\n|turn|6\n|inactive|superpowerpoke has 30 seconds left.\n|\n|t:|1729578220\n|switch|p1a: Sneasler|Sneasler, L50, M, shiny|100\/100\n|move|p1b: Rillaboom|Protect|p1b: Rillaboom\n|-singleturn|p1b: Rillaboom|Protect\n|move|p2a: Annihilape|Rage Fist|p1b: Rillaboom\n|-activate|p1b: Rillaboom|move: Protect\n|move|p2b: Incineroar|Parting Shot|p1a: Sneasler\n|-unboost|p1a: Sneasler|atk|1\n|-unboost|p1a: Sneasler|spa|1\n|\n|t:|1729578232\n|switch|p2b: Gholdengo|Gholdengo, L50|100\/100|[from] Parting Shot\n|\n|upkeep\n|turn|7\n|\n|t:|1729578245\n|move|p2b: Gholdengo|Make It Rain|p1b: Rillaboom|[spread] p1a,p1b\n|-damage|p1a: Sneasler|27\/100\n|-damage|p1b: Rillaboom|0 fnt\n|-unboost|p2b: Gholdengo|spa|1\n|faint|p1b: Rillaboom\n|move|p1a: Sneasler|Dire Claw|p2a: Annihilape\n|-resisted|p2a: Annihilape\n|-damage|p2a: Annihilape|86\/100\n|move|p2a: Annihilape|Drain Punch|p1a: Sneasler\n|-resisted|p1a: Sneasler\n|-crit|p1a: Sneasler\n|-damage|p1a: Sneasler|0 fnt\n|-heal|p2a: Annihilape|96\/100|[from] drain|[of] p1a: Sneasler\n|faint|p1a: Sneasler\n|\n|-heal|p2a: Annihilape|100\/100|[from] item: Leftovers\n|upkeep\n|-message|nukan up forfeited.\n|\n|win|superpowerpoke\n|raw|nukan up's rating: 1777 &rarr; <strong>1762<\/strong><br \/>(-15 for losing)\n|raw|superpowerpoke's rating: 1875 &rarr; <strong>1890<\/strong><br \/>(+15 for winning)\n|l|\u2606nukan up\n|player|p1|\n","uploadtime":1729578270,"views":53,"formatid":"gen9vgc2024regh","rating":1762,"private":0,"password":null}