{"id":"gen9vgc2024regh-2228198703","format":"[Gen 9] VGC 2024 Reg H","players":["RandomDuVGCFR","lhr801114"],"log":"|j|\u2606RandomDuVGCFR\n|j|\u2606lhr801114\n|t:|1729573829\n|gametype|doubles\n|player|p1|RandomDuVGCFR|170|1647\n|player|p2|lhr801114|steven|1702\n|teamsize|p1|6\n|teamsize|p2|6\n|gen|9\n|tier|[Gen 9] VGC 2024 Reg H\n|rated|\n|rule|Species Clause: Limit one of each Pok\u00e9mon\n|rule|Item Clause: Limit 1 of each item\n|clearpoke\n|poke|p1|Greninja-*, L50, M|\n|poke|p1|Pelipper, L50, M|\n|poke|p1|Gastrodon, L50, M|\n|poke|p1|Tsareena, L50, F|\n|poke|p1|Sneasler, L50, M|\n|poke|p1|Archaludon, L50, F|\n|poke|p2|Gholdengo, L50|\n|poke|p2|Glimmora, L50, F|\n|poke|p2|Talonflame, L50, F|\n|poke|p2|Dragonite, L50, F|\n|poke|p2|Dondozo, L50, F|\n|poke|p2|Tatsugiri, L50, M|\n|teampreview|4\n|j| Conquistatore\n|j| mr pogostick\n|\n|t:|1729573875\n|start\n|switch|p1a: Greninja|Greninja, L50, M|100\/100\n|switch|p1b: Pelipper|Pelipper, L50, M|100\/100\n|switch|p2a: Dondozo|Dondozo, L50, F|100\/100\n|switch|p2b: Gholdengo|Gholdengo, L50|100\/100\n|-weather|RainDance|[from] ability: Drizzle|[of] p1b: Pelipper\n|turn|1\n|inactive|Battle timer is ON: inactive players will automatically lose when time's up. (requested by lhr801114)\n|l|\u2606lhr801114\n|inactive|lhr801114 disconnected and has a minute to reconnect!\n|player|p2|\n|j|\u2606lhr801114\n|inactive|lhr801114 reconnected and has 65 seconds left.\n|player|p2|lhr801114|cyrus|\n|inactive|lhr801114 has 60 seconds left.\n|inactiveoff|Battle timer is now OFF.\n|\n|t:|1729573938\n|switch|p2b: Tatsugiri|Tatsugiri, L50, M|100\/100\n|-activate|p2b: Tatsugiri|ability: Commander|[of] p2a: Dondozo\n|-boost|p2a: Dondozo|atk|2\n|-boost|p2a: Dondozo|spa|2\n|-boost|p2a: Dondozo|spe|2\n|-boost|p2a: Dondozo|def|2\n|-boost|p2a: Dondozo|spd|2\n|move|p1b: Pelipper|U-turn|p1a: Greninja\n|-supereffective|p1a: Greninja\n|-damage|p1a: Greninja|73\/100\n|-enditem|p1a: Greninja|Weakness Policy\n|-boost|p1a: Greninja|atk|2|[from] item: Weakness Policy\n|-boost|p1a: Greninja|spa|2|[from] item: Weakness Policy\n|j| Tian15\n|\n|t:|1729573949\n|switch|p1b: Gastrodon|Gastrodon, L50, M|100\/100|[from] U-turn\n|move|p1a: Greninja|Surf|p2a: Dondozo|[spread] p2a\n|-miss|p1a: Greninja|p2b: Tatsugiri\n|-ability|p1b: Gastrodon|Storm Drain|boost\n|-boost|p1b: Gastrodon|spa|1\n|-resisted|p2a: Dondozo\n|-damage|p2a: Dondozo|87\/100\n|move|p2a: Dondozo|Order Up|p1b: Gastrodon\n|-damage|p1b: Gastrodon|59\/100\n|-boost|p2a: Dondozo|atk|1\n|\n|-weather|RainDance|[upkeep]\n|-heal|p2a: Dondozo|93\/100|[from] item: Leftovers\n|upkeep\n|turn|2\n|\n|t:|1729573974\n|-terastallize|p1b: Gastrodon|Fairy\n|move|p1a: Greninja|Surf|p2b: Tatsugiri|[spread] p2a\n|-miss|p1a: Greninja|p2b: Tatsugiri\n|-ability|p1b: Gastrodon|Storm Drain|boost\n|-boost|p1b: Gastrodon|spa|1\n|-resisted|p2a: Dondozo\n|-damage|p2a: Dondozo|80\/100\n|move|p2a: Dondozo|Order Up|p1b: Gastrodon\n|-immune|p1b: Gastrodon\n|move|p1b: Gastrodon|Yawn|p2a: Dondozo\n|-start|p2a: Dondozo|move: Yawn|[of] p1b: Gastrodon\n|\n|-weather|RainDance|[upkeep]\n|-heal|p2a: Dondozo|86\/100|[from] item: Leftovers\n|upkeep\n|turn|3\n|\n|t:|1729574016\n|move|p1a: Greninja|Protect|p1a: Greninja\n|-singleturn|p1a: Greninja|Protect\n|move|p1b: Gastrodon|Protect|p1b: Gastrodon\n|-singleturn|p1b: Gastrodon|Protect\n|move|p2a: Dondozo|Order Up|p1a: Greninja\n|-activate|p1a: Greninja|move: Protect\n|\n|-weather|RainDance|[upkeep]\n|-heal|p2a: Dondozo|93\/100|[from] item: Leftovers\n|-end|p2a: Dondozo|move: Yawn|[silent]\n|-status|p2a: Dondozo|slp\n|upkeep\n|turn|4\n|\n|t:|1729574022\n|move|p1a: Greninja|Surf|p2b: Tatsugiri|[spread] p2a\n|-miss|p1a: Greninja|p2b: Tatsugiri\n|-ability|p1b: Gastrodon|Storm Drain|boost\n|-boost|p1b: Gastrodon|spa|1\n|-resisted|p2a: Dondozo\n|-damage|p2a: Dondozo|81\/100 slp\n|cant|p2a: Dondozo|slp\n|move|p1b: Gastrodon|Clear Smog|p2a: Dondozo\n|-damage|p2a: Dondozo|74\/100 slp\n|-clearboost|p2a: Dondozo\n|\n|-weather|RainDance|[upkeep]\n|-heal|p2a: Dondozo|81\/100 slp|[from] item: Leftovers\n|upkeep\n|turn|5\n|j| futonkagebunshin\n|\n|t:|1729574036\n|move|p1a: Greninja|Surf|p2a: Dondozo|[spread] p2a\n|-miss|p1a: Greninja|p2b: Tatsugiri\n|-ability|p1b: Gastrodon|Storm Drain|boost\n|-boost|p1b: Gastrodon|spa|1\n|-resisted|p2a: Dondozo\n|-damage|p2a: Dondozo|56\/100 slp\n|cant|p2a: Dondozo|slp\n|move|p1b: Gastrodon|Earth Power|p2a: Dondozo\n|-damage|p2a: Dondozo|24\/100 slp\n|\n|-weather|none\n|-heal|p2a: Dondozo|30\/100 slp|[from] item: Leftovers\n|upkeep\n|turn|6\n|\n|t:|1729574051\n|move|p1a: Greninja|Surf|p2a: Dondozo|[spread] p2a\n|-miss|p1a: Greninja|p2b: Tatsugiri\n|-ability|p1b: Gastrodon|Storm Drain|boost\n|-boost|p1b: Gastrodon|spa|1\n|-resisted|p2a: Dondozo\n|-damage|p2a: Dondozo|13\/100 slp\n|-curestatus|p2a: Dondozo|slp|[msg]\n|move|p2a: Dondozo|Wave Crash|p1b: Gastrodon\n|-ability|p1b: Gastrodon|Storm Drain|boost\n|-boost|p1b: Gastrodon|spa|1\n|move|p1b: Gastrodon|Earth Power|p2a: Dondozo\n|-damage|p2a: Dondozo|0 fnt\n|faint|p2a: Dondozo\n|\n|upkeep\n|\n|t:|1729574085\n|switch|p2a: Dragonite|Dragonite, L50, F|100\/100\n|turn|7\n|\n|t:|1729574113\n|-terastallize|p2b: Tatsugiri|Stellar\n|move|p2a: Dragonite|Extreme Speed|p1b: Gastrodon\n|-damage|p1b: Gastrodon|22\/100\n|-enditem|p1b: Gastrodon|Sitrus Berry|[eat]\n|-heal|p1b: Gastrodon|47\/100|[from] item: Sitrus Berry\n|move|p1a: Greninja|Ice Beam|p2a: Dragonite\n|-supereffective|p2a: Dragonite\n|-damage|p2a: Dragonite|4\/100\n|move|p2b: Tatsugiri|Dragon Pulse|p1a: Greninja\n|-damage|p1a: Greninja|0 fnt\n|faint|p1a: Greninja\n|move|p1b: Gastrodon|Earth Power|p2b: Tatsugiri\n|-enditem|p2b: Tatsugiri|Focus Sash\n|-damage|p2b: Tatsugiri|1\/100\n|\n|upkeep\n|j| GameLurker69\n|\n|t:|1729574138\n|switch|p1a: Archaludon|Archaludon, L50, F|100\/100\n|turn|8\n|\n|t:|1729574147\n|move|p1b: Gastrodon|Protect|p1b: Gastrodon\n|-singleturn|p1b: Gastrodon|Protect\n|move|p2a: Dragonite|Extreme Speed|p1b: Gastrodon\n|-activate|p1b: Gastrodon|move: Protect\n|move|p1a: Archaludon|Snarl|p2b: Tatsugiri|[spread] p2a,p2b\n|-damage|p2a: Dragonite|0 fnt\n|-damage|p2b: Tatsugiri|0 fnt\n|faint|p2a: Dragonite\n|faint|p2b: Tatsugiri\n|\n|upkeep\n|\n|t:|1729574156\n|switch|p2b: Gholdengo|Gholdengo, L50|100\/100\n|turn|9\n|\n|t:|1729574176\n|move|p1a: Archaludon|Snarl|p2b: Gholdengo\n|-supereffective|p2b: Gholdengo\n|-damage|p2b: Gholdengo|59\/100\n|-unboost|p2b: Gholdengo|spa|1\n|move|p2b: Gholdengo|Shadow Ball|p1b: Gastrodon\n|-damage|p1b: Gastrodon|5\/100\n|move|p1b: Gastrodon|Earth Power|p2b: Gholdengo\n|-supereffective|p2b: Gholdengo\n|-damage|p2b: Gholdengo|0 fnt\n|faint|p2b: Gholdengo\n|\n|win|RandomDuVGCFR\n|raw|RandomDuVGCFR's rating: 1647 &rarr; <strong>1670<\/strong><br \/>(+23 for winning)\n|raw|lhr801114's rating: 1702 &rarr; <strong>1679<\/strong><br \/>(-23 for losing)\n|l|\u2606lhr801114\n|player|p2|\n|l| mr pogostick\n|l| Tian15\n|l|\u2606RandomDuVGCFR\n|player|p1|\n","uploadtime":1729574267,"views":17,"formatid":"gen9vgc2024regh","rating":1670,"private":0,"password":null}