{"id":"gen9vgc2024regh-2228827566","format":"[Gen 9] VGC 2024 Reg H","players":["647w","StrangrDangr"],"log":"|j|\u2606647w\n|j|\u2606StrangrDangr\n|t:|1729643352\n|gametype|doubles\n|player|p1|647w|lucas-gen4pt|1693\n|player|p2|StrangrDangr|265|1706\n|teamsize|p1|6\n|teamsize|p2|6\n|gen|9\n|tier|[Gen 9] VGC 2024 Reg H\n|rated|\n|rule|Species Clause: Limit one of each Pok\u00e9mon\n|rule|Item Clause: Limit 1 of each item\n|clearpoke\n|poke|p1|Kilowattrel, L50, M|\n|poke|p1|Garchomp, L50, F|\n|poke|p1|Gholdengo, L50|\n|poke|p1|Incineroar, L50, F|\n|poke|p1|Rillaboom, L50, M|\n|poke|p1|Dondozo, L50, M|\n|poke|p2|Dragapult, L50, F|\n|poke|p2|Primarina, L50, M|\n|poke|p2|Tyranitar, L50, F|\n|poke|p2|Excadrill, L50, F|\n|poke|p2|Decidueye-Hisui, L50, F|\n|poke|p2|Volcarona, L50, F|\n|teampreview|4\n647w has agreed to open team sheets.\n|j| lithogen\n|\n|t:|1729643410\n|start\n|switch|p1a: Rillaboom|Rillaboom, L50, M|100\/100\n|switch|p1b: Garchomp|Garchomp, L50, F|100\/100\n|switch|p2a: Volcarona|Volcarona, L50, F|100\/100\n|switch|p2b: Decidueye|Decidueye-Hisui, L50, F|100\/100\n|-fieldstart|move: Grassy Terrain|[from] ability: Grassy Surge|[of] p1a: Rillaboom\n|turn|1\n|j| Smeggere\n|\n|t:|1729643436\n|move|p2b: Decidueye|Protect|p2b: Decidueye\n|-singleturn|p2b: Decidueye|Protect\n|move|p1b: Garchomp|Swords Dance|p1b: Garchomp\n|-boost|p1b: Garchomp|atk|2\n|move|p2a: Volcarona|Tailwind|p2a: Volcarona\n|-sidestart|p2: StrangrDangr|move: Tailwind\n|move|p1a: Rillaboom|U-turn|p2b: Decidueye\n|-activate|p2b: Decidueye|move: Protect\n|\n|upkeep\n|turn|2\n|\n|t:|1729643456\n|move|p2a: Volcarona|Overheat|p1b: Garchomp\n|-resisted|p1b: Garchomp\n|-damage|p1b: Garchomp|71\/100\n|-unboost|p2a: Volcarona|spa|2\n|move|p2b: Decidueye|Triple Arrows|p1b: Garchomp\n|-crit|p1b: Garchomp\n|-damage|p1b: Garchomp|3\/100\n|move|p1b: Garchomp|Dragon Claw|p2b: Decidueye\n|-damage|p2b: Decidueye|0 fnt\n|faint|p2b: Decidueye\n|move|p1a: Rillaboom|U-turn|p2a: Volcarona\n|-resisted|p2a: Volcarona\n|-damage|p2a: Volcarona|87\/100\n|\n|t:|1729643467\n|switch|p1a: Gholdengo|Gholdengo, L50|100\/100|[from] U-turn\n|\n|-heal|p2a: Volcarona|93\/100|[from] Grassy Terrain\n|-heal|p1b: Garchomp|9\/100|[from] Grassy Terrain\n|upkeep\n|\n|t:|1729643474\n|switch|p2b: Tyranitar|Tyranitar, L50, F|100\/100\n|-weather|Sandstorm|[from] ability: Sand Stream|[of] p2b: Tyranitar\n|turn|3\n|\n|t:|1729643489\n|-terastallize|p1a: Gholdengo|Water\n|move|p2a: Volcarona|Overheat|p1b: Garchomp\n|-resisted|p1b: Garchomp\n|-damage|p1b: Garchomp|0 fnt\n|-unboost|p2a: Volcarona|spa|2\n|faint|p1b: Garchomp\n|move|p2b: Tyranitar|Dragon Dance|p2b: Tyranitar\n|-boost|p2b: Tyranitar|atk|1\n|-boost|p2b: Tyranitar|spe|1\n|move|p1a: Gholdengo|Nasty Plot|p1a: Gholdengo\n|-boost|p1a: Gholdengo|spa|2\n|\n|-weather|Sandstorm|[upkeep]\n|-damage|p2a: Volcarona|87\/100|[from] Sandstorm\n|-damage|p1a: Gholdengo|94\/100|[from] Sandstorm\n|-heal|p2a: Volcarona|93\/100|[from] Grassy Terrain\n|-heal|p1a: Gholdengo|100\/100|[from] Grassy Terrain\n|upkeep\n|\n|t:|1729643501\n|switch|p1b: Rillaboom|Rillaboom, L50, M|100\/100\n|turn|4\n|\n|t:|1729643533\n|switch|p2a: Dragapult|Dragapult, L50, F|100\/100\n|-terastallize|p2b: Tyranitar|Ghost\n|move|p1b: Rillaboom|Fake Out|p2b: Tyranitar\n|-immune|p2b: Tyranitar\n|move|p2b: Tyranitar|Rock Slide|p1a: Gholdengo|[spread] p1a,p1b\n|-damage|p1a: Gholdengo|54\/100\n|-damage|p1b: Rillaboom|55\/100\n|cant|p1a: Gholdengo|flinch\n|\n|-weather|Sandstorm|[upkeep]\n|-damage|p2a: Dragapult|94\/100|[from] Sandstorm\n|-damage|p2b: Tyranitar|94\/100|[from] Sandstorm\n|-damage|p1a: Gholdengo|48\/100|[from] Sandstorm\n|-damage|p1b: Rillaboom|49\/100|[from] Sandstorm\n|-enditem|p1a: Gholdengo|Sitrus Berry|[eat]\n|-heal|p1a: Gholdengo|73\/100|[from] item: Sitrus Berry\n|-heal|p2a: Dragapult|100\/100|[from] Grassy Terrain\n|-heal|p2b: Tyranitar|100\/100|[from] Grassy Terrain\n|-heal|p1a: Gholdengo|79\/100|[from] Grassy Terrain\n|-heal|p1b: Rillaboom|55\/100|[from] Grassy Terrain\n|-sideend|p2: StrangrDangr|move: Tailwind\n|upkeep\n|turn|5\n|\n|t:|1729643559\n|move|p2b: Tyranitar|Protect|p2b: Tyranitar\n|-singleturn|p2b: Tyranitar|Protect\n|move|p2a: Dragapult|Light Screen|p2a: Dragapult\n|-sidestart|p2: StrangrDangr|move: Light Screen\n|move|p1a: Gholdengo|Shadow Ball|p2a: Dragapult\n|-supereffective|p2a: Dragapult\n|-crit|p2a: Dragapult\n|-damage|p2a: Dragapult|0 fnt\n|faint|p2a: Dragapult\n|move|p1b: Rillaboom|U-turn|p2b: Tyranitar\n|-activate|p2b: Tyranitar|move: Protect\n|\n|-weather|Sandstorm|[upkeep]\n|-damage|p2b: Tyranitar|94\/100|[from] Sandstorm\n|-damage|p1a: Gholdengo|73\/100|[from] Sandstorm\n|-damage|p1b: Rillaboom|49\/100|[from] Sandstorm\n|-heal|p2b: Tyranitar|100\/100|[from] Grassy Terrain\n|-heal|p1a: Gholdengo|79\/100|[from] Grassy Terrain\n|-heal|p1b: Rillaboom|55\/100|[from] Grassy Terrain\n|-fieldend|move: Grassy Terrain\n|upkeep\n|j| ABSresin\n|l| ABSresin\n|\n|t:|1729643575\n|switch|p2a: Volcarona|Volcarona, L50, F|93\/100\n|turn|6\n|\n|t:|1729643592\n|move|p2a: Volcarona|Rage Powder|p2a: Volcarona\n|-singleturn|p2a: Volcarona|move: Rage Powder\n|move|p2b: Tyranitar|Rock Slide|p1b: Rillaboom|[spread] p1a,p1b\n|-damage|p1a: Gholdengo|36\/100\n|-damage|p1b: Rillaboom|13\/100\n|cant|p1a: Gholdengo|flinch\n|move|p1b: Rillaboom|Wood Hammer|p2b: Tyranitar\n|-damage|p2b: Tyranitar|50\/100\n|-damage|p1b: Rillaboom|0 fnt|[from] Recoil\n|faint|p1b: Rillaboom\n|\n|-weather|Sandstorm|[upkeep]\n|-damage|p2a: Volcarona|87\/100|[from] Sandstorm\n|-damage|p2b: Tyranitar|44\/100|[from] Sandstorm\n|-damage|p1a: Gholdengo|30\/100|[from] Sandstorm\n|upkeep\n|\n|t:|1729643598\n|switch|p1b: Dondozo|Dondozo, L50, M|100\/100\n|turn|7\n|j| sauromon\n|\n|t:|1729643629\n|move|p2a: Volcarona|Rage Powder|p2a: Volcarona\n|-singleturn|p2a: Volcarona|move: Rage Powder\n|move|p2b: Tyranitar|Rock Slide|p1a: Gholdengo|[spread] p1a,p1b\n|-damage|p1a: Gholdengo|0 fnt\n|-damage|p1b: Dondozo|83\/100\n|faint|p1a: Gholdengo\n|move|p1b: Dondozo|Yawn|p2a: Volcarona\n|-start|p2a: Volcarona|move: Yawn|[of] p1b: Dondozo\n|\n|-weather|none\n|-heal|p1b: Dondozo|89\/100|[from] item: Leftovers\n|upkeep\n|turn|8\n|\n|t:|1729643653\n|move|p1b: Dondozo|Protect|p1b: Dondozo\n|-singleturn|p1b: Dondozo|Protect\n|move|p2a: Volcarona|Overheat|p1b: Dondozo\n|-activate|p1b: Dondozo|move: Protect\n|move|p2b: Tyranitar|Knock Off|p1b: Dondozo\n|-activate|p1b: Dondozo|move: Protect\n|\n|-heal|p1b: Dondozo|95\/100|[from] item: Leftovers\n|-end|p2a: Volcarona|move: Yawn|[silent]\n|-status|p2a: Volcarona|slp\n|upkeep\n|turn|9\n|\n|t:|1729643673\n|move|p2b: Tyranitar|Protect|p2b: Tyranitar\n|-singleturn|p2b: Tyranitar|Protect\n|cant|p2a: Volcarona|slp\n|move|p1b: Dondozo|Yawn|p2b: Tyranitar\n|-activate|p2b: Tyranitar|move: Protect\n|\n|-heal|p1b: Dondozo|100\/100|[from] item: Leftovers\n|-sideend|p2: StrangrDangr|move: Light Screen\n|upkeep\n|turn|10\n|\n|t:|1729643688\n|cant|p2a: Volcarona|slp\n|move|p2b: Tyranitar|Knock Off|p1b: Dondozo\n|-damage|p1b: Dondozo|69\/100\n|-enditem|p1b: Dondozo|Leftovers|[from] move: Knock Off|[of] p2b: Tyranitar\n|move|p1b: Dondozo|Yawn|p2b: Tyranitar\n|-start|p2b: Tyranitar|move: Yawn|[of] p1b: Dondozo\n|\n|upkeep\n|turn|11\n|\n|t:|1729643703\n|-curestatus|p2a: Volcarona|slp|[msg]\n|move|p2a: Volcarona|Overheat|p1b: Dondozo\n|-resisted|p1b: Dondozo\n|-damage|p1b: Dondozo|48\/100\n|-unboost|p2a: Volcarona|spa|2\n|move|p2b: Tyranitar|Rock Slide|p1b: Dondozo\n|-damage|p1b: Dondozo|22\/100\n|move|p1b: Dondozo|Wave Crash|p2b: Tyranitar\n|-damage|p2b: Tyranitar|5\/100\n|-damage|p1b: Dondozo|13\/100|[from] Recoil\n|\n|-end|p2b: Tyranitar|move: Yawn|[silent]\n|-status|p2b: Tyranitar|slp\n|-enditem|p2b: Tyranitar|Lum Berry|[eat]\n|-curestatus|p2b: Tyranitar|slp|[msg]\n|upkeep\n|turn|12\n|\n|t:|1729643721\n|move|p2a: Volcarona|Overheat|p1b: Dondozo\n|-resisted|p1b: Dondozo\n|-damage|p1b: Dondozo|0 fnt\n|-unboost|p2a: Volcarona|spa|2\n|faint|p1b: Dondozo\n|\n|win|StrangrDangr\n|raw|647w's rating: 1693 &rarr; <strong>1674<\/strong><br \/>(-19 for losing)\n|raw|StrangrDangr's rating: 1706 &rarr; <strong>1725<\/strong><br \/>(+19 for winning)\n|l|\u2606647w\n|player|p1|\n|l|\u2606StrangrDangr\n|player|p2|\n|l| sauromon\n","uploadtime":1729643954,"views":23,"formatid":"gen9vgc2024regh","rating":1674,"private":0,"password":null}