{"id":"gen9vgc2024regh-2228188989","format":"[Gen 9] VGC 2024 Reg H","players":["Krillinionaire","magnusmagnum"],"log":"|j|\u2606Krillinionaire\n|j|\u2606magnusmagnum\n|t:|1729572208\n|gametype|doubles\n|player|p1|Krillinionaire|roughneck|1744\n|player|p2|magnusmagnum|101|1787\n|teamsize|p1|6\n|teamsize|p2|6\n|gen|9\n|tier|[Gen 9] VGC 2024 Reg H\n|rated|\n|rule|Species Clause: Limit one of each Pok\u00e9mon\n|rule|Item Clause: Limit 1 of each item\n|clearpoke\n|poke|p1|Annihilape, L50, F|\n|poke|p1|Ursaluna-Bloodmoon, L50, M|\n|poke|p1|Gholdengo, L50|\n|poke|p1|Dragonite, L50, M|\n|poke|p1|Rillaboom, L50, M|\n|poke|p1|Incineroar, L50, M|\n|poke|p2|Ursaluna, L50, M|\n|poke|p2|Hatterene, L50, F|\n|poke|p2|Exeggutor, L50, M|\n|poke|p2|Gallade, L50, M|\n|poke|p2|Torkoal, L50, M|\n|poke|p2|Indeedee-F, L50, F|\n|teampreview|4\n|j| GameLurker69\n|inactive|Battle timer is ON: inactive players will automatically lose when time's up. (requested by magnusmagnum)\n|\n|t:|1729572279\n|start\n|switch|p1a: Annihilape|Annihilape, L50, F|100\/100\n|switch|p1b: Incineroar|Incineroar, L50, M|100\/100\n|switch|p2a: Ursaluna|Ursaluna, L50, M|100\/100\n|switch|p2b: Exeggutor|Exeggutor, L50, M|100\/100\n|-ability|p1b: Incineroar|Intimidate|boost\n|-unboost|p2a: Ursaluna|atk|1\n|-unboost|p2b: Exeggutor|atk|1\n|turn|1\n|inactive|Krillinionaire has 30 seconds left.\n|inactive|magnusmagnum has 30 seconds left.\n|inactive|magnusmagnum has 20 seconds left.\n|inactive|magnusmagnum has 15 seconds left.\n|inactive|magnusmagnum has 10 seconds left.\n|inactive|magnusmagnum has 5 seconds left.\n|\n|t:|1729572330\n|move|p1a: Annihilape|Protect|p1a: Annihilape\n|-singleturn|p1a: Annihilape|Protect\n|move|p2a: Ursaluna|Protect|p2a: Ursaluna\n|-singleturn|p2a: Ursaluna|Protect\n|move|p2b: Exeggutor|Sleep Powder|p1b: Incineroar|[miss]\n|-miss|p2b: Exeggutor|p1b: Incineroar\n|move|p1b: Incineroar|Knock Off|p2b: Exeggutor\n|-supereffective|p2b: Exeggutor\n|-damage|p2b: Exeggutor|5\/100\n|-enditem|p2b: Exeggutor|Focus Sash|[from] move: Knock Off|[of] p1b: Incineroar\n|\n|-status|p2a: Ursaluna|brn|[from] item: Flame Orb\n|upkeep\n|turn|2\n|inactive|magnusmagnum has 30 seconds left.\n|inactive|magnusmagnum has 20 seconds left.\n|j| futonkagebunshin\n|inactive|magnusmagnum has 15 seconds left.\n|inactive|magnusmagnum has 10 seconds left.\n|\n|t:|1729572379\n|switch|p2b: Torkoal|Torkoal, L50, M|100\/100\n|-weather|SunnyDay|[from] ability: Drought|[of] p2b: Torkoal\n|move|p1a: Annihilape|Shadow Claw|p2b: Torkoal\n|-damage|p2b: Torkoal|75\/100\n|move|p1b: Incineroar|Parting Shot|p2a: Ursaluna\n|-unboost|p2a: Ursaluna|atk|1\n|-unboost|p2a: Ursaluna|spa|1\n|\n|t:|1729572388\n|switch|p1b: Dragonite|Dragonite, L50, M|100\/100|[from] Parting Shot\n|move|p2a: Ursaluna|Headlong Rush|p1b: Dragonite\n|-immune|p1b: Dragonite\n|\n|-weather|SunnyDay|[upkeep]\n|-damage|p2a: Ursaluna|95\/100 brn|[from] brn\n|upkeep\n|turn|3\n|\n|t:|1729572410\n|switch|p2a: Indeedee|Indeedee-F, L50, F|100\/100\n|-fieldstart|move: Psychic Terrain|[from] ability: Psychic Surge|[of] p2a: Indeedee\n|move|p1a: Annihilape|Protect|p1a: Annihilape\n|-singleturn|p1a: Annihilape|Protect\n|move|p1b: Dragonite|Scale Shot|p2a: Indeedee\n|-damage|p2a: Indeedee|86\/100\n|-damage|p2a: Indeedee|72\/100\n|-damage|p2a: Indeedee|57\/100\n|-damage|p2a: Indeedee|41\/100\n|-damage|p2a: Indeedee|26\/100\n|-hitcount|p2a: Indeedee|5\n|-unboost|p1b: Dragonite|def|1\n|-boost|p1b: Dragonite|spe|1\n|move|p2b: Torkoal|Heat Wave|p1b: Dragonite|[spread] \n|-activate|p1a: Annihilape|move: Protect\n|-miss|p2b: Torkoal|p1b: Dragonite\n|\n|-weather|SunnyDay|[upkeep]\n|upkeep\n|turn|4\n|l| futonkagebunshin\n|inactive|magnusmagnum has 30 seconds left.\n|inactive|Krillinionaire has 30 seconds left.\n|\n|t:|1729572442\n|-terastallize|p1a: Annihilape|Stellar\n|move|p2a: Indeedee|Helping Hand|p2b: Torkoal\n|-singleturn|p2b: Torkoal|Helping Hand|[of] p2a: Indeedee\n|move|p1b: Dragonite|Scale Shot|p2a: Indeedee\n|-damage|p2a: Indeedee|12\/100\n|-damage|p2a: Indeedee|0 fnt\n|faint|p2a: Indeedee\n|-hitcount|p2: Indeedee|2\n|-unboost|p1b: Dragonite|def|1\n|-boost|p1b: Dragonite|spe|1\n|move|p1a: Annihilape|Close Combat|p2b: Torkoal\n|-damage|p2b: Torkoal|19\/100\n|-unboost|p1a: Annihilape|def|1\n|-unboost|p1a: Annihilape|spd|1\n|move|p2b: Torkoal|Heat Wave|p1a: Annihilape|[spread] p1a,p1b\n|-resisted|p1b: Dragonite\n|-damage|p1a: Annihilape|0 fnt\n|-damage|p1b: Dragonite|75\/100\n|faint|p1a: Annihilape\n|\n|-weather|SunnyDay|[upkeep]\n|upkeep\n|\n|t:|1729572458\n|switch|p1a: Rillaboom|Rillaboom, L50, M|100\/100\n|switch|p2a: Exeggutor|Exeggutor, L50, M|5\/100\n|-fieldstart|move: Grassy Terrain|[from] ability: Grassy Surge|[of] p1a: Rillaboom\n|turn|5\n|c| GameLurker69|@Magnusmagnum why not go for TR on this lead?\n|\n|t:|1729572481\n|move|p1b: Dragonite|Low Kick|p2a: Exeggutor\n|-resisted|p2a: Exeggutor\n|-damage|p2a: Exeggutor|0 fnt\n|faint|p2a: Exeggutor\n|move|p1a: Rillaboom|Wood Hammer|p2b: Torkoal\n|-resisted|p2b: Torkoal\n|-damage|p2b: Torkoal|0 fnt\n|faint|p2b: Torkoal\n|-damage|p1a: Rillaboom|95\/100|[from] Recoil\n|\n|-weather|SunnyDay|[upkeep]\n|-heal|p1a: Rillaboom|100\/100|[from] Grassy Terrain\n|upkeep\n|c|\u2606magnusmagnum|idk just picked this up\n|c|\u2606magnusmagnum|gg\n|j| mr pogostick\n|\n|t:|1729572502\n|switch|p2b: Ursaluna|Ursaluna, L50, M|95\/100 brn\n|turn|6\n|\n|t:|1729572507\n|move|p1b: Dragonite|Low Kick|p2b: Ursaluna\n|-supereffective|p2b: Ursaluna\n|-damage|p2b: Ursaluna|31\/100 brn\n|move|p1a: Rillaboom|Wood Hammer|p2b: Ursaluna\n|-supereffective|p2b: Ursaluna\n|-damage|p2b: Ursaluna|0 fnt\n|faint|p2b: Ursaluna\n|-damage|p1a: Rillaboom|89\/100|[from] Recoil\n|\n|win|Krillinionaire\n|raw|Krillinionaire's rating: 1744 &rarr; <strong>1766<\/strong><br \/>(+22 for winning)\n|raw|magnusmagnum's rating: 1787 &rarr; <strong>1765<\/strong><br \/>(-22 for losing)\n|l|\u2606Krillinionaire\n|player|p1|\n|j| futonkagebunshin\n|l| mr pogostick\n|j|\u2606Krillinionaire\n|player|p1|Krillinionaire|roughneck|\n","uploadtime":1729572649,"views":49,"formatid":"gen9vgc2024regh","rating":1765,"private":0,"password":null}