{"id":"gen9vgc2024regh-2228900796","format":"[Gen 9] VGC 2024 Reg H","players":["greenlightdmp","fangame10"],"log":"|j|\u2606greenlightdmp\n|j|\u2606fangame10\n|t:|1729652248\n|gametype|doubles\n|player|p1|greenlightdmp|169|1697\n|player|p2|fangame10|red|1744\n|teamsize|p1|6\n|teamsize|p2|6\n|gen|9\n|tier|[Gen 9] VGC 2024 Reg H\n|rated|\n|rule|Species Clause: Limit one of each Pok\u00e9mon\n|rule|Item Clause: Limit 1 of each item\n|clearpoke\n|poke|p1|Incineroar, L50, M|\n|poke|p1|Amoonguss, L50, F|\n|poke|p1|Pelipper, L50, F|\n|poke|p1|Archaludon, L50, F|\n|poke|p1|Gholdengo, L50|\n|poke|p1|Basculegion, L50, M|\n|poke|p2|Glaceon, L50, F|\n|poke|p2|Ninetales-Alola, L50, F|\n|poke|p2|Milotic, L50, M|\n|poke|p2|Skeledirge, L50, M|\n|poke|p2|Rillaboom, L50, M|\n|poke|p2|Annihilape, L50, F|\n|teampreview|4\n|inactive|Battle timer is ON: inactive players will automatically lose when time's up. (requested by fangame10)\n|inactive|greenlightdmp has 60 seconds left.\n|inactive|fangame10 has 60 seconds left.\n|\n|t:|1729652298\n|start\n|switch|p1a: Archaludon|Archaludon, L50, F|100\/100\n|switch|p1b: Mezie|Gholdengo, L50|100\/100\n|switch|p2a: Milotic|Milotic, L50, M, shiny|100\/100\n|switch|p2b: Annihilape|Annihilape, L50, F|100\/100\n|turn|1\n|inactive|greenlightdmp has 30 seconds left.\n|inactive|fangame10 has 30 seconds left.\n|\n|t:|1729652332\n|switch|p1a: Rich|Basculegion, L50, M|100\/100\n|-terastallize|p2b: Annihilape|Electric\n|move|p2b: Annihilape|Close Combat|p1a: Rich\n|-immune|p1a: Rich\n|move|p2a: Milotic|Hypnosis|p1a: Rich\n|-status|p1a: Rich|slp|[from] move: Hypnosis\n|move|p1b: Mezie|Nasty Plot|p1b: Mezie\n|-boost|p1b: Mezie|spa|2\n|\n|upkeep\n|turn|2\n|inactive|greenlightdmp has 30 seconds left.\n|inactive|fangame10 has 30 seconds left.\n|inactive|fangame10 has 20 seconds left.\n|\n|t:|1729652373\n|cant|p1a: Rich|slp\n|move|p2b: Annihilape|Rage Fist|p1b: Mezie\n|-supereffective|p1b: Mezie\n|-damage|p1b: Mezie|55\/100\n|move|p2a: Milotic|Muddy Water|p1a: Rich|[spread] p1a,p1b\n|-resisted|p1a: Rich\n|-damage|p1a: Rich|87\/100 slp\n|-damage|p1b: Mezie|32\/100\n|move|p1b: Mezie|Shadow Ball|p2b: Annihilape\n|-damage|p2b: Annihilape|0 fnt\n|faint|p2b: Annihilape\n|-damage|p1b: Mezie|23\/100|[from] item: Life Orb\n|\n|upkeep\n|\n|t:|1729652380\n|switch|p2b: Rillaboom|Rillaboom, L50, M, shiny|100\/100\n|-fieldstart|move: Grassy Terrain|[from] ability: Grassy Surge|[of] p2b: Rillaboom\n|turn|3\n|\n|t:|1729652397\n|switch|p1a: Archaludon|Archaludon, L50, F|100\/100\n|move|p1b: Mezie|Protect|p1b: Mezie\n|-singleturn|p1b: Mezie|Protect\n|move|p2b: Rillaboom|Grassy Glide|p1b: Mezie\n|-activate|p1b: Mezie|move: Protect\n|move|p2a: Milotic|Coil|p2a: Milotic\n|-boost|p2a: Milotic|atk|1\n|-boost|p2a: Milotic|def|1\n|-boost|p2a: Milotic|accuracy|1\n|\n|-heal|p1b: Mezie|29\/100|[from] Grassy Terrain\n|upkeep\n|turn|4\n|inactive|greenlightdmp has 30 seconds left.\n|inactive|greenlightdmp has 20 seconds left.\n|inactive|greenlightdmp has 15 seconds left.\n|inactive|greenlightdmp has 10 seconds left.\n|inactive|greenlightdmp has 5 seconds left.\n|\n|t:|1729652448\n|move|p2b: Rillaboom|Grassy Glide|p1b: Mezie\n|-resisted|p1b: Mezie\n|-damage|p1b: Mezie|2\/100\n|move|p2a: Milotic|Hypnosis|p1a: Archaludon\n|-status|p1a: Archaludon|slp|[from] move: Hypnosis\n|cant|p1a: Archaludon|slp\n|move|p1b: Mezie|Make It Rain|p2a: Milotic|[spread] p2a,p2b\n|-resisted|p2a: Milotic\n|-damage|p2a: Milotic|64\/100\n|-damage|p2b: Rillaboom|0 fnt\n|-unboost|p1b: Mezie|spa|1\n|faint|p2b: Rillaboom\n|-damage|p1b: Mezie|0 fnt|[from] item: Life Orb\n|faint|p1b: Mezie\n|\n|-heal|p2a: Milotic|70\/100|[from] Grassy Terrain\n|upkeep\n|j| slyck.VGC\n|inactive|greenlightdmp has 30 seconds left.\n|\n|t:|1729652474\n|switch|p1b: Rich|Basculegion, L50, M|87\/100 slp\n|switch|p2b: Ninetales|Ninetales-Alola, L50, F, shiny|100\/100\n|-weather|Snow|[from] ability: Snow Warning|[of] p2b: Ninetales\n|turn|5\n|\n|t:|1729652501\n|cant|p1b: Rich|slp\n|move|p2b: Ninetales|Blizzard|p1a: Archaludon|[spread] p1a,p1b\n|-resisted|p1b: Rich\n|-damage|p1a: Archaludon|74\/100 slp\n|-damage|p1b: Rich|69\/100 slp\n|-ability|p1a: Archaludon|Stamina|boost\n|-boost|p1a: Archaludon|def|1\n|cant|p1a: Archaludon|slp\n|move|p2a: Milotic|Coil|p2a: Milotic\n|-boost|p2a: Milotic|atk|1\n|-boost|p2a: Milotic|def|1\n|-boost|p2a: Milotic|accuracy|1\n|\n|-weather|Snow|[upkeep]\n|-heal|p1b: Rich|75\/100 slp|[from] Grassy Terrain\n|-heal|p2a: Milotic|76\/100|[from] Grassy Terrain\n|-heal|p1a: Archaludon|80\/100 slp|[from] Grassy Terrain\n|upkeep\n|turn|6\n|inactive|greenlightdmp has 30 seconds left.\n|\n|t:|1729652526\n|switch|p1b: Ushni|Pelipper, L50, F|100\/100\n|-weather|RainDance|[from] ability: Drizzle|[of] p1b: Ushni\n|move|p2b: Ninetales|Moonblast|p1b: Ushni\n|-damage|p1b: Ushni|38\/100\n|move|p2a: Milotic|Muddy Water|p1b: Ushni|[spread] p1a,p1b\n|-resisted|p1a: Archaludon\n|-resisted|p1b: Ushni\n|-damage|p1a: Archaludon|66\/100 slp\n|-damage|p1b: Ushni|9\/100\n|-unboost|p1b: Ushni|accuracy|1\n|-ability|p1a: Archaludon|Stamina|boost\n|-boost|p1a: Archaludon|def|1\n|-curestatus|p1a: Archaludon|slp|[msg]\n|move|p1a: Archaludon|Flash Cannon|p2b: Ninetales\n|-supereffective|p2b: Ninetales\n|-damage|p2b: Ninetales|0 fnt\n|faint|p2b: Ninetales\n|\n|-weather|RainDance|[upkeep]\n|-heal|p2a: Milotic|82\/100|[from] Grassy Terrain\n|-heal|p1a: Archaludon|72\/100|[from] Grassy Terrain\n|upkeep\n|turn|7\n|-message|fangame10 forfeited.\n|\n|win|greenlightdmp\n|raw|greenlightdmp's rating: 1697 &rarr; <strong>1720<\/strong><br \/>(+23 for winning)\n|raw|fangame10's rating: 1744 &rarr; <strong>1721<\/strong><br \/>(-23 for losing)\n|l|\u2606fangame10\n|player|p2|\n|l| slyck.VGC\n|l|\u2606greenlightdmp\n|player|p1|\n|j|\u2606greenlightdmp\n|player|p1|greenlightdmp|169|\n|l|\u2606greenlightdmp\n|player|p1|\n","uploadtime":1729652556,"views":40,"formatid":"gen9vgc2024regh","rating":1720,"private":0,"password":null}