{"id":"gen9vgc2024regh-2228872518","format":"[Gen 9] VGC 2024 Reg H","players":["rgktest","superpowerpoke"],"log":"|j|\u2606rgktest\n|j|\u2606superpowerpoke\n|t:|1729648681\n|gametype|doubles\n|player|p1|rgktest|brycenman|1804\n|player|p2|superpowerpoke|1|1839\n|teamsize|p1|6\n|teamsize|p2|6\n|gen|9\n|tier|[Gen 9] VGC 2024 Reg H\n|rated|\n|rule|Species Clause: Limit one of each Pok\u00e9mon\n|rule|Item Clause: Limit 1 of each item\n|clearpoke\n|poke|p1|Amoonguss, L50, F|\n|poke|p1|Incineroar, L50, F|\n|poke|p1|Annihilape, L50, F|\n|poke|p1|Ninetales-Alola, L50, F|\n|poke|p1|Garchomp, L50, F|\n|poke|p1|Dragonite, L50, M|\n|poke|p2|Gholdengo, L50|\n|poke|p2|Ninetales-Alola, L50, M|\n|poke|p2|Ursaluna-Bloodmoon, L50, M|\n|poke|p2|Dondozo, L50, M|\n|poke|p2|Annihilape, L50, F|\n|poke|p2|Incineroar, L50, M|\n|teampreview|4\nsuperpowerpoke rejected open team sheets.\n|\n|t:|1729648752\n|start\n|switch|p1a: Annihilape|Annihilape, L50, F|100\/100\n|switch|p1b: Garchomp|Garchomp, L50, F, shiny|100\/100\n|switch|p2a: Ninetales|Ninetales-Alola, L50, M|100\/100\n|switch|p2b: Annihilape|Annihilape, L50, F|100\/100\n|-weather|Snow|[from] ability: Snow Warning|[of] p2a: Ninetales\n|turn|1\n|\n|t:|1729648784\n|switch|p1b: Ninetales|Ninetales-Alola, L50, F, shiny|100\/100\n|-terastallize|p1a: Annihilape|Water\n|move|p2a: Ninetales|Moonblast|p1a: Annihilape\n|-damage|p1a: Annihilape|57\/100\n|-damage|p2a: Ninetales|91\/100|[from] item: Life Orb\n|move|p1a: Annihilape|Bulk Up|p1a: Annihilape\n|-boost|p1a: Annihilape|atk|1\n|-boost|p1a: Annihilape|def|1\n|move|p2b: Annihilape|Bulk Up|p2b: Annihilape\n|-boost|p2b: Annihilape|atk|1\n|-boost|p2b: Annihilape|def|1\n|\n|-weather|Snow|[upkeep]\n|upkeep\n|turn|2\n|\n|t:|1729648836\n|-terastallize|p2a: Ninetales|Ice\n|move|p1a: Annihilape|Protect|p1a: Annihilape\n|-singleturn|p1a: Annihilape|Protect\n|move|p2a: Ninetales|Freeze-Dry|p1a: Annihilape\n|-activate|p1a: Annihilape|move: Protect\n|move|p1b: Ninetales|Moonblast|p2a: Ninetales\n|-damage|p2a: Ninetales|34\/100\n|move|p2b: Annihilape|Drain Punch|p1b: Ninetales\n|-damage|p1b: Ninetales|63\/100\n|\n|-weather|Snow|[upkeep]\n|upkeep\n|turn|3\n|inactive|Battle timer is ON: inactive players will automatically lose when time's up. (requested by rgktest)\n|\n|t:|1729648869\n|move|p2a: Ninetales|Freeze-Dry|p1a: Annihilape\n|-supereffective|p1a: Annihilape\n|-damage|p1a: Annihilape|0 fnt\n|faint|p1a: Annihilape\n|-damage|p2a: Ninetales|24\/100|[from] item: Life Orb\n|move|p1b: Ninetales|Moonblast|p2a: Ninetales\n|-damage|p2a: Ninetales|0 fnt\n|faint|p2a: Ninetales\n|move|p2b: Annihilape|Bulk Up|p2b: Annihilape\n|-boost|p2b: Annihilape|atk|1\n|-boost|p2b: Annihilape|def|1\n|\n|-weather|Snow|[upkeep]\n|upkeep\n|\n|t:|1729648883\n|switch|p2a: Gholdengo|Gholdengo, L50|100\/100\n|switch|p1a: Incineroar|Incineroar, L50, F|100\/100\n|-ability|p1a: Incineroar|Intimidate|boost\n|-unboost|p2a: Gholdengo|atk|1\n|-unboost|p2b: Annihilape|atk|1\n|-ability|p2b: Annihilape|Defiant|boost\n|-boost|p2b: Annihilape|atk|2\n|turn|4\n|\n|t:|1729648903\n|switch|p1b: Garchomp|Garchomp, L50, F, shiny|100\/100\n|move|p2a: Gholdengo|Make It Rain|p1a: Incineroar|[spread] p1a,p1b\n|-resisted|p1a: Incineroar\n|-damage|p1a: Incineroar|78\/100\n|-damage|p1b: Garchomp|51\/100\n|-unboost|p2a: Gholdengo|spa|1\n|move|p2b: Annihilape|Drain Punch|p1a: Incineroar\n|-supereffective|p1a: Incineroar\n|-damage|p1a: Incineroar|0 fnt\n|-damage|p2b: Annihilape|84\/100|[from] item: Rocky Helmet|[of] p1a: Incineroar\n|faint|p1a: Incineroar\n|\n|-weather|Snow|[upkeep]\n|-heal|p2b: Annihilape|90\/100|[from] item: Leftovers\n|upkeep\n|\n|t:|1729648910\n|switch|p1a: Ninetales|Ninetales-Alola, L50, F, shiny|63\/100\n|turn|5\n|\n|t:|1729648924\n|move|p2a: Gholdengo|Make It Rain|p1b: Garchomp|[spread] p1a,p1b\n|-supereffective|p1a: Ninetales\n|-damage|p1a: Ninetales|0 fnt\n|-damage|p1b: Garchomp|14\/100\n|-unboost|p2a: Gholdengo|spa|1\n|faint|p1a: Ninetales\n|move|p1b: Garchomp|Stomping Tantrum|p2a: Gholdengo\n|-supereffective|p2a: Gholdengo\n|-damage|p2a: Gholdengo|0 fnt\n|faint|p2a: Gholdengo\n|move|p2b: Annihilape|Drain Punch|p1b: Garchomp\n|-crit|p1b: Garchomp\n|-damage|p1b: Garchomp|0 fnt\n|-heal|p2b: Annihilape|97\/100|[from] drain|[of] p1b: Garchomp\n|-damage|p2b: Annihilape|84\/100|[from] ability: Rough Skin|[of] p1b: Garchomp\n|faint|p1b: Garchomp\n|\n|win|superpowerpoke\n|raw|rgktest's rating: 1804 &rarr; <strong>1786<\/strong><br \/>(-18 for losing)\n|raw|superpowerpoke's rating: 1839 &rarr; <strong>1857<\/strong><br \/>(+18 for winning)\n|l|\u2606rgktest\n|player|p1|\n|l|\u2606superpowerpoke\n|player|p2|\n","uploadtime":1729649084,"views":26,"formatid":"gen9vgc2024regh","rating":1786,"private":0,"password":null}