{"id":"gen9vgc2024regh-2228236397","format":"[Gen 9] VGC 2024 Reg H","players":["OSAMABINGETINLADIN","Turychivas24"],"log":"|j|\u2606OSAMABINGETINLADIN\n|j|\u2606Turychivas24\n|t:|1729580577\n|gametype|doubles\n|player|p1|OSAMABINGETINLADIN|policeman-gen4|1789\n|player|p2|Turychivas24|169|1667\n|teamsize|p1|6\n|teamsize|p2|6\n|gen|9\n|tier|[Gen 9] VGC 2024 Reg H\n|rated|\n|rule|Species Clause: Limit one of each Pok\u00e9mon\n|rule|Item Clause: Limit 1 of each item\n|clearpoke\n|poke|p1|Sneasler, L50, M|\n|poke|p1|Indeedee, L50, M|\n|poke|p1|Dragapult, L50, F|\n|poke|p1|Decidueye-Hisui, L50, F|\n|poke|p1|Typhlosion-Hisui, L50, F|\n|poke|p1|Whimsicott, L50, M|\n|poke|p2|Dondozo, L50, F|\n|poke|p2|Tatsugiri, L50, F|\n|poke|p2|Sylveon, L50, F|\n|poke|p2|Conkeldurr, L50, M|\n|poke|p2|Arcanine-Hisui, L50, F|\n|poke|p2|Rillaboom, L50, M|\n|teampreview|4\n|inactive|Battle timer is ON: inactive players will automatically lose when time's up. (requested by OSAMABINGETINLADIN)\n|j| Rabbithorn05\n|inactive|OSAMABINGETINLADIN has 60 seconds left.\n|\n|t:|1729580629\n|start\n|switch|p1a: Luis Carruthers|Whimsicott, L50, M|100\/100\n|switch|p1b: Marcus Halberstram|Dragapult, L50, F|100\/100\n|switch|p2a: Dondozo|Dondozo, L50, F|100\/100\n|switch|p2b: Arcanine|Arcanine-Hisui, L50, F, shiny|100\/100\n|-ability|p2b: Arcanine|Intimidate|boost\n|-unboost|p1a: Luis Carruthers|atk|1\n|-fail|p1b: Marcus Halberstram|unboost|[from] ability: Clear Body|[of] p1b: Marcus Halberstram\n|turn|1\n|inactive|Turychivas24 has 30 seconds left.\n|\n|t:|1729580656\n|switch|p2b: Tatsugiri|Tatsugiri, L50, F|100\/100\n|-activate|p2b: Tatsugiri|ability: Commander|[of] p2a: Dondozo\n|-boost|p2a: Dondozo|atk|2\n|-boost|p2a: Dondozo|spa|2\n|-boost|p2a: Dondozo|spe|2\n|-boost|p2a: Dondozo|def|2\n|-boost|p2a: Dondozo|spd|2\n|move|p1a: Luis Carruthers|Tailwind|p1a: Luis Carruthers\n|-sidestart|p1: OSAMABINGETINLADIN|move: Tailwind\n|move|p1b: Marcus Halberstram|Breaking Swipe|p2b: Tatsugiri|[spread] p2a\n|-miss|p1b: Marcus Halberstram|p2b: Tatsugiri\n|-damage|p2a: Dondozo|88\/100\n|move|p2a: Dondozo|Earthquake|p1a: Luis Carruthers|[spread] p1a,p1b\n|-miss|p2a: Dondozo|p2b: Tatsugiri\n|-resisted|p1a: Luis Carruthers\n|-damage|p1a: Luis Carruthers|71\/100\n|-damage|p1b: Marcus Halberstram|40\/100\n|\n|upkeep\n|turn|2\n|inactive|OSAMABINGETINLADIN has 30 seconds left.\n|\n|t:|1729580682\n|switch|p1b: Timothy Bryce|Decidueye-Hisui, L50, F|100\/100\n|move|p1a: Luis Carruthers|Moonblast|p2a: Dondozo\n|-damage|p2a: Dondozo|78\/100\n|move|p2a: Dondozo|Earthquake|p1a: Luis Carruthers|[spread] p1a,p1b\n|-miss|p2a: Dondozo|p2b: Tatsugiri\n|-resisted|p1a: Luis Carruthers\n|-resisted|p1b: Timothy Bryce\n|-damage|p1a: Luis Carruthers|40\/100\n|-damage|p1b: Timothy Bryce|69\/100\n|\n|upkeep\n|turn|3\n|\n|t:|1729580693\n|-terastallize|p2a: Dondozo|Flying\n|move|p1a: Luis Carruthers|Moonblast|p2a: Dondozo\n|-damage|p2a: Dondozo|67\/100\n|move|p1b: Timothy Bryce|Haze|p1b: Timothy Bryce\n|-clearallboost\n|move|p2a: Dondozo|Tera Blast|p1b: Timothy Bryce|[anim] Tera Blast Flying\n|-supereffective|p1b: Timothy Bryce\n|-damage|p1b: Timothy Bryce|0 fnt\n|faint|p1b: Timothy Bryce\n|\n|upkeep\n|\n|t:|1729580699\n|switch|p1b: David Van Patten|Typhlosion-Hisui, L50, F|100\/100\n|turn|4\n|\n|t:|1729580713\n|-terastallize|p1b: David Van Patten|Fire\n|move|p1a: Luis Carruthers|Moonblast|p2b: Tatsugiri|[miss]\n|-miss|p1a: Luis Carruthers|p2b: Tatsugiri\n|move|p1b: David Van Patten|Eruption|p2a: Dondozo|[spread] p2a\n|-miss|p1b: David Van Patten|p2b: Tatsugiri\n|-damage|p2a: Dondozo|0 fnt\n|faint|p2a: Dondozo\n|\n|-sideend|p1: OSAMABINGETINLADIN|move: Tailwind\n|upkeep\n|j| mr pogostick\n|l| mr pogostick\n|\n|t:|1729580723\n|switch|p2a: Arcanine|Arcanine-Hisui, L50, F, shiny|100\/100\n|-ability|p2a: Arcanine|Intimidate|boost\n|-unboost|p1a: Luis Carruthers|atk|1\n|-unboost|p1b: David Van Patten|atk|1\n|turn|5\n|\n|t:|1729580731\n|move|p1a: Luis Carruthers|Tailwind|p1a: Luis Carruthers\n|-sidestart|p1: OSAMABINGETINLADIN|move: Tailwind\n|move|p1b: David Van Patten|Eruption|p2b: Tatsugiri|[spread] p2a,p2b\n|-resisted|p2a: Arcanine\n|-resisted|p2b: Tatsugiri\n|-damage|p2a: Arcanine|68\/100\n|-damage|p2b: Tatsugiri|70\/100\n|move|p2a: Arcanine|Rock Slide|p1a: Luis Carruthers|[spread] p1a\n|-miss|p2a: Arcanine|p1b: David Van Patten\n|-damage|p1a: Luis Carruthers|8\/100\n|move|p2b: Tatsugiri|Muddy Water|p1a: Luis Carruthers|[spread] p1a,p1b\n|-resisted|p1a: Luis Carruthers\n|-supereffective|p1b: David Van Patten\n|-damage|p1a: Luis Carruthers|0 fnt\n|-damage|p1b: David Van Patten|12\/100\n|faint|p1a: Luis Carruthers\n|\n|upkeep\n|j| nieduidui\n|\n|t:|1729580733\n|switch|p1a: Marcus Halberstram|Dragapult, L50, F|40\/100\n|turn|6\n|\n|t:|1729580748\n|move|p1a: Marcus Halberstram|Dragon Darts|p2a: Arcanine\n|-damage|p2a: Arcanine|15\/100\n|-anim|p1a: Marcus Halberstram|Dragon Darts|p2b: Tatsugiri\n|-supereffective|p2b: Tatsugiri\n|-damage|p2b: Tatsugiri|0 fnt\n|faint|p2b: Tatsugiri\n|move|p1b: David Van Patten|Eruption|p2a: Arcanine\n|-resisted|p2a: Arcanine\n|-damage|p2a: Arcanine|7\/100\n|move|p2a: Arcanine|Rock Slide|p1a: Marcus Halberstram|[spread] p1a,p1b\n|-supereffective|p1b: David Van Patten\n|-damage|p1a: Marcus Halberstram|0 fnt\n|-damage|p1b: David Van Patten|0 fnt\n|faint|p1a: Marcus Halberstram\n|faint|p1b: David Van Patten\n|\n|win|Turychivas24\n|raw|OSAMABINGETINLADIN's rating: 1789 &rarr; <strong>1762<\/strong><br \/>(-27 for losing)\n|raw|Turychivas24's rating: 1667 &rarr; <strong>1694<\/strong><br \/>(+27 for winning)\n|l|\u2606OSAMABINGETINLADIN\n|player|p1|\n","uploadtime":1729580761,"views":13,"formatid":"gen9vgc2024regh","rating":1694,"private":0,"password":null}