{"id":"gen9vgc2024regh-2229383278","format":"[Gen 9] VGC 2024 Reg H","players":["OLD PRO","juacox300"],"log":"|j|\u2606OLD PRO\n|j|\u2606juacox300\n|t:|1729709275\n|gametype|doubles\n|player|p1|OLD PRO|gentleman|1646\n|player|p2|juacox300|unknown|1711\n|teamsize|p1|6\n|teamsize|p2|6\n|gen|9\n|tier|[Gen 9] VGC 2024 Reg H\n|rated|\n|rule|Species Clause: Limit one of each Pok\u00e9mon\n|rule|Item Clause: Limit 1 of each item\n|clearpoke\n|poke|p1|Pelipper, L50, F|\n|poke|p1|Archaludon, L50, F|\n|poke|p1|Oranguru, L50, M|\n|poke|p1|Ursaluna, L50, F|\n|poke|p1|Volcarona, L50, M|\n|poke|p1|Primarina, L50, M|\n|poke|p2|Ursaluna, L50, F|\n|poke|p2|Murkrow, L50, M|\n|poke|p2|Archaludon, L50, M|\n|poke|p2|Sneasler, L50, M|\n|poke|p2|Indeedee, L50, M|\n|poke|p2|Incineroar, L50, F|\n|teampreview|4\n|inactive|Battle timer is ON: inactive players will automatically lose when time's up. (requested by OLD PRO)\n|j| klcr\n|\n|t:|1729709314\n|start\n|switch|p1a: Pelipper|Pelipper, L50, F, shiny|100\/100\n|switch|p1b: Archaludon|Archaludon, L50, F, shiny|100\/100\n|switch|p2a: Nightwing|Sneasler, L50, M|100\/100\n|switch|p2b: Alfred|Indeedee, L50, M, shiny|100\/100\n|-fieldstart|move: Psychic Terrain|[from] ability: Psychic Surge|[of] p2b: Alfred\n|-enditem|p2a: Nightwing|Psychic Seed\n|-boost|p2a: Nightwing|spd|1|[from] item: Psychic Seed\n|-weather|RainDance|[from] ability: Drizzle|[of] p1a: Pelipper\n|turn|1\n|inactive|OLD PRO has 30 seconds left.\n|\n|t:|1729709340\n|-terastallize|p1b: Archaludon|Ghost\n|move|p1a: Pelipper|Wide Guard|p1a: Pelipper\n|-singleturn|p1a: Pelipper|Wide Guard\n|move|p2a: Nightwing|Dire Claw|p1a: Pelipper\n|-damage|p1a: Pelipper|40\/100\n|-status|p1a: Pelipper|slp\n|move|p2b: Alfred|Expanding Force|p1b: Archaludon|[spread] \n|-activate|p1a: Pelipper|move: Wide Guard\n|-activate|p1b: Archaludon|move: Wide Guard\n|move|p1b: Archaludon|Snarl|p2b: Alfred|[spread] p2b\n|-miss|p1b: Archaludon|p2a: Nightwing\n|-supereffective|p2b: Alfred\n|-damage|p2b: Alfred|66\/100\n|-unboost|p2b: Alfred|spa|1\n|\n|-weather|RainDance|[upkeep]\n|upkeep\n|turn|2\n|inactive|OLD PRO has 30 seconds left.\n|\n|t:|1729709365\n|switch|p2b: Archaludon|Archaludon, L50, M, shiny|100\/100\n|cant|p1a: Pelipper|slp\n|move|p2a: Nightwing|Dire Claw|p1a: Pelipper\n|-damage|p1a: Pelipper|0 fnt\n|faint|p1a: Pelipper\n|move|p1b: Archaludon|Electro Shot||[still]\n|-prepare|p1b: Archaludon|Electro Shot\n|-boost|p1b: Archaludon|spa|1\n|-anim|p1b: Archaludon|Electro Shot|p2b: Archaludon\n|-resisted|p2b: Archaludon\n|-damage|p2b: Archaludon|64\/100\n|-ability|p2b: Archaludon|Stamina|boost\n|-boost|p2b: Archaludon|def|1\n|\n|-weather|RainDance|[upkeep]\n|upkeep\n|\n|t:|1729709370\n|switch|p1a: Oranguru|Oranguru, L50, M, shiny|100\/100\n|turn|3\n|\n|t:|1729709385\n|move|p2a: Nightwing|Throat Chop|p1a: Oranguru\n|-supereffective|p1a: Oranguru\n|-damage|p1a: Oranguru|50\/100\n|-start|p1a: Oranguru|Throat Chop|[silent]\n|-enditem|p1a: Oranguru|Sitrus Berry|[eat]\n|-heal|p1a: Oranguru|75\/100|[from] item: Sitrus Berry\n|move|p2b: Archaludon|Electro Shot||[still]\n|-prepare|p2b: Archaludon|Electro Shot\n|-boost|p2b: Archaludon|spa|1\n|-anim|p2b: Archaludon|Electro Shot|p1a: Oranguru\n|-damage|p1a: Oranguru|23\/100\n|move|p1b: Archaludon|Electro Shot||[still]\n|-prepare|p1b: Archaludon|Electro Shot\n|-boost|p1b: Archaludon|spa|1\n|-anim|p1b: Archaludon|Electro Shot|p2a: Nightwing\n|-damage|p2a: Nightwing|19\/100\n|move|p1a: Oranguru|Trick Room|p1a: Oranguru\n|-fieldstart|move: Trick Room|[of] p1a: Oranguru\n|\n|-weather|RainDance|[upkeep]\n|upkeep\n|turn|4\n|\n|t:|1729709408\n|move|p2a: Nightwing|Protect|p2a: Nightwing\n|-singleturn|p2a: Nightwing|Protect\n|move|p1a: Oranguru|Psychic|p2a: Nightwing\n|-activate|p2a: Nightwing|move: Protect\n|move|p1b: Archaludon|Dragon Pulse|p2b: Archaludon\n|-damage|p2b: Archaludon|0 fnt\n|faint|p2b: Archaludon\n|\n|-weather|RainDance|[upkeep]\n|-end|p1a: Oranguru|Throat Chop|[silent]\n|upkeep\n|\n|t:|1729709414\n|switch|p2b: Murkrow|Murkrow, L50, M|100\/100\n|turn|5\n|\n|t:|1729709431\n|switch|p2a: Alfred|Indeedee, L50, M, shiny|66\/100\n|-terastallize|p2b: Murkrow|Grass\n|move|p1a: Oranguru|Psychic|p2a: Alfred\n|-resisted|p2a: Alfred\n|-damage|p2a: Alfred|40\/100\n|move|p2b: Murkrow|Brave Bird|p1a: Oranguru\n|-damage|p1a: Oranguru|0 fnt\n|faint|p1a: Oranguru\n|-damage|p2b: Murkrow|91\/100|[from] Recoil\n|move|p1b: Archaludon|Electro Shot||[still]\n|-prepare|p1b: Archaludon|Electro Shot\n|-boost|p1b: Archaludon|spa|1\n|-anim|p1b: Archaludon|Electro Shot|p2b: Murkrow\n|-resisted|p2b: Murkrow\n|-damage|p2b: Murkrow|45\/100\n|\n|-weather|none\n|-fieldend|move: Psychic Terrain\n|upkeep\n|\n|t:|1729709439\n|switch|p1a: Ursaluna|Ursaluna, L50, F, shiny|100\/100\n|turn|6\n|\n|t:|1729709449\n|move|p2b: Murkrow|Haze|p2b: Murkrow\n|-clearallboost\n|move|p1a: Ursaluna|Facade|p2a: Alfred\n|-damage|p2a: Alfred|0 fnt\n|faint|p2a: Alfred\n|move|p1b: Archaludon|Dragon Pulse|p2b: Murkrow\n|-damage|p2b: Murkrow|9\/100\n|\n|-status|p1a: Ursaluna|brn|[from] item: Flame Orb\n|upkeep\n|\n|t:|1729709452\n|switch|p2a: Nightwing|Sneasler, L50, M|19\/100\n|turn|7\n|-message|juacox300 forfeited.\n|\n|win|OLD PRO\n|raw|OLD PRO's rating: 1646 &rarr; <strong>1670<\/strong><br \/>(+24 for winning)\n|raw|juacox300's rating: 1711 &rarr; <strong>1687<\/strong><br \/>(-24 for losing)\n|l|\u2606juacox300\n|player|p2|\n|l|\u2606OLD PRO\n|player|p1|\n","uploadtime":1729709690,"views":8,"formatid":"gen9vgc2024regh","rating":1670,"private":0,"password":null}