{"id":"gen9vgc2024regh-2229738032","format":"[Gen 9] VGC 2024 Reg H","players":["fangame10","Xeoffee"],"log":"|j|\u2606fangame10\n|j|\u2606Xeoffee\n|t:|1729752272\n|gametype|doubles\n|player|p1|fangame10|red|1690\n|player|p2|Xeoffee|n|1686\n|teamsize|p1|6\n|teamsize|p2|6\n|gen|9\n|tier|[Gen 9] VGC 2024 Reg H\n|rated|\n|rule|Species Clause: Limit one of each Pok\u00e9mon\n|rule|Item Clause: Limit 1 of each item\n|clearpoke\n|poke|p1|Glaceon, L50, F|\n|poke|p1|Ninetales-Alola, L50, F|\n|poke|p1|Garchomp, L50, F|\n|poke|p1|Skeledirge, L50, M|\n|poke|p1|Rillaboom, L50, M|\n|poke|p1|Annihilape, L50, F|\n|poke|p2|Volcarona, L50, F|\n|poke|p2|Electabuzz, L50, F|\n|poke|p2|Rillaboom, L50, M|\n|poke|p2|Drifblim, L50, M|\n|poke|p2|Primarina, L50, M|\n|poke|p2|Ursaluna-Bloodmoon, L50, M|\n|teampreview|4\n|inactive|Battle timer is ON: inactive players will automatically lose when time's up. (requested by fangame10)\n|inactive|fangame10 has 60 seconds left.\n|\n|t:|1729752313\n|start\n|switch|p1a: Glaceon|Glaceon, L50, F, shiny|100\/100\n|switch|p1b: Ninetales|Ninetales-Alola, L50, F, shiny|100\/100\n|switch|p2a: Volcarona|Volcarona, L50, F|100\/100\n|switch|p2b: Rillaboom|Rillaboom, L50, M|100\/100\n|-weather|Snow|[from] ability: Snow Warning|[of] p1b: Ninetales\n|-fieldstart|move: Grassy Terrain|[from] ability: Grassy Surge|[of] p2b: Rillaboom\n|turn|1\n|inactive|Xeoffee has 30 seconds left.\n|\n|t:|1729752338\n|move|p1b: Ninetales|Protect|p1b: Ninetales\n|-singleturn|p1b: Ninetales|Protect\n|move|p2a: Volcarona|Quiver Dance|p2a: Volcarona\n|-boost|p2a: Volcarona|spa|1\n|-boost|p2a: Volcarona|spd|1\n|-boost|p2a: Volcarona|spe|1\n|move|p2b: Rillaboom|Wood Hammer|p1a: Glaceon\n|-damage|p1a: Glaceon|48\/100\n|-damage|p2b: Rillaboom|86\/100|[from] Recoil\n|move|p1a: Glaceon|Blizzard|p2a: Volcarona|[spread] p2a,p2b\n|-resisted|p2a: Volcarona\n|-crit|p2a: Volcarona\n|-supereffective|p2b: Rillaboom\n|-damage|p2a: Volcarona|68\/100\n|-damage|p2b: Rillaboom|11\/100\n|\n|-weather|Snow|[upkeep]\n|-heal|p2a: Volcarona|74\/100|[from] Grassy Terrain\n|-heal|p2a: Volcarona|80\/100|[from] item: Leftovers\n|-heal|p2b: Rillaboom|16\/100|[from] Grassy Terrain\n|-heal|p1a: Glaceon|54\/100|[from] Grassy Terrain\n|upkeep\n|turn|2\n|\n|t:|1729752360\n|switch|p1a: Skeledirge|Skeledirge, L50, M, shiny|100\/100\n|-terastallize|p1b: Ninetales|Fire\n|move|p2b: Rillaboom|Grassy Glide|p1b: Ninetales\n|-resisted|p1b: Ninetales\n|-damage|p1b: Ninetales|69\/100\n|move|p2a: Volcarona|Flamethrower|p1b: Ninetales\n|-resisted|p1b: Ninetales\n|-damage|p1b: Ninetales|28\/100\n|move|p1b: Ninetales|Aurora Veil|p1b: Ninetales\n|-sidestart|p1: fangame10|move: Aurora Veil\n|\n|-weather|Snow|[upkeep]\n|-heal|p2a: Volcarona|86\/100|[from] Grassy Terrain\n|-heal|p2a: Volcarona|93\/100|[from] item: Leftovers\n|-heal|p1b: Ninetales|34\/100|[from] Grassy Terrain\n|-heal|p2b: Rillaboom|22\/100|[from] Grassy Terrain\n|upkeep\n|turn|3\n|inactive|Xeoffee has 30 seconds left.\n|inactive|fangame10 has 30 seconds left.\n|\n|t:|1729752391\n|move|p2a: Volcarona|Flamethrower|p1b: Ninetales\n|-resisted|p1b: Ninetales\n|-damage|p1b: Ninetales|10\/100\n|move|p1b: Ninetales|Blizzard|p2b: Rillaboom|[spread] p2a,p2b\n|-resisted|p2a: Volcarona\n|-crit|p2a: Volcarona\n|-supereffective|p2b: Rillaboom\n|-damage|p2a: Volcarona|73\/100\n|-damage|p2b: Rillaboom|0 fnt\n|faint|p2b: Rillaboom\n|move|p1a: Skeledirge|Torch Song|p2a: Volcarona\n|-damage|p2a: Volcarona|37\/100\n|-boost|p1a: Skeledirge|spa|1\n|\n|-weather|Snow|[upkeep]\n|-heal|p2a: Volcarona|43\/100|[from] Grassy Terrain\n|-heal|p2a: Volcarona|49\/100|[from] item: Leftovers\n|-heal|p1b: Ninetales|16\/100|[from] Grassy Terrain\n|upkeep\n|\n|t:|1729752398\n|switch|p2b: Primarina|Primarina, L50, M|100\/100\n|turn|4\n|\n|t:|1729752411\n|-terastallize|p2a: Volcarona|Water\n|move|p2a: Volcarona|Flamethrower|p1b: Ninetales\n|-resisted|p1b: Ninetales\n|-damage|p1b: Ninetales|0 fnt\n|faint|p1b: Ninetales\n|move|p2b: Primarina|Hyper Voice|p1a: Skeledirge\n|-supereffective|p1a: Skeledirge\n|-damage|p1a: Skeledirge|42\/100\n|-enditem|p2b: Primarina|Throat Spray\n|-boost|p2b: Primarina|spa|1|[from] item: Throat Spray\n|move|p1a: Skeledirge|Torch Song|p2a: Volcarona\n|-resisted|p2a: Volcarona\n|-damage|p2a: Volcarona|24\/100\n|-boost|p1a: Skeledirge|spa|1\n|\n|-weather|Snow|[upkeep]\n|-heal|p2a: Volcarona|31\/100|[from] Grassy Terrain\n|-heal|p2a: Volcarona|37\/100|[from] item: Leftovers\n|-heal|p1a: Skeledirge|48\/100|[from] Grassy Terrain\n|-heal|p1a: Skeledirge|53\/100|[from] item: Leftovers\n|upkeep\n|\n|t:|1729752414\n|switch|p1b: Rillaboom|Rillaboom, L50, M, shiny|100\/100\n|turn|5\n|\n|t:|1729752425\n|move|p1b: Rillaboom|Grassy Glide|p2b: Primarina\n|-supereffective|p2b: Primarina\n|-damage|p2b: Primarina|0 fnt\n|faint|p2b: Primarina\n|move|p2a: Volcarona|Flamethrower|p1b: Rillaboom\n|-supereffective|p1b: Rillaboom\n|-damage|p1b: Rillaboom|1\/100\n|move|p1a: Skeledirge|Shadow Ball|p2a: Volcarona\n|-damage|p2a: Volcarona|0 fnt\n|faint|p2a: Volcarona\n|\n|-weather|none\n|-heal|p1b: Rillaboom|7\/100|[from] Grassy Terrain\n|-heal|p1a: Skeledirge|59\/100|[from] Grassy Terrain\n|-heal|p1a: Skeledirge|65\/100|[from] item: Leftovers\n|-fieldend|move: Grassy Terrain\n|upkeep\n|-message|Xeoffee forfeited.\n|\n|win|fangame10\n|raw|fangame10's rating: 1690 &rarr; <strong>1710<\/strong><br \/>(+20 for winning)\n|raw|Xeoffee's rating: 1686 &rarr; <strong>1666<\/strong><br \/>(-20 for losing)\n|l|\u2606Xeoffee\n|player|p2|\n|l|\u2606fangame10\n|player|p1|\n","uploadtime":1729752572,"views":22,"formatid":"gen9vgc2024regh","rating":1666,"private":0,"password":null}