{"id":"gen9vgc2024regh-2229379268","format":"[Gen 9] VGC 2024 Reg H","players":["5SeasBakery","RocksTheRock"],"log":"|j|\u26065SeasBakery\n|j|\u203dRocksTheRock\n|t:|1729708934\n|gametype|doubles\n|player|p1|5SeasBakery|266|1716\n|player|p2|RocksTheRock|red|1694\n|teamsize|p1|6\n|teamsize|p2|6\n|gen|9\n|tier|[Gen 9] VGC 2024 Reg H\n|rated|\n|rule|Species Clause: Limit one of each Pok\u00e9mon\n|rule|Item Clause: Limit 1 of each item\n|clearpoke\n|poke|p1|Archaludon, L50, F|\n|poke|p1|Pelipper, L50, M|\n|poke|p1|Indeedee-F, L50, F|\n|poke|p1|Blastoise, L50, F|\n|poke|p1|Sneasler, L50, F|\n|poke|p1|Farigiraf, L50, F|\n|poke|p2|Indeedee-F, L50, F|\n|poke|p2|Torkoal, L50, F|\n|poke|p2|Gallade, L50, M|\n|poke|p2|Hatterene, L50, F|\n|poke|p2|Ursaluna, L50, F|\n|poke|p2|Charizard, L50, F|\n|teampreview|4\n|j| newkl\n|inactive|Battle timer is ON: inactive players will automatically lose when time's up. (requested by RocksTheRock)\n|inactive|RocksTheRock has 60 seconds left.\n|\n|t:|1729708992\n|start\n|switch|p1a: Sneasler|Sneasler, L50, F|100\/100\n|switch|p1b: Blastoise|Blastoise, L50, F|100\/100\n|switch|p2a: Charizard|Charizard, L50, F|100\/100\n|switch|p2b: Indeedee|Indeedee-F, L50, F|100\/100\n|-fieldstart|move: Psychic Terrain|[from] ability: Psychic Surge|[of] p2b: Indeedee\n|-enditem|p1a: Sneasler|Psychic Seed\n|-boost|p1a: Sneasler|spd|1|[from] item: Psychic Seed\n|-enditem|p2b: Indeedee|Psychic Seed\n|-boost|p2b: Indeedee|spd|1|[from] item: Psychic Seed\n|turn|1\n|\n|t:|1729709008\n|switch|p2b: Torkoal|Torkoal, L50, F|100\/100\n|-weather|SunnyDay|[from] ability: Drought|[of] p2b: Torkoal\n|-terastallize|p2a: Charizard|Fire\n|-terastallize|p1b: Blastoise|Water\n|move|p1a: Sneasler|Dire Claw|p2a: Charizard\n|-damage|p2a: Charizard|40\/100\n|move|p2a: Charizard|Heat Wave|p1b: Blastoise|[spread] p1a,p1b\n|-resisted|p1b: Blastoise\n|-crit|p1b: Blastoise\n|-damage|p1a: Sneasler|0 fnt\n|-damage|p1b: Blastoise|8\/100\n|faint|p1a: Sneasler\n|move|p1b: Blastoise|Water Spout|p2a: Charizard|[spread] p2a,p2b\n|-supereffective|p2a: Charizard\n|-supereffective|p2b: Torkoal\n|-damage|p2a: Charizard|32\/100\n|-damage|p2b: Torkoal|94\/100\n|\n|-weather|SunnyDay|[upkeep]\n|-damage|p2a: Charizard|20\/100|[from] ability: Solar Power|[of] p2a: Charizard\n|upkeep\n|\n|t:|1729709021\n|switch|p1a: Pelipper|Pelipper, L50, M|100\/100\n|-weather|RainDance|[from] ability: Drizzle|[of] p1a: Pelipper\n|turn|2\n|\n|t:|1729709041\n|switch|p1b: Archaludon|Archaludon, L50, F|100\/100\n|switch|p2b: Indeedee|Indeedee-F, L50, F|100\/100\n|move|p2a: Charizard|Heat Wave|p1a: Pelipper|[spread] p1a\n|-miss|p2a: Charizard|p1b: Archaludon\n|-resisted|p1a: Pelipper\n|-damage|p1a: Pelipper|81\/100\n|move|p1a: Pelipper|Weather Ball|p2b: Indeedee\n|-damage|p2b: Indeedee|39\/100\n|\n|-weather|RainDance|[upkeep]\n|upkeep\n|turn|3\n|inactive|5SeasBakery has 30 seconds left.\n|inactive|RocksTheRock has 30 seconds left.\n|inactive|RocksTheRock has 20 seconds left.\n|\n|t:|1729709078\n|switch|p1a: Blastoise|Blastoise, L50, F, tera:Water|8\/100\n|move|p2a: Charizard|Heat Wave|p1b: Archaludon|[spread] p1a,p1b\n|-resisted|p1a: Blastoise\n|-damage|p1a: Blastoise|0 fnt\n|-damage|p1b: Archaludon|76\/100\n|-ability|p1b: Archaludon|Stamina|boost\n|-boost|p1b: Archaludon|def|1\n|faint|p1a: Blastoise\n|move|p1b: Archaludon|Dragon Pulse|p2a: Charizard\n|-damage|p2a: Charizard|0 fnt\n|faint|p2a: Charizard\n|move|p2b: Indeedee|Trick Room|p2b: Indeedee\n|-fieldstart|move: Trick Room|[of] p2b: Indeedee\n|\n|-weather|RainDance|[upkeep]\n|upkeep\n|j| Poliorketes\n|\n|t:|1729709092\n|switch|p1a: Pelipper|Pelipper, L50, M|81\/100\n|switch|p2a: Gallade|Gallade, L50, M|100\/100\n|turn|4\n|l| newkl\n|\n|t:|1729709104\n|move|p2b: Indeedee|Follow Me|p2b: Indeedee\n|-singleturn|p2b: Indeedee|move: Follow Me\n|move|p2a: Gallade|Sacred Sword|p1b: Archaludon\n|-supereffective|p1b: Archaludon\n|-damage|p1b: Archaludon|0 fnt\n|faint|p1b: Archaludon\n|move|p1a: Pelipper|Hurricane|p2b: Indeedee\n|-damage|p2b: Indeedee|0 fnt\n|faint|p2b: Indeedee\n|\n|-weather|RainDance|[upkeep]\n|upkeep\n|\n|t:|1729709111\n|switch|p2b: Torkoal|Torkoal, L50, F|94\/100\n|-weather|SunnyDay|[from] ability: Drought|[of] p2b: Torkoal\n|turn|5\n|\n|t:|1729709117\n|move|p2b: Torkoal|Eruption|p1a: Pelipper\n|-resisted|p1a: Pelipper\n|-damage|p1a: Pelipper|0 fnt\n|faint|p1a: Pelipper\n|\n|win|RocksTheRock\n|raw|5SeasBakery's rating: 1716 &rarr; <strong>1695<\/strong><br \/>(-21 for losing)\n|raw|RocksTheRock's rating: 1694 &rarr; <strong>1715<\/strong><br \/>(+21 for winning)\n|l|\u26065SeasBakery\n|player|p1|\n|l|\u203dRocksTheRock\n|player|p2|\n|l| Poliorketes\n","uploadtime":1729709266,"views":9,"formatid":"gen9vgc2024regh","rating":1695,"private":0,"password":null}