{"id":"gen9vgc2024regh-2229356844","format":"[Gen 9] VGC 2024 Reg H","players":["yung elmers glue","m00seh"],"log":"|j|\u2606yung elmers glue\n|j|\u2606m00seh\n|t:|1729707048\n|gametype|doubles\n|player|p1|yung elmers glue|juan|1720\n|player|p2|m00seh|blaine|1704\n|teamsize|p1|6\n|teamsize|p2|6\n|gen|9\n|tier|[Gen 9] VGC 2024 Reg H\n|rated|\n|rule|Species Clause: Limit one of each Pok\u00e9mon\n|rule|Item Clause: Limit 1 of each item\n|clearpoke\n|poke|p1|Dragonite, L50, M|\n|poke|p1|Clefable, L50, F|\n|poke|p1|Dondozo, L50, F|\n|poke|p1|Annihilape, L50, M|\n|poke|p1|Kingambit, L50, M|\n|poke|p1|Tatsugiri, L50, M|\n|poke|p2|Rillaboom, L50, F|\n|poke|p2|Blaziken, L50, F|\n|poke|p2|Kingambit, L50, M|\n|poke|p2|Ursaluna-Bloodmoon, L50, M|\n|poke|p2|Porygon2, L50|\n|poke|p2|Primarina, L50, F|\n|teampreview|4\n|j| sauromon\n|inactive|Battle timer is ON: inactive players will automatically lose when time's up. (requested by m00seh)\n|\n|t:|1729707080\n|start\n|switch|p1a: Dont Stop Me Now|Annihilape, L50, M|100\/100\n|switch|p1b: Killer Queen|Kingambit, L50, M|100\/100\n|switch|p2a: Ursaluna|Ursaluna-Bloodmoon, L50, M|100\/100\n|switch|p2b: Porygon2|Porygon2, L50|100\/100\n|-ability|p2b: Porygon2|Download|boost\n|-boost|p2b: Porygon2|spa|1\n|turn|1\n|\n|t:|1729707089\n|move|p1a: Dont Stop Me Now|Final Gambit|p2b: Porygon2\n|-damage|p2b: Porygon2|0 fnt\n|faint|p1a: Dont Stop Me Now\n|faint|p2b: Porygon2\n|move|p1b: Killer Queen|Kowtow Cleave|p2a: Ursaluna\n|-damage|p2a: Ursaluna|58\/100\n|move|p2a: Ursaluna|Earth Power|p1b: Killer Queen\n|-supereffective|p1b: Killer Queen\n|-damage|p1b: Killer Queen|0 fnt\n|faint|p1b: Killer Queen\n|-damage|p2a: Ursaluna|48\/100|[from] item: Life Orb\n|\n|upkeep\n|\n|t:|1729707103\n|switch|p1a: FBG|Dragonite, L50, M|100\/100\n|switch|p2b: Primarina|Primarina, L50, F|100\/100\n|switch|p1b: Best Friend|Clefable, L50, F|100\/100\n|turn|2\n|\n|t:|1729707124\n|-terastallize|p1a: FBG|Flying\n|move|p1a: FBG|Scale Shot|p2a: Ursaluna\n|-damage|p2a: Ursaluna|37\/100\n|-damage|p2a: Ursaluna|26\/100\n|-damage|p2a: Ursaluna|15\/100\n|-damage|p2a: Ursaluna|3\/100\n|-hitcount|p2a: Ursaluna|4\n|-unboost|p1a: FBG|def|1\n|-boost|p1a: FBG|spe|1\n|move|p2b: Primarina|Moonblast|p1b: Best Friend\n|-damage|p1b: Best Friend|54\/100\n|move|p1b: Best Friend|Moonblast|p2b: Primarina\n|-damage|p2b: Primarina|75\/100\n|-unboost|p2b: Primarina|spa|1\n|move|p2a: Ursaluna|Blood Moon|p1b: Best Friend\n|-damage|p1b: Best Friend|0 fnt\n|faint|p1b: Best Friend\n|-damage|p2a: Ursaluna|0 fnt|[from] item: Life Orb\n|faint|p2a: Ursaluna\n|\n|upkeep\n|\n|t:|1729707138\n|switch|p2a: Rillaboom|Rillaboom, L50, F|100\/100\n|-fieldstart|move: Grassy Terrain|[from] ability: Grassy Surge|[of] p2a: Rillaboom\n|turn|3\n|\n|t:|1729707145\n|-terastallize|p2a: Rillaboom|Fire\n|move|p1a: FBG|Protect|p1a: FBG\n|-singleturn|p1a: FBG|Protect\n|move|p2a: Rillaboom|Fake Out|p1a: FBG\n|-activate|p1a: FBG|move: Protect\n|move|p2b: Primarina|Moonblast|p1a: FBG\n|-activate|p1a: FBG|move: Protect\n|\n|-heal|p2b: Primarina|81\/100|[from] Grassy Terrain\n|upkeep\n|turn|4\n|\n|t:|1729707153\n|move|p1a: FBG|Tera Blast|p2b: Primarina|[anim] Tera Blast Flying\n|-damage|p2b: Primarina|12\/100\n|-enditem|p2b: Primarina|Sitrus Berry|[eat]\n|-heal|p2b: Primarina|37\/100|[from] item: Sitrus Berry\n|move|p2a: Rillaboom|Wood Hammer|p1a: FBG\n|-resisted|p1a: FBG\n|-damage|p1a: FBG|67\/100\n|-damage|p2a: Rillaboom|92\/100|[from] Recoil\n|move|p2b: Primarina|Moonblast|p1a: FBG\n|-damage|p1a: FBG|27\/100\n|\n|-heal|p2a: Rillaboom|98\/100|[from] Grassy Terrain\n|-heal|p2b: Primarina|43\/100|[from] Grassy Terrain\n|upkeep\n|turn|5\n|\n|t:|1729707162\n|move|p1a: FBG|Tera Blast|p2b: Primarina|[anim] Tera Blast Flying\n|-damage|p2b: Primarina|0 fnt\n|faint|p2b: Primarina\n|move|p2a: Rillaboom|Wood Hammer|p1a: FBG\n|-resisted|p1a: FBG\n|-damage|p1a: FBG|0 fnt\n|faint|p1a: FBG\n|-damage|p2a: Rillaboom|90\/100|[from] Recoil\n|\n|win|m00seh\n|raw|yung elmers glue's rating: 1720 &rarr; <strong>1699<\/strong><br \/>(-21 for losing)\n|raw|m00seh's rating: 1704 &rarr; <strong>1725<\/strong><br \/>(+21 for winning)\n|l|\u2606yung elmers glue\n|player|p1|\n|l|\u2606m00seh\n|player|p2|\n","uploadtime":1729707427,"views":24,"formatid":"gen9vgc2024regh","rating":1699,"private":0,"password":null}