{"id":"gen9vgc2024regh-2229825005","format":"[Gen 9] VGC 2024 Reg H","players":["fangame10","Iamsliverfish"],"log":"|j|\u2606fangame10\n|j|\u2606Iamsliverfish\n|t:|1729766309\n|gametype|doubles\n|player|p1|fangame10|red|1786\n|player|p2|Iamsliverfish|hiker-gen4|1735\n|teamsize|p1|6\n|teamsize|p2|6\n|gen|9\n|tier|[Gen 9] VGC 2024 Reg H\n|rated|\n|rule|Species Clause: Limit one of each Pok\u00e9mon\n|rule|Item Clause: Limit 1 of each item\n|clearpoke\n|poke|p1|Glaceon, L50, F|\n|poke|p1|Ninetales-Alola, L50, F|\n|poke|p1|Garchomp, L50, F|\n|poke|p1|Skeledirge, L50, M|\n|poke|p1|Rillaboom, L50, M|\n|poke|p1|Annihilape, L50, M|\n|poke|p2|Rillaboom, L50, F|\n|poke|p2|Incineroar, L50, F|\n|poke|p2|Kommo-o, L50, F|\n|poke|p2|Gholdengo, L50|\n|poke|p2|Farigiraf, L50, F|\n|poke|p2|Ursaluna-Bloodmoon, L50, M|\n|teampreview|4\n|inactive|Battle timer is ON: inactive players will automatically lose when time's up. (requested by fangame10)\n|inactive|fangame10 has 60 seconds left.\n|inactive|fangame10 has 30 seconds left.\n|\n|t:|1729766371\n|start\n|switch|p1a: Garchomp|Garchomp, L50, F, shiny|100\/100\n|switch|p1b: Ninetales|Ninetales-Alola, L50, F, shiny|100\/100\n|switch|p2a: Farigiraf|Farigiraf, L50, F|100\/100\n|switch|p2b: Ursaluna|Ursaluna-Bloodmoon, L50, M|100\/100\n|-weather|Snow|[from] ability: Snow Warning|[of] p1b: Ninetales\n|turn|1\n|\n|t:|1729766387\n|switch|p1a: Annihilape|Annihilape, L50, M, shiny|100\/100\n|-terastallize|p2b: Ursaluna|Normal\n|move|p1b: Ninetales|Aurora Veil|p1b: Ninetales\n|-sidestart|p1: fangame10|move: Aurora Veil\n|move|p2b: Ursaluna|Blood Moon|p1a: Annihilape\n|-damage|p1a: Annihilape|38\/100\n|-enditem|p1a: Annihilape|Sitrus Berry|[eat]\n|-heal|p1a: Annihilape|63\/100|[from] item: Sitrus Berry\n|move|p2a: Farigiraf|Trick Room|p2a: Farigiraf\n|-fieldstart|move: Trick Room|[of] p2a: Farigiraf\n|\n|-weather|Snow|[upkeep]\n|upkeep\n|turn|2\n|\n|t:|1729766406\n|move|p2b: Ursaluna|Earth Power|p1a: Annihilape\n|-damage|p1a: Annihilape|31\/100\n|move|p2a: Farigiraf|Expanding Force|p1a: Annihilape\n|-supereffective|p1a: Annihilape\n|-damage|p1a: Annihilape|0 fnt\n|faint|p1a: Annihilape\n|move|p1b: Ninetales|Blizzard|p2b: Ursaluna|[spread] p2a,p2b\n|-damage|p2a: Farigiraf|71\/100\n|-damage|p2b: Ursaluna|80\/100\n|\n|-weather|Snow|[upkeep]\n|upkeep\n|\n|t:|1729766411\n|switch|p1a: Skeledirge|Skeledirge, L50, M, shiny|100\/100\n|turn|3\n|\n|t:|1729766423\n|move|p2a: Farigiraf|Helping Hand|p2b: Ursaluna\n|-singleturn|p2b: Ursaluna|Helping Hand|[of] p2a: Farigiraf\n|move|p1a: Skeledirge|Protect|p1a: Skeledirge\n|-singleturn|p1a: Skeledirge|Protect\n|move|p2b: Ursaluna|Blood Moon|p1b: Ninetales\n|-damage|p1b: Ninetales|0 fnt\n|faint|p1b: Ninetales\n|\n|-weather|Snow|[upkeep]\n|upkeep\n|\n|t:|1729766425\n|switch|p1b: Garchomp|Garchomp, L50, F, shiny|100\/100\n|turn|4\n|\n|t:|1729766435\n|switch|p2a: Incineroar|Incineroar, L50, F|100\/100\n|-ability|p2a: Incineroar|Intimidate|boost\n|-unboost|p1a: Skeledirge|atk|1\n|-fail|p1b: Garchomp|unboost|[from] item: Clear Amulet|[of] p1b: Garchomp\n|-terastallize|p1a: Skeledirge|Dark\n|move|p2b: Ursaluna|Hyper Voice|p1b: Garchomp|[spread] p1a,p1b\n|-damage|p1a: Skeledirge|65\/100\n|-damage|p1b: Garchomp|61\/100\n|move|p1a: Skeledirge|Torch Song|p2b: Ursaluna\n|-damage|p2b: Ursaluna|54\/100\n|-boost|p1a: Skeledirge|spa|1\n|move|p1b: Garchomp|Dragon Claw|p2b: Ursaluna\n|-damage|p2b: Ursaluna|23\/100\n|\n|-weather|Snow|[upkeep]\n|-heal|p1a: Skeledirge|71\/100|[from] item: Leftovers\n|upkeep\n|turn|5\n|inactive|Iamsliverfish has 30 seconds left.\n|\n|t:|1729766464\n|switch|p2a: Farigiraf|Farigiraf, L50, F|71\/100\n|move|p1a: Skeledirge|Protect|p1a: Skeledirge\n|-singleturn|p1a: Skeledirge|Protect\n|move|p1b: Garchomp|Protect|p1b: Garchomp\n|-singleturn|p1b: Garchomp|Protect\n|move|p2b: Ursaluna|Hyper Voice|p1a: Skeledirge|[spread] \n|-activate|p1a: Skeledirge|move: Protect\n|-activate|p1b: Garchomp|move: Protect\n|\n|-weather|none\n|-heal|p1a: Skeledirge|77\/100|[from] item: Leftovers\n|-fieldend|move: Trick Room\n|upkeep\n|turn|6\n|\n|t:|1729766485\n|move|p1b: Garchomp|Earthquake|p2a: Farigiraf|[spread] p1a,p2a,p2b\n|-crit|p1a: Skeledirge\n|-damage|p1a: Skeledirge|24\/100\n|-damage|p2a: Farigiraf|39\/100\n|-damage|p2b: Ursaluna|0 fnt\n|faint|p2b: Ursaluna\n|move|p1a: Skeledirge|Torch Song|p2a: Farigiraf\n|-damage|p2a: Farigiraf|0 fnt\n|-boost|p1a: Skeledirge|spa|1\n|faint|p2a: Farigiraf\n|\n|-heal|p1a: Skeledirge|30\/100|[from] item: Leftovers\n|upkeep\n|\n|t:|1729766489\n|switch|p2a: Incineroar|Incineroar, L50, F|100\/100\n|switch|p2b: Gholdengo|Gholdengo, L50|100\/100\n|-ability|p2a: Incineroar|Intimidate|boost\n|-unboost|p1a: Skeledirge|atk|1\n|-fail|p1b: Garchomp|unboost|[from] item: Clear Amulet|[of] p1b: Garchomp\n|turn|7\n|\n|t:|1729766507\n|move|p1b: Garchomp|Protect|p1b: Garchomp\n|-singleturn|p1b: Garchomp|Protect\n|move|p1a: Skeledirge|Protect|p1a: Skeledirge\n|-singleturn|p1a: Skeledirge|Protect\n|move|p2a: Incineroar|Fake Out|p1b: Garchomp\n|-activate|p1b: Garchomp|move: Protect\n|move|p2b: Gholdengo|Dazzling Gleam|p1a: Skeledirge|[spread] \n|-activate|p1a: Skeledirge|move: Protect\n|-activate|p1b: Garchomp|move: Protect\n|\n|-heal|p1a: Skeledirge|36\/100|[from] item: Leftovers\n|upkeep\n|turn|8\n|-message|Iamsliverfish forfeited.\n|\n|win|fangame10\n|raw|fangame10's rating: 1803 &rarr; <strong>1819<\/strong><br \/>(+16 for winning)\n|raw|Iamsliverfish's rating: 1735 &rarr; <strong>1719<\/strong><br \/>(-16 for losing)\n|l|\u2606Iamsliverfish\n|player|p2|\n|l|\u2606fangame10\n|player|p1|\n","uploadtime":1729766665,"views":39,"formatid":"gen9vgc2024regh","rating":1719,"private":0,"password":null}