{"id":"gen9vgc2024regh-2229343358","format":"[Gen 9] VGC 2024 Reg H","players":["Jayson_Ubo","yung elmers glue"],"log":"|j|\u2606Jayson_Ubo\n|j|\u2606yung elmers glue\n|t:|1729705926\n|gametype|doubles\n|player|p1|Jayson_Ubo|hilbert|1710\n|player|p2|yung elmers glue|juan|1721\n|teamsize|p1|6\n|teamsize|p2|6\n|gen|9\n|tier|[Gen 9] VGC 2024 Reg H\n|rated|\n|rule|Species Clause: Limit one of each Pok\u00e9mon\n|rule|Item Clause: Limit 1 of each item\n|clearpoke\n|poke|p1|Yanma, L50, M|\n|poke|p1|Garchomp, L50, M|\n|poke|p1|Dragonite, L50, F|\n|poke|p1|Sneasler, L50, M|\n|poke|p1|Gholdengo, L50|\n|poke|p1|Indeedee, L50, M|\n|poke|p2|Dragonite, L50, M|\n|poke|p2|Clefable, L50, F|\n|poke|p2|Dondozo, L50, M|\n|poke|p2|Annihilape, L50, F|\n|poke|p2|Kingambit, L50, F|\n|poke|p2|Tatsugiri, L50, F|\n|teampreview|4\n|j| Kpxbrothers\n|inactive|Battle timer is ON: inactive players will automatically lose when time's up. (requested by Jayson_Ubo)\n|\n|t:|1729705947\n|start\n|switch|p1a: Sneasler|Sneasler, L50, M|100\/100\n|switch|p1b: Indeedee|Indeedee, L50, M|100\/100\n|switch|p2a: Dont Stop Me Now|Annihilape, L50, F|100\/100\n|switch|p2b: Bohemian|Dondozo, L50, M|100\/100\n|-fieldstart|move: Psychic Terrain|[from] ability: Psychic Surge|[of] p1b: Indeedee\n|-enditem|p1a: Sneasler|Psychic Seed\n|-boost|p1a: Sneasler|spd|1|[from] item: Psychic Seed\n|turn|1\n|\n|t:|1729705955\n|-terastallize|p2b: Bohemian|Steel\n|move|p1a: Sneasler|Acid Spray|p2b: Bohemian\n|-immune|p2b: Bohemian\n|move|p2a: Dont Stop Me Now|U-turn|p1b: Indeedee\n|-supereffective|p1b: Indeedee\n|-damage|p1b: Indeedee|24\/100\n|\n|t:|1729705961\n|switch|p2a: Rhapsody|Tatsugiri, L50, F|100\/100|[from] U-turn\n|-activate|p2a: Rhapsody|ability: Commander|[of] p2b: Bohemian\n|-boost|p2b: Bohemian|atk|2\n|-boost|p2b: Bohemian|spa|2\n|-boost|p2b: Bohemian|spe|2\n|-boost|p2b: Bohemian|def|2\n|-boost|p2b: Bohemian|spd|2\n|move|p1b: Indeedee|Expanding Force|p2b: Bohemian|[spread] p2b\n|-miss|p1b: Indeedee|p2a: Rhapsody\n|-resisted|p2b: Bohemian\n|-damage|p2b: Bohemian|87\/100\n|move|p2b: Bohemian|Earthquake|p1a: Sneasler|[spread] p1a,p1b\n|-miss|p2b: Bohemian|p2a: Rhapsody\n|-supereffective|p1a: Sneasler\n|-damage|p1a: Sneasler|0 fnt\n|-damage|p1b: Indeedee|0 fnt\n|faint|p1a: Sneasler\n|faint|p1b: Indeedee\n|\n|-heal|p2b: Bohemian|93\/100|[from] item: Leftovers\n|upkeep\n|\n|t:|1729705965\n|switch|p1a: Yanma|Yanma, L50, M|100\/100\n|switch|p1b: Gholdengo|Gholdengo, L50|100\/100\n|turn|2\n|\n|t:|1729705970\n|move|p2b: Bohemian|Heavy Slam|p1a: Yanma\n|-enditem|p1a: Yanma|Focus Sash\n|-damage|p1a: Yanma|1\/100\n|move|p1a: Yanma|Hypnosis|p2b: Bohemian\n|-status|p2b: Bohemian|slp|[from] move: Hypnosis\n|move|p1b: Gholdengo|Nasty Plot|p1b: Gholdengo\n|-boost|p1b: Gholdengo|spa|2\n|\n|-heal|p2b: Bohemian|99\/100 slp|[from] item: Leftovers\n|upkeep\n|turn|3\n|\n|t:|1729705980\n|cant|p2b: Bohemian|slp\n|move|p1a: Yanma|Screech|p2b: Bohemian\n|-unboost|p2b: Bohemian|def|2\n|move|p1b: Gholdengo|Nasty Plot|p1b: Gholdengo\n|-boost|p1b: Gholdengo|spa|2\n|\n|-heal|p2b: Bohemian|100\/100 slp|[from] item: Leftovers\n|upkeep\n|turn|4\n|\n|t:|1729705994\n|-curestatus|p2b: Bohemian|slp|[msg]\n|move|p2b: Bohemian|Heavy Slam|p1a: Yanma\n|-damage|p1a: Yanma|0 fnt\n|faint|p1a: Yanma\n|move|p1b: Gholdengo|Thunderbolt|p2b: Bohemian\n|-crit|p2b: Bohemian\n|-damage|p2b: Bohemian|49\/100\n|\n|-heal|p2b: Bohemian|55\/100|[from] item: Leftovers\n|upkeep\n|turn|5\n|\n|t:|1729706003\n|move|p1b: Gholdengo|Protect|p1b: Gholdengo\n|-singleturn|p1b: Gholdengo|Protect\n|move|p2b: Bohemian|Earthquake|p1b: Gholdengo|[spread] \n|-miss|p2b: Bohemian|p2a: Rhapsody\n|-activate|p1b: Gholdengo|move: Protect\n|\n|-heal|p2b: Bohemian|61\/100|[from] item: Leftovers\n|-fieldend|move: Psychic Terrain\n|upkeep\n|turn|6\n|\n|t:|1729706009\n|-terastallize|p1b: Gholdengo|Dragon\n|move|p2b: Bohemian|Earthquake|p1b: Gholdengo|[spread] p1b\n|-miss|p2b: Bohemian|p2a: Rhapsody\n|-crit|p1b: Gholdengo\n|-damage|p1b: Gholdengo|34\/100\n|move|p1b: Gholdengo|Thunderbolt|p2b: Bohemian\n|-damage|p2b: Bohemian|43\/100\n|\n|-heal|p2b: Bohemian|49\/100|[from] item: Leftovers\n|upkeep\n|turn|7\n|\n|t:|1729706016\n|move|p2b: Bohemian|Heavy Slam|p1b: Gholdengo\n|-damage|p1b: Gholdengo|0 fnt\n|faint|p1b: Gholdengo\n|\n|win|yung elmers glue\n|raw|Jayson_Ubo's rating: 1710 &rarr; <strong>1691<\/strong><br \/>(-19 for losing)\n|raw|yung elmers glue's rating: 1721 &rarr; <strong>1740<\/strong><br \/>(+19 for winning)\n|l|\u2606yung elmers glue\n|player|p2|\n|l|\u2606Jayson_Ubo\n|player|p1|\n|l| Kpxbrothers\n","uploadtime":1729706296,"views":23,"formatid":"gen9vgc2024regh","rating":1691,"private":0,"password":null}