{"id":"gen9vgc2024regh-2229388945","format":"[Gen 9] VGC 2024 Reg H","players":["chiitancrazymascot","spaccas"],"log":"|j|\u2606chiitancrazymascot\n|j|\u2606spaccas\n|t:|1729709768\n|gametype|doubles\n|player|p1|chiitancrazymascot|pokemaniac|1809\n|player|p2|spaccas|170|1725\n|teamsize|p1|6\n|teamsize|p2|6\n|gen|9\n|tier|[Gen 9] VGC 2024 Reg H\n|rated|\n|rule|Species Clause: Limit one of each Pok\u00e9mon\n|rule|Item Clause: Limit 1 of each item\n|clearpoke\n|poke|p1|Annihilape, L50, M|\n|poke|p1|Dondozo, L50, F|\n|poke|p1|Maushold-Four, L50|\n|poke|p1|Gholdengo, L50|\n|poke|p1|Whimsicott, L50, F|\n|poke|p1|Tatsugiri, L50, M|\n|poke|p2|Grimmsnarl, L50, M|\n|poke|p2|Annihilape, L50, F|\n|poke|p2|Gholdengo, L50|\n|poke|p2|Dragonite, L50, M|\n|poke|p2|Ursaluna-Bloodmoon, L50, M|\n|poke|p2|Volcarona, L50, F|\n|teampreview|4\n|inactive|Battle timer is ON: inactive players will automatically lose when time's up. (requested by chiitancrazymascot)\n|inactive|chiitancrazymascot has 60 seconds left.\n|j| Kpxbrothers\n|\n|t:|1729709820\n|start\n|switch|p1a: Maushold|Maushold-Four, L50|100\/100\n|switch|p1b: Annihilape|Annihilape, L50, M, shiny|100\/100\n|switch|p2a: Annihilape|Annihilape, L50, F|100\/100\n|switch|p2b: Grimmsnarl|Grimmsnarl, L50, M|100\/100\n|turn|1\n|\n|t:|1729709844\n|-terastallize|p2b: Grimmsnarl|Ghost\n|move|p2b: Grimmsnarl|Thunder Wave|p1b: Annihilape\n|-status|p1b: Annihilape|par\n|move|p1a: Maushold|Taunt|p2b: Grimmsnarl\n|-start|p2b: Grimmsnarl|move: Taunt\n|move|p2a: Annihilape|Bulk Up|p2a: Annihilape\n|-boost|p2a: Annihilape|atk|1\n|-boost|p2a: Annihilape|def|1\n|move|p1b: Annihilape|Bulk Up|p1b: Annihilape\n|-boost|p1b: Annihilape|atk|1\n|-boost|p1b: Annihilape|def|1\n|\n|upkeep\n|turn|2\n|\n|t:|1729709857\n|move|p1a: Maushold|Beat Up|p1b: Annihilape\n|-damage|p1b: Annihilape|99\/100 par\n|-damage|p1b: Annihilape|97\/100 par\n|-damage|p1b: Annihilape|96\/100 par\n|-hitcount|p1b: Annihilape|3\n|move|p2a: Annihilape|Drain Punch|p1a: Maushold\n|-supereffective|p1a: Maushold\n|-enditem|p1a: Maushold|Focus Sash\n|-damage|p1a: Maushold|1\/100\n|move|p2b: Grimmsnarl|Foul Play|p1b: Annihilape\n|-damage|p1b: Annihilape|67\/100 par\n|move|p1b: Annihilape|Rage Fist|p2a: Annihilape\n|-supereffective|p2a: Annihilape\n|-damage|p2a: Annihilape|0 fnt\n|faint|p2a: Annihilape\n|\n|upkeep\n|j| Xunyicaoawa\n|\n|t:|1729709874\n|switch|p2a: Ursaluna|Ursaluna-Bloodmoon, L50, M|100\/100\n|turn|3\n|\n|t:|1729709885\n|move|p1a: Maushold|Protect|p1a: Maushold\n|-singleturn|p1a: Maushold|Protect\n|move|p2a: Ursaluna|Vacuum Wave|p1a: Maushold\n|-activate|p1a: Maushold|move: Protect\n|move|p2b: Grimmsnarl|Foul Play|p1b: Annihilape\n|-damage|p1b: Annihilape|35\/100 par\n|-enditem|p1b: Annihilape|Sitrus Berry|[eat]\n|-heal|p1b: Annihilape|60\/100 par|[from] item: Sitrus Berry\n|move|p1b: Annihilape|Rage Fist|p2b: Grimmsnarl\n|-supereffective|p2b: Grimmsnarl\n|-damage|p2b: Grimmsnarl|0 fnt\n|faint|p2b: Grimmsnarl\n|\n|upkeep\n|\n|t:|1729709896\n|switch|p2b: Dragonite|Dragonite, L50, M|100\/100\n|turn|4\n|\n|t:|1729709908\n|move|p1a: Maushold|Beat Up|p2b: Dragonite\n|-damage|p2b: Dragonite|99\/100\n|-damage|p2b: Dragonite|96\/100\n|-damage|p2b: Dragonite|93\/100\n|-hitcount|p2b: Dragonite|3\n|move|p2b: Dragonite|Scale Shot|p1a: Maushold\n|-damage|p1a: Maushold|0 fnt\n|faint|p1a: Maushold\n|-hitcount|p1: Maushold|1\n|-unboost|p2b: Dragonite|def|1\n|-boost|p2b: Dragonite|spe|1\n|move|p2a: Ursaluna|Blood Moon|p1b: Annihilape\n|-damage|p1b: Annihilape|0 fnt\n|faint|p1b: Annihilape\n|\n|upkeep\n|\n|t:|1729709917\n|switch|p1a: Dondozo|Dondozo, L50, F, shiny|100\/100\n|switch|p1b: Tatsugiri|Tatsugiri, L50, M, shiny|100\/100\n|-activate|p1b: Tatsugiri|ability: Commander|[of] p1a: Dondozo\n|-boost|p1a: Dondozo|atk|2\n|-boost|p1a: Dondozo|spa|2\n|-boost|p1a: Dondozo|spe|2\n|-boost|p1a: Dondozo|def|2\n|-boost|p1a: Dondozo|spd|2\n|turn|5\n|\n|t:|1729709929\n|move|p2b: Dragonite|Haze|p2b: Dragonite\n|-clearallboost\n|move|p1a: Dondozo|Wave Crash|p2a: Ursaluna\n|-supereffective|p2a: Ursaluna\n|-damage|p2a: Ursaluna|12\/100\n|-damage|p1a: Dondozo|74\/100|[from] Recoil\n|move|p2a: Ursaluna|Hyper Voice|p1b: Tatsugiri|[spread] p1a\n|-miss|p2a: Ursaluna|p1b: Tatsugiri\n|-damage|p1a: Dondozo|37\/100\n|\n|-heal|p1a: Dondozo|44\/100|[from] item: Leftovers\n|upkeep\n|turn|6\n|\n|t:|1729709944\n|move|p2b: Dragonite|Scale Shot|p1a: Dondozo\n|-damage|p1a: Dondozo|32\/100\n|-crit|p1a: Dondozo\n|-damage|p1a: Dondozo|17\/100\n|-damage|p1a: Dondozo|7\/100\n|-damage|p1a: Dondozo|0 fnt\n|faint|p1a: Dondozo\n|-hitcount|p1: Dondozo|4\n|-unboost|p2b: Dragonite|def|1\n|-boost|p2b: Dragonite|spe|1\n|move|p2a: Ursaluna|Blood Moon|p1b: Tatsugiri\n|-damage|p1b: Tatsugiri|0 fnt\n|faint|p1b: Tatsugiri\n|\n|win|spaccas\n|raw|chiitancrazymascot's rating: 1809 &rarr; <strong>1784<\/strong><br \/>(-25 for losing)\n|raw|spaccas's rating: 1725 &rarr; <strong>1750<\/strong><br \/>(+25 for winning)\n|l|\u2606chiitancrazymascot\n|player|p1|\n|l|\u2606spaccas\n|player|p2|\n|l| Xunyicaoawa\n","uploadtime":1729709947,"views":60,"formatid":"gen9vgc2024regh","rating":1750,"private":0,"password":null}