{"id":"gen9vgc2024regh-2229447027","format":"[Gen 9] VGC 2024 Reg H","players":["Snorlax Double","Zordor"],"log":"|j|\u2606Snorlax Double\n|j|\u2606Zordor\n|t:|1729715117\n|gametype|doubles\n|player|p1|Snorlax Double|wallace|1699\n|player|p2|Zordor|pilot|1641\n|teamsize|p1|6\n|teamsize|p2|6\n|gen|9\n|tier|[Gen 9] VGC 2024 Reg H\n|rated|\n|rule|Species Clause: Limit one of each Pok\u00e9mon\n|rule|Item Clause: Limit 1 of each item\n|clearpoke\n|poke|p1|Kingambit, L50, M|\n|poke|p1|Primarina, L50, F|\n|poke|p1|Sneasler, L50, F|\n|poke|p1|Magmar, L50, F|\n|poke|p1|Rillaboom, L50, F|\n|poke|p1|Dragapult, L50, F|\n|poke|p2|Rotom-Wash, L50|\n|poke|p2|Sneasler, L50, F|\n|poke|p2|Kingambit, L50, M|\n|poke|p2|Armarouge, L50, M|\n|poke|p2|Venusaur, L50, F|\n|poke|p2|Dragapult, L50, M|\n|teampreview|4\n|inactive|Battle timer is ON: inactive players will automatically lose when time's up. (requested by Snorlax Double)\n|\n|t:|1729715168\n|start\n|switch|p1a: Magmar|Magmar, L50, F|100\/100\n|switch|p1b: Kingambit|Kingambit, L50, M|100\/100\n|switch|p2a: Rotom|Rotom-Wash, L50|100\/100\n|switch|p2b: Sneasler|Sneasler, L50, F|100\/100\n|turn|1\n|inactive|Zordor has 30 seconds left.\n|\n|t:|1729715196\n|move|p1a: Magmar|Protect|p1a: Magmar\n|-singleturn|p1a: Magmar|Protect\n|move|p1b: Kingambit|Protect|p1b: Kingambit\n|-singleturn|p1b: Kingambit|Protect\n|move|p2b: Sneasler|Close Combat|p1a: Magmar\n|-activate|p1a: Magmar|move: Protect\n|move|p2a: Rotom|Hydro Pump|p1a: Magmar\n|-activate|p1a: Magmar|move: Protect\n|\n|upkeep\n|turn|2\n|j| falcon108\n|\n|t:|1729715220\n|switch|p1b: Dragapult|Dragapult, L50, F|100\/100\n|-terastallize|p1a: Magmar|Ghost\n|move|p2b: Sneasler|Close Combat|p1b: Dragapult\n|-immune|p1b: Dragapult\n|move|p2a: Rotom|Hydro Pump|p1a: Magmar\n|-damage|p1a: Magmar|69\/100\n|move|p1a: Magmar|Will-O-Wisp|p2b: Sneasler\n|-status|p2b: Sneasler|brn\n|\n|-damage|p2b: Sneasler|95\/100 brn|[from] brn\n|upkeep\n|turn|3\n|\n|t:|1729715245\n|move|p1a: Magmar|Follow Me|p1a: Magmar\n|-singleturn|p1a: Magmar|move: Follow Me\n|move|p1b: Dragapult|Dragon Darts|p2a: Rotom\n|-damage|p2a: Rotom|58\/100\n|-anim|p1b: Dragapult|Dragon Darts|p2b: Sneasler\n|-damage|p2b: Sneasler|25\/100 brn\n|move|p2b: Sneasler|Dire Claw|p1a: Magmar\n|-resisted|p1a: Magmar\n|-damage|p1a: Magmar|60\/100\n|-status|p1a: Magmar|psn\n|move|p2a: Rotom|Electroweb|p1b: Dragapult|[spread] p1a,p1b\n|-resisted|p1b: Dragapult\n|-damage|p1a: Magmar|48\/100 psn\n|-damage|p1b: Dragapult|91\/100\n|-unboost|p1a: Magmar|spe|1\n|\n|-damage|p1a: Magmar|35\/100 psn|[from] psn\n|-damage|p2b: Sneasler|20\/100 brn|[from] brn\n|upkeep\n|turn|4\n|\n|t:|1729715267\n|move|p2a: Rotom|Protect|p2a: Rotom\n|-singleturn|p2a: Rotom|Protect\n|move|p1b: Dragapult|Dragon Darts|p2b: Sneasler\n|-damage|p2b: Sneasler|0 fnt\n|faint|p2b: Sneasler\n|move|p1a: Magmar|Overheat|p2a: Rotom\n|-activate|p2a: Rotom|move: Protect\n|\n|-damage|p1a: Magmar|23\/100 psn|[from] psn\n|upkeep\n|\n|t:|1729715292\n|switch|p2b: Kingambit|Kingambit, L50, M|100\/100\n|turn|5\n|\n|t:|1729715302\n|move|p1a: Magmar|Follow Me|p1a: Magmar\n|-singleturn|p1a: Magmar|move: Follow Me\n|move|p1b: Dragapult|Dragon Darts|p2a: Rotom\n|-damage|p2a: Rotom|11\/100\n|-anim|p1b: Dragapult|Dragon Darts|p2b: Kingambit\n|-resisted|p2b: Kingambit\n|-damage|p2b: Kingambit|85\/100\n|move|p2a: Rotom|Hydro Pump|p1a: Magmar\n|-damage|p1a: Magmar|0 fnt\n|faint|p1a: Magmar\n|move|p2b: Kingambit|Kowtow Cleave|p1b: Dragapult\n|-supereffective|p1b: Dragapult\n|-damage|p1b: Dragapult|0 fnt\n|faint|p1b: Dragapult\n|\n|upkeep\n|\n|t:|1729715312\n|switch|p1b: Kingambit|Kingambit, L50, M|100\/100\n|switch|p1a: Primarina|Primarina, L50, F|100\/100\n|turn|6\n|\n|t:|1729715324\n|move|p2b: Kingambit|Protect|p2b: Kingambit\n|-singleturn|p2b: Kingambit|Protect\n|move|p1b: Kingambit|Sucker Punch||[still]\n|-fail|p1b: Kingambit\n|move|p2a: Rotom|Will-O-Wisp|p1b: Kingambit\n|-status|p1b: Kingambit|brn\n|move|p1a: Primarina|Hyper Voice|p2a: Rotom|[spread] p2a\n|-activate|p2b: Kingambit|move: Protect\n|-resisted|p2a: Rotom\n|-damage|p2a: Rotom|0 fnt\n|faint|p2a: Rotom\n|\n|-damage|p1b: Kingambit|95\/100 brn|[from] brn\n|upkeep\n|\n|t:|1729715336\n|switch|p2a: Armarouge|Armarouge, L50, M|100\/100\n|turn|7\n|\n|t:|1729715342\n|-terastallize|p2a: Armarouge|Dark\n|move|p2a: Armarouge|Meteor Beam||[still]\n|-prepare|p2a: Armarouge|Meteor Beam\n|-boost|p2a: Armarouge|spa|1\n|-enditem|p2a: Armarouge|Power Herb\n|-anim|p2a: Armarouge|Meteor Beam|p1a: Primarina|[miss]\n|-miss|p2a: Armarouge|p1a: Primarina\n|move|p2b: Kingambit|Iron Head|p1a: Primarina\n|-damage|p1a: Primarina|58\/100\n|move|p1a: Primarina|Hyper Voice|p2b: Kingambit|[spread] p2a,p2b\n|-damage|p2a: Armarouge|66\/100\n|-damage|p2b: Kingambit|54\/100\n|move|p1b: Kingambit|Kowtow Cleave|p2a: Armarouge\n|-resisted|p2a: Armarouge\n|-damage|p2a: Armarouge|51\/100\n|\n|-damage|p1b: Kingambit|89\/100 brn|[from] brn\n|upkeep\n|turn|8\n|\n|t:|1729715362\n|move|p1a: Primarina|Protect|p1a: Primarina\n|-singleturn|p1a: Primarina|Protect\n|move|p2a: Armarouge|Psychic|p1a: Primarina\n|-activate|p1a: Primarina|move: Protect\n|move|p2b: Kingambit|Iron Head|p1a: Primarina\n|-activate|p1a: Primarina|move: Protect\n|move|p1b: Kingambit|Kowtow Cleave|p2a: Armarouge\n|-resisted|p2a: Armarouge\n|-damage|p2a: Armarouge|37\/100\n|\n|-damage|p1b: Kingambit|83\/100 brn|[from] brn\n|upkeep\n|turn|9\n|\n|t:|1729715376\n|move|p1b: Kingambit|Sucker Punch|p2b: Kingambit\n|-resisted|p2b: Kingambit\n|-damage|p2b: Kingambit|45\/100\n|-enditem|p2b: Kingambit|Sitrus Berry|[eat]\n|-heal|p2b: Kingambit|70\/100|[from] item: Sitrus Berry\n|move|p2a: Armarouge|Psychic|p1a: Primarina\n|-damage|p1a: Primarina|8\/100\n|-enditem|p1a: Primarina|Sitrus Berry|[eat]\n|-heal|p1a: Primarina|33\/100|[from] item: Sitrus Berry\n|move|p2b: Kingambit|Iron Head|p1a: Primarina\n|-damage|p1a: Primarina|0 fnt\n|faint|p1a: Primarina\n|\n|-damage|p1b: Kingambit|77\/100 brn|[from] brn\n|upkeep\n|turn|10\n|\n|t:|1729715392\n|move|p2a: Armarouge|Heat Wave|p1b: Kingambit\n|-supereffective|p1b: Kingambit\n|-damage|p1b: Kingambit|0 fnt\n|faint|p1b: Kingambit\n|\n|win|Zordor\n|raw|Snorlax Double's rating: 1699 &rarr; <strong>1676<\/strong><br \/>(-23 for losing)\n|raw|Zordor's rating: 1641 &rarr; <strong>1664<\/strong><br \/>(+23 for winning)\n|l|\u2606Snorlax Double\n|player|p1|\n|l|\u2606Zordor\n|player|p2|\n","uploadtime":1729715596,"views":16,"formatid":"gen9vgc2024regh","rating":1664,"private":0,"password":null}