{"id":"gen9vgc2024regh-2229573016","format":"[Gen 9] VGC 2024 Reg H","players":["Hikawari","tubnationtv"],"log":"|j|\u2606Hikawari\n|j|\u2606tubnationtv\n|t:|1729728790\n|gametype|doubles\n|player|p1|Hikawari|102|1754\n|player|p2|tubnationtv|cameraman|1868\n|teamsize|p1|6\n|teamsize|p2|6\n|gen|9\n|tier|[Gen 9] VGC 2024 Reg H\n|rated|\n|rule|Species Clause: Limit one of each Pok\u00e9mon\n|rule|Item Clause: Limit 1 of each item\n|clearpoke\n|poke|p1|Sneasler, L50, F|\n|poke|p1|Murkrow, L50, M|\n|poke|p1|Gholdengo, L50|\n|poke|p1|Indeedee, L50, M|\n|poke|p1|Annihilape, L50, F|\n|poke|p1|Sinistcha, L50|\n|poke|p2|Grimmsnarl, L50, M|\n|poke|p2|Dragonite, L50, M|\n|poke|p2|Annihilape, L50, F|\n|poke|p2|Ursaluna-Bloodmoon, L50, M|\n|poke|p2|Volcarona, L50, F|\n|poke|p2|Gholdengo, L50|\n|teampreview|4\n|inactive|Battle timer is ON: inactive players will automatically lose when time's up. (requested by Hikawari)\n|inactive|tubnationtv has 60 seconds left.\nHikawari has agreed to open team sheets.\n|inactive|tubnationtv has 30 seconds left.\n|inactive|tubnationtv has 20 seconds left.\n|\n|t:|1729728866\n|start\n|switch|p1a: Murkrow|Murkrow, L50, M|100\/100\n|switch|p1b: Gholdengo|Gholdengo, L50|100\/100\n|switch|p2a: Grimmsnarl|Grimmsnarl, L50, M|100\/100\n|switch|p2b: Volcarona|Volcarona, L50, F|100\/100\n|turn|1\n|\n|t:|1729728880\n|move|p1a: Murkrow|Tailwind|p1a: Murkrow\n|-sidestart|p1: Hikawari|move: Tailwind\n|move|p2a: Grimmsnarl|Light Screen|p2a: Grimmsnarl\n|-sidestart|p2: tubnationtv|move: Light Screen\n|move|p1b: Gholdengo|Power Gem|p2b: Volcarona\n|-supereffective|p2b: Volcarona\n|-damage|p2b: Volcarona|0 fnt\n|faint|p2b: Volcarona\n|\n|upkeep\n|\n|t:|1729728886\n|switch|p2b: Gholdengo|Gholdengo, L50|100\/100\n|turn|2\n|\n|t:|1729728897\n|switch|p1b: Indeedee|Indeedee, L50, M|100\/100\n|-fieldstart|move: Psychic Terrain|[from] ability: Psychic Surge|[of] p1b: Indeedee\n|move|p1a: Murkrow|Foul Play|p2b: Gholdengo\n|-supereffective|p2b: Gholdengo\n|-damage|p2b: Gholdengo|70\/100\n|move|p2b: Gholdengo|Nasty Plot|p2b: Gholdengo\n|-boost|p2b: Gholdengo|spa|2\n|move|p2a: Grimmsnarl|Foul Play|p1b: Indeedee\n|-supereffective|p1b: Indeedee\n|-damage|p1b: Indeedee|12\/100\n|\n|upkeep\n|turn|3\n|\n|t:|1729728913\n|move|p2b: Gholdengo|Protect|p2b: Gholdengo\n|-singleturn|p2b: Gholdengo|Protect\n|move|p1a: Murkrow|Haze|p1a: Murkrow\n|-clearallboost\n|move|p1b: Indeedee|Dazzling Gleam|p2b: Gholdengo|[spread] p2a\n|-activate|p2b: Gholdengo|move: Protect\n|-supereffective|p2a: Grimmsnarl\n|-damage|p2a: Grimmsnarl|74\/100\n|move|p2a: Grimmsnarl|Foul Play|p1b: Indeedee\n|-supereffective|p1b: Indeedee\n|-damage|p1b: Indeedee|0 fnt\n|faint|p1b: Indeedee\n|\n|upkeep\n|j| Babakauma\n|\n|t:|1729728922\n|switch|p1b: Gholdengo|Gholdengo, L50|100\/100\n|turn|4\n|\n|t:|1729728938\n|-terastallize|p1b: Gholdengo|Steel\n|move|p2a: Grimmsnarl|Reflect|p2a: Grimmsnarl\n|-sidestart|p2: tubnationtv|Reflect\n|move|p1b: Gholdengo|Shadow Ball|p2b: Gholdengo\n|-supereffective|p2b: Gholdengo\n|-damage|p2b: Gholdengo|0 fnt\n|faint|p2b: Gholdengo\n|move|p1a: Murkrow|Foul Play|p2a: Grimmsnarl\n|-resisted|p2a: Grimmsnarl\n|-crit|p2a: Grimmsnarl\n|-damage|p2a: Grimmsnarl|63\/100\n|\n|-sideend|p1: Hikawari|move: Tailwind\n|upkeep\n|\n|t:|1729728943\n|switch|p2b: Dragonite|Dragonite, L50, M|100\/100\n|turn|5\n|\n|t:|1729728950\n|move|p1b: Gholdengo|Shadow Ball|p2b: Dragonite\n|-damage|p2b: Dragonite|75\/100\n|-unboost|p2b: Dragonite|spd|1\n|move|p2b: Dragonite|Scale Shot|p1a: Murkrow|[miss]\n|-miss|p2b: Dragonite|p1a: Murkrow\n|move|p1a: Murkrow|Foul Play|p2b: Dragonite\n|-damage|p2b: Dragonite|29\/100\n|move|p2a: Grimmsnarl|Foul Play|p1b: Gholdengo\n|-damage|p1b: Gholdengo|80\/100\n|\n|upkeep\n|turn|6\n|-message|tubnationtv forfeited.\n|\n|win|Hikawari\n|raw|Hikawari's rating: 1754 &rarr; <strong>1781<\/strong><br \/>(+27 for winning)\n|raw|tubnationtv's rating: 1883 &rarr; <strong>1856<\/strong><br \/>(-27 for losing)\n|l|\u2606tubnationtv\n|player|p2|\n|l|\u2606Hikawari\n|player|p1|\n|l| Babakauma\n","uploadtime":1729729147,"views":44,"formatid":"gen9vgc2024regh","rating":1781,"private":0,"password":null}