{"id":"gen9vgc2024regh-2229237675","format":"[Gen 9] VGC 2024 Reg H","players":["quinn2","Jayson_Ubo"],"log":"|j|\u2606quinn2\n|j|\u2606Jayson_Ubo\n|t:|1729697093\n|gametype|doubles\n|player|p1|quinn2|170|1681\n|player|p2|Jayson_Ubo|hilbert|1765\n|teamsize|p1|6\n|teamsize|p2|6\n|gen|9\n|tier|[Gen 9] VGC 2024 Reg H\n|rated|\n|rule|Species Clause: Limit one of each Pok\u00e9mon\n|rule|Item Clause: Limit 1 of each item\n|clearpoke\n|poke|p1|Zoroark-Hisui, L50, M|\n|poke|p1|Whimsicott, L50, F|\n|poke|p1|Indeedee-F, L50, F|\n|poke|p1|Baxcalibur, L50, F|\n|poke|p1|Flamigo, L50, F|\n|poke|p1|Overqwil, L50, M|\n|poke|p2|Yanma, L50, M|\n|poke|p2|Garchomp, L50, F|\n|poke|p2|Dragonite, L50, F|\n|poke|p2|Sneasler, L50, F|\n|poke|p2|Gholdengo, L50|\n|poke|p2|Indeedee, L50, M|\n|teampreview|4\n|inactive|Battle timer is ON: inactive players will automatically lose when time's up. (requested by Jayson_Ubo)\n|\n|t:|1729697116\n|start\n|switch|p1a: Whimsicott|Whimsicott, L50, F|100\/100\n|switch|p1b: Baxcalibur|Baxcalibur, L50, F|100\/100\n|switch|p2a: Sneasler|Sneasler, L50, F|100\/100\n|switch|p2b: Indeedee|Indeedee, L50, M|100\/100\n|-fieldstart|move: Psychic Terrain|[from] ability: Psychic Surge|[of] p2b: Indeedee\n|-enditem|p2a: Sneasler|Psychic Seed\n|-boost|p2a: Sneasler|spd|1|[from] item: Psychic Seed\n|turn|1\n|\n|t:|1729697135\n|-terastallize|p1b: Baxcalibur|Fire\n|move|p1a: Whimsicott|Tailwind|p1a: Whimsicott\n|-sidestart|p1: quinn2|move: Tailwind\n|move|p2a: Sneasler|Dire Claw|p1b: Baxcalibur\n|-damage|p1b: Baxcalibur|60\/100\n|-status|p1b: Baxcalibur|psn\n|move|p1b: Baxcalibur|Scale Shot|p2b: Indeedee\n|-damage|p2b: Indeedee|67\/100\n|-damage|p2b: Indeedee|37\/100\n|-damage|p2b: Indeedee|1\/100\n|-damage|p2b: Indeedee|0 fnt\n|faint|p2b: Indeedee\n|-hitcount|p2: Indeedee|4\n|-unboost|p1b: Baxcalibur|def|1\n|-boost|p1b: Baxcalibur|spe|1\n|\n|-damage|p1b: Baxcalibur|48\/100 psn|[from] psn\n|upkeep\n|c|\u2606Jayson_Ubo|Your team is very cool and also horrifying\n|\n|t:|1729697147\n|switch|p2b: Yanma|Yanma, L50, M|100\/100\n|turn|2\n|\n|t:|1729697160\n|move|p1a: Whimsicott|Dazzling Gleam|p2b: Yanma|[spread] p2a,p2b\n|-damage|p2a: Sneasler|79\/100\n|-damage|p2b: Yanma|68\/100\n|move|p2a: Sneasler|Dire Claw|p1b: Baxcalibur\n|-damage|p1b: Baxcalibur|0 fnt\n|faint|p1b: Baxcalibur\n|move|p2b: Yanma|Tailwind|p2b: Yanma\n|-sidestart|p2: Jayson_Ubo|move: Tailwind\n|\n|upkeep\n|c|\u2606quinn2|ty\n|\n|t:|1729697173\n|switch|p1b: Overqwil|Overqwil, L50, M|100\/100\n|-ability|p1b: Overqwil|Intimidate|boost\n|-unboost|p2a: Sneasler|atk|1\n|-unboost|p2b: Yanma|atk|1\n|turn|3\n|\n|t:|1729697192\n|move|p1a: Whimsicott|Encore|p2b: Yanma\n|-start|p2b: Yanma|Encore\n|move|p2a: Sneasler|Dire Claw|p1b: Overqwil\n|-resisted|p1b: Overqwil\n|-damage|p1b: Overqwil|86\/100\n|move|p2b: Yanma|Tailwind||[still]\n|-fail|p2b: Yanma\n|move|p1b: Overqwil|Liquidation|p2a: Sneasler\n|-damage|p2a: Sneasler|26\/100\n|-unboost|p2a: Sneasler|def|1\n|\n|upkeep\n|turn|4\n|\n|t:|1729697207\n|switch|p2b: Dragonite|Dragonite, L50, F|100\/100\n|move|p2a: Sneasler|Dire Claw|p1a: Whimsicott\n|-supereffective|p1a: Whimsicott\n|-enditem|p1a: Whimsicott|Focus Sash\n|-damage|p1a: Whimsicott|1\/100\n|-status|p1a: Whimsicott|par\n|move|p1b: Overqwil|Liquidation|p2a: Sneasler\n|-damage|p2a: Sneasler|0 fnt\n|faint|p2a: Sneasler\n|move|p1a: Whimsicott|Dazzling Gleam|p2b: Dragonite\n|-supereffective|p2b: Dragonite\n|-damage|p2b: Dragonite|64\/100\n|\n|-sideend|p1: quinn2|move: Tailwind\n|upkeep\n|\n|t:|1729697209\n|switch|p2a: Yanma|Yanma, L50, M|68\/100\n|turn|5\n|inactive|quinn2 has 30 seconds left.\n|\n|t:|1729697243\n|move|p1a: Whimsicott|Tailwind|p1a: Whimsicott\n|-sidestart|p1: quinn2|move: Tailwind\n|move|p2a: Yanma|Hypnosis|p1b: Overqwil|[miss]\n|-miss|p2a: Yanma|p1b: Overqwil\n|move|p1b: Overqwil|Throat Chop|p2b: Dragonite\n|-damage|p2b: Dragonite|26\/100\n|-start|p2b: Dragonite|Throat Chop|[silent]\n|move|p2b: Dragonite|Ice Spinner|p1a: Whimsicott\n|-supereffective|p1a: Whimsicott\n|-damage|p1a: Whimsicott|0 fnt\n|-fieldend|move: Psychic Terrain\n|faint|p1a: Whimsicott\n|\n|-sideend|p2: Jayson_Ubo|move: Tailwind\n|upkeep\n|\n|t:|1729697250\n|switch|p1a: Overqwil|Overqwil, L50, M|100\/100\n|turn|6\n|c|\u2606Jayson_Ubo|God dang\n|c|\u2606Jayson_Ubo|that blows\n|\n|t:|1729697266\n|-terastallize|p2a: Yanma|Ghost\n|move|p1a: Overqwil|Hyper Voice|p2b: Dragonite|[spread] p2b\n|-immune|p2a: Yanma\n|-damage|p2b: Dragonite|7\/100\n|-enditem|p1a: Overqwil|Throat Spray\n|-boost|p1a: Overqwil|spa|1|[from] item: Throat Spray\n|move|p1b: Overqwil|Throat Chop|p2b: Dragonite\n|-damage|p2b: Dragonite|0 fnt\n|faint|p2b: Dragonite\n|move|p2a: Yanma|Tailwind|p2a: Yanma\n|-sidestart|p2: Jayson_Ubo|move: Tailwind\n|\n|upkeep\n|turn|7\n|c|\u2606Jayson_Ubo|Gg\n|-message|Jayson_Ubo forfeited.\n|\n|win|quinn2\n|raw|quinn2's rating: 1681 &rarr; <strong>1706<\/strong><br \/>(+25 for winning)\n|raw|Jayson_Ubo's rating: 1765 &rarr; <strong>1740<\/strong><br \/>(-25 for losing)\n|l|\u2606Jayson_Ubo\n|player|p2|\n|c|\u2606quinn2|gg\n|l|\u2606quinn2\n|player|p1|\n","uploadtime":1729697433,"views":10,"formatid":"gen9vgc2024regh","rating":1706,"private":0,"password":null}