{"id":"gen9vgc2024regh-2229627567","format":"[Gen 9] VGC 2024 Reg H","players":["juacox300","Nayeon Sexy Woman"],"log":"|j|\u2606juacox300\n|j|\u2606Nayeon Sexy Woman\n|t:|1729735223\n|gametype|doubles\n|player|p1|juacox300|unknown|1706\n|player|p2|Nayeon Sexy Woman|winona|1668\n|teamsize|p1|6\n|teamsize|p2|6\n|gen|9\n|tier|[Gen 9] VGC 2024 Reg H\n|rated|\n|rule|Species Clause: Limit one of each Pok\u00e9mon\n|rule|Item Clause: Limit 1 of each item\n|clearpoke\n|poke|p1|Ursaluna, L50, M|\n|poke|p1|Murkrow, L50, M|\n|poke|p1|Archaludon, L50, M|\n|poke|p1|Sneasler, L50, M|\n|poke|p1|Indeedee, L50, M|\n|poke|p1|Incineroar, L50, M|\n|poke|p2|Indeedee, L50, M|\n|poke|p2|Sneasler, L50, F|\n|poke|p2|Amoonguss, L50, M|\n|poke|p2|Armarouge, L50, F|\n|poke|p2|Annihilape, L50, F|\n|poke|p2|Corviknight, L50, F|\n|teampreview|4\n|inactive|Battle timer is ON: inactive players will automatically lose when time's up. (requested by Nayeon Sexy Woman)\n|inactive|juacox300 has 60 seconds left.\n|\n|t:|1729735272\n|start\n|switch|p1a: Nightwing|Sneasler, L50, M|100\/100\n|switch|p1b: Incineroar|Incineroar, L50, M|100\/100\n|switch|p2a: Sneasler|Sneasler, L50, F|100\/100\n|switch|p2b: Amoonguss|Amoonguss, L50, M|100\/100\n|-ability|p1b: Incineroar|Intimidate|boost\n|-unboost|p2a: Sneasler|atk|1\n|-unboost|p2b: Amoonguss|atk|1\n|turn|1\n|\n|t:|1729735289\n|switch|p2a: Corviknight|Corviknight, L50, F|100\/100\n|-terastallize|p1b: Incineroar|Ghost\n|move|p1a: Nightwing|Protect|p1a: Nightwing\n|-singleturn|p1a: Nightwing|Protect\n|move|p1b: Incineroar|Flare Blitz|p2b: Amoonguss\n|-supereffective|p2b: Amoonguss\n|-damage|p2b: Amoonguss|15\/100\n|-damage|p1b: Incineroar|84\/100|[from] item: Rocky Helmet|[of] p2b: Amoonguss\n|-damage|p1b: Incineroar|52\/100|[from] Recoil\n|move|p2b: Amoonguss|Spore|p1a: Nightwing\n|-activate|p1a: Nightwing|move: Protect\n|\n|upkeep\n|turn|2\n|\n|t:|1729735298\n|move|p1a: Nightwing|Dire Claw|p2b: Amoonguss\n|-damage|p2b: Amoonguss|0 fnt\n|-damage|p1a: Nightwing|84\/100|[from] item: Rocky Helmet|[of] p2b: Amoonguss\n|faint|p2b: Amoonguss\n|move|p1b: Incineroar|Flare Blitz|p2a: Corviknight\n|-supereffective|p2a: Corviknight\n|-damage|p2a: Corviknight|12\/100\n|-enditem|p2a: Corviknight|Sitrus Berry|[eat]\n|-heal|p2a: Corviknight|37\/100|[from] item: Sitrus Berry\n|-damage|p1b: Incineroar|21\/100|[from] Recoil\n|move|p2a: Corviknight|Tailwind|p2a: Corviknight\n|-sidestart|p2: Nayeon Sexy Woman|move: Tailwind\n|\n|upkeep\n|\n|t:|1729735307\n|switch|p2b: Sneasler|Sneasler, L50, F|100\/100\n|turn|3\n|j| newkl\n|\n|t:|1729735322\n|switch|p1b: Alfred|Indeedee, L50, M, shiny|100\/100\n|-fieldstart|move: Psychic Terrain|[from] ability: Psychic Surge|[of] p1b: Alfred\n|-enditem|p2b: Sneasler|Psychic Seed\n|-boost|p2b: Sneasler|spd|1|[from] item: Psychic Seed\n|-enditem|p1a: Nightwing|Psychic Seed\n|-boost|p1a: Nightwing|spd|1|[from] item: Psychic Seed\n|move|p2b: Sneasler|Throat Chop|p1b: Alfred\n|-supereffective|p1b: Alfred\n|-damage|p1b: Alfred|0 fnt\n|faint|p1b: Alfred\n|move|p1a: Nightwing|Close Combat|p2a: Corviknight\n|-damage|p2a: Corviknight|0 fnt\n|-unboost|p1a: Nightwing|def|1\n|-unboost|p1a: Nightwing|spd|1\n|faint|p2a: Corviknight\n|\n|upkeep\n|\n|t:|1729735334\n|switch|p1b: Incineroar|Incineroar, L50, M, tera:Ghost|21\/100\n|switch|p2a: Indeedee|Indeedee, L50, M|100\/100\n|-ability|p1b: Incineroar|Intimidate|boost\n|-unboost|p2a: Indeedee|atk|1\n|-unboost|p2b: Sneasler|atk|1\n|turn|4\n|\n|t:|1729735342\n|switch|p1b: Archaludon|Archaludon, L50, M, shiny|100\/100\n|move|p1a: Nightwing|Protect|p1a: Nightwing\n|-singleturn|p1a: Nightwing|Protect\n|move|p2b: Sneasler|Close Combat|p1a: Nightwing\n|-activate|p1a: Nightwing|move: Protect\n|move|p2a: Indeedee|Expanding Force|p1a: Nightwing|[spread] p1b\n|-activate|p1a: Nightwing|move: Protect\n|-resisted|p1b: Archaludon\n|-damage|p1b: Archaludon|66\/100\n|-ability|p1b: Archaludon|Stamina|boost\n|-boost|p1b: Archaludon|def|1\n|\n|upkeep\n|turn|5\n|l| newkl\n|j| newkl\n|\n|t:|1729735356\n|switch|p1b: Incineroar|Incineroar, L50, M, tera:Ghost|21\/100\n|-ability|p1b: Incineroar|Intimidate|boost\n|-unboost|p2a: Indeedee|atk|1\n|-unboost|p2b: Sneasler|atk|1\n|move|p2b: Sneasler|Close Combat|p1b: Incineroar\n|-immune|p1b: Incineroar\n|move|p1a: Nightwing|Throat Chop|p2a: Indeedee\n|-supereffective|p2a: Indeedee\n|-enditem|p2a: Indeedee|Focus Sash\n|-damage|p2a: Indeedee|1\/100\n|-start|p2a: Indeedee|Throat Chop|[silent]\n|move|p2a: Indeedee|Expanding Force|p1b: Incineroar|[spread] p1a,p1b\n|-supereffective|p1a: Nightwing\n|-damage|p1a: Nightwing|0 fnt\n|-damage|p1b: Incineroar|0 fnt\n|faint|p1a: Nightwing\n|faint|p1b: Incineroar\n|\n|-sideend|p2: Nayeon Sexy Woman|move: Tailwind\n|upkeep\n|\n|t:|1729735360\n|switch|p1a: Archaludon|Archaludon, L50, M, shiny|66\/100\n|turn|6\n|\n|t:|1729735368\n|-terastallize|p2a: Indeedee|Fighting\n|move|p2b: Sneasler|Close Combat|p1a: Archaludon\n|-supereffective|p1a: Archaludon\n|-damage|p1a: Archaludon|18\/100\n|-unboost|p2b: Sneasler|def|1\n|-unboost|p2b: Sneasler|spd|1\n|-ability|p1a: Archaludon|Stamina|boost\n|-boost|p1a: Archaludon|def|1\n|move|p2a: Indeedee|Tera Blast|p1a: Archaludon|[anim] Tera Blast Fighting\n|-supereffective|p1a: Archaludon\n|-damage|p1a: Archaludon|0 fnt\n|faint|p1a: Archaludon\n|\n|win|Nayeon Sexy Woman\n|raw|juacox300's rating: 1706 &rarr; <strong>1684<\/strong><br \/>(-22 for losing)\n|raw|Nayeon Sexy Woman's rating: 1668 &rarr; <strong>1690<\/strong><br \/>(+22 for winning)\n|l|\u2606juacox300\n|player|p1|\n|l|\u2606Nayeon Sexy Woman\n|player|p2|\n","uploadtime":1729735373,"views":34,"formatid":"gen9vgc2024regh","rating":1684,"private":0,"password":null}