{"id":"gen9vgc2024regh-2229980242","format":"[Gen 9] VGC 2024 Reg H","players":["GBVGC X76","juacox300"],"log":"|j|\u2606GBVGC X76\n|j|\u2606juacox300\n|t:|1729782658\n|gametype|doubles\n|player|p1|GBVGC X76|hanbei-conquest|1722\n|player|p2|juacox300|unknown|1792\n|teamsize|p1|6\n|teamsize|p2|6\n|gen|9\n|tier|[Gen 9] VGC 2024 Reg H\n|rated|\n|rule|Species Clause: Limit one of each Pok\u00e9mon\n|rule|Item Clause: Limit 1 of each item\n|clearpoke\n|poke|p1|Chandelure, L50, F|\n|poke|p1|Sylveon, L50, F|\n|poke|p1|Talonflame, L50, M|\n|poke|p1|Dragapult, L50, F|\n|poke|p1|Electabuzz, L50, F|\n|poke|p1|Decidueye-Hisui, L50, M|\n|poke|p2|Ursaluna, L50, F|\n|poke|p2|Murkrow, L50, M|\n|poke|p2|Archaludon, L50, M|\n|poke|p2|Sneasler, L50, M|\n|poke|p2|Indeedee, L50, M|\n|poke|p2|Incineroar, L50, F|\n|teampreview|4\n|\n|t:|1729782734\n|start\n|switch|p1a: MarcoFiaro|Talonflame, L50, M|100\/100\n|switch|p1b: Soullight|Chandelure, L50, F|100\/100\n|switch|p2a: Alfred|Indeedee, L50, M, shiny|100\/100\n|switch|p2b: Nightwing|Sneasler, L50, M|100\/100\n|-fieldstart|move: Psychic Terrain|[from] ability: Psychic Surge|[of] p2a: Alfred\n|-enditem|p2b: Nightwing|Psychic Seed\n|-boost|p2b: Nightwing|spd|1|[from] item: Psychic Seed\n|turn|1\n|\n|t:|1729782759\n|-terastallize|p1b: Soullight|Dark\n|move|p2b: Nightwing|Dire Claw|p1a: MarcoFiaro\n|-damage|p1a: MarcoFiaro|30\/100\n|move|p2a: Alfred|Expanding Force|p1b: Soullight|[spread] p1a\n|-immune|p1b: Soullight\n|-damage|p1a: MarcoFiaro|0 fnt\n|faint|p1a: MarcoFiaro\n|move|p1b: Soullight|Heat Wave|p2b: Nightwing|[spread] p2b\n|-miss|p1b: Soullight|p2a: Alfred\n|-damage|p2b: Nightwing|62\/100\n|\n|upkeep\n|\n|t:|1729782767\n|switch|p1a: Turning|Dragapult, L50, F|100\/100\n|turn|2\n|\n|t:|1729782780\n|move|p2b: Nightwing|Close Combat|p1b: Soullight\n|-supereffective|p1b: Soullight\n|-enditem|p1b: Soullight|Focus Sash\n|-damage|p1b: Soullight|1\/100\n|-unboost|p2b: Nightwing|def|1\n|-unboost|p2b: Nightwing|spd|1\n|move|p2a: Alfred|Expanding Force|p1b: Soullight|[spread] p1a\n|-immune|p1b: Soullight\n|-damage|p1a: Turning|25\/100\n|move|p1a: Turning|Dragon Darts|p2a: Alfred\n|-damage|p2a: Alfred|26\/100\n|-anim|p1a: Turning|Dragon Darts|p2b: Nightwing\n|-damage|p2b: Nightwing|0 fnt\n|faint|p2b: Nightwing\n|move|p1b: Soullight|Trick Room|p1b: Soullight\n|-fieldstart|move: Trick Room|[of] p1b: Soullight\n|\n|upkeep\n|\n|t:|1729782789\n|switch|p2b: Archaludon|Archaludon, L50, M, shiny|100\/100\n|turn|3\n|\n|t:|1729782799\n|switch|p2a: Murkrow|Murkrow, L50, M|100\/100\n|move|p2b: Archaludon|Electro Shot||[still]\n|-prepare|p2b: Archaludon|Electro Shot\n|-boost|p2b: Archaludon|spa|1\n|-enditem|p2b: Archaludon|Power Herb\n|-anim|p2b: Archaludon|Electro Shot|p1b: Soullight\n|-damage|p1b: Soullight|0 fnt\n|faint|p1b: Soullight\n|move|p1a: Turning|Dragon Darts|p2a: Murkrow\n|-damage|p2a: Murkrow|52\/100\n|-anim|p1a: Turning|Dragon Darts|p2b: Archaludon\n|-damage|p2b: Archaludon|69\/100\n|-ability|p2b: Archaludon|Stamina|boost\n|-boost|p2b: Archaludon|def|1\n|\n|upkeep\n|\n|t:|1729782807\n|switch|p1b: Moonlight|Sylveon, L50, F|100\/100\n|turn|4\n|\n|t:|1729782830\n|-terastallize|p2a: Murkrow|Grass\n|move|p2a: Murkrow|Brave Bird|p1a: Turning\n|-damage|p1a: Turning|0 fnt\n|faint|p1a: Turning\n|-damage|p2a: Murkrow|43\/100|[from] Recoil\n|move|p1b: Moonlight|Moonblast|p2b: Archaludon\n|-damage|p2b: Archaludon|0 fnt\n|faint|p2b: Archaludon\n|\n|upkeep\n|\n|t:|1729782839\n|switch|p2b: Alfred|Indeedee, L50, M, shiny|26\/100\n|turn|5\n|\n|t:|1729782849\n|move|p2a: Murkrow|Brave Bird|p1b: Moonlight\n|-damage|p1b: Moonlight|41\/100\n|-damage|p2a: Murkrow|22\/100|[from] Recoil\n|move|p1b: Moonlight|Moonblast|p2b: Alfred\n|-damage|p2b: Alfred|0 fnt\n|faint|p2b: Alfred\n|\n|-fieldend|move: Psychic Terrain\n|upkeep\n|turn|6\n|\n|t:|1729782855\n|move|p2a: Murkrow|Brave Bird|p1b: Moonlight\n|-damage|p1b: Moonlight|0 fnt\n|faint|p1b: Moonlight\n|-damage|p2a: Murkrow|7\/100|[from] Recoil\n|\n|win|juacox300\n|raw|GBVGC X76's rating: 1722 &rarr; <strong>1706<\/strong><br \/>(-16 for losing)\n|raw|juacox300's rating: 1792 &rarr; <strong>1808<\/strong><br \/>(+16 for winning)\n|l|\u2606juacox300\n|player|p2|\n","uploadtime":1729783017,"views":12,"formatid":"gen9vgc2024regh","rating":1706,"private":0,"password":null}