{"id":"gen9vgc2024regh-2229889885","format":"[Gen 9] VGC 2024 Reg H","players":["Chef AF","juacox300"],"log":"|j|\u203dChef AF\n|j|\u2606juacox300\n|t:|1729774451\n|gametype|doubles\n|player|p1|Chef AF|bugcatcher-gen4dp|1642\n|player|p2|juacox300|unknown|1731\n|teamsize|p1|6\n|teamsize|p2|6\n|gen|9\n|tier|[Gen 9] VGC 2024 Reg H\n|rated|\n|rule|Species Clause: Limit one of each Pok\u00e9mon\n|rule|Item Clause: Limit 1 of each item\n|clearpoke\n|poke|p1|Hydrapple, L50, F|\n|poke|p1|Ninetales-Alola, L50, F|\n|poke|p1|Lycanroc, L50, F|\n|poke|p1|Tyranitar, L50, M|\n|poke|p1|Garchomp, L50, M|\n|poke|p1|Gyarados, L50, F|\n|poke|p2|Ursaluna, L50, M|\n|poke|p2|Murkrow, L50, M|\n|poke|p2|Archaludon, L50, M|\n|poke|p2|Sneasler, L50, F|\n|poke|p2|Indeedee, L50, M|\n|poke|p2|Incineroar, L50, F|\n|teampreview|4\n|inactive|Battle timer is ON: inactive players will automatically lose when time's up. (requested by Chef AF)\n|\n|t:|1729774479\n|start\n|switch|p1a: Lycanroc|Lycanroc, L50, F, shiny|100\/100\n|switch|p1b: Tyranitar|Tyranitar, L50, M|100\/100\n|switch|p2a: Ursaluna|Ursaluna, L50, M|100\/100\n|switch|p2b: Archaludon|Archaludon, L50, M, shiny|100\/100\n|-weather|Sandstorm|[from] ability: Sand Stream|[of] p1b: Tyranitar\n|turn|1\n|\n|t:|1729774502\n|switch|p1b: Gyarados|Gyarados, L50, F|100\/100\n|-ability|p1b: Gyarados|Intimidate|boost\n|-unboost|p2a: Ursaluna|atk|1\n|-unboost|p2b: Archaludon|atk|1\n|-terastallize|p2b: Archaludon|Fairy\n|move|p2a: Ursaluna|Protect|p2a: Ursaluna\n|-singleturn|p2a: Ursaluna|Protect\n|move|p1a: Lycanroc|Close Combat|p2b: Archaludon\n|-resisted|p2b: Archaludon\n|-damage|p2b: Archaludon|85\/100\n|-unboost|p1a: Lycanroc|def|1\n|-unboost|p1a: Lycanroc|spd|1\n|-ability|p2b: Archaludon|Stamina|boost\n|-boost|p2b: Archaludon|def|1\n|move|p2b: Archaludon|Flash Cannon|p1a: Lycanroc\n|-supereffective|p1a: Lycanroc\n|-enditem|p1a: Lycanroc|Focus Sash\n|-damage|p1a: Lycanroc|1\/100\n|\n|-weather|Sandstorm|[upkeep]\n|-damage|p2b: Archaludon|79\/100|[from] Sandstorm\n|-status|p2a: Ursaluna|brn|[from] item: Flame Orb\n|upkeep\n|turn|2\n|inactive|Chef AF has 30 seconds left.\n|inactive|Chef AF has 20 seconds left.\n|inactive|Chef AF has 15 seconds left.\n|\n|t:|1729774547\n|switch|p2a: Murkrow|Murkrow, L50, M|100\/100\n|move|p1b: Gyarados|Protect|p1b: Gyarados\n|-singleturn|p1b: Gyarados|Protect\n|move|p1a: Lycanroc|Close Combat|p2a: Murkrow\n|-damage|p2a: Murkrow|52\/100\n|-unboost|p1a: Lycanroc|def|1\n|-unboost|p1a: Lycanroc|spd|1\n|move|p2b: Archaludon|Flash Cannon|p1a: Lycanroc\n|-supereffective|p1a: Lycanroc\n|-damage|p1a: Lycanroc|0 fnt\n|faint|p1a: Lycanroc\n|\n|-weather|Sandstorm|[upkeep]\n|-damage|p2b: Archaludon|73\/100|[from] Sandstorm\n|-damage|p2a: Murkrow|46\/100|[from] Sandstorm\n|upkeep\n|\n|t:|1729774566\n|switch|p1a: Garchomp|Garchomp, L50, M|100\/100\n|turn|3\n|\n|t:|1729774576\n|-terastallize|p1a: Garchomp|Poison\n|move|p2a: Murkrow|Tailwind|p2a: Murkrow\n|-sidestart|p2: juacox300|move: Tailwind\n|move|p2b: Archaludon|Draco Meteor|p1a: Garchomp\n|-damage|p1a: Garchomp|38\/100\n|-unboost|p2b: Archaludon|spa|2\n|move|p1a: Garchomp|Poison Jab|p2b: Archaludon\n|-supereffective|p2b: Archaludon\n|-damage|p2b: Archaludon|32\/100\n|-status|p2b: Archaludon|psn\n|-ability|p2b: Archaludon|Stamina|boost\n|-boost|p2b: Archaludon|def|1\n|move|p1b: Gyarados|Waterfall|p2a: Murkrow\n|-crit|p2a: Murkrow\n|-damage|p2a: Murkrow|0 fnt\n|faint|p2a: Murkrow\n|\n|-weather|Sandstorm|[upkeep]\n|-damage|p2b: Archaludon|26\/100 psn|[from] Sandstorm\n|-damage|p2b: Archaludon|13\/100 psn|[from] psn\n|upkeep\n|\n|t:|1729774591\n|switch|p2a: Ursaluna|Ursaluna, L50, M|100\/100 brn\n|turn|4\n|j| anotherhito\n|l| anotherhito\n|\n|t:|1729774614\n|switch|p1b: Tyranitar|Tyranitar, L50, M|100\/100\n|move|p1a: Garchomp|Protect|p1a: Garchomp\n|-singleturn|p1a: Garchomp|Protect\n|move|p2b: Archaludon|Electro Shot||[still]\n|-prepare|p2b: Archaludon|Electro Shot\n|-boost|p2b: Archaludon|spa|1\n|-enditem|p2b: Archaludon|Power Herb\n|-anim|p2b: Archaludon|Electro Shot|p1b: Tyranitar\n|-damage|p1b: Tyranitar|80\/100\n|move|p2a: Ursaluna|Facade|p1a: Garchomp\n|-activate|p1a: Garchomp|move: Protect\n|\n|-weather|Sandstorm|[upkeep]\n|-damage|p2b: Archaludon|7\/100 psn|[from] Sandstorm\n|-damage|p2b: Archaludon|0 fnt|[from] psn\n|faint|p2b: Archaludon\n|-damage|p2a: Ursaluna|95\/100 brn|[from] brn\n|upkeep\n|\n|t:|1729774618\n|switch|p2b: Nightwing|Sneasler, L50, F|100\/100\n|turn|5\n|\n|t:|1729774642\n|switch|p1b: Gyarados|Gyarados, L50, F|100\/100\n|-ability|p1b: Gyarados|Intimidate|boost\n|-unboost|p2a: Ursaluna|atk|1\n|-unboost|p2b: Nightwing|atk|1\n|move|p2b: Nightwing|Dire Claw|p1b: Gyarados\n|-damage|p1b: Gyarados|72\/100\n|move|p2a: Ursaluna|Facade|p1a: Garchomp|[miss]\n|-miss|p2a: Ursaluna|p1a: Garchomp\n|move|p1a: Garchomp|Earthquake|p2a: Ursaluna|[spread] p2a,p2b\n|-immune|p1b: Gyarados\n|-supereffective|p2b: Nightwing\n|-damage|p2a: Ursaluna|66\/100 brn\n|-damage|p2b: Nightwing|0 fnt\n|faint|p2b: Nightwing\n|\n|-weather|none\n|-damage|p2a: Ursaluna|60\/100 brn|[from] brn\n|upkeep\n|turn|6\n|inactive|Chef AF has 30 seconds left.\n|\n|t:|1729774667\n|move|p1a: Garchomp|Protect|p1a: Garchomp\n|-singleturn|p1a: Garchomp|Protect\n|move|p1b: Gyarados|Protect|p1b: Gyarados\n|-singleturn|p1b: Gyarados|Protect\n|move|p2a: Ursaluna|Facade|p1b: Gyarados\n|-activate|p1b: Gyarados|move: Protect\n|\n|-damage|p2a: Ursaluna|54\/100 brn|[from] brn\n|-sideend|p2: juacox300|move: Tailwind\n|upkeep\n|turn|7\n|-message|juacox300 forfeited.\n|\n|win|Chef AF\n|raw|Chef AF's rating: 1642 &rarr; <strong>1667<\/strong><br \/>(+25 for winning)\n|raw|juacox300's rating: 1731 &rarr; <strong>1706<\/strong><br \/>(-25 for losing)\n|l|\u2606juacox300\n|player|p2|\n|l|\u203dChef AF\n|player|p1|\n","uploadtime":1729774851,"views":17,"formatid":"gen9vgc2024regh","rating":1667,"private":0,"password":null}