{"id":"gen9vgc2024regh-2229879889","format":"[Gen 9] VGC 2024 Reg H","players":["Gualgo","karamingo"],"log":"|j|\u2606Gualgo\n|j|\u2606karamingo\n|t:|1729773346\n|gametype|doubles\n|player|p1|Gualgo|pokemaniac|1661\n|player|p2|karamingo|1|1812\n|teamsize|p1|6\n|teamsize|p2|6\n|gen|9\n|tier|[Gen 9] VGC 2024 Reg H\n|rated|\n|rule|Species Clause: Limit one of each Pok\u00e9mon\n|rule|Item Clause: Limit 1 of each item\n|clearpoke\n|poke|p1|Indeedee-F, L50, F|\n|poke|p1|Torkoal, L50, M|\n|poke|p1|Gholdengo, L50|\n|poke|p1|Armarouge, L50, M|\n|poke|p1|Corviknight, L50, M|\n|poke|p1|Kingambit, L50, F|\n|poke|p2|Gholdengo, L50|\n|poke|p2|Dragonite, L50, F|\n|poke|p2|Ursaluna, L50, F|\n|poke|p2|Incineroar, L50, F|\n|poke|p2|Sinistcha-Masterpiece, L50|\n|poke|p2|Flamigo, L50, M|\n|teampreview|4\n|\n|t:|1729773374\n|start\n|switch|p1a: Corviknight|Corviknight, L50, M, shiny|100\/100\n|switch|p1b: Indeedee|Indeedee-F, L50, F|100\/100\n|switch|p2a: Flamigo|Flamigo, L50, M|100\/100\n|switch|p2b: Incineroar|Incineroar, L50, F|100\/100\n|-ability|p2b: Incineroar|Intimidate|boost\n|-ability|p1a: Corviknight|Mirror Armor\n|-unboost|p2b: Incineroar|atk|1\n|-unboost|p1b: Indeedee|atk|1\n|-fieldstart|move: Psychic Terrain|[from] ability: Psychic Surge|[of] p1b: Indeedee\n|-enditem|p1b: Indeedee|Psychic Seed\n|-boost|p1b: Indeedee|spd|1|[from] item: Psychic Seed\n|turn|1\n|\n|t:|1729773399\n|move|p2a: Flamigo|Close Combat|p1a: Corviknight\n|-damage|p1a: Corviknight|60\/100\n|-unboost|p2a: Flamigo|def|1\n|-unboost|p2a: Flamigo|spd|1\n|move|p2b: Incineroar|Flare Blitz|p1a: Corviknight\n|-supereffective|p1a: Corviknight\n|-damage|p1a: Corviknight|5\/100\n|-damage|p2b: Incineroar|82\/100|[from] Recoil\n|move|p1a: Corviknight|Brave Bird|p2a: Flamigo\n|-supereffective|p2a: Flamigo\n|-enditem|p2a: Flamigo|Focus Sash\n|-damage|p2a: Flamigo|1\/100\n|-damage|p1a: Corviknight|0 fnt|[from] Recoil\n|faint|p1a: Corviknight\n|move|p1b: Indeedee|Trick Room|p1b: Indeedee\n|-fieldstart|move: Trick Room|[of] p1b: Indeedee\n|\n|upkeep\n|\n|t:|1729773422\n|switch|p1a: Armarouge|Armarouge, L50, M|100\/100\n|turn|2\n|\n|t:|1729773440\n|switch|p2b: Ursaluna|Ursaluna, L50, F|100\/100\n|move|p1a: Armarouge|Armor Cannon|p2a: Flamigo\n|-damage|p2a: Flamigo|0 fnt\n|-unboost|p1a: Armarouge|def|1\n|-unboost|p1a: Armarouge|spd|1\n|faint|p2a: Flamigo\n|-damage|p1a: Armarouge|91\/100|[from] item: Life Orb\n|move|p1b: Indeedee|Dazzling Gleam|p2b: Ursaluna\n|-damage|p2b: Ursaluna|83\/100\n|\n|-status|p2b: Ursaluna|brn|[from] item: Flame Orb\n|upkeep\n|\n|t:|1729773473\n|switch|p2a: Incineroar|Incineroar, L50, F|82\/100\n|-ability|p2a: Incineroar|Intimidate|boost\n|-unboost|p1a: Armarouge|atk|1\n|-unboost|p1b: Indeedee|atk|1\n|turn|3\n|\n|t:|1729773487\n|switch|p2a: Sinistcha|Sinistcha-Masterpiece, L50|100\/100\n|-heal|p2b: Ursaluna|100\/100 brn|[from] ability: Hospitality|[of] p2a: Sinistcha\n|move|p1b: Indeedee|Follow Me|p1b: Indeedee\n|-singleturn|p1b: Indeedee|move: Follow Me\n|move|p1a: Armarouge|Expanding Force|p2a: Sinistcha|[spread] p2a,p2b\n|-damage|p2a: Sinistcha|30\/100\n|-damage|p2b: Ursaluna|25\/100 brn\n|-enditem|p2a: Sinistcha|Sitrus Berry|[eat]\n|-heal|p2a: Sinistcha|54\/100|[from] item: Sitrus Berry\n|-damage|p1a: Armarouge|81\/100|[from] item: Life Orb\n|move|p2b: Ursaluna|Earthquake|p1b: Indeedee|[spread] p2a,p1a,p1b\n|-resisted|p2a: Sinistcha\n|-supereffective|p1a: Armarouge\n|-damage|p2a: Sinistcha|24\/100\n|-damage|p1a: Armarouge|0 fnt\n|-damage|p1b: Indeedee|37\/100\n|faint|p1a: Armarouge\n|\n|-damage|p2b: Ursaluna|19\/100 brn|[from] brn\n|upkeep\n|\n|t:|1729773507\n|switch|p1a: Torkoal|Torkoal, L50, M|100\/100\n|-weather|SunnyDay|[from] ability: Drought|[of] p1a: Torkoal\n|turn|4\n|\n|t:|1729773522\n|switch|p2a: Incineroar|Incineroar, L50, F|82\/100\n|-ability|p2a: Incineroar|Intimidate|boost\n|-unboost|p1a: Torkoal|atk|1\n|-unboost|p1b: Indeedee|atk|1\n|move|p2b: Ursaluna|Protect|p2b: Ursaluna\n|-singleturn|p2b: Ursaluna|Protect\n|move|p1a: Torkoal|Eruption|p2a: Incineroar|[spread] p2a\n|-activate|p2b: Ursaluna|move: Protect\n|-resisted|p2a: Incineroar\n|-damage|p2a: Incineroar|33\/100\n|move|p1b: Indeedee|Dazzling Gleam|p2a: Incineroar|[spread] p2a\n|-activate|p2b: Ursaluna|move: Protect\n|-damage|p2a: Incineroar|21\/100\n|-enditem|p2a: Incineroar|Figy Berry|[eat]\n|-heal|p2a: Incineroar|54\/100|[from] item: Figy Berry\n|\n|-weather|SunnyDay|[upkeep]\n|-damage|p2b: Ursaluna|14\/100 brn|[from] brn\n|upkeep\n|turn|5\n|\n|t:|1729773546\n|switch|p2b: Sinistcha|Sinistcha-Masterpiece, L50|24\/100\n|-heal|p2a: Incineroar|79\/100|[from] ability: Hospitality|[of] p2b: Sinistcha\n|-terastallize|p1a: Torkoal|Fire\n|move|p1a: Torkoal|Eruption|p2a: Incineroar|[spread] p2a,p2b\n|-resisted|p2a: Incineroar\n|-supereffective|p2b: Sinistcha\n|-damage|p2a: Incineroar|21\/100\n|-damage|p2b: Sinistcha|0 fnt\n|faint|p2b: Sinistcha\n|move|p1b: Indeedee|Dazzling Gleam|p2a: Incineroar\n|-crit|p2a: Incineroar\n|-damage|p2a: Incineroar|0 fnt\n|faint|p2a: Incineroar\n|\n|-weather|SunnyDay|[upkeep]\n|-fieldend|move: Trick Room\n|-fieldend|move: Psychic Terrain\n|upkeep\n|\n|t:|1729773558\n|switch|p2b: Ursaluna|Ursaluna, L50, F|14\/100 brn\n|turn|6\n|\n|t:|1729773576\n|move|p1b: Indeedee|Follow Me|p1b: Indeedee\n|-singleturn|p1b: Indeedee|move: Follow Me\n|move|p2b: Ursaluna|Earthquake|p1b: Indeedee|[spread] p1a,p1b\n|-supereffective|p1a: Torkoal\n|-damage|p1a: Torkoal|6\/100\n|-damage|p1b: Indeedee|0 fnt\n|faint|p1b: Indeedee\n|move|p1a: Torkoal|Eruption|p2b: Ursaluna\n|-damage|p2b: Ursaluna|5\/100 brn\n|\n|-weather|SunnyDay|[upkeep]\n|-damage|p2b: Ursaluna|0 fnt|[from] brn\n|faint|p2b: Ursaluna\n|\n|win|Gualgo\n|upkeep\n|raw|Gualgo's rating: 1661 &rarr; <strong>1689<\/strong><br \/>(+28 for winning)\n|raw|karamingo's rating: 1812 &rarr; <strong>1784<\/strong><br \/>(-28 for losing)\n|l|\u2606karamingo\n|player|p2|\n|l|\u2606Gualgo\n|player|p1|\n","uploadtime":1729773763,"views":185,"formatid":"gen9vgc2024regh","rating":1689,"private":0,"password":null}