{"id":"gen9vgc2024regh-2229733081","format":"[Gen 9] VGC 2024 Reg H","players":["OSAMABINGETINLADIN","fangame10"],"log":"|j|\u2606OSAMABINGETINLADIN\n|j|\u2606fangame10\n|t:|1729751392\n|gametype|doubles\n|player|p1|OSAMABINGETINLADIN|policeman-gen4|1719\n|player|p2|fangame10|red|1770\n|teamsize|p1|6\n|teamsize|p2|6\n|gen|9\n|tier|[Gen 9] VGC 2024 Reg H\n|rated|\n|rule|Species Clause: Limit one of each Pok\u00e9mon\n|rule|Item Clause: Limit 1 of each item\n|clearpoke\n|poke|p1|Sneasler, L50, M|\n|poke|p1|Indeedee, L50, M|\n|poke|p1|Dragapult, L50, F|\n|poke|p1|Decidueye-Hisui, L50, M|\n|poke|p1|Typhlosion-Hisui, L50, M|\n|poke|p1|Whimsicott, L50, M|\n|poke|p2|Glaceon, L50, F|\n|poke|p2|Ninetales-Alola, L50, F|\n|poke|p2|Milotic, L50, M|\n|poke|p2|Skeledirge, L50, M|\n|poke|p2|Rillaboom, L50, M|\n|poke|p2|Annihilape, L50, M|\n|teampreview|4\n|inactive|Battle timer is ON: inactive players will automatically lose when time's up. (requested by fangame10)\n|inactive|OSAMABINGETINLADIN also wants the timer to be on.\n|inactive|OSAMABINGETINLADIN has 60 seconds left.\n|inactive|fangame10 has 60 seconds left.\n|inactive|fangame10 has 30 seconds left.\n|\n|t:|1729751463\n|start\n|switch|p1a: Luis Carruthers|Whimsicott, L50, M|100\/100\n|switch|p1b: Timothy Bryce|Decidueye-Hisui, L50, M|100\/100\n|switch|p2a: Ninetales|Ninetales-Alola, L50, F, shiny|100\/100\n|switch|p2b: Milotic|Milotic, L50, M, shiny|100\/100\n|-weather|Snow|[from] ability: Snow Warning|[of] p2a: Ninetales\n|turn|1\n|j| Maushold-69P\n|j| mr pogostick\n|inactive|OSAMABINGETINLADIN has 30 seconds left.\n|l| mr pogostick\n|inactive|OSAMABINGETINLADIN has 20 seconds left.\n|inactive|OSAMABINGETINLADIN has 15 seconds left.\n|inactive|OSAMABINGETINLADIN has 10 seconds left.\n|\n|t:|1729751512\n|-terastallize|p1a: Luis Carruthers|Water\n|move|p1b: Timothy Bryce|Protect|p1b: Timothy Bryce\n|-singleturn|p1b: Timothy Bryce|Protect\n|move|p1a: Luis Carruthers|Sunny Day|p1a: Luis Carruthers\n|-weather|SunnyDay\n|move|p2a: Ninetales|Blizzard|p1a: Luis Carruthers|[spread] p1a\n|-activate|p1b: Timothy Bryce|move: Protect\n|-resisted|p1a: Luis Carruthers\n|-damage|p1a: Luis Carruthers|79\/100\n|move|p2b: Milotic|Hypnosis|p1b: Timothy Bryce\n|-activate|p1b: Timothy Bryce|move: Protect\n|\n|-weather|SunnyDay|[upkeep]\n|upkeep\n|turn|2\n|\n|t:|1729751543\n|switch|p2b: Skeledirge|Skeledirge, L50, M, shiny|100\/100\n|move|p1a: Luis Carruthers|Tailwind|p1a: Luis Carruthers\n|-sidestart|p1: OSAMABINGETINLADIN|move: Tailwind\n|move|p1b: Timothy Bryce|Leaf Blade|p2b: Skeledirge\n|-resisted|p2b: Skeledirge\n|-damage|p2b: Skeledirge|79\/100\n|move|p2a: Ninetales|Moonblast|p1a: Luis Carruthers\n|-damage|p1a: Luis Carruthers|29\/100\n|\n|-weather|SunnyDay|[upkeep]\n|-heal|p2b: Skeledirge|84\/100|[from] item: Leftovers\n|upkeep\n|turn|3\n|\n|t:|1729751563\n|move|p1b: Timothy Bryce|Protect|p1b: Timothy Bryce\n|-singleturn|p1b: Timothy Bryce|Protect\n|move|p1a: Luis Carruthers|Moonblast|p2a: Ninetales\n|-damage|p2a: Ninetales|68\/100\n|-unboost|p2a: Ninetales|spa|1\n|move|p2a: Ninetales|Moonblast|p1a: Luis Carruthers\n|-damage|p1a: Luis Carruthers|0 fnt\n|faint|p1a: Luis Carruthers\n|move|p2b: Skeledirge|Torch Song|p1b: Timothy Bryce\n|-activate|p1b: Timothy Bryce|move: Protect\n|\n|-weather|SunnyDay|[upkeep]\n|-heal|p2b: Skeledirge|90\/100|[from] item: Leftovers\n|upkeep\n|\n|t:|1729751580\n|switch|p1a: David Van Patten|Typhlosion-Hisui, L50, M|100\/100\n|turn|4\n|\n|t:|1729751587\n|switch|p2a: Milotic|Milotic, L50, M, shiny|100\/100\n|move|p2b: Skeledirge|Protect|p2b: Skeledirge\n|-singleturn|p2b: Skeledirge|Protect\n|move|p1a: David Van Patten|Eruption|p2a: Milotic|[spread] p2a\n|-activate|p2b: Skeledirge|move: Protect\n|-resisted|p2a: Milotic\n|-damage|p2a: Milotic|65\/100\n|move|p1b: Timothy Bryce|Triple Arrows|p2b: Skeledirge\n|-activate|p2b: Skeledirge|move: Protect\n|\n|-weather|SunnyDay|[upkeep]\n|-heal|p2b: Skeledirge|96\/100|[from] item: Leftovers\n|upkeep\n|turn|5\n|\n|t:|1729751594\n|move|p1a: David Van Patten|Eruption|p2a: Milotic|[spread] p2a,p2b\n|-resisted|p2a: Milotic\n|-resisted|p2b: Skeledirge\n|-damage|p2a: Milotic|23\/100\n|-damage|p2b: Skeledirge|38\/100\n|-enditem|p2a: Milotic|Sitrus Berry|[eat]\n|-heal|p2a: Milotic|48\/100|[from] item: Sitrus Berry\n|move|p1b: Timothy Bryce|Triple Arrows|p2b: Skeledirge\n|-crit|p2b: Skeledirge\n|-damage|p2b: Skeledirge|0 fnt\n|faint|p2b: Skeledirge\n|move|p2a: Milotic|Life Dew|p2a: Milotic\n|-heal|p2a: Milotic|73\/100\n|\n|-weather|none\n|-sideend|p1: OSAMABINGETINLADIN|move: Tailwind\n|upkeep\n|\n|t:|1729751604\n|switch|p2b: Ninetales|Ninetales-Alola, L50, F, shiny|68\/100\n|-weather|Snow|[from] ability: Snow Warning|[of] p2b: Ninetales\n|turn|6\n|\n|t:|1729751633\n|-terastallize|p2b: Ninetales|Fire\n|move|p2b: Ninetales|Aurora Veil|p2b: Ninetales\n|-sidestart|p2: fangame10|move: Aurora Veil\n|move|p1a: David Van Patten|Eruption|p2a: Milotic|[spread] p2a,p2b\n|-resisted|p2a: Milotic\n|-resisted|p2b: Ninetales\n|-damage|p2a: Milotic|55\/100\n|-damage|p2b: Ninetales|35\/100\n|move|p2a: Milotic|Hypnosis|p1b: Timothy Bryce|[miss]\n|-miss|p2a: Milotic|p1b: Timothy Bryce\n|move|p1b: Timothy Bryce|Leaf Blade|p2a: Milotic\n|-supereffective|p2a: Milotic\n|-crit|p2a: Milotic\n|-damage|p2a: Milotic|0 fnt\n|faint|p2a: Milotic\n|\n|-weather|Snow|[upkeep]\n|upkeep\n|\n|t:|1729751640\n|switch|p2a: Glaceon|Glaceon, L50, F, shiny|100\/100\n|turn|7\n|\n|t:|1729751657\n|move|p1b: Timothy Bryce|Protect|p1b: Timothy Bryce\n|-singleturn|p1b: Timothy Bryce|Protect\n|move|p2b: Ninetales|Blizzard|p1b: Timothy Bryce|[spread] p1a\n|-activate|p1b: Timothy Bryce|move: Protect\n|-resisted|p1a: David Van Patten\n|-damage|p1a: David Van Patten|80\/100\n|-status|p1a: David Van Patten|frz\n|-curestatus|p1a: David Van Patten|frz|[msg]\n|move|p1a: David Van Patten|Eruption|p2b: Ninetales|[spread] p2a,p2b\n|-supereffective|p2a: Glaceon\n|-resisted|p2b: Ninetales\n|-crit|p2b: Ninetales\n|-damage|p2a: Glaceon|38\/100\n|-damage|p2b: Ninetales|0 fnt\n|faint|p2b: Ninetales\n|move|p2a: Glaceon|Blizzard|p1b: Timothy Bryce|[spread] p1a\n|-activate|p1b: Timothy Bryce|move: Protect\n|-resisted|p1a: David Van Patten\n|-damage|p1a: David Van Patten|49\/100\n|\n|-weather|Snow|[upkeep]\n|upkeep\n|turn|8\n|\n|t:|1729751668\n|move|p1a: David Van Patten|Eruption|p2a: Glaceon|[miss]\n|-miss|p1a: David Van Patten|p2a: Glaceon\n|move|p1b: Timothy Bryce|Triple Arrows|p2a: Glaceon\n|-supereffective|p2a: Glaceon\n|-damage|p2a: Glaceon|0 fnt\n|faint|p2a: Glaceon\n|\n|win|OSAMABINGETINLADIN\n|raw|OSAMABINGETINLADIN's rating: 1719 &rarr; <strong>1742<\/strong><br \/>(+23 for winning)\n|raw|fangame10's rating: 1770 &rarr; <strong>1747<\/strong><br \/>(-23 for losing)\n|l|\u2606fangame10\n|player|p2|\n|l| Maushold-69P\n|l|\u2606OSAMABINGETINLADIN\n|player|p1|\n","uploadtime":1729751889,"views":27,"formatid":"gen9vgc2024regh","rating":1742,"private":0,"password":null}