{"id":"gen9vgc2024regh-2229964259","format":"[Gen 9] VGC 2024 Reg H","players":["FalconInAFedora","DV8D"],"log":"|j|\u2606FalconInAFedora\n|j|\u2606DV8D\n|t:|1729781282\n|gametype|doubles\n|player|p1|FalconInAFedora|102|1690\n|player|p2|DV8D|red|1648\n|teamsize|p1|6\n|teamsize|p2|6\n|gen|9\n|tier|[Gen 9] VGC 2024 Reg H\n|rated|\n|rule|Species Clause: Limit one of each Pok\u00e9mon\n|rule|Item Clause: Limit 1 of each item\n|clearpoke\n|poke|p1|Gallade, L50, M|\n|poke|p1|Exeggutor, L50, F|\n|poke|p1|Zoroark-Hisui, L50, M|\n|poke|p1|Ursaluna, L50, M|\n|poke|p1|Torkoal, L50, F|\n|poke|p1|Indeedee-F, L50, F|\n|poke|p2|Pelipper, L50, F|\n|poke|p2|Archaludon, L50, M|\n|poke|p2|Basculegion, L50, M|\n|poke|p2|Amoonguss, L50, F|\n|poke|p2|Dragonite, L50, F|\n|poke|p2|Gholdengo, L50|\n|teampreview|4\n|inactive|Battle timer is ON: inactive players will automatically lose when time's up. (requested by FalconInAFedora)\n|\n|t:|1729781305\n|start\n|switch|p1a: Usopp|Exeggutor, L50, F|100\/100\n|switch|p1b: Robin|Indeedee-F, L50, F|100\/100\n|switch|p2a: Dragonite|Dragonite, L50, F, shiny|100\/100\n|switch|p2b: Gholdengo|Gholdengo, L50, shiny|100\/100\n|-fieldstart|move: Psychic Terrain|[from] ability: Psychic Surge|[of] p1b: Robin\n|-enditem|p1b: Robin|Psychic Seed\n|-boost|p1b: Robin|spd|1|[from] item: Psychic Seed\n|turn|1\n|inactive|DV8D has 30 seconds left.\n|inactive|DV8D has 20 seconds left.\n|inactive|DV8D has 15 seconds left.\n|inactive|DV8D has 10 seconds left.\n|\n|t:|1729781353\n|-terastallize|p2b: Gholdengo|Fighting\n|move|p1b: Robin|Follow Me|p1b: Robin\n|-singleturn|p1b: Robin|move: Follow Me\n|move|p2b: Gholdengo|Shadow Ball|p1b: Robin\n|-immune|p1b: Robin\n|move|p2a: Dragonite|Ice Spinner|p1b: Robin\n|-damage|p1b: Robin|73\/100\n|-fieldend|move: Psychic Terrain\n|move|p1a: Usopp|Trick Room|p1a: Usopp\n|-fieldstart|move: Trick Room|[of] p1a: Usopp\n|\n|upkeep\n|turn|2\n|inactive|DV8D has 30 seconds left.\n|inactive|FalconInAFedora has 30 seconds left.\n|j| Tultey\n|\n|t:|1729781391\n|switch|p1a: Akainu|Torkoal, L50, F|100\/100\n|-weather|SunnyDay|[from] ability: Drought|[of] p1a: Akainu\n|switch|p2b: Pelipper|Pelipper, L50, F, shiny|100\/100\n|-weather|RainDance|[from] ability: Drizzle|[of] p2b: Pelipper\n|move|p1b: Robin|Psychic|p2b: Pelipper\n|-damage|p2b: Pelipper|47\/100\n|move|p2a: Dragonite|Ice Spinner|p1a: Akainu\n|-resisted|p1a: Akainu\n|-damage|p1a: Akainu|89\/100\n|\n|-weather|RainDance|[upkeep]\n|upkeep\n|turn|3\n|\n|t:|1729781411\n|switch|p1a: Usopp|Exeggutor, L50, F|100\/100\n|switch|p1b: Zoro|Gallade, L50, M|100\/100\n|move|p2a: Dragonite|Stomping Tantrum|p1a: Usopp\n|-resisted|p1a: Usopp\n|-damage|p1a: Usopp|83\/100\n|move|p2b: Pelipper|Weather Ball|p1b: Zoro\n|-damage|p1b: Zoro|44\/100\n|\n|-weather|RainDance|[upkeep]\n|upkeep\n|turn|4\n|\n|t:|1729781427\n|move|p2b: Pelipper|Protect|p2b: Pelipper\n|-singleturn|p2b: Pelipper|Protect\n|move|p1b: Zoro|Psycho Cut|p2a: Dragonite\n|-damage|p2a: Dragonite|75\/100\n|move|p1a: Usopp|Energy Ball|p2b: Pelipper\n|-activate|p2b: Pelipper|move: Protect\n|move|p2a: Dragonite|Ice Spinner|p1a: Usopp\n|-supereffective|p1a: Usopp\n|-damage|p1a: Usopp|14\/100\n|\n|-weather|RainDance|[upkeep]\n|upkeep\n|turn|5\n|\n|t:|1729781449\n|switch|p1b: Robin|Indeedee-F, L50, F|73\/100\n|-fieldstart|move: Psychic Terrain|[from] ability: Psychic Surge|[of] p1b: Robin\n|-terastallize|p1a: Usopp|Psychic\n|move|p2a: Dragonite|Protect|p2a: Dragonite\n|-singleturn|p2a: Dragonite|Protect\n|move|p1a: Usopp|Expanding Force|p2a: Dragonite|[spread] p2b\n|-activate|p2a: Dragonite|move: Protect\n|-damage|p2b: Pelipper|0 fnt\n|faint|p2b: Pelipper\n|\n|-weather|RainDance|[upkeep]\n|-fieldend|move: Trick Room\n|upkeep\n|\n|t:|1729781465\n|switch|p2b: Gholdengo|Gholdengo, L50, shiny, tera:Fighting|100\/100\n|turn|6\n|\n|t:|1729781471\n|switch|p1b: Akainu|Torkoal, L50, F|89\/100\n|-weather|SunnyDay|[from] ability: Drought|[of] p1b: Akainu\n|move|p2b: Gholdengo|Make It Rain|p1a: Usopp|[spread] p1a,p1b\n|-resisted|p1b: Akainu\n|-damage|p1a: Usopp|0 fnt\n|-damage|p1b: Akainu|56\/100\n|-unboost|p2b: Gholdengo|spa|1\n|faint|p1a: Usopp\n|move|p2a: Dragonite|Ice Spinner|p1b: Akainu\n|-resisted|p1b: Akainu\n|-damage|p1b: Akainu|43\/100\n|-fieldend|move: Psychic Terrain\n|\n|-weather|SunnyDay|[upkeep]\n|upkeep\n|\n|t:|1729781485\n|switch|p1a: Robin|Indeedee-F, L50, F|73\/100\n|-fieldstart|move: Psychic Terrain|[from] ability: Psychic Surge|[of] p1a: Robin\n|turn|7\n|\n|t:|1729781498\n|move|p2b: Gholdengo|Make It Rain|p1b: Akainu|[spread] p1a,p1b\n|-resisted|p1b: Akainu\n|-damage|p1a: Robin|41\/100\n|-damage|p1b: Akainu|21\/100\n|-unboost|p2b: Gholdengo|spa|1\n|move|p2a: Dragonite|Ice Spinner|p1b: Akainu\n|-resisted|p1b: Akainu\n|-damage|p1b: Akainu|9\/100\n|-fieldend|move: Psychic Terrain\n|move|p1a: Robin|Psychic|p2b: Gholdengo\n|-supereffective|p2b: Gholdengo\n|-damage|p2b: Gholdengo|31\/100\n|move|p1b: Akainu|Weather Ball|p2a: Dragonite\n|-resisted|p2a: Dragonite\n|-damage|p2a: Dragonite|42\/100\n|\n|-weather|SunnyDay|[upkeep]\n|upkeep\n|turn|8\n|\n|t:|1729781519\n|move|p1b: Akainu|Protect|p1b: Akainu\n|-singleturn|p1b: Akainu|Protect\n|move|p2b: Gholdengo|Make It Rain|p1b: Akainu|[spread] p1a\n|-activate|p1b: Akainu|move: Protect\n|-damage|p1a: Robin|20\/100\n|-unboost|p2b: Gholdengo|spa|1\n|move|p2a: Dragonite|Stomping Tantrum|p1a: Robin\n|-damage|p1a: Robin|0 fnt\n|faint|p1a: Robin\n|\n|-weather|SunnyDay|[upkeep]\n|upkeep\n|\n|t:|1729781529\n|switch|p1a: Zoro|Gallade, L50, M|44\/100\n|turn|9\n|\n|t:|1729781540\n|move|p1a: Zoro|Wide Guard|p1a: Zoro\n|-singleturn|p1a: Zoro|Wide Guard\n|move|p2a: Dragonite|Extreme Speed|p1a: Zoro\n|-damage|p1a: Zoro|2\/100\n|move|p2b: Gholdengo|Make It Rain|p1b: Akainu|[spread] \n|-activate|p1a: Zoro|move: Wide Guard\n|-activate|p1b: Akainu|move: Wide Guard\n|move|p1b: Akainu|Weather Ball|p2a: Dragonite\n|-resisted|p2a: Dragonite\n|-damage|p2a: Dragonite|7\/100\n|\n|-weather|SunnyDay|[upkeep]\n|upkeep\n|turn|10\n|\n|t:|1729781559\n|move|p1a: Zoro|Wide Guard|p1a: Zoro\n|-singleturn|p1a: Zoro|Wide Guard\n|move|p2b: Gholdengo|Make It Rain|p1a: Zoro|[spread] \n|-activate|p1a: Zoro|move: Wide Guard\n|-activate|p1b: Akainu|move: Wide Guard\n|move|p2a: Dragonite|Stomping Tantrum|p1b: Akainu\n|-supereffective|p1b: Akainu\n|-damage|p1b: Akainu|0 fnt\n|faint|p1b: Akainu\n|\n|-weather|none\n|upkeep\n|turn|11\n|-message|FalconInAFedora forfeited.\n|\n|win|DV8D\n|raw|FalconInAFedora's rating: 1690 &rarr; <strong>1668<\/strong><br \/>(-22 for losing)\n|raw|DV8D's rating: 1648 &rarr; <strong>1670<\/strong><br \/>(+22 for winning)\n|l|\u2606FalconInAFedora\n|player|p1|\n|l|\u2606DV8D\n|player|p2|\n|l| Tultey\n","uploadtime":1729781792,"views":15,"formatid":"gen9vgc2024regh","rating":1668,"private":0,"password":null}