{"id":"gen9vgc2024regh-2229206689","format":"[Gen 9] VGC 2024 Reg H","players":["donmitchie","Pengpen"],"log":"|j|\u2606donmitchie\n|j|\u2606Pengpen\n|t:|1729694489\n|gametype|doubles\n|player|p1|donmitchie|170|1718\n|player|p2|Pengpen|170|1727\n|teamsize|p1|6\n|teamsize|p2|6\n|gen|9\n|tier|[Gen 9] VGC 2024 Reg H\n|rated|\n|rule|Species Clause: Limit one of each Pok\u00e9mon\n|rule|Item Clause: Limit 1 of each item\n|clearpoke\n|poke|p1|Dragonite, L50, M|\n|poke|p1|Garchomp, L50, F|\n|poke|p1|Whimsicott, L50, M|\n|poke|p1|Gholdengo, L50|\n|poke|p1|Incineroar, L50, M|\n|poke|p1|Amoonguss, L50, M|\n|poke|p2|Tyranitar, L50, F|\n|poke|p2|Excadrill, L50, F|\n|poke|p2|Baxcalibur, L50, F|\n|poke|p2|Corviknight, L50, F|\n|poke|p2|Volcarona, L50, F|\n|poke|p2|Dondozo, L50, F|\n|teampreview|4\n|inactive|Battle timer is ON: inactive players will automatically lose when time's up. (requested by donmitchie)\n|inactive|Pengpen has 60 seconds left.\n|\n|t:|1729694538\n|start\n|switch|p1a: Whimsicott|Whimsicott, L50, M|100\/100\n|switch|p1b: Garchomp|Garchomp, L50, F|100\/100\n|switch|p2a: Corviknight|Corviknight, L50, F, shiny|100\/100\n|switch|p2b: Baxcalibur|Baxcalibur, L50, F|100\/100\n|turn|1\n|\n|t:|1729694563\n|-terastallize|p2b: Baxcalibur|Ghost\n|move|p1a: Whimsicott|Protect|p1a: Whimsicott\n|-singleturn|p1a: Whimsicott|Protect\n|move|p1b: Garchomp|Protect|p1b: Garchomp\n|-singleturn|p1b: Garchomp|Protect\n|move|p2b: Baxcalibur|Scale Shot|p1b: Garchomp\n|-activate|p1b: Garchomp|move: Protect\n|move|p2a: Corviknight|Brave Bird|p1a: Whimsicott\n|-activate|p1a: Whimsicott|move: Protect\n|\n|upkeep\n|turn|2\n|\n|t:|1729694586\n|move|p1a: Whimsicott|Moonblast|p2b: Baxcalibur\n|-damage|p2b: Baxcalibur|64\/100\n|move|p1b: Garchomp|Dragon Claw|p2b: Baxcalibur\n|-damage|p2b: Baxcalibur|3\/100\n|-damage|p1b: Garchomp|91\/100|[from] item: Life Orb\n|move|p2b: Baxcalibur|Scale Shot|p1b: Garchomp|[miss]\n|-miss|p2b: Baxcalibur|p1b: Garchomp\n|move|p2a: Corviknight|Brave Bird|p1a: Whimsicott\n|-supereffective|p1a: Whimsicott\n|-enditem|p1a: Whimsicott|Focus Sash\n|-damage|p1a: Whimsicott|1\/100\n|-damage|p2a: Corviknight|79\/100|[from] Recoil\n|\n|upkeep\n|turn|3\n|\n|t:|1729694606\n|switch|p1b: Gholdengo|Gholdengo, L50|100\/100\n|switch|p2b: Tyranitar|Tyranitar, L50, F, shiny|100\/100\n|-weather|Sandstorm|[from] ability: Sand Stream|[of] p2b: Tyranitar\n|move|p1a: Whimsicott|Tailwind|p1a: Whimsicott\n|-sidestart|p1: donmitchie|move: Tailwind\n|move|p2a: Corviknight|Bulk Up|p2a: Corviknight\n|-boost|p2a: Corviknight|atk|1\n|-boost|p2a: Corviknight|def|1\n|\n|-weather|Sandstorm|[upkeep]\n|-damage|p1a: Whimsicott|0 fnt|[from] Sandstorm\n|faint|p1a: Whimsicott\n|upkeep\n|\n|t:|1729694621\n|switch|p1a: Incineroar|Incineroar, L50, M|100\/100\n|-ability|p1a: Incineroar|Intimidate|boost\n|-ability|p2a: Corviknight|Mirror Armor\n|-unboost|p1a: Incineroar|atk|1\n|-unboost|p2b: Tyranitar|atk|1\n|turn|4\n|\n|t:|1729694638\n|-terastallize|p1b: Gholdengo|Steel\n|move|p1a: Incineroar|Fake Out|p2b: Tyranitar\n|-resisted|p2b: Tyranitar\n|-damage|p2b: Tyranitar|97\/100\n|move|p1b: Gholdengo|Shadow Ball|p2a: Corviknight\n|-damage|p2a: Corviknight|14\/100\n|-enditem|p2a: Corviknight|Sitrus Berry|[eat]\n|-heal|p2a: Corviknight|39\/100|[from] item: Sitrus Berry\n|cant|p2b: Tyranitar|flinch\n|move|p2a: Corviknight|Body Press|p1a: Incineroar\n|-supereffective|p1a: Incineroar\n|-damage|p1a: Incineroar|32\/100\n|\n|-weather|Sandstorm|[upkeep]\n|-damage|p1a: Incineroar|26\/100|[from] Sandstorm\n|upkeep\n|turn|5\n|inactive|Pengpen has 30 seconds left.\n|\n|t:|1729694669\n|move|p1b: Gholdengo|Shadow Ball|p2a: Corviknight\n|-damage|p2a: Corviknight|0 fnt\n|faint|p2a: Corviknight\n|move|p1a: Incineroar|U-turn|p2b: Tyranitar\n|-supereffective|p2b: Tyranitar\n|-damage|p2b: Tyranitar|74\/100\n|\n|t:|1729694684\n|switch|p1a: Garchomp|Garchomp, L50, F|91\/100|[from] U-turn\n|move|p2b: Tyranitar|Knock Off|p1b: Gholdengo\n|-damage|p1b: Gholdengo|62\/100\n|-enditem|p1b: Gholdengo|Choice Specs|[from] move: Knock Off|[of] p2b: Tyranitar\n|\n|-weather|Sandstorm|[upkeep]\n|upkeep\n|\n|t:|1729694694\n|switch|p2a: Excadrill|Excadrill, L50, F, shiny|100\/100\n|turn|6\n|\n|t:|1729694704\n|switch|p1b: Incineroar|Incineroar, L50, M|26\/100\n|-ability|p1b: Incineroar|Intimidate|boost\n|-unboost|p2a: Excadrill|atk|1\n|-unboost|p2b: Tyranitar|atk|1\n|switch|p2b: Baxcalibur|Baxcalibur, L50, F, tera:Ghost|3\/100\n|move|p1a: Garchomp|Stomping Tantrum|p2a: Excadrill\n|-supereffective|p2a: Excadrill\n|-enditem|p2a: Excadrill|Focus Sash\n|-damage|p2a: Excadrill|1\/100\n|-damage|p1a: Garchomp|81\/100|[from] item: Life Orb\n|move|p2a: Excadrill|Earthquake|p1a: Garchomp|[spread] p2b,p1a,p1b\n|-supereffective|p1b: Incineroar\n|-damage|p2b: Baxcalibur|0 fnt\n|-damage|p1a: Garchomp|53\/100\n|-damage|p1b: Incineroar|0 fnt\n|faint|p2b: Baxcalibur\n|faint|p1b: Incineroar\n|\n|-weather|Sandstorm|[upkeep]\n|-sideend|p1: donmitchie|move: Tailwind\n|upkeep\n|j| Zombini62\n|\n|t:|1729694724\n|switch|p2b: Tyranitar|Tyranitar, L50, F, shiny|74\/100\n|switch|p1b: Gholdengo|Gholdengo, L50, tera:Steel|62\/100\n|turn|7\n|\n|t:|1729694739\n|move|p1a: Garchomp|Protect|p1a: Garchomp\n|-singleturn|p1a: Garchomp|Protect\n|move|p2a: Excadrill|Earthquake|p1b: Gholdengo|[spread] p2b,p1b\n|-activate|p1a: Garchomp|move: Protect\n|-supereffective|p2b: Tyranitar\n|-crit|p2b: Tyranitar\n|-supereffective|p1b: Gholdengo\n|-damage|p2b: Tyranitar|0 fnt\n|-damage|p1b: Gholdengo|0 fnt\n|faint|p2b: Tyranitar\n|faint|p1b: Gholdengo\n|\n|-weather|none\n|upkeep\n|turn|8\n|c|\u2606donmitchie|gg\n|\n|t:|1729694752\n|move|p1a: Garchomp|Dragon Claw|p2a: Excadrill\n|-resisted|p2a: Excadrill\n|-damage|p2a: Excadrill|0 fnt\n|faint|p2a: Excadrill\n|-damage|p1a: Garchomp|43\/100|[from] item: Life Orb\n|\n|win|donmitchie\n|raw|donmitchie's rating: 1718 &rarr; <strong>1739<\/strong><br \/>(+21 for winning)\n|raw|Pengpen's rating: 1727 &rarr; <strong>1706<\/strong><br \/>(-21 for losing)\n|l|\u2606donmitchie\n|player|p1|\n|l|\u2606Pengpen\n|player|p2|\n|l| Zombini62\n","uploadtime":1729694939,"views":16,"formatid":"gen9vgc2024regh","rating":1706,"private":0,"password":null}