{"id":"gen9vgc2024regh-2229400218","format":"[Gen 9] VGC 2024 Reg H","players":["GBVGC X76","chiitancrazymascot"],"log":"|j|\u2606GBVGC X76\n|j|\u2606chiitancrazymascot\n|t:|1729710778\n|gametype|doubles\n|player|p1|GBVGC X76|hanbei-conquest|1721\n|player|p2|chiitancrazymascot|pokemaniac|1839\n|teamsize|p1|6\n|teamsize|p2|6\n|gen|9\n|tier|[Gen 9] VGC 2024 Reg H\n|rated|\n|rule|Species Clause: Limit one of each Pok\u00e9mon\n|rule|Item Clause: Limit 1 of each item\n|clearpoke\n|poke|p1|Chandelure, L50, M|\n|poke|p1|Sylveon, L50, F|\n|poke|p1|Talonflame, L50, M|\n|poke|p1|Dragapult, L50, F|\n|poke|p1|Electabuzz, L50, M|\n|poke|p1|Decidueye-Hisui, L50, F|\n|poke|p2|Annihilape, L50, M|\n|poke|p2|Dondozo, L50, F|\n|poke|p2|Maushold-Four, L50|\n|poke|p2|Gholdengo, L50|\n|poke|p2|Whimsicott, L50, M|\n|poke|p2|Tatsugiri, L50, M|\n|teampreview|4\n|inactive|Battle timer is ON: inactive players will automatically lose when time's up. (requested by chiitancrazymascot)\n|inactive|chiitancrazymascot has 60 seconds left.\n|\n|t:|1729710812\n|start\n|switch|p1a: Soullight|Chandelure, L50, M|100\/100\n|switch|p1b: MarcoFiaro|Talonflame, L50, M|100\/100\n|switch|p2a: Maushold|Maushold-Four, L50|100\/100\n|switch|p2b: Annihilape|Annihilape, L50, M, shiny|100\/100\n|turn|1\n|\n|t:|1729710836\n|-terastallize|p2b: Annihilape|Fire\n|move|p1b: MarcoFiaro|Tailwind|p1b: MarcoFiaro\n|-sidestart|p1: GBVGC X76|move: Tailwind\n|move|p1a: Soullight|Heat Wave|p2a: Maushold|[spread] p2a,p2b\n|-resisted|p2b: Annihilape\n|-damage|p2a: Maushold|46\/100\n|-damage|p2b: Annihilape|88\/100\n|move|p2a: Maushold|Beat Up|p2b: Annihilape\n|-damage|p2b: Annihilape|86\/100\n|-damage|p2b: Annihilape|83\/100\n|-damage|p2b: Annihilape|81\/100\n|-damage|p2b: Annihilape|79\/100\n|-hitcount|p2b: Annihilape|4\n|move|p2b: Annihilape|Rage Fist|p1b: MarcoFiaro\n|-damage|p1b: MarcoFiaro|0 fnt\n|faint|p1b: MarcoFiaro\n|\n|upkeep\n|\n|t:|1729710844\n|switch|p1b: Sniper|Decidueye-Hisui, L50, F|100\/100\n|turn|2\n|\n|t:|1729710854\n|move|p2a: Maushold|Protect|p2a: Maushold\n|-singleturn|p2a: Maushold|Protect\n|move|p1a: Soullight|Heat Wave|p2a: Maushold|[spread] p2b\n|-activate|p2a: Maushold|move: Protect\n|-resisted|p2b: Annihilape\n|-damage|p2b: Annihilape|68\/100\n|move|p1b: Sniper|Triple Arrows|p2b: Annihilape\n|-damage|p2b: Annihilape|34\/100\n|-enditem|p2b: Annihilape|Sitrus Berry|[eat]\n|-heal|p2b: Annihilape|59\/100|[from] item: Sitrus Berry\n|move|p2b: Annihilape|Rage Fist|p1b: Sniper\n|-damage|p1b: Sniper|0 fnt\n|faint|p1b: Sniper\n|\n|upkeep\n|\n|t:|1729710867\n|switch|p1b: Moonlight|Sylveon, L50, F|100\/100\n|turn|3\n|\n|t:|1729710879\n|switch|p2a: Dondozo|Dondozo, L50, F, shiny|100\/100\n|switch|p2b: Tatsugiri|Tatsugiri, L50, M, shiny|100\/100\n|-activate|p2b: Tatsugiri|ability: Commander|[of] p2a: Dondozo\n|-boost|p2a: Dondozo|atk|2\n|-boost|p2a: Dondozo|spa|2\n|-boost|p2a: Dondozo|spe|2\n|-boost|p2a: Dondozo|def|2\n|-boost|p2a: Dondozo|spd|2\n|-terastallize|p1b: Moonlight|Fairy\n|move|p1a: Soullight|Heat Wave|p2a: Dondozo|[spread] \n|-miss|p1a: Soullight|p2b: Tatsugiri\n|-miss|p1a: Soullight|p2a: Dondozo\n|move|p1b: Moonlight|Hyper Voice|p2a: Dondozo|[spread] p2a\n|-miss|p1b: Moonlight|p2b: Tatsugiri\n|-damage|p2a: Dondozo|56\/100\n|\n|-heal|p2a: Dondozo|62\/100|[from] item: Leftovers\n|upkeep\n|turn|4\n|\n|t:|1729710887\n|move|p2a: Dondozo|Protect|p2a: Dondozo\n|-singleturn|p2a: Dondozo|Protect\n|move|p1b: Moonlight|Hyper Voice|p2a: Dondozo|[spread] \n|-miss|p1b: Moonlight|p2b: Tatsugiri\n|-activate|p2a: Dondozo|move: Protect\n|move|p1a: Soullight|Trick Room|p1a: Soullight\n|-fieldstart|move: Trick Room|[of] p1a: Soullight\n|\n|-heal|p2a: Dondozo|68\/100|[from] item: Leftovers\n|-sideend|p1: GBVGC X76|move: Tailwind\n|upkeep\n|turn|5\n|\n|t:|1729710893\n|move|p1b: Moonlight|Hyper Voice|p2a: Dondozo|[spread] p2a\n|-miss|p1b: Moonlight|p2b: Tatsugiri\n|-damage|p2a: Dondozo|24\/100\n|move|p1a: Soullight|Shadow Ball|p2a: Dondozo\n|-damage|p2a: Dondozo|0 fnt\n|faint|p2a: Dondozo\n|\n|upkeep\n|\n|t:|1729710904\n|switch|p2a: Annihilape|Annihilape, L50, M, shiny, tera:Fire|59\/100\n|turn|6\n|\n|t:|1729710910\n|move|p2a: Annihilape|Protect|p2a: Annihilape\n|-singleturn|p2a: Annihilape|Protect\n|move|p1b: Moonlight|Hyper Voice|p2a: Annihilape|[spread] p2b\n|-activate|p2a: Annihilape|move: Protect\n|-supereffective|p2b: Tatsugiri\n|-damage|p2b: Tatsugiri|0 fnt\n|faint|p2b: Tatsugiri\n|move|p1a: Soullight|Shadow Ball|p2a: Annihilape\n|-activate|p2a: Annihilape|move: Protect\n|\n|upkeep\n|\n|t:|1729710912\n|switch|p2b: Maushold|Maushold-Four, L50|46\/100\n|turn|7\n|\n|t:|1729710919\n|move|p2b: Maushold|Follow Me|p2b: Maushold\n|-singleturn|p2b: Maushold|move: Follow Me\n|move|p1b: Moonlight|Hyper Voice|p2a: Annihilape|[spread] p2a,p2b\n|-resisted|p2a: Annihilape\n|-damage|p2a: Annihilape|38\/100\n|-damage|p2b: Maushold|0 fnt\n|faint|p2b: Maushold\n|move|p2a: Annihilape|Rage Fist|p1a: Soullight\n|-supereffective|p1a: Soullight\n|-enditem|p1a: Soullight|Focus Sash\n|-damage|p1a: Soullight|1\/100\n|move|p1a: Soullight|Shadow Ball|p2a: Annihilape\n|-damage|p2a: Annihilape|0 fnt\n|faint|p2a: Annihilape\n|\n|win|GBVGC X76\n|raw|GBVGC X76's rating: 1721 &rarr; <strong>1748<\/strong><br \/>(+27 for winning)\n|raw|chiitancrazymascot's rating: 1839 &rarr; <strong>1812<\/strong><br \/>(-27 for losing)\n|l|\u2606chiitancrazymascot\n|player|p2|\n|l|\u2606GBVGC X76\n|player|p1|\n","uploadtime":1729711104,"views":41,"formatid":"gen9vgc2024regh","rating":1748,"private":0,"password":null}