{"id":"gen9vgc2024regh-2229407493","format":"[Gen 9] VGC 2024 Reg H","players":["GBVGC X76","hockypoco"],"log":"|j|\u2606GBVGC X76\n|j|\u2606hockypoco\n|t:|1729711446\n|gametype|doubles\n|player|p1|GBVGC X76|hanbei-conquest|1748\n|player|p2|hockypoco|ninjaboy|1681\n|teamsize|p1|6\n|teamsize|p2|6\n|gen|9\n|tier|[Gen 9] VGC 2024 Reg H\n|rated|\n|rule|Species Clause: Limit one of each Pok\u00e9mon\n|rule|Item Clause: Limit 1 of each item\n|clearpoke\n|poke|p1|Chandelure, L50, M|\n|poke|p1|Sylveon, L50, F|\n|poke|p1|Talonflame, L50, M|\n|poke|p1|Dragapult, L50, F|\n|poke|p1|Electabuzz, L50, F|\n|poke|p1|Decidueye-Hisui, L50, M|\n|poke|p2|Dondozo, L50, F|\n|poke|p2|Tatsugiri, L50, M|\n|poke|p2|Talonflame, L50, F|\n|poke|p2|Gholdengo, L50|\n|poke|p2|Glimmora, L50, M|\n|poke|p2|Dragonite, L50, F|\n|teampreview|4\n|inactive|Battle timer is ON: inactive players will automatically lose when time's up. (requested by hockypoco)\n|inactive|GBVGC X76 has 60 seconds left.\n|\n|t:|1729711482\n|start\n|switch|p1a: Soullight|Chandelure, L50, M|100\/100\n|switch|p1b: Ampere|Electabuzz, L50, F|100\/100\n|switch|p2a: Gholdengo|Gholdengo, L50|100\/100\n|switch|p2b: Glimmora|Glimmora, L50, M, shiny|100\/100\n|turn|1\n|j| newkl\n|inactive|hockypoco has 30 seconds left.\n|l| newkl\n|\n|t:|1729711517\n|move|p1b: Ampere|Follow Me|p1b: Ampere\n|-singleturn|p1b: Ampere|move: Follow Me\n|move|p2a: Gholdengo|Make It Rain|p1b: Ampere|[spread] p1a,p1b\n|-resisted|p1a: Soullight\n|-resisted|p1b: Ampere\n|-damage|p1a: Soullight|45\/100\n|-damage|p1b: Ampere|70\/100\n|-unboost|p2a: Gholdengo|spa|1\n|move|p2b: Glimmora|Mortal Spin|p1b: Ampere|[spread] p1a,p1b\n|-resisted|p1a: Soullight\n|-damage|p1a: Soullight|43\/100\n|-damage|p1b: Ampere|68\/100\n|-status|p1a: Soullight|psn\n|-status|p1b: Ampere|psn\n|move|p1a: Soullight|Trick Room|p1a: Soullight\n|-fieldstart|move: Trick Room|[of] p1a: Soullight\n|\n|-damage|p1b: Ampere|56\/100 psn|[from] psn\n|-damage|p1a: Soullight|31\/100 psn|[from] psn\n|upkeep\n|turn|2\n|j| newkl\n|inactive|hockypoco has 30 seconds left.\n|\n|t:|1729711545\n|switch|p1b: Sniper|Decidueye-Hisui, L50, M|100\/100\n|switch|p2a: Dondozo|Dondozo, L50, F|100\/100\n|move|p2b: Glimmora|Earth Power|p1b: Sniper\n|-resisted|p1b: Sniper\n|-damage|p1b: Sniper|83\/100\n|move|p1a: Soullight|Heat Wave|p2a: Dondozo|[spread] p2a,p2b\n|-resisted|p2a: Dondozo\n|-resisted|p2b: Glimmora\n|-damage|p2a: Dondozo|78\/100\n|-damage|p2b: Glimmora|84\/100\n|-status|p2b: Glimmora|brn\n|\n|-heal|p2a: Dondozo|84\/100|[from] item: Leftovers\n|-damage|p1a: Soullight|19\/100 psn|[from] psn\n|-damage|p2b: Glimmora|78\/100 brn|[from] brn\n|upkeep\n|turn|3\n|\n|t:|1729711568\n|move|p2a: Dondozo|Protect|p2a: Dondozo\n|-singleturn|p2a: Dondozo|Protect\n|move|p1b: Sniper|Protect|p1b: Sniper\n|-singleturn|p1b: Sniper|Protect\n|move|p2b: Glimmora|Sludge Bomb|p1b: Sniper\n|-activate|p1b: Sniper|move: Protect\n|move|p1a: Soullight|Shadow Ball|p2b: Glimmora\n|-damage|p2b: Glimmora|39\/100 brn\n|-unboost|p2b: Glimmora|spd|1\n|\n|-heal|p2a: Dondozo|90\/100|[from] item: Leftovers\n|-damage|p1a: Soullight|7\/100 psn|[from] psn\n|-damage|p2b: Glimmora|33\/100 brn|[from] brn\n|upkeep\n|turn|4\n|inactive|hockypoco has 30 seconds left.\n|\n|t:|1729711599\n|switch|p2a: Gholdengo|Gholdengo, L50|100\/100\n|move|p1b: Sniper|Triple Arrows|p2b: Glimmora\n|-damage|p2b: Glimmora|0 fnt\n|-activate|p2b: Glimmora|ability: Toxic Debris\n|-sidestart|p1: GBVGC X76|move: Toxic Spikes\n|faint|p2b: Glimmora\n|move|p1a: Soullight|Shadow Ball|p2a: Gholdengo\n|-supereffective|p2a: Gholdengo\n|-damage|p2a: Gholdengo|0 fnt\n|faint|p2a: Gholdengo\n|\n|-damage|p1a: Soullight|0 fnt|[from] psn\n|faint|p1a: Soullight\n|upkeep\n|\n|t:|1729711615\n|switch|p2b: Tatsugiri|Tatsugiri, L50, M|100\/100\n|switch|p1a: Ampere|Electabuzz, L50, F|56\/100 psn\n|switch|p2a: Dondozo|Dondozo, L50, F|90\/100\n|-activate|p2b: Tatsugiri|ability: Commander|[of] p2a: Dondozo\n|-boost|p2a: Dondozo|atk|2\n|-boost|p2a: Dondozo|spa|2\n|-boost|p2a: Dondozo|spe|2\n|-boost|p2a: Dondozo|def|2\n|-boost|p2a: Dondozo|spd|2\n|turn|5\n|\n|t:|1729711629\n|move|p2a: Dondozo|Protect|p2a: Dondozo\n|-singleturn|p2a: Dondozo|Protect\n|move|p1b: Sniper|Haze|p1b: Sniper\n|-clearallboost\n|move|p1a: Ampere|Taunt|p2a: Dondozo\n|-activate|p2a: Dondozo|move: Protect\n|\n|-heal|p2a: Dondozo|97\/100|[from] item: Leftovers\n|-damage|p1a: Ampere|43\/100 psn|[from] psn\n|-fieldend|move: Trick Room\n|upkeep\n|turn|6\n|j| Kpxbrothers\n|\n|t:|1729711644\n|-terastallize|p2a: Dondozo|Grass\n|move|p1a: Ampere|Electroweb|p2a: Dondozo|[spread] p2a\n|-miss|p1a: Ampere|p2b: Tatsugiri\n|-resisted|p2a: Dondozo\n|-damage|p2a: Dondozo|89\/100\n|-unboost|p2a: Dondozo|spe|1\n|move|p1b: Sniper|Leaf Blade|p2a: Dondozo\n|-resisted|p2a: Dondozo\n|-crit|p2a: Dondozo\n|-damage|p2a: Dondozo|66\/100\n|move|p2a: Dondozo|Order Up|p1b: Sniper\n|-damage|p1b: Sniper|49\/100\n|-boost|p2a: Dondozo|atk|1\n|\n|-heal|p2a: Dondozo|72\/100|[from] item: Leftovers\n|-damage|p1a: Ampere|31\/100 psn|[from] psn\n|upkeep\n|turn|7\n|inactive|GBVGC X76 has 30 seconds left.\n|\n|t:|1729711669\n|move|p1a: Ampere|Follow Me|p1a: Ampere\n|-singleturn|p1a: Ampere|move: Follow Me\n|move|p1b: Sniper|Triple Arrows|p2a: Dondozo\n|-crit|p2a: Dondozo\n|-damage|p2a: Dondozo|22\/100\n|-unboost|p2a: Dondozo|def|1\n|move|p2a: Dondozo|Earthquake|p1b: Sniper|[spread] p1a,p1b\n|-miss|p2a: Dondozo|p2b: Tatsugiri\n|-supereffective|p1a: Ampere\n|-resisted|p1b: Sniper\n|-damage|p1a: Ampere|0 fnt\n|-damage|p1b: Sniper|26\/100\n|faint|p1a: Ampere\n|\n|-heal|p2a: Dondozo|28\/100|[from] item: Leftovers\n|upkeep\n|\n|t:|1729711676\n|switch|p1a: Moonlight|Sylveon, L50, F|100\/100\n|-status|p1a: Moonlight|psn\n|turn|8\n|\n|t:|1729711686\n|move|p2a: Dondozo|Protect|p2a: Dondozo\n|-singleturn|p2a: Dondozo|Protect\n|move|p1a: Moonlight|Hyper Voice|p2a: Dondozo|[spread] \n|-miss|p1a: Moonlight|p2b: Tatsugiri\n|-activate|p2a: Dondozo|move: Protect\n|move|p1b: Sniper|Triple Arrows|p2a: Dondozo\n|-activate|p2a: Dondozo|move: Protect\n|\n|-heal|p2a: Dondozo|34\/100|[from] item: Leftovers\n|-damage|p1a: Moonlight|88\/100 psn|[from] psn\n|upkeep\n|turn|9\n|\n|t:|1729711704\n|-terastallize|p1a: Moonlight|Fairy\n|move|p2a: Dondozo|Protect|p2a: Dondozo\n|-singleturn|p2a: Dondozo|Protect\n|move|p1a: Moonlight|Hyper Voice|p2a: Dondozo|[spread] \n|-miss|p1a: Moonlight|p2b: Tatsugiri\n|-activate|p2a: Dondozo|move: Protect\n|move|p1b: Sniper|Triple Arrows|p2a: Dondozo\n|-activate|p2a: Dondozo|move: Protect\n|\n|-heal|p2a: Dondozo|40\/100|[from] item: Leftovers\n|-damage|p1a: Moonlight|76\/100 psn|[from] psn\n|upkeep\n|turn|10\n|\n|t:|1729711719\n|move|p1a: Moonlight|Hyper Voice|p2a: Dondozo|[spread] p2a\n|-miss|p1a: Moonlight|p2b: Tatsugiri\n|-damage|p2a: Dondozo|0 fnt\n|faint|p2a: Dondozo\n|move|p1b: Sniper|Triple Arrows|p2b: Tatsugiri\n|-damage|p2b: Tatsugiri|15\/100\n|-unboost|p2b: Tatsugiri|def|1\n|\n|-damage|p1a: Moonlight|64\/100 psn|[from] psn\n|upkeep\n|turn|11\n|\n|t:|1729711726\n|move|p2b: Tatsugiri|Muddy Water|p1a: Moonlight|[spread] p1a\n|-miss|p2b: Tatsugiri|p1b: Sniper\n|-damage|p1a: Moonlight|37\/100 psn\n|move|p1a: Moonlight|Hyper Voice|p2b: Tatsugiri\n|-supereffective|p2b: Tatsugiri\n|-damage|p2b: Tatsugiri|0 fnt\n|faint|p2b: Tatsugiri\n|\n|win|GBVGC X76\n|raw|GBVGC X76's rating: 1722 &rarr; <strong>1740<\/strong><br \/>(+18 for winning)\n|raw|hockypoco's rating: 1681 &rarr; <strong>1663<\/strong><br \/>(-18 for losing)\n|l|\u2606hockypoco\n|player|p2|\n|l| newkl\n","uploadtime":1729711953,"views":10,"formatid":"gen9vgc2024regh","rating":1663,"private":0,"password":null}