{"id":"gen9vgc2024regh-2229391056","format":"[Gen 9] VGC 2024 Reg H","players":["chiitancrazymascot","5SeasBakery"],"log":"|j|\u2606chiitancrazymascot\n|j|\u26065SeasBakery\n|t:|1729709954\n|gametype|doubles\n|player|p1|chiitancrazymascot|pokemaniac|1784\n|player|p2|5SeasBakery|266|1713\n|teamsize|p1|6\n|teamsize|p2|6\n|gen|9\n|tier|[Gen 9] VGC 2024 Reg H\n|rated|\n|rule|Species Clause: Limit one of each Pok\u00e9mon\n|rule|Item Clause: Limit 1 of each item\n|clearpoke\n|poke|p1|Annihilape, L50, F|\n|poke|p1|Dondozo, L50, F|\n|poke|p1|Maushold-Four, L50|\n|poke|p1|Gholdengo, L50|\n|poke|p1|Whimsicott, L50, M|\n|poke|p1|Tatsugiri, L50, M|\n|poke|p2|Archaludon, L50, F|\n|poke|p2|Pelipper, L50, M|\n|poke|p2|Indeedee-F, L50, F|\n|poke|p2|Blastoise, L50, M|\n|poke|p2|Sneasler, L50, M|\n|poke|p2|Farigiraf, L50, M|\n|teampreview|4\n|inactive|Battle timer is ON: inactive players will automatically lose when time's up. (requested by chiitancrazymascot)\n|\n|t:|1729709977\n|start\n|switch|p1a: Maushold|Maushold-Four, L50|100\/100\n|switch|p1b: Annihilape|Annihilape, L50, F, shiny|100\/100\n|switch|p2a: Sneasler|Sneasler, L50, M|100\/100\n|switch|p2b: Indeedee|Indeedee-F, L50, F|100\/100\n|-fieldstart|move: Psychic Terrain|[from] ability: Psychic Surge|[of] p2b: Indeedee\n|-enditem|p2a: Sneasler|Psychic Seed\n|-boost|p2a: Sneasler|spd|1|[from] item: Psychic Seed\n|turn|1\n|j| Xunyicaoawa\n|\n|t:|1729709995\n|move|p2a: Sneasler|Dire Claw|p1b: Annihilape\n|-resisted|p1b: Annihilape\n|-damage|p1b: Annihilape|85\/100\n|-status|p1b: Annihilape|psn\n|move|p1a: Maushold|Taunt|p2b: Indeedee\n|-start|p2b: Indeedee|move: Taunt\n|move|p1b: Annihilape|Bulk Up|p1b: Annihilape\n|-boost|p1b: Annihilape|atk|1\n|-boost|p1b: Annihilape|def|1\n|move|p2b: Indeedee|Psychic|p1b: Annihilape\n|-supereffective|p1b: Annihilape\n|-damage|p1b: Annihilape|43\/100 psn\n|-enditem|p1b: Annihilape|Sitrus Berry|[eat]\n|-heal|p1b: Annihilape|68\/100 psn|[from] item: Sitrus Berry\n|\n|-damage|p1b: Annihilape|55\/100 psn|[from] psn\n|upkeep\n|turn|2\n|\n|t:|1729710018\n|move|p1a: Maushold|Follow Me|p1a: Maushold\n|-singleturn|p1a: Maushold|move: Follow Me\n|move|p2a: Sneasler|Close Combat|p1a: Maushold\n|-supereffective|p1a: Maushold\n|-crit|p1a: Maushold\n|-enditem|p1a: Maushold|Focus Sash\n|-damage|p1a: Maushold|1\/100\n|-unboost|p2a: Sneasler|def|1\n|-unboost|p2a: Sneasler|spd|1\n|move|p1b: Annihilape|Rage Fist|p2a: Sneasler\n|-damage|p2a: Sneasler|0 fnt\n|faint|p2a: Sneasler\n|move|p2b: Indeedee|Psychic|p1a: Maushold\n|-damage|p1a: Maushold|0 fnt\n|faint|p1a: Maushold\n|\n|-damage|p1b: Annihilape|43\/100 psn|[from] psn\n|upkeep\n|\n|t:|1729710030\n|switch|p2a: Pelipper|Pelipper, L50, M|100\/100\n|switch|p1a: Dondozo|Dondozo, L50, F, shiny|100\/100\n|-weather|RainDance|[from] ability: Drizzle|[of] p2a: Pelipper\n|turn|3\n|\n|t:|1729710045\n|move|p2a: Pelipper|Tailwind|p2a: Pelipper\n|-sidestart|p2: 5SeasBakery|move: Tailwind\n|move|p2b: Indeedee|Psychic|p1b: Annihilape\n|-supereffective|p1b: Annihilape\n|-damage|p1b: Annihilape|0 fnt\n|faint|p1b: Annihilape\n|move|p1a: Dondozo|Wave Crash|p2b: Indeedee\n|-damage|p2b: Indeedee|21\/100\n|-enditem|p2b: Indeedee|Sitrus Berry|[eat]\n|-heal|p2b: Indeedee|46\/100|[from] item: Sitrus Berry\n|-damage|p1a: Dondozo|80\/100|[from] Recoil\n|\n|-weather|RainDance|[upkeep]\n|-heal|p1a: Dondozo|86\/100|[from] item: Leftovers\n|-end|p2b: Indeedee|move: Taunt\n|upkeep\n|\n|t:|1729710050\n|switch|p1b: Tatsugiri|Tatsugiri, L50, M, shiny|100\/100\n|-activate|p1b: Tatsugiri|ability: Commander|[of] p1a: Dondozo\n|-boost|p1a: Dondozo|atk|2\n|-boost|p1a: Dondozo|spa|2\n|-boost|p1a: Dondozo|spe|2\n|-boost|p1a: Dondozo|def|2\n|-boost|p1a: Dondozo|spd|2\n|turn|4\n|\n|t:|1729710062\n|move|p2a: Pelipper|Hurricane|p1a: Dondozo\n|-damage|p1a: Dondozo|62\/100\n|move|p2b: Indeedee|Psychic|p1a: Dondozo\n|-damage|p1a: Dondozo|40\/100\n|move|p1a: Dondozo|Order Up|p2a: Pelipper\n|-damage|p2a: Pelipper|29\/100\n|-boost|p1a: Dondozo|atk|1\n|\n|-weather|RainDance|[upkeep]\n|-heal|p1a: Dondozo|47\/100|[from] item: Leftovers\n|upkeep\n|turn|5\n|\n|t:|1729710073\n|move|p1a: Dondozo|Protect|p1a: Dondozo\n|-singleturn|p1a: Dondozo|Protect\n|move|p2a: Pelipper|Hurricane|p1a: Dondozo\n|-activate|p1a: Dondozo|move: Protect\n|move|p2b: Indeedee|Psychic|p1a: Dondozo\n|-activate|p1a: Dondozo|move: Protect\n|\n|-weather|RainDance|[upkeep]\n|-heal|p1a: Dondozo|53\/100|[from] item: Leftovers\n|-fieldend|move: Psychic Terrain\n|upkeep\n|turn|6\n|\n|t:|1729710078\n|move|p2a: Pelipper|Hurricane|p1a: Dondozo\n|-damage|p1a: Dondozo|27\/100\n|move|p2b: Indeedee|Psychic|p1a: Dondozo\n|-damage|p1a: Dondozo|11\/100\n|move|p1a: Dondozo|Order Up|p2b: Indeedee\n|-damage|p2b: Indeedee|0 fnt\n|faint|p2b: Indeedee\n|-boost|p1a: Dondozo|atk|1\n|\n|-weather|RainDance|[upkeep]\n|-heal|p1a: Dondozo|17\/100|[from] item: Leftovers\n|-sideend|p2: 5SeasBakery|move: Tailwind\n|upkeep\n|\n|t:|1729710086\n|switch|p2b: Archaludon|Archaludon, L50, F|100\/100\n|turn|7\n|\n|t:|1729710101\n|-terastallize|p1a: Dondozo|Grass\n|-terastallize|p2b: Archaludon|Grass\n|move|p1a: Dondozo|Order Up|p2a: Pelipper\n|-damage|p2a: Pelipper|0 fnt\n|faint|p2a: Pelipper\n|-boost|p1a: Dondozo|atk|1\n|move|p2b: Archaludon|Electro Shot||[still]\n|-prepare|p2b: Archaludon|Electro Shot\n|-boost|p2b: Archaludon|spa|1\n|-anim|p2b: Archaludon|Electro Shot|p1a: Dondozo\n|-resisted|p1a: Dondozo\n|-damage|p1a: Dondozo|4\/100\n|\n|-weather|none\n|-heal|p1a: Dondozo|10\/100|[from] item: Leftovers\n|upkeep\n|turn|8\n|\n|t:|1729710113\n|move|p1a: Dondozo|Protect|p1a: Dondozo\n|-singleturn|p1a: Dondozo|Protect\n|move|p2b: Archaludon|Dragon Pulse|p1a: Dondozo\n|-activate|p1a: Dondozo|move: Protect\n|\n|-heal|p1a: Dondozo|16\/100|[from] item: Leftovers\n|upkeep\n|turn|9\n|\n|t:|1729710119\n|move|p1a: Dondozo|Order Up|p2b: Archaludon\n|-damage|p2b: Archaludon|22\/100\n|-ability|p2b: Archaludon|Stamina|boost\n|-boost|p2b: Archaludon|def|1\n|-boost|p1a: Dondozo|atk|1\n|move|p2b: Archaludon|Dragon Pulse|p1a: Dondozo\n|-damage|p1a: Dondozo|0 fnt\n|faint|p1a: Dondozo\n|\n|upkeep\n|turn|10\n|\n|t:|1729710129\n|move|p1b: Tatsugiri|Icy Wind|p2b: Archaludon\n|-supereffective|p2b: Archaludon\n|-damage|p2b: Archaludon|0 fnt\n|faint|p2b: Archaludon\n|\n|win|chiitancrazymascot\n|raw|chiitancrazymascot's rating: 1784 &rarr; <strong>1800<\/strong><br \/>(+16 for winning)\n|raw|5SeasBakery's rating: 1713 &rarr; <strong>1697<\/strong><br \/>(-16 for losing)\n|l|\u2606chiitancrazymascot\n|player|p1|\n|l| Xunyicaoawa\n","uploadtime":1729710132,"views":30,"formatid":"gen9vgc2024regh","rating":1697,"private":0,"password":null}