{"id":"gen9vgc2024regh-2229363792","format":"[Gen 9] VGC 2024 Reg H","players":["5SeasBakery","Zordor"],"log":"|j|\u26065SeasBakery\n|j|\u2606Zordor\n|t:|1729707623\n|gametype|doubles\n|player|p1|5SeasBakery|266|1735\n|player|p2|Zordor|pilot|1697\n|teamsize|p1|6\n|teamsize|p2|6\n|gen|9\n|tier|[Gen 9] VGC 2024 Reg H\n|rated|\n|rule|Species Clause: Limit one of each Pok\u00e9mon\n|rule|Item Clause: Limit 1 of each item\n|clearpoke\n|poke|p1|Archaludon, L50, M|\n|poke|p1|Pelipper, L50, M|\n|poke|p1|Indeedee-F, L50, F|\n|poke|p1|Blastoise, L50, F|\n|poke|p1|Sneasler, L50, M|\n|poke|p1|Farigiraf, L50, M|\n|poke|p2|Rotom-Wash, L50|\n|poke|p2|Sneasler, L50, M|\n|poke|p2|Kingambit, L50, M|\n|poke|p2|Armarouge, L50, F|\n|poke|p2|Ninetales-Alola, L50, M|\n|poke|p2|Dragapult, L50, M|\n|teampreview|4\n|\n|t:|1729707651\n|start\n|switch|p1a: Sneasler|Sneasler, L50, M|100\/100\n|switch|p1b: Pelipper|Pelipper, L50, M|100\/100\n|switch|p2a: Rotom|Rotom-Wash, L50|100\/100\n|switch|p2b: Sneasler|Sneasler, L50, M|100\/100\n|-weather|RainDance|[from] ability: Drizzle|[of] p1b: Pelipper\n|turn|1\n|\n|t:|1729707666\n|move|p2b: Sneasler|Dire Claw|p1b: Pelipper\n|-damage|p1b: Pelipper|43\/100\n|move|p1a: Sneasler|Dire Claw|p2a: Rotom\n|-damage|p2a: Rotom|56\/100\n|-status|p2a: Rotom|slp\n|cant|p2a: Rotom|slp\n|move|p1b: Pelipper|Hurricane|p2a: Rotom\n|-resisted|p2a: Rotom\n|-damage|p2a: Rotom|33\/100 slp\n|\n|-weather|RainDance|[upkeep]\n|upkeep\n|turn|2\n|j| sauromon\n|\n|t:|1729707690\n|move|p2b: Sneasler|Protect|p2b: Sneasler\n|-singleturn|p2b: Sneasler|Protect\n|move|p1a: Sneasler|Dire Claw|p2a: Rotom\n|-damage|p2a: Rotom|0 fnt\n|faint|p2a: Rotom\n|move|p1b: Pelipper|Hurricane|p2b: Sneasler\n|-activate|p2b: Sneasler|move: Protect\n|\n|-weather|RainDance|[upkeep]\n|upkeep\n|\n|t:|1729707706\n|switch|p2a: Ninetales|Ninetales-Alola, L50, M|100\/100\n|-weather|Snow|[from] ability: Snow Warning|[of] p2a: Ninetales\n|turn|3\n|inactive|Battle timer is ON: inactive players will automatically lose when time's up. (requested by 5SeasBakery)\n|\n|t:|1729707733\n|switch|p1b: Archaludon|Archaludon, L50, M|100\/100\n|-terastallize|p2a: Ninetales|Ground\n|move|p2a: Ninetales|Tera Blast|p1a: Sneasler|[anim] Tera Blast Ground\n|-supereffective|p1a: Sneasler\n|-damage|p1a: Sneasler|12\/100\n|move|p1a: Sneasler|Dire Claw|p2b: Sneasler\n|-resisted|p2b: Sneasler\n|-damage|p2b: Sneasler|66\/100\n|move|p2b: Sneasler|Dire Claw|p1a: Sneasler\n|-resisted|p1a: Sneasler\n|-damage|p1a: Sneasler|0 fnt\n|faint|p1a: Sneasler\n|\n|-weather|Snow|[upkeep]\n|upkeep\n|\n|t:|1729707749\n|switch|p1a: Pelipper|Pelipper, L50, M|43\/100\n|-weather|RainDance|[from] ability: Drizzle|[of] p1a: Pelipper\n|turn|4\n|inactive|Zordor has 30 seconds left.\n|\n|t:|1729707781\n|switch|p2a: Kingambit|Kingambit, L50, M|100\/100\n|-terastallize|p1b: Archaludon|Grass\n|move|p2b: Sneasler|Close Combat|p1b: Archaludon\n|-damage|p1b: Archaludon|48\/100\n|-unboost|p2b: Sneasler|def|1\n|-unboost|p2b: Sneasler|spd|1\n|-ability|p1b: Archaludon|Stamina|boost\n|-boost|p1b: Archaludon|def|1\n|move|p1b: Archaludon|Electro Shot||[still]\n|-prepare|p1b: Archaludon|Electro Shot\n|-boost|p1b: Archaludon|spa|1\n|-anim|p1b: Archaludon|Electro Shot|p2b: Sneasler\n|-damage|p2b: Sneasler|0 fnt\n|faint|p2b: Sneasler\n|move|p1a: Pelipper|Hurricane|p2a: Kingambit\n|-resisted|p2a: Kingambit\n|-damage|p2a: Kingambit|75\/100\n|\n|-weather|RainDance|[upkeep]\n|upkeep\n|\n|t:|1729707791\n|switch|p2b: Ninetales|Ninetales-Alola, L50, M, tera:Ground|100\/100\n|-weather|Snow|[from] ability: Snow Warning|[of] p2b: Ninetales\n|turn|5\n|inactive|Zordor has 30 seconds left.\n|inactive|Zordor has 20 seconds left.\n|\n|t:|1729707826\n|switch|p1b: Blastoise|Blastoise, L50, F|100\/100\n|move|p2a: Kingambit|Sucker Punch|p1a: Pelipper\n|-crit|p1a: Pelipper\n|-damage|p1a: Pelipper|0 fnt\n|faint|p1a: Pelipper\n|move|p2b: Ninetales|Freeze-Dry|p1b: Blastoise\n|-supereffective|p1b: Blastoise\n|-damage|p1b: Blastoise|30\/100\n|\n|-weather|Snow|[upkeep]\n|upkeep\n|\n|t:|1729707831\n|switch|p1a: Archaludon|Archaludon, L50, M, tera:Grass|48\/100\n|turn|6\n|\n|t:|1729707840\n|move|p2b: Ninetales|Freeze-Dry|p1a: Archaludon\n|-supereffective|p1a: Archaludon\n|-damage|p1a: Archaludon|0 fnt\n|faint|p1a: Archaludon\n|move|p1b: Blastoise|Muddy Water|p2a: Kingambit|[spread] p2a,p2b\n|-supereffective|p2b: Ninetales\n|-damage|p2a: Kingambit|27\/100\n|-damage|p2b: Ninetales|9\/100\n|-unboost|p2a: Kingambit|accuracy|1\n|-ability|p2a: Kingambit|Defiant|boost\n|-boost|p2a: Kingambit|atk|2\n|-unboost|p2b: Ninetales|accuracy|1\n|-enditem|p2a: Kingambit|Sitrus Berry|[eat]\n|-heal|p2a: Kingambit|52\/100|[from] item: Sitrus Berry\n|move|p2a: Kingambit|Kowtow Cleave|p1b: Blastoise\n|-damage|p1b: Blastoise|0 fnt\n|faint|p1b: Blastoise\n|\n|win|Zordor\n|raw|5SeasBakery's rating: 1735 &rarr; <strong>1713<\/strong><br \/>(-22 for losing)\n|raw|Zordor's rating: 1697 &rarr; <strong>1719<\/strong><br \/>(+22 for winning)\n|l|\u2606Zordor\n|player|p2|\n","uploadtime":1729707993,"views":16,"formatid":"gen9vgc2024regh","rating":1713,"private":0,"password":null}