{"id":"gen9vgc2024regh-2229829373","format":"[Gen 9] VGC 2024 Reg H","players":["spaccas","qiin5"],"log":"|j|\u2606spaccas\n|j|\u2606qiin5\n|t:|1729766918\n|gametype|doubles\n|player|p1|spaccas|169|1754\n|player|p2|qiin5|101|1668\n|teamsize|p1|6\n|teamsize|p2|6\n|gen|9\n|tier|[Gen 9] VGC 2024 Reg H\n|rated|\n|rule|Species Clause: Limit one of each Pok\u00e9mon\n|rule|Item Clause: Limit 1 of each item\n|clearpoke\n|poke|p1|Grimmsnarl, L50, M|\n|poke|p1|Annihilape, L50, M|\n|poke|p1|Gholdengo, L50|\n|poke|p1|Dragonite, L50, M|\n|poke|p1|Ursaluna-Bloodmoon, L50, M|\n|poke|p1|Volcarona, L50, F|\n|poke|p2|Ceruledge, L50, M|\n|poke|p2|Sneasler, L50, F|\n|poke|p2|Gastrodon, L50, F|\n|poke|p2|Rillaboom, L50, M|\n|poke|p2|Dragonite, L50, F|\n|poke|p2|Kingambit, L50, M|\n|teampreview|4\n|inactive|Battle timer is ON: inactive players will automatically lose when time's up. (requested by spaccas)\n|l|\u2606spaccas\n|inactive|spaccas disconnected and has a minute to reconnect!\n|player|p1|\n|j| Tsugia\n|j|\u2606spaccas\n|inactive|spaccas reconnected and has 75 seconds left.\n|player|p1|spaccas|169|\n|inactive|spaccas has 60 seconds left.\n|\n|t:|1729766958\n|start\n|switch|p1a: Annihilape|Annihilape, L50, M|100\/100\n|switch|p1b: Grimmsnarl|Grimmsnarl, L50, M|100\/100\n|switch|p2a: Rillaboom|Rillaboom, L50, M|100\/100\n|switch|p2b: Sneasler|Sneasler, L50, F|100\/100\n|-fieldstart|move: Grassy Terrain|[from] ability: Grassy Surge|[of] p2a: Rillaboom\n|turn|1\n|\n|t:|1729766965\n|move|p1b: Grimmsnarl|Reflect|p1b: Grimmsnarl\n|-sidestart|p1: spaccas|Reflect\n|move|p2b: Sneasler|Coaching|p2a: Rillaboom\n|-boost|p2a: Rillaboom|atk|1\n|-boost|p2a: Rillaboom|def|1\n|move|p1a: Annihilape|Bulk Up|p1a: Annihilape\n|-boost|p1a: Annihilape|atk|1\n|-boost|p1a: Annihilape|def|1\n|move|p2a: Rillaboom|Wood Hammer|p1a: Annihilape\n|-damage|p1a: Annihilape|35\/100\n|-damage|p2a: Rillaboom|74\/100|[from] Recoil\n|\n|-heal|p1a: Annihilape|41\/100|[from] Grassy Terrain\n|-heal|p1a: Annihilape|47\/100|[from] item: Leftovers\n|-heal|p2a: Rillaboom|80\/100|[from] Grassy Terrain\n|upkeep\n|turn|2\n|\n|t:|1729766979\n|move|p1b: Grimmsnarl|Thunder Wave|p2a: Rillaboom\n|-status|p2a: Rillaboom|par\n|move|p2b: Sneasler|Dire Claw|p1b: Grimmsnarl\n|-supereffective|p1b: Grimmsnarl\n|-damage|p1b: Grimmsnarl|51\/100\n|-status|p1b: Grimmsnarl|slp\n|move|p1a: Annihilape|Drain Punch|p2a: Rillaboom\n|-damage|p2a: Rillaboom|48\/100 par\n|-heal|p1a: Annihilape|60\/100|[from] drain|[of] p2a: Rillaboom\n|move|p2a: Rillaboom|Wood Hammer|p1a: Annihilape\n|-damage|p1a: Annihilape|0 fnt\n|faint|p1a: Annihilape\n|-damage|p2a: Rillaboom|24\/100 par|[from] Recoil\n|\n|-heal|p1b: Grimmsnarl|57\/100 slp|[from] Grassy Terrain\n|-heal|p2a: Rillaboom|30\/100 par|[from] Grassy Terrain\n|upkeep\n|\n|t:|1729766996\n|switch|p1a: Dragonite|Dragonite, L50, M|100\/100\n|turn|3\n|\n|t:|1729767003\n|move|p2a: Rillaboom|Grassy Glide|p1b: Grimmsnarl\n|-damage|p1b: Grimmsnarl|13\/100 slp\n|move|p2b: Sneasler|Dire Claw|p1a: Dragonite\n|-damage|p1a: Dragonite|85\/100\n|move|p1a: Dragonite|Scale Shot|p2b: Sneasler|[miss]\n|-miss|p1a: Dragonite|p2b: Sneasler\n|cant|p1b: Grimmsnarl|slp\n|\n|-heal|p1b: Grimmsnarl|19\/100 slp|[from] Grassy Terrain\n|-heal|p2a: Rillaboom|36\/100 par|[from] Grassy Terrain\n|upkeep\n|turn|4\n|\n|t:|1729767017\n|-terastallize|p1a: Dragonite|Steel\n|move|p2a: Rillaboom|Grassy Glide|p1b: Grimmsnarl\n|-crit|p1b: Grimmsnarl\n|-damage|p1b: Grimmsnarl|0 fnt\n|faint|p1b: Grimmsnarl\n|move|p2b: Sneasler|Dire Claw|p1a: Dragonite\n|-immune|p1a: Dragonite\n|move|p1a: Dragonite|Scale Shot|p2b: Sneasler\n|-damage|p2b: Sneasler|75\/100\n|-damage|p2b: Sneasler|49\/100\n|-damage|p2b: Sneasler|24\/100\n|-damage|p2b: Sneasler|0 fnt\n|faint|p2b: Sneasler\n|-hitcount|p2: Sneasler|4\n|-unboost|p1a: Dragonite|def|1\n|-boost|p1a: Dragonite|spe|1\n|\n|-heal|p1a: Dragonite|91\/100|[from] Grassy Terrain\n|-heal|p2a: Rillaboom|42\/100 par|[from] Grassy Terrain\n|upkeep\n|\n|t:|1729767031\n|switch|p2b: Dragonite|Dragonite, L50, F|100\/100\n|switch|p1b: Ursaluna|Ursaluna-Bloodmoon, L50, M|100\/100\n|turn|5\n|\n|t:|1729767046\n|-terastallize|p2b: Dragonite|Fairy\n|cant|p2a: Rillaboom|par\n|move|p1a: Dragonite|Scale Shot|p2b: Dragonite\n|-immune|p2b: Dragonite\n|move|p2b: Dragonite|Low Kick|p1a: Dragonite\n|-supereffective|p1a: Dragonite\n|-damage|p1a: Dragonite|0 fnt\n|faint|p1a: Dragonite\n|move|p1b: Ursaluna|Blood Moon|p2a: Rillaboom\n|-damage|p2a: Rillaboom|0 fnt\n|faint|p2a: Rillaboom\n|\n|-fieldend|move: Grassy Terrain\n|upkeep\n|\n|t:|1729767054\n|switch|p2a: Ceruledge|Ceruledge, L50, M|100\/100\n|turn|6\n|\n|t:|1729767058\n|move|p2b: Dragonite|Low Kick|p1b: Ursaluna\n|-supereffective|p1b: Ursaluna\n|-damage|p1b: Ursaluna|56\/100\n|move|p2a: Ceruledge|Bitter Blade|p1b: Ursaluna\n|-damage|p1b: Ursaluna|35\/100\n|move|p1b: Ursaluna|Earth Power|p2a: Ceruledge\n|-supereffective|p2a: Ceruledge\n|-damage|p2a: Ceruledge|10\/100\n|\n|-heal|p2a: Ceruledge|16\/100|[from] item: Leftovers\n|upkeep\n|turn|7\n|-message|spaccas forfeited.\n|\n|win|qiin5\n|raw|spaccas's rating: 1754 &rarr; <strong>1729<\/strong><br \/>(-25 for losing)\n|raw|qiin5's rating: 1668 &rarr; <strong>1693<\/strong><br \/>(+25 for winning)\n|l|\u2606spaccas\n|player|p1|\n|l|\u2606qiin5\n|player|p2|\n|l| Tsugia\n","uploadtime":1729767218,"views":76,"formatid":"gen9vgc2024regh","rating":1693,"private":0,"password":null}