{"id":"gen9vgc2024regh-2229342781","format":"[Gen 9] VGC 2024 Reg H","players":["actuary97","RomanTogepi"],"log":"|j|\u2606actuary97\n|j|\u2606RomanTogepi\n|t:|1729705877\n|gametype|doubles\n|player|p1|actuary97|sabrina-frlg|1807\n|player|p2|RomanTogepi|169|1708\n|teamsize|p1|6\n|teamsize|p2|6\n|gen|9\n|tier|[Gen 9] VGC 2024 Reg H\n|rated|\n|rule|Species Clause: Limit one of each Pok\u00e9mon\n|rule|Item Clause: Limit 1 of each item\n|clearpoke\n|poke|p1|Whimsicott, L50, F|\n|poke|p1|Gallade, L50, M|\n|poke|p1|Archaludon, L50, F|\n|poke|p1|Malamar, L50, F|\n|poke|p1|Indeedee, L50, M|\n|poke|p1|Drifblim, L50, M|\n|poke|p2|Goodra-Hisui, L50, M|\n|poke|p2|Magmar, L50, F|\n|poke|p2|Rillaboom, L50, F|\n|poke|p2|Politoed, L50, M|\n|poke|p2|Gholdengo, L50|\n|poke|p2|Grimmsnarl, L50, M|\n|teampreview|4\nactuary97 has agreed to open team sheets.\n|l|\u2606RomanTogepi\n|player|p2|\n|inactive|Battle timer is ON: inactive players will automatically lose when time's up. (requested by actuary97)\n|j|\u2606RomanTogepi\n|inactive|RomanTogepi reconnected and has 90 seconds left.\n|player|p2|RomanTogepi|169|\n|\n|t:|1729705943\n|start\n|switch|p1a: Tapu Deedee|Indeedee, L50, M, shiny|100\/100\n|switch|p1b: \u2694\ufe0fKing\u2694\ufe0f|Gallade, L50, M, shiny|100\/100\n|switch|p2a: Magmar|Magmar, L50, F, shiny|100\/100\n|switch|p2b: Grimmsnarl|Grimmsnarl, L50, M, shiny|100\/100\n|-fieldstart|move: Psychic Terrain|[from] ability: Psychic Surge|[of] p1a: Tapu Deedee\n|turn|1\n|\n|t:|1729705964\n|switch|p1b: Bridget|Archaludon, L50, F, shiny|100\/100\n|move|p2b: Grimmsnarl|Light Screen|p2b: Grimmsnarl\n|-sidestart|p2: RomanTogepi|move: Light Screen\n|move|p1a: Tapu Deedee|Expanding Force|p2b: Grimmsnarl|[spread] p2a\n|-immune|p2b: Grimmsnarl\n|-crit|p2a: Magmar\n|-damage|p2a: Magmar|0 fnt\n|faint|p2a: Magmar\n|\n|upkeep\n|c|\u2606RomanTogepi|Nice crit\n|\n|t:|1729705980\n|switch|p2a: Gholdengo|Gholdengo, L50|100\/100\n|turn|2\n|c|\u2606actuary97|sorry man I can't control it :(\n|\n|t:|1729705994\n|switch|p1a: \ud83c\udf88\ud83d\udc7b\ud83c\udf83\ud83d\udc7b\ud83c\udf83\ud83c\udf88|Drifblim, L50, M|100\/100\n|-enditem|p1a: \ud83c\udf88\ud83d\udc7b\ud83c\udf83\ud83d\udc7b\ud83c\udf83\ud83c\udf88|Psychic Seed\n|-boost|p1a: \ud83c\udf88\ud83d\udc7b\ud83c\udf83\ud83d\udc7b\ud83c\udf83\ud83c\udf88|spd|1|[from] item: Psychic Seed\n|switch|p2b: Rillaboom|Rillaboom, L50, F|100\/100\n|-fieldstart|move: Grassy Terrain|[from] ability: Grassy Surge|[of] p2b: Rillaboom\n|move|p1b: Bridget|Snarl|p2b: Rillaboom|[spread] p2b\n|-miss|p1b: Bridget|p2a: Gholdengo\n|-damage|p2b: Rillaboom|95\/100\n|-unboost|p2b: Rillaboom|spa|1\n|move|p2a: Gholdengo|Nasty Plot|p2a: Gholdengo\n|-boost|p2a: Gholdengo|spa|2\n|\n|-heal|p2b: Rillaboom|100\/100|[from] Grassy Terrain\n|upkeep\n|turn|3\n|c|\u2606actuary97|nice miss ! there we ho\n|inactive|actuary97 has 30 seconds left.\n|c|\u2606actuary97|5% miss chance is about the same as crit rate\n|j| futonkagebunshin\n|inactive|actuary97 has 20 seconds left.\n|inactive|actuary97 has 15 seconds left.\n|\n|t:|1729706034\n|switch|p1b: Tapu Deedee|Indeedee, L50, M, shiny|100\/100\n|-fieldstart|move: Psychic Terrain|[from] ability: Psychic Surge|[of] p1b: Tapu Deedee\n|move|p2b: Rillaboom|Fake Out|p1b: Tapu Deedee\n|-activate|p1b: Tapu Deedee|move: Psychic Terrain\n|move|p1a: \ud83c\udf88\ud83d\udc7b\ud83c\udf83\ud83d\udc7b\ud83c\udf83\ud83c\udf88|Icy Wind|p2a: Gholdengo|[spread] p2a,p2b\n|-resisted|p2a: Gholdengo\n|-supereffective|p2b: Rillaboom\n|-damage|p2a: Gholdengo|98\/100\n|-damage|p2b: Rillaboom|92\/100\n|-unboost|p2a: Gholdengo|spe|1\n|-unboost|p2b: Rillaboom|spe|1\n|move|p2a: Gholdengo|Nasty Plot|p2a: Gholdengo\n|-boost|p2a: Gholdengo|spa|2\n|\n|-heal|p2a: Gholdengo|100\/100|[from] item: Leftovers\n|upkeep\n|turn|4\n|inactive|actuary97 has 30 seconds left.\n|\n|t:|1729706065\n|switch|p2b: Grimmsnarl|Grimmsnarl, L50, M, shiny|100\/100\n|-terastallize|p1b: Tapu Deedee|Fire\n|move|p1a: \ud83c\udf88\ud83d\udc7b\ud83c\udf83\ud83d\udc7b\ud83c\udf83\ud83c\udf88|Air Slash|p2a: Gholdengo\n|-resisted|p2a: Gholdengo\n|-damage|p2a: Gholdengo|93\/100\n|move|p1b: Tapu Deedee|Tera Blast|p2a: Gholdengo|[anim] Tera Blast Fire\n|-supereffective|p2a: Gholdengo\n|-damage|p2a: Gholdengo|23\/100\n|cant|p2a: Gholdengo|flinch\n|\n|-heal|p2a: Gholdengo|30\/100|[from] item: Leftovers\n|upkeep\n|turn|5\n|l| futonkagebunshin\n|\n|t:|1729706079\n|switch|p2b: Rillaboom|Rillaboom, L50, F|92\/100\n|-fieldstart|move: Grassy Terrain|[from] ability: Grassy Surge|[of] p2b: Rillaboom\n|move|p2a: Gholdengo|Protect|p2a: Gholdengo\n|-singleturn|p2a: Gholdengo|Protect\n|move|p1a: \ud83c\udf88\ud83d\udc7b\ud83c\udf83\ud83d\udc7b\ud83c\udf83\ud83c\udf88|Air Slash|p2a: Gholdengo\n|-activate|p2a: Gholdengo|move: Protect\n|move|p1b: Tapu Deedee|Tera Blast|p2a: Gholdengo|[anim] Tera Blast Fire\n|-activate|p2a: Gholdengo|move: Protect\n|\n|-heal|p2b: Rillaboom|98\/100|[from] Grassy Terrain\n|-heal|p2a: Gholdengo|36\/100|[from] Grassy Terrain\n|-heal|p2a: Gholdengo|42\/100|[from] item: Leftovers\n|upkeep\n|turn|6\n|\n|t:|1729706094\n|switch|p1b: Bridget|Archaludon, L50, F, shiny|100\/100\n|move|p2b: Rillaboom|Fake Out|p1b: Bridget\n|-resisted|p1b: Bridget\n|-damage|p1b: Bridget|95\/100\n|-ability|p1b: Bridget|Stamina|boost\n|-boost|p1b: Bridget|def|1\n|move|p1a: \ud83c\udf88\ud83d\udc7b\ud83c\udf83\ud83d\udc7b\ud83c\udf83\ud83c\udf88|Icy Wind|p2a: Gholdengo|[spread] p2a,p2b\n|-resisted|p2a: Gholdengo\n|-supereffective|p2b: Rillaboom\n|-damage|p2a: Gholdengo|40\/100\n|-damage|p2b: Rillaboom|91\/100\n|-unboost|p2a: Gholdengo|spe|1\n|-unboost|p2b: Rillaboom|spe|1\n|move|p2a: Gholdengo|Make It Rain|p1b: Bridget|[spread] p1a,p1b\n|-resisted|p1b: Bridget\n|-damage|p1a: \ud83c\udf88\ud83d\udc7b\ud83c\udf83\ud83d\udc7b\ud83c\udf83\ud83c\udf88|8\/100\n|-damage|p1b: Bridget|50\/100\n|-unboost|p2a: Gholdengo|spa|1\n|-ability|p1b: Bridget|Stamina|boost\n|-boost|p1b: Bridget|def|1\n|\n|-heal|p1b: Bridget|57\/100|[from] Grassy Terrain\n|-heal|p2b: Rillaboom|97\/100|[from] Grassy Terrain\n|-heal|p2a: Gholdengo|46\/100|[from] Grassy Terrain\n|-heal|p2a: Gholdengo|52\/100|[from] item: Leftovers\n|upkeep\n|turn|7\n|\n|t:|1729706106\n|move|p2b: Rillaboom|Grassy Glide|p1a: \ud83c\udf88\ud83d\udc7b\ud83c\udf83\ud83d\udc7b\ud83c\udf83\ud83c\udf88\n|-resisted|p1a: \ud83c\udf88\ud83d\udc7b\ud83c\udf83\ud83d\udc7b\ud83c\udf83\ud83c\udf88\n|-damage|p1a: \ud83c\udf88\ud83d\udc7b\ud83c\udf83\ud83d\udc7b\ud83c\udf83\ud83c\udf88|0 fnt\n|faint|p1a: \ud83c\udf88\ud83d\udc7b\ud83c\udf83\ud83d\udc7b\ud83c\udf83\ud83c\udf88\n|move|p1b: Bridget|Snarl|p2b: Rillaboom|[spread] p2a,p2b\n|-supereffective|p2a: Gholdengo\n|-damage|p2a: Gholdengo|35\/100\n|-damage|p2b: Rillaboom|91\/100\n|-unboost|p2a: Gholdengo|spa|1\n|-unboost|p2b: Rillaboom|spa|1\n|move|p2a: Gholdengo|Shadow Ball|p1b: Bridget\n|-damage|p1b: Bridget|0 fnt\n|faint|p1b: Bridget\n|\n|-heal|p2b: Rillaboom|97\/100|[from] Grassy Terrain\n|-heal|p2a: Gholdengo|42\/100|[from] Grassy Terrain\n|-heal|p2a: Gholdengo|48\/100|[from] item: Leftovers\n|upkeep\n|\n|t:|1729706112\n|switch|p1a: \u2694\ufe0fKing\u2694\ufe0f|Gallade, L50, M, shiny|100\/100\n|switch|p1b: Tapu Deedee|Indeedee, L50, M, shiny, tera:Fire|100\/100\n|-fieldstart|move: Psychic Terrain|[from] ability: Psychic Surge|[of] p1b: Tapu Deedee\n|turn|8\n|\n|t:|1729706117\n|switch|p2b: Grimmsnarl|Grimmsnarl, L50, M, shiny|100\/100\n|move|p2a: Gholdengo|Protect|p2a: Gholdengo\n|-singleturn|p2a: Gholdengo|Protect\n|move|p1b: Tapu Deedee|Expanding Force|p2a: Gholdengo|[spread] \n|-activate|p2a: Gholdengo|move: Protect\n|-immune|p2b: Grimmsnarl\n|move|p1a: \u2694\ufe0fKing\u2694\ufe0f|Psycho Cut|p2b: Grimmsnarl\n|-immune|p2b: Grimmsnarl\n|\n|-heal|p2a: Gholdengo|54\/100|[from] item: Leftovers\n|-sideend|p2: RomanTogepi|move: Light Screen\n|upkeep\n|turn|9\n|inactive|RomanTogepi has 30 seconds left.\n|inactive|actuary97 has 30 seconds left.\n|inactive|RomanTogepi has 20 seconds left.\n|inactive|RomanTogepi has 15 seconds left.\n|inactive|actuary97 has 20 seconds left.\n|\n|t:|1729706162\n|switch|p2a: Rillaboom|Rillaboom, L50, F|97\/100\n|-fieldstart|move: Grassy Terrain|[from] ability: Grassy Surge|[of] p2a: Rillaboom\n|move|p2b: Grimmsnarl|Reflect|p2b: Grimmsnarl\n|-sidestart|p2: RomanTogepi|Reflect\n|move|p1b: Tapu Deedee|Expanding Force|p2a: Rillaboom\n|-damage|p2a: Rillaboom|52\/100\n|move|p1a: \u2694\ufe0fKing\u2694\ufe0f|Sacred Sword|p2b: Grimmsnarl\n|-damage|p2b: Grimmsnarl|47\/100\n|\n|-heal|p2a: Rillaboom|58\/100|[from] Grassy Terrain\n|-heal|p2b: Grimmsnarl|53\/100|[from] Grassy Terrain\n|upkeep\n|turn|10\n|inactive|RomanTogepi has 30 seconds left.\n|inactive|actuary97 has 30 seconds left.\n|inactive|RomanTogepi has 20 seconds left.\n|inactive|RomanTogepi has 15 seconds left.\n|j| 0l'Bones\n|inactive|RomanTogepi has 10 seconds left.\n|\n|t:|1729706211\n|-terastallize|p2a: Rillaboom|Fire\n|move|p1b: Tapu Deedee|Expanding Force|p2a: Rillaboom\n|-damage|p2a: Rillaboom|17\/100\n|move|p1a: \u2694\ufe0fKing\u2694\ufe0f|Leaf Blade|p2b: Grimmsnarl\n|-crit|p2b: Grimmsnarl\n|-damage|p2b: Grimmsnarl|0 fnt\n|faint|p2b: Grimmsnarl\n|move|p2a: Rillaboom|Wood Hammer|p1a: \u2694\ufe0fKing\u2694\ufe0f\n|-damage|p1a: \u2694\ufe0fKing\u2694\ufe0f|0 fnt\n|faint|p1a: \u2694\ufe0fKing\u2694\ufe0f\n|-damage|p2a: Rillaboom|0 fnt|[from] Recoil\n|faint|p2a: Rillaboom\n|\n|upkeep\n|\n|t:|1729706219\n|switch|p2b: Gholdengo|Gholdengo, L50|54\/100\n|turn|11\n|\n|t:|1729706228\n|move|p2b: Gholdengo|Protect|p2b: Gholdengo\n|-singleturn|p2b: Gholdengo|Protect\n|move|p1b: Tapu Deedee|Expanding Force|p2b: Gholdengo\n|-activate|p2b: Gholdengo|move: Protect\n|\n|-heal|p2b: Gholdengo|60\/100|[from] Grassy Terrain\n|-heal|p2b: Gholdengo|67\/100|[from] item: Leftovers\n|upkeep\n|turn|12\n|\n|t:|1729706238\n|move|p1b: Tapu Deedee|Expanding Force|p2b: Gholdengo\n|-resisted|p2b: Gholdengo\n|-damage|p2b: Gholdengo|40\/100\n|move|p2b: Gholdengo|Shadow Ball|p1b: Tapu Deedee\n|-damage|p1b: Tapu Deedee|43\/100\n|\n|-heal|p1b: Tapu Deedee|49\/100|[from] Grassy Terrain\n|-heal|p2b: Gholdengo|46\/100|[from] Grassy Terrain\n|-heal|p2b: Gholdengo|53\/100|[from] item: Leftovers\n|upkeep\n|turn|13\n|\n|t:|1729706253\n|move|p1b: Tapu Deedee|Expanding Force|p2b: Gholdengo\n|-resisted|p2b: Gholdengo\n|-damage|p2b: Gholdengo|23\/100\n|move|p2b: Gholdengo|Shadow Ball|p1b: Tapu Deedee\n|-damage|p1b: Tapu Deedee|0 fnt\n|faint|p1b: Tapu Deedee\n|\n|win|RomanTogepi\n|raw|actuary97's rating: 1807 &rarr; <strong>1781<\/strong><br \/>(-26 for losing)\n|raw|RomanTogepi's rating: 1708 &rarr; <strong>1734<\/strong><br \/>(+26 for winning)\n|c|\u2606actuary97|gg\n|c|\u2606RomanTogepi|Gg\n|l|\u2606actuary97\n|player|p1|\n|l|\u2606RomanTogepi\n|player|p2|\n|l| 0l'Bones\n","uploadtime":1729706438,"views":25,"formatid":"gen9vgc2024regh","rating":1734,"private":0,"password":null}