{"id":"gen9vgc2024regh-2229284170","format":"[Gen 9] VGC 2024 Reg H","players":["Betsie","Draxolotl"],"log":"|j|\u2606Betsie\n|j|\u2606Draxolotl\n|t:|1729700974\n|gametype|doubles\n|player|p1|Betsie|grimsley-masters|1738\n|player|p2|Draxolotl|cynthia-masters3|1871\n|teamsize|p1|6\n|teamsize|p2|6\n|gen|9\n|tier|[Gen 9] VGC 2024 Reg H\n|rated|\n|rule|Species Clause: Limit one of each Pok\u00e9mon\n|rule|Item Clause: Limit 1 of each item\n|clearpoke\n|poke|p1|Sneasler, L50, M|\n|poke|p1|Rillaboom, L50, F|\n|poke|p1|Primarina, L50, F|\n|poke|p1|Electabuzz, L50, F|\n|poke|p1|Dragapult, L50, F|\n|poke|p1|Volcarona, L50, F|\n|poke|p2|Rillaboom, L50, F|\n|poke|p2|Volcarona, L50, F|\n|poke|p2|Ninetales-Alola, L50, M|\n|poke|p2|Tauros-Paldea-Aqua, L50, M|\n|poke|p2|Archaludon, L50, F|\n|poke|p2|Kingambit, L50, F|\n|teampreview|4\n|inactive|Battle timer is ON: inactive players will automatically lose when time's up. (requested by Betsie)\n|inactive|Betsie has 60 seconds left.\n|inactive|Draxolotl has 60 seconds left.\n|\n|t:|1729701028\n|start\n|switch|p1a: Sneasler|Sneasler, L50, M|100\/100\n|switch|p1b: Rillaboom|Rillaboom, L50, F|100\/100\n|switch|p2a: Volcarona|Volcarona, L50, F|100\/100\n|switch|p2b: Tauros|Tauros-Paldea-Aqua, L50, M|100\/100\n|-ability|p2b: Tauros|Intimidate|boost\n|-unboost|p1a: Sneasler|atk|1\n|-unboost|p1b: Rillaboom|atk|1\n|-fieldstart|move: Grassy Terrain|[from] ability: Grassy Surge|[of] p1b: Rillaboom\n|-enditem|p1a: Sneasler|Grassy Seed\n|-boost|p1a: Sneasler|def|1|[from] item: Grassy Seed\n|-enditem|p2b: Tauros|Mirror Herb\n|-boost|p2b: Tauros|def|1|[from] item: Mirror Herb\n|turn|1\n|\n|t:|1729701044\n|move|p1a: Sneasler|Dire Claw|p2a: Volcarona\n|-damage|p2a: Volcarona|59\/100\n|-status|p2a: Volcarona|slp\n|cant|p2a: Volcarona|slp\n|move|p2b: Tauros|Wave Crash|p1a: Sneasler\n|-damage|p1a: Sneasler|34\/100\n|-damage|p2b: Tauros|79\/100|[from] Recoil\n|move|p1b: Rillaboom|Wood Hammer|p2b: Tauros\n|-supereffective|p2b: Tauros\n|-damage|p2b: Tauros|9\/100\n|-damage|p1b: Rillaboom|83\/100|[from] Recoil\n|\n|-heal|p1a: Sneasler|40\/100|[from] Grassy Terrain\n|-heal|p2a: Volcarona|65\/100 slp|[from] Grassy Terrain\n|-heal|p2b: Tauros|15\/100|[from] Grassy Terrain\n|-heal|p1b: Rillaboom|89\/100|[from] Grassy Terrain\n|upkeep\n|turn|2\n|\n|t:|1729701067\n|move|p2b: Tauros|Protect|p2b: Tauros\n|-singleturn|p2b: Tauros|Protect\n|move|p1b: Rillaboom|Grassy Glide|p2b: Tauros\n|-activate|p2b: Tauros|move: Protect\n|move|p1a: Sneasler|Dire Claw|p2a: Volcarona\n|-damage|p2a: Volcarona|20\/100 slp\n|-curestatus|p2a: Volcarona|slp|[msg]\n|move|p2a: Volcarona|Heat Wave|p1a: Sneasler|[spread] p1a,p1b\n|-supereffective|p1b: Rillaboom\n|-damage|p1a: Sneasler|0 fnt\n|-damage|p1b: Rillaboom|31\/100\n|faint|p1a: Sneasler\n|\n|-heal|p2a: Volcarona|27\/100|[from] Grassy Terrain\n|-heal|p2b: Tauros|21\/100|[from] Grassy Terrain\n|-heal|p1b: Rillaboom|37\/100|[from] Grassy Terrain\n|upkeep\n|\n|t:|1729701070\n|switch|p1a: Volcarona|Volcarona, L50, F|100\/100\n|turn|3\n|\n|t:|1729701080\n|move|p1b: Rillaboom|Grassy Glide|p2b: Tauros\n|-supereffective|p2b: Tauros\n|-damage|p2b: Tauros|0 fnt\n|faint|p2b: Tauros\n|move|p2a: Volcarona|Heat Wave|p1b: Rillaboom|[spread] p1a,p1b\n|-supereffective|p1b: Rillaboom\n|-damage|p1a: Volcarona|66\/100\n|-damage|p1b: Rillaboom|0 fnt\n|faint|p1b: Rillaboom\n|move|p1a: Volcarona|Quiver Dance|p1a: Volcarona\n|-boost|p1a: Volcarona|spa|1\n|-boost|p1a: Volcarona|spd|1\n|-boost|p1a: Volcarona|spe|1\n|\n|-heal|p2a: Volcarona|33\/100|[from] Grassy Terrain\n|-heal|p1a: Volcarona|72\/100|[from] Grassy Terrain\n|-heal|p1a: Volcarona|79\/100|[from] item: Leftovers\n|upkeep\n|\n|t:|1729701088\n|switch|p2b: Archaludon|Archaludon, L50, F|100\/100\n|switch|p1b: Primarina|Primarina, L50, F|100\/100\n|turn|4\n|\n|t:|1729701097\n|-terastallize|p2b: Archaludon|Electric\n|move|p2a: Volcarona|Heat Wave|p1a: Volcarona|[spread] p1a,p1b\n|-resisted|p1b: Primarina\n|-damage|p1a: Volcarona|53\/100\n|-damage|p1b: Primarina|83\/100\n|move|p1a: Volcarona|Heat Wave|p2a: Volcarona|[spread] p2a\n|-miss|p1a: Volcarona|p2b: Archaludon\n|-damage|p2a: Volcarona|0 fnt\n|faint|p2a: Volcarona\n|move|p2b: Archaludon|Electro Shot||[still]\n|-prepare|p2b: Archaludon|Electro Shot\n|-boost|p2b: Archaludon|spa|1\n|-enditem|p2b: Archaludon|Power Herb\n|-anim|p2b: Archaludon|Electro Shot|p1a: Volcarona\n|-damage|p1a: Volcarona|0 fnt\n|faint|p1a: Volcarona\n|move|p1b: Primarina|Moonblast|p2b: Archaludon\n|-damage|p2b: Archaludon|19\/100\n|-unboost|p2b: Archaludon|spa|1\n|\n|-heal|p2b: Archaludon|25\/100|[from] Grassy Terrain\n|-heal|p1b: Primarina|89\/100|[from] Grassy Terrain\n|upkeep\n|\n|t:|1729701102\n|switch|p2a: Kingambit|Kingambit, L50, F|100\/100\n|turn|5\n|c|\u2606Draxolotl|Gg\n|inactive|Betsie has 30 seconds left.\n|\n|t:|1729701128\n|move|p2b: Archaludon|Thunderbolt|p1b: Primarina\n|-supereffective|p1b: Primarina\n|-damage|p1b: Primarina|11\/100\n|move|p1b: Primarina|Hyper Voice|p2a: Kingambit|[spread] p2a,p2b\n|-damage|p2a: Kingambit|67\/100\n|-damage|p2b: Archaludon|0 fnt\n|faint|p2b: Archaludon\n|-enditem|p1b: Primarina|Throat Spray\n|-boost|p1b: Primarina|spa|1|[from] item: Throat Spray\n|move|p2a: Kingambit|Iron Head|p1b: Primarina\n|-damage|p1b: Primarina|0 fnt\n|faint|p1b: Primarina\n|\n|win|Draxolotl\n|raw|Betsie's rating: 1738 &rarr; <strong>1725<\/strong><br \/>(-13 for losing)\n|raw|Draxolotl's rating: 1871 &rarr; <strong>1884<\/strong><br \/>(+13 for winning)\n|l|\u2606Draxolotl\n|player|p2|\n","uploadtime":1729701346,"views":35,"formatid":"gen9vgc2024regh","rating":1725,"private":0,"password":null}