{"id":"gen9vgc2024regh-2229390626","format":"[Gen 9] VGC 2024 Reg H","players":["Gualgo","greenlightdmp"],"log":"|j|\u2606Gualgo\n|j|\u2606greenlightdmp\n|t:|1729709916\n|gametype|doubles\n|player|p1|Gualgo|pokemaniac|1662\n|player|p2|greenlightdmp|265|1764\n|teamsize|p1|6\n|teamsize|p2|6\n|gen|9\n|tier|[Gen 9] VGC 2024 Reg H\n|rated|\n|rule|Species Clause: Limit one of each Pok\u00e9mon\n|rule|Item Clause: Limit 1 of each item\n|clearpoke\n|poke|p1|Indeedee-F, L50, F|\n|poke|p1|Torkoal, L50, M|\n|poke|p1|Gholdengo, L50|\n|poke|p1|Armarouge, L50, F|\n|poke|p1|Ursaluna, L50, F|\n|poke|p1|Annihilape, L50, M|\n|poke|p2|Incineroar, L50, M|\n|poke|p2|Amoonguss, L50, F|\n|poke|p2|Pelipper, L50, F|\n|poke|p2|Archaludon, L50, F|\n|poke|p2|Gholdengo, L50|\n|poke|p2|Basculegion, L50, M|\n|teampreview|4\n|inactive|Battle timer is ON: inactive players will automatically lose when time's up. (requested by Gualgo)\n|inactive|greenlightdmp has 60 seconds left.\n|\n|t:|1729709976\n|start\n|switch|p1a: Armarouge|Armarouge, L50, F|100\/100\n|switch|p1b: Annihilape|Annihilape, L50, M|100\/100\n|switch|p2a: Rich|Basculegion, L50, M|100\/100\n|switch|p2b: Mezie|Gholdengo, L50|100\/100\n|turn|1\n|inactive|greenlightdmp has 30 seconds left.\n|inactive|greenlightdmp has 20 seconds left.\n|inactive|greenlightdmp has 15 seconds left.\n|\n|t:|1729710020\n|switch|p2b: Ushni|Pelipper, L50, F|100\/100\n|-weather|RainDance|[from] ability: Drizzle|[of] p2b: Ushni\n|-terastallize|p1a: Armarouge|Grass\n|move|p2a: Rich|Wave Crash|p1b: Annihilape\n|-damage|p1b: Annihilape|0 fnt\n|faint|p1b: Annihilape\n|-damage|p2a: Rich|64\/100|[from] Recoil\n|move|p1a: Armarouge|Trick Room|p1a: Armarouge\n|-fieldstart|move: Trick Room|[of] p1a: Armarouge\n|\n|-weather|RainDance|[upkeep]\n|upkeep\n|\n|t:|1729710035\n|switch|p1b: Torkoal|Torkoal, L50, M|100\/100\n|-weather|SunnyDay|[from] ability: Drought|[of] p1b: Torkoal\n|turn|2\n|inactive|greenlightdmp has 30 seconds left.\n|\n|t:|1729710068\n|switch|p2a: Ian|Incineroar, L50, M|100\/100\n|-ability|p2a: Ian|Intimidate|boost\n|-unboost|p1a: Armarouge|atk|1\n|-unboost|p1b: Torkoal|atk|1\n|move|p2b: Ushni|Protect|p2b: Ushni\n|-singleturn|p2b: Ushni|Protect\n|move|p1b: Torkoal|Eruption|p2a: Ian|[spread] p2a\n|-activate|p2b: Ushni|move: Protect\n|-resisted|p2a: Ian\n|-crit|p2a: Ian\n|-damage|p2a: Ian|29\/100\n|move|p1a: Armarouge|Armor Cannon|p2a: Ian\n|-resisted|p2a: Ian\n|-damage|p2a: Ian|0 fnt\n|-unboost|p1a: Armarouge|def|1\n|-unboost|p1a: Armarouge|spd|1\n|faint|p2a: Ian\n|-damage|p1a: Armarouge|91\/100|[from] item: Life Orb\n|\n|-weather|SunnyDay|[upkeep]\n|upkeep\n|inactive|greenlightdmp has 30 seconds left.\n|inactive|greenlightdmp has 20 seconds left.\n|inactive|greenlightdmp has 15 seconds left.\n|\n|t:|1729710112\n|switch|p2a: Rich|Basculegion, L50, M|64\/100\n|turn|3\n|inactive|greenlightdmp has 30 seconds left.\n|\n|t:|1729710140\n|-terastallize|p2b: Ushni|Stellar\n|move|p2a: Rich|Aqua Jet|p1b: Torkoal\n|-supereffective|p1b: Torkoal\n|-damage|p1b: Torkoal|80\/100\n|move|p1b: Torkoal|Eruption|p2a: Rich|[spread] p2a,p2b\n|-resisted|p2a: Rich\n|-resisted|p2b: Ushni\n|-damage|p2a: Rich|12\/100\n|-damage|p2b: Ushni|23\/100\n|move|p1a: Armarouge|Armor Cannon|p2a: Rich\n|-resisted|p2a: Rich\n|-damage|p2a: Rich|0 fnt\n|-unboost|p1a: Armarouge|def|1\n|-unboost|p1a: Armarouge|spd|1\n|faint|p2a: Rich\n|-damage|p1a: Armarouge|81\/100|[from] item: Life Orb\n|move|p2b: Ushni|Hurricane|p1a: Armarouge\n|-supereffective|p1a: Armarouge\n|-damage|p1a: Armarouge|0 fnt\n|faint|p1a: Armarouge\n|\n|-weather|SunnyDay|[upkeep]\n|upkeep\n|\n|t:|1729710163\n|switch|p1a: Indeedee|Indeedee-F, L50, F|100\/100\n|switch|p2a: Mezie|Gholdengo, L50|100\/100\n|-fieldstart|move: Psychic Terrain|[from] ability: Psychic Surge|[of] p1a: Indeedee\n|-enditem|p1a: Indeedee|Psychic Seed\n|-boost|p1a: Indeedee|spd|1|[from] item: Psychic Seed\n|turn|4\n|\n|t:|1729710188\n|move|p2a: Mezie|Protect|p2a: Mezie\n|-singleturn|p2a: Mezie|Protect\n|move|p2b: Ushni|Protect|p2b: Ushni\n|-singleturn|p2b: Ushni|Protect\n|move|p1a: Indeedee|Follow Me|p1a: Indeedee\n|-singleturn|p1a: Indeedee|move: Follow Me\n|move|p1b: Torkoal|Eruption|p2a: Mezie|[spread] \n|-activate|p2a: Mezie|move: Protect\n|-activate|p2b: Ushni|move: Protect\n|\n|-weather|SunnyDay|[upkeep]\n|upkeep\n|turn|5\n|j| Xunyicaoawa\n|\n|t:|1729710206\n|move|p1a: Indeedee|Helping Hand|p1b: Torkoal\n|-singleturn|p1b: Torkoal|Helping Hand|[of] p1a: Indeedee\n|move|p1b: Torkoal|Eruption|p2b: Ushni|[spread] p2a,p2b\n|-supereffective|p2a: Mezie\n|-resisted|p2b: Ushni\n|-damage|p2a: Mezie|0 fnt\n|-damage|p2b: Ushni|0 fnt\n|faint|p2a: Mezie\n|faint|p2b: Ushni\n|\n|win|Gualgo\n|raw|Gualgo's rating: 1662 &rarr; <strong>1688<\/strong><br \/>(+26 for winning)\n|raw|greenlightdmp's rating: 1764 &rarr; <strong>1738<\/strong><br \/>(-26 for losing)\n|l|\u2606Gualgo\n|player|p1|\n|l| Xunyicaoawa\n","uploadtime":1729710397,"views":16,"formatid":"gen9vgc2024regh","rating":1688,"private":0,"password":null}