{"id":"gen9vgc2024regh-2229111072","format":"[Gen 9] VGC 2024 Reg H","players":["JwDYan","BrodaxVGC"],"log":"|j|\u2606JwDYan\n|j|\u2606BrodaxVGC\n|t:|1729685031\n|gametype|doubles\n|player|p1|JwDYan|265|1673\n|player|p2|BrodaxVGC|265|1701\n|teamsize|p1|6\n|teamsize|p2|6\n|gen|9\n|tier|[Gen 9] VGC 2024 Reg H\n|rated|\n|rule|Species Clause: Limit one of each Pok\u00e9mon\n|rule|Item Clause: Limit 1 of each item\n|clearpoke\n|poke|p1|Pelipper, L50, F|\n|poke|p1|Annihilape, L50, M|\n|poke|p1|Sinistcha-Masterpiece, L50|\n|poke|p1|Archaludon, L50, F|\n|poke|p1|Whimsicott, L50, M|\n|poke|p1|Primarina, L50, F|\n|poke|p2|Excadrill, L50, F|\n|poke|p2|Tyranitar, L50, F|\n|poke|p2|Whimsicott, L50, F|\n|poke|p2|Volcarona, L50, M|\n|poke|p2|Dragonite, L50, F|\n|poke|p2|Annihilape, L50, F|\n|teampreview|4\n|inactive|Battle timer is ON: inactive players will automatically lose when time's up. (requested by JwDYan)\n|j| Maushold-69P\n|inactive|BrodaxVGC has 60 seconds left.\n|\n|t:|1729685069\n|start\n|switch|p1a: Whimsicott|Whimsicott, L50, M|100\/100\n|switch|p1b: Annihilape|Annihilape, L50, M|100\/100\n|switch|p2a: Whimsicott|Whimsicott, L50, F|100\/100\n|switch|p2b: Volcarona|Volcarona, L50, M|100\/100\n|turn|1\n|\n|t:|1729685089\n|move|p2a: Whimsicott|Tailwind|p2a: Whimsicott\n|-sidestart|p2: BrodaxVGC|move: Tailwind\n|move|p2b: Volcarona|Heat Wave|p1b: Annihilape|[spread] p1b\n|-miss|p2b: Volcarona|p1a: Whimsicott\n|-damage|p1b: Annihilape|68\/100\n|move|p1a: Whimsicott|Beat Up|p1b: Annihilape\n|-damage|p1b: Annihilape|66\/100\n|-damage|p1b: Annihilape|64\/100\n|-damage|p1b: Annihilape|62\/100\n|-damage|p1b: Annihilape|59\/100\n|-hitcount|p1b: Annihilape|4\n|move|p1b: Annihilape|Rage Fist|p2b: Volcarona\n|-damage|p2b: Volcarona|0 fnt\n|-status|p1b: Annihilape|brn|[from] ability: Flame Body|[of] p2b: Volcarona\n|faint|p2b: Volcarona\n|\n|-damage|p1b: Annihilape|53\/100 brn|[from] brn\n|upkeep\n|\n|t:|1729685105\n|switch|p2b: Excadrill|Excadrill, L50, F|100\/100\n|turn|2\n|inactive|BrodaxVGC has 30 seconds left.\n|\n|t:|1729685133\n|switch|p1a: Pelipper|Pelipper, L50, F|100\/100\n|-weather|RainDance|[from] ability: Drizzle|[of] p1a: Pelipper\n|move|p2b: Excadrill|Protect|p2b: Excadrill\n|-singleturn|p2b: Excadrill|Protect\n|move|p1b: Annihilape|Protect|p1b: Annihilape\n|-singleturn|p1b: Annihilape|Protect\n|move|p2a: Whimsicott|Encore||[still]\n|-fail|p2a: Whimsicott\n|\n|-weather|RainDance|[upkeep]\n|-damage|p1b: Annihilape|47\/100 brn|[from] brn\n|upkeep\n|-enditem|p1b: Annihilape|Sitrus Berry|[eat]\n|-heal|p1b: Annihilape|72\/100 brn|[from] item: Sitrus Berry\n|turn|3\n|inactive|BrodaxVGC has 30 seconds left.\n|\n|t:|1729685165\n|move|p2a: Whimsicott|Encore|p1b: Annihilape\n|-start|p1b: Annihilape|Encore\n|move|p2b: Excadrill|Swords Dance|p2b: Excadrill\n|-boost|p2b: Excadrill|atk|2\n|move|p1b: Annihilape|Protect|p1b: Annihilape\n|-singleturn|p1b: Annihilape|Protect\n|move|p1a: Pelipper|Hurricane|p2a: Whimsicott\n|-supereffective|p2a: Whimsicott\n|-enditem|p2a: Whimsicott|Focus Sash\n|-damage|p2a: Whimsicott|1\/100\n|\n|-weather|RainDance|[upkeep]\n|-damage|p1b: Annihilape|66\/100 brn|[from] brn\n|upkeep\n|turn|4\n|\n|t:|1729685189\n|switch|p2a: Tyranitar|Tyranitar, L50, F|100\/100\n|-weather|Sandstorm|[from] ability: Sand Stream|[of] p2a: Tyranitar\n|switch|p1b: Whimsicott|Whimsicott, L50, M|100\/100\n|move|p1a: Pelipper|Wide Guard|p1a: Pelipper\n|-singleturn|p1a: Pelipper|Wide Guard\n|move|p2b: Excadrill|Iron Head|p1a: Pelipper\n|-resisted|p1a: Pelipper\n|-damage|p1a: Pelipper|33\/100\n|-damage|p2b: Excadrill|91\/100|[from] item: Life Orb\n|\n|-weather|Sandstorm|[upkeep]\n|-damage|p1b: Whimsicott|95\/100|[from] Sandstorm\n|-damage|p1a: Pelipper|27\/100|[from] Sandstorm\n|-sideend|p2: BrodaxVGC|move: Tailwind\n|upkeep\n|turn|5\n|inactive|BrodaxVGC has 30 seconds left.\n|inactive|JwDYan has 30 seconds left.\n|inactive|BrodaxVGC has 20 seconds left.\n|inactive|BrodaxVGC has 15 seconds left.\n|inactive|BrodaxVGC has 10 seconds left.\n|\n|t:|1729685236\n|switch|p1a: Archaludon|Archaludon, L50, F, shiny|100\/100\n|move|p2b: Excadrill|Iron Head|p1b: Whimsicott\n|-supereffective|p1b: Whimsicott\n|-damage|p1b: Whimsicott|0 fnt\n|faint|p1b: Whimsicott\n|-damage|p2b: Excadrill|81\/100|[from] item: Life Orb\n|move|p2a: Tyranitar|Knock Off|p1a: Archaludon\n|-damage|p1a: Archaludon|62\/100\n|-ability|p1a: Archaludon|Stamina|boost\n|-boost|p1a: Archaludon|def|1\n|-enditem|p1a: Archaludon|Assault Vest|[from] move: Knock Off|[of] p2a: Tyranitar\n|\n|-weather|Sandstorm|[upkeep]\n|upkeep\n|\n|t:|1729685247\n|switch|p1b: Pelipper|Pelipper, L50, F|27\/100\n|-weather|RainDance|[from] ability: Drizzle|[of] p1b: Pelipper\n|turn|6\n|inactive|BrodaxVGC has 30 seconds left.\n|\n|t:|1729685275\n|-terastallize|p1a: Archaludon|Flying\n|-terastallize|p2a: Tyranitar|Flying\n|move|p2b: Excadrill|Protect|p2b: Excadrill\n|-singleturn|p2b: Excadrill|Protect\n|move|p1a: Archaludon|Body Press|p2b: Excadrill\n|-activate|p2b: Excadrill|move: Protect\n|move|p1b: Pelipper|Tailwind|p1b: Pelipper\n|-sidestart|p1: JwDYan|move: Tailwind\n|move|p2a: Tyranitar|Knock Off|p1b: Pelipper\n|-damage|p1b: Pelipper|0 fnt\n|-enditem|p1b: Pelipper|Covert Cloak|[from] move: Knock Off|[of] p2a: Tyranitar\n|faint|p1b: Pelipper\n|\n|-weather|RainDance|[upkeep]\n|upkeep\n|\n|t:|1729685280\n|switch|p1b: Annihilape|Annihilape, L50, M|66\/100 brn\n|turn|7\n|inactive|BrodaxVGC has 30 seconds left.\n|j| hachiware\n|l| Maushold-69P\n|inactive|BrodaxVGC has 20 seconds left.\n|inactive|BrodaxVGC has 15 seconds left.\n|inactive|BrodaxVGC has 10 seconds left.\n|inactive|BrodaxVGC has 5 seconds left.\n|\n|t:|1729685332\n|move|p1b: Annihilape|Rage Fist|p2a: Tyranitar\n|-damage|p2a: Tyranitar|57\/100\n|move|p1a: Archaludon|Electro Shot||[still]\n|-prepare|p1a: Archaludon|Electro Shot\n|-boost|p1a: Archaludon|spa|1\n|-anim|p1a: Archaludon|Electro Shot|p2a: Tyranitar\n|-supereffective|p2a: Tyranitar\n|-damage|p2a: Tyranitar|0 fnt\n|faint|p2a: Tyranitar\n|move|p2b: Excadrill|Iron Head|p1a: Archaludon\n|-damage|p1a: Archaludon|8\/100\n|-ability|p1a: Archaludon|Stamina|boost\n|-boost|p1a: Archaludon|def|1\n|-damage|p2b: Excadrill|71\/100|[from] item: Life Orb\n|\n|-weather|RainDance|[upkeep]\n|-damage|p1b: Annihilape|60\/100 brn|[from] brn\n|upkeep\n|\n|t:|1729685346\n|switch|p2a: Whimsicott|Whimsicott, L50, F|1\/100\n|turn|8\n|inactive|BrodaxVGC has 30 seconds left.\n|\n|t:|1729685376\n|move|p2b: Excadrill|Protect|p2b: Excadrill\n|-singleturn|p2b: Excadrill|Protect\n|move|p2a: Whimsicott|Encore|p1a: Archaludon\n|-start|p1a: Archaludon|Encore\n|move|p1b: Annihilape|Drain Punch|p2a: Whimsicott\n|-resisted|p2a: Whimsicott\n|-damage|p2a: Whimsicott|0 fnt\n|-heal|p1b: Annihilape|60\/100 brn|[from] drain|[of] p2a: Whimsicott\n|faint|p2a: Whimsicott\n|move|p1a: Archaludon|Electro Shot||[still]\n|-prepare|p1a: Archaludon|Electro Shot\n|-boost|p1a: Archaludon|spa|1\n|-anim|p1a: Archaludon|Electro Shot|p2b: Excadrill\n|-activate|p2b: Excadrill|move: Protect\n|\n|-weather|RainDance|[upkeep]\n|-damage|p1b: Annihilape|54\/100 brn|[from] brn\n|upkeep\n|turn|9\n|\n|t:|1729685399\n|move|p1b: Annihilape|Protect|p1b: Annihilape\n|-singleturn|p1b: Annihilape|Protect\n|move|p1a: Archaludon|Electro Shot||[still]\n|-prepare|p1a: Archaludon|Electro Shot\n|-boost|p1a: Archaludon|spa|1\n|-anim|p1a: Archaludon|Electro Shot|p2b: Excadrill\n|-immune|p2b: Excadrill\n|move|p2b: Excadrill|Iron Head|p1b: Annihilape\n|-activate|p1b: Annihilape|move: Protect\n|\n|-weather|RainDance|[upkeep]\n|-damage|p1b: Annihilape|48\/100 brn|[from] brn\n|-sideend|p1: JwDYan|move: Tailwind\n|upkeep\n|turn|10\n|inactive|JwDYan has 30 seconds left.\n|\n|t:|1729685426\n|move|p1b: Annihilape|Rage Fist|p2b: Excadrill\n|-damage|p2b: Excadrill|0 fnt\n|faint|p2b: Excadrill\n|\n|win|JwDYan\n|raw|JwDYan's rating: 1673 &rarr; <strong>1695<\/strong><br \/>(+22 for winning)\n|raw|BrodaxVGC's rating: 1701 &rarr; <strong>1679<\/strong><br \/>(-22 for losing)\n|l| hachiware\n|l|\u2606BrodaxVGC\n|player|p2|\n|l|\u2606JwDYan\n|player|p1|\n","uploadtime":1729685653,"views":22,"formatid":"gen9vgc2024regh","rating":1679,"private":0,"password":null}