{"id":"gen9vgc2024regh-2229568515","format":"[Gen 9] VGC 2024 Reg H","players":["nukan up","tubnationtv"],"log":"|j|\u2606nukan up\n|j|\u2606tubnationtv\n|t:|1729728257\n|gametype|doubles\n|player|p1|nukan up|policeman-gen4|1744\n|player|p2|tubnationtv|cameraman|1854\n|teamsize|p1|6\n|teamsize|p2|6\n|gen|9\n|tier|[Gen 9] VGC 2024 Reg H\n|rated|\n|rule|Species Clause: Limit one of each Pok\u00e9mon\n|rule|Item Clause: Limit 1 of each item\n|clearpoke\n|poke|p1|Sneasler, L50, M|\n|poke|p1|Mimikyu, L50, M|\n|poke|p1|Ursaluna-Bloodmoon, L50, M|\n|poke|p1|Garchomp, L50, F|\n|poke|p1|Rillaboom, L50, F|\n|poke|p1|Gholdengo, L50|\n|poke|p2|Grimmsnarl, L50, M|\n|poke|p2|Dragonite, L50, F|\n|poke|p2|Annihilape, L50, M|\n|poke|p2|Ursaluna-Bloodmoon, L50, M|\n|poke|p2|Volcarona, L50, M|\n|poke|p2|Gholdengo, L50|\n|teampreview|4\n|inactive|Battle timer is ON: inactive players will automatically lose when time's up. (requested by nukan up)\n|inactive|nukan up has 60 seconds left.\n|inactive|tubnationtv has 60 seconds left.\n|inactive|tubnationtv has 30 seconds left.\n|inactive|tubnationtv has 20 seconds left.\n|inactive|tubnationtv has 15 seconds left.\n|inactive|tubnationtv has 10 seconds left.\n|inactive|tubnationtv has 5 seconds left.\n|\n|t:|1729728344\n|start\n|switch|p1a: Ursaluna|Ursaluna-Bloodmoon, L50, M|100\/100\n|switch|p1b: Gholdengo|Gholdengo, L50, shiny|100\/100\n|switch|p2a: Grimmsnarl|Grimmsnarl, L50, M|100\/100\n|switch|p2b: Volcarona|Volcarona, L50, M|100\/100\n|turn|1\n|j| Babakauma\n|\n|t:|1729728354\n|move|p2a: Grimmsnarl|Light Screen|p2a: Grimmsnarl\n|-sidestart|p2: tubnationtv|move: Light Screen\n|move|p1b: Gholdengo|Nasty Plot|p1b: Gholdengo\n|-boost|p1b: Gholdengo|spa|2\n|move|p2b: Volcarona|Quiver Dance|p2b: Volcarona\n|-boost|p2b: Volcarona|spa|1\n|-boost|p2b: Volcarona|spd|1\n|-boost|p2b: Volcarona|spe|1\n|move|p1a: Ursaluna|Blood Moon|p2b: Volcarona\n|-damage|p2b: Volcarona|70\/100\n|\n|upkeep\n|turn|2\n|\n|t:|1729728372\n|move|p1b: Gholdengo|Protect|p1b: Gholdengo\n|-singleturn|p1b: Gholdengo|Protect\n|move|p2a: Grimmsnarl|Reflect|p2a: Grimmsnarl\n|-sidestart|p2: tubnationtv|Reflect\n|move|p2b: Volcarona|Quiver Dance|p2b: Volcarona\n|-boost|p2b: Volcarona|spa|1\n|-boost|p2b: Volcarona|spd|1\n|-boost|p2b: Volcarona|spe|1\n|move|p1a: Ursaluna|Hyper Voice|p2b: Volcarona|[spread] p2a,p2b\n|-damage|p2a: Grimmsnarl|75\/100\n|-damage|p2b: Volcarona|57\/100\n|\n|upkeep\n|turn|3\n|\n|t:|1729728393\n|-terastallize|p1b: Gholdengo|Water\n|move|p2b: Volcarona|Heat Wave|p1b: Gholdengo|[spread] p1a,p1b\n|-resisted|p1b: Gholdengo\n|-damage|p1a: Ursaluna|53\/100\n|-damage|p1b: Gholdengo|65\/100\n|move|p1b: Gholdengo|Shadow Ball|p2b: Volcarona\n|-damage|p2b: Volcarona|33\/100\n|-enditem|p2b: Volcarona|Sitrus Berry|[eat]\n|-heal|p2b: Volcarona|58\/100|[from] item: Sitrus Berry\n|move|p2a: Grimmsnarl|Foul Play|p1b: Gholdengo\n|-damage|p1b: Gholdengo|49\/100\n|-enditem|p1b: Gholdengo|Sitrus Berry|[eat]\n|-heal|p1b: Gholdengo|74\/100|[from] item: Sitrus Berry\n|move|p1a: Ursaluna|Blood Moon|p2b: Volcarona\n|-damage|p2b: Volcarona|34\/100\n|\n|upkeep\n|turn|4\n|inactive|tubnationtv has 30 seconds left.\n|\n|t:|1729728422\n|move|p1b: Gholdengo|Protect|p1b: Gholdengo\n|-singleturn|p1b: Gholdengo|Protect\n|move|p2b: Volcarona|Heat Wave|p1a: Ursaluna|[spread] p1a\n|-activate|p1b: Gholdengo|move: Protect\n|-damage|p1a: Ursaluna|0 fnt\n|faint|p1a: Ursaluna\n|move|p2a: Grimmsnarl|Foul Play|p1b: Gholdengo\n|-activate|p1b: Gholdengo|move: Protect\n|\n|upkeep\n|inactive|nukan up has 30 seconds left.\n|\n|t:|1729728453\n|switch|p1a: Garchomp|Garchomp, L50, F, shiny|100\/100\n|turn|5\n|inactive|tubnationtv has 30 seconds left.\n|\n|t:|1729728487\n|-terastallize|p2b: Volcarona|Fairy\n|move|p2b: Volcarona|Tera Blast|p1b: Gholdengo|[anim] Tera Blast Fairy\n|-damage|p1b: Gholdengo|0 fnt\n|faint|p1b: Gholdengo\n|move|p1a: Garchomp|Rock Slide|p2a: Grimmsnarl|[spread] p2a,p2b\n|-damage|p2a: Grimmsnarl|63\/100\n|-damage|p2b: Volcarona|18\/100\n|move|p2a: Grimmsnarl|Foul Play|p1a: Garchomp\n|-damage|p1a: Garchomp|55\/100\n|-damage|p2a: Grimmsnarl|50\/100|[from] ability: Rough Skin|[of] p1a: Garchomp\n|\n|upkeep\n|\n|t:|1729728504\n|switch|p1b: Sneasler|Sneasler, L50, M, shiny|100\/100\n|turn|6\n|\n|t:|1729728509\n|move|p2b: Volcarona|Protect|p2b: Volcarona\n|-singleturn|p2b: Volcarona|Protect\n|move|p1b: Sneasler|Fake Out|p2a: Grimmsnarl\n|-damage|p2a: Grimmsnarl|43\/100\n|-status|p2a: Grimmsnarl|psn|[from] ability: Poison Touch|[of] p1b: Sneasler\n|cant|p2a: Grimmsnarl|flinch\n|move|p1a: Garchomp|Rock Slide|p2a: Grimmsnarl|[spread] p2a\n|-activate|p2b: Volcarona|move: Protect\n|-damage|p2a: Grimmsnarl|31\/100 psn\n|\n|-damage|p2a: Grimmsnarl|19\/100 psn|[from] psn\n|upkeep\n|turn|7\n|j| Giessenburg\n|\n|t:|1729728523\n|move|p1b: Sneasler|Protect|p1b: Sneasler\n|-singleturn|p1b: Sneasler|Protect\n|move|p2b: Volcarona|Tera Blast|p1a: Garchomp|[anim] Tera Blast Fairy\n|-supereffective|p1a: Garchomp\n|-damage|p1a: Garchomp|0 fnt\n|faint|p1a: Garchomp\n|move|p2a: Grimmsnarl|Foul Play|p1b: Sneasler\n|-activate|p1b: Sneasler|move: Protect\n|\n|-damage|p2a: Grimmsnarl|6\/100 psn|[from] psn\n|upkeep\n|turn|8\n|\n|t:|1729728542\n|move|p2b: Volcarona|Tera Blast|p1b: Sneasler|[anim] Tera Blast Fairy\n|-enditem|p1b: Sneasler|Focus Sash\n|-damage|p1b: Sneasler|1\/100\n|move|p1b: Sneasler|Close Combat|p2a: Grimmsnarl\n|-damage|p2a: Grimmsnarl|0 fnt\n|-unboost|p1b: Sneasler|def|1\n|-unboost|p1b: Sneasler|spd|1\n|faint|p2a: Grimmsnarl\n|\n|-sideend|p2: tubnationtv|move: Light Screen\n|upkeep\n|\n|t:|1729728548\n|switch|p2a: Gholdengo|Gholdengo, L50|100\/100\n|turn|9\n|l| Babakauma\n|inactive|nukan up has 30 seconds left.\n|l|\u2606nukan up\n|inactive|nukan up disconnected and has a minute to reconnect!\n|player|p1|\n|inactive|nukan up has 20 seconds left.\n|inactive|nukan up has 15 seconds left.\n|inactive|nukan up has 10 seconds left.\n|inactive|nukan up has 5 seconds left.\n|-message|nukan up lost due to inactivity.\n|\n|win|tubnationtv\n|raw|nukan up's rating: 1744 &rarr; <strong>1730<\/strong><br \/>(-14 for losing)\n|raw|tubnationtv's rating: 1854 &rarr; <strong>1868<\/strong><br \/>(+14 for winning)\n|l|\u2606tubnationtv\n|player|p2|\n","uploadtime":1729728870,"views":32,"formatid":"gen9vgc2024regh","rating":1730,"private":0,"password":null}