{"id":"gen9vgc2024regh-2229736169","format":"[Gen 9] VGC 2024 Reg H","players":["Xeoffee","spaccas"],"log":"|j|\u2606Xeoffee\n|j|\u2606spaccas\n|t:|1729751941\n|gametype|doubles\n|player|p1|Xeoffee|n|1701\n|player|p2|spaccas|102|1796\n|teamsize|p1|6\n|teamsize|p2|6\n|gen|9\n|tier|[Gen 9] VGC 2024 Reg H\n|rated|\n|rule|Species Clause: Limit one of each Pok\u00e9mon\n|rule|Item Clause: Limit 1 of each item\n|clearpoke\n|poke|p1|Volcarona, L50, M|\n|poke|p1|Electabuzz, L50, F|\n|poke|p1|Rillaboom, L50, M|\n|poke|p1|Drifblim, L50, M|\n|poke|p1|Primarina, L50, M|\n|poke|p1|Ursaluna-Bloodmoon, L50, M|\n|poke|p2|Grimmsnarl, L50, M|\n|poke|p2|Annihilape, L50, M|\n|poke|p2|Gholdengo, L50|\n|poke|p2|Dragonite, L50, M|\n|poke|p2|Ursaluna-Bloodmoon, L50, M|\n|poke|p2|Volcarona, L50, M|\n|teampreview|4\n|inactive|Battle timer is ON: inactive players will automatically lose when time's up. (requested by spaccas)\n|inactive|Xeoffee has 60 seconds left.\n|inactive|spaccas has 60 seconds left.\n|\n|t:|1729751997\n|start\n|switch|p1a: Volcarona|Volcarona, L50, M|100\/100\n|switch|p1b: Rillaboom|Rillaboom, L50, M|100\/100\n|switch|p2a: Annihilape|Annihilape, L50, M|100\/100\n|switch|p2b: Grimmsnarl|Grimmsnarl, L50, M|100\/100\n|-fieldstart|move: Grassy Terrain|[from] ability: Grassy Surge|[of] p1b: Rillaboom\n|turn|1\n|\n|t:|1729752020\n|move|p1b: Rillaboom|Fake Out|p2b: Grimmsnarl\n|-damage|p2b: Grimmsnarl|88\/100\n|cant|p2b: Grimmsnarl|flinch\n|move|p2a: Annihilape|Bulk Up|p2a: Annihilape\n|-boost|p2a: Annihilape|atk|1\n|-boost|p2a: Annihilape|def|1\n|move|p1a: Volcarona|Quiver Dance|p1a: Volcarona\n|-boost|p1a: Volcarona|spa|1\n|-boost|p1a: Volcarona|spd|1\n|-boost|p1a: Volcarona|spe|1\n|\n|-heal|p2b: Grimmsnarl|94\/100|[from] Grassy Terrain\n|upkeep\n|turn|2\n|j| mr pogostick\n|\n|t:|1729752033\n|move|p2b: Grimmsnarl|Light Screen|p2b: Grimmsnarl\n|-sidestart|p2: spaccas|move: Light Screen\n|move|p1a: Volcarona|Quiver Dance|p1a: Volcarona\n|-boost|p1a: Volcarona|spa|1\n|-boost|p1a: Volcarona|spd|1\n|-boost|p1a: Volcarona|spe|1\n|move|p2a: Annihilape|Rage Fist|p1a: Volcarona\n|-damage|p1a: Volcarona|69\/100\n|move|p1b: Rillaboom|U-turn|p2b: Grimmsnarl\n|-damage|p2b: Grimmsnarl|71\/100\n|\n|t:|1729752042\n|switch|p1b: Drifblim|Drifblim, L50, M|100\/100|[from] U-turn\n|-enditem|p1b: Drifblim|Grassy Seed\n|-boost|p1b: Drifblim|def|1|[from] item: Grassy Seed\n|\n|-heal|p1a: Volcarona|75\/100|[from] Grassy Terrain\n|-heal|p1a: Volcarona|82\/100|[from] item: Leftovers\n|-heal|p2b: Grimmsnarl|77\/100|[from] Grassy Terrain\n|upkeep\n|turn|3\n|\n|t:|1729752062\n|-terastallize|p2a: Annihilape|Water\n|move|p2b: Grimmsnarl|Thunder Wave|p1a: Volcarona\n|-status|p1a: Volcarona|par\n|move|p1b: Drifblim|Will-O-Wisp|p2a: Annihilape\n|-status|p2a: Annihilape|brn\n|move|p2a: Annihilape|Rage Fist|p1a: Volcarona\n|-damage|p1a: Volcarona|66\/100 par\n|cant|p1a: Volcarona|par\n|\n|-heal|p1a: Volcarona|72\/100 par|[from] Grassy Terrain\n|-heal|p1a: Volcarona|79\/100 par|[from] item: Leftovers\n|-heal|p2b: Grimmsnarl|83\/100|[from] Grassy Terrain\n|-damage|p2a: Annihilape|95\/100 brn|[from] brn\n|upkeep\n|turn|4\n|\n|t:|1729752085\n|switch|p1b: Rillaboom|Rillaboom, L50, M|100\/100\n|move|p2b: Grimmsnarl|Thunder Wave|p1b: Rillaboom\n|-status|p1b: Rillaboom|par\n|move|p2a: Annihilape|Bulk Up|p2a: Annihilape\n|-boost|p2a: Annihilape|atk|1\n|-boost|p2a: Annihilape|def|1\n|move|p1a: Volcarona|Bug Buzz|p2b: Grimmsnarl\n|-damage|p2b: Grimmsnarl|20\/100\n|\n|-heal|p2a: Annihilape|100\/100 brn|[from] Grassy Terrain\n|-heal|p1a: Volcarona|85\/100 par|[from] Grassy Terrain\n|-heal|p1a: Volcarona|91\/100 par|[from] item: Leftovers\n|-heal|p2b: Grimmsnarl|26\/100|[from] Grassy Terrain\n|-damage|p2a: Annihilape|95\/100 brn|[from] brn\n|upkeep\n|turn|5\n|\n|t:|1729752103\n|move|p2a: Annihilape|Protect|p2a: Annihilape\n|-singleturn|p2a: Annihilape|Protect\n|move|p2b: Grimmsnarl|Reflect|p2b: Grimmsnarl\n|-sidestart|p2: spaccas|Reflect\n|cant|p1a: Volcarona|par\n|cant|p1b: Rillaboom|par\n|\n|-heal|p2a: Annihilape|100\/100 brn|[from] Grassy Terrain\n|-heal|p1a: Volcarona|97\/100 par|[from] Grassy Terrain\n|-heal|p1a: Volcarona|100\/100 par|[from] item: Leftovers\n|-heal|p2b: Grimmsnarl|32\/100|[from] Grassy Terrain\n|-damage|p2a: Annihilape|95\/100 brn|[from] brn\n|-fieldend|move: Grassy Terrain\n|upkeep\n|turn|6\n|\n|t:|1729752121\n|switch|p2b: Dragonite|Dragonite, L50, M|100\/100\n|-terastallize|p1b: Rillaboom|Grass\n|move|p2a: Annihilape|Rage Fist|p1a: Volcarona\n|-damage|p1a: Volcarona|80\/100 par\n|move|p1a: Volcarona|Flamethrower|p2b: Dragonite\n|-resisted|p2b: Dragonite\n|-damage|p2b: Dragonite|84\/100\n|move|p1b: Rillaboom|Wood Hammer|p2a: Annihilape\n|-supereffective|p2a: Annihilape\n|-damage|p2a: Annihilape|34\/100 brn\n|-damage|p1b: Rillaboom|80\/100 par|[from] Recoil\n|\n|-heal|p2a: Annihilape|40\/100 brn|[from] item: Leftovers\n|-heal|p1a: Volcarona|86\/100 par|[from] item: Leftovers\n|-damage|p2a: Annihilape|34\/100 brn|[from] brn\n|upkeep\n|turn|7\n|inactive|spaccas has 30 seconds left.\n|\n|t:|1729752146\n|move|p2a: Annihilape|Protect|p2a: Annihilape\n|-singleturn|p2a: Annihilape|Protect\n|move|p1a: Volcarona|Protect|p1a: Volcarona\n|-singleturn|p1a: Volcarona|Protect\n|move|p2b: Dragonite|Scale Shot|p1a: Volcarona\n|-activate|p1a: Volcarona|move: Protect\n|cant|p1b: Rillaboom|par\n|\n|-heal|p2a: Annihilape|40\/100 brn|[from] item: Leftovers\n|-heal|p1a: Volcarona|93\/100 par|[from] item: Leftovers\n|-damage|p2a: Annihilape|34\/100 brn|[from] brn\n|upkeep\n|turn|8\n|\n|t:|1729752160\n|move|p2a: Annihilape|Drain Punch|p1b: Rillaboom\n|-damage|p1b: Rillaboom|53\/100 par\n|-heal|p2a: Annihilape|47\/100 brn|[from] drain|[of] p1b: Rillaboom\n|move|p2b: Dragonite|Scale Shot|p1a: Volcarona\n|-damage|p1a: Volcarona|75\/100 par\n|-damage|p1a: Volcarona|59\/100 par\n|-damage|p1a: Volcarona|41\/100 par\n|-damage|p1a: Volcarona|23\/100 par\n|-damage|p1a: Volcarona|6\/100 par\n|-hitcount|p1a: Volcarona|5\n|-unboost|p2b: Dragonite|def|1\n|-boost|p2b: Dragonite|spe|1\n|move|p1a: Volcarona|Bug Buzz|p2a: Annihilape\n|-damage|p2a: Annihilape|0 fnt\n|faint|p2a: Annihilape\n|cant|p1b: Rillaboom|par\n|\n|-heal|p1a: Volcarona|12\/100 par|[from] item: Leftovers\n|upkeep\n|\n|t:|1729752178\n|switch|p2a: Gholdengo|Gholdengo, L50|100\/100\n|turn|9\n|\n|t:|1729752192\n|switch|p1b: Drifblim|Drifblim, L50, M|100\/100\n|move|p1a: Volcarona|Protect|p1a: Volcarona\n|-singleturn|p1a: Volcarona|Protect\n|move|p2b: Dragonite|Scale Shot|p1b: Drifblim\n|-damage|p1b: Drifblim|83\/100\n|-damage|p1b: Drifblim|65\/100\n|-damage|p1b: Drifblim|47\/100\n|-damage|p1b: Drifblim|28\/100\n|-hitcount|p1b: Drifblim|4\n|-unboost|p2b: Dragonite|def|1\n|-boost|p2b: Dragonite|spe|1\n|move|p2a: Gholdengo|Shadow Ball|p1a: Volcarona\n|-activate|p1a: Volcarona|move: Protect\n|\n|-heal|p1a: Volcarona|19\/100 par|[from] item: Leftovers\n|-sideend|p2: spaccas|move: Light Screen\n|upkeep\n|turn|10\n|j| Xunyicaoawa\n|j| hackervgc\n|inactive|Xeoffee has 30 seconds left.\n|inactive|spaccas has 30 seconds left.\n|j| CRJ23\n|inactive|Xeoffee has 20 seconds left.\n|\n|t:|1729752228\n|move|p2b: Dragonite|Extreme Speed|p1a: Volcarona\n|-damage|p1a: Volcarona|0 fnt\n|faint|p1a: Volcarona\n|move|p2a: Gholdengo|Shadow Ball|p1b: Drifblim\n|-supereffective|p1b: Drifblim\n|-damage|p1b: Drifblim|0 fnt\n|faint|p1b: Drifblim\n|\n|upkeep\n|-message|Xeoffee forfeited.\n|\n|win|spaccas\n|raw|Xeoffee's rating: 1701 &rarr; <strong>1686<\/strong><br \/>(-15 for losing)\n|raw|spaccas's rating: 1796 &rarr; <strong>1811<\/strong><br \/>(+15 for winning)\n|l|\u2606Xeoffee\n|player|p1|\n|l|\u2606spaccas\n|player|p2|\n|l| CRJ23\n|l| hackervgc\n|l| mr pogostick\n|l| Xunyicaoawa\n","uploadtime":1729752435,"views":64,"formatid":"gen9vgc2024regh","rating":1686,"private":0,"password":null}