{"id":"gen9vgc2024regh-2229395546","format":"[Gen 9] VGC 2024 Reg H","players":["Brave12223","GBVGC X76"],"log":"|j|\u2606Brave12223\n|j|\u2606GBVGC X76\n|t:|1729710355\n|gametype|doubles\n|player|p1|Brave12223|ingo|1810\n|player|p2|GBVGC X76|hanbei-conquest|1762\n|teamsize|p1|6\n|teamsize|p2|6\n|gen|9\n|tier|[Gen 9] VGC 2024 Reg H\n|rated|\n|rule|Species Clause: Limit one of each Pok\u00e9mon\n|rule|Item Clause: Limit 1 of each item\n|clearpoke\n|poke|p1|Tyranitar, L50, M|\n|poke|p1|Garchomp, L50, F|\n|poke|p1|Talonflame, L50, M|\n|poke|p1|Gastrodon, L50, F|\n|poke|p1|Tsareena, L50, F|\n|poke|p1|Gholdengo, L50|\n|poke|p2|Chandelure, L50, F|\n|poke|p2|Sylveon, L50, F|\n|poke|p2|Talonflame, L50, F|\n|poke|p2|Dragapult, L50, F|\n|poke|p2|Electabuzz, L50, M|\n|poke|p2|Decidueye-Hisui, L50, F|\n|teampreview|4\n|inactive|Battle timer is ON: inactive players will automatically lose when time's up. (requested by Brave12223)\n|\n|t:|1729710393\n|start\n|switch|p1a: Talonflame|Talonflame, L50, M|100\/100\n|switch|p1b: Garchomp|Garchomp, L50, F|100\/100\n|switch|p2a: MarcoFiaro|Talonflame, L50, F|100\/100\n|switch|p2b: Sniper|Decidueye-Hisui, L50, F|100\/100\n|turn|1\n|\n|t:|1729710414\n|move|p1a: Talonflame|Tailwind|p1a: Talonflame\n|-sidestart|p1: Brave12223|move: Tailwind\n|move|p2a: MarcoFiaro|Tailwind|p2a: MarcoFiaro\n|-sidestart|p2: GBVGC X76|move: Tailwind\n|move|p1b: Garchomp|Rock Slide|p2a: MarcoFiaro|[spread] p2a,p2b\n|-supereffective|p2a: MarcoFiaro\n|-resisted|p2b: Sniper\n|-damage|p2a: MarcoFiaro|0 fnt\n|-damage|p2b: Sniper|82\/100\n|faint|p2a: MarcoFiaro\n|cant|p2b: Sniper|flinch\n|\n|upkeep\n|\n|t:|1729710422\n|switch|p2a: Turning|Dragapult, L50, F|100\/100\n|turn|2\n|\n|t:|1729710442\n|switch|p1b: Tsareena|Tsareena, L50, F|100\/100\n|switch|p2b: Moonlight|Sylveon, L50, F|100\/100\n|-terastallize|p2a: Turning|Ghost\n|move|p1a: Talonflame|Will-O-Wisp|p2a: Turning\n|-status|p2a: Turning|brn\n|move|p2a: Turning|Tera Blast|p1a: Talonflame|[anim] Tera Blast Ghost\n|-damage|p1a: Talonflame|49\/100\n|\n|-damage|p2a: Turning|94\/100 brn|[from] brn\n|upkeep\n|turn|3\n|j| newkl\n|\n|t:|1729710461\n|move|p1a: Talonflame|Brave Bird|p2b: Moonlight\n|-damage|p2b: Moonlight|47\/100\n|-damage|p1a: Talonflame|32\/100|[from] Recoil\n|move|p2a: Turning|Tera Blast|p1b: Tsareena|[anim] Tera Blast Ghost\n|-damage|p1b: Tsareena|43\/100\n|move|p1b: Tsareena|Power Whip|p2b: Moonlight\n|-damage|p2b: Moonlight|0 fnt\n|faint|p2b: Moonlight\n|\n|-damage|p2a: Turning|88\/100 brn|[from] brn\n|upkeep\n|\n|t:|1729710471\n|switch|p2b: Sniper|Decidueye-Hisui, L50, F|82\/100\n|turn|4\n|\n|t:|1729710477\n|move|p2b: Sniper|Protect|p2b: Sniper\n|-singleturn|p2b: Sniper|Protect\n|move|p1a: Talonflame|Brave Bird|p2b: Sniper\n|-activate|p2b: Sniper|move: Protect\n|move|p2a: Turning|Tera Blast|p1a: Talonflame|[anim] Tera Blast Ghost\n|-damage|p1a: Talonflame|0 fnt\n|faint|p1a: Talonflame\n|move|p1b: Tsareena|Triple Axel|p2b: Sniper\n|-activate|p2b: Sniper|move: Protect\n|\n|-damage|p2a: Turning|82\/100 brn|[from] brn\n|-sideend|p1: Brave12223|move: Tailwind\n|-sideend|p2: GBVGC X76|move: Tailwind\n|upkeep\n|\n|t:|1729710482\n|switch|p1a: Garchomp|Garchomp, L50, F|100\/100\n|turn|5\n|\n|t:|1729710490\n|move|p2a: Turning|Tera Blast|p1b: Tsareena|[anim] Tera Blast Ghost\n|-damage|p1b: Tsareena|0 fnt\n|faint|p1b: Tsareena\n|move|p1a: Garchomp|Dragon Claw|p2b: Sniper\n|-damage|p2b: Sniper|0 fnt\n|faint|p2b: Sniper\n|\n|-damage|p2a: Turning|76\/100 brn|[from] brn\n|upkeep\n|\n|t:|1729710495\n|switch|p1b: Tyranitar|Tyranitar, L50, M|100\/100\n|-weather|Sandstorm|[from] ability: Sand Stream|[of] p1b: Tyranitar\n|turn|6\n|\n|t:|1729710498\n|move|p2a: Turning|Tera Blast|p1a: Garchomp|[anim] Tera Blast Ghost\n|-damage|p1a: Garchomp|56\/100\n|move|p1a: Garchomp|Dragon Claw|p2a: Turning\n|-damage|p2a: Turning|0 fnt\n|faint|p2a: Turning\n|\n|win|Brave12223\n|raw|Brave12223's rating: 1810 &rarr; <strong>1827<\/strong><br \/>(+17 for winning)\n|raw|GBVGC X76's rating: 1762 &rarr; <strong>1745<\/strong><br \/>(-17 for losing)\n|l|\u2606Brave12223\n|player|p1|\n","uploadtime":1729710680,"views":25,"formatid":"gen9vgc2024regh","rating":1745,"private":0,"password":null}