{"id":"gen9vgc2024regh-2229320829","format":"[Gen 9] VGC 2024 Reg H","players":["actuary97","spaccas"],"log":"|j|\u2606actuary97\n|j|\u2606spaccas\n|t:|1729704060\n|gametype|doubles\n|player|p1|actuary97|sabrina-frlg|1829\n|player|p2|spaccas|170|1796\n|teamsize|p1|6\n|teamsize|p2|6\n|gen|9\n|tier|[Gen 9] VGC 2024 Reg H\n|rated|\n|rule|Species Clause: Limit one of each Pok\u00e9mon\n|rule|Item Clause: Limit 1 of each item\n|clearpoke\n|poke|p1|Whimsicott, L50, F|\n|poke|p1|Gallade, L50, M|\n|poke|p1|Archaludon, L50, F|\n|poke|p1|Malamar, L50, F|\n|poke|p1|Indeedee, L50, M|\n|poke|p1|Drifblim, L50, M|\n|poke|p2|Grimmsnarl, L50, M|\n|poke|p2|Annihilape, L50, M|\n|poke|p2|Gholdengo, L50|\n|poke|p2|Dragonite, L50, M|\n|poke|p2|Ursaluna-Bloodmoon, L50, M|\n|poke|p2|Volcarona, L50, F|\n|teampreview|4\n|inactive|Battle timer is ON: inactive players will automatically lose when time's up. (requested by spaccas)\nactuary97 has agreed to open team sheets.\nspaccas rejected open team sheets.\n|\n|t:|1729704090\n|start\n|switch|p1a: Tapu Deedee|Indeedee, L50, M, shiny|100\/100\n|switch|p1b: \ud83c\udf88\ud83d\udc7b\ud83c\udf83\ud83d\udc7b\ud83c\udf83\ud83c\udf88|Drifblim, L50, M|100\/100\n|switch|p2a: Dragonite|Dragonite, L50, M|100\/100\n|switch|p2b: Grimmsnarl|Grimmsnarl, L50, M|100\/100\n|-fieldstart|move: Psychic Terrain|[from] ability: Psychic Surge|[of] p1a: Tapu Deedee\n|-enditem|p1b: \ud83c\udf88\ud83d\udc7b\ud83c\udf83\ud83d\udc7b\ud83c\udf83\ud83c\udf88|Psychic Seed\n|-boost|p1b: \ud83c\udf88\ud83d\udc7b\ud83c\udf83\ud83d\udc7b\ud83c\udf83\ud83c\udf88|spd|1|[from] item: Psychic Seed\n|turn|1\n|\n|t:|1729704115\n|move|p2b: Grimmsnarl|Light Screen|p2b: Grimmsnarl\n|-sidestart|p2: spaccas|move: Light Screen\n|move|p1b: \ud83c\udf88\ud83d\udc7b\ud83c\udf83\ud83d\udc7b\ud83c\udf83\ud83c\udf88|Icy Wind|p2b: Grimmsnarl|[spread] p2a,p2b\n|-supereffective|p2a: Dragonite\n|-damage|p2a: Dragonite|88\/100\n|-damage|p2b: Grimmsnarl|95\/100\n|-unboost|p2a: Dragonite|spe|1\n|-unboost|p2b: Grimmsnarl|spe|1\n|move|p1a: Tapu Deedee|Dazzling Gleam|p2b: Grimmsnarl|[spread] p2a,p2b\n|-supereffective|p2a: Dragonite\n|-supereffective|p2b: Grimmsnarl\n|-damage|p2a: Dragonite|47\/100\n|-damage|p2b: Grimmsnarl|54\/100\n|move|p2a: Dragonite|Scale Shot|p1a: Tapu Deedee\n|-damage|p1a: Tapu Deedee|70\/100\n|-damage|p1a: Tapu Deedee|38\/100\n|-damage|p1a: Tapu Deedee|9\/100\n|-damage|p1a: Tapu Deedee|0 fnt\n|faint|p1a: Tapu Deedee\n|-hitcount|p1: Tapu Deedee|4\n|-unboost|p2a: Dragonite|def|1\n|-boost|p2a: Dragonite|spe|1\n|\n|upkeep\n|\n|t:|1729704126\n|switch|p1a: Malamother|Malamar, L50, F|100\/100\n|turn|2\n|\n|t:|1729704135\n|move|p2b: Grimmsnarl|Thunder Wave|p1b: \ud83c\udf88\ud83d\udc7b\ud83c\udf83\ud83d\udc7b\ud83c\udf83\ud83c\udf88\n|-status|p1b: \ud83c\udf88\ud83d\udc7b\ud83c\udf83\ud83d\udc7b\ud83c\udf83\ud83c\udf88|par\n|move|p2a: Dragonite|Haze|p2a: Dragonite\n|-clearallboost\n|move|p1b: \ud83c\udf88\ud83d\udc7b\ud83c\udf83\ud83d\udc7b\ud83c\udf83\ud83c\udf88|Icy Wind|p2a: Dragonite|[spread] p2a,p2b\n|-supereffective|p2a: Dragonite\n|-crit|p2a: Dragonite\n|-damage|p2a: Dragonite|0 fnt\n|-damage|p2b: Grimmsnarl|48\/100\n|-unboost|p2b: Grimmsnarl|spe|1\n|faint|p2a: Dragonite\n|move|p1a: Malamother|Superpower|p2b: Grimmsnarl\n|-damage|p2b: Grimmsnarl|24\/100\n|-boost|p1a: Malamother|atk|1\n|-boost|p1a: Malamother|def|1\n|\n|upkeep\n|\n|t:|1729704147\n|switch|p2a: Volcarona|Volcarona, L50, F|100\/100\n|turn|3\n|\n|t:|1729704156\n|-terastallize|p1a: Malamother|Fire\n|move|p2b: Grimmsnarl|Reflect|p2b: Grimmsnarl\n|-sidestart|p2: spaccas|Reflect\n|move|p2a: Volcarona|Quiver Dance|p2a: Volcarona\n|-boost|p2a: Volcarona|spa|1\n|-boost|p2a: Volcarona|spd|1\n|-boost|p2a: Volcarona|spe|1\n|move|p1b: \ud83c\udf88\ud83d\udc7b\ud83c\udf83\ud83d\udc7b\ud83c\udf83\ud83c\udf88|Air Slash|p2a: Volcarona\n|-supereffective|p2a: Volcarona\n|-damage|p2a: Volcarona|82\/100\n|move|p1a: Malamother|Superpower|p2b: Grimmsnarl\n|-damage|p2b: Grimmsnarl|0 fnt\n|-boost|p1a: Malamother|atk|1\n|-boost|p1a: Malamother|def|1\n|faint|p2b: Grimmsnarl\n|\n|upkeep\n|\n|t:|1729704164\n|switch|p2b: Ursaluna|Ursaluna-Bloodmoon, L50, M|100\/100\n|turn|4\n|\n|t:|1729704183\n|-terastallize|p2b: Ursaluna|Water\n|move|p2a: Volcarona|Heat Wave|p1b: \ud83c\udf88\ud83d\udc7b\ud83c\udf83\ud83d\udc7b\ud83c\udf83\ud83c\udf88|[spread] p1a,p1b\n|-resisted|p1a: Malamother\n|-damage|p1a: Malamother|71\/100\n|-damage|p1b: \ud83c\udf88\ud83d\udc7b\ud83c\udf83\ud83d\udc7b\ud83c\udf83\ud83c\udf88|42\/100 par\n|cant|p1b: \ud83c\udf88\ud83d\udc7b\ud83c\udf83\ud83d\udc7b\ud83c\udf83\ud83c\udf88|par\n|move|p1a: Malamother|Superpower|p2b: Ursaluna\n|-damage|p2b: Ursaluna|70\/100\n|-boost|p1a: Malamother|atk|1\n|-boost|p1a: Malamother|def|1\n|move|p2b: Ursaluna|Earth Power|p1a: Malamother\n|-supereffective|p1a: Malamother\n|-damage|p1a: Malamother|0 fnt\n|faint|p1a: Malamother\n|\n|upkeep\n|\n|t:|1729704185\n|switch|p1a: \u2694\ufe0fKing\u2694\ufe0f|Gallade, L50, M, shiny|100\/100\n|turn|5\n|inactive|actuary97 has 30 seconds left.\n|\n|t:|1729704212\n|move|p2a: Volcarona|Heat Wave|p1b: \ud83c\udf88\ud83d\udc7b\ud83c\udf83\ud83d\udc7b\ud83c\udf83\ud83c\udf88|[spread] p1a,p1b\n|-damage|p1a: \u2694\ufe0fKing\u2694\ufe0f|40\/100\n|-damage|p1b: \ud83c\udf88\ud83d\udc7b\ud83c\udf83\ud83d\udc7b\ud83c\udf83\ud83c\udf88|0 fnt\n|faint|p1b: \ud83c\udf88\ud83d\udc7b\ud83c\udf83\ud83d\udc7b\ud83c\udf83\ud83c\udf88\n|move|p1a: \u2694\ufe0fKing\u2694\ufe0f|Leaf Blade|p2b: Ursaluna\n|-supereffective|p2b: Ursaluna\n|-damage|p2b: Ursaluna|20\/100\n|move|p2b: Ursaluna|Blood Moon|p1a: \u2694\ufe0fKing\u2694\ufe0f\n|-damage|p1a: \u2694\ufe0fKing\u2694\ufe0f|0 fnt\n|faint|p1a: \u2694\ufe0fKing\u2694\ufe0f\n|\n|win|spaccas\n|raw|actuary97's rating: 1829 &rarr; <strong>1807<\/strong><br \/>(-22 for losing)\n|raw|spaccas's rating: 1796 &rarr; <strong>1818<\/strong><br \/>(+22 for winning)\n|l|\u2606actuary97\n|player|p1|\n|l|\u2606spaccas\n|player|p2|\n|j| mr pogostick\n|l| mr pogostick\n","uploadtime":1729704458,"views":70,"formatid":"gen9vgc2024regh","rating":1807,"private":0,"password":null}