{"id":"gen9vgc2024regh-2229576375","format":"[Gen 9] VGC 2024 Reg H","players":["SupernovaSZ8","tubnationtv"],"log":"|j|\u2606SupernovaSZ8\n|j|\u2606tubnationtv\n|t:|1729729190\n|gametype|doubles\n|player|p1|SupernovaSZ8|skyla|1649\n|player|p2|tubnationtv|cameraman|1824\n|teamsize|p1|6\n|teamsize|p2|6\n|gen|9\n|tier|[Gen 9] VGC 2024 Reg H\n|rated|\n|rule|Species Clause: Limit one of each Pok\u00e9mon\n|rule|Item Clause: Limit 1 of each item\n|clearpoke\n|poke|p1|Pelipper, L50, M|\n|poke|p1|Basculegion, L50, M|\n|poke|p1|Whimsicott, L50, F|\n|poke|p1|Farigiraf, L50, F|\n|poke|p1|Gholdengo, L50|\n|poke|p1|Sneasler, L50, F|\n|poke|p2|Grimmsnarl, L50, M|\n|poke|p2|Dragonite, L50, M|\n|poke|p2|Annihilape, L50, F|\n|poke|p2|Ursaluna-Bloodmoon, L50, M|\n|poke|p2|Volcarona, L50, M|\n|poke|p2|Gholdengo, L50|\n|teampreview|4\n|\n|t:|1729729306\n|start\n|switch|p1a: Whimsicott|Whimsicott, L50, F, shiny|100\/100\n|switch|p1b: Gholdengo|Gholdengo, L50|100\/100\n|switch|p2a: Grimmsnarl|Grimmsnarl, L50, M|100\/100\n|switch|p2b: Volcarona|Volcarona, L50, M|100\/100\n|turn|1\n|inactive|Battle timer is ON: inactive players will automatically lose when time's up. (requested by SupernovaSZ8)\n|\n|t:|1729729329\n|move|p1a: Whimsicott|Tailwind|p1a: Whimsicott\n|-sidestart|p1: SupernovaSZ8|move: Tailwind\n|move|p2a: Grimmsnarl|Light Screen|p2a: Grimmsnarl\n|-sidestart|p2: tubnationtv|move: Light Screen\n|move|p1b: Gholdengo|Make It Rain|p2a: Grimmsnarl|[spread] p2a,p2b\n|-supereffective|p2a: Grimmsnarl\n|-resisted|p2b: Volcarona\n|-damage|p2a: Grimmsnarl|0 fnt\n|-damage|p2b: Volcarona|75\/100\n|-unboost|p1b: Gholdengo|spa|1\n|faint|p2a: Grimmsnarl\n|move|p2b: Volcarona|Heat Wave|p1b: Gholdengo|[spread] p1a\n|-miss|p2b: Volcarona|p1b: Gholdengo\n|-supereffective|p1a: Whimsicott\n|-damage|p1a: Whimsicott|0 fnt\n|faint|p1a: Whimsicott\n|\n|upkeep\n|inactive|tubnationtv has 30 seconds left.\n|inactive|tubnationtv has 20 seconds left.\n|inactive|tubnationtv has 15 seconds left.\n|inactive|tubnationtv has 10 seconds left.\n|\n|t:|1729729377\n|switch|p1a: Basculegion|Basculegion, L50, M, shiny|100\/100\n|switch|p2a: Dragonite|Dragonite, L50, M|100\/100\n|turn|2\n|\n|t:|1729729396\n|switch|p1b: Pelipper|Pelipper, L50, M|100\/100\n|-weather|RainDance|[from] ability: Drizzle|[of] p1b: Pelipper\n|-terastallize|p1a: Basculegion|Water\n|move|p2a: Dragonite|Protect|p2a: Dragonite\n|-singleturn|p2a: Dragonite|Protect\n|move|p1a: Basculegion|Wave Crash|p2b: Volcarona\n|-supereffective|p2b: Volcarona\n|-damage|p2b: Volcarona|0 fnt\n|faint|p2b: Volcarona\n|-damage|p1a: Basculegion|77\/100|[from] Recoil\n|\n|-weather|RainDance|[upkeep]\n|upkeep\n|\n|t:|1729729406\n|switch|p2b: Gholdengo|Gholdengo, L50|100\/100\n|turn|3\n|inactive|tubnationtv has 30 seconds left.\n|inactive|tubnationtv has 20 seconds left.\n|\n|t:|1729729443\n|-terastallize|p2b: Gholdengo|Dragon\n|move|p1a: Basculegion|Wave Crash|p2b: Gholdengo\n|-resisted|p2b: Gholdengo\n|-damage|p2b: Gholdengo|32\/100\n|-damage|p1a: Basculegion|54\/100|[from] Recoil\n|move|p1b: Pelipper|Hurricane|p2a: Dragonite\n|-damage|p2a: Dragonite|82\/100\n|-start|p2a: Dragonite|confusion\n|-activate|p2a: Dragonite|confusion\n|move|p2a: Dragonite|Scale Shot|p1a: Basculegion\n|-damage|p1a: Basculegion|33\/100\n|-damage|p1a: Basculegion|13\/100\n|-damage|p1a: Basculegion|0 fnt\n|faint|p1a: Basculegion\n|-hitcount|p1: Basculegion|3\n|-unboost|p2a: Dragonite|def|1\n|-boost|p2a: Dragonite|spe|1\n|move|p2b: Gholdengo|Shadow Ball|p1b: Pelipper\n|-damage|p1b: Pelipper|34\/100\n|\n|-weather|RainDance|[upkeep]\n|upkeep\n|\n|t:|1729729461\n|switch|p1a: Gholdengo|Gholdengo, L50|100\/100\n|turn|4\n|\n|t:|1729729474\n|move|p2b: Gholdengo|Protect|p2b: Gholdengo\n|-singleturn|p2b: Gholdengo|Protect\n|-activate|p2a: Dragonite|confusion\n|move|p2a: Dragonite|Extreme Speed|p1b: Pelipper\n|-crit|p1b: Pelipper\n|-damage|p1b: Pelipper|0 fnt\n|faint|p1b: Pelipper\n|move|p1a: Gholdengo|Make It Rain|p2a: Dragonite|[spread] p2a\n|-activate|p2b: Gholdengo|move: Protect\n|-damage|p2a: Dragonite|29\/100\n|-unboost|p1a: Gholdengo|spa|1\n|\n|-weather|RainDance|[upkeep]\n|-sideend|p1: SupernovaSZ8|move: Tailwind\n|upkeep\n|turn|5\n|\n|t:|1729729495\n|-activate|p2a: Dragonite|confusion\n|-damage|p2a: Dragonite|2\/100|[from] confusion\n|move|p1a: Gholdengo|Make It Rain|p2b: Gholdengo|[spread] p2a,p2b\n|-crit|p2b: Gholdengo\n|-damage|p2a: Dragonite|0 fnt\n|-damage|p2b: Gholdengo|0 fnt\n|-unboost|p1a: Gholdengo|spa|1\n|faint|p2a: Dragonite\n|faint|p2b: Gholdengo\n|\n|win|SupernovaSZ8\n|raw|SupernovaSZ8's rating: 1649 &rarr; <strong>1678<\/strong><br \/>(+29 for winning)\n|raw|tubnationtv's rating: 1824 &rarr; <strong>1795<\/strong><br \/>(-29 for losing)\n","uploadtime":1729729507,"views":39,"formatid":"gen9vgc2024regh","rating":1678,"private":0,"password":null}