{"id":"gen9vgc2024regh-2229721911","format":"[Gen 9] VGC 2024 Reg H","players":["fangame10","woochivgc"],"log":"|j|\u2606fangame10\n|j|\u2606woochivgc\n|t:|1729749300\n|gametype|doubles\n|player|p1|fangame10|red|1693\n|player|p2|woochivgc|skierf-gen4dp|1713\n|teamsize|p1|6\n|teamsize|p2|6\n|gen|9\n|tier|[Gen 9] VGC 2024 Reg H\n|rated|\n|rule|Species Clause: Limit one of each Pok\u00e9mon\n|rule|Item Clause: Limit 1 of each item\n|clearpoke\n|poke|p1|Glaceon, L50, F|\n|poke|p1|Ninetales-Alola, L50, F|\n|poke|p1|Milotic, L50, M|\n|poke|p1|Skeledirge, L50, M|\n|poke|p1|Rillaboom, L50, M|\n|poke|p1|Garchomp, L50, F|\n|poke|p2|Dragapult, L50, F|\n|poke|p2|Farigiraf, L50, M|\n|poke|p2|Clefairy, L50, F|\n|poke|p2|Sneasler, L50, F|\n|poke|p2|Typhlosion-Hisui, L50, F|\n|poke|p2|Dondozo, L50, F|\n|teampreview|4\n|inactive|Battle timer is ON: inactive players will automatically lose when time's up. (requested by fangame10)\n|inactive|fangame10 has 60 seconds left.\n|j| jeskyv2\n|\n|t:|1729749340\n|start\n|switch|p1a: Garchomp|Garchomp, L50, F, shiny|100\/100\n|switch|p1b: Ninetales|Ninetales-Alola, L50, F, shiny|100\/100\n|switch|p2a: \ub4f1\uc0b0\ud544\uc218\ud15c|Sneasler, L50, F|100\/100\n|switch|p2b: \uac9c\ud504\ub9ad \ud610\uc624\uc790|Typhlosion-Hisui, L50, F|100\/100\n|-item|p1a: Garchomp|Life Orb|[from] ability: Frisk|[of] p2b: \uac9c\ud504\ub9ad \ud610\uc624\uc790\n|-item|p1b: Ninetales|Light Clay|[from] ability: Frisk|[of] p2b: \uac9c\ud504\ub9ad \ud610\uc624\uc790\n|-weather|Snow|[from] ability: Snow Warning|[of] p1b: Ninetales\n|turn|1\n|\n|t:|1729749364\n|move|p1b: Ninetales|Protect|p1b: Ninetales\n|-singleturn|p1b: Ninetales|Protect\n|move|p1a: Garchomp|Protect|p1a: Garchomp\n|-singleturn|p1a: Garchomp|Protect\n|move|p2a: \ub4f1\uc0b0\ud544\uc218\ud15c|Fake Out|p1b: Ninetales\n|-activate|p1b: Ninetales|move: Protect\n|move|p2b: \uac9c\ud504\ub9ad \ud610\uc624\uc790|Eruption|p1b: Ninetales|[spread] \n|-activate|p1a: Garchomp|move: Protect\n|-activate|p1b: Ninetales|move: Protect\n|\n|-weather|Snow|[upkeep]\n|upkeep\n|turn|2\n|j| newkl\n|\n|t:|1729749381\n|-terastallize|p1b: Ninetales|Fire\n|move|p2b: \uac9c\ud504\ub9ad \ud610\uc624\uc790|Eruption|p1a: Garchomp|[spread] p1a,p1b\n|-resisted|p1a: Garchomp\n|-resisted|p1b: Ninetales\n|-damage|p1a: Garchomp|69\/100\n|-damage|p1b: Ninetales|68\/100\n|move|p1b: Ninetales|Aurora Veil|p1b: Ninetales\n|-sidestart|p1: fangame10|move: Aurora Veil\n|move|p2a: \ub4f1\uc0b0\ud544\uc218\ud15c|Close Combat|p1a: Garchomp\n|-damage|p1a: Garchomp|19\/100\n|-unboost|p2a: \ub4f1\uc0b0\ud544\uc218\ud15c|def|1\n|-unboost|p2a: \ub4f1\uc0b0\ud544\uc218\ud15c|spd|1\n|-damage|p2a: \ub4f1\uc0b0\ud544\uc218\ud15c|88\/100|[from] ability: Rough Skin|[of] p1a: Garchomp\n|-status|p1a: Garchomp|psn|[from] ability: Poison Touch|[of] p2a: \ub4f1\uc0b0\ud544\uc218\ud15c\n|move|p1a: Garchomp|Earthquake|p2b: \uac9c\ud504\ub9ad \ud610\uc624\uc790|[spread] p1b,p2a,p2b\n|-supereffective|p1b: Ninetales\n|-supereffective|p2a: \ub4f1\uc0b0\ud544\uc218\ud15c\n|-supereffective|p2b: \uac9c\ud504\ub9ad \ud610\uc624\uc790\n|-damage|p1b: Ninetales|0 fnt\n|-damage|p2a: \ub4f1\uc0b0\ud544\uc218\ud15c|0 fnt\n|-damage|p2b: \uac9c\ud504\ub9ad \ud610\uc624\uc790|0 fnt\n|faint|p1b: Ninetales\n|faint|p2a: \ub4f1\uc0b0\ud544\uc218\ud15c\n|faint|p2b: \uac9c\ud504\ub9ad \ud610\uc624\uc790\n|-damage|p1a: Garchomp|9\/100 psn|[from] item: Life Orb\n|\n|-weather|Snow|[upkeep]\n|-damage|p1a: Garchomp|0 fnt|[from] psn\n|faint|p1a: Garchomp\n|upkeep\n|\n|t:|1729749397\n|switch|p1b: Milotic|Milotic, L50, M, shiny|100\/100\n|switch|p2a: \uc090\uc090\uc090\uc090|Clefairy, L50, F|100\/100\n|switch|p1a: Glaceon|Glaceon, L50, F, shiny|100\/100\n|switch|p2b: \ub3c8 \ub354\uc918|Dondozo, L50, F|100\/100\n|turn|3\n|\n|t:|1729749414\n|move|p2a: \uc090\uc090\uc090\uc090|Protect|p2a: \uc090\uc090\uc090\uc090\n|-singleturn|p2a: \uc090\uc090\uc090\uc090|Protect\n|move|p1b: Milotic|Coil|p1b: Milotic\n|-boost|p1b: Milotic|atk|1\n|-boost|p1b: Milotic|def|1\n|-boost|p1b: Milotic|accuracy|1\n|move|p1a: Glaceon|Blizzard|p2a: \uc090\uc090\uc090\uc090|[spread] p2b\n|-activate|p2a: \uc090\uc090\uc090\uc090|move: Protect\n|-resisted|p2b: \ub3c8 \ub354\uc918\n|-damage|p2b: \ub3c8 \ub354\uc918|85\/100\n|move|p2b: \ub3c8 \ub354\uc918|Yawn|p1a: Glaceon\n|-start|p1a: Glaceon|move: Yawn|[of] p2b: \ub3c8 \ub354\uc918\n|\n|-weather|Snow|[upkeep]\n|-heal|p2b: \ub3c8 \ub354\uc918|91\/100|[from] item: Leftovers\n|upkeep\n|turn|4\n|\n|t:|1729749436\n|move|p2a: \uc090\uc090\uc090\uc090|Follow Me|p2a: \uc090\uc090\uc090\uc090\n|-singleturn|p2a: \uc090\uc090\uc090\uc090|move: Follow Me\n|move|p1b: Milotic|Hypnosis|p2a: \uc090\uc090\uc090\uc090\n|-status|p2a: \uc090\uc090\uc090\uc090|slp|[from] move: Hypnosis\n|move|p1a: Glaceon|Freeze-Dry|p2a: \uc090\uc090\uc090\uc090\n|-damage|p2a: \uc090\uc090\uc090\uc090|69\/100 slp\n|move|p2b: \ub3c8 \ub354\uc918|Yawn|p1b: Milotic\n|-start|p1b: Milotic|move: Yawn|[of] p2b: \ub3c8 \ub354\uc918\n|\n|-weather|Snow|[upkeep]\n|-heal|p2b: \ub3c8 \ub354\uc918|97\/100|[from] item: Leftovers\n|-end|p1a: Glaceon|move: Yawn|[silent]\n|-status|p1a: Glaceon|slp\n|upkeep\n|turn|5\n|j| mr pogostick\n|l| mr pogostick\n|inactive|fangame10 has 30 seconds left.\n|\n|t:|1729749463\n|move|p2b: \ub3c8 \ub354\uc918|Protect|p2b: \ub3c8 \ub354\uc918\n|-singleturn|p2b: \ub3c8 \ub354\uc918|Protect\n|cant|p2a: \uc090\uc090\uc090\uc090|slp\n|move|p1b: Milotic|Coil|p1b: Milotic\n|-boost|p1b: Milotic|atk|1\n|-boost|p1b: Milotic|def|1\n|-boost|p1b: Milotic|accuracy|1\n|cant|p1a: Glaceon|slp\n|\n|-weather|none\n|-heal|p2b: \ub3c8 \ub354\uc918|100\/100|[from] item: Leftovers\n|-end|p1b: Milotic|move: Yawn|[silent]\n|-status|p1b: Milotic|slp\n|upkeep\n|turn|6\n|\n|t:|1729749472\n|cant|p2a: \uc090\uc090\uc090\uc090|slp\n|cant|p1b: Milotic|slp\n|cant|p1a: Glaceon|slp\n|move|p2b: \ub3c8 \ub354\uc918|Wave Crash|p1a: Glaceon\n|-damage|p1a: Glaceon|67\/100 slp\n|-damage|p2b: \ub3c8 \ub354\uc918|93\/100|[from] Recoil\n|\n|-heal|p2b: \ub3c8 \ub354\uc918|99\/100|[from] item: Leftovers\n|upkeep\n|turn|7\n|\n|t:|1729749483\n|cant|p2a: \uc090\uc090\uc090\uc090|slp\n|-curestatus|p1b: Milotic|slp|[msg]\n|move|p1b: Milotic|Hypnosis|p2b: \ub3c8 \ub354\uc918\n|-status|p2b: \ub3c8 \ub354\uc918|slp|[from] move: Hypnosis\n|cant|p1a: Glaceon|slp\n|cant|p2b: \ub3c8 \ub354\uc918|slp\n|\n|-heal|p2b: \ub3c8 \ub354\uc918|100\/100 slp|[from] item: Leftovers\n|upkeep\n|turn|8\n|j| CRJ23\n|inactive|fangame10 has 30 seconds left.\n|inactive|fangame10 has 20 seconds left.\n|inactive|fangame10 has 15 seconds left.\n|inactive|fangame10 has 10 seconds left.\n|inactive|fangame10 has 5 seconds left.\n|\n|t:|1729749539\n|-curestatus|p2a: \uc090\uc090\uc090\uc090|slp|[msg]\n|move|p2a: \uc090\uc090\uc090\uc090|Follow Me|p2a: \uc090\uc090\uc090\uc090\n|-singleturn|p2a: \uc090\uc090\uc090\uc090|move: Follow Me\n|move|p1b: Milotic|Hypnosis|p2a: \uc090\uc090\uc090\uc090\n|-status|p2a: \uc090\uc090\uc090\uc090|slp|[from] move: Hypnosis\n|-curestatus|p1a: Glaceon|slp|[msg]\n|move|p1a: Glaceon|Blizzard|p2a: \uc090\uc090\uc090\uc090|[spread] p2a\n|-miss|p1a: Glaceon|p2b: \ub3c8 \ub354\uc918\n|-damage|p2a: \uc090\uc090\uc090\uc090|37\/100 slp\n|cant|p2b: \ub3c8 \ub354\uc918|slp\n|\n|upkeep\n|turn|9\n|\n|t:|1729749558\n|cant|p2a: \uc090\uc090\uc090\uc090|slp\n|move|p1b: Milotic|Muddy Water|p2a: \uc090\uc090\uc090\uc090|[spread] p2a,p2b\n|-resisted|p2b: \ub3c8 \ub354\uc918\n|-damage|p2a: \uc090\uc090\uc090\uc090|20\/100 slp\n|-damage|p2b: \ub3c8 \ub354\uc918|92\/100 slp\n|move|p1a: Glaceon|Freeze-Dry|p2a: \uc090\uc090\uc090\uc090\n|-damage|p2a: \uc090\uc090\uc090\uc090|0 fnt\n|faint|p2a: \uc090\uc090\uc090\uc090\n|cant|p2b: \ub3c8 \ub354\uc918|slp\n|\n|-heal|p2b: \ub3c8 \ub354\uc918|99\/100 slp|[from] item: Leftovers\n|-sideend|p1: fangame10|move: Aurora Veil\n|upkeep\n|turn|10\n|inactive|fangame10 has 30 seconds left.\n|inactive|fangame10 has 20 seconds left.\n|inactive|fangame10 has 15 seconds left.\n|l| newkl\n|inactive|fangame10 has 10 seconds left.\n|\n|t:|1729749604\n|move|p1b: Milotic|Life Dew||[still]|[spread] p1a,p1b\n|-heal|p1a: Glaceon|92\/100\n|-fail|p1b: Milotic|heal\n|move|p1a: Glaceon|Freeze-Dry|p2b: \ub3c8 \ub354\uc918\n|-supereffective|p2b: \ub3c8 \ub354\uc918\n|-damage|p2b: \ub3c8 \ub354\uc918|26\/100 slp\n|-curestatus|p2b: \ub3c8 \ub354\uc918|slp|[msg]\n|move|p2b: \ub3c8 \ub354\uc918|Wave Crash|p1a: Glaceon\n|-damage|p1a: Glaceon|36\/100\n|-damage|p2b: \ub3c8 \ub354\uc918|14\/100|[from] Recoil\n|\n|-heal|p2b: \ub3c8 \ub354\uc918|20\/100|[from] item: Leftovers\n|upkeep\n|turn|11\n|-message|woochivgc forfeited.\n|\n|win|fangame10\n|raw|fangame10's rating: 1712 &rarr; <strong>1732<\/strong><br \/>(+20 for winning)\n|raw|woochivgc's rating: 1713 &rarr; <strong>1693<\/strong><br \/>(-20 for losing)\n|l|\u2606woochivgc\n|player|p2|\n|j|\u2606woochivgc\n|player|p2|woochivgc|skierf-gen4dp|\n|l|\u2606fangame10\n|player|p1|\n|l| CRJ23\n|l|\u2606woochivgc\n|player|p2|\n","uploadtime":1729749840,"views":21,"formatid":"gen9vgc2024regh","rating":1693,"private":0,"password":null}