{"id":"gen9vgc2024regh-2229774493","format":"[Gen 9] VGC 2024 Reg H","players":["nwjns999","bluestraggler01"],"log":"|j|\u2606nwjns999\n|j|\u2606bluestraggler01\n|t:|1729758474\n|gametype|doubles\n|player|p1|nwjns999|backpackerf|1770\n|player|p2|bluestraggler01|169|1761\n|teamsize|p1|6\n|teamsize|p2|6\n|gen|9\n|tier|[Gen 9] VGC 2024 Reg H\n|rated|\n|rule|Species Clause: Limit one of each Pok\u00e9mon\n|rule|Item Clause: Limit 1 of each item\n|clearpoke\n|poke|p1|Dragonite, L50, M|\n|poke|p1|Ursaluna-Bloodmoon, L50, M|\n|poke|p1|Ninetales-Alola, L50, M|\n|poke|p1|Gholdengo, L50|\n|poke|p1|Magmar, L50, F|\n|poke|p1|Samurott-Hisui, L50, F|\n|poke|p2|Talonflame, L50, F|\n|poke|p2|Krookodile, L50, F|\n|poke|p2|Archaludon, L50, F|\n|poke|p2|Pelipper, L50, M|\n|poke|p2|Annihilape, L50, M|\n|poke|p2|Hydreigon, L50, F|\n|teampreview|4\n|j| Mascot4646\n|\n|t:|1729758510\n|start\n|switch|p1a: Magmar|Magmar, L50, F|100\/100\n|switch|p1b: Dragonite|Dragonite, L50, M|100\/100\n|switch|p2a: \u773c\u5f71\u4e01\u771f|Krookodile, L50, F|100\/100\n|switch|p2b: \u7ffc\u9e70\u4e01\u771f|Talonflame, L50, F|100\/100\n|-ability|p2a: \u773c\u5f71\u4e01\u771f|Intimidate|boost\n|-unboost|p1a: Magmar|atk|1\n|-unboost|p1b: Dragonite|atk|1\n|turn|1\n|\n|t:|1729758519\n|switch|p2b: \u786c\u6cbf\u4e01\u771f|Archaludon, L50, F|100\/100\n|move|p1a: Magmar|Follow Me|p1a: Magmar\n|-singleturn|p1a: Magmar|move: Follow Me\n|move|p2a: \u773c\u5f71\u4e01\u771f|Knock Off|p1a: Magmar\n|-damage|p1a: Magmar|33\/100\n|-enditem|p1a: Magmar|Eviolite|[from] move: Knock Off|[of] p2a: \u773c\u5f71\u4e01\u771f\n|move|p1b: Dragonite|Scale Shot|p2b: \u786c\u6cbf\u4e01\u771f\n|-damage|p2b: \u786c\u6cbf\u4e01\u771f|93\/100\n|-ability|p2b: \u786c\u6cbf\u4e01\u771f|Stamina|boost\n|-boost|p2b: \u786c\u6cbf\u4e01\u771f|def|1\n|-damage|p2b: \u786c\u6cbf\u4e01\u771f|88\/100\n|-ability|p2b: \u786c\u6cbf\u4e01\u771f|Stamina|boost\n|-boost|p2b: \u786c\u6cbf\u4e01\u771f|def|1\n|-crit|p2b: \u786c\u6cbf\u4e01\u771f\n|-damage|p2b: \u786c\u6cbf\u4e01\u771f|73\/100\n|-ability|p2b: \u786c\u6cbf\u4e01\u771f|Stamina|boost\n|-boost|p2b: \u786c\u6cbf\u4e01\u771f|def|1\n|-damage|p2b: \u786c\u6cbf\u4e01\u771f|70\/100\n|-ability|p2b: \u786c\u6cbf\u4e01\u771f|Stamina|boost\n|-boost|p2b: \u786c\u6cbf\u4e01\u771f|def|1\n|-damage|p2b: \u786c\u6cbf\u4e01\u771f|66\/100\n|-ability|p2b: \u786c\u6cbf\u4e01\u771f|Stamina|boost\n|-boost|p2b: \u786c\u6cbf\u4e01\u771f|def|1\n|-hitcount|p2b: \u786c\u6cbf\u4e01\u771f|5\n|-unboost|p1b: Dragonite|def|1\n|-boost|p1b: Dragonite|spe|1\n|\n|upkeep\n|turn|2\n|\n|t:|1729758534\n|move|p1a: Magmar|Follow Me|p1a: Magmar\n|-singleturn|p1a: Magmar|move: Follow Me\n|move|p1b: Dragonite|Haze|p1b: Dragonite\n|-clearallboost\n|move|p2a: \u773c\u5f71\u4e01\u771f|Knock Off|p1a: Magmar\n|-crit|p1a: Magmar\n|-damage|p1a: Magmar|0 fnt\n|faint|p1a: Magmar\n|move|p2b: \u786c\u6cbf\u4e01\u771f|Body Press|p1b: Dragonite\n|-resisted|p1b: Dragonite\n|-damage|p1b: Dragonite|94\/100\n|\n|upkeep\n|\n|t:|1729758543\n|switch|p1a: Samurott|Samurott-Hisui, L50, F, shiny|100\/100\n|turn|3\n|\n|t:|1729758555\n|switch|p2b: \u7ffc\u9e70\u4e01\u771f|Talonflame, L50, F|100\/100\n|-terastallize|p1b: Dragonite|Fairy\n|move|p2a: \u773c\u5f71\u4e01\u771f|Knock Off|p1b: Dragonite\n|-resisted|p1b: Dragonite\n|-damage|p1b: Dragonite|53\/100\n|-enditem|p1b: Dragonite|Loaded Dice|[from] move: Knock Off|[of] p2a: \u773c\u5f71\u4e01\u771f\n|move|p1b: Dragonite|Scale Shot|p2a: \u773c\u5f71\u4e01\u771f\n|-damage|p2a: \u773c\u5f71\u4e01\u771f|81\/100\n|-damage|p2a: \u773c\u5f71\u4e01\u771f|62\/100\n|-damage|p2a: \u773c\u5f71\u4e01\u771f|44\/100\n|-damage|p2a: \u773c\u5f71\u4e01\u771f|25\/100\n|-hitcount|p2a: \u773c\u5f71\u4e01\u771f|4\n|-unboost|p1b: Dragonite|def|1\n|-boost|p1b: Dragonite|spe|1\n|move|p1a: Samurott|Sacred Sword|p2b: \u7ffc\u9e70\u4e01\u771f\n|-resisted|p2b: \u7ffc\u9e70\u4e01\u771f\n|-damage|p2b: \u7ffc\u9e70\u4e01\u771f|65\/100\n|\n|upkeep\n|turn|4\n|j| Mangan25\n|j| ChickenZX\n|\n|t:|1729758591\n|switch|p2b: \u786c\u6cbf\u4e01\u771f|Archaludon, L50, F|66\/100\n|move|p1b: Dragonite|Scale Shot|p2b: \u786c\u6cbf\u4e01\u771f\n|-damage|p2b: \u786c\u6cbf\u4e01\u771f|55\/100\n|-ability|p2b: \u786c\u6cbf\u4e01\u771f|Stamina|boost\n|-boost|p2b: \u786c\u6cbf\u4e01\u771f|def|1\n|-damage|p2b: \u786c\u6cbf\u4e01\u771f|49\/100\n|-ability|p2b: \u786c\u6cbf\u4e01\u771f|Stamina|boost\n|-boost|p2b: \u786c\u6cbf\u4e01\u771f|def|1\n|-crit|p2b: \u786c\u6cbf\u4e01\u771f\n|-damage|p2b: \u786c\u6cbf\u4e01\u771f|31\/100\n|-ability|p2b: \u786c\u6cbf\u4e01\u771f|Stamina|boost\n|-boost|p2b: \u786c\u6cbf\u4e01\u771f|def|1\n|-hitcount|p2b: \u786c\u6cbf\u4e01\u771f|3\n|-unboost|p1b: Dragonite|def|1\n|-boost|p1b: Dragonite|spe|1\n|move|p2a: \u773c\u5f71\u4e01\u771f|Knock Off|p1a: Samurott\n|-resisted|p1a: Samurott\n|-damage|p1a: Samurott|59\/100\n|-enditem|p1a: Samurott|Assault Vest|[from] move: Knock Off|[of] p2a: \u773c\u5f71\u4e01\u771f\n|move|p1a: Samurott|Sacred Sword|p2a: \u773c\u5f71\u4e01\u771f\n|-supereffective|p2a: \u773c\u5f71\u4e01\u771f\n|-damage|p2a: \u773c\u5f71\u4e01\u771f|0 fnt\n|faint|p2a: \u773c\u5f71\u4e01\u771f\n|\n|upkeep\n|\n|t:|1729758599\n|switch|p2a: \u7ffc\u9e70\u4e01\u771f|Talonflame, L50, F|65\/100\n|turn|5\n|\n|t:|1729758608\n|move|p1b: Dragonite|Scale Shot|p2a: \u7ffc\u9e70\u4e01\u771f\n|-damage|p2a: \u7ffc\u9e70\u4e01\u771f|43\/100\n|-damage|p2a: \u7ffc\u9e70\u4e01\u771f|20\/100\n|-hitcount|p2a: \u7ffc\u9e70\u4e01\u771f|2\n|-unboost|p1b: Dragonite|def|1\n|-boost|p1b: Dragonite|spe|1\n|move|p2a: \u7ffc\u9e70\u4e01\u771f|Tailwind|p2a: \u7ffc\u9e70\u4e01\u771f\n|-sidestart|p2: bluestraggler01|move: Tailwind\n|move|p2b: \u786c\u6cbf\u4e01\u771f|Flash Cannon|p1b: Dragonite\n|-supereffective|p1b: Dragonite\n|-damage|p1b: Dragonite|0 fnt\n|faint|p1b: Dragonite\n|move|p1a: Samurott|Sacred Sword|p2b: \u786c\u6cbf\u4e01\u771f\n|-supereffective|p2b: \u786c\u6cbf\u4e01\u771f\n|-damage|p2b: \u786c\u6cbf\u4e01\u771f|0 fnt\n|faint|p2b: \u786c\u6cbf\u4e01\u771f\n|\n|upkeep\n|\n|t:|1729758614\n|switch|p1b: Ninetales|Ninetales-Alola, L50, M, shiny|100\/100\n|switch|p2b: \u96e8\u4e91\u4e01\u771f|Pelipper, L50, M|100\/100\n|-weather|RainDance|[from] ability: Drizzle|[of] p2b: \u96e8\u4e91\u4e01\u771f\n|-weather|Snow|[from] ability: Snow Warning|[of] p1b: Ninetales\n|turn|6\n|\n|t:|1729758621\n|-terastallize|p2b: \u96e8\u4e91\u4e01\u771f|Stellar\n|move|p1a: Samurott|Sucker Punch|p2a: \u7ffc\u9e70\u4e01\u771f\n|-damage|p2a: \u7ffc\u9e70\u4e01\u771f|0 fnt\n|faint|p2a: \u7ffc\u9e70\u4e01\u771f\n|move|p2b: \u96e8\u4e91\u4e01\u771f|Muddy Water|p1b: Ninetales|[spread] p1a\n|-miss|p2b: \u96e8\u4e91\u4e01\u771f|p1b: Ninetales\n|-resisted|p1a: Samurott\n|-damage|p1a: Samurott|26\/100\n|-unboost|p1a: Samurott|accuracy|1\n|move|p1b: Ninetales|Freeze-Dry|p2b: \u96e8\u4e91\u4e01\u771f\n|-supereffective|p2b: \u96e8\u4e91\u4e01\u771f\n|-damage|p2b: \u96e8\u4e91\u4e01\u771f|0 fnt\n|faint|p2b: \u96e8\u4e91\u4e01\u771f\n|\n|win|nwjns999\n|raw|nwjns999's rating: 1770 &rarr; <strong>1789<\/strong><br \/>(+19 for winning)\n|raw|bluestraggler01's rating: 1761 &rarr; <strong>1742<\/strong><br \/>(-19 for losing)\n|l|\u2606bluestraggler01\n|player|p2|\n|l| ChickenZX\n|l| Mascot4646\n|j| Mascot4646\n","uploadtime":1729758781,"views":30,"formatid":"gen9vgc2024regh","rating":1742,"private":0,"password":null}