{"id":"gen9vgc2024regh-2229718304","format":"[Gen 9] VGC 2024 Reg H","players":["1449427094ggy","Xeoffee"],"log":"|j|\u26061449427094ggy\n|j|\u2606Xeoffee\n|t:|1729748630\n|gametype|doubles\n|player|p1|1449427094ggy|266|1679\n|player|p2|Xeoffee|n|1698\n|teamsize|p1|6\n|teamsize|p2|6\n|gen|9\n|tier|[Gen 9] VGC 2024 Reg H\n|rated|\n|rule|Species Clause: Limit one of each Pok\u00e9mon\n|rule|Item Clause: Limit 1 of each item\n|clearpoke\n|poke|p1|Metagross, L50|\n|poke|p1|Ursaluna-Bloodmoon, L50, M|\n|poke|p1|Mimikyu, L50, F|\n|poke|p1|Torkoal, L50, M|\n|poke|p1|Venusaur, L50, F|\n|poke|p1|Dragapult, L50, F|\n|poke|p2|Volcarona, L50, M|\n|poke|p2|Clefairy, L50, M|\n|poke|p2|Rillaboom, L50, M|\n|poke|p2|Drifblim, L50, M|\n|poke|p2|Primarina, L50, M|\n|poke|p2|Ursaluna-Bloodmoon, L50, M|\n|teampreview|4\n|\n|t:|1729748703\n|start\n|switch|p1a: Metagross|Metagross, L50|100\/100\n|switch|p1b: Mimikyu|Mimikyu, L50, F|100\/100\n|switch|p2a: Drifblim|Drifblim, L50, M|100\/100\n|switch|p2b: Rillaboom|Rillaboom, L50, M|100\/100\n|-fieldstart|move: Grassy Terrain|[from] ability: Grassy Surge|[of] p2b: Rillaboom\n|-enditem|p2a: Drifblim|Grassy Seed\n|-boost|p2a: Drifblim|def|1|[from] item: Grassy Seed\n|turn|1\n|\n|t:|1729748736\n|switch|p1a: Torkoal|Torkoal, L50, M|100\/100\n|-weather|SunnyDay|[from] ability: Drought|[of] p1a: Torkoal\n|move|p2b: Rillaboom|Grassy Glide|p1b: Mimikyu\n|-activate|p1b: Mimikyu|ability: Disguise\n|-damage|p1b: Mimikyu|100\/100\n|detailschange|p1b: Mimikyu|Mimikyu-Busted, L50, F\n|-damage|p1b: Mimikyu|88\/100|[from] pokemon: Mimikyu-Busted\n|move|p2a: Drifblim|Will-O-Wisp|p1a: Torkoal\n|-immune|p1a: Torkoal\n|move|p1b: Mimikyu|Trick Room|p1b: Mimikyu\n|-fieldstart|move: Trick Room|[of] p1b: Mimikyu\n|\n|-weather|SunnyDay|[upkeep]\n|-heal|p1b: Mimikyu|94\/100|[from] Grassy Terrain\n|upkeep\n|turn|2\n|\n|t:|1729748756\n|switch|p2b: Primarina|Primarina, L50, M|100\/100\n|-terastallize|p1a: Torkoal|Fire\n|-terastallize|p2a: Drifblim|Fire\n|move|p1a: Torkoal|Eruption|p2a: Drifblim|[spread] p2a,p2b\n|-resisted|p2a: Drifblim\n|-resisted|p2b: Primarina\n|-damage|p2a: Drifblim|51\/100\n|-damage|p2b: Primarina|53\/100\n|move|p1b: Mimikyu|Shadow Claw|p2b: Primarina\n|-damage|p2b: Primarina|15\/100\n|move|p2a: Drifblim|Trick Room|p2a: Drifblim\n|-fieldend|move: Trick Room\n|\n|-weather|SunnyDay|[upkeep]\n|-heal|p2a: Drifblim|57\/100|[from] Grassy Terrain\n|-heal|p1b: Mimikyu|100\/100|[from] Grassy Terrain\n|-heal|p2b: Primarina|21\/100|[from] Grassy Terrain\n|upkeep\n|turn|3\n|\n|t:|1729748785\n|move|p2a: Drifblim|Shadow Ball|p1b: Mimikyu\n|-supereffective|p1b: Mimikyu\n|-damage|p1b: Mimikyu|41\/100\n|-unboost|p1b: Mimikyu|spd|1\n|move|p2b: Primarina|Hyper Voice|p1b: Mimikyu|[spread] p1a,p1b\n|-supereffective|p1a: Torkoal\n|-damage|p1a: Torkoal|55\/100\n|-damage|p1b: Mimikyu|13\/100\n|-enditem|p2b: Primarina|Throat Spray\n|-boost|p2b: Primarina|spa|1|[from] item: Throat Spray\n|move|p1a: Torkoal|Eruption|p2b: Primarina|[spread] p2a,p2b\n|-resisted|p2a: Drifblim\n|-resisted|p2b: Primarina\n|-damage|p2a: Drifblim|30\/100\n|-damage|p2b: Primarina|0 fnt\n|faint|p2b: Primarina\n|move|p1b: Mimikyu|Trick Room|p1b: Mimikyu\n|-fieldstart|move: Trick Room|[of] p1b: Mimikyu\n|\n|-weather|SunnyDay|[upkeep]\n|-heal|p1a: Torkoal|62\/100|[from] Grassy Terrain\n|-heal|p1b: Mimikyu|19\/100|[from] Grassy Terrain\n|-heal|p2a: Drifblim|36\/100|[from] Grassy Terrain\n|upkeep\n|\n|t:|1729748800\n|switch|p2b: Volcarona|Volcarona, L50, M|100\/100\n|turn|4\n|\n|t:|1729748844\n|move|p2b: Volcarona|Protect|p2b: Volcarona\n|-singleturn|p2b: Volcarona|Protect\n|move|p1a: Torkoal|Eruption|p2b: Volcarona|[spread] p2a\n|-activate|p2b: Volcarona|move: Protect\n|-resisted|p2a: Drifblim\n|-damage|p2a: Drifblim|3\/100\n|move|p1b: Mimikyu|Shadow Claw|p2a: Drifblim\n|-crit|p2a: Drifblim\n|-damage|p2a: Drifblim|0 fnt\n|faint|p2a: Drifblim\n|\n|-weather|SunnyDay|[upkeep]\n|-heal|p1a: Torkoal|68\/100|[from] Grassy Terrain\n|-heal|p1b: Mimikyu|25\/100|[from] Grassy Terrain\n|upkeep\n|\n|t:|1729748852\n|switch|p2a: Rillaboom|Rillaboom, L50, M|100\/100\n|turn|5\n|\n|t:|1729748864\n|move|p2a: Rillaboom|Fake Out|p1a: Torkoal\n|-damage|p1a: Torkoal|56\/100\n|cant|p1a: Torkoal|flinch\n|move|p1b: Mimikyu|Curse|p2b: Volcarona\n|-start|p2b: Volcarona|Curse|[of] p1b: Mimikyu\n|-damage|p1b: Mimikyu|0 fnt\n|faint|p1b: Mimikyu\n|move|p2b: Volcarona|Quiver Dance|p2b: Volcarona\n|-boost|p2b: Volcarona|spa|1\n|-boost|p2b: Volcarona|spd|1\n|-boost|p2b: Volcarona|spe|1\n|\n|-weather|none\n|-heal|p1a: Torkoal|63\/100|[from] Grassy Terrain\n|-damage|p2b: Volcarona|75\/100|[from] Curse\n|-fieldend|move: Grassy Terrain\n|upkeep\n|\n|t:|1729748869\n|switch|p1b: Ursaluna|Ursaluna-Bloodmoon, L50, M|100\/100\n|turn|6\n|\n|t:|1729748883\n|move|p1a: Torkoal|Eruption|p2a: Rillaboom|[spread] p2a,p2b\n|-supereffective|p2a: Rillaboom\n|-damage|p2a: Rillaboom|35\/100\n|-damage|p2b: Volcarona|44\/100\n|move|p1b: Ursaluna|Blood Moon|p2b: Volcarona\n|-damage|p2b: Volcarona|0 fnt\n|faint|p2b: Volcarona\n|move|p2a: Rillaboom|Grassy Glide|p1a: Torkoal\n|-resisted|p1a: Torkoal\n|-damage|p1a: Torkoal|51\/100\n|\n|upkeep\n|turn|7\n|-message|Xeoffee forfeited.\n|\n|win|1449427094ggy\n|raw|1449427094ggy's rating: 1679 &rarr; <strong>1700<\/strong><br \/>(+21 for winning)\n|raw|Xeoffee's rating: 1698 &rarr; <strong>1677<\/strong><br \/>(-21 for losing)\n|l|\u2606Xeoffee\n|player|p2|\n|l|\u26061449427094ggy\n|player|p1|\n","uploadtime":1729749156,"views":13,"formatid":"gen9vgc2024regh","rating":1677,"private":0,"password":null}