{"id":"gen9vgc2024regh-2229210222","format":"[Gen 9] VGC 2024 Reg H","players":["Zordor","donmitchie"],"log":"|j|\u2606Zordor\n|j|\u2606donmitchie\n|t:|1729694788\n|gametype|doubles\n|player|p1|Zordor|pilot|1667\n|player|p2|donmitchie|170|1739\n|teamsize|p1|6\n|teamsize|p2|6\n|gen|9\n|tier|[Gen 9] VGC 2024 Reg H\n|rated|\n|rule|Species Clause: Limit one of each Pok\u00e9mon\n|rule|Item Clause: Limit 1 of each item\n|clearpoke\n|poke|p1|Rotom-Wash, L50|\n|poke|p1|Sneasler, L50, M|\n|poke|p1|Kingambit, L50, F|\n|poke|p1|Armarouge, L50, M|\n|poke|p1|Ninetales-Alola, L50, F|\n|poke|p1|Dragapult, L50, M|\n|poke|p2|Dragonite, L50, F|\n|poke|p2|Garchomp, L50, M|\n|poke|p2|Whimsicott, L50, F|\n|poke|p2|Gholdengo, L50|\n|poke|p2|Incineroar, L50, M|\n|poke|p2|Amoonguss, L50, M|\n|teampreview|4\n|inactive|Battle timer is ON: inactive players will automatically lose when time's up. (requested by donmitchie)\n|inactive|Zordor has 60 seconds left.\n|\n|t:|1729694820\n|start\n|switch|p1a: Rotom|Rotom-Wash, L50|100\/100\n|switch|p1b: Ninetales|Ninetales-Alola, L50, F|100\/100\n|switch|p2a: Gholdengo|Gholdengo, L50|100\/100\n|switch|p2b: Amoonguss|Amoonguss, L50, M|100\/100\n|-weather|Snow|[from] ability: Snow Warning|[of] p1b: Ninetales\n|turn|1\n|inactive|Zordor has 30 seconds left.\n|\n|t:|1729694849\n|-terastallize|p2b: Amoonguss|Water\n|move|p1b: Ninetales|Blizzard|p2a: Gholdengo|[spread] p2a,p2b\n|-resisted|p2a: Gholdengo\n|-resisted|p2b: Amoonguss\n|-damage|p2a: Gholdengo|81\/100\n|-damage|p2b: Amoonguss|86\/100\n|move|p1a: Rotom|Hydro Pump|p2a: Gholdengo\n|-crit|p2a: Gholdengo\n|-damage|p2a: Gholdengo|7\/100\n|move|p2a: Gholdengo|Make It Rain|p1a: Rotom|[spread] p1a,p1b\n|-resisted|p1a: Rotom\n|-supereffective|p1b: Ninetales\n|-damage|p1a: Rotom|79\/100\n|-damage|p1b: Ninetales|0 fnt\n|-unboost|p2a: Gholdengo|spa|1\n|faint|p1b: Ninetales\n|move|p2b: Amoonguss|Spore|p1a: Rotom\n|-activate|p1a: Rotom|item: Safety Goggles|Spore\n|\n|-weather|Snow|[upkeep]\n|upkeep\n|\n|t:|1729694864\n|switch|p1b: Kingambit|Kingambit, L50, F|100\/100\n|turn|2\n|\n|t:|1729694887\n|switch|p2a: Whimsicott|Whimsicott, L50, F|100\/100\n|move|p1b: Kingambit|Protect|p1b: Kingambit\n|-singleturn|p1b: Kingambit|Protect\n|move|p2b: Amoonguss|Protect|p2b: Amoonguss\n|-singleturn|p2b: Amoonguss|Protect\n|move|p1a: Rotom|Electroweb|p2a: Whimsicott|[spread] p2a\n|-activate|p2b: Amoonguss|move: Protect\n|-resisted|p2a: Whimsicott\n|-damage|p2a: Whimsicott|89\/100\n|-unboost|p2a: Whimsicott|spe|1\n|\n|-weather|Snow|[upkeep]\n|upkeep\n|turn|3\n|\n|t:|1729694900\n|move|p2a: Whimsicott|Encore|p1a: Rotom\n|-start|p1a: Rotom|Encore\n|move|p1a: Rotom|Electroweb|p2b: Amoonguss|[spread] p2a,p2b\n|-resisted|p2a: Whimsicott\n|-supereffective|p2b: Amoonguss\n|-damage|p2a: Whimsicott|76\/100\n|-damage|p2b: Amoonguss|61\/100\n|-unboost|p2a: Whimsicott|spe|1\n|-unboost|p2b: Amoonguss|spe|1\n|move|p1b: Kingambit|Kowtow Cleave|p2b: Amoonguss\n|-damage|p2b: Amoonguss|27\/100\n|-damage|p1b: Kingambit|84\/100|[from] item: Rocky Helmet|[of] p2b: Amoonguss\n|move|p2b: Amoonguss|Spore|p1b: Kingambit\n|-status|p1b: Kingambit|slp|[from] move: Spore\n|\n|-weather|Snow|[upkeep]\n|upkeep\n|turn|4\n|\n|t:|1729694915\n|move|p1a: Rotom|Electroweb|p2b: Amoonguss|[spread] p2a,p2b\n|-resisted|p2a: Whimsicott\n|-supereffective|p2b: Amoonguss\n|-damage|p2a: Whimsicott|63\/100\n|-damage|p2b: Amoonguss|2\/100\n|-unboost|p2a: Whimsicott|spe|1\n|-unboost|p2b: Amoonguss|spe|1\n|cant|p1b: Kingambit|slp\n|move|p2a: Whimsicott|Moonblast|p1a: Rotom\n|-damage|p1a: Rotom|44\/100\n|move|p2b: Amoonguss|Sludge Bomb|p1a: Rotom\n|-damage|p1a: Rotom|18\/100\n|\n|-weather|Snow|[upkeep]\n|upkeep\n|turn|5\n|inactive|donmitchie has 30 seconds left.\n|\n|t:|1729694943\n|switch|p2b: Incineroar|Incineroar, L50, M|100\/100\n|-ability|p2b: Incineroar|Intimidate|boost\n|-unboost|p1a: Rotom|atk|1\n|-unboost|p1b: Kingambit|atk|1\n|-ability|p1b: Kingambit|Defiant|boost\n|-boost|p1b: Kingambit|atk|2\n|move|p2a: Whimsicott|Tailwind|p2a: Whimsicott\n|-sidestart|p2: donmitchie|move: Tailwind\n|move|p1a: Rotom|Electroweb|p2a: Whimsicott|[spread] p2a\n|-miss|p1a: Rotom|p2b: Incineroar\n|-resisted|p2a: Whimsicott\n|-damage|p2a: Whimsicott|50\/100\n|-unboost|p2a: Whimsicott|spe|1\n|-curestatus|p1b: Kingambit|slp|[msg]\n|move|p1b: Kingambit|Iron Head|p2a: Whimsicott\n|-supereffective|p2a: Whimsicott\n|-damage|p2a: Whimsicott|0 fnt\n|faint|p2a: Whimsicott\n|\n|-weather|none\n|-end|p1a: Rotom|Encore\n|upkeep\n|\n|t:|1729694955\n|switch|p2a: Amoonguss|Amoonguss, L50, M, tera:Water|35\/100\n|turn|6\n|\n|t:|1729694962\n|move|p1a: Rotom|Protect|p1a: Rotom\n|-singleturn|p1a: Rotom|Protect\n|move|p1b: Kingambit|Protect|p1b: Kingambit\n|-singleturn|p1b: Kingambit|Protect\n|move|p2b: Incineroar|Knock Off|p1a: Rotom\n|-activate|p1a: Rotom|move: Protect\n|move|p2a: Amoonguss|Spore|p1b: Kingambit\n|-activate|p1b: Kingambit|move: Protect\n|\n|upkeep\n|turn|7\n|inactive|donmitchie has 30 seconds left.\n|\n|t:|1729694988\n|switch|p2a: Gholdengo|Gholdengo, L50|7\/100\n|-terastallize|p1b: Kingambit|Flying\n|move|p2b: Incineroar|Flare Blitz|p1b: Kingambit\n|-damage|p1b: Kingambit|38\/100\n|-enditem|p1b: Kingambit|Sitrus Berry|[eat]\n|-heal|p1b: Kingambit|63\/100|[from] item: Sitrus Berry\n|-damage|p2b: Incineroar|86\/100|[from] Recoil\n|move|p1a: Rotom|Electroweb|p2a: Gholdengo|[spread] p2a,p2b\n|-damage|p2a: Gholdengo|0 fnt\n|-damage|p2b: Incineroar|77\/100\n|-unboost|p2b: Incineroar|spe|1\n|faint|p2a: Gholdengo\n|move|p1b: Kingambit|Kowtow Cleave|p2b: Incineroar\n|-resisted|p2b: Incineroar\n|-damage|p2b: Incineroar|46\/100\n|\n|upkeep\n|\n|t:|1729694995\n|switch|p2a: Amoonguss|Amoonguss, L50, M, tera:Water|68\/100\n|turn|8\n|\n|t:|1729695008\n|move|p1b: Kingambit|Protect|p1b: Kingambit\n|-singleturn|p1b: Kingambit|Protect\n|move|p1a: Rotom|Electroweb|p2a: Amoonguss|[spread] p2a,p2b\n|-supereffective|p2a: Amoonguss\n|-damage|p2a: Amoonguss|41\/100\n|-damage|p2b: Incineroar|37\/100\n|-unboost|p2a: Amoonguss|spe|1\n|-unboost|p2b: Incineroar|spe|1\n|move|p2b: Incineroar|Knock Off|p1a: Rotom\n|-damage|p1a: Rotom|0 fnt\n|-enditem|p1a: Rotom|Safety Goggles|[from] move: Knock Off|[of] p2b: Incineroar\n|faint|p1a: Rotom\n|move|p2a: Amoonguss|Spore|p1b: Kingambit\n|-activate|p1b: Kingambit|move: Protect\n|\n|-sideend|p2: donmitchie|move: Tailwind\n|upkeep\n|\n|t:|1729695020\n|switch|p1a: Dragapult|Dragapult, L50, M|100\/100\n|turn|9\n|\n|t:|1729695035\n|move|p2a: Amoonguss|Rage Powder|p2a: Amoonguss\n|-singleturn|p2a: Amoonguss|move: Rage Powder\n|move|p1a: Dragapult|Dragon Darts|p2a: Amoonguss\n|-damage|p2a: Amoonguss|22\/100\n|-anim|p1a: Dragapult|Dragon Darts|p2a: Amoonguss\n|-damage|p2a: Amoonguss|2\/100\n|move|p1b: Kingambit|Kowtow Cleave|p2a: Amoonguss\n|-damage|p2a: Amoonguss|0 fnt\n|-damage|p1b: Kingambit|46\/100|[from] item: Rocky Helmet|[of] p2a: Amoonguss\n|faint|p2a: Amoonguss\n|move|p2b: Incineroar|Knock Off|p1a: Dragapult\n|-supereffective|p1a: Dragapult\n|-damage|p1a: Dragapult|3\/100\n|-enditem|p1a: Dragapult|Assault Vest|[from] move: Knock Off|[of] p2b: Incineroar\n|\n|upkeep\n|turn|10\n|c|\u2606donmitchie|gg\n|-message|donmitchie forfeited.\n|\n|win|Zordor\n|raw|Zordor's rating: 1667 &rarr; <strong>1691<\/strong><br \/>(+24 for winning)\n|raw|donmitchie's rating: 1739 &rarr; <strong>1715<\/strong><br \/>(-24 for losing)\n|l|\u2606Zordor\n|player|p1|\n|l|\u2606donmitchie\n|player|p2|\n","uploadtime":1729695216,"views":11,"formatid":"gen9vgc2024regh","rating":1691,"private":0,"password":null}