{"id":"gen9vgc2024regh-2229379528","format":"[Gen 9] VGC 2024 Reg H","players":["spaccas","m00seh"],"log":"|j|\u2606spaccas\n|j|\u2606m00seh\n|t:|1729708956\n|gametype|doubles\n|player|p1|spaccas|170|1767\n|player|p2|m00seh|blaine|1697\n|teamsize|p1|6\n|teamsize|p2|6\n|gen|9\n|tier|[Gen 9] VGC 2024 Reg H\n|rated|\n|rule|Species Clause: Limit one of each Pok\u00e9mon\n|rule|Item Clause: Limit 1 of each item\n|clearpoke\n|poke|p1|Grimmsnarl, L50, M|\n|poke|p1|Annihilape, L50, M|\n|poke|p1|Gholdengo, L50|\n|poke|p1|Dragonite, L50, M|\n|poke|p1|Ursaluna-Bloodmoon, L50, M|\n|poke|p1|Volcarona, L50, F|\n|poke|p2|Rillaboom, L50, M|\n|poke|p2|Blaziken, L50, F|\n|poke|p2|Kingambit, L50, M|\n|poke|p2|Ursaluna-Bloodmoon, L50, M|\n|poke|p2|Porygon2, L50|\n|poke|p2|Primarina, L50, M|\n|teampreview|4\n|inactive|Battle timer is ON: inactive players will automatically lose when time's up. (requested by spaccas)\n|\n|t:|1729708987\n|start\n|switch|p1a: Volcarona|Volcarona, L50, F|100\/100\n|switch|p1b: Grimmsnarl|Grimmsnarl, L50, M|100\/100\n|switch|p2a: Porygon2|Porygon2, L50|100\/100\n|switch|p2b: Rillaboom|Rillaboom, L50, M|100\/100\n|-fieldstart|move: Grassy Terrain|[from] ability: Grassy Surge|[of] p2b: Rillaboom\n|-ability|p2a: Porygon2|Download|boost\n|-boost|p2a: Porygon2|atk|1\n|turn|1\n|inactive|spaccas has 30 seconds left.\n|\n|t:|1729709013\n|move|p2b: Rillaboom|Fake Out|p1b: Grimmsnarl\n|-damage|p1b: Grimmsnarl|88\/100\n|cant|p1b: Grimmsnarl|flinch\n|move|p1a: Volcarona|Quiver Dance|p1a: Volcarona\n|-boost|p1a: Volcarona|spa|1\n|-boost|p1a: Volcarona|spd|1\n|-boost|p1a: Volcarona|spe|1\n|move|p2a: Porygon2|Trick Room|p2a: Porygon2\n|-fieldstart|move: Trick Room|[of] p2a: Porygon2\n|\n|-heal|p1b: Grimmsnarl|94\/100|[from] Grassy Terrain\n|upkeep\n|turn|2\n|\n|t:|1729709025\n|switch|p2a: Primarina|Primarina, L50, M|100\/100\n|-terastallize|p2b: Rillaboom|Fire\n|move|p1b: Grimmsnarl|Light Screen|p1b: Grimmsnarl\n|-sidestart|p1: spaccas|move: Light Screen\n|move|p2b: Rillaboom|Wood Hammer|p1b: Grimmsnarl\n|-damage|p1b: Grimmsnarl|29\/100\n|-damage|p2b: Rillaboom|80\/100|[from] Recoil\n|move|p1a: Volcarona|Heat Wave|p2a: Primarina|[spread] p2a,p2b\n|-resisted|p2a: Primarina\n|-resisted|p2b: Rillaboom\n|-damage|p2a: Primarina|80\/100\n|-damage|p2b: Rillaboom|62\/100\n|\n|-heal|p1b: Grimmsnarl|35\/100|[from] Grassy Terrain\n|-heal|p2a: Primarina|86\/100|[from] Grassy Terrain\n|-heal|p2b: Rillaboom|68\/100|[from] Grassy Terrain\n|upkeep\n|turn|3\n|\n|t:|1729709043\n|-terastallize|p1a: Volcarona|Fairy\n|move|p1b: Grimmsnarl|Reflect|p1b: Grimmsnarl\n|-sidestart|p1: spaccas|Reflect\n|move|p2a: Primarina|Haze|p2a: Primarina\n|-clearallboost\n|move|p2b: Rillaboom|Wood Hammer|p1b: Grimmsnarl\n|-damage|p1b: Grimmsnarl|0 fnt\n|faint|p1b: Grimmsnarl\n|-damage|p2b: Rillaboom|57\/100|[from] Recoil\n|move|p1a: Volcarona|Tera Blast|p2a: Primarina|[anim] Tera Blast Fairy\n|-damage|p2a: Primarina|53\/100\n|\n|-heal|p2a: Primarina|59\/100|[from] Grassy Terrain\n|-heal|p2b: Rillaboom|62\/100|[from] Grassy Terrain\n|upkeep\n|\n|t:|1729709055\n|switch|p1b: Dragonite|Dragonite, L50, M|100\/100\n|turn|4\n|\n|t:|1729709062\n|move|p2a: Primarina|Moonblast|p1b: Dragonite\n|-supereffective|p1b: Dragonite\n|-damage|p1b: Dragonite|66\/100\n|move|p2b: Rillaboom|Wood Hammer|p1a: Volcarona\n|-damage|p1a: Volcarona|30\/100\n|-enditem|p1a: Volcarona|Sitrus Berry|[eat]\n|-heal|p1a: Volcarona|55\/100|[from] item: Sitrus Berry\n|-damage|p2b: Rillaboom|40\/100|[from] Recoil\n|move|p1b: Dragonite|Scale Shot|p2b: Rillaboom\n|-damage|p2b: Rillaboom|27\/100\n|-damage|p2b: Rillaboom|14\/100\n|-damage|p2b: Rillaboom|0 fnt\n|faint|p2b: Rillaboom\n|-hitcount|p2: Rillaboom|3\n|-unboost|p1b: Dragonite|def|1\n|-boost|p1b: Dragonite|spe|1\n|move|p1a: Volcarona|Tera Blast|p2a: Primarina|[anim] Tera Blast Fairy\n|-damage|p2a: Primarina|22\/100\n|-enditem|p2a: Primarina|Sitrus Berry|[eat]\n|-heal|p2a: Primarina|47\/100|[from] item: Sitrus Berry\n|\n|-heal|p2a: Primarina|53\/100|[from] Grassy Terrain\n|-heal|p1a: Volcarona|61\/100|[from] Grassy Terrain\n|upkeep\n|\n|t:|1729709071\n|switch|p2b: Ursaluna|Ursaluna-Bloodmoon, L50, M|100\/100\n|turn|5\n|\n|t:|1729709083\n|move|p1a: Volcarona|Protect|p1a: Volcarona\n|-singleturn|p1a: Volcarona|Protect\n|move|p1b: Dragonite|Protect|p1b: Dragonite\n|-singleturn|p1b: Dragonite|Protect\n|move|p2b: Ursaluna|Blood Moon|p1a: Volcarona\n|-activate|p1a: Volcarona|move: Protect\n|move|p2a: Primarina|Moonblast|p1b: Dragonite\n|-activate|p1b: Dragonite|move: Protect\n|\n|-heal|p2a: Primarina|59\/100|[from] Grassy Terrain\n|-heal|p1a: Volcarona|67\/100|[from] Grassy Terrain\n|-fieldend|move: Trick Room\n|-fieldend|move: Grassy Terrain\n|upkeep\n|turn|6\n|\n|t:|1729709095\n|switch|p2b: Porygon2|Porygon2, L50|100\/100\n|-ability|p2b: Porygon2|Download|boost\n|-boost|p2b: Porygon2|atk|1\n|move|p1b: Dragonite|Scale Shot|p2b: Porygon2|[miss]\n|-miss|p1b: Dragonite|p2b: Porygon2\n|move|p1a: Volcarona|Heat Wave|p2a: Primarina|[spread] p2b\n|-miss|p1a: Volcarona|p2a: Primarina\n|-damage|p2b: Porygon2|80\/100\n|-status|p2b: Porygon2|brn\n|move|p2a: Primarina|Moonblast|p1b: Dragonite\n|-supereffective|p1b: Dragonite\n|-damage|p1b: Dragonite|0 fnt\n|faint|p1b: Dragonite\n|\n|-damage|p2b: Porygon2|74\/100 brn|[from] brn\n|upkeep\n|\n|t:|1729709108\n|switch|p1b: Annihilape|Annihilape, L50, M|100\/100\n|turn|7\n|\n|t:|1729709114\n|move|p1b: Annihilape|Drain Punch|p2b: Porygon2\n|-supereffective|p2b: Porygon2\n|-damage|p2b: Porygon2|43\/100 brn\n|move|p1a: Volcarona|Heat Wave|p2a: Primarina|[spread] p2b\n|-miss|p1a: Volcarona|p2a: Primarina\n|-damage|p2b: Porygon2|20\/100 brn\n|move|p2a: Primarina|Moonblast|p1a: Volcarona\n|-damage|p1a: Volcarona|36\/100\n|move|p2b: Porygon2|Trick Room|p2b: Porygon2\n|-fieldstart|move: Trick Room|[of] p2b: Porygon2\n|\n|-damage|p2b: Porygon2|14\/100 brn|[from] brn\n|upkeep\n|turn|8\n|\n|t:|1729709124\n|move|p2b: Porygon2|Recover|p2b: Porygon2\n|-heal|p2b: Porygon2|64\/100 brn\n|move|p2a: Primarina|Moonblast|p1b: Annihilape\n|-supereffective|p1b: Annihilape\n|-damage|p1b: Annihilape|39\/100\n|-unboost|p1b: Annihilape|spa|1\n|-ability|p1b: Annihilape|Defiant|boost\n|-boost|p1b: Annihilape|atk|2\n|move|p1a: Volcarona|Heat Wave|p2b: Porygon2|[spread] p2b\n|-miss|p1a: Volcarona|p2a: Primarina\n|-damage|p2b: Porygon2|44\/100 brn\n|move|p1b: Annihilape|Rage Fist|p2a: Primarina\n|-damage|p2a: Primarina|0 fnt\n|faint|p2a: Primarina\n|\n|-heal|p1b: Annihilape|45\/100|[from] item: Leftovers\n|-damage|p2b: Porygon2|37\/100 brn|[from] brn\n|upkeep\n|\n|t:|1729709129\n|switch|p2a: Ursaluna|Ursaluna-Bloodmoon, L50, M|100\/100\n|turn|9\n|c|\u2606spaccas|90%\n|j| banupx7\n|\n|t:|1729709147\n|move|p2a: Ursaluna|Hyper Voice|p1a: Volcarona|[spread] p1a,p1b\n|-damage|p1a: Volcarona|5\/100\n|-damage|p1b: Annihilape|13\/100\n|-damage|p2a: Ursaluna|91\/100|[from] item: Life Orb\n|move|p2b: Porygon2|Ice Beam|p1b: Annihilape\n|-damage|p1b: Annihilape|0 fnt\n|faint|p1b: Annihilape\n|move|p1a: Volcarona|Heat Wave|p2a: Ursaluna|[spread] p2a,p2b\n|-damage|p2a: Ursaluna|53\/100\n|-damage|p2b: Porygon2|17\/100 brn\n|\n|-damage|p2b: Porygon2|11\/100 brn|[from] brn\n|-sideend|p1: spaccas|move: Light Screen\n|upkeep\n|turn|10\n|\n|t:|1729709161\n|move|p1a: Volcarona|Protect|p1a: Volcarona\n|-singleturn|p1a: Volcarona|Protect\n|move|p2a: Ursaluna|Earth Power|p1a: Volcarona\n|-activate|p1a: Volcarona|move: Protect\n|move|p2b: Porygon2|Recover|p2b: Porygon2\n|-heal|p2b: Porygon2|61\/100 brn\n|\n|-damage|p2b: Porygon2|55\/100 brn|[from] brn\n|-sideend|p1: spaccas|Reflect\n|upkeep\n|turn|11\n|\n|t:|1729709165\n|move|p2a: Ursaluna|Earth Power|p1a: Volcarona\n|-crit|p1a: Volcarona\n|-damage|p1a: Volcarona|0 fnt\n|faint|p1a: Volcarona\n|-damage|p2a: Ursaluna|44\/100|[from] item: Life Orb\n|\n|win|m00seh\n|raw|spaccas's rating: 1767 &rarr; <strong>1743<\/strong><br \/>(-24 for losing)\n|raw|m00seh's rating: 1697 &rarr; <strong>1721<\/strong><br \/>(+24 for winning)\n|l|\u2606spaccas\n|player|p1|\n|l| banupx7\n|l|\u2606m00seh\n|player|p2|\n","uploadtime":1729709407,"views":9,"formatid":"gen9vgc2024regh","rating":1721,"private":0,"password":null}