{"id":"gen9vgc2024regh-2229942523","format":"[Gen 9] VGC 2024 Reg H","players":["RomanTogepi","Realfrytki"],"log":"|j|\u2606RomanTogepi\n|j|\u2606Realfrytki\n|t:|1729779420\n|gametype|doubles\n|player|p1|RomanTogepi|265|1736\n|player|p2|Realfrytki|veteranf|1690\n|teamsize|p1|6\n|teamsize|p2|6\n|gen|9\n|tier|[Gen 9] VGC 2024 Reg H\n|rated|\n|rule|Species Clause: Limit one of each Pok\u00e9mon\n|rule|Item Clause: Limit 1 of each item\n|clearpoke\n|poke|p1|Goodra-Hisui, L50, F|\n|poke|p1|Magmar, L50, F|\n|poke|p1|Rillaboom, L50, M|\n|poke|p1|Politoed, L50, M|\n|poke|p1|Gholdengo, L50|\n|poke|p1|Grimmsnarl, L50, M|\n|poke|p2|Rillaboom, L50, F|\n|poke|p2|Kingambit, L50, F|\n|poke|p2|Sneasler, L50, M|\n|poke|p2|Gastrodon, L50, F|\n|poke|p2|Baxcalibur, L50, M|\n|poke|p2|Volcarona, L50, M|\n|teampreview|4\n|inactive|Battle timer is ON: inactive players will automatically lose when time's up. (requested by RomanTogepi)\nRomanTogepi rejected open team sheets.\n|\n|t:|1729779477\n|start\n|switch|p1a: Goodra|Goodra-Hisui, L50, F|100\/100\n|switch|p1b: Grimmsnarl|Grimmsnarl, L50, M, shiny|100\/100\n|switch|p2a: Rillaboom|Rillaboom, L50, F|100\/100\n|switch|p2b: Sneasler|Sneasler, L50, M|100\/100\n|-fieldstart|move: Grassy Terrain|[from] ability: Grassy Surge|[of] p2a: Rillaboom\n|turn|1\n|\n|t:|1729779495\n|switch|p1a: Politoed|Politoed, L50, M, shiny|100\/100\n|-weather|RainDance|[from] ability: Drizzle|[of] p1a: Politoed\n|move|p2b: Sneasler|Fake Out|p1b: Grimmsnarl\n|-damage|p1b: Grimmsnarl|84\/100\n|cant|p1b: Grimmsnarl|flinch\n|move|p2a: Rillaboom|High Horsepower|p1a: Politoed\n|-damage|p1a: Politoed|65\/100\n|\n|-weather|RainDance|[upkeep]\n|-heal|p1a: Politoed|71\/100|[from] Grassy Terrain\n|-heal|p1b: Grimmsnarl|90\/100|[from] Grassy Terrain\n|upkeep\n|turn|2\n|\n|t:|1729779514\n|move|p1a: Politoed|Protect|p1a: Politoed\n|-singleturn|p1a: Politoed|Protect\n|move|p1b: Grimmsnarl|Reflect|p1b: Grimmsnarl\n|-sidestart|p1: RomanTogepi|Reflect\n|move|p2b: Sneasler|Coaching|p2a: Rillaboom\n|-boost|p2a: Rillaboom|atk|1\n|-boost|p2a: Rillaboom|def|1\n|move|p2a: Rillaboom|Wood Hammer|p1b: Grimmsnarl\n|-crit|p1b: Grimmsnarl\n|-damage|p1b: Grimmsnarl|0 fnt\n|faint|p1b: Grimmsnarl\n|-damage|p2a: Rillaboom|71\/100|[from] Recoil\n|\n|-weather|RainDance|[upkeep]\n|-heal|p2a: Rillaboom|77\/100|[from] Grassy Terrain\n|-heal|p1a: Politoed|78\/100|[from] Grassy Terrain\n|upkeep\n|\n|t:|1729779522\n|switch|p1b: Goodra|Goodra-Hisui, L50, F|100\/100\n|turn|3\n|inactive|Realfrytki has 30 seconds left.\n|\n|t:|1729779549\n|switch|p1a: Rillaboom|Rillaboom, L50, M|100\/100\n|-terastallize|p1b: Goodra|Water\n|move|p2b: Sneasler|Coaching|p2a: Rillaboom\n|-boost|p2a: Rillaboom|atk|1\n|-boost|p2a: Rillaboom|def|1\n|move|p2a: Rillaboom|Wood Hammer|p1a: Rillaboom\n|-resisted|p1a: Rillaboom\n|-damage|p1a: Rillaboom|43\/100\n|-damage|p2a: Rillaboom|60\/100|[from] Recoil\n|move|p1b: Goodra|Muddy Water|p2b: Sneasler|[spread] p2a,p2b\n|-resisted|p2a: Rillaboom\n|-damage|p2a: Rillaboom|14\/100\n|-enditem|p2b: Sneasler|Focus Sash\n|-damage|p2b: Sneasler|1\/100\n|-unboost|p2a: Rillaboom|accuracy|1\n|\n|-weather|RainDance|[upkeep]\n|-heal|p2b: Sneasler|7\/100|[from] Grassy Terrain\n|-heal|p2a: Rillaboom|20\/100|[from] Grassy Terrain\n|-heal|p1a: Rillaboom|49\/100|[from] Grassy Terrain\n|upkeep\n|turn|4\n|inactive|RomanTogepi has 30 seconds left.\n|inactive|Realfrytki has 30 seconds left.\n|\n|t:|1729779583\n|switch|p2b: Gastrodon|Gastrodon, L50, F|100\/100\n|move|p1a: Rillaboom|Fake Out|p2a: Rillaboom\n|-damage|p2a: Rillaboom|13\/100\n|cant|p2a: Rillaboom|flinch\n|move|p1b: Goodra|Muddy Water|p2b: Gastrodon|[spread] \n|-ability|p2b: Gastrodon|Storm Drain|boost\n|-boost|p2b: Gastrodon|spa|1\n|-miss|p1b: Goodra|p2a: Rillaboom\n|\n|-weather|RainDance|[upkeep]\n|-heal|p2a: Rillaboom|19\/100|[from] Grassy Terrain\n|-heal|p1a: Rillaboom|56\/100|[from] Grassy Terrain\n|upkeep\n|turn|5\n|\n|t:|1729779607\n|-terastallize|p2b: Gastrodon|Poison\n|move|p2a: Rillaboom|Grassy Glide|p1b: Goodra\n|-ability|p1b: Goodra|Sap Sipper|boost\n|-boost|p1b: Goodra|atk|1\n|move|p1a: Rillaboom|Grassy Glide|p2b: Gastrodon\n|-resisted|p2b: Gastrodon\n|-damage|p2b: Gastrodon|82\/100\n|move|p1b: Goodra|Muddy Water|p2b: Gastrodon|[spread] p2a\n|-ability|p2b: Gastrodon|Storm Drain|boost\n|-boost|p2b: Gastrodon|spa|1\n|-resisted|p2a: Rillaboom\n|-damage|p2a: Rillaboom|0 fnt\n|faint|p2a: Rillaboom\n|move|p2b: Gastrodon|Clear Smog|p1a: Rillaboom\n|-supereffective|p1a: Rillaboom\n|-damage|p1a: Rillaboom|0 fnt\n|-clearboost|p1a: Rillaboom\n|faint|p1a: Rillaboom\n|\n|-weather|none\n|-heal|p2b: Gastrodon|88\/100|[from] Grassy Terrain\n|-fieldend|move: Grassy Terrain\n|upkeep\n|\n|t:|1729779628\n|switch|p2a: Sneasler|Sneasler, L50, M|7\/100\n|switch|p1a: Politoed|Politoed, L50, M, shiny|78\/100\n|-weather|RainDance|[from] ability: Drizzle|[of] p1a: Politoed\n|turn|6\n|\n|t:|1729779647\n|move|p2a: Sneasler|Fake Out|p1b: Goodra\n|-damage|p1b: Goodra|91\/100\n|move|p1a: Politoed|Haze|p1a: Politoed\n|-clearallboost\n|cant|p1b: Goodra|flinch\n|move|p2b: Gastrodon|Yawn|p1b: Goodra\n|-start|p1b: Goodra|move: Yawn|[of] p2b: Gastrodon\n|\n|-weather|RainDance|[upkeep]\n|upkeep\n|turn|7\n|\n|t:|1729779662\n|move|p2a: Sneasler|Dire Claw|p1a: Politoed\n|-damage|p1a: Politoed|46\/100\n|-status|p1a: Politoed|psn\n|-enditem|p1a: Politoed|Sitrus Berry|[eat]\n|-heal|p1a: Politoed|71\/100 psn|[from] item: Sitrus Berry\n|move|p1a: Politoed|Weather Ball|p2b: Gastrodon\n|-activate|p2b: Gastrodon|ability: Storm Drain\n|-ability|p2b: Gastrodon|Storm Drain|boost\n|-boost|p2b: Gastrodon|spa|1\n|move|p1b: Goodra|Muddy Water|p2b: Gastrodon|[spread] p2a\n|-ability|p2b: Gastrodon|Storm Drain|boost\n|-boost|p2b: Gastrodon|spa|1\n|-damage|p2a: Sneasler|0 fnt\n|faint|p2a: Sneasler\n|move|p2b: Gastrodon|Earth Power|p1b: Goodra\n|-damage|p1b: Goodra|45\/100\n|\n|-weather|RainDance|[upkeep]\n|-damage|p1a: Politoed|58\/100 psn|[from] psn\n|-end|p1b: Goodra|move: Yawn|[silent]\n|-status|p1b: Goodra|slp\n|upkeep\n|-message|RomanTogepi forfeited.\n|\n|win|Realfrytki\n|raw|RomanTogepi's rating: 1736 &rarr; <strong>1713<\/strong><br \/>(-23 for losing)\n|raw|Realfrytki's rating: 1690 &rarr; <strong>1713<\/strong><br \/>(+23 for winning)\n|l|\u2606RomanTogepi\n|player|p1|\n|l|\u2606Realfrytki\n|player|p2|\n","uploadtime":1729779886,"views":15,"formatid":"gen9vgc2024regh","rating":1713,"private":0,"password":null}