{"id":"gen9vgc2024regh-2229708631","format":"[Gen 9] VGC 2024 Reg H","players":["woochivgc","Xeoffee"],"log":"|j|\u2606woochivgc\n|j|\u2606Xeoffee\n|t:|1729746872\n|gametype|doubles\n|player|p1|woochivgc|skierf-gen4dp|1688\n|player|p2|Xeoffee|n|1692\n|teamsize|p1|6\n|teamsize|p2|6\n|gen|9\n|tier|[Gen 9] VGC 2024 Reg H\n|rated|\n|rule|Species Clause: Limit one of each Pok\u00e9mon\n|rule|Item Clause: Limit 1 of each item\n|clearpoke\n|poke|p1|Dragapult, L50, F|\n|poke|p1|Farigiraf, L50, F|\n|poke|p1|Clefairy, L50, F|\n|poke|p1|Sneasler, L50, F|\n|poke|p1|Typhlosion-Hisui, L50, M|\n|poke|p1|Dondozo, L50, M|\n|poke|p2|Volcarona, L50, M|\n|poke|p2|Clefairy, L50, M|\n|poke|p2|Rillaboom, L50, M|\n|poke|p2|Drifblim, L50, M|\n|poke|p2|Primarina, L50, F|\n|poke|p2|Ursaluna-Bloodmoon, L50, M|\n|teampreview|4\n|inactive|Battle timer is ON: inactive players will automatically lose when time's up. (requested by Xeoffee)\n|\n|t:|1729746944\n|start\n|switch|p1a: \uac9c\ud504\ub9ad \ud610\uc624\uc790|Typhlosion-Hisui, L50, M|100\/100\n|switch|p1b: \u3139\u3147\u314b\u314b|Farigiraf, L50, F|100\/100\n|switch|p2a: Drifblim|Drifblim, L50, M|100\/100\n|switch|p2b: Rillaboom|Rillaboom, L50, M|100\/100\n|-item|p2a: Drifblim|Grassy Seed|[from] ability: Frisk|[of] p1a: \uac9c\ud504\ub9ad \ud610\uc624\uc790\n|-item|p2b: Rillaboom|Assault Vest|[from] ability: Frisk|[of] p1a: \uac9c\ud504\ub9ad \ud610\uc624\uc790\n|-fieldstart|move: Grassy Terrain|[from] ability: Grassy Surge|[of] p2b: Rillaboom\n|-enditem|p2a: Drifblim|Grassy Seed\n|-boost|p2a: Drifblim|def|1|[from] item: Grassy Seed\n|turn|1\n|inactive|Xeoffee has 30 seconds left.\n|\n|t:|1729746978\n|-terastallize|p2a: Drifblim|Fire\n|move|p1b: \u3139\u3147\u314b\u314b|Protect|p1b: \u3139\u3147\u314b\u314b\n|-singleturn|p1b: \u3139\u3147\u314b\u314b|Protect\n|move|p1a: \uac9c\ud504\ub9ad \ud610\uc624\uc790|Heat Wave|p2a: Drifblim|[spread] p2a,p2b\n|-resisted|p2a: Drifblim\n|-supereffective|p2b: Rillaboom\n|-damage|p2a: Drifblim|85\/100\n|-damage|p2b: Rillaboom|43\/100\n|move|p2a: Drifblim|Tailwind|p2a: Drifblim\n|-sidestart|p2: Xeoffee|move: Tailwind\n|move|p2b: Rillaboom|U-turn|p1b: \u3139\u3147\u314b\u314b\n|-activate|p1b: \u3139\u3147\u314b\u314b|move: Protect\n|\n|-heal|p2a: Drifblim|91\/100|[from] Grassy Terrain\n|-heal|p2b: Rillaboom|48\/100|[from] Grassy Terrain\n|upkeep\n|turn|2\n|\n|t:|1729747000\n|move|p2a: Drifblim|Shadow Ball|p1a: \uac9c\ud504\ub9ad \ud610\uc624\uc790\n|-supereffective|p1a: \uac9c\ud504\ub9ad \ud610\uc624\uc790\n|-damage|p1a: \uac9c\ud504\ub9ad \ud610\uc624\uc790|19\/100\n|-unboost|p1a: \uac9c\ud504\ub9ad \ud610\uc624\uc790|spd|1\n|move|p1a: \uac9c\ud504\ub9ad \ud610\uc624\uc790|Heat Wave|p2a: Drifblim|[spread] p2a,p2b\n|-resisted|p2a: Drifblim\n|-supereffective|p2b: Rillaboom\n|-damage|p2a: Drifblim|74\/100\n|-damage|p2b: Rillaboom|0 fnt\n|faint|p2b: Rillaboom\n|move|p1b: \u3139\u3147\u314b\u314b|Trick Room|p1b: \u3139\u3147\u314b\u314b\n|-fieldstart|move: Trick Room|[of] p1b: \u3139\u3147\u314b\u314b\n|\n|-heal|p1a: \uac9c\ud504\ub9ad \ud610\uc624\uc790|25\/100|[from] Grassy Terrain\n|-heal|p2a: Drifblim|80\/100|[from] Grassy Terrain\n|upkeep\n|\n|t:|1729747015\n|switch|p2b: Ursaluna|Ursaluna-Bloodmoon, L50, M|100\/100\n|turn|3\n|\n|t:|1729747022\n|switch|p1a: \uc090\uc090\uc090\uc090|Clefairy, L50, F|100\/100\n|-terastallize|p1b: \u3139\u3147\u314b\u314b|Normal\n|move|p1b: \u3139\u3147\u314b\u314b|Hyper Voice|p2b: Ursaluna|[spread] p2a,p2b\n|-damage|p2a: Drifblim|43\/100\n|-damage|p2b: Ursaluna|54\/100\n|-enditem|p1b: \u3139\u3147\u314b\u314b|Throat Spray\n|-boost|p1b: \u3139\u3147\u314b\u314b|spa|1|[from] item: Throat Spray\n|move|p2b: Ursaluna|Hyper Voice|p1b: \u3139\u3147\u314b\u314b|[spread] p1a,p1b\n|-damage|p1a: \uc090\uc090\uc090\uc090|64\/100\n|-damage|p1b: \u3139\u3147\u314b\u314b|65\/100\n|-damage|p2b: Ursaluna|45\/100|[from] item: Life Orb\n|move|p2a: Drifblim|Trick Room|p2a: Drifblim\n|-fieldend|move: Trick Room\n|\n|-heal|p2a: Drifblim|49\/100|[from] Grassy Terrain\n|-heal|p2b: Ursaluna|51\/100|[from] Grassy Terrain\n|-heal|p1b: \u3139\u3147\u314b\u314b|71\/100|[from] Grassy Terrain\n|-heal|p1a: \uc090\uc090\uc090\uc090|71\/100|[from] Grassy Terrain\n|upkeep\n|turn|4\n|inactive|Xeoffee has 30 seconds left.\n|\n|t:|1729747057\n|move|p1a: \uc090\uc090\uc090\uc090|Follow Me|p1a: \uc090\uc090\uc090\uc090\n|-singleturn|p1a: \uc090\uc090\uc090\uc090|move: Follow Me\n|move|p2a: Drifblim|Shadow Ball|p1a: \uc090\uc090\uc090\uc090\n|-damage|p1a: \uc090\uc090\uc090\uc090|47\/100\n|move|p2b: Ursaluna|Hyper Voice|p1b: \u3139\u3147\u314b\u314b|[spread] p1a,p1b\n|-crit|p1b: \u3139\u3147\u314b\u314b\n|-damage|p1a: \uc090\uc090\uc090\uc090|7\/100\n|-damage|p1b: \u3139\u3147\u314b\u314b|18\/100\n|-damage|p2b: Ursaluna|41\/100|[from] item: Life Orb\n|move|p1b: \u3139\u3147\u314b\u314b|Hyper Voice|p2b: Ursaluna|[spread] p2a,p2b\n|-damage|p2a: Drifblim|0 fnt\n|-damage|p2b: Ursaluna|0 fnt\n|faint|p2a: Drifblim\n|faint|p2b: Ursaluna\n|\n|-heal|p1b: \u3139\u3147\u314b\u314b|25\/100|[from] Grassy Terrain\n|-heal|p1a: \uc090\uc090\uc090\uc090|13\/100|[from] Grassy Terrain\n|-sideend|p2: Xeoffee|move: Tailwind\n|upkeep\n|\n|t:|1729747068\n|switch|p2b: Primarina|Primarina, L50, F|100\/100\n|turn|5\n|inactive|woochivgc has 30 seconds left.\n|\n|t:|1729747100\n|move|p1a: \uc090\uc090\uc090\uc090|Helping Hand|p1b: \u3139\u3147\u314b\u314b\n|-singleturn|p1b: \u3139\u3147\u314b\u314b|Helping Hand|[of] p1a: \uc090\uc090\uc090\uc090\n|move|p2b: Primarina|Hyper Voice|p1a: \uc090\uc090\uc090\uc090|[spread] p1a,p1b\n|-damage|p1a: \uc090\uc090\uc090\uc090|0 fnt\n|-damage|p1b: \u3139\u3147\u314b\u314b|0 fnt\n|faint|p1a: \uc090\uc090\uc090\uc090\n|faint|p1b: \u3139\u3147\u314b\u314b\n|-enditem|p2b: Primarina|Throat Spray\n|-boost|p2b: Primarina|spa|1|[from] item: Throat Spray\n|\n|-fieldend|move: Grassy Terrain\n|upkeep\n|\n|t:|1729747107\n|switch|p1b: \uac9c\ud504\ub9ad \ud610\uc624\uc790|Typhlosion-Hisui, L50, M|25\/100\n|switch|p1a: \ub3c8 \ub354\uc918|Dondozo, L50, M|100\/100\n|turn|6\n|\n|t:|1729747113\n|move|p1b: \uac9c\ud504\ub9ad \ud610\uc624\uc790|Shadow Ball|p2b: Primarina\n|-damage|p2b: Primarina|66\/100\n|move|p2b: Primarina|Hyper Voice|p1b: \uac9c\ud504\ub9ad \ud610\uc624\uc790|[spread] p1a,p1b\n|-resisted|p1a: \ub3c8 \ub354\uc918\n|-supereffective|p1b: \uac9c\ud504\ub9ad \ud610\uc624\uc790\n|-damage|p1a: \ub3c8 \ub354\uc918|82\/100\n|-damage|p1b: \uac9c\ud504\ub9ad \ud610\uc624\uc790|0 fnt\n|faint|p1b: \uac9c\ud504\ub9ad \ud610\uc624\uc790\n|move|p1a: \ub3c8 \ub354\uc918|Yawn|p2b: Primarina\n|-start|p2b: Primarina|move: Yawn|[of] p1a: \ub3c8 \ub354\uc918\n|\n|-heal|p1a: \ub3c8 \ub354\uc918|88\/100|[from] item: Leftovers\n|upkeep\n|turn|7\n|\n|t:|1729747124\n|move|p1a: \ub3c8 \ub354\uc918|Protect|p1a: \ub3c8 \ub354\uc918\n|-singleturn|p1a: \ub3c8 \ub354\uc918|Protect\n|move|p2b: Primarina|Moonblast|p1a: \ub3c8 \ub354\uc918\n|-activate|p1a: \ub3c8 \ub354\uc918|move: Protect\n|\n|-heal|p1a: \ub3c8 \ub354\uc918|94\/100|[from] item: Leftovers\n|-end|p2b: Primarina|move: Yawn|[silent]\n|-status|p2b: Primarina|slp\n|upkeep\n|turn|8\n|\n|t:|1729747128\n|cant|p2b: Primarina|slp\n|move|p1a: \ub3c8 \ub354\uc918|Wave Crash|p2b: Primarina\n|-resisted|p2b: Primarina\n|-damage|p2b: Primarina|32\/100 slp\n|-damage|p1a: \ub3c8 \ub354\uc918|86\/100|[from] Recoil\n|\n|-heal|p1a: \ub3c8 \ub354\uc918|92\/100|[from] item: Leftovers\n|upkeep\n|turn|9\n|\n|t:|1729747134\n|cant|p2b: Primarina|slp\n|move|p1a: \ub3c8 \ub354\uc918|Wave Crash|p2b: Primarina\n|-resisted|p2b: Primarina\n|-damage|p2b: Primarina|0 fnt\n|faint|p2b: Primarina\n|-damage|p1a: \ub3c8 \ub354\uc918|85\/100|[from] Recoil\n|\n|win|woochivgc\n|raw|woochivgc's rating: 1688 &rarr; <strong>1708<\/strong><br \/>(+20 for winning)\n|raw|Xeoffee's rating: 1692 &rarr; <strong>1672<\/strong><br \/>(-20 for losing)\n|l|\u2606Xeoffee\n|player|p2|\n|l|\u2606woochivgc\n|player|p1|\n","uploadtime":1729747380,"views":12,"formatid":"gen9vgc2024regh","rating":1672,"private":0,"password":null}