{"id":"gen9vgc2024regh-2229734538","format":"[Gen 9] VGC 2024 Reg H","players":["tatch_9","nukan up"],"log":"|j|\u2606tatch_9\n|j|\u2606nukan up\n|t:|1729751652\n|gametype|doubles\n|player|p1|tatch_9|2|1784\n|player|p2|nukan up|policeman-gen4|1825\n|teamsize|p1|6\n|teamsize|p2|6\n|gen|9\n|tier|[Gen 9] VGC 2024 Reg H\n|rated|\n|rule|Species Clause: Limit one of each Pok\u00e9mon\n|rule|Item Clause: Limit 1 of each item\n|clearpoke\n|poke|p1|Talonflame, L50, F|\n|poke|p1|Indeedee, L50, M|\n|poke|p1|Sneasler, L50, F|\n|poke|p1|Tatsugiri, L50, F|\n|poke|p1|Dondozo, L50, M|\n|poke|p1|Gholdengo, L50|\n|poke|p2|Sneasler, L50, M|\n|poke|p2|Mimikyu, L50, F|\n|poke|p2|Ursaluna-Bloodmoon, L50, M|\n|poke|p2|Garchomp, L50, M|\n|poke|p2|Rillaboom, L50, F|\n|poke|p2|Gholdengo, L50|\n|teampreview|4\n|inactive|Battle timer is ON: inactive players will automatically lose when time's up. (requested by nukan up)\n|inactive|nukan up has 60 seconds left.\n|\n|t:|1729751684\n|start\n|switch|p1a: Talonflame|Talonflame, L50, F|100\/100\n|switch|p1b: Gholdengo|Gholdengo, L50|100\/100\n|switch|p2a: Sneasler|Sneasler, L50, M, shiny|100\/100\n|switch|p2b: Garchomp|Garchomp, L50, M, shiny|100\/100\n|turn|1\n|j| Maushold-69P\n|\n|t:|1729751692\n|move|p1b: Gholdengo|Protect|p1b: Gholdengo\n|-singleturn|p1b: Gholdengo|Protect\n|move|p2a: Sneasler|Fake Out|p1a: Talonflame\n|-damage|p1a: Talonflame|77\/100\n|move|p2b: Garchomp|Rock Slide|p1b: Gholdengo|[spread] p1a\n|-activate|p1b: Gholdengo|move: Protect\n|-supereffective|p1a: Talonflame\n|-damage|p1a: Talonflame|0 fnt\n|faint|p1a: Talonflame\n|\n|upkeep\n|\n|t:|1729751699\n|switch|p1a: Dondozo|Dondozo, L50, M|100\/100\n|turn|2\n|l| Maushold-69P\n|\n|t:|1729751714\n|switch|p1b: Tatsugiri|Tatsugiri, L50, F|100\/100\n|-activate|p1b: Tatsugiri|ability: Commander|[of] p1a: Dondozo\n|-boost|p1a: Dondozo|atk|2\n|-boost|p1a: Dondozo|spa|2\n|-boost|p1a: Dondozo|spe|2\n|-boost|p1a: Dondozo|def|2\n|-boost|p1a: Dondozo|spd|2\n|-terastallize|p1a: Dondozo|Steel\n|move|p2b: Garchomp|Rock Slide|p1a: Dondozo|[spread] \n|-miss|p2b: Garchomp|p1b: Tatsugiri\n|-miss|p2b: Garchomp|p1a: Dondozo\n|move|p2a: Sneasler|Dire Claw|p1a: Dondozo\n|-immune|p1a: Dondozo\n|move|p1a: Dondozo|Earthquake|p2a: Sneasler|[spread] p2a,p2b\n|-miss|p1a: Dondozo|p1b: Tatsugiri\n|-supereffective|p2a: Sneasler\n|-enditem|p2a: Sneasler|Focus Sash\n|-damage|p2a: Sneasler|1\/100\n|-damage|p2b: Garchomp|64\/100\n|\n|upkeep\n|turn|3\n|\n|t:|1729751733\n|switch|p2b: Rillaboom|Rillaboom, L50, F, shiny|100\/100\n|-fieldstart|move: Grassy Terrain|[from] ability: Grassy Surge|[of] p2b: Rillaboom\n|move|p2a: Sneasler|Close Combat|p1a: Dondozo\n|-supereffective|p1a: Dondozo\n|-damage|p1a: Dondozo|55\/100\n|-unboost|p2a: Sneasler|def|1\n|-unboost|p2a: Sneasler|spd|1\n|move|p1a: Dondozo|Order Up|p2b: Rillaboom\n|-damage|p2b: Rillaboom|57\/100\n|-boost|p1a: Dondozo|atk|1\n|\n|-heal|p2a: Sneasler|7\/100|[from] Grassy Terrain\n|-heal|p1a: Dondozo|61\/100|[from] Grassy Terrain\n|-heal|p2b: Rillaboom|64\/100|[from] Grassy Terrain\n|upkeep\n|turn|4\n|\n|t:|1729751751\n|move|p2b: Rillaboom|Fake Out|p1a: Dondozo\n|-resisted|p1a: Dondozo\n|-damage|p1a: Dondozo|58\/100\n|move|p2a: Sneasler|Close Combat|p1a: Dondozo\n|-supereffective|p1a: Dondozo\n|-damage|p1a: Dondozo|15\/100\n|-unboost|p2a: Sneasler|def|1\n|-unboost|p2a: Sneasler|spd|1\n|cant|p1a: Dondozo|flinch\n|\n|-heal|p2a: Sneasler|13\/100|[from] Grassy Terrain\n|-heal|p1a: Dondozo|21\/100|[from] Grassy Terrain\n|-heal|p2b: Rillaboom|70\/100|[from] Grassy Terrain\n|upkeep\n|turn|5\n|\n|t:|1729751762\n|move|p2a: Sneasler|Close Combat|p1a: Dondozo\n|-supereffective|p1a: Dondozo\n|-damage|p1a: Dondozo|0 fnt\n|-unboost|p2a: Sneasler|def|1\n|-unboost|p2a: Sneasler|spd|1\n|faint|p1a: Dondozo\n|move|p2b: Rillaboom|Wood Hammer|p1b: Tatsugiri\n|-damage|p1b: Tatsugiri|0 fnt\n|faint|p1b: Tatsugiri\n|-damage|p2b: Rillaboom|46\/100|[from] Recoil\n|\n|-heal|p2a: Sneasler|19\/100|[from] Grassy Terrain\n|-heal|p2b: Rillaboom|52\/100|[from] Grassy Terrain\n|upkeep\n|\n|t:|1729751765\n|switch|p1a: Gholdengo|Gholdengo, L50|100\/100\n|turn|6\n|-message|tatch_9 forfeited.\n|\n|win|nukan up\n|raw|tatch_9's rating: 1784 &rarr; <strong>1766<\/strong><br \/>(-18 for losing)\n|raw|nukan up's rating: 1825 &rarr; <strong>1843<\/strong><br \/>(+18 for winning)\n|l|\u2606tatch_9\n|player|p1|\n|l|\u2606nukan up\n|player|p2|\n","uploadtime":1729752026,"views":37,"formatid":"gen9vgc2024regh","rating":1766,"private":0,"password":null}