{"id":"gen9vgc2024regh-2229865265","format":"[Gen 9] VGC 2024 Reg H","players":["trecal","rough Pult"],"log":"|j|\u2606trecal\n|j|\u2606rough Pult\n|t:|1729771623\n|gametype|doubles\n|player|p1|trecal|101|1721\n|player|p2|rough Pult|giovanni|1804\n|teamsize|p1|6\n|teamsize|p2|6\n|gen|9\n|tier|[Gen 9] VGC 2024 Reg H\n|rated|\n|rule|Species Clause: Limit one of each Pok\u00e9mon\n|rule|Item Clause: Limit 1 of each item\n|clearpoke\n|poke|p1|Volcarona, L50, F|\n|poke|p1|Kingambit, L50, F|\n|poke|p1|Sneasler, L50, F|\n|poke|p1|Ninetales-Alola, L50, F|\n|poke|p1|Basculegion, L50, M|\n|poke|p1|Dragonite, L50, M|\n|poke|p2|Annihilape, L50, F|\n|poke|p2|Baxcalibur, L50, F|\n|poke|p2|Dondozo, L50, M|\n|poke|p2|Kingambit, L50, M|\n|poke|p2|Rillaboom, L50, M|\n|poke|p2|Volcarona, L50, M|\n|teampreview|4\n|inactive|Battle timer is ON: inactive players will automatically lose when time's up. (requested by rough Pult)\n|\n|t:|1729771680\n|start\n|switch|p1a: Volcarona|Volcarona, L50, F|100\/100\n|switch|p1b: Ninetales|Ninetales-Alola, L50, F|100\/100\n|switch|p2a: Kingambit|Kingambit, L50, M|100\/100\n|switch|p2b: Annihilape|Annihilape, L50, F|100\/100\n|-weather|Snow|[from] ability: Snow Warning|[of] p1b: Ninetales\n|turn|1\n|\n|t:|1729771698\n|move|p1b: Ninetales|Aurora Veil|p1b: Ninetales\n|-sidestart|p1: trecal|move: Aurora Veil\n|move|p2b: Annihilape|Coaching|p2a: Kingambit\n|-boost|p2a: Kingambit|atk|1\n|-boost|p2a: Kingambit|def|1\n|move|p1a: Volcarona|Quiver Dance|p1a: Volcarona\n|-boost|p1a: Volcarona|spa|1\n|-boost|p1a: Volcarona|spd|1\n|-boost|p1a: Volcarona|spe|1\n|move|p2a: Kingambit|Iron Head|p1b: Ninetales\n|-supereffective|p1b: Ninetales\n|-damage|p1b: Ninetales|0 fnt\n|faint|p1b: Ninetales\n|\n|-weather|Snow|[upkeep]\n|upkeep\n|\n|t:|1729771714\n|switch|p1b: Dragonite|Dragonite, L50, M|100\/100\n|turn|2\n|\n|t:|1729771738\n|-terastallize|p2a: Kingambit|Flying\n|move|p1a: Volcarona|Flamethrower|p2a: Kingambit\n|-damage|p2a: Kingambit|50\/100\n|move|p2b: Annihilape|Coaching|p2a: Kingambit\n|-boost|p2a: Kingambit|atk|1\n|-boost|p2a: Kingambit|def|1\n|move|p1b: Dragonite|Scale Shot|p2a: Kingambit\n|-damage|p2a: Kingambit|44\/100\n|-damage|p2a: Kingambit|38\/100\n|-damage|p2a: Kingambit|32\/100\n|-damage|p2a: Kingambit|25\/100\n|-hitcount|p2a: Kingambit|4\n|-unboost|p1b: Dragonite|def|1\n|-boost|p1b: Dragonite|spe|1\n|move|p2a: Kingambit|Tera Blast|p1a: Volcarona|[anim] Tera Blast Flying\n|-supereffective|p1a: Volcarona\n|-damage|p1a: Volcarona|0 fnt\n|faint|p1a: Volcarona\n|\n|-weather|Snow|[upkeep]\n|upkeep\n|\n|t:|1729771757\n|switch|p1a: Basculegion|Basculegion, L50, M|100\/100\n|turn|3\n|inactive|trecal has 30 seconds left.\n|\n|t:|1729771789\n|-terastallize|p1a: Basculegion|Dark\n|move|p2a: Kingambit|Sucker Punch|p1a: Basculegion\n|-resisted|p1a: Basculegion\n|-damage|p1a: Basculegion|66\/100\n|move|p1a: Basculegion|Last Respects|p2b: Annihilape\n|-supereffective|p2b: Annihilape\n|-crit|p2b: Annihilape\n|-enditem|p2b: Annihilape|Focus Sash\n|-damage|p2b: Annihilape|1\/100\n|move|p1b: Dragonite|Haze|p1b: Dragonite\n|-clearallboost\n|move|p2b: Annihilape|Rage Fist|p1a: Basculegion\n|-resisted|p1a: Basculegion\n|-damage|p1a: Basculegion|45\/100\n|\n|-weather|Snow|[upkeep]\n|upkeep\n|turn|4\n|inactive|rough Pult has 30 seconds left.\n|\n|t:|1729771817\n|move|p2a: Kingambit|Sucker Punch|p1a: Basculegion\n|-resisted|p1a: Basculegion\n|-damage|p1a: Basculegion|28\/100\n|move|p1a: Basculegion|Last Respects|p2b: Annihilape\n|-supereffective|p2b: Annihilape\n|-damage|p2b: Annihilape|0 fnt\n|faint|p2b: Annihilape\n|move|p1b: Dragonite|Scale Shot|p2a: Kingambit\n|-damage|p2a: Kingambit|15\/100\n|-damage|p2a: Kingambit|3\/100\n|-damage|p2a: Kingambit|0 fnt\n|faint|p2a: Kingambit\n|-hitcount|p2: Kingambit|3\n|-unboost|p1b: Dragonite|def|1\n|-boost|p1b: Dragonite|spe|1\n|\n|-weather|Snow|[upkeep]\n|upkeep\n|\n|t:|1729771835\n|switch|p2b: Volcarona|Volcarona, L50, M|100\/100\n|switch|p2a: Baxcalibur|Baxcalibur, L50, F|100\/100\n|turn|5\n|\n|t:|1729771856\n|move|p2b: Volcarona|Rage Powder|p2b: Volcarona\n|-singleturn|p2b: Volcarona|move: Rage Powder\n|move|p1a: Basculegion|Last Respects|p2b: Volcarona\n|-damage|p2b: Volcarona|30\/100\n|move|p1b: Dragonite|Scale Shot|p2b: Volcarona\n|-damage|p2b: Volcarona|11\/100\n|-damage|p2b: Volcarona|0 fnt\n|faint|p2b: Volcarona\n|-hitcount|p2: Volcarona|2\n|-unboost|p1b: Dragonite|def|1\n|-boost|p1b: Dragonite|spe|1\n|move|p2a: Baxcalibur|Icicle Spear|p1b: Dragonite\n|-supereffective|p1b: Dragonite\n|-damage|p1b: Dragonite|58\/100\n|-supereffective|p1b: Dragonite\n|-damage|p1b: Dragonite|0 fnt\n|faint|p1b: Dragonite\n|-hitcount|p1: Dragonite|2\n|\n|-weather|none\n|upkeep\n|turn|6\n|\n|t:|1729771879\n|move|p2a: Baxcalibur|Protect|p2a: Baxcalibur\n|-singleturn|p2a: Baxcalibur|Protect\n|move|p1a: Basculegion|Last Respects|p2a: Baxcalibur\n|-activate|p2a: Baxcalibur|move: Protect\n|\n|upkeep\n|turn|7\n|\n|t:|1729771888\n|move|p1a: Basculegion|Last Respects|p2a: Baxcalibur\n|-damage|p2a: Baxcalibur|15\/100\n|move|p2a: Baxcalibur|Icicle Spear|p1a: Basculegion\n|-damage|p1a: Basculegion|14\/100\n|-damage|p1a: Basculegion|0 fnt\n|faint|p1a: Basculegion\n|-hitcount|p1: Basculegion|2\n|\n|win|rough Pult\n|raw|trecal's rating: 1721 &rarr; <strong>1706<\/strong><br \/>(-15 for losing)\n|raw|rough Pult's rating: 1804 &rarr; <strong>1819<\/strong><br \/>(+15 for winning)\n|l|\u2606trecal\n|player|p1|\n|l|\u2606rough Pult\n|player|p2|\n","uploadtime":1729771903,"views":47,"formatid":"gen9vgc2024regh","rating":1706,"private":0,"password":null}