{"id":"gen9vgc2024regh-2229244807","format":"[Gen 9] VGC 2024 Reg H","players":["Jayson_Ubo","quinn2"],"log":"|j|\u2606Jayson_Ubo\n|j|\u2606quinn2\n|t:|1729697683\n|gametype|doubles\n|player|p1|Jayson_Ubo|hilbert|1761\n|player|p2|quinn2|170|1707\n|teamsize|p1|6\n|teamsize|p2|6\n|gen|9\n|tier|[Gen 9] VGC 2024 Reg H\n|rated|\n|rule|Species Clause: Limit one of each Pok\u00e9mon\n|rule|Item Clause: Limit 1 of each item\n|clearpoke\n|poke|p1|Yanma, L50, M|\n|poke|p1|Garchomp, L50, F|\n|poke|p1|Dragonite, L50, M|\n|poke|p1|Sneasler, L50, F|\n|poke|p1|Gholdengo, L50|\n|poke|p1|Indeedee, L50, M|\n|poke|p2|Zoroark-Hisui, L50, F|\n|poke|p2|Whimsicott, L50, M|\n|poke|p2|Indeedee-F, L50, F|\n|poke|p2|Baxcalibur, L50, F|\n|poke|p2|Flamigo, L50, M|\n|poke|p2|Overqwil, L50, F|\n|teampreview|4\n|c|\u2606Jayson_Ubo|Oh god not you again LOL\n|c|\u2606quinn2|hello again\n|c|\u2606Jayson_Ubo|Nothing against you your team is just spooky\n|c|\u2606quinn2|I'm quite proud of it\n|c|\u2606Jayson_Ubo|Im running Yanma that inspires fear too in some people\n|c|\u2606Jayson_Ubo|if you see a Yanma in 1100s it\u2019s like meh\n|c|\u2606quinn2|60% of the time\n|c|\u2606Jayson_Ubo|but if they\u2019re in the 1800s now that is a scary Yanma\n|c|\u2606quinn2|lol\n|\n|t:|1729697793\n|start\n|switch|p1a: Sneasler|Sneasler, L50, F|100\/100\n|switch|p1b: Indeedee|Indeedee, L50, M|100\/100\n|switch|p2a: Whimsicott|Whimsicott, L50, M|100\/100\n|switch|p2b: Baxcalibur|Baxcalibur, L50, F|100\/100\n|-fieldstart|move: Psychic Terrain|[from] ability: Psychic Surge|[of] p1b: Indeedee\n|-enditem|p1a: Sneasler|Psychic Seed\n|-boost|p1a: Sneasler|spd|1|[from] item: Psychic Seed\n|turn|1\n|\n|t:|1729697827\n|-terastallize|p2b: Baxcalibur|Fire\n|move|p2a: Whimsicott|Tailwind|p2a: Whimsicott\n|-sidestart|p2: quinn2|move: Tailwind\n|move|p1a: Sneasler|Dire Claw|p2b: Baxcalibur\n|-damage|p2b: Baxcalibur|55\/100\n|-status|p2b: Baxcalibur|par\n|move|p1b: Indeedee|Expanding Force|p2b: Baxcalibur|[spread] p2a,p2b\n|-enditem|p2a: Whimsicott|Focus Sash\n|-damage|p2a: Whimsicott|1\/100\n|-damage|p2b: Baxcalibur|2\/100 par\n|move|p2b: Baxcalibur|Icicle Spear|p1b: Indeedee\n|-damage|p1b: Indeedee|65\/100\n|-damage|p1b: Indeedee|34\/100\n|-damage|p1b: Indeedee|0 fnt\n|faint|p1b: Indeedee\n|-hitcount|p1: Indeedee|3\n|\n|upkeep\n|\n|t:|1729697841\n|switch|p1b: Yanma|Yanma, L50, M|100\/100\n|turn|2\n|c|\u2606Jayson_Ubo|That still didn\u2019t kill my goodness\n|\n|t:|1729697862\n|switch|p2b: Overqwil|Overqwil, L50, F|100\/100\n|-ability|p2b: Overqwil|Intimidate|boost\n|-unboost|p1a: Sneasler|atk|1\n|-unboost|p1b: Yanma|atk|1\n|move|p2a: Whimsicott|Endeavor|p1a: Sneasler\n|-damage|p1a: Sneasler|1\/100\n|move|p1a: Sneasler|Dire Claw|p2b: Overqwil\n|-resisted|p2b: Overqwil\n|-damage|p2b: Overqwil|86\/100\n|move|p1b: Yanma|Tailwind|p1b: Yanma\n|-sidestart|p1: Jayson_Ubo|move: Tailwind\n|\n|upkeep\n|turn|3\n|\n|t:|1729697878\n|switch|p2a: Baxcalibur|Baxcalibur, L50, F, tera:Fire|2\/100 par\n|move|p1a: Sneasler|Dire Claw|p2a: Baxcalibur\n|-crit|p2a: Baxcalibur\n|-damage|p2a: Baxcalibur|0 fnt\n|faint|p2a: Baxcalibur\n|move|p1b: Yanma|Hypnosis|p2b: Overqwil|[miss]\n|-miss|p1b: Yanma|p2b: Overqwil\n|move|p2b: Overqwil|Liquidation|p1a: Sneasler\n|-damage|p1a: Sneasler|0 fnt\n|faint|p1a: Sneasler\n|\n|upkeep\n|\n|t:|1729697899\n|switch|p1a: Gholdengo|Gholdengo, L50|100\/100\n|switch|p2a: Whimsicott|Whimsicott, L50, M|100\/100\n|turn|4\n|j| Peroquecuones\n|\n|t:|1729697923\n|move|p1a: Gholdengo|Protect|p1a: Gholdengo\n|-singleturn|p1a: Gholdengo|Protect\n|move|p2b: Overqwil|Protect|p2b: Overqwil\n|-singleturn|p2b: Overqwil|Protect\n|move|p2a: Whimsicott|Shadow Ball|p1a: Gholdengo\n|-activate|p1a: Gholdengo|move: Protect\n|move|p1b: Yanma|Hypnosis|p2a: Whimsicott\n|-status|p2a: Whimsicott|slp|[from] move: Hypnosis\n|\n|-sideend|p2: quinn2|move: Tailwind\n|upkeep\n|turn|5\n|l| Peroquecuones\n|\n|t:|1729697947\n|switch|p2a: Whimsicott|Whimsicott, L50, M|1\/100\n|-terastallize|p1a: Gholdengo|Dragon\n|move|p1b: Yanma|Hypnosis|p2b: Overqwil\n|-status|p2b: Overqwil|slp|[from] move: Hypnosis\n|move|p1a: Gholdengo|Make It Rain|p2a: Whimsicott|[spread] p2a,p2b\n|-supereffective|p2a: Whimsicott\n|-damage|p2a: Whimsicott|0 fnt\n|-damage|p2b: Overqwil|9\/100 slp\n|-unboost|p1a: Gholdengo|spa|1\n|-enditem|p2b: Overqwil|Sitrus Berry|[eat]\n|-heal|p2b: Overqwil|34\/100 slp|[from] item: Sitrus Berry\n|faint|p2a: Whimsicott\n|cant|p2b: Overqwil|slp\n|\n|-sideend|p1: Jayson_Ubo|move: Tailwind\n|-fieldend|move: Psychic Terrain\n|upkeep\n|\n|t:|1729697951\n|switch|p2a: Overqwil|Overqwil, L50, F|100\/100 slp\n|turn|6\n|\n|t:|1729697968\n|-curestatus|p2b: Overqwil|slp|[msg]\n|move|p2b: Overqwil|Protect|p2b: Overqwil\n|-singleturn|p2b: Overqwil|Protect\n|cant|p2a: Overqwil|slp\n|move|p1b: Yanma|Tailwind|p1b: Yanma\n|-sidestart|p1: Jayson_Ubo|move: Tailwind\n|move|p1a: Gholdengo|Make It Rain|p2b: Overqwil|[spread] p2a\n|-activate|p2b: Overqwil|move: Protect\n|-damage|p2a: Overqwil|18\/100 slp\n|-unboost|p1a: Gholdengo|spa|1\n|replace|p2a: Zoroark|Zoroark-Hisui, L50, F\n|-end|p2a: Zoroark|Illusion\n|\n|upkeep\n|turn|7\n|\n|t:|1729697984\n|cant|p2a: Zoroark|slp\n|move|p1b: Yanma|Hypnosis|p2b: Overqwil\n|-status|p2b: Overqwil|slp|[from] move: Hypnosis\n|move|p1a: Gholdengo|Make It Rain|p2b: Overqwil|[spread] p2a,p2b\n|-damage|p2a: Zoroark|0 fnt\n|-damage|p2b: Overqwil|0 fnt\n|-unboost|p1a: Gholdengo|spa|1\n|faint|p2a: Zoroark\n|faint|p2b: Overqwil\n|\n|win|Jayson_Ubo\n|raw|Jayson_Ubo's rating: 1761 &rarr; <strong>1778<\/strong><br \/>(+17 for winning)\n|raw|quinn2's rating: 1707 &rarr; <strong>1690<\/strong><br \/>(-17 for losing)\n|c|\u2606Jayson_Ubo|Gg\n|c|\u2606quinn2|gg\n|l|\u2606quinn2\n|player|p2|\n|c|\u2606Jayson_Ubo|You doing the GC this weekend?\n|l|\u2606Jayson_Ubo\n|player|p1|\n","uploadtime":1729698125,"views":9,"formatid":"gen9vgc2024regh","rating":1690,"private":0,"password":null}