{"id":"gen9vgc2024regh-2229458778","format":"[Gen 9] VGC 2024 Reg H","players":["pantsuit","HappyDuckJJ"],"log":"|j|\u2606pantsuit\n|j|\u2606HappyDuckJJ\n|t:|1729716242\n|gametype|doubles\n|player|p1|pantsuit|265|1709\n|player|p2|HappyDuckJJ|170|1693\n|teamsize|p1|6\n|teamsize|p2|6\n|gen|9\n|tier|[Gen 9] VGC 2024 Reg H\n|rated|\n|rule|Species Clause: Limit one of each Pok\u00e9mon\n|rule|Item Clause: Limit 1 of each item\n|clearpoke\n|poke|p1|Mamoswine, L50, F|\n|poke|p1|Kilowattrel, L50, M|\n|poke|p1|Incineroar, L50, M|\n|poke|p1|Primarina, L50, M|\n|poke|p1|Gholdengo, L50|\n|poke|p1|Serperior, L50, F|\n|poke|p2|Yanma, L50, F|\n|poke|p2|Dragonite, L50, F|\n|poke|p2|Garchomp, L50, F|\n|poke|p2|Gholdengo, L50|\n|poke|p2|Kingambit, L50, M|\n|poke|p2|Clefable, L50, F|\n|teampreview|4\n|l|\u2606HappyDuckJJ\n|player|p2|\n|j|\u2606HappyDuckJJ\n|player|p2|HappyDuckJJ|170|\n|\n|t:|1729716311\n|start\n|switch|p1a: Kilowattrel|Kilowattrel, L50, M|100\/100\n|switch|p1b: Mamoswine|Mamoswine, L50, F|100\/100\n|switch|p2a: Yanma|Yanma, L50, F|100\/100\n|switch|p2b: Gholdengo|Gholdengo, L50, shiny|100\/100\n|turn|1\n|j| Poliorketes\n|\n|t:|1729716327\n|-terastallize|p2b: Gholdengo|Steel\n|move|p1b: Mamoswine|Ice Shard|p2a: Yanma\n|-supereffective|p2a: Yanma\n|-enditem|p2a: Yanma|Focus Sash\n|-damage|p2a: Yanma|1\/100\n|move|p1a: Kilowattrel|Thunderbolt|p2a: Yanma\n|-supereffective|p2a: Yanma\n|-damage|p2a: Yanma|0 fnt\n|faint|p2a: Yanma\n|move|p2b: Gholdengo|Make It Rain|p1a: Kilowattrel|[spread] p1a,p1b\n|-resisted|p1a: Kilowattrel\n|-supereffective|p1b: Mamoswine\n|-damage|p1a: Kilowattrel|2\/100\n|-damage|p1b: Mamoswine|0 fnt\n|-unboost|p2b: Gholdengo|spa|1\n|faint|p1b: Mamoswine\n|\n|upkeep\n|c|\u2606HappyDuckJJ|Yanma that scary? Lol\n|\n|t:|1729716345\n|switch|p2a: Clefable|Clefable, L50, F, shiny|100\/100\n|switch|p1b: Incineroar|Incineroar, L50, M|100\/100\n|-ability|p1b: Incineroar|Intimidate|boost\n|-unboost|p2a: Clefable|atk|1\n|-unboost|p2b: Gholdengo|atk|1\n|turn|2\n|\n|t:|1729716359\n|move|p1b: Incineroar|Fake Out|p2b: Gholdengo\n|-resisted|p2b: Gholdengo\n|-damage|p2b: Gholdengo|93\/100\n|move|p1a: Kilowattrel|Tailwind|p1a: Kilowattrel\n|-sidestart|p1: pantsuit|move: Tailwind\n|cant|p2b: Gholdengo|flinch\n|move|p2a: Clefable|Moonblast|p1b: Incineroar\n|-damage|p1b: Incineroar|74\/100\n|\n|upkeep\n|turn|3\n|c|\u2606pantsuit|i dont want to go to sleep\n|c|\u2606pantsuit|haha\n|\n|t:|1729716377\n|move|p2a: Clefable|Follow Me|p2a: Clefable\n|-singleturn|p2a: Clefable|move: Follow Me\n|move|p1a: Kilowattrel|Thunderbolt|p2a: Clefable\n|-crit|p2a: Clefable\n|-damage|p2a: Clefable|45\/100\n|move|p1b: Incineroar|Flare Blitz|p2a: Clefable\n|-damage|p2a: Clefable|3\/100\n|-damage|p1b: Incineroar|60\/100|[from] Recoil\n|move|p2b: Gholdengo|Make It Rain|p1a: Kilowattrel|[spread] p1a,p1b\n|-resisted|p1a: Kilowattrel\n|-resisted|p1b: Incineroar\n|-damage|p1a: Kilowattrel|0 fnt\n|-damage|p1b: Incineroar|35\/100\n|-unboost|p2b: Gholdengo|spa|1\n|-enditem|p1b: Incineroar|Sitrus Berry|[eat]\n|-heal|p1b: Incineroar|60\/100|[from] item: Sitrus Berry\n|faint|p1a: Kilowattrel\n|\n|upkeep\n|\n|t:|1729716389\n|switch|p1a: Primarina|Primarina, L50, M|100\/100\n|turn|4\n|\n|t:|1729716402\n|switch|p2b: Garchomp|Garchomp, L50, F|100\/100\n|move|p2a: Clefable|Protect|p2a: Clefable\n|-singleturn|p2a: Clefable|Protect\n|move|p1a: Primarina|Hyper Voice|p2a: Clefable|[spread] p2b\n|-activate|p2a: Clefable|move: Protect\n|-damage|p2b: Garchomp|61\/100\n|move|p1b: Incineroar|Flare Blitz|p2b: Garchomp\n|-resisted|p2b: Garchomp\n|-damage|p2b: Garchomp|31\/100\n|-damage|p1b: Incineroar|47\/100|[from] ability: Rough Skin|[of] p2b: Garchomp\n|-damage|p1b: Incineroar|38\/100|[from] Recoil\n|\n|upkeep\n|turn|5\n|\n|t:|1729716443\n|move|p2b: Garchomp|Protect|p2b: Garchomp\n|-singleturn|p2b: Garchomp|Protect\n|move|p2a: Clefable|Protect|p2a: Clefable\n|-singleturn|p2a: Clefable|Protect\n|move|p1a: Primarina|Calm Mind|p1a: Primarina\n|-boost|p1a: Primarina|spa|1\n|-boost|p1a: Primarina|spd|1\n|move|p1b: Incineroar|Knock Off|p2b: Garchomp\n|-activate|p2b: Garchomp|move: Protect\n|\n|-sideend|p1: pantsuit|move: Tailwind\n|upkeep\n|turn|6\n|\n|t:|1729716471\n|-terastallize|p1b: Incineroar|Grass\n|move|p2a: Clefable|Protect||[still]\n|-fail|p2a: Clefable\n|move|p2b: Garchomp|Earthquake|p1a: Primarina|[spread] p2a,p1a,p1b\n|-resisted|p1b: Incineroar\n|-damage|p2a: Clefable|0 fnt\n|-damage|p1a: Primarina|38\/100\n|-damage|p1b: Incineroar|13\/100\n|faint|p2a: Clefable\n|-damage|p2b: Garchomp|22\/100|[from] item: Life Orb\n|move|p1a: Primarina|Hyper Voice|p2b: Garchomp\n|-damage|p2b: Garchomp|0 fnt\n|faint|p2b: Garchomp\n|move|p1b: Incineroar|Knock Off|p2: Clefable|[notarget]\n|-fail|p1b: Incineroar\n|\n|-heal|p1a: Primarina|44\/100|[from] item: Leftovers\n|upkeep\n|\n|t:|1729716473\n|switch|p2b: Gholdengo|Gholdengo, L50, shiny, tera:Steel|93\/100\n|turn|7\n|\n|t:|1729716515\n|move|p1a: Primarina|Protect|p1a: Primarina\n|-singleturn|p1a: Primarina|Protect\n|move|p2b: Gholdengo|Make It Rain|p1b: Incineroar|[spread] p1b\n|-activate|p1a: Primarina|move: Protect\n|-damage|p1b: Incineroar|0 fnt\n|-unboost|p2b: Gholdengo|spa|1\n|faint|p1b: Incineroar\n|\n|-heal|p1a: Primarina|50\/100|[from] item: Leftovers\n|upkeep\n|turn|8\n|\n|t:|1729716539\n|move|p2b: Gholdengo|Make It Rain|p1a: Primarina\n|-damage|p1a: Primarina|0 fnt\n|-unboost|p2b: Gholdengo|spa|1\n|faint|p1a: Primarina\n|\n|win|HappyDuckJJ\n|raw|pantsuit's rating: 1709 &rarr; <strong>1688<\/strong><br \/>(-21 for losing)\n|raw|HappyDuckJJ's rating: 1693 &rarr; <strong>1714<\/strong><br \/>(+21 for winning)\n|l| Poliorketes\n|l|\u2606pantsuit\n|player|p1|\n|l|\u2606HappyDuckJJ\n|player|p2|\n","uploadtime":1729716703,"views":14,"formatid":"gen9vgc2024regh","rating":1688,"private":0,"password":null}