{"id":"gen9vgc2024regh-2229033295","format":"[Gen 9] VGC 2024 Reg H","players":["nwjns999","magnusmagnum"],"log":"|j|\u2606nwjns999\n|j|\u2606magnusmagnum\n|t:|1729673976\n|gametype|doubles\n|player|p1|nwjns999|backpackerf|1703\n|player|p2|magnusmagnum|2|1824\n|teamsize|p1|6\n|teamsize|p2|6\n|gen|9\n|tier|[Gen 9] VGC 2024 Reg H\n|rated|\n|rule|Species Clause: Limit one of each Pok\u00e9mon\n|rule|Item Clause: Limit 1 of each item\n|clearpoke\n|poke|p1|Dragonite, L50, F|\n|poke|p1|Ursaluna-Bloodmoon, L50, M|\n|poke|p1|Ninetales-Alola, L50, M|\n|poke|p1|Gholdengo, L50|\n|poke|p1|Magmar, L50, F|\n|poke|p1|Samurott-Hisui, L50, F|\n|poke|p2|Grimmsnarl, L50, M|\n|poke|p2|Dragonite, L50, F|\n|poke|p2|Annihilape, L50, F|\n|poke|p2|Ursaluna-Bloodmoon, L50, M|\n|poke|p2|Volcarona, L50, F|\n|poke|p2|Gholdengo, L50|\n|teampreview|4\n|\n|t:|1729674098\n|start\n|switch|p1a: Gholdengo|Gholdengo, L50|100\/100\n|switch|p1b: Ursaluna|Ursaluna-Bloodmoon, L50, M|100\/100\n|switch|p2a: Grimmsnarl|Grimmsnarl, L50, M|100\/100\n|switch|p2b: Annihilape|Annihilape, L50, F|100\/100\n|turn|1\n|inactive|Battle timer is ON: inactive players will automatically lose when time's up. (requested by magnusmagnum)\n|\n|t:|1729674119\n|switch|p2a: Volcarona|Volcarona, L50, F|100\/100\n|move|p1a: Gholdengo|Trick|p2a: Volcarona\n|-activate|p1a: Gholdengo|move: Trick|[of] p2a: Volcarona\n|-item|p2a: Volcarona|Choice Scarf|[from] move: Trick\n|-item|p1a: Gholdengo|Sitrus Berry|[from] move: Trick\n|move|p2b: Annihilape|Drain Punch|p1b: Ursaluna\n|-supereffective|p1b: Ursaluna\n|-damage|p1b: Ursaluna|49\/100\n|move|p1b: Ursaluna|Yawn|p2b: Annihilape\n|-start|p2b: Annihilape|move: Yawn|[of] p1b: Ursaluna\n|\n|-heal|p1b: Ursaluna|55\/100|[from] item: Leftovers\n|upkeep\n|turn|2\n|\n|t:|1729674143\n|switch|p2b: Ursaluna|Ursaluna-Bloodmoon, L50, M|100\/100\n|move|p2a: Volcarona|Heat Wave|p1b: Ursaluna|[spread] p1a,p1b\n|-supereffective|p1a: Gholdengo\n|-crit|p1b: Ursaluna\n|-damage|p1a: Gholdengo|22\/100\n|-damage|p1b: Ursaluna|6\/100\n|-status|p1a: Gholdengo|brn\n|-enditem|p1a: Gholdengo|Sitrus Berry|[eat]\n|-heal|p1a: Gholdengo|47\/100 brn|[from] item: Sitrus Berry\n|move|p1a: Gholdengo|Make It Rain|p2b: Ursaluna|[spread] p2a,p2b\n|-resisted|p2a: Volcarona\n|-damage|p2a: Volcarona|75\/100\n|-damage|p2b: Ursaluna|66\/100\n|-unboost|p1a: Gholdengo|spa|1\n|move|p1b: Ursaluna|Yawn|p2a: Volcarona\n|-start|p2a: Volcarona|move: Yawn|[of] p1b: Ursaluna\n|\n|-heal|p1b: Ursaluna|12\/100|[from] item: Leftovers\n|-damage|p1a: Gholdengo|41\/100 brn|[from] brn\n|upkeep\n|turn|3\n|inactive|magnusmagnum has 30 seconds left.\n|j| talecale9\n|inactive|magnusmagnum has 20 seconds left.\n|inactive|magnusmagnum has 15 seconds left.\n|\n|t:|1729674185\n|switch|p2a: Grimmsnarl|Grimmsnarl, L50, M|100\/100\n|move|p1b: Ursaluna|Protect|p1b: Ursaluna\n|-singleturn|p1b: Ursaluna|Protect\n|move|p1a: Gholdengo|Make It Rain|p2a: Grimmsnarl|[spread] p2a,p2b\n|-supereffective|p2a: Grimmsnarl\n|-damage|p2a: Grimmsnarl|31\/100\n|-damage|p2b: Ursaluna|42\/100\n|-unboost|p1a: Gholdengo|spa|1\n|move|p2b: Ursaluna|Hyper Voice|p1b: Ursaluna|[spread] p1a\n|-activate|p1b: Ursaluna|move: Protect\n|-resisted|p1a: Gholdengo\n|-damage|p1a: Gholdengo|21\/100 brn\n|\n|-heal|p1b: Ursaluna|19\/100|[from] item: Leftovers\n|-damage|p1a: Gholdengo|15\/100 brn|[from] brn\n|upkeep\n|turn|4\n|\n|t:|1729674202\n|move|p2b: Ursaluna|Vacuum Wave|p1a: Gholdengo\n|-supereffective|p1a: Gholdengo\n|-damage|p1a: Gholdengo|0 fnt\n|faint|p1a: Gholdengo\n|move|p1b: Ursaluna|Hyper Voice|p2a: Grimmsnarl|[spread] p2a,p2b\n|-damage|p2a: Grimmsnarl|0 fnt\n|-damage|p2b: Ursaluna|16\/100\n|faint|p2a: Grimmsnarl\n|\n|-heal|p1b: Ursaluna|25\/100|[from] item: Leftovers\n|upkeep\n|\n|t:|1729674217\n|switch|p1a: Dragonite|Dragonite, L50, F|100\/100\n|switch|p2a: Volcarona|Volcarona, L50, F|75\/100\n|turn|5\n|\n|t:|1729674228\n|-terastallize|p2a: Volcarona|Fairy\n|move|p1a: Dragonite|Extreme Speed|p2b: Ursaluna\n|-damage|p2b: Ursaluna|0 fnt\n|faint|p2b: Ursaluna\n|move|p2a: Volcarona|Tera Blast|p1a: Dragonite|[anim] Tera Blast Fairy\n|-supereffective|p1a: Dragonite\n|-damage|p1a: Dragonite|60\/100\n|move|p1b: Ursaluna|Yawn|p2a: Volcarona\n|-start|p2a: Volcarona|move: Yawn|[of] p1b: Ursaluna\n|\n|-heal|p1b: Ursaluna|31\/100|[from] item: Leftovers\n|upkeep\n|\n|t:|1729674236\n|switch|p2b: Annihilape|Annihilape, L50, F|100\/100\n|turn|6\n|\n|t:|1729674242\n|move|p1a: Dragonite|Protect|p1a: Dragonite\n|-singleturn|p1a: Dragonite|Protect\n|move|p1b: Ursaluna|Protect|p1b: Ursaluna\n|-singleturn|p1b: Ursaluna|Protect\n|move|p2a: Volcarona|Tera Blast|p1a: Dragonite|[anim] Tera Blast Fairy\n|-activate|p1a: Dragonite|move: Protect\n|move|p2b: Annihilape|Drain Punch|p1b: Ursaluna\n|-activate|p1b: Ursaluna|move: Protect\n|\n|-heal|p1b: Ursaluna|37\/100|[from] item: Leftovers\n|-end|p2a: Volcarona|move: Yawn|[silent]\n|-status|p2a: Volcarona|slp\n|upkeep\n|turn|7\n|\n|t:|1729674262\n|move|p1a: Dragonite|Extreme Speed|p2a: Volcarona\n|-damage|p2a: Volcarona|40\/100 slp\n|cant|p2a: Volcarona|slp\n|move|p2b: Annihilape|Rage Fist|p1a: Dragonite\n|-damage|p1a: Dragonite|35\/100\n|move|p1b: Ursaluna|Blood Moon|p2a: Volcarona\n|-damage|p2a: Volcarona|0 fnt\n|faint|p2a: Volcarona\n|\n|-heal|p1b: Ursaluna|44\/100|[from] item: Leftovers\n|upkeep\n|turn|8\n|-message|magnusmagnum forfeited.\n|\n|win|nwjns999\n|raw|nwjns999's rating: 1703 &rarr; <strong>1730<\/strong><br \/>(+27 for winning)\n|raw|magnusmagnum's rating: 1824 &rarr; <strong>1797<\/strong><br \/>(-27 for losing)\n|l|\u2606magnusmagnum\n|player|p2|\n|l| talecale9\n|l|\u2606nwjns999\n|player|p1|\n","uploadtime":1729674396,"views":23,"formatid":"gen9vgc2024regh","rating":1730,"private":0,"password":null}