{"id":"gen9vgc2024regh-2229548233","format":"[Gen 9] VGC 2024 Reg H","players":["greenlightdmp","leolc0926"],"log":"|j|\u2606greenlightdmp\n|j|\u2606leolc0926\n|t:|1729725823\n|gametype|doubles\n|player|p1|greenlightdmp|265|1719\n|player|p2|leolc0926|steven|1643\n|teamsize|p1|6\n|teamsize|p2|6\n|gen|9\n|tier|[Gen 9] VGC 2024 Reg H\n|rated|\n|rule|Species Clause: Limit one of each Pok\u00e9mon\n|rule|Item Clause: Limit 1 of each item\n|clearpoke\n|poke|p1|Incineroar, L50, M|\n|poke|p1|Amoonguss, L50, F|\n|poke|p1|Pelipper, L50, F|\n|poke|p1|Archaludon, L50, F|\n|poke|p1|Gholdengo, L50|\n|poke|p1|Basculegion, L50, M|\n|poke|p2|Indeedee-F, L50, F|\n|poke|p2|Hatterene, L50, F|\n|poke|p2|Torkoal, L50, M|\n|poke|p2|Kingambit, L50, F|\n|poke|p2|Gallade, L50, M|\n|poke|p2|Lilligant-Hisui, L50, F|\n|teampreview|4\nleolc0926 has agreed to open team sheets.\n|inactive|Battle timer is ON: inactive players will automatically lose when time's up. (requested by leolc0926)\n|\n|t:|1729725881\n|start\n|switch|p1a: Archaludon|Archaludon, L50, F|100\/100\n|switch|p1b: Alexa|Amoonguss, L50, F|100\/100\n|switch|p2a: \u7ba1\u4e8b\u4fa0|Indeedee-F, L50, F|100\/100\n|switch|p2b: \u950b\u9510\u4fa0|Gallade, L50, M|100\/100\n|-fieldstart|move: Psychic Terrain|[from] ability: Psychic Surge|[of] p2a: \u7ba1\u4e8b\u4fa0\n|-enditem|p2a: \u7ba1\u4e8b\u4fa0|Psychic Seed\n|-boost|p2a: \u7ba1\u4e8b\u4fa0|spd|1|[from] item: Psychic Seed\n|turn|1\n|inactive|greenlightdmp has 30 seconds left.\n|inactive|greenlightdmp has 20 seconds left.\n|inactive|greenlightdmp has 15 seconds left.\n|\n|t:|1729725921\n|switch|p2a: \u9b54\u5973\u4fa0|Hatterene, L50, F|100\/100\n|-terastallize|p2b: \u950b\u9510\u4fa0|Grass\n|move|p1a: Archaludon|Dragon Pulse|p2b: \u950b\u9510\u4fa0\n|-damage|p2b: \u950b\u9510\u4fa0|63\/100\n|move|p1b: Alexa|Spore|p2b: \u950b\u9510\u4fa0\n|-immune|p2b: \u950b\u9510\u4fa0\n|move|p2b: \u950b\u9510\u4fa0|Trick Room|p2b: \u950b\u9510\u4fa0\n|-fieldstart|move: Trick Room|[of] p2b: \u950b\u9510\u4fa0\n|\n|upkeep\n|turn|2\n|inactive|greenlightdmp has 30 seconds left.\n|inactive|greenlightdmp has 20 seconds left.\n|\n|t:|1729725961\n|switch|p1b: Ian|Incineroar, L50, M|100\/100\n|-ability|p1b: Ian|Intimidate|boost\n|-unboost|p2a: \u9b54\u5973\u4fa0|atk|1\n|-fail|p2b: \u950b\u9510\u4fa0|unboost|[from] item: Clear Amulet|[of] p2b: \u950b\u9510\u4fa0\n|move|p2a: \u9b54\u5973\u4fa0|Expanding Force|p1a: Archaludon|[spread] p1a\n|-immune|p1b: Ian\n|-resisted|p1a: Archaludon\n|-damage|p1a: Archaludon|63\/100\n|-ability|p1a: Archaludon|Stamina|boost\n|-boost|p1a: Archaludon|def|1\n|-damage|p2a: \u9b54\u5973\u4fa0|91\/100|[from] item: Life Orb\n|move|p2b: \u950b\u9510\u4fa0|Sacred Sword|p1a: Archaludon\n|-supereffective|p1a: Archaludon\n|-damage|p1a: Archaludon|0 fnt\n|faint|p1a: Archaludon\n|\n|upkeep\n|\n|t:|1729725978\n|switch|p1a: Alexa|Amoonguss, L50, F|100\/100\n|turn|3\n|inactive|greenlightdmp has 30 seconds left.\n|\n|t:|1729726003\n|-terastallize|p1b: Ian|Ghost\n|move|p1a: Alexa|Protect|p1a: Alexa\n|-singleturn|p1a: Alexa|Protect\n|move|p2a: \u9b54\u5973\u4fa0|Expanding Force|p1b: Ian|[spread] p1b\n|-activate|p1a: Alexa|move: Protect\n|-damage|p1b: Ian|15\/100\n|-damage|p2a: \u9b54\u5973\u4fa0|82\/100|[from] item: Life Orb\n|move|p2b: \u950b\u9510\u4fa0|Sacred Sword|p1b: Ian\n|-immune|p1b: Ian\n|move|p1b: Ian|Flare Blitz|p2b: \u950b\u9510\u4fa0\n|-supereffective|p2b: \u950b\u9510\u4fa0\n|-damage|p2b: \u950b\u9510\u4fa0|0 fnt\n|faint|p2b: \u950b\u9510\u4fa0\n|-damage|p1b: Ian|0 fnt|[from] Recoil\n|faint|p1b: Ian\n|\n|upkeep\n|\n|t:|1729726018\n|switch|p2b: \u7ba1\u4e8b\u4fa0|Indeedee-F, L50, F|100\/100\n|switch|p1b: Ushni|Pelipper, L50, F|100\/100\n|-weather|RainDance|[from] ability: Drizzle|[of] p1b: Ushni\n|turn|4\n|\n|t:|1729726036\n|move|p1b: Ushni|Protect|p1b: Ushni\n|-singleturn|p1b: Ushni|Protect\n|move|p2b: \u7ba1\u4e8b\u4fa0|Follow Me|p2b: \u7ba1\u4e8b\u4fa0\n|-singleturn|p2b: \u7ba1\u4e8b\u4fa0|move: Follow Me\n|move|p2a: \u9b54\u5973\u4fa0|Expanding Force|p1b: Ushni|[spread] p1a\n|-activate|p1b: Ushni|move: Protect\n|-supereffective|p1a: Alexa\n|-damage|p1a: Alexa|0 fnt\n|faint|p1a: Alexa\n|-damage|p2a: \u9b54\u5973\u4fa0|72\/100|[from] item: Life Orb\n|\n|-weather|RainDance|[upkeep]\n|upkeep\n|turn|5\n|\n|t:|1729726047\n|move|p2a: \u9b54\u5973\u4fa0|Expanding Force|p1b: Ushni\n|-enditem|p1b: Ushni|Focus Sash\n|-damage|p1b: Ushni|1\/100\n|-damage|p2a: \u9b54\u5973\u4fa0|63\/100|[from] item: Life Orb\n|move|p2b: \u7ba1\u4e8b\u4fa0|Dazzling Gleam|p1b: Ushni\n|-damage|p1b: Ushni|0 fnt\n|faint|p1b: Ushni\n|\n|win|leolc0926\n|raw|greenlightdmp's rating: 1719 &rarr; <strong>1695<\/strong><br \/>(-24 for losing)\n|raw|leolc0926's rating: 1643 &rarr; <strong>1667<\/strong><br \/>(+24 for winning)\n|c|\u2606leolc0926|gg\n|l|\u2606leolc0926\n|player|p2|\n","uploadtime":1729726059,"views":95,"formatid":"gen9vgc2024regh","rating":1667,"private":0,"password":null}