{"id":"gen9vgc2024regh-2229233127","format":"[Gen 9] VGC 2024 Reg H","players":["Doc_MrMega","Jayson_Ubo"],"log":"|j|\u2606Doc_MrMega\n|j|\u2606Jayson_Ubo\n|t:|1729696714\n|gametype|doubles\n|player|p1|Doc_MrMega|266|1648\n|player|p2|Jayson_Ubo|hilbert|1771\n|teamsize|p1|6\n|teamsize|p2|6\n|gen|9\n|tier|[Gen 9] VGC 2024 Reg H\n|rated|\n|rule|Species Clause: Limit one of each Pok\u00e9mon\n|rule|Item Clause: Limit 1 of each item\n|clearpoke\n|poke|p1|Electrode-Hisui, L50|\n|poke|p1|Annihilape, L50, M|\n|poke|p1|Toxtricity, L50, M|\n|poke|p1|Pelipper, L50, M|\n|poke|p1|Archaludon, L50, F|\n|poke|p1|Basculegion, L50, M|\n|poke|p2|Yanma, L50, F|\n|poke|p2|Garchomp, L50, F|\n|poke|p2|Dragonite, L50, F|\n|poke|p2|Sneasler, L50, M|\n|poke|p2|Gholdengo, L50|\n|poke|p2|Indeedee, L50, M|\n|teampreview|4\n|inactive|Battle timer is ON: inactive players will automatically lose when time's up. (requested by Doc_MrMega)\n|inactive|Doc_MrMega has 60 seconds left.\n|\n|t:|1729696763\n|start\n|switch|p1a: Electrode|Electrode-Hisui, L50|100\/100\n|switch|p1b: Archaludon|Archaludon, L50, F|100\/100\n|switch|p2a: Yanma|Yanma, L50, F|100\/100\n|switch|p2b: Gholdengo|Gholdengo, L50|100\/100\n|turn|1\n|\n|t:|1729696780\n|move|p1a: Electrode|Taunt|p2a: Yanma\n|-start|p2a: Yanma|move: Taunt\n|cant|p2a: Yanma|move: Taunt|Hypnosis\n|move|p2b: Gholdengo|Nasty Plot|p2b: Gholdengo\n|-boost|p2b: Gholdengo|spa|2\n|move|p1b: Archaludon|Electro Shot||[still]\n|-prepare|p1b: Archaludon|Electro Shot\n|-boost|p1b: Archaludon|spa|1\n|\n|upkeep\n|turn|2\n|\n|t:|1729696790\n|switch|p2a: Sneasler|Sneasler, L50, M|100\/100\n|move|p1a: Electrode|Electroweb|p2b: Gholdengo|[spread] p2a,p2b\n|-damage|p2a: Sneasler|83\/100\n|-damage|p2b: Gholdengo|86\/100\n|-unboost|p2a: Sneasler|spe|1\n|-unboost|p2b: Gholdengo|spe|1\n|move|p1b: Archaludon|Electro Shot|p2b: Gholdengo|[from]lockedmove\n|-crit|p2b: Gholdengo\n|-damage|p2b: Gholdengo|0 fnt\n|faint|p2b: Gholdengo\n|\n|upkeep\n|\n|t:|1729696798\n|switch|p2b: Indeedee|Indeedee, L50, M|100\/100\n|-fieldstart|move: Psychic Terrain|[from] ability: Psychic Surge|[of] p2b: Indeedee\n|-enditem|p2a: Sneasler|Psychic Seed\n|-boost|p2a: Sneasler|spd|1|[from] item: Psychic Seed\n|turn|3\n|inactive|Doc_MrMega has 30 seconds left.\n|\n|t:|1729696828\n|-terastallize|p2b: Indeedee|Psychic\n|move|p2a: Sneasler|Close Combat|p1b: Archaludon\n|-supereffective|p1b: Archaludon\n|-damage|p1b: Archaludon|3\/100\n|-unboost|p2a: Sneasler|def|1\n|-unboost|p2a: Sneasler|spd|1\n|-ability|p1b: Archaludon|Stamina|boost\n|-boost|p1b: Archaludon|def|1\n|move|p1a: Electrode|Electroweb|p2b: Indeedee|[spread] p2a,p2b\n|-damage|p2a: Sneasler|65\/100\n|-damage|p2b: Indeedee|84\/100\n|-unboost|p2a: Sneasler|spe|1\n|-unboost|p2b: Indeedee|spe|1\n|move|p2b: Indeedee|Expanding Force|p1b: Archaludon|[spread] p1a,p1b\n|-resisted|p1b: Archaludon\n|-damage|p1a: Electrode|0 fnt\n|-damage|p1b: Archaludon|0 fnt\n|faint|p1a: Electrode\n|faint|p1b: Archaludon\n|\n|upkeep\n|\n|t:|1729696843\n|switch|p1a: Pelipper|Pelipper, L50, M|100\/100\n|switch|p1b: Basculegion|Basculegion, L50, M|100\/100\n|-weather|RainDance|[from] ability: Drizzle|[of] p1a: Pelipper\n|turn|4\n|\n|t:|1729696863\n|move|p1b: Basculegion|Wave Crash|p2b: Indeedee\n|-damage|p2b: Indeedee|0 fnt\n|faint|p2b: Indeedee\n|-damage|p1b: Basculegion|81\/100|[from] Recoil\n|move|p2a: Sneasler|Dire Claw|p1a: Pelipper\n|-damage|p1a: Pelipper|41\/100\n|-status|p1a: Pelipper|slp\n|cant|p1a: Pelipper|slp\n|\n|-weather|RainDance|[upkeep]\n|upkeep\n|j| Peroquecuones\n|\n|t:|1729696865\n|switch|p2b: Yanma|Yanma, L50, F|100\/100\n|turn|5\n|inactive|Doc_MrMega has 30 seconds left.\n|inactive|Doc_MrMega has 20 seconds left.\n|inactive|Doc_MrMega has 15 seconds left.\n|\n|t:|1729696909\n|-terastallize|p1a: Pelipper|Ghost\n|move|p1b: Basculegion|Wave Crash|p2a: Sneasler\n|-damage|p2a: Sneasler|0 fnt\n|faint|p2a: Sneasler\n|-damage|p1b: Basculegion|65\/100|[from] Recoil\n|move|p2b: Yanma|Hypnosis|p1b: Basculegion|[miss]\n|-miss|p2b: Yanma|p1b: Basculegion\n|cant|p1a: Pelipper|slp\n|\n|-weather|RainDance|[upkeep]\n|upkeep\n|turn|6\n|-message|Jayson_Ubo forfeited.\n|\n|win|Doc_MrMega\n|raw|Doc_MrMega's rating: 1648 &rarr; <strong>1675<\/strong><br \/>(+27 for winning)\n|raw|Jayson_Ubo's rating: 1771 &rarr; <strong>1744<\/strong><br \/>(-27 for losing)\n|l|\u2606Jayson_Ubo\n|player|p2|\n|l| Peroquecuones\n|l|\u2606Doc_MrMega\n|player|p1|\n","uploadtime":1729697156,"views":20,"formatid":"gen9vgc2024regh","rating":1675,"private":0,"password":null}