{"id":"gen9vgc2024regh-2229997277","format":"[Gen 9] VGC 2024 Reg H","players":["yongbao","MomeriA12"],"log":"|j|\u2606yongbao\n|j|\u2606MomeriA12\n|t:|1729784098\n|gametype|doubles\n|player|p1|yongbao|dawn-gen4pt|1705\n|player|p2|MomeriA12|170|1699\n|teamsize|p1|6\n|teamsize|p2|6\n|gen|9\n|tier|[Gen 9] VGC 2024 Reg H\n|rated|\n|rule|Species Clause: Limit one of each Pok\u00e9mon\n|rule|Item Clause: Limit 1 of each item\n|clearpoke\n|poke|p1|Garchomp, L50, F|\n|poke|p1|Annihilape, L50, F|\n|poke|p1|Corviknight, L50, M|\n|poke|p1|Tyranitar, L50, F|\n|poke|p1|Gholdengo, L50|\n|poke|p1|Dragonite, L50, M|\n|poke|p2|Staraptor, L50, F|\n|poke|p2|Hydreigon, L50, M|\n|poke|p2|Lilligant-Hisui, L50, F|\n|poke|p2|Torkoal, L50, F|\n|poke|p2|Ursaluna, L50, F|\n|poke|p2|Farigiraf, L50, M|\n|teampreview|4\n|\n|t:|1729784164\n|start\n|switch|p1a: Garchomp|Garchomp, L50, F|100\/100\n|switch|p1b: Gholdengo|Gholdengo, L50|100\/100\n|switch|p2a: Lilligant|Lilligant-Hisui, L50, F|100\/100\n|switch|p2b: Farigiraf|Farigiraf, L50, M|100\/100\n|turn|1\n|\n|t:|1729784185\n|-terastallize|p1b: Gholdengo|Flying\n|move|p2b: Farigiraf|Protect|p2b: Farigiraf\n|-singleturn|p2b: Farigiraf|Protect\n|move|p1a: Garchomp|Earthquake|p2a: Lilligant|[spread] p2a\n|-activate|p2b: Farigiraf|move: Protect\n|-immune|p1b: Gholdengo\n|-resisted|p2a: Lilligant\n|-damage|p2a: Lilligant|68\/100\n|move|p2a: Lilligant|Sleep Powder|p1a: Garchomp\n|-status|p1a: Garchomp|slp|[from] move: Sleep Powder\n|move|p1b: Gholdengo|Make It Rain|p2b: Farigiraf|[spread] p2a\n|-activate|p2b: Farigiraf|move: Protect\n|-damage|p2a: Lilligant|0 fnt\n|-unboost|p1b: Gholdengo|spa|1\n|faint|p2a: Lilligant\n|\n|upkeep\n|\n|t:|1729784212\n|switch|p2a: Torkoal|Torkoal, L50, F|100\/100\n|-weather|SunnyDay|[from] ability: Drought|[of] p2a: Torkoal\n|turn|2\n|\n|t:|1729784218\n|switch|p1a: Tyranitar|Tyranitar, L50, F|100\/100\n|-weather|Sandstorm|[from] ability: Sand Stream|[of] p1a: Tyranitar\n|switch|p2a: Ursaluna|Ursaluna, L50, F|100\/100\n|move|p1b: Gholdengo|Make It Rain|p2b: Farigiraf|[spread] p2a,p2b\n|-damage|p2a: Ursaluna|55\/100\n|-damage|p2b: Farigiraf|62\/100\n|-unboost|p1b: Gholdengo|spa|1\n|move|p2b: Farigiraf|Trick Room|p2b: Farigiraf\n|-fieldstart|move: Trick Room|[of] p2b: Farigiraf\n|\n|-weather|Sandstorm|[upkeep]\n|-damage|p2b: Farigiraf|55\/100|[from] Sandstorm\n|-damage|p1b: Gholdengo|94\/100|[from] Sandstorm\n|-status|p2a: Ursaluna|brn|[from] item: Flame Orb\n|upkeep\n|turn|3\n|\n|t:|1729784258\n|switch|p1a: Annihilape|Annihilape, L50, F|100\/100\n|move|p2b: Farigiraf|Protect|p2b: Farigiraf\n|-singleturn|p2b: Farigiraf|Protect\n|move|p2a: Ursaluna|Earthquake|p1a: Annihilape|[spread] p1a\n|-activate|p2b: Farigiraf|move: Protect\n|-immune|p1b: Gholdengo\n|-damage|p1a: Annihilape|32\/100\n|-enditem|p1a: Annihilape|Sitrus Berry|[eat]\n|-heal|p1a: Annihilape|57\/100|[from] item: Sitrus Berry\n|move|p1b: Gholdengo|Make It Rain|p2b: Farigiraf|[spread] p2a\n|-activate|p2b: Farigiraf|move: Protect\n|-damage|p2a: Ursaluna|22\/100 brn\n|-unboost|p1b: Gholdengo|spa|1\n|\n|-weather|Sandstorm|[upkeep]\n|-damage|p2b: Farigiraf|49\/100|[from] Sandstorm\n|-damage|p1b: Gholdengo|88\/100|[from] Sandstorm\n|-damage|p1a: Annihilape|51\/100|[from] Sandstorm\n|-enditem|p2b: Farigiraf|Sitrus Berry|[eat]\n|-heal|p2b: Farigiraf|74\/100|[from] item: Sitrus Berry\n|-damage|p2a: Ursaluna|16\/100 brn|[from] brn\n|upkeep\n|turn|4\n|\n|t:|1729784296\n|move|p2a: Ursaluna|Headlong Rush|p1b: Gholdengo\n|-immune|p1b: Gholdengo\n|move|p2b: Farigiraf|Psychic Noise|p1a: Annihilape\n|-supereffective|p1a: Annihilape\n|-damage|p1a: Annihilape|0 fnt\n|faint|p1a: Annihilape\n|move|p1b: Gholdengo|Make It Rain|p2a: Ursaluna|[spread] p2a,p2b\n|-damage|p2a: Ursaluna|0 fnt\n|-damage|p2b: Farigiraf|50\/100\n|-unboost|p1b: Gholdengo|spa|1\n|faint|p2a: Ursaluna\n|\n|-weather|Sandstorm|[upkeep]\n|-damage|p2b: Farigiraf|43\/100|[from] Sandstorm\n|-damage|p1b: Gholdengo|82\/100|[from] Sandstorm\n|upkeep\n|\n|t:|1729784313\n|switch|p2a: Torkoal|Torkoal, L50, F|100\/100\n|switch|p1a: Garchomp|Garchomp, L50, F|100\/100 slp\n|-weather|SunnyDay|[from] ability: Drought|[of] p2a: Torkoal\n|turn|5\n|\n|t:|1729784324\n|switch|p1a: Tyranitar|Tyranitar, L50, F|100\/100\n|-weather|Sandstorm|[from] ability: Sand Stream|[of] p1a: Tyranitar\n|-terastallize|p2b: Farigiraf|Fairy\n|move|p2a: Torkoal|Eruption|p1a: Tyranitar|[spread] p1a,p1b\n|-resisted|p1a: Tyranitar\n|-damage|p1a: Tyranitar|90\/100\n|-damage|p1b: Gholdengo|8\/100\n|move|p2b: Farigiraf|Dazzling Gleam|p1b: Gholdengo|[spread] p1a,p1b\n|-supereffective|p1a: Tyranitar\n|-damage|p1a: Tyranitar|72\/100\n|-damage|p1b: Gholdengo|0 fnt\n|faint|p1b: Gholdengo\n|\n|-weather|Sandstorm|[upkeep]\n|-damage|p2a: Torkoal|94\/100|[from] Sandstorm\n|-damage|p2b: Farigiraf|37\/100|[from] Sandstorm\n|upkeep\n|\n|t:|1729784339\n|switch|p1b: Garchomp|Garchomp, L50, F|100\/100 slp\n|turn|6\n|\n|t:|1729784349\n|move|p2a: Torkoal|Eruption|p1a: Tyranitar|[spread] p1a,p1b\n|-resisted|p1a: Tyranitar\n|-resisted|p1b: Garchomp\n|-damage|p1a: Tyranitar|61\/100\n|-damage|p1b: Garchomp|68\/100 slp\n|move|p2b: Farigiraf|Dazzling Gleam|p1b: Garchomp|[spread] p1a,p1b\n|-supereffective|p1a: Tyranitar\n|-supereffective|p1b: Garchomp\n|-damage|p1a: Tyranitar|43\/100\n|-damage|p1b: Garchomp|16\/100 slp\n|move|p1a: Tyranitar|Rock Slide|p2a: Torkoal|[spread] p2a,p2b\n|-supereffective|p2a: Torkoal\n|-damage|p2a: Torkoal|42\/100\n|-damage|p2b: Farigiraf|8\/100\n|cant|p1b: Garchomp|slp\n|\n|-weather|Sandstorm|[upkeep]\n|-damage|p2a: Torkoal|36\/100|[from] Sandstorm\n|-damage|p2b: Farigiraf|1\/100|[from] Sandstorm\n|-fieldend|move: Trick Room\n|upkeep\n|turn|7\n|\n|t:|1729784369\n|cant|p1b: Garchomp|slp\n|move|p1a: Tyranitar|Rock Slide|p2a: Torkoal|[spread] p2a,p2b\n|-supereffective|p2a: Torkoal\n|-crit|p2b: Farigiraf\n|-damage|p2a: Torkoal|0 fnt\n|-damage|p2b: Farigiraf|0 fnt\n|faint|p2a: Torkoal\n|faint|p2b: Farigiraf\n|\n|win|yongbao\n|raw|yongbao's rating: 1705 &rarr; <strong>1725<\/strong><br \/>(+20 for winning)\n|raw|MomeriA12's rating: 1699 &rarr; <strong>1679<\/strong><br \/>(-20 for losing)\n|l|\u2606MomeriA12\n|player|p2|\n|l|\u2606yongbao\n|player|p1|\n","uploadtime":1729784514,"views":23,"formatid":"gen9vgc2024regh","rating":1679,"private":0,"password":null}