{"id":"gen9vgc2024regh-2229519216","format":"[Gen 9] VGC 2024 Reg H","players":["XZacLee","dalas91"],"log":"|j|\u2606XZacLee\n|j|\u2606dalas91\n|t:|1729722533\n|gametype|doubles\n|player|p1|XZacLee|doctor-gen8|1706\n|player|p2|dalas91|dragontamer|1776\n|teamsize|p1|6\n|teamsize|p2|6\n|gen|9\n|tier|[Gen 9] VGC 2024 Reg H\n|rated|\n|rule|Species Clause: Limit one of each Pok\u00e9mon\n|rule|Item Clause: Limit 1 of each item\n|clearpoke\n|poke|p1|Rillaboom, L50, M|\n|poke|p1|Kingambit, L50, F|\n|poke|p1|Sneasler, L50, M|\n|poke|p1|Baxcalibur, L50, M|\n|poke|p1|Volcarona, L50, M|\n|poke|p1|Dondozo, L50, F|\n|poke|p2|Archaludon, L50, F|\n|poke|p2|Whimsicott, L50, M|\n|poke|p2|Incineroar, L50, F|\n|poke|p2|Milotic, L50, F|\n|poke|p2|Annihilape, L50, M|\n|poke|p2|Basculegion, L50, M|\n|teampreview|4\n|j| mr pogostick\n|\n|t:|1729722569\n|start\n|switch|p1a: Sneasler|Sneasler, L50, M, shiny|100\/100\n|switch|p1b: Kingambit|Kingambit, L50, F, shiny|100\/100\n|switch|p2a: Whimsicott|Whimsicott, L50, M|100\/100\n|switch|p2b: Annihilape|Annihilape, L50, M|100\/100\n|turn|1\n|\n|t:|1729722599\n|-terastallize|p1b: Kingambit|Dark\n|move|p1a: Sneasler|Coaching|p1b: Kingambit\n|-boost|p1b: Kingambit|atk|1\n|-boost|p1b: Kingambit|def|1\n|move|p2a: Whimsicott|Moonblast|p1b: Kingambit\n|-supereffective|p1b: Kingambit\n|-damage|p1b: Kingambit|37\/100\n|-unboost|p1b: Kingambit|spa|1\n|-ability|p1b: Kingambit|Defiant|boost\n|-boost|p1b: Kingambit|atk|2\n|move|p2b: Annihilape|Close Combat|p1b: Kingambit\n|-supereffective|p1b: Kingambit\n|-damage|p1b: Kingambit|0 fnt\n|-unboost|p2b: Annihilape|def|1\n|-unboost|p2b: Annihilape|spd|1\n|faint|p1b: Kingambit\n|\n|upkeep\n|l| mr pogostick\n|\n|t:|1729722610\n|switch|p1b: Baxcalibur|Baxcalibur, L50, M, shiny|100\/100\n|turn|2\n|\n|t:|1729722630\n|switch|p1b: Volcarona|Volcarona, L50, M, shiny|100\/100\n|-terastallize|p2a: Whimsicott|Ghost\n|move|p1a: Sneasler|Dire Claw|p2a: Whimsicott\n|-resisted|p2a: Whimsicott\n|-damage|p2a: Whimsicott|72\/100\n|move|p2a: Whimsicott|Moonblast|p1b: Volcarona\n|-resisted|p1b: Volcarona\n|-damage|p1b: Volcarona|83\/100\n|move|p2b: Annihilape|Close Combat|p1b: Volcarona\n|-resisted|p1b: Volcarona\n|-damage|p1b: Volcarona|47\/100\n|-unboost|p2b: Annihilape|def|1\n|-unboost|p2b: Annihilape|spd|1\n|\n|upkeep\n|turn|3\n|\n|t:|1729722669\n|switch|p2b: Incineroar|Incineroar, L50, F|100\/100\n|-ability|p2b: Incineroar|Intimidate|boost\n|-unboost|p1a: Sneasler|atk|1\n|-unboost|p1b: Volcarona|atk|1\n|move|p1b: Volcarona|Rage Powder|p1b: Volcarona\n|-singleturn|p1b: Volcarona|move: Rage Powder\n|move|p2a: Whimsicott|Tailwind|p2a: Whimsicott\n|-sidestart|p2: dalas91|move: Tailwind\n|move|p1a: Sneasler|Dire Claw|p2b: Incineroar\n|-damage|p2b: Incineroar|71\/100\n|\n|upkeep\n|turn|4\n|\n|t:|1729722703\n|move|p2a: Whimsicott|Encore|p1b: Volcarona\n|-start|p1b: Volcarona|Encore\n|move|p1a: Sneasler|Close Combat|p2b: Incineroar\n|-supereffective|p2b: Incineroar\n|-crit|p2b: Incineroar\n|-damage|p2b: Incineroar|0 fnt\n|-unboost|p1a: Sneasler|def|1\n|-unboost|p1a: Sneasler|spd|1\n|faint|p2b: Incineroar\n|move|p1b: Volcarona|Rage Powder|p1b: Volcarona\n|-singleturn|p1b: Volcarona|move: Rage Powder\n|\n|upkeep\n|\n|t:|1729722717\n|switch|p2b: Annihilape|Annihilape, L50, M|100\/100\n|turn|5\n|\n|t:|1729722756\n|move|p1b: Volcarona|Rage Powder|p1b: Volcarona\n|-singleturn|p1b: Volcarona|move: Rage Powder\n|move|p2a: Whimsicott|Encore||[still]\n|-fail|p2a: Whimsicott\n|move|p2b: Annihilape|Rage Fist|p1b: Volcarona\n|-damage|p1b: Volcarona|15\/100\n|-status|p2b: Annihilape|brn|[from] ability: Flame Body|[of] p1b: Volcarona\n|move|p1a: Sneasler|Dire Claw|p2a: Whimsicott\n|-resisted|p2a: Whimsicott\n|-damage|p2a: Whimsicott|52\/100\n|-status|p2a: Whimsicott|psn\n|\n|-damage|p2a: Whimsicott|39\/100 psn|[from] psn\n|-damage|p2b: Annihilape|95\/100 brn|[from] brn\n|upkeep\n|turn|6\n|\n|t:|1729722781\n|switch|p2b: Archaludon|Archaludon, L50, F|100\/100\n|move|p1b: Volcarona|Rage Powder|p1b: Volcarona\n|-singleturn|p1b: Volcarona|move: Rage Powder\n|move|p2a: Whimsicott|Moonblast|p1b: Volcarona\n|-resisted|p1b: Volcarona\n|-damage|p1b: Volcarona|0 fnt\n|faint|p1b: Volcarona\n|move|p1a: Sneasler|Dire Claw|p2a: Whimsicott\n|-resisted|p2a: Whimsicott\n|-damage|p2a: Whimsicott|19\/100 psn\n|\n|-damage|p2a: Whimsicott|7\/100 psn|[from] psn\n|-sideend|p2: dalas91|move: Tailwind\n|upkeep\n|\n|t:|1729722788\n|switch|p1b: Baxcalibur|Baxcalibur, L50, M, shiny|100\/100\n|turn|7\n|\n|t:|1729722822\n|move|p1a: Sneasler|Protect|p1a: Sneasler\n|-singleturn|p1a: Sneasler|Protect\n|move|p2a: Whimsicott|Beat Up|p2b: Archaludon\n|-damage|p2b: Archaludon|99\/100\n|-ability|p2b: Archaludon|Stamina|boost\n|-boost|p2b: Archaludon|def|1\n|-damage|p2b: Archaludon|98\/100\n|-ability|p2b: Archaludon|Stamina|boost\n|-boost|p2b: Archaludon|def|1\n|-hitcount|p2b: Archaludon|2\n|move|p1b: Baxcalibur|Scale Shot|p2b: Archaludon\n|-damage|p2b: Archaludon|93\/100\n|-ability|p2b: Archaludon|Stamina|boost\n|-boost|p2b: Archaludon|def|1\n|-damage|p2b: Archaludon|88\/100\n|-ability|p2b: Archaludon|Stamina|boost\n|-boost|p2b: Archaludon|def|1\n|-damage|p2b: Archaludon|84\/100\n|-ability|p2b: Archaludon|Stamina|boost\n|-boost|p2b: Archaludon|def|1\n|-damage|p2b: Archaludon|81\/100\n|-ability|p2b: Archaludon|Stamina|boost\n|-boost|p2b: Archaludon|def|1\n|-hitcount|p2b: Archaludon|4\n|-unboost|p1b: Baxcalibur|def|1\n|-boost|p1b: Baxcalibur|spe|1\n|move|p2b: Archaludon|Body Press|p1b: Baxcalibur\n|-supereffective|p1b: Baxcalibur\n|-damage|p1b: Baxcalibur|0 fnt\n|faint|p1b: Baxcalibur\n|\n|-damage|p2a: Whimsicott|0 fnt|[from] psn\n|faint|p2a: Whimsicott\n|upkeep\n|-message|XZacLee forfeited.\n|\n|win|dalas91\n|raw|XZacLee's rating: 1706 &rarr; <strong>1690<\/strong><br \/>(-16 for losing)\n|raw|dalas91's rating: 1776 &rarr; <strong>1792<\/strong><br \/>(+16 for winning)\n|l|\u2606XZacLee\n|player|p1|\n|l|\u2606dalas91\n|player|p2|\n","uploadtime":1729723068,"views":62,"formatid":"gen9vgc2024regh","rating":1690,"private":0,"password":null}