{"id":"gen9vgc2024regh-2229339809","format":"[Gen 9] VGC 2024 Reg H","players":["MomeriA12","spaccas"],"log":"|j|\u2606MomeriA12\n|j|\u2606spaccas\n|t:|1729705631\n|gametype|doubles\n|player|p1|MomeriA12|265|1651\n|player|p2|spaccas|170|1771\n|teamsize|p1|6\n|teamsize|p2|6\n|gen|9\n|tier|[Gen 9] VGC 2024 Reg H\n|rated|\n|rule|Species Clause: Limit one of each Pok\u00e9mon\n|rule|Item Clause: Limit 1 of each item\n|clearpoke\n|poke|p1|Staraptor, L50, F|\n|poke|p1|Hydreigon, L50, M|\n|poke|p1|Lilligant-Hisui, L50, F|\n|poke|p1|Torkoal, L50, M|\n|poke|p1|Ursaluna, L50, F|\n|poke|p1|Farigiraf, L50, M|\n|poke|p2|Grimmsnarl, L50, M|\n|poke|p2|Annihilape, L50, F|\n|poke|p2|Gholdengo, L50|\n|poke|p2|Dragonite, L50, M|\n|poke|p2|Ursaluna-Bloodmoon, L50, M|\n|poke|p2|Volcarona, L50, M|\n|teampreview|4\n|inactive|Battle timer is ON: inactive players will automatically lose when time's up. (requested by spaccas)\n|\n|t:|1729705656\n|start\n|switch|p1a: Lilligant|Lilligant-Hisui, L50, F|100\/100\n|switch|p1b: Torkoal|Torkoal, L50, M|100\/100\n|switch|p2a: Dragonite|Dragonite, L50, M|100\/100\n|switch|p2b: Grimmsnarl|Grimmsnarl, L50, M|100\/100\n|-weather|SunnyDay|[from] ability: Drought|[of] p1b: Torkoal\n|turn|1\n|\n|t:|1729705669\n|move|p2b: Grimmsnarl|Light Screen|p2b: Grimmsnarl\n|-sidestart|p2: spaccas|move: Light Screen\n|move|p1a: Lilligant|Sleep Powder|p2a: Dragonite|[miss]\n|-miss|p1a: Lilligant|p2a: Dragonite\n|move|p2a: Dragonite|Scale Shot|p1a: Lilligant\n|-damage|p1a: Lilligant|78\/100\n|-damage|p1a: Lilligant|55\/100\n|-damage|p1a: Lilligant|32\/100\n|-damage|p1a: Lilligant|11\/100\n|-hitcount|p1a: Lilligant|4\n|-unboost|p2a: Dragonite|def|1\n|-boost|p2a: Dragonite|spe|1\n|move|p1b: Torkoal|Eruption|p2a: Dragonite|[spread] p2a,p2b\n|-resisted|p2a: Dragonite\n|-damage|p2a: Dragonite|85\/100\n|-damage|p2b: Grimmsnarl|37\/100\n|\n|-weather|SunnyDay|[upkeep]\n|upkeep\n|turn|2\n|\n|t:|1729705691\n|move|p1a: Lilligant|Protect|p1a: Lilligant\n|-singleturn|p1a: Lilligant|Protect\n|move|p2b: Grimmsnarl|Thunder Wave|p1a: Lilligant\n|-activate|p1a: Lilligant|move: Protect\n|move|p2a: Dragonite|Scale Shot|p1a: Lilligant\n|-activate|p1a: Lilligant|move: Protect\n|move|p1b: Torkoal|Eruption|p2a: Dragonite|[spread] p2a,p2b\n|-resisted|p2a: Dragonite\n|-damage|p2a: Dragonite|53\/100\n|-damage|p2b: Grimmsnarl|0 fnt\n|faint|p2b: Grimmsnarl\n|\n|-weather|SunnyDay|[upkeep]\n|upkeep\n|\n|t:|1729705695\n|switch|p2b: Ursaluna|Ursaluna-Bloodmoon, L50, M|100\/100\n|turn|3\n|inactive|MomeriA12 has 30 seconds left.\n|\n|t:|1729705720\n|switch|p1b: Farigiraf|Farigiraf, L50, M|100\/100\n|move|p2b: Ursaluna|Vacuum Wave||[still]\n|cant|p1b: Farigiraf|ability: Armor Tail|Vacuum Wave|[of] p2b: Ursaluna\n|move|p1a: Lilligant|Close Combat|p2b: Ursaluna\n|-supereffective|p2b: Ursaluna\n|-damage|p2b: Ursaluna|24\/100\n|-unboost|p1a: Lilligant|def|1\n|-unboost|p1a: Lilligant|spd|1\n|move|p2a: Dragonite|Scale Shot|p1b: Farigiraf\n|-damage|p1b: Farigiraf|87\/100\n|-damage|p1b: Farigiraf|73\/100\n|-damage|p1b: Farigiraf|60\/100\n|-damage|p1b: Farigiraf|45\/100\n|-enditem|p1b: Farigiraf|Sitrus Berry|[eat]\n|-heal|p1b: Farigiraf|70\/100|[from] item: Sitrus Berry\n|-hitcount|p1b: Farigiraf|4\n|-unboost|p2a: Dragonite|def|1\n|-boost|p2a: Dragonite|spe|1\n|\n|-weather|SunnyDay|[upkeep]\n|upkeep\n|turn|4\n|\n|t:|1729705741\n|switch|p2b: Volcarona|Volcarona, L50, M|100\/100\n|move|p1a: Lilligant|Close Combat|p2b: Volcarona\n|-resisted|p2b: Volcarona\n|-damage|p2b: Volcarona|66\/100\n|-unboost|p1a: Lilligant|def|1\n|-unboost|p1a: Lilligant|spd|1\n|move|p2a: Dragonite|Scale Shot|p1b: Farigiraf\n|-damage|p1b: Farigiraf|55\/100\n|-damage|p1b: Farigiraf|41\/100\n|-crit|p1b: Farigiraf\n|-damage|p1b: Farigiraf|21\/100\n|-damage|p1b: Farigiraf|5\/100\n|-damage|p1b: Farigiraf|0 fnt\n|faint|p1b: Farigiraf\n|-hitcount|p1: Farigiraf|5\n|-unboost|p2a: Dragonite|def|1\n|-boost|p2a: Dragonite|spe|1\n|\n|-weather|SunnyDay|[upkeep]\n|upkeep\n|\n|t:|1729705759\n|switch|p1b: Ursaluna|Ursaluna, L50, F|100\/100\n|turn|5\n|\n|t:|1729705767\n|move|p1a: Lilligant|Protect|p1a: Lilligant\n|-singleturn|p1a: Lilligant|Protect\n|move|p2a: Dragonite|Scale Shot|p1a: Lilligant\n|-activate|p1a: Lilligant|move: Protect\n|move|p2b: Volcarona|Heat Wave|p1a: Lilligant|[spread] p1b\n|-activate|p1a: Lilligant|move: Protect\n|-damage|p1b: Ursaluna|56\/100\n|move|p1b: Ursaluna|Facade|p2a: Dragonite\n|-damage|p2a: Dragonite|0 fnt\n|faint|p2a: Dragonite\n|\n|-weather|none\n|-status|p1b: Ursaluna|brn|[from] item: Flame Orb\n|upkeep\n|\n|t:|1729705777\n|switch|p2a: Ursaluna|Ursaluna-Bloodmoon, L50, M|24\/100\n|turn|6\n|\n|t:|1729705797\n|move|p2a: Ursaluna|Vacuum Wave|p1a: Lilligant\n|-damage|p1a: Lilligant|0 fnt\n|faint|p1a: Lilligant\n|move|p2b: Volcarona|Heat Wave|p1b: Ursaluna\n|-damage|p1b: Ursaluna|13\/100 brn\n|move|p1b: Ursaluna|Earthquake|p2a: Ursaluna|[spread] p2a,p2b\n|-damage|p2a: Ursaluna|0 fnt\n|-damage|p2b: Volcarona|0 fnt\n|faint|p2a: Ursaluna\n|faint|p2b: Volcarona\n|\n|win|MomeriA12\n|raw|MomeriA12's rating: 1651 &rarr; <strong>1678<\/strong><br \/>(+27 for winning)\n|raw|spaccas's rating: 1771 &rarr; <strong>1744<\/strong><br \/>(-27 for losing)\n|l|\u2606spaccas\n|player|p2|\n|l|\u2606MomeriA12\n|player|p1|\n","uploadtime":1729706013,"views":11,"formatid":"gen9vgc2024regh","rating":1678,"private":0,"password":null}