{"id":"gen9vgc2024regh-2229347791","format":"[Gen 9] VGC 2024 Reg H","players":["spaccas","yung elmers glue"],"log":"|j|\u2606spaccas\n|j|\u2606yung elmers glue\n|t:|1729706292\n|gametype|doubles\n|player|p1|spaccas|170|1739\n|player|p2|yung elmers glue|juan|1769\n|teamsize|p1|6\n|teamsize|p2|6\n|gen|9\n|tier|[Gen 9] VGC 2024 Reg H\n|rated|\n|rule|Species Clause: Limit one of each Pok\u00e9mon\n|rule|Item Clause: Limit 1 of each item\n|clearpoke\n|poke|p1|Grimmsnarl, L50, M|\n|poke|p1|Annihilape, L50, F|\n|poke|p1|Gholdengo, L50|\n|poke|p1|Dragonite, L50, M|\n|poke|p1|Ursaluna-Bloodmoon, L50, M|\n|poke|p1|Volcarona, L50, F|\n|poke|p2|Dragonite, L50, M|\n|poke|p2|Clefable, L50, F|\n|poke|p2|Dondozo, L50, M|\n|poke|p2|Annihilape, L50, F|\n|poke|p2|Kingambit, L50, M|\n|poke|p2|Tatsugiri, L50, M|\n|teampreview|4\n|inactive|Battle timer is ON: inactive players will automatically lose when time's up. (requested by spaccas)\n|\n|t:|1729706316\n|start\n|switch|p1a: Annihilape|Annihilape, L50, F|100\/100\n|switch|p1b: Grimmsnarl|Grimmsnarl, L50, M|100\/100\n|switch|p2a: FBG|Dragonite, L50, M|100\/100\n|switch|p2b: Dont Stop Me Now|Annihilape, L50, F|100\/100\n|turn|1\n|\n|t:|1729706325\n|-terastallize|p2a: FBG|Flying\n|move|p1b: Grimmsnarl|Reflect|p1b: Grimmsnarl\n|-sidestart|p1: spaccas|Reflect\n|move|p2b: Dont Stop Me Now|Coaching|p2a: FBG\n|-boost|p2a: FBG|atk|1\n|-boost|p2a: FBG|def|1\n|move|p1a: Annihilape|Bulk Up|p1a: Annihilape\n|-boost|p1a: Annihilape|atk|1\n|-boost|p1a: Annihilape|def|1\n|move|p2a: FBG|Tera Blast|p1a: Annihilape|[anim] Tera Blast Flying\n|-supereffective|p1a: Annihilape\n|-damage|p1a: Annihilape|16\/100\n|\n|-heal|p1a: Annihilape|22\/100|[from] item: Leftovers\n|upkeep\n|turn|2\n|\n|t:|1729706344\n|switch|p2b: Rhapsody|Tatsugiri, L50, M|100\/100\n|move|p2a: FBG|Protect|p2a: FBG\n|-singleturn|p2a: FBG|Protect\n|move|p1b: Grimmsnarl|Thunder Wave|p2a: FBG\n|-activate|p2a: FBG|move: Protect\n|move|p1a: Annihilape|Rage Fist|p2b: Rhapsody\n|-damage|p2b: Rhapsody|10\/100\n|\n|-heal|p1a: Annihilape|28\/100|[from] item: Leftovers\n|upkeep\n|turn|3\n|\n|t:|1729706359\n|move|p1b: Grimmsnarl|Thunder Wave|p2a: FBG\n|-status|p2a: FBG|par\n|move|p1a: Annihilape|Rage Fist|p2a: FBG\n|-damage|p2a: FBG|83\/100 par\n|move|p2b: Rhapsody|Dragon Pulse|p1a: Annihilape\n|-damage|p1a: Annihilape|0 fnt\n|faint|p1a: Annihilape\n|move|p2a: FBG|Tera Blast|p1b: Grimmsnarl|[anim] Tera Blast Flying\n|-damage|p1b: Grimmsnarl|44\/100\n|\n|upkeep\n|\n|t:|1729706367\n|switch|p1a: Ursaluna|Ursaluna-Bloodmoon, L50, M|100\/100\n|turn|4\n|\n|t:|1729706377\n|move|p2b: Rhapsody|Protect|p2b: Rhapsody\n|-singleturn|p2b: Rhapsody|Protect\n|cant|p2a: FBG|par\n|move|p1b: Grimmsnarl|Thunder Wave|p2b: Rhapsody\n|-activate|p2b: Rhapsody|move: Protect\n|move|p1a: Ursaluna|Hyper Voice|p2a: FBG|[spread] p2a\n|-activate|p2b: Rhapsody|move: Protect\n|-damage|p2a: FBG|41\/100 par\n|\n|upkeep\n|turn|5\n|\n|t:|1729706388\n|switch|p2a: Bohemian|Dondozo, L50, M|100\/100\n|-activate|p2b: Rhapsody|ability: Commander|[of] p2a: Bohemian\n|-boost|p2a: Bohemian|atk|2\n|-boost|p2a: Bohemian|spa|2\n|-boost|p2a: Bohemian|spe|2\n|-boost|p2a: Bohemian|def|2\n|-boost|p2a: Bohemian|spd|2\n|move|p1b: Grimmsnarl|Thunder Wave|p2b: Rhapsody|[miss]\n|-miss|p1b: Grimmsnarl|p2b: Rhapsody\n|move|p1a: Ursaluna|Hyper Voice|p2a: Bohemian|[spread] p2a\n|-miss|p1a: Ursaluna|p2b: Rhapsody\n|-damage|p2a: Bohemian|81\/100\n|\n|-heal|p2a: Bohemian|87\/100|[from] item: Leftovers\n|upkeep\n|turn|6\n|\n|t:|1729706397\n|-terastallize|p1a: Ursaluna|Water\n|move|p1b: Grimmsnarl|Thunder Wave|p2a: Bohemian\n|-status|p2a: Bohemian|par\n|cant|p2a: Bohemian|par\n|move|p1a: Ursaluna|Blood Moon|p2a: Bohemian\n|-damage|p2a: Bohemian|50\/100 par\n|\n|-heal|p2a: Bohemian|57\/100 par|[from] item: Leftovers\n|upkeep\n|turn|7\n|\n|t:|1729706411\n|move|p2a: Bohemian|Heavy Slam|p1b: Grimmsnarl\n|-supereffective|p1b: Grimmsnarl\n|-damage|p1b: Grimmsnarl|0 fnt\n|faint|p1b: Grimmsnarl\n|move|p1a: Ursaluna|Hyper Voice|p2a: Bohemian|[spread] p2a\n|-miss|p1a: Ursaluna|p2b: Rhapsody\n|-damage|p2a: Bohemian|38\/100 par\n|\n|-heal|p2a: Bohemian|44\/100 par|[from] item: Leftovers\n|upkeep\n|\n|t:|1729706417\n|switch|p1b: Dragonite|Dragonite, L50, M|100\/100\n|turn|8\n|\n|t:|1729706426\n|move|p1b: Dragonite|Haze|p1b: Dragonite\n|-clearallboost\n|move|p1a: Ursaluna|Hyper Voice|p2a: Bohemian|[spread] p2a\n|-miss|p1a: Ursaluna|p2b: Rhapsody\n|-damage|p2a: Bohemian|6\/100 par\n|move|p2a: Bohemian|Heavy Slam|p1b: Dragonite\n|-damage|p1b: Dragonite|96\/100\n|\n|-heal|p2a: Bohemian|12\/100 par|[from] item: Leftovers\n|-sideend|p1: spaccas|Reflect\n|upkeep\n|turn|9\n|\n|t:|1729706438\n|move|p1b: Dragonite|Scale Shot|p2a: Bohemian\n|-damage|p2a: Bohemian|2\/100 par\n|-damage|p2a: Bohemian|0 fnt\n|faint|p2a: Bohemian\n|-hitcount|p2: Bohemian|2\n|-unboost|p1b: Dragonite|def|1\n|-boost|p1b: Dragonite|spe|1\n|move|p1a: Ursaluna|Hyper Voice|p2b: Rhapsody\n|-damage|p2b: Rhapsody|0 fnt\n|faint|p2b: Rhapsody\n|\n|upkeep\n|\n|t:|1729706441\n|switch|p2b: Dont Stop Me Now|Annihilape, L50, F|100\/100\n|switch|p2a: FBG|Dragonite, L50, M, tera:Flying|41\/100 par\n|turn|10\n|\n|t:|1729706458\n|move|p2a: FBG|Extreme Speed|p1b: Dragonite\n|-damage|p1b: Dragonite|47\/100\n|move|p2b: Dont Stop Me Now|Close Combat|p1b: Dragonite\n|-resisted|p1b: Dragonite\n|-damage|p1b: Dragonite|8\/100\n|-unboost|p2b: Dont Stop Me Now|def|1\n|-unboost|p2b: Dont Stop Me Now|spd|1\n|move|p1b: Dragonite|Scale Shot|p2a: FBG\n|-damage|p2a: FBG|23\/100 par\n|-damage|p2a: FBG|6\/100 par\n|-damage|p2a: FBG|0 fnt\n|faint|p2a: FBG\n|-hitcount|p2: FBG|3\n|-unboost|p1b: Dragonite|def|1\n|-boost|p1b: Dragonite|spe|1\n|move|p1a: Ursaluna|Blood Moon|p2b: Dont Stop Me Now\n|-damage|p2b: Dont Stop Me Now|0 fnt\n|faint|p2b: Dont Stop Me Now\n|\n|win|spaccas\n|raw|spaccas's rating: 1739 &rarr; <strong>1761<\/strong><br \/>(+22 for winning)\n|raw|yung elmers glue's rating: 1769 &rarr; <strong>1747<\/strong><br \/>(-22 for losing)\n|l|\u2606yung elmers glue\n|player|p2|\n|l|\u2606spaccas\n|player|p1|\n","uploadtime":1729706721,"views":20,"formatid":"gen9vgc2024regh","rating":1747,"private":0,"password":null}