{"id":"gen9vgc2024regh-2229930464","format":"[Gen 9] VGC 2024 Reg H","players":["CUC-Protean","emu3333"],"log":"|j|\u2606CUC-Protean\n|j|\u2606emu3333\n|t:|1729778343\n|gametype|doubles\n|player|p1|CUC-Protean|dawn|1684\n|player|p2|emu3333|265|1873\n|teamsize|p1|6\n|teamsize|p2|6\n|gen|9\n|tier|[Gen 9] VGC 2024 Reg H\n|rated|\n|rule|Species Clause: Limit one of each Pok\u00e9mon\n|rule|Item Clause: Limit 1 of each item\n|clearpoke\n|poke|p1|Garchomp, L50, F|\n|poke|p1|Indeedee, L50, M|\n|poke|p1|Sneasler, L50, M|\n|poke|p1|Volcarona, L50, M|\n|poke|p1|Flamigo, L50, F|\n|poke|p1|Clefable, L50, F|\n|poke|p2|Whimsicott, L50, F|\n|poke|p2|Typhlosion-Hisui, L50, M|\n|poke|p2|Rillaboom, L50, M|\n|poke|p2|Pawmot, L50, M|\n|poke|p2|Toedscruel, L50, M|\n|poke|p2|Weezing-Galar, L50, M|\n|teampreview|4\n|\n|t:|1729778372\n|start\n|switch|p1a: Volcarona|Volcarona, L50, M|100\/100\n|switch|p1b: Sneasler|Sneasler, L50, M|100\/100\n|switch|p2a: Weezing|Weezing-Galar, L50, M|100\/100\n|switch|p2b: Toedscruel|Toedscruel, L50, M|100\/100\n|-ability|p2a: Weezing|Neutralizing Gas\n|turn|1\n|\n|t:|1729778413\n|-terastallize|p1a: Volcarona|Grass\n|-terastallize|p2a: Weezing|Ice\n|move|p1b: Sneasler|Dire Claw|p2a: Weezing\n|-damage|p2a: Weezing|70\/100\n|move|p2b: Toedscruel|Spore|p1a: Volcarona\n|-immune|p1a: Volcarona\n|move|p1a: Volcarona|Quiver Dance|p1a: Volcarona\n|-boost|p1a: Volcarona|spa|1\n|-boost|p1a: Volcarona|spd|1\n|-boost|p1a: Volcarona|spe|1\n|move|p2a: Weezing|Tera Blast|p1b: Sneasler|[anim] Tera Blast Ice\n|-damage|p1b: Sneasler|44\/100\n|\n|upkeep\n|turn|2\n|\n|t:|1729778446\n|-end|p2a: Weezing|ability: Neutralizing Gas\n|switch|p2a: Typhlosion|Typhlosion-Hisui, L50, M|100\/100\n|-item|p1a: Volcarona|Leftovers|[from] ability: Frisk|[of] p2a: Typhlosion\n|-item|p1b: Sneasler|Focus Sash|[from] ability: Frisk|[of] p2a: Typhlosion\n|move|p1a: Volcarona|Heat Wave|p2b: Toedscruel|[spread] p2a,p2b\n|-resisted|p2a: Typhlosion\n|-supereffective|p2b: Toedscruel\n|-damage|p2a: Typhlosion|65\/100\n|-damage|p2b: Toedscruel|11\/100\n|-enditem|p2b: Toedscruel|Sitrus Berry|[eat]\n|-heal|p2b: Toedscruel|36\/100|[from] item: Sitrus Berry\n|move|p1b: Sneasler|Close Combat|p2b: Toedscruel\n|-damage|p2b: Toedscruel|0 fnt\n|-unboost|p1b: Sneasler|def|1\n|-unboost|p1b: Sneasler|spd|1\n|faint|p2b: Toedscruel\n|\n|upkeep\n|\n|t:|1729778461\n|switch|p2b: Pawmot|Pawmot, L50, M|100\/100\n|turn|3\n|\n|t:|1729778475\n|move|p1a: Volcarona|Protect|p1a: Volcarona\n|-singleturn|p1a: Volcarona|Protect\n|move|p1b: Sneasler|Protect|p1b: Sneasler\n|-singleturn|p1b: Sneasler|Protect\n|move|p2b: Pawmot|Fake Out|p1b: Sneasler\n|-activate|p1b: Sneasler|move: Protect\n|move|p2a: Typhlosion|Heat Wave|p1a: Volcarona|[spread] \n|-activate|p1a: Volcarona|move: Protect\n|-activate|p1b: Sneasler|move: Protect\n|\n|upkeep\n|turn|4\n|\n|t:|1729778503\n|move|p2a: Typhlosion|Heat Wave|p1a: Volcarona|[spread] p1a,p1b\n|-supereffective|p1a: Volcarona\n|-damage|p1a: Volcarona|57\/100\n|-damage|p1b: Sneasler|0 fnt\n|faint|p1b: Sneasler\n|move|p1a: Volcarona|Quiver Dance|p1a: Volcarona\n|-boost|p1a: Volcarona|spa|1\n|-boost|p1a: Volcarona|spd|1\n|-boost|p1a: Volcarona|spe|1\n|move|p2b: Pawmot|Close Combat|p1a: Volcarona\n|-damage|p1a: Volcarona|0 fnt\n|-unboost|p2b: Pawmot|def|1\n|-unboost|p2b: Pawmot|spd|1\n|-status|p2b: Pawmot|brn|[from] ability: Flame Body|[of] p1a: Volcarona\n|faint|p1a: Volcarona\n|\n|-damage|p2b: Pawmot|94\/100 brn|[from] brn\n|upkeep\n|\n|t:|1729778513\n|switch|p1b: Garchomp|Garchomp, L50, F|100\/100\n|switch|p1a: Indeedee|Indeedee, L50, M|100\/100\n|-fieldstart|move: Psychic Terrain|[from] ability: Psychic Surge|[of] p1a: Indeedee\n|turn|5\n|\n|t:|1729778559\n|move|p2a: Typhlosion|Heat Wave|p1a: Indeedee|[spread] p1a,p1b\n|-resisted|p1b: Garchomp\n|-damage|p1a: Indeedee|56\/100\n|-damage|p1b: Garchomp|81\/100\n|move|p1a: Indeedee|Expanding Force|p2b: Pawmot|[spread] p2a,p2b\n|-supereffective|p2b: Pawmot\n|-damage|p2a: Typhlosion|0 fnt\n|-damage|p2b: Pawmot|0 fnt\n|faint|p2a: Typhlosion\n|faint|p2b: Pawmot\n|move|p1b: Garchomp|Stomping Tantrum|p2: Typhlosion|[notarget]\n|-fail|p1b: Garchomp\n|\n|upkeep\n|\n|t:|1729778566\n|switch|p2b: Weezing|Weezing-Galar, L50, M, tera:Ice|70\/100\n|-ability|p2b: Weezing|Neutralizing Gas\n|turn|6\n|\n|t:|1729778577\n|move|p1b: Garchomp|Protect|p1b: Garchomp\n|-singleturn|p1b: Garchomp|Protect\n|move|p1a: Indeedee|Expanding Force|p2b: Weezing\n|-damage|p2b: Weezing|0 fnt\n|faint|p2b: Weezing\n|-end|p2b: Weezing|ability: Neutralizing Gas\n|\n|win|CUC-Protean\n|raw|CUC-Protean's rating: 1684 &rarr; <strong>1714<\/strong><br \/>(+30 for winning)\n|raw|emu3333's rating: 1873 &rarr; <strong>1843<\/strong><br \/>(-30 for losing)\n|l|\u2606CUC-Protean\n|player|p1|\n|l|\u2606emu3333\n|player|p2|\n","uploadtime":1729778797,"views":10,"formatid":"gen9vgc2024regh","rating":1714,"private":0,"password":null}