{"id":"gen9vgc2024regh-2229945395","format":"[Gen 9] VGC 2024 Reg H","players":["RomanTogepi","nwjns999"],"log":"|j|\u2606RomanTogepi\n|j|\u2606nwjns999\n|t:|1729779676\n|gametype|doubles\n|player|p1|RomanTogepi|265|1713\n|player|p2|nwjns999|backpackerf|1842\n|teamsize|p1|6\n|teamsize|p2|6\n|gen|9\n|tier|[Gen 9] VGC 2024 Reg H\n|rated|\n|rule|Species Clause: Limit one of each Pok\u00e9mon\n|rule|Item Clause: Limit 1 of each item\n|clearpoke\n|poke|p1|Goodra-Hisui, L50, M|\n|poke|p1|Magmar, L50, M|\n|poke|p1|Rillaboom, L50, M|\n|poke|p1|Politoed, L50, M|\n|poke|p1|Gholdengo, L50|\n|poke|p1|Grimmsnarl, L50, M|\n|poke|p2|Dragonite, L50, M|\n|poke|p2|Ursaluna-Bloodmoon, L50, M|\n|poke|p2|Gholdengo, L50|\n|poke|p2|Ninetales-Alola, L50, M|\n|poke|p2|Magmar, L50, F|\n|poke|p2|Samurott-Hisui, L50, F|\n|teampreview|4\n|inactive|Battle timer is ON: inactive players will automatically lose when time's up. (requested by RomanTogepi)\n|j| Kpxbrothers\nRomanTogepi rejected open team sheets.\n|\n|t:|1729779722\n|start\n|switch|p1a: Gholdengo|Gholdengo, L50|100\/100\n|switch|p1b: Grimmsnarl|Grimmsnarl, L50, M, shiny|100\/100\n|switch|p2a: Gholdengo|Gholdengo, L50|100\/100\n|switch|p2b: Magmar|Magmar, L50, F|100\/100\n|turn|1\n|\n|t:|1729779737\n|-terastallize|p1a: Gholdengo|Water\n|move|p1b: Grimmsnarl|Light Screen|p1b: Grimmsnarl\n|-sidestart|p1: RomanTogepi|move: Light Screen\n|move|p2a: Gholdengo|Make It Rain|p1a: Gholdengo|[spread] p1a,p1b\n|-resisted|p1a: Gholdengo\n|-supereffective|p1b: Grimmsnarl\n|-damage|p1a: Gholdengo|85\/100\n|-damage|p1b: Grimmsnarl|31\/100\n|-unboost|p2a: Gholdengo|spa|1\n|move|p2b: Magmar|Overheat|p1a: Gholdengo\n|-resisted|p1a: Gholdengo\n|-damage|p1a: Gholdengo|72\/100\n|-unboost|p2b: Magmar|spa|2\n|move|p1a: Gholdengo|Nasty Plot|p1a: Gholdengo\n|-boost|p1a: Gholdengo|spa|2\n|\n|-heal|p1a: Gholdengo|78\/100|[from] item: Leftovers\n|upkeep\n|turn|2\n|\n|t:|1729779751\n|move|p2b: Magmar|Follow Me|p2b: Magmar\n|-singleturn|p2b: Magmar|move: Follow Me\n|move|p1b: Grimmsnarl|Parting Shot|p2b: Magmar\n|-unboost|p2b: Magmar|atk|1\n|-unboost|p2b: Magmar|spa|1\n|\n|t:|1729779757\n|switch|p1b: Rillaboom|Rillaboom, L50, M|100\/100|[from] Parting Shot\n|-fieldstart|move: Grassy Terrain|[from] ability: Grassy Surge|[of] p1b: Rillaboom\n|move|p2a: Gholdengo|Make It Rain|p1a: Gholdengo|[spread] p1a,p1b\n|-resisted|p1a: Gholdengo\n|-damage|p1a: Gholdengo|68\/100\n|-damage|p1b: Rillaboom|85\/100\n|-unboost|p2a: Gholdengo|spa|1\n|move|p1a: Gholdengo|Nasty Plot|p1a: Gholdengo\n|-boost|p1a: Gholdengo|spa|2\n|\n|-heal|p1b: Rillaboom|91\/100|[from] Grassy Terrain\n|-heal|p1a: Gholdengo|74\/100|[from] Grassy Terrain\n|-heal|p1a: Gholdengo|80\/100|[from] item: Leftovers\n|upkeep\n|turn|3\n|\n|t:|1729779767\n|move|p2b: Magmar|Protect|p2b: Magmar\n|-singleturn|p2b: Magmar|Protect\n|move|p1b: Rillaboom|Fake Out|p2b: Magmar\n|-activate|p2b: Magmar|move: Protect\n|move|p2a: Gholdengo|Make It Rain|p1b: Rillaboom|[spread] p1a,p1b\n|-resisted|p1a: Gholdengo\n|-damage|p1a: Gholdengo|72\/100\n|-damage|p1b: Rillaboom|80\/100\n|-unboost|p2a: Gholdengo|spa|1\n|move|p1a: Gholdengo|Shadow Ball|p2b: Magmar\n|-activate|p2b: Magmar|move: Protect\n|\n|-heal|p1b: Rillaboom|86\/100|[from] Grassy Terrain\n|-heal|p1a: Gholdengo|79\/100|[from] Grassy Terrain\n|-heal|p1a: Gholdengo|85\/100|[from] item: Leftovers\n|upkeep\n|turn|4\n|\n|t:|1729779775\n|move|p2a: Gholdengo|Make It Rain|p1b: Rillaboom|[spread] p1a,p1b\n|-resisted|p1a: Gholdengo\n|-damage|p1a: Gholdengo|79\/100\n|-damage|p1b: Rillaboom|76\/100\n|-unboost|p2a: Gholdengo|spa|1\n|move|p2b: Magmar|Overheat|p1b: Rillaboom\n|-supereffective|p1b: Rillaboom\n|-damage|p1b: Rillaboom|59\/100\n|-unboost|p2b: Magmar|spa|2\n|move|p1b: Rillaboom|Wood Hammer|p2b: Magmar\n|-resisted|p2b: Magmar\n|-damage|p2b: Magmar|68\/100\n|-damage|p1b: Rillaboom|50\/100|[from] Recoil\n|move|p1a: Gholdengo|Shadow Ball|p2b: Magmar\n|-damage|p2b: Magmar|0 fnt\n|faint|p2b: Magmar\n|\n|-heal|p1b: Rillaboom|56\/100|[from] Grassy Terrain\n|-heal|p1a: Gholdengo|85\/100|[from] Grassy Terrain\n|-heal|p1a: Gholdengo|91\/100|[from] item: Leftovers\n|upkeep\n|\n|t:|1729779787\n|switch|p2b: Ursaluna|Ursaluna-Bloodmoon, L50, M|100\/100\n|turn|5\n|\n|t:|1729779794\n|switch|p2a: Samurott|Samurott-Hisui, L50, F, shiny|100\/100\n|-terastallize|p2b: Ursaluna|Electric\n|move|p1a: Gholdengo|Protect|p1a: Gholdengo\n|-singleturn|p1a: Gholdengo|Protect\n|move|p1b: Rillaboom|U-turn|p2b: Ursaluna\n|-damage|p2b: Ursaluna|81\/100\n|\n|t:|1729779813\n|switch|p1b: Magmar|Magmar, L50, M, shiny|100\/100|[from] U-turn\n|move|p2b: Ursaluna|Blood Moon|p1a: Gholdengo\n|-activate|p1a: Gholdengo|move: Protect\n|\n|-heal|p1a: Gholdengo|97\/100|[from] Grassy Terrain\n|-heal|p1a: Gholdengo|100\/100|[from] item: Leftovers\n|-heal|p2b: Ursaluna|87\/100|[from] Grassy Terrain\n|-heal|p2b: Ursaluna|93\/100|[from] item: Leftovers\n|upkeep\n|turn|6\n|\n|t:|1729779825\n|move|p1b: Magmar|Will-O-Wisp|p2a: Samurott\n|-status|p2a: Samurott|brn\n|move|p2a: Samurott|Aqua Cutter|p1b: Magmar\n|-supereffective|p1b: Magmar\n|-damage|p1b: Magmar|59\/100\n|move|p1a: Gholdengo|Shadow Ball|p2b: Ursaluna\n|-damage|p2b: Ursaluna|0 fnt\n|faint|p2b: Ursaluna\n|\n|-heal|p1b: Magmar|64\/100|[from] Grassy Terrain\n|-damage|p2a: Samurott|94\/100 brn|[from] brn\n|-fieldend|move: Grassy Terrain\n|upkeep\n|-message|nwjns999 forfeited.\n|\n|win|RomanTogepi\n|raw|RomanTogepi's rating: 1713 &rarr; <strong>1740<\/strong><br \/>(+27 for winning)\n|raw|nwjns999's rating: 1842 &rarr; <strong>1815<\/strong><br \/>(-27 for losing)\n|l|\u2606nwjns999\n|player|p2|\n|l|\u2606RomanTogepi\n|player|p1|\n","uploadtime":1729780022,"views":15,"formatid":"gen9vgc2024regh","rating":1740,"private":0,"password":null}