{"id":"gen9vgc2024regh-2229955168","format":"[Gen 9] VGC 2024 Reg H","players":["Realfrytki","winterbreak"],"log":"|j|\u2606Realfrytki\n|j|\u2606winterbreak\n|t:|1729780512\n|gametype|doubles\n|player|p1|Realfrytki|veteranf|1713\n|player|p2|winterbreak|lucas-gen4pt|1808\n|teamsize|p1|6\n|teamsize|p2|6\n|gen|9\n|tier|[Gen 9] VGC 2024 Reg H\n|rated|\n|rule|Species Clause: Limit one of each Pok\u00e9mon\n|rule|Item Clause: Limit 1 of each item\n|clearpoke\n|poke|p1|Rillaboom, L50, F|\n|poke|p1|Kingambit, L50, F|\n|poke|p1|Sneasler, L50, F|\n|poke|p1|Gastrodon, L50, M|\n|poke|p1|Baxcalibur, L50, M|\n|poke|p1|Volcarona, L50, F|\n|poke|p2|Archaludon, L50, F|\n|poke|p2|Azumarill, L50, F|\n|poke|p2|Porygon2, L50|\n|poke|p2|Ursaluna-Bloodmoon, L50, M|\n|poke|p2|Gholdengo, L50|\n|poke|p2|Incineroar, L50, M|\n|teampreview|4\n|j| kirby3657\n|j| ventusinvictus\n|l| ventusinvictus\n|\n|t:|1729780567\n|start\n|switch|p1a: Rillaboom|Rillaboom, L50, F|100\/100\n|switch|p1b: Kingambit|Kingambit, L50, F|100\/100\n|switch|p2a: Azumarill|Azumarill, L50, F|100\/100\n|switch|p2b: Ursaluna|Ursaluna-Bloodmoon, L50, M|100\/100\n|-fieldstart|move: Grassy Terrain|[from] ability: Grassy Surge|[of] p1a: Rillaboom\n|turn|1\n|\n|t:|1729780596\n|-terastallize|p2a: Azumarill|Grass\n|move|p2b: Ursaluna|Protect|p2b: Ursaluna\n|-singleturn|p2b: Ursaluna|Protect\n|move|p1a: Rillaboom|Fake Out|p2b: Ursaluna\n|-activate|p2b: Ursaluna|move: Protect\n|move|p2a: Azumarill|Superpower|p1b: Kingambit\n|-supereffective|p1b: Kingambit\n|-damage|p1b: Kingambit|0 fnt\n|-unboost|p2a: Azumarill|atk|1\n|-unboost|p2a: Azumarill|def|1\n|faint|p1b: Kingambit\n|\n|upkeep\n|\n|t:|1729780609\n|switch|p1b: Sneasler|Sneasler, L50, F|100\/100\n|turn|2\n|\n|t:|1729780623\n|switch|p2a: Incineroar|Incineroar, L50, M|100\/100\n|-ability|p2a: Incineroar|Intimidate|boost\n|-unboost|p1a: Rillaboom|atk|1\n|-unboost|p1b: Sneasler|atk|1\n|move|p1b: Sneasler|Dire Claw|p2a: Incineroar\n|-damage|p2a: Incineroar|74\/100\n|move|p1a: Rillaboom|Wood Hammer|p2b: Ursaluna\n|-supereffective|p2b: Ursaluna\n|-damage|p2b: Ursaluna|2\/100\n|-damage|p1a: Rillaboom|71\/100|[from] Recoil\n|move|p2b: Ursaluna|Earth Power|p1b: Sneasler\n|-supereffective|p1b: Sneasler\n|-enditem|p1b: Sneasler|Focus Sash\n|-damage|p1b: Sneasler|1\/100\n|\n|-heal|p1b: Sneasler|7\/100|[from] Grassy Terrain\n|-heal|p1a: Rillaboom|77\/100|[from] Grassy Terrain\n|-heal|p2b: Ursaluna|8\/100|[from] Grassy Terrain\n|-heal|p2a: Incineroar|80\/100|[from] Grassy Terrain\n|upkeep\n|turn|3\n|j| Kpxbrothers\n|\n|t:|1729780647\n|switch|p1b: Gastrodon|Gastrodon, L50, M|100\/100\n|move|p1a: Rillaboom|Grassy Glide|p2b: Ursaluna\n|-supereffective|p2b: Ursaluna\n|-damage|p2b: Ursaluna|0 fnt\n|faint|p2b: Ursaluna\n|move|p2a: Incineroar|Flare Blitz|p1a: Rillaboom\n|-supereffective|p1a: Rillaboom\n|-damage|p1a: Rillaboom|0 fnt\n|faint|p1a: Rillaboom\n|-damage|p2a: Incineroar|54\/100|[from] Recoil\n|\n|-heal|p2a: Incineroar|60\/100|[from] Grassy Terrain\n|upkeep\n|\n|t:|1729780676\n|switch|p1a: Sneasler|Sneasler, L50, F|7\/100\n|switch|p2b: Archaludon|Archaludon, L50, F|100\/100\n|turn|4\n|\n|t:|1729780693\n|switch|p2a: Azumarill|Azumarill, L50, F, tera:Grass|100\/100\n|move|p1a: Sneasler|Close Combat|p2a: Azumarill\n|-damage|p2a: Azumarill|36\/100\n|-unboost|p1a: Sneasler|def|1\n|-unboost|p1a: Sneasler|spd|1\n|move|p2b: Archaludon|Electro Shot||[still]\n|-prepare|p2b: Archaludon|Electro Shot\n|-boost|p2b: Archaludon|spa|1\n|-enditem|p2b: Archaludon|Power Herb\n|-anim|p2b: Archaludon|Electro Shot|p1a: Sneasler\n|-damage|p1a: Sneasler|0 fnt\n|faint|p1a: Sneasler\n|move|p1b: Gastrodon|Yawn|p2b: Archaludon\n|-start|p2b: Archaludon|move: Yawn|[of] p1b: Gastrodon\n|\n|-heal|p2a: Azumarill|41\/100|[from] Grassy Terrain\n|upkeep\n|turn|5\n|\n|t:|1729780718\n|move|p1b: Gastrodon|Protect|p1b: Gastrodon\n|-singleturn|p1b: Gastrodon|Protect\n|move|p2b: Archaludon|Dragon Pulse|p1b: Gastrodon\n|-activate|p1b: Gastrodon|move: Protect\n|move|p2a: Azumarill|Play Rough|p1b: Gastrodon\n|-activate|p1b: Gastrodon|move: Protect\n|\n|-heal|p2a: Azumarill|47\/100|[from] Grassy Terrain\n|-end|p2b: Archaludon|move: Yawn|[silent]\n|-status|p2b: Archaludon|slp\n|-fieldend|move: Grassy Terrain\n|upkeep\n|turn|6\n|\n|t:|1729780730\n|-terastallize|p1b: Gastrodon|Poison\n|cant|p2b: Archaludon|slp\n|move|p2a: Azumarill|Play Rough|p1b: Gastrodon\n|-resisted|p1b: Gastrodon\n|-damage|p1b: Gastrodon|73\/100\n|move|p1b: Gastrodon|Clear Smog|p2a: Azumarill\n|-supereffective|p2a: Azumarill\n|-crit|p2a: Azumarill\n|-damage|p2a: Azumarill|0 fnt\n|-clearboost|p2a: Azumarill\n|faint|p2a: Azumarill\n|\n|upkeep\n|\n|t:|1729780741\n|switch|p2a: Incineroar|Incineroar, L50, M|60\/100\n|-ability|p2a: Incineroar|Intimidate|boost\n|-unboost|p1b: Gastrodon|atk|1\n|turn|7\n|\n|t:|1729780747\n|move|p1b: Gastrodon|Protect|p1b: Gastrodon\n|-singleturn|p1b: Gastrodon|Protect\n|move|p2a: Incineroar|Fake Out|p1b: Gastrodon\n|-activate|p1b: Gastrodon|move: Protect\n|-curestatus|p2b: Archaludon|slp|[msg]\n|move|p2b: Archaludon|Flash Cannon|p1b: Gastrodon\n|-activate|p1b: Gastrodon|move: Protect\n|\n|upkeep\n|turn|8\n|\n|t:|1729780758\n|move|p2b: Archaludon|Dragon Pulse|p1b: Gastrodon\n|-damage|p1b: Gastrodon|20\/100\n|-enditem|p1b: Gastrodon|Sitrus Berry|[eat]\n|-heal|p1b: Gastrodon|45\/100|[from] item: Sitrus Berry\n|move|p2a: Incineroar|Flare Blitz|p1b: Gastrodon\n|-damage|p1b: Gastrodon|0 fnt\n|faint|p1b: Gastrodon\n|-damage|p2a: Incineroar|45\/100|[from] Recoil\n|-enditem|p2a: Incineroar|Sitrus Berry|[eat]\n|-heal|p2a: Incineroar|69\/100|[from] item: Sitrus Berry\n|\n|win|winterbreak\n|raw|Realfrytki's rating: 1713 &rarr; <strong>1698<\/strong><br \/>(-15 for losing)\n|raw|winterbreak's rating: 1808 &rarr; <strong>1823<\/strong><br \/>(+15 for winning)\n|l|\u2606winterbreak\n|player|p2|\n|l| kirby3657\n|l|\u2606Realfrytki\n|player|p1|\n","uploadtime":1729780975,"views":27,"formatid":"gen9vgc2024regh","rating":1698,"private":0,"password":null}