{"id":"gen9vgc2024regh-2229725398","format":"[Gen 9] VGC 2024 Reg H","players":["fangame10","stevie.bot"],"log":"|j|\u2606fangame10\n|j|\u2606stevie.bot\n|t:|1729749967\n|gametype|doubles\n|player|p1|fangame10|red|1724\n|player|p2|stevie.bot|bea|1690\n|teamsize|p1|6\n|teamsize|p2|6\n|gen|9\n|tier|[Gen 9] VGC 2024 Reg H\n|rated|\n|rule|Species Clause: Limit one of each Pok\u00e9mon\n|rule|Item Clause: Limit 1 of each item\n|clearpoke\n|poke|p1|Glaceon, L50, F|\n|poke|p1|Ninetales-Alola, L50, F|\n|poke|p1|Milotic, L50, M|\n|poke|p1|Skeledirge, L50, M|\n|poke|p1|Rillaboom, L50, M|\n|poke|p1|Annihilape, L50, F|\n|poke|p2|Weavile, L50, M|\n|poke|p2|Archaludon, L50, F|\n|poke|p2|Basculegion, L50, M|\n|poke|p2|Pelipper, L50, M|\n|poke|p2|Rillaboom, L50, M|\n|poke|p2|Clefable, L50, F|\n|teampreview|4\n|inactive|Battle timer is ON: inactive players will automatically lose when time's up. (requested by fangame10)\nstevie.bot rejected open team sheets.\n|inactive|fangame10 has 60 seconds left.\n|inactive|fangame10 has 30 seconds left.\n|inactive|fangame10 has 20 seconds left.\n|inactive|fangame10 has 15 seconds left.\n|inactive|fangame10 has 10 seconds left.\n|\n|t:|1729750050\n|start\n|switch|p1a: Glaceon|Glaceon, L50, F, shiny|100\/100\n|switch|p1b: Annihilape|Annihilape, L50, F|100\/100\n|switch|p2a: Weavile|Weavile, L50, M|100\/100\n|switch|p2b: Archaludon|Archaludon, L50, F|100\/100\n|-ability|p2a: Weavile|Pressure\n|turn|1\n|inactive|fangame10 has 30 seconds left.\n|inactive|stevie.bot has 30 seconds left.\n|inactive|stevie.bot has 20 seconds left.\n|inactive|stevie.bot has 15 seconds left.\n|inactive|stevie.bot has 10 seconds left.\n|\n|t:|1729750098\n|-terastallize|p2b: Archaludon|Electric\n|move|p2a: Weavile|Knock Off|p1b: Annihilape\n|-damage|p1b: Annihilape|49\/100\n|-enditem|p1b: Annihilape|Safety Goggles|[from] move: Knock Off|[of] p2a: Weavile\n|move|p2b: Archaludon|Electro Shot||[still]\n|-prepare|p2b: Archaludon|Electro Shot\n|-boost|p2b: Archaludon|spa|1\n|-enditem|p2b: Archaludon|Power Herb\n|-anim|p2b: Archaludon|Electro Shot|p1a: Glaceon\n|-damage|p1a: Glaceon|25\/100\n|move|p1b: Annihilape|Close Combat|p2b: Archaludon\n|-damage|p2b: Archaludon|46\/100\n|-unboost|p1b: Annihilape|def|1\n|-unboost|p1b: Annihilape|spd|1\n|move|p1a: Glaceon|Blizzard|p2a: Weavile|[spread] p2a,p2b\n|-resisted|p2a: Weavile\n|-damage|p2a: Weavile|69\/100\n|-damage|p2b: Archaludon|0 fnt\n|faint|p2b: Archaludon\n|\n|upkeep\n|\n|t:|1729750114\n|switch|p2b: Pelipper|Pelipper, L50, M|100\/100\n|-weather|RainDance|[from] ability: Drizzle|[of] p2b: Pelipper\n|turn|2\n|\n|t:|1729750123\n|switch|p2b: Basculegion|Basculegion, L50, M|100\/100\n|switch|p1b: Ninetales|Ninetales-Alola, L50, F, shiny|100\/100\n|-weather|Snow|[from] ability: Snow Warning|[of] p1b: Ninetales\n|move|p2a: Weavile|Knock Off|p1a: Glaceon|[miss]\n|-miss|p2a: Weavile|p1a: Glaceon\n|move|p1a: Glaceon|Blizzard|p2b: Basculegion|[spread] p2a,p2b\n|-resisted|p2a: Weavile\n|-resisted|p2b: Basculegion\n|-damage|p2a: Weavile|37\/100\n|-damage|p2b: Basculegion|75\/100\n|\n|-weather|Snow|[upkeep]\n|upkeep\n|turn|3\n|j| montiporuh\n|\n|t:|1729750148\n|switch|p2a: Pelipper|Pelipper, L50, M|100\/100\n|-weather|RainDance|[from] ability: Drizzle|[of] p2a: Pelipper\n|move|p2b: Basculegion|Wave Crash|p1b: Ninetales\n|-damage|p1b: Ninetales|0 fnt\n|faint|p1b: Ninetales\n|-damage|p2b: Basculegion|49\/100|[from] Recoil\n|-damage|p2b: Basculegion|40\/100|[from] item: Life Orb\n|move|p1a: Glaceon|Freeze-Dry|p2b: Basculegion\n|-supereffective|p2b: Basculegion\n|-damage|p2b: Basculegion|0 fnt\n|faint|p2b: Basculegion\n|\n|-weather|RainDance|[upkeep]\n|upkeep\n|\n|t:|1729750160\n|switch|p1b: Rillaboom|Rillaboom, L50, M, shiny|100\/100\n|switch|p2b: Weavile|Weavile, L50, M|37\/100\n|-ability|p2b: Weavile|Pressure\n|-fieldstart|move: Grassy Terrain|[from] ability: Grassy Surge|[of] p1b: Rillaboom\n|turn|4\n|\n|t:|1729750174\n|-terastallize|p1b: Rillaboom|Grass\n|move|p2b: Weavile|Fake Out|p1b: Rillaboom\n|-damage|p1b: Rillaboom|87\/100\n|cant|p1b: Rillaboom|flinch\n|move|p2a: Pelipper|Hurricane|p1b: Rillaboom\n|-supereffective|p1b: Rillaboom\n|-damage|p1b: Rillaboom|0 fnt\n|faint|p1b: Rillaboom\n|move|p1a: Glaceon|Freeze-Dry|p2a: Pelipper\n|-supereffective|p2a: Pelipper\n|-damage|p2a: Pelipper|0 fnt\n|faint|p2a: Pelipper\n|\n|-weather|RainDance|[upkeep]\n|-heal|p2b: Weavile|43\/100|[from] Grassy Terrain\n|-heal|p1a: Glaceon|31\/100|[from] Grassy Terrain\n|upkeep\n|\n|t:|1729750177\n|switch|p1b: Annihilape|Annihilape, L50, F|49\/100\n|turn|5\n|\n|t:|1729750188\n|move|p1b: Annihilape|Protect|p1b: Annihilape\n|-singleturn|p1b: Annihilape|Protect\n|move|p2b: Weavile|Knock Off|p1b: Annihilape\n|-activate|p1b: Annihilape|move: Protect\n|move|p1a: Glaceon|Freeze-Dry|p2b: Weavile\n|-resisted|p2b: Weavile\n|-damage|p2b: Weavile|17\/100\n|\n|-weather|RainDance|[upkeep]\n|-heal|p2b: Weavile|23\/100|[from] Grassy Terrain\n|-heal|p1b: Annihilape|55\/100|[from] Grassy Terrain\n|-heal|p1a: Glaceon|37\/100|[from] Grassy Terrain\n|upkeep\n|turn|6\n|\n|t:|1729750195\n|move|p2b: Weavile|Knock Off|p1a: Glaceon\n|-damage|p1a: Glaceon|0 fnt\n|-enditem|p1a: Glaceon|Assault Vest|[from] move: Knock Off|[of] p2b: Weavile\n|faint|p1a: Glaceon\n|move|p1b: Annihilape|Close Combat|p2b: Weavile\n|-supereffective|p2b: Weavile\n|-damage|p2b: Weavile|0 fnt\n|-unboost|p1b: Annihilape|def|1\n|-unboost|p1b: Annihilape|spd|1\n|faint|p2b: Weavile\n|\n|win|fangame10\n|raw|fangame10's rating: 1724 &rarr; <strong>1742<\/strong><br \/>(+18 for winning)\n|raw|stevie.bot's rating: 1690 &rarr; <strong>1672<\/strong><br \/>(-18 for losing)\n|l|\u2606fangame10\n|player|p1|\n|l|\u2606stevie.bot\n|player|p2|\n|l| montiporuh\n","uploadtime":1729750386,"views":21,"formatid":"gen9vgc2024regh","rating":1672,"private":0,"password":null}