{"id":"gen9vgc2024regh-2229194857","format":"[Gen 9] VGC 2024 Reg H","players":["JwDYan","epigrlozvgc"],"log":"|j|\u2606JwDYan\n|j|\u2606epigrlozvgc\n|t:|1729693495\n|gametype|doubles\n|player|p1|JwDYan|265|1695\n|player|p2|epigrlozvgc|alder|1728\n|teamsize|p1|6\n|teamsize|p2|6\n|gen|9\n|tier|[Gen 9] VGC 2024 Reg H\n|rated|\n|rule|Species Clause: Limit one of each Pok\u00e9mon\n|rule|Item Clause: Limit 1 of each item\n|clearpoke\n|poke|p1|Pelipper, L50, M|\n|poke|p1|Annihilape, L50, M|\n|poke|p1|Sinistcha-Masterpiece, L50|\n|poke|p1|Archaludon, L50, F|\n|poke|p1|Whimsicott, L50, M|\n|poke|p1|Primarina, L50, F|\n|poke|p2|Quaquaval, L50, M|\n|poke|p2|Whimsicott, L50, M|\n|poke|p2|Volcarona, L50, M|\n|poke|p2|Kingambit, L50, M|\n|poke|p2|Rillaboom, L50, M|\n|poke|p2|Baxcalibur, L50, M|\n|teampreview|4\n|inactive|Battle timer is ON: inactive players will automatically lose when time's up. (requested by JwDYan)\n|inactive|JwDYan has 60 seconds left.\n|\n|t:|1729693528\n|start\n|switch|p1a: Whimsicott|Whimsicott, L50, M|100\/100\n|switch|p1b: Annihilape|Annihilape, L50, M|100\/100\n|switch|p2a: Whimsicott|Whimsicott, L50, M|100\/100\n|switch|p2b: Volcarona|Volcarona, L50, M|100\/100\n|turn|1\n|j| Zombini62\n|\n|t:|1729693544\n|move|p1a: Whimsicott|Tailwind|p1a: Whimsicott\n|-sidestart|p1: JwDYan|move: Tailwind\n|move|p2a: Whimsicott|Tailwind|p2a: Whimsicott\n|-sidestart|p2: epigrlozvgc|move: Tailwind\n|move|p1b: Annihilape|Final Gambit|p2b: Volcarona\n|-damage|p2b: Volcarona|0 fnt\n|faint|p1b: Annihilape\n|faint|p2b: Volcarona\n|\n|upkeep\n|\n|t:|1729693556\n|switch|p1b: Archaludon|Archaludon, L50, F, shiny|100\/100\n|switch|p2b: Rillaboom|Rillaboom, L50, M|100\/100\n|-fieldstart|move: Grassy Terrain|[from] ability: Grassy Surge|[of] p2b: Rillaboom\n|turn|2\n|\n|t:|1729693567\n|switch|p1a: Sinistcha|Sinistcha-Masterpiece, L50, shiny|100\/100\n|switch|p2a: Quaquaval|Quaquaval, L50, M|100\/100\n|move|p2b: Rillaboom|Low Kick|p1b: Archaludon\n|-supereffective|p1b: Archaludon\n|-damage|p1b: Archaludon|37\/100\n|-ability|p1b: Archaludon|Stamina|boost\n|-boost|p1b: Archaludon|def|1\n|move|p1b: Archaludon|Flash Cannon|p2a: Quaquaval\n|-resisted|p2a: Quaquaval\n|-damage|p2a: Quaquaval|74\/100\n|\n|-heal|p2a: Quaquaval|81\/100|[from] Grassy Terrain\n|-heal|p1b: Archaludon|43\/100|[from] Grassy Terrain\n|upkeep\n|turn|3\n|inactive|JwDYan has 30 seconds left.\n|\n|t:|1729693604\n|switch|p2b: Whimsicott|Whimsicott, L50, M|100\/100\n|switch|p1a: Whimsicott|Whimsicott, L50, M|100\/100\n|-terastallize|p1b: Archaludon|Flying\n|move|p2a: Quaquaval|Protect|p2a: Quaquaval\n|-singleturn|p2a: Quaquaval|Protect\n|move|p1b: Archaludon|Body Press|p2a: Quaquaval\n|-activate|p2a: Quaquaval|move: Protect\n|\n|-heal|p2a: Quaquaval|87\/100|[from] Grassy Terrain\n|upkeep\n|turn|4\n|\n|t:|1729693624\n|switch|p1a: Sinistcha|Sinistcha-Masterpiece, L50, shiny|100\/100\n|-heal|p1b: Archaludon|68\/100|[from] ability: Hospitality|[of] p1a: Sinistcha\n|move|p2b: Whimsicott|Moonblast|p1a: Sinistcha\n|-damage|p1a: Sinistcha|77\/100\n|move|p2a: Quaquaval|Aqua Step|p1a: Sinistcha\n|-resisted|p1a: Sinistcha\n|-damage|p1a: Sinistcha|57\/100\n|-boost|p2a: Quaquaval|spe|1\n|move|p1b: Archaludon|Flash Cannon|p2b: Whimsicott\n|-supereffective|p2b: Whimsicott\n|-damage|p2b: Whimsicott|22\/100\n|\n|-heal|p2a: Quaquaval|93\/100|[from] Grassy Terrain\n|-heal|p2b: Whimsicott|28\/100|[from] Grassy Terrain\n|-heal|p1a: Sinistcha|63\/100|[from] Grassy Terrain\n|-sideend|p2: epigrlozvgc|move: Tailwind\n|-sideend|p1: JwDYan|move: Tailwind\n|upkeep\n|turn|5\n|\n|t:|1729693641\n|move|p2a: Quaquaval|Protect|p2a: Quaquaval\n|-singleturn|p2a: Quaquaval|Protect\n|move|p2b: Whimsicott|Tailwind|p2b: Whimsicott\n|-sidestart|p2: epigrlozvgc|move: Tailwind\n|move|p1b: Archaludon|Flash Cannon|p2b: Whimsicott\n|-supereffective|p2b: Whimsicott\n|-damage|p2b: Whimsicott|0 fnt\n|faint|p2b: Whimsicott\n|move|p1a: Sinistcha|Trick Room|p1a: Sinistcha\n|-fieldstart|move: Trick Room|[of] p1a: Sinistcha\n|\n|-heal|p1a: Sinistcha|69\/100|[from] Grassy Terrain\n|-heal|p2a: Quaquaval|99\/100|[from] Grassy Terrain\n|upkeep\n|\n|t:|1729693643\n|switch|p2b: Rillaboom|Rillaboom, L50, M|100\/100\n|turn|6\n|\n|t:|1729693658\n|-terastallize|p2a: Quaquaval|Water\n|move|p1a: Sinistcha|Matcha Gotcha|p2b: Rillaboom|[spread] p2b\n|-miss|p1a: Sinistcha|p2a: Quaquaval\n|-resisted|p2b: Rillaboom\n|-damage|p2b: Rillaboom|80\/100\n|-heal|p1a: Sinistcha|79\/100|[from] drain|[of] p2b: Rillaboom\n|move|p1b: Archaludon|Flash Cannon|p2b: Rillaboom\n|-damage|p2b: Rillaboom|39\/100\n|move|p2b: Rillaboom|Knock Off|p1a: Sinistcha\n|-supereffective|p1a: Sinistcha\n|-damage|p1a: Sinistcha|0 fnt\n|-enditem|p1a: Sinistcha|Mental Herb|[from] move: Knock Off|[of] p2b: Rillaboom\n|faint|p1a: Sinistcha\n|move|p2a: Quaquaval|Aqua Step|p1b: Archaludon\n|-damage|p1b: Archaludon|41\/100\n|-boost|p2a: Quaquaval|spe|1\n|-ability|p1b: Archaludon|Stamina|boost\n|-boost|p1b: Archaludon|def|1\n|\n|-heal|p2b: Rillaboom|44\/100|[from] Grassy Terrain\n|-heal|p2a: Quaquaval|100\/100|[from] Grassy Terrain\n|-fieldend|move: Grassy Terrain\n|upkeep\n|\n|t:|1729693668\n|switch|p1a: Whimsicott|Whimsicott, L50, M|100\/100\n|turn|7\n|\n|t:|1729693682\n|move|p2a: Quaquaval|Protect|p2a: Quaquaval\n|-singleturn|p2a: Quaquaval|Protect\n|move|p1b: Archaludon|Body Press|p2a: Quaquaval\n|-activate|p2a: Quaquaval|move: Protect\n|move|p1a: Whimsicott|Beat Up|p1b: Archaludon\n|-damage|p1b: Archaludon|40\/100\n|-ability|p1b: Archaludon|Stamina|boost\n|-boost|p1b: Archaludon|def|1\n|-damage|p1b: Archaludon|39\/100\n|-ability|p1b: Archaludon|Stamina|boost\n|-boost|p1b: Archaludon|def|1\n|-hitcount|p1b: Archaludon|2\n|move|p2b: Rillaboom|Knock Off|p1b: Archaludon\n|-damage|p1b: Archaludon|26\/100\n|-ability|p1b: Archaludon|Stamina|boost\n|-boost|p1b: Archaludon|def|1\n|-enditem|p1b: Archaludon|Assault Vest|[from] move: Knock Off|[of] p2b: Rillaboom\n|\n|upkeep\n|turn|8\n|inactive|epigrlozvgc has 30 seconds left.\n|inactive|epigrlozvgc has 20 seconds left.\n|inactive|epigrlozvgc has 15 seconds left.\n|l|\u2606epigrlozvgc\n|inactive|epigrlozvgc disconnected and has a minute to reconnect!\n|player|p2|\n|inactive|epigrlozvgc has 10 seconds left.\n|inactive|epigrlozvgc has 5 seconds left.\n|-message|epigrlozvgc lost due to inactivity.\n|\n|win|JwDYan\n|raw|JwDYan's rating: 1695 &rarr; <strong>1717<\/strong><br \/>(+22 for winning)\n|raw|epigrlozvgc's rating: 1728 &rarr; <strong>1706<\/strong><br \/>(-22 for losing)\n|j|\u2606epigrlozvgc\n|player|p2|epigrlozvgc|alder|\n|l|\u2606epigrlozvgc\n|player|p2|\n|l| Zombini62\n|l|\u2606JwDYan\n|player|p1|\n","uploadtime":1729693967,"views":12,"formatid":"gen9vgc2024regh","rating":1706,"private":0,"password":null}