{"id":"gen9vgc2024regh-2229815560","format":"[Gen 9] VGC 2024 Reg H","players":["htotoT","fangame10"],"log":"|j|\u2606htotoT\n|j|\u2606fangame10\n|t:|1729764920\n|gametype|doubles\n|player|p1|htotoT|169|1685\n|player|p2|fangame10|red|1748\n|teamsize|p1|6\n|teamsize|p2|6\n|gen|9\n|tier|[Gen 9] VGC 2024 Reg H\n|rated|\n|rule|Species Clause: Limit one of each Pok\u00e9mon\n|rule|Item Clause: Limit 1 of each item\n|clearpoke\n|poke|p1|Gholdengo, L50|\n|poke|p1|Perrserker, L50, F|\n|poke|p1|Armarouge, L50, M|\n|poke|p1|Indeedee, L50, M|\n|poke|p1|Drifblim, L50, F|\n|poke|p1|Tauros-Paldea-Aqua, L50, M|\n|poke|p2|Glaceon, L50, F|\n|poke|p2|Ninetales-Alola, L50, F|\n|poke|p2|Garchomp, L50, F|\n|poke|p2|Skeledirge, L50, M|\n|poke|p2|Rillaboom, L50, M|\n|poke|p2|Annihilape, L50, M|\n|teampreview|4\n|inactive|Battle timer is ON: inactive players will automatically lose when time's up. (requested by fangame10)\n|inactive|htotoT also wants the timer to be on.\n|\n|t:|1729764940\n|start\n|switch|p1a: Drifblim|Drifblim, L50, F|100\/100\n|switch|p1b: Indeedee|Indeedee, L50, M|100\/100\n|switch|p2a: Ninetales|Ninetales-Alola, L50, F, shiny|100\/100\n|switch|p2b: Annihilape|Annihilape, L50, M, shiny|100\/100\n|-weather|Snow|[from] ability: Snow Warning|[of] p2a: Ninetales\n|-fieldstart|move: Psychic Terrain|[from] ability: Psychic Surge|[of] p1b: Indeedee\n|-enditem|p1a: Drifblim|Psychic Seed\n|-boost|p1a: Drifblim|spd|1|[from] item: Psychic Seed\n|turn|1\n|\n|t:|1729764964\n|switch|p2b: Rillaboom|Rillaboom, L50, M, shiny|100\/100\n|-fieldstart|move: Grassy Terrain|[from] ability: Grassy Surge|[of] p2b: Rillaboom\n|-terastallize|p1b: Indeedee|Psychic\n|move|p1a: Drifblim|Will-O-Wisp|p2b: Rillaboom\n|-status|p2b: Rillaboom|brn\n|move|p2a: Ninetales|Aurora Veil|p2a: Ninetales\n|-sidestart|p2: fangame10|move: Aurora Veil\n|move|p1b: Indeedee|Expanding Force|p2a: Ninetales\n|-damage|p2a: Ninetales|65\/100\n|\n|-weather|Snow|[upkeep]\n|-heal|p2a: Ninetales|70\/100|[from] Grassy Terrain\n|-damage|p2b: Rillaboom|95\/100 brn|[from] brn\n|upkeep\n|turn|2\n|\n|t:|1729764980\n|switch|p1b: Gholdengo|Gholdengo, L50|100\/100\n|switch|p2b: Skeledirge|Skeledirge, L50, M, shiny|100\/100\n|move|p1a: Drifblim|Icy Wind|p2b: Skeledirge|[spread] p2a\n|-miss|p1a: Drifblim|p2b: Skeledirge\n|-resisted|p2a: Ninetales\n|-damage|p2a: Ninetales|66\/100\n|-unboost|p2a: Ninetales|spe|1\n|move|p2a: Ninetales|Blizzard|p1a: Drifblim|[spread] p1a,p1b\n|-supereffective|p1a: Drifblim\n|-resisted|p1b: Gholdengo\n|-damage|p1a: Drifblim|45\/100\n|-damage|p1b: Gholdengo|83\/100\n|\n|-weather|Snow|[upkeep]\n|-heal|p1b: Gholdengo|89\/100|[from] Grassy Terrain\n|-heal|p2a: Ninetales|72\/100|[from] Grassy Terrain\n|upkeep\n|turn|3\n|\n|t:|1729765002\n|switch|p2a: Annihilape|Annihilape, L50, M, shiny|100\/100\n|move|p1a: Drifblim|Hex|p2b: Skeledirge\n|-supereffective|p2b: Skeledirge\n|-damage|p2b: Skeledirge|65\/100\n|move|p1b: Gholdengo|Make It Rain|p2b: Skeledirge|[spread] p2a,p2b\n|-resisted|p2b: Skeledirge\n|-damage|p2a: Annihilape|50\/100\n|-damage|p2b: Skeledirge|41\/100\n|-unboost|p1b: Gholdengo|spa|1\n|move|p2b: Skeledirge|Shadow Ball|p1a: Drifblim\n|-supereffective|p1a: Drifblim\n|-damage|p1a: Drifblim|0 fnt\n|faint|p1a: Drifblim\n|\n|-weather|Snow|[upkeep]\n|-heal|p2a: Annihilape|56\/100|[from] Grassy Terrain\n|-heal|p1b: Gholdengo|95\/100|[from] Grassy Terrain\n|-heal|p2b: Skeledirge|47\/100|[from] Grassy Terrain\n|-heal|p2b: Skeledirge|53\/100|[from] item: Leftovers\n|upkeep\n|\n|t:|1729765022\n|switch|p1a: Indeedee|Indeedee, L50, M, tera:Psychic|100\/100\n|-fieldstart|move: Psychic Terrain|[from] ability: Psychic Surge|[of] p1a: Indeedee\n|turn|4\n|\n|t:|1729765039\n|move|p2a: Annihilape|Protect|p2a: Annihilape\n|-singleturn|p2a: Annihilape|Protect\n|move|p1a: Indeedee|Psychic|p2b: Skeledirge\n|-damage|p2b: Skeledirge|4\/100\n|move|p1b: Gholdengo|Make It Rain|p2a: Annihilape|[spread] p2b\n|-activate|p2a: Annihilape|move: Protect\n|-resisted|p2b: Skeledirge\n|-damage|p2b: Skeledirge|0 fnt\n|-unboost|p1b: Gholdengo|spa|1\n|faint|p2b: Skeledirge\n|\n|-weather|Snow|[upkeep]\n|upkeep\n|\n|t:|1729765041\n|switch|p2b: Rillaboom|Rillaboom, L50, M, shiny|95\/100 brn\n|-fieldstart|move: Grassy Terrain|[from] ability: Grassy Surge|[of] p2b: Rillaboom\n|turn|5\n|j| MJS25\n|\n|t:|1729765064\n|switch|p1a: Tauros|Tauros-Paldea-Aqua, L50, M|100\/100\n|-ability|p1a: Tauros|Intimidate|boost\n|-unboost|p2a: Annihilape|atk|1\n|-ability|p2a: Annihilape|Defiant|boost\n|-boost|p2a: Annihilape|atk|2\n|-unboost|p2b: Rillaboom|atk|1\n|-terastallize|p2a: Annihilape|Water\n|move|p2a: Annihilape|Rage Fist|p1b: Gholdengo\n|-supereffective|p1b: Gholdengo\n|-damage|p1b: Gholdengo|0 fnt\n|faint|p1b: Gholdengo\n|move|p2b: Rillaboom|U-turn|p1a: Tauros\n|-resisted|p1a: Tauros\n|-damage|p1a: Tauros|93\/100\n|\n|t:|1729765074\n|switch|p2b: Ninetales|Ninetales-Alola, L50, F, shiny|72\/100|[from] U-turn\n|\n|-weather|none\n|-heal|p2b: Ninetales|78\/100|[from] Grassy Terrain\n|-heal|p1a: Tauros|99\/100|[from] Grassy Terrain\n|-heal|p2a: Annihilape|62\/100|[from] Grassy Terrain\n|upkeep\n|\n|t:|1729765077\n|switch|p1b: Indeedee|Indeedee, L50, M, tera:Psychic|100\/100\n|-fieldstart|move: Psychic Terrain|[from] ability: Psychic Surge|[of] p1b: Indeedee\n|turn|6\n|inactive|htotoT has 30 seconds left.\n|inactive|fangame10 has 30 seconds left.\n|inactive|htotoT has 20 seconds left.\n|\n|t:|1729765120\n|switch|p2b: Rillaboom|Rillaboom, L50, M, shiny|95\/100 brn\n|-fieldstart|move: Grassy Terrain|[from] ability: Grassy Surge|[of] p2b: Rillaboom\n|move|p2a: Annihilape|Protect|p2a: Annihilape\n|-singleturn|p2a: Annihilape|Protect\n|move|p1a: Tauros|Close Combat|p2a: Annihilape\n|-activate|p2a: Annihilape|move: Protect\n|move|p1b: Indeedee|Psychic|p2a: Annihilape\n|-activate|p2a: Annihilape|move: Protect\n|\n|-heal|p1a: Tauros|100\/100|[from] Grassy Terrain\n|-heal|p2a: Annihilape|68\/100|[from] Grassy Terrain\n|-heal|p2b: Rillaboom|100\/100 brn|[from] Grassy Terrain\n|-damage|p2b: Rillaboom|95\/100 brn|[from] brn\n|upkeep\n|turn|7\n|\n|t:|1729765126\n|move|p1a: Tauros|Protect|p1a: Tauros\n|-singleturn|p1a: Tauros|Protect\n|move|p1b: Indeedee|Protect|p1b: Indeedee\n|-singleturn|p1b: Indeedee|Protect\n|move|p2b: Rillaboom|Grassy Glide|p1a: Tauros\n|-activate|p1a: Tauros|move: Protect\n|move|p2a: Annihilape|Rage Fist|p1b: Indeedee\n|-activate|p1b: Indeedee|move: Protect\n|\n|-heal|p2a: Annihilape|74\/100|[from] Grassy Terrain\n|-heal|p2b: Rillaboom|100\/100 brn|[from] Grassy Terrain\n|-damage|p2b: Rillaboom|95\/100 brn|[from] brn\n|upkeep\n|turn|8\n|\n|t:|1729765133\n|move|p2b: Rillaboom|Grassy Glide|p1a: Tauros\n|-supereffective|p1a: Tauros\n|-damage|p1a: Tauros|38\/100\n|move|p1a: Tauros|Close Combat|p2a: Annihilape\n|-damage|p2a: Annihilape|26\/100\n|-unboost|p1a: Tauros|def|1\n|-unboost|p1a: Tauros|spd|1\n|-damage|p1a: Tauros|29\/100|[from] item: Life Orb\n|move|p1b: Indeedee|Psychic|p2a: Annihilape\n|-damage|p2a: Annihilape|0 fnt\n|faint|p2a: Annihilape\n|\n|-heal|p1a: Tauros|34\/100|[from] Grassy Terrain\n|-heal|p2b: Rillaboom|100\/100 brn|[from] Grassy Terrain\n|-damage|p2b: Rillaboom|95\/100 brn|[from] brn\n|-sideend|p2: fangame10|move: Aurora Veil\n|upkeep\n|\n|t:|1729765136\n|switch|p2a: Ninetales|Ninetales-Alola, L50, F, shiny|78\/100\n|-weather|Snow|[from] ability: Snow Warning|[of] p2a: Ninetales\n|turn|9\n|\n|t:|1729765153\n|move|p1a: Tauros|Protect|p1a: Tauros\n|-singleturn|p1a: Tauros|Protect\n|move|p2b: Rillaboom|Grassy Glide|p1a: Tauros\n|-activate|p1a: Tauros|move: Protect\n|move|p2a: Ninetales|Aurora Veil|p2a: Ninetales\n|-sidestart|p2: fangame10|move: Aurora Veil\n|move|p1b: Indeedee|Psychic|p2a: Ninetales\n|-damage|p2a: Ninetales|33\/100\n|\n|-weather|Snow|[upkeep]\n|-heal|p2a: Ninetales|38\/100|[from] Grassy Terrain\n|-heal|p1a: Tauros|40\/100|[from] Grassy Terrain\n|-heal|p2b: Rillaboom|100\/100 brn|[from] Grassy Terrain\n|-damage|p2b: Rillaboom|95\/100 brn|[from] brn\n|upkeep\n|turn|10\n|\n|t:|1729765168\n|move|p2a: Ninetales|Protect|p2a: Ninetales\n|-singleturn|p2a: Ninetales|Protect\n|move|p1a: Tauros|Aqua Jet|p2a: Ninetales\n|-activate|p2a: Ninetales|move: Protect\n|move|p2b: Rillaboom|Grassy Glide|p1a: Tauros\n|-supereffective|p1a: Tauros\n|-damage|p1a: Tauros|0 fnt\n|faint|p1a: Tauros\n|move|p1b: Indeedee|Psychic|p2a: Ninetales\n|-activate|p2a: Ninetales|move: Protect\n|\n|-weather|Snow|[upkeep]\n|-heal|p2a: Ninetales|44\/100|[from] Grassy Terrain\n|-heal|p2b: Rillaboom|100\/100 brn|[from] Grassy Terrain\n|-damage|p2b: Rillaboom|95\/100 brn|[from] brn\n|-fieldend|move: Grassy Terrain\n|upkeep\n|turn|11\n|\n|t:|1729765175\n|move|p1b: Indeedee|Protect|p1b: Indeedee\n|-singleturn|p1b: Indeedee|Protect\n|move|p2a: Ninetales|Blizzard|p1b: Indeedee\n|-activate|p1b: Indeedee|move: Protect\n|move|p2b: Rillaboom|Grassy Glide|p1b: Indeedee\n|-activate|p1b: Indeedee|move: Protect\n|\n|-weather|Snow|[upkeep]\n|-damage|p2b: Rillaboom|89\/100 brn|[from] brn\n|upkeep\n|turn|12\n|\n|t:|1729765184\n|move|p2a: Ninetales|Blizzard|p1b: Indeedee\n|-damage|p1b: Indeedee|45\/100\n|-status|p1b: Indeedee|frz\n|cant|p1b: Indeedee|frz\n|move|p2b: Rillaboom|Grassy Glide|p1b: Indeedee\n|-damage|p1b: Indeedee|1\/100 frz\n|\n|-weather|Snow|[upkeep]\n|-damage|p2b: Rillaboom|83\/100 brn|[from] brn\n|upkeep\n|turn|13\n|-message|htotoT forfeited.\n|\n|win|fangame10\n|raw|htotoT's rating: 1685 &rarr; <strong>1669<\/strong><br \/>(-16 for losing)\n|raw|fangame10's rating: 1748 &rarr; <strong>1764<\/strong><br \/>(+16 for winning)\n|l|\u2606htotoT\n|player|p1|\n|l| MJS25\n|l|\u2606fangame10\n|player|p2|\n","uploadtime":1729765419,"views":23,"formatid":"gen9vgc2024regh","rating":1669,"private":0,"password":null}