{"id":"gen9vgc2024regh-2229371431","format":"[Gen 9] VGC 2024 Reg H","players":["Zordor","juacox300"],"log":"|j|\u2606Zordor\n|j|\u2606juacox300\n|t:|1729708267\n|gametype|doubles\n|player|p1|Zordor|pilot|1703\n|player|p2|juacox300|unknown|1718\n|teamsize|p1|6\n|teamsize|p2|6\n|gen|9\n|tier|[Gen 9] VGC 2024 Reg H\n|rated|\n|rule|Species Clause: Limit one of each Pok\u00e9mon\n|rule|Item Clause: Limit 1 of each item\n|clearpoke\n|poke|p1|Rotom-Wash, L50|\n|poke|p1|Sneasler, L50, F|\n|poke|p1|Kingambit, L50, F|\n|poke|p1|Armarouge, L50, M|\n|poke|p1|Ninetales-Alola, L50, M|\n|poke|p1|Dragapult, L50, F|\n|poke|p2|Ursaluna, L50, M|\n|poke|p2|Murkrow, L50, M|\n|poke|p2|Archaludon, L50, M|\n|poke|p2|Sneasler, L50, F|\n|poke|p2|Indeedee, L50, M|\n|poke|p2|Incineroar, L50, M|\n|teampreview|4\n|\n|t:|1729708315\n|start\n|switch|p1a: Sneasler|Sneasler, L50, F|100\/100\n|switch|p1b: Armarouge|Armarouge, L50, M|100\/100\n|switch|p2a: Alfred|Indeedee, L50, M, shiny|100\/100\n|switch|p2b: Archaludon|Archaludon, L50, M, shiny|100\/100\n|-fieldstart|move: Psychic Terrain|[from] ability: Psychic Surge|[of] p2a: Alfred\n|turn|1\n|j| newkl\n|\n|t:|1729708336\n|switch|p2b: Incineroar|Incineroar, L50, M|100\/100\n|-ability|p2b: Incineroar|Intimidate|boost\n|-unboost|p1a: Sneasler|atk|1\n|-unboost|p1b: Armarouge|atk|1\n|move|p1b: Armarouge|Protect|p1b: Armarouge\n|-singleturn|p1b: Armarouge|Protect\n|move|p2a: Alfred|Expanding Force|p1a: Sneasler|[spread] p1a\n|-activate|p1b: Armarouge|move: Protect\n|-supereffective|p1a: Sneasler\n|-enditem|p1a: Sneasler|Focus Sash\n|-damage|p1a: Sneasler|1\/100\n|move|p1a: Sneasler|Close Combat|p2b: Incineroar\n|-supereffective|p2b: Incineroar\n|-damage|p2b: Incineroar|22\/100\n|-unboost|p1a: Sneasler|def|1\n|-unboost|p1a: Sneasler|spd|1\n|\n|upkeep\n|turn|2\n|l| newkl\n|\n|t:|1729708390\n|move|p1a: Sneasler|Rock Tomb|p2a: Alfred\n|-damage|p2a: Alfred|71\/100\n|-unboost|p2a: Alfred|spe|1\n|move|p2a: Alfred|Expanding Force|p1b: Armarouge|[spread] p1a,p1b\n|-supereffective|p1a: Sneasler\n|-resisted|p1b: Armarouge\n|-damage|p1a: Sneasler|0 fnt\n|-damage|p1b: Armarouge|74\/100\n|faint|p1a: Sneasler\n|move|p1b: Armarouge|Meteor Beam||[still]\n|-prepare|p1b: Armarouge|Meteor Beam\n|-boost|p1b: Armarouge|spa|1\n|-enditem|p1b: Armarouge|Power Herb\n|-anim|p1b: Armarouge|Meteor Beam|p2b: Incineroar\n|-supereffective|p2b: Incineroar\n|-damage|p2b: Incineroar|0 fnt\n|faint|p2b: Incineroar\n|\n|upkeep\n|\n|t:|1729708407\n|switch|p1a: Ninetales|Ninetales-Alola, L50, M|100\/100\n|switch|p2b: Nightwing|Sneasler, L50, F|100\/100\n|-weather|Snow|[from] ability: Snow Warning|[of] p1a: Ninetales\n|-enditem|p2b: Nightwing|Psychic Seed\n|-boost|p2b: Nightwing|spd|1|[from] item: Psychic Seed\n|turn|3\n|j| lanq\n|\n|t:|1729708443\n|-terastallize|p1b: Armarouge|Dark\n|move|p2b: Nightwing|Protect|p2b: Nightwing\n|-singleturn|p2b: Nightwing|Protect\n|move|p1a: Ninetales|Blizzard|p2a: Alfred|[spread] p2a\n|-activate|p2b: Nightwing|move: Protect\n|-damage|p2a: Alfred|26\/100\n|move|p2a: Alfred|Expanding Force|p1a: Ninetales|[spread] p1a\n|-immune|p1b: Armarouge\n|-damage|p1a: Ninetales|47\/100\n|move|p1b: Armarouge|Heat Wave|p2a: Alfred|[spread] p2a\n|-activate|p2b: Nightwing|move: Protect\n|-damage|p2a: Alfred|0 fnt\n|faint|p2a: Alfred\n|\n|-weather|Snow|[upkeep]\n|upkeep\n|\n|t:|1729708454\n|switch|p2a: Archaludon|Archaludon, L50, M, shiny|100\/100\n|turn|4\n|l| lanq\n|\n|t:|1729708465\n|move|p1b: Armarouge|Protect|p1b: Armarouge\n|-singleturn|p1b: Armarouge|Protect\n|move|p2b: Nightwing|Dire Claw|p1a: Ninetales\n|-supereffective|p1a: Ninetales\n|-damage|p1a: Ninetales|0 fnt\n|faint|p1a: Ninetales\n|move|p2a: Archaludon|Electro Shot||[still]\n|-prepare|p2a: Archaludon|Electro Shot\n|-boost|p2a: Archaludon|spa|1\n|-enditem|p2a: Archaludon|Power Herb\n|-anim|p2a: Archaludon|Electro Shot|p1b: Armarouge\n|-activate|p1b: Armarouge|move: Protect\n|\n|-weather|Snow|[upkeep]\n|upkeep\n|\n|t:|1729708468\n|switch|p1a: Rotom|Rotom-Wash, L50|100\/100\n|turn|5\n|\n|t:|1729708481\n|move|p2b: Nightwing|Close Combat|p1b: Armarouge\n|-supereffective|p1b: Armarouge\n|-damage|p1b: Armarouge|0 fnt\n|-unboost|p2b: Nightwing|def|1\n|-unboost|p2b: Nightwing|spd|1\n|faint|p1b: Armarouge\n|move|p1a: Rotom|Electroweb|p2a: Archaludon|[spread] p2a,p2b\n|-resisted|p2a: Archaludon\n|-damage|p2a: Archaludon|92\/100\n|-damage|p2b: Nightwing|79\/100\n|-unboost|p2a: Archaludon|spe|1\n|-unboost|p2b: Nightwing|spe|1\n|-ability|p2a: Archaludon|Stamina|boost\n|-boost|p2a: Archaludon|def|1\n|move|p2a: Archaludon|Draco Meteor|p1a: Rotom\n|-damage|p1a: Rotom|0 fnt\n|-unboost|p2a: Archaludon|spa|2\n|faint|p1a: Rotom\n|\n|win|juacox300\n|raw|Zordor's rating: 1703 &rarr; <strong>1684<\/strong><br \/>(-19 for losing)\n|raw|juacox300's rating: 1718 &rarr; <strong>1737<\/strong><br \/>(+19 for winning)\n|l|\u2606Zordor\n|player|p1|\n","uploadtime":1729708700,"views":4,"formatid":"gen9vgc2024regh","rating":1684,"private":0,"password":null}