{"id":"gen9vgc2024regh-2229397251","format":"[Gen 9] VGC 2024 Reg H","players":["Zordor","GBVGC X76"],"log":"|j|\u2606Zordor\n|j|\u2606GBVGC X76\n|t:|1729710511\n|gametype|doubles\n|player|p1|Zordor|pilot|1679\n|player|p2|GBVGC X76|hanbei-conquest|1745\n|teamsize|p1|6\n|teamsize|p2|6\n|gen|9\n|tier|[Gen 9] VGC 2024 Reg H\n|rated|\n|rule|Species Clause: Limit one of each Pok\u00e9mon\n|rule|Item Clause: Limit 1 of each item\n|clearpoke\n|poke|p1|Rotom-Wash, L50|\n|poke|p1|Sneasler, L50, M|\n|poke|p1|Kingambit, L50, F|\n|poke|p1|Armarouge, L50, F|\n|poke|p1|Ninetales-Alola, L50, F|\n|poke|p1|Dragapult, L50, F|\n|poke|p2|Chandelure, L50, F|\n|poke|p2|Sylveon, L50, M|\n|poke|p2|Talonflame, L50, F|\n|poke|p2|Dragapult, L50, F|\n|poke|p2|Electabuzz, L50, F|\n|poke|p2|Decidueye-Hisui, L50, F|\n|teampreview|4\n|j| newkl\n|inactive|Battle timer is ON: inactive players will automatically lose when time's up. (requested by GBVGC X76)\n|\n|t:|1729710593\n|start\n|switch|p1a: Rotom|Rotom-Wash, L50|100\/100\n|switch|p1b: Sneasler|Sneasler, L50, M|100\/100\n|switch|p2a: MarcoFiaro|Talonflame, L50, F|100\/100\n|switch|p2b: Soullight|Chandelure, L50, F|100\/100\n|turn|1\n|\n|t:|1729710604\n|move|p2a: MarcoFiaro|Sunny Day|p2a: MarcoFiaro\n|-weather|SunnyDay\n|move|p1b: Sneasler|Rock Tomb|p2a: MarcoFiaro\n|-supereffective|p2a: MarcoFiaro\n|-damage|p2a: MarcoFiaro|0 fnt\n|faint|p2a: MarcoFiaro\n|move|p1a: Rotom|Hydro Pump|p2b: Soullight\n|-supereffective|p2b: Soullight\n|-damage|p2b: Soullight|46\/100\n|move|p2b: Soullight|Heat Wave|p1a: Rotom|[spread] p1a,p1b\n|-resisted|p1a: Rotom\n|-crit|p1b: Sneasler\n|-damage|p1a: Rotom|63\/100\n|-enditem|p1b: Sneasler|Focus Sash\n|-damage|p1b: Sneasler|1\/100\n|-status|p1a: Rotom|brn\n|\n|-weather|SunnyDay|[upkeep]\n|-damage|p1a: Rotom|58\/100 brn|[from] brn\n|upkeep\n|\n|t:|1729710615\n|switch|p2a: Ampere|Electabuzz, L50, F|100\/100\n|turn|2\n|\n|t:|1729710634\n|move|p2a: Ampere|Follow Me|p2a: Ampere\n|-singleturn|p2a: Ampere|move: Follow Me\n|move|p1b: Sneasler|Dire Claw|p2a: Ampere\n|-damage|p2a: Ampere|70\/100\n|move|p1a: Rotom|Electroweb|p2a: Ampere|[spread] p2a,p2b\n|-resisted|p2a: Ampere\n|-crit|p2a: Ampere\n|-damage|p2a: Ampere|62\/100\n|-damage|p2b: Soullight|23\/100\n|-unboost|p2a: Ampere|spe|1\n|-unboost|p2b: Soullight|spe|1\n|move|p2b: Soullight|Trick Room|p2b: Soullight\n|-fieldstart|move: Trick Room|[of] p2b: Soullight\n|\n|-weather|SunnyDay|[upkeep]\n|-damage|p1a: Rotom|52\/100 brn|[from] brn\n|upkeep\n|turn|3\n|inactive|Zordor has 30 seconds left.\n|\n|t:|1729710666\n|switch|p1b: Armarouge|Armarouge, L50, F|100\/100\n|move|p2a: Ampere|Feint|p1b: Armarouge\n|-damage|p1b: Armarouge|95\/100\n|move|p2b: Soullight|Shadow Ball|p1a: Rotom\n|-damage|p1a: Rotom|0 fnt\n|faint|p1a: Rotom\n|\n|-weather|SunnyDay|[upkeep]\n|upkeep\n|\n|t:|1729710678\n|switch|p1a: Kingambit|Kingambit, L50, F|100\/100\n|turn|4\n|\n|t:|1729710693\n|-terastallize|p1b: Armarouge|Dark\n|move|p1a: Kingambit|Protect|p1a: Kingambit\n|-singleturn|p1a: Kingambit|Protect\n|move|p2a: Ampere|Follow Me|p2a: Ampere\n|-singleturn|p2a: Ampere|move: Follow Me\n|move|p2b: Soullight|Heat Wave|p1a: Kingambit|[spread] \n|-activate|p1a: Kingambit|move: Protect\n|-start|p1b: Armarouge|ability: Flash Fire\n|move|p1b: Armarouge|Psychic|p2a: Ampere\n|-damage|p2a: Ampere|28\/100\n|\n|-weather|SunnyDay|[upkeep]\n|upkeep\n|turn|5\n|\n|t:|1729710715\n|move|p2a: Ampere|Follow Me|p2a: Ampere\n|-singleturn|p2a: Ampere|move: Follow Me\n|move|p1a: Kingambit|Sucker Punch||[still]\n|-fail|p1a: Kingambit\n|move|p2b: Soullight|Heat Wave|p1a: Kingambit|[spread] p1a\n|-immune|p1b: Armarouge|[from] ability: Flash Fire\n|-supereffective|p1a: Kingambit\n|-damage|p1a: Kingambit|0 fnt\n|faint|p1a: Kingambit\n|move|p1b: Armarouge|Psychic|p2a: Ampere\n|-damage|p2a: Ampere|0 fnt\n|faint|p2a: Ampere\n|\n|-weather|none\n|upkeep\n|\n|t:|1729710722\n|switch|p1a: Sneasler|Sneasler, L50, M|1\/100\n|switch|p2a: Moonlight|Sylveon, L50, M|100\/100\n|turn|6\n|\n|t:|1729710745\n|-terastallize|p2a: Moonlight|Fairy\n|move|p1b: Armarouge|Protect|p1b: Armarouge\n|-singleturn|p1b: Armarouge|Protect\n|move|p1a: Sneasler|Protect|p1a: Sneasler\n|-singleturn|p1a: Sneasler|Protect\n|move|p2b: Soullight|Shadow Ball|p1a: Sneasler\n|-activate|p1a: Sneasler|move: Protect\n|move|p2a: Moonlight|Moonblast|p1b: Armarouge\n|-activate|p1b: Armarouge|move: Protect\n|\n|-fieldend|move: Trick Room\n|upkeep\n|turn|7\n|inactive|Zordor has 30 seconds left.\n|\n|t:|1729710771\n|move|p1a: Sneasler|Dire Claw|p2a: Moonlight\n|-supereffective|p2a: Moonlight\n|-damage|p2a: Moonlight|0 fnt\n|faint|p2a: Moonlight\n|move|p1b: Armarouge|Psychic|p2b: Soullight\n|-damage|p2b: Soullight|0 fnt\n|faint|p2b: Soullight\n|\n|win|Zordor\n|raw|Zordor's rating: 1679 &rarr; <strong>1703<\/strong><br \/>(+24 for winning)\n|raw|GBVGC X76's rating: 1745 &rarr; <strong>1721<\/strong><br \/>(-24 for losing)\n|l|\u2606Zordor\n|player|p1|\n|l|\u2606GBVGC X76\n|player|p2|\n","uploadtime":1729710963,"views":14,"formatid":"gen9vgc2024regh","rating":1703,"private":0,"password":null}