{"id":"gen9vgc2024regh-2229738442","format":"[Gen 9] VGC 2024 Reg H","players":["Draxolotl","tatch_9"],"log":"|j|\u2606Draxolotl\n|j|\u2606tatch_9\n|t:|1729752344\n|gametype|doubles\n|player|p1|Draxolotl|cynthia-masters3|1848\n|player|p2|tatch_9|2|1706\n|teamsize|p1|6\n|teamsize|p2|6\n|gen|9\n|tier|[Gen 9] VGC 2024 Reg H\n|rated|\n|rule|Species Clause: Limit one of each Pok\u00e9mon\n|rule|Item Clause: Limit 1 of each item\n|clearpoke\n|poke|p1|Rillaboom, L50, M|\n|poke|p1|Volcarona, L50, M|\n|poke|p1|Ninetales-Alola, L50, M|\n|poke|p1|Tauros-Paldea-Aqua, L50, M|\n|poke|p1|Archaludon, L50, F|\n|poke|p1|Kingambit, L50, M|\n|poke|p2|Talonflame, L50, M|\n|poke|p2|Indeedee, L50, M|\n|poke|p2|Sneasler, L50, F|\n|poke|p2|Tatsugiri, L50, M|\n|poke|p2|Dondozo, L50, F|\n|poke|p2|Gholdengo, L50|\n|teampreview|4\n|inactive|Battle timer is ON: inactive players will automatically lose when time's up. (requested by tatch_9)\n|j| hackervgc\n|\n|t:|1729752365\n|start\n|switch|p1a: Tauros|Tauros-Paldea-Aqua, L50, M|100\/100\n|switch|p1b: Archaludon|Archaludon, L50, F|100\/100\n|switch|p2a: Indeedee|Indeedee, L50, M|100\/100\n|switch|p2b: Sneasler|Sneasler, L50, F|100\/100\n|-fieldstart|move: Psychic Terrain|[from] ability: Psychic Surge|[of] p2a: Indeedee\n|-enditem|p2b: Sneasler|Psychic Seed\n|-boost|p2b: Sneasler|spd|1|[from] item: Psychic Seed\n|-enditem|p1a: Tauros|Mirror Herb\n|-boost|p1a: Tauros|spd|1|[from] item: Mirror Herb\n|-ability|p1a: Tauros|Intimidate|boost\n|-unboost|p2a: Indeedee|atk|1\n|-unboost|p2b: Sneasler|atk|1\n|turn|1\n|\n|t:|1729752370\n|move|p1a: Tauros|Protect|p1a: Tauros\n|-singleturn|p1a: Tauros|Protect\n|move|p1b: Archaludon|Protect|p1b: Archaludon\n|-singleturn|p1b: Archaludon|Protect\n|move|p2b: Sneasler|Dire Claw|p1a: Tauros\n|-activate|p1a: Tauros|move: Protect\n|move|p2a: Indeedee|Expanding Force|p1b: Archaludon|[spread] \n|-activate|p1a: Tauros|move: Protect\n|-activate|p1b: Archaludon|move: Protect\n|\n|upkeep\n|turn|2\n|j| CRJ23\n|\n|t:|1729752388\n|-terastallize|p1a: Tauros|Water\n|move|p2b: Sneasler|Close Combat|p1a: Tauros\n|-crit|p1a: Tauros\n|-damage|p1a: Tauros|0 fnt\n|-unboost|p2b: Sneasler|def|1\n|-unboost|p2b: Sneasler|spd|1\n|faint|p1a: Tauros\n|move|p2a: Indeedee|Expanding Force|p1b: Archaludon\n|-resisted|p1b: Archaludon\n|-damage|p1b: Archaludon|48\/100\n|move|p1b: Archaludon|Electro Shot||[still]\n|-prepare|p1b: Archaludon|Electro Shot\n|-boost|p1b: Archaludon|spa|1\n|-enditem|p1b: Archaludon|Power Herb\n|-anim|p1b: Archaludon|Electro Shot|p2a: Indeedee\n|-damage|p2a: Indeedee|18\/100\n|\n|upkeep\n|\n|t:|1729752395\n|switch|p1a: Rillaboom|Rillaboom, L50, M|100\/100\n|-fieldstart|move: Grassy Terrain|[from] ability: Grassy Surge|[of] p1a: Rillaboom\n|turn|3\n|\n|t:|1729752407\n|move|p2b: Sneasler|Protect|p2b: Sneasler\n|-singleturn|p2b: Sneasler|Protect\n|move|p1a: Rillaboom|Fake Out|p2b: Sneasler\n|-activate|p2b: Sneasler|move: Protect\n|move|p2a: Indeedee|Expanding Force|p1a: Rillaboom\n|-damage|p1a: Rillaboom|73\/100\n|move|p1b: Archaludon|Thunderbolt|p2b: Sneasler\n|-activate|p2b: Sneasler|move: Protect\n|\n|-heal|p2a: Indeedee|24\/100|[from] Grassy Terrain\n|-heal|p1b: Archaludon|54\/100|[from] Grassy Terrain\n|-heal|p1a: Rillaboom|79\/100|[from] Grassy Terrain\n|upkeep\n|turn|4\n|\n|t:|1729752416\n|move|p1a: Rillaboom|Grassy Glide|p2a: Indeedee\n|-damage|p2a: Indeedee|0 fnt\n|faint|p2a: Indeedee\n|move|p2b: Sneasler|Dire Claw|p1a: Rillaboom\n|-supereffective|p1a: Rillaboom\n|-damage|p1a: Rillaboom|22\/100\n|-status|p1a: Rillaboom|par\n|move|p1b: Archaludon|Thunderbolt|p2b: Sneasler\n|-crit|p2b: Sneasler\n|-damage|p2b: Sneasler|11\/100\n|\n|-heal|p2b: Sneasler|17\/100|[from] Grassy Terrain\n|-heal|p1b: Archaludon|60\/100|[from] Grassy Terrain\n|-heal|p1a: Rillaboom|28\/100 par|[from] Grassy Terrain\n|upkeep\n|\n|t:|1729752421\n|switch|p2a: Dondozo|Dondozo, L50, F|100\/100\n|turn|5\n|\n|t:|1729752431\n|switch|p2b: Tatsugiri|Tatsugiri, L50, M|100\/100\n|-activate|p2b: Tatsugiri|ability: Commander|[of] p2a: Dondozo\n|-boost|p2a: Dondozo|atk|2\n|-boost|p2a: Dondozo|spa|2\n|-boost|p2a: Dondozo|spe|2\n|-boost|p2a: Dondozo|def|2\n|-boost|p2a: Dondozo|spd|2\n|-terastallize|p2a: Dondozo|Steel\n|move|p1b: Archaludon|Protect|p1b: Archaludon\n|-singleturn|p1b: Archaludon|Protect\n|move|p1a: Rillaboom|Grassy Glide|p2b: Tatsugiri|[miss]\n|-miss|p1a: Rillaboom|p2b: Tatsugiri\n|move|p2a: Dondozo|Wave Crash|p1a: Rillaboom\n|-resisted|p1a: Rillaboom\n|-damage|p1a: Rillaboom|0 fnt\n|faint|p1a: Rillaboom\n|-damage|p2a: Dondozo|93\/100|[from] Recoil\n|\n|-heal|p1b: Archaludon|66\/100|[from] Grassy Terrain\n|-heal|p2a: Dondozo|99\/100|[from] Grassy Terrain\n|upkeep\n|\n|t:|1729752434\n|switch|p1a: Ninetales|Ninetales-Alola, L50, M|100\/100\n|-weather|Snow|[from] ability: Snow Warning|[of] p1a: Ninetales\n|turn|6\n|\n|t:|1729752445\n|move|p1a: Ninetales|Encore|p2a: Dondozo\n|-start|p2a: Dondozo|Encore\n|move|p2a: Dondozo|Wave Crash|p1b: Archaludon\n|-resisted|p1b: Archaludon\n|-damage|p1b: Archaludon|23\/100\n|-damage|p2a: Dondozo|89\/100|[from] Recoil\n|move|p1b: Archaludon|Thunderbolt|p2a: Dondozo\n|-damage|p2a: Dondozo|79\/100\n|\n|-weather|Snow|[upkeep]\n|-heal|p2a: Dondozo|85\/100|[from] Grassy Terrain\n|-heal|p1b: Archaludon|29\/100|[from] Grassy Terrain\n|upkeep\n|turn|7\n|\n|t:|1729752453\n|move|p1a: Ninetales|Disable|p2a: Dondozo\n|-start|p2a: Dondozo|Disable|Wave Crash\n|cant|p2a: Dondozo|Disable|Wave Crash\n|move|p1b: Archaludon|Thunderbolt|p2a: Dondozo\n|-damage|p2a: Dondozo|76\/100\n|\n|-weather|Snow|[upkeep]\n|-heal|p1b: Archaludon|35\/100|[from] Grassy Terrain\n|-heal|p2a: Dondozo|82\/100|[from] Grassy Terrain\n|-fieldend|move: Grassy Terrain\n|upkeep\n|turn|8\n|\n|t:|1729752459\n|move|p1a: Ninetales|Blizzard|p2b: Tatsugiri|[spread] p2a\n|-miss|p1a: Ninetales|p2b: Tatsugiri\n|-resisted|p2a: Dondozo\n|-damage|p2a: Dondozo|78\/100\n|-status|p2a: Dondozo|frz\n|move|p1b: Archaludon|Thunderbolt|p2a: Dondozo\n|-damage|p2a: Dondozo|69\/100 frz\n|cant|p2a: Dondozo|frz\n|\n|-weather|Snow|[upkeep]\n|-end|p2a: Dondozo|Encore\n|upkeep\n|turn|9\n|\n|t:|1729752474\n|move|p1a: Ninetales|Encore|p2a: Dondozo\n|-start|p2a: Dondozo|Encore\n|move|p1b: Archaludon|Thunderbolt|p2a: Dondozo\n|-damage|p2a: Dondozo|60\/100 frz\n|cant|p2a: Dondozo|frz\n|\n|-weather|Snow|[upkeep]\n|upkeep\n|turn|10\n|\n|t:|1729752483\n|move|p1a: Ninetales|Blizzard|p2a: Dondozo|[spread] p2a\n|-miss|p1a: Ninetales|p2b: Tatsugiri\n|-resisted|p2a: Dondozo\n|-damage|p2a: Dondozo|57\/100 frz\n|cant|p2a: Dondozo|frz\n|move|p1b: Archaludon|Thunderbolt|p2a: Dondozo\n|-damage|p2a: Dondozo|48\/100 frz\n|\n|-weather|none\n|-end|p2a: Dondozo|Disable\n|upkeep\n|turn|11\n|\n|t:|1729752489\n|move|p1a: Ninetales|Disable|p2a: Dondozo\n|-start|p2a: Dondozo|Disable|Wave Crash\n|move|p1b: Archaludon|Thunderbolt|p2a: Dondozo\n|-damage|p2a: Dondozo|38\/100 frz\n|cant|p2a: Dondozo|frz\n|\n|-end|p2a: Dondozo|Encore\n|upkeep\n|turn|12\n|\n|t:|1729752495\n|move|p1a: Ninetales|Freeze-Dry|p2a: Dondozo\n|-resisted|p2a: Dondozo\n|-damage|p2a: Dondozo|34\/100 frz\n|cant|p2a: Dondozo|frz\n|move|p1b: Archaludon|Thunderbolt|p2a: Dondozo\n|-damage|p2a: Dondozo|25\/100 frz\n|\n|upkeep\n|turn|13\n|\n|t:|1729752503\n|move|p1a: Ninetales|Encore|p2a: Dondozo\n|-start|p2a: Dondozo|Encore\n|move|p1b: Archaludon|Thunderbolt|p2a: Dondozo\n|-damage|p2a: Dondozo|16\/100 frz\n|cant|p2a: Dondozo|frz\n|\n|upkeep\n|turn|14\n|\n|t:|1729752512\n|move|p1a: Ninetales|Freeze-Dry|p2a: Dondozo\n|-resisted|p2a: Dondozo\n|-damage|p2a: Dondozo|13\/100 frz\n|cant|p2a: Dondozo|frz\n|move|p1b: Archaludon|Thunderbolt|p2a: Dondozo\n|-damage|p2a: Dondozo|5\/100 frz\n|\n|-end|p2a: Dondozo|Disable\n|upkeep\n|turn|15\n|\n|t:|1729752523\n|move|p1a: Ninetales|Freeze-Dry|p2a: Dondozo\n|-resisted|p2a: Dondozo\n|-damage|p2a: Dondozo|1\/100 frz\n|-curestatus|p2a: Dondozo|frz|[msg]\n|move|p2a: Dondozo|Wave Crash|p1b: Archaludon\n|-resisted|p1b: Archaludon\n|-damage|p1b: Archaludon|0 fnt\n|faint|p1b: Archaludon\n|-damage|p2a: Dondozo|0 fnt|[from] Recoil\n|faint|p2a: Dondozo\n|\n|upkeep\n|\n|t:|1729752526\n|switch|p2a: Sneasler|Sneasler, L50, F|17\/100\n|turn|16\n|\n|t:|1729752535\n|move|p2a: Sneasler|Dire Claw|p1a: Ninetales\n|-supereffective|p1a: Ninetales\n|-damage|p1a: Ninetales|0 fnt\n|faint|p1a: Ninetales\n|\n|win|tatch_9\n|raw|Draxolotl's rating: 1848 &rarr; <strong>1820<\/strong><br \/>(-28 for losing)\n|raw|tatch_9's rating: 1706 &rarr; <strong>1734<\/strong><br \/>(+28 for winning)\n|c|\u2606tatch_9|Lol\n|l| hackervgc\n|l|\u2606Draxolotl\n|player|p1|\n|l|\u2606tatch_9\n|player|p2|\n|l| CRJ23\n","uploadtime":1729752709,"views":29,"formatid":"gen9vgc2024regh","rating":1734,"private":0,"password":null}