{"id":"gen9vgc2024regh-2229431566","format":"[Gen 9] VGC 2024 Reg H","players":["BelowZer0tv","googer315"],"log":"|j|\u2606BelowZer0tv\n|j|\u2606googer315\n|t:|1729713667\n|gametype|doubles\n|player|p1|BelowZer0tv|170|1741\n|player|p2|googer315|265|1810\n|teamsize|p1|6\n|teamsize|p2|6\n|gen|9\n|tier|[Gen 9] VGC 2024 Reg H\n|rated|\n|rule|Species Clause: Limit one of each Pok\u00e9mon\n|rule|Item Clause: Limit 1 of each item\n|clearpoke\n|poke|p1|Blaziken, L50, M|\n|poke|p1|Dragonite, L50, F|\n|poke|p1|Comfey, L50, M|\n|poke|p1|Gholdengo, L50|\n|poke|p1|Murkrow, L50, M|\n|poke|p1|Kingambit, L50, F|\n|poke|p2|Dondozo, L50, F|\n|poke|p2|Tatsugiri, L50, F|\n|poke|p2|Glimmora, L50, F|\n|poke|p2|Maushold, L50|\n|poke|p2|Annihilape, L50, F|\n|poke|p2|Gholdengo, L50|\n|teampreview|4\n|inactive|Battle timer is ON: inactive players will automatically lose when time's up. (requested by googer315)\n|\n|t:|1729713692\n|start\n|switch|p1a: Blaziken|Blaziken, L50, M|100\/100\n|switch|p1b: Dragonite|Dragonite, L50, F|100\/100\n|switch|p2a: Gholdengo|Gholdengo, L50|100\/100\n|switch|p2b: Glimmora|Glimmora, L50, F|100\/100\n|turn|1\n|\n|t:|1729713707\n|move|p2a: Gholdengo|Make It Rain|p1a: Blaziken|[spread] p1a,p1b\n|-resisted|p1a: Blaziken\n|-damage|p1a: Blaziken|59\/100\n|-damage|p1b: Dragonite|76\/100\n|-unboost|p2a: Gholdengo|spa|1\n|move|p2b: Glimmora|Power Gem|p1b: Dragonite\n|-supereffective|p1b: Dragonite\n|-damage|p1b: Dragonite|0 fnt\n|faint|p1b: Dragonite\n|move|p1a: Blaziken|Heat Wave|p2b: Glimmora|[spread] p2a,p2b\n|-supereffective|p2a: Gholdengo\n|-resisted|p2b: Glimmora\n|-damage|p2a: Gholdengo|12\/100\n|-damage|p2b: Glimmora|74\/100\n|\n|-ability|p1a: Blaziken|Speed Boost|boost\n|-boost|p1a: Blaziken|spe|1\n|upkeep\n|\n|t:|1729713727\n|switch|p1b: Murkrow|Murkrow, L50, M|100\/100\n|turn|2\n|\n|t:|1729713737\n|switch|p2a: Annihilape|Annihilape, L50, F|100\/100\n|-terastallize|p1b: Murkrow|Ghost\n|move|p1b: Murkrow|Tailwind|p1b: Murkrow\n|-sidestart|p1: BelowZer0tv|move: Tailwind\n|move|p1a: Blaziken|Heat Wave|p2b: Glimmora|[spread] p2a,p2b\n|-resisted|p2b: Glimmora\n|-damage|p2a: Annihilape|70\/100\n|-damage|p2b: Glimmora|50\/100\n|move|p2b: Glimmora|Earth Power|p1a: Blaziken\n|-supereffective|p1a: Blaziken\n|-damage|p1a: Blaziken|0 fnt\n|faint|p1a: Blaziken\n|\n|upkeep\n|\n|t:|1729713749\n|switch|p1a: Gholdengo|Gholdengo, L50|100\/100\n|turn|3\n|\n|t:|1729713764\n|move|p2b: Glimmora|Spiky Shield|p2b: Glimmora\n|-singleturn|p2b: Glimmora|move: Protect\n|move|p2a: Annihilape|Protect|p2a: Annihilape\n|-singleturn|p2a: Annihilape|Protect\n|move|p1b: Murkrow|Quash|p2a: Annihilape\n|-activate|p2a: Annihilape|move: Protect\n|move|p1a: Gholdengo|Make It Rain|p2b: Glimmora|[spread] \n|-activate|p2a: Annihilape|move: Protect\n|-activate|p2b: Glimmora|move: Protect\n|\n|upkeep\n|turn|4\n|\n|t:|1729713783\n|switch|p2b: Maushold|Maushold, L50|100\/100\n|-terastallize|p2a: Annihilape|Water\n|move|p1b: Murkrow|Quash|p2a: Annihilape\n|-activate|p2a: Annihilape|move: Quash\n|move|p1a: Gholdengo|Make It Rain|p2a: Annihilape|[spread] p2a,p2b\n|-resisted|p2a: Annihilape\n|-damage|p2a: Annihilape|47\/100\n|-damage|p2b: Maushold|0 fnt\n|-unboost|p1a: Gholdengo|spa|1\n|-enditem|p2a: Annihilape|Sitrus Berry|[eat]\n|-heal|p2a: Annihilape|72\/100|[from] item: Sitrus Berry\n|faint|p2b: Maushold\n|move|p2a: Annihilape|Rage Fist|p1b: Murkrow\n|-supereffective|p1b: Murkrow\n|-damage|p1b: Murkrow|0 fnt\n|faint|p1b: Murkrow\n|\n|upkeep\n|l|\u2606BelowZer0tv\n|inactive|BelowZer0tv disconnected and has a minute to reconnect!\n|player|p1|\n|\n|t:|1729713802\n|switch|p2b: Glimmora|Glimmora, L50, F|50\/100\n|turn|5\n|inactive|BelowZer0tv has 30 seconds left.\n|inactive|BelowZer0tv has 20 seconds left.\n|inactive|BelowZer0tv has 15 seconds left.\n|inactive|BelowZer0tv has 10 seconds left.\n|j|\u2606BelowZer0tv\n|inactive|BelowZer0tv reconnected and has 10 seconds left.\n|player|p1|BelowZer0tv|170|\n|inactive|BelowZer0tv has 5 seconds left.\n|l|\u2606BelowZer0tv\n|inactive|BelowZer0tv disconnected and has a minute to reconnect!\n|player|p1|\n|-message|BelowZer0tv lost due to inactivity.\n|\n|win|googer315\n|raw|BelowZer0tv's rating: 1741 &rarr; <strong>1723<\/strong><br \/>(-18 for losing)\n|raw|googer315's rating: 1783 &rarr; <strong>1801<\/strong><br \/>(+18 for winning)\n|l|\u2606googer315\n|player|p2|\n","uploadtime":1729714074,"views":20,"formatid":"gen9vgc2024regh","rating":1723,"private":0,"password":null}