{"id":"gen9vgc2024regh-2229235634","format":"[Gen 9] VGC 2024 Reg H","players":["kfjtdhynd","Jayson_Ubo"],"log":"|j|\u2606kfjtdhynd\n|j|\u2606Jayson_Ubo\n|t:|1729696923\n|gametype|doubles\n|player|p1|kfjtdhynd|169|1755\n|player|p2|Jayson_Ubo|hilbert|1744\n|teamsize|p1|6\n|teamsize|p2|6\n|gen|9\n|tier|[Gen 9] VGC 2024 Reg H\n|rated|\n|rule|Species Clause: Limit one of each Pok\u00e9mon\n|rule|Item Clause: Limit 1 of each item\n|clearpoke\n|poke|p1|Espathra, L50, M|\n|poke|p1|Archaludon, L50, F|\n|poke|p1|Porygon2, L50|\n|poke|p1|Incineroar, L50, F|\n|poke|p1|Ursaluna, L50, M|\n|poke|p1|Primarina, L50, M|\n|poke|p2|Yanma, L50, M|\n|poke|p2|Garchomp, L50, F|\n|poke|p2|Dragonite, L50, F|\n|poke|p2|Sneasler, L50, F|\n|poke|p2|Gholdengo, L50|\n|poke|p2|Indeedee, L50, M|\n|teampreview|4\nkfjtdhynd rejected open team sheets.\n|inactive|Battle timer is ON: inactive players will automatically lose when time's up. (requested by kfjtdhynd)\n|\n|t:|1729696940\n|start\n|switch|p1a: Espathra|Espathra, L50, M|100\/100\n|switch|p1b: Archaludon|Archaludon, L50, F|100\/100\n|switch|p2a: Yanma|Yanma, L50, M|100\/100\n|switch|p2b: Garchomp|Garchomp, L50, F|100\/100\n|turn|1\n|\n|t:|1729696954\n|-terastallize|p2b: Garchomp|Ground\n|move|p1a: Espathra|Lumina Crash|p2b: Garchomp\n|-crit|p2b: Garchomp\n|-damage|p2b: Garchomp|39\/100\n|-unboost|p2b: Garchomp|spd|2\n|move|p2a: Yanma|Screech|p1b: Archaludon\n|-unboost|p1b: Archaludon|def|2\n|move|p2b: Garchomp|Earthquake|p1b: Archaludon|[spread] p1a,p1b\n|-immune|p2a: Yanma\n|-supereffective|p1b: Archaludon\n|-enditem|p1a: Espathra|Focus Sash\n|-damage|p1a: Espathra|1\/100\n|-ability|p1b: Archaludon|Sturdy\n|-damage|p1b: Archaludon|1\/100\n|-damage|p2b: Garchomp|29\/100|[from] item: Life Orb\n|move|p1b: Archaludon|Dragon Pulse|p2b: Garchomp\n|-damage|p2b: Garchomp|0 fnt\n|faint|p2b: Garchomp\n|\n|-ability|p1a: Espathra|Speed Boost|boost\n|-boost|p1a: Espathra|spe|1\n|upkeep\n|\n|t:|1729696972\n|switch|p2b: Dragonite|Dragonite, L50, F|100\/100\n|turn|2\n|\n|t:|1729696991\n|move|p1b: Archaludon|Protect|p1b: Archaludon\n|-singleturn|p1b: Archaludon|Protect\n|move|p2b: Dragonite|Extreme Speed|p1b: Archaludon\n|-activate|p1b: Archaludon|move: Protect\n|move|p1a: Espathra|Lumina Crash|p2a: Yanma\n|-damage|p2a: Yanma|47\/100\n|-unboost|p2a: Yanma|spd|2\n|move|p2a: Yanma|Tailwind|p2a: Yanma\n|-sidestart|p2: Jayson_Ubo|move: Tailwind\n|\n|-ability|p1a: Espathra|Speed Boost|boost\n|-boost|p1a: Espathra|spe|1\n|upkeep\n|turn|3\n|\n|t:|1729697011\n|move|p1a: Espathra|Protect|p1a: Espathra\n|-singleturn|p1a: Espathra|Protect\n|move|p2b: Dragonite|Extreme Speed|p1a: Espathra\n|-activate|p1a: Espathra|move: Protect\n|move|p2a: Yanma|Hypnosis|p1b: Archaludon|[miss]\n|-miss|p2a: Yanma|p1b: Archaludon\n|move|p1b: Archaludon|Electro Shot||[still]\n|-prepare|p1b: Archaludon|Electro Shot\n|-boost|p1b: Archaludon|spa|1\n|-enditem|p1b: Archaludon|Power Herb\n|-anim|p1b: Archaludon|Electro Shot|p2b: Dragonite\n|-damage|p2b: Dragonite|61\/100\n|\n|-ability|p1a: Espathra|Speed Boost|boost\n|-boost|p1a: Espathra|spe|1\n|upkeep\n|turn|4\n|\n|t:|1729697024\n|move|p2b: Dragonite|Extreme Speed|p1a: Espathra\n|-damage|p1a: Espathra|0 fnt\n|faint|p1a: Espathra\n|move|p2a: Yanma|Hypnosis|p1b: Archaludon\n|-status|p1b: Archaludon|slp|[from] move: Hypnosis\n|cant|p1b: Archaludon|slp\n|\n|upkeep\n|\n|t:|1729697037\n|switch|p1a: Incineroar|Incineroar, L50, F|100\/100\n|-ability|p1a: Incineroar|Intimidate|boost\n|-unboost|p2a: Yanma|atk|1\n|-fail|p2b: Dragonite|unboost|Attack|[from] ability: Inner Focus|[of] p2b: Dragonite\n|turn|5\n|\n|t:|1729697050\n|move|p1a: Incineroar|Fake Out|p2a: Yanma\n|-damage|p2a: Yanma|18\/100\n|cant|p2a: Yanma|flinch\n|move|p2b: Dragonite|Low Kick|p1a: Incineroar\n|-supereffective|p1a: Incineroar\n|-damage|p1a: Incineroar|40\/100\n|cant|p1b: Archaludon|slp\n|\n|-sideend|p2: Jayson_Ubo|move: Tailwind\n|upkeep\n|turn|6\n|\n|t:|1729697065\n|move|p2b: Dragonite|Extreme Speed|p1b: Archaludon\n|-resisted|p1b: Archaludon\n|-damage|p1b: Archaludon|0 fnt\n|faint|p1b: Archaludon\n|move|p2a: Yanma|Hypnosis|p1a: Incineroar\n|-status|p1a: Incineroar|slp|[from] move: Hypnosis\n|cant|p1a: Incineroar|slp\n|\n|upkeep\n|\n|t:|1729697067\n|switch|p1b: Primarina|Primarina, L50, M|100\/100\n|turn|7\n|\n|t:|1729697074\n|move|p2a: Yanma|Screech|p1b: Primarina\n|-unboost|p1b: Primarina|def|2\n|move|p2b: Dragonite|Low Kick|p1a: Incineroar\n|-supereffective|p1a: Incineroar\n|-damage|p1a: Incineroar|0 fnt\n|faint|p1a: Incineroar\n|move|p1b: Primarina|Hyper Voice|p2a: Yanma|[spread] p2a,p2b\n|-resisted|p2b: Dragonite\n|-damage|p2a: Yanma|0 fnt\n|-damage|p2b: Dragonite|50\/100\n|faint|p2a: Yanma\n|-enditem|p1b: Primarina|Throat Spray\n|-boost|p1b: Primarina|spa|1|[from] item: Throat Spray\n|\n|upkeep\n|\n|t:|1729697076\n|switch|p2a: Gholdengo|Gholdengo, L50|100\/100\n|turn|8\n|\n|t:|1729697081\n|move|p2b: Dragonite|Extreme Speed|p1b: Primarina\n|-damage|p1b: Primarina|28\/100\n|move|p2a: Gholdengo|Make It Rain|p1b: Primarina\n|-damage|p1b: Primarina|0 fnt\n|-unboost|p2a: Gholdengo|spa|1\n|faint|p1b: Primarina\n|\n|win|Jayson_Ubo\n|raw|kfjtdhynd's rating: 1755 &rarr; <strong>1734<\/strong><br \/>(-21 for losing)\n|raw|Jayson_Ubo's rating: 1744 &rarr; <strong>1765<\/strong><br \/>(+21 for winning)\n|l|\u2606Jayson_Ubo\n|player|p2|\n|l|\u2606kfjtdhynd\n|player|p1|\n","uploadtime":1729697294,"views":32,"formatid":"gen9vgc2024regh","rating":1734,"private":0,"password":null}