{"id":"gen9vgc2024regh-2229374235","format":"[Gen 9] VGC 2024 Reg H","players":["5SeasBakery","Zordor"],"log":"|j|\u26065SeasBakery\n|j|\u2606Zordor\n|t:|1729708500\n|gametype|doubles\n|player|p1|5SeasBakery|266|1679\n|player|p2|Zordor|pilot|1684\n|teamsize|p1|6\n|teamsize|p2|6\n|gen|9\n|tier|[Gen 9] VGC 2024 Reg H\n|rated|\n|rule|Species Clause: Limit one of each Pok\u00e9mon\n|rule|Item Clause: Limit 1 of each item\n|clearpoke\n|poke|p1|Archaludon, L50, M|\n|poke|p1|Pelipper, L50, M|\n|poke|p1|Indeedee-F, L50, F|\n|poke|p1|Blastoise, L50, F|\n|poke|p1|Sneasler, L50, M|\n|poke|p1|Farigiraf, L50, M|\n|poke|p2|Rotom-Wash, L50|\n|poke|p2|Sneasler, L50, M|\n|poke|p2|Kingambit, L50, F|\n|poke|p2|Armarouge, L50, F|\n|poke|p2|Ninetales-Alola, L50, F|\n|poke|p2|Dragapult, L50, M|\n|teampreview|4\n|inactive|Battle timer is ON: inactive players will automatically lose when time's up. (requested by 5SeasBakery)\n|\n|t:|1729708552\n|start\n|switch|p1a: Sneasler|Sneasler, L50, M|100\/100\n|switch|p1b: Indeedee|Indeedee-F, L50, F|100\/100\n|switch|p2a: Sneasler|Sneasler, L50, M|100\/100\n|switch|p2b: Dragapult|Dragapult, L50, M|100\/100\n|-fieldstart|move: Psychic Terrain|[from] ability: Psychic Surge|[of] p1b: Indeedee\n|-enditem|p1a: Sneasler|Psychic Seed\n|-boost|p1a: Sneasler|spd|1|[from] item: Psychic Seed\n|turn|1\n|inactive|Zordor has 30 seconds left.\n|\n|t:|1729708585\n|-terastallize|p1a: Sneasler|Dark\n|move|p1a: Sneasler|Throat Chop|p2b: Dragapult\n|-supereffective|p2b: Dragapult\n|-damage|p2b: Dragapult|12\/100\n|-start|p2b: Dragapult|Throat Chop|[silent]\n|move|p2b: Dragapult|Psychic Fangs|p1a: Sneasler\n|-immune|p1a: Sneasler\n|move|p2a: Sneasler|Dire Claw|p1b: Indeedee\n|-damage|p1b: Indeedee|58\/100\n|move|p1b: Indeedee|Psychic|p2a: Sneasler\n|-supereffective|p2a: Sneasler\n|-enditem|p2a: Sneasler|Focus Sash\n|-damage|p2a: Sneasler|1\/100\n|-unboost|p2a: Sneasler|spd|1\n|\n|upkeep\n|turn|2\n|inactive|5SeasBakery has 30 seconds left.\n|\n|t:|1729708614\n|move|p1b: Indeedee|Follow Me|p1b: Indeedee\n|-singleturn|p1b: Indeedee|move: Follow Me\n|move|p2a: Sneasler|Close Combat|p1b: Indeedee\n|-damage|p1b: Indeedee|0 fnt\n|-unboost|p2a: Sneasler|def|1\n|-unboost|p2a: Sneasler|spd|1\n|faint|p1b: Indeedee\n|move|p1a: Sneasler|Dire Claw|p2b: Dragapult\n|-resisted|p2b: Dragapult\n|-damage|p2b: Dragapult|0 fnt\n|faint|p2b: Dragapult\n|\n|upkeep\n|\n|t:|1729708628\n|switch|p2b: Kingambit|Kingambit, L50, F|100\/100\n|switch|p1b: Blastoise|Blastoise, L50, F|100\/100\n|turn|3\n|\n|t:|1729708642\n|move|p2a: Sneasler|Protect|p2a: Sneasler\n|-singleturn|p2a: Sneasler|Protect\n|move|p2b: Kingambit|Protect|p2b: Kingambit\n|-singleturn|p2b: Kingambit|Protect\n|move|p1a: Sneasler|Close Combat|p2b: Kingambit\n|-activate|p2b: Kingambit|move: Protect\n|move|p1b: Blastoise|Water Spout|p2a: Sneasler|[spread] \n|-activate|p2a: Sneasler|move: Protect\n|-activate|p2b: Kingambit|move: Protect\n|\n|upkeep\n|turn|4\n|\n|t:|1729708653\n|move|p2a: Sneasler|Close Combat|p1a: Sneasler\n|-supereffective|p1a: Sneasler\n|-damage|p1a: Sneasler|0 fnt\n|-unboost|p2a: Sneasler|def|1\n|-unboost|p2a: Sneasler|spd|1\n|faint|p1a: Sneasler\n|move|p1b: Blastoise|Water Spout|p2a: Sneasler|[spread] p2a,p2b\n|-crit|p2a: Sneasler\n|-damage|p2a: Sneasler|0 fnt\n|-damage|p2b: Kingambit|50\/100\n|-enditem|p2b: Kingambit|Sitrus Berry|[eat]\n|-heal|p2b: Kingambit|75\/100|[from] item: Sitrus Berry\n|faint|p2a: Sneasler\n|move|p2b: Kingambit|Kowtow Cleave|p1b: Blastoise\n|-damage|p1b: Blastoise|51\/100\n|\n|upkeep\n|\n|t:|1729708666\n|switch|p2a: Ninetales|Ninetales-Alola, L50, F|100\/100\n|switch|p1a: Archaludon|Archaludon, L50, M|100\/100\n|-weather|Snow|[from] ability: Snow Warning|[of] p2a: Ninetales\n|turn|5\n|inactive|Zordor has 30 seconds left.\n|inactive|Zordor has 20 seconds left.\n|inactive|Zordor has 15 seconds left.\n|inactive|Zordor has 10 seconds left.\n|\n|t:|1729708712\n|-terastallize|p2b: Kingambit|Flying\n|move|p2a: Ninetales|Freeze-Dry|p1b: Blastoise\n|-supereffective|p1b: Blastoise\n|-damage|p1b: Blastoise|0 fnt\n|faint|p1b: Blastoise\n|move|p1a: Archaludon|Flash Cannon|p2a: Ninetales\n|-supereffective|p2a: Ninetales\n|-damage|p2a: Ninetales|0 fnt\n|faint|p2a: Ninetales\n|move|p2b: Kingambit|Kowtow Cleave|p1a: Archaludon\n|-damage|p1a: Archaludon|62\/100\n|-ability|p1a: Archaludon|Stamina|boost\n|-boost|p1a: Archaludon|def|1\n|\n|-weather|Snow|[upkeep]\n|-fieldend|move: Psychic Terrain\n|upkeep\n|turn|6\n|\n|t:|1729708726\n|move|p1a: Archaludon|Dragon Pulse|p2b: Kingambit\n|-damage|p2b: Kingambit|28\/100\n|move|p2b: Kingambit|Kowtow Cleave|p1a: Archaludon\n|-damage|p1a: Archaludon|33\/100\n|-ability|p1a: Archaludon|Stamina|boost\n|-boost|p1a: Archaludon|def|1\n|\n|-weather|Snow|[upkeep]\n|upkeep\n|turn|7\n|\n|t:|1729708735\n|move|p2b: Kingambit|Sucker Punch|p1a: Archaludon\n|-damage|p1a: Archaludon|18\/100\n|-ability|p1a: Archaludon|Stamina|boost\n|-boost|p1a: Archaludon|def|1\n|move|p1a: Archaludon|Dragon Pulse|p2b: Kingambit\n|-crit|p2b: Kingambit\n|-damage|p2b: Kingambit|0 fnt\n|faint|p2b: Kingambit\n|\n|win|5SeasBakery\n|raw|5SeasBakery's rating: 1679 &rarr; <strong>1699<\/strong><br \/>(+20 for winning)\n|raw|Zordor's rating: 1684 &rarr; <strong>1664<\/strong><br \/>(-20 for losing)\n|l|\u2606Zordor\n|player|p2|\n","uploadtime":1729708983,"views":15,"formatid":"gen9vgc2024regh","rating":1664,"private":0,"password":null}