{"id":"gen9vgc2024regh-2229241532","format":"[Gen 9] VGC 2024 Reg H","players":["quinn2","sr_raichul"],"log":"|j|\u2606quinn2\n|j|\u2606sr_raichul\n|t:|1729697412\n|gametype|doubles\n|player|p1|quinn2|170|1731\n|player|p2|sr_raichul|iris-gen5bw2|1653\n|teamsize|p1|6\n|teamsize|p2|6\n|gen|9\n|tier|[Gen 9] VGC 2024 Reg H\n|rated|\n|rule|Species Clause: Limit one of each Pok\u00e9mon\n|rule|Item Clause: Limit 1 of each item\n|clearpoke\n|poke|p1|Zoroark-Hisui, L50, M|\n|poke|p1|Whimsicott, L50, F|\n|poke|p1|Indeedee-F, L50, F|\n|poke|p1|Baxcalibur, L50, F|\n|poke|p1|Flamigo, L50, M|\n|poke|p1|Overqwil, L50, M|\n|poke|p2|Gholdengo, L50|\n|poke|p2|Glimmora, L50, M|\n|poke|p2|Talonflame, L50, F|\n|poke|p2|Dragonite, L50, F|\n|poke|p2|Dondozo, L50, M|\n|poke|p2|Tatsugiri, L50, F|\n|teampreview|4\n|inactive|Battle timer is ON: inactive players will automatically lose when time's up. (requested by sr_raichul)\n|inactive|quinn2 has 60 seconds left.\nsr_raichul has agreed to open team sheets.\nquinn2 has agreed to open team sheets.\n|\n|t:|1729697468\n|start\n|switch|p1a: Whimsicott|Whimsicott, L50, F|100\/100\n|switch|p1b: Flamigo|Flamigo, L50, M|100\/100\n|switch|p2a: Gholdengo|Gholdengo, L50|100\/100\n|switch|p2b: Glimmora|Glimmora, L50, M|100\/100\n|turn|1\n|\n|t:|1729697487\n|move|p1a: Whimsicott|Dazzling Gleam|p2a: Gholdengo|[spread] p2a,p2b\n|-resisted|p2a: Gholdengo\n|-resisted|p2b: Glimmora\n|-damage|p2a: Gholdengo|87\/100\n|-damage|p2b: Glimmora|85\/100\n|move|p1b: Flamigo|Close Combat|p2a: Gholdengo\n|-supereffective|p2a: Gholdengo\n|-damage|p2a: Gholdengo|0 fnt\n|-unboost|p1b: Flamigo|def|1\n|-unboost|p1b: Flamigo|spd|1\n|faint|p2a: Gholdengo\n|move|p2b: Glimmora|Meteor Beam||[still]\n|-prepare|p2b: Glimmora|Meteor Beam\n|-boost|p2b: Glimmora|spa|1\n|-enditem|p2b: Glimmora|Power Herb\n|-anim|p2b: Glimmora|Meteor Beam|p1b: Flamigo\n|-damage|p1b: Flamigo|0 fnt\n|faint|p1b: Flamigo\n|\n|upkeep\n|inactive|quinn2 has 30 seconds left.\n|\n|t:|1729697518\n|switch|p1b: Baxcalibur|Baxcalibur, L50, F|100\/100\n|switch|p2a: Dondozo|Dondozo, L50, M|100\/100\n|turn|2\n|\n|t:|1729697542\n|move|p1b: Baxcalibur|Protect|p1b: Baxcalibur\n|-singleturn|p1b: Baxcalibur|Protect\n|move|p1a: Whimsicott|Endeavor|p2a: Dondozo\n|-damage|p2a: Dondozo|61\/100\n|move|p2b: Glimmora|Sludge Bomb|p1a: Whimsicott\n|-supereffective|p1a: Whimsicott\n|-enditem|p1a: Whimsicott|Focus Sash\n|-damage|p1a: Whimsicott|1\/100\n|move|p2a: Dondozo|Order Up|p1b: Baxcalibur\n|-activate|p1b: Baxcalibur|move: Protect\n|\n|-heal|p2a: Dondozo|67\/100|[from] item: Leftovers\n|upkeep\n|turn|3\n|inactive|quinn2 has 30 seconds left.\n|\n|t:|1729697572\n|-terastallize|p1b: Baxcalibur|Fire\n|move|p2a: Dondozo|Protect|p2a: Dondozo\n|-singleturn|p2a: Dondozo|Protect\n|move|p1a: Whimsicott|Endeavor|p2a: Dondozo\n|-activate|p2a: Dondozo|move: Protect\n|move|p2b: Glimmora|Sludge Bomb|p1a: Whimsicott\n|-supereffective|p1a: Whimsicott\n|-damage|p1a: Whimsicott|0 fnt\n|faint|p1a: Whimsicott\n|move|p1b: Baxcalibur|Scale Shot|p2b: Glimmora\n|-damage|p2b: Glimmora|67\/100\n|-activate|p2b: Glimmora|ability: Toxic Debris\n|-sidestart|p1: quinn2|move: Toxic Spikes\n|-damage|p2b: Glimmora|48\/100\n|-activate|p2b: Glimmora|ability: Toxic Debris\n|-sidestart|p1: quinn2|move: Toxic Spikes\n|-damage|p2b: Glimmora|29\/100\n|-damage|p2b: Glimmora|10\/100\n|-hitcount|p2b: Glimmora|4\n|-unboost|p1b: Baxcalibur|def|1\n|-boost|p1b: Baxcalibur|spe|1\n|\n|-heal|p2a: Dondozo|73\/100|[from] item: Leftovers\n|upkeep\n|\n|t:|1729697578\n|switch|p1a: Baxcalibur|Baxcalibur, L50, F|100\/100\n|-status|p1a: Baxcalibur|tox\n|turn|4\n|\n|t:|1729697599\n|move|p2b: Glimmora|Spiky Shield|p2b: Glimmora\n|-singleturn|p2b: Glimmora|move: Protect\n|move|p1a: Baxcalibur|Hyper Voice|p2b: Glimmora|[spread] p2a\n|-activate|p2b: Glimmora|move: Protect\n|-damage|p2a: Dondozo|34\/100\n|-enditem|p1a: Baxcalibur|Throat Spray\n|-boost|p1a: Baxcalibur|spa|1|[from] item: Throat Spray\n|move|p1b: Baxcalibur|Scale Shot|p2a: Dondozo|[miss]\n|-miss|p1b: Baxcalibur|p2a: Dondozo\n|move|p2a: Dondozo|Wave Crash|p1b: Baxcalibur\n|-supereffective|p1b: Baxcalibur\n|-damage|p1b: Baxcalibur|0 fnt\n|faint|p1b: Baxcalibur\n|-damage|p2a: Dondozo|5\/100|[from] Recoil\n|\n|-heal|p2a: Dondozo|12\/100|[from] item: Leftovers\n|-damage|p1a: Baxcalibur|94\/100 tox|[from] psn\n|upkeep\n|turn|5\n|inactive|sr_raichul has 30 seconds left.\n|\n|t:|1729697626\n|move|p2a: Dondozo|Protect|p2a: Dondozo\n|-singleturn|p2a: Dondozo|Protect\n|move|p1a: Baxcalibur|Hyper Voice|p2b: Glimmora|[spread] p2b\n|-activate|p2a: Dondozo|move: Protect\n|-resisted|p2b: Glimmora\n|-damage|p2b: Glimmora|0 fnt\n|faint|p2b: Glimmora\n|\n|-heal|p2a: Dondozo|18\/100|[from] item: Leftovers\n|-damage|p1a: Baxcalibur|82\/100 tox|[from] psn\n|upkeep\n|\n|t:|1729697632\n|switch|p2b: Putero|Tatsugiri, L50, F|100\/100\n|-activate|p2b: Putero|ability: Commander|[of] p2a: Dondozo\n|-boost|p2a: Dondozo|atk|2\n|-boost|p2a: Dondozo|spa|2\n|-boost|p2a: Dondozo|spe|2\n|-boost|p2a: Dondozo|def|2\n|-boost|p2a: Dondozo|spd|2\n|turn|6\n|\n|t:|1729697640\n|move|p1a: Baxcalibur|Hyper Voice|p2b: Putero|[spread] p2a\n|-miss|p1a: Baxcalibur|p2b: Putero\n|-damage|p2a: Dondozo|0 fnt\n|faint|p2a: Dondozo\n|\n|-damage|p1a: Baxcalibur|64\/100 tox|[from] psn\n|upkeep\n|turn|7\n|\n|t:|1729697647\n|move|p2b: Putero|Protect|p2b: Putero\n|-singleturn|p2b: Putero|Protect\n|move|p1a: Baxcalibur|Hyper Voice|p2b: Putero\n|-activate|p2b: Putero|move: Protect\n|\n|-damage|p1a: Baxcalibur|39\/100 tox|[from] psn\n|upkeep\n|turn|8\n|c|\u2606quinn2|gg\n|\n|t:|1729697656\n|-terastallize|p2b: Putero|Stellar\n|move|p1a: Baxcalibur|Hyper Voice|p2b: Putero\n|-crit|p2b: Putero\n|-enditem|p2b: Putero|Focus Sash\n|-damage|p2b: Putero|1\/100\n|move|p2b: Putero|Draco Meteor|p1a: Baxcalibur\n|-damage|p1a: Baxcalibur|0 fnt\n|-unboost|p2b: Putero|spa|2\n|replace|p1a: Zoroark|Zoroark-Hisui, L50, M\n|-end|p1a: Zoroark|Illusion\n|faint|p1a: Zoroark\n|\n|win|sr_raichul\n|raw|quinn2's rating: 1731 &rarr; <strong>1707<\/strong><br \/>(-24 for losing)\n|raw|sr_raichul's rating: 1653 &rarr; <strong>1677<\/strong><br \/>(+24 for winning)\n|l|\u2606quinn2\n|player|p1|\n|l|\u2606sr_raichul\n|player|p2|\n","uploadtime":1729697849,"views":9,"formatid":"gen9vgc2024regh","rating":1677,"private":0,"password":null}