{"id":"gen9vgc2024regh-2229984690","format":"[Gen 9] VGC 2024 Reg H","players":["Angelo Neres","TViewierVGC"],"log":"|j|\u2606Angelo Neres\n|j|\u2606TViewierVGC\n|t:|1729783038\n|gametype|doubles\n|player|p1|Angelo Neres|1|1718\n|player|p2|TViewierVGC|tuber|1650\n|teamsize|p1|6\n|teamsize|p2|6\n|gen|9\n|tier|[Gen 9] VGC 2024 Reg H\n|rated|\n|rule|Species Clause: Limit one of each Pok\u00e9mon\n|rule|Item Clause: Limit 1 of each item\n|clearpoke\n|poke|p1|Garganacl, L50, M|\n|poke|p1|Mimikyu, L50, M|\n|poke|p1|Meowscarada, L50, F|\n|poke|p1|Glimmora, L50, M|\n|poke|p1|Corviknight, L50, F|\n|poke|p1|Magmar, L50, F|\n|poke|p2|Kilowattrel, L50, F|\n|poke|p2|Garchomp, L50, F|\n|poke|p2|Gardevoir, L50, M|\n|poke|p2|Typhlosion-Hisui, L50, M|\n|poke|p2|Sneasler, L50, M|\n|poke|p2|Corviknight, L50, F|\n|teampreview|4\n|inactive|Battle timer is ON: inactive players will automatically lose when time's up. (requested by TViewierVGC)\n|inactive|Angelo Neres has 60 seconds left.\n|inactive|TViewierVGC has 60 seconds left.\n|inactive|TViewierVGC has 30 seconds left.\n|inactive|TViewierVGC has 20 seconds left.\n|\n|t:|1729783113\n|start\n|switch|p1a: Mimikyu|Mimikyu, L50, M, shiny|100\/100\n|switch|p1b: Glimmora|Glimmora, L50, M|100\/100\n|switch|p2a: Ber Zer Ker|Garchomp, L50, F|100\/100\n|switch|p2b: Uprising|Corviknight, L50, F|100\/100\n|turn|1\n|inactive|Angelo Neres has 30 seconds left.\n|\n|t:|1729783142\n|move|p1b: Glimmora|Spiky Shield|p1b: Glimmora\n|-singleturn|p1b: Glimmora|move: Protect\n|move|p2a: Ber Zer Ker|Earthquake|p1b: Glimmora|[spread] p1a\n|-activate|p1b: Glimmora|move: Protect\n|-immune|p2b: Uprising\n|-activate|p1a: Mimikyu|ability: Disguise\n|-damage|p1a: Mimikyu|100\/100\n|detailschange|p1a: Mimikyu|Mimikyu-Busted, L50, M, shiny\n|-damage|p1a: Mimikyu|88\/100|[from] pokemon: Mimikyu-Busted\n|-damage|p2a: Ber Zer Ker|91\/100|[from] item: Life Orb\n|move|p1a: Mimikyu|Taunt|p2b: Uprising\n|-start|p2b: Uprising|move: Taunt\n|move|p2b: Uprising|Brave Bird|p1a: Mimikyu\n|-damage|p1a: Mimikyu|33\/100\n|-damage|p2b: Uprising|88\/100|[from] Recoil\n|\n|upkeep\n|turn|2\n|inactive|Angelo Neres has 30 seconds left.\n|\n|t:|1729783171\n|-terastallize|p1b: Glimmora|Flying\n|move|p2a: Ber Zer Ker|Earthquake|p1b: Glimmora|[spread] p1a\n|-immune|p2b: Uprising\n|-immune|p1b: Glimmora\n|-damage|p1a: Mimikyu|0 fnt\n|faint|p1a: Mimikyu\n|-damage|p2a: Ber Zer Ker|81\/100|[from] item: Life Orb\n|move|p1b: Glimmora|Power Gem|p2b: Uprising\n|-damage|p2b: Uprising|57\/100\n|move|p2b: Uprising|Brave Bird|p1b: Glimmora\n|-damage|p1b: Glimmora|53\/100\n|-activate|p1b: Glimmora|ability: Toxic Debris\n|-sidestart|p2: TViewierVGC|move: Toxic Spikes\n|-damage|p2b: Uprising|44\/100|[from] Recoil\n|-enditem|p2b: Uprising|Sitrus Berry|[eat]\n|-heal|p2b: Uprising|69\/100|[from] item: Sitrus Berry\n|\n|upkeep\n|\n|t:|1729783188\n|switch|p1a: Meowscarada|Meowscarada, L50, F|100\/100\n|turn|3\n|inactive|Angelo Neres has 30 seconds left.\n|inactive|Angelo Neres has 20 seconds left.\n|inactive|Angelo Neres has 15 seconds left.\n|\n|t:|1729783232\n|move|p1a: Meowscarada|Knock Off|p2b: Uprising\n|-start|p1a: Meowscarada|typechange|Dark|[from] ability: Protean\n|-damage|p2b: Uprising|33\/100\n|move|p2a: Ber Zer Ker|Dragon Claw|p1a: Meowscarada\n|-damage|p1a: Meowscarada|20\/100\n|-damage|p2a: Ber Zer Ker|71\/100|[from] item: Life Orb\n|move|p1b: Glimmora|Power Gem|p2b: Uprising\n|-crit|p2b: Uprising\n|-damage|p2b: Uprising|0 fnt\n|faint|p2b: Uprising\n|\n|upkeep\n|\n|t:|1729783247\n|switch|p2b: NextCabSoon|Kilowattrel, L50, F|100\/100\n|turn|4\n|\n|t:|1729783263\n|switch|p1a: Garganacl|Garganacl, L50, M, shiny|100\/100\n|move|p1b: Glimmora|Spiky Shield|p1b: Glimmora\n|-singleturn|p1b: Glimmora|move: Protect\n|move|p2b: NextCabSoon|Discharge|p1b: Glimmora|[spread] p1a\n|-activate|p1b: Glimmora|move: Protect\n|-immune|p2a: Ber Zer Ker\n|-damage|p1a: Garganacl|83\/100\n|move|p2a: Ber Zer Ker|Earthquake|p1b: Glimmora|[spread] p1a\n|-activate|p1b: Glimmora|move: Protect\n|-immune|p2b: NextCabSoon\n|-supereffective|p1a: Garganacl\n|-damage|p1a: Garganacl|10\/100\n|-damage|p2a: Ber Zer Ker|61\/100|[from] item: Life Orb\n|\n|-heal|p1a: Garganacl|16\/100|[from] item: Leftovers\n|upkeep\n|turn|5\n|inactive|Angelo Neres has 30 seconds left.\n|\n|t:|1729783291\n|move|p1a: Garganacl|Wide Guard|p1a: Garganacl\n|-singleturn|p1a: Garganacl|Wide Guard\n|move|p2b: NextCabSoon|Thunderbolt|p1b: Glimmora\n|-supereffective|p1b: Glimmora\n|-damage|p1b: Glimmora|0 fnt\n|faint|p1b: Glimmora\n|move|p2a: Ber Zer Ker|Stomping Tantrum|p1a: Garganacl\n|-supereffective|p1a: Garganacl\n|-damage|p1a: Garganacl|0 fnt\n|faint|p1a: Garganacl\n|-damage|p2a: Ber Zer Ker|51\/100|[from] item: Life Orb\n|\n|upkeep\n|c|\u2606Angelo Neres|Gg wp\n|-message|Angelo Neres forfeited.\n|\n|win|TViewierVGC\n|raw|Angelo Neres's rating: 1718 &rarr; <strong>1694<\/strong><br \/>(-24 for losing)\n|raw|TViewierVGC's rating: 1650 &rarr; <strong>1674<\/strong><br \/>(+24 for winning)\n|l|\u2606Angelo Neres\n|player|p1|\n|l|\u2606TViewierVGC\n|player|p2|\n","uploadtime":1729783561,"views":11,"formatid":"gen9vgc2024regh","rating":1674,"private":0,"password":null}