{"id":"gen9vgc2024regh-2229012530","format":"[Gen 9] VGC 2024 Reg H","players":["Archimedes75","cher1berry"],"log":"|j|\u2606Archimedes75\n|j|\u2606cher1berry\n|t:|1729670575\n|gametype|doubles\n|player|p1|Archimedes75|unknown|1774\n|player|p2|cher1berry|nancy|1732\n|teamsize|p1|6\n|teamsize|p2|6\n|gen|9\n|tier|[Gen 9] VGC 2024 Reg H\n|rated|\n|rule|Species Clause: Limit one of each Pok\u00e9mon\n|rule|Item Clause: Limit 1 of each item\n|clearpoke\n|poke|p1|Pelipper, L50, M|\n|poke|p1|Gardevoir, L50, F|\n|poke|p1|Maushold-Four, L50|\n|poke|p1|Gholdengo, L50|\n|poke|p1|Kingambit, L50, M|\n|poke|p1|Garchomp, L50, F|\n|poke|p2|Indeedee-F, L50, F|\n|poke|p2|Armarouge, L50, F|\n|poke|p2|Ursaluna-Bloodmoon, L50, M|\n|poke|p2|Torkoal, L50, F|\n|poke|p2|Lilligant-Hisui, L50, F|\n|poke|p2|Dragonite, L50, M|\n|teampreview|4\n|inactive|Battle timer is ON: inactive players will automatically lose when time's up. (requested by Archimedes75)\n|\n|t:|1729670598\n|start\n|switch|p1a: Maushold|Maushold-Four, L50|100\/100\n|switch|p1b: Kingambit|Kingambit, L50, M|100\/100\n|switch|p2a: Gachiguma|Ursaluna-Bloodmoon, L50, M|100\/100\n|switch|p2b: Riddihika|Lilligant-Hisui, L50, F|100\/100\n|turn|1\n|\n|t:|1729670608\n|-terastallize|p2b: Riddihika|Ghost\n|move|p1a: Maushold|Protect|p1a: Maushold\n|-singleturn|p1a: Maushold|Protect\n|move|p1b: Kingambit|Protect|p1b: Kingambit\n|-singleturn|p1b: Kingambit|Protect\n|move|p2b: Riddihika|Sleep Powder|p1a: Maushold\n|-activate|p1a: Maushold|move: Protect\n|move|p2a: Gachiguma|Earth Power|p1b: Kingambit\n|-activate|p1b: Kingambit|move: Protect\n|\n|upkeep\n|turn|2\n|\n|t:|1729670632\n|switch|p1b: Pelipper|Pelipper, L50, M|100\/100\n|-weather|RainDance|[from] ability: Drizzle|[of] p1b: Pelipper\n|move|p1a: Maushold|Population Bomb|p2a: Gachiguma\n|-damage|p2a: Gachiguma|92\/100\n|-damage|p2a: Gachiguma|84\/100\n|-damage|p2a: Gachiguma|74\/100\n|-damage|p2a: Gachiguma|65\/100\n|-damage|p2a: Gachiguma|55\/100\n|-damage|p2a: Gachiguma|45\/100\n|-damage|p2a: Gachiguma|37\/100\n|-damage|p2a: Gachiguma|27\/100\n|-damage|p2a: Gachiguma|18\/100\n|-damage|p2a: Gachiguma|9\/100\n|-hitcount|p2a: Gachiguma|10\n|move|p2b: Riddihika|Sleep Powder|p1b: Pelipper\n|-status|p1b: Pelipper|slp|[from] move: Sleep Powder\n|move|p2a: Gachiguma|Blood Moon|p1a: Maushold\n|-damage|p1a: Maushold|0 fnt\n|faint|p1a: Maushold\n|-damage|p2a: Gachiguma|0 fnt|[from] item: Life Orb\n|faint|p2a: Gachiguma\n|\n|-weather|RainDance|[upkeep]\n|upkeep\n|j| talecale9\n|\n|t:|1729670656\n|switch|p1a: Garchomp|Garchomp, L50, F|100\/100\n|switch|p2a: Dragonite|Dragonite, L50, M|100\/100\n|turn|3\n|inactive|Archimedes75 has 30 seconds left.\n|\n|t:|1729670685\n|move|p1a: Garchomp|Protect|p1a: Garchomp\n|-singleturn|p1a: Garchomp|Protect\n|move|p2b: Riddihika|Sleep Powder|p1a: Garchomp\n|-activate|p1a: Garchomp|move: Protect\n|move|p2a: Dragonite|Scale Shot|p1b: Pelipper\n|-damage|p1b: Pelipper|80\/100 slp\n|-damage|p1b: Pelipper|60\/100 slp\n|-damage|p1b: Pelipper|39\/100 slp\n|-damage|p1b: Pelipper|20\/100 slp\n|-damage|p1b: Pelipper|2\/100 slp\n|-hitcount|p1b: Pelipper|5\n|-unboost|p2a: Dragonite|def|1\n|-boost|p2a: Dragonite|spe|1\n|cant|p1b: Pelipper|slp\n|\n|-weather|RainDance|[upkeep]\n|upkeep\n|turn|4\n|inactive|cher1berry has 30 seconds left.\n|\n|t:|1729670718\n|-terastallize|p1a: Garchomp|Ground\n|move|p2a: Dragonite|Scale Shot|p1a: Garchomp\n|-damage|p1a: Garchomp|84\/100\n|-damage|p1a: Garchomp|69\/100\n|-damage|p1a: Garchomp|52\/100\n|-damage|p1a: Garchomp|36\/100\n|-hitcount|p1a: Garchomp|4\n|-unboost|p2a: Dragonite|def|1\n|-boost|p2a: Dragonite|spe|1\n|move|p2b: Riddihika|Close Combat|p1b: Pelipper\n|-resisted|p1b: Pelipper\n|-damage|p1b: Pelipper|0 fnt\n|-unboost|p2b: Riddihika|def|1\n|-unboost|p2b: Riddihika|spd|1\n|faint|p1b: Pelipper\n|move|p1a: Garchomp|Dragon Claw|p2a: Dragonite\n|-supereffective|p2a: Dragonite\n|-damage|p2a: Dragonite|0 fnt\n|faint|p2a: Dragonite\n|-damage|p1a: Garchomp|26\/100|[from] item: Life Orb\n|\n|-weather|RainDance|[upkeep]\n|upkeep\n|j| Inkeyo\n|\n|t:|1729670732\n|switch|p2a: Tawashi|Torkoal, L50, F|100\/100\n|switch|p1b: Kingambit|Kingambit, L50, M|100\/100\n|-weather|SunnyDay|[from] ability: Drought|[of] p2a: Tawashi\n|turn|5\n|\n|t:|1729670751\n|move|p1a: Garchomp|Protect|p1a: Garchomp\n|-singleturn|p1a: Garchomp|Protect\n|move|p2b: Riddihika|After You|p2a: Tawashi\n|-activate|p2a: Tawashi|move: After You\n|move|p2a: Tawashi|Eruption|p1b: Kingambit|[spread] p1b\n|-activate|p1a: Garchomp|move: Protect\n|-supereffective|p1b: Kingambit\n|-damage|p1b: Kingambit|0 fnt\n|faint|p1b: Kingambit\n|\n|-weather|SunnyDay|[upkeep]\n|upkeep\n|turn|6\n|-message|Archimedes75 forfeited.\n|\n|win|cher1berry\n|raw|Archimedes75's rating: 1774 &rarr; <strong>1752<\/strong><br \/>(-22 for losing)\n|raw|cher1berry's rating: 1732 &rarr; <strong>1754<\/strong><br \/>(+22 for winning)\n|l|\u2606Archimedes75\n|player|p1|\n|l|\u2606cher1berry\n|player|p2|\n|l| talecale9\n","uploadtime":1729671004,"views":20,"formatid":"gen9vgc2024regh","rating":1752,"private":0,"password":null}