{"id":"gen9vgc2024regh-2229732642","format":"[Gen 9] VGC 2024 Reg H","players":["nukan up","spaccas"],"log":"|j|\u2606nukan up\n|j|\u2606spaccas\n|t:|1729751315\n|gametype|doubles\n|player|p1|nukan up|policeman-gen4|1794\n|player|p2|spaccas|102|1807\n|teamsize|p1|6\n|teamsize|p2|6\n|gen|9\n|tier|[Gen 9] VGC 2024 Reg H\n|rated|\n|rule|Species Clause: Limit one of each Pok\u00e9mon\n|rule|Item Clause: Limit 1 of each item\n|clearpoke\n|poke|p1|Sneasler, L50, M|\n|poke|p1|Mimikyu, L50, M|\n|poke|p1|Ursaluna-Bloodmoon, L50, M|\n|poke|p1|Garchomp, L50, F|\n|poke|p1|Rillaboom, L50, F|\n|poke|p1|Gholdengo, L50|\n|poke|p2|Grimmsnarl, L50, M|\n|poke|p2|Annihilape, L50, M|\n|poke|p2|Gholdengo, L50|\n|poke|p2|Dragonite, L50, M|\n|poke|p2|Ursaluna-Bloodmoon, L50, M|\n|poke|p2|Volcarona, L50, F|\n|teampreview|4\n|inactive|Battle timer is ON: inactive players will automatically lose when time's up. (requested by nukan up)\n|inactive|spaccas has 60 seconds left.\n|\n|t:|1729751347\n|start\n|switch|p1a: Sneasler|Sneasler, L50, M, shiny|100\/100\n|switch|p1b: Gholdengo|Gholdengo, L50, shiny|100\/100\n|switch|p2a: Annihilape|Annihilape, L50, M|100\/100\n|switch|p2b: Grimmsnarl|Grimmsnarl, L50, M|100\/100\n|turn|1\n|\n|t:|1729751358\n|-terastallize|p2a: Annihilape|Water\n|move|p2b: Grimmsnarl|Light Screen|p2b: Grimmsnarl\n|-sidestart|p2: spaccas|move: Light Screen\n|move|p1a: Sneasler|Dire Claw|p2a: Annihilape\n|-damage|p2a: Annihilape|56\/100\n|move|p2a: Annihilape|Bulk Up|p2a: Annihilape\n|-boost|p2a: Annihilape|atk|1\n|-boost|p2a: Annihilape|def|1\n|move|p1b: Gholdengo|Nasty Plot|p1b: Gholdengo\n|-boost|p1b: Gholdengo|spa|2\n|\n|-heal|p2a: Annihilape|62\/100|[from] item: Leftovers\n|upkeep\n|turn|2\n|\n|t:|1729751376\n|move|p2a: Annihilape|Protect|p2a: Annihilape\n|-singleturn|p2a: Annihilape|Protect\n|move|p2b: Grimmsnarl|Reflect|p2b: Grimmsnarl\n|-sidestart|p2: spaccas|Reflect\n|move|p1a: Sneasler|Dire Claw|p2a: Annihilape\n|-activate|p2a: Annihilape|move: Protect\n|move|p1b: Gholdengo|Make It Rain|p2a: Annihilape|[spread] p2b\n|-activate|p2a: Annihilape|move: Protect\n|-supereffective|p2b: Grimmsnarl\n|-damage|p2b: Grimmsnarl|0 fnt\n|-unboost|p1b: Gholdengo|spa|1\n|faint|p2b: Grimmsnarl\n|\n|-heal|p2a: Annihilape|68\/100|[from] item: Leftovers\n|upkeep\n|\n|t:|1729751391\n|switch|p2b: Volcarona|Volcarona, L50, F|100\/100\n|turn|3\n|\n|t:|1729751400\n|move|p1a: Sneasler|Dire Claw|p2b: Volcarona\n|-damage|p2b: Volcarona|71\/100\n|move|p2a: Annihilape|Rage Fist|p1b: Gholdengo\n|-supereffective|p1b: Gholdengo\n|-damage|p1b: Gholdengo|0 fnt\n|faint|p1b: Gholdengo\n|move|p2b: Volcarona|Heat Wave|p1a: Sneasler\n|-damage|p1a: Sneasler|30\/100\n|\n|-heal|p2a: Annihilape|74\/100|[from] item: Leftovers\n|upkeep\n|\n|t:|1729751406\n|switch|p1b: Rillaboom|Rillaboom, L50, F, shiny|100\/100\n|-fieldstart|move: Grassy Terrain|[from] ability: Grassy Surge|[of] p1b: Rillaboom\n|turn|4\n|\n|t:|1729751415\n|move|p2a: Annihilape|Protect|p2a: Annihilape\n|-singleturn|p2a: Annihilape|Protect\n|move|p1b: Rillaboom|Fake Out|p2b: Volcarona\n|-damage|p2b: Volcarona|59\/100\n|move|p1a: Sneasler|Dire Claw|p2b: Volcarona\n|-damage|p2b: Volcarona|29\/100\n|-status|p1a: Sneasler|brn|[from] ability: Flame Body|[of] p2b: Volcarona\n|-status|p2b: Volcarona|psn|[from] ability: Poison Touch|[of] p1a: Sneasler\n|-enditem|p2b: Volcarona|Sitrus Berry|[eat]\n|-heal|p2b: Volcarona|54\/100 psn|[from] item: Sitrus Berry\n|cant|p2b: Volcarona|flinch\n|\n|-heal|p1a: Sneasler|36\/100 brn|[from] Grassy Terrain\n|-heal|p2a: Annihilape|80\/100|[from] Grassy Terrain\n|-heal|p2a: Annihilape|86\/100|[from] item: Leftovers\n|-heal|p2b: Volcarona|60\/100 psn|[from] Grassy Terrain\n|-damage|p2b: Volcarona|48\/100 psn|[from] psn\n|-damage|p1a: Sneasler|30\/100 brn|[from] brn\n|upkeep\n|turn|5\n|\n|t:|1729751428\n|move|p1b: Rillaboom|Protect|p1b: Rillaboom\n|-singleturn|p1b: Rillaboom|Protect\n|move|p1a: Sneasler|Dire Claw|p2a: Annihilape\n|-damage|p2a: Annihilape|77\/100\n|-status|p2a: Annihilape|slp\n|cant|p2a: Annihilape|slp\n|move|p2b: Volcarona|Heat Wave|p1b: Rillaboom|[spread] p1a\n|-activate|p1b: Rillaboom|move: Protect\n|-damage|p1a: Sneasler|0 fnt\n|faint|p1a: Sneasler\n|\n|-heal|p2a: Annihilape|83\/100 slp|[from] Grassy Terrain\n|-heal|p2a: Annihilape|89\/100 slp|[from] item: Leftovers\n|-heal|p2b: Volcarona|54\/100 psn|[from] Grassy Terrain\n|-damage|p2b: Volcarona|42\/100 psn|[from] psn\n|upkeep\n|\n|t:|1729751435\n|switch|p1a: Ursaluna|Ursaluna-Bloodmoon, L50, M|100\/100\n|turn|6\n|\n|t:|1729751440\n|-terastallize|p1b: Rillaboom|Fire\n|cant|p2a: Annihilape|slp\n|move|p2b: Volcarona|Heat Wave|p1a: Ursaluna|[spread] p1a,p1b\n|-resisted|p1b: Rillaboom\n|-damage|p1a: Ursaluna|73\/100\n|-damage|p1b: Rillaboom|80\/100\n|move|p1b: Rillaboom|Wood Hammer|p2a: Annihilape\n|-supereffective|p2a: Annihilape\n|-damage|p2a: Annihilape|0 fnt\n|faint|p2a: Annihilape\n|-damage|p1b: Rillaboom|48\/100|[from] Recoil\n|move|p1a: Ursaluna|Hyper Voice|p2b: Volcarona\n|-damage|p2b: Volcarona|10\/100 psn\n|\n|-heal|p2b: Volcarona|17\/100 psn|[from] Grassy Terrain\n|-heal|p1b: Rillaboom|54\/100|[from] Grassy Terrain\n|-heal|p1a: Ursaluna|79\/100|[from] Grassy Terrain\n|-damage|p2b: Volcarona|4\/100 psn|[from] psn\n|upkeep\n|\n|t:|1729751446\n|switch|p2a: Ursaluna|Ursaluna-Bloodmoon, L50, M|100\/100\n|turn|7\n|\n|t:|1729751460\n|move|p1b: Rillaboom|Protect|p1b: Rillaboom\n|-singleturn|p1b: Rillaboom|Protect\n|move|p1a: Ursaluna|Vacuum Wave|p2b: Volcarona\n|-resisted|p2b: Volcarona\n|-damage|p2b: Volcarona|0 fnt\n|faint|p2b: Volcarona\n|move|p2a: Ursaluna|Earth Power|p1b: Rillaboom\n|-activate|p1b: Rillaboom|move: Protect\n|\n|-heal|p1b: Rillaboom|60\/100|[from] Grassy Terrain\n|-heal|p1a: Ursaluna|86\/100|[from] Grassy Terrain\n|upkeep\n|turn|8\n|\n|t:|1729751470\n|move|p1a: Ursaluna|Vacuum Wave|p2a: Ursaluna\n|-supereffective|p2a: Ursaluna\n|-damage|p2a: Ursaluna|89\/100\n|move|p1b: Rillaboom|Wood Hammer|p2a: Ursaluna\n|-supereffective|p2a: Ursaluna\n|-damage|p2a: Ursaluna|0 fnt\n|faint|p2a: Ursaluna\n|-damage|p1b: Rillaboom|29\/100|[from] Recoil\n|\n|win|nukan up\n|raw|nukan up's rating: 1794 &rarr; <strong>1815<\/strong><br \/>(+21 for winning)\n|raw|spaccas's rating: 1807 &rarr; <strong>1786<\/strong><br \/>(-21 for losing)\n|l|\u2606spaccas\n|player|p2|\n|l|\u2606nukan up\n|player|p1|\n","uploadtime":1729751616,"views":96,"formatid":"gen9vgc2024regh","rating":1786,"private":0,"password":null}