{"id":"gen9vgc2024regh-2229819948","format":"[Gen 9] VGC 2024 Reg H","players":["rainha678","fangame10"],"log":"|j|\u2606rainha678\n|j|\u2606fangame10\n|t:|1729765565\n|gametype|doubles\n|player|p1|rainha678|169|1647\n|player|p2|fangame10|red|1791\n|teamsize|p1|6\n|teamsize|p2|6\n|gen|9\n|tier|[Gen 9] VGC 2024 Reg H\n|rated|\n|rule|Species Clause: Limit one of each Pok\u00e9mon\n|rule|Item Clause: Limit 1 of each item\n|clearpoke\n|poke|p1|Indeedee-F, L50, F|\n|poke|p1|Whimsicott, L50, M|\n|poke|p1|Armarouge, L50, M|\n|poke|p1|Annihilape, L50, F|\n|poke|p1|Dragonite, L50, F|\n|poke|p1|Scizor, L50, F|\n|poke|p2|Glaceon, L50, F|\n|poke|p2|Ninetales-Alola, L50, F|\n|poke|p2|Garchomp, L50, F|\n|poke|p2|Skeledirge, L50, M|\n|poke|p2|Rillaboom, L50, M|\n|poke|p2|Annihilape, L50, M|\n|teampreview|4\n|inactive|Battle timer is ON: inactive players will automatically lose when time's up. (requested by fangame10)\n|inactive|rainha678 has 60 seconds left.\n|inactive|fangame10 has 60 seconds left.\n|inactive|fangame10 has 30 seconds left.\n|\n|t:|1729765629\n|start\n|switch|p1a: Whimsicott|Whimsicott, L50, M|100\/100\n|switch|p1b: Scizor|Scizor, L50, F|100\/100\n|switch|p2a: Ninetales|Ninetales-Alola, L50, F, shiny|100\/100\n|switch|p2b: Skeledirge|Skeledirge, L50, M, shiny|100\/100\n|-weather|Snow|[from] ability: Snow Warning|[of] p2a: Ninetales\n|turn|1\n|inactive|rainha678 has 30 seconds left.\n|inactive|rainha678 has 20 seconds left.\n|inactive|rainha678 has 15 seconds left.\n|inactive|fangame10 has 30 seconds left.\n|\n|t:|1729765670\n|-terastallize|p2a: Ninetales|Fire\n|-terastallize|p1b: Scizor|Fire\n|move|p1a: Whimsicott|Tailwind|p1a: Whimsicott\n|-sidestart|p1: rainha678|move: Tailwind\n|move|p1b: Scizor|Tera Blast|p2a: Ninetales|[anim] Tera Blast Fire\n|-resisted|p2a: Ninetales\n|-damage|p2a: Ninetales|65\/100\n|move|p2a: Ninetales|Aurora Veil|p2a: Ninetales\n|-sidestart|p2: fangame10|move: Aurora Veil\n|move|p2b: Skeledirge|Torch Song|p1a: Whimsicott\n|-supereffective|p1a: Whimsicott\n|-enditem|p1a: Whimsicott|Focus Sash\n|-damage|p1a: Whimsicott|1\/100\n|-boost|p2b: Skeledirge|spa|1\n|\n|-weather|Snow|[upkeep]\n|upkeep\n|turn|2\n|inactive|rainha678 has 30 seconds left.\n|inactive|fangame10 has 30 seconds left.\n|inactive|rainha678 has 20 seconds left.\n|inactive|fangame10 has 20 seconds left.\n|inactive|rainha678 has 15 seconds left.\n|inactive|fangame10 has 15 seconds left.\n|\n|t:|1729765711\n|switch|p1b: Annihilape|Annihilape, L50, F|100\/100\n|move|p2a: Ninetales|Protect|p2a: Ninetales\n|-singleturn|p2a: Ninetales|Protect\n|move|p1a: Whimsicott|Beat Up|p1b: Annihilape\n|-damage|p1b: Annihilape|99\/100\n|-damage|p1b: Annihilape|96\/100\n|-damage|p1b: Annihilape|94\/100\n|-damage|p1b: Annihilape|90\/100\n|-hitcount|p1b: Annihilape|4\n|move|p2b: Skeledirge|Torch Song|p1a: Whimsicott\n|-supereffective|p1a: Whimsicott\n|-damage|p1a: Whimsicott|0 fnt\n|-boost|p2b: Skeledirge|spa|1\n|faint|p1a: Whimsicott\n|\n|-weather|Snow|[upkeep]\n|upkeep\n|\n|t:|1729765727\n|switch|p1a: Armarouge|Armarouge, L50, M|100\/100\n|turn|3\n|\n|t:|1729765741\n|switch|p2a: Rillaboom|Rillaboom, L50, M, shiny|100\/100\n|-fieldstart|move: Grassy Terrain|[from] ability: Grassy Surge|[of] p2a: Rillaboom\n|move|p2b: Skeledirge|Protect|p2b: Skeledirge\n|-singleturn|p2b: Skeledirge|Protect\n|move|p1b: Annihilape|Rage Fist|p2b: Skeledirge\n|-activate|p2b: Skeledirge|move: Protect\n|move|p1a: Armarouge|Meteor Beam||[still]\n|-prepare|p1a: Armarouge|Meteor Beam\n|-boost|p1a: Armarouge|spa|1\n|-enditem|p1a: Armarouge|Power Herb\n|-anim|p1a: Armarouge|Meteor Beam|p2a: Rillaboom\n|-damage|p2a: Rillaboom|49\/100\n|\n|-weather|Snow|[upkeep]\n|-heal|p1b: Annihilape|97\/100|[from] Grassy Terrain\n|-heal|p2a: Rillaboom|55\/100|[from] Grassy Terrain\n|upkeep\n|turn|4\n|\n|t:|1729765768\n|move|p2a: Rillaboom|Grassy Glide|p1b: Annihilape\n|-damage|p1b: Annihilape|44\/100\n|-enditem|p1b: Annihilape|Sitrus Berry|[eat]\n|-heal|p1b: Annihilape|68\/100|[from] item: Sitrus Berry\n|move|p1b: Annihilape|Rage Fist|p2b: Skeledirge\n|-supereffective|p2b: Skeledirge\n|-damage|p2b: Skeledirge|0 fnt\n|faint|p2b: Skeledirge\n|move|p1a: Armarouge|Armor Cannon|p2a: Rillaboom\n|-supereffective|p2a: Rillaboom\n|-damage|p2a: Rillaboom|0 fnt\n|-unboost|p1a: Armarouge|def|1\n|-unboost|p1a: Armarouge|spd|1\n|faint|p2a: Rillaboom\n|\n|-weather|Snow|[upkeep]\n|-heal|p1b: Annihilape|75\/100|[from] Grassy Terrain\n|-sideend|p1: rainha678|move: Tailwind\n|upkeep\n|\n|t:|1729765771\n|switch|p2a: Glaceon|Glaceon, L50, F, shiny|100\/100\n|switch|p2b: Ninetales|Ninetales-Alola, L50, F, shiny, tera:Fire|65\/100\n|turn|5\n|inactive|rainha678 has 30 seconds left.\n|inactive|rainha678 has 20 seconds left.\n|inactive|rainha678 has 15 seconds left.\n|\n|t:|1729765814\n|switch|p1a: Scizor|Scizor, L50, F, tera:Fire|100\/100\n|move|p1b: Annihilape|Protect|p1b: Annihilape\n|-singleturn|p1b: Annihilape|Protect\n|move|p2b: Ninetales|Blizzard|p1b: Annihilape|[spread] p1a\n|-activate|p1b: Annihilape|move: Protect\n|-resisted|p1a: Scizor\n|-damage|p1a: Scizor|88\/100\n|move|p2a: Glaceon|Blizzard|p1b: Annihilape|[spread] p1a\n|-activate|p1b: Annihilape|move: Protect\n|-resisted|p1a: Scizor\n|-damage|p1a: Scizor|68\/100\n|\n|-weather|none\n|-heal|p2b: Ninetales|70\/100|[from] Grassy Terrain\n|-heal|p1b: Annihilape|81\/100|[from] Grassy Terrain\n|-heal|p1a: Scizor|74\/100|[from] Grassy Terrain\n|upkeep\n|turn|6\n|-message|fangame10 forfeited.\n|\n|win|rainha678\n|raw|rainha678's rating: 1647 &rarr; <strong>1675<\/strong><br \/>(+28 for winning)\n|raw|fangame10's rating: 1791 &rarr; <strong>1763<\/strong><br \/>(-28 for losing)\n|l|\u2606fangame10\n|player|p2|\n|l|\u2606rainha678\n|player|p1|\n","uploadtime":1729765972,"views":18,"formatid":"gen9vgc2024regh","rating":1675,"private":0,"password":null}