{"id":"gen9vgc2024regh-2229386204","format":"[Gen 9] VGC 2024 Reg H","players":["googer315","5SeasBakery"],"log":"|j|\u2606googer315\n|j|\u26065SeasBakery\n|t:|1729709525\n|gametype|doubles\n|player|p1|googer315|265|1795\n|player|p2|5SeasBakery|266|1709\n|teamsize|p1|6\n|teamsize|p2|6\n|gen|9\n|tier|[Gen 9] VGC 2024 Reg H\n|rated|\n|rule|Species Clause: Limit one of each Pok\u00e9mon\n|rule|Item Clause: Limit 1 of each item\n|clearpoke\n|poke|p1|Dondozo, L50, F|\n|poke|p1|Tatsugiri, L50, F|\n|poke|p1|Glimmora, L50, F|\n|poke|p1|Maushold, L50|\n|poke|p1|Annihilape, L50, F|\n|poke|p1|Gholdengo, L50|\n|poke|p2|Archaludon, L50, F|\n|poke|p2|Pelipper, L50, F|\n|poke|p2|Indeedee-F, L50, F|\n|poke|p2|Blastoise, L50, F|\n|poke|p2|Sneasler, L50, M|\n|poke|p2|Farigiraf, L50, M|\n|teampreview|4\n|inactive|Battle timer is ON: inactive players will automatically lose when time's up. (requested by googer315)\n|\n|t:|1729709547\n|start\n|switch|p1a: Gholdengo|Gholdengo, L50|100\/100\n|switch|p1b: Glimmora|Glimmora, L50, F|100\/100\n|switch|p2a: Sneasler|Sneasler, L50, M|100\/100\n|switch|p2b: Indeedee|Indeedee-F, L50, F|100\/100\n|-fieldstart|move: Psychic Terrain|[from] ability: Psychic Surge|[of] p2b: Indeedee\n|-enditem|p2a: Sneasler|Psychic Seed\n|-boost|p2a: Sneasler|spd|1|[from] item: Psychic Seed\n|turn|1\n|\n|t:|1729709565\n|-terastallize|p2a: Sneasler|Dark\n|-terastallize|p1a: Gholdengo|Steel\n|move|p1b: Glimmora|Spiky Shield|p1b: Glimmora\n|-singleturn|p1b: Glimmora|move: Protect\n|move|p2a: Sneasler|Throat Chop|p1a: Gholdengo\n|-damage|p1a: Gholdengo|50\/100\n|-start|p1a: Gholdengo|Throat Chop|[silent]\n|move|p1a: Gholdengo|Make It Rain|p2a: Sneasler|[spread] p2a,p2b\n|-damage|p2a: Sneasler|42\/100\n|-damage|p2b: Indeedee|36\/100\n|-unboost|p1a: Gholdengo|spa|1\n|-enditem|p2b: Indeedee|Sitrus Berry|[eat]\n|-heal|p2b: Indeedee|61\/100|[from] item: Sitrus Berry\n|move|p2b: Indeedee|Psychic|p1a: Gholdengo\n|-resisted|p1a: Gholdengo\n|-damage|p1a: Gholdengo|27\/100\n|\n|upkeep\n|turn|2\n|inactive|googer315 has 30 seconds left.\n|\n|t:|1729709590\n|move|p2a: Sneasler|Close Combat|p1b: Glimmora\n|-damage|p1b: Glimmora|17\/100\n|-unboost|p2a: Sneasler|def|1\n|-unboost|p2a: Sneasler|spd|1\n|-activate|p1b: Glimmora|ability: Toxic Debris\n|-sidestart|p2: 5SeasBakery|move: Toxic Spikes\n|move|p1a: Gholdengo|Make It Rain|p2a: Sneasler|[spread] p2a,p2b\n|-damage|p2a: Sneasler|0 fnt\n|-damage|p2b: Indeedee|18\/100\n|-unboost|p1a: Gholdengo|spa|1\n|faint|p2a: Sneasler\n|move|p1b: Glimmora|Sludge Bomb|p2b: Indeedee\n|-damage|p2b: Indeedee|0 fnt\n|faint|p2b: Indeedee\n|\n|-end|p1a: Gholdengo|Throat Chop|[silent]\n|upkeep\n|\n|t:|1729709600\n|switch|p2a: Blastoise|Blastoise, L50, F|100\/100\n|switch|p2b: Archaludon|Archaludon, L50, F|100\/100\n|-status|p2a: Blastoise|psn\n|turn|3\n|\n|t:|1729709615\n|switch|p1a: Dondozo|Dondozo, L50, F|100\/100\n|move|p2a: Blastoise|Water Spout|p1b: Glimmora|[spread] p1a,p1b\n|-resisted|p1a: Dondozo\n|-supereffective|p1b: Glimmora\n|-damage|p1a: Dondozo|83\/100\n|-damage|p1b: Glimmora|0 fnt\n|faint|p1b: Glimmora\n|move|p2b: Archaludon|Dragon Pulse|p1a: Dondozo\n|-damage|p1a: Dondozo|46\/100\n|\n|-heal|p1a: Dondozo|52\/100|[from] item: Leftovers\n|-damage|p2a: Blastoise|88\/100 psn|[from] psn\n|upkeep\n|\n|t:|1729709628\n|switch|p1b: Gholdengo|Gholdengo, L50, tera:Steel|27\/100\n|turn|4\n|\n|t:|1729709649\n|switch|p1b: Tatsugiri|Tatsugiri, L50, F|100\/100\n|-activate|p1b: Tatsugiri|ability: Commander|[of] p1a: Dondozo\n|-boost|p1a: Dondozo|atk|2\n|-boost|p1a: Dondozo|spa|2\n|-boost|p1a: Dondozo|spe|2\n|-boost|p1a: Dondozo|def|2\n|-boost|p1a: Dondozo|spd|2\n|move|p1a: Dondozo|Protect|p1a: Dondozo\n|-singleturn|p1a: Dondozo|Protect\n|move|p2a: Blastoise|Water Spout|p1b: Tatsugiri|[spread] \n|-miss|p2a: Blastoise|p1b: Tatsugiri\n|-activate|p1a: Dondozo|move: Protect\n|move|p2b: Archaludon|Dragon Pulse|p1a: Dondozo\n|-activate|p1a: Dondozo|move: Protect\n|\n|-heal|p1a: Dondozo|58\/100|[from] item: Leftovers\n|-damage|p2a: Blastoise|76\/100 psn|[from] psn\n|upkeep\n|turn|5\n|\n|t:|1729709669\n|move|p2a: Blastoise|Water Spout|p1b: Tatsugiri|[spread] p1a\n|-miss|p2a: Blastoise|p1b: Tatsugiri\n|-resisted|p1a: Dondozo\n|-damage|p1a: Dondozo|52\/100\n|move|p2b: Archaludon|Dragon Pulse|p1a: Dondozo\n|-damage|p1a: Dondozo|33\/100\n|move|p1a: Dondozo|Order Up|p2a: Blastoise\n|-damage|p2a: Blastoise|26\/100 psn\n|-boost|p1a: Dondozo|atk|1\n|\n|-heal|p1a: Dondozo|39\/100|[from] item: Leftovers\n|-damage|p2a: Blastoise|14\/100 psn|[from] psn\n|-fieldend|move: Psychic Terrain\n|upkeep\n|turn|6\n|\n|t:|1729709684\n|move|p1a: Dondozo|Protect|p1a: Dondozo\n|-singleturn|p1a: Dondozo|Protect\n|move|p2a: Blastoise|Water Spout|p1a: Dondozo|[spread] \n|-miss|p2a: Blastoise|p1b: Tatsugiri\n|-activate|p1a: Dondozo|move: Protect\n|move|p2b: Archaludon|Electro Shot||[still]\n|-prepare|p2b: Archaludon|Electro Shot\n|-boost|p2b: Archaludon|spa|1\n|\n|-heal|p1a: Dondozo|45\/100|[from] item: Leftovers\n|-damage|p2a: Blastoise|2\/100 psn|[from] psn\n|upkeep\n|turn|7\n|\n|t:|1729709697\n|move|p2a: Blastoise|Water Spout|p1a: Dondozo|[spread] p1a\n|-miss|p2a: Blastoise|p1b: Tatsugiri\n|-resisted|p1a: Dondozo\n|-damage|p1a: Dondozo|45\/100\n|move|p2b: Archaludon|Electro Shot|p1a: Dondozo|[from]lockedmove\n|-supereffective|p1a: Dondozo\n|-damage|p1a: Dondozo|5\/100\n|move|p1a: Dondozo|Earthquake|p2b: Archaludon|[spread] p2a,p2b\n|-miss|p1a: Dondozo|p1b: Tatsugiri\n|-supereffective|p2b: Archaludon\n|-damage|p2a: Blastoise|0 fnt\n|-damage|p2b: Archaludon|13\/100\n|-ability|p2b: Archaludon|Stamina|boost\n|-boost|p2b: Archaludon|def|1\n|faint|p2a: Blastoise\n|\n|-heal|p1a: Dondozo|12\/100|[from] item: Leftovers\n|upkeep\n|turn|8\n|\n|t:|1729709714\n|move|p2b: Archaludon|Dragon Pulse|p1a: Dondozo\n|-damage|p1a: Dondozo|0 fnt\n|faint|p1a: Dondozo\n|\n|upkeep\n|\n|t:|1729709719\n|switch|p1a: Gholdengo|Gholdengo, L50, tera:Steel|27\/100\n|turn|9\n|\n|t:|1729709725\n|move|p1a: Gholdengo|Shadow Ball|p2b: Archaludon\n|-damage|p2b: Archaludon|0 fnt\n|faint|p2b: Archaludon\n|\n|win|googer315\n|raw|googer315's rating: 1795 &rarr; <strong>1810<\/strong><br \/>(+15 for winning)\n|raw|5SeasBakery's rating: 1709 &rarr; <strong>1694<\/strong><br \/>(-15 for losing)\n|l|\u2606googer315\n|player|p1|\n","uploadtime":1729709973,"views":12,"formatid":"gen9vgc2024regh","rating":1694,"private":0,"password":null}