{"id":"gen9vgc2024regh-2229151021","format":"[Gen 9] VGC 2024 Reg H","players":["htotoT","nwjns999"],"log":"|j|\u2606htotoT\n|j|\u2606nwjns999\n|t:|1729689484\n|gametype|doubles\n|player|p1|htotoT|101|1673\n|player|p2|nwjns999|backpackerf|1749\n|teamsize|p1|6\n|teamsize|p2|6\n|gen|9\n|tier|[Gen 9] VGC 2024 Reg H\n|rated|\n|rule|Species Clause: Limit one of each Pok\u00e9mon\n|rule|Item Clause: Limit 1 of each item\n|clearpoke\n|poke|p1|Gholdengo, L50|\n|poke|p1|Perrserker, L50, F|\n|poke|p1|Armarouge, L50, M|\n|poke|p1|Indeedee, L50, M|\n|poke|p1|Drifblim, L50, M|\n|poke|p1|Tauros-Paldea-Aqua, L50, M|\n|poke|p2|Dragonite, L50, M|\n|poke|p2|Ursaluna-Bloodmoon, L50, M|\n|poke|p2|Ninetales-Alola, L50, M|\n|poke|p2|Gholdengo, L50|\n|poke|p2|Magmar, L50, F|\n|poke|p2|Samurott-Hisui, L50, F|\n|teampreview|4\n|inactive|Battle timer is ON: inactive players will automatically lose when time's up. (requested by htotoT)\n|\n|t:|1729689509\n|start\n|switch|p1a: Perrserker|Perrserker, L50, F|100\/100\n|switch|p1b: Gholdengo|Gholdengo, L50|100\/100\n|switch|p2a: Ninetales|Ninetales-Alola, L50, M, shiny|100\/100\n|switch|p2b: Samurott|Samurott-Hisui, L50, F, shiny|100\/100\n|-weather|Snow|[from] ability: Snow Warning|[of] p2a: Ninetales\n|turn|1\n|j| bknk0227\n|\n|t:|1729689526\n|-terastallize|p1b: Gholdengo|Steel\n|move|p1a: Perrserker|Fake Out|p2b: Samurott\n|-damage|p2b: Samurott|89\/100\n|cant|p2b: Samurott|flinch\n|move|p2a: Ninetales|Aurora Veil|p2a: Ninetales\n|-sidestart|p2: nwjns999|move: Aurora Veil\n|move|p1b: Gholdengo|Make It Rain|p2b: Samurott|[spread] p2a,p2b\n|-supereffective|p2a: Ninetales\n|-resisted|p2b: Samurott\n|-damage|p2a: Ninetales|0 fnt\n|-damage|p2b: Samurott|46\/100\n|-unboost|p1b: Gholdengo|spa|1\n|faint|p2a: Ninetales\n|\n|-weather|Snow|[upkeep]\n|upkeep\n|\n|t:|1729689529\n|switch|p2a: Ursaluna|Ursaluna-Bloodmoon, L50, M|100\/100\n|turn|2\n|\n|t:|1729689549\n|switch|p1b: Tauros|Tauros-Paldea-Aqua, L50, M|100\/100\n|-ability|p1b: Tauros|Intimidate|boost\n|-unboost|p2a: Ursaluna|atk|1\n|-unboost|p2b: Samurott|atk|1\n|-terastallize|p2a: Ursaluna|Electric\n|move|p2b: Samurott|Sacred Sword|p1b: Tauros\n|-crit|p1b: Tauros\n|-damage|p1b: Tauros|26\/100\n|move|p2a: Ursaluna|Earth Power|p1b: Tauros\n|-damage|p1b: Tauros|0 fnt\n|faint|p1b: Tauros\n|move|p1a: Perrserker|Knock Off|p2a: Ursaluna\n|-damage|p2a: Ursaluna|89\/100\n|-enditem|p2a: Ursaluna|Leftovers|[from] move: Knock Off|[of] p1a: Perrserker\n|\n|-weather|Snow|[upkeep]\n|upkeep\n|j| o2o2o\n|\n|t:|1729689565\n|switch|p1b: Gholdengo|Gholdengo, L50, tera:Steel|100\/100\n|turn|3\n|\n|t:|1729689576\n|move|p1b: Gholdengo|Make It Rain|p2a: Ursaluna|[spread] p2a,p2b\n|-resisted|p2a: Ursaluna\n|-resisted|p2b: Samurott\n|-damage|p2a: Ursaluna|40\/100\n|-damage|p2b: Samurott|0 fnt\n|-unboost|p1b: Gholdengo|spa|1\n|faint|p2b: Samurott\n|move|p2a: Ursaluna|Earth Power|p1a: Perrserker\n|-supereffective|p1a: Perrserker\n|-damage|p1a: Perrserker|0 fnt\n|faint|p1a: Perrserker\n|\n|-weather|Snow|[upkeep]\n|upkeep\n|\n|t:|1729689585\n|switch|p2b: Gholdengo|Gholdengo, L50|100\/100\n|switch|p1a: Indeedee|Indeedee, L50, M|100\/100\n|-fieldstart|move: Psychic Terrain|[from] ability: Psychic Surge|[of] p1a: Indeedee\n|turn|4\n|\n|t:|1729689593\n|move|p2b: Gholdengo|Make It Rain|p1a: Indeedee|[spread] p1a,p1b\n|-resisted|p1b: Gholdengo\n|-damage|p1a: Indeedee|29\/100\n|-damage|p1b: Gholdengo|71\/100\n|-unboost|p2b: Gholdengo|spa|1\n|move|p1a: Indeedee|Expanding Force|p2b: Gholdengo|[spread] p2a,p2b\n|-resisted|p2b: Gholdengo\n|-damage|p2a: Ursaluna|4\/100\n|-damage|p2b: Gholdengo|82\/100\n|move|p1b: Gholdengo|Make It Rain|p2a: Ursaluna|[spread] p2a,p2b\n|-resisted|p2a: Ursaluna\n|-resisted|p2b: Gholdengo\n|-damage|p2a: Ursaluna|0 fnt\n|-damage|p2b: Gholdengo|55\/100\n|-unboost|p1b: Gholdengo|spa|1\n|faint|p2a: Ursaluna\n|\n|-weather|Snow|[upkeep]\n|upkeep\n|turn|5\n|-message|nwjns999 forfeited.\n|\n|win|htotoT\n|raw|htotoT's rating: 1673 &rarr; <strong>1697<\/strong><br \/>(+24 for winning)\n|raw|nwjns999's rating: 1749 &rarr; <strong>1725<\/strong><br \/>(-24 for losing)\n|l|\u2606nwjns999\n|player|p2|\n|l|\u2606htotoT\n|player|p1|\n|l| o2o2o\n","uploadtime":1729689812,"views":13,"formatid":"gen9vgc2024regh","rating":1697,"private":0,"password":null}