{"id":"gen9vgc2024regh-2229960995","format":"[Gen 9] VGC 2024 Reg H","players":["yongbao","Angelo Neres"],"log":"|j|\u2606yongbao\n|j|\u2606Angelo Neres\n|t:|1729781006\n|gametype|doubles\n|player|p1|yongbao|dawn-gen4pt|1771\n|player|p2|Angelo Neres|1|1677\n|teamsize|p1|6\n|teamsize|p2|6\n|gen|9\n|tier|[Gen 9] VGC 2024 Reg H\n|rated|\n|rule|Species Clause: Limit one of each Pok\u00e9mon\n|rule|Item Clause: Limit 1 of each item\n|clearpoke\n|poke|p1|Garchomp, L50, F|\n|poke|p1|Annihilape, L50, F|\n|poke|p1|Corviknight, L50, M|\n|poke|p1|Tyranitar, L50, F|\n|poke|p1|Gholdengo, L50|\n|poke|p1|Dragonite, L50, M|\n|poke|p2|Garganacl, L50, M|\n|poke|p2|Mimikyu, L50, M|\n|poke|p2|Meowscarada, L50, F|\n|poke|p2|Glimmora, L50, M|\n|poke|p2|Corviknight, L50, M|\n|poke|p2|Magmar, L50, F|\n|teampreview|4\n|inactive|Battle timer is ON: inactive players will automatically lose when time's up. (requested by Angelo Neres)\n|inactive|yongbao has 60 seconds left.\n|\n|t:|1729781052\n|start\n|switch|p1a: Garchomp|Garchomp, L50, F|100\/100\n|switch|p1b: Dragonite|Dragonite, L50, M|100\/100\n|switch|p2a: Meowscarada|Meowscarada, L50, F|100\/100\n|switch|p2b: Magmar|Magmar, L50, F|100\/100\n|turn|1\n|inactive|yongbao has 30 seconds left.\n|inactive|Angelo Neres has 30 seconds left.\n|\n|t:|1729781087\n|-terastallize|p1b: Dragonite|Steel\n|-terastallize|p2b: Magmar|Water\n|move|p1a: Garchomp|Stomping Tantrum|p2b: Magmar\n|-damage|p2b: Magmar|67\/100\n|-status|p1a: Garchomp|brn|[from] ability: Flame Body|[of] p2b: Magmar\n|move|p2a: Meowscarada|Knock Off|p1b: Dragonite\n|-start|p2a: Meowscarada|typechange|Dark|[from] ability: Protean\n|-damage|p1b: Dragonite|66\/100\n|-enditem|p1b: Dragonite|Loaded Dice|[from] move: Knock Off|[of] p2a: Meowscarada\n|move|p1b: Dragonite|Scale Shot|p2a: Meowscarada\n|-damage|p2a: Meowscarada|75\/100\n|-damage|p2a: Meowscarada|51\/100\n|-damage|p2a: Meowscarada|27\/100\n|-hitcount|p2a: Meowscarada|3\n|-unboost|p1b: Dragonite|def|1\n|-boost|p1b: Dragonite|spe|1\n|move|p2b: Magmar|Will-O-Wisp|p1a: Garchomp\n|-fail|p1a: Garchomp|brn\n|\n|-damage|p1a: Garchomp|94\/100 brn|[from] brn\n|upkeep\n|turn|2\n|inactive|yongbao has 30 seconds left.\n|\n|t:|1729781116\n|switch|p2a: Corviknight|Corviknight, L50, M, shiny|100\/100\n|move|p1a: Garchomp|Stomping Tantrum|p2a: Corviknight\n|-immune|p2a: Corviknight\n|move|p1b: Dragonite|Tailwind|p1b: Dragonite\n|-sidestart|p1: yongbao|move: Tailwind\n|move|p2b: Magmar|Flamethrower|p1b: Dragonite\n|-supereffective|p1b: Dragonite\n|-damage|p1b: Dragonite|0 fnt\n|faint|p1b: Dragonite\n|\n|-damage|p1a: Garchomp|88\/100 brn|[from] brn\n|upkeep\n|\n|t:|1729781137\n|switch|p1b: Annihilape|Annihilape, L50, F|100\/100\n|turn|3\n|\n|t:|1729781145\n|switch|p1a: Tyranitar|Tyranitar, L50, F|100\/100\n|-weather|Sandstorm|[from] ability: Sand Stream|[of] p1a: Tyranitar\n|move|p2b: Magmar|Follow Me|p2b: Magmar\n|-singleturn|p2b: Magmar|move: Follow Me\n|move|p1b: Annihilape|Final Gambit|p2b: Magmar\n|-damage|p2b: Magmar|0 fnt\n|faint|p1b: Annihilape\n|faint|p2b: Magmar\n|move|p2a: Corviknight|Iron Defense|p2a: Corviknight\n|-boost|p2a: Corviknight|def|2\n|\n|-weather|Sandstorm|[upkeep]\n|upkeep\n|\n|t:|1729781158\n|switch|p1b: Garchomp|Garchomp, L50, F|88\/100 brn\n|switch|p2b: Glimmora|Glimmora, L50, M|100\/100\n|turn|4\n|\n|t:|1729781176\n|move|p2b: Glimmora|Spiky Shield|p2b: Glimmora\n|-singleturn|p2b: Glimmora|move: Protect\n|move|p1b: Garchomp|Rock Slide|p2a: Corviknight|[spread] \n|-activate|p2b: Glimmora|move: Protect\n|-miss|p1b: Garchomp|p2a: Corviknight\n|move|p1a: Tyranitar|Knock Off|p2a: Corviknight\n|-damage|p2a: Corviknight|81\/100\n|-enditem|p2a: Corviknight|Figy Berry|[from] move: Knock Off|[of] p1a: Tyranitar\n|move|p2a: Corviknight|Body Press|p1a: Tyranitar\n|-supereffective|p1a: Tyranitar\n|-damage|p1a: Tyranitar|0 fnt\n|faint|p1a: Tyranitar\n|\n|-weather|Sandstorm|[upkeep]\n|-damage|p1b: Garchomp|82\/100 brn|[from] brn\n|upkeep\n|turn|5\n|-message|yongbao forfeited.\n|\n|win|Angelo Neres\n|raw|yongbao's rating: 1771 &rarr; <strong>1746<\/strong><br \/>(-25 for losing)\n|raw|Angelo Neres's rating: 1677 &rarr; <strong>1702<\/strong><br \/>(+25 for winning)\n|l|\u2606yongbao\n|player|p1|\n|l|\u2606Angelo Neres\n|player|p2|\n","uploadtime":1729781383,"views":30,"formatid":"gen9vgc2024regh","rating":1702,"private":0,"password":null}