{"id":"gen9vgc2024regh-2229270304","format":"[Gen 9] VGC 2024 Reg H","players":["datbishgames","spaccas"],"log":"|j|\u2606datbishgames\n|j|\u2606spaccas\n|t:|1729699820\n|gametype|doubles\n|player|p1|datbishgames|mira|1746\n|player|p2|spaccas|170|1771\n|teamsize|p1|6\n|teamsize|p2|6\n|gen|9\n|tier|[Gen 9] VGC 2024 Reg H\n|rated|\n|rule|Species Clause: Limit one of each Pok\u00e9mon\n|rule|Item Clause: Limit 1 of each item\n|clearpoke\n|poke|p1|Whimsicott, L50, M|\n|poke|p1|Basculegion, L50, M|\n|poke|p1|Arcanine-Hisui, L50, F|\n|poke|p1|Hydreigon, L50, F|\n|poke|p1|Farigiraf, L50, M|\n|poke|p1|Pawmot, L50, M|\n|poke|p2|Grimmsnarl, L50, M|\n|poke|p2|Annihilape, L50, M|\n|poke|p2|Gholdengo, L50|\n|poke|p2|Dragonite, L50, M|\n|poke|p2|Ursaluna-Bloodmoon, L50, M|\n|poke|p2|Volcarona, L50, M|\n|teampreview|4\n|inactive|Battle timer is ON: inactive players will automatically lose when time's up. (requested by datbishgames)\n|inactive|spaccas has 60 seconds left.\n|j| jimmy0514\n|\n|t:|1729699868\n|start\n|switch|p1a: Whimsicott|Whimsicott, L50, M|100\/100\n|switch|p1b: Hydreigon|Hydreigon, L50, F|100\/100\n|switch|p2a: Volcarona|Volcarona, L50, M|100\/100\n|switch|p2b: Grimmsnarl|Grimmsnarl, L50, M|100\/100\n|turn|1\n|\n|t:|1729699877\n|-terastallize|p1b: Hydreigon|Fire\n|-terastallize|p2a: Volcarona|Fairy\n|move|p1a: Whimsicott|Tailwind|p1a: Whimsicott\n|-sidestart|p1: datbishgames|move: Tailwind\n|move|p2b: Grimmsnarl|Light Screen|p2b: Grimmsnarl\n|-sidestart|p2: spaccas|move: Light Screen\n|move|p1b: Hydreigon|Heat Wave|p2a: Volcarona|[spread] p2b\n|-miss|p1b: Hydreigon|p2a: Volcarona\n|-damage|p2b: Grimmsnarl|68\/100\n|-damage|p1b: Hydreigon|91\/100|[from] item: Life Orb\n|move|p2a: Volcarona|Tera Blast|p1b: Hydreigon|[anim] Tera Blast Fairy\n|-resisted|p1b: Hydreigon\n|-damage|p1b: Hydreigon|66\/100\n|\n|upkeep\n|turn|2\n|\n|t:|1729699895\n|move|p2b: Grimmsnarl|Thunder Wave|p1b: Hydreigon\n|-status|p1b: Hydreigon|par\n|move|p1a: Whimsicott|Moonblast|p2b: Grimmsnarl\n|-supereffective|p2b: Grimmsnarl\n|-damage|p2b: Grimmsnarl|30\/100\n|move|p1b: Hydreigon|Heat Wave|p2a: Volcarona|[spread] p2a\n|-miss|p1b: Hydreigon|p2b: Grimmsnarl\n|-damage|p2a: Volcarona|71\/100\n|-damage|p1b: Hydreigon|57\/100 par|[from] item: Life Orb\n|move|p2a: Volcarona|Heat Wave|p1b: Hydreigon|[spread] p1a,p1b\n|-supereffective|p1a: Whimsicott\n|-resisted|p1b: Hydreigon\n|-damage|p1a: Whimsicott|21\/100\n|-damage|p1b: Hydreigon|35\/100 par\n|\n|upkeep\n|turn|3\n|\n|t:|1729699919\n|move|p2b: Grimmsnarl|Reflect|p2b: Grimmsnarl\n|-sidestart|p2: spaccas|Reflect\n|move|p1a: Whimsicott|Moonblast|p2b: Grimmsnarl\n|-supereffective|p2b: Grimmsnarl\n|-damage|p2b: Grimmsnarl|0 fnt\n|faint|p2b: Grimmsnarl\n|move|p1b: Hydreigon|Heat Wave|p2a: Volcarona\n|-damage|p2a: Volcarona|32\/100\n|-enditem|p2a: Volcarona|Sitrus Berry|[eat]\n|-heal|p2a: Volcarona|57\/100|[from] item: Sitrus Berry\n|-damage|p1b: Hydreigon|25\/100 par|[from] item: Life Orb\n|move|p2a: Volcarona|Heat Wave|p1b: Hydreigon|[spread] p1b\n|-miss|p2a: Volcarona|p1a: Whimsicott\n|-resisted|p1b: Hydreigon\n|-damage|p1b: Hydreigon|3\/100 par\n|\n|upkeep\n|\n|t:|1729699933\n|switch|p2b: Dragonite|Dragonite, L50, M|100\/100\n|turn|4\n|\n|t:|1729699941\n|switch|p1a: Farigiraf|Farigiraf, L50, M|100\/100\n|move|p2b: Dragonite|Extreme Speed||[still]\n|cant|p1a: Farigiraf|ability: Armor Tail|Extreme Speed|[of] p2b: Dragonite\n|move|p1b: Hydreigon|Draco Meteor|p2b: Dragonite\n|-supereffective|p2b: Dragonite\n|-damage|p2b: Dragonite|28\/100\n|-unboost|p1b: Hydreigon|spa|2\n|-damage|p1b: Hydreigon|0 fnt|[from] item: Life Orb\n|faint|p1b: Hydreigon\n|move|p2a: Volcarona|Heat Wave|p1a: Farigiraf\n|-damage|p1a: Farigiraf|61\/100\n|\n|-sideend|p1: datbishgames|move: Tailwind\n|upkeep\n|\n|t:|1729699953\n|switch|p1b: Whimsicott|Whimsicott, L50, M|21\/100\n|turn|5\n|\n|t:|1729699959\n|move|p1b: Whimsicott|Tailwind|p1b: Whimsicott\n|-sidestart|p1: datbishgames|move: Tailwind\n|move|p1a: Farigiraf|Hyper Voice|p2b: Dragonite|[spread] p2a,p2b\n|-damage|p2a: Volcarona|37\/100\n|-damage|p2b: Dragonite|5\/100\n|-enditem|p1a: Farigiraf|Throat Spray\n|-boost|p1a: Farigiraf|spa|1|[from] item: Throat Spray\n|move|p2a: Volcarona|Heat Wave|p1a: Farigiraf|[spread] p1a,p1b\n|-supereffective|p1b: Whimsicott\n|-damage|p1a: Farigiraf|32\/100\n|-damage|p1b: Whimsicott|0 fnt\n|-status|p1a: Farigiraf|brn\n|faint|p1b: Whimsicott\n|move|p2b: Dragonite|Scale Shot|p1a: Farigiraf\n|-damage|p1a: Farigiraf|17\/100 brn\n|-damage|p1a: Farigiraf|1\/100 brn\n|-damage|p1a: Farigiraf|0 fnt\n|faint|p1a: Farigiraf\n|-hitcount|p1: Farigiraf|3\n|-unboost|p2b: Dragonite|def|1\n|-boost|p2b: Dragonite|spe|1\n|\n|upkeep\n|\n|t:|1729699967\n|switch|p1b: Basculegion|Basculegion, L50, M|100\/100\n|turn|6\n|\n|t:|1729699983\n|move|p2b: Dragonite|Protect|p2b: Dragonite\n|-singleturn|p2b: Dragonite|Protect\n|move|p2a: Volcarona|Protect|p2a: Volcarona\n|-singleturn|p2a: Volcarona|Protect\n|move|p1b: Basculegion|Last Respects|p2b: Dragonite\n|-activate|p2b: Dragonite|move: Protect\n|\n|upkeep\n|turn|7\n|c| jimmy0514|Moonblast+TR?\n|\n|t:|1729699991\n|move|p1b: Basculegion|Last Respects|p2a: Volcarona\n|-damage|p2a: Volcarona|0 fnt\n|faint|p2a: Volcarona\n|move|p2b: Dragonite|Scale Shot|p1b: Basculegion\n|-damage|p1b: Basculegion|86\/100\n|-damage|p1b: Basculegion|70\/100\n|-damage|p1b: Basculegion|57\/100\n|-crit|p1b: Basculegion\n|-damage|p1b: Basculegion|32\/100\n|-hitcount|p1b: Basculegion|4\n|-unboost|p2b: Dragonite|def|1\n|-boost|p2b: Dragonite|spe|1\n|\n|upkeep\n|j| Lewory\n|j| whereIsP2?\n|\n|t:|1729700002\n|switch|p2a: Annihilape|Annihilape, L50, M|100\/100\n|turn|8\n|c|\u2606datbishgames|Ooo that might\u2019ve been better lol\n|\n|t:|1729700011\n|move|p2b: Dragonite|Scale Shot|p1b: Basculegion\n|-damage|p1b: Basculegion|17\/100\n|-damage|p1b: Basculegion|2\/100\n|-damage|p1b: Basculegion|0 fnt\n|faint|p1b: Basculegion\n|-hitcount|p1: Basculegion|3\n|\n|win|spaccas\n|raw|datbishgames's rating: 1746 &rarr; <strong>1727<\/strong><br \/>(-19 for losing)\n|raw|spaccas's rating: 1771 &rarr; <strong>1790<\/strong><br \/>(+19 for winning)\n|c|\u2606datbishgames|Gg\n|l|\u2606spaccas\n|player|p2|\n|l|\u2606datbishgames\n|player|p1|\n|l| jimmy0514\n","uploadtime":1729700215,"views":18,"formatid":"gen9vgc2024regh","rating":1727,"private":0,"password":null}