{"id":"gen9vgc2024regh-2230158393","format":"[Gen 9] VGC 2024 Reg H","players":["fujino shizuru","kojimuranishi"],"log":"|j|\u2606fujino shizuru\n|j|\u2606kojimuranishi\n|t:|1729798035\n|gametype|doubles\n|player|p1|fujino shizuru|lass-gen4dp|1685\n|player|p2|kojimuranishi|101|1673\n|teamsize|p1|6\n|teamsize|p2|6\n|gen|9\n|tier|[Gen 9] VGC 2024 Reg H\n|rated|\n|rule|Species Clause: Limit one of each Pok\u00e9mon\n|rule|Item Clause: Limit 1 of each item\n|clearpoke\n|poke|p1|Kingambit, L50, F|\n|poke|p1|Sneasler, L50, M|\n|poke|p1|Baxcalibur, L50, F|\n|poke|p1|Volcarona, L50, F|\n|poke|p1|Dondozo, L50, F|\n|poke|p1|Rillaboom, L50, F|\n|poke|p2|Ursaluna-Bloodmoon, L50, M|\n|poke|p2|Pawmot, L50, M|\n|poke|p2|Volcarona, L50, M|\n|poke|p2|Archaludon, L50, M|\n|poke|p2|Pelipper, L50, F|\n|poke|p2|Whimsicott, L50, M|\n|teampreview|4\n|inactive|Battle timer is ON: inactive players will automatically lose when time's up. (requested by kojimuranishi)\n|\n|t:|1729798061\n|start\n|switch|p1a: Sneasler|Sneasler, L50, M, shiny|100\/100\n|switch|p1b: Baxcalibur|Baxcalibur, L50, F|100\/100\n|switch|p2a: Pawmot|Pawmot, L50, M|100\/100\n|switch|p2b: Volcarona|Volcarona, L50, M|100\/100\n|turn|1\n|\n|t:|1729798078\n|-terastallize|p1b: Baxcalibur|Ghost\n|move|p1a: Sneasler|Coaching|p1b: Baxcalibur\n|-boost|p1b: Baxcalibur|atk|1\n|-boost|p1b: Baxcalibur|def|1\n|move|p2a: Pawmot|Double Shock|p1a: Sneasler\n|-damage|p1a: Sneasler|19\/100\n|-start|p2a: Pawmot|typechange|???\/Fighting|[from] move: Double Shock\n|move|p1b: Baxcalibur|Scale Shot|p2a: Pawmot|[miss]\n|-miss|p1b: Baxcalibur|p2a: Pawmot\n|move|p2b: Volcarona|Tailwind|p2b: Volcarona\n|-sidestart|p2: kojimuranishi|move: Tailwind\n|\n|upkeep\n|turn|2\n|j| RiotJuice\n|inactive|kojimuranishi has 30 seconds left.\n|inactive|kojimuranishi has 20 seconds left.\n|inactive|kojimuranishi has 15 seconds left.\n|inactive|kojimuranishi has 10 seconds left.\n|inactive|kojimuranishi has 5 seconds left.\n|\n|t:|1729798130\n|switch|p2a: Archaludon|Archaludon, L50, M|100\/100\n|switch|p1a: Volcarona|Volcarona, L50, F|100\/100\n|move|p2b: Volcarona|Heat Wave|p1a: Volcarona|[spread] p1a,p1b\n|-damage|p1a: Volcarona|71\/100\n|-damage|p1b: Baxcalibur|68\/100\n|-ability|p1b: Baxcalibur|Thermal Exchange|boost\n|-boost|p1b: Baxcalibur|atk|1\n|move|p1b: Baxcalibur|Scale Shot|p2b: Volcarona\n|-damage|p2b: Volcarona|75\/100\n|-damage|p2b: Volcarona|50\/100\n|-damage|p2b: Volcarona|22\/100\n|-damage|p2b: Volcarona|0 fnt\n|faint|p2b: Volcarona\n|-hitcount|p2: Volcarona|4\n|-unboost|p1b: Baxcalibur|def|1\n|-boost|p1b: Baxcalibur|spe|1\n|\n|upkeep\n|\n|t:|1729798150\n|switch|p2b: Ursaluna|Ursaluna-Bloodmoon, L50, M|100\/100\n|turn|3\n|inactive|fujino shizuru has 30 seconds left.\n|\n|t:|1729798179\n|-terastallize|p2b: Ursaluna|Normal\n|move|p1a: Volcarona|Rage Powder|p1a: Volcarona\n|-singleturn|p1a: Volcarona|move: Rage Powder\n|move|p2a: Archaludon|Snarl|p1b: Baxcalibur|[spread] p1a,p1b\n|-crit|p1a: Volcarona\n|-supereffective|p1b: Baxcalibur\n|-crit|p1b: Baxcalibur\n|-damage|p1a: Volcarona|41\/100\n|-damage|p1b: Baxcalibur|0 fnt\n|faint|p1b: Baxcalibur\n|move|p2b: Ursaluna|Hyper Voice|p1a: Volcarona\n|-damage|p1a: Volcarona|0 fnt\n|faint|p1a: Volcarona\n|-damage|p2b: Ursaluna|91\/100|[from] item: Life Orb\n|\n|upkeep\n|\n|t:|1729798187\n|switch|p1b: Rillaboom|Rillaboom, L50, F|100\/100\n|switch|p1a: Sneasler|Sneasler, L50, M, shiny|19\/100\n|-fieldstart|move: Grassy Terrain|[from] ability: Grassy Surge|[of] p1b: Rillaboom\n|turn|4\n|\n|t:|1729798206\n|switch|p2a: Pawmot|Pawmot, L50, M|100\/100\n|move|p2b: Ursaluna|Protect|p2b: Ursaluna\n|-singleturn|p2b: Ursaluna|Protect\n|move|p1a: Sneasler|Protect|p1a: Sneasler\n|-singleturn|p1a: Sneasler|Protect\n|move|p1b: Rillaboom|Fake Out|p2b: Ursaluna\n|-activate|p2b: Ursaluna|move: Protect\n|\n|-heal|p2b: Ursaluna|97\/100|[from] Grassy Terrain\n|-heal|p1a: Sneasler|25\/100|[from] Grassy Terrain\n|-sideend|p2: kojimuranishi|move: Tailwind\n|upkeep\n|turn|5\n|inactive|kojimuranishi has 30 seconds left.\n|\n|t:|1729798234\n|move|p1a: Sneasler|Protect||[still]\n|-fail|p1a: Sneasler\n|move|p2a: Pawmot|Revival Blessing|p2a: Pawmot\n|\n|t:|1729798238\n|-heal|p2: Volcarona|50\/100|[from] move: Revival Blessing\n|move|p2b: Ursaluna|Hyper Voice|p1b: Rillaboom|[spread] p1a,p1b\n|-damage|p1a: Sneasler|0 fnt\n|-damage|p1b: Rillaboom|55\/100\n|faint|p1a: Sneasler\n|-damage|p2b: Ursaluna|87\/100|[from] item: Life Orb\n|move|p1b: Rillaboom|Wood Hammer|p2a: Pawmot\n|-damage|p2a: Pawmot|0 fnt\n|faint|p2a: Pawmot\n|-damage|p1b: Rillaboom|32\/100|[from] Recoil\n|\n|-heal|p2b: Ursaluna|93\/100|[from] Grassy Terrain\n|-heal|p1b: Rillaboom|38\/100|[from] Grassy Terrain\n|upkeep\n|-message|fujino shizuru forfeited.\n|\n|win|kojimuranishi\n|raw|fujino shizuru's rating: 1685 &rarr; <strong>1664<\/strong><br \/>(-21 for losing)\n|raw|kojimuranishi's rating: 1673 &rarr; <strong>1694<\/strong><br \/>(+21 for winning)\n|l|\u2606fujino shizuru\n|player|p1|\n|l|\u2606kojimuranishi\n|player|p2|\n|l| RiotJuice\n","uploadtime":1729798507,"views":13,"formatid":"gen9vgc2024regh","rating":1664,"private":0,"password":null}