{"id":"gen9vgc2024regh-2230441388","format":"[Gen 9] VGC 2024 Reg H","players":["elvegis1","1449427094ggy"],"log":"|j|\u2606elvegis1\n|j|\u26061449427094ggy\n|t:|1729831843\n|gametype|doubles\n|player|p1|elvegis1|lucas|1666\n|player|p2|1449427094ggy|101|1742\n|teamsize|p1|6\n|teamsize|p2|6\n|gen|9\n|tier|[Gen 9] VGC 2024 Reg H\n|rated|\n|rule|Species Clause: Limit one of each Pok\u00e9mon\n|rule|Item Clause: Limit 1 of each item\n|clearpoke\n|poke|p1|Sneasler, L50, F|\n|poke|p1|Incineroar, L50, F|\n|poke|p1|Gholdengo, L50|\n|poke|p1|Whimsicott, L50, M|\n|poke|p1|Dondozo, L50, M|\n|poke|p1|Kommo-o, L50, F|\n|poke|p2|Metagross, L50|\n|poke|p2|Ursaluna-Bloodmoon, L50, M|\n|poke|p2|Mimikyu, L50, M|\n|poke|p2|Torkoal, L50, F|\n|poke|p2|Venusaur, L50, F|\n|poke|p2|Dragapult, L50, M|\n|teampreview|4\n|inactive|Battle timer is ON: inactive players will automatically lose when time's up. (requested by elvegis1)\n|\n|t:|1729831878\n|start\n|switch|p1a: Incineroar|Incineroar, L50, F|100\/100\n|switch|p1b: Sneasler|Sneasler, L50, F|100\/100\n|switch|p2a: Metagross|Metagross, L50|100\/100\n|switch|p2b: Mimikyu|Mimikyu, L50, M|100\/100\n|-ability|p1a: Incineroar|Intimidate|boost\n|-fail|p2a: Metagross|unboost|[from] ability: Clear Body|[of] p2a: Metagross\n|-unboost|p2b: Mimikyu|atk|1\n|turn|1\n|\n|t:|1729831896\n|move|p1a: Incineroar|Fake Out|p2a: Metagross\n|-resisted|p2a: Metagross\n|-damage|p2a: Metagross|96\/100\n|move|p1b: Sneasler|Dire Claw|p2b: Mimikyu\n|-activate|p2b: Mimikyu|ability: Disguise\n|-damage|p2b: Mimikyu|100\/100\n|detailschange|p2b: Mimikyu|Mimikyu-Busted, L50, M\n|-damage|p2b: Mimikyu|88\/100|[from] pokemon: Mimikyu-Busted\n|cant|p2a: Metagross|flinch\n|move|p2b: Mimikyu|Trick Room|p2b: Mimikyu\n|-fieldstart|move: Trick Room|[of] p2b: Mimikyu\n|\n|upkeep\n|turn|2\n|inactive|elvegis1 has 30 seconds left.\n|\n|t:|1729831926\n|-terastallize|p1b: Sneasler|Ghost\n|move|p2a: Metagross|Meteor Mash|p1b: Sneasler\n|-enditem|p1b: Sneasler|Focus Sash\n|-damage|p1b: Sneasler|1\/100\n|-damage|p2a: Metagross|87\/100|[from] item: Life Orb\n|move|p1a: Incineroar|Flare Blitz|p2a: Metagross\n|-supereffective|p2a: Metagross\n|-damage|p2a: Metagross|13\/100\n|-status|p2a: Metagross|brn\n|-damage|p1a: Incineroar|78\/100|[from] Recoil\n|move|p2b: Mimikyu|Shadow Claw|p1b: Sneasler\n|-supereffective|p1b: Sneasler\n|-damage|p1b: Sneasler|0 fnt\n|faint|p1b: Sneasler\n|\n|-damage|p2a: Metagross|7\/100 brn|[from] brn\n|upkeep\n|\n|t:|1729831942\n|switch|p1b: Dondozo|Dondozo, L50, M|100\/100\n|turn|3\n|\n|t:|1729831958\n|move|p1b: Dondozo|Wave Crash|p2b: Mimikyu\n|-damage|p2b: Mimikyu|23\/100\n|-damage|p1b: Dondozo|86\/100|[from] Recoil\n|move|p2a: Metagross|Explosion|p1a: Incineroar|[spread] p1a,p1b\n|-immune|p2b: Mimikyu\n|-damage|p1a: Incineroar|33\/100\n|-damage|p1b: Dondozo|58\/100\n|-enditem|p1a: Incineroar|Sitrus Berry|[eat]\n|-heal|p1a: Incineroar|58\/100|[from] item: Sitrus Berry\n|faint|p2a: Metagross\n|move|p1a: Incineroar|Flare Blitz|p2b: Mimikyu\n|-damage|p2b: Mimikyu|0 fnt\n|faint|p2b: Mimikyu\n|-damage|p1a: Incineroar|52\/100|[from] Recoil\n|\n|-heal|p1b: Dondozo|64\/100|[from] item: Leftovers\n|upkeep\n|\n|t:|1729831969\n|switch|p2a: Torkoal|Torkoal, L50, F|100\/100\n|switch|p2b: Venusaur|Venusaur, L50, F|100\/100\n|-weather|SunnyDay|[from] ability: Drought|[of] p2a: Torkoal\n|turn|4\n|\n|t:|1729831980\n|-terastallize|p2a: Torkoal|Fire\n|move|p1b: Dondozo|Protect|p1b: Dondozo\n|-singleturn|p1b: Dondozo|Protect\n|move|p2a: Torkoal|Eruption|p1b: Dondozo|[spread] p1a\n|-activate|p1b: Dondozo|move: Protect\n|-resisted|p1a: Incineroar\n|-damage|p1a: Incineroar|7\/100\n|move|p1a: Incineroar|Flare Blitz|p2b: Venusaur\n|-supereffective|p2b: Venusaur\n|-enditem|p2b: Venusaur|Focus Sash\n|-damage|p2b: Venusaur|1\/100\n|-damage|p1a: Incineroar|0 fnt|[from] Recoil\n|faint|p1a: Incineroar\n|move|p2b: Venusaur|Sleep Powder|p1b: Dondozo\n|-activate|p1b: Dondozo|move: Protect\n|\n|-weather|SunnyDay|[upkeep]\n|-heal|p1b: Dondozo|70\/100|[from] item: Leftovers\n|upkeep\n|\n|t:|1729831997\n|switch|p1a: Gholdengo|Gholdengo, L50|100\/100\n|turn|5\n|\n|t:|1729832004\n|move|p1a: Gholdengo|Protect|p1a: Gholdengo\n|-singleturn|p1a: Gholdengo|Protect\n|move|p2a: Torkoal|Eruption|p1a: Gholdengo|[spread] p1b\n|-activate|p1a: Gholdengo|move: Protect\n|-resisted|p1b: Dondozo\n|-damage|p1b: Dondozo|28\/100\n|move|p1b: Dondozo|Wave Crash|p2b: Venusaur\n|-resisted|p2b: Venusaur\n|-damage|p2b: Venusaur|0 fnt\n|faint|p2b: Venusaur\n|-damage|p1b: Dondozo|28\/100|[from] Recoil\n|\n|-weather|SunnyDay|[upkeep]\n|-heal|p1b: Dondozo|34\/100|[from] item: Leftovers\n|-fieldend|move: Trick Room\n|upkeep\n|turn|6\n|j| The_Beast1440\n|j| Unclepapa77\n|l| The_Beast1440\n|\n|t:|1729832017\n|move|p1a: Gholdengo|Shadow Ball|p2a: Torkoal\n|-damage|p2a: Torkoal|48\/100\n|move|p1b: Dondozo|Wave Crash|p2a: Torkoal\n|-supereffective|p2a: Torkoal\n|-crit|p2a: Torkoal\n|-damage|p2a: Torkoal|0 fnt\n|faint|p2a: Torkoal\n|-damage|p1b: Dondozo|23\/100|[from] Recoil\n|\n|win|elvegis1\n|raw|elvegis1's rating: 1666 &rarr; <strong>1690<\/strong><br \/>(+24 for winning)\n|raw|1449427094ggy's rating: 1742 &rarr; <strong>1718<\/strong><br \/>(-24 for losing)\n|l|\u26061449427094ggy\n|player|p2|\n|l|\u2606elvegis1\n|player|p1|\n|l| Unclepapa77\n","uploadtime":1729832273,"views":14,"formatid":"gen9vgc2024regh","rating":1690,"private":0,"password":null}