{"id":"gen9vgc2024regh-2230162190","format":"[Gen 9] VGC 2024 Reg H","players":["Spacesnake11","elvegis1"],"log":"|j|\u2606Spacesnake11\n|j|\u2606elvegis1\n|t:|1729798390\n|gametype|doubles\n|player|p1|Spacesnake11|koga|1647\n|player|p2|elvegis1|lucas|1719\n|teamsize|p1|6\n|teamsize|p2|6\n|gen|9\n|tier|[Gen 9] VGC 2024 Reg H\n|rated|\n|rule|Species Clause: Limit one of each Pok\u00e9mon\n|rule|Item Clause: Limit 1 of each item\n|clearpoke\n|poke|p1|Salamence, L50, M|\n|poke|p1|Kingambit, L50, M|\n|poke|p1|Rillaboom, L50, F|\n|poke|p1|Primarina, L50, M|\n|poke|p1|Sneasler, L50, M|\n|poke|p1|Electabuzz, L50, M|\n|poke|p2|Sneasler, L50, M|\n|poke|p2|Incineroar, L50, M|\n|poke|p2|Gholdengo, L50|\n|poke|p2|Whimsicott, L50, M|\n|poke|p2|Dondozo, L50, F|\n|poke|p2|Kommo-o, L50, M|\n|teampreview|4\n|inactive|Battle timer is ON: inactive players will automatically lose when time's up. (requested by elvegis1)\n|inactive|Spacesnake11 has 60 seconds left.\n|inactive|Spacesnake11 has 30 seconds left.\n|j| bluestraggler01\n|inactive|Spacesnake11 has 20 seconds left.\n|inactive|Spacesnake11 has 15 seconds left.\n|inactive|Spacesnake11 has 10 seconds left.\n|\n|t:|1729798476\n|start\n|switch|p1a: Salamence|Salamence, L50, M|100\/100\n|switch|p1b: Primarina|Primarina, L50, M|100\/100\n|switch|p2a: Kommo-o|Kommo-o, L50, M|100\/100\n|switch|p2b: Sneasler|Sneasler, L50, M|100\/100\n|-ability|p1a: Salamence|Intimidate|boost\n|-unboost|p2a: Kommo-o|atk|1\n|-unboost|p2b: Sneasler|atk|1\n|turn|1\n|inactive|Spacesnake11 has 30 seconds left.\n|inactive|Spacesnake11 has 20 seconds left.\n|inactive|Spacesnake11 has 15 seconds left.\n|inactive|Spacesnake11 has 10 seconds left.\n|\n|t:|1729798523\n|-terastallize|p2a: Kommo-o|Steel\n|move|p2b: Sneasler|Fake Out|p1a: Salamence\n|-damage|p1a: Salamence|89\/100\n|-status|p1a: Salamence|psn|[from] ability: Poison Touch|[of] p2b: Sneasler\n|cant|p1a: Salamence|flinch\n|move|p2a: Kommo-o|Iron Defense|p2a: Kommo-o\n|-boost|p2a: Kommo-o|def|2\n|move|p1b: Primarina|Hyper Voice|p2b: Sneasler|[spread] p2a,p2b\n|-damage|p2a: Kommo-o|58\/100\n|-damage|p2b: Sneasler|36\/100\n|-damage|p1b: Primarina|91\/100|[from] item: Life Orb\n|\n|-damage|p1a: Salamence|76\/100 psn|[from] psn\n|upkeep\n|turn|2\n|inactive|elvegis1 has 30 seconds left.\n|\n|t:|1729798553\n|-terastallize|p1b: Primarina|Steel\n|move|p2a: Kommo-o|Protect|p2a: Kommo-o\n|-singleturn|p2a: Kommo-o|Protect\n|move|p2b: Sneasler|Dire Claw|p1b: Primarina\n|-immune|p1b: Primarina\n|move|p1a: Salamence|Heat Wave|p2b: Sneasler|[spread] p2b\n|-activate|p2a: Kommo-o|move: Protect\n|-damage|p2b: Sneasler|0 fnt\n|faint|p2b: Sneasler\n|move|p1b: Primarina|Hyper Voice|p2a: Kommo-o\n|-activate|p2a: Kommo-o|move: Protect\n|\n|-damage|p1a: Salamence|64\/100 psn|[from] psn\n|upkeep\n|\n|t:|1729798566\n|switch|p2b: Incineroar|Incineroar, L50, M|100\/100\n|-ability|p2b: Incineroar|Intimidate|boost\n|-unboost|p1a: Salamence|atk|1\n|-unboost|p1b: Primarina|atk|1\n|turn|3\n|\n|t:|1729798575\n|switch|p1a: Rillaboom|Rillaboom, L50, F|100\/100\n|-fieldstart|move: Grassy Terrain|[from] ability: Grassy Surge|[of] p1a: Rillaboom\n|move|p1b: Primarina|Protect|p1b: Primarina\n|-singleturn|p1b: Primarina|Protect\n|move|p2b: Incineroar|Fake Out|p1a: Rillaboom\n|-damage|p1a: Rillaboom|91\/100\n|move|p2a: Kommo-o|Body Press|p1a: Rillaboom\n|-damage|p1a: Rillaboom|26\/100\n|\n|-heal|p2a: Kommo-o|64\/100|[from] Grassy Terrain\n|-heal|p1a: Rillaboom|31\/100|[from] Grassy Terrain\n|-heal|p1b: Primarina|97\/100|[from] Grassy Terrain\n|upkeep\n|turn|4\n|inactive|Spacesnake11 has 30 seconds left.\n|\n|t:|1729798608\n|switch|p2b: Gholdengo|Gholdengo, L50|100\/100\n|move|p2a: Kommo-o|Protect|p2a: Kommo-o\n|-singleturn|p2a: Kommo-o|Protect\n|move|p1a: Rillaboom|Fake Out|p2b: Gholdengo\n|-immune|p2b: Gholdengo\n|move|p1b: Primarina|Haze|p1b: Primarina\n|-clearallboost\n|\n|-heal|p2a: Kommo-o|70\/100|[from] Grassy Terrain\n|-heal|p1a: Rillaboom|37\/100|[from] Grassy Terrain\n|-heal|p1b: Primarina|100\/100|[from] Grassy Terrain\n|upkeep\n|turn|5\n|\n|t:|1729798627\n|move|p1b: Primarina|Protect|p1b: Primarina\n|-singleturn|p1b: Primarina|Protect\n|move|p2b: Gholdengo|Shadow Ball|p1b: Primarina\n|-activate|p1b: Primarina|move: Protect\n|move|p2a: Kommo-o|Body Press|p1b: Primarina\n|-activate|p1b: Primarina|move: Protect\n|move|p1a: Rillaboom|High Horsepower|p2b: Gholdengo\n|-supereffective|p2b: Gholdengo\n|-damage|p2b: Gholdengo|28\/100\n|\n|-heal|p2b: Gholdengo|33\/100|[from] Grassy Terrain\n|-heal|p2a: Kommo-o|76\/100|[from] Grassy Terrain\n|-heal|p1a: Rillaboom|43\/100|[from] Grassy Terrain\n|upkeep\n|turn|6\n|\n|t:|1729798644\n|move|p2b: Gholdengo|Make It Rain|p1a: Rillaboom|[spread] p1a,p1b\n|-resisted|p1b: Primarina\n|-damage|p1a: Rillaboom|4\/100\n|-damage|p1b: Primarina|77\/100\n|-unboost|p2b: Gholdengo|spa|1\n|move|p2a: Kommo-o|Body Press|p1b: Primarina\n|-supereffective|p1b: Primarina\n|-damage|p1b: Primarina|0 fnt\n|faint|p1b: Primarina\n|move|p1a: Rillaboom|High Horsepower|p2b: Gholdengo\n|-supereffective|p2b: Gholdengo\n|-damage|p2b: Gholdengo|0 fnt\n|faint|p2b: Gholdengo\n|\n|-heal|p2a: Kommo-o|82\/100|[from] Grassy Terrain\n|-heal|p1a: Rillaboom|10\/100|[from] Grassy Terrain\n|upkeep\n|\n|t:|1729798660\n|switch|p2b: Incineroar|Incineroar, L50, M|100\/100\n|switch|p1b: Sneasler|Sneasler, L50, M|100\/100\n|-ability|p2b: Incineroar|Intimidate|boost\n|-unboost|p1a: Rillaboom|atk|1\n|-unboost|p1b: Sneasler|atk|1\n|turn|7\n|\n|t:|1729798672\n|move|p1b: Sneasler|Protect|p1b: Sneasler\n|-singleturn|p1b: Sneasler|Protect\n|move|p2b: Incineroar|Fake Out|p1b: Sneasler\n|-activate|p1b: Sneasler|move: Protect\n|move|p2a: Kommo-o|Iron Defense|p2a: Kommo-o\n|-boost|p2a: Kommo-o|def|2\n|move|p1a: Rillaboom|High Horsepower|p2a: Kommo-o\n|-supereffective|p2a: Kommo-o\n|-damage|p2a: Kommo-o|64\/100\n|\n|-heal|p2a: Kommo-o|70\/100|[from] Grassy Terrain\n|-heal|p1a: Rillaboom|15\/100|[from] Grassy Terrain\n|-fieldend|move: Grassy Terrain\n|upkeep\n|turn|8\n|\n|t:|1729798692\n|move|p2a: Kommo-o|Protect|p2a: Kommo-o\n|-singleturn|p2a: Kommo-o|Protect\n|move|p1b: Sneasler|Close Combat|p2b: Incineroar\n|-supereffective|p2b: Incineroar\n|-damage|p2b: Incineroar|25\/100\n|-unboost|p1b: Sneasler|def|1\n|-unboost|p1b: Sneasler|spd|1\n|-enditem|p2b: Incineroar|Sitrus Berry|[eat]\n|-heal|p2b: Incineroar|50\/100|[from] item: Sitrus Berry\n|move|p1a: Rillaboom|High Horsepower|p2b: Incineroar\n|-supereffective|p2b: Incineroar\n|-damage|p2b: Incineroar|10\/100\n|move|p2b: Incineroar|Flare Blitz|p1b: Sneasler\n|-enditem|p1b: Sneasler|Focus Sash\n|-damage|p1b: Sneasler|1\/100\n|-damage|p2b: Incineroar|0 fnt|[from] Recoil\n|faint|p2b: Incineroar\n|\n|upkeep\n|turn|9\n|\n|t:|1729798714\n|move|p1b: Sneasler|Close Combat|p2a: Kommo-o\n|-supereffective|p2a: Kommo-o\n|-damage|p2a: Kommo-o|37\/100\n|-unboost|p1b: Sneasler|def|1\n|-unboost|p1b: Sneasler|spd|1\n|move|p2a: Kommo-o|Body Press|p1b: Sneasler\n|-resisted|p1b: Sneasler\n|-damage|p1b: Sneasler|0 fnt\n|faint|p1b: Sneasler\n|move|p1a: Rillaboom|High Horsepower|p2a: Kommo-o\n|-supereffective|p2a: Kommo-o\n|-damage|p2a: Kommo-o|22\/100\n|-enditem|p2a: Kommo-o|Iapapa Berry|[eat]\n|-heal|p2a: Kommo-o|55\/100|[from] item: Iapapa Berry\n|\n|upkeep\n|\n|t:|1729798722\n|switch|p1b: Salamence|Salamence, L50, M|64\/100 psn\n|-ability|p1b: Salamence|Intimidate|boost\n|-unboost|p2a: Kommo-o|atk|1\n|turn|10\n|\n|t:|1729798732\n|move|p2a: Kommo-o|Protect|p2a: Kommo-o\n|-singleturn|p2a: Kommo-o|Protect\n|move|p1b: Salamence|Heat Wave|p2a: Kommo-o\n|-activate|p2a: Kommo-o|move: Protect\n|move|p1a: Rillaboom|High Horsepower|p2a: Kommo-o\n|-activate|p2a: Kommo-o|move: Protect\n|\n|-damage|p1b: Salamence|52\/100 psn|[from] psn\n|upkeep\n|turn|11\n|\n|t:|1729798741\n|move|p1b: Salamence|Heat Wave|p2a: Kommo-o\n|-supereffective|p2a: Kommo-o\n|-damage|p2a: Kommo-o|0 fnt\n|faint|p2a: Kommo-o\n|\n|win|Spacesnake11\n|raw|Spacesnake11's rating: 1647 &rarr; <strong>1671<\/strong><br \/>(+24 for winning)\n|raw|elvegis1's rating: 1719 &rarr; <strong>1695<\/strong><br \/>(-24 for losing)\n|l|\u2606elvegis1\n|player|p2|\n|l|\u2606Spacesnake11\n|player|p1|\n|l| bluestraggler01\n|j|\u2606Spacesnake11\n|player|p1|Spacesnake11|koga|\n|l|\u2606Spacesnake11\n|player|p1|\n","uploadtime":1729798922,"views":11,"formatid":"gen9vgc2024regh","rating":1671,"private":0,"password":null}