{"id":"gen9vgc2024regh-2230983697","format":"[Gen 9] VGC 2024 Reg H","players":["KSunfr","tep0914"],"log":"|j|\u2606KSunfr\n|j|\u2606tep0914\n|t:|1729895290\n|gametype|doubles\n|player|p1|KSunfr|unknown|1734\n|player|p2|tep0914|li|1717\n|teamsize|p1|6\n|teamsize|p2|6\n|gen|9\n|tier|[Gen 9] VGC 2024 Reg H\n|rated|\n|rule|Species Clause: Limit one of each Pok\u00e9mon\n|rule|Item Clause: Limit 1 of each item\n|clearpoke\n|poke|p1|Stonjourner, L50, M|\n|poke|p1|Scizor, L50, M|\n|poke|p1|Mamoswine, L50, F|\n|poke|p1|Basculegion-F, L50, F|\n|poke|p1|Dragonite, L50, M|\n|poke|p1|Farigiraf, L50, F|\n|poke|p2|Dondozo, L50, M|\n|poke|p2|Tatsugiri-Droopy, L50, M|\n|poke|p2|Weezing, L50, F|\n|poke|p2|Tauros-Paldea-Blaze, L50, M|\n|poke|p2|Palafin, L50, M|\n|poke|p2|Amoonguss, L50, M|\n|teampreview|4\n|inactive|Battle timer is ON: inactive players will automatically lose when time's up. (requested by KSunfr)\n|l|\u2606tep0914\n|inactive|tep0914 disconnected and has a minute to reconnect!\n|player|p2|\n|inactive|KSunfr has 60 seconds left.\n|\n|t:|1729895322\n|start\n|switch|p1a: Basculegion|Basculegion-F, L50, F|100\/100\n|switch|p1b: Mamoswine|Mamoswine, L50, F|100\/100\n|switch|p2a: Weezing|Weezing, L50, F|100\/100\n|switch|p2b: Tauros|Tauros-Paldea-Blaze, L50, M|100\/100\n|-ability|p2a: Weezing|Neutralizing Gas\n|-block|p2b: Tauros|item: Ability Shield\n|-ability|p2b: Tauros|Intimidate|boost\n|-unboost|p1a: Basculegion|atk|1\n|-unboost|p1b: Mamoswine|atk|1\n|turn|1\n|j|\u2606tep0914\n|inactive|tep0914 reconnected and has 40 seconds left.\n|player|p2|tep0914|li|\n|inactive|tep0914 has 30 seconds left.\n|\n|t:|1729895356\n|move|p2b: Tauros|Protect|p2b: Tauros\n|-singleturn|p2b: Tauros|Protect\n|move|p1a: Basculegion|Icy Wind|p2b: Tauros|[spread] p2a\n|-activate|p2b: Tauros|move: Protect\n|-damage|p2a: Weezing|89\/100\n|-unboost|p2a: Weezing|spe|1\n|move|p1b: Mamoswine|High Horsepower|p2b: Tauros\n|-activate|p2b: Tauros|move: Protect\n|move|p2a: Weezing|Poison Gas|p1b: Mamoswine|[spread] p1a,p1b\n|-status|p1a: Basculegion|psn\n|-status|p1b: Mamoswine|psn\n|\n|-damage|p1a: Basculegion|88\/100 psn|[from] psn\n|-damage|p1b: Mamoswine|88\/100 psn|[from] psn\n|upkeep\n|turn|2\n|j| futonkagebunshin\n|\n|t:|1729895379\n|move|p1a: Basculegion|Icy Wind|p2b: Tauros|[spread] p2a,p2b\n|-resisted|p2b: Tauros\n|-damage|p2a: Weezing|78\/100\n|-damage|p2b: Tauros|91\/100\n|-unboost|p2a: Weezing|spe|1\n|-unboost|p2b: Tauros|spe|1\n|move|p1b: Mamoswine|High Horsepower|p2a: Weezing\n|-supereffective|p2a: Weezing\n|-damage|p2a: Weezing|0 fnt\n|faint|p2a: Weezing\n|-end|p2a: Weezing|ability: Neutralizing Gas\n|-damage|p1b: Mamoswine|78\/100 psn|[from] item: Life Orb\n|move|p2b: Tauros|Close Combat|p1b: Mamoswine\n|-supereffective|p1b: Mamoswine\n|-damage|p1b: Mamoswine|0 fnt\n|-unboost|p2b: Tauros|def|1\n|-unboost|p2b: Tauros|spd|1\n|faint|p1b: Mamoswine\n|\n|-damage|p1a: Basculegion|76\/100 psn|[from] psn\n|upkeep\n|j| Moon7777\n|\n|t:|1729895400\n|switch|p1b: Dragonite|Dragonite, L50, M|100\/100\n|switch|p2a: Dondozo|Dondozo, L50, M|100\/100\n|turn|3\n|l|\u2606tep0914\n|inactive|tep0914 disconnected and has a minute to reconnect!\n|player|p2|\n|inactive|tep0914 has 30 seconds left.\n|j|\u2606tep0914\n|inactive|tep0914 reconnected and has 30 seconds left.\n|player|p2|tep0914|li|\n|inactive|tep0914 has 20 seconds left.\n|\n|t:|1729895435\n|switch|p1a: Stonjourner|Stonjourner, L50, M|100\/100\n|move|p1b: Dragonite|Tailwind|p1b: Dragonite\n|-sidestart|p1: KSunfr|move: Tailwind\n|move|p2b: Tauros|Wild Charge|p1a: Stonjourner\n|-damage|p1a: Stonjourner|74\/100\n|-damage|p2b: Tauros|83\/100|[from] Recoil\n|move|p2a: Dondozo|Order Up|p1b: Dragonite\n|-supereffective|p1b: Dragonite\n|-damage|p1b: Dragonite|78\/100\n|\n|upkeep\n|turn|4\n|inactive|KSunfr has 30 seconds left.\n|\n|t:|1729895464\n|switch|p2b: Tatsugiri|Tatsugiri-Droopy, L50, M|100\/100\n|-activate|p2b: Tatsugiri|ability: Commander|[of] p2a: Dondozo\n|-boost|p2a: Dondozo|atk|2\n|-boost|p2a: Dondozo|spa|2\n|-boost|p2a: Dondozo|spe|2\n|-boost|p2a: Dondozo|def|2\n|-boost|p2a: Dondozo|spd|2\n|move|p1b: Dragonite|Scale Shot|p2a: Dondozo\n|-damage|p2a: Dondozo|95\/100\n|-damage|p2a: Dondozo|90\/100\n|-damage|p2a: Dondozo|85\/100\n|-damage|p2a: Dondozo|79\/100\n|-damage|p2a: Dondozo|73\/100\n|-hitcount|p2a: Dondozo|5\n|-unboost|p1b: Dragonite|def|1\n|-boost|p1b: Dragonite|spe|1\n|move|p1a: Stonjourner|Rock Slide|p2a: Dondozo|[spread] p2a\n|-miss|p1a: Stonjourner|p2b: Tatsugiri\n|-damage|p2a: Dondozo|64\/100\n|cant|p2a: Dondozo|flinch\n|\n|-heal|p2a: Dondozo|70\/100|[from] item: Leftovers\n|upkeep\n|turn|5\n|inactive|KSunfr has 30 seconds left.\n|l|\u2606KSunfr\n|inactive|KSunfr disconnected and has a minute to reconnect!\n|player|p1|\n|j|\u2606KSunfr\n|inactive|KSunfr reconnected and has 25 seconds left.\n|player|p1|KSunfr|unknown|\n|inactive|KSunfr has 20 seconds left.\n|\n|t:|1729895500\n|move|p2a: Dondozo|Protect|p2a: Dondozo\n|-singleturn|p2a: Dondozo|Protect\n|move|p1b: Dragonite|Haze|p1b: Dragonite\n|-clearallboost\n|move|p1a: Stonjourner|Rock Slide|p2b: Tatsugiri|[spread] \n|-miss|p1a: Stonjourner|p2b: Tatsugiri\n|-activate|p2a: Dondozo|move: Protect\n|\n|-heal|p2a: Dondozo|76\/100|[from] item: Leftovers\n|upkeep\n|turn|6\n|\n|t:|1729895518\n|-terastallize|p2a: Dondozo|Steel\n|move|p1b: Dragonite|Scale Shot|p2a: Dondozo\n|-resisted|p2a: Dondozo\n|-damage|p2a: Dondozo|71\/100\n|-resisted|p2a: Dondozo\n|-damage|p2a: Dondozo|66\/100\n|-resisted|p2a: Dondozo\n|-damage|p2a: Dondozo|61\/100\n|-resisted|p2a: Dondozo\n|-damage|p2a: Dondozo|55\/100\n|-resisted|p2a: Dondozo\n|-damage|p2a: Dondozo|51\/100\n|-hitcount|p2a: Dondozo|5\n|-unboost|p1b: Dragonite|def|1\n|-boost|p1b: Dragonite|spe|1\n|move|p1a: Stonjourner|Low Kick|p2a: Dondozo\n|-supereffective|p2a: Dondozo\n|-damage|p2a: Dondozo|0 fnt\n|faint|p2a: Dondozo\n|\n|-sideend|p1: KSunfr|move: Tailwind\n|upkeep\n|l| Moon7777\n|\n|t:|1729895537\n|switch|p2a: Tauros|Tauros-Paldea-Blaze, L50, M|83\/100\n|-ability|p2a: Tauros|Intimidate|boost\n|-unboost|p1a: Stonjourner|atk|1\n|-unboost|p1b: Dragonite|atk|1\n|turn|7\n|j| swinters48\n|inactive|tep0914 has 30 seconds left.\n|l| futonkagebunshin\n|inactive|tep0914 has 20 seconds left.\n|\n|t:|1729895575\n|move|p2b: Tatsugiri|Protect|p2b: Tatsugiri\n|-singleturn|p2b: Tatsugiri|Protect\n|move|p1b: Dragonite|Scale Shot|p2b: Tatsugiri\n|-activate|p2b: Tatsugiri|move: Protect\n|move|p2a: Tauros|Flare Blitz|p1b: Dragonite\n|-resisted|p1b: Dragonite\n|-damage|p1b: Dragonite|22\/100\n|-status|p1b: Dragonite|brn\n|-damage|p2a: Tauros|62\/100|[from] Recoil\n|move|p1a: Stonjourner|Rock Slide|p2b: Tatsugiri|[spread] p2a\n|-activate|p2b: Tatsugiri|move: Protect\n|-damage|p2a: Tauros|38\/100\n|\n|-damage|p1b: Dragonite|16\/100 brn|[from] brn\n|upkeep\n|turn|8\n|j| futonkagebunshin\n|\n|t:|1729895597\n|move|p1b: Dragonite|Scale Shot|p2b: Tatsugiri\n|-supereffective|p2b: Tatsugiri\n|-damage|p2b: Tatsugiri|79\/100\n|-supereffective|p2b: Tatsugiri\n|-damage|p2b: Tatsugiri|55\/100\n|-supereffective|p2b: Tatsugiri\n|-crit|p2b: Tatsugiri\n|-damage|p2b: Tatsugiri|5\/100\n|-supereffective|p2b: Tatsugiri\n|-damage|p2b: Tatsugiri|0 fnt\n|faint|p2b: Tatsugiri\n|-hitcount|p2: Tatsugiri|4\n|-unboost|p1b: Dragonite|def|1\n|-boost|p1b: Dragonite|spe|1\n|move|p2a: Tauros|Close Combat|p1a: Stonjourner\n|-supereffective|p1a: Stonjourner\n|-damage|p1a: Stonjourner|0 fnt\n|-unboost|p2a: Tauros|def|1\n|-unboost|p2a: Tauros|spd|1\n|faint|p1a: Stonjourner\n|\n|-damage|p1b: Dragonite|10\/100 brn|[from] brn\n|upkeep\n|\n|t:|1729895613\n|switch|p1a: Basculegion|Basculegion-F, L50, F|76\/100 psn\n|turn|9\n|\n|t:|1729895621\n|move|p2a: Tauros|Protect|p2a: Tauros\n|-singleturn|p2a: Tauros|Protect\n|move|p1b: Dragonite|Scale Shot|p2a: Tauros\n|-activate|p2a: Tauros|move: Protect\n|move|p1a: Basculegion|Shadow Ball|p2a: Tauros\n|-activate|p2a: Tauros|move: Protect\n|\n|-damage|p1a: Basculegion|64\/100 psn|[from] psn\n|-damage|p1b: Dragonite|4\/100 brn|[from] brn\n|upkeep\n|turn|10\n|\n|t:|1729895633\n|move|p2a: Tauros|Protect||[still]\n|-fail|p2a: Tauros\n|move|p1b: Dragonite|Scale Shot|p2a: Tauros\n|-damage|p2a: Tauros|30\/100\n|-damage|p2a: Tauros|22\/100\n|-damage|p2a: Tauros|15\/100\n|-damage|p2a: Tauros|7\/100\n|-hitcount|p2a: Tauros|4\n|-unboost|p1b: Dragonite|def|1\n|-boost|p1b: Dragonite|spe|1\n|move|p1a: Basculegion|Shadow Ball|p2a: Tauros\n|-damage|p2a: Tauros|0 fnt\n|faint|p2a: Tauros\n|\n|win|KSunfr\n|raw|KSunfr's rating: 1734 &rarr; <strong>1753<\/strong><br \/>(+19 for winning)\n|raw|tep0914's rating: 1717 &rarr; <strong>1698<\/strong><br \/>(-19 for losing)\n|l|\u2606tep0914\n|player|p2|\n|l| futonkagebunshin\n|l|\u2606KSunfr\n|player|p1|\n","uploadtime":1729895891,"views":17,"formatid":"gen9vgc2024regh","rating":1698,"private":0,"password":null}