{"id":"gen9vgc2024regh-2230033394","format":"[Gen 9] VGC 2024 Reg H","players":["juacox300","yung elmers glue"],"log":"|j|\u2606juacox300\n|j|\u2606yung elmers glue\n|t:|1729787189\n|gametype|doubles\n|player|p1|juacox300|unknown|1792\n|player|p2|yung elmers glue|juan|1690\n|teamsize|p1|6\n|teamsize|p2|6\n|gen|9\n|tier|[Gen 9] VGC 2024 Reg H\n|rated|\n|rule|Species Clause: Limit one of each Pok\u00e9mon\n|rule|Item Clause: Limit 1 of each item\n|clearpoke\n|poke|p1|Ursaluna, L50, M|\n|poke|p1|Murkrow, L50, M|\n|poke|p1|Archaludon, L50, M|\n|poke|p1|Sneasler, L50, F|\n|poke|p1|Indeedee, L50, M|\n|poke|p1|Incineroar, L50, F|\n|poke|p2|Dragonite, L50, F|\n|poke|p2|Clefable, L50, M|\n|poke|p2|Dondozo, L50, M|\n|poke|p2|Annihilape, L50, M|\n|poke|p2|Kingambit, L50, F|\n|poke|p2|Tatsugiri, L50, F|\n|teampreview|4\n|\n|t:|1729787210\n|start\n|switch|p1a: Alfred|Indeedee, L50, M, shiny|100\/100\n|switch|p1b: Nightwing|Sneasler, L50, F|100\/100\n|switch|p2a: Dont Stop Me Now|Annihilape, L50, M|100\/100\n|switch|p2b: FBG|Dragonite, L50, F|100\/100\n|-fieldstart|move: Psychic Terrain|[from] ability: Psychic Surge|[of] p1a: Alfred\n|-enditem|p1b: Nightwing|Psychic Seed\n|-boost|p1b: Nightwing|spd|1|[from] item: Psychic Seed\n|turn|1\n|\n|t:|1729787223\n|move|p1b: Nightwing|Dire Claw|p2b: FBG\n|-damage|p2b: FBG|75\/100\n|move|p1a: Alfred|Expanding Force|p2b: FBG|[spread] p2a,p2b\n|-supereffective|p2a: Dont Stop Me Now\n|-damage|p2a: Dont Stop Me Now|0 fnt\n|-damage|p2b: FBG|17\/100\n|faint|p2a: Dont Stop Me Now\n|move|p2b: FBG|Scale Shot|p1b: Nightwing\n|-damage|p1b: Nightwing|73\/100\n|-damage|p1b: Nightwing|47\/100\n|-damage|p1b: Nightwing|18\/100\n|-damage|p1b: Nightwing|0 fnt\n|faint|p1b: Nightwing\n|-hitcount|p1: Nightwing|4\n|-unboost|p2b: FBG|def|1\n|-boost|p2b: FBG|spe|1\n|\n|upkeep\n|\n|t:|1729787233\n|switch|p1b: Murkrow|Murkrow, L50, M|100\/100\n|switch|p2a: Killer Queen|Kingambit, L50, F|100\/100\n|turn|2\n|\n|t:|1729787240\n|switch|p1a: Archaludon|Archaludon, L50, M, shiny|100\/100\n|move|p2b: FBG|Protect|p2b: FBG\n|-singleturn|p2b: FBG|Protect\n|move|p1b: Murkrow|Brave Bird|p2b: FBG\n|-activate|p2b: FBG|move: Protect\n|move|p2a: Killer Queen|Kowtow Cleave|p1a: Archaludon\n|-damage|p1a: Archaludon|53\/100\n|-ability|p1a: Archaludon|Stamina|boost\n|-boost|p1a: Archaludon|def|1\n|\n|upkeep\n|turn|3\n|\n|t:|1729787261\n|switch|p2a: Best Friend|Clefable, L50, M|100\/100\n|move|p1b: Murkrow|Tailwind|p1b: Murkrow\n|-sidestart|p1: juacox300|move: Tailwind\n|move|p1a: Archaludon|Electro Shot||[still]\n|-prepare|p1a: Archaludon|Electro Shot\n|-boost|p1a: Archaludon|spa|1\n|-enditem|p1a: Archaludon|Power Herb\n|-anim|p1a: Archaludon|Electro Shot|p2b: FBG\n|-damage|p2b: FBG|0 fnt\n|faint|p2b: FBG\n|\n|upkeep\n|\n|t:|1729787269\n|switch|p2b: Killer Queen|Kingambit, L50, F|100\/100\n|turn|4\n|\n|t:|1729787277\n|-terastallize|p2a: Best Friend|Steel\n|move|p2a: Best Friend|Follow Me|p2a: Best Friend\n|-singleturn|p2a: Best Friend|move: Follow Me\n|move|p1a: Archaludon|Flash Cannon|p2a: Best Friend\n|-resisted|p2a: Best Friend\n|-crit|p2a: Best Friend\n|-damage|p2a: Best Friend|71\/100\n|move|p1b: Murkrow|Brave Bird|p2a: Best Friend\n|-resisted|p2a: Best Friend\n|-damage|p2a: Best Friend|56\/100\n|-damage|p1b: Murkrow|94\/100|[from] Recoil\n|move|p2b: Killer Queen|Kowtow Cleave|p1a: Archaludon\n|-damage|p1a: Archaludon|21\/100\n|-ability|p1a: Archaludon|Stamina|boost\n|-boost|p1a: Archaludon|def|1\n|\n|upkeep\n|turn|5\n|\n|t:|1729787290\n|move|p2a: Best Friend|Protect|p2a: Best Friend\n|-singleturn|p2a: Best Friend|Protect\n|move|p2b: Killer Queen|Protect|p2b: Killer Queen\n|-singleturn|p2b: Killer Queen|Protect\n|move|p1b: Murkrow|Rain Dance|p1b: Murkrow\n|-weather|RainDance\n|move|p1a: Archaludon|Electro Shot||[still]\n|-prepare|p1a: Archaludon|Electro Shot\n|-boost|p1a: Archaludon|spa|1\n|-anim|p1a: Archaludon|Electro Shot|p2a: Best Friend\n|-activate|p2a: Best Friend|move: Protect\n|\n|-weather|RainDance|[upkeep]\n|-fieldend|move: Psychic Terrain\n|upkeep\n|turn|6\n|\n|t:|1729787316\n|move|p1a: Archaludon|Protect|p1a: Archaludon\n|-singleturn|p1a: Archaludon|Protect\n|move|p2a: Best Friend|Follow Me|p2a: Best Friend\n|-singleturn|p2a: Best Friend|move: Follow Me\n|move|p1b: Murkrow|Brave Bird|p2a: Best Friend\n|-resisted|p2a: Best Friend\n|-damage|p2a: Best Friend|43\/100\n|-damage|p1b: Murkrow|88\/100|[from] Recoil\n|move|p2b: Killer Queen|Kowtow Cleave|p1a: Archaludon\n|-activate|p1a: Archaludon|move: Protect\n|\n|-weather|RainDance|[upkeep]\n|-sideend|p1: juacox300|move: Tailwind\n|upkeep\n|turn|7\n|\n|t:|1729787328\n|move|p2a: Best Friend|Helping Hand|p2b: Killer Queen\n|-singleturn|p2b: Killer Queen|Helping Hand|[of] p2a: Best Friend\n|move|p2b: Killer Queen|Sucker Punch|p1a: Archaludon\n|-damage|p1a: Archaludon|0 fnt\n|faint|p1a: Archaludon\n|move|p1b: Murkrow|Brave Bird|p2a: Best Friend\n|-resisted|p2a: Best Friend\n|-damage|p2a: Best Friend|28\/100\n|-damage|p1b: Murkrow|82\/100|[from] Recoil\n|\n|-weather|RainDance|[upkeep]\n|upkeep\n|\n|t:|1729787333\n|switch|p1a: Alfred|Indeedee, L50, M, shiny|100\/100\n|-fieldstart|move: Psychic Terrain|[from] ability: Psychic Surge|[of] p1a: Alfred\n|turn|8\n|\n|t:|1729787338\n|-terastallize|p1a: Alfred|Fighting\n|move|p2a: Best Friend|Protect|p2a: Best Friend\n|-singleturn|p2a: Best Friend|Protect\n|move|p2b: Killer Queen|Protect|p2b: Killer Queen\n|-singleturn|p2b: Killer Queen|Protect\n|move|p1a: Alfred|Tera Blast|p2b: Killer Queen|[anim] Tera Blast Fighting\n|-activate|p2b: Killer Queen|move: Protect\n|move|p1b: Murkrow|Brave Bird|p2a: Best Friend\n|-activate|p2a: Best Friend|move: Protect\n|\n|-weather|RainDance|[upkeep]\n|upkeep\n|turn|9\n|\n|t:|1729787353\n|move|p2a: Best Friend|Follow Me|p2a: Best Friend\n|-singleturn|p2a: Best Friend|move: Follow Me\n|move|p1a: Alfred|Tera Blast|p2a: Best Friend|[anim] Tera Blast Fighting\n|-supereffective|p2a: Best Friend\n|-damage|p2a: Best Friend|0 fnt\n|faint|p2a: Best Friend\n|move|p1b: Murkrow|Brave Bird|p2b: Killer Queen\n|-resisted|p2b: Killer Queen\n|-damage|p2b: Killer Queen|86\/100\n|-damage|p1b: Murkrow|75\/100|[from] Recoil\n|move|p2b: Killer Queen|Iron Head|p1a: Alfred\n|-damage|p1a: Alfred|0 fnt\n|faint|p1a: Alfred\n|\n|-weather|none\n|upkeep\n|turn|10\n|-message|juacox300 forfeited.\n|\n|win|yung elmers glue\n|raw|juacox300's rating: 1792 &rarr; <strong>1766<\/strong><br \/>(-26 for losing)\n|raw|yung elmers glue's rating: 1690 &rarr; <strong>1716<\/strong><br \/>(+26 for winning)\n|l|\u2606juacox300\n|player|p1|\n|l|\u2606yung elmers glue\n|player|p2|\n","uploadtime":1729787572,"views":14,"formatid":"gen9vgc2024regh","rating":1716,"private":0,"password":null}