{"id":"gen9vgc2024regh-2230984321","format":"[Gen 9] VGC 2024 Reg H","players":["MomeriA12","dalas91"],"log":"|j|\u2606MomeriA12\n|j|\u2606dalas91\n|t:|1729895366\n|gametype|doubles\n|player|p1|MomeriA12|102|1661\n|player|p2|dalas91|dragontamer|1794\n|teamsize|p1|6\n|teamsize|p2|6\n|gen|9\n|tier|[Gen 9] VGC 2024 Reg H\n|rated|\n|rule|Species Clause: Limit one of each Pok\u00e9mon\n|rule|Item Clause: Limit 1 of each item\n|clearpoke\n|poke|p1|Staraptor, L50, M|\n|poke|p1|Hydreigon, L50, M|\n|poke|p1|Lilligant-Hisui, L50, F|\n|poke|p1|Torkoal, L50, M|\n|poke|p1|Ursaluna, L50, F|\n|poke|p1|Farigiraf, L50, F|\n|poke|p2|Archaludon, L50, F|\n|poke|p2|Whimsicott, L50, M|\n|poke|p2|Incineroar, L50, M|\n|poke|p2|Milotic, L50, F|\n|poke|p2|Annihilape, L50, F|\n|poke|p2|Basculegion, L50, M|\n|teampreview|4\n|j| futonkagebunshin\n|\n|t:|1729895460\n|start\n|switch|p1a: Staraptor|Staraptor, L50, M, shiny|100\/100\n|switch|p1b: Farigiraf|Farigiraf, L50, F|100\/100\n|switch|p2a: Whimsicott|Whimsicott, L50, M|100\/100\n|switch|p2b: Annihilape|Annihilape, L50, F|100\/100\n|-ability|p1a: Staraptor|Intimidate|boost\n|-unboost|p2a: Whimsicott|atk|1\n|-unboost|p2b: Annihilape|atk|1\n|-ability|p2b: Annihilape|Defiant|boost\n|-boost|p2b: Annihilape|atk|2\n|turn|1\n|\n|t:|1729895503\n|move|p1a: Staraptor|Brave Bird|p2a: Whimsicott\n|-supereffective|p2a: Whimsicott\n|-enditem|p2a: Whimsicott|Focus Sash\n|-damage|p2a: Whimsicott|1\/100\n|-damage|p1a: Staraptor|77\/100|[from] Recoil\n|move|p2a: Whimsicott|Moonblast|p1b: Farigiraf\n|-damage|p1b: Farigiraf|74\/100\n|-unboost|p1b: Farigiraf|spa|1\n|move|p2b: Annihilape|Close Combat|p1b: Farigiraf\n|-damage|p1b: Farigiraf|0 fnt\n|-unboost|p2b: Annihilape|def|1\n|-unboost|p2b: Annihilape|spd|1\n|faint|p1b: Farigiraf\n|\n|upkeep\n|\n|t:|1729895518\n|switch|p1b: Ursaluna|Ursaluna, L50, F|100\/100\n|turn|2\n|\n|t:|1729895542\n|-terastallize|p1a: Staraptor|Flying\n|move|p2a: Whimsicott|Tailwind|p2a: Whimsicott\n|-sidestart|p2: dalas91|move: Tailwind\n|move|p2b: Annihilape|Close Combat|p1a: Staraptor\n|-resisted|p1a: Staraptor\n|-damage|p1a: Staraptor|18\/100\n|-unboost|p2b: Annihilape|def|1\n|-unboost|p2b: Annihilape|spd|1\n|move|p1a: Staraptor|Brave Bird|p2b: Annihilape\n|-supereffective|p2b: Annihilape\n|-damage|p2b: Annihilape|0 fnt\n|faint|p2b: Annihilape\n|-damage|p1a: Staraptor|0 fnt|[from] Recoil\n|faint|p1a: Staraptor\n|move|p1b: Ursaluna|Earthquake|p2a: Whimsicott\n|-resisted|p2a: Whimsicott\n|-damage|p2a: Whimsicott|0 fnt\n|faint|p2a: Whimsicott\n|\n|-status|p1b: Ursaluna|brn|[from] item: Flame Orb\n|upkeep\n|\n|t:|1729895564\n|switch|p2a: Milotic|Milotic, L50, F|100\/100\n|switch|p1a: Torkoal|Torkoal, L50, M|100\/100\n|switch|p2b: Incineroar|Incineroar, L50, M|100\/100\n|-ability|p2b: Incineroar|Intimidate|boost\n|-unboost|p1a: Torkoal|atk|1\n|-unboost|p1b: Ursaluna|atk|1\n|-weather|SunnyDay|[from] ability: Drought|[of] p1a: Torkoal\n|turn|3\n|l| futonkagebunshin\n|\n|t:|1729895581\n|move|p2b: Incineroar|Fake Out|p1b: Ursaluna\n|-damage|p1b: Ursaluna|90\/100 brn\n|move|p2a: Milotic|Scald|p1b: Ursaluna\n|-supereffective|p1b: Ursaluna\n|-damage|p1b: Ursaluna|66\/100 brn\n|cant|p1b: Ursaluna|flinch\n|move|p1a: Torkoal|Eruption|p2b: Incineroar|[spread] p2a,p2b\n|-resisted|p2a: Milotic\n|-crit|p2a: Milotic\n|-resisted|p2b: Incineroar\n|-damage|p2a: Milotic|54\/100\n|-damage|p2b: Incineroar|60\/100\n|\n|-weather|SunnyDay|[upkeep]\n|-damage|p1b: Ursaluna|60\/100 brn|[from] brn\n|-status|p2a: Milotic|brn|[from] item: Flame Orb\n|upkeep\n|turn|4\n|j| futonkagebunshin\n|\n|t:|1729895616\n|move|p1b: Ursaluna|Protect|p1b: Ursaluna\n|-singleturn|p1b: Ursaluna|Protect\n|move|p2a: Milotic|Scald|p1b: Ursaluna\n|-activate|p1b: Ursaluna|move: Protect\n|move|p2b: Incineroar|Knock Off|p1b: Ursaluna\n|-activate|p1b: Ursaluna|move: Protect\n|move|p1a: Torkoal|Flamethrower|p2a: Milotic\n|-resisted|p2a: Milotic\n|-crit|p2a: Milotic\n|-damage|p2a: Milotic|15\/100 brn\n|\n|-weather|SunnyDay|[upkeep]\n|-damage|p2a: Milotic|9\/100 brn|[from] brn\n|-damage|p1b: Ursaluna|54\/100 brn|[from] brn\n|upkeep\n|turn|5\n|\n|t:|1729895654\n|move|p2a: Milotic|Life Dew|p2a: Milotic|[spread] p2a,p2b\n|-heal|p2a: Milotic|34\/100 brn\n|-heal|p2b: Incineroar|85\/100\n|move|p2b: Incineroar|Flare Blitz|p1b: Ursaluna\n|-damage|p1b: Ursaluna|0 fnt\n|faint|p1b: Ursaluna\n|-damage|p2b: Incineroar|63\/100|[from] Recoil\n|move|p1a: Torkoal|Eruption|p2b: Incineroar|[spread] p2a,p2b\n|-resisted|p2a: Milotic\n|-resisted|p2b: Incineroar\n|-damage|p2a: Milotic|3\/100 brn\n|-damage|p2b: Incineroar|24\/100\n|\n|-weather|SunnyDay|[upkeep]\n|-damage|p2a: Milotic|0 fnt|[from] brn\n|faint|p2a: Milotic\n|-sideend|p2: dalas91|move: Tailwind\n|upkeep\n|turn|6\n|\n|t:|1729895674\n|move|p2b: Incineroar|Knock Off|p1a: Torkoal\n|-damage|p1a: Torkoal|67\/100\n|-enditem|p1a: Torkoal|Charcoal|[from] move: Knock Off|[of] p2b: Incineroar\n|move|p1a: Torkoal|Flamethrower|p2b: Incineroar\n|-resisted|p2b: Incineroar\n|-damage|p2b: Incineroar|0 fnt\n|faint|p2b: Incineroar\n|\n|win|MomeriA12\n|raw|MomeriA12's rating: 1661 &rarr; <strong>1688<\/strong><br \/>(+27 for winning)\n|raw|dalas91's rating: 1794 &rarr; <strong>1767<\/strong><br \/>(-27 for losing)\n|l|\u2606dalas91\n|player|p2|\n|l| futonkagebunshin\n|l|\u2606MomeriA12\n|player|p1|\n","uploadtime":1729895891,"views":17,"formatid":"gen9vgc2024regh","rating":1688,"private":0,"password":null}