{"id":"gen9vgc2024regh-2230214707","format":"[Gen 9] VGC 2024 Reg H","players":["647w","Waffles4breakfast"],"log":"|j|\u2606647w\n|j|\u2606Waffles4breakfast\n|t:|1729803369\n|gametype|doubles\n|player|p1|647w|lucas-gen4pt|1722\n|player|p2|Waffles4breakfast|juggler|1758\n|teamsize|p1|6\n|teamsize|p2|6\n|gen|9\n|tier|[Gen 9] VGC 2024 Reg H\n|rated|\n|rule|Species Clause: Limit one of each Pok\u00e9mon\n|rule|Item Clause: Limit 1 of each item\n|clearpoke\n|poke|p1|Kilowattrel, L50, F|\n|poke|p1|Garchomp, L50, F|\n|poke|p1|Gholdengo, L50|\n|poke|p1|Incineroar, L50, F|\n|poke|p1|Rillaboom, L50, F|\n|poke|p1|Dondozo, L50, F|\n|poke|p2|Archaludon, L50, F|\n|poke|p2|Pelipper, L50, F|\n|poke|p2|Basculegion, L50, M|\n|poke|p2|Amoonguss, L50, M|\n|poke|p2|Gholdengo, L50|\n|poke|p2|Murkrow, L50, M|\n|teampreview|4\n|\n|t:|1729803374\n|start\n|switch|p1a: Kilowattrel|Kilowattrel, L50, F|100\/100\n|switch|p1b: Garchomp|Garchomp, L50, F|100\/100\n|switch|p2a: Gholdengo|Gholdengo, L50|100\/100\n|switch|p2b: Murkrow|Murkrow, L50, M|100\/100\n|turn|1\n|\n|t:|1729803393\n|-terastallize|p2a: Gholdengo|Steel\n|move|p1b: Garchomp|Protect|p1b: Garchomp\n|-singleturn|p1b: Garchomp|Protect\n|move|p2b: Murkrow|Tailwind|p2b: Murkrow\n|-sidestart|p2: Waffles4breakfast|move: Tailwind\n|move|p2a: Gholdengo|Make It Rain|p1b: Garchomp|[spread] p1a\n|-activate|p1b: Garchomp|move: Protect\n|-resisted|p1a: Kilowattrel\n|-damage|p1a: Kilowattrel|20\/100\n|-unboost|p2a: Gholdengo|spa|1\n|move|p1a: Kilowattrel|Tailwind|p1a: Kilowattrel\n|-sidestart|p1: 647w|move: Tailwind\n|\n|upkeep\n|turn|2\n|j| hoozayisdead\n|\n|t:|1729803406\n|move|p2b: Murkrow|Quash|p1b: Garchomp\n|-activate|p1b: Garchomp|move: Quash\n|move|p1a: Kilowattrel|Thunderbolt|p2a: Gholdengo\n|-damage|p2a: Gholdengo|54\/100\n|move|p2a: Gholdengo|Make It Rain|p1b: Garchomp|[spread] p1a,p1b\n|-resisted|p1a: Kilowattrel\n|-damage|p1a: Kilowattrel|0 fnt\n|-damage|p1b: Garchomp|32\/100\n|-unboost|p2a: Gholdengo|spa|1\n|faint|p1a: Kilowattrel\n|move|p1b: Garchomp|Stomping Tantrum|p2a: Gholdengo\n|-supereffective|p2a: Gholdengo\n|-damage|p2a: Gholdengo|0 fnt\n|faint|p2a: Gholdengo\n|\n|upkeep\n|\n|t:|1729803417\n|switch|p1a: Dondozo|Dondozo, L50, F|100\/100\n|switch|p2a: Basculegion|Basculegion, L50, M|100\/100\n|turn|3\n|\n|t:|1729803429\n|switch|p2b: Pelipper|Pelipper, L50, F|100\/100\n|-weather|RainDance|[from] ability: Drizzle|[of] p2b: Pelipper\n|move|p1b: Garchomp|Protect|p1b: Garchomp\n|-singleturn|p1b: Garchomp|Protect\n|move|p2a: Basculegion|Flip Turn|p1b: Garchomp\n|-activate|p1b: Garchomp|move: Protect\n|move|p1a: Dondozo|Yawn|p2a: Basculegion\n|-start|p2a: Basculegion|move: Yawn|[of] p1a: Dondozo\n|\n|-weather|RainDance|[upkeep]\n|upkeep\n|turn|4\n|j| Fishyyism\n|\n|t:|1729803464\n|move|p2a: Basculegion|Flip Turn|p1a: Dondozo\n|-resisted|p1a: Dondozo\n|-damage|p1a: Dondozo|81\/100\n|\n|t:|1729803466\n|switch|p2a: Murkrow|Murkrow, L50, M|100\/100|[from] Flip Turn\n|move|p1b: Garchomp|Dragon Claw|p2b: Pelipper\n|-crit|p2b: Pelipper\n|-damage|p2b: Pelipper|25\/100\n|move|p2b: Pelipper|Hurricane|p1a: Dondozo\n|-damage|p1a: Dondozo|50\/100\n|move|p1a: Dondozo|Wave Crash|p2b: Pelipper\n|-resisted|p2b: Pelipper\n|-damage|p2b: Pelipper|0 fnt\n|faint|p2b: Pelipper\n|-damage|p1a: Dondozo|46\/100|[from] Recoil\n|\n|-weather|RainDance|[upkeep]\n|-heal|p1a: Dondozo|52\/100|[from] item: Leftovers\n|-sideend|p1: 647w|move: Tailwind\n|-sideend|p2: Waffles4breakfast|move: Tailwind\n|upkeep\n|\n|t:|1729803468\n|switch|p2b: Basculegion|Basculegion, L50, M|100\/100\n|turn|5\n|\n|t:|1729803484\n|move|p2a: Murkrow|Haze|p2a: Murkrow\n|-clearallboost\n|move|p2b: Basculegion|Last Respects|p1b: Garchomp\n|-damage|p1b: Garchomp|0 fnt\n|faint|p1b: Garchomp\n|move|p1a: Dondozo|Yawn|p2b: Basculegion\n|-start|p2b: Basculegion|move: Yawn|[of] p1a: Dondozo\n|\n|-weather|RainDance|[upkeep]\n|-heal|p1a: Dondozo|58\/100|[from] item: Leftovers\n|upkeep\n|\n|t:|1729803485\n|switch|p1b: Gholdengo|Gholdengo, L50|100\/100\n|turn|6\n|\n|t:|1729803496\n|move|p1b: Gholdengo|Protect|p1b: Gholdengo\n|-singleturn|p1b: Gholdengo|Protect\n|move|p1a: Dondozo|Protect|p1a: Dondozo\n|-singleturn|p1a: Dondozo|Protect\n|move|p2a: Murkrow|Haze|p2a: Murkrow\n|-clearallboost\n|move|p2b: Basculegion|Last Respects|p1a: Dondozo\n|-activate|p1a: Dondozo|move: Protect\n|\n|-weather|RainDance|[upkeep]\n|-heal|p1a: Dondozo|64\/100|[from] item: Leftovers\n|-end|p2b: Basculegion|move: Yawn|[silent]\n|-status|p2b: Basculegion|slp\n|upkeep\n|turn|7\n|\n|t:|1729803503\n|cant|p2b: Basculegion|slp\n|move|p1b: Gholdengo|Shadow Ball|p2b: Basculegion\n|-supereffective|p2b: Basculegion\n|-damage|p2b: Basculegion|11\/100 slp\n|move|p2a: Murkrow|Foul Play|p1b: Gholdengo\n|-supereffective|p1b: Gholdengo\n|-damage|p1b: Gholdengo|73\/100\n|move|p1a: Dondozo|Wave Crash|p2b: Basculegion\n|-resisted|p2b: Basculegion\n|-damage|p2b: Basculegion|0 fnt\n|faint|p2b: Basculegion\n|-damage|p1a: Dondozo|62\/100|[from] Recoil\n|\n|-weather|none\n|-heal|p1a: Dondozo|68\/100|[from] item: Leftovers\n|upkeep\n|turn|8\n|-message|Waffles4breakfast forfeited.\n|\n|win|647w\n|raw|647w's rating: 1722 &rarr; <strong>1745<\/strong><br \/>(+23 for winning)\n|raw|Waffles4breakfast's rating: 1780 &rarr; <strong>1757<\/strong><br \/>(-23 for losing)\n|l|\u2606Waffles4breakfast\n|player|p2|\n|l| hoozayisdead\n|l|\u2606647w\n|player|p1|\n","uploadtime":1729803787,"views":13,"formatid":"gen9vgc2024regh","rating":1745,"private":0,"password":null}