{"id":"gen9vgc2024regh-2230210444","format":"[Gen 9] VGC 2024 Reg H","players":["Cellpab1","bigplan47"],"log":"|j|\u2606Cellpab1\n|j|\u2606bigplan47\n|t:|1729802945\n|gametype|doubles\n|player|p1|Cellpab1|169|1703\n|player|p2|bigplan47|leon|1686\n|teamsize|p1|6\n|teamsize|p2|6\n|gen|9\n|tier|[Gen 9] VGC 2024 Reg H\n|rated|\n|rule|Species Clause: Limit one of each Pok\u00e9mon\n|rule|Item Clause: Limit 1 of each item\n|clearpoke\n|poke|p1|Weezing-Galar, L50, M|\n|poke|p1|Toedscruel, L50, M|\n|poke|p1|Garchomp, L50, M|\n|poke|p1|Corviknight, L50, F|\n|poke|p1|Typhlosion-Hisui, L50, M|\n|poke|p1|Kilowattrel, L50, F|\n|poke|p2|Porygon2, L50|\n|poke|p2|Incineroar, L50, F|\n|poke|p2|Ursaluna, L50, F|\n|poke|p2|Amoonguss, L50, F|\n|poke|p2|Gholdengo, L50|\n|poke|p2|Primarina, L50, F|\n|teampreview|4\n|inactive|Battle timer is ON: inactive players will automatically lose when time's up. (requested by bigplan47)\n|inactive|Cellpab1 has 60 seconds left.\n|\n|t:|1729803036\n|start\n|switch|p1a: Typhlosion|Typhlosion-Hisui, L50, M|100\/100\n|switch|p1b: Kilowattrel|Kilowattrel, L50, F|100\/100\n|switch|p2a: Porygon2|Porygon2, L50, shiny|100\/100\n|switch|p2b: Incineroar|Incineroar, L50, F|100\/100\n|-ability|p2b: Incineroar|Intimidate|boost\n|-unboost|p1a: Typhlosion|atk|1\n|-unboost|p1b: Kilowattrel|atk|1\n|-ability|p1b: Kilowattrel|Competitive|boost\n|-boost|p1b: Kilowattrel|spa|2\n|-ability|p2a: Porygon2|Download|boost\n|-boost|p2a: Porygon2|atk|1\n|turn|1\n|inactive|Cellpab1 has 30 seconds left.\n|inactive|Cellpab1 has 20 seconds left.\n|inactive|Cellpab1 has 15 seconds left.\n|inactive|Cellpab1 has 10 seconds left.\n|inactive|Cellpab1 has 5 seconds left.\n|\n|t:|1729803089\n|-terastallize|p1b: Kilowattrel|Ghost\n|move|p2b: Incineroar|Fake Out|p1b: Kilowattrel\n|-immune|p1b: Kilowattrel\n|move|p1a: Typhlosion|Eruption|p2b: Incineroar|[spread] p2a,p2b\n|-resisted|p2b: Incineroar\n|-damage|p2a: Porygon2|57\/100\n|-damage|p2b: Incineroar|72\/100\n|move|p1b: Kilowattrel|Thunderbolt|p2a: Porygon2\n|-damage|p2a: Porygon2|5\/100\n|move|p2a: Porygon2|Trick Room|p2a: Porygon2\n|-fieldstart|move: Trick Room|[of] p2a: Porygon2\n|\n|upkeep\n|turn|2\n|\n|t:|1729803112\n|move|p2a: Porygon2|Ice Beam|p1b: Kilowattrel\n|-damage|p1b: Kilowattrel|52\/100\n|move|p2b: Incineroar|Knock Off|p1a: Typhlosion\n|-supereffective|p1a: Typhlosion\n|-damage|p1a: Typhlosion|0 fnt\n|-enditem|p1a: Typhlosion|Choice Scarf|[from] move: Knock Off|[of] p2b: Incineroar\n|faint|p1a: Typhlosion\n|move|p1b: Kilowattrel|Thunderbolt|p2b: Incineroar\n|-damage|p2b: Incineroar|0 fnt\n|faint|p2b: Incineroar\n|\n|upkeep\n|\n|t:|1729803127\n|switch|p2b: Primarina|Primarina, L50, F|100\/100\n|switch|p1a: Weezing|Weezing-Galar, L50, M|100\/100\n|-ability|p1a: Weezing|Neutralizing Gas\n|turn|3\n|inactive|Cellpab1 has 30 seconds left.\n|\n|t:|1729803155\n|-terastallize|p2b: Primarina|Water\n|move|p1b: Kilowattrel|Protect|p1b: Kilowattrel\n|-singleturn|p1b: Kilowattrel|Protect\n|move|p2a: Porygon2|Tera Blast|p1a: Weezing\n|-damage|p1a: Weezing|60\/100\n|move|p2b: Primarina|Moonblast|p1b: Kilowattrel\n|-activate|p1b: Kilowattrel|move: Protect\n|move|p1a: Weezing|Strange Steam|p2a: Porygon2\n|-damage|p2a: Porygon2|0 fnt\n|faint|p2a: Porygon2\n|\n|upkeep\n|\n|t:|1729803159\n|switch|p2a: Gholdengo|Gholdengo, L50|100\/100\n|turn|4\n|inactive|Cellpab1 has 30 seconds left.\n|inactive|Cellpab1 has 20 seconds left.\n|inactive|Cellpab1 has 15 seconds left.\n|\n|t:|1729803199\n|-end|p1a: Weezing|ability: Neutralizing Gas\n|switch|p1a: Garchomp|Garchomp, L50, M|100\/100\n|move|p2b: Primarina|Protect|p2b: Primarina\n|-singleturn|p2b: Primarina|Protect\n|move|p1b: Kilowattrel|Protect||[still]\n|-fail|p1b: Kilowattrel\n|move|p2a: Gholdengo|Make It Rain|p1a: Garchomp|[spread] p1a,p1b\n|-damage|p1a: Garchomp|23\/100\n|-damage|p1b: Kilowattrel|0 fnt\n|-unboost|p2a: Gholdengo|spa|1\n|faint|p1b: Kilowattrel\n|-damage|p2a: Gholdengo|91\/100|[from] item: Life Orb\n|\n|upkeep\n|\n|t:|1729803214\n|switch|p1b: Weezing|Weezing-Galar, L50, M|60\/100\n|-ability|p1b: Weezing|Neutralizing Gas\n|turn|5\n|inactive|Cellpab1 has 30 seconds left.\n|\n|t:|1729803249\n|move|p1a: Garchomp|Protect|p1a: Garchomp\n|-singleturn|p1a: Garchomp|Protect\n|move|p2b: Primarina|Moonblast|p1b: Weezing\n|-resisted|p1b: Weezing\n|-crit|p1b: Weezing\n|-damage|p1b: Weezing|5\/100\n|move|p1b: Weezing|Strange Steam|p2b: Primarina\n|-damage|p2b: Primarina|56\/100\n|move|p2a: Gholdengo|Make It Rain|p1b: Weezing|[spread] p1b\n|-activate|p1a: Garchomp|move: Protect\n|-supereffective|p1b: Weezing\n|-damage|p1b: Weezing|0 fnt\n|-unboost|p2a: Gholdengo|spa|1\n|faint|p1b: Weezing\n|-end|p1b: Weezing|ability: Neutralizing Gas\n|-damage|p2a: Gholdengo|81\/100|[from] item: Life Orb\n|\n|-fieldend|move: Trick Room\n|upkeep\n|turn|6\n|\n|t:|1729803266\n|move|p1a: Garchomp|Earthquake|p2a: Gholdengo|[spread] p2a,p2b\n|-supereffective|p2a: Gholdengo\n|-damage|p2a: Gholdengo|0 fnt\n|-damage|p2b: Primarina|0 fnt\n|faint|p2a: Gholdengo\n|faint|p2b: Primarina\n|-damage|p1a: Garchomp|13\/100|[from] item: Life Orb\n|\n|win|Cellpab1\n|raw|Cellpab1's rating: 1703 &rarr; <strong>1722<\/strong><br \/>(+19 for winning)\n|raw|bigplan47's rating: 1686 &rarr; <strong>1667<\/strong><br \/>(-19 for losing)\n|l|\u2606bigplan47\n|player|p2|\n|l|\u2606Cellpab1\n|player|p1|\n","uploadtime":1729803510,"views":15,"formatid":"gen9vgc2024regh","rating":1667,"private":0,"password":null}