{"id":"gen9vgc2024regh-2230105470","format":"[Gen 9] VGC 2024 Reg H","players":["rough Pult","juacox300"],"log":"|j|\u2606rough Pult\n|j|\u2606juacox300\n|t:|1729793331\n|gametype|doubles\n|player|p1|rough Pult|giovanni|1841\n|player|p2|juacox300|unknown|1741\n|teamsize|p1|6\n|teamsize|p2|6\n|gen|9\n|tier|[Gen 9] VGC 2024 Reg H\n|rated|\n|rule|Species Clause: Limit one of each Pok\u00e9mon\n|rule|Item Clause: Limit 1 of each item\n|clearpoke\n|poke|p1|Annihilape, L50, F|\n|poke|p1|Baxcalibur, L50, F|\n|poke|p1|Dondozo, L50, M|\n|poke|p1|Kingambit, L50, M|\n|poke|p1|Rillaboom, L50, M|\n|poke|p1|Volcarona, L50, M|\n|poke|p2|Ursaluna, L50, M|\n|poke|p2|Murkrow, L50, M|\n|poke|p2|Archaludon, L50, M|\n|poke|p2|Sneasler, L50, F|\n|poke|p2|Indeedee, L50, M|\n|poke|p2|Incineroar, L50, M|\n|teampreview|4\n|\n|t:|1729793376\n|start\n|switch|p1a: Kingambit|Kingambit, L50, M|100\/100\n|switch|p1b: Annihilape|Annihilape, L50, F|100\/100\n|switch|p2a: Tommau|Sneasler, L50, F|100\/100\n|switch|p2b: Alfred|Indeedee, L50, M, shiny|100\/100\n|-fieldstart|move: Psychic Terrain|[from] ability: Psychic Surge|[of] p2b: Alfred\n|-enditem|p2a: Tommau|Psychic Seed\n|-boost|p2a: Tommau|spd|1|[from] item: Psychic Seed\n|turn|1\n|\n|t:|1729793395\n|-terastallize|p2b: Alfred|Fighting\n|-terastallize|p1a: Kingambit|Flying\n|move|p2a: Tommau|Dire Claw|p1b: Annihilape\n|-resisted|p1b: Annihilape\n|-damage|p1b: Annihilape|73\/100\n|move|p2b: Alfred|Tera Blast|p1a: Kingambit|[anim] Tera Blast Fighting\n|-resisted|p1a: Kingambit\n|-damage|p1a: Kingambit|88\/100\n|move|p1b: Annihilape|Coaching|p1a: Kingambit\n|-boost|p1a: Kingambit|atk|1\n|-boost|p1a: Kingambit|def|1\n|move|p1a: Kingambit|Tera Blast|p2a: Tommau|[anim] Tera Blast Flying\n|-supereffective|p2a: Tommau\n|-damage|p2a: Tommau|0 fnt\n|faint|p2a: Tommau\n|\n|upkeep\n|\n|t:|1729793402\n|switch|p2a: Archaludon|Archaludon, L50, M, shiny|100\/100\n|turn|2\n|\n|t:|1729793432\n|switch|p2b: Murkrow|Murkrow, L50, M|100\/100\n|switch|p1b: Rillaboom|Rillaboom, L50, M|100\/100\n|-fieldstart|move: Grassy Terrain|[from] ability: Grassy Surge|[of] p1b: Rillaboom\n|move|p1a: Kingambit|Sucker Punch|p2a: Archaludon\n|-damage|p2a: Archaludon|57\/100\n|-ability|p2a: Archaludon|Stamina|boost\n|-boost|p2a: Archaludon|def|1\n|move|p2a: Archaludon|Electro Shot||[still]\n|-prepare|p2a: Archaludon|Electro Shot\n|-boost|p2a: Archaludon|spa|1\n|-enditem|p2a: Archaludon|Power Herb\n|-anim|p2a: Archaludon|Electro Shot|p1a: Kingambit\n|-supereffective|p1a: Kingambit\n|-damage|p1a: Kingambit|0 fnt\n|faint|p1a: Kingambit\n|\n|-heal|p2a: Archaludon|63\/100|[from] Grassy Terrain\n|upkeep\n|\n|t:|1729793463\n|switch|p1a: Baxcalibur|Baxcalibur, L50, F|100\/100\n|turn|3\n|\n|t:|1729793489\n|switch|p2b: Alfred|Indeedee, L50, M, shiny, tera:Fighting|100\/100\n|-fieldstart|move: Psychic Terrain|[from] ability: Psychic Surge|[of] p2b: Alfred\n|switch|p1b: Annihilape|Annihilape, L50, F|73\/100\n|move|p1a: Baxcalibur|Scale Shot|p2b: Alfred\n|-damage|p2b: Alfred|69\/100\n|-damage|p2b: Alfred|38\/100\n|-damage|p2b: Alfred|6\/100\n|-damage|p2b: Alfred|0 fnt\n|faint|p2b: Alfred\n|-hitcount|p2: Alfred|4\n|-unboost|p1a: Baxcalibur|def|1\n|-boost|p1a: Baxcalibur|spe|1\n|move|p2a: Archaludon|Flash Cannon|p1a: Baxcalibur\n|-supereffective|p1a: Baxcalibur\n|-damage|p1a: Baxcalibur|0 fnt\n|faint|p1a: Baxcalibur\n|\n|upkeep\n|\n|t:|1729793510\n|switch|p2b: Murkrow|Murkrow, L50, M|100\/100\n|switch|p1a: Rillaboom|Rillaboom, L50, M|100\/100\n|-fieldstart|move: Grassy Terrain|[from] ability: Grassy Surge|[of] p1a: Rillaboom\n|turn|4\n|\n|t:|1729793529\n|move|p2a: Archaludon|Protect|p2a: Archaludon\n|-singleturn|p2a: Archaludon|Protect\n|move|p1a: Rillaboom|Fake Out|p2b: Murkrow\n|-damage|p2b: Murkrow|84\/100\n|cant|p2b: Murkrow|flinch\n|move|p1b: Annihilape|Close Combat|p2a: Archaludon\n|-activate|p2a: Archaludon|move: Protect\n|\n|-heal|p1b: Annihilape|79\/100|[from] Grassy Terrain\n|-heal|p2a: Archaludon|68\/100|[from] Grassy Terrain\n|upkeep\n|turn|5\n|j| Therazer456\n|\n|t:|1729793567\n|move|p1b: Annihilape|Protect|p1b: Annihilape\n|-singleturn|p1b: Annihilape|Protect\n|move|p2b: Murkrow|Tailwind|p2b: Murkrow\n|-sidestart|p2: juacox300|move: Tailwind\n|move|p2a: Archaludon|Draco Meteor|p1b: Annihilape\n|-activate|p1b: Annihilape|move: Protect\n|move|p1a: Rillaboom|Wood Hammer|p2b: Murkrow\n|-resisted|p2b: Murkrow\n|-damage|p2b: Murkrow|21\/100\n|-damage|p1a: Rillaboom|84\/100|[from] Recoil\n|\n|-heal|p2a: Archaludon|74\/100|[from] Grassy Terrain\n|-heal|p1b: Annihilape|85\/100|[from] Grassy Terrain\n|-heal|p1a: Rillaboom|90\/100|[from] Grassy Terrain\n|upkeep\n|turn|6\n|\n|t:|1729793589\n|move|p2b: Murkrow|Rain Dance|p2b: Murkrow\n|-weather|RainDance\n|move|p1a: Rillaboom|Grassy Glide|p2b: Murkrow\n|-resisted|p2b: Murkrow\n|-damage|p2b: Murkrow|0 fnt\n|faint|p2b: Murkrow\n|move|p2a: Archaludon|Electro Shot||[still]\n|-prepare|p2a: Archaludon|Electro Shot\n|-boost|p2a: Archaludon|spa|1\n|-anim|p2a: Archaludon|Electro Shot|p1b: Annihilape\n|-damage|p1b: Annihilape|0 fnt\n|faint|p1b: Annihilape\n|\n|-weather|RainDance|[upkeep]\n|-heal|p2a: Archaludon|80\/100|[from] Grassy Terrain\n|-heal|p1a: Rillaboom|96\/100|[from] Grassy Terrain\n|upkeep\n|turn|7\n|\n|t:|1729793606\n|move|p2a: Archaludon|Flash Cannon|p1a: Rillaboom\n|-damage|p1a: Rillaboom|8\/100\n|-unboost|p1a: Rillaboom|spd|1\n|move|p1a: Rillaboom|High Horsepower|p2a: Archaludon\n|-supereffective|p2a: Archaludon\n|-damage|p2a: Archaludon|48\/100\n|-ability|p2a: Archaludon|Stamina|boost\n|-boost|p2a: Archaludon|def|1\n|\n|-weather|RainDance|[upkeep]\n|-heal|p2a: Archaludon|54\/100|[from] Grassy Terrain\n|-heal|p1a: Rillaboom|15\/100|[from] Grassy Terrain\n|upkeep\n|turn|8\n|l| Therazer456\n|-message|rough Pult forfeited.\n|\n|win|juacox300\n|raw|rough Pult's rating: 1841 &rarr; <strong>1815<\/strong><br \/>(-26 for losing)\n|raw|juacox300's rating: 1741 &rarr; <strong>1767<\/strong><br \/>(+26 for winning)\n|l|\u2606juacox300\n|player|p2|\n|l|\u2606rough Pult\n|player|p1|\n","uploadtime":1729793803,"views":47,"formatid":"gen9vgc2024regh","rating":1767,"private":0,"password":null}