{"id":"gen9vgc2024regh-2230875127","format":"[Gen 9] VGC 2024 Reg H","players":["Shikanoko32","Jarvis1"],"log":"|j|\u2606Shikanoko32\n|j|\u2606Jarvis1\n|t:|1729883706\n|gametype|doubles\n|player|p1|Shikanoko32|170|1829\n|player|p2|Jarvis1|102|1726\n|teamsize|p1|6\n|teamsize|p2|6\n|gen|9\n|tier|[Gen 9] VGC 2024 Reg H\n|rated|\n|rule|Species Clause: Limit one of each Pok\u00e9mon\n|rule|Item Clause: Limit 1 of each item\n|clearpoke\n|poke|p1|Incineroar, L50, F|\n|poke|p1|Rillaboom, L50, M|\n|poke|p1|Ninetales-Alola, L50, F|\n|poke|p1|Frosmoth, L50, F|\n|poke|p1|Maushold-Four, L50|\n|poke|p1|Annihilape, L50, F|\n|poke|p2|Incineroar, L50, F|\n|poke|p2|Rillaboom, L50, M|\n|poke|p2|Vivillon, L50, M|\n|poke|p2|Pelipper, L50, F|\n|poke|p2|Annihilape, L50, M|\n|poke|p2|Gastrodon, L50, F|\n|teampreview|4\n|j| Kpxbrothers\n|\n|t:|1729883745\n|start\n|switch|p1a: Maushold|Maushold-Four, L50|100\/100\n|switch|p1b: Annihilape|Annihilape, L50, F|100\/100\n|switch|p2a: Gastrodon|Gastrodon, L50, F|100\/100\n|switch|p2b: Vivillon|Vivillon, L50, M|100\/100\n|turn|1\n|inactive|Battle timer is ON: inactive players will automatically lose when time's up. (requested by Jarvis1)\n|\n|t:|1729883758\n|move|p2b: Vivillon|Sleep Powder|p1b: Annihilape\n|-status|p1b: Annihilape|slp|[from] move: Sleep Powder\n|move|p1a: Maushold|Taunt|p2b: Vivillon\n|-start|p2b: Vivillon|move: Taunt\n|cant|p1b: Annihilape|slp\n|move|p2a: Gastrodon|Muddy Water|p1a: Maushold|[spread] p1a,p1b\n|-damage|p1a: Maushold|68\/100\n|-damage|p1b: Annihilape|87\/100 slp\n|\n|upkeep\n|turn|2\n|\n|t:|1729883774\n|-terastallize|p2b: Vivillon|Ghost\n|move|p2b: Vivillon|Hurricane|p1b: Annihilape\n|-supereffective|p1b: Annihilape\n|-damage|p1b: Annihilape|34\/100 slp\n|-start|p1b: Annihilape|confusion\n|-enditem|p1b: Annihilape|Sitrus Berry|[eat]\n|-heal|p1b: Annihilape|58\/100 slp|[from] item: Sitrus Berry\n|move|p1a: Maushold|Beat Up|p1b: Annihilape\n|-damage|p1b: Annihilape|56\/100 slp\n|-damage|p1b: Annihilape|55\/100 slp\n|-damage|p1b: Annihilape|53\/100 slp\n|-hitcount|p1b: Annihilape|3\n|cant|p1b: Annihilape|slp\n|move|p2a: Gastrodon|Earth Power|p1a: Maushold\n|-damage|p1a: Maushold|25\/100\n|\n|upkeep\n|turn|3\n|\n|t:|1729883794\n|move|p1a: Maushold|Follow Me|p1a: Maushold\n|-singleturn|p1a: Maushold|move: Follow Me\n|move|p2b: Vivillon|Hurricane|p1a: Maushold\n|-damage|p1a: Maushold|0 fnt\n|faint|p1a: Maushold\n|-curestatus|p1b: Annihilape|slp|[msg]\n|-activate|p1b: Annihilape|confusion\n|move|p1b: Annihilape|Rage Fist|p2b: Vivillon\n|-supereffective|p2b: Vivillon\n|-enditem|p2b: Vivillon|Focus Sash\n|-damage|p2b: Vivillon|1\/100\n|move|p2a: Gastrodon|Muddy Water|p1b: Annihilape\n|-damage|p1b: Annihilape|26\/100\n|\n|upkeep\n|\n|t:|1729883812\n|switch|p1a: Ninetales|Ninetales-Alola, L50, F|100\/100\n|-weather|Snow|[from] ability: Snow Warning|[of] p1a: Ninetales\n|turn|4\n|\n|t:|1729883828\n|switch|p2b: Incineroar|Incineroar, L50, F|100\/100\n|-ability|p2b: Incineroar|Intimidate|boost\n|-unboost|p1a: Ninetales|atk|1\n|-unboost|p1b: Annihilape|atk|1\n|-ability|p1b: Annihilape|Defiant|boost\n|-boost|p1b: Annihilape|atk|2\n|move|p1a: Ninetales|Moonblast|p2b: Incineroar\n|-damage|p2b: Incineroar|76\/100\n|-unboost|p2b: Incineroar|spa|1\n|-end|p1b: Annihilape|confusion\n|move|p1b: Annihilape|Rage Fist|p2a: Gastrodon\n|-damage|p2a: Gastrodon|0 fnt\n|-damage|p1b: Annihilape|10\/100|[from] item: Rocky Helmet|[of] p2a: Gastrodon\n|faint|p2a: Gastrodon\n|\n|-weather|Snow|[upkeep]\n|upkeep\n|\n|t:|1729883845\n|switch|p2a: Vivillon|Vivillon, L50, M, tera:Ghost|1\/100\n|turn|5\n|\n|t:|1729883869\n|move|p2b: Incineroar|Fake Out|p1a: Ninetales\n|-damage|p1a: Ninetales|89\/100\n|move|p1a: Ninetales|Moonblast|p2a: Vivillon\n|-damage|p2a: Vivillon|0 fnt\n|faint|p2a: Vivillon\n|move|p1b: Annihilape|Drain Punch|p2b: Incineroar\n|-supereffective|p2b: Incineroar\n|-damage|p2b: Incineroar|0 fnt\n|-heal|p1b: Annihilape|47\/100|[from] drain|[of] p2b: Incineroar\n|faint|p2b: Incineroar\n|\n|-weather|Snow|[upkeep]\n|upkeep\n|-message|Jarvis1 forfeited.\n|\n|win|Shikanoko32\n|raw|Shikanoko32's rating: 1829 &rarr; <strong>1843<\/strong><br \/>(+14 for winning)\n|raw|Jarvis1's rating: 1726 &rarr; <strong>1712<\/strong><br \/>(-14 for losing)\n|l|\u2606Jarvis1\n|player|p2|\n|l|\u2606Shikanoko32\n|player|p1|\n|l| Kpxbrothers\n","uploadtime":1729884028,"views":19,"formatid":"gen9vgc2024regh","rating":1712,"private":0,"password":null}