{"id":"gen9vgc2024regh-2230037279","format":"[Gen 9] VGC 2024 Reg H","players":["dayron91","yung elmers glue"],"log":"|j|\u2606dayron91\n|j|\u2606yung elmers glue\n|t:|1729787528\n|gametype|doubles\n|player|p1|dayron91|dragontamer|1699\n|player|p2|yung elmers glue|juan|1738\n|teamsize|p1|6\n|teamsize|p2|6\n|gen|9\n|tier|[Gen 9] VGC 2024 Reg H\n|rated|\n|rule|Species Clause: Limit one of each Pok\u00e9mon\n|rule|Item Clause: Limit 1 of each item\n|clearpoke\n|poke|p1|Umbreon, L50, M|\n|poke|p1|Espeon, L50, M|\n|poke|p1|Indeedee, L50, M|\n|poke|p1|Pelipper, L50, M|\n|poke|p1|Archaludon, L50, F|\n|poke|p1|Amoonguss, L50, M|\n|poke|p2|Dragonite, L50, F|\n|poke|p2|Clefable, L50, F|\n|poke|p2|Dondozo, L50, F|\n|poke|p2|Annihilape, L50, F|\n|poke|p2|Kingambit, L50, M|\n|poke|p2|Tatsugiri, L50, F|\n|teampreview|4\n|inactive|Battle timer is ON: inactive players will automatically lose when time's up. (requested by yung elmers glue)\n|\n|t:|1729787589\n|start\n|switch|p1a: Pelipper|Pelipper, L50, M|100\/100\n|switch|p1b: Archaludon|Archaludon, L50, F|100\/100\n|switch|p2a: Bohemian|Dondozo, L50, F|100\/100\n|switch|p2b: Dont Stop Me Now|Annihilape, L50, F|100\/100\n|-weather|RainDance|[from] ability: Drizzle|[of] p1a: Pelipper\n|turn|1\n|\n|t:|1729787608\n|-terastallize|p2a: Bohemian|Steel\n|move|p1b: Archaludon|Protect|p1b: Archaludon\n|-singleturn|p1b: Archaludon|Protect\n|move|p2b: Dont Stop Me Now|U-turn|p1a: Pelipper\n|-resisted|p1a: Pelipper\n|-damage|p1a: Pelipper|92\/100\n|\n|t:|1729787614\n|switch|p2b: Rhapsody|Tatsugiri, L50, F|100\/100|[from] U-turn\n|-activate|p2b: Rhapsody|ability: Commander|[of] p2a: Bohemian\n|-boost|p2a: Bohemian|atk|2\n|-boost|p2a: Bohemian|spa|2\n|-boost|p2a: Bohemian|spe|2\n|-boost|p2a: Bohemian|def|2\n|-boost|p2a: Bohemian|spd|2\n|move|p2a: Bohemian|Wave Crash|p1a: Pelipper\n|-resisted|p1a: Pelipper\n|-damage|p1a: Pelipper|17\/100\n|-damage|p2a: Bohemian|82\/100|[from] Recoil\n|move|p1a: Pelipper|Hurricane|p2b: Rhapsody|[miss]\n|-miss|p1a: Pelipper|p2b: Rhapsody\n|\n|-weather|RainDance|[upkeep]\n|-heal|p2a: Bohemian|89\/100|[from] item: Leftovers\n|upkeep\n|turn|2\n|inactive|dayron91 has 30 seconds left.\n|inactive|dayron91 has 20 seconds left.\n|\n|t:|1729787654\n|move|p1a: Pelipper|Helping Hand|p1b: Archaludon\n|-singleturn|p1b: Archaludon|Helping Hand|[of] p1a: Pelipper\n|move|p2a: Bohemian|Wave Crash|p1a: Pelipper\n|-resisted|p1a: Pelipper\n|-damage|p1a: Pelipper|0 fnt\n|faint|p1a: Pelipper\n|-damage|p2a: Bohemian|85\/100|[from] Recoil\n|move|p1b: Archaludon|Electro Shot||[still]\n|-prepare|p1b: Archaludon|Electro Shot\n|-boost|p1b: Archaludon|spa|1\n|-anim|p1b: Archaludon|Electro Shot|p2a: Bohemian\n|-damage|p2a: Bohemian|45\/100\n|\n|-weather|RainDance|[upkeep]\n|-heal|p2a: Bohemian|51\/100|[from] item: Leftovers\n|upkeep\n|\n|t:|1729787675\n|switch|p1a: Amoonguss|Amoonguss, L50, M|100\/100\n|turn|3\n|\n|t:|1729787694\n|move|p2a: Bohemian|Heavy Slam|p1a: Amoonguss\n|-damage|p1a: Amoonguss|23\/100\n|-enditem|p1a: Amoonguss|Sitrus Berry|[eat]\n|-heal|p1a: Amoonguss|48\/100|[from] item: Sitrus Berry\n|move|p1b: Archaludon|Electro Shot||[still]\n|-prepare|p1b: Archaludon|Electro Shot\n|-boost|p1b: Archaludon|spa|1\n|-anim|p1b: Archaludon|Electro Shot|p2a: Bohemian\n|-damage|p2a: Bohemian|25\/100\n|move|p1a: Amoonguss|Spore|p2a: Bohemian\n|-status|p2a: Bohemian|slp|[from] move: Spore\n|\n|-weather|RainDance|[upkeep]\n|-heal|p2a: Bohemian|31\/100 slp|[from] item: Leftovers\n|upkeep\n|turn|4\n|\n|t:|1729787716\n|switch|p1a: Indeedee|Indeedee, L50, M|100\/100\n|-fieldstart|move: Psychic Terrain|[from] ability: Psychic Surge|[of] p1a: Indeedee\n|cant|p2a: Bohemian|slp\n|move|p1b: Archaludon|Electro Shot||[still]\n|-prepare|p1b: Archaludon|Electro Shot\n|-boost|p1b: Archaludon|spa|1\n|-anim|p1b: Archaludon|Electro Shot|p2a: Bohemian\n|-damage|p2a: Bohemian|7\/100 slp\n|\n|-weather|RainDance|[upkeep]\n|-heal|p2a: Bohemian|13\/100 slp|[from] item: Leftovers\n|upkeep\n|turn|5\n|inactive|dayron91 has 30 seconds left.\n|\n|t:|1729787741\n|cant|p2a: Bohemian|slp\n|move|p1b: Archaludon|Electro Shot||[still]\n|-prepare|p1b: Archaludon|Electro Shot\n|-boost|p1b: Archaludon|spa|1\n|-anim|p1b: Archaludon|Electro Shot|p2a: Bohemian\n|-damage|p2a: Bohemian|0 fnt\n|faint|p2a: Bohemian\n|move|p1a: Indeedee|Trick Room|p1a: Indeedee\n|-fieldstart|move: Trick Room|[of] p1a: Indeedee\n|\n|-weather|none\n|upkeep\n|\n|t:|1729787752\n|switch|p2a: Killer Queen|Kingambit, L50, M|100\/100\n|turn|6\n|inactive|dayron91 has 30 seconds left.\n|inactive|dayron91 has 20 seconds left.\n|inactive|dayron91 has 15 seconds left.\n|\n|t:|1729787792\n|-terastallize|p1a: Indeedee|Fighting\n|move|p2a: Killer Queen|Kowtow Cleave|p1b: Archaludon\n|-damage|p1b: Archaludon|47\/100\n|move|p1b: Archaludon|Draco Meteor|p2b: Rhapsody\n|-supereffective|p2b: Rhapsody\n|-enditem|p2b: Rhapsody|Focus Sash\n|-damage|p2b: Rhapsody|1\/100\n|-unboost|p1b: Archaludon|spa|2\n|move|p2b: Rhapsody|Draco Meteor|p1b: Archaludon\n|-damage|p1b: Archaludon|0 fnt\n|-unboost|p2b: Rhapsody|spa|2\n|faint|p1b: Archaludon\n|move|p1a: Indeedee|Tera Blast|p2a: Killer Queen|[anim] Tera Blast Fighting\n|-supereffective|p2a: Killer Queen\n|-damage|p2a: Killer Queen|0 fnt\n|faint|p2a: Killer Queen\n|\n|upkeep\n|\n|t:|1729787812\n|switch|p2a: Dont Stop Me Now|Annihilape, L50, F|100\/100\n|switch|p1b: Amoonguss|Amoonguss, L50, M|81\/100\n|turn|7\n|inactive|dayron91 has 30 seconds left.\n|\n|t:|1729787841\n|move|p2b: Rhapsody|Protect|p2b: Rhapsody\n|-singleturn|p2b: Rhapsody|Protect\n|move|p1b: Amoonguss|Spore|p2a: Dont Stop Me Now\n|-status|p2a: Dont Stop Me Now|slp|[from] move: Spore\n|move|p1a: Indeedee|Expanding Force|p2a: Dont Stop Me Now|[spread] p2a\n|-activate|p2b: Rhapsody|move: Protect\n|-supereffective|p2a: Dont Stop Me Now\n|-damage|p2a: Dont Stop Me Now|0 fnt\n|faint|p2a: Dont Stop Me Now\n|\n|upkeep\n|turn|8\n|-message|yung elmers glue forfeited.\n|\n|win|dayron91\n|raw|dayron91's rating: 1699 &rarr; <strong>1721<\/strong><br \/>(+22 for winning)\n|raw|yung elmers glue's rating: 1738 &rarr; <strong>1716<\/strong><br \/>(-22 for losing)\n|l|\u2606yung elmers glue\n|player|p2|\n|j| ultramemer1\n|l| ultramemer1\n|l|\u2606dayron91\n|player|p1|\n|j|\u2606dayron91\n|player|p1|dayron91|dragontamer|\n|l|\u2606dayron91\n|player|p1|\n","uploadtime":1729787867,"views":36,"formatid":"gen9vgc2024regh","rating":1716,"private":0,"password":null}