{"id":"gen9vgc2024regh-2230382188","format":"[Gen 9] VGC 2024 Reg H","players":["1449427094ggy","elvegis1"],"log":"|j|\u26061449427094ggy\n|j|\u2606elvegis1\n|t:|1729823146\n|gametype|doubles\n|player|p1|1449427094ggy|101|1641\n|player|p2|elvegis1|lucas|1769\n|teamsize|p1|6\n|teamsize|p2|6\n|gen|9\n|tier|[Gen 9] VGC 2024 Reg H\n|rated|\n|rule|Species Clause: Limit one of each Pok\u00e9mon\n|rule|Item Clause: Limit 1 of each item\n|clearpoke\n|poke|p1|Metagross, L50|\n|poke|p1|Ursaluna-Bloodmoon, L50, M|\n|poke|p1|Mimikyu, L50, F|\n|poke|p1|Torkoal, L50, F|\n|poke|p1|Venusaur, L50, M|\n|poke|p1|Dragapult, L50, F|\n|poke|p2|Sneasler, L50, M|\n|poke|p2|Incineroar, L50, F|\n|poke|p2|Gholdengo, L50|\n|poke|p2|Whimsicott, L50, M|\n|poke|p2|Dondozo, L50, M|\n|poke|p2|Kommo-o, L50, M|\n|teampreview|4\n|inactive|Battle timer is ON: inactive players will automatically lose when time's up. (requested by elvegis1)\n|inactive|elvegis1 has 60 seconds left.\n|\n|t:|1729823219\n|start\n|switch|p1a: Metagross|Metagross, L50|100\/100\n|switch|p1b: Mimikyu|Mimikyu, L50, F|100\/100\n|switch|p2a: Kommo-o|Kommo-o, L50, M|100\/100\n|switch|p2b: Dondozo|Dondozo, L50, M|100\/100\n|turn|1\n|inactive|1449427094ggy has 30 seconds left.\n|inactive|1449427094ggy has 20 seconds left.\n|inactive|1449427094ggy has 15 seconds left.\n|inactive|1449427094ggy has 10 seconds left.\n|\n|t:|1729823269\n|move|p2a: Kommo-o|Protect|p2a: Kommo-o\n|-singleturn|p2a: Kommo-o|Protect\n|move|p1a: Metagross|Hammer Arm|p2a: Kommo-o\n|-activate|p2a: Kommo-o|move: Protect\n|move|p2b: Dondozo|Yawn|p1a: Metagross\n|-start|p1a: Metagross|move: Yawn|[of] p2b: Dondozo\n|move|p1b: Mimikyu|Trick Room|p1b: Mimikyu\n|-fieldstart|move: Trick Room|[of] p1b: Mimikyu\n|\n|upkeep\n|turn|2\n|\n|t:|1729823288\n|switch|p2a: Incineroar|Incineroar, L50, F|100\/100\n|-ability|p2a: Incineroar|Intimidate|boost\n|-fail|p1a: Metagross|unboost|[from] ability: Clear Body|[of] p1a: Metagross\n|-unboost|p1b: Mimikyu|atk|1\n|move|p2b: Dondozo|Yawn||[still]\n|-fail|p2b: Dondozo\n|move|p1a: Metagross|Explosion|p2a: Incineroar|[spread] p2a,p2b\n|-immune|p1b: Mimikyu\n|-damage|p2a: Incineroar|9\/100\n|-damage|p2b: Dondozo|39\/100\n|-enditem|p2a: Incineroar|Sitrus Berry|[eat]\n|-heal|p2a: Incineroar|34\/100|[from] item: Sitrus Berry\n|faint|p1a: Metagross\n|move|p1b: Mimikyu|Curse|p2b: Dondozo\n|-start|p2b: Dondozo|Curse|[of] p1b: Mimikyu\n|-damage|p1b: Mimikyu|50\/100\n|\n|-heal|p2b: Dondozo|45\/100|[from] item: Leftovers\n|-damage|p2b: Dondozo|21\/100|[from] Curse\n|upkeep\n|\n|t:|1729823294\n|switch|p1a: Ursaluna|Ursaluna-Bloodmoon, L50, M|100\/100\n|turn|3\n|\n|t:|1729823317\n|-terastallize|p1a: Ursaluna|Normal\n|move|p2a: Incineroar|Fake Out|p1a: Ursaluna\n|-damage|p1a: Ursaluna|92\/100\n|move|p1a: Ursaluna|Hyper Voice|p2a: Incineroar|[spread] p2a,p2b\n|-damage|p2a: Incineroar|0 fnt\n|-damage|p2b: Dondozo|0 fnt\n|faint|p2a: Incineroar\n|faint|p2b: Dondozo\n|move|p1b: Mimikyu|Shadow Claw|p2: Incineroar|[notarget]\n|-fail|p1b: Mimikyu\n|\n|upkeep\n|\n|t:|1729823329\n|switch|p2b: Kommo-o|Kommo-o, L50, M|100\/100\n|switch|p2a: Sneasler|Sneasler, L50, M|100\/100\n|turn|4\n|inactive|elvegis1 has 30 seconds left.\n|\n|t:|1729823358\n|-terastallize|p2b: Kommo-o|Steel\n|move|p1a: Ursaluna|Hyper Voice|p2b: Kommo-o|[spread] p2a,p2b\n|-resisted|p2b: Kommo-o\n|-damage|p2a: Sneasler|34\/100\n|-damage|p2b: Kommo-o|77\/100\n|move|p1b: Mimikyu|Shadow Claw|p2a: Sneasler\n|-damage|p2a: Sneasler|0 fnt\n|faint|p2a: Sneasler\n|move|p2b: Kommo-o|Throat Chop|p1b: Mimikyu\n|-activate|p1b: Mimikyu|ability: Disguise\n|-damage|p1b: Mimikyu|50\/100\n|-start|p1b: Mimikyu|Throat Chop|[silent]\n|detailschange|p1b: Mimikyu|Mimikyu-Busted, L50, F\n|-damage|p1b: Mimikyu|38\/100|[from] pokemon: Mimikyu-Busted\n|\n|upkeep\n|turn|5\n|\n|t:|1729823370\n|move|p2b: Kommo-o|Protect|p2b: Kommo-o\n|-singleturn|p2b: Kommo-o|Protect\n|move|p1a: Ursaluna|Earth Power|p2b: Kommo-o\n|-activate|p2b: Kommo-o|move: Protect\n|move|p1b: Mimikyu|Curse|p2b: Kommo-o\n|-start|p2b: Kommo-o|Curse|[of] p1b: Mimikyu\n|-damage|p1b: Mimikyu|0 fnt\n|faint|p1b: Mimikyu\n|\n|-damage|p2b: Kommo-o|53\/100|[from] Curse\n|-fieldend|move: Trick Room\n|upkeep\n|\n|t:|1729823383\n|switch|p1b: Venusaur|Venusaur, L50, M|100\/100\n|turn|6\n|\n|t:|1729823387\n|move|p1b: Venusaur|Earth Power|p2b: Kommo-o\n|-supereffective|p2b: Kommo-o\n|-damage|p2b: Kommo-o|1\/100\n|-enditem|p2b: Kommo-o|Iapapa Berry|[eat]\n|-heal|p2b: Kommo-o|34\/100|[from] item: Iapapa Berry\n|move|p2b: Kommo-o|Body Press|p1a: Ursaluna\n|-supereffective|p1a: Ursaluna\n|-damage|p1a: Ursaluna|40\/100\n|move|p1a: Ursaluna|Earth Power|p2b: Kommo-o\n|-supereffective|p2b: Kommo-o\n|-damage|p2b: Kommo-o|0 fnt\n|faint|p2b: Kommo-o\n|\n|win|1449427094ggy\n|raw|1449427094ggy's rating: 1641 &rarr; <strong>1668<\/strong><br \/>(+27 for winning)\n|raw|elvegis1's rating: 1769 &rarr; <strong>1742<\/strong><br \/>(-27 for losing)\n|l|\u26061449427094ggy\n|player|p1|\n|l|\u2606elvegis1\n|player|p2|\n","uploadtime":1729823549,"views":27,"formatid":"gen9vgc2024regh","rating":1668,"private":0,"password":null}