{"id":"gen9vgc2024regh-2230999473","format":"[Gen 9] VGC 2024 Reg H","players":["MomeriA12","dalas91"],"log":"|j|\u2606MomeriA12\n|j|\u2606dalas91\n|t:|1729897250\n|gametype|doubles\n|player|p1|MomeriA12|102|1717\n|player|p2|dalas91|dragontamer|1761\n|teamsize|p1|6\n|teamsize|p2|6\n|gen|9\n|tier|[Gen 9] VGC 2024 Reg H\n|rated|\n|rule|Species Clause: Limit one of each Pok\u00e9mon\n|rule|Item Clause: Limit 1 of each item\n|clearpoke\n|poke|p1|Staraptor, L50, F|\n|poke|p1|Hydreigon, L50, M|\n|poke|p1|Lilligant-Hisui, L50, F|\n|poke|p1|Torkoal, L50, M|\n|poke|p1|Ursaluna, L50, F|\n|poke|p1|Farigiraf, L50, F|\n|poke|p2|Archaludon, L50, M|\n|poke|p2|Whimsicott, L50, M|\n|poke|p2|Incineroar, L50, M|\n|poke|p2|Milotic, L50, F|\n|poke|p2|Annihilape, L50, F|\n|poke|p2|Basculegion, L50, M|\n|teampreview|4\n|\n|t:|1729897327\n|start\n|switch|p1a: Lilligant|Lilligant-Hisui, L50, F|100\/100\n|switch|p1b: Torkoal|Torkoal, L50, M|100\/100\n|switch|p2a: Whimsicott|Whimsicott, L50, M|100\/100\n|switch|p2b: Annihilape|Annihilape, L50, F|100\/100\n|-weather|SunnyDay|[from] ability: Drought|[of] p1b: Torkoal\n|turn|1\n|\n|t:|1729897376\n|-terastallize|p2b: Annihilape|Fire\n|move|p1a: Lilligant|Sleep Powder|p2b: Annihilape\n|-status|p2b: Annihilape|slp|[from] move: Sleep Powder\n|move|p2a: Whimsicott|Beat Up|p2b: Annihilape\n|-damage|p2b: Annihilape|99\/100 slp\n|-damage|p2b: Annihilape|97\/100 slp\n|-damage|p2b: Annihilape|95\/100 slp\n|-hitcount|p2b: Annihilape|3\n|cant|p2b: Annihilape|slp\n|move|p1b: Torkoal|Eruption|p2a: Whimsicott|[spread] p2a,p2b\n|-supereffective|p2a: Whimsicott\n|-resisted|p2b: Annihilape\n|-enditem|p2a: Whimsicott|Focus Sash\n|-damage|p2a: Whimsicott|1\/100\n|-damage|p2b: Annihilape|54\/100 slp\n|\n|-weather|SunnyDay|[upkeep]\n|upkeep\n|turn|2\n|\n|t:|1729897432\n|switch|p2a: Incineroar|Incineroar, L50, M|100\/100\n|-ability|p2a: Incineroar|Intimidate|boost\n|-unboost|p1a: Lilligant|atk|1\n|-unboost|p1b: Torkoal|atk|1\n|switch|p2b: Milotic|Milotic, L50, F|100\/100\n|move|p1a: Lilligant|Close Combat|p2b: Milotic\n|-damage|p2b: Milotic|71\/100\n|-unboost|p1a: Lilligant|def|1\n|-unboost|p1a: Lilligant|spd|1\n|move|p1b: Torkoal|Eruption|p2b: Milotic|[spread] p2a,p2b\n|-resisted|p2a: Incineroar\n|-resisted|p2b: Milotic\n|-damage|p2a: Incineroar|58\/100\n|-damage|p2b: Milotic|37\/100\n|\n|-weather|SunnyDay|[upkeep]\n|-status|p2b: Milotic|brn|[from] item: Flame Orb\n|upkeep\n|turn|3\n|j| The_Beast1440\n|\n|t:|1729897491\n|switch|p2a: Annihilape|Annihilape, L50, F, tera:Fire|54\/100 slp\n|switch|p1b: Farigiraf|Farigiraf, L50, F|100\/100\n|move|p1a: Lilligant|Close Combat|p2a: Annihilape\n|-crit|p2a: Annihilape\n|-damage|p2a: Annihilape|0 fnt\n|-unboost|p1a: Lilligant|def|1\n|-unboost|p1a: Lilligant|spd|1\n|faint|p2a: Annihilape\n|move|p2b: Milotic|Life Dew|p2b: Milotic\n|-heal|p2b: Milotic|62\/100 brn\n|\n|-weather|SunnyDay|[upkeep]\n|-damage|p2b: Milotic|56\/100 brn|[from] brn\n|upkeep\n|\n|t:|1729897508\n|switch|p2a: Incineroar|Incineroar, L50, M|58\/100\n|-ability|p2a: Incineroar|Intimidate|boost\n|-unboost|p1a: Lilligant|atk|1\n|-unboost|p1b: Farigiraf|atk|1\n|turn|4\n|\n|t:|1729897566\n|switch|p1a: Torkoal|Torkoal, L50, M|100\/100\n|move|p2b: Milotic|Life Dew|p2b: Milotic|[spread] p2a,p2b\n|-heal|p2a: Incineroar|83\/100\n|-heal|p2b: Milotic|81\/100 brn\n|move|p2a: Incineroar|Taunt|p1b: Farigiraf\n|-start|p1b: Farigiraf|move: Taunt\n|move|p1b: Farigiraf|Psychic Noise|p2b: Milotic\n|-damage|p2b: Milotic|59\/100 brn\n|-start|p2b: Milotic|move: Heal Block\n|\n|-weather|SunnyDay|[upkeep]\n|-damage|p2b: Milotic|53\/100 brn|[from] brn\n|upkeep\n|turn|5\n|j| plplk\n|\n|t:|1729897601\n|switch|p1b: Lilligant|Lilligant-Hisui, L50, F|100\/100\n|move|p2b: Milotic|Muddy Water|p1b: Lilligant|[spread] p1a,p1b\n|-supereffective|p1a: Torkoal\n|-resisted|p1b: Lilligant\n|-damage|p1a: Torkoal|69\/100\n|-damage|p1b: Lilligant|92\/100\n|-unboost|p1a: Torkoal|accuracy|1\n|move|p2a: Incineroar|Knock Off|p1a: Torkoal\n|-damage|p1a: Torkoal|36\/100\n|-enditem|p1a: Torkoal|Charcoal|[from] move: Knock Off|[of] p2a: Incineroar\n|move|p1a: Torkoal|Flamethrower|p2a: Incineroar\n|-resisted|p2a: Incineroar\n|-damage|p2a: Incineroar|54\/100\n|\n|-weather|none\n|-damage|p2b: Milotic|47\/100 brn|[from] brn\n|-end|p2b: Milotic|move: Heal Block\n|upkeep\n|turn|6\n|\n|t:|1729897626\n|switch|p2a: Whimsicott|Whimsicott, L50, M|1\/100\n|switch|p1a: Farigiraf|Farigiraf, L50, F|100\/100\n|move|p1b: Lilligant|Close Combat|p2a: Whimsicott\n|-resisted|p2a: Whimsicott\n|-damage|p2a: Whimsicott|0 fnt\n|-unboost|p1b: Lilligant|def|1\n|-unboost|p1b: Lilligant|spd|1\n|faint|p2a: Whimsicott\n|move|p2b: Milotic|Alluring Voice|p1b: Lilligant\n|-supereffective|p1b: Lilligant\n|-damage|p1b: Lilligant|9\/100\n|\n|-damage|p2b: Milotic|41\/100 brn|[from] brn\n|upkeep\n|\n|t:|1729897642\n|switch|p2a: Incineroar|Incineroar, L50, M|54\/100\n|-ability|p2a: Incineroar|Intimidate|boost\n|-unboost|p1a: Farigiraf|atk|1\n|-unboost|p1b: Lilligant|atk|1\n|turn|7\n|\n|t:|1729897662\n|switch|p1b: Ursaluna|Ursaluna, L50, F|100\/100\n|move|p2b: Milotic|Muddy Water|p1a: Farigiraf|[spread] p1b\n|-miss|p2b: Milotic|p1a: Farigiraf\n|-supereffective|p1b: Ursaluna\n|-damage|p1b: Ursaluna|59\/100\n|-unboost|p1b: Ursaluna|accuracy|1\n|move|p2a: Incineroar|Knock Off|p1a: Farigiraf\n|-supereffective|p1a: Farigiraf\n|-damage|p1a: Farigiraf|17\/100\n|-enditem|p1a: Farigiraf|Sitrus Berry|[from] move: Knock Off|[of] p2a: Incineroar\n|move|p1a: Farigiraf|Trick Room|p1a: Farigiraf\n|-fieldstart|move: Trick Room|[of] p1a: Farigiraf\n|\n|-damage|p2b: Milotic|36\/100 brn|[from] brn\n|-status|p1b: Ursaluna|brn|[from] item: Flame Orb\n|upkeep\n|turn|8\n|\n|t:|1729897688\n|switch|p1b: Torkoal|Torkoal, L50, M|36\/100\n|-weather|SunnyDay|[from] ability: Drought|[of] p1b: Torkoal\n|move|p1a: Farigiraf|Protect|p1a: Farigiraf\n|-singleturn|p1a: Farigiraf|Protect\n|move|p2a: Incineroar|Knock Off|p1b: Torkoal\n|-damage|p1b: Torkoal|12\/100\n|move|p2b: Milotic|Muddy Water|p1a: Farigiraf|[spread] p1b\n|-activate|p1a: Farigiraf|move: Protect\n|-supereffective|p1b: Torkoal\n|-damage|p1b: Torkoal|0 fnt\n|faint|p1b: Torkoal\n|\n|-weather|SunnyDay|[upkeep]\n|-damage|p2b: Milotic|30\/100 brn|[from] brn\n|upkeep\n|\n|t:|1729897702\n|switch|p1b: Ursaluna|Ursaluna, L50, F|59\/100 brn\n|turn|9\n|\n|t:|1729897716\n|move|p1b: Ursaluna|Earthquake|p2b: Milotic|[spread] p1a,p2a,p2b\n|-supereffective|p2a: Incineroar\n|-damage|p1a: Farigiraf|0 fnt\n|-damage|p2a: Incineroar|0 fnt\n|-damage|p2b: Milotic|0 fnt\n|faint|p1a: Farigiraf\n|faint|p2a: Incineroar\n|faint|p2b: Milotic\n|\n|win|MomeriA12\n|raw|MomeriA12's rating: 1717 &rarr; <strong>1740<\/strong><br \/>(+23 for winning)\n|raw|dalas91's rating: 1761 &rarr; <strong>1738<\/strong><br \/>(-23 for losing)\n|l| plplk\n|l|\u2606dalas91\n|player|p2|\n|l| The_Beast1440\n|l|\u2606MomeriA12\n|player|p1|\n","uploadtime":1729897983,"views":20,"formatid":"gen9vgc2024regh","rating":1738,"private":0,"password":null}