{"id":"gen9vgc2024regh-2230935907","format":"[Gen 9] VGC 2024 Reg H","players":["13dobe","0rion1798"],"log":"|j|\u260613dobe\n|j|\u26060rion1798\n|t:|1729889861\n|gametype|doubles\n|player|p1|13dobe|101|1645\n|player|p2|0rion1798|clair|1686\n|teamsize|p1|6\n|teamsize|p2|6\n|gen|9\n|tier|[Gen 9] VGC 2024 Reg H\n|rated|\n|rule|Species Clause: Limit one of each Pok\u00e9mon\n|rule|Item Clause: Limit 1 of each item\n|clearpoke\n|poke|p1|Weezing-Galar, L50, F|\n|poke|p1|Porygon2, L50|\n|poke|p1|Indeedee-F, L50, F|\n|poke|p1|Reuniclus, L50, F|\n|poke|p1|Ursaluna, L50, M|\n|poke|p1|Incineroar, L50, F|\n|poke|p2|Sneasler, L50, M|\n|poke|p2|Baxcalibur, L50, F|\n|poke|p2|Volcarona, L50, M|\n|poke|p2|Rillaboom, L50, F|\n|poke|p2|Dondozo, L50, F|\n|poke|p2|Kingambit, L50, M|\n|teampreview|4\n|inactive|Battle timer is ON: inactive players will automatically lose when time's up. (requested by 13dobe)\n|j| Fallastest\n|inactive|0rion1798 has 60 seconds left.\n|\n|t:|1729889904\n|start\n|switch|p1a: Weezing|Weezing-Galar, L50, F|100\/100\n|switch|p1b: Incineroar|Incineroar, L50, F|100\/100\n|switch|p2a: Sneasler|Sneasler, L50, M|100\/100\n|switch|p2b: Baxcalibur|Baxcalibur, L50, F|100\/100\n|-ability|p1a: Weezing|Neutralizing Gas\n|-block|p1b: Incineroar|item: Ability Shield\n|-ability|p1b: Incineroar|Intimidate|boost\n|-unboost|p2a: Sneasler|atk|1\n|-unboost|p2b: Baxcalibur|atk|1\n|turn|1\n|j| Danny Level WTP\n|\n|t:|1729889920\n|move|p2b: Baxcalibur|Protect|p2b: Baxcalibur\n|-singleturn|p2b: Baxcalibur|Protect\n|move|p2a: Sneasler|Coaching|p2b: Baxcalibur\n|-boost|p2b: Baxcalibur|atk|1\n|-boost|p2b: Baxcalibur|def|1\n|move|p1b: Incineroar|Parting Shot|p2a: Sneasler\n|-unboost|p2a: Sneasler|atk|1\n|-unboost|p2a: Sneasler|spa|1\n|\n|t:|1729889926\n|switch|p1b: Porygon2|Porygon2, L50|100\/100|[from] Parting Shot\n|move|p1a: Weezing|Dazzling Gleam|p2b: Baxcalibur|[spread] p2a\n|-activate|p2b: Baxcalibur|move: Protect\n|-damage|p2a: Sneasler|52\/100\n|\n|upkeep\n|turn|2\n|j| mr pogostick\n|\n|t:|1729889951\n|-terastallize|p2b: Baxcalibur|Ghost\n|move|p2a: Sneasler|Coaching|p2b: Baxcalibur\n|-boost|p2b: Baxcalibur|atk|1\n|-boost|p2b: Baxcalibur|def|1\n|move|p2b: Baxcalibur|Icicle Spear|p1b: Porygon2\n|-damage|p1b: Porygon2|86\/100\n|-damage|p1b: Porygon2|72\/100\n|-damage|p1b: Porygon2|58\/100\n|-damage|p1b: Porygon2|44\/100\n|-damage|p1b: Porygon2|30\/100\n|-hitcount|p1b: Porygon2|5\n|move|p1a: Weezing|Dazzling Gleam|p2a: Sneasler|[spread] p2a,p2b\n|-damage|p2a: Sneasler|0 fnt\n|-damage|p2b: Baxcalibur|62\/100\n|faint|p2a: Sneasler\n|move|p1b: Porygon2|Trick Room|p1b: Porygon2\n|-fieldstart|move: Trick Room|[of] p1b: Porygon2\n|\n|upkeep\n|\n|t:|1729889962\n|switch|p2a: Dondozo|Dondozo, L50, F|100\/100\n|turn|3\n|c|\u260613dobe|Dang bax ateeee\n|c|\u260613dobe|Is that avM\n|c|\u260613dobe|No it's dice, that's crazy bulk lol\n|inactive|13dobe has 30 seconds left.\n|inactive|0rion1798 has 30 seconds left.\n|inactive|0rion1798 has 20 seconds left.\n|\n|t:|1729890001\n|-terastallize|p1a: Weezing|Fairy\n|move|p2b: Baxcalibur|Protect|p2b: Baxcalibur\n|-singleturn|p2b: Baxcalibur|Protect\n|move|p2a: Dondozo|Yawn|p1a: Weezing\n|-start|p1a: Weezing|move: Yawn|[of] p2a: Dondozo\n|move|p1a: Weezing|Dazzling Gleam|p2b: Baxcalibur|[spread] p2a\n|-activate|p2b: Baxcalibur|move: Protect\n|-damage|p2a: Dondozo|58\/100\n|move|p1b: Porygon2|Recover|p1b: Porygon2\n|-heal|p1b: Porygon2|80\/100\n|\n|-heal|p2a: Dondozo|64\/100|[from] item: Leftovers\n|upkeep\n|turn|4\n|inactive|0rion1798 has 30 seconds left.\n|\n|t:|1729890032\n|move|p2a: Dondozo|Fissure|p1a: Weezing|[miss]\n|-miss|p2a: Dondozo|p1a: Weezing\n|move|p1b: Porygon2|Ice Beam|p2b: Baxcalibur\n|-damage|p2b: Baxcalibur|40\/100\n|move|p1a: Weezing|Dazzling Gleam|p2b: Baxcalibur|[spread] p2a,p2b\n|-damage|p2a: Dondozo|24\/100\n|-damage|p2b: Baxcalibur|0 fnt\n|faint|p2b: Baxcalibur\n|\n|-heal|p2a: Dondozo|30\/100|[from] item: Leftovers\n|-end|p1a: Weezing|move: Yawn|[silent]\n|-status|p1a: Weezing|slp\n|upkeep\n|\n|t:|1729890037\n|switch|p2b: Rillaboom|Rillaboom, L50, F|100\/100\n|turn|5\n|l| Fallastest\n|\n|t:|1729890055\n|switch|p1b: Incineroar|Incineroar, L50, F|100\/100\n|-ability|p1b: Incineroar|Intimidate|boost\n|-unboost|p2a: Dondozo|atk|1\n|-unboost|p2b: Rillaboom|atk|1\n|move|p2a: Dondozo|Protect|p2a: Dondozo\n|-singleturn|p2a: Dondozo|Protect\n|cant|p1a: Weezing|slp\n|move|p2b: Rillaboom|Wood Hammer|p1b: Incineroar\n|-resisted|p1b: Incineroar\n|-damage|p1b: Incineroar|81\/100\n|-damage|p2b: Rillaboom|94\/100|[from] Recoil\n|\n|-heal|p2a: Dondozo|36\/100|[from] item: Leftovers\n|upkeep\n|turn|6\n|\n|t:|1729890070\n|move|p1b: Incineroar|Fake Out|p2a: Dondozo\n|-damage|p2a: Dondozo|29\/100\n|cant|p2a: Dondozo|flinch\n|cant|p1a: Weezing|slp\n|move|p2b: Rillaboom|Wood Hammer|p1a: Weezing\n|-damage|p1a: Weezing|60\/100 slp\n|-damage|p2b: Rillaboom|82\/100|[from] Recoil\n|\n|-heal|p2a: Dondozo|35\/100|[from] item: Leftovers\n|-fieldend|move: Trick Room\n|upkeep\n|turn|7\n|c|\u260613dobe|Wake up\n|c|\u26060rion1798|36hp\/252+\/60spdef\/156spe\n|inactive|0rion1798 has 30 seconds left.\n|l| Danny Level WTP\n|c|\u260613dobe|What\n|inactive|0rion1798 has 20 seconds left.\n|inactive|0rion1798 has 15 seconds left.\n|\n|t:|1729890114\n|move|p2a: Dondozo|Protect|p2a: Dondozo\n|-singleturn|p2a: Dondozo|Protect\n|move|p2b: Rillaboom|Wood Hammer|p1a: Weezing\n|-damage|p1a: Weezing|19\/100 slp\n|-damage|p2b: Rillaboom|70\/100|[from] Recoil\n|move|p1b: Incineroar|Flare Blitz|p2b: Rillaboom\n|-supereffective|p2b: Rillaboom\n|-damage|p2b: Rillaboom|0 fnt\n|faint|p2b: Rillaboom\n|-damage|p1b: Incineroar|59\/100|[from] Recoil\n|-curestatus|p1a: Weezing|slp|[msg]\n|move|p1a: Weezing|Dazzling Gleam|p2a: Dondozo\n|-activate|p2a: Dondozo|move: Protect\n|\n|-heal|p2a: Dondozo|41\/100|[from] item: Leftovers\n|upkeep\n|turn|8\n|c|\u26060rion1798|bax spread\n|c|\u260613dobe|Ahh\n|-message|0rion1798 forfeited.\n|\n|win|13dobe\n|raw|13dobe's rating: 1645 &rarr; <strong>1667<\/strong><br \/>(+22 for winning)\n|raw|0rion1798's rating: 1686 &rarr; <strong>1664<\/strong><br \/>(-22 for losing)\n|l|\u26060rion1798\n|player|p2|\n|l|\u260613dobe\n|player|p1|\n|l| mr pogostick\n","uploadtime":1729890308,"views":13,"formatid":"gen9vgc2024regh","rating":1664,"private":0,"password":null}