{"id":"gen9vgc2024regh-2230389376","format":"[Gen 9] VGC 2024 Reg H","players":["1449427094ggy","caZISA"],"log":"|j|\u26061449427094ggy\n|j|\u2606caZISA\n|t:|1729824106\n|gametype|doubles\n|player|p1|1449427094ggy|101|1683\n|player|p2|caZISA|red|1751\n|teamsize|p1|6\n|teamsize|p2|6\n|gen|9\n|tier|[Gen 9] VGC 2024 Reg H\n|rated|\n|rule|Species Clause: Limit one of each Pok\u00e9mon\n|rule|Item Clause: Limit 1 of each item\n|clearpoke\n|poke|p1|Metagross, L50|\n|poke|p1|Ursaluna-Bloodmoon, L50, M|\n|poke|p1|Mimikyu, L50, M|\n|poke|p1|Torkoal, L50, M|\n|poke|p1|Venusaur, L50, M|\n|poke|p1|Dragapult, L50, M|\n|poke|p2|Ursaluna, L50, F|\n|poke|p2|Amoonguss, L50, F|\n|poke|p2|Torkoal, L50, F|\n|poke|p2|Gholdengo, L50|\n|poke|p2|Flamigo, L50, F|\n|poke|p2|Porygon2, L50|\n|teampreview|4\n|j| zacattack110\n|\n|t:|1729824151\n|start\n|switch|p1a: Dragapult|Dragapult, L50, M, shiny|100\/100\n|switch|p1b: Venusaur|Venusaur, L50, M|100\/100\n|switch|p2a: Flamigo|Flamigo, L50, F|100\/100\n|switch|p2b: Gholdengo|Gholdengo, L50|100\/100\n|turn|1\n|\n|t:|1729824165\n|switch|p2a: sporini|Amoonguss, L50, F|100\/100\n|move|p2b: Gholdengo|Protect|p2b: Gholdengo\n|-singleturn|p2b: Gholdengo|Protect\n|move|p1a: Dragapult|U-turn|p2b: Gholdengo\n|-activate|p2b: Gholdengo|move: Protect\n|move|p1b: Venusaur|Weather Ball|p2b: Gholdengo\n|-activate|p2b: Gholdengo|move: Protect\n|\n|upkeep\n|turn|2\n|\n|t:|1729824181\n|-terastallize|p2b: Gholdengo|Dragon\n|move|p1a: Dragapult|U-turn|p2a: sporini\n|-damage|p2a: sporini|68\/100\n|-damage|p1a: Dragapult|84\/100|[from] item: Rocky Helmet|[of] p2a: sporini\n|inactive|Battle timer is ON: inactive players will automatically lose when time's up. (requested by caZISA)\n|\n|t:|1729824184\n|switch|p1a: Torkoal|Torkoal, L50, M|100\/100|[from] U-turn\n|-weather|SunnyDay|[from] ability: Drought|[of] p1a: Torkoal\n|move|p1b: Venusaur|Weather Ball|p2a: sporini\n|-supereffective|p2a: sporini\n|-damage|p2a: sporini|0 fnt\n|faint|p2a: sporini\n|move|p2b: Gholdengo|Shadow Ball|p1a: Torkoal\n|-damage|p1a: Torkoal|32\/100\n|-unboost|p1a: Torkoal|spd|1\n|-damage|p2b: Gholdengo|91\/100|[from] item: Life Orb\n|\n|-weather|SunnyDay|[upkeep]\n|upkeep\n|\n|t:|1729824201\n|switch|p2a: Flamigo|Flamigo, L50, F|100\/100\n|turn|3\n|inactive|1449427094ggy has 30 seconds left.\n|inactive|1449427094ggy has 20 seconds left.\n|inactive|1449427094ggy has 15 seconds left.\n|inactive|1449427094ggy has 10 seconds left.\n|\n|t:|1729824246\n|switch|p2a: Torkoal|Torkoal, L50, F|100\/100\n|move|p2b: Gholdengo|Protect|p2b: Gholdengo\n|-singleturn|p2b: Gholdengo|Protect\n|move|p1b: Venusaur|Sludge Bomb|p2a: Torkoal\n|-damage|p2a: Torkoal|37\/100\n|move|p1a: Torkoal|Weather Ball|p2a: Torkoal\n|-resisted|p2a: Torkoal\n|-damage|p2a: Torkoal|0 fnt\n|faint|p2a: Torkoal\n|\n|-weather|SunnyDay|[upkeep]\n|upkeep\n|\n|t:|1729824255\n|switch|p2a: Flamigo|Flamigo, L50, F|100\/100\n|turn|4\n|\n|t:|1729824262\n|move|p2a: Flamigo|Protect|p2a: Flamigo\n|-singleturn|p2a: Flamigo|Protect\n|move|p1b: Venusaur|Sludge Bomb|p2a: Flamigo\n|-activate|p2a: Flamigo|move: Protect\n|move|p2b: Gholdengo|Make It Rain|p1b: Venusaur|[spread] p1a,p1b\n|-resisted|p1a: Torkoal\n|-damage|p1a: Torkoal|0 fnt\n|-damage|p1b: Venusaur|33\/100\n|-unboost|p2b: Gholdengo|spa|1\n|faint|p1a: Torkoal\n|-damage|p2b: Gholdengo|81\/100|[from] item: Life Orb\n|\n|-weather|SunnyDay|[upkeep]\n|upkeep\n|\n|t:|1729824265\n|switch|p1a: Dragapult|Dragapult, L50, M, shiny|84\/100\n|turn|5\n|\n|t:|1729824273\n|-terastallize|p1a: Dragapult|Dragon\n|move|p2b: Gholdengo|Protect|p2b: Gholdengo\n|-singleturn|p2b: Gholdengo|Protect\n|move|p1b: Venusaur|Sludge Bomb|p2a: Flamigo\n|-damage|p2a: Flamigo|37\/100\n|move|p1a: Dragapult|Dragon Darts|p2a: Flamigo\n|-damage|p2a: Flamigo|0 fnt\n|faint|p2a: Flamigo\n|\n|-weather|SunnyDay|[upkeep]\n|upkeep\n|turn|6\n|-message|caZISA forfeited.\n|\n|win|1449427094ggy\n|raw|1449427094ggy's rating: 1683 &rarr; <strong>1707<\/strong><br \/>(+24 for winning)\n|raw|caZISA's rating: 1751 &rarr; <strong>1727<\/strong><br \/>(-24 for losing)\n|l|\u2606caZISA\n|player|p2|\n|l|\u26061449427094ggy\n|player|p1|\n|l| zacattack110\n","uploadtime":1729824544,"views":14,"formatid":"gen9vgc2024regh","rating":1707,"private":0,"password":null}