{"id":"gen9vgc2024regh-2230575676","format":"[Gen 9] VGC 2024 Reg H","players":["lee_thouder","Riemann0917"],"log":"|j|\u2606lee_thouder\n|j|\u2606Riemann0917\n|t:|1729854262\n|gametype|doubles\n|player|p1|lee_thouder|2|1683\n|player|p2|Riemann0917|unknown|1781\n|teamsize|p1|6\n|teamsize|p2|6\n|gen|9\n|tier|[Gen 9] VGC 2024 Reg H\n|rated|\n|rule|Species Clause: Limit one of each Pok\u00e9mon\n|rule|Item Clause: Limit 1 of each item\n|clearpoke\n|poke|p1|Archaludon, L50, F|\n|poke|p1|Glimmora, L50, F|\n|poke|p1|Weezing, L50, F|\n|poke|p1|Slaking, L50, M|\n|poke|p1|Annihilape, L50, F|\n|poke|p1|Maushold-Four, L50|\n|poke|p2|Gardevoir, L50, F|\n|poke|p2|Maushold-Four, L50|\n|poke|p2|Kingambit, L50, M|\n|poke|p2|Archaludon, L50, M|\n|poke|p2|Pelipper, L50, F|\n|poke|p2|Annihilape, L50, M|\n|teampreview|4\n|inactive|Battle timer is ON: inactive players will automatically lose when time's up. (requested by Riemann0917)\n|inactive|Riemann0917 has 60 seconds left.\n|l|\u2606lee_thouder\n|inactive|lee_thouder disconnected and has a minute to reconnect!\n|player|p1|\n|j|\u2606lee_thouder\n|inactive|lee_thouder reconnected.\n|player|p1|lee_thouder|2|\n|\n|t:|1729854341\n|start\n|switch|p1a: Annihilape|Annihilape, L50, F, shiny|100\/100\n|switch|p1b: Maushold|Maushold-Four, L50, shiny|100\/100\n|switch|p2a: Maushold|Maushold-Four, L50|100\/100\n|switch|p2b: Archaludon|Archaludon, L50, M|100\/100\n|turn|1\n|inactive|Riemann0917 has 30 seconds left.\n|\n|t:|1729854367\n|move|p1b: Maushold|Follow Me|p1b: Maushold\n|-singleturn|p1b: Maushold|move: Follow Me\n|move|p2a: Maushold|Population Bomb|p1b: Maushold\n|-damage|p1b: Maushold|88\/100\n|-damage|p1b: Maushold|75\/100\n|-damage|p1b: Maushold|61\/100\n|-damage|p1b: Maushold|47\/100\n|-damage|p1b: Maushold|34\/100\n|-damage|p1b: Maushold|20\/100\n|-damage|p1b: Maushold|7\/100\n|-damage|p1b: Maushold|0 fnt\n|faint|p1b: Maushold\n|-hitcount|p1: Maushold|8\n|move|p2b: Archaludon|Body Press|p1a: Annihilape\n|-immune|p1a: Annihilape\n|move|p1a: Annihilape|Bulk Up|p1a: Annihilape\n|-boost|p1a: Annihilape|atk|1\n|-boost|p1a: Annihilape|def|1\n|\n|upkeep\n|inactive|lee_thouder has 30 seconds left.\n|\n|t:|1729854397\n|switch|p1b: Weezing|Weezing, L50, F, shiny|100\/100\n|-ability|p1b: Weezing|Neutralizing Gas\n|turn|2\n|\n|t:|1729854407\n|move|p2a: Maushold|Encore|p1a: Annihilape\n|-start|p1a: Annihilape|Encore\n|move|p2b: Archaludon|Electro Shot||[still]\n|-prepare|p2b: Archaludon|Electro Shot\n|-boost|p2b: Archaludon|spa|1\n|move|p1a: Annihilape|Bulk Up|p1a: Annihilape\n|-boost|p1a: Annihilape|atk|1\n|-boost|p1a: Annihilape|def|1\n|move|p1b: Weezing|Will-O-Wisp|p2a: Maushold|[miss]\n|-miss|p1b: Weezing|p2a: Maushold\n|\n|upkeep\n|turn|3\n|\n|t:|1729854424\n|move|p2a: Maushold|Population Bomb|p1a: Annihilape\n|-immune|p1a: Annihilape\n|move|p2b: Archaludon|Electro Shot|p1b: Weezing|[from]lockedmove\n|-damage|p1b: Weezing|53\/100\n|move|p1a: Annihilape|Bulk Up|p1a: Annihilape\n|-boost|p1a: Annihilape|atk|1\n|-boost|p1a: Annihilape|def|1\n|move|p1b: Weezing|Taunt|p2a: Maushold\n|-start|p2a: Maushold|move: Taunt\n|\n|upkeep\n|turn|4\n|\n|t:|1729854441\n|move|p1b: Weezing|Protect|p1b: Weezing\n|-singleturn|p1b: Weezing|Protect\n|move|p2a: Maushold|Population Bomb|p1b: Weezing\n|-activate|p1b: Weezing|move: Protect\n|move|p2b: Archaludon|Flash Cannon|p1b: Weezing\n|-activate|p1b: Weezing|move: Protect\n|move|p1a: Annihilape|Bulk Up|p1a: Annihilape\n|-boost|p1a: Annihilape|atk|1\n|-boost|p1a: Annihilape|def|1\n|\n|-end|p1a: Annihilape|Encore\n|upkeep\n|turn|5\n|inactive|lee_thouder has 30 seconds left.\n|\n|t:|1729854471\n|switch|p2b: Annihilape|Annihilape, L50, M|100\/100\n|-end|p1b: Weezing|ability: Neutralizing Gas\n|switch|p1b: Slaking|Slaking, L50, M, shiny|100\/100\n|move|p2a: Maushold|Population Bomb|p1b: Slaking\n|-damage|p1b: Slaking|92\/100\n|-damage|p1b: Slaking|85\/100\n|-damage|p1b: Slaking|78\/100\n|-damage|p1b: Slaking|71\/100\n|-damage|p1b: Slaking|64\/100\n|-damage|p1b: Slaking|56\/100\n|-damage|p1b: Slaking|49\/100\n|-damage|p1b: Slaking|42\/100\n|-damage|p1b: Slaking|34\/100\n|-damage|p1b: Slaking|27\/100\n|-hitcount|p1b: Slaking|10\n|move|p1a: Annihilape|Drain Punch|p2b: Annihilape\n|-immune|p2b: Annihilape\n|\n|upkeep\n|turn|6\n|j| Therazer456\n|inactive|lee_thouder has 30 seconds left.\n|inactive|Riemann0917 has 30 seconds left.\n|inactive|lee_thouder has 20 seconds left.\n|inactive|Riemann0917 has 20 seconds left.\n|inactive|Riemann0917 has 15 seconds left.\n|inactive|Riemann0917 has 10 seconds left.\n|inactive|Riemann0917 has 5 seconds left.\n|\n|t:|1729854523\n|switch|p2a: Pelipper|Pelipper, L50, F|100\/100\n|-weather|RainDance|[from] ability: Drizzle|[of] p2a: Pelipper\n|-terastallize|p1b: Slaking|Ghost\n|move|p2b: Annihilape|Final Gambit|p1b: Slaking\n|-immune|p1b: Slaking\n|move|p1b: Slaking|Drain Punch|p2a: Pelipper\n|-resisted|p2a: Pelipper\n|-damage|p2a: Pelipper|80\/100\n|-heal|p1b: Slaking|32\/100|[from] drain|[of] p2a: Pelipper\n|move|p1a: Annihilape|Drain Punch|p2a: Pelipper\n|-resisted|p2a: Pelipper\n|-damage|p2a: Pelipper|14\/100\n|\n|-weather|RainDance|[upkeep]\n|upkeep\n|turn|7\n|inactive|lee_thouder has 30 seconds left.\n|inactive|Riemann0917 has 30 seconds left.\n|inactive|lee_thouder has 20 seconds left.\n|\n|t:|1729854558\n|switch|p2b: Maushold|Maushold-Four, L50|100\/100\n|-terastallize|p2a: Pelipper|Ghost\n|move|p2a: Pelipper|Tailwind|p2a: Pelipper\n|-sidestart|p2: Riemann0917|move: Tailwind\n|cant|p1b: Slaking|ability: Truant\n|move|p1a: Annihilape|Drain Punch|p2b: Maushold\n|-supereffective|p2b: Maushold\n|-damage|p2b: Maushold|0 fnt\n|faint|p2b: Maushold\n|\n|-weather|RainDance|[upkeep]\n|upkeep\n|\n|t:|1729854575\n|switch|p2b: Archaludon|Archaludon, L50, M|100\/100\n|turn|8\n|\n|t:|1729854582\n|move|p2a: Pelipper|Hurricane|p1a: Annihilape\n|-supereffective|p1a: Annihilape\n|-damage|p1a: Annihilape|32\/100\n|move|p2b: Archaludon|Electro Shot||[still]\n|-prepare|p2b: Archaludon|Electro Shot\n|-boost|p2b: Archaludon|spa|1\n|-anim|p2b: Archaludon|Electro Shot|p1b: Slaking\n|-crit|p1b: Slaking\n|-damage|p1b: Slaking|0 fnt\n|faint|p1b: Slaking\n|move|p1a: Annihilape|Bulk Up|p1a: Annihilape\n|-boost|p1a: Annihilape|atk|1\n|-boost|p1a: Annihilape|def|1\n|\n|-weather|RainDance|[upkeep]\n|-heal|p1a: Annihilape|38\/100|[from] item: Leftovers\n|upkeep\n|\n|t:|1729854597\n|switch|p1b: Weezing|Weezing, L50, F, shiny|53\/100\n|-ability|p1b: Weezing|Neutralizing Gas\n|turn|9\n|c|\u2606Riemann0917|GG\n|-message|lee_thouder forfeited.\n|\n|win|Riemann0917\n|raw|lee_thouder's rating: 1683 &rarr; <strong>1669<\/strong><br \/>(-14 for losing)\n|raw|Riemann0917's rating: 1793 &rarr; <strong>1807<\/strong><br \/>(+14 for winning)\n|l|\u2606lee_thouder\n|player|p1|\n|l|\u2606Riemann0917\n|player|p2|\n|l| Therazer456\n","uploadtime":1729854839,"views":15,"formatid":"gen9vgc2024regh","rating":1669,"private":0,"password":null}