{"id":"gen9vgc2024regh-2230214465","format":"[Gen 9] VGC 2024 Reg H","players":["Waffles4breakfast","Hikawari"],"log":"|j|\u2606Waffles4breakfast\n|j|\u2606Hikawari\n|t:|1729803344\n|gametype|doubles\n|player|p1|Waffles4breakfast|juggler|1758\n|player|p2|Hikawari|101|1791\n|teamsize|p1|6\n|teamsize|p2|6\n|gen|9\n|tier|[Gen 9] VGC 2024 Reg H\n|rated|\n|rule|Species Clause: Limit one of each Pok\u00e9mon\n|rule|Item Clause: Limit 1 of each item\n|clearpoke\n|poke|p1|Archaludon, L50, F|\n|poke|p1|Pelipper, L50, M|\n|poke|p1|Basculegion, L50, M|\n|poke|p1|Amoonguss, L50, M|\n|poke|p1|Gholdengo, L50|\n|poke|p1|Murkrow, L50, F|\n|poke|p2|Sneasler, L50, F|\n|poke|p2|Murkrow, L50, F|\n|poke|p2|Gholdengo, L50|\n|poke|p2|Indeedee, L50, M|\n|poke|p2|Annihilape, L50, F|\n|poke|p2|Sinistcha, L50|\n|teampreview|4\n|inactive|Battle timer is ON: inactive players will automatically lose when time's up. (requested by Hikawari)\n|\n|t:|1729803362\n|start\n|switch|p1a: Gholdengo|Gholdengo, L50|100\/100\n|switch|p1b: Murkrow|Murkrow, L50, F|100\/100\n|switch|p2a: Gholdengo|Gholdengo, L50|100\/100\n|switch|p2b: Murkrow|Murkrow, L50, F|100\/100\n|turn|1\n|\n|t:|1729803367\n|-terastallize|p1a: Gholdengo|Steel\n|-terastallize|p2a: Gholdengo|Steel\n|move|p1b: Murkrow|Tailwind|p1b: Murkrow\n|-sidestart|p1: Waffles4breakfast|move: Tailwind\n|move|p2b: Murkrow|Tailwind|p2b: Murkrow\n|-sidestart|p2: Hikawari|move: Tailwind\n|move|p1a: Gholdengo|Make It Rain|p2b: Murkrow|[spread] p2a,p2b\n|-resisted|p2a: Gholdengo\n|-damage|p2a: Gholdengo|44\/100\n|-damage|p2b: Murkrow|13\/100\n|-unboost|p1a: Gholdengo|spa|1\n|move|p2a: Gholdengo|Make It Rain|p1a: Gholdengo|[spread] p1a,p1b\n|-resisted|p1a: Gholdengo\n|-damage|p1a: Gholdengo|40\/100\n|-damage|p1b: Murkrow|6\/100\n|-unboost|p2a: Gholdengo|spa|1\n|\n|upkeep\n|turn|2\n|\n|t:|1729803384\n|move|p1b: Murkrow|Haze|p1b: Murkrow\n|-clearallboost\n|move|p1a: Gholdengo|Make It Rain|p2a: Gholdengo|[spread] p2a,p2b\n|-resisted|p2a: Gholdengo\n|-damage|p2a: Gholdengo|0 fnt\n|-damage|p2b: Murkrow|0 fnt\n|-unboost|p1a: Gholdengo|spa|1\n|faint|p2a: Gholdengo\n|faint|p2b: Murkrow\n|\n|upkeep\n|\n|t:|1729803386\n|switch|p2a: Indeedee|Indeedee, L50, M|100\/100\n|switch|p2b: Sneasler|Sneasler, L50, F, shiny|100\/100\n|-fieldstart|move: Psychic Terrain|[from] ability: Psychic Surge|[of] p2a: Indeedee\n|turn|3\n|inactive|Waffles4breakfast has 30 seconds left.\n|j| darrox123\n|inactive|Waffles4breakfast has 20 seconds left.\n|inactive|Waffles4breakfast has 15 seconds left.\n|inactive|Waffles4breakfast has 10 seconds left.\n|inactive|Waffles4breakfast has 5 seconds left.\n|j| thunder9777\n|\n|t:|1729803438\n|move|p2b: Sneasler|Throat Chop|p1a: Gholdengo\n|-damage|p1a: Gholdengo|0 fnt\n|faint|p1a: Gholdengo\n|-damage|p2b: Sneasler|91\/100|[from] item: Life Orb\n|move|p2a: Indeedee|Dazzling Gleam|p1b: Murkrow\n|-supereffective|p1b: Murkrow\n|-damage|p1b: Murkrow|0 fnt\n|faint|p1b: Murkrow\n|\n|upkeep\n|\n|t:|1729803440\n|switch|p1a: Basculegion|Basculegion, L50, M|100\/100\n|switch|p1b: Pelipper|Pelipper, L50, M|100\/100\n|-weather|RainDance|[from] ability: Drizzle|[of] p1b: Pelipper\n|turn|4\n|\n|t:|1729803450\n|move|p1b: Pelipper|Wide Guard|p1b: Pelipper\n|-singleturn|p1b: Pelipper|Wide Guard\n|move|p1a: Basculegion|Wave Crash|p2b: Sneasler\n|-damage|p2b: Sneasler|0 fnt\n|faint|p2b: Sneasler\n|-damage|p1a: Basculegion|77\/100|[from] Recoil\n|move|p2a: Indeedee|Expanding Force|p1a: Basculegion|[spread] \n|-activate|p1a: Basculegion|move: Wide Guard\n|-activate|p1b: Pelipper|move: Wide Guard\n|\n|-weather|RainDance|[upkeep]\n|-sideend|p2: Hikawari|move: Tailwind\n|-sideend|p1: Waffles4breakfast|move: Tailwind\n|upkeep\n|turn|5\n|inactive|Waffles4breakfast has 30 seconds left.\n|inactive|Waffles4breakfast has 20 seconds left.\n|\n|t:|1729803488\n|move|p1a: Basculegion|Wave Crash|p2a: Indeedee\n|-enditem|p2a: Indeedee|Focus Sash\n|-damage|p2a: Indeedee|1\/100\n|-damage|p1a: Basculegion|55\/100|[from] Recoil\n|move|p2a: Indeedee|Expanding Force|p1a: Basculegion|[spread] p1a,p1b\n|-damage|p1a: Basculegion|0 fnt\n|-enditem|p1b: Pelipper|Focus Sash\n|-damage|p1b: Pelipper|1\/100\n|faint|p1a: Basculegion\n|move|p1b: Pelipper|Weather Ball|p2a: Indeedee\n|-damage|p2a: Indeedee|0 fnt\n|faint|p2a: Indeedee\n|\n|win|Waffles4breakfast\n|raw|Waffles4breakfast's rating: 1758 &rarr; <strong>1780<\/strong><br \/>(+22 for winning)\n|raw|Hikawari's rating: 1791 &rarr; <strong>1769<\/strong><br \/>(-22 for losing)\n|l|\u2606Hikawari\n|player|p2|\n|l|\u2606Waffles4breakfast\n|player|p1|\n|l| darrox123\n","uploadtime":1729803648,"views":34,"formatid":"gen9vgc2024regh","rating":1769,"private":0,"password":null}