{"id":"gen9vgc2024regh-2230733403","format":"[Gen 9] VGC 2024 Reg H","players":["thacrow","647w"],"log":"|j|\u2606thacrow\n|j|\u2606647w\n|t:|1729870807\n|gametype|doubles\n|player|p1|thacrow|wallace-masters|1643\n|player|p2|647w|lucas-gen4pt|1737\n|teamsize|p1|6\n|teamsize|p2|6\n|gen|9\n|tier|[Gen 9] VGC 2024 Reg H\n|rated|\n|rule|Species Clause: Limit one of each Pok\u00e9mon\n|rule|Item Clause: Limit 1 of each item\n|clearpoke\n|poke|p1|Ceruledge, L50, F|\n|poke|p1|Gastrodon-East, L50, M|\n|poke|p1|Sneasler, L50, M|\n|poke|p1|Dragonite, L50, M|\n|poke|p1|Rillaboom, L50, M|\n|poke|p1|Kingambit, L50, M|\n|poke|p2|Kilowattrel, L50, M|\n|poke|p2|Garchomp, L50, F|\n|poke|p2|Gholdengo, L50|\n|poke|p2|Incineroar, L50, M|\n|poke|p2|Rillaboom, L50, M|\n|poke|p2|Dondozo, L50, F|\n|teampreview|4\n647w has agreed to open team sheets.\n|\n|t:|1729870855\n|start\n|switch|p1a: Sneasler|Sneasler, L50, M, shiny|100\/100\n|switch|p1b: Kingambit|Kingambit, L50, M|100\/100\n|switch|p2a: Kilowattrel|Kilowattrel, L50, M|100\/100\n|switch|p2b: Garchomp|Garchomp, L50, F|100\/100\n|turn|1\n|\n|t:|1729870875\n|-terastallize|p1b: Kingambit|Flying\n|move|p1a: Sneasler|Fake Out|p2a: Kilowattrel\n|-damage|p2a: Kilowattrel|73\/100\n|cant|p2a: Kilowattrel|flinch\n|move|p2b: Garchomp|Stomping Tantrum|p1a: Sneasler\n|-supereffective|p1a: Sneasler\n|-enditem|p1a: Sneasler|Focus Sash\n|-damage|p1a: Sneasler|1\/100\n|move|p1b: Kingambit|Kowtow Cleave|p2a: Kilowattrel\n|-damage|p2a: Kilowattrel|0 fnt\n|faint|p2a: Kilowattrel\n|\n|upkeep\n|\n|t:|1729870883\n|switch|p2a: Dondozo|Dondozo, L50, F|100\/100\n|turn|2\n|j| plastic tongs\n|\n|t:|1729870892\n|move|p1a: Sneasler|Coaching|p1b: Kingambit\n|-boost|p1b: Kingambit|atk|1\n|-boost|p1b: Kingambit|def|1\n|move|p2b: Garchomp|Swords Dance|p2b: Garchomp\n|-boost|p2b: Garchomp|atk|2\n|move|p1b: Kingambit|Kowtow Cleave|p2b: Garchomp\n|-damage|p2b: Garchomp|29\/100\n|-damage|p1b: Kingambit|88\/100|[from] ability: Rough Skin|[of] p2b: Garchomp\n|move|p2a: Dondozo|Yawn|p1b: Kingambit\n|-start|p1b: Kingambit|move: Yawn|[of] p2a: Dondozo\n|\n|upkeep\n|turn|3\n|\n|t:|1729870899\n|switch|p1b: Joe Dog|Gastrodon-East, L50, M|100\/100\n|move|p2b: Garchomp|Protect|p2b: Garchomp\n|-singleturn|p2b: Garchomp|Protect\n|move|p1a: Sneasler|Close Combat|p2b: Garchomp\n|-activate|p2b: Garchomp|move: Protect\n|move|p2a: Dondozo|Wave Crash|p1b: Joe Dog\n|-activate|p1b: Joe Dog|ability: Storm Drain\n|-ability|p1b: Joe Dog|Storm Drain|boost\n|-boost|p1b: Joe Dog|spa|1\n|\n|upkeep\n|turn|4\n|\n|t:|1729870912\n|switch|p2b: Incineroar|Incineroar, L50, M|100\/100\n|-ability|p2b: Incineroar|Intimidate|boost\n|-unboost|p1a: Sneasler|atk|1\n|-unboost|p1b: Joe Dog|atk|1\n|move|p1a: Sneasler|Close Combat|p2b: Incineroar\n|-supereffective|p2b: Incineroar\n|-damage|p2b: Incineroar|34\/100\n|-unboost|p1a: Sneasler|def|1\n|-unboost|p1a: Sneasler|spd|1\n|move|p1b: Joe Dog|Ice Beam|p2b: Incineroar\n|-resisted|p2b: Incineroar\n|-damage|p2b: Incineroar|18\/100\n|-status|p2b: Incineroar|frz\n|move|p2a: Dondozo|Yawn|p1b: Joe Dog\n|-start|p1b: Joe Dog|move: Yawn|[of] p2a: Dondozo\n|\n|upkeep\n|turn|5\n|\n|t:|1729870922\n|switch|p1b: Kingambit|Kingambit, L50, M, tera:Flying|88\/100\n|move|p1a: Sneasler|Close Combat|p2b: Incineroar\n|-supereffective|p2b: Incineroar\n|-damage|p2b: Incineroar|0 fnt\n|-unboost|p1a: Sneasler|def|1\n|-unboost|p1a: Sneasler|spd|1\n|faint|p2b: Incineroar\n|move|p2a: Dondozo|Fissure|p1b: Kingambit\n|-immune|p1b: Kingambit\n|\n|upkeep\n|\n|t:|1729870924\n|switch|p2b: Garchomp|Garchomp, L50, F|29\/100\n|turn|6\n|\n|t:|1729870938\n|switch|p1b: Joe Dog|Gastrodon-East, L50, M|100\/100\n|move|p1a: Sneasler|Close Combat|p2b: Garchomp\n|-crit|p2b: Garchomp\n|-damage|p2b: Garchomp|0 fnt\n|-unboost|p1a: Sneasler|def|1\n|-unboost|p1a: Sneasler|spd|1\n|-damage|p1a: Sneasler|0 fnt|[from] ability: Rough Skin|[of] p2b: Garchomp\n|faint|p2b: Garchomp\n|faint|p1a: Sneasler\n|move|p2a: Dondozo|Yawn|p1b: Joe Dog\n|-start|p1b: Joe Dog|move: Yawn|[of] p2a: Dondozo\n|\n|upkeep\n|\n|t:|1729870943\n|switch|p1a: Rillaboom|Rillaboom, L50, M|100\/100\n|-fieldstart|move: Grassy Terrain|[from] ability: Grassy Surge|[of] p1a: Rillaboom\n|turn|7\n|\n|t:|1729870948\n|switch|p1b: Kingambit|Kingambit, L50, M, tera:Flying|88\/100\n|move|p2a: Dondozo|Protect|p2a: Dondozo\n|-singleturn|p2a: Dondozo|Protect\n|move|p1a: Rillaboom|Wood Hammer|p2a: Dondozo\n|-activate|p2a: Dondozo|move: Protect\n|\n|upkeep\n|turn|8\n|\n|t:|1729870958\n|-terastallize|p2a: Dondozo|Dragon\n|move|p1a: Rillaboom|Wood Hammer|p2a: Dondozo\n|-resisted|p2a: Dondozo\n|-damage|p2a: Dondozo|71\/100\n|-damage|p1a: Rillaboom|87\/100|[from] Recoil\n|move|p1b: Kingambit|Tera Blast|p2a: Dondozo|[anim] Tera Blast Flying\n|-damage|p2a: Dondozo|44\/100\n|move|p2a: Dondozo|Fissure|p1a: Rillaboom|[miss]\n|-miss|p2a: Dondozo|p1a: Rillaboom\n|\n|-heal|p1a: Rillaboom|93\/100|[from] Grassy Terrain\n|-heal|p2a: Dondozo|50\/100|[from] Grassy Terrain\n|-heal|p2a: Dondozo|56\/100|[from] item: Leftovers\n|upkeep\n|turn|9\n|\n|t:|1729870966\n|move|p1a: Rillaboom|Wood Hammer|p2a: Dondozo\n|-resisted|p2a: Dondozo\n|-damage|p2a: Dondozo|25\/100\n|-damage|p1a: Rillaboom|78\/100|[from] Recoil\n|move|p1b: Kingambit|Kowtow Cleave|p2a: Dondozo\n|-damage|p2a: Dondozo|0 fnt\n|faint|p2a: Dondozo\n|\n|win|thacrow\n|raw|thacrow's rating: 1643 &rarr; <strong>1668<\/strong><br \/>(+25 for winning)\n|raw|647w's rating: 1737 &rarr; <strong>1712<\/strong><br \/>(-25 for losing)\n","uploadtime":1729870972,"views":71,"formatid":"gen9vgc2024regh","rating":1668,"private":0,"password":null}