{"id":"gen9vgc2024regh-2230553797","format":"[Gen 9] VGC 2024 Reg H","players":["Riemann0917","Cha0sm0nky"],"log":"|j|\u2606Riemann0917\n|j|\u2606Cha0sm0nky\n|t:|1729851056\n|gametype|doubles\n|player|p1|Riemann0917|unknown|1685\n|player|p2|Cha0sm0nky|101|1727\n|teamsize|p1|6\n|teamsize|p2|6\n|gen|9\n|tier|[Gen 9] VGC 2024 Reg H\n|rated|\n|rule|Species Clause: Limit one of each Pok\u00e9mon\n|rule|Item Clause: Limit 1 of each item\n|clearpoke\n|poke|p1|Garchomp, L50, F|\n|poke|p1|Gardevoir, L50, F|\n|poke|p1|Farigiraf, L50, F|\n|poke|p1|Torkoal, L50, M|\n|poke|p1|Maushold-Four, L50|\n|poke|p1|Kingambit, L50, M|\n|poke|p2|Ninetales-Alola, L50, F|\n|poke|p2|Garchomp, L50, F|\n|poke|p2|Dragapult, L50, F|\n|poke|p2|Kingambit, L50, F|\n|poke|p2|Rillaboom, L50, F|\n|poke|p2|Sneasler, L50, M|\n|teampreview|4\n|inactive|Battle timer is ON: inactive players will automatically lose when time's up. (requested by Riemann0917)\n|inactive|Cha0sm0nky has 60 seconds left.\n|j| slabyane_\n|inactive|Cha0sm0nky has 30 seconds left.\n|inactive|Cha0sm0nky has 20 seconds left.\n|inactive|Cha0sm0nky has 15 seconds left.\n|\n|t:|1729851136\n|start\n|switch|p1a: Garchomp|Garchomp, L50, F|100\/100\n|switch|p1b: Farigiraf|Farigiraf, L50, F|100\/100\n|switch|p2a: Kingambit|Kingambit, L50, F|100\/100\n|switch|p2b: Sneasler|Sneasler, L50, M|100\/100\n|turn|1\n|\n|t:|1729851156\n|-terastallize|p2a: Kingambit|Dark\n|move|p1b: Farigiraf|Protect|p1b: Farigiraf\n|-singleturn|p1b: Farigiraf|Protect\n|move|p1a: Garchomp|Earthquake|p2a: Kingambit|[spread] p2a,p2b\n|-activate|p1b: Farigiraf|move: Protect\n|-supereffective|p2b: Sneasler\n|-damage|p2a: Kingambit|74\/100\n|-enditem|p2b: Sneasler|Focus Sash\n|-damage|p2b: Sneasler|1\/100\n|move|p2b: Sneasler|Dire Claw|p1b: Farigiraf\n|-activate|p1b: Farigiraf|move: Protect\n|move|p2a: Kingambit|Kowtow Cleave|p1b: Farigiraf\n|-activate|p1b: Farigiraf|move: Protect\n|\n|upkeep\n|turn|2\n|inactive|Cha0sm0nky has 30 seconds left.\n|l| slabyane_\n|inactive|Cha0sm0nky has 20 seconds left.\n|\n|t:|1729851195\n|switch|p2b: Rillaboom|Rillaboom, L50, F|100\/100\n|-fieldstart|move: Grassy Terrain|[from] ability: Grassy Surge|[of] p2b: Rillaboom\n|move|p1a: Garchomp|Earthquake|p2a: Kingambit|[spread] p1b,p2a,p2b\n|-resisted|p2b: Rillaboom\n|-damage|p1b: Farigiraf|86\/100\n|-damage|p2a: Kingambit|58\/100\n|-damage|p2b: Rillaboom|92\/100\n|move|p2a: Kingambit|Kowtow Cleave|p1b: Farigiraf\n|-supereffective|p1b: Farigiraf\n|-damage|p1b: Farigiraf|0 fnt\n|faint|p1b: Farigiraf\n|\n|-heal|p2b: Rillaboom|98\/100|[from] Grassy Terrain\n|-heal|p2a: Kingambit|64\/100|[from] Grassy Terrain\n|upkeep\n|j| Therazer456\n|inactive|Riemann0917 has 30 seconds left.\n|\n|t:|1729851227\n|switch|p1b: Kingambit|Kingambit, L50, M|100\/100\n|turn|3\n|\n|t:|1729851246\n|switch|p1a: Torkoal|Torkoal, L50, M|100\/100\n|-weather|SunnyDay|[from] ability: Drought|[of] p1a: Torkoal\n|move|p1b: Kingambit|Protect|p1b: Kingambit\n|-singleturn|p1b: Kingambit|Protect\n|move|p2b: Rillaboom|Fake Out|p1a: Torkoal\n|-damage|p1a: Torkoal|88\/100\n|move|p2a: Kingambit|Low Sweep|p1b: Kingambit\n|-activate|p1b: Kingambit|move: Protect\n|\n|-weather|SunnyDay|[upkeep]\n|-heal|p2b: Rillaboom|100\/100|[from] Grassy Terrain\n|-heal|p2a: Kingambit|70\/100|[from] Grassy Terrain\n|-heal|p1a: Torkoal|94\/100|[from] Grassy Terrain\n|upkeep\n|turn|4\n|j| GGGliscorGaming\n|inactive|Riemann0917 has 30 seconds left.\n|\n|t:|1729851280\n|-terastallize|p1b: Kingambit|Dark\n|move|p1b: Kingambit|Sucker Punch|p2b: Rillaboom\n|-damage|p2b: Rillaboom|39\/100\n|move|p2b: Rillaboom|High Horsepower|p1a: Torkoal\n|-supereffective|p1a: Torkoal\n|-damage|p1a: Torkoal|41\/100\n|move|p2a: Kingambit|Low Sweep|p1b: Kingambit\n|-supereffective|p1b: Kingambit\n|-damage|p1b: Kingambit|61\/100\n|-unboost|p1b: Kingambit|spe|1\n|-ability|p1b: Kingambit|Defiant|boost\n|-boost|p1b: Kingambit|atk|2\n|move|p1a: Torkoal|Flamethrower|p2a: Kingambit\n|-damage|p2a: Kingambit|20\/100\n|\n|-weather|SunnyDay|[upkeep]\n|-heal|p2b: Rillaboom|44\/100|[from] Grassy Terrain\n|-heal|p2a: Kingambit|26\/100|[from] Grassy Terrain\n|-heal|p1b: Kingambit|67\/100|[from] Grassy Terrain\n|-heal|p1a: Torkoal|47\/100|[from] Grassy Terrain\n|upkeep\n|turn|5\n|inactive|Cha0sm0nky has 30 seconds left.\n|\n|t:|1729851308\n|move|p2b: Rillaboom|Grassy Glide|p1b: Kingambit\n|-damage|p1b: Kingambit|30\/100\n|move|p2a: Kingambit|Sucker Punch|p1a: Torkoal\n|-damage|p1a: Torkoal|6\/100\n|move|p1b: Kingambit|Sucker Punch||[still]\n|-fail|p1b: Kingambit\n|move|p1a: Torkoal|Flamethrower|p2b: Rillaboom\n|-supereffective|p2b: Rillaboom\n|-damage|p2b: Rillaboom|0 fnt\n|faint|p2b: Rillaboom\n|\n|-weather|SunnyDay|[upkeep]\n|-heal|p2a: Kingambit|32\/100|[from] Grassy Terrain\n|-heal|p1b: Kingambit|36\/100|[from] Grassy Terrain\n|-heal|p1a: Torkoal|12\/100|[from] Grassy Terrain\n|upkeep\n|\n|t:|1729851326\n|switch|p2b: Sneasler|Sneasler, L50, M|1\/100\n|turn|6\n|\n|t:|1729851342\n|move|p2a: Kingambit|Sucker Punch|p1b: Kingambit\n|-resisted|p1b: Kingambit\n|-damage|p1b: Kingambit|15\/100\n|move|p1b: Kingambit|Sucker Punch||[still]\n|-fail|p1b: Kingambit\n|move|p2b: Sneasler|Coaching|p2a: Kingambit\n|-boost|p2a: Kingambit|atk|1\n|-boost|p2a: Kingambit|def|1\n|move|p1a: Torkoal|Eruption|p2a: Kingambit|[spread] p2a,p2b\n|-damage|p2a: Kingambit|24\/100\n|-damage|p2b: Sneasler|0 fnt\n|faint|p2b: Sneasler\n|\n|-weather|SunnyDay|[upkeep]\n|-heal|p2a: Kingambit|30\/100|[from] Grassy Terrain\n|-heal|p1b: Kingambit|21\/100|[from] Grassy Terrain\n|-heal|p1a: Torkoal|18\/100|[from] Grassy Terrain\n|-fieldend|move: Grassy Terrain\n|upkeep\n|\n|t:|1729851357\n|switch|p2b: Garchomp|Garchomp, L50, F|100\/100\n|turn|7\n|\n|t:|1729851380\n|move|p1b: Kingambit|Protect|p1b: Kingambit\n|-singleturn|p1b: Kingambit|Protect\n|move|p2a: Kingambit|Sucker Punch||[still]\n|-fail|p2a: Kingambit\n|move|p2b: Garchomp|Stomping Tantrum|p1a: Torkoal\n|-supereffective|p1a: Torkoal\n|-damage|p1a: Torkoal|0 fnt\n|faint|p1a: Torkoal\n|-damage|p2b: Garchomp|91\/100|[from] item: Life Orb\n|\n|-weather|none\n|upkeep\n|\n|t:|1729851384\n|switch|p1a: Garchomp|Garchomp, L50, F|100\/100\n|turn|8\n|\n|t:|1729851406\n|move|p2a: Kingambit|Sucker Punch||[still]\n|-fail|p2a: Kingambit\n|move|p1a: Garchomp|Dragon Claw|p2b: Garchomp\n|-supereffective|p2b: Garchomp\n|-damage|p2b: Garchomp|12\/100\n|-damage|p1a: Garchomp|88\/100|[from] ability: Rough Skin|[of] p2b: Garchomp\n|move|p2b: Garchomp|Dragon Claw|p1a: Garchomp\n|-supereffective|p1a: Garchomp\n|-damage|p1a: Garchomp|0 fnt\n|-damage|p2b: Garchomp|0 fnt|[from] ability: Rough Skin|[of] p1a: Garchomp\n|faint|p1a: Garchomp\n|faint|p2b: Garchomp\n|move|p1b: Kingambit|Swords Dance|p1b: Kingambit\n|-boost|p1b: Kingambit|atk|2\n|\n|upkeep\n|turn|9\n|\n|t:|1729851429\n|move|p2a: Kingambit|Sucker Punch|p1b: Kingambit\n|-resisted|p1b: Kingambit\n|-damage|p1b: Kingambit|0 fnt\n|faint|p1b: Kingambit\n|\n|win|Cha0sm0nky\n|raw|Riemann0917's rating: 1709 &rarr; <strong>1690<\/strong><br \/>(-19 for losing)\n|raw|Cha0sm0nky's rating: 1727 &rarr; <strong>1746<\/strong><br \/>(+19 for winning)\n|c|\u2606Cha0sm0nky|gg\n|l|\u2606Riemann0917\n|player|p1|\n|l| GGGliscorGaming\n|l|\u2606Cha0sm0nky\n|player|p2|\n|l| Therazer456\n","uploadtime":1729851666,"views":12,"formatid":"gen9vgc2024regh","rating":1690,"private":0,"password":null}