{"id":"gen9vgc2024regh-2230626599","format":"[Gen 9] VGC 2024 Reg H","players":["ray4gej","Geodude3138"],"log":"|j|\u2606ray4gej\n|j|\u2606Geodude3138\n|t:|1729860687\n|gametype|doubles\n|player|p1|ray4gej|266|1715\n|player|p2|Geodude3138|psychicf|1719\n|teamsize|p1|6\n|teamsize|p2|6\n|gen|9\n|tier|[Gen 9] VGC 2024 Reg H\n|rated|\n|rule|Species Clause: Limit one of each Pok\u00e9mon\n|rule|Item Clause: Limit 1 of each item\n|clearpoke\n|poke|p1|Dondozo, L50, F|\n|poke|p1|Tatsugiri, L50, M|\n|poke|p1|Rillaboom, L50, M|\n|poke|p1|Sneasler, L50, M|\n|poke|p1|Garchomp, L50, F|\n|poke|p1|Flamigo, L50, M|\n|poke|p2|Dragonite, L50, M|\n|poke|p2|Gholdengo, L50|\n|poke|p2|Whimsicott, L50, M|\n|poke|p2|Basculegion, L50, M|\n|poke|p2|Archaludon, L50, F|\n|poke|p2|Politoed, L50, F|\n|teampreview|4\n|inactive|Battle timer is ON: inactive players will automatically lose when time's up. (requested by Geodude3138)\n|\n|t:|1729860708\n|start\n|switch|p1a: Flamigo|Flamigo, L50, M|100\/100\n|switch|p1b: Rillaboom|Rillaboom, L50, M|100\/100\n|switch|p2a: Dragonite|Dragonite, L50, M|100\/100\n|switch|p2b: Whimsicott|Whimsicott, L50, M|100\/100\n|-fieldstart|move: Grassy Terrain|[from] ability: Grassy Surge|[of] p1b: Rillaboom\n|turn|1\n|\n|t:|1729860728\n|-terastallize|p2a: Dragonite|Flying\n|move|p1b: Rillaboom|Fake Out|p2a: Dragonite\n|-damage|p2a: Dragonite|94\/100\n|move|p1a: Flamigo|Dual Wingbeat|p2b: Whimsicott\n|-supereffective|p2b: Whimsicott\n|-damage|p2b: Whimsicott|47\/100\n|-supereffective|p2b: Whimsicott\n|-damage|p2b: Whimsicott|0 fnt\n|faint|p2b: Whimsicott\n|-hitcount|p2: Whimsicott|2\n|cant|p2a: Dragonite|flinch\n|\n|upkeep\n|\n|t:|1729860739\n|switch|p2b: Archaludon|Archaludon, L50, F|100\/100\n|turn|2\n|\n|t:|1729860758\n|switch|p1b: Sneasler|Sneasler, L50, M|100\/100\n|move|p1a: Flamigo|Close Combat|p2b: Archaludon\n|-supereffective|p2b: Archaludon\n|-damage|p2b: Archaludon|5\/100\n|-unboost|p1a: Flamigo|def|1\n|-unboost|p1a: Flamigo|spd|1\n|move|p2b: Archaludon|Electro Shot||[still]\n|-prepare|p2b: Archaludon|Electro Shot\n|-boost|p2b: Archaludon|spa|1\n|-enditem|p2b: Archaludon|Power Herb\n|-anim|p2b: Archaludon|Electro Shot|p1b: Sneasler\n|-damage|p1b: Sneasler|0 fnt\n|faint|p1b: Sneasler\n|move|p2a: Dragonite|Tera Blast|p1a: Flamigo|[anim] Tera Blast Flying\n|-supereffective|p1a: Flamigo\n|-enditem|p1a: Flamigo|Focus Sash\n|-damage|p1a: Flamigo|1\/100\n|\n|-heal|p2b: Archaludon|11\/100|[from] Grassy Terrain\n|upkeep\n|\n|t:|1729860769\n|switch|p1b: Rillaboom|Rillaboom, L50, M|100\/100\n|turn|3\n|\n|t:|1729860788\n|move|p1b: Rillaboom|Fake Out|p2a: Dragonite\n|-damage|p2a: Dragonite|81\/100\n|move|p1a: Flamigo|Dual Wingbeat|p2a: Dragonite|[miss]\n|-miss|p1a: Flamigo|p2a: Dragonite\n|move|p2b: Archaludon|Dragon Pulse|p1a: Flamigo\n|-damage|p1a: Flamigo|0 fnt\n|faint|p1a: Flamigo\n|cant|p2a: Dragonite|flinch\n|\n|-heal|p2b: Archaludon|17\/100|[from] Grassy Terrain\n|upkeep\n|\n|t:|1729860795\n|switch|p1a: Garchomp|Garchomp, L50, F|100\/100\n|turn|4\n|\n|t:|1729860811\n|-terastallize|p1a: Garchomp|Fire\n|move|p1b: Rillaboom|Grassy Glide|p2a: Dragonite\n|-resisted|p2a: Dragonite\n|-damage|p2a: Dragonite|63\/100\n|move|p1a: Garchomp|Dragon Claw|p2a: Dragonite\n|-damage|p2a: Dragonite|20\/100\n|move|p2b: Archaludon|Dragon Pulse|p1b: Rillaboom\n|-damage|p1b: Rillaboom|44\/100\n|move|p2a: Dragonite|Tera Blast|p1b: Rillaboom|[anim] Tera Blast Flying\n|-supereffective|p1b: Rillaboom\n|-damage|p1b: Rillaboom|0 fnt\n|faint|p1b: Rillaboom\n|\n|-heal|p2b: Archaludon|23\/100|[from] Grassy Terrain\n|upkeep\n|turn|5\n|c|\u2606ray4gej|Wow gg\n|-message|ray4gej forfeited.\n|\n|win|Geodude3138\n|raw|ray4gej's rating: 1715 &rarr; <strong>1695<\/strong><br \/>(-20 for losing)\n|raw|Geodude3138's rating: 1719 &rarr; <strong>1739<\/strong><br \/>(+20 for winning)\n|l|\u2606Geodude3138\n|player|p2|\n","uploadtime":1729861103,"views":12,"formatid":"gen9vgc2024regh","rating":1695,"private":0,"password":null}