{"id":"gen9vgc2024regh-2230046521","format":"[Gen 9] VGC 2024 Reg H","players":["dayron91","Ibberdytten"],"log":"|j|\u2606dayron91\n|j|\u2606Ibberdytten\n|t:|1729788300\n|gametype|doubles\n|player|p1|dayron91|dragontamer|1695\n|player|p2|Ibberdytten|ninjaboy|1696\n|teamsize|p1|6\n|teamsize|p2|6\n|gen|9\n|tier|[Gen 9] VGC 2024 Reg H\n|rated|\n|rule|Species Clause: Limit one of each Pok\u00e9mon\n|rule|Item Clause: Limit 1 of each item\n|clearpoke\n|poke|p1|Umbreon, L50, M|\n|poke|p1|Espeon, L50, M|\n|poke|p1|Indeedee, L50, M|\n|poke|p1|Pelipper, L50, M|\n|poke|p1|Archaludon, L50, F|\n|poke|p1|Amoonguss, L50, F|\n|poke|p2|Dondozo, L50, F|\n|poke|p2|Tatsugiri, L50, M|\n|poke|p2|Talonflame, L50, M|\n|poke|p2|Gholdengo, L50|\n|poke|p2|Glimmora, L50, F|\n|poke|p2|Dragonite, L50, M|\n|teampreview|4\n|inactive|Battle timer is ON: inactive players will automatically lose when time's up. (requested by Ibberdytten)\n|\n|t:|1729788345\n|start\n|switch|p1a: Pelipper|Pelipper, L50, M|100\/100\n|switch|p1b: Archaludon|Archaludon, L50, F|100\/100\n|switch|p2a: Gholdengo|Gholdengo, L50|100\/100\n|switch|p2b: Glimmora|Glimmora, L50, F, shiny|100\/100\n|-weather|RainDance|[from] ability: Drizzle|[of] p1a: Pelipper\n|turn|1\n|inactive|dayron91 has 30 seconds left.\n|inactive|dayron91 has 20 seconds left.\n|j| stewpeed\n|inactive|dayron91 has 15 seconds left.\n|\n|t:|1729788389\n|move|p1a: Pelipper|Helping Hand|p1b: Archaludon\n|-singleturn|p1b: Archaludon|Helping Hand|[of] p1a: Pelipper\n|move|p2a: Gholdengo|Make It Rain|p1b: Archaludon|[spread] p1a,p1b\n|-resisted|p1a: Pelipper\n|-resisted|p1b: Archaludon\n|-damage|p1a: Pelipper|53\/100\n|-damage|p1b: Archaludon|44\/100\n|-unboost|p2a: Gholdengo|spa|1\n|move|p1b: Archaludon|Electro Shot||[still]\n|-prepare|p1b: Archaludon|Electro Shot\n|-boost|p1b: Archaludon|spa|1\n|-anim|p1b: Archaludon|Electro Shot|p2b: Glimmora\n|-damage|p2b: Glimmora|18\/100\n|move|p2b: Glimmora|Power Gem|p1a: Pelipper\n|-supereffective|p1a: Pelipper\n|-damage|p1a: Pelipper|0 fnt\n|faint|p1a: Pelipper\n|\n|-weather|RainDance|[upkeep]\n|upkeep\n|inactive|dayron91 has 30 seconds left.\n|inactive|dayron91 has 20 seconds left.\n|\n|t:|1729788427\n|switch|p1a: Umbreon|Umbreon, L50, M|100\/100\n|turn|2\n|\n|t:|1729788435\n|move|p1b: Archaludon|Protect|p1b: Archaludon\n|-singleturn|p1b: Archaludon|Protect\n|move|p2a: Gholdengo|Make It Rain|p1a: Umbreon|[spread] p1a\n|-activate|p1b: Archaludon|move: Protect\n|-damage|p1a: Umbreon|65\/100\n|-unboost|p2a: Gholdengo|spa|1\n|move|p2b: Glimmora|Mortal Spin|p1b: Archaludon|[spread] p1a\n|-activate|p1b: Archaludon|move: Protect\n|-damage|p1a: Umbreon|63\/100\n|-status|p1a: Umbreon|psn\n|-activate|p1a: Umbreon|ability: Synchronize\n|-immune|p2b: Glimmora\n|move|p1a: Umbreon|Calm Mind|p1a: Umbreon\n|-boost|p1a: Umbreon|spa|1\n|-boost|p1a: Umbreon|spd|1\n|\n|-weather|RainDance|[upkeep]\n|-damage|p1a: Umbreon|50\/100 psn|[from] psn\n|upkeep\n|turn|3\n|inactive|dayron91 has 30 seconds left.\n|inactive|dayron91 has 20 seconds left.\n|\n|t:|1729788474\n|move|p2a: Gholdengo|Make It Rain|p1a: Umbreon|[spread] p1a,p1b\n|-resisted|p1b: Archaludon\n|-damage|p1a: Umbreon|33\/100 psn\n|-damage|p1b: Archaludon|17\/100\n|-unboost|p2a: Gholdengo|spa|1\n|move|p1b: Archaludon|Electro Shot||[still]\n|-prepare|p1b: Archaludon|Electro Shot\n|-boost|p1b: Archaludon|spa|1\n|-anim|p1b: Archaludon|Electro Shot|p2a: Gholdengo\n|-damage|p2a: Gholdengo|0 fnt\n|faint|p2a: Gholdengo\n|move|p2b: Glimmora|Earth Power|p1b: Archaludon\n|-supereffective|p1b: Archaludon\n|-damage|p1b: Archaludon|0 fnt\n|faint|p1b: Archaludon\n|move|p1a: Umbreon|Rest|p1a: Umbreon\n|-status|p1a: Umbreon|slp|[from] move: Rest\n|-heal|p1a: Umbreon|100\/100 slp|[silent]\n|-enditem|p1a: Umbreon|Chesto Berry|[eat]\n|-curestatus|p1a: Umbreon|slp|[msg]\n|\n|-weather|RainDance|[upkeep]\n|upkeep\n|\n|t:|1729788496\n|switch|p2a: Dondozo|Dondozo, L50, F|100\/100\n|switch|p1b: Amoonguss|Amoonguss, L50, F|100\/100\n|turn|4\n|inactive|dayron91 has 30 seconds left.\n|\n|t:|1729788526\n|switch|p2b: Tatsugiri|Tatsugiri, L50, M|100\/100\n|-activate|p2b: Tatsugiri|ability: Commander|[of] p2a: Dondozo\n|-boost|p2a: Dondozo|atk|2\n|-boost|p2a: Dondozo|spa|2\n|-boost|p2a: Dondozo|spe|2\n|-boost|p2a: Dondozo|def|2\n|-boost|p2a: Dondozo|spd|2\n|-terastallize|p2a: Dondozo|Grass\n|move|p2a: Dondozo|Order Up|p1a: Umbreon\n|-damage|p1a: Umbreon|71\/100\n|-boost|p2a: Dondozo|atk|1\n|move|p1a: Umbreon|Alluring Voice|p2a: Dondozo\n|-damage|p2a: Dondozo|94\/100\n|-start|p2a: Dondozo|confusion\n|move|p1b: Amoonguss|Spore|p2a: Dondozo\n|-immune|p2a: Dondozo\n|\n|-weather|RainDance|[upkeep]\n|-heal|p2a: Dondozo|99\/100|[from] item: Leftovers\n|upkeep\n|turn|5\n|inactive|dayron91 has 30 seconds left.\n|inactive|Ibberdytten has 30 seconds left.\n|inactive|dayron91 has 20 seconds left.\n|inactive|Ibberdytten has 20 seconds left.\n|inactive|dayron91 has 15 seconds left.\n|\n|t:|1729788566\n|-terastallize|p1a: Umbreon|Fairy\n|-activate|p2a: Dondozo|confusion\n|-damage|p2a: Dondozo|89\/100|[from] confusion\n|move|p1a: Umbreon|Calm Mind|p1a: Umbreon\n|-boost|p1a: Umbreon|spa|1\n|-boost|p1a: Umbreon|spd|1\n|move|p1b: Amoonguss|Clear Smog|p2a: Dondozo\n|-supereffective|p2a: Dondozo\n|-damage|p2a: Dondozo|71\/100\n|-clearboost|p2a: Dondozo\n|\n|-weather|none\n|-heal|p2a: Dondozo|77\/100|[from] item: Leftovers\n|upkeep\n|turn|6\n|inactive|dayron91 has 30 seconds left.\n|\n|t:|1729788595\n|-activate|p2a: Dondozo|confusion\n|move|p2a: Dondozo|Order Up|p1b: Amoonguss\n|-damage|p1b: Amoonguss|80\/100\n|-boost|p2a: Dondozo|atk|1\n|move|p1a: Umbreon|Alluring Voice|p2a: Dondozo\n|-damage|p2a: Dondozo|58\/100\n|move|p1b: Amoonguss|Clear Smog|p2a: Dondozo\n|-supereffective|p2a: Dondozo\n|-damage|p2a: Dondozo|28\/100\n|-clearboost|p2a: Dondozo\n|\n|-heal|p2a: Dondozo|35\/100|[from] item: Leftovers\n|upkeep\n|turn|7\n|inactive|dayron91 has 30 seconds left.\n|\n|t:|1729788626\n|-end|p2a: Dondozo|confusion\n|move|p2a: Dondozo|Order Up|p1b: Amoonguss\n|-damage|p1b: Amoonguss|58\/100\n|-boost|p2a: Dondozo|atk|1\n|move|p1a: Umbreon|Calm Mind|p1a: Umbreon\n|-boost|p1a: Umbreon|spa|1\n|-boost|p1a: Umbreon|spd|1\n|move|p1b: Amoonguss|Clear Smog|p2a: Dondozo\n|-supereffective|p2a: Dondozo\n|-damage|p2a: Dondozo|0 fnt\n|-clearboost|p2a: Dondozo\n|faint|p2a: Dondozo\n|\n|upkeep\n|\n|t:|1729788639\n|switch|p2a: Glimmora|Glimmora, L50, F, shiny|18\/100\n|turn|8\n|\n|t:|1729788653\n|move|p2b: Tatsugiri|Muddy Water|p1b: Amoonguss|[spread] p1a,p1b\n|-resisted|p1b: Amoonguss\n|-damage|p1a: Umbreon|61\/100\n|-damage|p1b: Amoonguss|44\/100\n|-unboost|p1b: Amoonguss|accuracy|1\n|-enditem|p1b: Amoonguss|Sitrus Berry|[eat]\n|-heal|p1b: Amoonguss|69\/100|[from] item: Sitrus Berry\n|move|p2a: Glimmora|Sludge Bomb|p1a: Umbreon\n|-supereffective|p1a: Umbreon\n|-damage|p1a: Umbreon|37\/100\n|move|p1a: Umbreon|Snarl|p2a: Glimmora|[spread] p2a,p2b\n|-damage|p2a: Glimmora|0 fnt\n|-damage|p2b: Tatsugiri|71\/100\n|-unboost|p2b: Tatsugiri|spa|1\n|faint|p2a: Glimmora\n|move|p1b: Amoonguss|Pollen Puff|p1a: Umbreon\n|-heal|p1a: Umbreon|87\/100\n|\n|upkeep\n|turn|9\n|inactive|dayron91 has 30 seconds left.\n|\n|t:|1729788685\n|move|p2b: Tatsugiri|Muddy Water|p1a: Umbreon|[spread] p1b\n|-miss|p2b: Tatsugiri|p1a: Umbreon\n|-resisted|p1b: Amoonguss\n|-damage|p1b: Amoonguss|60\/100\n|move|p1a: Umbreon|Alluring Voice|p2b: Tatsugiri\n|-supereffective|p2b: Tatsugiri\n|-damage|p2b: Tatsugiri|0 fnt\n|faint|p2b: Tatsugiri\n|\n|win|dayron91\n|raw|dayron91's rating: 1695 &rarr; <strong>1715<\/strong><br \/>(+20 for winning)\n|raw|Ibberdytten's rating: 1696 &rarr; <strong>1676<\/strong><br \/>(-20 for losing)\n|l| stewpeed\n|l|\u2606dayron91\n|player|p1|\n|l|\u2606Ibberdytten\n|player|p2|\n|j|\u2606dayron91\n|player|p1|dayron91|dragontamer|\n|l|\u2606dayron91\n|player|p1|\n","uploadtime":1729788698,"views":26,"formatid":"gen9vgc2024regh","rating":1676,"private":0,"password":null}