{"id":"gen9vgc2024regh-2230927318","format":"[Gen 9] VGC 2024 Reg H","players":["13dobe","pokefaqk"],"log":"|j|\u260613dobe\n|j|\u2606pokefaqk\n|t:|1729888947\n|gametype|doubles\n|player|p1|13dobe|101|1639\n|player|p2|pokefaqk|2|1727\n|teamsize|p1|6\n|teamsize|p2|6\n|gen|9\n|tier|[Gen 9] VGC 2024 Reg H\n|rated|\n|rule|Species Clause: Limit one of each Pok\u00e9mon\n|rule|Item Clause: Limit 1 of each item\n|clearpoke\n|poke|p1|Weezing-Galar, L50, M|\n|poke|p1|Porygon2, L50|\n|poke|p1|Indeedee-F, L50, F|\n|poke|p1|Reuniclus, L50, F|\n|poke|p1|Ursaluna, L50, M|\n|poke|p1|Incineroar, L50, F|\n|poke|p2|Ursaluna-Bloodmoon, L50, M|\n|poke|p2|Flapple, L50, M|\n|poke|p2|Yanmega, L50, F|\n|poke|p2|Sableye, L50, F|\n|poke|p2|Delphox, L50, F|\n|poke|p2|Indeedee-F, L50, F|\n|teampreview|4\n|inactive|Battle timer is ON: inactive players will automatically lose when time's up. (requested by pokefaqk)\n|inactive|13dobe has 60 seconds left.\n|\n|t:|1729888982\n|start\n|switch|p1a: Weezing|Weezing-Galar, L50, M|100\/100\n|switch|p1b: Incineroar|Incineroar, L50, F|100\/100\n|switch|p2a: Ursaluna|Ursaluna-Bloodmoon, L50, M|100\/100\n|switch|p2b: Indeedee|Indeedee-F, L50, F|100\/100\n|-ability|p1a: Weezing|Neutralizing Gas\n|-block|p1b: Incineroar|item: Ability Shield\n|-ability|p1b: Incineroar|Intimidate|boost\n|-unboost|p2a: Ursaluna|atk|1\n|-unboost|p2b: Indeedee|atk|1\n|turn|1\n|inactive|pokefaqk has 30 seconds left.\n|\n|t:|1729889013\n|switch|p2b: Yanmega|Yanmega, L50, F|100\/100\n|-terastallize|p2a: Ursaluna|Normal\n|-terastallize|p1a: Weezing|Fairy\n|move|p1b: Incineroar|Fake Out|p2a: Ursaluna\n|-damage|p2a: Ursaluna|90\/100\n|cant|p2a: Ursaluna|flinch\n|move|p1a: Weezing|Dazzling Gleam|p2b: Yanmega|[spread] p2a,p2b\n|-damage|p2a: Ursaluna|21\/100\n|-damage|p2b: Yanmega|16\/100\n|\n|upkeep\n|turn|2\n|c|\u260613dobe|Dang it lived\n|inactive|13dobe has 30 seconds left.\n|\n|t:|1729889046\n|move|p2b: Yanmega|Hypnosis|p1a: Weezing\n|-status|p1a: Weezing|slp|[from] move: Hypnosis\n|move|p2a: Ursaluna|Blood Moon|p1b: Incineroar\n|-damage|p1b: Incineroar|0 fnt\n|faint|p1b: Incineroar\n|cant|p1a: Weezing|slp\n|\n|upkeep\n|c|\u260613dobe|Dangg good hit kid\n|\n|t:|1729889056\n|switch|p1b: Reuniclus|Reuniclus, L50, F|100\/100\n|turn|3\n|c|\u2606pokefaqk|xD\n|c|\u260613dobe|55% hit is crazy lol\n|\n|t:|1729889075\n|move|p2b: Yanmega|Air Slash|p1b: Reuniclus\n|-damage|p1b: Reuniclus|68\/100\n|move|p2a: Ursaluna|Hyper Voice|p1a: Weezing|[spread] p1a,p1b\n|-damage|p1a: Weezing|17\/100 slp\n|-damage|p1b: Reuniclus|6\/100\n|cant|p1a: Weezing|slp\n|move|p1b: Reuniclus|Trick Room|p1b: Reuniclus\n|-fieldstart|move: Trick Room|[of] p1b: Reuniclus\n|\n|upkeep\n|turn|4\n|c|\u260613dobe|Wake up\n|\n|t:|1729889093\n|move|p1b: Reuniclus|Expanding Force|p2a: Ursaluna\n|-damage|p2a: Ursaluna|0 fnt\n|faint|p2a: Ursaluna\n|-damage|p1b: Reuniclus|0 fnt|[from] item: Life Orb\n|faint|p1b: Reuniclus\n|-curestatus|p1a: Weezing|slp|[msg]\n|move|p1a: Weezing|Dazzling Gleam|p2b: Yanmega\n|-damage|p2b: Yanmega|0 fnt\n|faint|p2b: Yanmega\n|\n|upkeep\n|c|\u2606pokefaqk|pls not\n|\n|t:|1729889101\n|switch|p1b: Ursaluna|Ursaluna, L50, M|100\/100\n|switch|p2a: Delphox|Delphox, L50, F|100\/100\n|switch|p2b: Indeedee|Indeedee-F, L50, F|100\/100\n|turn|5\n|\n|t:|1729889125\n|move|p1b: Ursaluna|Headlong Rush|p2b: Indeedee\n|-damage|p2b: Indeedee|24\/100\n|-unboost|p1b: Ursaluna|def|1\n|-unboost|p1b: Ursaluna|spd|1\n|-damage|p1b: Ursaluna|84\/100|[from] item: Rocky Helmet|[of] p2b: Indeedee\n|move|p1a: Weezing|Dazzling Gleam|p2a: Delphox|[spread] p2a,p2b\n|-resisted|p2a: Delphox\n|-damage|p2a: Delphox|76\/100\n|-damage|p2b: Indeedee|0 fnt\n|faint|p2b: Indeedee\n|move|p2a: Delphox|Expanding Force|p1a: Weezing\n|-damage|p1a: Weezing|0 fnt\n|faint|p1a: Weezing\n|-end|p1a: Weezing|ability: Neutralizing Gas\n|\n|-status|p1b: Ursaluna|tox|[from] item: Toxic Orb\n|upkeep\n|turn|6\n|\n|t:|1729889137\n|move|p1b: Ursaluna|Headlong Rush|p2a: Delphox\n|-supereffective|p2a: Delphox\n|-damage|p2a: Delphox|0 fnt\n|-unboost|p1b: Ursaluna|def|1\n|-unboost|p1b: Ursaluna|spd|1\n|faint|p2a: Delphox\n|\n|win|13dobe\n|raw|13dobe's rating: 1639 &rarr; <strong>1664<\/strong><br \/>(+25 for winning)\n|raw|pokefaqk's rating: 1727 &rarr; <strong>1702<\/strong><br \/>(-25 for losing)\n|c|\u260613dobe|Ggwp\n|l|\u2606pokefaqk\n|player|p2|\n|l|\u260613dobe\n|player|p1|\n","uploadtime":1729889330,"views":14,"formatid":"gen9vgc2024regh","rating":1664,"private":0,"password":null}