{"id":"gen9vgc2024regh-2230759871","format":"[Gen 9] VGC 2024 Reg H","players":["stoutland2","647w"],"log":"|j|\u2606stoutland2\n|j|\u2606647w\n|t:|1729873173\n|gametype|doubles\n|player|p1|stoutland2|linebacker|1669\n|player|p2|647w|lucas-gen4pt|1766\n|teamsize|p1|6\n|teamsize|p2|6\n|gen|9\n|tier|[Gen 9] VGC 2024 Reg H\n|rated|\n|rule|Species Clause: Limit one of each Pok\u00e9mon\n|rule|Item Clause: Limit 1 of each item\n|clearpoke\n|poke|p1|Gliscor, L50, F|\n|poke|p1|Sneasler, L50, M|\n|poke|p1|Gholdengo, L50|\n|poke|p1|Dragapult, L50, M|\n|poke|p1|Incineroar, L50, F|\n|poke|p1|Rillaboom, L50, M|\n|poke|p2|Kilowattrel, L50, M|\n|poke|p2|Garchomp, L50, F|\n|poke|p2|Gholdengo, L50|\n|poke|p2|Incineroar, L50, F|\n|poke|p2|Rillaboom, L50, M|\n|poke|p2|Dondozo, L50, M|\n|teampreview|4\n647w has agreed to open team sheets.\nstoutland2 has agreed to open team sheets.\n|\n|t:|1729873199\n|start\n|switch|p1a: Gliscor|Gliscor, L50, F|100\/100\n|switch|p1b: Sneasler|Sneasler, L50, M|100\/100\n|switch|p2a: Gholdengo|Gholdengo, L50|100\/100\n|switch|p2b: Garchomp|Garchomp, L50, F|100\/100\n|turn|1\n|\n|t:|1729873220\n|switch|p2a: Dondozo|Dondozo, L50, M|100\/100\n|move|p1b: Sneasler|Coaching|p1a: Gliscor\n|-boost|p1a: Gliscor|atk|1\n|-boost|p1a: Gliscor|def|1\n|move|p2b: Garchomp|Stomping Tantrum|p1b: Sneasler\n|-supereffective|p1b: Sneasler\n|-enditem|p1b: Sneasler|Focus Sash\n|-damage|p1b: Sneasler|1\/100\n|move|p1a: Gliscor|High Horsepower|p2a: Dondozo|[miss]\n|-miss|p1a: Gliscor|p2a: Dondozo\n|\n|-status|p1a: Gliscor|tox|[from] item: Toxic Orb\n|upkeep\n|turn|2\n|\n|t:|1729873247\n|-terastallize|p1a: Gliscor|Water\n|move|p1b: Sneasler|Protect|p1b: Sneasler\n|-singleturn|p1b: Sneasler|Protect\n|move|p2a: Dondozo|Protect|p2a: Dondozo\n|-singleturn|p2a: Dondozo|Protect\n|move|p2b: Garchomp|Dragon Claw|p1b: Sneasler\n|-activate|p1b: Sneasler|move: Protect\n|move|p1a: Gliscor|High Horsepower|p2b: Garchomp\n|-damage|p2b: Garchomp|35\/100\n|-damage|p1a: Gliscor|88\/100 tox|[from] ability: Rough Skin|[of] p2b: Garchomp\n|\n|-heal|p1a: Gliscor|100\/100 tox|[from] ability: Poison Heal\n|upkeep\n|turn|3\n|\n|t:|1729873273\n|move|p1b: Sneasler|Coaching|p1a: Gliscor\n|-boost|p1a: Gliscor|atk|1\n|-boost|p1a: Gliscor|def|1\n|move|p2b: Garchomp|Dragon Claw|p1b: Sneasler\n|-crit|p1b: Sneasler\n|-damage|p1b: Sneasler|0 fnt\n|faint|p1b: Sneasler\n|move|p1a: Gliscor|High Horsepower|p2a: Dondozo\n|-damage|p2a: Dondozo|79\/100\n|move|p2a: Dondozo|Fissure|p1a: Gliscor|[miss]\n|-miss|p2a: Dondozo|p1a: Gliscor\n|\n|-heal|p2a: Dondozo|85\/100|[from] item: Leftovers\n|upkeep\n|\n|t:|1729873286\n|switch|p1b: Rillaboom|Rillaboom, L50, M|100\/100\n|-fieldstart|move: Grassy Terrain|[from] ability: Grassy Surge|[of] p1b: Rillaboom\n|turn|4\n|\n|t:|1729873298\n|move|p2b: Garchomp|Protect|p2b: Garchomp\n|-singleturn|p2b: Garchomp|Protect\n|move|p2a: Dondozo|Protect|p2a: Dondozo\n|-singleturn|p2a: Dondozo|Protect\n|move|p1b: Rillaboom|Fake Out|p2a: Dondozo\n|-activate|p2a: Dondozo|move: Protect\n|move|p1a: Gliscor|High Horsepower|p2b: Garchomp\n|-activate|p2b: Garchomp|move: Protect\n|\n|-heal|p2b: Garchomp|41\/100|[from] Grassy Terrain\n|-heal|p2a: Dondozo|92\/100|[from] Grassy Terrain\n|-heal|p2a: Dondozo|98\/100|[from] item: Leftovers\n|upkeep\n|turn|5\n|\n|t:|1729873312\n|-terastallize|p2a: Dondozo|Dragon\n|move|p2b: Garchomp|Dragon Claw|p1b: Rillaboom\n|-damage|p1b: Rillaboom|58\/100\n|move|p1a: Gliscor|High Horsepower|p2b: Garchomp\n|-damage|p2b: Garchomp|0 fnt\n|-damage|p1a: Gliscor|88\/100 tox|[from] ability: Rough Skin|[of] p2b: Garchomp\n|faint|p2b: Garchomp\n|move|p1b: Rillaboom|Wood Hammer|p2a: Dondozo\n|-resisted|p2a: Dondozo\n|-damage|p2a: Dondozo|72\/100\n|-damage|p1b: Rillaboom|48\/100|[from] Recoil\n|move|p2a: Dondozo|Yawn|p1b: Rillaboom\n|-start|p1b: Rillaboom|move: Yawn|[of] p2a: Dondozo\n|\n|-heal|p1a: Gliscor|94\/100 tox|[from] Grassy Terrain\n|-heal|p1b: Rillaboom|54\/100|[from] Grassy Terrain\n|-heal|p2a: Dondozo|79\/100|[from] Grassy Terrain\n|-heal|p2a: Dondozo|85\/100|[from] item: Leftovers\n|-heal|p1a: Gliscor|100\/100 tox|[from] ability: Poison Heal\n|upkeep\n|\n|t:|1729873320\n|switch|p2b: Incineroar|Incineroar, L50, F|100\/100\n|-ability|p2b: Incineroar|Intimidate|boost\n|-unboost|p1a: Gliscor|atk|1\n|-unboost|p1b: Rillaboom|atk|1\n|turn|6\n|j| Therazer456\n|\n|t:|1729873348\n|move|p2b: Incineroar|Fake Out|p1a: Gliscor\n|-damage|p1a: Gliscor|94\/100 tox\n|cant|p1a: Gliscor|flinch\n|move|p1b: Rillaboom|U-turn|p2b: Incineroar\n|-damage|p2b: Incineroar|85\/100\n|\n|t:|1729873353\n|switch|p1b: Dragapult|Dragapult, L50, M|100\/100|[from] U-turn\n|move|p2a: Dondozo|Yawn|p1b: Dragapult\n|-start|p1b: Dragapult|move: Yawn|[of] p2a: Dondozo\n|\n|-heal|p1a: Gliscor|100\/100 tox|[from] Grassy Terrain\n|-heal|p2b: Incineroar|91\/100|[from] Grassy Terrain\n|-heal|p2a: Dondozo|91\/100|[from] Grassy Terrain\n|-heal|p2a: Dondozo|97\/100|[from] item: Leftovers\n|upkeep\n|turn|7\n|\n|t:|1729873364\n|move|p2a: Dondozo|Protect|p2a: Dondozo\n|-singleturn|p2a: Dondozo|Protect\n|move|p1b: Dragapult|U-turn|p2b: Incineroar\n|-crit|p2b: Incineroar\n|-damage|p2b: Incineroar|47\/100\n|\n|t:|1729873369\n|switch|p1b: Rillaboom|Rillaboom, L50, M|54\/100|[from] U-turn\n|move|p1a: Gliscor|High Horsepower|p2b: Incineroar|[miss]\n|-miss|p1a: Gliscor|p2b: Incineroar\n|move|p2b: Incineroar|Knock Off|p1b: Rillaboom\n|-damage|p1b: Rillaboom|15\/100\n|-enditem|p1b: Rillaboom|Assault Vest|[from] move: Knock Off|[of] p2b: Incineroar\n|\n|-heal|p1b: Rillaboom|20\/100|[from] Grassy Terrain\n|-heal|p2b: Incineroar|53\/100|[from] Grassy Terrain\n|-heal|p2a: Dondozo|100\/100|[from] Grassy Terrain\n|upkeep\n|turn|8\n|\n|t:|1729873399\n|move|p1b: Rillaboom|Fake Out|p2a: Dondozo\n|-damage|p2a: Dondozo|91\/100\n|move|p1a: Gliscor|High Horsepower|p2b: Incineroar\n|-supereffective|p2b: Incineroar\n|-damage|p2b: Incineroar|0 fnt\n|faint|p2b: Incineroar\n|cant|p2a: Dondozo|flinch\n|\n|-heal|p1b: Rillaboom|26\/100|[from] Grassy Terrain\n|-heal|p2a: Dondozo|97\/100|[from] Grassy Terrain\n|-heal|p2a: Dondozo|100\/100|[from] item: Leftovers\n|-fieldend|move: Grassy Terrain\n|upkeep\n|\n|t:|1729873401\n|switch|p2b: Gholdengo|Gholdengo, L50|100\/100\n|turn|9\n|\n|t:|1729873415\n|move|p2b: Gholdengo|Protect|p2b: Gholdengo\n|-singleturn|p2b: Gholdengo|Protect\n|move|p1a: Gliscor|High Horsepower|p2b: Gholdengo\n|-activate|p2b: Gholdengo|move: Protect\n|move|p1b: Rillaboom|U-turn|p2a: Dondozo\n|-damage|p2a: Dondozo|85\/100\n|\n|t:|1729873423\n|switch|p1b: Dragapult|Dragapult, L50, M|100\/100|[from] U-turn\n|move|p2a: Dondozo|Fissure|p1a: Gliscor|[miss]\n|-miss|p2a: Dondozo|p1a: Gliscor\n|\n|-heal|p2a: Dondozo|91\/100|[from] item: Leftovers\n|upkeep\n|turn|10\n|\n|t:|1729873441\n|move|p1b: Dragapult|Dragon Darts|p2a: Dondozo\n|-supereffective|p2a: Dondozo\n|-damage|p2a: Dondozo|46\/100\n|-anim|p1b: Dragapult|Dragon Darts|p2b: Gholdengo\n|-resisted|p2b: Gholdengo\n|-damage|p2b: Gholdengo|85\/100\n|move|p1a: Gliscor|High Horsepower|p2b: Gholdengo\n|-supereffective|p2b: Gholdengo\n|-damage|p2b: Gholdengo|0 fnt\n|faint|p2b: Gholdengo\n|move|p2a: Dondozo|Fissure|p1a: Gliscor|[miss]\n|-miss|p2a: Dondozo|p1a: Gliscor\n|\n|-heal|p2a: Dondozo|52\/100|[from] item: Leftovers\n|upkeep\n|turn|11\n|\n|t:|1729873454\n|move|p1b: Dragapult|Dragon Darts|p2a: Dondozo\n|-supereffective|p2a: Dondozo\n|-damage|p2a: Dondozo|7\/100\n|-anim|p1b: Dragapult|Dragon Darts|p2a: Dondozo\n|-supereffective|p2a: Dondozo\n|-damage|p2a: Dondozo|0 fnt\n|faint|p2a: Dondozo\n|\n|win|stoutland2\n|raw|stoutland2's rating: 1669 &rarr; <strong>1694<\/strong><br \/>(+25 for winning)\n|raw|647w's rating: 1766 &rarr; <strong>1741<\/strong><br \/>(-25 for losing)\n|l|\u2606stoutland2\n|player|p1|\n|l|\u2606647w\n|player|p2|\n|l| Therazer456\n","uploadtime":1729873456,"views":56,"formatid":"gen9vgc2024regh","rating":1694,"private":0,"password":null}