{"id":"gen9vgc2024regh-2230610685","format":"[Gen 9] VGC 2024 Reg H","players":["stoutland2","Riemann0917"],"log":"|j|\u2606stoutland2\n|j|\u2606Riemann0917\n|t:|1729858855\n|gametype|doubles\n|player|p1|stoutland2|linebacker|1683\n|player|p2|Riemann0917|unknown|1748\n|teamsize|p1|6\n|teamsize|p2|6\n|gen|9\n|tier|[Gen 9] VGC 2024 Reg H\n|rated|\n|rule|Species Clause: Limit one of each Pok\u00e9mon\n|rule|Item Clause: Limit 1 of each item\n|clearpoke\n|poke|p1|Gliscor, L50, F|\n|poke|p1|Sneasler, L50, M|\n|poke|p1|Gholdengo, L50|\n|poke|p1|Dragapult, L50, M|\n|poke|p1|Incineroar, L50, F|\n|poke|p1|Rillaboom, L50, F|\n|poke|p2|Gardevoir, L50, F|\n|poke|p2|Maushold-Four, L50|\n|poke|p2|Kingambit, L50, M|\n|poke|p2|Annihilape, L50, M|\n|poke|p2|Pelipper, L50, F|\n|poke|p2|Garchomp, L50, F|\n|teampreview|4\n|inactive|Battle timer is ON: inactive players will automatically lose when time's up. (requested by Riemann0917)\n|inactive|stoutland2 has 60 seconds left.\n|j| Mattia non\n|l| Mattia non\n|inactive|stoutland2 has 30 seconds left.\n|\n|t:|1729858921\n|start\n|switch|p1a: Sneasler|Sneasler, L50, M|100\/100\n|switch|p1b: Gliscor|Gliscor, L50, F|100\/100\n|switch|p2a: Annihilape|Annihilape, L50, M|100\/100\n|switch|p2b: Garchomp|Garchomp, L50, F|100\/100\n|turn|1\n|inactive|Riemann0917 has 30 seconds left.\n|\n|t:|1729858946\n|move|p2b: Garchomp|Protect|p2b: Garchomp\n|-singleturn|p2b: Garchomp|Protect\n|move|p2a: Annihilape|Coaching|p2b: Garchomp\n|-boost|p2b: Garchomp|atk|1\n|-boost|p2b: Garchomp|def|1\n|move|p1a: Sneasler|Coaching|p1b: Gliscor\n|-boost|p1b: Gliscor|atk|1\n|-boost|p1b: Gliscor|def|1\n|move|p1b: Gliscor|Swords Dance|p1b: Gliscor\n|-boost|p1b: Gliscor|atk|2\n|\n|-status|p1b: Gliscor|tox|[from] item: Toxic Orb\n|upkeep\n|turn|2\n|inactive|Riemann0917 has 30 seconds left.\n|inactive|Riemann0917 has 20 seconds left.\n|\n|t:|1729858983\n|move|p2a: Annihilape|Coaching|p2b: Garchomp\n|-boost|p2b: Garchomp|atk|1\n|-boost|p2b: Garchomp|def|1\n|move|p1a: Sneasler|Coaching|p1b: Gliscor\n|-boost|p1b: Gliscor|atk|1\n|-boost|p1b: Gliscor|def|1\n|move|p2b: Garchomp|Stomping Tantrum|p1a: Sneasler\n|-supereffective|p1a: Sneasler\n|-enditem|p1a: Sneasler|Focus Sash\n|-damage|p1a: Sneasler|1\/100\n|-damage|p2b: Garchomp|91\/100|[from] item: Life Orb\n|move|p1b: Gliscor|Dual Wingbeat|p2a: Annihilape\n|-supereffective|p2a: Annihilape\n|-damage|p2a: Annihilape|6\/100\n|-supereffective|p2a: Annihilape\n|-damage|p2a: Annihilape|0 fnt\n|faint|p2a: Annihilape\n|-hitcount|p2: Annihilape|2\n|\n|upkeep\n|\n|t:|1729858994\n|switch|p2a: Pelipper|Pelipper, L50, F|100\/100\n|-weather|RainDance|[from] ability: Drizzle|[of] p2a: Pelipper\n|turn|3\n|\n|t:|1729859010\n|move|p1a: Sneasler|Coaching|p1b: Gliscor\n|-boost|p1b: Gliscor|atk|1\n|-boost|p1b: Gliscor|def|1\n|move|p2b: Garchomp|Dragon Claw|p1b: Gliscor\n|-damage|p1b: Gliscor|54\/100 tox\n|-damage|p2b: Garchomp|81\/100|[from] item: Life Orb\n|move|p1b: Gliscor|Dual Wingbeat|p2a: Pelipper|[miss]\n|-miss|p1b: Gliscor|p2a: Pelipper\n|move|p2a: Pelipper|Tailwind|p2a: Pelipper\n|-sidestart|p2: Riemann0917|move: Tailwind\n|\n|-weather|RainDance|[upkeep]\n|-heal|p1b: Gliscor|66\/100 tox|[from] ability: Poison Heal\n|upkeep\n|turn|4\n|j| thejruth3\n|\n|t:|1729859031\n|move|p1b: Gliscor|Protect|p1b: Gliscor\n|-singleturn|p1b: Gliscor|Protect\n|move|p1a: Sneasler|Dire Claw|p2a: Pelipper\n|-damage|p2a: Pelipper|43\/100\n|move|p2b: Garchomp|Earthquake|p1b: Gliscor|[spread] p1a\n|-activate|p1b: Gliscor|move: Protect\n|-immune|p2a: Pelipper\n|-supereffective|p1a: Sneasler\n|-damage|p1a: Sneasler|0 fnt\n|faint|p1a: Sneasler\n|-damage|p2b: Garchomp|71\/100|[from] item: Life Orb\n|move|p2a: Pelipper|Weather Ball|p1b: Gliscor\n|-activate|p1b: Gliscor|move: Protect\n|\n|-weather|RainDance|[upkeep]\n|-heal|p1b: Gliscor|78\/100 tox|[from] ability: Poison Heal\n|upkeep\n|\n|t:|1729859045\n|switch|p1a: Rillaboom|Rillaboom, L50, F|100\/100\n|-fieldstart|move: Grassy Terrain|[from] ability: Grassy Surge|[of] p1a: Rillaboom\n|turn|5\n|inactive|Riemann0917 has 30 seconds left.\n|inactive|Riemann0917 has 20 seconds left.\n|\n|t:|1729859082\n|switch|p2a: Kingambit|Kingambit, L50, M|100\/100\n|-terastallize|p1b: Gliscor|Water\n|move|p1a: Rillaboom|Grassy Glide|p2a: Kingambit\n|-resisted|p2a: Kingambit\n|-damage|p2a: Kingambit|85\/100\n|move|p2b: Garchomp|Dragon Claw|p1b: Gliscor\n|-damage|p1b: Gliscor|34\/100 tox\n|-damage|p2b: Garchomp|61\/100|[from] item: Life Orb\n|move|p1b: Gliscor|High Horsepower|p2b: Garchomp\n|-damage|p2b: Garchomp|0 fnt\n|-damage|p1b: Gliscor|22\/100 tox|[from] ability: Rough Skin|[of] p2b: Garchomp\n|faint|p2b: Garchomp\n|\n|-weather|RainDance|[upkeep]\n|-heal|p1b: Gliscor|28\/100 tox|[from] Grassy Terrain\n|-heal|p2a: Kingambit|91\/100|[from] Grassy Terrain\n|-heal|p1b: Gliscor|40\/100 tox|[from] ability: Poison Heal\n|upkeep\n|\n|t:|1729859096\n|switch|p2b: Pelipper|Pelipper, L50, F|43\/100\n|turn|6\n|\n|t:|1729859112\n|-terastallize|p2a: Kingambit|Dark\n|move|p1a: Rillaboom|Grassy Glide|p2b: Pelipper\n|-damage|p2b: Pelipper|0 fnt\n|faint|p2b: Pelipper\n|move|p2a: Kingambit|Sucker Punch|p1b: Gliscor\n|-damage|p1b: Gliscor|13\/100 tox\n|move|p1b: Gliscor|High Horsepower|p2a: Kingambit\n|-damage|p2a: Kingambit|0 fnt\n|faint|p2a: Kingambit\n|\n|win|stoutland2\n|raw|stoutland2's rating: 1683 &rarr; <strong>1706<\/strong><br \/>(+23 for winning)\n|raw|Riemann0917's rating: 1728 &rarr; <strong>1705<\/strong><br \/>(-23 for losing)\n|l|\u2606stoutland2\n|player|p1|\n|l|\u2606Riemann0917\n|player|p2|\n","uploadtime":1729859128,"views":29,"formatid":"gen9vgc2024regh","rating":1705,"private":0,"password":null}