{"id":"gen9vgc2024regh-2230867357","format":"[Gen 9] VGC 2024 Reg H","players":["m00seh","Zordor"],"log":"|j|\u2606m00seh\n|j|\u2606Zordor\n|t:|1729882950\n|gametype|doubles\n|player|p1|m00seh|blaine|1768\n|player|p2|Zordor|pilot|1747\n|teamsize|p1|6\n|teamsize|p2|6\n|gen|9\n|tier|[Gen 9] VGC 2024 Reg H\n|rated|\n|rule|Species Clause: Limit one of each Pok\u00e9mon\n|rule|Item Clause: Limit 1 of each item\n|clearpoke\n|poke|p1|Rillaboom, L50, F|\n|poke|p1|Blaziken, L50, M|\n|poke|p1|Kingambit, L50, F|\n|poke|p1|Ursaluna-Bloodmoon, L50, M|\n|poke|p1|Porygon2, L50|\n|poke|p1|Primarina, L50, F|\n|poke|p2|Rotom-Wash, L50|\n|poke|p2|Weavile, L50, M|\n|poke|p2|Kingambit, L50, F|\n|poke|p2|Armarouge, L50, M|\n|poke|p2|Dragapult, L50, M|\n|poke|p2|Venusaur, L50, M|\n|teampreview|4\n|inactive|Battle timer is ON: inactive players will automatically lose when time's up. (requested by m00seh)\n|\n|t:|1729883011\n|start\n|switch|p1a: Kingambit|Kingambit, L50, F|100\/100\n|switch|p1b: Porygon2|Porygon2, L50|100\/100\n|switch|p2a: Weavile|Weavile, L50, M|100\/100\n|switch|p2b: Rotom|Rotom-Wash, L50|100\/100\n|-ability|p1b: Porygon2|Download|boost\n|-boost|p1b: Porygon2|atk|1\n|turn|1\n|\n|t:|1729883022\n|move|p1a: Kingambit|Protect|p1a: Kingambit\n|-singleturn|p1a: Kingambit|Protect\n|move|p2a: Weavile|Knock Off|p1b: Porygon2\n|-damage|p1b: Porygon2|72\/100\n|-enditem|p1b: Porygon2|Eviolite|[from] move: Knock Off|[of] p2a: Weavile\n|move|p2b: Rotom|Will-O-Wisp|p1a: Kingambit\n|-activate|p1a: Kingambit|move: Protect\n|move|p1b: Porygon2|Trick Room|p1b: Porygon2\n|-fieldstart|move: Trick Room|[of] p1b: Porygon2\n|\n|upkeep\n|turn|2\n|\n|t:|1729883046\n|move|p2b: Rotom|Protect|p2b: Rotom\n|-singleturn|p2b: Rotom|Protect\n|move|p2a: Weavile|Protect|p2a: Weavile\n|-singleturn|p2a: Weavile|Protect\n|move|p1a: Kingambit|Swords Dance|p1a: Kingambit\n|-boost|p1a: Kingambit|atk|2\n|move|p1b: Porygon2|Tera Blast|p2a: Weavile\n|-activate|p2a: Weavile|move: Protect\n|\n|upkeep\n|turn|3\n|\n|t:|1729883055\n|-terastallize|p1a: Kingambit|Fairy\n|move|p1a: Kingambit|Swords Dance|p1a: Kingambit\n|-boost|p1a: Kingambit|atk|2\n|move|p1b: Porygon2|Tera Blast|p2a: Weavile\n|-damage|p2a: Weavile|53\/100\n|move|p2b: Rotom|Will-O-Wisp|p1a: Kingambit\n|-status|p1a: Kingambit|brn\n|move|p2a: Weavile|Brick Break|p1a: Kingambit\n|-resisted|p1a: Kingambit\n|-damage|p1a: Kingambit|91\/100 brn\n|\n|-damage|p1a: Kingambit|85\/100 brn|[from] brn\n|upkeep\n|turn|4\n|\n|t:|1729883074\n|switch|p1b: Ursaluna|Ursaluna-Bloodmoon, L50, M|100\/100\n|move|p2b: Rotom|Protect|p2b: Rotom\n|-singleturn|p2b: Rotom|Protect\n|move|p2a: Weavile|Protect|p2a: Weavile\n|-singleturn|p2a: Weavile|Protect\n|move|p1a: Kingambit|Kowtow Cleave|p2b: Rotom\n|-activate|p2b: Rotom|move: Protect\n|\n|-damage|p1a: Kingambit|79\/100 brn|[from] brn\n|upkeep\n|turn|5\n|inactive|Zordor has 30 seconds left.\n|\n|t:|1729883105\n|move|p1b: Ursaluna|Earth Power|p2a: Weavile\n|-damage|p2a: Weavile|0 fnt\n|faint|p2a: Weavile\n|-damage|p1b: Ursaluna|91\/100|[from] item: Life Orb\n|move|p1a: Kingambit|Kowtow Cleave|p2b: Rotom\n|-damage|p2b: Rotom|17\/100\n|move|p2b: Rotom|Hydro Pump|p1b: Ursaluna\n|-supereffective|p1b: Ursaluna\n|-damage|p1b: Ursaluna|3\/100\n|\n|-damage|p1a: Kingambit|73\/100 brn|[from] brn\n|-fieldend|move: Trick Room\n|upkeep\n|\n|t:|1729883117\n|switch|p2a: Armarouge|Armarouge, L50, M|100\/100\n|turn|6\n|\n|t:|1729883130\n|-terastallize|p2a: Armarouge|Dark\n|move|p2b: Rotom|Hydro Pump|p1a: Kingambit\n|-damage|p1a: Kingambit|34\/100 brn\n|move|p2a: Armarouge|Heat Wave|p1b: Ursaluna|[spread] p1a,p1b\n|-damage|p1a: Kingambit|0 fnt\n|-damage|p1b: Ursaluna|0 fnt\n|faint|p1a: Kingambit\n|faint|p1b: Ursaluna\n|\n|upkeep\n|\n|t:|1729883136\n|switch|p1a: Porygon2|Porygon2, L50|72\/100\n|switch|p1b: Rillaboom|Rillaboom, L50, F|100\/100\n|-fieldstart|move: Grassy Terrain|[from] ability: Grassy Surge|[of] p1b: Rillaboom\n|-ability|p1a: Porygon2|Download|boost\n|-boost|p1a: Porygon2|spa|1\n|turn|7\n|\n|t:|1729883156\n|move|p1b: Rillaboom|Grassy Glide|p2b: Rotom\n|-supereffective|p2b: Rotom\n|-crit|p2b: Rotom\n|-damage|p2b: Rotom|0 fnt\n|faint|p2b: Rotom\n|move|p2a: Armarouge|Heat Wave|p1a: Porygon2|[spread] p1b\n|-miss|p2a: Armarouge|p1a: Porygon2\n|-supereffective|p1b: Rillaboom\n|-damage|p1b: Rillaboom|54\/100\n|move|p1a: Porygon2|Tera Blast|p2a: Armarouge\n|-damage|p2a: Armarouge|39\/100\n|\n|-heal|p2a: Armarouge|45\/100|[from] Grassy Terrain\n|-heal|p1b: Rillaboom|60\/100|[from] Grassy Terrain\n|-heal|p1a: Porygon2|78\/100|[from] Grassy Terrain\n|upkeep\n|\n|t:|1729883165\n|switch|p2b: Venusaur|Venusaur, L50, M|100\/100\n|turn|8\n|\n|t:|1729883179\n|move|p1b: Rillaboom|Grassy Glide|p2a: Armarouge\n|-crit|p2a: Armarouge\n|-damage|p2a: Armarouge|0 fnt\n|faint|p2a: Armarouge\n|move|p2b: Venusaur|Giga Drain|p1a: Porygon2\n|-damage|p1a: Porygon2|42\/100\n|move|p1a: Porygon2|Trick Room|p1a: Porygon2\n|-fieldstart|move: Trick Room|[of] p1a: Porygon2\n|\n|-heal|p1a: Porygon2|48\/100|[from] Grassy Terrain\n|-heal|p1b: Rillaboom|65\/100|[from] Grassy Terrain\n|upkeep\n|turn|9\n|\n|t:|1729883189\n|move|p1a: Porygon2|Ice Beam|p2b: Venusaur\n|-supereffective|p2b: Venusaur\n|-damage|p2b: Venusaur|18\/100\n|move|p1b: Rillaboom|High Horsepower|p2b: Venusaur\n|-damage|p2b: Venusaur|0 fnt\n|faint|p2b: Venusaur\n|\n|win|m00seh\n|raw|m00seh's rating: 1768 &rarr; <strong>1787<\/strong><br \/>(+19 for winning)\n|raw|Zordor's rating: 1747 &rarr; <strong>1728<\/strong><br \/>(-19 for losing)\n|l|\u2606Zordor\n|player|p2|\n|l|\u2606m00seh\n|player|p1|\n","uploadtime":1729883336,"views":22,"formatid":"gen9vgc2024regh","rating":1728,"private":0,"password":null}