{"id":"gen9vgc2024regh-2230839776","format":"[Gen 9] VGC 2024 Reg H","players":["quinn2","Shikanoko32"],"log":"|j|\u2606quinn2\n|j|\u2606Shikanoko32\n|t:|1729880336\n|gametype|doubles\n|player|p1|quinn2|170|1717\n|player|p2|Shikanoko32|170|1791\n|teamsize|p1|6\n|teamsize|p2|6\n|gen|9\n|tier|[Gen 9] VGC 2024 Reg H\n|rated|\n|rule|Species Clause: Limit one of each Pok\u00e9mon\n|rule|Item Clause: Limit 1 of each item\n|clearpoke\n|poke|p1|Zoroark-Hisui, L50, M|\n|poke|p1|Whimsicott, L50, F|\n|poke|p1|Indeedee-F, L50, F|\n|poke|p1|Baxcalibur, L50, M|\n|poke|p1|Flamigo, L50, F|\n|poke|p1|Overqwil, L50, F|\n|poke|p2|Incineroar, L50, M|\n|poke|p2|Rillaboom, L50, F|\n|poke|p2|Ninetales-Alola, L50, F|\n|poke|p2|Frosmoth, L50, M|\n|poke|p2|Maushold-Four, L50|\n|poke|p2|Annihilape, L50, F|\n|teampreview|4\n|j| mpudi\n|inactive|Battle timer is ON: inactive players will automatically lose when time's up. (requested by Shikanoko32)\n|\n|t:|1729880426\n|start\n|switch|p1a: Whimsicott|Whimsicott, L50, F|100\/100\n|switch|p1b: Overqwil|Overqwil, L50, F|100\/100\n|switch|p2a: Incineroar|Incineroar, L50, M|100\/100\n|switch|p2b: Ninetales|Ninetales-Alola, L50, F|100\/100\n|-weather|Snow|[from] ability: Snow Warning|[of] p2b: Ninetales\n|-ability|p1b: Overqwil|Intimidate|boost\n|-unboost|p2a: Incineroar|atk|1\n|-unboost|p2b: Ninetales|atk|1\n|-ability|p2a: Incineroar|Intimidate|boost\n|-unboost|p1a: Whimsicott|atk|1\n|-unboost|p1b: Overqwil|atk|1\n|turn|1\n|inactive|quinn2 has 30 seconds left.\n|\n|t:|1729880455\n|-terastallize|p1a: Whimsicott|Ghost\n|move|p1a: Whimsicott|Tailwind|p1a: Whimsicott\n|-sidestart|p1: quinn2|move: Tailwind\n|move|p1b: Overqwil|Gunk Shot|p2b: Ninetales|[miss]\n|-miss|p1b: Overqwil|p2b: Ninetales\n|move|p2b: Ninetales|Aurora Veil|p2b: Ninetales\n|-sidestart|p2: Shikanoko32|move: Aurora Veil\n|move|p2a: Incineroar|Flare Blitz|p1a: Whimsicott\n|-damage|p1a: Whimsicott|56\/100\n|-damage|p2a: Incineroar|91\/100|[from] Recoil\n|\n|-weather|Snow|[upkeep]\n|upkeep\n|turn|2\n|inactive|quinn2 has 30 seconds left.\n|\n|t:|1729880482\n|switch|p2b: Annihilape|Annihilape, L50, F|100\/100\n|move|p1a: Whimsicott|Encore||[still]\n|-fail|p1a: Whimsicott\n|move|p1b: Overqwil|Liquidation|p2a: Incineroar\n|-supereffective|p2a: Incineroar\n|-damage|p2a: Incineroar|68\/100\n|move|p2a: Incineroar|Knock Off|p1a: Whimsicott\n|-supereffective|p1a: Whimsicott\n|-damage|p1a: Whimsicott|0 fnt\n|-enditem|p1a: Whimsicott|Focus Sash|[from] move: Knock Off|[of] p2a: Incineroar\n|faint|p1a: Whimsicott\n|\n|-weather|Snow|[upkeep]\n|upkeep\n|\n|t:|1729880493\n|switch|p1a: Flamigo|Flamigo, L50, F|100\/100\n|turn|3\n|\n|t:|1729880513\n|switch|p1b: Baxcalibur|Baxcalibur, L50, M|100\/100\n|move|p1a: Flamigo|Close Combat|p2a: Incineroar\n|-supereffective|p2a: Incineroar\n|-damage|p2a: Incineroar|5\/100\n|-unboost|p1a: Flamigo|def|1\n|-unboost|p1a: Flamigo|spd|1\n|move|p2b: Annihilape|Bulk Up|p2b: Annihilape\n|-boost|p2b: Annihilape|atk|1\n|-boost|p2b: Annihilape|def|1\n|move|p2a: Incineroar|Parting Shot|p1a: Flamigo\n|-unboost|p1a: Flamigo|atk|1\n|-unboost|p1a: Flamigo|spa|1\n|\n|t:|1729880528\n|switch|p2a: Frosmoth|Frosmoth, L50, M|100\/100|[from] Parting Shot\n|\n|-weather|Snow|[upkeep]\n|upkeep\n|turn|4\n|inactive|quinn2 has 30 seconds left.\n|\n|t:|1729880558\n|move|p1a: Flamigo|Protect|p1a: Flamigo\n|-singleturn|p1a: Flamigo|Protect\n|move|p1b: Baxcalibur|Scale Shot|p2a: Frosmoth\n|-damage|p2a: Frosmoth|92\/100\n|-damage|p2a: Frosmoth|84\/100\n|-damage|p2a: Frosmoth|76\/100\n|-damage|p2a: Frosmoth|67\/100\n|-damage|p2a: Frosmoth|60\/100\n|-hitcount|p2a: Frosmoth|5\n|-unboost|p1b: Baxcalibur|def|1\n|-boost|p1b: Baxcalibur|spe|1\n|move|p2b: Annihilape|Drain Punch|p1b: Baxcalibur\n|-supereffective|p1b: Baxcalibur\n|-damage|p1b: Baxcalibur|5\/100\n|move|p2a: Frosmoth|Blizzard|p1b: Baxcalibur|[spread] p1b\n|-activate|p1a: Flamigo|move: Protect\n|-damage|p1b: Baxcalibur|0 fnt\n|faint|p1b: Baxcalibur\n|\n|-weather|Snow|[upkeep]\n|-heal|p2a: Frosmoth|66\/100|[from] item: Leftovers\n|-sideend|p1: quinn2|move: Tailwind\n|upkeep\n|\n|t:|1729880572\n|switch|p1b: Overqwil|Overqwil, L50, F|100\/100\n|-ability|p1b: Overqwil|Intimidate|boost\n|-unboost|p2a: Frosmoth|atk|1\n|-unboost|p2b: Annihilape|atk|1\n|-ability|p2b: Annihilape|Defiant|boost\n|-boost|p2b: Annihilape|atk|2\n|turn|5\n|\n|t:|1729880593\n|switch|p2a: Incineroar|Incineroar, L50, M|5\/100\n|-ability|p2a: Incineroar|Intimidate|boost\n|-fail|p1a: Flamigo|unboost|Attack|[from] ability: Scrappy|[of] p1a: Flamigo\n|-unboost|p1b: Overqwil|atk|1\n|move|p1a: Flamigo|Brave Bird|p2b: Annihilape\n|-supereffective|p2b: Annihilape\n|-damage|p2b: Annihilape|64\/100\n|-damage|p1a: Flamigo|85\/100|[from] Recoil\n|move|p2b: Annihilape|Rage Fist|p1a: Flamigo\n|-damage|p1a: Flamigo|0 fnt\n|faint|p1a: Flamigo\n|move|p1b: Overqwil|Gunk Shot|p2a: Incineroar\n|-damage|p2a: Incineroar|0 fnt\n|faint|p2a: Incineroar\n|\n|-weather|none\n|-sideend|p2: Shikanoko32|move: Aurora Veil\n|upkeep\n|-message|quinn2 forfeited.\n|\n|win|Shikanoko32\n|raw|quinn2's rating: 1717 &rarr; <strong>1701<\/strong><br \/>(-16 for losing)\n|raw|Shikanoko32's rating: 1791 &rarr; <strong>1807<\/strong><br \/>(+16 for winning)\n|l|\u2606quinn2\n|player|p1|\n|l|\u2606Shikanoko32\n|player|p2|\n|l| mpudi\n","uploadtime":1729880845,"views":17,"formatid":"gen9vgc2024regh","rating":1701,"private":0,"password":null}