{"id":"gen9vgc2024regh-2230188831","format":"[Gen 9] VGC 2024 Reg H","players":["Jarvis1","test-on-calls"],"log":"|j|\u2606Jarvis1\n|j|\u2606test-on-calls\n|t:|1729800882\n|gametype|doubles\n|player|p1|Jarvis1|102|1734\n|player|p2|test-on-calls|1|1676\n|teamsize|p1|6\n|teamsize|p2|6\n|gen|9\n|tier|[Gen 9] VGC 2024 Reg H\n|rated|\n|rule|Species Clause: Limit one of each Pok\u00e9mon\n|rule|Item Clause: Limit 1 of each item\n|clearpoke\n|poke|p1|Incineroar, L50, M|\n|poke|p1|Rillaboom, L50, M|\n|poke|p1|Vivillon, L50, M|\n|poke|p1|Pelipper, L50, F|\n|poke|p1|Annihilape, L50, M|\n|poke|p1|Gastrodon, L50, M|\n|poke|p2|Pelipper, L50, M|\n|poke|p2|Tinkaton, L50, F|\n|poke|p2|Amoonguss, L50, F|\n|poke|p2|Gholdengo, L50|\n|poke|p2|Donphan, L50, F|\n|poke|p2|Primarina, L50, F|\n|teampreview|4\n|inactive|Battle timer is ON: inactive players will automatically lose when time's up. (requested by test-on-calls)\n|inactive|test-on-calls has 60 seconds left.\n|\n|t:|1729800933\n|start\n|switch|p1a: Annihilape|Annihilape, L50, M|100\/100\n|switch|p1b: Incineroar|Incineroar, L50, M|100\/100\n|switch|p2a: Ron Jeremy|Amoonguss, L50, F|100\/100\n|switch|p2b: String Yeeze|Gholdengo, L50|100\/100\n|-ability|p1b: Incineroar|Intimidate|boost\n|-unboost|p2a: Ron Jeremy|atk|1\n|-unboost|p2b: String Yeeze|atk|1\n|turn|1\n|inactive|Jarvis1 has 30 seconds left.\n|\n|t:|1729800961\n|switch|p2b: Corv?|Pelipper, L50, M|100\/100\n|-weather|RainDance|[from] ability: Drizzle|[of] p2b: Corv?\n|-terastallize|p1a: Annihilape|Fire\n|move|p1a: Annihilape|Bulk Up|p1a: Annihilape\n|-boost|p1a: Annihilape|atk|1\n|-boost|p1a: Annihilape|def|1\n|move|p1b: Incineroar|Flare Blitz|p2b: Corv?\n|-resisted|p2b: Corv?\n|-damage|p2b: Corv?|81\/100\n|-damage|p1b: Incineroar|96\/100|[from] Recoil\n|move|p2a: Ron Jeremy|Spore|p1a: Annihilape\n|-activate|p1a: Annihilape|item: Safety Goggles|Spore\n|\n|-weather|RainDance|[upkeep]\n|upkeep\n|turn|2\n|\n|t:|1729800978\n|switch|p1b: Gastrodon|Gastrodon, L50, M|100\/100\n|move|p1a: Annihilape|Bulk Up|p1a: Annihilape\n|-boost|p1a: Annihilape|atk|1\n|-boost|p1a: Annihilape|def|1\n|move|p2b: Corv?|Tailwind|p2b: Corv?\n|-sidestart|p2: test-on-calls|move: Tailwind\n|move|p2a: Ron Jeremy|Leaf Storm|p1b: Gastrodon\n|-supereffective|p1b: Gastrodon\n|-damage|p1b: Gastrodon|0 fnt\n|-unboost|p2a: Ron Jeremy|spa|2\n|faint|p1b: Gastrodon\n|\n|-weather|RainDance|[upkeep]\n|upkeep\n|c|\u2606test-on-calls|bonk\n|\n|t:|1729800993\n|switch|p1b: Vivillon|Vivillon, L50, M|100\/100\n|turn|3\n|\n|t:|1729801002\n|switch|p2b: Heffalump|Donphan, L50, F, shiny|100\/100\n|move|p1a: Annihilape|Protect|p1a: Annihilape\n|-singleturn|p1a: Annihilape|Protect\n|move|p1b: Vivillon|Sleep Powder|p2b: Heffalump\n|-status|p2b: Heffalump|slp|[from] move: Sleep Powder\n|move|p2a: Ron Jeremy|Spore|p1b: Vivillon\n|-status|p1b: Vivillon|slp|[from] move: Spore\n|\n|-weather|RainDance|[upkeep]\n|upkeep\n|turn|4\n|\n|t:|1729801023\n|switch|p1b: Incineroar|Incineroar, L50, M|96\/100\n|-ability|p1b: Incineroar|Intimidate|boost\n|-unboost|p2a: Ron Jeremy|atk|1\n|-unboost|p2b: Heffalump|atk|1\n|switch|p2a: Corv?|Pelipper, L50, M|81\/100\n|cant|p2b: Heffalump|slp\n|move|p1a: Annihilape|Bulk Up|p1a: Annihilape\n|-boost|p1a: Annihilape|atk|1\n|-boost|p1a: Annihilape|def|1\n|\n|-weather|RainDance|[upkeep]\n|upkeep\n|turn|5\n|\n|t:|1729801040\n|switch|p2a: Ron Jeremy|Amoonguss, L50, F|100\/100\n|switch|p1b: Vivillon|Vivillon, L50, M|100\/100 slp\n|move|p1a: Annihilape|Protect|p1a: Annihilape\n|-singleturn|p1a: Annihilape|Protect\n|-curestatus|p2b: Heffalump|slp|[msg]\n|move|p2b: Heffalump|Knock Off|p1a: Annihilape\n|-activate|p1a: Annihilape|move: Protect\n|\n|-weather|none\n|-sideend|p2: test-on-calls|move: Tailwind\n|upkeep\n|turn|6\n|\n|t:|1729801065\n|cant|p1b: Vivillon|slp\n|move|p1a: Annihilape|Rage Fist|p2a: Ron Jeremy\n|-damage|p2a: Ron Jeremy|58\/100\n|move|p2b: Heffalump|Knock Off|p1a: Annihilape\n|-damage|p1a: Annihilape|91\/100\n|-enditem|p1a: Annihilape|Safety Goggles|[from] move: Knock Off|[of] p2b: Heffalump\n|move|p2a: Ron Jeremy|Spore|p1a: Annihilape\n|-status|p1a: Annihilape|slp|[from] move: Spore\n|\n|upkeep\n|turn|7\n|\n|t:|1729801081\n|cant|p1a: Annihilape|slp\n|cant|p1b: Vivillon|slp\n|move|p2b: Heffalump|Ice Spinner|p1b: Vivillon\n|-supereffective|p1b: Vivillon\n|-damage|p1b: Vivillon|9\/100 slp\n|move|p2a: Ron Jeremy|Leaf Storm|p1b: Vivillon\n|-resisted|p1b: Vivillon\n|-damage|p1b: Vivillon|0 fnt\n|-unboost|p2a: Ron Jeremy|spa|2\n|faint|p1b: Vivillon\n|\n|upkeep\n|\n|t:|1729801094\n|switch|p1b: Incineroar|Incineroar, L50, M|96\/100\n|-ability|p1b: Incineroar|Intimidate|boost\n|-unboost|p2a: Ron Jeremy|atk|1\n|-unboost|p2b: Heffalump|atk|1\n|turn|8\n|\n|t:|1729801107\n|move|p2a: Ron Jeremy|Protect|p2a: Ron Jeremy\n|-singleturn|p2a: Ron Jeremy|Protect\n|cant|p1a: Annihilape|slp\n|move|p2b: Heffalump|High Horsepower|p1b: Incineroar\n|-supereffective|p1b: Incineroar\n|-damage|p1b: Incineroar|43\/100\n|-enditem|p1b: Incineroar|Sitrus Berry|[eat]\n|-heal|p1b: Incineroar|67\/100|[from] item: Sitrus Berry\n|move|p1b: Incineroar|Knock Off|p2b: Heffalump\n|-damage|p2b: Heffalump|54\/100\n|-enditem|p2b: Heffalump|Expert Belt|[from] move: Knock Off|[of] p1b: Incineroar\n|\n|upkeep\n|turn|9\n|inactive|test-on-calls has 30 seconds left.\n|\n|t:|1729801134\n|switch|p2b: Corv?|Pelipper, L50, M|81\/100\n|-weather|RainDance|[from] ability: Drizzle|[of] p2b: Corv?\n|switch|p2a: String Yeeze|Gholdengo, L50|100\/100\n|-curestatus|p1a: Annihilape|slp|[msg]\n|move|p1a: Annihilape|Rage Fist|p2a: String Yeeze\n|-supereffective|p2a: String Yeeze\n|-damage|p2a: String Yeeze|0 fnt\n|faint|p2a: String Yeeze\n|move|p1b: Incineroar|Knock Off|p2b: Corv?\n|-damage|p2b: Corv?|17\/100\n|-enditem|p2b: Corv?|Focus Sash|[from] move: Knock Off|[of] p1b: Incineroar\n|\n|-weather|RainDance|[upkeep]\n|upkeep\n|\n|t:|1729801136\n|switch|p2a: Ron Jeremy|Amoonguss, L50, F|58\/100\n|turn|10\n|\n|t:|1729801157\n|move|p2a: Ron Jeremy|Rage Powder|p2a: Ron Jeremy\n|-singleturn|p2a: Ron Jeremy|move: Rage Powder\n|move|p1a: Annihilape|Rage Fist|p2a: Ron Jeremy\n|-damage|p2a: Ron Jeremy|0 fnt\n|faint|p2a: Ron Jeremy\n|move|p2b: Corv?|Weather Ball|p1a: Annihilape\n|-supereffective|p1a: Annihilape\n|-damage|p1a: Annihilape|0 fnt\n|faint|p1a: Annihilape\n|move|p1b: Incineroar|Knock Off|p2b: Corv?\n|-damage|p2b: Corv?|0 fnt\n|faint|p2b: Corv?\n|\n|-weather|RainDance|[upkeep]\n|upkeep\n|\n|t:|1729801161\n|switch|p2b: Heffalump|Donphan, L50, F, shiny|54\/100\n|turn|11\n|\n|t:|1729801168\n|-terastallize|p2b: Heffalump|Dark\n|move|p2b: Heffalump|High Horsepower|p1b: Incineroar\n|-supereffective|p1b: Incineroar\n|-damage|p1b: Incineroar|0 fnt\n|faint|p1b: Incineroar\n|\n|win|test-on-calls\n|raw|Jarvis1's rating: 1734 &rarr; <strong>1711<\/strong><br \/>(-23 for losing)\n|raw|test-on-calls's rating: 1676 &rarr; <strong>1699<\/strong><br \/>(+23 for winning)\n|c|\u2606test-on-calls|gg\n|l|\u2606Jarvis1\n|player|p1|\n","uploadtime":1729801428,"views":18,"formatid":"gen9vgc2024regh","rating":1699,"private":0,"password":null}