{"id":"gen9vgc2024regh-2230561256","format":"[Gen 9] VGC 2024 Reg H","players":["Cha0sm0nky","rainha678"],"log":"|j|\u2606Cha0sm0nky\n|j|\u2606rainha678\n|t:|1729852161\n|gametype|doubles\n|player|p1|Cha0sm0nky|101|1723\n|player|p2|rainha678|169|1710\n|teamsize|p1|6\n|teamsize|p2|6\n|gen|9\n|tier|[Gen 9] VGC 2024 Reg H\n|rated|\n|rule|Species Clause: Limit one of each Pok\u00e9mon\n|rule|Item Clause: Limit 1 of each item\n|clearpoke\n|poke|p1|Ninetales-Alola, L50, M|\n|poke|p1|Garchomp, L50, M|\n|poke|p1|Dragapult, L50, M|\n|poke|p1|Kingambit, L50, F|\n|poke|p1|Rillaboom, L50, M|\n|poke|p1|Sneasler, L50, F|\n|poke|p2|Indeedee-F, L50, F|\n|poke|p2|Whimsicott, L50, F|\n|poke|p2|Armarouge, L50, F|\n|poke|p2|Annihilape, L50, F|\n|poke|p2|Dragonite, L50, F|\n|poke|p2|Scizor, L50, M|\n|teampreview|4\n|\n|t:|1729852215\n|start\n|switch|p1a: Dragapult|Dragapult, L50, M|100\/100\n|switch|p1b: Kingambit|Kingambit, L50, F|100\/100\n|switch|p2a: Whimsicott|Whimsicott, L50, F|100\/100\n|switch|p2b: Scizor|Scizor, L50, M|100\/100\n|turn|1\n|\n|t:|1729852242\n|-terastallize|p1a: Dragapult|Ghost\n|-terastallize|p2b: Scizor|Fire\n|move|p2a: Whimsicott|Sunny Day|p2a: Whimsicott\n|-weather|SunnyDay\n|move|p1a: Dragapult|Tera Blast|p2b: Scizor|[anim] Tera Blast Ghost\n|-damage|p2b: Scizor|20\/100\n|move|p2b: Scizor|Tera Blast|p1b: Kingambit|[anim] Tera Blast Fire\n|-supereffective|p1b: Kingambit\n|-damage|p1b: Kingambit|0 fnt\n|faint|p1b: Kingambit\n|\n|-weather|SunnyDay|[upkeep]\n|upkeep\n|\n|t:|1729852253\n|switch|p1b: Rillaboom|Rillaboom, L50, M|100\/100\n|-fieldstart|move: Grassy Terrain|[from] ability: Grassy Surge|[of] p1b: Rillaboom\n|turn|2\n|\n|t:|1729852269\n|switch|p2b: Indeedee|Indeedee-F, L50, F, shiny|100\/100\n|-fieldstart|move: Psychic Terrain|[from] ability: Psychic Surge|[of] p2b: Indeedee\n|move|p1b: Rillaboom|Fake Out|p2b: Indeedee\n|-activate|p2b: Indeedee|move: Psychic Terrain\n|move|p1a: Dragapult|Tera Blast|p2a: Whimsicott|[anim] Tera Blast Ghost\n|-enditem|p2a: Whimsicott|Focus Sash\n|-damage|p2a: Whimsicott|1\/100\n|move|p2a: Whimsicott|Moonblast|p1a: Dragapult\n|-damage|p1a: Dragapult|50\/100\n|\n|-weather|SunnyDay|[upkeep]\n|upkeep\n|turn|3\n|\n|t:|1729852290\n|switch|p1b: Garchomp|Garchomp, L50, M|100\/100\n|move|p2b: Indeedee|Follow Me|p2b: Indeedee\n|-singleturn|p2b: Indeedee|move: Follow Me\n|move|p2a: Whimsicott|Tailwind|p2a: Whimsicott\n|-sidestart|p2: rainha678|move: Tailwind\n|move|p1a: Dragapult|Tera Blast|p2b: Indeedee|[anim] Tera Blast Ghost\n|-immune|p2b: Indeedee\n|\n|-weather|SunnyDay|[upkeep]\n|upkeep\n|turn|4\n|\n|t:|1729852334\n|switch|p1a: Rillaboom|Rillaboom, L50, M|100\/100\n|-fieldstart|move: Grassy Terrain|[from] ability: Grassy Surge|[of] p1a: Rillaboom\n|switch|p2b: Annihilape|Annihilape, L50, F|100\/100\n|move|p2a: Whimsicott|Moonblast|p1a: Rillaboom\n|-damage|p1a: Rillaboom|57\/100\n|move|p1b: Garchomp|Dragon Claw|p2b: Annihilape\n|-damage|p2b: Annihilape|48\/100\n|-enditem|p2b: Annihilape|Sitrus Berry|[eat]\n|-heal|p2b: Annihilape|73\/100|[from] item: Sitrus Berry\n|-damage|p1b: Garchomp|91\/100|[from] item: Life Orb\n|\n|-weather|SunnyDay|[upkeep]\n|-heal|p2a: Whimsicott|7\/100|[from] Grassy Terrain\n|-heal|p2b: Annihilape|79\/100|[from] Grassy Terrain\n|-heal|p1b: Garchomp|97\/100|[from] Grassy Terrain\n|-heal|p1a: Rillaboom|62\/100|[from] Grassy Terrain\n|upkeep\n|turn|5\n|\n|t:|1729852367\n|switch|p2b: Indeedee|Indeedee-F, L50, F, shiny|100\/100\n|-fieldstart|move: Psychic Terrain|[from] ability: Psychic Surge|[of] p2b: Indeedee\n|move|p2a: Whimsicott|Moonblast|p1b: Garchomp\n|-supereffective|p1b: Garchomp\n|-damage|p1b: Garchomp|14\/100\n|move|p1b: Garchomp|Dragon Claw|p2b: Indeedee\n|-damage|p2b: Indeedee|52\/100\n|-damage|p1b: Garchomp|0 fnt|[from] item: Rocky Helmet|[of] p2b: Indeedee\n|faint|p1b: Garchomp\n|move|p1a: Rillaboom|Wood Hammer|p2b: Indeedee\n|-damage|p2b: Indeedee|0 fnt\n|-damage|p1a: Rillaboom|46\/100|[from] item: Rocky Helmet|[of] p2b: Indeedee\n|faint|p2b: Indeedee\n|-damage|p1a: Rillaboom|31\/100|[from] Recoil\n|\n|-weather|none\n|upkeep\n|\n|t:|1729852385\n|switch|p1b: Dragapult|Dragapult, L50, M, tera:Ghost|50\/100\n|switch|p2b: Annihilape|Annihilape, L50, F|79\/100\n|turn|6\n|\n|t:|1729852398\n|move|p2a: Whimsicott|Moonblast|p1a: Rillaboom\n|-damage|p1a: Rillaboom|0 fnt\n|faint|p1a: Rillaboom\n|move|p2b: Annihilape|Rage Fist|p1b: Dragapult\n|-supereffective|p1b: Dragapult\n|-damage|p1b: Dragapult|0 fnt\n|faint|p1b: Dragapult\n|\n|win|rainha678\n|raw|Cha0sm0nky's rating: 1723 &rarr; <strong>1702<\/strong><br \/>(-21 for losing)\n|raw|rainha678's rating: 1710 &rarr; <strong>1731<\/strong><br \/>(+21 for winning)\n|l|\u2606Cha0sm0nky\n|player|p1|\n|l|\u2606rainha678\n|player|p2|\n","uploadtime":1729852675,"views":34,"formatid":"gen9vgc2024regh","rating":1702,"private":0,"password":null}