{"id":"gen9vgc2024regh-2230179309","format":"[Gen 9] VGC 2024 Reg H","players":["ryanplaytv","LaceyFanBoy"],"log":"|j|\u2606ryanplaytv\n|j|\u203dLaceyFanBoy\n|t:|1729799976\n|gametype|doubles\n|player|p1|ryanplaytv|hiker-gen4|1728\n|player|p2|LaceyFanBoy|1|1668\n|teamsize|p1|6\n|teamsize|p2|6\n|gen|9\n|tier|[Gen 9] VGC 2024 Reg H\n|rated|\n|rule|Species Clause: Limit one of each Pok\u00e9mon\n|rule|Item Clause: Limit 1 of each item\n|clearpoke\n|poke|p1|Dragonite, L50, M|\n|poke|p1|Primarina, L50, F|\n|poke|p1|Rillaboom, L50, M|\n|poke|p1|Tauros-Paldea-Blaze, L50, M|\n|poke|p1|Electabuzz, L50, M|\n|poke|p1|Kingambit, L50, M|\n|poke|p2|Whimsicott, L50, M|\n|poke|p2|Indeedee, L50, M|\n|poke|p2|Sneasler, L50, F|\n|poke|p2|Delphox, L50, F|\n|poke|p2|Dragapult, L50, F|\n|poke|p2|Ninetales-Alola, L50, M|\n|teampreview|4\nLaceyFanBoy rejected open team sheets.\n|\n|t:|1729800010\n|start\n|switch|p1a: Tauros|Tauros-Paldea-Blaze, L50, M|100\/100\n|switch|p1b: Rillaboom|Rillaboom, L50, M|100\/100\n|switch|p2a: Ninetales|Ninetales-Alola, L50, M|100\/100\n|switch|p2b: Dragapult|Dragapult, L50, F|100\/100\n|-ability|p1a: Tauros|Intimidate|boost\n|-unboost|p2a: Ninetales|atk|1\n|-fail|p2b: Dragapult|unboost|[from] ability: Clear Body|[of] p2b: Dragapult\n|-fieldstart|move: Grassy Terrain|[from] ability: Grassy Surge|[of] p1b: Rillaboom\n|turn|1\n|inactive|Battle timer is ON: inactive players will automatically lose when time's up. (requested by LaceyFanBoy)\n|inactive|ryanplaytv has 60 seconds left.\n|\n|t:|1729800047\n|switch|p2a: Indeedee|Indeedee, L50, M|100\/100\n|-fieldstart|move: Psychic Terrain|[from] ability: Psychic Surge|[of] p2a: Indeedee\n|-terastallize|p2b: Dragapult|Dragon\n|move|p1b: Rillaboom|Fake Out|p2a: Indeedee\n|-activate|p2a: Indeedee|move: Psychic Terrain\n|move|p2b: Dragapult|Dragon Darts|p1b: Rillaboom\n|-damage|p1b: Rillaboom|48\/100\n|-anim|p2b: Dragapult|Dragon Darts|p1a: Tauros\n|-damage|p1a: Tauros|38\/100\n|move|p1a: Tauros|Flare Blitz|p2a: Indeedee\n|-enditem|p2a: Indeedee|Focus Sash\n|-damage|p2a: Indeedee|1\/100\n|-damage|p1a: Tauros|9\/100|[from] Recoil\n|\n|upkeep\n|turn|2\n|j| mr pogostick\n|\n|t:|1729800070\n|switch|p2a: Sneasler|Sneasler, L50, F|100\/100\n|-enditem|p2a: Sneasler|Psychic Seed\n|-boost|p2a: Sneasler|spd|1|[from] item: Psychic Seed\n|-enditem|p1a: Tauros|Mirror Herb\n|-boost|p1a: Tauros|spd|1|[from] item: Mirror Herb\n|switch|p1b: Kingambit|Kingambit, L50, M|100\/100\n|move|p2b: Dragapult|Dragon Darts|p1a: Tauros\n|-damage|p1a: Tauros|0 fnt\n|-anim|p2b: Dragapult|Dragon Darts|p1b: Kingambit\n|-resisted|p1b: Kingambit\n|-damage|p1b: Kingambit|82\/100\n|faint|p1a: Tauros\n|\n|upkeep\n|\n|t:|1729800073\n|switch|p1a: Rillaboom|Rillaboom, L50, M|48\/100\n|-fieldstart|move: Grassy Terrain|[from] ability: Grassy Surge|[of] p1a: Rillaboom\n|turn|3\n|\n|t:|1729800090\n|switch|p2b: Indeedee|Indeedee, L50, M|1\/100\n|-fieldstart|move: Psychic Terrain|[from] ability: Psychic Surge|[of] p2b: Indeedee\n|switch|p1a: Primarina|Primarina, L50, F, shiny|100\/100\n|-terastallize|p1b: Kingambit|Water\n|move|p2a: Sneasler|Dire Claw|p1a: Primarina\n|-supereffective|p1a: Primarina\n|-damage|p1a: Primarina|0 fnt\n|faint|p1a: Primarina\n|move|p1b: Kingambit|Kowtow Cleave|p2b: Indeedee\n|-supereffective|p2b: Indeedee\n|-damage|p2b: Indeedee|0 fnt\n|faint|p2b: Indeedee\n|\n|upkeep\n|\n|t:|1729800112\n|switch|p2b: Ninetales|Ninetales-Alola, L50, M|100\/100\n|switch|p1a: Rillaboom|Rillaboom, L50, M|48\/100\n|-fieldstart|move: Grassy Terrain|[from] ability: Grassy Surge|[of] p1a: Rillaboom\n|turn|4\n|inactive|LaceyFanBoy has 30 seconds left.\n|inactive|LaceyFanBoy has 20 seconds left.\n|inactive|LaceyFanBoy has 15 seconds left.\n|inactive|LaceyFanBoy has 10 seconds left.\n|inactive|LaceyFanBoy has 5 seconds left.\n|\n|t:|1729800164\n|move|p2a: Sneasler|Protect|p2a: Sneasler\n|-singleturn|p2a: Sneasler|Protect\n|move|p2b: Ninetales|Protect|p2b: Ninetales\n|-singleturn|p2b: Ninetales|Protect\n|move|p1a: Rillaboom|Fake Out|p2a: Sneasler\n|-activate|p2a: Sneasler|move: Protect\n|move|p1b: Kingambit|Iron Head|p2a: Sneasler\n|-activate|p2a: Sneasler|move: Protect\n|\n|-heal|p1a: Rillaboom|55\/100|[from] Grassy Terrain\n|-heal|p1b: Kingambit|87\/100|[from] Grassy Terrain\n|upkeep\n|turn|5\n|\n|t:|1729800184\n|move|p1a: Rillaboom|Grassy Glide|p2a: Sneasler\n|-resisted|p2a: Sneasler\n|-damage|p2a: Sneasler|68\/100\n|move|p2a: Sneasler|Dire Claw|p1a: Rillaboom\n|-supereffective|p1a: Rillaboom\n|-damage|p1a: Rillaboom|0 fnt\n|faint|p1a: Rillaboom\n|move|p2b: Ninetales|Freeze-Dry|p1b: Kingambit\n|-supereffective|p1b: Kingambit\n|-damage|p1b: Kingambit|16\/100\n|-damage|p2b: Ninetales|91\/100|[from] item: Life Orb\n|move|p1b: Kingambit|Iron Head|p2a: Sneasler\n|-damage|p2a: Sneasler|0 fnt\n|faint|p2a: Sneasler\n|\n|-heal|p2b: Ninetales|97\/100|[from] Grassy Terrain\n|-heal|p1b: Kingambit|21\/100|[from] Grassy Terrain\n|upkeep\n|\n|t:|1729800201\n|switch|p2a: Dragapult|Dragapult, L50, F, tera:Dragon|100\/100\n|turn|6\n|\n|t:|1729800210\n|move|p1b: Kingambit|Sucker Punch|p2a: Dragapult\n|-damage|p2a: Dragapult|28\/100\n|move|p2a: Dragapult|Outrage|p1b: Kingambit\n|-damage|p1b: Kingambit|0 fnt\n|faint|p1b: Kingambit\n|\n|win|LaceyFanBoy\n|raw|ryanplaytv's rating: 1728 &rarr; <strong>1705<\/strong><br \/>(-23 for losing)\n|raw|LaceyFanBoy's rating: 1668 &rarr; <strong>1691<\/strong><br \/>(+23 for winning)\n|l|\u2606ryanplaytv\n|player|p1|\n","uploadtime":1729800458,"views":12,"formatid":"gen9vgc2024regh","rating":1691,"private":0,"password":null}