{"id":"gen9vgc2024regh-2230112830","format":"[Gen 9] VGC 2024 Reg H","players":["pokechan1109","rough Pult"],"log":"|j|\u2606pokechan1109\n|j|\u2606rough Pult\n|t:|1729793960\n|gametype|doubles\n|player|p1|pokechan1109|lucas-gen4pt|1733\n|player|p2|rough Pult|giovanni|1825\n|teamsize|p1|6\n|teamsize|p2|6\n|gen|9\n|tier|[Gen 9] VGC 2024 Reg H\n|rated|\n|rule|Species Clause: Limit one of each Pok\u00e9mon\n|rule|Item Clause: Limit 1 of each item\n|clearpoke\n|poke|p1|Whimsicott, L50, F|\n|poke|p1|Garchomp, L50, F|\n|poke|p1|Annihilape, L50, F|\n|poke|p1|Ninetales-Alola, L50, F|\n|poke|p1|Incineroar, L50, F|\n|poke|p1|Archaludon, L50, M|\n|poke|p2|Annihilape, L50, M|\n|poke|p2|Baxcalibur, L50, F|\n|poke|p2|Dondozo, L50, M|\n|poke|p2|Kingambit, L50, M|\n|poke|p2|Rillaboom, L50, M|\n|poke|p2|Volcarona, L50, M|\n|teampreview|4\n|\n|t:|1729793994\n|start\n|switch|p1a: Annihilape|Annihilape, L50, F|100\/100\n|switch|p1b: Garchomp|Garchomp, L50, F|100\/100\n|switch|p2a: Annihilape|Annihilape, L50, M|100\/100\n|switch|p2b: Kingambit|Kingambit, L50, M|100\/100\n|turn|1\n|\n|t:|1729794013\n|-terastallize|p2b: Kingambit|Flying\n|move|p1a: Annihilape|Close Combat|p2b: Kingambit\n|-resisted|p2b: Kingambit\n|-damage|p2b: Kingambit|80\/100\n|-unboost|p1a: Annihilape|def|1\n|-unboost|p1a: Annihilape|spd|1\n|move|p1b: Garchomp|Stomping Tantrum|p2a: Annihilape\n|-damage|p2a: Annihilape|44\/100\n|-damage|p1b: Garchomp|91\/100|[from] item: Life Orb\n|move|p2a: Annihilape|Coaching|p2b: Kingambit\n|-boost|p2b: Kingambit|atk|1\n|-boost|p2b: Kingambit|def|1\n|move|p2b: Kingambit|Tera Blast|p1b: Garchomp|[anim] Tera Blast Flying\n|-damage|p1b: Garchomp|27\/100\n|\n|upkeep\n|turn|2\n|\n|t:|1729794036\n|switch|p1a: Whimsicott|Whimsicott, L50, F|100\/100\n|move|p2b: Kingambit|Sucker Punch|p1b: Garchomp\n|-damage|p1b: Garchomp|0 fnt\n|-damage|p2b: Kingambit|68\/100|[from] ability: Rough Skin|[of] p1b: Garchomp\n|faint|p1b: Garchomp\n|move|p2a: Annihilape|Rage Fist|p1a: Whimsicott\n|-damage|p1a: Whimsicott|29\/100\n|\n|upkeep\n|\n|t:|1729794044\n|switch|p1b: Archaludon|Archaludon, L50, M|100\/100\n|turn|3\n|\n|t:|1729794062\n|move|p1a: Whimsicott|Moonblast|p2a: Annihilape\n|-supereffective|p2a: Annihilape\n|-damage|p2a: Annihilape|0 fnt\n|faint|p2a: Annihilape\n|move|p1b: Archaludon|Electro Shot||[still]\n|-prepare|p1b: Archaludon|Electro Shot\n|-boost|p1b: Archaludon|spa|1\n|-enditem|p1b: Archaludon|Power Herb\n|-anim|p1b: Archaludon|Electro Shot|p2b: Kingambit\n|-supereffective|p2b: Kingambit\n|-damage|p2b: Kingambit|0 fnt\n|faint|p2b: Kingambit\n|\n|upkeep\n|\n|t:|1729794074\n|switch|p2a: Baxcalibur|Baxcalibur, L50, F|100\/100\n|switch|p2b: Dondozo|Dondozo, L50, M|100\/100\n|turn|4\n|\n|t:|1729794085\n|move|p1a: Whimsicott|Protect|p1a: Whimsicott\n|-singleturn|p1a: Whimsicott|Protect\n|move|p1b: Archaludon|Protect|p1b: Archaludon\n|-singleturn|p1b: Archaludon|Protect\n|move|p2a: Baxcalibur|Ice Shard|p1a: Whimsicott\n|-activate|p1a: Whimsicott|move: Protect\n|move|p2b: Dondozo|Yawn|p1b: Archaludon\n|-activate|p1b: Archaludon|move: Protect\n|\n|upkeep\n|turn|5\n|j| Therazer456\n|\n|t:|1729794100\n|move|p1a: Whimsicott|Tailwind|p1a: Whimsicott\n|-sidestart|p1: pokechan1109|move: Tailwind\n|move|p2a: Baxcalibur|Ice Shard|p1a: Whimsicott\n|-supereffective|p1a: Whimsicott\n|-damage|p1a: Whimsicott|0 fnt\n|faint|p1a: Whimsicott\n|move|p1b: Archaludon|Dragon Pulse|p2a: Baxcalibur\n|-supereffective|p2a: Baxcalibur\n|-damage|p2a: Baxcalibur|0 fnt\n|faint|p2a: Baxcalibur\n|move|p2b: Dondozo|Yawn|p1b: Archaludon\n|-start|p1b: Archaludon|move: Yawn|[of] p2b: Dondozo\n|\n|upkeep\n|\n|t:|1729794103\n|switch|p1a: Annihilape|Annihilape, L50, F|100\/100\n|turn|6\n|\n|t:|1729794129\n|move|p2b: Dondozo|Protect|p2b: Dondozo\n|-singleturn|p2b: Dondozo|Protect\n|move|p1a: Annihilape|Final Gambit|p2b: Dondozo\n|-activate|p2b: Dondozo|move: Protect\n|move|p1b: Archaludon|Dragon Pulse|p2b: Dondozo\n|-activate|p2b: Dondozo|move: Protect\n|\n|-end|p1b: Archaludon|move: Yawn|[silent]\n|-status|p1b: Archaludon|slp\n|upkeep\n|turn|7\n|\n|t:|1729794141\n|move|p1a: Annihilape|Final Gambit|p2b: Dondozo\n|-damage|p2b: Dondozo|16\/100\n|faint|p1a: Annihilape\n|cant|p1b: Archaludon|slp\n|move|p2b: Dondozo|Fissure|p1b: Archaludon\n|-immune|p1b: Archaludon|[from] ability: Sturdy\n|\n|-heal|p2b: Dondozo|22\/100|[from] item: Leftovers\n|upkeep\n|turn|8\n|\n|t:|1729794153\n|cant|p1b: Archaludon|slp\n|move|p2b: Dondozo|Liquidation|p1b: Archaludon\n|-resisted|p1b: Archaludon\n|-damage|p1b: Archaludon|88\/100 slp\n|\n|-heal|p2b: Dondozo|28\/100|[from] item: Leftovers\n|-sideend|p1: pokechan1109|move: Tailwind\n|upkeep\n|turn|9\n|\n|t:|1729794163\n|move|p2b: Dondozo|Protect|p2b: Dondozo\n|-singleturn|p2b: Dondozo|Protect\n|-curestatus|p1b: Archaludon|slp|[msg]\n|move|p1b: Archaludon|Dragon Pulse|p2b: Dondozo\n|-activate|p2b: Dondozo|move: Protect\n|\n|-heal|p2b: Dondozo|34\/100|[from] item: Leftovers\n|upkeep\n|turn|10\n|\n|t:|1729794173\n|move|p1b: Archaludon|Dragon Pulse|p2b: Dondozo\n|-damage|p2b: Dondozo|5\/100\n|move|p2b: Dondozo|Yawn|p1b: Archaludon\n|-start|p1b: Archaludon|move: Yawn|[of] p2b: Dondozo\n|\n|-heal|p2b: Dondozo|11\/100|[from] item: Leftovers\n|upkeep\n|turn|11\n|\n|t:|1729794182\n|move|p2b: Dondozo|Protect|p2b: Dondozo\n|-singleturn|p2b: Dondozo|Protect\n|move|p1b: Archaludon|Dragon Pulse|p2b: Dondozo\n|-activate|p2b: Dondozo|move: Protect\n|\n|-heal|p2b: Dondozo|17\/100|[from] item: Leftovers\n|-end|p1b: Archaludon|move: Yawn|[silent]\n|-status|p1b: Archaludon|slp\n|upkeep\n|turn|12\n|\n|t:|1729794192\n|cant|p1b: Archaludon|slp\n|move|p2b: Dondozo|Liquidation|p1b: Archaludon\n|-resisted|p1b: Archaludon\n|-damage|p1b: Archaludon|75\/100 slp\n|-unboost|p1b: Archaludon|def|1\n|\n|-heal|p2b: Dondozo|24\/100|[from] item: Leftovers\n|upkeep\n|turn|13\n|\n|t:|1729794202\n|-curestatus|p1b: Archaludon|slp|[msg]\n|move|p1b: Archaludon|Dragon Pulse|p2b: Dondozo\n|-damage|p2b: Dondozo|0 fnt\n|faint|p2b: Dondozo\n|\n|win|pokechan1109\n|raw|pokechan1109's rating: 1733 &rarr; <strong>1758<\/strong><br \/>(+25 for winning)\n|raw|rough Pult's rating: 1825 &rarr; <strong>1800<\/strong><br \/>(-25 for losing)\n|l|\u2606pokechan1109\n|player|p1|\n|l| Therazer456\n|l|\u2606rough Pult\n|player|p2|\n","uploadtime":1729794358,"views":63,"formatid":"gen9vgc2024regh","rating":1758,"private":0,"password":null}