{"id":"gen9vgc2024regh-2230115951","format":"[Gen 9] VGC 2024 Reg H","players":["JasePokemonTwitter","rough Pult"],"log":"|j|\u2606JasePokemonTwitter\n|j|\u2606rough Pult\n|t:|1729794228\n|gametype|doubles\n|player|p1|JasePokemonTwitter|lucas|1749\n|player|p2|rough Pult|giovanni|1800\n|teamsize|p1|6\n|teamsize|p2|6\n|gen|9\n|tier|[Gen 9] VGC 2024 Reg H\n|rated|\n|rule|Species Clause: Limit one of each Pok\u00e9mon\n|rule|Item Clause: Limit 1 of each item\n|clearpoke\n|poke|p1|Grimmsnarl, L50, M|\n|poke|p1|Dragonite, L50, F|\n|poke|p1|Annihilape, L50, M|\n|poke|p1|Ursaluna-Bloodmoon, L50, M|\n|poke|p1|Volcarona, L50, F|\n|poke|p1|Gholdengo, L50|\n|poke|p2|Annihilape, L50, M|\n|poke|p2|Baxcalibur, L50, F|\n|poke|p2|Dondozo, L50, M|\n|poke|p2|Kingambit, L50, M|\n|poke|p2|Rillaboom, L50, M|\n|poke|p2|Volcarona, L50, M|\n|teampreview|4\n|inactive|Battle timer is ON: inactive players will automatically lose when time's up. (requested by JasePokemonTwitter)\n|\n|t:|1729794256\n|start\n|switch|p1a: Grimmsnarl|Grimmsnarl, L50, M|100\/100\n|switch|p1b: Annihilape|Annihilape, L50, M|100\/100\n|switch|p2a: Annihilape|Annihilape, L50, M|100\/100\n|switch|p2b: Kingambit|Kingambit, L50, M|100\/100\n|turn|1\n|\n|t:|1729794270\n|-terastallize|p2b: Kingambit|Flying\n|move|p1a: Grimmsnarl|Reflect|p1a: Grimmsnarl\n|-sidestart|p1: JasePokemonTwitter|Reflect\n|move|p2a: Annihilape|Coaching|p2b: Kingambit\n|-boost|p2b: Kingambit|atk|1\n|-boost|p2b: Kingambit|def|1\n|move|p1b: Annihilape|Bulk Up|p1b: Annihilape\n|-boost|p1b: Annihilape|atk|1\n|-boost|p1b: Annihilape|def|1\n|move|p2b: Kingambit|Iron Head|p1a: Grimmsnarl\n|-supereffective|p1a: Grimmsnarl\n|-damage|p1a: Grimmsnarl|17\/100\n|\n|upkeep\n|turn|2\n|\n|t:|1729794293\n|move|p1a: Grimmsnarl|Thunder Wave|p2b: Kingambit\n|-status|p2b: Kingambit|par\n|move|p2a: Annihilape|Coaching|p2b: Kingambit\n|-boost|p2b: Kingambit|atk|1\n|-boost|p2b: Kingambit|def|1\n|move|p1b: Annihilape|Bulk Up|p1b: Annihilape\n|-boost|p1b: Annihilape|atk|1\n|-boost|p1b: Annihilape|def|1\n|move|p2b: Kingambit|Iron Head|p1a: Grimmsnarl\n|-supereffective|p1a: Grimmsnarl\n|-damage|p1a: Grimmsnarl|0 fnt\n|faint|p1a: Grimmsnarl\n|\n|upkeep\n|\n|t:|1729794310\n|switch|p1a: Dragonite|Dragonite, L50, F|100\/100\n|turn|3\n|\n|t:|1729794326\n|-terastallize|p1b: Annihilape|Water\n|move|p2a: Annihilape|Coaching|p2b: Kingambit\n|-boost|p2b: Kingambit|atk|1\n|-boost|p2b: Kingambit|def|1\n|move|p1a: Dragonite|Scale Shot|p1b: Annihilape\n|-damage|p1b: Annihilape|95\/100\n|-damage|p1b: Annihilape|90\/100\n|-damage|p1b: Annihilape|85\/100\n|-damage|p1b: Annihilape|80\/100\n|-damage|p1b: Annihilape|75\/100\n|-hitcount|p1b: Annihilape|5\n|-unboost|p1a: Dragonite|def|1\n|-boost|p1a: Dragonite|spe|1\n|move|p1b: Annihilape|Rage Fist|p2b: Kingambit\n|-damage|p2b: Kingambit|24\/100 par\n|move|p2b: Kingambit|Kowtow Cleave|p1a: Dragonite\n|-damage|p1a: Dragonite|28\/100\n|\n|upkeep\n|turn|4\n|inactive|JasePokemonTwitter has 30 seconds left.\n|inactive|rough Pult has 30 seconds left.\n|\n|t:|1729794356\n|move|p2a: Annihilape|Protect|p2a: Annihilape\n|-singleturn|p2a: Annihilape|Protect\n|move|p1a: Dragonite|Extreme Speed|p2b: Kingambit\n|-damage|p2b: Kingambit|13\/100 par\n|move|p2b: Kingambit|Sucker Punch|p1b: Annihilape\n|-damage|p1b: Annihilape|42\/100\n|move|p1b: Annihilape|Drain Punch|p2b: Kingambit\n|-resisted|p2b: Kingambit\n|-damage|p2b: Kingambit|3\/100 par\n|-heal|p1b: Annihilape|46\/100|[from] drain|[of] p2b: Kingambit\n|\n|upkeep\n|turn|5\n|inactive|rough Pult has 30 seconds left.\n|\n|t:|1729794381\n|switch|p2b: Dondozo|Dondozo, L50, M|100\/100\n|move|p1a: Dragonite|Extreme Speed|p2b: Dondozo\n|-damage|p2b: Dondozo|82\/100\n|move|p2a: Annihilape|Coaching|p2b: Dondozo\n|-boost|p2b: Dondozo|atk|1\n|-boost|p2b: Dondozo|def|1\n|move|p1b: Annihilape|Rage Fist|p2a: Annihilape\n|-supereffective|p2a: Annihilape\n|-enditem|p2a: Annihilape|Focus Sash\n|-damage|p2a: Annihilape|1\/100\n|\n|-heal|p2b: Dondozo|88\/100|[from] item: Leftovers\n|upkeep\n|turn|6\n|\n|t:|1729794400\n|move|p1a: Dragonite|Scale Shot|p2a: Annihilape\n|-damage|p2a: Annihilape|0 fnt\n|faint|p2a: Annihilape\n|-hitcount|p2: Annihilape|1\n|-unboost|p1a: Dragonite|def|1\n|-boost|p1a: Dragonite|spe|1\n|move|p1b: Annihilape|Rage Fist|p2b: Dondozo\n|-crit|p2b: Dondozo\n|-damage|p2b: Dondozo|0 fnt\n|faint|p2b: Dondozo\n|\n|upkeep\n|-message|rough Pult forfeited.\n|\n|win|JasePokemonTwitter\n|raw|JasePokemonTwitter's rating: 1749 &rarr; <strong>1772<\/strong><br \/>(+23 for winning)\n|raw|rough Pult's rating: 1800 &rarr; <strong>1777<\/strong><br \/>(-23 for losing)\n|l|\u2606rough Pult\n|player|p2|\n|l|\u2606JasePokemonTwitter\n|player|p1|\n","uploadtime":1729794634,"views":57,"formatid":"gen9vgc2024regh","rating":1772,"private":0,"password":null}