{"id":"gen9vgc2024regh-2230845135","format":"[Gen 9] VGC 2024 Reg H","players":["caZISA","Zordor"],"log":"|j|\u2606caZISA\n|j|\u2606Zordor\n|t:|1729880839\n|gametype|doubles\n|player|p1|caZISA|red|1737\n|player|p2|Zordor|pilot|1764\n|teamsize|p1|6\n|teamsize|p2|6\n|gen|9\n|tier|[Gen 9] VGC 2024 Reg H\n|rated|\n|rule|Species Clause: Limit one of each Pok\u00e9mon\n|rule|Item Clause: Limit 1 of each item\n|clearpoke\n|poke|p1|Ursaluna, L50, M|\n|poke|p1|Amoonguss, L50, M|\n|poke|p1|Gholdengo, L50|\n|poke|p1|Flamigo, L50, M|\n|poke|p1|Porygon2, L50|\n|poke|p1|Incineroar, L50, F|\n|poke|p2|Rotom-Wash, L50|\n|poke|p2|Weavile, L50, F|\n|poke|p2|Kingambit, L50, F|\n|poke|p2|Armarouge, L50, F|\n|poke|p2|Dragapult, L50, F|\n|poke|p2|Venusaur, L50, M|\n|teampreview|4\n|inactive|Battle timer is ON: inactive players will automatically lose when time's up. (requested by caZISA)\n|\n|t:|1729880885\n|start\n|switch|p1a: Flamigo|Flamigo, L50, M|100\/100\n|switch|p1b: Porygon2|Porygon2, L50|100\/100\n|switch|p2a: Weavile|Weavile, L50, F|100\/100\n|switch|p2b: Rotom|Rotom-Wash, L50|100\/100\n|-ability|p2a: Weavile|Pressure\n|-ability|p1b: Porygon2|Download|boost\n|-boost|p1b: Porygon2|atk|1\n|turn|1\n|\n|t:|1729880909\n|switch|p1a: Incineroar|Incineroar, L50, F, shiny|100\/100\n|-ability|p1a: Incineroar|Intimidate|boost\n|-unboost|p2a: Weavile|atk|1\n|-unboost|p2b: Rotom|atk|1\n|move|p2a: Weavile|Knock Off|p1b: Porygon2\n|-damage|p1b: Porygon2|83\/100\n|-enditem|p1b: Porygon2|Eviolite|[from] move: Knock Off|[of] p2a: Weavile\n|move|p2b: Rotom|Will-O-Wisp|p1a: Incineroar\n|-immune|p1a: Incineroar\n|move|p1b: Porygon2|Trick Room|p1b: Porygon2\n|-fieldstart|move: Trick Room|[of] p1b: Porygon2\n|\n|upkeep\n|turn|2\n|\n|t:|1729880928\n|move|p2b: Rotom|Protect|p2b: Rotom\n|-singleturn|p2b: Rotom|Protect\n|move|p2a: Weavile|Protect|p2a: Weavile\n|-singleturn|p2a: Weavile|Protect\n|move|p1b: Porygon2|Tera Blast|p2b: Rotom\n|-activate|p2b: Rotom|move: Protect\n|move|p1a: Incineroar|Knock Off|p2b: Rotom\n|-activate|p2b: Rotom|move: Protect\n|\n|upkeep\n|turn|3\n|inactive|Zordor has 30 seconds left.\n|\n|t:|1729880955\n|switch|p2a: Kingambit|Kingambit, L50, F|100\/100\n|move|p1b: Porygon2|Tera Blast|p2a: Kingambit\n|-resisted|p2a: Kingambit\n|-damage|p2a: Kingambit|85\/100\n|move|p1a: Incineroar|Knock Off|p2b: Rotom\n|-damage|p2b: Rotom|54\/100\n|-enditem|p2b: Rotom|Safety Goggles|[from] move: Knock Off|[of] p1a: Incineroar\n|move|p2b: Rotom|Hydro Pump|p1a: Incineroar\n|-supereffective|p1a: Incineroar\n|-damage|p1a: Incineroar|25\/100\n|-enditem|p1a: Incineroar|Sitrus Berry|[eat]\n|-heal|p1a: Incineroar|50\/100|[from] item: Sitrus Berry\n|\n|upkeep\n|turn|4\n|\n|t:|1729880970\n|-terastallize|p1b: Porygon2|Fighting\n|move|p2a: Kingambit|Protect|p2a: Kingambit\n|-singleturn|p2a: Kingambit|Protect\n|move|p2b: Rotom|Protect|p2b: Rotom\n|-singleturn|p2b: Rotom|Protect\n|move|p1b: Porygon2|Tera Blast|p2a: Kingambit|[anim] Tera Blast Fighting\n|-activate|p2a: Kingambit|move: Protect\n|move|p1a: Incineroar|Flare Blitz|p2a: Kingambit\n|-activate|p2a: Kingambit|move: Protect\n|\n|upkeep\n|turn|5\n|\n|t:|1729880990\n|-terastallize|p2a: Kingambit|Flying\n|move|p1b: Porygon2|Tera Blast|p2a: Kingambit|[anim] Tera Blast Fighting\n|-resisted|p2a: Kingambit\n|-damage|p2a: Kingambit|71\/100\n|move|p1a: Incineroar|Parting Shot|p2b: Rotom\n|-unboost|p2b: Rotom|atk|1\n|-unboost|p2b: Rotom|spa|1\n|\n|t:|1729880996\n|switch|p1a: Flamigo|Flamigo, L50, M|100\/100|[from] Parting Shot\n|move|p2a: Kingambit|Iron Head|p1b: Porygon2\n|-damage|p1b: Porygon2|50\/100\n|move|p2b: Rotom|Hydro Pump|p1a: Flamigo\n|-damage|p1a: Flamigo|55\/100\n|\n|-fieldend|move: Trick Room\n|upkeep\n|turn|6\n|\n|t:|1729881007\n|move|p1a: Flamigo|Close Combat|p2b: Rotom\n|-damage|p2b: Rotom|0 fnt\n|-unboost|p1a: Flamigo|def|1\n|-unboost|p1a: Flamigo|spd|1\n|faint|p2b: Rotom\n|move|p2a: Kingambit|Iron Head|p1b: Porygon2\n|-damage|p1b: Porygon2|11\/100\n|move|p1b: Porygon2|Trick Room|p1b: Porygon2\n|-fieldstart|move: Trick Room|[of] p1b: Porygon2\n|\n|upkeep\n|\n|t:|1729881021\n|switch|p2b: Armarouge|Armarouge, L50, F|100\/100\n|turn|7\n|\n|t:|1729881031\n|move|p1b: Porygon2|Recover|p1b: Porygon2\n|-heal|p1b: Porygon2|62\/100\n|move|p2a: Kingambit|Iron Head|p1a: Flamigo\n|-damage|p1a: Flamigo|0 fnt\n|faint|p1a: Flamigo\n|move|p2b: Armarouge|Heat Wave|p1b: Porygon2\n|-damage|p1b: Porygon2|22\/100\n|\n|upkeep\n|\n|t:|1729881034\n|switch|p1a: Ursaluna|Ursaluna, L50, M|100\/100\n|turn|8\n|\n|t:|1729881058\n|switch|p2b: Weavile|Weavile, L50, F|100\/100\n|-ability|p2b: Weavile|Pressure\n|move|p1a: Ursaluna|Headlong Rush|p2b: Weavile\n|-enditem|p2b: Weavile|Focus Sash\n|-damage|p2b: Weavile|1\/100\n|-unboost|p1a: Ursaluna|def|1\n|-unboost|p1a: Ursaluna|spd|1\n|move|p1b: Porygon2|Recover|p1b: Porygon2\n|-heal|p1b: Porygon2|73\/100\n|move|p2a: Kingambit|Iron Head|p1b: Porygon2\n|-damage|p1b: Porygon2|38\/100\n|\n|-status|p1a: Ursaluna|brn|[from] item: Flame Orb\n|upkeep\n|turn|9\n|inactive|Zordor has 30 seconds left.\n|\n|t:|1729881088\n|switch|p2b: Armarouge|Armarouge, L50, F|100\/100\n|move|p2a: Kingambit|Protect|p2a: Kingambit\n|-singleturn|p2a: Kingambit|Protect\n|move|p1a: Ursaluna|Facade|p2a: Kingambit\n|-activate|p2a: Kingambit|move: Protect\n|move|p1b: Porygon2|Ice Beam|p2b: Armarouge\n|-resisted|p2b: Armarouge\n|-damage|p2b: Armarouge|88\/100\n|\n|-damage|p1a: Ursaluna|95\/100 brn|[from] brn\n|upkeep\n|turn|10\n|\n|t:|1729881108\n|move|p2b: Armarouge|Protect|p2b: Armarouge\n|-singleturn|p2b: Armarouge|Protect\n|move|p2a: Kingambit|Sucker Punch|p1a: Ursaluna\n|-damage|p1a: Ursaluna|55\/100 brn\n|move|p1a: Ursaluna|Facade|p2a: Kingambit\n|-crit|p2a: Kingambit\n|-damage|p2a: Kingambit|0 fnt\n|faint|p2a: Kingambit\n|move|p1b: Porygon2|Recover|p1b: Porygon2\n|-heal|p1b: Porygon2|88\/100\n|\n|-damage|p1a: Ursaluna|49\/100 brn|[from] brn\n|-fieldend|move: Trick Room\n|upkeep\n|\n|t:|1729881120\n|switch|p2a: Weavile|Weavile, L50, F|1\/100\n|-ability|p2a: Weavile|Pressure\n|turn|11\n|\n|t:|1729881127\n|switch|p1a: Incineroar|Incineroar, L50, F, shiny|50\/100\n|-ability|p1a: Incineroar|Intimidate|boost\n|-unboost|p2a: Weavile|atk|1\n|-unboost|p2b: Armarouge|atk|1\n|move|p2a: Weavile|Low Sweep|p1a: Incineroar\n|-supereffective|p1a: Incineroar\n|-damage|p1a: Incineroar|24\/100\n|-unboost|p1a: Incineroar|spe|1\n|move|p2b: Armarouge|Psychic|p1b: Porygon2\n|-supereffective|p1b: Porygon2\n|-damage|p1b: Porygon2|19\/100\n|move|p1b: Porygon2|Trick Room|p1b: Porygon2\n|-fieldstart|move: Trick Room|[of] p1b: Porygon2\n|\n|upkeep\n|turn|12\n|inactive|Zordor has 30 seconds left.\n|inactive|Zordor has 20 seconds left.\n|\n|t:|1729881164\n|move|p1b: Porygon2|Tera Blast|p2a: Weavile|[anim] Tera Blast Fighting\n|-supereffective|p2a: Weavile\n|-damage|p2a: Weavile|0 fnt\n|faint|p2a: Weavile\n|move|p1a: Incineroar|Knock Off|p2b: Armarouge\n|-supereffective|p2b: Armarouge\n|-damage|p2b: Armarouge|3\/100\n|-enditem|p2b: Armarouge|Power Herb|[from] move: Knock Off|[of] p1a: Incineroar\n|move|p2b: Armarouge|Heat Wave|p1b: Porygon2|[spread] p1a,p1b\n|-resisted|p1a: Incineroar\n|-damage|p1a: Incineroar|8\/100\n|-damage|p1b: Porygon2|0 fnt\n|faint|p1b: Porygon2\n|\n|upkeep\n|\n|t:|1729881167\n|switch|p1b: Ursaluna|Ursaluna, L50, M|49\/100 brn\n|turn|13\n|\n|t:|1729881177\n|move|p2b: Armarouge|Protect|p2b: Armarouge\n|-singleturn|p2b: Armarouge|Protect\n|move|p1b: Ursaluna|Facade|p2b: Armarouge\n|-activate|p2b: Armarouge|move: Protect\n|move|p1a: Incineroar|Knock Off|p2b: Armarouge\n|-activate|p2b: Armarouge|move: Protect\n|\n|-damage|p1b: Ursaluna|43\/100 brn|[from] brn\n|upkeep\n|turn|14\n|\n|t:|1729881181\n|move|p2b: Armarouge|Protect||[still]\n|-fail|p2b: Armarouge\n|move|p1b: Ursaluna|Facade|p2b: Armarouge\n|-damage|p2b: Armarouge|0 fnt\n|faint|p2b: Armarouge\n|\n|win|caZISA\n|raw|caZISA's rating: 1737 &rarr; <strong>1759<\/strong><br \/>(+22 for winning)\n|raw|Zordor's rating: 1764 &rarr; <strong>1742<\/strong><br \/>(-22 for losing)\n|l|\u2606Zordor\n|player|p2|\n|l|\u2606caZISA\n|player|p1|\n","uploadtime":1729881398,"views":21,"formatid":"gen9vgc2024regh","rating":1742,"private":0,"password":null}