{"id":"gen9vgc2024regh-2230862835","format":"[Gen 9] VGC 2024 Reg H","players":["RocksTheRock","Shikanoko32"],"log":"|j|\u203dRocksTheRock\n|j|\u2606Shikanoko32\n|t:|1729882510\n|gametype|doubles\n|player|p1|RocksTheRock|red|1739\n|player|p2|Shikanoko32|170|1853\n|teamsize|p1|6\n|teamsize|p2|6\n|gen|9\n|tier|[Gen 9] VGC 2024 Reg H\n|rated|\n|rule|Species Clause: Limit one of each Pok\u00e9mon\n|rule|Item Clause: Limit 1 of each item\n|clearpoke\n|poke|p1|Indeedee-F, L50, F|\n|poke|p1|Torkoal, L50, M|\n|poke|p1|Gallade, L50, M|\n|poke|p1|Hatterene, L50, F|\n|poke|p1|Ursaluna, L50, M|\n|poke|p1|Charizard, L50, M|\n|poke|p2|Incineroar, L50, M|\n|poke|p2|Rillaboom, L50, F|\n|poke|p2|Ninetales-Alola, L50, M|\n|poke|p2|Frosmoth, L50, F|\n|poke|p2|Maushold-Four, L50|\n|poke|p2|Annihilape, L50, F|\n|teampreview|4\n|inactive|Battle timer is ON: inactive players will automatically lose when time's up. (requested by RocksTheRock)\n|inactive|Shikanoko32 has 60 seconds left.\n|\n|t:|1729882562\n|start\n|switch|p1a: Torkoal|Torkoal, L50, M|100\/100\n|switch|p1b: Charizard|Charizard, L50, M|100\/100\n|switch|p2a: Maushold|Maushold-Four, L50|100\/100\n|switch|p2b: Frosmoth|Frosmoth, L50, F|100\/100\n|-weather|SunnyDay|[from] ability: Drought|[of] p1a: Torkoal\n|turn|1\n|inactive|RocksTheRock has 30 seconds left.\n|\n|t:|1729882589\n|switch|p2a: Ninetales|Ninetales-Alola, L50, M|100\/100\n|-weather|Snow|[from] ability: Snow Warning|[of] p2a: Ninetales\n|switch|p1a: Indeedee|Indeedee-F, L50, F|100\/100\n|-fieldstart|move: Psychic Terrain|[from] ability: Psychic Surge|[of] p1a: Indeedee\n|-enditem|p1a: Indeedee|Psychic Seed\n|-boost|p1a: Indeedee|spd|1|[from] item: Psychic Seed\n|-terastallize|p1b: Charizard|Fire\n|-terastallize|p2b: Frosmoth|Water\n|move|p1b: Charizard|Heat Wave|p2b: Frosmoth|[spread] p2a,p2b\n|-supereffective|p2a: Ninetales\n|-resisted|p2b: Frosmoth\n|-damage|p2a: Ninetales|4\/100\n|-damage|p2b: Frosmoth|86\/100\n|move|p2b: Frosmoth|Tera Blast|p1a: Indeedee|[anim] Tera Blast Water\n|-damage|p1a: Indeedee|78\/100\n|\n|-weather|Snow|[upkeep]\n|-heal|p2b: Frosmoth|92\/100|[from] item: Leftovers\n|upkeep\n|turn|2\n|inactive|Shikanoko32 has 30 seconds left.\n|\n|t:|1729882617\n|switch|p2a: Rillaboom|Rillaboom, L50, F|100\/100\n|-fieldstart|move: Grassy Terrain|[from] ability: Grassy Surge|[of] p2a: Rillaboom\n|switch|p1a: Torkoal|Torkoal, L50, M|100\/100\n|-weather|SunnyDay|[from] ability: Drought|[of] p1a: Torkoal\n|move|p1b: Charizard|Heat Wave|p2a: Rillaboom|[spread] p2a,p2b\n|-supereffective|p2a: Rillaboom\n|-resisted|p2b: Frosmoth\n|-damage|p2a: Rillaboom|0 fnt\n|-damage|p2b: Frosmoth|63\/100\n|faint|p2a: Rillaboom\n|move|p2b: Frosmoth|Quiver Dance|p2b: Frosmoth\n|-boost|p2b: Frosmoth|spa|1\n|-boost|p2b: Frosmoth|spd|1\n|-boost|p2b: Frosmoth|spe|1\n|\n|-weather|SunnyDay|[upkeep]\n|-damage|p1b: Charizard|88\/100|[from] ability: Solar Power|[of] p1b: Charizard\n|-heal|p1b: Charizard|94\/100|[from] Grassy Terrain\n|-heal|p2b: Frosmoth|68\/100|[from] Grassy Terrain\n|-heal|p2b: Frosmoth|74\/100|[from] item: Leftovers\n|upkeep\n|\n|t:|1729882639\n|switch|p2a: Ninetales|Ninetales-Alola, L50, M|4\/100\n|-weather|Snow|[from] ability: Snow Warning|[of] p2a: Ninetales\n|turn|3\n|\n|t:|1729882647\n|switch|p1a: Indeedee|Indeedee-F, L50, F|78\/100\n|-fieldstart|move: Psychic Terrain|[from] ability: Psychic Surge|[of] p1a: Indeedee\n|move|p1b: Charizard|Heat Wave|p2a: Ninetales|[spread] p2a,p2b\n|-supereffective|p2a: Ninetales\n|-resisted|p2b: Frosmoth\n|-damage|p2a: Ninetales|0 fnt\n|-damage|p2b: Frosmoth|66\/100\n|faint|p2a: Ninetales\n|move|p2b: Frosmoth|Tera Blast|p1b: Charizard|[anim] Tera Blast Water\n|-supereffective|p1b: Charizard\n|-damage|p1b: Charizard|0 fnt\n|faint|p1b: Charizard\n|\n|-weather|Snow|[upkeep]\n|-heal|p2b: Frosmoth|72\/100|[from] item: Leftovers\n|upkeep\n|\n|t:|1729882662\n|switch|p2a: Maushold|Maushold-Four, L50|100\/100\n|switch|p1b: Gallade|Gallade, L50, M|100\/100\n|turn|4\n|\n|t:|1729882679\n|move|p2a: Maushold|Follow Me|p2a: Maushold\n|-singleturn|p2a: Maushold|move: Follow Me\n|move|p2b: Frosmoth|Blizzard|p1b: Gallade|[spread] p1a,p1b\n|-damage|p1a: Indeedee|25\/100\n|-damage|p1b: Gallade|52\/100\n|move|p1a: Indeedee|Trick Room|p1a: Indeedee\n|-fieldstart|move: Trick Room|[of] p1a: Indeedee\n|move|p1b: Gallade|Trick Room|p1b: Gallade\n|-fieldend|move: Trick Room\n|\n|-weather|Snow|[upkeep]\n|-heal|p2b: Frosmoth|78\/100|[from] item: Leftovers\n|upkeep\n|turn|5\n|inactive|Shikanoko32 has 30 seconds left.\n|j| Millamojake\n|\n|t:|1729882712\n|move|p1b: Gallade|Wide Guard|p1b: Gallade\n|-singleturn|p1b: Gallade|Wide Guard\n|move|p2a: Maushold|Follow Me|p2a: Maushold\n|-singleturn|p2a: Maushold|move: Follow Me\n|move|p2b: Frosmoth|Tera Blast|p1b: Gallade|[anim] Tera Blast Water\n|-damage|p1b: Gallade|7\/100\n|move|p1a: Indeedee|Trick Room|p1a: Indeedee\n|-fieldstart|move: Trick Room|[of] p1a: Indeedee\n|\n|-weather|Snow|[upkeep]\n|-heal|p2b: Frosmoth|83\/100|[from] item: Leftovers\n|upkeep\n|turn|6\n|j| giftedyew\n|\n|t:|1729882736\n|switch|p1a: Torkoal|Torkoal, L50, M|100\/100\n|-weather|SunnyDay|[from] ability: Drought|[of] p1a: Torkoal\n|move|p2a: Maushold|Follow Me|p2a: Maushold\n|-singleturn|p2a: Maushold|move: Follow Me\n|move|p1b: Gallade|Sacred Sword|p2a: Maushold\n|-supereffective|p2a: Maushold\n|-damage|p2a: Maushold|0 fnt\n|-damage|p1b: Gallade|0 fnt|[from] item: Rocky Helmet|[of] p2a: Maushold\n|faint|p2a: Maushold\n|faint|p1b: Gallade\n|move|p2b: Frosmoth|Blizzard|p1a: Torkoal|[miss]\n|-miss|p2b: Frosmoth|p1a: Torkoal\n|\n|-weather|SunnyDay|[upkeep]\n|-heal|p2b: Frosmoth|89\/100|[from] item: Leftovers\n|upkeep\n|l| giftedyew\n|\n|t:|1729882748\n|switch|p1b: Indeedee|Indeedee-F, L50, F|25\/100\n|turn|7\n|\n|t:|1729882755\n|move|p2b: Frosmoth|Protect|p2b: Frosmoth\n|-singleturn|p2b: Frosmoth|Protect\n|move|p1a: Torkoal|Eruption|p2b: Frosmoth\n|-activate|p2b: Frosmoth|move: Protect\n|move|p1b: Indeedee|Psychic|p2b: Frosmoth\n|-activate|p2b: Frosmoth|move: Protect\n|\n|-weather|SunnyDay|[upkeep]\n|-heal|p2b: Frosmoth|95\/100|[from] item: Leftovers\n|-fieldend|move: Psychic Terrain\n|upkeep\n|turn|8\n|\n|t:|1729882768\n|move|p1b: Indeedee|Helping Hand|p1a: Torkoal\n|-singleturn|p1a: Torkoal|Helping Hand|[of] p1b: Indeedee\n|move|p1a: Torkoal|Eruption|p2b: Frosmoth\n|-resisted|p2b: Frosmoth\n|-damage|p2b: Frosmoth|60\/100\n|move|p2b: Frosmoth|Quiver Dance|p2b: Frosmoth\n|-boost|p2b: Frosmoth|spa|1\n|-boost|p2b: Frosmoth|spd|1\n|-boost|p2b: Frosmoth|spe|1\n|\n|-weather|SunnyDay|[upkeep]\n|-heal|p2b: Frosmoth|66\/100|[from] item: Leftovers\n|upkeep\n|turn|9\n|\n|t:|1729882780\n|move|p1b: Indeedee|Helping Hand|p1a: Torkoal\n|-singleturn|p1a: Torkoal|Helping Hand|[of] p1b: Indeedee\n|move|p2b: Frosmoth|Protect|p2b: Frosmoth\n|-singleturn|p2b: Frosmoth|Protect\n|move|p1a: Torkoal|Eruption|p2b: Frosmoth\n|-activate|p2b: Frosmoth|move: Protect\n|\n|-weather|SunnyDay|[upkeep]\n|-heal|p2b: Frosmoth|71\/100|[from] item: Leftovers\n|-fieldend|move: Trick Room\n|upkeep\n|turn|10\n|\n|t:|1729882793\n|move|p1b: Indeedee|Helping Hand|p1a: Torkoal\n|-singleturn|p1a: Torkoal|Helping Hand|[of] p1b: Indeedee\n|move|p2b: Frosmoth|Tera Blast|p1b: Indeedee|[anim] Tera Blast Water\n|-damage|p1b: Indeedee|0 fnt\n|faint|p1b: Indeedee\n|move|p1a: Torkoal|Eruption|p2b: Frosmoth\n|-resisted|p2b: Frosmoth\n|-damage|p2b: Frosmoth|47\/100\n|\n|-weather|none\n|-heal|p2b: Frosmoth|53\/100|[from] item: Leftovers\n|upkeep\n|turn|11\n|\n|t:|1729882806\n|move|p2b: Frosmoth|Tera Blast|p1a: Torkoal|[anim] Tera Blast Water\n|-supereffective|p1a: Torkoal\n|-damage|p1a: Torkoal|0 fnt\n|faint|p1a: Torkoal\n|\n|win|Shikanoko32\n|raw|RocksTheRock's rating: 1739 &rarr; <strong>1725<\/strong><br \/>(-14 for losing)\n|raw|Shikanoko32's rating: 1853 &rarr; <strong>1867<\/strong><br \/>(+14 for winning)\n|l|\u2606Shikanoko32\n|player|p2|\n|l|\u203dRocksTheRock\n|player|p1|\n|l| Millamojake\n","uploadtime":1729883058,"views":31,"formatid":"gen9vgc2024regh","rating":1725,"private":0,"password":null}