{"id":"gen9vgc2024regh-2230735517","format":"[Gen 9] VGC 2024 Reg H","players":["ray4gej","647w"],"log":"|j|\u2606ray4gej\n|j|\u2606647w\n|t:|1729870996\n|gametype|doubles\n|player|p1|ray4gej|266|1720\n|player|p2|647w|lucas-gen4pt|1712\n|teamsize|p1|6\n|teamsize|p2|6\n|gen|9\n|tier|[Gen 9] VGC 2024 Reg H\n|rated|\n|rule|Species Clause: Limit one of each Pok\u00e9mon\n|rule|Item Clause: Limit 1 of each item\n|clearpoke\n|poke|p1|Dondozo, L50, F|\n|poke|p1|Tatsugiri, L50, M|\n|poke|p1|Rillaboom, L50, M|\n|poke|p1|Sneasler, L50, F|\n|poke|p1|Garchomp, L50, F|\n|poke|p1|Flamigo, L50, M|\n|poke|p2|Kilowattrel, L50, F|\n|poke|p2|Garchomp, L50, F|\n|poke|p2|Gholdengo, L50|\n|poke|p2|Incineroar, L50, F|\n|poke|p2|Rillaboom, L50, F|\n|poke|p2|Dondozo, L50, M|\n|teampreview|4\n647w has agreed to open team sheets.\n|\n|t:|1729871030\n|start\n|switch|p1a: Tatsugiri|Tatsugiri, L50, M|100\/100\n|switch|p1b: Flamigo|Flamigo, L50, M|100\/100\n|switch|p2a: Kilowattrel|Kilowattrel, L50, F|100\/100\n|switch|p2b: Garchomp|Garchomp, L50, F|100\/100\n|turn|1\n|\n|t:|1729871045\n|move|p1a: Tatsugiri|Icy Wind|p2b: Garchomp|[spread] p2a,p2b\n|-supereffective|p2a: Kilowattrel\n|-supereffective|p2b: Garchomp\n|-damage|p2a: Kilowattrel|46\/100\n|-damage|p2b: Garchomp|35\/100\n|-unboost|p2a: Kilowattrel|spe|1\n|-ability|p2a: Kilowattrel|Competitive|boost\n|-boost|p2a: Kilowattrel|spa|2\n|move|p2b: Garchomp|Dragon Claw|p1a: Tatsugiri\n|-supereffective|p1a: Tatsugiri\n|-damage|p1a: Tatsugiri|0 fnt\n|faint|p1a: Tatsugiri\n|move|p1b: Flamigo|Close Combat|p2a: Kilowattrel\n|-resisted|p2a: Kilowattrel\n|-damage|p2a: Kilowattrel|0 fnt\n|-unboost|p1b: Flamigo|def|1\n|-unboost|p1b: Flamigo|spd|1\n|faint|p2a: Kilowattrel\n|\n|upkeep\n|j| Therazer456\n|\n|t:|1729871059\n|switch|p2a: Dondozo|Dondozo, L50, M|100\/100\n|switch|p1a: Sneasler|Sneasler, L50, F|100\/100\n|turn|2\n|\n|t:|1729871076\n|move|p2b: Garchomp|Protect|p2b: Garchomp\n|-singleturn|p2b: Garchomp|Protect\n|move|p1b: Flamigo|Protect|p1b: Flamigo\n|-singleturn|p1b: Flamigo|Protect\n|move|p2a: Dondozo|Protect|p2a: Dondozo\n|-singleturn|p2a: Dondozo|Protect\n|move|p1a: Sneasler|Coaching|p1b: Flamigo\n|-boost|p1b: Flamigo|atk|1\n|-boost|p1b: Flamigo|def|1\n|\n|upkeep\n|turn|3\n|\n|t:|1729871094\n|-terastallize|p1a: Sneasler|Stellar\n|move|p1a: Sneasler|Dire Claw|p2a: Dondozo\n|-damage|p2a: Dondozo|55\/100\n|-status|p2a: Dondozo|psn|[from] ability: Poison Touch|[of] p1a: Sneasler\n|-damage|p1a: Sneasler|91\/100|[from] item: Life Orb\n|move|p2b: Garchomp|Stomping Tantrum|p1a: Sneasler\n|-supereffective|p1a: Sneasler\n|-damage|p1a: Sneasler|0 fnt\n|faint|p1a: Sneasler\n|move|p1b: Flamigo|Close Combat|p2b: Garchomp\n|-damage|p2b: Garchomp|0 fnt\n|-unboost|p1b: Flamigo|def|1\n|-unboost|p1b: Flamigo|spd|1\n|-damage|p1b: Flamigo|88\/100|[from] ability: Rough Skin|[of] p2b: Garchomp\n|faint|p2b: Garchomp\n|move|p2a: Dondozo|Yawn|p1b: Flamigo\n|-start|p1b: Flamigo|move: Yawn|[of] p2a: Dondozo\n|\n|-heal|p2a: Dondozo|61\/100 psn|[from] item: Leftovers\n|-damage|p2a: Dondozo|49\/100 psn|[from] psn\n|upkeep\n|\n|t:|1729871110\n|switch|p1a: Rillaboom|Rillaboom, L50, M|100\/100\n|switch|p2b: Gholdengo|Gholdengo, L50|100\/100\n|-fieldstart|move: Grassy Terrain|[from] ability: Grassy Surge|[of] p1a: Rillaboom\n|turn|4\n|\n|t:|1729871120\n|move|p2b: Gholdengo|Protect|p2b: Gholdengo\n|-singleturn|p2b: Gholdengo|Protect\n|move|p2a: Dondozo|Protect|p2a: Dondozo\n|-singleturn|p2a: Dondozo|Protect\n|move|p1a: Rillaboom|Fake Out|p2a: Dondozo\n|-activate|p2a: Dondozo|move: Protect\n|move|p1b: Flamigo|Close Combat|p2b: Gholdengo\n|-activate|p2b: Gholdengo|move: Protect\n|\n|-heal|p2a: Dondozo|55\/100 psn|[from] Grassy Terrain\n|-heal|p2a: Dondozo|61\/100 psn|[from] item: Leftovers\n|-damage|p2a: Dondozo|49\/100 psn|[from] psn\n|-end|p1b: Flamigo|move: Yawn|[silent]\n|-status|p1b: Flamigo|slp\n|upkeep\n|turn|5\n|j| Deli(NotReal)\n|\n|t:|1729871137\n|-terastallize|p2a: Dondozo|Dragon\n|cant|p1b: Flamigo|slp\n|move|p2b: Gholdengo|Make It Rain|p1a: Rillaboom|[spread] p1a,p1b\n|-damage|p1a: Rillaboom|67\/100\n|-damage|p1b: Flamigo|0 fnt\n|-unboost|p2b: Gholdengo|spa|1\n|faint|p1b: Flamigo\n|move|p1a: Rillaboom|High Horsepower|p2a: Dondozo\n|-damage|p2a: Dondozo|30\/100 psn\n|move|p2a: Dondozo|Yawn|p1a: Rillaboom\n|-start|p1a: Rillaboom|move: Yawn|[of] p2a: Dondozo\n|\n|-heal|p1a: Rillaboom|73\/100|[from] Grassy Terrain\n|-heal|p2a: Dondozo|37\/100 psn|[from] Grassy Terrain\n|-heal|p2a: Dondozo|43\/100 psn|[from] item: Leftovers\n|-damage|p2a: Dondozo|30\/100 psn|[from] psn\n|upkeep\n|turn|6\n|-message|ray4gej forfeited.\n|\n|win|647w\n|raw|ray4gej's rating: 1720 &rarr; <strong>1700<\/strong><br \/>(-20 for losing)\n|raw|647w's rating: 1712 &rarr; <strong>1732<\/strong><br \/>(+20 for winning)\n|l|\u2606ray4gej\n|player|p1|\n","uploadtime":1729871147,"views":55,"formatid":"gen9vgc2024regh","rating":1700,"private":0,"password":null}