{"id":"gen9vgc2024regh-2230390659","format":"[Gen 9] VGC 2024 Reg H","players":["caZISA","winterbreak"],"log":"|j|\u2606caZISA\n|j|\u2606winterbreak\n|t:|1729824280\n|gametype|doubles\n|player|p1|caZISA|red|1727\n|player|p2|winterbreak|lucas-gen4pt|1752\n|teamsize|p1|6\n|teamsize|p2|6\n|gen|9\n|tier|[Gen 9] VGC 2024 Reg H\n|rated|\n|rule|Species Clause: Limit one of each Pok\u00e9mon\n|rule|Item Clause: Limit 1 of each item\n|clearpoke\n|poke|p1|Ursaluna, L50, M|\n|poke|p1|Amoonguss, L50, M|\n|poke|p1|Torkoal, L50, M|\n|poke|p1|Gholdengo, L50|\n|poke|p1|Flamigo, L50, F|\n|poke|p1|Porygon2, L50|\n|poke|p2|Serperior, L50, M|\n|poke|p2|Dragonite, L50, F|\n|poke|p2|Smeargle, L50, M|\n|poke|p2|Gholdengo, L50|\n|poke|p2|Incineroar, L50, F|\n|poke|p2|Ursaluna-Bloodmoon, L50, M|\n|teampreview|4\n|j| zacattack110\n|inactive|Battle timer is ON: inactive players will automatically lose when time's up. (requested by caZISA)\n|\n|t:|1729824321\n|start\n|switch|p1a: Flamigo|Flamigo, L50, F|100\/100\n|switch|p1b: Porygon2|Porygon2, L50|100\/100\n|switch|p2a: Serperior|Serperior, L50, M|100\/100\n|switch|p2b: Gholdengo|Gholdengo, L50|100\/100\n|-ability|p1b: Porygon2|Download|boost\n|-boost|p1b: Porygon2|spa|1\n|turn|1\n|inactive|winterbreak has 30 seconds left.\n|\n|t:|1729824349\n|move|p2b: Gholdengo|Protect|p2b: Gholdengo\n|-singleturn|p2b: Gholdengo|Protect\n|move|p2a: Serperior|Light Screen|p2a: Serperior\n|-sidestart|p2: winterbreak|move: Light Screen\n|move|p1a: Flamigo|Close Combat|p2b: Gholdengo\n|-activate|p2b: Gholdengo|move: Protect\n|move|p1b: Porygon2|Trick Room|p1b: Porygon2\n|-fieldstart|move: Trick Room|[of] p1b: Porygon2\n|\n|upkeep\n|turn|2\n|\n|t:|1729824371\n|-terastallize|p2b: Gholdengo|Water\n|move|p1b: Porygon2|Ice Beam|p2a: Serperior\n|-supereffective|p2a: Serperior\n|-crit|p2a: Serperior\n|-damage|p2a: Serperior|9\/100\n|-status|p2a: Serperior|frz\n|move|p2b: Gholdengo|Make It Rain|p1a: Flamigo|[spread] p1a,p1b\n|-damage|p1a: Flamigo|28\/100\n|-damage|p1b: Porygon2|72\/100\n|-unboost|p2b: Gholdengo|spa|1\n|move|p1a: Flamigo|Close Combat|p2b: Gholdengo\n|-damage|p2b: Gholdengo|49\/100\n|-unboost|p1a: Flamigo|def|1\n|-unboost|p1a: Flamigo|spd|1\n|cant|p2a: Serperior|frz\n|\n|-heal|p2b: Gholdengo|55\/100|[from] item: Leftovers\n|upkeep\n|turn|3\n|inactive|winterbreak has 30 seconds left.\n|\n|t:|1729824403\n|switch|p1a: Ursaluna|Ursaluna, L50, M|100\/100\n|move|p1b: Porygon2|Ice Beam|p2a: Serperior\n|-supereffective|p2a: Serperior\n|-damage|p2a: Serperior|0 fnt\n|faint|p2a: Serperior\n|move|p2b: Gholdengo|Hex|p1a: Ursaluna\n|-immune|p1a: Ursaluna\n|\n|-heal|p2b: Gholdengo|61\/100|[from] item: Leftovers\n|-status|p1a: Ursaluna|brn|[from] item: Flame Orb\n|upkeep\n|\n|t:|1729824410\n|switch|p2a: Incineroar|Incineroar, L50, F|100\/100\n|-ability|p2a: Incineroar|Intimidate|boost\n|-unboost|p1a: Ursaluna|atk|1\n|-unboost|p1b: Porygon2|atk|1\n|turn|4\n|\n|t:|1729824429\n|switch|p1a: sporini|Amoonguss, L50, M|100\/100\n|move|p2a: Incineroar|Fake Out|p1a: sporini\n|-damage|p1a: sporini|90\/100\n|-damage|p2a: Incineroar|84\/100|[from] item: Rocky Helmet|[of] p1a: sporini\n|move|p1b: Porygon2|Tera Blast|p2b: Gholdengo\n|-damage|p2b: Gholdengo|34\/100\n|move|p2b: Gholdengo|Nasty Plot|p2b: Gholdengo\n|-boost|p2b: Gholdengo|spa|2\n|\n|-heal|p2b: Gholdengo|40\/100|[from] item: Leftovers\n|upkeep\n|turn|5\n|inactive|winterbreak has 30 seconds left.\n|\n|t:|1729824455\n|move|p1a: sporini|Spore|p2a: Incineroar\n|-status|p2a: Incineroar|slp|[from] move: Spore\n|move|p1b: Porygon2|Recover|p1b: Porygon2\n|-heal|p1b: Porygon2|100\/100\n|cant|p2a: Incineroar|slp\n|move|p2b: Gholdengo|Nasty Plot|p2b: Gholdengo\n|-boost|p2b: Gholdengo|spa|2\n|\n|-heal|p2b: Gholdengo|46\/100|[from] item: Leftovers\n|-fieldend|move: Trick Room\n|upkeep\n|turn|6\n|\n|t:|1729824478\n|switch|p2a: Smeargle|Smeargle, L50, M|100\/100\n|move|p1a: sporini|Rage Powder|p1a: sporini\n|-singleturn|p1a: sporini|move: Rage Powder\n|move|p2b: Gholdengo|Make It Rain|p1b: Porygon2|[spread] p1a,p1b\n|-damage|p1a: sporini|6\/100\n|-damage|p1b: Porygon2|39\/100\n|-unboost|p2b: Gholdengo|spa|1\n|move|p1b: Porygon2|Trick Room|p1b: Porygon2\n|-fieldstart|move: Trick Room|[of] p1b: Porygon2\n|\n|-heal|p2b: Gholdengo|52\/100|[from] item: Leftovers\n|-ability|p2a: Smeargle|Moody|boost\n|-boost|p2a: Smeargle|atk|2\n|-unboost|p2a: Smeargle|spa|1\n|upkeep\n|turn|7\n|\n|t:|1729824502\n|move|p2a: Smeargle|Burning Bulwark|p2a: Smeargle\n|-singleturn|p2a: Smeargle|move: Protect\n|move|p1a: sporini|Spore|p2a: Smeargle\n|-status|p2a: Smeargle|slp|[from] move: Spore\n|move|p1b: Porygon2|Recover|p1b: Porygon2\n|-heal|p1b: Porygon2|89\/100\n|move|p2b: Gholdengo|Make It Rain|p1b: Porygon2|[spread] p1a,p1b\n|-damage|p1a: sporini|0 fnt\n|-damage|p1b: Porygon2|40\/100\n|-unboost|p2b: Gholdengo|spa|1\n|faint|p1a: sporini\n|\n|-heal|p2b: Gholdengo|59\/100|[from] item: Leftovers\n|-ability|p2a: Smeargle|Moody|boost\n|-boost|p2a: Smeargle|spe|2\n|-unboost|p2a: Smeargle|def|1\n|upkeep\n|\n|t:|1729824506\n|switch|p1a: Ursaluna|Ursaluna, L50, M|100\/100 brn\n|turn|8\n|-message|winterbreak forfeited.\n|\n|win|caZISA\n|raw|caZISA's rating: 1727 &rarr; <strong>1748<\/strong><br \/>(+21 for winning)\n|raw|winterbreak's rating: 1752 &rarr; <strong>1731<\/strong><br \/>(-21 for losing)\n|l|\u2606winterbreak\n|player|p2|\n|l|\u2606caZISA\n|player|p1|\n|l| zacattack110\n","uploadtime":1729824686,"views":51,"formatid":"gen9vgc2024regh","rating":1731,"private":0,"password":null}