{"id":"gen9vgc2024regh-2230857750","format":"[Gen 9] VGC 2024 Reg H","players":["m00seh","chiitancrazymascot"],"log":"|j|\u2606m00seh\n|j|\u2606chiitancrazymascot\n|t:|1729882025\n|gametype|doubles\n|player|p1|m00seh|blaine|1745\n|player|p2|chiitancrazymascot|pokemaniac|1876\n|teamsize|p1|6\n|teamsize|p2|6\n|gen|9\n|tier|[Gen 9] VGC 2024 Reg H\n|rated|\n|rule|Species Clause: Limit one of each Pok\u00e9mon\n|rule|Item Clause: Limit 1 of each item\n|clearpoke\n|poke|p1|Rillaboom, L50, F|\n|poke|p1|Blaziken, L50, F|\n|poke|p1|Kingambit, L50, F|\n|poke|p1|Ursaluna-Bloodmoon, L50, M|\n|poke|p1|Porygon2, L50|\n|poke|p1|Primarina, L50, F|\n|poke|p2|Annihilape, L50, F|\n|poke|p2|Dondozo, L50, F|\n|poke|p2|Maushold-Four, L50|\n|poke|p2|Gholdengo, L50|\n|poke|p2|Whimsicott, L50, F|\n|poke|p2|Tatsugiri, L50, F|\n|teampreview|4\n|inactive|Battle timer is ON: inactive players will automatically lose when time's up. (requested by chiitancrazymascot)\n|j| GyattDamnnm\n|inactive|m00seh has 60 seconds left.\n|\n|t:|1729882074\n|start\n|switch|p1a: Ursaluna|Ursaluna-Bloodmoon, L50, M|100\/100\n|switch|p1b: Porygon2|Porygon2, L50|100\/100\n|switch|p2a: Maushold|Maushold-Four, L50|100\/100\n|switch|p2b: Annihilape|Annihilape, L50, F, shiny|100\/100\n|-ability|p1b: Porygon2|Download|boost\n|-boost|p1b: Porygon2|atk|1\n|turn|1\n|\n|t:|1729882087\n|move|p2a: Maushold|Taunt|p1b: Porygon2\n|-start|p1b: Porygon2|move: Taunt\n|move|p2b: Annihilape|Bulk Up|p2b: Annihilape\n|-boost|p2b: Annihilape|atk|1\n|-boost|p2b: Annihilape|def|1\n|move|p1a: Ursaluna|Hyper Voice|p2a: Maushold|[spread] p2a,p2b\n|-damage|p2a: Maushold|31\/100\n|-damage|p2b: Annihilape|69\/100\n|-damage|p1a: Ursaluna|91\/100|[from] item: Life Orb\n|cant|p1b: Porygon2|move: Taunt|Trick Room\n|\n|upkeep\n|turn|2\n|inactive|chiitancrazymascot has 30 seconds left.\n|\n|t:|1729882113\n|-terastallize|p1a: Ursaluna|Normal\n|move|p2a: Maushold|Beat Up|p2b: Annihilape\n|-damage|p2b: Annihilape|68\/100\n|-damage|p2b: Annihilape|66\/100\n|-damage|p2b: Annihilape|64\/100\n|-damage|p2b: Annihilape|63\/100\n|-hitcount|p2b: Annihilape|4\n|move|p2b: Annihilape|Drain Punch|p1a: Ursaluna\n|-supereffective|p1a: Ursaluna\n|-damage|p1a: Ursaluna|25\/100\n|-heal|p2b: Annihilape|97\/100|[from] drain|[of] p1a: Ursaluna\n|move|p1b: Porygon2|Ice Beam|p2b: Annihilape\n|-damage|p2b: Annihilape|80\/100\n|move|p1a: Ursaluna|Hyper Voice|p2a: Maushold|[spread] p2a,p2b\n|-damage|p2a: Maushold|0 fnt\n|-damage|p2b: Annihilape|38\/100\n|-enditem|p2b: Annihilape|Sitrus Berry|[eat]\n|-heal|p2b: Annihilape|63\/100|[from] item: Sitrus Berry\n|faint|p2a: Maushold\n|-damage|p1a: Ursaluna|16\/100|[from] item: Life Orb\n|\n|upkeep\n|inactive|chiitancrazymascot has 30 seconds left.\n|\n|t:|1729882141\n|switch|p2a: Dondozo|Dondozo, L50, F, shiny|100\/100\n|turn|3\n|\n|t:|1729882150\n|move|p1a: Ursaluna|Protect|p1a: Ursaluna\n|-singleturn|p1a: Ursaluna|Protect\n|move|p2b: Annihilape|Drain Punch|p1b: Porygon2\n|-supereffective|p1b: Porygon2\n|-damage|p1b: Porygon2|41\/100\n|-heal|p2b: Annihilape|90\/100|[from] drain|[of] p1b: Porygon2\n|move|p2a: Dondozo|Wave Crash|p1a: Ursaluna\n|-activate|p1a: Ursaluna|move: Protect\n|move|p1b: Porygon2|Tera Blast|p2a: Dondozo\n|-damage|p2a: Dondozo|59\/100\n|\n|-heal|p2a: Dondozo|65\/100|[from] item: Leftovers\n|-end|p1b: Porygon2|move: Taunt\n|upkeep\n|turn|4\n|\n|t:|1729882164\n|switch|p1a: Primarina|Primarina, L50, F|100\/100\n|move|p2b: Annihilape|Drain Punch|p1b: Porygon2\n|-supereffective|p1b: Porygon2\n|-damage|p1b: Porygon2|0 fnt\n|-heal|p2b: Annihilape|100\/100|[from] drain|[of] p1b: Porygon2\n|faint|p1b: Porygon2\n|move|p2a: Dondozo|Wave Crash|p1a: Primarina\n|-resisted|p1a: Primarina\n|-damage|p1a: Primarina|67\/100\n|-damage|p2a: Dondozo|56\/100|[from] Recoil\n|\n|-heal|p2a: Dondozo|62\/100|[from] item: Leftovers\n|upkeep\n|\n|t:|1729882169\n|switch|p1b: Rillaboom|Rillaboom, L50, F|100\/100\n|-fieldstart|move: Grassy Terrain|[from] ability: Grassy Surge|[of] p1b: Rillaboom\n|turn|5\n|\n|t:|1729882185\n|move|p2b: Annihilape|Protect|p2b: Annihilape\n|-singleturn|p2b: Annihilape|Protect\n|move|p2a: Dondozo|Protect|p2a: Dondozo\n|-singleturn|p2a: Dondozo|Protect\n|move|p1a: Primarina|Protect|p1a: Primarina\n|-singleturn|p1a: Primarina|Protect\n|move|p1b: Rillaboom|Wood Hammer|p2b: Annihilape\n|-activate|p2b: Annihilape|move: Protect\n|\n|-heal|p2a: Dondozo|68\/100|[from] Grassy Terrain\n|-heal|p2a: Dondozo|75\/100|[from] item: Leftovers\n|-heal|p1a: Primarina|73\/100|[from] Grassy Terrain\n|upkeep\n|turn|6\n|\n|t:|1729882193\n|switch|p1a: Ursaluna|Ursaluna-Bloodmoon, L50, M, tera:Normal|16\/100\n|-terastallize|p2a: Dondozo|Grass\n|move|p2b: Annihilape|Rage Fist|p1b: Rillaboom\n|-damage|p1b: Rillaboom|0 fnt\n|faint|p1b: Rillaboom\n|move|p2a: Dondozo|Tera Blast|p1a: Ursaluna|[anim] Tera Blast Grass\n|-damage|p1a: Ursaluna|0 fnt\n|faint|p1a: Ursaluna\n|\n|-heal|p2a: Dondozo|81\/100|[from] Grassy Terrain\n|-heal|p2a: Dondozo|87\/100|[from] item: Leftovers\n|upkeep\n|\n|t:|1729882199\n|switch|p1b: Primarina|Primarina, L50, F|73\/100\n|turn|7\n|-message|m00seh forfeited.\n|\n|win|chiitancrazymascot\n|raw|m00seh's rating: 1745 &rarr; <strong>1732<\/strong><br \/>(-13 for losing)\n|raw|chiitancrazymascot's rating: 1876 &rarr; <strong>1889<\/strong><br \/>(+13 for winning)\n|l|\u2606m00seh\n|player|p1|\n|l|\u2606chiitancrazymascot\n|player|p2|\n|l| GyattDamnnm\n","uploadtime":1729882204,"views":41,"formatid":"gen9vgc2024regh","rating":1732,"private":0,"password":null}