{"id":"gen9vgc2024regh-2230523709","format":"[Gen 9] VGC 2024 Reg H","players":["tttCHORIttt","Riemann0917"],"log":"|j|\u2606tttCHORIttt\n|j|\u2606Riemann0917\n|t:|1729846339\n|gametype|doubles\n|player|p1|tttCHORIttt|101|1709\n|player|p2|Riemann0917|unknown|1793\n|teamsize|p1|6\n|teamsize|p2|6\n|gen|9\n|tier|[Gen 9] VGC 2024 Reg H\n|rated|\n|rule|Species Clause: Limit one of each Pok\u00e9mon\n|rule|Item Clause: Limit 1 of each item\n|clearpoke\n|poke|p1|Dragonite, L50, M|\n|poke|p1|Archaludon, L50, F|\n|poke|p1|Sneasler, L50, M|\n|poke|p1|Ursaluna-Bloodmoon, L50, M|\n|poke|p1|Tauros-Paldea-Blaze, L50, M|\n|poke|p1|Indeedee, L50, M|\n|poke|p2|Pelipper, L50, M|\n|poke|p2|Gardevoir, L50, F|\n|poke|p2|Maushold-Four, L50|\n|poke|p2|Gholdengo, L50|\n|poke|p2|Kingambit, L50, M|\n|poke|p2|Garchomp, L50, F|\n|teampreview|4\n|inactive|Battle timer is ON: inactive players will automatically lose when time's up. (requested by Riemann0917)\n|\n|t:|1729846391\n|start\n|switch|p1a: Dragonite|Dragonite, L50, M|100\/100\n|switch|p1b: Sneasler|Sneasler, L50, M|100\/100\n|switch|p2a: Garchomp|Garchomp, L50, F|100\/100\n|switch|p2b: Maushold|Maushold-Four, L50|100\/100\n|turn|1\n|inactive|tttCHORIttt has 30 seconds left.\n|j| mr pogostick\n|\n|t:|1729846420\n|-terastallize|p2b: Maushold|Ghost\n|move|p1a: Dragonite|Protect|p1a: Dragonite\n|-singleturn|p1a: Dragonite|Protect\n|move|p1b: Sneasler|Dire Claw|p2b: Maushold\n|-resisted|p2b: Maushold\n|-damage|p2b: Maushold|64\/100\n|-status|p2b: Maushold|psn\n|move|p2b: Maushold|Population Bomb|p1a: Dragonite\n|-activate|p1a: Dragonite|move: Protect\n|move|p2a: Garchomp|Stomping Tantrum|p1b: Sneasler\n|-supereffective|p1b: Sneasler\n|-enditem|p1b: Sneasler|Focus Sash\n|-damage|p1b: Sneasler|1\/100\n|-damage|p2a: Garchomp|91\/100|[from] item: Life Orb\n|\n|-damage|p2b: Maushold|52\/100 psn|[from] psn\n|upkeep\n|turn|2\n|inactive|Riemann0917 has 30 seconds left.\n|\n|t:|1729846446\n|move|p1b: Sneasler|Throat Chop|p2b: Maushold\n|-supereffective|p2b: Maushold\n|-damage|p2b: Maushold|0 fnt\n|faint|p2b: Maushold\n|move|p2a: Garchomp|Dragon Claw|p1a: Dragonite\n|-supereffective|p1a: Dragonite\n|-damage|p1a: Dragonite|44\/100\n|-damage|p2a: Garchomp|81\/100|[from] item: Life Orb\n|move|p1a: Dragonite|Scale Shot|p2a: Garchomp\n|-supereffective|p2a: Garchomp\n|-damage|p2a: Garchomp|51\/100\n|-supereffective|p2a: Garchomp\n|-damage|p2a: Garchomp|19\/100\n|-supereffective|p2a: Garchomp\n|-damage|p2a: Garchomp|0 fnt\n|faint|p2a: Garchomp\n|-hitcount|p2: Garchomp|3\n|-unboost|p1a: Dragonite|def|1\n|-boost|p1a: Dragonite|spe|1\n|\n|upkeep\n|\n|t:|1729846449\n|switch|p2b: Kingambit|Kingambit, L50, M|100\/100\n|switch|p2a: Pelipper|Pelipper, L50, M|100\/100\n|-weather|RainDance|[from] ability: Drizzle|[of] p2a: Pelipper\n|turn|3\n|\n|t:|1729846472\n|move|p2b: Kingambit|Sucker Punch|p1b: Sneasler\n|-resisted|p1b: Sneasler\n|-damage|p1b: Sneasler|0 fnt\n|faint|p1b: Sneasler\n|move|p1a: Dragonite|Tailwind|p1a: Dragonite\n|-sidestart|p1: tttCHORIttt|move: Tailwind\n|move|p2a: Pelipper|Tailwind|p2a: Pelipper\n|-sidestart|p2: Riemann0917|move: Tailwind\n|\n|-weather|RainDance|[upkeep]\n|upkeep\n|\n|t:|1729846483\n|switch|p1b: Archaludon|Archaludon, L50, F|100\/100\n|turn|4\n|inactive|Riemann0917 has 30 seconds left.\n|inactive|Riemann0917 has 20 seconds left.\n|inactive|Riemann0917 has 15 seconds left.\n|inactive|Riemann0917 has 10 seconds left.\n|inactive|Riemann0917 has 5 seconds left.\n|\n|t:|1729846534\n|move|p1a: Dragonite|Extreme Speed|p2a: Pelipper\n|-damage|p2a: Pelipper|61\/100\n|move|p1b: Archaludon|Electro Shot||[still]\n|-prepare|p1b: Archaludon|Electro Shot\n|-boost|p1b: Archaludon|spa|1\n|-anim|p1b: Archaludon|Electro Shot|p2b: Kingambit\n|-damage|p2b: Kingambit|32\/100\n|move|p2a: Pelipper|Hurricane|p1a: Dragonite\n|-damage|p1a: Dragonite|0 fnt\n|faint|p1a: Dragonite\n|move|p2b: Kingambit|Swords Dance|p2b: Kingambit\n|-boost|p2b: Kingambit|atk|2\n|\n|-weather|RainDance|[upkeep]\n|upkeep\n|\n|t:|1729846550\n|switch|p1a: Ursaluna|Ursaluna-Bloodmoon, L50, M|100\/100\n|turn|5\n|inactive|Riemann0917 has 30 seconds left.\n|\n|t:|1729846585\n|-terastallize|p1a: Ursaluna|Water\n|move|p2b: Kingambit|Sucker Punch|p1b: Archaludon\n|-damage|p1b: Archaludon|13\/100\n|move|p1b: Archaludon|Electro Shot||[still]\n|-prepare|p1b: Archaludon|Electro Shot\n|-boost|p1b: Archaludon|spa|1\n|-anim|p1b: Archaludon|Electro Shot|p2a: Pelipper\n|-supereffective|p2a: Pelipper\n|-damage|p2a: Pelipper|0 fnt\n|faint|p2a: Pelipper\n|move|p1a: Ursaluna|Earth Power|p2b: Kingambit\n|-supereffective|p2b: Kingambit\n|-damage|p2b: Kingambit|0 fnt\n|faint|p2b: Kingambit\n|\n|win|tttCHORIttt\n|raw|tttCHORIttt's rating: 1709 &rarr; <strong>1735<\/strong><br \/>(+26 for winning)\n|raw|Riemann0917's rating: 1812 &rarr; <strong>1786<\/strong><br \/>(-26 for losing)\n|l|\u2606Riemann0917\n|player|p2|\n|l|\u2606tttCHORIttt\n|player|p1|\n","uploadtime":1729846774,"views":14,"formatid":"gen9vgc2024regh","rating":1735,"private":0,"password":null}