{"id":"gen9vgc2024regh-2230100072","format":"[Gen 9] VGC 2024 Reg H","players":["M2P Cerberus","stevie.bot"],"log":"|j|\u2606M2P Cerberus\n|j|\u2606stevie.bot\n|t:|1729792866\n|gametype|doubles\n|player|p1|M2P Cerberus|norman|1701\n|player|p2|stevie.bot|bea|1709\n|teamsize|p1|6\n|teamsize|p2|6\n|gen|9\n|tier|[Gen 9] VGC 2024 Reg H\n|rated|\n|rule|Species Clause: Limit one of each Pok\u00e9mon\n|rule|Item Clause: Limit 1 of each item\n|clearpoke\n|poke|p1|Dragonite, L50, M|\n|poke|p1|Ninetales-Alola, L50, M|\n|poke|p1|Kingambit, L50, M|\n|poke|p1|Talonflame, L50, M|\n|poke|p1|Garchomp, L50, M|\n|poke|p1|Hitmontop, L50, M|\n|poke|p2|Weavile, L50, M|\n|poke|p2|Archaludon, L50, F|\n|poke|p2|Basculegion, L50, M|\n|poke|p2|Pelipper, L50, M|\n|poke|p2|Rillaboom, L50, M|\n|poke|p2|Clefable, L50, F|\n|teampreview|4\n|inactive|Battle timer is ON: inactive players will automatically lose when time's up. (requested by M2P Cerberus)\nstevie.bot rejected open team sheets.\n|inactive|M2P Cerberus has 60 seconds left.\n|inactive|stevie.bot has 60 seconds left.\n|inactive|M2P Cerberus has 30 seconds left.\n|inactive|M2P Cerberus has 20 seconds left.\n|j| xiaoliyun.official\n|inactive|M2P Cerberus has 15 seconds left.\n|\n|t:|1729792942\n|start\n|switch|p1a: Talonflame|Talonflame, L50, M|100\/100\n|switch|p1b: Garchomp|Garchomp, L50, M|100\/100\n|switch|p2a: Archaludon|Archaludon, L50, F|100\/100\n|switch|p2b: Weavile|Weavile, L50, M|100\/100\n|-ability|p2b: Weavile|Pressure\n|turn|1\n|j| Hibam89\n|\n|t:|1729792960\n|-terastallize|p1b: Garchomp|Steel\n|-terastallize|p2a: Archaludon|Electric\n|move|p2b: Weavile|Fake Out|p1b: Garchomp\n|-resisted|p1b: Garchomp\n|-damage|p1b: Garchomp|94\/100\n|-damage|p2b: Weavile|88\/100|[from] ability: Rough Skin|[of] p1b: Garchomp\n|move|p1a: Talonflame|Tailwind|p1a: Talonflame\n|-sidestart|p1: M2P Cerberus|move: Tailwind\n|cant|p1b: Garchomp|flinch\n|move|p2a: Archaludon|Electro Shot||[still]\n|-prepare|p2a: Archaludon|Electro Shot\n|-boost|p2a: Archaludon|spa|1\n|-enditem|p2a: Archaludon|Power Herb\n|-anim|p2a: Archaludon|Electro Shot|p1a: Talonflame\n|-supereffective|p1a: Talonflame\n|-damage|p1a: Talonflame|0 fnt\n|faint|p1a: Talonflame\n|\n|upkeep\n|j| Giftedyew\n|inactive|M2P Cerberus has 30 seconds left.\n|l| Hibam89\n|\n|t:|1729792989\n|switch|p1a: Ninetales|Ninetales-Alola, L50, M|100\/100\n|-weather|Snow|[from] ability: Snow Warning|[of] p1a: Ninetales\n|turn|2\n|inactive|stevie.bot has 30 seconds left.\n|\n|t:|1729793015\n|switch|p2b: Clefable|Clefable, L50, F|100\/100\n|move|p2a: Archaludon|Protect|p2a: Archaludon\n|-singleturn|p2a: Archaludon|Protect\n|move|p1a: Ninetales|Moonblast|p2b: Clefable\n|-damage|p2b: Clefable|51\/100\n|-unboost|p2b: Clefable|spa|1\n|move|p1b: Garchomp|Rock Slide|p2a: Archaludon|[spread] p2b\n|-activate|p2a: Archaludon|move: Protect\n|-damage|p2b: Clefable|26\/100\n|\n|-weather|Snow|[upkeep]\n|upkeep\n|turn|3\n|\n|t:|1729793033\n|move|p2b: Clefable|Follow Me|p2b: Clefable\n|-singleturn|p2b: Clefable|move: Follow Me\n|move|p1a: Ninetales|Moonblast|p2b: Clefable\n|-damage|p2b: Clefable|0 fnt\n|faint|p2b: Clefable\n|move|p1b: Garchomp|Rock Slide|p2a: Archaludon\n|-damage|p2a: Archaludon|63\/100\n|cant|p2a: Archaludon|flinch\n|\n|-weather|Snow|[upkeep]\n|upkeep\n|\n|t:|1729793042\n|switch|p2b: Pelipper|Pelipper, L50, M|100\/100\n|-weather|RainDance|[from] ability: Drizzle|[of] p2b: Pelipper\n|turn|4\n|\n|t:|1729793052\n|switch|p1a: Kingambit|Kingambit, L50, M|100\/100\n|move|p2a: Archaludon|Protect|p2a: Archaludon\n|-singleturn|p2a: Archaludon|Protect\n|move|p1b: Garchomp|Rock Slide|p2a: Archaludon|[spread] p2b\n|-activate|p2a: Archaludon|move: Protect\n|-supereffective|p2b: Pelipper\n|-damage|p2b: Pelipper|9\/100\n|move|p2b: Pelipper|Tailwind|p2b: Pelipper\n|-sidestart|p2: stevie.bot|move: Tailwind\n|\n|-weather|RainDance|[upkeep]\n|-sideend|p1: M2P Cerberus|move: Tailwind\n|upkeep\n|turn|5\n|\n|t:|1729793074\n|switch|p2b: Weavile|Weavile, L50, M|88\/100\n|-ability|p2b: Weavile|Pressure\n|move|p2a: Archaludon|Electro Shot||[still]\n|-prepare|p2a: Archaludon|Electro Shot\n|-boost|p2a: Archaludon|spa|1\n|-anim|p2a: Archaludon|Electro Shot|p1b: Garchomp\n|-damage|p1b: Garchomp|0 fnt\n|faint|p1b: Garchomp\n|move|p1a: Kingambit|Low Kick|p2a: Archaludon\n|-damage|p2a: Archaludon|38\/100\n|\n|-weather|RainDance|[upkeep]\n|upkeep\n|\n|t:|1729793088\n|switch|p1b: Ninetales|Ninetales-Alola, L50, M|100\/100\n|-weather|Snow|[from] ability: Snow Warning|[of] p1b: Ninetales\n|turn|6\n|\n|t:|1729793103\n|move|p2b: Weavile|Fake Out|p1a: Kingambit\n|-resisted|p1a: Kingambit\n|-damage|p1a: Kingambit|95\/100\n|move|p2a: Archaludon|Aura Sphere|p1a: Kingambit\n|-supereffective|p1a: Kingambit\n|-damage|p1a: Kingambit|0 fnt\n|faint|p1a: Kingambit\n|move|p1b: Ninetales|Moonblast|p2b: Weavile\n|-supereffective|p2b: Weavile\n|-crit|p2b: Weavile\n|-damage|p2b: Weavile|0 fnt\n|faint|p2b: Weavile\n|\n|-weather|Snow|[upkeep]\n|upkeep\n|\n|t:|1729793110\n|switch|p2b: Pelipper|Pelipper, L50, M|9\/100\n|-weather|RainDance|[from] ability: Drizzle|[of] p2b: Pelipper\n|turn|7\n|\n|t:|1729793133\n|move|p2b: Pelipper|Tailwind||[still]\n|-fail|p2b: Pelipper\n|move|p2a: Archaludon|Electro Shot||[still]\n|-prepare|p2a: Archaludon|Electro Shot\n|-boost|p2a: Archaludon|spa|1\n|-anim|p2a: Archaludon|Electro Shot|p1b: Ninetales\n|-damage|p1b: Ninetales|0 fnt\n|faint|p1b: Ninetales\n|\n|win|stevie.bot\n|raw|M2P Cerberus's rating: 1701 &rarr; <strong>1681<\/strong><br \/>(-20 for losing)\n|raw|stevie.bot's rating: 1709 &rarr; <strong>1729<\/strong><br \/>(+20 for winning)\n|l| xiaoliyun.official\n|l|\u2606M2P Cerberus\n|player|p1|\n","uploadtime":1729793147,"views":15,"formatid":"gen9vgc2024regh","rating":1681,"private":0,"password":null}