{"id":"gen9vgc2024regh-2230929305","format":"[Gen 9] VGC 2024 Reg H","players":["nusoro","pokefaqk"],"log":"|j|\u2606nusoro\n|j|\u2606pokefaqk\n|t:|1729889157\n|gametype|doubles\n|player|p1|nusoro|red|1688\n|player|p2|pokefaqk|2|1702\n|teamsize|p1|6\n|teamsize|p2|6\n|gen|9\n|tier|[Gen 9] VGC 2024 Reg H\n|rated|\n|rule|Species Clause: Limit one of each Pok\u00e9mon\n|rule|Item Clause: Limit 1 of each item\n|clearpoke\n|poke|p1|Typhlosion-Hisui, L50, F|\n|poke|p1|Murkrow, L50, M|\n|poke|p1|Indeedee, L50, M|\n|poke|p1|Sneasler, L50, M|\n|poke|p1|Corviknight, L50, F|\n|poke|p1|Garchomp, L50, M|\n|poke|p2|Ursaluna-Bloodmoon, L50, M|\n|poke|p2|Flapple, L50, F|\n|poke|p2|Yanmega, L50, M|\n|poke|p2|Sableye, L50, M|\n|poke|p2|Delphox, L50, M|\n|poke|p2|Indeedee-F, L50, F|\n|teampreview|4\n|inactive|Battle timer is ON: inactive players will automatically lose when time's up. (requested by pokefaqk)\n|inactive|nusoro has 60 seconds left.\n|\n|t:|1729889201\n|start\n|switch|p1a: Typhlosion|Typhlosion-Hisui, L50, F|100\/100\n|switch|p1b: Murkrow|Murkrow, L50, M|100\/100\n|switch|p2a: Delphox|Delphox, L50, M|100\/100\n|switch|p2b: Indeedee|Indeedee-F, L50, F|100\/100\n|-fieldstart|move: Psychic Terrain|[from] ability: Psychic Surge|[of] p2b: Indeedee\n|-enditem|p2a: Delphox|Psychic Seed\n|-boost|p2a: Delphox|spd|1|[from] item: Psychic Seed\n|turn|1\n|inactive|pokefaqk has 30 seconds left.\n|inactive|pokefaqk has 20 seconds left.\n|\n|t:|1729889242\n|-terastallize|p1a: Typhlosion|Fire\n|move|p2b: Indeedee|Helping Hand|p2a: Delphox\n|-singleturn|p2a: Delphox|Helping Hand|[of] p2b: Indeedee\n|move|p1b: Murkrow|Tailwind|p1b: Murkrow\n|-sidestart|p1: nusoro|move: Tailwind\n|move|p1a: Typhlosion|Eruption|p2b: Indeedee|[spread] p2a,p2b\n|-resisted|p2a: Delphox\n|-damage|p2a: Delphox|62\/100\n|-damage|p2b: Indeedee|16\/100\n|move|p2a: Delphox|Expanding Force|p1a: Typhlosion|[spread] p1a\n|-immune|p1b: Murkrow\n|-damage|p1a: Typhlosion|0 fnt\n|faint|p1a: Typhlosion\n|-item|p2a: Delphox|Eviolite|[from] ability: Magician|[of] p1b: Murkrow\n|\n|upkeep\n|\n|t:|1729889255\n|switch|p1a: Indeedee|Indeedee, L50, M|100\/100\n|turn|2\n|\n|t:|1729889270\n|move|p2b: Indeedee|Follow Me|p2b: Indeedee\n|-singleturn|p2b: Indeedee|move: Follow Me\n|move|p1a: Indeedee|Expanding Force|p2a: Delphox|[spread] p2a,p2b\n|-resisted|p2a: Delphox\n|-resisted|p2b: Indeedee\n|-damage|p2a: Delphox|39\/100\n|-damage|p2b: Indeedee|0 fnt\n|faint|p2b: Indeedee\n|-damage|p1a: Indeedee|91\/100|[from] item: Life Orb\n|move|p1b: Murkrow|Foul Play|p2a: Delphox\n|-supereffective|p2a: Delphox\n|-damage|p2a: Delphox|0 fnt\n|faint|p2a: Delphox\n|\n|upkeep\n|\n|t:|1729889274\n|switch|p2a: Yanmega|Yanmega, L50, M|100\/100\n|switch|p2b: Ursaluna|Ursaluna-Bloodmoon, L50, M|100\/100\n|turn|3\n|j| falcon108\n|j| Fallastest\n|\n|t:|1729889290\n|move|p2b: Ursaluna|Protect|p2b: Ursaluna\n|-singleturn|p2b: Ursaluna|Protect\n|move|p1a: Indeedee|Expanding Force|p2a: Yanmega|[spread] p2a\n|-activate|p2b: Ursaluna|move: Protect\n|-enditem|p2a: Yanmega|Focus Sash\n|-damage|p2a: Yanmega|1\/100\n|-damage|p1a: Indeedee|81\/100|[from] item: Life Orb\n|move|p1b: Murkrow|Foul Play|p2b: Ursaluna\n|-activate|p2b: Ursaluna|move: Protect\n|move|p2a: Yanmega|Hypnosis|p1a: Indeedee|[miss]\n|-miss|p2a: Yanmega|p1a: Indeedee\n|\n|-ability|p2a: Yanmega|Speed Boost|boost\n|-boost|p2a: Yanmega|spe|1\n|upkeep\n|turn|4\n|\n|t:|1729889299\n|move|p2a: Yanmega|Detect|p2a: Yanmega\n|-singleturn|p2a: Yanmega|Protect\n|move|p2b: Ursaluna|Protect|p2b: Ursaluna\n|-singleturn|p2b: Ursaluna|Protect\n|move|p1a: Indeedee|Expanding Force|p2b: Ursaluna|[spread] \n|-activate|p2a: Yanmega|move: Protect\n|-activate|p2b: Ursaluna|move: Protect\n|move|p1b: Murkrow|Foul Play|p2b: Ursaluna\n|-activate|p2b: Ursaluna|move: Protect\n|\n|-sideend|p1: nusoro|move: Tailwind\n|-ability|p2a: Yanmega|Speed Boost|boost\n|-boost|p2a: Yanmega|spe|1\n|upkeep\n|turn|5\n|\n|t:|1729889318\n|-terastallize|p2b: Ursaluna|Normal\n|move|p1b: Murkrow|Tailwind|p1b: Murkrow\n|-sidestart|p1: nusoro|move: Tailwind\n|move|p1a: Indeedee|Expanding Force|p2a: Yanmega|[spread] p2a,p2b\n|-crit|p2b: Ursaluna\n|-damage|p2a: Yanmega|0 fnt\n|-damage|p2b: Ursaluna|0 fnt\n|faint|p2a: Yanmega\n|faint|p2b: Ursaluna\n|-damage|p1a: Indeedee|72\/100|[from] item: Life Orb\n|\n|win|nusoro\n|raw|nusoro's rating: 1688 &rarr; <strong>1709<\/strong><br \/>(+21 for winning)\n|raw|pokefaqk's rating: 1702 &rarr; <strong>1681<\/strong><br \/>(-21 for losing)\n|l|\u2606pokefaqk\n|player|p2|\n|l| Fallastest\n|l| falcon108\n|l|\u2606nusoro\n|player|p1|\n","uploadtime":1729889469,"views":14,"formatid":"gen9vgc2024regh","rating":1681,"private":0,"password":null}