{"id":"gen9vgc2024regh-2230627985","format":"[Gen 9] VGC 2024 Reg H","players":["Archimedes75","ray4gej"],"log":"|j|\u2606Archimedes75\n|j|\u2606ray4gej\n|t:|1729860843\n|gametype|doubles\n|player|p1|Archimedes75|unknown|1800\n|player|p2|ray4gej|266|1695\n|teamsize|p1|6\n|teamsize|p2|6\n|gen|9\n|tier|[Gen 9] VGC 2024 Reg H\n|rated|\n|rule|Species Clause: Limit one of each Pok\u00e9mon\n|rule|Item Clause: Limit 1 of each item\n|clearpoke\n|poke|p1|Pelipper, L50, M|\n|poke|p1|Gardevoir, L50, F|\n|poke|p1|Kingambit, L50, M|\n|poke|p1|Garchomp, L50, F|\n|poke|p1|Maushold-Four, L50|\n|poke|p1|Gholdengo, L50|\n|poke|p2|Dondozo, L50, F|\n|poke|p2|Tatsugiri, L50, M|\n|poke|p2|Rillaboom, L50, F|\n|poke|p2|Sneasler, L50, M|\n|poke|p2|Garchomp, L50, F|\n|poke|p2|Flamigo, L50, F|\n|teampreview|4\n|inactive|Battle timer is ON: inactive players will automatically lose when time's up. (requested by Archimedes75)\n|\n|t:|1729860860\n|start\n|switch|p1a: Maushold|Maushold-Four, L50|100\/100\n|switch|p1b: Gholdengo|Gholdengo, L50|100\/100\n|switch|p2a: Flamigo|Flamigo, L50, F|100\/100\n|switch|p2b: Sneasler|Sneasler, L50, M|100\/100\n|turn|1\n|inactive|Archimedes75 has 30 seconds left.\n|j| MJS25\n|inactive|Archimedes75 has 20 seconds left.\n|\n|t:|1729860900\n|-terastallize|p1a: Maushold|Ghost\n|-terastallize|p2a: Flamigo|Ghost\n|move|p1b: Gholdengo|Trick|p2b: Sneasler\n|-activate|p1b: Gholdengo|move: Trick|[of] p2b: Sneasler\n|-item|p2b: Sneasler|Choice Scarf|[from] move: Trick\n|-item|p1b: Gholdengo|Life Orb|[from] move: Trick\n|move|p2b: Sneasler|Coaching|p2a: Flamigo\n|-boost|p2a: Flamigo|atk|1\n|-boost|p2a: Flamigo|def|1\n|move|p1a: Maushold|Population Bomb|p2a: Flamigo\n|-immune|p2a: Flamigo\n|move|p2a: Flamigo|Tailwind|p2a: Flamigo\n|-sidestart|p2: ray4gej|move: Tailwind\n|\n|upkeep\n|turn|2\n|\n|t:|1729860923\n|switch|p2b: Dondozo|Dondozo, L50, F, shiny|100\/100\n|move|p1a: Maushold|Follow Me|p1a: Maushold\n|-singleturn|p1a: Maushold|move: Follow Me\n|move|p2a: Flamigo|Close Combat|p1a: Maushold\n|-crit|p1a: Maushold\n|-damage|p1a: Maushold|0 fnt\n|-unboost|p2a: Flamigo|def|1\n|-unboost|p2a: Flamigo|spd|1\n|faint|p1a: Maushold\n|move|p1b: Gholdengo|Shadow Ball|p2a: Flamigo\n|-supereffective|p2a: Flamigo\n|-enditem|p2a: Flamigo|Focus Sash\n|-damage|p2a: Flamigo|1\/100\n|-damage|p1b: Gholdengo|91\/100|[from] item: Life Orb\n|\n|upkeep\n|inactive|Archimedes75 has 30 seconds left.\n|\n|t:|1729860949\n|switch|p1a: Garchomp|Garchomp, L50, F|100\/100\n|turn|3\n|\n|t:|1729860959\n|move|p2a: Flamigo|Close Combat|p1b: Gholdengo\n|-supereffective|p1b: Gholdengo\n|-damage|p1b: Gholdengo|0 fnt\n|-unboost|p2a: Flamigo|def|1\n|-unboost|p2a: Flamigo|spd|1\n|faint|p1b: Gholdengo\n|move|p2b: Dondozo|Order Up|p1a: Garchomp\n|-supereffective|p1a: Garchomp\n|-damage|p1a: Garchomp|51\/100\n|move|p1a: Garchomp|Stomping Tantrum|p2a: Flamigo\n|-crit|p2a: Flamigo\n|-damage|p2a: Flamigo|0 fnt\n|faint|p2a: Flamigo\n|-damage|p1a: Garchomp|41\/100|[from] item: Life Orb\n|\n|upkeep\n|\n|t:|1729860973\n|switch|p1b: Gardevoir|Gardevoir, L50, F|100\/100\n|switch|p2a: Sneasler|Sneasler, L50, M|100\/100\n|-ability|p1b: Gardevoir|Poison Touch|[from] ability: Trace|[of] p2a: Sneasler\n|turn|4\n|inactive|Archimedes75 has 30 seconds left.\n|\n|t:|1729861003\n|move|p2b: Dondozo|Protect|p2b: Dondozo\n|-singleturn|p2b: Dondozo|Protect\n|move|p2a: Sneasler|Coaching|p2b: Dondozo\n|-boost|p2b: Dondozo|atk|1\n|-boost|p2b: Dondozo|def|1\n|move|p1a: Garchomp|Stomping Tantrum|p2a: Sneasler\n|-supereffective|p2a: Sneasler\n|-damage|p2a: Sneasler|0 fnt\n|faint|p2a: Sneasler\n|-damage|p1a: Garchomp|32\/100|[from] item: Life Orb\n|move|p1b: Gardevoir|Psych Up|p2b: Dondozo\n|-copyboost|p1b: Gardevoir|p2b: Dondozo|[from] move: Psych Up\n|\n|-sideend|p2: ray4gej|move: Tailwind\n|upkeep\n|\n|t:|1729861012\n|switch|p2a: Tatsugiri|Tatsugiri, L50, M|100\/100\n|-activate|p2a: Tatsugiri|ability: Commander|[of] p2b: Dondozo\n|-boost|p2b: Dondozo|atk|2\n|-boost|p2b: Dondozo|spa|2\n|-boost|p2b: Dondozo|spe|2\n|-boost|p2b: Dondozo|def|2\n|-boost|p2b: Dondozo|spd|2\n|turn|5\n|\n|t:|1729861017\n|move|p1a: Garchomp|Protect|p1a: Garchomp\n|-singleturn|p1a: Garchomp|Protect\n|move|p2b: Dondozo|Wave Crash|p1b: Gardevoir\n|-damage|p1b: Gardevoir|0 fnt\n|faint|p1b: Gardevoir\n|-damage|p2b: Dondozo|76\/100|[from] Recoil\n|\n|upkeep\n|turn|6\n|-message|Archimedes75 forfeited.\n|\n|win|ray4gej\n|raw|Archimedes75's rating: 1800 &rarr; <strong>1774<\/strong><br \/>(-26 for losing)\n|raw|ray4gej's rating: 1695 &rarr; <strong>1721<\/strong><br \/>(+26 for winning)\n|l|\u2606Archimedes75\n|player|p1|\n","uploadtime":1729861242,"views":12,"formatid":"gen9vgc2024regh","rating":1721,"private":0,"password":null}