{"id":"gen9vgc2024regh-2230837897","format":"[Gen 9] VGC 2024 Reg H","players":["hydrauliktoad","Zordor"],"log":"|j|\u2606hydrauliktoad\n|j|\u2606Zordor\n|t:|1729880170\n|gametype|doubles\n|player|p1|hydrauliktoad|janine|1679\n|player|p2|Zordor|pilot|1763\n|teamsize|p1|6\n|teamsize|p2|6\n|gen|9\n|tier|[Gen 9] VGC 2024 Reg H\n|rated|\n|rule|Species Clause: Limit one of each Pok\u00e9mon\n|rule|Item Clause: Limit 1 of each item\n|clearpoke\n|poke|p1|Poliwrath, L50, F|\n|poke|p1|Pelipper, L50, M|\n|poke|p1|Indeedee-F, L50, F|\n|poke|p1|Sinistcha, L50|\n|poke|p1|Braviary-Hisui, L50, M|\n|poke|p1|Annihilape, L50, M|\n|poke|p2|Rotom-Wash, L50|\n|poke|p2|Weavile, L50, M|\n|poke|p2|Kingambit, L50, F|\n|poke|p2|Armarouge, L50, M|\n|poke|p2|Dragapult, L50, M|\n|poke|p2|Venusaur, L50, F|\n|teampreview|4\n|\n|t:|1729880232\n|start\n|switch|p1a: Poliwrath|Poliwrath, L50, F|100\/100\n|switch|p1b: Indeedee|Indeedee-F, L50, F|100\/100\n|switch|p2a: Rotom|Rotom-Wash, L50|100\/100\n|switch|p2b: Weavile|Weavile, L50, M|100\/100\n|-ability|p2b: Weavile|Pressure\n|-fieldstart|move: Psychic Terrain|[from] ability: Psychic Surge|[of] p1b: Indeedee\n|turn|1\n|\n|t:|1729880244\n|-terastallize|p1a: Poliwrath|Fire\n|move|p2b: Weavile|Knock Off|p1b: Indeedee\n|-supereffective|p1b: Indeedee\n|-damage|p1b: Indeedee|1\/100\n|-enditem|p1b: Indeedee|Safety Goggles|[from] move: Knock Off|[of] p2b: Weavile\n|move|p2a: Rotom|Hydro Pump|p1b: Indeedee\n|-damage|p1b: Indeedee|0 fnt\n|faint|p1b: Indeedee\n|move|p1a: Poliwrath|Belly Drum|p1a: Poliwrath\n|-damage|p1a: Poliwrath|50\/100\n|-setboost|p1a: Poliwrath|atk|6|[from] move: Belly Drum\n|-enditem|p1a: Poliwrath|Sitrus Berry|[eat]\n|-heal|p1a: Poliwrath|75\/100|[from] item: Sitrus Berry\n|\n|upkeep\n|\n|t:|1729880257\n|switch|p1b: Pelipper|Pelipper, L50, M|100\/100\n|-weather|RainDance|[from] ability: Drizzle|[of] p1b: Pelipper\n|turn|2\n|\n|t:|1729880283\n|move|p2b: Weavile|Icicle Spear|p1b: Pelipper\n|-damage|p1b: Pelipper|86\/100\n|-damage|p1b: Pelipper|72\/100\n|-damage|p1b: Pelipper|57\/100\n|-damage|p1b: Pelipper|43\/100\n|-hitcount|p1b: Pelipper|4\n|move|p2a: Rotom|Electroweb|p1b: Pelipper|[spread] p1a,p1b\n|-supereffective|p1b: Pelipper\n|-damage|p1a: Poliwrath|62\/100\n|-damage|p1b: Pelipper|0 fnt\n|-unboost|p1a: Poliwrath|spe|1\n|faint|p1b: Pelipper\n|move|p1a: Poliwrath|Drain Punch|p2a: Rotom\n|-damage|p2a: Rotom|0 fnt\n|-heal|p1a: Poliwrath|100\/100|[from] drain|[of] p2a: Rotom\n|faint|p2a: Rotom\n|\n|-weather|RainDance|[upkeep]\n|upkeep\n|\n|t:|1729880299\n|switch|p2a: Dragapult|Dragapult, L50, M|100\/100\n|switch|p1b: Sinistcha|Sinistcha, L50|100\/100\n|turn|3\n|\n|t:|1729880325\n|move|p2a: Dragapult|Phantom Force||[still]\n|-prepare|p2a: Dragapult|Phantom Force\n|move|p2b: Weavile|Knock Off|p1b: Sinistcha\n|-supereffective|p1b: Sinistcha\n|-damage|p1b: Sinistcha|8\/100\n|-enditem|p1b: Sinistcha|Mental Herb|[from] move: Knock Off|[of] p2b: Weavile\n|move|p1a: Poliwrath|Liquidation|p2a: Dragapult|[miss]\n|-miss|p1a: Poliwrath|p2a: Dragapult\n|move|p1b: Sinistcha|Trick Room|p1b: Sinistcha\n|-fieldstart|move: Trick Room|[of] p1b: Sinistcha\n|\n|-weather|RainDance|[upkeep]\n|upkeep\n|turn|4\n|\n|t:|1729880342\n|move|p2b: Weavile|Protect|p2b: Weavile\n|-singleturn|p2b: Weavile|Protect\n|move|p1a: Poliwrath|Drain Punch|p2b: Weavile\n|-activate|p2b: Weavile|move: Protect\n|move|p1b: Sinistcha|Shadow Ball|p2b: Weavile\n|-activate|p2b: Weavile|move: Protect\n|move|p2a: Dragapult|Phantom Force|p1b: Sinistcha|[from]lockedmove\n|-supereffective|p1b: Sinistcha\n|-damage|p1b: Sinistcha|0 fnt\n|faint|p1b: Sinistcha\n|\n|-weather|RainDance|[upkeep]\n|upkeep\n|turn|5\n|\n|t:|1729880366\n|move|p1a: Poliwrath|Liquidation|p2a: Dragapult\n|-resisted|p2a: Dragapult\n|-damage|p2a: Dragapult|0 fnt\n|faint|p2a: Dragapult\n|move|p2b: Weavile|Knock Off|p1a: Poliwrath\n|-damage|p1a: Poliwrath|71\/100\n|\n|-weather|RainDance|[upkeep]\n|-fieldend|move: Psychic Terrain\n|upkeep\n|\n|t:|1729880372\n|switch|p2a: Venusaur|Venusaur, L50, F|100\/100\n|turn|6\n|\n|t:|1729880383\n|move|p2a: Venusaur|Protect|p2a: Venusaur\n|-singleturn|p2a: Venusaur|Protect\n|move|p2b: Weavile|Protect|p2b: Weavile\n|-singleturn|p2b: Weavile|Protect\n|move|p1a: Poliwrath|Liquidation|p2a: Venusaur\n|-activate|p2a: Venusaur|move: Protect\n|\n|-weather|none\n|upkeep\n|turn|7\n|\n|t:|1729880396\n|move|p1a: Poliwrath|Drain Punch|p2b: Weavile\n|-supereffective|p2b: Weavile\n|-enditem|p2b: Weavile|Focus Sash\n|-damage|p2b: Weavile|1\/100\n|-heal|p1a: Poliwrath|100\/100|[from] drain|[of] p2b: Weavile\n|move|p2a: Venusaur|Earth Power|p1a: Poliwrath\n|-supereffective|p1a: Poliwrath\n|-damage|p1a: Poliwrath|49\/100\n|move|p2b: Weavile|Knock Off|p1a: Poliwrath\n|-damage|p1a: Poliwrath|18\/100\n|\n|-fieldend|move: Trick Room\n|upkeep\n|turn|8\n|j| mpudi\n|\n|t:|1729880418\n|move|p2b: Weavile|Knock Off|p1a: Poliwrath\n|-crit|p1a: Poliwrath\n|-damage|p1a: Poliwrath|0 fnt\n|faint|p1a: Poliwrath\n|\n|win|Zordor\n|raw|hydrauliktoad's rating: 1679 &rarr; <strong>1664<\/strong><br \/>(-15 for losing)\n|raw|Zordor's rating: 1763 &rarr; <strong>1778<\/strong><br \/>(+15 for winning)\n|c|\u2606hydrauliktoad|ggwp\n|l|\u2606hydrauliktoad\n|player|p1|\n|c|\u2606Zordor|you too\n|l|\u2606Zordor\n|player|p2|\n","uploadtime":1729880568,"views":18,"formatid":"gen9vgc2024regh","rating":1664,"private":0,"password":null}