{"id":"gen9vgc2024regh-2230867632","format":"[Gen 9] VGC 2024 Reg H","players":["caZISA","Shikanoko32"],"log":"|j|\u2606caZISA\n|j|\u2606Shikanoko32\n|t:|1729882978\n|gametype|doubles\n|player|p1|caZISA|red|1727\n|player|p2|Shikanoko32|170|1840\n|teamsize|p1|6\n|teamsize|p2|6\n|gen|9\n|tier|[Gen 9] VGC 2024 Reg H\n|rated|\n|rule|Species Clause: Limit one of each Pok\u00e9mon\n|rule|Item Clause: Limit 1 of each item\n|clearpoke\n|poke|p1|Amoonguss, L50, F|\n|poke|p1|Incineroar, L50, F|\n|poke|p1|Pelipper, L50, M|\n|poke|p1|Archaludon, L50, M|\n|poke|p1|Ursaluna, L50, F|\n|poke|p1|Gothitelle, L50, M|\n|poke|p2|Incineroar, L50, F|\n|poke|p2|Rillaboom, L50, M|\n|poke|p2|Ninetales-Alola, L50, M|\n|poke|p2|Frosmoth, L50, M|\n|poke|p2|Maushold-Four, L50|\n|poke|p2|Annihilape, L50, M|\n|teampreview|4\n|inactive|Battle timer is ON: inactive players will automatically lose when time's up. (requested by caZISA)\n|\n|t:|1729883021\n|start\n|switch|p1a: Gothitelle|Gothitelle, L50, M|100\/100\n|switch|p1b: sporini|Amoonguss, L50, F|100\/100\n|switch|p2a: Maushold|Maushold-Four, L50|100\/100\n|switch|p2b: Annihilape|Annihilape, L50, M|100\/100\n|turn|1\n|\n|t:|1729883032\n|move|p1b: sporini|Rage Powder|p1b: sporini\n|-singleturn|p1b: sporini|move: Rage Powder\n|move|p2a: Maushold|Taunt|p1b: sporini\n|-start|p1b: sporini|move: Taunt\n|-enditem|p1b: sporini|Mental Herb\n|-end|p1b: sporini|move: Taunt\n|move|p2b: Annihilape|Bulk Up|p2b: Annihilape\n|-boost|p2b: Annihilape|atk|1\n|-boost|p2b: Annihilape|def|1\n|move|p1a: Gothitelle|Trick Room|p1a: Gothitelle\n|-fieldstart|move: Trick Room|[of] p1a: Gothitelle\n|\n|upkeep\n|turn|2\n|inactive|Shikanoko32 has 30 seconds left.\n|\n|t:|1729883059\n|switch|p1a: Ursaluna|Ursaluna, L50, F|100\/100\n|move|p1b: sporini|Spore|p2b: Annihilape\n|-status|p2b: Annihilape|slp|[from] move: Spore\n|cant|p2b: Annihilape|slp\n|move|p2a: Maushold|Taunt|p1b: sporini\n|-start|p1b: sporini|move: Taunt\n|\n|-status|p1a: Ursaluna|brn|[from] item: Flame Orb\n|upkeep\n|turn|3\n|\n|t:|1729883081\n|switch|p1b: Gothitelle|Gothitelle, L50, M|100\/100\n|move|p2a: Maushold|Protect|p2a: Maushold\n|-singleturn|p2a: Maushold|Protect\n|move|p1a: Ursaluna|Headlong Rush|p2b: Annihilape\n|-damage|p2b: Annihilape|47\/100 slp\n|-unboost|p1a: Ursaluna|def|1\n|-unboost|p1a: Ursaluna|spd|1\n|-enditem|p2b: Annihilape|Sitrus Berry|[eat]\n|-heal|p2b: Annihilape|72\/100 slp|[from] item: Sitrus Berry\n|cant|p2b: Annihilape|slp\n|\n|-damage|p1a: Ursaluna|95\/100 brn|[from] brn\n|upkeep\n|turn|4\n|\n|t:|1729883103\n|-terastallize|p1a: Ursaluna|Ghost\n|move|p2a: Maushold|Follow Me|p2a: Maushold\n|-singleturn|p2a: Maushold|move: Follow Me\n|move|p1a: Ursaluna|Headlong Rush|p2a: Maushold\n|-damage|p2a: Maushold|0 fnt\n|-unboost|p1a: Ursaluna|def|1\n|-unboost|p1a: Ursaluna|spd|1\n|-damage|p1a: Ursaluna|78\/100 brn|[from] item: Rocky Helmet|[of] p2a: Maushold\n|faint|p2a: Maushold\n|move|p1b: Gothitelle|Psychic|p2b: Annihilape\n|-supereffective|p2b: Annihilape\n|-damage|p2b: Annihilape|28\/100 slp\n|-curestatus|p2b: Annihilape|slp|[msg]\n|move|p2b: Annihilape|Drain Punch|p1a: Ursaluna\n|-immune|p1a: Ursaluna\n|\n|-damage|p1a: Ursaluna|72\/100 brn|[from] brn\n|upkeep\n|j| Millamojake\n|\n|t:|1729883123\n|switch|p2a: Ninetales|Ninetales-Alola, L50, M|100\/100\n|-weather|Snow|[from] ability: Snow Warning|[of] p2a: Ninetales\n|turn|5\n|\n|t:|1729883131\n|switch|p1a: Pelipper|Pelipper, L50, M|100\/100\n|-weather|RainDance|[from] ability: Drizzle|[of] p1a: Pelipper\n|move|p1b: Gothitelle|Psychic|p2b: Annihilape\n|-supereffective|p2b: Annihilape\n|-damage|p2b: Annihilape|0 fnt\n|faint|p2b: Annihilape\n|move|p2a: Ninetales|Aurora Veil||[still]\n|-fail|p2a: Ninetales\n|\n|-weather|RainDance|[upkeep]\n|-fieldend|move: Trick Room\n|upkeep\n|\n|t:|1729883142\n|switch|p2b: Frosmoth|Frosmoth, L50, M|100\/100\n|turn|6\n|\n|t:|1729883153\n|-terastallize|p2b: Frosmoth|Water\n|move|p2a: Ninetales|Encore|p1b: Gothitelle\n|-start|p1b: Gothitelle|Encore\n|move|p1a: Pelipper|Hurricane|p2b: Frosmoth\n|-damage|p2b: Frosmoth|72\/100\n|move|p2b: Frosmoth|Quiver Dance|p2b: Frosmoth\n|-boost|p2b: Frosmoth|spa|1\n|-boost|p2b: Frosmoth|spd|1\n|-boost|p2b: Frosmoth|spe|1\n|move|p1b: Gothitelle|Psychic|p2b: Frosmoth\n|-damage|p2b: Frosmoth|62\/100\n|\n|-weather|RainDance|[upkeep]\n|-heal|p2b: Frosmoth|68\/100|[from] item: Leftovers\n|upkeep\n|turn|7\n|\n|t:|1729883175\n|switch|p1b: sporini|Amoonguss, L50, F|100\/100\n|move|p2a: Ninetales|Disable|p1a: Pelipper\n|-start|p1a: Pelipper|Disable|Hurricane\n|move|p2b: Frosmoth|Blizzard|p1a: Pelipper|[spread] p1b\n|-miss|p2b: Frosmoth|p1a: Pelipper\n|-supereffective|p1b: sporini\n|-damage|p1b: sporini|31\/100\n|cant|p1a: Pelipper|Disable|Hurricane\n|\n|-weather|RainDance|[upkeep]\n|-heal|p2b: Frosmoth|74\/100|[from] item: Leftovers\n|upkeep\n|turn|8\n|\n|t:|1729883190\n|move|p1a: Pelipper|Wide Guard|p1a: Pelipper\n|-singleturn|p1a: Pelipper|Wide Guard\n|move|p2a: Ninetales|Moonblast|p1a: Pelipper\n|-damage|p1a: Pelipper|53\/100\n|-unboost|p1a: Pelipper|spa|1\n|move|p2b: Frosmoth|Blizzard|p1a: Pelipper|[spread] \n|-activate|p1a: Pelipper|move: Wide Guard\n|-activate|p1b: sporini|move: Wide Guard\n|move|p1b: sporini|Spore|p2a: Ninetales\n|-status|p2a: Ninetales|slp|[from] move: Spore\n|\n|-weather|RainDance|[upkeep]\n|-heal|p2b: Frosmoth|79\/100|[from] item: Leftovers\n|upkeep\n|turn|9\n|j| giftedyew\n|l| giftedyew\n|\n|t:|1729883211\n|switch|p1b: Gothitelle|Gothitelle, L50, M|100\/100\n|move|p1a: Pelipper|Wide Guard|p1a: Pelipper\n|-singleturn|p1a: Pelipper|Wide Guard\n|cant|p2a: Ninetales|slp\n|move|p2b: Frosmoth|Tera Blast|p1b: Gothitelle|[anim] Tera Blast Water\n|-damage|p1b: Gothitelle|34\/100\n|\n|-weather|none\n|-heal|p2b: Frosmoth|85\/100|[from] item: Leftovers\n|upkeep\n|turn|10\n|\n|t:|1729883231\n|switch|p1a: sporini|Amoonguss, L50, F|64\/100\n|move|p1b: Gothitelle|Fake Out|p2b: Frosmoth\n|-damage|p2b: Frosmoth|79\/100\n|-curestatus|p2a: Ninetales|slp|[msg]\n|move|p2a: Ninetales|Moonblast|p1a: sporini\n|-resisted|p1a: sporini\n|-damage|p1a: sporini|54\/100\n|-unboost|p1a: sporini|spa|1\n|cant|p2b: Frosmoth|flinch\n|\n|-heal|p2b: Frosmoth|85\/100|[from] item: Leftovers\n|upkeep\n|turn|11\n|\n|t:|1729883255\n|move|p1a: sporini|Protect|p1a: sporini\n|-singleturn|p1a: sporini|Protect\n|move|p2a: Ninetales|Encore|p1b: Gothitelle\n|-start|p1b: Gothitelle|Encore\n|move|p2b: Frosmoth|Blizzard|p1a: sporini|[spread] \n|-activate|p1a: sporini|move: Protect\n|-miss|p2b: Frosmoth|p1b: Gothitelle\n|move|p1b: Gothitelle|Fake Out||[still]\n|-hint|Fake Out only works on your first turn out.\n|-fail|p1b: Gothitelle\n|\n|-heal|p2b: Frosmoth|91\/100|[from] item: Leftovers\n|upkeep\n|turn|12\n|\n|t:|1729883271\n|move|p1b: Gothitelle|Fake Out||[still]\n|-hint|Fake Out only works on your first turn out.\n|-fail|p1b: Gothitelle\n|move|p2a: Ninetales|Encore|p1a: sporini\n|-start|p1a: sporini|Encore\n|move|p2b: Frosmoth|Blizzard|p1b: Gothitelle|[spread] \n|-miss|p2b: Frosmoth|p1a: sporini\n|-miss|p2b: Frosmoth|p1b: Gothitelle\n|move|p1a: sporini|Protect||[still]\n|-fail|p1a: sporini\n|\n|-heal|p2b: Frosmoth|96\/100|[from] item: Leftovers\n|upkeep\n|turn|13\n|\n|t:|1729883292\n|switch|p1b: Pelipper|Pelipper, L50, M|53\/100\n|-weather|RainDance|[from] ability: Drizzle|[of] p1b: Pelipper\n|switch|p1a: Ursaluna|Ursaluna, L50, F, tera:Ghost|72\/100 brn\n|move|p2a: Ninetales|Moonblast|p1b: Pelipper\n|-damage|p1b: Pelipper|3\/100\n|move|p2b: Frosmoth|Quiver Dance|p2b: Frosmoth\n|-boost|p2b: Frosmoth|spa|1\n|-boost|p2b: Frosmoth|spd|1\n|-boost|p2b: Frosmoth|spe|1\n|\n|-weather|RainDance|[upkeep]\n|-heal|p2b: Frosmoth|100\/100|[from] item: Leftovers\n|-damage|p1a: Ursaluna|66\/100 brn|[from] brn\n|upkeep\n|turn|14\n|\n|t:|1729883310\n|switch|p1b: sporini|Amoonguss, L50, F|87\/100\n|move|p1a: Ursaluna|Protect|p1a: Ursaluna\n|-singleturn|p1a: Ursaluna|Protect\n|move|p2b: Frosmoth|Tera Blast|p1a: Ursaluna|[anim] Tera Blast Water\n|-activate|p1a: Ursaluna|move: Protect\n|move|p2a: Ninetales|Moonblast|p1b: sporini\n|-resisted|p1b: sporini\n|-damage|p1b: sporini|76\/100\n|-unboost|p1b: sporini|spa|1\n|\n|-weather|RainDance|[upkeep]\n|-damage|p1a: Ursaluna|60\/100 brn|[from] brn\n|upkeep\n|turn|15\n|\n|t:|1729883326\n|move|p1b: sporini|Rage Powder|p1b: sporini\n|-singleturn|p1b: sporini|move: Rage Powder\n|move|p2b: Frosmoth|Blizzard|p1a: Ursaluna|[spread] p1a,p1b\n|-supereffective|p1b: sporini\n|-damage|p1a: Ursaluna|0 fnt\n|-damage|p1b: sporini|0 fnt\n|faint|p1a: Ursaluna\n|faint|p1b: sporini\n|move|p2a: Ninetales|Encore|p1: Ursaluna|[notarget]\n|-fail|p2a: Ninetales\n|\n|-weather|RainDance|[upkeep]\n|upkeep\n|-message|caZISA forfeited.\n|\n|win|Shikanoko32\n|raw|caZISA's rating: 1727 &rarr; <strong>1713<\/strong><br \/>(-14 for losing)\n|raw|Shikanoko32's rating: 1840 &rarr; <strong>1854<\/strong><br \/>(+14 for winning)\n|l|\u2606caZISA\n|player|p1|\n|l| Millamojake\n","uploadtime":1729883475,"views":16,"formatid":"gen9vgc2024regh","rating":1713,"private":0,"password":null}