{"id":"gen9vgc2024regh-2230872060","format":"[Gen 9] VGC 2024 Reg H","players":["Shikanoko32","m00seh"],"log":"|j|\u2606Shikanoko32\n|j|\u2606m00seh\n|t:|1729883406\n|gametype|doubles\n|player|p1|Shikanoko32|170|1854\n|player|p2|m00seh|blaine|1758\n|teamsize|p1|6\n|teamsize|p2|6\n|gen|9\n|tier|[Gen 9] VGC 2024 Reg H\n|rated|\n|rule|Species Clause: Limit one of each Pok\u00e9mon\n|rule|Item Clause: Limit 1 of each item\n|clearpoke\n|poke|p1|Incineroar, L50, M|\n|poke|p1|Rillaboom, L50, M|\n|poke|p1|Ninetales-Alola, L50, F|\n|poke|p1|Frosmoth, L50, F|\n|poke|p1|Maushold-Four, L50|\n|poke|p1|Annihilape, L50, F|\n|poke|p2|Rillaboom, L50, F|\n|poke|p2|Blaziken, L50, M|\n|poke|p2|Kingambit, L50, F|\n|poke|p2|Ursaluna-Bloodmoon, L50, M|\n|poke|p2|Porygon2, L50|\n|poke|p2|Primarina, L50, M|\n|teampreview|4\n|inactive|Battle timer is ON: inactive players will automatically lose when time's up. (requested by m00seh)\n|j| giftedyew\n|l| giftedyew\n|\n|t:|1729883432\n|start\n|switch|p1a: Maushold|Maushold-Four, L50|100\/100\n|switch|p1b: Annihilape|Annihilape, L50, F|100\/100\n|switch|p2a: Ursaluna|Ursaluna-Bloodmoon, L50, M|100\/100\n|switch|p2b: Porygon2|Porygon2, L50|100\/100\n|-ability|p2b: Porygon2|Download|boost\n|-boost|p2b: Porygon2|atk|1\n|turn|1\n|\n|t:|1729883446\n|move|p1a: Maushold|Taunt|p2b: Porygon2\n|-start|p2b: Porygon2|move: Taunt\n|move|p1b: Annihilape|Bulk Up|p1b: Annihilape\n|-boost|p1b: Annihilape|atk|1\n|-boost|p1b: Annihilape|def|1\n|move|p2b: Porygon2|Ice Beam|p1b: Annihilape\n|-damage|p1b: Annihilape|86\/100\n|move|p2a: Ursaluna|Blood Moon|p1b: Annihilape\n|-damage|p1b: Annihilape|29\/100\n|-enditem|p1b: Annihilape|Sitrus Berry|[eat]\n|-heal|p1b: Annihilape|54\/100|[from] item: Sitrus Berry\n|-damage|p2a: Ursaluna|91\/100|[from] item: Life Orb\n|\n|upkeep\n|turn|2\n|j| Millamojake\n|\n|t:|1729883467\n|switch|p2b: Primarina|Primarina, L50, M|100\/100\n|-terastallize|p2a: Ursaluna|Normal\n|move|p1a: Maushold|Follow Me|p1a: Maushold\n|-singleturn|p1a: Maushold|move: Follow Me\n|move|p1b: Annihilape|Drain Punch|p2b: Primarina\n|-resisted|p2b: Primarina\n|-damage|p2b: Primarina|73\/100\n|-heal|p1b: Annihilape|66\/100|[from] drain|[of] p2b: Primarina\n|move|p2a: Ursaluna|Hyper Voice|p1b: Annihilape|[spread] p1a,p1b\n|-damage|p1a: Maushold|19\/100\n|-damage|p1b: Annihilape|28\/100\n|-damage|p2a: Ursaluna|81\/100|[from] item: Life Orb\n|\n|upkeep\n|turn|3\n|j| Tenzin25\n|inactive|Shikanoko32 has 30 seconds left.\n|\n|t:|1729883497\n|move|p1b: Annihilape|Protect|p1b: Annihilape\n|-singleturn|p1b: Annihilape|Protect\n|move|p2b: Primarina|Protect|p2b: Primarina\n|-singleturn|p2b: Primarina|Protect\n|move|p1a: Maushold|Taunt|p2b: Primarina\n|-activate|p2b: Primarina|move: Protect\n|move|p2a: Ursaluna|Hyper Voice|p1a: Maushold|[spread] p1a\n|-activate|p1b: Annihilape|move: Protect\n|-damage|p1a: Maushold|0 fnt\n|faint|p1a: Maushold\n|-damage|p2a: Ursaluna|72\/100|[from] item: Life Orb\n|\n|upkeep\n|j| Kpxbrothers\n|\n|t:|1729883512\n|switch|p1a: Ninetales|Ninetales-Alola, L50, F|100\/100\n|-weather|Snow|[from] ability: Snow Warning|[of] p1a: Ninetales\n|turn|4\n|\n|t:|1729883522\n|switch|p2b: Porygon2|Porygon2, L50|100\/100\n|-ability|p2b: Porygon2|Download|boost\n|-boost|p2b: Porygon2|atk|1\n|move|p1a: Ninetales|Encore||[still]\n|-fail|p1a: Ninetales\n|move|p1b: Annihilape|Drain Punch|p2a: Ursaluna\n|-supereffective|p2a: Ursaluna\n|-damage|p2a: Ursaluna|3\/100\n|-heal|p1b: Annihilape|64\/100|[from] drain|[of] p2a: Ursaluna\n|move|p2a: Ursaluna|Blood Moon|p1b: Annihilape\n|-damage|p1b: Annihilape|0 fnt\n|faint|p1b: Annihilape\n|-damage|p2a: Ursaluna|0 fnt|[from] item: Life Orb\n|faint|p2a: Ursaluna\n|\n|-weather|Snow|[upkeep]\n|upkeep\n|\n|t:|1729883542\n|switch|p1b: Frosmoth|Frosmoth, L50, F|100\/100\n|switch|p2a: Kingambit|Kingambit, L50, F|100\/100\n|turn|5\n|j| mr pogostick\n|\n|t:|1729883555\n|move|p1a: Ninetales|Aurora Veil|p1a: Ninetales\n|-sidestart|p1: Shikanoko32|move: Aurora Veil\n|move|p1b: Frosmoth|Quiver Dance|p1b: Frosmoth\n|-boost|p1b: Frosmoth|spa|1\n|-boost|p1b: Frosmoth|spd|1\n|-boost|p1b: Frosmoth|spe|1\n|move|p2a: Kingambit|Kowtow Cleave|p1b: Frosmoth\n|-damage|p1b: Frosmoth|76\/100\n|move|p2b: Porygon2|Trick Room|p2b: Porygon2\n|-fieldstart|move: Trick Room|[of] p2b: Porygon2\n|\n|-weather|Snow|[upkeep]\n|-heal|p1b: Frosmoth|82\/100|[from] item: Leftovers\n|upkeep\n|turn|6\n|\n|t:|1729883574\n|switch|p2b: Primarina|Primarina, L50, M|73\/100\n|move|p2a: Kingambit|Swords Dance|p2a: Kingambit\n|-boost|p2a: Kingambit|atk|2\n|move|p1b: Frosmoth|Blizzard|p2a: Kingambit|[spread] p2a,p2b\n|-resisted|p2a: Kingambit\n|-resisted|p2b: Primarina\n|-damage|p2a: Kingambit|74\/100\n|-damage|p2b: Primarina|53\/100\n|move|p1a: Ninetales|Encore|p2a: Kingambit\n|-start|p2a: Kingambit|Encore\n|\n|-weather|Snow|[upkeep]\n|-heal|p1b: Frosmoth|87\/100|[from] item: Leftovers\n|upkeep\n|turn|7\n|\n|t:|1729883590\n|switch|p2a: Porygon2|Porygon2, L50|100\/100\n|-ability|p2a: Porygon2|Download|boost\n|-boost|p2a: Porygon2|atk|1\n|move|p2b: Primarina|Haze|p2b: Primarina\n|-clearallboost\n|move|p1b: Frosmoth|Blizzard|p2b: Primarina|[spread] p2a,p2b\n|-resisted|p2b: Primarina\n|-damage|p2a: Porygon2|80\/100\n|-damage|p2b: Primarina|39\/100\n|-enditem|p2b: Primarina|Sitrus Berry|[eat]\n|-heal|p2b: Primarina|64\/100|[from] item: Sitrus Berry\n|move|p1a: Ninetales|Moonblast|p2b: Primarina\n|-damage|p2b: Primarina|39\/100\n|\n|-weather|Snow|[upkeep]\n|-heal|p1b: Frosmoth|93\/100|[from] item: Leftovers\n|upkeep\n|turn|8\n|\n|t:|1729883612\n|move|p2a: Porygon2|Tera Blast|p1a: Ninetales\n|-damage|p1a: Ninetales|78\/100\n|move|p2b: Primarina|Moonblast|p1a: Ninetales\n|-damage|p1a: Ninetales|42\/100\n|move|p1b: Frosmoth|Blizzard|p2a: Porygon2|[spread] p2a,p2b\n|-resisted|p2b: Primarina\n|-crit|p2b: Primarina\n|-damage|p2a: Porygon2|60\/100\n|-damage|p2b: Primarina|17\/100\n|-status|p2b: Primarina|frz\n|move|p1a: Ninetales|Moonblast|p2b: Primarina\n|-damage|p2b: Primarina|0 fnt\n|faint|p2b: Primarina\n|\n|-weather|none\n|-heal|p1b: Frosmoth|99\/100|[from] item: Leftovers\n|upkeep\n|\n|t:|1729883619\n|switch|p2b: Kingambit|Kingambit, L50, F|74\/100\n|turn|9\n|j| hastein\n|inactive|Shikanoko32 has 30 seconds left.\n|\n|t:|1729883646\n|-terastallize|p1b: Frosmoth|Water\n|move|p2b: Kingambit|Kowtow Cleave|p1a: Ninetales\n|-resisted|p1a: Ninetales\n|-damage|p1a: Ninetales|21\/100\n|move|p2a: Porygon2|Tera Blast|p1a: Ninetales\n|-damage|p1a: Ninetales|0 fnt\n|faint|p1a: Ninetales\n|move|p1b: Frosmoth|Quiver Dance|p1b: Frosmoth\n|-boost|p1b: Frosmoth|spa|1\n|-boost|p1b: Frosmoth|spd|1\n|-boost|p1b: Frosmoth|spe|1\n|\n|-heal|p1b: Frosmoth|100\/100|[from] item: Leftovers\n|-sideend|p1: Shikanoko32|move: Aurora Veil\n|-fieldend|move: Trick Room\n|upkeep\n|turn|10\n|l| Tenzin25\n|\n|t:|1729883665\n|move|p1b: Frosmoth|Tera Blast|p2b: Kingambit|[anim] Tera Blast Water\n|-damage|p2b: Kingambit|23\/100\n|move|p2b: Kingambit|Swords Dance|p2b: Kingambit\n|-boost|p2b: Kingambit|atk|2\n|move|p2a: Porygon2|Trick Room|p2a: Porygon2\n|-fieldstart|move: Trick Room|[of] p2a: Porygon2\n|\n|upkeep\n|turn|11\n|j| giftedyew\n|l| giftedyew\n|\n|t:|1729883680\n|move|p2b: Kingambit|Protect|p2b: Kingambit\n|-singleturn|p2b: Kingambit|Protect\n|move|p2a: Porygon2|Recover|p2a: Porygon2\n|-heal|p2a: Porygon2|100\/100\n|move|p1b: Frosmoth|Tera Blast|p2b: Kingambit|[anim] Tera Blast Water\n|-activate|p2b: Kingambit|move: Protect\n|\n|upkeep\n|turn|12\n|\n|t:|1729883690\n|move|p2b: Kingambit|Kowtow Cleave|p1b: Frosmoth\n|-damage|p1b: Frosmoth|0 fnt\n|faint|p1b: Frosmoth\n|\n|win|m00seh\n|raw|Shikanoko32's rating: 1854 &rarr; <strong>1829<\/strong><br \/>(-25 for losing)\n|raw|m00seh's rating: 1758 &rarr; <strong>1783<\/strong><br \/>(+25 for winning)\n|l| Millamojake\n|l| mr pogostick\n|l|\u2606m00seh\n|player|p2|\n|l|\u2606Shikanoko32\n|player|p1|\n","uploadtime":1729883876,"views":38,"formatid":"gen9vgc2024regh","rating":1783,"private":0,"password":null}