{"id":"gen9vgc2024regh-2230986834","format":"[Gen 9] VGC 2024 Reg H","players":["dalas91","tep0914"],"log":"|j|\u2606dalas91\n|j|\u2606tep0914\n|t:|1729895688\n|gametype|doubles\n|player|p1|dalas91|dragontamer|1767\n|player|p2|tep0914|li|1698\n|teamsize|p1|6\n|teamsize|p2|6\n|gen|9\n|tier|[Gen 9] VGC 2024 Reg H\n|rated|\n|rule|Species Clause: Limit one of each Pok\u00e9mon\n|rule|Item Clause: Limit 1 of each item\n|clearpoke\n|poke|p1|Archaludon, L50, F|\n|poke|p1|Whimsicott, L50, F|\n|poke|p1|Incineroar, L50, M|\n|poke|p1|Milotic, L50, F|\n|poke|p1|Annihilape, L50, F|\n|poke|p1|Basculegion, L50, M|\n|poke|p2|Dondozo, L50, F|\n|poke|p2|Tatsugiri-Droopy, L50, M|\n|poke|p2|Weezing, L50, F|\n|poke|p2|Tauros-Paldea-Blaze, L50, M|\n|poke|p2|Palafin, L50, F|\n|poke|p2|Amoonguss, L50, M|\n|teampreview|4\n|inactive|Battle timer is ON: inactive players will automatically lose when time's up. (requested by tep0914)\n|\n|t:|1729895716\n|start\n|switch|p1a: Whimsicott|Whimsicott, L50, F|100\/100\n|switch|p1b: Annihilape|Annihilape, L50, F|100\/100\n|switch|p2a: Weezing|Weezing, L50, F|100\/100\n|switch|p2b: Tauros|Tauros-Paldea-Blaze, L50, M|100\/100\n|-ability|p2a: Weezing|Neutralizing Gas\n|-block|p2b: Tauros|item: Ability Shield\n|-ability|p2b: Tauros|Intimidate|boost\n|-unboost|p1a: Whimsicott|atk|1\n|-unboost|p1b: Annihilape|atk|1\n|turn|1\n|j| futonkagebunshin\n|\n|t:|1729895737\n|-terastallize|p1b: Annihilape|Fire\n|move|p1a: Whimsicott|Beat Up|p1b: Annihilape\n|-damage|p1b: Annihilape|99\/100\n|-damage|p1b: Annihilape|98\/100\n|-damage|p1b: Annihilape|96\/100\n|-damage|p1b: Annihilape|95\/100\n|-hitcount|p1b: Annihilape|4\n|move|p1b: Annihilape|Rage Fist|p2a: Weezing\n|-damage|p2a: Weezing|28\/100\n|-enditem|p2a: Weezing|Sitrus Berry|[eat]\n|-heal|p2a: Weezing|53\/100|[from] item: Sitrus Berry\n|move|p2b: Tauros|Flare Blitz|p1a: Whimsicott\n|-supereffective|p1a: Whimsicott\n|-enditem|p1a: Whimsicott|Focus Sash\n|-damage|p1a: Whimsicott|1\/100\n|-damage|p2b: Tauros|71\/100|[from] Recoil\n|move|p2a: Weezing|Poison Gas|p1b: Annihilape|[spread] p1a,p1b\n|-status|p1a: Whimsicott|psn\n|-status|p1b: Annihilape|psn\n|\n|-damage|p1a: Whimsicott|0 fnt|[from] psn\n|faint|p1a: Whimsicott\n|-damage|p1b: Annihilape|83\/100 psn|[from] psn\n|upkeep\n|inactive|dalas91 has 30 seconds left.\n|\n|t:|1729895766\n|switch|p1a: Milotic|Milotic, L50, F|100\/100\n|turn|2\n|inactive|dalas91 has 30 seconds left.\n|inactive|dalas91 has 20 seconds left.\n|inactive|dalas91 has 15 seconds left.\n|\n|t:|1729895811\n|move|p1b: Annihilape|Rage Fist|p2a: Weezing\n|-damage|p2a: Weezing|0 fnt\n|faint|p2a: Weezing\n|-end|p2a: Weezing|ability: Neutralizing Gas\n|move|p2b: Tauros|Wild Charge|p1a: Milotic\n|-supereffective|p1a: Milotic\n|-damage|p1a: Milotic|50\/100\n|-damage|p2b: Tauros|55\/100|[from] Recoil\n|move|p1a: Milotic|Haze|p1a: Milotic\n|-clearallboost\n|\n|-damage|p1b: Annihilape|70\/100 psn|[from] psn\n|-status|p1a: Milotic|brn|[from] item: Flame Orb\n|upkeep\n|\n|t:|1729895828\n|switch|p2a: Dondozo|Dondozo, L50, F|100\/100\n|turn|3\n|\n|t:|1729895845\n|switch|p2b: Tatsugiri|Tatsugiri-Droopy, L50, M|100\/100\n|-activate|p2b: Tatsugiri|ability: Commander|[of] p2a: Dondozo\n|-boost|p2a: Dondozo|atk|2\n|-boost|p2a: Dondozo|spa|2\n|-boost|p2a: Dondozo|spe|2\n|-boost|p2a: Dondozo|def|2\n|-boost|p2a: Dondozo|spd|2\n|switch|p1a: Incineroar|Incineroar, L50, M|100\/100\n|-ability|p1a: Incineroar|Intimidate|boost\n|-unboost|p2a: Dondozo|atk|1\n|-unboost|p2b: Tatsugiri|atk|1\n|move|p1b: Annihilape|Rage Fist|p2a: Dondozo\n|-damage|p2a: Dondozo|60\/100\n|move|p2a: Dondozo|Surf|p1b: Annihilape|[spread] p1a,p1b\n|-miss|p2a: Dondozo|p2b: Tatsugiri\n|-supereffective|p1a: Incineroar\n|-supereffective|p1b: Annihilape\n|-damage|p1a: Incineroar|43\/100\n|-damage|p1b: Annihilape|5\/100 psn\n|\n|-heal|p2a: Dondozo|66\/100|[from] item: Leftovers\n|-damage|p1b: Annihilape|0 fnt|[from] psn\n|faint|p1b: Annihilape\n|upkeep\n|l| futonkagebunshin\n|\n|t:|1729895866\n|switch|p1b: Milotic|Milotic, L50, F|50\/100 brn\n|turn|4\n|\n|t:|1729895875\n|move|p2a: Dondozo|Protect|p2a: Dondozo\n|-singleturn|p2a: Dondozo|Protect\n|move|p1a: Incineroar|Fake Out|p2a: Dondozo\n|-activate|p2a: Dondozo|move: Protect\n|move|p1b: Milotic|Haze|p1b: Milotic\n|-clearallboost\n|\n|-heal|p2a: Dondozo|72\/100|[from] item: Leftovers\n|-damage|p1b: Milotic|44\/100 brn|[from] brn\n|upkeep\n|turn|5\n|\n|t:|1729895894\n|move|p1b: Milotic|Life Dew|p1b: Milotic|[spread] p1a,p1b\n|-heal|p1a: Incineroar|68\/100\n|-heal|p1b: Milotic|70\/100 brn\n|move|p1a: Incineroar|Knock Off|p2a: Dondozo\n|-damage|p2a: Dondozo|46\/100\n|-enditem|p2a: Dondozo|Leftovers|[from] move: Knock Off|[of] p1a: Incineroar\n|move|p2a: Dondozo|Surf|p1b: Milotic|[spread] p1a,p1b\n|-miss|p2a: Dondozo|p2b: Tatsugiri\n|-supereffective|p1a: Incineroar\n|-resisted|p1b: Milotic\n|-damage|p1a: Incineroar|36\/100\n|-damage|p1b: Milotic|63\/100 brn\n|\n|-damage|p1b: Milotic|58\/100 brn|[from] brn\n|upkeep\n|turn|6\n|\n|t:|1729895917\n|move|p1b: Milotic|Life Dew|p1b: Milotic|[spread] p1a,p1b\n|-heal|p1a: Incineroar|61\/100\n|-heal|p1b: Milotic|83\/100 brn\n|move|p1a: Incineroar|Knock Off|p2a: Dondozo\n|-damage|p2a: Dondozo|29\/100\n|move|p2a: Dondozo|Surf|p1a: Incineroar|[spread] p1a,p1b\n|-miss|p2a: Dondozo|p2b: Tatsugiri\n|-supereffective|p1a: Incineroar\n|-resisted|p1b: Milotic\n|-damage|p1a: Incineroar|32\/100\n|-damage|p1b: Milotic|77\/100 brn\n|\n|-damage|p1b: Milotic|71\/100 brn|[from] brn\n|upkeep\n|turn|7\n|inactive|dalas91 has 30 seconds left.\n|inactive|dalas91 has 20 seconds left.\n|inactive|dalas91 has 15 seconds left.\n|inactive|dalas91 has 10 seconds left.\n|\n|t:|1729895962\n|move|p1b: Milotic|Life Dew|p1b: Milotic|[spread] p1a,p1b\n|-heal|p1a: Incineroar|57\/100\n|-heal|p1b: Milotic|96\/100 brn\n|move|p1a: Incineroar|Knock Off|p2a: Dondozo\n|-damage|p2a: Dondozo|9\/100\n|move|p2a: Dondozo|Surf|p1b: Milotic|[spread] p1a,p1b\n|-miss|p2a: Dondozo|p2b: Tatsugiri\n|-supereffective|p1a: Incineroar\n|-resisted|p1b: Milotic\n|-damage|p1a: Incineroar|30\/100\n|-damage|p1b: Milotic|91\/100 brn\n|\n|-damage|p1b: Milotic|85\/100 brn|[from] brn\n|upkeep\n|turn|8\n|\n|t:|1729895978\n|move|p1b: Milotic|Life Dew|p1b: Milotic|[spread] p1a,p1b\n|-heal|p1a: Incineroar|55\/100\n|-heal|p1b: Milotic|100\/100 brn\n|move|p1a: Incineroar|Knock Off|p2a: Dondozo\n|-damage|p2a: Dondozo|0 fnt\n|faint|p2a: Dondozo\n|\n|-damage|p1b: Milotic|95\/100 brn|[from] brn\n|upkeep\n|\n|t:|1729895988\n|switch|p2a: Tauros|Tauros-Paldea-Blaze, L50, M|55\/100\n|-ability|p2a: Tauros|Intimidate|boost\n|-unboost|p1a: Incineroar|atk|1\n|-unboost|p1b: Milotic|atk|1\n|turn|9\n|\n|t:|1729896006\n|-terastallize|p2b: Tatsugiri|Dragon\n|move|p2a: Tauros|Close Combat|p1a: Incineroar\n|-supereffective|p1a: Incineroar\n|-damage|p1a: Incineroar|0 fnt\n|-unboost|p2a: Tauros|def|1\n|-unboost|p2a: Tauros|spd|1\n|faint|p1a: Incineroar\n|move|p2b: Tatsugiri|Draco Meteor|p1b: Milotic|[miss]\n|-miss|p2b: Tatsugiri|p1b: Milotic\n|move|p1b: Milotic|Alluring Voice|p2b: Tatsugiri\n|-supereffective|p2b: Tatsugiri\n|-damage|p2b: Tatsugiri|54\/100\n|\n|-damage|p1b: Milotic|89\/100 brn|[from] brn\n|upkeep\n|turn|10\n|inactive|dalas91 has 30 seconds left.\n|inactive|dalas91 has 20 seconds left.\n|inactive|dalas91 has 15 seconds left.\n|\n|t:|1729896050\n|move|p2a: Tauros|Wild Charge|p1b: Milotic\n|-supereffective|p1b: Milotic\n|-damage|p1b: Milotic|59\/100 brn\n|-damage|p2a: Tauros|45\/100|[from] Recoil\n|move|p2b: Tatsugiri|Draco Meteor|p1b: Milotic\n|-damage|p1b: Milotic|0 fnt\n|-unboost|p2b: Tatsugiri|spa|2\n|faint|p1b: Milotic\n|\n|win|tep0914\n|raw|dalas91's rating: 1767 &rarr; <strong>1743<\/strong><br \/>(-24 for losing)\n|raw|tep0914's rating: 1698 &rarr; <strong>1722<\/strong><br \/>(+24 for winning)\n|l|\u2606dalas91\n|player|p1|\n|l|\u2606tep0914\n|player|p2|\n","uploadtime":1729896310,"views":17,"formatid":"gen9vgc2024regh","rating":1722,"private":0,"password":null}