{"id":"gen9vgc2024regh-2230875409","format":"[Gen 9] VGC 2024 Reg H","players":["m00seh","arkjsmith"],"log":"|j|\u2606m00seh\n|j|\u2606arkjsmith\n|t:|1729883733\n|gametype|doubles\n|player|p1|m00seh|blaine|1783\n|player|p2|arkjsmith|roxie|1693\n|teamsize|p1|6\n|teamsize|p2|6\n|gen|9\n|tier|[Gen 9] VGC 2024 Reg H\n|rated|\n|rule|Species Clause: Limit one of each Pok\u00e9mon\n|rule|Item Clause: Limit 1 of each item\n|clearpoke\n|poke|p1|Rillaboom, L50, F|\n|poke|p1|Blaziken, L50, M|\n|poke|p1|Kingambit, L50, F|\n|poke|p1|Ursaluna-Bloodmoon, L50, M|\n|poke|p1|Porygon2, L50|\n|poke|p1|Primarina, L50, F|\n|poke|p2|Farigiraf, L50, F|\n|poke|p2|Maushold, L50|\n|poke|p2|Electivire, L50, F|\n|poke|p2|Ursaluna-Bloodmoon, L50, M|\n|poke|p2|Torkoal, L50, F|\n|poke|p2|Indeedee-F, L50, F|\n|teampreview|4\n|inactive|Battle timer is ON: inactive players will automatically lose when time's up. (requested by arkjsmith)\n|\n|t:|1729883757\n|start\n|switch|p1a: Kingambit|Kingambit, L50, F|100\/100\n|switch|p1b: Blaziken|Blaziken, L50, M|100\/100\n|switch|p2a: Calypso|Farigiraf, L50, F, shiny|100\/100\n|switch|p2b: Eloise|Electivire, L50, F|100\/100\n|turn|1\n|\n|t:|1729883773\n|move|p1b: Blaziken|Protect|p1b: Blaziken\n|-singleturn|p1b: Blaziken|Protect\n|move|p1a: Kingambit|Protect|p1a: Kingambit\n|-singleturn|p1a: Kingambit|Protect\n|move|p2b: Eloise|Low Kick|p1a: Kingambit\n|-activate|p1a: Kingambit|move: Protect\n|move|p2a: Calypso|Trick Room|p2a: Calypso\n|-fieldstart|move: Trick Room|[of] p2a: Calypso\n|-enditem|p2b: Eloise|Room Service\n|-unboost|p2b: Eloise|spe|1|[from] item: Room Service\n|\n|-ability|p1b: Blaziken|Speed Boost|boost\n|-boost|p1b: Blaziken|spe|1\n|upkeep\n|turn|2\n|\n|t:|1729883788\n|-terastallize|p2a: Calypso|Water\n|-terastallize|p1a: Kingambit|Fairy\n|move|p2a: Calypso|Hyper Voice|p1a: Kingambit|[spread] p1a,p1b\n|-damage|p1a: Kingambit|70\/100\n|-damage|p1b: Blaziken|44\/100\n|-enditem|p2a: Calypso|Throat Spray\n|-boost|p2a: Calypso|spa|1|[from] item: Throat Spray\n|move|p1a: Kingambit|Swords Dance|p1a: Kingambit\n|-boost|p1a: Kingambit|atk|2\n|move|p2b: Eloise|Low Kick|p1a: Kingambit\n|-resisted|p1a: Kingambit\n|-damage|p1a: Kingambit|56\/100\n|move|p1b: Blaziken|Close Combat|p2a: Calypso\n|-damage|p2a: Calypso|29\/100\n|-unboost|p1b: Blaziken|def|1\n|-unboost|p1b: Blaziken|spd|1\n|\n|-ability|p1b: Blaziken|Speed Boost|boost\n|-boost|p1b: Blaziken|spe|1\n|upkeep\n|turn|3\n|\n|t:|1729883811\n|move|p2b: Eloise|Helping Hand|p2a: Calypso\n|-singleturn|p2a: Calypso|Helping Hand|[of] p2b: Eloise\n|move|p2a: Calypso|Hyper Voice|p1a: Kingambit|[spread] p1a,p1b\n|-damage|p1a: Kingambit|0 fnt\n|-damage|p1b: Blaziken|0 fnt\n|faint|p1a: Kingambit\n|faint|p1b: Blaziken\n|\n|upkeep\n|\n|t:|1729883816\n|switch|p1a: Ursaluna|Ursaluna-Bloodmoon, L50, M|100\/100\n|switch|p1b: Rillaboom|Rillaboom, L50, F|100\/100\n|-fieldstart|move: Grassy Terrain|[from] ability: Grassy Surge|[of] p1b: Rillaboom\n|turn|4\n|\n|t:|1729883824\n|move|p2b: Eloise|Helping Hand|p2a: Calypso\n|-singleturn|p2a: Calypso|Helping Hand|[of] p2b: Eloise\n|move|p1a: Ursaluna|Hyper Voice|p2b: Eloise|[spread] p2a,p2b\n|-damage|p2a: Calypso|0 fnt\n|-damage|p2b: Eloise|38\/100\n|faint|p2a: Calypso\n|-damage|p1a: Ursaluna|91\/100|[from] item: Life Orb\n|move|p1b: Rillaboom|High Horsepower|p2b: Eloise\n|-supereffective|p2b: Eloise\n|-damage|p2b: Eloise|0 fnt\n|faint|p2b: Eloise\n|\n|-heal|p1a: Ursaluna|97\/100|[from] Grassy Terrain\n|upkeep\n|\n|t:|1729883829\n|switch|p2a: Gladys|Torkoal, L50, F|100\/100\n|switch|p2b: Pirate|Ursaluna-Bloodmoon, L50, M|100\/100\n|-weather|SunnyDay|[from] ability: Drought|[of] p2a: Gladys\n|turn|5\n|\n|t:|1729883839\n|move|p1a: Ursaluna|Protect|p1a: Ursaluna\n|-singleturn|p1a: Ursaluna|Protect\n|move|p2b: Pirate|Protect|p2b: Pirate\n|-singleturn|p2b: Pirate|Protect\n|move|p1b: Rillaboom|Grassy Glide|p2b: Pirate\n|-activate|p2b: Pirate|move: Protect\n|move|p2a: Gladys|Eruption|p1a: Ursaluna|[spread] p1b\n|-activate|p1a: Ursaluna|move: Protect\n|-supereffective|p1b: Rillaboom\n|-damage|p1b: Rillaboom|0 fnt\n|faint|p1b: Rillaboom\n|\n|-weather|SunnyDay|[upkeep]\n|-heal|p1a: Ursaluna|100\/100|[from] Grassy Terrain\n|-fieldend|move: Trick Room\n|upkeep\n|turn|6\n|\n|t:|1729883850\n|move|p2b: Pirate|Blood Moon|p1a: Ursaluna\n|-damage|p1a: Ursaluna|0 fnt\n|faint|p1a: Ursaluna\n|-damage|p2b: Pirate|91\/100|[from] item: Life Orb\n|\n|win|arkjsmith\n|raw|m00seh's rating: 1783 &rarr; <strong>1758<\/strong><br \/>(-25 for losing)\n|raw|arkjsmith's rating: 1693 &rarr; <strong>1718<\/strong><br \/>(+25 for winning)\n|l|\u2606m00seh\n|player|p1|\n|l|\u2606arkjsmith\n|player|p2|\n","uploadtime":1729883861,"views":36,"formatid":"gen9vgc2024regh","rating":1718,"private":0,"password":null}