{"id":"gen9vgc2024regh-2230833900","format":"[Gen 9] VGC 2024 Reg H","players":["plastic tongs","Shikanoko32"],"log":"|j|\u2606plastic tongs\n|j|\u2606Shikanoko32\n|t:|1729879810\n|gametype|doubles\n|player|p1|plastic tongs|swimmer-gen4dp|1644\n|player|p2|Shikanoko32|170|1812\n|teamsize|p1|6\n|teamsize|p2|6\n|gen|9\n|tier|[Gen 9] VGC 2024 Reg H\n|rated|\n|rule|Species Clause: Limit one of each Pok\u00e9mon\n|rule|Item Clause: Limit 1 of each item\n|clearpoke\n|poke|p1|Tatsugiri, L50, M|\n|poke|p1|Dondozo, L50, M|\n|poke|p1|Archaludon, L50, F|\n|poke|p1|Pelipper, L50, F|\n|poke|p1|Kleavor, L50, F|\n|poke|p1|Mandibuzz, L50, F|\n|poke|p2|Incineroar, L50, F|\n|poke|p2|Rillaboom, L50, M|\n|poke|p2|Ninetales-Alola, L50, F|\n|poke|p2|Frosmoth, L50, F|\n|poke|p2|Maushold-Four, L50|\n|poke|p2|Annihilape, L50, M|\n|teampreview|4\n|\n|t:|1729879863\n|start\n|switch|p1a: Kleavor|Kleavor, L50, F|100\/100\n|switch|p1b: Mandibuzz|Mandibuzz, L50, F|100\/100\n|switch|p2a: Maushold|Maushold-Four, L50|100\/100\n|switch|p2b: Annihilape|Annihilape, L50, M|100\/100\n|turn|1\n|\n|t:|1729879880\n|move|p2a: Maushold|Beat Up|p2b: Annihilape\n|-damage|p2b: Annihilape|99\/100\n|-damage|p2b: Annihilape|96\/100\n|-damage|p2b: Annihilape|94\/100\n|-damage|p2b: Annihilape|92\/100\n|-hitcount|p2b: Annihilape|4\n|move|p1a: Kleavor|Stone Axe|p2a: Maushold\n|-damage|p2a: Maushold|56\/100\n|-damage|p1a: Kleavor|84\/100|[from] item: Rocky Helmet|[of] p2a: Maushold\n|-sidestart|p2: Shikanoko32|move: Stealth Rock\n|move|p2b: Annihilape|Rage Fist|p1a: Kleavor\n|-damage|p1a: Kleavor|0 fnt\n|faint|p1a: Kleavor\n|move|p1b: Mandibuzz|Toxic|p2b: Annihilape\n|-status|p2b: Annihilape|tox\n|\n|-damage|p2b: Annihilape|86\/100 tox|[from] psn\n|upkeep\n|\n|t:|1729879898\n|switch|p1a: Dondozo|Dondozo, L50, M, shiny|100\/100\n|turn|2\n|\n|t:|1729879919\n|switch|p1b: Tatsugiri|Tatsugiri, L50, M, shiny|100\/100\n|-activate|p1b: Tatsugiri|ability: Commander|[of] p1a: Dondozo\n|-boost|p1a: Dondozo|atk|2\n|-boost|p1a: Dondozo|spa|2\n|-boost|p1a: Dondozo|spe|2\n|-boost|p1a: Dondozo|def|2\n|-boost|p1a: Dondozo|spd|2\n|move|p2a: Maushold|Follow Me|p2a: Maushold\n|-singleturn|p2a: Maushold|move: Follow Me\n|move|p1a: Dondozo|Order Up|p2a: Maushold\n|-damage|p2a: Maushold|13\/100\n|-boost|p1a: Dondozo|atk|1\n|move|p2b: Annihilape|Rage Fist|p1a: Dondozo\n|-damage|p1a: Dondozo|66\/100\n|\n|-heal|p1a: Dondozo|72\/100|[from] item: Leftovers\n|-damage|p2b: Annihilape|73\/100 tox|[from] psn\n|upkeep\n|turn|3\n|\n|t:|1729879945\n|switch|p2a: Ninetales|Ninetales-Alola, L50, F|100\/100\n|-damage|p2a: Ninetales|76\/100|[from] Stealth Rock\n|-weather|Snow|[from] ability: Snow Warning|[of] p2a: Ninetales\n|move|p1a: Dondozo|Earthquake|p2a: Ninetales|[spread] p2a,p2b\n|-miss|p1a: Dondozo|p1b: Tatsugiri\n|-damage|p2a: Ninetales|32\/100\n|-damage|p2b: Annihilape|21\/100 tox\n|-enditem|p2b: Annihilape|Sitrus Berry|[eat]\n|-heal|p2b: Annihilape|45\/100 tox|[from] item: Sitrus Berry\n|move|p2b: Annihilape|Rage Fist|p1a: Dondozo\n|-damage|p1a: Dondozo|25\/100\n|\n|-weather|Snow|[upkeep]\n|-heal|p1a: Dondozo|31\/100|[from] item: Leftovers\n|-damage|p2b: Annihilape|27\/100 tox|[from] psn\n|upkeep\n|turn|4\n|\n|t:|1729879967\n|-terastallize|p1a: Dondozo|Steel\n|move|p2a: Ninetales|Aurora Veil|p2a: Ninetales\n|-sidestart|p2: Shikanoko32|move: Aurora Veil\n|move|p1a: Dondozo|Earthquake|p2b: Annihilape|[spread] p2a,p2b\n|-miss|p1a: Dondozo|p1b: Tatsugiri\n|-damage|p2a: Ninetales|0 fnt\n|-damage|p2b: Annihilape|0 fnt\n|faint|p2a: Ninetales\n|faint|p2b: Annihilape\n|\n|-weather|Snow|[upkeep]\n|-heal|p1a: Dondozo|37\/100|[from] item: Leftovers\n|upkeep\n|\n|t:|1729879981\n|switch|p2a: Maushold|Maushold-Four, L50|13\/100\n|switch|p2b: Frosmoth|Frosmoth, L50, F|100\/100\n|-damage|p2a: Maushold|0 fnt|[from] Stealth Rock\n|faint|p2a: Maushold\n|-damage|p2b: Frosmoth|51\/100|[from] Stealth Rock\n|turn|5\n|\n|t:|1729879994\n|-terastallize|p2b: Frosmoth|Water\n|move|p1a: Dondozo|Wave Crash|p2b: Frosmoth\n|-resisted|p2b: Frosmoth\n|-damage|p2b: Frosmoth|0 fnt\n|faint|p2b: Frosmoth\n|-damage|p1a: Dondozo|25\/100|[from] Recoil\n|\n|win|plastic tongs\n|raw|plastic tongs's rating: 1644 &rarr; <strong>1673<\/strong><br \/>(+29 for winning)\n|raw|Shikanoko32's rating: 1812 &rarr; <strong>1783<\/strong><br \/>(-29 for losing)\n|c|\u2606plastic tongs|Gg\n|l|\u2606Shikanoko32\n|player|p2|\n|c|\u2606plastic tongs|Cool team\n|l|\u2606plastic tongs\n|player|p1|\n","uploadtime":1729880153,"views":17,"formatid":"gen9vgc2024regh","rating":1673,"private":0,"password":null}