{"id":"gen9vgc2024regh-2230423574","format":"[Gen 9] VGC 2024 Reg H","players":["0rion1798","1449427094ggy"],"log":"|j|\u26060rion1798\n|j|\u26061449427094ggy\n|t:|1729828931\n|gametype|doubles\n|player|p1|0rion1798|101|1708\n|player|p2|1449427094ggy|101|1751\n|teamsize|p1|6\n|teamsize|p2|6\n|gen|9\n|tier|[Gen 9] VGC 2024 Reg H\n|rated|\n|rule|Species Clause: Limit one of each Pok\u00e9mon\n|rule|Item Clause: Limit 1 of each item\n|clearpoke\n|poke|p1|Sneasler, L50, M|\n|poke|p1|Baxcalibur, L50, F|\n|poke|p1|Volcarona, L50, F|\n|poke|p1|Rillaboom, L50, M|\n|poke|p1|Dondozo, L50, M|\n|poke|p1|Kingambit, L50, M|\n|poke|p2|Metagross, L50|\n|poke|p2|Ursaluna-Bloodmoon, L50, M|\n|poke|p2|Mimikyu, L50, F|\n|poke|p2|Torkoal, L50, M|\n|poke|p2|Venusaur, L50, F|\n|poke|p2|Dragapult, L50, F|\n|teampreview|4\n|\n|t:|1729828993\n|start\n|switch|p1a: Sneasler|Sneasler, L50, M|100\/100\n|switch|p1b: Kingambit|Kingambit, L50, M|100\/100\n|switch|p2a: Dragapult|Dragapult, L50, F, shiny|100\/100\n|switch|p2b: Mimikyu|Mimikyu, L50, F|100\/100\n|turn|1\n|inactive|Battle timer is ON: inactive players will automatically lose when time's up. (requested by 0rion1798)\n|\n|t:|1729829023\n|-terastallize|p2a: Dragapult|Dragon\n|move|p2a: Dragapult|Dragon Darts|p1a: Sneasler\n|-damage|p1a: Sneasler|2\/100\n|-anim|p2a: Dragapult|Dragon Darts|p1b: Kingambit\n|-resisted|p1b: Kingambit\n|-damage|p1b: Kingambit|82\/100\n|move|p1a: Sneasler|Coaching|p1b: Kingambit\n|-boost|p1b: Kingambit|atk|1\n|-boost|p1b: Kingambit|def|1\n|move|p1b: Kingambit|Kowtow Cleave|p2b: Mimikyu\n|-activate|p2b: Mimikyu|ability: Disguise\n|-damage|p2b: Mimikyu|100\/100\n|detailschange|p2b: Mimikyu|Mimikyu-Busted, L50, F\n|-damage|p2b: Mimikyu|88\/100|[from] pokemon: Mimikyu-Busted\n|move|p2b: Mimikyu|Trick Room|p2b: Mimikyu\n|-fieldstart|move: Trick Room|[of] p2b: Mimikyu\n|\n|upkeep\n|turn|2\n|inactive|0rion1798 has 30 seconds left.\n|inactive|0rion1798 has 20 seconds left.\n|\n|t:|1729829063\n|move|p1b: Kingambit|Kowtow Cleave|p2b: Mimikyu\n|-damage|p2b: Mimikyu|0 fnt\n|faint|p2b: Mimikyu\n|move|p1a: Sneasler|Dire Claw|p2a: Dragapult\n|-damage|p2a: Dragapult|44\/100\n|move|p2a: Dragapult|Dragon Darts|p1a: Sneasler\n|-damage|p1a: Sneasler|0 fnt\n|-anim|p2a: Dragapult|Dragon Darts|p1b: Kingambit\n|-resisted|p1b: Kingambit\n|-damage|p1b: Kingambit|68\/100\n|faint|p1a: Sneasler\n|\n|upkeep\n|\n|t:|1729829075\n|switch|p2b: Torkoal|Torkoal, L50, M|100\/100\n|switch|p1a: Rillaboom|Rillaboom, L50, M|100\/100\n|-weather|SunnyDay|[from] ability: Drought|[of] p2b: Torkoal\n|-fieldstart|move: Grassy Terrain|[from] ability: Grassy Surge|[of] p1a: Rillaboom\n|turn|3\n|\n|t:|1729829083\n|switch|p2a: Venusaur|Venusaur, L50, F|100\/100\n|-terastallize|p1a: Rillaboom|Fire\n|move|p1b: Kingambit|Protect|p1b: Kingambit\n|-singleturn|p1b: Kingambit|Protect\n|move|p2b: Torkoal|Eruption|p1a: Rillaboom|[spread] p1a\n|-activate|p1b: Kingambit|move: Protect\n|-resisted|p1a: Rillaboom\n|-damage|p1a: Rillaboom|70\/100\n|move|p1a: Rillaboom|High Horsepower|p2b: Torkoal\n|-supereffective|p2b: Torkoal\n|-damage|p2b: Torkoal|46\/100\n|\n|-weather|SunnyDay|[upkeep]\n|-heal|p2b: Torkoal|52\/100|[from] Grassy Terrain\n|-heal|p1b: Kingambit|73\/100|[from] Grassy Terrain\n|-heal|p1a: Rillaboom|77\/100|[from] Grassy Terrain\n|upkeep\n|turn|4\n|inactive|0rion1798 has 30 seconds left.\n|\n|t:|1729829111\n|move|p1b: Kingambit|Sucker Punch|p2b: Torkoal\n|-damage|p2b: Torkoal|3\/100\n|move|p2b: Torkoal|Weather Ball|p1b: Kingambit\n|-supereffective|p1b: Kingambit\n|-damage|p1b: Kingambit|0 fnt\n|faint|p1b: Kingambit\n|move|p1a: Rillaboom|High Horsepower|p2a: Venusaur\n|-damage|p2a: Venusaur|56\/100\n|move|p2a: Venusaur|Earth Power|p1a: Rillaboom\n|-supereffective|p1a: Rillaboom\n|-damage|p1a: Rillaboom|30\/100\n|\n|-weather|SunnyDay|[upkeep]\n|-heal|p2b: Torkoal|10\/100|[from] Grassy Terrain\n|-heal|p1a: Rillaboom|36\/100|[from] Grassy Terrain\n|-heal|p2a: Venusaur|61\/100|[from] Grassy Terrain\n|upkeep\n|\n|t:|1729829117\n|switch|p1b: Dondozo|Dondozo, L50, M|100\/100\n|turn|5\n|\n|t:|1729829135\n|move|p2b: Torkoal|Protect|p2b: Torkoal\n|-singleturn|p2b: Torkoal|Protect\n|move|p1a: Rillaboom|Grassy Glide|p2b: Torkoal\n|-activate|p2b: Torkoal|move: Protect\n|move|p1b: Dondozo|Yawn|p2a: Venusaur\n|-start|p2a: Venusaur|move: Yawn|[of] p1b: Dondozo\n|move|p2a: Venusaur|Earth Power|p1a: Rillaboom\n|-supereffective|p1a: Rillaboom\n|-damage|p1a: Rillaboom|0 fnt\n|faint|p1a: Rillaboom\n|\n|-weather|SunnyDay|[upkeep]\n|-heal|p2b: Torkoal|16\/100|[from] Grassy Terrain\n|-heal|p2a: Venusaur|67\/100|[from] Grassy Terrain\n|-fieldend|move: Trick Room\n|upkeep\n|turn|6\n|\n|t:|1729829156\n|switch|p2a: Dragapult|Dragapult, L50, F, shiny, tera:Dragon|44\/100\n|move|p1b: Dondozo|Yawn|p2a: Dragapult\n|-start|p2a: Dragapult|move: Yawn|[of] p1b: Dondozo\n|move|p2b: Torkoal|Weather Ball|p1b: Dondozo\n|-resisted|p1b: Dondozo\n|-damage|p1b: Dondozo|73\/100\n|\n|-weather|SunnyDay|[upkeep]\n|-heal|p2a: Dragapult|50\/100|[from] Grassy Terrain\n|-heal|p1b: Dondozo|79\/100|[from] Grassy Terrain\n|-heal|p1b: Dondozo|86\/100|[from] item: Leftovers\n|-heal|p2b: Torkoal|22\/100|[from] Grassy Terrain\n|upkeep\n|turn|7\n|j| pogafina\n|\n|t:|1729829180\n|move|p2a: Dragapult|U-turn|p1b: Dondozo\n|-damage|p1b: Dondozo|64\/100\n|\n|t:|1729829183\n|switch|p2a: Venusaur|Venusaur, L50, F|67\/100|[from] U-turn\n|move|p1b: Dondozo|Liquidation|p2b: Torkoal\n|-supereffective|p2b: Torkoal\n|-damage|p2b: Torkoal|0 fnt\n|faint|p2b: Torkoal\n|\n|-weather|none\n|-heal|p2a: Venusaur|73\/100|[from] Grassy Terrain\n|-heal|p1b: Dondozo|70\/100|[from] Grassy Terrain\n|-heal|p1b: Dondozo|76\/100|[from] item: Leftovers\n|-fieldend|move: Grassy Terrain\n|upkeep\n|\n|t:|1729829189\n|switch|p2b: Dragapult|Dragapult, L50, F, shiny, tera:Dragon|50\/100\n|turn|8\n|-message|0rion1798 forfeited.\n|\n|win|1449427094ggy\n|raw|0rion1798's rating: 1708 &rarr; <strong>1690<\/strong><br \/>(-18 for losing)\n|raw|1449427094ggy's rating: 1751 &rarr; <strong>1769<\/strong><br \/>(+18 for winning)\n|l|\u26060rion1798\n|player|p1|\n|l|\u26061449427094ggy\n|player|p2|\n","uploadtime":1729829366,"views":15,"formatid":"gen9vgc2024regh","rating":1690,"private":0,"password":null}