{"id":"gen9vgc2024regh-2230777286","format":"[Gen 9] VGC 2024 Reg H","players":["Diestoise","jhyjhyt"],"log":"|j|\u2606Diestoise\n|j|\u2606jhyjhyt\n|t:|1729874722\n|gametype|doubles\n|player|p1|Diestoise|blue|1688\n|player|p2|jhyjhyt|102|1723\n|teamsize|p1|6\n|teamsize|p2|6\n|gen|9\n|tier|[Gen 9] VGC 2024 Reg H\n|rated|\n|rule|Species Clause: Limit one of each Pok\u00e9mon\n|rule|Item Clause: Limit 1 of each item\n|clearpoke\n|poke|p1|Tyranitar, L50, M|\n|poke|p1|Garchomp, L50, M|\n|poke|p1|Hydreigon, L50, F|\n|poke|p1|Primarina, L50, M|\n|poke|p1|Corviknight, L50, M|\n|poke|p1|Amoonguss, L50, M|\n|poke|p2|Dondozo, L50, F|\n|poke|p2|Tatsugiri, L50, M|\n|poke|p2|Pelipper, L50, M|\n|poke|p2|Archaludon, L50, M|\n|poke|p2|Amoonguss, L50, M|\n|poke|p2|Murkrow, L50, M|\n|teampreview|4\n|inactive|Battle timer is ON: inactive players will automatically lose when time's up. (requested by jhyjhyt)\n|\n|t:|1729874762\n|start\n|switch|p1a: Amoonguss|Amoonguss, L50, M|100\/100\n|switch|p1b: Hydreigon|Hydreigon, L50, F|100\/100\n|switch|p2a: Dondozo|Dondozo, L50, F|100\/100\n|switch|p2b: Pelipper|Pelipper, L50, M|100\/100\n|-weather|RainDance|[from] ability: Drizzle|[of] p2b: Pelipper\n|turn|1\n|\n|t:|1729874778\n|move|p2a: Dondozo|Protect|p2a: Dondozo\n|-singleturn|p2a: Dondozo|Protect\n|move|p1b: Hydreigon|Snarl|p2a: Dondozo|[spread] p2b\n|-activate|p2a: Dondozo|move: Protect\n|-damage|p2b: Pelipper|61\/100\n|-unboost|p2b: Pelipper|spa|1\n|move|p2b: Pelipper|Hurricane|p1a: Amoonguss\n|-supereffective|p1a: Amoonguss\n|-damage|p1a: Amoonguss|43\/100\n|-enditem|p1a: Amoonguss|Sitrus Berry|[eat]\n|-heal|p1a: Amoonguss|68\/100|[from] item: Sitrus Berry\n|move|p1a: Amoonguss|Spore|p2a: Dondozo\n|-activate|p2a: Dondozo|move: Protect\n|\n|-weather|RainDance|[upkeep]\n|upkeep\n|turn|2\n|inactive|Diestoise has 30 seconds left.\n|inactive|jhyjhyt has 30 seconds left.\n|\n|t:|1729874805\n|switch|p2b: Tatsugiri|Tatsugiri, L50, M|100\/100\n|-activate|p2b: Tatsugiri|ability: Commander|[of] p2a: Dondozo\n|-boost|p2a: Dondozo|atk|2\n|-boost|p2a: Dondozo|spa|2\n|-boost|p2a: Dondozo|spe|2\n|-boost|p2a: Dondozo|def|2\n|-boost|p2a: Dondozo|spd|2\n|switch|p1a: Primarina|Primarina, L50, M, shiny|100\/100\n|-terastallize|p2a: Dondozo|Water\n|move|p2a: Dondozo|Surf|p1b: Hydreigon|[spread] p1a,p1b\n|-miss|p2a: Dondozo|p2b: Tatsugiri\n|-resisted|p1a: Primarina\n|-crit|p1a: Primarina\n|-resisted|p1b: Hydreigon\n|-damage|p1a: Primarina|36\/100\n|-damage|p1b: Hydreigon|41\/100\n|move|p1b: Hydreigon|Tailwind|p1b: Hydreigon\n|-sidestart|p1: Diestoise|move: Tailwind\n|\n|-weather|RainDance|[upkeep]\n|upkeep\n|turn|3\n|\n|t:|1729874826\n|move|p1b: Hydreigon|Draco Meteor|p2a: Dondozo\n|-damage|p2a: Dondozo|61\/100\n|-unboost|p1b: Hydreigon|spa|2\n|move|p1a: Primarina|Haze|p1a: Primarina\n|-clearallboost\n|move|p2a: Dondozo|Surf|p1b: Hydreigon|[spread] p1a,p1b\n|-miss|p2a: Dondozo|p2b: Tatsugiri\n|-resisted|p1a: Primarina\n|-resisted|p1b: Hydreigon\n|-damage|p1a: Primarina|17\/100\n|-damage|p1b: Hydreigon|14\/100\n|\n|-weather|RainDance|[upkeep]\n|upkeep\n|turn|4\n|\n|t:|1729874844\n|move|p1b: Hydreigon|Draco Meteor|p2a: Dondozo\n|-damage|p2a: Dondozo|0 fnt\n|-unboost|p1b: Hydreigon|spa|2\n|faint|p2a: Dondozo\n|move|p1a: Primarina|Moonblast|p2b: Tatsugiri\n|-supereffective|p2b: Tatsugiri\n|-damage|p2b: Tatsugiri|0 fnt\n|faint|p2b: Tatsugiri\n|\n|-weather|RainDance|[upkeep]\n|upkeep\n|\n|t:|1729874854\n|switch|p2b: Archaludon|Archaludon, L50, M|100\/100\n|switch|p2a: Pelipper|Pelipper, L50, M|61\/100\n|turn|5\n|\n|t:|1729874871\n|move|p1b: Hydreigon|Snarl|p2a: Pelipper|[spread] p2a,p2b\n|-damage|p2a: Pelipper|42\/100\n|-damage|p2b: Archaludon|92\/100\n|-unboost|p2a: Pelipper|spa|1\n|-unboost|p2b: Archaludon|spa|1\n|-ability|p2b: Archaludon|Stamina|boost\n|-boost|p2b: Archaludon|def|1\n|move|p1a: Primarina|Moonblast|p2b: Archaludon\n|-damage|p2b: Archaludon|54\/100\n|-ability|p2b: Archaludon|Stamina|boost\n|-boost|p2b: Archaludon|def|1\n|move|p2a: Pelipper|Weather Ball|p1b: Hydreigon\n|-resisted|p1b: Hydreigon\n|-damage|p1b: Hydreigon|0 fnt\n|faint|p1b: Hydreigon\n|move|p2b: Archaludon|Electro Shot||[still]\n|-prepare|p2b: Archaludon|Electro Shot\n|-boost|p2b: Archaludon|spa|1\n|-anim|p2b: Archaludon|Electro Shot|p1a: Primarina\n|-supereffective|p1a: Primarina\n|-damage|p1a: Primarina|0 fnt\n|faint|p1a: Primarina\n|\n|-weather|none\n|-sideend|p1: Diestoise|move: Tailwind\n|upkeep\n|\n|t:|1729874893\n|switch|p1b: Garchomp|Garchomp, L50, M|100\/100\n|switch|p1a: Amoonguss|Amoonguss, L50, M|100\/100\n|turn|6\n|\n|t:|1729874910\n|-terastallize|p1b: Garchomp|Ground\n|move|p1b: Garchomp|Dragon Claw|p2a: Pelipper\n|-damage|p2a: Pelipper|0 fnt\n|faint|p2a: Pelipper\n|-damage|p1b: Garchomp|91\/100|[from] item: Life Orb\n|move|p2b: Archaludon|Draco Meteor|p1b: Garchomp|[miss]\n|-miss|p2b: Archaludon|p1b: Garchomp\n|move|p1a: Amoonguss|Spore|p2b: Archaludon\n|-status|p2b: Archaludon|slp|[from] move: Spore\n|\n|upkeep\n|turn|7\n|-message|jhyjhyt forfeited.\n|\n|win|Diestoise\n|raw|Diestoise's rating: 1688 &rarr; <strong>1710<\/strong><br \/>(+22 for winning)\n|raw|jhyjhyt's rating: 1723 &rarr; <strong>1701<\/strong><br \/>(-22 for losing)\n|l|\u2606jhyjhyt\n|player|p2|\n|l|\u2606Diestoise\n|player|p1|\n","uploadtime":1729875172,"views":13,"formatid":"gen9vgc2024regh","rating":1701,"private":0,"password":null}