{"id":"gen9vgc2024regh-2230408709","format":"[Gen 9] VGC 2024 Reg H","players":["Geodude3138","for amber"],"log":"|j|\u2606Geodude3138\n|j|\u2606for amber\n|t:|1729826761\n|gametype|doubles\n|player|p1|Geodude3138|psychicf|1802\n|player|p2|for amber|skyla|1864\n|teamsize|p1|6\n|teamsize|p2|6\n|gen|9\n|tier|[Gen 9] VGC 2024 Reg H\n|rated|\n|rule|Species Clause: Limit one of each Pok\u00e9mon\n|rule|Item Clause: Limit 1 of each item\n|clearpoke\n|poke|p1|Dragonite, L50, M|\n|poke|p1|Gholdengo, L50|\n|poke|p1|Whimsicott, L50, F|\n|poke|p1|Basculegion, L50, M|\n|poke|p1|Archaludon, L50, F|\n|poke|p1|Politoed, L50, M|\n|poke|p2|Arcanine-Hisui, L50, M|\n|poke|p2|Pelipper, L50, M|\n|poke|p2|Umbreon, L50, M|\n|poke|p2|Ursaluna-Bloodmoon, L50, M|\n|poke|p2|Dragonite, L50, M|\n|poke|p2|Archaludon, L50, M|\n|teampreview|4\n|inactive|Battle timer is ON: inactive players will automatically lose when time's up. (requested by for amber)\n|inactive|Geodude3138 has 60 seconds left.\n|inactive|for amber has 60 seconds left.\n|\n|t:|1729826807\n|start\n|switch|p1a: Archaludon|Archaludon, L50, F|100\/100\n|switch|p1b: Whimsicott|Whimsicott, L50, F|100\/100\n|switch|p2a: Umbreon|Umbreon, L50, M, shiny|100\/100\n|switch|p2b: Archaludon|Archaludon, L50, M|100\/100\n|turn|1\n|\n|t:|1729826828\n|-terastallize|p1b: Whimsicott|Steel\n|move|p2b: Archaludon|Flash Cannon|p1b: Whimsicott\n|-resisted|p1b: Whimsicott\n|-damage|p1b: Whimsicott|73\/100\n|move|p1b: Whimsicott|Moonblast|p2a: Umbreon\n|-supereffective|p2a: Umbreon\n|-damage|p2a: Umbreon|56\/100\n|move|p2a: Umbreon|Yawn|p1a: Archaludon\n|-start|p1a: Archaludon|move: Yawn|[of] p2a: Umbreon\n|move|p1a: Archaludon|Electro Shot||[still]\n|-prepare|p1a: Archaludon|Electro Shot\n|-boost|p1a: Archaludon|spa|1\n|-enditem|p1a: Archaludon|Power Herb\n|-anim|p1a: Archaludon|Electro Shot|p2a: Umbreon\n|-damage|p2a: Umbreon|18\/100\n|-enditem|p2a: Umbreon|Sitrus Berry|[eat]\n|-heal|p2a: Umbreon|43\/100|[from] item: Sitrus Berry\n|\n|upkeep\n|turn|2\n|\n|t:|1729826847\n|switch|p2a: Ursaluna|Ursaluna-Bloodmoon, L50, M|100\/100\n|move|p2b: Archaludon|Protect|p2b: Archaludon\n|-singleturn|p2b: Archaludon|Protect\n|move|p1b: Whimsicott|Misty Terrain|p1b: Whimsicott\n|-fieldstart|move: Misty Terrain\n|move|p1a: Archaludon|Aura Sphere|p2a: Ursaluna\n|-supereffective|p2a: Ursaluna\n|-crit|p2a: Ursaluna\n|-damage|p2a: Ursaluna|15\/100\n|\n|-end|p1a: Archaludon|move: Yawn|[silent]\n|-activate|p1a: Archaludon|move: Misty Terrain\n|upkeep\n|turn|3\n|\n|t:|1729826870\n|move|p2a: Ursaluna|Vacuum Wave|p1a: Archaludon\n|-supereffective|p1a: Archaludon\n|-damage|p1a: Archaludon|63\/100\n|move|p2b: Archaludon|Electro Shot||[still]\n|-prepare|p2b: Archaludon|Electro Shot\n|-boost|p2b: Archaludon|spa|1\n|-enditem|p2b: Archaludon|Power Herb\n|-anim|p2b: Archaludon|Electro Shot|p1b: Whimsicott\n|-damage|p1b: Whimsicott|0 fnt\n|faint|p1b: Whimsicott\n|move|p1a: Archaludon|Flash Cannon|p2a: Ursaluna\n|-damage|p2a: Ursaluna|0 fnt\n|faint|p2a: Ursaluna\n|\n|upkeep\n|j| y7f2\n|\n|t:|1729826886\n|switch|p1b: Dragonite|Dragonite, L50, M|100\/100\n|switch|p2a: Arcanine|Arcanine-Hisui, L50, M, shiny|100\/100\n|turn|4\n|inactive|Geodude3138 has 30 seconds left.\n|\n|t:|1729826920\n|move|p1b: Dragonite|Extreme Speed|p2b: Archaludon\n|-resisted|p2b: Archaludon\n|-damage|p2b: Archaludon|86\/100\n|move|p2a: Arcanine|Head Smash|p1b: Dragonite\n|-supereffective|p1b: Dragonite\n|-crit|p1b: Dragonite\n|-damage|p1b: Dragonite|0 fnt\n|faint|p1b: Dragonite\n|move|p2b: Archaludon|Flash Cannon|p1a: Archaludon\n|-resisted|p1a: Archaludon\n|-damage|p1a: Archaludon|25\/100\n|move|p1a: Archaludon|Aura Sphere|p2a: Arcanine\n|-supereffective|p2a: Arcanine\n|-enditem|p2a: Arcanine|Focus Sash\n|-damage|p2a: Arcanine|1\/100\n|\n|upkeep\n|\n|t:|1729826935\n|switch|p1b: Basculegion|Basculegion, L50, M|100\/100\n|turn|5\n|\n|t:|1729826945\n|move|p2a: Arcanine|Protect|p2a: Arcanine\n|-singleturn|p2a: Arcanine|Protect\n|move|p2b: Archaludon|Protect|p2b: Archaludon\n|-singleturn|p2b: Archaludon|Protect\n|move|p1b: Basculegion|Aqua Jet|p2a: Arcanine\n|-activate|p2a: Arcanine|move: Protect\n|move|p1a: Archaludon|Aura Sphere|p2b: Archaludon\n|-activate|p2b: Archaludon|move: Protect\n|\n|upkeep\n|turn|6\n|\n|t:|1729826958\n|-terastallize|p2b: Archaludon|Flying\n|move|p2a: Arcanine|Extreme Speed|p1a: Archaludon\n|-resisted|p1a: Archaludon\n|-damage|p1a: Archaludon|16\/100\n|move|p1b: Basculegion|Aqua Jet|p2a: Arcanine\n|-supereffective|p2a: Arcanine\n|-damage|p2a: Arcanine|0 fnt\n|faint|p2a: Arcanine\n|move|p2b: Archaludon|Flash Cannon|p1a: Archaludon\n|-resisted|p1a: Archaludon\n|-damage|p1a: Archaludon|0 fnt\n|faint|p1a: Archaludon\n|\n|-fieldend|Misty Terrain\n|upkeep\n|\n|t:|1729826961\n|switch|p2a: Umbreon|Umbreon, L50, M, shiny|43\/100\n|turn|7\n|-message|Geodude3138 forfeited.\n|\n|win|for amber\n|raw|Geodude3138's rating: 1802 &rarr; <strong>1786<\/strong><br \/>(-16 for losing)\n|raw|for amber's rating: 1864 &rarr; <strong>1880<\/strong><br \/>(+16 for winning)\n|l|\u2606Geodude3138\n|player|p1|\n|l|\u2606for amber\n|player|p2|\n|l| y7f2\n","uploadtime":1729827245,"views":111,"formatid":"gen9vgc2024regh","rating":1786,"private":0,"password":null}