{"id":"gen9vgc2024regh-2230077283","format":"[Gen 9] VGC 2024 Reg H","players":["aayushjay","Jarvis1"],"log":"|j|\u2606aayushjay\n|j|\u2606Jarvis1\n|t:|1729790945\n|gametype|doubles\n|player|p1|aayushjay|steven|1702\n|player|p2|Jarvis1|265|1718\n|teamsize|p1|6\n|teamsize|p2|6\n|gen|9\n|tier|[Gen 9] VGC 2024 Reg H\n|rated|\n|rule|Species Clause: Limit one of each Pok\u00e9mon\n|rule|Item Clause: Limit 1 of each item\n|clearpoke\n|poke|p1|Tyranitar, L50, F|\n|poke|p1|Metagross, L50|\n|poke|p1|Bronzong, L50|\n|poke|p1|Excadrill, L50, F|\n|poke|p1|Primarina, L50, F|\n|poke|p1|Magmar, L50, M|\n|poke|p2|Incineroar, L50, M|\n|poke|p2|Rillaboom, L50, F|\n|poke|p2|Vivillon, L50, F|\n|poke|p2|Pelipper, L50, M|\n|poke|p2|Annihilape, L50, F|\n|poke|p2|Gastrodon, L50, F|\n|teampreview|4\n|inactive|Battle timer is ON: inactive players will automatically lose when time's up. (requested by aayushjay)\n|inactive|aayushjay has 60 seconds left.\n|\n|t:|1729790980\n|start\n|switch|p1a: Bronzong|Bronzong, L50|100\/100\n|switch|p1b: Excadrill|Excadrill, L50, F|100\/100\n|switch|p2a: Pelipper|Pelipper, L50, M|100\/100\n|switch|p2b: Gastrodon|Gastrodon, L50, F|100\/100\n|-weather|RainDance|[from] ability: Drizzle|[of] p2a: Pelipper\n|turn|1\n|\n|t:|1729791002\n|switch|p2a: Incineroar|Incineroar, L50, M|100\/100\n|-ability|p2a: Incineroar|Intimidate|boost\n|-unboost|p1a: Bronzong|atk|1\n|-unboost|p1b: Excadrill|atk|1\n|move|p1b: Excadrill|Rock Slide|p2b: Gastrodon|[spread] p2a,p2b\n|-supereffective|p2a: Incineroar\n|-resisted|p2b: Gastrodon\n|-damage|p2a: Incineroar|78\/100\n|-damage|p2b: Gastrodon|95\/100\n|cant|p2b: Gastrodon|flinch\n|move|p1a: Bronzong|Trick Room|p1a: Bronzong\n|-fieldstart|move: Trick Room|[of] p1a: Bronzong\n|\n|-weather|RainDance|[upkeep]\n|upkeep\n|turn|2\n|\n|t:|1729791017\n|switch|p1b: Tyranitar|Tyranitar, L50, F|100\/100\n|-weather|Sandstorm|[from] ability: Sand Stream|[of] p1b: Tyranitar\n|move|p2a: Incineroar|Fake Out|p1a: Bronzong\n|-resisted|p1a: Bronzong\n|-damage|p1a: Bronzong|96\/100\n|move|p2b: Gastrodon|Muddy Water|p1a: Bronzong|[spread] \n|-miss|p2b: Gastrodon|p1a: Bronzong\n|-miss|p2b: Gastrodon|p1b: Tyranitar\n|cant|p1a: Bronzong|flinch\n|\n|-weather|Sandstorm|[upkeep]\n|-damage|p2a: Incineroar|72\/100|[from] Sandstorm\n|-heal|p1a: Bronzong|100\/100|[from] item: Leftovers\n|upkeep\n|turn|3\n|\n|t:|1729791028\n|switch|p2a: Pelipper|Pelipper, L50, M|100\/100\n|-weather|RainDance|[from] ability: Drizzle|[of] p2a: Pelipper\n|move|p2b: Gastrodon|Muddy Water|p1a: Bronzong|[spread] p1a,p1b\n|-supereffective|p1b: Tyranitar\n|-damage|p1a: Bronzong|70\/100\n|-damage|p1b: Tyranitar|59\/100\n|move|p1a: Bronzong|Iron Defense|p1a: Bronzong\n|-boost|p1a: Bronzong|def|2\n|move|p1b: Tyranitar|Knock Off|p2b: Gastrodon\n|-damage|p2b: Gastrodon|48\/100\n|-damage|p1b: Tyranitar|43\/100|[from] item: Rocky Helmet|[of] p2b: Gastrodon\n|-enditem|p2b: Gastrodon|Rocky Helmet|[from] move: Knock Off|[of] p1b: Tyranitar\n|\n|-weather|RainDance|[upkeep]\n|-heal|p1a: Bronzong|76\/100|[from] item: Leftovers\n|upkeep\n|turn|4\n|\n|t:|1729791044\n|-terastallize|p2b: Gastrodon|Steel\n|move|p2b: Gastrodon|Recover|p2b: Gastrodon\n|-heal|p2b: Gastrodon|98\/100\n|move|p1a: Bronzong|Body Press|p2b: Gastrodon\n|-supereffective|p2b: Gastrodon\n|-damage|p2b: Gastrodon|2\/100\n|move|p1b: Tyranitar|Rock Slide|p2b: Gastrodon|[spread] p2a,p2b\n|-supereffective|p2a: Pelipper\n|-resisted|p2b: Gastrodon\n|-crit|p2b: Gastrodon\n|-damage|p2a: Pelipper|33\/100\n|-damage|p2b: Gastrodon|0 fnt\n|faint|p2b: Gastrodon\n|move|p2a: Pelipper|Weather Ball|p1a: Bronzong\n|-crit|p1a: Bronzong\n|-damage|p1a: Bronzong|1\/100\n|\n|-weather|RainDance|[upkeep]\n|-heal|p1a: Bronzong|7\/100|[from] item: Leftovers\n|upkeep\n|\n|t:|1729791056\n|switch|p2b: Rillaboom|Rillaboom, L50, F|100\/100\n|-fieldstart|move: Grassy Terrain|[from] ability: Grassy Surge|[of] p2b: Rillaboom\n|turn|5\n|\n|t:|1729791064\n|switch|p2a: Incineroar|Incineroar, L50, M|72\/100\n|-ability|p2a: Incineroar|Intimidate|boost\n|-unboost|p1a: Bronzong|atk|1\n|-unboost|p1b: Tyranitar|atk|1\n|-terastallize|p1b: Tyranitar|Flying\n|move|p1a: Bronzong|Body Press|p2a: Incineroar\n|-supereffective|p2a: Incineroar\n|-crit|p2a: Incineroar\n|-damage|p2a: Incineroar|0 fnt\n|faint|p2a: Incineroar\n|move|p1b: Tyranitar|Knock Off|p2b: Rillaboom\n|-damage|p2b: Rillaboom|64\/100\n|-enditem|p2b: Rillaboom|Assault Vest|[from] move: Knock Off|[of] p1b: Tyranitar\n|move|p2b: Rillaboom|Knock Off|p1a: Bronzong\n|-supereffective|p1a: Bronzong\n|-damage|p1a: Bronzong|0 fnt\n|-enditem|p1a: Bronzong|Leftovers|[from] move: Knock Off|[of] p2b: Rillaboom\n|faint|p1a: Bronzong\n|\n|-weather|RainDance|[upkeep]\n|-heal|p2b: Rillaboom|70\/100|[from] Grassy Terrain\n|-fieldend|move: Trick Room\n|upkeep\n|\n|t:|1729791080\n|switch|p2a: Pelipper|Pelipper, L50, M|33\/100\n|switch|p1a: Metagross|Metagross, L50|100\/100\n|turn|6\n|\n|t:|1729791088\n|switch|p1b: Excadrill|Excadrill, L50, F|100\/100\n|move|p1a: Metagross|Protect|p1a: Metagross\n|-singleturn|p1a: Metagross|Protect\n|move|p2b: Rillaboom|Knock Off|p1a: Metagross\n|-activate|p1a: Metagross|move: Protect\n|move|p2a: Pelipper|Weather Ball|p1b: Excadrill\n|-supereffective|p1b: Excadrill\n|-enditem|p1b: Excadrill|Focus Sash\n|-damage|p1b: Excadrill|1\/100\n|\n|-weather|RainDance|[upkeep]\n|-heal|p1b: Excadrill|7\/100|[from] Grassy Terrain\n|-heal|p2b: Rillaboom|76\/100|[from] Grassy Terrain\n|upkeep\n|turn|7\n|\n|t:|1729791107\n|switch|p1b: Tyranitar|Tyranitar, L50, F, tera:Flying|43\/100\n|-weather|Sandstorm|[from] ability: Sand Stream|[of] p1b: Tyranitar\n|move|p2b: Rillaboom|Grassy Glide|p1b: Tyranitar\n|-resisted|p1b: Tyranitar\n|-damage|p1b: Tyranitar|28\/100\n|move|p2a: Pelipper|Weather Ball|p1a: Metagross\n|-resisted|p1a: Metagross\n|-damage|p1a: Metagross|86\/100\n|move|p1a: Metagross|Psychic Fangs|p2a: Pelipper\n|-damage|p2a: Pelipper|0 fnt\n|faint|p2a: Pelipper\n|\n|-weather|Sandstorm|[upkeep]\n|-damage|p2b: Rillaboom|70\/100|[from] Sandstorm\n|-damage|p1b: Tyranitar|22\/100|[from] Sandstorm\n|-heal|p2b: Rillaboom|76\/100|[from] Grassy Terrain\n|-heal|p1a: Metagross|92\/100|[from] Grassy Terrain\n|upkeep\n|turn|8\n|\n|t:|1729791125\n|move|p2b: Rillaboom|Knock Off|p1a: Metagross\n|-supereffective|p1a: Metagross\n|-damage|p1a: Metagross|35\/100\n|-enditem|p1a: Metagross|Weakness Policy\n|-boost|p1a: Metagross|atk|2|[from] item: Weakness Policy\n|-boost|p1a: Metagross|spa|2|[from] item: Weakness Policy\n|move|p1a: Metagross|Heavy Slam|p2b: Rillaboom\n|-damage|p2b: Rillaboom|0 fnt\n|faint|p2b: Rillaboom\n|\n|win|aayushjay\n|raw|aayushjay's rating: 1702 &rarr; <strong>1723<\/strong><br \/>(+21 for winning)\n|raw|Jarvis1's rating: 1718 &rarr; <strong>1697<\/strong><br \/>(-21 for losing)\n|l|\u2606Jarvis1\n|player|p2|\n|l|\u2606aayushjay\n|player|p1|\n","uploadtime":1729791312,"views":20,"formatid":"gen9vgc2024regh","rating":1697,"private":0,"password":null}