{"id":"gen9vgc2024regh-2231660404","format":"[Gen 9] VGC 2024 Reg H","players":["Psyducks in 6","chiitancrazymascot"],"log":"|j|\u2606Psyducks in 6\n|j|\u2606chiitancrazymascot\n|t:|1729990166\n|gametype|doubles\n|player|p1|Psyducks in 6|hiker-gen4|1691\n|player|p2|chiitancrazymascot|pokemaniac|1733\n|teamsize|p1|6\n|teamsize|p2|6\n|gen|9\n|tier|[Gen 9] VGC 2024 Reg H\n|rated|\n|rule|Species Clause: Limit one of each Pok\u00e9mon\n|rule|Item Clause: Limit 1 of each item\n|clearpoke\n|poke|p1|Annihilape, L50, M|\n|poke|p1|Garchomp, L50, F|\n|poke|p1|Corviknight, L50, M|\n|poke|p1|Clefable, L50, M|\n|poke|p1|Gholdengo, L50|\n|poke|p1|Incineroar, L50, M|\n|poke|p2|Annihilape, L50, F|\n|poke|p2|Dondozo, L50, M|\n|poke|p2|Maushold-Four, L50|\n|poke|p2|Gholdengo, L50|\n|poke|p2|Whimsicott, L50, M|\n|poke|p2|Tatsugiri, L50, M|\n|teampreview|4\n|inactive|Battle timer is ON: inactive players will automatically lose when time's up. (requested by chiitancrazymascot)\n|inactive|Psyducks in 6 has 60 seconds left.\n|inactive|chiitancrazymascot has 60 seconds left.\n|\n|t:|1729990199\n|start\n|switch|p1a: Clefable|Clefable, L50, M|100\/100\n|switch|p1b: Annihilape|Annihilape, L50, M|100\/100\n|switch|p2a: Maushold|Maushold-Four, L50|100\/100\n|switch|p2b: Annihilape|Annihilape, L50, F, shiny|100\/100\n|turn|1\n|\n|t:|1729990224\n|move|p1a: Clefable|Follow Me|p1a: Clefable\n|-singleturn|p1a: Clefable|move: Follow Me\n|move|p1b: Annihilape|Low Sweep|p2a: Maushold\n|-supereffective|p2a: Maushold\n|-damage|p2a: Maushold|36\/100\n|-unboost|p2a: Maushold|spe|1\n|move|p2a: Maushold|Taunt|p1a: Clefable\n|-start|p1a: Clefable|move: Taunt\n|move|p2b: Annihilape|Bulk Up|p2b: Annihilape\n|-boost|p2b: Annihilape|atk|1\n|-boost|p2b: Annihilape|def|1\n|\n|upkeep\n|turn|2\n|inactive|chiitancrazymascot has 30 seconds left.\n|inactive|Psyducks in 6 has 30 seconds left.\n|\n|t:|1729990260\n|switch|p1b: Corviknight|Corviknight, L50, M|100\/100\n|-terastallize|p2a: Maushold|Ghost\n|move|p2a: Maushold|Beat Up|p2b: Annihilape\n|-damage|p2b: Annihilape|99\/100\n|-damage|p2b: Annihilape|97\/100\n|-damage|p2b: Annihilape|95\/100\n|-damage|p2b: Annihilape|94\/100\n|-hitcount|p2b: Annihilape|4\n|move|p2b: Annihilape|Rage Fist|p1a: Clefable\n|-damage|p1a: Clefable|0 fnt\n|faint|p1a: Clefable\n|\n|upkeep\n|\n|t:|1729990282\n|switch|p1a: Apple Jack|Gholdengo, L50|100\/100\n|turn|3\n|\n|t:|1729990297\n|move|p2a: Maushold|Follow Me|p2a: Maushold\n|-singleturn|p2a: Maushold|move: Follow Me\n|move|p1a: Apple Jack|Make It Rain|p2a: Maushold|[spread] p2a,p2b\n|-damage|p2a: Maushold|0 fnt\n|-damage|p2b: Annihilape|65\/100\n|-unboost|p1a: Apple Jack|spa|1\n|faint|p2a: Maushold\n|move|p2b: Annihilape|Rage Fist|p1b: Corviknight\n|-damage|p1b: Corviknight|0 fnt\n|-damage|p2b: Annihilape|49\/100|[from] item: Rocky Helmet|[of] p1b: Corviknight\n|-enditem|p2b: Annihilape|Sitrus Berry|[eat]\n|-heal|p2b: Annihilape|74\/100|[from] item: Sitrus Berry\n|faint|p1b: Corviknight\n|\n|upkeep\n|\n|t:|1729990310\n|switch|p2a: Dondozo|Dondozo, L50, M, shiny|100\/100\n|switch|p1b: Annihilape|Annihilape, L50, M|100\/100\n|turn|4\n|\n|t:|1729990323\n|move|p2b: Annihilape|Protect|p2b: Annihilape\n|-singleturn|p2b: Annihilape|Protect\n|move|p2a: Dondozo|Protect|p2a: Dondozo\n|-singleturn|p2a: Dondozo|Protect\n|move|p1b: Annihilape|Rage Fist|p2a: Dondozo\n|-activate|p2a: Dondozo|move: Protect\n|move|p1a: Apple Jack|Shadow Ball|p2b: Annihilape\n|-activate|p2b: Annihilape|move: Protect\n|\n|upkeep\n|turn|5\n|\n|t:|1729990334\n|switch|p2b: Tatsugiri|Tatsugiri, L50, M, shiny|100\/100\n|-activate|p2b: Tatsugiri|ability: Commander|[of] p2a: Dondozo\n|-boost|p2a: Dondozo|atk|2\n|-boost|p2a: Dondozo|spa|2\n|-boost|p2a: Dondozo|spe|2\n|-boost|p2a: Dondozo|def|2\n|-boost|p2a: Dondozo|spd|2\n|move|p1b: Annihilape|Rage Fist|p2b: Tatsugiri|[miss]\n|-miss|p1b: Annihilape|p2b: Tatsugiri\n|move|p2a: Dondozo|Wave Crash|p1a: Apple Jack\n|-damage|p1a: Apple Jack|0 fnt\n|faint|p1a: Apple Jack\n|-damage|p2a: Dondozo|72\/100|[from] Recoil\n|\n|-heal|p2a: Dondozo|78\/100|[from] item: Leftovers\n|upkeep\n|turn|6\n|-message|Psyducks in 6 forfeited.\n|\n|win|chiitancrazymascot\n|raw|Psyducks in 6's rating: 1691 &rarr; <strong>1673<\/strong><br \/>(-18 for losing)\n|raw|chiitancrazymascot's rating: 1733 &rarr; <strong>1751<\/strong><br \/>(+18 for winning)\n|l|\u2606Psyducks in 6\n|player|p1|\n|l|\u2606chiitancrazymascot\n|player|p2|\n","uploadtime":1729990526,"views":15,"formatid":"gen9vgc2024regh","rating":1673,"private":0,"password":null}