{"id":"gen9vgc2024regh-2231540255","format":"[Gen 9] VGC 2024 Reg H","players":["Ace Emerald","chiitancrazymascot"],"log":"|j|\u2606Ace Emerald\n|j|\u2606chiitancrazymascot\n|t:|1729975153\n|gametype|doubles\n|player|p1|Ace Emerald|aromalady|1638\n|player|p2|chiitancrazymascot|pokemaniac|1886\n|teamsize|p1|6\n|teamsize|p2|6\n|gen|9\n|tier|[Gen 9] VGC 2024 Reg H\n|rated|\n|rule|Species Clause: Limit one of each Pok\u00e9mon\n|rule|Item Clause: Limit 1 of each item\n|clearpoke\n|poke|p1|Sylveon, L50, F|\n|poke|p1|Talonflame, L50, M|\n|poke|p1|Archaludon, L50, M|\n|poke|p1|Indeedee, L50, M|\n|poke|p1|Ursaluna, L50, M|\n|poke|p1|Maushold, L50|\n|poke|p2|Annihilape, L50, M|\n|poke|p2|Dondozo, L50, M|\n|poke|p2|Maushold-Four, L50|\n|poke|p2|Gholdengo, L50|\n|poke|p2|Whimsicott, L50, M|\n|poke|p2|Tatsugiri, L50, F|\n|teampreview|4\n|inactive|Battle timer is ON: inactive players will automatically lose when time's up. (requested by chiitancrazymascot)\n|inactive|Ace Emerald has 60 seconds left.\n|inactive|chiitancrazymascot has 60 seconds left.\n|\n|t:|1729975189\n|start\n|switch|p1a: Indeedee|Indeedee, L50, M|100\/100\n|switch|p1b: Maushold|Maushold, L50|100\/100\n|switch|p2a: Maushold|Maushold-Four, L50|100\/100\n|switch|p2b: Annihilape|Annihilape, L50, M, shiny|100\/100\n|-fieldstart|move: Psychic Terrain|[from] ability: Psychic Surge|[of] p1a: Indeedee\n|-enditem|p1a: Indeedee|Psychic Seed\n|-boost|p1a: Indeedee|spd|1|[from] item: Psychic Seed\n|turn|1\n|inactive|chiitancrazymascot has 30 seconds left.\n|inactive|chiitancrazymascot has 20 seconds left.\n|\n|t:|1729975228\n|-terastallize|p2b: Annihilape|Fire\n|move|p2a: Maushold|Taunt|p1b: Maushold\n|-start|p1b: Maushold|move: Taunt\n|move|p1b: Maushold|Population Bomb|p2a: Maushold\n|-damage|p2a: Maushold|86\/100\n|-damage|p2a: Maushold|72\/100\n|-damage|p2a: Maushold|58\/100\n|-damage|p2a: Maushold|43\/100\n|-crit|p2a: Maushold\n|-damage|p2a: Maushold|19\/100\n|-damage|p2a: Maushold|4\/100\n|-damage|p2a: Maushold|0 fnt\n|faint|p2a: Maushold\n|-hitcount|p2: Maushold|7\n|move|p2b: Annihilape|Bulk Up|p2b: Annihilape\n|-boost|p2b: Annihilape|atk|1\n|-boost|p2b: Annihilape|def|1\n|move|p1a: Indeedee|Trick Room|p1a: Indeedee\n|-fieldstart|move: Trick Room|[of] p1a: Indeedee\n|\n|upkeep\n|j| plastic oil\n|\n|t:|1729975237\n|switch|p2a: Dondozo|Dondozo, L50, M, shiny|100\/100\n|turn|2\n|\n|t:|1729975252\n|move|p2a: Dondozo|Wave Crash|p1a: Indeedee\n|-damage|p1a: Indeedee|36\/100\n|-damage|p2a: Dondozo|84\/100|[from] Recoil\n|move|p1a: Indeedee|Expanding Force|p2a: Dondozo|[spread] p2a,p2b\n|-damage|p2a: Dondozo|32\/100\n|-damage|p2b: Annihilape|67\/100\n|move|p2b: Annihilape|Drain Punch|p1b: Maushold\n|-supereffective|p1b: Maushold\n|-damage|p1b: Maushold|0 fnt\n|-heal|p2b: Annihilape|100\/100|[from] drain|[of] p1b: Maushold\n|faint|p1b: Maushold\n|\n|-heal|p2a: Dondozo|38\/100|[from] item: Leftovers\n|upkeep\n|\n|t:|1729975261\n|switch|p1b: Ursaluna|Ursaluna, L50, M|100\/100\n|turn|3\n|\n|t:|1729975280\n|-terastallize|p1b: Ursaluna|Ghost\n|move|p2a: Dondozo|Protect|p2a: Dondozo\n|-singleturn|p2a: Dondozo|Protect\n|move|p1b: Ursaluna|Headlong Rush|p2b: Annihilape\n|-supereffective|p2b: Annihilape\n|-crit|p2b: Annihilape\n|-damage|p2b: Annihilape|0 fnt\n|-unboost|p1b: Ursaluna|def|1\n|-unboost|p1b: Ursaluna|spd|1\n|faint|p2b: Annihilape\n|move|p1a: Indeedee|Expanding Force|p2a: Dondozo\n|-activate|p2a: Dondozo|move: Protect\n|\n|-heal|p2a: Dondozo|44\/100|[from] item: Leftovers\n|-status|p1b: Ursaluna|brn|[from] item: Flame Orb\n|upkeep\n|\n|t:|1729975288\n|switch|p2b: Tatsugiri|Tatsugiri, L50, F, shiny|100\/100\n|-activate|p2b: Tatsugiri|ability: Commander|[of] p2a: Dondozo\n|-boost|p2a: Dondozo|atk|2\n|-boost|p2a: Dondozo|spa|2\n|-boost|p2a: Dondozo|spe|2\n|-boost|p2a: Dondozo|def|2\n|-boost|p2a: Dondozo|spd|2\n|turn|4\n|\n|t:|1729975299\n|move|p1b: Ursaluna|Facade|p2a: Dondozo\n|-damage|p2a: Dondozo|4\/100\n|move|p1a: Indeedee|Expanding Force|p2b: Tatsugiri|[spread] p2a\n|-miss|p1a: Indeedee|p2b: Tatsugiri\n|-damage|p2a: Dondozo|0 fnt\n|faint|p2a: Dondozo\n|\n|-damage|p1b: Ursaluna|94\/100 brn|[from] brn\n|upkeep\n|turn|5\n|-message|chiitancrazymascot forfeited.\n|\n|win|Ace Emerald\n|raw|Ace Emerald's rating: 1638 &rarr; <strong>1670<\/strong><br \/>(+32 for winning)\n|raw|chiitancrazymascot's rating: 1886 &rarr; <strong>1854<\/strong><br \/>(-32 for losing)\n|l|\u2606chiitancrazymascot\n|player|p2|\n|l| plastic oil\n|l|\u2606Ace Emerald\n|player|p1|\n","uploadtime":1729975572,"views":36,"formatid":"gen9vgc2024regh","rating":1670,"private":0,"password":null}