{"id":"gen9vgc2024regh-2231588215","format":"[Gen 9] VGC 2024 Reg H","players":["D_Bastial","grade a type b"],"log":"|j|\u2606D_Bastial\n|j|\u2606grade a type b\n|t:|1729980831\n|gametype|doubles\n|player|p1|D_Bastial|clay|1723\n|player|p2|grade a type b|waiter-gen4dp|1688\n|teamsize|p1|6\n|teamsize|p2|6\n|gen|9\n|tier|[Gen 9] VGC 2024 Reg H\n|rated|\n|rule|Species Clause: Limit one of each Pok\u00e9mon\n|rule|Item Clause: Limit 1 of each item\n|clearpoke\n|poke|p1|Kommo-o, L50, M|\n|poke|p1|Sinistcha-Masterpiece, L50|\n|poke|p1|Rillaboom, L50, M|\n|poke|p1|Electabuzz, L50, F|\n|poke|p1|Murkrow, L50, F|\n|poke|p1|Incineroar, L50, M|\n|poke|p2|Gholdengo, L50|\n|poke|p2|Whimsicott, L50, M|\n|poke|p2|Ursaluna-Bloodmoon, L50, M|\n|poke|p2|Dragonite, L50, M|\n|poke|p2|Primarina, L50, F|\n|poke|p2|Blaziken, L50, F|\n|teampreview|4\n|inactive|Battle timer is ON: inactive players will automatically lose when time's up. (requested by grade a type b)\nD_Bastial has agreed to open team sheets.\n|inactive|D_Bastial has 60 seconds left.\n|inactive|grade a type b has 60 seconds left.\n|j| mr pogostick\n|inactive|grade a type b has 30 seconds left.\n|l| mr pogostick\n|inactive|grade a type b has 20 seconds left.\n|inactive|grade a type b has 15 seconds left.\n|inactive|grade a type b has 10 seconds left.\n|inactive|grade a type b has 5 seconds left.\n|\n|t:|1729980918\n|start\n|switch|p1a: Electabuzz|Electabuzz, L50, F|100\/100\n|switch|p1b: Incineroar|Incineroar, L50, M|100\/100\n|switch|p2a: Booger Sugar|Whimsicott, L50, M, shiny|100\/100\n|switch|p2b: CWHIT 316 CHASE|Ursaluna-Bloodmoon, L50, M|100\/100\n|-ability|p1b: Incineroar|Intimidate|boost\n|-unboost|p2a: Booger Sugar|atk|1\n|-unboost|p2b: CWHIT 316 CHASE|atk|1\n|turn|1\n|inactive|grade a type b has 30 seconds left.\n|\n|t:|1729980948\n|move|p1a: Electabuzz|Follow Me|p1a: Electabuzz\n|-singleturn|p1a: Electabuzz|move: Follow Me\n|move|p2a: Booger Sugar|Tailwind|p2a: Booger Sugar\n|-sidestart|p2: grade a type b|move: Tailwind\n|move|p2b: CWHIT 316 CHASE|Earth Power|p1a: Electabuzz\n|-supereffective|p1a: Electabuzz\n|-damage|p1a: Electabuzz|0 fnt\n|faint|p1a: Electabuzz\n|-damage|p2b: CWHIT 316 CHASE|91\/100|[from] item: Life Orb\n|move|p1b: Incineroar|Knock Off|p2b: CWHIT 316 CHASE\n|-damage|p2b: CWHIT 316 CHASE|59\/100\n|-enditem|p2b: CWHIT 316 CHASE|Life Orb|[from] move: Knock Off|[of] p1b: Incineroar\n|\n|upkeep\n|\n|t:|1729980956\n|switch|p1a: Sinistcha|Sinistcha-Masterpiece, L50|100\/100\n|turn|2\n|\n|t:|1729980967\n|move|p1a: Sinistcha|Rage Powder|p1a: Sinistcha\n|-singleturn|p1a: Sinistcha|move: Rage Powder\n|move|p2a: Booger Sugar|Taunt|p1a: Sinistcha\n|-start|p1a: Sinistcha|move: Taunt\n|move|p2b: CWHIT 316 CHASE|Earth Power|p1a: Sinistcha\n|-resisted|p1a: Sinistcha\n|-damage|p1a: Sinistcha|80\/100\n|-enditem|p1a: Sinistcha|Eject Button\n|\n|t:|1729980973\n|switch|p1a: Kommo-o|Kommo-o, L50, M|100\/100\n|move|p1b: Incineroar|Flare Blitz|p2b: CWHIT 316 CHASE\n|-damage|p2b: CWHIT 316 CHASE|15\/100\n|-damage|p1b: Incineroar|87\/100|[from] Recoil\n|\n|upkeep\n|turn|3\n|\n|t:|1729980994\n|switch|p1b: Sinistcha|Sinistcha-Masterpiece, L50|80\/100\n|-terastallize|p1a: Kommo-o|Fire\n|move|p2a: Booger Sugar|Moonblast|p1b: Sinistcha\n|-crit|p1b: Sinistcha\n|-damage|p1b: Sinistcha|43\/100\n|move|p2b: CWHIT 316 CHASE|Earth Power|p1b: Sinistcha\n|-resisted|p1b: Sinistcha\n|-damage|p1b: Sinistcha|21\/100\n|move|p1a: Kommo-o|Flamethrower|p2b: CWHIT 316 CHASE\n|-damage|p2b: CWHIT 316 CHASE|0 fnt\n|faint|p2b: CWHIT 316 CHASE\n|\n|upkeep\n|\n|t:|1729980999\n|switch|p2b: Blaziken|Blaziken, L50, F|100\/100\n|turn|4\n|\n|t:|1729981018\n|switch|p1b: Incineroar|Incineroar, L50, M|87\/100\n|-ability|p1b: Incineroar|Intimidate|boost\n|-unboost|p2a: Booger Sugar|atk|1\n|-unboost|p2b: Blaziken|atk|1\n|-terastallize|p2a: Booger Sugar|Water\n|move|p2a: Booger Sugar|Encore|p1a: Kommo-o\n|-start|p1a: Kommo-o|Encore\n|move|p2b: Blaziken|Brave Bird|p1b: Incineroar\n|-damage|p1b: Incineroar|64\/100\n|-damage|p2b: Blaziken|91\/100|[from] Recoil\n|move|p1a: Kommo-o|Flamethrower|p2a: Booger Sugar\n|-resisted|p2a: Booger Sugar\n|-damage|p2a: Booger Sugar|70\/100\n|\n|-sideend|p2: grade a type b|move: Tailwind\n|-ability|p2b: Blaziken|Speed Boost|boost\n|-boost|p2b: Blaziken|spe|1\n|upkeep\n|turn|5\n|\n|t:|1729981034\n|switch|p1a: Sinistcha|Sinistcha-Masterpiece, L50|21\/100\n|-heal|p1b: Incineroar|89\/100|[from] ability: Hospitality|[of] p1a: Sinistcha\n|move|p2b: Blaziken|Protect|p2b: Blaziken\n|-singleturn|p2b: Blaziken|Protect\n|move|p1b: Incineroar|Fake Out|p2b: Blaziken\n|-activate|p2b: Blaziken|move: Protect\n|move|p2a: Booger Sugar|Tailwind|p2a: Booger Sugar\n|-sidestart|p2: grade a type b|move: Tailwind\n|\n|-ability|p2b: Blaziken|Speed Boost|boost\n|-boost|p2b: Blaziken|spe|1\n|upkeep\n|turn|6\n|\n|t:|1729981047\n|switch|p1a: Kommo-o|Kommo-o, L50, M, tera:Fire|100\/100\n|move|p2b: Blaziken|Close Combat|p1b: Incineroar\n|-supereffective|p1b: Incineroar\n|-damage|p1b: Incineroar|14\/100\n|-unboost|p2b: Blaziken|def|1\n|-unboost|p2b: Blaziken|spd|1\n|move|p2a: Booger Sugar|Moonblast|p1a: Kommo-o\n|-resisted|p1a: Kommo-o\n|-crit|p1a: Kommo-o\n|-damage|p1a: Kommo-o|80\/100\n|-unboost|p1a: Kommo-o|spa|1\n|move|p1b: Incineroar|Knock Off|p2a: Booger Sugar\n|-crit|p2a: Booger Sugar\n|-damage|p2a: Booger Sugar|0 fnt\n|-enditem|p2a: Booger Sugar|Covert Cloak|[from] move: Knock Off|[of] p1b: Incineroar\n|faint|p2a: Booger Sugar\n|\n|-ability|p2b: Blaziken|Speed Boost|boost\n|-boost|p2b: Blaziken|spe|1\n|upkeep\n|\n|t:|1729981052\n|switch|p2a: Scaling The Couch|Gholdengo, L50|100\/100\n|turn|7\n|inactive|D_Bastial has 30 seconds left.\n|\n|t:|1729981086\n|switch|p1b: Sinistcha|Sinistcha-Masterpiece, L50|21\/100\n|-heal|p1a: Kommo-o|100\/100|[from] ability: Hospitality|[of] p1b: Sinistcha\n|move|p2b: Blaziken|Close Combat|p1a: Kommo-o\n|-damage|p1a: Kommo-o|62\/100\n|-unboost|p2b: Blaziken|def|1\n|-unboost|p2b: Blaziken|spd|1\n|move|p2a: Scaling The Couch|Shadow Ball|p1a: Kommo-o\n|-damage|p1a: Kommo-o|0 fnt\n|faint|p1a: Kommo-o\n|\n|-ability|p2b: Blaziken|Speed Boost|boost\n|-boost|p2b: Blaziken|spe|1\n|upkeep\n|\n|t:|1729981092\n|switch|p1a: Incineroar|Incineroar, L50, M|14\/100\n|-ability|p1a: Incineroar|Intimidate|boost\n|-unboost|p2a: Scaling The Couch|atk|1\n|-unboost|p2b: Blaziken|atk|1\n|turn|8\n|\n|t:|1729981104\n|move|p1b: Sinistcha|Rage Powder|p1b: Sinistcha\n|-singleturn|p1b: Sinistcha|move: Rage Powder\n|move|p2b: Blaziken|Close Combat|p1b: Sinistcha\n|-immune|p1b: Sinistcha\n|move|p2a: Scaling The Couch|Shadow Ball|p1b: Sinistcha\n|-supereffective|p1b: Sinistcha\n|-damage|p1b: Sinistcha|0 fnt\n|faint|p1b: Sinistcha\n|move|p1a: Incineroar|Knock Off|p2b: Blaziken\n|-resisted|p2b: Blaziken\n|-damage|p2b: Blaziken|25\/100\n|-enditem|p2b: Blaziken|Focus Sash|[from] move: Knock Off|[of] p1a: Incineroar\n|\n|-sideend|p2: grade a type b|move: Tailwind\n|-ability|p2b: Blaziken|Speed Boost|boost\n|-boost|p2b: Blaziken|spe|1\n|upkeep\n|turn|9\n|-message|D_Bastial forfeited.\n|\n|win|grade a type b\n|raw|D_Bastial's rating: 1723 &rarr; <strong>1701<\/strong><br \/>(-22 for losing)\n|raw|grade a type b's rating: 1688 &rarr; <strong>1710<\/strong><br \/>(+22 for winning)\n|l|\u2606D_Bastial\n|player|p1|\n|j|\u2606D_Bastial\n|player|p1|D_Bastial|clay|\n|l|\u2606D_Bastial\n|player|p1|\n|l|\u2606grade a type b\n|player|p2|\n","uploadtime":1729981250,"views":13,"formatid":"gen9vgc2024regh","rating":1701,"private":0,"password":null}