{"id":"gen9vgc2024regh-2231570342","format":"[Gen 9] VGC 2024 Reg H","players":["pokequimico","OSAMABINGETINLADIN"],"log":"|j|\u2606pokequimico\n|j|\u2606OSAMABINGETINLADIN\n|t:|1729978688\n|gametype|doubles\n|player|p1|pokequimico|lucas|1710\n|player|p2|OSAMABINGETINLADIN|policeman-gen4|1800\n|teamsize|p1|6\n|teamsize|p2|6\n|gen|9\n|tier|[Gen 9] VGC 2024 Reg H\n|rated|\n|rule|Species Clause: Limit one of each Pok\u00e9mon\n|rule|Item Clause: Limit 1 of each item\n|clearpoke\n|poke|p1|Sneasler, L50, F|\n|poke|p1|Typhlosion-Hisui, L50, M|\n|poke|p1|Rillaboom, L50, M|\n|poke|p1|Kingambit, L50, M|\n|poke|p1|Dragonite, L50, M|\n|poke|p1|Primarina, L50, F|\n|poke|p2|Sneasler, L50, M|\n|poke|p2|Indeedee, L50, M|\n|poke|p2|Dragapult, L50, F|\n|poke|p2|Decidueye-Hisui, L50, F|\n|poke|p2|Typhlosion-Hisui, L50, F|\n|poke|p2|Whimsicott, L50, M|\n|teampreview|4\n|inactive|Battle timer is ON: inactive players will automatically lose when time's up. (requested by OSAMABINGETINLADIN)\n|inactive|OSAMABINGETINLADIN has 60 seconds left.\n|\n|t:|1729978720\n|start\n|switch|p1a: Sneasler|Sneasler, L50, F|100\/100\n|switch|p1b: Typhlosion|Typhlosion-Hisui, L50, M|100\/100\n|switch|p2a: Timothy Bryce|Decidueye-Hisui, L50, F, shiny|100\/100\n|switch|p2b: Marcus Halberstram|Dragapult, L50, F, shiny|100\/100\n|-item|p2a: Timothy Bryce|Razor Claw|[from] ability: Frisk|[of] p1b: Typhlosion\n|-item|p2b: Marcus Halberstram|Choice Band|[from] ability: Frisk|[of] p1b: Typhlosion\n|turn|1\n|\n|t:|1729978745\n|-terastallize|p2a: Timothy Bryce|Water\n|move|p1a: Sneasler|Fake Out|p2a: Timothy Bryce\n|-damage|p2a: Timothy Bryce|82\/100\n|move|p1b: Typhlosion|Shadow Ball|p2b: Marcus Halberstram\n|-supereffective|p2b: Marcus Halberstram\n|-damage|p2b: Marcus Halberstram|0 fnt\n|faint|p2b: Marcus Halberstram\n|cant|p2a: Timothy Bryce|flinch\n|\n|upkeep\n|\n|t:|1729978758\n|switch|p2b: Luis Carruthers|Whimsicott, L50, M, shiny|100\/100\n|turn|2\n|\n|t:|1729978772\n|switch|p1b: Rillaboom|Rillaboom, L50, M|100\/100\n|-fieldstart|move: Grassy Terrain|[from] ability: Grassy Surge|[of] p1b: Rillaboom\n|move|p2b: Luis Carruthers|Encore|p1a: Sneasler\n|-start|p1a: Sneasler|Encore\n|move|p1a: Sneasler|Fake Out||[still]\n|-hint|Fake Out only works on your first turn out.\n|-fail|p1a: Sneasler\n|move|p2a: Timothy Bryce|Triple Arrows|p1b: Rillaboom\n|-crit|p1b: Rillaboom\n|-damage|p1b: Rillaboom|29\/100\n|\n|-heal|p1b: Rillaboom|34\/100|[from] Grassy Terrain\n|-heal|p2a: Timothy Bryce|88\/100|[from] Grassy Terrain\n|upkeep\n|turn|3\n|\n|t:|1729978797\n|switch|p1a: Typhlosion|Typhlosion-Hisui, L50, M|100\/100\n|-item|p2a: Timothy Bryce|Razor Claw|[from] ability: Frisk|[of] p1a: Typhlosion\n|-item|p2b: Luis Carruthers|Covert Cloak|[from] ability: Frisk|[of] p1a: Typhlosion\n|move|p1b: Rillaboom|Fake Out|p2b: Luis Carruthers\n|-damage|p2b: Luis Carruthers|84\/100\n|move|p2b: Luis Carruthers|Tailwind|p2b: Luis Carruthers\n|-sidestart|p2: OSAMABINGETINLADIN|move: Tailwind\n|move|p2a: Timothy Bryce|Triple Arrows|p1b: Rillaboom\n|-damage|p1b: Rillaboom|0 fnt\n|faint|p1b: Rillaboom\n|\n|-heal|p2b: Luis Carruthers|90\/100|[from] Grassy Terrain\n|-heal|p2a: Timothy Bryce|94\/100|[from] Grassy Terrain\n|upkeep\n|\n|t:|1729978809\n|switch|p1b: Sneasler|Sneasler, L50, F|100\/100\n|turn|4\n|j| dahlia_tony\n|\n|t:|1729978824\n|move|p1b: Sneasler|Fake Out|p2a: Timothy Bryce\n|-crit|p2a: Timothy Bryce\n|-damage|p2a: Timothy Bryce|65\/100\n|move|p2b: Luis Carruthers|Moonblast|p1b: Sneasler\n|-damage|p1b: Sneasler|63\/100\n|cant|p2a: Timothy Bryce|flinch\n|move|p1a: Typhlosion|Heat Wave|p2b: Luis Carruthers|[spread] p2a,p2b\n|-resisted|p2a: Timothy Bryce\n|-supereffective|p2b: Luis Carruthers\n|-damage|p2a: Timothy Bryce|42\/100\n|-damage|p2b: Luis Carruthers|0 fnt\n|faint|p2b: Luis Carruthers\n|\n|-heal|p2a: Timothy Bryce|48\/100|[from] Grassy Terrain\n|-heal|p1b: Sneasler|69\/100|[from] Grassy Terrain\n|upkeep\n|\n|t:|1729978827\n|switch|p2b: Paul Allen|Sneasler, L50, M, shiny|100\/100\n|turn|5\n|inactive|pokequimico has 30 seconds left.\n|\n|t:|1729978861\n|-terastallize|p1b: Sneasler|Ghost\n|move|p2a: Timothy Bryce|Protect|p2a: Timothy Bryce\n|-singleturn|p2a: Timothy Bryce|Protect\n|move|p2b: Paul Allen|Throat Chop|p1a: Typhlosion\n|-supereffective|p1a: Typhlosion\n|-crit|p1a: Typhlosion\n|-damage|p1a: Typhlosion|0 fnt\n|faint|p1a: Typhlosion\n|move|p1b: Sneasler|Close Combat|p2a: Timothy Bryce\n|-activate|p2a: Timothy Bryce|move: Protect\n|\n|-heal|p2a: Timothy Bryce|54\/100|[from] Grassy Terrain\n|-heal|p1b: Sneasler|75\/100|[from] Grassy Terrain\n|upkeep\n|\n|t:|1729978867\n|switch|p1a: Dragonite|Dragonite, L50, M|100\/100\n|turn|6\n|\n|t:|1729978875\n|move|p2b: Paul Allen|Dire Claw|p1a: Dragonite\n|-damage|p1a: Dragonite|78\/100\n|-status|p1a: Dragonite|slp\n|move|p2a: Timothy Bryce|Leaf Blade|p1b: Sneasler\n|-damage|p1b: Sneasler|0 fnt\n|faint|p1b: Sneasler\n|cant|p1a: Dragonite|slp\n|\n|-heal|p2a: Timothy Bryce|60\/100|[from] Grassy Terrain\n|-sideend|p2: OSAMABINGETINLADIN|move: Tailwind\n|-fieldend|move: Grassy Terrain\n|upkeep\n|turn|7\n|c|\u2606OSAMABINGETINLADIN|shhhhh\n|c|\u2606OSAMABINGETINLADIN|hes sleeping\n|c| dahlia_tony|F\n|c|\u2606OSAMABINGETINLADIN|SHEEE\n|inactive|OSAMABINGETINLADIN has 30 seconds left.\n|c|\u2606OSAMABINGETINLADIN|HES SLEEPING\n|inactive|OSAMABINGETINLADIN has 20 seconds left.\n|\n|t:|1729978914\n|move|p2b: Paul Allen|Dire Claw|p1a: Dragonite\n|-damage|p1a: Dragonite|30\/100 slp\n|cant|p1a: Dragonite|slp\n|move|p2a: Timothy Bryce|Triple Arrows|p1a: Dragonite\n|-resisted|p1a: Dragonite\n|-damage|p1a: Dragonite|8\/100 slp\n|\n|upkeep\n|turn|8\n|-message|pokequimico forfeited.\n|\n|win|OSAMABINGETINLADIN\n|raw|pokequimico's rating: 1710 &rarr; <strong>1695<\/strong><br \/>(-15 for losing)\n|raw|OSAMABINGETINLADIN's rating: 1800 &rarr; <strong>1815<\/strong><br \/>(+15 for winning)\n|l|\u2606pokequimico\n|player|p1|\n|l| dahlia_tony\n|l|\u2606OSAMABINGETINLADIN\n|player|p2|\n","uploadtime":1729979169,"views":13,"formatid":"gen9vgc2024regh","rating":1695,"private":0,"password":null}