{"id":"gen9vgc2024regh-2231007190","format":"[Gen 9] VGC 2024 Reg H","players":["tep0914","dalas91"],"log":"|j|\u2606tep0914\n|j|\u2606dalas91\n|t:|1729898230\n|gametype|doubles\n|player|p1|tep0914|li|1724\n|player|p2|dalas91|dragontamer|1728\n|teamsize|p1|6\n|teamsize|p2|6\n|gen|9\n|tier|[Gen 9] VGC 2024 Reg H\n|rated|\n|rule|Species Clause: Limit one of each Pok\u00e9mon\n|rule|Item Clause: Limit 1 of each item\n|clearpoke\n|poke|p1|Dondozo, L50, F|\n|poke|p1|Tatsugiri-Droopy, L50, M|\n|poke|p1|Weezing, L50, M|\n|poke|p1|Tauros-Paldea-Blaze, L50, M|\n|poke|p1|Palafin, L50, M|\n|poke|p1|Amoonguss, L50, F|\n|poke|p2|Archaludon, L50, M|\n|poke|p2|Whimsicott, L50, F|\n|poke|p2|Incineroar, L50, F|\n|poke|p2|Milotic, L50, F|\n|poke|p2|Annihilape, L50, F|\n|poke|p2|Basculegion, L50, M|\n|teampreview|4\n|inactive|Battle timer is ON: inactive players will automatically lose when time's up. (requested by tep0914)\n|inactive|dalas91 has 60 seconds left.\n|j| plplk\n|inactive|dalas91 has 30 seconds left.\n|\n|t:|1729898308\n|start\n|switch|p1a: Weezing|Weezing, L50, M|100\/100\n|switch|p1b: Tauros|Tauros-Paldea-Blaze, L50, M|100\/100\n|switch|p2a: Milotic|Milotic, L50, F|100\/100\n|switch|p2b: Annihilape|Annihilape, L50, F|100\/100\n|-ability|p1a: Weezing|Neutralizing Gas\n|-block|p1b: Tauros|item: Ability Shield\n|-ability|p1b: Tauros|Intimidate|boost\n|-unboost|p2a: Milotic|atk|1\n|-unboost|p2b: Annihilape|atk|1\n|turn|1\n|\n|t:|1729898329\n|move|p2b: Annihilape|Final Gambit|p1a: Weezing\n|-damage|p1a: Weezing|0 fnt\n|faint|p2b: Annihilape\n|faint|p1a: Weezing\n|-end|p1a: Weezing|ability: Neutralizing Gas\n|move|p1b: Tauros|Wild Charge|p2a: Milotic\n|-supereffective|p2a: Milotic\n|-damage|p2a: Milotic|54\/100\n|-damage|p1b: Tauros|86\/100|[from] Recoil\n|move|p2a: Milotic|Muddy Water|p1b: Tauros\n|-supereffective|p1b: Tauros\n|-crit|p1b: Tauros\n|-damage|p1b: Tauros|0 fnt\n|faint|p1b: Tauros\n|\n|-status|p2a: Milotic|brn|[from] item: Flame Orb\n|upkeep\n|inactive|dalas91 has 30 seconds left.\n|\n|t:|1729898361\n|switch|p1b: Tatsugiri|Tatsugiri-Droopy, L50, M|100\/100\n|switch|p2b: Whimsicott|Whimsicott, L50, F|100\/100\n|switch|p1a: Dondozo|Dondozo, L50, F|100\/100\n|-activate|p1b: Tatsugiri|ability: Commander|[of] p1a: Dondozo\n|-boost|p1a: Dondozo|atk|2\n|-boost|p1a: Dondozo|spa|2\n|-boost|p1a: Dondozo|spe|2\n|-boost|p1a: Dondozo|def|2\n|-boost|p1a: Dondozo|spd|2\n|turn|2\n|\n|t:|1729898381\n|move|p2b: Whimsicott|Tailwind|p2b: Whimsicott\n|-sidestart|p2: dalas91|move: Tailwind\n|move|p2a: Milotic|Haze|p2a: Milotic\n|-clearallboost\n|move|p1a: Dondozo|Order Up|p2a: Milotic\n|-damage|p2a: Milotic|46\/100 brn\n|-boost|p1a: Dondozo|def|1\n|\n|-damage|p2a: Milotic|40\/100 brn|[from] brn\n|upkeep\n|turn|3\n|\n|t:|1729898399\n|-terastallize|p2a: Milotic|Fairy\n|move|p2b: Whimsicott|Encore|p1a: Dondozo\n|-start|p1a: Dondozo|Encore\n|move|p2a: Milotic|Alluring Voice|p1a: Dondozo\n|-damage|p1a: Dondozo|82\/100\n|move|p1a: Dondozo|Order Up|p2a: Milotic\n|-immune|p2a: Milotic\n|\n|-heal|p1a: Dondozo|88\/100|[from] item: Leftovers\n|-damage|p2a: Milotic|34\/100 brn|[from] brn\n|upkeep\n|turn|4\n|l| plplk\n|inactive|tep0914 has 30 seconds left.\n|\n|t:|1729898428\n|move|p2b: Whimsicott|Moonblast|p1a: Dondozo\n|-damage|p1a: Dondozo|67\/100\n|move|p2a: Milotic|Life Dew||[still]|[spread] p2a,p2b\n|-heal|p2a: Milotic|59\/100 brn\n|-fail|p2b: Whimsicott|heal\n|move|p1a: Dondozo|Order Up|p2b: Whimsicott\n|-immune|p2b: Whimsicott\n|\n|-heal|p1a: Dondozo|73\/100|[from] item: Leftovers\n|-damage|p2a: Milotic|53\/100 brn|[from] brn\n|upkeep\n|turn|5\n|\n|t:|1729898445\n|move|p2b: Whimsicott|Moonblast|p1a: Dondozo\n|-damage|p1a: Dondozo|52\/100\n|-unboost|p1a: Dondozo|spa|1\n|move|p2a: Milotic|Life Dew||[still]|[spread] p2a,p2b\n|-heal|p2a: Milotic|79\/100 brn\n|-fail|p2b: Whimsicott|heal\n|move|p1a: Dondozo|Order Up|p2b: Whimsicott\n|-immune|p2b: Whimsicott\n|\n|-heal|p1a: Dondozo|58\/100|[from] item: Leftovers\n|-damage|p2a: Milotic|73\/100 brn|[from] brn\n|-end|p1a: Dondozo|Encore\n|-sideend|p2: dalas91|move: Tailwind\n|upkeep\n|turn|6\n|\n|t:|1729898466\n|switch|p2a: Incineroar|Incineroar, L50, F|100\/100\n|-ability|p2a: Incineroar|Intimidate|boost\n|-unboost|p1a: Dondozo|atk|1\n|-unboost|p1b: Tatsugiri|atk|1\n|move|p2b: Whimsicott|Encore|p1a: Dondozo\n|-start|p1a: Dondozo|Encore\n|move|p1a: Dondozo|Order Up|p2b: Whimsicott\n|-immune|p2b: Whimsicott\n|\n|-heal|p1a: Dondozo|65\/100|[from] item: Leftovers\n|upkeep\n|turn|7\n|\n|t:|1729898485\n|switch|p2a: Milotic|Milotic, L50, F, tera:Fairy|73\/100 brn\n|move|p2b: Whimsicott|Moonblast|p1a: Dondozo\n|-damage|p1a: Dondozo|44\/100\n|move|p1a: Dondozo|Order Up|p2a: Milotic\n|-immune|p2a: Milotic\n|\n|-heal|p1a: Dondozo|50\/100|[from] item: Leftovers\n|-damage|p2a: Milotic|67\/100 brn|[from] brn\n|upkeep\n|turn|8\n|j| plplk\n|\n|t:|1729898501\n|move|p2b: Whimsicott|Moonblast|p1a: Dondozo\n|-damage|p1a: Dondozo|29\/100\n|move|p2a: Milotic|Alluring Voice|p1a: Dondozo\n|-crit|p1a: Dondozo\n|-damage|p1a: Dondozo|3\/100\n|move|p1a: Dondozo|Order Up|p2a: Milotic\n|-immune|p2a: Milotic\n|\n|-heal|p1a: Dondozo|9\/100|[from] item: Leftovers\n|-damage|p2a: Milotic|61\/100 brn|[from] brn\n|-end|p1a: Dondozo|Encore\n|upkeep\n|turn|9\n|l| plplk\n|\n|t:|1729898517\n|move|p2b: Whimsicott|Moonblast|p1a: Dondozo\n|-damage|p1a: Dondozo|0 fnt\n|faint|p1a: Dondozo\n|move|p2a: Milotic|Alluring Voice|p1b: Tatsugiri\n|-supereffective|p1b: Tatsugiri\n|-damage|p1b: Tatsugiri|25\/100\n|\n|-damage|p2a: Milotic|55\/100 brn|[from] brn\n|upkeep\n|turn|10\n|\n|t:|1729898535\n|move|p2b: Whimsicott|Tailwind|p2b: Whimsicott\n|-sidestart|p2: dalas91|move: Tailwind\n|move|p2a: Milotic|Alluring Voice|p1b: Tatsugiri\n|-supereffective|p1b: Tatsugiri\n|-damage|p1b: Tatsugiri|0 fnt\n|faint|p1b: Tatsugiri\n|\n|win|dalas91\n|raw|tep0914's rating: 1724 &rarr; <strong>1704<\/strong><br \/>(-20 for losing)\n|raw|dalas91's rating: 1728 &rarr; <strong>1748<\/strong><br \/>(+20 for winning)\n|j| Juliana is my name\n|l|\u2606tep0914\n|player|p1|\n|l|\u2606dalas91\n|player|p2|\n|j|\u2606dalas91\n|player|p2|dalas91|dragontamer|\n|l|\u2606dalas91\n|player|p2|\n|c| Juliana is my name|2024-10-26 07:28:58\n","uploadtime":1729898547,"views":27,"formatid":"gen9vgc2024regh","rating":1704,"private":0,"password":null}