{"id":"gen9vgc2024regh-2231975198","format":"[Gen 9] VGC 2024 Reg H","players":["superpowerpoke","mathy271"],"log":"|j|\u2606superpowerpoke\n|j|\u2606mathy271\n|t:|1730042428\n|gametype|doubles\n|player|p1|superpowerpoke|2|1784\n|player|p2|mathy271|cynthia-gen4|1683\n|teamsize|p1|6\n|teamsize|p2|6\n|gen|9\n|tier|[Gen 9] VGC 2024 Reg H\n|rated|\n|rule|Species Clause: Limit one of each Pok\u00e9mon\n|rule|Item Clause: Limit 1 of each item\n|clearpoke\n|poke|p1|Gholdengo, L50|\n|poke|p1|Ninetales-Alola, L50, F|\n|poke|p1|Ursaluna-Bloodmoon, L50, M|\n|poke|p1|Dondozo, L50, M|\n|poke|p1|Annihilape, L50, M|\n|poke|p1|Incineroar, L50, F|\n|poke|p2|Tyranitar, L50, F|\n|poke|p2|Excadrill, L50, F|\n|poke|p2|Primarina, L50, F|\n|poke|p2|Gothitelle, L50, F|\n|poke|p2|Incineroar, L50, F|\n|poke|p2|Gholdengo, L50|\n|teampreview|4\n|j| I like Glaceon yay\nsuperpowerpoke rejected open team sheets.\n|\n|t:|1730042549\n|start\n|switch|p1a: Annihilape|Annihilape, L50, M|100\/100\n|switch|p1b: Ursaluna|Ursaluna-Bloodmoon, L50, M|100\/100\n|switch|p2a: Primarina|Primarina, L50, F|100\/100\n|switch|p2b: Excadrill|Excadrill, L50, F|100\/100\n|turn|1\n|\n|t:|1730042587\n|-terastallize|p1b: Ursaluna|Ghost\n|move|p2b: Excadrill|Protect|p2b: Excadrill\n|-singleturn|p2b: Excadrill|Protect\n|move|p2a: Primarina|Protect|p2a: Primarina\n|-singleturn|p2a: Primarina|Protect\n|move|p1a: Annihilape|Drain Punch|p2b: Excadrill\n|-activate|p2b: Excadrill|move: Protect\n|move|p1b: Ursaluna|Blood Moon|p2a: Primarina\n|-activate|p2a: Primarina|move: Protect\n|\n|upkeep\n|turn|2\n|l| I like Glaceon yay\n|\n|t:|1730042642\n|switch|p2b: Gholdengo|Gholdengo, L50|100\/100\n|move|p1a: Annihilape|Rage Fist|p2a: Primarina\n|-damage|p2a: Primarina|76\/100\n|move|p2a: Primarina|Moonblast|p1a: Annihilape\n|-supereffective|p1a: Annihilape\n|-damage|p1a: Annihilape|29\/100\n|-unboost|p1a: Annihilape|spa|1\n|-ability|p1a: Annihilape|Defiant|boost\n|-boost|p1a: Annihilape|atk|2\n|move|p1b: Ursaluna|Hyper Voice|p2a: Primarina|[spread] p2a,p2b\n|-resisted|p2b: Gholdengo\n|-damage|p2a: Primarina|44\/100\n|-damage|p2b: Gholdengo|77\/100\n|\n|-heal|p1a: Annihilape|36\/100|[from] item: Leftovers\n|upkeep\n|turn|3\n|\n|t:|1730042674\n|move|p2b: Gholdengo|Make It Rain|p1a: Annihilape|[spread] p1a,p1b\n|-damage|p1a: Annihilape|0 fnt\n|-damage|p1b: Ursaluna|54\/100\n|-unboost|p2b: Gholdengo|spa|1\n|faint|p1a: Annihilape\n|move|p2a: Primarina|Hyper Voice|p1b: Ursaluna\n|-damage|p1b: Ursaluna|20\/100\n|-enditem|p2a: Primarina|Throat Spray\n|-boost|p2a: Primarina|spa|1|[from] item: Throat Spray\n|move|p1b: Ursaluna|Earth Power|p2b: Gholdengo\n|-supereffective|p2b: Gholdengo\n|-damage|p2b: Gholdengo|0 fnt\n|faint|p2b: Gholdengo\n|\n|upkeep\n|\n|t:|1730042687\n|switch|p2b: Tyranitar|Tyranitar, L50, F|100\/100\n|switch|p1a: Gholdengo|Gholdengo, L50|100\/100\n|-weather|Sandstorm|[from] ability: Sand Stream|[of] p2b: Tyranitar\n|turn|4\n|\n|t:|1730042706\n|move|p2a: Primarina|Protect|p2a: Primarina\n|-singleturn|p2a: Primarina|Protect\n|move|p1b: Ursaluna|Vacuum Wave|p2b: Tyranitar\n|-supereffective|p2b: Tyranitar\n|-damage|p2b: Tyranitar|55\/100\n|move|p1a: Gholdengo|Make It Rain|p2a: Primarina|[spread] p2b\n|-activate|p2a: Primarina|move: Protect\n|-supereffective|p2b: Tyranitar\n|-damage|p2b: Tyranitar|0 fnt\n|-unboost|p1a: Gholdengo|spa|1\n|faint|p2b: Tyranitar\n|\n|-weather|Sandstorm|[upkeep]\n|-damage|p2a: Primarina|38\/100|[from] Sandstorm\n|-damage|p1b: Ursaluna|14\/100|[from] Sandstorm\n|upkeep\n|\n|t:|1730042720\n|switch|p2b: Excadrill|Excadrill, L50, F|100\/100\n|turn|5\n|\n|t:|1730042755\n|switch|p1a: Ninetales|Ninetales-Alola, L50, F|100\/100\n|-weather|Snow|[from] ability: Snow Warning|[of] p1a: Ninetales\n|move|p1b: Ursaluna|Vacuum Wave|p2b: Excadrill\n|-supereffective|p2b: Excadrill\n|-damage|p2b: Excadrill|64\/100\n|move|p2b: Excadrill|High Horsepower|p1a: Ninetales\n|-damage|p1a: Ninetales|46\/100\n|move|p2a: Primarina|Hyper Voice|p1a: Ninetales|[spread] p1a,p1b\n|-damage|p1a: Ninetales|0 fnt\n|-damage|p1b: Ursaluna|0 fnt\n|faint|p1a: Ninetales\n|faint|p1b: Ursaluna\n|\n|-weather|Snow|[upkeep]\n|upkeep\n|\n|t:|1730042768\n|switch|p1b: Gholdengo|Gholdengo, L50|100\/100\n|turn|6\n|\n|t:|1730042784\n|move|p2b: Excadrill|Protect|p2b: Excadrill\n|-singleturn|p2b: Excadrill|Protect\n|move|p2a: Primarina|Protect|p2a: Primarina\n|-singleturn|p2a: Primarina|Protect\n|move|p1b: Gholdengo|Shadow Ball|p2b: Excadrill\n|-activate|p2b: Excadrill|move: Protect\n|\n|-weather|Snow|[upkeep]\n|upkeep\n|turn|7\n|\n|t:|1730042811\n|move|p1b: Gholdengo|Shadow Ball|p2b: Excadrill\n|-crit|p2b: Excadrill\n|-damage|p2b: Excadrill|0 fnt\n|faint|p2b: Excadrill\n|move|p2a: Primarina|Hyper Voice|p1b: Gholdengo\n|-damage|p1b: Gholdengo|12\/100\n|\n|-weather|Snow|[upkeep]\n|upkeep\n|turn|8\n|\n|t:|1730042826\n|move|p1b: Gholdengo|Shadow Ball|p2a: Primarina\n|-damage|p2a: Primarina|0 fnt\n|faint|p2a: Primarina\n|\n|win|superpowerpoke\n|raw|superpowerpoke's rating: 1784 &rarr; <strong>1798<\/strong><br \/>(+14 for winning)\n|raw|mathy271's rating: 1683 &rarr; <strong>1669<\/strong><br \/>(-14 for losing)\n|l|\u2606mathy271\n|player|p2|\n","uploadtime":1730043065,"views":12,"formatid":"gen9vgc2024regh","rating":1669,"private":0,"password":null}