{"id":"gen9vgc2024regh-2231994966","format":"[Gen 9] VGC 2024 Reg H","players":["DV8D","Draxolotl"],"log":"|j|\u2606DV8D\n|j|\u2606Draxolotl\n|t:|1730044774\n|gametype|doubles\n|player|p1|DV8D|red|1735\n|player|p2|Draxolotl|cynthia-masters3|1782\n|teamsize|p1|6\n|teamsize|p2|6\n|gen|9\n|tier|[Gen 9] VGC 2024 Reg H\n|rated|\n|rule|Species Clause: Limit one of each Pok\u00e9mon\n|rule|Item Clause: Limit 1 of each item\n|clearpoke\n|poke|p1|Sneasler, L50, F|\n|poke|p1|Magmar, L50, F|\n|poke|p1|Kingambit, L50, F|\n|poke|p1|Garchomp, L50, M|\n|poke|p1|Ninetales-Alola, L50, F|\n|poke|p1|Corviknight, L50, M|\n|poke|p2|Rillaboom, L50, F|\n|poke|p2|Volcarona, L50, M|\n|poke|p2|Ninetales-Alola, L50, F|\n|poke|p2|Tauros-Paldea-Aqua, L50, M|\n|poke|p2|Archaludon, L50, M|\n|poke|p2|Kingambit, L50, M|\n|teampreview|4\n|inactive|Battle timer is ON: inactive players will automatically lose when time's up. (requested by Draxolotl)\n|inactive|DV8D has 60 seconds left.\n|\n|t:|1730044828\n|start\n|switch|p1a: Sneasler|Sneasler, L50, F, shiny|100\/100\n|switch|p1b: Corviknight|Corviknight, L50, M, shiny|100\/100\n|switch|p2a: Volcarona|Volcarona, L50, M|100\/100\n|switch|p2b: Tauros|Tauros-Paldea-Aqua, L50, M|100\/100\n|-ability|p2b: Tauros|Intimidate|boost\n|-unboost|p1a: Sneasler|atk|1\n|-ability|p1b: Corviknight|Mirror Armor\n|-unboost|p2b: Tauros|atk|1\n|turn|1\n|j| WZ6\n|inactive|DV8D has 30 seconds left.\n|\n|t:|1730044856\n|-terastallize|p1b: Corviknight|Fire\n|move|p2a: Volcarona|Heat Wave|p1a: Sneasler|[spread] p1a,p1b\n|-resisted|p1b: Corviknight\n|-damage|p1a: Sneasler|48\/100\n|-damage|p1b: Corviknight|84\/100\n|move|p1a: Sneasler|Coaching|p1b: Corviknight\n|-boost|p1b: Corviknight|atk|1\n|-boost|p1b: Corviknight|def|1\n|-enditem|p2b: Tauros|Mirror Herb\n|-boost|p2b: Tauros|atk|1|[from] item: Mirror Herb\n|-boost|p2b: Tauros|def|1|[from] item: Mirror Herb\n|move|p2b: Tauros|Wave Crash|p1a: Sneasler\n|-damage|p1a: Sneasler|0 fnt\n|faint|p1a: Sneasler\n|-damage|p2b: Tauros|85\/100|[from] Recoil\n|move|p1b: Corviknight|Brave Bird|p2b: Tauros\n|-supereffective|p2b: Tauros\n|-damage|p2b: Tauros|0 fnt\n|faint|p2b: Tauros\n|-damage|p1b: Corviknight|63\/100|[from] Recoil\n|\n|upkeep\n|\n|t:|1730044878\n|switch|p1a: Magmar|Magmar, L50, F, shiny|100\/100\n|switch|p2b: Archaludon|Archaludon, L50, M|100\/100\n|turn|2\n|\n|t:|1730044887\n|-terastallize|p2b: Archaludon|Electric\n|move|p1a: Magmar|Follow Me|p1a: Magmar\n|-singleturn|p1a: Magmar|move: Follow Me\n|move|p2a: Volcarona|Heat Wave|p1a: Magmar|[spread] p1b\n|-miss|p2a: Volcarona|p1a: Magmar\n|-resisted|p1b: Corviknight\n|-damage|p1b: Corviknight|45\/100\n|-enditem|p1b: Corviknight|Sitrus Berry|[eat]\n|-heal|p1b: Corviknight|70\/100|[from] item: Sitrus Berry\n|move|p2b: Archaludon|Electro Shot||[still]\n|-prepare|p2b: Archaludon|Electro Shot\n|-boost|p2b: Archaludon|spa|1\n|-enditem|p2b: Archaludon|Power Herb\n|-anim|p2b: Archaludon|Electro Shot|p1a: Magmar\n|-damage|p1a: Magmar|30\/100\n|move|p1b: Corviknight|Bulk Up|p1b: Corviknight\n|-boost|p1b: Corviknight|atk|1\n|-boost|p1b: Corviknight|def|1\n|\n|upkeep\n|turn|3\n|inactive|DV8D has 30 seconds left.\n|l| WZ6\n|\n|t:|1730044917\n|switch|p2a: Ninetales|Ninetales-Alola, L50, F|100\/100\n|-weather|Snow|[from] ability: Snow Warning|[of] p2a: Ninetales\n|move|p1a: Magmar|Follow Me|p1a: Magmar\n|-singleturn|p1a: Magmar|move: Follow Me\n|move|p2b: Archaludon|Thunderbolt|p1a: Magmar\n|-damage|p1a: Magmar|0 fnt\n|faint|p1a: Magmar\n|move|p1b: Corviknight|Body Press|p2b: Archaludon\n|-damage|p2b: Archaludon|61\/100\n|\n|-weather|Snow|[upkeep]\n|upkeep\n|\n|t:|1730044930\n|switch|p1a: Kingambit|Kingambit, L50, F, shiny|100\/100\n|turn|4\n|\n|t:|1730044943\n|move|p2b: Archaludon|Protect|p2b: Archaludon\n|-singleturn|p2b: Archaludon|Protect\n|move|p1a: Kingambit|Sucker Punch||[still]\n|-fail|p1a: Kingambit\n|move|p2a: Ninetales|Encore|p1b: Corviknight\n|-start|p1b: Corviknight|Encore\n|move|p1b: Corviknight|Body Press|p2b: Archaludon\n|-activate|p2b: Archaludon|move: Protect\n|\n|-weather|Snow|[upkeep]\n|upkeep\n|turn|5\n|\n|t:|1730044958\n|move|p2a: Ninetales|Disable|p1b: Corviknight\n|-start|p1b: Corviknight|Disable|Body Press\n|move|p2b: Archaludon|Draco Meteor|p1b: Corviknight\n|-damage|p1b: Corviknight|0 fnt\n|-unboost|p2b: Archaludon|spa|2\n|faint|p1b: Corviknight\n|move|p1a: Kingambit|Kowtow Cleave|p2b: Archaludon\n|-damage|p2b: Archaludon|17\/100\n|\n|-weather|Snow|[upkeep]\n|upkeep\n|turn|6\n|\n|t:|1730044974\n|move|p2a: Ninetales|Encore|p1a: Kingambit\n|-start|p1a: Kingambit|Encore\n|move|p2b: Archaludon|Thunderbolt|p1a: Kingambit\n|-damage|p1a: Kingambit|79\/100\n|move|p1a: Kingambit|Kowtow Cleave|p2a: Ninetales\n|-resisted|p2a: Ninetales\n|-damage|p2a: Ninetales|79\/100\n|\n|-weather|Snow|[upkeep]\n|upkeep\n|turn|7\n|\n|t:|1730044985\n|switch|p2b: Volcarona|Volcarona, L50, M|100\/100\n|move|p2a: Ninetales|Disable|p1a: Kingambit\n|-start|p1a: Kingambit|Disable|Kowtow Cleave\n|cant|p1a: Kingambit|Disable|Kowtow Cleave\n|\n|-weather|none\n|upkeep\n|turn|8\n|-message|DV8D forfeited.\n|\n|win|Draxolotl\n|raw|DV8D's rating: 1735 &rarr; <strong>1718<\/strong><br \/>(-17 for losing)\n|raw|Draxolotl's rating: 1782 &rarr; <strong>1799<\/strong><br \/>(+17 for winning)\n|l|\u2606DV8D\n|player|p1|\n|l|\u2606Draxolotl\n|player|p2|\n","uploadtime":1730045219,"views":41,"formatid":"gen9vgc2024regh","rating":1718,"private":0,"password":null}