{"id":"gen9vgc2024regh-2231575832","format":"[Gen 9] VGC 2024 Reg H","players":["arkjsmith","chiitancrazymascot"],"log":"|j|\u2606arkjsmith\n|j|\u2606chiitancrazymascot\n|t:|1729979332\n|gametype|doubles\n|player|p1|arkjsmith|roxie|1718\n|player|p2|chiitancrazymascot|pokemaniac|1699\n|teamsize|p1|6\n|teamsize|p2|6\n|gen|9\n|tier|[Gen 9] VGC 2024 Reg H\n|rated|\n|rule|Species Clause: Limit one of each Pok\u00e9mon\n|rule|Item Clause: Limit 1 of each item\n|clearpoke\n|poke|p1|Farigiraf, L50, F|\n|poke|p1|Maushold, L50|\n|poke|p1|Electivire, L50, F|\n|poke|p1|Ursaluna-Bloodmoon, L50, M|\n|poke|p1|Torkoal, L50, F|\n|poke|p1|Indeedee-F, L50, F|\n|poke|p2|Annihilape, L50, F|\n|poke|p2|Dondozo, L50, M|\n|poke|p2|Maushold-Four, L50|\n|poke|p2|Gholdengo, L50|\n|poke|p2|Whimsicott, L50, M|\n|poke|p2|Tatsugiri, L50, M|\n|teampreview|4\n|inactive|Battle timer is ON: inactive players will automatically lose when time's up. (requested by chiitancrazymascot)\n|inactive|arkjsmith also wants the timer to be on.\n|\n|t:|1729979347\n|start\n|switch|p1a: Maushold|Maushold, L50|100\/100\n|switch|p1b: Calypso|Farigiraf, L50, F, shiny|100\/100\n|switch|p2a: Maushold|Maushold-Four, L50|100\/100\n|switch|p2b: Annihilape|Annihilape, L50, F, shiny|100\/100\n|turn|1\n|j| mr pogostick\n|l| mr pogostick\n|\n|t:|1729979357\n|-terastallize|p1a: Maushold|Ghost\n|move|p1a: Maushold|Follow Me|p1a: Maushold\n|-singleturn|p1a: Maushold|move: Follow Me\n|move|p2a: Maushold|Taunt|p1a: Maushold\n|-start|p1a: Maushold|move: Taunt\n|move|p2b: Annihilape|Bulk Up|p2b: Annihilape\n|-boost|p2b: Annihilape|atk|1\n|-boost|p2b: Annihilape|def|1\n|move|p1b: Calypso|Trick Room|p1b: Calypso\n|-fieldstart|move: Trick Room|[of] p1b: Calypso\n|\n|upkeep\n|turn|2\n|\n|t:|1729979372\n|move|p2a: Maushold|Protect|p2a: Maushold\n|-singleturn|p2a: Maushold|Protect\n|move|p1b: Calypso|Expanding Force|p2b: Annihilape\n|-supereffective|p2b: Annihilape\n|-damage|p2b: Annihilape|57\/100\n|move|p2b: Annihilape|Bulk Up|p2b: Annihilape\n|-boost|p2b: Annihilape|atk|1\n|-boost|p2b: Annihilape|def|1\n|move|p1a: Maushold|Population Bomb|p2a: Maushold\n|-activate|p2a: Maushold|move: Protect\n|\n|upkeep\n|turn|3\n|inactive|chiitancrazymascot has 30 seconds left.\n|\n|t:|1729979405\n|move|p1b: Calypso|Protect|p1b: Calypso\n|-singleturn|p1b: Calypso|Protect\n|move|p2a: Maushold|Follow Me|p2a: Maushold\n|-singleturn|p2a: Maushold|move: Follow Me\n|move|p2b: Annihilape|Drain Punch|p1b: Calypso\n|-activate|p1b: Calypso|move: Protect\n|move|p1a: Maushold|Population Bomb|p2a: Maushold\n|-damage|p2a: Maushold|85\/100\n|-damage|p2a: Maushold|68\/100\n|-damage|p2a: Maushold|52\/100\n|-damage|p2a: Maushold|34\/100\n|-damage|p2a: Maushold|19\/100\n|-damage|p2a: Maushold|2\/100\n|-damage|p2a: Maushold|0 fnt\n|faint|p2a: Maushold\n|-hitcount|p2: Maushold|7\n|\n|upkeep\n|\n|t:|1729979409\n|switch|p2a: Dondozo|Dondozo, L50, M, shiny|100\/100\n|turn|4\n|\n|t:|1729979417\n|-terastallize|p2b: Annihilape|Fire\n|move|p1b: Calypso|Expanding Force|p2b: Annihilape\n|-damage|p2b: Annihilape|25\/100\n|-enditem|p2b: Annihilape|Sitrus Berry|[eat]\n|-heal|p2b: Annihilape|50\/100|[from] item: Sitrus Berry\n|move|p2a: Dondozo|Wave Crash|p1b: Calypso\n|-damage|p1b: Calypso|34\/100\n|-damage|p2a: Dondozo|80\/100|[from] Recoil\n|move|p2b: Annihilape|Rage Fist|p1a: Maushold\n|-supereffective|p1a: Maushold\n|-damage|p1a: Maushold|0 fnt\n|faint|p1a: Maushold\n|\n|-heal|p2a: Dondozo|86\/100|[from] item: Leftovers\n|upkeep\n|\n|t:|1729979429\n|switch|p1a: Gladys|Torkoal, L50, F|100\/100\n|-weather|SunnyDay|[from] ability: Drought|[of] p1a: Gladys\n|turn|5\n|\n|t:|1729979433\n|move|p2a: Dondozo|Protect|p2a: Dondozo\n|-singleturn|p2a: Dondozo|Protect\n|move|p2b: Annihilape|Protect|p2b: Annihilape\n|-singleturn|p2b: Annihilape|Protect\n|move|p1a: Gladys|Solar Beam||[still]\n|-prepare|p1a: Gladys|Solar Beam\n|-anim|p1a: Gladys|Solar Beam|p2a: Dondozo\n|-activate|p2a: Dondozo|move: Protect\n|move|p1b: Calypso|Hyper Voice|p2b: Annihilape|[spread] \n|-activate|p2a: Dondozo|move: Protect\n|-activate|p2b: Annihilape|move: Protect\n|\n|-weather|SunnyDay|[upkeep]\n|-heal|p2a: Dondozo|92\/100|[from] item: Leftovers\n|-fieldend|move: Trick Room\n|upkeep\n|turn|6\n|\n|t:|1729979439\n|move|p1b: Calypso|Protect|p1b: Calypso\n|-singleturn|p1b: Calypso|Protect\n|move|p2b: Annihilape|Drain Punch|p1b: Calypso\n|-activate|p1b: Calypso|move: Protect\n|move|p2a: Dondozo|Wave Crash|p1a: Gladys\n|-supereffective|p1a: Gladys\n|-crit|p1a: Gladys\n|-damage|p1a: Gladys|31\/100\n|-damage|p2a: Dondozo|75\/100|[from] Recoil\n|move|p1a: Gladys|Solar Beam||[still]\n|-prepare|p1a: Gladys|Solar Beam\n|-anim|p1a: Gladys|Solar Beam|p2a: Dondozo\n|-supereffective|p2a: Dondozo\n|-damage|p2a: Dondozo|0 fnt\n|faint|p2a: Dondozo\n|\n|-weather|SunnyDay|[upkeep]\n|upkeep\n|\n|t:|1729979443\n|switch|p2a: Tatsugiri|Tatsugiri, L50, M, shiny|100\/100\n|turn|7\n|\n|t:|1729979454\n|move|p2a: Tatsugiri|Draco Meteor|p1a: Gladys\n|-damage|p1a: Gladys|0 fnt\n|-unboost|p2a: Tatsugiri|spa|2\n|faint|p1a: Gladys\n|move|p2b: Annihilape|Drain Punch|p1b: Calypso\n|-damage|p1b: Calypso|0 fnt\n|-heal|p2b: Annihilape|66\/100|[from] drain|[of] p1b: Calypso\n|faint|p1b: Calypso\n|\n|-weather|SunnyDay|[upkeep]\n|upkeep\n|\n|t:|1729979457\n|switch|p1a: Pirate|Ursaluna-Bloodmoon, L50, M|100\/100\n|turn|8\n|\n|t:|1729979464\n|move|p2a: Tatsugiri|Draco Meteor|p1a: Pirate\n|-damage|p1a: Pirate|63\/100\n|-unboost|p2a: Tatsugiri|spa|2\n|move|p2b: Annihilape|Drain Punch|p1a: Pirate\n|-supereffective|p1a: Pirate\n|-damage|p1a: Pirate|0 fnt\n|-heal|p2b: Annihilape|98\/100|[from] drain|[of] p1a: Pirate\n|faint|p1a: Pirate\n|\n|win|chiitancrazymascot\n|raw|arkjsmith's rating: 1718 &rarr; <strong>1697<\/strong><br \/>(-21 for losing)\n|raw|chiitancrazymascot's rating: 1699 &rarr; <strong>1720<\/strong><br \/>(+21 for winning)\n|l|\u2606arkjsmith\n|player|p1|\n|l|\u2606chiitancrazymascot\n|player|p2|\n|j| vgvugv\n","uploadtime":1729979466,"views":12,"formatid":"gen9vgc2024regh","rating":1697,"private":0,"password":null}