{"id":"gen9vgc2024regh-2231177527","format":"[Gen 9] VGC 2024 Reg H","players":["Cellpab1","Shikanoko32"],"log":"|j|\u2606Cellpab1\n|j|\u2606Shikanoko32\n|t:|1729923559\n|gametype|doubles\n|player|p1|Cellpab1|266|1699\n|player|p2|Shikanoko32|102|1804\n|teamsize|p1|6\n|teamsize|p2|6\n|gen|9\n|tier|[Gen 9] VGC 2024 Reg H\n|rated|\n|rule|Species Clause: Limit one of each Pok\u00e9mon\n|rule|Item Clause: Limit 1 of each item\n|clearpoke\n|poke|p1|Weezing-Galar, L50, F|\n|poke|p1|Toedscruel, L50, F|\n|poke|p1|Garchomp, L50, M|\n|poke|p1|Corviknight, L50, F|\n|poke|p1|Typhlosion-Hisui, L50, F|\n|poke|p1|Kilowattrel, L50, M|\n|poke|p2|Incineroar, L50, M|\n|poke|p2|Rillaboom, L50, M|\n|poke|p2|Ninetales-Alola, L50, F|\n|poke|p2|Frosmoth, L50, M|\n|poke|p2|Maushold-Four, L50|\n|poke|p2|Annihilape, L50, M|\n|teampreview|4\n|inactive|Battle timer is ON: inactive players will automatically lose when time's up. (requested by Shikanoko32)\n|inactive|Cellpab1 has 60 seconds left.\n|\n|t:|1729923677\n|start\n|switch|p1a: Garchomp|Garchomp, L50, M|100\/100\n|switch|p1b: Kilowattrel|Kilowattrel, L50, M|100\/100\n|switch|p2a: Maushold|Maushold-Four, L50|100\/100\n|switch|p2b: Annihilape|Annihilape, L50, M|100\/100\n|turn|1\n|\n|t:|1729923698\n|move|p1b: Kilowattrel|Protect|p1b: Kilowattrel\n|-singleturn|p1b: Kilowattrel|Protect\n|move|p1a: Garchomp|Earthquake|p2a: Maushold|[spread] p2a,p2b\n|-activate|p1b: Kilowattrel|move: Protect\n|-damage|p2a: Maushold|57\/100\n|-damage|p2b: Annihilape|58\/100\n|-damage|p1a: Garchomp|91\/100|[from] item: Life Orb\n|move|p2a: Maushold|Beat Up|p2b: Annihilape\n|-damage|p2b: Annihilape|56\/100\n|-damage|p2b: Annihilape|55\/100\n|-damage|p2b: Annihilape|53\/100\n|-damage|p2b: Annihilape|50\/100\n|-enditem|p2b: Annihilape|Sitrus Berry|[eat]\n|-heal|p2b: Annihilape|75\/100|[from] item: Sitrus Berry\n|-hitcount|p2b: Annihilape|4\n|move|p2b: Annihilape|Rage Fist|p1a: Garchomp\n|-damage|p1a: Garchomp|0 fnt\n|-damage|p2b: Annihilape|63\/100|[from] ability: Rough Skin|[of] p1a: Garchomp\n|faint|p1a: Garchomp\n|\n|upkeep\n|\n|t:|1729923713\n|switch|p1a: Typhlosion|Typhlosion-Hisui, L50, F|100\/100\n|turn|2\n|inactive|Shikanoko32 has 30 seconds left.\n|\n|t:|1729923742\n|-terastallize|p1a: Typhlosion|Fire\n|-terastallize|p2a: Maushold|Water\n|move|p2a: Maushold|Follow Me|p2a: Maushold\n|-singleturn|p2a: Maushold|move: Follow Me\n|move|p1a: Typhlosion|Eruption|p2b: Annihilape|[spread] p2a,p2b\n|-resisted|p2a: Maushold\n|-crit|p2a: Maushold\n|-damage|p2a: Maushold|0 fnt\n|-damage|p2b: Annihilape|20\/100\n|faint|p2a: Maushold\n|move|p1b: Kilowattrel|Thunderbolt|p2b: Annihilape\n|-damage|p2b: Annihilape|0 fnt\n|faint|p2b: Annihilape\n|\n|upkeep\n|\n|t:|1729923757\n|switch|p2a: Incineroar|Incineroar, L50, M|100\/100\n|switch|p2b: Ninetales|Ninetales-Alola, L50, F|100\/100\n|-weather|Snow|[from] ability: Snow Warning|[of] p2b: Ninetales\n|-ability|p2a: Incineroar|Intimidate|boost\n|-unboost|p1a: Typhlosion|atk|1\n|-unboost|p1b: Kilowattrel|atk|1\n|-ability|p1b: Kilowattrel|Competitive|boost\n|-boost|p1b: Kilowattrel|spa|2\n|turn|3\n|inactive|Cellpab1 has 30 seconds left.\n|\n|t:|1729923791\n|move|p2a: Incineroar|Fake Out|p1a: Typhlosion\n|-damage|p1a: Typhlosion|86\/100\n|cant|p1a: Typhlosion|flinch\n|move|p1b: Kilowattrel|Thunderbolt|p2a: Incineroar\n|-damage|p2a: Incineroar|42\/100\n|move|p2b: Ninetales|Disable|p1a: Typhlosion\n|-start|p1a: Typhlosion|Disable|Eruption\n|\n|-weather|Snow|[upkeep]\n|upkeep\n|turn|4\n|\n|t:|1729923807\n|switch|p1a: Weezing|Weezing-Galar, L50, F|100\/100\n|-ability|p1a: Weezing|Neutralizing Gas\n|move|p1b: Kilowattrel|Thunderbolt|p2a: Incineroar\n|-damage|p2a: Incineroar|0 fnt\n|faint|p2a: Incineroar\n|move|p2b: Ninetales|Moonblast|p1b: Kilowattrel\n|-damage|p1b: Kilowattrel|49\/100\n|\n|-weather|Snow|[upkeep]\n|upkeep\n|turn|5\n|-message|Shikanoko32 forfeited.\n|\n|win|Cellpab1\n|raw|Cellpab1's rating: 1699 &rarr; <strong>1725<\/strong><br \/>(+26 for winning)\n|raw|Shikanoko32's rating: 1804 &rarr; <strong>1778<\/strong><br \/>(-26 for losing)\n|l|\u2606Shikanoko32\n|player|p2|\n|l|\u2606Cellpab1\n|player|p1|\n","uploadtime":1729923962,"views":12,"formatid":"gen9vgc2024regh","rating":1725,"private":0,"password":null}