{"id":"gen9vgc2024regh-2231300080","format":"[Gen 9] VGC 2024 Reg H","players":["bluestraggler01","ryanplaytv"],"log":"|j|\u2606bluestraggler01\n|j|\u2606ryanplaytv\n|t:|1729947026\n|gametype|doubles\n|player|p1|bluestraggler01|2|1764\n|player|p2|ryanplaytv|hiker-gen4|1731\n|teamsize|p1|6\n|teamsize|p2|6\n|gen|9\n|tier|[Gen 9] VGC 2024 Reg H\n|rated|\n|rule|Species Clause: Limit one of each Pok\u00e9mon\n|rule|Item Clause: Limit 1 of each item\n|clearpoke\n|poke|p1|Talonflame, L50, M|\n|poke|p1|Krookodile, L50, M|\n|poke|p1|Archaludon, L50, F|\n|poke|p1|Pelipper, L50, F|\n|poke|p1|Annihilape, L50, M|\n|poke|p1|Brambleghast, L50, F|\n|poke|p2|Dragonite, L50, M|\n|poke|p2|Primarina, L50, F|\n|poke|p2|Rillaboom, L50, M|\n|poke|p2|Tauros-Paldea-Blaze, L50, M|\n|poke|p2|Electabuzz, L50, M|\n|poke|p2|Kingambit, L50, M|\n|teampreview|4\n|j| Im999\n|l| Im999\nbluestraggler01 rejected open team sheets.\n|\n|t:|1729947056\n|start\n|switch|p1a: \u773c\u5f71\u4e01\u771f|Krookodile, L50, M|100\/100\n|switch|p1b: \u7ffc\u9e70\u4e01\u771f|Talonflame, L50, M|100\/100\n|switch|p2a: Dragonite|Dragonite, L50, M|100\/100\n|switch|p2b: Tauros|Tauros-Paldea-Blaze, L50, M|100\/100\n|-ability|p2b: Tauros|Intimidate|boost\n|-unboost|p1a: \u773c\u5f71\u4e01\u771f|atk|1\n|-unboost|p1b: \u7ffc\u9e70\u4e01\u771f|atk|1\n|-ability|p1a: \u773c\u5f71\u4e01\u771f|Intimidate|boost\n|-unboost|p2a: Dragonite|atk|1\n|-unboost|p2b: Tauros|atk|1\n|turn|1\n|j| mpudi\n|\n|t:|1729947084\n|switch|p1b: \u786c\u6cbf\u4e01\u771f|Archaludon, L50, F|100\/100\n|move|p2b: Tauros|Close Combat|p1a: \u773c\u5f71\u4e01\u771f\n|-supereffective|p1a: \u773c\u5f71\u4e01\u771f\n|-damage|p1a: \u773c\u5f71\u4e01\u771f|0 fnt\n|-unboost|p2b: Tauros|def|1\n|-unboost|p2b: Tauros|spd|1\n|faint|p1a: \u773c\u5f71\u4e01\u771f\n|move|p2a: Dragonite|Scale Shot|p1b: \u786c\u6cbf\u4e01\u771f\n|-damage|p1b: \u786c\u6cbf\u4e01\u771f|94\/100\n|-ability|p1b: \u786c\u6cbf\u4e01\u771f|Stamina|boost\n|-boost|p1b: \u786c\u6cbf\u4e01\u771f|def|1\n|-enditem|p2b: Tauros|Mirror Herb\n|-boost|p2b: Tauros|def|1|[from] item: Mirror Herb\n|-damage|p1b: \u786c\u6cbf\u4e01\u771f|89\/100\n|-ability|p1b: \u786c\u6cbf\u4e01\u771f|Stamina|boost\n|-boost|p1b: \u786c\u6cbf\u4e01\u771f|def|1\n|-damage|p1b: \u786c\u6cbf\u4e01\u771f|85\/100\n|-ability|p1b: \u786c\u6cbf\u4e01\u771f|Stamina|boost\n|-boost|p1b: \u786c\u6cbf\u4e01\u771f|def|1\n|-damage|p1b: \u786c\u6cbf\u4e01\u771f|82\/100\n|-ability|p1b: \u786c\u6cbf\u4e01\u771f|Stamina|boost\n|-boost|p1b: \u786c\u6cbf\u4e01\u771f|def|1\n|-hitcount|p1b: \u786c\u6cbf\u4e01\u771f|4\n|-unboost|p2a: Dragonite|def|1\n|-boost|p2a: Dragonite|spe|1\n|\n|upkeep\n|\n|t:|1729947093\n|switch|p1a: \u7ffc\u9e70\u4e01\u771f|Talonflame, L50, M|100\/100\n|turn|2\n|\n|t:|1729947099\n|move|p2b: Tauros|Protect|p2b: Tauros\n|-singleturn|p2b: Tauros|Protect\n|move|p1a: \u7ffc\u9e70\u4e01\u771f|Tailwind|p1a: \u7ffc\u9e70\u4e01\u771f\n|-sidestart|p1: bluestraggler01|move: Tailwind\n|move|p1b: \u786c\u6cbf\u4e01\u771f|Body Press|p2b: Tauros\n|-activate|p2b: Tauros|move: Protect\n|move|p2a: Dragonite|Tailwind|p2a: Dragonite\n|-sidestart|p2: ryanplaytv|move: Tailwind\n|\n|upkeep\n|turn|3\n|\n|t:|1729947112\n|move|p1a: \u7ffc\u9e70\u4e01\u771f|Hurricane|p2b: Tauros\n|-supereffective|p2b: Tauros\n|-damage|p2b: Tauros|0 fnt\n|faint|p2b: Tauros\n|move|p2a: Dragonite|Scale Shot|p1a: \u7ffc\u9e70\u4e01\u771f\n|-damage|p1a: \u7ffc\u9e70\u4e01\u771f|86\/100\n|-damage|p1a: \u7ffc\u9e70\u4e01\u771f|69\/100\n|-damage|p1a: \u7ffc\u9e70\u4e01\u771f|53\/100\n|-damage|p1a: \u7ffc\u9e70\u4e01\u771f|39\/100\n|-damage|p1a: \u7ffc\u9e70\u4e01\u771f|25\/100\n|-hitcount|p1a: \u7ffc\u9e70\u4e01\u771f|5\n|-unboost|p2a: Dragonite|def|1\n|-boost|p2a: Dragonite|spe|1\n|move|p1b: \u786c\u6cbf\u4e01\u771f|Flash Cannon|p2a: Dragonite\n|-damage|p2a: Dragonite|78\/100\n|\n|upkeep\n|inactive|Battle timer is ON: inactive players will automatically lose when time's up. (requested by bluestraggler01)\n|\n|t:|1729947145\n|switch|p2b: Primarina|Primarina, L50, F, shiny|100\/100\n|turn|4\n|inactive|ryanplaytv has 30 seconds left.\n|\n|t:|1729947179\n|switch|p1a: \u96e8\u4e91\u4e01\u771f|Pelipper, L50, F|100\/100\n|-weather|RainDance|[from] ability: Drizzle|[of] p1a: \u96e8\u4e91\u4e01\u771f\n|move|p2a: Dragonite|Extreme Speed|p1a: \u96e8\u4e91\u4e01\u771f\n|-damage|p1a: \u96e8\u4e91\u4e01\u771f|77\/100\n|move|p1b: \u786c\u6cbf\u4e01\u771f|Electro Shot||[still]\n|-prepare|p1b: \u786c\u6cbf\u4e01\u771f|Electro Shot\n|-boost|p1b: \u786c\u6cbf\u4e01\u771f|spa|1\n|-anim|p1b: \u786c\u6cbf\u4e01\u771f|Electro Shot|p2b: Primarina\n|-supereffective|p2b: Primarina\n|-damage|p2b: Primarina|0 fnt\n|faint|p2b: Primarina\n|\n|-weather|RainDance|[upkeep]\n|upkeep\n|\n|t:|1729947191\n|switch|p2b: Electabuzz|Electabuzz, L50, M|100\/100\n|turn|5\n|\n|t:|1729947208\n|move|p1a: \u96e8\u4e91\u4e01\u771f|Wide Guard|p1a: \u96e8\u4e91\u4e01\u771f\n|-singleturn|p1a: \u96e8\u4e91\u4e01\u771f|Wide Guard\n|move|p2b: Electabuzz|Follow Me|p2b: Electabuzz\n|-singleturn|p2b: Electabuzz|move: Follow Me\n|move|p2a: Dragonite|Scale Shot|p1a: \u96e8\u4e91\u4e01\u771f\n|-damage|p1a: \u96e8\u4e91\u4e01\u771f|63\/100\n|-damage|p1a: \u96e8\u4e91\u4e01\u771f|50\/100\n|-damage|p1a: \u96e8\u4e91\u4e01\u771f|36\/100\n|-damage|p1a: \u96e8\u4e91\u4e01\u771f|23\/100\n|-damage|p1a: \u96e8\u4e91\u4e01\u771f|10\/100\n|-hitcount|p1a: \u96e8\u4e91\u4e01\u771f|5\n|-unboost|p2a: Dragonite|def|1\n|-boost|p2a: Dragonite|spe|1\n|move|p1b: \u786c\u6cbf\u4e01\u771f|Electro Shot||[still]\n|-prepare|p1b: \u786c\u6cbf\u4e01\u771f|Electro Shot\n|-boost|p1b: \u786c\u6cbf\u4e01\u771f|spa|1\n|-anim|p1b: \u786c\u6cbf\u4e01\u771f|Electro Shot|p2b: Electabuzz\n|-resisted|p2b: Electabuzz\n|-crit|p2b: Electabuzz\n|-damage|p2b: Electabuzz|49\/100\n|\n|-weather|RainDance|[upkeep]\n|-sideend|p1: bluestraggler01|move: Tailwind\n|-sideend|p2: ryanplaytv|move: Tailwind\n|upkeep\n|turn|6\n|j| Giftedyew\n|\n|t:|1729947226\n|move|p2b: Electabuzz|Helping Hand|p2a: Dragonite\n|-singleturn|p2a: Dragonite|Helping Hand|[of] p2b: Electabuzz\n|move|p1a: \u96e8\u4e91\u4e01\u771f|Wide Guard|p1a: \u96e8\u4e91\u4e01\u771f\n|-singleturn|p1a: \u96e8\u4e91\u4e01\u771f|Wide Guard\n|move|p2a: Dragonite|Scale Shot|p1b: \u786c\u6cbf\u4e01\u771f|[miss]\n|-miss|p2a: Dragonite|p1b: \u786c\u6cbf\u4e01\u771f\n|move|p1b: \u786c\u6cbf\u4e01\u771f|Electro Shot||[still]\n|-prepare|p1b: \u786c\u6cbf\u4e01\u771f|Electro Shot\n|-boost|p1b: \u786c\u6cbf\u4e01\u771f|spa|1\n|-anim|p1b: \u786c\u6cbf\u4e01\u771f|Electro Shot|p2a: Dragonite\n|-damage|p2a: Dragonite|0 fnt\n|faint|p2a: Dragonite\n|\n|-weather|RainDance|[upkeep]\n|upkeep\n|turn|7\n|\n|t:|1729947242\n|switch|p1a: \u7ffc\u9e70\u4e01\u771f|Talonflame, L50, M|25\/100\n|move|p2b: Electabuzz|Electroweb|p1a: \u7ffc\u9e70\u4e01\u771f|[spread] p1a,p1b\n|-supereffective|p1a: \u7ffc\u9e70\u4e01\u771f\n|-resisted|p1b: \u786c\u6cbf\u4e01\u771f\n|-damage|p1a: \u7ffc\u9e70\u4e01\u771f|0 fnt\n|-damage|p1b: \u786c\u6cbf\u4e01\u771f|78\/100\n|-unboost|p1b: \u786c\u6cbf\u4e01\u771f|spe|1\n|-ability|p1b: \u786c\u6cbf\u4e01\u771f|Stamina|boost\n|-boost|p1b: \u786c\u6cbf\u4e01\u771f|def|1\n|faint|p1a: \u7ffc\u9e70\u4e01\u771f\n|move|p1b: \u786c\u6cbf\u4e01\u771f|Electro Shot||[still]\n|-prepare|p1b: \u786c\u6cbf\u4e01\u771f|Electro Shot\n|-boost|p1b: \u786c\u6cbf\u4e01\u771f|spa|1\n|-anim|p1b: \u786c\u6cbf\u4e01\u771f|Electro Shot|p2b: Electabuzz\n|-resisted|p2b: Electabuzz\n|-damage|p2b: Electabuzz|5\/100\n|\n|-weather|RainDance|[upkeep]\n|upkeep\n|\n|t:|1729947245\n|switch|p1a: \u96e8\u4e91\u4e01\u771f|Pelipper, L50, F|10\/100\n|turn|8\n|\n|t:|1729947258\n|move|p1a: \u96e8\u4e91\u4e01\u771f|Weather Ball|p2b: Electabuzz\n|-damage|p2b: Electabuzz|0 fnt\n|faint|p2b: Electabuzz\n|\n|win|bluestraggler01\n|raw|bluestraggler01's rating: 1764 &rarr; <strong>1782<\/strong><br \/>(+18 for winning)\n|raw|ryanplaytv's rating: 1731 &rarr; <strong>1713<\/strong><br \/>(-18 for losing)\n|l|\u2606ryanplaytv\n|player|p2|\n|l|\u2606bluestraggler01\n|player|p1|\n|l| mpudi\n|l| Giftedyew\n","uploadtime":1729947477,"views":23,"formatid":"gen9vgc2024regh","rating":1713,"private":0,"password":null}