{"id":"gen9vgc2024regh-2231663934","format":"[Gen 9] VGC 2024 Reg H","players":["Winters4","grade a type b"],"log":"|j|\u2606Winters4\n|j|\u2606grade a type b\n|t:|1729990643\n|gametype|doubles\n|player|p1|Winters4|swimmerf|1680\n|player|p2|grade a type b|waiter-gen4dp|1723\n|teamsize|p1|6\n|teamsize|p2|6\n|gen|9\n|tier|[Gen 9] VGC 2024 Reg H\n|rated|\n|rule|Species Clause: Limit one of each Pok\u00e9mon\n|rule|Item Clause: Limit 1 of each item\n|clearpoke\n|poke|p1|Sneasler, L50, F|\n|poke|p1|Dragapult, L50, F|\n|poke|p1|Primarina, L50, F|\n|poke|p1|Kingambit, L50, M|\n|poke|p1|Magmar, L50, F|\n|poke|p1|Rillaboom, L50, M|\n|poke|p2|Gholdengo, L50|\n|poke|p2|Whimsicott, L50, M|\n|poke|p2|Ursaluna-Bloodmoon, L50, M|\n|poke|p2|Dragonite, L50, M|\n|poke|p2|Primarina, L50, F|\n|poke|p2|Blaziken, L50, F|\n|teampreview|4\n|inactive|Battle timer is ON: inactive players will automatically lose when time's up. (requested by Winters4)\n|inactive|grade a type b also wants the timer to be on.\n|inactive|Winters4 has 60 seconds left.\n|inactive|grade a type b has 60 seconds left.\n|inactive|grade a type b has 30 seconds left.\n|\n|t:|1729990712\n|start\n|switch|p1a: Sneasler|Sneasler, L50, F|100\/100\n|switch|p1b: Kingambit|Kingambit, L50, M|100\/100\n|switch|p2a: Booger Sugar|Whimsicott, L50, M, shiny|100\/100\n|switch|p2b: Blaziken|Blaziken, L50, F|100\/100\n|turn|1\n|inactive|grade a type b has 30 seconds left.\n|inactive|grade a type b has 20 seconds left.\n|\n|t:|1729990750\n|switch|p1b: Magmar|Magmar, L50, F|100\/100\n|move|p2b: Blaziken|Protect|p2b: Blaziken\n|-singleturn|p2b: Blaziken|Protect\n|move|p2a: Booger Sugar|Tailwind|p2a: Booger Sugar\n|-sidestart|p2: grade a type b|move: Tailwind\n|move|p1a: Sneasler|Dire Claw|p2a: Booger Sugar\n|-supereffective|p2a: Booger Sugar\n|-damage|p2a: Booger Sugar|0 fnt\n|faint|p2a: Booger Sugar\n|\n|-ability|p2b: Blaziken|Speed Boost|boost\n|-boost|p2b: Blaziken|spe|1\n|upkeep\n|\n|t:|1729990756\n|switch|p2a: CWHIT 316 CHASE|Ursaluna-Bloodmoon, L50, M|100\/100\n|turn|2\n|\n|t:|1729990768\n|-terastallize|p2a: CWHIT 316 CHASE|Ghost\n|move|p1a: Sneasler|Protect|p1a: Sneasler\n|-singleturn|p1a: Sneasler|Protect\n|move|p1b: Magmar|Protect|p1b: Magmar\n|-singleturn|p1b: Magmar|Protect\n|move|p2b: Blaziken|Close Combat|p1b: Magmar\n|-activate|p1b: Magmar|move: Protect\n|move|p2a: CWHIT 316 CHASE|Hyper Voice|p1b: Magmar|[spread] \n|-activate|p1a: Sneasler|move: Protect\n|-activate|p1b: Magmar|move: Protect\n|\n|-ability|p2b: Blaziken|Speed Boost|boost\n|-boost|p2b: Blaziken|spe|1\n|upkeep\n|turn|3\n|inactive|Winters4 has 30 seconds left.\n|\n|t:|1729990796\n|move|p2b: Blaziken|Protect|p2b: Blaziken\n|-singleturn|p2b: Blaziken|Protect\n|move|p1b: Magmar|Follow Me|p1b: Magmar\n|-singleturn|p1b: Magmar|move: Follow Me\n|move|p2a: CWHIT 316 CHASE|Earth Power|p1b: Magmar\n|-supereffective|p1b: Magmar\n|-damage|p1b: Magmar|0 fnt\n|faint|p1b: Magmar\n|-damage|p2a: CWHIT 316 CHASE|91\/100|[from] item: Life Orb\n|move|p1a: Sneasler|Dire Claw|p2b: Blaziken\n|-activate|p2b: Blaziken|move: Protect\n|\n|-ability|p2b: Blaziken|Speed Boost|boost\n|-boost|p2b: Blaziken|spe|1\n|upkeep\n|\n|t:|1729990805\n|switch|p1b: Kingambit|Kingambit, L50, M|100\/100\n|turn|4\n|\n|t:|1729990827\n|switch|p2a: Scaling The Couch|Gholdengo, L50|100\/100\n|move|p1a: Sneasler|Protect|p1a: Sneasler\n|-singleturn|p1a: Sneasler|Protect\n|move|p1b: Kingambit|Protect|p1b: Kingambit\n|-singleturn|p1b: Kingambit|Protect\n|move|p2b: Blaziken|Brave Bird|p1a: Sneasler\n|-activate|p1a: Sneasler|move: Protect\n|\n|-sideend|p2: grade a type b|move: Tailwind\n|-ability|p2b: Blaziken|Speed Boost|boost\n|-boost|p2b: Blaziken|spe|1\n|upkeep\n|turn|5\n|inactive|Winters4 has 30 seconds left.\n|\n|t:|1729990854\n|switch|p2a: CWHIT 316 CHASE|Ursaluna-Bloodmoon, L50, M, tera:Ghost|91\/100\n|switch|p1b: Dragapult|Dragapult, L50, F|100\/100\n|move|p2b: Blaziken|Close Combat|p1b: Dragapult\n|-immune|p1b: Dragapult\n|move|p1a: Sneasler|Dire Claw|p2b: Blaziken\n|-damage|p2b: Blaziken|31\/100\n|-status|p2b: Blaziken|slp\n|\n|-ability|p2b: Blaziken|Speed Boost|boost\n|-boost|p2b: Blaziken|spe|1\n|upkeep\n|turn|6\n|\n|t:|1729990871\n|cant|p2b: Blaziken|slp\n|move|p1b: Dragapult|Phantom Force||[still]\n|-prepare|p1b: Dragapult|Phantom Force\n|move|p1a: Sneasler|Dire Claw|p2b: Blaziken\n|-damage|p2b: Blaziken|0 fnt\n|faint|p2b: Blaziken\n|move|p2a: CWHIT 316 CHASE|Earth Power|p1a: Sneasler\n|-supereffective|p1a: Sneasler\n|-enditem|p1a: Sneasler|Focus Sash\n|-damage|p1a: Sneasler|1\/100\n|-damage|p2a: CWHIT 316 CHASE|81\/100|[from] item: Life Orb\n|\n|upkeep\n|\n|t:|1729990875\n|switch|p2b: Scaling The Couch|Gholdengo, L50|100\/100\n|turn|7\n|\n|t:|1729990888\n|move|p2a: CWHIT 316 CHASE|Protect|p2a: CWHIT 316 CHASE\n|-singleturn|p2a: CWHIT 316 CHASE|Protect\n|move|p1b: Dragapult|Phantom Force|p2a: CWHIT 316 CHASE|[from]lockedmove\n|-activate|p2a: CWHIT 316 CHASE|move: Phantom Force|[broken]\n|-supereffective|p2a: CWHIT 316 CHASE\n|-damage|p2a: CWHIT 316 CHASE|0 fnt\n|faint|p2a: CWHIT 316 CHASE\n|move|p1a: Sneasler|Dire Claw|p2b: Scaling The Couch\n|-immune|p2b: Scaling The Couch\n|move|p2b: Scaling The Couch|Make It Rain|p1b: Dragapult|[spread] p1a,p1b\n|-damage|p1a: Sneasler|0 fnt\n|-damage|p1b: Dragapult|0 fnt\n|-unboost|p2b: Scaling The Couch|spa|1\n|faint|p1a: Sneasler\n|faint|p1b: Dragapult\n|\n|upkeep\n|\n|t:|1729990899\n|switch|p1b: Kingambit|Kingambit, L50, M|100\/100\n|turn|8\n|-message|grade a type b forfeited.\n|\n|win|Winters4\n|raw|Winters4's rating: 1680 &rarr; <strong>1702<\/strong><br \/>(+22 for winning)\n|raw|grade a type b's rating: 1723 &rarr; <strong>1701<\/strong><br \/>(-22 for losing)\n|l|\u2606grade a type b\n|player|p2|\n|l|\u2606Winters4\n|player|p1|\n","uploadtime":1729991078,"views":17,"formatid":"gen9vgc2024regh","rating":1701,"private":0,"password":null}