{"id":"gen9vgc2024regh-2231145019","format":"[Gen 9] VGC 2024 Reg H","players":["OSAMABINGETINLADIN","ray4gej"],"log":"|j|\u2606OSAMABINGETINLADIN\n|j|\u2606ray4gej\n|t:|1729917589\n|gametype|doubles\n|player|p1|OSAMABINGETINLADIN|policeman-gen4|1791\n|player|p2|ray4gej|1|1711\n|teamsize|p1|6\n|teamsize|p2|6\n|gen|9\n|tier|[Gen 9] VGC 2024 Reg H\n|rated|\n|rule|Species Clause: Limit one of each Pok\u00e9mon\n|rule|Item Clause: Limit 1 of each item\n|clearpoke\n|poke|p1|Sneasler, L50, M|\n|poke|p1|Indeedee, L50, M|\n|poke|p1|Dragapult, L50, M|\n|poke|p1|Decidueye-Hisui, L50, F|\n|poke|p1|Typhlosion-Hisui, L50, M|\n|poke|p1|Whimsicott, L50, F|\n|poke|p2|Dondozo, L50, F|\n|poke|p2|Tatsugiri, L50, F|\n|poke|p2|Rillaboom, L50, M|\n|poke|p2|Sneasler, L50, M|\n|poke|p2|Garchomp, L50, F|\n|poke|p2|Flamigo, L50, F|\n|teampreview|4\n|inactive|Battle timer is ON: inactive players will automatically lose when time's up. (requested by OSAMABINGETINLADIN)\n|\n|t:|1729917618\n|start\n|switch|p1a: Luis Carruthers|Whimsicott, L50, F, shiny|100\/100\n|switch|p1b: Marcus Halberstram|Dragapult, L50, M, shiny|100\/100\n|switch|p2a: Flamigo|Flamigo, L50, F|100\/100\n|switch|p2b: Sneasler|Sneasler, L50, M|100\/100\n|turn|1\n|inactive|OSAMABINGETINLADIN has 30 seconds left.\n|j| playrandombattle\n|\n|t:|1729917649\n|move|p1a: Luis Carruthers|Tailwind|p1a: Luis Carruthers\n|-sidestart|p1: OSAMABINGETINLADIN|move: Tailwind\n|move|p1b: Marcus Halberstram|Breaking Swipe|p2b: Sneasler|[spread] p2a,p2b\n|-damage|p2a: Flamigo|49\/100\n|-damage|p2b: Sneasler|42\/100\n|-unboost|p2a: Flamigo|atk|1\n|-unboost|p2b: Sneasler|atk|1\n|move|p2b: Sneasler|Dire Claw|p1a: Luis Carruthers\n|-supereffective|p1a: Luis Carruthers\n|-damage|p1a: Luis Carruthers|0 fnt\n|faint|p1a: Luis Carruthers\n|-damage|p2b: Sneasler|32\/100|[from] item: Life Orb\n|move|p2a: Flamigo|Tailwind|p2a: Flamigo\n|-sidestart|p2: ray4gej|move: Tailwind\n|\n|upkeep\n|\n|t:|1729917674\n|switch|p1a: David Van Patten|Typhlosion-Hisui, L50, M|100\/100\n|turn|2\n|\n|t:|1729917690\n|switch|p2b: Tatsugiri|Tatsugiri, L50, F|100\/100\n|switch|p2a: Dondozo|Dondozo, L50, F, shiny|100\/100\n|-activate|p2b: Tatsugiri|ability: Commander|[of] p2a: Dondozo\n|-boost|p2a: Dondozo|atk|2\n|-boost|p2a: Dondozo|spa|2\n|-boost|p2a: Dondozo|spe|2\n|-boost|p2a: Dondozo|def|2\n|-boost|p2a: Dondozo|spd|2\n|move|p1b: Marcus Halberstram|Breaking Swipe|p2a: Dondozo|[spread] p2a\n|-miss|p1b: Marcus Halberstram|p2b: Tatsugiri\n|-damage|p2a: Dondozo|89\/100\n|move|p1a: David Van Patten|Shadow Ball|p2a: Dondozo\n|-damage|p2a: Dondozo|59\/100\n|\n|upkeep\n|turn|3\n|inactive|ray4gej has 30 seconds left.\n|\n|t:|1729917716\n|switch|p1b: Timothy Bryce|Decidueye-Hisui, L50, F, shiny|100\/100\n|move|p2a: Dondozo|Order Up|p1b: Timothy Bryce\n|-crit|p1b: Timothy Bryce\n|-damage|p1b: Timothy Bryce|16\/100\n|-boost|p2a: Dondozo|atk|1\n|move|p1a: David Van Patten|Shadow Ball|p2a: Dondozo\n|-damage|p2a: Dondozo|33\/100\n|\n|upkeep\n|turn|4\n|\n|t:|1729917734\n|-terastallize|p2a: Dondozo|Poison\n|move|p2a: Dondozo|Wave Crash|p1a: David Van Patten\n|-supereffective|p1a: David Van Patten\n|-damage|p1a: David Van Patten|0 fnt\n|faint|p1a: David Van Patten\n|-damage|p2a: Dondozo|12\/100|[from] Recoil\n|move|p1b: Timothy Bryce|Haze|p1b: Timothy Bryce\n|-clearallboost\n|\n|-sideend|p2: ray4gej|move: Tailwind\n|-sideend|p1: OSAMABINGETINLADIN|move: Tailwind\n|upkeep\n|\n|t:|1729917739\n|switch|p1a: Marcus Halberstram|Dragapult, L50, M, shiny|100\/100\n|turn|5\n|\n|t:|1729917754\n|move|p1a: Marcus Halberstram|Dragon Darts|p2a: Dondozo\n|-damage|p2a: Dondozo|0 fnt\n|faint|p2a: Dondozo\n|move|p1b: Timothy Bryce|Triple Arrows|p2b: Tatsugiri\n|-damage|p2b: Tatsugiri|14\/100\n|\n|upkeep\n|\n|t:|1729917763\n|switch|p2a: Sneasler|Sneasler, L50, M|32\/100\n|turn|6\n|\n|t:|1729917772\n|-terastallize|p1a: Marcus Halberstram|Dragon\n|move|p2a: Sneasler|Fake Out|p1b: Timothy Bryce\n|-damage|p1b: Timothy Bryce|0 fnt\n|faint|p1b: Timothy Bryce\n|-damage|p2a: Sneasler|22\/100|[from] item: Life Orb\n|move|p2b: Tatsugiri|Draco Meteor|p1a: Marcus Halberstram\n|-supereffective|p1a: Marcus Halberstram\n|-damage|p1a: Marcus Halberstram|0 fnt\n|-unboost|p2b: Tatsugiri|spa|2\n|faint|p1a: Marcus Halberstram\n|\n|win|ray4gej\n|raw|OSAMABINGETINLADIN's rating: 1791 &rarr; <strong>1766<\/strong><br \/>(-25 for losing)\n|raw|ray4gej's rating: 1711 &rarr; <strong>1736<\/strong><br \/>(+25 for winning)\n|l|\u2606OSAMABINGETINLADIN\n|player|p1|\n|l|\u2606ray4gej\n|player|p2|\n|l| playrandombattle\n","uploadtime":1729917985,"views":13,"formatid":"gen9vgc2024regh","rating":1736,"private":0,"password":null}