{"id":"gen9vgc2024regh-2231962194","format":"[Gen 9] VGC 2024 Reg H","players":["Assasinderella","Cocobeloeil1"],"log":"|j|\u2606Assasinderella\n|j|\u2606Cocobeloeil1\n|t:|1730040842\n|gametype|doubles\n|player|p1|Assasinderella|rosa|1698\n|player|p2|Cocobeloeil1|266|1704\n|teamsize|p1|6\n|teamsize|p2|6\n|gen|9\n|tier|[Gen 9] VGC 2024 Reg H\n|rated|\n|rule|Species Clause: Limit one of each Pok\u00e9mon\n|rule|Item Clause: Limit 1 of each item\n|clearpoke\n|poke|p1|Dragonite, L50, M|\n|poke|p1|Kingambit, L50, F|\n|poke|p1|Tauros-Paldea-Aqua, L50, M|\n|poke|p1|Archaludon, L50, F|\n|poke|p1|Pelipper, L50, F|\n|poke|p1|Rillaboom, L50, F|\n|poke|p2|Breloom, L50, M|\n|poke|p2|Ursaluna-Bloodmoon, L50, M|\n|poke|p2|Archaludon, L50, F|\n|poke|p2|Politoed, L50, M|\n|poke|p2|Murkrow, L50, M|\n|poke|p2|Dragapult, L50, F|\n|teampreview|4\n|j| giftedyew\n|l| giftedyew\n|j| jibaobao\n|inactive|Battle timer is ON: inactive players will automatically lose when time's up. (requested by Assasinderella)\n|\n|t:|1730040902\n|start\n|switch|p1a: Dragonite|Dragonite, L50, M|100\/100\n|switch|p1b: Archaludon|Archaludon, L50, F|100\/100\n|switch|p2a: Breloom|Breloom, L50, M|100\/100\n|switch|p2b: Ursaluna|Ursaluna-Bloodmoon, L50, M|100\/100\n|turn|1\n|inactive|Assasinderella has 30 seconds left.\n|inactive|Assasinderella has 20 seconds left.\n|inactive|Assasinderella has 15 seconds left.\n|j| giftedyew\n|inactive|Assasinderella has 10 seconds left.\n|l| giftedyew\n|inactive|Assasinderella has 5 seconds left.\n|\n|t:|1730040954\n|move|p1b: Archaludon|Protect|p1b: Archaludon\n|-singleturn|p1b: Archaludon|Protect\n|move|p1a: Dragonite|Protect|p1a: Dragonite\n|-singleturn|p1a: Dragonite|Protect\n|move|p2a: Breloom|Spore|p1a: Dragonite\n|-activate|p1a: Dragonite|move: Protect\n|move|p2b: Ursaluna|Hyper Voice|p1a: Dragonite|[spread] \n|-activate|p1a: Dragonite|move: Protect\n|-activate|p1b: Archaludon|move: Protect\n|\n|upkeep\n|turn|2\n|inactive|Assasinderella has 30 seconds left.\n|inactive|Cocobeloeil1 has 30 seconds left.\n|\n|t:|1730040987\n|switch|p2a: Archaludon|Archaludon, L50, F|100\/100\n|move|p1a: Dragonite|Extreme Speed|p2a: Archaludon\n|-resisted|p2a: Archaludon\n|-damage|p2a: Archaludon|88\/100\n|-ability|p2a: Archaludon|Stamina|boost\n|-boost|p2a: Archaludon|def|1\n|move|p1b: Archaludon|Dragon Pulse|p2a: Archaludon\n|-damage|p2a: Archaludon|51\/100\n|-ability|p2a: Archaludon|Stamina|boost\n|-boost|p2a: Archaludon|def|1\n|move|p2b: Ursaluna|Earth Power|p1b: Archaludon\n|-supereffective|p1b: Archaludon\n|-ability|p1b: Archaludon|Sturdy\n|-damage|p1b: Archaludon|1\/100\n|-damage|p2b: Ursaluna|91\/100|[from] item: Life Orb\n|\n|upkeep\n|turn|3\n|inactive|Assasinderella has 30 seconds left.\n|inactive|Cocobeloeil1 has 30 seconds left.\n|inactive|Assasinderella has 20 seconds left.\n|inactive|Assasinderella has 15 seconds left.\n|inactive|Assasinderella has 10 seconds left.\n|inactive|Assasinderella has 5 seconds left.\n|\n|t:|1730041037\n|move|p1a: Dragonite|Protect|p1a: Dragonite\n|-singleturn|p1a: Dragonite|Protect\n|move|p1b: Archaludon|Dragon Pulse|p2a: Archaludon\n|-damage|p2a: Archaludon|18\/100\n|-ability|p2a: Archaludon|Stamina|boost\n|-boost|p2a: Archaludon|def|1\n|move|p2a: Archaludon|Dragon Pulse|p1a: Dragonite\n|-activate|p1a: Dragonite|move: Protect\n|move|p2b: Ursaluna|Blood Moon|p1a: Dragonite\n|-activate|p1a: Dragonite|move: Protect\n|\n|upkeep\n|turn|4\n|inactive|Cocobeloeil1 has 30 seconds left.\n|\n|t:|1730041067\n|move|p1b: Archaludon|Dragon Pulse|p2a: Archaludon\n|-damage|p2a: Archaludon|0 fnt\n|faint|p2a: Archaludon\n|move|p1a: Dragonite|Scale Shot|p2b: Ursaluna|[miss]\n|-miss|p1a: Dragonite|p2b: Ursaluna\n|move|p2b: Ursaluna|Hyper Voice|p1a: Dragonite|[spread] p1a,p1b\n|-resisted|p1b: Archaludon\n|-damage|p1a: Dragonite|76\/100\n|-damage|p1b: Archaludon|0 fnt\n|faint|p1b: Archaludon\n|-damage|p2b: Ursaluna|81\/100|[from] item: Life Orb\n|\n|upkeep\n|\n|t:|1730041076\n|switch|p1b: Tauros|Tauros-Paldea-Aqua, L50, M|100\/100\n|switch|p2a: Dragapult|Dragapult, L50, F|100\/100\n|-ability|p1b: Tauros|Intimidate|boost\n|-fail|p2a: Dragapult|unboost|[from] ability: Clear Body|[of] p2a: Dragapult\n|-unboost|p2b: Ursaluna|atk|1\n|turn|5\n|inactive|Assasinderella has 30 seconds left.\n|inactive|Cocobeloeil1 has 30 seconds left.\n|inactive|Assasinderella has 20 seconds left.\n|inactive|Cocobeloeil1 has 20 seconds left.\n|inactive|Cocobeloeil1 has 15 seconds left.\n|\n|t:|1730041116\n|switch|p2b: Breloom|Breloom, L50, M|100\/100\n|-terastallize|p2a: Dragapult|Dragon\n|-terastallize|p1a: Dragonite|Fairy\n|move|p1b: Tauros|Protect|p1b: Tauros\n|-singleturn|p1b: Tauros|Protect\n|move|p2a: Dragapult|Dragon Darts|p1b: Tauros\n|-immune|p1a: Dragonite\n|move|p1a: Dragonite|Scale Shot|p2a: Dragapult\n|-supereffective|p2a: Dragapult\n|-damage|p2a: Dragapult|56\/100\n|-supereffective|p2a: Dragapult\n|-damage|p2a: Dragapult|16\/100\n|-supereffective|p2a: Dragapult\n|-damage|p2a: Dragapult|0 fnt\n|faint|p2a: Dragapult\n|-hitcount|p2: Dragapult|3\n|-unboost|p1a: Dragonite|def|1\n|-boost|p1a: Dragonite|spe|1\n|\n|upkeep\n|\n|t:|1730041123\n|switch|p2a: Ursaluna|Ursaluna-Bloodmoon, L50, M|81\/100\n|turn|6\n|inactive|Cocobeloeil1 has 30 seconds left.\n|j| giftedyew\n|inactive|Cocobeloeil1 has 20 seconds left.\n|inactive|Cocobeloeil1 has 15 seconds left.\n|\n|t:|1730041164\n|move|p2a: Ursaluna|Protect|p2a: Ursaluna\n|-singleturn|p2a: Ursaluna|Protect\n|move|p1a: Dragonite|Scale Shot|p2b: Breloom\n|-damage|p2b: Breloom|76\/100\n|-damage|p2b: Breloom|53\/100\n|-damage|p2b: Breloom|28\/100\n|-damage|p2b: Breloom|4\/100\n|-hitcount|p2b: Breloom|4\n|-unboost|p1a: Dragonite|def|1\n|-boost|p1a: Dragonite|spe|1\n|move|p1b: Tauros|Close Combat|p2a: Ursaluna\n|-activate|p2a: Ursaluna|move: Protect\n|move|p2b: Breloom|Bullet Seed|p1b: Tauros\n|-supereffective|p1b: Tauros\n|-damage|p1b: Tauros|55\/100\n|-supereffective|p1b: Tauros\n|-damage|p1b: Tauros|14\/100\n|-supereffective|p1b: Tauros\n|-damage|p1b: Tauros|0 fnt\n|faint|p1b: Tauros\n|-hitcount|p1: Tauros|3\n|\n|upkeep\n|\n|t:|1730041183\n|switch|p1b: Pelipper|Pelipper, L50, F|100\/100\n|-weather|RainDance|[from] ability: Drizzle|[of] p1b: Pelipper\n|turn|7\n|\n|t:|1730041196\n|move|p1a: Dragonite|Extreme Speed|p2b: Breloom\n|-damage|p2b: Breloom|0 fnt\n|faint|p2b: Breloom\n|move|p2a: Ursaluna|Blood Moon|p1b: Pelipper\n|-damage|p1b: Pelipper|0 fnt\n|faint|p1b: Pelipper\n|-damage|p2a: Ursaluna|72\/100|[from] item: Life Orb\n|\n|-weather|RainDance|[upkeep]\n|upkeep\n|turn|8\n|l| giftedyew\n|\n|t:|1730041206\n|move|p2a: Ursaluna|Protect|p2a: Ursaluna\n|-singleturn|p2a: Ursaluna|Protect\n|move|p1a: Dragonite|Scale Shot|p2a: Ursaluna\n|-activate|p2a: Ursaluna|move: Protect\n|\n|-weather|RainDance|[upkeep]\n|upkeep\n|turn|9\n|\n|t:|1730041209\n|move|p1a: Dragonite|Scale Shot|p2a: Ursaluna\n|-damage|p2a: Ursaluna|60\/100\n|-damage|p2a: Ursaluna|48\/100\n|-damage|p2a: Ursaluna|34\/100\n|-damage|p2a: Ursaluna|23\/100\n|-hitcount|p2a: Ursaluna|4\n|-unboost|p1a: Dragonite|def|1\n|-boost|p1a: Dragonite|spe|1\n|move|p2a: Ursaluna|Blood Moon|p1a: Dragonite\n|-damage|p1a: Dragonite|0 fnt\n|faint|p1a: Dragonite\n|-damage|p2a: Ursaluna|13\/100|[from] item: Life Orb\n|\n|win|Cocobeloeil1\n|raw|Assasinderella's rating: 1698 &rarr; <strong>1678<\/strong><br \/>(-20 for losing)\n|raw|Cocobeloeil1's rating: 1704 &rarr; <strong>1724<\/strong><br \/>(+20 for winning)\n|c|\u2606Cocobeloeil1|Lol\n|l|\u2606Cocobeloeil1\n|player|p2|\n|j|\u2606Cocobeloeil1\n|player|p2|Cocobeloeil1|266|\n|l|\u2606Cocobeloeil1\n|player|p2|\n|l|\u2606Assasinderella\n|player|p1|\n","uploadtime":1730041431,"views":16,"formatid":"gen9vgc2024regh","rating":1678,"private":0,"password":null}