{"id":"gen9vgc2024regh-2231542219","format":"[Gen 9] VGC 2024 Reg H","players":["Kwiper","chiitancrazymascot"],"log":"|j|\u2606Kwiper\n|j|\u2606chiitancrazymascot\n|t:|1729975382\n|gametype|doubles\n|player|p1|Kwiper|sycamore|1661\n|player|p2|chiitancrazymascot|pokemaniac|1854\n|teamsize|p1|6\n|teamsize|p2|6\n|gen|9\n|tier|[Gen 9] VGC 2024 Reg H\n|rated|\n|rule|Species Clause: Limit one of each Pok\u00e9mon\n|rule|Item Clause: Limit 1 of each item\n|clearpoke\n|poke|p1|Archaludon, L50, M|\n|poke|p1|Rillaboom, L50, F|\n|poke|p1|Maushold, L50|\n|poke|p1|Pelipper, L50, M|\n|poke|p1|Primarina, L50, F|\n|poke|p1|Sneasler, L50, M|\n|poke|p2|Annihilape, L50, F|\n|poke|p2|Dondozo, L50, M|\n|poke|p2|Maushold-Four, L50|\n|poke|p2|Gholdengo, L50|\n|poke|p2|Whimsicott, L50, F|\n|poke|p2|Tatsugiri, L50, F|\n|teampreview|4\n|inactive|Battle timer is ON: inactive players will automatically lose when time's up. (requested by Kwiper)\n|inactive|chiitancrazymascot also wants the timer to be on.\n|j| averno di mundi\n|\n|t:|1729975398\n|start\n|switch|p1a: Sneasler|Sneasler, L50, M|100\/100\n|switch|p1b: Rillaboom|Rillaboom, L50, F|100\/100\n|switch|p2a: Maushold|Maushold-Four, L50|100\/100\n|switch|p2b: Annihilape|Annihilape, L50, F, shiny|100\/100\n|-fieldstart|move: Grassy Terrain|[from] ability: Grassy Surge|[of] p1b: Rillaboom\n|-enditem|p1a: Sneasler|Grassy Seed\n|-boost|p1a: Sneasler|def|1|[from] item: Grassy Seed\n|turn|1\n|\n|t:|1729975413\n|move|p1a: Sneasler|Protect|p1a: Sneasler\n|-singleturn|p1a: Sneasler|Protect\n|move|p2a: Maushold|Protect|p2a: Maushold\n|-singleturn|p2a: Maushold|Protect\n|move|p2b: Annihilape|Protect|p2b: Annihilape\n|-singleturn|p2b: Annihilape|Protect\n|move|p1b: Rillaboom|Grassy Glide|p2a: Maushold\n|-activate|p2a: Maushold|move: Protect\n|\n|upkeep\n|turn|2\n|\n|t:|1729975426\n|-terastallize|p1a: Sneasler|Stellar\n|-terastallize|p2b: Annihilape|Fire\n|move|p1b: Rillaboom|Grassy Glide|p2a: Maushold\n|-damage|p2a: Maushold|33\/100\n|move|p1a: Sneasler|Dire Claw|p2a: Maushold\n|-damage|p2a: Maushold|0 fnt\n|faint|p2a: Maushold\n|move|p2b: Annihilape|Rage Fist|p1a: Sneasler\n|-damage|p1a: Sneasler|75\/100\n|\n|-heal|p1a: Sneasler|80\/100|[from] Grassy Terrain\n|upkeep\n|\n|t:|1729975445\n|switch|p2a: Dondozo|Dondozo, L50, M, shiny|100\/100\n|turn|3\n|\n|t:|1729975457\n|switch|p2b: Tatsugiri|Tatsugiri, L50, F, shiny|100\/100\n|-activate|p2b: Tatsugiri|ability: Commander|[of] p2a: Dondozo\n|-boost|p2a: Dondozo|atk|2\n|-boost|p2a: Dondozo|spa|2\n|-boost|p2a: Dondozo|spe|2\n|-boost|p2a: Dondozo|def|2\n|-boost|p2a: Dondozo|spd|2\n|move|p1a: Sneasler|Protect|p1a: Sneasler\n|-singleturn|p1a: Sneasler|Protect\n|move|p2a: Dondozo|Wave Crash|p1a: Sneasler\n|-activate|p1a: Sneasler|move: Protect\n|move|p1b: Rillaboom|Wood Hammer|p2a: Dondozo\n|-supereffective|p2a: Dondozo\n|-crit|p2a: Dondozo\n|-damage|p2a: Dondozo|0 fnt\n|faint|p2a: Dondozo\n|-damage|p1b: Rillaboom|64\/100|[from] Recoil\n|\n|-heal|p1a: Sneasler|86\/100|[from] Grassy Terrain\n|-heal|p1b: Rillaboom|70\/100|[from] Grassy Terrain\n|upkeep\n|\n|t:|1729975472\n|switch|p2a: Annihilape|Annihilape, L50, F, shiny, tera:Fire|100\/100\n|turn|4\n|\n|t:|1729975476\n|move|p1b: Rillaboom|Grassy Glide|p2b: Tatsugiri\n|-damage|p2b: Tatsugiri|13\/100\n|move|p1a: Sneasler|Dire Claw|p2b: Tatsugiri\n|-damage|p2b: Tatsugiri|0 fnt\n|faint|p2b: Tatsugiri\n|move|p2a: Annihilape|Bulk Up|p2a: Annihilape\n|-boost|p2a: Annihilape|atk|1\n|-boost|p2a: Annihilape|def|1\n|\n|-heal|p1a: Sneasler|92\/100|[from] Grassy Terrain\n|-heal|p1b: Rillaboom|76\/100|[from] Grassy Terrain\n|upkeep\n|turn|5\n|\n|t:|1729975487\n|switch|p1b: Pelipper|Pelipper, L50, M|100\/100\n|-weather|RainDance|[from] ability: Drizzle|[of] p1b: Pelipper\n|move|p1a: Sneasler|Dire Claw|p2a: Annihilape\n|-damage|p2a: Annihilape|69\/100\n|move|p2a: Annihilape|Rage Fist|p1b: Pelipper\n|-damage|p1b: Pelipper|10\/100\n|\n|-weather|RainDance|[upkeep]\n|-heal|p1a: Sneasler|98\/100|[from] Grassy Terrain\n|-heal|p2a: Annihilape|75\/100|[from] Grassy Terrain\n|-fieldend|move: Grassy Terrain\n|upkeep\n|turn|6\n|\n|t:|1729975496\n|move|p1a: Sneasler|Dire Claw|p2a: Annihilape\n|-damage|p2a: Annihilape|43\/100\n|-enditem|p2a: Annihilape|Sitrus Berry|[eat]\n|-heal|p2a: Annihilape|68\/100|[from] item: Sitrus Berry\n|move|p2a: Annihilape|Drain Punch|p1b: Pelipper\n|-resisted|p1b: Pelipper\n|-damage|p1b: Pelipper|0 fnt\n|-heal|p2a: Annihilape|71\/100|[from] drain|[of] p1b: Pelipper\n|faint|p1b: Pelipper\n|\n|-weather|RainDance|[upkeep]\n|upkeep\n|\n|t:|1729975505\n|switch|p1b: Primarina|Primarina, L50, F|100\/100\n|turn|7\n|\n|t:|1729975514\n|move|p2a: Annihilape|Protect|p2a: Annihilape\n|-singleturn|p2a: Annihilape|Protect\n|move|p1b: Primarina|Protect|p1b: Primarina\n|-singleturn|p1b: Primarina|Protect\n|move|p1a: Sneasler|Dire Claw|p2a: Annihilape\n|-activate|p2a: Annihilape|move: Protect\n|\n|-weather|RainDance|[upkeep]\n|upkeep\n|turn|8\n|\n|t:|1729975518\n|move|p1a: Sneasler|Dire Claw|p2a: Annihilape\n|-damage|p2a: Annihilape|39\/100\n|move|p2a: Annihilape|Rage Fist|p1b: Primarina\n|-damage|p1b: Primarina|0 fnt\n|faint|p1b: Primarina\n|\n|-weather|RainDance|[upkeep]\n|upkeep\n|\n|t:|1729975521\n|switch|p1b: Rillaboom|Rillaboom, L50, F|76\/100\n|-fieldstart|move: Grassy Terrain|[from] ability: Grassy Surge|[of] p1b: Rillaboom\n|turn|9\n|\n|t:|1729975530\n|move|p2a: Annihilape|Protect|p2a: Annihilape\n|-singleturn|p2a: Annihilape|Protect\n|move|p1b: Rillaboom|Fake Out|p2a: Annihilape\n|-activate|p2a: Annihilape|move: Protect\n|move|p1a: Sneasler|Dire Claw|p2a: Annihilape\n|-activate|p2a: Annihilape|move: Protect\n|\n|-weather|none\n|-heal|p1a: Sneasler|100\/100|[from] Grassy Terrain\n|-heal|p2a: Annihilape|45\/100|[from] Grassy Terrain\n|-heal|p1b: Rillaboom|82\/100|[from] Grassy Terrain\n|upkeep\n|turn|10\n|\n|t:|1729975539\n|move|p1b: Rillaboom|Grassy Glide|p2a: Annihilape\n|-resisted|p2a: Annihilape\n|-damage|p2a: Annihilape|30\/100\n|move|p1a: Sneasler|Close Combat|p2a: Annihilape\n|-damage|p2a: Annihilape|0 fnt\n|-unboost|p1a: Sneasler|def|1\n|-unboost|p1a: Sneasler|spd|1\n|faint|p2a: Annihilape\n|\n|win|Kwiper\n|raw|Kwiper's rating: 1661 &rarr; <strong>1691<\/strong><br \/>(+30 for winning)\n|raw|chiitancrazymascot's rating: 1854 &rarr; <strong>1824<\/strong><br \/>(-30 for losing)\n|l|\u2606chiitancrazymascot\n|player|p2|\n|l|\u2606Kwiper\n|player|p1|\n|l| averno di mundi\n","uploadtime":1729975710,"views":16,"formatid":"gen9vgc2024regh","rating":1691,"private":0,"password":null}