{"id":"gen9vgc2024regh-2231350423","format":"[Gen 9] VGC 2024 Reg H","players":["SMDR","Zigbear"],"log":"|j|\u203dSMDR\n|j|\u2606Zigbear\n|t:|1729953701\n|gametype|doubles\n|player|p1|SMDR|bugcatcher-gen4dp|1703\n|player|p2|Zigbear|266|1641\n|teamsize|p1|6\n|teamsize|p2|6\n|gen|9\n|tier|[Gen 9] VGC 2024 Reg H\n|rated|\n|rule|Species Clause: Limit one of each Pok\u00e9mon\n|rule|Item Clause: Limit 1 of each item\n|clearpoke\n|poke|p1|Archaludon, L50, F|\n|poke|p1|Gholdengo, L50|\n|poke|p1|Murkrow, L50, F|\n|poke|p1|Ursaluna-Bloodmoon, L50, M|\n|poke|p1|Pelipper, L50, M|\n|poke|p1|Sneasler, L50, F|\n|poke|p2|Appletun, L50, M|\n|poke|p2|Incineroar, L50, F|\n|poke|p2|Electabuzz, L50, F|\n|poke|p2|Gholdengo, L50|\n|poke|p2|Slowking-Galar, L50, F|\n|poke|p2|Garchomp, L50, M|\n|teampreview|4\n|inactive|Battle timer is ON: inactive players will automatically lose when time's up. (requested by Zigbear)\n|inactive|Zigbear has 60 seconds left.\n|\n|t:|1729953751\n|start\n|switch|p1a: Murkrow|Murkrow, L50, F|100\/100\n|switch|p1b: Ursaluna|Ursaluna-Bloodmoon, L50, M|100\/100\n|switch|p2a: Slowking|Slowking-Galar, L50, F|100\/100\n|switch|p2b: Gholdengo|Gholdengo, L50|100\/100\n|turn|1\n|\n|t:|1729953774\n|switch|p2b: Appletun|Appletun, L50, M|100\/100\n|-terastallize|p2a: Slowking|Ground\n|move|p1b: Ursaluna|Protect|p1b: Ursaluna\n|-singleturn|p1b: Ursaluna|Protect\n|move|p1a: Murkrow|Tailwind|p1a: Murkrow\n|-sidestart|p1: SMDR|move: Tailwind\n|move|p2a: Slowking|Trick Room|p2a: Slowking\n|-fieldstart|move: Trick Room|[of] p2a: Slowking\n|\n|upkeep\n|turn|2\n|inactive|Zigbear has 30 seconds left.\n|\n|t:|1729953801\n|-terastallize|p1b: Ursaluna|Fairy\n|move|p2a: Slowking|Ice Beam|p1b: Ursaluna\n|-crit|p1b: Ursaluna\n|-damage|p1b: Ursaluna|62\/100\n|move|p2b: Appletun|Body Press|p1b: Ursaluna\n|-resisted|p1b: Ursaluna\n|-damage|p1b: Ursaluna|56\/100\n|move|p1b: Ursaluna|Hyper Voice|p2a: Slowking|[spread] p2a,p2b\n|-damage|p2a: Slowking|68\/100\n|-damage|p2b: Appletun|73\/100\n|-enditem|p1b: Ursaluna|Throat Spray\n|-boost|p1b: Ursaluna|spa|1|[from] item: Throat Spray\n|move|p1a: Murkrow|Brave Bird|p2b: Appletun\n|-supereffective|p2b: Appletun\n|-damage|p2b: Appletun|4\/100\n|-damage|p1a: Murkrow|71\/100|[from] Recoil\n|\n|-heal|p2b: Appletun|10\/100|[from] item: Leftovers\n|upkeep\n|turn|3\n|j| KIRBY OF DA STARS\n|\n|t:|1729953825\n|move|p1b: Ursaluna|Protect|p1b: Ursaluna\n|-singleturn|p1b: Ursaluna|Protect\n|move|p2a: Slowking|Calm Mind|p2a: Slowking\n|-boost|p2a: Slowking|spa|1\n|-boost|p2a: Slowking|spd|1\n|move|p2b: Appletun|Leech Seed|p1b: Ursaluna\n|-activate|p1b: Ursaluna|move: Protect\n|move|p1a: Murkrow|Brave Bird|p2b: Appletun\n|-supereffective|p2b: Appletun\n|-damage|p2b: Appletun|0 fnt\n|faint|p2b: Appletun\n|-damage|p1a: Murkrow|66\/100|[from] Recoil\n|\n|upkeep\n|\n|t:|1729953833\n|switch|p2b: Gholdengo|Gholdengo, L50|100\/100\n|turn|4\n|\n|t:|1729953851\n|switch|p1b: Archaludon|Archaludon, L50, F|100\/100\n|move|p1a: Murkrow|Taunt|p2a: Slowking\n|-start|p2a: Slowking|move: Taunt\n|move|p2a: Slowking|Ice Beam|p1a: Murkrow\n|-supereffective|p1a: Murkrow\n|-damage|p1a: Murkrow|0 fnt\n|faint|p1a: Murkrow\n|move|p2b: Gholdengo|Make It Rain|p1b: Archaludon\n|-resisted|p1b: Archaludon\n|-damage|p1b: Archaludon|69\/100\n|-unboost|p2b: Gholdengo|spa|1\n|-ability|p1b: Archaludon|Stamina|boost\n|-boost|p1b: Archaludon|def|1\n|-damage|p2b: Gholdengo|91\/100|[from] item: Life Orb\n|\n|-sideend|p1: SMDR|move: Tailwind\n|upkeep\n|j| Mixam91\n|inactive|SMDR has 30 seconds left.\n|\n|t:|1729953881\n|switch|p1a: Sneasler|Sneasler, L50, F|100\/100\n|turn|5\n|inactive|Zigbear has 30 seconds left.\n|\n|t:|1729953909\n|move|p1a: Sneasler|Fake Out|p2a: Slowking\n|-damage|p2a: Slowking|56\/100\n|cant|p2a: Slowking|flinch\n|move|p2b: Gholdengo|Nasty Plot|p2b: Gholdengo\n|-boost|p2b: Gholdengo|spa|2\n|move|p1b: Archaludon|Draco Meteor|p2a: Slowking\n|-damage|p2a: Slowking|17\/100\n|-unboost|p1b: Archaludon|spa|2\n|-enditem|p2a: Slowking|Sitrus Berry|[eat]\n|-heal|p2a: Slowking|42\/100|[from] item: Sitrus Berry\n|\n|-fieldend|move: Trick Room\n|upkeep\n|turn|6\n|inactive|SMDR has 30 seconds left.\n|\n|t:|1729953935\n|move|p1a: Sneasler|Throat Chop|p2b: Gholdengo\n|-supereffective|p2b: Gholdengo\n|-damage|p2b: Gholdengo|44\/100\n|-start|p2b: Gholdengo|Throat Chop|[silent]\n|move|p1b: Archaludon|Body Press|p2a: Slowking\n|-damage|p2a: Slowking|15\/100\n|move|p2b: Gholdengo|Make It Rain|p1b: Archaludon|[spread] p1a,p1b\n|-resisted|p1b: Archaludon\n|-enditem|p1a: Sneasler|Focus Sash\n|-damage|p1a: Sneasler|1\/100\n|-damage|p1b: Archaludon|29\/100\n|-unboost|p2b: Gholdengo|spa|1\n|-ability|p1b: Archaludon|Stamina|boost\n|-boost|p1b: Archaludon|def|1\n|-damage|p2b: Gholdengo|35\/100|[from] item: Life Orb\n|move|p2a: Slowking|Tera Blast|p1b: Archaludon|[anim] Tera Blast Ground\n|-supereffective|p1b: Archaludon\n|-damage|p1b: Archaludon|0 fnt\n|faint|p1b: Archaludon\n|\n|-end|p2a: Slowking|move: Taunt\n|upkeep\n|\n|t:|1729953954\n|switch|p1b: Ursaluna|Ursaluna-Bloodmoon, L50, M, tera:Fairy|56\/100\n|turn|7\n|\n|t:|1729953965\n|switch|p2a: Incineroar|Incineroar, L50, F|100\/100\n|-ability|p2a: Incineroar|Intimidate|boost\n|-unboost|p1a: Sneasler|atk|1\n|-unboost|p1b: Ursaluna|atk|1\n|move|p2b: Gholdengo|Protect|p2b: Gholdengo\n|-singleturn|p2b: Gholdengo|Protect\n|move|p1a: Sneasler|Throat Chop|p2b: Gholdengo\n|-activate|p2b: Gholdengo|move: Protect\n|move|p1b: Ursaluna|Hyper Voice|p2a: Incineroar|[spread] p2a\n|-activate|p2b: Gholdengo|move: Protect\n|-damage|p2a: Incineroar|68\/100\n|\n|-end|p2b: Gholdengo|Throat Chop|[silent]\n|upkeep\n|turn|8\n|\n|t:|1729953984\n|move|p2a: Incineroar|Fake Out|p1a: Sneasler\n|-damage|p1a: Sneasler|0 fnt\n|faint|p1a: Sneasler\n|move|p2b: Gholdengo|Make It Rain|p1b: Ursaluna\n|-supereffective|p1b: Ursaluna\n|-damage|p1b: Ursaluna|0 fnt\n|-unboost|p2b: Gholdengo|spa|1\n|faint|p1b: Ursaluna\n|-damage|p2b: Gholdengo|25\/100|[from] item: Life Orb\n|\n|win|Zigbear\n|raw|SMDR's rating: 1703 &rarr; <strong>1679<\/strong><br \/>(-24 for losing)\n|raw|Zigbear's rating: 1641 &rarr; <strong>1665<\/strong><br \/>(+24 for winning)\n|l|\u203dSMDR\n|player|p1|\n|l|\u2606Zigbear\n|player|p2|\n|l| Mixam91\n","uploadtime":1729954139,"views":18,"formatid":"gen9vgc2024regh","rating":1665,"private":0,"password":null}