{"id":"gen9vgc2024regh-2231564571","format":"[Gen 9] VGC 2024 Reg H","players":["grade a type b","chiitancrazymascot"],"log":"|j|\u2606grade a type b\n|j|\u2606chiitancrazymascot\n|t:|1729978014\n|gametype|doubles\n|player|p1|grade a type b|waiter-gen4dp|1657\n|player|p2|chiitancrazymascot|pokemaniac|1830\n|teamsize|p1|6\n|teamsize|p2|6\n|gen|9\n|tier|[Gen 9] VGC 2024 Reg H\n|rated|\n|rule|Species Clause: Limit one of each Pok\u00e9mon\n|rule|Item Clause: Limit 1 of each item\n|clearpoke\n|poke|p1|Gholdengo, L50|\n|poke|p1|Whimsicott, L50, M|\n|poke|p1|Ursaluna-Bloodmoon, L50, M|\n|poke|p1|Dragonite, L50, M|\n|poke|p1|Primarina, L50, F|\n|poke|p1|Blaziken, L50, M|\n|poke|p2|Annihilape, L50, M|\n|poke|p2|Dondozo, L50, F|\n|poke|p2|Maushold-Four, L50|\n|poke|p2|Gholdengo, L50|\n|poke|p2|Whimsicott, L50, M|\n|poke|p2|Tatsugiri, L50, F|\n|teampreview|4\n|inactive|Battle timer is ON: inactive players will automatically lose when time's up. (requested by grade a type b)\n|inactive|chiitancrazymascot also wants the timer to be on.\n|\n|t:|1729978029\n|start\n|switch|p1a: Booger Sugar|Whimsicott, L50, M, shiny|100\/100\n|switch|p1b: Blaziken|Blaziken, L50, M|100\/100\n|switch|p2a: Whimsicott|Whimsicott, L50, M, shiny|100\/100\n|switch|p2b: Gholdengo|Gholdengo, L50|100\/100\n|turn|1\n|inactive|grade a type b has 30 seconds left.\n|\n|t:|1729978061\n|move|p1a: Booger Sugar|Tailwind|p1a: Booger Sugar\n|-sidestart|p1: grade a type b|move: Tailwind\n|move|p2a: Whimsicott|Tailwind|p2a: Whimsicott\n|-sidestart|p2: chiitancrazymascot|move: Tailwind\n|move|p1b: Blaziken|Flare Blitz|p2b: Gholdengo\n|-supereffective|p2b: Gholdengo\n|-damage|p2b: Gholdengo|0 fnt\n|faint|p2b: Gholdengo\n|-damage|p1b: Blaziken|59\/100|[from] Recoil\n|\n|-ability|p1b: Blaziken|Speed Boost|boost\n|-boost|p1b: Blaziken|spe|1\n|upkeep\n|\n|t:|1729978069\n|switch|p2b: Dondozo|Dondozo, L50, F, shiny|100\/100\n|turn|2\n|\n|t:|1729978076\n|move|p2a: Whimsicott|Light Screen|p2a: Whimsicott\n|-sidestart|p2: chiitancrazymascot|move: Light Screen\n|move|p1b: Blaziken|Flare Blitz|p2a: Whimsicott\n|-supereffective|p2a: Whimsicott\n|-damage|p2a: Whimsicott|0 fnt\n|faint|p2a: Whimsicott\n|-damage|p1b: Blaziken|24\/100|[from] Recoil\n|move|p1a: Booger Sugar|Moonblast|p2b: Dondozo\n|-damage|p2b: Dondozo|81\/100\n|move|p2b: Dondozo|Wave Crash|p1b: Blaziken\n|-supereffective|p1b: Blaziken\n|-damage|p1b: Blaziken|0 fnt\n|faint|p1b: Blaziken\n|-damage|p2b: Dondozo|76\/100|[from] Recoil\n|\n|-heal|p2b: Dondozo|82\/100|[from] item: Leftovers\n|upkeep\n|\n|t:|1729978082\n|switch|p2a: Tatsugiri|Tatsugiri, L50, F, shiny|100\/100\n|switch|p1b: Late Game Reena|Primarina, L50, F, shiny|100\/100\n|-activate|p2a: Tatsugiri|ability: Commander|[of] p2b: Dondozo\n|-boost|p2b: Dondozo|atk|2\n|-boost|p2b: Dondozo|spa|2\n|-boost|p2b: Dondozo|spe|2\n|-boost|p2b: Dondozo|def|2\n|-boost|p2b: Dondozo|spd|2\n|turn|3\n|\n|t:|1729978088\n|-terastallize|p2b: Dondozo|Grass\n|move|p1a: Booger Sugar|Encore|p2b: Dondozo\n|-start|p2b: Dondozo|Encore\n|move|p2b: Dondozo|Wave Crash|p1b: Late Game Reena\n|-resisted|p1b: Late Game Reena\n|-damage|p1b: Late Game Reena|24\/100\n|-damage|p2b: Dondozo|64\/100|[from] Recoil\n|move|p1b: Late Game Reena|Haze|p1b: Late Game Reena\n|-clearallboost\n|\n|-heal|p2b: Dondozo|70\/100|[from] item: Leftovers\n|upkeep\n|turn|4\n|\n|t:|1729978099\n|move|p1b: Late Game Reena|Protect|p1b: Late Game Reena\n|-singleturn|p1b: Late Game Reena|Protect\n|move|p1a: Booger Sugar|Taunt|p2b: Dondozo\n|-start|p2b: Dondozo|move: Taunt\n|move|p2b: Dondozo|Wave Crash|p1b: Late Game Reena\n|-activate|p1b: Late Game Reena|move: Protect\n|\n|-heal|p2b: Dondozo|76\/100|[from] item: Leftovers\n|-sideend|p1: grade a type b|move: Tailwind\n|-sideend|p2: chiitancrazymascot|move: Tailwind\n|upkeep\n|turn|5\n|\n|t:|1729978108\n|move|p1a: Booger Sugar|Tailwind|p1a: Booger Sugar\n|-sidestart|p1: grade a type b|move: Tailwind\n|move|p1b: Late Game Reena|Moonblast|p2b: Dondozo\n|-damage|p2b: Dondozo|38\/100\n|move|p2b: Dondozo|Wave Crash|p1b: Late Game Reena\n|-resisted|p1b: Late Game Reena\n|-damage|p1b: Late Game Reena|0 fnt\n|faint|p1b: Late Game Reena\n|-damage|p2b: Dondozo|32\/100|[from] Recoil\n|\n|-heal|p2b: Dondozo|39\/100|[from] item: Leftovers\n|-end|p2b: Dondozo|Encore\n|upkeep\n|\n|t:|1729978113\n|switch|p1b: Scaling The Couch|Gholdengo, L50|100\/100\n|turn|6\n|\n|t:|1729978118\n|move|p1a: Booger Sugar|Moonblast|p2b: Dondozo\n|-damage|p2b: Dondozo|19\/100\n|move|p1b: Scaling The Couch|Shadow Ball|p2b: Dondozo\n|-damage|p2b: Dondozo|0 fnt\n|faint|p2b: Dondozo\n|\n|-sideend|p2: chiitancrazymascot|move: Light Screen\n|upkeep\n|turn|7\n|\n|t:|1729978124\n|move|p1a: Booger Sugar|Moonblast|p2a: Tatsugiri\n|-supereffective|p2a: Tatsugiri\n|-damage|p2a: Tatsugiri|34\/100\n|move|p1b: Scaling The Couch|Shadow Ball|p2a: Tatsugiri\n|-damage|p2a: Tatsugiri|0 fnt\n|faint|p2a: Tatsugiri\n|\n|win|grade a type b\n|raw|grade a type b's rating: 1657 &rarr; <strong>1686<\/strong><br \/>(+29 for winning)\n|raw|chiitancrazymascot's rating: 1830 &rarr; <strong>1801<\/strong><br \/>(-29 for losing)\n|l|\u2606chiitancrazymascot\n|player|p2|\n|l|\u2606grade a type b\n|player|p1|\n","uploadtime":1729978339,"views":21,"formatid":"gen9vgc2024regh","rating":1686,"private":0,"password":null}