{"id":"gen9vgc2024regh-2231653094","format":"[Gen 9] VGC 2024 Reg H","players":["chiitancrazymascot","pokequimico"],"log":"|j|\u2606chiitancrazymascot\n|j|\u2606pokequimico\n|t:|1729989199\n|gametype|doubles\n|player|p1|chiitancrazymascot|pokemaniac|1694\n|player|p2|pokequimico|lucas|1745\n|teamsize|p1|6\n|teamsize|p2|6\n|gen|9\n|tier|[Gen 9] VGC 2024 Reg H\n|rated|\n|rule|Species Clause: Limit one of each Pok\u00e9mon\n|rule|Item Clause: Limit 1 of each item\n|clearpoke\n|poke|p1|Annihilape, L50, M|\n|poke|p1|Dondozo, L50, F|\n|poke|p1|Maushold-Four, L50|\n|poke|p1|Gholdengo, L50|\n|poke|p1|Whimsicott, L50, M|\n|poke|p1|Tatsugiri, L50, F|\n|poke|p2|Sneasler, L50, M|\n|poke|p2|Typhlosion-Hisui, L50, M|\n|poke|p2|Rillaboom, L50, F|\n|poke|p2|Kingambit, L50, F|\n|poke|p2|Dragonite, L50, F|\n|poke|p2|Primarina, L50, M|\n|teampreview|4\n|inactive|Battle timer is ON: inactive players will automatically lose when time's up. (requested by chiitancrazymascot)\n|inactive|pokequimico has 60 seconds left.\n|\n|t:|1729989244\n|start\n|switch|p1a: Maushold|Maushold-Four, L50|100\/100\n|switch|p1b: Annihilape|Annihilape, L50, M, shiny|100\/100\n|switch|p2a: Typhlosion|Typhlosion-Hisui, L50, M|100\/100\n|switch|p2b: Sneasler|Sneasler, L50, M|100\/100\n|-item|p1a: Maushold|Focus Sash|[from] ability: Frisk|[of] p2a: Typhlosion\n|-item|p1b: Annihilape|Sitrus Berry|[from] ability: Frisk|[of] p2a: Typhlosion\n|turn|1\n|\n|t:|1729989265\n|move|p1a: Maushold|Protect|p1a: Maushold\n|-singleturn|p1a: Maushold|Protect\n|move|p2b: Sneasler|Fake Out|p1a: Maushold\n|-activate|p1a: Maushold|move: Protect\n|move|p2a: Typhlosion|Shadow Ball|p1b: Annihilape\n|-supereffective|p1b: Annihilape\n|-damage|p1b: Annihilape|50\/100\n|-unboost|p1b: Annihilape|spd|1\n|-ability|p1b: Annihilape|Defiant|boost\n|-boost|p1b: Annihilape|atk|2\n|-enditem|p1b: Annihilape|Sitrus Berry|[eat]\n|-heal|p1b: Annihilape|75\/100|[from] item: Sitrus Berry\n|move|p1b: Annihilape|Rage Fist|p2b: Sneasler\n|-enditem|p2b: Sneasler|Focus Sash\n|-damage|p2b: Sneasler|1\/100\n|\n|upkeep\n|turn|2\n|\n|t:|1729989285\n|switch|p2a: Rillaboom|Rillaboom, L50, F|100\/100\n|-fieldstart|move: Grassy Terrain|[from] ability: Grassy Surge|[of] p2a: Rillaboom\n|move|p1b: Annihilape|Protect|p1b: Annihilape\n|-singleturn|p1b: Annihilape|Protect\n|move|p2b: Sneasler|Close Combat|p1a: Maushold\n|-supereffective|p1a: Maushold\n|-enditem|p1a: Maushold|Focus Sash\n|-damage|p1a: Maushold|1\/100\n|-unboost|p2b: Sneasler|def|1\n|-unboost|p2b: Sneasler|spd|1\n|move|p1a: Maushold|Beat Up|p2b: Sneasler\n|-resisted|p2b: Sneasler\n|-damage|p2b: Sneasler|0 fnt\n|faint|p2b: Sneasler\n|-hitcount|p2: Sneasler|1\n|\n|-heal|p1a: Maushold|7\/100|[from] Grassy Terrain\n|-heal|p1b: Annihilape|81\/100|[from] Grassy Terrain\n|upkeep\n|\n|t:|1729989297\n|switch|p2b: Typhlosion|Typhlosion-Hisui, L50, M|100\/100\n|turn|3\n|\n|t:|1729989309\n|-terastallize|p2b: Typhlosion|Fire\n|-terastallize|p1b: Annihilape|Fire\n|move|p1a: Maushold|Protect|p1a: Maushold\n|-singleturn|p1a: Maushold|Protect\n|move|p2a: Rillaboom|Grassy Glide|p1b: Annihilape\n|-resisted|p1b: Annihilape\n|-damage|p1b: Annihilape|68\/100\n|move|p2b: Typhlosion|Eruption|p1b: Annihilape|[spread] p1b\n|-activate|p1a: Maushold|move: Protect\n|-resisted|p1b: Annihilape\n|-damage|p1b: Annihilape|35\/100\n|move|p1b: Annihilape|Rage Fist|p2a: Rillaboom\n|-damage|p2a: Rillaboom|0 fnt\n|faint|p2a: Rillaboom\n|\n|-heal|p1a: Maushold|13\/100|[from] Grassy Terrain\n|-heal|p1b: Annihilape|41\/100|[from] Grassy Terrain\n|upkeep\n|\n|t:|1729989315\n|switch|p2a: Primarina|Primarina, L50, M|100\/100\n|turn|4\n|\n|t:|1729989324\n|move|p1b: Annihilape|Protect|p1b: Annihilape\n|-singleturn|p1b: Annihilape|Protect\n|move|p2b: Typhlosion|Eruption|p1a: Maushold|[spread] p1a\n|-activate|p1b: Annihilape|move: Protect\n|-damage|p1a: Maushold|0 fnt\n|faint|p1a: Maushold\n|move|p2a: Primarina|Hyper Voice|p1b: Annihilape\n|-activate|p1b: Annihilape|move: Protect\n|\n|-heal|p1b: Annihilape|47\/100|[from] Grassy Terrain\n|upkeep\n|\n|t:|1729989333\n|switch|p1a: Dondozo|Dondozo, L50, F, shiny|100\/100\n|turn|5\n|\n|t:|1729989338\n|switch|p1b: Tatsugiri|Tatsugiri, L50, F, shiny|100\/100\n|-activate|p1b: Tatsugiri|ability: Commander|[of] p1a: Dondozo\n|-boost|p1a: Dondozo|atk|2\n|-boost|p1a: Dondozo|spa|2\n|-boost|p1a: Dondozo|spe|2\n|-boost|p1a: Dondozo|def|2\n|-boost|p1a: Dondozo|spd|2\n|move|p2b: Typhlosion|Eruption|p1b: Tatsugiri|[spread] p1a\n|-miss|p2b: Typhlosion|p1b: Tatsugiri\n|-resisted|p1a: Dondozo\n|-damage|p1a: Dondozo|78\/100\n|move|p1a: Dondozo|Wave Crash|p2b: Typhlosion\n|-supereffective|p2b: Typhlosion\n|-damage|p2b: Typhlosion|0 fnt\n|faint|p2b: Typhlosion\n|-damage|p1a: Dondozo|57\/100|[from] Recoil\n|move|p2a: Primarina|Haze|p2a: Primarina\n|-clearallboost\n|\n|-heal|p1a: Dondozo|63\/100|[from] Grassy Terrain\n|-heal|p1a: Dondozo|69\/100|[from] item: Leftovers\n|upkeep\n|turn|6\n|\n|t:|1729989343\n|move|p1a: Dondozo|Protect|p1a: Dondozo\n|-singleturn|p1a: Dondozo|Protect\n|move|p2a: Primarina|Moonblast|p1a: Dondozo\n|-activate|p1a: Dondozo|move: Protect\n|\n|-heal|p1a: Dondozo|75\/100|[from] Grassy Terrain\n|-heal|p1a: Dondozo|81\/100|[from] item: Leftovers\n|-fieldend|move: Grassy Terrain\n|upkeep\n|turn|7\n|\n|t:|1729989347\n|move|p2a: Primarina|Moonblast|p1a: Dondozo\n|-damage|p1a: Dondozo|8\/100\n|-damage|p2a: Primarina|90\/100|[from] item: Life Orb\n|move|p1a: Dondozo|Wave Crash|p2a: Primarina\n|-resisted|p2a: Primarina\n|-damage|p2a: Primarina|55\/100\n|-damage|p1a: Dondozo|0 fnt|[from] Recoil\n|faint|p1a: Dondozo\n|\n|upkeep\n|\n|t:|1729989350\n|switch|p1a: Annihilape|Annihilape, L50, M, shiny, tera:Fire|47\/100\n|turn|8\n|j| Moon7777\n|\n|t:|1729989357\n|move|p1a: Annihilape|Protect|p1a: Annihilape\n|-singleturn|p1a: Annihilape|Protect\n|move|p1b: Tatsugiri|Icy Wind|p2a: Primarina\n|-resisted|p2a: Primarina\n|-damage|p2a: Primarina|47\/100\n|-unboost|p2a: Primarina|spe|1\n|move|p2a: Primarina|Hyper Voice|p1a: Annihilape|[spread] p1b\n|-activate|p1a: Annihilape|move: Protect\n|-resisted|p1b: Tatsugiri\n|-damage|p1b: Tatsugiri|87\/100\n|-damage|p2a: Primarina|37\/100|[from] item: Life Orb\n|\n|upkeep\n|turn|9\n|\n|t:|1729989360\n|move|p1b: Tatsugiri|Icy Wind|p2a: Primarina\n|-resisted|p2a: Primarina\n|-damage|p2a: Primarina|29\/100\n|-unboost|p2a: Primarina|spe|1\n|move|p1a: Annihilape|Rage Fist|p2a: Primarina\n|-damage|p2a: Primarina|0 fnt\n|faint|p2a: Primarina\n|\n|win|chiitancrazymascot\n|raw|chiitancrazymascot's rating: 1694 &rarr; <strong>1717<\/strong><br \/>(+23 for winning)\n|raw|pokequimico's rating: 1745 &rarr; <strong>1722<\/strong><br \/>(-23 for losing)\n|l|\u2606chiitancrazymascot\n|player|p1|\n|l|\u2606pokequimico\n|player|p2|\n","uploadtime":1729989363,"views":24,"formatid":"gen9vgc2024regh","rating":1717,"private":0,"password":null}