{"id":"gen9vgc2024regh-2231290939","format":"[Gen 9] VGC 2024 Reg H","players":["WispWhimsicott","ryanplaytv"],"log":"|j|\u2606WispWhimsicott\n|j|\u2606ryanplaytv\n|t:|1729945631\n|gametype|doubles\n|player|p1|WispWhimsicott|wallace|1675\n|player|p2|ryanplaytv|hiker-gen4|1748\n|teamsize|p1|6\n|teamsize|p2|6\n|gen|9\n|tier|[Gen 9] VGC 2024 Reg H\n|rated|\n|rule|Species Clause: Limit one of each Pok\u00e9mon\n|rule|Item Clause: Limit 1 of each item\n|clearpoke\n|poke|p1|Gholdengo, L50|\n|poke|p1|Incineroar, L50, M|\n|poke|p1|Porygon2, L50|\n|poke|p1|Amoonguss, L50, F|\n|poke|p1|Garchomp, L50, M|\n|poke|p1|Sneasler, L50, M|\n|poke|p2|Dragonite, L50, M|\n|poke|p2|Primarina, L50, F|\n|poke|p2|Rillaboom, L50, M|\n|poke|p2|Tauros-Paldea-Blaze, L50, M|\n|poke|p2|Electabuzz, L50, M|\n|poke|p2|Kingambit, L50, M|\n|teampreview|4\n|inactive|Battle timer is ON: inactive players will automatically lose when time's up. (requested by WispWhimsicott)\n|j| UI Rain\n|inactive|ryanplaytv has 60 seconds left.\n|\n|t:|1729945682\n|start\n|switch|p1a: Sneasler|Sneasler, L50, M|100\/100\n|switch|p1b: Porygon2|Porygon2, L50|100\/100\n|switch|p2a: Tauros|Tauros-Paldea-Blaze, L50, M|100\/100\n|switch|p2b: Dragonite|Dragonite, L50, M|100\/100\n|-ability|p2a: Tauros|Intimidate|boost\n|-unboost|p1a: Sneasler|atk|1\n|-unboost|p1b: Porygon2|atk|1\n|-enditem|p1a: Sneasler|White Herb\n|-clearnegativeboost|p1a: Sneasler|[silent]\n|-ability|p1b: Porygon2|Download|boost\n|-boost|p1b: Porygon2|spa|1\n|-enditem|p2a: Tauros|Mirror Herb\n|-boost|p2a: Tauros|spa|1|[from] item: Mirror Herb\n|turn|1\n|inactive|WispWhimsicott has 30 seconds left.\n|\n|t:|1729945717\n|move|p1a: Sneasler|Fake Out|p2a: Tauros\n|-damage|p2a: Tauros|83\/100\n|cant|p2a: Tauros|flinch\n|move|p2b: Dragonite|Scale Shot|p1a: Sneasler|[miss]\n|-miss|p2b: Dragonite|p1a: Sneasler\n|move|p1b: Porygon2|Ice Beam|p2b: Dragonite\n|-supereffective|p2b: Dragonite\n|-damage|p2b: Dragonite|22\/100\n|\n|upkeep\n|turn|2\n|\n|t:|1729945739\n|move|p2b: Dragonite|Protect|p2b: Dragonite\n|-singleturn|p2b: Dragonite|Protect\n|move|p1a: Sneasler|Dire Claw|p2b: Dragonite\n|-activate|p2b: Dragonite|move: Protect\n|move|p2a: Tauros|Close Combat|p1b: Porygon2\n|-supereffective|p1b: Porygon2\n|-damage|p1b: Porygon2|37\/100\n|-unboost|p2a: Tauros|def|1\n|-unboost|p2a: Tauros|spd|1\n|move|p1b: Porygon2|Tera Blast|p2a: Tauros\n|-damage|p2a: Tauros|0 fnt\n|faint|p2a: Tauros\n|\n|upkeep\n|\n|t:|1729945757\n|switch|p2a: Electabuzz|Electabuzz, L50, M|100\/100\n|turn|3\n|\n|t:|1729945771\n|move|p2a: Electabuzz|Follow Me|p2a: Electabuzz\n|-singleturn|p2a: Electabuzz|move: Follow Me\n|move|p1a: Sneasler|Dire Claw|p2a: Electabuzz\n|-damage|p2a: Electabuzz|70\/100\n|move|p2b: Dragonite|Scale Shot|p1a: Sneasler\n|-damage|p1a: Sneasler|75\/100\n|-damage|p1a: Sneasler|47\/100\n|-damage|p1a: Sneasler|20\/100\n|-damage|p1a: Sneasler|0 fnt\n|faint|p1a: Sneasler\n|-hitcount|p1: Sneasler|4\n|-unboost|p2b: Dragonite|def|1\n|-boost|p2b: Dragonite|spe|1\n|move|p1b: Porygon2|Trick Room|p1b: Porygon2\n|-fieldstart|move: Trick Room|[of] p1b: Porygon2\n|\n|upkeep\n|\n|t:|1729945776\n|switch|p1a: Gholdengo|Gholdengo, L50|100\/100\n|turn|4\n|inactive|ryanplaytv has 30 seconds left.\n|inactive|ryanplaytv has 20 seconds left.\n|\n|t:|1729945813\n|move|p2b: Dragonite|Protect|p2b: Dragonite\n|-singleturn|p2b: Dragonite|Protect\n|move|p1b: Porygon2|Recover|p1b: Porygon2\n|-heal|p1b: Porygon2|87\/100\n|move|p2a: Electabuzz|Knock Off|p1a: Gholdengo\n|-supereffective|p1a: Gholdengo\n|-damage|p1a: Gholdengo|67\/100\n|-enditem|p1a: Gholdengo|Life Orb|[from] move: Knock Off|[of] p2a: Electabuzz\n|move|p1a: Gholdengo|Nasty Plot|p1a: Gholdengo\n|-boost|p1a: Gholdengo|spa|2\n|\n|upkeep\n|turn|5\n|inactive|ryanplaytv has 30 seconds left.\n|\n|t:|1729945840\n|move|p1b: Porygon2|Tera Blast|p2a: Electabuzz\n|-damage|p2a: Electabuzz|30\/100\n|move|p2a: Electabuzz|Knock Off|p1b: Porygon2\n|-damage|p1b: Porygon2|77\/100\n|-enditem|p1b: Porygon2|Eviolite|[from] move: Knock Off|[of] p2a: Electabuzz\n|move|p1a: Gholdengo|Make It Rain|p2a: Electabuzz|[spread] p2a,p2b\n|-resisted|p2a: Electabuzz\n|-damage|p2a: Electabuzz|0 fnt\n|-damage|p2b: Dragonite|0 fnt\n|-unboost|p1a: Gholdengo|spa|1\n|faint|p2a: Electabuzz\n|faint|p2b: Dragonite\n|\n|upkeep\n|\n|t:|1729945844\n|switch|p2b: Primarina|Primarina, L50, F, shiny|100\/100\n|turn|6\n|\n|t:|1729945858\n|move|p1b: Porygon2|Tera Blast|p2b: Primarina\n|-damage|p2b: Primarina|52\/100\n|move|p2b: Primarina|Hyper Voice|p1b: Porygon2|[spread] p1a,p1b\n|-damage|p1a: Gholdengo|20\/100\n|-damage|p1b: Porygon2|36\/100\n|-damage|p2b: Primarina|43\/100|[from] item: Life Orb\n|move|p1a: Gholdengo|Make It Rain|p2b: Primarina\n|-damage|p2b: Primarina|0 fnt\n|-unboost|p1a: Gholdengo|spa|1\n|faint|p2b: Primarina\n|\n|win|WispWhimsicott\n|raw|WispWhimsicott's rating: 1675 &rarr; <strong>1699<\/strong><br \/>(+24 for winning)\n|raw|ryanplaytv's rating: 1748 &rarr; <strong>1724<\/strong><br \/>(-24 for losing)\n|l|\u2606WispWhimsicott\n|player|p1|\n|l|\u2606ryanplaytv\n|player|p2|\n","uploadtime":1729946089,"views":12,"formatid":"gen9vgc2024regh","rating":1699,"private":0,"password":null}