{"id":"gen9vgc2024regh-2231654506","format":"[Gen 9] VGC 2024 Reg H","players":["Psyducks in 6","pokequimico"],"log":"|j|\u2606Psyducks in 6\n|j|\u2606pokequimico\n|t:|1729989385\n|gametype|doubles\n|player|p1|Psyducks in 6|hiker-gen4|1644\n|player|p2|pokequimico|lucas|1722\n|teamsize|p1|6\n|teamsize|p2|6\n|gen|9\n|tier|[Gen 9] VGC 2024 Reg H\n|rated|\n|rule|Species Clause: Limit one of each Pok\u00e9mon\n|rule|Item Clause: Limit 1 of each item\n|clearpoke\n|poke|p1|Annihilape, L50, F|\n|poke|p1|Garchomp, L50, M|\n|poke|p1|Corviknight, L50, M|\n|poke|p1|Clefable, L50, F|\n|poke|p1|Gholdengo, L50|\n|poke|p1|Incineroar, L50, F|\n|poke|p2|Sneasler, L50, M|\n|poke|p2|Typhlosion-Hisui, L50, M|\n|poke|p2|Rillaboom, L50, F|\n|poke|p2|Kingambit, L50, M|\n|poke|p2|Dragonite, L50, M|\n|poke|p2|Primarina, L50, M|\n|teampreview|4\n|\n|t:|1729989422\n|start\n|switch|p1a: Garchomp|Garchomp, L50, M|100\/100\n|switch|p1b: Annihilape|Annihilape, L50, F|100\/100\n|switch|p2a: Typhlosion|Typhlosion-Hisui, L50, M|100\/100\n|switch|p2b: Primarina|Primarina, L50, M|100\/100\n|-item|p1a: Garchomp|Life Orb|[from] ability: Frisk|[of] p2a: Typhlosion\n|-item|p1b: Annihilape|Choice Scarf|[from] ability: Frisk|[of] p2a: Typhlosion\n|turn|1\n|inactive|Battle timer is ON: inactive players will automatically lose when time's up. (requested by pokequimico)\n|\n|t:|1729989447\n|move|p2b: Primarina|Protect|p2b: Primarina\n|-singleturn|p2b: Primarina|Protect\n|move|p2a: Typhlosion|Eruption|p1b: Annihilape|[spread] p1a,p1b\n|-resisted|p1a: Garchomp\n|-damage|p1a: Garchomp|66\/100\n|-damage|p1b: Annihilape|45\/100\n|move|p1b: Annihilape|U-turn|p2a: Typhlosion\n|-resisted|p2a: Typhlosion\n|-damage|p2a: Typhlosion|94\/100\n|\n|t:|1729989456\n|switch|p1b: Corviknight|Corviknight, L50, M|100\/100|[from] U-turn\n|move|p1a: Garchomp|Earthquake|p2a: Typhlosion|[spread] p2a\n|-activate|p2b: Primarina|move: Protect\n|-immune|p1b: Corviknight\n|-supereffective|p2a: Typhlosion\n|-damage|p2a: Typhlosion|0 fnt\n|faint|p2a: Typhlosion\n|-damage|p1a: Garchomp|56\/100|[from] item: Life Orb\n|\n|upkeep\n|\n|t:|1729989463\n|switch|p2a: Kingambit|Kingambit, L50, M|100\/100\n|turn|2\n|\n|t:|1729989473\n|-terastallize|p2a: Kingambit|Dark\n|move|p1a: Garchomp|Earthquake|p2a: Kingambit|[spread] p2a,p2b\n|-immune|p1b: Corviknight\n|-damage|p2a: Kingambit|63\/100\n|-damage|p2b: Primarina|40\/100\n|-damage|p1a: Garchomp|47\/100|[from] item: Life Orb\n|move|p2b: Primarina|Hyper Voice|p1b: Corviknight|[spread] p1a,p1b\n|-damage|p1a: Garchomp|0 fnt\n|-damage|p1b: Corviknight|66\/100\n|faint|p1a: Garchomp\n|-damage|p2b: Primarina|30\/100|[from] item: Life Orb\n|move|p1b: Corviknight|Body Press|p2a: Kingambit\n|-supereffective|p2a: Kingambit\n|-damage|p2a: Kingambit|32\/100\n|move|p2a: Kingambit|Swords Dance|p2a: Kingambit\n|-boost|p2a: Kingambit|atk|2\n|\n|upkeep\n|\n|t:|1729989489\n|switch|p1a: Clefable|Clefable, L50, F|100\/100\n|turn|3\n|\n|t:|1729989505\n|move|p2a: Kingambit|Protect|p2a: Kingambit\n|-singleturn|p2a: Kingambit|Protect\n|move|p2b: Primarina|Moonblast|p1a: Clefable\n|-damage|p1a: Clefable|46\/100\n|-unboost|p1a: Clefable|spa|1\n|-damage|p2b: Primarina|20\/100|[from] item: Life Orb\n|move|p1b: Corviknight|Brave Bird|p2b: Primarina\n|-damage|p2b: Primarina|0 fnt\n|faint|p2b: Primarina\n|-damage|p1b: Corviknight|61\/100|[from] Recoil\n|move|p1a: Clefable|Life Dew|p1a: Clefable|[spread] p1a,p1b\n|-heal|p1a: Clefable|71\/100\n|-heal|p1b: Corviknight|86\/100\n|\n|upkeep\n|\n|t:|1729989516\n|switch|p2b: Rillaboom|Rillaboom, L50, F|100\/100\n|-fieldstart|move: Grassy Terrain|[from] ability: Grassy Surge|[of] p2b: Rillaboom\n|turn|4\n|j| Moon7777\n|\n|t:|1729989539\n|move|p2b: Rillaboom|Fake Out|p1b: Corviknight\n|-resisted|p1b: Corviknight\n|-damage|p1b: Corviknight|80\/100\n|-damage|p2b: Rillaboom|84\/100|[from] item: Rocky Helmet|[of] p1b: Corviknight\n|move|p1a: Clefable|Follow Me|p1a: Clefable\n|-singleturn|p1a: Clefable|move: Follow Me\n|cant|p1b: Corviknight|flinch\n|move|p2a: Kingambit|Kowtow Cleave|p1a: Clefable\n|-resisted|p1a: Clefable\n|-damage|p1a: Clefable|41\/100\n|\n|-heal|p2b: Rillaboom|90\/100|[from] Grassy Terrain\n|-heal|p1a: Clefable|47\/100|[from] Grassy Terrain\n|-heal|p2a: Kingambit|38\/100|[from] Grassy Terrain\n|upkeep\n|turn|5\n|\n|t:|1729989564\n|move|p1a: Clefable|Protect|p1a: Clefable\n|-singleturn|p1a: Clefable|Protect\n|move|p2b: Rillaboom|Wood Hammer|p1a: Clefable\n|-activate|p1a: Clefable|move: Protect\n|move|p1b: Corviknight|Brave Bird|p2b: Rillaboom\n|-supereffective|p2b: Rillaboom\n|-damage|p2b: Rillaboom|14\/100\n|-damage|p1b: Corviknight|56\/100|[from] Recoil\n|move|p2a: Kingambit|Kowtow Cleave|p1b: Corviknight\n|-damage|p1b: Corviknight|0 fnt\n|-damage|p2a: Kingambit|22\/100|[from] item: Rocky Helmet|[of] p1b: Corviknight\n|faint|p1b: Corviknight\n|\n|-heal|p2b: Rillaboom|20\/100|[from] Grassy Terrain\n|-heal|p1a: Clefable|53\/100|[from] Grassy Terrain\n|-heal|p2a: Kingambit|28\/100|[from] Grassy Terrain\n|upkeep\n|j| cycie of sorrow\n|\n|t:|1729989577\n|switch|p1b: Annihilape|Annihilape, L50, F|45\/100\n|turn|6\n|l| cycie of sorrow\n|\n|t:|1729989595\n|move|p1a: Clefable|Follow Me|p1a: Clefable\n|-singleturn|p1a: Clefable|move: Follow Me\n|move|p1b: Annihilape|Low Sweep|p2a: Kingambit\n|-supereffective|p2a: Kingambit\n|-damage|p2a: Kingambit|0 fnt\n|faint|p2a: Kingambit\n|move|p2b: Rillaboom|Wood Hammer|p1a: Clefable\n|-damage|p1a: Clefable|0 fnt\n|faint|p1a: Clefable\n|-damage|p2b: Rillaboom|3\/100|[from] Recoil\n|\n|-heal|p1b: Annihilape|51\/100|[from] Grassy Terrain\n|-heal|p2b: Rillaboom|9\/100|[from] Grassy Terrain\n|upkeep\n|turn|7\n|\n|t:|1729989607\n|-terastallize|p1b: Annihilape|Flying\n|move|p1b: Annihilape|Low Sweep|p2b: Rillaboom\n|-damage|p2b: Rillaboom|0 fnt\n|faint|p2b: Rillaboom\n|\n|win|Psyducks in 6\n|raw|Psyducks in 6's rating: 1644 &rarr; <strong>1668<\/strong><br \/>(+24 for winning)\n|raw|pokequimico's rating: 1722 &rarr; <strong>1698<\/strong><br \/>(-24 for losing)\n|l|\u2606pokequimico\n|player|p2|\n","uploadtime":1729989835,"views":13,"formatid":"gen9vgc2024regh","rating":1668,"private":0,"password":null}