{"id":"gen9vgc2024regh-2231315028","format":"[Gen 9] VGC 2024 Reg H","players":["bluestraggler01","Isloe"],"log":"|j|\u2606bluestraggler01\n|j|\u2606Isloe\n|t:|1729949175\n|gametype|doubles\n|player|p1|bluestraggler01|2|1751\n|player|p2|Isloe|dahlia|1765\n|teamsize|p1|6\n|teamsize|p2|6\n|gen|9\n|tier|[Gen 9] VGC 2024 Reg H\n|rated|\n|rule|Species Clause: Limit one of each Pok\u00e9mon\n|rule|Item Clause: Limit 1 of each item\n|clearpoke\n|poke|p1|Talonflame, L50, M|\n|poke|p1|Krookodile, L50, F|\n|poke|p1|Archaludon, L50, F|\n|poke|p1|Pelipper, L50, F|\n|poke|p1|Annihilape, L50, M|\n|poke|p1|Brambleghast, L50, M|\n|poke|p2|Incineroar, L50, F|\n|poke|p2|Amoonguss, L50, M|\n|poke|p2|Porygon2, L50|\n|poke|p2|Garchomp, L50, M|\n|poke|p2|Gholdengo, L50|\n|poke|p2|Dragonite, L50, M|\n|teampreview|4\n|inactive|Battle timer is ON: inactive players will automatically lose when time's up. (requested by bluestraggler01)\n|inactive|Isloe has 60 seconds left.\n|\n|t:|1729949242\n|start\n|switch|p1a: \u592d\u733f\u4e01\u771f|Annihilape, L50, M|100\/100\n|switch|p1b: \u773c\u5f71\u4e01\u771f|Krookodile, L50, F|100\/100\n|switch|p2a: Porygon2|Porygon2, L50|100\/100\n|switch|p2b: Amoonguss|Amoonguss, L50, M|100\/100\n|-ability|p1b: \u773c\u5f71\u4e01\u771f|Intimidate|boost\n|-unboost|p2a: Porygon2|atk|1\n|-unboost|p2b: Amoonguss|atk|1\n|-ability|p2a: Porygon2|Download|boost\n|-boost|p2a: Porygon2|spa|1\n|turn|1\n|inactive|Isloe has 30 seconds left.\n|\n|t:|1729949274\n|switch|p2a: Gholdengo|Gholdengo, L50|100\/100\n|move|p1a: \u592d\u733f\u4e01\u771f|Taunt|p2a: Gholdengo\n|-immune|p2a: Gholdengo|[from] ability: Good as Gold\n|move|p1b: \u773c\u5f71\u4e01\u771f|Knock Off|p2b: Amoonguss\n|-damage|p2b: Amoonguss|37\/100\n|-enditem|p2b: Amoonguss|Sitrus Berry|[from] move: Knock Off|[of] p1b: \u773c\u5f71\u4e01\u771f\n|move|p2b: Amoonguss|Spore|p1b: \u773c\u5f71\u4e01\u771f\n|-status|p1b: \u773c\u5f71\u4e01\u771f|slp|[from] move: Spore\n|\n|upkeep\n|turn|2\n|\n|t:|1729949290\n|switch|p1b: \u7ffc\u9e70\u4e01\u771f|Talonflame, L50, M|100\/100\n|switch|p2b: Porygon2|Porygon2, L50|100\/100\n|-ability|p2b: Porygon2|Download|boost\n|-boost|p2b: Porygon2|atk|1\n|move|p1a: \u592d\u733f\u4e01\u771f|Rage Fist|p2a: Gholdengo\n|-supereffective|p2a: Gholdengo\n|-damage|p2a: Gholdengo|53\/100\n|move|p2a: Gholdengo|Nasty Plot|p2a: Gholdengo\n|-boost|p2a: Gholdengo|spa|2\n|\n|upkeep\n|turn|3\n|inactive|Isloe has 30 seconds left.\n|inactive|Isloe has 20 seconds left.\n|inactive|Isloe has 15 seconds left.\n|\n|t:|1729949330\n|-terastallize|p1a: \u592d\u733f\u4e01\u771f|Steel\n|-terastallize|p2a: Gholdengo|Dragon\n|move|p1b: \u7ffc\u9e70\u4e01\u771f|Heat Wave|p2b: Porygon2|[spread] p2a,p2b\n|-resisted|p2a: Gholdengo\n|-damage|p2a: Gholdengo|39\/100\n|-damage|p2b: Porygon2|86\/100\n|move|p1a: \u592d\u733f\u4e01\u771f|Taunt|p2b: Porygon2\n|-start|p2b: Porygon2|move: Taunt\n|move|p2a: Gholdengo|Make It Rain|p1b: \u7ffc\u9e70\u4e01\u771f|[spread] p1a,p1b\n|-resisted|p1a: \u592d\u733f\u4e01\u771f\n|-resisted|p1b: \u7ffc\u9e70\u4e01\u771f\n|-damage|p1a: \u592d\u733f\u4e01\u771f|46\/100\n|-damage|p1b: \u7ffc\u9e70\u4e01\u771f|19\/100\n|-unboost|p2a: Gholdengo|spa|1\n|-damage|p2a: Gholdengo|29\/100|[from] item: Life Orb\n|cant|p2b: Porygon2|move: Taunt|Trick Room\n|\n|upkeep\n|turn|4\n|inactive|Isloe has 30 seconds left.\n|\n|t:|1729949355\n|switch|p1b: \u773c\u5f71\u4e01\u771f|Krookodile, L50, F|100\/100 slp\n|-ability|p1b: \u773c\u5f71\u4e01\u771f|Intimidate|boost\n|-unboost|p2a: Gholdengo|atk|1\n|-unboost|p2b: Porygon2|atk|1\n|move|p2a: Gholdengo|Protect|p2a: Gholdengo\n|-singleturn|p2a: Gholdengo|Protect\n|move|p1a: \u592d\u733f\u4e01\u771f|Rage Fist|p2a: Gholdengo\n|-activate|p2a: Gholdengo|move: Protect\n|move|p2b: Porygon2|Tera Blast|p1b: \u773c\u5f71\u4e01\u771f\n|-damage|p1b: \u773c\u5f71\u4e01\u771f|56\/100 slp\n|\n|upkeep\n|turn|5\n|\n|t:|1729949373\n|switch|p2a: Amoonguss|Amoonguss, L50, M|71\/100\n|move|p1a: \u592d\u733f\u4e01\u771f|Rage Fist|p2a: Amoonguss\n|-damage|p2a: Amoonguss|37\/100\n|cant|p1b: \u773c\u5f71\u4e01\u771f|slp\n|move|p2b: Porygon2|Ice Beam|p1b: \u773c\u5f71\u4e01\u771f\n|-supereffective|p1b: \u773c\u5f71\u4e01\u771f\n|-damage|p1b: \u773c\u5f71\u4e01\u771f|0 fnt\n|faint|p1b: \u773c\u5f71\u4e01\u771f\n|\n|-end|p2b: Porygon2|move: Taunt\n|upkeep\n|\n|t:|1729949384\n|switch|p1b: \u7ffc\u9e70\u4e01\u771f|Talonflame, L50, M|19\/100\n|turn|6\n|\n|t:|1729949394\n|switch|p2a: Gholdengo|Gholdengo, L50, tera:Dragon|29\/100\n|move|p1b: \u7ffc\u9e70\u4e01\u771f|Heat Wave|p2b: Porygon2|[spread] p2a,p2b\n|-resisted|p2a: Gholdengo\n|-damage|p2a: Gholdengo|15\/100\n|-damage|p2b: Porygon2|70\/100\n|move|p1a: \u592d\u733f\u4e01\u771f|Taunt|p2b: Porygon2\n|-start|p2b: Porygon2|move: Taunt\n|move|p2b: Porygon2|Tera Blast|p1b: \u7ffc\u9e70\u4e01\u771f\n|-damage|p1b: \u7ffc\u9e70\u4e01\u771f|0 fnt\n|faint|p1b: \u7ffc\u9e70\u4e01\u771f\n|\n|upkeep\n|\n|t:|1729949404\n|switch|p1b: \u96e8\u4e91\u4e01\u771f|Pelipper, L50, F|100\/100\n|-weather|RainDance|[from] ability: Drizzle|[of] p1b: \u96e8\u4e91\u4e01\u771f\n|turn|7\n|\n|t:|1729949416\n|switch|p2a: Amoonguss|Amoonguss, L50, M|70\/100\n|move|p1a: \u592d\u733f\u4e01\u771f|Rage Fist|p2a: Amoonguss\n|-damage|p2a: Amoonguss|37\/100\n|move|p1b: \u96e8\u4e91\u4e01\u771f|Weather Ball|p2b: Porygon2\n|-damage|p2b: Porygon2|14\/100\n|move|p2b: Porygon2|Tera Blast|p1b: \u96e8\u4e91\u4e01\u771f\n|-crit|p1b: \u96e8\u4e91\u4e01\u771f\n|-damage|p1b: \u96e8\u4e91\u4e01\u771f|22\/100\n|\n|-weather|RainDance|[upkeep]\n|upkeep\n|turn|8\n|inactive|Isloe has 30 seconds left.\n|\n|t:|1729949446\n|move|p1a: \u592d\u733f\u4e01\u771f|Close Combat|p2b: Porygon2\n|-supereffective|p2b: Porygon2\n|-damage|p2b: Porygon2|0 fnt\n|-unboost|p1a: \u592d\u733f\u4e01\u771f|def|1\n|-unboost|p1a: \u592d\u733f\u4e01\u771f|spd|1\n|faint|p2b: Porygon2\n|move|p1b: \u96e8\u4e91\u4e01\u771f|Weather Ball|p2a: Amoonguss\n|-resisted|p2a: Amoonguss\n|-damage|p2a: Amoonguss|0 fnt\n|faint|p2a: Amoonguss\n|\n|-weather|RainDance|[upkeep]\n|upkeep\n|\n|t:|1729949450\n|switch|p2b: Gholdengo|Gholdengo, L50, tera:Dragon|15\/100\n|switch|p2a: Garchomp|Garchomp, L50, M|100\/100\n|turn|9\n|-message|bluestraggler01 forfeited.\n|\n|win|Isloe\n|raw|bluestraggler01's rating: 1751 &rarr; <strong>1732<\/strong><br \/>(-19 for losing)\n|raw|Isloe's rating: 1765 &rarr; <strong>1784<\/strong><br \/>(+19 for winning)\n|l|\u2606bluestraggler01\n|player|p1|\n|l|\u2606Isloe\n|player|p2|\n","uploadtime":1729949697,"views":25,"formatid":"gen9vgc2024regh","rating":1732,"private":0,"password":null}