{"id":"gen9vgc2024regh-2231661852","format":"[Gen 9] VGC 2024 Reg H","players":["pokequimico","Psyducks in 6"],"log":"|j|\u2606pokequimico\n|j|\u2606Psyducks in 6\n|t:|1729990370\n|gametype|doubles\n|player|p1|pokequimico|lucas|1702\n|player|p2|Psyducks in 6|hiker-gen4|1673\n|teamsize|p1|6\n|teamsize|p2|6\n|gen|9\n|tier|[Gen 9] VGC 2024 Reg H\n|rated|\n|rule|Species Clause: Limit one of each Pok\u00e9mon\n|rule|Item Clause: Limit 1 of each item\n|clearpoke\n|poke|p1|Sneasler, L50, F|\n|poke|p1|Typhlosion-Hisui, L50, M|\n|poke|p1|Rillaboom, L50, M|\n|poke|p1|Kingambit, L50, F|\n|poke|p1|Dragonite, L50, F|\n|poke|p1|Primarina, L50, F|\n|poke|p2|Annihilape, L50, M|\n|poke|p2|Garchomp, L50, F|\n|poke|p2|Corviknight, L50, M|\n|poke|p2|Clefable, L50, F|\n|poke|p2|Gholdengo, L50|\n|poke|p2|Incineroar, L50, F|\n|teampreview|4\n|\n|t:|1729990403\n|start\n|switch|p1a: Sneasler|Sneasler, L50, F|100\/100\n|switch|p1b: Kingambit|Kingambit, L50, F|100\/100\n|switch|p2a: Annihilape|Annihilape, L50, M|100\/100\n|switch|p2b: Garchomp|Garchomp, L50, F|100\/100\n|turn|1\n|inactive|Battle timer is ON: inactive players will automatically lose when time's up. (requested by pokequimico)\n|j| Moon7777\n|\n|t:|1729990432\n|move|p1b: Kingambit|Protect|p1b: Kingambit\n|-singleturn|p1b: Kingambit|Protect\n|move|p2a: Annihilape|Coaching|p2b: Garchomp\n|-boost|p2b: Garchomp|atk|1\n|-boost|p2b: Garchomp|def|1\n|move|p1a: Sneasler|Dire Claw|p2a: Annihilape\n|-resisted|p2a: Annihilape\n|-damage|p2a: Annihilape|81\/100\n|-status|p2a: Annihilape|slp\n|move|p2b: Garchomp|Dragon Claw|p1a: Sneasler\n|-enditem|p1a: Sneasler|Focus Sash\n|-damage|p1a: Sneasler|1\/100\n|-damage|p2b: Garchomp|91\/100|[from] item: Life Orb\n|\n|upkeep\n|turn|2\n|\n|t:|1729990448\n|switch|p2a: Corviknight|Corviknight, L50, M|100\/100\n|switch|p1b: Dragonite|Dragonite, L50, F|100\/100\n|move|p1a: Sneasler|Coaching|p1b: Dragonite\n|-boost|p1b: Dragonite|atk|1\n|-boost|p1b: Dragonite|def|1\n|move|p2b: Garchomp|Earthquake|p1b: Dragonite|[spread] p1a\n|-immune|p2a: Corviknight\n|-immune|p1b: Dragonite\n|-supereffective|p1a: Sneasler\n|-damage|p1a: Sneasler|0 fnt\n|faint|p1a: Sneasler\n|-damage|p2b: Garchomp|81\/100|[from] item: Life Orb\n|\n|upkeep\n|\n|t:|1729990464\n|switch|p1a: Kingambit|Kingambit, L50, F|100\/100\n|turn|3\n|\n|t:|1729990478\n|-terastallize|p1b: Dragonite|Fairy\n|move|p2b: Garchomp|Protect|p2b: Garchomp\n|-singleturn|p2b: Garchomp|Protect\n|move|p1a: Kingambit|Protect|p1a: Kingambit\n|-singleturn|p1a: Kingambit|Protect\n|move|p1b: Dragonite|Scale Shot|p2b: Garchomp\n|-activate|p2b: Garchomp|move: Protect\n|move|p2a: Corviknight|Brave Bird|p1b: Dragonite\n|-damage|p1b: Dragonite|89\/100\n|-damage|p2a: Corviknight|97\/100|[from] Recoil\n|\n|upkeep\n|turn|4\n|\n|t:|1729990498\n|switch|p1a: Typhlosion|Typhlosion-Hisui, L50, M|100\/100\n|-item|p2a: Corviknight|Rocky Helmet|[from] ability: Frisk|[of] p1a: Typhlosion\n|-item|p2b: Garchomp|Life Orb|[from] ability: Frisk|[of] p1a: Typhlosion\n|-terastallize|p2b: Garchomp|Steel\n|move|p2b: Garchomp|Earthquake|p1b: Dragonite|[spread] p1a,p1b\n|-immune|p2a: Corviknight\n|-supereffective|p1a: Typhlosion\n|-damage|p1a: Typhlosion|0 fnt\n|-damage|p1b: Dragonite|42\/100\n|faint|p1a: Typhlosion\n|-damage|p2b: Garchomp|71\/100|[from] item: Life Orb\n|move|p1b: Dragonite|Scale Shot|p2b: Garchomp|[miss]\n|-miss|p1b: Dragonite|p2b: Garchomp\n|move|p2a: Corviknight|Body Press|p1b: Dragonite\n|-resisted|p1b: Dragonite\n|-damage|p1b: Dragonite|35\/100\n|\n|upkeep\n|\n|t:|1729990505\n|switch|p1a: Kingambit|Kingambit, L50, F|100\/100\n|turn|5\n|\n|t:|1729990521\n|move|p2b: Garchomp|Earthquake|p1b: Dragonite|[spread] p1a,p1b\n|-immune|p2a: Corviknight\n|-supereffective|p1a: Kingambit\n|-damage|p1a: Kingambit|0 fnt\n|-damage|p1b: Dragonite|0 fnt\n|faint|p1a: Kingambit\n|faint|p1b: Dragonite\n|-damage|p2b: Garchomp|61\/100|[from] item: Life Orb\n|\n|win|Psyducks in 6\n|raw|pokequimico's rating: 1702 &rarr; <strong>1680<\/strong><br \/>(-22 for losing)\n|raw|Psyducks in 6's rating: 1673 &rarr; <strong>1695<\/strong><br \/>(+22 for winning)\n|l|\u2606pokequimico\n|player|p1|\n","uploadtime":1729990664,"views":12,"formatid":"gen9vgc2024regh","rating":1680,"private":0,"password":null}