{"id":"gen9vgc2024regh-2231751080","format":"[Gen 9] VGC 2024 Reg H","players":["rainha678","OSAMABINGETINLADIN"],"log":"|j|\u2606rainha678\n|j|\u2606OSAMABINGETINLADIN\n|t:|1730002881\n|gametype|doubles\n|player|p1|rainha678|102|1697\n|player|p2|OSAMABINGETINLADIN|policeman-gen4|1816\n|teamsize|p1|6\n|teamsize|p2|6\n|gen|9\n|tier|[Gen 9] VGC 2024 Reg H\n|rated|\n|rule|Species Clause: Limit one of each Pok\u00e9mon\n|rule|Item Clause: Limit 1 of each item\n|clearpoke\n|poke|p1|Indeedee-F, L50, F|\n|poke|p1|Whimsicott, L50, M|\n|poke|p1|Armarouge, L50, F|\n|poke|p1|Annihilape, L50, F|\n|poke|p1|Scizor, L50, F|\n|poke|p1|Dragonite, L50, M|\n|poke|p2|Sneasler, L50, M|\n|poke|p2|Indeedee, L50, M|\n|poke|p2|Dragapult, L50, F|\n|poke|p2|Decidueye-Hisui, L50, F|\n|poke|p2|Typhlosion-Hisui, L50, F|\n|poke|p2|Whimsicott, L50, M|\n|teampreview|4\n|inactive|Battle timer is ON: inactive players will automatically lose when time's up. (requested by OSAMABINGETINLADIN)\n|inactive|rainha678 has 60 seconds left.\n|\n|t:|1730002917\n|start\n|switch|p1a: Whimsicott|Whimsicott, L50, M|100\/100\n|switch|p1b: Dragonite|Dragonite, L50, M|100\/100\n|switch|p2a: Paul Allen|Sneasler, L50, M, shiny|100\/100\n|switch|p2b: Patrick Bateman|Indeedee, L50, M, shiny|100\/100\n|-fieldstart|move: Psychic Terrain|[from] ability: Psychic Surge|[of] p2b: Patrick Bateman\n|-enditem|p2a: Paul Allen|Psychic Seed\n|-boost|p2a: Paul Allen|spd|1|[from] item: Psychic Seed\n|turn|1\n|\n|t:|1730002935\n|move|p1a: Whimsicott|Tailwind|p1a: Whimsicott\n|-sidestart|p1: rainha678|move: Tailwind\n|move|p2a: Paul Allen|Dire Claw|p1b: Dragonite\n|-damage|p1b: Dragonite|75\/100\n|-status|p1b: Dragonite|par\n|move|p2b: Patrick Bateman|Expanding Force|p1b: Dragonite|[spread] p1a,p1b\n|-damage|p1a: Whimsicott|6\/100\n|-damage|p1b: Dragonite|18\/100 par\n|cant|p1b: Dragonite|par\n|\n|upkeep\n|turn|2\n|\n|t:|1730002961\n|switch|p2b: Luis Carruthers|Whimsicott, L50, M, shiny|100\/100\n|switch|p1b: Indeedee|Indeedee-F, L50, F, shiny|100\/100\n|move|p1a: Whimsicott|Moonblast|p2b: Luis Carruthers\n|-damage|p2b: Luis Carruthers|55\/100\n|move|p2a: Paul Allen|Dire Claw|p1b: Indeedee\n|-damage|p1b: Indeedee|53\/100\n|-status|p1b: Indeedee|par\n|-damage|p2a: Paul Allen|84\/100|[from] item: Rocky Helmet|[of] p1b: Indeedee\n|\n|upkeep\n|turn|3\n|\n|t:|1730002981\n|move|p1b: Indeedee|Follow Me|p1b: Indeedee\n|-singleturn|p1b: Indeedee|move: Follow Me\n|move|p1a: Whimsicott|Moonblast|p2b: Luis Carruthers\n|-damage|p2b: Luis Carruthers|9\/100\n|move|p2a: Paul Allen|Throat Chop|p1b: Indeedee\n|-supereffective|p1b: Indeedee\n|-damage|p1b: Indeedee|0 fnt\n|-damage|p2a: Paul Allen|68\/100|[from] item: Rocky Helmet|[of] p1b: Indeedee\n|faint|p1b: Indeedee\n|move|p2b: Luis Carruthers|Moonblast|p1a: Whimsicott\n|-damage|p1a: Whimsicott|0 fnt\n|faint|p1a: Whimsicott\n|\n|upkeep\n|\n|t:|1730002996\n|switch|p1a: Armarouge|Armarouge, L50, F, shiny|100\/100\n|switch|p1b: Dragonite|Dragonite, L50, M|18\/100 par\n|turn|4\n|inactive|OSAMABINGETINLADIN has 30 seconds left.\n|\n|t:|1730003023\n|-terastallize|p1a: Armarouge|Stellar\n|move|p2a: Paul Allen|Dire Claw|p1b: Dragonite\n|-damage|p1b: Dragonite|0 fnt\n|faint|p1b: Dragonite\n|move|p1a: Armarouge|Expanding Force|p2b: Luis Carruthers|[spread] p2a,p2b\n|-supereffective|p2a: Paul Allen\n|-crit|p2b: Luis Carruthers\n|-damage|p2a: Paul Allen|0 fnt\n|-damage|p2b: Luis Carruthers|0 fnt\n|faint|p2a: Paul Allen\n|faint|p2b: Luis Carruthers\n|\n|-sideend|p1: rainha678|move: Tailwind\n|upkeep\n|\n|t:|1730003030\n|switch|p2b: David Van Patten|Typhlosion-Hisui, L50, F|100\/100\n|switch|p2a: Patrick Bateman|Indeedee, L50, M, shiny|100\/100\n|turn|5\n|\n|t:|1730003039\n|move|p2b: David Van Patten|Shadow Ball|p1a: Armarouge\n|-supereffective|p1a: Armarouge\n|-crit|p1a: Armarouge\n|-damage|p1a: Armarouge|0 fnt\n|faint|p1a: Armarouge\n|\n|win|OSAMABINGETINLADIN\n|raw|rainha678's rating: 1697 &rarr; <strong>1684<\/strong><br \/>(-13 for losing)\n|raw|OSAMABINGETINLADIN's rating: 1816 &rarr; <strong>1829<\/strong><br \/>(+13 for winning)\n|l|\u2606rainha678\n|player|p1|\n|l|\u2606OSAMABINGETINLADIN\n|player|p2|\n|j|\u2606OSAMABINGETINLADIN\n|player|p2|OSAMABINGETINLADIN|policeman-gen4|\n|l|\u2606OSAMABINGETINLADIN\n|player|p2|\n","uploadtime":1730003282,"views":12,"formatid":"gen9vgc2024regh","rating":1684,"private":0,"password":null}