{"id":"gen9vgc2024regh-2231555524","format":"[Gen 9] VGC 2024 Reg H","players":["pokefaqk","chiitancrazymascot"],"log":"|j|\u2606pokefaqk\n|j|\u2606chiitancrazymascot\n|t:|1729976952\n|gametype|doubles\n|player|p1|pokefaqk|169|1712\n|player|p2|chiitancrazymascot|pokemaniac|1807\n|teamsize|p1|6\n|teamsize|p2|6\n|gen|9\n|tier|[Gen 9] VGC 2024 Reg H\n|rated|\n|rule|Species Clause: Limit one of each Pok\u00e9mon\n|rule|Item Clause: Limit 1 of each item\n|clearpoke\n|poke|p1|Ursaluna-Bloodmoon, L50, M|\n|poke|p1|Yanmega, L50, F|\n|poke|p1|Flapple, L50, M|\n|poke|p1|Porygon2, L50|\n|poke|p1|Incineroar, L50, M|\n|poke|p1|Weezing-Galar, L50, M|\n|poke|p2|Annihilape, L50, M|\n|poke|p2|Dondozo, L50, F|\n|poke|p2|Maushold-Four, L50|\n|poke|p2|Gholdengo, L50|\n|poke|p2|Whimsicott, L50, F|\n|poke|p2|Tatsugiri, L50, F|\n|teampreview|4\n|inactive|Battle timer is ON: inactive players will automatically lose when time's up. (requested by chiitancrazymascot)\n|inactive|pokefaqk also wants the timer to be on.\n|\n|t:|1729976981\n|start\n|switch|p1a: Ursaluna|Ursaluna-Bloodmoon, L50, M|100\/100\n|switch|p1b: Yanmega|Yanmega, L50, F|100\/100\n|switch|p2a: Maushold|Maushold-Four, L50|100\/100\n|switch|p2b: Annihilape|Annihilape, L50, M, shiny|100\/100\n|turn|1\n|\n|t:|1729976999\n|move|p1b: Yanmega|Detect|p1b: Yanmega\n|-singleturn|p1b: Yanmega|Protect\n|move|p1a: Ursaluna|Protect|p1a: Ursaluna\n|-singleturn|p1a: Ursaluna|Protect\n|move|p2a: Maushold|Beat Up|p2b: Annihilape\n|-damage|p2b: Annihilape|99\/100\n|-damage|p2b: Annihilape|96\/100\n|-damage|p2b: Annihilape|94\/100\n|-damage|p2b: Annihilape|92\/100\n|-hitcount|p2b: Annihilape|4\n|move|p2b: Annihilape|Bulk Up|p2b: Annihilape\n|-boost|p2b: Annihilape|atk|1\n|-boost|p2b: Annihilape|def|1\n|\n|-ability|p1b: Yanmega|Speed Boost|boost\n|-boost|p1b: Yanmega|spe|1\n|upkeep\n|turn|2\n|inactive|pokefaqk has 30 seconds left.\n|\n|t:|1729977028\n|-terastallize|p1a: Ursaluna|Normal\n|move|p1b: Yanmega|Tailwind|p1b: Yanmega\n|-sidestart|p1: pokefaqk|move: Tailwind\n|move|p1a: Ursaluna|Hyper Voice|p2a: Maushold|[spread] p2a,p2b\n|-damage|p2a: Maushold|30\/100\n|-damage|p2b: Annihilape|58\/100\n|move|p2a: Maushold|Beat Up|p1b: Yanmega\n|-damage|p1b: Yanmega|98\/100\n|-damage|p1b: Yanmega|94\/100\n|-damage|p1b: Yanmega|90\/100\n|-damage|p1b: Yanmega|88\/100\n|-hitcount|p1b: Yanmega|4\n|move|p2b: Annihilape|Drain Punch|p1a: Ursaluna\n|-supereffective|p1a: Ursaluna\n|-damage|p1a: Ursaluna|23\/100\n|-heal|p2b: Annihilape|92\/100|[from] drain|[of] p1a: Ursaluna\n|\n|-ability|p1b: Yanmega|Speed Boost|boost\n|-boost|p1b: Yanmega|spe|1\n|upkeep\n|turn|3\n|\n|t:|1729977048\n|move|p2a: Maushold|Protect|p2a: Maushold\n|-singleturn|p2a: Maushold|Protect\n|move|p1b: Yanmega|Air Slash|p2a: Maushold\n|-activate|p2a: Maushold|move: Protect\n|move|p1a: Ursaluna|Blood Moon|p2b: Annihilape\n|-damage|p2b: Annihilape|14\/100\n|-enditem|p2b: Annihilape|Sitrus Berry|[eat]\n|-heal|p2b: Annihilape|39\/100|[from] item: Sitrus Berry\n|move|p2b: Annihilape|Rage Fist|p1b: Yanmega\n|-damage|p1b: Yanmega|0 fnt\n|faint|p1b: Yanmega\n|\n|upkeep\n|\n|t:|1729977058\n|switch|p1b: Porygon2|Porygon2, L50|100\/100\n|-ability|p1b: Porygon2|Download|boost\n|-boost|p1b: Porygon2|spa|1\n|turn|4\n|inactive|chiitancrazymascot has 30 seconds left.\n|\n|t:|1729977090\n|move|p2b: Annihilape|Protect|p2b: Annihilape\n|-singleturn|p2b: Annihilape|Protect\n|move|p1a: Ursaluna|Hyper Voice|p2b: Annihilape|[spread] p2a\n|-activate|p2b: Annihilape|move: Protect\n|-damage|p2a: Maushold|0 fnt\n|faint|p2a: Maushold\n|move|p1b: Porygon2|Ice Beam|p2b: Annihilape\n|-activate|p2b: Annihilape|move: Protect\n|\n|upkeep\n|\n|t:|1729977097\n|switch|p2a: Dondozo|Dondozo, L50, F, shiny|100\/100\n|turn|5\n|inactive|pokefaqk has 30 seconds left.\n|\n|t:|1729977126\n|switch|p2b: Tatsugiri|Tatsugiri, L50, F, shiny|100\/100\n|-activate|p2b: Tatsugiri|ability: Commander|[of] p2a: Dondozo\n|-boost|p2a: Dondozo|atk|2\n|-boost|p2a: Dondozo|spa|2\n|-boost|p2a: Dondozo|spe|2\n|-boost|p2a: Dondozo|def|2\n|-boost|p2a: Dondozo|spd|2\n|move|p1a: Ursaluna|Hyper Voice|p2b: Tatsugiri|[spread] p2a\n|-miss|p1a: Ursaluna|p2b: Tatsugiri\n|-damage|p2a: Dondozo|64\/100\n|move|p2a: Dondozo|Order Up|p1b: Porygon2\n|-damage|p1b: Porygon2|69\/100\n|-boost|p2a: Dondozo|atk|1\n|move|p1b: Porygon2|Ice Beam|p2b: Tatsugiri|[miss]\n|-miss|p1b: Porygon2|p2b: Tatsugiri\n|\n|-heal|p2a: Dondozo|70\/100|[from] item: Leftovers\n|-sideend|p1: pokefaqk|move: Tailwind\n|upkeep\n|turn|6\n|\n|t:|1729977143\n|switch|p1a: Incineroar|Incineroar, L50, M|100\/100\n|-ability|p1a: Incineroar|Intimidate|boost\n|-unboost|p2a: Dondozo|atk|1\n|-unboost|p2b: Tatsugiri|atk|1\n|move|p2a: Dondozo|Wave Crash|p1b: Porygon2\n|-damage|p1b: Porygon2|0 fnt\n|faint|p1b: Porygon2\n|-damage|p2a: Dondozo|51\/100|[from] Recoil\n|\n|-heal|p2a: Dondozo|57\/100|[from] item: Leftovers\n|upkeep\n|\n|t:|1729977146\n|switch|p1b: Ursaluna|Ursaluna-Bloodmoon, L50, M, tera:Normal|23\/100\n|turn|7\n|\n|t:|1729977169\n|move|p2a: Dondozo|Protect|p2a: Dondozo\n|-singleturn|p2a: Dondozo|Protect\n|move|p1a: Incineroar|Fake Out|p2a: Dondozo\n|-activate|p2a: Dondozo|move: Protect\n|move|p1b: Ursaluna|Blood Moon|p2a: Dondozo\n|-activate|p2a: Dondozo|move: Protect\n|\n|-heal|p2a: Dondozo|63\/100|[from] item: Leftovers\n|upkeep\n|turn|8\n|\n|t:|1729977175\n|move|p1b: Ursaluna|Protect|p1b: Ursaluna\n|-singleturn|p1b: Ursaluna|Protect\n|move|p2a: Dondozo|Wave Crash|p1a: Incineroar\n|-supereffective|p1a: Incineroar\n|-damage|p1a: Incineroar|0 fnt\n|faint|p1a: Incineroar\n|-damage|p2a: Dondozo|33\/100|[from] Recoil\n|\n|-heal|p2a: Dondozo|40\/100|[from] item: Leftovers\n|upkeep\n|turn|9\n|-message|pokefaqk forfeited.\n|\n|win|chiitancrazymascot\n|raw|pokefaqk's rating: 1712 &rarr; <strong>1697<\/strong><br \/>(-15 for losing)\n|raw|chiitancrazymascot's rating: 1807 &rarr; <strong>1822<\/strong><br \/>(+15 for winning)\n|l|\u2606pokefaqk\n|player|p1|\n|l|\u2606chiitancrazymascot\n|player|p2|\n","uploadtime":1729977182,"views":14,"formatid":"gen9vgc2024regh","rating":1697,"private":0,"password":null}