{"id":"gen9vgc2024regh-2231325163","format":"[Gen 9] VGC 2024 Reg H","players":["actuary97","bluestraggler01"],"log":"|j|\u2606actuary97\n|j|\u2606bluestraggler01\n|t:|1729950549\n|gametype|doubles\n|player|p1|actuary97|sabrina-frlg|1902\n|player|p2|bluestraggler01|2|1786\n|teamsize|p1|6\n|teamsize|p2|6\n|gen|9\n|tier|[Gen 9] VGC 2024 Reg H\n|rated|\n|rule|Species Clause: Limit one of each Pok\u00e9mon\n|rule|Item Clause: Limit 1 of each item\n|clearpoke\n|poke|p1|Whimsicott, L50, F|\n|poke|p1|Gallade, L50, M|\n|poke|p1|Archaludon, L50, F|\n|poke|p1|Malamar, L50, F|\n|poke|p1|Indeedee, L50, M|\n|poke|p1|Drifblim, L50, M|\n|poke|p2|Talonflame, L50, M|\n|poke|p2|Krookodile, L50, M|\n|poke|p2|Archaludon, L50, M|\n|poke|p2|Pelipper, L50, F|\n|poke|p2|Annihilape, L50, M|\n|poke|p2|Brambleghast, L50, F|\n|teampreview|4\nactuary97 has agreed to open team sheets.\n|c|\u2606actuary97|cool team\n|inactive|Battle timer is ON: inactive players will automatically lose when time's up. (requested by bluestraggler01)\nbluestraggler01 rejected open team sheets.\n|\n|t:|1729950606\n|start\n|switch|p1a: Mischief Mother|Whimsicott, L50, F, shiny|100\/100\n|switch|p1b: Tapu Deedee|Indeedee, L50, M, shiny|100\/100\n|switch|p2a: \u7ffc\u9e70\u4e01\u771f|Talonflame, L50, M|100\/100\n|switch|p2b: \u592d\u733f\u4e01\u771f|Annihilape, L50, M|100\/100\n|-fieldstart|move: Psychic Terrain|[from] ability: Psychic Surge|[of] p1b: Tapu Deedee\n|turn|1\n|\n|t:|1729950627\n|-terastallize|p2b: \u592d\u733f\u4e01\u771f|Steel\n|move|p2a: \u7ffc\u9e70\u4e01\u771f|Tailwind|p2a: \u7ffc\u9e70\u4e01\u771f\n|-sidestart|p2: bluestraggler01|move: Tailwind\n|move|p1a: Mischief Mother|Tailwind|p1a: Mischief Mother\n|-sidestart|p1: actuary97|move: Tailwind\n|move|p2b: \u592d\u733f\u4e01\u771f|Taunt|p1b: Tapu Deedee\n|-start|p1b: Tapu Deedee|move: Taunt\n|move|p1b: Tapu Deedee|Expanding Force|p2b: \u592d\u733f\u4e01\u771f|[spread] p2a,p2b\n|-resisted|p2b: \u592d\u733f\u4e01\u771f\n|-enditem|p2a: \u7ffc\u9e70\u4e01\u771f|Focus Sash\n|-damage|p2a: \u7ffc\u9e70\u4e01\u771f|1\/100\n|-damage|p2b: \u592d\u733f\u4e01\u771f|61\/100\n|\n|upkeep\n|turn|2\n|\n|t:|1729950643\n|move|p1a: Mischief Mother|Encore|p2a: \u7ffc\u9e70\u4e01\u771f\n|-start|p2a: \u7ffc\u9e70\u4e01\u771f|Encore\n|move|p2a: \u7ffc\u9e70\u4e01\u771f|Tailwind||[still]\n|-fail|p2a: \u7ffc\u9e70\u4e01\u771f\n|move|p2b: \u592d\u733f\u4e01\u771f|Rage Fist|p1a: Mischief Mother\n|-damage|p1a: Mischief Mother|34\/100\n|move|p1b: Tapu Deedee|Expanding Force|p2a: \u7ffc\u9e70\u4e01\u771f|[spread] p2a,p2b\n|-resisted|p2b: \u592d\u733f\u4e01\u771f\n|-damage|p2a: \u7ffc\u9e70\u4e01\u771f|0 fnt\n|-damage|p2b: \u592d\u733f\u4e01\u771f|18\/100\n|faint|p2a: \u7ffc\u9e70\u4e01\u771f\n|\n|upkeep\n|\n|t:|1729950652\n|switch|p2a: \u5e7d\u9b47\u4e01\u771f|Brambleghast, L50, F|100\/100\n|-ability|p2a: \u5e7d\u9b47\u4e01\u771f|Wind Rider|boost\n|-boost|p2a: \u5e7d\u9b47\u4e01\u771f|atk|1\n|turn|3\n|\n|t:|1729950659\n|switch|p1b: Bridget|Archaludon, L50, F, shiny|100\/100\n|move|p1a: Mischief Mother|Beat Up|p1b: Bridget\n|-damage|p1b: Bridget|99\/100\n|-ability|p1b: Bridget|Stamina|boost\n|-boost|p1b: Bridget|def|1\n|-damage|p1b: Bridget|97\/100\n|-ability|p1b: Bridget|Stamina|boost\n|-boost|p1b: Bridget|def|1\n|-damage|p1b: Bridget|96\/100\n|-ability|p1b: Bridget|Stamina|boost\n|-boost|p1b: Bridget|def|1\n|-damage|p1b: Bridget|95\/100\n|-ability|p1b: Bridget|Stamina|boost\n|-boost|p1b: Bridget|def|1\n|-hitcount|p1b: Bridget|4\n|move|p2b: \u592d\u733f\u4e01\u771f|Rage Fist|p1a: Mischief Mother\n|-damage|p1a: Mischief Mother|0 fnt\n|faint|p1a: Mischief Mother\n|move|p2a: \u5e7d\u9b47\u4e01\u771f|Power Whip|p1b: Bridget\n|-resisted|p1b: Bridget\n|-damage|p1b: Bridget|89\/100\n|-ability|p1b: Bridget|Stamina|boost\n|-boost|p1b: Bridget|def|1\n|-damage|p2a: \u5e7d\u9b47\u4e01\u771f|91\/100|[from] item: Life Orb\n|\n|upkeep\n|\n|t:|1729950673\n|switch|p1a: Tapu Deedee|Indeedee, L50, M, shiny|100\/100\n|turn|4\n|\n|t:|1729950687\n|-terastallize|p1a: Tapu Deedee|Fire\n|move|p2b: \u592d\u733f\u4e01\u771f|Close Combat|p1a: Tapu Deedee\n|-damage|p1a: Tapu Deedee|0 fnt\n|-unboost|p2b: \u592d\u733f\u4e01\u771f|def|1\n|-unboost|p2b: \u592d\u733f\u4e01\u771f|spd|1\n|faint|p1a: Tapu Deedee\n|move|p2a: \u5e7d\u9b47\u4e01\u771f|Poltergeist|p1b: Bridget\n|-activate|p1b: Bridget|move: Poltergeist|Assault Vest\n|-damage|p1b: Bridget|65\/100\n|-ability|p1b: Bridget|Stamina|boost\n|-boost|p1b: Bridget|def|1\n|-damage|p2a: \u5e7d\u9b47\u4e01\u771f|81\/100|[from] item: Life Orb\n|move|p1b: Bridget|Flash Cannon|p2a: \u5e7d\u9b47\u4e01\u771f\n|-damage|p2a: \u5e7d\u9b47\u4e01\u771f|12\/100\n|\n|-sideend|p2: bluestraggler01|move: Tailwind\n|-sideend|p1: actuary97|move: Tailwind\n|upkeep\n|\n|t:|1729950693\n|switch|p1a: Malamother|Malamar, L50, F|100\/100\n|turn|5\n|\n|t:|1729950713\n|move|p2b: \u592d\u733f\u4e01\u771f|Close Combat|p1b: Bridget\n|-supereffective|p1b: Bridget\n|-damage|p1b: Bridget|46\/100\n|-unboost|p2b: \u592d\u733f\u4e01\u771f|def|1\n|-unboost|p2b: \u592d\u733f\u4e01\u771f|spd|1\n|move|p2a: \u5e7d\u9b47\u4e01\u771f|Poltergeist|p1b: Bridget\n|-activate|p1b: Bridget|move: Poltergeist|Assault Vest\n|-damage|p1b: Bridget|24\/100\n|-damage|p2a: \u5e7d\u9b47\u4e01\u771f|2\/100|[from] item: Life Orb\n|move|p1b: Bridget|Snarl|p2a: \u5e7d\u9b47\u4e01\u771f|[spread] p2a,p2b\n|-supereffective|p2a: \u5e7d\u9b47\u4e01\u771f\n|-damage|p2a: \u5e7d\u9b47\u4e01\u771f|0 fnt\n|-damage|p2b: \u592d\u733f\u4e01\u771f|0 fnt\n|faint|p2a: \u5e7d\u9b47\u4e01\u771f\n|faint|p2b: \u592d\u733f\u4e01\u771f\n|move|p1a: Malamother|Trick Room|p1a: Malamother\n|-fieldstart|move: Trick Room|[of] p1a: Malamother\n|\n|-fieldend|move: Psychic Terrain\n|upkeep\n|-message|bluestraggler01 forfeited.\n|\n|win|actuary97\n|raw|actuary97's rating: 1902 &rarr; <strong>1916<\/strong><br \/>(+14 for winning)\n|raw|bluestraggler01's rating: 1786 &rarr; <strong>1772<\/strong><br \/>(-14 for losing)\n|l|\u2606bluestraggler01\n|player|p2|\n|l|\u2606actuary97\n|player|p1|\n","uploadtime":1729950946,"views":37,"formatid":"gen9vgc2024regh","rating":1772,"private":0,"password":null}