{"id":"gen9vgc2024regh-2231295186","format":"[Gen 9] VGC 2024 Reg H","players":["kojimuranishi","ryanplaytv"],"log":"|j|\u2606kojimuranishi\n|j|\u2606ryanplaytv\n|t:|1729946284\n|gametype|doubles\n|player|p1|kojimuranishi|102|1709\n|player|p2|ryanplaytv|hiker-gen4|1711\n|teamsize|p1|6\n|teamsize|p2|6\n|gen|9\n|tier|[Gen 9] VGC 2024 Reg H\n|rated|\n|rule|Species Clause: Limit one of each Pok\u00e9mon\n|rule|Item Clause: Limit 1 of each item\n|clearpoke\n|poke|p1|Ursaluna-Bloodmoon, L50, M|\n|poke|p1|Baxcalibur, L50, M|\n|poke|p1|Volcarona, L50, M|\n|poke|p1|Archaludon, L50, M|\n|poke|p1|Pelipper, L50, F|\n|poke|p1|Whimsicott, L50, F|\n|poke|p2|Dragonite, L50, M|\n|poke|p2|Primarina, L50, F|\n|poke|p2|Rillaboom, L50, M|\n|poke|p2|Tauros-Paldea-Blaze, L50, M|\n|poke|p2|Electabuzz, L50, M|\n|poke|p2|Kingambit, L50, M|\n|teampreview|4\n|inactive|Battle timer is ON: inactive players will automatically lose when time's up. (requested by kojimuranishi)\n|inactive|kojimuranishi has 60 seconds left.\n|\n|t:|1729946386\n|start\n|switch|p1a: Whimsicott|Whimsicott, L50, F|100\/100\n|switch|p1b: Ursaluna|Ursaluna-Bloodmoon, L50, M|100\/100\n|switch|p2a: Tauros|Tauros-Paldea-Blaze, L50, M|100\/100\n|switch|p2b: Dragonite|Dragonite, L50, M|100\/100\n|-ability|p2a: Tauros|Intimidate|boost\n|-unboost|p1a: Whimsicott|atk|1\n|-unboost|p1b: Ursaluna|atk|1\n|turn|1\n|\n|t:|1729946401\n|-terastallize|p1b: Ursaluna|Normal\n|move|p2a: Tauros|Protect|p2a: Tauros\n|-singleturn|p2a: Tauros|Protect\n|move|p1a: Whimsicott|Tailwind|p1a: Whimsicott\n|-sidestart|p1: kojimuranishi|move: Tailwind\n|move|p1b: Ursaluna|Blood Moon|p2a: Tauros\n|-activate|p2a: Tauros|move: Protect\n|move|p2b: Dragonite|Tailwind|p2b: Dragonite\n|-sidestart|p2: ryanplaytv|move: Tailwind\n|\n|upkeep\n|turn|2\n|inactive|kojimuranishi has 30 seconds left.\n|inactive|ryanplaytv has 30 seconds left.\n|inactive|kojimuranishi has 20 seconds left.\n|inactive|ryanplaytv has 20 seconds left.\n|inactive|kojimuranishi has 15 seconds left.\n|inactive|kojimuranishi has 10 seconds left.\n|inactive|ryanplaytv has 15 seconds left.\n|inactive|ryanplaytv has 10 seconds left.\n|inactive|ryanplaytv has 5 seconds left.\n|\n|t:|1729946457\n|switch|p2b: Primarina|Primarina, L50, F, shiny|100\/100\n|switch|p1b: Pelipper|Pelipper, L50, F|100\/100\n|-weather|RainDance|[from] ability: Drizzle|[of] p1b: Pelipper\n|move|p1a: Whimsicott|Moonblast|p2b: Primarina\n|-damage|p2b: Primarina|66\/100\n|move|p2a: Tauros|Close Combat|p1b: Pelipper\n|-resisted|p1b: Pelipper\n|-damage|p1b: Pelipper|62\/100\n|-unboost|p2a: Tauros|def|1\n|-unboost|p2a: Tauros|spd|1\n|\n|-weather|RainDance|[upkeep]\n|upkeep\n|turn|3\n|inactive|kojimuranishi has 30 seconds left.\n|\n|t:|1729946482\n|move|p2a: Tauros|Protect|p2a: Tauros\n|-singleturn|p2a: Tauros|Protect\n|move|p1a: Whimsicott|Moonblast|p2b: Primarina\n|-damage|p2b: Primarina|34\/100\n|move|p1b: Pelipper|Hurricane|p2b: Primarina\n|-damage|p2b: Primarina|0 fnt\n|faint|p2b: Primarina\n|\n|-weather|RainDance|[upkeep]\n|upkeep\n|\n|t:|1729946492\n|switch|p2b: Dragonite|Dragonite, L50, M|100\/100\n|turn|4\n|\n|t:|1729946505\n|move|p2a: Tauros|Flare Blitz|p1a: Whimsicott\n|-supereffective|p1a: Whimsicott\n|-crit|p1a: Whimsicott\n|-enditem|p1a: Whimsicott|Focus Sash\n|-damage|p1a: Whimsicott|1\/100\n|-damage|p2a: Tauros|71\/100|[from] Recoil\n|move|p2b: Dragonite|Scale Shot|p1b: Pelipper\n|-damage|p1b: Pelipper|42\/100\n|-damage|p1b: Pelipper|20\/100\n|-damage|p1b: Pelipper|0 fnt\n|faint|p1b: Pelipper\n|-hitcount|p1: Pelipper|3\n|-unboost|p2b: Dragonite|def|1\n|-boost|p2b: Dragonite|spe|1\n|move|p1a: Whimsicott|Trick Room|p1a: Whimsicott\n|-fieldstart|move: Trick Room|[of] p1a: Whimsicott\n|\n|-weather|RainDance|[upkeep]\n|-sideend|p2: ryanplaytv|move: Tailwind\n|-sideend|p1: kojimuranishi|move: Tailwind\n|upkeep\n|\n|t:|1729946526\n|switch|p1b: Ursaluna|Ursaluna-Bloodmoon, L50, M, tera:Normal|100\/100\n|turn|5\n|\n|t:|1729946547\n|switch|p2a: Kingambit|Kingambit, L50, M|100\/100\n|move|p2b: Dragonite|Extreme Speed|p1a: Whimsicott\n|-damage|p1a: Whimsicott|0 fnt\n|faint|p1a: Whimsicott\n|move|p1b: Ursaluna|Hyper Voice|p2b: Dragonite|[spread] p2a,p2b\n|-resisted|p2a: Kingambit\n|-damage|p2a: Kingambit|70\/100\n|-damage|p2b: Dragonite|66\/100\n|-damage|p1b: Ursaluna|91\/100|[from] item: Life Orb\n|\n|-weather|RainDance|[upkeep]\n|upkeep\n|\n|t:|1729946560\n|switch|p1a: Archaludon|Archaludon, L50, M|100\/100\n|turn|6\n|inactive|ryanplaytv has 30 seconds left.\n|\n|t:|1729946588\n|-terastallize|p2a: Kingambit|Water\n|move|p2b: Dragonite|Extreme Speed|p1b: Ursaluna\n|-damage|p1b: Ursaluna|65\/100\n|move|p2a: Kingambit|Kowtow Cleave|p1b: Ursaluna\n|-damage|p1b: Ursaluna|13\/100\n|move|p1b: Ursaluna|Earth Power|p2a: Kingambit\n|-damage|p2a: Kingambit|5\/100\n|-damage|p1b: Ursaluna|3\/100|[from] item: Life Orb\n|move|p1a: Archaludon|Draco Meteor|p2b: Dragonite|[miss]\n|-miss|p1a: Archaludon|p2b: Dragonite\n|\n|-weather|none\n|upkeep\n|turn|7\n|inactive|kojimuranishi has 30 seconds left.\n|inactive|ryanplaytv has 30 seconds left.\n|\n|t:|1729946616\n|move|p1b: Ursaluna|Protect|p1b: Ursaluna\n|-singleturn|p1b: Ursaluna|Protect\n|move|p2b: Dragonite|Protect|p2b: Dragonite\n|-singleturn|p2b: Dragonite|Protect\n|move|p2a: Kingambit|Kowtow Cleave|p1a: Archaludon\n|-damage|p1a: Archaludon|47\/100\n|move|p1a: Archaludon|Draco Meteor|p2b: Dragonite\n|-activate|p2b: Dragonite|move: Protect\n|\n|upkeep\n|turn|8\n|\n|t:|1729946630\n|move|p2b: Dragonite|Extreme Speed|p1b: Ursaluna\n|-damage|p1b: Ursaluna|0 fnt\n|faint|p1b: Ursaluna\n|move|p2a: Kingambit|Kowtow Cleave|p1a: Archaludon\n|-damage|p1a: Archaludon|0 fnt\n|faint|p1a: Archaludon\n|\n|win|ryanplaytv\n|raw|kojimuranishi's rating: 1709 &rarr; <strong>1689<\/strong><br \/>(-20 for losing)\n|raw|ryanplaytv's rating: 1711 &rarr; <strong>1731<\/strong><br \/>(+20 for winning)\n|l|\u2606kojimuranishi\n|player|p1|\n|l|\u2606ryanplaytv\n|player|p2|\n","uploadtime":1729946783,"views":33,"formatid":"gen9vgc2024regh","rating":1689,"private":0,"password":null}