{"id":"gen9vgc2024regh-2231665871","format":"[Gen 9] VGC 2024 Reg H","players":["chiitancrazymascot","CUC-Protean"],"log":"|j|\u2606chiitancrazymascot\n|j|\u2606CUC-Protean\n|t:|1729990902\n|gametype|doubles\n|player|p1|chiitancrazymascot|pokemaniac|1753\n|player|p2|CUC-Protean|1|1682\n|teamsize|p1|6\n|teamsize|p2|6\n|gen|9\n|tier|[Gen 9] VGC 2024 Reg H\n|rated|\n|rule|Species Clause: Limit one of each Pok\u00e9mon\n|rule|Item Clause: Limit 1 of each item\n|clearpoke\n|poke|p1|Annihilape, L50, M|\n|poke|p1|Dondozo, L50, M|\n|poke|p1|Maushold-Four, L50|\n|poke|p1|Gholdengo, L50|\n|poke|p1|Whimsicott, L50, F|\n|poke|p1|Tatsugiri, L50, M|\n|poke|p2|Indeedee, L50, M|\n|poke|p2|Sneasler, L50, F|\n|poke|p2|Amoonguss, L50, M|\n|poke|p2|Archaludon, L50, M|\n|poke|p2|Pelipper, L50, F|\n|poke|p2|Dragonite, L50, M|\n|teampreview|4\n|inactive|Battle timer is ON: inactive players will automatically lose when time's up. (requested by chiitancrazymascot)\n|inactive|chiitancrazymascot has 60 seconds left.\n|inactive|CUC-Protean has 60 seconds left.\n|\n|t:|1729990960\n|start\n|switch|p1a: Maushold|Maushold-Four, L50|100\/100\n|switch|p1b: Annihilape|Annihilape, L50, M, shiny|100\/100\n|switch|p2a: Indeedee|Indeedee, L50, M|100\/100\n|switch|p2b: Sneasler|Sneasler, L50, F|100\/100\n|-fieldstart|move: Psychic Terrain|[from] ability: Psychic Surge|[of] p2a: Indeedee\n|turn|1\n|inactive|chiitancrazymascot has 30 seconds left.\n|inactive|chiitancrazymascot has 20 seconds left.\n|\n|t:|1729990997\n|-terastallize|p1b: Annihilape|Fire\n|move|p2a: Indeedee|Expanding Force|p1a: Maushold|[spread] p1a,p1b\n|-damage|p1a: Maushold|29\/100\n|-damage|p1b: Annihilape|69\/100\n|move|p2b: Sneasler|Dire Claw|p1a: Maushold\n|-damage|p1a: Maushold|0 fnt\n|faint|p1a: Maushold\n|move|p1b: Annihilape|Drain Punch|p2b: Sneasler\n|-resisted|p2b: Sneasler\n|-damage|p2b: Sneasler|73\/100\n|-heal|p1b: Annihilape|79\/100|[from] drain|[of] p2b: Sneasler\n|\n|upkeep\n|\n|t:|1729991006\n|switch|p1a: Whimsicott|Whimsicott, L50, F, shiny|100\/100\n|turn|2\n|inactive|CUC-Protean has 30 seconds left.\n|inactive|CUC-Protean has 20 seconds left.\n|inactive|CUC-Protean has 15 seconds left.\n|\n|t:|1729991047\n|-terastallize|p2a: Indeedee|Psychic\n|move|p1a: Whimsicott|Tailwind|p1a: Whimsicott\n|-sidestart|p1: chiitancrazymascot|move: Tailwind\n|move|p1b: Annihilape|Bulk Up|p1b: Annihilape\n|-boost|p1b: Annihilape|atk|1\n|-boost|p1b: Annihilape|def|1\n|move|p2a: Indeedee|Expanding Force|p1b: Annihilape|[spread] p1a,p1b\n|-damage|p1a: Whimsicott|2\/100\n|-damage|p1b: Annihilape|15\/100\n|-enditem|p1b: Annihilape|Sitrus Berry|[eat]\n|-heal|p1b: Annihilape|40\/100|[from] item: Sitrus Berry\n|move|p2b: Sneasler|Dire Claw|p1a: Whimsicott\n|-supereffective|p1a: Whimsicott\n|-damage|p1a: Whimsicott|0 fnt\n|faint|p1a: Whimsicott\n|\n|upkeep\n|j| Firebee033\n|inactive|chiitancrazymascot has 30 seconds left.\n|\n|t:|1729991075\n|switch|p1a: Gholdengo|Gholdengo, L50|100\/100\n|turn|3\n|inactive|CUC-Protean has 30 seconds left.\n|\n|t:|1729991100\n|switch|p2a: Pelipper|Pelipper, L50, F|100\/100\n|-weather|RainDance|[from] ability: Drizzle|[of] p2a: Pelipper\n|move|p2b: Sneasler|Protect|p2b: Sneasler\n|-singleturn|p2b: Sneasler|Protect\n|move|p1b: Annihilape|Rage Fist|p2b: Sneasler\n|-activate|p2b: Sneasler|move: Protect\n|move|p1a: Gholdengo|Shadow Ball|p2a: Pelipper\n|-damage|p2a: Pelipper|15\/100\n|\n|-weather|RainDance|[upkeep]\n|upkeep\n|turn|4\n|inactive|CUC-Protean has 30 seconds left.\n|inactive|CUC-Protean has 20 seconds left.\n|\n|t:|1729991140\n|switch|p2b: Amoonguss|Amoonguss, L50, M|100\/100\n|move|p2a: Pelipper|Protect|p2a: Pelipper\n|-singleturn|p2a: Pelipper|Protect\n|move|p1b: Annihilape|Drain Punch|p2a: Pelipper\n|-activate|p2a: Pelipper|move: Protect\n|move|p1a: Gholdengo|Shadow Ball|p2b: Amoonguss\n|-damage|p2b: Amoonguss|40\/100\n|-enditem|p2b: Amoonguss|Sitrus Berry|[eat]\n|-heal|p2b: Amoonguss|65\/100|[from] item: Sitrus Berry\n|\n|-weather|RainDance|[upkeep]\n|upkeep\n|turn|5\n|inactive|chiitancrazymascot has 30 seconds left.\n|inactive|CUC-Protean has 30 seconds left.\n|l| Firebee033\n|\n|t:|1729991171\n|move|p2b: Amoonguss|Rage Powder|p2b: Amoonguss\n|-singleturn|p2b: Amoonguss|move: Rage Powder\n|move|p1b: Annihilape|Rage Fist|p2b: Amoonguss\n|-damage|p2b: Amoonguss|0 fnt\n|faint|p2b: Amoonguss\n|move|p1a: Gholdengo|Shadow Ball|p2a: Pelipper\n|-damage|p2a: Pelipper|0 fnt\n|faint|p2a: Pelipper\n|\n|-weather|RainDance|[upkeep]\n|-sideend|p1: chiitancrazymascot|move: Tailwind\n|-fieldend|move: Psychic Terrain\n|upkeep\n|\n|t:|1729991179\n|switch|p2a: Indeedee|Indeedee, L50, M, tera:Psychic|100\/100\n|switch|p2b: Sneasler|Sneasler, L50, F|73\/100\n|-fieldstart|move: Psychic Terrain|[from] ability: Psychic Surge|[of] p2a: Indeedee\n|turn|6\n|\n|t:|1729991192\n|move|p1b: Annihilape|Protect|p1b: Annihilape\n|-singleturn|p1b: Annihilape|Protect\n|move|p2a: Indeedee|Expanding Force|p1a: Gholdengo|[spread] p1a\n|-activate|p1b: Annihilape|move: Protect\n|-resisted|p1a: Gholdengo\n|-damage|p1a: Gholdengo|59\/100\n|move|p2b: Sneasler|Throat Chop|p1a: Gholdengo\n|-supereffective|p1a: Gholdengo\n|-damage|p1a: Gholdengo|7\/100\n|-start|p1a: Gholdengo|Throat Chop|[silent]\n|move|p1a: Gholdengo|Shadow Ball|p2a: Indeedee\n|-supereffective|p2a: Indeedee\n|-damage|p2a: Indeedee|0 fnt\n|faint|p2a: Indeedee\n|\n|-weather|RainDance|[upkeep]\n|upkeep\n|turn|7\n|inactive|CUC-Protean has 30 seconds left.\n|-message|CUC-Protean forfeited.\n|\n|win|chiitancrazymascot\n|raw|chiitancrazymascot's rating: 1753 &rarr; <strong>1769<\/strong><br \/>(+16 for winning)\n|raw|CUC-Protean's rating: 1682 &rarr; <strong>1666<\/strong><br \/>(-16 for losing)\n|l|\u2606CUC-Protean\n|player|p2|\n|l|\u2606chiitancrazymascot\n|player|p1|\n","uploadtime":1729991223,"views":18,"formatid":"gen9vgc2024regh","rating":1666,"private":0,"password":null}