{"id":"gen9vgc2024regh-2231977455","format":"[Gen 9] VGC 2024 Reg H","players":["Assasinderella","Cocobeloeil1"],"log":"|j|\u2606Assasinderella\n|j|\u2606Cocobeloeil1\n|t:|1730042691\n|gametype|doubles\n|player|p1|Assasinderella|rosa|1690\n|player|p2|Cocobeloeil1|266|1717\n|teamsize|p1|6\n|teamsize|p2|6\n|gen|9\n|tier|[Gen 9] VGC 2024 Reg H\n|rated|\n|rule|Species Clause: Limit one of each Pok\u00e9mon\n|rule|Item Clause: Limit 1 of each item\n|clearpoke\n|poke|p1|Dragonite, L50, F|\n|poke|p1|Kingambit, L50, M|\n|poke|p1|Tauros-Paldea-Aqua, L50, M|\n|poke|p1|Archaludon, L50, M|\n|poke|p1|Pelipper, L50, F|\n|poke|p1|Rillaboom, L50, M|\n|poke|p2|Breloom, L50, M|\n|poke|p2|Ursaluna-Bloodmoon, L50, M|\n|poke|p2|Archaludon, L50, F|\n|poke|p2|Politoed, L50, F|\n|poke|p2|Murkrow, L50, M|\n|poke|p2|Dragapult, L50, M|\n|teampreview|4\n|inactive|Battle timer is ON: inactive players will automatically lose when time's up. (requested by Cocobeloeil1)\n|inactive|Assasinderella has 60 seconds left.\n|inactive|Cocobeloeil1 has 60 seconds left.\n|inactive|Cocobeloeil1 has 30 seconds left.\n|inactive|Cocobeloeil1 has 20 seconds left.\n|inactive|Cocobeloeil1 has 15 seconds left.\n|inactive|Cocobeloeil1 has 10 seconds left.\n|inactive|Cocobeloeil1 has 5 seconds left.\n|\n|t:|1730042814\n|start\n|switch|p1a: Tauros|Tauros-Paldea-Aqua, L50, M|100\/100\n|switch|p1b: Dragonite|Dragonite, L50, F|100\/100\n|switch|p2a: Breloom|Breloom, L50, M|100\/100\n|switch|p2b: Ursaluna|Ursaluna-Bloodmoon, L50, M|100\/100\n|-ability|p1a: Tauros|Intimidate|boost\n|-unboost|p2a: Breloom|atk|1\n|-unboost|p2b: Ursaluna|atk|1\n|turn|1\n|\n|t:|1730042826\n|switch|p1b: Rillaboom|Rillaboom, L50, M|100\/100\n|-fieldstart|move: Grassy Terrain|[from] ability: Grassy Surge|[of] p1b: Rillaboom\n|move|p1a: Tauros|Protect|p1a: Tauros\n|-singleturn|p1a: Tauros|Protect\n|move|p2a: Breloom|Protect|p2a: Breloom\n|-singleturn|p2a: Breloom|Protect\n|move|p2b: Ursaluna|Protect||[still]\n|-fail|p2b: Ursaluna\n|\n|upkeep\n|turn|2\n|\n|t:|1730042851\n|switch|p2a: Archaludon|Archaludon, L50, F|100\/100\n|move|p1a: Tauros|Raging Bull|p2b: Ursaluna\n|-supereffective|p2b: Ursaluna\n|-damage|p2b: Ursaluna|27\/100\n|move|p2b: Ursaluna|Blood Moon|p1a: Tauros\n|-damage|p1a: Tauros|0 fnt\n|faint|p1a: Tauros\n|-damage|p2b: Ursaluna|18\/100|[from] item: Life Orb\n|move|p1b: Rillaboom|Wood Hammer|p2b: Ursaluna\n|-supereffective|p2b: Ursaluna\n|-damage|p2b: Ursaluna|0 fnt\n|faint|p2b: Ursaluna\n|-damage|p1b: Rillaboom|95\/100|[from] Recoil\n|\n|-heal|p1b: Rillaboom|100\/100|[from] Grassy Terrain\n|upkeep\n|\n|t:|1730042875\n|switch|p1a: Archaludon|Archaludon, L50, M|100\/100\n|switch|p2b: Politoed|Politoed, L50, F|100\/100\n|-weather|RainDance|[from] ability: Drizzle|[of] p2b: Politoed\n|turn|3\n|\n|t:|1730042894\n|-terastallize|p2b: Politoed|Grass\n|move|p1a: Archaludon|Electro Shot||[still]\n|-prepare|p1a: Archaludon|Electro Shot\n|-boost|p1a: Archaludon|spa|1\n|-anim|p1a: Archaludon|Electro Shot|p2b: Politoed\n|-resisted|p2b: Politoed\n|-damage|p2b: Politoed|69\/100\n|move|p2a: Archaludon|Electro Shot||[still]\n|-prepare|p2a: Archaludon|Electro Shot\n|-boost|p2a: Archaludon|spa|1\n|-anim|p2a: Archaludon|Electro Shot|p1b: Rillaboom\n|-resisted|p1b: Rillaboom\n|-damage|p1b: Rillaboom|81\/100\n|move|p2b: Politoed|Ice Beam|p1b: Rillaboom\n|-supereffective|p1b: Rillaboom\n|-damage|p1b: Rillaboom|28\/100\n|move|p1b: Rillaboom|Wood Hammer|p2b: Politoed\n|-resisted|p2b: Politoed\n|-damage|p2b: Politoed|20\/100\n|-damage|p1b: Rillaboom|15\/100|[from] Recoil\n|\n|-weather|RainDance|[upkeep]\n|-heal|p2b: Politoed|26\/100|[from] Grassy Terrain\n|-heal|p1b: Rillaboom|20\/100|[from] Grassy Terrain\n|upkeep\n|turn|4\n|inactive|Assasinderella has 30 seconds left.\n|inactive|Assasinderella has 20 seconds left.\n|inactive|Assasinderella has 15 seconds left.\n|\n|t:|1730042938\n|move|p1a: Archaludon|Dragon Pulse|p2a: Archaludon\n|-damage|p2a: Archaludon|53\/100\n|-ability|p2a: Archaludon|Stamina|boost\n|-boost|p2a: Archaludon|def|1\n|move|p2a: Archaludon|Electro Shot||[still]\n|-prepare|p2a: Archaludon|Electro Shot\n|-boost|p2a: Archaludon|spa|1\n|-anim|p2a: Archaludon|Electro Shot|p1b: Rillaboom\n|-resisted|p1b: Rillaboom\n|-crit|p1b: Rillaboom\n|-damage|p1b: Rillaboom|0 fnt\n|faint|p1b: Rillaboom\n|move|p2b: Politoed|Ice Beam|p1a: Archaludon\n|-damage|p1a: Archaludon|45\/100\n|\n|-weather|RainDance|[upkeep]\n|-heal|p1a: Archaludon|51\/100|[from] Grassy Terrain\n|-heal|p2a: Archaludon|59\/100|[from] Grassy Terrain\n|-heal|p2b: Politoed|32\/100|[from] Grassy Terrain\n|upkeep\n|\n|t:|1730042956\n|switch|p1b: Dragonite|Dragonite, L50, F|100\/100\n|turn|5\n|inactive|Assasinderella has 30 seconds left.\n|\n|t:|1730042988\n|move|p1a: Archaludon|Protect|p1a: Archaludon\n|-singleturn|p1a: Archaludon|Protect\n|move|p1b: Dragonite|Scale Shot|p2b: Politoed\n|-damage|p2b: Politoed|13\/100\n|-damage|p2b: Politoed|0 fnt\n|faint|p2b: Politoed\n|-hitcount|p2: Politoed|2\n|-unboost|p1b: Dragonite|def|1\n|-boost|p1b: Dragonite|spe|1\n|move|p2a: Archaludon|Electro Shot||[still]\n|-prepare|p2a: Archaludon|Electro Shot\n|-boost|p2a: Archaludon|spa|1\n|-anim|p2a: Archaludon|Electro Shot|p1b: Dragonite\n|-damage|p1b: Dragonite|42\/100\n|\n|-weather|RainDance|[upkeep]\n|-heal|p1a: Archaludon|57\/100|[from] Grassy Terrain\n|-heal|p2a: Archaludon|65\/100|[from] Grassy Terrain\n|-fieldend|move: Grassy Terrain\n|upkeep\n|\n|t:|1730042993\n|switch|p2b: Breloom|Breloom, L50, M|100\/100\n|turn|6\n|inactive|Cocobeloeil1 has 30 seconds left.\n|\n|t:|1730043018\n|-terastallize|p1a: Archaludon|Ghost\n|move|p2b: Breloom|Protect|p2b: Breloom\n|-singleturn|p2b: Breloom|Protect\n|move|p1b: Dragonite|Scale Shot|p2a: Archaludon\n|-damage|p2a: Archaludon|57\/100\n|-ability|p2a: Archaludon|Stamina|boost\n|-boost|p2a: Archaludon|def|1\n|-damage|p2a: Archaludon|50\/100\n|-ability|p2a: Archaludon|Stamina|boost\n|-boost|p2a: Archaludon|def|1\n|-crit|p2a: Archaludon\n|-damage|p2a: Archaludon|32\/100\n|-ability|p2a: Archaludon|Stamina|boost\n|-boost|p2a: Archaludon|def|1\n|-damage|p2a: Archaludon|29\/100\n|-ability|p2a: Archaludon|Stamina|boost\n|-boost|p2a: Archaludon|def|1\n|-hitcount|p2a: Archaludon|4\n|-unboost|p1b: Dragonite|def|1\n|-boost|p1b: Dragonite|spe|1\n|move|p1a: Archaludon|Dragon Pulse|p2a: Archaludon\n|-damage|p2a: Archaludon|0 fnt\n|faint|p2a: Archaludon\n|\n|-weather|RainDance|[upkeep]\n|upkeep\n|turn|7\n|\n|t:|1730043041\n|move|p1b: Dragonite|Scale Shot|p2b: Breloom\n|-damage|p2b: Breloom|78\/100\n|-damage|p2b: Breloom|55\/100\n|-damage|p2b: Breloom|30\/100\n|-damage|p2b: Breloom|3\/100\n|-hitcount|p2b: Breloom|4\n|-unboost|p1b: Dragonite|def|1\n|-boost|p1b: Dragonite|spe|1\n|move|p1a: Archaludon|Dragon Pulse|p2b: Breloom\n|-damage|p2b: Breloom|0 fnt\n|faint|p2b: Breloom\n|\n|win|Assasinderella\n|raw|Assasinderella's rating: 1690 &rarr; <strong>1712<\/strong><br \/>(+22 for winning)\n|raw|Cocobeloeil1's rating: 1717 &rarr; <strong>1695<\/strong><br \/>(-22 for losing)\n|l|\u2606Cocobeloeil1\n|player|p2|\n|l|\u2606Assasinderella\n|player|p1|\n","uploadtime":1730043201,"views":14,"formatid":"gen9vgc2024regh","rating":1695,"private":0,"password":null}