{"id":"gen9vgc2024regh-2231220174","format":"[Gen 9] VGC 2024 Reg H","players":["Aki Hoshino","D_Bastial"],"log":"|j|\u2606Aki Hoshino\n|j|\u2606D_Bastial\n|t:|1729932516\n|gametype|doubles\n|player|p1|Aki Hoshino|aromalady|1730\n|player|p2|D_Bastial|clay|1756\n|teamsize|p1|6\n|teamsize|p2|6\n|gen|9\n|tier|[Gen 9] VGC 2024 Reg H\n|rated|\n|rule|Species Clause: Limit one of each Pok\u00e9mon\n|rule|Item Clause: Limit 1 of each item\n|clearpoke\n|poke|p1|Whimsicott, L50, M|\n|poke|p1|Ursaluna-Bloodmoon, L50, M|\n|poke|p1|Typhlosion-Hisui, L50, F|\n|poke|p1|Meowscarada, L50, F|\n|poke|p1|Dragonite, L50, F|\n|poke|p1|Archaludon, L50, M|\n|poke|p2|Kommo-o, L50, M|\n|poke|p2|Sinistcha-Masterpiece, L50|\n|poke|p2|Rillaboom, L50, F|\n|poke|p2|Electabuzz, L50, M|\n|poke|p2|Murkrow, L50, M|\n|poke|p2|Incineroar, L50, M|\n|teampreview|4\nD_Bastial has agreed to open team sheets.\n|\n|t:|1729932604\n|start\n|switch|p1a: Whimsicott|Whimsicott, L50, M|100\/100\n|switch|p1b: Ursaluna|Ursaluna-Bloodmoon, L50, M|100\/100\n|switch|p2a: Kommo-o|Kommo-o, L50, M|100\/100\n|switch|p2b: Incineroar|Incineroar, L50, M|100\/100\n|-ability|p2b: Incineroar|Intimidate|boost\n|-unboost|p1a: Whimsicott|atk|1\n|-unboost|p1b: Ursaluna|atk|1\n|turn|1\n|j| pardeenio\n|inactive|Battle timer is ON: inactive players will automatically lose when time's up. (requested by Aki Hoshino)\n|inactive|D_Bastial has 60 seconds left.\n|j| Gambit the king\n|inactive|D_Bastial has 30 seconds left.\n|inactive|D_Bastial has 20 seconds left.\n|inactive|D_Bastial has 15 seconds left.\n|inactive|D_Bastial has 10 seconds left.\n|\n|t:|1729932818\n|-terastallize|p1b: Ursaluna|Ghost\n|move|p2a: Kommo-o|Protect|p2a: Kommo-o\n|-singleturn|p2a: Kommo-o|Protect\n|move|p1a: Whimsicott|Tailwind|p1a: Whimsicott\n|-sidestart|p1: Aki Hoshino|move: Tailwind\n|move|p1b: Ursaluna|Earth Power|p2b: Incineroar\n|-supereffective|p2b: Incineroar\n|-damage|p2b: Incineroar|12\/100\n|-damage|p1b: Ursaluna|91\/100|[from] item: Life Orb\n|move|p2b: Incineroar|Flare Blitz|p1a: Whimsicott\n|-supereffective|p1a: Whimsicott\n|-damage|p1a: Whimsicott|0 fnt\n|faint|p1a: Whimsicott\n|-damage|p2b: Incineroar|0 fnt|[from] Recoil\n|faint|p2b: Incineroar\n|\n|upkeep\n|inactive|Aki Hoshino has 30 seconds left.\n|\n|t:|1729932851\n|switch|p1a: Typhlosion|Typhlosion-Hisui, L50, F|100\/100\n|switch|p2b: Electabuzz|Electabuzz, L50, M|100\/100\n|-item|p2a: Kommo-o|Throat Spray|[from] ability: Frisk|[of] p1a: Typhlosion\n|-item|p2b: Electabuzz|Eviolite|[from] ability: Frisk|[of] p1a: Typhlosion\n|turn|2\n|inactive|Aki Hoshino has 30 seconds left.\n|inactive|Aki Hoshino has 20 seconds left.\n|inactive|Aki Hoshino has 15 seconds left.\n|inactive|Aki Hoshino has 10 seconds left.\n|inactive|Aki Hoshino has 5 seconds left.\n|\n|t:|1729932904\n|move|p2b: Electabuzz|Follow Me|p2b: Electabuzz\n|-singleturn|p2b: Electabuzz|move: Follow Me\n|move|p1a: Typhlosion|Eruption|p2a: Kommo-o|[spread] p2a,p2b\n|-resisted|p2a: Kommo-o\n|-damage|p2a: Kommo-o|48\/100\n|-damage|p2b: Electabuzz|25\/100\n|move|p1b: Ursaluna|Blood Moon|p2b: Electabuzz\n|-damage|p2b: Electabuzz|0 fnt\n|faint|p2b: Electabuzz\n|-damage|p1b: Ursaluna|81\/100|[from] item: Life Orb\n|move|p2a: Kommo-o|Clangorous Soul|p2a: Kommo-o\n|-boost|p2a: Kommo-o|atk|1\n|-boost|p2a: Kommo-o|def|1\n|-boost|p2a: Kommo-o|spa|1\n|-boost|p2a: Kommo-o|spd|1\n|-boost|p2a: Kommo-o|spe|1\n|-damage|p2a: Kommo-o|15\/100\n|-enditem|p2a: Kommo-o|Throat Spray\n|-boost|p2a: Kommo-o|spa|1|[from] item: Throat Spray\n|\n|upkeep\n|\n|t:|1729932910\n|switch|p2b: Sinistcha|Sinistcha-Masterpiece, L50|100\/100\n|-heal|p2a: Kommo-o|40\/100|[from] ability: Hospitality|[of] p2b: Sinistcha\n|turn|3\n|inactive|D_Bastial has 30 seconds left.\n|\n|t:|1729932935\n|-terastallize|p2b: Sinistcha|Water\n|move|p2b: Sinistcha|Rage Powder|p2b: Sinistcha\n|-singleturn|p2b: Sinistcha|move: Rage Powder\n|move|p1a: Typhlosion|Eruption|p2a: Kommo-o|[spread] p2a,p2b\n|-resisted|p2a: Kommo-o\n|-resisted|p2b: Sinistcha\n|-damage|p2a: Kommo-o|6\/100\n|-damage|p2b: Sinistcha|63\/100\n|move|p1b: Ursaluna|Hyper Voice|p2a: Kommo-o|[spread] p2b\n|-immune|p2a: Kommo-o|[from] ability: Soundproof\n|-damage|p2b: Sinistcha|16\/100\n|-damage|p1b: Ursaluna|72\/100|[from] item: Life Orb\n|move|p2a: Kommo-o|Clanging Scales|p1a: Typhlosion|[spread] p1a,p1b\n|-damage|p1a: Typhlosion|0 fnt\n|-damage|p1b: Ursaluna|0 fnt\n|faint|p1a: Typhlosion\n|faint|p1b: Ursaluna\n|-unboost|p2a: Kommo-o|def|1\n|\n|upkeep\n|\n|t:|1729932952\n|switch|p1a: Meowscarada|Meowscarada, L50, F|100\/100\n|turn|4\n|j| mr pogostick\n|\n|t:|1729932966\n|move|p2b: Sinistcha|Rage Powder|p2b: Sinistcha\n|-singleturn|p2b: Sinistcha|move: Rage Powder\n|move|p1a: Meowscarada|Flower Trick|p2a: Kommo-o\n|-start|p1a: Meowscarada|typechange|Grass|[from] ability: Protean\n|-resisted|p2a: Kommo-o\n|-crit|p2a: Kommo-o\n|-damage|p2a: Kommo-o|0 fnt\n|faint|p2a: Kommo-o\n|\n|-sideend|p1: Aki Hoshino|move: Tailwind\n|upkeep\n|turn|5\n|-message|D_Bastial forfeited.\n|\n|win|Aki Hoshino\n|raw|Aki Hoshino's rating: 1730 &rarr; <strong>1751<\/strong><br \/>(+21 for winning)\n|raw|D_Bastial's rating: 1756 &rarr; <strong>1735<\/strong><br \/>(-21 for losing)\n|l|\u2606D_Bastial\n|player|p2|\n|j|\u2606D_Bastial\n|player|p2|D_Bastial|clay|\n|l| mr pogostick\n|l|\u2606D_Bastial\n|player|p2|\n|l|\u2606Aki Hoshino\n|player|p1|\n|l| Gambit the king\n","uploadtime":1729933116,"views":30,"formatid":"gen9vgc2024regh","rating":1735,"private":0,"password":null}