{"id":"gen9vgc2024regh-2231066433","format":"[Gen 9] VGC 2024 Reg H","players":["Xeoffee","dalas91"],"log":"|j|\u2606Xeoffee\n|j|\u2606dalas91\n|t:|1729906035\n|gametype|doubles\n|player|p1|Xeoffee|n|1675\n|player|p2|dalas91|dragontamer|1693\n|teamsize|p1|6\n|teamsize|p2|6\n|gen|9\n|tier|[Gen 9] VGC 2024 Reg H\n|rated|\n|rule|Species Clause: Limit one of each Pok\u00e9mon\n|rule|Item Clause: Limit 1 of each item\n|clearpoke\n|poke|p1|Volcarona, L50, F|\n|poke|p1|Electabuzz, L50, F|\n|poke|p1|Rillaboom, L50, F|\n|poke|p1|Drifblim, L50, M|\n|poke|p1|Primarina, L50, M|\n|poke|p1|Ursaluna-Bloodmoon, L50, M|\n|poke|p2|Archaludon, L50, M|\n|poke|p2|Whimsicott, L50, F|\n|poke|p2|Incineroar, L50, F|\n|poke|p2|Milotic, L50, M|\n|poke|p2|Annihilape, L50, F|\n|poke|p2|Basculegion, L50, M|\n|teampreview|4\n|\n|t:|1729906077\n|start\n|switch|p1a: Rillaboom|Rillaboom, L50, F|100\/100\n|switch|p1b: Drifblim|Drifblim, L50, M|100\/100\n|switch|p2a: Whimsicott|Whimsicott, L50, F|100\/100\n|switch|p2b: Annihilape|Annihilape, L50, F|100\/100\n|-fieldstart|move: Grassy Terrain|[from] ability: Grassy Surge|[of] p1a: Rillaboom\n|-enditem|p1b: Drifblim|Grassy Seed\n|-boost|p1b: Drifblim|def|1|[from] item: Grassy Seed\n|turn|1\n|\n|t:|1729906136\n|-terastallize|p2b: Annihilape|Fire\n|move|p1a: Rillaboom|Fake Out|p2b: Annihilape\n|-damage|p2b: Annihilape|86\/100\n|move|p2a: Whimsicott|Beat Up|p2b: Annihilape\n|-damage|p2b: Annihilape|83\/100\n|-damage|p2b: Annihilape|80\/100\n|-damage|p2b: Annihilape|77\/100\n|-damage|p2b: Annihilape|75\/100\n|-hitcount|p2b: Annihilape|4\n|cant|p2b: Annihilape|flinch\n|move|p1b: Drifblim|Trick Room|p1b: Drifblim\n|-fieldstart|move: Trick Room|[of] p1b: Drifblim\n|\n|-heal|p2b: Annihilape|81\/100|[from] Grassy Terrain\n|upkeep\n|turn|2\n|\n|t:|1729906156\n|switch|p1b: Ursaluna|Ursaluna-Bloodmoon, L50, M|100\/100\n|move|p2a: Whimsicott|Encore||[still]\n|-fail|p2a: Whimsicott\n|move|p1a: Rillaboom|U-turn|p2a: Whimsicott\n|-damage|p2a: Whimsicott|66\/100\n|\n|t:|1729906163\n|switch|p1a: Primarina|Primarina, L50, M|100\/100|[from] U-turn\n|move|p2b: Annihilape|Rage Fist|p1a: Primarina\n|-damage|p1a: Primarina|0 fnt\n|faint|p1a: Primarina\n|\n|-heal|p2b: Annihilape|87\/100|[from] Grassy Terrain\n|-heal|p2a: Whimsicott|72\/100|[from] Grassy Terrain\n|upkeep\n|\n|t:|1729906171\n|switch|p1a: Drifblim|Drifblim, L50, M|100\/100\n|turn|3\n|\n|t:|1729906195\n|switch|p2b: Basculegion|Basculegion, L50, M, shiny|100\/100\n|-terastallize|p1b: Ursaluna|Normal\n|move|p1b: Ursaluna|Hyper Voice|p2b: Basculegion|[spread] p2a,p2b\n|-damage|p2a: Whimsicott|0 fnt\n|-damage|p2b: Basculegion|17\/100\n|faint|p2a: Whimsicott\n|-damage|p1b: Ursaluna|91\/100|[from] item: Life Orb\n|move|p1a: Drifblim|Shadow Ball|p2b: Basculegion\n|-supereffective|p2b: Basculegion\n|-damage|p2b: Basculegion|0 fnt\n|faint|p2b: Basculegion\n|\n|-heal|p1b: Ursaluna|97\/100|[from] Grassy Terrain\n|upkeep\n|\n|t:|1729906212\n|switch|p2b: Annihilape|Annihilape, L50, F, tera:Fire|87\/100\n|switch|p2a: Milotic|Milotic, L50, M|100\/100\n|turn|4\n|\n|t:|1729906229\n|move|p1b: Ursaluna|Earth Power|p2b: Annihilape\n|-supereffective|p2b: Annihilape\n|-damage|p2b: Annihilape|0 fnt\n|faint|p2b: Annihilape\n|-damage|p1b: Ursaluna|87\/100|[from] item: Life Orb\n|move|p1a: Drifblim|Shadow Ball|p2a: Milotic\n|-damage|p2a: Milotic|82\/100\n|move|p2a: Milotic|Coil|p2a: Milotic\n|-boost|p2a: Milotic|atk|1\n|-boost|p2a: Milotic|def|1\n|-boost|p2a: Milotic|accuracy|1\n|\n|-heal|p1b: Ursaluna|93\/100|[from] Grassy Terrain\n|-heal|p2a: Milotic|88\/100|[from] Grassy Terrain\n|-status|p2a: Milotic|brn|[from] item: Flame Orb\n|upkeep\n|turn|5\n|\n|t:|1729906250\n|move|p1b: Ursaluna|Blood Moon|p2a: Milotic\n|-damage|p2a: Milotic|0 fnt\n|faint|p2a: Milotic\n|-damage|p1b: Ursaluna|84\/100|[from] item: Life Orb\n|\n|win|Xeoffee\n|raw|Xeoffee's rating: 1675 &rarr; <strong>1696<\/strong><br \/>(+21 for winning)\n|raw|dalas91's rating: 1693 &rarr; <strong>1672<\/strong><br \/>(-21 for losing)\n|l|\u2606dalas91\n|player|p2|\n|l|\u2606Xeoffee\n|player|p1|\n","uploadtime":1729906465,"views":11,"formatid":"gen9vgc2024regh","rating":1672,"private":0,"password":null}