{"id":"gen9vgc2024regh-2231476194","format":"[Gen 9] VGC 2024 Reg H","players":["PONLOA_25PRUEBA","Lancers2433"],"log":"|j|\u2606PONLOA_25PRUEBA\n|j|\u2606Lancers2433\n|t:|1729967742\n|gametype|doubles\n|player|p1|PONLOA_25PRUEBA|liza|1686\n|player|p2|Lancers2433|volkner|1664\n|teamsize|p1|6\n|teamsize|p2|6\n|gen|9\n|tier|[Gen 9] VGC 2024 Reg H\n|rated|\n|rule|Species Clause: Limit one of each Pok\u00e9mon\n|rule|Item Clause: Limit 1 of each item\n|clearpoke\n|poke|p1|Hatterene, L50, F|\n|poke|p1|Torkoal, L50, M|\n|poke|p1|Armarouge, L50, M|\n|poke|p1|Gallade, L50, M|\n|poke|p1|Indeedee-F, L50, F|\n|poke|p1|Annihilape, L50, F|\n|poke|p2|Dragonite, L50, F|\n|poke|p2|Sneasler, L50, F|\n|poke|p2|Kingambit, L50, F|\n|poke|p2|Magmar, L50, F|\n|poke|p2|Gastrodon, L50, M|\n|poke|p2|Rillaboom, L50, F|\n|teampreview|4\n|inactive|Battle timer is ON: inactive players will automatically lose when time's up. (requested by PONLOA_25PRUEBA)\n|\n|t:|1729967760\n|start\n|switch|p1a: Indeedee|Indeedee-F, L50, F|100\/100\n|switch|p1b: Annihilape|Annihilape, L50, F|100\/100\n|switch|p2a: Kingambit|Kingambit, L50, F|100\/100\n|switch|p2b: Magmar|Magmar, L50, F|100\/100\n|-fieldstart|move: Psychic Terrain|[from] ability: Psychic Surge|[of] p1a: Indeedee\n|turn|1\n|\n|t:|1729967772\n|switch|p1a: Hatterene|Hatterene, L50, F|100\/100\n|-terastallize|p2b: Magmar|Ghost\n|move|p2b: Magmar|Follow Me|p2b: Magmar\n|-singleturn|p2b: Magmar|move: Follow Me\n|move|p1b: Annihilape|Final Gambit|p2b: Magmar\n|-immune|p2b: Magmar\n|move|p2a: Kingambit|Swords Dance|p2a: Kingambit\n|-boost|p2a: Kingambit|atk|2\n|\n|upkeep\n|turn|2\n|\n|t:|1729967795\n|move|p1b: Annihilape|Taunt|p2b: Magmar\n|-start|p2b: Magmar|move: Taunt\n|move|p2b: Magmar|Overheat|p1a: Hatterene\n|-damage|p1a: Hatterene|43\/100\n|-unboost|p2b: Magmar|spa|2\n|move|p2a: Kingambit|Kowtow Cleave|p1a: Hatterene\n|-damage|p1a: Hatterene|0 fnt\n|faint|p1a: Hatterene\n|\n|upkeep\n|\n|t:|1729967804\n|switch|p1a: Indeedee|Indeedee-F, L50, F|100\/100\n|turn|3\n|\n|t:|1729967827\n|switch|p2b: Rillaboom|Rillaboom, L50, F|100\/100\n|-fieldstart|move: Grassy Terrain|[from] ability: Grassy Surge|[of] p2b: Rillaboom\n|move|p2a: Kingambit|Protect|p2a: Kingambit\n|-singleturn|p2a: Kingambit|Protect\n|move|p1a: Indeedee|Follow Me|p1a: Indeedee\n|-singleturn|p1a: Indeedee|move: Follow Me\n|move|p1b: Annihilape|Close Combat|p2a: Kingambit\n|-activate|p2a: Kingambit|move: Protect\n|\n|upkeep\n|turn|4\n|\n|t:|1729967850\n|-terastallize|p1a: Indeedee|Ghost\n|move|p1b: Annihilape|Final Gambit|p2a: Kingambit\n|-damage|p2a: Kingambit|0 fnt\n|faint|p1b: Annihilape\n|faint|p2a: Kingambit\n|move|p2b: Rillaboom|Wood Hammer|p1a: Indeedee\n|-damage|p1a: Indeedee|30\/100\n|-damage|p2b: Rillaboom|79\/100|[from] Recoil\n|move|p1a: Indeedee|Trick Room|p1a: Indeedee\n|-fieldstart|move: Trick Room|[of] p1a: Indeedee\n|\n|-heal|p1a: Indeedee|36\/100|[from] Grassy Terrain\n|-heal|p2b: Rillaboom|86\/100|[from] Grassy Terrain\n|upkeep\n|\n|t:|1729967859\n|switch|p2a: Gastrodon|Gastrodon, L50, M|100\/100\n|switch|p1b: Torkoal|Torkoal, L50, M|100\/100\n|-weather|SunnyDay|[from] ability: Drought|[of] p1b: Torkoal\n|turn|5\n|\n|t:|1729967871\n|move|p2b: Rillaboom|Grassy Glide|p1a: Indeedee\n|-damage|p1a: Indeedee|0 fnt\n|faint|p1a: Indeedee\n|move|p1b: Torkoal|Eruption|p2a: Gastrodon|[spread] p2a,p2b\n|-resisted|p2a: Gastrodon\n|-supereffective|p2b: Rillaboom\n|-crit|p2b: Rillaboom\n|-damage|p2a: Gastrodon|56\/100\n|-damage|p2b: Rillaboom|0 fnt\n|faint|p2b: Rillaboom\n|move|p2a: Gastrodon|Earth Power|p1b: Torkoal\n|-supereffective|p1b: Torkoal\n|-damage|p1b: Torkoal|6\/100\n|\n|-weather|SunnyDay|[upkeep]\n|-heal|p1b: Torkoal|12\/100|[from] Grassy Terrain\n|-heal|p2a: Gastrodon|62\/100|[from] Grassy Terrain\n|upkeep\n|\n|t:|1729967877\n|switch|p2b: Magmar|Magmar, L50, F, tera:Ghost|100\/100\n|turn|6\n|\n|t:|1729967884\n|move|p1b: Torkoal|Weather Ball|p2b: Magmar\n|-damage|p2b: Magmar|46\/100\n|move|p2a: Gastrodon|Earth Power|p1b: Torkoal\n|-supereffective|p1b: Torkoal\n|-damage|p1b: Torkoal|0 fnt\n|faint|p1b: Torkoal\n|\n|win|Lancers2433\n|raw|PONLOA_25PRUEBA's rating: 1686 &rarr; <strong>1665<\/strong><br \/>(-21 for losing)\n|raw|Lancers2433's rating: 1664 &rarr; <strong>1685<\/strong><br \/>(+21 for winning)\n|l|\u2606Lancers2433\n|player|p2|\n|l|\u2606PONLOA_25PRUEBA\n|player|p1|\n","uploadtime":1729967887,"views":17,"formatid":"gen9vgc2024regh","rating":1665,"private":0,"password":null}