{"id":"gen9vgc2024regh-2231981838","format":"[Gen 9] VGC 2024 Reg H","players":["Cocobeloeil1","ichigeki style"],"log":"|j|\u2606Cocobeloeil1\n|j|\u2606ichigeki style\n|t:|1730043213\n|gametype|doubles\n|player|p1|Cocobeloeil1|266|1695\n|player|p2|ichigeki style|101|1685\n|teamsize|p1|6\n|teamsize|p2|6\n|gen|9\n|tier|[Gen 9] VGC 2024 Reg H\n|rated|\n|rule|Species Clause: Limit one of each Pok\u00e9mon\n|rule|Item Clause: Limit 1 of each item\n|clearpoke\n|poke|p1|Breloom, L50, M|\n|poke|p1|Ursaluna-Bloodmoon, L50, M|\n|poke|p1|Archaludon, L50, M|\n|poke|p1|Politoed, L50, M|\n|poke|p1|Murkrow, L50, M|\n|poke|p1|Dragonite, L50, F|\n|poke|p2|Garganacl, L50, F|\n|poke|p2|Ursaluna-Bloodmoon, L50, M|\n|poke|p2|Meowscarada, L50, F|\n|poke|p2|Sinistcha, L50|\n|poke|p2|Gholdengo, L50|\n|poke|p2|Incineroar, L50, F|\n|teampreview|4\n|inactive|Battle timer is ON: inactive players will automatically lose when time's up. (requested by Cocobeloeil1)\n|j| Uggy144\n|inactive|ichigeki style has 60 seconds left.\n|\n|t:|1730043286\n|start\n|switch|p1a: Politoed|Politoed, L50, M|100\/100\n|switch|p1b: Dragonite|Dragonite, L50, F|100\/100\n|switch|p2a: Gholdengo|Gholdengo, L50|100\/100\n|switch|p2b: Sinistcha|Sinistcha, L50|100\/100\n|-weather|RainDance|[from] ability: Drizzle|[of] p1a: Politoed\n|turn|1\n|j| bluestraggler01\n|\n|t:|1730043303\n|move|p2a: Gholdengo|Make It Rain|p1a: Politoed|[spread] p1a,p1b\n|-resisted|p1a: Politoed\n|-damage|p1a: Politoed|73\/100\n|-damage|p1b: Dragonite|74\/100\n|-unboost|p2a: Gholdengo|spa|1\n|move|p1b: Dragonite|Scale Shot|p2b: Sinistcha\n|-damage|p2b: Sinistcha|88\/100\n|-damage|p2b: Sinistcha|74\/100\n|-damage|p2b: Sinistcha|62\/100\n|-damage|p2b: Sinistcha|50\/100\n|-enditem|p2b: Sinistcha|Sitrus Berry|[eat]\n|-heal|p2b: Sinistcha|75\/100|[from] item: Sitrus Berry\n|-hitcount|p2b: Sinistcha|4\n|-unboost|p1b: Dragonite|def|1\n|-boost|p1b: Dragonite|spe|1\n|move|p1a: Politoed|Weather Ball|p2b: Sinistcha\n|-resisted|p2b: Sinistcha\n|-crit|p2b: Sinistcha\n|-damage|p2b: Sinistcha|8\/100\n|move|p2b: Sinistcha|Trick Room|p2b: Sinistcha\n|-fieldstart|move: Trick Room|[of] p2b: Sinistcha\n|\n|-weather|RainDance|[upkeep]\n|upkeep\n|turn|2\n|j| trfgtred\n|\n|t:|1730043326\n|switch|p1b: Archaludon|Archaludon, L50, M|100\/100\n|-terastallize|p1a: Politoed|Grass\n|move|p2b: Sinistcha|Strength Sap|p1b: Archaludon\n|-unboost|p1b: Archaludon|atk|1\n|-heal|p2b: Sinistcha|65\/100\n|move|p1a: Politoed|Weather Ball|p2b: Sinistcha\n|-resisted|p2b: Sinistcha\n|-damage|p2b: Sinistcha|19\/100\n|move|p2a: Gholdengo|Make It Rain|p1b: Archaludon|[spread] p1a,p1b\n|-resisted|p1b: Archaludon\n|-damage|p1a: Politoed|37\/100\n|-damage|p1b: Archaludon|88\/100\n|-unboost|p2a: Gholdengo|spa|1\n|-ability|p1b: Archaludon|Stamina|boost\n|-boost|p1b: Archaludon|def|1\n|\n|-weather|RainDance|[upkeep]\n|upkeep\n|turn|3\n|\n|t:|1730043350\n|switch|p2a: Ursaluna|Ursaluna-Bloodmoon, L50, M|100\/100\n|move|p2b: Sinistcha|Strength Sap|p1a: Politoed\n|-unboost|p1a: Politoed|atk|1\n|-heal|p2b: Sinistcha|67\/100\n|move|p1a: Politoed|Weather Ball|p2a: Ursaluna\n|-supereffective|p2a: Ursaluna\n|-damage|p2a: Ursaluna|0 fnt\n|faint|p2a: Ursaluna\n|move|p1b: Archaludon|Electro Shot||[still]\n|-prepare|p1b: Archaludon|Electro Shot\n|-boost|p1b: Archaludon|spa|1\n|-anim|p1b: Archaludon|Electro Shot|p2b: Sinistcha\n|-resisted|p2b: Sinistcha\n|-damage|p2b: Sinistcha|41\/100\n|\n|-weather|RainDance|[upkeep]\n|upkeep\n|\n|t:|1730043353\n|switch|p2a: Meowscarada|Meowscarada, L50, F|100\/100\n|turn|4\n|\n|t:|1730043375\n|move|p2a: Meowscarada|Protect|p2a: Meowscarada\n|-singleturn|p2a: Meowscarada|Protect\n|move|p2b: Sinistcha|Matcha Gotcha|p1a: Politoed|[spread] p1a,p1b\n|-resisted|p1a: Politoed\n|-resisted|p1b: Archaludon\n|-damage|p1a: Politoed|25\/100\n|-heal|p2b: Sinistcha|47\/100|[from] drain|[of] p1a: Politoed\n|-damage|p1b: Archaludon|83\/100\n|-heal|p2b: Sinistcha|50\/100|[from] drain|[of] p1b: Archaludon\n|-ability|p1b: Archaludon|Stamina|boost\n|-boost|p1b: Archaludon|def|1\n|move|p1a: Politoed|Weather Ball|p2b: Sinistcha\n|-resisted|p2b: Sinistcha\n|-damage|p2b: Sinistcha|3\/100\n|move|p1b: Archaludon|Electro Shot||[still]\n|-prepare|p1b: Archaludon|Electro Shot\n|-boost|p1b: Archaludon|spa|1\n|-anim|p1b: Archaludon|Electro Shot|p2b: Sinistcha\n|-resisted|p2b: Sinistcha\n|-damage|p2b: Sinistcha|0 fnt\n|faint|p2b: Sinistcha\n|\n|-weather|RainDance|[upkeep]\n|upkeep\n|\n|t:|1730043388\n|switch|p2b: Gholdengo|Gholdengo, L50|100\/100\n|turn|5\n|\n|t:|1730043393\n|-terastallize|p2b: Gholdengo|Steel\n|move|p1a: Politoed|Weather Ball|p2b: Gholdengo\n|-damage|p2b: Gholdengo|0 fnt\n|faint|p2b: Gholdengo\n|move|p1b: Archaludon|Electro Shot||[still]\n|-prepare|p1b: Archaludon|Electro Shot\n|-boost|p1b: Archaludon|spa|1\n|-anim|p1b: Archaludon|Electro Shot|p2a: Meowscarada\n|-resisted|p2a: Meowscarada\n|-damage|p2a: Meowscarada|25\/100\n|move|p2a: Meowscarada|Knock Off|p1b: Archaludon\n|-damage|p1b: Archaludon|65\/100\n|-ability|p1b: Archaludon|Stamina|boost\n|-boost|p1b: Archaludon|def|1\n|-enditem|p1b: Archaludon|Assault Vest|[from] move: Knock Off|[of] p2a: Meowscarada\n|\n|-weather|none\n|-fieldend|move: Trick Room\n|upkeep\n|turn|6\n|-message|ichigeki style forfeited.\n|\n|win|Cocobeloeil1\n|raw|Cocobeloeil1's rating: 1695 &rarr; <strong>1714<\/strong><br \/>(+19 for winning)\n|raw|ichigeki style's rating: 1685 &rarr; <strong>1666<\/strong><br \/>(-19 for losing)\n|l|\u2606ichigeki style\n|player|p2|\n|l|\u2606Cocobeloeil1\n|player|p1|\n|l| trfgtred\n","uploadtime":1730043610,"views":13,"formatid":"gen9vgc2024regh","rating":1666,"private":0,"password":null}