{"id":"gen9vgc2024regh-2231535353","format":"[Gen 9] VGC 2024 Reg H","players":["RomanTogepi","OSAMABINGETINLADIN"],"log":"|j|\u2606RomanTogepi\n|j|\u2606OSAMABINGETINLADIN\n|t:|1729974566\n|gametype|doubles\n|player|p1|RomanTogepi|169|1741\n|player|p2|OSAMABINGETINLADIN|policeman-gen4|1720\n|teamsize|p1|6\n|teamsize|p2|6\n|gen|9\n|tier|[Gen 9] VGC 2024 Reg H\n|rated|\n|rule|Species Clause: Limit one of each Pok\u00e9mon\n|rule|Item Clause: Limit 1 of each item\n|clearpoke\n|poke|p1|Goodra-Hisui, L50, F|\n|poke|p1|Magmar, L50, M|\n|poke|p1|Rillaboom, L50, F|\n|poke|p1|Politoed, L50, F|\n|poke|p1|Gholdengo, L50|\n|poke|p1|Grimmsnarl, L50, M|\n|poke|p2|Sneasler, L50, M|\n|poke|p2|Indeedee, L50, M|\n|poke|p2|Dragapult, L50, F|\n|poke|p2|Decidueye-Hisui, L50, F|\n|poke|p2|Typhlosion-Hisui, L50, F|\n|poke|p2|Whimsicott, L50, M|\n|teampreview|4\n|inactive|Battle timer is ON: inactive players will automatically lose when time's up. (requested by OSAMABINGETINLADIN)\n|\n|t:|1729974585\n|start\n|switch|p1a: Grimmsnarl|Grimmsnarl, L50, M, shiny|100\/100\n|switch|p1b: Magmar|Magmar, L50, M, shiny|100\/100\n|switch|p2a: Paul Allen|Sneasler, L50, M, shiny|100\/100\n|switch|p2b: Marcus Halberstram|Dragapult, L50, F, shiny|100\/100\n|turn|1\n|inactive|RomanTogepi has 30 seconds left.\n|\n|t:|1729974616\n|move|p1a: Grimmsnarl|Reflect|p1a: Grimmsnarl\n|-sidestart|p1: RomanTogepi|Reflect\n|move|p2b: Marcus Halberstram|Dragon Darts|p1b: Magmar\n|-damage|p1b: Magmar|78\/100\n|-anim|p2b: Marcus Halberstram|Dragon Darts|p1b: Magmar\n|-damage|p1b: Magmar|57\/100\n|move|p2a: Paul Allen|Dire Claw|p1a: Grimmsnarl\n|-supereffective|p1a: Grimmsnarl\n|-damage|p1a: Grimmsnarl|29\/100\n|move|p1b: Magmar|Will-O-Wisp|p2a: Paul Allen\n|-status|p2a: Paul Allen|brn\n|\n|-damage|p2a: Paul Allen|95\/100 brn|[from] brn\n|upkeep\n|turn|2\n|inactive|RomanTogepi has 30 seconds left.\n|inactive|RomanTogepi has 20 seconds left.\n|inactive|RomanTogepi has 15 seconds left.\n|inactive|RomanTogepi has 10 seconds left.\n|inactive|RomanTogepi has 5 seconds left.\n|\n|t:|1729974667\n|move|p1b: Magmar|Protect|p1b: Magmar\n|-singleturn|p1b: Magmar|Protect\n|move|p2b: Marcus Halberstram|Dragon Darts|p1b: Magmar\n|-immune|p1a: Grimmsnarl\n|move|p2a: Paul Allen|Dire Claw|p1a: Grimmsnarl\n|-supereffective|p1a: Grimmsnarl\n|-damage|p1a: Grimmsnarl|0 fnt\n|faint|p1a: Grimmsnarl\n|\n|-damage|p2a: Paul Allen|89\/100 brn|[from] brn\n|upkeep\n|j| Moniiim\n|\n|t:|1729974687\n|switch|p1a: Goodra|Goodra-Hisui, L50, F|100\/100\n|turn|3\n|\n|t:|1729974699\n|switch|p1b: Politoed|Politoed, L50, F, shiny|100\/100\n|-weather|RainDance|[from] ability: Drizzle|[of] p1b: Politoed\n|-terastallize|p1a: Goodra|Water\n|move|p2b: Marcus Halberstram|Dragon Darts|p1a: Goodra\n|-damage|p1a: Goodra|73\/100\n|-anim|p2b: Marcus Halberstram|Dragon Darts|p1b: Politoed\n|-damage|p1b: Politoed|69\/100\n|move|p2a: Paul Allen|Close Combat|p1a: Goodra\n|-damage|p1a: Goodra|51\/100\n|-unboost|p2a: Paul Allen|def|1\n|-unboost|p2a: Paul Allen|spd|1\n|move|p1a: Goodra|Muddy Water|p2a: Paul Allen|[spread] p2b\n|-miss|p1a: Goodra|p2a: Paul Allen\n|-resisted|p2b: Marcus Halberstram\n|-damage|p2b: Marcus Halberstram|47\/100\n|\n|-weather|RainDance|[upkeep]\n|-damage|p2a: Paul Allen|83\/100 brn|[from] brn\n|upkeep\n|turn|4\n|\n|t:|1729974723\n|switch|p1b: Magmar|Magmar, L50, M, shiny|57\/100\n|move|p2b: Marcus Halberstram|Dragon Darts|p1a: Goodra\n|-damage|p1a: Goodra|23\/100\n|-anim|p2b: Marcus Halberstram|Dragon Darts|p1b: Magmar\n|-damage|p1b: Magmar|34\/100\n|move|p2a: Paul Allen|Close Combat|p1b: Magmar\n|-damage|p1b: Magmar|17\/100\n|-unboost|p2a: Paul Allen|def|1\n|-unboost|p2a: Paul Allen|spd|1\n|move|p1a: Goodra|Muddy Water|p2b: Marcus Halberstram|[spread] p2a,p2b\n|-resisted|p2b: Marcus Halberstram\n|-damage|p2a: Paul Allen|0 fnt\n|-damage|p2b: Marcus Halberstram|0 fnt\n|faint|p2a: Paul Allen\n|faint|p2b: Marcus Halberstram\n|\n|-weather|RainDance|[upkeep]\n|upkeep\n|\n|t:|1729974726\n|switch|p2b: David Van Patten|Typhlosion-Hisui, L50, F|100\/100\n|switch|p2a: Patrick Bateman|Indeedee, L50, M, shiny|100\/100\n|-fieldstart|move: Psychic Terrain|[from] ability: Psychic Surge|[of] p2a: Patrick Bateman\n|turn|5\n|inactive|RomanTogepi has 30 seconds left.\n|inactive|RomanTogepi has 20 seconds left.\n|inactive|RomanTogepi has 15 seconds left.\n|inactive|RomanTogepi has 10 seconds left.\n|\n|t:|1729974774\n|-terastallize|p2b: David Van Patten|Fire\n|move|p1b: Magmar|Protect|p1b: Magmar\n|-singleturn|p1b: Magmar|Protect\n|move|p2a: Patrick Bateman|Expanding Force|p1a: Goodra|[spread] p1a\n|-activate|p1b: Magmar|move: Protect\n|-damage|p1a: Goodra|0 fnt\n|faint|p1a: Goodra\n|move|p2b: David Van Patten|Eruption|p1b: Magmar\n|-activate|p1b: Magmar|move: Protect\n|\n|-weather|RainDance|[upkeep]\n|upkeep\n|\n|t:|1729974776\n|switch|p1a: Politoed|Politoed, L50, F, shiny|69\/100\n|turn|6\n|\n|t:|1729974785\n|move|p1b: Magmar|Protect|p1b: Magmar\n|-singleturn|p1b: Magmar|Protect\n|move|p2a: Patrick Bateman|Expanding Force|p1a: Politoed|[spread] p1a\n|-activate|p1b: Magmar|move: Protect\n|-damage|p1a: Politoed|23\/100\n|-enditem|p1a: Politoed|Sitrus Berry|[eat]\n|-heal|p1a: Politoed|48\/100|[from] item: Sitrus Berry\n|move|p2b: David Van Patten|Eruption|p1b: Magmar|[spread] p1a\n|-activate|p1b: Magmar|move: Protect\n|-resisted|p1a: Politoed\n|-damage|p1a: Politoed|21\/100\n|move|p1a: Politoed|Weather Ball|p2b: David Van Patten\n|-supereffective|p2b: David Van Patten\n|-damage|p2b: David Van Patten|0 fnt\n|faint|p2b: David Van Patten\n|\n|-weather|RainDance|[upkeep]\n|upkeep\n|turn|7\n|\n|t:|1729974801\n|move|p2a: Patrick Bateman|Expanding Force|p1b: Magmar|[spread] p1a,p1b\n|-damage|p1a: Politoed|0 fnt\n|-damage|p1b: Magmar|0 fnt\n|faint|p1a: Politoed\n|faint|p1b: Magmar\n|\n|win|OSAMABINGETINLADIN\n|raw|RomanTogepi's rating: 1741 &rarr; <strong>1720<\/strong><br \/>(-21 for losing)\n|raw|OSAMABINGETINLADIN's rating: 1720 &rarr; <strong>1741<\/strong><br \/>(+21 for winning)\n|l|\u2606OSAMABINGETINLADIN\n|player|p2|\n|l|\u2606RomanTogepi\n|player|p1|\n|l| Moniiim\n","uploadtime":1729975017,"views":13,"formatid":"gen9vgc2024regh","rating":1720,"private":0,"password":null}