{"id":"gen9vgc2024regh-2231433498","format":"[Gen 9] VGC 2024 Reg H","players":["MikoAg","juacox300"],"log":"|j|\u2606MikoAg\n|j|\u2606juacox300\n|t:|1729963061\n|gametype|doubles\n|player|p1|MikoAg|101|1647\n|player|p2|juacox300|unknown|1779\n|teamsize|p1|6\n|teamsize|p2|6\n|gen|9\n|tier|[Gen 9] VGC 2024 Reg H\n|rated|\n|rule|Species Clause: Limit one of each Pok\u00e9mon\n|rule|Item Clause: Limit 1 of each item\n|clearpoke\n|poke|p1|Armarouge, L50, M|\n|poke|p1|Indeedee-F, L50, F|\n|poke|p1|Dragapult, L50, F|\n|poke|p1|Sneasler, L50, F|\n|poke|p1|Milotic, L50, F|\n|poke|p1|Ninetales-Alola, L50, F|\n|poke|p2|Ursaluna, L50, F|\n|poke|p2|Murkrow, L50, M|\n|poke|p2|Archaludon, L50, M|\n|poke|p2|Sneasler, L50, F|\n|poke|p2|Indeedee, L50, M|\n|poke|p2|Incineroar, L50, M|\n|teampreview|4\n|\n|t:|1729963073\n|start\n|switch|p1a: Dragapult|Dragapult, L50, F|100\/100\n|switch|p1b: Sneasler|Sneasler, L50, F|100\/100\n|switch|p2a: Tommau|Sneasler, L50, F|100\/100\n|switch|p2b: Alfred|Indeedee, L50, M, shiny|100\/100\n|-fieldstart|move: Psychic Terrain|[from] ability: Psychic Surge|[of] p2b: Alfred\n|-enditem|p2a: Tommau|Psychic Seed\n|-boost|p2a: Tommau|spd|1|[from] item: Psychic Seed\n|-enditem|p1b: Sneasler|Psychic Seed\n|-boost|p1b: Sneasler|spd|1|[from] item: Psychic Seed\n|turn|1\n|j| tolkuschampion\n|\n|t:|1729963112\n|switch|p2b: Incineroar|Incineroar, L50, M|100\/100\n|-ability|p2b: Incineroar|Intimidate|boost\n|-fail|p1a: Dragapult|unboost|[from] ability: Clear Body|[of] p1a: Dragapult\n|-unboost|p1b: Sneasler|atk|1\n|-terastallize|p1a: Dragapult|Dragon\n|move|p1b: Sneasler|Throat Chop|p2b: Incineroar\n|-resisted|p2b: Incineroar\n|-damage|p2b: Incineroar|91\/100\n|-start|p2b: Incineroar|Throat Chop|[silent]\n|move|p2a: Tommau|Throat Chop|p1a: Dragapult\n|-damage|p1a: Dragapult|56\/100\n|-start|p1a: Dragapult|Throat Chop|[silent]\n|move|p1a: Dragapult|Dragon Darts|p2a: Tommau\n|-damage|p2a: Tommau|1\/100\n|-anim|p1a: Dragapult|Dragon Darts|p2b: Incineroar\n|-damage|p2b: Incineroar|37\/100\n|\n|upkeep\n|turn|2\n|\n|t:|1729963141\n|move|p2a: Tommau|Protect|p2a: Tommau\n|-singleturn|p2a: Tommau|Protect\n|move|p1b: Sneasler|Throat Chop|p2a: Tommau\n|-activate|p2a: Tommau|move: Protect\n|move|p1a: Dragapult|Dragon Darts|p2b: Incineroar\n|-damage|p2b: Incineroar|0 fnt\n|faint|p2b: Incineroar\n|\n|-end|p1a: Dragapult|Throat Chop|[silent]\n|upkeep\n|\n|t:|1729963148\n|switch|p2b: Alfred|Indeedee, L50, M, shiny|100\/100\n|turn|3\n|\n|t:|1729963160\n|switch|p2a: Archaludon|Archaludon, L50, M, shiny|100\/100\n|move|p1b: Sneasler|Throat Chop|p2a: Archaludon\n|-damage|p2a: Archaludon|84\/100\n|-start|p2a: Archaludon|Throat Chop|[silent]\n|-ability|p2a: Archaludon|Stamina|boost\n|-boost|p2a: Archaludon|def|1\n|move|p2b: Alfred|Expanding Force|p1a: Dragapult|[spread] p1a,p1b\n|-supereffective|p1b: Sneasler\n|-damage|p1a: Dragapult|0 fnt\n|-damage|p1b: Sneasler|0 fnt\n|faint|p1a: Dragapult\n|faint|p1b: Sneasler\n|\n|upkeep\n|\n|t:|1729963172\n|switch|p1a: Indeedee|Indeedee-F, L50, F|100\/100\n|switch|p1b: Armarouge|Armarouge, L50, M|100\/100\n|turn|4\n|\n|t:|1729963198\n|move|p2b: Alfred|Expanding Force|p1b: Armarouge|[spread] p1a,p1b\n|-resisted|p1a: Indeedee\n|-resisted|p1b: Armarouge\n|-damage|p1a: Indeedee|76\/100\n|-damage|p1b: Armarouge|66\/100\n|move|p1b: Armarouge|Expanding Force|p2a: Archaludon|[spread] p2a,p2b\n|-resisted|p2a: Archaludon\n|-resisted|p2b: Alfred\n|-crit|p2b: Alfred\n|-damage|p2a: Archaludon|46\/100\n|-damage|p2b: Alfred|43\/100\n|-ability|p2a: Archaludon|Stamina|boost\n|-boost|p2a: Archaludon|def|1\n|move|p2a: Archaludon|Electro Shot||[still]\n|-prepare|p2a: Archaludon|Electro Shot\n|-boost|p2a: Archaludon|spa|1\n|-enditem|p2a: Archaludon|Power Herb\n|-anim|p2a: Archaludon|Electro Shot|p1a: Indeedee\n|-damage|p1a: Indeedee|11\/100\n|move|p1a: Indeedee|Trick Room|p1a: Indeedee\n|-fieldstart|move: Trick Room|[of] p1a: Indeedee\n|\n|-end|p2a: Archaludon|Throat Chop|[silent]\n|upkeep\n|turn|5\n|\n|t:|1729963222\n|move|p1a: Indeedee|Helping Hand|p1b: Armarouge\n|-singleturn|p1b: Armarouge|Helping Hand|[of] p1a: Indeedee\n|move|p2a: Archaludon|Flash Cannon|p1a: Indeedee\n|-damage|p1a: Indeedee|0 fnt\n|faint|p1a: Indeedee\n|move|p1b: Armarouge|Expanding Force|p2b: Alfred|[spread] p2a,p2b\n|-resisted|p2a: Archaludon\n|-resisted|p2b: Alfred\n|-damage|p2a: Archaludon|0 fnt\n|-damage|p2b: Alfred|0 fnt\n|faint|p2a: Archaludon\n|faint|p2b: Alfred\n|\n|-fieldend|move: Psychic Terrain\n|upkeep\n|\n|t:|1729963231\n|switch|p2a: Tommau|Sneasler, L50, F|1\/100\n|turn|6\n|\n|t:|1729963241\n|move|p2a: Tommau|Protect|p2a: Tommau\n|-singleturn|p2a: Tommau|Protect\n|move|p1b: Armarouge|Expanding Force|p2a: Tommau\n|-activate|p2a: Tommau|move: Protect\n|\n|upkeep\n|turn|7\n|\n|t:|1729963247\n|move|p2a: Tommau|Protect||[still]\n|-fail|p2a: Tommau\n|move|p1b: Armarouge|Expanding Force|p2a: Tommau\n|-supereffective|p2a: Tommau\n|-damage|p2a: Tommau|0 fnt\n|faint|p2a: Tommau\n|\n|win|MikoAg\n|raw|MikoAg's rating: 1647 &rarr; <strong>1674<\/strong><br \/>(+27 for winning)\n|raw|juacox300's rating: 1779 &rarr; <strong>1752<\/strong><br \/>(-27 for losing)\n|l| tolkuschampion\n|l|\u2606juacox300\n|player|p2|\n|l|\u2606MikoAg\n|player|p1|\n","uploadtime":1729963433,"views":25,"formatid":"gen9vgc2024regh","rating":1674,"private":0,"password":null}