{"id":"gen9vgc2024regh-2231661721","format":"[Gen 9] VGC 2024 Reg H","players":["grade a type b","chiitancrazymascot"],"log":"|j|\u2606grade a type b\n|j|\u2606chiitancrazymascot\n|t:|1729990351\n|gametype|doubles\n|player|p1|grade a type b|waiter-gen4dp|1685\n|player|p2|chiitancrazymascot|pokemaniac|1751\n|teamsize|p1|6\n|teamsize|p2|6\n|gen|9\n|tier|[Gen 9] VGC 2024 Reg H\n|rated|\n|rule|Species Clause: Limit one of each Pok\u00e9mon\n|rule|Item Clause: Limit 1 of each item\n|clearpoke\n|poke|p1|Gholdengo, L50|\n|poke|p1|Whimsicott, L50, M|\n|poke|p1|Ursaluna-Bloodmoon, L50, M|\n|poke|p1|Dragonite, L50, M|\n|poke|p1|Primarina, L50, F|\n|poke|p1|Blaziken, L50, F|\n|poke|p2|Annihilape, L50, M|\n|poke|p2|Dondozo, L50, F|\n|poke|p2|Maushold-Four, L50|\n|poke|p2|Gholdengo, L50|\n|poke|p2|Whimsicott, L50, M|\n|poke|p2|Tatsugiri, L50, M|\n|teampreview|4\n|inactive|Battle timer is ON: inactive players will automatically lose when time's up. (requested by chiitancrazymascot)\n|inactive|grade a type b also wants the timer to be on.\n|\n|t:|1729990381\n|start\n|switch|p1a: Booger Sugar|Whimsicott, L50, M, shiny|100\/100\n|switch|p1b: Scaling The Couch|Gholdengo, L50|100\/100\n|switch|p2a: Maushold|Maushold-Four, L50|100\/100\n|switch|p2b: Annihilape|Annihilape, L50, M, shiny|100\/100\n|turn|1\n|\n|t:|1729990392\n|-terastallize|p1b: Scaling The Couch|Steel\n|move|p1a: Booger Sugar|Tailwind|p1a: Booger Sugar\n|-sidestart|p1: grade a type b|move: Tailwind\n|move|p1b: Scaling The Couch|Make It Rain|p2a: Maushold|[spread] p2a,p2b\n|-enditem|p2a: Maushold|Focus Sash\n|-damage|p2a: Maushold|1\/100\n|-damage|p2b: Annihilape|39\/100\n|-unboost|p1b: Scaling The Couch|spa|1\n|-enditem|p2b: Annihilape|Sitrus Berry|[eat]\n|-heal|p2b: Annihilape|64\/100|[from] item: Sitrus Berry\n|move|p2a: Maushold|Beat Up|p2b: Annihilape\n|-damage|p2b: Annihilape|63\/100\n|-damage|p2b: Annihilape|60\/100\n|-damage|p2b: Annihilape|58\/100\n|-damage|p2b: Annihilape|56\/100\n|-hitcount|p2b: Annihilape|4\n|move|p2b: Annihilape|Rage Fist|p1a: Booger Sugar\n|-damage|p1a: Booger Sugar|0 fnt\n|faint|p1a: Booger Sugar\n|\n|upkeep\n|\n|t:|1729990401\n|switch|p1a: Late Game Reena|Primarina, L50, F, shiny|100\/100\n|turn|2\n|\n|t:|1729990421\n|move|p2a: Maushold|Protect|p2a: Maushold\n|-singleturn|p2a: Maushold|Protect\n|move|p1b: Scaling The Couch|Make It Rain|p2a: Maushold|[spread] p2b\n|-activate|p2a: Maushold|move: Protect\n|-damage|p2b: Annihilape|15\/100\n|-unboost|p1b: Scaling The Couch|spa|1\n|move|p1a: Late Game Reena|Hyper Voice|p2a: Maushold|[spread] p2b\n|-activate|p2a: Maushold|move: Protect\n|-damage|p2b: Annihilape|0 fnt\n|faint|p2b: Annihilape\n|-enditem|p1a: Late Game Reena|Throat Spray\n|-boost|p1a: Late Game Reena|spa|1|[from] item: Throat Spray\n|\n|upkeep\n|\n|t:|1729990436\n|switch|p2b: Dondozo|Dondozo, L50, F, shiny|100\/100\n|turn|3\n|\n|t:|1729990455\n|-terastallize|p2b: Dondozo|Grass\n|move|p1a: Late Game Reena|Protect|p1a: Late Game Reena\n|-singleturn|p1a: Late Game Reena|Protect\n|move|p1b: Scaling The Couch|Make It Rain|p2a: Maushold|[spread] p2a,p2b\n|-damage|p2a: Maushold|0 fnt\n|-damage|p2b: Dondozo|11\/100\n|-unboost|p1b: Scaling The Couch|spa|1\n|faint|p2a: Maushold\n|move|p2b: Dondozo|Tera Blast|p1a: Late Game Reena|[anim] Tera Blast Grass\n|-activate|p1a: Late Game Reena|move: Protect\n|\n|-heal|p2b: Dondozo|17\/100|[from] item: Leftovers\n|upkeep\n|\n|t:|1729990462\n|switch|p2a: Tatsugiri|Tatsugiri, L50, M, shiny|100\/100\n|-activate|p2a: Tatsugiri|ability: Commander|[of] p2b: Dondozo\n|-boost|p2b: Dondozo|atk|2\n|-boost|p2b: Dondozo|spa|2\n|-boost|p2b: Dondozo|spe|2\n|-boost|p2b: Dondozo|def|2\n|-boost|p2b: Dondozo|spd|2\n|turn|4\n|\n|t:|1729990468\n|move|p1b: Scaling The Couch|Make It Rain|p2a: Tatsugiri|[spread] p2b\n|-miss|p1b: Scaling The Couch|p2a: Tatsugiri\n|-damage|p2b: Dondozo|0 fnt\n|-unboost|p1b: Scaling The Couch|spa|1\n|faint|p2b: Dondozo\n|move|p1a: Late Game Reena|Haze|p1a: Late Game Reena\n|-clearallboost\n|\n|-sideend|p1: grade a type b|move: Tailwind\n|upkeep\n|turn|5\n|\n|t:|1729990475\n|switch|p1b: CWHIT 316 CHASE|Ursaluna-Bloodmoon, L50, M|100\/100\n|move|p2a: Tatsugiri|Muddy Water|p1b: CWHIT 316 CHASE|[spread] p1a,p1b\n|-resisted|p1a: Late Game Reena\n|-supereffective|p1b: CWHIT 316 CHASE\n|-damage|p1a: Late Game Reena|84\/100\n|-damage|p1b: CWHIT 316 CHASE|14\/100\n|move|p1a: Late Game Reena|Moonblast|p2a: Tatsugiri\n|-supereffective|p2a: Tatsugiri\n|-crit|p2a: Tatsugiri\n|-damage|p2a: Tatsugiri|0 fnt\n|faint|p2a: Tatsugiri\n|\n|win|grade a type b\n|raw|grade a type b's rating: 1685 &rarr; <strong>1709<\/strong><br \/>(+24 for winning)\n|raw|chiitancrazymascot's rating: 1751 &rarr; <strong>1727<\/strong><br \/>(-24 for losing)\n|l|\u2606chiitancrazymascot\n|player|p2|\n|l|\u2606grade a type b\n|player|p1|\n","uploadtime":1729990664,"views":26,"formatid":"gen9vgc2024regh","rating":1709,"private":0,"password":null}