{"id":"gen9vgc2024regh-2231013263","format":"[Gen 9] VGC 2024 Reg H","players":["Cage92","dalas91"],"log":"|j|\u2606Cage92\n|j|\u2606dalas91\n|t:|1729899023\n|gametype|doubles\n|player|p1|Cage92|erika|1660\n|player|p2|dalas91|dragontamer|1734\n|teamsize|p1|6\n|teamsize|p2|6\n|gen|9\n|tier|[Gen 9] VGC 2024 Reg H\n|rated|\n|rule|Species Clause: Limit one of each Pok\u00e9mon\n|rule|Item Clause: Limit 1 of each item\n|clearpoke\n|poke|p1|Dondozo, L50, M|\n|poke|p1|Tatsugiri, L50, F|\n|poke|p1|Indeedee, L50, M|\n|poke|p1|Sneasler, L50, F|\n|poke|p1|Annihilape, L50, M|\n|poke|p1|Dragonite, L50, F|\n|poke|p2|Archaludon, L50, M|\n|poke|p2|Whimsicott, L50, F|\n|poke|p2|Incineroar, L50, M|\n|poke|p2|Weezing, L50, F|\n|poke|p2|Annihilape, L50, F|\n|poke|p2|Basculegion, L50, M|\n|teampreview|4\n|inactive|Battle timer is ON: inactive players will automatically lose when time's up. (requested by Cage92)\n|j| plplk\n|l| plplk\n|inactive|dalas91 has 60 seconds left.\n|\n|t:|1729899106\n|start\n|switch|p1a: Annihilape|Annihilape, L50, M|100\/100\n|switch|p1b: Sneasler|Sneasler, L50, F|100\/100\n|switch|p2a: Whimsicott|Whimsicott, L50, F|100\/100\n|switch|p2b: Annihilape|Annihilape, L50, F|100\/100\n|turn|1\n|inactive|dalas91 has 30 seconds left.\n|inactive|dalas91 has 20 seconds left.\n|inactive|dalas91 has 15 seconds left.\n|\n|t:|1729899147\n|switch|p1b: Indeedee|Indeedee, L50, M|100\/100\n|-fieldstart|move: Psychic Terrain|[from] ability: Psychic Surge|[of] p1b: Indeedee\n|move|p1a: Annihilape|Final Gambit|p2a: Whimsicott\n|-enditem|p2a: Whimsicott|Focus Sash\n|-damage|p2a: Whimsicott|1\/100\n|faint|p1a: Annihilape\n|move|p2a: Whimsicott|Beat Up|p2b: Annihilape\n|-damage|p2b: Annihilape|99\/100\n|-damage|p2b: Annihilape|96\/100\n|-damage|p2b: Annihilape|94\/100\n|-damage|p2b: Annihilape|92\/100\n|-hitcount|p2b: Annihilape|4\n|move|p2b: Annihilape|Rage Fist|p1b: Indeedee\n|-immune|p1b: Indeedee\n|\n|upkeep\n|\n|t:|1729899157\n|switch|p1a: Sneasler|Sneasler, L50, F|100\/100\n|-enditem|p1a: Sneasler|Psychic Seed\n|-boost|p1a: Sneasler|spd|1|[from] item: Psychic Seed\n|turn|2\n|\n|t:|1729899177\n|move|p1a: Sneasler|Protect|p1a: Sneasler\n|-singleturn|p1a: Sneasler|Protect\n|move|p2a: Whimsicott|Tailwind|p2a: Whimsicott\n|-sidestart|p2: dalas91|move: Tailwind\n|move|p2b: Annihilape|Rage Fist|p1a: Sneasler\n|-activate|p1a: Sneasler|move: Protect\n|move|p1b: Indeedee|Expanding Force|p2a: Whimsicott|[spread] p2a,p2b\n|-supereffective|p2b: Annihilape\n|-damage|p2a: Whimsicott|0 fnt\n|-damage|p2b: Annihilape|2\/100\n|faint|p2a: Whimsicott\n|\n|upkeep\n|\n|t:|1729899193\n|switch|p2a: Weezing|Weezing, L50, F|100\/100\n|-ability|p2a: Weezing|Neutralizing Gas\n|turn|3\n|j| plplk\n|\n|t:|1729899216\n|-terastallize|p2a: Weezing|Dark\n|move|p2b: Annihilape|Rage Fist|p1a: Sneasler\n|-damage|p1a: Sneasler|0 fnt\n|faint|p1a: Sneasler\n|move|p1b: Indeedee|Expanding Force|p2a: Weezing|[spread] p2b\n|-immune|p2a: Weezing\n|-supereffective|p2b: Annihilape\n|-damage|p2b: Annihilape|0 fnt\n|faint|p2b: Annihilape\n|move|p2a: Weezing|Taunt|p1b: Indeedee\n|-start|p1b: Indeedee|move: Taunt\n|\n|upkeep\n|\n|t:|1729899229\n|switch|p1a: Dragonite|Dragonite, L50, F|100\/100\n|switch|p2b: Archaludon|Archaludon, L50, M|100\/100\n|turn|4\n|\n|t:|1729899243\n|move|p2b: Archaludon|Snarl|p1b: Indeedee|[spread] p1a,p1b\n|-supereffective|p1b: Indeedee\n|-damage|p1a: Dragonite|90\/100\n|-damage|p1b: Indeedee|67\/100\n|-unboost|p1a: Dragonite|spa|1\n|-unboost|p1b: Indeedee|spa|1\n|move|p1b: Indeedee|Expanding Force|p2b: Archaludon|[spread] p2b\n|-immune|p2a: Weezing\n|-resisted|p2b: Archaludon\n|-damage|p2b: Archaludon|90\/100\n|move|p2a: Weezing|Will-O-Wisp|p1a: Dragonite\n|-status|p1a: Dragonite|brn\n|-enditem|p1a: Dragonite|Lum Berry|[eat]\n|-curestatus|p1a: Dragonite|brn|[msg]\n|move|p1a: Dragonite|Stomping Tantrum|p2b: Archaludon\n|-supereffective|p2b: Archaludon\n|-damage|p2b: Archaludon|53\/100\n|\n|upkeep\n|turn|5\n|inactive|dalas91 has 30 seconds left.\n|\n|t:|1729899272\n|move|p1a: Dragonite|Protect|p1a: Dragonite\n|-singleturn|p1a: Dragonite|Protect\n|move|p2b: Archaludon|Snarl|p1a: Dragonite|[spread] \n|-activate|p1a: Dragonite|move: Protect\n|-miss|p2b: Archaludon|p1b: Indeedee\n|move|p1b: Indeedee|Expanding Force|p2b: Archaludon|[spread] p2b\n|-immune|p2a: Weezing\n|-resisted|p2b: Archaludon\n|-damage|p2b: Archaludon|41\/100\n|move|p2a: Weezing|Will-O-Wisp|p1a: Dragonite\n|-activate|p1a: Dragonite|move: Protect\n|\n|-sideend|p2: dalas91|move: Tailwind\n|-fieldend|move: Psychic Terrain\n|upkeep\n|turn|6\n|\n|t:|1729899294\n|-terastallize|p1a: Dragonite|Flying\n|move|p1b: Indeedee|Expanding Force|p2b: Archaludon\n|-resisted|p2b: Archaludon\n|-damage|p2b: Archaludon|33\/100\n|move|p1a: Dragonite|Tera Blast|p2a: Weezing|[anim] Tera Blast Flying\n|-damage|p2a: Weezing|49\/100\n|move|p2b: Archaludon|Snarl|p1b: Indeedee|[spread] p1a,p1b\n|-supereffective|p1b: Indeedee\n|-damage|p1a: Dragonite|77\/100\n|-damage|p1b: Indeedee|36\/100\n|-unboost|p1a: Dragonite|spa|1\n|-unboost|p1b: Indeedee|spa|1\n|move|p2a: Weezing|Will-O-Wisp|p1a: Dragonite\n|-status|p1a: Dragonite|brn\n|\n|-heal|p2a: Weezing|55\/100|[from] item: Leftovers\n|-damage|p1a: Dragonite|71\/100 brn|[from] brn\n|-end|p1b: Indeedee|move: Taunt\n|upkeep\n|turn|7\n|j| Juliana is my name\n|inactive|dalas91 has 30 seconds left.\n|\n|t:|1729899327\n|move|p2a: Weezing|Protect|p2a: Weezing\n|-singleturn|p2a: Weezing|Protect\n|move|p1b: Indeedee|Expanding Force|p2b: Archaludon\n|-resisted|p2b: Archaludon\n|-damage|p2b: Archaludon|27\/100\n|move|p1a: Dragonite|Stomping Tantrum|p2b: Archaludon\n|-supereffective|p2b: Archaludon\n|-crit|p2b: Archaludon\n|-damage|p2b: Archaludon|0 fnt\n|faint|p2b: Archaludon\n|\n|-heal|p2a: Weezing|61\/100|[from] item: Leftovers\n|-damage|p1a: Dragonite|65\/100 brn|[from] brn\n|upkeep\n|turn|8\n|\n|t:|1729899348\n|move|p1b: Indeedee|Helping Hand|p1a: Dragonite\n|-singleturn|p1a: Dragonite|Helping Hand|[of] p1b: Indeedee\n|move|p1a: Dragonite|Tera Blast|p2a: Weezing|[anim] Tera Blast Flying\n|-damage|p2a: Weezing|24\/100\n|move|p2a: Weezing|Taunt|p1a: Dragonite\n|-start|p1a: Dragonite|move: Taunt\n|\n|-heal|p2a: Weezing|30\/100|[from] item: Leftovers\n|-damage|p1a: Dragonite|59\/100 brn|[from] brn\n|upkeep\n|turn|9\n|\n|t:|1729899361\n|move|p1b: Indeedee|Helping Hand|p1a: Dragonite\n|-singleturn|p1a: Dragonite|Helping Hand|[of] p1b: Indeedee\n|move|p2a: Weezing|Protect|p2a: Weezing\n|-singleturn|p2a: Weezing|Protect\n|move|p1a: Dragonite|Tera Blast|p2a: Weezing|[anim] Tera Blast Flying\n|-activate|p2a: Weezing|move: Protect\n|\n|-heal|p2a: Weezing|35\/100|[from] item: Leftovers\n|-damage|p1a: Dragonite|53\/100 brn|[from] brn\n|upkeep\n|turn|10\n|\n|t:|1729899375\n|move|p1b: Indeedee|Helping Hand|p1a: Dragonite\n|-singleturn|p1a: Dragonite|Helping Hand|[of] p1b: Indeedee\n|move|p1a: Dragonite|Tera Blast|p2a: Weezing|[anim] Tera Blast Flying\n|-crit|p2a: Weezing\n|-damage|p2a: Weezing|0 fnt\n|faint|p2a: Weezing\n|-end|p2a: Weezing|ability: Neutralizing Gas\n|-fieldstart|move: Psychic Terrain|[from] ability: Psychic Surge|[of] p1b: Indeedee\n|\n|win|Cage92\n|raw|Cage92's rating: 1660 &rarr; <strong>1684<\/strong><br \/>(+24 for winning)\n|raw|dalas91's rating: 1734 &rarr; <strong>1710<\/strong><br \/>(-24 for losing)\n|l|\u2606dalas91\n|player|p2|\n|l|\u2606Cage92\n|player|p1|\n|l| plplk\n","uploadtime":1729899590,"views":15,"formatid":"gen9vgc2024regh","rating":1684,"private":0,"password":null}