{"id":"gen9vgc2024regh-2231109600","format":"[Gen 9] VGC 2024 Reg H","players":["ichigeki style","Cricvic13"],"log":"|j|\u2606ichigeki style\n|j|\u2606Cricvic13\n|t:|1729912103\n|gametype|doubles\n|player|p1|ichigeki style|170|1721\n|player|p2|Cricvic13|lance|1648\n|teamsize|p1|6\n|teamsize|p2|6\n|gen|9\n|tier|[Gen 9] VGC 2024 Reg H\n|rated|\n|rule|Species Clause: Limit one of each Pok\u00e9mon\n|rule|Item Clause: Limit 1 of each item\n|clearpoke\n|poke|p1|Sylveon, L50, F|\n|poke|p1|Sneasler, L50, F|\n|poke|p1|Meowscarada, L50, F|\n|poke|p1|Gholdengo, L50|\n|poke|p1|Armarouge, L50, M|\n|poke|p1|Indeedee, L50, M|\n|poke|p2|Rillaboom, L50, F|\n|poke|p2|Kingambit, L50, F|\n|poke|p2|Sneasler, L50, M|\n|poke|p2|Magmar, L50, F|\n|poke|p2|Dragapult, L50, F|\n|poke|p2|Primarina, L50, F|\n|teampreview|4\n|j| newbucket\n|j| Zombini62\n|\n|t:|1729912142\n|start\n|switch|p1a: Meowscarada|Meowscarada, L50, F|100\/100\n|switch|p1b: Armarouge|Armarouge, L50, M|100\/100\n|switch|p2a: Dragapult|Dragapult, L50, F, shiny|100\/100\n|switch|p2b: Kingambit|Kingambit, L50, F, shiny|100\/100\n|turn|1\n|\n|t:|1729912164\n|switch|p1b: Indeedee|Indeedee, L50, M|100\/100\n|-fieldstart|move: Psychic Terrain|[from] ability: Psychic Surge|[of] p1b: Indeedee\n|-terastallize|p2b: Kingambit|Dark\n|move|p1a: Meowscarada|Knock Off|p2a: Dragapult\n|-start|p1a: Meowscarada|typechange|Dark|[from] ability: Protean\n|-supereffective|p2a: Dragapult\n|-damage|p2a: Dragapult|0 fnt\n|-enditem|p2a: Dragapult|Choice Band|[from] move: Knock Off|[of] p1a: Meowscarada\n|faint|p2a: Dragapult\n|move|p2b: Kingambit|Kowtow Cleave|p1b: Indeedee\n|-supereffective|p1b: Indeedee\n|-enditem|p1b: Indeedee|Focus Sash\n|-damage|p1b: Indeedee|1\/100\n|\n|upkeep\n|\n|t:|1729912180\n|switch|p2a: Rillaboom|Rillaboom, L50, F, shiny|100\/100\n|-fieldstart|move: Grassy Terrain|[from] ability: Grassy Surge|[of] p2a: Rillaboom\n|turn|2\n|\n|t:|1729912218\n|switch|p1a: Armarouge|Armarouge, L50, M|100\/100\n|switch|p1b: Sneasler|Sneasler, L50, F|100\/100\n|move|p2a: Rillaboom|High Horsepower|p1b: Sneasler\n|-supereffective|p1b: Sneasler\n|-damage|p1b: Sneasler|0 fnt\n|faint|p1b: Sneasler\n|move|p2b: Kingambit|Kowtow Cleave|p1a: Armarouge\n|-supereffective|p1a: Armarouge\n|-damage|p1a: Armarouge|0 fnt\n|faint|p1a: Armarouge\n|\n|upkeep\n|\n|t:|1729912225\n|switch|p1b: Indeedee|Indeedee, L50, M|1\/100\n|switch|p1a: Meowscarada|Meowscarada, L50, F|100\/100\n|-fieldstart|move: Psychic Terrain|[from] ability: Psychic Surge|[of] p1b: Indeedee\n|turn|3\n|\n|t:|1729912239\n|switch|p2a: Primarina|Primarina, L50, F, shiny|100\/100\n|move|p1b: Indeedee|Helping Hand|p1a: Meowscarada\n|-singleturn|p1a: Meowscarada|Helping Hand|[of] p1b: Indeedee\n|move|p2b: Kingambit|Protect|p2b: Kingambit\n|-singleturn|p2b: Kingambit|Protect\n|move|p1a: Meowscarada|Low Kick|p2b: Kingambit\n|-start|p1a: Meowscarada|typechange|Fighting|[from] ability: Protean\n|-activate|p2b: Kingambit|move: Protect\n|\n|upkeep\n|turn|4\n|c|\u2606ichigeki style|ggs\n|c|\u2606ichigeki style|good play on the high horse\n|\n|t:|1729912260\n|switch|p2b: Rillaboom|Rillaboom, L50, F, shiny|100\/100\n|-fieldstart|move: Grassy Terrain|[from] ability: Grassy Surge|[of] p2b: Rillaboom\n|-terastallize|p1b: Indeedee|Psychic\n|move|p1a: Meowscarada|Low Kick|p2b: Rillaboom\n|-damage|p2b: Rillaboom|58\/100\n|move|p1b: Indeedee|Expanding Force|p2a: Primarina\n|-damage|p2a: Primarina|61\/100\n|move|p2a: Primarina|Hyper Voice|p1a: Meowscarada|[spread] p1a,p1b\n|-damage|p1a: Meowscarada|49\/100\n|-damage|p1b: Indeedee|0 fnt\n|faint|p1b: Indeedee\n|\n|-heal|p1a: Meowscarada|54\/100|[from] Grassy Terrain\n|-heal|p2b: Rillaboom|64\/100|[from] Grassy Terrain\n|-heal|p2a: Primarina|67\/100|[from] Grassy Terrain\n|upkeep\n|turn|5\n|-message|ichigeki style forfeited.\n|\n|win|Cricvic13\n|raw|ichigeki style's rating: 1721 &rarr; <strong>1697<\/strong><br \/>(-24 for losing)\n|raw|Cricvic13's rating: 1648 &rarr; <strong>1672<\/strong><br \/>(+24 for winning)\n|l|\u2606ichigeki style\n|player|p1|\n|l| newbucket\n|c|\u2606Cricvic13|Gg\n|l|\u2606Cricvic13\n|player|p2|\n","uploadtime":1729912414,"views":13,"formatid":"gen9vgc2024regh","rating":1672,"private":0,"password":null}