{"id":"gen9vgc2024regh-2231641767","format":"[Gen 9] VGC 2024 Reg H","players":["Topperlecat","IKnowI'veGot'Em"],"log":"|j|\u2606Topperlecat\n|j|\u2606IKnowI'veGot'Em\n|t:|1729987699\n|gametype|doubles\n|player|p1|Topperlecat|aquasuit|1734\n|player|p2|IKnowI'veGot'Em|266|1662\n|teamsize|p1|6\n|teamsize|p2|6\n|gen|9\n|tier|[Gen 9] VGC 2024 Reg H\n|rated|\n|rule|Species Clause: Limit one of each Pok\u00e9mon\n|rule|Item Clause: Limit 1 of each item\n|clearpoke\n|poke|p1|Glaceon, L50, F|\n|poke|p1|Ninetales-Alola, L50, M|\n|poke|p1|Maushold, L50|\n|poke|p1|Annihilape, L50, F|\n|poke|p1|Farigiraf, L50, F|\n|poke|p1|Ursaluna-Bloodmoon, L50, M|\n|poke|p2|Indeedee-F, L50, F|\n|poke|p2|Hatterene, L50, F|\n|poke|p2|Gallade, L50, M|\n|poke|p2|Ursaluna, L50, M|\n|poke|p2|Torkoal, L50, M|\n|poke|p2|Maushold, L50|\n|teampreview|4\n|\n|t:|1729987743\n|start\n|switch|p1a: fnaf world 7|Ursaluna-Bloodmoon, L50, M|100\/100\n|switch|p1b: reddit|Farigiraf, L50, F|100\/100\n|switch|p2a: Maushold|Maushold, L50|100\/100\n|switch|p2b: Hatterene|Hatterene, L50, F|100\/100\n|turn|1\n|\n|t:|1729987762\n|-terastallize|p1a: fnaf world 7|Water\n|move|p1b: reddit|Helping Hand|p1a: fnaf world 7\n|-singleturn|p1a: fnaf world 7|Helping Hand|[of] p1b: reddit\n|move|p2a: Maushold|Population Bomb|p1a: fnaf world 7\n|-damage|p1a: fnaf world 7|92\/100\n|-damage|p1a: fnaf world 7|84\/100\n|-damage|p1a: fnaf world 7|77\/100\n|-damage|p1a: fnaf world 7|70\/100\n|-damage|p1a: fnaf world 7|62\/100\n|-damage|p1a: fnaf world 7|55\/100\n|-damage|p1a: fnaf world 7|48\/100\n|-damage|p1a: fnaf world 7|40\/100\n|-damage|p1a: fnaf world 7|32\/100\n|-damage|p1a: fnaf world 7|25\/100\n|-hitcount|p1a: fnaf world 7|10\n|move|p1a: fnaf world 7|Blood Moon|p2b: Hatterene\n|-damage|p2b: Hatterene|0 fnt\n|faint|p2b: Hatterene\n|\n|upkeep\n|\n|t:|1729987783\n|switch|p2b: Ursaluna|Ursaluna, L50, M|100\/100\n|turn|2\n|\n|t:|1729987799\n|switch|p1a: FE!N FE!N|Ninetales-Alola, L50, M|100\/100\n|-weather|Snow|[from] ability: Snow Warning|[of] p1a: FE!N FE!N\n|move|p2a: Maushold|Population Bomb|p1b: reddit\n|-damage|p1b: reddit|92\/100\n|-damage|p1b: reddit|84\/100\n|-damage|p1b: reddit|76\/100\n|-damage|p1b: reddit|68\/100\n|-damage|p1b: reddit|60\/100\n|-damage|p1b: reddit|52\/100\n|-damage|p1b: reddit|43\/100\n|-enditem|p1b: reddit|Sitrus Berry|[eat]\n|-heal|p1b: reddit|68\/100|[from] item: Sitrus Berry\n|-damage|p1b: reddit|60\/100\n|-damage|p1b: reddit|51\/100\n|-damage|p1b: reddit|43\/100\n|-hitcount|p1b: reddit|10\n|move|p1b: reddit|Dazzling Gleam|p2a: Maushold|[spread] p2a,p2b\n|-damage|p2a: Maushold|76\/100\n|-damage|p2b: Ursaluna|87\/100\n|move|p2b: Ursaluna|Facade|p1b: reddit\n|-damage|p1b: reddit|11\/100\n|\n|-weather|Snow|[upkeep]\n|-status|p2b: Ursaluna|brn|[from] item: Flame Orb\n|upkeep\n|turn|3\n|j| Uggy144\n|l| Uggy144\n|\n|t:|1729987846\n|switch|p2b: Torkoal|Torkoal, L50, M|100\/100\n|-weather|SunnyDay|[from] ability: Drought|[of] p2b: Torkoal\n|move|p2a: Maushold|Population Bomb|p1b: reddit\n|-damage|p1b: reddit|3\/100\n|-damage|p1b: reddit|0 fnt\n|faint|p1b: reddit\n|-hitcount|p1: reddit|2\n|move|p1a: FE!N FE!N|Icy Wind|p2a: Maushold|[spread] p2a\n|-miss|p1a: FE!N FE!N|p2b: Torkoal\n|-damage|p2a: Maushold|60\/100\n|-unboost|p2a: Maushold|spe|1\n|\n|-weather|SunnyDay|[upkeep]\n|upkeep\n|\n|t:|1729987854\n|switch|p1b: fnaf world 7|Ursaluna-Bloodmoon, L50, M, tera:Water|25\/100\n|turn|4\n|\n|t:|1729987875\n|-terastallize|p2b: Torkoal|Fire\n|move|p1a: FE!N FE!N|Blizzard|p2a: Maushold|[spread] p2a\n|-miss|p1a: FE!N FE!N|p2b: Torkoal\n|-damage|p2a: Maushold|24\/100\n|move|p2a: Maushold|Population Bomb|p1b: fnaf world 7\n|-damage|p1b: fnaf world 7|17\/100\n|-damage|p1b: fnaf world 7|8\/100\n|-damage|p1b: fnaf world 7|1\/100\n|-damage|p1b: fnaf world 7|0 fnt\n|faint|p1b: fnaf world 7\n|-hitcount|p1: fnaf world 7|4\n|move|p2b: Torkoal|Heat Wave|p1a: FE!N FE!N\n|-supereffective|p1a: FE!N FE!N\n|-crit|p1a: FE!N FE!N\n|-damage|p1a: FE!N FE!N|0 fnt\n|faint|p1a: FE!N FE!N\n|\n|-weather|SunnyDay|[upkeep]\n|upkeep\n|\n|t:|1729987882\n|switch|p1b: rizz party|Glaceon, L50, F|100\/100\n|turn|5\n|-message|Topperlecat forfeited.\n|\n|win|IKnowI'veGot'Em\n|raw|Topperlecat's rating: 1734 &rarr; <strong>1710<\/strong><br \/>(-24 for losing)\n|raw|IKnowI&apos;veGot&apos;Em's rating: 1662 &rarr; <strong>1686<\/strong><br \/>(+24 for winning)\n|l|\u2606Topperlecat\n|player|p1|\n|l|\u2606IKnowI'veGot'Em\n|player|p2|\n","uploadtime":1729988037,"views":20,"formatid":"gen9vgc2024regh","rating":1686,"private":0,"password":null}