{"id":"gen9vgc2024regh-2232597413","format":"[Gen 9] VGC 2024 Reg H","players":["htotoT","jhyjhyt"],"log":"|j|\u2606htotoT\n|j|\u2606jhyjhyt\n|t:|1730125465\n|gametype|doubles\n|player|p1|htotoT|265|1782\n|player|p2|jhyjhyt|169|1742\n|teamsize|p1|6\n|teamsize|p2|6\n|gen|9\n|tier|[Gen 9] VGC 2024 Reg H\n|rated|\n|rule|Species Clause: Limit one of each Pok\u00e9mon\n|rule|Item Clause: Limit 1 of each item\n|clearpoke\n|poke|p1|Gholdengo, L50|\n|poke|p1|Murkrow, L50, F|\n|poke|p1|Pelipper, L50, M|\n|poke|p1|Archaludon, L50, M|\n|poke|p1|Amoonguss, L50, F|\n|poke|p1|Basculegion-F, L50, F|\n|poke|p2|Dondozo, L50, M|\n|poke|p2|Tatsugiri, L50, F|\n|poke|p2|Pelipper, L50, M|\n|poke|p2|Archaludon, L50, F|\n|poke|p2|Amoonguss, L50, M|\n|poke|p2|Murkrow, L50, F|\n|teampreview|4\n|inactive|Battle timer is ON: inactive players will automatically lose when time's up. (requested by htotoT)\n|inactive|jhyjhyt has 60 seconds left.\n|\n|t:|1730125498\n|start\n|switch|p1a: Murkrow|Murkrow, L50, F|100\/100\n|switch|p1b: Gholdengo|Gholdengo, L50|100\/100\n|switch|p2a: Dondozo|Dondozo, L50, M|100\/100\n|switch|p2b: Pelipper|Pelipper, L50, M|100\/100\n|-weather|RainDance|[from] ability: Drizzle|[of] p2b: Pelipper\n|turn|1\n|\n|t:|1730125513\n|-terastallize|p1b: Gholdengo|Steel\n|move|p1a: Murkrow|Tailwind|p1a: Murkrow\n|-sidestart|p1: htotoT|move: Tailwind\n|move|p1b: Gholdengo|Make It Rain|p2a: Dondozo|[spread] p2a,p2b\n|-resisted|p2a: Dondozo\n|-resisted|p2b: Pelipper\n|-damage|p2a: Dondozo|43\/100\n|-damage|p2b: Pelipper|6\/100\n|-unboost|p1b: Gholdengo|spa|1\n|move|p2b: Pelipper|Weather Ball|p1a: Murkrow\n|-damage|p1a: Murkrow|39\/100\n|move|p2a: Dondozo|Wave Crash|p1a: Murkrow\n|-damage|p1a: Murkrow|0 fnt\n|faint|p1a: Murkrow\n|-damage|p2a: Dondozo|33\/100|[from] Recoil\n|\n|-weather|RainDance|[upkeep]\n|upkeep\n|\n|t:|1730125532\n|switch|p1a: Amoonguss|Amoonguss, L50, F|100\/100\n|turn|2\n|j| stewpeed\n|\n|t:|1730125550\n|switch|p2b: Tatsugiri|Tatsugiri, L50, F|100\/100\n|-activate|p2b: Tatsugiri|ability: Commander|[of] p2a: Dondozo\n|-boost|p2a: Dondozo|atk|2\n|-boost|p2a: Dondozo|spa|2\n|-boost|p2a: Dondozo|spe|2\n|-boost|p2a: Dondozo|def|2\n|-boost|p2a: Dondozo|spd|2\n|-terastallize|p2a: Dondozo|Water\n|move|p1b: Gholdengo|Make It Rain|p2a: Dondozo|[spread] p2a\n|-miss|p1b: Gholdengo|p2b: Tatsugiri\n|-resisted|p2a: Dondozo\n|-damage|p2a: Dondozo|2\/100\n|-unboost|p1b: Gholdengo|spa|1\n|move|p2a: Dondozo|Surf|p1b: Gholdengo|[spread] p1a,p1b\n|-miss|p2a: Dondozo|p2b: Tatsugiri\n|-resisted|p1a: Amoonguss\n|-damage|p1a: Amoonguss|61\/100\n|-damage|p1b: Gholdengo|0 fnt\n|faint|p1b: Gholdengo\n|move|p1a: Amoonguss|Spore|p2a: Dondozo\n|-status|p2a: Dondozo|slp|[from] move: Spore\n|\n|-weather|RainDance|[upkeep]\n|upkeep\n|j| mr pogostick\n|\n|t:|1730125568\n|switch|p1b: Archaludon|Archaludon, L50, M|100\/100\n|turn|3\n|\n|t:|1730125573\n|move|p1b: Archaludon|Electro Shot||[still]\n|-prepare|p1b: Archaludon|Electro Shot\n|-boost|p1b: Archaludon|spa|1\n|-anim|p1b: Archaludon|Electro Shot|p2a: Dondozo\n|-supereffective|p2a: Dondozo\n|-damage|p2a: Dondozo|0 fnt\n|faint|p2a: Dondozo\n|move|p1a: Amoonguss|Spore|p2b: Tatsugiri\n|-status|p2b: Tatsugiri|slp|[from] move: Spore\n|\n|-weather|RainDance|[upkeep]\n|upkeep\n|\n|t:|1730125586\n|switch|p2a: Murkrow|Murkrow, L50, F|100\/100\n|turn|4\n|\n|t:|1730125604\n|move|p2a: Murkrow|Perish Song|p2a: Murkrow\n|-start|p1a: Amoonguss|perish3|[silent]\n|-start|p1b: Archaludon|perish3|[silent]\n|-start|p2a: Murkrow|perish3|[silent]\n|-start|p2b: Tatsugiri|perish3|[silent]\n|-fieldactivate|move: Perish Song\n|move|p1b: Archaludon|Electro Shot||[still]\n|-prepare|p1b: Archaludon|Electro Shot\n|-boost|p1b: Archaludon|spa|1\n|-anim|p1b: Archaludon|Electro Shot|p2b: Tatsugiri\n|-crit|p2b: Tatsugiri\n|-damage|p2b: Tatsugiri|0 fnt\n|faint|p2b: Tatsugiri\n|move|p1a: Amoonguss|Spore|p2a: Murkrow\n|-status|p2a: Murkrow|slp|[from] move: Spore\n|\n|-weather|RainDance|[upkeep]\n|-start|p1b: Archaludon|perish3\n|-start|p2a: Murkrow|perish3\n|-start|p1a: Amoonguss|perish3\n|-sideend|p1: htotoT|move: Tailwind\n|upkeep\n|\n|t:|1730125618\n|switch|p2b: Pelipper|Pelipper, L50, M|6\/100\n|turn|5\n|\n|t:|1730125629\n|move|p2b: Pelipper|Protect|p2b: Pelipper\n|-singleturn|p2b: Pelipper|Protect\n|cant|p2a: Murkrow|slp\n|move|p1b: Archaludon|Electro Shot||[still]\n|-prepare|p1b: Archaludon|Electro Shot\n|-boost|p1b: Archaludon|spa|1\n|-anim|p1b: Archaludon|Electro Shot|p2a: Murkrow\n|-supereffective|p2a: Murkrow\n|-damage|p2a: Murkrow|0 fnt\n|faint|p2a: Murkrow\n|move|p1a: Amoonguss|Pollen Puff|p2b: Pelipper\n|-activate|p2b: Pelipper|move: Protect\n|\n|-weather|none\n|-start|p1b: Archaludon|perish2\n|-start|p1a: Amoonguss|perish2\n|upkeep\n|turn|6\n|l| stewpeed\n|\n|t:|1730125646\n|move|p1b: Archaludon|Dragon Pulse|p2b: Pelipper\n|-damage|p2b: Pelipper|0 fnt\n|faint|p2b: Pelipper\n|\n|win|htotoT\n|raw|htotoT's rating: 1782 &rarr; <strong>1800<\/strong><br \/>(+18 for winning)\n|raw|jhyjhyt's rating: 1742 &rarr; <strong>1724<\/strong><br \/>(-18 for losing)\n|l|\u2606jhyjhyt\n|player|p2|\n|l| mr pogostick\n|l|\u2606htotoT\n|player|p1|\n","uploadtime":1730125811,"views":21,"formatid":"gen9vgc2024regh","rating":1724,"private":0,"password":null}