{"id":"gen9vgc2024regh-2232775955","format":"[Gen 9] VGC 2024 Reg H","players":["bwahacough","Zordor"],"log":"|j|\u2606bwahacough\n|j|\u2606Zordor\n|t:|1730140940\n|gametype|doubles\n|player|p1|bwahacough|medium|1721\n|player|p2|Zordor|pilot|1795\n|teamsize|p1|6\n|teamsize|p2|6\n|gen|9\n|tier|[Gen 9] VGC 2024 Reg H\n|rated|\n|rule|Species Clause: Limit one of each Pok\u00e9mon\n|rule|Item Clause: Limit 1 of each item\n|clearpoke\n|poke|p1|Lycanroc, L50, F|\n|poke|p1|Tyranitar, L50, M|\n|poke|p1|Indeedee-F, L50, F|\n|poke|p1|Sneasler, L50, M|\n|poke|p1|Delphox, L50, F|\n|poke|p1|Murkrow, L50, F|\n|poke|p2|Rotom-Wash, L50|\n|poke|p2|Sneasler, L50, M|\n|poke|p2|Kingambit, L50, F|\n|poke|p2|Armarouge, L50, M|\n|poke|p2|Dragapult, L50, F|\n|poke|p2|Venusaur, L50, F|\n|teampreview|4\n|inactive|Battle timer is ON: inactive players will automatically lose when time's up. (requested by bwahacough)\nbwahacough has agreed to open team sheets.\n|\n|t:|1730140994\n|start\n|switch|p1a: Lycanroc|Lycanroc, L50, F|100\/100\n|switch|p1b: Tyranitar|Tyranitar, L50, M|100\/100\n|switch|p2a: Sneasler|Sneasler, L50, M|100\/100\n|switch|p2b: Rotom|Rotom-Wash, L50|100\/100\n|-weather|Sandstorm|[from] ability: Sand Stream|[of] p1b: Tyranitar\n|turn|1\n|inactive|Zordor has 30 seconds left.\n|inactive|Zordor has 20 seconds left.\n|\n|t:|1730141033\n|-terastallize|p1b: Tyranitar|Flying\n|move|p1a: Lycanroc|Rock Slide|p2b: Rotom|[spread] p2a,p2b\n|-resisted|p2a: Sneasler\n|-damage|p2a: Sneasler|75\/100\n|-damage|p2b: Rotom|66\/100\n|move|p2a: Sneasler|Dire Claw|p1a: Lycanroc\n|-resisted|p1a: Lycanroc\n|-damage|p1a: Lycanroc|66\/100\n|move|p2b: Rotom|Will-O-Wisp|p1b: Tyranitar\n|-status|p1b: Tyranitar|brn\n|move|p1b: Tyranitar|Tera Blast|p2a: Sneasler|[anim] Tera Blast Flying\n|-supereffective|p2a: Sneasler\n|-damage|p2a: Sneasler|0 fnt\n|faint|p2a: Sneasler\n|\n|-weather|Sandstorm|[upkeep]\n|-damage|p1b: Tyranitar|95\/100 brn|[from] Sandstorm\n|-damage|p1b: Tyranitar|89\/100 brn|[from] brn\n|upkeep\n|\n|t:|1730141055\n|switch|p2a: Kingambit|Kingambit, L50, F|100\/100\n|turn|2\n|\n|t:|1730141058\n|move|p1a: Lycanroc|Protect|p1a: Lycanroc\n|-singleturn|p1a: Lycanroc|Protect\n|move|p2a: Kingambit|Protect|p2a: Kingambit\n|-singleturn|p2a: Kingambit|Protect\n|move|p2b: Rotom|Electroweb|p1b: Tyranitar|[spread] p1b\n|-activate|p1a: Lycanroc|move: Protect\n|-supereffective|p1b: Tyranitar\n|-damage|p1b: Tyranitar|63\/100 brn\n|move|p1b: Tyranitar|Knock Off|p2b: Rotom\n|-damage|p2b: Rotom|38\/100\n|-enditem|p2b: Rotom|Safety Goggles|[from] move: Knock Off|[of] p1b: Tyranitar\n|\n|-weather|Sandstorm|[upkeep]\n|-damage|p2b: Rotom|32\/100|[from] Sandstorm\n|-damage|p1b: Tyranitar|57\/100 brn|[from] Sandstorm\n|-damage|p1b: Tyranitar|51\/100 brn|[from] brn\n|upkeep\n|turn|3\n|\n|t:|1730141073\n|switch|p1b: Indeedee|Indeedee-F, L50, F, shiny|100\/100\n|-fieldstart|move: Psychic Terrain|[from] ability: Psychic Surge|[of] p1b: Indeedee\n|-terastallize|p2a: Kingambit|Flying\n|move|p2b: Rotom|Protect|p2b: Rotom\n|-singleturn|p2b: Rotom|Protect\n|move|p1a: Lycanroc|Close Combat|p2a: Kingambit\n|-resisted|p2a: Kingambit\n|-damage|p2a: Kingambit|83\/100\n|-unboost|p1a: Lycanroc|def|1\n|-unboost|p1a: Lycanroc|spd|1\n|move|p2a: Kingambit|Iron Head|p1a: Lycanroc\n|-supereffective|p1a: Lycanroc\n|-damage|p1a: Lycanroc|0 fnt\n|faint|p1a: Lycanroc\n|\n|-weather|Sandstorm|[upkeep]\n|-damage|p2b: Rotom|27\/100|[from] Sandstorm\n|-damage|p1b: Indeedee|94\/100|[from] Sandstorm\n|-damage|p2a: Kingambit|77\/100|[from] Sandstorm\n|upkeep\n|\n|t:|1730141076\n|switch|p1a: Delphox|Delphox, L50, F, shiny|100\/100\n|turn|4\n|\n|t:|1730141085\n|move|p1b: Indeedee|Helping Hand|p1a: Delphox\n|-singleturn|p1a: Delphox|Helping Hand|[of] p1b: Indeedee\n|move|p2a: Kingambit|Protect|p2a: Kingambit\n|-singleturn|p2a: Kingambit|Protect\n|move|p1a: Delphox|Expanding Force|p2a: Kingambit|[spread] p2b\n|-activate|p2a: Kingambit|move: Protect\n|-damage|p2b: Rotom|0 fnt\n|faint|p2b: Rotom\n|\n|-weather|Sandstorm|[upkeep]\n|-damage|p1a: Delphox|94\/100|[from] Sandstorm\n|-damage|p1b: Indeedee|88\/100|[from] Sandstorm\n|-damage|p2a: Kingambit|70\/100|[from] Sandstorm\n|upkeep\n|\n|t:|1730141090\n|switch|p2b: Dragapult|Dragapult, L50, F|100\/100\n|turn|5\n|\n|t:|1730141099\n|move|p1b: Indeedee|Follow Me|p1b: Indeedee\n|-singleturn|p1b: Indeedee|move: Follow Me\n|move|p2b: Dragapult|Dragon Darts|p1b: Indeedee\n|-damage|p1b: Indeedee|56\/100\n|-anim|p2b: Dragapult|Dragon Darts|p1b: Indeedee\n|-damage|p1b: Indeedee|27\/100\n|-enditem|p1b: Indeedee|Sitrus Berry|[eat]\n|-heal|p1b: Indeedee|52\/100|[from] item: Sitrus Berry\n|-damage|p2b: Dragapult|91\/100|[from] item: Life Orb\n|move|p1a: Delphox|Expanding Force|p2a: Kingambit|[spread] p2a,p2b\n|-damage|p2a: Kingambit|0 fnt\n|-damage|p2b: Dragapult|0 fnt\n|faint|p2a: Kingambit\n|faint|p2b: Dragapult\n|\n|win|bwahacough\n|raw|bwahacough's rating: 1721 &rarr; <strong>1745<\/strong><br \/>(+24 for winning)\n|raw|Zordor's rating: 1795 &rarr; <strong>1771<\/strong><br \/>(-24 for losing)\n|l|\u2606Zordor\n|player|p2|\n|l|\u2606bwahacough\n|player|p1|\n","uploadtime":1730141318,"views":18,"formatid":"gen9vgc2024regh","rating":1745,"private":0,"password":null}