{"id":"gen9vgc2024regh-2232748516","format":"[Gen 9] VGC 2024 Reg H","players":["Becccca","Zordor"],"log":"|j|\u2606Becccca\n|j|\u2606Zordor\n|t:|1730138651\n|gametype|doubles\n|player|p1|Becccca|169|1637\n|player|p2|Zordor|pilot|1759\n|teamsize|p1|6\n|teamsize|p2|6\n|gen|9\n|tier|[Gen 9] VGC 2024 Reg H\n|rated|\n|rule|Species Clause: Limit one of each Pok\u00e9mon\n|rule|Item Clause: Limit 1 of each item\n|clearpoke\n|poke|p1|Dragonite, L50, F|\n|poke|p1|Garchomp, L50, M|\n|poke|p1|Ninetales-Alola, L50, M|\n|poke|p1|Rotom-Frost, L50|\n|poke|p1|Kingambit, L50, M|\n|poke|p1|Amoonguss, L50, F|\n|poke|p2|Rotom-Wash, L50|\n|poke|p2|Sneasler, L50, F|\n|poke|p2|Kingambit, L50, F|\n|poke|p2|Armarouge, L50, M|\n|poke|p2|Dragapult, L50, M|\n|poke|p2|Venusaur, L50, M|\n|teampreview|4\n|j| Xunyicaoawa\n|inactive|Battle timer is ON: inactive players will automatically lose when time's up. (requested by Becccca)\n|\n|t:|1730138712\n|start\n|switch|p1a: Garchomp|Garchomp, L50, M|100\/100\n|switch|p1b: Rotom|Rotom-Frost, L50|100\/100\n|switch|p2a: Rotom|Rotom-Wash, L50|100\/100\n|switch|p2b: Sneasler|Sneasler, L50, F|100\/100\n|turn|1\n|\n|t:|1730138729\n|move|p2b: Sneasler|Protect|p2b: Sneasler\n|-singleturn|p2b: Sneasler|Protect\n|move|p1b: Rotom|Electroweb|p2b: Sneasler|[spread] p2a\n|-activate|p2b: Sneasler|move: Protect\n|-damage|p2a: Rotom|81\/100\n|-unboost|p2a: Rotom|spe|1\n|move|p1a: Garchomp|Earthquake|p2b: Sneasler|[spread] \n|-activate|p2b: Sneasler|move: Protect\n|-immune|p1b: Rotom|[from] ability: Levitate\n|-immune|p2a: Rotom|[from] ability: Levitate\n|move|p2a: Rotom|Electroweb|p1b: Rotom|[spread] p1b\n|-immune|p1a: Garchomp\n|-resisted|p1b: Rotom\n|-damage|p1b: Rotom|91\/100\n|-unboost|p1b: Rotom|spe|1\n|\n|upkeep\n|turn|2\n|inactive|Becccca has 30 seconds left.\n|\n|t:|1730138758\n|-terastallize|p1b: Rotom|Fire\n|move|p2b: Sneasler|Close Combat|p1b: Rotom\n|-damage|p1b: Rotom|7\/100\n|-unboost|p2b: Sneasler|def|1\n|-unboost|p2b: Sneasler|spd|1\n|move|p1a: Garchomp|Earthquake|p2a: Rotom|[spread] p2b\n|-immune|p1b: Rotom|[from] ability: Levitate\n|-immune|p2a: Rotom|[from] ability: Levitate\n|-supereffective|p2b: Sneasler\n|-enditem|p2b: Sneasler|Focus Sash\n|-damage|p2b: Sneasler|1\/100\n|-damage|p1a: Garchomp|91\/100|[from] item: Life Orb\n|move|p1b: Rotom|Electroweb|p2a: Rotom|[spread] p2a,p2b\n|-damage|p2a: Rotom|64\/100\n|-damage|p2b: Sneasler|0 fnt\n|-unboost|p2a: Rotom|spe|1\n|faint|p2b: Sneasler\n|move|p2a: Rotom|Will-O-Wisp|p1a: Garchomp\n|-status|p1a: Garchomp|brn\n|\n|-damage|p1a: Garchomp|85\/100 brn|[from] brn\n|upkeep\n|\n|t:|1730138779\n|switch|p2b: Dragapult|Dragapult, L50, M|100\/100\n|turn|3\n|\n|t:|1730138802\n|switch|p1b: Dragonite|Dragonite, L50, F|100\/100\n|move|p2b: Dragapult|Protect|p2b: Dragapult\n|-singleturn|p2b: Dragapult|Protect\n|move|p1a: Garchomp|Dragon Claw|p2b: Dragapult\n|-activate|p2b: Dragapult|move: Protect\n|move|p2a: Rotom|Hydro Pump|p1a: Garchomp\n|-damage|p1a: Garchomp|41\/100 brn\n|\n|-damage|p1a: Garchomp|35\/100 brn|[from] brn\n|upkeep\n|turn|4\n|\n|t:|1730138825\n|switch|p1b: Ninetales|Ninetales-Alola, L50, M|100\/100\n|-weather|Snow|[from] ability: Snow Warning|[of] p1b: Ninetales\n|move|p2b: Dragapult|Dragon Darts|p1a: Garchomp\n|-supereffective|p1a: Garchomp\n|-damage|p1a: Garchomp|0 fnt\n|faint|p1a: Garchomp\n|-damage|p2b: Dragapult|91\/100|[from] item: Life Orb\n|move|p2a: Rotom|Will-O-Wisp|p1b: Ninetales\n|-status|p1b: Ninetales|brn\n|\n|-weather|Snow|[upkeep]\n|-damage|p1b: Ninetales|95\/100 brn|[from] brn\n|upkeep\n|\n|t:|1730138841\n|switch|p1a: Rotom|Rotom-Frost, L50, tera:Fire|7\/100\n|turn|5\n|inactive|Zordor has 30 seconds left.\n|j| Elv3r G4larga\n|inactive|Zordor has 20 seconds left.\n|inactive|Zordor has 15 seconds left.\n|\n|t:|1730138883\n|move|p2b: Dragapult|Protect|p2b: Dragapult\n|-singleturn|p2b: Dragapult|Protect\n|move|p1a: Rotom|Blizzard|p2a: Rotom|[spread] p2a\n|-activate|p2b: Dragapult|move: Protect\n|-resisted|p2a: Rotom\n|-damage|p2a: Rotom|44\/100\n|move|p1b: Ninetales|Freeze-Dry|p2a: Rotom\n|-supereffective|p2a: Rotom\n|-damage|p2a: Rotom|0 fnt\n|faint|p2a: Rotom\n|\n|-weather|Snow|[upkeep]\n|-damage|p1b: Ninetales|89\/100 brn|[from] brn\n|upkeep\n|\n|t:|1730138891\n|switch|p2a: Armarouge|Armarouge, L50, M|100\/100\n|turn|6\n|\n|t:|1730138902\n|move|p1a: Rotom|Blizzard|p2b: Dragapult|[spread] p2a,p2b\n|-resisted|p2a: Armarouge\n|-supereffective|p2b: Dragapult\n|-damage|p2a: Armarouge|79\/100\n|-damage|p2b: Dragapult|0 fnt\n|-status|p2a: Armarouge|frz\n|faint|p2b: Dragapult\n|move|p1b: Ninetales|Freeze-Dry|p2a: Armarouge\n|-resisted|p2a: Armarouge\n|-damage|p2a: Armarouge|59\/100 frz\n|cant|p2a: Armarouge|frz\n|\n|-weather|Snow|[upkeep]\n|-damage|p1b: Ninetales|83\/100 brn|[from] brn\n|upkeep\n|turn|7\n|\n|t:|1730138918\n|move|p1a: Rotom|Blizzard|p2a: Armarouge\n|-resisted|p2a: Armarouge\n|-damage|p2a: Armarouge|29\/100 frz\n|move|p1b: Ninetales|Freeze-Dry|p2a: Armarouge\n|-resisted|p2a: Armarouge\n|-damage|p2a: Armarouge|9\/100 frz\n|cant|p2a: Armarouge|frz\n|\n|-weather|Snow|[upkeep]\n|-damage|p1b: Ninetales|77\/100 brn|[from] brn\n|upkeep\n|turn|8\n|-message|Zordor forfeited.\n|\n|win|Becccca\n|raw|Becccca's rating: 1637 &rarr; <strong>1664<\/strong><br \/>(+27 for winning)\n|raw|Zordor's rating: 1759 &rarr; <strong>1732<\/strong><br \/>(-27 for losing)\n|l|\u2606Zordor\n|player|p2|\n|l| Xunyicaoawa\n|l| Elv3r G4larga\n|l|\u2606Becccca\n|player|p1|\n","uploadtime":1730139070,"views":15,"formatid":"gen9vgc2024regh","rating":1664,"private":0,"password":null}