{"id":"gen9vgc2024regh-2232863817","format":"[Gen 9] VGC 2024 Reg H","players":["RobertoAlonso","BrodaxVGC"],"log":"|j|\u2606RobertoAlonso\n|j|\u2606BrodaxVGC\n|t:|1730148937\n|gametype|doubles\n|player|p1|RobertoAlonso|102|1704\n|player|p2|BrodaxVGC|101|1736\n|teamsize|p1|6\n|teamsize|p2|6\n|gen|9\n|tier|[Gen 9] VGC 2024 Reg H\n|rated|\n|rule|Species Clause: Limit one of each Pok\u00e9mon\n|rule|Item Clause: Limit 1 of each item\n|clearpoke\n|poke|p1|Whimsicott, L50, M|\n|poke|p1|Primarina, L50, M|\n|poke|p1|Sneasler, L50, F|\n|poke|p1|Indeedee, L50, M|\n|poke|p1|Ursaluna-Bloodmoon, L50, M|\n|poke|p1|Arcanine-Hisui, L50, F|\n|poke|p2|Gholdengo, L50|\n|poke|p2|Incineroar, L50, F|\n|poke|p2|Rillaboom, L50, M|\n|poke|p2|Pelipper, L50, F|\n|poke|p2|Basculegion, L50, M|\n|poke|p2|Archaludon, L50, M|\n|teampreview|4\n|inactive|Battle timer is ON: inactive players will automatically lose when time's up. (requested by BrodaxVGC)\n|\n|t:|1730148966\n|start\n|switch|p1a: Whimsicott|Whimsicott, L50, M|100\/100\n|switch|p1b: Ursaluna|Ursaluna-Bloodmoon, L50, M|100\/100\n|switch|p2a: Pelipper|Pelipper, L50, F|100\/100\n|switch|p2b: Basculegion|Basculegion, L50, M|100\/100\n|-weather|RainDance|[from] ability: Drizzle|[of] p2a: Pelipper\n|turn|1\n|\n|t:|1730148988\n|-terastallize|p1b: Ursaluna|Normal\n|move|p1a: Whimsicott|Sunny Day|p1a: Whimsicott\n|-weather|SunnyDay\n|move|p2b: Basculegion|Flip Turn|p1b: Ursaluna\n|-damage|p1b: Ursaluna|83\/100\n|\n|t:|1730148996\n|switch|p2b: Rillaboom|Rillaboom, L50, M|100\/100|[from] Flip Turn\n|-fieldstart|move: Grassy Terrain|[from] ability: Grassy Surge|[of] p2b: Rillaboom\n|move|p2a: Pelipper|Tailwind|p2a: Pelipper\n|-sidestart|p2: BrodaxVGC|move: Tailwind\n|move|p1b: Ursaluna|Hyper Voice|p2b: Rillaboom|[spread] p2a,p2b\n|-enditem|p2a: Pelipper|Focus Sash\n|-damage|p2a: Pelipper|1\/100\n|-damage|p2b: Rillaboom|38\/100\n|-damage|p1b: Ursaluna|74\/100|[from] item: Life Orb\n|\n|-weather|SunnyDay|[upkeep]\n|-heal|p2b: Rillaboom|44\/100|[from] Grassy Terrain\n|-heal|p1b: Ursaluna|79\/100|[from] Grassy Terrain\n|upkeep\n|turn|2\n|inactive|BrodaxVGC has 30 seconds left.\n|\n|t:|1730149024\n|move|p1b: Ursaluna|Protect|p1b: Ursaluna\n|-singleturn|p1b: Ursaluna|Protect\n|move|p2b: Rillaboom|Fake Out|p1a: Whimsicott\n|-damage|p1a: Whimsicott|79\/100\n|-damage|p2b: Rillaboom|34\/100|[from] item: Life Orb\n|move|p1a: Whimsicott|Tailwind|p1a: Whimsicott\n|-sidestart|p1: RobertoAlonso|move: Tailwind\n|move|p2a: Pelipper|Weather Ball|p1a: Whimsicott\n|-supereffective|p1a: Whimsicott\n|-damage|p1a: Whimsicott|0 fnt\n|faint|p1a: Whimsicott\n|\n|-weather|SunnyDay|[upkeep]\n|-heal|p2b: Rillaboom|40\/100|[from] Grassy Terrain\n|-heal|p1b: Ursaluna|85\/100|[from] Grassy Terrain\n|upkeep\n|\n|t:|1730149037\n|switch|p1a: Arcanine|Arcanine-Hisui, L50, F|100\/100\n|-ability|p1a: Arcanine|Intimidate|boost\n|-unboost|p2a: Pelipper|atk|1\n|-unboost|p2b: Rillaboom|atk|1\n|turn|3\n|\n|t:|1730149054\n|switch|p2a: Archaludon|Archaludon, L50, M|100\/100\n|move|p1a: Arcanine|Rock Slide|p2b: Rillaboom|[spread] p2a,p2b\n|-resisted|p2a: Archaludon\n|-damage|p2a: Archaludon|85\/100\n|-damage|p2b: Rillaboom|1\/100\n|-ability|p2a: Archaludon|Stamina|boost\n|-boost|p2a: Archaludon|def|1\n|move|p2b: Rillaboom|High Horsepower|p1a: Arcanine\n|-supereffective|p1a: Arcanine\n|-damage|p1a: Arcanine|0 fnt\n|faint|p1a: Arcanine\n|-damage|p2b: Rillaboom|0 fnt|[from] item: Life Orb\n|faint|p2b: Rillaboom\n|move|p1b: Ursaluna|Blood Moon|p2a: Archaludon\n|-resisted|p2a: Archaludon\n|-damage|p2a: Archaludon|27\/100\n|-ability|p2a: Archaludon|Stamina|boost\n|-boost|p2a: Archaludon|def|1\n|-damage|p1b: Ursaluna|76\/100|[from] item: Life Orb\n|\n|-weather|SunnyDay|[upkeep]\n|-heal|p2a: Archaludon|33\/100|[from] Grassy Terrain\n|-heal|p1b: Ursaluna|81\/100|[from] Grassy Terrain\n|upkeep\n|\n|t:|1730149079\n|switch|p1a: Sneasler|Sneasler, L50, F|100\/100\n|switch|p2b: Basculegion|Basculegion, L50, M|100\/100\n|turn|4\n|\n|t:|1730149101\n|switch|p2a: Pelipper|Pelipper, L50, F|1\/100\n|-weather|RainDance|[from] ability: Drizzle|[of] p2a: Pelipper\n|-terastallize|p2b: Basculegion|Water\n|move|p2b: Basculegion|Flip Turn|p1a: Sneasler\n|-damage|p1a: Sneasler|0 fnt\n|faint|p1a: Sneasler\n|\n|t:|1730149110\n|switch|p2b: Archaludon|Archaludon, L50, M|33\/100|[from] Flip Turn\n|move|p1b: Ursaluna|Hyper Voice|p2b: Archaludon|[spread] p2a,p2b\n|-resisted|p2b: Archaludon\n|-damage|p2a: Pelipper|0 fnt\n|-damage|p2b: Archaludon|5\/100\n|-ability|p2b: Archaludon|Stamina|boost\n|-boost|p2b: Archaludon|def|1\n|faint|p2a: Pelipper\n|-damage|p1b: Ursaluna|72\/100|[from] item: Life Orb\n|\n|-weather|RainDance|[upkeep]\n|-heal|p2b: Archaludon|11\/100|[from] Grassy Terrain\n|-heal|p1b: Ursaluna|78\/100|[from] Grassy Terrain\n|-sideend|p2: BrodaxVGC|move: Tailwind\n|upkeep\n|\n|t:|1730149117\n|switch|p2a: Basculegion|Basculegion, L50, M, tera:Water|100\/100\n|turn|5\n|\n|t:|1730149125\n|move|p1b: Ursaluna|Protect|p1b: Ursaluna\n|-singleturn|p1b: Ursaluna|Protect\n|move|p2a: Basculegion|Wave Crash|p1b: Ursaluna\n|-activate|p1b: Ursaluna|move: Protect\n|move|p2b: Archaludon|Snarl|p1b: Ursaluna\n|-activate|p1b: Ursaluna|move: Protect\n|\n|-weather|RainDance|[upkeep]\n|-heal|p1b: Ursaluna|84\/100|[from] Grassy Terrain\n|-heal|p2b: Archaludon|17\/100|[from] Grassy Terrain\n|-sideend|p1: RobertoAlonso|move: Tailwind\n|-fieldend|move: Grassy Terrain\n|upkeep\n|turn|6\n|\n|t:|1730149143\n|move|p2a: Basculegion|Wave Crash|p1b: Ursaluna\n|-damage|p1b: Ursaluna|0 fnt\n|faint|p1b: Ursaluna\n|-damage|p2a: Basculegion|74\/100|[from] Recoil\n|\n|win|BrodaxVGC\n|raw|RobertoAlonso's rating: 1704 &rarr; <strong>1686<\/strong><br \/>(-18 for losing)\n|raw|BrodaxVGC's rating: 1736 &rarr; <strong>1754<\/strong><br \/>(+18 for winning)\n|l|\u2606RobertoAlonso\n|player|p1|\n|l|\u2606BrodaxVGC\n|player|p2|\n","uploadtime":1730149299,"views":11,"formatid":"gen9vgc2024regh","rating":1686,"private":0,"password":null}