{"id":"gen9vgc2024regh-2232901587","format":"[Gen 9] VGC 2024 Reg H","players":["BrodaxVGC","RobertoAlonso"],"log":"|j|\u2606BrodaxVGC\n|j|\u2606RobertoAlonso\n|t:|1730152706\n|gametype|doubles\n|player|p1|BrodaxVGC|101|1777\n|player|p2|RobertoAlonso|102|1745\n|teamsize|p1|6\n|teamsize|p2|6\n|gen|9\n|tier|[Gen 9] VGC 2024 Reg H\n|rated|\n|rule|Species Clause: Limit one of each Pok\u00e9mon\n|rule|Item Clause: Limit 1 of each item\n|clearpoke\n|poke|p1|Gholdengo, L50|\n|poke|p1|Incineroar, L50, M|\n|poke|p1|Rillaboom, L50, M|\n|poke|p1|Pelipper, L50, F|\n|poke|p1|Basculegion, L50, M|\n|poke|p1|Archaludon, L50, M|\n|poke|p2|Whimsicott, L50, F|\n|poke|p2|Primarina, L50, M|\n|poke|p2|Sneasler, L50, F|\n|poke|p2|Indeedee, L50, M|\n|poke|p2|Ursaluna-Bloodmoon, L50, M|\n|poke|p2|Arcanine-Hisui, L50, M|\n|teampreview|4\n|inactive|Battle timer is ON: inactive players will automatically lose when time's up. (requested by BrodaxVGC)\n|j| mr pogostick\n|inactive|RobertoAlonso has 60 seconds left.\n|\n|t:|1730152760\n|start\n|switch|p1a: Pelipper|Pelipper, L50, F|100\/100\n|switch|p1b: Basculegion|Basculegion, L50, M|100\/100\n|switch|p2a: Whimsicott|Whimsicott, L50, F|100\/100\n|switch|p2b: Ursaluna|Ursaluna-Bloodmoon, L50, M|100\/100\n|-weather|RainDance|[from] ability: Drizzle|[of] p1a: Pelipper\n|turn|1\n|inactive|BrodaxVGC has 30 seconds left.\n|\n|t:|1730152788\n|-terastallize|p2b: Ursaluna|Normal\n|move|p2a: Whimsicott|Sunny Day|p2a: Whimsicott\n|-weather|SunnyDay\n|move|p1b: Basculegion|Flip Turn|p2b: Ursaluna\n|-damage|p2b: Ursaluna|83\/100\n|\n|t:|1730152796\n|switch|p1b: Rillaboom|Rillaboom, L50, M|100\/100|[from] Flip Turn\n|-fieldstart|move: Grassy Terrain|[from] ability: Grassy Surge|[of] p1b: Rillaboom\n|move|p1a: Pelipper|Tailwind|p1a: Pelipper\n|-sidestart|p1: BrodaxVGC|move: Tailwind\n|move|p2b: Ursaluna|Hyper Voice|p1b: Rillaboom|[spread] p1a,p1b\n|-enditem|p1a: Pelipper|Focus Sash\n|-damage|p1a: Pelipper|1\/100\n|-damage|p1b: Rillaboom|29\/100\n|-damage|p2b: Ursaluna|74\/100|[from] item: Life Orb\n|\n|-weather|SunnyDay|[upkeep]\n|-heal|p1b: Rillaboom|35\/100|[from] Grassy Terrain\n|-heal|p2b: Ursaluna|79\/100|[from] Grassy Terrain\n|upkeep\n|turn|2\n|\n|t:|1730152820\n|switch|p2a: Arcanine|Arcanine-Hisui, L50, M|100\/100\n|-ability|p2a: Arcanine|Intimidate|boost\n|-unboost|p1a: Pelipper|atk|1\n|-unboost|p1b: Rillaboom|atk|1\n|move|p2b: Ursaluna|Protect|p2b: Ursaluna\n|-singleturn|p2b: Ursaluna|Protect\n|move|p1b: Rillaboom|Fake Out|p2b: Ursaluna\n|-activate|p2b: Ursaluna|move: Protect\n|move|p1a: Pelipper|Weather Ball|p2a: Arcanine\n|-resisted|p2a: Arcanine\n|-damage|p2a: Arcanine|87\/100\n|\n|-weather|SunnyDay|[upkeep]\n|-heal|p1b: Rillaboom|41\/100|[from] Grassy Terrain\n|-heal|p2a: Arcanine|93\/100|[from] Grassy Terrain\n|-heal|p2b: Ursaluna|85\/100|[from] Grassy Terrain\n|upkeep\n|turn|3\n|\n|t:|1730152843\n|switch|p1a: Archaludon|Archaludon, L50, M|100\/100\n|move|p1b: Rillaboom|High Horsepower|p2a: Arcanine\n|-supereffective|p2a: Arcanine\n|-crit|p2a: Arcanine\n|-damage|p2a: Arcanine|0 fnt\n|faint|p2a: Arcanine\n|-damage|p1b: Rillaboom|31\/100|[from] item: Life Orb\n|move|p2b: Ursaluna|Blood Moon|p1a: Archaludon\n|-resisted|p1a: Archaludon\n|-damage|p1a: Archaludon|43\/100\n|-ability|p1a: Archaludon|Stamina|boost\n|-boost|p1a: Archaludon|def|1\n|-damage|p2b: Ursaluna|76\/100|[from] item: Life Orb\n|\n|-weather|SunnyDay|[upkeep]\n|-heal|p1a: Archaludon|49\/100|[from] Grassy Terrain\n|-heal|p1b: Rillaboom|37\/100|[from] Grassy Terrain\n|-heal|p2b: Ursaluna|81\/100|[from] Grassy Terrain\n|upkeep\n|\n|t:|1730152852\n|switch|p2a: Whimsicott|Whimsicott, L50, F|100\/100\n|turn|4\n|inactive|BrodaxVGC has 30 seconds left.\n|inactive|BrodaxVGC has 20 seconds left.\n|\n|t:|1730152889\n|move|p2b: Ursaluna|Protect|p2b: Ursaluna\n|-singleturn|p2b: Ursaluna|Protect\n|move|p2a: Whimsicott|Tailwind|p2a: Whimsicott\n|-sidestart|p2: RobertoAlonso|move: Tailwind\n|move|p1a: Archaludon|Body Press|p2b: Ursaluna\n|-activate|p2b: Ursaluna|move: Protect\n|move|p1b: Rillaboom|U-turn|p2b: Ursaluna\n|-activate|p2b: Ursaluna|move: Protect\n|\n|-weather|SunnyDay|[upkeep]\n|-heal|p1a: Archaludon|55\/100|[from] Grassy Terrain\n|-heal|p1b: Rillaboom|43\/100|[from] Grassy Terrain\n|-heal|p2b: Ursaluna|87\/100|[from] Grassy Terrain\n|-sideend|p1: BrodaxVGC|move: Tailwind\n|upkeep\n|turn|5\n|inactive|BrodaxVGC has 30 seconds left.\n|\n|t:|1730152914\n|move|p2a: Whimsicott|Moonblast|p1b: Rillaboom\n|-damage|p1b: Rillaboom|13\/100\n|move|p2b: Ursaluna|Earth Power|p1a: Archaludon\n|-supereffective|p1a: Archaludon\n|-damage|p1a: Archaludon|0 fnt\n|faint|p1a: Archaludon\n|-damage|p2b: Ursaluna|78\/100|[from] item: Life Orb\n|move|p1b: Rillaboom|U-turn|p2a: Whimsicott\n|-damage|p2a: Whimsicott|74\/100\n|-damage|p1b: Rillaboom|3\/100|[from] item: Life Orb\n|\n|t:|1730152932\n|switch|p1b: Basculegion|Basculegion, L50, M|100\/100|[from] U-turn\n|\n|-weather|none\n|-heal|p2a: Whimsicott|81\/100|[from] Grassy Terrain\n|-heal|p2b: Ursaluna|84\/100|[from] Grassy Terrain\n|-fieldend|move: Grassy Terrain\n|upkeep\n|\n|t:|1730152950\n|switch|p1a: Rillaboom|Rillaboom, L50, M|3\/100\n|-fieldstart|move: Grassy Terrain|[from] ability: Grassy Surge|[of] p1a: Rillaboom\n|turn|6\n|inactive|BrodaxVGC has 30 seconds left.\n|inactive|BrodaxVGC has 20 seconds left.\n|\n|t:|1730152986\n|move|p2b: Ursaluna|Protect|p2b: Ursaluna\n|-singleturn|p2b: Ursaluna|Protect\n|move|p1a: Rillaboom|Fake Out|p2b: Ursaluna\n|-activate|p2b: Ursaluna|move: Protect\n|move|p2a: Whimsicott|Moonblast|p1a: Rillaboom\n|-damage|p1a: Rillaboom|0 fnt\n|faint|p1a: Rillaboom\n|move|p1b: Basculegion|Last Respects|p2a: Whimsicott\n|-damage|p2a: Whimsicott|0 fnt\n|faint|p2a: Whimsicott\n|\n|-heal|p2b: Ursaluna|89\/100|[from] Grassy Terrain\n|upkeep\n|\n|t:|1730153001\n|switch|p2a: Primarina|Primarina, L50, M|100\/100\n|switch|p1a: Pelipper|Pelipper, L50, F|1\/100\n|-weather|RainDance|[from] ability: Drizzle|[of] p1a: Pelipper\n|turn|7\n|\n|t:|1730153016\n|move|p2a: Primarina|Protect|p2a: Primarina\n|-singleturn|p2a: Primarina|Protect\n|move|p1a: Pelipper|Protect|p1a: Pelipper\n|-singleturn|p1a: Pelipper|Protect\n|move|p1b: Basculegion|Last Respects|p2a: Primarina\n|-activate|p2a: Primarina|move: Protect\n|move|p2b: Ursaluna|Hyper Voice|p1a: Pelipper|[spread] p1b\n|-activate|p1a: Pelipper|move: Protect\n|-crit|p1b: Basculegion\n|-damage|p1b: Basculegion|0 fnt\n|faint|p1b: Basculegion\n|-damage|p2b: Ursaluna|80\/100|[from] item: Life Orb\n|\n|-weather|RainDance|[upkeep]\n|-heal|p2b: Ursaluna|86\/100|[from] Grassy Terrain\n|-sideend|p2: RobertoAlonso|move: Tailwind\n|upkeep\n|turn|8\n|\n|t:|1730153034\n|move|p2b: Ursaluna|Protect|p2b: Ursaluna\n|-singleturn|p2b: Ursaluna|Protect\n|move|p1a: Pelipper|Weather Ball|p2b: Ursaluna\n|-activate|p2b: Ursaluna|move: Protect\n|move|p2a: Primarina|Hyper Voice|p1a: Pelipper\n|-resisted|p1a: Pelipper\n|-damage|p1a: Pelipper|0 fnt\n|faint|p1a: Pelipper\n|\n|win|RobertoAlonso\n|raw|BrodaxVGC's rating: 1777 &rarr; <strong>1755<\/strong><br \/>(-22 for losing)\n|raw|RobertoAlonso's rating: 1745 &rarr; <strong>1767<\/strong><br \/>(+22 for winning)\n|l|\u2606BrodaxVGC\n|player|p1|\n|l|\u2606RobertoAlonso\n|player|p2|\n|l| mr pogostick\n","uploadtime":1730153246,"views":25,"formatid":"gen9vgc2024regh","rating":1755,"private":0,"password":null}