{"id":"gen9vgc2024regh-2232324873","format":"[Gen 9] VGC 2024 Reg H","players":["brouz","OSAMABINGETINLADIN"],"log":"|j|\u2606brouz\n|j|\u2606OSAMABINGETINLADIN\n|t:|1730083315\n|gametype|doubles\n|player|p1|brouz|ingo|1706\n|player|p2|OSAMABINGETINLADIN|policeman-gen4|1691\n|teamsize|p1|6\n|teamsize|p2|6\n|gen|9\n|tier|[Gen 9] VGC 2024 Reg H\n|rated|\n|rule|Species Clause: Limit one of each Pok\u00e9mon\n|rule|Item Clause: Limit 1 of each item\n|clearpoke\n|poke|p1|Tyranitar, L50, M|\n|poke|p1|Garchomp, L50, M|\n|poke|p1|Talonflame, L50, M|\n|poke|p1|Gastrodon, L50, M|\n|poke|p1|Tsareena, L50, F|\n|poke|p1|Gholdengo, L50|\n|poke|p2|Murkrow, L50, M|\n|poke|p2|Gholdengo, L50|\n|poke|p2|Pawmot, L50, M|\n|poke|p2|Kommo-o, L50, F|\n|poke|p2|Basculegion, L50, M|\n|poke|p2|Farigiraf, L50, M|\n|teampreview|4\n|inactive|Battle timer is ON: inactive players will automatically lose when time's up. (requested by OSAMABINGETINLADIN)\n|\n|t:|1730083334\n|start\n|switch|p1a: Talonflame|Talonflame, L50, M|100\/100\n|switch|p1b: Garchomp|Garchomp, L50, M|100\/100\n|switch|p2a: Luis Carruthers|Murkrow, L50, M, shiny|100\/100\n|switch|p2b: Kommo-o|Kommo-o, L50, F|100\/100\n|turn|1\n|\n|t:|1730083341\n|-terastallize|p2b: Kommo-o|Fire\n|move|p1a: Talonflame|Tailwind|p1a: Talonflame\n|-sidestart|p1: brouz|move: Tailwind\n|move|p1b: Garchomp|Dragon Claw|p2b: Kommo-o\n|-damage|p2b: Kommo-o|32\/100\n|move|p2b: Kommo-o|Clanging Scales|p1b: Garchomp|[spread] p1a,p1b\n|-supereffective|p1b: Garchomp\n|-damage|p1a: Talonflame|52\/100\n|-damage|p1b: Garchomp|21\/100\n|-unboost|p2b: Kommo-o|def|1\n|-enditem|p2b: Kommo-o|Throat Spray\n|-boost|p2b: Kommo-o|spa|1|[from] item: Throat Spray\n|move|p2a: Luis Carruthers|Foul Play|p1b: Garchomp\n|-damage|p1b: Garchomp|0 fnt\n|faint|p1b: Garchomp\n|\n|upkeep\n|\n|t:|1730083355\n|switch|p1b: Tyranitar|Tyranitar, L50, M|100\/100\n|-weather|Sandstorm|[from] ability: Sand Stream|[of] p1b: Tyranitar\n|turn|2\n|\n|t:|1730083368\n|move|p2b: Kommo-o|Protect|p2b: Kommo-o\n|-singleturn|p2b: Kommo-o|Protect\n|move|p2a: Luis Carruthers|Tailwind|p2a: Luis Carruthers\n|-sidestart|p2: OSAMABINGETINLADIN|move: Tailwind\n|move|p1a: Talonflame|Brave Bird|p2b: Kommo-o\n|-activate|p2b: Kommo-o|move: Protect\n|move|p1b: Tyranitar|Rock Slide|p2b: Kommo-o|[spread] \n|-activate|p2b: Kommo-o|move: Protect\n|-miss|p1b: Tyranitar|p2a: Luis Carruthers\n|\n|-weather|Sandstorm|[upkeep]\n|-damage|p2b: Kommo-o|26\/100|[from] Sandstorm\n|-damage|p2a: Luis Carruthers|95\/100|[from] Sandstorm\n|upkeep\n|turn|3\n|\n|t:|1730083383\n|move|p2a: Luis Carruthers|Quash|p1a: Talonflame\n|-activate|p1a: Talonflame|move: Quash\n|move|p2b: Kommo-o|Clanging Scales|p1a: Talonflame|[spread] p1a,p1b\n|-damage|p1a: Talonflame|0 fnt\n|-damage|p1b: Tyranitar|64\/100\n|faint|p1a: Talonflame\n|-unboost|p2b: Kommo-o|def|1\n|move|p1b: Tyranitar|Rock Slide|p2a: Luis Carruthers|[spread] p2a,p2b\n|-supereffective|p2a: Luis Carruthers\n|-supereffective|p2b: Kommo-o\n|-damage|p2a: Luis Carruthers|26\/100\n|-damage|p2b: Kommo-o|0 fnt\n|faint|p2b: Kommo-o\n|\n|-weather|Sandstorm|[upkeep]\n|-damage|p2a: Luis Carruthers|20\/100|[from] Sandstorm\n|upkeep\n|j| tolkuschampion\n|\n|t:|1730083398\n|switch|p1a: Gastrodon|Gastrodon, L50, M|100\/100\n|switch|p2b: Gholdengo|Gholdengo, L50|100\/100\n|turn|4\n|\n|t:|1730083409\n|move|p1b: Tyranitar|Protect|p1b: Tyranitar\n|-singleturn|p1b: Tyranitar|Protect\n|move|p2b: Gholdengo|Make It Rain|p1a: Gastrodon|[spread] p1a\n|-activate|p1b: Tyranitar|move: Protect\n|-resisted|p1a: Gastrodon\n|-damage|p1a: Gastrodon|69\/100\n|-unboost|p2b: Gholdengo|spa|1\n|move|p2a: Luis Carruthers|Foul Play|p1b: Tyranitar\n|-activate|p1b: Tyranitar|move: Protect\n|move|p1a: Gastrodon|Earth Power|p2b: Gholdengo\n|-supereffective|p2b: Gholdengo\n|-damage|p2b: Gholdengo|12\/100\n|\n|-weather|Sandstorm|[upkeep]\n|-damage|p2a: Luis Carruthers|14\/100|[from] Sandstorm\n|-sideend|p1: brouz|move: Tailwind\n|upkeep\n|turn|5\n|\n|t:|1730083433\n|-terastallize|p1b: Tyranitar|Flying\n|move|p2b: Gholdengo|Make It Rain|p1a: Gastrodon|[spread] p1a,p1b\n|-resisted|p1a: Gastrodon\n|-damage|p1a: Gastrodon|49\/100\n|-damage|p1b: Tyranitar|19\/100\n|-unboost|p2b: Gholdengo|spa|1\n|-enditem|p1a: Gastrodon|Sitrus Berry|[eat]\n|-heal|p1a: Gastrodon|73\/100|[from] item: Sitrus Berry\n|move|p2a: Luis Carruthers|Foul Play|p1b: Tyranitar\n|-damage|p1b: Tyranitar|0 fnt\n|faint|p1b: Tyranitar\n|move|p1a: Gastrodon|Ice Beam|p2a: Luis Carruthers\n|-supereffective|p2a: Luis Carruthers\n|-damage|p2a: Luis Carruthers|0 fnt\n|faint|p2a: Luis Carruthers\n|\n|-weather|Sandstorm|[upkeep]\n|-sideend|p2: OSAMABINGETINLADIN|move: Tailwind\n|upkeep\n|\n|t:|1730083435\n|switch|p2a: Pawmot|Pawmot, L50, M|100\/100\n|turn|6\n|\n|t:|1730083447\n|move|p1a: Gastrodon|Protect|p1a: Gastrodon\n|-singleturn|p1a: Gastrodon|Protect\n|move|p2a: Pawmot|Revival Blessing|p2a: Pawmot\n|\n|t:|1730083451\n|-heal|p2: Kommo-o|50\/100|[from] move: Revival Blessing\n|move|p2b: Gholdengo|Make It Rain|p1a: Gastrodon\n|-activate|p1a: Gastrodon|move: Protect\n|\n|-weather|none\n|upkeep\n|turn|7\n|-message|brouz forfeited.\n|\n|win|OSAMABINGETINLADIN\n|raw|brouz's rating: 1706 &rarr; <strong>1685<\/strong><br \/>(-21 for losing)\n|raw|OSAMABINGETINLADIN's rating: 1691 &rarr; <strong>1712<\/strong><br \/>(+21 for winning)\n|l|\u2606brouz\n|player|p1|\n|l|\u2606OSAMABINGETINLADIN\n|player|p2|\n","uploadtime":1730083636,"views":13,"formatid":"gen9vgc2024regh","rating":1685,"private":0,"password":null}