{"id":"gen9vgc2024regh-2232267431","format":"[Gen 9] VGC 2024 Reg H","players":["Pasodoble","OSAMABINGETINLADIN"],"log":"|j|\u2606Pasodoble\n|j|\u2606OSAMABINGETINLADIN\n|t:|1730076327\n|gametype|doubles\n|player|p1|Pasodoble|2|1687\n|player|p2|OSAMABINGETINLADIN|policeman-gen4|1715\n|teamsize|p1|6\n|teamsize|p2|6\n|gen|9\n|tier|[Gen 9] VGC 2024 Reg H\n|rated|\n|rule|Species Clause: Limit one of each Pok\u00e9mon\n|rule|Item Clause: Limit 1 of each item\n|clearpoke\n|poke|p1|Hydreigon, L50, F|\n|poke|p1|Gholdengo, L50|\n|poke|p1|Whimsicott, L50, F|\n|poke|p1|Dragapult, L50, F|\n|poke|p1|Magmar, L50, F|\n|poke|p1|Ursaluna-Bloodmoon, L50, M|\n|poke|p2|Murkrow, L50, M|\n|poke|p2|Gholdengo, L50|\n|poke|p2|Pawmot, L50, F|\n|poke|p2|Kommo-o, L50, M|\n|poke|p2|Basculegion, L50, M|\n|poke|p2|Farigiraf, L50, F|\n|teampreview|4\n|inactive|Battle timer is ON: inactive players will automatically lose when time's up. (requested by OSAMABINGETINLADIN)\nPasodoble has agreed to open team sheets.\n|j| lopalg99\n|inactive|OSAMABINGETINLADIN has 60 seconds left.\n|\n|t:|1730076370\n|start\n|switch|p1a: Magmar|Magmar, L50, F|100\/100\n|switch|p1b: Gholdengo|Gholdengo, L50|100\/100\n|switch|p2a: Luis Carruthers|Murkrow, L50, M, shiny|100\/100\n|switch|p2b: Kommo-o|Kommo-o, L50, M|100\/100\n|turn|1\n|inactive|Pasodoble has 30 seconds left.\n|\n|t:|1730076395\n|-terastallize|p2b: Kommo-o|Fire\n|move|p2a: Luis Carruthers|Tailwind|p2a: Luis Carruthers\n|-sidestart|p2: OSAMABINGETINLADIN|move: Tailwind\n|move|p2b: Kommo-o|Clanging Scales|p1b: Gholdengo|[spread] p1a,p1b\n|-resisted|p1b: Gholdengo\n|-damage|p1a: Magmar|71\/100\n|-damage|p1b: Gholdengo|82\/100\n|-unboost|p2b: Kommo-o|def|1\n|-enditem|p2b: Kommo-o|Throat Spray\n|-boost|p2b: Kommo-o|spa|1|[from] item: Throat Spray\n|move|p1a: Magmar|Overheat|p2a: Luis Carruthers\n|-damage|p2a: Luis Carruthers|52\/100\n|-unboost|p1a: Magmar|spa|2\n|move|p1b: Gholdengo|Trick|p2b: Kommo-o\n|-activate|p1b: Gholdengo|move: Trick|[of] p2b: Kommo-o\n|-item|p2b: Kommo-o|Choice Specs|[from] move: Trick\n|-enditem|p1b: Gholdengo|Choice Specs|[silent]|[from] move: Trick\n|\n|upkeep\n|turn|2\n|\n|t:|1730076412\n|switch|p1b: Whimsicott|Whimsicott, L50, F|100\/100\n|move|p1a: Magmar|Protect|p1a: Magmar\n|-singleturn|p1a: Magmar|Protect\n|move|p2b: Kommo-o|Clanging Scales|p1a: Magmar|[spread] \n|-activate|p1a: Magmar|move: Protect\n|-immune|p1b: Whimsicott\n|move|p2a: Luis Carruthers|Foul Play|p1b: Whimsicott\n|-resisted|p1b: Whimsicott\n|-damage|p1b: Whimsicott|87\/100\n|\n|upkeep\n|turn|3\n|\n|t:|1730076433\n|switch|p2a: Basculegion|Basculegion, L50, M|100\/100\n|move|p2b: Kommo-o|Clanging Scales|p1b: Whimsicott|[spread] p1a\n|-immune|p1b: Whimsicott\n|-damage|p1a: Magmar|7\/100\n|-unboost|p2b: Kommo-o|def|1\n|move|p1b: Whimsicott|Moonblast|p2a: Basculegion\n|-damage|p2a: Basculegion|57\/100\n|move|p1a: Magmar|Overheat|p2a: Basculegion\n|-resisted|p2a: Basculegion\n|-damage|p2a: Basculegion|44\/100\n|-unboost|p1a: Magmar|spa|2\n|\n|upkeep\n|turn|4\n|inactive|Pasodoble has 30 seconds left.\n|\n|t:|1730076461\n|move|p1b: Whimsicott|Protect|p1b: Whimsicott\n|-singleturn|p1b: Whimsicott|Protect\n|move|p2a: Basculegion|Flip Turn|p1b: Whimsicott\n|-activate|p1b: Whimsicott|move: Protect\n|move|p2b: Kommo-o|Clanging Scales|p1b: Whimsicott|[spread] p1a\n|-activate|p1b: Whimsicott|move: Protect\n|-damage|p1a: Magmar|0 fnt\n|faint|p1a: Magmar\n|-unboost|p2b: Kommo-o|def|1\n|\n|-sideend|p2: OSAMABINGETINLADIN|move: Tailwind\n|upkeep\n|\n|t:|1730076466\n|switch|p1a: Dragapult|Dragapult, L50, F|100\/100\n|turn|5\n|\n|t:|1730076485\n|switch|p2a: Luis Carruthers|Murkrow, L50, M, shiny|52\/100\n|switch|p2b: Pawmot|Pawmot, L50, F|100\/100\n|-terastallize|p1a: Dragapult|Dragon\n|move|p1a: Dragapult|Dragon Darts|p2b: Pawmot\n|-damage|p2b: Pawmot|24\/100\n|-anim|p1a: Dragapult|Dragon Darts|p2a: Luis Carruthers\n|-damage|p2a: Luis Carruthers|3\/100\n|-damage|p1a: Dragapult|91\/100|[from] item: Life Orb\n|move|p1b: Whimsicott|Moonblast|p2b: Pawmot\n|-supereffective|p2b: Pawmot\n|-damage|p2b: Pawmot|0 fnt\n|faint|p2b: Pawmot\n|\n|upkeep\n|\n|t:|1730076494\n|switch|p2b: Kommo-o|Kommo-o, L50, M, tera:Fire|100\/100\n|turn|6\n|\n|t:|1730076501\n|move|p1a: Dragapult|Protect|p1a: Dragapult\n|-singleturn|p1a: Dragapult|Protect\n|move|p1b: Whimsicott|Tailwind|p1b: Whimsicott\n|-sidestart|p1: Pasodoble|move: Tailwind\n|move|p2a: Luis Carruthers|Quash|p1a: Dragapult\n|-activate|p1a: Dragapult|move: Protect\n|move|p2b: Kommo-o|Clanging Scales|p1b: Whimsicott|[spread] \n|-activate|p1a: Dragapult|move: Protect\n|-immune|p1b: Whimsicott\n|\n|upkeep\n|turn|7\n|\n|t:|1730076524\n|switch|p1a: Gholdengo|Gholdengo, L50|82\/100\n|move|p2a: Luis Carruthers|Tailwind|p2a: Luis Carruthers\n|-sidestart|p2: OSAMABINGETINLADIN|move: Tailwind\n|move|p1b: Whimsicott|Moonblast|p2a: Luis Carruthers\n|-supereffective|p2a: Luis Carruthers\n|-damage|p2a: Luis Carruthers|0 fnt\n|faint|p2a: Luis Carruthers\n|move|p2b: Kommo-o|Clanging Scales|p1a: Gholdengo|[spread] p1a\n|-immune|p1b: Whimsicott\n|-resisted|p1a: Gholdengo\n|-damage|p1a: Gholdengo|54\/100\n|-unboost|p2b: Kommo-o|def|1\n|\n|upkeep\n|\n|t:|1730076527\n|switch|p2a: Basculegion|Basculegion, L50, M|44\/100\n|turn|8\n|\n|t:|1730076548\n|move|p1b: Whimsicott|Protect|p1b: Whimsicott\n|-singleturn|p1b: Whimsicott|Protect\n|move|p2a: Basculegion|Last Respects|p1b: Whimsicott\n|-activate|p1b: Whimsicott|move: Protect\n|move|p2b: Kommo-o|Clanging Scales|p1a: Gholdengo|[spread] p1a\n|-activate|p1b: Whimsicott|move: Protect\n|-resisted|p1a: Gholdengo\n|-damage|p1a: Gholdengo|22\/100\n|-unboost|p2b: Kommo-o|def|1\n|move|p1a: Gholdengo|Shadow Ball|p2a: Basculegion\n|-supereffective|p2a: Basculegion\n|-damage|p2a: Basculegion|0 fnt\n|faint|p2a: Basculegion\n|\n|upkeep\n|turn|9\n|l| lopalg99\n|j| falcon108\n|j| lopalg99\n|-message|OSAMABINGETINLADIN forfeited.\n|\n|win|Pasodoble\n|raw|Pasodoble's rating: 1687 &rarr; <strong>1709<\/strong><br \/>(+22 for winning)\n|raw|OSAMABINGETINLADIN's rating: 1715 &rarr; <strong>1693<\/strong><br \/>(-22 for losing)\n|l|\u2606OSAMABINGETINLADIN\n|player|p2|\n|l|\u2606Pasodoble\n|player|p1|\n|l| falcon108\n|l| lopalg99\n","uploadtime":1730076767,"views":38,"formatid":"gen9vgc2024regh","rating":1693,"private":0,"password":null}