{"id":"gen9vgc2024regh-2232600012","format":"[Gen 9] VGC 2024 Reg H","players":["Zin_yugami","htotoT"],"log":"|j|\u2606Zin_yugami\n|j|\u2606htotoT\n|t:|1730125707\n|gametype|doubles\n|player|p1|Zin_yugami|265|1693\n|player|p2|htotoT|265|1800\n|teamsize|p1|6\n|teamsize|p2|6\n|gen|9\n|tier|[Gen 9] VGC 2024 Reg H\n|rated|\n|rule|Species Clause: Limit one of each Pok\u00e9mon\n|rule|Item Clause: Limit 1 of each item\n|clearpoke\n|poke|p1|Torkoal, L50, F|\n|poke|p1|Weezing-Galar, L50, M|\n|poke|p1|Farigiraf, L50, M|\n|poke|p1|Hariyama, L50, M|\n|poke|p1|Dragapult, L50, F|\n|poke|p1|Garchomp, L50, M|\n|poke|p2|Gholdengo, L50|\n|poke|p2|Murkrow, L50, F|\n|poke|p2|Pelipper, L50, M|\n|poke|p2|Archaludon, L50, M|\n|poke|p2|Amoonguss, L50, F|\n|poke|p2|Basculegion-F, L50, F|\n|teampreview|4\n|inactive|Battle timer is ON: inactive players will automatically lose when time's up. (requested by htotoT)\n|inactive|Zin_yugami has 60 seconds left.\n|\n|t:|1730125742\n|start\n|switch|p1a: Garchomp|Garchomp, L50, M|100\/100\n|switch|p1b: Hariyama|Hariyama, L50, M|100\/100\n|switch|p2a: Amoonguss|Amoonguss, L50, F|100\/100\n|switch|p2b: Gholdengo|Gholdengo, L50|100\/100\n|turn|1\n|\n|t:|1730125761\n|switch|p2b: Pelipper|Pelipper, L50, M|100\/100\n|-weather|RainDance|[from] ability: Drizzle|[of] p2b: Pelipper\n|move|p1b: Hariyama|Wide Guard|p1b: Hariyama\n|-singleturn|p1b: Hariyama|Wide Guard\n|move|p1a: Garchomp|Earthquake|p2a: Amoonguss|[spread] p2a\n|-activate|p1b: Hariyama|move: Wide Guard\n|-immune|p2b: Pelipper\n|-damage|p2a: Amoonguss|56\/100\n|-damage|p1a: Garchomp|91\/100|[from] item: Life Orb\n|move|p2a: Amoonguss|Spore|p1a: Garchomp\n|-status|p1a: Garchomp|slp|[from] move: Spore\n|\n|-weather|RainDance|[upkeep]\n|-status|p1b: Hariyama|brn|[from] item: Flame Orb\n|upkeep\n|turn|2\n|\n|t:|1730125783\n|switch|p1a: Torkoal|Torkoal, L50, F|100\/100\n|-weather|SunnyDay|[from] ability: Drought|[of] p1a: Torkoal\n|switch|p2a: Gholdengo|Gholdengo, L50|100\/100\n|move|p2b: Pelipper|Weather Ball|p1a: Torkoal\n|-resisted|p1a: Torkoal\n|-damage|p1a: Torkoal|71\/100\n|move|p1b: Hariyama|Headlong Rush|p2a: Gholdengo\n|-supereffective|p2a: Gholdengo\n|-damage|p2a: Gholdengo|0 fnt\n|-unboost|p1b: Hariyama|def|1\n|-unboost|p1b: Hariyama|spd|1\n|faint|p2a: Gholdengo\n|\n|-weather|SunnyDay|[upkeep]\n|-damage|p1b: Hariyama|95\/100 brn|[from] brn\n|upkeep\n|\n|t:|1730125790\n|switch|p2a: Amoonguss|Amoonguss, L50, F|89\/100\n|turn|3\n|\n|t:|1730125810\n|switch|p2b: Murkrow|Murkrow, L50, F|100\/100\n|-terastallize|p1b: Hariyama|Ground\n|move|p1b: Hariyama|Headlong Rush|p2a: Amoonguss\n|-damage|p2a: Amoonguss|8\/100\n|-unboost|p1b: Hariyama|def|1\n|-unboost|p1b: Hariyama|spd|1\n|move|p2a: Amoonguss|Spore|p1a: Torkoal\n|-status|p1a: Torkoal|slp|[from] move: Spore\n|cant|p1a: Torkoal|slp\n|\n|-weather|SunnyDay|[upkeep]\n|-damage|p1b: Hariyama|89\/100 brn|[from] brn\n|upkeep\n|turn|4\n|j| bluestraggler01\n|\n|t:|1730125830\n|switch|p2a: Pelipper|Pelipper, L50, M|100\/100\n|-weather|RainDance|[from] ability: Drizzle|[of] p2a: Pelipper\n|move|p2b: Murkrow|Foul Play|p1b: Hariyama\n|-damage|p1b: Hariyama|0 fnt\n|faint|p1b: Hariyama\n|cant|p1a: Torkoal|slp\n|\n|-weather|RainDance|[upkeep]\n|upkeep\n|\n|t:|1730125841\n|switch|p1b: Garchomp|Garchomp, L50, M|91\/100 slp\n|turn|5\n|inactive|Zin_yugami has 30 seconds left.\n|\n|t:|1730125868\n|switch|p1a: Dragapult|Dragapult, L50, F|100\/100\n|cant|p1b: Garchomp|slp\n|move|p2a: Pelipper|Weather Ball|p1a: Dragapult\n|-resisted|p1a: Dragapult\n|-damage|p1a: Dragapult|55\/100\n|move|p2b: Murkrow|Foul Play|p1a: Dragapult\n|-supereffective|p1a: Dragapult\n|-damage|p1a: Dragapult|0 fnt\n|faint|p1a: Dragapult\n|\n|-weather|RainDance|[upkeep]\n|upkeep\n|\n|t:|1730125882\n|switch|p1a: Torkoal|Torkoal, L50, F|71\/100 slp\n|-weather|SunnyDay|[from] ability: Drought|[of] p1a: Torkoal\n|turn|6\n|\n|t:|1730125888\n|cant|p1b: Garchomp|slp\n|move|p2a: Pelipper|Weather Ball|p1b: Garchomp\n|-resisted|p1b: Garchomp\n|-damage|p1b: Garchomp|67\/100 slp\n|move|p2b: Murkrow|Foul Play|p1b: Garchomp\n|-damage|p1b: Garchomp|14\/100 slp\n|-damage|p2b: Murkrow|89\/100|[from] ability: Rough Skin|[of] p1b: Garchomp\n|-curestatus|p1a: Torkoal|slp|[msg]\n|move|p1a: Torkoal|Eruption|p2b: Murkrow|[spread] p2a,p2b\n|-resisted|p2a: Pelipper\n|-damage|p2a: Pelipper|48\/100\n|-damage|p2b: Murkrow|36\/100\n|\n|-weather|SunnyDay|[upkeep]\n|upkeep\n|turn|7\n|\n|t:|1730125911\n|-curestatus|p1b: Garchomp|slp|[msg]\n|move|p1b: Garchomp|Protect|p1b: Garchomp\n|-singleturn|p1b: Garchomp|Protect\n|move|p2a: Pelipper|Wide Guard|p2a: Pelipper\n|-singleturn|p2a: Pelipper|Wide Guard\n|move|p2b: Murkrow|Foul Play|p1b: Garchomp\n|-activate|p1b: Garchomp|move: Protect\n|move|p1a: Torkoal|Eruption|p2b: Murkrow|[spread] \n|-activate|p2a: Pelipper|move: Wide Guard\n|-activate|p2b: Murkrow|move: Wide Guard\n|\n|-weather|SunnyDay|[upkeep]\n|upkeep\n|turn|8\n|\n|t:|1730125929\n|move|p2b: Murkrow|Tailwind|p2b: Murkrow\n|-sidestart|p2: htotoT|move: Tailwind\n|move|p2a: Pelipper|Weather Ball|p1b: Garchomp\n|-resisted|p1b: Garchomp\n|-damage|p1b: Garchomp|0 fnt\n|faint|p1b: Garchomp\n|move|p1a: Torkoal|Weather Ball|p2a: Pelipper\n|-resisted|p2a: Pelipper\n|-damage|p2a: Pelipper|0 fnt\n|faint|p2a: Pelipper\n|\n|-weather|SunnyDay|[upkeep]\n|upkeep\n|l| bluestraggler01\n|\n|t:|1730125934\n|switch|p2a: Amoonguss|Amoonguss, L50, F|41\/100\n|turn|9\n|\n|t:|1730125945\n|move|p2b: Murkrow|Foul Play|p1a: Torkoal\n|-damage|p1a: Torkoal|51\/100\n|move|p2a: Amoonguss|Spore|p1a: Torkoal\n|-status|p1a: Torkoal|slp|[from] move: Spore\n|cant|p1a: Torkoal|slp\n|\n|-weather|SunnyDay|[upkeep]\n|upkeep\n|turn|10\n|j| bluestraggler01\n|\n|t:|1730125955\n|-terastallize|p2a: Amoonguss|Dark\n|move|p2b: Murkrow|Foul Play|p1a: Torkoal\n|-damage|p1a: Torkoal|32\/100 slp\n|move|p2a: Amoonguss|Pollen Puff|p2b: Murkrow\n|-heal|p2b: Murkrow|86\/100\n|cant|p1a: Torkoal|slp\n|\n|-weather|none\n|upkeep\n|turn|11\n|-message|Zin_yugami forfeited.\n|\n|win|htotoT\n|raw|Zin_yugami's rating: 1693 &rarr; <strong>1679<\/strong><br \/>(-14 for losing)\n|raw|htotoT's rating: 1800 &rarr; <strong>1814<\/strong><br \/>(+14 for winning)\n|l|\u2606Zin_yugami\n|player|p1|\n|l|\u2606htotoT\n|player|p2|\n|l| bluestraggler01\n","uploadtime":1730126226,"views":25,"formatid":"gen9vgc2024regh","rating":1679,"private":0,"password":null}