{"id":"gen9vgc2024regh-2232789661","format":"[Gen 9] VGC 2024 Reg H","players":["bwahacough","Zordor"],"log":"|j|\u2606bwahacough\n|j|\u2606Zordor\n|t:|1730142152\n|gametype|doubles\n|player|p1|bwahacough|medium|1780\n|player|p2|Zordor|pilot|1777\n|teamsize|p1|6\n|teamsize|p2|6\n|gen|9\n|tier|[Gen 9] VGC 2024 Reg H\n|rated|\n|rule|Species Clause: Limit one of each Pok\u00e9mon\n|rule|Item Clause: Limit 1 of each item\n|clearpoke\n|poke|p1|Lycanroc, L50, M|\n|poke|p1|Tyranitar, L50, M|\n|poke|p1|Indeedee-F, L50, F|\n|poke|p1|Sneasler, L50, F|\n|poke|p1|Delphox, L50, M|\n|poke|p1|Murkrow, L50, F|\n|poke|p2|Rotom-Wash, L50|\n|poke|p2|Sneasler, L50, F|\n|poke|p2|Kingambit, L50, F|\n|poke|p2|Armarouge, L50, M|\n|poke|p2|Dragapult, L50, F|\n|poke|p2|Venusaur, L50, F|\n|teampreview|4\n|\n|t:|1730142168\n|start\n|switch|p1a: Indeedee|Indeedee-F, L50, F, shiny|100\/100\n|switch|p1b: Delphox|Delphox, L50, M, shiny|100\/100\n|switch|p2a: Rotom|Rotom-Wash, L50|100\/100\n|switch|p2b: Sneasler|Sneasler, L50, F|100\/100\n|-fieldstart|move: Psychic Terrain|[from] ability: Psychic Surge|[of] p1a: Indeedee\n|turn|1\n|\n|t:|1730142184\n|switch|p2a: Kingambit|Kingambit, L50, F|100\/100\n|move|p2b: Sneasler|Close Combat|p1a: Indeedee\n|-damage|p1a: Indeedee|42\/100\n|-unboost|p2b: Sneasler|def|1\n|-unboost|p2b: Sneasler|spd|1\n|-enditem|p1a: Indeedee|Sitrus Berry|[eat]\n|-heal|p1a: Indeedee|67\/100|[from] item: Sitrus Berry\n|move|p1b: Delphox|Dazzling Gleam|p2a: Kingambit|[spread] p2a,p2b\n|-damage|p2a: Kingambit|71\/100\n|-damage|p2b: Sneasler|36\/100\n|move|p1a: Indeedee|Psychic|p2a: Kingambit\n|-immune|p2a: Kingambit\n|\n|upkeep\n|turn|2\n|\n|t:|1730142204\n|move|p2b: Sneasler|Protect|p2b: Sneasler\n|-singleturn|p2b: Sneasler|Protect\n|move|p1a: Indeedee|Follow Me|p1a: Indeedee\n|-singleturn|p1a: Indeedee|move: Follow Me\n|move|p1b: Delphox|Dazzling Gleam|p2a: Kingambit|[spread] p2a\n|-activate|p2b: Sneasler|move: Protect\n|-damage|p2a: Kingambit|40\/100\n|-enditem|p2a: Kingambit|Sitrus Berry|[eat]\n|-heal|p2a: Kingambit|65\/100|[from] item: Sitrus Berry\n|move|p2a: Kingambit|Throat Chop|p1a: Indeedee\n|-supereffective|p1a: Indeedee\n|-damage|p1a: Indeedee|0 fnt\n|faint|p1a: Indeedee\n|\n|upkeep\n|\n|t:|1730142209\n|switch|p1a: Lycanroc|Lycanroc, L50, M|100\/100\n|turn|3\n|\n|t:|1730142240\n|switch|p2b: Rotom|Rotom-Wash, L50|100\/100\n|move|p2a: Kingambit|Protect|p2a: Kingambit\n|-singleturn|p2a: Kingambit|Protect\n|move|p1b: Delphox|Dazzling Gleam|p2b: Rotom|[spread] p2b\n|-activate|p2a: Kingambit|move: Protect\n|-damage|p2b: Rotom|71\/100\n|move|p1a: Lycanroc|Close Combat|p2a: Kingambit\n|-activate|p2a: Kingambit|move: Protect\n|\n|upkeep\n|turn|4\n|\n|t:|1730142262\n|-terastallize|p1b: Delphox|Fairy\n|-terastallize|p2a: Kingambit|Flying\n|move|p1b: Delphox|Dazzling Gleam|p2b: Rotom|[spread] p2a,p2b\n|-crit|p2a: Kingambit\n|-damage|p2a: Kingambit|0 fnt\n|-damage|p2b: Rotom|26\/100\n|faint|p2a: Kingambit\n|move|p1a: Lycanroc|Rock Slide|p2b: Rotom\n|-damage|p2b: Rotom|0 fnt\n|faint|p2b: Rotom\n|\n|upkeep\n|\n|t:|1730142270\n|switch|p2b: Armarouge|Armarouge, L50, M|100\/100\n|switch|p2a: Sneasler|Sneasler, L50, F|36\/100\n|turn|5\n|\n|t:|1730142296\n|switch|p1b: Tyranitar|Tyranitar, L50, M|100\/100\n|-weather|Sandstorm|[from] ability: Sand Stream|[of] p1b: Tyranitar\n|move|p1a: Lycanroc|Close Combat|p2a: Sneasler\n|-resisted|p2a: Sneasler\n|-damage|p2a: Sneasler|3\/100\n|-unboost|p1a: Lycanroc|def|1\n|-unboost|p1a: Lycanroc|spd|1\n|move|p2a: Sneasler|Close Combat|p1a: Lycanroc\n|-supereffective|p1a: Lycanroc\n|-enditem|p1a: Lycanroc|Focus Sash\n|-damage|p1a: Lycanroc|1\/100\n|-unboost|p2a: Sneasler|def|1\n|-unboost|p2a: Sneasler|spd|1\n|move|p2b: Armarouge|Heat Wave|p1b: Tyranitar|[spread] p1a\n|-miss|p2b: Armarouge|p1b: Tyranitar\n|-resisted|p1a: Lycanroc\n|-damage|p1a: Lycanroc|0 fnt\n|faint|p1a: Lycanroc\n|\n|-weather|Sandstorm|[upkeep]\n|-damage|p2a: Sneasler|0 fnt|[from] Sandstorm\n|-damage|p2b: Armarouge|94\/100|[from] Sandstorm\n|faint|p2a: Sneasler\n|-fieldend|move: Psychic Terrain\n|upkeep\n|\n|t:|1730142299\n|switch|p1a: Delphox|Delphox, L50, M, shiny, tera:Fairy|100\/100\n|turn|6\n|\n|t:|1730142313\n|move|p2b: Armarouge|Protect|p2b: Armarouge\n|-singleturn|p2b: Armarouge|Protect\n|move|p1a: Delphox|Expanding Force|p2b: Armarouge\n|-activate|p2b: Armarouge|move: Protect\n|move|p1b: Tyranitar|Knock Off|p2b: Armarouge\n|-activate|p2b: Armarouge|move: Protect\n|\n|-weather|Sandstorm|[upkeep]\n|-damage|p1a: Delphox|94\/100|[from] Sandstorm\n|-damage|p2b: Armarouge|88\/100|[from] Sandstorm\n|upkeep\n|turn|7\n|\n|t:|1730142324\n|move|p1a: Delphox|Expanding Force|p2b: Armarouge\n|-resisted|p2b: Armarouge\n|-damage|p2b: Armarouge|53\/100\n|move|p2b: Armarouge|Meteor Beam||[still]\n|-prepare|p2b: Armarouge|Meteor Beam\n|-boost|p2b: Armarouge|spa|1\n|-enditem|p2b: Armarouge|Power Herb\n|-anim|p2b: Armarouge|Meteor Beam|p1a: Delphox\n|-damage|p1a: Delphox|29\/100\n|move|p1b: Tyranitar|Knock Off|p2b: Armarouge\n|-supereffective|p2b: Armarouge\n|-damage|p2b: Armarouge|0 fnt\n|faint|p2b: Armarouge\n|\n|win|bwahacough\n|raw|bwahacough's rating: 1755 &rarr; <strong>1776<\/strong><br \/>(+21 for winning)\n|raw|Zordor's rating: 1777 &rarr; <strong>1756<\/strong><br \/>(-21 for losing)\n|l|\u2606Zordor\n|player|p2|\n|l|\u2606bwahacough\n|player|p1|\n","uploadtime":1730142582,"views":42,"formatid":"gen9vgc2024regh","rating":1756,"private":0,"password":null}