{"id":"gen9vgc2024regh-2232087655","format":"[Gen 9] VGC 2024 Reg H","players":["chiitancrazymascot","Psyducks in 6"],"log":"|j|\u2606chiitancrazymascot\n|j|\u2606Psyducks in 6\n|t:|1730055087\n|gametype|doubles\n|player|p1|chiitancrazymascot|pokemaniac|1782\n|player|p2|Psyducks in 6|hiker-gen4|1705\n|teamsize|p1|6\n|teamsize|p2|6\n|gen|9\n|tier|[Gen 9] VGC 2024 Reg H\n|rated|\n|rule|Species Clause: Limit one of each Pok\u00e9mon\n|rule|Item Clause: Limit 1 of each item\n|clearpoke\n|poke|p1|Annihilape, L50, F|\n|poke|p1|Dondozo, L50, F|\n|poke|p1|Maushold-Four, L50|\n|poke|p1|Gholdengo, L50|\n|poke|p1|Whimsicott, L50, F|\n|poke|p1|Tatsugiri, L50, F|\n|poke|p2|Annihilape, L50, F|\n|poke|p2|Garchomp, L50, M|\n|poke|p2|Corviknight, L50, F|\n|poke|p2|Clefable, L50, F|\n|poke|p2|Gholdengo, L50|\n|poke|p2|Incineroar, L50, M|\n|teampreview|4\n|inactive|Battle timer is ON: inactive players will automatically lose when time's up. (requested by chiitancrazymascot)\n|\n|t:|1730055107\n|start\n|switch|p1a: Maushold|Maushold-Four, L50|100\/100\n|switch|p1b: Annihilape|Annihilape, L50, F, shiny|100\/100\n|switch|p2a: Annihilape|Annihilape, L50, F|100\/100\n|switch|p2b: Garchomp|Garchomp, L50, M|100\/100\n|turn|1\n|\n|t:|1730055124\n|move|p2a: Annihilape|Low Sweep|p1a: Maushold\n|-supereffective|p1a: Maushold\n|-damage|p1a: Maushold|31\/100\n|-unboost|p1a: Maushold|spe|1\n|move|p2b: Garchomp|Dragon Claw|p1a: Maushold\n|-damage|p1a: Maushold|0 fnt\n|faint|p1a: Maushold\n|-damage|p2b: Garchomp|91\/100|[from] item: Life Orb\n|move|p1b: Annihilape|Rage Fist|p2b: Garchomp\n|-damage|p2b: Garchomp|66\/100\n|-damage|p1b: Annihilape|88\/100|[from] ability: Rough Skin|[of] p2b: Garchomp\n|\n|upkeep\n|\n|t:|1730055133\n|switch|p1a: Dondozo|Dondozo, L50, F, shiny|100\/100\n|turn|2\n|inactive|Psyducks in 6 has 30 seconds left.\n|\n|t:|1730055162\n|switch|p2a: Corviknight|Corviknight, L50, F|100\/100\n|switch|p1b: Tatsugiri|Tatsugiri, L50, F, shiny|100\/100\n|-activate|p1b: Tatsugiri|ability: Commander|[of] p1a: Dondozo\n|-boost|p1a: Dondozo|atk|2\n|-boost|p1a: Dondozo|spa|2\n|-boost|p1a: Dondozo|spe|2\n|-boost|p1a: Dondozo|def|2\n|-boost|p1a: Dondozo|spd|2\n|move|p2b: Garchomp|Protect|p2b: Garchomp\n|-singleturn|p2b: Garchomp|Protect\n|move|p1a: Dondozo|Order Up|p2b: Garchomp\n|-activate|p2b: Garchomp|move: Protect\n|\n|upkeep\n|turn|3\n|\n|t:|1730055179\n|switch|p2b: Clefable|Clefable, L50, F|100\/100\n|move|p1a: Dondozo|Wave Crash|p2b: Clefable\n|-damage|p2b: Clefable|47\/100\n|-damage|p1a: Dondozo|84\/100|[from] Recoil\n|move|p2a: Corviknight|Tailwind|p2a: Corviknight\n|-sidestart|p2: Psyducks in 6|move: Tailwind\n|\n|-heal|p1a: Dondozo|91\/100|[from] item: Leftovers\n|upkeep\n|turn|4\n|\n|t:|1730055191\n|-terastallize|p2b: Clefable|Water\n|move|p2a: Corviknight|Brave Bird|p1a: Dondozo\n|-damage|p1a: Dondozo|77\/100\n|-damage|p2a: Corviknight|96\/100|[from] Recoil\n|move|p2b: Clefable|Life Dew|p2b: Clefable|[spread] p2a,p2b\n|-heal|p2a: Corviknight|100\/100\n|-heal|p2b: Clefable|72\/100\n|move|p1a: Dondozo|Wave Crash|p2b: Clefable\n|-resisted|p2b: Clefable\n|-damage|p2b: Clefable|48\/100\n|-damage|p1a: Dondozo|70\/100|[from] Recoil\n|\n|-heal|p1a: Dondozo|76\/100|[from] item: Leftovers\n|upkeep\n|turn|5\n|\n|t:|1730055215\n|-terastallize|p1a: Dondozo|Grass\n|move|p2a: Corviknight|Brave Bird|p1a: Dondozo\n|-supereffective|p1a: Dondozo\n|-damage|p1a: Dondozo|48\/100\n|-damage|p2a: Corviknight|91\/100|[from] Recoil\n|move|p2b: Clefable|Life Dew|p2b: Clefable|[spread] p2a,p2b\n|-heal|p2a: Corviknight|100\/100\n|-heal|p2b: Clefable|73\/100\n|move|p1a: Dondozo|Tera Blast|p2b: Clefable|[anim] Tera Blast Grass\n|-supereffective|p2b: Clefable\n|-damage|p2b: Clefable|10\/100\n|\n|-heal|p1a: Dondozo|55\/100|[from] item: Leftovers\n|upkeep\n|turn|6\n|\n|t:|1730055231\n|move|p1a: Dondozo|Protect|p1a: Dondozo\n|-singleturn|p1a: Dondozo|Protect\n|move|p2a: Corviknight|Brave Bird|p1a: Dondozo\n|-activate|p1a: Dondozo|move: Protect\n|move|p2b: Clefable|Moonblast|p1a: Dondozo\n|-activate|p1a: Dondozo|move: Protect\n|\n|-heal|p1a: Dondozo|61\/100|[from] item: Leftovers\n|-sideend|p2: Psyducks in 6|move: Tailwind\n|upkeep\n|turn|7\n|\n|t:|1730055237\n|move|p2b: Clefable|Protect|p2b: Clefable\n|-singleturn|p2b: Clefable|Protect\n|move|p1a: Dondozo|Order Up|p2b: Clefable\n|-activate|p2b: Clefable|move: Protect\n|move|p2a: Corviknight|Tailwind|p2a: Corviknight\n|-sidestart|p2: Psyducks in 6|move: Tailwind\n|\n|-heal|p1a: Dondozo|67\/100|[from] item: Leftovers\n|upkeep\n|turn|8\n|\n|t:|1730055246\n|move|p2a: Corviknight|Brave Bird|p1a: Dondozo\n|-supereffective|p1a: Dondozo\n|-damage|p1a: Dondozo|40\/100\n|-damage|p2a: Corviknight|91\/100|[from] Recoil\n|move|p2b: Clefable|Moonblast|p1a: Dondozo\n|-damage|p1a: Dondozo|3\/100\n|move|p1a: Dondozo|Tera Blast|p2b: Clefable|[anim] Tera Blast Grass\n|-supereffective|p2b: Clefable\n|-damage|p2b: Clefable|0 fnt\n|faint|p2b: Clefable\n|\n|-heal|p1a: Dondozo|9\/100|[from] item: Leftovers\n|upkeep\n|\n|t:|1730055262\n|switch|p2b: Garchomp|Garchomp, L50, M|66\/100\n|turn|9\n|\n|t:|1730055268\n|move|p1a: Dondozo|Protect|p1a: Dondozo\n|-singleturn|p1a: Dondozo|Protect\n|move|p2b: Garchomp|Dragon Claw|p1a: Dondozo\n|-activate|p1a: Dondozo|move: Protect\n|move|p2a: Corviknight|Brave Bird|p1b: Tatsugiri|[miss]\n|-miss|p2a: Corviknight|p1b: Tatsugiri\n|\n|-heal|p1a: Dondozo|15\/100|[from] item: Leftovers\n|upkeep\n|turn|10\n|\n|t:|1730055272\n|move|p2b: Garchomp|Dragon Claw|p1a: Dondozo\n|-damage|p1a: Dondozo|0 fnt\n|faint|p1a: Dondozo\n|-damage|p2b: Garchomp|56\/100|[from] item: Life Orb\n|move|p2a: Corviknight|Brave Bird|p1b: Tatsugiri\n|-damage|p1b: Tatsugiri|32\/100\n|-damage|p2a: Corviknight|75\/100|[from] Recoil\n|\n|-sideend|p2: Psyducks in 6|move: Tailwind\n|upkeep\n|\n|t:|1730055275\n|switch|p1a: Annihilape|Annihilape, L50, F, shiny|88\/100\n|turn|11\n|\n|t:|1730055299\n|move|p2b: Garchomp|Protect|p2b: Garchomp\n|-singleturn|p2b: Garchomp|Protect\n|move|p1b: Tatsugiri|Muddy Water|p2a: Corviknight|[spread] p2a\n|-activate|p2b: Garchomp|move: Protect\n|-damage|p2a: Corviknight|50\/100\n|move|p1a: Annihilape|Bulk Up|p1a: Annihilape\n|-boost|p1a: Annihilape|atk|1\n|-boost|p1a: Annihilape|def|1\n|move|p2a: Corviknight|Tailwind|p2a: Corviknight\n|-sidestart|p2: Psyducks in 6|move: Tailwind\n|\n|upkeep\n|turn|12\n|j| Bohoennian\n|\n|t:|1730055318\n|move|p2b: Garchomp|Earthquake|p1b: Tatsugiri|[spread] p1a,p1b\n|-immune|p2a: Corviknight\n|-damage|p1a: Annihilape|57\/100\n|-damage|p1b: Tatsugiri|0 fnt\n|faint|p1b: Tatsugiri\n|-damage|p2b: Garchomp|47\/100|[from] item: Life Orb\n|move|p2a: Corviknight|Brave Bird|p1a: Annihilape\n|-supereffective|p1a: Annihilape\n|-damage|p1a: Annihilape|3\/100\n|-enditem|p1a: Annihilape|Sitrus Berry|[eat]\n|-heal|p1a: Annihilape|28\/100|[from] item: Sitrus Berry\n|-damage|p2a: Corviknight|31\/100|[from] Recoil\n|move|p1a: Annihilape|Drain Punch|p2a: Corviknight\n|-damage|p2a: Corviknight|0 fnt\n|-heal|p1a: Annihilape|43\/100|[from] drain|[of] p2a: Corviknight\n|-damage|p1a: Annihilape|26\/100|[from] item: Rocky Helmet|[of] p2a: Corviknight\n|faint|p2a: Corviknight\n|\n|upkeep\n|\n|t:|1730055334\n|switch|p2a: Annihilape|Annihilape, L50, F|100\/100\n|turn|13\n|\n|t:|1730055338\n|move|p2a: Annihilape|Rage Fist|p1a: Annihilape\n|-supereffective|p1a: Annihilape\n|-damage|p1a: Annihilape|1\/100\n|move|p2b: Garchomp|Dragon Claw|p1a: Annihilape\n|-damage|p1a: Annihilape|0 fnt\n|faint|p1a: Annihilape\n|-damage|p2b: Garchomp|37\/100|[from] item: Life Orb\n|\n|win|Psyducks in 6\n|raw|chiitancrazymascot's rating: 1782 &rarr; <strong>1758<\/strong><br \/>(-24 for losing)\n|raw|Psyducks in 6's rating: 1705 &rarr; <strong>1729<\/strong><br \/>(+24 for winning)\n|l|\u2606chiitancrazymascot\n|player|p1|\n|l| Bohoennian\n","uploadtime":1730055510,"views":19,"formatid":"gen9vgc2024regh","rating":1729,"private":0,"password":null}