{"id":"gen9vgc2024regh-2232721729","format":"[Gen 9] VGC 2024 Reg H","players":["UzbekistanGG","jhyjhyt"],"log":"|j|\u2606UzbekistanGG\n|j|\u2606jhyjhyt\n|t:|1730136405\n|gametype|doubles\n|player|p1|UzbekistanGG|burglar-gen2|1664\n|player|p2|jhyjhyt|266|1742\n|teamsize|p1|6\n|teamsize|p2|6\n|gen|9\n|tier|[Gen 9] VGC 2024 Reg H\n|rated|\n|rule|Species Clause: Limit one of each Pok\u00e9mon\n|rule|Item Clause: Limit 1 of each item\n|clearpoke\n|poke|p1|Garchomp, L50, M|\n|poke|p1|Weezing-Galar, L50, M|\n|poke|p1|Archaludon, L50, M|\n|poke|p1|Slaking, L50, M|\n|poke|p1|Gholdengo, L50|\n|poke|p1|Talonflame, L50, F|\n|poke|p2|Dondozo, L50, F|\n|poke|p2|Tatsugiri, L50, F|\n|poke|p2|Pelipper, L50, M|\n|poke|p2|Archaludon, L50, F|\n|poke|p2|Amoonguss, L50, F|\n|poke|p2|Murkrow, L50, F|\n|teampreview|4\n|inactive|Battle timer is ON: inactive players will automatically lose when time's up. (requested by UzbekistanGG)\n|inactive|UzbekistanGG has 60 seconds left.\n|\n|t:|1730136441\n|start\n|switch|p1a: Weezing|Weezing-Galar, L50, M|100\/100\n|switch|p1b: Garchomp|Garchomp, L50, M|100\/100\n|switch|p2a: Archaludon|Archaludon, L50, F|100\/100\n|switch|p2b: Murkrow|Murkrow, L50, F|100\/100\n|-ability|p1a: Weezing|Neutralizing Gas\n|turn|1\n|inactive|UzbekistanGG has 30 seconds left.\n|inactive|jhyjhyt has 30 seconds left.\n|inactive|jhyjhyt has 20 seconds left.\n|\n|t:|1730136479\n|-terastallize|p2a: Archaludon|Grass\n|-terastallize|p1a: Weezing|Flying\n|move|p1b: Garchomp|Earthquake|p2b: Murkrow|[spread] p2a\n|-immune|p1a: Weezing\n|-immune|p2b: Murkrow\n|-resisted|p2a: Archaludon\n|-damage|p2a: Archaludon|84\/100\n|-damage|p1b: Garchomp|91\/100|[from] item: Life Orb\n|move|p2b: Murkrow|Tailwind|p2b: Murkrow\n|-sidestart|p2: jhyjhyt|move: Tailwind\n|move|p2a: Archaludon|Draco Meteor|p1b: Garchomp\n|-supereffective|p1b: Garchomp\n|-damage|p1b: Garchomp|0 fnt\n|-unboost|p2a: Archaludon|spa|2\n|faint|p1b: Garchomp\n|move|p1a: Weezing|Taunt|p2b: Murkrow\n|-start|p2b: Murkrow|move: Taunt\n|\n|upkeep\n|\n|t:|1730136502\n|switch|p1b: Gholdengo|Gholdengo, L50|100\/100\n|turn|2\n|\n|t:|1730136520\n|switch|p2b: Tatsugiri|Tatsugiri, L50, F|100\/100\n|switch|p2a: Dondozo|Dondozo, L50, F|100\/100\n|move|p1b: Gholdengo|Make It Rain|p2b: Tatsugiri|[spread] p2a,p2b\n|-resisted|p2a: Dondozo\n|-resisted|p2b: Tatsugiri\n|-damage|p2a: Dondozo|53\/100\n|-damage|p2b: Tatsugiri|52\/100\n|-unboost|p1b: Gholdengo|spa|1\n|move|p1a: Weezing|Sludge Bomb|p2a: Dondozo\n|-damage|p2a: Dondozo|21\/100\n|\n|upkeep\n|turn|3\n|inactive|jhyjhyt has 30 seconds left.\n|\n|t:|1730136547\n|move|p2b: Tatsugiri|Draco Meteor|p1a: Weezing|[miss]\n|-miss|p2b: Tatsugiri|p1a: Weezing\n|move|p2a: Dondozo|Wave Crash|p1a: Weezing\n|-damage|p1a: Weezing|66\/100\n|-damage|p2a: Dondozo|13\/100|[from] Recoil\n|move|p1b: Gholdengo|Make It Rain|p2b: Tatsugiri|[spread] p2a,p2b\n|-resisted|p2a: Dondozo\n|-resisted|p2b: Tatsugiri\n|-damage|p2a: Dondozo|0 fnt\n|-damage|p2b: Tatsugiri|17\/100\n|-unboost|p1b: Gholdengo|spa|1\n|faint|p2a: Dondozo\n|move|p1a: Weezing|Sludge Bomb|p2b: Tatsugiri\n|-damage|p2b: Tatsugiri|0 fnt\n|faint|p2b: Tatsugiri\n|\n|upkeep\n|\n|t:|1730136563\n|switch|p2b: Murkrow|Murkrow, L50, F|100\/100\n|switch|p2a: Archaludon|Archaludon, L50, F, tera:Grass|84\/100\n|turn|4\n|\n|t:|1730136585\n|move|p1a: Weezing|Protect|p1a: Weezing\n|-singleturn|p1a: Weezing|Protect\n|move|p2b: Murkrow|Foul Play|p1b: Gholdengo\n|-supereffective|p1b: Gholdengo\n|-damage|p1b: Gholdengo|56\/100\n|move|p2a: Archaludon|Flash Cannon|p1a: Weezing\n|-activate|p1a: Weezing|move: Protect\n|move|p1b: Gholdengo|Make It Rain|p2a: Archaludon|[spread] p2a,p2b\n|-damage|p2a: Archaludon|50\/100\n|-damage|p2b: Murkrow|64\/100\n|-unboost|p1b: Gholdengo|spa|1\n|\n|-sideend|p2: jhyjhyt|move: Tailwind\n|upkeep\n|turn|5\n|inactive|jhyjhyt has 30 seconds left.\n|\n|t:|1730136616\n|switch|p1b: Archaludon|Archaludon, L50, M|100\/100\n|move|p2b: Murkrow|Foul Play|p1b: Archaludon\n|-damage|p1b: Archaludon|79\/100\n|move|p2a: Archaludon|Flash Cannon|p1b: Archaludon\n|-resisted|p1b: Archaludon\n|-damage|p1b: Archaludon|50\/100\n|move|p1a: Weezing|Sludge Bomb|p2a: Archaludon\n|-supereffective|p2a: Archaludon\n|-damage|p2a: Archaludon|2\/100\n|\n|upkeep\n|turn|6\n|\n|t:|1730136637\n|move|p1b: Archaludon|Protect|p1b: Archaludon\n|-singleturn|p1b: Archaludon|Protect\n|move|p2b: Murkrow|Foul Play|p1b: Archaludon\n|-activate|p1b: Archaludon|move: Protect\n|move|p2a: Archaludon|Body Press|p1b: Archaludon\n|-activate|p1b: Archaludon|move: Protect\n|move|p1a: Weezing|Sludge Bomb|p2a: Archaludon\n|-supereffective|p2a: Archaludon\n|-crit|p2a: Archaludon\n|-damage|p2a: Archaludon|0 fnt\n|faint|p2a: Archaludon\n|\n|upkeep\n|turn|7\n|-message|jhyjhyt forfeited.\n|\n|win|UzbekistanGG\n|raw|UzbekistanGG's rating: 1664 &rarr; <strong>1688<\/strong><br \/>(+24 for winning)\n|raw|jhyjhyt's rating: 1742 &rarr; <strong>1718<\/strong><br \/>(-24 for losing)\n|l|\u2606jhyjhyt\n|player|p2|\n","uploadtime":1730136826,"views":13,"formatid":"gen9vgc2024regh","rating":1688,"private":0,"password":null}