{"id":"gen9vgc2024regh-2232293474","format":"[Gen 9] VGC 2024 Reg H","players":["localdealerr","fhydx"],"log":"|j|\u2606localdealerr\n|j|\u2606fhydx\n|t:|1730079451\n|gametype|doubles\n|player|p1|localdealerr|169|1684\n|player|p2|fhydx|lyra|1725\n|teamsize|p1|6\n|teamsize|p2|6\n|gen|9\n|tier|[Gen 9] VGC 2024 Reg H\n|rated|\n|rule|Species Clause: Limit one of each Pok\u00e9mon\n|rule|Item Clause: Limit 1 of each item\n|clearpoke\n|poke|p1|Decidueye-Hisui, L50, M|\n|poke|p1|Garchomp, L50, M|\n|poke|p1|Weezing-Galar, L50, M|\n|poke|p1|Ninetales-Alola, L50, F|\n|poke|p1|Incineroar, L50, M|\n|poke|p1|Dragonite, L50, F|\n|poke|p2|Gholdengo, L50|\n|poke|p2|Dragonite, L50, M|\n|poke|p2|Whimsicott, L50, M|\n|poke|p2|Kingambit, L50, M|\n|poke|p2|Annihilape, L50, F|\n|poke|p2|Maushold, L50|\n|teampreview|4\n|inactive|Battle timer is ON: inactive players will automatically lose when time's up. (requested by fhydx)\n|\n|t:|1730079525\n|start\n|switch|p1a: Ronin|Decidueye-Hisui, L50, M, shiny|100\/100\n|switch|p1b: Terriflying|Dragonite, L50, F, shiny|100\/100\n|switch|p2a: Gholdengo|Gholdengo, L50|100\/100\n|switch|p2b: Kingambit|Kingambit, L50, M|100\/100\n|turn|1\n|inactive|fhydx has 30 seconds left.\n|\n|t:|1730079554\n|-terastallize|p2b: Kingambit|Flying\n|move|p2b: Kingambit|Sucker Punch|p1a: Ronin\n|-resisted|p1a: Ronin\n|-damage|p1a: Ronin|79\/100\n|move|p2a: Gholdengo|Make It Rain|p1a: Ronin|[spread] p1a,p1b\n|-damage|p1a: Ronin|50\/100\n|-damage|p1b: Terriflying|45\/100\n|-unboost|p2a: Gholdengo|spa|1\n|move|p1b: Terriflying|Tailwind|p1b: Terriflying\n|-sidestart|p1: localdealerr|move: Tailwind\n|move|p1a: Ronin|Triple Arrows|p2a: Gholdengo\n|-supereffective|p2a: Gholdengo\n|-crit|p2a: Gholdengo\n|-damage|p2a: Gholdengo|0 fnt\n|faint|p2a: Gholdengo\n|\n|upkeep\n|\n|t:|1730079573\n|switch|p2a: Dragonite|Dragonite, L50, M|100\/100\n|turn|2\n|inactive|localdealerr has 30 seconds left.\n|inactive|localdealerr has 20 seconds left.\n|\n|t:|1730079612\n|move|p2a: Dragonite|Protect|p2a: Dragonite\n|-singleturn|p2a: Dragonite|Protect\n|move|p1b: Terriflying|Extreme Speed|p2b: Kingambit\n|-damage|p2b: Kingambit|77\/100\n|move|p1a: Ronin|Shadow Sneak|p2a: Dragonite\n|-activate|p2a: Dragonite|move: Protect\n|move|p2b: Kingambit|Kowtow Cleave|p1a: Ronin\n|-resisted|p1a: Ronin\n|-damage|p1a: Ronin|23\/100\n|\n|upkeep\n|turn|3\n|\n|t:|1730079637\n|move|p1b: Terriflying|Extreme Speed|p2a: Dragonite\n|-damage|p2a: Dragonite|84\/100\n|move|p2a: Dragonite|Extreme Speed|p1a: Ronin\n|-damage|p1a: Ronin|0 fnt\n|faint|p1a: Ronin\n|move|p2b: Kingambit|Kowtow Cleave|p1b: Terriflying\n|-damage|p1b: Terriflying|0 fnt\n|faint|p1b: Terriflying\n|\n|upkeep\n|\n|t:|1730079643\n|switch|p1b: RKO|Incineroar, L50, M, shiny|100\/100\n|switch|p1a: Tomahawk|Garchomp, L50, M, shiny|100\/100\n|-ability|p1b: RKO|Intimidate|boost\n|-unboost|p2a: Dragonite|atk|1\n|-unboost|p2b: Kingambit|atk|1\n|-ability|p2b: Kingambit|Defiant|boost\n|-boost|p2b: Kingambit|atk|2\n|turn|4\n|inactive|fhydx has 30 seconds left.\n|\n|t:|1730079669\n|move|p1b: RKO|Fake Out|p2a: Dragonite\n|-damage|p2a: Dragonite|74\/100\n|move|p2b: Kingambit|Sucker Punch|p1a: Tomahawk\n|-damage|p1a: Tomahawk|40\/100\n|-damage|p2b: Kingambit|65\/100|[from] ability: Rough Skin|[of] p1a: Tomahawk\n|move|p1a: Tomahawk|Dragon Claw|p2b: Kingambit\n|-damage|p2b: Kingambit|21\/100\n|-damage|p1a: Tomahawk|30\/100|[from] item: Life Orb\n|cant|p2a: Dragonite|flinch\n|\n|-sideend|p1: localdealerr|move: Tailwind\n|upkeep\n|turn|5\n|\n|t:|1730079690\n|move|p1a: Tomahawk|Protect|p1a: Tomahawk\n|-singleturn|p1a: Tomahawk|Protect\n|move|p2a: Dragonite|Scale Shot|p1b: RKO\n|-damage|p1b: RKO|93\/100\n|-damage|p1b: RKO|85\/100\n|-damage|p1b: RKO|78\/100\n|-damage|p1b: RKO|70\/100\n|-damage|p1b: RKO|62\/100\n|-hitcount|p1b: RKO|5\n|-unboost|p2a: Dragonite|def|1\n|-boost|p2a: Dragonite|spe|1\n|move|p2b: Kingambit|Low Kick|p1b: RKO\n|-supereffective|p1b: RKO\n|-damage|p1b: RKO|0 fnt\n|faint|p1b: RKO\n|\n|upkeep\n|turn|6\n|-message|localdealerr forfeited.\n|\n|win|fhydx\n|raw|localdealerr's rating: 1684 &rarr; <strong>1666<\/strong><br \/>(-18 for losing)\n|raw|fhydx's rating: 1725 &rarr; <strong>1743<\/strong><br \/>(+18 for winning)\n|l|\u2606localdealerr\n|player|p1|\n|l|\u2606fhydx\n|player|p2|\n","uploadtime":1730079927,"views":16,"formatid":"gen9vgc2024regh","rating":1666,"private":0,"password":null}