{"id":"gen9vgc2024regh-2232790631","format":"[Gen 9] VGC 2024 Reg H","players":["preti bigtoo","bwahacough"],"log":"|j|\u2606preti bigtoo\n|j|\u2606bwahacough\n|t:|1730142238\n|gametype|doubles\n|player|p1|preti bigtoo|102|1700\n|player|p2|bwahacough|medium|1755\n|teamsize|p1|6\n|teamsize|p2|6\n|gen|9\n|tier|[Gen 9] VGC 2024 Reg H\n|rated|\n|rule|Species Clause: Limit one of each Pok\u00e9mon\n|rule|Item Clause: Limit 1 of each item\n|clearpoke\n|poke|p1|Kingambit, L50, F|\n|poke|p1|Tatsugiri, L50, F|\n|poke|p1|Rillaboom, L50, M|\n|poke|p1|Ninetales-Alola, L50, F|\n|poke|p1|Dondozo, L50, M|\n|poke|p1|Sneasler, L50, F|\n|poke|p2|Lycanroc, L50, F|\n|poke|p2|Tyranitar, L50, F|\n|poke|p2|Indeedee-F, L50, F|\n|poke|p2|Sneasler, L50, F|\n|poke|p2|Delphox, L50, M|\n|poke|p2|Murkrow, L50, F|\n|teampreview|4\n|\n|t:|1730142255\n|start\n|switch|p1a: Sneasler|Sneasler, L50, F|100\/100\n|switch|p1b: Dondozo|Dondozo, L50, M|100\/100\n|switch|p2a: Delphox|Delphox, L50, M, shiny|100\/100\n|switch|p2b: Sneasler|Sneasler, L50, F, shiny|100\/100\n|turn|1\n|\n|t:|1730142272\n|switch|p2b: Indeedee|Indeedee-F, L50, F, shiny|100\/100\n|-fieldstart|move: Psychic Terrain|[from] ability: Psychic Surge|[of] p2b: Indeedee\n|move|p1b: Dondozo|Protect|p1b: Dondozo\n|-singleturn|p1b: Dondozo|Protect\n|move|p1a: Sneasler|Coaching|p1b: Dondozo\n|-boost|p1b: Dondozo|atk|1\n|-boost|p1b: Dondozo|def|1\n|move|p2a: Delphox|Expanding Force|p1b: Dondozo|[spread] p1a\n|-activate|p1b: Dondozo|move: Protect\n|-supereffective|p1a: Sneasler\n|-enditem|p1a: Sneasler|Focus Sash\n|-damage|p1a: Sneasler|1\/100\n|\n|upkeep\n|turn|2\n|\n|t:|1730142309\n|-terastallize|p1b: Dondozo|Steel\n|move|p2b: Indeedee|Follow Me|p2b: Indeedee\n|-singleturn|p2b: Indeedee|move: Follow Me\n|move|p1a: Sneasler|Coaching|p1b: Dondozo\n|-boost|p1b: Dondozo|atk|1\n|-boost|p1b: Dondozo|def|1\n|move|p2a: Delphox|Expanding Force|p1b: Dondozo|[spread] p1a,p1b\n|-supereffective|p1a: Sneasler\n|-resisted|p1b: Dondozo\n|-damage|p1a: Sneasler|0 fnt\n|-damage|p1b: Dondozo|64\/100\n|faint|p1a: Sneasler\n|move|p1b: Dondozo|Wave Crash|p2b: Indeedee\n|-damage|p2b: Indeedee|2\/100\n|-enditem|p2b: Indeedee|Sitrus Berry|[eat]\n|-heal|p2b: Indeedee|27\/100|[from] item: Sitrus Berry\n|-damage|p1b: Dondozo|39\/100|[from] Recoil\n|\n|-heal|p1b: Dondozo|45\/100|[from] item: Leftovers\n|upkeep\n|\n|t:|1730142328\n|switch|p1a: Ninetales|Ninetales-Alola, L50, F|100\/100\n|-weather|Snow|[from] ability: Snow Warning|[of] p1a: Ninetales\n|turn|3\n|\n|t:|1730142334\n|move|p2b: Indeedee|Protect|p2b: Indeedee\n|-singleturn|p2b: Indeedee|Protect\n|move|p1b: Dondozo|Protect|p1b: Dondozo\n|-singleturn|p1b: Dondozo|Protect\n|move|p1a: Ninetales|Blizzard|p2b: Indeedee|[spread] p2a\n|-activate|p2b: Indeedee|move: Protect\n|-resisted|p2a: Delphox\n|-damage|p2a: Delphox|72\/100\n|move|p2a: Delphox|Expanding Force|p1b: Dondozo|[spread] p1a\n|-activate|p1b: Dondozo|move: Protect\n|-damage|p1a: Ninetales|0 fnt\n|faint|p1a: Ninetales\n|\n|-weather|Snow|[upkeep]\n|-heal|p1b: Dondozo|51\/100|[from] item: Leftovers\n|upkeep\n|\n|t:|1730142350\n|switch|p1a: Tatsugiri|Tatsugiri, L50, F|100\/100\n|-activate|p1a: Tatsugiri|ability: Commander|[of] p1b: Dondozo\n|-boost|p1b: Dondozo|atk|2\n|-boost|p1b: Dondozo|spa|2\n|-boost|p1b: Dondozo|spe|2\n|-boost|p1b: Dondozo|def|2\n|-boost|p1b: Dondozo|spd|2\n|turn|4\n|\n|t:|1730142370\n|move|p2b: Indeedee|Follow Me|p2b: Indeedee\n|-singleturn|p2b: Indeedee|move: Follow Me\n|move|p2a: Delphox|Expanding Force|p1a: Tatsugiri|[spread] p1b\n|-miss|p2a: Delphox|p1a: Tatsugiri\n|-resisted|p1b: Dondozo\n|-damage|p1b: Dondozo|33\/100\n|move|p1b: Dondozo|Heavy Slam|p2b: Indeedee\n|-damage|p2b: Indeedee|0 fnt\n|faint|p2b: Indeedee\n|\n|-weather|Snow|[upkeep]\n|-heal|p1b: Dondozo|40\/100|[from] item: Leftovers\n|upkeep\n|\n|t:|1730142372\n|switch|p2b: Murkrow|Murkrow, L50, F, shiny|100\/100\n|turn|5\n|\n|t:|1730142386\n|switch|p2a: Sneasler|Sneasler, L50, F, shiny|100\/100\n|-enditem|p2a: Sneasler|Psychic Seed\n|-boost|p2a: Sneasler|spd|1|[from] item: Psychic Seed\n|move|p2b: Murkrow|Haze|p2b: Murkrow\n|-clearallboost\n|move|p1b: Dondozo|Wave Crash|p2a: Sneasler\n|-damage|p2a: Sneasler|32\/100\n|-damage|p1b: Dondozo|22\/100|[from] Recoil\n|\n|-weather|Snow|[upkeep]\n|-heal|p1b: Dondozo|28\/100|[from] item: Leftovers\n|-fieldend|move: Psychic Terrain\n|upkeep\n|turn|6\n|-message|preti bigtoo forfeited.\n|\n|win|bwahacough\n|raw|preti bigtoo's rating: 1700 &rarr; <strong>1684<\/strong><br \/>(-16 for losing)\n|raw|bwahacough's rating: 1776 &rarr; <strong>1792<\/strong><br \/>(+16 for winning)\n|l|\u2606preti bigtoo\n|player|p1|\n|l|\u2606bwahacough\n|player|p2|\n","uploadtime":1730142582,"views":35,"formatid":"gen9vgc2024regh","rating":1684,"private":0,"password":null}