{"id":"gen9vgc2024regh-2232419815","format":"[Gen 9] VGC 2024 Reg H","players":["cyy0129","ren122333"],"log":"|j|\u2606cyy0129\n|j|\u2606ren122333\n|t:|1730100054\n|gametype|doubles\n|player|p1|cyy0129|102|1682\n|player|p2|ren122333|hilbert|1711\n|teamsize|p1|6\n|teamsize|p2|6\n|gen|9\n|tier|[Gen 9] VGC 2024 Reg H\n|rated|\n|rule|Species Clause: Limit one of each Pok\u00e9mon\n|rule|Item Clause: Limit 1 of each item\n|clearpoke\n|poke|p1|Incineroar, L50, F|\n|poke|p1|Rillaboom, L50, F|\n|poke|p1|Primarina, L50, F|\n|poke|p1|Sneasler, L50, M|\n|poke|p1|Baxcalibur, L50, F|\n|poke|p1|Gholdengo, L50|\n|poke|p2|Whimsicott, L50, M|\n|poke|p2|Mamoswine, L50, F|\n|poke|p2|Lycanroc-Dusk, L50, F|\n|poke|p2|Typhlosion-Hisui, L50, M|\n|poke|p2|Farigiraf, L50, F|\n|poke|p2|Mienshao, L50, F|\n|teampreview|4\n|inactive|Battle timer is ON: inactive players will automatically lose when time's up. (requested by cyy0129)\ncyy0129 rejected open team sheets.\n|j| ChickenZX\n|inactive|cyy0129 has 60 seconds left.\n|\n|t:|1730100098\n|start\n|switch|p1a: Baxcalibur|Baxcalibur, L50, F|100\/100\n|switch|p1b: Gholdengo|Gholdengo, L50|100\/100\n|switch|p2a: Whimsicott|Whimsicott, L50, M|100\/100\n|switch|p2b: Mamoswine|Mamoswine, L50, F|100\/100\n|turn|1\n|\n|t:|1730100112\n|move|p2a: Whimsicott|Tailwind|p2a: Whimsicott\n|-sidestart|p2: ren122333|move: Tailwind\n|move|p1a: Baxcalibur|Ice Shard|p2b: Mamoswine\n|-damage|p2b: Mamoswine|73\/100\n|move|p2b: Mamoswine|High Horsepower|p1b: Gholdengo\n|-supereffective|p1b: Gholdengo\n|-damage|p1b: Gholdengo|0 fnt\n|faint|p1b: Gholdengo\n|\n|upkeep\n|\n|t:|1730100120\n|switch|p1b: Incineroar|Incineroar, L50, F|100\/100\n|-ability|p1b: Incineroar|Intimidate|boost\n|-unboost|p2a: Whimsicott|atk|1\n|-fail|p2b: Mamoswine|unboost|Attack|[from] ability: Oblivious|[of] p2b: Mamoswine\n|turn|2\n|\n|t:|1730100135\n|move|p1b: Incineroar|Fake Out|p2a: Whimsicott\n|-damage|p2a: Whimsicott|83\/100\n|cant|p2a: Whimsicott|flinch\n|move|p2b: Mamoswine|High Horsepower|p1b: Incineroar\n|-supereffective|p1b: Incineroar\n|-damage|p1b: Incineroar|0 fnt\n|faint|p1b: Incineroar\n|move|p1a: Baxcalibur|Icicle Spear|p2b: Mamoswine\n|-damage|p2b: Mamoswine|58\/100\n|-damage|p2b: Mamoswine|41\/100\n|-damage|p2b: Mamoswine|25\/100\n|-damage|p2b: Mamoswine|9\/100\n|-damage|p2b: Mamoswine|0 fnt\n|faint|p2b: Mamoswine\n|-hitcount|p2: Mamoswine|5\n|\n|upkeep\n|\n|t:|1730100152\n|switch|p2b: Mienshao|Mienshao, L50, F|100\/100\n|switch|p1b: Primarina|Primarina, L50, F, shiny|100\/100\n|turn|3\n|j| Xunyicaoawa\n|\n|t:|1730100160\n|-terastallize|p2b: Mienshao|Dark\n|-terastallize|p1a: Baxcalibur|Ghost\n|move|p2a: Whimsicott|Sunny Day|p2a: Whimsicott\n|-weather|SunnyDay\n|move|p2b: Mienshao|Knock Off|p1a: Baxcalibur\n|-supereffective|p1a: Baxcalibur\n|-damage|p1a: Baxcalibur|0 fnt\n|-enditem|p1a: Baxcalibur|Loaded Dice|[from] move: Knock Off|[of] p2b: Mienshao\n|faint|p1a: Baxcalibur\n|-damage|p2b: Mienshao|90\/100|[from] item: Life Orb\n|move|p1b: Primarina|Hyper Voice|p2b: Mienshao|[spread] p2a,p2b\n|-resisted|p2a: Whimsicott\n|-damage|p2a: Whimsicott|70\/100\n|-damage|p2b: Mienshao|58\/100\n|-enditem|p1b: Primarina|Throat Spray\n|-boost|p1b: Primarina|spa|1|[from] item: Throat Spray\n|\n|-weather|SunnyDay|[upkeep]\n|upkeep\n|turn|4\n|\n|t:|1730100179\n|move|p2a: Whimsicott|Moonblast|p1b: Primarina\n|-damage|p1b: Primarina|72\/100\n|move|p2b: Mienshao|Close Combat|p1b: Primarina\n|-resisted|p1b: Primarina\n|-damage|p1b: Primarina|28\/100\n|-unboost|p2b: Mienshao|def|1\n|-unboost|p2b: Mienshao|spd|1\n|-damage|p2b: Mienshao|48\/100|[from] item: Life Orb\n|move|p1b: Primarina|Moonblast|p2b: Mienshao\n|-supereffective|p2b: Mienshao\n|-damage|p2b: Mienshao|0 fnt\n|faint|p2b: Mienshao\n|\n|-weather|SunnyDay|[upkeep]\n|-sideend|p2: ren122333|move: Tailwind\n|upkeep\n|\n|t:|1730100184\n|switch|p2b: Typhlosion|Typhlosion-Hisui, L50, M|100\/100\n|turn|5\n|\n|t:|1730100195\n|move|p2a: Whimsicott|Moonblast|p1b: Primarina\n|-damage|p1b: Primarina|0 fnt\n|faint|p1b: Primarina\n|\n|win|ren122333\n|raw|cyy0129's rating: 1682 &rarr; <strong>1664<\/strong><br \/>(-18 for losing)\n|raw|ren122333's rating: 1711 &rarr; <strong>1729<\/strong><br \/>(+18 for winning)\n|l|\u2606ren122333\n|player|p2|\n|l| ChickenZX\n|l|\u2606cyy0129\n|player|p1|\n","uploadtime":1730100422,"views":16,"formatid":"gen9vgc2024regh","rating":1664,"private":0,"password":null}