{"id":"gen9vgc2024regh-2232065119","format":"[Gen 9] VGC 2024 Reg H","players":["bwahacough","Psyducks in 6"],"log":"|j|\u2606bwahacough\n|j|\u2606Psyducks in 6\n|t:|1730052662\n|gametype|doubles\n|player|p1|bwahacough|medium|1750\n|player|p2|Psyducks in 6|hiker-gen4|1715\n|teamsize|p1|6\n|teamsize|p2|6\n|gen|9\n|tier|[Gen 9] VGC 2024 Reg H\n|rated|\n|rule|Species Clause: Limit one of each Pok\u00e9mon\n|rule|Item Clause: Limit 1 of each item\n|clearpoke\n|poke|p1|Lycanroc, L50, M|\n|poke|p1|Tyranitar, L50, M|\n|poke|p1|Indeedee-F, L50, F|\n|poke|p1|Sneasler, L50, F|\n|poke|p1|Gardevoir, L50, M|\n|poke|p1|Murkrow, L50, F|\n|poke|p2|Annihilape, L50, M|\n|poke|p2|Garchomp, L50, M|\n|poke|p2|Corviknight, L50, M|\n|poke|p2|Clefable, L50, F|\n|poke|p2|Gholdengo, L50|\n|poke|p2|Incineroar, L50, F|\n|teampreview|4\n|\n|t:|1730052703\n|start\n|switch|p1a: Gardevoir|Gardevoir, L50, M, shiny|100\/100\n|switch|p1b: Indeedee|Indeedee-F, L50, F, shiny|100\/100\n|switch|p2a: Annihilape|Annihilape, L50, M|100\/100\n|switch|p2b: Garchomp|Garchomp, L50, M|100\/100\n|-ability|p1a: Gardevoir|Rough Skin|[from] ability: Trace|[of] p2b: Garchomp\n|-fieldstart|move: Psychic Terrain|[from] ability: Psychic Surge|[of] p1b: Indeedee\n|turn|1\n|\n|t:|1730052721\n|-terastallize|p2b: Garchomp|Steel\n|move|p1a: Gardevoir|Protect|p1a: Gardevoir\n|-singleturn|p1a: Gardevoir|Protect\n|move|p1b: Indeedee|Protect|p1b: Indeedee\n|-singleturn|p1b: Indeedee|Protect\n|move|p2a: Annihilape|U-turn|p1a: Gardevoir\n|-activate|p1a: Gardevoir|move: Protect\n|move|p2b: Garchomp|Earthquake|p1b: Indeedee|[spread] p2a\n|-activate|p1a: Gardevoir|move: Protect\n|-activate|p1b: Indeedee|move: Protect\n|-crit|p2a: Annihilape\n|-damage|p2a: Annihilape|34\/100\n|-damage|p2b: Garchomp|91\/100|[from] item: Life Orb\n|\n|upkeep\n|turn|2\n|\n|t:|1730052747\n|move|p1b: Indeedee|Follow Me|p1b: Indeedee\n|-singleturn|p1b: Indeedee|move: Follow Me\n|move|p2a: Annihilape|U-turn|p1b: Indeedee\n|-supereffective|p1b: Indeedee\n|-damage|p1b: Indeedee|63\/100\n|\n|t:|1730052751\n|switch|p2a: Corviknight|Corviknight, L50, M|100\/100|[from] U-turn\n|move|p2b: Garchomp|Earthquake|p1a: Gardevoir|[spread] p1a,p1b\n|-immune|p2a: Corviknight\n|-damage|p1a: Gardevoir|7\/100\n|-damage|p1b: Indeedee|12\/100\n|-enditem|p1b: Indeedee|Sitrus Berry|[eat]\n|-heal|p1b: Indeedee|37\/100|[from] item: Sitrus Berry\n|-damage|p2b: Garchomp|81\/100|[from] item: Life Orb\n|move|p1a: Gardevoir|Expanding Force|p2a: Corviknight|[spread] p2a,p2b\n|-resisted|p2a: Corviknight\n|-resisted|p2b: Garchomp\n|-damage|p2a: Corviknight|79\/100\n|-damage|p2b: Garchomp|48\/100\n|\n|upkeep\n|turn|3\n|\n|t:|1730052765\n|move|p1b: Indeedee|Protect|p1b: Indeedee\n|-singleturn|p1b: Indeedee|Protect\n|move|p2b: Garchomp|Earthquake|p1b: Indeedee|[spread] p1a\n|-activate|p1b: Indeedee|move: Protect\n|-immune|p2a: Corviknight\n|-damage|p1a: Gardevoir|0 fnt\n|faint|p1a: Gardevoir\n|-damage|p2b: Garchomp|39\/100|[from] item: Life Orb\n|move|p2a: Corviknight|Tailwind|p2a: Corviknight\n|-sidestart|p2: Psyducks in 6|move: Tailwind\n|\n|upkeep\n|\n|t:|1730052767\n|switch|p1a: Lycanroc|Lycanroc, L50, M|100\/100\n|turn|4\n|\n|t:|1730052778\n|move|p1a: Lycanroc|Protect|p1a: Lycanroc\n|-singleturn|p1a: Lycanroc|Protect\n|move|p2b: Garchomp|Earthquake|p1b: Indeedee|[spread] p1b\n|-activate|p1a: Lycanroc|move: Protect\n|-immune|p2a: Corviknight\n|-damage|p1b: Indeedee|0 fnt\n|faint|p1b: Indeedee\n|-damage|p2b: Garchomp|29\/100|[from] item: Life Orb\n|move|p2a: Corviknight|Body Press|p1a: Lycanroc\n|-activate|p1a: Lycanroc|move: Protect\n|\n|upkeep\n|\n|t:|1730052780\n|switch|p1b: Tyranitar|Tyranitar, L50, M|100\/100\n|-weather|Sandstorm|[from] ability: Sand Stream|[of] p1b: Tyranitar\n|turn|5\n|\n|t:|1730052790\n|switch|p2a: jiji|Incineroar, L50, F|100\/100\n|-ability|p2a: jiji|Intimidate|boost\n|-unboost|p1a: Lycanroc|atk|1\n|-fail|p1b: Tyranitar|unboost|[from] item: Clear Amulet|[of] p1b: Tyranitar\n|-terastallize|p1b: Tyranitar|Flying\n|move|p2b: Garchomp|Protect|p2b: Garchomp\n|-singleturn|p2b: Garchomp|Protect\n|move|p1a: Lycanroc|Rock Slide|p2b: Garchomp|[spread] p2a\n|-activate|p2b: Garchomp|move: Protect\n|-supereffective|p2a: jiji\n|-damage|p2a: jiji|70\/100\n|move|p1b: Tyranitar|Rock Slide|p2b: Garchomp|[spread] p2a\n|-activate|p2b: Garchomp|move: Protect\n|-supereffective|p2a: jiji\n|-damage|p2a: jiji|16\/100\n|\n|-weather|Sandstorm|[upkeep]\n|-damage|p2a: jiji|10\/100|[from] Sandstorm\n|-damage|p1b: Tyranitar|95\/100|[from] Sandstorm\n|-fieldend|move: Psychic Terrain\n|upkeep\n|turn|6\n|j| Bohoennian\n|\n|t:|1730052824\n|move|p1a: Lycanroc|Protect|p1a: Lycanroc\n|-singleturn|p1a: Lycanroc|Protect\n|move|p2a: jiji|Fake Out|p1a: Lycanroc\n|-activate|p1a: Lycanroc|move: Protect\n|move|p2b: Garchomp|Rock Slide|p1a: Lycanroc|[spread] p1b\n|-activate|p1a: Lycanroc|move: Protect\n|-supereffective|p1b: Tyranitar\n|-damage|p1b: Tyranitar|52\/100\n|-damage|p2b: Garchomp|19\/100|[from] item: Life Orb\n|cant|p1b: Tyranitar|flinch\n|\n|-weather|Sandstorm|[upkeep]\n|-damage|p2a: jiji|4\/100|[from] Sandstorm\n|-damage|p1b: Tyranitar|46\/100|[from] Sandstorm\n|-sideend|p2: Psyducks in 6|move: Tailwind\n|upkeep\n|turn|7\n|\n|t:|1730052838\n|move|p2b: Garchomp|Protect|p2b: Garchomp\n|-singleturn|p2b: Garchomp|Protect\n|move|p1a: Lycanroc|Rock Slide|p2b: Garchomp|[spread] \n|-activate|p2b: Garchomp|move: Protect\n|-miss|p1a: Lycanroc|p2a: jiji\n|move|p2a: jiji|U-turn|p1a: Lycanroc\n|-damage|p1a: Lycanroc|69\/100\n|\n|t:|1730052846\n|switch|p2a: Corviknight|Corviknight, L50, M|79\/100|[from] U-turn\n|move|p1b: Tyranitar|Knock Off|p2b: Garchomp\n|-activate|p2b: Garchomp|move: Protect\n|\n|-weather|Sandstorm|[upkeep]\n|-damage|p1b: Tyranitar|41\/100|[from] Sandstorm\n|upkeep\n|turn|8\n|\n|t:|1730052854\n|switch|p2b: jiji|Incineroar, L50, F|4\/100\n|-ability|p2b: jiji|Intimidate|boost\n|-unboost|p1a: Lycanroc|atk|1\n|-fail|p1b: Tyranitar|unboost|[from] item: Clear Amulet|[of] p1b: Tyranitar\n|move|p1a: Lycanroc|Close Combat|p2b: jiji\n|-supereffective|p2b: jiji\n|-damage|p2b: jiji|0 fnt\n|-unboost|p1a: Lycanroc|def|1\n|-unboost|p1a: Lycanroc|spd|1\n|faint|p2b: jiji\n|move|p2a: Corviknight|Roost|p2a: Corviknight\n|-heal|p2a: Corviknight|100\/100\n|-singleturn|p2a: Corviknight|move: Roost\n|move|p1b: Tyranitar|Knock Off|p2a: Corviknight\n|-damage|p2a: Corviknight|54\/100\n|-damage|p1b: Tyranitar|24\/100|[from] item: Rocky Helmet|[of] p2a: Corviknight\n|-enditem|p2a: Corviknight|Rocky Helmet|[from] move: Knock Off|[of] p1b: Tyranitar\n|\n|-weather|Sandstorm|[upkeep]\n|-damage|p1b: Tyranitar|18\/100|[from] Sandstorm\n|upkeep\n|\n|t:|1730052876\n|switch|p2b: Garchomp|Garchomp, L50, M, tera:Steel|19\/100\n|turn|9\n|\n|t:|1730052882\n|move|p2b: Garchomp|Protect|p2b: Garchomp\n|-singleturn|p2b: Garchomp|Protect\n|move|p1a: Lycanroc|Rock Slide|p2a: Corviknight|[spread] p2a\n|-activate|p2b: Garchomp|move: Protect\n|-damage|p2a: Corviknight|41\/100\n|move|p2a: Corviknight|Tailwind|p2a: Corviknight\n|-sidestart|p2: Psyducks in 6|move: Tailwind\n|move|p1b: Tyranitar|Knock Off|p2a: Corviknight\n|-crit|p2a: Corviknight\n|-damage|p2a: Corviknight|0 fnt\n|faint|p2a: Corviknight\n|\n|-weather|none\n|upkeep\n|\n|t:|1730052894\n|switch|p2a: Annihilape|Annihilape, L50, M|34\/100\n|turn|10\n|\n|t:|1730052902\n|move|p1a: Lycanroc|Protect|p1a: Lycanroc\n|-singleturn|p1a: Lycanroc|Protect\n|move|p1b: Tyranitar|Protect|p1b: Tyranitar\n|-singleturn|p1b: Tyranitar|Protect\n|move|p2a: Annihilape|Rage Fist|p1b: Tyranitar\n|-activate|p1b: Tyranitar|move: Protect\n|move|p2b: Garchomp|Dragon Claw|p1a: Lycanroc\n|-activate|p1a: Lycanroc|move: Protect\n|\n|upkeep\n|turn|11\n|\n|t:|1730052915\n|move|p2a: Annihilape|Rage Fist|p1b: Tyranitar\n|-damage|p1b: Tyranitar|0 fnt\n|faint|p1b: Tyranitar\n|move|p2b: Garchomp|Dragon Claw|p1a: Lycanroc\n|-damage|p1a: Lycanroc|0 fnt\n|faint|p1a: Lycanroc\n|-damage|p2b: Garchomp|9\/100|[from] item: Life Orb\n|\n|win|Psyducks in 6\n|raw|bwahacough's rating: 1750 &rarr; <strong>1728<\/strong><br \/>(-22 for losing)\n|raw|Psyducks in 6's rating: 1715 &rarr; <strong>1737<\/strong><br \/>(+22 for winning)\n|l|\u2606bwahacough\n|player|p1|\n|l| Bohoennian\n|l|\u2606Psyducks in 6\n|player|p2|\n","uploadtime":1730053146,"views":19,"formatid":"gen9vgc2024regh","rating":1728,"private":0,"password":null}