{"id":"gen9vgc2024regh-2232010311","format":"[Gen 9] VGC 2024 Reg H","players":["htotoT","Cocobeloeil1"],"log":"|j|\u2606htotoT\n|j|\u2606Cocobeloeil1\n|t:|1730046549\n|gametype|doubles\n|player|p1|htotoT|1|1652\n|player|p2|Cocobeloeil1|266|1693\n|teamsize|p1|6\n|teamsize|p2|6\n|gen|9\n|tier|[Gen 9] VGC 2024 Reg H\n|rated|\n|rule|Species Clause: Limit one of each Pok\u00e9mon\n|rule|Item Clause: Limit 1 of each item\n|clearpoke\n|poke|p1|Porygon2, L50|\n|poke|p1|Incineroar, L50, F|\n|poke|p1|Gholdengo, L50|\n|poke|p1|Flamigo, L50, F|\n|poke|p1|Amoonguss, L50, F|\n|poke|p1|Ursaluna, L50, M|\n|poke|p2|Breloom, L50, F|\n|poke|p2|Ursaluna-Bloodmoon, L50, M|\n|poke|p2|Archaludon, L50, F|\n|poke|p2|Politoed, L50, F|\n|poke|p2|Murkrow, L50, M|\n|poke|p2|Dragonite, L50, M|\n|teampreview|4\n|inactive|Battle timer is ON: inactive players will automatically lose when time's up. (requested by htotoT)\n|\n|t:|1730046562\n|start\n|switch|p1a: Porygon2|Porygon2, L50|100\/100\n|switch|p1b: Amoonguss|Amoonguss, L50, F|100\/100\n|switch|p2a: Breloom|Breloom, L50, F|100\/100\n|switch|p2b: Ursaluna|Ursaluna-Bloodmoon, L50, M|100\/100\n|-ability|p1a: Porygon2|Download|boost\n|-boost|p1a: Porygon2|spa|1\n|turn|1\n|\n|t:|1730046579\n|move|p2b: Ursaluna|Protect|p2b: Ursaluna\n|-singleturn|p2b: Ursaluna|Protect\n|move|p2a: Breloom|Spore|p1a: Porygon2\n|-status|p1a: Porygon2|slp|[from] move: Spore\n|move|p1b: Amoonguss|Spore|p2b: Ursaluna\n|-activate|p2b: Ursaluna|move: Protect\n|cant|p1a: Porygon2|slp\n|\n|upkeep\n|turn|2\n|\n|t:|1730046589\n|-terastallize|p2b: Ursaluna|Normal\n|move|p2a: Breloom|Bullet Seed|p1b: Amoonguss\n|-resisted|p1b: Amoonguss\n|-damage|p1b: Amoonguss|96\/100\n|-resisted|p1b: Amoonguss\n|-damage|p1b: Amoonguss|92\/100\n|-hitcount|p1b: Amoonguss|2\n|move|p2b: Ursaluna|Blood Moon|p1b: Amoonguss\n|-damage|p1b: Amoonguss|0 fnt\n|faint|p1b: Amoonguss\n|-damage|p2b: Ursaluna|91\/100|[from] item: Life Orb\n|-curestatus|p1a: Porygon2|slp|[msg]\n|move|p1a: Porygon2|Trick Room|p1a: Porygon2\n|-fieldstart|move: Trick Room|[of] p1a: Porygon2\n|\n|upkeep\n|\n|t:|1730046604\n|switch|p1b: Ursaluna|Ursaluna, L50, M|100\/100\n|turn|3\n|\n|t:|1730046615\n|switch|p2a: Archaludon|Archaludon, L50, F|100\/100\n|move|p1b: Ursaluna|Facade|p2a: Archaludon\n|-resisted|p2a: Archaludon\n|-damage|p2a: Archaludon|84\/100\n|-ability|p2a: Archaludon|Stamina|boost\n|-boost|p2a: Archaludon|def|1\n|move|p1a: Porygon2|Ice Beam|p2a: Archaludon\n|-damage|p2a: Archaludon|60\/100\n|-ability|p2a: Archaludon|Stamina|boost\n|-boost|p2a: Archaludon|def|1\n|move|p2b: Ursaluna|Hyper Voice|p1a: Porygon2|[spread] p1a,p1b\n|-damage|p1a: Porygon2|60\/100\n|-damage|p1b: Ursaluna|47\/100\n|-damage|p2b: Ursaluna|81\/100|[from] item: Life Orb\n|\n|-status|p1b: Ursaluna|brn|[from] item: Flame Orb\n|upkeep\n|turn|4\n|inactive|Cocobeloeil1 has 30 seconds left.\n|inactive|htotoT has 30 seconds left.\n|\n|t:|1730046649\n|move|p2b: Ursaluna|Protect|p2b: Ursaluna\n|-singleturn|p2b: Ursaluna|Protect\n|move|p1b: Ursaluna|Headlong Rush|p2a: Archaludon\n|-supereffective|p2a: Archaludon\n|-damage|p2a: Archaludon|0 fnt\n|-unboost|p1b: Ursaluna|def|1\n|-unboost|p1b: Ursaluna|spd|1\n|faint|p2a: Archaludon\n|move|p1a: Porygon2|Ice Beam|p2b: Ursaluna\n|-activate|p2b: Ursaluna|move: Protect\n|\n|-damage|p1b: Ursaluna|41\/100 brn|[from] brn\n|upkeep\n|\n|t:|1730046660\n|switch|p2a: Breloom|Breloom, L50, F|100\/100\n|turn|5\n|inactive|Cocobeloeil1 has 30 seconds left.\n|\n|t:|1730046688\n|switch|p2b: Politoed|Politoed, L50, F|100\/100\n|-weather|RainDance|[from] ability: Drizzle|[of] p2b: Politoed\n|-terastallize|p1b: Ursaluna|Ghost\n|move|p2a: Breloom|Mach Punch|p1a: Porygon2\n|-supereffective|p1a: Porygon2\n|-damage|p1a: Porygon2|29\/100\n|move|p1b: Ursaluna|Facade|p2b: Politoed\n|-damage|p2b: Politoed|0 fnt\n|faint|p2b: Politoed\n|move|p1a: Porygon2|Ice Beam|p2a: Breloom\n|-supereffective|p2a: Breloom\n|-enditem|p2a: Breloom|Focus Sash\n|-damage|p2a: Breloom|1\/100\n|-status|p2a: Breloom|frz\n|\n|-weather|RainDance|[upkeep]\n|-damage|p1b: Ursaluna|35\/100 brn|[from] brn\n|upkeep\n|\n|t:|1730046697\n|switch|p2b: Ursaluna|Ursaluna-Bloodmoon, L50, M, tera:Normal|81\/100\n|turn|6\n|c|\u2606Cocobeloeil1|Lol\n|\n|t:|1730046706\n|move|p2b: Ursaluna|Protect|p2b: Ursaluna\n|-singleturn|p2b: Ursaluna|Protect\n|cant|p2a: Breloom|frz\n|move|p1b: Ursaluna|Facade|p2b: Ursaluna\n|-activate|p2b: Ursaluna|move: Protect\n|move|p1a: Porygon2|Recover|p1a: Porygon2\n|-heal|p1a: Porygon2|79\/100\n|\n|-weather|RainDance|[upkeep]\n|-damage|p1b: Ursaluna|29\/100 brn|[from] brn\n|-fieldend|move: Trick Room\n|upkeep\n|turn|7\n|\n|t:|1730046717\n|cant|p2a: Breloom|frz\n|move|p2b: Ursaluna|Hyper Voice|p1b: Ursaluna|[spread] p1a,p1b\n|-damage|p1a: Porygon2|43\/100\n|-damage|p1b: Ursaluna|0 fnt\n|faint|p1b: Ursaluna\n|-damage|p2b: Ursaluna|72\/100|[from] item: Life Orb\n|move|p1a: Porygon2|Trick Room|p1a: Porygon2\n|-fieldstart|move: Trick Room|[of] p1a: Porygon2\n|\n|-weather|RainDance|[upkeep]\n|upkeep\n|\n|t:|1730046722\n|switch|p1b: Gholdengo|Gholdengo, L50|100\/100\n|turn|8\n|c|\u2606Cocobeloeil1|Good play to freeze\n|\n|t:|1730046737\n|cant|p2a: Breloom|frz\n|move|p1a: Porygon2|Tera Blast|p2b: Ursaluna\n|-damage|p2b: Ursaluna|18\/100\n|move|p1b: Gholdengo|Make It Rain|p2b: Ursaluna|[spread] p2a,p2b\n|-damage|p2a: Breloom|0 fnt\n|-damage|p2b: Ursaluna|0 fnt\n|-unboost|p1b: Gholdengo|spa|1\n|faint|p2a: Breloom\n|faint|p2b: Ursaluna\n|-damage|p1b: Gholdengo|91\/100|[from] item: Life Orb\n|\n|win|htotoT\n|raw|htotoT's rating: 1652 &rarr; <strong>1674<\/strong><br \/>(+22 for winning)\n|raw|Cocobeloeil1's rating: 1693 &rarr; <strong>1671<\/strong><br \/>(-22 for losing)\n|l|\u2606Cocobeloeil1\n|player|p2|\n|c|\u2606htotoT|Thanks\n|l|\u2606htotoT\n|player|p1|\n","uploadtime":1730046888,"views":12,"formatid":"gen9vgc2024regh","rating":1671,"private":0,"password":null}