{"id":"gen9vgc2024regh-2232787854","format":"[Gen 9] VGC 2024 Reg H","players":["Sw333zy","bwahacough"],"log":"|j|\u2606Sw333zy\n|j|\u2606bwahacough\n|t:|1730141988\n|gametype|doubles\n|player|p1|Sw333zy|170|1646\n|player|p2|bwahacough|medium|1809\n|teamsize|p1|6\n|teamsize|p2|6\n|gen|9\n|tier|[Gen 9] VGC 2024 Reg H\n|rated|\n|rule|Species Clause: Limit one of each Pok\u00e9mon\n|rule|Item Clause: Limit 1 of each item\n|clearpoke\n|poke|p1|Sneasler, L50, M|\n|poke|p1|Indeedee, L50, M|\n|poke|p1|Archaludon, L50, F|\n|poke|p1|Pelipper, L50, F|\n|poke|p1|Amoonguss, L50, M|\n|poke|p1|Kingdra, L50, M|\n|poke|p2|Lycanroc, L50, F|\n|poke|p2|Tyranitar, L50, M|\n|poke|p2|Indeedee-F, L50, F|\n|poke|p2|Sneasler, L50, F|\n|poke|p2|Delphox, L50, M|\n|poke|p2|Murkrow, L50, F|\n|teampreview|4\n|\n|t:|1730142010\n|start\n|switch|p1a: Sneasler|Sneasler, L50, M|100\/100\n|switch|p1b: Indeedee|Indeedee, L50, M|100\/100\n|switch|p2a: Sneasler|Sneasler, L50, F, shiny|100\/100\n|switch|p2b: Delphox|Delphox, L50, M, shiny|100\/100\n|-fieldstart|move: Psychic Terrain|[from] ability: Psychic Surge|[of] p1b: Indeedee\n|-enditem|p1a: Sneasler|Psychic Seed\n|-boost|p1a: Sneasler|spd|1|[from] item: Psychic Seed\n|-enditem|p2a: Sneasler|Psychic Seed\n|-boost|p2a: Sneasler|spd|1|[from] item: Psychic Seed\n|turn|1\n|\n|t:|1730142024\n|-terastallize|p1a: Sneasler|Dark\n|move|p1a: Sneasler|Night Slash|p2b: Delphox\n|-supereffective|p2b: Delphox\n|-damage|p2b: Delphox|0 fnt\n|faint|p2b: Delphox\n|move|p2a: Sneasler|Throat Chop|p1b: Indeedee\n|-supereffective|p1b: Indeedee\n|-damage|p1b: Indeedee|0 fnt\n|faint|p1b: Indeedee\n|\n|upkeep\n|\n|t:|1730142036\n|switch|p2b: Indeedee|Indeedee-F, L50, F, shiny|100\/100\n|switch|p1b: Kingdra|Kingdra, L50, M|100\/100\n|turn|2\n|\n|t:|1730142048\n|-terastallize|p2a: Sneasler|Stellar\n|move|p2b: Indeedee|Helping Hand|p2a: Sneasler\n|-singleturn|p2a: Sneasler|Helping Hand|[of] p2b: Indeedee\n|move|p1b: Kingdra|Protect|p1b: Kingdra\n|-singleturn|p1b: Kingdra|Protect\n|move|p1a: Sneasler|Night Slash|p2b: Indeedee\n|-supereffective|p2b: Indeedee\n|-crit|p2b: Indeedee\n|-damage|p2b: Indeedee|0 fnt\n|faint|p2b: Indeedee\n|move|p2a: Sneasler|Close Combat|p1b: Kingdra\n|-activate|p1b: Kingdra|move: Protect\n|\n|upkeep\n|\n|t:|1730142054\n|switch|p2b: Tyranitar|Tyranitar, L50, M|100\/100\n|-weather|Sandstorm|[from] ability: Sand Stream|[of] p2b: Tyranitar\n|turn|3\n|\n|t:|1730142059\n|switch|p1b: Pelipper|Pelipper, L50, F|100\/100\n|-weather|RainDance|[from] ability: Drizzle|[of] p1b: Pelipper\n|move|p1a: Sneasler|Close Combat|p2b: Tyranitar\n|-supereffective|p2b: Tyranitar\n|-damage|p2b: Tyranitar|0 fnt\n|-unboost|p1a: Sneasler|def|1\n|-unboost|p1a: Sneasler|spd|1\n|faint|p2b: Tyranitar\n|move|p2a: Sneasler|Close Combat|p1a: Sneasler\n|-supereffective|p1a: Sneasler\n|-damage|p1a: Sneasler|0 fnt\n|-unboost|p2a: Sneasler|def|1\n|-unboost|p2a: Sneasler|spd|1\n|faint|p1a: Sneasler\n|\n|-weather|RainDance|[upkeep]\n|upkeep\n|\n|t:|1730142064\n|switch|p1a: Kingdra|Kingdra, L50, M|100\/100\n|turn|4\n|\n|t:|1730142074\n|move|p2a: Sneasler|Dire Claw|p1b: Pelipper\n|-damage|p1b: Pelipper|25\/100\n|-status|p1b: Pelipper|slp\n|move|p1a: Kingdra|Draco Meteor|p2a: Sneasler\n|-damage|p2a: Sneasler|23\/100\n|-unboost|p1a: Kingdra|spa|2\n|cant|p1b: Pelipper|slp\n|\n|-weather|RainDance|[upkeep]\n|upkeep\n|turn|5\n|\n|t:|1730142080\n|move|p2a: Sneasler|Dire Claw|p1b: Pelipper\n|-damage|p1b: Pelipper|0 fnt\n|faint|p1b: Pelipper\n|move|p1a: Kingdra|Draco Meteor|p2a: Sneasler\n|-damage|p2a: Sneasler|0 fnt\n|-unboost|p1a: Kingdra|spa|2\n|faint|p2a: Sneasler\n|\n|win|Sw333zy\n|raw|Sw333zy's rating: 1646 &rarr; <strong>1675<\/strong><br \/>(+29 for winning)\n|raw|bwahacough's rating: 1809 &rarr; <strong>1780<\/strong><br \/>(-29 for losing)\n|l|\u2606bwahacough\n|player|p2|\n|l|\u2606Sw333zy\n|player|p1|\n","uploadtime":1730142302,"views":28,"formatid":"gen9vgc2024regh","rating":1675,"private":0,"password":null}