{"id":"gen9vgc2024regh-2232917294","format":"[Gen 9] VGC 2024 Reg H","players":["power123452123","RobertoAlonso"],"log":"|j|\u2606power123452123\n|j|\u2606RobertoAlonso\n|t:|1730154392\n|gametype|doubles\n|player|p1|power123452123|2|1692\n|player|p2|RobertoAlonso|102|1722\n|teamsize|p1|6\n|teamsize|p2|6\n|gen|9\n|tier|[Gen 9] VGC 2024 Reg H\n|rated|\n|rule|Species Clause: Limit one of each Pok\u00e9mon\n|rule|Item Clause: Limit 1 of each item\n|clearpoke\n|poke|p1|Palafin, L50, F|\n|poke|p1|Gholdengo, L50|\n|poke|p1|Incineroar, L50, F|\n|poke|p1|Rillaboom, L50, F|\n|poke|p1|Pelipper, L50, F|\n|poke|p1|Kingambit, L50, F|\n|poke|p2|Whimsicott, L50, M|\n|poke|p2|Primarina, L50, M|\n|poke|p2|Sneasler, L50, M|\n|poke|p2|Indeedee, L50, M|\n|poke|p2|Ursaluna-Bloodmoon, L50, M|\n|poke|p2|Arcanine-Hisui, L50, M|\n|teampreview|4\n|j| wskig\npower123452123 has agreed to open team sheets.\n|inactive|Battle timer is ON: inactive players will automatically lose when time's up. (requested by power123452123)\nRobertoAlonso has agreed to open team sheets.\n|inactive|RobertoAlonso has 30 seconds left.\n|inactive|RobertoAlonso has 20 seconds left.\n|inactive|RobertoAlonso has 15 seconds left.\n|j| lpo8\n|inactive|RobertoAlonso has 10 seconds left.\n|\n|t:|1730154450\n|start\n|switch|p1a: Rillaboom|Rillaboom, L50, F|100\/100\n|switch|p1b: Kingambit|Kingambit, L50, F|100\/100\n|switch|p2a: Whimsicott|Whimsicott, L50, M|100\/100\n|switch|p2b: Ursaluna|Ursaluna-Bloodmoon, L50, M|100\/100\n|-fieldstart|move: Grassy Terrain|[from] ability: Grassy Surge|[of] p1a: Rillaboom\n|turn|1\n|\n|t:|1730154473\n|switch|p2a: Indeedee|Indeedee, L50, M|100\/100\n|-fieldstart|move: Psychic Terrain|[from] ability: Psychic Surge|[of] p2a: Indeedee\n|-terastallize|p2b: Ursaluna|Normal\n|move|p1a: Rillaboom|Fake Out|p2b: Ursaluna\n|-activate|p2b: Ursaluna|move: Psychic Terrain\n|move|p2b: Ursaluna|Earth Power|p1b: Kingambit\n|-supereffective|p1b: Kingambit\n|-damage|p1b: Kingambit|0 fnt\n|faint|p1b: Kingambit\n|-damage|p2b: Ursaluna|91\/100|[from] item: Life Orb\n|\n|upkeep\n|c|\u2606power123452123|frick u\n|\n|t:|1730154482\n|switch|p1b: Gholdengo|Gholdengo, L50|100\/100\n|turn|2\n|\n|t:|1730154498\n|-terastallize|p1b: Gholdengo|Steel\n|move|p2a: Indeedee|Expanding Force|p1b: Gholdengo|[spread] p1a,p1b\n|-resisted|p1b: Gholdengo\n|-damage|p1a: Rillaboom|63\/100\n|-damage|p1b: Gholdengo|74\/100\n|move|p1b: Gholdengo|Make It Rain|p2a: Indeedee|[spread] p2a,p2b\n|-enditem|p2a: Indeedee|Focus Sash\n|-damage|p2a: Indeedee|1\/100\n|-damage|p2b: Ursaluna|0 fnt\n|-unboost|p1b: Gholdengo|spa|1\n|faint|p2b: Ursaluna\n|move|p1a: Rillaboom|Wood Hammer|p2a: Indeedee\n|-damage|p2a: Indeedee|0 fnt\n|faint|p2a: Indeedee\n|-damage|p1a: Rillaboom|62\/100|[from] Recoil\n|\n|upkeep\n|l| lpo8\n|\n|t:|1730154511\n|switch|p2a: Whimsicott|Whimsicott, L50, M|100\/100\n|switch|p2b: Sneasler|Sneasler, L50, M|100\/100\n|-enditem|p2b: Sneasler|Psychic Seed\n|-boost|p2b: Sneasler|spd|1|[from] item: Psychic Seed\n|turn|3\n|c|\u2606power123452123|mb that was a bit mean\n|inactive|power123452123 has 30 seconds left.\n|\n|t:|1730154538\n|switch|p1a: Incineroar|Incineroar, L50, F|100\/100\n|-ability|p1a: Incineroar|Intimidate|boost\n|-unboost|p2a: Whimsicott|atk|1\n|-unboost|p2b: Sneasler|atk|1\n|move|p2b: Sneasler|Close Combat|p1b: Gholdengo\n|-supereffective|p1b: Gholdengo\n|-damage|p1b: Gholdengo|0 fnt\n|-unboost|p2b: Sneasler|def|1\n|-unboost|p2b: Sneasler|spd|1\n|faint|p1b: Gholdengo\n|move|p2a: Whimsicott|Moonblast|p1a: Incineroar\n|-damage|p1a: Incineroar|78\/100\n|\n|upkeep\n|\n|t:|1730154548\n|switch|p1b: Rillaboom|Rillaboom, L50, F|62\/100\n|-fieldstart|move: Grassy Terrain|[from] ability: Grassy Surge|[of] p1b: Rillaboom\n|turn|4\n|\n|t:|1730154573\n|move|p2b: Sneasler|Protect|p2b: Sneasler\n|-singleturn|p2b: Sneasler|Protect\n|move|p1b: Rillaboom|Fake Out|p2b: Sneasler\n|-activate|p2b: Sneasler|move: Protect\n|move|p2a: Whimsicott|Moonblast|p1b: Rillaboom\n|-damage|p1b: Rillaboom|36\/100\n|move|p1a: Incineroar|Flare Blitz|p2a: Whimsicott\n|-supereffective|p2a: Whimsicott\n|-damage|p2a: Whimsicott|0 fnt\n|faint|p2a: Whimsicott\n|-damage|p1a: Incineroar|51\/100|[from] Recoil\n|\n|-heal|p1b: Rillaboom|42\/100|[from] Grassy Terrain\n|-heal|p1a: Incineroar|57\/100|[from] Grassy Terrain\n|upkeep\n|turn|5\n|inactive|power123452123 has 30 seconds left.\n|inactive|power123452123 has 20 seconds left.\n|inactive|power123452123 has 15 seconds left.\n|c|\u2606power123452123|50 05\n|c|\u2606power123452123|50\/50\n|inactive|power123452123 has 10 seconds left.\n|\n|t:|1730154621\n|move|p1b: Rillaboom|Grassy Glide|p2b: Sneasler\n|-resisted|p2b: Sneasler\n|-damage|p2b: Sneasler|53\/100\n|move|p2b: Sneasler|Dire Claw|p1b: Rillaboom\n|-supereffective|p1b: Rillaboom\n|-damage|p1b: Rillaboom|0 fnt\n|faint|p1b: Rillaboom\n|move|p1a: Incineroar|Flare Blitz|p2b: Sneasler\n|-damage|p2b: Sneasler|0 fnt\n|faint|p2b: Sneasler\n|-damage|p1a: Incineroar|44\/100|[from] Recoil\n|\n|win|power123452123\n|raw|power123452123's rating: 1692 &rarr; <strong>1714<\/strong><br \/>(+22 for winning)\n|raw|RobertoAlonso's rating: 1722 &rarr; <strong>1700<\/strong><br \/>(-22 for losing)\n|l|\u2606power123452123\n|player|p1|\n|l|\u2606RobertoAlonso\n|player|p2|\n","uploadtime":1730154880,"views":14,"formatid":"gen9vgc2024regh","rating":1700,"private":0,"password":null}