{"id":"gen9vgc2024regh-2232812733","format":"[Gen 9] VGC 2024 Reg H","players":["chiitancrazymascot","htotoT"],"log":"|j|\u2606chiitancrazymascot\n|j|\u2606htotoT\n|t:|1730144207\n|gametype|doubles\n|player|p1|chiitancrazymascot|pokemaniac|1650\n|player|p2|htotoT|169|1701\n|teamsize|p1|6\n|teamsize|p2|6\n|gen|9\n|tier|[Gen 9] VGC 2024 Reg H\n|rated|\n|rule|Species Clause: Limit one of each Pok\u00e9mon\n|rule|Item Clause: Limit 1 of each item\n|clearpoke\n|poke|p1|Annihilape, L50, M|\n|poke|p1|Dondozo, L50, M|\n|poke|p1|Maushold-Four, L50|\n|poke|p1|Gholdengo, L50|\n|poke|p1|Whimsicott, L50, M|\n|poke|p1|Tatsugiri, L50, F|\n|poke|p2|Gholdengo, L50|\n|poke|p2|Murkrow, L50, F|\n|poke|p2|Pelipper, L50, M|\n|poke|p2|Archaludon, L50, M|\n|poke|p2|Amoonguss, L50, F|\n|poke|p2|Basculegion-F, L50, F|\n|teampreview|4\n|inactive|Battle timer is ON: inactive players will automatically lose when time's up. (requested by htotoT)\n|inactive|chiitancrazymascot also wants the timer to be on.\n|\n|t:|1730144213\n|start\n|switch|p1a: Maushold|Maushold-Four, L50|100\/100\n|switch|p1b: Annihilape|Annihilape, L50, M, shiny|100\/100\n|switch|p2a: Murkrow|Murkrow, L50, F|100\/100\n|switch|p2b: Gholdengo|Gholdengo, L50|100\/100\n|turn|1\n|j| mr pogostick\n|\n|t:|1730144237\n|-terastallize|p2b: Gholdengo|Steel\n|move|p2a: Murkrow|Tailwind|p2a: Murkrow\n|-sidestart|p2: htotoT|move: Tailwind\n|move|p2b: Gholdengo|Make It Rain|p1b: Annihilape|[spread] p1a,p1b\n|-enditem|p1a: Maushold|Focus Sash\n|-damage|p1a: Maushold|1\/100\n|-damage|p1b: Annihilape|35\/100\n|-unboost|p2b: Gholdengo|spa|1\n|-enditem|p1b: Annihilape|Sitrus Berry|[eat]\n|-heal|p1b: Annihilape|60\/100|[from] item: Sitrus Berry\n|move|p1a: Maushold|Beat Up|p1b: Annihilape\n|-damage|p1b: Annihilape|58\/100\n|-damage|p1b: Annihilape|56\/100\n|-damage|p1b: Annihilape|54\/100\n|-crit|p1b: Annihilape\n|-damage|p1b: Annihilape|51\/100\n|-hitcount|p1b: Annihilape|4\n|move|p1b: Annihilape|Rage Fist|p2b: Gholdengo\n|-damage|p2b: Gholdengo|0 fnt\n|faint|p2b: Gholdengo\n|\n|upkeep\n|\n|t:|1730144261\n|switch|p2b: Archaludon|Archaludon, L50, M|100\/100\n|turn|2\n|\n|t:|1730144284\n|move|p1a: Maushold|Follow Me|p1a: Maushold\n|-singleturn|p1a: Maushold|move: Follow Me\n|move|p2b: Archaludon|Flash Cannon|p1a: Maushold\n|-damage|p1a: Maushold|0 fnt\n|faint|p1a: Maushold\n|move|p2a: Murkrow|Foul Play|p1b: Annihilape\n|-damage|p1b: Annihilape|8\/100\n|move|p1b: Annihilape|Rage Fist|p2b: Archaludon\n|-damage|p2b: Archaludon|0 fnt\n|faint|p2b: Archaludon\n|\n|upkeep\n|\n|t:|1730144293\n|switch|p1a: Whimsicott|Whimsicott, L50, M, shiny|100\/100\n|switch|p2b: Amoonguss|Amoonguss, L50, F|100\/100\n|turn|3\n|\n|t:|1730144309\n|move|p1b: Annihilape|Protect|p1b: Annihilape\n|-singleturn|p1b: Annihilape|Protect\n|move|p2a: Murkrow|Quash|p1b: Annihilape\n|-activate|p1b: Annihilape|move: Protect\n|move|p1a: Whimsicott|Tailwind|p1a: Whimsicott\n|-sidestart|p1: chiitancrazymascot|move: Tailwind\n|move|p2b: Amoonguss|Spore|p1b: Annihilape\n|-activate|p1b: Annihilape|move: Protect\n|\n|upkeep\n|turn|4\n|\n|t:|1730144317\n|move|p1a: Whimsicott|Misty Terrain|p1a: Whimsicott\n|-fieldstart|move: Misty Terrain\n|move|p2a: Murkrow|Quash|p1b: Annihilape\n|-activate|p1b: Annihilape|move: Quash\n|move|p2b: Amoonguss|Spore|p1b: Annihilape\n|-activate|p1b: Annihilape|move: Misty Terrain\n|move|p1b: Annihilape|Rage Fist|p2b: Amoonguss\n|-damage|p2b: Amoonguss|0 fnt\n|faint|p2b: Amoonguss\n|\n|-sideend|p2: htotoT|move: Tailwind\n|upkeep\n|turn|5\n|-message|htotoT forfeited.\n|\n|win|chiitancrazymascot\n|raw|chiitancrazymascot's rating: 1650 &rarr; <strong>1673<\/strong><br \/>(+23 for winning)\n|raw|htotoT's rating: 1701 &rarr; <strong>1678<\/strong><br \/>(-23 for losing)\n","uploadtime":1730144325,"views":41,"formatid":"gen9vgc2024regh","rating":1673,"private":0,"password":null}