{"id":"gen9vgc2024regh-2232025227","format":"[Gen 9] VGC 2024 Reg H","players":["BrodaxVGC","Shikanoko32"],"log":"|j|\u2606BrodaxVGC\n|j|\u2606Shikanoko32\n|t:|1730048222\n|gametype|doubles\n|player|p1|BrodaxVGC|266|1711\n|player|p2|Shikanoko32|169|1696\n|teamsize|p1|6\n|teamsize|p2|6\n|gen|9\n|tier|[Gen 9] VGC 2024 Reg H\n|rated|\n|rule|Species Clause: Limit one of each Pok\u00e9mon\n|rule|Item Clause: Limit 1 of each item\n|clearpoke\n|poke|p1|Gholdengo, L50|\n|poke|p1|Incineroar, L50, F|\n|poke|p1|Rillaboom, L50, F|\n|poke|p1|Pelipper, L50, M|\n|poke|p1|Basculegion, L50, M|\n|poke|p1|Archaludon, L50, M|\n|poke|p2|Incineroar, L50, M|\n|poke|p2|Rillaboom, L50, M|\n|poke|p2|Ninetales-Alola, L50, M|\n|poke|p2|Frosmoth, L50, F|\n|poke|p2|Maushold-Four, L50|\n|poke|p2|Annihilape, L50, M|\n|teampreview|4\n|inactive|Battle timer is ON: inactive players will automatically lose when time's up. (requested by BrodaxVGC)\n|inactive|BrodaxVGC has 60 seconds left.\n|\n|t:|1730048257\n|start\n|switch|p1a: Pelipper|Pelipper, L50, M|100\/100\n|switch|p1b: Archaludon|Archaludon, L50, M|100\/100\n|switch|p2a: Maushold|Maushold-Four, L50|100\/100\n|switch|p2b: Annihilape|Annihilape, L50, M|100\/100\n|-weather|RainDance|[from] ability: Drizzle|[of] p1a: Pelipper\n|turn|1\n|\n|t:|1730048276\n|switch|p2a: Ninetales|Ninetales-Alola, L50, M|100\/100\n|-weather|Snow|[from] ability: Snow Warning|[of] p2a: Ninetales\n|move|p1a: Pelipper|Tailwind|p1a: Pelipper\n|-sidestart|p1: BrodaxVGC|move: Tailwind\n|move|p1b: Archaludon|Electro Shot||[still]\n|-prepare|p1b: Archaludon|Electro Shot\n|-boost|p1b: Archaludon|spa|1\n|move|p2b: Annihilape|Bulk Up|p2b: Annihilape\n|-boost|p2b: Annihilape|atk|1\n|-boost|p2b: Annihilape|def|1\n|\n|-weather|Snow|[upkeep]\n|upkeep\n|turn|2\n|\n|t:|1730048294\n|switch|p1a: Gholdengo|Gholdengo, L50|100\/100\n|move|p1b: Archaludon|Electro Shot|p2b: Annihilape|[from]lockedmove\n|-damage|p2b: Annihilape|53\/100\n|move|p2a: Ninetales|Aurora Veil|p2a: Ninetales\n|-sidestart|p2: Shikanoko32|move: Aurora Veil\n|move|p2b: Annihilape|Rage Fist|p1a: Gholdengo\n|-supereffective|p1a: Gholdengo\n|-damage|p1a: Gholdengo|0 fnt\n|faint|p1a: Gholdengo\n|\n|-weather|Snow|[upkeep]\n|upkeep\n|\n|t:|1730048306\n|switch|p1a: Pelipper|Pelipper, L50, M|100\/100\n|-weather|RainDance|[from] ability: Drizzle|[of] p1a: Pelipper\n|turn|3\n|\n|t:|1730048328\n|switch|p2a: Maushold|Maushold-Four, L50|100\/100\n|move|p2b: Annihilape|Protect|p2b: Annihilape\n|-singleturn|p2b: Annihilape|Protect\n|move|p1a: Pelipper|Weather Ball|p2a: Maushold\n|-damage|p2a: Maushold|40\/100\n|move|p1b: Archaludon|Electro Shot||[still]\n|-prepare|p1b: Archaludon|Electro Shot\n|-boost|p1b: Archaludon|spa|1\n|-anim|p1b: Archaludon|Electro Shot|p2a: Maushold\n|-damage|p2a: Maushold|0 fnt\n|faint|p2a: Maushold\n|\n|-weather|RainDance|[upkeep]\n|upkeep\n|\n|t:|1730048345\n|switch|p2a: Ninetales|Ninetales-Alola, L50, M|100\/100\n|-weather|Snow|[from] ability: Snow Warning|[of] p2a: Ninetales\n|turn|4\n|\n|t:|1730048354\n|switch|p1a: Basculegion|Basculegion, L50, M|100\/100\n|move|p1b: Archaludon|Draco Meteor|p2b: Annihilape|[miss]\n|-miss|p1b: Archaludon|p2b: Annihilape\n|move|p2a: Ninetales|Moonblast|p1a: Basculegion\n|-damage|p1a: Basculegion|67\/100\n|move|p2b: Annihilape|Rage Fist|p1a: Basculegion\n|-supereffective|p1a: Basculegion\n|-damage|p1a: Basculegion|0 fnt\n|faint|p1a: Basculegion\n|\n|-weather|Snow|[upkeep]\n|-sideend|p1: BrodaxVGC|move: Tailwind\n|upkeep\n|\n|t:|1730048359\n|switch|p1a: Pelipper|Pelipper, L50, M|100\/100\n|-weather|RainDance|[from] ability: Drizzle|[of] p1a: Pelipper\n|turn|5\n|\n|t:|1730048382\n|move|p2a: Ninetales|Encore|p1b: Archaludon\n|-start|p1b: Archaludon|Encore\n|move|p1a: Pelipper|Tailwind|p1a: Pelipper\n|-sidestart|p1: BrodaxVGC|move: Tailwind\n|move|p1b: Archaludon|Draco Meteor|p2b: Annihilape\n|-damage|p2b: Annihilape|0 fnt\n|-unboost|p1b: Archaludon|spa|2\n|faint|p2b: Annihilape\n|\n|-weather|RainDance|[upkeep]\n|upkeep\n|\n|t:|1730048394\n|switch|p2b: Frosmoth|Frosmoth, L50, F|100\/100\n|turn|6\n|\n|t:|1730048406\n|-terastallize|p2b: Frosmoth|Water\n|move|p1a: Pelipper|Hurricane|p2b: Frosmoth\n|-damage|p2b: Frosmoth|82\/100\n|move|p1b: Archaludon|Draco Meteor|p2b: Frosmoth\n|-crit|p2b: Frosmoth\n|-damage|p2b: Frosmoth|25\/100\n|-unboost|p1b: Archaludon|spa|2\n|move|p2a: Ninetales|Disable|p1b: Archaludon\n|-start|p1b: Archaludon|Disable|Draco Meteor\n|move|p2b: Frosmoth|Quiver Dance|p2b: Frosmoth\n|-boost|p2b: Frosmoth|spa|1\n|-boost|p2b: Frosmoth|spd|1\n|-boost|p2b: Frosmoth|spe|1\n|\n|-weather|RainDance|[upkeep]\n|-heal|p2b: Frosmoth|31\/100|[from] item: Leftovers\n|-sideend|p2: Shikanoko32|move: Aurora Veil\n|upkeep\n|turn|7\n|\n|t:|1730048427\n|move|p2b: Frosmoth|Protect|p2b: Frosmoth\n|-singleturn|p2b: Frosmoth|Protect\n|move|p1a: Pelipper|Hurricane|p2b: Frosmoth\n|-activate|p2b: Frosmoth|move: Protect\n|-activate|p1b: Archaludon|move: Struggle\n|move|p1b: Archaludon|Struggle|p2a: Ninetales\n|-damage|p2a: Ninetales|89\/100\n|-damage|p1b: Archaludon|75\/100|[from] recoil\n|move|p2a: Ninetales|Moonblast|p1a: Pelipper\n|-damage|p1a: Pelipper|47\/100\n|\n|-weather|RainDance|[upkeep]\n|-heal|p2b: Frosmoth|36\/100|[from] item: Leftovers\n|-end|p1b: Archaludon|Encore\n|upkeep\n|turn|8\n|\n|t:|1730048448\n|move|p1a: Pelipper|Hurricane|p2b: Frosmoth\n|-damage|p2b: Frosmoth|18\/100\n|move|p1b: Archaludon|Snarl|p2b: Frosmoth|[spread] p2a,p2b\n|-resisted|p2a: Ninetales\n|-damage|p2a: Ninetales|85\/100\n|-damage|p2b: Frosmoth|16\/100\n|-unboost|p2b: Frosmoth|spa|1\n|move|p2a: Ninetales|Moonblast|p1a: Pelipper\n|-damage|p1a: Pelipper|0 fnt\n|faint|p1a: Pelipper\n|move|p2b: Frosmoth|Quiver Dance|p2b: Frosmoth\n|-boost|p2b: Frosmoth|spa|1\n|-boost|p2b: Frosmoth|spd|1\n|-boost|p2b: Frosmoth|spe|1\n|\n|-weather|RainDance|[upkeep]\n|-heal|p2b: Frosmoth|22\/100|[from] item: Leftovers\n|-sideend|p1: BrodaxVGC|move: Tailwind\n|upkeep\n|turn|9\n|\n|t:|1730048469\n|move|p2b: Frosmoth|Blizzard|p1b: Archaludon|[miss]\n|-miss|p2b: Frosmoth|p1b: Archaludon\n|move|p2a: Ninetales|Encore|p1b: Archaludon\n|-start|p1b: Archaludon|Encore\n|move|p1b: Archaludon|Snarl|p2b: Frosmoth|[spread] p2a,p2b\n|-resisted|p2a: Ninetales\n|-damage|p2a: Ninetales|82\/100\n|-damage|p2b: Frosmoth|20\/100\n|-unboost|p2b: Frosmoth|spa|1\n|\n|-weather|none\n|-heal|p2b: Frosmoth|26\/100|[from] item: Leftovers\n|upkeep\n|turn|10\n|\n|t:|1730048488\n|move|p2b: Frosmoth|Tera Blast|p1b: Archaludon|[anim] Tera Blast Water\n|-resisted|p1b: Archaludon\n|-damage|p1b: Archaludon|62\/100\n|-ability|p1b: Archaludon|Stamina|boost\n|-boost|p1b: Archaludon|def|1\n|move|p2a: Ninetales|Moonblast|p1b: Archaludon\n|-damage|p1b: Archaludon|39\/100\n|-ability|p1b: Archaludon|Stamina|boost\n|-boost|p1b: Archaludon|def|1\n|move|p1b: Archaludon|Snarl|p2b: Frosmoth|[spread] p2a,p2b\n|-resisted|p2a: Ninetales\n|-damage|p2a: Ninetales|78\/100\n|-damage|p2b: Frosmoth|24\/100\n|-unboost|p2b: Frosmoth|spa|1\n|\n|-heal|p2b: Frosmoth|30\/100|[from] item: Leftovers\n|-end|p1b: Archaludon|Disable\n|upkeep\n|turn|11\n|\n|t:|1730048511\n|move|p2b: Frosmoth|Tera Blast|p1b: Archaludon|[anim] Tera Blast Water\n|-resisted|p1b: Archaludon\n|-damage|p1b: Archaludon|31\/100\n|-ability|p1b: Archaludon|Stamina|boost\n|-boost|p1b: Archaludon|def|1\n|move|p2a: Ninetales|Disable|p1b: Archaludon\n|-start|p1b: Archaludon|Disable|Snarl\n|cant|p1b: Archaludon|Disable|Snarl\n|\n|-heal|p2b: Frosmoth|35\/100|[from] item: Leftovers\n|-end|p1b: Archaludon|Encore\n|upkeep\n|turn|12\n|\n|t:|1730048528\n|move|p2b: Frosmoth|Tera Blast|p1b: Archaludon|[anim] Tera Blast Water\n|-resisted|p1b: Archaludon\n|-damage|p1b: Archaludon|23\/100\n|-ability|p1b: Archaludon|Stamina|boost\n|-boost|p1b: Archaludon|def|1\n|move|p2a: Ninetales|Encore|p1b: Archaludon\n|-start|p1b: Archaludon|Encore\n|cant|p1b: Archaludon|Disable|Snarl\n|\n|-heal|p2b: Frosmoth|41\/100|[from] item: Leftovers\n|upkeep\n|turn|13\n|-message|BrodaxVGC forfeited.\n|\n|win|Shikanoko32\n|raw|BrodaxVGC's rating: 1711 &rarr; <strong>1690<\/strong><br \/>(-21 for losing)\n|raw|Shikanoko32's rating: 1696 &rarr; <strong>1717<\/strong><br \/>(+21 for winning)\n|l|\u2606BrodaxVGC\n|player|p1|\n|l|\u2606Shikanoko32\n|player|p2|\n","uploadtime":1730048695,"views":12,"formatid":"gen9vgc2024regh","rating":1690,"private":0,"password":null}