{"id":"gen9vgc2024regh-2232410745","format":"[Gen 9] VGC 2024 Reg H","players":["Cocobeloeil1","googer315"],"log":"|j|\u2606Cocobeloeil1\n|j|\u2606googer315\n|t:|1730098037\n|gametype|doubles\n|player|p1|Cocobeloeil1|2|1743\n|player|p2|googer315|265|1666\n|teamsize|p1|6\n|teamsize|p2|6\n|gen|9\n|tier|[Gen 9] VGC 2024 Reg H\n|rated|\n|rule|Species Clause: Limit one of each Pok\u00e9mon\n|rule|Item Clause: Limit 1 of each item\n|clearpoke\n|poke|p1|Breloom, L50, M|\n|poke|p1|Basculegion, L50, M|\n|poke|p1|Archaludon, L50, F|\n|poke|p1|Politoed, L50, F|\n|poke|p1|Murkrow, L50, F|\n|poke|p1|Dragonite, L50, M|\n|poke|p2|Dondozo, L50, F|\n|poke|p2|Tatsugiri, L50, F|\n|poke|p2|Glimmora, L50, F|\n|poke|p2|Maushold, L50|\n|poke|p2|Annihilape, L50, F|\n|poke|p2|Gholdengo, L50|\n|teampreview|4\n|inactive|Battle timer is ON: inactive players will automatically lose when time's up. (requested by googer315)\n|\n|t:|1730098110\n|start\n|switch|p1a: Politoed|Politoed, L50, F|100\/100\n|switch|p1b: Murkrow|Murkrow, L50, F|100\/100\n|switch|p2a: Gholdengo|Gholdengo, L50|100\/100\n|switch|p2b: Glimmora|Glimmora, L50, F|100\/100\n|-weather|RainDance|[from] ability: Drizzle|[of] p1a: Politoed\n|turn|1\n|inactive|Cocobeloeil1 has 30 seconds left.\n|\n|t:|1730098142\n|switch|p1b: Archaludon|Archaludon, L50, F|100\/100\n|move|p2a: Gholdengo|Thunderbolt|p1a: Politoed\n|-supereffective|p1a: Politoed\n|-damage|p1a: Politoed|25\/100\n|move|p2b: Glimmora|Power Gem|p1b: Archaludon\n|-resisted|p1b: Archaludon\n|-damage|p1b: Archaludon|84\/100\n|-ability|p1b: Archaludon|Stamina|boost\n|-boost|p1b: Archaludon|def|1\n|move|p1a: Politoed|Muddy Water|p2b: Glimmora|[spread] p2a\n|-miss|p1a: Politoed|p2b: Glimmora\n|-damage|p2a: Gholdengo|27\/100\n|-unboost|p2a: Gholdengo|accuracy|1\n|\n|-weather|RainDance|[upkeep]\n|upkeep\n|turn|2\n|inactive|Cocobeloeil1 has 30 seconds left.\n|inactive|Cocobeloeil1 has 20 seconds left.\n|\n|t:|1730098181\n|-terastallize|p2b: Glimmora|Ground\n|-terastallize|p1a: Politoed|Grass\n|move|p2a: Gholdengo|Thunderbolt|p1a: Politoed\n|-resisted|p1a: Politoed\n|-damage|p1a: Politoed|8\/100\n|move|p2b: Glimmora|Earth Power|p1b: Archaludon\n|-supereffective|p1b: Archaludon\n|-damage|p1b: Archaludon|7\/100\n|-ability|p1b: Archaludon|Stamina|boost\n|-boost|p1b: Archaludon|def|1\n|move|p1a: Politoed|Muddy Water|p2a: Gholdengo|[spread] p2a,p2b\n|-supereffective|p2b: Glimmora\n|-damage|p2a: Gholdengo|0 fnt\n|-enditem|p2b: Glimmora|Focus Sash\n|-damage|p2b: Glimmora|1\/100\n|faint|p2a: Gholdengo\n|move|p1b: Archaludon|Electro Shot||[still]\n|-prepare|p1b: Archaludon|Electro Shot\n|-boost|p1b: Archaludon|spa|1\n|-anim|p1b: Archaludon|Electro Shot|p2b: Glimmora\n|-immune|p2b: Glimmora\n|\n|-weather|RainDance|[upkeep]\n|upkeep\n|\n|t:|1730098205\n|switch|p2a: Annihilape|Annihilape, L50, F|100\/100\n|turn|3\n|\n|t:|1730098227\n|switch|p1a: Murkrow|Murkrow, L50, F|100\/100\n|move|p2b: Glimmora|Power Gem|p1b: Archaludon\n|-resisted|p1b: Archaludon\n|-damage|p1b: Archaludon|0 fnt\n|faint|p1b: Archaludon\n|move|p2a: Annihilape|Drain Punch|p1a: Murkrow\n|-damage|p1a: Murkrow|69\/100\n|\n|-weather|RainDance|[upkeep]\n|upkeep\n|\n|t:|1730098237\n|switch|p1b: Politoed|Politoed, L50, F, tera:Grass|8\/100\n|turn|4\n|\n|t:|1730098242\n|switch|p2b: Maushold|Maushold, L50|100\/100\n|move|p1a: Murkrow|Tailwind|p1a: Murkrow\n|-sidestart|p1: Cocobeloeil1|move: Tailwind\n|move|p1b: Politoed|Muddy Water|p2a: Annihilape|[spread] p2a,p2b\n|-damage|p2a: Annihilape|59\/100\n|-damage|p2b: Maushold|26\/100\n|-unboost|p2b: Maushold|accuracy|1\n|move|p2a: Annihilape|Drain Punch|p1b: Politoed\n|-damage|p1b: Politoed|0 fnt\n|-heal|p2a: Annihilape|62\/100|[from] drain|[of] p1b: Politoed\n|faint|p1b: Politoed\n|\n|-weather|RainDance|[upkeep]\n|upkeep\n|\n|t:|1730098259\n|switch|p1b: Basculegion|Basculegion, L50, M|100\/100\n|turn|5\n|\n|t:|1730098278\n|move|p2b: Maushold|Protect|p2b: Maushold\n|-singleturn|p2b: Maushold|Protect\n|move|p2a: Annihilape|Protect|p2a: Annihilape\n|-singleturn|p2a: Annihilape|Protect\n|move|p1b: Basculegion|Wave Crash|p2a: Annihilape\n|-activate|p2a: Annihilape|move: Protect\n|move|p1a: Murkrow|Foul Play|p2a: Annihilape\n|-activate|p2a: Annihilape|move: Protect\n|\n|-weather|none\n|upkeep\n|turn|6\n|\n|t:|1730098292\n|move|p2b: Maushold|Follow Me|p2b: Maushold\n|-singleturn|p2b: Maushold|move: Follow Me\n|move|p1b: Basculegion|Wave Crash|p2b: Maushold\n|-crit|p2b: Maushold\n|-damage|p2b: Maushold|0 fnt\n|faint|p2b: Maushold\n|-damage|p1b: Basculegion|93\/100|[from] Recoil\n|move|p1a: Murkrow|Foul Play|p2a: Annihilape\n|-damage|p2a: Annihilape|25\/100\n|-enditem|p2a: Annihilape|Sitrus Berry|[eat]\n|-heal|p2a: Annihilape|50\/100|[from] item: Sitrus Berry\n|move|p2a: Annihilape|Rage Fist|p1b: Basculegion\n|-supereffective|p1b: Basculegion\n|-damage|p1b: Basculegion|0 fnt\n|faint|p1b: Basculegion\n|\n|upkeep\n|\n|t:|1730098310\n|switch|p2b: Glimmora|Glimmora, L50, F, tera:Ground|1\/100\n|turn|7\n|\n|t:|1730098315\n|move|p2b: Glimmora|Spiky Shield|p2b: Glimmora\n|-singleturn|p2b: Glimmora|move: Protect\n|move|p2a: Annihilape|Protect|p2a: Annihilape\n|-singleturn|p2a: Annihilape|Protect\n|move|p1a: Murkrow|Foul Play|p2b: Glimmora\n|-activate|p2b: Glimmora|move: Protect\n|-damage|p1a: Murkrow|57\/100|[from] Spiky Shield|[of] p2b: Glimmora\n|\n|-sideend|p1: Cocobeloeil1|move: Tailwind\n|upkeep\n|turn|8\n|-message|Cocobeloeil1 forfeited.\n|\n|win|googer315\n|raw|Cocobeloeil1's rating: 1743 &rarr; <strong>1719<\/strong><br \/>(-24 for losing)\n|raw|googer315's rating: 1666 &rarr; <strong>1690<\/strong><br \/>(+24 for winning)\n|l|\u2606Cocobeloeil1\n|player|p1|\n|l|\u2606googer315\n|player|p2|\n","uploadtime":1730098586,"views":11,"formatid":"gen9vgc2024regh","rating":1690,"private":0,"password":null}