{"id":"gen9vgc2024regh-2232799701","format":"[Gen 9] VGC 2024 Reg H","players":["htotoT","chin8"],"log":"|j|\u2606htotoT\n|j|\u2606chin8\n|t:|1730143050\n|gametype|doubles\n|player|p1|htotoT|169|1792\n|player|p2|chin8|gentleman-gen4dp|1768\n|teamsize|p1|6\n|teamsize|p2|6\n|gen|9\n|tier|[Gen 9] VGC 2024 Reg H\n|rated|\n|rule|Species Clause: Limit one of each Pok\u00e9mon\n|rule|Item Clause: Limit 1 of each item\n|clearpoke\n|poke|p1|Gholdengo, L50|\n|poke|p1|Murkrow, L50, F|\n|poke|p1|Pelipper, L50, M|\n|poke|p1|Archaludon, L50, M|\n|poke|p1|Amoonguss, L50, F|\n|poke|p1|Basculegion-F, L50, F|\n|poke|p2|Baxcalibur, L50, M|\n|poke|p2|Kilowattrel, L50, M|\n|poke|p2|Annihilape, L50, F|\n|poke|p2|Gardevoir, L50, F|\n|poke|p2|Magmortar, L50, F|\n|poke|p2|Gholdengo, L50|\n|teampreview|4\n|inactive|Battle timer is ON: inactive players will automatically lose when time's up. (requested by htotoT)\n|\n|t:|1730143057\n|start\n|switch|p1a: Murkrow|Murkrow, L50, F|100\/100\n|switch|p1b: Gholdengo|Gholdengo, L50|100\/100\n|switch|p2a: Kilowattrel|Kilowattrel, L50, M|100\/100\n|switch|p2b: Baxcalibur|Baxcalibur, L50, M|100\/100\n|turn|1\n|\n|t:|1730143068\n|switch|p2a: Magmortar|Magmortar, L50, F|100\/100\n|switch|p2b: Gholdengo|Gholdengo, L50|100\/100\n|-terastallize|p1b: Gholdengo|Steel\n|move|p1a: Murkrow|Tailwind|p1a: Murkrow\n|-sidestart|p1: htotoT|move: Tailwind\n|move|p1b: Gholdengo|Make It Rain|p2a: Magmortar|[spread] p2a,p2b\n|-resisted|p2a: Magmortar\n|-resisted|p2b: Gholdengo\n|-damage|p2a: Magmortar|54\/100\n|-damage|p2b: Gholdengo|55\/100\n|-unboost|p1b: Gholdengo|spa|1\n|\n|-heal|p2b: Gholdengo|61\/100|[from] item: Leftovers\n|upkeep\n|turn|2\n|\n|t:|1730143083\n|move|p1a: Murkrow|Haze|p1a: Murkrow\n|-clearallboost\n|move|p1b: Gholdengo|Make It Rain|p2a: Magmortar|[spread] p2a,p2b\n|-resisted|p2a: Magmortar\n|-resisted|p2b: Gholdengo\n|-damage|p2a: Magmortar|4\/100\n|-damage|p2b: Gholdengo|13\/100\n|-unboost|p1b: Gholdengo|spa|1\n|-enditem|p2a: Magmortar|Sitrus Berry|[eat]\n|-heal|p2a: Magmortar|29\/100|[from] item: Sitrus Berry\n|move|p2b: Gholdengo|Make It Rain|p1b: Gholdengo|[spread] p1a,p1b\n|-resisted|p1b: Gholdengo\n|-damage|p1a: Murkrow|57\/100\n|-damage|p1b: Gholdengo|72\/100\n|-unboost|p2b: Gholdengo|spa|1\n|move|p2a: Magmortar|Heat Wave|p1a: Murkrow|[spread] p1a,p1b\n|-supereffective|p1b: Gholdengo\n|-damage|p1a: Murkrow|30\/100\n|-damage|p1b: Gholdengo|1\/100\n|\n|-heal|p2b: Gholdengo|19\/100|[from] item: Leftovers\n|upkeep\n|turn|3\n|inactive|chin8 has 30 seconds left.\n|\n|t:|1730143112\n|move|p2a: Magmortar|Protect|p2a: Magmortar\n|-singleturn|p2a: Magmortar|Protect\n|move|p1a: Murkrow|Haze|p1a: Murkrow\n|-clearallboost\n|move|p1b: Gholdengo|Make It Rain|p2b: Gholdengo|[spread] p2b\n|-activate|p2a: Magmortar|move: Protect\n|-resisted|p2b: Gholdengo\n|-crit|p2b: Gholdengo\n|-damage|p2b: Gholdengo|0 fnt\n|-unboost|p1b: Gholdengo|spa|1\n|faint|p2b: Gholdengo\n|\n|upkeep\n|\n|t:|1730143114\n|switch|p2b: Baxcalibur|Baxcalibur, L50, M|100\/100\n|turn|4\n|\n|t:|1730143125\n|switch|p1b: Archaludon|Archaludon, L50, M|100\/100\n|switch|p1a: Pelipper|Pelipper, L50, M|100\/100\n|-weather|RainDance|[from] ability: Drizzle|[of] p1a: Pelipper\n|move|p2b: Baxcalibur|Ice Shard|p1b: Archaludon\n|-damage|p1b: Archaludon|77\/100\n|-ability|p1b: Archaludon|Stamina|boost\n|-boost|p1b: Archaludon|def|1\n|move|p2a: Magmortar|Heat Wave|p1b: Archaludon|[spread] p1a,p1b\n|-resisted|p1a: Pelipper\n|-damage|p1a: Pelipper|87\/100\n|-damage|p1b: Archaludon|62\/100\n|-ability|p1b: Archaludon|Stamina|boost\n|-boost|p1b: Archaludon|def|1\n|\n|-weather|RainDance|[upkeep]\n|-sideend|p1: htotoT|move: Tailwind\n|upkeep\n|turn|5\n|\n|t:|1730143148\n|switch|p2a: Kilowattrel|Kilowattrel, L50, M|100\/100\n|-terastallize|p2b: Baxcalibur|Ground\n|move|p1a: Pelipper|Protect|p1a: Pelipper\n|-singleturn|p1a: Pelipper|Protect\n|move|p1b: Archaludon|Electro Shot||[still]\n|-prepare|p1b: Archaludon|Electro Shot\n|-boost|p1b: Archaludon|spa|1\n|-anim|p1b: Archaludon|Electro Shot|p2a: Kilowattrel\n|-enditem|p2a: Kilowattrel|Focus Sash\n|-damage|p2a: Kilowattrel|1\/100\n|move|p2b: Baxcalibur|Earthquake|p1a: Pelipper|[spread] p1b\n|-activate|p1a: Pelipper|move: Protect\n|-immune|p2a: Kilowattrel\n|-supereffective|p1b: Archaludon\n|-damage|p1b: Archaludon|26\/100\n|-ability|p1b: Archaludon|Stamina|boost\n|-boost|p1b: Archaludon|def|1\n|\n|-weather|RainDance|[upkeep]\n|upkeep\n|turn|6\n|inactive|htotoT has 30 seconds left.\n|\n|t:|1730143180\n|move|p1a: Pelipper|Wide Guard|p1a: Pelipper\n|-singleturn|p1a: Pelipper|Wide Guard\n|move|p2a: Kilowattrel|Thunderbolt|p1a: Pelipper\n|-supereffective|p1a: Pelipper\n|-crit|p1a: Pelipper\n|-damage|p1a: Pelipper|0 fnt\n|faint|p1a: Pelipper\n|move|p1b: Archaludon|Electro Shot||[still]\n|-prepare|p1b: Archaludon|Electro Shot\n|-boost|p1b: Archaludon|spa|1\n|-anim|p1b: Archaludon|Electro Shot|p2a: Kilowattrel\n|-damage|p2a: Kilowattrel|0 fnt\n|faint|p2a: Kilowattrel\n|move|p2b: Baxcalibur|Earthquake|p1b: Archaludon\n|-activate|p1b: Archaludon|move: Wide Guard\n|\n|-weather|RainDance|[upkeep]\n|upkeep\n|\n|t:|1730143195\n|switch|p2a: Magmortar|Magmortar, L50, F|29\/100\n|switch|p1a: Murkrow|Murkrow, L50, F|30\/100\n|turn|7\n|\n|t:|1730143213\n|move|p2a: Magmortar|Follow Me|p2a: Magmortar\n|-singleturn|p2a: Magmortar|move: Follow Me\n|move|p1a: Murkrow|Tailwind|p1a: Murkrow\n|-sidestart|p1: htotoT|move: Tailwind\n|move|p2b: Baxcalibur|Ice Shard|p1a: Murkrow\n|-supereffective|p1a: Murkrow\n|-damage|p1a: Murkrow|0 fnt\n|faint|p1a: Murkrow\n|move|p1b: Archaludon|Dragon Pulse|p2a: Magmortar\n|-damage|p2a: Magmortar|0 fnt\n|faint|p2a: Magmortar\n|\n|-weather|RainDance|[upkeep]\n|upkeep\n|\n|t:|1730143220\n|switch|p1a: Gholdengo|Gholdengo, L50, tera:Steel|1\/100\n|turn|8\n|\n|t:|1730143225\n|move|p2b: Baxcalibur|Ice Shard|p1a: Gholdengo\n|-resisted|p1a: Gholdengo\n|-damage|p1a: Gholdengo|0 fnt\n|faint|p1a: Gholdengo\n|move|p1b: Archaludon|Dragon Pulse|p2b: Baxcalibur\n|-damage|p2b: Baxcalibur|50\/100\n|\n|-weather|none\n|upkeep\n|turn|9\n|\n|t:|1730143235\n|move|p1b: Archaludon|Dragon Pulse|p2b: Baxcalibur\n|-damage|p2b: Baxcalibur|2\/100\n|move|p2b: Baxcalibur|Earthquake|p1b: Archaludon\n|-supereffective|p1b: Archaludon\n|-damage|p1b: Archaludon|0 fnt\n|faint|p1b: Archaludon\n|\n|win|chin8\n|raw|htotoT's rating: 1792 &rarr; <strong>1771<\/strong><br \/>(-21 for losing)\n|raw|chin8's rating: 1768 &rarr; <strong>1789<\/strong><br \/>(+21 for winning)\n|l|\u2606htotoT\n|player|p1|\n|l|\u2606chin8\n|player|p2|\n","uploadtime":1730143422,"views":38,"formatid":"gen9vgc2024regh","rating":1771,"private":0,"password":null}