{"id":"gen9vgc2024regh-2232283073","format":"[Gen 9] VGC 2024 Reg H","players":["schmokeapancake","OSAMABINGETINLADIN"],"log":"|j|\u2606schmokeapancake\n|j|\u2606OSAMABINGETINLADIN\n|t:|1730078203\n|gametype|doubles\n|player|p1|schmokeapancake|red-gen2|1699\n|player|p2|OSAMABINGETINLADIN|policeman-gen4|1702\n|teamsize|p1|6\n|teamsize|p2|6\n|gen|9\n|tier|[Gen 9] VGC 2024 Reg H\n|rated|\n|rule|Species Clause: Limit one of each Pok\u00e9mon\n|rule|Item Clause: Limit 1 of each item\n|clearpoke\n|poke|p1|Sneasler, L50, F|\n|poke|p1|Kingambit, L50, M|\n|poke|p1|Gholdengo, L50|\n|poke|p1|Rillaboom, L50, M|\n|poke|p1|Amoonguss, L50, M|\n|poke|p1|Baxcalibur, L50, M|\n|poke|p2|Murkrow, L50, M|\n|poke|p2|Gholdengo, L50|\n|poke|p2|Pawmot, L50, F|\n|poke|p2|Kommo-o, L50, F|\n|poke|p2|Basculegion, L50, M|\n|poke|p2|Farigiraf, L50, F|\n|teampreview|4\n|inactive|Battle timer is ON: inactive players will automatically lose when time's up. (requested by OSAMABINGETINLADIN)\n|j| homeric zaza\n|inactive|schmokeapancake has 60 seconds left.\n|inactive|OSAMABINGETINLADIN has 60 seconds left.\n|inactive|schmokeapancake has 30 seconds left.\n|inactive|OSAMABINGETINLADIN has 30 seconds left.\n|\n|t:|1730078270\n|start\n|switch|p1a: Sneasler|Sneasler, L50, F|100\/100\n|switch|p1b: Tom Cruise|Kingambit, L50, M|100\/100\n|switch|p2a: Kommo-o|Kommo-o, L50, F|100\/100\n|switch|p2b: Luis Carruthers|Murkrow, L50, M, shiny|100\/100\n|turn|1\n|\n|t:|1730078291\n|move|p2a: Kommo-o|Protect|p2a: Kommo-o\n|-singleturn|p2a: Kommo-o|Protect\n|move|p1b: Tom Cruise|Protect|p1b: Tom Cruise\n|-singleturn|p1b: Tom Cruise|Protect\n|move|p2b: Luis Carruthers|Tailwind|p2b: Luis Carruthers\n|-sidestart|p2: OSAMABINGETINLADIN|move: Tailwind\n|move|p1a: Sneasler|Dire Claw|p2a: Kommo-o\n|-activate|p2a: Kommo-o|move: Protect\n|\n|upkeep\n|turn|2\n|\n|t:|1730078312\n|switch|p1b: SSJ Raditz|Rillaboom, L50, M, shiny|100\/100\n|-fieldstart|move: Grassy Terrain|[from] ability: Grassy Surge|[of] p1b: SSJ Raditz\n|-terastallize|p1a: Sneasler|Stellar\n|move|p2a: Kommo-o|Clanging Scales|p1b: SSJ Raditz|[spread] p1a,p1b\n|-damage|p1a: Sneasler|46\/100\n|-damage|p1b: SSJ Raditz|69\/100\n|-unboost|p2a: Kommo-o|def|1\n|-enditem|p2a: Kommo-o|Throat Spray\n|-boost|p2a: Kommo-o|spa|1|[from] item: Throat Spray\n|move|p2b: Luis Carruthers|Foul Play|p1a: Sneasler\n|-resisted|p1a: Sneasler\n|-damage|p1a: Sneasler|1\/100\n|move|p1a: Sneasler|Close Combat|p2a: Kommo-o\n|-damage|p2a: Kommo-o|0 fnt\n|-unboost|p1a: Sneasler|def|1\n|-unboost|p1a: Sneasler|spd|1\n|faint|p2a: Kommo-o\n|\n|-heal|p1a: Sneasler|7\/100|[from] Grassy Terrain\n|-heal|p1b: SSJ Raditz|75\/100|[from] Grassy Terrain\n|upkeep\n|\n|t:|1730078330\n|switch|p2a: Gholdengo|Gholdengo, L50|100\/100\n|turn|3\n|j| plastic oil\n|\n|t:|1730078349\n|switch|p1a: Tom Cruise|Kingambit, L50, M|100\/100\n|move|p1b: SSJ Raditz|Fake Out|p2b: Luis Carruthers\n|-damage|p2b: Luis Carruthers|85\/100\n|move|p2a: Gholdengo|Make It Rain|p1b: SSJ Raditz|[spread] p1a,p1b\n|-resisted|p1a: Tom Cruise\n|-damage|p1a: Tom Cruise|60\/100\n|-damage|p1b: SSJ Raditz|28\/100\n|-unboost|p2a: Gholdengo|spa|1\n|cant|p2b: Luis Carruthers|flinch\n|\n|-heal|p1b: SSJ Raditz|34\/100|[from] Grassy Terrain\n|-heal|p1a: Tom Cruise|66\/100|[from] Grassy Terrain\n|upkeep\n|turn|4\n|inactive|schmokeapancake has 30 seconds left.\n|inactive|schmokeapancake has 20 seconds left.\n|\n|t:|1730078388\n|-terastallize|p2a: Gholdengo|Steel\n|move|p2b: Luis Carruthers|Haze|p2b: Luis Carruthers\n|-clearallboost\n|move|p2a: Gholdengo|Make It Rain|p1a: Tom Cruise|[spread] p1a,p1b\n|-resisted|p1a: Tom Cruise\n|-damage|p1a: Tom Cruise|16\/100\n|-damage|p1b: SSJ Raditz|0 fnt\n|-unboost|p2a: Gholdengo|spa|1\n|faint|p1b: SSJ Raditz\n|move|p1a: Tom Cruise|Kowtow Cleave|p2a: Gholdengo\n|-damage|p2a: Gholdengo|25\/100\n|\n|-heal|p2a: Gholdengo|31\/100|[from] Grassy Terrain\n|-heal|p1a: Tom Cruise|22\/100|[from] Grassy Terrain\n|-sideend|p2: OSAMABINGETINLADIN|move: Tailwind\n|upkeep\n|\n|t:|1730078403\n|switch|p1b: Sneasler|Sneasler, L50, F, tera:Stellar|7\/100\n|turn|5\n|l| homeric zaza\n|\n|t:|1730078412\n|switch|p2a: Farigiraf|Farigiraf, L50, F|100\/100\n|move|p2b: Luis Carruthers|Tailwind|p2b: Luis Carruthers\n|-sidestart|p2: OSAMABINGETINLADIN|move: Tailwind\n|move|p1a: Tom Cruise|Sucker Punch||[still]\n|cant|p2a: Farigiraf|ability: Armor Tail|Sucker Punch|[of] p1a: Tom Cruise\n|move|p1b: Sneasler|Dire Claw|p2b: Luis Carruthers\n|-damage|p2b: Luis Carruthers|26\/100\n|-status|p2b: Luis Carruthers|psn|[from] ability: Poison Touch|[of] p1b: Sneasler\n|\n|-heal|p1b: Sneasler|13\/100|[from] Grassy Terrain\n|-heal|p1a: Tom Cruise|29\/100|[from] Grassy Terrain\n|-damage|p2b: Luis Carruthers|14\/100 psn|[from] psn\n|upkeep\n|turn|6\n|\n|t:|1730078431\n|move|p1b: Sneasler|Protect|p1b: Sneasler\n|-singleturn|p1b: Sneasler|Protect\n|move|p2b: Luis Carruthers|Foul Play|p1a: Tom Cruise\n|-resisted|p1a: Tom Cruise\n|-damage|p1a: Tom Cruise|8\/100\n|move|p2a: Farigiraf|Dazzling Gleam|p1a: Tom Cruise|[spread] p1a\n|-activate|p1b: Sneasler|move: Protect\n|-damage|p1a: Tom Cruise|0 fnt\n|faint|p1a: Tom Cruise\n|\n|-heal|p1b: Sneasler|19\/100|[from] Grassy Terrain\n|-damage|p2b: Luis Carruthers|2\/100 psn|[from] psn\n|-fieldend|move: Grassy Terrain\n|upkeep\n|\n|t:|1730078435\n|switch|p1a: Baxcalibur|Baxcalibur, L50, M|100\/100\n|turn|7\n|l| plastic oil\n|inactive|schmokeapancake has 30 seconds left.\n|\n|t:|1730078467\n|move|p2b: Luis Carruthers|Foul Play|p1a: Baxcalibur\n|-crit|p1a: Baxcalibur\n|-damage|p1a: Baxcalibur|19\/100\n|move|p1b: Sneasler|Coaching|p1a: Baxcalibur\n|-boost|p1a: Baxcalibur|atk|1\n|-boost|p1a: Baxcalibur|def|1\n|move|p2a: Farigiraf|Psychic Noise|p1b: Sneasler\n|-supereffective|p1b: Sneasler\n|-damage|p1b: Sneasler|0 fnt\n|faint|p1b: Sneasler\n|move|p1a: Baxcalibur|Glaive Rush|p2a: Farigiraf\n|-crit|p2a: Farigiraf\n|-damage|p2a: Farigiraf|0 fnt\n|-singlemove|p1a: Baxcalibur|Glaive Rush|[silent]\n|faint|p2a: Farigiraf\n|\n|-damage|p2b: Luis Carruthers|0 fnt|[from] psn\n|faint|p2b: Luis Carruthers\n|upkeep\n|\n|t:|1730078470\n|switch|p2b: Gholdengo|Gholdengo, L50, tera:Steel|31\/100\n|turn|8\n|\n|t:|1730078475\n|move|p1a: Baxcalibur|Protect|p1a: Baxcalibur\n|-singleturn|p1a: Baxcalibur|Protect\n|move|p2b: Gholdengo|Make It Rain|p1a: Baxcalibur\n|-activate|p1a: Baxcalibur|move: Protect\n|\n|-sideend|p2: OSAMABINGETINLADIN|move: Tailwind\n|upkeep\n|turn|9\n|\n|t:|1730078488\n|move|p1a: Baxcalibur|Glaive Rush|p2b: Gholdengo\n|-resisted|p2b: Gholdengo\n|-damage|p2b: Gholdengo|0 fnt\n|-singlemove|p1a: Baxcalibur|Glaive Rush|[silent]\n|faint|p2b: Gholdengo\n|\n|win|schmokeapancake\n|raw|schmokeapancake's rating: 1699 &rarr; <strong>1719<\/strong><br \/>(+20 for winning)\n|raw|OSAMABINGETINLADIN's rating: 1702 &rarr; <strong>1682<\/strong><br \/>(-20 for losing)\n|l|\u2606OSAMABINGETINLADIN\n|player|p2|\n","uploadtime":1730078691,"views":25,"formatid":"gen9vgc2024regh","rating":1682,"private":0,"password":null}