{"id":"gen9vgc2024regh-2232072896","format":"[Gen 9] VGC 2024 Reg H","players":["Waffles4breakfast","Cocobeloeil1"],"log":"|j|\u2606Waffles4breakfast\n|j|\u2606Cocobeloeil1\n|t:|1730053516\n|gametype|doubles\n|player|p1|Waffles4breakfast|juggler|1741\n|player|p2|Cocobeloeil1|266|1677\n|teamsize|p1|6\n|teamsize|p2|6\n|gen|9\n|tier|[Gen 9] VGC 2024 Reg H\n|rated|\n|rule|Species Clause: Limit one of each Pok\u00e9mon\n|rule|Item Clause: Limit 1 of each item\n|clearpoke\n|poke|p1|Archaludon, L50, F|\n|poke|p1|Pelipper, L50, M|\n|poke|p1|Basculegion, L50, M|\n|poke|p1|Amoonguss, L50, F|\n|poke|p1|Gholdengo, L50|\n|poke|p1|Murkrow, L50, M|\n|poke|p2|Breloom, L50, M|\n|poke|p2|Basculegion, L50, M|\n|poke|p2|Archaludon, L50, F|\n|poke|p2|Politoed, L50, F|\n|poke|p2|Murkrow, L50, F|\n|poke|p2|Dragonite, L50, M|\n|teampreview|4\n|inactive|Battle timer is ON: inactive players will automatically lose when time's up. (requested by Waffles4breakfast)\n|inactive|Cocobeloeil1 has 60 seconds left.\n|\n|t:|1730053556\n|start\n|switch|p1a: Gholdengo|Gholdengo, L50|100\/100\n|switch|p1b: Murkrow|Murkrow, L50, M|100\/100\n|switch|p2a: Breloom|Breloom, L50, M|100\/100\n|switch|p2b: Archaludon|Archaludon, L50, F|100\/100\n|turn|1\n|\n|t:|1730053567\n|switch|p2a: Politoed|Politoed, L50, F|100\/100\n|-weather|RainDance|[from] ability: Drizzle|[of] p2a: Politoed\n|move|p1b: Murkrow|Tailwind|p1b: Murkrow\n|-sidestart|p1: Waffles4breakfast|move: Tailwind\n|move|p1a: Gholdengo|Make It Rain|p2b: Archaludon|[spread] p2a,p2b\n|-resisted|p2a: Politoed\n|-resisted|p2b: Archaludon\n|-damage|p2a: Politoed|64\/100\n|-damage|p2b: Archaludon|77\/100\n|-unboost|p1a: Gholdengo|spa|1\n|-ability|p2b: Archaludon|Stamina|boost\n|-boost|p2b: Archaludon|def|1\n|move|p2b: Archaludon|Electro Shot||[still]\n|-prepare|p2b: Archaludon|Electro Shot\n|-boost|p2b: Archaludon|spa|1\n|-anim|p2b: Archaludon|Electro Shot|p1b: Murkrow\n|-supereffective|p1b: Murkrow\n|-damage|p1b: Murkrow|2\/100\n|\n|-weather|RainDance|[upkeep]\n|upkeep\n|turn|2\n|inactive|Cocobeloeil1 has 30 seconds left.\n|\n|t:|1730053600\n|-terastallize|p1a: Gholdengo|Steel\n|move|p1b: Murkrow|Haze|p1b: Murkrow\n|-clearallboost\n|move|p1a: Gholdengo|Make It Rain|p2a: Politoed|[spread] p2a,p2b\n|-resisted|p2a: Politoed\n|-resisted|p2b: Archaludon\n|-damage|p2a: Politoed|17\/100\n|-damage|p2b: Archaludon|44\/100\n|-unboost|p1a: Gholdengo|spa|1\n|-ability|p2b: Archaludon|Stamina|boost\n|-boost|p2b: Archaludon|def|1\n|move|p2a: Politoed|Ice Beam|p1a: Gholdengo\n|-resisted|p1a: Gholdengo\n|-damage|p1a: Gholdengo|75\/100\n|move|p2b: Archaludon|Electro Shot||[still]\n|-prepare|p2b: Archaludon|Electro Shot\n|-boost|p2b: Archaludon|spa|1\n|-anim|p2b: Archaludon|Electro Shot|p1a: Gholdengo\n|-damage|p1a: Gholdengo|1\/100\n|\n|-weather|RainDance|[upkeep]\n|upkeep\n|turn|3\n|\n|t:|1730053616\n|move|p1b: Murkrow|Haze|p1b: Murkrow\n|-clearallboost\n|move|p1a: Gholdengo|Make It Rain|p2b: Archaludon|[spread] p2a,p2b\n|-resisted|p2a: Politoed\n|-crit|p2a: Politoed\n|-resisted|p2b: Archaludon\n|-damage|p2a: Politoed|0 fnt\n|-damage|p2b: Archaludon|12\/100\n|-unboost|p1a: Gholdengo|spa|1\n|-ability|p2b: Archaludon|Stamina|boost\n|-boost|p2b: Archaludon|def|1\n|faint|p2a: Politoed\n|move|p2b: Archaludon|Electro Shot||[still]\n|-prepare|p2b: Archaludon|Electro Shot\n|-boost|p2b: Archaludon|spa|1\n|-anim|p2b: Archaludon|Electro Shot|p1a: Gholdengo\n|-damage|p1a: Gholdengo|0 fnt\n|faint|p1a: Gholdengo\n|\n|-weather|RainDance|[upkeep]\n|upkeep\n|inactive|Waffles4breakfast has 30 seconds left.\n|inactive|Waffles4breakfast has 20 seconds left.\n|inactive|Waffles4breakfast has 15 seconds left.\n|inactive|Waffles4breakfast has 10 seconds left.\n|\n|t:|1730053663\n|switch|p1a: Basculegion|Basculegion, L50, M|100\/100\n|switch|p2a: Breloom|Breloom, L50, M|100\/100\n|turn|4\n|\n|t:|1730053672\n|move|p2a: Breloom|Protect|p2a: Breloom\n|-singleturn|p2a: Breloom|Protect\n|move|p1a: Basculegion|Last Respects|p2a: Breloom\n|-activate|p2a: Breloom|move: Protect\n|move|p1b: Murkrow|Foul Play|p2a: Breloom\n|-activate|p2a: Breloom|move: Protect\n|move|p2b: Archaludon|Electro Shot||[still]\n|-prepare|p2b: Archaludon|Electro Shot\n|-boost|p2b: Archaludon|spa|1\n|-anim|p2b: Archaludon|Electro Shot|p1a: Basculegion\n|-supereffective|p1a: Basculegion\n|-damage|p1a: Basculegion|0 fnt\n|faint|p1a: Basculegion\n|\n|-weather|RainDance|[upkeep]\n|-sideend|p1: Waffles4breakfast|move: Tailwind\n|upkeep\n|\n|t:|1730053674\n|switch|p1a: Archaludon|Archaludon, L50, F|100\/100\n|turn|5\n|\n|t:|1730053691\n|move|p2a: Breloom|Mach Punch|p1b: Murkrow\n|-damage|p1b: Murkrow|0 fnt\n|faint|p1b: Murkrow\n|move|p2b: Archaludon|Dragon Pulse|p1a: Archaludon\n|-damage|p1a: Archaludon|33\/100\n|-ability|p1a: Archaludon|Stamina|boost\n|-boost|p1a: Archaludon|def|1\n|move|p1a: Archaludon|Electro Shot||[still]\n|-prepare|p1a: Archaludon|Electro Shot\n|-boost|p1a: Archaludon|spa|1\n|-anim|p1a: Archaludon|Electro Shot|p2a: Breloom\n|-resisted|p2a: Breloom\n|-damage|p2a: Breloom|34\/100\n|\n|-weather|none\n|upkeep\n|turn|6\n|-message|Waffles4breakfast forfeited.\n|\n|win|Cocobeloeil1\n|raw|Waffles4breakfast's rating: 1721 &rarr; <strong>1698<\/strong><br \/>(-23 for losing)\n|raw|Cocobeloeil1's rating: 1677 &rarr; <strong>1700<\/strong><br \/>(+23 for winning)\n|l|\u2606Waffles4breakfast\n|player|p1|\n|c|\u2606Cocobeloeil1|C\u00f4me\n|c|\u2606Cocobeloeil1|on\n|l|\u2606Cocobeloeil1\n|player|p2|\n","uploadtime":1730053842,"views":13,"formatid":"gen9vgc2024regh","rating":1698,"private":0,"password":null}