{"id":"gen9vgc2024regh-2232143800","format":"[Gen 9] VGC 2024 Reg H","players":["OSAMABINGETINLADIN","chin8"],"log":"|j|\u2606OSAMABINGETINLADIN\n|j|\u2606chin8\n|t:|1730061129\n|gametype|doubles\n|player|p1|OSAMABINGETINLADIN|policeman-gen4|1705\n|player|p2|chin8|gentleman-gen4dp|1647\n|teamsize|p1|6\n|teamsize|p2|6\n|gen|9\n|tier|[Gen 9] VGC 2024 Reg H\n|rated|\n|rule|Species Clause: Limit one of each Pok\u00e9mon\n|rule|Item Clause: Limit 1 of each item\n|clearpoke\n|poke|p1|Murkrow, L50, M|\n|poke|p1|Gholdengo, L50|\n|poke|p1|Pawmot, L50, F|\n|poke|p1|Kommo-o, L50, F|\n|poke|p1|Basculegion, L50, M|\n|poke|p1|Farigiraf, L50, M|\n|poke|p2|Baxcalibur, L50, F|\n|poke|p2|Kilowattrel, L50, M|\n|poke|p2|Annihilape, L50, F|\n|poke|p2|Gardevoir, L50, F|\n|poke|p2|Magmortar, L50, F|\n|poke|p2|Gholdengo, L50|\n|teampreview|4\n|inactive|Battle timer is ON: inactive players will automatically lose when time's up. (requested by OSAMABINGETINLADIN)\n|j| Uggy144\n|inactive|OSAMABINGETINLADIN has 60 seconds left.\n|inactive|chin8 has 60 seconds left.\n|\n|t:|1730061188\n|start\n|switch|p1a: Luis Carruthers|Murkrow, L50, M, shiny|100\/100\n|switch|p1b: Kommo-o|Kommo-o, L50, F|100\/100\n|switch|p2a: Kilowattrel|Kilowattrel, L50, M|100\/100\n|switch|p2b: Baxcalibur|Baxcalibur, L50, F|100\/100\n|turn|1\n|inactive|OSAMABINGETINLADIN has 30 seconds left.\n|\n|t:|1730061219\n|-terastallize|p1b: Kommo-o|Fire\n|-terastallize|p2b: Baxcalibur|Ground\n|move|p1a: Luis Carruthers|Tailwind|p1a: Luis Carruthers\n|-sidestart|p1: OSAMABINGETINLADIN|move: Tailwind\n|move|p1b: Kommo-o|Clanging Scales|p2b: Baxcalibur|[spread] p2a,p2b\n|-damage|p2a: Kilowattrel|23\/100\n|-damage|p2b: Baxcalibur|78\/100\n|-unboost|p1b: Kommo-o|def|1\n|-enditem|p1b: Kommo-o|Throat Spray\n|-boost|p1b: Kommo-o|spa|1|[from] item: Throat Spray\n|move|p2a: Kilowattrel|Air Slash|p1b: Kommo-o\n|-damage|p1b: Kommo-o|60\/100\n|move|p2b: Baxcalibur|Earthquake|p1a: Luis Carruthers|[spread] p1b\n|-immune|p2a: Kilowattrel\n|-immune|p1a: Luis Carruthers\n|-supereffective|p1b: Kommo-o\n|-damage|p1b: Kommo-o|0 fnt\n|faint|p1b: Kommo-o\n|\n|upkeep\n|\n|t:|1730061243\n|switch|p1b: Gholdengo|Gholdengo, L50|100\/100\n|turn|2\n|\n|t:|1730061253\n|move|p1b: Gholdengo|Make It Rain|p2a: Kilowattrel|[spread] p2a,p2b\n|-resisted|p2a: Kilowattrel\n|-damage|p2a: Kilowattrel|0 fnt\n|-damage|p2b: Baxcalibur|39\/100\n|-unboost|p1b: Gholdengo|spa|1\n|faint|p2a: Kilowattrel\n|move|p1a: Luis Carruthers|Foul Play|p2b: Baxcalibur\n|-damage|p2b: Baxcalibur|0 fnt\n|faint|p2b: Baxcalibur\n|\n|upkeep\n|\n|t:|1730061258\n|switch|p2a: Magmortar|Magmortar, L50, F|100\/100\n|switch|p2b: Gholdengo|Gholdengo, L50|100\/100\n|turn|3\n|\n|t:|1730061276\n|move|p1a: Luis Carruthers|Haze|p1a: Luis Carruthers\n|-clearallboost\n|move|p1b: Gholdengo|Make It Rain|p2a: Magmortar|[spread] p2a,p2b\n|-resisted|p2a: Magmortar\n|-resisted|p2b: Gholdengo\n|-crit|p2b: Gholdengo\n|-damage|p2a: Magmortar|68\/100\n|-damage|p2b: Gholdengo|47\/100\n|-unboost|p1b: Gholdengo|spa|1\n|move|p2b: Gholdengo|Shadow Ball|p1b: Gholdengo\n|-supereffective|p1b: Gholdengo\n|-damage|p1b: Gholdengo|0 fnt\n|faint|p1b: Gholdengo\n|move|p2a: Magmortar|Heat Wave|p1a: Luis Carruthers\n|-damage|p1a: Luis Carruthers|62\/100\n|\n|-heal|p2b: Gholdengo|54\/100|[from] item: Leftovers\n|upkeep\n|\n|t:|1730061278\n|switch|p1b: Basculegion|Basculegion, L50, M|100\/100\n|turn|4\n|inactive|OSAMABINGETINLADIN has 30 seconds left.\n|\n|t:|1730061303\n|move|p2b: Gholdengo|Protect|p2b: Gholdengo\n|-singleturn|p2b: Gholdengo|Protect\n|move|p2a: Magmortar|Protect|p2a: Magmortar\n|-singleturn|p2a: Magmortar|Protect\n|move|p1b: Basculegion|Last Respects|p2b: Gholdengo\n|-activate|p2b: Gholdengo|move: Protect\n|move|p1a: Luis Carruthers|Foul Play|p2b: Gholdengo\n|-activate|p2b: Gholdengo|move: Protect\n|\n|-heal|p2b: Gholdengo|60\/100|[from] item: Leftovers\n|-sideend|p1: OSAMABINGETINLADIN|move: Tailwind\n|upkeep\n|turn|5\n|\n|t:|1730061313\n|move|p2a: Magmortar|Follow Me|p2a: Magmortar\n|-singleturn|p2a: Magmortar|move: Follow Me\n|move|p1a: Luis Carruthers|Tailwind|p1a: Luis Carruthers\n|-sidestart|p1: OSAMABINGETINLADIN|move: Tailwind\n|move|p1b: Basculegion|Last Respects|p2a: Magmortar\n|-damage|p2a: Magmortar|0 fnt\n|faint|p2a: Magmortar\n|move|p2b: Gholdengo|Shadow Ball|p1b: Basculegion\n|-supereffective|p1b: Basculegion\n|-damage|p1b: Basculegion|0 fnt\n|faint|p1b: Basculegion\n|\n|-heal|p2b: Gholdengo|66\/100|[from] item: Leftovers\n|upkeep\n|turn|6\n|\n|t:|1730061319\n|move|p2b: Gholdengo|Protect|p2b: Gholdengo\n|-singleturn|p2b: Gholdengo|Protect\n|move|p1a: Luis Carruthers|Foul Play|p2b: Gholdengo\n|-activate|p2b: Gholdengo|move: Protect\n|\n|-heal|p2b: Gholdengo|72\/100|[from] item: Leftovers\n|upkeep\n|turn|7\n|\n|t:|1730061322\n|move|p1a: Luis Carruthers|Foul Play|p2b: Gholdengo\n|-supereffective|p2b: Gholdengo\n|-damage|p2b: Gholdengo|40\/100\n|move|p2b: Gholdengo|Make It Rain|p1a: Luis Carruthers\n|-damage|p1a: Luis Carruthers|0 fnt\n|-unboost|p2b: Gholdengo|spa|1\n|faint|p1a: Luis Carruthers\n|\n|win|chin8\n|raw|OSAMABINGETINLADIN's rating: 1705 &rarr; <strong>1682<\/strong><br \/>(-23 for losing)\n|raw|chin8's rating: 1647 &rarr; <strong>1670<\/strong><br \/>(+23 for winning)\n|l|\u2606OSAMABINGETINLADIN\n|player|p1|\n|l|\u2606chin8\n|player|p2|\n|l| Uggy144\n","uploadtime":1730061597,"views":13,"formatid":"gen9vgc2024regh","rating":1670,"private":0,"password":null}