{"id":"gen9vgc2024regh-2232481536","format":"[Gen 9] VGC 2024 Reg H","players":["GBVGC X76","xlntego"],"log":"|j|\u2606GBVGC X76\n|j|\u2606xlntego\n|t:|1730111680\n|gametype|doubles\n|player|p1|GBVGC X76|hanbei-conquest|1747\n|player|p2|xlntego|266|1680\n|teamsize|p1|6\n|teamsize|p2|6\n|gen|9\n|tier|[Gen 9] VGC 2024 Reg H\n|rated|\n|rule|Species Clause: Limit one of each Pok\u00e9mon\n|rule|Item Clause: Limit 1 of each item\n|clearpoke\n|poke|p1|Gothitelle, L50, F|\n|poke|p1|Dragapult, L50, M|\n|poke|p1|Volcarona, L50, M|\n|poke|p1|Kingambit, L50, M|\n|poke|p1|Sneasler, L50, M|\n|poke|p1|Clefable, L50, M|\n|poke|p2|Incineroar, L50, F|\n|poke|p2|Rillaboom, L50, F|\n|poke|p2|Inteleon, L50, M|\n|poke|p2|Whimsicott, L50, M|\n|poke|p2|Torkoal, L50, M|\n|poke|p2|Gholdengo, L50|\n|teampreview|4\n|\n|t:|1730111727\n|start\n|switch|p1a: Gothitelle|Gothitelle, L50, F|100\/100\n|switch|p1b: Dragapult|Dragapult, L50, M|100\/100\n|switch|p2a: Whimsicott|Whimsicott, L50, M|100\/100\n|switch|p2b: Gholdengo|Gholdengo, L50|100\/100\n|turn|1\n|inactive|Battle timer is ON: inactive players will automatically lose when time's up. (requested by xlntego)\n|\n|t:|1730111752\n|-terastallize|p2b: Gholdengo|Steel\n|move|p1a: Gothitelle|Fake Out|p2b: Gholdengo\n|-resisted|p2b: Gholdengo\n|-damage|p2b: Gholdengo|98\/100\n|move|p2a: Whimsicott|Tailwind|p2a: Whimsicott\n|-sidestart|p2: xlntego|move: Tailwind\n|cant|p2b: Gholdengo|flinch\n|move|p1b: Dragapult|Phantom Force||[still]\n|-prepare|p1b: Dragapult|Phantom Force\n|\n|upkeep\n|turn|2\n|j| FrankoFk Ups\n|inactive|xlntego has 30 seconds left.\n|\n|t:|1730111784\n|move|p1a: Gothitelle|Helping Hand|p1b: Dragapult\n|-singleturn|p1b: Dragapult|Helping Hand|[of] p1a: Gothitelle\n|move|p2a: Whimsicott|Taunt|p1a: Gothitelle\n|-start|p1a: Gothitelle|move: Taunt\n|move|p2b: Gholdengo|Make It Rain|p1a: Gothitelle|[spread] p1a\n|-miss|p2b: Gholdengo|p1b: Dragapult\n|-damage|p1a: Gothitelle|23\/100\n|-unboost|p2b: Gholdengo|spa|1\n|-enditem|p1a: Gothitelle|Sitrus Berry|[eat]\n|-heal|p1a: Gothitelle|47\/100|[from] item: Sitrus Berry\n|move|p1b: Dragapult|Phantom Force|p2b: Gholdengo|[from]lockedmove\n|-damage|p2b: Gholdengo|0 fnt\n|faint|p2b: Gholdengo\n|\n|upkeep\n|l| FrankoFk Ups\n|\n|t:|1730111800\n|switch|p2b: Incineroar|Incineroar, L50, F|100\/100\n|-ability|p2b: Incineroar|Intimidate|boost\n|-unboost|p1a: Gothitelle|atk|1\n|-fail|p1b: Dragapult|unboost|[from] ability: Clear Body|[of] p1b: Dragapult\n|turn|3\n|\n|t:|1730111825\n|switch|p1b: Clefable|Clefable, L50, M|100\/100\n|move|p2a: Whimsicott|Moonblast|p1b: Clefable\n|-damage|p1b: Clefable|76\/100\n|move|p2b: Incineroar|Knock Off|p1a: Gothitelle\n|-supereffective|p1a: Gothitelle\n|-damage|p1a: Gothitelle|0 fnt\n|faint|p1a: Gothitelle\n|\n|upkeep\n|\n|t:|1730111837\n|switch|p1a: Dragapult|Dragapult, L50, M|100\/100\n|turn|4\n|\n|t:|1730111849\n|move|p1b: Clefable|Follow Me|p1b: Clefable\n|-singleturn|p1b: Clefable|move: Follow Me\n|move|p2a: Whimsicott|Taunt|p1b: Clefable\n|-start|p1b: Clefable|move: Taunt\n|move|p1a: Dragapult|Dragon Darts|p2b: Incineroar\n|-damage|p2b: Incineroar|67\/100\n|-anim|p1a: Dragapult|Dragon Darts|p2b: Incineroar\n|-damage|p2b: Incineroar|34\/100\n|-enditem|p2b: Incineroar|Sitrus Berry|[eat]\n|-heal|p2b: Incineroar|59\/100|[from] item: Sitrus Berry\n|move|p2b: Incineroar|Knock Off|p1b: Clefable\n|-resisted|p1b: Clefable\n|-damage|p1b: Clefable|51\/100\n|-damage|p2b: Incineroar|43\/100|[from] item: Rocky Helmet|[of] p1b: Clefable\n|-enditem|p1b: Clefable|Rocky Helmet|[from] move: Knock Off|[of] p2b: Incineroar\n|\n|-sideend|p2: xlntego|move: Tailwind\n|upkeep\n|turn|5\n|\n|t:|1730111872\n|switch|p2b: Torkoal|Torkoal, L50, M|100\/100\n|-weather|SunnyDay|[from] ability: Drought|[of] p2b: Torkoal\n|switch|p1b: Volcarona|Volcarona, L50, M|100\/100\n|move|p2a: Whimsicott|Tailwind|p2a: Whimsicott\n|-sidestart|p2: xlntego|move: Tailwind\n|move|p1a: Dragapult|Dragon Darts|p2b: Torkoal\n|-damage|p2b: Torkoal|75\/100\n|-anim|p1a: Dragapult|Dragon Darts|p2b: Torkoal\n|-damage|p2b: Torkoal|43\/100\n|\n|-weather|SunnyDay|[upkeep]\n|upkeep\n|turn|6\n|\n|t:|1730111894\n|switch|p1a: Clefable|Clefable, L50, M|51\/100\n|move|p2b: Torkoal|Protect|p2b: Torkoal\n|-singleturn|p2b: Torkoal|Protect\n|move|p2a: Whimsicott|Taunt|p1b: Volcarona\n|-start|p1b: Volcarona|move: Taunt\n|move|p1b: Volcarona|Heat Wave|p2a: Whimsicott|[spread] p2a\n|-activate|p2b: Torkoal|move: Protect\n|-supereffective|p2a: Whimsicott\n|-damage|p2a: Whimsicott|0 fnt\n|faint|p2a: Whimsicott\n|\n|-weather|SunnyDay|[upkeep]\n|upkeep\n|\n|t:|1730111906\n|switch|p2a: Incineroar|Incineroar, L50, F|43\/100\n|-ability|p2a: Incineroar|Intimidate|boost\n|-unboost|p1a: Clefable|atk|1\n|-unboost|p1b: Volcarona|atk|1\n|turn|7\n|\n|t:|1730111914\n|move|p2a: Incineroar|Fake Out|p1a: Clefable\n|-damage|p1a: Clefable|37\/100\n|cant|p1a: Clefable|flinch\n|move|p1b: Volcarona|Heat Wave|p2b: Torkoal|[spread] p2a,p2b\n|-resisted|p2a: Incineroar\n|-resisted|p2b: Torkoal\n|-damage|p2a: Incineroar|20\/100\n|-damage|p2b: Torkoal|7\/100\n|move|p2b: Torkoal|Flamethrower|p1b: Volcarona\n|-damage|p1b: Volcarona|43\/100\n|\n|-weather|SunnyDay|[upkeep]\n|upkeep\n|turn|8\n|\n|t:|1730111938\n|-terastallize|p1b: Volcarona|Grass\n|move|p2b: Torkoal|Protect|p2b: Torkoal\n|-singleturn|p2b: Torkoal|Protect\n|move|p1a: Clefable|Follow Me|p1a: Clefable\n|-singleturn|p1a: Clefable|move: Follow Me\n|move|p2a: Incineroar|Flare Blitz|p1a: Clefable\n|-damage|p1a: Clefable|0 fnt\n|faint|p1a: Clefable\n|-damage|p2a: Incineroar|8\/100|[from] Recoil\n|move|p1b: Volcarona|Giga Drain|p2b: Torkoal\n|-activate|p2b: Torkoal|move: Protect\n|\n|-weather|SunnyDay|[upkeep]\n|-end|p1b: Volcarona|move: Taunt\n|-sideend|p2: xlntego|move: Tailwind\n|upkeep\n|\n|t:|1730111941\n|switch|p1a: Dragapult|Dragapult, L50, M|100\/100\n|turn|9\n|-message|xlntego forfeited.\n|\n|win|GBVGC X76\n|raw|GBVGC X76's rating: 1747 &rarr; <strong>1763<\/strong><br \/>(+16 for winning)\n|raw|xlntego's rating: 1680 &rarr; <strong>1664<\/strong><br \/>(-16 for losing)\n|l|\u2606xlntego\n|player|p2|\n|l|\u2606GBVGC X76\n|player|p1|\n","uploadtime":1730112090,"views":12,"formatid":"gen9vgc2024regh","rating":1664,"private":0,"password":null}