{"id":"gen9vgc2024regh-2232863595","format":"[Gen 9] VGC 2024 Reg H","players":["JasePokemonTwitter","D_Bastial"],"log":"|j|\u2606JasePokemonTwitter\n|j|\u2606D_Bastial\n|t:|1730148914\n|gametype|doubles\n|player|p1|JasePokemonTwitter|lucas|1772\n|player|p2|D_Bastial|clay|1678\n|teamsize|p1|6\n|teamsize|p2|6\n|gen|9\n|tier|[Gen 9] VGC 2024 Reg H\n|rated|\n|rule|Species Clause: Limit one of each Pok\u00e9mon\n|rule|Item Clause: Limit 1 of each item\n|clearpoke\n|poke|p1|Samurott-Hisui, L50, F|\n|poke|p1|Dragonite, L50, M|\n|poke|p1|Gholdengo, L50|\n|poke|p1|Annihilape, L50, M|\n|poke|p1|Ursaluna, L50, F|\n|poke|p1|Archaludon, L50, M|\n|poke|p2|Kommo-o, L50, M|\n|poke|p2|Sinistcha-Masterpiece, L50|\n|poke|p2|Rillaboom, L50, M|\n|poke|p2|Electabuzz, L50, F|\n|poke|p2|Murkrow, L50, F|\n|poke|p2|Incineroar, L50, M|\n|teampreview|4\n|inactive|Battle timer is ON: inactive players will automatically lose when time's up. (requested by JasePokemonTwitter)\nD_Bastial has agreed to open team sheets.\n|inactive|JasePokemonTwitter has 60 seconds left.\n|inactive|D_Bastial has 60 seconds left.\n|\n|t:|1730148958\n|start\n|switch|p1a: Annihilape|Annihilape, L50, M|100\/100\n|switch|p1b: Gholdengo|Gholdengo, L50|100\/100\n|switch|p2a: Kommo-o|Kommo-o, L50, M|100\/100\n|switch|p2b: Electabuzz|Electabuzz, L50, F|100\/100\n|turn|1\n|\n|t:|1730148973\n|-terastallize|p2a: Kommo-o|Fire\n|move|p2b: Electabuzz|Follow Me|p2b: Electabuzz\n|-singleturn|p2b: Electabuzz|move: Follow Me\n|move|p1b: Gholdengo|Make It Rain|p2a: Kommo-o|[spread] p2a,p2b\n|-resisted|p2a: Kommo-o\n|-resisted|p2b: Electabuzz\n|-damage|p2a: Kommo-o|74\/100\n|-damage|p2b: Electabuzz|80\/100\n|-unboost|p1b: Gholdengo|spa|1\n|move|p1a: Annihilape|Close Combat|p2b: Electabuzz\n|-damage|p2b: Electabuzz|40\/100\n|-unboost|p1a: Annihilape|def|1\n|-unboost|p1a: Annihilape|spd|1\n|move|p2a: Kommo-o|Clangorous Soul|p2a: Kommo-o\n|-boost|p2a: Kommo-o|atk|1\n|-boost|p2a: Kommo-o|def|1\n|-boost|p2a: Kommo-o|spa|1\n|-boost|p2a: Kommo-o|spd|1\n|-boost|p2a: Kommo-o|spe|1\n|-damage|p2a: Kommo-o|41\/100\n|-enditem|p2a: Kommo-o|Throat Spray\n|-boost|p2a: Kommo-o|spa|1|[from] item: Throat Spray\n|\n|upkeep\n|turn|2\n|\n|t:|1730148989\n|switch|p2b: Sinistcha|Sinistcha-Masterpiece, L50|100\/100\n|-heal|p2a: Kommo-o|66\/100|[from] ability: Hospitality|[of] p2b: Sinistcha\n|move|p2a: Kommo-o|Protect|p2a: Kommo-o\n|-singleturn|p2a: Kommo-o|Protect\n|move|p1b: Gholdengo|Make It Rain|p2b: Sinistcha|[spread] p2b\n|-activate|p2a: Kommo-o|move: Protect\n|-damage|p2b: Sinistcha|75\/100\n|-unboost|p1b: Gholdengo|spa|1\n|-enditem|p2b: Sinistcha|Eject Button\n|\n|t:|1730148998\n|switch|p2b: Electabuzz|Electabuzz, L50, F|40\/100\n|move|p1a: Annihilape|Final Gambit|p2a: Kommo-o\n|-activate|p2a: Kommo-o|move: Protect\n|\n|upkeep\n|turn|3\n|\n|t:|1730149010\n|switch|p1b: Dragonite|Dragonite, L50, M|100\/100\n|move|p2b: Electabuzz|Follow Me|p2b: Electabuzz\n|-singleturn|p2b: Electabuzz|move: Follow Me\n|move|p2a: Kommo-o|Flamethrower|p1a: Annihilape\n|-damage|p1a: Annihilape|0 fnt\n|faint|p1a: Annihilape\n|\n|upkeep\n|\n|t:|1730149020\n|switch|p1a: Gholdengo|Gholdengo, L50|100\/100\n|turn|4\n|\n|t:|1730149029\n|-terastallize|p1a: Gholdengo|Water\n|move|p2b: Electabuzz|Follow Me|p2b: Electabuzz\n|-singleturn|p2b: Electabuzz|move: Follow Me\n|move|p1a: Gholdengo|Make It Rain|p2b: Electabuzz|[spread] p2a,p2b\n|-resisted|p2a: Kommo-o\n|-resisted|p2b: Electabuzz\n|-damage|p2a: Kommo-o|48\/100\n|-damage|p2b: Electabuzz|20\/100\n|-unboost|p1a: Gholdengo|spa|1\n|move|p2a: Kommo-o|Clanging Scales|p1b: Dragonite|[spread] p1a,p1b\n|-supereffective|p1b: Dragonite\n|-damage|p1a: Gholdengo|13\/100\n|-damage|p1b: Dragonite|9\/100\n|-unboost|p2a: Kommo-o|def|1\n|move|p1b: Dragonite|Haze|p1b: Dragonite\n|-clearallboost\n|\n|upkeep\n|turn|5\n|inactive|D_Bastial has 30 seconds left.\n|inactive|D_Bastial has 20 seconds left.\n|\n|t:|1730149065\n|switch|p2a: Sinistcha|Sinistcha-Masterpiece, L50|75\/100\n|-heal|p2b: Electabuzz|45\/100|[from] ability: Hospitality|[of] p2a: Sinistcha\n|move|p1a: Gholdengo|Make It Rain|p2a: Sinistcha|[spread] p2a,p2b\n|-resisted|p2b: Electabuzz\n|-damage|p2a: Sinistcha|37\/100\n|-damage|p2b: Electabuzz|27\/100\n|-unboost|p1a: Gholdengo|spa|1\n|move|p2b: Electabuzz|Electroweb|p1b: Dragonite|[spread] p1a,p1b\n|-supereffective|p1a: Gholdengo\n|-damage|p1a: Gholdengo|0 fnt\n|-damage|p1b: Dragonite|0 fnt\n|faint|p1a: Gholdengo\n|faint|p1b: Dragonite\n|\n|upkeep\n|-message|JasePokemonTwitter forfeited.\n|\n|win|D_Bastial\n|raw|JasePokemonTwitter's rating: 1772 &rarr; <strong>1747<\/strong><br \/>(-25 for losing)\n|raw|D_Bastial's rating: 1678 &rarr; <strong>1703<\/strong><br \/>(+25 for winning)\n|l|\u2606JasePokemonTwitter\n|player|p1|\n|l|\u2606D_Bastial\n|player|p2|\n","uploadtime":1730149299,"views":12,"formatid":"gen9vgc2024regh","rating":1703,"private":0,"password":null}