{"id":"gen9vgc2024regh-2232683502","format":"[Gen 9] VGC 2024 Reg H","players":["Allhailhippo","brouz"],"log":"|j|\u203dAllhailhippo\n|j|\u2606brouz\n|t:|1730133082\n|gametype|doubles\n|player|p1|Allhailhippo|1|1667\n|player|p2|brouz|ingo|1707\n|teamsize|p1|6\n|teamsize|p2|6\n|gen|9\n|tier|[Gen 9] VGC 2024 Reg H\n|rated|\n|rule|Species Clause: Limit one of each Pok\u00e9mon\n|rule|Item Clause: Limit 1 of each item\n|clearpoke\n|poke|p1|Tyranitar, L50, F|\n|poke|p1|Houndstone, L50, F|\n|poke|p1|Whimsicott, L50, F|\n|poke|p1|Indeedee-F, L50, F|\n|poke|p1|Espeon, L50, M|\n|poke|p1|Garchomp, L50, F|\n|poke|p2|Tyranitar, L50, F|\n|poke|p2|Garchomp, L50, F|\n|poke|p2|Talonflame, L50, F|\n|poke|p2|Gastrodon, L50, F|\n|poke|p2|Tsareena, L50, F|\n|poke|p2|Gholdengo, L50|\n|teampreview|4\n|inactive|Battle timer is ON: inactive players will automatically lose when time's up. (requested by Allhailhippo)\n|\n|t:|1730133099\n|start\n|switch|p1a: Whimsicott|Whimsicott, L50, F|100\/100\n|switch|p1b: Garchomp|Garchomp, L50, F|100\/100\n|switch|p2a: Talonflame|Talonflame, L50, F|100\/100\n|switch|p2b: Garchomp|Garchomp, L50, F|100\/100\n|turn|1\n|\n|t:|1730133122\n|switch|p1a: Tyranitar|Tyranitar, L50, F|100\/100\n|-weather|Sandstorm|[from] ability: Sand Stream|[of] p1a: Tyranitar\n|move|p2a: Talonflame|Tailwind|p2a: Talonflame\n|-sidestart|p2: brouz|move: Tailwind\n|move|p2b: Garchomp|Earthquake|p1b: Garchomp|[spread] p1a,p1b\n|-immune|p2a: Talonflame\n|-supereffective|p1a: Tyranitar\n|-damage|p1a: Tyranitar|3\/100\n|-damage|p1b: Garchomp|42\/100\n|move|p1b: Garchomp|Dragon Claw|p2b: Garchomp|[miss]\n|-miss|p1b: Garchomp|p2b: Garchomp\n|\n|-weather|Sandstorm|[upkeep]\n|upkeep\n|turn|2\n|inactive|brouz has 30 seconds left.\n|\n|t:|1730133149\n|move|p1b: Garchomp|Protect|p1b: Garchomp\n|-singleturn|p1b: Garchomp|Protect\n|move|p2a: Talonflame|Brave Bird|p1a: Tyranitar\n|-resisted|p1a: Tyranitar\n|-damage|p1a: Tyranitar|0 fnt\n|faint|p1a: Tyranitar\n|-damage|p2a: Talonflame|99\/100|[from] Recoil\n|move|p2b: Garchomp|Earthquake|p1b: Garchomp|[spread] \n|-activate|p1b: Garchomp|move: Protect\n|-immune|p2a: Talonflame\n|\n|-weather|Sandstorm|[upkeep]\n|upkeep\n|\n|t:|1730133163\n|switch|p1a: Whimsicott|Whimsicott, L50, F|100\/100\n|turn|3\n|\n|t:|1730133173\n|move|p1a: Whimsicott|Tailwind|p1a: Whimsicott\n|-sidestart|p1: Allhailhippo|move: Tailwind\n|move|p2a: Talonflame|Brave Bird|p1a: Whimsicott\n|-supereffective|p1a: Whimsicott\n|-damage|p1a: Whimsicott|17\/100\n|-damage|p2a: Talonflame|75\/100|[from] Recoil\n|move|p1b: Garchomp|Dragon Claw|p2b: Garchomp\n|-supereffective|p2b: Garchomp\n|-damage|p2b: Garchomp|0 fnt\n|faint|p2b: Garchomp\n|-damage|p1b: Garchomp|33\/100|[from] item: Life Orb\n|\n|-weather|Sandstorm|[upkeep]\n|-damage|p1a: Whimsicott|11\/100|[from] Sandstorm\n|upkeep\n|\n|t:|1730133186\n|switch|p2b: Gholdengo|Gholdengo, L50|100\/100\n|turn|4\n|\n|t:|1730133195\n|-terastallize|p2b: Gholdengo|Flying\n|move|p1a: Whimsicott|Protect|p1a: Whimsicott\n|-singleturn|p1a: Whimsicott|Protect\n|move|p1b: Garchomp|Protect|p1b: Garchomp\n|-singleturn|p1b: Garchomp|Protect\n|move|p2a: Talonflame|Brave Bird|p1a: Whimsicott\n|-activate|p1a: Whimsicott|move: Protect\n|move|p2b: Gholdengo|Make It Rain|p1b: Garchomp|[spread] \n|-activate|p1a: Whimsicott|move: Protect\n|-activate|p1b: Garchomp|move: Protect\n|\n|-weather|Sandstorm|[upkeep]\n|-damage|p2b: Gholdengo|94\/100|[from] Sandstorm\n|-damage|p1a: Whimsicott|5\/100|[from] Sandstorm\n|-sideend|p2: brouz|move: Tailwind\n|upkeep\n|turn|5\n|\n|t:|1730133216\n|move|p1b: Garchomp|Dragon Claw|p2b: Gholdengo\n|-damage|p2b: Gholdengo|34\/100\n|-damage|p1b: Garchomp|23\/100|[from] item: Life Orb\n|move|p1a: Whimsicott|Moonblast|p2b: Gholdengo\n|-damage|p2b: Gholdengo|0 fnt\n|faint|p2b: Gholdengo\n|move|p2a: Talonflame|Tailwind|p2a: Talonflame\n|-sidestart|p2: brouz|move: Tailwind\n|\n|-weather|none\n|upkeep\n|\n|t:|1730133218\n|switch|p2b: Tyranitar|Tyranitar, L50, F|100\/100\n|-weather|Sandstorm|[from] ability: Sand Stream|[of] p2b: Tyranitar\n|turn|6\n|\n|t:|1730133228\n|move|p2b: Tyranitar|Protect|p2b: Tyranitar\n|-singleturn|p2b: Tyranitar|Protect\n|move|p1a: Whimsicott|Encore|p2a: Talonflame\n|-start|p2a: Talonflame|Encore\n|move|p2a: Talonflame|Tailwind||[still]\n|-fail|p2a: Talonflame\n|move|p1b: Garchomp|Stomping Tantrum|p2b: Tyranitar\n|-activate|p2b: Tyranitar|move: Protect\n|\n|-weather|Sandstorm|[upkeep]\n|-damage|p1a: Whimsicott|0 fnt|[from] Sandstorm\n|faint|p1a: Whimsicott\n|-sideend|p1: Allhailhippo|move: Tailwind\n|upkeep\n|\n|t:|1730133230\n|switch|p1a: Houndstone|Houndstone, L50, F|100\/100\n|turn|7\n|j| Elv3r G4larga\n|\n|t:|1730133241\n|-terastallize|p1a: Houndstone|Fighting\n|move|p2a: Talonflame|Tailwind||[still]\n|-fail|p2a: Talonflame\n|move|p1a: Houndstone|Tera Blast|p2b: Tyranitar|[anim] Tera Blast Fighting\n|-supereffective|p2b: Tyranitar\n|-damage|p2b: Tyranitar|0 fnt\n|faint|p2b: Tyranitar\n|move|p1b: Garchomp|Dragon Claw|p2a: Talonflame\n|-damage|p2a: Talonflame|5\/100\n|-damage|p1b: Garchomp|13\/100|[from] item: Life Orb\n|\n|-weather|Sandstorm|[upkeep]\n|upkeep\n|turn|8\n|-message|brouz forfeited.\n|\n|win|Allhailhippo\n|raw|Allhailhippo's rating: 1667 &rarr; <strong>1689<\/strong><br \/>(+22 for winning)\n|raw|brouz's rating: 1707 &rarr; <strong>1685<\/strong><br \/>(-22 for losing)\n|l|\u2606brouz\n|player|p2|\n|l|\u203dAllhailhippo\n|player|p1|\n|l| Elv3r G4larga\n","uploadtime":1730133461,"views":13,"formatid":"gen9vgc2024regh","rating":1685,"private":0,"password":null}