{"id":"gen9vgc2024regh-2232949705","format":"[Gen 9] VGC 2024 Reg H","players":["Pokipls","Luca8"],"log":"|j|\u2606Pokipls\n|j|\u2606Luca8\n|t:|1730157933\n|gametype|doubles\n|player|p1|Pokipls|170|1676\n|player|p2|Luca8|flint|1710\n|teamsize|p1|6\n|teamsize|p2|6\n|gen|9\n|tier|[Gen 9] VGC 2024 Reg H\n|rated|\n|rule|Species Clause: Limit one of each Pok\u00e9mon\n|rule|Item Clause: Limit 1 of each item\n|clearpoke\n|poke|p1|Blaziken, L50, M|\n|poke|p1|Dragonite, L50, M|\n|poke|p1|Comfey, L50, F|\n|poke|p1|Gholdengo, L50|\n|poke|p1|Murkrow, L50, M|\n|poke|p1|Kingambit, L50, M|\n|poke|p2|Archaludon, L50, M|\n|poke|p2|Typhlosion-Hisui, L50, F|\n|poke|p2|Sneasler, L50, M|\n|poke|p2|Pelipper, L50, F|\n|poke|p2|Indeedee, L50, M|\n|poke|p2|Murkrow, L50, F|\n|teampreview|4\n|j| tolkuschampion\n|j| mr pogostick\n|inactive|Battle timer is ON: inactive players will automatically lose when time's up. (requested by Luca8)\n|l| mr pogostick\n|inactive|Pokipls has 60 seconds left.\n|\n|t:|1730158009\n|start\n|switch|p1a: Blaziken|Blaziken, L50, M|100\/100\n|switch|p1b: Dragonite|Dragonite, L50, M|100\/100\n|switch|p2a: Typhlosion|Typhlosion-Hisui, L50, F|100\/100\n|switch|p2b: Indeedee|Indeedee, L50, M|100\/100\n|-fieldstart|move: Psychic Terrain|[from] ability: Psychic Surge|[of] p2b: Indeedee\n|turn|1\n|\n|t:|1730158029\n|move|p1a: Blaziken|Protect|p1a: Blaziken\n|-singleturn|p1a: Blaziken|Protect\n|move|p1b: Dragonite|Protect|p1b: Dragonite\n|-singleturn|p1b: Dragonite|Protect\n|move|p2a: Typhlosion|Shadow Ball|p1b: Dragonite\n|-activate|p1b: Dragonite|move: Protect\n|move|p2b: Indeedee|Expanding Force|p1b: Dragonite|[spread] \n|-activate|p1a: Blaziken|move: Protect\n|-activate|p1b: Dragonite|move: Protect\n|\n|-ability|p1a: Blaziken|Speed Boost|boost\n|-boost|p1a: Blaziken|spe|1\n|upkeep\n|turn|2\n|\n|t:|1730158051\n|move|p2a: Typhlosion|Shadow Ball|p1a: Blaziken\n|-damage|p1a: Blaziken|40\/100\n|move|p1a: Blaziken|Coaching|p1b: Dragonite\n|-boost|p1b: Dragonite|atk|1\n|-boost|p1b: Dragonite|def|1\n|move|p2b: Indeedee|Expanding Force|p1b: Dragonite|[spread] p1a,p1b\n|-supereffective|p1a: Blaziken\n|-damage|p1a: Blaziken|0 fnt\n|-damage|p1b: Dragonite|66\/100\n|faint|p1a: Blaziken\n|move|p1b: Dragonite|Scale Shot|p2b: Indeedee\n|-damage|p2b: Indeedee|64\/100\n|-damage|p2b: Indeedee|22\/100\n|-damage|p2b: Indeedee|0 fnt\n|faint|p2b: Indeedee\n|-hitcount|p2: Indeedee|3\n|-unboost|p1b: Dragonite|def|1\n|-boost|p1b: Dragonite|spe|1\n|\n|upkeep\n|\n|t:|1730158073\n|switch|p2b: Sneasler|Sneasler, L50, M|100\/100\n|switch|p1a: Comfey|Comfey, L50, F|100\/100\n|-enditem|p2b: Sneasler|Psychic Seed\n|-boost|p2b: Sneasler|spd|1|[from] item: Psychic Seed\n|turn|3\n|\n|t:|1730158089\n|move|p1a: Comfey|Floral Healing|p1b: Dragonite\n|-heal|p1b: Dragonite|100\/100\n|move|p2b: Sneasler|Dire Claw|p1b: Dragonite\n|-damage|p1b: Dragonite|77\/100\n|-status|p1b: Dragonite|psn\n|move|p2a: Typhlosion|Shadow Ball|p1b: Dragonite\n|-damage|p1b: Dragonite|36\/100 psn\n|move|p1b: Dragonite|Scale Shot|p2b: Sneasler\n|-damage|p2b: Sneasler|62\/100\n|-damage|p2b: Sneasler|28\/100\n|-damage|p2b: Sneasler|0 fnt\n|faint|p2b: Sneasler\n|-hitcount|p2: Sneasler|3\n|-unboost|p1b: Dragonite|def|1\n|-boost|p1b: Dragonite|spe|1\n|\n|-damage|p1b: Dragonite|24\/100 psn|[from] psn\n|upkeep\n|\n|t:|1730158110\n|switch|p2b: Archaludon|Archaludon, L50, M|100\/100\n|turn|4\n|\n|t:|1730158131\n|move|p1a: Comfey|Floral Healing|p1b: Dragonite\n|-heal|p1b: Dragonite|74\/100 psn\n|move|p2a: Typhlosion|Shadow Ball|p1b: Dragonite\n|-damage|p1b: Dragonite|37\/100 psn\n|move|p1b: Dragonite|Scale Shot|p2a: Typhlosion\n|-damage|p2a: Typhlosion|68\/100\n|-damage|p2a: Typhlosion|37\/100\n|-damage|p2a: Typhlosion|3\/100\n|-damage|p2a: Typhlosion|0 fnt\n|faint|p2a: Typhlosion\n|-hitcount|p2: Typhlosion|4\n|-unboost|p1b: Dragonite|def|1\n|-boost|p1b: Dragonite|spe|1\n|move|p2b: Archaludon|Snarl|p1a: Comfey|[spread] p1a,p1b\n|-resisted|p1a: Comfey\n|-damage|p1a: Comfey|94\/100\n|-damage|p1b: Dragonite|26\/100 psn\n|-unboost|p1a: Comfey|spa|1\n|-unboost|p1b: Dragonite|spa|1\n|\n|-damage|p1b: Dragonite|14\/100 psn|[from] psn\n|upkeep\n|turn|5\n|inactive|Pokipls has 30 seconds left.\n|inactive|Luca8 has 30 seconds left.\n|\n|t:|1730158161\n|move|p1a: Comfey|Floral Healing|p1b: Dragonite\n|-heal|p1b: Dragonite|64\/100 psn\n|move|p1b: Dragonite|Scale Shot|p2b: Archaludon\n|-damage|p2b: Archaludon|82\/100\n|-ability|p2b: Archaludon|Stamina|boost\n|-boost|p2b: Archaludon|def|1\n|-damage|p2b: Archaludon|71\/100\n|-ability|p2b: Archaludon|Stamina|boost\n|-boost|p2b: Archaludon|def|1\n|-damage|p2b: Archaludon|62\/100\n|-ability|p2b: Archaludon|Stamina|boost\n|-boost|p2b: Archaludon|def|1\n|-damage|p2b: Archaludon|55\/100\n|-ability|p2b: Archaludon|Stamina|boost\n|-boost|p2b: Archaludon|def|1\n|-damage|p2b: Archaludon|49\/100\n|-ability|p2b: Archaludon|Stamina|boost\n|-boost|p2b: Archaludon|def|1\n|-hitcount|p2b: Archaludon|5\n|-unboost|p1b: Dragonite|def|1\n|-boost|p1b: Dragonite|spe|1\n|move|p2b: Archaludon|Electro Shot||[still]\n|-prepare|p2b: Archaludon|Electro Shot\n|-boost|p2b: Archaludon|spa|1\n|\n|-damage|p1b: Dragonite|52\/100 psn|[from] psn\n|-fieldend|move: Psychic Terrain\n|upkeep\n|turn|6\n|inactive|Pokipls has 30 seconds left.\n|inactive|Luca8 has 30 seconds left.\n|\n|t:|1730158189\n|move|p1a: Comfey|Floral Healing|p1b: Dragonite\n|-heal|p1b: Dragonite|100\/100 psn\n|move|p1b: Dragonite|Scale Shot|p2b: Archaludon\n|-damage|p2b: Archaludon|44\/100\n|-ability|p2b: Archaludon|Stamina|boost\n|-boost|p2b: Archaludon|def|1\n|-damage|p2b: Archaludon|39\/100\n|-damage|p2b: Archaludon|35\/100\n|-damage|p2b: Archaludon|30\/100\n|-hitcount|p2b: Archaludon|4\n|-unboost|p1b: Dragonite|def|1\n|-boost|p1b: Dragonite|spe|1\n|move|p2b: Archaludon|Electro Shot|p1b: Dragonite|[from]lockedmove\n|-damage|p1b: Dragonite|74\/100 psn\n|\n|-damage|p1b: Dragonite|62\/100 psn|[from] psn\n|upkeep\n|turn|7\n|\n|t:|1730158209\n|move|p1b: Dragonite|Scale Shot|p2b: Archaludon\n|-damage|p2b: Archaludon|26\/100\n|-damage|p2b: Archaludon|22\/100\n|-damage|p2b: Archaludon|17\/100\n|-damage|p2b: Archaludon|12\/100\n|-damage|p2b: Archaludon|8\/100\n|-hitcount|p2b: Archaludon|5\n|-unboost|p1b: Dragonite|def|1\n|-boost|p1b: Dragonite|spe|1\n|move|p1a: Comfey|Tailwind|p1a: Comfey\n|-sidestart|p1: Pokipls|move: Tailwind\n|move|p2b: Archaludon|Body Press|p1b: Dragonite\n|-resisted|p1b: Dragonite\n|-damage|p1b: Dragonite|0 fnt\n|faint|p1b: Dragonite\n|\n|upkeep\n|j| lpo8\n|\n|t:|1730158223\n|switch|p1b: Gholdengo|Gholdengo, L50|100\/100\n|turn|8\n|\n|t:|1730158229\n|move|p1a: Comfey|Draining Kiss|p2b: Archaludon\n|-damage|p2b: Archaludon|3\/100\n|-heal|p1a: Comfey|99\/100|[from] drain|[of] p2b: Archaludon\n|move|p1b: Gholdengo|Shadow Ball|p2b: Archaludon\n|-damage|p2b: Archaludon|0 fnt\n|faint|p2b: Archaludon\n|\n|win|Pokipls\n|raw|Pokipls's rating: 1676 &rarr; <strong>1698<\/strong><br \/>(+22 for winning)\n|raw|Luca8's rating: 1710 &rarr; <strong>1688<\/strong><br \/>(-22 for losing)\n|l|\u2606Luca8\n|player|p2|\n|j| mr pogostick\n|l|\u2606Pokipls\n|player|p1|\n|l| mr pogostick\n|l| lpo8\n","uploadtime":1730158420,"views":15,"formatid":"gen9vgc2024regh","rating":1688,"private":0,"password":null}