{"id":"gen9vgc2024regh-2232402957","format":"[Gen 9] VGC 2024 Reg H","players":["ren122333","Krillinionaire"],"log":"|j|\u2606ren122333\n|j|\u2606Krillinionaire\n|t:|1730096373\n|gametype|doubles\n|player|p1|ren122333|hilbert|1747\n|player|p2|Krillinionaire|roughneck|1725\n|teamsize|p1|6\n|teamsize|p2|6\n|gen|9\n|tier|[Gen 9] VGC 2024 Reg H\n|rated|\n|rule|Species Clause: Limit one of each Pok\u00e9mon\n|rule|Item Clause: Limit 1 of each item\n|clearpoke\n|poke|p1|Whimsicott, L50, M|\n|poke|p1|Mamoswine, L50, M|\n|poke|p1|Lycanroc-Dusk, L50, F|\n|poke|p1|Typhlosion-Hisui, L50, F|\n|poke|p1|Farigiraf, L50, F|\n|poke|p1|Mienshao, L50, F|\n|poke|p2|Archaludon, L50, M|\n|poke|p2|Talonflame, L50, M|\n|poke|p2|Garchomp, L50, F|\n|poke|p2|Ninetales-Alola, L50, M|\n|poke|p2|Gholdengo, L50|\n|poke|p2|Sneasler, L50, F|\n|teampreview|4\n|inactive|Battle timer is ON: inactive players will automatically lose when time's up. (requested by ren122333)\n|\n|t:|1730096411\n|start\n|switch|p1a: Whimsicott|Whimsicott, L50, M|100\/100\n|switch|p1b: Lycanroc|Lycanroc-Dusk, L50, F|100\/100\n|switch|p2a: Talonflame|Talonflame, L50, M|100\/100\n|switch|p2b: Sneasler|Sneasler, L50, F|100\/100\n|turn|1\n|\n|t:|1730096418\n|move|p2a: Talonflame|Tailwind|p2a: Talonflame\n|-sidestart|p2: Krillinionaire|move: Tailwind\n|move|p1a: Whimsicott|Tailwind|p1a: Whimsicott\n|-sidestart|p1: ren122333|move: Tailwind\n|move|p2b: Sneasler|Close Combat|p1b: Lycanroc\n|-supereffective|p1b: Lycanroc\n|-damage|p1b: Lycanroc|0 fnt\n|-unboost|p2b: Sneasler|def|1\n|-unboost|p2b: Sneasler|spd|1\n|-enditem|p2b: Sneasler|White Herb\n|-clearnegativeboost|p2b: Sneasler|[silent]\n|faint|p1b: Lycanroc\n|\n|upkeep\n|\n|t:|1730096430\n|switch|p1b: Mienshao|Mienshao, L50, F|100\/100\n|turn|2\n|\n|t:|1730096446\n|-terastallize|p2b: Sneasler|Ghost\n|move|p1a: Whimsicott|Encore|p2b: Sneasler\n|-start|p2b: Sneasler|Encore\n|move|p2b: Sneasler|Close Combat|p1a: Whimsicott\n|-resisted|p1a: Whimsicott\n|-damage|p1a: Whimsicott|55\/100\n|-unboost|p2b: Sneasler|def|1\n|-unboost|p2b: Sneasler|spd|1\n|move|p2a: Talonflame|Will-O-Wisp|p1b: Mienshao\n|-status|p1b: Mienshao|brn\n|move|p1b: Mienshao|Knock Off|p2a: Talonflame\n|-damage|p2a: Talonflame|74\/100\n|-enditem|p2a: Talonflame|Covert Cloak|[from] move: Knock Off|[of] p1b: Mienshao\n|-damage|p1b: Mienshao|90\/100 brn|[from] item: Life Orb\n|\n|-damage|p1b: Mienshao|85\/100 brn|[from] brn\n|upkeep\n|turn|3\n|\n|t:|1730096467\n|switch|p1b: Typhlosion|Typhlosion-Hisui, L50, F|100\/100\n|move|p1a: Whimsicott|Encore|p2a: Talonflame\n|-start|p2a: Talonflame|Encore\n|move|p2b: Sneasler|Close Combat|p1b: Typhlosion\n|-immune|p1b: Typhlosion\n|move|p2a: Talonflame|Will-O-Wisp|p1b: Typhlosion\n|-immune|p1b: Typhlosion\n|\n|upkeep\n|turn|4\n|inactive|ren122333 has 30 seconds left.\n|\n|t:|1730096500\n|switch|p2b: Gholdengo|Gholdengo, L50|100\/100\n|switch|p2a: Garchomp|Garchomp, L50, F|100\/100\n|-terastallize|p1a: Whimsicott|Ghost\n|move|p1a: Whimsicott|Moonblast|p2a: Garchomp\n|-supereffective|p2a: Garchomp\n|-damage|p2a: Garchomp|21\/100\n|move|p1b: Typhlosion|Eruption|p2a: Garchomp|[spread] p2a,p2b\n|-resisted|p2a: Garchomp\n|-supereffective|p2b: Gholdengo\n|-damage|p2a: Garchomp|0 fnt\n|-damage|p2b: Gholdengo|0 fnt\n|faint|p2a: Garchomp\n|faint|p2b: Gholdengo\n|\n|-sideend|p2: Krillinionaire|move: Tailwind\n|-sideend|p1: ren122333|move: Tailwind\n|upkeep\n|\n|t:|1730096503\n|switch|p2a: Sneasler|Sneasler, L50, F, tera:Ghost|100\/100\n|switch|p2b: Talonflame|Talonflame, L50, M|74\/100\n|turn|5\n|-message|Krillinionaire forfeited.\n|\n|win|ren122333\n|raw|ren122333's rating: 1747 &rarr; <strong>1766<\/strong><br \/>(+19 for winning)\n|raw|Krillinionaire's rating: 1725 &rarr; <strong>1706<\/strong><br \/>(-19 for losing)\n|l|\u2606Krillinionaire\n|player|p2|\n|l|\u2606ren122333\n|player|p1|\n","uploadtime":1730096750,"views":20,"formatid":"gen9vgc2024regh","rating":1706,"private":0,"password":null}