{"id":"gen9vgc2024regh-2232086057","format":"[Gen 9] VGC 2024 Reg H","players":["Waffles4breakfast","Psyducks in 6"],"log":"|j|\u2606Waffles4breakfast\n|j|\u2606Psyducks in 6\n|t:|1730054921\n|gametype|doubles\n|player|p1|Waffles4breakfast|juggler|1717\n|player|p2|Psyducks in 6|hiker-gen4|1726\n|teamsize|p1|6\n|teamsize|p2|6\n|gen|9\n|tier|[Gen 9] VGC 2024 Reg H\n|rated|\n|rule|Species Clause: Limit one of each Pok\u00e9mon\n|rule|Item Clause: Limit 1 of each item\n|clearpoke\n|poke|p1|Archaludon, L50, F|\n|poke|p1|Pelipper, L50, F|\n|poke|p1|Basculegion, L50, M|\n|poke|p1|Amoonguss, L50, M|\n|poke|p1|Gholdengo, L50|\n|poke|p1|Murkrow, L50, F|\n|poke|p2|Annihilape, L50, F|\n|poke|p2|Garchomp, L50, M|\n|poke|p2|Corviknight, L50, M|\n|poke|p2|Clefable, L50, F|\n|poke|p2|Gholdengo, L50|\n|poke|p2|Incineroar, L50, M|\n|teampreview|4\n|inactive|Battle timer is ON: inactive players will automatically lose when time's up. (requested by Waffles4breakfast)\n|inactive|Psyducks in 6 has 60 seconds left.\n|\n|t:|1730054990\n|start\n|switch|p1a: Gholdengo|Gholdengo, L50|100\/100\n|switch|p1b: Murkrow|Murkrow, L50, F|100\/100\n|switch|p2a: Garchomp|Garchomp, L50, M|100\/100\n|switch|p2b: Clefable|Clefable, L50, F|100\/100\n|turn|1\n|j| BlindMagneton\n|\n|t:|1730055008\n|-terastallize|p1a: Gholdengo|Steel\n|-terastallize|p2b: Clefable|Water\n|move|p2a: Garchomp|Protect|p2a: Garchomp\n|-singleturn|p2a: Garchomp|Protect\n|move|p1b: Murkrow|Tailwind|p1b: Murkrow\n|-sidestart|p1: Waffles4breakfast|move: Tailwind\n|move|p1a: Gholdengo|Make It Rain|p2b: Clefable|[spread] p2b\n|-activate|p2a: Garchomp|move: Protect\n|-resisted|p2b: Clefable\n|-damage|p2b: Clefable|59\/100\n|-unboost|p1a: Gholdengo|spa|1\n|move|p2b: Clefable|Moonblast|p1b: Murkrow\n|-supereffective|p1b: Murkrow\n|-damage|p1b: Murkrow|42\/100\n|\n|upkeep\n|turn|2\n|\n|t:|1730055026\n|switch|p2a: Apple Jack|Gholdengo, L50|100\/100\n|move|p1b: Murkrow|Haze|p1b: Murkrow\n|-clearallboost\n|move|p1a: Gholdengo|Make It Rain|p2b: Clefable|[spread] p2a,p2b\n|-resisted|p2a: Apple Jack\n|-resisted|p2b: Clefable\n|-damage|p2a: Apple Jack|56\/100\n|-damage|p2b: Clefable|18\/100\n|-unboost|p1a: Gholdengo|spa|1\n|move|p2b: Clefable|Life Dew|p2b: Clefable|[spread] p2b\n|-immune|p2a: Apple Jack|[from] ability: Good as Gold\n|-heal|p2b: Clefable|43\/100\n|\n|-heal|p2a: Apple Jack|63\/100|[from] item: Leftovers\n|upkeep\n|turn|3\n|\n|t:|1730055049\n|move|p2b: Clefable|Protect|p2b: Clefable\n|-singleturn|p2b: Clefable|Protect\n|move|p1a: Gholdengo|Make It Rain|p2a: Apple Jack|[spread] p2a\n|-activate|p2b: Clefable|move: Protect\n|-resisted|p2a: Apple Jack\n|-damage|p2a: Apple Jack|28\/100\n|-unboost|p1a: Gholdengo|spa|1\n|move|p1b: Murkrow|Foul Play|p2a: Apple Jack\n|-supereffective|p2a: Apple Jack\n|-crit|p2a: Apple Jack\n|-damage|p2a: Apple Jack|0 fnt\n|faint|p2a: Apple Jack\n|\n|upkeep\n|\n|t:|1730055056\n|switch|p2a: Garchomp|Garchomp, L50, M|100\/100\n|turn|4\n|l| BlindMagneton\n|\n|t:|1730055063\n|move|p2a: Garchomp|Protect|p2a: Garchomp\n|-singleturn|p2a: Garchomp|Protect\n|move|p1a: Gholdengo|Make It Rain|p2b: Clefable|[spread] p2b\n|-activate|p2a: Garchomp|move: Protect\n|-resisted|p2b: Clefable\n|-damage|p2b: Clefable|3\/100\n|-unboost|p1a: Gholdengo|spa|1\n|move|p1b: Murkrow|Foul Play|p2b: Clefable\n|-damage|p2b: Clefable|0 fnt\n|faint|p2b: Clefable\n|\n|-sideend|p1: Waffles4breakfast|move: Tailwind\n|upkeep\n|\n|t:|1730055064\n|switch|p2b: Annihilape|Annihilape, L50, F|100\/100\n|turn|5\n|j| BlindMagneton\n|\n|t:|1730055074\n|switch|p1a: Pelipper|Pelipper, L50, F|100\/100\n|-weather|RainDance|[from] ability: Drizzle|[of] p1a: Pelipper\n|move|p1b: Murkrow|Tailwind|p1b: Murkrow\n|-sidestart|p1: Waffles4breakfast|move: Tailwind\n|move|p2b: Annihilape|Low Sweep|p1a: Pelipper\n|-resisted|p1a: Pelipper\n|-damage|p1a: Pelipper|84\/100\n|-unboost|p1a: Pelipper|spe|1\n|move|p2a: Garchomp|Earthquake|p1a: Pelipper|[spread] p2b\n|-immune|p1a: Pelipper\n|-immune|p1b: Murkrow\n|-damage|p2b: Annihilape|53\/100\n|-damage|p2a: Garchomp|91\/100|[from] item: Life Orb\n|\n|-weather|RainDance|[upkeep]\n|upkeep\n|turn|6\n|-message|Psyducks in 6 forfeited.\n|\n|win|Waffles4breakfast\n|raw|Waffles4breakfast's rating: 1717 &rarr; <strong>1738<\/strong><br \/>(+21 for winning)\n|raw|Psyducks in 6's rating: 1726 &rarr; <strong>1705<\/strong><br \/>(-21 for losing)\n|l|\u2606Psyducks in 6\n|player|p2|\n|l|\u2606Waffles4breakfast\n|player|p1|\n|l| BlindMagneton\n","uploadtime":1730055232,"views":18,"formatid":"gen9vgc2024regh","rating":1705,"private":0,"password":null}