{"id":"gen9vgc2024regh-2232557704","format":"[Gen 9] VGC 2024 Reg H","players":["superpowerpoke","htotoT"],"log":"|j|\u2606superpowerpoke\n|j|\u2606htotoT\n|t:|1730121495\n|gametype|doubles\n|player|p1|superpowerpoke|266|1744\n|player|p2|htotoT|265|1704\n|teamsize|p1|6\n|teamsize|p2|6\n|gen|9\n|tier|[Gen 9] VGC 2024 Reg H\n|rated|\n|rule|Species Clause: Limit one of each Pok\u00e9mon\n|rule|Item Clause: Limit 1 of each item\n|clearpoke\n|poke|p1|Gholdengo, L50|\n|poke|p1|Ninetales-Alola, L50, M|\n|poke|p1|Ursaluna-Bloodmoon, L50, M|\n|poke|p1|Dondozo, L50, F|\n|poke|p1|Annihilape, L50, M|\n|poke|p1|Incineroar, L50, F|\n|poke|p2|Gholdengo, L50|\n|poke|p2|Murkrow, L50, F|\n|poke|p2|Pelipper, L50, M|\n|poke|p2|Archaludon, L50, M|\n|poke|p2|Amoonguss, L50, F|\n|poke|p2|Zoroark-Hisui, L50, F|\n|teampreview|4\n|inactive|Battle timer is ON: inactive players will automatically lose when time's up. (requested by htotoT)\n|inactive|superpowerpoke has 60 seconds left.\n|\n|t:|1730121546\n|start\n|switch|p1a: Ursaluna|Ursaluna-Bloodmoon, L50, M|100\/100\n|switch|p1b: Incineroar|Incineroar, L50, F|100\/100\n|switch|p2a: Murkrow|Murkrow, L50, F|100\/100\n|switch|p2b: Gholdengo|Gholdengo, L50|100\/100\n|-ability|p1b: Incineroar|Intimidate|boost\n|-unboost|p2a: Murkrow|atk|1\n|-unboost|p2b: Gholdengo|atk|1\n|turn|1\n|\n|t:|1730121562\n|switch|p2b: Pelipper|Pelipper, L50, M|100\/100\n|-weather|RainDance|[from] ability: Drizzle|[of] p2b: Pelipper\n|switch|p2a: Archaludon|Archaludon, L50, M|100\/100\n|move|p1b: Incineroar|Knock Off|p2b: Pelipper\n|-damage|p2b: Pelipper|51\/100\n|-enditem|p2b: Pelipper|Focus Sash|[from] move: Knock Off|[of] p1b: Incineroar\n|move|p1a: Ursaluna|Hyper Voice|p2a: Archaludon|[spread] p2a,p2b\n|-resisted|p2a: Archaludon\n|-damage|p2a: Archaludon|81\/100\n|-damage|p2b: Pelipper|0 fnt\n|-ability|p2a: Archaludon|Stamina|boost\n|-boost|p2a: Archaludon|def|1\n|faint|p2b: Pelipper\n|\n|-weather|RainDance|[upkeep]\n|upkeep\n|\n|t:|1730121580\n|switch|p2b: Gholdengo|Gholdengo, L50|100\/100\n|turn|2\n|inactive|superpowerpoke has 30 seconds left.\n|\n|t:|1730121608\n|-terastallize|p2b: Gholdengo|Steel\n|move|p2a: Archaludon|Aura Sphere|p1b: Incineroar\n|-supereffective|p1b: Incineroar\n|-enditem|p1b: Incineroar|Chople Berry|[eat]\n|-enditem|p1b: Incineroar|Chople Berry|[weaken]\n|-damage|p1b: Incineroar|83\/100\n|move|p2b: Gholdengo|Make It Rain|p1a: Ursaluna|[spread] p1a,p1b\n|-resisted|p1b: Incineroar\n|-damage|p1a: Ursaluna|28\/100\n|-damage|p1b: Incineroar|49\/100\n|-unboost|p2b: Gholdengo|spa|1\n|move|p1b: Incineroar|Knock Off|p2b: Gholdengo\n|-damage|p2b: Gholdengo|54\/100\n|-enditem|p2b: Gholdengo|Choice Specs|[from] move: Knock Off|[of] p1b: Incineroar\n|move|p1a: Ursaluna|Earth Power|p2b: Gholdengo\n|-supereffective|p2b: Gholdengo\n|-damage|p2b: Gholdengo|0 fnt\n|faint|p2b: Gholdengo\n|\n|-weather|RainDance|[upkeep]\n|upkeep\n|\n|t:|1730121622\n|switch|p2b: Murkrow|Murkrow, L50, F|100\/100\n|turn|3\n|inactive|superpowerpoke has 30 seconds left.\n|\n|t:|1730121650\n|move|p2a: Archaludon|Electro Shot||[still]\n|-prepare|p2a: Archaludon|Electro Shot\n|-boost|p2a: Archaludon|spa|1\n|-anim|p2a: Archaludon|Electro Shot|p1b: Incineroar\n|-damage|p1b: Incineroar|5\/100\n|move|p2b: Murkrow|Foul Play|p1a: Ursaluna\n|-damage|p1a: Ursaluna|13\/100\n|move|p1b: Incineroar|Parting Shot|p2a: Archaludon\n|-unboost|p2a: Archaludon|atk|1\n|-unboost|p2a: Archaludon|spa|1\n|\n|t:|1730121662\n|switch|p1b: Gholdengo|Gholdengo, L50|100\/100|[from] Parting Shot\n|move|p1a: Ursaluna|Blood Moon|p2b: Murkrow\n|-damage|p2b: Murkrow|36\/100\n|\n|-weather|RainDance|[upkeep]\n|upkeep\n|turn|4\n|\n|t:|1730121679\n|switch|p1a: Ninetales|Ninetales-Alola, L50, M|100\/100\n|-weather|Snow|[from] ability: Snow Warning|[of] p1a: Ninetales\n|move|p1b: Gholdengo|Make It Rain|p2b: Murkrow|[spread] p2a,p2b\n|-resisted|p2a: Archaludon\n|-damage|p2a: Archaludon|56\/100\n|-damage|p2b: Murkrow|0 fnt\n|-unboost|p1b: Gholdengo|spa|1\n|-ability|p2a: Archaludon|Stamina|boost\n|-boost|p2a: Archaludon|def|1\n|faint|p2b: Murkrow\n|move|p2a: Archaludon|Dragon Pulse|p1b: Gholdengo\n|-resisted|p1b: Gholdengo\n|-damage|p1b: Gholdengo|77\/100\n|\n|-weather|Snow|[upkeep]\n|upkeep\n|turn|5\n|-message|htotoT forfeited.\n|\n|win|superpowerpoke\n|raw|superpowerpoke's rating: 1744 &rarr; <strong>1762<\/strong><br \/>(+18 for winning)\n|raw|htotoT's rating: 1704 &rarr; <strong>1686<\/strong><br \/>(-18 for losing)\n|l|\u2606htotoT\n|player|p2|\n|l|\u2606superpowerpoke\n|player|p1|\n","uploadtime":1730121929,"views":11,"formatid":"gen9vgc2024regh","rating":1686,"private":0,"password":null}