{"id":"gen9vgc2024regh-2232397357","format":"[Gen 9] VGC 2024 Reg H","players":["Assasinderella","ren122333"],"log":"|j|\u2606Assasinderella\n|j|\u2606ren122333\n|t:|1730095212\n|gametype|doubles\n|player|p1|Assasinderella|rosa|1687\n|player|p2|ren122333|hilbert|1734\n|teamsize|p1|6\n|teamsize|p2|6\n|gen|9\n|tier|[Gen 9] VGC 2024 Reg H\n|rated|\n|rule|Species Clause: Limit one of each Pok\u00e9mon\n|rule|Item Clause: Limit 1 of each item\n|clearpoke\n|poke|p1|Dragonite, L50, M|\n|poke|p1|Kingambit, L50, M|\n|poke|p1|Tauros-Paldea-Aqua, L50, M|\n|poke|p1|Archaludon, L50, M|\n|poke|p1|Pelipper, L50, M|\n|poke|p1|Rillaboom, L50, F|\n|poke|p2|Whimsicott, L50, M|\n|poke|p2|Mamoswine, L50, M|\n|poke|p2|Lycanroc-Dusk, L50, F|\n|poke|p2|Typhlosion-Hisui, L50, M|\n|poke|p2|Farigiraf, L50, F|\n|poke|p2|Mienshao, L50, M|\n|teampreview|4\n|inactive|Battle timer is ON: inactive players will automatically lose when time's up. (requested by ren122333)\n|\n|t:|1730095244\n|start\n|switch|p1a: Pelipper|Pelipper, L50, M|100\/100\n|switch|p1b: Kingambit|Kingambit, L50, M|100\/100\n|switch|p2a: Whimsicott|Whimsicott, L50, M|100\/100\n|switch|p2b: Mamoswine|Mamoswine, L50, M|100\/100\n|-weather|RainDance|[from] ability: Drizzle|[of] p1a: Pelipper\n|turn|1\n|inactive|Assasinderella has 30 seconds left.\n|inactive|Assasinderella has 20 seconds left.\n|\n|t:|1730095281\n|-terastallize|p2b: Mamoswine|Grass\n|move|p2a: Whimsicott|Moonblast|p1a: Pelipper\n|-damage|p1a: Pelipper|47\/100\n|move|p2b: Mamoswine|Tera Blast|p1a: Pelipper|[anim] Tera Blast Grass\n|-damage|p1a: Pelipper|0 fnt\n|faint|p1a: Pelipper\n|move|p1b: Kingambit|Iron Head|p2a: Whimsicott\n|-supereffective|p2a: Whimsicott\n|-enditem|p2a: Whimsicott|Focus Sash\n|-damage|p2a: Whimsicott|1\/100\n|\n|-weather|RainDance|[upkeep]\n|upkeep\n|\n|t:|1730095296\n|switch|p1a: Dragonite|Dragonite, L50, M|100\/100\n|turn|2\n|\n|t:|1730095319\n|switch|p2b: Farigiraf|Farigiraf, L50, F|100\/100\n|-terastallize|p1a: Dragonite|Fairy\n|move|p2a: Whimsicott|Sunny Day|p2a: Whimsicott\n|-weather|SunnyDay\n|move|p1a: Dragonite|Scale Shot|p2b: Farigiraf\n|-damage|p2b: Farigiraf|86\/100\n|-damage|p2b: Farigiraf|71\/100\n|-damage|p2b: Farigiraf|56\/100\n|-damage|p2b: Farigiraf|40\/100\n|-hitcount|p2b: Farigiraf|4\n|-unboost|p1a: Dragonite|def|1\n|-boost|p1a: Dragonite|spe|1\n|move|p1b: Kingambit|Iron Head|p2a: Whimsicott\n|-supereffective|p2a: Whimsicott\n|-damage|p2a: Whimsicott|0 fnt\n|faint|p2a: Whimsicott\n|\n|-weather|SunnyDay|[upkeep]\n|upkeep\n|\n|t:|1730095333\n|switch|p2a: Typhlosion|Typhlosion-Hisui, L50, M|100\/100\n|-item|p1a: Dragonite|Loaded Dice|[from] ability: Frisk|[of] p2a: Typhlosion\n|-item|p1b: Kingambit|Focus Sash|[from] ability: Frisk|[of] p2a: Typhlosion\n|turn|3\n|\n|t:|1730095341\n|move|p1a: Dragonite|Protect|p1a: Dragonite\n|-singleturn|p1a: Dragonite|Protect\n|move|p2a: Typhlosion|Heat Wave|p1a: Dragonite|[spread] p1b\n|-activate|p1a: Dragonite|move: Protect\n|-supereffective|p1b: Kingambit\n|-enditem|p1b: Kingambit|Focus Sash\n|-damage|p1b: Kingambit|1\/100\n|move|p1b: Kingambit|Kowtow Cleave|p2a: Typhlosion\n|-supereffective|p2a: Typhlosion\n|-damage|p2a: Typhlosion|0 fnt\n|faint|p2a: Typhlosion\n|move|p2b: Farigiraf|Hyper Voice|p1a: Dragonite|[spread] p1b\n|-activate|p1a: Dragonite|move: Protect\n|-resisted|p1b: Kingambit\n|-crit|p1b: Kingambit\n|-damage|p1b: Kingambit|0 fnt\n|faint|p1b: Kingambit\n|\n|-weather|SunnyDay|[upkeep]\n|upkeep\n|\n|t:|1730095357\n|switch|p2a: Mamoswine|Mamoswine, L50, M, tera:Grass|100\/100\n|switch|p1b: Tauros|Tauros-Paldea-Aqua, L50, M|100\/100\n|-ability|p1b: Tauros|Intimidate|boost\n|-fail|p2a: Mamoswine|unboost|Attack|[from] ability: Oblivious|[of] p2a: Mamoswine\n|-unboost|p2b: Farigiraf|atk|1\n|turn|4\n|\n|t:|1730095373\n|move|p1a: Dragonite|Scale Shot|p2a: Mamoswine\n|-damage|p2a: Mamoswine|81\/100\n|-damage|p2a: Mamoswine|65\/100\n|-damage|p2a: Mamoswine|49\/100\n|-damage|p2a: Mamoswine|32\/100\n|-hitcount|p2a: Mamoswine|4\n|-unboost|p1a: Dragonite|def|1\n|-boost|p1a: Dragonite|spe|1\n|move|p1b: Tauros|Close Combat|p2b: Farigiraf\n|-crit|p2b: Farigiraf\n|-damage|p2b: Farigiraf|0 fnt\n|-unboost|p1b: Tauros|def|1\n|-unboost|p1b: Tauros|spd|1\n|faint|p2b: Farigiraf\n|move|p2a: Mamoswine|Tera Blast|p1b: Tauros|[anim] Tera Blast Grass\n|-supereffective|p1b: Tauros\n|-damage|p1b: Tauros|0 fnt\n|faint|p1b: Tauros\n|\n|-weather|SunnyDay|[upkeep]\n|upkeep\n|turn|5\n|\n|t:|1730095393\n|move|p1a: Dragonite|Scale Shot|p2a: Mamoswine|[miss]\n|-miss|p1a: Dragonite|p2a: Mamoswine\n|move|p2a: Mamoswine|High Horsepower|p1a: Dragonite\n|-damage|p1a: Dragonite|48\/100\n|\n|-weather|SunnyDay|[upkeep]\n|upkeep\n|turn|6\n|\n|t:|1730095402\n|move|p1a: Dragonite|Scale Shot|p2a: Mamoswine\n|-damage|p2a: Mamoswine|16\/100\n|-damage|p2a: Mamoswine|0 fnt\n|faint|p2a: Mamoswine\n|-hitcount|p2: Mamoswine|2\n|\n|win|Assasinderella\n|raw|Assasinderella's rating: 1687 &rarr; <strong>1710<\/strong><br \/>(+23 for winning)\n|raw|ren122333's rating: 1734 &rarr; <strong>1711<\/strong><br \/>(-23 for losing)\n|l|\u2606ren122333\n|player|p2|\n","uploadtime":1730095620,"views":14,"formatid":"gen9vgc2024regh","rating":1710,"private":0,"password":null}