{"id":"gen9vgc2024regh-2232449348","format":"[Gen 9] VGC 2024 Reg H","players":["ren122333","Krillinionaire"],"log":"|j|\u2606ren122333\n|j|\u2606Krillinionaire\n|t:|1730106033\n|gametype|doubles\n|player|p1|ren122333|hilbert|1718\n|player|p2|Krillinionaire|roughneck|1707\n|teamsize|p1|6\n|teamsize|p2|6\n|gen|9\n|tier|[Gen 9] VGC 2024 Reg H\n|rated|\n|rule|Species Clause: Limit one of each Pok\u00e9mon\n|rule|Item Clause: Limit 1 of each item\n|clearpoke\n|poke|p1|Whimsicott, L50, F|\n|poke|p1|Mamoswine, L50, M|\n|poke|p1|Lycanroc-Dusk, L50, F|\n|poke|p1|Typhlosion-Hisui, L50, F|\n|poke|p1|Farigiraf, L50, F|\n|poke|p1|Mienshao, L50, M|\n|poke|p2|Archaludon, L50, F|\n|poke|p2|Pelipper, L50, F|\n|poke|p2|Maushold-Four, L50|\n|poke|p2|Rillaboom, L50, M|\n|poke|p2|Sneasler, L50, M|\n|poke|p2|Gholdengo, L50|\n|teampreview|4\n|inactive|Battle timer is ON: inactive players will automatically lose when time's up. (requested by ren122333)\n|j| CRJ2304\n|\n|t:|1730106057\n|start\n|switch|p1a: Whimsicott|Whimsicott, L50, F|100\/100\n|switch|p1b: Mienshao|Mienshao, L50, M|100\/100\n|switch|p2a: Rillaboom|Rillaboom, L50, M|100\/100\n|switch|p2b: Sneasler|Sneasler, L50, M|100\/100\n|-fieldstart|move: Grassy Terrain|[from] ability: Grassy Surge|[of] p2a: Rillaboom\n|-enditem|p2b: Sneasler|Grassy Seed\n|-boost|p2b: Sneasler|def|1|[from] item: Grassy Seed\n|turn|1\n|\n|t:|1730106077\n|-terastallize|p2b: Sneasler|Ghost\n|-terastallize|p1a: Whimsicott|Ghost\n|move|p2a: Rillaboom|Fake Out|p1a: Whimsicott\n|-immune|p1a: Whimsicott\n|move|p1a: Whimsicott|Tailwind|p1a: Whimsicott\n|-sidestart|p1: ren122333|move: Tailwind\n|move|p2b: Sneasler|Dire Claw|p1a: Whimsicott\n|-resisted|p1a: Whimsicott\n|-damage|p1a: Whimsicott|71\/100\n|move|p1b: Mienshao|Ice Spinner|p2a: Rillaboom\n|-supereffective|p2a: Rillaboom\n|-damage|p2a: Rillaboom|31\/100\n|-fieldend|move: Grassy Terrain\n|-damage|p1b: Mienshao|90\/100|[from] item: Life Orb\n|\n|upkeep\n|turn|2\n|inactive|ren122333 has 30 seconds left.\n|\n|t:|1730106104\n|move|p1a: Whimsicott|Encore|p2a: Rillaboom\n|-start|p2a: Rillaboom|Encore\n|move|p2b: Sneasler|Close Combat|p1b: Mienshao\n|-damage|p1b: Mienshao|0 fnt\n|-unboost|p2b: Sneasler|def|1\n|-unboost|p2b: Sneasler|spd|1\n|faint|p1b: Mienshao\n|move|p2a: Rillaboom|Fake Out||[still]\n|-hint|Fake Out only works on your first turn out.\n|-fail|p2a: Rillaboom\n|\n|upkeep\n|\n|t:|1730106112\n|switch|p1b: Typhlosion|Typhlosion-Hisui, L50, F|100\/100\n|-item|p2a: Rillaboom|Assault Vest|[from] ability: Frisk|[of] p1b: Typhlosion\n|turn|3\n|j| Rabbithorn01\n|\n|t:|1730106129\n|switch|p2a: Pelipper|Pelipper, L50, F|100\/100\n|-weather|RainDance|[from] ability: Drizzle|[of] p2a: Pelipper\n|move|p1a: Whimsicott|Encore|p2b: Sneasler\n|-start|p2b: Sneasler|Encore\n|move|p2b: Sneasler|Close Combat|p1b: Typhlosion\n|-immune|p1b: Typhlosion\n|move|p1b: Typhlosion|Eruption|p2a: Pelipper|[spread] p2a,p2b\n|-resisted|p2a: Pelipper\n|-damage|p2a: Pelipper|65\/100\n|-damage|p2b: Sneasler|25\/100\n|\n|-weather|RainDance|[upkeep]\n|upkeep\n|turn|4\n|\n|t:|1730106147\n|switch|p2b: Rillaboom|Rillaboom, L50, M|31\/100\n|-fieldstart|move: Grassy Terrain|[from] ability: Grassy Surge|[of] p2b: Rillaboom\n|move|p1a: Whimsicott|Moonblast|p2a: Pelipper\n|-damage|p2a: Pelipper|5\/100\n|move|p1b: Typhlosion|Eruption|p2a: Pelipper|[spread] p2a,p2b\n|-resisted|p2a: Pelipper\n|-supereffective|p2b: Rillaboom\n|-damage|p2a: Pelipper|0 fnt\n|-damage|p2b: Rillaboom|0 fnt\n|faint|p2a: Pelipper\n|faint|p2b: Rillaboom\n|\n|-weather|RainDance|[upkeep]\n|-heal|p1a: Whimsicott|77\/100|[from] Grassy Terrain\n|-sideend|p1: ren122333|move: Tailwind\n|upkeep\n|\n|t:|1730106150\n|switch|p2a: Archaludon|Archaludon, L50, F|100\/100\n|switch|p2b: Sneasler|Sneasler, L50, M, tera:Ghost|25\/100\n|turn|5\n|\n|t:|1730106162\n|move|p2b: Sneasler|Protect|p2b: Sneasler\n|-singleturn|p2b: Sneasler|Protect\n|move|p1a: Whimsicott|Tailwind|p1a: Whimsicott\n|-sidestart|p1: ren122333|move: Tailwind\n|move|p1b: Typhlosion|Eruption|p2a: Archaludon|[spread] p2a\n|-activate|p2b: Sneasler|move: Protect\n|-damage|p2a: Archaludon|37\/100\n|-enditem|p2a: Archaludon|Sitrus Berry|[eat]\n|-heal|p2a: Archaludon|61\/100|[from] item: Sitrus Berry\n|move|p2a: Archaludon|Electro Shot||[still]\n|-prepare|p2a: Archaludon|Electro Shot\n|-boost|p2a: Archaludon|spa|1\n|-anim|p2a: Archaludon|Electro Shot|p1b: Typhlosion\n|-damage|p1b: Typhlosion|15\/100\n|\n|-weather|RainDance|[upkeep]\n|-heal|p1a: Whimsicott|83\/100|[from] Grassy Terrain\n|-heal|p1b: Typhlosion|21\/100|[from] Grassy Terrain\n|-heal|p2b: Sneasler|32\/100|[from] Grassy Terrain\n|-heal|p2a: Archaludon|67\/100|[from] Grassy Terrain\n|upkeep\n|turn|6\n|\n|t:|1730106173\n|move|p1a: Whimsicott|Moonblast|p2b: Sneasler\n|-damage|p2b: Sneasler|0 fnt\n|faint|p2b: Sneasler\n|move|p1b: Typhlosion|Eruption|p2a: Archaludon\n|-damage|p2a: Archaludon|51\/100\n|move|p2a: Archaludon|Electro Shot||[still]\n|-prepare|p2a: Archaludon|Electro Shot\n|-boost|p2a: Archaludon|spa|1\n|-anim|p2a: Archaludon|Electro Shot|p1a: Whimsicott\n|-damage|p1a: Whimsicott|0 fnt\n|faint|p1a: Whimsicott\n|\n|-weather|RainDance|[upkeep]\n|-heal|p1b: Typhlosion|27\/100|[from] Grassy Terrain\n|-heal|p2a: Archaludon|57\/100|[from] Grassy Terrain\n|upkeep\n|\n|t:|1730106180\n|switch|p1a: Mamoswine|Mamoswine, L50, M|100\/100\n|turn|7\n|\n|t:|1730106183\n|move|p2a: Archaludon|Protect|p2a: Archaludon\n|-singleturn|p2a: Archaludon|Protect\n|move|p1b: Typhlosion|Eruption|p2a: Archaludon\n|-activate|p2a: Archaludon|move: Protect\n|move|p1a: Mamoswine|High Horsepower|p2a: Archaludon\n|-activate|p2a: Archaludon|move: Protect\n|\n|-weather|none\n|-heal|p1b: Typhlosion|33\/100|[from] Grassy Terrain\n|-heal|p2a: Archaludon|63\/100|[from] Grassy Terrain\n|upkeep\n|turn|8\n|\n|t:|1730106187\n|move|p2a: Archaludon|Protect||[still]\n|-fail|p2a: Archaludon\n|move|p1b: Typhlosion|Eruption|p2a: Archaludon\n|-damage|p2a: Archaludon|5\/100\n|move|p1a: Mamoswine|High Horsepower|p2a: Archaludon\n|-supereffective|p2a: Archaludon\n|-damage|p2a: Archaludon|0 fnt\n|faint|p2a: Archaludon\n|\n|win|ren122333\n|raw|ren122333's rating: 1718 &rarr; <strong>1737<\/strong><br \/>(+19 for winning)\n|raw|Krillinionaire's rating: 1707 &rarr; <strong>1688<\/strong><br \/>(-19 for losing)\n|l|\u2606Krillinionaire\n|player|p2|\n|l|\u2606ren122333\n|player|p1|\n|l| CRJ2304\n","uploadtime":1730106203,"views":14,"formatid":"gen9vgc2024regh","rating":1688,"private":0,"password":null}