{"id":"gen9vgc2024regh-2232070654","format":"[Gen 9] VGC 2024 Reg H","players":["OSAMABINGETINLADIN","Waffles4breakfast"],"log":"|j|\u2606OSAMABINGETINLADIN\n|j|\u2606Waffles4breakfast\n|t:|1730053271\n|gametype|doubles\n|player|p1|OSAMABINGETINLADIN|policeman-gen4|1789\n|player|p2|Waffles4breakfast|juggler|1745\n|teamsize|p1|6\n|teamsize|p2|6\n|gen|9\n|tier|[Gen 9] VGC 2024 Reg H\n|rated|\n|rule|Species Clause: Limit one of each Pok\u00e9mon\n|rule|Item Clause: Limit 1 of each item\n|clearpoke\n|poke|p1|Sneasler, L50, M|\n|poke|p1|Indeedee, L50, M|\n|poke|p1|Dragapult, L50, M|\n|poke|p1|Decidueye-Hisui, L50, M|\n|poke|p1|Typhlosion-Hisui, L50, M|\n|poke|p1|Whimsicott, L50, M|\n|poke|p2|Archaludon, L50, F|\n|poke|p2|Pelipper, L50, M|\n|poke|p2|Basculegion, L50, M|\n|poke|p2|Amoonguss, L50, F|\n|poke|p2|Gholdengo, L50|\n|poke|p2|Murkrow, L50, F|\n|teampreview|4\n|inactive|Battle timer is ON: inactive players will automatically lose when time's up. (requested by OSAMABINGETINLADIN)\n|inactive|OSAMABINGETINLADIN has 60 seconds left.\n|\n|t:|1730053309\n|start\n|switch|p1a: Luis Carruthers|Whimsicott, L50, M, shiny|100\/100\n|switch|p1b: Timothy Bryce|Decidueye-Hisui, L50, M, shiny|100\/100\n|switch|p2a: Gholdengo|Gholdengo, L50|100\/100\n|switch|p2b: Murkrow|Murkrow, L50, F|100\/100\n|turn|1\n|\n|t:|1730053325\n|-terastallize|p2a: Gholdengo|Steel\n|move|p1a: Luis Carruthers|Tailwind|p1a: Luis Carruthers\n|-sidestart|p1: OSAMABINGETINLADIN|move: Tailwind\n|move|p2b: Murkrow|Quash|p1b: Timothy Bryce\n|-activate|p1b: Timothy Bryce|move: Quash\n|move|p2a: Gholdengo|Make It Rain|p1b: Timothy Bryce|[spread] p1a,p1b\n|-supereffective|p1a: Luis Carruthers\n|-damage|p1a: Luis Carruthers|0 fnt\n|-damage|p1b: Timothy Bryce|0 fnt\n|-unboost|p2a: Gholdengo|spa|1\n|faint|p1a: Luis Carruthers\n|faint|p1b: Timothy Bryce\n|\n|upkeep\n|\n|t:|1730053328\n|switch|p1a: Paul Allen|Sneasler, L50, M, shiny|100\/100\n|switch|p1b: Patrick Bateman|Indeedee, L50, M, shiny|100\/100\n|-fieldstart|move: Psychic Terrain|[from] ability: Psychic Surge|[of] p1b: Patrick Bateman\n|-enditem|p1a: Paul Allen|Psychic Seed\n|-boost|p1a: Paul Allen|spd|1|[from] item: Psychic Seed\n|turn|2\n|\n|t:|1730053339\n|move|p2b: Murkrow|Tailwind|p2b: Murkrow\n|-sidestart|p2: Waffles4breakfast|move: Tailwind\n|move|p1a: Paul Allen|Close Combat|p2a: Gholdengo\n|-supereffective|p2a: Gholdengo\n|-damage|p2a: Gholdengo|0 fnt\n|-unboost|p1a: Paul Allen|def|1\n|-unboost|p1a: Paul Allen|spd|1\n|faint|p2a: Gholdengo\n|move|p1b: Patrick Bateman|Tera Blast|p2b: Murkrow\n|-damage|p2b: Murkrow|71\/100\n|\n|upkeep\n|\n|t:|1730053348\n|switch|p2a: Pelipper|Pelipper, L50, M|100\/100\n|-weather|RainDance|[from] ability: Drizzle|[of] p2a: Pelipper\n|turn|3\n|\n|t:|1730053361\n|move|p1a: Paul Allen|Protect|p1a: Paul Allen\n|-singleturn|p1a: Paul Allen|Protect\n|move|p2a: Pelipper|Protect|p2a: Pelipper\n|-singleturn|p2a: Pelipper|Protect\n|move|p1b: Patrick Bateman|Tera Blast|p2a: Pelipper\n|-activate|p2a: Pelipper|move: Protect\n|move|p2b: Murkrow|Foul Play|p1a: Paul Allen\n|-activate|p1a: Paul Allen|move: Protect\n|\n|-weather|RainDance|[upkeep]\n|upkeep\n|turn|4\n|\n|t:|1730053379\n|move|p2b: Murkrow|Tailwind||[still]\n|-fail|p2b: Murkrow\n|move|p1a: Paul Allen|Dire Claw|p2a: Pelipper\n|-damage|p2a: Pelipper|37\/100\n|move|p1b: Patrick Bateman|Expanding Force|p2a: Pelipper|[spread] p2a\n|-immune|p2b: Murkrow\n|-damage|p2a: Pelipper|0 fnt\n|faint|p2a: Pelipper\n|\n|-weather|RainDance|[upkeep]\n|-sideend|p1: OSAMABINGETINLADIN|move: Tailwind\n|upkeep\n|\n|t:|1730053381\n|switch|p2a: Basculegion|Basculegion, L50, M|100\/100\n|turn|5\n|inactive|OSAMABINGETINLADIN has 30 seconds left.\n|inactive|OSAMABINGETINLADIN has 20 seconds left.\n|\n|t:|1730053418\n|move|p1a: Paul Allen|Protect|p1a: Paul Allen\n|-singleturn|p1a: Paul Allen|Protect\n|move|p2a: Basculegion|Wave Crash|p1b: Patrick Bateman\n|-enditem|p1b: Patrick Bateman|Focus Sash\n|-damage|p1b: Patrick Bateman|1\/100\n|-damage|p2a: Basculegion|78\/100|[from] Recoil\n|move|p2b: Murkrow|Foul Play|p1b: Patrick Bateman\n|-supereffective|p1b: Patrick Bateman\n|-damage|p1b: Patrick Bateman|0 fnt\n|faint|p1b: Patrick Bateman\n|\n|-weather|RainDance|[upkeep]\n|-sideend|p2: Waffles4breakfast|move: Tailwind\n|upkeep\n|turn|6\n|inactive|Waffles4breakfast has 30 seconds left.\n|inactive|Waffles4breakfast has 20 seconds left.\n|inactive|Waffles4breakfast has 15 seconds left.\n|inactive|Waffles4breakfast has 10 seconds left.\n|inactive|Waffles4breakfast has 5 seconds left.\n|\n|t:|1730053473\n|-terastallize|p1a: Paul Allen|Dark\n|move|p1a: Paul Allen|Throat Chop|p2a: Basculegion\n|-supereffective|p2a: Basculegion\n|-damage|p2a: Basculegion|0 fnt\n|faint|p2a: Basculegion\n|move|p2b: Murkrow|Foul Play|p1a: Paul Allen\n|-resisted|p1a: Paul Allen\n|-damage|p1a: Paul Allen|35\/100\n|\n|-weather|RainDance|[upkeep]\n|-fieldend|move: Psychic Terrain\n|upkeep\n|turn|7\n|\n|t:|1730053487\n|move|p1a: Paul Allen|Close Combat|p2b: Murkrow\n|-damage|p2b: Murkrow|0 fnt\n|-unboost|p1a: Paul Allen|def|1\n|-unboost|p1a: Paul Allen|spd|1\n|faint|p2b: Murkrow\n|\n|win|OSAMABINGETINLADIN\n|raw|OSAMABINGETINLADIN's rating: 1789 &rarr; <strong>1806<\/strong><br \/>(+17 for winning)\n|raw|Waffles4breakfast's rating: 1745 &rarr; <strong>1728<\/strong><br \/>(-17 for losing)\n|l|\u2606Waffles4breakfast\n|player|p2|\n|l|\u2606OSAMABINGETINLADIN\n|player|p1|\n|j|\u2606OSAMABINGETINLADIN\n|player|p1|OSAMABINGETINLADIN|policeman-gen4|\n|l|\u2606OSAMABINGETINLADIN\n|player|p1|\n","uploadtime":1730053703,"views":21,"formatid":"gen9vgc2024regh","rating":1728,"private":0,"password":null}