{"id":"gen9vgc2024regh-2232541220","format":"[Gen 9] VGC 2024 Reg H","players":["htotoT","RomanTogepi"],"log":"|j|\u2606htotoT\n|j|\u2606RomanTogepi\n|t:|1730119690\n|gametype|doubles\n|player|p1|htotoT|265|1638\n|player|p2|RomanTogepi|265|1733\n|teamsize|p1|6\n|teamsize|p2|6\n|gen|9\n|tier|[Gen 9] VGC 2024 Reg H\n|rated|\n|rule|Species Clause: Limit one of each Pok\u00e9mon\n|rule|Item Clause: Limit 1 of each item\n|clearpoke\n|poke|p1|Gholdengo, L50|\n|poke|p1|Murkrow, L50, F|\n|poke|p1|Pelipper, L50, M|\n|poke|p1|Archaludon, L50, M|\n|poke|p1|Amoonguss, L50, F|\n|poke|p1|Zoroark-Hisui, L50, M|\n|poke|p2|Goodra-Hisui, L50, M|\n|poke|p2|Magmar, L50, M|\n|poke|p2|Rillaboom, L50, M|\n|poke|p2|Politoed, L50, M|\n|poke|p2|Gholdengo, L50|\n|poke|p2|Grimmsnarl, L50, M|\n|teampreview|4\n|inactive|Battle timer is ON: inactive players will automatically lose when time's up. (requested by htotoT)\n|inactive|RomanTogepi has 60 seconds left.\n|\n|t:|1730119723\n|start\n|switch|p1a: Murkrow|Murkrow, L50, F|100\/100\n|switch|p1b: Gholdengo|Gholdengo, L50|100\/100\n|switch|p2a: Goodra|Goodra-Hisui, L50, M|100\/100\n|switch|p2b: Grimmsnarl|Grimmsnarl, L50, M, shiny|100\/100\n|turn|1\n|\n|t:|1730119738\n|-terastallize|p1b: Gholdengo|Steel\n|-terastallize|p2a: Goodra|Water\n|move|p1a: Murkrow|Tailwind|p1a: Murkrow\n|-sidestart|p1: htotoT|move: Tailwind\n|move|p2b: Grimmsnarl|Light Screen|p2b: Grimmsnarl\n|-sidestart|p2: RomanTogepi|move: Light Screen\n|move|p1b: Gholdengo|Make It Rain|p2b: Grimmsnarl|[spread] p2a,p2b\n|-resisted|p2a: Goodra\n|-supereffective|p2b: Grimmsnarl\n|-damage|p2a: Goodra|76\/100\n|-damage|p2b: Grimmsnarl|0 fnt\n|-unboost|p1b: Gholdengo|spa|1\n|faint|p2b: Grimmsnarl\n|move|p2a: Goodra|Muddy Water|p1a: Murkrow|[spread] p1a,p1b\n|-damage|p1a: Murkrow|59\/100\n|-damage|p1b: Gholdengo|34\/100\n|-unboost|p1a: Murkrow|accuracy|1\n|-unboost|p1b: Gholdengo|accuracy|1\n|\n|upkeep\n|\n|t:|1730119755\n|switch|p2b: Rillaboom|Rillaboom, L50, M|100\/100\n|-fieldstart|move: Grassy Terrain|[from] ability: Grassy Surge|[of] p2b: Rillaboom\n|turn|2\n|\n|t:|1730119766\n|switch|p1b: Archaludon|Archaludon, L50, M|100\/100\n|move|p1a: Murkrow|Foul Play|p2b: Rillaboom|[miss]\n|-miss|p1a: Murkrow|p2b: Rillaboom\n|move|p2b: Rillaboom|Wood Hammer|p1a: Murkrow\n|-resisted|p1a: Murkrow\n|-damage|p1a: Murkrow|5\/100\n|-damage|p2b: Rillaboom|85\/100|[from] Recoil\n|move|p2a: Goodra|Muddy Water|p1a: Murkrow|[spread] p1a,p1b\n|-resisted|p1b: Archaludon\n|-damage|p1a: Murkrow|0 fnt\n|-damage|p1b: Archaludon|72\/100\n|-ability|p1b: Archaludon|Stamina|boost\n|-boost|p1b: Archaludon|def|1\n|faint|p1a: Murkrow\n|\n|-heal|p1b: Archaludon|78\/100|[from] Grassy Terrain\n|-heal|p2b: Rillaboom|91\/100|[from] Grassy Terrain\n|-heal|p2a: Goodra|82\/100|[from] Grassy Terrain\n|upkeep\n|\n|t:|1730119775\n|switch|p1a: Pelipper|Pelipper, L50, M|100\/100\n|-weather|RainDance|[from] ability: Drizzle|[of] p1a: Pelipper\n|turn|3\n|\n|t:|1730119783\n|switch|p2a: Gholdengo|Gholdengo, L50|100\/100\n|move|p1a: Pelipper|Wide Guard|p1a: Pelipper\n|-singleturn|p1a: Pelipper|Wide Guard\n|move|p1b: Archaludon|Electro Shot||[still]\n|-prepare|p1b: Archaludon|Electro Shot\n|-boost|p1b: Archaludon|spa|1\n|-anim|p1b: Archaludon|Electro Shot|p2a: Gholdengo\n|-damage|p2a: Gholdengo|61\/100\n|move|p2b: Rillaboom|Wood Hammer|p1a: Pelipper\n|-enditem|p1a: Pelipper|Focus Sash\n|-damage|p1a: Pelipper|1\/100\n|-damage|p2b: Rillaboom|68\/100|[from] Recoil\n|\n|-weather|RainDance|[upkeep]\n|-heal|p1b: Archaludon|84\/100|[from] Grassy Terrain\n|-heal|p2b: Rillaboom|74\/100|[from] Grassy Terrain\n|-heal|p2a: Gholdengo|68\/100|[from] Grassy Terrain\n|-heal|p2a: Gholdengo|74\/100|[from] item: Leftovers\n|upkeep\n|turn|4\n|\n|t:|1730119793\n|switch|p1a: Gholdengo|Gholdengo, L50, tera:Steel|34\/100\n|move|p2b: Rillaboom|Grassy Glide|p1a: Gholdengo\n|-resisted|p1a: Gholdengo\n|-damage|p1a: Gholdengo|13\/100\n|move|p1b: Archaludon|Electro Shot||[still]\n|-prepare|p1b: Archaludon|Electro Shot\n|-boost|p1b: Archaludon|spa|1\n|-anim|p1b: Archaludon|Electro Shot|p2a: Gholdengo\n|-damage|p2a: Gholdengo|24\/100\n|move|p2a: Gholdengo|Nasty Plot|p2a: Gholdengo\n|-boost|p2a: Gholdengo|spa|2\n|\n|-weather|RainDance|[upkeep]\n|-heal|p1b: Archaludon|90\/100|[from] Grassy Terrain\n|-heal|p1a: Gholdengo|19\/100|[from] Grassy Terrain\n|-heal|p2b: Rillaboom|80\/100|[from] Grassy Terrain\n|-heal|p2a: Gholdengo|30\/100|[from] Grassy Terrain\n|-heal|p2a: Gholdengo|36\/100|[from] item: Leftovers\n|-sideend|p1: htotoT|move: Tailwind\n|upkeep\n|turn|5\n|\n|t:|1730119811\n|move|p2a: Gholdengo|Protect|p2a: Gholdengo\n|-singleturn|p2a: Gholdengo|Protect\n|move|p2b: Rillaboom|Grassy Glide|p1a: Gholdengo\n|-resisted|p1a: Gholdengo\n|-damage|p1a: Gholdengo|0 fnt\n|faint|p1a: Gholdengo\n|move|p1b: Archaludon|Electro Shot||[still]\n|-prepare|p1b: Archaludon|Electro Shot\n|-boost|p1b: Archaludon|spa|1\n|-anim|p1b: Archaludon|Electro Shot|p2a: Gholdengo\n|-activate|p2a: Gholdengo|move: Protect\n|\n|-weather|RainDance|[upkeep]\n|-heal|p1b: Archaludon|96\/100|[from] Grassy Terrain\n|-heal|p2b: Rillaboom|86\/100|[from] Grassy Terrain\n|-heal|p2a: Gholdengo|43\/100|[from] Grassy Terrain\n|-heal|p2a: Gholdengo|49\/100|[from] item: Leftovers\n|upkeep\n|\n|t:|1730119813\n|switch|p1a: Pelipper|Pelipper, L50, M|1\/100\n|turn|6\n|\n|t:|1730119833\n|move|p1a: Pelipper|Protect|p1a: Pelipper\n|-singleturn|p1a: Pelipper|Protect\n|move|p2a: Gholdengo|Protect||[still]\n|-fail|p2a: Gholdengo\n|move|p2b: Rillaboom|Grassy Glide|p1a: Pelipper\n|-activate|p1a: Pelipper|move: Protect\n|move|p1b: Archaludon|Electro Shot||[still]\n|-prepare|p1b: Archaludon|Electro Shot\n|-boost|p1b: Archaludon|spa|1\n|-anim|p1b: Archaludon|Electro Shot|p2a: Gholdengo\n|-damage|p2a: Gholdengo|0 fnt\n|faint|p2a: Gholdengo\n|\n|-weather|RainDance|[upkeep]\n|-heal|p1b: Archaludon|100\/100|[from] Grassy Terrain\n|-heal|p2b: Rillaboom|93\/100|[from] Grassy Terrain\n|-fieldend|move: Grassy Terrain\n|upkeep\n|\n|t:|1730119835\n|switch|p2a: Goodra|Goodra-Hisui, L50, M, tera:Water|82\/100\n|turn|7\n|\n|t:|1730119856\n|move|p1a: Pelipper|Wide Guard|p1a: Pelipper\n|-singleturn|p1a: Pelipper|Wide Guard\n|move|p1b: Archaludon|Electro Shot||[still]\n|-prepare|p1b: Archaludon|Electro Shot\n|-boost|p1b: Archaludon|spa|1\n|-anim|p1b: Archaludon|Electro Shot|p2a: Goodra\n|-supereffective|p2a: Goodra\n|-damage|p2a: Goodra|0 fnt\n|faint|p2a: Goodra\n|move|p2b: Rillaboom|Grassy Glide|p1a: Pelipper\n|-damage|p1a: Pelipper|0 fnt\n|faint|p1a: Pelipper\n|\n|-weather|none\n|upkeep\n|turn|8\n|l|\u2606RomanTogepi\n|inactive|RomanTogepi disconnected and has a minute to reconnect!\n|player|p2|\n|inactive|RomanTogepi has 30 seconds left.\n|inactive|RomanTogepi has 20 seconds left.\n|inactive|RomanTogepi has 15 seconds left.\n|inactive|RomanTogepi has 10 seconds left.\n|inactive|RomanTogepi has 5 seconds left.\n|-message|RomanTogepi lost due to inactivity.\n|\n|win|htotoT\n|raw|htotoT's rating: 1638 &rarr; <strong>1663<\/strong><br \/>(+25 for winning)\n|raw|RomanTogepi's rating: 1733 &rarr; <strong>1708<\/strong><br \/>(-25 for losing)\n|j|\u2606RomanTogepi\n|player|p2|RomanTogepi|265|\n","uploadtime":1730120128,"views":12,"formatid":"gen9vgc2024regh","rating":1663,"private":0,"password":null}