{"id":"gen9vgc2024regh-2232792570","format":"[Gen 9] VGC 2024 Reg H","players":["bwahacough","Allhailhippo"],"log":"|j|\u2606bwahacough\n|j|\u2606Allhailhippo\n|t:|1730142408\n|gametype|doubles\n|player|p1|bwahacough|medium|1792\n|player|p2|Allhailhippo|1|1703\n|teamsize|p1|6\n|teamsize|p2|6\n|gen|9\n|tier|[Gen 9] VGC 2024 Reg H\n|rated|\n|rule|Species Clause: Limit one of each Pok\u00e9mon\n|rule|Item Clause: Limit 1 of each item\n|clearpoke\n|poke|p1|Lycanroc, L50, M|\n|poke|p1|Tyranitar, L50, F|\n|poke|p1|Indeedee-F, L50, F|\n|poke|p1|Sneasler, L50, F|\n|poke|p1|Delphox, L50, M|\n|poke|p1|Murkrow, L50, F|\n|poke|p2|Tyranitar, L50, M|\n|poke|p2|Houndstone, L50, M|\n|poke|p2|Whimsicott, L50, F|\n|poke|p2|Dondozo, L50, M|\n|poke|p2|Tatsugiri, L50, M|\n|poke|p2|Garchomp, L50, M|\n|teampreview|4\n|inactive|Battle timer is ON: inactive players will automatically lose when time's up. (requested by Allhailhippo)\n|\n|t:|1730142432\n|start\n|switch|p1a: Delphox|Delphox, L50, M, shiny|100\/100\n|switch|p1b: Murkrow|Murkrow, L50, F, shiny|100\/100\n|switch|p2a: Anna|Whimsicott, L50, F|100\/100\n|switch|p2b: Garchomp|Garchomp, L50, M|100\/100\n|turn|1\n|\n|t:|1730142446\n|-terastallize|p1a: Delphox|Fairy\n|move|p2b: Garchomp|Protect|p2b: Garchomp\n|-singleturn|p2b: Garchomp|Protect\n|move|p1b: Murkrow|Tailwind|p1b: Murkrow\n|-sidestart|p1: bwahacough|move: Tailwind\n|move|p1a: Delphox|Dazzling Gleam|p2b: Garchomp|[spread] p2a\n|-activate|p2b: Garchomp|move: Protect\n|-damage|p2a: Anna|39\/100\n|move|p2a: Anna|Moonblast|p1b: Murkrow\n|-supereffective|p1b: Murkrow\n|-damage|p1b: Murkrow|20\/100\n|\n|upkeep\n|turn|2\n|\n|t:|1730142466\n|switch|p1b: Indeedee|Indeedee-F, L50, F, shiny|100\/100\n|-fieldstart|move: Psychic Terrain|[from] ability: Psychic Surge|[of] p1b: Indeedee\n|move|p2a: Anna|Tailwind|p2a: Anna\n|-sidestart|p2: Allhailhippo|move: Tailwind\n|move|p1a: Delphox|Dazzling Gleam|p2a: Anna|[spread] p2a,p2b\n|-supereffective|p2b: Garchomp\n|-damage|p2a: Anna|0 fnt\n|-damage|p2b: Garchomp|6\/100\n|faint|p2a: Anna\n|move|p2b: Garchomp|Earthquake|p1b: Indeedee|[spread] p1a,p1b\n|-damage|p1a: Delphox|19\/100\n|-damage|p1b: Indeedee|52\/100\n|-damage|p2b: Garchomp|0 fnt|[from] item: Life Orb\n|faint|p2b: Garchomp\n|\n|upkeep\n|\n|t:|1730142479\n|switch|p2b: Rodent|Houndstone, L50, M|100\/100\n|switch|p2a: Good Things|Tyranitar, L50, M|100\/100\n|-weather|Sandstorm|[from] ability: Sand Stream|[of] p2a: Good Things\n|turn|3\n|\n|t:|1730142492\n|-terastallize|p2a: Good Things|Flying\n|move|p2b: Rodent|Protect|p2b: Rodent\n|-singleturn|p2b: Rodent|Protect\n|move|p1b: Indeedee|Follow Me|p1b: Indeedee\n|-singleturn|p1b: Indeedee|move: Follow Me\n|move|p1a: Delphox|Dazzling Gleam|p2b: Rodent|[spread] p2a\n|-activate|p2b: Rodent|move: Protect\n|-damage|p2a: Good Things|78\/100\n|move|p2a: Good Things|Knock Off|p1b: Indeedee\n|-supereffective|p1b: Indeedee\n|-damage|p1b: Indeedee|0 fnt\n|-enditem|p1b: Indeedee|Sitrus Berry|[from] move: Knock Off|[of] p2a: Good Things\n|faint|p1b: Indeedee\n|\n|-weather|Sandstorm|[upkeep]\n|-damage|p1a: Delphox|13\/100|[from] Sandstorm\n|-damage|p2a: Good Things|72\/100|[from] Sandstorm\n|upkeep\n|\n|t:|1730142496\n|switch|p1b: Lycanroc|Lycanroc, L50, M|100\/100\n|turn|4\n|\n|t:|1730142512\n|move|p1b: Lycanroc|Rock Slide|p2a: Good Things|[spread] p2a,p2b\n|-supereffective|p2a: Good Things\n|-damage|p2a: Good Things|19\/100\n|-damage|p2b: Rodent|66\/100\n|move|p2b: Rodent|Last Respects|p1a: Delphox\n|-damage|p1a: Delphox|0 fnt\n|faint|p1a: Delphox\n|cant|p2a: Good Things|flinch\n|\n|-weather|Sandstorm|[upkeep]\n|-damage|p2a: Good Things|13\/100|[from] Sandstorm\n|-sideend|p1: bwahacough|move: Tailwind\n|upkeep\n|\n|t:|1730142515\n|switch|p1a: Murkrow|Murkrow, L50, F, shiny|20\/100\n|turn|5\n|\n|t:|1730142533\n|move|p1a: Murkrow|Tailwind|p1a: Murkrow\n|-sidestart|p1: bwahacough|move: Tailwind\n|move|p1b: Lycanroc|Rock Slide|p2a: Good Things|[spread] p2a\n|-miss|p1b: Lycanroc|p2b: Rodent\n|-supereffective|p2a: Good Things\n|-damage|p2a: Good Things|0 fnt\n|faint|p2a: Good Things\n|move|p2b: Rodent|Last Respects|p1b: Lycanroc\n|-enditem|p1b: Lycanroc|Focus Sash\n|-damage|p1b: Lycanroc|1\/100\n|\n|-weather|Sandstorm|[upkeep]\n|-damage|p1a: Murkrow|14\/100|[from] Sandstorm\n|-sideend|p2: Allhailhippo|move: Tailwind\n|upkeep\n|turn|6\n|j| mr pogostick\n|\n|t:|1730142543\n|move|p2b: Rodent|Protect|p2b: Rodent\n|-singleturn|p2b: Rodent|Protect\n|move|p1b: Lycanroc|Rock Slide|p2b: Rodent\n|-activate|p2b: Rodent|move: Protect\n|move|p1a: Murkrow|Foul Play|p2b: Rodent\n|-activate|p2b: Rodent|move: Protect\n|\n|-weather|Sandstorm|[upkeep]\n|-damage|p1a: Murkrow|8\/100|[from] Sandstorm\n|-fieldend|move: Psychic Terrain\n|upkeep\n|turn|7\n|\n|t:|1730142555\n|move|p1a: Murkrow|Protect|p1a: Murkrow\n|-singleturn|p1a: Murkrow|Protect\n|move|p2b: Rodent|Protect|p2b: Rodent\n|-singleturn|p2b: Rodent|Protect\n|move|p1b: Lycanroc|Rock Slide|p2b: Rodent\n|-activate|p2b: Rodent|move: Protect\n|\n|-weather|none\n|upkeep\n|turn|8\n|\n|t:|1730142566\n|move|p2b: Rodent|Protect||[still]\n|-fail|p2b: Rodent\n|move|p1b: Lycanroc|Rock Slide|p2b: Rodent\n|-damage|p2b: Rodent|21\/100\n|move|p1a: Murkrow|Foul Play|p2b: Rodent\n|-supereffective|p2b: Rodent\n|-damage|p2b: Rodent|0 fnt\n|faint|p2b: Rodent\n|\n|win|bwahacough\n|raw|bwahacough's rating: 1792 &rarr; <strong>1807<\/strong><br \/>(+15 for winning)\n|raw|Allhailhippo's rating: 1703 &rarr; <strong>1688<\/strong><br \/>(-15 for losing)\n|l|\u2606Allhailhippo\n|player|p2|\n|l|\u2606bwahacough\n|player|p1|\n|l| mr pogostick\n","uploadtime":1730142722,"views":19,"formatid":"gen9vgc2024regh","rating":1688,"private":0,"password":null}