{"id":"gen9vgc2024regh-2232319633","format":"[Gen 9] VGC 2024 Reg H","players":["Chappell murkroan","DV8D"],"log":"|j|\u2606Chappell murkroan\n|j|\u2606DV8D\n|t:|1730082642\n|gametype|doubles\n|player|p1|Chappell murkroan|169|1658\n|player|p2|DV8D|red|1757\n|teamsize|p1|6\n|teamsize|p2|6\n|gen|9\n|tier|[Gen 9] VGC 2024 Reg H\n|rated|\n|rule|Species Clause: Limit one of each Pok\u00e9mon\n|rule|Item Clause: Limit 1 of each item\n|clearpoke\n|poke|p1|Smeargle, L50, M|\n|poke|p1|Primeape, L50, F|\n|poke|p1|Baxcalibur, L50, F|\n|poke|p1|Kingambit, L50, M|\n|poke|p1|Mimikyu, L50, M|\n|poke|p1|Indeedee, L50, M|\n|poke|p2|Sneasler, L50, F|\n|poke|p2|Magmar, L50, F|\n|poke|p2|Kingambit, L50, M|\n|poke|p2|Garchomp, L50, M|\n|poke|p2|Ninetales-Alola, L50, M|\n|poke|p2|Corviknight, L50, F|\n|teampreview|4\n|inactive|Battle timer is ON: inactive players will automatically lose when time's up. (requested by Chappell murkroan)\n|inactive|Chappell murkroan has 60 seconds left.\n|\n|t:|1730082692\n|start\n|switch|p1a: Baxcalibur|Baxcalibur, L50, F|100\/100\n|switch|p1b: Smeargle|Smeargle, L50, M|100\/100\n|switch|p2a: Garchomp|Garchomp, L50, M, shiny|100\/100\n|switch|p2b: Sneasler|Sneasler, L50, F, shiny|100\/100\n|turn|1\n|\n|t:|1730082713\n|-terastallize|p2a: Garchomp|Fire\n|-terastallize|p1a: Baxcalibur|Fairy\n|move|p1b: Smeargle|Spore|p2b: Sneasler\n|-status|p2b: Sneasler|slp|[from] move: Spore\n|cant|p2b: Sneasler|slp\n|move|p2a: Garchomp|Dragon Claw|p1a: Baxcalibur\n|-immune|p1a: Baxcalibur\n|move|p1a: Baxcalibur|Scale Shot|p2a: Garchomp\n|-damage|p2a: Garchomp|86\/100\n|-damage|p2a: Garchomp|71\/100\n|-damage|p2a: Garchomp|57\/100\n|-damage|p2a: Garchomp|43\/100\n|-hitcount|p2a: Garchomp|4\n|-unboost|p1a: Baxcalibur|def|1\n|-boost|p1a: Baxcalibur|spe|1\n|\n|upkeep\n|turn|2\n|\n|t:|1730082735\n|move|p2a: Garchomp|Protect|p2a: Garchomp\n|-singleturn|p2a: Garchomp|Protect\n|move|p1b: Smeargle|Spore|p2a: Garchomp\n|-activate|p2a: Garchomp|move: Protect\n|move|p1a: Baxcalibur|Icicle Spear|p2b: Sneasler\n|-damage|p2b: Sneasler|75\/100 slp\n|-damage|p2b: Sneasler|54\/100 slp\n|-damage|p2b: Sneasler|29\/100 slp\n|-damage|p2b: Sneasler|6\/100 slp\n|-damage|p2b: Sneasler|0 fnt\n|faint|p2b: Sneasler\n|-hitcount|p2: Sneasler|5\n|\n|upkeep\n|\n|t:|1730082752\n|switch|p2b: Ninetales|Ninetales-Alola, L50, M, shiny|100\/100\n|-weather|Snow|[from] ability: Snow Warning|[of] p2b: Ninetales\n|turn|3\n|\n|t:|1730082762\n|move|p2b: Ninetales|Protect|p2b: Ninetales\n|-singleturn|p2b: Ninetales|Protect\n|move|p1b: Smeargle|Spore|p2b: Ninetales\n|-activate|p2b: Ninetales|move: Protect\n|move|p1a: Baxcalibur|High Horsepower|p2a: Garchomp\n|-supereffective|p2a: Garchomp\n|-damage|p2a: Garchomp|0 fnt\n|-damage|p1a: Baxcalibur|88\/100|[from] ability: Rough Skin|[of] p2a: Garchomp\n|faint|p2a: Garchomp\n|\n|-weather|Snow|[upkeep]\n|upkeep\n|\n|t:|1730082775\n|switch|p2a: Corviknight|Corviknight, L50, F, shiny|100\/100\n|turn|4\n|\n|t:|1730082787\n|move|p1b: Smeargle|Spore|p2b: Ninetales\n|-status|p2b: Ninetales|slp|[from] move: Spore\n|move|p1a: Baxcalibur|Icicle Spear|p2a: Corviknight\n|-damage|p2a: Corviknight|90\/100\n|-damage|p2a: Corviknight|79\/100\n|-damage|p2a: Corviknight|68\/100\n|-damage|p2a: Corviknight|58\/100\n|-hitcount|p2a: Corviknight|4\n|cant|p2b: Ninetales|slp\n|move|p2a: Corviknight|Body Press|p1b: Smeargle\n|-supereffective|p1b: Smeargle\n|-damage|p1b: Smeargle|0 fnt\n|faint|p1b: Smeargle\n|\n|-weather|Snow|[upkeep]\n|upkeep\n|\n|t:|1730082799\n|switch|p1b: Kingambit|Kingambit, L50, M|100\/100\n|turn|5\n|\n|t:|1730082818\n|move|p1b: Kingambit|Sucker Punch||[still]\n|-fail|p1b: Kingambit\n|move|p1a: Baxcalibur|Icicle Spear|p2a: Corviknight\n|-damage|p2a: Corviknight|48\/100\n|-enditem|p2a: Corviknight|Sitrus Berry|[eat]\n|-heal|p2a: Corviknight|73\/100|[from] item: Sitrus Berry\n|-damage|p2a: Corviknight|62\/100\n|-damage|p2a: Corviknight|52\/100\n|-damage|p2a: Corviknight|42\/100\n|-damage|p2a: Corviknight|31\/100\n|-hitcount|p2a: Corviknight|5\n|cant|p2b: Ninetales|slp\n|move|p2a: Corviknight|Bulk Up|p2a: Corviknight\n|-boost|p2a: Corviknight|atk|1\n|-boost|p2a: Corviknight|def|1\n|\n|-weather|Snow|[upkeep]\n|upkeep\n|turn|6\n|\n|t:|1730082839\n|move|p1a: Baxcalibur|Icicle Spear|p2a: Corviknight\n|-damage|p2a: Corviknight|25\/100\n|-damage|p2a: Corviknight|17\/100\n|-damage|p2a: Corviknight|11\/100\n|-damage|p2a: Corviknight|3\/100\n|-damage|p2a: Corviknight|0 fnt\n|faint|p2a: Corviknight\n|-hitcount|p2: Corviknight|5\n|-curestatus|p2b: Ninetales|slp|[msg]\n|move|p2b: Ninetales|Aurora Veil|p2b: Ninetales\n|-sidestart|p2: DV8D|move: Aurora Veil\n|move|p1b: Kingambit|Iron Head|p2b: Ninetales\n|-supereffective|p2b: Ninetales\n|-damage|p2b: Ninetales|0 fnt\n|faint|p2b: Ninetales\n|\n|win|Chappell murkroan\n|raw|Chappell murkroan's rating: 1658 &rarr; <strong>1684<\/strong><br \/>(+26 for winning)\n|raw|DV8D's rating: 1757 &rarr; <strong>1731<\/strong><br \/>(-26 for losing)\n|l|\u2606Chappell murkroan\n|player|p1|\n|l|\u2606DV8D\n|player|p2|\n","uploadtime":1730083087,"views":13,"formatid":"gen9vgc2024regh","rating":1684,"private":0,"password":null}