{"id":"gen9vgc2024regh-2232781211","format":"[Gen 9] VGC 2024 Reg H","players":["hydrauliktoad","bwahacough"],"log":"|j|\u2606hydrauliktoad\n|j|\u2606bwahacough\n|t:|1730141399\n|gametype|doubles\n|player|p1|hydrauliktoad|101|1688\n|player|p2|bwahacough|medium|1754\n|teamsize|p1|6\n|teamsize|p2|6\n|gen|9\n|tier|[Gen 9] VGC 2024 Reg H\n|rated|\n|rule|Species Clause: Limit one of each Pok\u00e9mon\n|rule|Item Clause: Limit 1 of each item\n|clearpoke\n|poke|p1|Poliwrath, L50, M|\n|poke|p1|Pelipper, L50, F|\n|poke|p1|Indeedee-F, L50, F|\n|poke|p1|Sinistcha, L50|\n|poke|p1|Braviary-Hisui, L50, M|\n|poke|p1|Annihilape, L50, F|\n|poke|p2|Lycanroc, L50, M|\n|poke|p2|Tyranitar, L50, M|\n|poke|p2|Indeedee-F, L50, F|\n|poke|p2|Sneasler, L50, F|\n|poke|p2|Delphox, L50, M|\n|poke|p2|Murkrow, L50, F|\n|teampreview|4\n|\n|t:|1730141412\n|start\n|switch|p1a: Annihilape|Annihilape, L50, F|100\/100\n|switch|p1b: Indeedee|Indeedee-F, L50, F|100\/100\n|switch|p2a: Murkrow|Murkrow, L50, F, shiny|100\/100\n|switch|p2b: Delphox|Delphox, L50, M, shiny|100\/100\n|-fieldstart|move: Psychic Terrain|[from] ability: Psychic Surge|[of] p1b: Indeedee\n|turn|1\n|\n|t:|1730141423\n|move|p2a: Murkrow|Tailwind|p2a: Murkrow\n|-sidestart|p2: bwahacough|move: Tailwind\n|move|p2b: Delphox|Expanding Force|p1b: Indeedee|[spread] p1a,p1b\n|-supereffective|p1a: Annihilape\n|-resisted|p1b: Indeedee\n|-damage|p1a: Annihilape|0 fnt\n|-damage|p1b: Indeedee|67\/100\n|faint|p1a: Annihilape\n|move|p1b: Indeedee|Trick Room|p1b: Indeedee\n|-fieldstart|move: Trick Room|[of] p1b: Indeedee\n|\n|upkeep\n|\n|t:|1730141429\n|switch|p1a: Braviary|Braviary-Hisui, L50, M|100\/100\n|turn|2\n|\n|t:|1730141436\n|-terastallize|p1a: Braviary|Psychic\n|move|p1a: Braviary|Expanding Force|p2b: Delphox|[spread] p2b\n|-immune|p2a: Murkrow\n|-resisted|p2b: Delphox\n|-damage|p2b: Delphox|0 fnt\n|faint|p2b: Delphox\n|-damage|p1a: Braviary|91\/100|[from] item: Life Orb\n|move|p1b: Indeedee|Psychic|p2a: Murkrow\n|-immune|p2a: Murkrow\n|move|p2a: Murkrow|Foul Play|p1a: Braviary\n|-supereffective|p1a: Braviary\n|-damage|p1a: Braviary|15\/100\n|\n|upkeep\n|\n|t:|1730141439\n|switch|p2b: Tyranitar|Tyranitar, L50, M|100\/100\n|-weather|Sandstorm|[from] ability: Sand Stream|[of] p2b: Tyranitar\n|turn|3\n|\n|t:|1730141449\n|move|p1b: Indeedee|Follow Me|p1b: Indeedee\n|-singleturn|p1b: Indeedee|move: Follow Me\n|move|p1a: Braviary|Close Combat|p2b: Tyranitar\n|-supereffective|p2b: Tyranitar\n|-damage|p2b: Tyranitar|0 fnt\n|-unboost|p1a: Braviary|def|1\n|-unboost|p1a: Braviary|spd|1\n|faint|p2b: Tyranitar\n|-damage|p1a: Braviary|6\/100|[from] item: Life Orb\n|move|p2a: Murkrow|Foul Play|p1b: Indeedee\n|-supereffective|p1b: Indeedee\n|-damage|p1b: Indeedee|28\/100\n|\n|-weather|Sandstorm|[upkeep]\n|-damage|p1a: Braviary|0 fnt|[from] Sandstorm\n|-damage|p2a: Murkrow|95\/100|[from] Sandstorm\n|faint|p1a: Braviary\n|upkeep\n|\n|t:|1730141457\n|switch|p1a: Pelipper|Pelipper, L50, F|100\/100\n|switch|p2b: Lycanroc|Lycanroc, L50, M|100\/100\n|-weather|RainDance|[from] ability: Drizzle|[of] p1a: Pelipper\n|turn|4\n|\n|t:|1730141471\n|move|p2b: Lycanroc|Protect|p2b: Lycanroc\n|-singleturn|p2b: Lycanroc|Protect\n|move|p1a: Pelipper|Hurricane|p2a: Murkrow\n|-damage|p2a: Murkrow|42\/100\n|move|p1b: Indeedee|Psychic|p2b: Lycanroc\n|-activate|p2b: Lycanroc|move: Protect\n|move|p2a: Murkrow|Foul Play|p1b: Indeedee\n|-supereffective|p1b: Indeedee\n|-damage|p1b: Indeedee|0 fnt\n|faint|p1b: Indeedee\n|\n|-weather|RainDance|[upkeep]\n|-sideend|p2: bwahacough|move: Tailwind\n|upkeep\n|turn|5\n|\n|t:|1730141481\n|move|p1a: Pelipper|Surf|p2b: Lycanroc|[spread] p2a,p2b\n|-supereffective|p2b: Lycanroc\n|-damage|p2a: Murkrow|0 fnt\n|-enditem|p2b: Lycanroc|Focus Sash\n|-damage|p2b: Lycanroc|1\/100\n|faint|p2a: Murkrow\n|move|p2b: Lycanroc|Rock Slide|p1a: Pelipper\n|-supereffective|p1a: Pelipper\n|-damage|p1a: Pelipper|20\/100\n|\n|-weather|RainDance|[upkeep]\n|-fieldend|move: Trick Room\n|-fieldend|move: Psychic Terrain\n|upkeep\n|turn|6\n|\n|t:|1730141486\n|-terastallize|p2b: Lycanroc|Fighting\n|move|p2b: Lycanroc|Close Combat|p1a: Pelipper\n|-resisted|p1a: Pelipper\n|-crit|p1a: Pelipper\n|-damage|p1a: Pelipper|0 fnt\n|-unboost|p2b: Lycanroc|def|1\n|-unboost|p2b: Lycanroc|spd|1\n|faint|p1a: Pelipper\n|\n|win|bwahacough\n|raw|hydrauliktoad's rating: 1688 &rarr; <strong>1672<\/strong><br \/>(-16 for losing)\n|raw|bwahacough's rating: 1754 &rarr; <strong>1770<\/strong><br \/>(+16 for winning)\n|c|\u2606hydrauliktoad|gg\n|c|\u2606bwahacough|gg\n|l|\u2606bwahacough\n|player|p2|\n|l|\u2606hydrauliktoad\n|player|p1|\n","uploadtime":1730141740,"views":26,"formatid":"gen9vgc2024regh","rating":1672,"private":0,"password":null}