{"id":"gen9vgc2024regh-2232721579","format":"[Gen 9] VGC 2024 Reg H","players":["actuary97","Cocobeloeil1"],"log":"|j|\u2606actuary97\n|j|\u2606Cocobeloeil1\n|t:|1730136394\n|gametype|doubles\n|player|p1|actuary97|sabrina-frlg|1904\n|player|p2|Cocobeloeil1|101|1786\n|teamsize|p1|6\n|teamsize|p2|6\n|gen|9\n|tier|[Gen 9] VGC 2024 Reg H\n|rated|\n|rule|Species Clause: Limit one of each Pok\u00e9mon\n|rule|Item Clause: Limit 1 of each item\n|clearpoke\n|poke|p1|Whimsicott, L50, F|\n|poke|p1|Gallade, L50, M|\n|poke|p1|Archaludon, L50, F|\n|poke|p1|Malamar, L50, F|\n|poke|p1|Indeedee, L50, M|\n|poke|p1|Drifblim, L50, M|\n|poke|p2|Breloom, L50, F|\n|poke|p2|Basculegion, L50, M|\n|poke|p2|Archaludon, L50, F|\n|poke|p2|Politoed, L50, M|\n|poke|p2|Murkrow, L50, M|\n|poke|p2|Dragonite, L50, M|\n|teampreview|4\nactuary97 has agreed to open team sheets.\n|\n|t:|1730136431\n|start\n|switch|p1a: Mischief Mother|Whimsicott, L50, F, shiny|100\/100\n|switch|p1b: Tapu Deedee|Indeedee, L50, M, shiny|100\/100\n|switch|p2a: Basculegion|Basculegion, L50, M|100\/100\n|switch|p2b: Archaludon|Archaludon, L50, F|100\/100\n|-fieldstart|move: Psychic Terrain|[from] ability: Psychic Surge|[of] p1b: Tapu Deedee\n|turn|1\n|\n|t:|1730136444\n|switch|p2a: Politoed|Politoed, L50, M|100\/100\n|-weather|RainDance|[from] ability: Drizzle|[of] p2a: Politoed\n|move|p1a: Mischief Mother|Tailwind|p1a: Mischief Mother\n|-sidestart|p1: actuary97|move: Tailwind\n|move|p1b: Tapu Deedee|Expanding Force|p2b: Archaludon|[spread] p2a,p2b\n|-resisted|p2b: Archaludon\n|-damage|p2a: Politoed|10\/100\n|-damage|p2b: Archaludon|72\/100\n|-ability|p2b: Archaludon|Stamina|boost\n|-boost|p2b: Archaludon|def|1\n|move|p2b: Archaludon|Electro Shot||[still]\n|-prepare|p2b: Archaludon|Electro Shot\n|-boost|p2b: Archaludon|spa|1\n|-anim|p2b: Archaludon|Electro Shot|p1b: Tapu Deedee\n|-damage|p1b: Tapu Deedee|14\/100\n|\n|-weather|RainDance|[upkeep]\n|upkeep\n|turn|2\n|j| Elv3r G4larga\n|j| MikeFlem12326171\n|\n|t:|1730136480\n|switch|p1b: Bridget|Archaludon, L50, F, shiny|100\/100\n|move|p1a: Mischief Mother|Beat Up|p1b: Bridget\n|-damage|p1b: Bridget|99\/100\n|-ability|p1b: Bridget|Stamina|boost\n|-boost|p1b: Bridget|def|1\n|-damage|p1b: Bridget|97\/100\n|-ability|p1b: Bridget|Stamina|boost\n|-boost|p1b: Bridget|def|1\n|-damage|p1b: Bridget|96\/100\n|-ability|p1b: Bridget|Stamina|boost\n|-boost|p1b: Bridget|def|1\n|-damage|p1b: Bridget|95\/100\n|-ability|p1b: Bridget|Stamina|boost\n|-boost|p1b: Bridget|def|1\n|-hitcount|p1b: Bridget|4\n|move|p2a: Politoed|Ice Beam|p1b: Bridget\n|-damage|p1b: Bridget|69\/100\n|-ability|p1b: Bridget|Stamina|boost\n|-boost|p1b: Bridget|def|1\n|move|p2b: Archaludon|Flash Cannon|p1a: Mischief Mother\n|-supereffective|p1a: Mischief Mother\n|-enditem|p1a: Mischief Mother|Focus Sash\n|-damage|p1a: Mischief Mother|1\/100\n|\n|-weather|RainDance|[upkeep]\n|upkeep\n|turn|3\n|\n|t:|1730136509\n|-terastallize|p2b: Archaludon|Grass\n|move|p1a: Mischief Mother|Moonblast|p2a: Politoed\n|-damage|p2a: Politoed|0 fnt\n|faint|p2a: Politoed\n|move|p1b: Bridget|Body Press|p2b: Archaludon\n|-damage|p2b: Archaludon|31\/100\n|-ability|p2b: Archaludon|Stamina|boost\n|-boost|p2b: Archaludon|def|1\n|move|p2b: Archaludon|Dragon Pulse|p1b: Bridget\n|-damage|p1b: Bridget|28\/100\n|-ability|p1b: Bridget|Stamina|boost\n|-boost|p1b: Bridget|def|1\n|\n|-weather|RainDance|[upkeep]\n|upkeep\n|\n|t:|1730136522\n|switch|p2a: Dragonite|Dragonite, L50, M|100\/100\n|turn|4\n|\n|t:|1730136544\n|switch|p1a: \u2694\ufe0fKing\u2694\ufe0f|Gallade, L50, M, shiny|100\/100\n|move|p1b: Bridget|Body Press|p2b: Archaludon\n|-damage|p2b: Archaludon|0 fnt\n|faint|p2b: Archaludon\n|move|p2a: Dragonite|Low Kick|p1a: \u2694\ufe0fKing\u2694\ufe0f\n|-resisted|p1a: \u2694\ufe0fKing\u2694\ufe0f\n|-damage|p1a: \u2694\ufe0fKing\u2694\ufe0f|75\/100\n|\n|-weather|RainDance|[upkeep]\n|-sideend|p1: actuary97|move: Tailwind\n|upkeep\n|\n|t:|1730136549\n|switch|p2b: Basculegion|Basculegion, L50, M|100\/100\n|turn|5\n|\n|t:|1730136558\n|-terastallize|p1a: \u2694\ufe0fKing\u2694\ufe0f|Grass\n|move|p2b: Basculegion|Last Respects|p1b: Bridget\n|-damage|p1b: Bridget|6\/100\n|move|p2a: Dragonite|Scale Shot|p1a: \u2694\ufe0fKing\u2694\ufe0f\n|-damage|p1a: \u2694\ufe0fKing\u2694\ufe0f|49\/100\n|-damage|p1a: \u2694\ufe0fKing\u2694\ufe0f|23\/100\n|-damage|p1a: \u2694\ufe0fKing\u2694\ufe0f|0 fnt\n|faint|p1a: \u2694\ufe0fKing\u2694\ufe0f\n|-hitcount|p1: \u2694\ufe0fKing\u2694\ufe0f|3\n|-unboost|p2a: Dragonite|def|1\n|-boost|p2a: Dragonite|spe|1\n|move|p1b: Bridget|Electro Shot||[still]\n|-prepare|p1b: Bridget|Electro Shot\n|-boost|p1b: Bridget|spa|1\n|-anim|p1b: Bridget|Electro Shot|p2b: Basculegion\n|-supereffective|p2b: Basculegion\n|-damage|p2b: Basculegion|0 fnt\n|faint|p2b: Basculegion\n|\n|-weather|none\n|-fieldend|move: Psychic Terrain\n|upkeep\n|\n|t:|1730136570\n|switch|p1a: Mischief Mother|Whimsicott, L50, F, shiny|1\/100\n|turn|6\n|\n|t:|1730136577\n|move|p2a: Dragonite|Extreme Speed|p1a: Mischief Mother\n|-damage|p1a: Mischief Mother|0 fnt\n|faint|p1a: Mischief Mother\n|move|p1b: Bridget|Body Press|p2a: Dragonite\n|-resisted|p2a: Dragonite\n|-damage|p2a: Dragonite|61\/100\n|\n|upkeep\n|\n|t:|1730136579\n|switch|p1a: Tapu Deedee|Indeedee, L50, M, shiny|14\/100\n|-fieldstart|move: Psychic Terrain|[from] ability: Psychic Surge|[of] p1a: Tapu Deedee\n|turn|7\n|\n|t:|1730136587\n|move|p2a: Dragonite|Low Kick|p1a: Tapu Deedee\n|-damage|p1a: Tapu Deedee|0 fnt\n|faint|p1a: Tapu Deedee\n|move|p1b: Bridget|Body Press|p2a: Dragonite\n|-resisted|p2a: Dragonite\n|-damage|p2a: Dragonite|0 fnt\n|faint|p2a: Dragonite\n|\n|win|actuary97\n|raw|actuary97's rating: 1904 &rarr; <strong>1917<\/strong><br \/>(+13 for winning)\n|raw|Cocobeloeil1's rating: 1786 &rarr; <strong>1773<\/strong><br \/>(-13 for losing)\n|l|\u2606Cocobeloeil1\n|player|p2|\n|c|\u2606actuary97|gg\n|l| MikeFlem12326171\n|l|\u2606actuary97\n|player|p1|\n|j|\u2606actuary97\n|player|p1|actuary97|sabrina-frlg|\n","uploadtime":1730136625,"views":83,"formatid":"gen9vgc2024regh","rating":1773,"private":0,"password":null}