{"id":"gen9vgc2024regh-2232080288","format":"[Gen 9] VGC 2024 Reg H","players":["OSAMABINGETINLADIN","Psyducks in 6"],"log":"|j|\u2606OSAMABINGETINLADIN\n|j|\u2606Psyducks in 6\n|t:|1730054307\n|gametype|doubles\n|player|p1|OSAMABINGETINLADIN|policeman-gen4|1806\n|player|p2|Psyducks in 6|hiker-gen4|1700\n|teamsize|p1|6\n|teamsize|p2|6\n|gen|9\n|tier|[Gen 9] VGC 2024 Reg H\n|rated|\n|rule|Species Clause: Limit one of each Pok\u00e9mon\n|rule|Item Clause: Limit 1 of each item\n|clearpoke\n|poke|p1|Sneasler, L50, M|\n|poke|p1|Indeedee, L50, M|\n|poke|p1|Dragapult, L50, F|\n|poke|p1|Decidueye-Hisui, L50, M|\n|poke|p1|Typhlosion-Hisui, L50, F|\n|poke|p1|Whimsicott, L50, F|\n|poke|p2|Annihilape, L50, F|\n|poke|p2|Garchomp, L50, M|\n|poke|p2|Corviknight, L50, M|\n|poke|p2|Clefable, L50, M|\n|poke|p2|Gholdengo, L50|\n|poke|p2|Incineroar, L50, F|\n|teampreview|4\n|inactive|Battle timer is ON: inactive players will automatically lose when time's up. (requested by OSAMABINGETINLADIN)\n|inactive|Psyducks in 6 has 60 seconds left.\n|\n|t:|1730054344\n|start\n|switch|p1a: Timothy Bryce|Decidueye-Hisui, L50, M, shiny|100\/100\n|switch|p1b: Luis Carruthers|Whimsicott, L50, F, shiny|100\/100\n|switch|p2a: jiji|Incineroar, L50, F|100\/100\n|switch|p2b: Garchomp|Garchomp, L50, M|100\/100\n|-ability|p2a: jiji|Intimidate|boost\n|-fail|p1a: Timothy Bryce|unboost|Attack|[from] ability: Scrappy|[of] p1a: Timothy Bryce\n|-unboost|p1b: Luis Carruthers|atk|1\n|turn|1\n|\n|t:|1730054372\n|move|p1a: Timothy Bryce|Protect|p1a: Timothy Bryce\n|-singleturn|p1a: Timothy Bryce|Protect\n|move|p2a: jiji|Fake Out|p1a: Timothy Bryce\n|-activate|p1a: Timothy Bryce|move: Protect\n|move|p1b: Luis Carruthers|Tailwind|p1b: Luis Carruthers\n|-sidestart|p1: OSAMABINGETINLADIN|move: Tailwind\n|move|p2b: Garchomp|Dragon Claw|p1a: Timothy Bryce\n|-activate|p1a: Timothy Bryce|move: Protect\n|\n|upkeep\n|turn|2\n|\n|t:|1730054387\n|switch|p2a: Corviknight|Corviknight, L50, M|100\/100\n|-terastallize|p1a: Timothy Bryce|Water\n|move|p2b: Garchomp|Protect|p2b: Garchomp\n|-singleturn|p2b: Garchomp|Protect\n|move|p1b: Luis Carruthers|Moonblast|p2b: Garchomp\n|-activate|p2b: Garchomp|move: Protect\n|move|p1a: Timothy Bryce|Triple Arrows|p2a: Corviknight\n|-crit|p2a: Corviknight\n|-damage|p2a: Corviknight|43\/100\n|-ability|p2a: Corviknight|Mirror Armor\n|-unboost|p1a: Timothy Bryce|def|1\n|\n|upkeep\n|turn|3\n|\n|t:|1730054406\n|switch|p2b: jiji|Incineroar, L50, F|100\/100\n|-ability|p2b: jiji|Intimidate|boost\n|-fail|p1a: Timothy Bryce|unboost|Attack|[from] ability: Scrappy|[of] p1a: Timothy Bryce\n|-unboost|p1b: Luis Carruthers|atk|1\n|move|p1b: Luis Carruthers|Encore|p2b: jiji\n|-hint|Since gen 7, Dark is immune to Prankster moves.\n|-immune|p2b: jiji\n|move|p1a: Timothy Bryce|Triple Arrows|p2a: Corviknight\n|-damage|p2a: Corviknight|5\/100\n|move|p2a: Corviknight|Roost|p2a: Corviknight\n|-heal|p2a: Corviknight|55\/100\n|-singleturn|p2a: Corviknight|move: Roost\n|\n|upkeep\n|turn|4\n|\n|t:|1730054424\n|switch|p2a: Garchomp|Garchomp, L50, M|100\/100\n|move|p1b: Luis Carruthers|Encore||[still]\n|-fail|p1b: Luis Carruthers\n|move|p1a: Timothy Bryce|Triple Arrows|p2b: jiji\n|-supereffective|p2b: jiji\n|-damage|p2b: jiji|25\/100\n|move|p2b: jiji|Flare Blitz|p1b: Luis Carruthers\n|-supereffective|p1b: Luis Carruthers\n|-damage|p1b: Luis Carruthers|0 fnt\n|faint|p1b: Luis Carruthers\n|-damage|p2b: jiji|0 fnt|[from] Recoil\n|faint|p2b: jiji\n|\n|-sideend|p1: OSAMABINGETINLADIN|move: Tailwind\n|upkeep\n|\n|t:|1730054441\n|switch|p1b: David Van Patten|Typhlosion-Hisui, L50, F|100\/100\n|switch|p2b: Annihilape|Annihilape, L50, F|100\/100\n|turn|5\n|\n|t:|1730054448\n|-terastallize|p2b: Annihilape|Flying\n|move|p2b: Annihilape|Coaching|p2a: Garchomp\n|-boost|p2a: Garchomp|atk|1\n|-boost|p2a: Garchomp|def|1\n|move|p2a: Garchomp|Earthquake|p1b: David Van Patten|[spread] p1a,p1b\n|-immune|p2b: Annihilape\n|-supereffective|p1b: David Van Patten\n|-damage|p1a: Timothy Bryce|0 fnt\n|-damage|p1b: David Van Patten|0 fnt\n|faint|p1a: Timothy Bryce\n|faint|p1b: David Van Patten\n|-damage|p2a: Garchomp|91\/100|[from] item: Life Orb\n|\n|upkeep\n|-message|OSAMABINGETINLADIN forfeited.\n|\n|win|Psyducks in 6\n|raw|OSAMABINGETINLADIN's rating: 1806 &rarr; <strong>1780<\/strong><br \/>(-26 for losing)\n|raw|Psyducks in 6's rating: 1700 &rarr; <strong>1726<\/strong><br \/>(+26 for winning)\n|l|\u2606OSAMABINGETINLADIN\n|player|p1|\n","uploadtime":1730054676,"views":13,"formatid":"gen9vgc2024regh","rating":1726,"private":0,"password":null}