{"id":"gen9vgc2024regh-2232794508","format":"[Gen 9] VGC 2024 Reg H","players":["chin8","bwahacough"],"log":"|j|\u2606chin8\n|j|\u2606bwahacough\n|t:|1730142582\n|gametype|doubles\n|player|p1|chin8|gentleman-gen4dp|1715\n|player|p2|bwahacough|medium|1807\n|teamsize|p1|6\n|teamsize|p2|6\n|gen|9\n|tier|[Gen 9] VGC 2024 Reg H\n|rated|\n|rule|Species Clause: Limit one of each Pok\u00e9mon\n|rule|Item Clause: Limit 1 of each item\n|clearpoke\n|poke|p1|Baxcalibur, L50, M|\n|poke|p1|Kilowattrel, L50, M|\n|poke|p1|Annihilape, L50, F|\n|poke|p1|Gardevoir, L50, F|\n|poke|p1|Magmortar, L50, F|\n|poke|p1|Gholdengo, L50|\n|poke|p2|Lycanroc, L50, M|\n|poke|p2|Tyranitar, L50, F|\n|poke|p2|Indeedee-F, L50, F|\n|poke|p2|Sneasler, L50, M|\n|poke|p2|Delphox, L50, F|\n|poke|p2|Murkrow, L50, F|\n|teampreview|4\n|\n|t:|1730142604\n|start\n|switch|p1a: Baxcalibur|Baxcalibur, L50, M|100\/100\n|switch|p1b: Gardevoir|Gardevoir, L50, F|100\/100\n|switch|p2a: Delphox|Delphox, L50, F, shiny|100\/100\n|switch|p2b: Indeedee|Indeedee-F, L50, F, shiny|100\/100\n|-fieldstart|move: Psychic Terrain|[from] ability: Psychic Surge|[of] p2b: Indeedee\n|turn|1\n|\n|t:|1730142613\n|move|p2b: Indeedee|Helping Hand|p2a: Delphox\n|-singleturn|p2a: Delphox|Helping Hand|[of] p2b: Indeedee\n|move|p2a: Delphox|Expanding Force|p1a: Baxcalibur|[spread] p1a,p1b\n|-resisted|p1b: Gardevoir\n|-damage|p1a: Baxcalibur|28\/100\n|-damage|p1b: Gardevoir|48\/100\n|move|p1a: Baxcalibur|Earthquake|p2b: Indeedee|[spread] p2a,p2b\n|-activate|p1b: Gardevoir|ability: Telepathy\n|-supereffective|p2a: Delphox\n|-damage|p2a: Delphox|4\/100\n|-damage|p2b: Indeedee|74\/100\n|move|p1b: Gardevoir|Trick Room|p1b: Gardevoir\n|-fieldstart|move: Trick Room|[of] p1b: Gardevoir\n|\n|upkeep\n|turn|2\n|\n|t:|1730142627\n|move|p2b: Indeedee|Protect|p2b: Indeedee\n|-singleturn|p2b: Indeedee|Protect\n|move|p1b: Gardevoir|Imprison|p1b: Gardevoir\n|-start|p1b: Gardevoir|move: Imprison\n|move|p1a: Baxcalibur|Earthquake|p2b: Indeedee|[spread] p2a\n|-activate|p2b: Indeedee|move: Protect\n|-activate|p1b: Gardevoir|ability: Telepathy\n|-supereffective|p2a: Delphox\n|-crit|p2a: Delphox\n|-damage|p2a: Delphox|0 fnt\n|faint|p2a: Delphox\n|\n|upkeep\n|\n|t:|1730142631\n|switch|p2a: Tyranitar|Tyranitar, L50, F|100\/100\n|-weather|Sandstorm|[from] ability: Sand Stream|[of] p2a: Tyranitar\n|turn|3\n|\n|t:|1730142635\n|-terastallize|p1a: Baxcalibur|Ground\n|move|p2b: Indeedee|Helping Hand|p2a: Tyranitar\n|-singleturn|p2a: Tyranitar|Helping Hand|[of] p2b: Indeedee\n|move|p2a: Tyranitar|Rock Slide|p1a: Baxcalibur|[spread] p1a,p1b\n|-resisted|p1a: Baxcalibur\n|-damage|p1a: Baxcalibur|7\/100\n|-damage|p1b: Gardevoir|0 fnt\n|faint|p1b: Gardevoir\n|move|p1a: Baxcalibur|Earthquake|p2b: Indeedee|[spread] p2a,p2b\n|-supereffective|p2a: Tyranitar\n|-damage|p2a: Tyranitar|31\/100\n|-damage|p2b: Indeedee|30\/100\n|-enditem|p2b: Indeedee|Sitrus Berry|[eat]\n|-heal|p2b: Indeedee|55\/100|[from] item: Sitrus Berry\n|\n|-weather|Sandstorm|[upkeep]\n|-damage|p2b: Indeedee|49\/100|[from] Sandstorm\n|upkeep\n|\n|t:|1730142643\n|switch|p1b: Gholdengo|Gholdengo, L50|100\/100\n|turn|4\n|\n|t:|1730142649\n|move|p2a: Tyranitar|Knock Off|p1b: Gholdengo\n|-supereffective|p1b: Gholdengo\n|-damage|p1b: Gholdengo|4\/100\n|-enditem|p1b: Gholdengo|Leftovers|[from] move: Knock Off|[of] p2a: Tyranitar\n|move|p2b: Indeedee|Psychic|p1a: Baxcalibur\n|-damage|p1a: Baxcalibur|0 fnt\n|faint|p1a: Baxcalibur\n|move|p1b: Gholdengo|Make It Rain|p2b: Indeedee|[spread] p2a,p2b\n|-supereffective|p2a: Tyranitar\n|-damage|p2a: Tyranitar|0 fnt\n|-damage|p2b: Indeedee|0 fnt\n|-unboost|p1b: Gholdengo|spa|1\n|faint|p2a: Tyranitar\n|faint|p2b: Indeedee\n|\n|-weather|Sandstorm|[upkeep]\n|upkeep\n|\n|t:|1730142653\n|switch|p2b: Lycanroc|Lycanroc, L50, M|100\/100\n|switch|p1a: Annihilape|Annihilape, L50, F|100\/100\n|turn|5\n|\n|t:|1730142657\n|move|p2b: Lycanroc|Protect|p2b: Lycanroc\n|-singleturn|p2b: Lycanroc|Protect\n|move|p1b: Gholdengo|Make It Rain|p2b: Lycanroc\n|-activate|p2b: Lycanroc|move: Protect\n|move|p1a: Annihilape|Bulk Up|p1a: Annihilape\n|-boost|p1a: Annihilape|atk|1\n|-boost|p1a: Annihilape|def|1\n|\n|-weather|Sandstorm|[upkeep]\n|-damage|p1a: Annihilape|95\/100|[from] Sandstorm\n|-fieldend|move: Trick Room\n|-fieldend|move: Psychic Terrain\n|upkeep\n|turn|6\n|\n|t:|1730142662\n|move|p2b: Lycanroc|Rock Slide|p1b: Gholdengo|[spread] p1a,p1b\n|-resisted|p1a: Annihilape\n|-resisted|p1b: Gholdengo\n|-damage|p1a: Annihilape|86\/100\n|-damage|p1b: Gholdengo|0 fnt\n|faint|p1b: Gholdengo\n|cant|p1a: Annihilape|flinch\n|\n|-weather|Sandstorm|[upkeep]\n|-damage|p1a: Annihilape|80\/100|[from] Sandstorm\n|upkeep\n|turn|7\n|\n|t:|1730142667\n|-terastallize|p2b: Lycanroc|Fighting\n|move|p2b: Lycanroc|Rock Slide|p1a: Annihilape\n|-resisted|p1a: Annihilape\n|-damage|p1a: Annihilape|70\/100\n|move|p1a: Annihilape|Drain Punch|p2b: Lycanroc\n|-damage|p2b: Lycanroc|16\/100\n|-heal|p1a: Annihilape|99\/100|[from] drain|[of] p2b: Lycanroc\n|\n|-weather|none\n|upkeep\n|turn|8\n|\n|t:|1730142672\n|move|p2b: Lycanroc|Rock Slide|p1a: Annihilape|[miss]\n|-miss|p2b: Lycanroc|p1a: Annihilape\n|move|p1a: Annihilape|Drain Punch|p2b: Lycanroc\n|-damage|p2b: Lycanroc|0 fnt\n|-heal|p1a: Annihilape|100\/100|[from] drain|[of] p2b: Lycanroc\n|faint|p2b: Lycanroc\n|\n|win|chin8\n|raw|chin8's rating: 1715 &rarr; <strong>1740<\/strong><br \/>(+25 for winning)\n|raw|bwahacough's rating: 1807 &rarr; <strong>1782<\/strong><br \/>(-25 for losing)\n|l|\u2606bwahacough\n|player|p2|\n|l|\u2606chin8\n|player|p1|\n","uploadtime":1730142862,"views":38,"formatid":"gen9vgc2024regh","rating":1740,"private":0,"password":null}