{"id":"gen9vgc2024regh-2232770758","format":"[Gen 9] VGC 2024 Reg H","players":["Kunikamaze","Pokequimico"],"log":"|j|\u2606Kunikamaze\n|j|\u2606Pokequimico\n|t:|1730140502\n|gametype|doubles\n|player|p1|Kunikamaze|2|1694\n|player|p2|Pokequimico|lucas|1769\n|teamsize|p1|6\n|teamsize|p2|6\n|gen|9\n|tier|[Gen 9] VGC 2024 Reg H\n|rated|\n|rule|Species Clause: Limit one of each Pok\u00e9mon\n|rule|Item Clause: Limit 1 of each item\n|clearpoke\n|poke|p1|Dragonite, L50, M|\n|poke|p1|Dondozo, L50, F|\n|poke|p1|Gholdengo, L50|\n|poke|p1|Murkrow, L50, M|\n|poke|p1|Sneasler, L50, F|\n|poke|p1|Kingambit, L50, F|\n|poke|p2|Sneasler, L50, M|\n|poke|p2|Typhlosion-Hisui, L50, M|\n|poke|p2|Rillaboom, L50, M|\n|poke|p2|Kingambit, L50, M|\n|poke|p2|Dragonite, L50, F|\n|poke|p2|Primarina, L50, F|\n|teampreview|4\n|inactive|Battle timer is ON: inactive players will automatically lose when time's up. (requested by Kunikamaze)\n|\n|t:|1730140527\n|start\n|switch|p1a: Dragonite|Dragonite, L50, M|100\/100\n|switch|p1b: Dondozo|Dondozo, L50, F|100\/100\n|switch|p2a: Sneasler|Sneasler, L50, M|100\/100\n|switch|p2b: Typhlosion|Typhlosion-Hisui, L50, M|100\/100\n|-item|p1a: Dragonite|Covert Cloak|[from] ability: Frisk|[of] p2b: Typhlosion\n|-item|p1b: Dondozo|Leftovers|[from] ability: Frisk|[of] p2b: Typhlosion\n|turn|1\n|inactive|Kunikamaze has 30 seconds left.\n|\n|t:|1730140553\n|switch|p2b: Kingambit|Kingambit, L50, M|100\/100\n|move|p2a: Sneasler|Dire Claw|p1a: Dragonite\n|-damage|p1a: Dragonite|84\/100\n|move|p1a: Dragonite|Thunder Wave|p2a: Sneasler\n|-status|p2a: Sneasler|par\n|move|p1b: Dondozo|Wave Crash|p2b: Kingambit\n|-damage|p2b: Kingambit|66\/100\n|-damage|p1b: Dondozo|92\/100|[from] Recoil\n|\n|-heal|p1b: Dondozo|98\/100|[from] item: Leftovers\n|upkeep\n|turn|2\n|\n|t:|1730140570\n|move|p2b: Kingambit|Protect|p2b: Kingambit\n|-singleturn|p2b: Kingambit|Protect\n|move|p1a: Dragonite|Air Slash|p2a: Sneasler|[miss]\n|-miss|p1a: Dragonite|p2a: Sneasler\n|cant|p2a: Sneasler|par\n|move|p1b: Dondozo|Yawn|p2b: Kingambit\n|-activate|p2b: Kingambit|move: Protect\n|\n|-heal|p1b: Dondozo|100\/100|[from] item: Leftovers\n|upkeep\n|turn|3\n|\n|t:|1730140586\n|move|p1a: Dragonite|Air Slash|p2a: Sneasler\n|-supereffective|p2a: Sneasler\n|-damage|p2a: Sneasler|33\/100 par\n|move|p2a: Sneasler|Coaching|p2b: Kingambit\n|-boost|p2b: Kingambit|atk|1\n|-boost|p2b: Kingambit|def|1\n|move|p2b: Kingambit|Kowtow Cleave|p1a: Dragonite\n|-damage|p1a: Dragonite|31\/100\n|move|p1b: Dondozo|Yawn|p2b: Kingambit\n|-start|p2b: Kingambit|move: Yawn|[of] p1b: Dondozo\n|\n|upkeep\n|turn|4\n|\n|t:|1730140609\n|switch|p2a: Rillaboom|Rillaboom, L50, M|100\/100\n|-fieldstart|move: Grassy Terrain|[from] ability: Grassy Surge|[of] p2a: Rillaboom\n|switch|p2b: Typhlosion|Typhlosion-Hisui, L50, M|100\/100\n|-item|p1a: Dragonite|Covert Cloak|[from] ability: Frisk|[of] p2b: Typhlosion\n|-item|p1b: Dondozo|Leftovers|[from] ability: Frisk|[of] p2b: Typhlosion\n|move|p1a: Dragonite|Roost|p1a: Dragonite\n|-heal|p1a: Dragonite|81\/100\n|-singleturn|p1a: Dragonite|move: Roost\n|move|p1b: Dondozo|Fissure|p2b: Typhlosion\n|-damage|p2b: Typhlosion|0 fnt\n|faint|p2b: Typhlosion\n|-ohko\n|\n|-heal|p1a: Dragonite|87\/100|[from] Grassy Terrain\n|upkeep\n|\n|t:|1730140616\n|switch|p2b: Sneasler|Sneasler, L50, M|33\/100 par\n|turn|5\n|\n|t:|1730140635\n|switch|p2a: Kingambit|Kingambit, L50, M|66\/100\n|move|p1b: Dondozo|Protect|p1b: Dondozo\n|-singleturn|p1b: Dondozo|Protect\n|move|p1a: Dragonite|Air Slash|p2b: Sneasler\n|-supereffective|p2b: Sneasler\n|-damage|p2b: Sneasler|0 fnt\n|faint|p2b: Sneasler\n|\n|-heal|p2a: Kingambit|72\/100|[from] Grassy Terrain\n|upkeep\n|\n|t:|1730140640\n|switch|p2b: Rillaboom|Rillaboom, L50, M|100\/100\n|turn|6\n|\n|t:|1730140651\n|-terastallize|p1b: Dondozo|Steel\n|move|p2b: Rillaboom|Wood Hammer|p1b: Dondozo\n|-resisted|p1b: Dondozo\n|-damage|p1b: Dondozo|78\/100\n|-damage|p2b: Rillaboom|91\/100|[from] Recoil\n|move|p1a: Dragonite|Air Slash|p2b: Rillaboom\n|-supereffective|p2b: Rillaboom\n|-damage|p2b: Rillaboom|50\/100\n|move|p2a: Kingambit|Swords Dance|p2a: Kingambit\n|-boost|p2a: Kingambit|atk|2\n|move|p1b: Dondozo|Yawn|p2a: Kingambit\n|-start|p2a: Kingambit|move: Yawn|[of] p1b: Dondozo\n|\n|-heal|p2b: Rillaboom|56\/100|[from] Grassy Terrain\n|-heal|p2a: Kingambit|78\/100|[from] Grassy Terrain\n|-heal|p1b: Dondozo|84\/100|[from] Grassy Terrain\n|-heal|p1b: Dondozo|91\/100|[from] item: Leftovers\n|upkeep\n|turn|7\n|\n|t:|1730140666\n|move|p2b: Rillaboom|Grassy Glide|p1a: Dragonite\n|-resisted|p1a: Dragonite\n|-damage|p1a: Dragonite|80\/100\n|move|p1a: Dragonite|Roost|p1a: Dragonite\n|-heal|p1a: Dragonite|100\/100\n|-singleturn|p1a: Dragonite|move: Roost\n|move|p2a: Kingambit|Kowtow Cleave|p1a: Dragonite\n|-damage|p1a: Dragonite|62\/100\n|move|p1b: Dondozo|Fissure|p2a: Kingambit|[miss]\n|-miss|p1b: Dondozo|p2a: Kingambit\n|\n|-heal|p2b: Rillaboom|62\/100|[from] Grassy Terrain\n|-heal|p1a: Dragonite|68\/100|[from] Grassy Terrain\n|-heal|p2a: Kingambit|84\/100|[from] Grassy Terrain\n|-heal|p1b: Dondozo|97\/100|[from] Grassy Terrain\n|-heal|p1b: Dondozo|100\/100|[from] item: Leftovers\n|-end|p2a: Kingambit|move: Yawn|[silent]\n|-status|p2a: Kingambit|slp\n|upkeep\n|turn|8\n|-message|Pokequimico forfeited.\n|\n|win|Kunikamaze\n|raw|Kunikamaze's rating: 1694 &rarr; <strong>1718<\/strong><br \/>(+24 for winning)\n|raw|Pokequimico's rating: 1769 &rarr; <strong>1745<\/strong><br \/>(-24 for losing)\n|l|\u2606Kunikamaze\n|player|p1|\n","uploadtime":1730140897,"views":11,"formatid":"gen9vgc2024regh","rating":1718,"private":0,"password":null}