{"id":"gen9vgc2024regh-2232713622","format":"[Gen 9] VGC 2024 Reg H","players":["dalas91","Cocobeloeil1"],"log":"|j|\u2606dalas91\n|j|\u2606Cocobeloeil1\n|t:|1730135711\n|gametype|doubles\n|player|p1|dalas91|dragontamer|1669\n|player|p2|Cocobeloeil1|101|1803\n|teamsize|p1|6\n|teamsize|p2|6\n|gen|9\n|tier|[Gen 9] VGC 2024 Reg H\n|rated|\n|rule|Species Clause: Limit one of each Pok\u00e9mon\n|rule|Item Clause: Limit 1 of each item\n|clearpoke\n|poke|p1|Archaludon, L50, F|\n|poke|p1|Whimsicott, L50, F|\n|poke|p1|Incineroar, L50, F|\n|poke|p1|Hydreigon, L50, F|\n|poke|p1|Basculegion, L50, M|\n|poke|p1|Annihilape, L50, M|\n|poke|p2|Breloom, L50, F|\n|poke|p2|Basculegion, L50, M|\n|poke|p2|Archaludon, L50, F|\n|poke|p2|Politoed, L50, M|\n|poke|p2|Murkrow, L50, F|\n|poke|p2|Dragonite, L50, F|\n|teampreview|4\n|j| baicaicai\n|l| baicaicai\n|j| baicaicai\n|l| baicaicai\n|\n|t:|1730135805\n|start\n|switch|p1a: Whimsicott|Whimsicott, L50, F|100\/100\n|switch|p1b: Annihilape|Annihilape, L50, M|100\/100\n|switch|p2a: Breloom|Breloom, L50, F|100\/100\n|switch|p2b: Dragonite|Dragonite, L50, F|100\/100\n|turn|1\n|\n|t:|1730135867\n|-terastallize|p2b: Dragonite|Fairy\n|move|p1a: Whimsicott|Moonblast|p2a: Breloom\n|-supereffective|p2a: Breloom\n|-enditem|p2a: Breloom|Focus Sash\n|-damage|p2a: Breloom|1\/100\n|move|p1b: Annihilape|U-turn|p2a: Breloom\n|-damage|p2a: Breloom|0 fnt\n|faint|p2a: Breloom\n|\n|t:|1730135877\n|switch|p1b: Incineroar|Incineroar, L50, F|100\/100|[from] U-turn\n|-ability|p1b: Incineroar|Intimidate|boost\n|-unboost|p2b: Dragonite|atk|1\n|move|p2b: Dragonite|Scale Shot|p1b: Incineroar\n|-damage|p1b: Incineroar|90\/100\n|-damage|p1b: Incineroar|79\/100\n|-damage|p1b: Incineroar|68\/100\n|-damage|p1b: Incineroar|58\/100\n|-damage|p1b: Incineroar|50\/100\n|-hitcount|p1b: Incineroar|5\n|-unboost|p2b: Dragonite|def|1\n|-boost|p2b: Dragonite|spe|1\n|\n|upkeep\n|inactive|Battle timer is ON: inactive players will automatically lose when time's up. (requested by Cocobeloeil1)\n|\n|t:|1730135890\n|switch|p2a: Basculegion|Basculegion, L50, M|100\/100\n|turn|2\n|inactive|dalas91 has 30 seconds left.\n|inactive|dalas91 has 20 seconds left.\n|\n|t:|1730135926\n|move|p2b: Dragonite|Extreme Speed|p1a: Whimsicott\n|-damage|p1a: Whimsicott|71\/100\n|move|p1a: Whimsicott|Tailwind|p1a: Whimsicott\n|-sidestart|p1: dalas91|move: Tailwind\n|move|p2a: Basculegion|Flip Turn|p1b: Incineroar\n|-supereffective|p1b: Incineroar\n|-damage|p1b: Incineroar|0 fnt\n|faint|p1b: Incineroar\n|\n|t:|1730135935\n|switch|p2a: Politoed|Politoed, L50, M|100\/100|[from] Flip Turn\n|-weather|RainDance|[from] ability: Drizzle|[of] p2a: Politoed\n|\n|-weather|RainDance|[upkeep]\n|upkeep\n|\n|t:|1730135954\n|switch|p1b: Basculegion|Basculegion, L50, M, shiny|100\/100\n|turn|3\n|inactive|Cocobeloeil1 has 30 seconds left.\n|inactive|dalas91 has 30 seconds left.\n|inactive|dalas91 has 20 seconds left.\n|\n|t:|1730135995\n|-terastallize|p1b: Basculegion|Ghost\n|move|p1a: Whimsicott|Encore|p2b: Dragonite\n|-start|p2b: Dragonite|Encore\n|move|p1b: Basculegion|Last Respects|p2a: Politoed\n|-damage|p2a: Politoed|0 fnt\n|faint|p2a: Politoed\n|-damage|p1b: Basculegion|91\/100|[from] item: Life Orb\n|move|p2b: Dragonite|Extreme Speed|p1a: Whimsicott\n|-damage|p1a: Whimsicott|43\/100\n|\n|-weather|RainDance|[upkeep]\n|upkeep\n|\n|t:|1730136006\n|switch|p2a: Basculegion|Basculegion, L50, M|100\/100\n|turn|4\n|c|\u2606Cocobeloeil1|Gg\n|inactive|dalas91 has 30 seconds left.\n|\n|t:|1730136041\n|move|p2b: Dragonite|Extreme Speed|p1a: Whimsicott\n|-damage|p1a: Whimsicott|14\/100\n|move|p1a: Whimsicott|Moonblast|p2a: Basculegion\n|-damage|p2a: Basculegion|62\/100\n|move|p1b: Basculegion|Last Respects|p2a: Basculegion\n|-supereffective|p2a: Basculegion\n|-damage|p2a: Basculegion|0 fnt\n|faint|p2a: Basculegion\n|-damage|p1b: Basculegion|81\/100|[from] item: Life Orb\n|\n|-weather|RainDance|[upkeep]\n|upkeep\n|turn|5\n|-message|Cocobeloeil1 forfeited.\n|\n|win|dalas91\n|raw|dalas91's rating: 1669 &rarr; <strong>1696<\/strong><br \/>(+27 for winning)\n|raw|Cocobeloeil1's rating: 1803 &rarr; <strong>1776<\/strong><br \/>(-27 for losing)\n|l|\u2606Cocobeloeil1\n|player|p2|\n|l|\u2606dalas91\n|player|p1|\n","uploadtime":1730136062,"views":13,"formatid":"gen9vgc2024regh","rating":1696,"private":0,"password":null}