{"id":"gen9vgc2024regh-2232563349","format":"[Gen 9] VGC 2024 Reg H","players":["epigrlozvgc","roykeenkennedy"],"log":"|j|\u2606epigrlozvgc\n|j|\u2606roykeenkennedy\n|t:|1730122091\n|gametype|doubles\n|player|p1|epigrlozvgc|alder|1688\n|player|p2|roykeenkennedy|alder|1737\n|teamsize|p1|6\n|teamsize|p2|6\n|gen|9\n|tier|[Gen 9] VGC 2024 Reg H\n|rated|\n|rule|Species Clause: Limit one of each Pok\u00e9mon\n|rule|Item Clause: Limit 1 of each item\n|clearpoke\n|poke|p1|Indeedee, L50, M|\n|poke|p1|Sneasler, L50, F|\n|poke|p1|Garchomp, L50, M|\n|poke|p1|Dragapult, L50, M|\n|poke|p1|Eelektross, L50, F|\n|poke|p1|Volcarona, L50, M|\n|poke|p2|Salamence, L50, M|\n|poke|p2|Incineroar, L50, M|\n|poke|p2|Weezing, L50, M|\n|poke|p2|Dragapult, L50, M|\n|poke|p2|Ursaluna-Bloodmoon, L50, M|\n|poke|p2|Volcarona, L50, M|\n|teampreview|4\n|\n|t:|1730122121\n|start\n|switch|p1a: Dragapult|Dragapult, L50, M|100\/100\n|switch|p1b: Volcarona|Volcarona, L50, M|100\/100\n|switch|p2a: Weezing|Weezing, L50, M|100\/100\n|switch|p2b: Dragapult|Dragapult, L50, M|100\/100\n|-ability|p2a: Weezing|Neutralizing Gas\n|turn|1\n|\n|t:|1730122135\n|-terastallize|p2b: Dragapult|Ghost\n|move|p1a: Dragapult|Dragon Darts|p2a: Weezing\n|-damage|p2a: Weezing|70\/100\n|-anim|p1a: Dragapult|Dragon Darts|p2b: Dragapult\n|-damage|p2b: Dragapult|47\/100\n|move|p2b: Dragapult|Tera Blast|p1b: Volcarona|[anim] Tera Blast Ghost\n|-crit|p1b: Volcarona\n|-damage|p1b: Volcarona|0 fnt\n|faint|p1b: Volcarona\n|move|p2a: Weezing|Will-O-Wisp|p1a: Dragapult\n|-status|p1a: Dragapult|brn\n|\n|-heal|p2a: Weezing|76\/100|[from] item: Leftovers\n|-damage|p1a: Dragapult|94\/100 brn|[from] brn\n|upkeep\n|\n|t:|1730122151\n|switch|p1b: Indeedee|Indeedee, L50, M|100\/100\n|turn|2\n|\n|t:|1730122159\n|switch|p2b: Incineroar|Incineroar, L50, M|100\/100\n|-ability|p2b: Incineroar|Intimidate|boost\n|-unboost|p1a: Dragapult|atk|1\n|-unboost|p1b: Indeedee|atk|1\n|move|p2a: Weezing|Protect|p2a: Weezing\n|-singleturn|p2a: Weezing|Protect\n|move|p1a: Dragapult|Dragon Darts|p2b: Incineroar\n|-damage|p2b: Incineroar|89\/100\n|-anim|p1a: Dragapult|Dragon Darts|p2b: Incineroar\n|-damage|p2b: Incineroar|78\/100\n|move|p1b: Indeedee|Expanding Force|p2a: Weezing\n|-activate|p2a: Weezing|move: Protect\n|\n|-heal|p2a: Weezing|82\/100|[from] item: Leftovers\n|-damage|p1a: Dragapult|88\/100 brn|[from] brn\n|upkeep\n|turn|3\n|j| Xunyicaoawa\n|\n|t:|1730122185\n|switch|p1a: Garchomp|Garchomp, L50, M|100\/100\n|-terastallize|p1b: Indeedee|Fighting\n|move|p2b: Incineroar|Fake Out|p1b: Indeedee\n|-damage|p1b: Indeedee|76\/100\n|cant|p1b: Indeedee|flinch\n|move|p2a: Weezing|Sludge Bomb|p1b: Indeedee\n|-damage|p1b: Indeedee|36\/100\n|-status|p1b: Indeedee|psn\n|\n|-heal|p2a: Weezing|89\/100|[from] item: Leftovers\n|-damage|p1b: Indeedee|23\/100 psn|[from] psn\n|upkeep\n|turn|4\n|\n|t:|1730122215\n|move|p2a: Weezing|Protect|p2a: Weezing\n|-singleturn|p2a: Weezing|Protect\n|move|p1a: Garchomp|Earthquake|p2b: Incineroar|[spread] p1b,p2b\n|-activate|p2a: Weezing|move: Protect\n|-crit|p1b: Indeedee\n|-supereffective|p2b: Incineroar\n|-damage|p1b: Indeedee|0 fnt\n|-damage|p2b: Incineroar|0 fnt\n|faint|p1b: Indeedee\n|faint|p2b: Incineroar\n|\n|-heal|p2a: Weezing|95\/100|[from] item: Leftovers\n|upkeep\n|\n|t:|1730122227\n|switch|p1b: Dragapult|Dragapult, L50, M|88\/100 brn\n|switch|p2b: Salamence|Salamence, L50, M|100\/100\n|turn|5\n|\n|t:|1730122247\n|move|p2b: Salamence|Breaking Swipe|p1b: Dragapult|[spread] p1a,p1b\n|-supereffective|p1a: Garchomp\n|-supereffective|p1b: Dragapult\n|-damage|p1a: Garchomp|50\/100\n|-damage|p1b: Dragapult|18\/100 brn\n|-unboost|p1a: Garchomp|atk|1\n|-unboost|p1b: Dragapult|atk|1\n|move|p1b: Dragapult|Phantom Force||[still]\n|-prepare|p1b: Dragapult|Phantom Force\n|move|p1a: Garchomp|Earthquake|p2b: Salamence|[spread] p2a\n|-miss|p1a: Garchomp|p1b: Dragapult\n|-immune|p2b: Salamence\n|-supereffective|p2a: Weezing\n|-damage|p2a: Weezing|46\/100\n|move|p2a: Weezing|Will-O-Wisp|p1a: Garchomp\n|-status|p1a: Garchomp|brn\n|\n|-heal|p2a: Weezing|53\/100|[from] item: Leftovers\n|-damage|p1b: Dragapult|11\/100 brn|[from] brn\n|-damage|p1a: Garchomp|44\/100 brn|[from] brn\n|upkeep\n|turn|6\n|\n|t:|1730122270\n|move|p2a: Weezing|Protect|p2a: Weezing\n|-singleturn|p2a: Weezing|Protect\n|move|p2b: Salamence|Breaking Swipe|p1b: Dragapult|[spread] p1a\n|-miss|p2b: Salamence|p1b: Dragapult\n|-supereffective|p1a: Garchomp\n|-damage|p1a: Garchomp|0 fnt\n|faint|p1a: Garchomp\n|move|p1b: Dragapult|Phantom Force|p2b: Salamence|[from]lockedmove\n|-damage|p2b: Salamence|72\/100\n|\n|-heal|p2a: Weezing|59\/100|[from] item: Leftovers\n|-damage|p1b: Dragapult|5\/100 brn|[from] brn\n|upkeep\n|turn|7\n|c|\u2606roykeenkennedy|Gg\n|\n|t:|1730122305\n|move|p2b: Salamence|Breaking Swipe|p1b: Dragapult\n|-supereffective|p1b: Dragapult\n|-damage|p1b: Dragapult|0 fnt\n|faint|p1b: Dragapult\n|\n|win|roykeenkennedy\n|raw|epigrlozvgc's rating: 1688 &rarr; <strong>1671<\/strong><br \/>(-17 for losing)\n|raw|roykeenkennedy's rating: 1737 &rarr; <strong>1754<\/strong><br \/>(+17 for winning)\n|l|\u2606epigrlozvgc\n|player|p1|\n|l|\u2606roykeenkennedy\n|player|p2|\n|l| Xunyicaoawa\n","uploadtime":1730122484,"views":17,"formatid":"gen9vgc2024regh","rating":1671,"private":0,"password":null}