{"id":"gen9vgc2024regh-2232389593","format":"[Gen 9] VGC 2024 Reg H","players":["Assasinderella","ren122333"],"log":"|j|\u2606Assasinderella\n|j|\u2606ren122333\n|t:|1730093640\n|gametype|doubles\n|player|p1|Assasinderella|rosa|1705\n|player|p2|ren122333|hilbert|1655\n|teamsize|p1|6\n|teamsize|p2|6\n|gen|9\n|tier|[Gen 9] VGC 2024 Reg H\n|rated|\n|rule|Species Clause: Limit one of each Pok\u00e9mon\n|rule|Item Clause: Limit 1 of each item\n|clearpoke\n|poke|p1|Dragonite, L50, F|\n|poke|p1|Kingambit, L50, F|\n|poke|p1|Tauros-Paldea-Aqua, L50, M|\n|poke|p1|Archaludon, L50, F|\n|poke|p1|Pelipper, L50, F|\n|poke|p1|Rillaboom, L50, F|\n|poke|p2|Whimsicott, L50, M|\n|poke|p2|Mamoswine, L50, F|\n|poke|p2|Lycanroc-Dusk, L50, F|\n|poke|p2|Typhlosion-Hisui, L50, M|\n|poke|p2|Farigiraf, L50, F|\n|poke|p2|Mienshao, L50, F|\n|teampreview|4\n|inactive|Battle timer is ON: inactive players will automatically lose when time's up. (requested by ren122333)\n|inactive|Assasinderella has 60 seconds left.\n|\n|t:|1730093693\n|start\n|switch|p1a: Kingambit|Kingambit, L50, F|100\/100\n|switch|p1b: Pelipper|Pelipper, L50, F|100\/100\n|switch|p2a: Whimsicott|Whimsicott, L50, M|100\/100\n|switch|p2b: Mamoswine|Mamoswine, L50, F|100\/100\n|-weather|RainDance|[from] ability: Drizzle|[of] p1b: Pelipper\n|turn|1\n|inactive|ren122333 has 30 seconds left.\n|\n|t:|1730093720\n|-terastallize|p2b: Mamoswine|Grass\n|move|p2a: Whimsicott|Moonblast|p1b: Pelipper\n|-damage|p1b: Pelipper|42\/100\n|move|p2b: Mamoswine|High Horsepower|p1a: Kingambit\n|-supereffective|p1a: Kingambit\n|-enditem|p1a: Kingambit|Focus Sash\n|-damage|p1a: Kingambit|1\/100\n|move|p1b: Pelipper|Tailwind|p1b: Pelipper\n|-sidestart|p1: Assasinderella|move: Tailwind\n|move|p1a: Kingambit|Iron Head|p2a: Whimsicott\n|-supereffective|p2a: Whimsicott\n|-enditem|p2a: Whimsicott|Focus Sash\n|-damage|p2a: Whimsicott|1\/100\n|\n|-weather|RainDance|[upkeep]\n|upkeep\n|turn|2\n|inactive|Assasinderella has 30 seconds left.\n|inactive|Assasinderella has 20 seconds left.\n|inactive|Assasinderella has 15 seconds left.\n|inactive|Assasinderella has 10 seconds left.\n|\n|t:|1730093768\n|move|p2a: Whimsicott|Tailwind|p2a: Whimsicott\n|-sidestart|p2: ren122333|move: Tailwind\n|move|p2b: Mamoswine|Tera Blast|p1b: Pelipper|[anim] Tera Blast Grass\n|-damage|p1b: Pelipper|0 fnt\n|faint|p1b: Pelipper\n|move|p1a: Kingambit|Iron Head|p2a: Whimsicott\n|-supereffective|p2a: Whimsicott\n|-damage|p2a: Whimsicott|0 fnt\n|faint|p2a: Whimsicott\n|\n|-weather|RainDance|[upkeep]\n|upkeep\n|\n|t:|1730093780\n|switch|p2a: Farigiraf|Farigiraf, L50, F|100\/100\n|switch|p1b: Dragonite|Dragonite, L50, F|100\/100\n|turn|3\n|inactive|Assasinderella has 30 seconds left.\n|\n|t:|1730093807\n|-terastallize|p1b: Dragonite|Fairy\n|move|p2b: Mamoswine|High Horsepower|p1a: Kingambit\n|-supereffective|p1a: Kingambit\n|-damage|p1a: Kingambit|0 fnt\n|faint|p1a: Kingambit\n|move|p1b: Dragonite|Scale Shot|p2b: Mamoswine\n|-damage|p2b: Mamoswine|84\/100\n|-damage|p2b: Mamoswine|65\/100\n|-damage|p2b: Mamoswine|49\/100\n|-damage|p2b: Mamoswine|31\/100\n|-damage|p2b: Mamoswine|11\/100\n|-hitcount|p2b: Mamoswine|5\n|-unboost|p1b: Dragonite|def|1\n|-boost|p1b: Dragonite|spe|1\n|move|p2a: Farigiraf|Hyper Voice|p1b: Dragonite\n|-damage|p1b: Dragonite|77\/100\n|\n|-weather|RainDance|[upkeep]\n|upkeep\n|\n|t:|1730093824\n|switch|p1a: Tauros|Tauros-Paldea-Aqua, L50, M|100\/100\n|-ability|p1a: Tauros|Intimidate|boost\n|-unboost|p2a: Farigiraf|atk|1\n|-fail|p2b: Mamoswine|unboost|Attack|[from] ability: Oblivious|[of] p2b: Mamoswine\n|turn|4\n|\n|t:|1730093838\n|move|p1b: Dragonite|Scale Shot|p2b: Mamoswine\n|-damage|p2b: Mamoswine|0 fnt\n|faint|p2b: Mamoswine\n|-hitcount|p2: Mamoswine|1\n|-unboost|p1b: Dragonite|def|1\n|-boost|p1b: Dragonite|spe|1\n|move|p1a: Tauros|Raging Bull|p2a: Farigiraf\n|-damage|p2a: Farigiraf|29\/100\n|move|p2a: Farigiraf|Expanding Force|p1a: Tauros\n|-supereffective|p1a: Tauros\n|-damage|p1a: Tauros|0 fnt\n|faint|p1a: Tauros\n|\n|-weather|RainDance|[upkeep]\n|-sideend|p1: Assasinderella|move: Tailwind\n|upkeep\n|\n|t:|1730093840\n|switch|p2b: Typhlosion|Typhlosion-Hisui, L50, M|100\/100\n|-item|p1b: Dragonite|Loaded Dice|[from] ability: Frisk|[of] p2b: Typhlosion\n|turn|5\n|\n|t:|1730093856\n|move|p2b: Typhlosion|Shadow Ball|p1b: Dragonite\n|-damage|p1b: Dragonite|9\/100\n|move|p1b: Dragonite|Scale Shot|p2b: Typhlosion\n|-damage|p2b: Typhlosion|80\/100\n|-damage|p2b: Typhlosion|59\/100\n|-damage|p2b: Typhlosion|39\/100\n|-damage|p2b: Typhlosion|16\/100\n|-damage|p2b: Typhlosion|0 fnt\n|faint|p2b: Typhlosion\n|-hitcount|p2: Typhlosion|5\n|-unboost|p1b: Dragonite|def|1\n|-boost|p1b: Dragonite|spe|1\n|move|p2a: Farigiraf|Trick Room|p2a: Farigiraf\n|-fieldstart|move: Trick Room|[of] p2a: Farigiraf\n|\n|-weather|none\n|-sideend|p2: ren122333|move: Tailwind\n|upkeep\n|turn|6\n|\n|t:|1730093867\n|move|p2a: Farigiraf|Hyper Voice|p1b: Dragonite\n|-damage|p1b: Dragonite|0 fnt\n|faint|p1b: Dragonite\n|\n|win|ren122333\n|raw|Assasinderella's rating: 1705 &rarr; <strong>1682<\/strong><br \/>(-23 for losing)\n|raw|ren122333's rating: 1655 &rarr; <strong>1678<\/strong><br \/>(+23 for winning)\n|l|\u2606ren122333\n|player|p2|\n","uploadtime":1730094067,"views":24,"formatid":"gen9vgc2024regh","rating":1678,"private":0,"password":null}