{"id":"gen9vgc2024regh-2232012742","format":"[Gen 9] VGC 2024 Reg H","players":["Hk0710","Shikanoko32"],"log":"|j|\u2606Hk0710\n|j|\u2606Shikanoko32\n|t:|1730046825\n|gametype|doubles\n|player|p1|Hk0710|2|1644\n|player|p2|Shikanoko32|169|1793\n|teamsize|p1|6\n|teamsize|p2|6\n|gen|9\n|tier|[Gen 9] VGC 2024 Reg H\n|rated|\n|rule|Species Clause: Limit one of each Pok\u00e9mon\n|rule|Item Clause: Limit 1 of each item\n|clearpoke\n|poke|p1|Annihilape, L50, F|\n|poke|p1|Maushold-Four, L50|\n|poke|p1|Grimmsnarl, L50, M|\n|poke|p1|Sinistcha-Masterpiece, L50|\n|poke|p1|Ninetales-Alola, L50, F|\n|poke|p1|Incineroar, L50, F|\n|poke|p2|Incineroar, L50, F|\n|poke|p2|Rillaboom, L50, F|\n|poke|p2|Ninetales-Alola, L50, M|\n|poke|p2|Frosmoth, L50, M|\n|poke|p2|Maushold-Four, L50|\n|poke|p2|Annihilape, L50, M|\n|teampreview|4\n|\n|t:|1730046865\n|start\n|switch|p1a: Maushold|Maushold-Four, L50|100\/100\n|switch|p1b: Annihilape|Annihilape, L50, F|100\/100\n|switch|p2a: Maushold|Maushold-Four, L50|100\/100\n|switch|p2b: Annihilape|Annihilape, L50, M|100\/100\n|turn|1\n|\n|t:|1730046882\n|move|p2a: Maushold|Follow Me|p2a: Maushold\n|-singleturn|p2a: Maushold|move: Follow Me\n|move|p1a: Maushold|Follow Me|p1a: Maushold\n|-singleturn|p1a: Maushold|move: Follow Me\n|move|p1b: Annihilape|Bulk Up|p1b: Annihilape\n|-boost|p1b: Annihilape|atk|1\n|-boost|p1b: Annihilape|def|1\n|move|p2b: Annihilape|Bulk Up|p2b: Annihilape\n|-boost|p2b: Annihilape|atk|1\n|-boost|p2b: Annihilape|def|1\n|\n|upkeep\n|turn|2\n|\n|t:|1730046916\n|move|p1a: Maushold|Follow Me|p1a: Maushold\n|-singleturn|p1a: Maushold|move: Follow Me\n|move|p2a: Maushold|Taunt|p1a: Maushold\n|-start|p1a: Maushold|move: Taunt\n|move|p1b: Annihilape|Bulk Up|p1b: Annihilape\n|-boost|p1b: Annihilape|atk|1\n|-boost|p1b: Annihilape|def|1\n|move|p2b: Annihilape|Bulk Up|p2b: Annihilape\n|-boost|p2b: Annihilape|atk|1\n|-boost|p2b: Annihilape|def|1\n|\n|upkeep\n|turn|3\n|\n|t:|1730046959\n|-terastallize|p1b: Annihilape|Fire\n|move|p2a: Maushold|Beat Up|p2b: Annihilape\n|-damage|p2b: Annihilape|99\/100\n|-damage|p2b: Annihilape|98\/100\n|-damage|p2b: Annihilape|97\/100\n|-damage|p2b: Annihilape|95\/100\n|-hitcount|p2b: Annihilape|4\n|move|p1a: Maushold|Beat Up|p1b: Annihilape\n|-damage|p1b: Annihilape|99\/100\n|-damage|p1b: Annihilape|98\/100\n|-damage|p1b: Annihilape|97\/100\n|-damage|p1b: Annihilape|96\/100\n|-hitcount|p1b: Annihilape|4\n|move|p1b: Annihilape|Drain Punch|p2a: Maushold\n|-supereffective|p2a: Maushold\n|-damage|p2a: Maushold|0 fnt\n|-heal|p1b: Annihilape|100\/100|[from] drain|[of] p2a: Maushold\n|-damage|p1b: Annihilape|84\/100|[from] item: Rocky Helmet|[of] p2a: Maushold\n|faint|p2a: Maushold\n|move|p2b: Annihilape|Rage Fist|p1b: Annihilape\n|-damage|p1b: Annihilape|2\/100\n|\n|-heal|p1b: Annihilape|8\/100|[from] item: Leftovers\n|upkeep\n|j| itogclicdsf\n|\n|t:|1730046987\n|switch|p2a: Ninetales|Ninetales-Alola, L50, M|100\/100\n|-weather|Snow|[from] ability: Snow Warning|[of] p2a: Ninetales\n|turn|4\n|\n|t:|1730047009\n|switch|p1a: Sinistcha|Sinistcha-Masterpiece, L50|100\/100\n|-heal|p1b: Annihilape|33\/100|[from] ability: Hospitality|[of] p1a: Sinistcha\n|-terastallize|p2b: Annihilape|Fire\n|move|p2a: Ninetales|Moonblast|p1b: Annihilape\n|-resisted|p1b: Annihilape\n|-damage|p1b: Annihilape|24\/100\n|move|p1b: Annihilape|Rage Fist|p2b: Annihilape\n|-damage|p2b: Annihilape|0 fnt\n|faint|p2b: Annihilape\n|\n|-weather|Snow|[upkeep]\n|-heal|p1b: Annihilape|30\/100|[from] item: Leftovers\n|upkeep\n|\n|t:|1730047025\n|switch|p2b: Frosmoth|Frosmoth, L50, M|100\/100\n|turn|5\n|\n|t:|1730047038\n|switch|p1a: Maushold|Maushold-Four, L50|100\/100\n|move|p2a: Ninetales|Disable|p1b: Annihilape\n|-start|p1b: Annihilape|Disable|Rage Fist\n|cant|p1b: Annihilape|Disable|Rage Fist\n|move|p2b: Frosmoth|Quiver Dance|p2b: Frosmoth\n|-boost|p2b: Frosmoth|spa|1\n|-boost|p2b: Frosmoth|spd|1\n|-boost|p2b: Frosmoth|spe|1\n|\n|-weather|Snow|[upkeep]\n|-heal|p1b: Annihilape|36\/100|[from] item: Leftovers\n|upkeep\n|turn|6\n|\n|t:|1730047078\n|move|p2a: Ninetales|Moonblast|p1a: Maushold\n|-damage|p1a: Maushold|71\/100\n|move|p2b: Frosmoth|Blizzard|p1b: Annihilape|[spread] p1a,p1b\n|-resisted|p1b: Annihilape\n|-damage|p1a: Maushold|12\/100\n|-damage|p1b: Annihilape|23\/100\n|move|p1a: Maushold|Population Bomb|p2b: Frosmoth\n|-damage|p2b: Frosmoth|96\/100\n|-damage|p2b: Frosmoth|92\/100\n|-damage|p2b: Frosmoth|88\/100\n|-damage|p2b: Frosmoth|84\/100\n|-damage|p2b: Frosmoth|80\/100\n|-damage|p2b: Frosmoth|76\/100\n|-damage|p2b: Frosmoth|72\/100\n|-crit|p2b: Frosmoth\n|-damage|p2b: Frosmoth|66\/100\n|-damage|p2b: Frosmoth|60\/100\n|-damage|p2b: Frosmoth|57\/100\n|-hitcount|p2b: Frosmoth|10\n|move|p1b: Annihilape|Drain Punch|p2b: Frosmoth\n|-damage|p2b: Frosmoth|15\/100\n|-heal|p1b: Annihilape|40\/100|[from] drain|[of] p2b: Frosmoth\n|\n|-weather|Snow|[upkeep]\n|-heal|p2b: Frosmoth|20\/100|[from] item: Leftovers\n|-heal|p1b: Annihilape|46\/100|[from] item: Leftovers\n|upkeep\n|turn|7\n|\n|t:|1730047120\n|switch|p1a: Sinistcha|Sinistcha-Masterpiece, L50|100\/100\n|-heal|p1b: Annihilape|71\/100|[from] ability: Hospitality|[of] p1a: Sinistcha\n|move|p2a: Ninetales|Moonblast|p1a: Sinistcha\n|-damage|p1a: Sinistcha|68\/100\n|-enditem|p1a: Sinistcha|Eject Button\n|\n|t:|1730047126\n|switch|p1a: Maushold|Maushold-Four, L50|12\/100\n|move|p2b: Frosmoth|Blizzard|p1a: Maushold|[spread] p1a,p1b\n|-resisted|p1b: Annihilape\n|-damage|p1a: Maushold|0 fnt\n|-damage|p1b: Annihilape|59\/100\n|faint|p1a: Maushold\n|move|p1b: Annihilape|Drain Punch|p2b: Frosmoth\n|-crit|p2b: Frosmoth\n|-damage|p2b: Frosmoth|0 fnt\n|-heal|p1b: Annihilape|67\/100|[from] drain|[of] p2b: Frosmoth\n|faint|p2b: Frosmoth\n|\n|-weather|Snow|[upkeep]\n|-heal|p1b: Annihilape|73\/100|[from] item: Leftovers\n|upkeep\n|\n|t:|1730047130\n|switch|p1a: Grimmsnarl|Grimmsnarl, L50, M|100\/100\n|turn|8\n|-message|Shikanoko32 forfeited.\n|\n|win|Hk0710\n|raw|Hk0710's rating: 1644 &rarr; <strong>1672<\/strong><br \/>(+28 for winning)\n|raw|Shikanoko32's rating: 1793 &rarr; <strong>1765<\/strong><br \/>(-28 for losing)\n|l|\u2606Shikanoko32\n|player|p2|\n|l|\u2606Hk0710\n|player|p1|\n|j| trfgtred\n|l| itogclicdsf\n|l| trfgtred\n","uploadtime":1730047147,"views":12,"formatid":"gen9vgc2024regh","rating":1672,"private":0,"password":null}