{"id":"gen9vgc2024regh-2232779620","format":"[Gen 9] VGC 2024 Reg H","players":["Kunikamaze","jhyjhyt"],"log":"|j|\u2606Kunikamaze\n|j|\u2606jhyjhyt\n|t:|1730141260\n|gametype|doubles\n|player|p1|Kunikamaze|2|1697\n|player|p2|jhyjhyt|2|1762\n|teamsize|p1|6\n|teamsize|p2|6\n|gen|9\n|tier|[Gen 9] VGC 2024 Reg H\n|rated|\n|rule|Species Clause: Limit one of each Pok\u00e9mon\n|rule|Item Clause: Limit 1 of each item\n|clearpoke\n|poke|p1|Dragonite, L50, M|\n|poke|p1|Dondozo, L50, F|\n|poke|p1|Gholdengo, L50|\n|poke|p1|Murkrow, L50, M|\n|poke|p1|Sneasler, L50, F|\n|poke|p1|Kingambit, L50, M|\n|poke|p2|Dondozo, L50, M|\n|poke|p2|Tatsugiri, L50, M|\n|poke|p2|Pelipper, L50, M|\n|poke|p2|Archaludon, L50, F|\n|poke|p2|Amoonguss, L50, F|\n|poke|p2|Murkrow, L50, M|\n|teampreview|4\n|inactive|Battle timer is ON: inactive players will automatically lose when time's up. (requested by jhyjhyt)\n|\n|t:|1730141287\n|start\n|switch|p1a: Dragonite|Dragonite, L50, M|100\/100\n|switch|p1b: Dondozo|Dondozo, L50, F|100\/100\n|switch|p2a: Dondozo|Dondozo, L50, M|100\/100\n|switch|p2b: Pelipper|Pelipper, L50, M|100\/100\n|-weather|RainDance|[from] ability: Drizzle|[of] p2b: Pelipper\n|turn|1\n|\n|t:|1730141305\n|move|p2a: Dondozo|Protect|p2a: Dondozo\n|-singleturn|p2a: Dondozo|Protect\n|move|p2b: Pelipper|Hurricane|p1b: Dondozo\n|-damage|p1b: Dondozo|68\/100\n|-start|p1b: Dondozo|confusion\n|move|p1a: Dragonite|Fire Spin|p2a: Dondozo\n|-activate|p2a: Dondozo|move: Protect\n|-activate|p1b: Dondozo|confusion\n|move|p1b: Dondozo|Yawn|p2a: Dondozo\n|-activate|p2a: Dondozo|move: Protect\n|\n|-weather|RainDance|[upkeep]\n|-heal|p1b: Dondozo|74\/100|[from] item: Leftovers\n|upkeep\n|turn|2\n|\n|t:|1730141325\n|switch|p2b: Tatsugiri|Tatsugiri, L50, M|100\/100\n|-activate|p2b: Tatsugiri|ability: Commander|[of] p2a: Dondozo\n|-boost|p2a: Dondozo|atk|2\n|-boost|p2a: Dondozo|spa|2\n|-boost|p2a: Dondozo|spe|2\n|-boost|p2a: Dondozo|def|2\n|-boost|p2a: Dondozo|spd|2\n|-terastallize|p2a: Dondozo|Water\n|move|p2a: Dondozo|Surf|p1b: Dondozo|[spread] p1a,p1b\n|-miss|p2a: Dondozo|p2b: Tatsugiri\n|-resisted|p1a: Dragonite\n|-resisted|p1b: Dondozo\n|-damage|p1a: Dragonite|79\/100\n|-damage|p1b: Dondozo|58\/100\n|move|p1a: Dragonite|Fire Spin|p2a: Dondozo\n|-resisted|p2a: Dondozo\n|-damage|p2a: Dondozo|99\/100\n|-activate|p2a: Dondozo|move: Fire Spin|[of] p1a: Dragonite\n|-end|p1b: Dondozo|confusion\n|move|p1b: Dondozo|Yawn|p2a: Dondozo\n|-start|p2a: Dondozo|move: Yawn|[of] p1b: Dondozo\n|\n|-weather|RainDance|[upkeep]\n|-heal|p1b: Dondozo|65\/100|[from] item: Leftovers\n|-damage|p2a: Dondozo|87\/100|[from] move: Fire Spin|[partiallytrapped]\n|upkeep\n|turn|3\n|\n|t:|1730141346\n|move|p1a: Dragonite|Protect|p1a: Dragonite\n|-singleturn|p1a: Dragonite|Protect\n|move|p1b: Dondozo|Protect|p1b: Dondozo\n|-singleturn|p1b: Dondozo|Protect\n|move|p2a: Dondozo|Surf|p1a: Dragonite|[spread] \n|-miss|p2a: Dondozo|p2b: Tatsugiri\n|-activate|p1a: Dragonite|move: Protect\n|-activate|p1b: Dondozo|move: Protect\n|\n|-weather|RainDance|[upkeep]\n|-heal|p1b: Dondozo|71\/100|[from] item: Leftovers\n|-damage|p2a: Dondozo|75\/100|[from] move: Fire Spin|[partiallytrapped]\n|-end|p2a: Dondozo|move: Yawn|[silent]\n|-status|p2a: Dondozo|slp\n|upkeep\n|turn|4\n|\n|t:|1730141358\n|switch|p1a: Murkrow|Murkrow, L50, M|100\/100\n|cant|p2a: Dondozo|slp\n|move|p1b: Dondozo|Fissure|p2a: Dondozo|[miss]\n|-miss|p1b: Dondozo|p2a: Dondozo\n|\n|-weather|RainDance|[upkeep]\n|-heal|p1b: Dondozo|77\/100|[from] item: Leftovers\n|-end|p2a: Dondozo|Fire Spin|[partiallytrapped]|[silent]\n|upkeep\n|turn|5\n|-message|jhyjhyt forfeited.\n|\n|win|Kunikamaze\n|raw|Kunikamaze's rating: 1697 &rarr; <strong>1721<\/strong><br \/>(+24 for winning)\n|raw|jhyjhyt's rating: 1762 &rarr; <strong>1738<\/strong><br \/>(-24 for losing)\n|l|\u2606jhyjhyt\n|player|p2|\n|l|\u2606Kunikamaze\n|player|p1|\n","uploadtime":1730141599,"views":11,"formatid":"gen9vgc2024regh","rating":1721,"private":0,"password":null}