{"id":"gen9vgc2024regh-2232795600","format":"[Gen 9] VGC 2024 Reg H","players":["Zordor","bwahacough"],"log":"|j|\u2606Zordor\n|j|\u2606bwahacough\n|t:|1730142680\n|gametype|doubles\n|player|p1|Zordor|pilot|1745\n|player|p2|bwahacough|medium|1782\n|teamsize|p1|6\n|teamsize|p2|6\n|gen|9\n|tier|[Gen 9] VGC 2024 Reg H\n|rated|\n|rule|Species Clause: Limit one of each Pok\u00e9mon\n|rule|Item Clause: Limit 1 of each item\n|clearpoke\n|poke|p1|Rotom-Wash, L50|\n|poke|p1|Sneasler, L50, F|\n|poke|p1|Kingambit, L50, M|\n|poke|p1|Armarouge, L50, M|\n|poke|p1|Dragapult, L50, M|\n|poke|p1|Venusaur, L50, M|\n|poke|p2|Lycanroc, L50, F|\n|poke|p2|Tyranitar, L50, M|\n|poke|p2|Indeedee-F, L50, F|\n|poke|p2|Sneasler, L50, F|\n|poke|p2|Delphox, L50, F|\n|poke|p2|Murkrow, L50, F|\n|teampreview|4\n|\n|t:|1730142730\n|start\n|switch|p1a: Sneasler|Sneasler, L50, F|100\/100\n|switch|p1b: Armarouge|Armarouge, L50, M|100\/100\n|switch|p2a: Delphox|Delphox, L50, F, shiny|100\/100\n|switch|p2b: Indeedee|Indeedee-F, L50, F, shiny|100\/100\n|-fieldstart|move: Psychic Terrain|[from] ability: Psychic Surge|[of] p2b: Indeedee\n|turn|1\n|\n|t:|1730142750\n|switch|p2b: Tyranitar|Tyranitar, L50, M|100\/100\n|-weather|Sandstorm|[from] ability: Sand Stream|[of] p2b: Tyranitar\n|move|p1a: Sneasler|Protect|p1a: Sneasler\n|-singleturn|p1a: Sneasler|Protect\n|move|p2a: Delphox|Expanding Force|p1a: Sneasler|[spread] p1b\n|-activate|p1a: Sneasler|move: Protect\n|-resisted|p1b: Armarouge\n|-damage|p1b: Armarouge|52\/100\n|move|p1b: Armarouge|Heat Wave|p2a: Delphox|[spread] p2a\n|-miss|p1b: Armarouge|p2b: Tyranitar\n|-resisted|p2a: Delphox\n|-damage|p2a: Delphox|80\/100\n|\n|-weather|Sandstorm|[upkeep]\n|-damage|p1a: Sneasler|95\/100|[from] Sandstorm\n|-damage|p2a: Delphox|74\/100|[from] Sandstorm\n|-damage|p1b: Armarouge|45\/100|[from] Sandstorm\n|upkeep\n|turn|2\n|\n|t:|1730142763\n|move|p2b: Tyranitar|Protect|p2b: Tyranitar\n|-singleturn|p2b: Tyranitar|Protect\n|move|p1a: Sneasler|Rock Tomb|p2a: Delphox\n|-supereffective|p2a: Delphox\n|-damage|p2a: Delphox|9\/100\n|-unboost|p2a: Delphox|spe|1\n|move|p1b: Armarouge|Meteor Beam||[still]\n|-prepare|p1b: Armarouge|Meteor Beam\n|-boost|p1b: Armarouge|spa|1\n|-enditem|p1b: Armarouge|Power Herb\n|-anim|p1b: Armarouge|Meteor Beam|p2b: Tyranitar\n|-activate|p2b: Tyranitar|move: Protect\n|move|p2a: Delphox|Expanding Force|p1b: Armarouge|[spread] p1a,p1b\n|-supereffective|p1a: Sneasler\n|-resisted|p1b: Armarouge\n|-damage|p1a: Sneasler|0 fnt\n|-damage|p1b: Armarouge|0 fnt\n|faint|p1a: Sneasler\n|faint|p1b: Armarouge\n|\n|-weather|Sandstorm|[upkeep]\n|-damage|p2a: Delphox|3\/100|[from] Sandstorm\n|upkeep\n|\n|t:|1730142771\n|switch|p1a: Kingambit|Kingambit, L50, M|100\/100\n|switch|p1b: Dragapult|Dragapult, L50, M|100\/100\n|turn|3\n|\n|t:|1730142783\n|move|p1b: Dragapult|Protect|p1b: Dragapult\n|-singleturn|p1b: Dragapult|Protect\n|move|p1a: Kingambit|Protect|p1a: Kingambit\n|-singleturn|p1a: Kingambit|Protect\n|move|p2a: Delphox|Expanding Force|p1b: Dragapult|[spread] \n|-activate|p1a: Kingambit|move: Protect\n|-activate|p1b: Dragapult|move: Protect\n|move|p2b: Tyranitar|Knock Off|p1b: Dragapult\n|-activate|p1b: Dragapult|move: Protect\n|\n|-weather|Sandstorm|[upkeep]\n|-damage|p1b: Dragapult|95\/100|[from] Sandstorm\n|-damage|p2a: Delphox|0 fnt|[from] Sandstorm\n|faint|p2a: Delphox\n|upkeep\n|\n|t:|1730142787\n|switch|p2a: Lycanroc|Lycanroc, L50, F|100\/100\n|turn|4\n|\n|t:|1730142817\n|-terastallize|p1b: Dragapult|Fighting\n|move|p2a: Lycanroc|Close Combat|p1a: Kingambit\n|-supereffective|p1a: Kingambit\n|-damage|p1a: Kingambit|0 fnt\n|-unboost|p2a: Lycanroc|def|1\n|-unboost|p2a: Lycanroc|spd|1\n|faint|p1a: Kingambit\n|move|p1b: Dragapult|Tera Blast|p2b: Tyranitar|[anim] Tera Blast Fighting\n|-supereffective|p2b: Tyranitar\n|-damage|p2b: Tyranitar|0 fnt\n|faint|p2b: Tyranitar\n|-damage|p1b: Dragapult|85\/100|[from] item: Life Orb\n|\n|-weather|Sandstorm|[upkeep]\n|-damage|p1b: Dragapult|79\/100|[from] Sandstorm\n|upkeep\n|\n|t:|1730142820\n|switch|p2b: Indeedee|Indeedee-F, L50, F, shiny|100\/100\n|turn|5\n|\n|t:|1730142828\n|-terastallize|p2a: Lycanroc|Fighting\n|move|p1b: Dragapult|Protect|p1b: Dragapult\n|-singleturn|p1b: Dragapult|Protect\n|move|p2a: Lycanroc|Close Combat|p1b: Dragapult\n|-activate|p1b: Dragapult|move: Protect\n|move|p2b: Indeedee|Psychic|p1b: Dragapult\n|-activate|p1b: Dragapult|move: Protect\n|\n|-weather|none\n|-fieldend|move: Psychic Terrain\n|upkeep\n|turn|6\n|\n|t:|1730142841\n|move|p1b: Dragapult|Dragon Darts|p2a: Lycanroc\n|-damage|p2a: Lycanroc|25\/100\n|-anim|p1b: Dragapult|Dragon Darts|p2b: Indeedee\n|-damage|p2b: Indeedee|71\/100\n|-damage|p1b: Dragapult|70\/100|[from] item: Life Orb\n|move|p2a: Lycanroc|Close Combat|p1b: Dragapult\n|-damage|p1b: Dragapult|0 fnt\n|-unboost|p2a: Lycanroc|def|1\n|-unboost|p2a: Lycanroc|spd|1\n|faint|p1b: Dragapult\n|\n|win|bwahacough\n|raw|Zordor's rating: 1745 &rarr; <strong>1727<\/strong><br \/>(-18 for losing)\n|raw|bwahacough's rating: 1782 &rarr; <strong>1800<\/strong><br \/>(+18 for winning)\n|l|\u2606Zordor\n|player|p1|\n|l|\u2606bwahacough\n|player|p2|\n","uploadtime":1730143002,"views":30,"formatid":"gen9vgc2024regh","rating":1727,"private":0,"password":null}