{"id":"gen9vgc2024regh-2232844365","format":"[Gen 9] VGC 2024 Reg H","players":["5SeasBakery","Zordor"],"log":"|j|\u26065SeasBakery\n|j|\u2606Zordor\n|t:|1730147074\n|gametype|doubles\n|player|p1|5SeasBakery|101|1638\n|player|p2|Zordor|pilot|1738\n|teamsize|p1|6\n|teamsize|p2|6\n|gen|9\n|tier|[Gen 9] VGC 2024 Reg H\n|rated|\n|rule|Species Clause: Limit one of each Pok\u00e9mon\n|rule|Item Clause: Limit 1 of each item\n|clearpoke\n|poke|p1|Archaludon, L50, M|\n|poke|p1|Pelipper, L50, M|\n|poke|p1|Indeedee-F, L50, F|\n|poke|p1|Blastoise, L50, F|\n|poke|p1|Sneasler, L50, M|\n|poke|p1|Dragonite, L50, M|\n|poke|p2|Rotom-Wash, L50|\n|poke|p2|Sneasler, L50, F|\n|poke|p2|Kingambit, L50, F|\n|poke|p2|Armarouge, L50, F|\n|poke|p2|Dragapult, L50, M|\n|poke|p2|Venusaur, L50, F|\n|teampreview|4\n|\n|t:|1730147098\n|start\n|switch|p1a: Blastoise|Blastoise, L50, F|100\/100\n|switch|p1b: Sneasler|Sneasler, L50, M|100\/100\n|switch|p2a: Sneasler|Sneasler, L50, F|100\/100\n|switch|p2b: Rotom|Rotom-Wash, L50|100\/100\n|turn|1\n|\n|t:|1730147109\n|switch|p1a: Archaludon|Archaludon, L50, M|100\/100\n|move|p2a: Sneasler|Protect|p2a: Sneasler\n|-singleturn|p2a: Sneasler|Protect\n|move|p2b: Rotom|Protect|p2b: Rotom\n|-singleturn|p2b: Rotom|Protect\n|move|p1b: Sneasler|Dire Claw|p2a: Sneasler\n|-activate|p2a: Sneasler|move: Protect\n|\n|upkeep\n|turn|2\n|\n|t:|1730147125\n|-terastallize|p1a: Archaludon|Grass\n|move|p1b: Sneasler|Dire Claw|p2a: Sneasler\n|-resisted|p2a: Sneasler\n|-damage|p2a: Sneasler|63\/100\n|-status|p2a: Sneasler|par\n|move|p2b: Rotom|Will-O-Wisp|p1b: Sneasler|[miss]\n|-miss|p2b: Rotom|p1b: Sneasler\n|move|p1a: Archaludon|Dragon Pulse|p2a: Sneasler\n|-damage|p2a: Sneasler|0 fnt\n|faint|p2a: Sneasler\n|\n|upkeep\n|\n|t:|1730147137\n|switch|p2a: Venusaur|Venusaur, L50, F|100\/100\n|turn|3\n|\n|t:|1730147146\n|move|p2a: Venusaur|Protect|p2a: Venusaur\n|-singleturn|p2a: Venusaur|Protect\n|move|p1b: Sneasler|Dire Claw|p2b: Rotom\n|-damage|p2b: Rotom|53\/100\n|move|p2b: Rotom|Will-O-Wisp|p1b: Sneasler\n|-status|p1b: Sneasler|brn\n|move|p1a: Archaludon|Dragon Pulse|p2b: Rotom\n|-damage|p2b: Rotom|0 fnt\n|faint|p2b: Rotom\n|\n|-damage|p1b: Sneasler|95\/100 brn|[from] brn\n|upkeep\n|\n|t:|1730147151\n|switch|p2b: Dragapult|Dragapult, L50, M|100\/100\n|turn|4\n|\n|t:|1730147173\n|move|p2b: Dragapult|Phantom Force||[still]\n|-prepare|p2b: Dragapult|Phantom Force\n|move|p1b: Sneasler|Dire Claw|p2b: Dragapult|[miss]\n|-miss|p1b: Sneasler|p2b: Dragapult\n|move|p1a: Archaludon|Dragon Pulse|p2b: Dragapult|[miss]\n|-miss|p1a: Archaludon|p2b: Dragapult\n|move|p2a: Venusaur|Earth Power|p1b: Sneasler\n|-supereffective|p1b: Sneasler\n|-damage|p1b: Sneasler|18\/100 brn\n|\n|-damage|p1b: Sneasler|12\/100 brn|[from] brn\n|upkeep\n|turn|5\n|\n|t:|1730147183\n|move|p2b: Dragapult|Phantom Force|p1a: Archaludon|[from]lockedmove\n|-damage|p1a: Archaludon|51\/100\n|-ability|p1a: Archaludon|Stamina|boost\n|-boost|p1a: Archaludon|def|1\n|-damage|p2b: Dragapult|91\/100|[from] item: Life Orb\n|move|p1b: Sneasler|Dire Claw|p2b: Dragapult\n|-resisted|p2b: Dragapult\n|-damage|p2b: Dragapult|78\/100\n|move|p1a: Archaludon|Dragon Pulse|p2b: Dragapult\n|-supereffective|p2b: Dragapult\n|-damage|p2b: Dragapult|0 fnt\n|faint|p2b: Dragapult\n|move|p2a: Venusaur|Sludge Bomb|p1a: Archaludon\n|-supereffective|p1a: Archaludon\n|-damage|p1a: Archaludon|0 fnt\n|faint|p1a: Archaludon\n|\n|-damage|p1b: Sneasler|6\/100 brn|[from] brn\n|upkeep\n|\n|t:|1730147195\n|switch|p1a: Pelipper|Pelipper, L50, M|100\/100\n|-weather|RainDance|[from] ability: Drizzle|[of] p1a: Pelipper\n|turn|6\n|\n|t:|1730147203\n|move|p2a: Venusaur|Protect|p2a: Venusaur\n|-singleturn|p2a: Venusaur|Protect\n|move|p1b: Sneasler|Dire Claw|p2a: Venusaur\n|-activate|p2a: Venusaur|move: Protect\n|move|p1a: Pelipper|Hurricane|p2a: Venusaur\n|-activate|p2a: Venusaur|move: Protect\n|\n|-weather|RainDance|[upkeep]\n|-damage|p1b: Sneasler|0 fnt|[from] brn\n|faint|p1b: Sneasler\n|upkeep\n|\n|t:|1730147205\n|switch|p1b: Blastoise|Blastoise, L50, F|100\/100\n|turn|7\n|\n|t:|1730147216\n|move|p1b: Blastoise|Ice Beam|p2a: Venusaur\n|-supereffective|p2a: Venusaur\n|-damage|p2a: Venusaur|47\/100\n|move|p1a: Pelipper|Hurricane|p2a: Venusaur\n|-supereffective|p2a: Venusaur\n|-damage|p2a: Venusaur|0 fnt\n|faint|p2a: Venusaur\n|\n|win|5SeasBakery\n|raw|5SeasBakery's rating: 1638 &rarr; <strong>1664<\/strong><br \/>(+26 for winning)\n|raw|Zordor's rating: 1738 &rarr; <strong>1712<\/strong><br \/>(-26 for losing)\n|l|\u2606Zordor\n|player|p2|\n","uploadtime":1730147393,"views":23,"formatid":"gen9vgc2024regh","rating":1664,"private":0,"password":null}