{"id":"gen9vgc2024regh-2232088258","format":"[Gen 9] VGC 2024 Reg H","players":["OSAMABINGETINLADIN","Waffles4breakfast"],"log":"|j|\u2606OSAMABINGETINLADIN\n|j|\u2606Waffles4breakfast\n|t:|1730055151\n|gametype|doubles\n|player|p1|OSAMABINGETINLADIN|policeman-gen4|1758\n|player|p2|Waffles4breakfast|juggler|1711\n|teamsize|p1|6\n|teamsize|p2|6\n|gen|9\n|tier|[Gen 9] VGC 2024 Reg H\n|rated|\n|rule|Species Clause: Limit one of each Pok\u00e9mon\n|rule|Item Clause: Limit 1 of each item\n|clearpoke\n|poke|p1|Sneasler, L50, M|\n|poke|p1|Indeedee, L50, M|\n|poke|p1|Dragapult, L50, F|\n|poke|p1|Decidueye-Hisui, L50, F|\n|poke|p1|Typhlosion-Hisui, L50, M|\n|poke|p1|Whimsicott, L50, F|\n|poke|p2|Archaludon, L50, F|\n|poke|p2|Pelipper, L50, M|\n|poke|p2|Basculegion, L50, M|\n|poke|p2|Amoonguss, L50, M|\n|poke|p2|Gholdengo, L50|\n|poke|p2|Murkrow, L50, F|\n|teampreview|4\n|inactive|Battle timer is ON: inactive players will automatically lose when time's up. (requested by OSAMABINGETINLADIN)\n|\n|t:|1730055166\n|start\n|switch|p1a: Luis Carruthers|Whimsicott, L50, F, shiny|100\/100\n|switch|p1b: Timothy Bryce|Decidueye-Hisui, L50, F, shiny|100\/100\n|switch|p2a: Gholdengo|Gholdengo, L50|100\/100\n|switch|p2b: Murkrow|Murkrow, L50, F|100\/100\n|turn|1\n|\n|t:|1730055176\n|-terastallize|p2a: Gholdengo|Steel\n|-terastallize|p1b: Timothy Bryce|Water\n|move|p1a: Luis Carruthers|Tailwind|p1a: Luis Carruthers\n|-sidestart|p1: OSAMABINGETINLADIN|move: Tailwind\n|move|p2b: Murkrow|Quash|p1b: Timothy Bryce\n|-activate|p1b: Timothy Bryce|move: Quash\n|move|p2a: Gholdengo|Make It Rain|p1a: Luis Carruthers|[spread] p1a,p1b\n|-supereffective|p1a: Luis Carruthers\n|-resisted|p1b: Timothy Bryce\n|-damage|p1a: Luis Carruthers|0 fnt\n|-damage|p1b: Timothy Bryce|41\/100\n|-unboost|p2a: Gholdengo|spa|1\n|faint|p1a: Luis Carruthers\n|move|p1b: Timothy Bryce|Triple Arrows|p2a: Gholdengo\n|-supereffective|p2a: Gholdengo\n|-crit|p2a: Gholdengo\n|-damage|p2a: Gholdengo|0 fnt\n|faint|p2a: Gholdengo\n|\n|upkeep\n|\n|t:|1730055186\n|switch|p1a: Patrick Bateman|Indeedee, L50, M, shiny|100\/100\n|switch|p2a: Pelipper|Pelipper, L50, M|100\/100\n|-fieldstart|move: Psychic Terrain|[from] ability: Psychic Surge|[of] p1a: Patrick Bateman\n|-weather|RainDance|[from] ability: Drizzle|[of] p2a: Pelipper\n|turn|2\n|\n|t:|1730055200\n|move|p2b: Murkrow|Tailwind|p2b: Murkrow\n|-sidestart|p2: Waffles4breakfast|move: Tailwind\n|move|p1a: Patrick Bateman|Tera Blast|p2a: Pelipper\n|-damage|p2a: Pelipper|34\/100\n|move|p2a: Pelipper|Hurricane|p1b: Timothy Bryce\n|-damage|p1b: Timothy Bryce|0 fnt\n|faint|p1b: Timothy Bryce\n|\n|-weather|RainDance|[upkeep]\n|upkeep\n|\n|t:|1730055208\n|switch|p1b: Paul Allen|Sneasler, L50, M, shiny|100\/100\n|-enditem|p1b: Paul Allen|Psychic Seed\n|-boost|p1b: Paul Allen|spd|1|[from] item: Psychic Seed\n|turn|3\n|\n|t:|1730055218\n|move|p2a: Pelipper|Protect|p2a: Pelipper\n|-singleturn|p2a: Pelipper|Protect\n|move|p1b: Paul Allen|Dire Claw|p2b: Murkrow\n|-damage|p2b: Murkrow|44\/100\n|move|p1a: Patrick Bateman|Tera Blast|p2a: Pelipper\n|-activate|p2a: Pelipper|move: Protect\n|move|p2b: Murkrow|Foul Play|p1a: Patrick Bateman\n|-supereffective|p1a: Patrick Bateman\n|-damage|p1a: Patrick Bateman|6\/100\n|\n|-weather|RainDance|[upkeep]\n|upkeep\n|turn|4\n|\n|t:|1730055235\n|move|p1b: Paul Allen|Dire Claw|p2b: Murkrow\n|-damage|p2b: Murkrow|0 fnt\n|faint|p2b: Murkrow\n|move|p1a: Patrick Bateman|Tera Blast|p2a: Pelipper\n|-damage|p2a: Pelipper|0 fnt\n|faint|p2a: Pelipper\n|\n|-weather|RainDance|[upkeep]\n|-sideend|p1: OSAMABINGETINLADIN|move: Tailwind\n|upkeep\n|\n|t:|1730055237\n|switch|p2b: Basculegion|Basculegion, L50, M|100\/100\n|turn|5\n|\n|t:|1730055249\n|move|p1b: Paul Allen|Protect|p1b: Paul Allen\n|-singleturn|p1b: Paul Allen|Protect\n|move|p2b: Basculegion|Wave Crash|p1a: Patrick Bateman\n|-damage|p1a: Patrick Bateman|0 fnt\n|faint|p1a: Patrick Bateman\n|-damage|p2b: Basculegion|99\/100|[from] Recoil\n|\n|-weather|RainDance|[upkeep]\n|-sideend|p2: Waffles4breakfast|move: Tailwind\n|upkeep\n|turn|6\n|\n|t:|1730055254\n|move|p1b: Paul Allen|Throat Chop|p2b: Basculegion\n|-supereffective|p2b: Basculegion\n|-damage|p2b: Basculegion|27\/100\n|-start|p2b: Basculegion|Throat Chop|[silent]\n|move|p2b: Basculegion|Wave Crash|p1b: Paul Allen\n|-damage|p1b: Paul Allen|0 fnt\n|faint|p1b: Paul Allen\n|-damage|p2b: Basculegion|1\/100|[from] Recoil\n|\n|win|Waffles4breakfast\n|raw|OSAMABINGETINLADIN's rating: 1758 &rarr; <strong>1735<\/strong><br \/>(-23 for losing)\n|raw|Waffles4breakfast's rating: 1711 &rarr; <strong>1734<\/strong><br \/>(+23 for winning)\n|l|\u2606OSAMABINGETINLADIN\n|player|p1|\n|l|\u2606Waffles4breakfast\n|player|p2|\n","uploadtime":1730055510,"views":21,"formatid":"gen9vgc2024regh","rating":1734,"private":0,"password":null}