{"id":"gen9vgc2024regh-2232374099","format":"[Gen 9] VGC 2024 Reg H","players":["rainha678","Assasinderella"],"log":"|j|\u2606rainha678\n|j|\u2606Assasinderella\n|t:|1730090717\n|gametype|doubles\n|player|p1|rainha678|1|1697\n|player|p2|Assasinderella|rosa|1779\n|teamsize|p1|6\n|teamsize|p2|6\n|gen|9\n|tier|[Gen 9] VGC 2024 Reg H\n|rated|\n|rule|Species Clause: Limit one of each Pok\u00e9mon\n|rule|Item Clause: Limit 1 of each item\n|clearpoke\n|poke|p1|Indeedee-F, L50, F|\n|poke|p1|Whimsicott, L50, M|\n|poke|p1|Annihilape, L50, F|\n|poke|p1|Scizor, L50, F|\n|poke|p1|Dragonite, L50, F|\n|poke|p1|Delphox, L50, F|\n|poke|p2|Dragonite, L50, F|\n|poke|p2|Kingambit, L50, M|\n|poke|p2|Tauros-Paldea-Aqua, L50, M|\n|poke|p2|Archaludon, L50, F|\n|poke|p2|Pelipper, L50, F|\n|poke|p2|Rillaboom, L50, M|\n|teampreview|4\n|inactive|Battle timer is ON: inactive players will automatically lose when time's up. (requested by rainha678)\n|\n|t:|1730090840\n|start\n|switch|p1a: Whimsicott|Whimsicott, L50, M|100\/100\n|switch|p1b: Scizor|Scizor, L50, F|100\/100\n|switch|p2a: Archaludon|Archaludon, L50, F|100\/100\n|switch|p2b: Pelipper|Pelipper, L50, F|100\/100\n|-weather|RainDance|[from] ability: Drizzle|[of] p2b: Pelipper\n|turn|1\n|j| hachiware\n|l| hachiware\n|\n|t:|1730090857\n|move|p1a: Whimsicott|Sunny Day|p1a: Whimsicott\n|-weather|SunnyDay\n|move|p2a: Archaludon|Electro Shot||[still]\n|-prepare|p2a: Archaludon|Electro Shot\n|-boost|p2a: Archaludon|spa|1\n|-enditem|p2a: Archaludon|Power Herb\n|-anim|p2a: Archaludon|Electro Shot|p1b: Scizor\n|-damage|p1b: Scizor|44\/100\n|move|p2b: Pelipper|Tailwind|p2b: Pelipper\n|-sidestart|p2: Assasinderella|move: Tailwind\n|move|p1b: Scizor|Close Combat|p2a: Archaludon\n|-supereffective|p2a: Archaludon\n|-damage|p2a: Archaludon|23\/100\n|-unboost|p1b: Scizor|def|1\n|-unboost|p1b: Scizor|spd|1\n|\n|-weather|SunnyDay|[upkeep]\n|upkeep\n|turn|2\n|inactive|Assasinderella has 30 seconds left.\n|inactive|Assasinderella has 20 seconds left.\n|inactive|Assasinderella has 15 seconds left.\n|\n|t:|1730090898\n|move|p1a: Whimsicott|Tailwind|p1a: Whimsicott\n|-sidestart|p1: rainha678|move: Tailwind\n|move|p1b: Scizor|Bullet Punch|p2b: Pelipper\n|-resisted|p2b: Pelipper\n|-damage|p2b: Pelipper|78\/100\n|move|p2a: Archaludon|Dragon Pulse|p1b: Scizor\n|-resisted|p1b: Scizor\n|-damage|p1b: Scizor|2\/100\n|move|p2b: Pelipper|Weather Ball|p1a: Whimsicott\n|-supereffective|p1a: Whimsicott\n|-enditem|p1a: Whimsicott|Focus Sash\n|-damage|p1a: Whimsicott|1\/100\n|\n|-weather|SunnyDay|[upkeep]\n|upkeep\n|turn|3\n|inactive|Assasinderella has 30 seconds left.\n|inactive|Assasinderella has 20 seconds left.\n|\n|t:|1730090933\n|move|p2a: Archaludon|Protect|p2a: Archaludon\n|-singleturn|p2a: Archaludon|Protect\n|move|p1a: Whimsicott|Moonblast|p2a: Archaludon\n|-activate|p2a: Archaludon|move: Protect\n|move|p2b: Pelipper|Weather Ball|p1a: Whimsicott\n|-supereffective|p1a: Whimsicott\n|-damage|p1a: Whimsicott|0 fnt\n|faint|p1a: Whimsicott\n|move|p1b: Scizor|Dual Wingbeat|p2b: Pelipper\n|-damage|p2b: Pelipper|48\/100\n|-damage|p2b: Pelipper|18\/100\n|-hitcount|p2b: Pelipper|2\n|\n|-weather|SunnyDay|[upkeep]\n|upkeep\n|\n|t:|1730090948\n|switch|p1a: Delphox|Delphox, L50, F|100\/100\n|turn|4\n|inactive|Assasinderella has 30 seconds left.\n|inactive|Assasinderella has 20 seconds left.\n|\n|t:|1730090983\n|move|p2b: Pelipper|Wide Guard|p2b: Pelipper\n|-singleturn|p2b: Pelipper|Wide Guard\n|move|p1b: Scizor|Bullet Punch|p2b: Pelipper\n|-resisted|p2b: Pelipper\n|-damage|p2b: Pelipper|0 fnt\n|faint|p2b: Pelipper\n|move|p1a: Delphox|Expanding Force|p2a: Archaludon\n|-resisted|p2a: Archaludon\n|-crit|p2a: Archaludon\n|-damage|p2a: Archaludon|0 fnt\n|faint|p2a: Archaludon\n|\n|-weather|SunnyDay|[upkeep]\n|-sideend|p2: Assasinderella|move: Tailwind\n|upkeep\n|\n|t:|1730090992\n|switch|p2a: Dragonite|Dragonite, L50, F|100\/100\n|switch|p2b: Kingambit|Kingambit, L50, M|100\/100\n|turn|5\n|\n|t:|1730091005\n|switch|p1a: Indeedee|Indeedee-F, L50, F, shiny|100\/100\n|-fieldstart|move: Psychic Terrain|[from] ability: Psychic Surge|[of] p1a: Indeedee\n|move|p2a: Dragonite|Protect|p2a: Dragonite\n|-singleturn|p2a: Dragonite|Protect\n|move|p2b: Kingambit|Protect|p2b: Kingambit\n|-singleturn|p2b: Kingambit|Protect\n|move|p1b: Scizor|Close Combat|p2b: Kingambit\n|-activate|p2b: Kingambit|move: Protect\n|\n|-weather|none\n|-sideend|p1: rainha678|move: Tailwind\n|upkeep\n|turn|6\n|inactive|rainha678 has 30 seconds left.\n|inactive|rainha678 has 20 seconds left.\n|inactive|rainha678 has 15 seconds left.\n|\n|t:|1730091050\n|move|p1a: Indeedee|Follow Me|p1a: Indeedee\n|-singleturn|p1a: Indeedee|move: Follow Me\n|move|p2a: Dragonite|Scale Shot|p1a: Indeedee\n|-damage|p1a: Indeedee|85\/100\n|-damage|p1a: Indeedee|69\/100\n|-damage|p1a: Indeedee|56\/100\n|-damage|p1a: Indeedee|41\/100\n|-damage|p1a: Indeedee|26\/100\n|-hitcount|p1a: Indeedee|5\n|-unboost|p2a: Dragonite|def|1\n|-boost|p2a: Dragonite|spe|1\n|move|p2b: Kingambit|Kowtow Cleave|p1a: Indeedee\n|-supereffective|p1a: Indeedee\n|-damage|p1a: Indeedee|0 fnt\n|-damage|p2b: Kingambit|84\/100|[from] item: Rocky Helmet|[of] p1a: Indeedee\n|faint|p1a: Indeedee\n|move|p1b: Scizor|Close Combat|p2b: Kingambit\n|-supereffective|p2b: Kingambit\n|-damage|p2b: Kingambit|0 fnt\n|-unboost|p1b: Scizor|def|1\n|-unboost|p1b: Scizor|spd|1\n|faint|p2b: Kingambit\n|\n|upkeep\n|\n|t:|1730091073\n|switch|p1a: Delphox|Delphox, L50, F|100\/100\n|turn|7\n|j| Xunyicaoawa\n|inactive|rainha678 has 30 seconds left.\n|\n|t:|1730091105\n|move|p2a: Dragonite|Protect|p2a: Dragonite\n|-singleturn|p2a: Dragonite|Protect\n|move|p1a: Delphox|Heat Wave|p2a: Dragonite\n|-activate|p2a: Dragonite|move: Protect\n|move|p1b: Scizor|Close Combat|p2a: Dragonite\n|-activate|p2a: Dragonite|move: Protect\n|\n|upkeep\n|turn|8\n|\n|t:|1730091118\n|move|p1b: Scizor|Bullet Punch|p2a: Dragonite\n|-hint|Psychic Terrain doesn't affect Pok\u00e9mon immune to Ground.\n|-damage|p2a: Dragonite|71\/100\n|move|p2a: Dragonite|Scale Shot|p1b: Scizor|[miss]\n|-miss|p2a: Dragonite|p1b: Scizor\n|move|p1a: Delphox|Heat Wave|p2a: Dragonite\n|-resisted|p2a: Dragonite\n|-damage|p2a: Dragonite|35\/100\n|\n|upkeep\n|turn|9\n|\n|t:|1730091129\n|move|p1b: Scizor|Bullet Punch|p2a: Dragonite\n|-hint|Psychic Terrain doesn't affect Pok\u00e9mon immune to Ground.\n|-damage|p2a: Dragonite|0 fnt\n|faint|p2a: Dragonite\n|\n|win|rainha678\n|raw|rainha678's rating: 1697 &rarr; <strong>1722<\/strong><br \/>(+25 for winning)\n|raw|Assasinderella's rating: 1779 &rarr; <strong>1754<\/strong><br \/>(-25 for losing)\n|l|\u2606rainha678\n|player|p1|\n|j| oiwsurhgksd\n|l| oiwsurhgksd\n|l| Xunyicaoawa\n","uploadtime":1730091383,"views":28,"formatid":"gen9vgc2024regh","rating":1722,"private":0,"password":null}