{"id":"gen9vgc2024regh-2232552806","format":"[Gen 9] VGC 2024 Reg H","players":["Kunikamaze","SeaWolfMikess"],"log":"|badge|p2|silver|gen9doublesou|30-3\n|uhtml|medal-msg|<div class=\"broadcast-blue\">Curious what those medals under the avatar are? PS now has Ladder Seasons! For more information, check out the <a href=\"https:\/\/www.smogon.com\/forums\/threads\/3740067\/\">thread on Smogon.<\/a><\/div>\n|j|\u2606Kunikamaze\n|j|\u2606SeaWolfMikess\n|t:|1730120981\n|gametype|doubles\n|player|p1|Kunikamaze|265|1659\n|player|p2|SeaWolfMikess|hugh|1704\n|teamsize|p1|6\n|teamsize|p2|6\n|gen|9\n|tier|[Gen 9] VGC 2024 Reg H\n|rated|\n|rule|Species Clause: Limit one of each Pok\u00e9mon\n|rule|Item Clause: Limit 1 of each item\n|clearpoke\n|poke|p1|Sneasler, L50, M|\n|poke|p1|Dondozo, L50, M|\n|poke|p1|Baxcalibur, L50, F|\n|poke|p1|Volcarona, L50, M|\n|poke|p1|Rillaboom, L50, F|\n|poke|p1|Kingambit, L50, F|\n|poke|p2|Dragonite, L50, M|\n|poke|p2|Dondozo, L50, M|\n|poke|p2|Rillaboom, L50, M|\n|poke|p2|Sneasler, L50, M|\n|poke|p2|Ninetales-Alola, L50, F|\n|poke|p2|Gholdengo, L50|\n|teampreview|4\n|inactive|Battle timer is ON: inactive players will automatically lose when time's up. (requested by Kunikamaze)\n|inactive|Kunikamaze has 60 seconds left.\n|\n|t:|1730121028\n|start\n|switch|p1a: Volcarona|Volcarona, L50, M|100\/100\n|switch|p1b: Rillaboom|Rillaboom, L50, F|100\/100\n|switch|p2a: Dondozo|Dondozo, L50, M|100\/100\n|switch|p2b: Dragonite|Dragonite, L50, M|100\/100\n|-fieldstart|move: Grassy Terrain|[from] ability: Grassy Surge|[of] p1b: Rillaboom\n|-enditem|p1a: Volcarona|Grassy Seed\n|-boost|p1a: Volcarona|def|1|[from] item: Grassy Seed\n|turn|1\n|inactive|Kunikamaze has 30 seconds left.\n|\n|t:|1730121057\n|move|p1a: Volcarona|Protect|p1a: Volcarona\n|-singleturn|p1a: Volcarona|Protect\n|move|p1b: Rillaboom|Wood Hammer|p2a: Dondozo\n|-supereffective|p2a: Dondozo\n|-damage|p2a: Dondozo|0 fnt\n|faint|p2a: Dondozo\n|-damage|p1b: Rillaboom|56\/100|[from] Recoil\n|move|p2b: Dragonite|Fire Spin|p1a: Volcarona\n|-activate|p1a: Volcarona|move: Protect\n|\n|-heal|p1b: Rillaboom|62\/100|[from] Grassy Terrain\n|upkeep\n|\n|t:|1730121059\n|switch|p2a: Sneasler|Sneasler, L50, M|100\/100\n|-enditem|p2a: Sneasler|Grassy Seed\n|-boost|p2a: Sneasler|def|1|[from] item: Grassy Seed\n|turn|2\n|c|\u2606Kunikamaze|Not the stall dnite\n|\n|t:|1730121079\n|move|p2a: Sneasler|Dire Claw|p1a: Volcarona\n|-crit|p1a: Volcarona\n|-damage|p1a: Volcarona|31\/100\n|-status|p1a: Volcarona|psn\n|move|p1b: Rillaboom|Wood Hammer|p2a: Sneasler\n|-resisted|p2a: Sneasler\n|-crit|p2a: Sneasler\n|-damage|p2a: Sneasler|0 fnt\n|faint|p2a: Sneasler\n|-damage|p1b: Rillaboom|36\/100|[from] Recoil\n|move|p1a: Volcarona|Heat Wave|p2b: Dragonite|[miss]\n|-miss|p1a: Volcarona|p2b: Dragonite\n|move|p2b: Dragonite|Dragon Claw|p1a: Volcarona\n|-damage|p1a: Volcarona|5\/100 psn\n|\n|-heal|p1b: Rillaboom|42\/100|[from] Grassy Terrain\n|-heal|p1a: Volcarona|11\/100 psn|[from] Grassy Terrain\n|-damage|p1a: Volcarona|0 fnt|[from] psn\n|faint|p1a: Volcarona\n|upkeep\n|c|\u2606SeaWolfMikess|we bringing back ting lu dondozo with this one\n|c|\u2606Kunikamaze|CB rilla\n|c|\u2606Kunikamaze|Ye\n|c|\u2606SeaWolfMikess|nah normal rilla\n|inactive|Kunikamaze has 30 seconds left.\n|c|\u2606Kunikamaze|Im cb\n|c|\u2606SeaWolfMikess|oh\n|c|\u2606SeaWolfMikess|true\n|inactive|Kunikamaze has 20 seconds left.\n|\n|t:|1730121116\n|switch|p2a: Rillaboom|Rillaboom, L50, M|100\/100\n|switch|p1a: Kingambit|Kingambit, L50, F|100\/100\n|turn|3\n|c|\u2606SeaWolfMikess|wood hammer shouldn't kill\n|\n|t:|1730121126\n|-terastallize|p1a: Kingambit|Flying\n|move|p2a: Rillaboom|Fake Out|p1b: Rillaboom\n|-damage|p1b: Rillaboom|29\/100\n|cant|p1b: Rillaboom|flinch\n|move|p2b: Dragonite|Fire Spin|p1a: Kingambit\n|-damage|p1a: Kingambit|95\/100\n|-activate|p1a: Kingambit|move: Fire Spin|[of] p2b: Dragonite\n|move|p1a: Kingambit|Tera Blast|p2a: Rillaboom|[anim] Tera Blast Flying\n|-supereffective|p2a: Rillaboom\n|-damage|p2a: Rillaboom|14\/100\n|\n|-heal|p1b: Rillaboom|35\/100|[from] Grassy Terrain\n|-heal|p2a: Rillaboom|19\/100|[from] Grassy Terrain\n|-damage|p1a: Kingambit|83\/100|[from] move: Fire Spin|[partiallytrapped]\n|upkeep\n|turn|4\n|c|\u2606Kunikamaze|Dnite could solo\n|\n|t:|1730121151\n|move|p2a: Rillaboom|Grassy Glide|p1b: Rillaboom\n|-resisted|p1b: Rillaboom\n|-damage|p1b: Rillaboom|20\/100\n|move|p1b: Rillaboom|Wood Hammer|p2a: Rillaboom\n|-resisted|p2a: Rillaboom\n|-damage|p2a: Rillaboom|0 fnt\n|faint|p2a: Rillaboom\n|-damage|p1b: Rillaboom|13\/100|[from] Recoil\n|move|p2b: Dragonite|Dragon Claw|p1b: Rillaboom\n|-damage|p1b: Rillaboom|0 fnt\n|faint|p1b: Rillaboom\n|move|p1a: Kingambit|Kowtow Cleave|p2b: Dragonite\n|-damage|p2b: Dragonite|83\/100\n|\n|-damage|p1a: Kingambit|70\/100|[from] move: Fire Spin|[partiallytrapped]\n|upkeep\n|\n|t:|1730121155\n|switch|p1b: Sneasler|Sneasler, L50, M|100\/100\n|turn|5\n|c|\u2606SeaWolfMikess|i have roost multiscale not impossible\n|c|\u2606SeaWolfMikess|dont think i do but lets see\n|\n|t:|1730121171\n|move|p1b: Sneasler|Coaching|p1a: Kingambit\n|-boost|p1a: Kingambit|atk|1\n|-boost|p1a: Kingambit|def|1\n|move|p2b: Dragonite|Roost|p2b: Dragonite\n|-heal|p2b: Dragonite|100\/100\n|-singleturn|p2b: Dragonite|move: Roost\n|move|p1a: Kingambit|Kowtow Cleave|p2b: Dragonite\n|-damage|p2b: Dragonite|74\/100\n|\n|-heal|p2b: Dragonite|80\/100|[from] Grassy Terrain\n|-damage|p1a: Kingambit|58\/100|[from] move: Fire Spin|[partiallytrapped]\n|-fieldend|move: Grassy Terrain\n|upkeep\n|turn|6\n|\n|t:|1730121185\n|move|p1b: Sneasler|Coaching|p1a: Kingambit\n|-boost|p1a: Kingambit|atk|1\n|-boost|p1a: Kingambit|def|1\n|move|p2b: Dragonite|Roost|p2b: Dragonite\n|-heal|p2b: Dragonite|100\/100\n|-singleturn|p2b: Dragonite|move: Roost\n|move|p1a: Kingambit|Kowtow Cleave|p2b: Dragonite\n|-damage|p2b: Dragonite|63\/100\n|\n|-damage|p1a: Kingambit|46\/100|[from] move: Fire Spin|[partiallytrapped]\n|upkeep\n|turn|7\n|\n|t:|1730121191\n|move|p1b: Sneasler|Dire Claw|p2b: Dragonite\n|-damage|p2b: Dragonite|31\/100\n|move|p2b: Dragonite|Roost|p2b: Dragonite\n|-heal|p2b: Dragonite|81\/100\n|-singleturn|p2b: Dragonite|move: Roost\n|move|p1a: Kingambit|Kowtow Cleave|p2b: Dragonite\n|-damage|p2b: Dragonite|6\/100\n|\n|-end|p1a: Kingambit|Fire Spin|[partiallytrapped]\n|upkeep\n|turn|8\n|c|\u2606SeaWolfMikess|doesn't look like i do\n|c|\u2606Kunikamaze|Close\n|c|\u2606Kunikamaze|What is thr dozo\n|c|\u2606SeaWolfMikess|lefties\n|c|\u2606SeaWolfMikess|the dnite is covert cloak\n|inactive|Kunikamaze has 30 seconds left.\n|c|\u2606Kunikamaze|Standard yawn crash protect and\n|c|\u2606SeaWolfMikess|yeah\n|\n|t:|1730121224\n|move|p1b: Sneasler|Dire Claw|p2b: Dragonite\n|-damage|p2b: Dragonite|0 fnt\n|faint|p2b: Dragonite\n|\n|win|Kunikamaze\n|raw|Kunikamaze's rating: 1659 &rarr; <strong>1682<\/strong><br \/>(+23 for winning)\n|raw|SeaWolfMikess's rating: 1704 &rarr; <strong>1681<\/strong><br \/>(-23 for losing)\n|c|\u2606SeaWolfMikess|fissure\n|c|\u2606Kunikamaze|Ok\n|l|\u2606Kunikamaze\n|player|p1|\n|c|\u2606SeaWolfMikess|im not seriously running this team but i thought it was funny\n|l|\u2606SeaWolfMikess\n|player|p2|\n","uploadtime":1730121375,"views":11,"formatid":"gen9vgc2024regh","rating":1681,"private":0,"password":null}