{"id":"gen9vgc2024regh-2232169592","format":"[Gen 9] VGC 2024 Reg H","players":["mlm2016","chin8"],"log":"|j|\u2606mlm2016\n|j|\u2606chin8\n|t:|1730063983\n|gametype|doubles\n|player|p1|mlm2016|juggler|1643\n|player|p2|chin8|gentleman-gen4dp|1746\n|teamsize|p1|6\n|teamsize|p2|6\n|gen|9\n|tier|[Gen 9] VGC 2024 Reg H\n|rated|\n|rule|Species Clause: Limit one of each Pok\u00e9mon\n|rule|Item Clause: Limit 1 of each item\n|clearpoke\n|poke|p1|Typhlosion-Hisui, L50, M|\n|poke|p1|Whimsicott, L50, F|\n|poke|p1|Dragonite, L50, M|\n|poke|p1|Indeedee-F, L50, F|\n|poke|p1|Delphox, L50, M|\n|poke|p1|Ursaluna, L50, M|\n|poke|p2|Baxcalibur, L50, M|\n|poke|p2|Kilowattrel, L50, M|\n|poke|p2|Annihilape, L50, F|\n|poke|p2|Gardevoir, L50, F|\n|poke|p2|Magmortar, L50, F|\n|poke|p2|Gholdengo, L50|\n|teampreview|4\n|inactive|Battle timer is ON: inactive players will automatically lose when time's up. (requested by mlm2016)\n|j| Serenemy\n|inactive|chin8 has 60 seconds left.\n|\n|t:|1730064020\n|start\n|switch|p1a: Indeedee|Indeedee-F, L50, F|100\/100\n|switch|p1b: Delphox|Delphox, L50, M|100\/100\n|switch|p2a: Kilowattrel|Kilowattrel, L50, M|100\/100\n|switch|p2b: Baxcalibur|Baxcalibur, L50, M|100\/100\n|-fieldstart|move: Psychic Terrain|[from] ability: Psychic Surge|[of] p1a: Indeedee\n|-enditem|p1a: Indeedee|Psychic Seed\n|-boost|p1a: Indeedee|spd|1|[from] item: Psychic Seed\n|turn|1\n|\n|t:|1730064037\n|move|p2a: Kilowattrel|Protect|p2a: Kilowattrel\n|-singleturn|p2a: Kilowattrel|Protect\n|move|p1b: Delphox|Expanding Force|p2a: Kilowattrel|[spread] p2b\n|-activate|p2a: Kilowattrel|move: Protect\n|-damage|p2b: Baxcalibur|59\/100\n|move|p2b: Baxcalibur|Earthquake|p1b: Delphox|[spread] p1a,p1b\n|-activate|p2a: Kilowattrel|move: Protect\n|-supereffective|p1b: Delphox\n|-damage|p1a: Indeedee|72\/100\n|-damage|p1b: Delphox|6\/100\n|move|p1a: Indeedee|Trick Room|p1a: Indeedee\n|-fieldstart|move: Trick Room|[of] p1a: Indeedee\n|\n|upkeep\n|turn|2\n|j| lpsu9\n|\n|t:|1730064061\n|move|p1a: Indeedee|Psychic|p2a: Kilowattrel\n|-damage|p2a: Kilowattrel|29\/100\n|move|p2b: Baxcalibur|Earthquake|p1a: Indeedee|[spread] p1a,p1b\n|-immune|p2a: Kilowattrel\n|-supereffective|p1b: Delphox\n|-damage|p1a: Indeedee|42\/100\n|-damage|p1b: Delphox|0 fnt\n|faint|p1b: Delphox\n|move|p2a: Kilowattrel|Thunderbolt|p1a: Indeedee\n|-damage|p1a: Indeedee|15\/100\n|\n|upkeep\n|j| bluestraggler01\n|\n|t:|1730064076\n|switch|p1b: Dragonite|Dragonite, L50, M|100\/100\n|turn|3\n|\n|t:|1730064081\n|switch|p1a: Ursaluna|Ursaluna, L50, M|100\/100\n|move|p2b: Baxcalibur|Icicle Crash|p1b: Dragonite\n|-supereffective|p1b: Dragonite\n|-crit|p1b: Dragonite\n|-damage|p1b: Dragonite|0 fnt\n|faint|p1b: Dragonite\n|move|p2a: Kilowattrel|Thunderbolt|p1a: Ursaluna\n|-immune|p1a: Ursaluna\n|\n|-status|p1a: Ursaluna|brn|[from] item: Flame Orb\n|upkeep\n|c|\u2606mlm2016|sigh\n|\n|t:|1730064092\n|switch|p1b: Indeedee|Indeedee-F, L50, F|15\/100\n|turn|4\n|\n|t:|1730064097\n|switch|p2b: Magmortar|Magmortar, L50, F|100\/100\n|move|p2a: Kilowattrel|Protect|p2a: Kilowattrel\n|-singleturn|p2a: Kilowattrel|Protect\n|move|p1a: Ursaluna|Facade|p2b: Magmortar\n|-damage|p2b: Magmortar|0 fnt\n|faint|p2b: Magmortar\n|move|p1b: Indeedee|Psychic|p2a: Kilowattrel\n|-activate|p2a: Kilowattrel|move: Protect\n|\n|-damage|p1a: Ursaluna|95\/100 brn|[from] brn\n|upkeep\n|\n|t:|1730064102\n|switch|p2b: Gholdengo|Gholdengo, L50|100\/100\n|turn|5\n|\n|t:|1730064114\n|move|p2b: Gholdengo|Protect|p2b: Gholdengo\n|-singleturn|p2b: Gholdengo|Protect\n|move|p2a: Kilowattrel|Protect||[still]\n|-fail|p2a: Kilowattrel\n|move|p1a: Ursaluna|Headlong Rush|p2b: Gholdengo\n|-activate|p2b: Gholdengo|move: Protect\n|move|p1b: Indeedee|Psychic|p2a: Kilowattrel\n|-damage|p2a: Kilowattrel|0 fnt\n|faint|p2a: Kilowattrel\n|\n|-damage|p1a: Ursaluna|89\/100 brn|[from] brn\n|-fieldend|move: Trick Room\n|-fieldend|move: Psychic Terrain\n|upkeep\n|j| plastic oil\n|\n|t:|1730064117\n|switch|p2a: Baxcalibur|Baxcalibur, L50, M|59\/100\n|turn|6\n|c|\u2606mlm2016|ggwp\n|\n|t:|1730064135\n|move|p1b: Indeedee|Follow Me|p1b: Indeedee\n|-singleturn|p1b: Indeedee|move: Follow Me\n|move|p2a: Baxcalibur|Icicle Crash|p1b: Indeedee|[miss]\n|-miss|p2a: Baxcalibur|p1b: Indeedee\n|move|p2b: Gholdengo|Make It Rain|p1a: Ursaluna|[spread] p1a,p1b\n|-damage|p1a: Ursaluna|38\/100 brn\n|-damage|p1b: Indeedee|0 fnt\n|-unboost|p2b: Gholdengo|spa|1\n|faint|p1b: Indeedee\n|move|p1a: Ursaluna|Earthquake|p2b: Gholdengo|[spread] p2a,p2b\n|-supereffective|p2b: Gholdengo\n|-damage|p2a: Baxcalibur|0 fnt\n|-damage|p2b: Gholdengo|0 fnt\n|faint|p2a: Baxcalibur\n|faint|p2b: Gholdengo\n|\n|win|mlm2016\n|raw|mlm2016's rating: 1643 &rarr; <strong>1669<\/strong><br \/>(+26 for winning)\n|raw|chin8's rating: 1746 &rarr; <strong>1720<\/strong><br \/>(-26 for losing)\n|l|\u2606chin8\n|player|p2|\n|c|\u2606mlm2016|oh\n|l|\u2606mlm2016\n|player|p1|\n|l| plastic oil\n|l| bluestraggler01\n|l| Serenemy\n","uploadtime":1730064404,"views":18,"formatid":"gen9vgc2024regh","rating":1669,"private":0,"password":null}