{"id":"gen9vgc2024regh-2232165669","format":"[Gen 9] VGC 2024 Reg H","players":["OSAMABINGETINLADIN","chin8"],"log":"|j|\u2606OSAMABINGETINLADIN\n|j|\u2606chin8\n|t:|1730063545\n|gametype|doubles\n|player|p1|OSAMABINGETINLADIN|policeman-gen4|1687\n|player|p2|chin8|gentleman-gen4dp|1753\n|teamsize|p1|6\n|teamsize|p2|6\n|gen|9\n|tier|[Gen 9] VGC 2024 Reg H\n|rated|\n|rule|Species Clause: Limit one of each Pok\u00e9mon\n|rule|Item Clause: Limit 1 of each item\n|clearpoke\n|poke|p1|Murkrow, L50, M|\n|poke|p1|Gholdengo, L50|\n|poke|p1|Pawmot, L50, F|\n|poke|p1|Kommo-o, L50, F|\n|poke|p1|Basculegion, L50, M|\n|poke|p1|Farigiraf, L50, M|\n|poke|p2|Baxcalibur, L50, M|\n|poke|p2|Kilowattrel, L50, M|\n|poke|p2|Annihilape, L50, M|\n|poke|p2|Gardevoir, L50, M|\n|poke|p2|Magmortar, L50, F|\n|poke|p2|Gholdengo, L50|\n|teampreview|4\n|inactive|Battle timer is ON: inactive players will automatically lose when time's up. (requested by OSAMABINGETINLADIN)\n|inactive|OSAMABINGETINLADIN has 60 seconds left.\n|\n|t:|1730063588\n|start\n|switch|p1a: Luis Carruthers|Murkrow, L50, M, shiny|100\/100\n|switch|p1b: Gholdengo|Gholdengo, L50|100\/100\n|switch|p2a: Kilowattrel|Kilowattrel, L50, M|100\/100\n|switch|p2b: Baxcalibur|Baxcalibur, L50, M|100\/100\n|turn|1\n|\n|t:|1730063607\n|-terastallize|p1b: Gholdengo|Steel\n|-terastallize|p2b: Baxcalibur|Ground\n|move|p2a: Kilowattrel|Protect|p2a: Kilowattrel\n|-singleturn|p2a: Kilowattrel|Protect\n|move|p1a: Luis Carruthers|Tailwind|p1a: Luis Carruthers\n|-sidestart|p1: OSAMABINGETINLADIN|move: Tailwind\n|move|p1b: Gholdengo|Make It Rain|p2b: Baxcalibur|[spread] p2b\n|-activate|p2a: Kilowattrel|move: Protect\n|-damage|p2b: Baxcalibur|51\/100\n|-unboost|p1b: Gholdengo|spa|1\n|move|p2b: Baxcalibur|Earthquake|p1a: Luis Carruthers|[spread] p1b\n|-activate|p2a: Kilowattrel|move: Protect\n|-immune|p1a: Luis Carruthers\n|-supereffective|p1b: Gholdengo\n|-damage|p1b: Gholdengo|4\/100\n|\n|upkeep\n|turn|2\n|inactive|OSAMABINGETINLADIN has 30 seconds left.\n|\n|t:|1730063638\n|move|p1a: Luis Carruthers|Quash|p2b: Baxcalibur\n|-activate|p2b: Baxcalibur|move: Quash\n|move|p1b: Gholdengo|Make It Rain|p2b: Baxcalibur|[spread] p2a,p2b\n|-resisted|p2a: Kilowattrel\n|-crit|p2b: Baxcalibur\n|-damage|p2a: Kilowattrel|40\/100\n|-damage|p2b: Baxcalibur|0 fnt\n|-unboost|p1b: Gholdengo|spa|1\n|faint|p2b: Baxcalibur\n|move|p2a: Kilowattrel|Thunderbolt|p1a: Luis Carruthers\n|-supereffective|p1a: Luis Carruthers\n|-damage|p1a: Luis Carruthers|25\/100\n|\n|upkeep\n|\n|t:|1730063648\n|switch|p2b: Magmortar|Magmortar, L50, F|100\/100\n|turn|3\n|\n|t:|1730063652\n|move|p2a: Kilowattrel|Protect|p2a: Kilowattrel\n|-singleturn|p2a: Kilowattrel|Protect\n|move|p1a: Luis Carruthers|Haze|p1a: Luis Carruthers\n|-clearallboost\n|move|p1b: Gholdengo|Make It Rain|p2a: Kilowattrel|[spread] p2b\n|-activate|p2a: Kilowattrel|move: Protect\n|-resisted|p2b: Magmortar\n|-damage|p2b: Magmortar|59\/100\n|-unboost|p1b: Gholdengo|spa|1\n|move|p2b: Magmortar|Heat Wave|p1b: Gholdengo|[spread] p1a\n|-miss|p2b: Magmortar|p1b: Gholdengo\n|-damage|p1a: Luis Carruthers|0 fnt\n|faint|p1a: Luis Carruthers\n|\n|upkeep\n|\n|t:|1730063676\n|switch|p1a: Kommo-o|Kommo-o, L50, F|100\/100\n|turn|4\n|\n|t:|1730063684\n|switch|p2a: Gholdengo|Gholdengo, L50|100\/100\n|move|p2b: Magmortar|Protect|p2b: Magmortar\n|-singleturn|p2b: Magmortar|Protect\n|move|p1b: Gholdengo|Make It Rain|p2a: Gholdengo|[spread] p2a\n|-activate|p2b: Magmortar|move: Protect\n|-resisted|p2a: Gholdengo\n|-damage|p2a: Gholdengo|73\/100\n|-unboost|p1b: Gholdengo|spa|1\n|move|p1a: Kommo-o|Clanging Scales|p2a: Gholdengo|[spread] p2a\n|-activate|p2b: Magmortar|move: Protect\n|-resisted|p2a: Gholdengo\n|-damage|p2a: Gholdengo|56\/100\n|-unboost|p1a: Kommo-o|def|1\n|-enditem|p1a: Kommo-o|Throat Spray\n|-boost|p1a: Kommo-o|spa|1|[from] item: Throat Spray\n|\n|-heal|p2a: Gholdengo|62\/100|[from] item: Leftovers\n|-sideend|p1: OSAMABINGETINLADIN|move: Tailwind\n|upkeep\n|turn|5\n|\n|t:|1730063705\n|move|p2a: Gholdengo|Protect|p2a: Gholdengo\n|-singleturn|p2a: Gholdengo|Protect\n|move|p1b: Gholdengo|Make It Rain|p2a: Gholdengo|[spread] p2b\n|-activate|p2a: Gholdengo|move: Protect\n|-resisted|p2b: Magmortar\n|-damage|p2b: Magmortar|35\/100\n|-unboost|p1b: Gholdengo|spa|1\n|-enditem|p2b: Magmortar|Sitrus Berry|[eat]\n|-heal|p2b: Magmortar|59\/100|[from] item: Sitrus Berry\n|move|p1a: Kommo-o|Flamethrower|p2a: Gholdengo\n|-activate|p2a: Gholdengo|move: Protect\n|move|p2b: Magmortar|Heat Wave|p1a: Kommo-o|[spread] p1a,p1b\n|-resisted|p1a: Kommo-o\n|-supereffective|p1b: Gholdengo\n|-damage|p1a: Kommo-o|82\/100\n|-damage|p1b: Gholdengo|0 fnt\n|faint|p1b: Gholdengo\n|\n|-heal|p2a: Gholdengo|68\/100|[from] item: Leftovers\n|upkeep\n|\n|t:|1730063707\n|switch|p1b: Basculegion|Basculegion, L50, M|100\/100\n|turn|6\n|\n|t:|1730063722\n|move|p2b: Magmortar|Follow Me|p2b: Magmortar\n|-singleturn|p2b: Magmortar|move: Follow Me\n|move|p1b: Basculegion|Last Respects|p2b: Magmortar\n|-damage|p2b: Magmortar|0 fnt\n|faint|p2b: Magmortar\n|move|p1a: Kommo-o|Flamethrower|p2a: Gholdengo\n|-supereffective|p2a: Gholdengo\n|-damage|p2a: Gholdengo|0 fnt\n|faint|p2a: Gholdengo\n|\n|upkeep\n|-message|chin8 forfeited.\n|\n|win|OSAMABINGETINLADIN\n|raw|OSAMABINGETINLADIN's rating: 1687 &rarr; <strong>1711<\/strong><br \/>(+24 for winning)\n|raw|chin8's rating: 1753 &rarr; <strong>1729<\/strong><br \/>(-24 for losing)\n|l|\u2606chin8\n|player|p2|\n|l|\u2606OSAMABINGETINLADIN\n|player|p1|\n","uploadtime":1730063983,"views":18,"formatid":"gen9vgc2024regh","rating":1711,"private":0,"password":null}