{"id":"gen9vgc2024regh-2233474505","format":"[Gen 9] VGC 2024 Reg H","players":["SimReaper","googer315"],"log":"|j|\u2606SimReaper\n|j|\u2606googer315\n|t:|1730224393\n|gametype|doubles\n|player|p1|SimReaper|shadowtriad|1697\n|player|p2|googer315|169|1812\n|teamsize|p1|6\n|teamsize|p2|6\n|gen|9\n|tier|[Gen 9] VGC 2024 Reg H\n|rated|\n|rule|Species Clause: Limit one of each Pok\u00e9mon\n|rule|Item Clause: Limit 1 of each item\n|clearpoke\n|poke|p1|Annihilape, L50, M|\n|poke|p1|Whimsicott, L50, M|\n|poke|p1|Archaludon, L50, F|\n|poke|p1|Amoonguss, L50, F|\n|poke|p1|Pelipper, L50, F|\n|poke|p1|Ursaluna-Bloodmoon, L50, M|\n|poke|p2|Dondozo, L50, F|\n|poke|p2|Tatsugiri, L50, F|\n|poke|p2|Glimmora, L50, F|\n|poke|p2|Maushold, L50|\n|poke|p2|Annihilape, L50, F|\n|poke|p2|Gholdengo, L50|\n|teampreview|4\n|inactive|Battle timer is ON: inactive players will automatically lose when time's up. (requested by googer315)\n|\n|t:|1730224432\n|start\n|switch|p1a: Ursaluna|Ursaluna-Bloodmoon, L50, M|100\/100\n|switch|p1b: Amoonguss|Amoonguss, L50, F, shiny|100\/100\n|switch|p2a: Gholdengo|Gholdengo, L50|100\/100\n|switch|p2b: Glimmora|Glimmora, L50, F|100\/100\n|turn|1\n|inactive|googer315 has 30 seconds left.\n|\n|t:|1730224458\n|switch|p1a: Archaludon|Archaludon, L50, F, shiny|100\/100\n|switch|p1b: Pelipper|Pelipper, L50, F, shiny|100\/100\n|-weather|RainDance|[from] ability: Drizzle|[of] p1b: Pelipper\n|move|p2b: Glimmora|Spiky Shield|p2b: Glimmora\n|-singleturn|p2b: Glimmora|move: Protect\n|move|p2a: Gholdengo|Make It Rain|p1b: Pelipper|[spread] p1a,p1b\n|-resisted|p1a: Archaludon\n|-resisted|p1b: Pelipper\n|-damage|p1a: Archaludon|82\/100\n|-damage|p1b: Pelipper|53\/100\n|-unboost|p2a: Gholdengo|spa|1\n|-ability|p1a: Archaludon|Stamina|boost\n|-boost|p1a: Archaludon|def|1\n|\n|-weather|RainDance|[upkeep]\n|upkeep\n|turn|2\n|inactive|SimReaper has 30 seconds left.\n|inactive|googer315 has 30 seconds left.\n|\n|t:|1730224489\n|switch|p1b: Amoonguss|Amoonguss, L50, F, shiny|100\/100\n|move|p2a: Gholdengo|Make It Rain|p1b: Amoonguss|[spread] p1a,p1b\n|-resisted|p1a: Archaludon\n|-crit|p1b: Amoonguss\n|-damage|p1a: Archaludon|71\/100\n|-damage|p1b: Amoonguss|29\/100\n|-unboost|p2a: Gholdengo|spa|1\n|-ability|p1a: Archaludon|Stamina|boost\n|-boost|p1a: Archaludon|def|1\n|move|p2b: Glimmora|Earth Power|p1a: Archaludon\n|-supereffective|p1a: Archaludon\n|-damage|p1a: Archaludon|23\/100\n|-ability|p1a: Archaludon|Stamina|boost\n|-boost|p1a: Archaludon|def|1\n|move|p1a: Archaludon|Electro Shot||[still]\n|-prepare|p1a: Archaludon|Electro Shot\n|-boost|p1a: Archaludon|spa|1\n|-anim|p1a: Archaludon|Electro Shot|p2a: Gholdengo\n|-damage|p2a: Gholdengo|28\/100\n|\n|-weather|RainDance|[upkeep]\n|upkeep\n|turn|3\n|inactive|SimReaper has 30 seconds left.\n|inactive|googer315 has 30 seconds left.\n|inactive|SimReaper has 20 seconds left.\n|\n|t:|1730224524\n|move|p1b: Amoonguss|Rage Powder|p1b: Amoonguss\n|-singleturn|p1b: Amoonguss|move: Rage Powder\n|move|p2a: Gholdengo|Make It Rain|p1a: Archaludon|[spread] p1a,p1b\n|-resisted|p1a: Archaludon\n|-damage|p1a: Archaludon|16\/100\n|-damage|p1b: Amoonguss|5\/100\n|-unboost|p2a: Gholdengo|spa|1\n|-ability|p1a: Archaludon|Stamina|boost\n|-boost|p1a: Archaludon|def|1\n|move|p2b: Glimmora|Earth Power|p1b: Amoonguss\n|-damage|p1b: Amoonguss|0 fnt\n|faint|p1b: Amoonguss\n|move|p1a: Archaludon|Electro Shot||[still]\n|-prepare|p1a: Archaludon|Electro Shot\n|-boost|p1a: Archaludon|spa|1\n|-anim|p1a: Archaludon|Electro Shot|p2b: Glimmora\n|-enditem|p2b: Glimmora|Focus Sash\n|-damage|p2b: Glimmora|1\/100\n|\n|-weather|RainDance|[upkeep]\n|upkeep\n|\n|t:|1730224535\n|switch|p1b: Ursaluna|Ursaluna-Bloodmoon, L50, M|100\/100\n|turn|4\n|\n|t:|1730224551\n|switch|p2a: Tatsugiri|Tatsugiri, L50, F|100\/100\n|switch|p2b: Dondozo|Dondozo, L50, F|100\/100\n|-activate|p2a: Tatsugiri|ability: Commander|[of] p2b: Dondozo\n|-boost|p2b: Dondozo|atk|2\n|-boost|p2b: Dondozo|spa|2\n|-boost|p2b: Dondozo|spe|2\n|-boost|p2b: Dondozo|def|2\n|-boost|p2b: Dondozo|spd|2\n|switch|p1a: Pelipper|Pelipper, L50, F, shiny|53\/100\n|move|p1b: Ursaluna|Hyper Voice|p2b: Dondozo|[spread] p2b\n|-miss|p1b: Ursaluna|p2a: Tatsugiri\n|-damage|p2b: Dondozo|79\/100\n|-damage|p1b: Ursaluna|91\/100|[from] item: Life Orb\n|\n|-weather|RainDance|[upkeep]\n|-heal|p2b: Dondozo|85\/100|[from] item: Leftovers\n|upkeep\n|turn|5\n|\n|t:|1730224573\n|move|p1b: Ursaluna|Protect|p1b: Ursaluna\n|-singleturn|p1b: Ursaluna|Protect\n|move|p1a: Pelipper|Tailwind|p1a: Pelipper\n|-sidestart|p1: SimReaper|move: Tailwind\n|move|p2b: Dondozo|Order Up|p1a: Pelipper\n|-damage|p1a: Pelipper|0 fnt\n|faint|p1a: Pelipper\n|-boost|p2b: Dondozo|atk|1\n|\n|-weather|none\n|-heal|p2b: Dondozo|92\/100|[from] item: Leftovers\n|upkeep\n|\n|t:|1730224580\n|switch|p1a: Archaludon|Archaludon, L50, F, shiny|16\/100\n|turn|6\n|\n|t:|1730224588\n|-terastallize|p1b: Ursaluna|Normal\n|move|p1a: Archaludon|Dragon Pulse|p2b: Dondozo\n|-damage|p2b: Dondozo|77\/100\n|move|p1b: Ursaluna|Blood Moon|p2b: Dondozo\n|-damage|p2b: Dondozo|19\/100\n|-damage|p1b: Ursaluna|81\/100|[from] item: Life Orb\n|move|p2b: Dondozo|Wave Crash|p1b: Ursaluna\n|-damage|p1b: Ursaluna|0 fnt\n|faint|p1b: Ursaluna\n|-damage|p2b: Dondozo|0 fnt|[from] Recoil\n|faint|p2b: Dondozo\n|\n|upkeep\n|-message|SimReaper forfeited.\n|\n|win|googer315\n|raw|SimReaper's rating: 1697 &rarr; <strong>1683<\/strong><br \/>(-14 for losing)\n|raw|googer315's rating: 1812 &rarr; <strong>1826<\/strong><br \/>(+14 for winning)\n|l|\u2606SimReaper\n|player|p1|\n","uploadtime":1730224746,"views":14,"formatid":"gen9vgc2024regh","rating":1683,"private":0,"password":null}