{"id":"gen9vgc2024regh-2233627376","format":"[Gen 9] VGC 2024 Reg H","players":["dalas91","Waffles4breakfast"],"log":"|j|\u2606dalas91\n|j|\u2606Waffles4breakfast\n|t:|1730238506\n|gametype|doubles\n|player|p1|dalas91|dragontamer|1778\n|player|p2|Waffles4breakfast|juggler|1786\n|teamsize|p1|6\n|teamsize|p2|6\n|gen|9\n|tier|[Gen 9] VGC 2024 Reg H\n|rated|\n|rule|Species Clause: Limit one of each Pok\u00e9mon\n|rule|Item Clause: Limit 1 of each item\n|clearpoke\n|poke|p1|Archaludon, L50, F|\n|poke|p1|Whimsicott, L50, M|\n|poke|p1|Incineroar, L50, M|\n|poke|p1|Dragapult, L50, F|\n|poke|p1|Basculegion, L50, M|\n|poke|p1|Annihilape, L50, M|\n|poke|p2|Archaludon, L50, F|\n|poke|p2|Pelipper, L50, F|\n|poke|p2|Basculegion, L50, M|\n|poke|p2|Amoonguss, L50, M|\n|poke|p2|Gholdengo, L50|\n|poke|p2|Murkrow, L50, M|\n|teampreview|4\n|j| mr pogostick\n|\n|t:|1730238547\n|start\n|switch|p1a: Whimsicott|Whimsicott, L50, M|100\/100\n|switch|p1b: Annihilape|Annihilape, L50, M|100\/100\n|switch|p2a: Gholdengo|Gholdengo, L50|100\/100\n|switch|p2b: Murkrow|Murkrow, L50, M|100\/100\n|turn|1\n|\n|t:|1730238576\n|-terastallize|p1b: Annihilape|Fire\n|move|p2b: Murkrow|Quash|p1b: Annihilape\n|-activate|p1b: Annihilape|move: Quash\n|move|p1a: Whimsicott|Beat Up|p1b: Annihilape\n|-damage|p1b: Annihilape|98\/100\n|-damage|p1b: Annihilape|96\/100\n|-damage|p1b: Annihilape|93\/100\n|-damage|p1b: Annihilape|90\/100\n|-hitcount|p1b: Annihilape|4\n|move|p2a: Gholdengo|Shadow Ball|p1b: Annihilape\n|-damage|p1b: Annihilape|33\/100\n|move|p1b: Annihilape|Rage Fist|p2a: Gholdengo\n|-supereffective|p2a: Gholdengo\n|-damage|p2a: Gholdengo|0 fnt\n|faint|p2a: Gholdengo\n|\n|upkeep\n|\n|t:|1730238579\n|switch|p2a: Basculegion|Basculegion, L50, M|100\/100\n|turn|2\n|\n|t:|1730238621\n|switch|p1b: Dragapult|Dragapult, L50, F|100\/100\n|move|p2b: Murkrow|Tailwind|p2b: Murkrow\n|-sidestart|p2: Waffles4breakfast|move: Tailwind\n|move|p2a: Basculegion|Wave Crash|p1b: Dragapult\n|-resisted|p1b: Dragapult\n|-damage|p1b: Dragapult|45\/100\n|-damage|p2a: Basculegion|85\/100|[from] Recoil\n|move|p1a: Whimsicott|Moonblast|p2b: Murkrow\n|-supereffective|p2b: Murkrow\n|-damage|p2b: Murkrow|45\/100\n|-unboost|p2b: Murkrow|spa|1\n|\n|upkeep\n|turn|3\n|\n|t:|1730238647\n|move|p2b: Murkrow|Quash|p1b: Dragapult\n|-activate|p1b: Dragapult|move: Quash\n|move|p2a: Basculegion|Wave Crash|p1b: Dragapult\n|-resisted|p1b: Dragapult\n|-damage|p1b: Dragapult|0 fnt\n|faint|p1b: Dragapult\n|-damage|p2a: Basculegion|73\/100|[from] Recoil\n|move|p1a: Whimsicott|Moonblast|p2b: Murkrow\n|-supereffective|p2b: Murkrow\n|-damage|p2b: Murkrow|0 fnt\n|faint|p2b: Murkrow\n|\n|upkeep\n|\n|t:|1730238661\n|switch|p1b: Annihilape|Annihilape, L50, M, tera:Fire|33\/100\n|switch|p2b: Archaludon|Archaludon, L50, F|100\/100\n|turn|4\n|\n|t:|1730238702\n|move|p1a: Whimsicott|Tailwind|p1a: Whimsicott\n|-sidestart|p1: dalas91|move: Tailwind\n|move|p1b: Annihilape|Rage Fist|p2a: Basculegion\n|-supereffective|p2a: Basculegion\n|-damage|p2a: Basculegion|0 fnt\n|faint|p2a: Basculegion\n|move|p2b: Archaludon|Flash Cannon|p1a: Whimsicott\n|-supereffective|p1a: Whimsicott\n|-enditem|p1a: Whimsicott|Focus Sash\n|-damage|p1a: Whimsicott|1\/100\n|-unboost|p1a: Whimsicott|spd|1\n|\n|upkeep\n|turn|5\n|\n|t:|1730238718\n|-terastallize|p2b: Archaludon|Fairy\n|move|p1a: Whimsicott|Moonblast|p2b: Archaludon\n|-damage|p2b: Archaludon|72\/100\n|-unboost|p2b: Archaludon|spa|1\n|-ability|p2b: Archaludon|Stamina|boost\n|-boost|p2b: Archaludon|def|1\n|move|p1b: Annihilape|Rage Fist|p2b: Archaludon\n|-damage|p2b: Archaludon|1\/100\n|-ability|p2b: Archaludon|Stamina|boost\n|-boost|p2b: Archaludon|def|1\n|move|p2b: Archaludon|Draco Meteor|p1b: Annihilape\n|-damage|p1b: Annihilape|0 fnt\n|-unboost|p2b: Archaludon|spa|2\n|faint|p1b: Annihilape\n|\n|-sideend|p2: Waffles4breakfast|move: Tailwind\n|upkeep\n|\n|t:|1730238736\n|switch|p1b: Basculegion|Basculegion, L50, M, shiny|100\/100\n|turn|6\n|inactive|Battle timer is ON: inactive players will automatically lose when time's up. (requested by Waffles4breakfast)\n|\n|t:|1730238748\n|move|p1b: Basculegion|Aqua Jet|p2b: Archaludon\n|-damage|p2b: Archaludon|0 fnt\n|faint|p2b: Archaludon\n|-damage|p1b: Basculegion|91\/100|[from] item: Life Orb\n|\n|win|dalas91\n|raw|dalas91's rating: 1778 &rarr; <strong>1799<\/strong><br \/>(+21 for winning)\n|raw|Waffles4breakfast's rating: 1804 &rarr; <strong>1783<\/strong><br \/>(-21 for losing)\n|l|\u2606Waffles4breakfast\n|player|p2|\n|l|\u2606dalas91\n|player|p1|\n|j|\u2606dalas91\n|player|p1|dalas91|dragontamer|\n|l|\u2606dalas91\n|player|p1|\n|l| mr pogostick\n","uploadtime":1730238761,"views":35,"formatid":"gen9vgc2024regh","rating":1783,"private":0,"password":null}