{"id":"gen9vgc2024regh-2233517921","format":"[Gen 9] VGC 2024 Reg H","players":["GBVGC X76","Kunikamaze"],"log":"|j|\u2606GBVGC X76\n|j|\u2606Kunikamaze\n|t:|1730228155\n|gametype|doubles\n|player|p1|GBVGC X76|hanbei-conquest|1721\n|player|p2|Kunikamaze|2|1735\n|teamsize|p1|6\n|teamsize|p2|6\n|gen|9\n|tier|[Gen 9] VGC 2024 Reg H\n|rated|\n|rule|Species Clause: Limit one of each Pok\u00e9mon\n|rule|Item Clause: Limit 1 of each item\n|clearpoke\n|poke|p1|Gothitelle, L50, F|\n|poke|p1|Dragapult, L50, M|\n|poke|p1|Volcarona, L50, M|\n|poke|p1|Kingambit, L50, M|\n|poke|p1|Sneasler, L50, M|\n|poke|p1|Clefable, L50, M|\n|poke|p2|Sneasler, L50, M|\n|poke|p2|Indeedee, L50, M|\n|poke|p2|Ninetales, L50, F|\n|poke|p2|Exeggutor, L50, F|\n|poke|p2|Baxcalibur, L50, F|\n|poke|p2|Dragapult, L50, F|\n|teampreview|4\n|\n|t:|1730228190\n|start\n|switch|p1a: Kingambit|Kingambit, L50, M|100\/100\n|switch|p1b: Clefable|Clefable, L50, M|100\/100\n|switch|p2a: Sneasler|Sneasler, L50, M|100\/100\n|switch|p2b: Indeedee|Indeedee, L50, M|100\/100\n|-fieldstart|move: Psychic Terrain|[from] ability: Psychic Surge|[of] p2b: Indeedee\n|-enditem|p2a: Sneasler|Psychic Seed\n|-boost|p2a: Sneasler|spd|1|[from] item: Psychic Seed\n|turn|1\n|j| Elv3r G4larga\n|inactive|Battle timer is ON: inactive players will automatically lose when time's up. (requested by Kunikamaze)\n|\n|t:|1730228217\n|move|p1b: Clefable|Protect|p1b: Clefable\n|-singleturn|p1b: Clefable|Protect\n|move|p2a: Sneasler|Dire Claw|p1b: Clefable\n|-activate|p1b: Clefable|move: Protect\n|move|p2b: Indeedee|Trick|p1a: Kingambit\n|-activate|p2b: Indeedee|move: Trick|[of] p1a: Kingambit\n|-item|p1a: Kingambit|Choice Scarf|[from] move: Trick\n|-item|p2b: Indeedee|Black Glasses|[from] move: Trick\n|move|p1a: Kingambit|Kowtow Cleave|p2b: Indeedee\n|-supereffective|p2b: Indeedee\n|-damage|p2b: Indeedee|0 fnt\n|faint|p2b: Indeedee\n|\n|upkeep\n|\n|t:|1730228224\n|switch|p2b: Ninetales|Ninetales, L50, F|100\/100\n|-weather|SunnyDay|[from] ability: Drought|[of] p2b: Ninetales\n|turn|2\n|\n|t:|1730228242\n|-terastallize|p1a: Kingambit|Dark\n|move|p1b: Clefable|Follow Me|p1b: Clefable\n|-singleturn|p1b: Clefable|move: Follow Me\n|move|p2a: Sneasler|Dire Claw|p1b: Clefable\n|-supereffective|p1b: Clefable\n|-crit|p1b: Clefable\n|-damage|p1b: Clefable|0 fnt\n|-damage|p2a: Sneasler|84\/100|[from] item: Rocky Helmet|[of] p1b: Clefable\n|faint|p1b: Clefable\n|move|p2b: Ninetales|Weather Ball|p1a: Kingambit\n|-damage|p1a: Kingambit|8\/100\n|move|p1a: Kingambit|Kowtow Cleave|p2b: Ninetales\n|-damage|p2b: Ninetales|0 fnt\n|faint|p2b: Ninetales\n|\n|-weather|SunnyDay|[upkeep]\n|upkeep\n|\n|t:|1730228254\n|switch|p2b: Exeggutor|Exeggutor, L50, F|100\/100\n|switch|p1b: Gothitelle|Gothitelle, L50, F|100\/100\n|turn|3\n|\n|t:|1730228268\n|move|p2a: Sneasler|Dire Claw|p1a: Kingambit\n|-damage|p1a: Kingambit|0 fnt\n|faint|p1a: Kingambit\n|move|p2b: Exeggutor|Sleep Powder|p1b: Gothitelle|[miss]\n|-miss|p2b: Exeggutor|p1b: Gothitelle\n|move|p1b: Gothitelle|Psychic|p2a: Sneasler\n|-supereffective|p2a: Sneasler\n|-damage|p2a: Sneasler|0 fnt\n|faint|p2a: Sneasler\n|\n|-weather|SunnyDay|[upkeep]\n|upkeep\n|\n|t:|1730228272\n|switch|p1a: Dragapult|Dragapult, L50, M|100\/100\n|turn|4\n|c|\u2606Kunikamaze|Rigged\n|c|\u2606GBVGC X76|fr\n|c|\u2606GBVGC X76|what if I was goggles?\n|inactive|GBVGC X76 has 30 seconds left.\n|c|\u2606Kunikamaze|Goggles is fakr\n|\n|t:|1730228301\n|-terastallize|p2b: Exeggutor|Stellar\n|move|p2b: Exeggutor|Expanding Force|p1b: Gothitelle|[spread] p1a,p1b\n|-resisted|p1b: Gothitelle\n|-damage|p1a: Dragapult|0 fnt\n|-damage|p1b: Gothitelle|72\/100\n|faint|p1a: Dragapult\n|move|p1b: Gothitelle|Psychic|p2b: Exeggutor\n|-resisted|p2b: Exeggutor\n|-damage|p2b: Exeggutor|75\/100\n|\n|-weather|SunnyDay|[upkeep]\n|upkeep\n|turn|5\n|c|\u2606Kunikamaze|Sitrus is real\n|c|\u2606GBVGC X76|I'm running sitrus\n|c|\u2606Kunikamaze|I still win hopefully\n|\n|t:|1730228322\n|move|p2b: Exeggutor|Sleep Powder|p1b: Gothitelle\n|-status|p1b: Gothitelle|slp|[from] move: Sleep Powder\n|cant|p1b: Gothitelle|slp\n|\n|-weather|SunnyDay|[upkeep]\n|-fieldend|move: Psychic Terrain\n|upkeep\n|turn|6\n|c|\u2606GBVGC X76|yeah\n|\n|t:|1730228329\n|move|p2b: Exeggutor|Leaf Storm|p1b: Gothitelle\n|-damage|p1b: Gothitelle|3\/100 slp\n|-unboost|p2b: Exeggutor|spa|2\n|-enditem|p1b: Gothitelle|Sitrus Berry|[eat]\n|-heal|p1b: Gothitelle|28\/100 slp|[from] item: Sitrus Berry\n|-curestatus|p1b: Gothitelle|slp|[msg]\n|move|p1b: Gothitelle|Psychic|p2b: Exeggutor\n|-resisted|p2b: Exeggutor\n|-damage|p2b: Exeggutor|54\/100\n|\n|-weather|none\n|upkeep\n|turn|7\n|\n|t:|1730228335\n|move|p2b: Exeggutor|Leaf Storm|p1b: Gothitelle\n|-damage|p1b: Gothitelle|0 fnt\n|-unboost|p2b: Exeggutor|spa|2\n|faint|p1b: Gothitelle\n|\n|win|Kunikamaze\n|raw|GBVGC X76's rating: 1721 &rarr; <strong>1702<\/strong><br \/>(-19 for losing)\n|raw|Kunikamaze's rating: 1735 &rarr; <strong>1754<\/strong><br \/>(+19 for winning)\n|c|\u2606GBVGC X76|gg\n|c|\u2606Kunikamaze|Gg\n|l|\u2606Kunikamaze\n|player|p2|\n|l|\u2606GBVGC X76\n|player|p1|\n|l| Elv3r G4larga\n","uploadtime":1730228560,"views":18,"formatid":"gen9vgc2024regh","rating":1702,"private":0,"password":null}