{"id":"gen9vgc2024regh-2233323763","format":"[Gen 9] VGC 2024 Reg H","players":["Pokequimico","RomanTogepi"],"log":"|j|\u2606Pokequimico\n|j|\u2606RomanTogepi\n|t:|1730211381\n|gametype|doubles\n|player|p1|Pokequimico|scientist|1731\n|player|p2|RomanTogepi|170|1698\n|teamsize|p1|6\n|teamsize|p2|6\n|gen|9\n|tier|[Gen 9] VGC 2024 Reg H\n|rated|\n|rule|Species Clause: Limit one of each Pok\u00e9mon\n|rule|Item Clause: Limit 1 of each item\n|clearpoke\n|poke|p1|Rillaboom, L50, M|\n|poke|p1|Kingambit, L50, F|\n|poke|p1|Sneasler, L50, M|\n|poke|p1|Primarina, L50, M|\n|poke|p1|Dragonite, L50, M|\n|poke|p1|Typhlosion-Hisui, L50, F|\n|poke|p2|Goodra-Hisui, L50, M|\n|poke|p2|Magmar, L50, F|\n|poke|p2|Rillaboom, L50, M|\n|poke|p2|Politoed, L50, M|\n|poke|p2|Gholdengo, L50|\n|poke|p2|Grimmsnarl, L50, M|\n|teampreview|4\n|\n|t:|1730211407\n|start\n|switch|p1a: Primarina|Primarina, L50, M|100\/100\n|switch|p1b: Sneasler|Sneasler, L50, M|100\/100\n|switch|p2a: Grimmsnarl|Grimmsnarl, L50, M, shiny|100\/100\n|switch|p2b: Magmar|Magmar, L50, F, shiny|100\/100\n|turn|1\n|\n|t:|1730211418\n|-terastallize|p1a: Primarina|Water\n|move|p2b: Magmar|Protect|p2b: Magmar\n|-singleturn|p2b: Magmar|Protect\n|move|p1b: Sneasler|Fake Out|p2a: Grimmsnarl\n|-damage|p2a: Grimmsnarl|87\/100\n|cant|p2a: Grimmsnarl|flinch\n|move|p1a: Primarina|Hyper Voice|p2b: Magmar|[spread] p2a\n|-activate|p2b: Magmar|move: Protect\n|-damage|p2a: Grimmsnarl|34\/100\n|-damage|p1a: Primarina|91\/100|[from] item: Life Orb\n|\n|upkeep\n|turn|2\n|inactive|Battle timer is ON: inactive players will automatically lose when time's up. (requested by Pokequimico)\n|\n|t:|1730211434\n|move|p2a: Grimmsnarl|Light Screen|p2a: Grimmsnarl\n|-sidestart|p2: RomanTogepi|move: Light Screen\n|move|p1b: Sneasler|Dire Claw|p2a: Grimmsnarl\n|-supereffective|p2a: Grimmsnarl\n|-damage|p2a: Grimmsnarl|0 fnt\n|faint|p2a: Grimmsnarl\n|move|p2b: Magmar|Will-O-Wisp|p1b: Sneasler\n|-status|p1b: Sneasler|brn\n|move|p1a: Primarina|Hyper Voice|p2b: Magmar\n|-supereffective|p2b: Magmar\n|-damage|p2b: Magmar|14\/100\n|-damage|p1a: Primarina|81\/100|[from] item: Life Orb\n|\n|-damage|p1b: Sneasler|95\/100 brn|[from] brn\n|upkeep\n|\n|t:|1730211449\n|switch|p2a: Goodra|Goodra-Hisui, L50, M|100\/100\n|turn|3\n|inactive|Pokequimico has 30 seconds left.\n|\n|t:|1730211483\n|switch|p2b: Politoed|Politoed, L50, M, shiny|100\/100\n|-weather|RainDance|[from] ability: Drizzle|[of] p2b: Politoed\n|-terastallize|p2a: Goodra|Water\n|move|p1b: Sneasler|Close Combat|p2a: Goodra\n|-damage|p2a: Goodra|70\/100\n|-unboost|p1b: Sneasler|def|1\n|-unboost|p1b: Sneasler|spd|1\n|move|p1a: Primarina|Hyper Voice|p2b: Politoed|[spread] p2a,p2b\n|-resisted|p2a: Goodra\n|-resisted|p2b: Politoed\n|-damage|p2a: Goodra|48\/100\n|-damage|p2b: Politoed|72\/100\n|-damage|p1a: Primarina|71\/100|[from] item: Life Orb\n|move|p2a: Goodra|Muddy Water|p1a: Primarina|[spread] p1a,p1b\n|-resisted|p1a: Primarina\n|-crit|p1b: Sneasler\n|-damage|p1a: Primarina|35\/100\n|-damage|p1b: Sneasler|0 fnt\n|faint|p1b: Sneasler\n|\n|-weather|RainDance|[upkeep]\n|upkeep\n|\n|t:|1730211502\n|switch|p1b: Kingambit|Kingambit, L50, F|100\/100\n|turn|4\n|\n|t:|1730211507\n|switch|p2a: Magmar|Magmar, L50, F, shiny|14\/100\n|move|p1b: Kingambit|Protect|p1b: Kingambit\n|-singleturn|p1b: Kingambit|Protect\n|move|p1a: Primarina|Moonblast|p2a: Magmar\n|-resisted|p2a: Magmar\n|-damage|p2a: Magmar|0 fnt\n|faint|p2a: Magmar\n|-damage|p1a: Primarina|25\/100|[from] item: Life Orb\n|move|p2b: Politoed|Weather Ball|p1a: Primarina\n|-resisted|p1a: Primarina\n|-damage|p1a: Primarina|0 fnt\n|faint|p1a: Primarina\n|\n|-weather|RainDance|[upkeep]\n|upkeep\n|\n|t:|1730211513\n|switch|p2a: Goodra|Goodra-Hisui, L50, M, tera:Water|48\/100\n|switch|p1a: Typhlosion|Typhlosion-Hisui, L50, F|100\/100\n|-item|p2a: Goodra|Choice Specs|[from] ability: Frisk|[of] p1a: Typhlosion\n|-item|p2b: Politoed|Sitrus Berry|[from] ability: Frisk|[of] p1a: Typhlosion\n|turn|5\n|\n|t:|1730211525\n|move|p1b: Kingambit|Sucker Punch|p2a: Goodra\n|-damage|p2a: Goodra|10\/100\n|move|p1a: Typhlosion|Shadow Ball|p2a: Goodra\n|-damage|p2a: Goodra|0 fnt\n|faint|p2a: Goodra\n|move|p2b: Politoed|Weather Ball|p1b: Kingambit\n|-damage|p1b: Kingambit|42\/100\n|\n|-weather|RainDance|[upkeep]\n|upkeep\n|turn|6\n|\n|t:|1730211533\n|move|p1a: Typhlosion|Shadow Ball|p2b: Politoed\n|-damage|p2b: Politoed|44\/100\n|-enditem|p2b: Politoed|Sitrus Berry|[eat]\n|-heal|p2b: Politoed|69\/100|[from] item: Sitrus Berry\n|move|p2b: Politoed|Weather Ball|p1b: Kingambit\n|-damage|p1b: Kingambit|0 fnt\n|faint|p1b: Kingambit\n|\n|-weather|RainDance|[upkeep]\n|upkeep\n|turn|7\n|\n|t:|1730211541\n|move|p1a: Typhlosion|Shadow Ball|p2b: Politoed\n|-damage|p2b: Politoed|43\/100\n|-unboost|p2b: Politoed|spd|1\n|move|p2b: Politoed|Weather Ball|p1a: Typhlosion\n|-supereffective|p1a: Typhlosion\n|-damage|p1a: Typhlosion|0 fnt\n|faint|p1a: Typhlosion\n|\n|win|RomanTogepi\n|raw|Pokequimico's rating: 1731 &rarr; <strong>1709<\/strong><br \/>(-22 for losing)\n|raw|RomanTogepi's rating: 1698 &rarr; <strong>1720<\/strong><br \/>(+22 for winning)\n|l|\u2606Pokequimico\n|player|p1|\n|l|\u2606RomanTogepi\n|player|p2|\n","uploadtime":1730211765,"views":13,"formatid":"gen9vgc2024regh","rating":1709,"private":0,"password":null}