{"id":"gen9vgc2024regh-2233667584","format":"[Gen 9] VGC 2024 Reg H","players":["dqstrqyed","coalossal_idiot"],"log":"|j|\u2606dqstrqyed\n|j|\u2606coalossal_idiot\n|t:|1730242691\n|gametype|doubles\n|player|p1|dqstrqyed|2|1696\n|player|p2|coalossal_idiot|birdkeeper|1691\n|teamsize|p1|6\n|teamsize|p2|6\n|gen|9\n|tier|[Gen 9] VGC 2024 Reg H\n|rated|\n|rule|Species Clause: Limit one of each Pok\u00e9mon\n|rule|Item Clause: Limit 1 of each item\n|clearpoke\n|poke|p1|Gardevoir, L50, M|\n|poke|p1|Sneasler, L50, M|\n|poke|p1|Rillaboom, L50, F|\n|poke|p1|Incineroar, L50, M|\n|poke|p1|Volcarona, L50, M|\n|poke|p1|Electabuzz, L50, M|\n|poke|p2|Malamar, L50, M|\n|poke|p2|Salamence, L50, M|\n|poke|p2|Infernape, L50, M|\n|poke|p2|Weavile, L50, M|\n|poke|p2|Pelipper, L50, F|\n|poke|p2|Archaludon, L50, F|\n|teampreview|4\n|inactive|Battle timer is ON: inactive players will automatically lose when time's up. (requested by coalossal_idiot)\n|inactive|dqstrqyed has 60 seconds left.\n|inactive|coalossal_idiot has 60 seconds left.\n|\n|t:|1730242730\n|start\n|switch|p1a: Electabuzz|Electabuzz, L50, M|100\/100\n|switch|p1b: Gardevoir|Gardevoir, L50, M|100\/100\n|switch|p2a: Weavile|Weavile, L50, M|100\/100\n|switch|p2b: Pelipper|Pelipper, L50, F|100\/100\n|-ability|p2a: Weavile|Pressure\n|-weather|RainDance|[from] ability: Drizzle|[of] p1b: Gardevoir\n|-ability|p1b: Gardevoir|Drizzle|[from] ability: Trace|[of] p2b: Pelipper\n|turn|1\n|inactive|dqstrqyed has 30 seconds left.\n|inactive|coalossal_idiot has 30 seconds left.\n|\n|t:|1730242759\n|switch|p1b: Incineroar|Incineroar, L50, M|100\/100\n|-ability|p1b: Incineroar|Intimidate|boost\n|-unboost|p2a: Weavile|atk|1\n|-unboost|p2b: Pelipper|atk|1\n|move|p2a: Weavile|Fake Out|p1a: Electabuzz\n|-damage|p1a: Electabuzz|92\/100\n|cant|p1a: Electabuzz|flinch\n|move|p2b: Pelipper|Tailwind|p2b: Pelipper\n|-sidestart|p2: coalossal_idiot|move: Tailwind\n|\n|-weather|RainDance|[upkeep]\n|upkeep\n|turn|2\n|\n|t:|1730242783\n|switch|p2b: Archaludon|Archaludon, L50, F|100\/100\n|move|p2a: Weavile|Knock Off|p1a: Electabuzz\n|-damage|p1a: Electabuzz|62\/100\n|-enditem|p1a: Electabuzz|Eviolite|[from] move: Knock Off|[of] p2a: Weavile\n|move|p1a: Electabuzz|Electroweb|p2a: Weavile|[spread] p2b\n|-miss|p1a: Electabuzz|p2a: Weavile\n|-resisted|p2b: Archaludon\n|-damage|p2b: Archaludon|95\/100\n|-unboost|p2b: Archaludon|spe|1\n|-ability|p2b: Archaludon|Stamina|boost\n|-boost|p2b: Archaludon|def|1\n|move|p1b: Incineroar|Parting Shot|p2a: Weavile\n|-unboost|p2a: Weavile|atk|1\n|-unboost|p2a: Weavile|spa|1\n|\n|t:|1730242802\n|switch|p1b: Gardevoir|Gardevoir, L50, M|100\/100|[from] Parting Shot\n|-ability|p1b: Gardevoir|Pressure\n|-ability|p1b: Gardevoir|Pressure|[from] ability: Trace|[of] p2a: Weavile\n|\n|-weather|RainDance|[upkeep]\n|upkeep\n|turn|3\n|\n|t:|1730242822\n|move|p1a: Electabuzz|Follow Me|p1a: Electabuzz\n|-singleturn|p1a: Electabuzz|move: Follow Me\n|move|p2a: Weavile|Knock Off|p1a: Electabuzz\n|-damage|p1a: Electabuzz|41\/100\n|move|p2b: Archaludon|Electro Shot||[still]\n|-prepare|p2b: Archaludon|Electro Shot\n|-boost|p2b: Archaludon|spa|1\n|-anim|p2b: Archaludon|Electro Shot|p1a: Electabuzz\n|-resisted|p1a: Electabuzz\n|-damage|p1a: Electabuzz|4\/100\n|move|p1b: Gardevoir|Moonblast|p2b: Archaludon\n|-damage|p2b: Archaludon|43\/100\n|-ability|p2b: Archaludon|Stamina|boost\n|-boost|p2b: Archaludon|def|1\n|\n|-weather|RainDance|[upkeep]\n|upkeep\n|turn|4\n|\n|t:|1730242839\n|move|p1a: Electabuzz|Follow Me|p1a: Electabuzz\n|-singleturn|p1a: Electabuzz|move: Follow Me\n|move|p2a: Weavile|Knock Off|p1a: Electabuzz\n|-damage|p1a: Electabuzz|0 fnt\n|faint|p1a: Electabuzz\n|move|p2b: Archaludon|Flash Cannon|p1b: Gardevoir\n|-supereffective|p1b: Gardevoir\n|-crit|p1b: Gardevoir\n|-damage|p1b: Gardevoir|0 fnt\n|faint|p1b: Gardevoir\n|\n|-weather|RainDance|[upkeep]\n|-sideend|p2: coalossal_idiot|move: Tailwind\n|upkeep\n|\n|t:|1730242846\n|switch|p1a: Incineroar|Incineroar, L50, M|100\/100\n|switch|p1b: Volcarona|Volcarona, L50, M|100\/100\n|-ability|p1a: Incineroar|Intimidate|boost\n|-unboost|p2a: Weavile|atk|1\n|-unboost|p2b: Archaludon|atk|1\n|turn|5\n|inactive|coalossal_idiot has 30 seconds left.\n|j| Therazer456\n|\n|t:|1730242879\n|move|p1a: Incineroar|Fake Out|p2b: Archaludon\n|-resisted|p2b: Archaludon\n|-damage|p2b: Archaludon|41\/100\n|-ability|p2b: Archaludon|Stamina|boost\n|-boost|p2b: Archaludon|def|1\n|move|p2a: Weavile|Knock Off|p1b: Volcarona\n|-damage|p1b: Volcarona|78\/100\n|-status|p2a: Weavile|brn|[from] ability: Flame Body|[of] p1b: Volcarona\n|-enditem|p1b: Volcarona|Sitrus Berry|[from] move: Knock Off|[of] p2a: Weavile\n|move|p1b: Volcarona|Quiver Dance|p1b: Volcarona\n|-boost|p1b: Volcarona|spa|1\n|-boost|p1b: Volcarona|spd|1\n|-boost|p1b: Volcarona|spe|1\n|cant|p2b: Archaludon|flinch\n|\n|-weather|none\n|-damage|p2a: Weavile|94\/100 brn|[from] brn\n|upkeep\n|turn|6\n|inactive|dqstrqyed has 30 seconds left.\n|inactive|coalossal_idiot has 30 seconds left.\n|\n|t:|1730242911\n|switch|p2a: Pelipper|Pelipper, L50, F|100\/100\n|-weather|RainDance|[from] ability: Drizzle|[of] p2a: Pelipper\n|move|p1b: Volcarona|Quiver Dance|p1b: Volcarona\n|-boost|p1b: Volcarona|spa|1\n|-boost|p1b: Volcarona|spd|1\n|-boost|p1b: Volcarona|spe|1\n|move|p1a: Incineroar|Knock Off|p2a: Pelipper\n|-crit|p2a: Pelipper\n|-damage|p2a: Pelipper|37\/100\n|-enditem|p2a: Pelipper|Covert Cloak|[from] move: Knock Off|[of] p1a: Incineroar\n|move|p2b: Archaludon|Body Press|p1a: Incineroar\n|-supereffective|p1a: Incineroar\n|-crit|p1a: Incineroar\n|-damage|p1a: Incineroar|0 fnt\n|faint|p1a: Incineroar\n|\n|-weather|RainDance|[upkeep]\n|upkeep\n|turn|7\n|\n|t:|1730242931\n|move|p1b: Volcarona|Protect|p1b: Volcarona\n|-singleturn|p1b: Volcarona|Protect\n|move|p2a: Pelipper|Wide Guard|p2a: Pelipper\n|-singleturn|p2a: Pelipper|Wide Guard\n|move|p2b: Archaludon|Electro Shot||[still]\n|-prepare|p2b: Archaludon|Electro Shot\n|-boost|p2b: Archaludon|spa|1\n|-anim|p2b: Archaludon|Electro Shot|p1b: Volcarona\n|-activate|p1b: Volcarona|move: Protect\n|\n|-weather|RainDance|[upkeep]\n|upkeep\n|turn|8\n|\n|t:|1730242945\n|switch|p2a: Weavile|Weavile, L50, M|94\/100 brn\n|-ability|p2a: Weavile|Pressure\n|move|p1b: Volcarona|Flamethrower|p2b: Archaludon\n|-damage|p2b: Archaludon|4\/100\n|-ability|p2b: Archaludon|Stamina|boost\n|-boost|p2b: Archaludon|def|1\n|move|p2b: Archaludon|Electro Shot||[still]\n|-prepare|p2b: Archaludon|Electro Shot\n|-boost|p2b: Archaludon|spa|1\n|-anim|p2b: Archaludon|Electro Shot|p1b: Volcarona\n|-damage|p1b: Volcarona|25\/100\n|\n|-weather|RainDance|[upkeep]\n|-damage|p2a: Weavile|88\/100 brn|[from] brn\n|upkeep\n|turn|9\n|inactive|coalossal_idiot has 30 seconds left.\n|\n|t:|1730242974\n|move|p1b: Volcarona|Protect|p1b: Volcarona\n|-singleturn|p1b: Volcarona|Protect\n|move|p2a: Weavile|Fake Out|p1b: Volcarona\n|-activate|p1b: Volcarona|move: Protect\n|move|p2b: Archaludon|Electro Shot||[still]\n|-prepare|p2b: Archaludon|Electro Shot\n|-boost|p2b: Archaludon|spa|1\n|-anim|p2b: Archaludon|Electro Shot|p1b: Volcarona\n|-activate|p1b: Volcarona|move: Protect\n|\n|-weather|RainDance|[upkeep]\n|-damage|p2a: Weavile|82\/100 brn|[from] brn\n|upkeep\n|turn|10\n|\n|t:|1730242987\n|move|p1b: Volcarona|Bug Buzz|p2b: Archaludon\n|-resisted|p2b: Archaludon\n|-damage|p2b: Archaludon|0 fnt\n|faint|p2b: Archaludon\n|move|p2a: Weavile|Knock Off|p1b: Volcarona\n|-damage|p1b: Volcarona|7\/100\n|\n|-weather|none\n|-damage|p2a: Weavile|76\/100 brn|[from] brn\n|upkeep\n|\n|t:|1730243009\n|switch|p2b: Pelipper|Pelipper, L50, F|37\/100\n|-weather|RainDance|[from] ability: Drizzle|[of] p2b: Pelipper\n|turn|11\n|\n|t:|1730243016\n|move|p1b: Volcarona|Bug Buzz|p2a: Weavile\n|-supereffective|p2a: Weavile\n|-damage|p2a: Weavile|0 fnt\n|faint|p2a: Weavile\n|move|p2b: Pelipper|Weather Ball|p1b: Volcarona\n|-supereffective|p1b: Volcarona\n|-damage|p1b: Volcarona|0 fnt\n|faint|p1b: Volcarona\n|\n|win|coalossal_idiot\n|raw|dqstrqyed's rating: 1696 &rarr; <strong>1676<\/strong><br \/>(-20 for losing)\n|raw|coalossal_idiot's rating: 1691 &rarr; <strong>1711<\/strong><br \/>(+20 for winning)\n|l|\u2606coalossal_idiot\n|player|p2|\n|l|\u2606dqstrqyed\n|player|p1|\n|l| Therazer456\n","uploadtime":1730243210,"views":16,"formatid":"gen9vgc2024regh","rating":1676,"private":0,"password":null}