{"id":"gen9vgc2024regh-2233956104","format":"[Gen 9] VGC 2024 Reg H","players":["YwzDYan","chin8"],"log":"|j|\u2606YwzDYan\n|j|\u2606chin8\n|t:|1730287704\n|gametype|doubles\n|player|p1|YwzDYan|roxie|1830\n|player|p2|chin8|gentleman-gen4dp|1810\n|teamsize|p1|6\n|teamsize|p2|6\n|gen|9\n|tier|[Gen 9] VGC 2024 Reg H\n|rated|\n|rule|Species Clause: Limit one of each Pok\u00e9mon\n|rule|Item Clause: Limit 1 of each item\n|clearpoke\n|poke|p1|Pelipper, L50, M|\n|poke|p1|Annihilape, L50, M|\n|poke|p1|Sinistcha-Masterpiece, L50|\n|poke|p1|Archaludon, L50, F|\n|poke|p1|Whimsicott, L50, M|\n|poke|p1|Slowbro, L50, F|\n|poke|p2|Baxcalibur, L50, F|\n|poke|p2|Kilowattrel, L50, F|\n|poke|p2|Annihilape, L50, F|\n|poke|p2|Gardevoir, L50, M|\n|poke|p2|Magmortar, L50, F|\n|poke|p2|Gholdengo, L50|\n|teampreview|4\n|inactive|Battle timer is ON: inactive players will automatically lose when time's up. (requested by YwzDYan)\n|inactive|YwzDYan has 60 seconds left.\n|inactive|chin8 has 60 seconds left.\n|\n|t:|1730287738\n|start\n|switch|p1a: Annihilape|Annihilape, L50, M|100\/100\n|switch|p1b: Whimsicott|Whimsicott, L50, M|100\/100\n|switch|p2a: Baxcalibur|Baxcalibur, L50, F|100\/100\n|switch|p2b: Kilowattrel|Kilowattrel, L50, F|100\/100\n|turn|1\n|j| urmomtest\n|\n|t:|1730287759\n|switch|p1b: Archaludon|Archaludon, L50, F, shiny|100\/100\n|move|p2a: Baxcalibur|Ice Shard|p1b: Archaludon\n|-damage|p1b: Archaludon|85\/100\n|-ability|p1b: Archaludon|Stamina|boost\n|-boost|p1b: Archaludon|def|1\n|move|p2b: Kilowattrel|Air Slash|p1b: Archaludon\n|-resisted|p1b: Archaludon\n|-damage|p1b: Archaludon|74\/100\n|-ability|p1b: Archaludon|Stamina|boost\n|-boost|p1b: Archaludon|def|1\n|move|p1a: Annihilape|Drain Punch|p2a: Baxcalibur\n|-supereffective|p2a: Baxcalibur\n|-damage|p2a: Baxcalibur|40\/100\n|\n|upkeep\n|turn|2\n|\n|t:|1730287776\n|move|p1a: Annihilape|Protect|p1a: Annihilape\n|-singleturn|p1a: Annihilape|Protect\n|move|p2b: Kilowattrel|Air Slash|p1a: Annihilape\n|-activate|p1a: Annihilape|move: Protect\n|move|p1b: Archaludon|Snarl|p2b: Kilowattrel|[spread] p2a,p2b\n|-damage|p2a: Baxcalibur|34\/100\n|-damage|p2b: Kilowattrel|80\/100\n|-unboost|p2a: Baxcalibur|spa|1\n|-unboost|p2b: Kilowattrel|spa|1\n|-ability|p2b: Kilowattrel|Competitive|boost\n|-boost|p2b: Kilowattrel|spa|2\n|move|p2a: Baxcalibur|Glaive Rush|p1a: Annihilape\n|-activate|p1a: Annihilape|move: Protect\n|\n|upkeep\n|turn|3\n|inactive|YwzDYan has 30 seconds left.\n|\n|t:|1730287807\n|move|p2b: Kilowattrel|Thunderbolt|p1a: Annihilape\n|-damage|p1a: Annihilape|50\/100\n|-enditem|p1a: Annihilape|Sitrus Berry|[eat]\n|-heal|p1a: Annihilape|75\/100|[from] item: Sitrus Berry\n|move|p1a: Annihilape|Final Gambit|p2b: Kilowattrel\n|-damage|p2b: Kilowattrel|0 fnt\n|faint|p1a: Annihilape\n|faint|p2b: Kilowattrel\n|move|p1b: Archaludon|Body Press|p2a: Baxcalibur\n|-supereffective|p2a: Baxcalibur\n|-damage|p2a: Baxcalibur|0 fnt\n|faint|p2a: Baxcalibur\n|\n|upkeep\n|\n|t:|1730287821\n|switch|p2b: Magmortar|Magmortar, L50, F|100\/100\n|switch|p1a: Whimsicott|Whimsicott, L50, M|100\/100\n|switch|p2a: Gholdengo|Gholdengo, L50|100\/100\n|turn|4\n|inactive|YwzDYan has 30 seconds left.\n|\n|t:|1730287848\n|move|p1a: Whimsicott|Beat Up|p1b: Archaludon\n|-damage|p1b: Archaludon|73\/100\n|-ability|p1b: Archaludon|Stamina|boost\n|-boost|p1b: Archaludon|def|1\n|-damage|p1b: Archaludon|72\/100\n|-ability|p1b: Archaludon|Stamina|boost\n|-boost|p1b: Archaludon|def|1\n|-damage|p1b: Archaludon|72\/100\n|-ability|p1b: Archaludon|Stamina|boost\n|-boost|p1b: Archaludon|def|1\n|-hitcount|p1b: Archaludon|3\n|move|p1b: Archaludon|Body Press|p2b: Magmortar\n|-damage|p2b: Magmortar|17\/100\n|-enditem|p2b: Magmortar|Sitrus Berry|[eat]\n|-heal|p2b: Magmortar|42\/100|[from] item: Sitrus Berry\n|move|p2a: Gholdengo|Nasty Plot|p2a: Gholdengo\n|-boost|p2a: Gholdengo|spa|2\n|move|p2b: Magmortar|Heat Wave|p1b: Archaludon|[spread] p1a,p1b\n|-supereffective|p1a: Whimsicott\n|-enditem|p1a: Whimsicott|Focus Sash\n|-damage|p1a: Whimsicott|1\/100\n|-damage|p1b: Archaludon|54\/100\n|-ability|p1b: Archaludon|Stamina|boost\n|-boost|p1b: Archaludon|def|1\n|\n|upkeep\n|turn|5\n|inactive|YwzDYan has 30 seconds left.\n|\n|t:|1730287875\n|switch|p1a: Sinistcha|Sinistcha-Masterpiece, L50, shiny|100\/100\n|-heal|p1b: Archaludon|79\/100|[from] ability: Hospitality|[of] p1a: Sinistcha\n|move|p2b: Magmortar|Protect|p2b: Magmortar\n|-singleturn|p2b: Magmortar|Protect\n|move|p1b: Archaludon|Snarl|p2b: Magmortar|[spread] p2a\n|-activate|p2b: Magmortar|move: Protect\n|-supereffective|p2a: Gholdengo\n|-damage|p2a: Gholdengo|78\/100\n|-unboost|p2a: Gholdengo|spa|1\n|move|p2a: Gholdengo|Shadow Ball|p1b: Archaludon\n|-damage|p1b: Archaludon|38\/100\n|\n|-heal|p2a: Gholdengo|84\/100|[from] item: Leftovers\n|upkeep\n|turn|6\n|\n|t:|1730287894\n|move|p1b: Archaludon|Body Press|p2b: Magmortar\n|-damage|p2b: Magmortar|0 fnt\n|-status|p1b: Archaludon|brn|[from] ability: Flame Body|[of] p2b: Magmortar\n|faint|p2b: Magmortar\n|move|p2a: Gholdengo|Nasty Plot|p2a: Gholdengo\n|-boost|p2a: Gholdengo|spa|2\n|move|p1a: Sinistcha|Shadow Ball|p2a: Gholdengo\n|-supereffective|p2a: Gholdengo\n|-damage|p2a: Gholdengo|16\/100\n|\n|-heal|p2a: Gholdengo|22\/100|[from] item: Leftovers\n|-damage|p1b: Archaludon|32\/100 brn|[from] brn\n|upkeep\n|turn|7\n|\n|t:|1730287915\n|move|p2a: Gholdengo|Protect|p2a: Gholdengo\n|-singleturn|p2a: Gholdengo|Protect\n|move|p1b: Archaludon|Snarl|p2a: Gholdengo\n|-activate|p2a: Gholdengo|move: Protect\n|move|p1a: Sinistcha|Shadow Ball|p2a: Gholdengo\n|-activate|p2a: Gholdengo|move: Protect\n|\n|-heal|p2a: Gholdengo|28\/100|[from] item: Leftovers\n|-damage|p1b: Archaludon|26\/100 brn|[from] brn\n|upkeep\n|turn|8\n|\n|t:|1730287922\n|-terastallize|p2a: Gholdengo|Water\n|-terastallize|p1a: Sinistcha|Dark\n|move|p1b: Archaludon|Snarl|p2a: Gholdengo\n|-damage|p2a: Gholdengo|14\/100\n|-unboost|p2a: Gholdengo|spa|1\n|move|p2a: Gholdengo|Make It Rain|p1a: Sinistcha|[spread] p1a,p1b\n|-resisted|p1b: Archaludon\n|-damage|p1a: Sinistcha|24\/100\n|-damage|p1b: Archaludon|0 fnt\n|-unboost|p2a: Gholdengo|spa|1\n|faint|p1b: Archaludon\n|move|p1a: Sinistcha|Shadow Ball|p2a: Gholdengo\n|-damage|p2a: Gholdengo|0 fnt\n|faint|p2a: Gholdengo\n|\n|win|YwzDYan\n|raw|YwzDYan's rating: 1830 &rarr; <strong>1849<\/strong><br \/>(+19 for winning)\n|raw|chin8's rating: 1810 &rarr; <strong>1791<\/strong><br \/>(-19 for losing)\n|l|\u2606chin8\n|player|p2|\n","uploadtime":1730288091,"views":51,"formatid":"gen9vgc2024regh","rating":1791,"private":0,"password":null}