{"id":"gen9vgc2024regh-2233662825","format":"[Gen 9] VGC 2024 Reg H","players":["roykeenkennedy","SeaWolfMikess"],"log":"|badge|p2|silver|gen9doublesou|30-3\n|uhtml|medal-msg|<div class=\"broadcast-blue\">Curious what those medals under the avatar are? PS now has Ladder Seasons! For more information, check out the <a href=\"https:\/\/www.smogon.com\/forums\/threads\/3740067\/\">thread on Smogon.<\/a><\/div>\n|j|\u2606roykeenkennedy\n|j|\u2606SeaWolfMikess\n|t:|1730242178\n|gametype|doubles\n|player|p1|roykeenkennedy|alder|1758\n|player|p2|SeaWolfMikess|hugh|1738\n|teamsize|p1|6\n|teamsize|p2|6\n|gen|9\n|tier|[Gen 9] VGC 2024 Reg H\n|rated|\n|rule|Species Clause: Limit one of each Pok\u00e9mon\n|rule|Item Clause: Limit 1 of each item\n|clearpoke\n|poke|p1|Salamence, L50, F|\n|poke|p1|Incineroar, L50, M|\n|poke|p1|Weezing, L50, M|\n|poke|p1|Dragapult, L50, M|\n|poke|p1|Ursaluna-Bloodmoon, L50, M|\n|poke|p1|Volcarona, L50, F|\n|poke|p2|Rillaboom, L50, F|\n|poke|p2|Gholdengo, L50|\n|poke|p2|Incineroar, L50, F|\n|poke|p2|Pelipper, L50, F|\n|poke|p2|Archaludon, L50, F|\n|poke|p2|Sneasler, L50, F|\n|teampreview|4\n|j| mr pogostick\n|j| Elv3r G4larga\n|\n|t:|1730242202\n|start\n|switch|p1a: Weezing|Weezing, L50, M|100\/100\n|switch|p1b: Dragapult|Dragapult, L50, M|100\/100\n|switch|p2a: Archaludon|Archaludon, L50, F|100\/100\n|switch|p2b: Pelipper|Pelipper, L50, F|100\/100\n|-ability|p1a: Weezing|Neutralizing Gas\n|turn|1\n|\n|t:|1730242236\n|-terastallize|p1b: Dragapult|Ghost\n|move|p1b: Dragapult|Tera Blast|p2b: Pelipper|[anim] Tera Blast Ghost\n|-damage|p2b: Pelipper|0 fnt\n|faint|p2b: Pelipper\n|move|p2a: Archaludon|Dragon Pulse|p1b: Dragapult\n|-crit|p1b: Dragapult\n|-damage|p1b: Dragapult|13\/100\n|move|p1a: Weezing|Sludge Bomb|p2a: Archaludon\n|-immune|p2a: Archaludon\n|\n|upkeep\n|\n|t:|1730242244\n|switch|p2b: Incineroar|Incineroar, L50, F|100\/100\n|turn|2\n|\n|t:|1730242254\n|switch|p1b: Incineroar|Incineroar, L50, M|100\/100\n|-ability|p1b: Incineroar|Intimidate|boost\n|-unboost|p2a: Archaludon|atk|1\n|-unboost|p2b: Incineroar|atk|1\n|-terastallize|p2a: Archaludon|Electric\n|move|p2a: Archaludon|Electro Shot||[still]\n|-prepare|p2a: Archaludon|Electro Shot\n|-boost|p2a: Archaludon|spa|1\n|-enditem|p2a: Archaludon|Power Herb\n|-anim|p2a: Archaludon|Electro Shot|p1a: Weezing\n|-damage|p1a: Weezing|0 fnt\n|faint|p1a: Weezing\n|-end|p1a: Weezing|ability: Neutralizing Gas\n|-ability|p2b: Incineroar|Intimidate|boost\n|-unboost|p1b: Incineroar|atk|1\n|move|p2b: Incineroar|Knock Off|p1b: Incineroar\n|-resisted|p1b: Incineroar\n|-damage|p1b: Incineroar|88\/100\n|-enditem|p1b: Incineroar|Ability Shield|[from] move: Knock Off|[of] p2b: Incineroar\n|\n|upkeep\n|\n|t:|1730242275\n|switch|p1a: Ursaluna|Ursaluna-Bloodmoon, L50, M|100\/100\n|turn|3\n|\n|t:|1730242289\n|move|p2a: Archaludon|Dragon Pulse|p1a: Ursaluna\n|-damage|p1a: Ursaluna|49\/100\n|move|p1a: Ursaluna|Earth Power|p2b: Incineroar\n|-supereffective|p2b: Incineroar\n|-damage|p2b: Incineroar|11\/100\n|-unboost|p2b: Incineroar|spd|1\n|move|p1b: Incineroar|Knock Off|p2a: Archaludon\n|-damage|p2a: Archaludon|85\/100\n|move|p2b: Incineroar|Knock Off|p1a: Ursaluna\n|-damage|p1a: Ursaluna|30\/100\n|-enditem|p1a: Ursaluna|Assault Vest|[from] move: Knock Off|[of] p2b: Incineroar\n|\n|upkeep\n|turn|4\n|\n|t:|1730242318\n|move|p1a: Ursaluna|Vacuum Wave|p2b: Incineroar\n|-supereffective|p2b: Incineroar\n|-damage|p2b: Incineroar|0 fnt\n|faint|p2b: Incineroar\n|move|p2a: Archaludon|Dragon Pulse|p1a: Ursaluna\n|-damage|p1a: Ursaluna|0 fnt\n|faint|p1a: Ursaluna\n|move|p1b: Incineroar|Flare Blitz|p2a: Archaludon\n|-damage|p2a: Archaludon|60\/100\n|-damage|p1b: Incineroar|81\/100|[from] Recoil\n|\n|upkeep\n|\n|t:|1730242329\n|switch|p1a: Dragapult|Dragapult, L50, M, tera:Ghost|13\/100\n|switch|p2b: Sneasler|Sneasler, L50, F|100\/100\n|turn|5\n|\n|t:|1730242366\n|move|p1a: Dragapult|Dragon Darts|p2a: Archaludon\n|-damage|p2a: Archaludon|26\/100\n|-anim|p1a: Dragapult|Dragon Darts|p2b: Sneasler\n|-damage|p2b: Sneasler|25\/100\n|move|p2b: Sneasler|Dire Claw|p1a: Dragapult\n|-resisted|p1a: Dragapult\n|-damage|p1a: Dragapult|0 fnt\n|faint|p1a: Dragapult\n|move|p2a: Archaludon|Dragon Pulse|p1b: Incineroar\n|-damage|p1b: Incineroar|32\/100\n|move|p1b: Incineroar|Flare Blitz|p2b: Sneasler\n|-damage|p2b: Sneasler|0 fnt\n|faint|p2b: Sneasler\n|-damage|p1b: Incineroar|26\/100|[from] Recoil\n|\n|upkeep\n|turn|6\n|\n|t:|1730242384\n|move|p2a: Archaludon|Dragon Pulse|p1b: Incineroar\n|-damage|p1b: Incineroar|0 fnt\n|faint|p1b: Incineroar\n|\n|win|SeaWolfMikess\n|raw|roykeenkennedy's rating: 1758 &rarr; <strong>1735<\/strong><br \/>(-23 for losing)\n|raw|SeaWolfMikess's rating: 1711 &rarr; <strong>1734<\/strong><br \/>(+23 for winning)\n|l| mr pogostick\n|l|\u2606roykeenkennedy\n|player|p1|\n|l|\u2606SeaWolfMikess\n|player|p2|\n|l| Elv3r G4larga\n","uploadtime":1730242527,"views":30,"formatid":"gen9vgc2024regh","rating":1734,"private":0,"password":null}