{"id":"gen9vgc2024regh-2233485360","format":"[Gen 9] VGC 2024 Reg H","players":["TheDecommissioner","jhyjhyt"],"log":"|j|\u2606TheDecommissioner\n|j|\u2606jhyjhyt\n|t:|1730225324\n|gametype|doubles\n|player|p1|TheDecommissioner|preschooler|1675\n|player|p2|jhyjhyt|266|1779\n|teamsize|p1|6\n|teamsize|p2|6\n|gen|9\n|tier|[Gen 9] VGC 2024 Reg H\n|rated|\n|rule|Species Clause: Limit one of each Pok\u00e9mon\n|rule|Item Clause: Limit 1 of each item\n|clearpoke\n|poke|p1|Indeedee-F, L50, F|\n|poke|p1|Torkoal, L50, M|\n|poke|p1|Kleavor, L50, M|\n|poke|p1|Lilligant-Hisui, L50, F|\n|poke|p1|Archaludon, L50, F|\n|poke|p1|Clefable, L50, M|\n|poke|p2|Dondozo, L50, M|\n|poke|p2|Tatsugiri, L50, M|\n|poke|p2|Pelipper, L50, F|\n|poke|p2|Archaludon, L50, M|\n|poke|p2|Amoonguss, L50, M|\n|poke|p2|Murkrow, L50, M|\n|teampreview|4\n|inactive|Battle timer is ON: inactive players will automatically lose when time's up. (requested by TheDecommissioner)\n|\n|t:|1730225348\n|start\n|switch|p1a: Lilligant|Lilligant-Hisui, L50, F|100\/100\n|switch|p1b: Torkoal|Torkoal, L50, M|100\/100\n|switch|p2a: Dondozo|Dondozo, L50, M|100\/100\n|switch|p2b: Archaludon|Archaludon, L50, M|100\/100\n|-weather|SunnyDay|[from] ability: Drought|[of] p1b: Torkoal\n|turn|1\n|\n|t:|1730225370\n|switch|p2b: Pelipper|Pelipper, L50, F|100\/100\n|-weather|RainDance|[from] ability: Drizzle|[of] p2b: Pelipper\n|switch|p1b: Archaludon|Archaludon, L50, F|100\/100\n|move|p2a: Dondozo|Protect|p2a: Dondozo\n|-singleturn|p2a: Dondozo|Protect\n|move|p1a: Lilligant|Sleep Powder|p2a: Dondozo\n|-activate|p2a: Dondozo|move: Protect\n|\n|-weather|RainDance|[upkeep]\n|upkeep\n|turn|2\n|\n|t:|1730225394\n|switch|p2b: Tatsugiri|Tatsugiri, L50, M|100\/100\n|-activate|p2b: Tatsugiri|ability: Commander|[of] p2a: Dondozo\n|-boost|p2a: Dondozo|atk|2\n|-boost|p2a: Dondozo|spa|2\n|-boost|p2a: Dondozo|spe|2\n|-boost|p2a: Dondozo|def|2\n|-boost|p2a: Dondozo|spd|2\n|-terastallize|p2a: Dondozo|Water\n|move|p2a: Dondozo|Surf|p1a: Lilligant|[spread] p1a,p1b\n|-miss|p2a: Dondozo|p2b: Tatsugiri\n|-resisted|p1a: Lilligant\n|-resisted|p1b: Archaludon\n|-crit|p1b: Archaludon\n|-damage|p1a: Lilligant|27\/100\n|-damage|p1b: Archaludon|60\/100\n|-ability|p1b: Archaludon|Stamina|boost\n|-boost|p1b: Archaludon|def|1\n|move|p1a: Lilligant|Sleep Powder|p2a: Dondozo|[miss]\n|-miss|p1a: Lilligant|p2a: Dondozo\n|move|p1b: Archaludon|Electro Shot||[still]\n|-prepare|p1b: Archaludon|Electro Shot\n|-boost|p1b: Archaludon|spa|1\n|-anim|p1b: Archaludon|Electro Shot|p2b: Tatsugiri|[miss]\n|-miss|p1b: Archaludon|p2b: Tatsugiri\n|\n|-weather|RainDance|[upkeep]\n|upkeep\n|turn|3\n|inactive|jhyjhyt has 30 seconds left.\n|\n|t:|1730225420\n|switch|p1b: Torkoal|Torkoal, L50, M|100\/100\n|-weather|SunnyDay|[from] ability: Drought|[of] p1b: Torkoal\n|move|p1a: Lilligant|Sleep Powder|p2a: Dondozo\n|-status|p2a: Dondozo|slp|[from] move: Sleep Powder\n|cant|p2a: Dondozo|slp\n|\n|-weather|SunnyDay|[upkeep]\n|upkeep\n|turn|4\n|\n|t:|1730225431\n|move|p1a: Lilligant|Bullet Seed|p2a: Dondozo\n|-supereffective|p2a: Dondozo\n|-damage|p2a: Dondozo|90\/100 slp\n|-supereffective|p2a: Dondozo\n|-damage|p2a: Dondozo|81\/100 slp\n|-hitcount|p2a: Dondozo|2\n|-curestatus|p2a: Dondozo|slp|[msg]\n|move|p2a: Dondozo|Wave Crash|p1a: Lilligant\n|-resisted|p1a: Lilligant\n|-damage|p1a: Lilligant|0 fnt\n|faint|p1a: Lilligant\n|-damage|p2a: Dondozo|75\/100|[from] Recoil\n|move|p1b: Torkoal|Solar Beam||[still]\n|-prepare|p1b: Torkoal|Solar Beam\n|-anim|p1b: Torkoal|Solar Beam|p2a: Dondozo\n|-supereffective|p2a: Dondozo\n|-crit|p2a: Dondozo\n|-damage|p2a: Dondozo|0 fnt\n|faint|p2a: Dondozo\n|\n|-weather|SunnyDay|[upkeep]\n|upkeep\n|\n|t:|1730225451\n|switch|p1a: Indeedee|Indeedee-F, L50, F|100\/100\n|switch|p2a: Pelipper|Pelipper, L50, F|100\/100\n|-weather|RainDance|[from] ability: Drizzle|[of] p2a: Pelipper\n|-fieldstart|move: Psychic Terrain|[from] ability: Psychic Surge|[of] p1a: Indeedee\n|-enditem|p1a: Indeedee|Psychic Seed\n|-boost|p1a: Indeedee|spd|1|[from] item: Psychic Seed\n|turn|5\n|\n|t:|1730225461\n|switch|p2a: Archaludon|Archaludon, L50, M|100\/100\n|switch|p1b: Archaludon|Archaludon, L50, F|60\/100\n|move|p2b: Tatsugiri|Muddy Water|p1b: Archaludon|[spread] p1a\n|-miss|p2b: Tatsugiri|p1b: Archaludon\n|-damage|p1a: Indeedee|70\/100\n|move|p1a: Indeedee|Trick Room|p1a: Indeedee\n|-fieldstart|move: Trick Room|[of] p1a: Indeedee\n|\n|-weather|RainDance|[upkeep]\n|upkeep\n|turn|6\n|j| noshaymintrying\n|inactive|TheDecommissioner has 30 seconds left.\n|inactive|jhyjhyt has 30 seconds left.\n|inactive|TheDecommissioner has 20 seconds left.\n|inactive|jhyjhyt has 20 seconds left.\n|inactive|TheDecommissioner has 15 seconds left.\n|\n|t:|1730225510\n|-terastallize|p1b: Archaludon|Grass\n|move|p1b: Archaludon|Electro Shot||[still]\n|-prepare|p1b: Archaludon|Electro Shot\n|-boost|p1b: Archaludon|spa|1\n|-anim|p1b: Archaludon|Electro Shot|p2b: Tatsugiri\n|-damage|p2b: Tatsugiri|34\/100\n|move|p1a: Indeedee|Psychic|p2b: Tatsugiri\n|-damage|p2b: Tatsugiri|0 fnt\n|faint|p2b: Tatsugiri\n|move|p2a: Archaludon|Electro Shot||[still]\n|-prepare|p2a: Archaludon|Electro Shot\n|-boost|p2a: Archaludon|spa|1\n|-anim|p2a: Archaludon|Electro Shot|p1a: Indeedee\n|-damage|p1a: Indeedee|25\/100\n|\n|-weather|RainDance|[upkeep]\n|upkeep\n|\n|t:|1730225525\n|switch|p2b: Pelipper|Pelipper, L50, F|100\/100\n|turn|7\n|\n|t:|1730225549\n|move|p1a: Indeedee|Psychic|p2b: Pelipper\n|-damage|p2b: Pelipper|29\/100\n|move|p1b: Archaludon|Electro Shot||[still]\n|-prepare|p1b: Archaludon|Electro Shot\n|-boost|p1b: Archaludon|spa|1\n|-anim|p1b: Archaludon|Electro Shot|p2b: Pelipper\n|-supereffective|p2b: Pelipper\n|-damage|p2b: Pelipper|0 fnt\n|faint|p2b: Pelipper\n|move|p2a: Archaludon|Draco Meteor|p1b: Archaludon\n|-damage|p1b: Archaludon|3\/100\n|-unboost|p2a: Archaludon|spa|2\n|-ability|p1b: Archaludon|Stamina|boost\n|-boost|p1b: Archaludon|def|1\n|\n|-weather|RainDance|[upkeep]\n|upkeep\n|turn|8\n|-message|jhyjhyt forfeited.\n|\n|win|TheDecommissioner\n|raw|TheDecommissioner's rating: 1675 &rarr; <strong>1701<\/strong><br \/>(+26 for winning)\n|raw|jhyjhyt's rating: 1779 &rarr; <strong>1753<\/strong><br \/>(-26 for losing)\n|l|\u2606jhyjhyt\n|player|p2|\n|l|\u2606TheDecommissioner\n|player|p1|\n","uploadtime":1730225726,"views":18,"formatid":"gen9vgc2024regh","rating":1701,"private":0,"password":null}