{"id":"gen9vgc2024regh-2233488300","format":"[Gen 9] VGC 2024 Reg H","players":["YwzDYan","jhyjhyt"],"log":"|j|\u2606YwzDYan\n|j|\u2606jhyjhyt\n|t:|1730225576\n|gametype|doubles\n|player|p1|YwzDYan|roxie|1813\n|player|p2|jhyjhyt|266|1753\n|teamsize|p1|6\n|teamsize|p2|6\n|gen|9\n|tier|[Gen 9] VGC 2024 Reg H\n|rated|\n|rule|Species Clause: Limit one of each Pok\u00e9mon\n|rule|Item Clause: Limit 1 of each item\n|clearpoke\n|poke|p1|Pelipper, L50, F|\n|poke|p1|Annihilape, L50, F|\n|poke|p1|Sinistcha-Masterpiece, L50|\n|poke|p1|Archaludon, L50, F|\n|poke|p1|Whimsicott, L50, M|\n|poke|p1|Slowbro, L50, M|\n|poke|p2|Dondozo, L50, F|\n|poke|p2|Tatsugiri, L50, F|\n|poke|p2|Pelipper, L50, F|\n|poke|p2|Archaludon, L50, F|\n|poke|p2|Amoonguss, L50, F|\n|poke|p2|Murkrow, L50, F|\n|teampreview|4\n|inactive|Battle timer is ON: inactive players will automatically lose when time's up. (requested by YwzDYan)\n|inactive|jhyjhyt has 60 seconds left.\n|\n|t:|1730225612\n|start\n|switch|p1a: Whimsicott|Whimsicott, L50, M|100\/100\n|switch|p1b: Annihilape|Annihilape, L50, F|100\/100\n|switch|p2a: Dondozo|Dondozo, L50, F|100\/100\n|switch|p2b: Pelipper|Pelipper, L50, F|100\/100\n|-weather|RainDance|[from] ability: Drizzle|[of] p2b: Pelipper\n|turn|1\n|\n|t:|1730225633\n|move|p1b: Annihilape|Protect|p1b: Annihilape\n|-singleturn|p1b: Annihilape|Protect\n|move|p2a: Dondozo|Protect|p2a: Dondozo\n|-singleturn|p2a: Dondozo|Protect\n|move|p1a: Whimsicott|Moonblast|p2b: Pelipper\n|-damage|p2b: Pelipper|37\/100\n|move|p2b: Pelipper|Weather Ball|p1a: Whimsicott\n|-resisted|p1a: Whimsicott\n|-damage|p1a: Whimsicott|47\/100\n|\n|-weather|RainDance|[upkeep]\n|upkeep\n|turn|2\n|j| moonrockdoobie\n|inactive|YwzDYan has 30 seconds left.\n|inactive|jhyjhyt has 30 seconds left.\n|inactive|YwzDYan has 20 seconds left.\n|inactive|jhyjhyt has 20 seconds left.\n|\n|t:|1730225678\n|switch|p2a: Archaludon|Archaludon, L50, F|100\/100\n|move|p2b: Pelipper|Protect|p2b: Pelipper\n|-singleturn|p2b: Pelipper|Protect\n|move|p1a: Whimsicott|Encore||[still]\n|-fail|p1a: Whimsicott\n|move|p1b: Annihilape|Rage Fist|p2b: Pelipper\n|-activate|p2b: Pelipper|move: Protect\n|\n|-weather|RainDance|[upkeep]\n|upkeep\n|turn|3\n|\n|t:|1730225693\n|switch|p2b: Dondozo|Dondozo, L50, F|100\/100\n|move|p1a: Whimsicott|Beat Up|p1b: Annihilape\n|-damage|p1b: Annihilape|98\/100\n|-damage|p1b: Annihilape|95\/100\n|-damage|p1b: Annihilape|94\/100\n|-damage|p1b: Annihilape|91\/100\n|-hitcount|p1b: Annihilape|4\n|move|p1b: Annihilape|Rage Fist|p2b: Dondozo\n|-damage|p2b: Dondozo|25\/100\n|move|p2a: Archaludon|Flash Cannon|p1a: Whimsicott\n|-supereffective|p1a: Whimsicott\n|-damage|p1a: Whimsicott|0 fnt\n|faint|p1a: Whimsicott\n|\n|-weather|RainDance|[upkeep]\n|upkeep\n|\n|t:|1730225700\n|switch|p1a: Slowbro|Slowbro, L50, M|100\/100\n|turn|4\n|\n|t:|1730225717\n|switch|p2a: Tatsugiri|Tatsugiri, L50, F|100\/100\n|-activate|p2a: Tatsugiri|ability: Commander|[of] p2b: Dondozo\n|-boost|p2b: Dondozo|atk|2\n|-boost|p2b: Dondozo|spa|2\n|-boost|p2b: Dondozo|spe|2\n|-boost|p2b: Dondozo|def|2\n|-boost|p2b: Dondozo|spd|2\n|-terastallize|p2b: Dondozo|Water\n|-terastallize|p1a: Slowbro|Grass\n|move|p1b: Annihilape|Protect|p1b: Annihilape\n|-singleturn|p1b: Annihilape|Protect\n|move|p2b: Dondozo|Surf|p1a: Slowbro|[spread] p1a\n|-miss|p2b: Dondozo|p2a: Tatsugiri\n|-activate|p1b: Annihilape|move: Protect\n|-resisted|p1a: Slowbro\n|-damage|p1a: Slowbro|61\/100\n|move|p1a: Slowbro|Yawn|p2a: Tatsugiri|[miss]\n|-miss|p1a: Slowbro|p2a: Tatsugiri\n|\n|-weather|RainDance|[upkeep]\n|upkeep\n|turn|5\n|inactive|jhyjhyt has 30 seconds left.\n|\n|t:|1730225744\n|switch|p1b: Sinistcha|Sinistcha-Masterpiece, L50, shiny|100\/100\n|-heal|p1a: Slowbro|86\/100|[from] ability: Hospitality|[of] p1b: Sinistcha\n|move|p2b: Dondozo|Wave Crash|p1a: Slowbro\n|-resisted|p1a: Slowbro\n|-damage|p1a: Slowbro|18\/100\n|-damage|p2b: Dondozo|5\/100|[from] Recoil\n|move|p1a: Slowbro|Yawn|p2b: Dondozo\n|-start|p2b: Dondozo|move: Yawn|[of] p1a: Slowbro\n|\n|-weather|none\n|upkeep\n|turn|6\n|l| moonrockdoobie\n|\n|t:|1730225768\n|move|p1a: Slowbro|Protect|p1a: Slowbro\n|-singleturn|p1a: Slowbro|Protect\n|move|p2b: Dondozo|Wave Crash|p1b: Sinistcha\n|-resisted|p1b: Sinistcha\n|-crit|p1b: Sinistcha\n|-damage|p1b: Sinistcha|15\/100\n|-damage|p2b: Dondozo|0 fnt|[from] Recoil\n|faint|p2b: Dondozo\n|move|p1b: Sinistcha|Trick Room|p1b: Sinistcha\n|-fieldstart|move: Trick Room|[of] p1b: Sinistcha\n|\n|upkeep\n|\n|t:|1730225778\n|switch|p2b: Archaludon|Archaludon, L50, F|100\/100\n|turn|7\n|inactive|jhyjhyt has 30 seconds left.\n|inactive|jhyjhyt has 20 seconds left.\n|\n|t:|1730225814\n|switch|p1b: Annihilape|Annihilape, L50, F|91\/100\n|move|p1a: Slowbro|Yawn|p2b: Archaludon\n|-start|p2b: Archaludon|move: Yawn|[of] p1a: Slowbro\n|move|p2b: Archaludon|Flash Cannon|p1a: Slowbro\n|-damage|p1a: Slowbro|0 fnt\n|faint|p1a: Slowbro\n|move|p2a: Tatsugiri|Dragon Pulse|p1b: Annihilape\n|-damage|p1b: Annihilape|55\/100\n|\n|upkeep\n|\n|t:|1730225824\n|switch|p1a: Sinistcha|Sinistcha-Masterpiece, L50, shiny|15\/100\n|-heal|p1b: Annihilape|80\/100|[from] ability: Hospitality|[of] p1a: Sinistcha\n|turn|8\n|\n|t:|1730225837\n|switch|p2b: Pelipper|Pelipper, L50, F|37\/100\n|-weather|RainDance|[from] ability: Drizzle|[of] p2b: Pelipper\n|move|p1a: Sinistcha|Rage Powder|p1a: Sinistcha\n|-singleturn|p1a: Sinistcha|move: Rage Powder\n|move|p1b: Annihilape|Rage Fist|p2a: Tatsugiri\n|-damage|p2a: Tatsugiri|0 fnt\n|faint|p2a: Tatsugiri\n|\n|-weather|RainDance|[upkeep]\n|upkeep\n|\n|t:|1730225846\n|switch|p2a: Archaludon|Archaludon, L50, F|100\/100\n|turn|9\n|\n|t:|1730225864\n|move|p1b: Annihilape|Protect|p1b: Annihilape\n|-singleturn|p1b: Annihilape|Protect\n|move|p1a: Sinistcha|Shadow Ball|p2b: Pelipper\n|-damage|p2b: Pelipper|0 fnt\n|faint|p2b: Pelipper\n|move|p2a: Archaludon|Electro Shot||[still]\n|-prepare|p2a: Archaludon|Electro Shot\n|-boost|p2a: Archaludon|spa|1\n|-anim|p2a: Archaludon|Electro Shot|p1b: Annihilape\n|-activate|p1b: Annihilape|move: Protect\n|\n|-weather|RainDance|[upkeep]\n|upkeep\n|turn|10\n|\n|t:|1730225881\n|move|p1a: Sinistcha|Rage Powder|p1a: Sinistcha\n|-singleturn|p1a: Sinistcha|move: Rage Powder\n|move|p2a: Archaludon|Electro Shot||[still]\n|-prepare|p2a: Archaludon|Electro Shot\n|-boost|p2a: Archaludon|spa|1\n|-anim|p2a: Archaludon|Electro Shot|p1a: Sinistcha\n|-resisted|p1a: Sinistcha\n|-damage|p1a: Sinistcha|0 fnt\n|faint|p1a: Sinistcha\n|move|p1b: Annihilape|Rage Fist|p2a: Archaludon\n|-damage|p2a: Archaludon|18\/100\n|-ability|p2a: Archaludon|Stamina|boost\n|-boost|p2a: Archaludon|def|1\n|\n|-weather|RainDance|[upkeep]\n|-fieldend|move: Trick Room\n|upkeep\n|turn|11\n|\n|t:|1730225893\n|move|p1b: Annihilape|Rage Fist|p2a: Archaludon\n|-damage|p2a: Archaludon|0 fnt\n|faint|p2a: Archaludon\n|\n|win|YwzDYan\n|raw|YwzDYan's rating: 1813 &rarr; <strong>1830<\/strong><br \/>(+17 for winning)\n|raw|jhyjhyt's rating: 1753 &rarr; <strong>1736<\/strong><br \/>(-17 for losing)\n|l|\u2606jhyjhyt\n|player|p2|\n|l|\u2606YwzDYan\n|player|p1|\n","uploadtime":1730226180,"views":15,"formatid":"gen9vgc2024regh","rating":1736,"private":0,"password":null}