{"id":"gen9vgc2024regh-2233550950","format":"[Gen 9] VGC 2024 Reg H","players":["chin8","htotoT"],"log":"|j|\u2606chin8\n|j|\u2606htotoT\n|t:|1730231147\n|gametype|doubles\n|player|p1|chin8|gentleman-gen4dp|1802\n|player|p2|htotoT|170|1798\n|teamsize|p1|6\n|teamsize|p2|6\n|gen|9\n|tier|[Gen 9] VGC 2024 Reg H\n|rated|\n|rule|Species Clause: Limit one of each Pok\u00e9mon\n|rule|Item Clause: Limit 1 of each item\n|clearpoke\n|poke|p1|Baxcalibur, L50, M|\n|poke|p1|Kilowattrel, L50, M|\n|poke|p1|Annihilape, L50, M|\n|poke|p1|Gardevoir, L50, F|\n|poke|p1|Magmortar, L50, M|\n|poke|p1|Gholdengo, L50|\n|poke|p2|Gholdengo, L50|\n|poke|p2|Murkrow, L50, F|\n|poke|p2|Pelipper, L50, M|\n|poke|p2|Archaludon, L50, M|\n|poke|p2|Amoonguss, L50, F|\n|poke|p2|Basculegion-F, L50, F|\n|teampreview|4\n|inactive|Battle timer is ON: inactive players will automatically lose when time's up. (requested by htotoT)\n|j| hastein\n|\n|t:|1730231162\n|start\n|switch|p1a: Kilowattrel|Kilowattrel, L50, M|100\/100\n|switch|p1b: Baxcalibur|Baxcalibur, L50, M|100\/100\n|switch|p2a: Murkrow|Murkrow, L50, F|100\/100\n|switch|p2b: Gholdengo|Gholdengo, L50|100\/100\n|turn|1\n|\n|t:|1730231168\n|-terastallize|p2b: Gholdengo|Steel\n|-terastallize|p1b: Baxcalibur|Ground\n|move|p2a: Murkrow|Tailwind|p2a: Murkrow\n|-sidestart|p2: htotoT|move: Tailwind\n|move|p2b: Gholdengo|Make It Rain|p1b: Baxcalibur|[spread] p1a,p1b\n|-resisted|p1a: Kilowattrel\n|-damage|p1a: Kilowattrel|3\/100\n|-damage|p1b: Baxcalibur|44\/100\n|-unboost|p2b: Gholdengo|spa|1\n|move|p1a: Kilowattrel|Thunderbolt|p2a: Murkrow\n|-supereffective|p2a: Murkrow\n|-damage|p2a: Murkrow|35\/100\n|move|p1b: Baxcalibur|Earthquake|p2b: Gholdengo|[spread] p2b\n|-immune|p1a: Kilowattrel\n|-immune|p2a: Murkrow\n|-supereffective|p2b: Gholdengo\n|-damage|p2b: Gholdengo|4\/100\n|\n|upkeep\n|turn|2\n|j| Elv3r G4larga\n|\n|t:|1730231190\n|move|p1b: Baxcalibur|Ice Shard|p2b: Gholdengo\n|-resisted|p2b: Gholdengo\n|-damage|p2b: Gholdengo|0 fnt\n|faint|p2b: Gholdengo\n|move|p2a: Murkrow|Foul Play|p1b: Baxcalibur\n|-damage|p1b: Baxcalibur|0 fnt\n|faint|p1b: Baxcalibur\n|move|p1a: Kilowattrel|Thunderbolt|p2a: Murkrow\n|-supereffective|p2a: Murkrow\n|-damage|p2a: Murkrow|0 fnt\n|faint|p2a: Murkrow\n|\n|upkeep\n|\n|t:|1730231197\n|switch|p2b: Archaludon|Archaludon, L50, M|100\/100\n|switch|p2a: Pelipper|Pelipper, L50, M|100\/100\n|switch|p1b: Magmortar|Magmortar, L50, M|100\/100\n|-weather|RainDance|[from] ability: Drizzle|[of] p2a: Pelipper\n|turn|3\n|\n|t:|1730231211\n|move|p1b: Magmortar|Follow Me|p1b: Magmortar\n|-singleturn|p1b: Magmortar|move: Follow Me\n|move|p2b: Archaludon|Electro Shot||[still]\n|-prepare|p2b: Archaludon|Electro Shot\n|-boost|p2b: Archaludon|spa|1\n|-anim|p2b: Archaludon|Electro Shot|p1b: Magmortar\n|-damage|p1b: Magmortar|34\/100\n|-enditem|p1b: Magmortar|Sitrus Berry|[eat]\n|-heal|p1b: Magmortar|59\/100|[from] item: Sitrus Berry\n|move|p2a: Pelipper|Weather Ball|p1b: Magmortar\n|-supereffective|p1b: Magmortar\n|-crit|p1b: Magmortar\n|-damage|p1b: Magmortar|0 fnt\n|faint|p1b: Magmortar\n|move|p1a: Kilowattrel|Thunderbolt|p2a: Pelipper\n|-supereffective|p2a: Pelipper\n|-enditem|p2a: Pelipper|Focus Sash\n|-damage|p2a: Pelipper|1\/100\n|\n|-weather|RainDance|[upkeep]\n|upkeep\n|\n|t:|1730231213\n|switch|p1b: Gholdengo|Gholdengo, L50|100\/100\n|turn|4\n|\n|t:|1730231220\n|move|p1a: Kilowattrel|Protect|p1a: Kilowattrel\n|-singleturn|p1a: Kilowattrel|Protect\n|move|p1b: Gholdengo|Protect|p1b: Gholdengo\n|-singleturn|p1b: Gholdengo|Protect\n|move|p2b: Archaludon|Electro Shot||[still]\n|-prepare|p2b: Archaludon|Electro Shot\n|-boost|p2b: Archaludon|spa|1\n|-anim|p2b: Archaludon|Electro Shot|p1b: Gholdengo\n|-activate|p1b: Gholdengo|move: Protect\n|move|p2a: Pelipper|Weather Ball|p1a: Kilowattrel\n|-activate|p1a: Kilowattrel|move: Protect\n|\n|-weather|RainDance|[upkeep]\n|-sideend|p2: htotoT|move: Tailwind\n|upkeep\n|turn|5\n|\n|t:|1730231240\n|move|p1a: Kilowattrel|Protect|p1a: Kilowattrel\n|-singleturn|p1a: Kilowattrel|Protect\n|move|p2a: Pelipper|Protect|p2a: Pelipper\n|-singleturn|p2a: Pelipper|Protect\n|move|p2b: Archaludon|Electro Shot||[still]\n|-prepare|p2b: Archaludon|Electro Shot\n|-boost|p2b: Archaludon|spa|1\n|-anim|p2b: Archaludon|Electro Shot|p1b: Gholdengo\n|-damage|p1b: Gholdengo|0 fnt\n|faint|p1b: Gholdengo\n|\n|-weather|RainDance|[upkeep]\n|upkeep\n|turn|6\n|-message|chin8 forfeited.\n|\n|win|htotoT\n|raw|chin8's rating: 1802 &rarr; <strong>1782<\/strong><br \/>(-20 for losing)\n|raw|htotoT's rating: 1798 &rarr; <strong>1818<\/strong><br \/>(+20 for winning)\n|l|\u2606chin8\n|player|p1|\n|l|\u2606htotoT\n|player|p2|\n|l| Elv3r G4larga\n","uploadtime":1730231369,"views":49,"formatid":"gen9vgc2024regh","rating":1782,"private":0,"password":null}