{"id":"gen9vgc2024regh-2233838509","format":"[Gen 9] VGC 2024 Reg H","players":["bluestraggler01","Pokipls"],"log":"|j|\u2606bluestraggler01\n|j|\u2606Pokipls\n|t:|1730265443\n|gametype|doubles\n|player|p1|bluestraggler01|266|1803\n|player|p2|Pokipls|102|1771\n|teamsize|p1|6\n|teamsize|p2|6\n|gen|9\n|tier|[Gen 9] VGC 2024 Reg H\n|rated|\n|rule|Species Clause: Limit one of each Pok\u00e9mon\n|rule|Item Clause: Limit 1 of each item\n|clearpoke\n|poke|p1|Talonflame, L50, M|\n|poke|p1|Krookodile, L50, F|\n|poke|p1|Archaludon, L50, M|\n|poke|p1|Pelipper, L50, M|\n|poke|p1|Annihilape, L50, M|\n|poke|p1|Brambleghast, L50, M|\n|poke|p2|Indeedee, L50, M|\n|poke|p2|Sneasler, L50, M|\n|poke|p2|Excadrill, L50, F|\n|poke|p2|Magmar, L50, M|\n|poke|p2|Corviknight, L50, M|\n|poke|p2|Tyranitar, L50, M|\n|teampreview|4\n|j| Danilow\n|inactive|Battle timer is ON: inactive players will automatically lose when time's up. (requested by bluestraggler01)\nbluestraggler01 rejected open team sheets.\n|inactive|Pokipls has 60 seconds left.\n|\n|t:|1730265515\n|start\n|switch|p1a: \u773c\u5f71\u4e01\u771f|Krookodile, L50, F|100\/100\n|switch|p1b: \u7ffc\u9e70\u4e01\u771f|Talonflame, L50, M|100\/100\n|switch|p2a: Magmar|Magmar, L50, M|100\/100\n|switch|p2b: Excadrill|Excadrill, L50, F|100\/100\n|-ability|p1a: \u773c\u5f71\u4e01\u771f|Intimidate|boost\n|-unboost|p2a: Magmar|atk|1\n|-unboost|p2b: Excadrill|atk|1\n|turn|1\n|inactive|Pokipls has 30 seconds left.\n|inactive|Pokipls has 20 seconds left.\n|\n|t:|1730265553\n|-terastallize|p1a: \u773c\u5f71\u4e01\u771f|Ground\n|-terastallize|p2a: Magmar|Flying\n|move|p2b: Excadrill|Protect|p2b: Excadrill\n|-singleturn|p2b: Excadrill|Protect\n|move|p1b: \u7ffc\u9e70\u4e01\u771f|Tailwind|p1b: \u7ffc\u9e70\u4e01\u771f\n|-sidestart|p1: bluestraggler01|move: Tailwind\n|move|p1a: \u773c\u5f71\u4e01\u771f|Earthquake|p2b: Excadrill|[spread] \n|-activate|p2b: Excadrill|move: Protect\n|-immune|p1b: \u7ffc\u9e70\u4e01\u771f\n|-immune|p2a: Magmar\n|move|p2a: Magmar|Heat Wave|p1b: \u7ffc\u9e70\u4e01\u771f|[spread] p1a,p1b\n|-resisted|p1b: \u7ffc\u9e70\u4e01\u771f\n|-damage|p1a: \u773c\u5f71\u4e01\u771f|64\/100\n|-damage|p1b: \u7ffc\u9e70\u4e01\u771f|79\/100\n|\n|upkeep\n|turn|2\n|inactive|Pokipls has 30 seconds left.\n|\n|t:|1730265581\n|move|p1b: \u7ffc\u9e70\u4e01\u771f|Heat Wave|p2b: Excadrill|[spread] p2a,p2b\n|-supereffective|p2b: Excadrill\n|-damage|p2a: Magmar|81\/100\n|-damage|p2b: Excadrill|26\/100\n|move|p1a: \u773c\u5f71\u4e01\u771f|Earthquake|p2a: Magmar|[spread] p2b\n|-immune|p1b: \u7ffc\u9e70\u4e01\u771f\n|-immune|p2a: Magmar\n|-supereffective|p2b: Excadrill\n|-damage|p2b: Excadrill|0 fnt\n|faint|p2b: Excadrill\n|move|p2a: Magmar|Heat Wave|p1a: \u773c\u5f71\u4e01\u771f|[spread] p1a,p1b\n|-resisted|p1b: \u7ffc\u9e70\u4e01\u771f\n|-damage|p1a: \u773c\u5f71\u4e01\u771f|24\/100\n|-damage|p1b: \u7ffc\u9e70\u4e01\u771f|59\/100\n|\n|upkeep\n|\n|t:|1730265599\n|switch|p2b: Sneasler|Sneasler, L50, M|100\/100\n|turn|3\n|\n|t:|1730265605\n|switch|p1a: \u96e8\u4e91\u4e01\u771f|Pelipper, L50, M|100\/100\n|-weather|RainDance|[from] ability: Drizzle|[of] p1a: \u96e8\u4e91\u4e01\u771f\n|move|p2b: Sneasler|Fake Out|p1a: \u96e8\u4e91\u4e01\u771f\n|-damage|p1a: \u96e8\u4e91\u4e01\u771f|83\/100\n|move|p1b: \u7ffc\u9e70\u4e01\u771f|Hurricane|p2b: Sneasler\n|-supereffective|p2b: Sneasler\n|-damage|p2b: Sneasler|0 fnt\n|faint|p2b: Sneasler\n|move|p2a: Magmar|Heat Wave|p1a: \u96e8\u4e91\u4e01\u771f|[spread] p1a,p1b\n|-resisted|p1a: \u96e8\u4e91\u4e01\u771f\n|-resisted|p1b: \u7ffc\u9e70\u4e01\u771f\n|-damage|p1a: \u96e8\u4e91\u4e01\u771f|72\/100\n|-damage|p1b: \u7ffc\u9e70\u4e01\u771f|48\/100\n|\n|-weather|RainDance|[upkeep]\n|upkeep\n|\n|t:|1730265614\n|switch|p2b: Tyranitar|Tyranitar, L50, M|100\/100\n|-weather|Sandstorm|[from] ability: Sand Stream|[of] p2b: Tyranitar\n|turn|4\n|\n|t:|1730265626\n|switch|p1b: \u773c\u5f71\u4e01\u771f|Krookodile, L50, F, tera:Ground|24\/100\n|-ability|p1b: \u773c\u5f71\u4e01\u771f|Intimidate|boost\n|-unboost|p2a: Magmar|atk|1\n|-unboost|p2b: Tyranitar|atk|1\n|switch|p1a: \u786c\u6cbf\u4e01\u771f|Archaludon, L50, M|100\/100\n|move|p2a: Magmar|Follow Me|p2a: Magmar\n|-singleturn|p2a: Magmar|move: Follow Me\n|move|p2b: Tyranitar|Rock Slide|p1b: \u773c\u5f71\u4e01\u771f|[spread] p1a,p1b\n|-resisted|p1a: \u786c\u6cbf\u4e01\u771f\n|-crit|p1a: \u786c\u6cbf\u4e01\u771f\n|-resisted|p1b: \u773c\u5f71\u4e01\u771f\n|-damage|p1a: \u786c\u6cbf\u4e01\u771f|84\/100\n|-damage|p1b: \u773c\u5f71\u4e01\u771f|12\/100\n|-ability|p1a: \u786c\u6cbf\u4e01\u771f|Stamina|boost\n|-boost|p1a: \u786c\u6cbf\u4e01\u771f|def|1\n|\n|-weather|Sandstorm|[upkeep]\n|-damage|p2a: Magmar|75\/100|[from] Sandstorm\n|-sideend|p1: bluestraggler01|move: Tailwind\n|upkeep\n|turn|5\n|l|\u2606Pokipls\n|inactive|Pokipls disconnected and has a minute to reconnect!\n|player|p2|\n|inactive|Pokipls has 30 seconds left.\n|inactive|Pokipls has 20 seconds left.\n|inactive|Pokipls has 15 seconds left.\n|inactive|Pokipls has 10 seconds left.\n|inactive|Pokipls has 5 seconds left.\n|-message|Pokipls lost due to inactivity.\n|\n|win|bluestraggler01\n|raw|bluestraggler01's rating: 1803 &rarr; <strong>1821<\/strong><br \/>(+18 for winning)\n|raw|Pokipls's rating: 1771 &rarr; <strong>1753<\/strong><br \/>(-18 for losing)\n|l|\u2606bluestraggler01\n|player|p1|\n","uploadtime":1730265820,"views":43,"formatid":"gen9vgc2024regh","rating":1753,"private":0,"password":null}