{"id":"gen9vgc2024regh-2233353267","format":"[Gen 9] VGC 2024 Reg H","players":["bobonov","htotoT"],"log":"|j|\u2606bobonov\n|j|\u2606htotoT\n|t:|1730214035\n|gametype|doubles\n|player|p1|bobonov|265|1716\n|player|p2|htotoT|102|1680\n|teamsize|p1|6\n|teamsize|p2|6\n|gen|9\n|tier|[Gen 9] VGC 2024 Reg H\n|rated|\n|rule|Species Clause: Limit one of each Pok\u00e9mon\n|rule|Item Clause: Limit 1 of each item\n|clearpoke\n|poke|p1|Pelipper, L50, F|\n|poke|p1|Basculegion, L50, M|\n|poke|p1|Archaludon, L50, M|\n|poke|p1|Amoonguss, L50, M|\n|poke|p1|Incineroar, L50, M|\n|poke|p1|Gengar, L50, F|\n|poke|p2|Gholdengo, L50|\n|poke|p2|Murkrow, L50, F|\n|poke|p2|Pelipper, L50, M|\n|poke|p2|Archaludon, L50, M|\n|poke|p2|Amoonguss, L50, F|\n|poke|p2|Basculegion-F, L50, F|\n|teampreview|4\n|inactive|Battle timer is ON: inactive players will automatically lose when time's up. (requested by htotoT)\n|\n|t:|1730214051\n|start\n|switch|p1a: Incineroar|Incineroar, L50, M|100\/100\n|switch|p1b: Gengar|Gengar, L50, F|100\/100\n|switch|p2a: Murkrow|Murkrow, L50, F|100\/100\n|switch|p2b: Gholdengo|Gholdengo, L50|100\/100\n|-ability|p1a: Incineroar|Intimidate|boost\n|-unboost|p2a: Murkrow|atk|1\n|-unboost|p2b: Gholdengo|atk|1\n|turn|1\n|\n|t:|1730214071\n|switch|p2a: Pelipper|Pelipper, L50, M|100\/100\n|-weather|RainDance|[from] ability: Drizzle|[of] p2a: Pelipper\n|-terastallize|p2b: Gholdengo|Steel\n|move|p2b: Gholdengo|Make It Rain|p1b: Gengar|[spread] p1a,p1b\n|-resisted|p1a: Incineroar\n|-damage|p1a: Incineroar|50\/100\n|-enditem|p1b: Gengar|Focus Sash\n|-damage|p1b: Gengar|1\/100\n|-unboost|p2b: Gholdengo|spa|1\n|move|p1a: Incineroar|Swords Dance|p1a: Incineroar\n|-boost|p1a: Incineroar|atk|2\n|move|p1b: Gengar|Trick Room|p1b: Gengar\n|-fieldstart|move: Trick Room|[of] p1b: Gengar\n|\n|-weather|RainDance|[upkeep]\n|upkeep\n|turn|2\n|\n|t:|1730214094\n|switch|p2b: Murkrow|Murkrow, L50, F|100\/100\n|move|p2a: Pelipper|Protect|p2a: Pelipper\n|-singleturn|p2a: Pelipper|Protect\n|move|p1a: Incineroar|Knock Off|p2a: Pelipper\n|-activate|p2a: Pelipper|move: Protect\n|move|p1b: Gengar|Sludge Bomb|p2a: Pelipper\n|-activate|p2a: Pelipper|move: Protect\n|\n|-weather|RainDance|[upkeep]\n|upkeep\n|turn|3\n|\n|t:|1730214107\n|switch|p2a: Archaludon|Archaludon, L50, M|100\/100\n|move|p2b: Murkrow|Haze|p2b: Murkrow\n|-clearallboost\n|move|p1a: Incineroar|Knock Off|p2a: Archaludon\n|-damage|p2a: Archaludon|54\/100\n|-ability|p2a: Archaludon|Stamina|boost\n|-boost|p2a: Archaludon|def|1\n|-enditem|p2a: Archaludon|Assault Vest|[from] move: Knock Off|[of] p1a: Incineroar\n|move|p1b: Gengar|Sludge Bomb|p2a: Archaludon\n|-immune|p2a: Archaludon\n|\n|-weather|RainDance|[upkeep]\n|upkeep\n|turn|4\n|\n|t:|1730214124\n|move|p1a: Incineroar|Close Combat|p2a: Archaludon\n|-supereffective|p2a: Archaludon\n|-damage|p2a: Archaludon|3\/100\n|-unboost|p1a: Incineroar|def|1\n|-unboost|p1a: Incineroar|spd|1\n|-ability|p2a: Archaludon|Stamina|boost\n|-boost|p2a: Archaludon|def|1\n|move|p1b: Gengar|Sludge Bomb|p2b: Murkrow\n|-damage|p2b: Murkrow|66\/100\n|-status|p2b: Murkrow|psn\n|move|p2b: Murkrow|Foul Play|p1b: Gengar\n|-supereffective|p1b: Gengar\n|-damage|p1b: Gengar|0 fnt\n|faint|p1b: Gengar\n|move|p2a: Archaludon|Electro Shot||[still]\n|-prepare|p2a: Archaludon|Electro Shot\n|-boost|p2a: Archaludon|spa|1\n|-anim|p2a: Archaludon|Electro Shot|p1a: Incineroar\n|-damage|p1a: Incineroar|0 fnt\n|faint|p1a: Incineroar\n|\n|-weather|RainDance|[upkeep]\n|-damage|p2b: Murkrow|54\/100 psn|[from] psn\n|upkeep\n|\n|t:|1730214145\n|switch|p1a: Pelipper|Pelipper, L50, F|100\/100\n|switch|p1b: Basculegion|Basculegion, L50, M|100\/100\n|turn|5\n|inactive|bobonov has 30 seconds left.\n|inactive|htotoT has 30 seconds left.\n|\n|t:|1730214171\n|move|p2b: Murkrow|Quash|p1a: Pelipper\n|-activate|p1a: Pelipper|move: Quash\n|move|p1b: Basculegion|Last Respects|p2a: Archaludon\n|-damage|p2a: Archaludon|0 fnt\n|faint|p2a: Archaludon\n|move|p1a: Pelipper|Weather Ball|p2b: Murkrow\n|-damage|p2b: Murkrow|0 fnt\n|faint|p2b: Murkrow\n|\n|-weather|none\n|-fieldend|move: Trick Room\n|upkeep\n|\n|t:|1730214176\n|switch|p2a: Gholdengo|Gholdengo, L50, tera:Steel|100\/100\n|switch|p2b: Pelipper|Pelipper, L50, M|100\/100\n|-weather|RainDance|[from] ability: Drizzle|[of] p2b: Pelipper\n|turn|6\n|\n|t:|1730214199\n|-terastallize|p1a: Pelipper|Grass\n|move|p1b: Basculegion|Protect|p1b: Basculegion\n|-singleturn|p1b: Basculegion|Protect\n|move|p2a: Gholdengo|Make It Rain|p1b: Basculegion|[spread] p1a\n|-activate|p1b: Basculegion|move: Protect\n|-damage|p1a: Pelipper|0 fnt\n|-unboost|p2a: Gholdengo|spa|1\n|faint|p1a: Pelipper\n|move|p2b: Pelipper|Hurricane|p1b: Basculegion\n|-activate|p1b: Basculegion|move: Protect\n|\n|-weather|RainDance|[upkeep]\n|upkeep\n|turn|7\n|j| olvrei\n|-message|bobonov forfeited.\n|\n|win|htotoT\n|raw|bobonov's rating: 1716 &rarr; <strong>1694<\/strong><br \/>(-22 for losing)\n|raw|htotoT's rating: 1680 &rarr; <strong>1702<\/strong><br \/>(+22 for winning)\n|l|\u2606bobonov\n|player|p1|\n|l|\u2606htotoT\n|player|p2|\n|l| olvrei\n","uploadtime":1730214394,"views":35,"formatid":"gen9vgc2024regh","rating":1694,"private":0,"password":null}