{"id":"gen9vgc2024regh-2233751756","format":"[Gen 9] VGC 2024 Reg H","players":["elvegis1","arkjsmith"],"log":"|j|\u2606elvegis1\n|j|\u2606arkjsmith\n|t:|1730252513\n|gametype|doubles\n|player|p1|elvegis1|lucas|1674\n|player|p2|arkjsmith|roxie|1718\n|teamsize|p1|6\n|teamsize|p2|6\n|gen|9\n|tier|[Gen 9] VGC 2024 Reg H\n|rated|\n|rule|Species Clause: Limit one of each Pok\u00e9mon\n|rule|Item Clause: Limit 1 of each item\n|clearpoke\n|poke|p1|Incineroar, L50, F|\n|poke|p1|Gholdengo, L50|\n|poke|p1|Dondozo, L50, F|\n|poke|p1|Sneasler, L50, F|\n|poke|p1|Frosmoth, L50, F|\n|poke|p1|Dusclops, L50, F|\n|poke|p2|Amoonguss, L50, F|\n|poke|p2|Porygon2, L50|\n|poke|p2|Incineroar, L50, M|\n|poke|p2|Gholdengo, L50|\n|poke|p2|Ursaluna, L50, M|\n|poke|p2|Sneasler, L50, F|\n|teampreview|4\n|inactive|Battle timer is ON: inactive players will automatically lose when time's up. (requested by arkjsmith)\n|j| homeric zaza\n|j| isurchifc\n|inactive|arkjsmith has 60 seconds left.\n|\n|t:|1730252554\n|start\n|switch|p1a: Incineroar|Incineroar, L50, F|100\/100\n|switch|p1b: Frosmoth|Frosmoth, L50, F|100\/100\n|switch|p2a: Porygon2|Porygon2, L50, shiny|100\/100\n|switch|p2b: Incineroar|Incineroar, L50, M|100\/100\n|-ability|p1a: Incineroar|Intimidate|boost\n|-unboost|p2a: Porygon2|atk|1\n|-unboost|p2b: Incineroar|atk|1\n|-ability|p2b: Incineroar|Intimidate|boost\n|-unboost|p1a: Incineroar|atk|1\n|-unboost|p1b: Frosmoth|atk|1\n|-ability|p2a: Porygon2|Download|boost\n|-boost|p2a: Porygon2|atk|1\n|turn|1\n|\n|t:|1730252572\n|-terastallize|p2a: Porygon2|Ghost\n|move|p1a: Incineroar|Fake Out|p2b: Incineroar\n|-damage|p2b: Incineroar|95\/100\n|move|p1b: Frosmoth|Quiver Dance|p1b: Frosmoth\n|-boost|p1b: Frosmoth|spa|1\n|-boost|p1b: Frosmoth|spd|1\n|-boost|p1b: Frosmoth|spe|1\n|cant|p2b: Incineroar|flinch\n|move|p2a: Porygon2|Trick Room|p2a: Porygon2\n|-fieldstart|move: Trick Room|[of] p2a: Porygon2\n|\n|upkeep\n|turn|2\n|inactive|elvegis1 has 30 seconds left.\n|inactive|elvegis1 has 20 seconds left.\n|inactive|elvegis1 has 15 seconds left.\n|inactive|elvegis1 has 10 seconds left.\n|inactive|elvegis1 has 5 seconds left.\n|\n|t:|1730252622\n|move|p1b: Frosmoth|Protect|p1b: Frosmoth\n|-singleturn|p1b: Frosmoth|Protect\n|move|p2a: Porygon2|Thunderbolt|p1a: Incineroar\n|-damage|p1a: Incineroar|82\/100\n|move|p2b: Incineroar|Flare Blitz|p1b: Frosmoth\n|-activate|p1b: Frosmoth|move: Protect\n|move|p1a: Incineroar|Parting Shot|p2b: Incineroar\n|-unboost|p2b: Incineroar|atk|1\n|-unboost|p2b: Incineroar|spa|1\n|\n|t:|1730252633\n|switch|p1a: Dondozo|Dondozo, L50, F|100\/100|[from] Parting Shot\n|\n|upkeep\n|turn|3\n|\n|t:|1730252641\n|switch|p2b: Ursaluna|Ursaluna, L50, M|100\/100\n|-terastallize|p1b: Frosmoth|Ground\n|move|p1a: Dondozo|Yawn|p2a: Porygon2\n|-start|p2a: Porygon2|move: Yawn|[of] p1a: Dondozo\n|move|p2a: Porygon2|Thunderbolt|p1a: Dondozo\n|-supereffective|p1a: Dondozo\n|-damage|p1a: Dondozo|67\/100\n|-status|p1a: Dondozo|par\n|move|p1b: Frosmoth|Tera Blast|p2b: Ursaluna|[anim] Tera Blast Ground\n|-damage|p2b: Ursaluna|44\/100\n|\n|-heal|p1a: Dondozo|73\/100 par|[from] item: Leftovers\n|-status|p2b: Ursaluna|brn|[from] item: Flame Orb\n|upkeep\n|turn|4\n|\n|t:|1730252665\n|switch|p2a: Incineroar|Incineroar, L50, M|95\/100\n|-ability|p2a: Incineroar|Intimidate|boost\n|-unboost|p1a: Dondozo|atk|1\n|-unboost|p1b: Frosmoth|atk|1\n|cant|p1a: Dondozo|par\n|move|p2b: Ursaluna|Facade|p1b: Frosmoth\n|-damage|p1b: Frosmoth|0 fnt\n|faint|p1b: Frosmoth\n|\n|-heal|p1a: Dondozo|79\/100 par|[from] item: Leftovers\n|-damage|p2b: Ursaluna|38\/100 brn|[from] brn\n|upkeep\n|\n|t:|1730252675\n|switch|p1b: Incineroar|Incineroar, L50, F|82\/100\n|-ability|p1b: Incineroar|Intimidate|boost\n|-unboost|p2a: Incineroar|atk|1\n|-unboost|p2b: Ursaluna|atk|1\n|turn|5\n|\n|t:|1730252685\n|switch|p2b: Porygon2|Porygon2, L50, shiny, tera:Ghost|100\/100\n|-ability|p2b: Porygon2|Download|boost\n|-boost|p2b: Porygon2|spa|1\n|move|p2a: Incineroar|Fake Out|p1a: Dondozo\n|-damage|p1a: Dondozo|72\/100 par\n|move|p1b: Incineroar|Fake Out|p2b: Porygon2\n|-immune|p2b: Porygon2\n|cant|p1a: Dondozo|flinch\n|\n|-heal|p1a: Dondozo|78\/100 par|[from] item: Leftovers\n|-fieldend|move: Trick Room\n|upkeep\n|turn|6\n|\n|t:|1730252700\n|move|p1b: Incineroar|Knock Off|p2b: Porygon2\n|-supereffective|p2b: Porygon2\n|-damage|p2b: Porygon2|66\/100\n|-enditem|p2b: Porygon2|Eviolite|[from] move: Knock Off|[of] p1b: Incineroar\n|move|p2a: Incineroar|Knock Off|p1b: Incineroar\n|-resisted|p1b: Incineroar\n|-damage|p1b: Incineroar|69\/100\n|-enditem|p1b: Incineroar|Sitrus Berry|[from] move: Knock Off|[of] p2a: Incineroar\n|move|p2b: Porygon2|Thunderbolt|p1a: Dondozo\n|-supereffective|p1a: Dondozo\n|-damage|p1a: Dondozo|48\/100 par\n|cant|p1a: Dondozo|par\n|\n|-heal|p1a: Dondozo|54\/100 par|[from] item: Leftovers\n|upkeep\n|turn|7\n|\n|t:|1730252721\n|move|p1a: Dondozo|Protect|p1a: Dondozo\n|-singleturn|p1a: Dondozo|Protect\n|move|p1b: Incineroar|Knock Off|p2a: Incineroar\n|-resisted|p2a: Incineroar\n|-damage|p2a: Incineroar|80\/100\n|-enditem|p2a: Incineroar|Assault Vest|[from] move: Knock Off|[of] p1b: Incineroar\n|move|p2a: Incineroar|U-turn|p1b: Incineroar\n|-damage|p1b: Incineroar|56\/100\n|\n|t:|1730252729\n|switch|p2a: Amoonguss|Amoonguss, L50, F|100\/100|[from] U-turn\n|move|p2b: Porygon2|Thunderbolt|p1a: Dondozo\n|-activate|p1a: Dondozo|move: Protect\n|\n|-heal|p1a: Dondozo|60\/100 par|[from] item: Leftovers\n|upkeep\n|turn|8\n|inactive|elvegis1 has 30 seconds left.\n|\n|t:|1730252757\n|switch|p1b: Gholdengo|Gholdengo, L50|100\/100\n|move|p2b: Porygon2|Thunderbolt|p1a: Dondozo\n|-supereffective|p1a: Dondozo\n|-damage|p1a: Dondozo|30\/100 par\n|move|p2a: Amoonguss|Spore|p1b: Gholdengo\n|-immune|p1b: Gholdengo|[from] ability: Good as Gold\n|move|p1a: Dondozo|Yawn|p2b: Porygon2\n|-start|p2b: Porygon2|move: Yawn|[of] p1a: Dondozo\n|\n|-heal|p1a: Dondozo|36\/100 par|[from] item: Leftovers\n|upkeep\n|turn|9\n|inactive|elvegis1 has 30 seconds left.\n|inactive|elvegis1 has 20 seconds left.\n|\n|t:|1730252793\n|switch|p2b: Incineroar|Incineroar, L50, M|80\/100\n|-ability|p2b: Incineroar|Intimidate|boost\n|-unboost|p1a: Dondozo|atk|1\n|-unboost|p1b: Gholdengo|atk|1\n|switch|p1a: Incineroar|Incineroar, L50, F|56\/100\n|-ability|p1a: Incineroar|Intimidate|boost\n|-unboost|p2a: Amoonguss|atk|1\n|-unboost|p2b: Incineroar|atk|1\n|move|p1b: Gholdengo|Make It Rain|p2a: Amoonguss|[spread] p2a,p2b\n|-resisted|p2b: Incineroar\n|-damage|p2a: Amoonguss|54\/100\n|-damage|p2b: Incineroar|53\/100\n|-unboost|p1b: Gholdengo|spa|1\n|move|p2a: Amoonguss|Pollen Puff|p2b: Incineroar\n|-heal|p2b: Incineroar|100\/100\n|\n|upkeep\n|turn|10\n|inactive|elvegis1 has 30 seconds left.\n|\n|t:|1730252826\n|switch|p2a: Porygon2|Porygon2, L50, shiny, tera:Ghost|66\/100\n|-ability|p2a: Porygon2|Download|boost\n|-boost|p2a: Porygon2|atk|1\n|move|p1a: Incineroar|Fake Out|p2b: Incineroar\n|-damage|p2b: Incineroar|93\/100\n|move|p1b: Gholdengo|Nasty Plot|p1b: Gholdengo\n|-boost|p1b: Gholdengo|spa|2\n|cant|p2b: Incineroar|flinch\n|\n|upkeep\n|turn|11\n|j| plplk\n|\n|t:|1730252845\n|move|p1b: Gholdengo|Shadow Ball|p2a: Porygon2\n|-supereffective|p2a: Porygon2\n|-damage|p2a: Porygon2|0 fnt\n|faint|p2a: Porygon2\n|move|p1a: Incineroar|Knock Off|p2b: Incineroar\n|-resisted|p2b: Incineroar\n|-damage|p2b: Incineroar|82\/100\n|move|p2b: Incineroar|Flare Blitz|p1b: Gholdengo\n|-supereffective|p1b: Gholdengo\n|-damage|p1b: Gholdengo|25\/100\n|-damage|p2b: Incineroar|61\/100|[from] Recoil\n|\n|upkeep\n|\n|t:|1730252850\n|switch|p2a: Amoonguss|Amoonguss, L50, F|87\/100\n|turn|12\n|\n|t:|1730252867\n|move|p1b: Gholdengo|Protect|p1b: Gholdengo\n|-singleturn|p1b: Gholdengo|Protect\n|move|p1a: Incineroar|Parting Shot|p2b: Incineroar\n|-unboost|p2b: Incineroar|atk|1\n|-unboost|p2b: Incineroar|spa|1\n|\n|t:|1730252871\n|switch|p1a: Dondozo|Dondozo, L50, F|36\/100 par|[from] Parting Shot\n|move|p2b: Incineroar|Flare Blitz|p1b: Gholdengo\n|-activate|p1b: Gholdengo|move: Protect\n|move|p2a: Amoonguss|Pollen Puff|p2b: Incineroar\n|-heal|p2b: Incineroar|100\/100\n|\n|-heal|p1a: Dondozo|42\/100 par|[from] item: Leftovers\n|upkeep\n|turn|13\n|\n|t:|1730252892\n|move|p2a: Amoonguss|Protect|p2a: Amoonguss\n|-singleturn|p2a: Amoonguss|Protect\n|move|p1b: Gholdengo|Make It Rain|p2a: Amoonguss|[spread] p2b\n|-activate|p2a: Amoonguss|move: Protect\n|-resisted|p2b: Incineroar\n|-damage|p2b: Incineroar|59\/100\n|-unboost|p1b: Gholdengo|spa|1\n|move|p2b: Incineroar|Knock Off|p1a: Dondozo\n|-damage|p1a: Dondozo|14\/100 par\n|-enditem|p1a: Dondozo|Leftovers|[from] move: Knock Off|[of] p2b: Incineroar\n|move|p1a: Dondozo|Wave Crash|p2b: Incineroar\n|-supereffective|p2b: Incineroar\n|-damage|p2b: Incineroar|0 fnt\n|faint|p2b: Incineroar\n|-damage|p1a: Dondozo|0 fnt|[from] Recoil\n|faint|p1a: Dondozo\n|\n|upkeep\n|\n|t:|1730252908\n|switch|p2b: Ursaluna|Ursaluna, L50, M|38\/100 brn\n|switch|p1a: Incineroar|Incineroar, L50, F|56\/100\n|-ability|p1a: Incineroar|Intimidate|boost\n|-unboost|p2a: Amoonguss|atk|1\n|-unboost|p2b: Ursaluna|atk|1\n|turn|14\n|\n|t:|1730252918\n|move|p2b: Ursaluna|Protect|p2b: Ursaluna\n|-singleturn|p2b: Ursaluna|Protect\n|move|p1a: Incineroar|Fake Out|p2a: Amoonguss\n|-damage|p2a: Amoonguss|78\/100\n|move|p1b: Gholdengo|Make It Rain|p2a: Amoonguss|[spread] p2a\n|-activate|p2b: Ursaluna|move: Protect\n|-damage|p2a: Amoonguss|32\/100\n|-unboost|p1b: Gholdengo|spa|1\n|-enditem|p2a: Amoonguss|Sitrus Berry|[eat]\n|-heal|p2a: Amoonguss|57\/100|[from] item: Sitrus Berry\n|cant|p2a: Amoonguss|flinch\n|\n|-damage|p2b: Ursaluna|32\/100 brn|[from] brn\n|upkeep\n|turn|15\n|\n|t:|1730252942\n|move|p1b: Gholdengo|Protect|p1b: Gholdengo\n|-singleturn|p1b: Gholdengo|Protect\n|move|p2a: Amoonguss|Rage Powder|p2a: Amoonguss\n|-singleturn|p2a: Amoonguss|move: Rage Powder\n|move|p1a: Incineroar|Flare Blitz|p2a: Amoonguss\n|-supereffective|p2a: Amoonguss\n|-damage|p2a: Amoonguss|0 fnt\n|faint|p2a: Amoonguss\n|-damage|p1a: Incineroar|35\/100|[from] Recoil\n|move|p2b: Ursaluna|Earthquake|p1a: Incineroar|[spread] p1a\n|-activate|p1b: Gholdengo|move: Protect\n|-supereffective|p1a: Incineroar\n|-damage|p1a: Incineroar|0 fnt\n|faint|p1a: Incineroar\n|\n|-damage|p2b: Ursaluna|26\/100 brn|[from] brn\n|upkeep\n|turn|16\n|c|\u2606arkjsmith|gg\n|\n|t:|1730252954\n|move|p1b: Gholdengo|Make It Rain|p2b: Ursaluna\n|-damage|p2b: Ursaluna|0 fnt\n|-unboost|p1b: Gholdengo|spa|1\n|faint|p2b: Ursaluna\n|\n|win|elvegis1\n|raw|elvegis1's rating: 1674 &rarr; <strong>1697<\/strong><br \/>(+23 for winning)\n|raw|arkjsmith's rating: 1718 &rarr; <strong>1695<\/strong><br \/>(-23 for losing)\n|c|\u2606elvegis1|Gg\n|l|\u2606arkjsmith\n|player|p2|\n|l|\u2606elvegis1\n|player|p1|\n|l| homeric zaza\n","uploadtime":1730252961,"views":17,"formatid":"gen9vgc2024regh","rating":1695,"private":0,"password":null}