{"id":"gen9vgc2024regh-2233765092","format":"[Gen 9] VGC 2024 Reg H","players":["elvegis1","Pokipls"],"log":"|j|\u2606elvegis1\n|j|\u2606Pokipls\n|t:|1730254183\n|gametype|doubles\n|player|p1|elvegis1|lucas|1697\n|player|p2|Pokipls|2|1717\n|teamsize|p1|6\n|teamsize|p2|6\n|gen|9\n|tier|[Gen 9] VGC 2024 Reg H\n|rated|\n|rule|Species Clause: Limit one of each Pok\u00e9mon\n|rule|Item Clause: Limit 1 of each item\n|clearpoke\n|poke|p1|Incineroar, L50, M|\n|poke|p1|Gholdengo, L50|\n|poke|p1|Dondozo, L50, M|\n|poke|p1|Sneasler, L50, F|\n|poke|p1|Frosmoth, L50, F|\n|poke|p1|Dusclops, L50, F|\n|poke|p2|Indeedee, L50, M|\n|poke|p2|Sneasler, L50, M|\n|poke|p2|Excadrill, L50, M|\n|poke|p2|Magmar, L50, M|\n|poke|p2|Corviknight, L50, M|\n|poke|p2|Tyranitar, L50, F|\n|teampreview|4\n|inactive|Battle timer is ON: inactive players will automatically lose when time's up. (requested by elvegis1)\n|inactive|Pokipls has 60 seconds left.\n|\n|t:|1730254243\n|start\n|switch|p1a: Dusclops|Dusclops, L50, F|100\/100\n|switch|p1b: Sneasler|Sneasler, L50, F|100\/100\n|switch|p2a: Indeedee|Indeedee, L50, M|100\/100\n|switch|p2b: Corviknight|Corviknight, L50, M|100\/100\n|-fieldstart|move: Psychic Terrain|[from] ability: Psychic Surge|[of] p2a: Indeedee\n|-enditem|p2b: Corviknight|Psychic Seed\n|-boost|p2b: Corviknight|spd|1|[from] item: Psychic Seed\n|-item|p2a: Indeedee|Choice Scarf|[from] ability: Frisk|[of] p1a: Dusclops\n|turn|1\n|\n|t:|1730254258\n|switch|p1b: Incineroar|Incineroar, L50, M|100\/100\n|-ability|p1b: Incineroar|Intimidate|boost\n|-unboost|p2a: Indeedee|atk|1\n|-ability|p2b: Corviknight|Mirror Armor\n|-unboost|p1b: Incineroar|atk|1\n|move|p2a: Indeedee|Expanding Force|p1a: Dusclops|[spread] p1a\n|-immune|p1b: Incineroar\n|-damage|p1a: Dusclops|71\/100\n|move|p2b: Corviknight|Bulk Up|p2b: Corviknight\n|-boost|p2b: Corviknight|atk|1\n|-boost|p2b: Corviknight|def|1\n|move|p1a: Dusclops|Will-O-Wisp|p2b: Corviknight\n|-status|p2b: Corviknight|brn\n|\n|-damage|p2b: Corviknight|94\/100 brn|[from] brn\n|upkeep\n|turn|2\n|j| plastic oil\n|\n|t:|1730254278\n|switch|p2a: Sneasler|Sneasler, L50, M|100\/100\n|move|p2b: Corviknight|Bulk Up|p2b: Corviknight\n|-boost|p2b: Corviknight|atk|1\n|-boost|p2b: Corviknight|def|1\n|move|p1b: Incineroar|Knock Off|p2a: Sneasler\n|-resisted|p2a: Sneasler\n|-damage|p2a: Sneasler|80\/100\n|-enditem|p2a: Sneasler|White Herb|[from] move: Knock Off|[of] p1b: Incineroar\n|move|p1a: Dusclops|Trick Room|p1a: Dusclops\n|-fieldstart|move: Trick Room|[of] p1a: Dusclops\n|\n|-damage|p2b: Corviknight|88\/100 brn|[from] brn\n|upkeep\n|turn|3\n|inactive|elvegis1 has 30 seconds left.\n|\n|t:|1730254308\n|move|p1a: Dusclops|Night Shade|p2a: Sneasler\n|-damage|p2a: Sneasler|48\/100\n|move|p1b: Incineroar|Flare Blitz|p2a: Sneasler\n|-damage|p2a: Sneasler|0 fnt\n|faint|p2a: Sneasler\n|-damage|p1b: Incineroar|89\/100|[from] Recoil\n|move|p2b: Corviknight|Bulk Up|p2b: Corviknight\n|-boost|p2b: Corviknight|atk|1\n|-boost|p2b: Corviknight|def|1\n|\n|-damage|p2b: Corviknight|82\/100 brn|[from] brn\n|upkeep\n|\n|t:|1730254321\n|switch|p2a: Tyranitar|Tyranitar, L50, F|100\/100\n|-weather|Sandstorm|[from] ability: Sand Stream|[of] p2a: Tyranitar\n|turn|4\n|\n|t:|1730254328\n|move|p1a: Dusclops|Will-O-Wisp|p2a: Tyranitar\n|-status|p2a: Tyranitar|brn\n|move|p2a: Tyranitar|Knock Off|p1a: Dusclops\n|-supereffective|p1a: Dusclops\n|-damage|p1a: Dusclops|39\/100\n|-enditem|p1a: Dusclops|Eviolite|[from] move: Knock Off|[of] p2a: Tyranitar\n|move|p1b: Incineroar|Parting Shot|p2a: Tyranitar\n|-unboost|p2a: Tyranitar|atk|1\n|-unboost|p2a: Tyranitar|spa|1\n|\n|t:|1730254340\n|switch|p1b: Dondozo|Dondozo, L50, M|100\/100|[from] Parting Shot\n|move|p2b: Corviknight|Bulk Up|p2b: Corviknight\n|-boost|p2b: Corviknight|atk|1\n|-boost|p2b: Corviknight|def|1\n|\n|-weather|Sandstorm|[upkeep]\n|-damage|p1a: Dusclops|32\/100|[from] Sandstorm\n|-damage|p1b: Dondozo|94\/100|[from] Sandstorm\n|-heal|p1b: Dondozo|100\/100|[from] item: Leftovers\n|-damage|p2a: Tyranitar|95\/100 brn|[from] brn\n|-damage|p2b: Corviknight|76\/100 brn|[from] brn\n|upkeep\n|turn|5\n|\n|t:|1730254349\n|move|p1a: Dusclops|Pain Split|p2a: Tyranitar\n|-sethp|p2a: Tyranitar|59\/100 brn|[from] move: Pain Split|[silent]\n|-sethp|p1a: Dusclops|82\/100|[from] move: Pain Split\n|move|p1b: Dondozo|Wave Crash|p2a: Tyranitar\n|-supereffective|p2a: Tyranitar\n|-damage|p2a: Tyranitar|0 fnt\n|faint|p2a: Tyranitar\n|-damage|p1b: Dondozo|84\/100|[from] Recoil\n|move|p2b: Corviknight|Roost|p2b: Corviknight\n|-heal|p2b: Corviknight|100\/100 brn\n|-singleturn|p2b: Corviknight|move: Roost\n|\n|-weather|Sandstorm|[upkeep]\n|-damage|p1a: Dusclops|76\/100|[from] Sandstorm\n|-damage|p1b: Dondozo|78\/100|[from] Sandstorm\n|-heal|p1b: Dondozo|84\/100|[from] item: Leftovers\n|-damage|p2b: Corviknight|94\/100 brn|[from] brn\n|-fieldend|move: Psychic Terrain\n|upkeep\n|\n|t:|1730254355\n|switch|p2a: Indeedee|Indeedee, L50, M|100\/100\n|-fieldstart|move: Psychic Terrain|[from] ability: Psychic Surge|[of] p2a: Indeedee\n|turn|6\n|\n|t:|1730254371\n|move|p1a: Dusclops|Will-O-Wisp|p2a: Indeedee\n|-status|p2a: Indeedee|brn\n|move|p1b: Dondozo|Wave Crash|p2a: Indeedee\n|-damage|p2a: Indeedee|0 fnt\n|faint|p2a: Indeedee\n|-damage|p1b: Dondozo|66\/100|[from] Recoil\n|move|p2b: Corviknight|Bulk Up|p2b: Corviknight\n|-boost|p2b: Corviknight|atk|1\n|-boost|p2b: Corviknight|def|1\n|\n|-weather|Sandstorm|[upkeep]\n|-damage|p1a: Dusclops|70\/100|[from] Sandstorm\n|-damage|p1b: Dondozo|60\/100|[from] Sandstorm\n|-heal|p1b: Dondozo|66\/100|[from] item: Leftovers\n|-damage|p2b: Corviknight|88\/100 brn|[from] brn\n|-fieldend|move: Trick Room\n|upkeep\n|turn|7\n|\n|t:|1730254386\n|move|p2b: Corviknight|Bulk Up|p2b: Corviknight\n|-boost|p2b: Corviknight|atk|1\n|-boost|p2b: Corviknight|def|1\n|move|p1a: Dusclops|Night Shade|p2b: Corviknight\n|-damage|p2b: Corviknight|63\/100 brn\n|move|p1b: Dondozo|Avalanche|p2b: Corviknight\n|-damage|p2b: Corviknight|49\/100 brn\n|\n|-weather|Sandstorm|[upkeep]\n|-damage|p1b: Dondozo|60\/100|[from] Sandstorm\n|-damage|p1a: Dusclops|64\/100|[from] Sandstorm\n|-heal|p1b: Dondozo|66\/100|[from] item: Leftovers\n|-damage|p2b: Corviknight|43\/100 brn|[from] brn\n|upkeep\n|turn|8\n|c|\u2606elvegis1|Unaware dondozo\n|\n|t:|1730254401\n|move|p2b: Corviknight|Roost|p2b: Corviknight\n|-heal|p2b: Corviknight|93\/100 brn\n|-singleturn|p2b: Corviknight|move: Roost\n|move|p1b: Dondozo|Wave Crash|p2b: Corviknight\n|-damage|p2b: Corviknight|50\/100 brn\n|-damage|p1b: Dondozo|55\/100|[from] Recoil\n|move|p1a: Dusclops|Night Shade|p2b: Corviknight\n|-damage|p2b: Corviknight|25\/100 brn\n|\n|-weather|none\n|-heal|p1b: Dondozo|61\/100|[from] item: Leftovers\n|-damage|p2b: Corviknight|19\/100 brn|[from] brn\n|upkeep\n|turn|9\n|\n|t:|1730254416\n|move|p2b: Corviknight|Roost|p2b: Corviknight\n|-heal|p2b: Corviknight|69\/100 brn\n|-singleturn|p2b: Corviknight|move: Roost\n|move|p1b: Dondozo|Wave Crash|p2b: Corviknight\n|-damage|p2b: Corviknight|24\/100 brn\n|-damage|p1b: Dondozo|49\/100|[from] Recoil\n|move|p1a: Dusclops|Night Shade|p2b: Corviknight\n|-damage|p2b: Corviknight|0 fnt\n|faint|p2b: Corviknight\n|\n|win|elvegis1\n|raw|elvegis1's rating: 1697 &rarr; <strong>1718<\/strong><br \/>(+21 for winning)\n|raw|Pokipls's rating: 1717 &rarr; <strong>1696<\/strong><br \/>(-21 for losing)\n|l|\u2606Pokipls\n|player|p2|\n|l| plastic oil\n|l|\u2606elvegis1\n|player|p1|\n|j|\u2606Pokipls\n|player|p2|Pokipls|2|\n|l|\u2606Pokipls\n|player|p2|\n","uploadtime":1730254639,"views":14,"formatid":"gen9vgc2024regh","rating":1696,"private":0,"password":null}