{"id":"gen9vgc2024regh-2233356669","format":"[Gen 9] VGC 2024 Reg H","players":["Kunikamaze","FireRedzzz"],"log":"|j|\u2606Kunikamaze\n|j|\u2606FireRedzzz\n|t:|1730214334\n|gametype|doubles\n|player|p1|Kunikamaze|170|1760\n|player|p2|FireRedzzz|ethan|1684\n|teamsize|p1|6\n|teamsize|p2|6\n|gen|9\n|tier|[Gen 9] VGC 2024 Reg H\n|rated|\n|rule|Species Clause: Limit one of each Pok\u00e9mon\n|rule|Item Clause: Limit 1 of each item\n|clearpoke\n|poke|p1|Sneasler, L50, F|\n|poke|p1|Dondozo, L50, M|\n|poke|p1|Baxcalibur, L50, F|\n|poke|p1|Volcarona, L50, M|\n|poke|p1|Rillaboom, L50, M|\n|poke|p1|Kingambit, L50, M|\n|poke|p2|Rillaboom, L50, M|\n|poke|p2|Gholdengo, L50|\n|poke|p2|Kingambit, L50, M|\n|poke|p2|Ursaluna-Bloodmoon, L50, M|\n|poke|p2|Whimsicott, L50, M|\n|poke|p2|Dragonite, L50, M|\n|teampreview|4\nFireRedzzz has agreed to open team sheets.\n|inactive|Battle timer is ON: inactive players will automatically lose when time's up. (requested by FireRedzzz)\n|j| Tian15\n|inactive|Kunikamaze has 60 seconds left.\n|\n|t:|1730214375\n|start\n|switch|p1a: Sneasler|Sneasler, L50, F|100\/100\n|switch|p1b: Kingambit|Kingambit, L50, M|100\/100\n|switch|p2a: Dragonite|Dragonite, L50, M|100\/100\n|switch|p2b: Whimsicott|Whimsicott, L50, M|100\/100\n|turn|1\n|inactive|Kunikamaze has 30 seconds left.\n|inactive|FireRedzzz has 30 seconds left.\n|inactive|FireRedzzz has 20 seconds left.\n|inactive|FireRedzzz has 15 seconds left.\n|\n|t:|1730214417\n|-terastallize|p2a: Dragonite|Flying\n|-terastallize|p1b: Kingambit|Flying\n|move|p2b: Whimsicott|Tailwind|p2b: Whimsicott\n|-sidestart|p2: FireRedzzz|move: Tailwind\n|move|p2a: Dragonite|Tera Blast|p1a: Sneasler|[anim] Tera Blast Flying\n|-supereffective|p1a: Sneasler\n|-enditem|p1a: Sneasler|Focus Sash\n|-damage|p1a: Sneasler|1\/100\n|move|p1a: Sneasler|Dire Claw|p2a: Dragonite\n|-damage|p2a: Dragonite|77\/100\n|-status|p2a: Dragonite|slp\n|-enditem|p2a: Dragonite|Lum Berry|[eat]\n|-curestatus|p2a: Dragonite|slp|[msg]\n|move|p1b: Kingambit|Kowtow Cleave|p2a: Dragonite\n|-damage|p2a: Dragonite|26\/100\n|\n|upkeep\n|turn|2\n|inactive|Kunikamaze has 30 seconds left.\n|inactive|FireRedzzz has 30 seconds left.\n|inactive|Kunikamaze has 20 seconds left.\n|inactive|FireRedzzz has 20 seconds left.\n|inactive|FireRedzzz has 15 seconds left.\n|inactive|Kunikamaze has 15 seconds left.\n|inactive|FireRedzzz has 10 seconds left.\n|\n|t:|1730214463\n|switch|p2b: Kingambit|Kingambit, L50, M|100\/100\n|move|p1a: Sneasler|Protect|p1a: Sneasler\n|-singleturn|p1a: Sneasler|Protect\n|move|p2a: Dragonite|Extreme Speed|p1b: Kingambit\n|-damage|p1b: Kingambit|77\/100\n|move|p1b: Kingambit|Kowtow Cleave|p2a: Dragonite\n|-damage|p2a: Dragonite|0 fnt\n|faint|p2a: Dragonite\n|\n|upkeep\n|\n|t:|1730214476\n|switch|p2a: Ursaluna|Ursaluna-Bloodmoon, L50, M|100\/100\n|turn|3\n|\n|t:|1730214493\n|move|p1a: Sneasler|Coaching|p1b: Kingambit\n|-boost|p1b: Kingambit|atk|1\n|-boost|p1b: Kingambit|def|1\n|move|p2b: Kingambit|Kowtow Cleave|p1b: Kingambit\n|-damage|p1b: Kingambit|53\/100\n|move|p2a: Ursaluna|Hyper Voice|p1a: Sneasler|[spread] p1a,p1b\n|-damage|p1a: Sneasler|0 fnt\n|-damage|p1b: Kingambit|19\/100\n|faint|p1a: Sneasler\n|-damage|p2a: Ursaluna|91\/100|[from] item: Life Orb\n|move|p1b: Kingambit|Kowtow Cleave|p2a: Ursaluna\n|-damage|p2a: Ursaluna|27\/100\n|\n|upkeep\n|inactive|Kunikamaze has 30 seconds left.\n|inactive|Kunikamaze has 20 seconds left.\n|\n|t:|1730214529\n|switch|p1a: Volcarona|Volcarona, L50, M|100\/100\n|turn|4\n|\n|t:|1730214548\n|switch|p1b: Rillaboom|Rillaboom, L50, M|100\/100\n|-fieldstart|move: Grassy Terrain|[from] ability: Grassy Surge|[of] p1b: Rillaboom\n|-enditem|p1a: Volcarona|Grassy Seed\n|-boost|p1a: Volcarona|def|1|[from] item: Grassy Seed\n|move|p2b: Kingambit|Sucker Punch||[still]\n|-fail|p2b: Kingambit\n|move|p2a: Ursaluna|Blood Moon|p1a: Volcarona\n|-damage|p1a: Volcarona|11\/100\n|-damage|p2a: Ursaluna|18\/100|[from] item: Life Orb\n|move|p1a: Volcarona|Quiver Dance|p1a: Volcarona\n|-boost|p1a: Volcarona|spa|1\n|-boost|p1a: Volcarona|spd|1\n|-boost|p1a: Volcarona|spe|1\n|\n|-heal|p2a: Ursaluna|24\/100|[from] Grassy Terrain\n|-heal|p1a: Volcarona|17\/100|[from] Grassy Terrain\n|-sideend|p2: FireRedzzz|move: Tailwind\n|upkeep\n|turn|5\n|j| traxler counter\n|inactive|FireRedzzz has 30 seconds left.\n|\n|t:|1730214573\n|move|p1a: Volcarona|Protect|p1a: Volcarona\n|-singleturn|p1a: Volcarona|Protect\n|move|p2b: Kingambit|Protect|p2b: Kingambit\n|-singleturn|p2b: Kingambit|Protect\n|move|p2a: Ursaluna|Protect|p2a: Ursaluna\n|-singleturn|p2a: Ursaluna|Protect\n|move|p1b: Rillaboom|High Horsepower|p2b: Kingambit\n|-activate|p2b: Kingambit|move: Protect\n|\n|-heal|p1a: Volcarona|23\/100|[from] Grassy Terrain\n|-heal|p2a: Ursaluna|30\/100|[from] Grassy Terrain\n|upkeep\n|turn|6\n|inactive|FireRedzzz has 30 seconds left.\n|\n|t:|1730214607\n|switch|p2a: Whimsicott|Whimsicott, L50, M|100\/100\n|move|p1a: Volcarona|Protect|p1a: Volcarona\n|-singleturn|p1a: Volcarona|Protect\n|move|p2b: Kingambit|Sucker Punch||[still]\n|-fail|p2b: Kingambit\n|move|p1b: Rillaboom|High Horsepower|p2a: Whimsicott\n|-resisted|p2a: Whimsicott\n|-damage|p2a: Whimsicott|70\/100\n|\n|-heal|p1a: Volcarona|30\/100|[from] Grassy Terrain\n|-heal|p2a: Whimsicott|76\/100|[from] Grassy Terrain\n|upkeep\n|turn|7\n|\n|t:|1730214630\n|move|p2a: Whimsicott|Encore|p1a: Volcarona\n|-start|p1a: Volcarona|Encore\n|move|p1a: Volcarona|Protect|p1a: Volcarona\n|-singleturn|p1a: Volcarona|Protect\n|move|p1b: Rillaboom|High Horsepower|p2b: Kingambit\n|-supereffective|p2b: Kingambit\n|-damage|p2b: Kingambit|13\/100\n|move|p2b: Kingambit|Kowtow Cleave|p1b: Rillaboom\n|-damage|p1b: Rillaboom|50\/100\n|\n|-heal|p1a: Volcarona|36\/100|[from] Grassy Terrain\n|-heal|p2a: Whimsicott|82\/100|[from] Grassy Terrain\n|-heal|p1b: Rillaboom|57\/100|[from] Grassy Terrain\n|-heal|p2b: Kingambit|19\/100|[from] Grassy Terrain\n|upkeep\n|turn|8\n|inactive|Kunikamaze has 30 seconds left.\n|\n|t:|1730214659\n|switch|p1b: Kingambit|Kingambit, L50, M, tera:Flying|19\/100\n|move|p1a: Volcarona|Protect||[still]\n|-fail|p1a: Volcarona\n|move|p2b: Kingambit|Protect|p2b: Kingambit\n|-singleturn|p2b: Kingambit|Protect\n|move|p2a: Whimsicott|Moonblast|p1b: Kingambit\n|-damage|p1b: Kingambit|3\/100\n|-unboost|p1b: Kingambit|spa|1\n|-ability|p1b: Kingambit|Defiant|boost\n|-boost|p1b: Kingambit|atk|2\n|\n|-heal|p1a: Volcarona|42\/100|[from] Grassy Terrain\n|-heal|p2a: Whimsicott|88\/100|[from] Grassy Terrain\n|-heal|p2b: Kingambit|25\/100|[from] Grassy Terrain\n|-fieldend|move: Grassy Terrain\n|upkeep\n|turn|9\n|\n|t:|1730214683\n|move|p1a: Volcarona|Protect|p1a: Volcarona\n|-singleturn|p1a: Volcarona|Protect\n|move|p2a: Whimsicott|Tailwind|p2a: Whimsicott\n|-sidestart|p2: FireRedzzz|move: Tailwind\n|move|p2b: Kingambit|Sucker Punch|p1b: Kingambit\n|-damage|p1b: Kingambit|0 fnt\n|faint|p1b: Kingambit\n|\n|-end|p1a: Volcarona|Encore\n|upkeep\n|\n|t:|1730214690\n|switch|p1b: Rillaboom|Rillaboom, L50, M|57\/100\n|-fieldstart|move: Grassy Terrain|[from] ability: Grassy Surge|[of] p1b: Rillaboom\n|turn|10\n|\n|t:|1730214704\n|move|p2b: Kingambit|Protect|p2b: Kingambit\n|-singleturn|p2b: Kingambit|Protect\n|move|p1a: Volcarona|Protect||[still]\n|-fail|p1a: Volcarona\n|move|p2a: Whimsicott|Encore|p1a: Volcarona\n|-start|p1a: Volcarona|Encore\n|move|p1b: Rillaboom|Wood Hammer|p2a: Whimsicott\n|-resisted|p2a: Whimsicott\n|-damage|p2a: Whimsicott|17\/100\n|-damage|p1b: Rillaboom|36\/100|[from] Recoil\n|\n|-heal|p2a: Whimsicott|24\/100|[from] Grassy Terrain\n|-heal|p2b: Kingambit|32\/100|[from] Grassy Terrain\n|-heal|p1a: Volcarona|48\/100|[from] Grassy Terrain\n|-heal|p1b: Rillaboom|43\/100|[from] Grassy Terrain\n|upkeep\n|turn|11\n|inactive|FireRedzzz has 30 seconds left.\n|\n|t:|1730214733\n|move|p1a: Volcarona|Protect|p1a: Volcarona\n|-singleturn|p1a: Volcarona|Protect\n|move|p2b: Kingambit|Sucker Punch|p1b: Rillaboom\n|-damage|p1b: Rillaboom|0 fnt\n|faint|p1b: Rillaboom\n|move|p2a: Whimsicott|Moonblast|p1a: Volcarona\n|-activate|p1a: Volcarona|move: Protect\n|\n|-heal|p2a: Whimsicott|30\/100|[from] Grassy Terrain\n|-heal|p2b: Kingambit|38\/100|[from] Grassy Terrain\n|-heal|p1a: Volcarona|55\/100|[from] Grassy Terrain\n|upkeep\n|turn|12\n|-message|Kunikamaze forfeited.\n|\n|win|FireRedzzz\n|raw|Kunikamaze's rating: 1760 &rarr; <strong>1736<\/strong><br \/>(-24 for losing)\n|raw|FireRedzzz's rating: 1684 &rarr; <strong>1708<\/strong><br \/>(+24 for winning)\n|l|\u2606Kunikamaze\n|player|p1|\n|l| traxler counter\n|l|\u2606FireRedzzz\n|player|p2|\n|l| Tian15\n","uploadtime":1730214948,"views":15,"formatid":"gen9vgc2024regh","rating":1708,"private":0,"password":null}