{"id":"gen9vgc2024regh-2233362313","format":"[Gen 9] VGC 2024 Reg H","players":["bluestraggler01","htotoT"],"log":"|j|\u2606bluestraggler01\n|j|\u2606htotoT\n|t:|1730214821\n|gametype|doubles\n|player|p1|bluestraggler01|169|1800\n|player|p2|htotoT|102|1726\n|teamsize|p1|6\n|teamsize|p2|6\n|gen|9\n|tier|[Gen 9] VGC 2024 Reg H\n|rated|\n|rule|Species Clause: Limit one of each Pok\u00e9mon\n|rule|Item Clause: Limit 1 of each item\n|clearpoke\n|poke|p1|Talonflame, L50, F|\n|poke|p1|Krookodile, L50, M|\n|poke|p1|Archaludon, L50, F|\n|poke|p1|Pelipper, L50, M|\n|poke|p1|Annihilape, L50, M|\n|poke|p1|Brambleghast, L50, F|\n|poke|p2|Gholdengo, L50|\n|poke|p2|Murkrow, L50, F|\n|poke|p2|Pelipper, L50, M|\n|poke|p2|Archaludon, L50, M|\n|poke|p2|Amoonguss, L50, F|\n|poke|p2|Basculegion-F, L50, F|\n|teampreview|4\n|inactive|Battle timer is ON: inactive players will automatically lose when time's up. (requested by htotoT)\n|\n|t:|1730214847\n|start\n|switch|p1a: \u773c\u5f71\u4e01\u771f|Krookodile, L50, M|100\/100\n|switch|p1b: \u7ffc\u9e70\u4e01\u771f|Talonflame, L50, F|100\/100\n|switch|p2a: Murkrow|Murkrow, L50, F|100\/100\n|switch|p2b: Gholdengo|Gholdengo, L50|100\/100\n|-ability|p1a: \u773c\u5f71\u4e01\u771f|Intimidate|boost\n|-unboost|p2a: Murkrow|atk|1\n|-unboost|p2b: Gholdengo|atk|1\n|turn|1\n|inactive|htotoT has 30 seconds left.\n|j| iiagme\n|\n|t:|1730214880\n|switch|p2b: Pelipper|Pelipper, L50, M|100\/100\n|-weather|RainDance|[from] ability: Drizzle|[of] p2b: Pelipper\n|move|p1b: \u7ffc\u9e70\u4e01\u771f|Tailwind|p1b: \u7ffc\u9e70\u4e01\u771f\n|-sidestart|p1: bluestraggler01|move: Tailwind\n|move|p1a: \u773c\u5f71\u4e01\u771f|High Horsepower|p2b: Pelipper\n|-immune|p2b: Pelipper\n|move|p2a: Murkrow|Foul Play|p1b: \u7ffc\u9e70\u4e01\u771f\n|-damage|p1b: \u7ffc\u9e70\u4e01\u771f|65\/100\n|\n|-weather|RainDance|[upkeep]\n|upkeep\n|turn|2\n|inactive|htotoT has 30 seconds left.\n|inactive|htotoT has 20 seconds left.\n|\n|t:|1730214917\n|switch|p1a: \u5e7d\u9b47\u4e01\u771f|Brambleghast, L50, F|100\/100\n|-ability|p1a: \u5e7d\u9b47\u4e01\u771f|Wind Rider|boost\n|-boost|p1a: \u5e7d\u9b47\u4e01\u771f|atk|1\n|switch|p2b: Archaludon|Archaludon, L50, M|100\/100\n|move|p1b: \u7ffc\u9e70\u4e01\u771f|Hurricane|p2b: Archaludon\n|-resisted|p2b: Archaludon\n|-damage|p2b: Archaludon|79\/100\n|-start|p2b: Archaludon|confusion\n|-ability|p2b: Archaludon|Stamina|boost\n|-boost|p2b: Archaludon|def|1\n|move|p2a: Murkrow|Foul Play|p1b: \u7ffc\u9e70\u4e01\u771f\n|-damage|p1b: \u7ffc\u9e70\u4e01\u771f|30\/100\n|\n|-weather|RainDance|[upkeep]\n|upkeep\n|turn|3\n|l| iiagme\n|j| olvrei\n|inactive|htotoT has 30 seconds left.\n|\n|t:|1730214949\n|switch|p1b: \u786c\u6cbf\u4e01\u771f|Archaludon, L50, F|100\/100\n|move|p1a: \u5e7d\u9b47\u4e01\u771f|Protect|p1a: \u5e7d\u9b47\u4e01\u771f\n|-singleturn|p1a: \u5e7d\u9b47\u4e01\u771f|Protect\n|move|p2a: Murkrow|Tailwind|p2a: Murkrow\n|-sidestart|p2: htotoT|move: Tailwind\n|-activate|p2b: Archaludon|confusion\n|move|p2b: Archaludon|Electro Shot||[still]\n|-prepare|p2b: Archaludon|Electro Shot\n|-boost|p2b: Archaludon|spa|1\n|-anim|p2b: Archaludon|Electro Shot|p1b: \u786c\u6cbf\u4e01\u771f\n|-resisted|p1b: \u786c\u6cbf\u4e01\u771f\n|-damage|p1b: \u786c\u6cbf\u4e01\u771f|75\/100\n|-ability|p1b: \u786c\u6cbf\u4e01\u771f|Stamina|boost\n|-boost|p1b: \u786c\u6cbf\u4e01\u771f|def|1\n|\n|-weather|RainDance|[upkeep]\n|upkeep\n|turn|4\n|\n|t:|1730214960\n|-terastallize|p1a: \u5e7d\u9b47\u4e01\u771f|Ghost\n|-activate|p2b: Archaludon|confusion\n|move|p2b: Archaludon|Aura Sphere|p1b: \u786c\u6cbf\u4e01\u771f\n|-supereffective|p1b: \u786c\u6cbf\u4e01\u771f\n|-damage|p1b: \u786c\u6cbf\u4e01\u771f|16\/100\n|-ability|p1b: \u786c\u6cbf\u4e01\u771f|Stamina|boost\n|-boost|p1b: \u786c\u6cbf\u4e01\u771f|def|1\n|move|p1a: \u5e7d\u9b47\u4e01\u771f|Poltergeist|p2b: Archaludon\n|-activate|p2b: Archaludon|move: Poltergeist|Assault Vest\n|-damage|p2b: Archaludon|0 fnt\n|faint|p2b: Archaludon\n|-damage|p1a: \u5e7d\u9b47\u4e01\u771f|91\/100|[from] item: Life Orb\n|move|p2a: Murkrow|Foul Play|p1a: \u5e7d\u9b47\u4e01\u771f\n|-supereffective|p1a: \u5e7d\u9b47\u4e01\u771f\n|-damage|p1a: \u5e7d\u9b47\u4e01\u771f|0 fnt\n|faint|p1a: \u5e7d\u9b47\u4e01\u771f\n|move|p1b: \u786c\u6cbf\u4e01\u771f|Electro Shot||[still]\n|-prepare|p1b: \u786c\u6cbf\u4e01\u771f|Electro Shot\n|-boost|p1b: \u786c\u6cbf\u4e01\u771f|spa|1\n|-anim|p1b: \u786c\u6cbf\u4e01\u771f|Electro Shot|p2a: Murkrow\n|-supereffective|p2a: Murkrow\n|-damage|p2a: Murkrow|0 fnt\n|faint|p2a: Murkrow\n|\n|-weather|RainDance|[upkeep]\n|-sideend|p1: bluestraggler01|move: Tailwind\n|upkeep\n|inactive|bluestraggler01 has 30 seconds left.\n|\n|t:|1730214986\n|switch|p2b: Pelipper|Pelipper, L50, M|100\/100\n|switch|p1a: \u773c\u5f71\u4e01\u771f|Krookodile, L50, M|100\/100\n|switch|p2a: Gholdengo|Gholdengo, L50|100\/100\n|-ability|p1a: \u773c\u5f71\u4e01\u771f|Intimidate|boost\n|-unboost|p2a: Gholdengo|atk|1\n|-unboost|p2b: Pelipper|atk|1\n|turn|5\n|\n|t:|1730214992\n|-terastallize|p2a: Gholdengo|Steel\n|move|p2a: Gholdengo|Make It Rain|p1a: \u773c\u5f71\u4e01\u771f|[spread] p1a,p1b\n|-resisted|p1b: \u786c\u6cbf\u4e01\u771f\n|-damage|p1a: \u773c\u5f71\u4e01\u771f|0 fnt\n|-damage|p1b: \u786c\u6cbf\u4e01\u771f|0 fnt\n|-unboost|p2a: Gholdengo|spa|1\n|faint|p1a: \u773c\u5f71\u4e01\u771f\n|faint|p1b: \u786c\u6cbf\u4e01\u771f\n|move|p2b: Pelipper|Weather Ball|p1: \u773c\u5f71\u4e01\u771f|[notarget]\n|-fail|p2b: Pelipper\n|\n|-weather|none\n|upkeep\n|-message|bluestraggler01 forfeited.\n|\n|win|htotoT\n|raw|bluestraggler01's rating: 1800 &rarr; <strong>1776<\/strong><br \/>(-24 for losing)\n|raw|htotoT's rating: 1726 &rarr; <strong>1750<\/strong><br \/>(+24 for winning)\n|l|\u2606bluestraggler01\n|player|p1|\n|l|\u2606htotoT\n|player|p2|\n|l| olvrei\n","uploadtime":1730215225,"views":35,"formatid":"gen9vgc2024regh","rating":1750,"private":0,"password":null}