{"id":"gen9vgc2024regh-2233371259","format":"[Gen 9] VGC 2024 Reg H","players":["bluestraggler01","YwzDYan"],"log":"|j|\u2606bluestraggler01\n|j|\u2606YwzDYan\n|t:|1730215601\n|gametype|doubles\n|player|p1|bluestraggler01|169|1799\n|player|p2|YwzDYan|roxie|1807\n|teamsize|p1|6\n|teamsize|p2|6\n|gen|9\n|tier|[Gen 9] VGC 2024 Reg H\n|rated|\n|rule|Species Clause: Limit one of each Pok\u00e9mon\n|rule|Item Clause: Limit 1 of each item\n|clearpoke\n|poke|p1|Talonflame, L50, M|\n|poke|p1|Krookodile, L50, M|\n|poke|p1|Archaludon, L50, M|\n|poke|p1|Pelipper, L50, M|\n|poke|p1|Annihilape, L50, M|\n|poke|p1|Brambleghast, L50, M|\n|poke|p2|Pelipper, L50, F|\n|poke|p2|Annihilape, L50, M|\n|poke|p2|Sinistcha-Masterpiece, L50|\n|poke|p2|Archaludon, L50, F|\n|poke|p2|Whimsicott, L50, M|\n|poke|p2|Slowbro, L50, M|\n|teampreview|4\n|inactive|Battle timer is ON: inactive players will automatically lose when time's up. (requested by YwzDYan)\nbluestraggler01 rejected open team sheets.\n|inactive|YwzDYan has 60 seconds left.\n|\n|t:|1730215658\n|start\n|switch|p1a: \u592d\u733f\u4e01\u771f|Annihilape, L50, M|100\/100\n|switch|p1b: \u7ffc\u9e70\u4e01\u771f|Talonflame, L50, M|100\/100\n|switch|p2a: Sinistcha|Sinistcha-Masterpiece, L50, shiny|100\/100\n|switch|p2b: Annihilape|Annihilape, L50, M|100\/100\n|turn|1\n|\n|t:|1730215669\n|switch|p2b: Archaludon|Archaludon, L50, F, shiny|100\/100\n|-terastallize|p2a: Sinistcha|Dark\n|move|p1b: \u7ffc\u9e70\u4e01\u771f|Heat Wave|p2b: Archaludon|[spread] p2a,p2b\n|-damage|p2a: Sinistcha|78\/100\n|-damage|p2b: Archaludon|85\/100\n|-ability|p2b: Archaludon|Stamina|boost\n|-boost|p2b: Archaludon|def|1\n|move|p1a: \u592d\u733f\u4e01\u771f|Taunt|p2b: Archaludon\n|-start|p2b: Archaludon|move: Taunt\n|move|p2a: Sinistcha|Trick Room|p2a: Sinistcha\n|-fieldstart|move: Trick Room|[of] p2a: Sinistcha\n|\n|upkeep\n|turn|2\n|inactive|bluestraggler01 has 30 seconds left.\n|inactive|YwzDYan has 30 seconds left.\n|\n|t:|1730215698\n|-terastallize|p1a: \u592d\u733f\u4e01\u771f|Grass\n|move|p2a: Sinistcha|Shadow Ball|p1a: \u592d\u733f\u4e01\u771f\n|-damage|p1a: \u592d\u733f\u4e01\u771f|67\/100\n|move|p2b: Archaludon|Flash Cannon|p1a: \u592d\u733f\u4e01\u771f\n|-damage|p1a: \u592d\u733f\u4e01\u771f|38\/100\n|move|p1a: \u592d\u733f\u4e01\u771f|Final Gambit|p2b: Archaludon\n|-damage|p2b: Archaludon|45\/100\n|-ability|p2b: Archaludon|Stamina|boost\n|-boost|p2b: Archaludon|def|1\n|faint|p1a: \u592d\u733f\u4e01\u771f\n|move|p1b: \u7ffc\u9e70\u4e01\u771f|Heat Wave|p2b: Archaludon|[spread] p2a,p2b\n|-damage|p2a: Sinistcha|58\/100\n|-damage|p2b: Archaludon|31\/100\n|-ability|p2b: Archaludon|Stamina|boost\n|-boost|p2b: Archaludon|def|1\n|\n|upkeep\n|\n|t:|1730215710\n|switch|p1a: \u786c\u6cbf\u4e01\u771f|Archaludon, L50, M|100\/100\n|turn|3\n|\n|t:|1730215726\n|switch|p2a: Whimsicott|Whimsicott, L50, M|100\/100\n|switch|p1a: \u5e7d\u9b47\u4e01\u771f|Brambleghast, L50, M|100\/100\n|move|p2b: Archaludon|Body Press|p1a: \u5e7d\u9b47\u4e01\u771f\n|-immune|p1a: \u5e7d\u9b47\u4e01\u771f\n|move|p1b: \u7ffc\u9e70\u4e01\u771f|Heat Wave|p2a: Whimsicott|[spread] p2a,p2b\n|-supereffective|p2a: Whimsicott\n|-damage|p2a: Whimsicott|7\/100\n|-damage|p2b: Archaludon|15\/100\n|-status|p2a: Whimsicott|brn\n|-ability|p2b: Archaludon|Stamina|boost\n|-boost|p2b: Archaludon|def|1\n|\n|-damage|p2a: Whimsicott|1\/100 brn|[from] brn\n|-end|p2b: Archaludon|move: Taunt\n|upkeep\n|turn|4\n|\n|t:|1730215747\n|switch|p2a: Sinistcha|Sinistcha-Masterpiece, L50, shiny, tera:Dark|58\/100\n|-heal|p2b: Archaludon|40\/100|[from] ability: Hospitality|[of] p2a: Sinistcha\n|move|p1a: \u5e7d\u9b47\u4e01\u771f|Shadow Sneak|p2b: Archaludon\n|-crit|p2b: Archaludon\n|-damage|p2b: Archaludon|12\/100\n|-ability|p2b: Archaludon|Stamina|boost\n|-boost|p2b: Archaludon|def|1\n|-damage|p1a: \u5e7d\u9b47\u4e01\u771f|91\/100|[from] item: Life Orb\n|move|p1b: \u7ffc\u9e70\u4e01\u771f|Hurricane|p2b: Archaludon\n|-resisted|p2b: Archaludon\n|-damage|p2b: Archaludon|1\/100\n|-ability|p2b: Archaludon|Stamina|boost\n|-boost|p2b: Archaludon|def|1\n|move|p2b: Archaludon|Snarl|p1b: \u7ffc\u9e70\u4e01\u771f|[spread] p1a,p1b\n|-supereffective|p1a: \u5e7d\u9b47\u4e01\u771f\n|-crit|p1a: \u5e7d\u9b47\u4e01\u771f\n|-crit|p1b: \u7ffc\u9e70\u4e01\u771f\n|-damage|p1a: \u5e7d\u9b47\u4e01\u771f|28\/100\n|-damage|p1b: \u7ffc\u9e70\u4e01\u771f|75\/100\n|-unboost|p1a: \u5e7d\u9b47\u4e01\u771f|spa|1\n|-unboost|p1b: \u7ffc\u9e70\u4e01\u771f|spa|1\n|\n|upkeep\n|turn|5\n|inactive|YwzDYan has 30 seconds left.\n|\n|t:|1730215774\n|move|p1a: \u5e7d\u9b47\u4e01\u771f|Protect|p1a: \u5e7d\u9b47\u4e01\u771f\n|-singleturn|p1a: \u5e7d\u9b47\u4e01\u771f|Protect\n|move|p2a: Sinistcha|Rage Powder|p2a: Sinistcha\n|-singleturn|p2a: Sinistcha|move: Rage Powder\n|move|p2b: Archaludon|Snarl|p1a: \u5e7d\u9b47\u4e01\u771f|[spread] p1b\n|-activate|p1a: \u5e7d\u9b47\u4e01\u771f|move: Protect\n|-damage|p1b: \u7ffc\u9e70\u4e01\u771f|56\/100\n|-unboost|p1b: \u7ffc\u9e70\u4e01\u771f|spa|1\n|move|p1b: \u7ffc\u9e70\u4e01\u771f|Tailwind|p1b: \u7ffc\u9e70\u4e01\u771f\n|-sidestart|p1: bluestraggler01|move: Tailwind\n|-ability|p1a: \u5e7d\u9b47\u4e01\u771f|Wind Rider|boost\n|-boost|p1a: \u5e7d\u9b47\u4e01\u771f|atk|1\n|\n|-fieldend|move: Trick Room\n|upkeep\n|turn|6\n|\n|t:|1730215789\n|move|p2a: Sinistcha|Rage Powder|p2a: Sinistcha\n|-singleturn|p2a: Sinistcha|move: Rage Powder\n|move|p1b: \u7ffc\u9e70\u4e01\u771f|Heat Wave|p2b: Archaludon|[spread] p2a,p2b\n|-damage|p2a: Sinistcha|47\/100\n|-damage|p2b: Archaludon|0 fnt\n|faint|p2b: Archaludon\n|move|p1a: \u5e7d\u9b47\u4e01\u771f|Power Whip|p2a: Sinistcha\n|-damage|p2a: Sinistcha|0 fnt\n|faint|p2a: Sinistcha\n|-damage|p1a: \u5e7d\u9b47\u4e01\u771f|18\/100|[from] item: Life Orb\n|\n|upkeep\n|\n|t:|1730215793\n|switch|p2b: Annihilape|Annihilape, L50, M|100\/100\n|switch|p2a: Whimsicott|Whimsicott, L50, M|1\/100 brn\n|turn|7\n|\n|t:|1730215810\n|move|p1a: \u5e7d\u9b47\u4e01\u771f|Shadow Sneak|p2b: Annihilape\n|-supereffective|p2b: Annihilape\n|-damage|p2b: Annihilape|18\/100\n|-enditem|p2b: Annihilape|Sitrus Berry|[eat]\n|-heal|p2b: Annihilape|43\/100|[from] item: Sitrus Berry\n|-damage|p1a: \u5e7d\u9b47\u4e01\u771f|8\/100|[from] item: Life Orb\n|move|p2a: Whimsicott|Tailwind|p2a: Whimsicott\n|-sidestart|p2: YwzDYan|move: Tailwind\n|move|p1b: \u7ffc\u9e70\u4e01\u771f|Heat Wave|p2a: Whimsicott|[spread] p2b\n|-miss|p1b: \u7ffc\u9e70\u4e01\u771f|p2a: Whimsicott\n|-damage|p2b: Annihilape|32\/100\n|move|p2b: Annihilape|Rage Fist|p1a: \u5e7d\u9b47\u4e01\u771f\n|-supereffective|p1a: \u5e7d\u9b47\u4e01\u771f\n|-damage|p1a: \u5e7d\u9b47\u4e01\u771f|0 fnt\n|faint|p1a: \u5e7d\u9b47\u4e01\u771f\n|\n|-damage|p2a: Whimsicott|0 fnt|[from] brn\n|faint|p2a: Whimsicott\n|upkeep\n|\n|t:|1730215823\n|switch|p1a: \u786c\u6cbf\u4e01\u771f|Archaludon, L50, M|100\/100\n|turn|8\n|\n|t:|1730215829\n|move|p1b: \u7ffc\u9e70\u4e01\u771f|Hurricane|p2b: Annihilape\n|-supereffective|p2b: Annihilape\n|-damage|p2b: Annihilape|0 fnt\n|faint|p2b: Annihilape\n|\n|win|bluestraggler01\n|raw|bluestraggler01's rating: 1799 &rarr; <strong>1819<\/strong><br \/>(+20 for winning)\n|raw|YwzDYan's rating: 1807 &rarr; <strong>1787<\/strong><br \/>(-20 for losing)\n|l|\u2606YwzDYan\n|player|p2|\n|l|\u2606bluestraggler01\n|player|p1|\n","uploadtime":1730216056,"views":81,"formatid":"gen9vgc2024regh","rating":1787,"private":0,"password":null}