{"id":"gen9vgc2024regh-2233050729","format":"[Gen 9] VGC 2024 Reg H","players":["Pokipls","Psyducks in 6"],"log":"|j|\u2606Pokipls\n|j|\u2606Psyducks in 6\n|t:|1730169801\n|gametype|doubles\n|player|p1|Pokipls|101|1640\n|player|p2|Psyducks in 6|hiker-gen4|1711\n|teamsize|p1|6\n|teamsize|p2|6\n|gen|9\n|tier|[Gen 9] VGC 2024 Reg H\n|rated|\n|rule|Species Clause: Limit one of each Pok\u00e9mon\n|rule|Item Clause: Limit 1 of each item\n|clearpoke\n|poke|p1|Blaziken, L50, M|\n|poke|p1|Baxcalibur, L50, M|\n|poke|p1|Comfey, L50, F|\n|poke|p1|Gholdengo, L50|\n|poke|p1|Murkrow, L50, F|\n|poke|p1|Kingambit, L50, M|\n|poke|p2|Incineroar, L50, F|\n|poke|p2|Corviknight, L50, M|\n|poke|p2|Clefable, L50, F|\n|poke|p2|Annihilape, L50, M|\n|poke|p2|Gholdengo, L50|\n|poke|p2|Garchomp, L50, M|\n|teampreview|4\n|j| The_Beast1440\n|\n|t:|1730169854\n|start\n|switch|p1a: Blaziken|Blaziken, L50, M|100\/100\n|switch|p1b: Baxcalibur|Baxcalibur, L50, M|100\/100\n|switch|p2a: Clefable|Clefable, L50, F|100\/100\n|switch|p2b: Annihilape|Annihilape, L50, M|100\/100\n|turn|1\n|\n|t:|1730169875\n|move|p2b: Annihilape|Low Sweep|p1b: Baxcalibur\n|-supereffective|p1b: Baxcalibur\n|-damage|p1b: Baxcalibur|55\/100\n|-unboost|p1b: Baxcalibur|spe|1\n|move|p1a: Blaziken|Coaching|p1b: Baxcalibur\n|-boost|p1b: Baxcalibur|atk|1\n|-boost|p1b: Baxcalibur|def|1\n|move|p2a: Clefable|Moonblast|p1b: Baxcalibur\n|-supereffective|p1b: Baxcalibur\n|-damage|p1b: Baxcalibur|0 fnt\n|faint|p1b: Baxcalibur\n|\n|-ability|p1a: Blaziken|Speed Boost|boost\n|-boost|p1a: Blaziken|spe|1\n|upkeep\n|\n|t:|1730169890\n|switch|p1b: Comfey|Comfey, L50, F|100\/100\n|turn|2\n|\n|t:|1730169898\n|switch|p2b: Corviknight|Corviknight, L50, M|100\/100\n|move|p1a: Blaziken|Heat Wave|p2b: Corviknight|[spread] p2a,p2b\n|-supereffective|p2b: Corviknight\n|-damage|p2a: Clefable|69\/100\n|-damage|p2b: Corviknight|42\/100\n|move|p1b: Comfey|Tailwind|p1b: Comfey\n|-sidestart|p1: Pokipls|move: Tailwind\n|move|p2a: Clefable|Moonblast|p1b: Comfey\n|-damage|p1b: Comfey|68\/100\n|-unboost|p1b: Comfey|spa|1\n|\n|-ability|p1a: Blaziken|Speed Boost|boost\n|-boost|p1a: Blaziken|spe|1\n|upkeep\n|turn|3\n|\n|t:|1730169915\n|switch|p1b: Gholdengo|Gholdengo, L50|100\/100\n|move|p1a: Blaziken|Heat Wave|p2a: Clefable|[spread] p2a,p2b\n|-supereffective|p2b: Corviknight\n|-damage|p2a: Clefable|36\/100\n|-damage|p2b: Corviknight|0 fnt\n|faint|p2b: Corviknight\n|move|p2a: Clefable|Life Dew|p2a: Clefable\n|-heal|p2a: Clefable|61\/100\n|\n|-ability|p1a: Blaziken|Speed Boost|boost\n|-boost|p1a: Blaziken|spe|1\n|upkeep\n|\n|t:|1730169920\n|switch|p2b: Garchomp|Garchomp, L50, M|100\/100\n|turn|4\n|\n|t:|1730169936\n|-terastallize|p1b: Gholdengo|Steel\n|-terastallize|p2b: Garchomp|Ground\n|move|p2a: Clefable|Protect|p2a: Clefable\n|-singleturn|p2a: Clefable|Protect\n|move|p1a: Blaziken|Heat Wave|p2b: Garchomp|[spread] p2b\n|-activate|p2a: Clefable|move: Protect\n|-damage|p2b: Garchomp|64\/100\n|move|p1b: Gholdengo|Make It Rain|p2a: Clefable|[spread] p2b\n|-activate|p2a: Clefable|move: Protect\n|-damage|p2b: Garchomp|0 fnt\n|-unboost|p1b: Gholdengo|spa|1\n|faint|p2b: Garchomp\n|\n|-ability|p1a: Blaziken|Speed Boost|boost\n|-boost|p1a: Blaziken|spe|1\n|upkeep\n|\n|t:|1730169954\n|switch|p2b: Annihilape|Annihilape, L50, M|100\/100\n|turn|5\n|\n|t:|1730169966\n|move|p1a: Blaziken|Heat Wave|p2b: Annihilape|[spread] p2a,p2b\n|-damage|p2a: Clefable|30\/100\n|-damage|p2b: Annihilape|67\/100\n|move|p1b: Gholdengo|Make It Rain|p2a: Clefable|[spread] p2a,p2b\n|-supereffective|p2a: Clefable\n|-damage|p2a: Clefable|0 fnt\n|-damage|p2b: Annihilape|0 fnt\n|-unboost|p1b: Gholdengo|spa|1\n|faint|p2a: Clefable\n|faint|p2b: Annihilape\n|\n|win|Pokipls\n|raw|Pokipls's rating: 1640 &rarr; <strong>1664<\/strong><br \/>(+24 for winning)\n|raw|Psyducks in 6's rating: 1711 &rarr; <strong>1687<\/strong><br \/>(-24 for losing)\n|l| The_Beast1440\n|l|\u2606Pokipls\n|player|p1|\n","uploadtime":1730170216,"views":11,"formatid":"gen9vgc2024regh","rating":1664,"private":0,"password":null}