{"id":"gen9vgc2024regh-2233782459","format":"[Gen 9] VGC 2024 Reg H","players":["Pokipls","preti bigtoo"],"log":"|j|\u2606Pokipls\n|j|\u2606preti bigtoo\n|t:|1730256462\n|gametype|doubles\n|player|p1|Pokipls|2|1697\n|player|p2|preti bigtoo|1|1757\n|teamsize|p1|6\n|teamsize|p2|6\n|gen|9\n|tier|[Gen 9] VGC 2024 Reg H\n|rated|\n|rule|Species Clause: Limit one of each Pok\u00e9mon\n|rule|Item Clause: Limit 1 of each item\n|clearpoke\n|poke|p1|Indeedee, L50, M|\n|poke|p1|Sneasler, L50, F|\n|poke|p1|Excadrill, L50, M|\n|poke|p1|Magmar, L50, M|\n|poke|p1|Corviknight, L50, F|\n|poke|p1|Tyranitar, L50, F|\n|poke|p2|Kingambit, L50, F|\n|poke|p2|Tatsugiri, L50, F|\n|poke|p2|Rillaboom, L50, M|\n|poke|p2|Ninetales-Alola, L50, M|\n|poke|p2|Dondozo, L50, F|\n|poke|p2|Sneasler, L50, M|\n|teampreview|4\n|inactive|Battle timer is ON: inactive players will automatically lose when time's up. (requested by preti bigtoo)\n|\n|t:|1730256524\n|start\n|switch|p1a: Excadrill|Excadrill, L50, M|100\/100\n|switch|p1b: Sneasler|Sneasler, L50, F|100\/100\n|switch|p2a: Sneasler|Sneasler, L50, M|100\/100\n|switch|p2b: Dondozo|Dondozo, L50, F|100\/100\n|turn|1\n|\n|t:|1730256549\n|-terastallize|p1b: Sneasler|Flying\n|move|p2b: Dondozo|Protect|p2b: Dondozo\n|-singleturn|p2b: Dondozo|Protect\n|move|p1b: Sneasler|Fake Out|p2a: Sneasler\n|-damage|p2a: Sneasler|75\/100\n|cant|p2a: Sneasler|flinch\n|move|p1a: Excadrill|Earthquake|p2b: Dondozo|[spread] p2a\n|-activate|p2b: Dondozo|move: Protect\n|-immune|p1b: Sneasler\n|-supereffective|p2a: Sneasler\n|-damage|p2a: Sneasler|0 fnt\n|faint|p2a: Sneasler\n|\n|upkeep\n|\n|t:|1730256566\n|switch|p2a: Rillaboom|Rillaboom, L50, M|100\/100\n|-fieldstart|move: Grassy Terrain|[from] ability: Grassy Surge|[of] p2a: Rillaboom\n|turn|2\n|\n|t:|1730256586\n|switch|p1b: Indeedee|Indeedee, L50, M|100\/100\n|-fieldstart|move: Psychic Terrain|[from] ability: Psychic Surge|[of] p1b: Indeedee\n|move|p2a: Rillaboom|Fake Out|p1a: Excadrill\n|-activate|p1a: Excadrill|move: Psychic Terrain\n|move|p1a: Excadrill|Iron Head|p2a: Rillaboom\n|-damage|p2a: Rillaboom|60\/100\n|move|p2b: Dondozo|Substitute|p2b: Dondozo\n|-start|p2b: Dondozo|Substitute\n|-damage|p2b: Dondozo|75\/100\n|\n|-heal|p2b: Dondozo|82\/100|[from] item: Leftovers\n|upkeep\n|turn|3\n|inactive|preti bigtoo has 30 seconds left.\n|\n|t:|1730256614\n|switch|p1a: Sneasler|Sneasler, L50, F, tera:Flying|100\/100\n|switch|p2a: Tatsugiri|Tatsugiri, L50, F|100\/100\n|-activate|p2a: Tatsugiri|ability: Commander|[of] p2b: Dondozo\n|-boost|p2b: Dondozo|atk|2\n|-boost|p2b: Dondozo|spa|2\n|-boost|p2b: Dondozo|spe|2\n|-boost|p2b: Dondozo|def|2\n|-boost|p2b: Dondozo|spd|2\n|move|p1b: Indeedee|Expanding Force|p2a: Tatsugiri|[spread] p2b\n|-miss|p1b: Indeedee|p2a: Tatsugiri\n|-end|p2b: Dondozo|Substitute\n|move|p2b: Dondozo|Wave Crash|p1b: Indeedee\n|-crit|p1b: Indeedee\n|-damage|p1b: Indeedee|0 fnt\n|faint|p1b: Indeedee\n|-damage|p2b: Dondozo|62\/100|[from] Recoil\n|\n|-heal|p2b: Dondozo|68\/100|[from] item: Leftovers\n|upkeep\n|\n|t:|1730256635\n|switch|p1b: Excadrill|Excadrill, L50, M|100\/100\n|turn|4\n|\n|t:|1730256641\n|move|p2b: Dondozo|Protect|p2b: Dondozo\n|-singleturn|p2b: Dondozo|Protect\n|move|p1a: Sneasler|Dire Claw|p2b: Dondozo\n|-activate|p2b: Dondozo|move: Protect\n|move|p1b: Excadrill|Earthquake|p2b: Dondozo|[spread] \n|-miss|p1b: Excadrill|p2a: Tatsugiri\n|-activate|p2b: Dondozo|move: Protect\n|-immune|p1a: Sneasler\n|\n|-heal|p2b: Dondozo|74\/100|[from] item: Leftovers\n|upkeep\n|turn|5\n|\n|t:|1730256661\n|move|p1a: Sneasler|Dire Claw|p2b: Dondozo\n|-damage|p2b: Dondozo|58\/100\n|move|p2b: Dondozo|Wave Crash|p1a: Sneasler\n|-damage|p1a: Sneasler|0 fnt\n|faint|p1a: Sneasler\n|-damage|p2b: Dondozo|36\/100|[from] Recoil\n|move|p1b: Excadrill|Earthquake|p2b: Dondozo|[spread] p2b\n|-miss|p1b: Excadrill|p2a: Tatsugiri\n|-damage|p2b: Dondozo|22\/100\n|\n|-heal|p2b: Dondozo|29\/100|[from] item: Leftovers\n|upkeep\n|\n|t:|1730256673\n|switch|p1a: Tyranitar|Tyranitar, L50, F|100\/100\n|-weather|Sandstorm|[from] ability: Sand Stream|[of] p1a: Tyranitar\n|turn|6\n|\n|t:|1730256682\n|move|p2b: Dondozo|Protect|p2b: Dondozo\n|-singleturn|p2b: Dondozo|Protect\n|move|p1b: Excadrill|Swords Dance|p1b: Excadrill\n|-boost|p1b: Excadrill|atk|2\n|move|p1a: Tyranitar|Knock Off|p2b: Dondozo\n|-activate|p2b: Dondozo|move: Protect\n|\n|-weather|Sandstorm|[upkeep]\n|-damage|p2b: Dondozo|22\/100|[from] Sandstorm\n|-damage|p2a: Tatsugiri|95\/100|[from] Sandstorm\n|-heal|p2b: Dondozo|29\/100|[from] item: Leftovers\n|-fieldend|move: Psychic Terrain\n|upkeep\n|turn|7\n|j| mr pogostick\n|\n|t:|1730256700\n|move|p1b: Excadrill|Iron Head|p2b: Dondozo\n|-resisted|p2b: Dondozo\n|-damage|p2b: Dondozo|21\/100\n|cant|p2b: Dondozo|flinch\n|move|p1a: Tyranitar|Knock Off|p2b: Dondozo\n|-damage|p2b: Dondozo|4\/100\n|-enditem|p2b: Dondozo|Leftovers|[from] move: Knock Off|[of] p1a: Tyranitar\n|\n|-weather|Sandstorm|[upkeep]\n|-damage|p2b: Dondozo|0 fnt|[from] Sandstorm\n|-damage|p2a: Tatsugiri|89\/100|[from] Sandstorm\n|faint|p2b: Dondozo\n|upkeep\n|\n|t:|1730256707\n|switch|p2b: Rillaboom|Rillaboom, L50, M|60\/100\n|-fieldstart|move: Grassy Terrain|[from] ability: Grassy Surge|[of] p2b: Rillaboom\n|turn|8\n|\n|t:|1730256726\n|move|p1b: Excadrill|Iron Head|p2b: Rillaboom\n|-damage|p2b: Rillaboom|0 fnt\n|faint|p2b: Rillaboom\n|move|p2a: Tatsugiri|Muddy Water|p1a: Tyranitar|[spread] p1a\n|-miss|p2a: Tatsugiri|p1b: Excadrill\n|-supereffective|p1a: Tyranitar\n|-damage|p1a: Tyranitar|76\/100\n|move|p1a: Tyranitar|Knock Off|p2a: Tatsugiri\n|-damage|p2a: Tatsugiri|0 fnt\n|-enditem|p2a: Tatsugiri|Ability Shield|[from] move: Knock Off|[of] p1a: Tyranitar\n|faint|p2a: Tatsugiri\n|\n|win|Pokipls\n|raw|Pokipls's rating: 1697 &rarr; <strong>1720<\/strong><br \/>(+23 for winning)\n|raw|preti bigtoo's rating: 1757 &rarr; <strong>1734<\/strong><br \/>(-23 for losing)\n|l|\u2606preti bigtoo\n|player|p2|\n|l| mr pogostick\n|l|\u2606Pokipls\n|player|p1|\n","uploadtime":1730256864,"views":12,"formatid":"gen9vgc2024regh","rating":1720,"private":0,"password":null}