{"id":"gen9vgc2024regh-2233093428","format":"[Gen 9] VGC 2024 Reg H","players":["JasePokemonTwitter","roykeenkennedy"],"log":"|j|\u2606JasePokemonTwitter\n|j|\u2606roykeenkennedy\n|t:|1730175958\n|gametype|doubles\n|player|p1|JasePokemonTwitter|lucas|1735\n|player|p2|roykeenkennedy|alder|1754\n|teamsize|p1|6\n|teamsize|p2|6\n|gen|9\n|tier|[Gen 9] VGC 2024 Reg H\n|rated|\n|rule|Species Clause: Limit one of each Pok\u00e9mon\n|rule|Item Clause: Limit 1 of each item\n|clearpoke\n|poke|p1|Dragonite, L50, M|\n|poke|p1|Gholdengo, L50|\n|poke|p1|Annihilape, L50, F|\n|poke|p1|Whimsicott, L50, M|\n|poke|p1|Blaziken, L50, F|\n|poke|p1|Kingambit, L50, M|\n|poke|p2|Salamence, L50, M|\n|poke|p2|Incineroar, L50, M|\n|poke|p2|Weezing, L50, M|\n|poke|p2|Dragapult, L50, M|\n|poke|p2|Ursaluna-Bloodmoon, L50, M|\n|poke|p2|Volcarona, L50, F|\n|teampreview|4\n|inactive|Battle timer is ON: inactive players will automatically lose when time's up. (requested by JasePokemonTwitter)\n|j| revplog\n|j| mr pogostick\n|\n|t:|1730175981\n|start\n|switch|p1a: Gholdengo|Gholdengo, L50|100\/100\n|switch|p1b: Whimsicott|Whimsicott, L50, M|100\/100\n|switch|p2a: Weezing|Weezing, L50, M|100\/100\n|switch|p2b: Dragapult|Dragapult, L50, M|100\/100\n|-ability|p2a: Weezing|Neutralizing Gas\n|turn|1\n|\n|t:|1730175995\n|-terastallize|p1a: Gholdengo|Steel\n|-terastallize|p2b: Dragapult|Ghost\n|move|p1a: Gholdengo|Make It Rain|p2a: Weezing|[spread] p2a,p2b\n|-damage|p2a: Weezing|25\/100\n|-damage|p2b: Dragapult|10\/100\n|-unboost|p1a: Gholdengo|spa|1\n|move|p2b: Dragapult|Tera Blast|p1b: Whimsicott|[anim] Tera Blast Ghost\n|-enditem|p1b: Whimsicott|Focus Sash\n|-damage|p1b: Whimsicott|1\/100\n|move|p1b: Whimsicott|Tailwind|p1b: Whimsicott\n|-sidestart|p1: JasePokemonTwitter|move: Tailwind\n|move|p2a: Weezing|Will-O-Wisp|p1a: Gholdengo\n|-status|p1a: Gholdengo|brn\n|\n|-heal|p2a: Weezing|31\/100|[from] item: Leftovers\n|-damage|p1a: Gholdengo|94\/100 brn|[from] brn\n|upkeep\n|turn|2\n|inactive|roykeenkennedy has 30 seconds left.\n|\n|t:|1730176020\n|switch|p2b: Incineroar|Incineroar, L50, M|100\/100\n|-ability|p2b: Incineroar|Intimidate|boost\n|-unboost|p1a: Gholdengo|atk|1\n|-unboost|p1b: Whimsicott|atk|1\n|move|p2a: Weezing|Protect|p2a: Weezing\n|-singleturn|p2a: Weezing|Protect\n|move|p1a: Gholdengo|Make It Rain|p2b: Incineroar|[spread] p2b\n|-activate|p2a: Weezing|move: Protect\n|-resisted|p2b: Incineroar\n|-damage|p2b: Incineroar|84\/100\n|-unboost|p1a: Gholdengo|spa|1\n|move|p1b: Whimsicott|Moonblast|p2b: Incineroar\n|-damage|p2b: Incineroar|52\/100\n|\n|-heal|p2a: Weezing|37\/100|[from] item: Leftovers\n|-damage|p1a: Gholdengo|88\/100 brn|[from] brn\n|upkeep\n|turn|3\n|\n|t:|1730176044\n|switch|p1a: Blaziken|Blaziken, L50, F|100\/100\n|move|p2b: Incineroar|Fake Out|p1a: Blaziken\n|-damage|p1a: Blaziken|85\/100\n|move|p1b: Whimsicott|Moonblast|p2a: Weezing\n|-resisted|p2a: Weezing\n|-damage|p2a: Weezing|17\/100\n|move|p2a: Weezing|Will-O-Wisp|p1b: Whimsicott\n|-status|p1b: Whimsicott|brn\n|\n|-heal|p2a: Weezing|23\/100|[from] item: Leftovers\n|-damage|p1b: Whimsicott|0 fnt|[from] brn\n|faint|p1b: Whimsicott\n|upkeep\n|\n|t:|1730176055\n|switch|p1b: Gholdengo|Gholdengo, L50, tera:Steel|88\/100 brn\n|turn|4\n|j| hachiware\n|\n|t:|1730176077\n|move|p2a: Weezing|Protect|p2a: Weezing\n|-singleturn|p2a: Weezing|Protect\n|move|p1b: Gholdengo|Make It Rain|p2a: Weezing|[spread] p2b\n|-activate|p2a: Weezing|move: Protect\n|-resisted|p2b: Incineroar\n|-damage|p2b: Incineroar|28\/100\n|-unboost|p1b: Gholdengo|spa|1\n|move|p1a: Blaziken|Aura Sphere|p2b: Incineroar\n|-supereffective|p2b: Incineroar\n|-damage|p2b: Incineroar|0 fnt\n|faint|p2b: Incineroar\n|-damage|p1a: Blaziken|75\/100|[from] item: Life Orb\n|\n|-heal|p2a: Weezing|29\/100|[from] item: Leftovers\n|-damage|p1b: Gholdengo|82\/100 brn|[from] brn\n|-sideend|p1: JasePokemonTwitter|move: Tailwind\n|upkeep\n|\n|t:|1730176096\n|switch|p2b: Ursaluna|Ursaluna-Bloodmoon, L50, M|100\/100\n|turn|5\n|\n|t:|1730176103\n|move|p1b: Gholdengo|Make It Rain|p2b: Ursaluna|[spread] p2a,p2b\n|-damage|p2a: Weezing|0 fnt\n|-damage|p2b: Ursaluna|67\/100\n|-unboost|p1b: Gholdengo|spa|1\n|faint|p2a: Weezing\n|-end|p2a: Weezing|ability: Neutralizing Gas\n|move|p1a: Blaziken|Aura Sphere|p2b: Ursaluna\n|-supereffective|p2b: Ursaluna\n|-damage|p2b: Ursaluna|0 fnt\n|faint|p2b: Ursaluna\n|-damage|p1a: Blaziken|66\/100|[from] item: Life Orb\n|\n|-damage|p1b: Gholdengo|76\/100 brn|[from] brn\n|-ability|p1a: Blaziken|Speed Boost|boost\n|-boost|p1a: Blaziken|spe|1\n|upkeep\n|-message|roykeenkennedy forfeited.\n|\n|win|JasePokemonTwitter\n|raw|JasePokemonTwitter's rating: 1735 &rarr; <strong>1756<\/strong><br \/>(+21 for winning)\n|raw|roykeenkennedy's rating: 1754 &rarr; <strong>1733<\/strong><br \/>(-21 for losing)\n|l|\u2606roykeenkennedy\n|player|p2|\n|l|\u2606JasePokemonTwitter\n|player|p1|\n|l| revplog\n|l| mr pogostick\n|l| hachiware\n","uploadtime":1730176347,"views":23,"formatid":"gen9vgc2024regh","rating":1733,"private":0,"password":null}