{"id":"gen9vgc2024regh-2233277671","format":"[Gen 9] VGC 2024 Reg H","players":["Kunikamaze","yongbao"],"log":"|j|\u2606Kunikamaze\n|j|\u2606yongbao\n|t:|1730206795\n|gametype|doubles\n|player|p1|Kunikamaze|102|1746\n|player|p2|yongbao|dawn-gen4pt|1654\n|teamsize|p1|6\n|teamsize|p2|6\n|gen|9\n|tier|[Gen 9] VGC 2024 Reg H\n|rated|\n|rule|Species Clause: Limit one of each Pok\u00e9mon\n|rule|Item Clause: Limit 1 of each item\n|clearpoke\n|poke|p1|Sneasler, L50, F|\n|poke|p1|Dondozo, L50, F|\n|poke|p1|Baxcalibur, L50, F|\n|poke|p1|Volcarona, L50, F|\n|poke|p1|Rillaboom, L50, M|\n|poke|p1|Kingambit, L50, F|\n|poke|p2|Garchomp, L50, M|\n|poke|p2|Annihilape, L50, F|\n|poke|p2|Corviknight, L50, F|\n|poke|p2|Tyranitar, L50, F|\n|poke|p2|Gholdengo, L50|\n|poke|p2|Murkrow, L50, M|\n|teampreview|4\n|j| xScorpzz\n|inactive|Battle timer is ON: inactive players will automatically lose when time's up. (requested by Kunikamaze)\n|inactive|Kunikamaze has 60 seconds left.\n|inactive|yongbao has 60 seconds left.\n|\n|t:|1730206872\n|start\n|switch|p1a: Sneasler|Sneasler, L50, F|100\/100\n|switch|p1b: Baxcalibur|Baxcalibur, L50, F|100\/100\n|switch|p2a: Murkrow|Murkrow, L50, M|100\/100\n|switch|p2b: Annihilape|Annihilape, L50, F|100\/100\n|turn|1\n|inactive|Kunikamaze has 30 seconds left.\n|\n|t:|1730206900\n|switch|p2a: Corviknight|Corviknight, L50, F|100\/100\n|-terastallize|p1b: Baxcalibur|Ghost\n|move|p1a: Sneasler|Coaching|p1b: Baxcalibur\n|-boost|p1b: Baxcalibur|atk|1\n|-boost|p1b: Baxcalibur|def|1\n|move|p2b: Annihilape|Coaching|p2a: Corviknight\n|-boost|p2a: Corviknight|atk|1\n|-boost|p2a: Corviknight|def|1\n|move|p1b: Baxcalibur|Scale Shot|p2a: Corviknight\n|-resisted|p2a: Corviknight\n|-damage|p2a: Corviknight|96\/100\n|-resisted|p2a: Corviknight\n|-damage|p2a: Corviknight|90\/100\n|-resisted|p2a: Corviknight\n|-damage|p2a: Corviknight|86\/100\n|-resisted|p2a: Corviknight\n|-damage|p2a: Corviknight|80\/100\n|-resisted|p2a: Corviknight\n|-damage|p2a: Corviknight|75\/100\n|-hitcount|p2a: Corviknight|5\n|-unboost|p1b: Baxcalibur|def|1\n|-boost|p1b: Baxcalibur|spe|1\n|\n|-heal|p2a: Corviknight|81\/100|[from] item: Leftovers\n|upkeep\n|turn|2\n|inactive|Kunikamaze has 30 seconds left.\n|inactive|yongbao has 30 seconds left.\n|inactive|yongbao has 20 seconds left.\n|\n|t:|1730206936\n|-terastallize|p2b: Annihilape|Steel\n|move|p1b: Baxcalibur|Icicle Spear|p2b: Annihilape\n|-resisted|p2b: Annihilape\n|-damage|p2b: Annihilape|90\/100\n|-resisted|p2b: Annihilape\n|-damage|p2b: Annihilape|80\/100\n|-resisted|p2b: Annihilape\n|-damage|p2b: Annihilape|69\/100\n|-resisted|p2b: Annihilape\n|-crit|p2b: Annihilape\n|-damage|p2b: Annihilape|53\/100\n|-hitcount|p2b: Annihilape|4\n|move|p1a: Sneasler|Coaching|p1b: Baxcalibur\n|-boost|p1b: Baxcalibur|atk|1\n|-boost|p1b: Baxcalibur|def|1\n|move|p2b: Annihilape|Rage Fist|p1b: Baxcalibur\n|-supereffective|p1b: Baxcalibur\n|-damage|p1b: Baxcalibur|0 fnt\n|faint|p1b: Baxcalibur\n|move|p2a: Corviknight|Brave Bird|p1a: Sneasler\n|-supereffective|p1a: Sneasler\n|-enditem|p1a: Sneasler|Focus Sash\n|-damage|p1a: Sneasler|1\/100\n|-damage|p2a: Corviknight|56\/100|[from] Recoil\n|\n|-heal|p2a: Corviknight|62\/100|[from] item: Leftovers\n|upkeep\n|\n|t:|1730206949\n|switch|p1b: Dondozo|Dondozo, L50, F|100\/100\n|turn|3\n|inactive|yongbao has 30 seconds left.\n|\n|t:|1730206975\n|switch|p2b: Murkrow|Murkrow, L50, M|100\/100\n|move|p1a: Sneasler|Protect|p1a: Sneasler\n|-singleturn|p1a: Sneasler|Protect\n|move|p2a: Corviknight|Brave Bird|p1a: Sneasler\n|-activate|p1a: Sneasler|move: Protect\n|move|p1b: Dondozo|Yawn|p2a: Corviknight\n|-start|p2a: Corviknight|move: Yawn|[of] p1b: Dondozo\n|\n|-heal|p2a: Corviknight|68\/100|[from] item: Leftovers\n|upkeep\n|turn|4\n|\n|t:|1730206991\n|move|p1a: Sneasler|Dire Claw|p2b: Murkrow\n|-damage|p2b: Murkrow|57\/100\n|-status|p2b: Murkrow|slp\n|cant|p2b: Murkrow|slp\n|move|p2a: Corviknight|Iron Defense|p2a: Corviknight\n|-boost|p2a: Corviknight|def|2\n|move|p1b: Dondozo|Liquidation|p2a: Corviknight\n|-damage|p2a: Corviknight|44\/100\n|\n|-heal|p2a: Corviknight|50\/100|[from] item: Leftovers\n|-end|p2a: Corviknight|move: Yawn|[silent]\n|-status|p2a: Corviknight|slp\n|upkeep\n|turn|5\n|c|\u2606Kunikamaze|Me when unaware\n|\n|t:|1730207012\n|cant|p2b: Murkrow|slp\n|move|p1a: Sneasler|Close Combat|p2b: Murkrow\n|-damage|p2b: Murkrow|0 fnt\n|-unboost|p1a: Sneasler|def|1\n|-unboost|p1a: Sneasler|spd|1\n|faint|p2b: Murkrow\n|cant|p2a: Corviknight|slp\n|move|p1b: Dondozo|Liquidation|p2a: Corviknight\n|-damage|p2a: Corviknight|25\/100 slp\n|\n|-heal|p2a: Corviknight|30\/100 slp|[from] item: Leftovers\n|upkeep\n|\n|t:|1730207024\n|switch|p2b: Gholdengo|Gholdengo, L50|100\/100\n|turn|6\n|j| tomandjerrycuaduc\n|\n|t:|1730207047\n|switch|p1a: Rillaboom|Rillaboom, L50, M|100\/100\n|-fieldstart|move: Grassy Terrain|[from] ability: Grassy Surge|[of] p1a: Rillaboom\n|move|p2b: Gholdengo|Thunderbolt|p1b: Dondozo\n|-supereffective|p1b: Dondozo\n|-damage|p1b: Dondozo|22\/100\n|-status|p1b: Dondozo|par\n|cant|p2a: Corviknight|slp\n|move|p1b: Dondozo|Liquidation|p2a: Corviknight\n|-damage|p2a: Corviknight|7\/100 slp\n|-ability|p2a: Corviknight|Mirror Armor\n|-unboost|p1b: Dondozo|def|1\n|\n|-heal|p2a: Corviknight|13\/100 slp|[from] item: Leftovers\n|-heal|p1b: Dondozo|29\/100 par|[from] Grassy Terrain\n|-heal|p1b: Dondozo|35\/100 par|[from] item: Leftovers\n|upkeep\n|turn|7\n|c|\u2606Kunikamaze|Oh well\n|j| pikachu810114514\n|\n|t:|1730207072\n|move|p2b: Gholdengo|Thunderbolt|p1b: Dondozo\n|-supereffective|p1b: Dondozo\n|-damage|p1b: Dondozo|0 fnt\n|faint|p1b: Dondozo\n|move|p1a: Rillaboom|Wood Hammer|p2a: Corviknight\n|-resisted|p2a: Corviknight\n|-damage|p2a: Corviknight|4\/100 slp\n|-damage|p1a: Rillaboom|97\/100|[from] Recoil\n|-curestatus|p2a: Corviknight|slp|[msg]\n|move|p2a: Corviknight|Roost|p2a: Corviknight\n|-heal|p2a: Corviknight|54\/100\n|-singleturn|p2a: Corviknight|move: Roost\n|\n|-heal|p1a: Rillaboom|100\/100|[from] Grassy Terrain\n|-heal|p2a: Corviknight|60\/100|[from] Grassy Terrain\n|-heal|p2a: Corviknight|66\/100|[from] item: Leftovers\n|upkeep\n|c|\u2606Kunikamaze|Rip\n|-message|Kunikamaze forfeited.\n|\n|win|yongbao\n|raw|Kunikamaze's rating: 1746 &rarr; <strong>1721<\/strong><br \/>(-25 for losing)\n|raw|yongbao's rating: 1654 &rarr; <strong>1679<\/strong><br \/>(+25 for winning)\n|l|\u2606Kunikamaze\n|player|p1|\n|l| xScorpzz\n|c|\u2606yongbao|thank\n|l|\u2606yongbao\n|player|p2|\n|l| pikachu810114514\n","uploadtime":1730207336,"views":11,"formatid":"gen9vgc2024regh","rating":1679,"private":0,"password":null}