{"id":"gen9vgc2024regh-2233850900","format":"[Gen 9] VGC 2024 Reg H","players":["preti bigtoo","Piehead"],"log":"|j|\u2606preti bigtoo\n|j|\u2606Piehead\n|t:|1730267919\n|gametype|doubles\n|player|p1|preti bigtoo|101|1733\n|player|p2|Piehead|170|1703\n|teamsize|p1|6\n|teamsize|p2|6\n|gen|9\n|tier|[Gen 9] VGC 2024 Reg H\n|rated|\n|rule|Species Clause: Limit one of each Pok\u00e9mon\n|rule|Item Clause: Limit 1 of each item\n|clearpoke\n|poke|p1|Kingambit, L50, F|\n|poke|p1|Tatsugiri, L50, F|\n|poke|p1|Rillaboom, L50, F|\n|poke|p1|Ninetales-Alola, L50, F|\n|poke|p1|Dondozo, L50, F|\n|poke|p1|Sneasler, L50, F|\n|poke|p2|Farigiraf, L50, F|\n|poke|p2|Rillaboom, L50, M|\n|poke|p2|Ursaluna-Bloodmoon, L50, M|\n|poke|p2|Kingambit, L50, F|\n|poke|p2|Primarina, L50, M|\n|poke|p2|Annihilape, L50, M|\n|teampreview|4\n|inactive|Battle timer is ON: inactive players will automatically lose when time's up. (requested by Piehead)\n|\n|t:|1730267943\n|start\n|switch|p1a: Sneasler|Sneasler, L50, F|100\/100\n|switch|p1b: Dondozo|Dondozo, L50, F|100\/100\n|switch|p2a: Annihilape|Annihilape, L50, M|100\/100\n|switch|p2b: Rillaboom|Rillaboom, L50, M|100\/100\n|-fieldstart|move: Grassy Terrain|[from] ability: Grassy Surge|[of] p2b: Rillaboom\n|turn|1\n|\n|t:|1730267963\n|move|p1b: Dondozo|Protect|p1b: Dondozo\n|-singleturn|p1b: Dondozo|Protect\n|move|p2b: Rillaboom|Fake Out|p1a: Sneasler\n|-damage|p1a: Sneasler|75\/100\n|move|p2a: Annihilape|Final Gambit|p1b: Dondozo\n|-activate|p1b: Dondozo|move: Protect\n|cant|p1a: Sneasler|flinch\n|\n|-heal|p1a: Sneasler|81\/100|[from] Grassy Terrain\n|upkeep\n|turn|2\n|inactive|preti bigtoo has 30 seconds left.\n|inactive|Piehead has 30 seconds left.\n|inactive|preti bigtoo has 20 seconds left.\n|inactive|Piehead has 20 seconds left.\n|inactive|Piehead has 15 seconds left.\n|\n|t:|1730268007\n|switch|p1b: Ninetales|Ninetales-Alola, L50, F|100\/100\n|-weather|Snow|[from] ability: Snow Warning|[of] p1b: Ninetales\n|move|p2b: Rillaboom|Grassy Glide|p1b: Ninetales\n|-damage|p1b: Ninetales|62\/100\n|move|p2a: Annihilape|Final Gambit|p1b: Ninetales\n|-damage|p1b: Ninetales|0 fnt\n|faint|p2a: Annihilape\n|faint|p1b: Ninetales\n|move|p1a: Sneasler|Dire Claw|p2b: Rillaboom\n|-supereffective|p2b: Rillaboom\n|-damage|p2b: Rillaboom|12\/100\n|-status|p2b: Rillaboom|psn\n|\n|-weather|Snow|[upkeep]\n|-heal|p1a: Sneasler|87\/100|[from] Grassy Terrain\n|-heal|p2b: Rillaboom|18\/100 psn|[from] Grassy Terrain\n|-damage|p2b: Rillaboom|6\/100 psn|[from] psn\n|upkeep\n|\n|t:|1730268027\n|switch|p1b: Dondozo|Dondozo, L50, F|100\/100\n|switch|p2a: Kingambit|Kingambit, L50, F|100\/100\n|-activate|p2a: Kingambit|ability: Supreme Overlord\n|-start|p2a: Kingambit|fallen1|[silent]\n|turn|3\n|\n|t:|1730268047\n|switch|p2b: Primarina|Primarina, L50, M|100\/100\n|-terastallize|p1b: Dondozo|Steel\n|move|p2a: Kingambit|Protect|p2a: Kingambit\n|-singleturn|p2a: Kingambit|Protect\n|move|p1a: Sneasler|Coaching|p1b: Dondozo\n|-boost|p1b: Dondozo|atk|1\n|-boost|p1b: Dondozo|def|1\n|move|p1b: Dondozo|Substitute|p1b: Dondozo\n|-start|p1b: Dondozo|Substitute\n|-damage|p1b: Dondozo|75\/100\n|\n|-weather|Snow|[upkeep]\n|-heal|p1a: Sneasler|93\/100|[from] Grassy Terrain\n|-heal|p1b: Dondozo|82\/100|[from] Grassy Terrain\n|-heal|p1b: Dondozo|88\/100|[from] item: Leftovers\n|upkeep\n|turn|4\n|inactive|preti bigtoo has 30 seconds left.\n|inactive|Piehead has 30 seconds left.\n|inactive|Piehead has 20 seconds left.\n|inactive|Piehead has 15 seconds left.\n|\n|t:|1730268088\n|switch|p1a: Tatsugiri|Tatsugiri, L50, F|100\/100\n|-activate|p1a: Tatsugiri|ability: Commander|[of] p1b: Dondozo\n|-boost|p1b: Dondozo|atk|2\n|-boost|p1b: Dondozo|spa|2\n|-boost|p1b: Dondozo|spe|2\n|-boost|p1b: Dondozo|def|2\n|-boost|p1b: Dondozo|spd|2\n|move|p2a: Kingambit|Sucker Punch||[still]\n|-fail|p2a: Kingambit\n|move|p1b: Dondozo|Heavy Slam|p2b: Primarina\n|-damage|p2b: Primarina|0 fnt\n|faint|p2b: Primarina\n|\n|-weather|Snow|[upkeep]\n|-heal|p1b: Dondozo|94\/100|[from] Grassy Terrain\n|-heal|p1b: Dondozo|99\/100|[from] item: Leftovers\n|upkeep\n|\n|t:|1730268090\n|switch|p2b: Rillaboom|Rillaboom, L50, M|6\/100 psn\n|turn|5\n|\n|t:|1730268112\n|move|p2b: Rillaboom|Fake Out|p1b: Dondozo\n|-resisted|p1b: Dondozo\n|-activate|p1b: Dondozo|move: Substitute|[damage]\n|move|p1b: Dondozo|Wave Crash|p2a: Kingambit\n|-damage|p2a: Kingambit|8\/100\n|-damage|p1b: Dondozo|73\/100|[from] Recoil\n|move|p2a: Kingambit|Low Kick|p1b: Dondozo\n|-supereffective|p1b: Dondozo\n|-end|p1b: Dondozo|Substitute\n|\n|-weather|Snow|[upkeep]\n|-heal|p1b: Dondozo|79\/100|[from] Grassy Terrain\n|-heal|p1b: Dondozo|86\/100|[from] item: Leftovers\n|-heal|p2b: Rillaboom|12\/100 psn|[from] Grassy Terrain\n|-heal|p2a: Kingambit|14\/100|[from] Grassy Terrain\n|-damage|p2b: Rillaboom|0 fnt|[from] psn\n|faint|p2b: Rillaboom\n|-fieldend|move: Grassy Terrain\n|upkeep\n|turn|6\n|-message|Piehead forfeited.\n|\n|win|preti bigtoo\n|raw|preti bigtoo's rating: 1733 &rarr; <strong>1751<\/strong><br \/>(+18 for winning)\n|raw|Piehead's rating: 1703 &rarr; <strong>1685<\/strong><br \/>(-18 for losing)\n|l|\u2606Piehead\n|player|p2|\n|l|\u2606preti bigtoo\n|player|p1|\n","uploadtime":1730268138,"views":14,"formatid":"gen9vgc2024regh","rating":1685,"private":0,"password":null}