{"id":"gen9vgc2024regh-2233105257","format":"[Gen 9] VGC 2024 Reg H","players":["Krillinionaire","JasePokemonTwitter"],"log":"|j|\u2606Krillinionaire\n|j|\u2606JasePokemonTwitter\n|t:|1730178062\n|gametype|doubles\n|player|p1|Krillinionaire|roughneck|1661\n|player|p2|JasePokemonTwitter|lucas|1799\n|teamsize|p1|6\n|teamsize|p2|6\n|gen|9\n|tier|[Gen 9] VGC 2024 Reg H\n|rated|\n|rule|Species Clause: Limit one of each Pok\u00e9mon\n|rule|Item Clause: Limit 1 of each item\n|clearpoke\n|poke|p1|Espathra, L50, M|\n|poke|p1|Clefairy, L50, F|\n|poke|p1|Dragapult, L50, F|\n|poke|p1|Sneasler, L50, F|\n|poke|p1|Amoonguss, L50, F|\n|poke|p1|Arcanine, L50, F|\n|poke|p2|Dragonite, L50, M|\n|poke|p2|Gholdengo, L50|\n|poke|p2|Annihilape, L50, M|\n|poke|p2|Whimsicott, L50, F|\n|poke|p2|Blaziken, L50, M|\n|poke|p2|Kingambit, L50, M|\n|teampreview|4\n|inactive|Battle timer is ON: inactive players will automatically lose when time's up. (requested by JasePokemonTwitter)\n|j| Vendette\n|inactive|Krillinionaire has 60 seconds left.\n|\n|t:|1730178107\n|start\n|switch|p1a: Espathra|Espathra, L50, M|100\/100\n|switch|p1b: Clefairy|Clefairy, L50, F|100\/100\n|switch|p2a: Gholdengo|Gholdengo, L50|100\/100\n|switch|p2b: Blaziken|Blaziken, L50, M|100\/100\n|turn|1\n|j| revplog\n|\n|t:|1730178119\n|move|p1a: Espathra|Protect|p1a: Espathra\n|-singleturn|p1a: Espathra|Protect\n|move|p1b: Clefairy|Protect|p1b: Clefairy\n|-singleturn|p1b: Clefairy|Protect\n|move|p2a: Gholdengo|Make It Rain|p1a: Espathra|[spread] \n|-activate|p1a: Espathra|move: Protect\n|-activate|p1b: Clefairy|move: Protect\n|move|p2b: Blaziken|Heat Wave|p1b: Clefairy|[spread] \n|-activate|p1a: Espathra|move: Protect\n|-activate|p1b: Clefairy|move: Protect\n|\n|-ability|p1a: Espathra|Speed Boost|boost\n|-boost|p1a: Espathra|spe|1\n|-ability|p2b: Blaziken|Speed Boost|boost\n|-boost|p2b: Blaziken|spe|1\n|upkeep\n|turn|2\n|\n|t:|1730178133\n|-terastallize|p1a: Espathra|Water\n|move|p2a: Gholdengo|Make It Rain|p1b: Clefairy|[spread] p1a,p1b\n|-resisted|p1a: Espathra\n|-supereffective|p1b: Clefairy\n|-damage|p1a: Espathra|78\/100\n|-damage|p1b: Clefairy|18\/100\n|-unboost|p2a: Gholdengo|spa|1\n|move|p1a: Espathra|Calm Mind|p1a: Espathra\n|-boost|p1a: Espathra|spa|1\n|-boost|p1a: Espathra|spd|1\n|move|p2b: Blaziken|Heat Wave|p1a: Espathra|[spread] p1a,p1b\n|-resisted|p1a: Espathra\n|-damage|p1a: Espathra|64\/100\n|-damage|p1b: Clefairy|0 fnt\n|faint|p1b: Clefairy\n|-damage|p2b: Blaziken|91\/100|[from] item: Life Orb\n|\n|-heal|p1a: Espathra|70\/100|[from] item: Leftovers\n|-ability|p1a: Espathra|Speed Boost|boost\n|-boost|p1a: Espathra|spe|1\n|-ability|p2b: Blaziken|Speed Boost|boost\n|-boost|p2b: Blaziken|spe|1\n|upkeep\n|\n|t:|1730178141\n|switch|p1b: Arcanine|Arcanine, L50, F|100\/100\n|-ability|p1b: Arcanine|Intimidate|boost\n|-unboost|p2a: Gholdengo|atk|1\n|-unboost|p2b: Blaziken|atk|1\n|turn|3\n|\n|t:|1730178152\n|switch|p2a: Dragonite|Dragonite, L50, M|100\/100\n|move|p1a: Espathra|Calm Mind|p1a: Espathra\n|-boost|p1a: Espathra|spa|1\n|-boost|p1a: Espathra|spd|1\n|move|p2b: Blaziken|Aura Sphere|p1a: Espathra\n|-damage|p1a: Espathra|38\/100\n|-damage|p2b: Blaziken|81\/100|[from] item: Life Orb\n|move|p1b: Arcanine|Flare Blitz|p2a: Dragonite\n|-resisted|p2a: Dragonite\n|-damage|p2a: Dragonite|74\/100\n|-damage|p1b: Arcanine|93\/100|[from] Recoil\n|\n|-heal|p1a: Espathra|44\/100|[from] item: Leftovers\n|-ability|p1a: Espathra|Speed Boost|boost\n|-boost|p1a: Espathra|spe|1\n|-ability|p2b: Blaziken|Speed Boost|boost\n|-boost|p2b: Blaziken|spe|1\n|upkeep\n|turn|4\n|l| revplog\n|\n|t:|1730178170\n|switch|p1b: Amoonguss|Amoonguss, L50, F|100\/100\n|move|p1a: Espathra|Protect|p1a: Espathra\n|-singleturn|p1a: Espathra|Protect\n|move|p2a: Dragonite|Protect|p2a: Dragonite\n|-singleturn|p2a: Dragonite|Protect\n|move|p2b: Blaziken|Aura Sphere|p1a: Espathra\n|-activate|p1a: Espathra|move: Protect\n|\n|-heal|p1a: Espathra|50\/100|[from] item: Leftovers\n|-ability|p1a: Espathra|Speed Boost|boost\n|-boost|p1a: Espathra|spe|1\n|-ability|p2b: Blaziken|Speed Boost|boost\n|-boost|p2b: Blaziken|spe|1\n|upkeep\n|turn|5\n|\n|t:|1730178181\n|move|p1b: Amoonguss|Rage Powder|p1b: Amoonguss\n|-singleturn|p1b: Amoonguss|move: Rage Powder\n|move|p1a: Espathra|Stored Power|p2b: Blaziken\n|-supereffective|p2b: Blaziken\n|-damage|p2b: Blaziken|0 fnt\n|faint|p2b: Blaziken\n|move|p2a: Dragonite|Haze|p2a: Dragonite\n|-clearallboost\n|\n|-heal|p1a: Espathra|56\/100|[from] item: Leftovers\n|-ability|p1a: Espathra|Speed Boost|boost\n|-boost|p1a: Espathra|spe|1\n|upkeep\n|\n|t:|1730178189\n|switch|p2b: Gholdengo|Gholdengo, L50|100\/100\n|turn|6\n|\n|t:|1730178196\n|-terastallize|p2b: Gholdengo|Steel\n|move|p1a: Espathra|Protect|p1a: Espathra\n|-singleturn|p1a: Espathra|Protect\n|move|p2b: Gholdengo|Make It Rain|p1b: Amoonguss|[spread] p1b\n|-activate|p1a: Espathra|move: Protect\n|-damage|p1b: Amoonguss|42\/100\n|-unboost|p2b: Gholdengo|spa|1\n|move|p2a: Dragonite|Scale Shot|p1b: Amoonguss\n|-damage|p1b: Amoonguss|31\/100\n|-damage|p1b: Amoonguss|19\/100\n|-damage|p1b: Amoonguss|7\/100\n|-damage|p1b: Amoonguss|0 fnt\n|faint|p1b: Amoonguss\n|-hitcount|p1: Amoonguss|4\n|-unboost|p2a: Dragonite|def|1\n|-boost|p2a: Dragonite|spe|1\n|\n|-heal|p1a: Espathra|62\/100|[from] item: Leftovers\n|-ability|p1a: Espathra|Speed Boost|boost\n|-boost|p1a: Espathra|spe|1\n|upkeep\n|\n|t:|1730178199\n|switch|p1b: Arcanine|Arcanine, L50, F|93\/100\n|-ability|p1b: Arcanine|Intimidate|boost\n|-unboost|p2a: Dragonite|atk|1\n|-unboost|p2b: Gholdengo|atk|1\n|turn|7\n|\n|t:|1730178214\n|switch|p2b: Annihilape|Annihilape, L50, M|100\/100\n|move|p1b: Arcanine|Extreme Speed|p2a: Dragonite\n|-damage|p2a: Dragonite|5\/100\n|move|p1a: Espathra|Calm Mind|p1a: Espathra\n|-boost|p1a: Espathra|spa|1\n|-boost|p1a: Espathra|spd|1\n|move|p2a: Dragonite|Haze|p2a: Dragonite\n|-clearallboost\n|\n|-heal|p1a: Espathra|68\/100|[from] item: Leftovers\n|-ability|p1a: Espathra|Speed Boost|boost\n|-boost|p1a: Espathra|spe|1\n|upkeep\n|turn|8\n|\n|t:|1730178238\n|move|p1b: Arcanine|Extreme Speed|p2a: Dragonite\n|-crit|p2a: Dragonite\n|-damage|p2a: Dragonite|0 fnt\n|faint|p2a: Dragonite\n|move|p1a: Espathra|Calm Mind|p1a: Espathra\n|-boost|p1a: Espathra|spa|1\n|-boost|p1a: Espathra|spd|1\n|move|p2b: Annihilape|Final Gambit|p1b: Arcanine\n|-damage|p1b: Arcanine|0 fnt\n|faint|p2b: Annihilape\n|faint|p1b: Arcanine\n|\n|-heal|p1a: Espathra|74\/100|[from] item: Leftovers\n|-ability|p1a: Espathra|Speed Boost|boost\n|-boost|p1a: Espathra|spe|1\n|upkeep\n|\n|t:|1730178242\n|switch|p2b: Gholdengo|Gholdengo, L50, tera:Steel|100\/100\n|turn|9\n|\n|t:|1730178245\n|move|p1a: Espathra|Protect|p1a: Espathra\n|-singleturn|p1a: Espathra|Protect\n|move|p2b: Gholdengo|Trick|p1a: Espathra\n|-activate|p1a: Espathra|move: Protect\n|\n|-heal|p1a: Espathra|80\/100|[from] item: Leftovers\n|-ability|p1a: Espathra|Speed Boost|boost\n|-boost|p1a: Espathra|spe|1\n|upkeep\n|turn|10\n|j| revplog\n|\n|t:|1730178252\n|move|p1a: Espathra|Stored Power|p2b: Gholdengo\n|-resisted|p2b: Gholdengo\n|-damage|p2b: Gholdengo|65\/100\n|move|p2b: Gholdengo|Trick|p1a: Espathra\n|-activate|p2b: Gholdengo|move: Trick|[of] p1a: Espathra\n|-item|p1a: Espathra|Choice Scarf|[from] move: Trick\n|-item|p2b: Gholdengo|Leftovers|[from] move: Trick\n|\n|-heal|p2b: Gholdengo|71\/100|[from] item: Leftovers\n|-ability|p1a: Espathra|Speed Boost|boost\n|-boost|p1a: Espathra|spe|1\n|upkeep\n|turn|11\n|\n|t:|1730178258\n|move|p1a: Espathra|Stored Power|p2b: Gholdengo\n|-resisted|p2b: Gholdengo\n|-damage|p2b: Gholdengo|28\/100\n|move|p2b: Gholdengo|Shadow Ball|p1a: Espathra\n|-damage|p1a: Espathra|45\/100\n|\n|-heal|p2b: Gholdengo|34\/100|[from] item: Leftovers\n|-ability|p1a: Espathra|Speed Boost|boost\n|-boost|p1a: Espathra|spe|1\n|upkeep\n|turn|12\n|\n|t:|1730178261\n|move|p1a: Espathra|Stored Power|p2b: Gholdengo\n|-resisted|p2b: Gholdengo\n|-crit|p2b: Gholdengo\n|-damage|p2b: Gholdengo|0 fnt\n|faint|p2b: Gholdengo\n|\n|win|Krillinionaire\n|raw|Krillinionaire's rating: 1661 &rarr; <strong>1689<\/strong><br \/>(+28 for winning)\n|raw|JasePokemonTwitter's rating: 1799 &rarr; <strong>1771<\/strong><br \/>(-28 for losing)\n|l|\u2606JasePokemonTwitter\n|player|p2|\n|l| Vendette\n|l|\u2606Krillinionaire\n|player|p1|\n","uploadtime":1730178265,"views":52,"formatid":"gen9vgc2024regh","rating":1689,"private":0,"password":null}