{"id":"gen9vgc2024regh-2233441520","format":"[Gen 9] VGC 2024 Reg H","players":["chin8","Jarvis1"],"log":"|j|\u2606chin8\n|j|\u2606Jarvis1\n|t:|1730221610\n|gametype|doubles\n|player|p1|chin8|gentleman-gen4dp|1798\n|player|p2|Jarvis1|102|1727\n|teamsize|p1|6\n|teamsize|p2|6\n|gen|9\n|tier|[Gen 9] VGC 2024 Reg H\n|rated|\n|rule|Species Clause: Limit one of each Pok\u00e9mon\n|rule|Item Clause: Limit 1 of each item\n|clearpoke\n|poke|p1|Baxcalibur, L50, F|\n|poke|p1|Kilowattrel, L50, F|\n|poke|p1|Annihilape, L50, F|\n|poke|p1|Gardevoir, L50, F|\n|poke|p1|Magmortar, L50, F|\n|poke|p1|Gholdengo, L50|\n|poke|p2|Incineroar, L50, M|\n|poke|p2|Rillaboom, L50, F|\n|poke|p2|Vivillon, L50, F|\n|poke|p2|Pelipper, L50, F|\n|poke|p2|Annihilape, L50, F|\n|poke|p2|Gastrodon, L50, F|\n|teampreview|4\n|inactive|Battle timer is ON: inactive players will automatically lose when time's up. (requested by chin8)\n|\n|t:|1730221652\n|start\n|switch|p1a: Kilowattrel|Kilowattrel, L50, F|100\/100\n|switch|p1b: Baxcalibur|Baxcalibur, L50, F|100\/100\n|switch|p2a: Pelipper|Pelipper, L50, F|100\/100\n|switch|p2b: Gastrodon|Gastrodon, L50, F|100\/100\n|-weather|RainDance|[from] ability: Drizzle|[of] p2a: Pelipper\n|turn|1\n|\n|t:|1730221674\n|switch|p2a: Incineroar|Incineroar, L50, M|100\/100\n|-ability|p2a: Incineroar|Intimidate|boost\n|-unboost|p1a: Kilowattrel|atk|1\n|-ability|p1a: Kilowattrel|Competitive|boost\n|-boost|p1a: Kilowattrel|spa|2\n|-unboost|p1b: Baxcalibur|atk|1\n|move|p1b: Baxcalibur|Ice Shard|p2a: Incineroar\n|-resisted|p2a: Incineroar\n|-damage|p2a: Incineroar|93\/100\n|move|p1a: Kilowattrel|Thunderbolt|p2a: Incineroar\n|-damage|p2a: Incineroar|23\/100\n|-enditem|p2a: Incineroar|Sitrus Berry|[eat]\n|-heal|p2a: Incineroar|48\/100|[from] item: Sitrus Berry\n|move|p2b: Gastrodon|Muddy Water|p1b: Baxcalibur|[spread] p1a,p1b\n|-resisted|p1b: Baxcalibur\n|-damage|p1a: Kilowattrel|26\/100\n|-damage|p1b: Baxcalibur|90\/100\n|-unboost|p1a: Kilowattrel|accuracy|1\n|-ability|p1a: Kilowattrel|Competitive|boost\n|-boost|p1a: Kilowattrel|spa|2\n|\n|-weather|RainDance|[upkeep]\n|upkeep\n|turn|2\n|inactive|Jarvis1 has 30 seconds left.\n|\n|t:|1730221701\n|move|p1a: Kilowattrel|Protect|p1a: Kilowattrel\n|-singleturn|p1a: Kilowattrel|Protect\n|move|p2a: Incineroar|Fake Out|p1a: Kilowattrel\n|-activate|p1a: Kilowattrel|move: Protect\n|move|p1b: Baxcalibur|Earthquake|p2b: Gastrodon|[spread] p2a,p2b\n|-activate|p1a: Kilowattrel|move: Protect\n|-supereffective|p2a: Incineroar\n|-damage|p2a: Incineroar|14\/100\n|-damage|p2b: Gastrodon|84\/100\n|move|p2b: Gastrodon|Muddy Water|p1b: Baxcalibur|[spread] p1b\n|-activate|p1a: Kilowattrel|move: Protect\n|-resisted|p1b: Baxcalibur\n|-damage|p1b: Baxcalibur|79\/100\n|\n|-weather|RainDance|[upkeep]\n|upkeep\n|turn|3\n|inactive|Jarvis1 has 30 seconds left.\n|\n|t:|1730221726\n|switch|p2a: Pelipper|Pelipper, L50, F|100\/100\n|move|p1a: Kilowattrel|Air Slash|p2b: Gastrodon\n|-damage|p2b: Gastrodon|0 fnt\n|faint|p2b: Gastrodon\n|move|p1b: Baxcalibur|Earthquake|p2a: Pelipper|[spread] \n|-immune|p1a: Kilowattrel\n|-immune|p2a: Pelipper\n|\n|-weather|RainDance|[upkeep]\n|upkeep\n|\n|t:|1730221738\n|switch|p2b: Incineroar|Incineroar, L50, M|14\/100\n|-ability|p2b: Incineroar|Intimidate|boost\n|-unboost|p1a: Kilowattrel|atk|1\n|-ability|p1a: Kilowattrel|Competitive|boost\n|-boost|p1a: Kilowattrel|spa|2\n|-unboost|p1b: Baxcalibur|atk|1\n|turn|4\n|\n|t:|1730221747\n|move|p1a: Kilowattrel|Protect|p1a: Kilowattrel\n|-singleturn|p1a: Kilowattrel|Protect\n|move|p2b: Incineroar|Fake Out|p1a: Kilowattrel\n|-activate|p1a: Kilowattrel|move: Protect\n|move|p1b: Baxcalibur|Earthquake|p2b: Incineroar|[spread] p2b\n|-activate|p1a: Kilowattrel|move: Protect\n|-immune|p2a: Pelipper\n|-supereffective|p2b: Incineroar\n|-damage|p2b: Incineroar|0 fnt\n|faint|p2b: Incineroar\n|move|p2a: Pelipper|Tailwind|p2a: Pelipper\n|-sidestart|p2: Jarvis1|move: Tailwind\n|\n|-weather|RainDance|[upkeep]\n|upkeep\n|\n|t:|1730221756\n|switch|p2b: Annihilape|Annihilape, L50, F|100\/100\n|turn|5\n|\n|t:|1730221763\n|switch|p1a: Gholdengo|Gholdengo, L50|100\/100\n|switch|p1b: Annihilape|Annihilape, L50, F|100\/100\n|move|p2b: Annihilape|Bulk Up|p2b: Annihilape\n|-boost|p2b: Annihilape|atk|1\n|-boost|p2b: Annihilape|def|1\n|move|p2a: Pelipper|Weather Ball|p1a: Gholdengo\n|-damage|p1a: Gholdengo|43\/100\n|\n|-weather|none\n|-heal|p1a: Gholdengo|49\/100|[from] item: Leftovers\n|upkeep\n|turn|6\n|inactive|Jarvis1 has 30 seconds left.\n|inactive|Jarvis1 has 20 seconds left.\n|inactive|Jarvis1 has 15 seconds left.\n|inactive|Jarvis1 has 10 seconds left.\n|\n|t:|1730221811\n|-terastallize|p2b: Annihilape|Fire\n|-terastallize|p1b: Annihilape|Fire\n|move|p1a: Gholdengo|Protect|p1a: Gholdengo\n|-singleturn|p1a: Gholdengo|Protect\n|move|p2b: Annihilape|Bulk Up|p2b: Annihilape\n|-boost|p2b: Annihilape|atk|1\n|-boost|p2b: Annihilape|def|1\n|move|p2a: Pelipper|Hurricane|p1b: Annihilape\n|-damage|p1b: Annihilape|67\/100\n|-start|p1b: Annihilape|confusion\n|-activate|p1b: Annihilape|confusion\n|move|p1b: Annihilape|Bulk Up|p1b: Annihilape\n|-boost|p1b: Annihilape|atk|1\n|-boost|p1b: Annihilape|def|1\n|\n|-heal|p1a: Gholdengo|56\/100|[from] item: Leftovers\n|upkeep\n|turn|7\n|\n|t:|1730221834\n|move|p2b: Annihilape|Rage Fist|p1a: Gholdengo\n|-supereffective|p1a: Gholdengo\n|-damage|p1a: Gholdengo|0 fnt\n|faint|p1a: Gholdengo\n|move|p2a: Pelipper|Hurricane|p1b: Annihilape|[miss]\n|-miss|p2a: Pelipper|p1b: Annihilape\n|-end|p1b: Annihilape|confusion\n|move|p1b: Annihilape|Bulk Up|p1b: Annihilape\n|-boost|p1b: Annihilape|atk|1\n|-boost|p1b: Annihilape|def|1\n|\n|-sideend|p2: Jarvis1|move: Tailwind\n|upkeep\n|\n|t:|1730221842\n|switch|p1a: Kilowattrel|Kilowattrel, L50, F|26\/100\n|turn|8\n|\n|t:|1730221859\n|move|p2a: Pelipper|Wide Guard|p2a: Pelipper\n|-singleturn|p2a: Pelipper|Wide Guard\n|move|p1a: Kilowattrel|Thunderbolt|p2a: Pelipper\n|-supereffective|p2a: Pelipper\n|-damage|p2a: Pelipper|0 fnt\n|faint|p2a: Pelipper\n|move|p2b: Annihilape|Rage Fist|p1a: Kilowattrel\n|-damage|p1a: Kilowattrel|0 fnt\n|faint|p1a: Kilowattrel\n|move|p1b: Annihilape|Bulk Up|p1b: Annihilape\n|-boost|p1b: Annihilape|atk|1\n|-boost|p1b: Annihilape|def|1\n|\n|upkeep\n|\n|t:|1730221862\n|switch|p1a: Baxcalibur|Baxcalibur, L50, F|79\/100\n|turn|9\n|\n|t:|1730221877\n|move|p1a: Baxcalibur|Ice Shard|p1b: Annihilape\n|-resisted|p1b: Annihilape\n|-damage|p1b: Annihilape|63\/100\n|move|p2b: Annihilape|Bulk Up|p2b: Annihilape\n|-boost|p2b: Annihilape|atk|1\n|-boost|p2b: Annihilape|def|1\n|move|p1b: Annihilape|Bulk Up|p1b: Annihilape\n|-boost|p1b: Annihilape|atk|1\n|-boost|p1b: Annihilape|def|1\n|\n|upkeep\n|turn|10\n|\n|t:|1730221887\n|move|p1a: Baxcalibur|Ice Shard|p1b: Annihilape\n|-resisted|p1b: Annihilape\n|-damage|p1b: Annihilape|60\/100\n|move|p2b: Annihilape|Bulk Up|p2b: Annihilape\n|-boost|p2b: Annihilape|atk|1\n|-boost|p2b: Annihilape|def|1\n|move|p1b: Annihilape|Drain Punch|p2b: Annihilape\n|-damage|p2b: Annihilape|71\/100\n|-heal|p1b: Annihilape|75\/100|[from] drain|[of] p2b: Annihilape\n|\n|upkeep\n|turn|11\n|\n|t:|1730221903\n|move|p1a: Baxcalibur|Ice Shard|p1b: Annihilape\n|-resisted|p1b: Annihilape\n|-damage|p1b: Annihilape|71\/100\n|move|p2b: Annihilape|Bulk Up|p2b: Annihilape\n|-boost|p2b: Annihilape|atk|1\n|-boost|p2b: Annihilape|def|1\n|move|p1b: Annihilape|Rage Fist|p2b: Annihilape\n|-damage|p2b: Annihilape|0 fnt\n|faint|p2b: Annihilape\n|\n|win|chin8\n|raw|chin8's rating: 1798 &rarr; <strong>1814<\/strong><br \/>(+16 for winning)\n|raw|Jarvis1's rating: 1727 &rarr; <strong>1711<\/strong><br \/>(-16 for losing)\n|l|\u2606chin8\n|player|p1|\n|l|\u2606Jarvis1\n|player|p2|\n","uploadtime":1730222082,"views":14,"formatid":"gen9vgc2024regh","rating":1711,"private":0,"password":null}