{"id":"gen9vgc2024regh-2233657713","format":"[Gen 9] VGC 2024 Reg H","players":["TheDecommissioner","SeaWolfMikess"],"log":"|badge|p2|silver|gen9doublesou|30-3\n|uhtml|medal-msg|<div class=\"broadcast-blue\">Curious what those medals under the avatar are? PS now has Ladder Seasons! For more information, check out the <a href=\"https:\/\/www.smogon.com\/forums\/threads\/3740067\/\">thread on Smogon.<\/a><\/div>\n|j|\u2606TheDecommissioner\n|j|\u2606SeaWolfMikess\n|t:|1730241643\n|gametype|doubles\n|player|p1|TheDecommissioner|preschooler|1651\n|player|p2|SeaWolfMikess|hugh|1792\n|teamsize|p1|6\n|teamsize|p2|6\n|gen|9\n|tier|[Gen 9] VGC 2024 Reg H\n|rated|\n|rule|Species Clause: Limit one of each Pok\u00e9mon\n|rule|Item Clause: Limit 1 of each item\n|clearpoke\n|poke|p1|Indeedee-F, L50, F|\n|poke|p1|Torkoal, L50, M|\n|poke|p1|Kleavor, L50, M|\n|poke|p1|Lilligant-Hisui, L50, F|\n|poke|p1|Archaludon, L50, M|\n|poke|p1|Clefable, L50, M|\n|poke|p2|Rillaboom, L50, F|\n|poke|p2|Gholdengo, L50|\n|poke|p2|Incineroar, L50, F|\n|poke|p2|Pelipper, L50, F|\n|poke|p2|Archaludon, L50, F|\n|poke|p2|Sneasler, L50, M|\n|teampreview|4\n|inactive|Battle timer is ON: inactive players will automatically lose when time's up. (requested by TheDecommissioner)\n|\n|t:|1730241669\n|start\n|switch|p1a: Lilligant|Lilligant-Hisui, L50, F|100\/100\n|switch|p1b: Torkoal|Torkoal, L50, M|100\/100\n|switch|p2a: Sneasler|Sneasler, L50, M|100\/100\n|switch|p2b: Archaludon|Archaludon, L50, F|100\/100\n|-weather|SunnyDay|[from] ability: Drought|[of] p1b: Torkoal\n|turn|1\n|inactive|TheDecommissioner has 30 seconds left.\n|inactive|TheDecommissioner has 20 seconds left.\n|inactive|TheDecommissioner has 15 seconds left.\n|\n|t:|1730241713\n|switch|p1a: Archaludon|Archaludon, L50, M|100\/100\n|switch|p2a: Incineroar|Incineroar, L50, F|100\/100\n|-ability|p2a: Incineroar|Intimidate|boost\n|-unboost|p1a: Archaludon|atk|1\n|-unboost|p1b: Torkoal|atk|1\n|move|p1b: Torkoal|Protect|p1b: Torkoal\n|-singleturn|p1b: Torkoal|Protect\n|move|p2b: Archaludon|Electro Shot||[still]\n|-prepare|p2b: Archaludon|Electro Shot\n|-boost|p2b: Archaludon|spa|1\n|-enditem|p2b: Archaludon|Power Herb\n|-anim|p2b: Archaludon|Electro Shot|p1b: Torkoal\n|-activate|p1b: Torkoal|move: Protect\n|\n|-weather|SunnyDay|[upkeep]\n|upkeep\n|turn|2\n|inactive|TheDecommissioner has 30 seconds left.\n|\n|t:|1730241738\n|switch|p1b: Lilligant|Lilligant-Hisui, L50, F|100\/100\n|move|p2a: Incineroar|Fake Out|p1a: Archaludon\n|-resisted|p1a: Archaludon\n|-damage|p1a: Archaludon|96\/100\n|-ability|p1a: Archaludon|Stamina|boost\n|-boost|p1a: Archaludon|def|1\n|move|p2b: Archaludon|Dragon Pulse|p1b: Lilligant\n|-damage|p1b: Lilligant|6\/100\n|cant|p1a: Archaludon|flinch\n|\n|-weather|SunnyDay|[upkeep]\n|upkeep\n|turn|3\n|j| Mixedrubi\n|\n|t:|1730241763\n|-terastallize|p2a: Incineroar|Ghost\n|move|p2b: Archaludon|Protect|p2b: Archaludon\n|-singleturn|p2b: Archaludon|Protect\n|move|p1b: Lilligant|Bullet Seed|p1a: Archaludon\n|-resisted|p1a: Archaludon\n|-damage|p1a: Archaludon|95\/100\n|-ability|p1a: Archaludon|Stamina|boost\n|-boost|p1a: Archaludon|def|1\n|-resisted|p1a: Archaludon\n|-damage|p1a: Archaludon|94\/100\n|-ability|p1a: Archaludon|Stamina|boost\n|-boost|p1a: Archaludon|def|1\n|-resisted|p1a: Archaludon\n|-crit|p1a: Archaludon\n|-damage|p1a: Archaludon|91\/100\n|-ability|p1a: Archaludon|Stamina|boost\n|-boost|p1a: Archaludon|def|1\n|-resisted|p1a: Archaludon\n|-damage|p1a: Archaludon|90\/100\n|-ability|p1a: Archaludon|Stamina|boost\n|-boost|p1a: Archaludon|def|1\n|-hitcount|p1a: Archaludon|4\n|move|p2a: Incineroar|Flare Blitz|p1b: Lilligant\n|-supereffective|p1b: Lilligant\n|-damage|p1b: Lilligant|0 fnt\n|faint|p1b: Lilligant\n|-damage|p2a: Incineroar|99\/100|[from] Recoil\n|move|p1a: Archaludon|Body Press|p2a: Incineroar\n|-immune|p2a: Incineroar\n|\n|-weather|SunnyDay|[upkeep]\n|upkeep\n|\n|t:|1730241768\n|switch|p1b: Indeedee|Indeedee-F, L50, F|100\/100\n|-fieldstart|move: Psychic Terrain|[from] ability: Psychic Surge|[of] p1b: Indeedee\n|-enditem|p1b: Indeedee|Psychic Seed\n|-boost|p1b: Indeedee|spd|1|[from] item: Psychic Seed\n|turn|4\n|\n|t:|1730241775\n|move|p2b: Archaludon|Dragon Pulse|p1b: Indeedee\n|-damage|p1b: Indeedee|61\/100\n|move|p2a: Incineroar|Knock Off|p1b: Indeedee\n|-supereffective|p1b: Indeedee\n|-damage|p1b: Indeedee|7\/100\n|move|p1a: Archaludon|Body Press|p2b: Archaludon\n|-supereffective|p2b: Archaludon\n|-ability|p2b: Archaludon|Sturdy\n|-damage|p2b: Archaludon|1\/100\n|move|p1b: Indeedee|Trick Room|p1b: Indeedee\n|-fieldstart|move: Trick Room|[of] p1b: Indeedee\n|\n|-weather|SunnyDay|[upkeep]\n|upkeep\n|turn|5\n|\n|t:|1730241794\n|move|p2b: Archaludon|Protect|p2b: Archaludon\n|-singleturn|p2b: Archaludon|Protect\n|move|p2a: Incineroar|Parting Shot|p1a: Archaludon\n|-unboost|p1a: Archaludon|atk|1\n|-unboost|p1a: Archaludon|spa|1\n|\n|t:|1730241800\n|switch|p2a: Rillaboom|Rillaboom, L50, F|100\/100|[from] Parting Shot\n|-fieldstart|move: Grassy Terrain|[from] ability: Grassy Surge|[of] p2a: Rillaboom\n|move|p1a: Archaludon|Dragon Pulse|p2b: Archaludon\n|-activate|p2b: Archaludon|move: Protect\n|move|p1b: Indeedee|Dazzling Gleam|p2b: Archaludon|[spread] p2a\n|-activate|p2b: Archaludon|move: Protect\n|-crit|p2a: Rillaboom\n|-damage|p2a: Rillaboom|89\/100\n|\n|-weather|none\n|-heal|p1b: Indeedee|13\/100|[from] Grassy Terrain\n|-heal|p1a: Archaludon|96\/100|[from] Grassy Terrain\n|-heal|p2a: Rillaboom|95\/100|[from] Grassy Terrain\n|-heal|p2b: Archaludon|7\/100|[from] Grassy Terrain\n|upkeep\n|turn|6\n|\n|t:|1730241824\n|switch|p2b: Incineroar|Incineroar, L50, F, tera:Ghost|99\/100\n|-ability|p2b: Incineroar|Intimidate|boost\n|-unboost|p1a: Archaludon|atk|1\n|-unboost|p1b: Indeedee|atk|1\n|move|p2a: Rillaboom|Fake Out|p1a: Archaludon\n|-resisted|p1a: Archaludon\n|-damage|p1a: Archaludon|95\/100\n|-ability|p1a: Archaludon|Stamina|boost\n|-boost|p1a: Archaludon|def|1\n|cant|p1a: Archaludon|flinch\n|move|p1b: Indeedee|Psychic|p2b: Incineroar\n|-damage|p2b: Incineroar|74\/100\n|\n|-heal|p1a: Archaludon|100\/100|[from] Grassy Terrain\n|-heal|p1b: Indeedee|19\/100|[from] Grassy Terrain\n|-heal|p2b: Incineroar|80\/100|[from] Grassy Terrain\n|-heal|p2a: Rillaboom|100\/100|[from] Grassy Terrain\n|upkeep\n|turn|7\n|inactive|SeaWolfMikess has 30 seconds left.\n|\n|t:|1730241851\n|switch|p1b: Torkoal|Torkoal, L50, M|100\/100\n|-weather|SunnyDay|[from] ability: Drought|[of] p1b: Torkoal\n|move|p2b: Incineroar|Fake Out|p1a: Archaludon\n|-resisted|p1a: Archaludon\n|-damage|p1a: Archaludon|99\/100\n|cant|p1a: Archaludon|flinch\n|move|p2a: Rillaboom|High Horsepower|p1b: Torkoal\n|-supereffective|p1b: Torkoal\n|-damage|p1b: Torkoal|55\/100\n|\n|-weather|SunnyDay|[upkeep]\n|-heal|p1b: Torkoal|62\/100|[from] Grassy Terrain\n|-heal|p2b: Incineroar|86\/100|[from] Grassy Terrain\n|-heal|p1a: Archaludon|100\/100|[from] Grassy Terrain\n|upkeep\n|turn|8\n|\n|t:|1730241873\n|-terastallize|p1b: Torkoal|Fire\n|move|p2a: Rillaboom|Grassy Glide|p1b: Torkoal\n|-resisted|p1b: Torkoal\n|-damage|p1b: Torkoal|49\/100\n|move|p1b: Torkoal|Eruption|p2a: Rillaboom|[spread] p2a,p2b\n|-supereffective|p2a: Rillaboom\n|-damage|p2a: Rillaboom|23\/100\n|-damage|p2b: Incineroar|36\/100\n|move|p2b: Incineroar|Knock Off|p1b: Torkoal\n|-damage|p1b: Torkoal|17\/100\n|-enditem|p1b: Torkoal|Charcoal|[from] move: Knock Off|[of] p2b: Incineroar\n|move|p1a: Archaludon|Body Press|p2a: Rillaboom\n|-damage|p2a: Rillaboom|0 fnt\n|faint|p2a: Rillaboom\n|\n|-weather|SunnyDay|[upkeep]\n|-heal|p1b: Torkoal|24\/100|[from] Grassy Terrain\n|-heal|p2b: Incineroar|42\/100|[from] Grassy Terrain\n|-fieldend|move: Trick Room\n|upkeep\n|\n|t:|1730241889\n|switch|p2a: Sneasler|Sneasler, L50, M|100\/100\n|-enditem|p2a: Sneasler|Grassy Seed\n|-boost|p2a: Sneasler|def|1|[from] item: Grassy Seed\n|turn|9\n|\n|t:|1730241910\n|move|p2a: Sneasler|Close Combat|p1a: Archaludon\n|-supereffective|p1a: Archaludon\n|-damage|p1a: Archaludon|76\/100\n|-unboost|p2a: Sneasler|def|1\n|-unboost|p2a: Sneasler|spd|1\n|move|p2b: Incineroar|Flare Blitz|p1b: Torkoal\n|-resisted|p1b: Torkoal\n|-damage|p1b: Torkoal|0 fnt\n|faint|p1b: Torkoal\n|-damage|p2b: Incineroar|35\/100|[from] Recoil\n|move|p1a: Archaludon|Body Press|p2a: Sneasler\n|-resisted|p2a: Sneasler\n|-damage|p2a: Sneasler|27\/100\n|\n|-weather|SunnyDay|[upkeep]\n|-heal|p2a: Sneasler|33\/100|[from] Grassy Terrain\n|-heal|p2b: Incineroar|41\/100|[from] Grassy Terrain\n|-heal|p1a: Archaludon|82\/100|[from] Grassy Terrain\n|-fieldend|move: Grassy Terrain\n|upkeep\n|\n|t:|1730241913\n|switch|p1b: Indeedee|Indeedee-F, L50, F|19\/100\n|-fieldstart|move: Psychic Terrain|[from] ability: Psychic Surge|[of] p1b: Indeedee\n|turn|10\n|\n|t:|1730241940\n|move|p2a: Sneasler|Throat Chop|p1b: Indeedee\n|-supereffective|p1b: Indeedee\n|-damage|p1b: Indeedee|0 fnt\n|faint|p1b: Indeedee\n|move|p1a: Archaludon|Body Press|p2a: Sneasler\n|-resisted|p2a: Sneasler\n|-damage|p2a: Sneasler|0 fnt\n|faint|p2a: Sneasler\n|move|p2b: Incineroar|Knock Off|p1a: Archaludon\n|-damage|p1a: Archaludon|74\/100\n|-enditem|p1a: Archaludon|Assault Vest|[from] move: Knock Off|[of] p2b: Incineroar\n|\n|-weather|SunnyDay|[upkeep]\n|upkeep\n|\n|t:|1730241951\n|switch|p2a: Archaludon|Archaludon, L50, F|7\/100\n|turn|11\n|\n|t:|1730241959\n|move|p2a: Archaludon|Dragon Pulse|p1a: Archaludon\n|-damage|p1a: Archaludon|38\/100\n|move|p1a: Archaludon|Dragon Pulse|p2a: Archaludon\n|-damage|p2a: Archaludon|0 fnt\n|faint|p2a: Archaludon\n|move|p2b: Incineroar|Flare Blitz|p1a: Archaludon\n|-damage|p1a: Archaludon|22\/100\n|-damage|p2b: Incineroar|36\/100|[from] Recoil\n|\n|-weather|none\n|upkeep\n|turn|12\n|\n|t:|1730241968\n|move|p2b: Incineroar|Flare Blitz|p1a: Archaludon\n|-damage|p1a: Archaludon|12\/100\n|-damage|p2b: Incineroar|33\/100|[from] Recoil\n|move|p1a: Archaludon|Dragon Pulse|p2b: Incineroar\n|-damage|p2b: Incineroar|12\/100\n|\n|upkeep\n|turn|13\n|\n|t:|1730241972\n|move|p1a: Archaludon|Dragon Pulse|p2b: Incineroar\n|-damage|p2b: Incineroar|0 fnt\n|faint|p2b: Incineroar\n|\n|win|TheDecommissioner\n|raw|TheDecommissioner's rating: 1651 &rarr; <strong>1679<\/strong><br \/>(+28 for winning)\n|raw|SeaWolfMikess's rating: 1792 &rarr; <strong>1764<\/strong><br \/>(-28 for losing)\n|l|\u2606SeaWolfMikess\n|player|p2|\n|l|\u2606TheDecommissioner\n|player|p1|\n","uploadtime":1730242117,"views":14,"formatid":"gen9vgc2024regh","rating":1679,"private":0,"password":null}