{"id":"gen9vgc2024regh-2233460064","format":"[Gen 9] VGC 2024 Reg H","players":["verybigmagikarp","chin8"],"log":"|j|\u2606verybigmagikarp\n|j|\u2606chin8\n|t:|1730223172\n|gametype|doubles\n|player|p1|verybigmagikarp|pokefan|1656\n|player|p2|chin8|gentleman-gen4dp|1875\n|teamsize|p1|6\n|teamsize|p2|6\n|gen|9\n|tier|[Gen 9] VGC 2024 Reg H\n|rated|\n|rule|Species Clause: Limit one of each Pok\u00e9mon\n|rule|Item Clause: Limit 1 of each item\n|clearpoke\n|poke|p1|Whimsicott, L50, F|\n|poke|p1|Annihilape, L50, M|\n|poke|p1|Typhlosion-Hisui, L50, M|\n|poke|p1|Incineroar, L50, M|\n|poke|p1|Sneasler, L50, F|\n|poke|p1|Dragapult, L50, F|\n|poke|p2|Baxcalibur, L50, F|\n|poke|p2|Kilowattrel, L50, M|\n|poke|p2|Annihilape, L50, F|\n|poke|p2|Gardevoir, L50, F|\n|poke|p2|Magmortar, L50, M|\n|poke|p2|Gholdengo, L50|\n|teampreview|4\n|inactive|Battle timer is ON: inactive players will automatically lose when time's up. (requested by verybigmagikarp)\n|\n|t:|1730223205\n|start\n|switch|p1a: Whimsicott|Whimsicott, L50, F|100\/100\n|switch|p1b: Dragapult|Dragapult, L50, F|100\/100\n|switch|p2a: Kilowattrel|Kilowattrel, L50, M|100\/100\n|switch|p2b: Baxcalibur|Baxcalibur, L50, F|100\/100\n|turn|1\n|\n|t:|1730223226\n|-terastallize|p2b: Baxcalibur|Ground\n|move|p1a: Whimsicott|Tailwind|p1a: Whimsicott\n|-sidestart|p1: verybigmagikarp|move: Tailwind\n|move|p1b: Dragapult|Outrage|p2b: Baxcalibur\n|-damage|p2b: Baxcalibur|14\/100\n|move|p2a: Kilowattrel|Air Slash|p1a: Whimsicott\n|-supereffective|p1a: Whimsicott\n|-damage|p1a: Whimsicott|21\/100\n|move|p2b: Baxcalibur|Earthquake|p1a: Whimsicott|[spread] p1a,p1b\n|-immune|p2a: Kilowattrel\n|-resisted|p1a: Whimsicott\n|-damage|p1a: Whimsicott|0 fnt\n|-damage|p1b: Dragapult|36\/100\n|faint|p1a: Whimsicott\n|\n|upkeep\n|\n|t:|1730223240\n|switch|p1a: Typhlosion|Typhlosion-Hisui, L50, M|100\/100\n|-item|p2a: Kilowattrel|Focus Sash|[from] ability: Frisk|[of] p1a: Typhlosion\n|-item|p2b: Baxcalibur|Assault Vest|[from] ability: Frisk|[of] p1a: Typhlosion\n|turn|2\n|\n|t:|1730223255\n|move|p2b: Baxcalibur|Ice Shard|p1b: Dragapult\n|-supereffective|p1b: Dragapult\n|-damage|p1b: Dragapult|0 fnt\n|faint|p1b: Dragapult\n|move|p1a: Typhlosion|Eruption|p2b: Baxcalibur|[spread] p2a,p2b\n|-enditem|p2a: Kilowattrel|Focus Sash\n|-damage|p2a: Kilowattrel|1\/100\n|-damage|p2b: Baxcalibur|0 fnt\n|faint|p2b: Baxcalibur\n|move|p2a: Kilowattrel|Thunderbolt|p1a: Typhlosion\n|-damage|p1a: Typhlosion|43\/100\n|\n|upkeep\n|\n|t:|1730223266\n|switch|p1b: Annihilape|Annihilape, L50, M|100\/100\n|switch|p2b: Magmortar|Magmortar, L50, M|100\/100\n|turn|3\n|\n|t:|1730223285\n|move|p2b: Magmortar|Protect|p2b: Magmortar\n|-singleturn|p2b: Magmortar|Protect\n|move|p1b: Annihilape|Final Gambit|p2b: Magmortar\n|-activate|p2b: Magmortar|move: Protect\n|move|p1a: Typhlosion|Eruption|p2b: Magmortar|[spread] p2a\n|-activate|p2b: Magmortar|move: Protect\n|-damage|p2a: Kilowattrel|0 fnt\n|faint|p2a: Kilowattrel\n|\n|upkeep\n|\n|t:|1730223288\n|switch|p2a: Gholdengo|Gholdengo, L50|100\/100\n|turn|4\n|\n|t:|1730223300\n|-terastallize|p1a: Typhlosion|Fire\n|move|p2a: Gholdengo|Protect|p2a: Gholdengo\n|-singleturn|p2a: Gholdengo|Protect\n|move|p2b: Magmortar|Protect||[still]\n|-fail|p2b: Magmortar\n|move|p1b: Annihilape|Final Gambit|p2b: Magmortar\n|-damage|p2b: Magmortar|0 fnt\n|faint|p1b: Annihilape\n|faint|p2b: Magmortar\n|move|p1a: Typhlosion|Eruption|p2a: Gholdengo\n|-activate|p2a: Gholdengo|move: Protect\n|\n|-sideend|p1: verybigmagikarp|move: Tailwind\n|upkeep\n|turn|5\n|\n|t:|1730223311\n|move|p1a: Typhlosion|Eruption|p2a: Gholdengo\n|-supereffective|p2a: Gholdengo\n|-damage|p2a: Gholdengo|0 fnt\n|faint|p2a: Gholdengo\n|\n|win|verybigmagikarp\n|raw|verybigmagikarp's rating: 1656 &rarr; <strong>1687<\/strong><br \/>(+31 for winning)\n|raw|chin8's rating: 1875 &rarr; <strong>1844<\/strong><br \/>(-31 for losing)\n|l|\u2606chin8\n|player|p2|\n","uploadtime":1730223484,"views":17,"formatid":"gen9vgc2024regh","rating":1687,"private":0,"password":null}