{"id":"gen9vgc2024regh-2233332506","format":"[Gen 9] VGC 2024 Reg H","players":["perish1vgc","RomanTogepi"],"log":"|j|\u2606perish1vgc\n|j|\u2606RomanTogepi\n|t:|1730212176\n|gametype|doubles\n|player|p1|perish1vgc|101|1724\n|player|p2|RomanTogepi|170|1740\n|teamsize|p1|6\n|teamsize|p2|6\n|gen|9\n|tier|[Gen 9] VGC 2024 Reg H\n|rated|\n|rule|Species Clause: Limit one of each Pok\u00e9mon\n|rule|Item Clause: Limit 1 of each item\n|clearpoke\n|poke|p1|Annihilape, L50, F|\n|poke|p1|Dragonite, L50, M|\n|poke|p1|Gholdengo, L50|\n|poke|p1|Kingambit, L50, F|\n|poke|p1|Volcarona, L50, F|\n|poke|p1|Whimsicott, L50, M|\n|poke|p2|Goodra-Hisui, L50, M|\n|poke|p2|Magmar, L50, F|\n|poke|p2|Rillaboom, L50, M|\n|poke|p2|Politoed, L50, M|\n|poke|p2|Gholdengo, L50|\n|poke|p2|Grimmsnarl, L50, M|\n|teampreview|4\n|inactive|Battle timer is ON: inactive players will automatically lose when time's up. (requested by perish1vgc)\nRomanTogepi rejected open team sheets.\n|inactive|perish1vgc has 60 seconds left.\n|\n|t:|1730212212\n|start\n|switch|p1a: Gholdengo|Gholdengo, L50|100\/100\n|switch|p1b: Kingambit|Kingambit, L50, F|100\/100\n|switch|p2a: Goodra|Goodra-Hisui, L50, M|100\/100\n|switch|p2b: Magmar|Magmar, L50, F, shiny|100\/100\n|turn|1\n|inactive|perish1vgc has 30 seconds left.\n|inactive|RomanTogepi has 30 seconds left.\n|inactive|perish1vgc has 20 seconds left.\n|\n|t:|1730212249\n|-terastallize|p2a: Goodra|Water\n|move|p1a: Gholdengo|Trick|p2a: Goodra\n|-activate|p1a: Gholdengo|move: Trick|[of] p2a: Goodra\n|-item|p2a: Goodra|Choice Scarf|[from] move: Trick\n|-item|p1a: Gholdengo|Choice Specs|[from] move: Trick\n|move|p2a: Goodra|Muddy Water|p1a: Gholdengo|[spread] p1b\n|-miss|p2a: Goodra|p1a: Gholdengo\n|-damage|p1b: Kingambit|75\/100\n|move|p2b: Magmar|Will-O-Wisp|p1b: Kingambit|[miss]\n|-miss|p2b: Magmar|p1b: Kingambit\n|move|p1b: Kingambit|Kowtow Cleave|p2b: Magmar\n|-damage|p2b: Magmar|60\/100\n|\n|upkeep\n|turn|2\n|inactive|perish1vgc has 30 seconds left.\n|inactive|perish1vgc has 20 seconds left.\n|\n|t:|1730212286\n|switch|p1b: Annihilape|Annihilape, L50, F|100\/100\n|move|p2a: Goodra|Muddy Water|p1b: Annihilape|[spread] p1b\n|-miss|p2a: Goodra|p1a: Gholdengo\n|-damage|p1b: Annihilape|67\/100\n|move|p1a: Gholdengo|Power Gem|p2b: Magmar\n|-supereffective|p2b: Magmar\n|-damage|p2b: Magmar|0 fnt\n|faint|p2b: Magmar\n|\n|upkeep\n|\n|t:|1730212297\n|switch|p2b: Politoed|Politoed, L50, M, shiny|100\/100\n|-weather|RainDance|[from] ability: Drizzle|[of] p2b: Politoed\n|turn|3\n|\n|t:|1730212314\n|move|p1b: Annihilape|Rage Fist|p2b: Politoed\n|-damage|p2b: Politoed|50\/100\n|-enditem|p2b: Politoed|Sitrus Berry|[eat]\n|-heal|p2b: Politoed|75\/100|[from] item: Sitrus Berry\n|move|p2a: Goodra|Muddy Water|p1a: Gholdengo|[spread] p1a,p1b\n|-damage|p1a: Gholdengo|34\/100\n|-damage|p1b: Annihilape|16\/100\n|-enditem|p1b: Annihilape|Sitrus Berry|[eat]\n|-heal|p1b: Annihilape|41\/100|[from] item: Sitrus Berry\n|move|p1a: Gholdengo|Power Gem|p2b: Politoed\n|-damage|p2b: Politoed|31\/100\n|move|p2b: Politoed|Weather Ball|p1b: Annihilape\n|-damage|p1b: Annihilape|0 fnt\n|faint|p1b: Annihilape\n|\n|-weather|RainDance|[upkeep]\n|upkeep\n|c|\u2606RomanTogepi|These missed\n|\n|t:|1730212332\n|switch|p1b: Dragonite|Dragonite, L50, M|100\/100\n|turn|4\n|\n|t:|1730212343\n|switch|p1a: Kingambit|Kingambit, L50, F|75\/100\n|switch|p2b: Rillaboom|Rillaboom, L50, M|100\/100\n|-fieldstart|move: Grassy Terrain|[from] ability: Grassy Surge|[of] p2b: Rillaboom\n|move|p2a: Goodra|Muddy Water|p1a: Kingambit|[spread] p1b\n|-miss|p2a: Goodra|p1a: Kingambit\n|-resisted|p1b: Dragonite\n|-damage|p1b: Dragonite|86\/100\n|-unboost|p1b: Dragonite|accuracy|1\n|move|p1b: Dragonite|Scale Shot|p2b: Rillaboom\n|-damage|p2b: Rillaboom|86\/100\n|-damage|p2b: Rillaboom|72\/100\n|-damage|p2b: Rillaboom|57\/100\n|-damage|p2b: Rillaboom|44\/100\n|-hitcount|p2b: Rillaboom|4\n|-unboost|p1b: Dragonite|def|1\n|-boost|p1b: Dragonite|spe|1\n|\n|-weather|RainDance|[upkeep]\n|-heal|p2b: Rillaboom|50\/100|[from] Grassy Terrain\n|-heal|p1a: Kingambit|81\/100|[from] Grassy Terrain\n|upkeep\n|turn|5\n|\n|t:|1730212367\n|move|p1b: Dragonite|Protect|p1b: Dragonite\n|-singleturn|p1b: Dragonite|Protect\n|move|p2b: Rillaboom|Fake Out|p1b: Dragonite\n|-activate|p1b: Dragonite|move: Protect\n|move|p2a: Goodra|Muddy Water|p1b: Dragonite|[spread] p1a\n|-activate|p1b: Dragonite|move: Protect\n|-damage|p1a: Kingambit|45\/100\n|move|p1a: Kingambit|Kowtow Cleave|p2b: Rillaboom\n|-damage|p2b: Rillaboom|5\/100\n|\n|-weather|RainDance|[upkeep]\n|-heal|p2b: Rillaboom|11\/100|[from] Grassy Terrain\n|-heal|p1a: Kingambit|50\/100|[from] Grassy Terrain\n|upkeep\n|turn|6\n|\n|t:|1730212387\n|move|p1b: Dragonite|Extreme Speed|p2b: Rillaboom|[miss]\n|-miss|p1b: Dragonite|p2b: Rillaboom\n|move|p2b: Rillaboom|Grassy Glide|p1b: Dragonite\n|-resisted|p1b: Dragonite\n|-damage|p1b: Dragonite|71\/100\n|move|p2a: Goodra|Muddy Water|p1a: Kingambit|[spread] p1a,p1b\n|-resisted|p1b: Dragonite\n|-damage|p1a: Kingambit|14\/100\n|-damage|p1b: Dragonite|45\/100\n|-unboost|p1a: Kingambit|accuracy|1\n|-ability|p1a: Kingambit|Defiant|boost\n|-boost|p1a: Kingambit|atk|2\n|move|p1a: Kingambit|Kowtow Cleave|p2a: Goodra\n|-damage|p2a: Goodra|3\/100\n|\n|-weather|RainDance|[upkeep]\n|-heal|p2a: Goodra|9\/100|[from] Grassy Terrain\n|-heal|p2b: Rillaboom|18\/100|[from] Grassy Terrain\n|-heal|p1a: Kingambit|20\/100|[from] Grassy Terrain\n|upkeep\n|turn|7\n|\n|t:|1730212406\n|move|p1b: Dragonite|Extreme Speed|p2b: Rillaboom|[miss]\n|-miss|p1b: Dragonite|p2b: Rillaboom\n|move|p2b: Rillaboom|Grassy Glide|p1a: Kingambit\n|-resisted|p1a: Kingambit\n|-damage|p1a: Kingambit|6\/100\n|move|p1a: Kingambit|Sucker Punch|p2a: Goodra\n|-damage|p2a: Goodra|0 fnt\n|faint|p2a: Goodra\n|\n|-weather|none\n|-heal|p2b: Rillaboom|24\/100|[from] Grassy Terrain\n|-heal|p1a: Kingambit|12\/100|[from] Grassy Terrain\n|upkeep\n|\n|t:|1730212414\n|switch|p2a: Politoed|Politoed, L50, M, shiny|31\/100\n|-weather|RainDance|[from] ability: Drizzle|[of] p2a: Politoed\n|turn|8\n|\n|t:|1730212421\n|move|p1b: Dragonite|Extreme Speed|p2b: Rillaboom\n|-damage|p2b: Rillaboom|0 fnt\n|faint|p2b: Rillaboom\n|move|p1a: Kingambit|Sucker Punch|p2a: Politoed|[miss]\n|-miss|p1a: Kingambit|p2a: Politoed\n|move|p2a: Politoed|Weather Ball|p1b: Dragonite\n|-resisted|p1b: Dragonite\n|-damage|p1b: Dragonite|14\/100\n|\n|-weather|RainDance|[upkeep]\n|-heal|p1a: Kingambit|18\/100|[from] Grassy Terrain\n|-heal|p2a: Politoed|37\/100|[from] Grassy Terrain\n|-fieldend|move: Grassy Terrain\n|upkeep\n|turn|9\n|-message|RomanTogepi forfeited.\n|\n|win|perish1vgc\n|raw|perish1vgc's rating: 1724 &rarr; <strong>1745<\/strong><br \/>(+21 for winning)\n|raw|RomanTogepi's rating: 1740 &rarr; <strong>1719<\/strong><br \/>(-21 for losing)\n|l|\u2606RomanTogepi\n|player|p2|\n|l|\u2606perish1vgc\n|player|p1|\n","uploadtime":1730212595,"views":18,"formatid":"gen9vgc2024regh","rating":1719,"private":0,"password":null}