{"id":"gen9vgc2024regh-2233897641","format":"[Gen 9] VGC 2024 Reg H","players":["perish1vgc","Aki Hoshino"],"log":"|j|\u2606perish1vgc\n|j|\u2606Aki Hoshino\n|t:|1730277877\n|gametype|doubles\n|player|p1|perish1vgc|170|1763\n|player|p2|Aki Hoshino|aromalady|1643\n|teamsize|p1|6\n|teamsize|p2|6\n|gen|9\n|tier|[Gen 9] VGC 2024 Reg H\n|rated|\n|rule|Species Clause: Limit one of each Pok\u00e9mon\n|rule|Item Clause: Limit 1 of each item\n|clearpoke\n|poke|p1|Annihilape, L50, F|\n|poke|p1|Dragonite, L50, F|\n|poke|p1|Gholdengo, L50|\n|poke|p1|Kingambit, L50, M|\n|poke|p1|Volcarona, L50, M|\n|poke|p1|Whimsicott, L50, F|\n|poke|p2|Whimsicott, L50, M|\n|poke|p2|Volcarona, L50, F|\n|poke|p2|Dragonite, L50, F|\n|poke|p2|Kingambit, L50, M|\n|poke|p2|Sneasler, L50, F|\n|poke|p2|Ursaluna-Bloodmoon, L50, M|\n|teampreview|4\n|inactive|Battle timer is ON: inactive players will automatically lose when time's up. (requested by perish1vgc)\n|\n|t:|1730277908\n|start\n|switch|p1a: Volcarona|Volcarona, L50, M|100\/100\n|switch|p1b: Gholdengo|Gholdengo, L50|100\/100\n|switch|p2a: Whimsicott|Whimsicott, L50, M|100\/100\n|switch|p2b: Dragonite|Dragonite, L50, F|100\/100\n|turn|1\n|inactive|Aki Hoshino has 30 seconds left.\n|\n|t:|1730277934\n|-terastallize|p1b: Gholdengo|Steel\n|move|p2b: Dragonite|Protect|p2b: Dragonite\n|-singleturn|p2b: Dragonite|Protect\n|move|p2a: Whimsicott|Tailwind|p2a: Whimsicott\n|-sidestart|p2: Aki Hoshino|move: Tailwind\n|move|p1b: Gholdengo|Make It Rain|p2b: Dragonite|[spread] p2a\n|-activate|p2b: Dragonite|move: Protect\n|-supereffective|p2a: Whimsicott\n|-enditem|p2a: Whimsicott|Focus Sash\n|-damage|p2a: Whimsicott|1\/100\n|-unboost|p1b: Gholdengo|spa|1\n|move|p1a: Volcarona|Heat Wave|p2a: Whimsicott|[spread] p2a\n|-activate|p2b: Dragonite|move: Protect\n|-supereffective|p2a: Whimsicott\n|-damage|p2a: Whimsicott|0 fnt\n|faint|p2a: Whimsicott\n|\n|upkeep\n|\n|t:|1730277957\n|switch|p2a: Volcarona|Volcarona, L50, F|100\/100\n|turn|2\n|\n|t:|1730277969\n|switch|p1b: Dragonite|Dragonite, L50, F|100\/100\n|-terastallize|p2a: Volcarona|Fire\n|move|p2a: Volcarona|Heat Wave|p1b: Dragonite|[spread] p1a,p1b\n|-resisted|p1b: Dragonite\n|-damage|p1a: Volcarona|19\/100\n|-damage|p1b: Dragonite|80\/100\n|move|p2b: Dragonite|Scale Shot|p1a: Volcarona\n|-damage|p1a: Volcarona|0 fnt\n|faint|p1a: Volcarona\n|-hitcount|p1: Volcarona|1\n|-unboost|p2b: Dragonite|def|1\n|-boost|p2b: Dragonite|spe|1\n|\n|upkeep\n|\n|t:|1730277992\n|switch|p1a: Kingambit|Kingambit, L50, M|100\/100\n|turn|3\n|inactive|perish1vgc has 30 seconds left.\n|\n|t:|1730278025\n|switch|p2a: Ursaluna|Ursaluna-Bloodmoon, L50, M|100\/100\n|move|p1b: Dragonite|Extreme Speed|p2a: Ursaluna\n|-damage|p2a: Ursaluna|74\/100\n|move|p1a: Kingambit|Sucker Punch||[still]\n|-fail|p1a: Kingambit\n|move|p2b: Dragonite|Scale Shot|p1b: Dragonite\n|-supereffective|p1b: Dragonite\n|-damage|p1b: Dragonite|46\/100\n|-supereffective|p1b: Dragonite\n|-damage|p1b: Dragonite|14\/100\n|-supereffective|p1b: Dragonite\n|-damage|p1b: Dragonite|0 fnt\n|faint|p1b: Dragonite\n|-hitcount|p1: Dragonite|3\n|-unboost|p2b: Dragonite|def|1\n|-boost|p2b: Dragonite|spe|1\n|\n|upkeep\n|\n|t:|1730278030\n|switch|p1b: Gholdengo|Gholdengo, L50, tera:Steel|100\/100\n|turn|4\n|inactive|Aki Hoshino has 30 seconds left.\n|\n|t:|1730278056\n|move|p1a: Kingambit|Sucker Punch|p2b: Dragonite\n|-damage|p2b: Dragonite|12\/100\n|move|p2b: Dragonite|Scale Shot|p1a: Kingambit\n|-resisted|p1a: Kingambit\n|-damage|p1a: Kingambit|95\/100\n|-resisted|p1a: Kingambit\n|-damage|p1a: Kingambit|88\/100\n|-resisted|p1a: Kingambit\n|-damage|p1a: Kingambit|82\/100\n|-resisted|p1a: Kingambit\n|-damage|p1a: Kingambit|76\/100\n|-hitcount|p1a: Kingambit|4\n|-unboost|p2b: Dragonite|def|1\n|-boost|p2b: Dragonite|spe|1\n|move|p2a: Ursaluna|Earth Power|p1b: Gholdengo\n|-supereffective|p1b: Gholdengo\n|-damage|p1b: Gholdengo|0 fnt\n|faint|p1b: Gholdengo\n|-damage|p2a: Ursaluna|65\/100|[from] item: Life Orb\n|\n|-sideend|p2: Aki Hoshino|move: Tailwind\n|upkeep\n|turn|5\n|-message|perish1vgc forfeited.\n|\n|win|Aki Hoshino\n|raw|perish1vgc's rating: 1763 &rarr; <strong>1736<\/strong><br \/>(-27 for losing)\n|raw|Aki Hoshino's rating: 1643 &rarr; <strong>1670<\/strong><br \/>(+27 for winning)\n|l|\u2606perish1vgc\n|player|p1|\n|l|\u2606Aki Hoshino\n|player|p2|\n","uploadtime":1730278257,"views":17,"formatid":"gen9vgc2024regh","rating":1670,"private":0,"password":null}