{"id":"gen9vgc2024regh-2233591205","format":"[Gen 9] VGC 2024 Reg H","players":["Hikawari","rebornrhyme"],"log":"|j|\u2606Hikawari\n|j|\u2606rebornrhyme\n|t:|1730234913\n|gametype|doubles\n|player|p1|Hikawari|101|1709\n|player|p2|rebornrhyme|1|1721\n|teamsize|p1|6\n|teamsize|p2|6\n|gen|9\n|tier|[Gen 9] VGC 2024 Reg H\n|rated|\n|rule|Species Clause: Limit one of each Pok\u00e9mon\n|rule|Item Clause: Limit 1 of each item\n|clearpoke\n|poke|p1|Sneasler, L50, F|\n|poke|p1|Murkrow, L50, M|\n|poke|p1|Gholdengo, L50|\n|poke|p1|Indeedee, L50, M|\n|poke|p1|Annihilape, L50, F|\n|poke|p1|Sinistcha, L50|\n|poke|p2|Pawmot, L50, F|\n|poke|p2|Slaking, L50, M|\n|poke|p2|Weezing-Galar, L50, F|\n|poke|p2|Dondozo, L50, F|\n|poke|p2|Tatsugiri, L50, M|\n|poke|p2|Talonflame, L50, M|\n|teampreview|4\n|inactive|Battle timer is ON: inactive players will automatically lose when time's up. (requested by Hikawari)\nHikawari has agreed to open team sheets.\n|j| Fishyyism\n|inactive|Hikawari has 60 seconds left.\n|inactive|rebornrhyme has 60 seconds left.\n|\n|t:|1730234971\n|start\n|switch|p1a: Sneasler|Sneasler, L50, F, shiny|100\/100\n|switch|p1b: Indeedee|Indeedee, L50, M|100\/100\n|switch|p2a: Weezing|Weezing-Galar, L50, F|100\/100\n|switch|p2b: Slaking|Slaking, L50, M|100\/100\n|-ability|p2a: Weezing|Neutralizing Gas\n|turn|1\n|\n|t:|1730234988\n|-terastallize|p1a: Sneasler|Dark\n|-terastallize|p2b: Slaking|Ghost\n|move|p1b: Indeedee|Protect|p1b: Indeedee\n|-singleturn|p1b: Indeedee|Protect\n|move|p1a: Sneasler|Throat Chop|p2b: Slaking\n|-supereffective|p2b: Slaking\n|-damage|p2b: Slaking|17\/100\n|-start|p2b: Slaking|Throat Chop|[silent]\n|-damage|p1a: Sneasler|91\/100|[from] item: Life Orb\n|move|p2b: Slaking|Double-Edge|p1b: Indeedee\n|-activate|p1b: Indeedee|move: Protect\n|move|p2a: Weezing|Strange Steam|p1a: Sneasler\n|-supereffective|p1a: Sneasler\n|-damage|p1a: Sneasler|0 fnt\n|faint|p1a: Sneasler\n|\n|upkeep\n|\n|t:|1730234998\n|switch|p1a: Annihilape|Annihilape, L50, F, shiny|100\/100\n|turn|2\n|\n|t:|1730235010\n|move|p2b: Slaking|Double-Edge|p1b: Indeedee\n|-enditem|p1b: Indeedee|Focus Sash\n|-damage|p1b: Indeedee|1\/100\n|-damage|p2b: Slaking|0 fnt|[from] Recoil\n|faint|p2b: Slaking\n|move|p1b: Indeedee|Psychic|p2a: Weezing\n|-supereffective|p2a: Weezing\n|-damage|p2a: Weezing|17\/100\n|move|p1a: Annihilape|Rage Fist|p2a: Weezing\n|-damage|p2a: Weezing|0 fnt\n|faint|p2a: Weezing\n|-end|p2a: Weezing|ability: Neutralizing Gas\n|-fieldstart|move: Psychic Terrain|[from] ability: Psychic Surge|[of] p1b: Indeedee\n|\n|upkeep\n|\n|t:|1730235022\n|switch|p2b: Pawmot|Pawmot, L50, F|100\/100\n|switch|p2a: Dondozo|Dondozo, L50, F|100\/100\n|turn|3\n|\n|t:|1730235043\n|switch|p1b: Murkrow|Murkrow, L50, M|100\/100\n|move|p2b: Pawmot|Close Combat|p1b: Murkrow\n|-damage|p1b: Murkrow|38\/100\n|-unboost|p2b: Pawmot|def|1\n|-unboost|p2b: Pawmot|spd|1\n|move|p1a: Annihilape|Rage Fist|p2b: Pawmot\n|-damage|p2b: Pawmot|48\/100\n|move|p2a: Dondozo|Wave Crash|p1a: Annihilape\n|-damage|p1a: Annihilape|59\/100\n|-damage|p2a: Dondozo|89\/100|[from] Recoil\n|\n|-heal|p1a: Annihilape|65\/100|[from] item: Leftovers\n|-heal|p2a: Dondozo|95\/100|[from] item: Leftovers\n|upkeep\n|turn|4\n|inactive|rebornrhyme has 30 seconds left.\n|\n|t:|1730235071\n|move|p1a: Annihilape|Protect|p1a: Annihilape\n|-singleturn|p1a: Annihilape|Protect\n|move|p1b: Murkrow|Tailwind|p1b: Murkrow\n|-sidestart|p1: Hikawari|move: Tailwind\n|move|p2b: Pawmot|Revival Blessing|p2b: Pawmot\n|inactive|rebornrhyme has 30 seconds left.\n|\n|t:|1730235097\n|-heal|p2: Slaking|50\/100|[from] move: Revival Blessing\n|move|p2a: Dondozo|Wave Crash|p1a: Annihilape\n|-activate|p1a: Annihilape|move: Protect\n|\n|-heal|p1a: Annihilape|71\/100|[from] item: Leftovers\n|-heal|p2a: Dondozo|100\/100|[from] item: Leftovers\n|upkeep\n|turn|5\n|\n|t:|1730235118\n|move|p1b: Murkrow|Foul Play|p2b: Pawmot\n|-resisted|p2b: Pawmot\n|-damage|p2b: Pawmot|0 fnt\n|faint|p2b: Pawmot\n|move|p1a: Annihilape|Rage Fist|p2a: Dondozo\n|-crit|p2a: Dondozo\n|-damage|p2a: Dondozo|62\/100\n|move|p2a: Dondozo|Wave Crash|p1a: Annihilape\n|-damage|p1a: Annihilape|28\/100\n|-damage|p2a: Dondozo|50\/100|[from] Recoil\n|\n|-heal|p1a: Annihilape|34\/100|[from] item: Leftovers\n|-heal|p2a: Dondozo|56\/100|[from] item: Leftovers\n|upkeep\n|\n|t:|1730235128\n|switch|p2b: Slaking|Slaking, L50, M|50\/100\n|turn|6\n|\n|t:|1730235139\n|move|p2a: Dondozo|Protect|p2a: Dondozo\n|-singleturn|p2a: Dondozo|Protect\n|move|p1b: Murkrow|Foul Play|p2b: Slaking\n|-damage|p2b: Slaking|4\/100\n|move|p1a: Annihilape|Rage Fist|p2a: Dondozo\n|-activate|p2a: Dondozo|move: Protect\n|move|p2b: Slaking|Double-Edge|p1a: Annihilape\n|-immune|p1a: Annihilape\n|\n|-heal|p1a: Annihilape|40\/100|[from] item: Leftovers\n|-heal|p2a: Dondozo|62\/100|[from] item: Leftovers\n|-fieldend|move: Psychic Terrain\n|upkeep\n|turn|7\n|l|\u2606rebornrhyme\n|inactive|rebornrhyme disconnected and has a minute to reconnect!\n|player|p2|\n|inactive|rebornrhyme has 30 seconds left.\n|inactive|rebornrhyme has 20 seconds left.\n|inactive|rebornrhyme has 15 seconds left.\n|inactive|rebornrhyme has 10 seconds left.\n|inactive|rebornrhyme has 5 seconds left.\n|-message|rebornrhyme lost due to inactivity.\n|\n|win|Hikawari\n|raw|Hikawari's rating: 1709 &rarr; <strong>1730<\/strong><br \/>(+21 for winning)\n|raw|rebornrhyme's rating: 1721 &rarr; <strong>1700<\/strong><br \/>(-21 for losing)\n|l|\u2606Hikawari\n|player|p1|\n|l| Fishyyism\n","uploadtime":1730235412,"views":13,"formatid":"gen9vgc2024regh","rating":1700,"private":0,"password":null}