{"id":"gen9vgc2024regh-2233995322","format":"[Gen 9] VGC 2024 Reg H","players":["gesok falling down","Pjppjp"],"log":"|j|\u2606gesok falling down\n|j|\u2606Pjppjp\n|t:|1730292601\n|gametype|doubles\n|player|p1|gesok falling down|101|1752\n|player|p2|Pjppjp|170|1649\n|teamsize|p1|6\n|teamsize|p2|6\n|gen|9\n|tier|[Gen 9] VGC 2024 Reg H\n|rated|\n|rule|Species Clause: Limit one of each Pok\u00e9mon\n|rule|Item Clause: Limit 1 of each item\n|clearpoke\n|poke|p1|Whimsicott, L50, F|\n|poke|p1|Typhlosion-Hisui, L50, F|\n|poke|p1|Rillaboom, L50, F|\n|poke|p1|Pawmot, L50, M|\n|poke|p1|Toedscruel, L50, F|\n|poke|p1|Weezing-Galar, L50, F|\n|poke|p2|Armarouge, L50, F|\n|poke|p2|Politoed, L50, F|\n|poke|p2|Kilowattrel, L50, M|\n|poke|p2|Archaludon, L50, F|\n|poke|p2|Indeedee-F, L50, F|\n|poke|p2|Breloom, L50, F|\n|teampreview|4\n|inactive|Battle timer is ON: inactive players will automatically lose when time's up. (requested by Pjppjp)\n|\n|t:|1730292629\n|start\n|switch|p1a: Typhlosion|Typhlosion-Hisui, L50, F|100\/100\n|switch|p1b: Weezing|Weezing-Galar, L50, F|100\/100\n|switch|p2a: Politoed|Politoed, L50, F, shiny|100\/100\n|switch|p2b: Kilowattrel|Kilowattrel, L50, M|100\/100\n|-ability|p1b: Weezing|Neutralizing Gas\n|turn|1\n|\n|t:|1730292642\n|move|p1a: Typhlosion|Eruption|p2b: Kilowattrel|[spread] p2a,p2b\n|-resisted|p2a: Politoed\n|-damage|p2a: Politoed|82\/100\n|-damage|p2b: Kilowattrel|7\/100\n|move|p2b: Kilowattrel|Tailwind|p2b: Kilowattrel\n|-sidestart|p2: Pjppjp|move: Tailwind\n|move|p2a: Politoed|Muddy Water|p1a: Typhlosion|[spread] p1a,p1b\n|-supereffective|p1a: Typhlosion\n|-damage|p1a: Typhlosion|40\/100\n|-damage|p1b: Weezing|73\/100\n|-unboost|p1a: Typhlosion|accuracy|1\n|move|p1b: Weezing|Dazzling Gleam|p2a: Politoed|[spread] p2a,p2b\n|-crit|p2b: Kilowattrel\n|-damage|p2a: Politoed|63\/100\n|-damage|p2b: Kilowattrel|0 fnt\n|faint|p2b: Kilowattrel\n|\n|upkeep\n|\n|t:|1730292659\n|switch|p2b: Armarouge|Armarouge, L50, F, shiny|100\/100\n|turn|2\n|j| lopalg99\n|\n|t:|1730292675\n|switch|p1a: Pawmot|Pawmot, L50, M|100\/100\n|-terastallize|p2b: Armarouge|Psychic\n|move|p2b: Armarouge|Expanding Force|p1b: Weezing\n|-supereffective|p1b: Weezing\n|-damage|p1b: Weezing|0 fnt\n|faint|p1b: Weezing\n|-end|p1b: Weezing|ability: Neutralizing Gas\n|-weather|RainDance|[from] ability: Drizzle|[of] p2a: Politoed\n|move|p2a: Politoed|Muddy Water|p1a: Pawmot\n|-damage|p1a: Pawmot|25\/100\n|\n|-weather|RainDance|[upkeep]\n|upkeep\n|inactive|gesok falling down has 30 seconds left.\n|inactive|gesok falling down has 20 seconds left.\n|inactive|gesok falling down has 15 seconds left.\n|inactive|gesok falling down has 10 seconds left.\n|\n|t:|1730292721\n|switch|p1b: Typhlosion|Typhlosion-Hisui, L50, F|40\/100\n|-item|p2a: Politoed|Wide Lens|[from] ability: Frisk|[of] p1b: Typhlosion\n|-item|p2b: Armarouge|Weakness Policy|[from] ability: Frisk|[of] p1b: Typhlosion\n|turn|3\n|\n|t:|1730292739\n|switch|p2a: Indeedee|Indeedee-F, L50, F|100\/100\n|-fieldstart|move: Psychic Terrain|[from] ability: Psychic Surge|[of] p2a: Indeedee\n|move|p2b: Armarouge|Expanding Force|p1a: Pawmot|[spread] p1a,p1b\n|-supereffective|p1a: Pawmot\n|-crit|p1a: Pawmot\n|-damage|p1a: Pawmot|0 fnt\n|-damage|p1b: Typhlosion|0 fnt\n|faint|p1a: Pawmot\n|faint|p1b: Typhlosion\n|\n|-weather|RainDance|[upkeep]\n|upkeep\n|\n|t:|1730292745\n|switch|p1b: Rillaboom|Rillaboom, L50, F|100\/100\n|-fieldstart|move: Grassy Terrain|[from] ability: Grassy Surge|[of] p1b: Rillaboom\n|turn|4\n|\n|t:|1730292751\n|move|p2a: Indeedee|Follow Me|p2a: Indeedee\n|-singleturn|p2a: Indeedee|move: Follow Me\n|move|p2b: Armarouge|Expanding Force|p1b: Rillaboom\n|-damage|p1b: Rillaboom|49\/100\n|move|p1b: Rillaboom|Wood Hammer|p2a: Indeedee\n|-damage|p2a: Indeedee|12\/100\n|-enditem|p2a: Indeedee|Aguav Berry|[eat]\n|-heal|p2a: Indeedee|45\/100|[from] item: Aguav Berry\n|-damage|p1b: Rillaboom|20\/100|[from] Recoil\n|\n|-weather|RainDance|[upkeep]\n|-heal|p2a: Indeedee|51\/100|[from] Grassy Terrain\n|-heal|p1b: Rillaboom|26\/100|[from] Grassy Terrain\n|-sideend|p2: Pjppjp|move: Tailwind\n|upkeep\n|turn|5\n|-message|gesok falling down forfeited.\n|\n|win|Pjppjp\n|raw|gesok falling down's rating: 1752 &rarr; <strong>1726<\/strong><br \/>(-26 for losing)\n|raw|Pjppjp's rating: 1649 &rarr; <strong>1675<\/strong><br \/>(+26 for winning)\n|l|\u2606gesok falling down\n|player|p1|\n|l|\u2606Pjppjp\n|player|p2|\n","uploadtime":1730293002,"views":12,"formatid":"gen9vgc2024regh","rating":1675,"private":0,"password":null}