{"id":"gen9vgc2024regh-2233374287","format":"[Gen 9] VGC 2024 Reg H","players":["TrubbishTyler","YwzDYan"],"log":"|j|\u2606TrubbishTyler\n|j|\u2606YwzDYan\n|t:|1730215857\n|gametype|doubles\n|player|p1|TrubbishTyler|burglar|1735\n|player|p2|YwzDYan|roxie|1787\n|teamsize|p1|6\n|teamsize|p2|6\n|gen|9\n|tier|[Gen 9] VGC 2024 Reg H\n|rated|\n|rule|Species Clause: Limit one of each Pok\u00e9mon\n|rule|Item Clause: Limit 1 of each item\n|clearpoke\n|poke|p1|Dondozo, L50, M|\n|poke|p1|Tatsugiri, L50, M|\n|poke|p1|Hydreigon, L50, M|\n|poke|p1|Garchomp, L50, F|\n|poke|p1|Indeedee, L50, M|\n|poke|p1|Sneasler, L50, M|\n|poke|p2|Pelipper, L50, M|\n|poke|p2|Annihilape, L50, M|\n|poke|p2|Sinistcha-Masterpiece, L50|\n|poke|p2|Archaludon, L50, F|\n|poke|p2|Whimsicott, L50, F|\n|poke|p2|Slowbro, L50, M|\n|teampreview|4\n|inactive|Battle timer is ON: inactive players will automatically lose when time's up. (requested by YwzDYan)\n|inactive|YwzDYan has 60 seconds left.\n|\n|t:|1730215897\n|start\n|switch|p1a: Indeedee|Indeedee, L50, M|100\/100\n|switch|p1b: Sneasler|Sneasler, L50, M|100\/100\n|switch|p2a: Slowbro|Slowbro, L50, M|100\/100\n|switch|p2b: Pelipper|Pelipper, L50, M|100\/100\n|-fieldstart|move: Psychic Terrain|[from] ability: Psychic Surge|[of] p1a: Indeedee\n|-enditem|p1b: Sneasler|Psychic Seed\n|-boost|p1b: Sneasler|spd|1|[from] item: Psychic Seed\n|-weather|RainDance|[from] ability: Drizzle|[of] p2b: Pelipper\n|turn|1\n|\n|t:|1730215915\n|move|p2b: Pelipper|Wide Guard|p2b: Pelipper\n|-singleturn|p2b: Pelipper|Wide Guard\n|move|p1b: Sneasler|Dire Claw|p2b: Pelipper\n|-damage|p2b: Pelipper|51\/100\n|move|p1a: Indeedee|Imprison|p1a: Indeedee\n|-start|p1a: Indeedee|move: Imprison\n|cant|p2a: Slowbro|move: Imprison|Expanding Force\n|\n|-weather|RainDance|[upkeep]\n|upkeep\n|turn|2\n|\n|t:|1730215939\n|-terastallize|p2b: Pelipper|Steel\n|move|p1b: Sneasler|Dire Claw|p2b: Pelipper\n|-immune|p2b: Pelipper\n|move|p1a: Indeedee|Expanding Force|p2b: Pelipper|[spread] p2a,p2b\n|-resisted|p2a: Slowbro\n|-crit|p2a: Slowbro\n|-resisted|p2b: Pelipper\n|-damage|p2a: Slowbro|70\/100\n|-damage|p2b: Pelipper|14\/100\n|move|p2b: Pelipper|Tailwind|p2b: Pelipper\n|-sidestart|p2: YwzDYan|move: Tailwind\n|move|p2a: Slowbro|Yawn|p1b: Sneasler\n|-start|p1b: Sneasler|move: Yawn|[of] p2a: Slowbro\n|\n|-weather|RainDance|[upkeep]\n|upkeep\n|turn|3\n|\n|t:|1730215957\n|switch|p1b: Hydreigon|Hydreigon, L50, M|100\/100\n|move|p2b: Pelipper|Wide Guard|p2b: Pelipper\n|-singleturn|p2b: Pelipper|Wide Guard\n|move|p1a: Indeedee|Expanding Force|p2b: Pelipper|[spread] \n|-activate|p2a: Slowbro|move: Wide Guard\n|-activate|p2b: Pelipper|move: Wide Guard\n|move|p2a: Slowbro|Scald|p1a: Indeedee\n|-damage|p1a: Indeedee|47\/100\n|\n|-weather|RainDance|[upkeep]\n|upkeep\n|turn|4\n|\n|t:|1730215974\n|switch|p2b: Whimsicott|Whimsicott, L50, F|100\/100\n|-terastallize|p1a: Indeedee|Fighting\n|move|p1b: Hydreigon|Dark Pulse|p2a: Slowbro\n|-supereffective|p2a: Slowbro\n|-damage|p2a: Slowbro|0 fnt\n|faint|p2a: Slowbro\n|move|p1a: Indeedee|Tera Blast|p2b: Whimsicott|[anim] Tera Blast Fighting\n|-resisted|p2b: Whimsicott\n|-damage|p2b: Whimsicott|69\/100\n|\n|-weather|RainDance|[upkeep]\n|upkeep\n|\n|t:|1730215981\n|switch|p2a: Annihilape|Annihilape, L50, M|100\/100\n|turn|5\n|\n|t:|1730215992\n|move|p2b: Whimsicott|Beat Up|p2a: Annihilape\n|-damage|p2a: Annihilape|98\/100\n|-damage|p2a: Annihilape|96\/100\n|-damage|p2a: Annihilape|94\/100\n|-hitcount|p2a: Annihilape|3\n|move|p2a: Annihilape|Rage Fist|p1a: Indeedee\n|-crit|p1a: Indeedee\n|-damage|p1a: Indeedee|0 fnt\n|faint|p1a: Indeedee\n|move|p1b: Hydreigon|Dark Pulse|p2a: Annihilape\n|-damage|p2a: Annihilape|38\/100\n|-enditem|p2a: Annihilape|Sitrus Berry|[eat]\n|-heal|p2a: Annihilape|63\/100|[from] item: Sitrus Berry\n|\n|-weather|none\n|-sideend|p2: YwzDYan|move: Tailwind\n|-fieldend|move: Psychic Terrain\n|upkeep\n|\n|t:|1730216005\n|switch|p1a: Sneasler|Sneasler, L50, M|100\/100\n|turn|6\n|\n|t:|1730216020\n|move|p2b: Whimsicott|Tailwind|p2b: Whimsicott\n|-sidestart|p2: YwzDYan|move: Tailwind\n|move|p2a: Annihilape|Rage Fist|p1a: Sneasler\n|-damage|p1a: Sneasler|0 fnt\n|faint|p1a: Sneasler\n|move|p1b: Hydreigon|Dark Pulse|p2a: Annihilape\n|-damage|p2a: Annihilape|10\/100\n|\n|upkeep\n|\n|t:|1730216029\n|switch|p1a: Garchomp|Garchomp, L50, F|100\/100\n|turn|7\n|\n|t:|1730216048\n|move|p2a: Annihilape|Protect|p2a: Annihilape\n|-singleturn|p2a: Annihilape|Protect\n|move|p1a: Garchomp|Protect|p1a: Garchomp\n|-singleturn|p1a: Garchomp|Protect\n|move|p2b: Whimsicott|Moonblast|p1a: Garchomp\n|-activate|p1a: Garchomp|move: Protect\n|move|p1b: Hydreigon|Dark Pulse|p2a: Annihilape\n|-activate|p2a: Annihilape|move: Protect\n|\n|upkeep\n|turn|8\n|\n|t:|1730216064\n|switch|p2a: Pelipper|Pelipper, L50, M, tera:Steel|14\/100\n|-weather|RainDance|[from] ability: Drizzle|[of] p2a: Pelipper\n|move|p2b: Whimsicott|Moonblast|p1b: Hydreigon\n|-supereffective|p1b: Hydreigon\n|-damage|p1b: Hydreigon|0 fnt\n|faint|p1b: Hydreigon\n|move|p1a: Garchomp|Earthquake|p2a: Pelipper|[spread] p2a,p2b\n|-supereffective|p2a: Pelipper\n|-resisted|p2b: Whimsicott\n|-damage|p2a: Pelipper|0 fnt\n|-damage|p2b: Whimsicott|40\/100\n|faint|p2a: Pelipper\n|\n|-weather|RainDance|[upkeep]\n|upkeep\n|\n|t:|1730216073\n|switch|p2a: Annihilape|Annihilape, L50, M|10\/100\n|turn|9\n|\n|t:|1730216079\n|move|p2b: Whimsicott|Moonblast|p1a: Garchomp\n|-supereffective|p1a: Garchomp\n|-damage|p1a: Garchomp|27\/100\n|move|p2a: Annihilape|Rage Fist|p1a: Garchomp\n|-damage|p1a: Garchomp|0 fnt\n|-damage|p2a: Annihilape|0 fnt|[from] ability: Rough Skin|[of] p1a: Garchomp\n|faint|p1a: Garchomp\n|faint|p2a: Annihilape\n|\n|win|YwzDYan\n|raw|TrubbishTyler's rating: 1735 &rarr; <strong>1718<\/strong><br \/>(-17 for losing)\n|raw|YwzDYan's rating: 1787 &rarr; <strong>1804<\/strong><br \/>(+17 for winning)\n|l|\u2606TrubbishTyler\n|player|p1|\n|l|\u2606YwzDYan\n|player|p2|\n","uploadtime":1730216333,"views":26,"formatid":"gen9vgc2024regh","rating":1718,"private":0,"password":null}