{"id":"gen9vgc2024regh-2233052287","format":"[Gen 9] VGC 2024 Reg H","players":["Pokipls","RomanTogepi"],"log":"|j|\u2606Pokipls\n|j|\u2606RomanTogepi\n|t:|1730170000\n|gametype|doubles\n|player|p1|Pokipls|101|1664\n|player|p2|RomanTogepi|101|1742\n|teamsize|p1|6\n|teamsize|p2|6\n|gen|9\n|tier|[Gen 9] VGC 2024 Reg H\n|rated|\n|rule|Species Clause: Limit one of each Pok\u00e9mon\n|rule|Item Clause: Limit 1 of each item\n|clearpoke\n|poke|p1|Blaziken, L50, F|\n|poke|p1|Baxcalibur, L50, M|\n|poke|p1|Comfey, L50, M|\n|poke|p1|Gholdengo, L50|\n|poke|p1|Murkrow, L50, M|\n|poke|p1|Kingambit, L50, F|\n|poke|p2|Indeedee, L50, M|\n|poke|p2|Sneasler, L50, M|\n|poke|p2|Mimikyu, L50, F|\n|poke|p2|Magmar, L50, M|\n|poke|p2|Garchomp, L50, M|\n|poke|p2|Dragonite, L50, M|\n|teampreview|4\n|\n|t:|1730170025\n|start\n|switch|p1a: Blaziken|Blaziken, L50, F|100\/100\n|switch|p1b: Baxcalibur|Baxcalibur, L50, M|100\/100\n|switch|p2a: Mimikyu|Mimikyu, L50, F|100\/100\n|switch|p2b: Sneasler|Sneasler, L50, M|100\/100\n|turn|1\n|\n|t:|1730170044\n|move|p1a: Blaziken|Protect|p1a: Blaziken\n|-singleturn|p1a: Blaziken|Protect\n|move|p1b: Baxcalibur|Protect|p1b: Baxcalibur\n|-singleturn|p1b: Baxcalibur|Protect\n|move|p2b: Sneasler|Coaching|p2a: Mimikyu\n|-boost|p2a: Mimikyu|atk|1\n|-boost|p2a: Mimikyu|def|1\n|move|p2a: Mimikyu|Play Rough|p1a: Blaziken\n|-activate|p1a: Blaziken|move: Protect\n|\n|-ability|p1a: Blaziken|Speed Boost|boost\n|-boost|p1a: Blaziken|spe|1\n|upkeep\n|turn|2\n|j| Xunyicaoawa\n|\n|t:|1730170064\n|-terastallize|p1b: Baxcalibur|Ground\n|move|p1a: Blaziken|Coaching|p1b: Baxcalibur\n|-boost|p1b: Baxcalibur|atk|1\n|-boost|p1b: Baxcalibur|def|1\n|move|p2b: Sneasler|Dire Claw|p1a: Blaziken\n|-crit|p1a: Blaziken\n|-enditem|p1a: Blaziken|Focus Sash\n|-damage|p1a: Blaziken|1\/100\n|-status|p1a: Blaziken|slp\n|move|p2a: Mimikyu|Play Rough|p1a: Blaziken\n|-damage|p1a: Blaziken|0 fnt\n|faint|p1a: Blaziken\n|-damage|p2a: Mimikyu|90\/100|[from] item: Life Orb\n|move|p1b: Baxcalibur|Icicle Spear|p2b: Sneasler\n|-damage|p2b: Sneasler|60\/100\n|-damage|p2b: Sneasler|22\/100\n|-damage|p2b: Sneasler|0 fnt\n|faint|p2b: Sneasler\n|-hitcount|p2: Sneasler|3\n|\n|upkeep\n|inactive|Battle timer is ON: inactive players will automatically lose when time's up. (requested by RomanTogepi)\n|\n|t:|1730170090\n|switch|p2b: Indeedee|Indeedee, L50, M|100\/100\n|switch|p1a: Comfey|Comfey, L50, M|100\/100\n|-fieldstart|move: Psychic Terrain|[from] ability: Psychic Surge|[of] p2b: Indeedee\n|turn|3\n|\n|t:|1730170111\n|-terastallize|p2b: Indeedee|Psychic\n|move|p2b: Indeedee|Expanding Force|p1a: Comfey|[spread] p1a,p1b\n|-damage|p1a: Comfey|21\/100\n|-damage|p1b: Baxcalibur|26\/100\n|move|p1a: Comfey|Tailwind|p1a: Comfey\n|-sidestart|p1: Pokipls|move: Tailwind\n|move|p1b: Baxcalibur|Icicle Spear|p2a: Mimikyu\n|-activate|p2a: Mimikyu|ability: Disguise\n|-damage|p2a: Mimikyu|90\/100\n|detailschange|p2a: Mimikyu|Mimikyu-Busted, L50, F\n|-damage|p2a: Mimikyu|78\/100|[from] pokemon: Mimikyu-Busted\n|-damage|p2a: Mimikyu|54\/100\n|-damage|p2a: Mimikyu|29\/100\n|-damage|p2a: Mimikyu|6\/100\n|-hitcount|p2a: Mimikyu|4\n|move|p2a: Mimikyu|Shadow Claw|p1a: Comfey\n|-damage|p1a: Comfey|0 fnt\n|-damage|p2a: Mimikyu|0 fnt|[from] item: Rocky Helmet|[of] p1a: Comfey\n|faint|p1a: Comfey\n|faint|p2a: Mimikyu\n|\n|upkeep\n|\n|t:|1730170129\n|switch|p1a: Gholdengo|Gholdengo, L50|100\/100\n|switch|p2a: Magmar|Magmar, L50, M|100\/100\n|turn|4\n|\n|t:|1730170147\n|move|p2a: Magmar|Follow Me|p2a: Magmar\n|-singleturn|p2a: Magmar|move: Follow Me\n|move|p1a: Gholdengo|Shadow Ball|p2a: Magmar\n|-damage|p2a: Magmar|50\/100\n|move|p1b: Baxcalibur|Scale Shot|p2a: Magmar\n|-damage|p2a: Magmar|31\/100\n|-damage|p2a: Magmar|13\/100\n|-damage|p2a: Magmar|0 fnt\n|faint|p2a: Magmar\n|-hitcount|p2: Magmar|3\n|-unboost|p1b: Baxcalibur|def|1\n|-boost|p1b: Baxcalibur|spe|1\n|move|p2b: Indeedee|Expanding Force|p1b: Baxcalibur|[spread] p1a,p1b\n|-resisted|p1a: Gholdengo\n|-damage|p1a: Gholdengo|55\/100\n|-damage|p1b: Baxcalibur|0 fnt\n|faint|p1b: Baxcalibur\n|\n|upkeep\n|turn|5\n|\n|t:|1730170164\n|move|p1a: Gholdengo|Shadow Ball|p2b: Indeedee\n|-supereffective|p2b: Indeedee\n|-damage|p2b: Indeedee|0 fnt\n|faint|p2b: Indeedee\n|\n|win|Pokipls\n|raw|Pokipls's rating: 1664 &rarr; <strong>1688<\/strong><br \/>(+24 for winning)\n|raw|RomanTogepi's rating: 1742 &rarr; <strong>1718<\/strong><br \/>(-24 for losing)\n|l| Xunyicaoawa\n|l|\u2606Pokipls\n|player|p1|\n","uploadtime":1730170357,"views":11,"formatid":"gen9vgc2024regh","rating":1688,"private":0,"password":null}