{"id":"gen9vgc2024regh-2233764347","format":"[Gen 9] VGC 2024 Reg H","players":["Zetez","647w"],"log":"|j|\u2606Zetez\n|j|\u2606647w\n|t:|1730254090\n|gametype|doubles\n|player|p1|Zetez|veteran|1703\n|player|p2|647w|lucas-gen4pt|1650\n|teamsize|p1|6\n|teamsize|p2|6\n|gen|9\n|tier|[Gen 9] VGC 2024 Reg H\n|rated|\n|rule|Species Clause: Limit one of each Pok\u00e9mon\n|rule|Item Clause: Limit 1 of each item\n|clearpoke\n|poke|p1|Annihilape, L50, M|\n|poke|p1|Sneasler, L50, F|\n|poke|p1|Indeedee, L50, M|\n|poke|p1|Dragapult, L50, F|\n|poke|p1|Ribombee, L50, M|\n|poke|p1|Electabuzz, L50, M|\n|poke|p2|Kilowattrel, L50, M|\n|poke|p2|Garchomp, L50, M|\n|poke|p2|Gholdengo, L50|\n|poke|p2|Incineroar, L50, F|\n|poke|p2|Rillaboom, L50, F|\n|poke|p2|Dondozo, L50, M|\n|teampreview|4\n647w has agreed to open team sheets.\n|\n|t:|1730254141\n|start\n|switch|p1a: Indeedee|Indeedee, L50, M|100\/100\n|switch|p1b: Ribombee|Ribombee, L50, M|100\/100\n|switch|p2a: Garchomp|Garchomp, L50, M|100\/100\n|switch|p2b: Gholdengo|Gholdengo, L50|100\/100\n|-fieldstart|move: Psychic Terrain|[from] ability: Psychic Surge|[of] p1a: Indeedee\n|turn|1\n|\n|t:|1730254162\n|switch|p2a: Rillaboom|Rillaboom, L50, F|100\/100\n|-fieldstart|move: Grassy Terrain|[from] ability: Grassy Surge|[of] p2a: Rillaboom\n|-terastallize|p1b: Ribombee|Ground\n|move|p1b: Ribombee|Quiver Dance|p1b: Ribombee\n|-boost|p1b: Ribombee|spa|1\n|-boost|p1b: Ribombee|spd|1\n|-boost|p1b: Ribombee|spe|1\n|move|p1a: Indeedee|Expanding Force|p2a: Rillaboom\n|-damage|p2a: Rillaboom|73\/100\n|move|p2b: Gholdengo|Make It Rain|p1b: Ribombee|[spread] p1a,p1b\n|-damage|p1a: Indeedee|36\/100\n|-damage|p1b: Ribombee|49\/100\n|-unboost|p2b: Gholdengo|spa|1\n|\n|-heal|p1b: Ribombee|55\/100|[from] Grassy Terrain\n|-heal|p1a: Indeedee|42\/100|[from] Grassy Terrain\n|-heal|p2a: Rillaboom|79\/100|[from] Grassy Terrain\n|upkeep\n|turn|2\n|\n|t:|1730254191\n|switch|p1a: Annihilape|Annihilape, L50, M|100\/100\n|move|p2a: Rillaboom|Grassy Glide|p1b: Ribombee\n|-supereffective|p1b: Ribombee\n|-damage|p1b: Ribombee|0 fnt\n|faint|p1b: Ribombee\n|move|p2b: Gholdengo|Nasty Plot|p2b: Gholdengo\n|-boost|p2b: Gholdengo|spa|2\n|\n|-heal|p2a: Rillaboom|85\/100|[from] Grassy Terrain\n|upkeep\n|\n|t:|1730254204\n|switch|p1b: Indeedee|Indeedee, L50, M|42\/100\n|-fieldstart|move: Psychic Terrain|[from] ability: Psychic Surge|[of] p1b: Indeedee\n|turn|3\n|\n|t:|1730254219\n|switch|p2a: Dondozo|Dondozo, L50, M|100\/100\n|move|p2b: Gholdengo|Protect|p2b: Gholdengo\n|-singleturn|p2b: Gholdengo|Protect\n|move|p1a: Annihilape|Rage Fist|p2b: Gholdengo\n|-activate|p2b: Gholdengo|move: Protect\n|move|p1b: Indeedee|Expanding Force|p2a: Dondozo|[spread] p2a\n|-activate|p2b: Gholdengo|move: Protect\n|-damage|p2a: Dondozo|62\/100\n|\n|-heal|p2a: Dondozo|68\/100|[from] item: Leftovers\n|upkeep\n|turn|4\n|\n|t:|1730254243\n|switch|p2b: Rillaboom|Rillaboom, L50, F|85\/100\n|-fieldstart|move: Grassy Terrain|[from] ability: Grassy Surge|[of] p2b: Rillaboom\n|move|p1b: Indeedee|Helping Hand|p1a: Annihilape\n|-singleturn|p1a: Annihilape|Helping Hand|[of] p1b: Indeedee\n|move|p1a: Annihilape|Rage Fist|p2b: Rillaboom\n|-damage|p2b: Rillaboom|57\/100\n|move|p2a: Dondozo|Yawn|p1a: Annihilape\n|-start|p1a: Annihilape|move: Yawn|[of] p2a: Dondozo\n|\n|-heal|p1b: Indeedee|48\/100|[from] Grassy Terrain\n|-heal|p2b: Rillaboom|62\/100|[from] Grassy Terrain\n|-heal|p2a: Dondozo|74\/100|[from] Grassy Terrain\n|-heal|p2a: Dondozo|81\/100|[from] item: Leftovers\n|upkeep\n|turn|5\n|\n|t:|1730254272\n|switch|p1a: Sneasler|Sneasler, L50, F|100\/100\n|move|p1b: Indeedee|Expanding Force|p2a: Dondozo\n|-damage|p2a: Dondozo|57\/100\n|move|p2b: Rillaboom|U-turn|p1b: Indeedee\n|-supereffective|p1b: Indeedee\n|-damage|p1b: Indeedee|0 fnt\n|faint|p1b: Indeedee\n|\n|t:|1730254279\n|switch|p2b: Garchomp|Garchomp, L50, M|100\/100|[from] U-turn\n|move|p2a: Dondozo|Yawn|p1a: Sneasler\n|-start|p1a: Sneasler|move: Yawn|[of] p2a: Dondozo\n|\n|-heal|p2a: Dondozo|64\/100|[from] Grassy Terrain\n|-heal|p2a: Dondozo|70\/100|[from] item: Leftovers\n|upkeep\n|\n|t:|1730254299\n|switch|p1b: Annihilape|Annihilape, L50, M|100\/100\n|turn|6\n|\n|t:|1730254320\n|move|p1b: Annihilape|Final Gambit|p2b: Garchomp\n|-damage|p2b: Garchomp|0 fnt\n|faint|p1b: Annihilape\n|faint|p2b: Garchomp\n|move|p1a: Sneasler|Dire Claw|p2a: Dondozo\n|-damage|p2a: Dondozo|43\/100\n|-status|p2a: Dondozo|par\n|cant|p2a: Dondozo|par\n|\n|-heal|p2a: Dondozo|49\/100 par|[from] Grassy Terrain\n|-heal|p2a: Dondozo|55\/100 par|[from] item: Leftovers\n|-end|p1a: Sneasler|move: Yawn|[silent]\n|-status|p1a: Sneasler|slp\n|upkeep\n|\n|t:|1730254326\n|switch|p2b: Gholdengo|Gholdengo, L50|100\/100\n|turn|7\n|l|\u2606Zetez\n|player|p1|\n|inactive|Battle timer is ON: inactive players will automatically lose when time's up. (requested by 647w)\n|j|\u2606Zetez\n|inactive|Zetez reconnected and has 90 seconds left.\n|player|p1|Zetez|veteran|\n|j| bluestraggler01\n|-message|Zetez forfeited.\n|\n|win|647w\n|raw|Zetez's rating: 1703 &rarr; <strong>1680<\/strong><br \/>(-23 for losing)\n|raw|647w's rating: 1650 &rarr; <strong>1673<\/strong><br \/>(+23 for winning)\n|l|\u2606Zetez\n|player|p1|\n|l| bluestraggler01\n","uploadtime":1730254413,"views":47,"formatid":"gen9vgc2024regh","rating":1673,"private":0,"password":null}