{"id":"gen9vgc2024regh-2233099488","format":"[Gen 9] VGC 2024 Reg H","players":["ttps65","Aki Hoshino"],"log":"|j|\u2606ttps65\n|j|\u2606Aki Hoshino\n|t:|1730177013\n|gametype|doubles\n|player|p1|ttps65|lucas|1694\n|player|p2|Aki Hoshino|aromalady|1769\n|teamsize|p1|6\n|teamsize|p2|6\n|gen|9\n|tier|[Gen 9] VGC 2024 Reg H\n|rated|\n|rule|Species Clause: Limit one of each Pok\u00e9mon\n|rule|Item Clause: Limit 1 of each item\n|clearpoke\n|poke|p1|Whimsicott, L50, M|\n|poke|p1|Annihilape, L50, F|\n|poke|p1|Kingambit, L50, F|\n|poke|p1|Archaludon, L50, F|\n|poke|p1|Typhlosion-Hisui, L50, F|\n|poke|p1|Rillaboom, L50, M|\n|poke|p2|Whimsicott, L50, F|\n|poke|p2|Typhlosion-Hisui, L50, M|\n|poke|p2|Primarina, L50, M|\n|poke|p2|Dragapult, L50, M|\n|poke|p2|Archaludon, L50, M|\n|poke|p2|Ursaluna-Bloodmoon, L50, M|\n|teampreview|4\n|j| mr pogostick\n|\n|t:|1730177041\n|start\n|switch|p1a: Annihilape|Annihilape, L50, F|100\/100\n|switch|p1b: Whimsicott|Whimsicott, L50, M|100\/100\n|switch|p2a: Whimsicott|Whimsicott, L50, F|100\/100\n|switch|p2b: Dragapult|Dragapult, L50, M|100\/100\n|turn|1\n|\n|t:|1730177086\n|move|p1a: Annihilape|Protect|p1a: Annihilape\n|-singleturn|p1a: Annihilape|Protect\n|move|p2b: Dragapult|U-turn|p1a: Annihilape\n|-activate|p1a: Annihilape|move: Protect\n|move|p1b: Whimsicott|Moonblast|p2b: Dragapult\n|-supereffective|p2b: Dragapult\n|-damage|p2b: Dragapult|8\/100\n|move|p2a: Whimsicott|Trick Room|p2a: Whimsicott\n|-fieldstart|move: Trick Room|[of] p2a: Whimsicott\n|\n|upkeep\n|turn|2\n|j| Vendette\n|\n|t:|1730177108\n|switch|p1a: Rillaboom|Rillaboom, L50, M|100\/100\n|-fieldstart|move: Grassy Terrain|[from] ability: Grassy Surge|[of] p1a: Rillaboom\n|switch|p2a: Ursaluna|Ursaluna-Bloodmoon, L50, M|100\/100\n|move|p1b: Whimsicott|Moonblast|p2b: Dragapult\n|-supereffective|p2b: Dragapult\n|-damage|p2b: Dragapult|0 fnt\n|faint|p2b: Dragapult\n|\n|upkeep\n|\n|t:|1730177120\n|switch|p2b: Typhlosion|Typhlosion-Hisui, L50, M|100\/100\n|-item|p1a: Rillaboom|Assault Vest|[from] ability: Frisk|[of] p2b: Typhlosion\n|-item|p1b: Whimsicott|Focus Sash|[from] ability: Frisk|[of] p2b: Typhlosion\n|turn|3\n|\n|t:|1730177143\n|-terastallize|p1a: Rillaboom|Fire\n|move|p2a: Ursaluna|Earth Power|p1a: Rillaboom\n|-supereffective|p1a: Rillaboom\n|-damage|p1a: Rillaboom|22\/100\n|-unboost|p1a: Rillaboom|spd|1\n|move|p1a: Rillaboom|Wood Hammer|p2a: Ursaluna\n|-supereffective|p2a: Ursaluna\n|-damage|p2a: Ursaluna|0 fnt\n|faint|p2a: Ursaluna\n|-damage|p1a: Rillaboom|0 fnt|[from] Recoil\n|faint|p1a: Rillaboom\n|move|p1b: Whimsicott|Moonblast|p2b: Typhlosion\n|-resisted|p2b: Typhlosion\n|-damage|p2b: Typhlosion|78\/100\n|move|p2b: Typhlosion|Heat Wave|p1b: Whimsicott\n|-supereffective|p1b: Whimsicott\n|-enditem|p1b: Whimsicott|Focus Sash\n|-damage|p1b: Whimsicott|1\/100\n|\n|-heal|p1b: Whimsicott|7\/100|[from] Grassy Terrain\n|-heal|p2b: Typhlosion|84\/100|[from] Grassy Terrain\n|upkeep\n|\n|t:|1730177163\n|switch|p2a: Whimsicott|Whimsicott, L50, F|100\/100\n|switch|p1a: Annihilape|Annihilape, L50, F|100\/100\n|turn|4\n|\n|t:|1730177201\n|switch|p1a: Typhlosion|Typhlosion-Hisui, L50, F|100\/100\n|-item|p2a: Whimsicott|Focus Sash|[from] ability: Frisk|[of] p1a: Typhlosion\n|-item|p2b: Typhlosion|Choice Scarf|[from] ability: Frisk|[of] p1a: Typhlosion\n|-terastallize|p2b: Typhlosion|Fire\n|move|p2a: Whimsicott|Moonblast|p1a: Typhlosion\n|-resisted|p1a: Typhlosion\n|-damage|p1a: Typhlosion|78\/100\n|move|p1b: Whimsicott|Moonblast|p2a: Whimsicott\n|-damage|p2a: Whimsicott|45\/100\n|move|p2b: Typhlosion|Heat Wave|p1a: Typhlosion|[spread] p1a,p1b\n|-resisted|p1a: Typhlosion\n|-supereffective|p1b: Whimsicott\n|-damage|p1a: Typhlosion|44\/100\n|-damage|p1b: Whimsicott|0 fnt\n|faint|p1b: Whimsicott\n|\n|-heal|p1a: Typhlosion|50\/100|[from] Grassy Terrain\n|-heal|p2a: Whimsicott|50\/100|[from] Grassy Terrain\n|-heal|p2b: Typhlosion|89\/100|[from] Grassy Terrain\n|upkeep\n|\n|t:|1730177220\n|switch|p1b: Annihilape|Annihilape, L50, F|100\/100\n|turn|5\n|\n|t:|1730177230\n|move|p2a: Whimsicott|Fake Tears|p1a: Typhlosion\n|-unboost|p1a: Typhlosion|spd|2\n|move|p1b: Annihilape|Drain Punch|p2b: Typhlosion\n|-damage|p2b: Typhlosion|42\/100\n|move|p1a: Typhlosion|Eruption|p2b: Typhlosion|[spread] p2a,p2b\n|-supereffective|p2a: Whimsicott\n|-resisted|p2b: Typhlosion\n|-damage|p2a: Whimsicott|0 fnt\n|-damage|p2b: Typhlosion|19\/100\n|faint|p2a: Whimsicott\n|move|p2b: Typhlosion|Heat Wave|p1a: Typhlosion|[spread] p1a,p1b\n|-resisted|p1a: Typhlosion\n|-damage|p1a: Typhlosion|0 fnt\n|-damage|p1b: Annihilape|56\/100\n|faint|p1a: Typhlosion\n|\n|-heal|p1b: Annihilape|63\/100|[from] Grassy Terrain\n|-heal|p1b: Annihilape|69\/100|[from] item: Leftovers\n|-heal|p2b: Typhlosion|25\/100|[from] Grassy Terrain\n|-fieldend|move: Trick Room\n|upkeep\n|turn|6\n|\n|t:|1730177250\n|move|p2b: Typhlosion|Heat Wave|p1b: Annihilape\n|-damage|p1b: Annihilape|10\/100\n|move|p1b: Annihilape|Rage Fist|p2b: Typhlosion\n|-damage|p2b: Typhlosion|0 fnt\n|faint|p2b: Typhlosion\n|\n|win|ttps65\n|raw|ttps65's rating: 1694 &rarr; <strong>1718<\/strong><br \/>(+24 for winning)\n|raw|Aki Hoshino's rating: 1769 &rarr; <strong>1745<\/strong><br \/>(-24 for losing)\n|l|\u2606Aki Hoshino\n|player|p2|\n|l| Vendette\n|l|\u2606ttps65\n|player|p1|\n|l| mr pogostick\n","uploadtime":1730177455,"views":14,"formatid":"gen9vgc2024regh","rating":1718,"private":0,"password":null}