{"id":"gen9vgc2024regh-2233357115","format":"[Gen 9] VGC 2024 Reg H","players":["htotoT","Jarvis1"],"log":"|j|\u2606htotoT\n|j|\u2606Jarvis1\n|t:|1730214370\n|gametype|doubles\n|player|p1|htotoT|102|1718\n|player|p2|Jarvis1|265|1731\n|teamsize|p1|6\n|teamsize|p2|6\n|gen|9\n|tier|[Gen 9] VGC 2024 Reg H\n|rated|\n|rule|Species Clause: Limit one of each Pok\u00e9mon\n|rule|Item Clause: Limit 1 of each item\n|clearpoke\n|poke|p1|Gholdengo, L50|\n|poke|p1|Murkrow, L50, F|\n|poke|p1|Pelipper, L50, M|\n|poke|p1|Archaludon, L50, M|\n|poke|p1|Amoonguss, L50, F|\n|poke|p1|Basculegion-F, L50, F|\n|poke|p2|Incineroar, L50, F|\n|poke|p2|Rillaboom, L50, F|\n|poke|p2|Vivillon, L50, M|\n|poke|p2|Pelipper, L50, F|\n|poke|p2|Annihilape, L50, F|\n|poke|p2|Gastrodon, L50, F|\n|teampreview|4\n|inactive|Battle timer is ON: inactive players will automatically lose when time's up. (requested by htotoT)\n|\n|t:|1730214393\n|start\n|switch|p1a: Pelipper|Pelipper, L50, M|100\/100\n|switch|p1b: Basculegion|Basculegion-F, L50, F|100\/100\n|switch|p2a: Incineroar|Incineroar, L50, F|100\/100\n|switch|p2b: Vivillon|Vivillon, L50, M|100\/100\n|-weather|RainDance|[from] ability: Drizzle|[of] p1a: Pelipper\n|-ability|p2a: Incineroar|Intimidate|boost\n|-unboost|p1a: Pelipper|atk|1\n|-unboost|p1b: Basculegion|atk|1\n|turn|1\n|\n|t:|1730214403\n|switch|p2b: Gastrodon|Gastrodon, L50, F|100\/100\n|move|p1b: Basculegion|Icy Wind|p2a: Incineroar|[spread] p2a,p2b\n|-resisted|p2a: Incineroar\n|-crit|p2b: Gastrodon\n|-damage|p2a: Incineroar|94\/100\n|-damage|p2b: Gastrodon|74\/100\n|-unboost|p2a: Incineroar|spe|1\n|-unboost|p2b: Gastrodon|spe|1\n|-damage|p1b: Basculegion|91\/100|[from] item: Life Orb\n|move|p1a: Pelipper|Hurricane|p2b: Gastrodon\n|-damage|p2b: Gastrodon|31\/100\n|move|p2a: Incineroar|Knock Off|p1b: Basculegion\n|-supereffective|p1b: Basculegion\n|-damage|p1b: Basculegion|0 fnt\n|-enditem|p1b: Basculegion|Life Orb|[from] move: Knock Off|[of] p2a: Incineroar\n|faint|p1b: Basculegion\n|\n|-weather|RainDance|[upkeep]\n|upkeep\n|\n|t:|1730214420\n|switch|p1b: Archaludon|Archaludon, L50, M|100\/100\n|turn|2\n|\n|t:|1730214443\n|-terastallize|p2b: Gastrodon|Steel\n|move|p1b: Archaludon|Electro Shot||[still]\n|-prepare|p1b: Archaludon|Electro Shot\n|-boost|p1b: Archaludon|spa|1\n|-anim|p1b: Archaludon|Electro Shot|p2a: Incineroar\n|-damage|p2a: Incineroar|32\/100\n|-enditem|p2a: Incineroar|Sitrus Berry|[eat]\n|-heal|p2a: Incineroar|57\/100|[from] item: Sitrus Berry\n|move|p1a: Pelipper|Hurricane|p2b: Gastrodon\n|-resisted|p2b: Gastrodon\n|-damage|p2b: Gastrodon|7\/100\n|-start|p2b: Gastrodon|confusion\n|move|p2a: Incineroar|Will-O-Wisp|p1b: Archaludon\n|-status|p1b: Archaludon|brn\n|-activate|p2b: Gastrodon|confusion\n|move|p2b: Gastrodon|Recover|p2b: Gastrodon\n|-heal|p2b: Gastrodon|57\/100\n|\n|-weather|RainDance|[upkeep]\n|-damage|p1b: Archaludon|94\/100 brn|[from] brn\n|upkeep\n|turn|3\n|\n|t:|1730214468\n|switch|p2a: Vivillon|Vivillon, L50, M|100\/100\n|move|p1b: Archaludon|Electro Shot||[still]\n|-prepare|p1b: Archaludon|Electro Shot\n|-boost|p1b: Archaludon|spa|1\n|-anim|p1b: Archaludon|Electro Shot|p2b: Gastrodon\n|-damage|p2b: Gastrodon|0 fnt\n|faint|p2b: Gastrodon\n|move|p1a: Pelipper|Weather Ball|p2a: Vivillon\n|-enditem|p2a: Vivillon|Focus Sash\n|-damage|p2a: Vivillon|1\/100\n|\n|-weather|RainDance|[upkeep]\n|-damage|p1b: Archaludon|88\/100 brn|[from] brn\n|upkeep\n|\n|t:|1730214485\n|switch|p2b: Annihilape|Annihilape, L50, F|100\/100\n|turn|4\n|inactive|htotoT has 30 seconds left.\n|inactive|Jarvis1 has 30 seconds left.\n|\n|t:|1730214513\n|switch|p1a: Gholdengo|Gholdengo, L50|100\/100\n|-terastallize|p1b: Archaludon|Grass\n|move|p2a: Vivillon|Hurricane|p1b: Archaludon\n|-supereffective|p1b: Archaludon\n|-damage|p1b: Archaludon|0 fnt\n|faint|p1b: Archaludon\n|move|p2b: Annihilape|Drain Punch|p1a: Gholdengo\n|-immune|p1a: Gholdengo\n|\n|-weather|RainDance|[upkeep]\n|upkeep\n|\n|t:|1730214523\n|switch|p1b: Pelipper|Pelipper, L50, M|100\/100\n|turn|5\n|\n|t:|1730214535\n|move|p1b: Pelipper|Protect|p1b: Pelipper\n|-singleturn|p1b: Pelipper|Protect\n|move|p2a: Vivillon|Sleep Powder|p1b: Pelipper\n|-activate|p1b: Pelipper|move: Protect\n|move|p1a: Gholdengo|Shadow Ball|p2a: Vivillon\n|-damage|p2a: Vivillon|0 fnt\n|faint|p2a: Vivillon\n|move|p2b: Annihilape|Rage Fist|p1a: Gholdengo\n|-supereffective|p1a: Gholdengo\n|-damage|p1a: Gholdengo|49\/100\n|\n|-weather|none\n|upkeep\n|\n|t:|1730214547\n|switch|p2a: Incineroar|Incineroar, L50, F|57\/100\n|-ability|p2a: Incineroar|Intimidate|boost\n|-unboost|p1a: Gholdengo|atk|1\n|-unboost|p1b: Pelipper|atk|1\n|turn|6\n|\n|t:|1730214554\n|move|p2b: Annihilape|Protect|p2b: Annihilape\n|-singleturn|p2b: Annihilape|Protect\n|move|p1a: Gholdengo|Shadow Ball|p2a: Incineroar\n|-resisted|p2a: Incineroar\n|-damage|p2a: Incineroar|23\/100\n|-unboost|p2a: Incineroar|spd|1\n|move|p1b: Pelipper|Hurricane|p2a: Incineroar\n|-damage|p2a: Incineroar|0 fnt\n|faint|p2a: Incineroar\n|\n|upkeep\n|turn|7\n|\n|t:|1730214565\n|move|p1a: Gholdengo|Shadow Ball|p2b: Annihilape\n|-supereffective|p2b: Annihilape\n|-damage|p2b: Annihilape|0 fnt\n|faint|p2b: Annihilape\n|\n|win|htotoT\n|raw|htotoT's rating: 1718 &rarr; <strong>1739<\/strong><br \/>(+21 for winning)\n|raw|Jarvis1's rating: 1731 &rarr; <strong>1710<\/strong><br \/>(-21 for losing)\n|l|\u2606htotoT\n|player|p1|\n|l|\u2606Jarvis1\n|player|p2|\n","uploadtime":1730214810,"views":36,"formatid":"gen9vgc2024regh","rating":1710,"private":0,"password":null}