{"id":"gen9vgc2024regh-2233428230","format":"[Gen 9] VGC 2024 Reg H","players":["jhyjhyt","chin8"],"log":"|j|\u2606jhyjhyt\n|j|\u2606chin8\n|t:|1730220480\n|gametype|doubles\n|player|p1|jhyjhyt|266|1805\n|player|p2|chin8|gentleman-gen4dp|1793\n|teamsize|p1|6\n|teamsize|p2|6\n|gen|9\n|tier|[Gen 9] VGC 2024 Reg H\n|rated|\n|rule|Species Clause: Limit one of each Pok\u00e9mon\n|rule|Item Clause: Limit 1 of each item\n|clearpoke\n|poke|p1|Dondozo, L50, F|\n|poke|p1|Tatsugiri, L50, M|\n|poke|p1|Pelipper, L50, F|\n|poke|p1|Archaludon, L50, M|\n|poke|p1|Amoonguss, L50, F|\n|poke|p1|Murkrow, L50, M|\n|poke|p2|Baxcalibur, L50, M|\n|poke|p2|Kilowattrel, L50, M|\n|poke|p2|Annihilape, L50, M|\n|poke|p2|Gardevoir, L50, F|\n|poke|p2|Magmortar, L50, F|\n|poke|p2|Gholdengo, L50|\n|teampreview|4\n|j| BreadTest\n|inactive|Battle timer is ON: inactive players will automatically lose when time's up. (requested by chin8)\n|\n|t:|1730220519\n|start\n|switch|p1a: Dondozo|Dondozo, L50, F|100\/100\n|switch|p1b: Pelipper|Pelipper, L50, F|100\/100\n|switch|p2a: Kilowattrel|Kilowattrel, L50, M|100\/100\n|switch|p2b: Baxcalibur|Baxcalibur, L50, M|100\/100\n|-weather|RainDance|[from] ability: Drizzle|[of] p1b: Pelipper\n|turn|1\n|inactive|jhyjhyt has 30 seconds left.\n|\n|t:|1730220547\n|switch|p1b: Tatsugiri|Tatsugiri, L50, M|100\/100\n|-activate|p1b: Tatsugiri|ability: Commander|[of] p1a: Dondozo\n|-boost|p1a: Dondozo|atk|2\n|-boost|p1a: Dondozo|spa|2\n|-boost|p1a: Dondozo|spe|2\n|-boost|p1a: Dondozo|def|2\n|-boost|p1a: Dondozo|spd|2\n|switch|p2b: Gardevoir|Gardevoir, L50, F|100\/100\n|-terastallize|p1a: Dondozo|Water\n|move|p2a: Kilowattrel|Tailwind|p2a: Kilowattrel\n|-sidestart|p2: chin8|move: Tailwind\n|move|p1a: Dondozo|Surf|p2a: Kilowattrel|[spread] p2a,p2b\n|-miss|p1a: Dondozo|p1b: Tatsugiri\n|-enditem|p2a: Kilowattrel|Focus Sash\n|-damage|p2a: Kilowattrel|1\/100\n|-damage|p2b: Gardevoir|10\/100\n|\n|-weather|RainDance|[upkeep]\n|upkeep\n|turn|2\n|\n|t:|1730220565\n|-terastallize|p2a: Kilowattrel|Electric\n|move|p2a: Kilowattrel|Thunderbolt|p1a: Dondozo\n|-supereffective|p1a: Dondozo\n|-damage|p1a: Dondozo|38\/100\n|move|p2b: Gardevoir|Dazzling Gleam|p1a: Dondozo|[spread] p1a\n|-miss|p2b: Gardevoir|p1b: Tatsugiri\n|-damage|p1a: Dondozo|22\/100\n|move|p1a: Dondozo|Surf|p2a: Kilowattrel|[spread] p2a,p2b\n|-miss|p1a: Dondozo|p1b: Tatsugiri\n|-damage|p2a: Kilowattrel|0 fnt\n|-damage|p2b: Gardevoir|0 fnt\n|faint|p2a: Kilowattrel\n|faint|p2b: Gardevoir\n|\n|-weather|RainDance|[upkeep]\n|upkeep\n|\n|t:|1730220578\n|switch|p2a: Baxcalibur|Baxcalibur, L50, M|100\/100\n|switch|p2b: Gholdengo|Gholdengo, L50|100\/100\n|turn|3\n|\n|t:|1730220584\n|move|p2b: Gholdengo|Nasty Plot|p2b: Gholdengo\n|-boost|p2b: Gholdengo|spa|2\n|move|p2a: Baxcalibur|Glaive Rush|p1a: Dondozo\n|-damage|p1a: Dondozo|0 fnt\n|-singlemove|p2a: Baxcalibur|Glaive Rush|[silent]\n|faint|p1a: Dondozo\n|\n|-weather|RainDance|[upkeep]\n|upkeep\n|\n|t:|1730220596\n|switch|p1a: Pelipper|Pelipper, L50, F|100\/100\n|turn|4\n|\n|t:|1730220609\n|switch|p1b: Archaludon|Archaludon, L50, M|100\/100\n|move|p2a: Baxcalibur|Glaive Rush|p1b: Archaludon\n|-damage|p1b: Archaludon|52\/100\n|-singlemove|p2a: Baxcalibur|Glaive Rush|[silent]\n|-ability|p1b: Archaludon|Stamina|boost\n|-boost|p1b: Archaludon|def|1\n|move|p2b: Gholdengo|Shadow Ball|p1a: Pelipper\n|-enditem|p1a: Pelipper|Focus Sash\n|-damage|p1a: Pelipper|1\/100\n|move|p1a: Pelipper|Weather Ball|p2b: Gholdengo\n|-damage|p2b: Gholdengo|40\/100\n|\n|-weather|RainDance|[upkeep]\n|-heal|p2b: Gholdengo|46\/100|[from] item: Leftovers\n|-sideend|p2: chin8|move: Tailwind\n|upkeep\n|turn|5\n|\n|t:|1730220632\n|move|p2b: Gholdengo|Protect|p2b: Gholdengo\n|-singleturn|p2b: Gholdengo|Protect\n|move|p2a: Baxcalibur|Ice Shard|p1a: Pelipper\n|-damage|p1a: Pelipper|0 fnt\n|faint|p1a: Pelipper\n|move|p1b: Archaludon|Body Press|p2a: Baxcalibur\n|-supereffective|p2a: Baxcalibur\n|-damage|p2a: Baxcalibur|28\/100\n|\n|-weather|none\n|-heal|p2b: Gholdengo|52\/100|[from] item: Leftovers\n|upkeep\n|\n|t:|1730220642\n|switch|p1a: Tatsugiri|Tatsugiri, L50, M|100\/100\n|turn|6\n|\n|t:|1730220663\n|move|p1a: Tatsugiri|Muddy Water|p2b: Gholdengo|[spread] p2a,p2b\n|-resisted|p2a: Baxcalibur\n|-damage|p2a: Baxcalibur|20\/100\n|-damage|p2b: Gholdengo|19\/100\n|move|p2b: Gholdengo|Shadow Ball|p1b: Archaludon\n|-damage|p1b: Archaludon|0 fnt\n|faint|p1b: Archaludon\n|move|p2a: Baxcalibur|Glaive Rush|p1a: Tatsugiri\n|-supereffective|p1a: Tatsugiri\n|-damage|p1a: Tatsugiri|0 fnt\n|-singlemove|p2a: Baxcalibur|Glaive Rush|[silent]\n|faint|p1a: Tatsugiri\n|\n|win|chin8\n|raw|jhyjhyt's rating: 1805 &rarr; <strong>1784<\/strong><br \/>(-21 for losing)\n|raw|chin8's rating: 1793 &rarr; <strong>1814<\/strong><br \/>(+21 for winning)\n|l|\u2606jhyjhyt\n|player|p1|\n|l|\u2606chin8\n|player|p2|\n","uploadtime":1730220822,"views":23,"formatid":"gen9vgc2024regh","rating":1784,"private":0,"password":null}