{"id":"gen9vgc2024regh-2233932958","format":"[Gen 9] VGC 2024 Reg H","players":["FireRedzzz","cher1berry"],"log":"|j|\u2606FireRedzzz\n|j|\u2606cher1berry\n|t:|1730284141\n|gametype|doubles\n|player|p1|FireRedzzz|ethan|1660\n|player|p2|cher1berry|nancy|1751\n|teamsize|p1|6\n|teamsize|p2|6\n|gen|9\n|tier|[Gen 9] VGC 2024 Reg H\n|rated|\n|rule|Species Clause: Limit one of each Pok\u00e9mon\n|rule|Item Clause: Limit 1 of each item\n|clearpoke\n|poke|p1|Rillaboom, L50, M|\n|poke|p1|Kingambit, L50, M|\n|poke|p1|Murkrow, L50, F|\n|poke|p1|Garchomp, L50, F|\n|poke|p1|Gholdengo, L50|\n|poke|p1|Tyranitar, L50, F|\n|poke|p2|Indeedee-F, L50, F|\n|poke|p2|Armarouge, L50, F|\n|poke|p2|Ursaluna-Bloodmoon, L50, M|\n|poke|p2|Torkoal, L50, M|\n|poke|p2|Lilligant-Hisui, L50, F|\n|poke|p2|Dragonite, L50, M|\n|teampreview|4\n|inactive|Battle timer is ON: inactive players will automatically lose when time's up. (requested by FireRedzzz)\nFireRedzzz has agreed to open team sheets.\n|inactive|FireRedzzz has 60 seconds left.\n|\n|t:|1730284181\n|start\n|switch|p1a: Murkrow|Murkrow, L50, F|100\/100\n|switch|p1b: Garchomp|Garchomp, L50, F|100\/100\n|switch|p2a: Riddihika|Lilligant-Hisui, L50, F|100\/100\n|switch|p2b: Gachiguma|Ursaluna-Bloodmoon, L50, M|100\/100\n|turn|1\n|\n|t:|1730284201\n|-terastallize|p1b: Garchomp|Steel\n|move|p1a: Murkrow|Tailwind|p1a: Murkrow\n|-sidestart|p1: FireRedzzz|move: Tailwind\n|move|p1b: Garchomp|Earthquake|p2b: Gachiguma|[spread] p2a,p2b\n|-immune|p1a: Murkrow\n|-resisted|p2a: Riddihika\n|-damage|p2a: Riddihika|69\/100\n|-damage|p2b: Gachiguma|70\/100\n|move|p2a: Riddihika|Sleep Powder|p1a: Murkrow|[miss]\n|-miss|p2a: Riddihika|p1a: Murkrow\n|move|p2b: Gachiguma|Blood Moon|p1b: Garchomp\n|-resisted|p1b: Garchomp\n|-damage|p1b: Garchomp|41\/100\n|-damage|p2b: Gachiguma|61\/100|[from] item: Life Orb\n|\n|upkeep\n|turn|2\n|j| theskeleyguy\n|\n|t:|1730284221\n|switch|p2b: Tawashi|Torkoal, L50, M|100\/100\n|-weather|SunnyDay|[from] ability: Drought|[of] p2b: Tawashi\n|move|p1b: Garchomp|Protect|p1b: Garchomp\n|-singleturn|p1b: Garchomp|Protect\n|move|p2a: Riddihika|Sleep Powder|p1a: Murkrow\n|-status|p1a: Murkrow|slp|[from] move: Sleep Powder\n|cant|p1a: Murkrow|slp\n|\n|-weather|SunnyDay|[upkeep]\n|upkeep\n|turn|3\n|\n|t:|1730284243\n|switch|p1a: Tyranitar|Tyranitar, L50, F|100\/100\n|-weather|Sandstorm|[from] ability: Sand Stream|[of] p1a: Tyranitar\n|move|p1b: Garchomp|Protect|p1b: Garchomp\n|-singleturn|p1b: Garchomp|Protect\n|move|p2a: Riddihika|Sleep Powder|p1b: Garchomp\n|-activate|p1b: Garchomp|move: Protect\n|move|p2b: Tawashi|Eruption|p1a: Tyranitar|[spread] p1a\n|-activate|p1b: Garchomp|move: Protect\n|-resisted|p1a: Tyranitar\n|-damage|p1a: Tyranitar|90\/100\n|\n|-weather|Sandstorm|[upkeep]\n|-damage|p2a: Riddihika|63\/100|[from] Sandstorm\n|-damage|p2b: Tawashi|94\/100|[from] Sandstorm\n|upkeep\n|turn|4\n|c|\u2606cher1berry|Gamer moves\n|inactive|FireRedzzz has 30 seconds left.\n|\n|t:|1730284272\n|switch|p1a: Murkrow|Murkrow, L50, F|100\/100 slp\n|move|p1b: Garchomp|Dragon Claw|p2a: Riddihika\n|-damage|p2a: Riddihika|0 fnt\n|faint|p2a: Riddihika\n|move|p2b: Tawashi|Eruption|p1b: Garchomp|[spread] p1a,p1b\n|-supereffective|p1b: Garchomp\n|-damage|p1a: Murkrow|47\/100 slp\n|-damage|p1b: Garchomp|0 fnt\n|faint|p1b: Garchomp\n|\n|-weather|Sandstorm|[upkeep]\n|-damage|p1a: Murkrow|41\/100 slp|[from] Sandstorm\n|-damage|p2b: Tawashi|88\/100|[from] Sandstorm\n|-sideend|p1: FireRedzzz|move: Tailwind\n|upkeep\n|\n|t:|1730284290\n|switch|p2a: Gachiguma|Ursaluna-Bloodmoon, L50, M|61\/100\n|switch|p1b: Tyranitar|Tyranitar, L50, F|90\/100\n|turn|5\n|\n|t:|1730284304\n|cant|p1a: Murkrow|slp\n|move|p2a: Gachiguma|Earth Power|p1b: Tyranitar\n|-supereffective|p1b: Tyranitar\n|-damage|p1b: Tyranitar|33\/100\n|-damage|p2a: Gachiguma|51\/100|[from] item: Life Orb\n|move|p1b: Tyranitar|Low Kick|p2a: Gachiguma\n|-supereffective|p2a: Gachiguma\n|-damage|p2a: Gachiguma|0 fnt\n|faint|p2a: Gachiguma\n|move|p2b: Tawashi|Eruption|p1a: Murkrow|[spread] p1a,p1b\n|-resisted|p1b: Tyranitar\n|-damage|p1a: Murkrow|0 fnt\n|-damage|p1b: Tyranitar|22\/100\n|faint|p1a: Murkrow\n|\n|-weather|Sandstorm|[upkeep]\n|-damage|p2b: Tawashi|82\/100|[from] Sandstorm\n|upkeep\n|\n|t:|1730284319\n|switch|p1a: Kingambit|Kingambit, L50, M|100\/100\n|switch|p2a: Dragonite|Dragonite, L50, M|100\/100\n|turn|6\n|\n|t:|1730284335\n|move|p2a: Dragonite|Scale Shot|p1b: Tyranitar\n|-damage|p1b: Tyranitar|8\/100\n|-damage|p1b: Tyranitar|0 fnt\n|faint|p1b: Tyranitar\n|-hitcount|p1: Tyranitar|2\n|-unboost|p2a: Dragonite|def|1\n|-boost|p2a: Dragonite|spe|1\n|move|p1a: Kingambit|Kowtow Cleave|p2b: Tawashi\n|-damage|p2b: Tawashi|46\/100\n|move|p2b: Tawashi|Overheat|p1a: Kingambit|[miss]\n|-miss|p2b: Tawashi|p1a: Kingambit\n|\n|-weather|Sandstorm|[upkeep]\n|-damage|p2a: Dragonite|95\/100|[from] Sandstorm\n|-damage|p2b: Tawashi|39\/100|[from] Sandstorm\n|upkeep\n|turn|7\n|c|\u2606cher1berry|XD\n|\n|t:|1730284356\n|move|p1a: Kingambit|Protect|p1a: Kingambit\n|-singleturn|p1a: Kingambit|Protect\n|move|p2a: Dragonite|Scale Shot|p1a: Kingambit\n|-activate|p1a: Kingambit|move: Protect\n|move|p2b: Tawashi|Overheat|p1a: Kingambit\n|-activate|p1a: Kingambit|move: Protect\n|\n|-weather|none\n|upkeep\n|turn|8\n|\n|t:|1730284371\n|-terastallize|p2b: Tawashi|Fire\n|move|p2a: Dragonite|Scale Shot|p1a: Kingambit\n|-resisted|p1a: Kingambit\n|-damage|p1a: Kingambit|94\/100\n|-resisted|p1a: Kingambit\n|-damage|p1a: Kingambit|87\/100\n|-resisted|p1a: Kingambit\n|-damage|p1a: Kingambit|81\/100\n|-resisted|p1a: Kingambit\n|-damage|p1a: Kingambit|74\/100\n|-resisted|p1a: Kingambit\n|-damage|p1a: Kingambit|67\/100\n|-hitcount|p1a: Kingambit|5\n|-unboost|p2a: Dragonite|def|1\n|-boost|p2a: Dragonite|spe|1\n|move|p1a: Kingambit|Kowtow Cleave|p2b: Tawashi\n|-damage|p2b: Tawashi|0 fnt\n|faint|p2b: Tawashi\n|\n|upkeep\n|turn|9\n|c|\u2606cher1berry|Wow\n|c|\u2606cher1berry|The roll\n|c|\u2606cher1berry|Gg\n|c|\u2606FireRedzzz|gg\n|inactive|FireRedzzz has 30 seconds left.\n|c|\u2606FireRedzzz|low kick?\n|c|\u2606cher1berry|U deserve this one\n|\n|t:|1730284405\n|move|p2a: Dragonite|Haze|p2a: Dragonite\n|-clearallboost\n|move|p1a: Kingambit|Kowtow Cleave|p2a: Dragonite\n|-damage|p2a: Dragonite|36\/100\n|\n|upkeep\n|turn|10\n|c|\u2606cher1berry|Nope\n|c|\u2606cher1berry|I cant touch u\n|c|\u2606FireRedzzz|i see hahah\n|c|\u2606cher1berry|2 protect\n|c|\u2606cher1berry|And tje miss\n|c|\u2606cher1berry|It killed me\n|\n|t:|1730284425\n|move|p2a: Dragonite|Scale Shot|p1a: Kingambit\n|-resisted|p1a: Kingambit\n|-crit|p1a: Kingambit\n|-damage|p1a: Kingambit|57\/100\n|-resisted|p1a: Kingambit\n|-damage|p1a: Kingambit|50\/100\n|-resisted|p1a: Kingambit\n|-damage|p1a: Kingambit|44\/100\n|-resisted|p1a: Kingambit\n|-damage|p1a: Kingambit|37\/100\n|-hitcount|p1a: Kingambit|4\n|-unboost|p2a: Dragonite|def|1\n|-boost|p2a: Dragonite|spe|1\n|move|p1a: Kingambit|Kowtow Cleave|p2a: Dragonite\n|-damage|p2a: Dragonite|0 fnt\n|faint|p2a: Dragonite\n|\n|win|FireRedzzz\n|raw|FireRedzzz's rating: 1660 &rarr; <strong>1685<\/strong><br \/>(+25 for winning)\n|raw|cher1berry's rating: 1751 &rarr; <strong>1726<\/strong><br \/>(-25 for losing)\n|l| theskeleyguy\n|c|\u2606FireRedzzz|tje?\n|c|\u2606cher1berry|The\n|l|\u2606cher1berry\n|player|p2|\n|c|\u2606FireRedzzz|ohh\n","uploadtime":1730284628,"views":12,"formatid":"gen9vgc2024regh","rating":1685,"private":0,"password":null}