{"id":"gen9vgc2024regh-2233494164","format":"[Gen 9] VGC 2024 Reg H","players":["kojimuranishi","AverageUtahLocal"],"log":"|j|\u2606kojimuranishi\n|j|\u2606AverageUtahLocal\n|t:|1730226079\n|gametype|doubles\n|player|p1|kojimuranishi|101|1706\n|player|p2|AverageUtahLocal|lucas|1662\n|teamsize|p1|6\n|teamsize|p2|6\n|gen|9\n|tier|[Gen 9] VGC 2024 Reg H\n|rated|\n|rule|Species Clause: Limit one of each Pok\u00e9mon\n|rule|Item Clause: Limit 1 of each item\n|clearpoke\n|poke|p1|Ursaluna-Bloodmoon, L50, M|\n|poke|p1|Amoonguss, L50, M|\n|poke|p1|Incineroar, L50, M|\n|poke|p1|Archaludon, L50, F|\n|poke|p1|Pelipper, L50, M|\n|poke|p1|Whimsicott, L50, F|\n|poke|p2|Toedscruel, L50, M|\n|poke|p2|Weezing-Galar, L50, F|\n|poke|p2|Corviknight, L50, M|\n|poke|p2|Garchomp, L50, M|\n|poke|p2|Typhlosion-Hisui, L50, M|\n|poke|p2|Palafin, L50, F|\n|teampreview|4\n|inactive|Battle timer is ON: inactive players will automatically lose when time's up. (requested by kojimuranishi)\nAverageUtahLocal has agreed to open team sheets.\n|inactive|kojimuranishi has 60 seconds left.\n|inactive|kojimuranishi has 30 seconds left.\n|\n|t:|1730226167\n|start\n|switch|p1a: Whimsicott|Whimsicott, L50, F|100\/100\n|switch|p1b: Ursaluna|Ursaluna-Bloodmoon, L50, M|100\/100\n|switch|p2a: Weezing|Weezing-Galar, L50, F|100\/100\n|switch|p2b: Typhlosion|Typhlosion-Hisui, L50, M|100\/100\n|-ability|p2a: Weezing|Neutralizing Gas\n|turn|1\n|\n|t:|1730226185\n|move|p1b: Ursaluna|Protect|p1b: Ursaluna\n|-singleturn|p1b: Ursaluna|Protect\n|move|p2b: Typhlosion|Eruption|p1b: Ursaluna|[spread] p1a\n|-activate|p1b: Ursaluna|move: Protect\n|-supereffective|p1a: Whimsicott\n|-enditem|p1a: Whimsicott|Focus Sash\n|-damage|p1a: Whimsicott|1\/100\n|move|p1a: Whimsicott|Tailwind|p1a: Whimsicott\n|-sidestart|p1: kojimuranishi|move: Tailwind\n|move|p2a: Weezing|Dazzling Gleam|p1b: Ursaluna|[spread] p1a\n|-activate|p1b: Ursaluna|move: Protect\n|-damage|p1a: Whimsicott|0 fnt\n|faint|p1a: Whimsicott\n|\n|upkeep\n|\n|t:|1730226202\n|switch|p1a: Archaludon|Archaludon, L50, F|100\/100\n|turn|2\n|\n|t:|1730226212\n|-terastallize|p1b: Ursaluna|Normal\n|-terastallize|p2a: Weezing|Flying\n|move|p1a: Archaludon|Draco Meteor|p2b: Typhlosion|[miss]\n|-miss|p1a: Archaludon|p2b: Typhlosion\n|move|p1b: Ursaluna|Blood Moon|p2a: Weezing\n|-damage|p2a: Weezing|0 fnt\n|faint|p2a: Weezing\n|-end|p2a: Weezing|ability: Neutralizing Gas\n|-damage|p1b: Ursaluna|91\/100|[from] item: Life Orb\n|move|p2b: Typhlosion|Eruption|p1b: Ursaluna|[spread] p1a,p1b\n|-crit|p1a: Archaludon\n|-ability|p1a: Archaludon|Sturdy\n|-damage|p1a: Archaludon|1\/100\n|-damage|p1b: Ursaluna|5\/100\n|\n|upkeep\n|\n|t:|1730226224\n|switch|p2a: Garchomp|Garchomp, L50, M|100\/100\n|turn|3\n|\n|t:|1730226244\n|switch|p2b: Toedscruel|Toedscruel, L50, M|100\/100\n|move|p1b: Ursaluna|Protect|p1b: Ursaluna\n|-singleturn|p1b: Ursaluna|Protect\n|move|p2a: Garchomp|Protect|p2a: Garchomp\n|-singleturn|p2a: Garchomp|Protect\n|move|p1a: Archaludon|Draco Meteor|p2b: Toedscruel\n|-damage|p2b: Toedscruel|3\/100\n|-unboost|p1a: Archaludon|spa|2\n|\n|upkeep\n|turn|4\n|\n|t:|1730226257\n|move|p2b: Toedscruel|Rage Powder|p2b: Toedscruel\n|-singleturn|p2b: Toedscruel|move: Rage Powder\n|move|p1a: Archaludon|Draco Meteor|p2b: Toedscruel\n|-damage|p2b: Toedscruel|0 fnt\n|-unboost|p1a: Archaludon|spa|2\n|faint|p2b: Toedscruel\n|move|p1b: Ursaluna|Hyper Voice|p2a: Garchomp\n|-damage|p2a: Garchomp|2\/100\n|-damage|p1b: Ursaluna|0 fnt|[from] item: Life Orb\n|faint|p1b: Ursaluna\n|move|p2a: Garchomp|Earthquake|p1a: Archaludon\n|-supereffective|p1a: Archaludon\n|-damage|p1a: Archaludon|0 fnt\n|faint|p1a: Archaludon\n|-damage|p2a: Garchomp|0 fnt|[from] item: Life Orb\n|faint|p2a: Garchomp\n|\n|-sideend|p1: kojimuranishi|move: Tailwind\n|upkeep\n|inactive|AverageUtahLocal has 30 seconds left.\n|inactive|AverageUtahLocal has 20 seconds left.\n|inactive|AverageUtahLocal has 15 seconds left.\n|inactive|AverageUtahLocal has 10 seconds left.\n|inactive|AverageUtahLocal has 5 seconds left.\n|\n|t:|1730226312\n|switch|p2a: Typhlosion|Typhlosion-Hisui, L50, M|100\/100\n|switch|p1a: Amoonguss|Amoonguss, L50, M|100\/100\n|turn|5\n|\n|t:|1730226328\n|move|p2a: Typhlosion|Eruption|p1a: Amoonguss\n|-supereffective|p1a: Amoonguss\n|-damage|p1a: Amoonguss|0 fnt\n|faint|p1a: Amoonguss\n|\n|win|AverageUtahLocal\n|raw|kojimuranishi's rating: 1706 &rarr; <strong>1683<\/strong><br \/>(-23 for losing)\n|raw|AverageUtahLocal's rating: 1662 &rarr; <strong>1685<\/strong><br \/>(+23 for winning)\n|l|\u2606kojimuranishi\n|player|p1|\n","uploadtime":1730226335,"views":19,"formatid":"gen9vgc2024regh","rating":1683,"private":0,"password":null}