{"id":"gen9vgc2024regh-2233995640","format":"[Gen 9] VGC 2024 Reg H","players":["actuary97","gesok falling down"],"log":"|j|\u2606actuary97\n|j|\u2606gesok falling down\n|t:|1730292636\n|gametype|doubles\n|player|p1|actuary97|sabrina-frlg|1879\n|player|p2|gesok falling down|101|1752\n|teamsize|p1|6\n|teamsize|p2|6\n|gen|9\n|tier|[Gen 9] VGC 2024 Reg H\n|rated|\n|rule|Species Clause: Limit one of each Pok\u00e9mon\n|rule|Item Clause: Limit 1 of each item\n|clearpoke\n|poke|p1|Whimsicott, L50, F|\n|poke|p1|Gallade, L50, M|\n|poke|p1|Archaludon, L50, F|\n|poke|p1|Malamar, L50, F|\n|poke|p1|Indeedee, L50, M|\n|poke|p1|Drifblim, L50, M|\n|poke|p2|Whimsicott, L50, F|\n|poke|p2|Typhlosion-Hisui, L50, F|\n|poke|p2|Rillaboom, L50, F|\n|poke|p2|Pawmot, L50, M|\n|poke|p2|Toedscruel, L50, M|\n|poke|p2|Weezing-Galar, L50, M|\n|teampreview|4\nactuary97 has agreed to open team sheets.\n|j| lopalg99\n|inactive|Battle timer is ON: inactive players will automatically lose when time's up. (requested by actuary97)\n|\n|t:|1730292682\n|start\n|switch|p1a: Mischief Mother|Whimsicott, L50, F, shiny|100\/100\n|switch|p1b: Tapu Deedee|Indeedee, L50, M, shiny|100\/100\n|switch|p2a: Weezing|Weezing-Galar, L50, M|100\/100\n|switch|p2b: Typhlosion|Typhlosion-Hisui, L50, F|100\/100\n|-ability|p2a: Weezing|Neutralizing Gas\n|turn|1\n|inactive|actuary97 has 30 seconds left.\n|inactive|gesok falling down has 30 seconds left.\n|inactive|gesok falling down has 20 seconds left.\n|inactive|gesok falling down has 15 seconds left.\n|inactive|gesok falling down has 10 seconds left.\n|inactive|gesok falling down has 5 seconds left.\n|\n|t:|1730292737\n|-terastallize|p1b: Tapu Deedee|Fire\n|move|p2b: Typhlosion|Eruption|p1a: Mischief Mother|[spread] p1a,p1b\n|-supereffective|p1a: Mischief Mother\n|-resisted|p1b: Tapu Deedee\n|-enditem|p1a: Mischief Mother|Focus Sash\n|-damage|p1a: Mischief Mother|1\/100\n|-damage|p1b: Tapu Deedee|64\/100\n|move|p1a: Mischief Mother|Tailwind|p1a: Mischief Mother\n|-sidestart|p1: actuary97|move: Tailwind\n|move|p1b: Tapu Deedee|Expanding Force|p2b: Typhlosion\n|-damage|p2b: Typhlosion|12\/100\n|move|p2a: Weezing|Dazzling Gleam|p1a: Mischief Mother|[spread] p1a,p1b\n|-resisted|p1b: Tapu Deedee\n|-damage|p1a: Mischief Mother|0 fnt\n|-damage|p1b: Tapu Deedee|42\/100\n|faint|p1a: Mischief Mother\n|\n|upkeep\n|\n|t:|1730292752\n|switch|p1a: \u2694\ufe0fKing\u2694\ufe0f|Gallade, L50, M, shiny|100\/100\n|turn|2\n|\n|t:|1730292780\n|switch|p1a: Bridget|Archaludon, L50, F, shiny|100\/100\n|switch|p2b: Rillaboom|Rillaboom, L50, F|100\/100\n|move|p1b: Tapu Deedee|Expanding Force|p2a: Weezing\n|-supereffective|p2a: Weezing\n|-damage|p2a: Weezing|0 fnt\n|faint|p2a: Weezing\n|-end|p2a: Weezing|ability: Neutralizing Gas\n|-fieldstart|move: Psychic Terrain|[from] ability: Psychic Surge|[of] p1b: Tapu Deedee\n|-fieldstart|move: Grassy Terrain|[from] ability: Grassy Surge|[of] p2b: Rillaboom\n|\n|-heal|p1b: Tapu Deedee|48\/100|[from] Grassy Terrain\n|upkeep\n|inactive|gesok falling down has 30 seconds left.\n|inactive|gesok falling down has 20 seconds left.\n|inactive|gesok falling down has 15 seconds left.\n|inactive|gesok falling down has 10 seconds left.\n|\n|t:|1730292826\n|switch|p2a: Typhlosion|Typhlosion-Hisui, L50, F|12\/100\n|-item|p1a: Bridget|Assault Vest|[from] ability: Frisk|[of] p2a: Typhlosion\n|-item|p1b: Tapu Deedee|Choice Specs|[from] ability: Frisk|[of] p2a: Typhlosion\n|turn|3\n|\n|t:|1730292841\n|move|p2b: Rillaboom|Fake Out|p1a: Bridget\n|-resisted|p1a: Bridget\n|-damage|p1a: Bridget|95\/100\n|-ability|p1a: Bridget|Stamina|boost\n|-boost|p1a: Bridget|def|1\n|move|p1b: Tapu Deedee|Expanding Force|p2b: Rillaboom\n|-damage|p2b: Rillaboom|46\/100\n|move|p2a: Typhlosion|Shadow Ball|p1b: Tapu Deedee\n|-damage|p1b: Tapu Deedee|0 fnt\n|faint|p1b: Tapu Deedee\n|cant|p1a: Bridget|flinch\n|\n|-heal|p2a: Typhlosion|18\/100|[from] Grassy Terrain\n|-heal|p1a: Bridget|100\/100|[from] Grassy Terrain\n|-heal|p2b: Rillaboom|52\/100|[from] Grassy Terrain\n|upkeep\n|\n|t:|1730292844\n|switch|p1b: \u2694\ufe0fKing\u2694\ufe0f|Gallade, L50, M, shiny|100\/100\n|turn|4\n|inactive|gesok falling down has 30 seconds left.\n|inactive|actuary97 has 30 seconds left.\n|\n|t:|1730292880\n|switch|p2a: Pawmot|Pawmot, L50, M|100\/100\n|move|p1b: \u2694\ufe0fKing\u2694\ufe0f|Protect|p1b: \u2694\ufe0fKing\u2694\ufe0f\n|-singleturn|p1b: \u2694\ufe0fKing\u2694\ufe0f|Protect\n|move|p1a: Bridget|Snarl|p2a: Pawmot|[spread] p2a,p2b\n|-resisted|p2a: Pawmot\n|-damage|p2a: Pawmot|89\/100\n|-damage|p2b: Rillaboom|41\/100\n|-unboost|p2a: Pawmot|spa|1\n|-unboost|p2b: Rillaboom|spa|1\n|move|p2b: Rillaboom|High Horsepower|p1a: Bridget\n|-supereffective|p1a: Bridget\n|-damage|p1a: Bridget|69\/100\n|-ability|p1a: Bridget|Stamina|boost\n|-boost|p1a: Bridget|def|1\n|\n|-heal|p1a: Bridget|75\/100|[from] Grassy Terrain\n|-heal|p2a: Pawmot|95\/100|[from] Grassy Terrain\n|-heal|p2b: Rillaboom|48\/100|[from] Grassy Terrain\n|-sideend|p1: actuary97|move: Tailwind\n|upkeep\n|turn|5\n|\n|t:|1730292904\n|move|p2a: Pawmot|Fake Out|p1b: \u2694\ufe0fKing\u2694\ufe0f\n|-damage|p1b: \u2694\ufe0fKing\u2694\ufe0f|78\/100\n|move|p2b: Rillaboom|Wood Hammer|p1b: \u2694\ufe0fKing\u2694\ufe0f\n|-damage|p1b: \u2694\ufe0fKing\u2694\ufe0f|0 fnt\n|faint|p1b: \u2694\ufe0fKing\u2694\ufe0f\n|-damage|p2b: Rillaboom|25\/100|[from] Recoil\n|move|p1a: Bridget|Snarl|p2a: Pawmot|[spread] p2a,p2b\n|-resisted|p2a: Pawmot\n|-damage|p2a: Pawmot|83\/100\n|-damage|p2b: Rillaboom|14\/100\n|-unboost|p2a: Pawmot|spa|1\n|-unboost|p2b: Rillaboom|spa|1\n|\n|-heal|p2a: Pawmot|89\/100|[from] Grassy Terrain\n|-heal|p2b: Rillaboom|20\/100|[from] Grassy Terrain\n|-heal|p1a: Bridget|81\/100|[from] Grassy Terrain\n|upkeep\n|turn|6\n|\n|t:|1730292911\n|move|p2a: Pawmot|Close Combat|p1a: Bridget\n|-supereffective|p1a: Bridget\n|-damage|p1a: Bridget|40\/100\n|-unboost|p2a: Pawmot|def|1\n|-unboost|p2a: Pawmot|spd|1\n|-ability|p1a: Bridget|Stamina|boost\n|-boost|p1a: Bridget|def|1\n|move|p2b: Rillaboom|High Horsepower|p1a: Bridget\n|-supereffective|p1a: Bridget\n|-crit|p1a: Bridget\n|-damage|p1a: Bridget|0 fnt\n|faint|p1a: Bridget\n|\n|win|gesok falling down\n|raw|actuary97's rating: 1879 &rarr; <strong>1850<\/strong><br \/>(-29 for losing)\n|raw|gesok falling down's rating: 1712 &rarr; <strong>1741<\/strong><br \/>(+29 for winning)\n|l|\u2606gesok falling down\n|player|p2|\n|l|\u2606actuary97\n|player|p1|\n","uploadtime":1730293141,"views":35,"formatid":"gen9vgc2024regh","rating":1741,"private":0,"password":null}