{"id":"gen9vgc2024regh-2233425888","format":"[Gen 9] VGC 2024 Reg H","players":["Draxolotl","jhyjhyt"],"log":"|j|\u2606Draxolotl\n|j|\u2606jhyjhyt\n|t:|1730220281\n|gametype|doubles\n|player|p1|Draxolotl|cynthia-masters3|1750\n|player|p2|jhyjhyt|266|1829\n|teamsize|p1|6\n|teamsize|p2|6\n|gen|9\n|tier|[Gen 9] VGC 2024 Reg H\n|rated|\n|rule|Species Clause: Limit one of each Pok\u00e9mon\n|rule|Item Clause: Limit 1 of each item\n|clearpoke\n|poke|p1|Gholdengo, L50|\n|poke|p1|Palafin, L50, F|\n|poke|p1|Amoonguss, L50, M|\n|poke|p1|Pelipper, L50, F|\n|poke|p1|Archaludon, L50, M|\n|poke|p1|Incineroar, L50, M|\n|poke|p2|Dondozo, L50, M|\n|poke|p2|Tatsugiri, L50, M|\n|poke|p2|Pelipper, L50, F|\n|poke|p2|Archaludon, L50, F|\n|poke|p2|Amoonguss, L50, F|\n|poke|p2|Murkrow, L50, F|\n|teampreview|4\n|inactive|Battle timer is ON: inactive players will automatically lose when time's up. (requested by Draxolotl)\n|\n|t:|1730220309\n|start\n|switch|p1a: Archaludon|Archaludon, L50, M|100\/100\n|switch|p1b: Palafin|Palafin, L50, F|100\/100\n|switch|p2a: Dondozo|Dondozo, L50, M|100\/100\n|switch|p2b: Pelipper|Pelipper, L50, F|100\/100\n|-weather|RainDance|[from] ability: Drizzle|[of] p2b: Pelipper\n|turn|1\n|inactive|jhyjhyt has 30 seconds left.\n|inactive|jhyjhyt has 20 seconds left.\n|inactive|jhyjhyt has 15 seconds left.\n|inactive|jhyjhyt has 10 seconds left.\n|inactive|jhyjhyt has 5 seconds left.\n|\n|t:|1730220362\n|switch|p2b: Tatsugiri|Tatsugiri, L50, M|100\/100\n|-activate|p2b: Tatsugiri|ability: Commander|[of] p2a: Dondozo\n|-boost|p2a: Dondozo|atk|2\n|-boost|p2a: Dondozo|spa|2\n|-boost|p2a: Dondozo|spe|2\n|-boost|p2a: Dondozo|def|2\n|-boost|p2a: Dondozo|spd|2\n|-terastallize|p2a: Dondozo|Water\n|move|p2a: Dondozo|Surf|p1b: Palafin|[spread] p1a,p1b\n|-miss|p2a: Dondozo|p2b: Tatsugiri\n|-resisted|p1a: Archaludon\n|-resisted|p1b: Palafin\n|-damage|p1a: Archaludon|64\/100\n|-damage|p1b: Palafin|22\/100\n|-ability|p1a: Archaludon|Stamina|boost\n|-boost|p1a: Archaludon|def|1\n|move|p1b: Palafin|Haze|p1b: Palafin\n|-clearallboost\n|move|p1a: Archaludon|Electro Shot||[still]\n|-prepare|p1a: Archaludon|Electro Shot\n|-boost|p1a: Archaludon|spa|1\n|-anim|p1a: Archaludon|Electro Shot|p2a: Dondozo\n|-supereffective|p2a: Dondozo\n|-damage|p2a: Dondozo|24\/100\n|\n|-weather|RainDance|[upkeep]\n|upkeep\n|turn|2\n|j| BreadTest\n|\n|t:|1730220384\n|detailschange|p1b: Palafin|Palafin-Hero, L50, F\n|switch|p1b: Amoonguss|Amoonguss, L50, M|100\/100\n|move|p1a: Archaludon|Electro Shot||[still]\n|-prepare|p1a: Archaludon|Electro Shot\n|-boost|p1a: Archaludon|spa|1\n|-anim|p1a: Archaludon|Electro Shot|p2a: Dondozo\n|-supereffective|p2a: Dondozo\n|-damage|p2a: Dondozo|0 fnt\n|faint|p2a: Dondozo\n|\n|-weather|RainDance|[upkeep]\n|upkeep\n|\n|t:|1730220394\n|switch|p2a: Archaludon|Archaludon, L50, F|100\/100\n|turn|3\n|\n|t:|1730220412\n|move|p1b: Amoonguss|Rage Powder|p1b: Amoonguss\n|-singleturn|p1b: Amoonguss|move: Rage Powder\n|move|p2b: Tatsugiri|Draco Meteor|p1b: Amoonguss\n|-damage|p1b: Amoonguss|43\/100\n|-unboost|p2b: Tatsugiri|spa|2\n|-enditem|p1b: Amoonguss|Sitrus Berry|[eat]\n|-heal|p1b: Amoonguss|68\/100|[from] item: Sitrus Berry\n|move|p1a: Archaludon|Snarl|p2b: Tatsugiri|[spread] p2a,p2b\n|-damage|p2a: Archaludon|81\/100\n|-damage|p2b: Tatsugiri|71\/100\n|-unboost|p2a: Archaludon|spa|1\n|-unboost|p2b: Tatsugiri|spa|1\n|-ability|p2a: Archaludon|Stamina|boost\n|-boost|p2a: Archaludon|def|1\n|move|p2a: Archaludon|Draco Meteor|p1b: Amoonguss\n|-damage|p1b: Amoonguss|27\/100\n|-unboost|p2a: Archaludon|spa|2\n|\n|-weather|RainDance|[upkeep]\n|upkeep\n|turn|4\n|j| ddddddabai\n|\n|t:|1730220433\n|move|p2b: Tatsugiri|Draco Meteor|p1a: Archaludon\n|-damage|p1a: Archaludon|45\/100\n|-unboost|p2b: Tatsugiri|spa|2\n|-ability|p1a: Archaludon|Stamina|boost\n|-boost|p1a: Archaludon|def|1\n|move|p1a: Archaludon|Electro Shot||[still]\n|-prepare|p1a: Archaludon|Electro Shot\n|-boost|p1a: Archaludon|spa|1\n|-anim|p1a: Archaludon|Electro Shot|p2b: Tatsugiri\n|-damage|p2b: Tatsugiri|0 fnt\n|faint|p2b: Tatsugiri\n|move|p2a: Archaludon|Draco Meteor|p1a: Archaludon\n|-damage|p1a: Archaludon|26\/100\n|-unboost|p2a: Archaludon|spa|2\n|-ability|p1a: Archaludon|Stamina|boost\n|-boost|p1a: Archaludon|def|1\n|move|p1b: Amoonguss|Spore|p2a: Archaludon\n|-status|p2a: Archaludon|slp|[from] move: Spore\n|\n|-weather|RainDance|[upkeep]\n|upkeep\n|\n|t:|1730220451\n|switch|p2b: Pelipper|Pelipper, L50, F|100\/100\n|turn|5\n|\n|t:|1730220461\n|-terastallize|p1b: Amoonguss|Steel\n|move|p2b: Pelipper|Protect|p2b: Pelipper\n|-singleturn|p2b: Pelipper|Protect\n|move|p1a: Archaludon|Dragon Pulse|p2a: Archaludon\n|-damage|p2a: Archaludon|3\/100 slp\n|-ability|p2a: Archaludon|Stamina|boost\n|-boost|p2a: Archaludon|def|1\n|cant|p2a: Archaludon|slp\n|move|p1b: Amoonguss|Spore|p2b: Pelipper\n|-activate|p2b: Pelipper|move: Protect\n|\n|-weather|none\n|upkeep\n|turn|6\n|-message|jhyjhyt forfeited.\n|\n|win|Draxolotl\n|raw|Draxolotl's rating: 1750 &rarr; <strong>1774<\/strong><br \/>(+24 for winning)\n|raw|jhyjhyt's rating: 1829 &rarr; <strong>1805<\/strong><br \/>(-24 for losing)\n|l|\u2606jhyjhyt\n|player|p2|\n|l|\u2606Draxolotl\n|player|p1|\n|l| BreadTest\n|l| ddddddabai\n","uploadtime":1730220682,"views":39,"formatid":"gen9vgc2024regh","rating":1774,"private":0,"password":null}