{"id":"gen9vgc2024regh-2233664275","format":"[Gen 9] VGC 2024 Reg H","players":["SeaWolfMikess","Hachibam"],"log":"|badge|p1|silver|gen9doublesou|30-3\n|uhtml|medal-msg|<div class=\"broadcast-blue\">Curious what those medals under the avatar are? PS now has Ladder Seasons! For more information, check out the <a href=\"https:\/\/www.smogon.com\/forums\/threads\/3740067\/\">thread on Smogon.<\/a><\/div>\n|j|\u2606SeaWolfMikess\n|j|\u2606Hachibam\n|t:|1730242332\n|gametype|doubles\n|player|p1|SeaWolfMikess|hugh|1711\n|player|p2|Hachibam|n-masters|1724\n|teamsize|p1|6\n|teamsize|p2|6\n|gen|9\n|tier|[Gen 9] VGC 2024 Reg H\n|rated|\n|rule|Species Clause: Limit one of each Pok\u00e9mon\n|rule|Item Clause: Limit 1 of each item\n|clearpoke\n|poke|p1|Rillaboom, L50, M|\n|poke|p1|Gholdengo, L50|\n|poke|p1|Incineroar, L50, M|\n|poke|p1|Pelipper, L50, F|\n|poke|p1|Archaludon, L50, M|\n|poke|p1|Sneasler, L50, M|\n|poke|p2|Typhlosion-Hisui, L50, F|\n|poke|p2|Murkrow, L50, F|\n|poke|p2|Ursaluna-Bloodmoon, L50, M|\n|poke|p2|Indeedee, L50, M|\n|poke|p2|Sneasler, L50, F|\n|poke|p2|Dragapult, L50, F|\n|teampreview|4\n|\n|t:|1730242353\n|start\n|switch|p1a: Sneasler|Sneasler, L50, M|100\/100\n|switch|p1b: Incineroar|Incineroar, L50, M|100\/100\n|switch|p2a: Typhlosion|Typhlosion-Hisui, L50, F|100\/100\n|switch|p2b: Murkrow|Murkrow, L50, F, shiny|100\/100\n|-ability|p1b: Incineroar|Intimidate|boost\n|-unboost|p2a: Typhlosion|atk|1\n|-unboost|p2b: Murkrow|atk|1\n|turn|1\n|\n|t:|1730242376\n|switch|p2a: Indeedee|Indeedee, L50, M|100\/100\n|-fieldstart|move: Psychic Terrain|[from] ability: Psychic Surge|[of] p2a: Indeedee\n|move|p1a: Sneasler|Protect|p1a: Sneasler\n|-singleturn|p1a: Sneasler|Protect\n|move|p2b: Murkrow|Tailwind|p2b: Murkrow\n|-sidestart|p2: Hachibam|move: Tailwind\n|move|p1b: Incineroar|Knock Off|p2a: Indeedee\n|-supereffective|p2a: Indeedee\n|-enditem|p2a: Indeedee|Focus Sash\n|-damage|p2a: Indeedee|1\/100\n|\n|upkeep\n|turn|2\n|\n|t:|1730242396\n|switch|p1b: Rillaboom|Rillaboom, L50, M|100\/100\n|-fieldstart|move: Grassy Terrain|[from] ability: Grassy Surge|[of] p1b: Rillaboom\n|-enditem|p1a: Sneasler|Grassy Seed\n|-boost|p1a: Sneasler|def|1|[from] item: Grassy Seed\n|move|p1a: Sneasler|Dire Claw|p2a: Indeedee\n|-crit|p2a: Indeedee\n|-damage|p2a: Indeedee|0 fnt\n|faint|p2a: Indeedee\n|move|p2b: Murkrow|Snarl|p1b: Rillaboom|[spread] p1a,p1b\n|-resisted|p1a: Sneasler\n|-damage|p1a: Sneasler|93\/100\n|-damage|p1b: Rillaboom|93\/100\n|-unboost|p1a: Sneasler|spa|1\n|-unboost|p1b: Rillaboom|spa|1\n|\n|-heal|p1a: Sneasler|99\/100|[from] Grassy Terrain\n|-heal|p1b: Rillaboom|99\/100|[from] Grassy Terrain\n|upkeep\n|\n|t:|1730242410\n|switch|p2a: Typhlosion|Typhlosion-Hisui, L50, F|100\/100\n|turn|3\n|\n|t:|1730242423\n|-terastallize|p2b: Murkrow|Ghost\n|-terastallize|p1b: Rillaboom|Fire\n|move|p1a: Sneasler|Protect|p1a: Sneasler\n|-singleturn|p1a: Sneasler|Protect\n|move|p2b: Murkrow|Sunny Day|p2b: Murkrow\n|-weather|SunnyDay\n|move|p2a: Typhlosion|Heat Wave|p1b: Rillaboom|[spread] p1b\n|-activate|p1a: Sneasler|move: Protect\n|-resisted|p1b: Rillaboom\n|-damage|p1b: Rillaboom|72\/100\n|move|p1b: Rillaboom|High Horsepower|p2a: Typhlosion\n|-supereffective|p2a: Typhlosion\n|-damage|p2a: Typhlosion|19\/100\n|\n|-weather|SunnyDay|[upkeep]\n|-heal|p1a: Sneasler|100\/100|[from] Grassy Terrain\n|-heal|p2a: Typhlosion|25\/100|[from] Grassy Terrain\n|-heal|p1b: Rillaboom|78\/100|[from] Grassy Terrain\n|upkeep\n|turn|4\n|\n|t:|1730242455\n|switch|p2a: Sneasler|Sneasler, L50, F|100\/100\n|move|p1a: Sneasler|Throat Chop|p2a: Sneasler\n|-resisted|p2a: Sneasler\n|-damage|p2a: Sneasler|75\/100\n|-start|p2a: Sneasler|Throat Chop|[silent]\n|move|p2b: Murkrow|Snarl|p1a: Sneasler|[spread] p1a,p1b\n|-resisted|p1a: Sneasler\n|-damage|p1a: Sneasler|93\/100\n|-damage|p1b: Rillaboom|70\/100\n|-unboost|p1a: Sneasler|spa|1\n|-unboost|p1b: Rillaboom|spa|1\n|move|p1b: Rillaboom|Wood Hammer|p2b: Murkrow\n|-damage|p2b: Murkrow|11\/100\n|-damage|p1b: Rillaboom|46\/100|[from] Recoil\n|\n|-weather|SunnyDay|[upkeep]\n|-heal|p2a: Sneasler|81\/100|[from] Grassy Terrain\n|-heal|p1a: Sneasler|99\/100|[from] Grassy Terrain\n|-heal|p2b: Murkrow|17\/100|[from] Grassy Terrain\n|-heal|p1b: Rillaboom|52\/100|[from] Grassy Terrain\n|-sideend|p2: Hachibam|move: Tailwind\n|upkeep\n|turn|5\n|\n|t:|1730242472\n|move|p1b: Rillaboom|Grassy Glide|p2b: Murkrow\n|-damage|p2b: Murkrow|0 fnt\n|faint|p2b: Murkrow\n|move|p1a: Sneasler|Dire Claw|p2a: Sneasler\n|-resisted|p2a: Sneasler\n|-damage|p2a: Sneasler|39\/100\n|move|p2a: Sneasler|Close Combat|p1b: Rillaboom\n|-damage|p1b: Rillaboom|0 fnt\n|-unboost|p2a: Sneasler|def|1\n|-unboost|p2a: Sneasler|spd|1\n|faint|p1b: Rillaboom\n|\n|-weather|SunnyDay|[upkeep]\n|-heal|p1a: Sneasler|100\/100|[from] Grassy Terrain\n|-heal|p2a: Sneasler|44\/100|[from] Grassy Terrain\n|-end|p2a: Sneasler|Throat Chop|[silent]\n|upkeep\n|\n|t:|1730242481\n|switch|p1b: Incineroar|Incineroar, L50, M|100\/100\n|switch|p2b: Typhlosion|Typhlosion-Hisui, L50, F|25\/100\n|-ability|p1b: Incineroar|Intimidate|boost\n|-unboost|p2a: Sneasler|atk|1\n|-unboost|p2b: Typhlosion|atk|1\n|turn|6\n|\n|t:|1730242491\n|move|p1a: Sneasler|Throat Chop|p2b: Typhlosion\n|-supereffective|p2b: Typhlosion\n|-damage|p2b: Typhlosion|0 fnt\n|faint|p2b: Typhlosion\n|move|p2a: Sneasler|Close Combat|p1b: Incineroar\n|-supereffective|p1b: Incineroar\n|-damage|p1b: Incineroar|34\/100\n|-unboost|p2a: Sneasler|def|1\n|-unboost|p2a: Sneasler|spd|1\n|move|p1b: Incineroar|Flare Blitz|p2a: Sneasler\n|-damage|p2a: Sneasler|0 fnt\n|faint|p2a: Sneasler\n|-damage|p1b: Incineroar|23\/100|[from] Recoil\n|\n|win|SeaWolfMikess\n|raw|SeaWolfMikess's rating: 1734 &rarr; <strong>1753<\/strong><br \/>(+19 for winning)\n|raw|Hachibam's rating: 1724 &rarr; <strong>1705<\/strong><br \/>(-19 for losing)\n|j| thorpdatr\n|l|\u2606Hachibam\n|player|p2|\n|l|\u2606SeaWolfMikess\n|player|p1|\n|l| thorpdatr\n","uploadtime":1730242664,"views":21,"formatid":"gen9vgc2024regh","rating":1705,"private":0,"password":null}