{"id":"gen9vgc2024regh-2233731918","format":"[Gen 9] VGC 2024 Reg H","players":["coalossal_idiot","bwahacough"],"log":"|j|\u2606coalossal_idiot\n|j|\u2606bwahacough\n|t:|1730250154\n|gametype|doubles\n|player|p1|coalossal_idiot|birdkeeper|1711\n|player|p2|bwahacough|medium|1891\n|teamsize|p1|6\n|teamsize|p2|6\n|gen|9\n|tier|[Gen 9] VGC 2024 Reg H\n|rated|\n|rule|Species Clause: Limit one of each Pok\u00e9mon\n|rule|Item Clause: Limit 1 of each item\n|clearpoke\n|poke|p1|Malamar, L50, F|\n|poke|p1|Salamence, L50, F|\n|poke|p1|Infernape, L50, F|\n|poke|p1|Weavile, L50, F|\n|poke|p1|Pelipper, L50, M|\n|poke|p1|Archaludon, L50, F|\n|poke|p2|Lycanroc, L50, F|\n|poke|p2|Tyranitar, L50, F|\n|poke|p2|Indeedee-F, L50, F|\n|poke|p2|Sneasler, L50, F|\n|poke|p2|Delphox, L50, M|\n|poke|p2|Murkrow, L50, F|\n|teampreview|4\n|inactive|Battle timer is ON: inactive players will automatically lose when time's up. (requested by coalossal_idiot)\n|inactive|coalossal_idiot has 60 seconds left.\n|inactive|coalossal_idiot has 30 seconds left.\n|\n|t:|1730250226\n|start\n|switch|p1a: Weavile|Weavile, L50, F|100\/100\n|switch|p1b: Salamence|Salamence, L50, F|100\/100\n|switch|p2a: Lycanroc|Lycanroc, L50, F|100\/100\n|switch|p2b: Tyranitar|Tyranitar, L50, F|100\/100\n|-ability|p1a: Weavile|Pressure\n|-ability|p1b: Salamence|Intimidate|boost\n|-unboost|p2a: Lycanroc|atk|1\n|-fail|p2b: Tyranitar|unboost|[from] item: Clear Amulet|[of] p2b: Tyranitar\n|-weather|Sandstorm|[from] ability: Sand Stream|[of] p2b: Tyranitar\n|turn|1\n|\n|t:|1730250236\n|switch|p2b: Indeedee|Indeedee-F, L50, F, shiny|100\/100\n|-fieldstart|move: Psychic Terrain|[from] ability: Psychic Surge|[of] p2b: Indeedee\n|-terastallize|p1b: Salamence|Steel\n|move|p1a: Weavile|Protect|p1a: Weavile\n|-singleturn|p1a: Weavile|Protect\n|move|p2a: Lycanroc|Rock Slide|p1b: Salamence|[spread] p1b\n|-activate|p1a: Weavile|move: Protect\n|-resisted|p1b: Salamence\n|-damage|p1b: Salamence|88\/100\n|move|p1b: Salamence|Tailwind|p1b: Salamence\n|-sidestart|p1: coalossal_idiot|move: Tailwind\n|\n|-weather|Sandstorm|[upkeep]\n|-damage|p1a: Weavile|94\/100|[from] Sandstorm\n|-damage|p2b: Indeedee|94\/100|[from] Sandstorm\n|upkeep\n|turn|2\n|j| xtyeah\n|\n|t:|1730250254\n|switch|p1b: Archaludon|Archaludon, L50, F|100\/100\n|move|p2b: Indeedee|Protect|p2b: Indeedee\n|-singleturn|p2b: Indeedee|Protect\n|move|p1a: Weavile|Knock Off|p2b: Indeedee\n|-activate|p2b: Indeedee|move: Protect\n|move|p2a: Lycanroc|Close Combat|p1a: Weavile\n|-supereffective|p1a: Weavile\n|-damage|p1a: Weavile|0 fnt\n|-unboost|p2a: Lycanroc|def|1\n|-unboost|p2a: Lycanroc|spd|1\n|faint|p1a: Weavile\n|\n|-weather|Sandstorm|[upkeep]\n|-damage|p2b: Indeedee|88\/100|[from] Sandstorm\n|upkeep\n|\n|t:|1730250264\n|switch|p1a: Salamence|Salamence, L50, F, tera:Steel|88\/100\n|-ability|p1a: Salamence|Intimidate|boost\n|-unboost|p2a: Lycanroc|atk|1\n|-unboost|p2b: Indeedee|atk|1\n|turn|3\n|\n|t:|1730250287\n|switch|p1b: Pelipper|Pelipper, L50, M|100\/100\n|-weather|RainDance|[from] ability: Drizzle|[of] p1b: Pelipper\n|-terastallize|p2a: Lycanroc|Fighting\n|move|p2b: Indeedee|Helping Hand|p2a: Lycanroc\n|-singleturn|p2a: Lycanroc|Helping Hand|[of] p2b: Indeedee\n|move|p1a: Salamence|Hurricane|p2b: Indeedee\n|-damage|p2b: Indeedee|22\/100\n|-start|p2b: Indeedee|confusion\n|-enditem|p2b: Indeedee|Sitrus Berry|[eat]\n|-heal|p2b: Indeedee|47\/100|[from] item: Sitrus Berry\n|-damage|p1a: Salamence|78\/100|[from] item: Life Orb\n|move|p2a: Lycanroc|Close Combat|p1a: Salamence\n|-supereffective|p1a: Salamence\n|-damage|p1a: Salamence|0 fnt\n|-unboost|p2a: Lycanroc|def|1\n|-unboost|p2a: Lycanroc|spd|1\n|faint|p1a: Salamence\n|\n|-weather|RainDance|[upkeep]\n|upkeep\n|\n|t:|1730250295\n|switch|p1a: Archaludon|Archaludon, L50, F|100\/100\n|turn|4\n|\n|t:|1730250306\n|switch|p2a: Tyranitar|Tyranitar, L50, F|100\/100\n|-weather|Sandstorm|[from] ability: Sand Stream|[of] p2a: Tyranitar\n|move|p1b: Pelipper|Hurricane|p2a: Tyranitar\n|-resisted|p2a: Tyranitar\n|-damage|p2a: Tyranitar|89\/100\n|-start|p2a: Tyranitar|confusion\n|move|p1a: Archaludon|Body Press|p2b: Indeedee\n|-damage|p2b: Indeedee|23\/100\n|-activate|p2b: Indeedee|confusion\n|move|p2b: Indeedee|Psychic|p1b: Pelipper\n|-damage|p1b: Pelipper|46\/100\n|\n|-weather|Sandstorm|[upkeep]\n|-damage|p1b: Pelipper|40\/100|[from] Sandstorm\n|-damage|p2b: Indeedee|16\/100|[from] Sandstorm\n|-sideend|p1: coalossal_idiot|move: Tailwind\n|upkeep\n|turn|5\n|-message|coalossal_idiot forfeited.\n|\n|win|bwahacough\n|raw|coalossal_idiot's rating: 1711 &rarr; <strong>1701<\/strong><br \/>(-10 for losing)\n|raw|bwahacough's rating: 1891 &rarr; <strong>1901<\/strong><br \/>(+10 for winning)\n|l|\u2606coalossal_idiot\n|player|p1|\n|l|\u2606bwahacough\n|player|p2|\n|l| xtyeah\n","uploadtime":1730250465,"views":54,"formatid":"gen9vgc2024regh","rating":1701,"private":0,"password":null}