{"id":"gen9vgc2024regh-2233173482","format":"[Gen 9] VGC 2024 Reg H","players":["Hachibam","roykeenkennedy"],"log":"|j|\u2606Hachibam\n|j|\u2606roykeenkennedy\n|t:|1730191856\n|gametype|doubles\n|player|p1|Hachibam|n-masters|1719\n|player|p2|roykeenkennedy|alder|1780\n|teamsize|p1|6\n|teamsize|p2|6\n|gen|9\n|tier|[Gen 9] VGC 2024 Reg H\n|rated|\n|rule|Species Clause: Limit one of each Pok\u00e9mon\n|rule|Item Clause: Limit 1 of each item\n|clearpoke\n|poke|p1|Typhlosion-Hisui, L50, M|\n|poke|p1|Murkrow, L50, M|\n|poke|p1|Ursaluna-Bloodmoon, L50, M|\n|poke|p1|Indeedee, L50, M|\n|poke|p1|Sneasler, L50, F|\n|poke|p1|Dragapult, L50, M|\n|poke|p2|Salamence, L50, F|\n|poke|p2|Incineroar, L50, F|\n|poke|p2|Weezing, L50, M|\n|poke|p2|Dragapult, L50, M|\n|poke|p2|Ursaluna-Bloodmoon, L50, M|\n|poke|p2|Volcarona, L50, F|\n|teampreview|4\n|j| Rabbithorn01\n|inactive|Battle timer is ON: inactive players will automatically lose when time's up. (requested by roykeenkennedy)\n|\n|t:|1730191920\n|start\n|switch|p1a: Ursaluna|Ursaluna-Bloodmoon, L50, M|100\/100\n|switch|p1b: Murkrow|Murkrow, L50, M, shiny|100\/100\n|switch|p2a: Weezing|Weezing, L50, M|100\/100\n|switch|p2b: Salamence|Salamence, L50, F|100\/100\n|-ability|p2a: Weezing|Neutralizing Gas\n|turn|1\n|\n|t:|1730191938\n|-terastallize|p2a: Weezing|Ghost\n|move|p1a: Ursaluna|Protect|p1a: Ursaluna\n|-singleturn|p1a: Ursaluna|Protect\n|move|p2b: Salamence|Tailwind|p2b: Salamence\n|-sidestart|p2: roykeenkennedy|move: Tailwind\n|move|p2a: Weezing|Taunt|p1b: Murkrow\n|-start|p1b: Murkrow|move: Taunt\n|cant|p1b: Murkrow|move: Taunt|Tailwind\n|\n|upkeep\n|turn|2\n|\n|t:|1730191954\n|switch|p2b: Incineroar|Incineroar, L50, F|100\/100\n|-ability|p2b: Incineroar|Intimidate|boost\n|-unboost|p1a: Ursaluna|atk|1\n|-unboost|p1b: Murkrow|atk|1\n|-terastallize|p1a: Ursaluna|Normal\n|move|p2a: Weezing|Sludge Bomb|p1a: Ursaluna\n|-damage|p1a: Ursaluna|66\/100\n|move|p1b: Murkrow|Snarl|p2b: Incineroar|[spread] p2a,p2b\n|-supereffective|p2a: Weezing\n|-resisted|p2b: Incineroar\n|-damage|p2a: Weezing|69\/100\n|-damage|p2b: Incineroar|96\/100\n|-unboost|p2a: Weezing|spa|1\n|-unboost|p2b: Incineroar|spa|1\n|move|p1a: Ursaluna|Blood Moon|p2b: Incineroar\n|-damage|p2b: Incineroar|0 fnt\n|faint|p2b: Incineroar\n|-damage|p1a: Ursaluna|56\/100|[from] item: Life Orb\n|\n|-heal|p2a: Weezing|76\/100|[from] item: Leftovers\n|upkeep\n|\n|t:|1730191977\n|switch|p2b: Ursaluna|Ursaluna-Bloodmoon, L50, M|100\/100\n|turn|3\n|\n|t:|1730191988\n|switch|p1b: Indeedee|Indeedee, L50, M|100\/100\n|move|p1a: Ursaluna|Protect|p1a: Ursaluna\n|-singleturn|p1a: Ursaluna|Protect\n|move|p2a: Weezing|Sludge Bomb|p1b: Indeedee\n|-damage|p1b: Indeedee|74\/100\n|move|p2b: Ursaluna|Blood Moon|p1b: Indeedee\n|-damage|p1b: Indeedee|0 fnt\n|faint|p1b: Indeedee\n|\n|-heal|p2a: Weezing|82\/100|[from] item: Leftovers\n|upkeep\n|\n|t:|1730192004\n|switch|p1b: Sneasler|Sneasler, L50, F|100\/100\n|turn|4\n|\n|t:|1730192028\n|move|p1b: Sneasler|Protect|p1b: Sneasler\n|-singleturn|p1b: Sneasler|Protect\n|move|p2b: Ursaluna|Vacuum Wave|p1a: Ursaluna\n|-supereffective|p1a: Ursaluna\n|-damage|p1a: Ursaluna|22\/100\n|move|p2a: Weezing|Sludge Bomb|p1a: Ursaluna\n|-damage|p1a: Ursaluna|0 fnt\n|faint|p1a: Ursaluna\n|\n|-heal|p2a: Weezing|88\/100|[from] item: Leftovers\n|-sideend|p2: roykeenkennedy|move: Tailwind\n|upkeep\n|\n|t:|1730192038\n|switch|p1a: Murkrow|Murkrow, L50, M, shiny|100\/100\n|turn|5\n|\n|t:|1730192058\n|move|p1b: Sneasler|Throat Chop|p2a: Weezing\n|-supereffective|p2a: Weezing\n|-damage|p2a: Weezing|40\/100\n|-start|p2a: Weezing|Throat Chop|[silent]\n|move|p1a: Murkrow|Snarl|p2b: Ursaluna|[spread] p2a,p2b\n|-supereffective|p2a: Weezing\n|-crit|p2a: Weezing\n|-damage|p2a: Weezing|0 fnt\n|-damage|p2b: Ursaluna|90\/100\n|-unboost|p2b: Ursaluna|spa|1\n|faint|p2a: Weezing\n|-end|p2a: Weezing|ability: Neutralizing Gas\n|move|p2b: Ursaluna|Hyper Voice|p1b: Sneasler|[spread] p1a,p1b\n|-damage|p1a: Murkrow|73\/100\n|-damage|p1b: Sneasler|64\/100\n|\n|upkeep\n|\n|t:|1730192072\n|switch|p2a: Salamence|Salamence, L50, F|100\/100\n|turn|6\n|\n|t:|1730192096\n|move|p2a: Salamence|Breaking Swipe|p1a: Murkrow|[spread] p1a,p1b\n|-damage|p1a: Murkrow|43\/100\n|-damage|p1b: Sneasler|17\/100\n|-unboost|p1a: Murkrow|atk|1\n|-unboost|p1b: Sneasler|atk|1\n|move|p1b: Sneasler|Dire Claw|p2a: Salamence\n|-damage|p2a: Salamence|69\/100\n|-status|p2a: Salamence|psn\n|move|p1a: Murkrow|Snarl|p2b: Ursaluna|[spread] p2a,p2b\n|-damage|p2a: Salamence|54\/100 psn\n|-damage|p2b: Ursaluna|80\/100\n|-unboost|p2a: Salamence|spa|1\n|-unboost|p2b: Ursaluna|spa|1\n|move|p2b: Ursaluna|Blood Moon|p1a: Murkrow\n|-damage|p1a: Murkrow|2\/100\n|\n|-damage|p2a: Salamence|42\/100 psn|[from] psn\n|upkeep\n|turn|7\n|c|\u2606Hachibam|Gg\n|\n|t:|1730192118\n|move|p1a: Murkrow|Tailwind|p1a: Murkrow\n|-sidestart|p1: Hachibam|move: Tailwind\n|move|p1b: Sneasler|Dire Claw|p2a: Salamence\n|-damage|p2a: Salamence|9\/100 psn\n|move|p2a: Salamence|Breaking Swipe|p1a: Murkrow|[spread] p1a,p1b\n|-damage|p1a: Murkrow|0 fnt\n|-damage|p1b: Sneasler|0 fnt\n|faint|p1a: Murkrow\n|faint|p1b: Sneasler\n|\n|win|roykeenkennedy\n|raw|Hachibam's rating: 1719 &rarr; <strong>1702<\/strong><br \/>(-17 for losing)\n|raw|roykeenkennedy's rating: 1780 &rarr; <strong>1797<\/strong><br \/>(+17 for winning)\n|l|\u2606Hachibam\n|player|p1|\n|c|\u2606roykeenkennedy|Gg\n|l|\u2606roykeenkennedy\n|player|p2|\n|l| Rabbithorn01\n","uploadtime":1730192144,"views":12,"formatid":"gen9vgc2024regh","rating":1702,"private":0,"password":null}