{"id":"gen9vgc2024regh-2233682912","format":"[Gen 9] VGC 2024 Reg H","players":["Zigbear","don drapion"],"log":"|j|\u2606Zigbear\n|j|\u2606don drapion\n|t:|1730244419\n|gametype|doubles\n|player|p1|Zigbear|266|1707\n|player|p2|don drapion|265|1666\n|teamsize|p1|6\n|teamsize|p2|6\n|gen|9\n|tier|[Gen 9] VGC 2024 Reg H\n|rated|\n|rule|Species Clause: Limit one of each Pok\u00e9mon\n|rule|Item Clause: Limit 1 of each item\n|clearpoke\n|poke|p1|Weezing, L50, M|\n|poke|p1|Incineroar, L50, M|\n|poke|p1|Garchomp, L50, F|\n|poke|p1|Gholdengo, L50|\n|poke|p1|Amoonguss, L50, F|\n|poke|p1|Flamigo, L50, M|\n|poke|p2|Annihilape, L50, M|\n|poke|p2|Kommo-o, L50, M|\n|poke|p2|Tyranitar, L50, F|\n|poke|p2|Maushold-Four, L50|\n|poke|p2|Sinistcha, L50|\n|poke|p2|Perrserker, L50, M|\n|teampreview|4\ndon drapion rejected open team sheets.\n|\n|t:|1730244468\n|start\n|switch|p1a: Weezing|Weezing, L50, M|100\/100\n|switch|p1b: Garchomp|Garchomp, L50, F|100\/100\n|switch|p2a: Annihilape|Annihilape, L50, M|100\/100\n|switch|p2b: Tyranitar|Tyranitar, L50, F|100\/100\n|-weather|Sandstorm|[from] ability: Sand Stream|[of] p2b: Tyranitar\n|turn|1\n|\n|t:|1730244497\n|move|p2a: Annihilape|Final Gambit|p1b: Garchomp\n|-damage|p1b: Garchomp|0 fnt\n|faint|p2a: Annihilape\n|faint|p1b: Garchomp\n|move|p2b: Tyranitar|Dragon Dance|p2b: Tyranitar\n|-boost|p2b: Tyranitar|atk|1\n|-boost|p2b: Tyranitar|spe|1\n|move|p1a: Weezing|Will-O-Wisp|p2b: Tyranitar\n|-status|p2b: Tyranitar|brn\n|\n|-weather|Sandstorm|[upkeep]\n|-damage|p1a: Weezing|95\/100|[from] Sandstorm\n|-damage|p2b: Tyranitar|94\/100 brn|[from] brn\n|upkeep\n|\n|t:|1730244511\n|switch|p1b: Flamigo|Flamigo, L50, M|100\/100\n|switch|p2a: Kommo-o|Kommo-o, L50, M|100\/100\n|turn|2\n|\n|t:|1730244561\n|switch|p1b: Gholdengo|Gholdengo, L50|100\/100\n|-terastallize|p2a: Kommo-o|Steel\n|move|p2b: Tyranitar|Rock Slide|p1b: Gholdengo|[spread] p1a,p1b\n|-resisted|p1b: Gholdengo\n|-damage|p1a: Weezing|77\/100\n|-damage|p1b: Gholdengo|89\/100\n|move|p2a: Kommo-o|Clangorous Soul|p2a: Kommo-o\n|-boost|p2a: Kommo-o|atk|1\n|-boost|p2a: Kommo-o|def|1\n|-boost|p2a: Kommo-o|spa|1\n|-boost|p2a: Kommo-o|spd|1\n|-boost|p2a: Kommo-o|spe|1\n|-damage|p2a: Kommo-o|68\/100\n|-enditem|p2a: Kommo-o|Throat Spray\n|-boost|p2a: Kommo-o|spa|1|[from] item: Throat Spray\n|move|p1a: Weezing|Will-O-Wisp|p2a: Kommo-o\n|-status|p2a: Kommo-o|brn\n|\n|-weather|Sandstorm|[upkeep]\n|-damage|p1a: Weezing|71\/100|[from] Sandstorm\n|-heal|p1b: Gholdengo|95\/100|[from] item: Leftovers\n|-damage|p2a: Kommo-o|61\/100 brn|[from] brn\n|-damage|p2b: Tyranitar|88\/100 brn|[from] brn\n|upkeep\n|turn|3\n|\n|t:|1730244592\n|move|p1b: Gholdengo|Protect|p1b: Gholdengo\n|-singleturn|p1b: Gholdengo|Protect\n|move|p2a: Kommo-o|Clanging Scales|p1b: Gholdengo|[spread] p1a\n|-activate|p1b: Gholdengo|move: Protect\n|-damage|p1a: Weezing|0 fnt\n|faint|p1a: Weezing\n|-unboost|p2a: Kommo-o|def|1\n|move|p2b: Tyranitar|Knock Off|p1b: Gholdengo\n|-activate|p1b: Gholdengo|move: Protect\n|\n|-weather|Sandstorm|[upkeep]\n|-heal|p1b: Gholdengo|100\/100|[from] item: Leftovers\n|-damage|p2a: Kommo-o|55\/100 brn|[from] brn\n|-damage|p2b: Tyranitar|82\/100 brn|[from] brn\n|upkeep\n|\n|t:|1730244603\n|switch|p1a: Flamigo|Flamigo, L50, M|100\/100\n|turn|4\n|\n|t:|1730244632\n|switch|p2b: Sinistcha|Sinistcha, L50|100\/100\n|-heal|p2a: Kommo-o|80\/100 brn|[from] ability: Hospitality|[of] p2b: Sinistcha\n|-terastallize|p1b: Gholdengo|Flying\n|move|p2a: Kommo-o|Clanging Scales|p1b: Gholdengo|[spread] p1a,p1b\n|-enditem|p1a: Flamigo|Focus Sash\n|-damage|p1a: Flamigo|1\/100\n|-damage|p1b: Gholdengo|30\/100\n|-unboost|p2a: Kommo-o|def|1\n|move|p1a: Flamigo|Close Combat|p2a: Kommo-o\n|-supereffective|p2a: Kommo-o\n|-damage|p2a: Kommo-o|0 fnt\n|-unboost|p1a: Flamigo|def|1\n|-unboost|p1a: Flamigo|spd|1\n|faint|p2a: Kommo-o\n|move|p1b: Gholdengo|Make It Rain|p2b: Sinistcha\n|-damage|p2b: Sinistcha|43\/100\n|-unboost|p1b: Gholdengo|spa|1\n|-enditem|p2b: Sinistcha|Sitrus Berry|[eat]\n|-heal|p2b: Sinistcha|67\/100|[from] item: Sitrus Berry\n|\n|-weather|Sandstorm|[upkeep]\n|-damage|p1a: Flamigo|0 fnt|[from] Sandstorm\n|-damage|p1b: Gholdengo|24\/100|[from] Sandstorm\n|-damage|p2b: Sinistcha|61\/100|[from] Sandstorm\n|faint|p1a: Flamigo\n|-heal|p1b: Gholdengo|30\/100|[from] item: Leftovers\n|upkeep\n|\n|t:|1730244658\n|switch|p2a: Tyranitar|Tyranitar, L50, F|82\/100 brn\n|turn|5\n|\n|t:|1730244676\n|move|p1b: Gholdengo|Protect|p1b: Gholdengo\n|-singleturn|p1b: Gholdengo|Protect\n|move|p2a: Tyranitar|Rock Slide|p1b: Gholdengo\n|-activate|p1b: Gholdengo|move: Protect\n|move|p2b: Sinistcha|Trick Room|p2b: Sinistcha\n|-fieldstart|move: Trick Room|[of] p2b: Sinistcha\n|\n|-weather|none\n|-heal|p1b: Gholdengo|36\/100|[from] item: Leftovers\n|-damage|p2a: Tyranitar|76\/100 brn|[from] brn\n|upkeep\n|turn|6\n|\n|t:|1730244689\n|move|p2b: Sinistcha|Shadow Ball|p1b: Gholdengo\n|-damage|p1b: Gholdengo|0 fnt\n|faint|p1b: Gholdengo\n|\n|win|don drapion\n|raw|Zigbear's rating: 1707 &rarr; <strong>1685<\/strong><br \/>(-22 for losing)\n|raw|don drapion's rating: 1666 &rarr; <strong>1688<\/strong><br \/>(+22 for winning)\n|l|\u2606Zigbear\n|player|p1|\n|l|\u2606don drapion\n|player|p2|\n","uploadtime":1730244851,"views":15,"formatid":"gen9vgc2024regh","rating":1685,"private":0,"password":null}