{"id":"gen9vgc2024regh-2234844511","format":"[Gen 9] VGC 2024 Reg H","players":["Zordor","Diddle08"],"log":"|j|\u2606Zordor\n|j|\u2606Diddle08\n|t:|1730395395\n|gametype|doubles\n|player|p1|Zordor|pilot|1703\n|player|p2|Diddle08|acetrainer|1697\n|teamsize|p1|6\n|teamsize|p2|6\n|gen|9\n|tier|[Gen 9] VGC 2024 Reg H\n|rated|\n|rule|Species Clause: Limit one of each Pok\u00e9mon\n|rule|Item Clause: Limit 1 of each item\n|clearpoke\n|poke|p1|Rotom-Wash, L50|\n|poke|p1|Sneasler, L50, F|\n|poke|p1|Kingambit, L50, M|\n|poke|p1|Armarouge, L50, F|\n|poke|p1|Dragapult, L50, F|\n|poke|p1|Venusaur, L50, F|\n|poke|p2|Blastoise, L50, M|\n|poke|p2|Weezing-Galar, L50, M|\n|poke|p2|Toedscruel, L50, F|\n|poke|p2|Typhlosion-Hisui, L50, M|\n|poke|p2|Meowscarada, L50, F|\n|poke|p2|Corviknight, L50, F|\n|teampreview|4\n|inactive|Battle timer is ON: inactive players will automatically lose when time's up. (requested by Diddle08)\n|inactive|Zordor has 60 seconds left.\n|inactive|Diddle08 has 60 seconds left.\n|\n|t:|1730395461\n|start\n|switch|p1a: Sneasler|Sneasler, L50, F|100\/100\n|switch|p1b: Armarouge|Armarouge, L50, F|100\/100\n|switch|p2a: Meowscarada|Meowscarada, L50, F|100\/100\n|switch|p2b: Blastoise|Blastoise, L50, M|100\/100\n|turn|1\n|inactive|Zordor has 30 seconds left.\n|\n|t:|1730395490\n|move|p2a: Meowscarada|Protect|p2a: Meowscarada\n|-singleturn|p2a: Meowscarada|Protect\n|move|p1b: Armarouge|Protect|p1b: Armarouge\n|-singleturn|p1b: Armarouge|Protect\n|move|p1a: Sneasler|Dire Claw|p2a: Meowscarada\n|-activate|p2a: Meowscarada|move: Protect\n|move|p2b: Blastoise|Water Spout|p1b: Armarouge|[spread] p1a\n|-activate|p1b: Armarouge|move: Protect\n|-damage|p1a: Sneasler|38\/100\n|\n|upkeep\n|turn|2\n|inactive|Diddle08 has 30 seconds left.\n|\n|t:|1730395519\n|-terastallize|p1b: Armarouge|Dark\n|move|p2a: Meowscarada|Grass Pledge|p1b: Armarouge\n|-waiting|p2a: Meowscarada|p2b: Blastoise\n|move|p2b: Blastoise|Water Pledge|p1b: Armarouge|[from]move: Grass Pledge\n|-combine\n|-damage|p1b: Armarouge|34\/100\n|-sidestart|p1: Zordor|Grass Pledge\n|move|p1a: Sneasler|Dire Claw|p2b: Blastoise\n|-damage|p2b: Blastoise|64\/100\n|-status|p2b: Blastoise|psn\n|move|p1b: Armarouge|Heat Wave|p2a: Meowscarada|[spread] p2a,p2b\n|-supereffective|p2a: Meowscarada\n|-resisted|p2b: Blastoise\n|-enditem|p2a: Meowscarada|Focus Sash\n|-damage|p2a: Meowscarada|1\/100\n|-damage|p2b: Blastoise|54\/100 psn\n|\n|-damage|p2b: Blastoise|41\/100 psn|[from] psn\n|upkeep\n|turn|3\n|inactive|Diddle08 has 30 seconds left.\n|\n|t:|1730395550\n|move|p1a: Sneasler|Protect|p1a: Sneasler\n|-singleturn|p1a: Sneasler|Protect\n|move|p1b: Armarouge|Protect|p1b: Armarouge\n|-singleturn|p1b: Armarouge|Protect\n|move|p2a: Meowscarada|Flower Trick|p1b: Armarouge\n|-activate|p1b: Armarouge|move: Protect\n|move|p2b: Blastoise|Water Pledge|p1a: Sneasler\n|-activate|p1a: Sneasler|move: Protect\n|\n|-damage|p2b: Blastoise|29\/100 psn|[from] psn\n|upkeep\n|turn|4\n|inactive|Diddle08 has 30 seconds left.\n|\n|t:|1730395581\n|switch|p1a: Dragapult|Dragapult, L50, F|100\/100\n|switch|p1b: Kingambit|Kingambit, L50, M|100\/100\n|move|p2a: Meowscarada|Flower Trick|p1b: Kingambit\n|-resisted|p1b: Kingambit\n|-crit|p1b: Kingambit\n|-damage|p1b: Kingambit|73\/100\n|move|p2b: Blastoise|Water Spout|p1b: Kingambit|[spread] p1a,p1b\n|-resisted|p1a: Dragapult\n|-damage|p1a: Dragapult|91\/100\n|-damage|p1b: Kingambit|50\/100\n|-enditem|p1b: Kingambit|Sitrus Berry|[eat]\n|-heal|p1b: Kingambit|75\/100|[from] item: Sitrus Berry\n|\n|-damage|p2b: Blastoise|17\/100 psn|[from] psn\n|upkeep\n|turn|5\n|inactive|Diddle08 has 30 seconds left.\n|inactive|Diddle08 has 20 seconds left.\n|inactive|Diddle08 has 15 seconds left.\n|inactive|Zordor has 30 seconds left.\n|\n|t:|1730395627\n|move|p2a: Meowscarada|Protect|p2a: Meowscarada\n|-singleturn|p2a: Meowscarada|Protect\n|move|p1b: Kingambit|Sucker Punch||[still]\n|-fail|p1b: Kingambit\n|move|p2b: Blastoise|Water Pledge|p1b: Kingambit\n|-damage|p1b: Kingambit|21\/100\n|move|p1a: Dragapult|Phantom Force||[still]\n|-prepare|p1a: Dragapult|Phantom Force\n|\n|-damage|p2b: Blastoise|5\/100 psn|[from] psn\n|-sideend|p1: Zordor|Grass Pledge\n|upkeep\n|turn|6\n|\n|t:|1730395647\n|switch|p2a: Weezing|Weezing-Galar, L50, M, shiny|100\/100\n|-ability|p2a: Weezing|Neutralizing Gas\n|move|p1b: Kingambit|Sucker Punch|p2b: Blastoise\n|-damage|p2b: Blastoise|0 fnt\n|faint|p2b: Blastoise\n|move|p1a: Dragapult|Phantom Force|p2a: Weezing|[from]lockedmove\n|-damage|p2a: Weezing|65\/100\n|\n|upkeep\n|\n|t:|1730395657\n|switch|p2b: Corviknight|Corviknight, L50, F|100\/100\n|turn|7\n|\n|t:|1730395671\n|move|p1a: Dragapult|Psychic Fangs|p2a: Weezing\n|-supereffective|p2a: Weezing\n|-damage|p2a: Weezing|15\/100\n|move|p1b: Kingambit|Iron Head|p2a: Weezing\n|-supereffective|p2a: Weezing\n|-crit|p2a: Weezing\n|-damage|p2a: Weezing|0 fnt\n|faint|p2a: Weezing\n|-end|p2a: Weezing|ability: Neutralizing Gas\n|move|p2b: Corviknight|Tailwind|p2b: Corviknight\n|-sidestart|p2: Diddle08|move: Tailwind\n|\n|upkeep\n|\n|t:|1730395682\n|switch|p2a: Meowscarada|Meowscarada, L50, F|1\/100\n|turn|8\n|\n|t:|1730395690\n|move|p2a: Meowscarada|Protect|p2a: Meowscarada\n|-singleturn|p2a: Meowscarada|Protect\n|move|p1b: Kingambit|Sucker Punch||[still]\n|-fail|p1b: Kingambit\n|move|p1a: Dragapult|Phantom Force||[still]\n|-prepare|p1a: Dragapult|Phantom Force\n|move|p2b: Corviknight|Brave Bird|p1b: Kingambit\n|-resisted|p1b: Kingambit\n|-damage|p1b: Kingambit|6\/100\n|-damage|p2b: Corviknight|96\/100|[from] Recoil\n|\n|upkeep\n|turn|9\n|\n|t:|1730395703\n|move|p2a: Meowscarada|Protect||[still]\n|-fail|p2a: Meowscarada\n|move|p1b: Kingambit|Protect|p1b: Kingambit\n|-singleturn|p1b: Kingambit|Protect\n|move|p1a: Dragapult|Phantom Force|p2a: Meowscarada|[from]lockedmove\n|-resisted|p2a: Meowscarada\n|-damage|p2a: Meowscarada|0 fnt\n|faint|p2a: Meowscarada\n|move|p2b: Corviknight|Brave Bird|p1b: Kingambit\n|-activate|p1b: Kingambit|move: Protect\n|\n|upkeep\n|turn|10\n|-message|Diddle08 forfeited.\n|\n|win|Zordor\n|raw|Zordor's rating: 1703 &rarr; <strong>1723<\/strong><br \/>(+20 for winning)\n|raw|Diddle08's rating: 1697 &rarr; <strong>1677<\/strong><br \/>(-20 for losing)\n|l|\u2606Diddle08\n|player|p2|\n","uploadtime":1730395959,"views":19,"formatid":"gen9vgc2024regh","rating":1677,"private":0,"password":null}