{"id":"gen9vgc2024regh-2234004340","format":"[Gen 9] VGC 2024 Reg H","players":["TrubbishTyler","trecal"],"log":"|j|\u2606TrubbishTyler\n|j|\u2606trecal\n|t:|1730293654\n|gametype|doubles\n|player|p1|TrubbishTyler|burglar|1780\n|player|p2|trecal|102|1700\n|teamsize|p1|6\n|teamsize|p2|6\n|gen|9\n|tier|[Gen 9] VGC 2024 Reg H\n|rated|\n|rule|Species Clause: Limit one of each Pok\u00e9mon\n|rule|Item Clause: Limit 1 of each item\n|clearpoke\n|poke|p1|Dondozo, L50, M|\n|poke|p1|Tatsugiri, L50, F|\n|poke|p1|Hydreigon, L50, F|\n|poke|p1|Garchomp, L50, F|\n|poke|p1|Indeedee, L50, M|\n|poke|p1|Sneasler, L50, M|\n|poke|p2|Volcarona, L50, M|\n|poke|p2|Kingambit, L50, M|\n|poke|p2|Sneasler, L50, F|\n|poke|p2|Ninetales-Alola, L50, M|\n|poke|p2|Basculegion, L50, M|\n|poke|p2|Dragonite, L50, F|\n|teampreview|4\n|inactive|Battle timer is ON: inactive players will automatically lose when time's up. (requested by TrubbishTyler)\n|inactive|trecal has 60 seconds left.\n|inactive|trecal has 30 seconds left.\n|\n|t:|1730293723\n|start\n|switch|p1a: Indeedee|Indeedee, L50, M|100\/100\n|switch|p1b: Sneasler|Sneasler, L50, M|100\/100\n|switch|p2a: Kingambit|Kingambit, L50, M|100\/100\n|switch|p2b: Dragonite|Dragonite, L50, F|100\/100\n|-fieldstart|move: Psychic Terrain|[from] ability: Psychic Surge|[of] p1a: Indeedee\n|-enditem|p1b: Sneasler|Psychic Seed\n|-boost|p1b: Sneasler|spd|1|[from] item: Psychic Seed\n|turn|1\n|\n|t:|1730293740\n|switch|p2a: Ninetales|Ninetales-Alola, L50, M|100\/100\n|-weather|Snow|[from] ability: Snow Warning|[of] p2a: Ninetales\n|-terastallize|p1a: Indeedee|Fighting\n|move|p1b: Sneasler|Dire Claw|p2b: Dragonite\n|-damage|p2b: Dragonite|79\/100\n|-status|p2b: Dragonite|par\n|move|p1a: Indeedee|Tera Blast|p2a: Ninetales|[anim] Tera Blast Fighting\n|-damage|p2a: Ninetales|61\/100\n|move|p2b: Dragonite|Scale Shot|p1b: Sneasler\n|-damage|p1b: Sneasler|79\/100\n|-damage|p1b: Sneasler|60\/100\n|-damage|p1b: Sneasler|40\/100\n|-damage|p1b: Sneasler|21\/100\n|-hitcount|p1b: Sneasler|4\n|-unboost|p2b: Dragonite|def|1\n|-boost|p2b: Dragonite|spe|1\n|\n|-weather|Snow|[upkeep]\n|upkeep\n|turn|2\n|inactive|trecal has 30 seconds left.\n|inactive|trecal has 20 seconds left.\n|inactive|trecal has 15 seconds left.\n|inactive|trecal has 10 seconds left.\n|\n|t:|1730293789\n|switch|p2a: Kingambit|Kingambit, L50, M|100\/100\n|move|p1b: Sneasler|Dire Claw|p2a: Kingambit\n|-immune|p2a: Kingambit\n|move|p1a: Indeedee|Expanding Force|p2b: Dragonite|[spread] p2b\n|-immune|p2a: Kingambit\n|-damage|p2b: Dragonite|30\/100 par\n|move|p2b: Dragonite|Scale Shot|p1b: Sneasler\n|-damage|p1b: Sneasler|0 fnt\n|faint|p1b: Sneasler\n|-hitcount|p1: Sneasler|1\n|-unboost|p2b: Dragonite|def|1\n|-boost|p2b: Dragonite|spe|1\n|\n|-weather|Snow|[upkeep]\n|upkeep\n|\n|t:|1730293793\n|switch|p1b: Dondozo|Dondozo, L50, M|100\/100\n|turn|3\n|\n|t:|1730293816\n|switch|p1a: Tatsugiri|Tatsugiri, L50, F|100\/100\n|-activate|p1a: Tatsugiri|ability: Commander|[of] p1b: Dondozo\n|-boost|p1b: Dondozo|atk|2\n|-boost|p1b: Dondozo|spa|2\n|-boost|p1b: Dondozo|spe|2\n|-boost|p1b: Dondozo|def|2\n|-boost|p1b: Dondozo|spd|2\n|switch|p2a: Ninetales|Ninetales-Alola, L50, M|61\/100\n|cant|p2b: Dragonite|par\n|move|p1b: Dondozo|Order Up|p2b: Dragonite\n|-supereffective|p2b: Dragonite\n|-damage|p2b: Dragonite|0 fnt\n|faint|p2b: Dragonite\n|-boost|p1b: Dondozo|atk|1\n|\n|-weather|Snow|[upkeep]\n|upkeep\n|\n|t:|1730293835\n|switch|p2b: Sneasler|Sneasler, L50, F|100\/100\n|turn|4\n|\n|t:|1730293844\n|move|p2b: Sneasler|Dire Claw|p1b: Dondozo\n|-damage|p1b: Dondozo|84\/100\n|-status|p1b: Dondozo|slp\n|move|p2a: Ninetales|Aurora Veil|p2a: Ninetales\n|-sidestart|p2: trecal|move: Aurora Veil\n|cant|p1b: Dondozo|slp\n|\n|-weather|Snow|[upkeep]\n|-heal|p1b: Dondozo|91\/100 slp|[from] item: Leftovers\n|upkeep\n|turn|5\n|\n|t:|1730293862\n|move|p2b: Sneasler|Close Combat|p1b: Dondozo\n|-damage|p1b: Dondozo|70\/100 slp\n|-unboost|p2b: Sneasler|def|1\n|-unboost|p2b: Sneasler|spd|1\n|move|p2a: Ninetales|Blizzard|p1a: Tatsugiri|[spread] p1b\n|-miss|p2a: Ninetales|p1a: Tatsugiri\n|-resisted|p1b: Dondozo\n|-damage|p1b: Dondozo|64\/100 slp\n|cant|p1b: Dondozo|slp\n|\n|-weather|none\n|-heal|p1b: Dondozo|70\/100 slp|[from] item: Leftovers\n|-fieldend|move: Psychic Terrain\n|upkeep\n|turn|6\n|inactive|trecal has 30 seconds left.\n|\n|t:|1730293889\n|move|p2a: Ninetales|Protect|p2a: Ninetales\n|-singleturn|p2a: Ninetales|Protect\n|move|p2b: Sneasler|Close Combat|p1b: Dondozo\n|-damage|p1b: Dondozo|46\/100 slp\n|-unboost|p2b: Sneasler|def|1\n|-unboost|p2b: Sneasler|spd|1\n|cant|p1b: Dondozo|slp\n|\n|-heal|p1b: Dondozo|52\/100 slp|[from] item: Leftovers\n|upkeep\n|turn|7\n|j| Therazer456\n|\n|t:|1730293903\n|move|p2b: Sneasler|Close Combat|p1b: Dondozo\n|-damage|p1b: Dondozo|29\/100 slp\n|-unboost|p2b: Sneasler|def|1\n|-unboost|p2b: Sneasler|spd|1\n|move|p2a: Ninetales|Blizzard|p1b: Dondozo|[spread] p1b\n|-miss|p2a: Ninetales|p1a: Tatsugiri\n|-resisted|p1b: Dondozo\n|-crit|p1b: Dondozo\n|-damage|p1b: Dondozo|9\/100 slp\n|-curestatus|p1b: Dondozo|slp|[msg]\n|move|p1b: Dondozo|Earthquake|p2a: Ninetales|[spread] p2a,p2b\n|-miss|p1b: Dondozo|p1a: Tatsugiri\n|-supereffective|p2b: Sneasler\n|-damage|p2a: Ninetales|12\/100\n|-enditem|p2b: Sneasler|Focus Sash\n|-damage|p2b: Sneasler|1\/100\n|\n|-heal|p1b: Dondozo|16\/100|[from] item: Leftovers\n|upkeep\n|turn|8\n|inactive|trecal has 30 seconds left.\n|inactive|trecal has 20 seconds left.\n|\n|t:|1730293940\n|move|p2b: Sneasler|Close Combat|p1b: Dondozo\n|-damage|p1b: Dondozo|0 fnt\n|-unboost|p2b: Sneasler|def|1\n|-unboost|p2b: Sneasler|spd|1\n|faint|p1b: Dondozo\n|move|p2a: Ninetales|Blizzard|p1a: Tatsugiri\n|-damage|p1a: Tatsugiri|56\/100\n|-status|p1a: Tatsugiri|frz\n|\n|upkeep\n|\n|t:|1730293943\n|switch|p1b: Indeedee|Indeedee, L50, M, tera:Fighting|100\/100\n|-fieldstart|move: Psychic Terrain|[from] ability: Psychic Surge|[of] p1b: Indeedee\n|turn|9\n|\n|t:|1730293959\n|-curestatus|p1a: Tatsugiri|frz|[msg]\n|move|p1a: Tatsugiri|Icy Wind|p2b: Sneasler|[spread] p2b\n|-miss|p1a: Tatsugiri|p2a: Ninetales\n|-damage|p2b: Sneasler|0 fnt\n|faint|p2b: Sneasler\n|move|p2a: Ninetales|Blizzard|p1b: Indeedee|[spread] p1a,p1b\n|-damage|p1a: Tatsugiri|25\/100\n|-damage|p1b: Indeedee|64\/100\n|-status|p1a: Tatsugiri|frz\n|move|p1b: Indeedee|Trick Room|p1b: Indeedee\n|-fieldstart|move: Trick Room|[of] p1b: Indeedee\n|\n|upkeep\n|\n|t:|1730293964\n|switch|p2b: Kingambit|Kingambit, L50, M|100\/100\n|turn|10\n|\n|t:|1730293978\n|-terastallize|p2b: Kingambit|Flying\n|move|p2b: Kingambit|Iron Head|p1b: Indeedee\n|-damage|p1b: Indeedee|0 fnt\n|faint|p1b: Indeedee\n|move|p2a: Ninetales|Blizzard|p1a: Tatsugiri\n|-damage|p1a: Tatsugiri|0 fnt\n|faint|p1a: Tatsugiri\n|\n|win|trecal\n|raw|TrubbishTyler's rating: 1780 &rarr; <strong>1755<\/strong><br \/>(-25 for losing)\n|raw|trecal's rating: 1700 &rarr; <strong>1725<\/strong><br \/>(+25 for winning)\n|l|\u2606TrubbishTyler\n|player|p1|\n|l|\u2606trecal\n|player|p2|\n|l| Therazer456\n","uploadtime":1730294120,"views":12,"formatid":"gen9vgc2024regh","rating":1725,"private":0,"password":null}