{"id":"gen9vgc2024regh-2234244749","format":"[Gen 9] VGC 2024 Reg H","players":["RobertoAlonso","RandomizerBG"],"log":"|j|\u2606RobertoAlonso\n|j|\u2606RandomizerBG\n|t:|1730316778\n|gametype|doubles\n|player|p1|RobertoAlonso|1|1755\n|player|p2|RandomizerBG|musician|1664\n|teamsize|p1|6\n|teamsize|p2|6\n|gen|9\n|tier|[Gen 9] VGC 2024 Reg H\n|rated|\n|rule|Species Clause: Limit one of each Pok\u00e9mon\n|rule|Item Clause: Limit 1 of each item\n|clearpoke\n|poke|p1|Whimsicott, L50, M|\n|poke|p1|Primarina, L50, F|\n|poke|p1|Sneasler, L50, M|\n|poke|p1|Indeedee, L50, M|\n|poke|p1|Ursaluna-Bloodmoon, L50, M|\n|poke|p1|Arcanine-Hisui, L50, M|\n|poke|p2|Lilligant-Hisui, L50, F|\n|poke|p2|Sneasler, L50, M|\n|poke|p2|Arcanine-Hisui, L50, M|\n|poke|p2|Hydreigon, L50, F|\n|poke|p2|Oranguru, L50, M|\n|poke|p2|Torkoal, L50, M|\n|teampreview|4\n|inactive|Battle timer is ON: inactive players will automatically lose when time's up. (requested by RobertoAlonso)\n|inactive|RandomizerBG has 60 seconds left.\n|inactive|RandomizerBG has 30 seconds left.\n|j| Xunyicaoawa\n|inactive|RandomizerBG has 20 seconds left.\n|inactive|RandomizerBG has 15 seconds left.\n|\n|t:|1730316899\n|start\n|switch|p1a: Arcanine|Arcanine-Hisui, L50, M|100\/100\n|switch|p1b: Whimsicott|Whimsicott, L50, M|100\/100\n|switch|p2a: Lilligant|Lilligant-Hisui, L50, F|100\/100\n|switch|p2b: Torkoal|Torkoal, L50, M|100\/100\n|-ability|p1a: Arcanine|Intimidate|boost\n|-unboost|p2a: Lilligant|atk|1\n|-unboost|p2b: Torkoal|atk|1\n|-enditem|p2b: Torkoal|Eject Pack\n|\n|t:|1730316908\n|switch|p2b: Sneasler|Sneasler, L50, M, shiny|100\/100\n|-ability|p2b: Sneasler|Pressure\n|turn|1\n|inactive|RandomizerBG has 30 seconds left.\n|\n|t:|1730316935\n|-terastallize|p1a: Arcanine|Grass\n|move|p2b: Sneasler|Fake Out|p1a: Arcanine\n|-damage|p1a: Arcanine|83\/100\n|move|p1b: Whimsicott|Tailwind|p1b: Whimsicott\n|-sidestart|p1: RobertoAlonso|move: Tailwind\n|cant|p1a: Arcanine|flinch\n|move|p2a: Lilligant|Sleep Powder|p1a: Arcanine\n|-immune|p1a: Arcanine\n|\n|upkeep\n|turn|2\n|inactive|RandomizerBG has 30 seconds left.\n|\n|t:|1730316970\n|move|p1b: Whimsicott|Moonblast|p2a: Lilligant\n|-supereffective|p2a: Lilligant\n|-damage|p2a: Lilligant|0 fnt\n|faint|p2a: Lilligant\n|move|p1a: Arcanine|Flare Blitz|p2b: Sneasler\n|-enditem|p2b: Sneasler|Focus Sash\n|-damage|p2b: Sneasler|1\/100\n|-damage|p1a: Arcanine|53\/100|[from] Recoil\n|move|p2b: Sneasler|Dire Claw|p1a: Arcanine\n|-supereffective|p1a: Arcanine\n|-damage|p1a: Arcanine|0 fnt\n|faint|p1a: Arcanine\n|\n|upkeep\n|\n|t:|1730316987\n|switch|p2a: Torkoal|Torkoal, L50, M|100\/100\n|switch|p1a: Sneasler|Sneasler, L50, M|100\/100\n|-weather|SunnyDay|[from] ability: Drought|[of] p2a: Torkoal\n|turn|3\n|inactive|RandomizerBG has 30 seconds left.\n|inactive|RandomizerBG has 20 seconds left.\n|inactive|RobertoAlonso has 30 seconds left.\n|inactive|RandomizerBG has 15 seconds left.\n|inactive|RandomizerBG has 10 seconds left.\n|\n|t:|1730317034\n|move|p1a: Sneasler|Close Combat|p2a: Torkoal\n|-damage|p2a: Torkoal|48\/100\n|-unboost|p1a: Sneasler|def|1\n|-unboost|p1a: Sneasler|spd|1\n|move|p1b: Whimsicott|Moonblast|p2b: Sneasler\n|-crit|p2b: Sneasler\n|-damage|p2b: Sneasler|0 fnt\n|faint|p2b: Sneasler\n|move|p2a: Torkoal|Eruption|p1a: Sneasler|[spread] p1a,p1b\n|-supereffective|p1b: Whimsicott\n|-damage|p1a: Sneasler|26\/100\n|-damage|p1b: Whimsicott|2\/100\n|\n|-weather|SunnyDay|[upkeep]\n|upkeep\n|\n|t:|1730317047\n|switch|p2b: Hydreigon|Hydreigon, L50, F|100\/100\n|turn|4\n|\n|t:|1730317052\n|-terastallize|p2b: Hydreigon|Fire\n|move|p2a: Torkoal|Protect|p2a: Torkoal\n|-singleturn|p2a: Torkoal|Protect\n|move|p1a: Sneasler|Close Combat|p2a: Torkoal\n|-activate|p2a: Torkoal|move: Protect\n|move|p1b: Whimsicott|Moonblast|p2b: Hydreigon\n|-resisted|p2b: Hydreigon\n|-damage|p2b: Hydreigon|81\/100\n|move|p2b: Hydreigon|Heat Wave|p1a: Sneasler|[spread] p1a,p1b\n|-supereffective|p1b: Whimsicott\n|-damage|p1a: Sneasler|0 fnt\n|-damage|p1b: Whimsicott|0 fnt\n|faint|p1a: Sneasler\n|faint|p1b: Whimsicott\n|-damage|p2b: Hydreigon|71\/100|[from] item: Life Orb\n|\n|-weather|SunnyDay|[upkeep]\n|-sideend|p1: RobertoAlonso|move: Tailwind\n|upkeep\n|\n|t:|1730317058\n|switch|p1b: Ursaluna|Ursaluna-Bloodmoon, L50, M|100\/100\n|turn|5\n|\n|t:|1730317076\n|move|p2b: Hydreigon|Heat Wave|p1b: Ursaluna\n|-damage|p1b: Ursaluna|0 fnt\n|faint|p1b: Ursaluna\n|-damage|p2b: Hydreigon|62\/100|[from] item: Life Orb\n|\n|win|RandomizerBG\n|raw|RobertoAlonso's rating: 1755 &rarr; <strong>1730<\/strong><br \/>(-25 for losing)\n|raw|RandomizerBG's rating: 1664 &rarr; <strong>1689<\/strong><br \/>(+25 for winning)\n|l|\u2606RobertoAlonso\n|player|p1|\n|l| Xunyicaoawa\n|l|\u2606RandomizerBG\n|player|p2|\n","uploadtime":1730317279,"views":7,"formatid":"gen9vgc2024regh","rating":1689,"private":0,"password":null}