{"id":"gen9vgc2024regh-2234961592","format":"[Gen 9] VGC 2024 Reg H","players":["roykeenkennedy","TheOnlyFizzo"],"log":"|j|\u2606roykeenkennedy\n|j|\u2606TheOnlyFizzo\n|t:|1730407179\n|gametype|doubles\n|player|p1|roykeenkennedy|alder|1756\n|player|p2|TheOnlyFizzo|170|1750\n|teamsize|p1|6\n|teamsize|p2|6\n|gen|9\n|tier|[Gen 9] VGC 2024 Reg H\n|rated|\n|rule|Species Clause: Limit one of each Pok\u00e9mon\n|rule|Item Clause: Limit 1 of each item\n|clearpoke\n|poke|p1|Tyranitar, L50, M|\n|poke|p1|Skeledirge, L50, F|\n|poke|p1|Meowscarada, L50, M|\n|poke|p1|Grimmsnarl, L50, M|\n|poke|p1|Wartortle, L50, F|\n|poke|p1|Houndstone, L50, M|\n|poke|p2|Metagross, L50|\n|poke|p2|Farigiraf, L50, M|\n|poke|p2|Torkoal, L50, M|\n|poke|p2|Smeargle, L50, F|\n|poke|p2|Annihilape, L50, M|\n|poke|p2|Ursaluna-Bloodmoon, L50, M|\n|teampreview|4\n|inactive|Battle timer is ON: inactive players will automatically lose when time's up. (requested by TheOnlyFizzo)\n|inactive|TheOnlyFizzo has 60 seconds left.\n|\n|t:|1730407223\n|start\n|switch|p1a: Meowscarada|Meowscarada, L50, M|100\/100\n|switch|p1b: Skeledirge|Skeledirge, L50, F|100\/100\n|switch|p2a: Farigiraf|Farigiraf, L50, M|100\/100\n|switch|p2b: Metagross|Metagross, L50|100\/100\n|turn|1\n|inactive|TheOnlyFizzo has 30 seconds left.\n|inactive|roykeenkennedy has 30 seconds left.\n|inactive|TheOnlyFizzo has 20 seconds left.\n|inactive|TheOnlyFizzo has 15 seconds left.\n|inactive|TheOnlyFizzo has 10 seconds left.\n|\n|t:|1730407272\n|move|p1a: Meowscarada|Grass Pledge|p2a: Farigiraf\n|-waiting|p1a: Meowscarada|p1b: Skeledirge\n|move|p1b: Skeledirge|Fire Pledge|p2a: Farigiraf|[from]move: Grass Pledge\n|-combine\n|-damage|p2a: Farigiraf|50\/100\n|-sidestart|p2: TheOnlyFizzo|Fire Pledge\n|move|p2b: Metagross|Knock Off|p1b: Skeledirge\n|-supereffective|p1b: Skeledirge\n|-damage|p1b: Skeledirge|23\/100\n|-enditem|p1b: Skeledirge|Leftovers|[from] move: Knock Off|[of] p2b: Metagross\n|-damage|p2b: Metagross|91\/100|[from] item: Life Orb\n|move|p2a: Farigiraf|Trick Room|p2a: Farigiraf\n|-fieldstart|move: Trick Room|[of] p2a: Farigiraf\n|\n|-damage|p2a: Farigiraf|38\/100|[from] Fire Pledge\n|-damage|p2b: Metagross|78\/100|[from] Fire Pledge\n|upkeep\n|turn|2\n|inactive|roykeenkennedy has 30 seconds left.\n|inactive|TheOnlyFizzo has 30 seconds left.\n|inactive|roykeenkennedy has 20 seconds left.\n|inactive|TheOnlyFizzo has 20 seconds left.\n|inactive|roykeenkennedy has 15 seconds left.\n|inactive|TheOnlyFizzo has 15 seconds left.\n|j| falcon108\n|inactive|TheOnlyFizzo has 10 seconds left.\n|\n|t:|1730407320\n|-terastallize|p1b: Skeledirge|Grass\n|move|p2a: Farigiraf|Dazzling Gleam|p1a: Meowscarada|[spread] p1a,p1b\n|-supereffective|p1a: Meowscarada\n|-damage|p1a: Meowscarada|52\/100\n|-damage|p1b: Skeledirge|10\/100\n|move|p1b: Skeledirge|Slack Off|p1b: Skeledirge\n|-heal|p1b: Skeledirge|61\/100\n|move|p2b: Metagross|Knock Off|p1b: Skeledirge\n|-damage|p1b: Skeledirge|36\/100\n|-damage|p2b: Metagross|69\/100|[from] item: Life Orb\n|move|p1a: Meowscarada|Knock Off|p2b: Metagross\n|-supereffective|p2b: Metagross\n|-damage|p2b: Metagross|0 fnt\n|-enditem|p2b: Metagross|Life Orb|[from] move: Knock Off|[of] p1a: Meowscarada\n|faint|p2b: Metagross\n|\n|-damage|p2a: Farigiraf|26\/100|[from] Fire Pledge\n|upkeep\n|\n|t:|1730407339\n|switch|p2b: Ursaluna|Ursaluna-Bloodmoon, L50, M|100\/100\n|turn|3\n|\n|t:|1730407364\n|-terastallize|p2b: Ursaluna|Normal\n|move|p2a: Farigiraf|Helping Hand|p2b: Ursaluna\n|-singleturn|p2b: Ursaluna|Helping Hand|[of] p2a: Farigiraf\n|move|p2b: Ursaluna|Hyper Voice|p1b: Skeledirge|[spread] p1a,p1b\n|-damage|p1a: Meowscarada|0 fnt\n|-damage|p1b: Skeledirge|0 fnt\n|faint|p1a: Meowscarada\n|faint|p1b: Skeledirge\n|\n|-damage|p2b: Ursaluna|88\/100|[from] Fire Pledge\n|-damage|p2a: Farigiraf|13\/100|[from] Fire Pledge\n|upkeep\n|\n|t:|1730407378\n|switch|p1b: Houndstone|Houndstone, L50, M|100\/100\n|switch|p1a: Tyranitar|Tyranitar, L50, M|100\/100\n|-weather|Sandstorm|[from] ability: Sand Stream|[of] p1a: Tyranitar\n|turn|4\n|inactive|roykeenkennedy has 30 seconds left.\n|inactive|TheOnlyFizzo has 30 seconds left.\n|inactive|roykeenkennedy has 20 seconds left.\n|inactive|TheOnlyFizzo has 20 seconds left.\n|\n|t:|1730407418\n|move|p2a: Farigiraf|Protect|p2a: Farigiraf\n|-singleturn|p2a: Farigiraf|Protect\n|move|p2b: Ursaluna|Blood Moon|p1b: Houndstone\n|-damage|p1b: Houndstone|0 fnt\n|faint|p1b: Houndstone\n|move|p1a: Tyranitar|Snarl|p2b: Ursaluna|[spread] p2b\n|-activate|p2a: Farigiraf|move: Protect\n|-damage|p2b: Ursaluna|74\/100\n|-unboost|p2b: Ursaluna|spa|1\n|\n|-weather|Sandstorm|[upkeep]\n|-damage|p2b: Ursaluna|69\/100|[from] Sandstorm\n|-damage|p2a: Farigiraf|7\/100|[from] Sandstorm\n|-damage|p2b: Ursaluna|56\/100|[from] Fire Pledge\n|-damage|p2a: Farigiraf|0 fnt|[from] Fire Pledge\n|faint|p2a: Farigiraf\n|-sideend|p2: TheOnlyFizzo|Fire Pledge\n|upkeep\n|\n|t:|1730407436\n|switch|p2a: Annihilape|Annihilape, L50, M|100\/100\n|turn|5\n|\n|t:|1730407459\n|move|p2b: Ursaluna|Vacuum Wave|p1a: Tyranitar\n|-supereffective|p1a: Tyranitar\n|-damage|p1a: Tyranitar|85\/100\n|move|p1a: Tyranitar|Knock Off|p2a: Annihilape\n|-damage|p2a: Annihilape|45\/100\n|-enditem|p2a: Annihilape|Choice Scarf|[from] move: Knock Off|[of] p1a: Tyranitar\n|move|p2a: Annihilape|Close Combat|p1a: Tyranitar\n|-supereffective|p1a: Tyranitar\n|-damage|p1a: Tyranitar|0 fnt\n|-unboost|p2a: Annihilape|def|1\n|-unboost|p2a: Annihilape|spd|1\n|faint|p1a: Tyranitar\n|\n|win|TheOnlyFizzo\n|raw|roykeenkennedy's rating: 1756 &rarr; <strong>1736<\/strong><br \/>(-20 for losing)\n|raw|TheOnlyFizzo's rating: 1750 &rarr; <strong>1770<\/strong><br \/>(+20 for winning)\n|l| falcon108\n|l|\u2606roykeenkennedy\n|player|p1|\n|l|\u2606TheOnlyFizzo\n|player|p2|\n","uploadtime":1730407733,"views":17,"formatid":"gen9vgc2024regh","rating":1736,"private":0,"password":null}