{"id":"gen9vgc2024regh-2234684498","format":"[Gen 9] VGC 2024 Reg H","players":["FalconInAFedora","chin8"],"log":"|j|\u2606FalconInAFedora\n|j|\u2606chin8\n|t:|1730379788\n|gametype|doubles\n|player|p1|FalconInAFedora|yellow|1675\n|player|p2|chin8|gentleman-gen4dp|1764\n|teamsize|p1|6\n|teamsize|p2|6\n|gen|9\n|tier|[Gen 9] VGC 2024 Reg H\n|rated|\n|rule|Species Clause: Limit one of each Pok\u00e9mon\n|rule|Item Clause: Limit 1 of each item\n|clearpoke\n|poke|p1|Dragonite, L50, M|\n|poke|p1|Kingambit, L50, M|\n|poke|p1|Tauros-Paldea-Aqua, L50, M|\n|poke|p1|Archaludon, L50, M|\n|poke|p1|Pelipper, L50, F|\n|poke|p1|Rillaboom, L50, M|\n|poke|p2|Baxcalibur, L50, F|\n|poke|p2|Kilowattrel, L50, M|\n|poke|p2|Annihilape, L50, M|\n|poke|p2|Gardevoir, L50, M|\n|poke|p2|Magmortar, L50, M|\n|poke|p2|Gholdengo, L50|\n|teampreview|4\n|inactive|Battle timer is ON: inactive players will automatically lose when time's up. (requested by FalconInAFedora)\n|j| Mullyy\n|j| sir topham hat\n|inactive|FalconInAFedora has 60 seconds left.\n|inactive|chin8 has 60 seconds left.\n|\n|t:|1730379839\n|start\n|switch|p1a: Zoro|Kingambit, L50, M|100\/100\n|switch|p1b: Monkey D Luffy|Rillaboom, L50, M, shiny|100\/100\n|switch|p2a: Kilowattrel|Kilowattrel, L50, M|100\/100\n|switch|p2b: Baxcalibur|Baxcalibur, L50, F|100\/100\n|-fieldstart|move: Grassy Terrain|[from] ability: Grassy Surge|[of] p1b: Monkey D Luffy\n|turn|1\n|\n|t:|1730379848\n|switch|p2a: Magmortar|Magmortar, L50, M|100\/100\n|switch|p2b: Annihilape|Annihilape, L50, M|100\/100\n|move|p1b: Monkey D Luffy|Fake Out|p2a: Magmortar\n|-damage|p2a: Magmortar|87\/100\n|move|p1a: Zoro|Iron Head|p2b: Annihilape\n|-damage|p2b: Annihilape|61\/100\n|\n|-heal|p2b: Annihilape|67\/100|[from] Grassy Terrain\n|-heal|p2a: Magmortar|93\/100|[from] Grassy Terrain\n|upkeep\n|turn|2\n|\n|t:|1730379873\n|switch|p1a: Jinbei|Tauros-Paldea-Aqua, L50, M, shiny|100\/100\n|-ability|p1a: Jinbei|Intimidate|boost\n|-unboost|p2a: Magmortar|atk|1\n|-unboost|p2b: Annihilape|atk|1\n|-ability|p2b: Annihilape|Defiant|boost\n|-boost|p2b: Annihilape|atk|2\n|-enditem|p1a: Jinbei|Mirror Herb\n|-boost|p1a: Jinbei|atk|2|[from] item: Mirror Herb\n|move|p1b: Monkey D Luffy|Wood Hammer|p2b: Annihilape\n|-damage|p2b: Annihilape|5\/100\n|-enditem|p2b: Annihilape|Mago Berry|[eat]\n|-heal|p2b: Annihilape|38\/100|[from] item: Mago Berry\n|-damage|p1b: Monkey D Luffy|79\/100|[from] Recoil\n|move|p2b: Annihilape|Bulk Up|p2b: Annihilape\n|-boost|p2b: Annihilape|atk|1\n|-boost|p2b: Annihilape|def|1\n|move|p2a: Magmortar|Heat Wave|p1b: Monkey D Luffy|[spread] p1a\n|-miss|p2a: Magmortar|p1b: Monkey D Luffy\n|-resisted|p1a: Jinbei\n|-damage|p1a: Jinbei|77\/100\n|\n|-heal|p1a: Jinbei|83\/100|[from] Grassy Terrain\n|-heal|p1b: Monkey D Luffy|85\/100|[from] Grassy Terrain\n|-heal|p2b: Annihilape|44\/100|[from] Grassy Terrain\n|-heal|p2a: Magmortar|99\/100|[from] Grassy Terrain\n|upkeep\n|turn|3\n|inactive|FalconInAFedora has 30 seconds left.\n|\n|t:|1730379904\n|move|p2a: Magmortar|Follow Me|p2a: Magmortar\n|-singleturn|p2a: Magmortar|move: Follow Me\n|move|p1b: Monkey D Luffy|Grassy Glide|p2a: Magmortar\n|-resisted|p2a: Magmortar\n|-damage|p2a: Magmortar|82\/100\n|move|p1a: Jinbei|Raging Bull|p2a: Magmortar\n|-supereffective|p2a: Magmortar\n|-damage|p2a: Magmortar|0 fnt\n|faint|p2a: Magmortar\n|move|p2b: Annihilape|Drain Punch|p1a: Jinbei\n|-damage|p1a: Jinbei|9\/100\n|-heal|p2b: Annihilape|70\/100|[from] drain|[of] p1a: Jinbei\n|\n|-heal|p1a: Jinbei|15\/100|[from] Grassy Terrain\n|-heal|p1b: Monkey D Luffy|90\/100|[from] Grassy Terrain\n|-heal|p2b: Annihilape|76\/100|[from] Grassy Terrain\n|upkeep\n|\n|t:|1730379917\n|switch|p2a: Kilowattrel|Kilowattrel, L50, M|100\/100\n|turn|4\n|\n|t:|1730379927\n|move|p1a: Jinbei|Protect|p1a: Jinbei\n|-singleturn|p1a: Jinbei|Protect\n|move|p2a: Kilowattrel|Tailwind|p2a: Kilowattrel\n|-sidestart|p2: chin8|move: Tailwind\n|move|p2b: Annihilape|Drain Punch|p1a: Jinbei\n|-activate|p1a: Jinbei|move: Protect\n|move|p1b: Monkey D Luffy|Wood Hammer|p2a: Kilowattrel\n|-resisted|p2a: Kilowattrel\n|-damage|p2a: Kilowattrel|28\/100\n|-damage|p1b: Monkey D Luffy|73\/100|[from] Recoil\n|\n|-heal|p2b: Annihilape|82\/100|[from] Grassy Terrain\n|-heal|p1a: Jinbei|21\/100|[from] Grassy Terrain\n|-heal|p1b: Monkey D Luffy|79\/100|[from] Grassy Terrain\n|upkeep\n|turn|5\n|\n|t:|1730379941\n|move|p2a: Kilowattrel|Protect|p2a: Kilowattrel\n|-singleturn|p2a: Kilowattrel|Protect\n|move|p1a: Jinbei|Aqua Jet|p2a: Kilowattrel\n|-activate|p2a: Kilowattrel|move: Protect\n|move|p2b: Annihilape|Drain Punch|p1a: Jinbei\n|-damage|p1a: Jinbei|0 fnt\n|-heal|p2b: Annihilape|89\/100|[from] drain|[of] p1a: Jinbei\n|faint|p1a: Jinbei\n|move|p1b: Monkey D Luffy|Wood Hammer|p2b: Annihilape\n|-damage|p2b: Annihilape|46\/100\n|-damage|p1b: Monkey D Luffy|64\/100|[from] Recoil\n|\n|-heal|p2b: Annihilape|52\/100|[from] Grassy Terrain\n|-heal|p1b: Monkey D Luffy|70\/100|[from] Grassy Terrain\n|-fieldend|move: Grassy Terrain\n|upkeep\n|\n|t:|1730379950\n|switch|p1a: Franky|Archaludon, L50, M|100\/100\n|turn|6\n|\n|t:|1730379965\n|move|p1a: Franky|Protect|p1a: Franky\n|-singleturn|p1a: Franky|Protect\n|move|p2a: Kilowattrel|Air Slash|p1b: Monkey D Luffy|[miss]\n|-miss|p2a: Kilowattrel|p1b: Monkey D Luffy\n|move|p2b: Annihilape|Drain Punch|p1a: Franky\n|-activate|p1a: Franky|move: Protect\n|move|p1b: Monkey D Luffy|U-turn|p2a: Kilowattrel\n|-resisted|p2a: Kilowattrel\n|-damage|p2a: Kilowattrel|9\/100\n|\n|t:|1730379976\n|switch|p1b: Zoro|Kingambit, L50, M|100\/100|[from] U-turn\n|\n|upkeep\n|turn|7\n|\n|t:|1730379991\n|-terastallize|p1a: Franky|Ghost\n|move|p2a: Kilowattrel|Protect|p2a: Kilowattrel\n|-singleturn|p2a: Kilowattrel|Protect\n|move|p1b: Zoro|Protect|p1b: Zoro\n|-singleturn|p1b: Zoro|Protect\n|move|p2b: Annihilape|Drain Punch|p1b: Zoro\n|-activate|p1b: Zoro|move: Protect\n|move|p1a: Franky|Electro Shot||[still]\n|-prepare|p1a: Franky|Electro Shot\n|-boost|p1a: Franky|spa|1\n|-enditem|p1a: Franky|Power Herb\n|-anim|p1a: Franky|Electro Shot|p2b: Annihilape\n|-damage|p2b: Annihilape|0 fnt\n|faint|p2b: Annihilape\n|\n|-sideend|p2: chin8|move: Tailwind\n|upkeep\n|l|\u2606chin8\n|inactive|chin8 disconnected and has a minute to reconnect!\n|player|p2|\n|inactive|chin8 has 30 seconds left.\n|j| sussuglo\n|inactive|chin8 has 20 seconds left.\n|inactive|chin8 has 15 seconds left.\n|inactive|chin8 has 10 seconds left.\n|c| sussuglo|hi\n|inactive|chin8 has 5 seconds left.\n|-message|chin8 lost due to inactivity.\n|\n|win|FalconInAFedora\n|raw|FalconInAFedora's rating: 1675 &rarr; <strong>1700<\/strong><br \/>(+25 for winning)\n|raw|chin8's rating: 1764 &rarr; <strong>1739<\/strong><br \/>(-25 for losing)\n|l| sir topham hat\n|l|\u2606FalconInAFedora\n|player|p1|\n|c| sussuglo|gg\n|l| sussuglo\n","uploadtime":1730380255,"views":15,"formatid":"gen9vgc2024regh","rating":1700,"private":0,"password":null}