{"id":"gen9vgc2024regh-2234878279","format":"[Gen 9] VGC 2024 Reg H","players":["greenlightdmp","pkmnallrounder"],"log":"|j|\u2606greenlightdmp\n|j|\u2606pkmnallrounder\n|t:|1730398608\n|gametype|doubles\n|player|p1|greenlightdmp|265|1669\n|player|p2|pkmnallrounder|265|1704\n|teamsize|p1|6\n|teamsize|p2|6\n|gen|9\n|tier|[Gen 9] VGC 2024 Reg H\n|rated|\n|rule|Species Clause: Limit one of each Pok\u00e9mon\n|rule|Item Clause: Limit 1 of each item\n|clearpoke\n|poke|p1|Sneasler, L50, M|\n|poke|p1|Murkrow, L50, F|\n|poke|p1|Basculegion, L50, M|\n|poke|p1|Archaludon, L50, F|\n|poke|p1|Indeedee-F, L50, F|\n|poke|p1|Gholdengo, L50|\n|poke|p2|Delphox, L50, M|\n|poke|p2|Indeedee-F, L50, F|\n|poke|p2|Garchomp, L50, M|\n|poke|p2|Gholdengo, L50|\n|poke|p2|Decidueye-Hisui, L50, M|\n|poke|p2|Murkrow, L50, F|\n|teampreview|4\n|inactive|Battle timer is ON: inactive players will automatically lose when time's up. (requested by pkmnallrounder)\n|\n|t:|1730398724\n|start\n|switch|p1a: MeganTheeStallion|Indeedee-F, L50, F|100\/100\n|switch|p1b: Evil Yarrack|Basculegion, L50, M|100\/100\n|switch|p2a: Murkrow|Murkrow, L50, F|100\/100\n|switch|p2b: Garchomp|Garchomp, L50, M|100\/100\n|-fieldstart|move: Psychic Terrain|[from] ability: Psychic Surge|[of] p1a: MeganTheeStallion\n|turn|1\n|inactive|greenlightdmp has 30 seconds left.\n|inactive|greenlightdmp has 20 seconds left.\n|inactive|greenlightdmp has 15 seconds left.\n|inactive|greenlightdmp has 10 seconds left.\n|inactive|greenlightdmp has 5 seconds left.\n|\n|t:|1730398775\n|move|p1b: Evil Yarrack|Wave Crash|p2b: Garchomp\n|-damage|p2b: Garchomp|21\/100\n|-damage|p1b: Evil Yarrack|88\/100|[from] ability: Rough Skin|[of] p2b: Garchomp\n|-damage|p1b: Evil Yarrack|64\/100|[from] Recoil\n|move|p2b: Garchomp|Earthquake|p1b: Evil Yarrack|[spread] p1a,p1b\n|-immune|p2a: Murkrow\n|-damage|p1a: MeganTheeStallion|47\/100\n|-damage|p1b: Evil Yarrack|0 fnt\n|faint|p1b: Evil Yarrack\n|-damage|p2b: Garchomp|11\/100|[from] item: Life Orb\n|move|p2a: Murkrow|Foul Play|p1a: MeganTheeStallion\n|-supereffective|p1a: MeganTheeStallion\n|-damage|p1a: MeganTheeStallion|17\/100\n|move|p1a: MeganTheeStallion|Trick Room|p1a: MeganTheeStallion\n|-fieldstart|move: Trick Room|[of] p1a: MeganTheeStallion\n|\n|upkeep\n|\n|t:|1730398793\n|switch|p1b: Raf Camora|Murkrow, L50, F|100\/100\n|turn|2\n|\n|t:|1730398813\n|switch|p2b: Indeedee|Indeedee-F, L50, F|100\/100\n|move|p1a: MeganTheeStallion|Psychic|p2b: Indeedee\n|-resisted|p2b: Indeedee\n|-damage|p2b: Indeedee|85\/100\n|move|p2a: Murkrow|Foul Play|p1a: MeganTheeStallion\n|-supereffective|p1a: MeganTheeStallion\n|-damage|p1a: MeganTheeStallion|0 fnt\n|faint|p1a: MeganTheeStallion\n|move|p1b: Raf Camora|Foul Play|p2b: Indeedee\n|-supereffective|p2b: Indeedee\n|-crit|p2b: Indeedee\n|-damage|p2b: Indeedee|30\/100\n|-damage|p1b: Raf Camora|84\/100|[from] item: Rocky Helmet|[of] p2b: Indeedee\n|\n|upkeep\n|\n|t:|1730398828\n|switch|p1a: Slim Shady|Sneasler, L50, M|100\/100\n|-enditem|p1a: Slim Shady|Psychic Seed\n|-boost|p1a: Slim Shady|spd|1|[from] item: Psychic Seed\n|turn|3\n|inactive|pkmnallrounder has 30 seconds left.\n|inactive|pkmnallrounder has 20 seconds left.\n|\n|t:|1730398866\n|-terastallize|p1a: Slim Shady|Dark\n|move|p2b: Indeedee|Follow Me|p2b: Indeedee\n|-singleturn|p2b: Indeedee|move: Follow Me\n|move|p2a: Murkrow|Haze|p2a: Murkrow\n|-clearallboost\n|move|p1b: Raf Camora|Foul Play|p2b: Indeedee\n|-supereffective|p2b: Indeedee\n|-damage|p2b: Indeedee|0 fnt\n|-damage|p1b: Raf Camora|68\/100|[from] item: Rocky Helmet|[of] p2b: Indeedee\n|faint|p2b: Indeedee\n|move|p1a: Slim Shady|Dire Claw|p2a: Murkrow\n|-damage|p2a: Murkrow|55\/100\n|-status|p2a: Murkrow|psn\n|\n|-damage|p2a: Murkrow|43\/100 psn|[from] psn\n|upkeep\n|\n|t:|1730398882\n|switch|p2b: Delphox|Delphox, L50, M|100\/100\n|-enditem|p2b: Delphox|Psychic Seed\n|-boost|p2b: Delphox|spd|1|[from] item: Psychic Seed\n|turn|4\n|inactive|greenlightdmp has 30 seconds left.\n|inactive|greenlightdmp has 20 seconds left.\n|inactive|greenlightdmp has 15 seconds left.\n|\n|t:|1730398924\n|move|p1b: Raf Camora|Rain Dance|p1b: Raf Camora\n|-weather|RainDance\n|move|p2a: Murkrow|Foul Play|p1b: Raf Camora\n|-resisted|p1b: Raf Camora\n|-damage|p1b: Raf Camora|53\/100\n|move|p2b: Delphox|Heat Wave|p1b: Raf Camora|[spread] p1a,p1b\n|-damage|p1a: Slim Shady|80\/100\n|-damage|p1b: Raf Camora|37\/100\n|-item|p2b: Delphox|Eviolite|[from] ability: Magician|[of] p1b: Raf Camora\n|move|p1a: Slim Shady|Dire Claw|p2b: Delphox\n|-damage|p2b: Delphox|40\/100\n|\n|-weather|RainDance|[upkeep]\n|-damage|p2a: Murkrow|31\/100 psn|[from] psn\n|upkeep\n|turn|5\n|inactive|greenlightdmp has 30 seconds left.\n|inactive|pkmnallrounder has 30 seconds left.\n|inactive|greenlightdmp has 20 seconds left.\n|\n|t:|1730398960\n|move|p2b: Delphox|Protect|p2b: Delphox\n|-singleturn|p2b: Delphox|Protect\n|move|p2a: Murkrow|Tailwind|p2a: Murkrow\n|-sidestart|p2: pkmnallrounder|move: Tailwind\n|move|p1b: Raf Camora|Foul Play|p2b: Delphox\n|-activate|p2b: Delphox|move: Protect\n|move|p1a: Slim Shady|Dire Claw|p2b: Delphox\n|-activate|p2b: Delphox|move: Protect\n|\n|-weather|RainDance|[upkeep]\n|-damage|p2a: Murkrow|19\/100 psn|[from] psn\n|-fieldend|move: Trick Room\n|-fieldend|move: Psychic Terrain\n|upkeep\n|turn|6\n|\n|t:|1730398984\n|move|p1b: Raf Camora|Tailwind|p1b: Raf Camora\n|-sidestart|p1: greenlightdmp|move: Tailwind\n|move|p1a: Slim Shady|Dire Claw|p2b: Delphox\n|-damage|p2b: Delphox|0 fnt\n|faint|p2b: Delphox\n|move|p2a: Murkrow|Foul Play|p1a: Slim Shady\n|-resisted|p1a: Slim Shady\n|-damage|p1a: Slim Shady|44\/100\n|\n|-weather|RainDance|[upkeep]\n|-damage|p2a: Murkrow|7\/100 psn|[from] psn\n|upkeep\n|\n|t:|1730398989\n|switch|p2b: Garchomp|Garchomp, L50, M|11\/100\n|turn|7\n|inactive|greenlightdmp has 30 seconds left.\n|\n|t:|1730399015\n|move|p1a: Slim Shady|Protect|p1a: Slim Shady\n|-singleturn|p1a: Slim Shady|Protect\n|move|p2b: Garchomp|Protect|p2b: Garchomp\n|-singleturn|p2b: Garchomp|Protect\n|move|p1b: Raf Camora|Foul Play|p2a: Murkrow\n|-resisted|p2a: Murkrow\n|-damage|p2a: Murkrow|0 fnt\n|faint|p2a: Murkrow\n|\n|-weather|RainDance|[upkeep]\n|upkeep\n|turn|8\n|\n|t:|1730399028\n|move|p1a: Slim Shady|Dire Claw|p2b: Garchomp\n|-resisted|p2b: Garchomp\n|-damage|p2b: Garchomp|0 fnt\n|-damage|p1a: Slim Shady|31\/100|[from] ability: Rough Skin|[of] p2b: Garchomp\n|faint|p2b: Garchomp\n|\n|win|greenlightdmp\n|raw|greenlightdmp's rating: 1669 &rarr; <strong>1691<\/strong><br \/>(+22 for winning)\n|raw|pkmnallrounder's rating: 1704 &rarr; <strong>1682<\/strong><br \/>(-22 for losing)\n|l|\u2606pkmnallrounder\n|player|p2|\n","uploadtime":1730399284,"views":16,"formatid":"gen9vgc2024regh","rating":1682,"private":0,"password":null}