{"id":"gen9vgc2024regh-2234415337","format":"[Gen 9] VGC 2024 Reg H","players":["TrubbishTyler","Aki Hoshino"],"log":"|j|\u2606TrubbishTyler\n|j|\u2606Aki Hoshino\n|t:|1730335620\n|gametype|doubles\n|player|p1|TrubbishTyler|burglar|1721\n|player|p2|Aki Hoshino|aromalady|1671\n|teamsize|p1|6\n|teamsize|p2|6\n|gen|9\n|tier|[Gen 9] VGC 2024 Reg H\n|rated|\n|rule|Species Clause: Limit one of each Pok\u00e9mon\n|rule|Item Clause: Limit 1 of each item\n|clearpoke\n|poke|p1|Dondozo, L50, F|\n|poke|p1|Tatsugiri, L50, F|\n|poke|p1|Hydreigon, L50, M|\n|poke|p1|Garchomp, L50, F|\n|poke|p1|Indeedee, L50, M|\n|poke|p1|Sneasler, L50, M|\n|poke|p2|Whimsicott, L50, F|\n|poke|p2|Volcarona, L50, F|\n|poke|p2|Dragonite, L50, F|\n|poke|p2|Kingambit, L50, F|\n|poke|p2|Sneasler, L50, M|\n|poke|p2|Ursaluna-Bloodmoon, L50, M|\n|teampreview|4\n|j| Golett Kombucha\n|l| Golett Kombucha\nTrubbishTyler has agreed to open team sheets.\n|inactive|Battle timer is ON: inactive players will automatically lose when time's up. (requested by TrubbishTyler)\n|inactive|TrubbishTyler has 60 seconds left.\n|inactive|Aki Hoshino has 60 seconds left.\n|\n|t:|1730335702\n|start\n|switch|p1a: Indeedee|Indeedee, L50, M|100\/100\n|switch|p1b: Sneasler|Sneasler, L50, M|100\/100\n|switch|p2a: Whimsicott|Whimsicott, L50, F|100\/100\n|switch|p2b: Dragonite|Dragonite, L50, F|100\/100\n|-fieldstart|move: Psychic Terrain|[from] ability: Psychic Surge|[of] p1a: Indeedee\n|-enditem|p1b: Sneasler|Psychic Seed\n|-boost|p1b: Sneasler|spd|1|[from] item: Psychic Seed\n|turn|1\n|inactive|Aki Hoshino has 30 seconds left.\n|\n|t:|1730335732\n|move|p1b: Sneasler|Protect|p1b: Sneasler\n|-singleturn|p1b: Sneasler|Protect\n|move|p2a: Whimsicott|Tailwind|p2a: Whimsicott\n|-sidestart|p2: Aki Hoshino|move: Tailwind\n|move|p2b: Dragonite|Scale Shot|p1a: Indeedee\n|-damage|p1a: Indeedee|71\/100\n|-damage|p1a: Indeedee|37\/100\n|-damage|p1a: Indeedee|6\/100\n|-damage|p1a: Indeedee|0 fnt\n|faint|p1a: Indeedee\n|-hitcount|p1: Indeedee|4\n|-unboost|p2b: Dragonite|def|1\n|-boost|p2b: Dragonite|spe|1\n|\n|upkeep\n|\n|t:|1730335741\n|switch|p1a: Hydreigon|Hydreigon, L50, M|100\/100\n|turn|2\n|\n|t:|1730335764\n|-terastallize|p2b: Dragonite|Fairy\n|-terastallize|p1a: Hydreigon|Fire\n|move|p2b: Dragonite|Scale Shot|p1b: Sneasler\n|-damage|p1b: Sneasler|78\/100\n|-damage|p1b: Sneasler|55\/100\n|-damage|p1b: Sneasler|31\/100\n|-damage|p1b: Sneasler|8\/100\n|-damage|p1b: Sneasler|0 fnt\n|faint|p1b: Sneasler\n|-hitcount|p1: Sneasler|5\n|-unboost|p2b: Dragonite|def|1\n|-boost|p2b: Dragonite|spe|1\n|move|p2a: Whimsicott|Moonblast|p1a: Hydreigon\n|-resisted|p1a: Hydreigon\n|-damage|p1a: Hydreigon|79\/100\n|move|p1a: Hydreigon|Heat Wave|p2a: Whimsicott|[spread] p2a,p2b\n|-supereffective|p2a: Whimsicott\n|-enditem|p2a: Whimsicott|Focus Sash\n|-damage|p2a: Whimsicott|1\/100\n|-damage|p2b: Dragonite|48\/100\n|-status|p2b: Dragonite|brn\n|\n|-damage|p2b: Dragonite|42\/100 brn|[from] brn\n|upkeep\n|\n|t:|1730335785\n|switch|p1b: Garchomp|Garchomp, L50, F|100\/100\n|turn|3\n|\n|t:|1730335806\n|move|p2b: Dragonite|Protect|p2b: Dragonite\n|-singleturn|p2b: Dragonite|Protect\n|move|p1b: Garchomp|Protect|p1b: Garchomp\n|-singleturn|p1b: Garchomp|Protect\n|move|p2a: Whimsicott|Moonblast|p1a: Hydreigon\n|-resisted|p1a: Hydreigon\n|-damage|p1a: Hydreigon|59\/100\n|move|p1a: Hydreigon|Heat Wave|p2a: Whimsicott|[spread] p2a\n|-activate|p2b: Dragonite|move: Protect\n|-supereffective|p2a: Whimsicott\n|-damage|p2a: Whimsicott|0 fnt\n|faint|p2a: Whimsicott\n|\n|-damage|p2b: Dragonite|36\/100 brn|[from] brn\n|upkeep\n|inactive|Aki Hoshino has 30 seconds left.\n|\n|t:|1730335836\n|switch|p2a: Ursaluna|Ursaluna-Bloodmoon, L50, M|100\/100\n|turn|4\n|inactive|Aki Hoshino has 30 seconds left.\n|\n|t:|1730335869\n|move|p2b: Dragonite|Scale Shot|p1b: Garchomp\n|-supereffective|p1b: Garchomp\n|-damage|p1b: Garchomp|85\/100\n|-supereffective|p1b: Garchomp\n|-damage|p1b: Garchomp|71\/100\n|-supereffective|p1b: Garchomp\n|-damage|p1b: Garchomp|56\/100\n|-supereffective|p1b: Garchomp\n|-damage|p1b: Garchomp|42\/100\n|-supereffective|p1b: Garchomp\n|-damage|p1b: Garchomp|29\/100\n|-hitcount|p1b: Garchomp|5\n|-unboost|p2b: Dragonite|def|1\n|-boost|p2b: Dragonite|spe|1\n|move|p2a: Ursaluna|Hyper Voice|p1a: Hydreigon|[spread] p1a,p1b\n|-damage|p1a: Hydreigon|2\/100\n|-damage|p1b: Garchomp|0 fnt\n|faint|p1b: Garchomp\n|-damage|p2a: Ursaluna|91\/100|[from] item: Life Orb\n|move|p1a: Hydreigon|Heat Wave|p2b: Dragonite|[spread] p2a,p2b\n|-damage|p2a: Ursaluna|22\/100\n|-damage|p2b: Dragonite|0 fnt\n|faint|p2b: Dragonite\n|\n|-sideend|p2: Aki Hoshino|move: Tailwind\n|upkeep\n|\n|t:|1730335892\n|switch|p2b: Kingambit|Kingambit, L50, F|100\/100\n|turn|5\n|\n|t:|1730335901\n|move|p1a: Hydreigon|Heat Wave|p2a: Ursaluna|[spread] p2a,p2b\n|-supereffective|p2b: Kingambit\n|-damage|p2a: Ursaluna|0 fnt\n|-damage|p2b: Kingambit|22\/100\n|faint|p2a: Ursaluna\n|move|p2b: Kingambit|Kowtow Cleave|p1a: Hydreigon\n|-damage|p1a: Hydreigon|0 fnt\n|faint|p1a: Hydreigon\n|\n|win|Aki Hoshino\n|raw|TrubbishTyler's rating: 1721 &rarr; <strong>1698<\/strong><br \/>(-23 for losing)\n|raw|Aki Hoshino's rating: 1671 &rarr; <strong>1694<\/strong><br \/>(+23 for winning)\n|l|\u2606TrubbishTyler\n|player|p1|\n|l|\u2606Aki Hoshino\n|player|p2|\n","uploadtime":1730336123,"views":15,"formatid":"gen9vgc2024regh","rating":1694,"private":0,"password":null}