{"id":"gen9vgc2024regh-2234302525","format":"[Gen 9] VGC 2024 Reg H","players":["greenlightdmp","ren122333"],"log":"|j|\u2606greenlightdmp\n|j|\u2606ren122333\n|t:|1730322574\n|gametype|doubles\n|player|p1|greenlightdmp|1|1694\n|player|p2|ren122333|hilbert|1780\n|teamsize|p1|6\n|teamsize|p2|6\n|gen|9\n|tier|[Gen 9] VGC 2024 Reg H\n|rated|\n|rule|Species Clause: Limit one of each Pok\u00e9mon\n|rule|Item Clause: Limit 1 of each item\n|clearpoke\n|poke|p1|Sneasler, L50, F|\n|poke|p1|Murkrow, L50, M|\n|poke|p1|Basculegion, L50, M|\n|poke|p1|Archaludon, L50, F|\n|poke|p1|Indeedee-F, L50, F|\n|poke|p1|Gholdengo, L50|\n|poke|p2|Whimsicott, L50, M|\n|poke|p2|Mamoswine, L50, M|\n|poke|p2|Lycanroc-Dusk, L50, M|\n|poke|p2|Typhlosion-Hisui, L50, F|\n|poke|p2|Farigiraf, L50, F|\n|poke|p2|Mienshao, L50, M|\n|teampreview|4\n|j| Kpxbrothers\n|inactive|Battle timer is ON: inactive players will automatically lose when time's up. (requested by ren122333)\n|\n|t:|1730322614\n|start\n|switch|p1a: Raf Camora|Murkrow, L50, M|100\/100\n|switch|p1b: Evil Yarrack|Basculegion, L50, M|100\/100\n|switch|p2a: Whimsicott|Whimsicott, L50, M|100\/100\n|switch|p2b: Lycanroc|Lycanroc-Dusk, L50, M|100\/100\n|turn|1\n|j| Hyperhit94\n|inactive|greenlightdmp has 30 seconds left.\n|\n|t:|1730322648\n|switch|p1a: Gholdengo|Gholdengo, L50|100\/100\n|move|p2a: Whimsicott|Tailwind|p2a: Whimsicott\n|-sidestart|p2: ren122333|move: Tailwind\n|move|p2b: Lycanroc|Rock Slide|p1a: Gholdengo|[spread] p1b\n|-miss|p2b: Lycanroc|p1a: Gholdengo\n|-damage|p1b: Evil Yarrack|49\/100\n|cant|p1b: Evil Yarrack|flinch\n|\n|upkeep\n|turn|2\n|\n|t:|1730322671\n|switch|p1b: MeganTheeStallion|Indeedee-F, L50, F|100\/100\n|-fieldstart|move: Psychic Terrain|[from] ability: Psychic Surge|[of] p1b: MeganTheeStallion\n|move|p2a: Whimsicott|Moonblast|p1b: MeganTheeStallion\n|-damage|p1b: MeganTheeStallion|71\/100\n|move|p2b: Lycanroc|Rock Slide|p1b: MeganTheeStallion|[spread] p1a,p1b\n|-resisted|p1a: Gholdengo\n|-damage|p1a: Gholdengo|78\/100\n|-damage|p1b: MeganTheeStallion|24\/100\n|cant|p1a: Gholdengo|flinch\n|\n|upkeep\n|turn|3\n|j| lgsrules\n|\n|t:|1730322696\n|move|p1b: MeganTheeStallion|Follow Me|p1b: MeganTheeStallion\n|-singleturn|p1b: MeganTheeStallion|move: Follow Me\n|move|p2a: Whimsicott|Moonblast|p1b: MeganTheeStallion\n|-damage|p1b: MeganTheeStallion|0 fnt\n|faint|p1b: MeganTheeStallion\n|move|p2b: Lycanroc|Rock Slide|p1a: Gholdengo\n|-resisted|p1a: Gholdengo\n|-damage|p1a: Gholdengo|49\/100\n|move|p1a: Gholdengo|Make It Rain|p2b: Lycanroc|[spread] p2a,p2b\n|-supereffective|p2a: Whimsicott\n|-supereffective|p2b: Lycanroc\n|-enditem|p2a: Whimsicott|Focus Sash\n|-damage|p2a: Whimsicott|1\/100\n|-damage|p2b: Lycanroc|0 fnt\n|-unboost|p1a: Gholdengo|spa|1\n|faint|p2b: Lycanroc\n|-damage|p1a: Gholdengo|39\/100|[from] item: Life Orb\n|\n|upkeep\n|\n|t:|1730322717\n|switch|p2b: Mamoswine|Mamoswine, L50, M|100\/100\n|switch|p1b: Raf Camora|Murkrow, L50, M|100\/100\n|turn|4\n|inactive|greenlightdmp has 30 seconds left.\n|inactive|ren122333 has 30 seconds left.\n|\n|t:|1730322747\n|switch|p2a: Typhlosion|Typhlosion-Hisui, L50, F|100\/100\n|-item|p1a: Gholdengo|Life Orb|[from] ability: Frisk|[of] p2a: Typhlosion\n|-item|p1b: Raf Camora|Eviolite|[from] ability: Frisk|[of] p2a: Typhlosion\n|-terastallize|p2b: Mamoswine|Grass\n|-terastallize|p1b: Raf Camora|Ghost\n|move|p1b: Raf Camora|Tailwind|p1b: Raf Camora\n|-sidestart|p1: greenlightdmp|move: Tailwind\n|move|p1a: Gholdengo|Make It Rain|p2b: Mamoswine|[spread] p2a,p2b\n|-resisted|p2a: Typhlosion\n|-damage|p2a: Typhlosion|75\/100\n|-damage|p2b: Mamoswine|45\/100\n|-unboost|p1a: Gholdengo|spa|1\n|-damage|p1a: Gholdengo|30\/100|[from] item: Life Orb\n|move|p2b: Mamoswine|Icicle Crash|p1b: Raf Camora\n|-damage|p1b: Raf Camora|45\/100\n|\n|-sideend|p2: ren122333|move: Tailwind\n|upkeep\n|turn|5\n|l| lgsrules\n|j| sam smithy\n|l| sam smithy\n|inactive|greenlightdmp has 30 seconds left.\n|inactive|ren122333 has 30 seconds left.\n|inactive|greenlightdmp has 20 seconds left.\n|inactive|greenlightdmp has 15 seconds left.\n|\n|t:|1730322791\n|move|p1a: Gholdengo|Shadow Ball|p2a: Typhlosion\n|-supereffective|p2a: Typhlosion\n|-damage|p2a: Typhlosion|0 fnt\n|faint|p2a: Typhlosion\n|-damage|p1a: Gholdengo|20\/100|[from] item: Life Orb\n|move|p1b: Raf Camora|Foul Play|p2b: Mamoswine\n|-damage|p2b: Mamoswine|0 fnt\n|faint|p2b: Mamoswine\n|\n|upkeep\n|-message|ren122333 forfeited.\n|\n|win|greenlightdmp\n|raw|greenlightdmp's rating: 1694 &rarr; <strong>1719<\/strong><br \/>(+25 for winning)\n|raw|ren122333's rating: 1780 &rarr; <strong>1755<\/strong><br \/>(-25 for losing)\n|l|\u2606ren122333\n|player|p2|\n|l|\u2606greenlightdmp\n|player|p1|\n|l| Kpxbrothers\n","uploadtime":1730322816,"views":21,"formatid":"gen9vgc2024regh","rating":1719,"private":0,"password":null}