{"id":"gen9vgc2024regh-2234910104","format":"[Gen 9] VGC 2024 Reg H","players":["TheOnlyFizzo","ren122333"],"log":"|j|\u2606TheOnlyFizzo\n|j|\u2606ren122333\n|t:|1730401726\n|gametype|doubles\n|player|p1|TheOnlyFizzo|170|1726\n|player|p2|ren122333|hilbert|1697\n|teamsize|p1|6\n|teamsize|p2|6\n|gen|9\n|tier|[Gen 9] VGC 2024 Reg H\n|rated|\n|rule|Species Clause: Limit one of each Pok\u00e9mon\n|rule|Item Clause: Limit 1 of each item\n|clearpoke\n|poke|p1|Metagross, L50|\n|poke|p1|Farigiraf, L50, F|\n|poke|p1|Torkoal, L50, F|\n|poke|p1|Smeargle, L50, F|\n|poke|p1|Annihilape, L50, F|\n|poke|p1|Ursaluna-Bloodmoon, L50, M|\n|poke|p2|Whimsicott, L50, M|\n|poke|p2|Mamoswine, L50, F|\n|poke|p2|Lycanroc-Dusk, L50, M|\n|poke|p2|Typhlosion-Hisui, L50, F|\n|poke|p2|Farigiraf, L50, M|\n|poke|p2|Mienshao, L50, F|\n|teampreview|4\n|inactive|Battle timer is ON: inactive players will automatically lose when time's up. (requested by ren122333)\n|inactive|TheOnlyFizzo also wants the timer to be on.\n|\n|t:|1730401750\n|start\n|switch|p1a: Farigiraf|Farigiraf, L50, F|100\/100\n|switch|p1b: Metagross|Metagross, L50|100\/100\n|switch|p2a: Farigiraf|Farigiraf, L50, M|100\/100\n|switch|p2b: Mienshao|Mienshao, L50, F|100\/100\n|turn|1\n|j| jonnybouy\n|\n|t:|1730401774\n|move|p2b: Mienshao|Wide Guard|p2b: Mienshao\n|-singleturn|p2b: Mienshao|Wide Guard\n|move|p1b: Metagross|Knock Off|p2a: Farigiraf\n|-supereffective|p2a: Farigiraf\n|-damage|p2a: Farigiraf|0 fnt\n|-enditem|p2a: Farigiraf|Safety Goggles|[from] move: Knock Off|[of] p1b: Metagross\n|faint|p2a: Farigiraf\n|-damage|p1b: Metagross|91\/100|[from] item: Life Orb\n|move|p1a: Farigiraf|Dazzling Gleam|p2b: Mienshao\n|-activate|p2b: Mienshao|move: Wide Guard\n|\n|upkeep\n|\n|t:|1730401781\n|switch|p2a: Typhlosion|Typhlosion-Hisui, L50, F|100\/100\n|-item|p1a: Farigiraf|Mental Herb|[from] ability: Frisk|[of] p2a: Typhlosion\n|-item|p1b: Metagross|Life Orb|[from] ability: Frisk|[of] p2a: Typhlosion\n|turn|2\n|inactive|TheOnlyFizzo has 30 seconds left.\n|inactive|TheOnlyFizzo has 20 seconds left.\n|j| Manchester1997!\n|\n|t:|1730401820\n|-terastallize|p2a: Typhlosion|Fire\n|-terastallize|p1b: Metagross|Normal\n|move|p1a: Farigiraf|Protect|p1a: Farigiraf\n|-singleturn|p1a: Farigiraf|Protect\n|move|p2b: Mienshao|Knock Off|p1a: Farigiraf\n|-activate|p1a: Farigiraf|move: Protect\n|move|p2a: Typhlosion|Eruption|p1a: Farigiraf|[spread] p1b\n|-activate|p1a: Farigiraf|move: Protect\n|-damage|p1b: Metagross|0 fnt\n|faint|p1b: Metagross\n|\n|upkeep\n|\n|t:|1730401836\n|switch|p1b: Smeargle|Smeargle, L50, F|100\/100\n|turn|3\n|\n|t:|1730401844\n|switch|p2a: Lycanroc|Lycanroc-Dusk, L50, M|100\/100\n|move|p1b: Smeargle|Wide Guard|p1b: Smeargle\n|-singleturn|p1b: Smeargle|Wide Guard\n|move|p2b: Mienshao|Knock Off|p1a: Farigiraf\n|-supereffective|p1a: Farigiraf\n|-damage|p1a: Farigiraf|28\/100\n|-enditem|p1a: Farigiraf|Mental Herb|[from] move: Knock Off|[of] p2b: Mienshao\n|-damage|p2b: Mienshao|90\/100|[from] item: Life Orb\n|move|p1a: Farigiraf|Trick Room|p1a: Farigiraf\n|-fieldstart|move: Trick Room|[of] p1a: Farigiraf\n|\n|-ability|p1b: Smeargle|Moody|boost\n|-boost|p1b: Smeargle|atk|2\n|-unboost|p1b: Smeargle|def|1\n|upkeep\n|turn|4\n|\n|t:|1730401865\n|move|p1a: Farigiraf|Protect|p1a: Farigiraf\n|-singleturn|p1a: Farigiraf|Protect\n|move|p1b: Smeargle|Explosion|p2b: Mienshao|[spread] p2a,p2b\n|-activate|p1a: Farigiraf|move: Protect\n|-resisted|p2a: Lycanroc\n|-crit|p2b: Mienshao\n|-damage|p2a: Lycanroc|65\/100\n|-damage|p2b: Mienshao|0 fnt\n|faint|p1b: Smeargle\n|faint|p2b: Mienshao\n|move|p2a: Lycanroc|Rock Slide|p1a: Farigiraf\n|-activate|p1a: Farigiraf|move: Protect\n|\n|upkeep\n|l| Manchester1997!\n|\n|t:|1730401880\n|switch|p1b: Ursaluna|Ursaluna-Bloodmoon, L50, M|100\/100\n|switch|p2b: Typhlosion|Typhlosion-Hisui, L50, F, tera:Fire|100\/100\n|-item|p1b: Ursaluna|Silk Scarf|[from] ability: Frisk|[of] p2b: Typhlosion\n|turn|5\n|\n|t:|1730401890\n|move|p1a: Farigiraf|Helping Hand|p1b: Ursaluna\n|-singleturn|p1b: Ursaluna|Helping Hand|[of] p1a: Farigiraf\n|move|p1b: Ursaluna|Hyper Voice|p2a: Lycanroc|[spread] p2a,p2b\n|-resisted|p2a: Lycanroc\n|-damage|p2a: Lycanroc|9\/100\n|-damage|p2b: Typhlosion|6\/100\n|move|p2b: Typhlosion|Heat Wave|p1a: Farigiraf|[spread] p1a,p1b\n|-damage|p1a: Farigiraf|0 fnt\n|-damage|p1b: Ursaluna|21\/100\n|faint|p1a: Farigiraf\n|move|p2a: Lycanroc|Rock Slide|p1b: Ursaluna\n|-resisted|p1b: Ursaluna\n|-damage|p1b: Ursaluna|2\/100\n|\n|upkeep\n|turn|6\n|\n|t:|1730401909\n|move|p1b: Ursaluna|Hyper Voice|p2a: Lycanroc|[spread] p2a,p2b\n|-resisted|p2a: Lycanroc\n|-damage|p2a: Lycanroc|0 fnt\n|-damage|p2b: Typhlosion|0 fnt\n|faint|p2a: Lycanroc\n|faint|p2b: Typhlosion\n|\n|win|TheOnlyFizzo\n|raw|TheOnlyFizzo's rating: 1726 &rarr; <strong>1744<\/strong><br \/>(+18 for winning)\n|raw|ren122333's rating: 1697 &rarr; <strong>1679<\/strong><br \/>(-18 for losing)\n|l|\u2606ren122333\n|player|p2|\n|l|\u2606TheOnlyFizzo\n|player|p1|\n|l| jonnybouy\n","uploadtime":1730402060,"views":19,"formatid":"gen9vgc2024regh","rating":1679,"private":0,"password":null}