{"id":"gen9vgc2024regh-2234833786","format":"[Gen 9] VGC 2024 Reg H","players":["Diestoise","kfjtdhynd"],"log":"|j|\u2606Diestoise\n|j|\u2606kfjtdhynd\n|t:|1730394388\n|gametype|doubles\n|player|p1|Diestoise|blue|1688\n|player|p2|kfjtdhynd|169|1705\n|teamsize|p1|6\n|teamsize|p2|6\n|gen|9\n|tier|[Gen 9] VGC 2024 Reg H\n|rated|\n|rule|Species Clause: Limit one of each Pok\u00e9mon\n|rule|Item Clause: Limit 1 of each item\n|clearpoke\n|poke|p1|Tyranitar, L50, M|\n|poke|p1|Garchomp, L50, M|\n|poke|p1|Hydreigon, L50, F|\n|poke|p1|Primarina, L50, M|\n|poke|p1|Corviknight, L50, F|\n|poke|p1|Amoonguss, L50, F|\n|poke|p2|Basculegion-F, L50, F|\n|poke|p2|Pelipper, L50, F|\n|poke|p2|Rillaboom, L50, F|\n|poke|p2|Sneasler, L50, F|\n|poke|p2|Incineroar, L50, F|\n|poke|p2|Archaludon, L50, F|\n|teampreview|4\n|j| lf99po\nkfjtdhynd rejected open team sheets.\n|j| stickywall\n|inactive|Battle timer is ON: inactive players will automatically lose when time's up. (requested by kfjtdhynd)\n|\n|t:|1730394452\n|start\n|switch|p1a: Hydreigon|Hydreigon, L50, F|100\/100\n|switch|p1b: Corviknight|Corviknight, L50, F, shiny|100\/100\n|switch|p2a: Basculegion|Basculegion-F, L50, F|100\/100\n|switch|p2b: Sneasler|Sneasler, L50, F|100\/100\n|turn|1\n|inactive|Diestoise has 30 seconds left.\n|inactive|kfjtdhynd has 30 seconds left.\n|\n|t:|1730394479\n|switch|p1a: Amoonguss|Amoonguss, L50, F|100\/100\n|switch|p2a: Archaludon|Archaludon, L50, F|100\/100\n|move|p2b: Sneasler|Close Combat|p1a: Amoonguss\n|-resisted|p1a: Amoonguss\n|-damage|p1a: Amoonguss|72\/100\n|-unboost|p2b: Sneasler|def|1\n|-unboost|p2b: Sneasler|spd|1\n|move|p1b: Corviknight|Brave Bird|p2b: Sneasler\n|-supereffective|p2b: Sneasler\n|-damage|p2b: Sneasler|0 fnt\n|faint|p2b: Sneasler\n|-damage|p1b: Corviknight|76\/100|[from] Recoil\n|\n|-heal|p1b: Corviknight|81\/100|[from] item: Leftovers\n|upkeep\n|\n|t:|1730394490\n|switch|p2b: Pelipper|Pelipper, L50, F|100\/100\n|-weather|RainDance|[from] ability: Drizzle|[of] p2b: Pelipper\n|turn|2\n|inactive|Diestoise has 30 seconds left.\n|\n|t:|1730394517\n|switch|p1a: Tyranitar|Tyranitar, L50, M|100\/100\n|-weather|Sandstorm|[from] ability: Sand Stream|[of] p1a: Tyranitar\n|move|p2a: Archaludon|Electro Shot||[still]\n|-prepare|p2a: Archaludon|Electro Shot\n|-boost|p2a: Archaludon|spa|1\n|move|p2b: Pelipper|Hurricane|p1a: Tyranitar|[miss]\n|-miss|p2b: Pelipper|p1a: Tyranitar\n|move|p1b: Corviknight|Tailwind|p1b: Corviknight\n|-sidestart|p1: Diestoise|move: Tailwind\n|\n|-weather|Sandstorm|[upkeep]\n|-damage|p2b: Pelipper|95\/100|[from] Sandstorm\n|-heal|p1b: Corviknight|87\/100|[from] item: Leftovers\n|upkeep\n|turn|3\n|inactive|Diestoise has 30 seconds left.\n|\n|t:|1730394547\n|switch|p1b: Amoonguss|Amoonguss, L50, F|100\/100\n|switch|p2b: Basculegion|Basculegion-F, L50, F|100\/100\n|move|p1a: Tyranitar|Low Kick|p2a: Archaludon\n|-supereffective|p2a: Archaludon\n|-damage|p2a: Archaludon|60\/100\n|-ability|p2a: Archaludon|Stamina|boost\n|-boost|p2a: Archaludon|def|1\n|move|p2a: Archaludon|Electro Shot|p1a: Tyranitar|[from]lockedmove\n|-damage|p1a: Tyranitar|75\/100\n|-damage|p2a: Archaludon|50\/100|[from] item: Life Orb\n|\n|-weather|Sandstorm|[upkeep]\n|-damage|p2b: Basculegion|94\/100|[from] Sandstorm\n|-damage|p1b: Amoonguss|95\/100|[from] Sandstorm\n|upkeep\n|turn|4\n|l| lf99po\n|j| lf99po\n|inactive|Diestoise has 30 seconds left.\n|inactive|kfjtdhynd has 30 seconds left.\n|\n|t:|1730394575\n|-terastallize|p2b: Basculegion|Water\n|move|p1b: Amoonguss|Rage Powder|p1b: Amoonguss\n|-singleturn|p1b: Amoonguss|move: Rage Powder\n|move|p1a: Tyranitar|Knock Off|p2b: Basculegion\n|-damage|p2b: Basculegion|34\/100\n|-enditem|p2b: Basculegion|Choice Specs|[from] move: Knock Off|[of] p1a: Tyranitar\n|move|p2a: Archaludon|Dragon Pulse|p1b: Amoonguss\n|-damage|p1b: Amoonguss|26\/100\n|-enditem|p1b: Amoonguss|Sitrus Berry|[eat]\n|-heal|p1b: Amoonguss|51\/100|[from] item: Sitrus Berry\n|-damage|p2a: Archaludon|40\/100|[from] item: Life Orb\n|move|p2b: Basculegion|Ice Beam|p1b: Amoonguss\n|-supereffective|p1b: Amoonguss\n|-damage|p1b: Amoonguss|3\/100\n|\n|-weather|Sandstorm|[upkeep]\n|-damage|p2b: Basculegion|28\/100|[from] Sandstorm\n|-damage|p1b: Amoonguss|0 fnt|[from] Sandstorm\n|faint|p1b: Amoonguss\n|upkeep\n|l| lf99po\n|\n|t:|1730394596\n|switch|p1b: Hydreigon|Hydreigon, L50, F|100\/100\n|turn|5\n|\n|t:|1730394620\n|switch|p2b: Pelipper|Pelipper, L50, F|95\/100\n|-weather|RainDance|[from] ability: Drizzle|[of] p2b: Pelipper\n|move|p2a: Archaludon|Protect|p2a: Archaludon\n|-singleturn|p2a: Archaludon|Protect\n|move|p1b: Hydreigon|Draco Meteor|p2a: Archaludon\n|-activate|p2a: Archaludon|move: Protect\n|move|p1a: Tyranitar|Knock Off|p2b: Pelipper\n|-damage|p2b: Pelipper|34\/100\n|-enditem|p2b: Pelipper|Focus Sash|[from] move: Knock Off|[of] p1a: Tyranitar\n|\n|-weather|RainDance|[upkeep]\n|-sideend|p1: Diestoise|move: Tailwind\n|upkeep\n|turn|6\n|inactive|Diestoise has 30 seconds left.\n|inactive|kfjtdhynd has 30 seconds left.\n|\n|t:|1730394646\n|switch|p1a: Corviknight|Corviknight, L50, F, shiny|87\/100\n|move|p1b: Hydreigon|Draco Meteor|p2a: Archaludon|[miss]\n|-miss|p1b: Hydreigon|p2a: Archaludon\n|move|p2a: Archaludon|Dragon Pulse|p1b: Hydreigon\n|-supereffective|p1b: Hydreigon\n|-damage|p1b: Hydreigon|0 fnt\n|faint|p1b: Hydreigon\n|-damage|p2a: Archaludon|31\/100|[from] item: Life Orb\n|move|p2b: Pelipper|Weather Ball|p1a: Corviknight\n|-damage|p1a: Corviknight|40\/100\n|\n|-weather|RainDance|[upkeep]\n|-heal|p1a: Corviknight|46\/100|[from] item: Leftovers\n|upkeep\n|c|\u2606kfjtdhynd|tough\n|\n|t:|1730394662\n|switch|p1b: Tyranitar|Tyranitar, L50, M|75\/100\n|-weather|Sandstorm|[from] ability: Sand Stream|[of] p1b: Tyranitar\n|turn|7\n|inactive|Diestoise has 30 seconds left.\n|\n|t:|1730394693\n|move|p2a: Archaludon|Dragon Pulse|p1a: Corviknight\n|-resisted|p1a: Corviknight\n|-damage|p1a: Corviknight|16\/100\n|-damage|p2a: Archaludon|21\/100|[from] item: Life Orb\n|move|p2b: Pelipper|Weather Ball|p1a: Corviknight\n|-damage|p1a: Corviknight|0 fnt\n|faint|p1a: Corviknight\n|move|p1b: Tyranitar|Low Kick|p2a: Archaludon\n|-supereffective|p2a: Archaludon\n|-damage|p2a: Archaludon|0 fnt\n|faint|p2a: Archaludon\n|\n|-weather|Sandstorm|[upkeep]\n|-damage|p2b: Pelipper|28\/100|[from] Sandstorm\n|upkeep\n|\n|t:|1730394700\n|switch|p2a: Basculegion|Basculegion-F, L50, F, tera:Water|28\/100\n|turn|8\n|\n|t:|1730394715\n|-terastallize|p1b: Tyranitar|Flying\n|move|p2a: Basculegion|Muddy Water|p1b: Tyranitar|[miss]\n|-miss|p2a: Basculegion|p1b: Tyranitar\n|move|p2b: Pelipper|Weather Ball|p1b: Tyranitar\n|-supereffective|p1b: Tyranitar\n|-damage|p1b: Tyranitar|48\/100\n|move|p1b: Tyranitar|Rock Slide|p2a: Basculegion|[spread] p2a,p2b\n|-supereffective|p2b: Pelipper\n|-damage|p2a: Basculegion|0 fnt\n|-damage|p2b: Pelipper|0 fnt\n|faint|p2a: Basculegion\n|faint|p2b: Pelipper\n|\n|win|Diestoise\n|raw|Diestoise's rating: 1688 &rarr; <strong>1709<\/strong><br \/>(+21 for winning)\n|raw|kfjtdhynd's rating: 1705 &rarr; <strong>1684<\/strong><br \/>(-21 for losing)\n|l|\u2606kfjtdhynd\n|player|p2|\n|l|\u2606Diestoise\n|player|p1|\n","uploadtime":1730394987,"views":15,"formatid":"gen9vgc2024regh","rating":1684,"private":0,"password":null}