{"id":"gen9vgc2024regh-2234127340","format":"[Gen 9] VGC 2024 Reg H","players":["carlosaurio326","Hikawari"],"log":"|j|\u2606carlosaurio326\n|j|\u2606Hikawari\n|t:|1730306094\n|gametype|doubles\n|player|p1|carlosaurio326|102|1641\n|player|p2|Hikawari|2|1708\n|teamsize|p1|6\n|teamsize|p2|6\n|gen|9\n|tier|[Gen 9] VGC 2024 Reg H\n|rated|\n|rule|Species Clause: Limit one of each Pok\u00e9mon\n|rule|Item Clause: Limit 1 of each item\n|clearpoke\n|poke|p1|Sylveon, L50, F|\n|poke|p1|Tyranitar, L50, F|\n|poke|p1|Corviknight, L50, M|\n|poke|p1|Maushold, L50|\n|poke|p1|Rotom-Heat, L50|\n|poke|p1|Garchomp, L50, M|\n|poke|p2|Sneasler, L50, F|\n|poke|p2|Murkrow, L50, M|\n|poke|p2|Gholdengo, L50|\n|poke|p2|Indeedee, L50, M|\n|poke|p2|Annihilape, L50, F|\n|poke|p2|Sinistcha, L50|\n|teampreview|4\n|inactive|Battle timer is ON: inactive players will automatically lose when time's up. (requested by Hikawari)\n|\n|t:|1730306118\n|start\n|switch|p1a: Sylveon|Sylveon, L50, F|100\/100\n|switch|p1b: Corviknight|Corviknight, L50, M|100\/100\n|switch|p2a: Murkrow|Murkrow, L50, M|100\/100\n|switch|p2b: Gholdengo|Gholdengo, L50|100\/100\n|turn|1\n|\n|t:|1730306130\n|-terastallize|p1a: Sylveon|Fire\n|move|p2a: Murkrow|Tailwind|p2a: Murkrow\n|-sidestart|p2: Hikawari|move: Tailwind\n|move|p2b: Gholdengo|Trick|p1b: Corviknight\n|-activate|p2b: Gholdengo|move: Trick|[of] p1b: Corviknight\n|-item|p1b: Corviknight|Choice Specs|[from] move: Trick\n|-item|p2b: Gholdengo|Sitrus Berry|[from] move: Trick\n|move|p1a: Sylveon|Hyper Voice|p2b: Gholdengo|[spread] p2a,p2b\n|-supereffective|p2a: Murkrow\n|-resisted|p2b: Gholdengo\n|-damage|p2a: Murkrow|14\/100\n|-damage|p2b: Gholdengo|78\/100\n|-enditem|p1a: Sylveon|Throat Spray\n|-boost|p1a: Sylveon|spa|1|[from] item: Throat Spray\n|move|p1b: Corviknight|Taunt|p2a: Murkrow\n|-start|p2a: Murkrow|move: Taunt\n|\n|upkeep\n|turn|2\n|inactive|carlosaurio326 has 30 seconds left.\n|inactive|carlosaurio326 has 20 seconds left.\n|inactive|carlosaurio326 has 15 seconds left.\n|inactive|carlosaurio326 has 10 seconds left.\n|inactive|carlosaurio326 has 5 seconds left.\n|\n|t:|1730306181\n|switch|p2a: Sneasler|Sneasler, L50, F, shiny|100\/100\n|switch|p1b: Garchomp|Garchomp, L50, M|100\/100\n|move|p2b: Gholdengo|Power Gem|p1a: Sylveon\n|-supereffective|p1a: Sylveon\n|-damage|p1a: Sylveon|46\/100\n|move|p1a: Sylveon|Hyper Voice|p2a: Sneasler|[spread] p2a,p2b\n|-resisted|p2b: Gholdengo\n|-damage|p2a: Sneasler|11\/100\n|-damage|p2b: Gholdengo|40\/100\n|-enditem|p2b: Gholdengo|Sitrus Berry|[eat]\n|-heal|p2b: Gholdengo|65\/100|[from] item: Sitrus Berry\n|\n|upkeep\n|turn|3\n|\n|t:|1730306199\n|switch|p1a: Corviknight|Corviknight, L50, M|100\/100\n|-terastallize|p2b: Gholdengo|Steel\n|move|p2a: Sneasler|Fake Out|p1a: Corviknight\n|-resisted|p1a: Corviknight\n|-crit|p1a: Corviknight\n|-damage|p1a: Corviknight|90\/100\n|-damage|p2a: Sneasler|1\/100|[from] item: Life Orb\n|move|p2b: Gholdengo|Make It Rain|p1b: Garchomp|[spread] p1a,p1b\n|-resisted|p1a: Corviknight\n|-damage|p1a: Corviknight|65\/100\n|-damage|p1b: Garchomp|30\/100\n|-unboost|p2b: Gholdengo|spa|1\n|move|p1b: Garchomp|Earthquake|p2b: Gholdengo|[spread] p2a,p2b\n|-immune|p1a: Corviknight\n|-supereffective|p2a: Sneasler\n|-supereffective|p2b: Gholdengo\n|-damage|p2a: Sneasler|0 fnt\n|-damage|p2b: Gholdengo|0 fnt\n|faint|p2a: Sneasler\n|faint|p2b: Gholdengo\n|-damage|p1b: Garchomp|20\/100|[from] item: Life Orb\n|\n|upkeep\n|\n|t:|1730306203\n|switch|p2a: Murkrow|Murkrow, L50, M|14\/100\n|switch|p2b: Annihilape|Annihilape, L50, F, shiny|100\/100\n|turn|4\n|inactive|carlosaurio326 has 30 seconds left.\n|\n|t:|1730306231\n|move|p1b: Garchomp|Protect|p1b: Garchomp\n|-singleturn|p1b: Garchomp|Protect\n|move|p2a: Murkrow|Foul Play|p1b: Garchomp\n|-activate|p1b: Garchomp|move: Protect\n|move|p2b: Annihilape|Bulk Up|p2b: Annihilape\n|-boost|p2b: Annihilape|atk|1\n|-boost|p2b: Annihilape|def|1\n|move|p1a: Corviknight|Brave Bird|p2a: Murkrow\n|-damage|p2a: Murkrow|0 fnt\n|faint|p2a: Murkrow\n|-damage|p1a: Corviknight|61\/100|[from] Recoil\n|\n|-sideend|p2: Hikawari|move: Tailwind\n|upkeep\n|turn|5\n|\n|t:|1730306240\n|move|p1b: Garchomp|Earthquake|p2b: Annihilape|[spread] p2b\n|-immune|p1a: Corviknight\n|-damage|p2b: Annihilape|75\/100\n|-damage|p1b: Garchomp|10\/100|[from] item: Life Orb\n|move|p2b: Annihilape|Bulk Up|p2b: Annihilape\n|-boost|p2b: Annihilape|atk|1\n|-boost|p2b: Annihilape|def|1\n|move|p1a: Corviknight|Brave Bird|p2b: Annihilape\n|-supereffective|p2b: Annihilape\n|-damage|p2b: Annihilape|44\/100\n|-damage|p1a: Corviknight|50\/100|[from] Recoil\n|\n|-heal|p2b: Annihilape|50\/100|[from] item: Leftovers\n|upkeep\n|turn|6\n|\n|t:|1730306248\n|move|p2b: Annihilape|Protect|p2b: Annihilape\n|-singleturn|p2b: Annihilape|Protect\n|move|p1b: Garchomp|Earthquake|p2b: Annihilape|[spread] \n|-activate|p2b: Annihilape|move: Protect\n|-immune|p1a: Corviknight\n|move|p1a: Corviknight|Brave Bird|p2b: Annihilape\n|-activate|p2b: Annihilape|move: Protect\n|\n|-heal|p2b: Annihilape|56\/100|[from] item: Leftovers\n|upkeep\n|turn|7\n|\n|t:|1730306251\n|move|p1b: Garchomp|Earthquake|p2b: Annihilape|[spread] p2b\n|-immune|p1a: Corviknight\n|-damage|p2b: Annihilape|34\/100\n|-damage|p1b: Garchomp|0 fnt|[from] item: Life Orb\n|faint|p1b: Garchomp\n|move|p2b: Annihilape|Drain Punch|p1a: Corviknight\n|-damage|p1a: Corviknight|7\/100\n|-heal|p2b: Annihilape|54\/100|[from] drain|[of] p1a: Corviknight\n|move|p1a: Corviknight|Brave Bird|p2b: Annihilape\n|-supereffective|p2b: Annihilape\n|-damage|p2b: Annihilape|23\/100\n|-damage|p1a: Corviknight|0 fnt|[from] Recoil\n|faint|p1a: Corviknight\n|\n|-heal|p2b: Annihilape|29\/100|[from] item: Leftovers\n|upkeep\n|\n|t:|1730306260\n|switch|p1b: Sylveon|Sylveon, L50, F, tera:Fire|46\/100\n|switch|p1a: Rotom|Rotom-Heat, L50|100\/100\n|turn|8\n|\n|t:|1730306265\n|move|p2b: Annihilape|Protect|p2b: Annihilape\n|-singleturn|p2b: Annihilape|Protect\n|move|p1a: Rotom|Thunderbolt|p2b: Annihilape\n|-activate|p2b: Annihilape|move: Protect\n|move|p1b: Sylveon|Hyper Voice|p2b: Annihilape\n|-activate|p2b: Annihilape|move: Protect\n|\n|-heal|p2b: Annihilape|35\/100|[from] item: Leftovers\n|upkeep\n|turn|9\n|\n|t:|1730306272\n|move|p1a: Rotom|Thunderbolt|p2b: Annihilape\n|-damage|p2b: Annihilape|0 fnt\n|faint|p2b: Annihilape\n|\n|win|carlosaurio326\n|raw|carlosaurio326's rating: 1641 &rarr; <strong>1665<\/strong><br \/>(+24 for winning)\n|raw|Hikawari's rating: 1708 &rarr; <strong>1684<\/strong><br \/>(-24 for losing)\n|l|\u2606Hikawari\n|player|p2|\n|l|\u2606carlosaurio326\n|player|p1|\n","uploadtime":1730306476,"views":9,"formatid":"gen9vgc2024regh","rating":1665,"private":0,"password":null}