{"id":"gen9vgc2024regh-2234285651","format":"[Gen 9] VGC 2024 Reg H","players":["Zordor","greenlightdmp"],"log":"|j|\u2606Zordor\n|j|\u2606greenlightdmp\n|t:|1730320835\n|gametype|doubles\n|player|p1|Zordor|pilot|1701\n|player|p2|greenlightdmp|1|1672\n|teamsize|p1|6\n|teamsize|p2|6\n|gen|9\n|tier|[Gen 9] VGC 2024 Reg H\n|rated|\n|rule|Species Clause: Limit one of each Pok\u00e9mon\n|rule|Item Clause: Limit 1 of each item\n|clearpoke\n|poke|p1|Rotom-Wash, L50|\n|poke|p1|Sneasler, L50, F|\n|poke|p1|Kingambit, L50, M|\n|poke|p1|Armarouge, L50, M|\n|poke|p1|Dragapult, L50, F|\n|poke|p1|Venusaur, L50, M|\n|poke|p2|Sneasler, L50, F|\n|poke|p2|Murkrow, L50, M|\n|poke|p2|Basculegion, L50, M|\n|poke|p2|Archaludon, L50, F|\n|poke|p2|Indeedee-F, L50, F|\n|poke|p2|Gholdengo, L50|\n|teampreview|4\n|inactive|Battle timer is ON: inactive players will automatically lose when time's up. (requested by Zordor)\n|j| Fishyyism\n|inactive|greenlightdmp has 60 seconds left.\n|\n|t:|1730320906\n|start\n|switch|p1a: Sneasler|Sneasler, L50, F|100\/100\n|switch|p1b: Rotom|Rotom-Wash, L50|100\/100\n|switch|p2a: Raf Camora|Murkrow, L50, M|100\/100\n|switch|p2b: Gholdengo|Gholdengo, L50|100\/100\n|turn|1\n|inactive|Zordor has 30 seconds left.\n|inactive|greenlightdmp has 30 seconds left.\n|\n|t:|1730320931\n|move|p2a: Raf Camora|Tailwind|p2a: Raf Camora\n|-sidestart|p2: greenlightdmp|move: Tailwind\n|move|p2b: Gholdengo|Nasty Plot|p2b: Gholdengo\n|-boost|p2b: Gholdengo|spa|2\n|move|p1a: Sneasler|Dire Claw|p2a: Raf Camora\n|-damage|p2a: Raf Camora|54\/100\n|move|p1b: Rotom|Electroweb|p2b: Gholdengo|[spread] p2a,p2b\n|-supereffective|p2a: Raf Camora\n|-damage|p2a: Raf Camora|22\/100\n|-damage|p2b: Gholdengo|85\/100\n|-unboost|p2a: Raf Camora|spe|1\n|-unboost|p2b: Gholdengo|spe|1\n|\n|upkeep\n|turn|2\n|inactive|greenlightdmp has 30 seconds left.\n|\n|t:|1730320959\n|switch|p2a: Archaludon|Archaludon, L50, F|100\/100\n|move|p1a: Sneasler|Protect|p1a: Sneasler\n|-singleturn|p1a: Sneasler|Protect\n|move|p1b: Rotom|Protect|p1b: Rotom\n|-singleturn|p1b: Rotom|Protect\n|move|p2b: Gholdengo|Shadow Ball|p1b: Rotom\n|-activate|p1b: Rotom|move: Protect\n|\n|upkeep\n|turn|3\n|inactive|greenlightdmp has 30 seconds left.\n|\n|t:|1730320985\n|move|p2a: Archaludon|Body Press|p1a: Sneasler\n|-resisted|p1a: Sneasler\n|-damage|p1a: Sneasler|85\/100\n|move|p2b: Gholdengo|Shadow Ball|p1a: Sneasler\n|-damage|p1a: Sneasler|0 fnt\n|faint|p1a: Sneasler\n|-damage|p2b: Gholdengo|75\/100|[from] item: Life Orb\n|move|p1b: Rotom|Will-O-Wisp|p2a: Archaludon\n|-status|p2a: Archaludon|brn\n|\n|-damage|p2a: Archaludon|94\/100 brn|[from] brn\n|upkeep\n|\n|t:|1730320998\n|switch|p1a: Kingambit|Kingambit, L50, M|100\/100\n|turn|4\n|inactive|greenlightdmp has 30 seconds left.\n|\n|t:|1730321024\n|move|p2b: Gholdengo|Protect|p2b: Gholdengo\n|-singleturn|p2b: Gholdengo|Protect\n|move|p1b: Rotom|Protect|p1b: Rotom\n|-singleturn|p1b: Rotom|Protect\n|move|p1a: Kingambit|Protect|p1a: Kingambit\n|-singleturn|p1a: Kingambit|Protect\n|move|p2a: Archaludon|Body Press|p1a: Kingambit\n|-activate|p1a: Kingambit|move: Protect\n|\n|-damage|p2a: Archaludon|88\/100 brn|[from] brn\n|-sideend|p2: greenlightdmp|move: Tailwind\n|upkeep\n|turn|5\n|\n|t:|1730321048\n|-terastallize|p2b: Gholdengo|Water\n|move|p1b: Rotom|Hydro Pump|p2b: Gholdengo\n|-resisted|p2b: Gholdengo\n|-damage|p2b: Gholdengo|53\/100\n|move|p2a: Archaludon|Body Press|p1a: Kingambit\n|-supereffective|p1a: Kingambit\n|-damage|p1a: Kingambit|63\/100\n|move|p2b: Gholdengo|Make It Rain|p1a: Kingambit|[spread] p1a,p1b\n|-resisted|p1a: Kingambit\n|-crit|p1a: Kingambit\n|-resisted|p1b: Rotom\n|-damage|p1a: Kingambit|0 fnt\n|-damage|p1b: Rotom|70\/100\n|-unboost|p2b: Gholdengo|spa|1\n|faint|p1a: Kingambit\n|-damage|p2b: Gholdengo|43\/100|[from] item: Life Orb\n|\n|-damage|p2a: Archaludon|82\/100 brn|[from] brn\n|upkeep\n|\n|t:|1730321068\n|switch|p1a: Venusaur|Venusaur, L50, M|100\/100\n|turn|6\n|inactive|greenlightdmp has 30 seconds left.\n|inactive|greenlightdmp has 20 seconds left.\n|\n|t:|1730321105\n|move|p1b: Rotom|Electroweb|p2b: Gholdengo|[spread] p2a\n|-miss|p1b: Rotom|p2b: Gholdengo\n|-resisted|p2a: Archaludon\n|-damage|p2a: Archaludon|78\/100 brn\n|-unboost|p2a: Archaludon|spe|1\n|-ability|p2a: Archaludon|Stamina|boost\n|-boost|p2a: Archaludon|def|1\n|move|p1a: Venusaur|Giga Drain|p2b: Gholdengo\n|-supereffective|p2b: Gholdengo\n|-damage|p2b: Gholdengo|0 fnt\n|faint|p2b: Gholdengo\n|move|p2a: Archaludon|Draco Meteor|p1b: Rotom\n|-damage|p1b: Rotom|2\/100\n|-unboost|p2a: Archaludon|spa|2\n|\n|-damage|p2a: Archaludon|72\/100 brn|[from] brn\n|upkeep\n|\n|t:|1730321120\n|switch|p2b: Slim Shady|Sneasler, L50, F|100\/100\n|turn|7\n|\n|t:|1730321132\n|move|p2b: Slim Shady|Protect|p2b: Slim Shady\n|-singleturn|p2b: Slim Shady|Protect\n|move|p1b: Rotom|Will-O-Wisp|p2b: Slim Shady\n|-activate|p2b: Slim Shady|move: Protect\n|move|p1a: Venusaur|Earth Power|p2b: Slim Shady\n|-activate|p2b: Slim Shady|move: Protect\n|move|p2a: Archaludon|Snarl|p1b: Rotom|[spread] p1a,p1b\n|-damage|p1a: Venusaur|94\/100\n|-damage|p1b: Rotom|0 fnt\n|-unboost|p1a: Venusaur|spa|1\n|faint|p1b: Rotom\n|\n|-heal|p1a: Venusaur|99\/100|[from] item: Leftovers\n|-damage|p2a: Archaludon|65\/100 brn|[from] brn\n|upkeep\n|turn|8\n|\n|t:|1730321150\n|switch|p2b: Raf Camora|Murkrow, L50, M|22\/100\n|move|p1a: Venusaur|Earth Power|p2b: Raf Camora\n|-immune|p2b: Raf Camora\n|move|p2a: Archaludon|Snarl|p1a: Venusaur\n|-damage|p1a: Venusaur|90\/100\n|-unboost|p1a: Venusaur|spa|1\n|\n|-heal|p1a: Venusaur|97\/100|[from] item: Leftovers\n|-damage|p2a: Archaludon|59\/100 brn|[from] brn\n|upkeep\n|turn|9\n|\n|t:|1730321169\n|move|p2b: Raf Camora|Tailwind|p2b: Raf Camora\n|-sidestart|p2: greenlightdmp|move: Tailwind\n|move|p2a: Archaludon|Body Press|p1a: Venusaur\n|-resisted|p1a: Venusaur\n|-damage|p1a: Venusaur|87\/100\n|move|p1a: Venusaur|Sludge Bomb|p2b: Raf Camora\n|-damage|p2b: Raf Camora|2\/100\n|-status|p2b: Raf Camora|psn\n|\n|-heal|p1a: Venusaur|93\/100|[from] item: Leftovers\n|-damage|p2b: Raf Camora|0 fnt|[from] psn\n|faint|p2b: Raf Camora\n|-damage|p2a: Archaludon|53\/100 brn|[from] brn\n|upkeep\n|\n|t:|1730321178\n|switch|p2b: Slim Shady|Sneasler, L50, F|100\/100\n|turn|10\n|\n|t:|1730321197\n|move|p2b: Slim Shady|Protect|p2b: Slim Shady\n|-singleturn|p2b: Slim Shady|Protect\n|move|p1a: Venusaur|Protect|p1a: Venusaur\n|-singleturn|p1a: Venusaur|Protect\n|move|p2a: Archaludon|Snarl|p1a: Venusaur\n|-activate|p1a: Venusaur|move: Protect\n|\n|-heal|p1a: Venusaur|99\/100|[from] item: Leftovers\n|-damage|p2a: Archaludon|47\/100 brn|[from] brn\n|upkeep\n|turn|11\n|\n|t:|1730321207\n|move|p2b: Slim Shady|Dire Claw|p1a: Venusaur\n|-damage|p1a: Venusaur|49\/100\n|move|p2a: Archaludon|Snarl|p1a: Venusaur\n|-damage|p1a: Venusaur|41\/100\n|-unboost|p1a: Venusaur|spa|1\n|move|p1a: Venusaur|Earth Power|p2b: Slim Shady\n|-supereffective|p2b: Slim Shady\n|-damage|p2b: Slim Shady|75\/100\n|-unboost|p2b: Slim Shady|spd|1\n|\n|-heal|p1a: Venusaur|47\/100|[from] item: Leftovers\n|-damage|p2a: Archaludon|41\/100 brn|[from] brn\n|upkeep\n|turn|12\n|\n|t:|1730321229\n|move|p1a: Venusaur|Protect|p1a: Venusaur\n|-singleturn|p1a: Venusaur|Protect\n|move|p2b: Slim Shady|Dire Claw|p1a: Venusaur\n|-activate|p1a: Venusaur|move: Protect\n|move|p2a: Archaludon|Body Press|p1a: Venusaur\n|-activate|p1a: Venusaur|move: Protect\n|\n|-heal|p1a: Venusaur|53\/100|[from] item: Leftovers\n|-damage|p2a: Archaludon|35\/100 brn|[from] brn\n|-sideend|p2: greenlightdmp|move: Tailwind\n|upkeep\n|turn|13\n|\n|t:|1730321246\n|move|p2b: Slim Shady|Protect|p2b: Slim Shady\n|-singleturn|p2b: Slim Shady|Protect\n|move|p1a: Venusaur|Earth Power|p2b: Slim Shady\n|-activate|p2b: Slim Shady|move: Protect\n|move|p2a: Archaludon|Draco Meteor|p1a: Venusaur\n|-damage|p1a: Venusaur|24\/100\n|-unboost|p2a: Archaludon|spa|2\n|\n|-heal|p1a: Venusaur|30\/100|[from] item: Leftovers\n|-damage|p2a: Archaludon|29\/100 brn|[from] brn\n|upkeep\n|turn|14\n|l| Fishyyism\n|\n|t:|1730321259\n|move|p1a: Venusaur|Protect|p1a: Venusaur\n|-singleturn|p1a: Venusaur|Protect\n|move|p2b: Slim Shady|Dire Claw|p1a: Venusaur\n|-activate|p1a: Venusaur|move: Protect\n|move|p2a: Archaludon|Snarl|p1a: Venusaur\n|-activate|p1a: Venusaur|move: Protect\n|\n|-heal|p1a: Venusaur|36\/100|[from] item: Leftovers\n|-damage|p2a: Archaludon|23\/100 brn|[from] brn\n|upkeep\n|turn|15\n|\n|t:|1730321264\n|move|p2b: Slim Shady|Dire Claw|p1a: Venusaur\n|-damage|p1a: Venusaur|0 fnt\n|faint|p1a: Venusaur\n|\n|win|greenlightdmp\n|raw|Zordor's rating: 1701 &rarr; <strong>1679<\/strong><br \/>(-22 for losing)\n|raw|greenlightdmp's rating: 1672 &rarr; <strong>1694<\/strong><br \/>(+22 for winning)\n|l|\u2606Zordor\n|player|p1|\n|l|\u2606greenlightdmp\n|player|p2|\n|j|\u2606greenlightdmp\n|player|p2|greenlightdmp|1|\n|l|\u2606greenlightdmp\n|player|p2|\n","uploadtime":1730321273,"views":31,"formatid":"gen9vgc2024regh","rating":1679,"private":0,"password":null}