{"id":"gen9vgc2024regh-2234825387","format":"[Gen 9] VGC 2024 Reg H","players":["kfjtdhynd","Hikawari"],"log":"|j|\u2606kfjtdhynd\n|j|\u2606Hikawari\n|t:|1730393596\n|gametype|doubles\n|player|p1|kfjtdhynd|169|1712\n|player|p2|Hikawari|1|1712\n|teamsize|p1|6\n|teamsize|p2|6\n|gen|9\n|tier|[Gen 9] VGC 2024 Reg H\n|rated|\n|rule|Species Clause: Limit one of each Pok\u00e9mon\n|rule|Item Clause: Limit 1 of each item\n|clearpoke\n|poke|p1|Basculegion-F, L50, F|\n|poke|p1|Pelipper, L50, F|\n|poke|p1|Rillaboom, L50, M|\n|poke|p1|Sneasler, L50, F|\n|poke|p1|Incineroar, L50, M|\n|poke|p1|Archaludon, L50, F|\n|poke|p2|Sneasler, L50, F|\n|poke|p2|Murkrow, L50, M|\n|poke|p2|Gholdengo, L50|\n|poke|p2|Indeedee, L50, M|\n|poke|p2|Annihilape, L50, F|\n|poke|p2|Sinistcha, L50|\n|teampreview|4\nkfjtdhynd rejected open team sheets.\n|inactive|Battle timer is ON: inactive players will automatically lose when time's up. (requested by Hikawari)\n|\n|t:|1730393626\n|start\n|switch|p1a: Basculegion|Basculegion-F, L50, F|100\/100\n|switch|p1b: Rillaboom|Rillaboom, L50, M|100\/100\n|switch|p2a: Murkrow|Murkrow, L50, M|100\/100\n|switch|p2b: Gholdengo|Gholdengo, L50|100\/100\n|-fieldstart|move: Grassy Terrain|[from] ability: Grassy Surge|[of] p1b: Rillaboom\n|turn|1\n|\n|t:|1730393643\n|switch|p1b: Pelipper|Pelipper, L50, F|100\/100\n|-weather|RainDance|[from] ability: Drizzle|[of] p1b: Pelipper\n|-terastallize|p1a: Basculegion|Water\n|move|p2a: Murkrow|Tailwind|p2a: Murkrow\n|-sidestart|p2: Hikawari|move: Tailwind\n|move|p2b: Gholdengo|Shadow Ball|p1a: Basculegion\n|-damage|p1a: Basculegion|17\/100\n|move|p1a: Basculegion|Muddy Water|p2a: Murkrow|[spread] p2a\n|-miss|p1a: Basculegion|p2b: Gholdengo\n|-damage|p2a: Murkrow|0 fnt\n|faint|p2a: Murkrow\n|\n|-weather|RainDance|[upkeep]\n|-heal|p1a: Basculegion|23\/100|[from] Grassy Terrain\n|upkeep\n|\n|t:|1730393660\n|switch|p2a: Sneasler|Sneasler, L50, F, shiny|100\/100\n|turn|2\n|\n|t:|1730393684\n|switch|p1a: Rillaboom|Rillaboom, L50, M|100\/100\n|move|p1b: Pelipper|Protect|p1b: Pelipper\n|-singleturn|p1b: Pelipper|Protect\n|move|p2a: Sneasler|Dire Claw|p1a: Rillaboom\n|-supereffective|p1a: Rillaboom\n|-damage|p1a: Rillaboom|13\/100\n|-damage|p2a: Sneasler|91\/100|[from] item: Life Orb\n|move|p2b: Gholdengo|Shadow Ball|p1b: Pelipper\n|-activate|p1b: Pelipper|move: Protect\n|\n|-weather|RainDance|[upkeep]\n|-heal|p2a: Sneasler|97\/100|[from] Grassy Terrain\n|-heal|p1a: Rillaboom|18\/100|[from] Grassy Terrain\n|upkeep\n|turn|3\n|j| Conquistatore\n|\n|t:|1730393697\n|move|p1a: Rillaboom|Fake Out|p2a: Sneasler\n|-damage|p2a: Sneasler|77\/100\n|cant|p2a: Sneasler|flinch\n|move|p2b: Gholdengo|Shadow Ball|p1b: Pelipper\n|-enditem|p1b: Pelipper|Focus Sash\n|-damage|p1b: Pelipper|1\/100\n|move|p1b: Pelipper|Tailwind|p1b: Pelipper\n|-sidestart|p1: kfjtdhynd|move: Tailwind\n|\n|-weather|RainDance|[upkeep]\n|-heal|p2a: Sneasler|82\/100|[from] Grassy Terrain\n|-heal|p1a: Rillaboom|24\/100|[from] Grassy Terrain\n|upkeep\n|turn|4\n|\n|t:|1730393712\n|switch|p2a: Annihilape|Annihilape, L50, F, shiny|100\/100\n|move|p1b: Pelipper|Protect|p1b: Pelipper\n|-singleturn|p1b: Pelipper|Protect\n|move|p2b: Gholdengo|Shadow Ball|p1b: Pelipper\n|-activate|p1b: Pelipper|move: Protect\n|move|p1a: Rillaboom|U-turn|p2b: Gholdengo\n|-resisted|p2b: Gholdengo\n|-damage|p2b: Gholdengo|94\/100\n|\n|t:|1730393716\n|switch|p1a: Basculegion|Basculegion-F, L50, F, tera:Water|23\/100|[from] U-turn\n|\n|-weather|RainDance|[upkeep]\n|-heal|p1a: Basculegion|30\/100|[from] Grassy Terrain\n|-heal|p2b: Gholdengo|100\/100|[from] Grassy Terrain\n|-sideend|p2: Hikawari|move: Tailwind\n|upkeep\n|turn|5\n|\n|t:|1730393726\n|move|p2a: Annihilape|Protect|p2a: Annihilape\n|-singleturn|p2a: Annihilape|Protect\n|move|p1a: Basculegion|Muddy Water|p2b: Gholdengo|[spread] p2b\n|-activate|p2a: Annihilape|move: Protect\n|-damage|p2b: Gholdengo|0 fnt\n|faint|p2b: Gholdengo\n|move|p1b: Pelipper|Hurricane|p2a: Annihilape\n|-activate|p2a: Annihilape|move: Protect\n|\n|-weather|none\n|-heal|p1a: Basculegion|36\/100|[from] Grassy Terrain\n|-fieldend|move: Grassy Terrain\n|upkeep\n|j| bjvgc1\n|\n|t:|1730393732\n|switch|p2b: Sneasler|Sneasler, L50, F, shiny|82\/100\n|turn|6\n|l| bjvgc1\n|\n|t:|1730393753\n|switch|p1a: Archaludon|Archaludon, L50, F|100\/100\n|switch|p1b: Rillaboom|Rillaboom, L50, M|24\/100\n|-fieldstart|move: Grassy Terrain|[from] ability: Grassy Surge|[of] p1b: Rillaboom\n|-terastallize|p2b: Sneasler|Dark\n|move|p2b: Sneasler|Fake Out|p1a: Archaludon\n|-resisted|p1a: Archaludon\n|-damage|p1a: Archaludon|92\/100\n|-ability|p1a: Archaludon|Stamina|boost\n|-boost|p1a: Archaludon|def|1\n|-damage|p2b: Sneasler|73\/100|[from] item: Life Orb\n|move|p2a: Annihilape|Bulk Up|p2a: Annihilape\n|-boost|p2a: Annihilape|atk|1\n|-boost|p2a: Annihilape|def|1\n|\n|-heal|p1a: Archaludon|98\/100|[from] Grassy Terrain\n|-heal|p1b: Rillaboom|30\/100|[from] Grassy Terrain\n|-heal|p2b: Sneasler|79\/100|[from] Grassy Terrain\n|-sideend|p1: kfjtdhynd|move: Tailwind\n|upkeep\n|turn|7\n|\n|t:|1730393767\n|move|p1b: Rillaboom|Fake Out|p2b: Sneasler\n|-damage|p2b: Sneasler|55\/100\n|cant|p2b: Sneasler|flinch\n|move|p1a: Archaludon|Dragon Pulse|p2b: Sneasler\n|-damage|p2b: Sneasler|0 fnt\n|faint|p2b: Sneasler\n|-damage|p1a: Archaludon|88\/100|[from] item: Life Orb\n|move|p2a: Annihilape|Bulk Up|p2a: Annihilape\n|-boost|p2a: Annihilape|atk|1\n|-boost|p2a: Annihilape|def|1\n|\n|-heal|p1a: Archaludon|94\/100|[from] Grassy Terrain\n|-heal|p1b: Rillaboom|36\/100|[from] Grassy Terrain\n|upkeep\n|turn|8\n|inactive|kfjtdhynd has 30 seconds left.\n|\n|t:|1730393793\n|move|p1a: Archaludon|Dragon Pulse|p2a: Annihilape\n|-damage|p2a: Annihilape|59\/100\n|-damage|p1a: Archaludon|85\/100|[from] item: Life Orb\n|move|p2a: Annihilape|Bulk Up|p2a: Annihilape\n|-boost|p2a: Annihilape|atk|1\n|-boost|p2a: Annihilape|def|1\n|move|p1b: Rillaboom|Wood Hammer|p2a: Annihilape\n|-damage|p2a: Annihilape|35\/100\n|-damage|p1b: Rillaboom|28\/100|[from] Recoil\n|\n|-heal|p1a: Archaludon|91\/100|[from] Grassy Terrain\n|-heal|p2a: Annihilape|41\/100|[from] Grassy Terrain\n|-heal|p2a: Annihilape|47\/100|[from] item: Leftovers\n|-heal|p1b: Rillaboom|33\/100|[from] Grassy Terrain\n|upkeep\n|turn|9\n|\n|t:|1730393802\n|move|p1b: Rillaboom|Grassy Glide|p2a: Annihilape\n|-damage|p2a: Annihilape|36\/100\n|move|p1a: Archaludon|Dragon Pulse|p2a: Annihilape\n|-damage|p2a: Annihilape|0 fnt\n|faint|p2a: Annihilape\n|-damage|p1a: Archaludon|81\/100|[from] item: Life Orb\n|\n|win|kfjtdhynd\n|raw|kfjtdhynd's rating: 1712 &rarr; <strong>1732<\/strong><br \/>(+20 for winning)\n|raw|Hikawari's rating: 1712 &rarr; <strong>1692<\/strong><br \/>(-20 for losing)\n|l|\u2606kfjtdhynd\n|player|p1|\n|l|\u2606Hikawari\n|player|p2|\n|l| Conquistatore\n","uploadtime":1730394016,"views":18,"formatid":"gen9vgc2024regh","rating":1692,"private":0,"password":null}