{"id":"gen9vgc2024regh-2234934417","format":"[Gen 9] VGC 2024 Reg H","players":["ren122333","chiitancrazymascot"],"log":"|j|\u2606ren122333\n|j|\u2606chiitancrazymascot\n|t:|1730404235\n|gametype|doubles\n|player|p1|ren122333|hilbert|1723\n|player|p2|chiitancrazymascot|pokemaniac|1730\n|teamsize|p1|6\n|teamsize|p2|6\n|gen|9\n|tier|[Gen 9] VGC 2024 Reg H\n|rated|\n|rule|Species Clause: Limit one of each Pok\u00e9mon\n|rule|Item Clause: Limit 1 of each item\n|clearpoke\n|poke|p1|Whimsicott, L50, M|\n|poke|p1|Mamoswine, L50, F|\n|poke|p1|Lycanroc-Dusk, L50, M|\n|poke|p1|Typhlosion-Hisui, L50, M|\n|poke|p1|Farigiraf, L50, F|\n|poke|p1|Mienshao, L50, M|\n|poke|p2|Annihilape, L50, F|\n|poke|p2|Dondozo, L50, F|\n|poke|p2|Maushold-Four, L50|\n|poke|p2|Gholdengo, L50|\n|poke|p2|Whimsicott, L50, M|\n|poke|p2|Tatsugiri, L50, F|\n|teampreview|4\n|inactive|Battle timer is ON: inactive players will automatically lose when time's up. (requested by chiitancrazymascot)\n|\n|t:|1730404249\n|start\n|switch|p1a: Whimsicott|Whimsicott, L50, M|100\/100\n|switch|p1b: Lycanroc|Lycanroc-Dusk, L50, M|100\/100\n|switch|p2a: Maushold|Maushold-Four, L50|100\/100\n|switch|p2b: Annihilape|Annihilape, L50, F, shiny|100\/100\n|turn|1\n|\n|t:|1730404272\n|move|p1a: Whimsicott|Tailwind|p1a: Whimsicott\n|-sidestart|p1: ren122333|move: Tailwind\n|move|p1b: Lycanroc|Play Rough|p2b: Annihilape\n|-supereffective|p2b: Annihilape\n|-damage|p2b: Annihilape|11\/100\n|-enditem|p2b: Annihilape|Sitrus Berry|[eat]\n|-heal|p2b: Annihilape|36\/100|[from] item: Sitrus Berry\n|move|p2a: Maushold|Beat Up|p2b: Annihilape\n|-damage|p2b: Annihilape|34\/100\n|-damage|p2b: Annihilape|32\/100\n|-damage|p2b: Annihilape|30\/100\n|-damage|p2b: Annihilape|28\/100\n|-hitcount|p2b: Annihilape|4\n|move|p2b: Annihilape|Rage Fist|p1a: Whimsicott\n|-enditem|p1a: Whimsicott|Focus Sash\n|-damage|p1a: Whimsicott|1\/100\n|\n|upkeep\n|turn|2\n|\n|t:|1730404291\n|move|p2a: Maushold|Follow Me|p2a: Maushold\n|-singleturn|p2a: Maushold|move: Follow Me\n|move|p1a: Whimsicott|Moonblast|p2a: Maushold\n|-damage|p2a: Maushold|60\/100\n|move|p1b: Lycanroc|Play Rough|p2a: Maushold\n|-damage|p2a: Maushold|0 fnt\n|faint|p2a: Maushold\n|move|p2b: Annihilape|Drain Punch|p1b: Lycanroc\n|-supereffective|p1b: Lycanroc\n|-damage|p1b: Lycanroc|0 fnt\n|-heal|p2b: Annihilape|63\/100|[from] drain|[of] p1b: Lycanroc\n|faint|p1b: Lycanroc\n|\n|upkeep\n|\n|t:|1730404301\n|switch|p2a: Dondozo|Dondozo, L50, F, shiny|100\/100\n|switch|p1b: Mamoswine|Mamoswine, L50, F|100\/100\n|turn|3\n|\n|t:|1730404308\n|switch|p2b: Tatsugiri|Tatsugiri, L50, F, shiny|100\/100\n|-activate|p2b: Tatsugiri|ability: Commander|[of] p2a: Dondozo\n|-boost|p2a: Dondozo|atk|2\n|-boost|p2a: Dondozo|spa|2\n|-boost|p2a: Dondozo|spe|2\n|-boost|p2a: Dondozo|def|2\n|-boost|p2a: Dondozo|spd|2\n|-terastallize|p1b: Mamoswine|Grass\n|move|p1a: Whimsicott|Moonblast|p2b: Tatsugiri|[miss]\n|-miss|p1a: Whimsicott|p2b: Tatsugiri\n|move|p1b: Mamoswine|High Horsepower|p2b: Tatsugiri|[miss]\n|-miss|p1b: Mamoswine|p2b: Tatsugiri\n|move|p2a: Dondozo|Wave Crash|p1a: Whimsicott\n|-resisted|p1a: Whimsicott\n|-damage|p1a: Whimsicott|0 fnt\n|faint|p1a: Whimsicott\n|-damage|p2a: Dondozo|99\/100|[from] Recoil\n|\n|-heal|p2a: Dondozo|100\/100|[from] item: Leftovers\n|upkeep\n|\n|t:|1730404311\n|switch|p1a: Mienshao|Mienshao, L50, M|100\/100\n|turn|4\n|\n|t:|1730404316\n|move|p2a: Dondozo|Protect|p2a: Dondozo\n|-singleturn|p2a: Dondozo|Protect\n|move|p1a: Mienshao|Knock Off|p2a: Dondozo\n|-activate|p2a: Dondozo|move: Protect\n|move|p1b: Mamoswine|Haze|p1b: Mamoswine\n|-clearallboost\n|\n|-sideend|p1: ren122333|move: Tailwind\n|upkeep\n|turn|5\n|\n|t:|1730404327\n|move|p1a: Mienshao|Close Combat|p2a: Dondozo\n|-damage|p2a: Dondozo|41\/100\n|-unboost|p1a: Mienshao|def|1\n|-unboost|p1a: Mienshao|spd|1\n|-damage|p1a: Mienshao|90\/100|[from] item: Life Orb\n|move|p1b: Mamoswine|Tera Blast|p2a: Dondozo|[anim] Tera Blast Grass\n|-supereffective|p2a: Dondozo\n|-damage|p2a: Dondozo|0 fnt\n|faint|p2a: Dondozo\n|\n|upkeep\n|\n|t:|1730404331\n|switch|p2a: Annihilape|Annihilape, L50, F, shiny|63\/100\n|turn|6\n|inactive|chiitancrazymascot has 30 seconds left.\n|inactive|ren122333 has 30 seconds left.\n|inactive|chiitancrazymascot has 20 seconds left.\n|inactive|chiitancrazymascot has 15 seconds left.\n|\n|t:|1730404376\n|move|p2b: Tatsugiri|Icy Wind|p1b: Mamoswine|[spread] p1a,p1b\n|-supereffective|p1b: Mamoswine\n|-damage|p1a: Mienshao|50\/100\n|-damage|p1b: Mamoswine|59\/100\n|-unboost|p1a: Mienshao|spe|1\n|-unboost|p1b: Mamoswine|spe|1\n|move|p2a: Annihilape|Rage Fist|p1b: Mamoswine\n|-damage|p1b: Mamoswine|0 fnt\n|faint|p1b: Mamoswine\n|move|p1a: Mienshao|Knock Off|p2a: Annihilape\n|-damage|p2a: Annihilape|36\/100\n|-damage|p1a: Mienshao|40\/100|[from] item: Life Orb\n|\n|upkeep\n|turn|7\n|-message|ren122333 forfeited.\n|\n|win|chiitancrazymascot\n|raw|ren122333's rating: 1723 &rarr; <strong>1703<\/strong><br \/>(-20 for losing)\n|raw|chiitancrazymascot's rating: 1730 &rarr; <strong>1750<\/strong><br \/>(+20 for winning)\n|l|\u2606ren122333\n|player|p1|\n","uploadtime":1730404389,"views":26,"formatid":"gen9vgc2024regh","rating":1703,"private":0,"password":null}