{"id":"gen9vgc2024regh-2234629057","format":"[Gen 9] VGC 2024 Reg H","players":["ilmeeze","LilTic"],"log":"|j|\u203dilmeeze\n|j|\u2606LilTic\n|t:|1730372172\n|gametype|doubles\n|player|p1|ilmeeze|pokefan-gen4|1717\n|player|p2|LilTic|ninjaboy|1735\n|teamsize|p1|6\n|teamsize|p2|6\n|gen|9\n|tier|[Gen 9] VGC 2024 Reg H\n|rated|\n|rule|Species Clause: Limit one of each Pok\u00e9mon\n|rule|Item Clause: Limit 1 of each item\n|clearpoke\n|poke|p1|Primarina, L50, M|\n|poke|p1|Farigiraf, L50, M|\n|poke|p1|Ursaluna-Bloodmoon, L50, M|\n|poke|p1|Tauros-Paldea-Blaze, L50, M|\n|poke|p1|Meowscarada, L50, M|\n|poke|p1|Magmar, L50, F|\n|poke|p2|Indeedee, L50, M|\n|poke|p2|Sneasler, L50, M|\n|poke|p2|Excadrill, L50, M|\n|poke|p2|Magmar, L50, M|\n|poke|p2|Corviknight, L50, M|\n|poke|p2|Tyranitar, L50, F|\n|teampreview|4\n|inactive|Battle timer is ON: inactive players will automatically lose when time's up. (requested by ilmeeze)\n|\n|t:|1730372215\n|start\n|switch|p1a: Tauros|Tauros-Paldea-Blaze, L50, M|100\/100\n|switch|p1b: Primarina|Primarina, L50, M|100\/100\n|switch|p2a: Indeedee|Indeedee, L50, M|100\/100\n|switch|p2b: Sneasler|Sneasler, L50, M|100\/100\n|-fieldstart|move: Psychic Terrain|[from] ability: Psychic Surge|[of] p2a: Indeedee\n|-ability|p1a: Tauros|Intimidate|boost\n|-unboost|p2a: Indeedee|atk|1\n|-unboost|p2b: Sneasler|atk|1\n|-enditem|p2b: Sneasler|White Herb\n|-clearnegativeboost|p2b: Sneasler|[silent]\n|turn|1\n|inactive|ilmeeze has 30 seconds left.\n|\n|t:|1730372250\n|-terastallize|p1a: Tauros|Dark\n|move|p1b: Primarina|Protect|p1b: Primarina\n|-singleturn|p1b: Primarina|Protect\n|move|p2b: Sneasler|Dire Claw|p1b: Primarina\n|-activate|p1b: Primarina|move: Protect\n|move|p2a: Indeedee|Expanding Force|p1b: Primarina|[spread] \n|-activate|p1b: Primarina|move: Protect\n|-immune|p1a: Tauros\n|move|p1a: Tauros|Raging Bull|p2a: Indeedee\n|-damage|p2a: Indeedee|2\/100\n|\n|upkeep\n|turn|2\n|j| kyocat7\n|inactive|LilTic has 30 seconds left.\n|inactive|LilTic has 20 seconds left.\n|\n|t:|1730372287\n|move|p1a: Tauros|Protect|p1a: Tauros\n|-singleturn|p1a: Tauros|Protect\n|move|p2b: Sneasler|Dire Claw|p1b: Primarina\n|-supereffective|p1b: Primarina\n|-damage|p1b: Primarina|0 fnt\n|faint|p1b: Primarina\n|move|p2a: Indeedee|Expanding Force|p1a: Tauros\n|-activate|p1a: Tauros|move: Protect\n|\n|upkeep\n|\n|t:|1730372296\n|switch|p1b: Farigiraf|Farigiraf, L50, M|100\/100\n|turn|3\n|\n|t:|1730372303\n|move|p1a: Tauros|Protect||[still]\n|-fail|p1a: Tauros\n|move|p2b: Sneasler|Close Combat|p1a: Tauros\n|-supereffective|p1a: Tauros\n|-crit|p1a: Tauros\n|-damage|p1a: Tauros|0 fnt\n|-unboost|p2b: Sneasler|def|1\n|-unboost|p2b: Sneasler|spd|1\n|faint|p1a: Tauros\n|move|p2a: Indeedee|Expanding Force|p1b: Farigiraf\n|-resisted|p1b: Farigiraf\n|-damage|p1b: Farigiraf|61\/100\n|move|p1b: Farigiraf|Trick Room|p1b: Farigiraf\n|-fieldstart|move: Trick Room|[of] p1b: Farigiraf\n|\n|upkeep\n|\n|t:|1730372314\n|switch|p1a: Ursaluna|Ursaluna-Bloodmoon, L50, M|100\/100\n|turn|4\n|\n|t:|1730372325\n|move|p1a: Ursaluna|Hyper Voice|p2b: Sneasler|[spread] p2a,p2b\n|-damage|p2a: Indeedee|0 fnt\n|-damage|p2b: Sneasler|8\/100\n|faint|p2a: Indeedee\n|move|p1b: Farigiraf|Hyper Voice|p2b: Sneasler\n|-damage|p2b: Sneasler|0 fnt\n|faint|p2b: Sneasler\n|\n|upkeep\n|\n|t:|1730372330\n|switch|p2a: Corviknight|Corviknight, L50, M|100\/100\n|switch|p2b: Tyranitar|Tyranitar, L50, F|100\/100\n|-weather|Sandstorm|[from] ability: Sand Stream|[of] p2b: Tyranitar\n|-enditem|p2a: Corviknight|Psychic Seed\n|-boost|p2a: Corviknight|spd|1|[from] item: Psychic Seed\n|turn|5\n|-message|ilmeeze forfeited.\n|\n|win|LilTic\n|raw|ilmeeze's rating: 1717 &rarr; <strong>1698<\/strong><br \/>(-19 for losing)\n|raw|LilTic's rating: 1735 &rarr; <strong>1754<\/strong><br \/>(+19 for winning)\n|l|\u203dilmeeze\n|player|p1|\n|l|\u2606LilTic\n|player|p2|\n","uploadtime":1730372502,"views":22,"formatid":"gen9vgc2024regh","rating":1698,"private":0,"password":null}