{"id":"gen9vgc2024regh-2234837730","format":"[Gen 9] VGC 2024 Reg H","players":["Zetez","Diestoise"],"log":"|j|\u2606Zetez\n|j|\u2606Diestoise\n|t:|1730394756\n|gametype|doubles\n|player|p1|Zetez|veteran|1660\n|player|p2|Diestoise|blue|1709\n|teamsize|p1|6\n|teamsize|p2|6\n|gen|9\n|tier|[Gen 9] VGC 2024 Reg H\n|rated|\n|rule|Species Clause: Limit one of each Pok\u00e9mon\n|rule|Item Clause: Limit 1 of each item\n|clearpoke\n|poke|p1|Annihilape, L50, F|\n|poke|p1|Sneasler, L50, M|\n|poke|p1|Dragonite, L50, F|\n|poke|p1|Indeedee, L50, M|\n|poke|p1|Whimsicott, L50, M|\n|poke|p1|Ursaluna-Bloodmoon, L50, M|\n|poke|p2|Tyranitar, L50, F|\n|poke|p2|Garchomp, L50, M|\n|poke|p2|Hydreigon, L50, F|\n|poke|p2|Primarina, L50, M|\n|poke|p2|Corviknight, L50, F|\n|poke|p2|Amoonguss, L50, F|\n|teampreview|4\n|\n|t:|1730394788\n|start\n|switch|p1a: Indeedee|Indeedee, L50, M|100\/100\n|switch|p1b: Sneasler|Sneasler, L50, M|100\/100\n|switch|p2a: Hydreigon|Hydreigon, L50, F|100\/100\n|switch|p2b: Garchomp|Garchomp, L50, M|100\/100\n|-fieldstart|move: Psychic Terrain|[from] ability: Psychic Surge|[of] p1a: Indeedee\n|-enditem|p1b: Sneasler|Psychic Seed\n|-boost|p1b: Sneasler|spd|1|[from] item: Psychic Seed\n|turn|1\n|\n|t:|1730394813\n|-terastallize|p1a: Indeedee|Fairy\n|-terastallize|p2a: Hydreigon|Fire\n|move|p1b: Sneasler|Close Combat|p2b: Garchomp\n|-damage|p2b: Garchomp|25\/100\n|-unboost|p1b: Sneasler|def|1\n|-unboost|p1b: Sneasler|spd|1\n|-damage|p1b: Sneasler|88\/100|[from] ability: Rough Skin|[of] p2b: Garchomp\n|move|p1a: Indeedee|Dazzling Gleam|p2b: Garchomp|[spread] p2a,p2b\n|-resisted|p2a: Hydreigon\n|-supereffective|p2b: Garchomp\n|-damage|p2a: Hydreigon|83\/100\n|-damage|p2b: Garchomp|0 fnt\n|faint|p2b: Garchomp\n|move|p2a: Hydreigon|Snarl|p1b: Sneasler|[spread] p1a,p1b\n|-resisted|p1a: Indeedee\n|-resisted|p1b: Sneasler\n|-damage|p1a: Indeedee|87\/100\n|-damage|p1b: Sneasler|74\/100\n|-unboost|p1a: Indeedee|spa|1\n|-unboost|p1b: Sneasler|spa|1\n|\n|upkeep\n|\n|t:|1730394835\n|switch|p2b: Corviknight|Corviknight, L50, F, shiny|100\/100\n|turn|2\n|\n|t:|1730394857\n|switch|p1a: Whimsicott|Whimsicott, L50, M|100\/100\n|move|p1b: Sneasler|Close Combat|p2b: Corviknight\n|-damage|p2b: Corviknight|44\/100\n|-unboost|p1b: Sneasler|def|1\n|-unboost|p1b: Sneasler|spd|1\n|move|p2a: Hydreigon|Heat Wave|p1b: Sneasler|[spread] p1a,p1b\n|-supereffective|p1a: Whimsicott\n|-enditem|p1a: Whimsicott|Focus Sash\n|-damage|p1a: Whimsicott|1\/100\n|-damage|p1b: Sneasler|4\/100\n|move|p2b: Corviknight|Tailwind|p2b: Corviknight\n|-sidestart|p2: Diestoise|move: Tailwind\n|\n|-heal|p2b: Corviknight|50\/100|[from] item: Leftovers\n|upkeep\n|turn|3\n|\n|t:|1730394883\n|move|p1a: Whimsicott|Tailwind|p1a: Whimsicott\n|-sidestart|p1: Zetez|move: Tailwind\n|move|p1b: Sneasler|Close Combat|p2b: Corviknight\n|-damage|p2b: Corviknight|0 fnt\n|-unboost|p1b: Sneasler|def|1\n|-unboost|p1b: Sneasler|spd|1\n|faint|p2b: Corviknight\n|move|p2a: Hydreigon|Snarl|p1a: Whimsicott|[spread] p1a,p1b\n|-resisted|p1a: Whimsicott\n|-resisted|p1b: Sneasler\n|-damage|p1a: Whimsicott|0 fnt\n|-damage|p1b: Sneasler|0 fnt\n|faint|p1a: Whimsicott\n|faint|p1b: Sneasler\n|\n|upkeep\n|\n|t:|1730394897\n|switch|p1a: Indeedee|Indeedee, L50, M, tera:Fairy|87\/100\n|switch|p1b: Dragonite|Dragonite, L50, F|100\/100\n|switch|p2b: Primarina|Primarina, L50, M, shiny|100\/100\n|turn|4\n|\n|t:|1730394914\n|move|p2b: Primarina|Protect|p2b: Primarina\n|-singleturn|p2b: Primarina|Protect\n|move|p1a: Indeedee|Expanding Force|p2b: Primarina|[spread] p2a\n|-activate|p2b: Primarina|move: Protect\n|-damage|p2a: Hydreigon|19\/100\n|move|p2a: Hydreigon|Snarl|p1a: Indeedee|[spread] p1a,p1b\n|-resisted|p1a: Indeedee\n|-damage|p1a: Indeedee|74\/100\n|-damage|p1b: Dragonite|91\/100\n|-unboost|p1a: Indeedee|spa|1\n|-unboost|p1b: Dragonite|spa|1\n|move|p1b: Dragonite|Scale Shot|p2a: Hydreigon\n|-damage|p2a: Hydreigon|1\/100\n|-damage|p2a: Hydreigon|0 fnt\n|faint|p2a: Hydreigon\n|-hitcount|p2: Hydreigon|2\n|-unboost|p1b: Dragonite|def|1\n|-boost|p1b: Dragonite|spe|1\n|\n|upkeep\n|turn|5\n|\n|t:|1730394943\n|move|p1b: Dragonite|Protect|p1b: Dragonite\n|-singleturn|p1b: Dragonite|Protect\n|move|p1a: Indeedee|Expanding Force|p2b: Primarina\n|-damage|p2b: Primarina|57\/100\n|move|p2b: Primarina|Moonblast|p1a: Indeedee\n|-damage|p1a: Indeedee|13\/100\n|-unboost|p1a: Indeedee|spa|1\n|\n|-sideend|p2: Diestoise|move: Tailwind\n|-fieldend|move: Psychic Terrain\n|upkeep\n|turn|6\n|\n|t:|1730394966\n|move|p1b: Dragonite|Extreme Speed|p2b: Primarina\n|-damage|p2b: Primarina|21\/100\n|move|p1a: Indeedee|Expanding Force|p2b: Primarina\n|-damage|p2b: Primarina|5\/100\n|move|p2b: Primarina|Hyper Voice|p1b: Dragonite|[spread] p1a,p1b\n|-resisted|p1b: Dragonite\n|-damage|p1a: Indeedee|0 fnt\n|-damage|p1b: Dragonite|75\/100\n|faint|p1a: Indeedee\n|-enditem|p2b: Primarina|Throat Spray\n|-boost|p2b: Primarina|spa|1|[from] item: Throat Spray\n|\n|-sideend|p1: Zetez|move: Tailwind\n|upkeep\n|turn|7\n|\n|t:|1730394980\n|move|p1b: Dragonite|Extreme Speed|p2b: Primarina\n|-damage|p2b: Primarina|0 fnt\n|faint|p2b: Primarina\n|\n|win|Zetez\n|raw|Zetez's rating: 1660 &rarr; <strong>1683<\/strong><br \/>(+23 for winning)\n|raw|Diestoise's rating: 1709 &rarr; <strong>1686<\/strong><br \/>(-23 for losing)\n|l|\u2606Diestoise\n|player|p2|\n|l|\u2606Zetez\n|player|p1|\n","uploadtime":1730395126,"views":15,"formatid":"gen9vgc2024regh","rating":1683,"private":0,"password":null}