{"id":"gen9vgc2024regh-2234860847","format":"[Gen 9] VGC 2024 Reg H","players":["chappell murkroan","BrodaxVGC"],"log":"|j|\u2606chappell murkroan\n|j|\u2606BrodaxVGC\n|t:|1730396930\n|gametype|doubles\n|player|p1|chappell murkroan|caitlin|1683\n|player|p2|BrodaxVGC|102|1737\n|teamsize|p1|6\n|teamsize|p2|6\n|gen|9\n|tier|[Gen 9] VGC 2024 Reg H\n|rated|\n|rule|Species Clause: Limit one of each Pok\u00e9mon\n|rule|Item Clause: Limit 1 of each item\n|clearpoke\n|poke|p1|Annihilape, L50, M|\n|poke|p1|Maushold-Four, L50|\n|poke|p1|Armarouge, L50, M|\n|poke|p1|Indeedee-F, L50, F|\n|poke|p1|Torkoal, L50, M|\n|poke|p1|Ursaluna, L50, F|\n|poke|p2|Gholdengo, L50|\n|poke|p2|Incineroar, L50, M|\n|poke|p2|Rillaboom, L50, F|\n|poke|p2|Pelipper, L50, M|\n|poke|p2|Basculegion, L50, M|\n|poke|p2|Archaludon, L50, M|\n|teampreview|4\n|inactive|Battle timer is ON: inactive players will automatically lose when time's up. (requested by chappell murkroan)\n|\n|t:|1730396957\n|start\n|switch|p1a: Armarouge|Armarouge, L50, M|100\/100\n|switch|p1b: Annihilape|Annihilape, L50, M|100\/100\n|switch|p2a: Archaludon|Archaludon, L50, M|100\/100\n|switch|p2b: Gholdengo|Gholdengo, L50|100\/100\n|turn|1\n|inactive|chappell murkroan has 30 seconds left.\n|\n|t:|1730396985\n|-terastallize|p1a: Armarouge|Psychic\n|move|p1b: Annihilape|U-turn|p1a: Armarouge\n|-supereffective|p1a: Armarouge\n|-damage|p1a: Armarouge|52\/100\n|-ability|p1a: Armarouge|Weak Armor|boost\n|-unboost|p1a: Armarouge|def|1\n|-boost|p1a: Armarouge|spe|2\n|-enditem|p1a: Armarouge|Weakness Policy\n|-boost|p1a: Armarouge|atk|2|[from] item: Weakness Policy\n|-boost|p1a: Armarouge|spa|2|[from] item: Weakness Policy\n|\n|t:|1730396993\n|switch|p1b: Indeedee|Indeedee-F, L50, F|100\/100|[from] U-turn\n|-fieldstart|move: Psychic Terrain|[from] ability: Psychic Surge|[of] p1b: Indeedee\n|move|p1a: Armarouge|Aura Sphere|p2a: Archaludon\n|-supereffective|p2a: Archaludon\n|-damage|p2a: Archaludon|14\/100\n|-ability|p2a: Archaludon|Stamina|boost\n|-boost|p2a: Archaludon|def|1\n|move|p2b: Gholdengo|Shadow Ball|p1b: Indeedee\n|-immune|p1b: Indeedee\n|move|p2a: Archaludon|Snarl|p1b: Indeedee|[spread] p1a,p1b\n|-supereffective|p1a: Armarouge\n|-supereffective|p1b: Indeedee\n|-damage|p1a: Armarouge|12\/100\n|-damage|p1b: Indeedee|73\/100\n|-unboost|p1a: Armarouge|spa|1\n|-unboost|p1b: Indeedee|spa|1\n|\n|upkeep\n|turn|2\n|inactive|BrodaxVGC has 30 seconds left.\n|\n|t:|1730397023\n|switch|p2a: Pelipper|Pelipper, L50, M|100\/100\n|-weather|RainDance|[from] ability: Drizzle|[of] p2a: Pelipper\n|move|p1b: Indeedee|Helping Hand|p1a: Armarouge\n|-singleturn|p1a: Armarouge|Helping Hand|[of] p1b: Indeedee\n|move|p1a: Armarouge|Expanding Force|p2a: Pelipper|[spread] p2a,p2b\n|-resisted|p2b: Gholdengo\n|-enditem|p2a: Pelipper|Focus Sash\n|-damage|p2a: Pelipper|1\/100\n|-damage|p2b: Gholdengo|4\/100\n|move|p2b: Gholdengo|Make It Rain|p1a: Armarouge|[spread] p1a,p1b\n|-damage|p1a: Armarouge|0 fnt\n|-damage|p1b: Indeedee|28\/100\n|-unboost|p2b: Gholdengo|spa|1\n|faint|p1a: Armarouge\n|\n|-weather|RainDance|[upkeep]\n|-heal|p2b: Gholdengo|10\/100|[from] item: Leftovers\n|upkeep\n|\n|t:|1730397037\n|switch|p1a: Annihilape|Annihilape, L50, M|100\/100\n|turn|3\n|inactive|BrodaxVGC has 30 seconds left.\n|\n|t:|1730397066\n|move|p1b: Indeedee|Follow Me|p1b: Indeedee\n|-singleturn|p1b: Indeedee|move: Follow Me\n|move|p1a: Annihilape|Rage Fist|p2a: Pelipper\n|-damage|p2a: Pelipper|0 fnt\n|faint|p2a: Pelipper\n|move|p2b: Gholdengo|Make It Rain|p1b: Indeedee|[spread] p1a,p1b\n|-crit|p1a: Annihilape\n|-damage|p1a: Annihilape|44\/100\n|-damage|p1b: Indeedee|0 fnt\n|-unboost|p2b: Gholdengo|spa|1\n|faint|p1b: Indeedee\n|\n|-weather|RainDance|[upkeep]\n|-heal|p2b: Gholdengo|16\/100|[from] item: Leftovers\n|upkeep\n|\n|t:|1730397082\n|switch|p2a: Archaludon|Archaludon, L50, M|14\/100\n|switch|p1b: Ursaluna|Ursaluna, L50, F|100\/100\n|turn|4\n|\n|t:|1730397096\n|move|p1a: Annihilape|Rage Fist|p2a: Archaludon\n|-damage|p2a: Archaludon|0 fnt\n|faint|p2a: Archaludon\n|move|p2b: Gholdengo|Shadow Ball|p1a: Annihilape\n|-supereffective|p1a: Annihilape\n|-damage|p1a: Annihilape|7\/100\n|move|p1b: Ursaluna|Headlong Rush|p2b: Gholdengo\n|-supereffective|p2b: Gholdengo\n|-damage|p2b: Gholdengo|0 fnt\n|-unboost|p1b: Ursaluna|def|1\n|-unboost|p1b: Ursaluna|spd|1\n|faint|p2b: Gholdengo\n|\n|-weather|RainDance|[upkeep]\n|-status|p1b: Ursaluna|brn|[from] item: Flame Orb\n|upkeep\n|\n|t:|1730397107\n|switch|p2b: Basculegion|Basculegion, L50, M|100\/100\n|turn|5\n|\n|t:|1730397123\n|-terastallize|p2b: Basculegion|Water\n|move|p2b: Basculegion|Flip Turn|p1b: Ursaluna\n|-supereffective|p1b: Ursaluna\n|-damage|p1b: Ursaluna|0 fnt\n|faint|p1b: Ursaluna\n|move|p1a: Annihilape|Rage Fist|p2b: Basculegion\n|-damage|p2b: Basculegion|10\/100\n|\n|-weather|RainDance|[upkeep]\n|-fieldend|move: Psychic Terrain\n|upkeep\n|turn|6\n|\n|t:|1730397135\n|move|p2b: Basculegion|Flip Turn|p1a: Annihilape\n|-damage|p1a: Annihilape|0 fnt\n|faint|p1a: Annihilape\n|\n|win|BrodaxVGC\n|raw|chappell murkroan's rating: 1683 &rarr; <strong>1666<\/strong><br \/>(-17 for losing)\n|raw|BrodaxVGC's rating: 1737 &rarr; <strong>1754<\/strong><br \/>(+17 for winning)\n|l|\u2606BrodaxVGC\n|player|p2|\n|l|\u2606chappell murkroan\n|player|p1|\n","uploadtime":1730397344,"views":17,"formatid":"gen9vgc2024regh","rating":1666,"private":0,"password":null}