{"id":"gen9vgc2024regh-2234626818","format":"[Gen 9] VGC 2024 Reg H","players":["testProto","LilTic"],"log":"|j|\u2606testProto\n|j|\u2606LilTic\n|t:|1730371801\n|gametype|doubles\n|player|p1|testProto|1|1661\n|player|p2|LilTic|ninjaboy|1778\n|teamsize|p1|6\n|teamsize|p2|6\n|gen|9\n|tier|[Gen 9] VGC 2024 Reg H\n|rated|\n|rule|Species Clause: Limit one of each Pok\u00e9mon\n|rule|Item Clause: Limit 1 of each item\n|clearpoke\n|poke|p1|Archaludon, L50, M|\n|poke|p1|Porygon2, L50|\n|poke|p1|Pelipper, L50, F|\n|poke|p1|Amoonguss, L50, M|\n|poke|p1|Vikavolt, L50, M|\n|poke|p1|Ursaluna, L50, F|\n|poke|p2|Indeedee, L50, M|\n|poke|p2|Sneasler, L50, F|\n|poke|p2|Excadrill, L50, F|\n|poke|p2|Magmar, L50, F|\n|poke|p2|Corviknight, L50, F|\n|poke|p2|Tyranitar, L50, F|\n|teampreview|4\n|inactive|Battle timer is ON: inactive players will automatically lose when time's up. (requested by testProto)\n|\n|t:|1730371844\n|start\n|switch|p1a: Porygon2|Porygon2, L50|100\/100\n|switch|p1b: Ursaluna|Ursaluna, L50, F|100\/100\n|switch|p2a: Tyranitar|Tyranitar, L50, F|100\/100\n|switch|p2b: Sneasler|Sneasler, L50, F|100\/100\n|-weather|Sandstorm|[from] ability: Sand Stream|[of] p2a: Tyranitar\n|-ability|p1a: Porygon2|Download|boost\n|-boost|p1a: Porygon2|atk|1\n|turn|1\n|\n|t:|1730371859\n|-terastallize|p1a: Porygon2|Ghost\n|move|p2b: Sneasler|Fake Out|p1a: Porygon2\n|-immune|p1a: Porygon2\n|move|p2a: Tyranitar|Knock Off|p1a: Porygon2\n|-supereffective|p1a: Porygon2\n|-crit|p1a: Porygon2\n|-damage|p1a: Porygon2|16\/100\n|-enditem|p1a: Porygon2|Eviolite|[from] move: Knock Off|[of] p2a: Tyranitar\n|move|p1b: Ursaluna|Close Combat|p2a: Tyranitar\n|-supereffective|p2a: Tyranitar\n|-damage|p2a: Tyranitar|0 fnt\n|-unboost|p1b: Ursaluna|def|1\n|-unboost|p1b: Ursaluna|spd|1\n|faint|p2a: Tyranitar\n|move|p1a: Porygon2|Trick Room|p1a: Porygon2\n|-fieldstart|move: Trick Room|[of] p1a: Porygon2\n|\n|-weather|Sandstorm|[upkeep]\n|-damage|p1a: Porygon2|10\/100|[from] Sandstorm\n|-damage|p2b: Sneasler|95\/100|[from] Sandstorm\n|-status|p1b: Ursaluna|brn|[from] item: Flame Orb\n|upkeep\n|\n|t:|1730371872\n|switch|p2a: Corviknight|Corviknight, L50, F|100\/100\n|turn|2\n|\n|t:|1730371892\n|-terastallize|p2b: Sneasler|Flying\n|move|p1b: Ursaluna|Facade|p2b: Sneasler\n|-damage|p2b: Sneasler|0 fnt\n|faint|p2b: Sneasler\n|move|p1a: Porygon2|Recover|p1a: Porygon2\n|-heal|p1a: Porygon2|60\/100\n|move|p2a: Corviknight|Bulk Up|p2a: Corviknight\n|-boost|p2a: Corviknight|atk|1\n|-boost|p2a: Corviknight|def|1\n|\n|-weather|Sandstorm|[upkeep]\n|-damage|p1a: Porygon2|54\/100|[from] Sandstorm\n|-damage|p1b: Ursaluna|95\/100 brn|[from] brn\n|upkeep\n|\n|t:|1730371897\n|switch|p2b: Indeedee|Indeedee, L50, M|100\/100\n|-fieldstart|move: Psychic Terrain|[from] ability: Psychic Surge|[of] p2b: Indeedee\n|-enditem|p2a: Corviknight|Psychic Seed\n|-boost|p2a: Corviknight|spd|1|[from] item: Psychic Seed\n|turn|3\n|\n|t:|1730371911\n|move|p1b: Ursaluna|Facade|p2b: Indeedee\n|-damage|p2b: Indeedee|0 fnt\n|faint|p2b: Indeedee\n|move|p1a: Porygon2|Tri Attack|p2a: Corviknight\n|-resisted|p2a: Corviknight\n|-damage|p2a: Corviknight|89\/100\n|move|p2a: Corviknight|Bulk Up|p2a: Corviknight\n|-boost|p2a: Corviknight|atk|1\n|-boost|p2a: Corviknight|def|1\n|\n|-weather|Sandstorm|[upkeep]\n|-damage|p1a: Porygon2|49\/100|[from] Sandstorm\n|-damage|p1b: Ursaluna|89\/100 brn|[from] brn\n|upkeep\n|turn|4\n|\n|t:|1730371926\n|switch|p1b: Pelipper|Pelipper, L50, F|100\/100\n|-weather|RainDance|[from] ability: Drizzle|[of] p1b: Pelipper\n|switch|p1a: Archaludon|Archaludon, L50, M|100\/100\n|move|p2a: Corviknight|Bulk Up|p2a: Corviknight\n|-boost|p2a: Corviknight|atk|1\n|-boost|p2a: Corviknight|def|1\n|\n|-weather|RainDance|[upkeep]\n|upkeep\n|turn|5\n|\n|t:|1730371939\n|move|p1b: Pelipper|Weather Ball|p2a: Corviknight\n|-damage|p2a: Corviknight|46\/100\n|move|p1a: Archaludon|Electro Shot||[still]\n|-prepare|p1a: Archaludon|Electro Shot\n|-boost|p1a: Archaludon|spa|1\n|-anim|p1a: Archaludon|Electro Shot|p2a: Corviknight\n|-supereffective|p2a: Corviknight\n|-damage|p2a: Corviknight|0 fnt\n|faint|p2a: Corviknight\n|\n|win|testProto\n|raw|testProto's rating: 1661 &rarr; <strong>1687<\/strong><br \/>(+26 for winning)\n|raw|LilTic's rating: 1778 &rarr; <strong>1752<\/strong><br \/>(-26 for losing)\n|l|\u2606LilTic\n|player|p2|\n|l|\u2606testProto\n|player|p1|\n","uploadtime":1730372082,"views":15,"formatid":"gen9vgc2024regh","rating":1687,"private":0,"password":null}