{"id":"gen9vgc2024regh-2234403811","format":"[Gen 9] VGC 2024 Reg H","players":["Hikawari","Diddle08"],"log":"|j|\u2606Hikawari\n|j|\u2606Diddle08\n|t:|1730334219\n|gametype|doubles\n|player|p1|Hikawari|170|1700\n|player|p2|Diddle08|acetrainer|1662\n|teamsize|p1|6\n|teamsize|p2|6\n|gen|9\n|tier|[Gen 9] VGC 2024 Reg H\n|rated|\n|rule|Species Clause: Limit one of each Pok\u00e9mon\n|rule|Item Clause: Limit 1 of each item\n|clearpoke\n|poke|p1|Sneasler, L50, F|\n|poke|p1|Murkrow, L50, M|\n|poke|p1|Gholdengo, L50|\n|poke|p1|Indeedee, L50, M|\n|poke|p1|Annihilape, L50, F|\n|poke|p1|Sinistcha, L50|\n|poke|p2|Blastoise, L50, M|\n|poke|p2|Weezing-Galar, L50, M|\n|poke|p2|Toedscruel, L50, M|\n|poke|p2|Typhlosion-Hisui, L50, F|\n|poke|p2|Meowscarada, L50, M|\n|poke|p2|Dragonite, L50, F|\n|teampreview|4\nDiddle08 has agreed to open team sheets.\n|inactive|Battle timer is ON: inactive players will automatically lose when time's up. (requested by Diddle08)\n|inactive|Diddle08 has 60 seconds left.\n|\n|t:|1730334265\n|start\n|switch|p1a: Sneasler|Sneasler, L50, F, shiny|100\/100\n|switch|p1b: Sinistcha|Sinistcha, L50, shiny|100\/100\n|switch|p2a: Weezing|Weezing-Galar, L50, M, shiny|100\/100\n|switch|p2b: Typhlosion|Typhlosion-Hisui, L50, F|100\/100\n|-ability|p2a: Weezing|Neutralizing Gas\n|turn|1\n|inactive|Hikawari has 30 seconds left.\n|\n|t:|1730334290\n|-terastallize|p1b: Sinistcha|Fire\n|move|p1a: Sneasler|Fake Out|p2b: Typhlosion\n|-immune|p2b: Typhlosion\n|move|p2b: Typhlosion|Eruption|p1b: Sinistcha|[spread] p1a,p1b\n|-resisted|p1b: Sinistcha\n|-damage|p1a: Sneasler|24\/100\n|-damage|p1b: Sinistcha|69\/100\n|move|p1b: Sinistcha|Matcha Gotcha|p2b: Typhlosion|[spread] p2a,p2b\n|-resisted|p2a: Weezing\n|-resisted|p2b: Typhlosion\n|-damage|p2a: Weezing|79\/100\n|-heal|p1b: Sinistcha|79\/100|[from] drain|[of] p2a: Weezing\n|-damage|p2b: Typhlosion|80\/100\n|-heal|p1b: Sinistcha|89\/100|[from] drain|[of] p2b: Typhlosion\n|move|p2a: Weezing|Dazzling Gleam|p1b: Sinistcha|[spread] p1a,p1b\n|-resisted|p1b: Sinistcha\n|-damage|p1a: Sneasler|0 fnt\n|-damage|p1b: Sinistcha|73\/100\n|faint|p1a: Sneasler\n|\n|upkeep\n|\n|t:|1730334296\n|switch|p1a: Annihilape|Annihilape, L50, F, shiny|100\/100\n|turn|2\n|inactive|Diddle08 has 30 seconds left.\n|inactive|Diddle08 has 20 seconds left.\n|\n|t:|1730334332\n|move|p1a: Annihilape|Protect|p1a: Annihilape\n|-singleturn|p1a: Annihilape|Protect\n|move|p2b: Typhlosion|Eruption|p1b: Sinistcha|[spread] p1b\n|-activate|p1a: Annihilape|move: Protect\n|-resisted|p1b: Sinistcha\n|-damage|p1b: Sinistcha|48\/100\n|move|p1b: Sinistcha|Matcha Gotcha|p2b: Typhlosion|[spread] p2a,p2b\n|-resisted|p2a: Weezing\n|-resisted|p2b: Typhlosion\n|-damage|p2a: Weezing|60\/100\n|-heal|p1b: Sinistcha|58\/100|[from] drain|[of] p2a: Weezing\n|-damage|p2b: Typhlosion|59\/100\n|-heal|p1b: Sinistcha|67\/100|[from] drain|[of] p2b: Typhlosion\n|move|p2a: Weezing|Sludge Bomb|p1b: Sinistcha\n|-damage|p1b: Sinistcha|28\/100\n|\n|upkeep\n|turn|3\n|inactive|Hikawari has 30 seconds left.\n|inactive|Diddle08 has 30 seconds left.\n|\n|t:|1730334358\n|switch|p2b: Dragonite|Dragonite, L50, F, shiny|100\/100\n|move|p2a: Weezing|Protect|p2a: Weezing\n|-singleturn|p2a: Weezing|Protect\n|move|p1a: Annihilape|Rage Fist|p2a: Weezing\n|-activate|p2a: Weezing|move: Protect\n|move|p1b: Sinistcha|Matcha Gotcha|p2a: Weezing|[spread] p2b\n|-activate|p2a: Weezing|move: Protect\n|-resisted|p2b: Dragonite\n|-damage|p2b: Dragonite|94\/100\n|-heal|p1b: Sinistcha|32\/100|[from] drain|[of] p2b: Dragonite\n|\n|upkeep\n|turn|4\n|\n|t:|1730334381\n|move|p2b: Dragonite|Scale Shot|p1b: Sinistcha\n|-damage|p1b: Sinistcha|18\/100\n|-damage|p1b: Sinistcha|5\/100\n|-damage|p1b: Sinistcha|0 fnt\n|faint|p1b: Sinistcha\n|-hitcount|p1: Sinistcha|3\n|-unboost|p2b: Dragonite|def|1\n|-boost|p2b: Dragonite|spe|1\n|move|p1a: Annihilape|Rage Fist|p2a: Weezing\n|-damage|p2a: Weezing|42\/100\n|move|p2a: Weezing|Dazzling Gleam|p1a: Annihilape\n|-supereffective|p1a: Annihilape\n|-damage|p1a: Annihilape|42\/100\n|\n|-heal|p1a: Annihilape|48\/100|[from] item: Leftovers\n|upkeep\n|\n|t:|1730334384\n|switch|p1b: Indeedee|Indeedee, L50, M|100\/100\n|turn|5\n|inactive|Diddle08 has 30 seconds left.\n|\n|t:|1730334409\n|move|p1b: Indeedee|Protect|p1b: Indeedee\n|-singleturn|p1b: Indeedee|Protect\n|move|p2a: Weezing|Protect|p2a: Weezing\n|-singleturn|p2a: Weezing|Protect\n|move|p2b: Dragonite|Scale Shot|p1b: Indeedee\n|-activate|p1b: Indeedee|move: Protect\n|move|p1a: Annihilape|Rage Fist|p2b: Dragonite\n|-damage|p2b: Dragonite|31\/100\n|\n|-heal|p1a: Annihilape|53\/100|[from] item: Leftovers\n|upkeep\n|turn|6\n|\n|t:|1730334432\n|-terastallize|p2a: Weezing|Steel\n|move|p2b: Dragonite|Scale Shot|p1b: Indeedee\n|-damage|p1b: Indeedee|69\/100\n|-damage|p1b: Indeedee|38\/100\n|-damage|p1b: Indeedee|6\/100\n|-damage|p1b: Indeedee|0 fnt\n|faint|p1b: Indeedee\n|-hitcount|p1: Indeedee|4\n|-unboost|p2b: Dragonite|def|1\n|-boost|p2b: Dragonite|spe|1\n|move|p1a: Annihilape|Rage Fist|p2b: Dragonite\n|-damage|p2b: Dragonite|0 fnt\n|faint|p2b: Dragonite\n|move|p2a: Weezing|Dazzling Gleam|p1a: Annihilape\n|-supereffective|p1a: Annihilape\n|-damage|p1a: Annihilape|0 fnt\n|faint|p1a: Annihilape\n|\n|win|Diddle08\n|raw|Hikawari's rating: 1700 &rarr; <strong>1678<\/strong><br \/>(-22 for losing)\n|raw|Diddle08's rating: 1662 &rarr; <strong>1684<\/strong><br \/>(+22 for winning)\n|l|\u2606Hikawari\n|player|p1|\n|l|\u2606Diddle08\n|player|p2|\n","uploadtime":1730334599,"views":15,"formatid":"gen9vgc2024regh","rating":1678,"private":0,"password":null}