{"id":"gen9vgc2024regh-2234820041","format":"[Gen 9] VGC 2024 Reg H","players":["ServineX","greenlightdmp"],"log":"|j|\u2606ServineX\n|j|\u2606greenlightdmp\n|t:|1730393100\n|gametype|doubles\n|player|p1|ServineX|1|1661\n|player|p2|greenlightdmp|265|1756\n|teamsize|p1|6\n|teamsize|p2|6\n|gen|9\n|tier|[Gen 9] VGC 2024 Reg H\n|rated|\n|rule|Species Clause: Limit one of each Pok\u00e9mon\n|rule|Item Clause: Limit 1 of each item\n|clearpoke\n|poke|p1|Dondozo, L50, M|\n|poke|p1|Tatsugiri-Droopy, L50, M|\n|poke|p1|Meowscarada, L50, F|\n|poke|p1|Basculegion, L50, M|\n|poke|p1|Pelipper, L50, M|\n|poke|p1|Archaludon, L50, M|\n|poke|p2|Sneasler, L50, M|\n|poke|p2|Murkrow, L50, M|\n|poke|p2|Basculegion, L50, M|\n|poke|p2|Archaludon, L50, F|\n|poke|p2|Indeedee-F, L50, F|\n|poke|p2|Gholdengo, L50|\n|teampreview|4\n|j| bjvgc1\n|j| Kpxbrothers\n|l| bjvgc1\n|j| lswagh\n|j| bjvgc1\n|\n|t:|1730393201\n|start\n|switch|p1a: Dondozo|Dondozo, L50, M|100\/100\n|switch|p1b: Pelipper|Pelipper, L50, M|100\/100\n|switch|p2a: Archaludon|Archaludon, L50, F|100\/100\n|switch|p2b: Slim Shady|Sneasler, L50, M|100\/100\n|-weather|RainDance|[from] ability: Drizzle|[of] p1b: Pelipper\n|turn|1\n|j| mr pogostick\n|\n|t:|1730393240\n|switch|p2a: Raf Camora|Murkrow, L50, M|100\/100\n|move|p1a: Dondozo|Protect|p1a: Dondozo\n|-singleturn|p1a: Dondozo|Protect\n|move|p2b: Slim Shady|Close Combat|p1a: Dondozo\n|-activate|p1a: Dondozo|move: Protect\n|move|p1b: Pelipper|Weather Ball|p2b: Slim Shady\n|-damage|p2b: Slim Shady|13\/100\n|\n|-weather|RainDance|[upkeep]\n|upkeep\n|turn|2\n|c|\u2606ServineX|wait\n|\n|t:|1730393265\n|switch|p2a: Archaludon|Archaludon, L50, F|100\/100\n|switch|p1b: Tatsugiri|Tatsugiri-Droopy, L50, M, shiny|100\/100\n|-activate|p1b: Tatsugiri|ability: Commander|[of] p1a: Dondozo\n|-boost|p1a: Dondozo|atk|2\n|-boost|p1a: Dondozo|spa|2\n|-boost|p1a: Dondozo|spe|2\n|-boost|p1a: Dondozo|def|2\n|-boost|p1a: Dondozo|spd|2\n|-terastallize|p1a: Dondozo|Water\n|move|p1a: Dondozo|Surf|p2a: Archaludon|[spread] p2a,p2b\n|-miss|p1a: Dondozo|p1b: Tatsugiri\n|-resisted|p2a: Archaludon\n|-damage|p2a: Archaludon|62\/100\n|-damage|p2b: Slim Shady|0 fnt\n|-ability|p2a: Archaludon|Stamina|boost\n|-boost|p2a: Archaludon|def|1\n|faint|p2b: Slim Shady\n|-damage|p1a: Dondozo|91\/100|[from] item: Life Orb\n|\n|-weather|RainDance|[upkeep]\n|upkeep\n|c|\u2606ServineX|what\n|c|\u2606ServineX|oh nvm I'm trippin\n|\n|t:|1730393280\n|switch|p2b: Raf Camora|Murkrow, L50, M|100\/100\n|turn|3\n|\n|t:|1730393302\n|move|p2b: Raf Camora|Haze|p2b: Raf Camora\n|-clearallboost\n|move|p2a: Archaludon|Electro Shot||[still]\n|-prepare|p2a: Archaludon|Electro Shot\n|-boost|p2a: Archaludon|spa|1\n|-anim|p2a: Archaludon|Electro Shot|p1a: Dondozo\n|-supereffective|p1a: Dondozo\n|-damage|p1a: Dondozo|1\/100\n|move|p1a: Dondozo|Wave Crash|p2a: Archaludon\n|-resisted|p2a: Archaludon\n|-damage|p2a: Archaludon|25\/100\n|-ability|p2a: Archaludon|Stamina|boost\n|-boost|p2a: Archaludon|def|1\n|-damage|p1a: Dondozo|0 fnt|[from] Recoil\n|faint|p1a: Dondozo\n|\n|-weather|RainDance|[upkeep]\n|upkeep\n|\n|t:|1730393317\n|switch|p1a: Archaludon|Archaludon, L50, M|100\/100\n|turn|4\n|\n|t:|1730393356\n|move|p2b: Raf Camora|Tailwind|p2b: Raf Camora\n|-sidestart|p2: greenlightdmp|move: Tailwind\n|move|p1b: Tatsugiri|Icy Wind|p2b: Raf Camora|[spread] p2a,p2b\n|-supereffective|p2b: Raf Camora\n|-damage|p2a: Archaludon|16\/100\n|-damage|p2b: Raf Camora|74\/100\n|-unboost|p2a: Archaludon|spe|1\n|-unboost|p2b: Raf Camora|spe|1\n|-ability|p2a: Archaludon|Stamina|boost\n|-boost|p2a: Archaludon|def|1\n|move|p2a: Archaludon|Electro Shot||[still]\n|-prepare|p2a: Archaludon|Electro Shot\n|-boost|p2a: Archaludon|spa|1\n|-anim|p2a: Archaludon|Electro Shot|p1b: Tatsugiri\n|-damage|p1b: Tatsugiri|3\/100\n|move|p1a: Archaludon|Body Press|p2a: Archaludon\n|-supereffective|p2a: Archaludon\n|-damage|p2a: Archaludon|0 fnt\n|faint|p2a: Archaludon\n|\n|-weather|RainDance|[upkeep]\n|upkeep\n|\n|t:|1730393372\n|switch|p2a: Gholdengo|Gholdengo, L50|100\/100\n|turn|5\n|\n|t:|1730393435\n|-terastallize|p2a: Gholdengo|Dragon\n|move|p2a: Gholdengo|Make It Rain|p1b: Tatsugiri|[spread] p1a,p1b\n|-resisted|p1a: Archaludon\n|-resisted|p1b: Tatsugiri\n|-damage|p1a: Archaludon|81\/100\n|-damage|p1b: Tatsugiri|0 fnt\n|-unboost|p2a: Gholdengo|spa|1\n|-ability|p1a: Archaludon|Stamina|boost\n|-boost|p1a: Archaludon|def|1\n|faint|p1b: Tatsugiri\n|-damage|p2a: Gholdengo|91\/100|[from] item: Life Orb\n|move|p2b: Raf Camora|Foul Play|p1a: Archaludon\n|-damage|p1a: Archaludon|67\/100\n|-ability|p1a: Archaludon|Stamina|boost\n|-boost|p1a: Archaludon|def|1\n|move|p1a: Archaludon|Electro Shot||[still]\n|-prepare|p1a: Archaludon|Electro Shot\n|-boost|p1a: Archaludon|spa|1\n|-anim|p1a: Archaludon|Electro Shot|p2b: Raf Camora\n|-supereffective|p2b: Raf Camora\n|-damage|p2b: Raf Camora|0 fnt\n|faint|p2b: Raf Camora\n|\n|-weather|RainDance|[upkeep]\n|upkeep\n|-message|greenlightdmp forfeited.\n|\n|win|ServineX\n|raw|ServineX's rating: 1661 &rarr; <strong>1686<\/strong><br \/>(+25 for winning)\n|raw|greenlightdmp's rating: 1756 &rarr; <strong>1731<\/strong><br \/>(-25 for losing)\n|l|\u2606greenlightdmp\n|player|p2|\n|l| Kpxbrothers\n|l| mr pogostick\n|l| bjvgc1\n|l|\u2606ServineX\n|player|p1|\n","uploadtime":1730393600,"views":17,"formatid":"gen9vgc2024regh","rating":1686,"private":0,"password":null}