{"id":"gen9vgc2024regh-2234376917","format":"[Gen 9] VGC 2024 Reg H","players":["chappell murkroan","ren122333"],"log":"|j|\u2606chappell murkroan\n|j|\u2606ren122333\n|t:|1730330939\n|gametype|doubles\n|player|p1|chappell murkroan|caitlin|1665\n|player|p2|ren122333|hilbert|1775\n|teamsize|p1|6\n|teamsize|p2|6\n|gen|9\n|tier|[Gen 9] VGC 2024 Reg H\n|rated|\n|rule|Species Clause: Limit one of each Pok\u00e9mon\n|rule|Item Clause: Limit 1 of each item\n|clearpoke\n|poke|p1|Annihilape, L50, M|\n|poke|p1|Maushold-Four, L50|\n|poke|p1|Armarouge, L50, F|\n|poke|p1|Indeedee-F, L50, F|\n|poke|p1|Torkoal, L50, M|\n|poke|p1|Ursaluna, L50, M|\n|poke|p2|Whimsicott, L50, F|\n|poke|p2|Mamoswine, L50, M|\n|poke|p2|Lycanroc-Dusk, L50, M|\n|poke|p2|Typhlosion-Hisui, L50, F|\n|poke|p2|Farigiraf, L50, M|\n|poke|p2|Mienshao, L50, F|\n|teampreview|4\n|inactive|Battle timer is ON: inactive players will automatically lose when time's up. (requested by chappell murkroan)\n|inactive|chappell murkroan has 60 seconds left.\n|\n|t:|1730330975\n|start\n|switch|p1a: Indeedee|Indeedee-F, L50, F|100\/100\n|switch|p1b: Maushold|Maushold-Four, L50|100\/100\n|switch|p2a: Whimsicott|Whimsicott, L50, F|100\/100\n|switch|p2b: Mienshao|Mienshao, L50, F|100\/100\n|-fieldstart|move: Psychic Terrain|[from] ability: Psychic Surge|[of] p1a: Indeedee\n|turn|1\n|\n|t:|1730330984\n|-terastallize|p2b: Mienshao|Dark\n|move|p1b: Maushold|Follow Me|p1b: Maushold\n|-singleturn|p1b: Maushold|move: Follow Me\n|move|p2a: Whimsicott|Tailwind|p2a: Whimsicott\n|-sidestart|p2: ren122333|move: Tailwind\n|move|p2b: Mienshao|Knock Off|p1b: Maushold\n|-crit|p1b: Maushold\n|-damage|p1b: Maushold|0 fnt\n|-enditem|p1b: Maushold|Wide Lens|[from] move: Knock Off|[of] p2b: Mienshao\n|faint|p1b: Maushold\n|-damage|p2b: Mienshao|90\/100|[from] item: Life Orb\n|move|p1a: Indeedee|Trick Room|p1a: Indeedee\n|-fieldstart|move: Trick Room|[of] p1a: Indeedee\n|\n|upkeep\n|\n|t:|1730330991\n|switch|p1b: Torkoal|Torkoal, L50, M|100\/100\n|-weather|SunnyDay|[from] ability: Drought|[of] p1b: Torkoal\n|turn|2\n|\n|t:|1730330999\n|switch|p2a: Farigiraf|Farigiraf, L50, M|100\/100\n|-terastallize|p1b: Torkoal|Fire\n|move|p2b: Mienshao|Wide Guard|p2b: Mienshao\n|-singleturn|p2b: Mienshao|Wide Guard\n|move|p1b: Torkoal|Eruption|p2a: Farigiraf|[spread] \n|-activate|p2a: Farigiraf|move: Wide Guard\n|-activate|p2b: Mienshao|move: Wide Guard\n|move|p1a: Indeedee|Psychic|p2a: Farigiraf\n|-resisted|p2a: Farigiraf\n|-damage|p2a: Farigiraf|82\/100\n|\n|-weather|SunnyDay|[upkeep]\n|upkeep\n|turn|3\n|\n|t:|1730331014\n|switch|p1b: Ursaluna|Ursaluna, L50, M|100\/100\n|move|p2b: Mienshao|Wide Guard|p2b: Mienshao\n|-singleturn|p2b: Mienshao|Wide Guard\n|move|p1a: Indeedee|Trick Room|p1a: Indeedee\n|-fieldend|move: Trick Room\n|move|p2a: Farigiraf|Trick Room|p2a: Farigiraf\n|-fieldstart|move: Trick Room|[of] p2a: Farigiraf\n|\n|-weather|SunnyDay|[upkeep]\n|-status|p1b: Ursaluna|brn|[from] item: Flame Orb\n|upkeep\n|turn|4\n|\n|t:|1730331033\n|move|p1a: Indeedee|Follow Me|p1a: Indeedee\n|-singleturn|p1a: Indeedee|move: Follow Me\n|move|p1b: Ursaluna|Facade|p2a: Farigiraf\n|-damage|p2a: Farigiraf|0 fnt\n|faint|p2a: Farigiraf\n|move|p2b: Mienshao|Close Combat|p1a: Indeedee\n|-damage|p1a: Indeedee|19\/100\n|-unboost|p2b: Mienshao|def|1\n|-unboost|p2b: Mienshao|spd|1\n|-damage|p2b: Mienshao|80\/100|[from] item: Life Orb\n|\n|-weather|SunnyDay|[upkeep]\n|-damage|p1b: Ursaluna|95\/100 brn|[from] brn\n|-sideend|p2: ren122333|move: Tailwind\n|upkeep\n|\n|t:|1730331038\n|switch|p2a: Whimsicott|Whimsicott, L50, F|100\/100\n|turn|5\n|\n|t:|1730331045\n|move|p1b: Ursaluna|Facade|p2b: Mienshao\n|-crit|p2b: Mienshao\n|-damage|p2b: Mienshao|0 fnt\n|faint|p2b: Mienshao\n|move|p1a: Indeedee|Psychic|p2a: Whimsicott\n|-damage|p2a: Whimsicott|39\/100\n|-unboost|p2a: Whimsicott|spd|1\n|move|p2a: Whimsicott|Moonblast|p1a: Indeedee\n|-damage|p1a: Indeedee|0 fnt\n|faint|p1a: Indeedee\n|\n|-weather|SunnyDay|[upkeep]\n|-damage|p1b: Ursaluna|89\/100 brn|[from] brn\n|-fieldend|move: Psychic Terrain\n|upkeep\n|\n|t:|1730331052\n|switch|p1a: Torkoal|Torkoal, L50, M, tera:Fire|100\/100\n|switch|p2b: Typhlosion|Typhlosion-Hisui, L50, F|100\/100\n|-item|p1a: Torkoal|Choice Specs|[from] ability: Frisk|[of] p2b: Typhlosion\n|-item|p1b: Ursaluna|Flame Orb|[from] ability: Frisk|[of] p2b: Typhlosion\n|turn|6\n|\n|t:|1730331056\n|move|p2a: Whimsicott|Encore|p1b: Ursaluna\n|-start|p1b: Ursaluna|Encore\n|move|p1a: Torkoal|Eruption|p2a: Whimsicott|[spread] p2a,p2b\n|-supereffective|p2a: Whimsicott\n|-resisted|p2b: Typhlosion\n|-damage|p2a: Whimsicott|0 fnt\n|-damage|p2b: Typhlosion|0 fnt\n|faint|p2a: Whimsicott\n|faint|p2b: Typhlosion\n|\n|win|chappell murkroan\n|raw|chappell murkroan's rating: 1665 &rarr; <strong>1691<\/strong><br \/>(+26 for winning)\n|raw|ren122333's rating: 1775 &rarr; <strong>1749<\/strong><br \/>(-26 for losing)\n|l|\u2606ren122333\n|player|p2|\n","uploadtime":1730331270,"views":19,"formatid":"gen9vgc2024regh","rating":1691,"private":0,"password":null}