{"id":"gen9vgc2024regh-2234210346","format":"[Gen 9] VGC 2024 Reg H","players":["GBVGC X76","Kunikamaze"],"log":"|j|\u2606GBVGC X76\n|j|\u2606Kunikamaze\n|t:|1730313519\n|gametype|doubles\n|player|p1|GBVGC X76|hanbei-conquest|1747\n|player|p2|Kunikamaze|170|1721\n|teamsize|p1|6\n|teamsize|p2|6\n|gen|9\n|tier|[Gen 9] VGC 2024 Reg H\n|rated|\n|rule|Species Clause: Limit one of each Pok\u00e9mon\n|rule|Item Clause: Limit 1 of each item\n|clearpoke\n|poke|p1|Gothitelle, L50, F|\n|poke|p1|Dragapult, L50, F|\n|poke|p1|Volcarona, L50, M|\n|poke|p1|Kingambit, L50, M|\n|poke|p1|Sneasler, L50, F|\n|poke|p1|Clefable, L50, M|\n|poke|p2|Dragonite, L50, F|\n|poke|p2|Dondozo, L50, F|\n|poke|p2|Murkrow, L50, F|\n|poke|p2|Gholdengo, L50|\n|poke|p2|Sneasler, L50, M|\n|poke|p2|Kingambit, L50, M|\n|teampreview|4\n|j| Xunyicaoawa\n|inactive|Battle timer is ON: inactive players will automatically lose when time's up. (requested by Kunikamaze)\n|\n|t:|1730313569\n|start\n|switch|p1a: Gothitelle|Gothitelle, L50, F|100\/100\n|switch|p1b: Kingambit|Kingambit, L50, M|100\/100\n|switch|p2a: Dragonite|Dragonite, L50, F|100\/100\n|switch|p2b: Dondozo|Dondozo, L50, F|100\/100\n|turn|1\n|j| bluestraggler02\n|\n|t:|1730313589\n|-terastallize|p1b: Kingambit|Dark\n|move|p2a: Dragonite|Protect|p2a: Dragonite\n|-singleturn|p2a: Dragonite|Protect\n|move|p1a: Gothitelle|Taunt|p2b: Dondozo\n|-start|p2b: Dondozo|move: Taunt\n|move|p1b: Kingambit|Swords Dance|p1b: Kingambit\n|-boost|p1b: Kingambit|atk|2\n|move|p2b: Dondozo|Fissure|p1b: Kingambit\n|-damage|p1b: Kingambit|0 fnt\n|faint|p1b: Kingambit\n|-ohko\n|\n|upkeep\n|\n|t:|1730313595\n|switch|p1b: Dragapult|Dragapult, L50, F|100\/100\n|turn|2\n|\n|t:|1730313616\n|move|p1a: Gothitelle|Helping Hand|p1b: Dragapult\n|-singleturn|p1b: Dragapult|Helping Hand|[of] p1a: Gothitelle\n|move|p1b: Dragapult|Outrage|p2b: Dondozo\n|-damage|p2b: Dondozo|14\/100\n|move|p2a: Dragonite|Fire Spin|p1a: Gothitelle\n|-damage|p1a: Gothitelle|94\/100\n|-activate|p1a: Gothitelle|move: Fire Spin|[of] p2a: Dragonite\n|move|p2b: Dondozo|Fissure|p1b: Dragapult\n|-damage|p1b: Dragapult|0 fnt\n|faint|p1b: Dragapult\n|-ohko\n|\n|-heal|p2b: Dondozo|20\/100|[from] item: Leftovers\n|-damage|p1a: Gothitelle|82\/100|[from] move: Fire Spin|[partiallytrapped]\n|upkeep\n|c|\u2606Kunikamaze|Nah\n|\n|t:|1730313622\n|switch|p1b: Volcarona|Volcarona, L50, M|100\/100\n|turn|3\n|c|\u2606Kunikamaze|Who let dozo cook\n|\n|t:|1730313634\n|move|p1b: Volcarona|Giga Drain|p2b: Dondozo\n|-supereffective|p2b: Dondozo\n|-damage|p2b: Dondozo|0 fnt\n|faint|p2b: Dondozo\n|move|p2a: Dragonite|Air Slash|p1b: Volcarona\n|-supereffective|p1b: Volcarona\n|-damage|p1b: Volcarona|53\/100\n|move|p1a: Gothitelle|Psychic|p2a: Dragonite\n|-damage|p2a: Dragonite|88\/100\n|\n|-damage|p1a: Gothitelle|69\/100|[from] move: Fire Spin|[partiallytrapped]\n|upkeep\n|\n|t:|1730313642\n|switch|p2b: Kingambit|Kingambit, L50, M|100\/100\n|turn|4\n|c|\u2606GBVGC X76|so that's where my fissure luck went\n|c|\u2606Kunikamaze|Oh\n|c|\u2606Kunikamaze|I took iy\n|\n|t:|1730313660\n|-terastallize|p2b: Kingambit|Flying\n|move|p1a: Gothitelle|Helping Hand|p1b: Volcarona\n|-singleturn|p1b: Volcarona|Helping Hand|[of] p1a: Gothitelle\n|move|p1b: Volcarona|Heat Wave|p2b: Kingambit|[spread] p2a,p2b\n|-resisted|p2a: Dragonite\n|-damage|p2a: Dragonite|66\/100\n|-damage|p2b: Kingambit|71\/100\n|move|p2a: Dragonite|Air Slash|p1b: Volcarona\n|-supereffective|p1b: Volcarona\n|-damage|p1b: Volcarona|3\/100\n|move|p2b: Kingambit|Kowtow Cleave|p1a: Gothitelle\n|-supereffective|p1a: Gothitelle\n|-damage|p1a: Gothitelle|0 fnt\n|faint|p1a: Gothitelle\n|\n|upkeep\n|turn|5\n|c|\u2606GBVGC X76|gg\n|\n|t:|1730313674\n|move|p1b: Volcarona|Heat Wave|p2b: Kingambit|[spread] p2b\n|-miss|p1b: Volcarona|p2a: Dragonite\n|-damage|p2b: Kingambit|49\/100\n|move|p2a: Dragonite|Roost|p2a: Dragonite\n|-heal|p2a: Dragonite|100\/100\n|-singleturn|p2a: Dragonite|move: Roost\n|move|p2b: Kingambit|Tera Blast|p2a: Dragonite|[anim] Tera Blast Flying\n|-damage|p2a: Dragonite|84\/100\n|\n|upkeep\n|turn|6\n|c|\u2606GBVGC X76|keep on fissuring brother\n|c|\u2606Kunikamaze|Ye\n|c|\u2606Kunikamaze|Hh\n|c|\u2606Kunikamaze|Gg\n|\n|t:|1730313688\n|move|p2b: Kingambit|Sucker Punch|p1b: Volcarona\n|-damage|p1b: Volcarona|0 fnt\n|faint|p1b: Volcarona\n|\n|win|Kunikamaze\n|raw|GBVGC X76's rating: 1747 &rarr; <strong>1726<\/strong><br \/>(-21 for losing)\n|raw|Kunikamaze's rating: 1721 &rarr; <strong>1742<\/strong><br \/>(+21 for winning)\n|l|\u2606Kunikamaze\n|player|p2|\n|l| Xunyicaoawa\n","uploadtime":1730313863,"views":32,"formatid":"gen9vgc2024regh","rating":1726,"private":0,"password":null}