{"id":"gen9vgc2024regh-2234824047","format":"[Gen 9] VGC 2024 Reg H","players":["ServineX","Toasteduck"],"log":"|j|\u2606ServineX\n|j|\u2606Toasteduck\n|t:|1730393470\n|gametype|doubles\n|player|p1|ServineX|1|1686\n|player|p2|Toasteduck|170|1661\n|teamsize|p1|6\n|teamsize|p2|6\n|gen|9\n|tier|[Gen 9] VGC 2024 Reg H\n|rated|\n|rule|Species Clause: Limit one of each Pok\u00e9mon\n|rule|Item Clause: Limit 1 of each item\n|clearpoke\n|poke|p1|Dondozo, L50, F|\n|poke|p1|Tatsugiri-Droopy, L50, M|\n|poke|p1|Meowscarada, L50, F|\n|poke|p1|Basculegion, L50, M|\n|poke|p1|Pelipper, L50, F|\n|poke|p1|Archaludon, L50, M|\n|poke|p2|Indeedee, L50, M|\n|poke|p2|Amoonguss, L50, F|\n|poke|p2|Dragapult, L50, F|\n|poke|p2|Tyranitar, L50, F|\n|poke|p2|Corviknight, L50, F|\n|poke|p2|Excadrill, L50, M|\n|teampreview|4\n|\n|t:|1730393501\n|start\n|switch|p1a: Dondozo|Dondozo, L50, F|100\/100\n|switch|p1b: Pelipper|Pelipper, L50, F|100\/100\n|switch|p2a: Amoonguss|Amoonguss, L50, F|100\/100\n|switch|p2b: Dragapult|Dragapult, L50, F|100\/100\n|-weather|RainDance|[from] ability: Drizzle|[of] p1b: Pelipper\n|turn|1\n|\n|t:|1730393529\n|switch|p1b: Tatsugiri|Tatsugiri-Droopy, L50, M, shiny|100\/100\n|-activate|p1b: Tatsugiri|ability: Commander|[of] p1a: Dondozo\n|-boost|p1a: Dondozo|atk|2\n|-boost|p1a: Dondozo|spa|2\n|-boost|p1a: Dondozo|spe|2\n|-boost|p1a: Dondozo|def|2\n|-boost|p1a: Dondozo|spd|2\n|-terastallize|p1a: Dondozo|Water\n|-terastallize|p2a: Amoonguss|Water\n|move|p2b: Dragapult|Dragon Darts|p1a: Dondozo\n|-damage|p1a: Dondozo|85\/100\n|-anim|p2b: Dragapult|Dragon Darts|p1a: Dondozo\n|-crit|p1a: Dondozo\n|-damage|p1a: Dondozo|42\/100\n|move|p1a: Dondozo|Wave Crash|p2a: Amoonguss\n|-resisted|p2a: Amoonguss\n|-damage|p2a: Amoonguss|22\/100\n|-enditem|p2a: Amoonguss|Sitrus Berry|[eat]\n|-heal|p2a: Amoonguss|47\/100|[from] item: Sitrus Berry\n|-damage|p1a: Dondozo|17\/100|[from] Recoil\n|-damage|p1a: Dondozo|7\/100|[from] item: Life Orb\n|move|p2a: Amoonguss|Spore|p1a: Dondozo\n|-status|p1a: Dondozo|slp|[from] move: Spore\n|\n|-weather|RainDance|[upkeep]\n|upkeep\n|turn|2\n|\n|t:|1730393557\n|switch|p2a: Indeedee|Indeedee, L50, M|100\/100\n|-fieldstart|move: Psychic Terrain|[from] ability: Psychic Surge|[of] p2a: Indeedee\n|move|p2b: Dragapult|Dragon Darts|p1a: Dondozo\n|-damage|p1a: Dondozo|0 fnt\n|faint|p1a: Dondozo\n|\n|-weather|RainDance|[upkeep]\n|upkeep\n|\n|t:|1730393567\n|switch|p1a: Archaludon|Archaludon, L50, M|100\/100\n|turn|3\n|\n|t:|1730393585\n|switch|p2b: Tyranitar|Tyranitar, L50, F|100\/100\n|-weather|Sandstorm|[from] ability: Sand Stream|[of] p2b: Tyranitar\n|move|p1b: Tatsugiri|Icy Wind|p2a: Indeedee|[spread] p2a,p2b\n|-damage|p2a: Indeedee|83\/100\n|-damage|p2b: Tyranitar|96\/100\n|-unboost|p2a: Indeedee|spe|1\n|-unboost|p2b: Tyranitar|spe|1\n|move|p1a: Archaludon|Flash Cannon|p2b: Tyranitar\n|-supereffective|p2b: Tyranitar\n|-damage|p2b: Tyranitar|67\/100\n|move|p2a: Indeedee|Expanding Force|p1a: Archaludon|[spread] p1a,p1b\n|-resisted|p1a: Archaludon\n|-damage|p1a: Archaludon|82\/100\n|-damage|p1b: Tatsugiri|28\/100\n|-ability|p1a: Archaludon|Stamina|boost\n|-boost|p1a: Archaludon|def|1\n|\n|-weather|Sandstorm|[upkeep]\n|-damage|p1b: Tatsugiri|21\/100|[from] Sandstorm\n|-damage|p2a: Indeedee|77\/100|[from] Sandstorm\n|upkeep\n|turn|4\n|\n|t:|1730393621\n|switch|p1b: Pelipper|Pelipper, L50, F|100\/100\n|-weather|RainDance|[from] ability: Drizzle|[of] p1b: Pelipper\n|switch|p2b: Amoonguss|Amoonguss, L50, F, tera:Water|80\/100\n|move|p1a: Archaludon|Body Press|p2b: Amoonguss\n|-damage|p2b: Amoonguss|53\/100\n|move|p2a: Indeedee|Expanding Force|p1a: Archaludon|[spread] p1a,p1b\n|-resisted|p1a: Archaludon\n|-damage|p1a: Archaludon|62\/100\n|-damage|p1b: Pelipper|25\/100\n|-ability|p1a: Archaludon|Stamina|boost\n|-boost|p1a: Archaludon|def|1\n|\n|-weather|RainDance|[upkeep]\n|upkeep\n|turn|5\n|\n|t:|1730393656\n|switch|p2b: Tyranitar|Tyranitar, L50, F|67\/100\n|-weather|Sandstorm|[from] ability: Sand Stream|[of] p2b: Tyranitar\n|move|p1a: Archaludon|Body Press|p2b: Tyranitar\n|-supereffective|p2b: Tyranitar\n|-damage|p2b: Tyranitar|0 fnt\n|faint|p2b: Tyranitar\n|move|p2a: Indeedee|Expanding Force|p1b: Pelipper|[spread] p1a,p1b\n|-resisted|p1a: Archaludon\n|-damage|p1a: Archaludon|42\/100\n|-damage|p1b: Pelipper|0 fnt\n|-ability|p1a: Archaludon|Stamina|boost\n|-boost|p1a: Archaludon|def|1\n|faint|p1b: Pelipper\n|\n|-weather|Sandstorm|[upkeep]\n|-damage|p2a: Indeedee|71\/100|[from] Sandstorm\n|upkeep\n|\n|t:|1730393682\n|switch|p1b: Tatsugiri|Tatsugiri-Droopy, L50, M, shiny|21\/100\n|switch|p2b: Amoonguss|Amoonguss, L50, F, tera:Water|86\/100\n|turn|6\n|j| Conquistatore\n|\n|t:|1730393698\n|switch|p2a: Dragapult|Dragapult, L50, F|100\/100\n|move|p1b: Tatsugiri|Muddy Water|p2b: Amoonguss|[spread] p2a,p2b\n|-resisted|p2a: Dragapult\n|-resisted|p2b: Amoonguss\n|-damage|p2a: Dragapult|78\/100\n|-damage|p2b: Amoonguss|70\/100\n|move|p1a: Archaludon|Body Press|p2b: Amoonguss\n|-damage|p2b: Amoonguss|29\/100\n|move|p2b: Amoonguss|Spore|p1a: Archaludon\n|-status|p1a: Archaludon|slp|[from] move: Spore\n|\n|-weather|Sandstorm|[upkeep]\n|-damage|p1b: Tatsugiri|15\/100|[from] Sandstorm\n|-damage|p2a: Dragapult|72\/100|[from] Sandstorm\n|-damage|p2b: Amoonguss|23\/100|[from] Sandstorm\n|-fieldend|move: Psychic Terrain\n|upkeep\n|turn|7\n|\n|t:|1730393722\n|move|p1b: Tatsugiri|Muddy Water|p2b: Amoonguss|[spread] p2a,p2b\n|-resisted|p2a: Dragapult\n|-resisted|p2b: Amoonguss\n|-damage|p2a: Dragapult|48\/100\n|-damage|p2b: Amoonguss|7\/100\n|move|p2a: Dragapult|Dragon Darts|p1a: Archaludon\n|-damage|p1a: Archaludon|32\/100 slp\n|-ability|p1a: Archaludon|Stamina|boost\n|-boost|p1a: Archaludon|def|1\n|-anim|p2a: Dragapult|Dragon Darts|p1b: Tatsugiri\n|-supereffective|p1b: Tatsugiri\n|-damage|p1b: Tatsugiri|0 fnt\n|faint|p1b: Tatsugiri\n|cant|p1a: Archaludon|slp\n|move|p2b: Amoonguss|Pollen Puff|p2a: Dragapult\n|-heal|p2a: Dragapult|98\/100\n|\n|-weather|Sandstorm|[upkeep]\n|-damage|p2a: Dragapult|92\/100|[from] Sandstorm\n|-damage|p2b: Amoonguss|1\/100|[from] Sandstorm\n|upkeep\n|turn|8\n|\n|t:|1730393763\n|move|p2a: Dragapult|Dragon Darts|p1a: Archaludon\n|-damage|p1a: Archaludon|24\/100 slp\n|-ability|p1a: Archaludon|Stamina|boost\n|-boost|p1a: Archaludon|def|1\n|-anim|p2a: Dragapult|Dragon Darts|p1a: Archaludon\n|-damage|p1a: Archaludon|16\/100 slp\n|-ability|p1a: Archaludon|Stamina|boost\n|-boost|p1a: Archaludon|def|1\n|cant|p1a: Archaludon|slp\n|move|p2b: Amoonguss|Spore|p1a: Archaludon\n|-fail|p1a: Archaludon|slp\n|\n|-weather|Sandstorm|[upkeep]\n|-damage|p2a: Dragapult|86\/100|[from] Sandstorm\n|-damage|p2b: Amoonguss|0 fnt|[from] Sandstorm\n|faint|p2b: Amoonguss\n|upkeep\n|\n|t:|1730393769\n|switch|p2b: Indeedee|Indeedee, L50, M|71\/100\n|-fieldstart|move: Psychic Terrain|[from] ability: Psychic Surge|[of] p2b: Indeedee\n|turn|9\n|\n|t:|1730393780\n|move|p2a: Dragapult|Dragon Darts|p1a: Archaludon\n|-damage|p1a: Archaludon|9\/100 slp\n|-anim|p2a: Dragapult|Dragon Darts|p1a: Archaludon\n|-damage|p1a: Archaludon|2\/100 slp\n|move|p2b: Indeedee|Expanding Force|p1a: Archaludon\n|-resisted|p1a: Archaludon\n|-damage|p1a: Archaludon|0 fnt\n|faint|p1a: Archaludon\n|\n|win|Toasteduck\n|raw|ServineX's rating: 1686 &rarr; <strong>1665<\/strong><br \/>(-21 for losing)\n|raw|Toasteduck's rating: 1661 &rarr; <strong>1682<\/strong><br \/>(+21 for winning)\n|l|\u2606Toasteduck\n|player|p2|\n|l|\u2606ServineX\n|player|p1|\n|l| Conquistatore\n","uploadtime":1730394016,"views":15,"formatid":"gen9vgc2024regh","rating":1665,"private":0,"password":null}