{"id":"gen9vgc2024regh-2234587587","format":"[Gen 9] VGC 2024 Reg H","players":["kappappappa","Aki Hoshino"],"log":"|j|\u2606kappappappa\n|j|\u2606Aki Hoshino\n|t:|1730364573\n|gametype|doubles\n|player|p1|kappappappa|169|1695\n|player|p2|Aki Hoshino|aromalady|1783\n|teamsize|p1|6\n|teamsize|p2|6\n|gen|9\n|tier|[Gen 9] VGC 2024 Reg H\n|rated|\n|rule|Species Clause: Limit one of each Pok\u00e9mon\n|rule|Item Clause: Limit 1 of each item\n|clearpoke\n|poke|p1|Archaludon, L50, F|\n|poke|p1|Pelipper, L50, F|\n|poke|p1|Rillaboom, L50, F|\n|poke|p1|Tauros-Paldea-Aqua, L50, M|\n|poke|p1|Dragonite, L50, M|\n|poke|p1|Kingambit, L50, F|\n|poke|p2|Whimsicott, L50, M|\n|poke|p2|Volcarona, L50, F|\n|poke|p2|Dragonite, L50, M|\n|poke|p2|Kingambit, L50, F|\n|poke|p2|Sneasler, L50, F|\n|poke|p2|Ursaluna-Bloodmoon, L50, M|\n|teampreview|4\n|inactive|Battle timer is ON: inactive players will automatically lose when time's up. (requested by kappappappa)\n|inactive|Aki Hoshino has 60 seconds left.\n|\n|t:|1730364616\n|start\n|switch|p1a: Dragonite|Dragonite, L50, M|100\/100\n|switch|p1b: Kingambit|Kingambit, L50, F|100\/100\n|switch|p2a: Whimsicott|Whimsicott, L50, M|100\/100\n|switch|p2b: Dragonite|Dragonite, L50, M|100\/100\n|turn|1\n|inactive|Aki Hoshino has 30 seconds left.\n|inactive|Aki Hoshino has 20 seconds left.\n|inactive|Aki Hoshino has 15 seconds left.\n|\n|t:|1730364658\n|-terastallize|p1a: Dragonite|Fairy\n|move|p2a: Whimsicott|Tailwind|p2a: Whimsicott\n|-sidestart|p2: Aki Hoshino|move: Tailwind\n|move|p2b: Dragonite|Scale Shot|p1b: Kingambit\n|-resisted|p1b: Kingambit\n|-damage|p1b: Kingambit|94\/100\n|-resisted|p1b: Kingambit\n|-damage|p1b: Kingambit|88\/100\n|-resisted|p1b: Kingambit\n|-damage|p1b: Kingambit|82\/100\n|-resisted|p1b: Kingambit\n|-damage|p1b: Kingambit|75\/100\n|-resisted|p1b: Kingambit\n|-damage|p1b: Kingambit|68\/100\n|-hitcount|p1b: Kingambit|5\n|-unboost|p2b: Dragonite|def|1\n|-boost|p2b: Dragonite|spe|1\n|move|p1a: Dragonite|Scale Shot|p2b: Dragonite\n|-supereffective|p2b: Dragonite\n|-damage|p2b: Dragonite|49\/100\n|-supereffective|p2b: Dragonite\n|-damage|p2b: Dragonite|0 fnt\n|faint|p2b: Dragonite\n|-hitcount|p2: Dragonite|2\n|-unboost|p1a: Dragonite|def|1\n|-boost|p1a: Dragonite|spe|1\n|move|p1b: Kingambit|Iron Head|p2a: Whimsicott\n|-supereffective|p2a: Whimsicott\n|-enditem|p2a: Whimsicott|Focus Sash\n|-damage|p2a: Whimsicott|1\/100\n|\n|upkeep\n|j| CRJ2304\n|\n|t:|1730364675\n|switch|p2b: Sneasler|Sneasler, L50, F|100\/100\n|turn|2\n|j| mr pogostick\n|\n|t:|1730364697\n|switch|p2a: Ursaluna|Ursaluna-Bloodmoon, L50, M|100\/100\n|move|p2b: Sneasler|Protect|p2b: Sneasler\n|-singleturn|p2b: Sneasler|Protect\n|move|p1a: Dragonite|Protect|p1a: Dragonite\n|-singleturn|p1a: Dragonite|Protect\n|move|p1b: Kingambit|Protect||[still]\n|-fail|p1b: Kingambit\n|\n|upkeep\n|turn|3\n|inactive|kappappappa has 30 seconds left.\n|inactive|Aki Hoshino has 30 seconds left.\n|inactive|Aki Hoshino has 20 seconds left.\n|inactive|Aki Hoshino has 15 seconds left.\n|inactive|kappappappa has 20 seconds left.\n|inactive|Aki Hoshino has 10 seconds left.\n|inactive|kappappappa has 15 seconds left.\n|inactive|kappappappa has 10 seconds left.\n|inactive|kappappappa has 5 seconds left.\n|inactive|Aki Hoshino has 5 seconds left.\n|\n|t:|1730364762\n|move|p2b: Sneasler|Dire Claw|p1a: Dragonite\n|-supereffective|p1a: Dragonite\n|-damage|p1a: Dragonite|35\/100\n|move|p2a: Ursaluna|Blood Moon|p1a: Dragonite\n|-damage|p1a: Dragonite|0 fnt\n|faint|p1a: Dragonite\n|-damage|p2a: Ursaluna|91\/100|[from] item: Life Orb\n|move|p1b: Kingambit|Iron Head|p2a: Ursaluna\n|-damage|p2a: Ursaluna|51\/100\n|\n|upkeep\n|\n|t:|1730364772\n|switch|p1a: Rillaboom|Rillaboom, L50, F|100\/100\n|-fieldstart|move: Grassy Terrain|[from] ability: Grassy Surge|[of] p1a: Rillaboom\n|turn|4\n|inactive|kappappappa has 30 seconds left.\n|inactive|Aki Hoshino has 30 seconds left.\n|\n|t:|1730364801\n|move|p2b: Sneasler|Protect|p2b: Sneasler\n|-singleturn|p2b: Sneasler|Protect\n|move|p2a: Ursaluna|Protect|p2a: Ursaluna\n|-singleturn|p2a: Ursaluna|Protect\n|move|p1a: Rillaboom|Fake Out|p2b: Sneasler\n|-activate|p2b: Sneasler|move: Protect\n|move|p1b: Kingambit|Sucker Punch||[still]\n|-fail|p1b: Kingambit\n|\n|-heal|p2a: Ursaluna|57\/100|[from] Grassy Terrain\n|-heal|p1b: Kingambit|74\/100|[from] Grassy Terrain\n|-sideend|p2: Aki Hoshino|move: Tailwind\n|upkeep\n|turn|5\n|inactive|Aki Hoshino has 30 seconds left.\n|inactive|Aki Hoshino has 20 seconds left.\n|\n|t:|1730364841\n|switch|p2a: Whimsicott|Whimsicott, L50, M|1\/100\n|move|p1b: Kingambit|Protect|p1b: Kingambit\n|-singleturn|p1b: Kingambit|Protect\n|move|p1a: Rillaboom|Grassy Glide|p2a: Whimsicott\n|-resisted|p2a: Whimsicott\n|-damage|p2a: Whimsicott|0 fnt\n|faint|p2a: Whimsicott\n|move|p2b: Sneasler|Dire Claw|p1a: Rillaboom\n|-supereffective|p1a: Rillaboom\n|-damage|p1a: Rillaboom|22\/100\n|\n|-heal|p1a: Rillaboom|28\/100|[from] Grassy Terrain\n|-heal|p1b: Kingambit|80\/100|[from] Grassy Terrain\n|upkeep\n|\n|t:|1730364857\n|switch|p2a: Ursaluna|Ursaluna-Bloodmoon, L50, M|57\/100\n|turn|6\n|inactive|kappappappa has 30 seconds left.\n|inactive|Aki Hoshino has 30 seconds left.\n|\n|t:|1730364890\n|switch|p1a: Archaludon|Archaludon, L50, F|100\/100\n|move|p2a: Ursaluna|Protect|p2a: Ursaluna\n|-singleturn|p2a: Ursaluna|Protect\n|move|p2b: Sneasler|Close Combat|p1b: Kingambit\n|-supereffective|p1b: Kingambit\n|-damage|p1b: Kingambit|0 fnt\n|-unboost|p2b: Sneasler|def|1\n|-unboost|p2b: Sneasler|spd|1\n|-enditem|p2b: Sneasler|White Herb\n|-clearnegativeboost|p2b: Sneasler|[silent]\n|faint|p1b: Kingambit\n|\n|-heal|p2a: Ursaluna|63\/100|[from] Grassy Terrain\n|upkeep\n|\n|t:|1730364898\n|switch|p1b: Rillaboom|Rillaboom, L50, F|28\/100\n|turn|7\n|j| Mertoo\n|inactive|Aki Hoshino has 30 seconds left.\n|inactive|Aki Hoshino has 20 seconds left.\n|inactive|Aki Hoshino has 15 seconds left.\n|inactive|kappappappa has 30 seconds left.\n|inactive|Aki Hoshino has 10 seconds left.\n|inactive|kappappappa has 20 seconds left.\n|inactive|kappappappa has 15 seconds left.\n|\n|t:|1730364958\n|-terastallize|p2a: Ursaluna|Ghost\n|move|p2b: Sneasler|Protect|p2b: Sneasler\n|-singleturn|p2b: Sneasler|Protect\n|move|p1b: Rillaboom|Grassy Glide|p2a: Ursaluna\n|-damage|p2a: Ursaluna|34\/100\n|move|p1a: Archaludon|Electro Shot||[still]\n|-prepare|p1a: Archaludon|Electro Shot\n|-boost|p1a: Archaludon|spa|1\n|-enditem|p1a: Archaludon|Power Herb\n|-anim|p1a: Archaludon|Electro Shot|p2b: Sneasler\n|-activate|p2b: Sneasler|move: Protect\n|move|p2a: Ursaluna|Blood Moon|p1b: Rillaboom\n|-damage|p1b: Rillaboom|0 fnt\n|faint|p1b: Rillaboom\n|-damage|p2a: Ursaluna|24\/100|[from] item: Life Orb\n|\n|-heal|p2a: Ursaluna|30\/100|[from] Grassy Terrain\n|upkeep\n|turn|8\n|\n|t:|1730364983\n|move|p2b: Sneasler|Close Combat|p1a: Archaludon\n|-supereffective|p1a: Archaludon\n|-ability|p1a: Archaludon|Sturdy\n|-damage|p1a: Archaludon|1\/100\n|-unboost|p2b: Sneasler|def|1\n|-unboost|p2b: Sneasler|spd|1\n|move|p1a: Archaludon|Dragon Pulse|p2b: Sneasler\n|-damage|p2b: Sneasler|0 fnt\n|faint|p2b: Sneasler\n|move|p2a: Ursaluna|Earth Power|p1a: Archaludon\n|-supereffective|p1a: Archaludon\n|-damage|p1a: Archaludon|0 fnt\n|faint|p1a: Archaludon\n|-damage|p2a: Ursaluna|21\/100|[from] item: Life Orb\n|\n|win|Aki Hoshino\n|raw|kappappappa's rating: 1695 &rarr; <strong>1680<\/strong><br \/>(-15 for losing)\n|raw|Aki Hoshino's rating: 1783 &rarr; <strong>1798<\/strong><br \/>(+15 for winning)\n|l| Mertoo\n|l|\u2606kappappappa\n|player|p1|\n|l| mr pogostick\n|l| CRJ2304\n|l|\u2606Aki Hoshino\n|player|p2|\n","uploadtime":1730365222,"views":20,"formatid":"gen9vgc2024regh","rating":1680,"private":0,"password":null}