{"id":"gen9vgc2024regh-2234483791","format":"[Gen 9] VGC 2024 Reg H","players":["J.Ratri","chappell murkroan"],"log":"|j|\u203dJ.Ratri\n|j|\u2606chappell murkroan\n|t:|1730344503\n|gametype|doubles\n|player|p1|J.Ratri|jasmine|1676\n|player|p2|chappell murkroan|caitlin|1719\n|teamsize|p1|6\n|teamsize|p2|6\n|gen|9\n|tier|[Gen 9] VGC 2024 Reg H\n|rated|\n|rule|Species Clause: Limit one of each Pok\u00e9mon\n|rule|Item Clause: Limit 1 of each item\n|clearpoke\n|poke|p1|Garchomp, L50, M|\n|poke|p1|Ninetales-Alola, L50, F|\n|poke|p1|Annihilape, L50, M|\n|poke|p1|Ceruledge, L50, F|\n|poke|p1|Mandibuzz, L50, F|\n|poke|p1|Bellibolt, L50, F|\n|poke|p2|Annihilape, L50, M|\n|poke|p2|Maushold-Four, L50|\n|poke|p2|Armarouge, L50, M|\n|poke|p2|Indeedee-F, L50, F|\n|poke|p2|Torkoal, L50, M|\n|poke|p2|Ursaluna, L50, M|\n|teampreview|4\n|inactive|Battle timer is ON: inactive players will automatically lose when time's up. (requested by chappell murkroan)\n|inactive|chappell murkroan has 60 seconds left.\n|\n|t:|1730344535\n|start\n|switch|p1a: Mandibuzz|Mandibuzz, L50, F|100\/100\n|switch|p1b: Garchomp|Garchomp, L50, M|100\/100\n|switch|p2a: Indeedee|Indeedee-F, L50, F|100\/100\n|switch|p2b: Maushold|Maushold-Four, L50|100\/100\n|-fieldstart|move: Psychic Terrain|[from] ability: Psychic Surge|[of] p2a: Indeedee\n|turn|1\n|inactive|J.Ratri has 30 seconds left.\n|inactive|J.Ratri has 20 seconds left.\n|inactive|J.Ratri has 15 seconds left.\n|\n|t:|1730344576\n|-terastallize|p2a: Indeedee|Water\n|move|p1a: Mandibuzz|Protect|p1a: Mandibuzz\n|-singleturn|p1a: Mandibuzz|Protect\n|move|p2b: Maushold|Population Bomb|p1a: Mandibuzz\n|-activate|p1a: Mandibuzz|move: Protect\n|move|p1b: Garchomp|Earthquake|p2b: Maushold|[spread] p2a,p2b\n|-activate|p1a: Mandibuzz|move: Protect\n|-damage|p2a: Indeedee|56\/100\n|-damage|p2b: Maushold|17\/100\n|-damage|p1b: Garchomp|91\/100|[from] item: Life Orb\n|move|p2a: Indeedee|Trick Room|p2a: Indeedee\n|-fieldstart|move: Trick Room|[of] p2a: Indeedee\n|\n|upkeep\n|turn|2\n|inactive|J.Ratri has 30 seconds left.\n|\n|t:|1730344603\n|move|p2a: Indeedee|Psychic|p1b: Garchomp\n|-damage|p1b: Garchomp|46\/100\n|move|p1a: Mandibuzz|Snarl|p2b: Maushold|[spread] p2a,p2b\n|-damage|p2a: Indeedee|47\/100\n|-damage|p2b: Maushold|2\/100\n|-unboost|p2a: Indeedee|spa|1\n|-unboost|p2b: Maushold|spa|1\n|move|p1b: Garchomp|Earthquake|p2b: Maushold|[spread] p2a,p2b\n|-immune|p1a: Mandibuzz\n|-damage|p2a: Indeedee|0 fnt\n|-damage|p2b: Maushold|0 fnt\n|faint|p2a: Indeedee\n|faint|p2b: Maushold\n|-damage|p1b: Garchomp|37\/100|[from] item: Life Orb\n|\n|upkeep\n|\n|t:|1730344609\n|switch|p2a: Torkoal|Torkoal, L50, M|100\/100\n|switch|p2b: Ursaluna|Ursaluna, L50, M|100\/100\n|-weather|SunnyDay|[from] ability: Drought|[of] p2a: Torkoal\n|turn|3\n|\n|t:|1730344618\n|move|p1a: Mandibuzz|Protect|p1a: Mandibuzz\n|-singleturn|p1a: Mandibuzz|Protect\n|move|p1b: Garchomp|Protect|p1b: Garchomp\n|-singleturn|p1b: Garchomp|Protect\n|move|p2a: Torkoal|Eruption|p1a: Mandibuzz|[spread] \n|-activate|p1a: Mandibuzz|move: Protect\n|-activate|p1b: Garchomp|move: Protect\n|move|p2b: Ursaluna|Facade|p1a: Mandibuzz\n|-activate|p1a: Mandibuzz|move: Protect\n|\n|-weather|SunnyDay|[upkeep]\n|-status|p2b: Ursaluna|brn|[from] item: Flame Orb\n|upkeep\n|turn|4\n|j| bluestraggler02\n|inactive|J.Ratri has 30 seconds left.\n|\n|t:|1730344643\n|switch|p1a: Ceruledge|Ceruledge, L50, F|100\/100\n|switch|p1b: Ninetales|Ninetales-Alola, L50, F|100\/100\n|-weather|Snow|[from] ability: Snow Warning|[of] p1b: Ninetales\n|move|p2a: Torkoal|Eruption|p1a: Ceruledge|[spread] p1b\n|-start|p1a: Ceruledge|ability: Flash Fire\n|-supereffective|p1b: Ninetales\n|-enditem|p1b: Ninetales|Focus Sash\n|-damage|p1b: Ninetales|1\/100\n|move|p2b: Ursaluna|Facade|p1a: Ceruledge\n|-immune|p1a: Ceruledge\n|\n|-weather|Snow|[upkeep]\n|-damage|p2b: Ursaluna|95\/100 brn|[from] brn\n|upkeep\n|turn|5\n|\n|t:|1730344652\n|move|p1a: Ceruledge|Protect|p1a: Ceruledge\n|-singleturn|p1a: Ceruledge|Protect\n|move|p1b: Ninetales|Protect|p1b: Ninetales\n|-singleturn|p1b: Ninetales|Protect\n|move|p2a: Torkoal|Eruption|p1a: Ceruledge|[spread] \n|-activate|p1a: Ceruledge|move: Protect\n|-activate|p1b: Ninetales|move: Protect\n|move|p2b: Ursaluna|Substitute|p2b: Ursaluna\n|-start|p2b: Ursaluna|Substitute\n|-damage|p2b: Ursaluna|70\/100 brn\n|\n|-weather|Snow|[upkeep]\n|-damage|p2b: Ursaluna|64\/100 brn|[from] brn\n|-fieldend|move: Trick Room\n|-fieldend|move: Psychic Terrain\n|upkeep\n|turn|6\n|inactive|J.Ratri has 30 seconds left.\n|-message|chappell murkroan forfeited.\n|\n|win|J.Ratri\n|raw|J.Ratri's rating: 1676 &rarr; <strong>1698<\/strong><br \/>(+22 for winning)\n|raw|chappell murkroan's rating: 1719 &rarr; <strong>1697<\/strong><br \/>(-22 for losing)\n|l|\u2606chappell murkroan\n|player|p2|\n|l|\u203dJ.Ratri\n|player|p1|\n|l| bluestraggler02\n","uploadtime":1730344855,"views":27,"formatid":"gen9vgc2024regh","rating":1697,"private":0,"password":null}