{"id":"gen9vgc2024regh-2234939449","format":"[Gen 9] VGC 2024 Reg H","players":["Brave12223","ggfsb"],"log":"|j|\u2606Brave12223\n|j|\u2606ggfsb\n|t:|1730404764\n|gametype|doubles\n|player|p1|Brave12223|ingo|1815\n|player|p2|ggfsb|palmer|1703\n|teamsize|p1|6\n|teamsize|p2|6\n|gen|9\n|tier|[Gen 9] VGC 2024 Reg H\n|rated|\n|rule|Species Clause: Limit one of each Pok\u00e9mon\n|rule|Item Clause: Limit 1 of each item\n|clearpoke\n|poke|p1|Tyranitar, L50, F|\n|poke|p1|Garchomp, L50, M|\n|poke|p1|Talonflame, L50, M|\n|poke|p1|Gastrodon, L50, F|\n|poke|p1|Tsareena, L50, F|\n|poke|p1|Gholdengo, L50|\n|poke|p2|Glimmora, L50, F|\n|poke|p2|Rillaboom, L50, F|\n|poke|p2|Murkrow, L50, F|\n|poke|p2|Gholdengo, L50|\n|poke|p2|Tyranitar, L50, M|\n|poke|p2|Garchomp, L50, M|\n|teampreview|4\n|inactive|Battle timer is ON: inactive players will automatically lose when time's up. (requested by Brave12223)\n|inactive|ggfsb has 60 seconds left.\n|inactive|ggfsb has 30 seconds left.\n|inactive|ggfsb has 20 seconds left.\n|inactive|ggfsb has 15 seconds left.\n|inactive|ggfsb has 10 seconds left.\n|inactive|ggfsb has 5 seconds left.\n|\n|t:|1730404855\n|start\n|switch|p1a: Talonflame|Talonflame, L50, M|100\/100\n|switch|p1b: Garchomp|Garchomp, L50, M|100\/100\n|switch|p2a: Glimmora|Glimmora, L50, F|100\/100\n|switch|p2b: Garchomp|Garchomp, L50, M|100\/100\n|turn|1\n|\n|t:|1730404873\n|-terastallize|p2b: Garchomp|Ground\n|-terastallize|p1b: Garchomp|Ground\n|move|p2a: Glimmora|Spiky Shield|p2a: Glimmora\n|-singleturn|p2a: Glimmora|move: Protect\n|move|p1a: Talonflame|Tailwind|p1a: Talonflame\n|-sidestart|p1: Brave12223|move: Tailwind\n|move|p1b: Garchomp|Earthquake|p2b: Garchomp|[spread] p2b\n|-activate|p2a: Glimmora|move: Protect\n|-immune|p1a: Talonflame\n|-damage|p2b: Garchomp|19\/100\n|move|p2b: Garchomp|Dragon Claw|p1b: Garchomp\n|-damage|p1b: Garchomp|45\/100\n|-damage|p2b: Garchomp|9\/100|[from] item: Life Orb\n|\n|upkeep\n|turn|2\n|inactive|ggfsb has 30 seconds left.\n|\n|t:|1730404900\n|switch|p2a: Murkrow|Murkrow, L50, F|100\/100\n|move|p1a: Talonflame|Brave Bird|p2a: Murkrow\n|-damage|p2a: Murkrow|59\/100\n|-damage|p1a: Talonflame|88\/100|[from] Recoil\n|move|p1b: Garchomp|Earthquake|p2b: Garchomp|[spread] p2b\n|-immune|p1a: Talonflame\n|-immune|p2a: Murkrow\n|-crit|p2b: Garchomp\n|-damage|p2b: Garchomp|0 fnt\n|faint|p2b: Garchomp\n|\n|upkeep\n|\n|t:|1730404907\n|switch|p2b: Glimmora|Glimmora, L50, F|100\/100\n|turn|3\n|\n|t:|1730404922\n|move|p2a: Murkrow|Tailwind|p2a: Murkrow\n|-sidestart|p2: ggfsb|move: Tailwind\n|move|p1a: Talonflame|Will-O-Wisp|p2a: Murkrow\n|-status|p2a: Murkrow|brn\n|move|p1b: Garchomp|Earthquake|p2a: Murkrow|[spread] p2b\n|-immune|p1a: Talonflame\n|-immune|p2a: Murkrow\n|-supereffective|p2b: Glimmora\n|-enditem|p2b: Glimmora|Focus Sash\n|-damage|p2b: Glimmora|1\/100\n|-activate|p2b: Glimmora|ability: Toxic Debris\n|-sidestart|p1: Brave12223|move: Toxic Spikes\n|move|p2b: Glimmora|Power Gem|p1a: Talonflame\n|-supereffective|p1a: Talonflame\n|-damage|p1a: Talonflame|0 fnt\n|faint|p1a: Talonflame\n|\n|-damage|p2a: Murkrow|53\/100 brn|[from] brn\n|upkeep\n|\n|t:|1730404933\n|switch|p1a: Gholdengo|Gholdengo, L50|100\/100\n|turn|4\n|\n|t:|1730404953\n|switch|p1b: Tsareena|Tsareena, L50, F|100\/100\n|-status|p1b: Tsareena|psn\n|move|p2b: Glimmora|Spiky Shield|p2b: Glimmora\n|-singleturn|p2b: Glimmora|move: Protect\n|move|p1a: Gholdengo|Make It Rain|p2a: Murkrow|[spread] p2a\n|-activate|p2b: Glimmora|move: Protect\n|-damage|p2a: Murkrow|0 fnt\n|-unboost|p1a: Gholdengo|spa|1\n|faint|p2a: Murkrow\n|\n|-damage|p1b: Tsareena|88\/100 psn|[from] psn\n|-sideend|p1: Brave12223|move: Tailwind\n|upkeep\n|\n|t:|1730404956\n|switch|p2a: Gholdengo|Gholdengo, L50|100\/100\n|turn|5\n|\n|t:|1730404967\n|switch|p1a: Garchomp|Garchomp, L50, M, tera:Ground|45\/100\n|-status|p1a: Garchomp|psn\n|move|p1b: Tsareena|Protect|p1b: Tsareena\n|-singleturn|p1b: Tsareena|Protect\n|move|p2b: Glimmora|Earth Power|p1a: Garchomp\n|-damage|p1a: Garchomp|10\/100 psn\n|-unboost|p1a: Garchomp|spd|1\n|move|p2a: Gholdengo|Make It Rain|p1b: Tsareena|[spread] p1a\n|-activate|p1b: Tsareena|move: Protect\n|-damage|p1a: Garchomp|0 fnt\n|-unboost|p2a: Gholdengo|spa|1\n|faint|p1a: Garchomp\n|\n|-damage|p1b: Tsareena|76\/100 psn|[from] psn\n|upkeep\n|\n|t:|1730404969\n|switch|p1a: Gholdengo|Gholdengo, L50|100\/100\n|turn|6\n|\n|t:|1730404981\n|move|p2b: Glimmora|Earth Power|p1a: Gholdengo\n|-supereffective|p1a: Gholdengo\n|-damage|p1a: Gholdengo|32\/100\n|move|p2a: Gholdengo|Make It Rain|p1a: Gholdengo|[spread] p1a,p1b\n|-resisted|p1a: Gholdengo\n|-crit|p1b: Tsareena\n|-damage|p1a: Gholdengo|0 fnt\n|-damage|p1b: Tsareena|0 fnt\n|-unboost|p2a: Gholdengo|spa|1\n|faint|p1a: Gholdengo\n|faint|p1b: Tsareena\n|\n|win|ggfsb\n|raw|Brave12223's rating: 1815 &rarr; <strong>1789<\/strong><br \/>(-26 for losing)\n|raw|ggfsb's rating: 1703 &rarr; <strong>1729<\/strong><br \/>(+26 for winning)\n|l|\u2606ggfsb\n|player|p2|\n|l|\u2606Brave12223\n|player|p1|\n","uploadtime":1730405225,"views":24,"formatid":"gen9vgc2024regh","rating":1729,"private":0,"password":null}