{"id":"gen9vgc2024regh-2234879903","format":"[Gen 9] VGC 2024 Reg H","players":["ren122333","googer315"],"log":"|j|\u2606ren122333\n|j|\u2606googer315\n|t:|1730398768\n|gametype|doubles\n|player|p1|ren122333|hilbert|1737\n|player|p2|googer315|266|1647\n|teamsize|p1|6\n|teamsize|p2|6\n|gen|9\n|tier|[Gen 9] VGC 2024 Reg H\n|rated|\n|rule|Species Clause: Limit one of each Pok\u00e9mon\n|rule|Item Clause: Limit 1 of each item\n|clearpoke\n|poke|p1|Whimsicott, L50, F|\n|poke|p1|Mamoswine, L50, F|\n|poke|p1|Lycanroc-Dusk, L50, M|\n|poke|p1|Typhlosion-Hisui, L50, F|\n|poke|p1|Farigiraf, L50, F|\n|poke|p1|Mienshao, L50, M|\n|poke|p2|Dondozo, L50, F|\n|poke|p2|Tatsugiri, L50, F|\n|poke|p2|Glimmora, L50, F|\n|poke|p2|Maushold, L50|\n|poke|p2|Annihilape, L50, F|\n|poke|p2|Gholdengo, L50|\n|teampreview|4\n|inactive|Battle timer is ON: inactive players will automatically lose when time's up. (requested by ren122333)\n|\n|t:|1730398773\n|start\n|switch|p1a: Whimsicott|Whimsicott, L50, F|100\/100\n|switch|p1b: Lycanroc|Lycanroc-Dusk, L50, M|100\/100\n|switch|p2a: Gholdengo|Gholdengo, L50|100\/100\n|switch|p2b: Glimmora|Glimmora, L50, F|100\/100\n|turn|1\n|\n|t:|1730398788\n|switch|p2a: Annihilape|Annihilape, L50, F|100\/100\n|move|p1a: Whimsicott|Tailwind|p1a: Whimsicott\n|-sidestart|p1: ren122333|move: Tailwind\n|move|p1b: Lycanroc|Stomping Tantrum|p2a: Annihilape\n|-damage|p2a: Annihilape|59\/100\n|move|p2b: Glimmora|Sludge Bomb|p1a: Whimsicott\n|-supereffective|p1a: Whimsicott\n|-enditem|p1a: Whimsicott|Focus Sash\n|-damage|p1a: Whimsicott|1\/100\n|-status|p1a: Whimsicott|psn\n|\n|-damage|p1a: Whimsicott|0 fnt|[from] psn\n|faint|p1a: Whimsicott\n|upkeep\n|\n|t:|1730398804\n|switch|p1a: Mienshao|Mienshao, L50, M|100\/100\n|turn|2\n|\n|t:|1730398818\n|-terastallize|p1b: Lycanroc|Stellar\n|move|p1b: Lycanroc|Stomping Tantrum|p2a: Annihilape\n|-damage|p2a: Annihilape|9\/100\n|-enditem|p2a: Annihilape|Sitrus Berry|[eat]\n|-heal|p2a: Annihilape|34\/100|[from] item: Sitrus Berry\n|move|p1a: Mienshao|Close Combat|p2b: Glimmora\n|-damage|p2b: Glimmora|2\/100\n|-unboost|p1a: Mienshao|def|1\n|-unboost|p1a: Mienshao|spd|1\n|-activate|p2b: Glimmora|ability: Toxic Debris\n|-sidestart|p1: ren122333|move: Toxic Spikes\n|-damage|p1a: Mienshao|90\/100|[from] item: Life Orb\n|move|p2b: Glimmora|Sludge Bomb|p1a: Mienshao\n|-damage|p1a: Mienshao|0 fnt\n|faint|p1a: Mienshao\n|move|p2a: Annihilape|Bulk Up|p2a: Annihilape\n|-boost|p2a: Annihilape|atk|1\n|-boost|p2a: Annihilape|def|1\n|\n|upkeep\n|inactive|ren122333 has 30 seconds left.\n|c|\u2606ren122333|41 * 1.5 is 50?\n|inactive|ren122333 has 20 seconds left.\n|\n|t:|1730398853\n|switch|p1a: Mamoswine|Mamoswine, L50, F|100\/100\n|-status|p1a: Mamoswine|psn\n|turn|3\n|c|\u2606googer315|u forget about damage is a range?\n|\n|t:|1730398870\n|switch|p2b: Maushold|Maushold, L50|100\/100\n|move|p1b: Lycanroc|Stomping Tantrum|p2b: Maushold\n|-damage|p2b: Maushold|47\/100\n|move|p1a: Mamoswine|High Horsepower|p2a: Annihilape\n|-crit|p2a: Annihilape\n|-damage|p2a: Annihilape|0 fnt\n|faint|p2a: Annihilape\n|\n|-damage|p1a: Mamoswine|88\/100 psn|[from] psn\n|upkeep\n|\n|t:|1730398883\n|switch|p2a: Glimmora|Glimmora, L50, F|2\/100\n|turn|4\n|\n|t:|1730398888\n|move|p2b: Maushold|Protect|p2b: Maushold\n|-singleturn|p2b: Maushold|Protect\n|move|p2a: Glimmora|Spiky Shield|p2a: Glimmora\n|-singleturn|p2a: Glimmora|move: Protect\n|move|p1b: Lycanroc|Stomping Tantrum|p2a: Glimmora\n|-activate|p2a: Glimmora|move: Protect\n|-damage|p1b: Lycanroc|88\/100|[from] Spiky Shield|[of] p2a: Glimmora\n|move|p1a: Mamoswine|High Horsepower|p2b: Maushold\n|-activate|p2b: Maushold|move: Protect\n|\n|-damage|p1a: Mamoswine|76\/100 psn|[from] psn\n|-sideend|p1: ren122333|move: Tailwind\n|upkeep\n|turn|5\n|\n|t:|1730398910\n|move|p2b: Maushold|Follow Me|p2b: Maushold\n|-singleturn|p2b: Maushold|move: Follow Me\n|move|p1b: Lycanroc|Stomping Tantrum|p2b: Maushold\n|-damage|p2b: Maushold|0 fnt\n|faint|p2b: Maushold\n|move|p1a: Mamoswine|High Horsepower|p2a: Glimmora\n|-supereffective|p2a: Glimmora\n|-damage|p2a: Glimmora|0 fnt\n|-activate|p2a: Glimmora|ability: Toxic Debris\n|-sidestart|p1: ren122333|move: Toxic Spikes\n|faint|p2a: Glimmora\n|\n|-damage|p1a: Mamoswine|63\/100 psn|[from] psn\n|upkeep\n|\n|t:|1730398925\n|switch|p2a: Gholdengo|Gholdengo, L50|100\/100\n|turn|6\n|\n|t:|1730398930\n|-terastallize|p2a: Gholdengo|Steel\n|move|p2a: Gholdengo|Make It Rain|p1b: Lycanroc|[spread] p1a,p1b\n|-supereffective|p1a: Mamoswine\n|-supereffective|p1b: Lycanroc\n|-damage|p1a: Mamoswine|0 fnt\n|-damage|p1b: Lycanroc|0 fnt\n|-unboost|p2a: Gholdengo|spa|1\n|faint|p1a: Mamoswine\n|faint|p1b: Lycanroc\n|\n|win|googer315\n|raw|ren122333's rating: 1737 &rarr; <strong>1712<\/strong><br \/>(-25 for losing)\n|raw|googer315's rating: 1647 &rarr; <strong>1672<\/strong><br \/>(+25 for winning)\n|l|\u2606ren122333\n|player|p1|\n|l|\u2606googer315\n|player|p2|\n","uploadtime":1730399145,"views":18,"formatid":"gen9vgc2024regh","rating":1672,"private":0,"password":null}