{"id":"gen9vgc2024regh-2234312192","format":"[Gen 9] VGC 2024 Reg H","players":["ren122333","RobertoAlonso"],"log":"|j|\u2606ren122333\n|j|\u2606RobertoAlonso\n|t:|1730323606\n|gametype|doubles\n|player|p1|ren122333|hilbert|1723\n|player|p2|RobertoAlonso|1|1800\n|teamsize|p1|6\n|teamsize|p2|6\n|gen|9\n|tier|[Gen 9] VGC 2024 Reg H\n|rated|\n|rule|Species Clause: Limit one of each Pok\u00e9mon\n|rule|Item Clause: Limit 1 of each item\n|clearpoke\n|poke|p1|Whimsicott, L50, F|\n|poke|p1|Mamoswine, L50, M|\n|poke|p1|Lycanroc-Dusk, L50, F|\n|poke|p1|Typhlosion-Hisui, L50, M|\n|poke|p1|Farigiraf, L50, M|\n|poke|p1|Mienshao, L50, M|\n|poke|p2|Whimsicott, L50, F|\n|poke|p2|Primarina, L50, F|\n|poke|p2|Sneasler, L50, F|\n|poke|p2|Indeedee, L50, M|\n|poke|p2|Ursaluna-Bloodmoon, L50, M|\n|poke|p2|Arcanine-Hisui, L50, F|\n|teampreview|4\n|inactive|Battle timer is ON: inactive players will automatically lose when time's up. (requested by ren122333)\n|\n|t:|1730323638\n|start\n|switch|p1a: Whimsicott|Whimsicott, L50, F|100\/100\n|switch|p1b: Lycanroc|Lycanroc-Dusk, L50, F|100\/100\n|switch|p2a: Indeedee|Indeedee, L50, M|100\/100\n|switch|p2b: Sneasler|Sneasler, L50, F|100\/100\n|-fieldstart|move: Psychic Terrain|[from] ability: Psychic Surge|[of] p2a: Indeedee\n|-enditem|p2b: Sneasler|Psychic Seed\n|-boost|p2b: Sneasler|spd|1|[from] item: Psychic Seed\n|turn|1\n|\n|t:|1730323646\n|move|p1a: Whimsicott|Tailwind|p1a: Whimsicott\n|-sidestart|p1: ren122333|move: Tailwind\n|move|p1b: Lycanroc|Stomping Tantrum|p2b: Sneasler\n|-supereffective|p2b: Sneasler\n|-damage|p2b: Sneasler|0 fnt\n|faint|p2b: Sneasler\n|move|p2a: Indeedee|Expanding Force|p1a: Whimsicott|[spread] p1a,p1b\n|-damage|p1a: Whimsicott|16\/100\n|-damage|p1b: Lycanroc|16\/100\n|\n|upkeep\n|\n|t:|1730323653\n|switch|p2b: Whimsicott|Whimsicott, L50, F|100\/100\n|turn|2\n|\n|t:|1730323658\n|move|p2b: Whimsicott|Tailwind|p2b: Whimsicott\n|-sidestart|p2: RobertoAlonso|move: Tailwind\n|move|p1a: Whimsicott|Moonblast|p2a: Indeedee\n|-damage|p2a: Indeedee|49\/100\n|move|p1b: Lycanroc|Stomping Tantrum|p2a: Indeedee\n|-damage|p2a: Indeedee|0 fnt\n|faint|p2a: Indeedee\n|\n|upkeep\n|\n|t:|1730323666\n|switch|p2a: Ursaluna|Ursaluna-Bloodmoon, L50, M|100\/100\n|turn|3\n|\n|t:|1730323673\n|move|p1a: Whimsicott|Moonblast|p2b: Whimsicott\n|-damage|p2b: Whimsicott|53\/100\n|move|p1b: Lycanroc|Stomping Tantrum|p2b: Whimsicott\n|-resisted|p2b: Whimsicott\n|-damage|p2b: Whimsicott|22\/100\n|move|p2b: Whimsicott|Moonblast|p1b: Lycanroc\n|-damage|p1b: Lycanroc|0 fnt\n|faint|p1b: Lycanroc\n|move|p2a: Ursaluna|Hyper Voice|p1a: Whimsicott\n|-damage|p1a: Whimsicott|0 fnt\n|faint|p1a: Whimsicott\n|-damage|p2a: Ursaluna|91\/100|[from] item: Life Orb\n|\n|upkeep\n|\n|t:|1730323683\n|switch|p1a: Mamoswine|Mamoswine, L50, M|100\/100\n|switch|p1b: Typhlosion|Typhlosion-Hisui, L50, M|100\/100\n|-item|p2a: Ursaluna|Life Orb|[from] ability: Frisk|[of] p1b: Typhlosion\n|-item|p2b: Whimsicott|Covert Cloak|[from] ability: Frisk|[of] p1b: Typhlosion\n|turn|4\n|\n|t:|1730323702\n|-terastallize|p1b: Typhlosion|Fire\n|move|p2a: Ursaluna|Protect|p2a: Ursaluna\n|-singleturn|p2a: Ursaluna|Protect\n|move|p2b: Whimsicott|Moonblast|p1a: Mamoswine\n|-damage|p1a: Mamoswine|56\/100\n|move|p1b: Typhlosion|Eruption|p2b: Whimsicott|[spread] p2b\n|-activate|p2a: Ursaluna|move: Protect\n|-supereffective|p2b: Whimsicott\n|-damage|p2b: Whimsicott|0 fnt\n|faint|p2b: Whimsicott\n|move|p1a: Mamoswine|Icicle Crash|p2a: Ursaluna\n|-activate|p2a: Ursaluna|move: Protect\n|\n|-sideend|p1: ren122333|move: Tailwind\n|upkeep\n|turn|5\n|\n|t:|1730323716\n|-terastallize|p2a: Ursaluna|Normal\n|move|p2a: Ursaluna|Hyper Voice|p1a: Mamoswine|[spread] p1a,p1b\n|-damage|p1a: Mamoswine|0 fnt\n|-damage|p1b: Typhlosion|0 fnt\n|faint|p1a: Mamoswine\n|faint|p1b: Typhlosion\n|-damage|p2a: Ursaluna|81\/100|[from] item: Life Orb\n|\n|win|RobertoAlonso\n|raw|ren122333's rating: 1723 &rarr; <strong>1707<\/strong><br \/>(-16 for losing)\n|raw|RobertoAlonso's rating: 1800 &rarr; <strong>1816<\/strong><br \/>(+16 for winning)\n|l|\u2606ren122333\n|player|p1|\n|l|\u2606RobertoAlonso\n|player|p2|\n","uploadtime":1730323885,"views":17,"formatid":"gen9vgc2024regh","rating":1707,"private":0,"password":null}