{"id":"gen9vgc2024regh-2234129411","format":"[Gen 9] VGC 2024 Reg H","players":["Hikawari","chin8"],"log":"|j|\u2606Hikawari\n|j|\u2606chin8\n|t:|1730306279\n|gametype|doubles\n|player|p1|Hikawari|2|1684\n|player|p2|chin8|gentleman-gen4dp|1857\n|teamsize|p1|6\n|teamsize|p2|6\n|gen|9\n|tier|[Gen 9] VGC 2024 Reg H\n|rated|\n|rule|Species Clause: Limit one of each Pok\u00e9mon\n|rule|Item Clause: Limit 1 of each item\n|clearpoke\n|poke|p1|Sneasler, L50, F|\n|poke|p1|Murkrow, L50, F|\n|poke|p1|Gholdengo, L50|\n|poke|p1|Indeedee, L50, M|\n|poke|p1|Annihilape, L50, F|\n|poke|p1|Sinistcha, L50|\n|poke|p2|Baxcalibur, L50, M|\n|poke|p2|Kilowattrel, L50, F|\n|poke|p2|Annihilape, L50, M|\n|poke|p2|Gardevoir, L50, F|\n|poke|p2|Magmortar, L50, M|\n|poke|p2|Gholdengo, L50|\n|teampreview|4\n|inactive|Battle timer is ON: inactive players will automatically lose when time's up. (requested by Hikawari)\n|j| blahaj bestie\n|inactive|Hikawari has 60 seconds left.\n|\n|t:|1730306313\n|start\n|switch|p1a: Sneasler|Sneasler, L50, F, shiny|100\/100\n|switch|p1b: Annihilape|Annihilape, L50, F, shiny|100\/100\n|switch|p2a: Magmortar|Magmortar, L50, M|100\/100\n|switch|p2b: Gholdengo|Gholdengo, L50|100\/100\n|turn|1\n|\n|t:|1730306324\n|-terastallize|p1b: Annihilape|Fire\n|move|p2a: Magmortar|Follow Me|p2a: Magmortar\n|-singleturn|p2a: Magmortar|move: Follow Me\n|move|p1a: Sneasler|Close Combat|p2a: Magmortar\n|-damage|p2a: Magmortar|19\/100\n|-unboost|p1a: Sneasler|def|1\n|-unboost|p1a: Sneasler|spd|1\n|-status|p1a: Sneasler|brn|[from] ability: Flame Body|[of] p2a: Magmortar\n|-enditem|p2a: Magmortar|Sitrus Berry|[eat]\n|-heal|p2a: Magmortar|44\/100|[from] item: Sitrus Berry\n|-damage|p1a: Sneasler|91\/100 brn|[from] item: Life Orb\n|move|p1b: Annihilape|Bulk Up|p1b: Annihilape\n|-boost|p1b: Annihilape|atk|1\n|-boost|p1b: Annihilape|def|1\n|move|p2b: Gholdengo|Nasty Plot|p2b: Gholdengo\n|-boost|p2b: Gholdengo|spa|2\n|\n|-damage|p1a: Sneasler|85\/100 brn|[from] brn\n|upkeep\n|turn|2\n|\n|t:|1730306337\n|move|p2a: Magmortar|Protect|p2a: Magmortar\n|-singleturn|p2a: Magmortar|Protect\n|move|p1a: Sneasler|Close Combat|p2a: Magmortar\n|-activate|p2a: Magmortar|move: Protect\n|move|p1b: Annihilape|Rage Fist|p2b: Gholdengo\n|-supereffective|p2b: Gholdengo\n|-damage|p2b: Gholdengo|48\/100\n|move|p2b: Gholdengo|Nasty Plot|p2b: Gholdengo\n|-boost|p2b: Gholdengo|spa|2\n|\n|-heal|p2b: Gholdengo|54\/100|[from] item: Leftovers\n|-damage|p1a: Sneasler|79\/100 brn|[from] brn\n|upkeep\n|turn|3\n|\n|t:|1730306357\n|move|p1b: Annihilape|Protect|p1b: Annihilape\n|-singleturn|p1b: Annihilape|Protect\n|move|p2a: Magmortar|Follow Me|p2a: Magmortar\n|-singleturn|p2a: Magmortar|move: Follow Me\n|move|p1a: Sneasler|Close Combat|p2a: Magmortar\n|-damage|p2a: Magmortar|3\/100\n|-unboost|p1a: Sneasler|def|1\n|-unboost|p1a: Sneasler|spd|1\n|-damage|p1a: Sneasler|70\/100 brn|[from] item: Life Orb\n|move|p2b: Gholdengo|Shadow Ball|p1b: Annihilape\n|-activate|p1b: Annihilape|move: Protect\n|\n|-heal|p2b: Gholdengo|60\/100|[from] item: Leftovers\n|-damage|p1a: Sneasler|64\/100 brn|[from] brn\n|upkeep\n|turn|4\n|\n|t:|1730306372\n|-terastallize|p2b: Gholdengo|Water\n|move|p2a: Magmortar|Follow Me|p2a: Magmortar\n|-singleturn|p2a: Magmortar|move: Follow Me\n|move|p1a: Sneasler|Dire Claw|p2a: Magmortar\n|-damage|p2a: Magmortar|0 fnt\n|faint|p2a: Magmortar\n|-damage|p1a: Sneasler|54\/100 brn|[from] item: Life Orb\n|move|p1b: Annihilape|Rage Fist|p2b: Gholdengo\n|-damage|p2b: Gholdengo|35\/100\n|move|p2b: Gholdengo|Shadow Ball|p1b: Annihilape\n|-damage|p1b: Annihilape|0 fnt\n|faint|p1b: Annihilape\n|\n|-heal|p2b: Gholdengo|41\/100|[from] item: Leftovers\n|-damage|p1a: Sneasler|48\/100 brn|[from] brn\n|upkeep\n|\n|t:|1730306384\n|switch|p1b: Murkrow|Murkrow, L50, F|100\/100\n|switch|p2a: Baxcalibur|Baxcalibur, L50, M|100\/100\n|turn|5\n|\n|t:|1730306394\n|switch|p1a: Gholdengo|Gholdengo, L50|100\/100\n|switch|p2a: Annihilape|Annihilape, L50, M|100\/100\n|move|p1b: Murkrow|Tailwind|p1b: Murkrow\n|-sidestart|p1: Hikawari|move: Tailwind\n|move|p2b: Gholdengo|Make It Rain|p1b: Murkrow|[spread] p1a,p1b\n|-resisted|p1a: Gholdengo\n|-damage|p1a: Gholdengo|10\/100\n|-damage|p1b: Murkrow|0 fnt\n|-unboost|p2b: Gholdengo|spa|1\n|faint|p1b: Murkrow\n|\n|-heal|p2b: Gholdengo|47\/100|[from] item: Leftovers\n|upkeep\n|\n|t:|1730306396\n|switch|p1b: Sneasler|Sneasler, L50, F, shiny|48\/100 brn\n|turn|6\n|\n|t:|1730306411\n|move|p2b: Gholdengo|Protect|p2b: Gholdengo\n|-singleturn|p2b: Gholdengo|Protect\n|move|p1b: Sneasler|Close Combat|p2b: Gholdengo\n|-activate|p2b: Gholdengo|move: Protect\n|move|p1a: Gholdengo|Shadow Ball|p2a: Annihilape\n|-supereffective|p2a: Annihilape\n|-damage|p2a: Annihilape|0 fnt\n|faint|p2a: Annihilape\n|\n|-heal|p2b: Gholdengo|54\/100|[from] item: Leftovers\n|-damage|p1b: Sneasler|42\/100 brn|[from] brn\n|upkeep\n|\n|t:|1730306415\n|switch|p2a: Baxcalibur|Baxcalibur, L50, M|100\/100\n|turn|7\n|\n|t:|1730306423\n|move|p2a: Baxcalibur|Ice Shard|p1a: Gholdengo\n|-resisted|p1a: Gholdengo\n|-damage|p1a: Gholdengo|0 fnt\n|faint|p1a: Gholdengo\n|move|p1b: Sneasler|Close Combat|p2a: Baxcalibur\n|-supereffective|p2a: Baxcalibur\n|-damage|p2a: Baxcalibur|27\/100\n|-unboost|p1b: Sneasler|def|1\n|-unboost|p1b: Sneasler|spd|1\n|-status|p2a: Baxcalibur|psn|[from] ability: Poison Touch|[of] p1b: Sneasler\n|-damage|p1b: Sneasler|33\/100 brn|[from] item: Life Orb\n|move|p2b: Gholdengo|Make It Rain|p1b: Sneasler\n|-damage|p1b: Sneasler|0 fnt\n|-unboost|p2b: Gholdengo|spa|1\n|faint|p1b: Sneasler\n|\n|win|chin8\n|raw|Hikawari's rating: 1684 &rarr; <strong>1673<\/strong><br \/>(-11 for losing)\n|raw|chin8's rating: 1857 &rarr; <strong>1868<\/strong><br \/>(+11 for winning)\n|l|\u2606Hikawari\n|player|p1|\n|l|\u2606chin8\n|player|p2|\n","uploadtime":1730306613,"views":14,"formatid":"gen9vgc2024regh","rating":1673,"private":0,"password":null}