{"id":"gen9vgc2024regh-2234973048","format":"[Gen 9] VGC 2024 Reg H","players":["BrodaxVGC","Big0-XthaPlug"],"log":"|j|\u2606BrodaxVGC\n|j|\u2606Big0-XthaPlug\n|t:|1730408483\n|gametype|doubles\n|player|p1|BrodaxVGC|1|1733\n|player|p2|Big0-XthaPlug|101|1680\n|teamsize|p1|6\n|teamsize|p2|6\n|gen|9\n|tier|[Gen 9] VGC 2024 Reg H\n|rated|\n|rule|Species Clause: Limit one of each Pok\u00e9mon\n|rule|Item Clause: Limit 1 of each item\n|clearpoke\n|poke|p1|Gholdengo, L50|\n|poke|p1|Incineroar, L50, F|\n|poke|p1|Rillaboom, L50, F|\n|poke|p1|Pelipper, L50, M|\n|poke|p1|Basculegion, L50, M|\n|poke|p1|Archaludon, L50, F|\n|poke|p2|Porygon2, L50|\n|poke|p2|Incineroar, L50, F|\n|poke|p2|Ursaluna, L50, F|\n|poke|p2|Jumpluff, L50, F|\n|poke|p2|Charizard, L50, F|\n|poke|p2|Torkoal, L50, M|\n|teampreview|4\n|inactive|Battle timer is ON: inactive players will automatically lose when time's up. (requested by Big0-XthaPlug)\n|inactive|BrodaxVGC has 60 seconds left.\n|\n|t:|1730408530\n|start\n|switch|p1a: Gholdengo|Gholdengo, L50|100\/100\n|switch|p1b: Basculegion|Basculegion, L50, M|100\/100\n|switch|p2a: Incineroar|Incineroar, L50, F|100\/100\n|switch|p2b: Porygon2|Porygon2, L50|100\/100\n|-ability|p2a: Incineroar|Intimidate|boost\n|-unboost|p1a: Gholdengo|atk|1\n|-unboost|p1b: Basculegion|atk|1\n|-ability|p2b: Porygon2|Download|boost\n|-boost|p2b: Porygon2|atk|1\n|turn|1\n|inactive|BrodaxVGC has 30 seconds left.\n|\n|t:|1730408559\n|move|p1b: Basculegion|Flip Turn|p2a: Incineroar\n|-supereffective|p2a: Incineroar\n|-damage|p2a: Incineroar|38\/100\n|\n|t:|1730408563\n|switch|p1b: Rillaboom|Rillaboom, L50, F|100\/100|[from] Flip Turn\n|-fieldstart|move: Grassy Terrain|[from] ability: Grassy Surge|[of] p1b: Rillaboom\n|move|p1a: Gholdengo|Nasty Plot|p1a: Gholdengo\n|-boost|p1a: Gholdengo|spa|2\n|move|p2a: Incineroar|Parting Shot|p1b: Rillaboom\n|-unboost|p1b: Rillaboom|atk|1\n|-unboost|p1b: Rillaboom|spa|1\n|\n|t:|1730408575\n|switch|p2a: Ursaluna|Ursaluna, L50, F|100\/100|[from] Parting Shot\n|move|p2b: Porygon2|Trick Room|p2b: Porygon2\n|-fieldstart|move: Trick Room|[of] p2b: Porygon2\n|\n|-status|p2a: Ursaluna|brn|[from] item: Flame Orb\n|upkeep\n|turn|2\n|inactive|Big0-XthaPlug has 30 seconds left.\n|\n|t:|1730408614\n|switch|p1b: Pelipper|Pelipper, L50, M|100\/100\n|-weather|RainDance|[from] ability: Drizzle|[of] p1b: Pelipper\n|-terastallize|p2a: Ursaluna|Ghost\n|move|p1a: Gholdengo|Protect|p1a: Gholdengo\n|-singleturn|p1a: Gholdengo|Protect\n|move|p2b: Porygon2|Ice Beam|p1a: Gholdengo\n|-activate|p1a: Gholdengo|move: Protect\n|move|p2a: Ursaluna|Facade|p1b: Pelipper\n|-enditem|p1b: Pelipper|Focus Sash\n|-damage|p1b: Pelipper|1\/100\n|\n|-weather|RainDance|[upkeep]\n|-damage|p2a: Ursaluna|95\/100 brn|[from] brn\n|upkeep\n|turn|3\n|inactive|BrodaxVGC has 30 seconds left.\n|inactive|Big0-XthaPlug has 30 seconds left.\n|inactive|BrodaxVGC has 20 seconds left.\n|inactive|BrodaxVGC has 15 seconds left.\n|inactive|BrodaxVGC has 10 seconds left.\n|\n|t:|1730408662\n|switch|p1b: Rillaboom|Rillaboom, L50, F|100\/100\n|-terastallize|p1a: Gholdengo|Dragon\n|move|p2b: Porygon2|Ice Beam|p1b: Rillaboom\n|-supereffective|p1b: Rillaboom\n|-damage|p1b: Rillaboom|49\/100\n|move|p2a: Ursaluna|Headlong Rush|p1a: Gholdengo\n|-damage|p1a: Gholdengo|0 fnt\n|-unboost|p2a: Ursaluna|def|1\n|-unboost|p2a: Ursaluna|spd|1\n|faint|p1a: Gholdengo\n|\n|-weather|RainDance|[upkeep]\n|-heal|p2a: Ursaluna|100\/100 brn|[from] Grassy Terrain\n|-heal|p1b: Rillaboom|55\/100|[from] Grassy Terrain\n|-damage|p2a: Ursaluna|95\/100 brn|[from] brn\n|upkeep\n|\n|t:|1730408685\n|switch|p1a: Basculegion|Basculegion, L50, M|100\/100\n|turn|4\n|\n|t:|1730408700\n|switch|p2a: Incineroar|Incineroar, L50, F|38\/100\n|-ability|p2a: Incineroar|Intimidate|boost\n|-unboost|p1a: Basculegion|atk|1\n|-unboost|p1b: Rillaboom|atk|1\n|move|p1b: Rillaboom|Fake Out|p2b: Porygon2\n|-damage|p2b: Porygon2|92\/100\n|-damage|p1b: Rillaboom|45\/100|[from] item: Life Orb\n|cant|p2b: Porygon2|flinch\n|move|p1a: Basculegion|Wave Crash|p2b: Porygon2\n|-damage|p2b: Porygon2|29\/100\n|-damage|p1a: Basculegion|80\/100|[from] Recoil\n|\n|-weather|RainDance|[upkeep]\n|-heal|p2b: Porygon2|35\/100|[from] Grassy Terrain\n|-heal|p2a: Incineroar|44\/100|[from] Grassy Terrain\n|-heal|p1b: Rillaboom|51\/100|[from] Grassy Terrain\n|-heal|p1a: Basculegion|86\/100|[from] Grassy Terrain\n|upkeep\n|turn|5\n|inactive|BrodaxVGC has 30 seconds left.\n|inactive|Big0-XthaPlug has 30 seconds left.\n|inactive|BrodaxVGC has 20 seconds left.\n|inactive|BrodaxVGC has 15 seconds left.\n|\n|t:|1730408742\n|move|p2b: Porygon2|Recover|p2b: Porygon2\n|-heal|p2b: Porygon2|85\/100\n|move|p2a: Incineroar|Knock Off|p1a: Basculegion\n|-supereffective|p1a: Basculegion\n|-damage|p1a: Basculegion|0 fnt\n|-enditem|p1a: Basculegion|Choice Band|[from] move: Knock Off|[of] p2a: Incineroar\n|faint|p1a: Basculegion\n|move|p1b: Rillaboom|High Horsepower|p2a: Incineroar\n|-supereffective|p2a: Incineroar\n|-damage|p2a: Incineroar|0 fnt\n|faint|p2a: Incineroar\n|-damage|p1b: Rillaboom|41\/100|[from] item: Life Orb\n|\n|-weather|RainDance|[upkeep]\n|-heal|p2b: Porygon2|92\/100|[from] Grassy Terrain\n|-heal|p1b: Rillaboom|47\/100|[from] Grassy Terrain\n|-fieldend|move: Trick Room\n|-fieldend|move: Grassy Terrain\n|upkeep\n|-message|BrodaxVGC forfeited.\n|\n|win|Big0-XthaPlug\n|raw|BrodaxVGC's rating: 1733 &rarr; <strong>1710<\/strong><br \/>(-23 for losing)\n|raw|Big0-XthaPlug's rating: 1680 &rarr; <strong>1703<\/strong><br \/>(+23 for winning)\n|l|\u2606BrodaxVGC\n|player|p1|\n","uploadtime":1730408769,"views":33,"formatid":"gen9vgc2024regh","rating":1703,"private":0,"password":null}