{"id":"gen9vgc2024regh-2234295138","format":"[Gen 9] VGC 2024 Reg H","players":["googer315","preti bigtoo"],"log":"|j|\u2606googer315\n|j|\u2606preti bigtoo\n|t:|1730321792\n|gametype|doubles\n|player|p1|googer315|102|1804\n|player|p2|preti bigtoo|1|1710\n|teamsize|p1|6\n|teamsize|p2|6\n|gen|9\n|tier|[Gen 9] VGC 2024 Reg H\n|rated|\n|rule|Species Clause: Limit one of each Pok\u00e9mon\n|rule|Item Clause: Limit 1 of each item\n|clearpoke\n|poke|p1|Dondozo, L50, F|\n|poke|p1|Tatsugiri, L50, F|\n|poke|p1|Glimmora, L50, F|\n|poke|p1|Maushold, L50|\n|poke|p1|Annihilape, L50, F|\n|poke|p1|Gholdengo, L50|\n|poke|p2|Kingambit, L50, F|\n|poke|p2|Tatsugiri, L50, M|\n|poke|p2|Rillaboom, L50, F|\n|poke|p2|Ninetales-Alola, L50, F|\n|poke|p2|Dondozo, L50, M|\n|poke|p2|Sneasler, L50, M|\n|teampreview|4\n|\n|t:|1730321804\n|start\n|switch|p1a: Gholdengo|Gholdengo, L50|100\/100\n|switch|p1b: Glimmora|Glimmora, L50, F|100\/100\n|switch|p2a: Sneasler|Sneasler, L50, M|100\/100\n|switch|p2b: Dondozo|Dondozo, L50, M|100\/100\n|turn|1\n|inactive|Battle timer is ON: inactive players will automatically lose when time's up. (requested by googer315)\n|\n|t:|1730321822\n|switch|p2b: Kingambit|Kingambit, L50, F|100\/100\n|move|p1b: Glimmora|Spiky Shield|p1b: Glimmora\n|-singleturn|p1b: Glimmora|move: Protect\n|move|p1a: Gholdengo|Trick|p2b: Kingambit\n|-activate|p1a: Gholdengo|move: Trick|[of] p2b: Kingambit\n|-item|p2b: Kingambit|Choice Scarf|[from] move: Trick\n|-item|p1a: Gholdengo|Safety Goggles|[from] move: Trick\n|move|p2a: Sneasler|Coaching|p2b: Kingambit\n|-boost|p2b: Kingambit|atk|1\n|-boost|p2b: Kingambit|def|1\n|\n|upkeep\n|turn|2\n|\n|t:|1730321843\n|-terastallize|p1a: Gholdengo|Steel\n|move|p2a: Sneasler|Coaching|p2b: Kingambit\n|-boost|p2b: Kingambit|atk|1\n|-boost|p2b: Kingambit|def|1\n|move|p1b: Glimmora|Earth Power|p2a: Sneasler\n|-supereffective|p2a: Sneasler\n|-damage|p2a: Sneasler|5\/100\n|-unboost|p2a: Sneasler|spd|1\n|move|p1a: Gholdengo|Shadow Ball|p2a: Sneasler\n|-crit|p2a: Sneasler\n|-damage|p2a: Sneasler|0 fnt\n|faint|p2a: Sneasler\n|move|p2b: Kingambit|Kowtow Cleave|p1a: Gholdengo\n|-damage|p1a: Gholdengo|0 fnt\n|faint|p1a: Gholdengo\n|\n|upkeep\n|\n|t:|1730321862\n|switch|p2a: Dondozo|Dondozo, L50, M|100\/100\n|switch|p1a: Dondozo|Dondozo, L50, F|100\/100\n|turn|3\n|\n|t:|1730321879\n|switch|p1b: Tatsugiri|Tatsugiri, L50, F|100\/100\n|-activate|p1b: Tatsugiri|ability: Commander|[of] p1a: Dondozo\n|-boost|p1a: Dondozo|atk|2\n|-boost|p1a: Dondozo|spa|2\n|-boost|p1a: Dondozo|spe|2\n|-boost|p1a: Dondozo|def|2\n|-boost|p1a: Dondozo|spd|2\n|move|p2b: Kingambit|Kowtow Cleave|p1a: Dondozo\n|-damage|p1a: Dondozo|84\/100\n|move|p1a: Dondozo|Earthquake|p2a: Dondozo|[spread] p2a,p2b\n|-miss|p1a: Dondozo|p1b: Tatsugiri\n|-supereffective|p2b: Kingambit\n|-damage|p2a: Dondozo|85\/100\n|-damage|p2b: Kingambit|28\/100\n|move|p2a: Dondozo|Substitute|p2a: Dondozo\n|-start|p2a: Dondozo|Substitute\n|-damage|p2a: Dondozo|60\/100\n|\n|-heal|p1a: Dondozo|90\/100|[from] item: Leftovers\n|-heal|p2a: Dondozo|66\/100|[from] item: Leftovers\n|upkeep\n|turn|4\n|inactive|preti bigtoo has 30 seconds left.\n|\n|t:|1730321909\n|switch|p2a: Rillaboom|Rillaboom, L50, F|100\/100\n|-fieldstart|move: Grassy Terrain|[from] ability: Grassy Surge|[of] p2a: Rillaboom\n|-terastallize|p2b: Kingambit|Ghost\n|move|p2b: Kingambit|Kowtow Cleave|p1a: Dondozo\n|-damage|p1a: Dondozo|74\/100\n|move|p1a: Dondozo|Earthquake|p2b: Kingambit|[spread] p2a,p2b\n|-miss|p1a: Dondozo|p1b: Tatsugiri\n|-resisted|p2a: Rillaboom\n|-damage|p2a: Rillaboom|91\/100\n|-damage|p2b: Kingambit|9\/100\n|\n|-heal|p2b: Kingambit|15\/100|[from] Grassy Terrain\n|-heal|p2a: Rillaboom|97\/100|[from] Grassy Terrain\n|-heal|p1a: Dondozo|80\/100|[from] Grassy Terrain\n|-heal|p1a: Dondozo|86\/100|[from] item: Leftovers\n|upkeep\n|turn|5\n|\n|t:|1730321931\n|move|p1a: Dondozo|Protect|p1a: Dondozo\n|-singleturn|p1a: Dondozo|Protect\n|move|p2a: Rillaboom|Fake Out|p1a: Dondozo\n|-activate|p1a: Dondozo|move: Protect\n|move|p2b: Kingambit|Kowtow Cleave|p1a: Dondozo\n|-activate|p1a: Dondozo|move: Protect\n|\n|-heal|p2b: Kingambit|21\/100|[from] Grassy Terrain\n|-heal|p2a: Rillaboom|100\/100|[from] Grassy Terrain\n|-heal|p1a: Dondozo|93\/100|[from] Grassy Terrain\n|-heal|p1a: Dondozo|99\/100|[from] item: Leftovers\n|upkeep\n|turn|6\n|\n|t:|1730321947\n|move|p2b: Kingambit|Kowtow Cleave|p1a: Dondozo\n|-damage|p1a: Dondozo|81\/100\n|move|p2a: Rillaboom|Wood Hammer|p1a: Dondozo\n|-supereffective|p1a: Dondozo\n|-damage|p1a: Dondozo|28\/100\n|-damage|p2a: Rillaboom|80\/100|[from] Recoil\n|move|p1a: Dondozo|Order Up|p2b: Kingambit\n|-damage|p2b: Kingambit|0 fnt\n|faint|p2b: Kingambit\n|-boost|p1a: Dondozo|atk|1\n|\n|-heal|p2a: Rillaboom|86\/100|[from] Grassy Terrain\n|-heal|p1a: Dondozo|34\/100|[from] Grassy Terrain\n|-heal|p1a: Dondozo|40\/100|[from] item: Leftovers\n|upkeep\n|\n|t:|1730321959\n|switch|p2b: Dondozo|Dondozo, L50, M|66\/100\n|turn|7\n|\n|t:|1730321971\n|move|p2a: Rillaboom|Wood Hammer|p1a: Dondozo\n|-supereffective|p1a: Dondozo\n|-damage|p1a: Dondozo|0 fnt\n|faint|p1a: Dondozo\n|-damage|p2a: Rillaboom|71\/100|[from] Recoil\n|move|p2b: Dondozo|Substitute|p2b: Dondozo\n|-start|p2b: Dondozo|Substitute\n|-damage|p2b: Dondozo|41\/100\n|\n|-heal|p2a: Rillaboom|76\/100|[from] Grassy Terrain\n|-heal|p2b: Dondozo|47\/100|[from] Grassy Terrain\n|-heal|p2b: Dondozo|54\/100|[from] item: Leftovers\n|upkeep\n|\n|t:|1730321984\n|switch|p1a: Glimmora|Glimmora, L50, F|100\/100\n|turn|8\n|\n|t:|1730321997\n|move|p1b: Tatsugiri|Draco Meteor|p2b: Dondozo\n|-end|p2b: Dondozo|Substitute\n|-unboost|p1b: Tatsugiri|spa|2\n|move|p1a: Glimmora|Sludge Bomb|p2a: Rillaboom\n|-supereffective|p2a: Rillaboom\n|-damage|p2a: Rillaboom|0 fnt\n|faint|p2a: Rillaboom\n|move|p2b: Dondozo|Wave Crash|p1b: Tatsugiri\n|-resisted|p1b: Tatsugiri\n|-damage|p1b: Tatsugiri|76\/100\n|-damage|p2b: Dondozo|48\/100|[from] Recoil\n|\n|-heal|p1b: Tatsugiri|82\/100|[from] Grassy Terrain\n|-heal|p2b: Dondozo|54\/100|[from] Grassy Terrain\n|-heal|p2b: Dondozo|61\/100|[from] item: Leftovers\n|-fieldend|move: Grassy Terrain\n|upkeep\n|turn|9\n|inactive|googer315 has 30 seconds left.\n|\n|t:|1730322030\n|move|p1a: Glimmora|Spiky Shield|p1a: Glimmora\n|-singleturn|p1a: Glimmora|move: Protect\n|move|p2b: Dondozo|Protect|p2b: Dondozo\n|-singleturn|p2b: Dondozo|Protect\n|move|p1b: Tatsugiri|Draco Meteor|p2b: Dondozo\n|-activate|p2b: Dondozo|move: Protect\n|\n|-heal|p2b: Dondozo|67\/100|[from] item: Leftovers\n|upkeep\n|turn|10\n|\n|t:|1730322044\n|move|p1b: Tatsugiri|Draco Meteor|p2b: Dondozo\n|-damage|p2b: Dondozo|11\/100\n|-unboost|p1b: Tatsugiri|spa|2\n|move|p1a: Glimmora|Sludge Bomb|p2b: Dondozo\n|-damage|p2b: Dondozo|0 fnt\n|faint|p2b: Dondozo\n|\n|win|googer315\n|raw|googer315's rating: 1804 &rarr; <strong>1819<\/strong><br \/>(+15 for winning)\n|raw|preti bigtoo's rating: 1710 &rarr; <strong>1695<\/strong><br \/>(-15 for losing)\n|l|\u2606preti bigtoo\n|player|p2|\n|l|\u2606googer315\n|player|p1|\n","uploadtime":1730322245,"views":17,"formatid":"gen9vgc2024regh","rating":1695,"private":0,"password":null}