{"id":"gen9vgc2024regh-2234904980","format":"[Gen 9] VGC 2024 Reg H","players":["hockypooo","Allore"],"log":"|j|\u2606hockypooo\n|j|\u2606Allore\n|t:|1730401224\n|gametype|doubles\n|player|p1|hockypooo|idol|1696\n|player|p2|Allore|169|1726\n|teamsize|p1|6\n|teamsize|p2|6\n|gen|9\n|tier|[Gen 9] VGC 2024 Reg H\n|rated|\n|rule|Species Clause: Limit one of each Pok\u00e9mon\n|rule|Item Clause: Limit 1 of each item\n|clearpoke\n|poke|p1|Indeedee, L50, M|\n|poke|p1|Sneasler, L50, F|\n|poke|p1|Talonflame, L50, M|\n|poke|p1|Ursaluna-Bloodmoon, L50, M|\n|poke|p1|Dragonite, L50, M|\n|poke|p1|Arcanine-Hisui, L50, M|\n|poke|p2|Archaludon, L50, M|\n|poke|p2|Pelipper, L50, M|\n|poke|p2|Maushold, L50|\n|poke|p2|Basculegion, L50, M|\n|poke|p2|Incineroar, L50, F|\n|poke|p2|Amoonguss, L50, M|\n|teampreview|4\n|inactive|Battle timer is ON: inactive players will automatically lose when time's up. (requested by Allore)\n|j| fishle\nAllore has agreed to open team sheets.\n|inactive|hockypooo has 60 seconds left.\n|inactive|Allore has 60 seconds left.\n|inactive|hockypooo has 30 seconds left.\n|\n|t:|1730401289\n|start\n|switch|p1a: Indeedee|Indeedee, L50, M|100\/100\n|switch|p1b: Arcanine|Arcanine-Hisui, L50, M|100\/100\n|switch|p2a: Pelipper|Pelipper, L50, M|100\/100\n|switch|p2b: Basculegion|Basculegion, L50, M|100\/100\n|-fieldstart|move: Psychic Terrain|[from] ability: Psychic Surge|[of] p1a: Indeedee\n|-ability|p1b: Arcanine|Intimidate|boost\n|-unboost|p2a: Pelipper|atk|1\n|-unboost|p2b: Basculegion|atk|1\n|-weather|RainDance|[from] ability: Drizzle|[of] p2a: Pelipper\n|turn|1\n|j| mpudi\n|inactive|Allore has 30 seconds left.\n|inactive|Allore has 20 seconds left.\n|inactive|Allore has 15 seconds left.\n|\n|t:|1730401333\n|-terastallize|p1b: Arcanine|Grass\n|move|p2b: Basculegion|Wave Crash|p1a: Indeedee\n|-enditem|p1a: Indeedee|Focus Sash\n|-damage|p1a: Indeedee|1\/100\n|-damage|p2b: Basculegion|78\/100|[from] Recoil\n|move|p1a: Indeedee|Expanding Force|p2b: Basculegion|[spread] p2a,p2b\n|-damage|p2a: Pelipper|8\/100\n|-damage|p2b: Basculegion|13\/100\n|move|p1b: Arcanine|Rock Slide|p2a: Pelipper|[spread] p2a,p2b\n|-supereffective|p2a: Pelipper\n|-damage|p2a: Pelipper|0 fnt\n|-damage|p2b: Basculegion|0 fnt\n|faint|p2a: Pelipper\n|faint|p2b: Basculegion\n|\n|-weather|RainDance|[upkeep]\n|upkeep\n|\n|t:|1730401345\n|switch|p2b: Archaludon|Archaludon, L50, M|100\/100\n|switch|p2a: Maushold|Maushold, L50|100\/100\n|turn|2\n|\n|t:|1730401362\n|move|p2a: Maushold|Protect|p2a: Maushold\n|-singleturn|p2a: Maushold|Protect\n|move|p1a: Indeedee|Expanding Force|p2a: Maushold|[spread] p2b\n|-activate|p2a: Maushold|move: Protect\n|-resisted|p2b: Archaludon\n|-damage|p2b: Archaludon|80\/100\n|-ability|p2b: Archaludon|Stamina|boost\n|-boost|p2b: Archaludon|def|1\n|move|p1b: Arcanine|Close Combat|p2b: Archaludon\n|-supereffective|p2b: Archaludon\n|-damage|p2b: Archaludon|40\/100\n|-unboost|p1b: Arcanine|def|1\n|-unboost|p1b: Arcanine|spd|1\n|-ability|p2b: Archaludon|Stamina|boost\n|-boost|p2b: Archaludon|def|1\n|move|p2b: Archaludon|Electro Shot||[still]\n|-prepare|p2b: Archaludon|Electro Shot\n|-boost|p2b: Archaludon|spa|1\n|-anim|p2b: Archaludon|Electro Shot|p1a: Indeedee\n|-damage|p1a: Indeedee|0 fnt\n|faint|p1a: Indeedee\n|\n|-weather|RainDance|[upkeep]\n|upkeep\n|\n|t:|1730401382\n|switch|p1a: Sneasler|Sneasler, L50, F|100\/100\n|-enditem|p1a: Sneasler|Psychic Seed\n|-boost|p1a: Sneasler|spd|1|[from] item: Psychic Seed\n|turn|3\n|\n|t:|1730401394\n|-terastallize|p2a: Maushold|Ghost\n|move|p2a: Maushold|Follow Me|p2a: Maushold\n|-singleturn|p2a: Maushold|move: Follow Me\n|move|p1a: Sneasler|Close Combat|p2a: Maushold\n|-immune|p2a: Maushold\n|move|p1b: Arcanine|Close Combat|p2a: Maushold\n|-immune|p2a: Maushold\n|move|p2b: Archaludon|Draco Meteor|p1a: Sneasler\n|-damage|p1a: Sneasler|6\/100\n|-unboost|p2b: Archaludon|spa|2\n|\n|-weather|RainDance|[upkeep]\n|upkeep\n|turn|4\n|\n|t:|1730401413\n|move|p1a: Sneasler|Throat Chop|p2a: Maushold\n|-supereffective|p2a: Maushold\n|-damage|p2a: Maushold|1\/100\n|-start|p2a: Maushold|Throat Chop|[silent]\n|move|p2a: Maushold|Population Bomb|p1b: Arcanine\n|-crit|p1b: Arcanine\n|-damage|p1b: Arcanine|68\/100\n|-damage|p1b: Arcanine|48\/100\n|-damage|p1b: Arcanine|26\/100\n|-damage|p1b: Arcanine|5\/100\n|-damage|p1b: Arcanine|0 fnt\n|faint|p1b: Arcanine\n|-hitcount|p1: Arcanine|5\n|move|p2b: Archaludon|Electro Shot||[still]\n|-prepare|p2b: Archaludon|Electro Shot\n|-boost|p2b: Archaludon|spa|1\n|-anim|p2b: Archaludon|Electro Shot|p1a: Sneasler\n|-damage|p1a: Sneasler|0 fnt\n|faint|p1a: Sneasler\n|\n|-weather|RainDance|[upkeep]\n|upkeep\n|\n|t:|1730401417\n|switch|p1b: Ursaluna|Ursaluna-Bloodmoon, L50, M|100\/100\n|turn|5\n|\n|t:|1730401434\n|move|p2a: Maushold|Population Bomb|p1b: Ursaluna\n|-damage|p1b: Ursaluna|92\/100\n|-damage|p1b: Ursaluna|84\/100\n|-damage|p1b: Ursaluna|75\/100\n|-damage|p1b: Ursaluna|67\/100\n|-damage|p1b: Ursaluna|58\/100\n|-damage|p1b: Ursaluna|50\/100\n|-damage|p1b: Ursaluna|40\/100\n|-damage|p1b: Ursaluna|31\/100\n|-damage|p1b: Ursaluna|21\/100\n|-damage|p1b: Ursaluna|12\/100\n|-hitcount|p1b: Ursaluna|10\n|move|p2b: Archaludon|Body Press|p1b: Ursaluna\n|-supereffective|p1b: Ursaluna\n|-damage|p1b: Ursaluna|0 fnt\n|faint|p1b: Ursaluna\n|\n|win|Allore\n|raw|hockypooo's rating: 1696 &rarr; <strong>1678<\/strong><br \/>(-18 for losing)\n|raw|Allore's rating: 1726 &rarr; <strong>1744<\/strong><br \/>(+18 for winning)\n|l|\u2606hockypooo\n|player|p1|\n|l| fishle\n","uploadtime":1730401643,"views":28,"formatid":"gen9vgc2024regh","rating":1678,"private":0,"password":null}