{"id":"gen9vgc2024regh-2234957248","format":"[Gen 9] VGC 2024 Reg H","players":["Annie9595","Hypersonicly\u2714\ufe0f"],"log":"|j|\u2606Annie9595\n|j|\u2606Hypersonicly\u2714\ufe0f\n|t:|1730406707\n|gametype|doubles\n|player|p1|Annie9595|reporter|1671\n|player|p2|Hypersonicly\u2714\ufe0f|siebold|1690\n|teamsize|p1|6\n|teamsize|p2|6\n|gen|9\n|tier|[Gen 9] VGC 2024 Reg H\n|rated|\n|rule|Species Clause: Limit one of each Pok\u00e9mon\n|rule|Item Clause: Limit 1 of each item\n|clearpoke\n|poke|p1|Exeggutor, L50, F|\n|poke|p1|Indeedee-F, L50, F|\n|poke|p1|Torkoal, L50, F|\n|poke|p1|Sneasler, L50, F|\n|poke|p1|Milotic, L50, F|\n|poke|p1|Ursaluna-Bloodmoon, L50, M|\n|poke|p2|Gallade, L50, M|\n|poke|p2|Hatterene, L50, F|\n|poke|p2|Indeedee-F, L50, F|\n|poke|p2|Lilligant-Hisui, L50, F|\n|poke|p2|Torkoal, L50, F|\n|poke|p2|Ursaluna, L50, F|\n|teampreview|4\n|inactive|Battle timer is ON: inactive players will automatically lose when time's up. (requested by Hypersonicly\u2714\ufe0f)\n|inactive|Annie9595 has 60 seconds left.\n|\n|t:|1730406741\n|start\n|switch|p1a: Exeggutor|Exeggutor, L50, F|100\/100\n|switch|p1b: Sneasler|Sneasler, L50, F|100\/100\n|switch|p2a: Indeedee|Indeedee-F, L50, F|100\/100\n|switch|p2b: Gallade|Gallade, L50, M|100\/100\n|-fieldstart|move: Psychic Terrain|[from] ability: Psychic Surge|[of] p2a: Indeedee\n|-enditem|p1b: Sneasler|Psychic Seed\n|-boost|p1b: Sneasler|spd|1|[from] item: Psychic Seed\n|turn|1\n|j| falcon108\n|inactive|Annie9595 has 30 seconds left.\n|\n|t:|1730406768\n|move|p1b: Sneasler|Protect|p1b: Sneasler\n|-singleturn|p1b: Sneasler|Protect\n|move|p2a: Indeedee|Follow Me|p2a: Indeedee\n|-singleturn|p2a: Indeedee|move: Follow Me\n|move|p1a: Exeggutor|Sleep Powder|p2a: Indeedee\n|-status|p2a: Indeedee|slp|[from] move: Sleep Powder\n|move|p2b: Gallade|Psycho Cut|p1b: Sneasler\n|-activate|p1b: Sneasler|move: Protect\n|\n|upkeep\n|turn|2\n|inactive|Annie9595 has 30 seconds left.\n|\n|t:|1730406796\n|switch|p2a: Hatterene|Hatterene, L50, F|100\/100\n|move|p1b: Sneasler|Dire Claw|p2b: Gallade\n|-damage|p2b: Gallade|35\/100\n|move|p1a: Exeggutor|Expanding Force|p2b: Gallade|[spread] p2a,p2b\n|-resisted|p2a: Hatterene\n|-damage|p2a: Hatterene|65\/100\n|-damage|p2b: Gallade|0 fnt\n|faint|p2b: Gallade\n|\n|upkeep\n|\n|t:|1730406801\n|switch|p2b: Indeedee|Indeedee-F, L50, F|100\/100 slp\n|turn|3\n|\n|t:|1730406809\n|move|p2a: Hatterene|Protect|p2a: Hatterene\n|-singleturn|p2a: Hatterene|Protect\n|move|p1b: Sneasler|Dire Claw|p2a: Hatterene\n|-activate|p2a: Hatterene|move: Protect\n|move|p1a: Exeggutor|Expanding Force|p2a: Hatterene|[spread] p2b\n|-activate|p2a: Hatterene|move: Protect\n|-resisted|p2b: Indeedee\n|-damage|p2b: Indeedee|73\/100 slp\n|cant|p2b: Indeedee|slp\n|\n|upkeep\n|turn|4\n|\n|t:|1730406823\n|switch|p2a: Torkoal|Torkoal, L50, F|100\/100\n|-weather|SunnyDay|[from] ability: Drought|[of] p2a: Torkoal\n|-terastallize|p1b: Sneasler|Dark\n|move|p1b: Sneasler|Throat Chop|p2b: Indeedee\n|-supereffective|p2b: Indeedee\n|-damage|p2b: Indeedee|0 fnt\n|-damage|p1b: Sneasler|84\/100|[from] item: Rocky Helmet|[of] p2b: Indeedee\n|faint|p2b: Indeedee\n|move|p1a: Exeggutor|Expanding Force|p2a: Torkoal\n|-damage|p2a: Torkoal|0 fnt\n|faint|p2a: Torkoal\n|\n|-weather|SunnyDay|[upkeep]\n|upkeep\n|\n|t:|1730406827\n|switch|p2b: Hatterene|Hatterene, L50, F|65\/100\n|turn|5\n|-message|Hypersonicly\u2714\ufe0f forfeited.\n|\n|win|Annie9595\n|raw|Annie9595's rating: 1671 &rarr; <strong>1692<\/strong><br \/>(+21 for winning)\n|raw|Hypersonicly\u2714\ufe0f's rating: 1690 &rarr; <strong>1669<\/strong><br \/>(-21 for losing)\n|l|\u2606Hypersonicly\u2714\ufe0f\n|player|p2|\n|l|\u2606Annie9595\n|player|p1|\n|l| falcon108\n","uploadtime":1730407036,"views":22,"formatid":"gen9vgc2024regh","rating":1669,"private":0,"password":null}