{"id":"gen9vgc2024regh-2234955892","format":"[Gen 9] VGC 2024 Reg H","players":["hockypooo","TheOnlyFizzo"],"log":"|j|\u2606hockypooo\n|j|\u2606TheOnlyFizzo\n|t:|1730406557\n|gametype|doubles\n|player|p1|hockypooo|idol|1697\n|player|p2|TheOnlyFizzo|170|1759\n|teamsize|p1|6\n|teamsize|p2|6\n|gen|9\n|tier|[Gen 9] VGC 2024 Reg H\n|rated|\n|rule|Species Clause: Limit one of each Pok\u00e9mon\n|rule|Item Clause: Limit 1 of each item\n|clearpoke\n|poke|p1|Dondozo, L50, F|\n|poke|p1|Tatsugiri, L50, M|\n|poke|p1|Talonflame, L50, F|\n|poke|p1|Gholdengo, L50|\n|poke|p1|Glimmora, L50, M|\n|poke|p1|Dragonite, L50, M|\n|poke|p2|Metagross, L50|\n|poke|p2|Farigiraf, L50, M|\n|poke|p2|Torkoal, L50, M|\n|poke|p2|Smeargle, L50, F|\n|poke|p2|Annihilape, L50, M|\n|poke|p2|Ursaluna-Bloodmoon, L50, M|\n|teampreview|4\n|inactive|Battle timer is ON: inactive players will automatically lose when time's up. (requested by TheOnlyFizzo)\n|inactive|hockypooo has 60 seconds left.\n|inactive|hockypooo has 30 seconds left.\n|\n|t:|1730406634\n|start\n|switch|p1a: Gholdengo|Gholdengo, L50|100\/100\n|switch|p1b: Glimmora|Glimmora, L50, M, shiny|100\/100\n|switch|p2a: Smeargle|Smeargle, L50, F|100\/100\n|switch|p2b: Annihilape|Annihilape, L50, M|100\/100\n|turn|1\n|\n|t:|1730406657\n|-terastallize|p1a: Gholdengo|Steel\n|move|p2a: Smeargle|Water Shuriken|p2b: Annihilape\n|-damage|p2b: Annihilape|99\/100\n|-damage|p2b: Annihilape|98\/100\n|-damage|p2b: Annihilape|97\/100\n|-damage|p2b: Annihilape|96\/100\n|-hitcount|p2b: Annihilape|4\n|move|p2b: Annihilape|Rage Fist|p1a: Gholdengo\n|-damage|p1a: Gholdengo|0 fnt\n|faint|p1a: Gholdengo\n|move|p1b: Glimmora|Mortal Spin|p2a: Smeargle|[spread] p2a,p2b\n|-resisted|p2b: Annihilape\n|-damage|p2a: Smeargle|92\/100\n|-damage|p2b: Annihilape|94\/100\n|-status|p2a: Smeargle|psn\n|-status|p2b: Annihilape|psn\n|\n|-damage|p2b: Annihilape|82\/100 psn|[from] psn\n|-damage|p2a: Smeargle|80\/100 psn|[from] psn\n|-ability|p2a: Smeargle|Moody|boost\n|-boost|p2a: Smeargle|def|2\n|-unboost|p2a: Smeargle|spd|1\n|upkeep\n|\n|t:|1730406665\n|switch|p1a: Dondozo|Dondozo, L50, F|100\/100\n|turn|2\n|inactive|hockypooo has 30 seconds left.\n|inactive|TheOnlyFizzo has 30 seconds left.\n|inactive|TheOnlyFizzo has 20 seconds left.\n|inactive|TheOnlyFizzo has 15 seconds left.\n|inactive|TheOnlyFizzo has 10 seconds left.\n|\n|t:|1730406710\n|switch|p1b: Tatsugiri|Tatsugiri, L50, M, shiny|100\/100\n|-activate|p1b: Tatsugiri|ability: Commander|[of] p1a: Dondozo\n|-boost|p1a: Dondozo|atk|2\n|-boost|p1a: Dondozo|spa|2\n|-boost|p1a: Dondozo|spe|2\n|-boost|p1a: Dondozo|def|2\n|-boost|p1a: Dondozo|spd|2\n|-terastallize|p2b: Annihilape|Grass\n|move|p2a: Smeargle|Follow Me|p2a: Smeargle\n|-singleturn|p2a: Smeargle|move: Follow Me\n|move|p2b: Annihilape|Rage Fist|p1a: Dondozo\n|-damage|p1a: Dondozo|51\/100\n|move|p1a: Dondozo|Earthquake|p2b: Annihilape|[spread] p2a,p2b\n|-miss|p1a: Dondozo|p1b: Tatsugiri\n|-resisted|p2b: Annihilape\n|-damage|p2a: Smeargle|0 fnt\n|-damage|p2b: Annihilape|58\/100 psn\n|faint|p2a: Smeargle\n|\n|-heal|p1a: Dondozo|57\/100|[from] item: Leftovers\n|-damage|p2b: Annihilape|46\/100 psn|[from] psn\n|upkeep\n|\n|t:|1730406733\n|switch|p2a: Farigiraf|Farigiraf, L50, M|100\/100\n|turn|3\n|\n|t:|1730406750\n|move|p2a: Farigiraf|Helping Hand|p2b: Annihilape\n|-singleturn|p2b: Annihilape|Helping Hand|[of] p2a: Farigiraf\n|move|p1a: Dondozo|Protect|p1a: Dondozo\n|-singleturn|p1a: Dondozo|Protect\n|move|p2b: Annihilape|Rage Fist|p1a: Dondozo\n|-activate|p1a: Dondozo|move: Protect\n|\n|-heal|p1a: Dondozo|63\/100|[from] item: Leftovers\n|-damage|p2b: Annihilape|34\/100 psn|[from] psn\n|upkeep\n|turn|4\n|j| falcon108\n|\n|t:|1730406764\n|move|p2a: Farigiraf|Helping Hand|p2b: Annihilape\n|-singleturn|p2b: Annihilape|Helping Hand|[of] p2a: Farigiraf\n|move|p2b: Annihilape|Rage Fist|p1a: Dondozo\n|-damage|p1a: Dondozo|0 fnt\n|faint|p1a: Dondozo\n|\n|-damage|p2b: Annihilape|22\/100 psn|[from] psn\n|upkeep\n|\n|t:|1730406769\n|switch|p1a: Glimmora|Glimmora, L50, M, shiny|100\/100\n|turn|5\n|inactive|TheOnlyFizzo has 30 seconds left.\n|inactive|TheOnlyFizzo has 20 seconds left.\n|inactive|TheOnlyFizzo has 15 seconds left.\n|inactive|TheOnlyFizzo has 10 seconds left.\n|\n|t:|1730406817\n|move|p1b: Tatsugiri|Icy Wind|p2b: Annihilape|[spread] p2a,p2b\n|-supereffective|p2b: Annihilape\n|-damage|p2a: Farigiraf|89\/100\n|-damage|p2b: Annihilape|0 fnt\n|-unboost|p2a: Farigiraf|spe|1\n|faint|p2b: Annihilape\n|move|p1a: Glimmora|Sludge Bomb|p2a: Farigiraf\n|-damage|p2a: Farigiraf|51\/100\n|move|p2a: Farigiraf|Trick Room|p2a: Farigiraf\n|-fieldstart|move: Trick Room|[of] p2a: Farigiraf\n|\n|upkeep\n|\n|t:|1730406828\n|switch|p2b: Ursaluna|Ursaluna-Bloodmoon, L50, M|100\/100\n|turn|6\n|\n|t:|1730406840\n|move|p2a: Farigiraf|Dazzling Gleam|p1a: Glimmora|[spread] p1a,p1b\n|-resisted|p1a: Glimmora\n|-supereffective|p1b: Tatsugiri\n|-damage|p1a: Glimmora|95\/100\n|-damage|p1b: Tatsugiri|62\/100\n|move|p2b: Ursaluna|Blood Moon|p1b: Tatsugiri\n|-damage|p1b: Tatsugiri|0 fnt\n|faint|p1b: Tatsugiri\n|move|p1a: Glimmora|Earth Power|p2b: Ursaluna\n|-damage|p2b: Ursaluna|66\/100\n|\n|upkeep\n|turn|7\n|\n|t:|1730406863\n|move|p2a: Farigiraf|Helping Hand|p2b: Ursaluna\n|-singleturn|p2b: Ursaluna|Helping Hand|[of] p2a: Farigiraf\n|move|p2b: Ursaluna|Hyper Voice|p1a: Glimmora\n|-resisted|p1a: Glimmora\n|-damage|p1a: Glimmora|60\/100\n|move|p1a: Glimmora|Mortal Spin|p2a: Farigiraf|[spread] p2a,p2b\n|-resisted|p2b: Ursaluna\n|-damage|p2a: Farigiraf|48\/100\n|-damage|p2b: Ursaluna|64\/100\n|-status|p2a: Farigiraf|psn\n|-status|p2b: Ursaluna|psn\n|\n|-damage|p2a: Farigiraf|35\/100 psn|[from] psn\n|-damage|p2b: Ursaluna|52\/100 psn|[from] psn\n|upkeep\n|turn|8\n|\n|t:|1730406882\n|move|p2a: Farigiraf|Helping Hand|p2b: Ursaluna\n|-singleturn|p2b: Ursaluna|Helping Hand|[of] p2a: Farigiraf\n|move|p2b: Ursaluna|Hyper Voice|p1a: Glimmora\n|-resisted|p1a: Glimmora\n|-damage|p1a: Glimmora|27\/100\n|move|p1a: Glimmora|Sludge Bomb|p2b: Ursaluna\n|-resisted|p2b: Ursaluna\n|-damage|p2b: Ursaluna|27\/100 psn\n|\n|-damage|p2a: Farigiraf|23\/100 psn|[from] psn\n|-damage|p2b: Ursaluna|15\/100 psn|[from] psn\n|upkeep\n|turn|9\n|\n|t:|1730406898\n|move|p2a: Farigiraf|Helping Hand|p2b: Ursaluna\n|-singleturn|p2b: Ursaluna|Helping Hand|[of] p2a: Farigiraf\n|move|p2b: Ursaluna|Blood Moon|p1a: Glimmora\n|-resisted|p1a: Glimmora\n|-damage|p1a: Glimmora|0 fnt\n|faint|p1a: Glimmora\n|\n|win|TheOnlyFizzo\n|raw|hockypooo's rating: 1697 &rarr; <strong>1681<\/strong><br \/>(-16 for losing)\n|raw|TheOnlyFizzo's rating: 1759 &rarr; <strong>1775<\/strong><br \/>(+16 for winning)\n|l|\u2606hockypooo\n|player|p1|\n|l| falcon108\n|l|\u2606TheOnlyFizzo\n|player|p2|\n","uploadtime":1730407175,"views":17,"formatid":"gen9vgc2024regh","rating":1681,"private":0,"password":null}