{"id":"gen9vgc2024regh-2234297654","format":"[Gen 9] VGC 2024 Reg H","players":["preti bigtoo","647w"],"log":"|j|\u2606preti bigtoo\n|j|\u2606647w\n|t:|1730322053\n|gametype|doubles\n|player|p1|preti bigtoo|1|1695\n|player|p2|647w|lucas-gen4pt|1677\n|teamsize|p1|6\n|teamsize|p2|6\n|gen|9\n|tier|[Gen 9] VGC 2024 Reg H\n|rated|\n|rule|Species Clause: Limit one of each Pok\u00e9mon\n|rule|Item Clause: Limit 1 of each item\n|clearpoke\n|poke|p1|Kingambit, L50, M|\n|poke|p1|Tatsugiri, L50, F|\n|poke|p1|Rillaboom, L50, F|\n|poke|p1|Ninetales-Alola, L50, F|\n|poke|p1|Dondozo, L50, F|\n|poke|p1|Sneasler, L50, M|\n|poke|p2|Kilowattrel, L50, M|\n|poke|p2|Garchomp, L50, M|\n|poke|p2|Gholdengo, L50|\n|poke|p2|Incineroar, L50, M|\n|poke|p2|Rillaboom, L50, M|\n|poke|p2|Dondozo, L50, M|\n|teampreview|4\n|\n|t:|1730322072\n|start\n|switch|p1a: Sneasler|Sneasler, L50, M|100\/100\n|switch|p1b: Kingambit|Kingambit, L50, M|100\/100\n|switch|p2a: Gholdengo|Gholdengo, L50|100\/100\n|switch|p2b: Dondozo|Dondozo, L50, M|100\/100\n|turn|1\n|\n|t:|1730322114\n|switch|p2a: Incineroar|Incineroar, L50, M|100\/100\n|-ability|p2a: Incineroar|Intimidate|boost\n|-unboost|p1a: Sneasler|atk|1\n|-unboost|p1b: Kingambit|atk|1\n|-ability|p1b: Kingambit|Defiant|boost\n|-boost|p1b: Kingambit|atk|2\n|switch|p1b: Ninetales|Ninetales-Alola, L50, F|100\/100\n|-weather|Snow|[from] ability: Snow Warning|[of] p1b: Ninetales\n|move|p1a: Sneasler|Dire Claw|p2b: Dondozo\n|-damage|p2b: Dondozo|76\/100\n|-status|p2b: Dondozo|par\n|move|p2b: Dondozo|Yawn|p1b: Ninetales\n|-start|p1b: Ninetales|move: Yawn|[of] p2b: Dondozo\n|\n|-weather|Snow|[upkeep]\n|-heal|p2b: Dondozo|82\/100 par|[from] item: Leftovers\n|upkeep\n|turn|2\n|inactive|Battle timer is ON: inactive players will automatically lose when time's up. (requested by 647w)\n|j| Kpxbrothers\n|inactive|preti bigtoo has 60 seconds left.\n|\n|t:|1730322254\n|switch|p1b: Rillaboom|Rillaboom, L50, F|100\/100\n|-fieldstart|move: Grassy Terrain|[from] ability: Grassy Surge|[of] p1b: Rillaboom\n|move|p1a: Sneasler|Protect|p1a: Sneasler\n|-singleturn|p1a: Sneasler|Protect\n|move|p2a: Incineroar|Flare Blitz|p1b: Rillaboom\n|-supereffective|p1b: Rillaboom\n|-damage|p1b: Rillaboom|0 fnt\n|faint|p1b: Rillaboom\n|-damage|p2a: Incineroar|67\/100|[from] Recoil\n|move|p2b: Dondozo|Yawn|p1a: Sneasler\n|-activate|p1a: Sneasler|move: Protect\n|\n|-weather|Snow|[upkeep]\n|-heal|p2a: Incineroar|73\/100|[from] Grassy Terrain\n|-heal|p2b: Dondozo|88\/100 par|[from] Grassy Terrain\n|-heal|p2b: Dondozo|94\/100 par|[from] item: Leftovers\n|upkeep\n|\n|t:|1730322277\n|switch|p1b: Kingambit|Kingambit, L50, M|100\/100\n|turn|3\n|\n|t:|1730322294\n|switch|p2a: Garchomp|Garchomp, L50, M|100\/100\n|move|p1b: Kingambit|Protect|p1b: Kingambit\n|-singleturn|p1b: Kingambit|Protect\n|move|p1a: Sneasler|Coaching|p1b: Kingambit\n|-boost|p1b: Kingambit|atk|1\n|-boost|p1b: Kingambit|def|1\n|move|p2b: Dondozo|Yawn|p1b: Kingambit\n|-activate|p1b: Kingambit|move: Protect\n|\n|-weather|Snow|[upkeep]\n|-heal|p2b: Dondozo|100\/100 par|[from] Grassy Terrain\n|upkeep\n|turn|4\n|\n|t:|1730322317\n|move|p1a: Sneasler|Coaching|p1b: Kingambit\n|-boost|p1b: Kingambit|atk|1\n|-boost|p1b: Kingambit|def|1\n|move|p2a: Garchomp|Stomping Tantrum|p1a: Sneasler\n|-supereffective|p1a: Sneasler\n|-enditem|p1a: Sneasler|Focus Sash\n|-damage|p1a: Sneasler|1\/100\n|move|p1b: Kingambit|Kowtow Cleave|p2a: Garchomp\n|-damage|p2a: Garchomp|6\/100\n|-damage|p1b: Kingambit|88\/100|[from] ability: Rough Skin|[of] p2a: Garchomp\n|move|p2b: Dondozo|Yawn|p1b: Kingambit\n|-start|p1b: Kingambit|move: Yawn|[of] p2b: Dondozo\n|\n|-weather|Snow|[upkeep]\n|-heal|p1a: Sneasler|7\/100|[from] Grassy Terrain\n|-heal|p2a: Garchomp|12\/100|[from] Grassy Terrain\n|-heal|p1b: Kingambit|94\/100|[from] Grassy Terrain\n|upkeep\n|turn|5\n|inactive|preti bigtoo has 30 seconds left.\n|\n|t:|1730322346\n|switch|p1b: Ninetales|Ninetales-Alola, L50, F|100\/100\n|move|p1a: Sneasler|Close Combat|p2a: Garchomp\n|-damage|p2a: Garchomp|0 fnt\n|-unboost|p1a: Sneasler|def|1\n|-unboost|p1a: Sneasler|spd|1\n|-damage|p1a: Sneasler|0 fnt|[from] ability: Rough Skin|[of] p2a: Garchomp\n|faint|p2a: Garchomp\n|faint|p1a: Sneasler\n|move|p2b: Dondozo|Yawn|p1b: Ninetales\n|-start|p1b: Ninetales|move: Yawn|[of] p2b: Dondozo\n|\n|-weather|none\n|upkeep\n|\n|t:|1730322360\n|switch|p1a: Kingambit|Kingambit, L50, M|94\/100\n|switch|p2a: Incineroar|Incineroar, L50, M|73\/100\n|-ability|p2a: Incineroar|Intimidate|boost\n|-unboost|p1a: Kingambit|atk|1\n|-ability|p1a: Kingambit|Defiant|boost\n|-boost|p1a: Kingambit|atk|2\n|-unboost|p1b: Ninetales|atk|1\n|turn|6\n|\n|t:|1730322381\n|switch|p2b: Gholdengo|Gholdengo, L50|100\/100\n|move|p2a: Incineroar|Fake Out|p1a: Kingambit\n|-resisted|p1a: Kingambit\n|-damage|p1a: Kingambit|89\/100\n|move|p1b: Ninetales|Freeze-Dry|p2b: Gholdengo\n|-resisted|p2b: Gholdengo\n|-damage|p2b: Gholdengo|84\/100\n|cant|p1a: Kingambit|flinch\n|\n|-heal|p2b: Gholdengo|91\/100|[from] Grassy Terrain\n|-heal|p1a: Kingambit|95\/100|[from] Grassy Terrain\n|-heal|p2a: Incineroar|79\/100|[from] Grassy Terrain\n|-end|p1b: Ninetales|move: Yawn|[silent]\n|-status|p1b: Ninetales|slp\n|-fieldend|move: Grassy Terrain\n|upkeep\n|turn|7\n|\n|t:|1730322400\n|-terastallize|p2b: Gholdengo|Water\n|cant|p1b: Ninetales|slp\n|move|p2b: Gholdengo|Make It Rain|p1a: Kingambit|[spread] p1a,p1b\n|-resisted|p1a: Kingambit\n|-supereffective|p1b: Ninetales\n|-damage|p1a: Kingambit|71\/100\n|-damage|p1b: Ninetales|0 fnt\n|-unboost|p2b: Gholdengo|spa|1\n|faint|p1b: Ninetales\n|move|p1a: Kingambit|Kowtow Cleave|p2b: Gholdengo\n|-damage|p2b: Gholdengo|24\/100\n|-enditem|p2b: Gholdengo|Sitrus Berry|[eat]\n|-heal|p2b: Gholdengo|49\/100|[from] item: Sitrus Berry\n|move|p2a: Incineroar|Flare Blitz|p1a: Kingambit\n|-supereffective|p1a: Kingambit\n|-damage|p1a: Kingambit|0 fnt\n|faint|p1a: Kingambit\n|-damage|p2a: Incineroar|57\/100|[from] Recoil\n|\n|win|647w\n|raw|preti bigtoo's rating: 1695 &rarr; <strong>1674<\/strong><br \/>(-21 for losing)\n|raw|647w's rating: 1677 &rarr; <strong>1698<\/strong><br \/>(+21 for winning)\n|l|\u2606preti bigtoo\n|player|p1|\n|l|\u2606647w\n|player|p2|\n","uploadtime":1730322655,"views":18,"formatid":"gen9vgc2024regh","rating":1674,"private":0,"password":null}