{"id":"gen9vgc2024regh-2234226353","format":"[Gen 9] VGC 2024 Reg H","players":["Gameplaya","ted31625"],"log":"|j|\u2606Gameplaya\n|j|\u2606ted31625\n|t:|1730315028\n|gametype|doubles\n|player|p1|Gameplaya|teamrocket|1636\n|player|p2|ted31625|1|1757\n|teamsize|p1|6\n|teamsize|p2|6\n|gen|9\n|tier|[Gen 9] VGC 2024 Reg H\n|rated|\n|rule|Species Clause: Limit one of each Pok\u00e9mon\n|rule|Item Clause: Limit 1 of each item\n|clearpoke\n|poke|p1|Skeledirge, L50, M|\n|poke|p1|Farigiraf, L50, F|\n|poke|p1|Garganacl, L50, M|\n|poke|p1|Ursaluna, L50, F|\n|poke|p1|Araquanid, L50, F|\n|poke|p1|Grimmsnarl, L50, M|\n|poke|p2|Indeedee-F, L50, F|\n|poke|p2|Gallade, L50, M|\n|poke|p2|Ursaluna, L50, M|\n|poke|p2|Torkoal, L50, M|\n|poke|p2|Exeggutor, L50, M|\n|poke|p2|Zoroark-Hisui, L50, F|\n|teampreview|4\n|inactive|Battle timer is ON: inactive players will automatically lose when time's up. (requested by Gameplaya)\nted31625 has agreed to open team sheets.\n|j| jdarcan\n|inactive|Gameplaya has 60 seconds left.\n|\n|t:|1730315069\n|start\n|switch|p1a: Grimmsnarl|Grimmsnarl, L50, M|100\/100\n|switch|p1b: Ursaluna|Ursaluna, L50, F|100\/100\n|switch|p2a: Indeedee|Indeedee-F, L50, F|100\/100\n|switch|p2b: Gallade|Gallade, L50, M|100\/100\n|-fieldstart|move: Psychic Terrain|[from] ability: Psychic Surge|[of] p2a: Indeedee\n|-enditem|p2a: Indeedee|Psychic Seed\n|-boost|p2a: Indeedee|spd|1|[from] item: Psychic Seed\n|turn|1\n|j| mr pogostick\n|\n|t:|1730315086\n|move|p1b: Ursaluna|Protect|p1b: Ursaluna\n|-singleturn|p1b: Ursaluna|Protect\n|move|p2b: Gallade|Sacred Sword|p1b: Ursaluna\n|-activate|p1b: Ursaluna|move: Protect\n|move|p1a: Grimmsnarl|Spirit Break|p2b: Gallade\n|-supereffective|p2b: Gallade\n|-damage|p2b: Gallade|11\/100\n|move|p2a: Indeedee|Trick Room|p2a: Indeedee\n|-fieldstart|move: Trick Room|[of] p2a: Indeedee\n|\n|-status|p1b: Ursaluna|brn|[from] item: Flame Orb\n|upkeep\n|turn|2\n|\n|t:|1730315109\n|move|p2b: Gallade|Wide Guard|p2b: Gallade\n|-singleturn|p2b: Gallade|Wide Guard\n|move|p1b: Ursaluna|Facade|p2a: Indeedee\n|-damage|p2a: Indeedee|0 fnt\n|faint|p2a: Indeedee\n|move|p1a: Grimmsnarl|Spirit Break|p2b: Gallade\n|-supereffective|p2b: Gallade\n|-damage|p2b: Gallade|0 fnt\n|faint|p2b: Gallade\n|\n|-damage|p1b: Ursaluna|95\/100 brn|[from] brn\n|upkeep\n|\n|t:|1730315114\n|switch|p2a: Ursaluna|Ursaluna, L50, M|100\/100\n|switch|p2b: Torkoal|Torkoal, L50, M|100\/100\n|-weather|SunnyDay|[from] ability: Drought|[of] p2b: Torkoal\n|turn|3\n|\n|t:|1730315134\n|-terastallize|p2b: Torkoal|Fire\n|move|p1b: Ursaluna|Protect|p1b: Ursaluna\n|-singleturn|p1b: Ursaluna|Protect\n|move|p1a: Grimmsnarl|Light Screen|p1a: Grimmsnarl\n|-sidestart|p1: Gameplaya|move: Light Screen\n|move|p2b: Torkoal|Eruption|p1a: Grimmsnarl|[spread] p1a\n|-activate|p1b: Ursaluna|move: Protect\n|-crit|p1a: Grimmsnarl\n|-damage|p1a: Grimmsnarl|0 fnt\n|faint|p1a: Grimmsnarl\n|move|p2a: Ursaluna|Headlong Rush|p1b: Ursaluna\n|-activate|p1b: Ursaluna|move: Protect\n|\n|-weather|SunnyDay|[upkeep]\n|-damage|p1b: Ursaluna|89\/100 brn|[from] brn\n|-status|p2a: Ursaluna|brn|[from] item: Flame Orb\n|upkeep\n|\n|t:|1730315152\n|switch|p1a: Araquanid|Araquanid, L50, F, shiny|100\/100\n|turn|4\n|\n|t:|1730315163\n|move|p2b: Torkoal|Weather Ball|p1a: Araquanid\n|-damage|p1a: Araquanid|73\/100\n|move|p1a: Araquanid|Liquidation|p2b: Torkoal\n|-supereffective|p2b: Torkoal\n|-damage|p2b: Torkoal|38\/100\n|move|p1b: Ursaluna|Drain Punch|p2a: Ursaluna\n|-supereffective|p2a: Ursaluna\n|-damage|p2a: Ursaluna|32\/100 brn\n|-heal|p1b: Ursaluna|100\/100 brn|[from] drain|[of] p2a: Ursaluna\n|move|p2a: Ursaluna|Facade|p1b: Ursaluna\n|-damage|p1b: Ursaluna|14\/100 brn\n|\n|-weather|SunnyDay|[upkeep]\n|-damage|p1b: Ursaluna|9\/100 brn|[from] brn\n|-damage|p2a: Ursaluna|26\/100 brn|[from] brn\n|upkeep\n|turn|5\n|inactive|Gameplaya has 30 seconds left.\n|\n|t:|1730315190\n|move|p1b: Ursaluna|Protect|p1b: Ursaluna\n|-singleturn|p1b: Ursaluna|Protect\n|move|p2b: Torkoal|Eruption|p1a: Araquanid|[spread] p1a\n|-activate|p1b: Ursaluna|move: Protect\n|-damage|p1a: Araquanid|59\/100\n|move|p1a: Araquanid|Liquidation|p2a: Ursaluna\n|-supereffective|p2a: Ursaluna\n|-damage|p2a: Ursaluna|0 fnt\n|faint|p2a: Ursaluna\n|\n|-weather|SunnyDay|[upkeep]\n|-damage|p1b: Ursaluna|3\/100 brn|[from] brn\n|-fieldend|move: Trick Room\n|-fieldend|move: Psychic Terrain\n|upkeep\n|turn|6\n|\n|t:|1730315206\n|move|p1b: Ursaluna|Headlong Rush|p2b: Torkoal\n|-supereffective|p2b: Torkoal\n|-damage|p2b: Torkoal|0 fnt\n|-unboost|p1b: Ursaluna|def|1\n|-unboost|p1b: Ursaluna|spd|1\n|faint|p2b: Torkoal\n|\n|win|Gameplaya\n|raw|Gameplaya's rating: 1636 &rarr; <strong>1663<\/strong><br \/>(+27 for winning)\n|raw|ted31625's rating: 1757 &rarr; <strong>1730<\/strong><br \/>(-27 for losing)\n|l|\u2606Gameplaya\n|player|p1|\n|l|\u2606ted31625\n|player|p2|\n|l| jdarcan\n|l| mr pogostick\n","uploadtime":1730315366,"views":15,"formatid":"gen9vgc2024regh","rating":1663,"private":0,"password":null}