{"id":"gen9vgc2024regh-2234470963","format":"[Gen 9] VGC 2024 Reg H","players":["number86","J.Ratri"],"log":"|j|\u2606number86\n|j|\u203dJ.Ratri\n|t:|1730342732\n|gametype|doubles\n|player|p1|number86|101|1672\n|player|p2|J.Ratri|jasmine|1729\n|teamsize|p1|6\n|teamsize|p2|6\n|gen|9\n|tier|[Gen 9] VGC 2024 Reg H\n|rated|\n|rule|Species Clause: Limit one of each Pok\u00e9mon\n|rule|Item Clause: Limit 1 of each item\n|clearpoke\n|poke|p1|Garchomp, L50, M|\n|poke|p1|Talonflame, L50, F|\n|poke|p1|Gholdengo, L50|\n|poke|p1|Amoonguss, L50, F|\n|poke|p1|Primarina, L50, F|\n|poke|p1|Ninetales-Alola, L50, M|\n|poke|p2|Garchomp, L50, M|\n|poke|p2|Ninetales-Alola, L50, F|\n|poke|p2|Annihilape, L50, M|\n|poke|p2|Ceruledge, L50, F|\n|poke|p2|Mandibuzz, L50, F|\n|poke|p2|Bellibolt, L50, F|\n|teampreview|4\nnumber86 has agreed to open team sheets.\n|\n|t:|1730342760\n|start\n|switch|p1a: Talonflame|Talonflame, L50, F|100\/100\n|switch|p1b: Ninetales|Ninetales-Alola, L50, M|100\/100\n|switch|p2a: Mandibuzz|Mandibuzz, L50, F|100\/100\n|switch|p2b: Ninetales|Ninetales-Alola, L50, F|100\/100\n|-weather|Snow|[from] ability: Snow Warning|[of] p1b: Ninetales\n|turn|1\n|\n|t:|1730342777\n|switch|p2a: Bellibolt|Bellibolt, L50, F|100\/100\n|move|p1a: Talonflame|Taunt|p2b: Ninetales\n|-start|p2b: Ninetales|move: Taunt\n|cant|p2b: Ninetales|move: Taunt|Aurora Veil\n|move|p1b: Ninetales|Aurora Veil|p1b: Ninetales\n|-sidestart|p1: number86|move: Aurora Veil\n|\n|-weather|Snow|[upkeep]\n|upkeep\n|turn|2\n|\n|t:|1730342800\n|switch|p2b: Mandibuzz|Mandibuzz, L50, F|100\/100\n|move|p1a: Talonflame|Tailwind|p1a: Talonflame\n|-sidestart|p1: number86|move: Tailwind\n|move|p1b: Ninetales|Blizzard|p2b: Mandibuzz|[spread] p2a,p2b\n|-supereffective|p2b: Mandibuzz\n|-damage|p2a: Bellibolt|86\/100\n|-damage|p2b: Mandibuzz|66\/100\n|-start|p2a: Bellibolt|Charge|Blizzard|[from] ability: Electromorphosis\n|move|p2a: Bellibolt|Thunderbolt|p1a: Talonflame\n|-supereffective|p1a: Talonflame\n|-damage|p1a: Talonflame|0 fnt\n|faint|p1a: Talonflame\n|-end|p2a: Bellibolt|Charge|[silent]\n|\n|-weather|Snow|[upkeep]\n|-heal|p2b: Mandibuzz|72\/100|[from] item: Leftovers\n|upkeep\n|\n|t:|1730342814\n|switch|p1a: Garchomp|Garchomp, L50, M|100\/100\n|turn|3\n|j| revplog\n|\n|t:|1730342848\n|switch|p2a: Annihilape|Annihilape, L50, M|100\/100\n|move|p2b: Mandibuzz|Protect|p2b: Mandibuzz\n|-singleturn|p2b: Mandibuzz|Protect\n|move|p1b: Ninetales|Moonblast|p2b: Mandibuzz\n|-activate|p2b: Mandibuzz|move: Protect\n|move|p1a: Garchomp|Dragon Claw|p2b: Mandibuzz\n|-activate|p2b: Mandibuzz|move: Protect\n|\n|-weather|Snow|[upkeep]\n|-heal|p2b: Mandibuzz|78\/100|[from] item: Leftovers\n|upkeep\n|turn|4\n|\n|t:|1730342873\n|move|p1b: Ninetales|Blizzard|p2a: Annihilape|[spread] p2a,p2b\n|-supereffective|p2b: Mandibuzz\n|-damage|p2a: Annihilape|78\/100\n|-damage|p2b: Mandibuzz|47\/100\n|-status|p2a: Annihilape|frz\n|move|p1a: Garchomp|Swords Dance|p1a: Garchomp\n|-boost|p1a: Garchomp|atk|2\n|cant|p2a: Annihilape|frz\n|move|p2b: Mandibuzz|Tailwind|p2b: Mandibuzz\n|-sidestart|p2: J.Ratri|move: Tailwind\n|\n|-weather|Snow|[upkeep]\n|-heal|p2b: Mandibuzz|53\/100|[from] item: Leftovers\n|upkeep\n|turn|5\n|\n|t:|1730342890\n|move|p2b: Mandibuzz|Protect|p2b: Mandibuzz\n|-singleturn|p2b: Mandibuzz|Protect\n|move|p1b: Ninetales|Moonblast|p2a: Annihilape\n|-supereffective|p2a: Annihilape\n|-damage|p2a: Annihilape|27\/100 frz\n|move|p1a: Garchomp|Dragon Claw|p2b: Mandibuzz\n|-activate|p2b: Mandibuzz|move: Protect\n|cant|p2a: Annihilape|frz\n|\n|-weather|none\n|-heal|p2b: Mandibuzz|59\/100|[from] item: Leftovers\n|-sideend|p1: number86|move: Tailwind\n|upkeep\n|turn|6\n|\n|t:|1730342907\n|cant|p2a: Annihilape|frz\n|move|p2b: Mandibuzz|Foul Play|p1a: Garchomp\n|-damage|p1a: Garchomp|28\/100\n|-damage|p2b: Mandibuzz|47\/100|[from] ability: Rough Skin|[of] p1a: Garchomp\n|move|p1b: Ninetales|Moonblast|p2b: Mandibuzz\n|-supereffective|p2b: Mandibuzz\n|-damage|p2b: Mandibuzz|5\/100\n|move|p1a: Garchomp|Dragon Claw|p2a: Annihilape\n|-damage|p2a: Annihilape|0 fnt\n|faint|p2a: Annihilape\n|\n|-heal|p2b: Mandibuzz|11\/100|[from] item: Leftovers\n|upkeep\n|\n|t:|1730342913\n|switch|p2a: Ninetales|Ninetales-Alola, L50, F|100\/100\n|-weather|Snow|[from] ability: Snow Warning|[of] p2a: Ninetales\n|turn|7\n|\n|t:|1730342924\n|move|p2b: Mandibuzz|Protect|p2b: Mandibuzz\n|-singleturn|p2b: Mandibuzz|Protect\n|move|p1a: Garchomp|Protect|p1a: Garchomp\n|-singleturn|p1a: Garchomp|Protect\n|move|p2a: Ninetales|Aurora Veil|p2a: Ninetales\n|-sidestart|p2: J.Ratri|move: Aurora Veil\n|move|p1b: Ninetales|Moonblast|p2b: Mandibuzz\n|-activate|p2b: Mandibuzz|move: Protect\n|\n|-weather|Snow|[upkeep]\n|-heal|p2b: Mandibuzz|17\/100|[from] item: Leftovers\n|-sideend|p2: J.Ratri|move: Tailwind\n|upkeep\n|turn|8\n|\n|t:|1730342961\n|switch|p1a: Primarina|Primarina, L50, F|100\/100\n|-terastallize|p2a: Ninetales|Ice\n|move|p2a: Ninetales|Blizzard|p1b: Ninetales|[spread] p1a,p1b\n|-resisted|p1a: Primarina\n|-resisted|p1b: Ninetales\n|-damage|p1a: Primarina|88\/100\n|-damage|p1b: Ninetales|87\/100\n|move|p1b: Ninetales|Moonblast|p2b: Mandibuzz\n|-supereffective|p2b: Mandibuzz\n|-damage|p2b: Mandibuzz|0 fnt\n|faint|p2b: Mandibuzz\n|\n|-weather|Snow|[upkeep]\n|-sideend|p1: number86|move: Aurora Veil\n|upkeep\n|\n|t:|1730342966\n|switch|p2b: Bellibolt|Bellibolt, L50, F|86\/100\n|turn|9\n|\n|t:|1730342976\n|-terastallize|p1a: Primarina|Poison\n|move|p2a: Ninetales|Protect|p2a: Ninetales\n|-singleturn|p2a: Ninetales|Protect\n|move|p1b: Ninetales|Aurora Veil|p1b: Ninetales\n|-sidestart|p1: number86|move: Aurora Veil\n|move|p1a: Primarina|Hyper Voice|p2a: Ninetales|[spread] p2b\n|-activate|p2a: Ninetales|move: Protect\n|-damage|p2b: Bellibolt|71\/100\n|-start|p2b: Bellibolt|Charge|Hyper Voice|[from] ability: Electromorphosis\n|-enditem|p1a: Primarina|Throat Spray\n|-boost|p1a: Primarina|spa|1|[from] item: Throat Spray\n|move|p2b: Bellibolt|Parabolic Charge|p1b: Ninetales|[spread] p1a,p1b\n|-activate|p2a: Ninetales|move: Protect\n|-damage|p1a: Primarina|63\/100\n|-heal|p2b: Bellibolt|81\/100|[from] drain|[of] p1a: Primarina\n|-damage|p1b: Ninetales|58\/100\n|-heal|p2b: Bellibolt|94\/100|[from] drain|[of] p1b: Ninetales\n|-end|p2b: Bellibolt|Charge|[silent]\n|\n|-weather|Snow|[upkeep]\n|upkeep\n|turn|10\n|\n|t:|1730343006\n|move|p2a: Ninetales|Blizzard|p1b: Ninetales|[spread] p1a,p1b\n|-resisted|p1b: Ninetales\n|-damage|p1a: Primarina|40\/100\n|-damage|p1b: Ninetales|44\/100\n|move|p1b: Ninetales|Moonblast|p2a: Ninetales\n|-damage|p2a: Ninetales|80\/100\n|move|p1a: Primarina|Moonblast|p2a: Ninetales\n|-damage|p2a: Ninetales|23\/100\n|-unboost|p2a: Ninetales|spa|1\n|move|p2b: Bellibolt|Thunderbolt|p1a: Primarina\n|-damage|p1a: Primarina|15\/100\n|\n|-weather|Snow|[upkeep]\n|upkeep\n|turn|11\n|\n|t:|1730343035\n|move|p1b: Ninetales|Protect|p1b: Ninetales\n|-singleturn|p1b: Ninetales|Protect\n|move|p2a: Ninetales|Protect|p2a: Ninetales\n|-singleturn|p2a: Ninetales|Protect\n|move|p1a: Primarina|Moonblast|p2a: Ninetales\n|-activate|p2a: Ninetales|move: Protect\n|move|p2b: Bellibolt|Thunderbolt|p1b: Ninetales\n|-activate|p1b: Ninetales|move: Protect\n|\n|-weather|none\n|-sideend|p2: J.Ratri|move: Aurora Veil\n|upkeep\n|turn|12\n|\n|t:|1730343047\n|move|p2a: Ninetales|Blizzard|p1a: Primarina|[spread] p1a,p1b\n|-resisted|p1b: Ninetales\n|-damage|p1a: Primarina|1\/100\n|-damage|p1b: Ninetales|35\/100\n|-status|p1a: Primarina|frz\n|move|p1b: Ninetales|Moonblast|p2a: Ninetales\n|-damage|p2a: Ninetales|0 fnt\n|faint|p2a: Ninetales\n|-curestatus|p1a: Primarina|frz|[msg]\n|move|p1a: Primarina|Moonblast|p2b: Bellibolt\n|-damage|p2b: Bellibolt|46\/100\n|-start|p2b: Bellibolt|Charge|Moonblast|[from] ability: Electromorphosis\n|move|p2b: Bellibolt|Thunderbolt|p1b: Ninetales\n|-damage|p1b: Ninetales|0 fnt\n|faint|p1b: Ninetales\n|-end|p2b: Bellibolt|Charge|[silent]\n|\n|upkeep\n|-message|J.Ratri forfeited.\n|\n|win|number86\n|raw|number86's rating: 1672 &rarr; <strong>1695<\/strong><br \/>(+23 for winning)\n|raw|J.Ratri's rating: 1729 &rarr; <strong>1706<\/strong><br \/>(-23 for losing)\n|l|\u203dJ.Ratri\n|player|p2|\n|l| revplog\n|l|\u2606number86\n|player|p1|\n","uploadtime":1730343192,"views":17,"formatid":"gen9vgc2024regh","rating":1695,"private":0,"password":null}