{"id":"gen9vgc2024regh-2234824538","format":"[Gen 9] VGC 2024 Reg H","players":["prototony","brouz"],"log":"|j|\u2606prototony\n|j|\u2606brouz\n|t:|1730393521\n|gametype|doubles\n|player|p1|prototony|firebreather|1694\n|player|p2|brouz|ingo|1792\n|teamsize|p1|6\n|teamsize|p2|6\n|gen|9\n|tier|[Gen 9] VGC 2024 Reg H\n|rated|\n|rule|Species Clause: Limit one of each Pok\u00e9mon\n|rule|Item Clause: Limit 1 of each item\n|clearpoke\n|poke|p1|Gholdengo, L50|\n|poke|p1|Porygon2, L50|\n|poke|p1|Annihilape, L50, F|\n|poke|p1|Grimmsnarl, L50, M|\n|poke|p1|Ursaluna, L50, M|\n|poke|p1|Volcarona, L50, F|\n|poke|p2|Tyranitar, L50, M|\n|poke|p2|Gastrodon, L50, F|\n|poke|p2|Garchomp, L50, M|\n|poke|p2|Talonflame, L50, F|\n|poke|p2|Kingambit, L50, M|\n|poke|p2|Tsareena, L50, F|\n|teampreview|4\n|inactive|Battle timer is ON: inactive players will automatically lose when time's up. (requested by brouz)\n|inactive|prototony has 60 seconds left.\n|inactive|prototony has 30 seconds left.\n|inactive|prototony has 20 seconds left.\n|inactive|prototony has 15 seconds left.\n|\n|t:|1730393605\n|start\n|switch|p1a: Annihilape|Annihilape, L50, F|100\/100\n|switch|p1b: Grimmsnarl|Grimmsnarl, L50, M|100\/100\n|switch|p2a: Talonflame|Talonflame, L50, F|100\/100\n|switch|p2b: Garchomp|Garchomp, L50, M|100\/100\n|turn|1\n|\n|t:|1730393620\n|-terastallize|p2b: Garchomp|Ground\n|move|p1a: Annihilape|Protect|p1a: Annihilape\n|-singleturn|p1a: Annihilape|Protect\n|move|p2a: Talonflame|Tailwind|p2a: Talonflame\n|-sidestart|p2: brouz|move: Tailwind\n|move|p1b: Grimmsnarl|Reflect|p1b: Grimmsnarl\n|-sidestart|p1: prototony|Reflect\n|move|p2b: Garchomp|Earthquake|p1a: Annihilape|[spread] p1b\n|-activate|p1a: Annihilape|move: Protect\n|-immune|p2a: Talonflame\n|-damage|p1b: Grimmsnarl|43\/100\n|\n|upkeep\n|turn|2\n|inactive|prototony has 30 seconds left.\n|\n|t:|1730393645\n|move|p2a: Talonflame|Brave Bird|p1a: Annihilape\n|-supereffective|p1a: Annihilape\n|-damage|p1a: Annihilape|54\/100\n|-damage|p2a: Talonflame|83\/100|[from] Recoil\n|move|p2b: Garchomp|Earthquake|p1b: Grimmsnarl|[spread] p1a,p1b\n|-immune|p2a: Talonflame\n|-damage|p1a: Annihilape|0 fnt\n|-damage|p1b: Grimmsnarl|0 fnt\n|faint|p1a: Annihilape\n|faint|p1b: Grimmsnarl\n|\n|upkeep\n|\n|t:|1730393654\n|switch|p1a: Porygon2|Porygon2, L50|100\/100\n|switch|p1b: Ursaluna|Ursaluna, L50, M|100\/100\n|-ability|p1a: Porygon2|Download|boost\n|-boost|p1a: Porygon2|spa|1\n|turn|3\n|\n|t:|1730393663\n|move|p1b: Ursaluna|Protect|p1b: Ursaluna\n|-singleturn|p1b: Ursaluna|Protect\n|move|p2a: Talonflame|Taunt|p1a: Porygon2\n|-start|p1a: Porygon2|move: Taunt\n|move|p2b: Garchomp|Earthquake|p1b: Ursaluna|[spread] p1a\n|-activate|p1b: Ursaluna|move: Protect\n|-immune|p2a: Talonflame\n|-damage|p1a: Porygon2|71\/100\n|cant|p1a: Porygon2|move: Taunt|Trick Room\n|\n|-status|p1b: Ursaluna|brn|[from] item: Flame Orb\n|upkeep\n|turn|4\n|\n|t:|1730393676\n|move|p2a: Talonflame|Brave Bird|p1b: Ursaluna\n|-damage|p1b: Ursaluna|82\/100 brn\n|-damage|p2a: Talonflame|75\/100|[from] Recoil\n|move|p2b: Garchomp|Earthquake|p1a: Porygon2|[spread] p1a,p1b\n|-immune|p2a: Talonflame\n|-damage|p1a: Porygon2|42\/100\n|-damage|p1b: Ursaluna|39\/100 brn\n|move|p1a: Porygon2|Tri Attack|p2a: Talonflame\n|-damage|p2a: Talonflame|17\/100\n|move|p1b: Ursaluna|Facade|p2b: Garchomp\n|-damage|p2b: Garchomp|0 fnt\n|faint|p2b: Garchomp\n|\n|-damage|p1b: Ursaluna|33\/100 brn|[from] brn\n|-sideend|p2: brouz|move: Tailwind\n|upkeep\n|j| Conquistatore\n|\n|t:|1730393697\n|switch|p2b: Kingambit|Kingambit, L50, M|100\/100\n|turn|5\n|inactive|prototony has 30 seconds left.\n|\n|t:|1730393724\n|-terastallize|p1b: Ursaluna|Fairy\n|move|p2a: Talonflame|Brave Bird|p1b: Ursaluna\n|-damage|p1b: Ursaluna|17\/100 brn\n|-damage|p2a: Talonflame|10\/100|[from] Recoil\n|move|p1a: Porygon2|Tri Attack|p2a: Talonflame\n|-damage|p2a: Talonflame|0 fnt\n|faint|p2a: Talonflame\n|move|p2b: Kingambit|Kowtow Cleave|p1b: Ursaluna\n|-resisted|p1b: Ursaluna\n|-damage|p1b: Ursaluna|2\/100 brn\n|move|p1b: Ursaluna|Headlong Rush|p2b: Kingambit\n|-supereffective|p2b: Kingambit\n|-damage|p2b: Kingambit|0 fnt\n|-unboost|p1b: Ursaluna|def|1\n|-unboost|p1b: Ursaluna|spd|1\n|faint|p2b: Kingambit\n|\n|-damage|p1b: Ursaluna|0 fnt|[from] brn\n|faint|p1b: Ursaluna\n|-end|p1a: Porygon2|move: Taunt\n|upkeep\n|\n|t:|1730393730\n|switch|p2b: Tyranitar|Tyranitar, L50, M|100\/100\n|-weather|Sandstorm|[from] ability: Sand Stream|[of] p2b: Tyranitar\n|turn|6\n|j| bjvgc1\n|\n|t:|1730393744\n|move|p2b: Tyranitar|Knock Off|p1a: Porygon2\n|-damage|p1a: Porygon2|23\/100\n|-enditem|p1a: Porygon2|Eviolite|[from] move: Knock Off|[of] p2b: Tyranitar\n|move|p1a: Porygon2|Recover|p1a: Porygon2\n|-heal|p1a: Porygon2|73\/100\n|\n|-weather|Sandstorm|[upkeep]\n|-damage|p1a: Porygon2|67\/100|[from] Sandstorm\n|upkeep\n|turn|7\n|\n|t:|1730393749\n|move|p2b: Tyranitar|Rock Slide|p1a: Porygon2\n|-damage|p1a: Porygon2|42\/100\n|move|p1a: Porygon2|Recover|p1a: Porygon2\n|-heal|p1a: Porygon2|92\/100\n|\n|-weather|Sandstorm|[upkeep]\n|-damage|p1a: Porygon2|86\/100|[from] Sandstorm\n|upkeep\n|turn|8\n|\n|t:|1730393754\n|move|p2b: Tyranitar|Rock Slide|p1a: Porygon2\n|-damage|p1a: Porygon2|60\/100\n|move|p1a: Porygon2|Tri Attack|p2b: Tyranitar\n|-resisted|p2b: Tyranitar\n|-damage|p2b: Tyranitar|87\/100\n|\n|-weather|Sandstorm|[upkeep]\n|-damage|p1a: Porygon2|54\/100|[from] Sandstorm\n|-sideend|p1: prototony|Reflect\n|upkeep\n|turn|9\n|\n|t:|1730393761\n|move|p2b: Tyranitar|Rock Slide|p1a: Porygon2\n|-damage|p1a: Porygon2|21\/100\n|move|p1a: Porygon2|Recover|p1a: Porygon2\n|-heal|p1a: Porygon2|71\/100\n|\n|-weather|Sandstorm|[upkeep]\n|-damage|p1a: Porygon2|65\/100|[from] Sandstorm\n|upkeep\n|turn|10\n|\n|t:|1730393765\n|move|p2b: Tyranitar|Rock Slide|p1a: Porygon2\n|-damage|p1a: Porygon2|29\/100\n|move|p1a: Porygon2|Recover|p1a: Porygon2\n|-heal|p1a: Porygon2|79\/100\n|\n|-weather|none\n|upkeep\n|turn|11\n|\n|t:|1730393773\n|move|p2b: Tyranitar|Rock Slide|p1a: Porygon2|[miss]\n|-miss|p2b: Tyranitar|p1a: Porygon2\n|move|p1a: Porygon2|Tri Attack|p2b: Tyranitar\n|-resisted|p2b: Tyranitar\n|-damage|p2b: Tyranitar|65\/100\n|\n|upkeep\n|turn|12\n|\n|t:|1730393776\n|move|p2b: Tyranitar|Rock Slide|p1a: Porygon2\n|-damage|p1a: Porygon2|44\/100\n|cant|p1a: Porygon2|flinch\n|\n|upkeep\n|turn|13\n|\n|t:|1730393780\n|move|p2b: Tyranitar|Rock Slide|p1a: Porygon2\n|-damage|p1a: Porygon2|7\/100\n|cant|p1a: Porygon2|flinch\n|\n|upkeep\n|turn|14\n|\n|t:|1730393784\n|move|p2b: Tyranitar|Knock Off|p1a: Porygon2\n|-damage|p1a: Porygon2|0 fnt\n|faint|p1a: Porygon2\n|\n|win|brouz\n|raw|prototony's rating: 1694 &rarr; <strong>1679<\/strong><br \/>(-15 for losing)\n|raw|brouz's rating: 1792 &rarr; <strong>1807<\/strong><br \/>(+15 for winning)\n|l| bjvgc1\n|l|\u2606brouz\n|player|p2|\n|l| Conquistatore\n","uploadtime":1730394015,"views":16,"formatid":"gen9vgc2024regh","rating":1679,"private":0,"password":null}