{"id":"gen9vgc2024regh-2234298205","format":"[Gen 9] VGC 2024 Reg H","players":["ren122333","googer315"],"log":"|j|\u2606ren122333\n|j|\u2606googer315\n|t:|1730322111\n|gametype|doubles\n|player|p1|ren122333|hilbert|1775\n|player|p2|googer315|102|1819\n|teamsize|p1|6\n|teamsize|p2|6\n|gen|9\n|tier|[Gen 9] VGC 2024 Reg H\n|rated|\n|rule|Species Clause: Limit one of each Pok\u00e9mon\n|rule|Item Clause: Limit 1 of each item\n|clearpoke\n|poke|p1|Whimsicott, L50, F|\n|poke|p1|Mamoswine, L50, F|\n|poke|p1|Lycanroc-Dusk, L50, M|\n|poke|p1|Typhlosion-Hisui, L50, M|\n|poke|p1|Farigiraf, L50, F|\n|poke|p1|Mienshao, L50, M|\n|poke|p2|Dondozo, L50, F|\n|poke|p2|Tatsugiri, L50, F|\n|poke|p2|Glimmora, L50, F|\n|poke|p2|Maushold, L50|\n|poke|p2|Annihilape, L50, F|\n|poke|p2|Gholdengo, L50|\n|teampreview|4\n|\n|t:|1730322137\n|start\n|switch|p1a: Whimsicott|Whimsicott, L50, F|100\/100\n|switch|p1b: Mienshao|Mienshao, L50, M|100\/100\n|switch|p2a: Gholdengo|Gholdengo, L50|100\/100\n|switch|p2b: Glimmora|Glimmora, L50, F|100\/100\n|turn|1\n|inactive|Battle timer is ON: inactive players will automatically lose when time's up. (requested by ren122333)\n|\n|t:|1730322166\n|move|p1b: Mienshao|Wide Guard|p1b: Mienshao\n|-singleturn|p1b: Mienshao|Wide Guard\n|move|p1a: Whimsicott|Tailwind|p1a: Whimsicott\n|-sidestart|p1: ren122333|move: Tailwind\n|move|p2a: Gholdengo|Trick|p1a: Whimsicott\n|-activate|p2a: Gholdengo|move: Trick|[of] p1a: Whimsicott\n|-item|p1a: Whimsicott|Choice Scarf|[from] move: Trick\n|-item|p2a: Gholdengo|Focus Sash|[from] move: Trick\n|move|p2b: Glimmora|Sludge Bomb|p1a: Whimsicott\n|-supereffective|p1a: Whimsicott\n|-damage|p1a: Whimsicott|0 fnt\n|faint|p1a: Whimsicott\n|\n|upkeep\n|c|\u2606ren122333|Wow.\n|inactive|ren122333 has 30 seconds left.\n|\n|t:|1730322195\n|switch|p1a: Typhlosion|Typhlosion-Hisui, L50, M|100\/100\n|-item|p2a: Gholdengo|Focus Sash|[from] ability: Frisk|[of] p1a: Typhlosion\n|-item|p2b: Glimmora|Focus Sash|[from] ability: Frisk|[of] p1a: Typhlosion\n|turn|2\n|c|\u2606googer315|ahh that wasnt u last time?\n|\n|t:|1730322215\n|move|p2b: Glimmora|Spiky Shield|p2b: Glimmora\n|-singleturn|p2b: Glimmora|move: Protect\n|move|p1b: Mienshao|Knock Off|p2a: Gholdengo\n|-supereffective|p2a: Gholdengo\n|-enditem|p2a: Gholdengo|Focus Sash\n|-damage|p2a: Gholdengo|1\/100\n|-damage|p1b: Mienshao|90\/100|[from] item: Life Orb\n|move|p1a: Typhlosion|Eruption|p2b: Glimmora|[spread] p2a\n|-activate|p2b: Glimmora|move: Protect\n|-supereffective|p2a: Gholdengo\n|-damage|p2a: Gholdengo|0 fnt\n|faint|p2a: Gholdengo\n|\n|upkeep\n|\n|t:|1730322229\n|switch|p2a: Annihilape|Annihilape, L50, F|100\/100\n|turn|3\n|\n|t:|1730322238\n|switch|p2b: Maushold|Maushold, L50|100\/100\n|-terastallize|p2a: Annihilape|Water\n|move|p1b: Mienshao|Close Combat|p2b: Maushold\n|-supereffective|p2b: Maushold\n|-damage|p2b: Maushold|0 fnt\n|-unboost|p1b: Mienshao|def|1\n|-unboost|p1b: Mienshao|spd|1\n|faint|p2b: Maushold\n|-damage|p1b: Mienshao|80\/100|[from] item: Life Orb\n|move|p1a: Typhlosion|Eruption|p2a: Annihilape\n|-resisted|p2a: Annihilape\n|-damage|p2a: Annihilape|52\/100\n|move|p2a: Annihilape|Rage Fist|p1a: Typhlosion\n|-supereffective|p1a: Typhlosion\n|-damage|p1a: Typhlosion|0 fnt\n|faint|p1a: Typhlosion\n|\n|upkeep\n|j| Kpxbrothers\n|\n|t:|1730322257\n|switch|p1a: Mamoswine|Mamoswine, L50, F|100\/100\n|switch|p2b: Glimmora|Glimmora, L50, F|100\/100\n|turn|4\n|\n|t:|1730322264\n|move|p2b: Glimmora|Spiky Shield|p2b: Glimmora\n|-singleturn|p2b: Glimmora|move: Protect\n|move|p2a: Annihilape|Protect|p2a: Annihilape\n|-singleturn|p2a: Annihilape|Protect\n|move|p1b: Mienshao|Close Combat|p2a: Annihilape\n|-activate|p2a: Annihilape|move: Protect\n|move|p1a: Mamoswine|High Horsepower|p2b: Glimmora\n|-activate|p2b: Glimmora|move: Protect\n|-damage|p1a: Mamoswine|88\/100|[from] Spiky Shield|[of] p2b: Glimmora\n|\n|-sideend|p1: ren122333|move: Tailwind\n|upkeep\n|turn|5\n|\n|t:|1730322280\n|move|p1b: Mienshao|Close Combat|p2a: Annihilape\n|-damage|p2a: Annihilape|0 fnt\n|-unboost|p1b: Mienshao|def|1\n|-unboost|p1b: Mienshao|spd|1\n|faint|p2a: Annihilape\n|-damage|p1b: Mienshao|70\/100|[from] item: Life Orb\n|move|p1a: Mamoswine|High Horsepower|p2b: Glimmora\n|-supereffective|p2b: Glimmora\n|-enditem|p2b: Glimmora|Focus Sash\n|-damage|p2b: Glimmora|1\/100\n|-activate|p2b: Glimmora|ability: Toxic Debris\n|-sidestart|p1: ren122333|move: Toxic Spikes\n|move|p2b: Glimmora|Sludge Bomb|p1b: Mienshao\n|-damage|p1b: Mienshao|0 fnt\n|faint|p1b: Mienshao\n|\n|upkeep\n|turn|6\n|\n|t:|1730322298\n|move|p2b: Glimmora|Spiky Shield|p2b: Glimmora\n|-singleturn|p2b: Glimmora|move: Protect\n|move|p1a: Mamoswine|Tera Blast|p2b: Glimmora\n|-activate|p2b: Glimmora|move: Protect\n|\n|upkeep\n|turn|7\n|\n|t:|1730322305\n|move|p1a: Mamoswine|Tera Blast|p2b: Glimmora\n|-resisted|p2b: Glimmora\n|-damage|p2b: Glimmora|0 fnt\n|faint|p2b: Glimmora\n|\n|win|ren122333\n|raw|ren122333's rating: 1775 &rarr; <strong>1798<\/strong><br \/>(+23 for winning)\n|raw|googer315's rating: 1819 &rarr; <strong>1796<\/strong><br \/>(-23 for losing)\n|l|\u2606googer315\n|player|p2|\n|l|\u2606ren122333\n|player|p1|\n","uploadtime":1730322519,"views":63,"formatid":"gen9vgc2024regh","rating":1796,"private":0,"password":null}