{"id":"gen9vgc2024regh-2234949835","format":"[Gen 9] VGC 2024 Reg H","players":["Bobdebifiworst","RobertoAlonso"],"log":"|j|\u2606Bobdebifiworst\n|j|\u2606RobertoAlonso\n|t:|1730405879\n|gametype|doubles\n|player|p1|Bobdebifiworst|hiker-gen4|1700\n|player|p2|RobertoAlonso|101|1785\n|teamsize|p1|6\n|teamsize|p2|6\n|gen|9\n|tier|[Gen 9] VGC 2024 Reg H\n|rated|\n|rule|Species Clause: Limit one of each Pok\u00e9mon\n|rule|Item Clause: Limit 1 of each item\n|clearpoke\n|poke|p1|Dondozo, L50, F|\n|poke|p1|Gholdengo, L50|\n|poke|p1|Ursaluna-Bloodmoon, L50, M|\n|poke|p1|Dragonite, L50, F|\n|poke|p1|Incineroar, L50, M|\n|poke|p1|Sneasler, L50, F|\n|poke|p2|Whimsicott, L50, M|\n|poke|p2|Primarina, L50, M|\n|poke|p2|Sneasler, L50, F|\n|poke|p2|Indeedee, L50, M|\n|poke|p2|Ursaluna-Bloodmoon, L50, M|\n|poke|p2|Arcanine-Hisui, L50, F|\n|teampreview|4\n|\n|t:|1730405922\n|start\n|switch|p1a: Ursaluna|Ursaluna-Bloodmoon, L50, M|100\/100\n|switch|p1b: Sneasler|Sneasler, L50, F|100\/100\n|switch|p2a: Indeedee|Indeedee, L50, M|100\/100\n|switch|p2b: Sneasler|Sneasler, L50, F|100\/100\n|-fieldstart|move: Psychic Terrain|[from] ability: Psychic Surge|[of] p2a: Indeedee\n|-enditem|p2b: Sneasler|Psychic Seed\n|-boost|p2b: Sneasler|spd|1|[from] item: Psychic Seed\n|turn|1\n|\n|t:|1730405943\n|switch|p1b: Incineroar|Incineroar, L50, M|100\/100\n|-ability|p1b: Incineroar|Intimidate|boost\n|-unboost|p2a: Indeedee|atk|1\n|-unboost|p2b: Sneasler|atk|1\n|-terastallize|p1a: Ursaluna|Ghost\n|move|p2b: Sneasler|Dire Claw|p1b: Incineroar\n|-damage|p1b: Incineroar|75\/100\n|move|p2a: Indeedee|Expanding Force|p1a: Ursaluna|[spread] p1a\n|-immune|p1b: Incineroar\n|-damage|p1a: Ursaluna|66\/100\n|move|p1a: Ursaluna|Hyper Voice|p2b: Sneasler|[spread] p2a,p2b\n|-damage|p2a: Indeedee|51\/100\n|-damage|p2b: Sneasler|67\/100\n|\n|upkeep\n|turn|2\n|\n|t:|1730405964\n|-terastallize|p2b: Sneasler|Dark\n|move|p2b: Sneasler|Throat Chop|p1a: Ursaluna\n|-supereffective|p1a: Ursaluna\n|-damage|p1a: Ursaluna|21\/100\n|-start|p1a: Ursaluna|Throat Chop|[silent]\n|move|p2a: Indeedee|Expanding Force|p1a: Ursaluna|[spread] p1a\n|-immune|p1b: Incineroar\n|-damage|p1a: Ursaluna|0 fnt\n|faint|p1a: Ursaluna\n|move|p1b: Incineroar|Flare Blitz|p2b: Sneasler\n|-damage|p2b: Sneasler|0 fnt\n|faint|p2b: Sneasler\n|-damage|p1b: Incineroar|58\/100|[from] Recoil\n|\n|upkeep\n|\n|t:|1730405984\n|switch|p2b: Whimsicott|Whimsicott, L50, M|100\/100\n|switch|p1a: Sneasler|Sneasler, L50, F|100\/100\n|turn|3\n|\n|t:|1730405999\n|move|p1a: Sneasler|Protect|p1a: Sneasler\n|-singleturn|p1a: Sneasler|Protect\n|move|p2b: Whimsicott|Moonblast|p1a: Sneasler\n|-activate|p1a: Sneasler|move: Protect\n|move|p1b: Incineroar|Knock Off|p2a: Indeedee\n|-supereffective|p2a: Indeedee\n|-damage|p2a: Indeedee|0 fnt\n|-enditem|p2a: Indeedee|Focus Sash|[from] move: Knock Off|[of] p1b: Incineroar\n|faint|p2a: Indeedee\n|\n|upkeep\n|\n|t:|1730406004\n|switch|p2a: Ursaluna|Ursaluna-Bloodmoon, L50, M|100\/100\n|turn|4\n|\n|t:|1730406022\n|move|p2b: Whimsicott|Tailwind|p2b: Whimsicott\n|-sidestart|p2: RobertoAlonso|move: Tailwind\n|move|p2a: Ursaluna|Earth Power|p1b: Incineroar\n|-supereffective|p1b: Incineroar\n|-damage|p1b: Incineroar|0 fnt\n|faint|p1b: Incineroar\n|-damage|p2a: Ursaluna|91\/100|[from] item: Life Orb\n|move|p1a: Sneasler|Dire Claw|p2b: Whimsicott\n|-supereffective|p2b: Whimsicott\n|-damage|p2b: Whimsicott|0 fnt\n|faint|p2b: Whimsicott\n|\n|upkeep\n|\n|t:|1730406036\n|switch|p1b: Dragonite|Dragonite, L50, F|100\/100\n|turn|5\n|\n|t:|1730406045\n|move|p2a: Ursaluna|Hyper Voice|p1a: Sneasler|[spread] p1a,p1b\n|-damage|p1a: Sneasler|34\/100\n|-damage|p1b: Dragonite|75\/100\n|-damage|p2a: Ursaluna|81\/100|[from] item: Life Orb\n|move|p1a: Sneasler|Close Combat|p2a: Ursaluna\n|-supereffective|p2a: Ursaluna\n|-damage|p2a: Ursaluna|0 fnt\n|-unboost|p1a: Sneasler|def|1\n|-unboost|p1a: Sneasler|spd|1\n|faint|p2a: Ursaluna\n|\n|win|Bobdebifiworst\n|raw|Bobdebifiworst's rating: 1700 &rarr; <strong>1725<\/strong><br \/>(+25 for winning)\n|raw|RobertoAlonso's rating: 1785 &rarr; <strong>1760<\/strong><br \/>(-25 for losing)\n|l|\u2606RobertoAlonso\n|player|p2|\n|l|\u2606Bobdebifiworst\n|player|p1|\n","uploadtime":1730406059,"views":32,"formatid":"gen9vgc2024regh","rating":1725,"private":0,"password":null}