{"id":"gen9vgc2024regh-2234951203","format":"[Gen 9] VGC 2024 Reg H","players":["roykeenkennedy","power123452123"],"log":"|j|\u2606roykeenkennedy\n|j|\u2606power123452123\n|t:|1730406032\n|gametype|doubles\n|player|p1|roykeenkennedy|alder|1794\n|player|p2|power123452123|101|1764\n|teamsize|p1|6\n|teamsize|p2|6\n|gen|9\n|tier|[Gen 9] VGC 2024 Reg H\n|rated|\n|rule|Species Clause: Limit one of each Pok\u00e9mon\n|rule|Item Clause: Limit 1 of each item\n|clearpoke\n|poke|p1|Tyranitar, L50, F|\n|poke|p1|Skeledirge, L50, F|\n|poke|p1|Meowscarada, L50, M|\n|poke|p1|Grimmsnarl, L50, M|\n|poke|p1|Wartortle, L50, F|\n|poke|p1|Houndstone, L50, F|\n|poke|p2|Palafin, L50, F|\n|poke|p2|Gholdengo, L50|\n|poke|p2|Incineroar, L50, M|\n|poke|p2|Rillaboom, L50, M|\n|poke|p2|Pelipper, L50, M|\n|poke|p2|Kingambit, L50, F|\n|teampreview|4\npower123452123 has agreed to open team sheets.\n|inactive|Battle timer is ON: inactive players will automatically lose when time's up. (requested by power123452123)\n|inactive|roykeenkennedy has 60 seconds left.\n|inactive|power123452123 has 60 seconds left.\n|\n|t:|1730406085\n|start\n|switch|p1a: Skeledirge|Skeledirge, L50, F|100\/100\n|switch|p1b: Meowscarada|Meowscarada, L50, M|100\/100\n|switch|p2a: Gholdengo|Gholdengo, L50|100\/100\n|switch|p2b: Rillaboom|Rillaboom, L50, M|100\/100\n|-fieldstart|move: Grassy Terrain|[from] ability: Grassy Surge|[of] p2b: Rillaboom\n|turn|1\n|inactive|roykeenkennedy has 30 seconds left.\n|inactive|power123452123 has 30 seconds left.\n|inactive|roykeenkennedy has 20 seconds left.\n|\n|t:|1730406122\n|-terastallize|p2a: Gholdengo|Steel\n|move|p1b: Meowscarada|Protect|p1b: Meowscarada\n|-singleturn|p1b: Meowscarada|Protect\n|move|p2b: Rillaboom|Fake Out|p1b: Meowscarada\n|-activate|p1b: Meowscarada|move: Protect\n|move|p2a: Gholdengo|Make It Rain|p1b: Meowscarada|[spread] p1a\n|-activate|p1b: Meowscarada|move: Protect\n|-resisted|p1a: Skeledirge\n|-damage|p1a: Skeledirge|61\/100\n|-unboost|p2a: Gholdengo|spa|1\n|move|p1a: Skeledirge|Yawn|p2b: Rillaboom\n|-start|p2b: Rillaboom|move: Yawn|[of] p1a: Skeledirge\n|\n|-heal|p1a: Skeledirge|67\/100|[from] Grassy Terrain\n|-heal|p1a: Skeledirge|73\/100|[from] item: Leftovers\n|upkeep\n|turn|2\n|inactive|power123452123 has 30 seconds left.\n|\n|t:|1730406156\n|switch|p2a: Incineroar|Incineroar, L50, M|100\/100\n|-ability|p2a: Incineroar|Intimidate|boost\n|-unboost|p1a: Skeledirge|atk|1\n|-unboost|p1b: Meowscarada|atk|1\n|switch|p2b: Kingambit|Kingambit, L50, F|100\/100\n|move|p1b: Meowscarada|Grass Pledge|p2a: Incineroar\n|-waiting|p1b: Meowscarada|p1a: Skeledirge\n|move|p1a: Skeledirge|Fire Pledge|p2a: Incineroar|[from]move: Grass Pledge\n|-combine\n|-resisted|p2a: Incineroar\n|-damage|p2a: Incineroar|79\/100\n|-sidestart|p2: power123452123|Fire Pledge\n|\n|-heal|p1a: Skeledirge|80\/100|[from] Grassy Terrain\n|-heal|p1a: Skeledirge|86\/100|[from] item: Leftovers\n|-heal|p2a: Incineroar|85\/100|[from] Grassy Terrain\n|-damage|p2b: Kingambit|88\/100|[from] Fire Pledge\n|-heal|p2b: Kingambit|94\/100|[from] Grassy Terrain\n|upkeep\n|turn|3\n|inactive|roykeenkennedy has 30 seconds left.\n|inactive|roykeenkennedy has 20 seconds left.\n|inactive|power123452123 has 30 seconds left.\n|inactive|roykeenkennedy has 15 seconds left.\n|inactive|roykeenkennedy has 10 seconds left.\n|inactive|power123452123 has 20 seconds left.\n|inactive|roykeenkennedy has 5 seconds left.\n|\n|t:|1730406207\n|switch|p1b: Tyranitar|Tyranitar, L50, F|100\/100\n|-weather|Sandstorm|[from] ability: Sand Stream|[of] p1b: Tyranitar\n|-terastallize|p1a: Skeledirge|Grass\n|move|p1a: Skeledirge|Fire Spin|p2b: Kingambit\n|-supereffective|p2b: Kingambit\n|-damage|p2b: Kingambit|67\/100\n|-activate|p2b: Kingambit|move: Fire Spin|[of] p1a: Skeledirge\n|move|p2a: Incineroar|Flare Blitz|p1b: Tyranitar\n|-resisted|p1b: Tyranitar\n|-damage|p1b: Tyranitar|82\/100\n|-damage|p2a: Incineroar|78\/100|[from] Recoil\n|move|p2b: Kingambit|Kowtow Cleave|p1a: Skeledirge\n|-damage|p1a: Skeledirge|43\/100\n|\n|-weather|Sandstorm|[upkeep]\n|-damage|p1a: Skeledirge|37\/100|[from] Sandstorm\n|-heal|p1a: Skeledirge|43\/100|[from] Grassy Terrain\n|-heal|p1a: Skeledirge|49\/100|[from] item: Leftovers\n|-heal|p2a: Incineroar|84\/100|[from] Grassy Terrain\n|-heal|p1b: Tyranitar|87\/100|[from] Grassy Terrain\n|-damage|p2b: Kingambit|55\/100|[from] Fire Pledge\n|-heal|p2b: Kingambit|61\/100|[from] Grassy Terrain\n|-damage|p2b: Kingambit|49\/100|[from] move: Fire Spin|[partiallytrapped]\n|upkeep\n|turn|4\n|j| homeric zaza\n|inactive|roykeenkennedy has 30 seconds left.\n|inactive|power123452123 has 30 seconds left.\n|inactive|roykeenkennedy has 20 seconds left.\n|inactive|power123452123 has 20 seconds left.\n|inactive|roykeenkennedy has 15 seconds left.\n|inactive|power123452123 has 15 seconds left.\n|\n|t:|1730406249\n|switch|p2a: Gholdengo|Gholdengo, L50, tera:Steel|100\/100\n|move|p1a: Skeledirge|Slack Off|p1a: Skeledirge\n|-heal|p1a: Skeledirge|99\/100\n|move|p1b: Tyranitar|Rock Slide|p2b: Kingambit|[spread] p2a,p2b\n|-resisted|p2a: Gholdengo\n|-resisted|p2b: Kingambit\n|-damage|p2a: Gholdengo|86\/100\n|-damage|p2b: Kingambit|39\/100\n|move|p2b: Kingambit|Kowtow Cleave|p1a: Skeledirge\n|-damage|p1a: Skeledirge|52\/100\n|\n|-weather|Sandstorm|[upkeep]\n|-damage|p1a: Skeledirge|46\/100|[from] Sandstorm\n|-damage|p2a: Gholdengo|74\/100|[from] Fire Pledge\n|-heal|p2a: Gholdengo|80\/100|[from] Grassy Terrain\n|-heal|p1a: Skeledirge|52\/100|[from] Grassy Terrain\n|-heal|p1a: Skeledirge|58\/100|[from] item: Leftovers\n|-heal|p1b: Tyranitar|93\/100|[from] Grassy Terrain\n|-damage|p2b: Kingambit|27\/100|[from] Fire Pledge\n|-heal|p2b: Kingambit|32\/100|[from] Grassy Terrain\n|-damage|p2b: Kingambit|20\/100|[from] move: Fire Spin|[partiallytrapped]\n|upkeep\n|turn|5\n|inactive|roykeenkennedy has 30 seconds left.\n|\n|t:|1730406284\n|move|p2a: Gholdengo|Make It Rain|p1a: Skeledirge|[spread] p1a,p1b\n|-supereffective|p1b: Tyranitar\n|-damage|p1a: Skeledirge|0 fnt\n|-damage|p1b: Tyranitar|26\/100\n|-unboost|p2a: Gholdengo|spa|1\n|faint|p1a: Skeledirge\n|move|p1b: Tyranitar|Knock Off|p2a: Gholdengo\n|-damage|p2a: Gholdengo|31\/100\n|-enditem|p2a: Gholdengo|Choice Specs|[from] move: Knock Off|[of] p1b: Tyranitar\n|move|p2b: Kingambit|Kowtow Cleave|p1b: Tyranitar\n|-resisted|p1b: Tyranitar\n|-damage|p1b: Tyranitar|5\/100\n|\n|-weather|Sandstorm|[upkeep]\n|-damage|p2a: Gholdengo|19\/100|[from] Fire Pledge\n|-heal|p2a: Gholdengo|25\/100|[from] Grassy Terrain\n|-heal|p1b: Tyranitar|11\/100|[from] Grassy Terrain\n|-damage|p2b: Kingambit|8\/100|[from] Fire Pledge\n|-heal|p2b: Kingambit|14\/100|[from] Grassy Terrain\n|-end|p2b: Kingambit|Fire Spin|[partiallytrapped]|[silent]\n|-sideend|p2: power123452123|Fire Pledge\n|-fieldend|move: Grassy Terrain\n|upkeep\n|inactive|roykeenkennedy has 30 seconds left.\n|\n|t:|1730406316\n|switch|p1a: Meowscarada|Meowscarada, L50, M|100\/100\n|turn|6\n|\n|t:|1730406332\n|switch|p2a: Incineroar|Incineroar, L50, M|84\/100\n|-ability|p2a: Incineroar|Intimidate|boost\n|-unboost|p1a: Meowscarada|atk|1\n|-unboost|p1b: Tyranitar|atk|1\n|move|p2b: Kingambit|Sucker Punch|p1b: Tyranitar\n|-resisted|p1b: Tyranitar\n|-damage|p1b: Tyranitar|0 fnt\n|faint|p1b: Tyranitar\n|move|p1a: Meowscarada|Flower Trick|p2a: Incineroar\n|-resisted|p2a: Incineroar\n|-crit|p2a: Incineroar\n|-damage|p2a: Incineroar|62\/100\n|\n|-weather|Sandstorm|[upkeep]\n|-damage|p1a: Meowscarada|95\/100|[from] Sandstorm\n|upkeep\n|\n|t:|1730406347\n|switch|p1b: Houndstone|Houndstone, L50, F|100\/100\n|turn|7\n|j| falcon108\n|\n|t:|1730406368\n|move|p2b: Kingambit|Sucker Punch||[still]\n|-fail|p2b: Kingambit\n|move|p1b: Houndstone|Howl|p1b: Houndstone|[spread] p1a,p1b\n|-boost|p1a: Meowscarada|atk|1\n|-boost|p1b: Houndstone|atk|1\n|move|p1a: Meowscarada|Flower Trick|p2b: Kingambit\n|-resisted|p2b: Kingambit\n|-crit|p2b: Kingambit\n|-damage|p2b: Kingambit|0 fnt\n|faint|p2b: Kingambit\n|move|p2a: Incineroar|Flare Blitz|p1a: Meowscarada\n|-supereffective|p1a: Meowscarada\n|-damage|p1a: Meowscarada|0 fnt\n|faint|p1a: Meowscarada\n|-damage|p2a: Incineroar|39\/100|[from] Recoil\n|\n|-weather|none\n|upkeep\n|\n|t:|1730406378\n|switch|p2b: Rillaboom|Rillaboom, L50, M|100\/100\n|-fieldstart|move: Grassy Terrain|[from] ability: Grassy Surge|[of] p2b: Rillaboom\n|turn|8\n|\n|t:|1730406401\n|move|p1b: Houndstone|Last Respects|p2a: Incineroar\n|-resisted|p2a: Incineroar\n|-damage|p2a: Incineroar|0 fnt\n|faint|p2a: Incineroar\n|move|p2b: Rillaboom|Wood Hammer|p1b: Houndstone\n|-damage|p1b: Houndstone|20\/100\n|-damage|p2b: Rillaboom|80\/100|[from] Recoil\n|\n|-heal|p1b: Houndstone|26\/100|[from] Grassy Terrain\n|-heal|p2b: Rillaboom|85\/100|[from] Grassy Terrain\n|upkeep\n|\n|t:|1730406407\n|switch|p2a: Gholdengo|Gholdengo, L50, tera:Steel|25\/100\n|turn|9\n|\n|t:|1730406415\n|move|p1b: Houndstone|Protect|p1b: Houndstone\n|-singleturn|p1b: Houndstone|Protect\n|move|p2a: Gholdengo|Make It Rain|p1b: Houndstone\n|-activate|p1b: Houndstone|move: Protect\n|move|p2b: Rillaboom|Wood Hammer|p1b: Houndstone\n|-activate|p1b: Houndstone|move: Protect\n|\n|-heal|p2a: Gholdengo|31\/100|[from] Grassy Terrain\n|-heal|p1b: Houndstone|32\/100|[from] Grassy Terrain\n|-heal|p2b: Rillaboom|91\/100|[from] Grassy Terrain\n|upkeep\n|turn|10\n|\n|t:|1730406430\n|move|p2a: Gholdengo|Make It Rain|p1b: Houndstone\n|-damage|p1b: Houndstone|0 fnt\n|-unboost|p2a: Gholdengo|spa|1\n|faint|p1b: Houndstone\n|\n|win|power123452123\n|raw|roykeenkennedy's rating: 1794 &rarr; <strong>1772<\/strong><br \/>(-22 for losing)\n|raw|power123452123's rating: 1764 &rarr; <strong>1786<\/strong><br \/>(+22 for winning)\n|c|\u2606power123452123|ggs\n|l|\u2606power123452123\n|player|p2|\n|l|\u2606roykeenkennedy\n|player|p1|\n","uploadtime":1730406433,"views":33,"formatid":"gen9vgc2024regh","rating":1772,"private":0,"password":null}