{"id":"gen9vgc2024regh-2234198949","format":"[Gen 9] VGC 2024 Reg H","players":["ren122333","Waffles4breakfast"],"log":"|j|\u2606ren122333\n|j|\u2606Waffles4breakfast\n|t:|1730312472\n|gametype|doubles\n|player|p1|ren122333|hilbert|1741\n|player|p2|Waffles4breakfast|juggler|1753\n|teamsize|p1|6\n|teamsize|p2|6\n|gen|9\n|tier|[Gen 9] VGC 2024 Reg H\n|rated|\n|rule|Species Clause: Limit one of each Pok\u00e9mon\n|rule|Item Clause: Limit 1 of each item\n|clearpoke\n|poke|p1|Whimsicott, L50, F|\n|poke|p1|Mamoswine, L50, M|\n|poke|p1|Lycanroc-Dusk, L50, F|\n|poke|p1|Typhlosion-Hisui, L50, M|\n|poke|p1|Farigiraf, L50, F|\n|poke|p1|Mienshao, L50, F|\n|poke|p2|Archaludon, L50, F|\n|poke|p2|Pelipper, L50, M|\n|poke|p2|Basculegion, L50, M|\n|poke|p2|Amoonguss, L50, M|\n|poke|p2|Gholdengo, L50|\n|poke|p2|Murkrow, L50, M|\n|teampreview|4\n|j| Xunyicaoawa\n|inactive|Battle timer is ON: inactive players will automatically lose when time's up. (requested by ren122333)\n|\n|t:|1730312486\n|start\n|switch|p1a: Whimsicott|Whimsicott, L50, F|100\/100\n|switch|p1b: Mamoswine|Mamoswine, L50, M|100\/100\n|switch|p2a: Gholdengo|Gholdengo, L50|100\/100\n|switch|p2b: Murkrow|Murkrow, L50, M|100\/100\n|turn|1\n|\n|t:|1730312496\n|switch|p2a: Pelipper|Pelipper, L50, M|100\/100\n|-weather|RainDance|[from] ability: Drizzle|[of] p2a: Pelipper\n|move|p1a: Whimsicott|Tailwind|p1a: Whimsicott\n|-sidestart|p1: ren122333|move: Tailwind\n|move|p1b: Mamoswine|High Horsepower|p2a: Pelipper\n|-immune|p2a: Pelipper\n|move|p2b: Murkrow|Foul Play|p1b: Mamoswine\n|-damage|p1b: Mamoswine|47\/100\n|\n|-weather|RainDance|[upkeep]\n|upkeep\n|turn|2\n|\n|t:|1730312510\n|move|p2b: Murkrow|Quash|p1b: Mamoswine\n|-activate|p1b: Mamoswine|move: Quash\n|move|p1a: Whimsicott|Moonblast|p2a: Pelipper\n|-damage|p2a: Pelipper|39\/100\n|move|p2a: Pelipper|Weather Ball|p1b: Mamoswine\n|-supereffective|p1b: Mamoswine\n|-damage|p1b: Mamoswine|0 fnt\n|faint|p1b: Mamoswine\n|\n|-weather|RainDance|[upkeep]\n|upkeep\n|\n|t:|1730312518\n|switch|p1b: Mienshao|Mienshao, L50, F|100\/100\n|turn|3\n|\n|t:|1730312526\n|-terastallize|p1b: Mienshao|Dark\n|move|p2b: Murkrow|Tailwind|p2b: Murkrow\n|-sidestart|p2: Waffles4breakfast|move: Tailwind\n|move|p1a: Whimsicott|Moonblast|p2b: Murkrow\n|-supereffective|p2b: Murkrow\n|-damage|p2b: Murkrow|32\/100\n|move|p1b: Mienshao|Knock Off|p2a: Pelipper\n|-damage|p2a: Pelipper|0 fnt\n|-enditem|p2a: Pelipper|Focus Sash|[from] move: Knock Off|[of] p1b: Mienshao\n|faint|p2a: Pelipper\n|-damage|p1b: Mienshao|90\/100|[from] item: Life Orb\n|\n|-weather|RainDance|[upkeep]\n|upkeep\n|\n|t:|1730312535\n|switch|p2a: Basculegion|Basculegion, L50, M|100\/100\n|turn|4\n|\n|t:|1730312546\n|move|p1a: Whimsicott|Sunny Day|p1a: Whimsicott\n|-weather|SunnyDay\n|move|p1b: Mienshao|Knock Off|p2a: Basculegion\n|-supereffective|p2a: Basculegion\n|-damage|p2a: Basculegion|0 fnt\n|-enditem|p2a: Basculegion|Choice Band|[from] move: Knock Off|[of] p1b: Mienshao\n|faint|p2a: Basculegion\n|-damage|p1b: Mienshao|80\/100|[from] item: Life Orb\n|move|p2b: Murkrow|Foul Play|p1b: Mienshao\n|-resisted|p1b: Mienshao\n|-damage|p1b: Mienshao|38\/100\n|\n|-weather|SunnyDay|[upkeep]\n|-sideend|p1: ren122333|move: Tailwind\n|upkeep\n|\n|t:|1730312550\n|switch|p2a: Gholdengo|Gholdengo, L50|100\/100\n|turn|5\n|\n|t:|1730312559\n|-terastallize|p2a: Gholdengo|Steel\n|move|p1a: Whimsicott|Tailwind|p1a: Whimsicott\n|-sidestart|p1: ren122333|move: Tailwind\n|move|p1b: Mienshao|Ice Spinner|p2b: Murkrow\n|-supereffective|p2b: Murkrow\n|-damage|p2b: Murkrow|0 fnt\n|faint|p2b: Murkrow\n|-damage|p1b: Mienshao|28\/100|[from] item: Life Orb\n|move|p2a: Gholdengo|Make It Rain|p1a: Whimsicott|[spread] p1a,p1b\n|-supereffective|p1a: Whimsicott\n|-crit|p1a: Whimsicott\n|-enditem|p1a: Whimsicott|Focus Sash\n|-damage|p1a: Whimsicott|1\/100\n|-damage|p1b: Mienshao|0 fnt\n|-unboost|p2a: Gholdengo|spa|1\n|faint|p1b: Mienshao\n|\n|-weather|SunnyDay|[upkeep]\n|upkeep\n|\n|t:|1730312568\n|switch|p1b: Typhlosion|Typhlosion-Hisui, L50, M|100\/100\n|-item|p2a: Gholdengo|Choice Specs|[from] ability: Frisk|[of] p1b: Typhlosion\n|turn|6\n|\n|t:|1730312571\n|move|p1a: Whimsicott|Moonblast|p2a: Gholdengo\n|-resisted|p2a: Gholdengo\n|-damage|p2a: Gholdengo|78\/100\n|-unboost|p2a: Gholdengo|spa|1\n|move|p1b: Typhlosion|Eruption|p2a: Gholdengo\n|-supereffective|p2a: Gholdengo\n|-damage|p2a: Gholdengo|0 fnt\n|faint|p2a: Gholdengo\n|\n|win|ren122333\n|raw|ren122333's rating: 1741 &rarr; <strong>1762<\/strong><br \/>(+21 for winning)\n|raw|Waffles4breakfast's rating: 1753 &rarr; <strong>1732<\/strong><br \/>(-21 for losing)\n|l|\u2606Waffles4breakfast\n|player|p2|\n|l|\u2606ren122333\n|player|p1|\n|l| Xunyicaoawa\n","uploadtime":1730312766,"views":20,"formatid":"gen9vgc2024regh","rating":1732,"private":0,"password":null}