{"id":"gen9vgc2024regh-2234884970","format":"[Gen 9] VGC 2024 Reg H","players":["ren122333","mstp1"],"log":"|j|\u2606ren122333\n|j|\u2606mstp1\n|t:|1730399253\n|gametype|doubles\n|player|p1|ren122333|hilbert|1679\n|player|p2|mstp1|scientistf|1687\n|teamsize|p1|6\n|teamsize|p2|6\n|gen|9\n|tier|[Gen 9] VGC 2024 Reg H\n|rated|\n|rule|Species Clause: Limit one of each Pok\u00e9mon\n|rule|Item Clause: Limit 1 of each item\n|clearpoke\n|poke|p1|Whimsicott, L50, F|\n|poke|p1|Mamoswine, L50, F|\n|poke|p1|Lycanroc-Dusk, L50, M|\n|poke|p1|Typhlosion-Hisui, L50, F|\n|poke|p1|Farigiraf, L50, M|\n|poke|p1|Mienshao, L50, F|\n|poke|p2|Glaceon, L50, M|\n|poke|p2|Ninetales-Alola, L50, F|\n|poke|p2|Ursaluna-Bloodmoon, L50, M|\n|poke|p2|Magmar, L50, F|\n|poke|p2|Kingambit, L50, F|\n|poke|p2|Garchomp, L50, M|\n|teampreview|4\n|inactive|Battle timer is ON: inactive players will automatically lose when time's up. (requested by ren122333)\n|\n|t:|1730399296\n|start\n|switch|p1a: Whimsicott|Whimsicott, L50, F|100\/100\n|switch|p1b: Lycanroc|Lycanroc-Dusk, L50, M|100\/100\n|switch|p2a: Ursaluna|Ursaluna-Bloodmoon, L50, M|100\/100\n|switch|p2b: Magmar|Magmar, L50, F|100\/100\n|turn|1\n|\n|t:|1730399304\n|switch|p2b: Kingambit|Kingambit, L50, F|100\/100\n|move|p1a: Whimsicott|Tailwind|p1a: Whimsicott\n|-sidestart|p1: ren122333|move: Tailwind\n|move|p1b: Lycanroc|Rock Slide|p2a: Ursaluna|[spread] p2b\n|-miss|p1b: Lycanroc|p2a: Ursaluna\n|-resisted|p2b: Kingambit\n|-damage|p2b: Kingambit|84\/100\n|move|p2a: Ursaluna|Hyper Voice|p1a: Whimsicott|[spread] p1a,p1b\n|-resisted|p1b: Lycanroc\n|-damage|p1a: Whimsicott|36\/100\n|-damage|p1b: Lycanroc|69\/100\n|\n|upkeep\n|turn|2\n|inactive|mstp1 has 30 seconds left.\n|\n|t:|1730399339\n|-terastallize|p2b: Kingambit|Dark\n|move|p1a: Whimsicott|Sunny Day|p1a: Whimsicott\n|-weather|SunnyDay\n|move|p1b: Lycanroc|Rock Slide|p2a: Ursaluna|[spread] p2a,p2b\n|-resisted|p2a: Ursaluna\n|-crit|p2a: Ursaluna\n|-damage|p2a: Ursaluna|75\/100\n|-damage|p2b: Kingambit|52\/100\n|move|p2a: Ursaluna|Hyper Voice|p1a: Whimsicott|[spread] p1a,p1b\n|-resisted|p1b: Lycanroc\n|-damage|p1a: Whimsicott|0 fnt\n|-damage|p1b: Lycanroc|38\/100\n|faint|p1a: Whimsicott\n|cant|p2b: Kingambit|flinch\n|\n|-weather|SunnyDay|[upkeep]\n|upkeep\n|\n|t:|1730399352\n|switch|p1a: Typhlosion|Typhlosion-Hisui, L50, F|100\/100\n|-item|p2a: Ursaluna|Assault Vest|[from] ability: Frisk|[of] p1a: Typhlosion\n|-item|p2b: Kingambit|Black Glasses|[from] ability: Frisk|[of] p1a: Typhlosion\n|turn|3\n|\n|t:|1730399359\n|switch|p1b: Farigiraf|Farigiraf, L50, M|100\/100\n|-terastallize|p1a: Typhlosion|Fire\n|move|p2b: Kingambit|Protect|p2b: Kingambit\n|-singleturn|p2b: Kingambit|Protect\n|move|p1a: Typhlosion|Eruption|p2a: Ursaluna|[spread] p2a\n|-activate|p2b: Kingambit|move: Protect\n|-damage|p2a: Ursaluna|0 fnt\n|faint|p2a: Ursaluna\n|\n|-weather|SunnyDay|[upkeep]\n|upkeep\n|\n|t:|1730399370\n|switch|p2a: Garchomp|Garchomp, L50, M|100\/100\n|turn|4\n|\n|t:|1730399379\n|switch|p2b: Magmar|Magmar, L50, F|100\/100\n|move|p2a: Garchomp|Protect|p2a: Garchomp\n|-singleturn|p2a: Garchomp|Protect\n|move|p1a: Typhlosion|Eruption|p2a: Garchomp|[spread] p2b\n|-activate|p2a: Garchomp|move: Protect\n|-resisted|p2b: Magmar\n|-damage|p2b: Magmar|39\/100\n|move|p1b: Farigiraf|Hyper Voice|p2b: Magmar|[spread] p2b\n|-activate|p2a: Garchomp|move: Protect\n|-damage|p2b: Magmar|13\/100\n|\n|-weather|SunnyDay|[upkeep]\n|-sideend|p1: ren122333|move: Tailwind\n|upkeep\n|turn|5\n|\n|t:|1730399403\n|move|p1a: Typhlosion|Eruption|p2b: Magmar|[spread] p2a,p2b\n|-resisted|p2a: Garchomp\n|-resisted|p2b: Magmar\n|-damage|p2a: Garchomp|25\/100\n|-damage|p2b: Magmar|0 fnt\n|faint|p2b: Magmar\n|move|p2a: Garchomp|Stomping Tantrum|p1a: Typhlosion\n|-supereffective|p1a: Typhlosion\n|-damage|p1a: Typhlosion|0 fnt\n|faint|p1a: Typhlosion\n|move|p1b: Farigiraf|Hyper Voice|p2a: Garchomp\n|-damage|p2a: Garchomp|0 fnt\n|faint|p2a: Garchomp\n|\n|-weather|SunnyDay|[upkeep]\n|upkeep\n|\n|t:|1730399413\n|switch|p1a: Lycanroc|Lycanroc-Dusk, L50, M|38\/100\n|switch|p2a: Kingambit|Kingambit, L50, F, tera:Dark|52\/100\n|turn|6\n|\n|t:|1730399417\n|move|p1a: Lycanroc|Play Rough|p2a: Kingambit\n|-supereffective|p2a: Kingambit\n|-damage|p2a: Kingambit|0 fnt\n|faint|p2a: Kingambit\n|\n|win|ren122333\n|raw|ren122333's rating: 1679 &rarr; <strong>1699<\/strong><br \/>(+20 for winning)\n|raw|mstp1's rating: 1687 &rarr; <strong>1667<\/strong><br \/>(-20 for losing)\n|l|\u2606ren122333\n|player|p1|\n|l|\u2606mstp1\n|player|p2|\n","uploadtime":1730399561,"views":17,"formatid":"gen9vgc2024regh","rating":1667,"private":0,"password":null}