{"id":"gen9vgc2024regh-2234975984","format":"[Gen 9] VGC 2024 Reg H","players":["Bobdebifiworst","BrodaxVGC"],"log":"|j|\u2606Bobdebifiworst\n|j|\u2606BrodaxVGC\n|t:|1730408829\n|gametype|doubles\n|player|p1|Bobdebifiworst|hiker-gen4|1706\n|player|p2|BrodaxVGC|1|1710\n|teamsize|p1|6\n|teamsize|p2|6\n|gen|9\n|tier|[Gen 9] VGC 2024 Reg H\n|rated|\n|rule|Species Clause: Limit one of each Pok\u00e9mon\n|rule|Item Clause: Limit 1 of each item\n|clearpoke\n|poke|p1|Dondozo, L50, F|\n|poke|p1|Gholdengo, L50|\n|poke|p1|Ursaluna-Bloodmoon, L50, M|\n|poke|p1|Dragonite, L50, F|\n|poke|p1|Incineroar, L50, M|\n|poke|p1|Sneasler, L50, M|\n|poke|p2|Gholdengo, L50|\n|poke|p2|Incineroar, L50, F|\n|poke|p2|Rillaboom, L50, M|\n|poke|p2|Pelipper, L50, F|\n|poke|p2|Basculegion, L50, M|\n|poke|p2|Archaludon, L50, F|\n|teampreview|4\n|inactive|Battle timer is ON: inactive players will automatically lose when time's up. (requested by BrodaxVGC)\n|inactive|Bobdebifiworst has 60 seconds left.\n|\n|t:|1730408875\n|start\n|switch|p1a: Ursaluna|Ursaluna-Bloodmoon, L50, M|100\/100\n|switch|p1b: Incineroar|Incineroar, L50, M|100\/100\n|switch|p2a: Basculegion|Basculegion, L50, M|100\/100\n|switch|p2b: Pelipper|Pelipper, L50, F|100\/100\n|-weather|RainDance|[from] ability: Drizzle|[of] p2b: Pelipper\n|-ability|p1b: Incineroar|Intimidate|boost\n|-unboost|p2a: Basculegion|atk|1\n|-unboost|p2b: Pelipper|atk|1\n|turn|1\n|j| ventusinvictus\n|\n|t:|1730408900\n|switch|p1b: Dondozo|Dondozo, L50, F|100\/100\n|-terastallize|p1a: Ursaluna|Ghost\n|move|p2b: Pelipper|Protect|p2b: Pelipper\n|-singleturn|p2b: Pelipper|Protect\n|move|p2a: Basculegion|Flip Turn|p1b: Dondozo\n|-resisted|p1b: Dondozo\n|-damage|p1b: Dondozo|77\/100\n|\n|t:|1730408910\n|switch|p2a: Rillaboom|Rillaboom, L50, M|100\/100|[from] Flip Turn\n|-fieldstart|move: Grassy Terrain|[from] ability: Grassy Surge|[of] p2a: Rillaboom\n|move|p1a: Ursaluna|Blood Moon|p2a: Rillaboom\n|-damage|p2a: Rillaboom|23\/100\n|\n|-weather|RainDance|[upkeep]\n|-heal|p2a: Rillaboom|29\/100|[from] Grassy Terrain\n|-heal|p1b: Dondozo|83\/100|[from] Grassy Terrain\n|-heal|p1b: Dondozo|90\/100|[from] item: Leftovers\n|upkeep\n|turn|2\n|\n|t:|1730408932\n|switch|p1b: Incineroar|Incineroar, L50, M|100\/100\n|-ability|p1b: Incineroar|Intimidate|boost\n|-unboost|p2a: Rillaboom|atk|1\n|-unboost|p2b: Pelipper|atk|1\n|move|p2a: Rillaboom|Grassy Glide|p1a: Ursaluna\n|-damage|p1a: Ursaluna|79\/100\n|-damage|p2a: Rillaboom|19\/100|[from] item: Life Orb\n|move|p2b: Pelipper|Weather Ball|p1a: Ursaluna\n|-damage|p1a: Ursaluna|33\/100\n|move|p1a: Ursaluna|Hyper Voice|p2a: Rillaboom|[spread] p2a,p2b\n|-damage|p2a: Rillaboom|0 fnt\n|-damage|p2b: Pelipper|41\/100\n|faint|p2a: Rillaboom\n|\n|-weather|RainDance|[upkeep]\n|-heal|p1a: Ursaluna|39\/100|[from] Grassy Terrain\n|upkeep\n|\n|t:|1730408946\n|switch|p2a: Basculegion|Basculegion, L50, M|100\/100\n|turn|3\n|inactive|Bobdebifiworst has 30 seconds left.\n|\n|t:|1730408981\n|-terastallize|p2b: Pelipper|Ghost\n|move|p1b: Incineroar|Fake Out|p2b: Pelipper\n|-immune|p2b: Pelipper\n|move|p2a: Basculegion|Wave Crash|p1b: Incineroar\n|-supereffective|p1b: Incineroar\n|-damage|p1b: Incineroar|0 fnt\n|faint|p1b: Incineroar\n|-damage|p2a: Basculegion|66\/100|[from] Recoil\n|move|p2b: Pelipper|Weather Ball|p1a: Ursaluna\n|-damage|p1a: Ursaluna|0 fnt\n|faint|p1a: Ursaluna\n|\n|-weather|RainDance|[upkeep]\n|-heal|p2a: Basculegion|72\/100|[from] Grassy Terrain\n|-heal|p2b: Pelipper|47\/100|[from] Grassy Terrain\n|upkeep\n|\n|t:|1730408984\n|switch|p1b: Sneasler|Sneasler, L50, M|100\/100\n|switch|p1a: Dondozo|Dondozo, L50, F|90\/100\n|turn|4\n|j| miraidongamer\n|l| miraidongamer\n|inactive|BrodaxVGC has 30 seconds left.\n|\n|t:|1730409017\n|move|p1b: Sneasler|Protect|p1b: Sneasler\n|-singleturn|p1b: Sneasler|Protect\n|move|p2a: Basculegion|Wave Crash|p1b: Sneasler\n|-activate|p1b: Sneasler|move: Protect\n|move|p2b: Pelipper|Hurricane|p1b: Sneasler\n|-activate|p1b: Sneasler|move: Protect\n|move|p1a: Dondozo|Yawn|p2a: Basculegion\n|-start|p2a: Basculegion|move: Yawn|[of] p1a: Dondozo\n|\n|-weather|RainDance|[upkeep]\n|-heal|p2a: Basculegion|79\/100|[from] Grassy Terrain\n|-heal|p2b: Pelipper|53\/100|[from] Grassy Terrain\n|-heal|p1a: Dondozo|96\/100|[from] Grassy Terrain\n|-heal|p1a: Dondozo|100\/100|[from] item: Leftovers\n|upkeep\n|turn|5\n|\n|t:|1730409038\n|move|p2a: Basculegion|Wave Crash|p1b: Sneasler\n|-enditem|p1b: Sneasler|Focus Sash\n|-damage|p1b: Sneasler|1\/100\n|-damage|p2a: Basculegion|53\/100|[from] Recoil\n|move|p1b: Sneasler|Dire Claw|p2b: Pelipper\n|-resisted|p2b: Pelipper\n|-damage|p2b: Pelipper|25\/100\n|-status|p2b: Pelipper|psn\n|move|p2b: Pelipper|Hurricane|p1b: Sneasler\n|-supereffective|p1b: Sneasler\n|-damage|p1b: Sneasler|0 fnt\n|faint|p1b: Sneasler\n|move|p1a: Dondozo|Fissure|p2a: Basculegion\n|-damage|p2a: Basculegion|0 fnt\n|faint|p2a: Basculegion\n|-ohko\n|\n|-weather|none\n|-heal|p2b: Pelipper|31\/100 psn|[from] Grassy Terrain\n|-damage|p2b: Pelipper|18\/100 psn|[from] psn\n|-fieldend|move: Grassy Terrain\n|upkeep\n|j| sam smithy\n|\n|t:|1730409060\n|switch|p2a: Archaludon|Archaludon, L50, F|100\/100\n|turn|6\n|\n|t:|1730409077\n|move|p2b: Pelipper|Hurricane|p1a: Dondozo|[miss]\n|-miss|p2b: Pelipper|p1a: Dondozo\n|move|p2a: Archaludon|Electro Shot||[still]\n|-prepare|p2a: Archaludon|Electro Shot\n|-boost|p2a: Archaludon|spa|1\n|move|p1a: Dondozo|Yawn|p2a: Archaludon\n|-start|p2a: Archaludon|move: Yawn|[of] p1a: Dondozo\n|\n|-damage|p2b: Pelipper|6\/100 psn|[from] psn\n|upkeep\n|turn|7\n|\n|t:|1730409089\n|move|p1a: Dondozo|Protect|p1a: Dondozo\n|-singleturn|p1a: Dondozo|Protect\n|move|p2b: Pelipper|Tailwind|p2b: Pelipper\n|-sidestart|p2: BrodaxVGC|move: Tailwind\n|move|p2a: Archaludon|Electro Shot|p1a: Dondozo|[from]lockedmove\n|-activate|p1a: Dondozo|move: Protect\n|\n|-damage|p2b: Pelipper|0 fnt|[from] psn\n|faint|p2b: Pelipper\n|-end|p2a: Archaludon|move: Yawn|[silent]\n|-status|p2a: Archaludon|slp\n|upkeep\n|turn|8\n|\n|t:|1730409102\n|cant|p2a: Archaludon|slp\n|move|p1a: Dondozo|Fissure|p2a: Archaludon\n|-damage|p2a: Archaludon|0 fnt\n|faint|p2a: Archaludon\n|-ohko\n|\n|win|Bobdebifiworst\n|raw|Bobdebifiworst's rating: 1706 &rarr; <strong>1726<\/strong><br \/>(+20 for winning)\n|raw|BrodaxVGC's rating: 1710 &rarr; <strong>1690<\/strong><br \/>(-20 for losing)\n|l|\u2606BrodaxVGC\n|player|p2|\n|l|\u2606Bobdebifiworst\n|player|p1|\n|l| ventusinvictus\n|l| sam smithy\n|j| miraidongamer\n|l| miraidongamer\n","uploadtime":1730409110,"views":124,"formatid":"gen9vgc2024regh","rating":1690,"private":0,"password":null}