{"id":"gen9vgc2024regh-2234288224","format":"[Gen 9] VGC 2024 Reg H","players":["Bobdebifiworst","googer315"],"log":"|j|\u2606Bobdebifiworst\n|j|\u2606googer315\n|t:|1730321085\n|gametype|doubles\n|player|p1|Bobdebifiworst|hiker-gen4|1678\n|player|p2|googer315|102|1797\n|teamsize|p1|6\n|teamsize|p2|6\n|gen|9\n|tier|[Gen 9] VGC 2024 Reg H\n|rated|\n|rule|Species Clause: Limit one of each Pok\u00e9mon\n|rule|Item Clause: Limit 1 of each item\n|clearpoke\n|poke|p1|Dondozo, L50, F|\n|poke|p1|Gholdengo, L50|\n|poke|p1|Ursaluna-Bloodmoon, L50, M|\n|poke|p1|Clefable, L50, F|\n|poke|p1|Dragonite, L50, M|\n|poke|p1|Incineroar, L50, F|\n|poke|p2|Dondozo, L50, F|\n|poke|p2|Tatsugiri, L50, F|\n|poke|p2|Glimmora, L50, F|\n|poke|p2|Maushold, L50|\n|poke|p2|Annihilape, L50, F|\n|poke|p2|Gholdengo, L50|\n|teampreview|4\n|inactive|Battle timer is ON: inactive players will automatically lose when time's up. (requested by Bobdebifiworst)\n|\n|t:|1730321129\n|start\n|switch|p1a: Gholdengo|Gholdengo, L50|100\/100\n|switch|p1b: Clefable|Clefable, L50, F|100\/100\n|switch|p2a: Gholdengo|Gholdengo, L50|100\/100\n|switch|p2b: Glimmora|Glimmora, L50, F|100\/100\n|turn|1\n|\n|t:|1730321149\n|-terastallize|p1b: Clefable|Water\n|move|p2a: Gholdengo|Shadow Ball|p1a: Gholdengo\n|-supereffective|p1a: Gholdengo\n|-damage|p1a: Gholdengo|0 fnt\n|faint|p1a: Gholdengo\n|move|p2b: Glimmora|Sludge Bomb|p1b: Clefable\n|-damage|p1b: Clefable|47\/100\n|-enditem|p1b: Clefable|Sitrus Berry|[eat]\n|-heal|p1b: Clefable|71\/100|[from] item: Sitrus Berry\n|move|p1b: Clefable|Thunder Wave|p2b: Glimmora\n|-status|p2b: Glimmora|par\n|\n|upkeep\n|\n|t:|1730321162\n|switch|p1a: Dondozo|Dondozo, L50, F|100\/100\n|turn|2\n|\n|t:|1730321171\n|move|p1b: Clefable|Protect|p1b: Clefable\n|-singleturn|p1b: Clefable|Protect\n|move|p2a: Gholdengo|Shadow Ball|p1b: Clefable\n|-activate|p1b: Clefable|move: Protect\n|move|p2b: Glimmora|Sludge Bomb|p1b: Clefable\n|-activate|p1b: Clefable|move: Protect\n|move|p1a: Dondozo|Fissure|p2a: Gholdengo\n|-damage|p2a: Gholdengo|0 fnt\n|faint|p2a: Gholdengo\n|-ohko\n|\n|upkeep\n|\n|t:|1730321185\n|switch|p2a: Annihilape|Annihilape, L50, F|100\/100\n|turn|3\n|c|\u2606googer315|haha\n|\n|t:|1730321206\n|move|p1b: Clefable|Follow Me|p1b: Clefable\n|-singleturn|p1b: Clefable|move: Follow Me\n|move|p2a: Annihilape|Bulk Up|p2a: Annihilape\n|-boost|p2a: Annihilape|atk|1\n|-boost|p2a: Annihilape|def|1\n|move|p2b: Glimmora|Sludge Bomb|p1b: Clefable\n|-damage|p1b: Clefable|23\/100\n|move|p1a: Dondozo|Yawn|p2a: Annihilape\n|-start|p2a: Annihilape|move: Yawn|[of] p1a: Dondozo\n|\n|upkeep\n|turn|4\n|\n|t:|1730321223\n|move|p1b: Clefable|Protect|p1b: Clefable\n|-singleturn|p1b: Clefable|Protect\n|move|p2a: Annihilape|Bulk Up|p2a: Annihilape\n|-boost|p2a: Annihilape|atk|1\n|-boost|p2a: Annihilape|def|1\n|move|p2b: Glimmora|Sludge Bomb|p1b: Clefable\n|-activate|p1b: Clefable|move: Protect\n|move|p1a: Dondozo|Wave Crash|p2b: Glimmora\n|-supereffective|p2b: Glimmora\n|-enditem|p2b: Glimmora|Focus Sash\n|-damage|p2b: Glimmora|1\/100 par\n|-activate|p2b: Glimmora|ability: Toxic Debris\n|-sidestart|p1: Bobdebifiworst|move: Toxic Spikes\n|-damage|p1a: Dondozo|80\/100|[from] Recoil\n|\n|-heal|p1a: Dondozo|86\/100|[from] item: Leftovers\n|-end|p2a: Annihilape|move: Yawn|[silent]\n|-status|p2a: Annihilape|slp\n|upkeep\n|turn|5\n|inactive|Bobdebifiworst has 30 seconds left.\n|\n|t:|1730321249\n|switch|p1b: Dragonite|Dragonite, L50, M|100\/100\n|cant|p2a: Annihilape|slp\n|move|p2b: Glimmora|Sludge Bomb|p1b: Dragonite\n|-damage|p1b: Dragonite|72\/100\n|-status|p1b: Dragonite|psn\n|move|p1a: Dondozo|Fissure|p2a: Annihilape\n|-damage|p2a: Annihilape|0 fnt\n|faint|p2a: Annihilape\n|-ohko\n|\n|-heal|p1a: Dondozo|93\/100|[from] item: Leftovers\n|-damage|p1b: Dragonite|60\/100 psn|[from] psn\n|upkeep\n|c|\u2606googer315|haha\n|\n|t:|1730321265\n|switch|p2a: Maushold|Maushold, L50|100\/100\n|turn|6\n|\n|t:|1730321275\n|move|p2a: Maushold|Follow Me|p2a: Maushold\n|-singleturn|p2a: Maushold|move: Follow Me\n|move|p1b: Dragonite|Extreme Speed|p2a: Maushold\n|-crit|p2a: Maushold\n|-damage|p2a: Maushold|52\/100\n|cant|p2b: Glimmora|par\n|move|p1a: Dondozo|Yawn|p2a: Maushold\n|-start|p2a: Maushold|move: Yawn|[of] p1a: Dondozo\n|\n|-heal|p1a: Dondozo|99\/100|[from] item: Leftovers\n|-damage|p1b: Dragonite|48\/100 psn|[from] psn\n|upkeep\n|turn|7\n|inactive|googer315 has 30 seconds left.\n|inactive|googer315 has 20 seconds left.\n|inactive|googer315 has 15 seconds left.\n|inactive|googer315 has 10 seconds left.\n|inactive|googer315 has 5 seconds left.\n|\n|t:|1730321330\n|move|p2a: Maushold|Protect|p2a: Maushold\n|-singleturn|p2a: Maushold|Protect\n|move|p1b: Dragonite|Protect|p1b: Dragonite\n|-singleturn|p1b: Dragonite|Protect\n|move|p2b: Glimmora|Power Gem|p1b: Dragonite\n|-activate|p1b: Dragonite|move: Protect\n|move|p1a: Dondozo|Wave Crash|p2a: Maushold\n|-activate|p2a: Maushold|move: Protect\n|\n|-heal|p1a: Dondozo|100\/100|[from] item: Leftovers\n|-damage|p1b: Dragonite|36\/100 psn|[from] psn\n|-end|p2a: Maushold|move: Yawn|[silent]\n|-status|p2a: Maushold|slp\n|upkeep\n|turn|8\n|inactive|googer315 has 30 seconds left.\n|inactive|googer315 has 20 seconds left.\n|inactive|googer315 has 15 seconds left.\n|inactive|googer315 has 10 seconds left.\n|inactive|googer315 has 5 seconds left.\n|\n|t:|1730321386\n|cant|p2a: Maushold|slp\n|move|p1b: Dragonite|Extreme Speed|p2b: Glimmora\n|-resisted|p2b: Glimmora\n|-damage|p2b: Glimmora|0 fnt\n|-activate|p2b: Glimmora|ability: Toxic Debris\n|-sidestart|p1: Bobdebifiworst|move: Toxic Spikes\n|faint|p2b: Glimmora\n|move|p1a: Dondozo|Wave Crash|p2a: Maushold\n|-damage|p2a: Maushold|0 fnt\n|faint|p2a: Maushold\n|-damage|p1a: Dondozo|88\/100|[from] Recoil\n|\n|win|Bobdebifiworst\n|raw|Bobdebifiworst's rating: 1678 &rarr; <strong>1705<\/strong><br \/>(+27 for winning)\n|raw|googer315's rating: 1797 &rarr; <strong>1770<\/strong><br \/>(-27 for losing)\n|l|\u2606Bobdebifiworst\n|player|p1|\n|l|\u2606googer315\n|player|p2|\n","uploadtime":1730321399,"views":36,"formatid":"gen9vgc2024regh","rating":1705,"private":0,"password":null}