{"id":"gen9vgc2024regh-2234195722","format":"[Gen 9] VGC 2024 Reg H","players":["Tepig_nNz_498","Waffles4breakfast"],"log":"|j|\u2606Tepig_nNz_498\n|j|\u2606Waffles4breakfast\n|t:|1730312176\n|gametype|doubles\n|player|p1|Tepig_nNz_498|266|1644\n|player|p2|Waffles4breakfast|juggler|1763\n|teamsize|p1|6\n|teamsize|p2|6\n|gen|9\n|tier|[Gen 9] VGC 2024 Reg H\n|rated|\n|rule|Species Clause: Limit one of each Pok\u00e9mon\n|rule|Item Clause: Limit 1 of each item\n|clearpoke\n|poke|p1|Politoed, L50, M|\n|poke|p1|Archaludon, L50, M|\n|poke|p1|Basculegion, L50, M|\n|poke|p1|Ludicolo, L50, M|\n|poke|p1|Barraskewda, L50, M|\n|poke|p1|Pelipper, L50, M|\n|poke|p2|Archaludon, L50, F|\n|poke|p2|Pelipper, L50, F|\n|poke|p2|Basculegion, L50, M|\n|poke|p2|Amoonguss, L50, F|\n|poke|p2|Gholdengo, L50|\n|poke|p2|Murkrow, L50, M|\n|teampreview|4\n|\n|t:|1730312204\n|start\n|switch|p1a: Ludicolo|Ludicolo, L50, M|100\/100\n|switch|p1b: Politoed|Politoed, L50, M|100\/100\n|switch|p2a: Archaludon|Archaludon, L50, F|100\/100\n|switch|p2b: Basculegion|Basculegion, L50, M|100\/100\n|-weather|RainDance|[from] ability: Drizzle|[of] p1b: Politoed\n|turn|1\n|\n|t:|1730312213\n|move|p2b: Basculegion|Flip Turn|p1a: Ludicolo\n|-resisted|p1a: Ludicolo\n|-damage|p1a: Ludicolo|78\/100\n|\n|t:|1730312217\n|switch|p2b: Amoonguss|Amoonguss, L50, F|100\/100|[from] Flip Turn\n|move|p1a: Ludicolo|Icy Wind|p2b: Amoonguss|[spread] p2a,p2b\n|-supereffective|p2b: Amoonguss\n|-crit|p2b: Amoonguss\n|-damage|p2a: Archaludon|89\/100\n|-damage|p2b: Amoonguss|69\/100\n|-unboost|p2a: Archaludon|spe|1\n|-unboost|p2b: Amoonguss|spe|1\n|-ability|p2a: Archaludon|Stamina|boost\n|-boost|p2a: Archaludon|def|1\n|move|p1b: Politoed|Earth Power|p2a: Archaludon\n|-supereffective|p2a: Archaludon\n|-damage|p2a: Archaludon|16\/100\n|-ability|p2a: Archaludon|Stamina|boost\n|-boost|p2a: Archaludon|def|1\n|move|p2a: Archaludon|Electro Shot||[still]\n|-prepare|p2a: Archaludon|Electro Shot\n|-boost|p2a: Archaludon|spa|1\n|-anim|p2a: Archaludon|Electro Shot|p1b: Politoed\n|-supereffective|p1b: Politoed\n|-damage|p1b: Politoed|0 fnt\n|faint|p1b: Politoed\n|\n|-weather|RainDance|[upkeep]\n|upkeep\n|inactive|Battle timer is ON: inactive players will automatically lose when time's up. (requested by Tepig_nNz_498)\n|\n|t:|1730312237\n|switch|p1b: Pelipper|Pelipper, L50, M|100\/100\n|turn|2\n|j| Xunyicaoawa\n|\n|t:|1730312246\n|move|p2b: Amoonguss|Rage Powder|p2b: Amoonguss\n|-singleturn|p2b: Amoonguss|move: Rage Powder\n|move|p1a: Ludicolo|Weather Ball|p2a: Archaludon\n|-resisted|p2a: Archaludon\n|-damage|p2a: Archaludon|0 fnt\n|faint|p2a: Archaludon\n|move|p1b: Pelipper|Hurricane|p2b: Amoonguss\n|-supereffective|p2b: Amoonguss\n|-damage|p2b: Amoonguss|0 fnt\n|faint|p2b: Amoonguss\n|\n|-weather|RainDance|[upkeep]\n|upkeep\n|\n|t:|1730312251\n|switch|p2a: Basculegion|Basculegion, L50, M|100\/100\n|switch|p2b: Murkrow|Murkrow, L50, M|100\/100\n|turn|3\n|\n|t:|1730312265\n|move|p2a: Basculegion|Last Respects|p1a: Ludicolo\n|-damage|p1a: Ludicolo|0 fnt\n|faint|p1a: Ludicolo\n|move|p2b: Murkrow|Foul Play|p1b: Pelipper\n|-damage|p1b: Pelipper|83\/100\n|move|p1b: Pelipper|Tailwind|p1b: Pelipper\n|-sidestart|p1: Tepig_nNz_498|move: Tailwind\n|\n|-weather|RainDance|[upkeep]\n|upkeep\n|\n|t:|1730312271\n|switch|p1a: Barraskewda|Barraskewda, L50, M|100\/100\n|turn|4\n|\n|t:|1730312285\n|-terastallize|p1a: Barraskewda|Stellar\n|move|p2b: Murkrow|Quash|p1a: Barraskewda\n|-activate|p1a: Barraskewda|move: Quash\n|move|p2a: Basculegion|Last Respects|p1a: Barraskewda\n|-enditem|p1a: Barraskewda|Focus Sash\n|-damage|p1a: Barraskewda|1\/100\n|move|p1b: Pelipper|Hurricane|p2a: Basculegion\n|-damage|p2a: Basculegion|45\/100\n|move|p1a: Barraskewda|Waterfall|p2b: Murkrow\n|-damage|p2b: Murkrow|0 fnt\n|faint|p2b: Murkrow\n|\n|-weather|RainDance|[upkeep]\n|upkeep\n|turn|5\n|\n|t:|1730312304\n|-terastallize|p2a: Basculegion|Grass\n|move|p1a: Barraskewda|Waterfall|p2a: Basculegion\n|-resisted|p2a: Basculegion\n|-damage|p2a: Basculegion|8\/100\n|move|p2a: Basculegion|Last Respects|p1a: Barraskewda\n|-damage|p1a: Barraskewda|0 fnt\n|faint|p1a: Barraskewda\n|move|p1b: Pelipper|Hurricane|p2a: Basculegion\n|-supereffective|p2a: Basculegion\n|-damage|p2a: Basculegion|0 fnt\n|faint|p2a: Basculegion\n|\n|win|Tepig_nNz_498\n|raw|Tepig_nNz_498's rating: 1644 &rarr; <strong>1671<\/strong><br \/>(+27 for winning)\n|raw|Waffles4breakfast's rating: 1763 &rarr; <strong>1736<\/strong><br \/>(-27 for losing)\n|l|\u2606Waffles4breakfast\n|player|p2|\n|l|\u2606Tepig_nNz_498\n|player|p1|\n|l| Xunyicaoawa\n","uploadtime":1730312492,"views":15,"formatid":"gen9vgc2024regh","rating":1671,"private":0,"password":null}