{"id":"gen9vgc2024regh-2234850706","format":"[Gen 9] VGC 2024 Reg H","players":["googer315","hockypooo"],"log":"|j|\u2606googer315\n|j|\u2606hockypooo\n|t:|1730395972\n|gametype|doubles\n|player|p1|googer315|266|1652\n|player|p2|hockypooo|idol|1724\n|teamsize|p1|6\n|teamsize|p2|6\n|gen|9\n|tier|[Gen 9] VGC 2024 Reg H\n|rated|\n|rule|Species Clause: Limit one of each Pok\u00e9mon\n|rule|Item Clause: Limit 1 of each item\n|clearpoke\n|poke|p1|Dondozo, L50, F|\n|poke|p1|Tatsugiri, L50, F|\n|poke|p1|Glimmora, L50, F|\n|poke|p1|Maushold, L50|\n|poke|p1|Annihilape, L50, F|\n|poke|p1|Gholdengo, L50|\n|poke|p2|Indeedee, L50, M|\n|poke|p2|Sneasler, L50, M|\n|poke|p2|Talonflame, L50, F|\n|poke|p2|Ursaluna-Bloodmoon, L50, M|\n|poke|p2|Dragonite, L50, F|\n|poke|p2|Arcanine-Hisui, L50, M|\n|teampreview|4\n|inactive|Battle timer is ON: inactive players will automatically lose when time's up. (requested by hockypooo)\n|\n|t:|1730395999\n|start\n|switch|p1a: Gholdengo|Gholdengo, L50|100\/100\n|switch|p1b: Glimmora|Glimmora, L50, F|100\/100\n|switch|p2a: Talonflame|Talonflame, L50, F|100\/100\n|switch|p2b: Ursaluna|Ursaluna-Bloodmoon, L50, M|100\/100\n|turn|1\n|j| GerMar002\n|\n|t:|1730396020\n|move|p2a: Talonflame|Tailwind|p2a: Talonflame\n|-sidestart|p2: hockypooo|move: Tailwind\n|move|p2b: Ursaluna|Blood Moon|p1b: Glimmora\n|-resisted|p1b: Glimmora\n|-damage|p1b: Glimmora|32\/100\n|-damage|p2b: Ursaluna|91\/100|[from] item: Life Orb\n|move|p1a: Gholdengo|Make It Rain|p2b: Ursaluna|[spread] p2a,p2b\n|-resisted|p2a: Talonflame\n|-damage|p2a: Talonflame|58\/100\n|-damage|p2b: Ursaluna|21\/100\n|-unboost|p1a: Gholdengo|spa|1\n|move|p1b: Glimmora|Power Gem|p2a: Talonflame\n|-supereffective|p2a: Talonflame\n|-damage|p2a: Talonflame|0 fnt\n|faint|p2a: Talonflame\n|\n|upkeep\n|\n|t:|1730396033\n|switch|p2a: Dragonite|Dragonite, L50, F|100\/100\n|turn|2\n|c|\u2606googer315|woah now people run max speed\n|\n|t:|1730396050\n|move|p1b: Glimmora|Spiky Shield|p1b: Glimmora\n|-singleturn|p1b: Glimmora|move: Protect\n|move|p2a: Dragonite|Scale Shot|p1b: Glimmora\n|-activate|p1b: Glimmora|move: Protect\n|move|p2b: Ursaluna|Earth Power|p1a: Gholdengo\n|-supereffective|p1a: Gholdengo\n|-damage|p1a: Gholdengo|0 fnt\n|faint|p1a: Gholdengo\n|-damage|p2b: Ursaluna|12\/100|[from] item: Life Orb\n|\n|upkeep\n|\n|t:|1730396062\n|switch|p1a: Annihilape|Annihilape, L50, F|100\/100\n|turn|3\n|c|\u2606hockypooo|actually, thats about the only thing i changed on the team. Felt max speed would help alot\n|inactive|hockypooo has 30 seconds left.\n|\n|t:|1730396101\n|switch|p1b: Maushold|Maushold, L50|100\/100\n|-terastallize|p2b: Ursaluna|Normal\n|move|p1a: Annihilape|Protect|p1a: Annihilape\n|-singleturn|p1a: Annihilape|Protect\n|move|p2a: Dragonite|Scale Shot|p1a: Annihilape\n|-activate|p1a: Annihilape|move: Protect\n|move|p2b: Ursaluna|Hyper Voice|p1b: Maushold|[spread] p1b\n|-activate|p1a: Annihilape|move: Protect\n|-damage|p1b: Maushold|31\/100\n|-damage|p2b: Ursaluna|2\/100|[from] item: Life Orb\n|\n|upkeep\n|turn|4\n|inactive|googer315 has 30 seconds left.\n|inactive|hockypooo has 30 seconds left.\n|inactive|googer315 has 20 seconds left.\n|inactive|googer315 has 15 seconds left.\n|\n|t:|1730396142\n|move|p1b: Maushold|Protect|p1b: Maushold\n|-singleturn|p1b: Maushold|Protect\n|move|p2a: Dragonite|Scale Shot|p1a: Annihilape\n|-damage|p1a: Annihilape|91\/100\n|-damage|p1a: Annihilape|82\/100\n|-damage|p1a: Annihilape|72\/100\n|-damage|p1a: Annihilape|62\/100\n|-hitcount|p1a: Annihilape|4\n|-unboost|p2a: Dragonite|def|1\n|-boost|p2a: Dragonite|spe|1\n|move|p2b: Ursaluna|Hyper Voice|p1a: Annihilape|[spread] p1a\n|-activate|p1b: Maushold|move: Protect\n|-damage|p1a: Annihilape|20\/100\n|-enditem|p1a: Annihilape|Sitrus Berry|[eat]\n|-heal|p1a: Annihilape|45\/100|[from] item: Sitrus Berry\n|-damage|p2b: Ursaluna|0 fnt|[from] item: Life Orb\n|faint|p2b: Ursaluna\n|move|p1a: Annihilape|Bulk Up|p1a: Annihilape\n|-boost|p1a: Annihilape|atk|1\n|-boost|p1a: Annihilape|def|1\n|\n|-sideend|p2: hockypooo|move: Tailwind\n|upkeep\n|l| GerMar002\n|\n|t:|1730396152\n|switch|p2b: Sneasler|Sneasler, L50, M|100\/100\n|turn|5\n|inactive|googer315 has 30 seconds left.\n|inactive|googer315 has 20 seconds left.\n|inactive|googer315 has 15 seconds left.\n|inactive|googer315 has 10 seconds left.\n|\n|t:|1730396200\n|-terastallize|p1b: Maushold|Ghost\n|move|p2a: Dragonite|Scale Shot|p1b: Maushold\n|-damage|p1b: Maushold|17\/100\n|-damage|p1b: Maushold|2\/100\n|-damage|p1b: Maushold|0 fnt\n|faint|p1b: Maushold\n|-hitcount|p1: Maushold|3\n|-unboost|p2a: Dragonite|def|1\n|-boost|p2a: Dragonite|spe|1\n|move|p2b: Sneasler|Throat Chop|p1a: Annihilape\n|-damage|p1a: Annihilape|27\/100\n|-start|p1a: Annihilape|Throat Chop|[silent]\n|move|p1a: Annihilape|Rage Fist|p2a: Dragonite\n|-damage|p2a: Dragonite|0 fnt\n|faint|p2a: Dragonite\n|\n|upkeep\n|\n|t:|1730396217\n|switch|p1b: Glimmora|Glimmora, L50, F|32\/100\n|turn|6\n|\n|t:|1730396233\n|move|p1b: Glimmora|Spiky Shield|p1b: Glimmora\n|-singleturn|p1b: Glimmora|move: Protect\n|move|p2b: Sneasler|Dire Claw|p1a: Annihilape\n|-resisted|p1a: Annihilape\n|-damage|p1a: Annihilape|15\/100\n|move|p1a: Annihilape|Rage Fist|p2b: Sneasler\n|-damage|p2b: Sneasler|0 fnt\n|faint|p2b: Sneasler\n|\n|win|googer315\n|raw|googer315's rating: 1652 &rarr; <strong>1676<\/strong><br \/>(+24 for winning)\n|raw|hockypooo's rating: 1724 &rarr; <strong>1700<\/strong><br \/>(-24 for losing)\n|l|\u2606hockypooo\n|player|p2|\n","uploadtime":1730396375,"views":15,"formatid":"gen9vgc2024regh","rating":1676,"private":0,"password":null}