{"id":"gen9vgc2024regh-2234218452","format":"[Gen 9] VGC 2024 Reg H","players":["ted31625","Kunikamaze"],"log":"|j|\u2606ted31625\n|j|\u2606Kunikamaze\n|t:|1730314277\n|gametype|doubles\n|player|p1|ted31625|1|1745\n|player|p2|Kunikamaze|170|1754\n|teamsize|p1|6\n|teamsize|p2|6\n|gen|9\n|tier|[Gen 9] VGC 2024 Reg H\n|rated|\n|rule|Species Clause: Limit one of each Pok\u00e9mon\n|rule|Item Clause: Limit 1 of each item\n|clearpoke\n|poke|p1|Indeedee-F, L50, F|\n|poke|p1|Gallade, L50, M|\n|poke|p1|Ursaluna, L50, F|\n|poke|p1|Torkoal, L50, F|\n|poke|p1|Exeggutor, L50, M|\n|poke|p1|Zoroark-Hisui, L50, F|\n|poke|p2|Sneasler, L50, F|\n|poke|p2|Indeedee, L50, M|\n|poke|p2|Whimsicott, L50, F|\n|poke|p2|Typhlosion-Hisui, L50, F|\n|poke|p2|Dondozo, L50, M|\n|poke|p2|Tatsugiri, L50, F|\n|teampreview|4\n|inactive|Battle timer is ON: inactive players will automatically lose when time's up. (requested by ted31625)\n|\n|t:|1730314298\n|start\n|switch|p1a: Indeedee|Indeedee-F, L50, F|100\/100\n|switch|p1b: Exeggutor|Exeggutor, L50, M|100\/100\n|switch|p2a: Sneasler|Sneasler, L50, F|100\/100\n|switch|p2b: Indeedee|Indeedee, L50, M|100\/100\n|-fieldstart|move: Psychic Terrain|[from] ability: Psychic Surge|[of] p2b: Indeedee\n|-enditem|p2a: Sneasler|Psychic Seed\n|-boost|p2a: Sneasler|spd|1|[from] item: Psychic Seed\n|-enditem|p1a: Indeedee|Psychic Seed\n|-boost|p1a: Indeedee|spd|1|[from] item: Psychic Seed\n|turn|1\n|\n|t:|1730314314\n|move|p2a: Sneasler|Protect|p2a: Sneasler\n|-singleturn|p2a: Sneasler|Protect\n|move|p1b: Exeggutor|Hyper Voice|p2a: Sneasler|[spread] p2b\n|-activate|p2a: Sneasler|move: Protect\n|-damage|p2b: Indeedee|34\/100\n|move|p2b: Indeedee|Imprison|p2b: Indeedee\n|-start|p2b: Indeedee|move: Imprison\n|move|p1a: Indeedee|Psychic|p2a: Sneasler\n|-activate|p2a: Sneasler|move: Protect\n|\n|upkeep\n|turn|2\n|c|\u2606Kunikamaze|Its a fake!\n|inactive|Kunikamaze has 30 seconds left.\n|\n|t:|1730314341\n|-terastallize|p2a: Sneasler|Dark\n|move|p1a: Indeedee|Follow Me|p1a: Indeedee\n|-singleturn|p1a: Indeedee|move: Follow Me\n|move|p2a: Sneasler|Throat Chop|p1a: Indeedee\n|-supereffective|p1a: Indeedee\n|-damage|p1a: Indeedee|4\/100\n|-start|p1a: Indeedee|Throat Chop|[silent]\n|move|p1b: Exeggutor|Hyper Voice|p2a: Sneasler|[spread] p2a,p2b\n|-damage|p2a: Sneasler|50\/100\n|-damage|p2b: Indeedee|0 fnt\n|faint|p2b: Indeedee\n|\n|upkeep\n|c|\u2606Kunikamaze|How did I not get the kill\n|c|\u2606Kunikamaze|Rigged\n|\n|t:|1730314360\n|switch|p2b: Dondozo|Dondozo, L50, M|100\/100\n|turn|3\n|j| jdarcan\n|inactive|Kunikamaze has 30 seconds left.\n|\n|t:|1730314393\n|switch|p2a: Tatsugiri|Tatsugiri, L50, F|100\/100\n|-activate|p2a: Tatsugiri|ability: Commander|[of] p2b: Dondozo\n|-boost|p2b: Dondozo|atk|2\n|-boost|p2b: Dondozo|spa|2\n|-boost|p2b: Dondozo|spe|2\n|-boost|p2b: Dondozo|def|2\n|-boost|p2b: Dondozo|spd|2\n|-terastallize|p1b: Exeggutor|Stellar\n|move|p1a: Indeedee|Follow Me|p1a: Indeedee\n|-singleturn|p1a: Indeedee|move: Follow Me\n|move|p1b: Exeggutor|Hyper Voice|p2b: Dondozo|[spread] p2b\n|-miss|p1b: Exeggutor|p2a: Tatsugiri\n|-damage|p2b: Dondozo|70\/100\n|move|p2b: Dondozo|Order Up|p1a: Indeedee\n|-damage|p1a: Indeedee|0 fnt\n|faint|p1a: Indeedee\n|-boost|p2b: Dondozo|atk|1\n|\n|upkeep\n|\n|t:|1730314410\n|switch|p1a: Exeggutor|Exeggutor, L50, M|100\/100\n|turn|4\n|\n|t:|1730314425\n|move|p1b: Exeggutor|Hyper Voice|p2b: Dondozo|[spread] p2b\n|-miss|p1b: Exeggutor|p2a: Tatsugiri\n|-damage|p2b: Dondozo|49\/100\n|move|p2b: Dondozo|Order Up|p1b: Exeggutor\n|-damage|p1b: Exeggutor|0 fnt\n|replace|p1b: Zoroark|Zoroark-Hisui, L50, F\n|-end|p1b: Zoroark|Illusion\n|faint|p1b: Zoroark\n|-boost|p2b: Dondozo|atk|1\n|move|p1a: Exeggutor|Trick Room|p1a: Exeggutor\n|-fieldstart|move: Trick Room|[of] p1a: Exeggutor\n|\n|upkeep\n|\n|t:|1730314433\n|switch|p1b: Torkoal|Torkoal, L50, F|100\/100\n|-weather|SunnyDay|[from] ability: Drought|[of] p1b: Torkoal\n|turn|5\n|\n|t:|1730314447\n|move|p2b: Dondozo|Protect|p2b: Dondozo\n|-singleturn|p2b: Dondozo|Protect\n|move|p1b: Torkoal|Clear Smog|p2b: Dondozo\n|-activate|p2b: Dondozo|move: Protect\n|move|p1a: Exeggutor|Expanding Force|p2a: Tatsugiri|[spread] \n|-miss|p1a: Exeggutor|p2a: Tatsugiri\n|-activate|p2b: Dondozo|move: Protect\n|\n|-weather|SunnyDay|[upkeep]\n|-fieldend|move: Psychic Terrain\n|upkeep\n|turn|6\n|\n|t:|1730314460\n|move|p1b: Torkoal|Clear Smog|p2b: Dondozo\n|-damage|p2b: Dondozo|43\/100\n|-clearboost|p2b: Dondozo\n|move|p2b: Dondozo|Wave Crash|p1b: Torkoal\n|-supereffective|p1b: Torkoal\n|-damage|p1b: Torkoal|65\/100\n|-damage|p2b: Dondozo|34\/100|[from] Recoil\n|move|p1a: Exeggutor|Energy Ball|p2b: Dondozo\n|-supereffective|p2b: Dondozo\n|-crit|p2b: Dondozo\n|-damage|p2b: Dondozo|0 fnt\n|faint|p2b: Dondozo\n|\n|-weather|SunnyDay|[upkeep]\n|upkeep\n|\n|t:|1730314465\n|switch|p2b: Sneasler|Sneasler, L50, F, tera:Dark|50\/100\n|turn|7\n|j| Xunyicaoawa\n|j| GBVGC X76\n|\n|t:|1730314479\n|move|p2b: Sneasler|Protect|p2b: Sneasler\n|-singleturn|p2b: Sneasler|Protect\n|move|p1b: Torkoal|Eruption|p2a: Tatsugiri|[spread] p2a\n|-activate|p2b: Sneasler|move: Protect\n|-resisted|p2a: Tatsugiri\n|-damage|p2a: Tatsugiri|84\/100\n|move|p1a: Exeggutor|Energy Ball|p2b: Sneasler\n|-activate|p2b: Sneasler|move: Protect\n|move|p2a: Tatsugiri|Muddy Water|p1b: Torkoal|[spread] p1a\n|-miss|p2a: Tatsugiri|p1b: Torkoal\n|-resisted|p1a: Exeggutor\n|-damage|p1a: Exeggutor|91\/100\n|\n|-weather|SunnyDay|[upkeep]\n|upkeep\n|turn|8\n|\n|t:|1730314495\n|move|p2b: Sneasler|Protect||[still]\n|-fail|p2b: Sneasler\n|move|p1b: Torkoal|Eruption|p2b: Sneasler|[spread] p2a,p2b\n|-resisted|p2a: Tatsugiri\n|-damage|p2a: Tatsugiri|66\/100\n|-damage|p2b: Sneasler|0 fnt\n|faint|p2b: Sneasler\n|move|p1a: Exeggutor|Energy Ball|p2a: Tatsugiri\n|-damage|p2a: Tatsugiri|0 fnt\n|faint|p2a: Tatsugiri\n|\n|win|ted31625\n|raw|ted31625's rating: 1745 &rarr; <strong>1766<\/strong><br \/>(+21 for winning)\n|raw|Kunikamaze's rating: 1754 &rarr; <strong>1733<\/strong><br \/>(-21 for losing)\n|l|\u2606Kunikamaze\n|player|p2|\n|l|\u2606ted31625\n|player|p1|\n|l| Xunyicaoawa\n|l| jdarcan\n","uploadtime":1730314683,"views":21,"formatid":"gen9vgc2024regh","rating":1733,"private":0,"password":null}