{"id":"gen9vgc2024regh-2234870449","format":"[Gen 9] VGC 2024 Reg H","players":["Kunikamaze","Waffles4breakfast"],"log":"|j|\u2606Kunikamaze\n|j|\u2606Waffles4breakfast\n|t:|1730397854\n|gametype|doubles\n|player|p1|Kunikamaze|265|1700\n|player|p2|Waffles4breakfast|juggler|1726\n|teamsize|p1|6\n|teamsize|p2|6\n|gen|9\n|tier|[Gen 9] VGC 2024 Reg H\n|rated|\n|rule|Species Clause: Limit one of each Pok\u00e9mon\n|rule|Item Clause: Limit 1 of each item\n|clearpoke\n|poke|p1|Exeggutor, L50, F|\n|poke|p1|Indeedee-F, L50, F|\n|poke|p1|Torkoal, L50, F|\n|poke|p1|Charizard, L50, F|\n|poke|p1|Gallade, L50, M|\n|poke|p1|Ursaluna, L50, M|\n|poke|p2|Archaludon, L50, F|\n|poke|p2|Pelipper, L50, M|\n|poke|p2|Basculegion, L50, M|\n|poke|p2|Amoonguss, L50, M|\n|poke|p2|Gholdengo, L50|\n|poke|p2|Murkrow, L50, F|\n|teampreview|4\n|j| filho_noel\n|\n|t:|1730397875\n|start\n|switch|p1a: Indeedee|Indeedee-F, L50, F|100\/100\n|switch|p1b: Gallade|Gallade, L50, M|100\/100\n|switch|p2a: Gholdengo|Gholdengo, L50|100\/100\n|switch|p2b: Basculegion|Basculegion, L50, M|100\/100\n|-fieldstart|move: Psychic Terrain|[from] ability: Psychic Surge|[of] p1a: Indeedee\n|turn|1\n|\n|t:|1730397884\n|-terastallize|p2a: Gholdengo|Steel\n|move|p1a: Indeedee|Follow Me|p1a: Indeedee\n|-singleturn|p1a: Indeedee|move: Follow Me\n|move|p2a: Gholdengo|Make It Rain|p1a: Indeedee|[spread] p1a,p1b\n|-damage|p1a: Indeedee|1\/100\n|-damage|p1b: Gallade|10\/100\n|-unboost|p2a: Gholdengo|spa|1\n|-enditem|p1a: Indeedee|Sitrus Berry|[eat]\n|-heal|p1a: Indeedee|26\/100|[from] item: Sitrus Berry\n|move|p2b: Basculegion|Flip Turn|p1a: Indeedee\n|-crit|p1a: Indeedee\n|-damage|p1a: Indeedee|0 fnt\n|faint|p1a: Indeedee\n|\n|t:|1730397893\n|switch|p2b: Amoonguss|Amoonguss, L50, M|100\/100|[from] Flip Turn\n|move|p1b: Gallade|Trick Room|p1b: Gallade\n|-fieldstart|move: Trick Room|[of] p1b: Gallade\n|\n|upkeep\n|\n|t:|1730397898\n|switch|p1a: Ursaluna|Ursaluna, L50, M|100\/100\n|turn|2\n|\n|t:|1730397921\n|move|p2b: Amoonguss|Sludge Bomb|p1b: Gallade\n|-damage|p1b: Gallade|0 fnt\n|faint|p1b: Gallade\n|move|p1a: Ursaluna|Headlong Rush|p2a: Gholdengo\n|-supereffective|p2a: Gholdengo\n|-damage|p2a: Gholdengo|0 fnt\n|-unboost|p1a: Ursaluna|def|1\n|-unboost|p1a: Ursaluna|spd|1\n|faint|p2a: Gholdengo\n|\n|-status|p1a: Ursaluna|brn|[from] item: Flame Orb\n|upkeep\n|\n|t:|1730397927\n|switch|p1b: Exeggutor|Exeggutor, L50, F|100\/100\n|switch|p2a: Basculegion|Basculegion, L50, M|100\/100\n|turn|3\n|inactive|Battle timer is ON: inactive players will automatically lose when time's up. (requested by Kunikamaze)\n|\n|t:|1730397979\n|-terastallize|p1b: Exeggutor|Stellar\n|move|p2b: Amoonguss|Sludge Bomb|p1a: Ursaluna\n|-resisted|p1a: Ursaluna\n|-damage|p1a: Ursaluna|85\/100 brn\n|move|p1a: Ursaluna|Facade|p2b: Amoonguss\n|-damage|p2b: Amoonguss|0 fnt\n|-damage|p1a: Ursaluna|69\/100 brn|[from] item: Rocky Helmet|[of] p2b: Amoonguss\n|faint|p2b: Amoonguss\n|move|p1b: Exeggutor|Expanding Force|p2a: Basculegion\n|-damage|p2a: Basculegion|0 fnt\n|faint|p2a: Basculegion\n|\n|-damage|p1a: Ursaluna|63\/100 brn|[from] brn\n|upkeep\n|\n|t:|1730397984\n|switch|p2b: Pelipper|Pelipper, L50, M|100\/100\n|-weather|RainDance|[from] ability: Drizzle|[of] p2b: Pelipper\n|turn|4\n|\n|t:|1730397990\n|move|p2b: Pelipper|Protect|p2b: Pelipper\n|-singleturn|p2b: Pelipper|Protect\n|move|p1a: Ursaluna|Rock Slide|p2b: Pelipper\n|-activate|p2b: Pelipper|move: Protect\n|move|p1b: Exeggutor|Leaf Storm|p2b: Pelipper\n|-activate|p2b: Pelipper|move: Protect\n|\n|-weather|RainDance|[upkeep]\n|-damage|p1a: Ursaluna|57\/100 brn|[from] brn\n|upkeep\n|turn|5\n|\n|t:|1730398000\n|move|p2b: Pelipper|Wide Guard|p2b: Pelipper\n|-singleturn|p2b: Pelipper|Wide Guard\n|move|p1a: Ursaluna|Facade|p2b: Pelipper\n|-enditem|p2b: Pelipper|Focus Sash\n|-damage|p2b: Pelipper|1\/100\n|move|p1b: Exeggutor|Leaf Storm|p2b: Pelipper\n|-damage|p2b: Pelipper|0 fnt\n|-unboost|p1b: Exeggutor|spa|2\n|faint|p2b: Pelipper\n|\n|win|Kunikamaze\n|raw|Kunikamaze's rating: 1700 &rarr; <strong>1721<\/strong><br \/>(+21 for winning)\n|raw|Waffles4breakfast's rating: 1726 &rarr; <strong>1705<\/strong><br \/>(-21 for losing)\n|l|\u2606Waffles4breakfast\n|player|p2|\n|l|\u2606Kunikamaze\n|player|p1|\n","uploadtime":1730398175,"views":15,"formatid":"gen9vgc2024regh","rating":1705,"private":0,"password":null}