{"id":"gen9vgc2024regh-2234197196","format":"[Gen 9] VGC 2024 Reg H","players":["jhyjhyt","Waffles4breakfast"],"log":"|j|\u2606jhyjhyt\n|j|\u2606Waffles4breakfast\n|t:|1730312314\n|gametype|doubles\n|player|p1|jhyjhyt|170|1683\n|player|p2|Waffles4breakfast|juggler|1736\n|teamsize|p1|6\n|teamsize|p2|6\n|gen|9\n|tier|[Gen 9] VGC 2024 Reg H\n|rated|\n|rule|Species Clause: Limit one of each Pok\u00e9mon\n|rule|Item Clause: Limit 1 of each item\n|clearpoke\n|poke|p1|Dondozo, L50, M|\n|poke|p1|Tatsugiri, L50, M|\n|poke|p1|Pelipper, L50, M|\n|poke|p1|Archaludon, L50, M|\n|poke|p1|Amoonguss, L50, M|\n|poke|p1|Murkrow, L50, M|\n|poke|p2|Archaludon, L50, F|\n|poke|p2|Pelipper, L50, F|\n|poke|p2|Basculegion, L50, M|\n|poke|p2|Amoonguss, L50, F|\n|poke|p2|Gholdengo, L50|\n|poke|p2|Murkrow, L50, F|\n|teampreview|4\n|inactive|Battle timer is ON: inactive players will automatically lose when time's up. (requested by jhyjhyt)\n|\n|t:|1730312332\n|start\n|switch|p1a: Dondozo|Dondozo, L50, M|100\/100\n|switch|p1b: Pelipper|Pelipper, L50, M|100\/100\n|switch|p2a: Archaludon|Archaludon, L50, F|100\/100\n|switch|p2b: Pelipper|Pelipper, L50, F|100\/100\n|-weather|RainDance|[from] ability: Drizzle|[of] p2b: Pelipper\n|turn|1\n|j| Xunyicaoawa\n|\n|t:|1730312351\n|move|p1a: Dondozo|Protect|p1a: Dondozo\n|-singleturn|p1a: Dondozo|Protect\n|move|p2b: Pelipper|Hurricane|p1b: Pelipper\n|-damage|p1b: Pelipper|12\/100\n|move|p1b: Pelipper|Weather Ball|p2a: Archaludon\n|-resisted|p2a: Archaludon\n|-damage|p2a: Archaludon|72\/100\n|-ability|p2a: Archaludon|Stamina|boost\n|-boost|p2a: Archaludon|def|1\n|move|p2a: Archaludon|Electro Shot||[still]\n|-prepare|p2a: Archaludon|Electro Shot\n|-boost|p2a: Archaludon|spa|1\n|-anim|p2a: Archaludon|Electro Shot|p1b: Pelipper\n|-supereffective|p1b: Pelipper\n|-damage|p1b: Pelipper|0 fnt\n|faint|p1b: Pelipper\n|\n|-weather|RainDance|[upkeep]\n|upkeep\n|\n|t:|1730312368\n|switch|p1b: Archaludon|Archaludon, L50, M|100\/100\n|turn|2\n|\n|t:|1730312379\n|switch|p1b: Tatsugiri|Tatsugiri, L50, M|100\/100\n|-activate|p1b: Tatsugiri|ability: Commander|[of] p1a: Dondozo\n|-boost|p1a: Dondozo|atk|2\n|-boost|p1a: Dondozo|spa|2\n|-boost|p1a: Dondozo|spe|2\n|-boost|p1a: Dondozo|def|2\n|-boost|p1a: Dondozo|spd|2\n|-terastallize|p2a: Archaludon|Fairy\n|-terastallize|p1a: Dondozo|Water\n|move|p1a: Dondozo|Surf|p2b: Pelipper|[spread] p2a,p2b\n|-miss|p1a: Dondozo|p1b: Tatsugiri\n|-resisted|p2b: Pelipper\n|-damage|p2a: Archaludon|0 fnt\n|-damage|p2b: Pelipper|9\/100\n|faint|p2a: Archaludon\n|move|p2b: Pelipper|Hurricane|p1a: Dondozo\n|-damage|p1a: Dondozo|76\/100\n|\n|-weather|RainDance|[upkeep]\n|upkeep\n|\n|t:|1730312394\n|switch|p2a: Murkrow|Murkrow, L50, F|100\/100\n|turn|3\n|\n|t:|1730312400\n|move|p2a: Murkrow|Haze|p2a: Murkrow\n|-clearallboost\n|move|p2b: Pelipper|Hurricane|p1a: Dondozo\n|-damage|p1a: Dondozo|29\/100\n|move|p1a: Dondozo|Order Up|p2b: Pelipper\n|-damage|p2b: Pelipper|0 fnt\n|faint|p2b: Pelipper\n|-boost|p1a: Dondozo|atk|1\n|\n|-weather|RainDance|[upkeep]\n|upkeep\n|\n|t:|1730312406\n|switch|p2b: Gholdengo|Gholdengo, L50|100\/100\n|turn|4\n|\n|t:|1730312419\n|move|p2b: Gholdengo|Shadow Ball|p1a: Dondozo\n|-damage|p1a: Dondozo|0 fnt\n|faint|p1a: Dondozo\n|move|p2a: Murkrow|Foul Play|p1b: Tatsugiri\n|-damage|p1b: Tatsugiri|73\/100\n|\n|-weather|RainDance|[upkeep]\n|upkeep\n|\n|t:|1730312426\n|switch|p1a: Archaludon|Archaludon, L50, M|100\/100\n|turn|5\n|\n|t:|1730312433\n|move|p2a: Murkrow|Tailwind|p2a: Murkrow\n|-sidestart|p2: Waffles4breakfast|move: Tailwind\n|move|p2b: Gholdengo|Shadow Ball|p1b: Tatsugiri\n|-damage|p1b: Tatsugiri|0 fnt\n|faint|p1b: Tatsugiri\n|move|p1a: Archaludon|Electro Shot||[still]\n|-prepare|p1a: Archaludon|Electro Shot\n|-boost|p1a: Archaludon|spa|1\n|-anim|p1a: Archaludon|Electro Shot|p2a: Murkrow\n|-supereffective|p2a: Murkrow\n|-crit|p2a: Murkrow\n|-damage|p2a: Murkrow|0 fnt\n|faint|p2a: Murkrow\n|\n|-weather|none\n|upkeep\n|turn|6\n|\n|t:|1730312451\n|move|p2b: Gholdengo|Shadow Ball|p1a: Archaludon\n|-damage|p1a: Archaludon|49\/100\n|-ability|p1a: Archaludon|Stamina|boost\n|-boost|p1a: Archaludon|def|1\n|move|p1a: Archaludon|Flash Cannon|p2b: Gholdengo\n|-resisted|p2b: Gholdengo\n|-damage|p2b: Gholdengo|61\/100\n|\n|upkeep\n|turn|7\n|\n|t:|1730312460\n|move|p2b: Gholdengo|Shadow Ball|p1a: Archaludon\n|-crit|p1a: Archaludon\n|-damage|p1a: Archaludon|0 fnt\n|faint|p1a: Archaludon\n|\n|win|Waffles4breakfast\n|raw|jhyjhyt's rating: 1683 &rarr; <strong>1666<\/strong><br \/>(-17 for losing)\n|raw|Waffles4breakfast's rating: 1736 &rarr; <strong>1753<\/strong><br \/>(+17 for winning)\n|l|\u2606jhyjhyt\n|player|p1|\n|l|\u2606Waffles4breakfast\n|player|p2|\n|l| Xunyicaoawa\n","uploadtime":1730312629,"views":12,"formatid":"gen9vgc2024regh","rating":1666,"private":0,"password":null}