{"id":"gen9vgc2024regh-2234710234","format":"[Gen 9] VGC 2024 Reg H","players":["greenlightdmp","perish1vgc"],"log":"|j|\u2606greenlightdmp\n|j|\u2606perish1vgc\n|t:|1730382578\n|gametype|doubles\n|player|p1|greenlightdmp|102|1711\n|player|p2|perish1vgc|170|1724\n|teamsize|p1|6\n|teamsize|p2|6\n|gen|9\n|tier|[Gen 9] VGC 2024 Reg H\n|rated|\n|rule|Species Clause: Limit one of each Pok\u00e9mon\n|rule|Item Clause: Limit 1 of each item\n|clearpoke\n|poke|p1|Sneasler, L50, F|\n|poke|p1|Murkrow, L50, F|\n|poke|p1|Basculegion, L50, M|\n|poke|p1|Archaludon, L50, F|\n|poke|p1|Indeedee-F, L50, F|\n|poke|p1|Gholdengo, L50|\n|poke|p2|Annihilape, L50, F|\n|poke|p2|Dragonite, L50, F|\n|poke|p2|Gholdengo, L50|\n|poke|p2|Kingambit, L50, M|\n|poke|p2|Volcarona, L50, M|\n|poke|p2|Whimsicott, L50, M|\n|teampreview|4\n|inactive|Battle timer is ON: inactive players will automatically lose when time's up. (requested by perish1vgc)\n|inactive|greenlightdmp has 60 seconds left.\n|inactive|perish1vgc has 60 seconds left.\n|\n|t:|1730382638\n|start\n|switch|p1a: Raf Camora|Murkrow, L50, F|100\/100\n|switch|p1b: Archaludon|Archaludon, L50, F|100\/100\n|switch|p2a: Whimsicott|Whimsicott, L50, M|100\/100\n|switch|p2b: Volcarona|Volcarona, L50, M|100\/100\n|turn|1\n|j| altos1g\n|\n|t:|1730382661\n|move|p1a: Raf Camora|Rain Dance|p1a: Raf Camora\n|-weather|RainDance\n|move|p2a: Whimsicott|Moonblast|p1a: Raf Camora\n|-supereffective|p1a: Raf Camora\n|-damage|p1a: Raf Camora|35\/100\n|move|p2b: Volcarona|Heat Wave|p1b: Archaludon|[spread] p1a,p1b\n|-damage|p1a: Raf Camora|8\/100\n|-damage|p1b: Archaludon|83\/100\n|-ability|p1b: Archaludon|Stamina|boost\n|-boost|p1b: Archaludon|def|1\n|move|p1b: Archaludon|Electro Shot||[still]\n|-prepare|p1b: Archaludon|Electro Shot\n|-boost|p1b: Archaludon|spa|1\n|-anim|p1b: Archaludon|Electro Shot|p2b: Volcarona\n|-damage|p2b: Volcarona|29\/100\n|\n|-weather|RainDance|[upkeep]\n|upkeep\n|turn|2\n|inactive|greenlightdmp has 30 seconds left.\n|\n|t:|1730382687\n|move|p2a: Whimsicott|Sunny Day|p2a: Whimsicott\n|-weather|SunnyDay\n|move|p1a: Raf Camora|Tailwind|p1a: Raf Camora\n|-sidestart|p1: greenlightdmp|move: Tailwind\n|move|p1b: Archaludon|Electro Shot||[still]\n|-prepare|p1b: Archaludon|Electro Shot\n|-boost|p1b: Archaludon|spa|1\n|move|p2b: Volcarona|Heat Wave|p1b: Archaludon|[spread] p1a,p1b\n|-damage|p1a: Raf Camora|0 fnt\n|-damage|p1b: Archaludon|22\/100\n|-ability|p1b: Archaludon|Stamina|boost\n|-boost|p1b: Archaludon|def|1\n|faint|p1a: Raf Camora\n|\n|-weather|SunnyDay|[upkeep]\n|upkeep\n|\n|t:|1730382699\n|switch|p1a: Evil Yarrack|Basculegion, L50, M|100\/100\n|turn|3\n|\n|t:|1730382712\n|move|p2a: Whimsicott|Tailwind|p2a: Whimsicott\n|-sidestart|p2: perish1vgc|move: Tailwind\n|move|p1a: Evil Yarrack|Flip Turn|p2b: Volcarona\n|-supereffective|p2b: Volcarona\n|-damage|p2b: Volcarona|0 fnt\n|faint|p2b: Volcarona\n|\n|t:|1730382719\n|switch|p1a: Slim Shady|Sneasler, L50, F|100\/100|[from] Flip Turn\n|move|p1b: Archaludon|Electro Shot|p2a: Whimsicott|[from]lockedmove\n|-resisted|p2a: Whimsicott\n|-damage|p2a: Whimsicott|28\/100\n|\n|-weather|SunnyDay|[upkeep]\n|upkeep\n|j| ogklskgjd\n|\n|t:|1730382727\n|switch|p2b: Gholdengo|Gholdengo, L50|100\/100\n|turn|4\n|inactive|greenlightdmp has 30 seconds left.\n|inactive|perish1vgc has 30 seconds left.\n|inactive|greenlightdmp has 20 seconds left.\n|inactive|greenlightdmp has 15 seconds left.\n|\n|t:|1730382769\n|move|p2b: Gholdengo|Make It Rain|p1a: Slim Shady|[spread] p1a,p1b\n|-resisted|p1b: Archaludon\n|-damage|p1a: Slim Shady|34\/100\n|-damage|p1b: Archaludon|4\/100\n|-unboost|p2b: Gholdengo|spa|1\n|-ability|p1b: Archaludon|Stamina|boost\n|-boost|p1b: Archaludon|def|1\n|move|p2a: Whimsicott|Moonblast|p1a: Slim Shady\n|-crit|p1a: Slim Shady\n|-damage|p1a: Slim Shady|0 fnt\n|faint|p1a: Slim Shady\n|move|p1b: Archaludon|Draco Meteor|p2b: Gholdengo|[miss]\n|-miss|p1b: Archaludon|p2b: Gholdengo\n|\n|-weather|SunnyDay|[upkeep]\n|upkeep\n|\n|t:|1730382780\n|switch|p1a: Evil Yarrack|Basculegion, L50, M|100\/100\n|turn|5\n|inactive|greenlightdmp has 30 seconds left.\n|\n|t:|1730382807\n|-terastallize|p2b: Gholdengo|Steel\n|move|p2b: Gholdengo|Make It Rain|p1a: Evil Yarrack|[spread] p1a,p1b\n|-resisted|p1a: Evil Yarrack\n|-resisted|p1b: Archaludon\n|-crit|p1b: Archaludon\n|-damage|p1a: Evil Yarrack|73\/100\n|-damage|p1b: Archaludon|0 fnt\n|-unboost|p2b: Gholdengo|spa|1\n|faint|p1b: Archaludon\n|move|p1a: Evil Yarrack|Last Respects|p2b: Gholdengo\n|-damage|p2b: Gholdengo|0 fnt\n|faint|p2b: Gholdengo\n|move|p2a: Whimsicott|Moonblast|p1a: Evil Yarrack\n|-damage|p1a: Evil Yarrack|29\/100\n|\n|-weather|SunnyDay|[upkeep]\n|-sideend|p1: greenlightdmp|move: Tailwind\n|upkeep\n|-message|greenlightdmp forfeited.\n|\n|win|perish1vgc\n|raw|greenlightdmp's rating: 1711 &rarr; <strong>1692<\/strong><br \/>(-19 for losing)\n|raw|perish1vgc's rating: 1724 &rarr; <strong>1743<\/strong><br \/>(+19 for winning)\n|l|\u2606greenlightdmp\n|player|p1|\n|l|\u2606perish1vgc\n|player|p2|\n|l| ogklskgjd\n|l| altos1g\n","uploadtime":1730382985,"views":16,"formatid":"gen9vgc2024regh","rating":1692,"private":0,"password":null}