{"id":"gen9vgc2024regh-2234223968","format":"[Gen 9] VGC 2024 Reg H","players":["drew","GBVGC X76"],"log":"|j|\u2606drew\n|j|\u2606GBVGC X76\n|t:|1730314800\n|gametype|doubles\n|player|p1|drew|pokemonranger-gen4|1716\n|player|p2|GBVGC X76|hanbei-conquest|1742\n|teamsize|p1|6\n|teamsize|p2|6\n|gen|9\n|tier|[Gen 9] VGC 2024 Reg H\n|rated|\n|rule|Species Clause: Limit one of each Pok\u00e9mon\n|rule|Item Clause: Limit 1 of each item\n|clearpoke\n|poke|p1|Garchomp, L50, F|\n|poke|p1|Dragonite, L50, F|\n|poke|p1|Kingambit, L50, M|\n|poke|p1|Ninetales-Alola, L50, M|\n|poke|p1|Talonflame, L50, M|\n|poke|p1|Sneasler, L50, F|\n|poke|p2|Gothitelle, L50, F|\n|poke|p2|Dragapult, L50, M|\n|poke|p2|Volcarona, L50, F|\n|poke|p2|Kingambit, L50, F|\n|poke|p2|Sneasler, L50, M|\n|poke|p2|Clefable, L50, F|\n|teampreview|4\n|inactive|Battle timer is ON: inactive players will automatically lose when time's up. (requested by drew)\n|\n|t:|1730314825\n|start\n|switch|p1a: Garchomp|Garchomp, L50, F|100\/100\n|switch|p1b: Dragonite|Dragonite, L50, F|100\/100\n|switch|p2a: Gothitelle|Gothitelle, L50, F|100\/100\n|switch|p2b: Dragapult|Dragapult, L50, M|100\/100\n|turn|1\n|\n|t:|1730314847\n|-terastallize|p1a: Garchomp|Ground\n|move|p2a: Gothitelle|Fake Out|p1b: Dragonite\n|-damage|p1b: Dragonite|98\/100\n|move|p2b: Dragapult|Dragon Darts|p1a: Garchomp\n|-damage|p1a: Garchomp|60\/100\n|-anim|p2b: Dragapult|Dragon Darts|p1b: Dragonite\n|-supereffective|p1b: Dragonite\n|-damage|p1b: Dragonite|26\/100\n|move|p1a: Garchomp|Earthquake|p2a: Gothitelle|[spread] p2a,p2b\n|-immune|p1b: Dragonite\n|-damage|p2a: Gothitelle|33\/100\n|-damage|p2b: Dragapult|2\/100\n|-enditem|p2a: Gothitelle|Sitrus Berry|[eat]\n|-heal|p2a: Gothitelle|58\/100|[from] item: Sitrus Berry\n|-damage|p1a: Garchomp|50\/100|[from] item: Life Orb\n|cant|p1b: Dragonite|flinch\n|\n|upkeep\n|turn|2\n|\n|t:|1730314868\n|move|p2a: Gothitelle|Helping Hand|p2b: Dragapult\n|-singleturn|p2b: Dragapult|Helping Hand|[of] p2a: Gothitelle\n|move|p1b: Dragonite|Extreme Speed|p2a: Gothitelle\n|-damage|p2a: Gothitelle|23\/100\n|move|p2b: Dragapult|Dragon Darts|p1a: Garchomp\n|-damage|p1a: Garchomp|0 fnt\n|-anim|p2b: Dragapult|Dragon Darts|p1b: Dragonite\n|-supereffective|p1b: Dragonite\n|-damage|p1b: Dragonite|0 fnt\n|faint|p1a: Garchomp\n|faint|p1b: Dragonite\n|\n|upkeep\n|\n|t:|1730314873\n|switch|p1a: Kingambit|Kingambit, L50, M|100\/100\n|switch|p1b: Talonflame|Talonflame, L50, M|100\/100\n|turn|3\n|j| jdarcan\n|j| T7YH4RD\n|inactive|GBVGC X76 has 30 seconds left.\n|\n|t:|1730314901\n|switch|p2b: Kingambit|Kingambit, L50, F|100\/100\n|move|p1b: Talonflame|Tailwind|p1b: Talonflame\n|-sidestart|p1: drew|move: Tailwind\n|move|p1a: Kingambit|Kowtow Cleave|p2a: Gothitelle\n|-supereffective|p2a: Gothitelle\n|-damage|p2a: Gothitelle|0 fnt\n|faint|p2a: Gothitelle\n|\n|upkeep\n|\n|t:|1730314911\n|switch|p2a: Sneasler|Sneasler, L50, M|100\/100\n|turn|4\n|inactive|GBVGC X76 has 30 seconds left.\n|\n|t:|1730314938\n|-terastallize|p2b: Kingambit|Dark\n|move|p2a: Sneasler|Protect|p2a: Sneasler\n|-singleturn|p2a: Sneasler|Protect\n|move|p1a: Kingambit|Sucker Punch||[still]\n|-fail|p1a: Kingambit\n|move|p1b: Talonflame|Will-O-Wisp|p2b: Kingambit\n|-status|p2b: Kingambit|brn\n|move|p2b: Kingambit|Kowtow Cleave|p1b: Talonflame\n|-damage|p1b: Talonflame|34\/100\n|\n|-damage|p2b: Kingambit|95\/100 brn|[from] brn\n|upkeep\n|turn|5\n|inactive|drew has 30 seconds left.\n|j| mr pogostick\n|\n|t:|1730314970\n|switch|p2a: Dragapult|Dragapult, L50, M|2\/100\n|move|p1b: Talonflame|Will-O-Wisp|p2a: Dragapult\n|-status|p2a: Dragapult|brn\n|move|p1a: Kingambit|Low Kick|p2b: Kingambit\n|-supereffective|p2b: Kingambit\n|-crit|p2b: Kingambit\n|-damage|p2b: Kingambit|8\/100 brn\n|move|p2b: Kingambit|Kowtow Cleave|p1b: Talonflame\n|-damage|p1b: Talonflame|0 fnt\n|faint|p1b: Talonflame\n|\n|-damage|p2a: Dragapult|0 fnt|[from] brn\n|faint|p2a: Dragapult\n|-damage|p2b: Kingambit|2\/100 brn|[from] brn\n|upkeep\n|\n|t:|1730314978\n|switch|p2a: Sneasler|Sneasler, L50, M|100\/100\n|turn|6\n|\n|t:|1730314985\n|move|p2a: Sneasler|Fake Out|p1a: Kingambit\n|-resisted|p1a: Kingambit\n|-damage|p1a: Kingambit|95\/100\n|cant|p1a: Kingambit|flinch\n|move|p2b: Kingambit|Kowtow Cleave|p1a: Kingambit\n|-resisted|p1a: Kingambit\n|-damage|p1a: Kingambit|80\/100\n|\n|-damage|p2b: Kingambit|0 fnt|[from] brn\n|faint|p2b: Kingambit\n|-sideend|p1: drew|move: Tailwind\n|upkeep\n|turn|7\n|\n|t:|1730314994\n|move|p2a: Sneasler|Close Combat|p1a: Kingambit\n|-supereffective|p1a: Kingambit\n|-damage|p1a: Kingambit|0 fnt\n|-unboost|p2a: Sneasler|def|1\n|-unboost|p2a: Sneasler|spd|1\n|faint|p1a: Kingambit\n|\n|win|GBVGC X76\n|raw|drew's rating: 1716 &rarr; <strong>1697<\/strong><br \/>(-19 for losing)\n|raw|GBVGC X76's rating: 1742 &rarr; <strong>1761<\/strong><br \/>(+19 for winning)\n|l|\u2606drew\n|player|p1|\n|l| mr pogostick\n|l| T7YH4RD\n|l| jdarcan\n","uploadtime":1730315230,"views":13,"formatid":"gen9vgc2024regh","rating":1697,"private":0,"password":null}