{"id":"gen9vgc2024regh-2234224190","format":"[Gen 9] VGC 2024 Reg H","players":["ted31625","Tepig_nNz_498"],"log":"|j|\u2606ted31625\n|j|\u2606Tepig_nNz_498\n|t:|1730314821\n|gametype|doubles\n|player|p1|ted31625|1|1740\n|player|p2|Tepig_nNz_498|266|1691\n|teamsize|p1|6\n|teamsize|p2|6\n|gen|9\n|tier|[Gen 9] VGC 2024 Reg H\n|rated|\n|rule|Species Clause: Limit one of each Pok\u00e9mon\n|rule|Item Clause: Limit 1 of each item\n|clearpoke\n|poke|p1|Indeedee-F, L50, F|\n|poke|p1|Gallade, L50, M|\n|poke|p1|Ursaluna, L50, F|\n|poke|p1|Torkoal, L50, F|\n|poke|p1|Exeggutor, L50, M|\n|poke|p1|Zoroark-Hisui, L50, M|\n|poke|p2|Politoed, L50, M|\n|poke|p2|Archaludon, L50, M|\n|poke|p2|Basculegion, L50, M|\n|poke|p2|Ludicolo, L50, M|\n|poke|p2|Barraskewda, L50, M|\n|poke|p2|Pelipper, L50, M|\n|teampreview|4\n|inactive|Battle timer is ON: inactive players will automatically lose when time's up. (requested by ted31625)\n|\n|t:|1730314842\n|start\n|switch|p1a: Torkoal|Torkoal, L50, F|100\/100\n|switch|p1b: Exeggutor|Exeggutor, L50, M|100\/100\n|switch|p2a: Ludicolo|Ludicolo, L50, M|100\/100\n|switch|p2b: Pelipper|Pelipper, L50, M|100\/100\n|-weather|RainDance|[from] ability: Drizzle|[of] p2b: Pelipper\n|-weather|SunnyDay|[from] ability: Drought|[of] p1a: Torkoal\n|turn|1\n|\n|t:|1730314866\n|switch|p2b: Politoed|Politoed, L50, M|100\/100\n|-weather|RainDance|[from] ability: Drizzle|[of] p2b: Politoed\n|move|p2a: Ludicolo|Weather Ball|p1a: Torkoal\n|-supereffective|p1a: Torkoal\n|-damage|p1a: Torkoal|0 fnt\n|faint|p1a: Torkoal\n|move|p1b: Exeggutor|Hyper Voice|p2b: Politoed|[spread] p2a,p2b\n|-damage|p2a: Ludicolo|44\/100\n|-damage|p2b: Politoed|49\/100\n|\n|-weather|RainDance|[upkeep]\n|upkeep\n|\n|t:|1730314879\n|switch|p1a: Indeedee|Indeedee-F, L50, F|100\/100\n|-fieldstart|move: Psychic Terrain|[from] ability: Psychic Surge|[of] p1a: Indeedee\n|-enditem|p1a: Indeedee|Psychic Seed\n|-boost|p1a: Indeedee|spd|1|[from] item: Psychic Seed\n|turn|2\n|j| Xunyicaoawa\n|j| jdarcan\n|inactive|Tepig_nNz_498 has 30 seconds left.\n|\n|t:|1730314907\n|move|p1a: Indeedee|Helping Hand|p1b: Exeggutor\n|-singleturn|p1b: Exeggutor|Helping Hand|[of] p1a: Indeedee\n|move|p2a: Ludicolo|Weather Ball|p1a: Indeedee\n|-damage|p1a: Indeedee|60\/100\n|move|p1b: Exeggutor|Hyper Voice|p2a: Ludicolo|[spread] p2a,p2b\n|-damage|p2a: Ludicolo|0 fnt\n|-damage|p2b: Politoed|0 fnt\n|faint|p2a: Ludicolo\n|faint|p2b: Politoed\n|\n|-weather|RainDance|[upkeep]\n|upkeep\n|\n|t:|1730314916\n|switch|p2a: Archaludon|Archaludon, L50, M|100\/100\n|switch|p2b: Pelipper|Pelipper, L50, M|100\/100\n|turn|3\n|\n|t:|1730314932\n|-terastallize|p1b: Exeggutor|Stellar\n|-terastallize|p2b: Pelipper|Steel\n|move|p1a: Indeedee|Follow Me|p1a: Indeedee\n|-singleturn|p1a: Indeedee|move: Follow Me\n|move|p1b: Exeggutor|Hyper Voice|p2b: Pelipper|[spread] p2a,p2b\n|-resisted|p2a: Archaludon\n|-resisted|p2b: Pelipper\n|-damage|p2a: Archaludon|71\/100\n|-damage|p2b: Pelipper|48\/100\n|-ability|p2a: Archaludon|Stamina|boost\n|-boost|p2a: Archaludon|def|1\n|-enditem|p2b: Pelipper|Sitrus Berry|[eat]\n|-heal|p2b: Pelipper|73\/100|[from] item: Sitrus Berry\n|move|p2a: Archaludon|Electro Shot||[still]\n|-prepare|p2a: Archaludon|Electro Shot\n|-boost|p2a: Archaludon|spa|1\n|-anim|p2a: Archaludon|Electro Shot|p1a: Indeedee\n|-damage|p1a: Indeedee|15\/100\n|move|p2b: Pelipper|Hurricane|p1a: Indeedee\n|-damage|p1a: Indeedee|0 fnt\n|faint|p1a: Indeedee\n|\n|-weather|RainDance|[upkeep]\n|upkeep\n|\n|t:|1730314943\n|switch|p1a: Exeggutor|Exeggutor, L50, M|100\/100\n|turn|4\n|\n|t:|1730314964\n|move|p1b: Exeggutor|Hyper Voice|p2a: Archaludon|[spread] p2a,p2b\n|-resisted|p2a: Archaludon\n|-resisted|p2b: Pelipper\n|-damage|p2a: Archaludon|49\/100\n|-damage|p2b: Pelipper|33\/100\n|-ability|p2a: Archaludon|Stamina|boost\n|-boost|p2a: Archaludon|def|1\n|move|p2a: Archaludon|Electro Shot||[still]\n|-prepare|p2a: Archaludon|Electro Shot\n|-boost|p2a: Archaludon|spa|1\n|-anim|p2a: Archaludon|Electro Shot|p1b: Exeggutor\n|-damage|p1b: Exeggutor|0 fnt\n|replace|p1b: Zoroark|Zoroark-Hisui, L50, M\n|-end|p1b: Zoroark|Illusion\n|faint|p1b: Zoroark\n|move|p1a: Exeggutor|Sleep Powder|p2a: Archaludon\n|-status|p2a: Archaludon|slp|[from] move: Sleep Powder\n|move|p2b: Pelipper|Hurricane|p1a: Exeggutor\n|-supereffective|p1a: Exeggutor\n|-enditem|p1a: Exeggutor|Focus Sash\n|-damage|p1a: Exeggutor|1\/100\n|\n|-weather|RainDance|[upkeep]\n|upkeep\n|turn|5\n|inactive|Tepig_nNz_498 has 30 seconds left.\n|\n|t:|1730314991\n|cant|p2a: Archaludon|slp\n|move|p1a: Exeggutor|Expanding Force|p2a: Archaludon|[spread] p2a,p2b\n|-resisted|p2a: Archaludon\n|-resisted|p2b: Pelipper\n|-damage|p2a: Archaludon|21\/100 slp\n|-damage|p2b: Pelipper|0 fnt\n|-ability|p2a: Archaludon|Stamina|boost\n|-boost|p2a: Archaludon|def|1\n|faint|p2b: Pelipper\n|\n|-weather|none\n|upkeep\n|turn|6\n|\n|t:|1730315003\n|move|p1a: Exeggutor|Expanding Force|p2a: Archaludon\n|-resisted|p2a: Archaludon\n|-damage|p2a: Archaludon|0 fnt\n|faint|p2a: Archaludon\n|\n|win|ted31625\n|raw|ted31625's rating: 1740 &rarr; <strong>1757<\/strong><br \/>(+17 for winning)\n|raw|Tepig_nNz_498's rating: 1691 &rarr; <strong>1674<\/strong><br \/>(-17 for losing)\n|l|\u2606Tepig_nNz_498\n|player|p2|\n|l| Xunyicaoawa\n|l|\u2606ted31625\n|player|p1|\n|l| jdarcan\n","uploadtime":1730315230,"views":13,"formatid":"gen9vgc2024regh","rating":1674,"private":0,"password":null}