{"id":"gen9vgc2024regh-2234208743","format":"[Gen 9] VGC 2024 Reg H","players":["Kronicler","GBVGC X76"],"log":"|j|\u2606Kronicler\n|j|\u2606GBVGC X76\n|t:|1730313375\n|gametype|doubles\n|player|p1|Kronicler|yellow|1680\n|player|p2|GBVGC X76|hanbei-conquest|1772\n|teamsize|p1|6\n|teamsize|p2|6\n|gen|9\n|tier|[Gen 9] VGC 2024 Reg H\n|rated|\n|rule|Species Clause: Limit one of each Pok\u00e9mon\n|rule|Item Clause: Limit 1 of each item\n|clearpoke\n|poke|p1|Kingambit, L50, M|\n|poke|p1|Primarina, L50, M|\n|poke|p1|Sneasler, L50, M|\n|poke|p1|Magmar, L50, F|\n|poke|p1|Rillaboom, L50, F|\n|poke|p1|Dragapult, L50, M|\n|poke|p2|Gothitelle, L50, F|\n|poke|p2|Dragapult, L50, F|\n|poke|p2|Volcarona, L50, F|\n|poke|p2|Kingambit, L50, M|\n|poke|p2|Sneasler, L50, M|\n|poke|p2|Clefable, L50, F|\n|teampreview|4\n|inactive|Battle timer is ON: inactive players will automatically lose when time's up. (requested by Kronicler)\nKronicler rejected open team sheets.\n|inactive|GBVGC X76 has 60 seconds left.\n|\n|t:|1730313407\n|start\n|switch|p1a: Primarina|Primarina, L50, M|100\/100\n|switch|p1b: Sneasler|Sneasler, L50, M|100\/100\n|switch|p2a: Volcarona|Volcarona, L50, F|100\/100\n|switch|p2b: Clefable|Clefable, L50, F|100\/100\n|turn|1\n|\n|t:|1730313428\n|-terastallize|p2a: Volcarona|Grass\n|move|p2b: Clefable|Follow Me|p2b: Clefable\n|-singleturn|p2b: Clefable|move: Follow Me\n|move|p1b: Sneasler|Dire Claw|p2b: Clefable\n|-supereffective|p2b: Clefable\n|-damage|p2b: Clefable|10\/100\n|-damage|p1b: Sneasler|84\/100|[from] item: Rocky Helmet|[of] p2b: Clefable\n|move|p2a: Volcarona|Quiver Dance|p2a: Volcarona\n|-boost|p2a: Volcarona|spa|1\n|-boost|p2a: Volcarona|spd|1\n|-boost|p2a: Volcarona|spe|1\n|move|p1a: Primarina|Hyper Voice|p2b: Clefable|[spread] p2a,p2b\n|-resisted|p2a: Volcarona\n|-damage|p2a: Volcarona|91\/100\n|-damage|p2b: Clefable|0 fnt\n|faint|p2b: Clefable\n|\n|upkeep\n|\n|t:|1730313433\n|switch|p2b: Gothitelle|Gothitelle, L50, F|100\/100\n|turn|2\n|\n|t:|1730313445\n|move|p2b: Gothitelle|Fake Out|p1a: Primarina\n|-damage|p1a: Primarina|96\/100\n|move|p2a: Volcarona|Heat Wave|p1b: Sneasler|[spread] p1a,p1b\n|-resisted|p1a: Primarina\n|-damage|p1a: Primarina|74\/100\n|-damage|p1b: Sneasler|11\/100\n|move|p1b: Sneasler|Dire Claw|p2a: Volcarona\n|-supereffective|p2a: Volcarona\n|-damage|p2a: Volcarona|0 fnt\n|-status|p1b: Sneasler|brn|[from] ability: Flame Body|[of] p2a: Volcarona\n|faint|p2a: Volcarona\n|cant|p1a: Primarina|flinch\n|\n|-damage|p1b: Sneasler|5\/100 brn|[from] brn\n|upkeep\n|\n|t:|1730313450\n|switch|p2a: Sneasler|Sneasler, L50, M|100\/100\n|turn|3\n|j| bluestraggler02\n|\n|t:|1730313456\n|move|p1a: Primarina|Protect|p1a: Primarina\n|-singleturn|p1a: Primarina|Protect\n|move|p1b: Sneasler|Dire Claw|p2b: Gothitelle\n|-damage|p2b: Gothitelle|80\/100\n|-status|p2b: Gothitelle|psn|[from] ability: Poison Touch|[of] p1b: Sneasler\n|move|p2a: Sneasler|Dire Claw|p1a: Primarina\n|-activate|p1a: Primarina|move: Protect\n|move|p2b: Gothitelle|Psychic|p1a: Primarina\n|-activate|p1a: Primarina|move: Protect\n|\n|-damage|p2b: Gothitelle|67\/100 psn|[from] psn\n|-damage|p1b: Sneasler|0 fnt|[from] brn\n|faint|p1b: Sneasler\n|upkeep\n|\n|t:|1730313471\n|switch|p1b: Magmar|Magmar, L50, F|100\/100\n|turn|4\n|\n|t:|1730313481\n|move|p1b: Magmar|Follow Me|p1b: Magmar\n|-singleturn|p1b: Magmar|move: Follow Me\n|move|p2a: Sneasler|Dire Claw|p1b: Magmar\n|-damage|p1b: Magmar|62\/100\n|move|p2b: Gothitelle|Taunt|p1b: Magmar\n|-start|p1b: Magmar|move: Taunt\n|move|p1a: Primarina|Moonblast|p2a: Sneasler\n|-damage|p2a: Sneasler|37\/100\n|-unboost|p2a: Sneasler|spa|1\n|\n|-damage|p2b: Gothitelle|55\/100 psn|[from] psn\n|upkeep\n|turn|5\n|\n|t:|1730313498\n|-terastallize|p1a: Primarina|Poison\n|move|p2a: Sneasler|Close Combat|p1b: Magmar\n|-damage|p1b: Magmar|7\/100\n|-unboost|p2a: Sneasler|def|1\n|-unboost|p2a: Sneasler|spd|1\n|move|p1b: Magmar|Overheat|p2a: Sneasler\n|-damage|p2a: Sneasler|0 fnt\n|-unboost|p1b: Magmar|spa|2\n|faint|p2a: Sneasler\n|move|p2b: Gothitelle|Psychic|p1b: Magmar\n|-damage|p1b: Magmar|0 fnt\n|faint|p1b: Magmar\n|move|p1a: Primarina|Moonblast|p2b: Gothitelle\n|-damage|p2b: Gothitelle|20\/100 psn\n|-enditem|p2b: Gothitelle|Sitrus Berry|[eat]\n|-heal|p2b: Gothitelle|45\/100 psn|[from] item: Sitrus Berry\n|\n|-damage|p2b: Gothitelle|33\/100 psn|[from] psn\n|upkeep\n|\n|t:|1730313507\n|switch|p1b: Kingambit|Kingambit, L50, M|100\/100\n|turn|6\n|\n|t:|1730313511\n|move|p2b: Gothitelle|Psychic|p1a: Primarina\n|-supereffective|p1a: Primarina\n|-damage|p1a: Primarina|21\/100\n|-enditem|p1a: Primarina|Sitrus Berry|[eat]\n|-heal|p1a: Primarina|46\/100|[from] item: Sitrus Berry\n|move|p1a: Primarina|Moonblast|p2b: Gothitelle\n|-damage|p2b: Gothitelle|2\/100 psn\n|-unboost|p2b: Gothitelle|spa|1\n|move|p1b: Kingambit|Kowtow Cleave|p2b: Gothitelle\n|-supereffective|p2b: Gothitelle\n|-damage|p2b: Gothitelle|0 fnt\n|faint|p2b: Gothitelle\n|\n|win|Kronicler\n|raw|Kronicler's rating: 1680 &rarr; <strong>1705<\/strong><br \/>(+25 for winning)\n|raw|GBVGC X76's rating: 1772 &rarr; <strong>1747<\/strong><br \/>(-25 for losing)\n|l|\u2606GBVGC X76\n|player|p2|\n|l|\u2606Kronicler\n|player|p1|\n","uploadtime":1730313726,"views":29,"formatid":"gen9vgc2024regh","rating":1705,"private":0,"password":null}