{"id":"gen9vgc2024regh-2234366263","format":"[Gen 9] VGC 2024 Reg H","players":["brouz","grade a type b"],"log":"|j|\u2606brouz\n|j|\u2606grade a type b\n|t:|1730329675\n|gametype|doubles\n|player|p1|brouz|ingo|1789\n|player|p2|grade a type b|waiter-gen4dp|1710\n|teamsize|p1|6\n|teamsize|p2|6\n|gen|9\n|tier|[Gen 9] VGC 2024 Reg H\n|rated|\n|rule|Species Clause: Limit one of each Pok\u00e9mon\n|rule|Item Clause: Limit 1 of each item\n|clearpoke\n|poke|p1|Tyranitar, L50, F|\n|poke|p1|Gastrodon, L50, M|\n|poke|p1|Garchomp, L50, M|\n|poke|p1|Talonflame, L50, M|\n|poke|p1|Kingambit, L50, M|\n|poke|p1|Tsareena, L50, F|\n|poke|p2|Whimsicott, L50, M|\n|poke|p2|Ursaluna-Bloodmoon, L50, M|\n|poke|p2|Dragonite, L50, M|\n|poke|p2|Primarina, L50, M|\n|poke|p2|Gholdengo, L50|\n|poke|p2|Malamar, L50, F|\n|teampreview|4\n|inactive|Battle timer is ON: inactive players will automatically lose when time's up. (requested by grade a type b)\n|\n|t:|1730329695\n|start\n|switch|p1a: Talonflame|Talonflame, L50, M|100\/100\n|switch|p1b: Garchomp|Garchomp, L50, M|100\/100\n|switch|p2a: Booger Sugar|Whimsicott, L50, M, shiny|100\/100\n|switch|p2b: CWHIT 316 CHASE|Ursaluna-Bloodmoon, L50, M|100\/100\n|turn|1\n|\n|t:|1730329705\n|-terastallize|p2a: Booger Sugar|Water\n|move|p2b: CWHIT 316 CHASE|Protect|p2b: CWHIT 316 CHASE\n|-singleturn|p2b: CWHIT 316 CHASE|Protect\n|move|p1a: Talonflame|Tailwind|p1a: Talonflame\n|-sidestart|p1: brouz|move: Tailwind\n|move|p1b: Garchomp|Earthquake|p2a: Booger Sugar|[spread] p2a\n|-activate|p2b: CWHIT 316 CHASE|move: Protect\n|-immune|p1a: Talonflame\n|-damage|p2a: Booger Sugar|29\/100\n|move|p2a: Booger Sugar|Moonblast|p1a: Talonflame\n|-resisted|p1a: Talonflame\n|-damage|p1a: Talonflame|84\/100\n|\n|upkeep\n|turn|2\n|\n|t:|1730329718\n|-terastallize|p1b: Garchomp|Ground\n|move|p2a: Booger Sugar|Encore|p1a: Talonflame\n|-start|p1a: Talonflame|Encore\n|move|p1a: Talonflame|Tailwind||[still]\n|-fail|p1a: Talonflame\n|move|p1b: Garchomp|Earthquake|p2b: CWHIT 316 CHASE|[spread] p2a,p2b\n|-immune|p1a: Talonflame\n|-damage|p2a: Booger Sugar|0 fnt\n|-damage|p2b: CWHIT 316 CHASE|25\/100\n|faint|p2a: Booger Sugar\n|move|p2b: CWHIT 316 CHASE|Blood Moon|p1b: Garchomp\n|-damage|p1b: Garchomp|0 fnt\n|faint|p1b: Garchomp\n|-damage|p2b: CWHIT 316 CHASE|16\/100|[from] item: Life Orb\n|\n|upkeep\n|\n|t:|1730329730\n|switch|p2a: Illuminati|Malamar, L50, F|100\/100\n|switch|p1b: Tsareena|Tsareena, L50, F|100\/100\n|turn|3\n|\n|t:|1730329742\n|switch|p1a: Kingambit|Kingambit, L50, M|100\/100\n|move|p2b: CWHIT 316 CHASE|Protect|p2b: CWHIT 316 CHASE\n|-singleturn|p2b: CWHIT 316 CHASE|Protect\n|move|p1b: Tsareena|Power Whip|p2a: Illuminati\n|-damage|p2a: Illuminati|33\/100\n|-enditem|p2a: Illuminati|Sitrus Berry|[eat]\n|-heal|p2a: Illuminati|58\/100|[from] item: Sitrus Berry\n|move|p2a: Illuminati|Superpower|p1a: Kingambit\n|-supereffective|p1a: Kingambit\n|-damage|p1a: Kingambit|0 fnt\n|-boost|p2a: Illuminati|atk|1\n|-boost|p2a: Illuminati|def|1\n|faint|p1a: Kingambit\n|\n|upkeep\n|\n|t:|1730329753\n|switch|p1a: Talonflame|Talonflame, L50, M|84\/100\n|turn|4\n|\n|t:|1730329762\n|move|p1a: Talonflame|Brave Bird|p2a: Illuminati\n|-damage|p2a: Illuminati|33\/100\n|-damage|p1a: Talonflame|76\/100|[from] Recoil\n|move|p1b: Tsareena|Triple Axel|p2b: CWHIT 316 CHASE\n|-supereffective|p2b: CWHIT 316 CHASE\n|-damage|p2b: CWHIT 316 CHASE|3\/100\n|-supereffective|p2b: CWHIT 316 CHASE\n|-damage|p2b: CWHIT 316 CHASE|0 fnt\n|faint|p2b: CWHIT 316 CHASE\n|-hitcount|p2: CWHIT 316 CHASE|2\n|move|p2a: Illuminati|Knock Off|p1a: Talonflame\n|-damage|p1a: Talonflame|0 fnt\n|-enditem|p1a: Talonflame|Safety Goggles|[from] move: Knock Off|[of] p2a: Illuminati\n|faint|p1a: Talonflame\n|\n|-sideend|p1: brouz|move: Tailwind\n|upkeep\n|\n|t:|1730329768\n|switch|p2b: Scaling The Couch|Gholdengo, L50|100\/100\n|turn|5\n|\n|t:|1730329775\n|move|p2b: Scaling The Couch|Make It Rain|p1b: Tsareena\n|-damage|p1b: Tsareena|0 fnt\n|-unboost|p2b: Scaling The Couch|spa|1\n|faint|p1b: Tsareena\n|\n|win|grade a type b\n|raw|brouz's rating: 1789 &rarr; <strong>1765<\/strong><br \/>(-24 for losing)\n|raw|grade a type b's rating: 1710 &rarr; <strong>1734<\/strong><br \/>(+24 for winning)\n|l|\u2606brouz\n|player|p1|\n|l|\u2606grade a type b\n|player|p2|\n","uploadtime":1730330039,"views":18,"formatid":"gen9vgc2024regh","rating":1734,"private":0,"password":null}