{"id":"gen9vgc2024regh-2234817188","format":"[Gen 9] VGC 2024 Reg H","players":["Becccca","jhyjhyt"],"log":"|j|\u2606Becccca\n|j|\u2606jhyjhyt\n|t:|1730392831\n|gametype|doubles\n|player|p1|Becccca|2|1704\n|player|p2|jhyjhyt|1|1682\n|teamsize|p1|6\n|teamsize|p2|6\n|gen|9\n|tier|[Gen 9] VGC 2024 Reg H\n|rated|\n|rule|Species Clause: Limit one of each Pok\u00e9mon\n|rule|Item Clause: Limit 1 of each item\n|clearpoke\n|poke|p1|Dondozo, L50, M|\n|poke|p1|Tatsugiri, L50, F|\n|poke|p1|Gholdengo, L50|\n|poke|p1|Dragapult, L50, M|\n|poke|p1|Indeedee, L50, M|\n|poke|p1|Sneasler, L50, F|\n|poke|p2|Dondozo, L50, M|\n|poke|p2|Tatsugiri, L50, M|\n|poke|p2|Pelipper, L50, F|\n|poke|p2|Archaludon, L50, M|\n|poke|p2|Amoonguss, L50, F|\n|poke|p2|Murkrow, L50, M|\n|teampreview|4\n|inactive|Battle timer is ON: inactive players will automatically lose when time's up. (requested by jhyjhyt)\n|j| Kpxbrothers\n|inactive|Becccca has 60 seconds left.\n|j| mr pogostick\n|\n|t:|1730392869\n|start\n|switch|p1a: Gholdengo|Gholdengo, L50|100\/100\n|switch|p1b: Dragapult|Dragapult, L50, M|100\/100\n|switch|p2a: Dondozo|Dondozo, L50, M|100\/100\n|switch|p2b: Pelipper|Pelipper, L50, F|100\/100\n|-weather|RainDance|[from] ability: Drizzle|[of] p2b: Pelipper\n|turn|1\n|j| bjvgc1\n|l| bjvgc1\n|\n|t:|1730392893\n|switch|p2b: Tatsugiri|Tatsugiri, L50, M|100\/100\n|-activate|p2b: Tatsugiri|ability: Commander|[of] p2a: Dondozo\n|-boost|p2a: Dondozo|atk|2\n|-boost|p2a: Dondozo|spa|2\n|-boost|p2a: Dondozo|spe|2\n|-boost|p2a: Dondozo|def|2\n|-boost|p2a: Dondozo|spd|2\n|-terastallize|p1b: Dragapult|Dragon\n|-terastallize|p2a: Dondozo|Water\n|move|p1b: Dragapult|Dragon Darts|p2a: Dondozo\n|-damage|p2a: Dondozo|78\/100\n|-anim|p1b: Dragapult|Dragon Darts|p2a: Dondozo\n|-damage|p2a: Dondozo|59\/100\n|move|p2a: Dondozo|Surf|p1b: Dragapult|[spread] p1a,p1b\n|-miss|p2a: Dondozo|p2b: Tatsugiri\n|-resisted|p1b: Dragapult\n|-damage|p1a: Gholdengo|0 fnt\n|-damage|p1b: Dragapult|30\/100\n|faint|p1a: Gholdengo\n|\n|-weather|RainDance|[upkeep]\n|upkeep\n|j| bjvgc1\n|\n|t:|1730392911\n|switch|p1a: Sneasler|Sneasler, L50, F|100\/100\n|turn|2\n|inactive|jhyjhyt has 30 seconds left.\n|\n|t:|1730392938\n|move|p1a: Sneasler|Protect|p1a: Sneasler\n|-singleturn|p1a: Sneasler|Protect\n|move|p1b: Dragapult|Dragon Darts|p2a: Dondozo\n|-damage|p2a: Dondozo|37\/100\n|-anim|p1b: Dragapult|Dragon Darts|p2a: Dondozo\n|-damage|p2a: Dondozo|17\/100\n|move|p2a: Dondozo|Surf|p1a: Sneasler|[spread] p1b\n|-miss|p2a: Dondozo|p2b: Tatsugiri\n|-activate|p1a: Sneasler|move: Protect\n|-resisted|p1b: Dragapult\n|-damage|p1b: Dragapult|0 fnt\n|faint|p1b: Dragapult\n|\n|-weather|RainDance|[upkeep]\n|upkeep\n|\n|t:|1730392952\n|switch|p1b: Indeedee|Indeedee, L50, M|100\/100\n|-fieldstart|move: Psychic Terrain|[from] ability: Psychic Surge|[of] p1b: Indeedee\n|-enditem|p1a: Sneasler|Psychic Seed\n|-boost|p1a: Sneasler|spd|1|[from] item: Psychic Seed\n|turn|3\n|\n|t:|1730392963\n|move|p1a: Sneasler|Close Combat|p2a: Dondozo\n|-damage|p2a: Dondozo|0 fnt\n|-unboost|p1a: Sneasler|def|1\n|-unboost|p1a: Sneasler|spd|1\n|faint|p2a: Dondozo\n|move|p1b: Indeedee|Expanding Force|p2b: Tatsugiri\n|-damage|p2b: Tatsugiri|4\/100\n|\n|-weather|RainDance|[upkeep]\n|upkeep\n|\n|t:|1730392971\n|switch|p2a: Murkrow|Murkrow, L50, M|100\/100\n|turn|4\n|l| bjvgc1\n|\n|t:|1730392990\n|move|p1a: Sneasler|Protect|p1a: Sneasler\n|-singleturn|p1a: Sneasler|Protect\n|move|p2a: Murkrow|Tailwind|p2a: Murkrow\n|-sidestart|p2: jhyjhyt|move: Tailwind\n|move|p2b: Tatsugiri|Draco Meteor|p1b: Indeedee\n|-damage|p1b: Indeedee|8\/100\n|-unboost|p2b: Tatsugiri|spa|2\n|move|p1b: Indeedee|Expanding Force|p2b: Tatsugiri|[spread] p2b\n|-immune|p2a: Murkrow\n|-damage|p2b: Tatsugiri|0 fnt\n|faint|p2b: Tatsugiri\n|\n|-weather|RainDance|[upkeep]\n|upkeep\n|\n|t:|1730393002\n|switch|p2b: Pelipper|Pelipper, L50, F|100\/100\n|turn|5\n|\n|t:|1730393014\n|move|p1a: Sneasler|Dire Claw|p2b: Pelipper\n|-damage|p2b: Pelipper|39\/100\n|move|p2b: Pelipper|Hurricane|p1a: Sneasler\n|-supereffective|p1a: Sneasler\n|-damage|p1a: Sneasler|0 fnt\n|faint|p1a: Sneasler\n|move|p2a: Murkrow|Foul Play|p1b: Indeedee\n|-supereffective|p1b: Indeedee\n|-damage|p1b: Indeedee|0 fnt\n|faint|p1b: Indeedee\n|\n|win|jhyjhyt\n|raw|Becccca's rating: 1704 &rarr; <strong>1681<\/strong><br \/>(-23 for losing)\n|raw|jhyjhyt's rating: 1658 &rarr; <strong>1681<\/strong><br \/>(+23 for winning)\n|l|\u2606jhyjhyt\n|player|p2|\n|l| mr pogostick\n|l|\u2606Becccca\n|player|p1|\n","uploadtime":1730393183,"views":15,"formatid":"gen9vgc2024regh","rating":1681,"private":0,"password":null}