{"id":"gen9vgc2024regh-2234682942","format":"[Gen 9] VGC 2024 Reg H","players":["chin8","RomanTogepi"],"log":"|j|\u2606chin8\n|j|\u2606RomanTogepi\n|t:|1730379601\n|gametype|doubles\n|player|p1|chin8|gentleman-gen4dp|1788\n|player|p2|RomanTogepi|1|1714\n|teamsize|p1|6\n|teamsize|p2|6\n|gen|9\n|tier|[Gen 9] VGC 2024 Reg H\n|rated|\n|rule|Species Clause: Limit one of each Pok\u00e9mon\n|rule|Item Clause: Limit 1 of each item\n|clearpoke\n|poke|p1|Baxcalibur, L50, M|\n|poke|p1|Kilowattrel, L50, F|\n|poke|p1|Annihilape, L50, F|\n|poke|p1|Gardevoir, L50, F|\n|poke|p1|Magmortar, L50, M|\n|poke|p1|Gholdengo, L50|\n|poke|p2|Goodra-Hisui, L50, F|\n|poke|p2|Magmar, L50, M|\n|poke|p2|Rillaboom, L50, M|\n|poke|p2|Politoed, L50, M|\n|poke|p2|Gholdengo, L50|\n|poke|p2|Grimmsnarl, L50, M|\n|teampreview|4\nRomanTogepi rejected open team sheets.\n|inactive|Battle timer is ON: inactive players will automatically lose when time's up. (requested by RomanTogepi)\n|\n|t:|1730379644\n|start\n|switch|p1a: Baxcalibur|Baxcalibur, L50, M|100\/100\n|switch|p1b: Kilowattrel|Kilowattrel, L50, F|100\/100\n|switch|p2a: Grimmsnarl|Grimmsnarl, L50, M, shiny|100\/100\n|switch|p2b: Goodra|Goodra-Hisui, L50, F|100\/100\n|turn|1\n|j| Mullyy\n|\n|t:|1730379666\n|-terastallize|p1a: Baxcalibur|Ground\n|move|p2a: Grimmsnarl|Reflect|p2a: Grimmsnarl\n|-sidestart|p2: RomanTogepi|Reflect\n|move|p1b: Kilowattrel|Thunderbolt|p2a: Grimmsnarl\n|-damage|p2a: Grimmsnarl|65\/100\n|move|p1a: Baxcalibur|Earthquake|p2b: Goodra|[spread] p2a,p2b\n|-immune|p1b: Kilowattrel\n|-supereffective|p2b: Goodra\n|-damage|p2a: Grimmsnarl|35\/100\n|-damage|p2b: Goodra|45\/100\n|move|p2b: Goodra|Draco Meteor|p1a: Baxcalibur\n|-damage|p1a: Baxcalibur|46\/100\n|-unboost|p2b: Goodra|spa|2\n|\n|upkeep\n|turn|2\n|\n|t:|1730379684\n|switch|p2b: Politoed|Politoed, L50, M, shiny|100\/100\n|-weather|RainDance|[from] ability: Drizzle|[of] p2b: Politoed\n|move|p2a: Grimmsnarl|Light Screen|p2a: Grimmsnarl\n|-sidestart|p2: RomanTogepi|move: Light Screen\n|move|p1b: Kilowattrel|Thunderbolt|p2a: Grimmsnarl\n|-damage|p2a: Grimmsnarl|8\/100\n|move|p1a: Baxcalibur|Earthquake|p2a: Grimmsnarl|[spread] p2a,p2b\n|-immune|p1b: Kilowattrel\n|-damage|p2a: Grimmsnarl|0 fnt\n|-damage|p2b: Politoed|64\/100\n|faint|p2a: Grimmsnarl\n|\n|-weather|RainDance|[upkeep]\n|upkeep\n|\n|t:|1730379689\n|switch|p2a: Goodra|Goodra-Hisui, L50, F|45\/100\n|turn|3\n|\n|t:|1730379703\n|-terastallize|p2a: Goodra|Water\n|move|p1b: Kilowattrel|Tailwind|p1b: Kilowattrel\n|-sidestart|p1: chin8|move: Tailwind\n|move|p1a: Baxcalibur|Earthquake|p2a: Goodra|[spread] p2a,p2b\n|-immune|p1b: Kilowattrel\n|-damage|p2a: Goodra|15\/100\n|-damage|p2b: Politoed|29\/100\n|-enditem|p2b: Politoed|Sitrus Berry|[eat]\n|-heal|p2b: Politoed|54\/100|[from] item: Sitrus Berry\n|move|p2b: Politoed|Weather Ball|p1b: Kilowattrel\n|-enditem|p1b: Kilowattrel|Focus Sash\n|-damage|p1b: Kilowattrel|1\/100\n|move|p2a: Goodra|Muddy Water|p1a: Baxcalibur|[spread] p1a,p1b\n|-supereffective|p1a: Baxcalibur\n|-damage|p1a: Baxcalibur|0 fnt\n|-damage|p1b: Kilowattrel|0 fnt\n|faint|p1a: Baxcalibur\n|faint|p1b: Kilowattrel\n|\n|-weather|RainDance|[upkeep]\n|upkeep\n|\n|t:|1730379706\n|switch|p1b: Gholdengo|Gholdengo, L50|100\/100\n|switch|p1a: Magmortar|Magmortar, L50, M|100\/100\n|turn|4\n|inactive|RomanTogepi has 30 seconds left.\n|\n|t:|1730379731\n|move|p1a: Magmortar|Protect|p1a: Magmortar\n|-singleturn|p1a: Magmortar|Protect\n|move|p1b: Gholdengo|Shadow Ball|p2a: Goodra\n|-damage|p2a: Goodra|0 fnt\n|faint|p2a: Goodra\n|move|p2b: Politoed|Weather Ball|p1a: Magmortar\n|-activate|p1a: Magmortar|move: Protect\n|\n|-weather|RainDance|[upkeep]\n|upkeep\n|\n|t:|1730379734\n|switch|p2a: Magmar|Magmar, L50, M, shiny|100\/100\n|turn|5\n|\n|t:|1730379757\n|move|p2a: Magmar|Follow Me|p2a: Magmar\n|-singleturn|p2a: Magmar|move: Follow Me\n|move|p1b: Gholdengo|Nasty Plot|p1b: Gholdengo\n|-boost|p1b: Gholdengo|spa|2\n|move|p1a: Magmortar|Taunt|p2a: Magmar\n|-start|p2a: Magmar|move: Taunt\n|move|p2b: Politoed|Weather Ball|p1a: Magmortar\n|-supereffective|p1a: Magmortar\n|-damage|p1a: Magmortar|0 fnt\n|faint|p1a: Magmortar\n|\n|-weather|RainDance|[upkeep]\n|upkeep\n|turn|6\n|\n|t:|1730379767\n|move|p1b: Gholdengo|Shadow Ball|p2b: Politoed\n|-damage|p2b: Politoed|3\/100\n|move|p2a: Magmar|Overheat|p1b: Gholdengo|[miss]\n|-miss|p2a: Magmar|p1b: Gholdengo\n|move|p2b: Politoed|Weather Ball|p1b: Gholdengo\n|-crit|p1b: Gholdengo\n|-damage|p1b: Gholdengo|17\/100\n|\n|-weather|none\n|-heal|p1b: Gholdengo|23\/100|[from] item: Leftovers\n|-sideend|p1: chin8|move: Tailwind\n|upkeep\n|turn|7\n|\n|t:|1730379782\n|move|p2a: Magmar|Overheat|p1b: Gholdengo\n|-supereffective|p1b: Gholdengo\n|-damage|p1b: Gholdengo|0 fnt\n|-unboost|p2a: Magmar|spa|2\n|faint|p1b: Gholdengo\n|\n|win|RomanTogepi\n|raw|chin8's rating: 1788 &rarr; <strong>1764<\/strong><br \/>(-24 for losing)\n|raw|RomanTogepi's rating: 1714 &rarr; <strong>1738<\/strong><br \/>(+24 for winning)\n|l|\u2606chin8\n|player|p1|\n|l|\u2606RomanTogepi\n|player|p2|\n","uploadtime":1730379981,"views":17,"formatid":"gen9vgc2024regh","rating":1738,"private":0,"password":null}