{"id":"gen9vgc2024regh-2234292841","format":"[Gen 9] VGC 2024 Reg H","players":["liam.2025","googer315"],"log":"|j|\u2606liam.2025\n|j|\u2606googer315\n|t:|1730321555\n|gametype|doubles\n|player|p1|liam.2025|policeman|1745\n|player|p2|googer315|102|1786\n|teamsize|p1|6\n|teamsize|p2|6\n|gen|9\n|tier|[Gen 9] VGC 2024 Reg H\n|rated|\n|rule|Species Clause: Limit one of each Pok\u00e9mon\n|rule|Item Clause: Limit 1 of each item\n|clearpoke\n|poke|p1|Indeedee-F, L50, F|\n|poke|p1|Gallade, L50, M|\n|poke|p1|Maushold-Four, L50|\n|poke|p1|Hydrapple, L50, M|\n|poke|p1|Torkoal, L50, F|\n|poke|p1|Armarouge, L50, F|\n|poke|p2|Dondozo, L50, F|\n|poke|p2|Tatsugiri, L50, F|\n|poke|p2|Glimmora, L50, F|\n|poke|p2|Maushold, L50|\n|poke|p2|Annihilape, L50, F|\n|poke|p2|Gholdengo, L50|\n|teampreview|4\n|j| FindingTarnation\n|inactive|Battle timer is ON: inactive players will automatically lose when time's up. (requested by liam.2025)\n|\n|t:|1730321620\n|start\n|switch|p1a: Indeedee|Indeedee-F, L50, F|100\/100\n|switch|p1b: Gallade|Gallade, L50, M|100\/100\n|switch|p2a: Gholdengo|Gholdengo, L50|100\/100\n|switch|p2b: Glimmora|Glimmora, L50, F|100\/100\n|-fieldstart|move: Psychic Terrain|[from] ability: Psychic Surge|[of] p1a: Indeedee\n|turn|1\n|\n|t:|1730321634\n|move|p1a: Indeedee|Follow Me|p1a: Indeedee\n|-singleturn|p1a: Indeedee|move: Follow Me\n|move|p2a: Gholdengo|Trick|p1a: Indeedee\n|-activate|p2a: Gholdengo|move: Trick|[of] p1a: Indeedee\n|-item|p1a: Indeedee|Choice Scarf|[from] move: Trick\n|-item|p2a: Gholdengo|Rocky Helmet|[from] move: Trick\n|move|p2b: Glimmora|Sludge Bomb|p1a: Indeedee\n|-damage|p1a: Indeedee|52\/100\n|move|p1b: Gallade|Trick Room|p1b: Gallade\n|-fieldstart|move: Trick Room|[of] p1b: Gallade\n|\n|upkeep\n|turn|2\n|\n|t:|1730321654\n|move|p2b: Glimmora|Spiky Shield|p2b: Glimmora\n|-singleturn|p2b: Glimmora|move: Protect\n|move|p1b: Gallade|Psycho Cut|p2a: Gholdengo\n|-resisted|p2a: Gholdengo\n|-damage|p2a: Gholdengo|55\/100\n|move|p1a: Indeedee|Psychic|p2b: Glimmora\n|-activate|p2b: Glimmora|move: Protect\n|move|p2a: Gholdengo|Make It Rain|p1b: Gallade|[spread] p1a,p1b\n|-damage|p1a: Indeedee|1\/100\n|-damage|p1b: Gallade|52\/100\n|-unboost|p2a: Gholdengo|spa|1\n|\n|upkeep\n|turn|3\n|\n|t:|1730321676\n|switch|p2a: Dondozo|Dondozo, L50, F|100\/100\n|switch|p2b: Tatsugiri|Tatsugiri, L50, F|100\/100\n|-activate|p2b: Tatsugiri|ability: Commander|[of] p2a: Dondozo\n|-boost|p2a: Dondozo|atk|2\n|-boost|p2a: Dondozo|spa|2\n|-boost|p2a: Dondozo|spe|2\n|-boost|p2a: Dondozo|def|2\n|-boost|p2a: Dondozo|spd|2\n|move|p1b: Gallade|Psycho Cut|p2b: Tatsugiri|[miss]\n|-miss|p1b: Gallade|p2b: Tatsugiri\n|move|p1a: Indeedee|Psychic|p2b: Tatsugiri|[miss]\n|-miss|p1a: Indeedee|p2b: Tatsugiri\n|\n|upkeep\n|turn|4\n|\n|t:|1730321699\n|switch|p1a: Hydrapple|Hydrapple, L50, M|100\/100\n|move|p1b: Gallade|Sacred Sword|p2a: Dondozo\n|-damage|p2a: Dondozo|50\/100\n|move|p2a: Dondozo|Order Up|p1b: Gallade\n|-damage|p1b: Gallade|0 fnt\n|faint|p1b: Gallade\n|-boost|p2a: Dondozo|atk|1\n|\n|-heal|p2a: Dondozo|57\/100|[from] item: Leftovers\n|upkeep\n|\n|t:|1730321711\n|switch|p1b: Armarouge|Armarouge, L50, F|100\/100\n|turn|5\n|\n|t:|1730321718\n|move|p2a: Dondozo|Protect|p2a: Dondozo\n|-singleturn|p2a: Dondozo|Protect\n|move|p1a: Hydrapple|Energy Ball|p2a: Dondozo\n|-activate|p2a: Dondozo|move: Protect\n|move|p1b: Armarouge|Expanding Force|p2b: Tatsugiri|[spread] \n|-miss|p1b: Armarouge|p2b: Tatsugiri\n|-activate|p2a: Dondozo|move: Protect\n|\n|-heal|p2a: Dondozo|63\/100|[from] item: Leftovers\n|-fieldend|move: Trick Room\n|-fieldend|move: Psychic Terrain\n|upkeep\n|turn|6\n|j| CM Stored Power\n|inactive|liam.2025 has 30 seconds left.\n|\n|t:|1730321746\n|switch|p1a: Indeedee|Indeedee-F, L50, F|1\/100\n|-fieldstart|move: Psychic Terrain|[from] ability: Psychic Surge|[of] p1a: Indeedee\n|-terastallize|p1b: Armarouge|Grass\n|move|p2a: Dondozo|Order Up|p1a: Indeedee\n|-damage|p1a: Indeedee|0 fnt\n|faint|p1a: Indeedee\n|-boost|p2a: Dondozo|atk|1\n|move|p1b: Armarouge|Expanding Force|p2b: Tatsugiri|[spread] p2a\n|-miss|p1b: Armarouge|p2b: Tatsugiri\n|-damage|p2a: Dondozo|36\/100\n|\n|-heal|p2a: Dondozo|43\/100|[from] item: Leftovers\n|upkeep\n|\n|t:|1730321761\n|switch|p1a: Hydrapple|Hydrapple, L50, M|100\/100\n|turn|7\n|-message|liam.2025 forfeited.\n|\n|win|googer315\n|raw|liam.2025's rating: 1745 &rarr; <strong>1727<\/strong><br \/>(-18 for losing)\n|raw|googer315's rating: 1786 &rarr; <strong>1804<\/strong><br \/>(+18 for winning)\n|l|\u2606liam.2025\n|player|p1|\n|l| FindingTarnation\n|l|\u2606googer315\n|player|p2|\n|l| CM Stored Power\n","uploadtime":1730321971,"views":52,"formatid":"gen9vgc2024regh","rating":1727,"private":0,"password":null}