{"id":"gen9vgc2024regh-2234237745","format":"[Gen 9] VGC 2024 Reg H","players":["Amphinoben","GBVGC X76"],"log":"|j|\u2606Amphinoben\n|j|\u2606GBVGC X76\n|t:|1730316103\n|gametype|doubles\n|player|p1|Amphinoben|benga|1687\n|player|p2|GBVGC X76|hanbei-conquest|1709\n|teamsize|p1|6\n|teamsize|p2|6\n|gen|9\n|tier|[Gen 9] VGC 2024 Reg H\n|rated|\n|rule|Species Clause: Limit one of each Pok\u00e9mon\n|rule|Item Clause: Limit 1 of each item\n|clearpoke\n|poke|p1|Palafin, L50, M|\n|poke|p1|Incineroar, L50, M|\n|poke|p1|Pelipper, L50, M|\n|poke|p1|Archaludon, L50, M|\n|poke|p1|Rillaboom, L50, F|\n|poke|p1|Sneasler, L50, F|\n|poke|p2|Gothitelle, L50, M|\n|poke|p2|Dragapult, L50, F|\n|poke|p2|Volcarona, L50, M|\n|poke|p2|Kingambit, L50, F|\n|poke|p2|Sneasler, L50, M|\n|poke|p2|Clefable, L50, F|\n|teampreview|4\nAmphinoben has agreed to open team sheets.\n|j| jdarcan\n|j| Xunyicaoawa\n|\n|t:|1730316178\n|start\n|switch|p1a: Palafin|Palafin, L50, M|100\/100\n|switch|p1b: Pelipper|Pelipper, L50, M|100\/100\n|switch|p2a: Gothitelle|Gothitelle, L50, M|100\/100\n|switch|p2b: Dragapult|Dragapult, L50, F|100\/100\n|-weather|RainDance|[from] ability: Drizzle|[of] p1b: Pelipper\n|turn|1\n|\n|t:|1730316208\n|move|p1a: Palafin|Protect|p1a: Palafin\n|-singleturn|p1a: Palafin|Protect\n|move|p2a: Gothitelle|Fake Out|p1b: Pelipper\n|-damage|p1b: Pelipper|93\/100\n|move|p2b: Dragapult|Dragon Darts|p1b: Pelipper\n|-damage|p1b: Pelipper|48\/100\n|-anim|p2b: Dragapult|Dragon Darts|p1b: Pelipper\n|-damage|p1b: Pelipper|0 fnt\n|faint|p1b: Pelipper\n|\n|-weather|RainDance|[upkeep]\n|upkeep\n|\n|t:|1730316234\n|switch|p1b: Archaludon|Archaludon, L50, M, shiny|100\/100\n|turn|2\n|\n|t:|1730316250\n|-terastallize|p2b: Dragapult|Dragon\n|move|p2a: Gothitelle|Helping Hand|p2b: Dragapult\n|-singleturn|p2b: Dragapult|Helping Hand|[of] p2a: Gothitelle\n|move|p2b: Dragapult|Dragon Darts|p1a: Palafin\n|-damage|p1a: Palafin|12\/100\n|-anim|p2b: Dragapult|Dragon Darts|p1b: Archaludon\n|-damage|p1b: Archaludon|45\/100\n|-ability|p1b: Archaludon|Stamina|boost\n|-boost|p1b: Archaludon|def|1\n|move|p1a: Palafin|Wave Crash|p2a: Gothitelle\n|-damage|p2a: Gothitelle|17\/100\n|-enditem|p2a: Gothitelle|Sitrus Berry|[eat]\n|-heal|p2a: Gothitelle|42\/100|[from] item: Sitrus Berry\n|-damage|p1a: Palafin|0 fnt|[from] Recoil\n|faint|p1a: Palafin\n|move|p1b: Archaludon|Snarl|p2b: Dragapult|[spread] p2a,p2b\n|-supereffective|p2a: Gothitelle\n|-damage|p2a: Gothitelle|23\/100\n|-damage|p2b: Dragapult|80\/100\n|-unboost|p2a: Gothitelle|spa|1\n|\n|-weather|RainDance|[upkeep]\n|upkeep\n|\n|t:|1730316262\n|switch|p1a: Rillaboom|Rillaboom, L50, F|100\/100\n|-fieldstart|move: Grassy Terrain|[from] ability: Grassy Surge|[of] p1a: Rillaboom\n|turn|3\n|j| Dogerunner\n|\n|t:|1730316296\n|switch|p2b: Clefable|Clefable, L50, F|100\/100\n|move|p1a: Rillaboom|Grassy Glide|p2a: Gothitelle\n|-crit|p2a: Gothitelle\n|-damage|p2a: Gothitelle|0 fnt\n|faint|p2a: Gothitelle\n|move|p1b: Archaludon|Dragon Pulse|p2b: Clefable\n|-immune|p2b: Clefable\n|\n|-weather|RainDance|[upkeep]\n|-heal|p1b: Archaludon|52\/100|[from] Grassy Terrain\n|upkeep\n|\n|t:|1730316306\n|switch|p2a: Dragapult|Dragapult, L50, F, tera:Dragon|80\/100\n|turn|4\n|\n|t:|1730316342\n|-terastallize|p1a: Rillaboom|Grass\n|move|p2b: Clefable|Follow Me|p2b: Clefable\n|-singleturn|p2b: Clefable|move: Follow Me\n|move|p1a: Rillaboom|Grassy Glide|p2b: Clefable\n|-damage|p2b: Clefable|40\/100\n|-damage|p1a: Rillaboom|84\/100|[from] item: Rocky Helmet|[of] p2b: Clefable\n|move|p2a: Dragapult|Outrage|p1a: Rillaboom\n|-damage|p1a: Rillaboom|0 fnt\n|faint|p1a: Rillaboom\n|move|p1b: Archaludon|Dragon Pulse|p2b: Clefable\n|-immune|p2b: Clefable\n|\n|-weather|RainDance|[upkeep]\n|-heal|p2a: Dragapult|86\/100|[from] Grassy Terrain\n|-heal|p1b: Archaludon|58\/100|[from] Grassy Terrain\n|-heal|p2b: Clefable|46\/100|[from] Grassy Terrain\n|upkeep\n|turn|5\n|\n|t:|1730316358\n|move|p2b: Clefable|Follow Me|p2b: Clefable\n|-singleturn|p2b: Clefable|move: Follow Me\n|move|p2a: Dragapult|Outrage|p1b: Archaludon|[from]lockedmove\n|-damage|p1b: Archaludon|0 fnt\n|faint|p1b: Archaludon\n|\n|win|GBVGC X76\n|raw|Amphinoben's rating: 1687 &rarr; <strong>1668<\/strong><br \/>(-19 for losing)\n|raw|GBVGC X76's rating: 1709 &rarr; <strong>1728<\/strong><br \/>(+19 for winning)\n|l|\u2606Amphinoben\n|player|p1|\n|l| Xunyicaoawa\n|l| Dogerunner\n|l|\u2606GBVGC X76\n|player|p2|\n|l| jdarcan\n","uploadtime":1730316596,"views":15,"formatid":"gen9vgc2024regh","rating":1668,"private":0,"password":null}