{"id":"gen9vgc2024regh-2234288502","format":"[Gen 9] VGC 2024 Reg H","players":["ren122333","Cyborg Tesla"],"log":"|j|\u2606ren122333\n|j|\u2606Cyborg Tesla\n|t:|1730321112\n|gametype|doubles\n|player|p1|ren122333|hilbert|1718\n|player|p2|Cyborg Tesla|2|1722\n|teamsize|p1|6\n|teamsize|p2|6\n|gen|9\n|tier|[Gen 9] VGC 2024 Reg H\n|rated|\n|rule|Species Clause: Limit one of each Pok\u00e9mon\n|rule|Item Clause: Limit 1 of each item\n|clearpoke\n|poke|p1|Whimsicott, L50, F|\n|poke|p1|Mamoswine, L50, F|\n|poke|p1|Lycanroc-Dusk, L50, F|\n|poke|p1|Typhlosion-Hisui, L50, F|\n|poke|p1|Farigiraf, L50, M|\n|poke|p1|Mienshao, L50, F|\n|poke|p2|Rillaboom, L50, M|\n|poke|p2|Volcarona, L50, F|\n|poke|p2|Primarina, L50, F|\n|poke|p2|Muk-Alola, L50, M|\n|poke|p2|Ninetales-Alola, L50, F|\n|poke|p2|Incineroar, L50, M|\n|teampreview|4\n|inactive|Battle timer is ON: inactive players will automatically lose when time's up. (requested by Cyborg Tesla)\n|inactive|Cyborg Tesla has 60 seconds left.\n|\n|t:|1730321170\n|start\n|switch|p1a: Whimsicott|Whimsicott, L50, F|100\/100\n|switch|p1b: Lycanroc|Lycanroc-Dusk, L50, F|100\/100\n|switch|p2a: Primarina|Primarina, L50, F|100\/100\n|switch|p2b: Incineroar|Incineroar, L50, M|100\/100\n|-ability|p2b: Incineroar|Intimidate|boost\n|-unboost|p1a: Whimsicott|atk|1\n|-unboost|p1b: Lycanroc|atk|1\n|turn|1\n|\n|t:|1730321189\n|move|p1a: Whimsicott|Moonblast|p2b: Incineroar\n|-damage|p2b: Incineroar|73\/100\n|-unboost|p2b: Incineroar|spa|1\n|move|p1b: Lycanroc|Rock Slide|p2a: Primarina|[spread] p2a,p2b\n|-supereffective|p2b: Incineroar\n|-damage|p2a: Primarina|67\/100\n|-damage|p2b: Incineroar|24\/100\n|move|p2a: Primarina|Hyper Voice|p1b: Lycanroc|[spread] p1a,p1b\n|-resisted|p1a: Whimsicott\n|-supereffective|p1b: Lycanroc\n|-damage|p1a: Whimsicott|74\/100\n|-damage|p1b: Lycanroc|0 fnt\n|faint|p1b: Lycanroc\n|-enditem|p2a: Primarina|Throat Spray\n|-boost|p2a: Primarina|spa|1|[from] item: Throat Spray\n|move|p2b: Incineroar|Knock Off|p1a: Whimsicott\n|-resisted|p1a: Whimsicott\n|-damage|p1a: Whimsicott|44\/100\n|-enditem|p1a: Whimsicott|Focus Sash|[from] move: Knock Off|[of] p2b: Incineroar\n|\n|upkeep\n|\n|t:|1730321204\n|switch|p1b: Farigiraf|Farigiraf, L50, M|100\/100\n|turn|2\n|\n|t:|1730321223\n|switch|p2b: Volcarona|Volcarona, L50, F|100\/100\n|move|p1a: Whimsicott|Moonblast|p2b: Volcarona\n|-resisted|p2b: Volcarona\n|-damage|p2b: Volcarona|85\/100\n|move|p2a: Primarina|Hyper Voice|p1a: Whimsicott|[spread] p1a,p1b\n|-resisted|p1a: Whimsicott\n|-damage|p1a: Whimsicott|3\/100\n|-damage|p1b: Farigiraf|54\/100\n|move|p1b: Farigiraf|Imprison|p1b: Farigiraf\n|-start|p1b: Farigiraf|move: Imprison\n|\n|upkeep\n|turn|3\n|\n|t:|1730321247\n|move|p1a: Whimsicott|Tailwind|p1a: Whimsicott\n|-sidestart|p1: ren122333|move: Tailwind\n|move|p1b: Farigiraf|Hyper Voice|p2b: Volcarona|[spread] p2a,p2b\n|-crit|p2a: Primarina\n|-damage|p2a: Primarina|28\/100\n|-damage|p2b: Volcarona|53\/100\n|move|p2b: Volcarona|Heat Wave|p1a: Whimsicott|[spread] \n|-miss|p2b: Volcarona|p1a: Whimsicott\n|-miss|p2b: Volcarona|p1b: Farigiraf\n|move|p2a: Primarina|Moonblast|p1b: Farigiraf\n|-damage|p1b: Farigiraf|0 fnt\n|faint|p1b: Farigiraf\n|\n|upkeep\n|\n|t:|1730321259\n|switch|p1b: Typhlosion|Typhlosion-Hisui, L50, F|100\/100\n|-item|p2b: Volcarona|Covert Cloak|[from] ability: Frisk|[of] p1b: Typhlosion\n|turn|4\n|\n|t:|1730321276\n|move|p1a: Whimsicott|Sunny Day|p1a: Whimsicott\n|-weather|SunnyDay\n|move|p1b: Typhlosion|Eruption|p2b: Volcarona|[spread] p2a,p2b\n|-resisted|p2a: Primarina\n|-damage|p2a: Primarina|0 fnt\n|-damage|p2b: Volcarona|0 fnt\n|faint|p2a: Primarina\n|faint|p2b: Volcarona\n|\n|-weather|SunnyDay|[upkeep]\n|upkeep\n|\n|t:|1730321281\n|switch|p2b: Muk|Muk-Alola, L50, M|100\/100\n|switch|p2a: Incineroar|Incineroar, L50, M|24\/100\n|-ability|p2a: Incineroar|Intimidate|boost\n|-unboost|p1a: Whimsicott|atk|1\n|-unboost|p1b: Typhlosion|atk|1\n|turn|5\n|\n|t:|1730321294\n|-terastallize|p1a: Whimsicott|Ghost\n|move|p2a: Incineroar|Fake Out|p1a: Whimsicott\n|-immune|p1a: Whimsicott\n|move|p1a: Whimsicott|Moonblast|p2b: Muk\n|-damage|p2b: Muk|73\/100\n|move|p1b: Typhlosion|Eruption|p2a: Incineroar|[spread] p2a,p2b\n|-resisted|p2a: Incineroar\n|-damage|p2a: Incineroar|0 fnt\n|-damage|p2b: Muk|0 fnt\n|faint|p2a: Incineroar\n|faint|p2b: Muk\n|\n|win|ren122333\n|raw|ren122333's rating: 1718 &rarr; <strong>1738<\/strong><br \/>(+20 for winning)\n|raw|Cyborg Tesla's rating: 1722 &rarr; <strong>1702<\/strong><br \/>(-20 for losing)\n|l|\u2606Cyborg Tesla\n|player|p2|\n|l|\u2606ren122333\n|player|p1|\n","uploadtime":1730321561,"views":30,"formatid":"gen9vgc2024regh","rating":1702,"private":0,"password":null}