{"id":"gen9vgc2024regh-2234823845","format":"[Gen 9] VGC 2024 Reg H","players":["greenlightdmp","htotoT"],"log":"|j|\u2606greenlightdmp\n|j|\u2606htotoT\n|t:|1730393450\n|gametype|doubles\n|player|p1|greenlightdmp|265|1731\n|player|p2|htotoT|266|1820\n|teamsize|p1|6\n|teamsize|p2|6\n|gen|9\n|tier|[Gen 9] VGC 2024 Reg H\n|rated|\n|rule|Species Clause: Limit one of each Pok\u00e9mon\n|rule|Item Clause: Limit 1 of each item\n|clearpoke\n|poke|p1|Sneasler, L50, M|\n|poke|p1|Murkrow, L50, F|\n|poke|p1|Basculegion, L50, M|\n|poke|p1|Archaludon, L50, F|\n|poke|p1|Indeedee-F, L50, F|\n|poke|p1|Gholdengo, L50|\n|poke|p2|Gholdengo, L50|\n|poke|p2|Murkrow, L50, F|\n|poke|p2|Pelipper, L50, M|\n|poke|p2|Archaludon, L50, M|\n|poke|p2|Amoonguss, L50, F|\n|poke|p2|Basculegion-F, L50, F|\n|teampreview|4\n|inactive|Battle timer is ON: inactive players will automatically lose when time's up. (requested by htotoT)\n|j| bjvgc1\n|inactive|greenlightdmp has 60 seconds left.\n|\n|t:|1730393494\n|start\n|switch|p1a: Archaludon|Archaludon, L50, F|100\/100\n|switch|p1b: Gholdengo|Gholdengo, L50|100\/100\n|switch|p2a: Murkrow|Murkrow, L50, F|100\/100\n|switch|p2b: Gholdengo|Gholdengo, L50|100\/100\n|turn|1\n|inactive|greenlightdmp has 30 seconds left.\n|inactive|greenlightdmp has 20 seconds left.\n|inactive|greenlightdmp has 15 seconds left.\n|inactive|greenlightdmp has 10 seconds left.\n|\n|t:|1730393544\n|-terastallize|p2b: Gholdengo|Steel\n|move|p1b: Gholdengo|Protect|p1b: Gholdengo\n|-singleturn|p1b: Gholdengo|Protect\n|move|p2a: Murkrow|Tailwind|p2a: Murkrow\n|-sidestart|p2: htotoT|move: Tailwind\n|move|p2b: Gholdengo|Make It Rain|p1b: Gholdengo|[spread] p1a\n|-activate|p1b: Gholdengo|move: Protect\n|-resisted|p1a: Archaludon\n|-damage|p1a: Archaludon|65\/100\n|-unboost|p2b: Gholdengo|spa|1\n|-ability|p1a: Archaludon|Stamina|boost\n|-boost|p1a: Archaludon|def|1\n|move|p1a: Archaludon|Electro Shot||[still]\n|-prepare|p1a: Archaludon|Electro Shot\n|-boost|p1a: Archaludon|spa|1\n|\n|upkeep\n|turn|2\n|inactive|greenlightdmp has 30 seconds left.\n|inactive|greenlightdmp has 20 seconds left.\n|inactive|greenlightdmp has 15 seconds left.\n|inactive|greenlightdmp has 10 seconds left.\n|\n|t:|1730393590\n|switch|p1b: Evil Yarrack|Basculegion, L50, M|100\/100\n|move|p2a: Murkrow|Haze|p2a: Murkrow\n|-clearallboost\n|move|p2b: Gholdengo|Make It Rain|p1b: Evil Yarrack|[spread] p1a,p1b\n|-resisted|p1a: Archaludon\n|-resisted|p1b: Evil Yarrack\n|-damage|p1a: Archaludon|33\/100\n|-damage|p1b: Evil Yarrack|39\/100\n|-unboost|p2b: Gholdengo|spa|1\n|-ability|p1a: Archaludon|Stamina|boost\n|-boost|p1a: Archaludon|def|1\n|move|p1a: Archaludon|Electro Shot|p2b: Gholdengo|[from]lockedmove\n|-damage|p2b: Gholdengo|54\/100\n|\n|upkeep\n|turn|3\n|inactive|greenlightdmp has 30 seconds left.\n|inactive|greenlightdmp has 20 seconds left.\n|\n|t:|1730393627\n|move|p2a: Murkrow|Haze|p2a: Murkrow\n|-clearallboost\n|move|p1b: Evil Yarrack|Aqua Jet|p2b: Gholdengo\n|-damage|p2b: Gholdengo|21\/100\n|move|p2b: Gholdengo|Make It Rain|p1a: Archaludon|[spread] p1a,p1b\n|-resisted|p1a: Archaludon\n|-resisted|p1b: Evil Yarrack\n|-damage|p1a: Archaludon|0 fnt\n|-damage|p1b: Evil Yarrack|0 fnt\n|-unboost|p2b: Gholdengo|spa|1\n|faint|p1a: Archaludon\n|faint|p1b: Evil Yarrack\n|\n|upkeep\n|\n|t:|1730393636\n|switch|p1b: Raf Camora|Murkrow, L50, F|100\/100\n|switch|p1a: Gholdengo|Gholdengo, L50|100\/100\n|turn|4\n|\n|t:|1730393652\n|move|p1b: Raf Camora|Tailwind|p1b: Raf Camora\n|-sidestart|p1: greenlightdmp|move: Tailwind\n|move|p1a: Gholdengo|Shadow Ball|p2b: Gholdengo\n|-damage|p2b: Gholdengo|0 fnt\n|faint|p2b: Gholdengo\n|-damage|p1a: Gholdengo|91\/100|[from] item: Life Orb\n|move|p2a: Murkrow|Foul Play|p1a: Gholdengo\n|-supereffective|p1a: Gholdengo\n|-damage|p1a: Gholdengo|49\/100\n|\n|-sideend|p2: htotoT|move: Tailwind\n|upkeep\n|inactive|htotoT has 30 seconds left.\n|\n|t:|1730393677\n|switch|p2b: Pelipper|Pelipper, L50, M|100\/100\n|-weather|RainDance|[from] ability: Drizzle|[of] p2b: Pelipper\n|turn|5\n|\n|t:|1730393698\n|-terastallize|p1a: Gholdengo|Dragon\n|move|p2a: Murkrow|Tailwind|p2a: Murkrow\n|-sidestart|p2: htotoT|move: Tailwind\n|move|p1a: Gholdengo|Shadow Ball|p2b: Pelipper\n|-damage|p2b: Pelipper|14\/100\n|-damage|p1a: Gholdengo|39\/100|[from] item: Life Orb\n|move|p2b: Pelipper|Weather Ball|p1a: Gholdengo\n|-resisted|p1a: Gholdengo\n|-crit|p1a: Gholdengo\n|-damage|p1a: Gholdengo|0 fnt\n|faint|p1a: Gholdengo\n|move|p1b: Raf Camora|Foul Play|p2b: Pelipper\n|-damage|p2b: Pelipper|0 fnt\n|faint|p2b: Pelipper\n|\n|-weather|RainDance|[upkeep]\n|upkeep\n|j| Conquistatore\n|\n|t:|1730393712\n|switch|p2b: Archaludon|Archaludon, L50, M|100\/100\n|turn|6\n|-message|greenlightdmp forfeited.\n|\n|win|htotoT\n|raw|greenlightdmp's rating: 1731 &rarr; <strong>1716<\/strong><br \/>(-15 for losing)\n|raw|htotoT's rating: 1820 &rarr; <strong>1835<\/strong><br \/>(+15 for winning)\n|l|\u2606greenlightdmp\n|player|p1|\n|l| bjvgc1\n|l|\u2606htotoT\n|player|p2|\n","uploadtime":1730393876,"views":36,"formatid":"gen9vgc2024regh","rating":1716,"private":0,"password":null}