{"id":"gen9vgc2024regh-2234007101","format":"[Gen 9] VGC 2024 Reg H","players":["Zyros Phade","Waffles4breakfast"],"log":"|j|\u2606Zyros Phade\n|j|\u2606Waffles4breakfast\n|t:|1730293963\n|gametype|doubles\n|player|p1|Zyros Phade|265|1688\n|player|p2|Waffles4breakfast|juggler|1760\n|teamsize|p1|6\n|teamsize|p2|6\n|gen|9\n|tier|[Gen 9] VGC 2024 Reg H\n|rated|\n|rule|Species Clause: Limit one of each Pok\u00e9mon\n|rule|Item Clause: Limit 1 of each item\n|clearpoke\n|poke|p1|Archaludon, L50, F|\n|poke|p1|Porygon2, L50|\n|poke|p1|Amoonguss, L50, M|\n|poke|p1|Incineroar, L50, F|\n|poke|p1|Pelipper, L50, M|\n|poke|p1|Annihilape, L50, M|\n|poke|p2|Archaludon, L50, F|\n|poke|p2|Pelipper, L50, M|\n|poke|p2|Basculegion, L50, M|\n|poke|p2|Amoonguss, L50, M|\n|poke|p2|Gholdengo, L50|\n|poke|p2|Murkrow, L50, F|\n|teampreview|4\n|\n|t:|1730293972\n|start\n|switch|p1a: Incineroar|Incineroar, L50, F|100\/100\n|switch|p1b: Archaludon|Archaludon, L50, F|100\/100\n|switch|p2a: Gholdengo|Gholdengo, L50|100\/100\n|switch|p2b: Basculegion|Basculegion, L50, M|100\/100\n|-ability|p1a: Incineroar|Intimidate|boost\n|-unboost|p2a: Gholdengo|atk|1\n|-unboost|p2b: Basculegion|atk|1\n|turn|1\n|\n|t:|1730293985\n|switch|p2a: Pelipper|Pelipper, L50, M|100\/100\n|-weather|RainDance|[from] ability: Drizzle|[of] p2a: Pelipper\n|switch|p1a: Amoonguss|Amoonguss, L50, M|100\/100\n|move|p1b: Archaludon|Protect|p1b: Archaludon\n|-singleturn|p1b: Archaludon|Protect\n|move|p2b: Basculegion|Flip Turn|p1a: Amoonguss\n|-resisted|p1a: Amoonguss\n|-damage|p1a: Amoonguss|82\/100\n|\n|t:|1730293990\n|switch|p2b: Amoonguss|Amoonguss, L50, M|100\/100|[from] Flip Turn\n|\n|-weather|RainDance|[upkeep]\n|upkeep\n|turn|2\n|\n|t:|1730294004\n|switch|p1b: Pelipper|Pelipper, L50, M|100\/100\n|-terastallize|p2a: Pelipper|Stellar\n|move|p2a: Pelipper|Hurricane|p1a: Amoonguss\n|-supereffective|p1a: Amoonguss\n|-damage|p1a: Amoonguss|0 fnt\n|faint|p1a: Amoonguss\n|move|p2b: Amoonguss|Spore|p1b: Pelipper\n|-status|p1b: Pelipper|slp|[from] move: Spore\n|\n|-weather|RainDance|[upkeep]\n|upkeep\n|\n|t:|1730294008\n|switch|p1a: Archaludon|Archaludon, L50, F|100\/100\n|turn|3\n|\n|t:|1730294017\n|move|p1a: Archaludon|Protect|p1a: Archaludon\n|-singleturn|p1a: Archaludon|Protect\n|cant|p1b: Pelipper|slp\n|move|p2a: Pelipper|Weather Ball|p1b: Pelipper\n|-resisted|p1b: Pelipper\n|-damage|p1b: Pelipper|32\/100 slp\n|move|p2b: Amoonguss|Spore|p1a: Archaludon\n|-activate|p1a: Archaludon|move: Protect\n|\n|-weather|RainDance|[upkeep]\n|upkeep\n|turn|4\n|\n|t:|1730294033\n|cant|p1b: Pelipper|slp\n|move|p1a: Archaludon|Electro Shot||[still]\n|-prepare|p1a: Archaludon|Electro Shot\n|-boost|p1a: Archaludon|spa|1\n|-anim|p1a: Archaludon|Electro Shot|p2a: Pelipper\n|-supereffective|p2a: Pelipper\n|-enditem|p2a: Pelipper|Focus Sash\n|-damage|p2a: Pelipper|1\/100\n|-damage|p1a: Archaludon|91\/100|[from] item: Life Orb\n|move|p2a: Pelipper|Weather Ball|p1b: Pelipper\n|-resisted|p1b: Pelipper\n|-damage|p1b: Pelipper|0 fnt\n|faint|p1b: Pelipper\n|move|p2b: Amoonguss|Spore|p1a: Archaludon\n|-status|p1a: Archaludon|slp|[from] move: Spore\n|\n|-weather|RainDance|[upkeep]\n|upkeep\n|\n|t:|1730294037\n|switch|p1b: Incineroar|Incineroar, L50, F|100\/100\n|-ability|p1b: Incineroar|Intimidate|boost\n|-unboost|p2a: Pelipper|atk|1\n|-unboost|p2b: Amoonguss|atk|1\n|turn|5\n|\n|t:|1730294055\n|move|p2a: Pelipper|Protect|p2a: Pelipper\n|-singleturn|p2a: Pelipper|Protect\n|move|p1b: Incineroar|Fake Out|p2a: Pelipper\n|-activate|p2a: Pelipper|move: Protect\n|cant|p1a: Archaludon|slp\n|move|p2b: Amoonguss|Sludge Bomb|p1b: Incineroar\n|-damage|p1b: Incineroar|77\/100\n|\n|-weather|none\n|upkeep\n|turn|6\n|\n|t:|1730294077\n|switch|p2a: Gholdengo|Gholdengo, L50|100\/100\n|cant|p1a: Archaludon|slp\n|move|p1b: Incineroar|Knock Off|p2a: Gholdengo\n|-supereffective|p2a: Gholdengo\n|-damage|p2a: Gholdengo|0 fnt\n|-enditem|p2a: Gholdengo|Choice Specs|[from] move: Knock Off|[of] p1b: Incineroar\n|faint|p2a: Gholdengo\n|move|p2b: Amoonguss|Sludge Bomb|p1b: Incineroar\n|-damage|p1b: Incineroar|51\/100\n|\n|upkeep\n|\n|t:|1730294087\n|switch|p2a: Basculegion|Basculegion, L50, M|100\/100\n|turn|7\n|\n|t:|1730294107\n|switch|p2b: Pelipper|Pelipper, L50, M, tera:Stellar|1\/100\n|-weather|RainDance|[from] ability: Drizzle|[of] p2b: Pelipper\n|move|p2a: Basculegion|Flip Turn|p1b: Incineroar\n|-supereffective|p1b: Incineroar\n|-damage|p1b: Incineroar|0 fnt\n|faint|p1b: Incineroar\n|\n|t:|1730294115\n|switch|p2a: Amoonguss|Amoonguss, L50, M|100\/100|[from] Flip Turn\n|cant|p1a: Archaludon|slp\n|\n|-weather|RainDance|[upkeep]\n|upkeep\n|turn|8\n|\n|t:|1730294126\n|-curestatus|p1a: Archaludon|slp|[msg]\n|move|p1a: Archaludon|Dragon Pulse|p2a: Amoonguss\n|-damage|p2a: Amoonguss|33\/100\n|-damage|p1a: Archaludon|82\/100|[from] item: Life Orb\n|move|p2b: Pelipper|Weather Ball|p1a: Archaludon\n|-resisted|p1a: Archaludon\n|-damage|p1a: Archaludon|37\/100\n|move|p2a: Amoonguss|Spore|p1a: Archaludon\n|-status|p1a: Archaludon|slp|[from] move: Spore\n|\n|-weather|RainDance|[upkeep]\n|upkeep\n|turn|9\n|-message|Zyros Phade forfeited.\n|\n|win|Waffles4breakfast\n|raw|Zyros Phade's rating: 1688 &rarr; <strong>1672<\/strong><br \/>(-16 for losing)\n|raw|Waffles4breakfast's rating: 1760 &rarr; <strong>1776<\/strong><br \/>(+16 for winning)\n|l|\u2606Zyros Phade\n|player|p1|\n|l|\u2606Waffles4breakfast\n|player|p2|\n","uploadtime":1730294399,"views":15,"formatid":"gen9vgc2024regh","rating":1672,"private":0,"password":null}