{"id":"gen9vgc2024regh-2234768342","format":"[Gen 9] VGC 2024 Reg H","players":["AkidaCrispy","PolkaDot27"],"log":"|j|\u2606AkidaCrispy\n|j|\u2606PolkaDot27\n|t:|1730388254\n|gametype|doubles\n|player|p1|AkidaCrispy|101|1693\n|player|p2|PolkaDot27|101|1726\n|teamsize|p1|6\n|teamsize|p2|6\n|gen|9\n|tier|[Gen 9] VGC 2024 Reg H\n|rated|\n|rule|Species Clause: Limit one of each Pok\u00e9mon\n|rule|Item Clause: Limit 1 of each item\n|clearpoke\n|poke|p1|Indeedee, L50, M|\n|poke|p1|Kommo-o, L50, M|\n|poke|p1|Murkrow, L50, M|\n|poke|p1|Sneasler, L50, M|\n|poke|p1|Sinistcha, L50|\n|poke|p1|Primarina, L50, F|\n|poke|p2|Dragonite, L50, F|\n|poke|p2|Kingambit, L50, F|\n|poke|p2|Tauros-Paldea-Aqua, L50, M|\n|poke|p2|Archaludon, L50, F|\n|poke|p2|Pelipper, L50, M|\n|poke|p2|Rillaboom, L50, M|\n|teampreview|4\n|inactive|Battle timer is ON: inactive players will automatically lose when time's up. (requested by AkidaCrispy)\n|inactive|PolkaDot27 has 60 seconds left.\n|\n|t:|1730388305\n|start\n|switch|p1a: Kommo-o|Kommo-o, L50, M|100\/100\n|switch|p1b: Murkrow|Murkrow, L50, M|100\/100\n|switch|p2a: Dragonite|Dragonite, L50, F|100\/100\n|switch|p2b: Kingambit|Kingambit, L50, F|100\/100\n|turn|1\n|\n|t:|1730388319\n|move|p1b: Murkrow|Tailwind|p1b: Murkrow\n|-sidestart|p1: AkidaCrispy|move: Tailwind\n|move|p1a: Kommo-o|Clanging Scales|p2a: Dragonite|[spread] p2a,p2b\n|-supereffective|p2a: Dragonite\n|-resisted|p2b: Kingambit\n|-damage|p2a: Dragonite|39\/100\n|-damage|p2b: Kingambit|66\/100\n|-unboost|p1a: Kommo-o|def|1\n|move|p2a: Dragonite|Scale Shot|p1b: Murkrow\n|-damage|p1b: Murkrow|83\/100\n|-damage|p1b: Murkrow|65\/100\n|-damage|p1b: Murkrow|50\/100\n|-damage|p1b: Murkrow|33\/100\n|-crit|p1b: Murkrow\n|-damage|p1b: Murkrow|8\/100\n|-hitcount|p1b: Murkrow|5\n|-unboost|p2a: Dragonite|def|1\n|-boost|p2a: Dragonite|spe|1\n|move|p2b: Kingambit|Iron Head|p1b: Murkrow\n|-damage|p1b: Murkrow|0 fnt\n|faint|p1b: Murkrow\n|\n|upkeep\n|\n|t:|1730388332\n|switch|p1b: Sinistcha|Sinistcha, L50|100\/100\n|turn|2\n|\n|t:|1730388349\n|move|p2a: Dragonite|Protect|p2a: Dragonite\n|-singleturn|p2a: Dragonite|Protect\n|move|p1a: Kommo-o|Clanging Scales|p2b: Kingambit|[spread] p2b\n|-activate|p2a: Dragonite|move: Protect\n|-resisted|p2b: Kingambit\n|-damage|p2b: Kingambit|30\/100\n|-unboost|p1a: Kommo-o|def|1\n|move|p1b: Sinistcha|Matcha Gotcha|p2b: Kingambit|[spread] p2b\n|-activate|p2a: Dragonite|move: Protect\n|-resisted|p2b: Kingambit\n|-damage|p2b: Kingambit|16\/100\n|move|p2b: Kingambit|Kowtow Cleave|p1b: Sinistcha\n|-supereffective|p1b: Sinistcha\n|-damage|p1b: Sinistcha|8\/100\n|-enditem|p1b: Sinistcha|Sitrus Berry|[eat]\n|-heal|p1b: Sinistcha|33\/100|[from] item: Sitrus Berry\n|\n|upkeep\n|turn|3\n|\n|t:|1730388369\n|-terastallize|p2a: Dragonite|Fairy\n|move|p2b: Kingambit|Sucker Punch||[still]\n|-fail|p2b: Kingambit\n|move|p1a: Kommo-o|Clanging Scales|p2b: Kingambit|[spread] p2b\n|-immune|p2a: Dragonite\n|-resisted|p2b: Kingambit\n|-damage|p2b: Kingambit|0 fnt\n|faint|p2b: Kingambit\n|-unboost|p1a: Kommo-o|def|1\n|move|p2a: Dragonite|Scale Shot|p1a: Kommo-o\n|-supereffective|p1a: Kommo-o\n|-damage|p1a: Kommo-o|37\/100\n|-supereffective|p1a: Kommo-o\n|-damage|p1a: Kommo-o|0 fnt\n|faint|p1a: Kommo-o\n|-hitcount|p1: Kommo-o|2\n|-unboost|p2a: Dragonite|def|1\n|-boost|p2a: Dragonite|spe|1\n|move|p1b: Sinistcha|Strength Sap|p2a: Dragonite\n|-unboost|p2a: Dragonite|atk|1\n|-heal|p1b: Sinistcha|100\/100\n|\n|upkeep\n|\n|t:|1730388380\n|switch|p1a: Indeedee|Indeedee, L50, M|100\/100\n|switch|p2b: Archaludon|Archaludon, L50, F|100\/100\n|-fieldstart|move: Psychic Terrain|[from] ability: Psychic Surge|[of] p1a: Indeedee\n|turn|4\n|\n|t:|1730388399\n|switch|p2a: Rillaboom|Rillaboom, L50, M|100\/100\n|-fieldstart|move: Grassy Terrain|[from] ability: Grassy Surge|[of] p2a: Rillaboom\n|move|p1a: Indeedee|Expanding Force|p2b: Archaludon\n|-resisted|p2b: Archaludon\n|-damage|p2b: Archaludon|72\/100\n|move|p1b: Sinistcha|Matcha Gotcha|p2b: Archaludon|[spread] p2a,p2b\n|-resisted|p2a: Rillaboom\n|-resisted|p2b: Archaludon\n|-damage|p2a: Rillaboom|90\/100\n|-damage|p2b: Archaludon|60\/100\n|-status|p2b: Archaludon|brn\n|move|p2b: Archaludon|Electro Shot||[still]\n|-prepare|p2b: Archaludon|Electro Shot\n|-boost|p2b: Archaludon|spa|1\n|-enditem|p2b: Archaludon|Power Herb\n|-anim|p2b: Archaludon|Electro Shot|p1a: Indeedee\n|-damage|p1a: Indeedee|7\/100\n|\n|-heal|p1a: Indeedee|13\/100|[from] Grassy Terrain\n|-heal|p2b: Archaludon|66\/100 brn|[from] Grassy Terrain\n|-heal|p2a: Rillaboom|96\/100|[from] Grassy Terrain\n|-damage|p2b: Archaludon|60\/100 brn|[from] brn\n|-sideend|p1: AkidaCrispy|move: Tailwind\n|upkeep\n|turn|5\n|inactive|AkidaCrispy has 30 seconds left.\n|inactive|PolkaDot27 has 30 seconds left.\n|\n|t:|1730388427\n|move|p2a: Rillaboom|Grassy Glide|p1a: Indeedee\n|-damage|p1a: Indeedee|0 fnt\n|faint|p1a: Indeedee\n|move|p2b: Archaludon|Dragon Pulse|p1b: Sinistcha\n|-damage|p1b: Sinistcha|46\/100\n|move|p1b: Sinistcha|Strength Sap|p2a: Rillaboom\n|-unboost|p2a: Rillaboom|atk|1\n|-heal|p1b: Sinistcha|100\/100\n|\n|-heal|p2b: Archaludon|66\/100 brn|[from] Grassy Terrain\n|-heal|p2a: Rillaboom|100\/100|[from] Grassy Terrain\n|-damage|p2b: Archaludon|60\/100 brn|[from] brn\n|upkeep\n|turn|6\n|\n|t:|1730388442\n|move|p2b: Archaludon|Dragon Pulse|p1b: Sinistcha\n|-damage|p1b: Sinistcha|47\/100\n|move|p2a: Rillaboom|U-turn|p1b: Sinistcha\n|-damage|p1b: Sinistcha|32\/100\n|\n|t:|1730388447\n|switch|p2a: Dragonite|Dragonite, L50, F, tera:Fairy|39\/100|[from] U-turn\n|move|p1b: Sinistcha|Matcha Gotcha|p2b: Archaludon|[spread] p2a,p2b\n|-resisted|p2b: Archaludon\n|-damage|p2a: Dragonite|6\/100\n|-heal|p1b: Sinistcha|47\/100|[from] drain|[of] p2a: Dragonite\n|-damage|p2b: Archaludon|49\/100 brn\n|-heal|p1b: Sinistcha|53\/100|[from] drain|[of] p2b: Archaludon\n|\n|-heal|p2b: Archaludon|55\/100 brn|[from] Grassy Terrain\n|-heal|p2a: Dragonite|12\/100|[from] Grassy Terrain\n|-heal|p1b: Sinistcha|59\/100|[from] Grassy Terrain\n|-damage|p2b: Archaludon|49\/100 brn|[from] brn\n|upkeep\n|turn|7\n|\n|t:|1730388466\n|-terastallize|p1b: Sinistcha|Fairy\n|move|p2b: Archaludon|Dragon Pulse|p1b: Sinistcha\n|-immune|p1b: Sinistcha\n|move|p2a: Dragonite|Scale Shot|p1b: Sinistcha\n|-immune|p1b: Sinistcha\n|move|p1b: Sinistcha|Matcha Gotcha|p2a: Dragonite|[spread] p2a,p2b\n|-resisted|p2b: Archaludon\n|-damage|p2a: Dragonite|0 fnt\n|-heal|p1b: Sinistcha|65\/100|[from] drain|[of] p2a: Dragonite\n|-damage|p2b: Archaludon|37\/100 brn\n|-heal|p1b: Sinistcha|70\/100|[from] drain|[of] p2b: Archaludon\n|faint|p2a: Dragonite\n|\n|-heal|p2b: Archaludon|43\/100 brn|[from] Grassy Terrain\n|-heal|p1b: Sinistcha|76\/100|[from] Grassy Terrain\n|-damage|p2b: Archaludon|37\/100 brn|[from] brn\n|upkeep\n|\n|t:|1730388474\n|switch|p2a: Rillaboom|Rillaboom, L50, M|100\/100\n|turn|8\n|\n|t:|1730388480\n|move|p2b: Archaludon|Electro Shot||[still]\n|-prepare|p2b: Archaludon|Electro Shot\n|-boost|p2b: Archaludon|spa|1\n|move|p2a: Rillaboom|Wood Hammer|p1b: Sinistcha\n|-damage|p1b: Sinistcha|7\/100\n|-damage|p2a: Rillaboom|81\/100|[from] Recoil\n|move|p1b: Sinistcha|Strength Sap|p2a: Rillaboom\n|-unboost|p2a: Rillaboom|atk|1\n|-heal|p1b: Sinistcha|99\/100\n|\n|-heal|p2b: Archaludon|43\/100 brn|[from] Grassy Terrain\n|-heal|p2a: Rillaboom|86\/100|[from] Grassy Terrain\n|-heal|p1b: Sinistcha|100\/100|[from] Grassy Terrain\n|-damage|p2b: Archaludon|37\/100 brn|[from] brn\n|-fieldend|move: Grassy Terrain\n|upkeep\n|turn|9\n|\n|t:|1730388496\n|move|p2b: Archaludon|Electro Shot|p1b: Sinistcha|[from]lockedmove\n|-damage|p1b: Sinistcha|25\/100\n|move|p2a: Rillaboom|Wood Hammer|p1b: Sinistcha\n|-damage|p1b: Sinistcha|0 fnt\n|faint|p1b: Sinistcha\n|-damage|p2a: Rillaboom|80\/100|[from] Recoil\n|\n|win|PolkaDot27\n|raw|AkidaCrispy's rating: 1693 &rarr; <strong>1675<\/strong><br \/>(-18 for losing)\n|raw|PolkaDot27's rating: 1726 &rarr; <strong>1744<\/strong><br \/>(+18 for winning)\n|l|\u2606PolkaDot27\n|player|p2|\n|l|\u2606AkidaCrispy\n|player|p1|\n","uploadtime":1730388722,"views":16,"formatid":"gen9vgc2024regh","rating":1675,"private":0,"password":null}