{"id":"gen9vgc2024regh-2234767141","format":"[Gen 9] VGC 2024 Reg H","players":["TheOnlyFizzo","Hikawari"],"log":"|j|\u2606TheOnlyFizzo\n|j|\u2606Hikawari\n|t:|1730388142\n|gametype|doubles\n|player|p1|TheOnlyFizzo|170|1732\n|player|p2|Hikawari|170|1713\n|teamsize|p1|6\n|teamsize|p2|6\n|gen|9\n|tier|[Gen 9] VGC 2024 Reg H\n|rated|\n|rule|Species Clause: Limit one of each Pok\u00e9mon\n|rule|Item Clause: Limit 1 of each item\n|clearpoke\n|poke|p1|Metagross, L50|\n|poke|p1|Farigiraf, L50, F|\n|poke|p1|Torkoal, L50, M|\n|poke|p1|Smeargle, L50, M|\n|poke|p1|Annihilape, L50, F|\n|poke|p1|Ursaluna-Bloodmoon, L50, M|\n|poke|p2|Sneasler, L50, F|\n|poke|p2|Murkrow, L50, M|\n|poke|p2|Gholdengo, L50|\n|poke|p2|Indeedee, L50, M|\n|poke|p2|Annihilape, L50, F|\n|poke|p2|Sinistcha, L50|\n|teampreview|4\n|inactive|Battle timer is ON: inactive players will automatically lose when time's up. (requested by TheOnlyFizzo)\nHikawari has agreed to open team sheets.\n|inactive|TheOnlyFizzo has 60 seconds left.\n|inactive|Hikawari has 60 seconds left.\n|\n|t:|1730388193\n|start\n|switch|p1a: Farigiraf|Farigiraf, L50, F|100\/100\n|switch|p1b: Metagross|Metagross, L50|100\/100\n|switch|p2a: Annihilape|Annihilape, L50, F, shiny|100\/100\n|switch|p2b: Gholdengo|Gholdengo, L50|100\/100\n|turn|1\n|\n|t:|1730388210\n|move|p2b: Gholdengo|Trick|p1a: Farigiraf\n|-activate|p2b: Gholdengo|move: Trick|[of] p1a: Farigiraf\n|-item|p1a: Farigiraf|Choice Specs|[from] move: Trick\n|-item|p2b: Gholdengo|Mental Herb|[from] move: Trick\n|move|p2a: Annihilape|Bulk Up|p2a: Annihilape\n|-boost|p2a: Annihilape|atk|1\n|-boost|p2a: Annihilape|def|1\n|move|p1b: Metagross|Knock Off|p2b: Gholdengo\n|-supereffective|p2b: Gholdengo\n|-damage|p2b: Gholdengo|0 fnt\n|-enditem|p2b: Gholdengo|Mental Herb|[from] move: Knock Off|[of] p1b: Metagross\n|faint|p2b: Gholdengo\n|-damage|p1b: Metagross|91\/100|[from] item: Life Orb\n|move|p1a: Farigiraf|Trick Room|p1a: Farigiraf\n|-fieldstart|move: Trick Room|[of] p1a: Farigiraf\n|\n|upkeep\n|\n|t:|1730388226\n|switch|p2b: Murkrow|Murkrow, L50, M|100\/100\n|turn|2\n|\n|t:|1730388241\n|switch|p1a: Torkoal|Torkoal, L50, M|100\/100\n|-weather|SunnyDay|[from] ability: Drought|[of] p1a: Torkoal\n|move|p1b: Metagross|Knock Off|p2a: Annihilape\n|-damage|p2a: Annihilape|72\/100\n|-enditem|p2a: Annihilape|Leftovers|[from] move: Knock Off|[of] p1b: Metagross\n|-damage|p1b: Metagross|81\/100|[from] item: Life Orb\n|move|p2a: Annihilape|Drain Punch|p1a: Torkoal\n|-damage|p1a: Torkoal|68\/100\n|-heal|p2a: Annihilape|86\/100|[from] drain|[of] p1a: Torkoal\n|move|p2b: Murkrow|Foul Play|p1a: Torkoal\n|-damage|p1a: Torkoal|47\/100\n|\n|-weather|SunnyDay|[upkeep]\n|upkeep\n|turn|3\n|inactive|TheOnlyFizzo has 30 seconds left.\n|inactive|Hikawari has 30 seconds left.\n|inactive|TheOnlyFizzo has 20 seconds left.\n|inactive|TheOnlyFizzo has 15 seconds left.\n|inactive|TheOnlyFizzo has 10 seconds left.\n|\n|t:|1730388290\n|-terastallize|p1a: Torkoal|Fire\n|-terastallize|p2a: Annihilape|Fire\n|move|p2b: Murkrow|Rain Dance|p2b: Murkrow\n|-weather|RainDance\n|move|p1a: Torkoal|Weather Ball|p2b: Murkrow\n|-damage|p2b: Murkrow|54\/100\n|move|p1b: Metagross|Brick Break|p2b: Murkrow\n|-damage|p2b: Murkrow|12\/100\n|-damage|p1b: Metagross|72\/100|[from] item: Life Orb\n|move|p2a: Annihilape|Bulk Up|p2a: Annihilape\n|-boost|p2a: Annihilape|atk|1\n|-boost|p2a: Annihilape|def|1\n|\n|-weather|RainDance|[upkeep]\n|upkeep\n|turn|4\n|inactive|TheOnlyFizzo has 30 seconds left.\n|\n|t:|1730388318\n|switch|p2b: Sneasler|Sneasler, L50, F, shiny|100\/100\n|move|p1a: Torkoal|Protect|p1a: Torkoal\n|-singleturn|p1a: Torkoal|Protect\n|move|p1b: Metagross|Explosion|p2b: Sneasler|[spread] p2a,p2b\n|-activate|p1a: Torkoal|move: Protect\n|-damage|p2a: Annihilape|48\/100\n|-damage|p2b: Sneasler|0 fnt\n|faint|p1b: Metagross\n|faint|p2b: Sneasler\n|move|p2a: Annihilape|Rage Fist|p1a: Torkoal\n|-activate|p1a: Torkoal|move: Protect\n|\n|-weather|RainDance|[upkeep]\n|upkeep\n|\n|t:|1730388338\n|switch|p1b: Farigiraf|Farigiraf, L50, F|100\/100\n|switch|p2b: Murkrow|Murkrow, L50, M|12\/100\n|turn|5\n|\n|t:|1730388347\n|move|p2a: Annihilape|Protect|p2a: Annihilape\n|-singleturn|p2a: Annihilape|Protect\n|move|p1a: Torkoal|Weather Ball|p2a: Annihilape\n|-activate|p2a: Annihilape|move: Protect\n|move|p1b: Farigiraf|Dazzling Gleam|p2a: Annihilape|[spread] p2b\n|-activate|p2a: Annihilape|move: Protect\n|-supereffective|p2b: Murkrow\n|-damage|p2b: Murkrow|0 fnt\n|faint|p2b: Murkrow\n|\n|-weather|RainDance|[upkeep]\n|-fieldend|move: Trick Room\n|upkeep\n|turn|6\n|inactive|TheOnlyFizzo has 30 seconds left.\n|inactive|TheOnlyFizzo has 20 seconds left.\n|inactive|TheOnlyFizzo has 15 seconds left.\n|inactive|TheOnlyFizzo has 10 seconds left.\n|\n|t:|1730388396\n|move|p2a: Annihilape|Rage Fist|p1a: Torkoal\n|-damage|p1a: Torkoal|0 fnt\n|faint|p1a: Torkoal\n|move|p1b: Farigiraf|Dazzling Gleam|p2a: Annihilape\n|-resisted|p2a: Annihilape\n|-damage|p2a: Annihilape|36\/100\n|\n|-weather|RainDance|[upkeep]\n|upkeep\n|\n|t:|1730388405\n|switch|p1a: Annihilape|Annihilape, L50, F|100\/100\n|turn|7\n|\n|t:|1730388412\n|move|p2a: Annihilape|Protect|p2a: Annihilape\n|-singleturn|p2a: Annihilape|Protect\n|move|p1a: Annihilape|Final Gambit|p2a: Annihilape\n|-activate|p2a: Annihilape|move: Protect\n|move|p1b: Farigiraf|Dazzling Gleam|p2a: Annihilape\n|-activate|p2a: Annihilape|move: Protect\n|\n|-weather|none\n|upkeep\n|turn|8\n|-message|Hikawari forfeited.\n|\n|win|TheOnlyFizzo\n|raw|TheOnlyFizzo's rating: 1732 &rarr; <strong>1751<\/strong><br \/>(+19 for winning)\n|raw|Hikawari's rating: 1713 &rarr; <strong>1694<\/strong><br \/>(-19 for losing)\n|l|\u2606Hikawari\n|player|p2|\n","uploadtime":1730388585,"views":25,"formatid":"gen9vgc2024regh","rating":1694,"private":0,"password":null}