{"id":"gen9vgc2024regh-2234235585","format":"[Gen 9] VGC 2024 Reg H","players":["ren122333","actuary97"],"log":"|j|\u2606ren122333\n|j|\u2606actuary97\n|t:|1730315901\n|gametype|doubles\n|player|p1|ren122333|hilbert|1775\n|player|p2|actuary97|sabrina-frlg|1840\n|teamsize|p1|6\n|teamsize|p2|6\n|gen|9\n|tier|[Gen 9] VGC 2024 Reg H\n|rated|\n|rule|Species Clause: Limit one of each Pok\u00e9mon\n|rule|Item Clause: Limit 1 of each item\n|clearpoke\n|poke|p1|Whimsicott, L50, F|\n|poke|p1|Mamoswine, L50, F|\n|poke|p1|Lycanroc-Dusk, L50, M|\n|poke|p1|Typhlosion-Hisui, L50, F|\n|poke|p1|Farigiraf, L50, F|\n|poke|p1|Mienshao, L50, M|\n|poke|p2|Whimsicott, L50, F|\n|poke|p2|Gallade, L50, M|\n|poke|p2|Archaludon, L50, F|\n|poke|p2|Malamar, L50, F|\n|poke|p2|Indeedee, L50, M|\n|poke|p2|Drifblim, L50, M|\n|teampreview|4\nactuary97 has agreed to open team sheets.\n|inactive|Battle timer is ON: inactive players will automatically lose when time's up. (requested by ren122333)\n|\n|t:|1730315931\n|start\n|switch|p1a: Whimsicott|Whimsicott, L50, F|100\/100\n|switch|p1b: Lycanroc|Lycanroc-Dusk, L50, M|100\/100\n|switch|p2a: Tapu Deedee|Indeedee, L50, M, shiny|100\/100\n|switch|p2b: \ud83c\udf88\ud83d\udc7b\ud83c\udf83\ud83d\udc7b\ud83c\udf83\ud83c\udf88|Drifblim, L50, M|100\/100\n|-fieldstart|move: Psychic Terrain|[from] ability: Psychic Surge|[of] p2a: Tapu Deedee\n|-enditem|p2b: \ud83c\udf88\ud83d\udc7b\ud83c\udf83\ud83d\udc7b\ud83c\udf83\ud83c\udf88|Psychic Seed\n|-boost|p2b: \ud83c\udf88\ud83d\udc7b\ud83c\udf83\ud83d\udc7b\ud83c\udf83\ud83c\udf88|spd|1|[from] item: Psychic Seed\n|turn|1\n|\n|t:|1730315946\n|switch|p2a: Bridget|Archaludon, L50, F, shiny|100\/100\n|move|p1a: Whimsicott|Tailwind|p1a: Whimsicott\n|-sidestart|p1: ren122333|move: Tailwind\n|move|p1b: Lycanroc|Rock Slide|p2a: Bridget|[spread] p2a,p2b\n|-resisted|p2a: Bridget\n|-crit|p2a: Bridget\n|-supereffective|p2b: \ud83c\udf88\ud83d\udc7b\ud83c\udf83\ud83d\udc7b\ud83c\udf83\ud83c\udf88\n|-damage|p2a: Bridget|77\/100\n|-damage|p2b: \ud83c\udf88\ud83d\udc7b\ud83c\udf83\ud83d\udc7b\ud83c\udf83\ud83c\udf88|18\/100\n|-ability|p2a: Bridget|Stamina|boost\n|-boost|p2a: Bridget|def|1\n|cant|p2b: \ud83c\udf88\ud83d\udc7b\ud83c\udf83\ud83d\udc7b\ud83c\udf83\ud83c\udf88|flinch\n|\n|upkeep\n|turn|2\n|inactive|actuary97 has 30 seconds left.\n|\n|t:|1730315977\n|switch|p1b: Mienshao|Mienshao, L50, M|100\/100\n|move|p1a: Whimsicott|Moonblast|p2b: \ud83c\udf88\ud83d\udc7b\ud83c\udf83\ud83d\udc7b\ud83c\udf83\ud83c\udf88\n|-damage|p2b: \ud83c\udf88\ud83d\udc7b\ud83c\udf83\ud83d\udc7b\ud83c\udf83\ud83c\udf88|0 fnt\n|faint|p2b: \ud83c\udf88\ud83d\udc7b\ud83c\udf83\ud83d\udc7b\ud83c\udf83\ud83c\udf88\n|move|p2a: Bridget|Flash Cannon|p1b: Mienshao\n|-damage|p1b: Mienshao|32\/100\n|\n|upkeep\n|j| hastein\n|\n|t:|1730315984\n|switch|p2b: Malamother|Malamar, L50, F|100\/100\n|turn|3\n|\n|t:|1730315999\n|-terastallize|p2b: Malamother|Fire\n|move|p1a: Whimsicott|Moonblast|p2b: Malamother\n|-resisted|p2b: Malamother\n|-damage|p2b: Malamother|83\/100\n|-boost|p2b: Malamother|spa|1\n|move|p1b: Mienshao|Close Combat|p2b: Malamother\n|-damage|p2b: Malamother|4\/100\n|-unboost|p1b: Mienshao|def|1\n|-unboost|p1b: Mienshao|spd|1\n|-enditem|p2b: Malamother|Sitrus Berry|[eat]\n|-heal|p2b: Malamother|28\/100|[from] item: Sitrus Berry\n|-damage|p1b: Mienshao|22\/100|[from] item: Life Orb\n|move|p2a: Bridget|Body Press|p1b: Mienshao\n|-damage|p1b: Mienshao|0 fnt\n|faint|p1b: Mienshao\n|move|p2b: Malamother|Trick Room|p2b: Malamother\n|-fieldstart|move: Trick Room|[of] p2b: Malamother\n|\n|upkeep\n|\n|t:|1730316007\n|switch|p1b: Lycanroc|Lycanroc-Dusk, L50, M|100\/100\n|turn|4\n|\n|t:|1730316021\n|move|p2b: Malamother|Superpower|p1b: Lycanroc\n|-supereffective|p1b: Lycanroc\n|-damage|p1b: Lycanroc|0 fnt\n|-boost|p2b: Malamother|atk|1\n|-boost|p2b: Malamother|def|1\n|faint|p1b: Lycanroc\n|move|p2a: Bridget|Flash Cannon|p1a: Whimsicott\n|-supereffective|p1a: Whimsicott\n|-enditem|p1a: Whimsicott|Focus Sash\n|-damage|p1a: Whimsicott|1\/100\n|move|p1a: Whimsicott|Moonblast|p2a: Bridget\n|-damage|p2a: Bridget|54\/100\n|-unboost|p2a: Bridget|spa|1\n|-ability|p2a: Bridget|Stamina|boost\n|-boost|p2a: Bridget|def|1\n|\n|-sideend|p1: ren122333|move: Tailwind\n|upkeep\n|\n|t:|1730316027\n|switch|p1b: Typhlosion|Typhlosion-Hisui, L50, F|100\/100\n|-item|p2a: Bridget|Assault Vest|[from] ability: Frisk|[of] p1b: Typhlosion\n|turn|5\n|\n|t:|1730316036\n|-terastallize|p1b: Typhlosion|Fire\n|move|p1a: Whimsicott|Sunny Day|p1a: Whimsicott\n|-weather|SunnyDay\n|move|p2b: Malamother|Knock Off|p1b: Typhlosion\n|-damage|p1b: Typhlosion|28\/100\n|-enditem|p1b: Typhlosion|Choice Specs|[from] move: Knock Off|[of] p2b: Malamother\n|move|p2a: Bridget|Snarl|p1b: Typhlosion|[spread] p1a,p1b\n|-resisted|p1a: Whimsicott\n|-damage|p1a: Whimsicott|0 fnt\n|-damage|p1b: Typhlosion|17\/100\n|-unboost|p1b: Typhlosion|spa|1\n|faint|p1a: Whimsicott\n|move|p1b: Typhlosion|Heat Wave|p2a: Bridget|[spread] p2a,p2b\n|-resisted|p2b: Malamother\n|-damage|p2a: Bridget|20\/100\n|-damage|p2b: Malamother|5\/100\n|-ability|p2a: Bridget|Stamina|boost\n|-boost|p2a: Bridget|def|1\n|\n|-weather|SunnyDay|[upkeep]\n|-fieldend|move: Psychic Terrain\n|upkeep\n|turn|6\n|-message|ren122333 forfeited.\n|\n|win|actuary97\n|raw|ren122333's rating: 1775 &rarr; <strong>1759<\/strong><br \/>(-16 for losing)\n|raw|actuary97's rating: 1840 &rarr; <strong>1856<\/strong><br \/>(+16 for winning)\n|l|\u2606ren122333\n|player|p1|\n|l|\u2606actuary97\n|player|p2|\n","uploadtime":1730316186,"views":77,"formatid":"gen9vgc2024regh","rating":1759,"private":0,"password":null}