{"id":"gen9vgc2024regh-2234959668","format":"[Gen 9] VGC 2024 Reg H","players":["Hypersonicly\u2714\ufe0f","TheOnlyFizzo"],"log":"|j|\u2606Hypersonicly\u2714\ufe0f\n|j|\u2606TheOnlyFizzo\n|t:|1730406966\n|gametype|doubles\n|player|p1|Hypersonicly\u2714\ufe0f|siebold|1684\n|player|p2|TheOnlyFizzo|170|1775\n|teamsize|p1|6\n|teamsize|p2|6\n|gen|9\n|tier|[Gen 9] VGC 2024 Reg H\n|rated|\n|rule|Species Clause: Limit one of each Pok\u00e9mon\n|rule|Item Clause: Limit 1 of each item\n|clearpoke\n|poke|p1|Gallade, L50, M|\n|poke|p1|Hatterene, L50, F|\n|poke|p1|Indeedee-F, L50, F|\n|poke|p1|Lilligant-Hisui, L50, F|\n|poke|p1|Torkoal, L50, F|\n|poke|p1|Ursaluna, L50, F|\n|poke|p2|Metagross, L50|\n|poke|p2|Farigiraf, L50, F|\n|poke|p2|Torkoal, L50, M|\n|poke|p2|Smeargle, L50, M|\n|poke|p2|Annihilape, L50, M|\n|poke|p2|Ursaluna-Bloodmoon, L50, M|\n|teampreview|4\n|inactive|Battle timer is ON: inactive players will automatically lose when time's up. (requested by Hypersonicly\u2714\ufe0f)\n|inactive|TheOnlyFizzo has 60 seconds left.\n|inactive|TheOnlyFizzo has 30 seconds left.\n|inactive|TheOnlyFizzo has 20 seconds left.\n|inactive|TheOnlyFizzo has 15 seconds left.\n|\n|t:|1730407046\n|start\n|switch|p1a: Lilligant|Lilligant-Hisui, L50, F|100\/100\n|switch|p1b: Torkoal|Torkoal, L50, F|100\/100\n|switch|p2a: Farigiraf|Farigiraf, L50, F|100\/100\n|switch|p2b: Metagross|Metagross, L50|100\/100\n|-weather|SunnyDay|[from] ability: Drought|[of] p1b: Torkoal\n|turn|1\n|inactive|TheOnlyFizzo has 30 seconds left.\n|\n|t:|1730407074\n|-terastallize|p1b: Torkoal|Fire\n|move|p2a: Farigiraf|Protect|p2a: Farigiraf\n|-singleturn|p2a: Farigiraf|Protect\n|move|p1a: Lilligant|After You|p1b: Torkoal\n|-activate|p1b: Torkoal|move: After You\n|move|p1b: Torkoal|Eruption|p2b: Metagross|[spread] p2b\n|-activate|p2a: Farigiraf|move: Protect\n|-supereffective|p2b: Metagross\n|-damage|p2b: Metagross|0 fnt\n|faint|p2b: Metagross\n|\n|-weather|SunnyDay|[upkeep]\n|upkeep\n|\n|t:|1730407088\n|switch|p2b: Smeargle|Smeargle, L50, M|100\/100\n|turn|2\n|\n|t:|1730407098\n|-terastallize|p2a: Farigiraf|Grass\n|move|p1b: Torkoal|Protect|p1b: Torkoal\n|-singleturn|p1b: Torkoal|Protect\n|move|p2b: Smeargle|Wide Guard|p2b: Smeargle\n|-singleturn|p2b: Smeargle|Wide Guard\n|move|p1a: Lilligant|Sleep Powder|p2b: Smeargle\n|-status|p2b: Smeargle|slp|[from] move: Sleep Powder\n|move|p2a: Farigiraf|Trick Room|p2a: Farigiraf\n|-fieldstart|move: Trick Room|[of] p2a: Farigiraf\n|\n|-weather|SunnyDay|[upkeep]\n|-ability|p2b: Smeargle|Moody|boost\n|-boost|p2b: Smeargle|spe|2\n|-unboost|p2b: Smeargle|atk|1\n|upkeep\n|turn|3\n|\n|t:|1730407118\n|switch|p1a: Indeedee|Indeedee-F, L50, F|100\/100\n|-fieldstart|move: Psychic Terrain|[from] ability: Psychic Surge|[of] p1a: Indeedee\n|move|p2a: Farigiraf|Protect|p2a: Farigiraf\n|-singleturn|p2a: Farigiraf|Protect\n|move|p1b: Torkoal|Eruption|p2a: Farigiraf|[spread] p2b\n|-activate|p2a: Farigiraf|move: Protect\n|-damage|p2b: Smeargle|0 fnt\n|faint|p2b: Smeargle\n|\n|-weather|SunnyDay|[upkeep]\n|upkeep\n|j| mr pogostick\n|\n|t:|1730407132\n|switch|p2b: Torkoal|Torkoal, L50, M|100\/100\n|turn|4\n|\n|t:|1730407138\n|move|p2a: Farigiraf|Helping Hand|p2b: Torkoal\n|-singleturn|p2b: Torkoal|Helping Hand|[of] p2a: Farigiraf\n|move|p1a: Indeedee|Follow Me|p1a: Indeedee\n|-singleturn|p1a: Indeedee|move: Follow Me\n|move|p1b: Torkoal|Eruption|p2b: Torkoal|[spread] p2a,p2b\n|-supereffective|p2a: Farigiraf\n|-resisted|p2b: Torkoal\n|-damage|p2a: Farigiraf|0 fnt\n|-damage|p2b: Torkoal|25\/100\n|faint|p2a: Farigiraf\n|move|p2b: Torkoal|Eruption|p1a: Indeedee|[spread] p1a,p1b\n|-resisted|p1b: Torkoal\n|-damage|p1a: Indeedee|73\/100\n|-damage|p1b: Torkoal|80\/100\n|\n|-weather|SunnyDay|[upkeep]\n|upkeep\n|turn|5\n|-message|TheOnlyFizzo forfeited.\n|\n|win|Hypersonicly\u2714\ufe0f\n|raw|Hypersonicly\u2714\ufe0f's rating: 1684 &rarr; <strong>1709<\/strong><br \/>(+25 for winning)\n|raw|TheOnlyFizzo's rating: 1775 &rarr; <strong>1750<\/strong><br \/>(-25 for losing)\n|l|\u2606TheOnlyFizzo\n|player|p2|\n|l|\u2606Hypersonicly\u2714\ufe0f\n|player|p1|\n|l| mr pogostick\n","uploadtime":1730407315,"views":66,"formatid":"gen9vgc2024regh","rating":1709,"private":0,"password":null}