{"id":"gen9vgc2024regh-2234290387","format":"[Gen 9] VGC 2024 Reg H","players":["googer315","Hachibam"],"log":"|j|\u2606googer315\n|j|\u2606Hachibam\n|t:|1730321303\n|gametype|doubles\n|player|p1|googer315|102|1797\n|player|p2|Hachibam|n-masters|1695\n|teamsize|p1|6\n|teamsize|p2|6\n|gen|9\n|tier|[Gen 9] VGC 2024 Reg H\n|rated|\n|rule|Species Clause: Limit one of each Pok\u00e9mon\n|rule|Item Clause: Limit 1 of each item\n|clearpoke\n|poke|p1|Dondozo, L50, F|\n|poke|p1|Tatsugiri, L50, F|\n|poke|p1|Glimmora, L50, F|\n|poke|p1|Maushold, L50|\n|poke|p1|Annihilape, L50, F|\n|poke|p1|Gholdengo, L50|\n|poke|p2|Typhlosion-Hisui, L50, M|\n|poke|p2|Murkrow, L50, M|\n|poke|p2|Ursaluna-Bloodmoon, L50, M|\n|poke|p2|Indeedee, L50, M|\n|poke|p2|Sneasler, L50, F|\n|poke|p2|Dragapult, L50, M|\n|teampreview|4\n|inactive|Battle timer is ON: inactive players will automatically lose when time's up. (requested by googer315)\n|inactive|Hachibam has 60 seconds left.\n|\n|t:|1730321362\n|start\n|switch|p1a: Gholdengo|Gholdengo, L50|100\/100\n|switch|p1b: Glimmora|Glimmora, L50, F|100\/100\n|switch|p2a: Ursaluna|Ursaluna-Bloodmoon, L50, M|100\/100\n|switch|p2b: Murkrow|Murkrow, L50, M, shiny|100\/100\n|turn|1\n|inactive|googer315 has 30 seconds left.\n|inactive|Hachibam has 30 seconds left.\n|inactive|googer315 has 20 seconds left.\n|inactive|Hachibam has 20 seconds left.\n|inactive|Hachibam has 15 seconds left.\n|inactive|Hachibam has 10 seconds left.\n|inactive|Hachibam has 5 seconds left.\n|\n|t:|1730321417\n|move|p1a: Gholdengo|Thunderbolt|p2b: Murkrow\n|-supereffective|p2b: Murkrow\n|-damage|p2b: Murkrow|27\/100\n|move|p1b: Glimmora|Power Gem|p2b: Murkrow\n|-supereffective|p2b: Murkrow\n|-damage|p2b: Murkrow|0 fnt\n|faint|p2b: Murkrow\n|move|p2a: Ursaluna|Blood Moon|p1a: Gholdengo\n|-resisted|p1a: Gholdengo\n|-crit|p1a: Gholdengo\n|-damage|p1a: Gholdengo|16\/100\n|-damage|p2a: Ursaluna|91\/100|[from] item: Life Orb\n|\n|upkeep\n|\n|t:|1730321429\n|switch|p2b: Dragapult|Dragapult, L50, M|100\/100\n|turn|2\n|\n|t:|1730321445\n|switch|p1a: Dondozo|Dondozo, L50, F|100\/100\n|switch|p1b: Tatsugiri|Tatsugiri, L50, F|100\/100\n|-activate|p1b: Tatsugiri|ability: Commander|[of] p1a: Dondozo\n|-boost|p1a: Dondozo|atk|2\n|-boost|p1a: Dondozo|spa|2\n|-boost|p1a: Dondozo|spe|2\n|-boost|p1a: Dondozo|def|2\n|-boost|p1a: Dondozo|spd|2\n|-terastallize|p2a: Ursaluna|Normal\n|move|p2b: Dragapult|Dragon Darts|p1a: Dondozo\n|-damage|p1a: Dondozo|88\/100\n|-anim|p2b: Dragapult|Dragon Darts|p1a: Dondozo\n|-damage|p1a: Dondozo|76\/100\n|move|p2a: Ursaluna|Hyper Voice|p1b: Tatsugiri|[spread] p1a\n|-miss|p2a: Ursaluna|p1b: Tatsugiri\n|-damage|p1a: Dondozo|51\/100\n|-damage|p2a: Ursaluna|81\/100|[from] item: Life Orb\n|\n|-heal|p1a: Dondozo|58\/100|[from] item: Leftovers\n|upkeep\n|turn|3\n|\n|t:|1730321469\n|move|p1a: Dondozo|Protect|p1a: Dondozo\n|-singleturn|p1a: Dondozo|Protect\n|move|p2b: Dragapult|Dragon Darts|p1a: Dondozo\n|-activate|p1a: Dondozo|move: Protect\n|move|p2a: Ursaluna|Blood Moon|p1a: Dondozo\n|-activate|p1a: Dondozo|move: Protect\n|\n|-heal|p1a: Dondozo|64\/100|[from] item: Leftovers\n|upkeep\n|turn|4\n|\n|t:|1730321483\n|-terastallize|p1a: Dondozo|Steel\n|move|p2a: Ursaluna|Protect|p2a: Ursaluna\n|-singleturn|p2a: Ursaluna|Protect\n|move|p2b: Dragapult|Dragon Darts|p1a: Dondozo\n|-resisted|p1a: Dondozo\n|-damage|p1a: Dondozo|58\/100\n|-anim|p2b: Dragapult|Dragon Darts|p1a: Dondozo\n|-resisted|p1a: Dondozo\n|-damage|p1a: Dondozo|52\/100\n|move|p1a: Dondozo|Order Up|p2b: Dragapult\n|-supereffective|p2b: Dragapult\n|-damage|p2b: Dragapult|0 fnt\n|faint|p2b: Dragapult\n|-boost|p1a: Dondozo|atk|1\n|\n|-heal|p1a: Dondozo|58\/100|[from] item: Leftovers\n|upkeep\n|\n|t:|1730321488\n|switch|p2b: Sneasler|Sneasler, L50, F|100\/100\n|turn|5\n|\n|t:|1730321502\n|move|p1a: Dondozo|Protect|p1a: Dondozo\n|-singleturn|p1a: Dondozo|Protect\n|move|p2b: Sneasler|Close Combat|p1a: Dondozo\n|-activate|p1a: Dondozo|move: Protect\n|move|p2a: Ursaluna|Earth Power|p1a: Dondozo\n|-activate|p1a: Dondozo|move: Protect\n|\n|-heal|p1a: Dondozo|64\/100|[from] item: Leftovers\n|upkeep\n|turn|6\n|\n|t:|1730321513\n|move|p2b: Sneasler|Close Combat|p1a: Dondozo\n|-supereffective|p1a: Dondozo\n|-damage|p1a: Dondozo|24\/100\n|-unboost|p2b: Sneasler|def|1\n|-unboost|p2b: Sneasler|spd|1\n|move|p1a: Dondozo|Earthquake|p2a: Ursaluna|[spread] p2a,p2b\n|-miss|p1a: Dondozo|p1b: Tatsugiri\n|-supereffective|p2b: Sneasler\n|-damage|p2a: Ursaluna|41\/100\n|-damage|p2b: Sneasler|0 fnt\n|faint|p2b: Sneasler\n|move|p2a: Ursaluna|Earth Power|p1a: Dondozo\n|-supereffective|p1a: Dondozo\n|-damage|p1a: Dondozo|0 fnt\n|faint|p1a: Dondozo\n|-damage|p2a: Ursaluna|31\/100|[from] item: Life Orb\n|\n|upkeep\n|-message|Hachibam forfeited.\n|\n|win|googer315\n|raw|googer315's rating: 1770 &rarr; <strong>1786<\/strong><br \/>(+16 for winning)\n|raw|Hachibam's rating: 1695 &rarr; <strong>1679<\/strong><br \/>(-16 for losing)\n|l|\u2606Hachibam\n|player|p2|\n|l|\u2606googer315\n|player|p1|\n","uploadtime":1730321697,"views":14,"formatid":"gen9vgc2024regh","rating":1679,"private":0,"password":null}