{"id":"gen9vgc2024regh-2234915389","format":"[Gen 9] VGC 2024 Reg H","players":["Allore","Psyducks in 6"],"log":"|j|\u2606Allore\n|j|\u2606Psyducks in 6\n|t:|1730402261\n|gametype|doubles\n|player|p1|Allore|169|1732\n|player|p2|Psyducks in 6|hiker-gen4|1649\n|teamsize|p1|6\n|teamsize|p2|6\n|gen|9\n|tier|[Gen 9] VGC 2024 Reg H\n|rated|\n|rule|Species Clause: Limit one of each Pok\u00e9mon\n|rule|Item Clause: Limit 1 of each item\n|clearpoke\n|poke|p1|Archaludon, L50, M|\n|poke|p1|Pelipper, L50, M|\n|poke|p1|Maushold, L50|\n|poke|p1|Basculegion, L50, M|\n|poke|p1|Incineroar, L50, F|\n|poke|p1|Amoonguss, L50, M|\n|poke|p2|Garchomp, L50, F|\n|poke|p2|Gholdengo, L50|\n|poke|p2|Corviknight, L50, M|\n|poke|p2|Incineroar, L50, F|\n|poke|p2|Clefable, L50, F|\n|poke|p2|Annihilape, L50, F|\n|teampreview|4\n|inactive|Battle timer is ON: inactive players will automatically lose when time's up. (requested by Allore)\nAllore has agreed to open team sheets.\n|j| jonnybouy\n|inactive|Allore has 60 seconds left.\n|inactive|Psyducks in 6 has 60 seconds left.\n|\n|t:|1730402311\n|start\n|switch|p1a: Basculegion|Basculegion, L50, M|100\/100\n|switch|p1b: Archaludon|Archaludon, L50, M|100\/100\n|switch|p2a: Annihilape|Annihilape, L50, F|100\/100\n|switch|p2b: Garchomp|Garchomp, L50, F|100\/100\n|turn|1\n|\n|t:|1730402331\n|switch|p1b: Pelipper|Pelipper, L50, M|100\/100\n|-weather|RainDance|[from] ability: Drizzle|[of] p1b: Pelipper\n|move|p2b: Garchomp|Protect|p2b: Garchomp\n|-singleturn|p2b: Garchomp|Protect\n|move|p1a: Basculegion|Wave Crash|p2b: Garchomp\n|-activate|p2b: Garchomp|move: Protect\n|move|p2a: Annihilape|U-turn|p1a: Basculegion\n|-resisted|p1a: Basculegion\n|-damage|p1a: Basculegion|88\/100\n|\n|t:|1730402344\n|switch|p2a: Clefable|Clefable, L50, F|100\/100|[from] U-turn\n|\n|-weather|RainDance|[upkeep]\n|upkeep\n|turn|2\n|inactive|Allore has 30 seconds left.\n|inactive|Allore has 20 seconds left.\n|\n|t:|1730402380\n|-terastallize|p2a: Clefable|Water\n|move|p2a: Clefable|Follow Me|p2a: Clefable\n|-singleturn|p2a: Clefable|move: Follow Me\n|move|p1a: Basculegion|Wave Crash|p2a: Clefable\n|-resisted|p2a: Clefable\n|-damage|p2a: Clefable|51\/100\n|-damage|p1a: Basculegion|71\/100|[from] Recoil\n|move|p2b: Garchomp|Dragon Claw|p1b: Pelipper\n|-damage|p1b: Pelipper|34\/100\n|-damage|p2b: Garchomp|91\/100|[from] item: Life Orb\n|move|p1b: Pelipper|Tailwind|p1b: Pelipper\n|-sidestart|p1: Allore|move: Tailwind\n|\n|-weather|RainDance|[upkeep]\n|upkeep\n|turn|3\n|inactive|Allore has 30 seconds left.\n|inactive|Allore has 20 seconds left.\n|\n|t:|1730402418\n|-terastallize|p1a: Basculegion|Water\n|move|p1b: Pelipper|Protect|p1b: Pelipper\n|-singleturn|p1b: Pelipper|Protect\n|move|p2a: Clefable|Follow Me|p2a: Clefable\n|-singleturn|p2a: Clefable|move: Follow Me\n|move|p1a: Basculegion|Wave Crash|p2a: Clefable\n|-resisted|p2a: Clefable\n|-damage|p2a: Clefable|0 fnt\n|faint|p2a: Clefable\n|-damage|p1a: Basculegion|54\/100|[from] Recoil\n|move|p2b: Garchomp|Rock Slide|p1a: Basculegion|[spread] p1a\n|-activate|p1b: Pelipper|move: Protect\n|-damage|p1a: Basculegion|20\/100\n|-damage|p2b: Garchomp|81\/100|[from] item: Life Orb\n|\n|-weather|RainDance|[upkeep]\n|upkeep\n|\n|t:|1730402437\n|switch|p2a: Gholdengo|Gholdengo, L50|100\/100\n|turn|4\n|inactive|Allore has 30 seconds left.\n|inactive|Allore has 20 seconds left.\n|inactive|Allore has 15 seconds left.\n|\n|t:|1730402477\n|switch|p1b: Archaludon|Archaludon, L50, M|100\/100\n|move|p1a: Basculegion|Protect|p1a: Basculegion\n|-singleturn|p1a: Basculegion|Protect\n|move|p2b: Garchomp|Rock Slide|p1b: Archaludon|[spread] p1b\n|-activate|p1a: Basculegion|move: Protect\n|-resisted|p1b: Archaludon\n|-damage|p1b: Archaludon|91\/100\n|-ability|p1b: Archaludon|Stamina|boost\n|-boost|p1b: Archaludon|def|1\n|-damage|p2b: Garchomp|71\/100|[from] item: Life Orb\n|move|p2a: Gholdengo|Shadow Ball|p1b: Archaludon\n|-damage|p1b: Archaludon|58\/100\n|-unboost|p1b: Archaludon|spd|1\n|-ability|p1b: Archaludon|Stamina|boost\n|-boost|p1b: Archaludon|def|1\n|\n|-weather|RainDance|[upkeep]\n|upkeep\n|turn|5\n|\n|t:|1730402499\n|move|p2b: Garchomp|Protect|p2b: Garchomp\n|-singleturn|p2b: Garchomp|Protect\n|move|p2a: Gholdengo|Protect|p2a: Gholdengo\n|-singleturn|p2a: Gholdengo|Protect\n|move|p1a: Basculegion|Wave Crash|p2a: Gholdengo\n|-activate|p2a: Gholdengo|move: Protect\n|move|p1b: Archaludon|Draco Meteor|p2b: Garchomp\n|-activate|p2b: Garchomp|move: Protect\n|\n|-weather|none\n|-sideend|p1: Allore|move: Tailwind\n|upkeep\n|turn|6\n|\n|t:|1730402522\n|switch|p2a: Annihilape|Annihilape, L50, F|100\/100\n|switch|p1b: Pelipper|Pelipper, L50, M|34\/100\n|-weather|RainDance|[from] ability: Drizzle|[of] p1b: Pelipper\n|move|p1a: Basculegion|Wave Crash|p2a: Annihilape\n|-damage|p2a: Annihilape|0 fnt\n|faint|p2a: Annihilape\n|-damage|p1a: Basculegion|0 fnt|[from] Recoil\n|faint|p1a: Basculegion\n|move|p2b: Garchomp|Dragon Claw|p1b: Pelipper\n|-damage|p1b: Pelipper|0 fnt\n|faint|p1b: Pelipper\n|-damage|p2b: Garchomp|61\/100|[from] item: Life Orb\n|\n|-weather|RainDance|[upkeep]\n|upkeep\n|\n|t:|1730402537\n|switch|p2a: Gholdengo|Gholdengo, L50|100\/100\n|switch|p1a: Archaludon|Archaludon, L50, M|58\/100\n|switch|p1b: Incineroar|Incineroar, L50, F|100\/100\n|-ability|p1b: Incineroar|Intimidate|boost\n|-unboost|p2a: Gholdengo|atk|1\n|-unboost|p2b: Garchomp|atk|1\n|turn|7\n|\n|t:|1730402557\n|move|p2b: Garchomp|Protect|p2b: Garchomp\n|-singleturn|p2b: Garchomp|Protect\n|move|p1b: Incineroar|Fake Out|p2b: Garchomp\n|-activate|p2b: Garchomp|move: Protect\n|move|p2a: Gholdengo|Shadow Ball|p1a: Archaludon\n|-damage|p1a: Archaludon|21\/100\n|-ability|p1a: Archaludon|Stamina|boost\n|-boost|p1a: Archaludon|def|1\n|move|p1a: Archaludon|Draco Meteor|p2b: Garchomp\n|-activate|p2b: Garchomp|move: Protect\n|\n|-weather|RainDance|[upkeep]\n|upkeep\n|turn|8\n|\n|t:|1730402577\n|move|p2a: Gholdengo|Protect|p2a: Gholdengo\n|-singleturn|p2a: Gholdengo|Protect\n|move|p2b: Garchomp|Earthquake|p1b: Incineroar|[spread] p1a,p1b\n|-activate|p2a: Gholdengo|move: Protect\n|-supereffective|p1a: Archaludon\n|-supereffective|p1b: Incineroar\n|-damage|p1a: Archaludon|0 fnt\n|-damage|p1b: Incineroar|40\/100\n|faint|p1a: Archaludon\n|-damage|p2b: Garchomp|52\/100|[from] item: Life Orb\n|move|p1b: Incineroar|Knock Off|p2a: Gholdengo\n|-activate|p2a: Gholdengo|move: Protect\n|\n|-weather|RainDance|[upkeep]\n|upkeep\n|turn|9\n|-message|Allore forfeited.\n|\n|win|Psyducks in 6\n|raw|Allore's rating: 1732 &rarr; <strong>1707<\/strong><br \/>(-25 for losing)\n|raw|Psyducks in 6's rating: 1649 &rarr; <strong>1674<\/strong><br \/>(+25 for winning)\n|l|\u2606Allore\n|player|p1|\n|l|\u2606Psyducks in 6\n|player|p2|\n","uploadtime":1730402752,"views":17,"formatid":"gen9vgc2024regh","rating":1674,"private":0,"password":null}