{"id":"gen9vgc2024regh-2234235707","format":"[Gen 9] VGC 2024 Reg H","players":["GBVGC X76","Tepig_nNz_498"],"log":"|j|\u2606GBVGC X76\n|j|\u2606Tepig_nNz_498\n|t:|1730315912\n|gametype|doubles\n|player|p1|GBVGC X76|hanbei-conquest|1733\n|player|p2|Tepig_nNz_498|266|1661\n|teamsize|p1|6\n|teamsize|p2|6\n|gen|9\n|tier|[Gen 9] VGC 2024 Reg H\n|rated|\n|rule|Species Clause: Limit one of each Pok\u00e9mon\n|rule|Item Clause: Limit 1 of each item\n|clearpoke\n|poke|p1|Gothitelle, L50, M|\n|poke|p1|Dragapult, L50, F|\n|poke|p1|Volcarona, L50, M|\n|poke|p1|Kingambit, L50, M|\n|poke|p1|Sneasler, L50, F|\n|poke|p1|Clefable, L50, F|\n|poke|p2|Politoed, L50, M|\n|poke|p2|Archaludon, L50, M|\n|poke|p2|Basculegion, L50, M|\n|poke|p2|Ludicolo, L50, M|\n|poke|p2|Barraskewda, L50, M|\n|poke|p2|Pelipper, L50, M|\n|teampreview|4\n|\n|t:|1730315935\n|start\n|switch|p1a: Gothitelle|Gothitelle, L50, M|100\/100\n|switch|p1b: Kingambit|Kingambit, L50, M|100\/100\n|switch|p2a: Ludicolo|Ludicolo, L50, M|100\/100\n|switch|p2b: Pelipper|Pelipper, L50, M|100\/100\n|-weather|RainDance|[from] ability: Drizzle|[of] p2b: Pelipper\n|turn|1\n|j| Xunyicaoawa\n|\n|t:|1730315952\n|switch|p1a: Clefable|Clefable, L50, F|100\/100\n|move|p1b: Kingambit|Protect|p1b: Kingambit\n|-singleturn|p1b: Kingambit|Protect\n|move|p2a: Ludicolo|Fake Out|p1b: Kingambit\n|-activate|p1b: Kingambit|move: Protect\n|move|p2b: Pelipper|Surf|p1a: Clefable|[spread] p2a,p1a\n|-activate|p1b: Kingambit|move: Protect\n|-resisted|p2a: Ludicolo\n|-damage|p2a: Ludicolo|89\/100\n|-damage|p1a: Clefable|67\/100\n|\n|-weather|RainDance|[upkeep]\n|upkeep\n|turn|2\n|\n|t:|1730315971\n|-terastallize|p1b: Kingambit|Dark\n|move|p1b: Kingambit|Sucker Punch|p2a: Ludicolo\n|-damage|p2a: Ludicolo|0 fnt\n|faint|p2a: Ludicolo\n|move|p2b: Pelipper|Surf|p1b: Kingambit|[spread] p1a,p1b\n|-damage|p1a: Clefable|33\/100\n|-damage|p1b: Kingambit|51\/100\n|move|p1a: Clefable|Moonblast|p2b: Pelipper\n|-damage|p2b: Pelipper|50\/100\n|-enditem|p2b: Pelipper|Sitrus Berry|[eat]\n|-heal|p2b: Pelipper|75\/100|[from] item: Sitrus Berry\n|\n|-weather|RainDance|[upkeep]\n|upkeep\n|\n|t:|1730315977\n|switch|p2a: Archaludon|Archaludon, L50, M|100\/100\n|turn|3\n|j| T7YH4RD\n|\n|t:|1730315987\n|-terastallize|p2a: Archaludon|Fairy\n|move|p1a: Clefable|Follow Me|p1a: Clefable\n|-singleturn|p1a: Clefable|move: Follow Me\n|move|p1b: Kingambit|Sucker Punch||[still]\n|-fail|p1b: Kingambit\n|move|p2a: Archaludon|Electro Shot||[still]\n|-prepare|p2a: Archaludon|Electro Shot\n|-boost|p2a: Archaludon|spa|1\n|-anim|p2a: Archaludon|Electro Shot|p1a: Clefable\n|-damage|p1a: Clefable|0 fnt\n|faint|p1a: Clefable\n|move|p2b: Pelipper|Tailwind|p2b: Pelipper\n|-sidestart|p2: Tepig_nNz_498|move: Tailwind\n|\n|-weather|RainDance|[upkeep]\n|upkeep\n|\n|t:|1730315993\n|switch|p1a: Gothitelle|Gothitelle, L50, M|100\/100\n|turn|4\n|\n|t:|1730316007\n|move|p1a: Gothitelle|Fake Out|p2a: Archaludon\n|-damage|p2a: Archaludon|96\/100\n|-ability|p2a: Archaludon|Stamina|boost\n|-boost|p2a: Archaludon|def|1\n|move|p1b: Kingambit|Sucker Punch|p2b: Pelipper\n|-damage|p2b: Pelipper|0 fnt\n|faint|p2b: Pelipper\n|cant|p2a: Archaludon|flinch\n|\n|-weather|RainDance|[upkeep]\n|upkeep\n|\n|t:|1730316014\n|switch|p2b: Basculegion|Basculegion, L50, M|100\/100\n|turn|5\n|\n|t:|1730316032\n|move|p1b: Kingambit|Protect|p1b: Kingambit\n|-singleturn|p1b: Kingambit|Protect\n|move|p2b: Basculegion|Aqua Jet|p1b: Kingambit\n|-activate|p1b: Kingambit|move: Protect\n|move|p2a: Archaludon|Electro Shot||[still]\n|-prepare|p2a: Archaludon|Electro Shot\n|-boost|p2a: Archaludon|spa|1\n|-anim|p2a: Archaludon|Electro Shot|p1b: Kingambit\n|-activate|p1b: Kingambit|move: Protect\n|move|p1a: Gothitelle|Psychic|p2b: Basculegion\n|-crit|p2b: Basculegion\n|-damage|p2b: Basculegion|52\/100\n|\n|-weather|none\n|upkeep\n|turn|6\n|\n|t:|1730316050\n|switch|p1b: Dragapult|Dragapult, L50, F|100\/100\n|move|p2b: Basculegion|Protect|p2b: Basculegion\n|-singleturn|p2b: Basculegion|Protect\n|move|p2a: Archaludon|Flash Cannon|p1b: Dragapult\n|-damage|p1b: Dragapult|0 fnt\n|faint|p1b: Dragapult\n|move|p1a: Gothitelle|Psychic|p2b: Basculegion\n|-activate|p2b: Basculegion|move: Protect\n|\n|-sideend|p2: Tepig_nNz_498|move: Tailwind\n|upkeep\n|\n|t:|1730316055\n|switch|p1b: Kingambit|Kingambit, L50, M, tera:Dark|51\/100\n|turn|7\n|\n|t:|1730316072\n|move|p1b: Kingambit|Protect|p1b: Kingambit\n|-singleturn|p1b: Kingambit|Protect\n|move|p2b: Basculegion|Aqua Jet|p1a: Gothitelle\n|-damage|p1a: Gothitelle|72\/100\n|-damage|p2b: Basculegion|43\/100|[from] item: Life Orb\n|move|p2a: Archaludon|Flash Cannon|p1b: Kingambit\n|-activate|p1b: Kingambit|move: Protect\n|move|p1a: Gothitelle|Psychic|p2b: Basculegion\n|-damage|p2b: Basculegion|8\/100\n|\n|upkeep\n|turn|8\n|\n|t:|1730316088\n|move|p1b: Kingambit|Sucker Punch|p2a: Archaludon\n|-resisted|p2a: Archaludon\n|-damage|p2a: Archaludon|82\/100\n|-ability|p2a: Archaludon|Stamina|boost\n|-boost|p2a: Archaludon|def|1\n|move|p2b: Basculegion|Last Respects|p1a: Gothitelle\n|-supereffective|p1a: Gothitelle\n|-damage|p1a: Gothitelle|0 fnt\n|faint|p1a: Gothitelle\n|-damage|p2b: Basculegion|0 fnt|[from] item: Life Orb\n|faint|p2b: Basculegion\n|move|p2a: Archaludon|Flash Cannon|p1b: Kingambit\n|-damage|p1b: Kingambit|0 fnt\n|faint|p1b: Kingambit\n|\n|win|Tepig_nNz_498\n|raw|GBVGC X76's rating: 1733 &rarr; <strong>1709<\/strong><br \/>(-24 for losing)\n|raw|Tepig_nNz_498's rating: 1661 &rarr; <strong>1685<\/strong><br \/>(+24 for winning)\n|l| T7YH4RD\n|l|\u2606Tepig_nNz_498\n|player|p2|\n|l| Xunyicaoawa\n","uploadtime":1730316322,"views":14,"formatid":"gen9vgc2024regh","rating":1685,"private":0,"password":null}