{"id":"gen9vgc2024regh-2234832038","format":"[Gen 9] VGC 2024 Reg H","players":["hockypooo","Toasteduck"],"log":"|j|\u2606hockypooo\n|j|\u2606Toasteduck\n|t:|1730394220\n|gametype|doubles\n|player|p1|hockypooo|idol|1656\n|player|p2|Toasteduck|170|1693\n|teamsize|p1|6\n|teamsize|p2|6\n|gen|9\n|tier|[Gen 9] VGC 2024 Reg H\n|rated|\n|rule|Species Clause: Limit one of each Pok\u00e9mon\n|rule|Item Clause: Limit 1 of each item\n|clearpoke\n|poke|p1|Indeedee, L50, M|\n|poke|p1|Sneasler, L50, F|\n|poke|p1|Talonflame, L50, F|\n|poke|p1|Ursaluna-Bloodmoon, L50, M|\n|poke|p1|Dragonite, L50, F|\n|poke|p1|Arcanine-Hisui, L50, F|\n|poke|p2|Indeedee, L50, M|\n|poke|p2|Amoonguss, L50, F|\n|poke|p2|Dragapult, L50, M|\n|poke|p2|Tyranitar, L50, F|\n|poke|p2|Corviknight, L50, M|\n|poke|p2|Excadrill, L50, F|\n|teampreview|4\n|inactive|Battle timer is ON: inactive players will automatically lose when time's up. (requested by hockypooo)\n|j| 3obad\n|inactive|hockypooo has 60 seconds left.\n|inactive|Toasteduck has 60 seconds left.\n|j| lf99po\n|l| 3obad\n|l| lf99po\n|\n|t:|1730394284\n|start\n|switch|p1a: Dragonite|Dragonite, L50, F|100\/100\n|switch|p1b: Arcanine|Arcanine-Hisui, L50, F|100\/100\n|switch|p2a: Indeedee|Indeedee, L50, M|100\/100\n|switch|p2b: Excadrill|Excadrill, L50, F|100\/100\n|-ability|p1b: Arcanine|Intimidate|boost\n|-unboost|p2a: Indeedee|atk|1\n|-fail|p2b: Excadrill|unboost|[from] item: Clear Amulet|[of] p2b: Excadrill\n|-fieldstart|move: Psychic Terrain|[from] ability: Psychic Surge|[of] p2a: Indeedee\n|turn|1\n|inactive|hockypooo has 30 seconds left.\n|\n|t:|1730394310\n|switch|p2a: Tyranitar|Tyranitar, L50, F|100\/100\n|-weather|Sandstorm|[from] ability: Sand Stream|[of] p2a: Tyranitar\n|-terastallize|p1b: Arcanine|Grass\n|move|p2b: Excadrill|Protect|p2b: Excadrill\n|-singleturn|p2b: Excadrill|Protect\n|move|p1b: Arcanine|Close Combat|p2b: Excadrill\n|-activate|p2b: Excadrill|move: Protect\n|move|p1a: Dragonite|Scale Shot|p2a: Tyranitar\n|-damage|p2a: Tyranitar|89\/100\n|-damage|p2a: Tyranitar|76\/100\n|-damage|p2a: Tyranitar|64\/100\n|-damage|p2a: Tyranitar|52\/100\n|-hitcount|p2a: Tyranitar|4\n|-unboost|p1a: Dragonite|def|1\n|-boost|p1a: Dragonite|spe|1\n|\n|-weather|Sandstorm|[upkeep]\n|-damage|p1a: Dragonite|95\/100|[from] Sandstorm\n|-damage|p1b: Arcanine|95\/100|[from] Sandstorm\n|upkeep\n|turn|2\n|inactive|hockypooo has 30 seconds left.\n|inactive|Toasteduck has 30 seconds left.\n|inactive|Toasteduck has 20 seconds left.\n|j| lf99po\n|inactive|Toasteduck has 15 seconds left.\n|inactive|Toasteduck has 10 seconds left.\n|\n|t:|1730394358\n|move|p1a: Dragonite|Protect|p1a: Dragonite\n|-singleturn|p1a: Dragonite|Protect\n|move|p2b: Excadrill|Iron Head|p1a: Dragonite\n|-activate|p1a: Dragonite|move: Protect\n|move|p1b: Arcanine|Rock Slide|p2b: Excadrill|[spread] p2a,p2b\n|-resisted|p2b: Excadrill\n|-damage|p2a: Tyranitar|30\/100\n|-damage|p2b: Excadrill|91\/100\n|cant|p2a: Tyranitar|flinch\n|\n|-weather|Sandstorm|[upkeep]\n|-damage|p1a: Dragonite|89\/100|[from] Sandstorm\n|-damage|p1b: Arcanine|89\/100|[from] Sandstorm\n|upkeep\n|turn|3\n|inactive|Toasteduck has 30 seconds left.\n|inactive|hockypooo has 30 seconds left.\n|\n|t:|1730394397\n|switch|p2a: Corviknight|Corviknight, L50, M|100\/100\n|-enditem|p2a: Corviknight|Psychic Seed\n|-boost|p2a: Corviknight|spd|1|[from] item: Psychic Seed\n|move|p2b: Excadrill|Iron Head|p1b: Arcanine\n|-damage|p1b: Arcanine|34\/100\n|move|p1a: Dragonite|Scale Shot|p2a: Corviknight\n|-resisted|p2a: Corviknight\n|-damage|p2a: Corviknight|95\/100\n|-resisted|p2a: Corviknight\n|-damage|p2a: Corviknight|89\/100\n|-resisted|p2a: Corviknight\n|-damage|p2a: Corviknight|83\/100\n|-resisted|p2a: Corviknight\n|-damage|p2a: Corviknight|78\/100\n|-resisted|p2a: Corviknight\n|-damage|p2a: Corviknight|72\/100\n|-hitcount|p2a: Corviknight|5\n|-unboost|p1a: Dragonite|def|1\n|-boost|p1a: Dragonite|spe|1\n|cant|p1b: Arcanine|flinch\n|\n|-weather|Sandstorm|[upkeep]\n|-damage|p1a: Dragonite|83\/100|[from] Sandstorm\n|-damage|p1b: Arcanine|29\/100|[from] Sandstorm\n|upkeep\n|turn|4\n|inactive|hockypooo has 30 seconds left.\n|inactive|hockypooo has 20 seconds left.\n|\n|t:|1730394437\n|move|p2b: Excadrill|Iron Head|p1b: Arcanine\n|-damage|p1b: Arcanine|0 fnt\n|faint|p1b: Arcanine\n|move|p1a: Dragonite|Scale Shot|p2b: Excadrill\n|-resisted|p2b: Excadrill\n|-damage|p2b: Excadrill|82\/100\n|-resisted|p2b: Excadrill\n|-damage|p2b: Excadrill|71\/100\n|-resisted|p2b: Excadrill\n|-crit|p2b: Excadrill\n|-damage|p2b: Excadrill|53\/100\n|-resisted|p2b: Excadrill\n|-damage|p2b: Excadrill|42\/100\n|-hitcount|p2b: Excadrill|4\n|-unboost|p1a: Dragonite|def|1\n|-boost|p1a: Dragonite|spe|1\n|move|p2a: Corviknight|Bulk Up|p2a: Corviknight\n|-boost|p2a: Corviknight|atk|1\n|-boost|p2a: Corviknight|def|1\n|\n|-weather|Sandstorm|[upkeep]\n|-damage|p1a: Dragonite|77\/100|[from] Sandstorm\n|upkeep\n|\n|t:|1730394443\n|switch|p1b: Sneasler|Sneasler, L50, F|100\/100\n|-enditem|p1b: Sneasler|Psychic Seed\n|-boost|p1b: Sneasler|spd|1|[from] item: Psychic Seed\n|turn|5\n|\n|t:|1730394469\n|move|p2b: Excadrill|Protect|p2b: Excadrill\n|-singleturn|p2b: Excadrill|Protect\n|move|p1b: Sneasler|Close Combat|p2a: Corviknight\n|-damage|p2a: Corviknight|37\/100\n|-unboost|p1b: Sneasler|def|1\n|-unboost|p1b: Sneasler|spd|1\n|move|p1a: Dragonite|Scale Shot|p2b: Excadrill\n|-activate|p2b: Excadrill|move: Protect\n|move|p2a: Corviknight|Brave Bird|p1a: Dragonite\n|-damage|p1a: Dragonite|0 fnt\n|faint|p1a: Dragonite\n|-damage|p2a: Corviknight|16\/100|[from] Recoil\n|\n|-weather|none\n|-fieldend|move: Psychic Terrain\n|upkeep\n|\n|t:|1730394472\n|switch|p1a: Indeedee|Indeedee, L50, M|100\/100\n|-fieldstart|move: Psychic Terrain|[from] ability: Psychic Surge|[of] p1a: Indeedee\n|turn|6\n|inactive|Toasteduck has 30 seconds left.\n|inactive|Toasteduck has 20 seconds left.\n|inactive|Toasteduck has 15 seconds left.\n|inactive|Toasteduck has 10 seconds left.\n|inactive|Toasteduck has 5 seconds left.\n|\n|t:|1730394523\n|switch|p2b: Tyranitar|Tyranitar, L50, F|30\/100\n|-weather|Sandstorm|[from] ability: Sand Stream|[of] p2b: Tyranitar\n|move|p1b: Sneasler|Close Combat|p2b: Tyranitar\n|-supereffective|p2b: Tyranitar\n|-damage|p2b: Tyranitar|0 fnt\n|-unboost|p1b: Sneasler|def|1\n|-unboost|p1b: Sneasler|spd|1\n|faint|p2b: Tyranitar\n|move|p1a: Indeedee|Expanding Force|p2a: Corviknight\n|-resisted|p2a: Corviknight\n|-damage|p2a: Corviknight|0 fnt\n|faint|p2a: Corviknight\n|\n|-weather|Sandstorm|[upkeep]\n|-damage|p1b: Sneasler|95\/100|[from] Sandstorm\n|-damage|p1a: Indeedee|95\/100|[from] Sandstorm\n|upkeep\n|\n|t:|1730394535\n|switch|p2a: Indeedee|Indeedee, L50, M|100\/100\n|switch|p2b: Excadrill|Excadrill, L50, F|42\/100\n|turn|7\n|\n|t:|1730394555\n|-terastallize|p2a: Indeedee|Psychic\n|move|p2b: Excadrill|Protect|p2b: Excadrill\n|-singleturn|p2b: Excadrill|Protect\n|move|p1b: Sneasler|Throat Chop|p2a: Indeedee\n|-supereffective|p2a: Indeedee\n|-enditem|p2a: Indeedee|Focus Sash\n|-damage|p2a: Indeedee|1\/100\n|-start|p2a: Indeedee|Throat Chop|[silent]\n|move|p1a: Indeedee|Expanding Force|p2a: Indeedee|[spread] p2a\n|-activate|p2b: Excadrill|move: Protect\n|-resisted|p2a: Indeedee\n|-damage|p2a: Indeedee|0 fnt\n|faint|p2a: Indeedee\n|\n|-weather|Sandstorm|[upkeep]\n|-damage|p1b: Sneasler|89\/100|[from] Sandstorm\n|-damage|p1a: Indeedee|89\/100|[from] Sandstorm\n|upkeep\n|turn|8\n|l| lf99po\n|c|\u2606Toasteduck|ggs\n|\n|t:|1730394567\n|move|p1b: Sneasler|Close Combat|p2b: Excadrill\n|-supereffective|p2b: Excadrill\n|-damage|p2b: Excadrill|0 fnt\n|-unboost|p1b: Sneasler|def|1\n|-unboost|p1b: Sneasler|spd|1\n|faint|p2b: Excadrill\n|\n|win|hockypooo\n|raw|hockypooo's rating: 1656 &rarr; <strong>1678<\/strong><br \/>(+22 for winning)\n|raw|Toasteduck's rating: 1693 &rarr; <strong>1671<\/strong><br \/>(-22 for losing)\n|c|\u2606hockypooo|gg\n|l|\u2606hockypooo\n|player|p1|\n|l|\u2606Toasteduck\n|player|p2|\n","uploadtime":1730394710,"views":18,"formatid":"gen9vgc2024regh","rating":1671,"private":0,"password":null}