{"id":"gen9vgc2024regh-2234619650","format":"[Gen 9] VGC 2024 Reg H","players":["pkmnallrounder","PolkaDot27"],"log":"|j|\u2606pkmnallrounder\n|j|\u2606PolkaDot27\n|t:|1730370578\n|gametype|doubles\n|player|p1|pkmnallrounder|1|1676\n|player|p2|PolkaDot27|101|1749\n|teamsize|p1|6\n|teamsize|p2|6\n|gen|9\n|tier|[Gen 9] VGC 2024 Reg H\n|rated|\n|rule|Species Clause: Limit one of each Pok\u00e9mon\n|rule|Item Clause: Limit 1 of each item\n|clearpoke\n|poke|p1|Delphox, L50, F|\n|poke|p1|Indeedee-F, L50, F|\n|poke|p1|Garchomp, L50, F|\n|poke|p1|Gholdengo, L50|\n|poke|p1|Decidueye-Hisui, L50, M|\n|poke|p1|Murkrow, L50, F|\n|poke|p2|Dragonite, L50, F|\n|poke|p2|Kingambit, L50, F|\n|poke|p2|Tauros-Paldea-Aqua, L50, M|\n|poke|p2|Archaludon, L50, M|\n|poke|p2|Pelipper, L50, F|\n|poke|p2|Rillaboom, L50, F|\n|teampreview|4\n|\n|t:|1730370597\n|start\n|switch|p1a: Murkrow|Murkrow, L50, F|100\/100\n|switch|p1b: Garchomp|Garchomp, L50, F|100\/100\n|switch|p2a: Kingambit|Kingambit, L50, F|100\/100\n|switch|p2b: Tauros|Tauros-Paldea-Aqua, L50, M|100\/100\n|-ability|p2b: Tauros|Intimidate|boost\n|-unboost|p1a: Murkrow|atk|1\n|-unboost|p1b: Garchomp|atk|1\n|turn|1\n|\n|t:|1730370622\n|move|p1a: Murkrow|Haze|p1a: Murkrow\n|-clearallboost\n|move|p1b: Garchomp|Earthquake|p2a: Kingambit|[spread] p2a,p2b\n|-immune|p1a: Murkrow\n|-supereffective|p2a: Kingambit\n|-damage|p2a: Kingambit|15\/100\n|-damage|p2b: Tauros|38\/100\n|-damage|p1b: Garchomp|91\/100|[from] item: Life Orb\n|move|p2b: Tauros|Raging Bull|p1a: Murkrow\n|-crit|p1a: Murkrow\n|-damage|p1a: Murkrow|24\/100\n|move|p2a: Kingambit|Iron Head|p1a: Murkrow\n|-damage|p1a: Murkrow|0 fnt\n|faint|p1a: Murkrow\n|\n|upkeep\n|\n|t:|1730370631\n|switch|p1a: Decidueye|Decidueye-Hisui, L50, M|100\/100\n|turn|2\n|\n|t:|1730370649\n|-terastallize|p2a: Kingambit|Dark\n|move|p2b: Tauros|Aqua Jet|p1b: Garchomp\n|-damage|p1b: Garchomp|69\/100\n|-damage|p2b: Tauros|26\/100|[from] ability: Rough Skin|[of] p1b: Garchomp\n|move|p2a: Kingambit|Sucker Punch|p1b: Garchomp\n|-damage|p1b: Garchomp|14\/100\n|-damage|p2a: Kingambit|2\/100|[from] ability: Rough Skin|[of] p1b: Garchomp\n|move|p1b: Garchomp|Dragon Claw|p2b: Tauros\n|-damage|p2b: Tauros|0 fnt\n|faint|p2b: Tauros\n|-damage|p1b: Garchomp|4\/100|[from] item: Life Orb\n|move|p1a: Decidueye|Triple Arrows|p2a: Kingambit\n|-supereffective|p2a: Kingambit\n|-crit|p2a: Kingambit\n|-damage|p2a: Kingambit|0 fnt\n|faint|p2a: Kingambit\n|\n|upkeep\n|\n|t:|1730370657\n|switch|p2b: Rillaboom|Rillaboom, L50, F|100\/100\n|switch|p2a: Pelipper|Pelipper, L50, F|100\/100\n|-fieldstart|move: Grassy Terrain|[from] ability: Grassy Surge|[of] p2b: Rillaboom\n|-weather|RainDance|[from] ability: Drizzle|[of] p2a: Pelipper\n|turn|3\n|\n|t:|1730370666\n|move|p1b: Garchomp|Protect|p1b: Garchomp\n|-singleturn|p1b: Garchomp|Protect\n|move|p1a: Decidueye|Protect|p1a: Decidueye\n|-singleturn|p1a: Decidueye|Protect\n|move|p2b: Rillaboom|Fake Out|p1a: Decidueye\n|-activate|p1a: Decidueye|move: Protect\n|move|p2a: Pelipper|Tailwind|p2a: Pelipper\n|-sidestart|p2: PolkaDot27|move: Tailwind\n|\n|-weather|RainDance|[upkeep]\n|-heal|p1b: Garchomp|10\/100|[from] Grassy Terrain\n|upkeep\n|turn|4\n|\n|t:|1730370702\n|-terastallize|p1a: Decidueye|Fire\n|move|p2b: Rillaboom|Wood Hammer|p1a: Decidueye\n|-resisted|p1a: Decidueye\n|-damage|p1a: Decidueye|56\/100\n|-damage|p2b: Rillaboom|87\/100|[from] Recoil\n|move|p2a: Pelipper|Hurricane|p1a: Decidueye\n|-damage|p1a: Decidueye|4\/100\n|move|p1b: Garchomp|Dragon Claw|p2a: Pelipper\n|-damage|p2a: Pelipper|41\/100\n|-damage|p1b: Garchomp|0 fnt|[from] item: Life Orb\n|faint|p1b: Garchomp\n|move|p1a: Decidueye|Leaf Blade|p2a: Pelipper\n|-damage|p2a: Pelipper|0 fnt\n|faint|p2a: Pelipper\n|\n|-weather|RainDance|[upkeep]\n|-heal|p2b: Rillaboom|93\/100|[from] Grassy Terrain\n|-heal|p1a: Decidueye|10\/100|[from] Grassy Terrain\n|upkeep\n|\n|t:|1730370713\n|switch|p1b: Gholdengo|Gholdengo, L50|100\/100\n|turn|5\n|-message|PolkaDot27 forfeited.\n|\n|win|pkmnallrounder\n|raw|pkmnallrounder's rating: 1676 &rarr; <strong>1700<\/strong><br \/>(+24 for winning)\n|raw|PolkaDot27's rating: 1749 &rarr; <strong>1725<\/strong><br \/>(-24 for losing)\n|l|\u2606PolkaDot27\n|player|p2|\n|l|\u2606pkmnallrounder\n|player|p1|\n","uploadtime":1730370961,"views":22,"formatid":"gen9vgc2024regh","rating":1700,"private":0,"password":null}