{"id":"gen9vgc2024regh-2234468501","format":"[Gen 9] VGC 2024 Reg H","players":["number86","elvegis1"],"log":"|j|\u2606number86\n|j|\u2606elvegis1\n|t:|1730342397\n|gametype|doubles\n|player|p1|number86|101|1648\n|player|p2|elvegis1|lucas|1717\n|teamsize|p1|6\n|teamsize|p2|6\n|gen|9\n|tier|[Gen 9] VGC 2024 Reg H\n|rated|\n|rule|Species Clause: Limit one of each Pok\u00e9mon\n|rule|Item Clause: Limit 1 of each item\n|clearpoke\n|poke|p1|Garchomp, L50, M|\n|poke|p1|Talonflame, L50, F|\n|poke|p1|Gholdengo, L50|\n|poke|p1|Amoonguss, L50, M|\n|poke|p1|Primarina, L50, F|\n|poke|p1|Ninetales-Alola, L50, M|\n|poke|p2|Incineroar, L50, F|\n|poke|p2|Gholdengo, L50|\n|poke|p2|Dondozo, L50, F|\n|poke|p2|Sneasler, L50, F|\n|poke|p2|Ursaluna, L50, M|\n|poke|p2|Dusclops, L50, M|\n|teampreview|4\nnumber86 has agreed to open team sheets.\n|inactive|Battle timer is ON: inactive players will automatically lose when time's up. (requested by elvegis1)\n|inactive|elvegis1 has 60 seconds left.\n|\n|t:|1730342475\n|start\n|switch|p1a: Talonflame|Talonflame, L50, F|100\/100\n|switch|p1b: Garchomp|Garchomp, L50, M|100\/100\n|switch|p2a: Sneasler|Sneasler, L50, F|100\/100\n|switch|p2b: Dondozo|Dondozo, L50, F|100\/100\n|turn|1\n|\n|t:|1730342498\n|move|p1b: Garchomp|Protect|p1b: Garchomp\n|-singleturn|p1b: Garchomp|Protect\n|move|p1a: Talonflame|Will-O-Wisp|p2a: Sneasler\n|-status|p2a: Sneasler|brn\n|move|p2a: Sneasler|Coaching|p2b: Dondozo\n|-boost|p2b: Dondozo|atk|1\n|-boost|p2b: Dondozo|def|1\n|move|p2b: Dondozo|Yawn|p1b: Garchomp\n|-activate|p1b: Garchomp|move: Protect\n|\n|-damage|p2a: Sneasler|95\/100 brn|[from] brn\n|upkeep\n|turn|2\n|\n|t:|1730342517\n|switch|p1b: Amoonguss|Amoonguss, L50, M|100\/100\n|move|p2b: Dondozo|Protect|p2b: Dondozo\n|-singleturn|p2b: Dondozo|Protect\n|move|p1a: Talonflame|Taunt|p2b: Dondozo\n|-activate|p2b: Dondozo|move: Protect\n|move|p2a: Sneasler|Dire Claw|p1a: Talonflame\n|-damage|p1a: Talonflame|72\/100\n|\n|-damage|p2a: Sneasler|89\/100 brn|[from] brn\n|upkeep\n|turn|3\n|inactive|elvegis1 has 30 seconds left.\n|\n|t:|1730342552\n|move|p1a: Talonflame|Brave Bird|p2a: Sneasler\n|-supereffective|p2a: Sneasler\n|-crit|p2a: Sneasler\n|-damage|p2a: Sneasler|0 fnt\n|faint|p2a: Sneasler\n|-damage|p1a: Talonflame|47\/100|[from] Recoil\n|move|p2b: Dondozo|Wave Crash|p1a: Talonflame\n|-supereffective|p1a: Talonflame\n|-damage|p1a: Talonflame|0 fnt\n|faint|p1a: Talonflame\n|-damage|p2b: Dondozo|89\/100|[from] Recoil\n|move|p1b: Amoonguss|Spore|p2b: Dondozo\n|-status|p2b: Dondozo|slp|[from] move: Spore\n|\n|-heal|p2b: Dondozo|95\/100 slp|[from] item: Leftovers\n|upkeep\n|\n|t:|1730342567\n|switch|p1a: Primarina|Primarina, L50, F|100\/100\n|switch|p2a: Ursaluna|Ursaluna, L50, M|100\/100\n|turn|4\n|\n|t:|1730342585\n|move|p2a: Ursaluna|Protect|p2a: Ursaluna\n|-singleturn|p2a: Ursaluna|Protect\n|move|p1b: Amoonguss|Rage Powder|p1b: Amoonguss\n|-singleturn|p1b: Amoonguss|move: Rage Powder\n|move|p1a: Primarina|Haze|p1a: Primarina\n|-clearallboost\n|cant|p2b: Dondozo|slp\n|\n|-heal|p2b: Dondozo|100\/100 slp|[from] item: Leftovers\n|-status|p2a: Ursaluna|brn|[from] item: Flame Orb\n|upkeep\n|turn|5\n|inactive|elvegis1 has 30 seconds left.\n|\n|t:|1730342610\n|-terastallize|p2a: Ursaluna|Ghost\n|move|p1b: Amoonguss|Rage Powder|p1b: Amoonguss\n|-singleturn|p1b: Amoonguss|move: Rage Powder\n|move|p1a: Primarina|Hyper Voice|p2b: Dondozo|[spread] p2a,p2b\n|-resisted|p2b: Dondozo\n|-damage|p2a: Ursaluna|72\/100 brn\n|-damage|p2b: Dondozo|87\/100 slp\n|-enditem|p1a: Primarina|Throat Spray\n|-boost|p1a: Primarina|spa|1|[from] item: Throat Spray\n|move|p2a: Ursaluna|Facade|p1b: Amoonguss\n|-damage|p1b: Amoonguss|0 fnt\n|-damage|p2a: Ursaluna|56\/100 brn|[from] item: Rocky Helmet|[of] p1b: Amoonguss\n|faint|p1b: Amoonguss\n|-curestatus|p2b: Dondozo|slp|[msg]\n|move|p2b: Dondozo|Yawn|p1a: Primarina\n|-start|p1a: Primarina|move: Yawn|[of] p2b: Dondozo\n|\n|-heal|p2b: Dondozo|93\/100|[from] item: Leftovers\n|-damage|p2a: Ursaluna|50\/100 brn|[from] brn\n|upkeep\n|\n|t:|1730342627\n|switch|p1b: Garchomp|Garchomp, L50, M|100\/100\n|turn|6\n|\n|t:|1730342643\n|move|p2a: Ursaluna|Protect|p2a: Ursaluna\n|-singleturn|p2a: Ursaluna|Protect\n|move|p2b: Dondozo|Protect|p2b: Dondozo\n|-singleturn|p2b: Dondozo|Protect\n|move|p1b: Garchomp|Swords Dance|p1b: Garchomp\n|-boost|p1b: Garchomp|atk|2\n|move|p1a: Primarina|Moonblast|p2b: Dondozo\n|-activate|p2b: Dondozo|move: Protect\n|\n|-heal|p2b: Dondozo|99\/100|[from] item: Leftovers\n|-damage|p2a: Ursaluna|44\/100 brn|[from] brn\n|-end|p1a: Primarina|move: Yawn|[silent]\n|-status|p1a: Primarina|slp\n|upkeep\n|turn|7\n|\n|t:|1730342661\n|move|p2a: Ursaluna|Protect||[still]\n|-fail|p2a: Ursaluna\n|move|p1b: Garchomp|Dragon Claw|p2a: Ursaluna\n|-crit|p2a: Ursaluna\n|-damage|p2a: Ursaluna|0 fnt\n|faint|p2a: Ursaluna\n|cant|p1a: Primarina|slp\n|move|p2b: Dondozo|Yawn|p1b: Garchomp\n|-start|p1b: Garchomp|move: Yawn|[of] p2b: Dondozo\n|\n|-heal|p2b: Dondozo|100\/100|[from] item: Leftovers\n|upkeep\n|\n|t:|1730342670\n|switch|p2a: Incineroar|Incineroar, L50, F|100\/100\n|-ability|p2a: Incineroar|Intimidate|boost\n|-unboost|p1a: Primarina|atk|1\n|-fail|p1b: Garchomp|unboost|[from] item: Clear Amulet|[of] p1b: Garchomp\n|turn|8\n|\n|t:|1730342680\n|move|p1b: Garchomp|Protect|p1b: Garchomp\n|-singleturn|p1b: Garchomp|Protect\n|move|p2a: Incineroar|Fake Out|p1b: Garchomp\n|-activate|p1b: Garchomp|move: Protect\n|-curestatus|p1a: Primarina|slp|[msg]\n|move|p1a: Primarina|Hyper Voice|p2a: Incineroar|[spread] p2a,p2b\n|-supereffective|p2a: Incineroar\n|-resisted|p2b: Dondozo\n|-damage|p2a: Incineroar|20\/100\n|-damage|p2b: Dondozo|87\/100\n|-enditem|p2a: Incineroar|Sitrus Berry|[eat]\n|-heal|p2a: Incineroar|45\/100|[from] item: Sitrus Berry\n|move|p2b: Dondozo|Wave Crash|p1a: Primarina\n|-resisted|p1a: Primarina\n|-damage|p1a: Primarina|74\/100\n|-damage|p2b: Dondozo|81\/100|[from] Recoil\n|\n|-heal|p2b: Dondozo|87\/100|[from] item: Leftovers\n|-end|p1b: Garchomp|move: Yawn|[silent]\n|-status|p1b: Garchomp|slp\n|upkeep\n|turn|9\n|\n|t:|1730342698\n|cant|p1b: Garchomp|slp\n|move|p2a: Incineroar|Flare Blitz|p1a: Primarina\n|-resisted|p1a: Primarina\n|-damage|p1a: Primarina|45\/100\n|-damage|p2a: Incineroar|36\/100|[from] Recoil\n|move|p1a: Primarina|Hyper Voice|p2b: Dondozo|[spread] p2a,p2b\n|-supereffective|p2a: Incineroar\n|-crit|p2a: Incineroar\n|-resisted|p2b: Dondozo\n|-damage|p2a: Incineroar|0 fnt\n|-damage|p2b: Dondozo|73\/100\n|faint|p2a: Incineroar\n|move|p2b: Dondozo|Wave Crash|p1a: Primarina\n|-resisted|p1a: Primarina\n|-damage|p1a: Primarina|16\/100\n|-damage|p2b: Dondozo|66\/100|[from] Recoil\n|\n|-heal|p2b: Dondozo|73\/100|[from] item: Leftovers\n|upkeep\n|turn|10\n|\n|t:|1730342715\n|-curestatus|p1b: Garchomp|slp|[msg]\n|move|p1b: Garchomp|Stomping Tantrum|p2b: Dondozo\n|-damage|p2b: Dondozo|20\/100\n|move|p1a: Primarina|Moonblast|p2b: Dondozo\n|-damage|p2b: Dondozo|0 fnt\n|faint|p2b: Dondozo\n|\n|win|number86\n|raw|number86's rating: 1648 &rarr; <strong>1672<\/strong><br \/>(+24 for winning)\n|raw|elvegis1's rating: 1717 &rarr; <strong>1693<\/strong><br \/>(-24 for losing)\n|l|\u2606number86\n|player|p1|\n|l|\u2606elvegis1\n|player|p2|\n","uploadtime":1730342915,"views":46,"formatid":"gen9vgc2024regh","rating":1672,"private":0,"password":null}