{"id":"gen9vgc2024regh-2234868590","format":"[Gen 9] VGC 2024 Reg H","players":["Kunikamaze","ren122333"],"log":"|j|\u2606Kunikamaze\n|j|\u2606ren122333\n|t:|1730397676\n|gametype|doubles\n|player|p1|Kunikamaze|265|1673\n|player|p2|ren122333|hilbert|1802\n|teamsize|p1|6\n|teamsize|p2|6\n|gen|9\n|tier|[Gen 9] VGC 2024 Reg H\n|rated|\n|rule|Species Clause: Limit one of each Pok\u00e9mon\n|rule|Item Clause: Limit 1 of each item\n|clearpoke\n|poke|p1|Exeggutor, L50, M|\n|poke|p1|Indeedee-F, L50, F|\n|poke|p1|Torkoal, L50, F|\n|poke|p1|Charizard, L50, M|\n|poke|p1|Gallade, L50, M|\n|poke|p1|Ursaluna, L50, F|\n|poke|p2|Whimsicott, L50, M|\n|poke|p2|Mamoswine, L50, M|\n|poke|p2|Lycanroc-Dusk, L50, F|\n|poke|p2|Typhlosion-Hisui, L50, F|\n|poke|p2|Farigiraf, L50, M|\n|poke|p2|Mienshao, L50, F|\n|teampreview|4\n|c|\u2606Kunikamaze|Oh my god!\n|c|\u2606Kunikamaze|Tera blast grass mamo guy!\n|c|\u2606ren122333|What?\n|c|\u2606ren122333|Its me.\n|\n|t:|1730397711\n|start\n|switch|p1a: Indeedee|Indeedee-F, L50, F|100\/100\n|switch|p1b: Gallade|Gallade, L50, M|100\/100\n|switch|p2a: Farigiraf|Farigiraf, L50, M|100\/100\n|switch|p2b: Whimsicott|Whimsicott, L50, M|100\/100\n|-fieldstart|move: Psychic Terrain|[from] ability: Psychic Surge|[of] p1a: Indeedee\n|turn|1\n|\n|t:|1730397746\n|switch|p2a: Typhlosion|Typhlosion-Hisui, L50, F|100\/100\n|-item|p1a: Indeedee|Sitrus Berry|[from] ability: Frisk|[of] p2a: Typhlosion\n|-item|p1b: Gallade|Clear Amulet|[from] ability: Frisk|[of] p2a: Typhlosion\n|move|p1a: Indeedee|Helping Hand|p1b: Gallade\n|-singleturn|p1b: Gallade|Helping Hand|[of] p1a: Indeedee\n|move|p2b: Whimsicott|Moonblast|p1b: Gallade\n|-supereffective|p1b: Gallade\n|-damage|p1b: Gallade|37\/100\n|move|p1b: Gallade|Sacred Sword|p2a: Typhlosion\n|-immune|p2a: Typhlosion\n|\n|upkeep\n|turn|2\n|c|\u2606Kunikamaze|Im trash\n|\n|t:|1730397766\n|-terastallize|p2a: Typhlosion|Fire\n|move|p1a: Indeedee|Follow Me|p1a: Indeedee\n|-singleturn|p1a: Indeedee|move: Follow Me\n|move|p2b: Whimsicott|Sunny Day|p2b: Whimsicott\n|-weather|SunnyDay\n|move|p2a: Typhlosion|Eruption|p1a: Indeedee|[spread] p1a,p1b\n|-crit|p1a: Indeedee\n|-damage|p1a: Indeedee|0 fnt\n|-damage|p1b: Gallade|0 fnt\n|faint|p1a: Indeedee\n|faint|p1b: Gallade\n|\n|-weather|SunnyDay|[upkeep]\n|upkeep\n|c|\u2606Kunikamaze|And you get that read correct\n|c|\u2606Kunikamaze|Nicr\n|\n|t:|1730397785\n|switch|p1b: Exeggutor|Exeggutor, L50, M|100\/100\n|switch|p1a: Torkoal|Torkoal, L50, F|100\/100\n|turn|3\n|\n|t:|1730397792\n|move|p1a: Torkoal|Protect|p1a: Torkoal\n|-singleturn|p1a: Torkoal|Protect\n|move|p2b: Whimsicott|Tailwind|p2b: Whimsicott\n|-sidestart|p2: ren122333|move: Tailwind\n|move|p2a: Typhlosion|Eruption|p1b: Exeggutor|[spread] p1b\n|-activate|p1a: Torkoal|move: Protect\n|-supereffective|p1b: Exeggutor\n|-enditem|p1b: Exeggutor|Focus Sash\n|-damage|p1b: Exeggutor|1\/100\n|move|p1b: Exeggutor|Trick Room|p1b: Exeggutor\n|-fieldstart|move: Trick Room|[of] p1b: Exeggutor\n|\n|-weather|SunnyDay|[upkeep]\n|upkeep\n|turn|4\n|c|\u2606Kunikamaze|Maybe?\n|\n|t:|1730397826\n|-terastallize|p1a: Torkoal|Fire\n|move|p1a: Torkoal|Eruption|p2a: Typhlosion|[spread] p2a,p2b\n|-resisted|p2a: Typhlosion\n|-supereffective|p2b: Whimsicott\n|-damage|p2a: Typhlosion|24\/100\n|-enditem|p2b: Whimsicott|Focus Sash\n|-damage|p2b: Whimsicott|1\/100\n|move|p1b: Exeggutor|Expanding Force|p2b: Whimsicott|[spread] p2a,p2b\n|-damage|p2a: Typhlosion|0 fnt\n|-damage|p2b: Whimsicott|0 fnt\n|faint|p2a: Typhlosion\n|faint|p2b: Whimsicott\n|\n|-weather|SunnyDay|[upkeep]\n|upkeep\n|\n|t:|1730397833\n|switch|p2a: Lycanroc|Lycanroc-Dusk, L50, F|100\/100\n|switch|p2b: Farigiraf|Farigiraf, L50, M|100\/100\n|turn|5\n|\n|t:|1730397845\n|move|p1a: Torkoal|Eruption|p2b: Farigiraf|[spread] p2a,p2b\n|-resisted|p2a: Lycanroc\n|-damage|p2a: Lycanroc|0 fnt\n|-damage|p2b: Farigiraf|0 fnt\n|faint|p2a: Lycanroc\n|faint|p2b: Farigiraf\n|\n|win|Kunikamaze\n|raw|Kunikamaze's rating: 1673 &rarr; <strong>1700<\/strong><br \/>(+27 for winning)\n|raw|ren122333's rating: 1802 &rarr; <strong>1775<\/strong><br \/>(-27 for losing)\n|l|\u2606Kunikamaze\n|player|p1|\n|c|\u2606ren122333|Gg\n|l|\u2606ren122333\n|player|p2|\n","uploadtime":1730398037,"views":17,"formatid":"gen9vgc2024regh","rating":1700,"private":0,"password":null}