{"id":"gen9vgc2024regh-2234896220","format":"[Gen 9] VGC 2024 Reg H","players":["ren122333","Ibberdytten4"],"log":"|j|\u2606ren122333\n|j|\u2606Ibberdytten4\n|t:|1730400349\n|gametype|doubles\n|player|p1|ren122333|hilbert|1717\n|player|p2|Ibberdytten4|idol|1659\n|teamsize|p1|6\n|teamsize|p2|6\n|gen|9\n|tier|[Gen 9] VGC 2024 Reg H\n|rated|\n|rule|Species Clause: Limit one of each Pok\u00e9mon\n|rule|Item Clause: Limit 1 of each item\n|clearpoke\n|poke|p1|Whimsicott, L50, M|\n|poke|p1|Mamoswine, L50, F|\n|poke|p1|Lycanroc-Dusk, L50, F|\n|poke|p1|Typhlosion-Hisui, L50, F|\n|poke|p1|Farigiraf, L50, M|\n|poke|p1|Mienshao, L50, F|\n|poke|p2|Dondozo, L50, M|\n|poke|p2|Tatsugiri, L50, M|\n|poke|p2|Talonflame, L50, F|\n|poke|p2|Gholdengo, L50|\n|poke|p2|Glimmora, L50, F|\n|poke|p2|Dragonite, L50, M|\n|teampreview|4\n|inactive|Battle timer is ON: inactive players will automatically lose when time's up. (requested by ren122333)\n|inactive|Ibberdytten4 also wants the timer to be on.\n|inactive|Ibberdytten4 has 60 seconds left.\n|\n|t:|1730400416\n|start\n|switch|p1a: Whimsicott|Whimsicott, L50, M|100\/100\n|switch|p1b: Lycanroc|Lycanroc-Dusk, L50, F|100\/100\n|switch|p2a: Talonflame|Talonflame, L50, F|100\/100\n|switch|p2b: Glimmora|Glimmora, L50, F|100\/100\n|turn|1\n|inactive|Ibberdytten4 has 30 seconds left.\n|inactive|Ibberdytten4 has 20 seconds left.\n|inactive|Ibberdytten4 has 15 seconds left.\n|j| 647w\n|inactive|Ibberdytten4 has 10 seconds left.\n|\n|t:|1730400466\n|-terastallize|p2b: Glimmora|Grass\n|move|p2a: Talonflame|Dual Wingbeat|p1a: Whimsicott\n|-supereffective|p1a: Whimsicott\n|-damage|p1a: Whimsicott|50\/100\n|-supereffective|p1a: Whimsicott\n|-damage|p1a: Whimsicott|2\/100\n|-hitcount|p1a: Whimsicott|2\n|move|p1a: Whimsicott|Tailwind|p1a: Whimsicott\n|-sidestart|p1: ren122333|move: Tailwind\n|move|p1b: Lycanroc|Rock Slide|p2a: Talonflame|[spread] p2a,p2b\n|-supereffective|p2a: Talonflame\n|-damage|p2a: Talonflame|0 fnt\n|-damage|p2b: Glimmora|57\/100\n|-activate|p2b: Glimmora|ability: Toxic Debris\n|-sidestart|p1: ren122333|move: Toxic Spikes\n|faint|p2a: Talonflame\n|cant|p2b: Glimmora|flinch\n|\n|upkeep\n|\n|t:|1730400480\n|switch|p2a: Dondozo|Dondozo, L50, M|100\/100\n|turn|2\n|\n|t:|1730400488\n|switch|p2b: Tatsugiri|Tatsugiri, L50, M|100\/100\n|-activate|p2b: Tatsugiri|ability: Commander|[of] p2a: Dondozo\n|-boost|p2a: Dondozo|atk|2\n|-boost|p2a: Dondozo|spa|2\n|-boost|p2a: Dondozo|spe|2\n|-boost|p2a: Dondozo|def|2\n|-boost|p2a: Dondozo|spd|2\n|move|p1a: Whimsicott|Moonblast|p2b: Tatsugiri|[miss]\n|-miss|p1a: Whimsicott|p2b: Tatsugiri\n|move|p1b: Lycanroc|Rock Slide|p2b: Tatsugiri|[spread] p2a\n|-miss|p1b: Lycanroc|p2b: Tatsugiri\n|-damage|p2a: Dondozo|86\/100\n|cant|p2a: Dondozo|flinch\n|\n|-heal|p2a: Dondozo|92\/100|[from] item: Leftovers\n|upkeep\n|turn|3\n|\n|t:|1730400502\n|move|p1a: Whimsicott|Moonblast|p2a: Dondozo\n|-damage|p2a: Dondozo|74\/100\n|move|p1b: Lycanroc|Rock Slide|p2a: Dondozo|[spread] p2a\n|-miss|p1b: Lycanroc|p2b: Tatsugiri\n|-damage|p2a: Dondozo|58\/100\n|cant|p2a: Dondozo|flinch\n|\n|-heal|p2a: Dondozo|65\/100|[from] item: Leftovers\n|upkeep\n|turn|4\n|\n|t:|1730400520\n|switch|p1a: Mamoswine|Mamoswine, L50, F|100\/100\n|-status|p1a: Mamoswine|psn\n|move|p1b: Lycanroc|Rock Slide|p2a: Dondozo|[spread] p2a\n|-miss|p1b: Lycanroc|p2b: Tatsugiri\n|-damage|p2a: Dondozo|50\/100\n|move|p2a: Dondozo|Earthquake|p1b: Lycanroc|[spread] p1a,p1b\n|-miss|p2a: Dondozo|p2b: Tatsugiri\n|-supereffective|p1b: Lycanroc\n|-damage|p1a: Mamoswine|49\/100 psn\n|-damage|p1b: Lycanroc|0 fnt\n|faint|p1b: Lycanroc\n|\n|-heal|p2a: Dondozo|56\/100|[from] item: Leftovers\n|-damage|p1a: Mamoswine|37\/100 psn|[from] psn\n|-sideend|p1: ren122333|move: Tailwind\n|upkeep\n|j| Kpxbrothers\n|\n|t:|1730400529\n|switch|p1b: Whimsicott|Whimsicott, L50, M|2\/100\n|-status|p1b: Whimsicott|psn\n|turn|5\n|\n|t:|1730400539\n|-terastallize|p1a: Mamoswine|Grass\n|move|p1b: Whimsicott|Tailwind|p1b: Whimsicott\n|-sidestart|p1: ren122333|move: Tailwind\n|move|p1a: Mamoswine|Haze|p1a: Mamoswine\n|-clearallboost\n|move|p2a: Dondozo|Earthquake|p1a: Mamoswine|[spread] p1a,p1b\n|-miss|p2a: Dondozo|p2b: Tatsugiri\n|-resisted|p1a: Mamoswine\n|-resisted|p1b: Whimsicott\n|-damage|p1a: Mamoswine|24\/100 psn\n|-damage|p1b: Whimsicott|0 fnt\n|faint|p1b: Whimsicott\n|\n|-heal|p2a: Dondozo|62\/100|[from] item: Leftovers\n|-damage|p1a: Mamoswine|11\/100 psn|[from] psn\n|upkeep\n|\n|t:|1730400547\n|switch|p1b: Mienshao|Mienshao, L50, F|100\/100\n|-status|p1b: Mienshao|psn\n|turn|6\n|\n|t:|1730400553\n|move|p2a: Dondozo|Protect|p2a: Dondozo\n|-singleturn|p2a: Dondozo|Protect\n|move|p1b: Mienshao|Close Combat|p2a: Dondozo\n|-activate|p2a: Dondozo|move: Protect\n|move|p1a: Mamoswine|Tera Blast|p2a: Dondozo|[anim] Tera Blast Grass\n|-activate|p2a: Dondozo|move: Protect\n|\n|-heal|p2a: Dondozo|68\/100|[from] item: Leftovers\n|-damage|p1b: Mienshao|88\/100 psn|[from] psn\n|-damage|p1a: Mamoswine|0 fnt|[from] psn\n|faint|p1a: Mamoswine\n|upkeep\n|turn|7\n|-message|ren122333 forfeited.\n|\n|win|Ibberdytten4\n|raw|ren122333's rating: 1717 &rarr; <strong>1694<\/strong><br \/>(-23 for losing)\n|raw|Ibberdytten4's rating: 1659 &rarr; <strong>1682<\/strong><br \/>(+23 for winning)\n|l|\u2606ren122333\n|player|p1|\n|l|\u2606Ibberdytten4\n|player|p2|\n|l| 647w\n","uploadtime":1730400811,"views":19,"formatid":"gen9vgc2024regh","rating":1682,"private":0,"password":null}