{"id":"gen9vgc2024regh-2234869268","format":"[Gen 9] VGC 2024 Reg H","players":["Zetez","BrodaxVGC"],"log":"|j|\u2606Zetez\n|j|\u2606BrodaxVGC\n|t:|1730397740\n|gametype|doubles\n|player|p1|Zetez|veteran|1683\n|player|p2|BrodaxVGC|102|1754\n|teamsize|p1|6\n|teamsize|p2|6\n|gen|9\n|tier|[Gen 9] VGC 2024 Reg H\n|rated|\n|rule|Species Clause: Limit one of each Pok\u00e9mon\n|rule|Item Clause: Limit 1 of each item\n|clearpoke\n|poke|p1|Annihilape, L50, M|\n|poke|p1|Sneasler, L50, M|\n|poke|p1|Dragonite, L50, F|\n|poke|p1|Indeedee, L50, M|\n|poke|p1|Whimsicott, L50, M|\n|poke|p1|Ursaluna-Bloodmoon, L50, M|\n|poke|p2|Gholdengo, L50|\n|poke|p2|Incineroar, L50, F|\n|poke|p2|Rillaboom, L50, M|\n|poke|p2|Pelipper, L50, F|\n|poke|p2|Basculegion, L50, M|\n|poke|p2|Archaludon, L50, F|\n|teampreview|4\n|inactive|Battle timer is ON: inactive players will automatically lose when time's up. (requested by BrodaxVGC)\n|\n|t:|1730397769\n|start\n|switch|p1a: Dragonite|Dragonite, L50, F|100\/100\n|switch|p1b: Whimsicott|Whimsicott, L50, M|100\/100\n|switch|p2a: Pelipper|Pelipper, L50, F|100\/100\n|switch|p2b: Basculegion|Basculegion, L50, M|100\/100\n|-weather|RainDance|[from] ability: Drizzle|[of] p2a: Pelipper\n|turn|1\n|j| 647w\n|\n|t:|1730397792\n|-terastallize|p2b: Basculegion|Water\n|move|p1b: Whimsicott|Tailwind|p1b: Whimsicott\n|-sidestart|p1: Zetez|move: Tailwind\n|move|p2b: Basculegion|Flip Turn|p1b: Whimsicott\n|-resisted|p1b: Whimsicott\n|-damage|p1b: Whimsicott|24\/100\n|\n|t:|1730397802\n|switch|p2b: Archaludon|Archaludon, L50, F|100\/100|[from] Flip Turn\n|move|p1a: Dragonite|Scale Shot|p2b: Archaludon\n|-damage|p2b: Archaludon|89\/100\n|-ability|p2b: Archaludon|Stamina|boost\n|-boost|p2b: Archaludon|def|1\n|-damage|p2b: Archaludon|82\/100\n|-ability|p2b: Archaludon|Stamina|boost\n|-boost|p2b: Archaludon|def|1\n|-damage|p2b: Archaludon|75\/100\n|-ability|p2b: Archaludon|Stamina|boost\n|-boost|p2b: Archaludon|def|1\n|-damage|p2b: Archaludon|70\/100\n|-ability|p2b: Archaludon|Stamina|boost\n|-boost|p2b: Archaludon|def|1\n|-hitcount|p2b: Archaludon|4\n|-unboost|p1a: Dragonite|def|1\n|-boost|p1a: Dragonite|spe|1\n|move|p2a: Pelipper|Weather Ball|p1b: Whimsicott\n|-resisted|p1b: Whimsicott\n|-damage|p1b: Whimsicott|0 fnt\n|faint|p1b: Whimsicott\n|\n|-weather|RainDance|[upkeep]\n|upkeep\n|\n|t:|1730397826\n|switch|p1b: Indeedee|Indeedee, L50, M|100\/100\n|-fieldstart|move: Psychic Terrain|[from] ability: Psychic Surge|[of] p1b: Indeedee\n|turn|2\n|\n|t:|1730397845\n|-terastallize|p1b: Indeedee|Fairy\n|move|p1b: Indeedee|Dazzling Gleam|p2b: Archaludon|[spread] p2a,p2b\n|-damage|p2a: Pelipper|50\/100\n|-damage|p2b: Archaludon|49\/100\n|-ability|p2b: Archaludon|Stamina|boost\n|-boost|p2b: Archaludon|def|1\n|move|p1a: Dragonite|Scale Shot|p2a: Pelipper\n|-damage|p2a: Pelipper|29\/100\n|-damage|p2a: Pelipper|9\/100\n|-damage|p2a: Pelipper|0 fnt\n|faint|p2a: Pelipper\n|-hitcount|p2: Pelipper|3\n|-unboost|p1a: Dragonite|def|1\n|-boost|p1a: Dragonite|spe|1\n|move|p2b: Archaludon|Electro Shot||[still]\n|-prepare|p2b: Archaludon|Electro Shot\n|-boost|p2b: Archaludon|spa|1\n|-anim|p2b: Archaludon|Electro Shot|p1a: Dragonite\n|-crit|p1a: Dragonite\n|-damage|p1a: Dragonite|51\/100\n|\n|-weather|RainDance|[upkeep]\n|upkeep\n|\n|t:|1730397855\n|switch|p2a: Rillaboom|Rillaboom, L50, M|100\/100\n|-fieldstart|move: Grassy Terrain|[from] ability: Grassy Surge|[of] p2a: Rillaboom\n|turn|3\n|inactive|Zetez has 30 seconds left.\n|\n|t:|1730397886\n|move|p1a: Dragonite|Protect|p1a: Dragonite\n|-singleturn|p1a: Dragonite|Protect\n|move|p2a: Rillaboom|Fake Out|p1a: Dragonite\n|-activate|p1a: Dragonite|move: Protect\n|move|p1b: Indeedee|Dazzling Gleam|p2b: Archaludon|[spread] p2a,p2b\n|-damage|p2a: Rillaboom|73\/100\n|-damage|p2b: Archaludon|26\/100\n|-ability|p2b: Archaludon|Stamina|boost\n|-boost|p2b: Archaludon|def|1\n|move|p2b: Archaludon|Electro Shot||[still]\n|-prepare|p2b: Archaludon|Electro Shot\n|-boost|p2b: Archaludon|spa|1\n|-anim|p2b: Archaludon|Electro Shot|p1b: Indeedee\n|-damage|p1b: Indeedee|0 fnt\n|faint|p1b: Indeedee\n|\n|-weather|RainDance|[upkeep]\n|-heal|p2b: Archaludon|32\/100|[from] Grassy Terrain\n|-heal|p2a: Rillaboom|79\/100|[from] Grassy Terrain\n|upkeep\n|\n|t:|1730397906\n|switch|p1b: Sneasler|Sneasler, L50, M|100\/100\n|turn|4\n|inactive|BrodaxVGC has 30 seconds left.\n|\n|t:|1730397933\n|move|p1a: Dragonite|Haze|p1a: Dragonite\n|-clearallboost\n|move|p1b: Sneasler|Dire Claw|p2a: Rillaboom\n|-supereffective|p2a: Rillaboom\n|-damage|p2a: Rillaboom|0 fnt\n|faint|p2a: Rillaboom\n|move|p2b: Archaludon|Electro Shot||[still]\n|-prepare|p2b: Archaludon|Electro Shot\n|-boost|p2b: Archaludon|spa|1\n|-anim|p2b: Archaludon|Electro Shot|p1b: Sneasler\n|-damage|p1b: Sneasler|5\/100\n|\n|-weather|RainDance|[upkeep]\n|-heal|p1b: Sneasler|11\/100|[from] Grassy Terrain\n|-heal|p2b: Archaludon|37\/100|[from] Grassy Terrain\n|-sideend|p1: Zetez|move: Tailwind\n|upkeep\n|\n|t:|1730397947\n|switch|p2a: Basculegion|Basculegion, L50, M, tera:Water|100\/100\n|turn|5\n|inactive|Zetez has 30 seconds left.\n|\n|t:|1730397972\n|move|p2a: Basculegion|Last Respects|p1b: Sneasler\n|-crit|p1b: Sneasler\n|-damage|p1b: Sneasler|0 fnt\n|faint|p1b: Sneasler\n|move|p1a: Dragonite|Scale Shot|p2a: Basculegion\n|-damage|p2a: Basculegion|81\/100\n|-damage|p2a: Basculegion|61\/100\n|-damage|p2a: Basculegion|44\/100\n|-damage|p2a: Basculegion|25\/100\n|-crit|p2a: Basculegion\n|-damage|p2a: Basculegion|0 fnt\n|faint|p2a: Basculegion\n|-hitcount|p2: Basculegion|5\n|-unboost|p1a: Dragonite|def|1\n|-boost|p1a: Dragonite|spe|1\n|move|p2b: Archaludon|Electro Shot||[still]\n|-prepare|p2b: Archaludon|Electro Shot\n|-boost|p2b: Archaludon|spa|1\n|-anim|p2b: Archaludon|Electro Shot|p1a: Dragonite\n|-damage|p1a: Dragonite|0 fnt\n|faint|p1a: Dragonite\n|\n|win|BrodaxVGC\n|raw|Zetez's rating: 1683 &rarr; <strong>1667<\/strong><br \/>(-16 for losing)\n|raw|BrodaxVGC's rating: 1754 &rarr; <strong>1770<\/strong><br \/>(+16 for winning)\n|l|\u2606Zetez\n|player|p1|\n|l|\u2606BrodaxVGC\n|player|p2|\n","uploadtime":1730398175,"views":16,"formatid":"gen9vgc2024regh","rating":1667,"private":0,"password":null}