{"id":"gen9vgc2024regh-2234677303","format":"[Gen 9] VGC 2024 Reg H","players":["greenlightdmp","suwwoooooooooo"],"log":"|j|\u2606greenlightdmp\n|j|\u2606suwwoooooooooo\n|t:|1730378921\n|gametype|doubles\n|player|p1|greenlightdmp|102|1656\n|player|p2|suwwoooooooooo|170|1694\n|teamsize|p1|6\n|teamsize|p2|6\n|gen|9\n|tier|[Gen 9] VGC 2024 Reg H\n|rated|\n|rule|Species Clause: Limit one of each Pok\u00e9mon\n|rule|Item Clause: Limit 1 of each item\n|clearpoke\n|poke|p1|Sneasler, L50, M|\n|poke|p1|Murkrow, L50, F|\n|poke|p1|Basculegion, L50, M|\n|poke|p1|Archaludon, L50, F|\n|poke|p1|Indeedee-F, L50, F|\n|poke|p1|Gholdengo, L50|\n|poke|p2|Lilligant-Hisui, L50, F|\n|poke|p2|Torkoal, L50, M|\n|poke|p2|Gallade, L50, M|\n|poke|p2|Indeedee-F, L50, F|\n|poke|p2|Braviary-Hisui, L50, M|\n|poke|p2|Ursaluna, L50, M|\n|teampreview|4\n|\n|t:|1730378954\n|start\n|switch|p1a: Slim Shady|Sneasler, L50, M|100\/100\n|switch|p1b: MeganTheeStallion|Indeedee-F, L50, F|100\/100\n|switch|p2a: Indeedee|Indeedee-F, L50, F|100\/100\n|switch|p2b: Braviary|Braviary-Hisui, L50, M|100\/100\n|-fieldstart|move: Psychic Terrain|[from] ability: Psychic Surge|[of] p1b: MeganTheeStallion\n|-enditem|p1a: Slim Shady|Psychic Seed\n|-boost|p1a: Slim Shady|spd|1|[from] item: Psychic Seed\n|turn|1\n|\n|t:|1730378995\n|-terastallize|p1a: Slim Shady|Dark\n|-terastallize|p2b: Braviary|Psychic\n|move|p2a: Indeedee|Follow Me|p2a: Indeedee\n|-singleturn|p2a: Indeedee|move: Follow Me\n|move|p1a: Slim Shady|Throat Chop|p2a: Indeedee\n|-supereffective|p2a: Indeedee\n|-damage|p2a: Indeedee|0 fnt\n|-damage|p1a: Slim Shady|84\/100|[from] item: Rocky Helmet|[of] p2a: Indeedee\n|faint|p2a: Indeedee\n|move|p1b: MeganTheeStallion|Imprison|p1b: MeganTheeStallion\n|-start|p1b: MeganTheeStallion|move: Imprison\n|move|p2b: Braviary|Expanding Force|p1a: Slim Shady|[spread] p1b\n|-immune|p1a: Slim Shady\n|-resisted|p1b: MeganTheeStallion\n|-damage|p1b: MeganTheeStallion|8\/100\n|-damage|p2b: Braviary|91\/100|[from] item: Life Orb\n|\n|upkeep\n|\n|t:|1730379011\n|switch|p2a: Lilligant|Lilligant-Hisui, L50, F|100\/100\n|turn|2\n|j| lswagh\n|\n|t:|1730379046\n|move|p2a: Lilligant|Protect|p2a: Lilligant\n|-singleturn|p2a: Lilligant|Protect\n|move|p1b: MeganTheeStallion|Follow Me|p1b: MeganTheeStallion\n|-singleturn|p1b: MeganTheeStallion|move: Follow Me\n|move|p1a: Slim Shady|Dire Claw|p2a: Lilligant\n|-activate|p2a: Lilligant|move: Protect\n|move|p2b: Braviary|Esper Wing|p1b: MeganTheeStallion\n|-resisted|p1b: MeganTheeStallion\n|-damage|p1b: MeganTheeStallion|0 fnt\n|-boost|p2b: Braviary|spe|1\n|faint|p1b: MeganTheeStallion\n|-damage|p2b: Braviary|81\/100|[from] item: Life Orb\n|\n|upkeep\n|j| Mullyy\n|\n|t:|1730379066\n|switch|p1b: Evil Yarrack|Basculegion, L50, M|100\/100\n|turn|3\n|\n|t:|1730379078\n|move|p1a: Slim Shady|Dire Claw|p2a: Lilligant\n|-supereffective|p2a: Lilligant\n|-enditem|p2a: Lilligant|Focus Sash\n|-damage|p2a: Lilligant|1\/100\n|move|p1b: Evil Yarrack|Flip Turn|p2a: Lilligant\n|-resisted|p2a: Lilligant\n|-damage|p2a: Lilligant|0 fnt\n|faint|p2a: Lilligant\n|l|\u2606greenlightdmp\n|player|p1|\n|l| lswagh\n|j|\u2606greenlightdmp\n|player|p1|greenlightdmp|102|\n|\n|t:|1730379102\n|switch|p1b: Raf Camora|Murkrow, L50, F|100\/100|[from] Flip Turn\n|move|p2b: Braviary|Expanding Force|p1b: Raf Camora|[spread] \n|-immune|p1a: Slim Shady\n|-immune|p1b: Raf Camora\n|\n|upkeep\n|\n|t:|1730379109\n|switch|p2a: Torkoal|Torkoal, L50, M|100\/100\n|-weather|SunnyDay|[from] ability: Drought|[of] p2a: Torkoal\n|turn|4\n|\n|t:|1730379119\n|move|p2b: Braviary|Protect|p2b: Braviary\n|-singleturn|p2b: Braviary|Protect\n|move|p1b: Raf Camora|Rain Dance|p1b: Raf Camora\n|-weather|RainDance\n|move|p1a: Slim Shady|Dire Claw|p2b: Braviary\n|-activate|p2b: Braviary|move: Protect\n|move|p2a: Torkoal|Weather Ball|p1a: Slim Shady\n|-damage|p1a: Slim Shady|25\/100\n|\n|-weather|RainDance|[upkeep]\n|upkeep\n|turn|5\n|\n|t:|1730379137\n|move|p2b: Braviary|Protect||[still]\n|-fail|p2b: Braviary\n|move|p1a: Slim Shady|Throat Chop|p2b: Braviary\n|-supereffective|p2b: Braviary\n|-damage|p2b: Braviary|0 fnt\n|faint|p2b: Braviary\n|move|p1b: Raf Camora|Foul Play|p2a: Torkoal\n|-crit|p2a: Torkoal\n|-damage|p2a: Torkoal|73\/100\n|move|p2a: Torkoal|Weather Ball|p1a: Slim Shady\n|-damage|p1a: Slim Shady|0 fnt\n|faint|p1a: Slim Shady\n|\n|-weather|RainDance|[upkeep]\n|-fieldend|move: Psychic Terrain\n|upkeep\n|-message|suwwoooooooooo forfeited.\n|\n|win|greenlightdmp\n|raw|greenlightdmp's rating: 1656 &rarr; <strong>1678<\/strong><br \/>(+22 for winning)\n|raw|suwwoooooooooo's rating: 1694 &rarr; <strong>1672<\/strong><br \/>(-22 for losing)\n|l|\u2606suwwoooooooooo\n|player|p2|\n|l|\u2606greenlightdmp\n|player|p1|\n","uploadtime":1730379298,"views":17,"formatid":"gen9vgc2024regh","rating":1672,"private":0,"password":null}