{"id":"gen9vgc2024regh-2234007336","format":"[Gen 9] VGC 2024 Reg H","players":["actuary97","TrubbishTyler"],"log":"|j|\u2606actuary97\n|j|\u2606TrubbishTyler\n|t:|1730293990\n|gametype|doubles\n|player|p1|actuary97|sabrina-frlg|1865\n|player|p2|TrubbishTyler|burglar|1755\n|teamsize|p1|6\n|teamsize|p2|6\n|gen|9\n|tier|[Gen 9] VGC 2024 Reg H\n|rated|\n|rule|Species Clause: Limit one of each Pok\u00e9mon\n|rule|Item Clause: Limit 1 of each item\n|clearpoke\n|poke|p1|Whimsicott, L50, F|\n|poke|p1|Gallade, L50, M|\n|poke|p1|Archaludon, L50, F|\n|poke|p1|Malamar, L50, F|\n|poke|p1|Indeedee, L50, M|\n|poke|p1|Drifblim, L50, M|\n|poke|p2|Dondozo, L50, M|\n|poke|p2|Tatsugiri, L50, F|\n|poke|p2|Hydreigon, L50, M|\n|poke|p2|Garchomp, L50, M|\n|poke|p2|Indeedee, L50, M|\n|poke|p2|Sneasler, L50, F|\n|teampreview|4\n|inactive|Battle timer is ON: inactive players will automatically lose when time's up. (requested by TrubbishTyler)\nactuary97 has agreed to open team sheets.\n|\n|t:|1730294019\n|start\n|switch|p1a: Tapu Deedee|Indeedee, L50, M, shiny|100\/100\n|switch|p1b: \ud83c\udf88\ud83d\udc7b\ud83c\udf83\ud83d\udc7b\ud83c\udf83\ud83c\udf88|Drifblim, L50, M|100\/100\n|switch|p2a: Indeedee|Indeedee, L50, M|100\/100\n|switch|p2b: Sneasler|Sneasler, L50, F|100\/100\n|-fieldstart|move: Psychic Terrain|[from] ability: Psychic Surge|[of] p2a: Indeedee\n|-enditem|p2b: Sneasler|Psychic Seed\n|-boost|p2b: Sneasler|spd|1|[from] item: Psychic Seed\n|-enditem|p1b: \ud83c\udf88\ud83d\udc7b\ud83c\udf83\ud83d\udc7b\ud83c\udf83\ud83c\udf88|Psychic Seed\n|-boost|p1b: \ud83c\udf88\ud83d\udc7b\ud83c\udf83\ud83d\udc7b\ud83c\udf83\ud83c\udf88|spd|1|[from] item: Psychic Seed\n|turn|1\n|inactive|actuary97 has 30 seconds left.\n|\n|t:|1730294051\n|-terastallize|p1b: \ud83c\udf88\ud83d\udc7b\ud83c\udf83\ud83d\udc7b\ud83c\udf83\ud83c\udf88|Flying\n|move|p2b: Sneasler|Protect|p2b: Sneasler\n|-singleturn|p2b: Sneasler|Protect\n|move|p1b: \ud83c\udf88\ud83d\udc7b\ud83c\udf83\ud83d\udc7b\ud83c\udf83\ud83c\udf88|Icy Wind|p2a: Indeedee|[spread] p2a\n|-activate|p2b: Sneasler|move: Protect\n|-damage|p2a: Indeedee|89\/100\n|-unboost|p2a: Indeedee|spe|1\n|move|p1a: Tapu Deedee|Expanding Force|p2b: Sneasler|[spread] p2a\n|-activate|p2b: Sneasler|move: Protect\n|-resisted|p2a: Indeedee\n|-damage|p2a: Indeedee|32\/100\n|move|p2a: Indeedee|Imprison|p2a: Indeedee\n|-start|p2a: Indeedee|move: Imprison\n|\n|upkeep\n|turn|2\n|\n|t:|1730294076\n|switch|p1a: Malamother|Malamar, L50, F|100\/100\n|-terastallize|p2b: Sneasler|Dark\n|move|p2b: Sneasler|Dire Claw|p1b: \ud83c\udf88\ud83d\udc7b\ud83c\udf83\ud83d\udc7b\ud83c\udf83\ud83c\udf88\n|-damage|p1b: \ud83c\udf88\ud83d\udc7b\ud83c\udf83\ud83d\udc7b\ud83c\udf83\ud83c\udf88|58\/100\n|-status|p1b: \ud83c\udf88\ud83d\udc7b\ud83c\udf83\ud83d\udc7b\ud83c\udf83\ud83c\udf88|par\n|cant|p1b: \ud83c\udf88\ud83d\udc7b\ud83c\udf83\ud83d\udc7b\ud83c\udf83\ud83c\udf88|par\n|move|p2a: Indeedee|Expanding Force|p1b: \ud83c\udf88\ud83d\udc7b\ud83c\udf83\ud83d\udc7b\ud83c\udf83\ud83c\udf88|[spread] p1b\n|-immune|p1a: Malamother\n|-damage|p1b: \ud83c\udf88\ud83d\udc7b\ud83c\udf83\ud83d\udc7b\ud83c\udf83\ud83c\udf88|20\/100 par\n|\n|upkeep\n|turn|3\n|j| Therazer456\n|\n|t:|1730294094\n|move|p2b: Sneasler|Throat Chop|p1a: Malamother\n|-damage|p1a: Malamother|57\/100\n|-start|p1a: Malamother|Throat Chop|[silent]\n|move|p1b: \ud83c\udf88\ud83d\udc7b\ud83c\udf83\ud83d\udc7b\ud83c\udf83\ud83c\udf88|Strength Sap|p2b: Sneasler\n|-unboost|p2b: Sneasler|atk|1\n|-heal|p1b: \ud83c\udf88\ud83d\udc7b\ud83c\udf83\ud83d\udc7b\ud83c\udf83\ud83c\udf88|100\/100 par\n|move|p2a: Indeedee|Expanding Force|p1a: Malamother|[spread] p1b\n|-immune|p1a: Malamother\n|-damage|p1b: \ud83c\udf88\ud83d\udc7b\ud83c\udf83\ud83d\udc7b\ud83c\udf83\ud83c\udf88|67\/100 par\n|move|p1a: Malamother|Superpower|p2a: Indeedee\n|-damage|p2a: Indeedee|0 fnt\n|-boost|p1a: Malamother|atk|1\n|-boost|p1a: Malamother|def|1\n|faint|p2a: Indeedee\n|\n|upkeep\n|\n|t:|1730294107\n|switch|p2a: Hydreigon|Hydreigon, L50, M|100\/100\n|turn|4\n|\n|t:|1730294117\n|move|p2b: Sneasler|Dire Claw|p1a: Malamother\n|-damage|p1a: Malamother|36\/100\n|-enditem|p1a: Malamother|Sitrus Berry|[eat]\n|-heal|p1a: Malamother|61\/100|[from] item: Sitrus Berry\n|move|p2a: Hydreigon|Dark Pulse|p1a: Malamother\n|-damage|p1a: Malamother|4\/100\n|move|p1b: \ud83c\udf88\ud83d\udc7b\ud83c\udf83\ud83d\udc7b\ud83c\udf83\ud83c\udf88|Will-O-Wisp|p2b: Sneasler\n|-status|p2b: Sneasler|brn\n|move|p1a: Malamother|Trick Room|p1a: Malamother\n|-fieldstart|move: Trick Room|[of] p1a: Malamother\n|\n|-damage|p2b: Sneasler|95\/100 brn|[from] brn\n|-end|p1a: Malamother|Throat Chop|[silent]\n|upkeep\n|turn|5\n|inactive|actuary97 has 30 seconds left.\n|\n|t:|1730294151\n|switch|p2a: Garchomp|Garchomp, L50, M|100\/100\n|move|p1a: Malamother|Superpower|p2a: Garchomp\n|-damage|p2a: Garchomp|58\/100\n|-boost|p1a: Malamother|atk|1\n|-boost|p1a: Malamother|def|1\n|-damage|p1a: Malamother|0 fnt|[from] ability: Rough Skin|[of] p2a: Garchomp\n|faint|p1a: Malamother\n|move|p1b: \ud83c\udf88\ud83d\udc7b\ud83c\udf83\ud83d\udc7b\ud83c\udf83\ud83c\udf88|Air Slash|p2a: Garchomp\n|-damage|p2a: Garchomp|24\/100\n|move|p2b: Sneasler|Dire Claw|p1b: \ud83c\udf88\ud83d\udc7b\ud83c\udf83\ud83d\udc7b\ud83c\udf83\ud83c\udf88\n|-damage|p1b: \ud83c\udf88\ud83d\udc7b\ud83c\udf83\ud83d\udc7b\ud83c\udf83\ud83c\udf88|52\/100 par\n|\n|-damage|p2b: Sneasler|89\/100 brn|[from] brn\n|-fieldend|move: Psychic Terrain\n|upkeep\n|\n|t:|1730294166\n|switch|p1a: \u2694\ufe0fKing\u2694\ufe0f|Gallade, L50, M, shiny|100\/100\n|turn|6\n|\n|t:|1730294173\n|move|p2a: Garchomp|Protect|p2a: Garchomp\n|-singleturn|p2a: Garchomp|Protect\n|move|p1b: \ud83c\udf88\ud83d\udc7b\ud83c\udf83\ud83d\udc7b\ud83c\udf83\ud83c\udf88|Strength Sap|p2a: Garchomp\n|-activate|p2a: Garchomp|move: Protect\n|move|p1a: \u2694\ufe0fKing\u2694\ufe0f|Sacred Sword|p2b: Sneasler\n|-supereffective|p2b: Sneasler\n|-damage|p2b: Sneasler|0 fnt\n|faint|p2b: Sneasler\n|\n|upkeep\n|\n|t:|1730294181\n|switch|p2b: Hydreigon|Hydreigon, L50, M|100\/100\n|turn|7\n|\n|t:|1730294190\n|cant|p1b: \ud83c\udf88\ud83d\udc7b\ud83c\udf83\ud83d\udc7b\ud83c\udf83\ud83c\udf88|par\n|move|p1a: \u2694\ufe0fKing\u2694\ufe0f|Sacred Sword|p2b: Hydreigon\n|-supereffective|p2b: Hydreigon\n|-damage|p2b: Hydreigon|0 fnt\n|faint|p2b: Hydreigon\n|move|p2a: Garchomp|Dragon Claw|p1a: \u2694\ufe0fKing\u2694\ufe0f\n|-damage|p1a: \u2694\ufe0fKing\u2694\ufe0f|27\/100\n|\n|upkeep\n|turn|8\n|\n|t:|1730294207\n|move|p2a: Garchomp|Protect|p2a: Garchomp\n|-singleturn|p2a: Garchomp|Protect\n|move|p1b: \ud83c\udf88\ud83d\udc7b\ud83c\udf83\ud83d\udc7b\ud83c\udf83\ud83c\udf88|Strength Sap|p2a: Garchomp\n|-activate|p2a: Garchomp|move: Protect\n|move|p1a: \u2694\ufe0fKing\u2694\ufe0f|Sacred Sword|p2a: Garchomp\n|-activate|p2a: Garchomp|move: Protect\n|\n|-fieldend|move: Trick Room\n|upkeep\n|turn|9\n|\n|t:|1730294217\n|move|p2a: Garchomp|Dragon Claw|p1a: \u2694\ufe0fKing\u2694\ufe0f\n|-damage|p1a: \u2694\ufe0fKing\u2694\ufe0f|0 fnt\n|faint|p1a: \u2694\ufe0fKing\u2694\ufe0f\n|move|p1b: \ud83c\udf88\ud83d\udc7b\ud83c\udf83\ud83d\udc7b\ud83c\udf83\ud83c\udf88|Icy Wind|p2a: Garchomp\n|-supereffective|p2a: Garchomp\n|-crit|p2a: Garchomp\n|-damage|p2a: Garchomp|0 fnt\n|faint|p2a: Garchomp\n|\n|win|actuary97\n|raw|actuary97's rating: 1865 &rarr; <strong>1879<\/strong><br \/>(+14 for winning)\n|raw|TrubbishTyler's rating: 1755 &rarr; <strong>1741<\/strong><br \/>(-14 for losing)\n|l|\u2606TrubbishTyler\n|player|p2|\n|l| Therazer456\n|l|\u2606actuary97\n|player|p1|\n","uploadtime":1730294399,"views":60,"formatid":"gen9vgc2024regh","rating":1741,"private":0,"password":null}