{"id":"gen9vgc2024regh-2234813734","format":"[Gen 9] VGC 2024 Reg H","players":["kfjtdhynd","jhyjhyt"],"log":"|j|\u2606kfjtdhynd\n|j|\u2606jhyjhyt\n|t:|1730392507\n|gametype|doubles\n|player|p1|kfjtdhynd|169|1691\n|player|p2|jhyjhyt|1|1703\n|teamsize|p1|6\n|teamsize|p2|6\n|gen|9\n|tier|[Gen 9] VGC 2024 Reg H\n|rated|\n|rule|Species Clause: Limit one of each Pok\u00e9mon\n|rule|Item Clause: Limit 1 of each item\n|clearpoke\n|poke|p1|Basculegion-F, L50, F|\n|poke|p1|Pelipper, L50, M|\n|poke|p1|Rillaboom, L50, M|\n|poke|p1|Sneasler, L50, F|\n|poke|p1|Incineroar, L50, M|\n|poke|p1|Archaludon, L50, F|\n|poke|p2|Dondozo, L50, F|\n|poke|p2|Tatsugiri, L50, M|\n|poke|p2|Pelipper, L50, F|\n|poke|p2|Archaludon, L50, F|\n|poke|p2|Amoonguss, L50, F|\n|poke|p2|Murkrow, L50, M|\n|teampreview|4\nkfjtdhynd rejected open team sheets.\n|inactive|Battle timer is ON: inactive players will automatically lose when time's up. (requested by kfjtdhynd)\n|\n|t:|1730392521\n|start\n|switch|p1a: Pelipper|Pelipper, L50, M|100\/100\n|switch|p1b: Archaludon|Archaludon, L50, F|100\/100\n|switch|p2a: Dondozo|Dondozo, L50, F|100\/100\n|switch|p2b: Pelipper|Pelipper, L50, F|100\/100\n|-weather|RainDance|[from] ability: Drizzle|[of] p1a: Pelipper\n|turn|1\n|inactive|jhyjhyt has 30 seconds left.\n|\n|t:|1730392548\n|switch|p2b: Tatsugiri|Tatsugiri, L50, M|100\/100\n|-activate|p2b: Tatsugiri|ability: Commander|[of] p2a: Dondozo\n|-boost|p2a: Dondozo|atk|2\n|-boost|p2a: Dondozo|spa|2\n|-boost|p2a: Dondozo|spe|2\n|-boost|p2a: Dondozo|def|2\n|-boost|p2a: Dondozo|spd|2\n|-terastallize|p2a: Dondozo|Water\n|move|p2a: Dondozo|Surf|p1b: Archaludon|[spread] p1a,p1b\n|-miss|p2a: Dondozo|p2b: Tatsugiri\n|-resisted|p1a: Pelipper\n|-resisted|p1b: Archaludon\n|-damage|p1a: Pelipper|14\/100\n|-damage|p1b: Archaludon|23\/100\n|-ability|p1b: Archaludon|Stamina|boost\n|-boost|p1b: Archaludon|def|1\n|move|p1b: Archaludon|Electro Shot||[still]\n|-prepare|p1b: Archaludon|Electro Shot\n|-boost|p1b: Archaludon|spa|1\n|-anim|p1b: Archaludon|Electro Shot|p2a: Dondozo\n|-supereffective|p2a: Dondozo\n|-damage|p2a: Dondozo|35\/100\n|-damage|p1b: Archaludon|13\/100|[from] item: Life Orb\n|move|p1a: Pelipper|Tailwind|p1a: Pelipper\n|-sidestart|p1: kfjtdhynd|move: Tailwind\n|\n|-weather|RainDance|[upkeep]\n|upkeep\n|turn|2\n|\n|t:|1730392570\n|move|p1b: Archaludon|Electro Shot||[still]\n|-prepare|p1b: Archaludon|Electro Shot\n|-boost|p1b: Archaludon|spa|1\n|-anim|p1b: Archaludon|Electro Shot|p2a: Dondozo\n|-supereffective|p2a: Dondozo\n|-damage|p2a: Dondozo|0 fnt\n|faint|p2a: Dondozo\n|-damage|p1b: Archaludon|4\/100|[from] item: Life Orb\n|move|p1a: Pelipper|Hurricane|p2b: Tatsugiri\n|-damage|p2b: Tatsugiri|44\/100\n|-start|p2b: Tatsugiri|confusion\n|\n|-weather|RainDance|[upkeep]\n|upkeep\n|j| Gggeenraaaa\n|l| Gggeenraaaa\n|j| Gggeenraaaa\n|\n|t:|1730392581\n|switch|p2a: Pelipper|Pelipper, L50, F|100\/100\n|turn|3\n|\n|t:|1730392595\n|move|p2a: Pelipper|Protect|p2a: Pelipper\n|-singleturn|p2a: Pelipper|Protect\n|move|p1b: Archaludon|Electro Shot||[still]\n|-prepare|p1b: Archaludon|Electro Shot\n|-boost|p1b: Archaludon|spa|1\n|-anim|p1b: Archaludon|Electro Shot|p2a: Pelipper\n|-activate|p2a: Pelipper|move: Protect\n|move|p1a: Pelipper|Hurricane|p2b: Tatsugiri\n|-damage|p2b: Tatsugiri|0 fnt\n|faint|p2b: Tatsugiri\n|\n|-weather|RainDance|[upkeep]\n|upkeep\n|\n|t:|1730392606\n|switch|p2b: Archaludon|Archaludon, L50, F|100\/100\n|turn|4\n|\n|t:|1730392614\n|move|p2a: Pelipper|Protect||[still]\n|-fail|p2a: Pelipper\n|move|p1b: Archaludon|Electro Shot||[still]\n|-prepare|p1b: Archaludon|Electro Shot\n|-boost|p1b: Archaludon|spa|1\n|-anim|p1b: Archaludon|Electro Shot|p2a: Pelipper\n|-supereffective|p2a: Pelipper\n|-enditem|p2a: Pelipper|Focus Sash\n|-damage|p2a: Pelipper|1\/100\n|-damage|p1b: Archaludon|0 fnt|[from] item: Life Orb\n|faint|p1b: Archaludon\n|move|p1a: Pelipper|Hurricane|p2a: Pelipper\n|-damage|p2a: Pelipper|0 fnt\n|faint|p2a: Pelipper\n|move|p2b: Archaludon|Electro Shot||[still]\n|-prepare|p2b: Archaludon|Electro Shot\n|-boost|p2b: Archaludon|spa|1\n|-anim|p2b: Archaludon|Electro Shot|p1a: Pelipper\n|-supereffective|p1a: Pelipper\n|-damage|p1a: Pelipper|0 fnt\n|faint|p1a: Pelipper\n|\n|-weather|RainDance|[upkeep]\n|-sideend|p1: kfjtdhynd|move: Tailwind\n|upkeep\n|\n|t:|1730392618\n|switch|p1b: Rillaboom|Rillaboom, L50, M|100\/100\n|switch|p1a: Sneasler|Sneasler, L50, F|100\/100\n|-fieldstart|move: Grassy Terrain|[from] ability: Grassy Surge|[of] p1b: Rillaboom\n|-enditem|p1a: Sneasler|Grassy Seed\n|-boost|p1a: Sneasler|def|1|[from] item: Grassy Seed\n|turn|5\n|\n|t:|1730392642\n|-terastallize|p1a: Sneasler|Fighting\n|move|p1b: Rillaboom|Fake Out|p2b: Archaludon\n|-resisted|p2b: Archaludon\n|-damage|p2b: Archaludon|96\/100\n|-ability|p2b: Archaludon|Stamina|boost\n|-boost|p2b: Archaludon|def|1\n|move|p1a: Sneasler|Close Combat|p2b: Archaludon\n|-supereffective|p2b: Archaludon\n|-damage|p2b: Archaludon|17\/100\n|-unboost|p1a: Sneasler|def|1\n|-unboost|p1a: Sneasler|spd|1\n|-ability|p2b: Archaludon|Stamina|boost\n|-boost|p2b: Archaludon|def|1\n|cant|p2b: Archaludon|flinch\n|\n|-weather|none\n|-heal|p2b: Archaludon|23\/100|[from] Grassy Terrain\n|upkeep\n|turn|6\n|-message|jhyjhyt forfeited.\n|\n|win|kfjtdhynd\n|raw|kfjtdhynd's rating: 1691 &rarr; <strong>1712<\/strong><br \/>(+21 for winning)\n|raw|jhyjhyt's rating: 1703 &rarr; <strong>1682<\/strong><br \/>(-21 for losing)\n|l|\u2606jhyjhyt\n|player|p2|\n|l|\u2606kfjtdhynd\n|player|p1|\n|l| Gggeenraaaa\n","uploadtime":1730392906,"views":14,"formatid":"gen9vgc2024regh","rating":1682,"private":0,"password":null}