{"id":"gen9vgc2024regh-2234320202","format":"[Gen 9] VGC 2024 Reg H","players":["dqstrqyed","googer315"],"log":"|j|\u2606dqstrqyed\n|j|\u2606googer315\n|t:|1730324472\n|gametype|doubles\n|player|p1|dqstrqyed|266|1688\n|player|p2|googer315|102|1788\n|teamsize|p1|6\n|teamsize|p2|6\n|gen|9\n|tier|[Gen 9] VGC 2024 Reg H\n|rated|\n|rule|Species Clause: Limit one of each Pok\u00e9mon\n|rule|Item Clause: Limit 1 of each item\n|clearpoke\n|poke|p1|Gardevoir, L50, F|\n|poke|p1|Sneasler, L50, M|\n|poke|p1|Rillaboom, L50, M|\n|poke|p1|Incineroar, L50, M|\n|poke|p1|Volcarona, L50, F|\n|poke|p1|Electabuzz, L50, F|\n|poke|p2|Dondozo, L50, F|\n|poke|p2|Tatsugiri, L50, F|\n|poke|p2|Glimmora, L50, F|\n|poke|p2|Maushold, L50|\n|poke|p2|Annihilape, L50, F|\n|poke|p2|Gholdengo, L50|\n|teampreview|4\n|inactive|Battle timer is ON: inactive players will automatically lose when time's up. (requested by dqstrqyed)\n|inactive|googer315 has 60 seconds left.\n|\n|t:|1730324518\n|start\n|switch|p1a: Gardevoir|Gardevoir, L50, F|100\/100\n|switch|p1b: Electabuzz|Electabuzz, L50, F|100\/100\n|switch|p2a: Gholdengo|Gholdengo, L50|100\/100\n|switch|p2b: Glimmora|Glimmora, L50, F|100\/100\n|-ability|p1a: Gardevoir|Toxic Debris|[from] ability: Trace|[of] p2b: Glimmora\n|turn|1\n|inactive|dqstrqyed has 30 seconds left.\n|inactive|dqstrqyed has 20 seconds left.\n|\n|t:|1730324554\n|-terastallize|p2b: Glimmora|Ground\n|move|p2a: Gholdengo|Trick|p1b: Electabuzz\n|-activate|p2a: Gholdengo|move: Trick|[of] p1b: Electabuzz\n|-item|p1b: Electabuzz|Choice Scarf|[from] move: Trick\n|-item|p2a: Gholdengo|Eviolite|[from] move: Trick\n|move|p1b: Electabuzz|Electroweb|p2b: Glimmora|[spread] p2a\n|-immune|p2b: Glimmora\n|-damage|p2a: Gholdengo|84\/100\n|-unboost|p2a: Gholdengo|spe|1\n|move|p1a: Gardevoir|Shadow Ball|p2a: Gholdengo\n|-supereffective|p2a: Gholdengo\n|-damage|p2a: Gholdengo|0 fnt\n|faint|p2a: Gholdengo\n|move|p2b: Glimmora|Earth Power|p1b: Electabuzz\n|-supereffective|p1b: Electabuzz\n|-damage|p1b: Electabuzz|0 fnt\n|faint|p1b: Electabuzz\n|\n|upkeep\n|j| Poliorketes\n|\n|t:|1730324574\n|switch|p1b: Rillaboom|Rillaboom, L50, M|100\/100\n|switch|p2a: Annihilape|Annihilape, L50, F|100\/100\n|-fieldstart|move: Grassy Terrain|[from] ability: Grassy Surge|[of] p1b: Rillaboom\n|turn|2\n|inactive|dqstrqyed has 30 seconds left.\n|\n|t:|1730324606\n|switch|p2a: Maushold|Maushold, L50|100\/100\n|move|p2b: Glimmora|Spiky Shield|p2b: Glimmora\n|-singleturn|p2b: Glimmora|move: Protect\n|move|p1a: Gardevoir|Shadow Ball|p2a: Maushold\n|-immune|p2a: Maushold\n|move|p1b: Rillaboom|Wood Hammer|p2b: Glimmora\n|-activate|p2b: Glimmora|move: Protect\n|-damage|p1b: Rillaboom|88\/100|[from] Spiky Shield|[of] p2b: Glimmora\n|\n|-heal|p1b: Rillaboom|94\/100|[from] Grassy Terrain\n|upkeep\n|turn|3\n|j| ywehc_orb\n|\n|t:|1730324628\n|switch|p1a: Incineroar|Incineroar, L50, M|100\/100\n|-ability|p1a: Incineroar|Intimidate|boost\n|-unboost|p2a: Maushold|atk|1\n|-unboost|p2b: Glimmora|atk|1\n|move|p2a: Maushold|Follow Me|p2a: Maushold\n|-singleturn|p2a: Maushold|move: Follow Me\n|move|p2b: Glimmora|Sludge Bomb|p1a: Incineroar\n|-damage|p1a: Incineroar|56\/100\n|-status|p1a: Incineroar|psn\n|move|p1b: Rillaboom|Wood Hammer|p2a: Maushold\n|-damage|p2a: Maushold|20\/100\n|-damage|p1b: Rillaboom|70\/100|[from] Recoil\n|\n|-heal|p2a: Maushold|26\/100|[from] Grassy Terrain\n|-heal|p1b: Rillaboom|76\/100|[from] Grassy Terrain\n|-heal|p1a: Incineroar|62\/100 psn|[from] Grassy Terrain\n|-damage|p1a: Incineroar|50\/100 psn|[from] psn\n|upkeep\n|turn|4\n|j| Broccol1\n|inactive|dqstrqyed has 30 seconds left.\n|\n|t:|1730324661\n|switch|p2a: Annihilape|Annihilape, L50, F|100\/100\n|move|p2b: Glimmora|Spiky Shield|p2b: Glimmora\n|-singleturn|p2b: Glimmora|move: Protect\n|move|p1b: Rillaboom|Grassy Glide|p2a: Annihilape\n|-damage|p2a: Annihilape|65\/100\n|move|p1a: Incineroar|Parting Shot|p2b: Glimmora\n|-activate|p2b: Glimmora|move: Protect\n|\n|-heal|p2a: Annihilape|71\/100|[from] Grassy Terrain\n|-heal|p1b: Rillaboom|82\/100|[from] Grassy Terrain\n|-heal|p1a: Incineroar|55\/100 psn|[from] Grassy Terrain\n|-damage|p1a: Incineroar|43\/100 psn|[from] psn\n|upkeep\n|turn|5\n|c| ywehc_orb|free palenstine\n|inactive|dqstrqyed has 30 seconds left.\n|\n|t:|1730324693\n|switch|p1a: Gardevoir|Gardevoir, L50, F|100\/100\n|-ability|p1a: Gardevoir|Toxic Debris|[from] ability: Trace|[of] p2b: Glimmora\n|move|p2b: Glimmora|Sludge Bomb|p1b: Rillaboom\n|-supereffective|p1b: Rillaboom\n|-damage|p1b: Rillaboom|15\/100\n|move|p2a: Annihilape|Drain Punch|p1a: Gardevoir\n|-resisted|p1a: Gardevoir\n|-damage|p1a: Gardevoir|86\/100\n|-heal|p2a: Annihilape|76\/100|[from] drain|[of] p1a: Gardevoir\n|-activate|p1a: Gardevoir|ability: Toxic Debris\n|-sidestart|p2: googer315|move: Toxic Spikes\n|move|p1b: Rillaboom|Wood Hammer|p2b: Glimmora\n|-supereffective|p2b: Glimmora\n|-enditem|p2b: Glimmora|Focus Sash\n|-damage|p2b: Glimmora|1\/100\n|-activate|p2b: Glimmora|ability: Toxic Debris\n|-sidestart|p1: dqstrqyed|move: Toxic Spikes\n|-damage|p1b: Rillaboom|0 fnt|[from] Recoil\n|faint|p1b: Rillaboom\n|\n|-heal|p1a: Gardevoir|92\/100|[from] Grassy Terrain\n|-heal|p2b: Glimmora|7\/100|[from] Grassy Terrain\n|-heal|p2a: Annihilape|83\/100|[from] Grassy Terrain\n|upkeep\n|c| ywehc_orb|\u0623\u0646\u0627 \u0623\u0643\u0631\u0647 \u0627\u0644\u0632\u0646\u0648\u062c \u0627\u0644\u0633\u0648\u062f \u0648\u064a\u062c\u0628 \u0623\u0646 \u064a\u0645\u0648\u062a\u0648\u0627 \u062c\u0645\u064a\u0639\u064b\u0627\n|\n|t:|1730324704\n|switch|p1b: Incineroar|Incineroar, L50, M|43\/100 psn\n|-ability|p1b: Incineroar|Intimidate|boost\n|-unboost|p2a: Annihilape|atk|1\n|-ability|p2a: Annihilape|Defiant|boost\n|-boost|p2a: Annihilape|atk|2\n|-unboost|p2b: Glimmora|atk|1\n|turn|6\n|inactive|googer315 has 30 seconds left.\n|l| ywehc_orb\n|inactive|googer315 has 20 seconds left.\n|j| sitojuri\n|inactive|googer315 has 15 seconds left.\n|inactive|googer315 has 10 seconds left.\n|inactive|googer315 has 5 seconds left.\n|\n|t:|1730324759\n|-terastallize|p1a: Gardevoir|Fairy\n|move|p1b: Incineroar|Fake Out|p2b: Glimmora\n|-damage|p2b: Glimmora|0 fnt\n|-activate|p2b: Glimmora|ability: Toxic Debris\n|-sidestart|p1: dqstrqyed|move: Toxic Spikes\n|faint|p2b: Glimmora\n|move|p1a: Gardevoir|Dazzling Gleam|p2a: Annihilape\n|-supereffective|p2a: Annihilape\n|-damage|p2a: Annihilape|0 fnt\n|faint|p2a: Annihilape\n|\n|-heal|p1a: Gardevoir|98\/100|[from] Grassy Terrain\n|-heal|p1b: Incineroar|49\/100 psn|[from] Grassy Terrain\n|-damage|p1b: Incineroar|37\/100 psn|[from] psn\n|-fieldend|move: Grassy Terrain\n|upkeep\n|-message|googer315 forfeited.\n|\n|win|dqstrqyed\n|raw|dqstrqyed's rating: 1688 &rarr; <strong>1714<\/strong><br \/>(+26 for winning)\n|raw|googer315's rating: 1788 &rarr; <strong>1762<\/strong><br \/>(-26 for losing)\n|l|\u2606googer315\n|player|p2|\n|l|\u2606dqstrqyed\n|player|p1|\n|l| Broccol1\n|l| Poliorketes\n","uploadtime":1730324694,"views":15,"formatid":"gen9vgc2024regh","rating":1714,"private":0,"password":null}