{"id":"gen9vgc2024regh-2234461281","format":"[Gen 9] VGC 2024 Reg H","players":["Waffles4breakfast","brouz"],"log":"|j|\u2606Waffles4breakfast\n|j|\u2606brouz\n|t:|1730341439\n|gametype|doubles\n|player|p1|Waffles4breakfast|juggler|1705\n|player|p2|brouz|ingo|1739\n|teamsize|p1|6\n|teamsize|p2|6\n|gen|9\n|tier|[Gen 9] VGC 2024 Reg H\n|rated|\n|rule|Species Clause: Limit one of each Pok\u00e9mon\n|rule|Item Clause: Limit 1 of each item\n|clearpoke\n|poke|p1|Archaludon, L50, F|\n|poke|p1|Pelipper, L50, F|\n|poke|p1|Basculegion, L50, M|\n|poke|p1|Amoonguss, L50, M|\n|poke|p1|Gholdengo, L50|\n|poke|p1|Murkrow, L50, M|\n|poke|p2|Tyranitar, L50, M|\n|poke|p2|Gastrodon, L50, M|\n|poke|p2|Garchomp, L50, M|\n|poke|p2|Talonflame, L50, F|\n|poke|p2|Kingambit, L50, F|\n|poke|p2|Tsareena, L50, F|\n|teampreview|4\n|inactive|Battle timer is ON: inactive players will automatically lose when time's up. (requested by brouz)\n|\n|t:|1730341475\n|start\n|switch|p1a: Gholdengo|Gholdengo, L50|100\/100\n|switch|p1b: Murkrow|Murkrow, L50, M|100\/100\n|switch|p2a: Talonflame|Talonflame, L50, F|100\/100\n|switch|p2b: Garchomp|Garchomp, L50, M|100\/100\n|turn|1\n|\n|t:|1730341490\n|-terastallize|p1a: Gholdengo|Steel\n|move|p2a: Talonflame|Tailwind|p2a: Talonflame\n|-sidestart|p2: brouz|move: Tailwind\n|move|p1b: Murkrow|Quash|p2b: Garchomp\n|-activate|p2b: Garchomp|move: Quash\n|move|p1a: Gholdengo|Make It Rain|p2a: Talonflame|[spread] p2a,p2b\n|-resisted|p2a: Talonflame\n|-damage|p2a: Talonflame|36\/100\n|-damage|p2b: Garchomp|0 fnt\n|-unboost|p1a: Gholdengo|spa|1\n|faint|p2b: Garchomp\n|\n|upkeep\n|\n|t:|1730341502\n|switch|p2b: Kingambit|Kingambit, L50, F|100\/100\n|turn|2\n|inactive|Waffles4breakfast has 30 seconds left.\n|inactive|Waffles4breakfast has 20 seconds left.\n|inactive|Waffles4breakfast has 15 seconds left.\n|\n|t:|1730341542\n|switch|p1b: Pelipper|Pelipper, L50, F|100\/100\n|-weather|RainDance|[from] ability: Drizzle|[of] p1b: Pelipper\n|move|p2a: Talonflame|Taunt|p1b: Pelipper\n|-start|p1b: Pelipper|move: Taunt\n|move|p1a: Gholdengo|Make It Rain|p2b: Kingambit|[spread] p2a,p2b\n|-resisted|p2a: Talonflame\n|-resisted|p2b: Kingambit\n|-damage|p2a: Talonflame|0 fnt\n|-damage|p2b: Kingambit|71\/100\n|-unboost|p1a: Gholdengo|spa|1\n|faint|p2a: Talonflame\n|move|p2b: Kingambit|Kowtow Cleave|p1a: Gholdengo\n|-damage|p1a: Gholdengo|37\/100\n|\n|-weather|RainDance|[upkeep]\n|upkeep\n|\n|t:|1730341552\n|switch|p2a: Gastrodon|Gastrodon, L50, M|100\/100\n|turn|3\n|\n|t:|1730341562\n|switch|p1a: Murkrow|Murkrow, L50, M|100\/100\n|move|p2b: Kingambit|Kowtow Cleave|p1a: Murkrow\n|-resisted|p1a: Murkrow\n|-damage|p1a: Murkrow|62\/100\n|move|p1b: Pelipper|Hurricane|p2a: Gastrodon\n|-damage|p2a: Gastrodon|64\/100\n|-start|p2a: Gastrodon|confusion\n|-activate|p2a: Gastrodon|confusion\n|move|p2a: Gastrodon|Ice Beam|p1b: Pelipper\n|-damage|p1b: Pelipper|62\/100\n|\n|-weather|RainDance|[upkeep]\n|upkeep\n|turn|4\n|inactive|Waffles4breakfast has 30 seconds left.\n|inactive|Waffles4breakfast has 20 seconds left.\n|inactive|Waffles4breakfast has 15 seconds left.\n|inactive|Waffles4breakfast has 10 seconds left.\n|inactive|Waffles4breakfast has 5 seconds left.\n|\n|t:|1730341616\n|move|p1a: Murkrow|Tailwind|p1a: Murkrow\n|-sidestart|p1: Waffles4breakfast|move: Tailwind\n|move|p1b: Pelipper|Hurricane|p2a: Gastrodon\n|-damage|p2a: Gastrodon|24\/100\n|-enditem|p2a: Gastrodon|Sitrus Berry|[eat]\n|-heal|p2a: Gastrodon|49\/100|[from] item: Sitrus Berry\n|move|p2b: Kingambit|Kowtow Cleave|p1b: Pelipper\n|-damage|p1b: Pelipper|0 fnt\n|faint|p1b: Pelipper\n|-end|p2a: Gastrodon|confusion\n|move|p2a: Gastrodon|Ice Beam|p1a: Murkrow\n|-supereffective|p1a: Murkrow\n|-damage|p1a: Murkrow|21\/100\n|\n|-weather|RainDance|[upkeep]\n|-sideend|p2: brouz|move: Tailwind\n|upkeep\n|\n|t:|1730341619\n|switch|p1b: Gholdengo|Gholdengo, L50, tera:Steel|37\/100\n|turn|5\n|\n|t:|1730341636\n|move|p2b: Kingambit|Sucker Punch|p1b: Gholdengo\n|-damage|p1b: Gholdengo|0 fnt\n|faint|p1b: Gholdengo\n|move|p1a: Murkrow|Foul Play|p2b: Kingambit\n|-resisted|p2b: Kingambit\n|-damage|p2b: Kingambit|48\/100\n|move|p2a: Gastrodon|Ice Beam|p1a: Murkrow\n|-supereffective|p1a: Murkrow\n|-damage|p1a: Murkrow|0 fnt\n|faint|p1a: Murkrow\n|\n|-weather|RainDance|[upkeep]\n|upkeep\n|\n|t:|1730341639\n|switch|p1b: Archaludon|Archaludon, L50, F|100\/100\n|turn|6\n|\n|t:|1730341655\n|move|p2b: Kingambit|Protect|p2b: Kingambit\n|-singleturn|p2b: Kingambit|Protect\n|move|p2a: Gastrodon|Protect|p2a: Gastrodon\n|-singleturn|p2a: Gastrodon|Protect\n|move|p1b: Archaludon|Draco Meteor|p2a: Gastrodon\n|-activate|p2a: Gastrodon|move: Protect\n|\n|-weather|none\n|upkeep\n|turn|7\n|\n|t:|1730341664\n|-terastallize|p2a: Gastrodon|Fairy\n|move|p1b: Archaludon|Draco Meteor|p2a: Gastrodon\n|-immune|p2a: Gastrodon\n|move|p2b: Kingambit|Kowtow Cleave|p1b: Archaludon\n|-damage|p1b: Archaludon|53\/100\n|-ability|p1b: Archaludon|Stamina|boost\n|-boost|p1b: Archaludon|def|1\n|move|p2a: Gastrodon|Earth Power|p1b: Archaludon\n|-supereffective|p1b: Archaludon\n|-damage|p1b: Archaludon|0 fnt\n|faint|p1b: Archaludon\n|\n|win|brouz\n|raw|Waffles4breakfast's rating: 1690 &rarr; <strong>1673<\/strong><br \/>(-17 for losing)\n|raw|brouz's rating: 1739 &rarr; <strong>1756<\/strong><br \/>(+17 for winning)\n|l|\u2606Waffles4breakfast\n|player|p1|\n|l|\u2606brouz\n|player|p2|\n","uploadtime":1730341806,"views":15,"formatid":"gen9vgc2024regh","rating":1673,"private":0,"password":null}