{"id":"gen9vgc2024regh-2234695376","format":"[Gen 9] VGC 2024 Reg H","players":["DDee_pkmn","chin8"],"log":"|j|\u2606DDee_pkmn\n|j|\u2606chin8\n|t:|1730381017\n|gametype|doubles\n|player|p1|DDee_pkmn|iris|1692\n|player|p2|chin8|gentleman-gen4dp|1756\n|teamsize|p1|6\n|teamsize|p2|6\n|gen|9\n|tier|[Gen 9] VGC 2024 Reg H\n|rated|\n|rule|Species Clause: Limit one of each Pok\u00e9mon\n|rule|Item Clause: Limit 1 of each item\n|clearpoke\n|poke|p1|Gholdengo, L50|\n|poke|p1|Rillaboom, L50, M|\n|poke|p1|Maushold-Four, L50|\n|poke|p1|Dragonite, L50, F|\n|poke|p1|Sneasler, L50, M|\n|poke|p1|Basculegion, L50, M|\n|poke|p2|Baxcalibur, L50, F|\n|poke|p2|Kilowattrel, L50, M|\n|poke|p2|Annihilape, L50, M|\n|poke|p2|Gardevoir, L50, M|\n|poke|p2|Magmortar, L50, F|\n|poke|p2|Gholdengo, L50|\n|teampreview|4\n|\n|t:|1730381057\n|start\n|switch|p1a: Maushold|Maushold-Four, L50|100\/100\n|switch|p1b: Basculegion|Basculegion, L50, M|100\/100\n|switch|p2a: Annihilape|Annihilape, L50, M|100\/100\n|switch|p2b: Magmortar|Magmortar, L50, F|100\/100\n|turn|1\n|inactive|Battle timer is ON: inactive players will automatically lose when time's up. (requested by chin8)\n|\n|t:|1730381077\n|move|p2b: Magmortar|Protect|p2b: Magmortar\n|-singleturn|p2b: Magmortar|Protect\n|move|p1b: Basculegion|Flip Turn|p2a: Annihilape\n|-damage|p2a: Annihilape|67\/100\n|\n|t:|1730381082\n|switch|p1b: Gholdengo|Gholdengo, L50|100\/100|[from] Flip Turn\n|move|p1a: Maushold|Taunt|p2b: Magmortar\n|-activate|p2b: Magmortar|move: Protect\n|move|p2a: Annihilape|Bulk Up|p2a: Annihilape\n|-boost|p2a: Annihilape|atk|1\n|-boost|p2a: Annihilape|def|1\n|\n|upkeep\n|turn|2\n|\n|t:|1730381098\n|switch|p1b: Basculegion|Basculegion, L50, M|100\/100\n|move|p2b: Magmortar|Follow Me|p2b: Magmortar\n|-singleturn|p2b: Magmortar|move: Follow Me\n|move|p1a: Maushold|Taunt|p2b: Magmortar\n|-start|p2b: Magmortar|move: Taunt\n|move|p2a: Annihilape|Drain Punch|p1a: Maushold\n|-supereffective|p1a: Maushold\n|-damage|p1a: Maushold|0 fnt\n|-heal|p2a: Annihilape|100\/100|[from] drain|[of] p1a: Maushold\n|-damage|p2a: Annihilape|84\/100|[from] item: Rocky Helmet|[of] p1a: Maushold\n|faint|p1a: Maushold\n|\n|upkeep\n|\n|t:|1730381106\n|switch|p1a: Gholdengo|Gholdengo, L50|100\/100\n|turn|3\n|\n|t:|1730381112\n|move|p2a: Annihilape|Protect|p2a: Annihilape\n|-singleturn|p2a: Annihilape|Protect\n|move|p1b: Basculegion|Wave Crash|p2b: Magmortar\n|-supereffective|p2b: Magmortar\n|-damage|p2b: Magmortar|0 fnt\n|faint|p2b: Magmortar\n|-damage|p1b: Basculegion|70\/100|[from] Recoil\n|move|p1a: Gholdengo|Shadow Ball|p2a: Annihilape\n|-activate|p2a: Annihilape|move: Protect\n|\n|upkeep\n|\n|t:|1730381124\n|switch|p2b: Baxcalibur|Baxcalibur, L50, F|100\/100\n|turn|4\n|\n|t:|1730381131\n|switch|p1b: Sneasler|Sneasler, L50, M|100\/100\n|-terastallize|p2b: Baxcalibur|Ground\n|move|p1a: Gholdengo|Protect|p1a: Gholdengo\n|-singleturn|p1a: Gholdengo|Protect\n|move|p2a: Annihilape|Rage Fist|p1a: Gholdengo\n|-activate|p1a: Gholdengo|move: Protect\n|move|p2b: Baxcalibur|Earthquake|p1a: Gholdengo|[spread] p2a,p1b\n|-activate|p1a: Gholdengo|move: Protect\n|-supereffective|p1b: Sneasler\n|-damage|p2a: Annihilape|56\/100\n|-enditem|p1b: Sneasler|Focus Sash\n|-damage|p1b: Sneasler|1\/100\n|\n|upkeep\n|turn|5\n|\n|t:|1730381146\n|-terastallize|p1a: Gholdengo|Water\n|move|p2b: Baxcalibur|Ice Shard|p1b: Sneasler\n|-damage|p1b: Sneasler|0 fnt\n|faint|p1b: Sneasler\n|move|p1a: Gholdengo|Shadow Ball|p2a: Annihilape\n|-supereffective|p2a: Annihilape\n|-damage|p2a: Annihilape|0 fnt\n|faint|p2a: Annihilape\n|-damage|p1a: Gholdengo|91\/100|[from] item: Life Orb\n|\n|upkeep\n|\n|t:|1730381150\n|switch|p1b: Basculegion|Basculegion, L50, M|70\/100\n|switch|p2a: Gholdengo|Gholdengo, L50|100\/100\n|turn|6\n|-message|chin8 forfeited.\n|\n|win|DDee_pkmn\n|raw|DDee_pkmn's rating: 1692 &rarr; <strong>1716<\/strong><br \/>(+24 for winning)\n|raw|chin8's rating: 1756 &rarr; <strong>1732<\/strong><br \/>(-24 for losing)\n|l|\u2606chin8\n|player|p2|\n|l|\u2606DDee_pkmn\n|player|p1|\n|j|\u2606DDee_pkmn\n|player|p1|DDee_pkmn|iris|\n","uploadtime":1730381347,"views":18,"formatid":"gen9vgc2024regh","rating":1716,"private":0,"password":null}