{"id":"gen9vgc2024regh-2234692722","format":"[Gen 9] VGC 2024 Reg H","players":["647w","chin8"],"log":"|j|\u2606647w\n|j|\u2606chin8\n|t:|1730380726\n|gametype|doubles\n|player|p1|647w|lucas-gen4pt|1752\n|player|p2|chin8|gentleman-gen4dp|1762\n|teamsize|p1|6\n|teamsize|p2|6\n|gen|9\n|tier|[Gen 9] VGC 2024 Reg H\n|rated|\n|rule|Species Clause: Limit one of each Pok\u00e9mon\n|rule|Item Clause: Limit 1 of each item\n|clearpoke\n|poke|p1|Kilowattrel, L50, M|\n|poke|p1|Garchomp, L50, F|\n|poke|p1|Gholdengo, L50|\n|poke|p1|Incineroar, L50, F|\n|poke|p1|Rillaboom, L50, F|\n|poke|p1|Dondozo, L50, M|\n|poke|p2|Baxcalibur, L50, F|\n|poke|p2|Kilowattrel, L50, M|\n|poke|p2|Annihilape, L50, F|\n|poke|p2|Gardevoir, L50, M|\n|poke|p2|Magmortar, L50, M|\n|poke|p2|Gholdengo, L50|\n|teampreview|4\n647w has agreed to open team sheets.\n|\n|t:|1730380748\n|start\n|switch|p1a: Kilowattrel|Kilowattrel, L50, M|100\/100\n|switch|p1b: Garchomp|Garchomp, L50, F|100\/100\n|switch|p2a: Baxcalibur|Baxcalibur, L50, F|100\/100\n|switch|p2b: Gardevoir|Gardevoir, L50, M|100\/100\n|turn|1\n|inactive|Battle timer is ON: inactive players will automatically lose when time's up. (requested by chin8)\n|\n|t:|1730380763\n|-terastallize|p2a: Baxcalibur|Ground\n|move|p1b: Garchomp|Protect|p1b: Garchomp\n|-singleturn|p1b: Garchomp|Protect\n|move|p1a: Kilowattrel|Tailwind|p1a: Kilowattrel\n|-sidestart|p1: 647w|move: Tailwind\n|move|p2a: Baxcalibur|Earthquake|p1b: Garchomp|[spread] \n|-activate|p1b: Garchomp|move: Protect\n|-activate|p2b: Gardevoir|ability: Telepathy\n|-immune|p1a: Kilowattrel\n|move|p2b: Gardevoir|Trick Room|p2b: Gardevoir\n|-fieldstart|move: Trick Room|[of] p2b: Gardevoir\n|\n|upkeep\n|turn|2\n|\n|t:|1730380783\n|move|p2b: Gardevoir|Dazzling Gleam|p1b: Garchomp|[spread] p1a,p1b\n|-supereffective|p1b: Garchomp\n|-damage|p1a: Kilowattrel|45\/100\n|-damage|p1b: Garchomp|25\/100\n|move|p2a: Baxcalibur|Earthquake|p1a: Kilowattrel|[spread] p1b\n|-activate|p2b: Gardevoir|ability: Telepathy\n|-immune|p1a: Kilowattrel\n|-crit|p1b: Garchomp\n|-damage|p1b: Garchomp|0 fnt\n|faint|p1b: Garchomp\n|move|p1a: Kilowattrel|Thunderbolt|p2b: Gardevoir\n|-damage|p2b: Gardevoir|61\/100\n|\n|upkeep\n|\n|t:|1730380785\n|switch|p1b: Dondozo|Dondozo, L50, M|100\/100\n|turn|3\n|\n|t:|1730380795\n|move|p1a: Kilowattrel|Protect|p1a: Kilowattrel\n|-singleturn|p1a: Kilowattrel|Protect\n|move|p1b: Dondozo|Wave Crash|p2a: Baxcalibur\n|-supereffective|p2a: Baxcalibur\n|-damage|p2a: Baxcalibur|29\/100\n|-damage|p1b: Dondozo|81\/100|[from] Recoil\n|move|p2b: Gardevoir|Dazzling Gleam|p1b: Dondozo|[spread] p1b\n|-activate|p1a: Kilowattrel|move: Protect\n|-damage|p1b: Dondozo|60\/100\n|move|p2a: Baxcalibur|Glaive Rush|p1b: Dondozo\n|-damage|p1b: Dondozo|15\/100\n|-singlemove|p2a: Baxcalibur|Glaive Rush|[silent]\n|\n|-heal|p1b: Dondozo|21\/100|[from] item: Leftovers\n|upkeep\n|turn|4\n|j| Mullyy\n|\n|t:|1730380805\n|move|p1b: Dondozo|Protect|p1b: Dondozo\n|-singleturn|p1b: Dondozo|Protect\n|move|p2a: Baxcalibur|Ice Shard|p1a: Kilowattrel\n|-supereffective|p1a: Kilowattrel\n|-damage|p1a: Kilowattrel|0 fnt\n|faint|p1a: Kilowattrel\n|move|p2b: Gardevoir|Dazzling Gleam|p1b: Dondozo\n|-activate|p1b: Dondozo|move: Protect\n|\n|-heal|p1b: Dondozo|27\/100|[from] item: Leftovers\n|-sideend|p1: 647w|move: Tailwind\n|upkeep\n|\n|t:|1730380808\n|switch|p1a: Gholdengo|Gholdengo, L50|100\/100\n|turn|5\n|\n|t:|1730380811\n|move|p1b: Dondozo|Wave Crash|p2a: Baxcalibur\n|-supereffective|p2a: Baxcalibur\n|-damage|p2a: Baxcalibur|0 fnt\n|faint|p2a: Baxcalibur\n|-damage|p1b: Dondozo|20\/100|[from] Recoil\n|move|p2b: Gardevoir|Dazzling Gleam|p1b: Dondozo|[spread] p1a,p1b\n|-resisted|p1a: Gholdengo\n|-damage|p1a: Gholdengo|87\/100\n|-damage|p1b: Dondozo|0 fnt\n|faint|p1b: Dondozo\n|move|p1a: Gholdengo|Nasty Plot|p1a: Gholdengo\n|-boost|p1a: Gholdengo|spa|2\n|-enditem|p2b: Gardevoir|Mirror Herb\n|-boost|p2b: Gardevoir|spa|2|[from] item: Mirror Herb\n|\n|-fieldend|move: Trick Room\n|upkeep\n|\n|t:|1730380816\n|switch|p2a: Kilowattrel|Kilowattrel, L50, M|100\/100\n|turn|6\n|\n|t:|1730380821\n|move|p2a: Kilowattrel|Tailwind|p2a: Kilowattrel\n|-sidestart|p2: chin8|move: Tailwind\n|move|p2b: Gardevoir|Dazzling Gleam|p1a: Gholdengo\n|-resisted|p1a: Gholdengo\n|-damage|p1a: Gholdengo|44\/100\n|-enditem|p1a: Gholdengo|Sitrus Berry|[eat]\n|-heal|p1a: Gholdengo|69\/100|[from] item: Sitrus Berry\n|move|p1a: Gholdengo|Make It Rain|p2a: Kilowattrel|[spread] p2a,p2b\n|-resisted|p2a: Kilowattrel\n|-supereffective|p2b: Gardevoir\n|-damage|p2a: Kilowattrel|22\/100\n|-damage|p2b: Gardevoir|0 fnt\n|-unboost|p1a: Gholdengo|spa|1\n|faint|p2b: Gardevoir\n|\n|upkeep\n|\n|t:|1730380823\n|switch|p2b: Gholdengo|Gholdengo, L50|100\/100\n|turn|7\n|\n|t:|1730380830\n|-terastallize|p1a: Gholdengo|Water\n|move|p2a: Kilowattrel|Thunderbolt|p1a: Gholdengo\n|-supereffective|p1a: Gholdengo\n|-damage|p1a: Gholdengo|0 fnt\n|faint|p1a: Gholdengo\n|\n|win|chin8\n|raw|647w's rating: 1752 &rarr; <strong>1733<\/strong><br \/>(-19 for losing)\n|raw|chin8's rating: 1762 &rarr; <strong>1781<\/strong><br \/>(+19 for winning)\n|l|\u2606chin8\n|player|p2|\n|l|\u2606647w\n|player|p1|\n|l| Mullyy\n","uploadtime":1730380834,"views":53,"formatid":"gen9vgc2024regh","rating":1733,"private":0,"password":null}