{"id":"gen9vgc2024regh-2234307681","format":"[Gen 9] VGC 2024 Reg H","players":["647w","UzbekistanGG"],"log":"|j|\u2606647w\n|j|\u2606UzbekistanGG\n|t:|1730323124\n|gametype|doubles\n|player|p1|647w|lucas-gen4pt|1698\n|player|p2|UzbekistanGG|rhi|1683\n|teamsize|p1|6\n|teamsize|p2|6\n|gen|9\n|tier|[Gen 9] VGC 2024 Reg H\n|rated|\n|rule|Species Clause: Limit one of each Pok\u00e9mon\n|rule|Item Clause: Limit 1 of each item\n|clearpoke\n|poke|p1|Kilowattrel, L50, M|\n|poke|p1|Garchomp, L50, M|\n|poke|p1|Gholdengo, L50|\n|poke|p1|Incineroar, L50, F|\n|poke|p1|Rillaboom, L50, F|\n|poke|p1|Dondozo, L50, F|\n|poke|p2|Armarouge, L50, M|\n|poke|p2|Torkoal, L50, M|\n|poke|p2|Farigiraf, L50, F|\n|poke|p2|Ursaluna-Bloodmoon, L50, M|\n|poke|p2|Annihilape, L50, F|\n|poke|p2|Indeedee, L50, M|\n|teampreview|4\n|inactive|Battle timer is ON: inactive players will automatically lose when time's up. (requested by UzbekistanGG)\n|inactive|UzbekistanGG has 60 seconds left.\n|inactive|UzbekistanGG has 30 seconds left.\n|\n|t:|1730323188\n|start\n|switch|p1a: Incineroar|Incineroar, L50, F|100\/100\n|switch|p1b: Dondozo|Dondozo, L50, F|100\/100\n|switch|p2a: Farigiraf|Farigiraf, L50, F|100\/100\n|switch|p2b: Annihilape|Annihilape, L50, F|100\/100\n|-ability|p1a: Incineroar|Intimidate|boost\n|-unboost|p2a: Farigiraf|atk|1\n|-unboost|p2b: Annihilape|atk|1\n|-ability|p2b: Annihilape|Defiant|boost\n|-boost|p2b: Annihilape|atk|2\n|turn|1\n|inactive|UzbekistanGG has 30 seconds left.\n|\n|t:|1730323217\n|switch|p1a: Garchomp|Garchomp, L50, M|100\/100\n|-terastallize|p2a: Farigiraf|Dark\n|move|p2b: Annihilape|Final Gambit|p1b: Dondozo\n|-damage|p1b: Dondozo|29\/100\n|faint|p2b: Annihilape\n|move|p1b: Dondozo|Yawn|p2a: Farigiraf\n|-start|p2a: Farigiraf|move: Yawn|[of] p1b: Dondozo\n|move|p2a: Farigiraf|Trick Room|p2a: Farigiraf\n|-fieldstart|move: Trick Room|[of] p2a: Farigiraf\n|\n|-heal|p1b: Dondozo|35\/100|[from] item: Leftovers\n|upkeep\n|\n|t:|1730323230\n|switch|p2b: Ursaluna|Ursaluna-Bloodmoon, L50, M|100\/100\n|turn|2\n|\n|t:|1730323244\n|switch|p2a: Torkoal|Torkoal, L50, M|100\/100\n|-weather|SunnyDay|[from] ability: Drought|[of] p2a: Torkoal\n|move|p1b: Dondozo|Wave Crash|p2b: Ursaluna\n|-supereffective|p2b: Ursaluna\n|-damage|p2b: Ursaluna|69\/100\n|-damage|p1b: Dondozo|27\/100|[from] Recoil\n|move|p2b: Ursaluna|Hyper Voice|p1a: Garchomp|[spread] p1a,p1b\n|-damage|p1a: Garchomp|45\/100\n|-damage|p1b: Dondozo|0 fnt\n|faint|p1b: Dondozo\n|-damage|p2b: Ursaluna|59\/100|[from] item: Life Orb\n|move|p1a: Garchomp|Stomping Tantrum|p2a: Torkoal\n|-supereffective|p2a: Torkoal\n|-damage|p2a: Torkoal|38\/100\n|\n|-weather|SunnyDay|[upkeep]\n|upkeep\n|\n|t:|1730323247\n|switch|p1b: Incineroar|Incineroar, L50, F|100\/100\n|-ability|p1b: Incineroar|Intimidate|boost\n|-unboost|p2a: Torkoal|atk|1\n|-unboost|p2b: Ursaluna|atk|1\n|turn|3\n|inactive|UzbekistanGG has 30 seconds left.\n|\n|t:|1730323277\n|switch|p2a: Farigiraf|Farigiraf, L50, F, tera:Dark|100\/100\n|move|p2b: Ursaluna|Earth Power|p1b: Incineroar\n|-supereffective|p1b: Incineroar\n|-damage|p1b: Incineroar|0 fnt\n|faint|p1b: Incineroar\n|-damage|p2b: Ursaluna|50\/100|[from] item: Life Orb\n|move|p1a: Garchomp|Stomping Tantrum|p2a: Farigiraf\n|-damage|p2a: Farigiraf|72\/100\n|-damage|p1a: Garchomp|28\/100|[from] item: Rocky Helmet|[of] p2a: Farigiraf\n|\n|-weather|SunnyDay|[upkeep]\n|upkeep\n|\n|t:|1730323279\n|switch|p1b: Rillaboom|Rillaboom, L50, F|100\/100\n|-fieldstart|move: Grassy Terrain|[from] ability: Grassy Surge|[of] p1b: Rillaboom\n|turn|4\n|\n|t:|1730323298\n|move|p1a: Garchomp|Protect|p1a: Garchomp\n|-singleturn|p1a: Garchomp|Protect\n|move|p2b: Ursaluna|Blood Moon|p1b: Rillaboom\n|-damage|p1b: Rillaboom|21\/100\n|-damage|p2b: Ursaluna|40\/100|[from] item: Life Orb\n|move|p2a: Farigiraf|Foul Play|p1a: Garchomp\n|-activate|p1a: Garchomp|move: Protect\n|move|p1b: Rillaboom|Wood Hammer|p2b: Ursaluna\n|-supereffective|p2b: Ursaluna\n|-damage|p2b: Ursaluna|0 fnt\n|faint|p2b: Ursaluna\n|-damage|p1b: Rillaboom|9\/100|[from] Recoil\n|\n|-weather|SunnyDay|[upkeep]\n|-heal|p2a: Farigiraf|78\/100|[from] Grassy Terrain\n|-heal|p1b: Rillaboom|15\/100|[from] Grassy Terrain\n|-heal|p1a: Garchomp|34\/100|[from] Grassy Terrain\n|upkeep\n|\n|t:|1730323316\n|switch|p2b: Torkoal|Torkoal, L50, M|38\/100\n|turn|5\n|\n|t:|1730323322\n|move|p2b: Torkoal|Weather Ball|p1b: Rillaboom\n|-supereffective|p1b: Rillaboom\n|-damage|p1b: Rillaboom|0 fnt\n|faint|p1b: Rillaboom\n|move|p2a: Farigiraf|Foul Play|p1a: Garchomp\n|-damage|p1a: Garchomp|0 fnt\n|-damage|p2a: Farigiraf|66\/100|[from] ability: Rough Skin|[of] p1a: Garchomp\n|faint|p1a: Garchomp\n|\n|win|UzbekistanGG\n|raw|647w's rating: 1698 &rarr; <strong>1677<\/strong><br \/>(-21 for losing)\n|raw|UzbekistanGG's rating: 1683 &rarr; <strong>1704<\/strong><br \/>(+21 for winning)\n|l|\u2606647w\n|player|p1|\n|l|\u2606UzbekistanGG\n|player|p2|\n","uploadtime":1730323475,"views":16,"formatid":"gen9vgc2024regh","rating":1677,"private":0,"password":null}