{"id":"gen9vgc2024regh-2234398101","format":"[Gen 9] VGC 2024 Reg H","players":["Diddle08","J.Ratri"],"log":"|j|\u2606Diddle08\n|j|\u2606J.Ratri\n|t:|1730333512\n|gametype|doubles\n|player|p1|Diddle08|acetrainer|1640\n|player|p2|J.Ratri|jasmine|1736\n|teamsize|p1|6\n|teamsize|p2|6\n|gen|9\n|tier|[Gen 9] VGC 2024 Reg H\n|rated|\n|rule|Species Clause: Limit one of each Pok\u00e9mon\n|rule|Item Clause: Limit 1 of each item\n|clearpoke\n|poke|p1|Blastoise, L50, M|\n|poke|p1|Weezing-Galar, L50, M|\n|poke|p1|Toedscruel, L50, M|\n|poke|p1|Typhlosion-Hisui, L50, F|\n|poke|p1|Meowscarada, L50, F|\n|poke|p1|Dragonite, L50, F|\n|poke|p2|Garchomp, L50, M|\n|poke|p2|Ninetales-Alola, L50, F|\n|poke|p2|Annihilape, L50, M|\n|poke|p2|Ceruledge, L50, F|\n|poke|p2|Mandibuzz, L50, F|\n|poke|p2|Bellibolt, L50, F|\n|teampreview|4\n|inactive|Battle timer is ON: inactive players will automatically lose when time's up. (requested by Diddle08)\n|j| Hikawari\n|inactive|J.Ratri has 60 seconds left.\n|\n|t:|1730333553\n|start\n|switch|p1a: Toedscruel|Toedscruel, L50, M|100\/100\n|switch|p1b: Weezing|Weezing-Galar, L50, M, shiny|100\/100\n|switch|p2a: Mandibuzz|Mandibuzz, L50, F|100\/100\n|switch|p2b: Garchomp|Garchomp, L50, M|100\/100\n|-ability|p1b: Weezing|Neutralizing Gas\n|turn|1\n|\n|t:|1730333568\n|move|p2b: Garchomp|Protect|p2b: Garchomp\n|-singleturn|p2b: Garchomp|Protect\n|move|p1b: Weezing|Protect|p1b: Weezing\n|-singleturn|p1b: Weezing|Protect\n|move|p1a: Toedscruel|Spore|p2a: Mandibuzz\n|-status|p2a: Mandibuzz|slp|[from] move: Spore\n|cant|p2a: Mandibuzz|slp\n|\n|upkeep\n|turn|2\n|\n|t:|1730333581\n|move|p2b: Garchomp|Dragon Claw|p1a: Toedscruel\n|-damage|p1a: Toedscruel|35\/100\n|-damage|p2b: Garchomp|91\/100|[from] item: Life Orb\n|move|p1a: Toedscruel|Spore|p2b: Garchomp\n|-status|p2b: Garchomp|slp|[from] move: Spore\n|cant|p2a: Mandibuzz|slp\n|move|p1b: Weezing|Dazzling Gleam|p2a: Mandibuzz|[spread] p2a,p2b\n|-supereffective|p2a: Mandibuzz\n|-supereffective|p2b: Garchomp\n|-damage|p2a: Mandibuzz|62\/100 slp\n|-damage|p2b: Garchomp|27\/100 slp\n|\n|-heal|p2a: Mandibuzz|68\/100 slp|[from] item: Leftovers\n|upkeep\n|turn|3\n|\n|t:|1730333598\n|cant|p2b: Garchomp|slp\n|move|p1a: Toedscruel|Acid Spray|p2a: Mandibuzz\n|-damage|p2a: Mandibuzz|62\/100 slp\n|-unboost|p2a: Mandibuzz|spd|2\n|-curestatus|p2a: Mandibuzz|slp|[msg]\n|move|p2a: Mandibuzz|Snarl|p1a: Toedscruel|[spread] p1a,p1b\n|-resisted|p1b: Weezing\n|-damage|p1a: Toedscruel|27\/100\n|-damage|p1b: Weezing|94\/100\n|-unboost|p1b: Weezing|spa|1\n|move|p1b: Weezing|Dazzling Gleam|p2a: Mandibuzz|[spread] p2a,p2b\n|-supereffective|p2a: Mandibuzz\n|-supereffective|p2b: Garchomp\n|-damage|p2a: Mandibuzz|6\/100\n|-damage|p2b: Garchomp|0 fnt\n|faint|p2b: Garchomp\n|\n|-heal|p2a: Mandibuzz|12\/100|[from] item: Leftovers\n|upkeep\n|\n|t:|1730333611\n|switch|p2b: Ninetales|Ninetales-Alola, L50, F|100\/100\n|turn|4\n|\n|t:|1730333632\n|move|p2b: Ninetales|Blizzard|p1a: Toedscruel|[spread] p1a,p1b\n|-supereffective|p1a: Toedscruel\n|-damage|p1a: Toedscruel|0 fnt\n|-damage|p1b: Weezing|50\/100\n|faint|p1a: Toedscruel\n|move|p2a: Mandibuzz|Snarl|p1b: Weezing\n|-resisted|p1b: Weezing\n|-damage|p1b: Weezing|41\/100\n|-unboost|p1b: Weezing|spa|1\n|move|p1b: Weezing|Dazzling Gleam|p2a: Mandibuzz|[spread] p2a,p2b\n|-supereffective|p2a: Mandibuzz\n|-damage|p2a: Mandibuzz|0 fnt\n|-damage|p2b: Ninetales|84\/100\n|faint|p2a: Mandibuzz\n|\n|upkeep\n|\n|t:|1730333651\n|switch|p1a: Meowscarada|Meowscarada, L50, F|100\/100\n|switch|p2a: Bellibolt|Bellibolt, L50, F|100\/100\n|turn|5\n|\n|t:|1730333662\n|move|p1a: Meowscarada|Protect|p1a: Meowscarada\n|-singleturn|p1a: Meowscarada|Protect\n|move|p2b: Ninetales|Protect|p2b: Ninetales\n|-singleturn|p2b: Ninetales|Protect\n|move|p1b: Weezing|Sludge Bomb|p2b: Ninetales\n|-activate|p2b: Ninetales|move: Protect\n|move|p2a: Bellibolt|Parabolic Charge|p1b: Weezing|[spread] p1b\n|-activate|p2b: Ninetales|move: Protect\n|-activate|p1a: Meowscarada|move: Protect\n|-damage|p1b: Weezing|10\/100\n|\n|upkeep\n|turn|6\n|inactive|J.Ratri has 30 seconds left.\n|inactive|J.Ratri has 20 seconds left.\n|inactive|J.Ratri has 15 seconds left.\n|inactive|J.Ratri has 10 seconds left.\n|inactive|J.Ratri has 5 seconds left.\n|\n|t:|1730333713\n|-terastallize|p1a: Meowscarada|Stellar\n|move|p1b: Weezing|Protect|p1b: Weezing\n|-singleturn|p1b: Weezing|Protect\n|move|p1a: Meowscarada|Flower Trick|p2b: Ninetales\n|-crit|p2b: Ninetales\n|-damage|p2b: Ninetales|0 fnt\n|faint|p2b: Ninetales\n|move|p2a: Bellibolt|Parabolic Charge|p1a: Meowscarada|[spread] p1a\n|-activate|p1b: Weezing|move: Protect\n|-resisted|p1a: Meowscarada\n|-damage|p1a: Meowscarada|82\/100\n|\n|upkeep\n|turn|7\n|\n|t:|1730333732\n|move|p1a: Meowscarada|Flower Trick|p2a: Bellibolt\n|-crit|p2a: Bellibolt\n|-damage|p2a: Bellibolt|60\/100\n|move|p1b: Weezing|Dazzling Gleam|p2a: Bellibolt\n|-damage|p2a: Bellibolt|47\/100\n|move|p2a: Bellibolt|Parabolic Charge|p1a: Meowscarada|[spread] p1a,p1b\n|-resisted|p1a: Meowscarada\n|-damage|p1a: Meowscarada|62\/100\n|-heal|p2a: Bellibolt|54\/100|[from] drain|[of] p1a: Meowscarada\n|-damage|p1b: Weezing|0 fnt\n|-heal|p2a: Bellibolt|58\/100|[from] drain|[of] p1b: Weezing\n|faint|p1b: Weezing\n|-end|p1b: Weezing|ability: Neutralizing Gas\n|\n|upkeep\n|\n|t:|1730333747\n|switch|p1b: Blastoise|Blastoise, L50, M|100\/100\n|turn|8\n|c|\u2606Diddle08|Bellibolt is a cool choice\n|\n|t:|1730333768\n|-terastallize|p2a: Bellibolt|Grass\n|move|p1b: Blastoise|Fake Out|p2a: Bellibolt\n|-damage|p2a: Bellibolt|52\/100\n|-start|p2a: Bellibolt|Charge|Fake Out|[from] ability: Electromorphosis\n|move|p1a: Meowscarada|Knock Off|p2a: Bellibolt\n|-damage|p2a: Bellibolt|3\/100\n|-start|p2a: Bellibolt|Charge|Knock Off|[from] ability: Electromorphosis\n|-enditem|p2a: Bellibolt|Assault Vest|[from] move: Knock Off|[of] p1a: Meowscarada\n|cant|p2a: Bellibolt|flinch\n|-end|p2a: Bellibolt|Charge|[silent]\n|\n|upkeep\n|turn|9\n|-message|J.Ratri forfeited.\n|\n|win|Diddle08\n|raw|Diddle08's rating: 1640 &rarr; <strong>1665<\/strong><br \/>(+25 for winning)\n|raw|J.Ratri's rating: 1736 &rarr; <strong>1711<\/strong><br \/>(-25 for losing)\n|l|\u2606J.Ratri\n|player|p2|\n|l|\u2606Diddle08\n|player|p1|\n|l| Hikawari\n","uploadtime":1730334045,"views":16,"formatid":"gen9vgc2024regh","rating":1665,"private":0,"password":null}