{"id":"gen9vgc2024regh-2234228405","format":"[Gen 9] VGC 2024 Reg H","players":["ggfsb","ted31625"],"log":"|j|\u2606ggfsb\n|j|\u2606ted31625\n|t:|1730315225\n|gametype|doubles\n|player|p1|ggfsb|palmer|1703\n|player|p2|ted31625|1|1730\n|teamsize|p1|6\n|teamsize|p2|6\n|gen|9\n|tier|[Gen 9] VGC 2024 Reg H\n|rated|\n|rule|Species Clause: Limit one of each Pok\u00e9mon\n|rule|Item Clause: Limit 1 of each item\n|clearpoke\n|poke|p1|Glimmora, L50, M|\n|poke|p1|Rillaboom, L50, F|\n|poke|p1|Murkrow, L50, F|\n|poke|p1|Gholdengo, L50|\n|poke|p1|Tyranitar, L50, F|\n|poke|p1|Garchomp, L50, F|\n|poke|p2|Indeedee-F, L50, F|\n|poke|p2|Gallade, L50, M|\n|poke|p2|Ursaluna, L50, M|\n|poke|p2|Torkoal, L50, F|\n|poke|p2|Exeggutor, L50, M|\n|poke|p2|Zoroark-Hisui, L50, M|\n|teampreview|4\n|inactive|Battle timer is ON: inactive players will automatically lose when time's up. (requested by ted31625)\nted31625 has agreed to open team sheets.\n|j| Dogerunner\n|\n|t:|1730315256\n|start\n|switch|p1a: Gholdengo|Gholdengo, L50|100\/100\n|switch|p1b: Murkrow|Murkrow, L50, F|100\/100\n|switch|p2a: Indeedee|Indeedee-F, L50, F|100\/100\n|switch|p2b: Gallade|Gallade, L50, M|100\/100\n|-fieldstart|move: Psychic Terrain|[from] ability: Psychic Surge|[of] p2a: Indeedee\n|-enditem|p2a: Indeedee|Psychic Seed\n|-boost|p2a: Indeedee|spd|1|[from] item: Psychic Seed\n|turn|1\n|inactive|ggfsb has 30 seconds left.\n|\n|t:|1730315283\n|switch|p1a: Rillaboom|Rillaboom, L50, F|100\/100\n|-fieldstart|move: Grassy Terrain|[from] ability: Grassy Surge|[of] p1a: Rillaboom\n|move|p2b: Gallade|Wide Guard|p2b: Gallade\n|-singleturn|p2b: Gallade|Wide Guard\n|move|p1b: Murkrow|Brave Bird|p2b: Gallade\n|-supereffective|p2b: Gallade\n|-damage|p2b: Gallade|0 fnt\n|faint|p2b: Gallade\n|-damage|p1b: Murkrow|66\/100|[from] Recoil\n|move|p2a: Indeedee|Trick Room|p2a: Indeedee\n|-fieldstart|move: Trick Room|[of] p2a: Indeedee\n|\n|upkeep\n|\n|t:|1730315296\n|switch|p2b: Torkoal|Torkoal, L50, F|100\/100\n|-weather|SunnyDay|[from] ability: Drought|[of] p2b: Torkoal\n|turn|2\n|j| jdarcan\n|c| Dogerunner|Attack murkrow\n|\n|t:|1730315316\n|switch|p2a: Ursaluna|Ursaluna, L50, M|100\/100\n|switch|p1b: Tyranitar|Tyranitar, L50, F|100\/100\n|-weather|Sandstorm|[from] ability: Sand Stream|[of] p1b: Tyranitar\n|move|p1a: Rillaboom|Fake Out|p2b: Torkoal\n|-damage|p2b: Torkoal|89\/100\n|cant|p2b: Torkoal|flinch\n|\n|-weather|Sandstorm|[upkeep]\n|-damage|p2b: Torkoal|83\/100|[from] Sandstorm\n|-damage|p1a: Rillaboom|94\/100|[from] Sandstorm\n|-heal|p2b: Torkoal|89\/100|[from] Grassy Terrain\n|-heal|p1a: Rillaboom|100\/100|[from] Grassy Terrain\n|-status|p2a: Ursaluna|brn|[from] item: Flame Orb\n|upkeep\n|turn|3\n|inactive|ggfsb has 30 seconds left.\n|inactive|ggfsb has 20 seconds left.\n|\n|t:|1730315356\n|switch|p2b: Indeedee|Indeedee-F, L50, F|100\/100\n|-fieldstart|move: Psychic Terrain|[from] ability: Psychic Surge|[of] p2b: Indeedee\n|switch|p1b: Murkrow|Murkrow, L50, F|66\/100\n|-terastallize|p1a: Rillaboom|Fire\n|move|p2a: Ursaluna|Facade|p1a: Rillaboom\n|-damage|p1a: Rillaboom|0 fnt\n|faint|p1a: Rillaboom\n|\n|-weather|Sandstorm|[upkeep]\n|-damage|p2b: Indeedee|94\/100|[from] Sandstorm\n|-damage|p1b: Murkrow|60\/100|[from] Sandstorm\n|-damage|p2a: Ursaluna|94\/100 brn|[from] brn\n|upkeep\n|\n|t:|1730315363\n|switch|p1a: Tyranitar|Tyranitar, L50, F|100\/100\n|turn|4\n|inactive|ted31625 has 30 seconds left.\n|\n|t:|1730315394\n|switch|p2b: Torkoal|Torkoal, L50, F|89\/100\n|-weather|SunnyDay|[from] ability: Drought|[of] p2b: Torkoal\n|switch|p1b: Gholdengo|Gholdengo, L50|100\/100\n|move|p1a: Tyranitar|Protect|p1a: Tyranitar\n|-singleturn|p1a: Tyranitar|Protect\n|move|p2a: Ursaluna|Facade|p1a: Tyranitar\n|-activate|p1a: Tyranitar|move: Protect\n|\n|-weather|SunnyDay|[upkeep]\n|-damage|p2a: Ursaluna|88\/100 brn|[from] brn\n|upkeep\n|turn|5\n|\n|t:|1730315419\n|switch|p1a: Murkrow|Murkrow, L50, F|60\/100\n|-terastallize|p2b: Torkoal|Fire\n|move|p2b: Torkoal|Eruption|p1b: Gholdengo|[spread] p1a,p1b\n|-supereffective|p1b: Gholdengo\n|-damage|p1a: Murkrow|0 fnt\n|-damage|p1b: Gholdengo|0 fnt\n|faint|p1a: Murkrow\n|faint|p1b: Gholdengo\n|move|p2a: Ursaluna|Facade|p1: Murkrow|[notarget]\n|-fail|p2a: Ursaluna\n|\n|-weather|SunnyDay|[upkeep]\n|-damage|p2a: Ursaluna|82\/100 brn|[from] brn\n|-fieldend|move: Trick Room\n|upkeep\n|\n|t:|1730315421\n|switch|p1b: Tyranitar|Tyranitar, L50, F|100\/100\n|-weather|Sandstorm|[from] ability: Sand Stream|[of] p1b: Tyranitar\n|turn|6\n|\n|t:|1730315430\n|switch|p2b: Indeedee|Indeedee-F, L50, F|94\/100\n|move|p1b: Tyranitar|Low Kick|p2a: Ursaluna\n|-supereffective|p2a: Ursaluna\n|-damage|p2a: Ursaluna|19\/100 brn\n|move|p2a: Ursaluna|Facade|p1b: Tyranitar\n|-resisted|p1b: Tyranitar\n|-damage|p1b: Tyranitar|44\/100\n|\n|-weather|Sandstorm|[upkeep]\n|-damage|p2b: Indeedee|88\/100|[from] Sandstorm\n|-damage|p2a: Ursaluna|13\/100 brn|[from] brn\n|upkeep\n|turn|7\n|\n|t:|1730315442\n|switch|p2a: Torkoal|Torkoal, L50, F, tera:Fire|89\/100\n|-weather|SunnyDay|[from] ability: Drought|[of] p2a: Torkoal\n|move|p1b: Tyranitar|Rock Slide|p2b: Indeedee|[spread] p2a,p2b\n|-supereffective|p2a: Torkoal\n|-damage|p2a: Torkoal|42\/100\n|-damage|p2b: Indeedee|59\/100\n|move|p2b: Indeedee|Trick Room|p2b: Indeedee\n|-fieldstart|move: Trick Room|[of] p2b: Indeedee\n|\n|-weather|SunnyDay|[upkeep]\n|-fieldend|move: Psychic Terrain\n|upkeep\n|turn|8\n|\n|t:|1730315467\n|move|p2b: Indeedee|Helping Hand|p2a: Torkoal\n|-singleturn|p2a: Torkoal|Helping Hand|[of] p2b: Indeedee\n|move|p1b: Tyranitar|Protect|p1b: Tyranitar\n|-singleturn|p1b: Tyranitar|Protect\n|move|p2a: Torkoal|Weather Ball|p1b: Tyranitar\n|-activate|p1b: Tyranitar|move: Protect\n|\n|-weather|SunnyDay|[upkeep]\n|upkeep\n|turn|9\n|\n|t:|1730315486\n|move|p2b: Indeedee|Helping Hand|p2a: Torkoal\n|-singleturn|p2a: Torkoal|Helping Hand|[of] p2b: Indeedee\n|move|p2a: Torkoal|Weather Ball|p1b: Tyranitar\n|-resisted|p1b: Tyranitar\n|-damage|p1b: Tyranitar|0 fnt\n|faint|p1b: Tyranitar\n|\n|win|ted31625\n|raw|ggfsb's rating: 1703 &rarr; <strong>1685<\/strong><br \/>(-18 for losing)\n|raw|ted31625's rating: 1730 &rarr; <strong>1748<\/strong><br \/>(+18 for winning)\n|l|\u2606ted31625\n|player|p2|\n|l| Dogerunner\n|l|\u2606ggfsb\n|player|p1|\n|l| jdarcan\n","uploadtime":1730315639,"views":12,"formatid":"gen9vgc2024regh","rating":1685,"private":0,"password":null}