{"id":"gen9vgc2024regh-2235797335","format":"[Gen 9] VGC 2024 Reg H","players":["Pasodoble","Chairman Rose"],"log":"|j|\u2606Pasodoble\n|j|\u2606Chairman Rose\n|t:|1730521847\n|gametype|doubles\n|player|p1|Pasodoble|1|1696\n|player|p2|Chairman Rose|twins-gen4dp|1732\n|teamsize|p1|6\n|teamsize|p2|6\n|gen|9\n|tier|[Gen 9] VGC 2024 Reg H\n|rated|\n|rule|Species Clause: Limit one of each Pok\u00e9mon\n|rule|Item Clause: Limit 1 of each item\n|clearpoke\n|poke|p1|Hydreigon, L50, M|\n|poke|p1|Gholdengo, L50|\n|poke|p1|Whimsicott, L50, F|\n|poke|p1|Dragapult, L50, F|\n|poke|p1|Espathra, L50, F|\n|poke|p1|Volcarona, L50, M|\n|poke|p2|Weezing-Galar, L50, M|\n|poke|p2|Garchomp, L50, M|\n|poke|p2|Ninetales-Alola, L50, F|\n|poke|p2|Inteleon, L50, M|\n|poke|p2|Talonflame, L50, M|\n|poke|p2|Farigiraf, L50, F|\n|teampreview|4\nPasodoble has agreed to open team sheets.\n|j| RNGeez RandBats\n|\n|t:|1730521887\n|start\n|switch|p1a: Hydreigon|Hydreigon, L50, M|100\/100\n|switch|p1b: Espathra|Espathra, L50, F|100\/100\n|switch|p2a: Talonflame|Talonflame, L50, M|100\/100\n|switch|p2b: Weezing|Weezing-Galar, L50, M|100\/100\n|-ability|p2b: Weezing|Neutralizing Gas\n|-block|p2a: Talonflame|item: Ability Shield\n|-item|p2b: Weezing|Air Balloon\n|turn|1\n|\n|t:|1730521912\n|switch|p1a: Gholdengo|Gholdengo, L50|100\/100\n|move|p2a: Talonflame|Tailwind|p2a: Talonflame\n|-sidestart|p2: Chairman Rose|move: Tailwind\n|move|p2b: Weezing|Dazzling Gleam|p1b: Espathra|[spread] p1a,p1b\n|-resisted|p1a: Gholdengo\n|-damage|p1a: Gholdengo|88\/100\n|-damage|p1b: Espathra|72\/100\n|move|p1b: Espathra|Lumina Crash|p2a: Talonflame\n|-damage|p2a: Talonflame|51\/100\n|-unboost|p2a: Talonflame|spd|2\n|\n|upkeep\n|turn|2\n|j| tolkuschampion\n|\n|t:|1730521932\n|-end|p2b: Weezing|ability: Neutralizing Gas\n|switch|p2b: Garchomp|Garchomp, L50, M|100\/100\n|move|p1b: Espathra|Protect|p1b: Espathra\n|-singleturn|p1b: Espathra|Protect\n|move|p2a: Talonflame|Heat Wave|p1a: Gholdengo|[spread] \n|-activate|p1b: Espathra|move: Protect\n|-miss|p2a: Talonflame|p1a: Gholdengo\n|move|p1a: Gholdengo|Make It Rain|p2a: Talonflame|[spread] p2a,p2b\n|-resisted|p2a: Talonflame\n|-damage|p2a: Talonflame|0 fnt\n|-damage|p2b: Garchomp|10\/100\n|-unboost|p1a: Gholdengo|spa|1\n|faint|p2a: Talonflame\n|\n|-ability|p1b: Espathra|Speed Boost|boost\n|-boost|p1b: Espathra|spe|1\n|upkeep\n|\n|t:|1730521946\n|switch|p2a: Ninetales|Ninetales-Alola, L50, F|100\/100\n|-weather|Snow|[from] ability: Snow Warning|[of] p2a: Ninetales\n|turn|3\n|\n|t:|1730521963\n|switch|p1a: Hydreigon|Hydreigon, L50, M|100\/100\n|-terastallize|p2a: Ninetales|Ice\n|move|p2a: Ninetales|Blizzard|p1b: Espathra|[spread] p1a,p1b\n|-supereffective|p1a: Hydreigon\n|-damage|p1a: Hydreigon|46\/100\n|-damage|p1b: Espathra|24\/100\n|-enditem|p1b: Espathra|Sitrus Berry|[eat]\n|-heal|p1b: Espathra|49\/100|[from] item: Sitrus Berry\n|move|p2b: Garchomp|Stomping Tantrum|p1a: Hydreigon\n|-immune|p1a: Hydreigon|[from] ability: Levitate\n|move|p1b: Espathra|Lumina Crash|p2b: Garchomp\n|-damage|p2b: Garchomp|0 fnt\n|faint|p2b: Garchomp\n|\n|-weather|Snow|[upkeep]\n|-ability|p1b: Espathra|Speed Boost|boost\n|-boost|p1b: Espathra|spe|1\n|upkeep\n|\n|t:|1730521974\n|switch|p2b: Weezing|Weezing-Galar, L50, M|100\/100\n|-ability|p2b: Weezing|Neutralizing Gas\n|-item|p2b: Weezing|Air Balloon\n|turn|4\n|\n|t:|1730521998\n|move|p1b: Espathra|Protect|p1b: Espathra\n|-singleturn|p1b: Espathra|Protect\n|move|p2a: Ninetales|Blizzard|p1a: Hydreigon|[spread] p1a\n|-activate|p1b: Espathra|move: Protect\n|-supereffective|p1a: Hydreigon\n|-damage|p1a: Hydreigon|0 fnt\n|faint|p1a: Hydreigon\n|move|p2b: Weezing|Dazzling Gleam|p1b: Espathra\n|-activate|p1b: Espathra|move: Protect\n|\n|-weather|Snow|[upkeep]\n|-sideend|p2: Chairman Rose|move: Tailwind\n|upkeep\n|\n|t:|1730522004\n|switch|p1a: Whimsicott|Whimsicott, L50, F|100\/100\n|turn|5\n|\n|t:|1730522024\n|move|p1b: Espathra|Lumina Crash|p2a: Ninetales\n|-damage|p2a: Ninetales|66\/100\n|-unboost|p2a: Ninetales|spd|2\n|move|p1a: Whimsicott|Tailwind|p1a: Whimsicott\n|-sidestart|p1: Pasodoble|move: Tailwind\n|move|p2a: Ninetales|Blizzard|p1b: Espathra|[spread] p1a,p1b\n|-supereffective|p1a: Whimsicott\n|-damage|p1a: Whimsicott|0 fnt\n|-damage|p1b: Espathra|5\/100\n|faint|p1a: Whimsicott\n|move|p2b: Weezing|Dazzling Gleam|p1b: Espathra\n|-damage|p1b: Espathra|0 fnt\n|faint|p1b: Espathra\n|\n|-weather|Snow|[upkeep]\n|upkeep\n|\n|t:|1730522031\n|switch|p1b: Gholdengo|Gholdengo, L50|88\/100\n|turn|6\n|\n|t:|1730522044\n|-terastallize|p1b: Gholdengo|Steel\n|move|p2a: Ninetales|Protect|p2a: Ninetales\n|-singleturn|p2a: Ninetales|Protect\n|move|p2b: Weezing|Protect|p2b: Weezing\n|-singleturn|p2b: Weezing|Protect\n|move|p1b: Gholdengo|Make It Rain|p2b: Weezing|[spread] \n|-activate|p2a: Ninetales|move: Protect\n|-activate|p2b: Weezing|move: Protect\n|\n|-weather|Snow|[upkeep]\n|upkeep\n|turn|7\n|\n|t:|1730522056\n|move|p2a: Ninetales|Protect||[still]\n|-fail|p2a: Ninetales\n|move|p2b: Weezing|Protect||[still]\n|-fail|p2b: Weezing\n|move|p1b: Gholdengo|Make It Rain|p2b: Weezing|[spread] p2a,p2b\n|-supereffective|p2a: Ninetales\n|-supereffective|p2b: Weezing\n|-damage|p2a: Ninetales|0 fnt\n|-damage|p2b: Weezing|0 fnt\n|-unboost|p1b: Gholdengo|spa|1\n|-enditem|p2b: Weezing|Air Balloon\n|faint|p2a: Ninetales\n|faint|p2b: Weezing\n|-end|p2b: Weezing|ability: Neutralizing Gas\n|\n|win|Pasodoble\n|raw|Pasodoble's rating: 1696 &rarr; <strong>1718<\/strong><br \/>(+22 for winning)\n|raw|Chairman Rose's rating: 1732 &rarr; <strong>1710<\/strong><br \/>(-22 for losing)\n|l|\u2606Chairman Rose\n|player|p2|\n|l|\u2606Pasodoble\n|player|p1|\n|l| tolkuschampion\n","uploadtime":1730522312,"views":28,"formatid":"gen9vgc2024regh","rating":1710,"private":0,"password":null}