{"id":"gen9vgc2024regh-2235804222","format":"[Gen 9] VGC 2024 Reg H","players":["Chairman Rose","tinyyyy"],"log":"|j|\u2606Chairman Rose\n|j|\u2606tinyyyy\n|t:|1730523029\n|gametype|doubles\n|player|p1|Chairman Rose|twins-gen4dp|1716\n|player|p2|tinyyyy|iono|1645\n|teamsize|p1|6\n|teamsize|p2|6\n|gen|9\n|tier|[Gen 9] VGC 2024 Reg H\n|rated|\n|rule|Species Clause: Limit one of each Pok\u00e9mon\n|rule|Item Clause: Limit 1 of each item\n|clearpoke\n|poke|p1|Weezing-Galar, L50, M|\n|poke|p1|Garchomp, L50, F|\n|poke|p1|Ninetales-Alola, L50, M|\n|poke|p1|Inteleon, L50, M|\n|poke|p1|Talonflame, L50, M|\n|poke|p1|Farigiraf, L50, M|\n|poke|p2|Indeedee, L50, M|\n|poke|p2|Sneasler, L50, M|\n|poke|p2|Garchomp, L50, F|\n|poke|p2|Armarouge, L50, M|\n|poke|p2|Electabuzz, L50, F|\n|poke|p2|Mandibuzz, L50, F|\n|teampreview|4\n|j| RNGeez RandBats\n|\n|t:|1730523064\n|start\n|switch|p1a: Garchomp|Garchomp, L50, F|100\/100\n|switch|p1b: Weezing|Weezing-Galar, L50, M|100\/100\n|switch|p2a: Mandibuzz|Mandibuzz, L50, F|100\/100\n|switch|p2b: Garchomp|Garchomp, L50, F|100\/100\n|-ability|p1b: Weezing|Neutralizing Gas\n|-item|p1b: Weezing|Air Balloon\n|turn|1\n|\n|t:|1730523110\n|-terastallize|p1a: Garchomp|Ground\n|-terastallize|p2b: Garchomp|Ground\n|move|p1a: Garchomp|Stomping Tantrum|p2b: Garchomp\n|-damage|p2b: Garchomp|17\/100\n|move|p2b: Garchomp|Earthquake|p1a: Garchomp|[spread] p1a\n|-immune|p2a: Mandibuzz\n|-immune|p1b: Weezing\n|-damage|p1a: Garchomp|24\/100\n|move|p1b: Weezing|Dazzling Gleam|p2a: Mandibuzz|[spread] p2a,p2b\n|-supereffective|p2a: Mandibuzz\n|-damage|p2a: Mandibuzz|69\/100\n|-damage|p2b: Garchomp|0 fnt\n|faint|p2b: Garchomp\n|move|p2a: Mandibuzz|Taunt|p1b: Weezing\n|-start|p1b: Weezing|move: Taunt\n|\n|upkeep\n|\n|t:|1730523133\n|switch|p2b: Sneasler|Sneasler, L50, M|100\/100\n|turn|2\n|\n|t:|1730523152\n|move|p2b: Sneasler|Dire Claw|p1a: Garchomp\n|-resisted|p1a: Garchomp\n|-damage|p1a: Garchomp|1\/100\n|-status|p1a: Garchomp|psn\n|move|p1a: Garchomp|Stomping Tantrum|p2b: Sneasler\n|-supereffective|p2b: Sneasler\n|-damage|p2b: Sneasler|0 fnt\n|faint|p2b: Sneasler\n|move|p1b: Weezing|Dazzling Gleam|p2a: Mandibuzz\n|-supereffective|p2a: Mandibuzz\n|-damage|p2a: Mandibuzz|25\/100\n|-enditem|p2a: Mandibuzz|Sitrus Berry|[eat]\n|-heal|p2a: Mandibuzz|50\/100|[from] item: Sitrus Berry\n|move|p2a: Mandibuzz|Tailwind|p2a: Mandibuzz\n|-sidestart|p2: tinyyyy|move: Tailwind\n|\n|-damage|p1a: Garchomp|0 fnt|[from] psn\n|faint|p1a: Garchomp\n|upkeep\n|\n|t:|1730523162\n|switch|p2b: Indeedee|Indeedee, L50, M|100\/100\n|switch|p1a: Inteleon|Inteleon, L50, M|100\/100\n|turn|3\n|\n|t:|1730523201\n|move|p2b: Indeedee|Expanding Force|p1a: Inteleon\n|-damage|p1a: Inteleon|5\/100\n|move|p2a: Mandibuzz|Snarl|p1b: Weezing|[spread] p1a,p1b\n|-resisted|p1b: Weezing\n|-damage|p1a: Inteleon|0 fnt\n|-damage|p1b: Weezing|93\/100\n|-unboost|p1b: Weezing|spa|1\n|-enditem|p1b: Weezing|Air Balloon\n|faint|p1a: Inteleon\n|move|p1b: Weezing|Sludge Bomb|p2b: Indeedee\n|-damage|p2b: Indeedee|65\/100\n|\n|upkeep\n|\n|t:|1730523206\n|switch|p1a: Ninetales|Ninetales-Alola, L50, M|100\/100\n|turn|4\n|\n|t:|1730523222\n|move|p1a: Ninetales|Protect|p1a: Ninetales\n|-singleturn|p1a: Ninetales|Protect\n|move|p2b: Indeedee|Expanding Force|p1b: Weezing\n|-supereffective|p1b: Weezing\n|-damage|p1b: Weezing|0 fnt\n|faint|p1b: Weezing\n|-end|p1b: Weezing|ability: Neutralizing Gas\n|-fieldstart|move: Psychic Terrain|[from] ability: Psychic Surge|[of] p2b: Indeedee\n|-weather|Snow|[from] ability: Snow Warning|[of] p1a: Ninetales\n|move|p2a: Mandibuzz|Snarl|p1a: Ninetales\n|-activate|p1a: Ninetales|move: Protect\n|\n|-weather|Snow|[upkeep]\n|upkeep\n|turn|5\n|j| moon7777\n|\n|t:|1730523244\n|move|p1a: Ninetales|Protect|p1a: Ninetales\n|-singleturn|p1a: Ninetales|Protect\n|move|p2b: Indeedee|Expanding Force|p1a: Ninetales\n|-activate|p1a: Ninetales|move: Protect\n|move|p2a: Mandibuzz|Foul Play|p1a: Ninetales\n|-activate|p1a: Ninetales|move: Protect\n|\n|-weather|Snow|[upkeep]\n|-sideend|p2: tinyyyy|move: Tailwind\n|upkeep\n|turn|6\n|\n|t:|1730523265\n|move|p1a: Ninetales|Blizzard|p2a: Mandibuzz|[spread] p2a,p2b\n|-supereffective|p2a: Mandibuzz\n|-damage|p2a: Mandibuzz|14\/100\n|-damage|p2b: Indeedee|21\/100\n|move|p2b: Indeedee|Expanding Force|p1a: Ninetales\n|-enditem|p1a: Ninetales|Focus Sash\n|-damage|p1a: Ninetales|1\/100\n|move|p2a: Mandibuzz|Tailwind|p2a: Mandibuzz\n|-sidestart|p2: tinyyyy|move: Tailwind\n|\n|-weather|Snow|[upkeep]\n|upkeep\n|turn|7\n|\n|t:|1730523280\n|move|p2b: Indeedee|Expanding Force|p1a: Ninetales\n|-damage|p1a: Ninetales|0 fnt\n|faint|p1a: Ninetales\n|\n|win|tinyyyy\n|raw|Chairman Rose's rating: 1716 &rarr; <strong>1692<\/strong><br \/>(-24 for losing)\n|raw|tinyyyy's rating: 1645 &rarr; <strong>1669<\/strong><br \/>(+24 for winning)\n|l| RNGeez RandBats\n|l|\u2606Chairman Rose\n|player|p1|\n|l|\u2606tinyyyy\n|player|p2|\n","uploadtime":1730523468,"views":28,"formatid":"gen9vgc2024regh","rating":1669,"private":0,"password":null}