{"id":"gen9vgc2024regh-2235315008","format":"[Gen 9] VGC 2024 Reg H","players":["TheOnlyFizzo","meowsticgaming"],"log":"|j|\u2606TheOnlyFizzo\n|j|\u2606meowsticgaming\n|t:|1730466303\n|gametype|doubles\n|player|p1|TheOnlyFizzo|1|1692\n|player|p2|meowsticgaming|burglar-gen1rb|1765\n|teamsize|p1|6\n|teamsize|p2|6\n|gen|9\n|tier|[Gen 9] VGC 2024 Reg H\n|rated|\n|rule|Species Clause: Limit one of each Pok\u00e9mon\n|rule|Item Clause: Limit 1 of each item\n|clearpoke\n|poke|p1|Metagross, L50|\n|poke|p1|Farigiraf, L50, M|\n|poke|p1|Torkoal, L50, F|\n|poke|p1|Smeargle, L50, F|\n|poke|p1|Annihilape, L50, M|\n|poke|p1|Ursaluna-Bloodmoon, L50, M|\n|poke|p2|Dondozo, L50, F|\n|poke|p2|Tatsugiri, L50, F|\n|poke|p2|Glimmora, L50, F|\n|poke|p2|Kingambit, L50, F|\n|poke|p2|Annihilape, L50, M|\n|poke|p2|Dragonite, L50, M|\n|teampreview|4\n|inactive|Battle timer is ON: inactive players will automatically lose when time's up. (requested by TheOnlyFizzo)\n|\n|t:|1730466324\n|start\n|switch|p1a: Smeargle|Smeargle, L50, F|100\/100\n|switch|p1b: Annihilape|Annihilape, L50, M|100\/100\n|switch|p2a: Kingambit|Kingambit, L50, F|100\/100\n|switch|p2b: Glimmora|Glimmora, L50, F|100\/100\n|turn|1\n|inactive|meowsticgaming has 30 seconds left.\n|inactive|meowsticgaming has 20 seconds left.\n|inactive|meowsticgaming has 15 seconds left.\n|\n|t:|1730466365\n|-terastallize|p2a: Kingambit|Flying\n|move|p1a: Smeargle|Water Shuriken|p1b: Annihilape\n|-damage|p1b: Annihilape|99\/100\n|-damage|p1b: Annihilape|99\/100\n|-damage|p1b: Annihilape|98\/100\n|-damage|p1b: Annihilape|97\/100\n|-hitcount|p1b: Annihilape|4\n|move|p1b: Annihilape|Rage Fist|p2b: Glimmora\n|-damage|p2b: Glimmora|0 fnt\n|-activate|p2b: Glimmora|ability: Toxic Debris\n|-sidestart|p1: TheOnlyFizzo|move: Toxic Spikes\n|faint|p2b: Glimmora\n|move|p2a: Kingambit|Kowtow Cleave|p1a: Smeargle\n|-damage|p1a: Smeargle|0 fnt\n|faint|p1a: Smeargle\n|\n|upkeep\n|inactive|TheOnlyFizzo has 30 seconds left.\n|inactive|TheOnlyFizzo has 20 seconds left.\n|inactive|TheOnlyFizzo has 15 seconds left.\n|inactive|TheOnlyFizzo has 10 seconds left.\n|inactive|TheOnlyFizzo has 5 seconds left.\n|\n|t:|1730466418\n|switch|p2b: Dondozo|Dondozo, L50, F|100\/100\n|switch|p1a: Farigiraf|Farigiraf, L50, M|100\/100\n|-status|p1a: Farigiraf|psn\n|turn|2\n|inactive|TheOnlyFizzo has 30 seconds left.\n|\n|t:|1730466452\n|-terastallize|p1b: Annihilape|Grass\n|move|p1a: Farigiraf|Helping Hand|p1b: Annihilape\n|-singleturn|p1b: Annihilape|Helping Hand|[of] p1a: Farigiraf\n|move|p2b: Dondozo|Protect|p2b: Dondozo\n|-singleturn|p2b: Dondozo|Protect\n|move|p1b: Annihilape|Rage Fist|p2b: Dondozo\n|-activate|p2b: Dondozo|move: Protect\n|move|p2a: Kingambit|Kowtow Cleave|p1b: Annihilape\n|-damage|p1b: Annihilape|33\/100\n|\n|-damage|p1a: Farigiraf|88\/100 psn|[from] psn\n|upkeep\n|turn|3\n|\n|t:|1730466476\n|switch|p2b: Tatsugiri|Tatsugiri, L50, F|100\/100\n|move|p1b: Annihilape|Rage Fist|p2b: Tatsugiri\n|-enditem|p2b: Tatsugiri|Focus Sash\n|-damage|p2b: Tatsugiri|1\/100\n|move|p2a: Kingambit|Kowtow Cleave|p1b: Annihilape\n|-crit|p1b: Annihilape\n|-damage|p1b: Annihilape|0 fnt\n|faint|p1b: Annihilape\n|move|p1a: Farigiraf|Trick Room|p1a: Farigiraf\n|-fieldstart|move: Trick Room|[of] p1a: Farigiraf\n|\n|-damage|p1a: Farigiraf|76\/100 psn|[from] psn\n|upkeep\n|\n|t:|1730466491\n|switch|p1b: Ursaluna|Ursaluna-Bloodmoon, L50, M|100\/100\n|-status|p1b: Ursaluna|psn\n|turn|4\n|inactive|meowsticgaming has 30 seconds left.\n|inactive|meowsticgaming has 20 seconds left.\n|inactive|meowsticgaming has 15 seconds left.\n|inactive|meowsticgaming has 10 seconds left.\n|\n|t:|1730466539\n|switch|p2a: Dondozo|Dondozo, L50, F|100\/100\n|-activate|p2b: Tatsugiri|ability: Commander|[of] p2a: Dondozo\n|-boost|p2a: Dondozo|atk|2\n|-boost|p2a: Dondozo|spa|2\n|-boost|p2a: Dondozo|spe|2\n|-boost|p2a: Dondozo|def|2\n|-boost|p2a: Dondozo|spd|2\n|move|p1b: Ursaluna|Blood Moon|p2a: Dondozo\n|-damage|p2a: Dondozo|50\/100\n|move|p1a: Farigiraf|Dazzling Gleam|p2a: Dondozo|[spread] p2a\n|-miss|p1a: Farigiraf|p2b: Tatsugiri\n|-damage|p2a: Dondozo|41\/100\n|\n|-heal|p2a: Dondozo|47\/100|[from] item: Leftovers\n|-damage|p1b: Ursaluna|88\/100 psn|[from] psn\n|-damage|p1a: Farigiraf|63\/100 psn|[from] psn\n|upkeep\n|turn|5\n|\n|t:|1730466560\n|move|p1a: Farigiraf|Helping Hand|p1b: Ursaluna\n|-singleturn|p1b: Ursaluna|Helping Hand|[of] p1a: Farigiraf\n|move|p1b: Ursaluna|Hyper Voice|p2a: Dondozo|[spread] p2a\n|-miss|p1b: Ursaluna|p2b: Tatsugiri\n|-damage|p2a: Dondozo|10\/100\n|move|p2a: Dondozo|Wave Crash|p1a: Farigiraf\n|-damage|p1a: Farigiraf|0 fnt\n|faint|p1a: Farigiraf\n|-damage|p2a: Dondozo|0 fnt|[from] Recoil\n|faint|p2a: Dondozo\n|\n|-damage|p1b: Ursaluna|76\/100 psn|[from] psn\n|upkeep\n|\n|t:|1730466570\n|switch|p2a: Kingambit|Kingambit, L50, F, tera:Flying|100\/100\n|turn|6\n|\n|t:|1730466586\n|move|p2a: Kingambit|Protect|p2a: Kingambit\n|-singleturn|p2a: Kingambit|Protect\n|move|p2b: Tatsugiri|Protect|p2b: Tatsugiri\n|-singleturn|p2b: Tatsugiri|Protect\n|move|p1b: Ursaluna|Hyper Voice|p2b: Tatsugiri|[spread] \n|-activate|p2a: Kingambit|move: Protect\n|-activate|p2b: Tatsugiri|move: Protect\n|\n|-damage|p1b: Ursaluna|64\/100 psn|[from] psn\n|upkeep\n|turn|7\n|\n|t:|1730466599\n|move|p2a: Kingambit|Sucker Punch|p1b: Ursaluna\n|-damage|p1b: Ursaluna|30\/100 psn\n|move|p1b: Ursaluna|Blood Moon|p2a: Kingambit\n|-damage|p2a: Kingambit|5\/100\n|move|p2b: Tatsugiri|Draco Meteor|p1b: Ursaluna\n|-damage|p1b: Ursaluna|0 fnt\n|-unboost|p2b: Tatsugiri|spa|2\n|faint|p1b: Ursaluna\n|\n|win|meowsticgaming\n|raw|TheOnlyFizzo's rating: 1692 &rarr; <strong>1676<\/strong><br \/>(-16 for losing)\n|raw|meowsticgaming's rating: 1765 &rarr; <strong>1781<\/strong><br \/>(+16 for winning)\n|l|\u2606meowsticgaming\n|player|p2|\n|j|\u2606meowsticgaming\n|player|p2|meowsticgaming|burglar-gen1rb|\n","uploadtime":1730466624,"views":24,"formatid":"gen9vgc2024regh","rating":1676,"private":0,"password":null}