{"id":"gen9vgc2024regh-2235352913","format":"[Gen 9] VGC 2024 Reg H","players":["roykeenkennedy","actuary97"],"log":"|j|\u2606roykeenkennedy\n|j|\u2606actuary97\n|t:|1730470614\n|gametype|doubles\n|player|p1|roykeenkennedy|alder|1833\n|player|p2|actuary97|sabrina-frlg|1892\n|teamsize|p1|6\n|teamsize|p2|6\n|gen|9\n|tier|[Gen 9] VGC 2024 Reg H\n|rated|\n|rule|Species Clause: Limit one of each Pok\u00e9mon\n|rule|Item Clause: Limit 1 of each item\n|clearpoke\n|poke|p1|Tyranitar, L50, F|\n|poke|p1|Skeledirge, L50, F|\n|poke|p1|Meowscarada, L50, M|\n|poke|p1|Grimmsnarl, L50, M|\n|poke|p1|Wartortle, L50, F|\n|poke|p1|Houndstone, L50, F|\n|poke|p2|Whimsicott, L50, F|\n|poke|p2|Gallade, L50, M|\n|poke|p2|Archaludon, L50, F|\n|poke|p2|Malamar, L50, F|\n|poke|p2|Indeedee, L50, M|\n|poke|p2|Drifblim, L50, M|\n|teampreview|4\nactuary97 has agreed to open team sheets.\n|c|\u2606actuary97|cool team\nroykeenkennedy has agreed to open team sheets.\n|\n|t:|1730470647\n|start\n|switch|p1a: Meowscarada|Meowscarada, L50, M|100\/100\n|switch|p1b: Skeledirge|Skeledirge, L50, F|100\/100\n|switch|p2a: Mischief Mother|Whimsicott, L50, F, shiny|100\/100\n|switch|p2b: Tapu Deedee|Indeedee, L50, M, shiny|100\/100\n|-fieldstart|move: Psychic Terrain|[from] ability: Psychic Surge|[of] p2b: Tapu Deedee\n|turn|1\n|j| spanish fraud\n|c|\u2606roykeenkennedy|It's one of my messing around teams\n|\n|t:|1730470686\n|switch|p2b: Bridget|Archaludon, L50, F, shiny|100\/100\n|move|p1a: Meowscarada|Grass Pledge|p2a: Mischief Mother\n|-waiting|p1a: Meowscarada|p1b: Skeledirge\n|move|p1b: Skeledirge|Fire Pledge|p2a: Mischief Mother|[from]move: Grass Pledge\n|-combine\n|-supereffective|p2a: Mischief Mother\n|-enditem|p2a: Mischief Mother|Focus Sash\n|-damage|p2a: Mischief Mother|1\/100\n|-sidestart|p2: actuary97|Fire Pledge\n|move|p2a: Mischief Mother|Moonblast|p1a: Meowscarada\n|-supereffective|p1a: Meowscarada\n|-enditem|p1a: Meowscarada|Focus Sash\n|-damage|p1a: Meowscarada|1\/100\n|\n|-damage|p2a: Mischief Mother|0 fnt|[from] Fire Pledge\n|faint|p2a: Mischief Mother\n|-damage|p2b: Bridget|88\/100|[from] Fire Pledge\n|upkeep\n|\n|t:|1730470693\n|switch|p2a: \u2694\ufe0fKing\u2694\ufe0f|Gallade, L50, M, shiny|100\/100\n|turn|2\n|\n|t:|1730470720\n|move|p2a: \u2694\ufe0fKing\u2694\ufe0f|Protect|p2a: \u2694\ufe0fKing\u2694\ufe0f\n|-singleturn|p2a: \u2694\ufe0fKing\u2694\ufe0f|Protect\n|move|p1a: Meowscarada|Knock Off|p2b: Bridget\n|-damage|p2b: Bridget|55\/100\n|-ability|p2b: Bridget|Stamina|boost\n|-boost|p2b: Bridget|def|1\n|-enditem|p2b: Bridget|Assault Vest|[from] move: Knock Off|[of] p1a: Meowscarada\n|move|p2b: Bridget|Snarl|p1b: Skeledirge|[spread] p1a,p1b\n|-resisted|p1a: Meowscarada\n|-supereffective|p1b: Skeledirge\n|-crit|p1b: Skeledirge\n|-damage|p1a: Meowscarada|0 fnt\n|-damage|p1b: Skeledirge|68\/100\n|-unboost|p1b: Skeledirge|spa|1\n|faint|p1a: Meowscarada\n|move|p1b: Skeledirge|Fire Spin|p2b: Bridget\n|-damage|p2b: Bridget|46\/100\n|-activate|p2b: Bridget|move: Fire Spin|[of] p1b: Skeledirge\n|-ability|p2b: Bridget|Stamina|boost\n|-boost|p2b: Bridget|def|1\n|\n|-damage|p2a: \u2694\ufe0fKing\u2694\ufe0f|88\/100|[from] Fire Pledge\n|-damage|p2b: Bridget|34\/100|[from] Fire Pledge\n|-heal|p1b: Skeledirge|74\/100|[from] item: Leftovers\n|-damage|p2b: Bridget|22\/100|[from] move: Fire Spin|[partiallytrapped]\n|upkeep\n|\n|t:|1730470743\n|switch|p1a: Tyranitar|Tyranitar, L50, F|100\/100\n|-weather|Sandstorm|[from] ability: Sand Stream|[of] p1a: Tyranitar\n|turn|3\n|\n|t:|1730470769\n|-terastallize|p1a: Tyranitar|Flying\n|move|p2a: \u2694\ufe0fKing\u2694\ufe0f|Psycho Cut|p1a: Tyranitar\n|-damage|p1a: Tyranitar|42\/100\n|move|p2b: Bridget|Snarl|p1a: Tyranitar|[spread] p1a,p1b\n|-supereffective|p1b: Skeledirge\n|-damage|p1a: Tyranitar|35\/100\n|-damage|p1b: Skeledirge|55\/100\n|-unboost|p1a: Tyranitar|spa|1\n|-unboost|p1b: Skeledirge|spa|1\n|move|p1b: Skeledirge|Slack Off|p1b: Skeledirge\n|-heal|p1b: Skeledirge|100\/100\n|move|p1a: Tyranitar|Tera Blast|p2a: \u2694\ufe0fKing\u2694\ufe0f|[anim] Tera Blast Flying\n|-supereffective|p2a: \u2694\ufe0fKing\u2694\ufe0f\n|-damage|p2a: \u2694\ufe0fKing\u2694\ufe0f|0 fnt\n|faint|p2a: \u2694\ufe0fKing\u2694\ufe0f\n|\n|-weather|Sandstorm|[upkeep]\n|-damage|p1b: Skeledirge|94\/100|[from] Sandstorm\n|-damage|p1a: Tyranitar|29\/100|[from] Sandstorm\n|-damage|p2b: Bridget|10\/100|[from] Fire Pledge\n|-heal|p1b: Skeledirge|100\/100|[from] item: Leftovers\n|-damage|p2b: Bridget|0 fnt|[from] move: Fire Spin|[partiallytrapped]\n|faint|p2b: Bridget\n|upkeep\n|\n|t:|1730470774\n|switch|p2b: Tapu Deedee|Indeedee, L50, M, shiny|100\/100\n|turn|4\n|c|\u2606actuary97|needed that crit to have a chance at winning gg\n|\n|t:|1730470803\n|move|p2b: Tapu Deedee|Expanding Force|p1b: Skeledirge|[spread] p1a,p1b\n|-damage|p1a: Tyranitar|0 fnt\n|-damage|p1b: Skeledirge|31\/100\n|faint|p1a: Tyranitar\n|move|p1b: Skeledirge|Yawn|p2b: Tapu Deedee\n|-start|p2b: Tapu Deedee|move: Yawn|[of] p1b: Skeledirge\n|\n|-weather|Sandstorm|[upkeep]\n|-damage|p2b: Tapu Deedee|95\/100|[from] Sandstorm\n|-damage|p1b: Skeledirge|25\/100|[from] Sandstorm\n|-damage|p2b: Tapu Deedee|82\/100|[from] Fire Pledge\n|-heal|p1b: Skeledirge|31\/100|[from] item: Leftovers\n|-sideend|p2: actuary97|Fire Pledge\n|upkeep\n|\n|t:|1730470816\n|switch|p1a: Houndstone|Houndstone, L50, F|100\/100\n|turn|5\n|\n|t:|1730470844\n|move|p1a: Houndstone|Howl|p1a: Houndstone|[spread] p1a,p1b\n|-boost|p1a: Houndstone|atk|1\n|-boost|p1b: Skeledirge|atk|1\n|move|p2b: Tapu Deedee|Expanding Force|p1a: Houndstone|[spread] p1a,p1b\n|-damage|p1a: Houndstone|0 fnt\n|-damage|p1b: Skeledirge|0 fnt\n|faint|p1a: Houndstone\n|faint|p1b: Skeledirge\n|\n|win|actuary97\n|raw|roykeenkennedy's rating: 1833 &rarr; <strong>1816<\/strong><br \/>(-17 for losing)\n|raw|actuary97's rating: 1892 &rarr; <strong>1909<\/strong><br \/>(+17 for winning)\n|c|\u2606actuary97|oh no!!\n|c|\u2606actuary97|u had that\n|c|\u2606roykeenkennedy|Nah\n|c|\u2606actuary97|if u protect houndstone\n|c|\u2606actuary97|I go to sleep?\n|c|\u2606roykeenkennedy|Yeah but play rough wouldn't hit hard enough\n|c|\u2606actuary97|oh\n|c|\u2606actuary97|indeedee has ass physical defense\n|c|\u2606roykeenkennedy|He shoulda been able to live\n|c|\u2606actuary97|but gg bro\n|c|\u2606actuary97|cool team\n|c|\u2606actuary97|with sleep turns and sand chip it's hard to say\n|c|\u2606roykeenkennedy|Based off what skele took\n|c|\u2606roykeenkennedy|Gg\n|l|\u2606roykeenkennedy\n|player|p1|\n|l|\u2606actuary97\n|player|p2|\n|j|\u2606actuary97\n|player|p2|actuary97|sabrina-frlg|\n|l|\u2606actuary97\n|player|p2|\n","uploadtime":1730470874,"views":120,"formatid":"gen9vgc2024regh","rating":1816,"private":0,"password":null}