{"id":"gen9vgc2024regh-2235986830","format":"[Gen 9] VGC 2024 Reg H","players":["pokequimico","chiitancrazymascot"],"log":"|j|\u2606pokequimico\n|j|\u2606chiitancrazymascot\n|t:|1730558590\n|gametype|doubles\n|player|p1|pokequimico|lucas|1722\n|player|p2|chiitancrazymascot|pokemaniac|1774\n|teamsize|p1|6\n|teamsize|p2|6\n|gen|9\n|tier|[Gen 9] VGC 2024 Reg H\n|rated|\n|rule|Species Clause: Limit one of each Pok\u00e9mon\n|rule|Item Clause: Limit 1 of each item\n|clearpoke\n|poke|p1|Sneasler, L50, F|\n|poke|p1|Typhlosion-Hisui, L50, F|\n|poke|p1|Rillaboom, L50, M|\n|poke|p1|Kingambit, L50, M|\n|poke|p1|Dragonite, L50, F|\n|poke|p1|Primarina, L50, F|\n|poke|p2|Annihilape, L50, F|\n|poke|p2|Dondozo, L50, M|\n|poke|p2|Maushold-Four, L50|\n|poke|p2|Gholdengo, L50|\n|poke|p2|Whimsicott, L50, F|\n|poke|p2|Tatsugiri, L50, F|\n|teampreview|4\n|inactive|Battle timer is ON: inactive players will automatically lose when time's up. (requested by chiitancrazymascot)\n|\n|t:|1730558611\n|start\n|switch|p1a: Primarina|Primarina, L50, F|100\/100\n|switch|p1b: Sneasler|Sneasler, L50, F|100\/100\n|switch|p2a: Maushold|Maushold-Four, L50|100\/100\n|switch|p2b: Annihilape|Annihilape, L50, F, shiny|100\/100\n|turn|1\n|\n|t:|1730558621\n|switch|p1a: Kingambit|Kingambit, L50, M|100\/100\n|move|p2a: Maushold|Protect|p2a: Maushold\n|-singleturn|p2a: Maushold|Protect\n|move|p1b: Sneasler|Dire Claw|p2b: Annihilape\n|-resisted|p2b: Annihilape\n|-damage|p2b: Annihilape|84\/100\n|-status|p2b: Annihilape|slp\n|cant|p2b: Annihilape|slp\n|\n|upkeep\n|turn|2\n|\n|t:|1730558637\n|switch|p1b: Typhlosion|Typhlosion-Hisui, L50, F|100\/100\n|-item|p2a: Maushold|Focus Sash|[from] ability: Frisk|[of] p1b: Typhlosion\n|-item|p2b: Annihilape|Sitrus Berry|[from] ability: Frisk|[of] p1b: Typhlosion\n|move|p2a: Maushold|Beat Up|p2b: Annihilape\n|-damage|p2b: Annihilape|82\/100 slp\n|-damage|p2b: Annihilape|80\/100 slp\n|-damage|p2b: Annihilape|78\/100 slp\n|-hitcount|p2b: Annihilape|3\n|cant|p2b: Annihilape|slp\n|move|p1a: Kingambit|Kowtow Cleave|p2a: Maushold\n|-damage|p2a: Maushold|42\/100\n|\n|upkeep\n|turn|3\n|\n|t:|1730558648\n|-terastallize|p1b: Typhlosion|Fire\n|move|p2a: Maushold|Protect|p2a: Maushold\n|-singleturn|p2a: Maushold|Protect\n|move|p1b: Typhlosion|Eruption|p2b: Annihilape|[spread] p2b\n|-activate|p2a: Maushold|move: Protect\n|-damage|p2b: Annihilape|35\/100 slp\n|-enditem|p2b: Annihilape|Sitrus Berry|[eat]\n|-heal|p2b: Annihilape|60\/100 slp|[from] item: Sitrus Berry\n|cant|p2b: Annihilape|slp\n|move|p1a: Kingambit|Kowtow Cleave|p2b: Annihilape\n|-damage|p2b: Annihilape|25\/100 slp\n|\n|upkeep\n|turn|4\n|\n|t:|1730558661\n|-curestatus|p2b: Annihilape|slp|[msg]\n|move|p2b: Annihilape|Protect|p2b: Annihilape\n|-singleturn|p2b: Annihilape|Protect\n|move|p2a: Maushold|Follow Me|p2a: Maushold\n|-singleturn|p2a: Maushold|move: Follow Me\n|move|p1b: Typhlosion|Eruption|p2a: Maushold|[spread] p2a\n|-activate|p2b: Annihilape|move: Protect\n|-damage|p2a: Maushold|0 fnt\n|faint|p2a: Maushold\n|move|p1a: Kingambit|Swords Dance|p1a: Kingambit\n|-boost|p1a: Kingambit|atk|2\n|\n|upkeep\n|\n|t:|1730558663\n|switch|p2a: Dondozo|Dondozo, L50, M, shiny|100\/100\n|turn|5\n|\n|t:|1730558670\n|switch|p1b: Primarina|Primarina, L50, F|100\/100\n|switch|p2b: Tatsugiri|Tatsugiri, L50, F, shiny|100\/100\n|-activate|p2b: Tatsugiri|ability: Commander|[of] p2a: Dondozo\n|-boost|p2a: Dondozo|atk|2\n|-boost|p2a: Dondozo|spa|2\n|-boost|p2a: Dondozo|spe|2\n|-boost|p2a: Dondozo|def|2\n|-boost|p2a: Dondozo|spd|2\n|move|p2a: Dondozo|Wave Crash|p1b: Primarina\n|-resisted|p1b: Primarina\n|-damage|p1b: Primarina|32\/100\n|-damage|p2a: Dondozo|84\/100|[from] Recoil\n|move|p1a: Kingambit|Kowtow Cleave|p2a: Dondozo\n|-damage|p2a: Dondozo|66\/100\n|\n|-heal|p2a: Dondozo|72\/100|[from] item: Leftovers\n|upkeep\n|turn|6\n|\n|t:|1730558678\n|switch|p1a: Sneasler|Sneasler, L50, F|100\/100\n|move|p1b: Primarina|Protect|p1b: Primarina\n|-singleturn|p1b: Primarina|Protect\n|move|p2a: Dondozo|Wave Crash|p1b: Primarina\n|-activate|p1b: Primarina|move: Protect\n|\n|-heal|p2a: Dondozo|79\/100|[from] item: Leftovers\n|upkeep\n|turn|7\n|inactive|pokequimico has 30 seconds left.\n|\n|t:|1730558710\n|move|p1a: Sneasler|Fake Out|p2a: Dondozo\n|-damage|p2a: Dondozo|74\/100\n|cant|p2a: Dondozo|flinch\n|move|p1b: Primarina|Haze|p1b: Primarina\n|-clearallboost\n|\n|-heal|p2a: Dondozo|80\/100|[from] item: Leftovers\n|upkeep\n|turn|8\n|\n|t:|1730558714\n|move|p1a: Sneasler|Dire Claw|p2a: Dondozo\n|-damage|p2a: Dondozo|48\/100\n|-status|p2a: Dondozo|slp\n|move|p1b: Primarina|Moonblast|p2a: Dondozo\n|-crit|p2a: Dondozo\n|-damage|p2a: Dondozo|0 fnt\n|faint|p2a: Dondozo\n|-damage|p1b: Primarina|22\/100|[from] item: Life Orb\n|\n|upkeep\n|\n|t:|1730558723\n|switch|p2a: Annihilape|Annihilape, L50, F, shiny|25\/100\n|turn|9\n|\n|t:|1730558731\n|move|p2b: Tatsugiri|Icy Wind|p1b: Primarina|[spread] p1a,p1b\n|-resisted|p1b: Primarina\n|-damage|p1a: Sneasler|82\/100\n|-damage|p1b: Primarina|16\/100\n|-unboost|p1a: Sneasler|spe|1\n|-unboost|p1b: Primarina|spe|1\n|move|p1a: Sneasler|Dire Claw|p2b: Tatsugiri\n|-damage|p2b: Tatsugiri|28\/100\n|-status|p2b: Tatsugiri|psn|[from] ability: Poison Touch|[of] p1a: Sneasler\n|move|p2a: Annihilape|Rage Fist|p1a: Sneasler\n|-damage|p1a: Sneasler|0 fnt\n|faint|p1a: Sneasler\n|move|p1b: Primarina|Moonblast|p2a: Annihilape\n|-supereffective|p2a: Annihilape\n|-damage|p2a: Annihilape|0 fnt\n|faint|p2a: Annihilape\n|-damage|p1b: Primarina|6\/100|[from] item: Life Orb\n|\n|-damage|p2b: Tatsugiri|15\/100 psn|[from] psn\n|upkeep\n|\n|t:|1730558735\n|switch|p1a: Typhlosion|Typhlosion-Hisui, L50, F, tera:Fire|100\/100\n|-item|p2b: Tatsugiri|Choice Scarf|[from] ability: Frisk|[of] p1a: Typhlosion\n|turn|10\n|-message|chiitancrazymascot forfeited.\n|\n|win|pokequimico\n|raw|pokequimico's rating: 1722 &rarr; <strong>1745<\/strong><br \/>(+23 for winning)\n|raw|chiitancrazymascot's rating: 1774 &rarr; <strong>1751<\/strong><br \/>(-23 for losing)\n|l|\u2606chiitancrazymascot\n|player|p2|\n|l|\u2606pokequimico\n|player|p1|\n","uploadtime":1730558915,"views":19,"formatid":"gen9vgc2024regh","rating":1745,"private":0,"password":null}