{"id":"gen9vgc2024regh-2235562225","format":"[Gen 9] VGC 2024 Reg H","players":["cilan123","ren122333"],"log":"|j|\u2606cilan123\n|j|\u2606ren122333\n|t:|1730491608\n|gametype|doubles\n|player|p1|cilan123|cilan|1658\n|player|p2|ren122333|hilbert|1724\n|teamsize|p1|6\n|teamsize|p2|6\n|gen|9\n|tier|[Gen 9] VGC 2024 Reg H\n|rated|\n|rule|Species Clause: Limit one of each Pok\u00e9mon\n|rule|Item Clause: Limit 1 of each item\n|clearpoke\n|poke|p1|Gallade, L50, M|\n|poke|p1|Exeggutor, L50, F|\n|poke|p1|Charizard, L50, F|\n|poke|p1|Ursaluna, L50, M|\n|poke|p1|Torkoal, L50, F|\n|poke|p1|Indeedee-F, L50, F|\n|poke|p2|Whimsicott, L50, M|\n|poke|p2|Mamoswine, L50, M|\n|poke|p2|Lycanroc-Dusk, L50, M|\n|poke|p2|Typhlosion-Hisui, L50, M|\n|poke|p2|Farigiraf, L50, F|\n|poke|p2|Mienshao, L50, M|\n|teampreview|4\n|j| RCVBOI\ncilan123 has agreed to open team sheets.\n|\n|t:|1730491633\n|start\n|switch|p1a: Shaka|Gallade, L50, M|100\/100\n|switch|p1b: York|Indeedee-F, L50, F|100\/100\n|switch|p2a: Whimsicott|Whimsicott, L50, M|100\/100\n|switch|p2b: Farigiraf|Farigiraf, L50, F|100\/100\n|-fieldstart|move: Psychic Terrain|[from] ability: Psychic Surge|[of] p1b: York\n|-enditem|p1b: York|Psychic Seed\n|-boost|p1b: York|spd|1|[from] item: Psychic Seed\n|turn|1\n|\n|t:|1730491646\n|switch|p2b: Typhlosion|Typhlosion-Hisui, L50, M|100\/100\n|-item|p1a: Shaka|Clear Amulet|[from] ability: Frisk|[of] p2b: Typhlosion\n|move|p1b: York|Helping Hand|p1a: Shaka\n|-singleturn|p1a: Shaka|Helping Hand|[of] p1b: York\n|move|p2a: Whimsicott|Moonblast|p1a: Shaka\n|-supereffective|p1a: Shaka\n|-damage|p1a: Shaka|42\/100\n|move|p1a: Shaka|Sacred Sword|p2b: Typhlosion\n|-immune|p2b: Typhlosion\n|\n|upkeep\n|turn|2\n|c|\u2606cilan123|you fooled me!\n|\n|t:|1730491670\n|-terastallize|p2b: Typhlosion|Fire\n|move|p1a: Shaka|Wide Guard|p1a: Shaka\n|-singleturn|p1a: Shaka|Wide Guard\n|move|p2a: Whimsicott|Moonblast|p1b: York\n|-damage|p1b: York|78\/100\n|-unboost|p1b: York|spa|1\n|move|p2b: Typhlosion|Eruption|p1a: Shaka|[spread] \n|-activate|p1a: Shaka|move: Wide Guard\n|-activate|p1b: York|move: Wide Guard\n|move|p1b: York|Trick Room|p1b: York\n|-fieldstart|move: Trick Room|[of] p1b: York\n|\n|upkeep\n|turn|3\n|c|\u2606ren122333|You are the first person to run wide guard somehow. Well played.\n|\n|t:|1730491706\n|switch|p2b: Farigiraf|Farigiraf, L50, F|100\/100\n|move|p1b: York|Follow Me|p1b: York\n|-singleturn|p1b: York|move: Follow Me\n|move|p1a: Shaka|Sacred Sword|p2b: Farigiraf\n|-damage|p2b: Farigiraf|21\/100\n|move|p2a: Whimsicott|Moonblast|p1b: York\n|-damage|p1b: York|54\/100\n|\n|upkeep\n|turn|4\n|c|\u2606cilan123|Lol you have to run it on this mon\n|c|\u2606ren122333|Everyone doesn't.\n|\n|t:|1730491731\n|move|p1a: Shaka|Sacred Sword|p2b: Farigiraf\n|-damage|p2b: Farigiraf|0 fnt\n|faint|p2b: Farigiraf\n|move|p1b: York|Psychic|p2a: Whimsicott\n|-damage|p2a: Whimsicott|58\/100\n|move|p2a: Whimsicott|Moonblast|p1a: Shaka\n|-supereffective|p1a: Shaka\n|-damage|p1a: Shaka|0 fnt\n|faint|p1a: Shaka\n|\n|upkeep\n|c|\u2606cilan123|They are crazy\n|\n|t:|1730491742\n|switch|p1a: Atlas|Torkoal, L50, F|100\/100\n|switch|p2b: Lycanroc|Lycanroc-Dusk, L50, M|100\/100\n|-weather|SunnyDay|[from] ability: Drought|[of] p1a: Atlas\n|turn|5\n|\n|t:|1730491753\n|-terastallize|p1a: Atlas|Fire\n|move|p1a: Atlas|Eruption|p2b: Lycanroc|[spread] p2a,p2b\n|-supereffective|p2a: Whimsicott\n|-resisted|p2b: Lycanroc\n|-damage|p2a: Whimsicott|0 fnt\n|-damage|p2b: Lycanroc|10\/100\n|faint|p2a: Whimsicott\n|move|p1b: York|Psychic|p2b: Lycanroc\n|-damage|p2b: Lycanroc|0 fnt\n|faint|p2b: Lycanroc\n|\n|-weather|SunnyDay|[upkeep]\n|-fieldend|move: Psychic Terrain\n|upkeep\n|inactive|Battle timer is ON: inactive players will automatically lose when time's up. (requested by ren122333)\n|c|\u2606ren122333|Ok, gg.\n|-message|ren122333 forfeited.\n|\n|win|cilan123\n|raw|cilan123's rating: 1658 &rarr; <strong>1682<\/strong><br \/>(+24 for winning)\n|raw|ren122333's rating: 1724 &rarr; <strong>1700<\/strong><br \/>(-24 for losing)\n|l|\u2606ren122333\n|player|p2|\n|c|\u2606cilan123|gg\n","uploadtime":1730491777,"views":36,"formatid":"gen9vgc2024regh","rating":1682,"private":0,"password":null}