{"id":"gen9vgc2024regh-2235841629","format":"[Gen 9] VGC 2024 Reg H","players":["bluestraggler02","Spottedwoot"],"log":"|j|\u2606bluestraggler02\n|j|\u2606Spottedwoot\n|t:|1730530573\n|gametype|doubles\n|player|p1|bluestraggler02|2|1706\n|player|p2|Spottedwoot|265|1668\n|teamsize|p1|6\n|teamsize|p2|6\n|gen|9\n|tier|[Gen 9] VGC 2024 Reg H\n|rated|\n|rule|Species Clause: Limit one of each Pok\u00e9mon\n|rule|Item Clause: Limit 1 of each item\n|clearpoke\n|poke|p1|Skeledirge, L50, F|\n|poke|p1|Porygon2, L50|\n|poke|p1|Ursaluna, L50, F|\n|poke|p1|Amoonguss, L50, M|\n|poke|p1|Maushold-Four, L50|\n|poke|p1|Archaludon, L50, F|\n|poke|p2|Kingambit, L50, M|\n|poke|p2|Primarina, L50, M|\n|poke|p2|Salamence, L50, F|\n|poke|p2|Gholdengo, L50|\n|poke|p2|Sneasler, L50, M|\n|poke|p2|Amoonguss, L50, M|\n|teampreview|4\n|\n|t:|1730530601\n|start\n|switch|p1a: Maushold|Maushold-Four, L50|100\/100\n|switch|p1b: Porygon2|Porygon2, L50|100\/100\n|switch|p2a: Gholdengo|Gholdengo, L50|100\/100\n|switch|p2b: Sneasler|Sneasler, L50, M|100\/100\n|-ability|p1b: Porygon2|Download|boost\n|-boost|p1b: Porygon2|atk|1\n|turn|1\n|\n|t:|1730530611\n|move|p2b: Sneasler|Dire Claw|p1b: Porygon2\n|-damage|p1b: Porygon2|75\/100\n|-status|p1b: Porygon2|par\n|move|p1a: Maushold|Population Bomb|p2b: Sneasler\n|-damage|p2b: Sneasler|81\/100\n|-damage|p2b: Sneasler|63\/100\n|-damage|p2b: Sneasler|45\/100\n|-damage|p2b: Sneasler|26\/100\n|-damage|p2b: Sneasler|6\/100\n|-damage|p2b: Sneasler|0 fnt\n|faint|p2b: Sneasler\n|-hitcount|p2: Sneasler|6\n|move|p2a: Gholdengo|Trick|p1b: Porygon2\n|-activate|p2a: Gholdengo|move: Trick|[of] p1b: Porygon2\n|-item|p1b: Porygon2|Choice Specs|[from] move: Trick\n|-item|p2a: Gholdengo|Eviolite|[from] move: Trick\n|cant|p1b: Porygon2|par\n|\n|upkeep\n|\n|t:|1730530622\n|switch|p2b: Kingambit|Kingambit, L50, M|100\/100\n|turn|2\n|j| xiaoliyun.official\n|\n|t:|1730530637\n|move|p1a: Maushold|Follow Me|p1a: Maushold\n|-singleturn|p1a: Maushold|move: Follow Me\n|move|p2a: Gholdengo|Make It Rain|p1b: Porygon2|[spread] p1a,p1b\n|-damage|p1a: Maushold|23\/100\n|-damage|p1b: Porygon2|37\/100 par\n|-unboost|p2a: Gholdengo|spa|1\n|move|p2b: Kingambit|Swords Dance|p2b: Kingambit\n|-boost|p2b: Kingambit|atk|2\n|move|p1b: Porygon2|Trick Room|p1b: Porygon2\n|-fieldstart|move: Trick Room|[of] p1b: Porygon2\n|\n|upkeep\n|turn|3\n|\n|t:|1730530654\n|switch|p1b: Skeledirge|Skeledirge, L50, F|100\/100\n|switch|p2a: Primarina|Primarina, L50, M|100\/100\n|move|p2b: Kingambit|Protect|p2b: Kingambit\n|-singleturn|p2b: Kingambit|Protect\n|move|p1a: Maushold|Follow Me|p1a: Maushold\n|-singleturn|p1a: Maushold|move: Follow Me\n|\n|upkeep\n|turn|4\n|\n|t:|1730530666\n|switch|p1a: Amoonguss|Amoonguss, L50, M|100\/100\n|-terastallize|p2b: Kingambit|Dark\n|-terastallize|p1b: Skeledirge|Dark\n|move|p2b: Kingambit|Kowtow Cleave|p1b: Skeledirge\n|-resisted|p1b: Skeledirge\n|-damage|p1b: Skeledirge|74\/100\n|move|p1b: Skeledirge|Torch Song|p2b: Kingambit\n|-damage|p2b: Kingambit|65\/100\n|-boost|p1b: Skeledirge|spa|1\n|move|p2a: Primarina|Hyper Voice|p1a: Amoonguss|[spread] p1a,p1b\n|-resisted|p1a: Amoonguss\n|-damage|p1a: Amoonguss|84\/100\n|-damage|p1b: Skeledirge|51\/100\n|-enditem|p2a: Primarina|Throat Spray\n|-boost|p2a: Primarina|spa|1|[from] item: Throat Spray\n|\n|upkeep\n|turn|5\n|\n|t:|1730530680\n|move|p1a: Amoonguss|Spore|p2a: Primarina\n|-status|p2a: Primarina|slp|[from] move: Spore\n|move|p2b: Kingambit|Kowtow Cleave|p1a: Amoonguss\n|-damage|p1a: Amoonguss|0 fnt\n|faint|p1a: Amoonguss\n|move|p1b: Skeledirge|Torch Song|p2b: Kingambit\n|-damage|p2b: Kingambit|16\/100\n|-boost|p1b: Skeledirge|spa|1\n|cant|p2a: Primarina|slp\n|\n|upkeep\n|\n|t:|1730530686\n|switch|p1a: Maushold|Maushold-Four, L50|23\/100\n|turn|6\n|\n|t:|1730530714\n|move|p2b: Kingambit|Protect|p2b: Kingambit\n|-singleturn|p2b: Kingambit|Protect\n|move|p1a: Maushold|Protect|p1a: Maushold\n|-singleturn|p1a: Maushold|Protect\n|move|p1b: Skeledirge|Torch Song|p2b: Kingambit\n|-activate|p2b: Kingambit|move: Protect\n|cant|p2a: Primarina|slp\n|\n|-fieldend|move: Trick Room\n|upkeep\n|turn|7\n|\n|t:|1730530726\n|move|p2b: Kingambit|Sucker Punch||[still]\n|-fail|p2b: Kingambit\n|move|p1a: Maushold|Taunt|p2b: Kingambit\n|-start|p2b: Kingambit|move: Taunt\n|cant|p2a: Primarina|slp\n|move|p1b: Skeledirge|Torch Song|p2b: Kingambit\n|-damage|p2b: Kingambit|0 fnt\n|-boost|p1b: Skeledirge|spa|1\n|faint|p2b: Kingambit\n|\n|upkeep\n|\n|t:|1730530733\n|switch|p2b: Gholdengo|Gholdengo, L50|100\/100\n|turn|8\n|\n|t:|1730530741\n|-curestatus|p2a: Primarina|slp|[msg]\n|move|p2a: Primarina|Protect|p2a: Primarina\n|-singleturn|p2a: Primarina|Protect\n|move|p1a: Maushold|Population Bomb|p2a: Primarina\n|-activate|p2a: Primarina|move: Protect\n|move|p2b: Gholdengo|Make It Rain|p1b: Skeledirge|[spread] p1a,p1b\n|-damage|p1a: Maushold|0 fnt\n|-damage|p1b: Skeledirge|24\/100\n|-unboost|p2b: Gholdengo|spa|1\n|faint|p1a: Maushold\n|move|p1b: Skeledirge|Torch Song|p2b: Gholdengo\n|-supereffective|p2b: Gholdengo\n|-damage|p2b: Gholdengo|0 fnt\n|-boost|p1b: Skeledirge|spa|1\n|faint|p2b: Gholdengo\n|\n|upkeep\n|\n|t:|1730530746\n|switch|p1a: Porygon2|Porygon2, L50|37\/100 par\n|-ability|p1a: Porygon2|Download|boost\n|-boost|p1a: Porygon2|atk|1\n|turn|9\n|\n|t:|1730530756\n|move|p2a: Primarina|Moonblast|p1b: Skeledirge\n|-supereffective|p1b: Skeledirge\n|-damage|p1b: Skeledirge|0 fnt\n|faint|p1b: Skeledirge\n|move|p1a: Porygon2|Trick Room|p1a: Porygon2\n|-fieldstart|move: Trick Room|[of] p1a: Porygon2\n|\n|upkeep\n|turn|10\n|-message|bluestraggler02 forfeited.\n|\n|win|Spottedwoot\n|raw|bluestraggler02's rating: 1706 &rarr; <strong>1684<\/strong><br \/>(-22 for losing)\n|raw|Spottedwoot's rating: 1668 &rarr; <strong>1690<\/strong><br \/>(+22 for winning)\n|l|\u2606bluestraggler02\n|player|p1|\n|l| xiaoliyun.official\n","uploadtime":1730530963,"views":18,"formatid":"gen9vgc2024regh","rating":1684,"private":0,"password":null}