{"id":"gen9vgc2024regh-2235760050","format":"[Gen 9] VGC 2024 Reg H","players":["rainha789","kfjtdhynd"],"log":"|j|\u2606rainha789\n|j|\u2606kfjtdhynd\n|t:|1730516093\n|gametype|doubles\n|player|p1|rainha789|266|1718\n|player|p2|kfjtdhynd|266|1688\n|teamsize|p1|6\n|teamsize|p2|6\n|gen|9\n|tier|[Gen 9] VGC 2024 Reg H\n|rated|\n|rule|Species Clause: Limit one of each Pok\u00e9mon\n|rule|Item Clause: Limit 1 of each item\n|clearpoke\n|poke|p1|Armarouge, L50, M|\n|poke|p1|Indeedee-F, L50, F|\n|poke|p1|Whimsicott, L50, F|\n|poke|p1|Annihilape, L50, F|\n|poke|p1|Dragonite, L50, F|\n|poke|p1|Samurott-Hisui, L50, M|\n|poke|p2|Basculegion-F, L50, F|\n|poke|p2|Pelipper, L50, F|\n|poke|p2|Rillaboom, L50, F|\n|poke|p2|Sneasler, L50, M|\n|poke|p2|Dragonite, L50, M|\n|poke|p2|Incineroar, L50, F|\n|teampreview|4\n|inactive|Battle timer is ON: inactive players will automatically lose when time's up. (requested by kfjtdhynd)\nkfjtdhynd rejected open team sheets.\n|inactive|rainha789 has 60 seconds left.\n|\n|t:|1730516125\n|start\n|switch|p1a: Indeedee|Indeedee-F, L50, F, shiny|100\/100\n|switch|p1b: Dragonite|Dragonite, L50, F|100\/100\n|switch|p2a: Basculegion|Basculegion-F, L50, F|100\/100\n|switch|p2b: Dragonite|Dragonite, L50, M|100\/100\n|-fieldstart|move: Psychic Terrain|[from] ability: Psychic Surge|[of] p1a: Indeedee\n|turn|1\n|\n|t:|1730516145\n|move|p1a: Indeedee|Follow Me|p1a: Indeedee\n|-singleturn|p1a: Indeedee|move: Follow Me\n|move|p1b: Dragonite|Scale Shot|p2a: Basculegion\n|-damage|p2a: Basculegion|81\/100\n|-damage|p2a: Basculegion|62\/100\n|-damage|p2a: Basculegion|40\/100\n|-damage|p2a: Basculegion|20\/100\n|-damage|p2a: Basculegion|2\/100\n|-hitcount|p2a: Basculegion|5\n|-unboost|p1b: Dragonite|def|1\n|-boost|p1b: Dragonite|spe|1\n|move|p2a: Basculegion|Icy Wind|p1a: Indeedee|[spread] p1a,p1b\n|-supereffective|p1b: Dragonite\n|-damage|p1a: Indeedee|80\/100\n|-damage|p1b: Dragonite|61\/100\n|-unboost|p1a: Indeedee|spe|1\n|-unboost|p1b: Dragonite|spe|1\n|move|p2b: Dragonite|Scale Shot|p1a: Indeedee\n|-damage|p1a: Indeedee|66\/100\n|-damage|p1a: Indeedee|52\/100\n|-damage|p1a: Indeedee|36\/100\n|-damage|p1a: Indeedee|22\/100\n|-damage|p1a: Indeedee|8\/100\n|-hitcount|p1a: Indeedee|5\n|-unboost|p2b: Dragonite|def|1\n|-boost|p2b: Dragonite|spe|1\n|\n|upkeep\n|turn|2\n|inactive|rainha789 has 30 seconds left.\n|inactive|rainha789 has 20 seconds left.\n|inactive|rainha789 has 15 seconds left.\n|inactive|rainha789 has 10 seconds left.\n|inactive|rainha789 has 5 seconds left.\n|\n|t:|1730516199\n|switch|p1a: Armarouge|Armarouge, L50, M|100\/100\n|-terastallize|p1b: Dragonite|Steel\n|move|p2b: Dragonite|Dragon Dance|p2b: Dragonite\n|-boost|p2b: Dragonite|atk|1\n|-boost|p2b: Dragonite|spe|1\n|move|p1b: Dragonite|Scale Shot|p2b: Dragonite\n|-supereffective|p2b: Dragonite\n|-damage|p2b: Dragonite|76\/100\n|-supereffective|p2b: Dragonite\n|-damage|p2b: Dragonite|30\/100\n|-supereffective|p2b: Dragonite\n|-damage|p2b: Dragonite|0 fnt\n|faint|p2b: Dragonite\n|-hitcount|p2: Dragonite|3\n|-unboost|p1b: Dragonite|def|1\n|-boost|p1b: Dragonite|spe|1\n|move|p2a: Basculegion|Icy Wind|p1a: Armarouge|[spread] p1a\n|-miss|p2a: Basculegion|p1b: Dragonite\n|-resisted|p1a: Armarouge\n|-damage|p1a: Armarouge|87\/100\n|-unboost|p1a: Armarouge|spe|1\n|\n|upkeep\n|j| MiniLarry\n|\n|t:|1730516213\n|switch|p2b: Pelipper|Pelipper, L50, F|100\/100\n|-weather|RainDance|[from] ability: Drizzle|[of] p2b: Pelipper\n|turn|3\n|inactive|rainha789 has 30 seconds left.\n|inactive|rainha789 has 20 seconds left.\n|\n|t:|1730516250\n|switch|p2a: Rillaboom|Rillaboom, L50, F|100\/100\n|-fieldstart|move: Grassy Terrain|[from] ability: Grassy Surge|[of] p2a: Rillaboom\n|switch|p1a: Indeedee|Indeedee-F, L50, F, shiny|8\/100\n|-fieldstart|move: Psychic Terrain|[from] ability: Psychic Surge|[of] p1a: Indeedee\n|move|p1b: Dragonite|Extreme Speed|p2b: Pelipper\n|-hint|Psychic Terrain doesn't affect Pok\u00e9mon immune to Ground.\n|-damage|p2b: Pelipper|61\/100\n|move|p2b: Pelipper|Weather Ball|p1a: Indeedee\n|-damage|p1a: Indeedee|0 fnt\n|faint|p1a: Indeedee\n|\n|-weather|RainDance|[upkeep]\n|upkeep\n|\n|t:|1730516269\n|switch|p1a: Armarouge|Armarouge, L50, M|87\/100\n|turn|4\n|\n|t:|1730516285\n|move|p1b: Dragonite|Earthquake|p2b: Pelipper|[spread] p1a,p2a\n|-immune|p2b: Pelipper\n|-supereffective|p1a: Armarouge\n|-resisted|p2a: Rillaboom\n|-damage|p1a: Armarouge|25\/100\n|-damage|p2a: Rillaboom|88\/100\n|-ability|p1a: Armarouge|Weak Armor|boost\n|-unboost|p1a: Armarouge|def|1\n|-boost|p1a: Armarouge|spe|2\n|-enditem|p1a: Armarouge|Weakness Policy\n|-boost|p1a: Armarouge|atk|2|[from] item: Weakness Policy\n|-boost|p1a: Armarouge|spa|2|[from] item: Weakness Policy\n|move|p1a: Armarouge|Expanding Force|p2a: Rillaboom|[spread] p2a,p2b\n|-damage|p2a: Rillaboom|0 fnt\n|-damage|p2b: Pelipper|0 fnt\n|faint|p2a: Rillaboom\n|faint|p2b: Pelipper\n|\n|-weather|RainDance|[upkeep]\n|upkeep\n|\n|t:|1730516292\n|switch|p2b: Basculegion|Basculegion-F, L50, F|2\/100\n|turn|5\n|\n|t:|1730516309\n|move|p2b: Basculegion|Muddy Water|p1b: Dragonite|[spread] p1a,p1b\n|-supereffective|p1a: Armarouge\n|-damage|p1a: Armarouge|0 fnt\n|-damage|p1b: Dragonite|0 fnt\n|faint|p1a: Armarouge\n|faint|p1b: Dragonite\n|\n|-weather|RainDance|[upkeep]\n|upkeep\n|\n|t:|1730516316\n|switch|p1b: Whimsicott|Whimsicott, L50, F|100\/100\n|turn|6\n|\n|t:|1730516321\n|-terastallize|p2b: Basculegion|Water\n|move|p2b: Basculegion|Muddy Water|p1b: Whimsicott|[miss]\n|-miss|p2b: Basculegion|p1b: Whimsicott\n|move|p1b: Whimsicott|Moonblast|p2b: Basculegion\n|-crit|p2b: Basculegion\n|-damage|p2b: Basculegion|0 fnt\n|faint|p2b: Basculegion\n|\n|win|rainha789\n|raw|rainha789's rating: 1718 &rarr; <strong>1736<\/strong><br \/>(+18 for winning)\n|raw|kfjtdhynd's rating: 1688 &rarr; <strong>1670<\/strong><br \/>(-18 for losing)\n|l|\u2606rainha789\n|player|p1|\n|l|\u2606kfjtdhynd\n|player|p2|\n|l| MiniLarry\n","uploadtime":1730516471,"views":20,"formatid":"gen9vgc2024regh","rating":1670,"private":0,"password":null}