{"id":"gen9vgc2024regh-2235617351","format":"[Gen 9] VGC 2024 Reg H","players":["ren122333","a810g_mobile"],"log":"|j|\u2606ren122333\n|j|\u2606a810g_mobile\n|t:|1730497781\n|gametype|doubles\n|player|p1|ren122333|hilbert|1710\n|player|p2|a810g_mobile|101|1672\n|teamsize|p1|6\n|teamsize|p2|6\n|gen|9\n|tier|[Gen 9] VGC 2024 Reg H\n|rated|\n|rule|Species Clause: Limit one of each Pok\u00e9mon\n|rule|Item Clause: Limit 1 of each item\n|clearpoke\n|poke|p1|Whimsicott, L50, F|\n|poke|p1|Mamoswine, L50, M|\n|poke|p1|Lycanroc-Dusk, L50, M|\n|poke|p1|Typhlosion-Hisui, L50, M|\n|poke|p1|Farigiraf, L50, M|\n|poke|p1|Mienshao, L50, F|\n|poke|p2|Sneasler, L50, M|\n|poke|p2|Rillaboom, L50, F|\n|poke|p2|Dondozo, L50, F|\n|poke|p2|Grimmsnarl, L50, M|\n|poke|p2|Kommo-o, L50, F|\n|poke|p2|Armarouge, L50, F|\n|teampreview|4\n|inactive|Battle timer is ON: inactive players will automatically lose when time's up. (requested by ren122333)\n|c|\u2606a810g_mobile|mienshao is so awesome!\na810g_mobile has agreed to open team sheets.\n|inactive|a810g_mobile has 60 seconds left.\n|inactive|a810g_mobile has 30 seconds left.\n|inactive|a810g_mobile has 20 seconds left.\n|inactive|a810g_mobile has 15 seconds left.\n|\n|t:|1730497872\n|start\n|switch|p1a: Whimsicott|Whimsicott, L50, F|100\/100\n|switch|p1b: Mamoswine|Mamoswine, L50, M|100\/100\n|switch|p2a: Armarouge|Armarouge, L50, F|100\/100\n|switch|p2b: Grimmsnarl|Grimmsnarl, L50, M|100\/100\n|turn|1\n|inactive|a810g_mobile has 30 seconds left.\n|\n|t:|1730497900\n|-terastallize|p2a: Armarouge|Dark\n|move|p1a: Whimsicott|Tailwind|p1a: Whimsicott\n|-sidestart|p1: ren122333|move: Tailwind\n|move|p1b: Mamoswine|Icicle Crash|p2a: Armarouge\n|-damage|p2a: Armarouge|58\/100\n|cant|p2a: Armarouge|flinch\n|move|p2b: Grimmsnarl|Spirit Break|p1a: Whimsicott\n|-damage|p1a: Whimsicott|20\/100\n|-unboost|p1a: Whimsicott|spa|1\n|-damage|p2b: Grimmsnarl|91\/100|[from] item: Life Orb\n|\n|upkeep\n|turn|2\n|\n|t:|1730497923\n|switch|p2a: Dondozo|Dondozo, L50, F|100\/100\n|move|p1a: Whimsicott|Moonblast|p2a: Dondozo\n|-damage|p2a: Dondozo|70\/100\n|move|p1b: Mamoswine|High Horsepower|p2a: Dondozo\n|-damage|p2a: Dondozo|45\/100\n|move|p2b: Grimmsnarl|Spirit Break|p1a: Whimsicott\n|-damage|p1a: Whimsicott|0 fnt\n|faint|p1a: Whimsicott\n|-damage|p2b: Grimmsnarl|81\/100|[from] item: Life Orb\n|\n|upkeep\n|\n|t:|1730497929\n|switch|p1a: Mienshao|Mienshao, L50, F|100\/100\n|turn|3\n|\n|t:|1730497946\n|-terastallize|p1b: Mamoswine|Grass\n|move|p2b: Grimmsnarl|Reflect|p2b: Grimmsnarl\n|-sidestart|p2: a810g_mobile|Reflect\n|move|p1a: Mienshao|Close Combat|p2b: Grimmsnarl\n|-damage|p2b: Grimmsnarl|20\/100\n|-unboost|p1a: Mienshao|def|1\n|-unboost|p1a: Mienshao|spd|1\n|-damage|p1a: Mienshao|91\/100|[from] item: Life Orb\n|move|p1b: Mamoswine|Tera Blast|p2a: Dondozo|[anim] Tera Blast Grass\n|-supereffective|p2a: Dondozo\n|-damage|p2a: Dondozo|13\/100\n|move|p2a: Dondozo|Yawn|p1b: Mamoswine\n|-start|p1b: Mamoswine|move: Yawn|[of] p2a: Dondozo\n|\n|upkeep\n|turn|4\n|\n|t:|1730497969\n|switch|p1b: Typhlosion|Typhlosion-Hisui, L50, M|100\/100\n|-item|p2a: Dondozo|Covert Cloak|[from] ability: Frisk|[of] p1b: Typhlosion\n|-item|p2b: Grimmsnarl|Life Orb|[from] ability: Frisk|[of] p1b: Typhlosion\n|move|p2a: Dondozo|Protect|p2a: Dondozo\n|-singleturn|p2a: Dondozo|Protect\n|move|p2b: Grimmsnarl|Sucker Punch|p1a: Mienshao\n|-resisted|p1a: Mienshao\n|-damage|p1a: Mienshao|28\/100\n|-damage|p2b: Grimmsnarl|10\/100|[from] item: Life Orb\n|move|p1a: Mienshao|Close Combat|p2a: Dondozo\n|-activate|p2a: Dondozo|move: Protect\n|\n|-sideend|p1: ren122333|move: Tailwind\n|upkeep\n|turn|5\n|\n|t:|1730497990\n|move|p2b: Grimmsnarl|Sucker Punch|p1b: Typhlosion\n|-supereffective|p1b: Typhlosion\n|-damage|p1b: Typhlosion|0 fnt\n|faint|p1b: Typhlosion\n|-damage|p2b: Grimmsnarl|0 fnt|[from] item: Life Orb\n|faint|p2b: Grimmsnarl\n|move|p1a: Mienshao|Close Combat|p2a: Dondozo\n|-damage|p2a: Dondozo|0 fnt\n|-unboost|p1a: Mienshao|def|1\n|-unboost|p1a: Mienshao|spd|1\n|faint|p2a: Dondozo\n|-damage|p1a: Mienshao|18\/100|[from] item: Life Orb\n|\n|upkeep\n|\n|t:|1730498003\n|switch|p1b: Mamoswine|Mamoswine, L50, M, tera:Grass|100\/100\n|switch|p2b: Sneasler|Sneasler, L50, M|100\/100\n|switch|p2a: Armarouge|Armarouge, L50, F, tera:Dark|58\/100\n|turn|6\n|\n|t:|1730498017\n|move|p2b: Sneasler|Fake Out|p1a: Mienshao\n|-damage|p1a: Mienshao|0 fnt\n|faint|p1a: Mienshao\n|move|p1b: Mamoswine|Icicle Crash|p2b: Sneasler\n|-damage|p2b: Sneasler|54\/100\n|move|p2a: Armarouge|Psychic|p1b: Mamoswine\n|-damage|p1b: Mamoswine|31\/100\n|\n|upkeep\n|turn|7\n|\n|t:|1730498037\n|move|p2b: Sneasler|Dire Claw|p1b: Mamoswine\n|-supereffective|p1b: Mamoswine\n|-damage|p1b: Mamoswine|0 fnt\n|faint|p1b: Mamoswine\n|\n|win|a810g_mobile\n|raw|ren122333's rating: 1710 &rarr; <strong>1688<\/strong><br \/>(-22 for losing)\n|raw|a810g_mobile's rating: 1672 &rarr; <strong>1694<\/strong><br \/>(+22 for winning)\n|l|\u2606ren122333\n|player|p1|\n|l|\u2606a810g_mobile\n|player|p2|\n","uploadtime":1730498061,"views":22,"formatid":"gen9vgc2024regh","rating":1688,"private":0,"password":null}