{"id":"gen9vgc2024regh-2235394466","format":"[Gen 9] VGC 2024 Reg H","players":["bluestraggler02","otapolg"],"log":"|j|\u2606bluestraggler02\n|j|\u2606otapolg\n|t:|1730474853\n|gametype|doubles\n|player|p1|bluestraggler02|170|1755\n|player|p2|otapolg|lucas|1645\n|teamsize|p1|6\n|teamsize|p2|6\n|gen|9\n|tier|[Gen 9] VGC 2024 Reg H\n|rated|\n|rule|Species Clause: Limit one of each Pok\u00e9mon\n|rule|Item Clause: Limit 1 of each item\n|clearpoke\n|poke|p1|Skeledirge, L50, F|\n|poke|p1|Porygon2, L50|\n|poke|p1|Ursaluna, L50, F|\n|poke|p1|Amoonguss, L50, F|\n|poke|p1|Maushold-Four, L50|\n|poke|p1|Malamar, L50, F|\n|poke|p2|Rillaboom, L50, F|\n|poke|p2|Baxcalibur, L50, F|\n|poke|p2|Annihilape, L50, M|\n|poke|p2|Gholdengo, L50|\n|poke|p2|Maushold, L50|\n|poke|p2|Talonflame, L50, M|\n|teampreview|4\n|inactive|Battle timer is ON: inactive players will automatically lose when time's up. (requested by bluestraggler02)\nbluestraggler02 rejected open team sheets.\n|\n|t:|1730474896\n|start\n|switch|p1a: Skeledirge|Skeledirge, L50, F|100\/100\n|switch|p1b: Porygon2|Porygon2, L50|100\/100\n|switch|p2a: Annihilape|Annihilape, L50, M|100\/100\n|switch|p2b: Gholdengo|Gholdengo, L50|100\/100\n|-ability|p1b: Porygon2|Download|boost\n|-boost|p1b: Porygon2|atk|1\n|turn|1\n|\n|t:|1730474911\n|switch|p2b: Baxcalibur|Baxcalibur, L50, F|100\/100\n|move|p1b: Porygon2|Protect|p1b: Porygon2\n|-singleturn|p1b: Porygon2|Protect\n|move|p2a: Annihilape|Taunt|p1b: Porygon2\n|-activate|p1b: Porygon2|move: Protect\n|move|p1a: Skeledirge|Shadow Ball|p2a: Annihilape\n|-supereffective|p2a: Annihilape\n|-damage|p2a: Annihilape|24\/100\n|-enditem|p2a: Annihilape|Sitrus Berry|[eat]\n|-heal|p2a: Annihilape|49\/100|[from] item: Sitrus Berry\n|\n|upkeep\n|turn|2\n|inactive|otapolg has 30 seconds left.\n|\n|t:|1730474940\n|switch|p1b: Amoonguss|Amoonguss, L50, F|100\/100\n|move|p2a: Annihilape|Rage Fist|p1a: Skeledirge\n|-supereffective|p1a: Skeledirge\n|-damage|p1a: Skeledirge|27\/100\n|move|p2b: Baxcalibur|Glaive Rush|p1a: Skeledirge\n|-damage|p1a: Skeledirge|0 fnt\n|-singlemove|p2b: Baxcalibur|Glaive Rush|[silent]\n|faint|p1a: Skeledirge\n|\n|upkeep\n|\n|t:|1730474949\n|switch|p1a: Porygon2|Porygon2, L50|100\/100\n|-ability|p1a: Porygon2|Download|boost\n|-boost|p1a: Porygon2|atk|1\n|turn|3\n|\n|t:|1730474960\n|-terastallize|p2a: Annihilape|Grass\n|-terastallize|p1b: Amoonguss|Water\n|move|p1a: Porygon2|Protect|p1a: Porygon2\n|-singleturn|p1a: Porygon2|Protect\n|move|p2a: Annihilape|Taunt|p1a: Porygon2\n|-activate|p1a: Porygon2|move: Protect\n|move|p2b: Baxcalibur|Icicle Crash|p1b: Amoonguss\n|-resisted|p1b: Amoonguss\n|-damage|p1b: Amoonguss|80\/100\n|move|p1b: Amoonguss|Spore|p2b: Baxcalibur\n|-status|p2b: Baxcalibur|slp|[from] move: Spore\n|\n|upkeep\n|turn|4\n|\n|t:|1730474978\n|switch|p2b: Rillaboom|Rillaboom, L50, F|100\/100\n|-fieldstart|move: Grassy Terrain|[from] ability: Grassy Surge|[of] p2b: Rillaboom\n|switch|p1b: Ursaluna|Ursaluna, L50, F|100\/100\n|move|p2a: Annihilape|Taunt|p1a: Porygon2\n|-start|p1a: Porygon2|move: Taunt\n|move|p1a: Porygon2|Ice Beam|p2a: Annihilape\n|-supereffective|p2a: Annihilape\n|-damage|p2a: Annihilape|0 fnt\n|faint|p2a: Annihilape\n|\n|-status|p1b: Ursaluna|brn|[from] item: Flame Orb\n|upkeep\n|\n|t:|1730474987\n|switch|p2a: Gholdengo|Gholdengo, L50|100\/100\n|turn|5\n|\n|t:|1730475000\n|switch|p1a: Amoonguss|Amoonguss, L50, F, tera:Water|100\/100\n|move|p1b: Ursaluna|Protect|p1b: Ursaluna\n|-singleturn|p1b: Ursaluna|Protect\n|move|p2a: Gholdengo|Make It Rain|p1b: Ursaluna|[spread] p1a\n|-activate|p1b: Ursaluna|move: Protect\n|-resisted|p1a: Amoonguss\n|-damage|p1a: Amoonguss|62\/100\n|-unboost|p2a: Gholdengo|spa|1\n|move|p2b: Rillaboom|Wood Hammer|p1b: Ursaluna\n|-activate|p1b: Ursaluna|move: Protect\n|\n|-heal|p1a: Amoonguss|68\/100|[from] Grassy Terrain\n|-damage|p1b: Ursaluna|95\/100 brn|[from] brn\n|upkeep\n|turn|6\n|\n|t:|1730475019\n|switch|p1b: Porygon2|Porygon2, L50|100\/100\n|-ability|p1b: Porygon2|Download|boost\n|-boost|p1b: Porygon2|spa|1\n|move|p2a: Gholdengo|Make It Rain|p1b: Porygon2|[spread] p1a,p1b\n|-resisted|p1a: Amoonguss\n|-damage|p1a: Amoonguss|43\/100\n|-damage|p1b: Porygon2|72\/100\n|-unboost|p2a: Gholdengo|spa|1\n|move|p2b: Rillaboom|Wood Hammer|p1b: Porygon2\n|-damage|p1b: Porygon2|11\/100\n|-damage|p2b: Rillaboom|81\/100|[from] Recoil\n|move|p1a: Amoonguss|Pollen Puff|p1b: Porygon2\n|-heal|p1b: Porygon2|61\/100\n|\n|-heal|p2b: Rillaboom|87\/100|[from] Grassy Terrain\n|-heal|p1b: Porygon2|67\/100|[from] Grassy Terrain\n|-heal|p1a: Amoonguss|49\/100|[from] Grassy Terrain\n|upkeep\n|turn|7\n|inactive|otapolg has 30 seconds left.\n|inactive|bluestraggler02 has 30 seconds left.\n|\n|t:|1730475055\n|move|p1b: Porygon2|Protect|p1b: Porygon2\n|-singleturn|p1b: Porygon2|Protect\n|move|p2a: Gholdengo|Make It Rain|p1b: Porygon2|[spread] p1a\n|-activate|p1b: Porygon2|move: Protect\n|-resisted|p1a: Amoonguss\n|-damage|p1a: Amoonguss|32\/100\n|-unboost|p2a: Gholdengo|spa|1\n|move|p2b: Rillaboom|Wood Hammer|p1b: Porygon2\n|-activate|p1b: Porygon2|move: Protect\n|move|p1a: Amoonguss|Pollen Puff|p2b: Rillaboom\n|-supereffective|p2b: Rillaboom\n|-damage|p2b: Rillaboom|43\/100\n|\n|-heal|p2b: Rillaboom|49\/100|[from] Grassy Terrain\n|-heal|p1b: Porygon2|73\/100|[from] Grassy Terrain\n|-heal|p1a: Amoonguss|38\/100|[from] Grassy Terrain\n|upkeep\n|turn|8\n|\n|t:|1730475069\n|move|p2a: Gholdengo|Make It Rain|p1a: Amoonguss|[spread] p1a,p1b\n|-resisted|p1a: Amoonguss\n|-damage|p1a: Amoonguss|24\/100\n|-damage|p1b: Porygon2|55\/100\n|-unboost|p2a: Gholdengo|spa|1\n|move|p2b: Rillaboom|Wood Hammer|p1b: Porygon2\n|-damage|p1b: Porygon2|0 fnt\n|faint|p1b: Porygon2\n|-damage|p2b: Rillaboom|32\/100|[from] Recoil\n|move|p1a: Amoonguss|Pollen Puff|p1: Porygon2|[notarget]\n|-fail|p1a: Amoonguss\n|\n|-heal|p2b: Rillaboom|38\/100|[from] Grassy Terrain\n|-heal|p1a: Amoonguss|30\/100|[from] Grassy Terrain\n|-fieldend|move: Grassy Terrain\n|upkeep\n|-message|bluestraggler02 forfeited.\n|\n|win|otapolg\n|raw|bluestraggler02's rating: 1755 &rarr; <strong>1729<\/strong><br \/>(-26 for losing)\n|raw|otapolg's rating: 1645 &rarr; <strong>1671<\/strong><br \/>(+26 for winning)\n|l|\u2606bluestraggler02\n|player|p1|\n|l|\u2606otapolg\n|player|p2|\n","uploadtime":1730475345,"views":22,"formatid":"gen9vgc2024regh","rating":1671,"private":0,"password":null}