{"id":"gen9vgc2024regh-2235500719","format":"[Gen 9] VGC 2024 Reg H","players":["bluestraggler02","ren122333"],"log":"|j|\u2606bluestraggler02\n|j|\u2606ren122333\n|t:|1730485289\n|gametype|doubles\n|player|p1|bluestraggler02|170|1643\n|player|p2|ren122333|hilbert|1729\n|teamsize|p1|6\n|teamsize|p2|6\n|gen|9\n|tier|[Gen 9] VGC 2024 Reg H\n|rated|\n|rule|Species Clause: Limit one of each Pok\u00e9mon\n|rule|Item Clause: Limit 1 of each item\n|clearpoke\n|poke|p1|Skeledirge, L50, F|\n|poke|p1|Porygon2, L50|\n|poke|p1|Ursaluna, L50, F|\n|poke|p1|Amoonguss, L50, M|\n|poke|p1|Maushold-Four, L50|\n|poke|p1|Malamar, L50, M|\n|poke|p2|Whimsicott, L50, M|\n|poke|p2|Mamoswine, L50, M|\n|poke|p2|Lycanroc-Dusk, L50, M|\n|poke|p2|Typhlosion-Hisui, L50, F|\n|poke|p2|Farigiraf, L50, F|\n|poke|p2|Mienshao, L50, F|\n|teampreview|4\n|inactive|Battle timer is ON: inactive players will automatically lose when time's up. (requested by bluestraggler02)\nbluestraggler02 rejected open team sheets.\n|\n|t:|1730485319\n|start\n|switch|p1a: Porygon2|Porygon2, L50|100\/100\n|switch|p1b: Maushold|Maushold-Four, L50|100\/100\n|switch|p2a: Whimsicott|Whimsicott, L50, M|100\/100\n|switch|p2b: Mienshao|Mienshao, L50, F|100\/100\n|-ability|p1a: Porygon2|Download|boost\n|-boost|p1a: Porygon2|spa|1\n|turn|1\n|\n|t:|1730485342\n|-terastallize|p1b: Maushold|Ghost\n|move|p1a: Porygon2|Protect|p1a: Porygon2\n|-singleturn|p1a: Porygon2|Protect\n|move|p2a: Whimsicott|Tailwind|p2a: Whimsicott\n|-sidestart|p2: ren122333|move: Tailwind\n|move|p2b: Mienshao|Close Combat|p1a: Porygon2\n|-activate|p1a: Porygon2|move: Protect\n|move|p1b: Maushold|Population Bomb|p2b: Mienshao\n|-damage|p2b: Mienshao|79\/100\n|-damage|p2b: Mienshao|58\/100\n|-damage|p2b: Mienshao|38\/100\n|-damage|p2b: Mienshao|19\/100\n|-damage|p2b: Mienshao|0 fnt\n|faint|p2b: Mienshao\n|-hitcount|p2: Mienshao|5\n|\n|upkeep\n|\n|t:|1730485357\n|switch|p2b: Typhlosion|Typhlosion-Hisui, L50, F|100\/100\n|-item|p1a: Porygon2|Eviolite|[from] ability: Frisk|[of] p2b: Typhlosion\n|-item|p1b: Maushold|Wide Lens|[from] ability: Frisk|[of] p2b: Typhlosion\n|turn|2\n|\n|t:|1730485372\n|-terastallize|p2a: Whimsicott|Ghost\n|move|p1b: Maushold|Follow Me|p1b: Maushold\n|-singleturn|p1b: Maushold|move: Follow Me\n|move|p2a: Whimsicott|Encore|p1b: Maushold\n|-start|p1b: Maushold|Encore\n|move|p2b: Typhlosion|Eruption|p1b: Maushold|[spread] p1a,p1b\n|-damage|p1a: Porygon2|55\/100\n|-damage|p1b: Maushold|0 fnt\n|faint|p1b: Maushold\n|move|p1a: Porygon2|Trick Room|p1a: Porygon2\n|-fieldstart|move: Trick Room|[of] p1a: Porygon2\n|\n|upkeep\n|\n|t:|1730485382\n|switch|p1b: Skeledirge|Skeledirge, L50, F|100\/100\n|turn|3\n|\n|t:|1730485398\n|switch|p1a: Amoonguss|Amoonguss, L50, M|100\/100\n|switch|p2b: Farigiraf|Farigiraf, L50, F|100\/100\n|move|p1b: Skeledirge|Earth Power|p2b: Farigiraf\n|-damage|p2b: Farigiraf|71\/100\n|move|p2a: Whimsicott|Moonblast|p1a: Amoonguss\n|-resisted|p1a: Amoonguss\n|-crit|p1a: Amoonguss\n|-damage|p1a: Amoonguss|78\/100\n|\n|upkeep\n|turn|4\n|\n|t:|1730485418\n|move|p2a: Whimsicott|Encore|p1b: Skeledirge\n|-start|p1b: Skeledirge|Encore\n|move|p1a: Amoonguss|Spore|p2b: Farigiraf\n|-activate|p2b: Farigiraf|item: Safety Goggles|Spore\n|move|p1b: Skeledirge|Earth Power|p2b: Farigiraf\n|-damage|p2b: Farigiraf|40\/100\n|move|p2b: Farigiraf|Trick Room|p2b: Farigiraf\n|-fieldend|move: Trick Room\n|\n|-sideend|p2: ren122333|move: Tailwind\n|upkeep\n|turn|5\n|\n|t:|1730485441\n|switch|p1b: Porygon2|Porygon2, L50|55\/100\n|-ability|p1b: Porygon2|Download|boost\n|-boost|p1b: Porygon2|spa|1\n|move|p2a: Whimsicott|Tailwind|p2a: Whimsicott\n|-sidestart|p2: ren122333|move: Tailwind\n|move|p2b: Farigiraf|Expanding Force|p1a: Amoonguss\n|-supereffective|p1a: Amoonguss\n|-damage|p1a: Amoonguss|12\/100\n|move|p1a: Amoonguss|Spore|p2a: Whimsicott\n|-status|p2a: Whimsicott|slp|[from] move: Spore\n|\n|upkeep\n|turn|6\n|\n|t:|1730485463\n|switch|p2a: Typhlosion|Typhlosion-Hisui, L50, F|100\/100\n|-item|p1a: Amoonguss|Mental Herb|[from] ability: Frisk|[of] p2a: Typhlosion\n|-item|p1b: Porygon2|Eviolite|[from] ability: Frisk|[of] p2a: Typhlosion\n|switch|p1a: Skeledirge|Skeledirge, L50, F|100\/100\n|move|p2b: Farigiraf|Imprison|p2b: Farigiraf\n|-start|p2b: Farigiraf|move: Imprison\n|cant|p1b: Porygon2|move: Imprison|Trick Room\n|\n|upkeep\n|turn|7\n|\n|t:|1730485479\n|move|p1b: Porygon2|Protect|p1b: Porygon2\n|-singleturn|p1b: Porygon2|Protect\n|move|p2a: Typhlosion|Eruption|p1a: Skeledirge|[spread] p1a\n|-activate|p1b: Porygon2|move: Protect\n|-resisted|p1a: Skeledirge\n|-damage|p1a: Skeledirge|72\/100\n|move|p2b: Farigiraf|Hyper Voice|p1b: Porygon2|[spread] \n|-activate|p1b: Porygon2|move: Protect\n|-immune|p1a: Skeledirge\n|move|p1a: Skeledirge|Shadow Ball|p2a: Typhlosion\n|-supereffective|p2a: Typhlosion\n|-damage|p2a: Typhlosion|0 fnt\n|faint|p2a: Typhlosion\n|\n|upkeep\n|\n|t:|1730485484\n|switch|p2a: Whimsicott|Whimsicott, L50, M, tera:Ghost|100\/100 slp\n|turn|8\n|\n|t:|1730485497\n|cant|p2a: Whimsicott|slp\n|move|p2b: Farigiraf|Expanding Force|p1a: Skeledirge\n|-damage|p1a: Skeledirge|48\/100\n|move|p1a: Skeledirge|Torch Song|p2b: Farigiraf\n|-damage|p2b: Farigiraf|0 fnt\n|-boost|p1a: Skeledirge|spa|1\n|faint|p2b: Farigiraf\n|move|p1b: Porygon2|Tera Blast|p2a: Whimsicott\n|-immune|p2a: Whimsicott\n|\n|-sideend|p2: ren122333|move: Tailwind\n|upkeep\n|turn|9\n|-message|ren122333 forfeited.\n|\n|win|bluestraggler02\n|raw|bluestraggler02's rating: 1643 &rarr; <strong>1668<\/strong><br \/>(+25 for winning)\n|raw|ren122333's rating: 1729 &rarr; <strong>1704<\/strong><br \/>(-25 for losing)\n|l|\u2606ren122333\n|player|p2|\n|l|\u2606bluestraggler02\n|player|p1|\n","uploadtime":1730485712,"views":31,"formatid":"gen9vgc2024regh","rating":1668,"private":0,"password":null}