{"id":"gen9vgc2024regh-2235410775","format":"[Gen 9] VGC 2024 Reg H","players":["647w","bluestraggler02"],"log":"|j|\u2606647w\n|j|\u2606bluestraggler02\n|t:|1730476484\n|gametype|doubles\n|player|p1|647w|lucas-gen4pt|1777\n|player|p2|bluestraggler02|170|1780\n|teamsize|p1|6\n|teamsize|p2|6\n|gen|9\n|tier|[Gen 9] VGC 2024 Reg H\n|rated|\n|rule|Species Clause: Limit one of each Pok\u00e9mon\n|rule|Item Clause: Limit 1 of each item\n|clearpoke\n|poke|p1|Kilowattrel, L50, M|\n|poke|p1|Garchomp, L50, F|\n|poke|p1|Gholdengo, L50|\n|poke|p1|Incineroar, L50, F|\n|poke|p1|Rillaboom, L50, F|\n|poke|p1|Dondozo, L50, M|\n|poke|p2|Skeledirge, L50, F|\n|poke|p2|Porygon2, L50|\n|poke|p2|Ursaluna, L50, F|\n|poke|p2|Amoonguss, L50, M|\n|poke|p2|Maushold-Four, L50|\n|poke|p2|Malamar, L50, F|\n|teampreview|4\n647w has agreed to open team sheets.\n|inactive|Battle timer is ON: inactive players will automatically lose when time's up. (requested by bluestraggler02)\nbluestraggler02 rejected open team sheets.\n|\n|t:|1730476518\n|start\n|switch|p1a: Rillaboom|Rillaboom, L50, F|100\/100\n|switch|p1b: Dondozo|Dondozo, L50, M|100\/100\n|switch|p2a: Malamar|Malamar, L50, F|100\/100\n|switch|p2b: Porygon2|Porygon2, L50|100\/100\n|-fieldstart|move: Grassy Terrain|[from] ability: Grassy Surge|[of] p1a: Rillaboom\n|-ability|p2b: Porygon2|Download|boost\n|-boost|p2b: Porygon2|spa|1\n|turn|1\n|\n|t:|1730476534\n|move|p2b: Porygon2|Protect|p2b: Porygon2\n|-singleturn|p2b: Porygon2|Protect\n|move|p1a: Rillaboom|U-turn|p2a: Malamar\n|-supereffective|p2a: Malamar\n|-damage|p2a: Malamar|11\/100\n|\n|t:|1730476540\n|switch|p1a: Incineroar|Incineroar, L50, F|100\/100|[from] U-turn\n|-ability|p1a: Incineroar|Intimidate|boost\n|-boost|p2a: Malamar|atk|1\n|-unboost|p2b: Porygon2|atk|1\n|move|p2a: Malamar|Superpower|p1a: Incineroar\n|-supereffective|p1a: Incineroar\n|-damage|p1a: Incineroar|0 fnt\n|-boost|p2a: Malamar|atk|1\n|-boost|p2a: Malamar|def|1\n|faint|p1a: Incineroar\n|move|p1b: Dondozo|Yawn|p2b: Porygon2\n|-activate|p2b: Porygon2|move: Protect\n|\n|-heal|p2a: Malamar|17\/100|[from] Grassy Terrain\n|upkeep\n|\n|t:|1730476543\n|switch|p1a: Rillaboom|Rillaboom, L50, F|100\/100\n|turn|2\n|\n|t:|1730476564\n|switch|p2b: Amoonguss|Amoonguss, L50, M|100\/100\n|move|p1a: Rillaboom|Wood Hammer|p2a: Malamar\n|-damage|p2a: Malamar|0 fnt\n|faint|p2a: Malamar\n|-damage|p1a: Rillaboom|95\/100|[from] Recoil\n|move|p1b: Dondozo|Yawn|p2b: Amoonguss\n|-start|p2b: Amoonguss|move: Yawn|[of] p1b: Dondozo\n|\n|-heal|p1a: Rillaboom|100\/100|[from] Grassy Terrain\n|upkeep\n|\n|t:|1730476570\n|switch|p2a: Ursaluna|Ursaluna, L50, F|100\/100\n|turn|3\n|\n|t:|1730476583\n|switch|p2b: Porygon2|Porygon2, L50|100\/100\n|-ability|p2b: Porygon2|Download|boost\n|-boost|p2b: Porygon2|spa|1\n|move|p2a: Ursaluna|Protect|p2a: Ursaluna\n|-singleturn|p2a: Ursaluna|Protect\n|move|p1b: Dondozo|Protect|p1b: Dondozo\n|-singleturn|p1b: Dondozo|Protect\n|move|p1a: Rillaboom|Wood Hammer|p2a: Ursaluna\n|-activate|p2a: Ursaluna|move: Protect\n|\n|-status|p2a: Ursaluna|brn|[from] item: Flame Orb\n|upkeep\n|turn|4\n|\n|t:|1730476600\n|-terastallize|p2a: Ursaluna|Ghost\n|move|p1a: Rillaboom|Wood Hammer|p2a: Ursaluna\n|-damage|p2a: Ursaluna|43\/100 brn\n|-damage|p1a: Rillaboom|80\/100|[from] Recoil\n|move|p2a: Ursaluna|Facade|p1a: Rillaboom\n|-damage|p1a: Rillaboom|0 fnt\n|faint|p1a: Rillaboom\n|move|p1b: Dondozo|Yawn|p2b: Porygon2\n|-start|p2b: Porygon2|move: Yawn|[of] p1b: Dondozo\n|move|p2b: Porygon2|Trick Room|p2b: Porygon2\n|-fieldstart|move: Trick Room|[of] p2b: Porygon2\n|\n|-heal|p2a: Ursaluna|48\/100 brn|[from] Grassy Terrain\n|-damage|p2a: Ursaluna|43\/100 brn|[from] brn\n|upkeep\n|\n|t:|1730476605\n|switch|p1a: Gholdengo|Gholdengo, L50|100\/100\n|turn|5\n|\n|t:|1730476613\n|switch|p2b: Amoonguss|Amoonguss, L50, M|100\/100\n|move|p1a: Gholdengo|Protect|p1a: Gholdengo\n|-singleturn|p1a: Gholdengo|Protect\n|move|p1b: Dondozo|Wave Crash|p2a: Ursaluna\n|-damage|p2a: Ursaluna|9\/100 brn\n|-damage|p1b: Dondozo|91\/100|[from] Recoil\n|move|p2a: Ursaluna|High Horsepower|p1a: Gholdengo\n|-activate|p1a: Gholdengo|move: Protect\n|\n|-heal|p1b: Dondozo|97\/100|[from] Grassy Terrain\n|-heal|p1b: Dondozo|100\/100|[from] item: Leftovers\n|-heal|p2a: Ursaluna|15\/100 brn|[from] Grassy Terrain\n|-damage|p2a: Ursaluna|9\/100 brn|[from] brn\n|-fieldend|move: Grassy Terrain\n|upkeep\n|turn|6\n|j| Mullyy\n|inactive|647w has 30 seconds left.\n|inactive|647w has 20 seconds left.\n|inactive|bluestraggler02 has 30 seconds left.\n|\n|t:|1730476654\n|-terastallize|p1a: Gholdengo|Water\n|move|p1b: Dondozo|Protect|p1b: Dondozo\n|-singleturn|p1b: Dondozo|Protect\n|move|p2b: Amoonguss|Pollen Puff|p2a: Ursaluna\n|-heal|p2a: Ursaluna|59\/100 brn\n|move|p2a: Ursaluna|Headlong Rush|p1a: Gholdengo\n|-damage|p1a: Gholdengo|0 fnt\n|-unboost|p2a: Ursaluna|def|1\n|-unboost|p2a: Ursaluna|spd|1\n|faint|p1a: Gholdengo\n|\n|-damage|p2a: Ursaluna|53\/100 brn|[from] brn\n|upkeep\n|turn|7\n|\n|t:|1730476662\n|move|p1b: Dondozo|Wave Crash|p2a: Ursaluna\n|-crit|p2a: Ursaluna\n|-damage|p2a: Ursaluna|1\/100 brn\n|-damage|p1b: Dondozo|86\/100|[from] Recoil\n|move|p2b: Amoonguss|Leaf Storm|p1b: Dondozo\n|-supereffective|p1b: Dondozo\n|-damage|p1b: Dondozo|32\/100\n|-unboost|p2b: Amoonguss|spa|2\n|move|p2a: Ursaluna|Facade|p1b: Dondozo\n|-damage|p1b: Dondozo|0 fnt\n|faint|p1b: Dondozo\n|\n|win|bluestraggler02\n|raw|647w's rating: 1777 &rarr; <strong>1757<\/strong><br \/>(-20 for losing)\n|raw|bluestraggler02's rating: 1780 &rarr; <strong>1800<\/strong><br \/>(+20 for winning)\n","uploadtime":1730476667,"views":41,"formatid":"gen9vgc2024regh","rating":1757,"private":0,"password":null}