{"id":"gen9vgc2024regh-2235542980","format":"[Gen 9] VGC 2024 Reg H","players":["rgktest","ren122333"],"log":"|j|\u2606rgktest\n|j|\u2606ren122333\n|t:|1730489593\n|gametype|doubles\n|player|p1|rgktest|170|1645\n|player|p2|ren122333|hilbert|1707\n|teamsize|p1|6\n|teamsize|p2|6\n|gen|9\n|tier|[Gen 9] VGC 2024 Reg H\n|rated|\n|rule|Species Clause: Limit one of each Pok\u00e9mon\n|rule|Item Clause: Limit 1 of each item\n|clearpoke\n|poke|p1|Indeedee-F, L50, F|\n|poke|p1|Gallade, L50, M|\n|poke|p1|Torkoal, L50, M|\n|poke|p1|Smeargle, L50, M|\n|poke|p1|Braviary-Hisui, L50, M|\n|poke|p1|Weezing, L50, F|\n|poke|p2|Whimsicott, L50, F|\n|poke|p2|Mamoswine, L50, F|\n|poke|p2|Lycanroc-Dusk, L50, F|\n|poke|p2|Typhlosion-Hisui, L50, M|\n|poke|p2|Farigiraf, L50, M|\n|poke|p2|Mienshao, L50, M|\n|teampreview|4\n|inactive|Battle timer is ON: inactive players will automatically lose when time's up. (requested by ren122333)\n|inactive|rgktest has 60 seconds left.\n|\n|t:|1730489656\n|start\n|switch|p1a: Braviary|Braviary-Hisui, L50, M|100\/100\n|switch|p1b: Indeedee|Indeedee-F, L50, F|100\/100\n|switch|p2a: Farigiraf|Farigiraf, L50, M|100\/100\n|switch|p2b: Lycanroc|Lycanroc-Dusk, L50, F|100\/100\n|-fieldstart|move: Psychic Terrain|[from] ability: Psychic Surge|[of] p1b: Indeedee\n|turn|1\n|inactive|rgktest has 30 seconds left.\n|inactive|rgktest has 20 seconds left.\n|inactive|rgktest has 15 seconds left.\n|inactive|rgktest has 10 seconds left.\n|\n|t:|1730489706\n|-terastallize|p1a: Braviary|Psychic\n|move|p1b: Indeedee|Helping Hand|p1a: Braviary\n|-singleturn|p1a: Braviary|Helping Hand|[of] p1b: Indeedee\n|move|p1a: Braviary|Expanding Force|p2b: Lycanroc|[spread] p2a,p2b\n|-resisted|p2a: Farigiraf\n|-damage|p2a: Farigiraf|0 fnt\n|-damage|p2b: Lycanroc|0 fnt\n|faint|p2a: Farigiraf\n|faint|p2b: Lycanroc\n|\n|upkeep\n|\n|t:|1730489715\n|switch|p2b: Typhlosion|Typhlosion-Hisui, L50, M|100\/100\n|switch|p2a: Mienshao|Mienshao, L50, M|100\/100\n|-item|p1a: Braviary|Choice Scarf|[from] ability: Frisk|[of] p2b: Typhlosion\n|-item|p1b: Indeedee|Rocky Helmet|[from] ability: Frisk|[of] p2b: Typhlosion\n|turn|2\n|\n|t:|1730489738\n|move|p2a: Mienshao|Wide Guard|p2a: Mienshao\n|-singleturn|p2a: Mienshao|Wide Guard\n|move|p1a: Braviary|Expanding Force|p2a: Mienshao|[spread] \n|-activate|p2a: Mienshao|move: Wide Guard\n|-activate|p2b: Typhlosion|move: Wide Guard\n|move|p2b: Typhlosion|Eruption|p1a: Braviary|[spread] p1a,p1b\n|-damage|p1a: Braviary|0 fnt\n|-damage|p1b: Indeedee|45\/100\n|faint|p1a: Braviary\n|move|p1b: Indeedee|Trick Room|p1b: Indeedee\n|-fieldstart|move: Trick Room|[of] p1b: Indeedee\n|\n|upkeep\n|inactive|rgktest has 30 seconds left.\n|\n|t:|1730489763\n|switch|p1a: Smeargle|Smeargle, L50, M|100\/100\n|turn|3\n|\n|t:|1730489774\n|-terastallize|p2a: Mienshao|Dark\n|move|p1b: Indeedee|Psychic|p2a: Mienshao\n|-immune|p2a: Mienshao\n|move|p1a: Smeargle|Spore|p2b: Typhlosion\n|-status|p2b: Typhlosion|slp|[from] move: Spore\n|cant|p2b: Typhlosion|slp\n|move|p2a: Mienshao|Knock Off|p1b: Indeedee\n|-supereffective|p1b: Indeedee\n|-damage|p1b: Indeedee|0 fnt\n|-damage|p2a: Mienshao|84\/100|[from] item: Rocky Helmet|[of] p1b: Indeedee\n|-enditem|p1b: Indeedee|Rocky Helmet|[from] move: Knock Off|[of] p2a: Mienshao\n|faint|p1b: Indeedee\n|-damage|p2a: Mienshao|74\/100|[from] item: Life Orb\n|\n|-ability|p1a: Smeargle|Moody|boost\n|-boost|p1a: Smeargle|spa|2\n|-unboost|p1a: Smeargle|atk|1\n|upkeep\n|\n|t:|1730489781\n|switch|p1b: Torkoal|Torkoal, L50, M|100\/100\n|-weather|SunnyDay|[from] ability: Drought|[of] p1b: Torkoal\n|turn|4\n|\n|t:|1730489800\n|move|p2a: Mienshao|Wide Guard|p2a: Mienshao\n|-singleturn|p2a: Mienshao|Wide Guard\n|move|p1b: Torkoal|Eruption|p2b: Typhlosion|[spread] \n|-activate|p2a: Mienshao|move: Wide Guard\n|-activate|p2b: Typhlosion|move: Wide Guard\n|move|p1a: Smeargle|Spore|p2a: Mienshao\n|-status|p2a: Mienshao|slp|[from] move: Spore\n|cant|p2b: Typhlosion|slp\n|\n|-weather|SunnyDay|[upkeep]\n|-ability|p1a: Smeargle|Moody|boost\n|-boost|p1a: Smeargle|spa|2\n|-unboost|p1a: Smeargle|spd|1\n|upkeep\n|turn|5\n|\n|t:|1730489812\n|cant|p2a: Mienshao|slp\n|move|p1b: Torkoal|Eruption|p2b: Typhlosion|[spread] p2a,p2b\n|-resisted|p2b: Typhlosion\n|-damage|p2a: Mienshao|0 fnt\n|-damage|p2b: Typhlosion|28\/100 slp\n|faint|p2a: Mienshao\n|move|p1a: Smeargle|Dire Claw|p2b: Typhlosion\n|-resisted|p2b: Typhlosion\n|-damage|p2b: Typhlosion|22\/100 slp\n|cant|p2b: Typhlosion|slp\n|\n|-weather|SunnyDay|[upkeep]\n|-fieldend|move: Psychic Terrain\n|-ability|p1a: Smeargle|Moody|boost\n|-boost|p1a: Smeargle|atk|2\n|-unboost|p1a: Smeargle|def|1\n|upkeep\n|turn|6\n|-message|ren122333 forfeited.\n|\n|win|rgktest\n|raw|rgktest's rating: 1645 &rarr; <strong>1669<\/strong><br \/>(+24 for winning)\n|raw|ren122333's rating: 1707 &rarr; <strong>1683<\/strong><br \/>(-24 for losing)\n|l|\u2606ren122333\n|player|p2|\n|l|\u2606rgktest\n|player|p1|\n","uploadtime":1730490005,"views":34,"formatid":"gen9vgc2024regh","rating":1669,"private":0,"password":null}