{"id":"gen9vgc2024regh-2235462596","format":"[Gen 9] VGC 2024 Reg H","players":["jhyjhyt","bluestraggler02"],"log":"|j|\u2606jhyjhyt\n|j|\u2606bluestraggler02\n|t:|1730481568\n|gametype|doubles\n|player|p1|jhyjhyt|101|1712\n|player|p2|bluestraggler02|170|1733\n|teamsize|p1|6\n|teamsize|p2|6\n|gen|9\n|tier|[Gen 9] VGC 2024 Reg H\n|rated|\n|rule|Species Clause: Limit one of each Pok\u00e9mon\n|rule|Item Clause: Limit 1 of each item\n|clearpoke\n|poke|p1|Dondozo, L50, M|\n|poke|p1|Tatsugiri, L50, F|\n|poke|p1|Pelipper, L50, M|\n|poke|p1|Archaludon, L50, F|\n|poke|p1|Amoonguss, L50, F|\n|poke|p1|Murkrow, L50, F|\n|poke|p2|Skeledirge, L50, F|\n|poke|p2|Porygon2, L50|\n|poke|p2|Ursaluna, L50, M|\n|poke|p2|Amoonguss, L50, F|\n|poke|p2|Maushold-Four, L50|\n|poke|p2|Malamar, L50, M|\n|teampreview|4\n|j| stewpeed\n|inactive|Battle timer is ON: inactive players will automatically lose when time's up. (requested by bluestraggler02)\nbluestraggler02 rejected open team sheets.\n|\n|t:|1730481638\n|start\n|switch|p1a: Dondozo|Dondozo, L50, M|100\/100\n|switch|p1b: Pelipper|Pelipper, L50, M|100\/100\n|switch|p2a: Porygon2|Porygon2, L50|100\/100\n|switch|p2b: Amoonguss|Amoonguss, L50, F|100\/100\n|-weather|RainDance|[from] ability: Drizzle|[of] p1b: Pelipper\n|-ability|p2a: Porygon2|Download|boost\n|-boost|p2a: Porygon2|spa|1\n|turn|1\n|\n|t:|1730481657\n|move|p1a: Dondozo|Protect|p1a: Dondozo\n|-singleturn|p1a: Dondozo|Protect\n|move|p1b: Pelipper|Hurricane|p2b: Amoonguss\n|-supereffective|p2b: Amoonguss\n|-damage|p2b: Amoonguss|6\/100\n|move|p2b: Amoonguss|Spore|p1a: Dondozo\n|-activate|p1a: Dondozo|move: Protect\n|move|p2a: Porygon2|Trick Room|p2a: Porygon2\n|-fieldstart|move: Trick Room|[of] p2a: Porygon2\n|\n|-weather|RainDance|[upkeep]\n|upkeep\n|turn|2\n|\n|t:|1730481672\n|switch|p2a: Skeledirge|Skeledirge, L50, F|100\/100\n|move|p2b: Amoonguss|Spore|p1a: Dondozo\n|-status|p1a: Dondozo|slp|[from] move: Spore\n|cant|p1a: Dondozo|slp\n|move|p1b: Pelipper|Hurricane|p2b: Amoonguss\n|-supereffective|p2b: Amoonguss\n|-damage|p2b: Amoonguss|0 fnt\n|faint|p2b: Amoonguss\n|\n|-weather|RainDance|[upkeep]\n|upkeep\n|\n|t:|1730481685\n|switch|p2b: Porygon2|Porygon2, L50|100\/100\n|-ability|p2b: Porygon2|Download|boost\n|-boost|p2b: Porygon2|spa|1\n|turn|3\n|\n|t:|1730481700\n|-terastallize|p2a: Skeledirge|Dark\n|move|p1b: Pelipper|Protect|p1b: Pelipper\n|-singleturn|p1b: Pelipper|Protect\n|move|p2b: Porygon2|Tera Blast|p1a: Dondozo\n|-crit|p1a: Dondozo\n|-damage|p1a: Dondozo|48\/100 slp\n|-curestatus|p1a: Dondozo|slp|[msg]\n|move|p1a: Dondozo|Wave Crash|p2a: Skeledirge\n|-damage|p2a: Skeledirge|45\/100\n|-damage|p1a: Dondozo|31\/100|[from] Recoil\n|move|p2a: Skeledirge|Shadow Ball|p1a: Dondozo\n|-damage|p1a: Dondozo|0 fnt\n|faint|p1a: Dondozo\n|\n|-weather|RainDance|[upkeep]\n|upkeep\n|\n|t:|1730481716\n|switch|p1a: Archaludon|Archaludon, L50, F|100\/100\n|turn|4\n|j| otapolg\n|\n|t:|1730481727\n|move|p2b: Porygon2|Tera Blast|p1b: Pelipper\n|-damage|p1b: Pelipper|17\/100\n|move|p2a: Skeledirge|Shadow Ball|p1b: Pelipper\n|-damage|p1b: Pelipper|0 fnt\n|faint|p1b: Pelipper\n|move|p1a: Archaludon|Electro Shot||[still]\n|-prepare|p1a: Archaludon|Electro Shot\n|-boost|p1a: Archaludon|spa|1\n|-anim|p1a: Archaludon|Electro Shot|p2a: Skeledirge\n|-damage|p2a: Skeledirge|15\/100\n|\n|-weather|RainDance|[upkeep]\n|upkeep\n|\n|t:|1730481738\n|switch|p1b: Tatsugiri|Tatsugiri, L50, F|100\/100\n|turn|5\n|\n|t:|1730481749\n|move|p2b: Porygon2|Tera Blast|p1b: Tatsugiri\n|-damage|p1b: Tatsugiri|44\/100\n|move|p2a: Skeledirge|Shadow Ball|p1b: Tatsugiri\n|-damage|p1b: Tatsugiri|0 fnt\n|faint|p1b: Tatsugiri\n|move|p1a: Archaludon|Electro Shot||[still]\n|-prepare|p1a: Archaludon|Electro Shot\n|-boost|p1a: Archaludon|spa|1\n|-anim|p1a: Archaludon|Electro Shot|p2a: Skeledirge\n|-damage|p2a: Skeledirge|0 fnt\n|faint|p2a: Skeledirge\n|\n|-weather|none\n|-fieldend|move: Trick Room\n|upkeep\n|\n|t:|1730481755\n|switch|p2a: Ursaluna|Ursaluna, L50, M|100\/100\n|turn|6\n|j| Zynxcw\n|\n|t:|1730481769\n|move|p2a: Ursaluna|Protect|p2a: Ursaluna\n|-singleturn|p2a: Ursaluna|Protect\n|move|p1a: Archaludon|Flash Cannon|p2b: Porygon2\n|-damage|p2b: Porygon2|57\/100\n|move|p2b: Porygon2|Trick Room|p2b: Porygon2\n|-fieldstart|move: Trick Room|[of] p2b: Porygon2\n|\n|-status|p2a: Ursaluna|brn|[from] item: Flame Orb\n|upkeep\n|turn|7\n|inactive|bluestraggler02 has 30 seconds left.\n|\n|t:|1730481795\n|-terastallize|p1a: Archaludon|Grass\n|move|p2a: Ursaluna|Facade|p1a: Archaludon\n|-damage|p1a: Archaludon|24\/100\n|-ability|p1a: Archaludon|Stamina|boost\n|-boost|p1a: Archaludon|def|1\n|move|p2b: Porygon2|Ice Beam|p1a: Archaludon\n|-supereffective|p1a: Archaludon\n|-damage|p1a: Archaludon|0 fnt\n|faint|p1a: Archaludon\n|\n|win|bluestraggler02\n|raw|jhyjhyt's rating: 1712 &rarr; <strong>1693<\/strong><br \/>(-19 for losing)\n|raw|bluestraggler02's rating: 1733 &rarr; <strong>1752<\/strong><br \/>(+19 for winning)\n|l|\u2606bluestraggler02\n|player|p2|\n|l|\u2606jhyjhyt\n|player|p1|\n|l| otapolg\n","uploadtime":1730481972,"views":34,"formatid":"gen9vgc2024regh","rating":1693,"private":0,"password":null}