{"id":"gen9vgc2024regh-2235840840","format":"[Gen 9] VGC 2024 Reg H","players":["nwjns999","djjwjwwjj"],"log":"|j|\u2606nwjns999\n|j|\u2606djjwjwwjj\n|t:|1730530392\n|gametype|doubles\n|player|p1|nwjns999|backpackerf|1709\n|player|p2|djjwjwwjj|1|1833\n|teamsize|p1|6\n|teamsize|p2|6\n|gen|9\n|tier|[Gen 9] VGC 2024 Reg H\n|rated|\n|rule|Species Clause: Limit one of each Pok\u00e9mon\n|rule|Item Clause: Limit 1 of each item\n|clearpoke\n|poke|p1|Dragonite, L50, F|\n|poke|p1|Ursaluna-Bloodmoon, L50, M|\n|poke|p1|Gholdengo, L50|\n|poke|p1|Jolteon, L50, F|\n|poke|p1|Incineroar, L50, F|\n|poke|p1|Rillaboom, L50, F|\n|poke|p2|Palafin, L50, M|\n|poke|p2|Pelipper, L50, M|\n|poke|p2|Incineroar, L50, F|\n|poke|p2|Rillaboom, L50, F|\n|poke|p2|Archaludon, L50, F|\n|poke|p2|Clefable, L50, M|\n|teampreview|4\n|\n|t:|1730530445\n|start\n|switch|p1a: Jolteon|Jolteon, L50, F|100\/100\n|switch|p1b: Gholdengo|Gholdengo, L50|100\/100\n|switch|p2a: Incineroar|Incineroar, L50, F|100\/100\n|switch|p2b: Archaludon|Archaludon, L50, F|100\/100\n|-ability|p2a: Incineroar|Intimidate|boost\n|-unboost|p1a: Jolteon|atk|1\n|-unboost|p1b: Gholdengo|atk|1\n|turn|1\n|\n|t:|1730530472\n|move|p2b: Archaludon|Protect|p2b: Archaludon\n|-singleturn|p2b: Archaludon|Protect\n|move|p1a: Jolteon|Fake Tears|p2b: Archaludon\n|-activate|p2b: Archaludon|move: Protect\n|move|p1b: Gholdengo|Shadow Ball|p2b: Archaludon\n|-activate|p2b: Archaludon|move: Protect\n|move|p2a: Incineroar|Flare Blitz|p1b: Gholdengo\n|-supereffective|p1b: Gholdengo\n|-damage|p1b: Gholdengo|0 fnt\n|faint|p1b: Gholdengo\n|-damage|p2a: Incineroar|73\/100|[from] Recoil\n|\n|upkeep\n|\n|t:|1730530479\n|switch|p1b: Ursaluna|Ursaluna-Bloodmoon, L50, M|100\/100\n|turn|2\n|\n|t:|1730530526\n|move|p1a: Jolteon|Thunderbolt|p2a: Incineroar\n|-damage|p2a: Incineroar|37\/100\n|-enditem|p2a: Incineroar|Sitrus Berry|[eat]\n|-heal|p2a: Incineroar|62\/100|[from] item: Sitrus Berry\n|move|p2b: Archaludon|Aura Sphere|p1b: Ursaluna\n|-supereffective|p1b: Ursaluna\n|-damage|p1b: Ursaluna|53\/100\n|move|p2a: Incineroar|Parting Shot|p1b: Ursaluna\n|-unboost|p1b: Ursaluna|atk|1\n|-unboost|p1b: Ursaluna|spa|1\n|\n|t:|1730530535\n|switch|p2a: Palafin|Palafin, L50, M, shiny|100\/100|[from] Parting Shot\n|move|p1b: Ursaluna|Calm Mind|p1b: Ursaluna\n|-boost|p1b: Ursaluna|spa|1\n|-boost|p1b: Ursaluna|spd|1\n|\n|-heal|p1b: Ursaluna|59\/100|[from] item: Leftovers\n|upkeep\n|turn|3\n|\n|t:|1730530559\n|detailschange|p2a: Palafin|Palafin-Hero, L50, M, shiny\n|switch|p2a: Incineroar|Incineroar, L50, F|62\/100\n|-ability|p2a: Incineroar|Intimidate|boost\n|-unboost|p1a: Jolteon|atk|1\n|-unboost|p1b: Ursaluna|atk|1\n|-terastallize|p1b: Ursaluna|Water\n|move|p1a: Jolteon|Electroweb|p2a: Incineroar|[spread] p2a,p2b\n|-resisted|p2b: Archaludon\n|-damage|p2a: Incineroar|47\/100\n|-damage|p2b: Archaludon|91\/100\n|-unboost|p2a: Incineroar|spe|1\n|-unboost|p2b: Archaludon|spe|1\n|move|p1b: Ursaluna|Earth Power|p2b: Archaludon\n|-supereffective|p2b: Archaludon\n|-damage|p2b: Archaludon|0 fnt\n|faint|p2b: Archaludon\n|\n|-heal|p1b: Ursaluna|65\/100|[from] item: Leftovers\n|upkeep\n|\n|t:|1730530579\n|switch|p2b: Pelipper|Pelipper, L50, M|100\/100\n|-weather|RainDance|[from] ability: Drizzle|[of] p2b: Pelipper\n|turn|4\n|\n|t:|1730530603\n|move|p2a: Incineroar|Fake Out|p1a: Jolteon\n|-damage|p1a: Jolteon|81\/100\n|move|p1a: Jolteon|Electroweb|p2a: Incineroar|[spread] p2a\n|-miss|p1a: Jolteon|p2b: Pelipper\n|-damage|p2a: Incineroar|32\/100\n|-unboost|p2a: Incineroar|spe|1\n|move|p2b: Pelipper|Weather Ball|p1a: Jolteon\n|-damage|p1a: Jolteon|5\/100\n|move|p1b: Ursaluna|Hyper Voice|p2b: Pelipper|[spread] p2a,p2b\n|-damage|p2a: Incineroar|2\/100\n|-damage|p2b: Pelipper|38\/100\n|\n|-weather|RainDance|[upkeep]\n|-heal|p1b: Ursaluna|71\/100|[from] item: Leftovers\n|upkeep\n|turn|5\n|j| xiaoliyun.official\n|\n|t:|1730530649\n|-terastallize|p2b: Pelipper|Ground\n|move|p1a: Jolteon|Volt Switch|p2b: Pelipper\n|-immune|p2b: Pelipper\n|move|p2b: Pelipper|Weather Ball|p1a: Jolteon\n|-damage|p1a: Jolteon|0 fnt\n|faint|p1a: Jolteon\n|move|p1b: Ursaluna|Calm Mind|p1b: Ursaluna\n|-boost|p1b: Ursaluna|spa|1\n|-boost|p1b: Ursaluna|spd|1\n|move|p2a: Incineroar|Parting Shot|p1b: Ursaluna\n|-unboost|p1b: Ursaluna|atk|1\n|-unboost|p1b: Ursaluna|spa|1\n|\n|t:|1730530661\n|switch|p2a: Palafin|Palafin-Hero, L50, M, shiny|100\/100|[from] Parting Shot\n|-activate|p2a: Palafin|ability: Zero to Hero\n|\n|-weather|RainDance|[upkeep]\n|-heal|p1b: Ursaluna|78\/100|[from] item: Leftovers\n|upkeep\n|\n|t:|1730530663\n|switch|p1a: Dragonite|Dragonite, L50, F|100\/100\n|turn|6\n|\n|t:|1730530686\n|move|p1a: Dragonite|Extreme Speed|p2b: Pelipper\n|-damage|p2b: Pelipper|0 fnt\n|faint|p2b: Pelipper\n|move|p2a: Palafin|Wave Crash|p1a: Dragonite\n|-resisted|p1a: Dragonite\n|-damage|p1a: Dragonite|56\/100\n|-damage|p2a: Palafin|88\/100|[from] Recoil\n|move|p1b: Ursaluna|Blood Moon|p2a: Palafin\n|-damage|p2a: Palafin|14\/100\n|\n|-weather|RainDance|[upkeep]\n|-heal|p1b: Ursaluna|84\/100|[from] item: Leftovers\n|upkeep\n|\n|t:|1730530698\n|switch|p2b: Incineroar|Incineroar, L50, F|2\/100\n|-ability|p2b: Incineroar|Intimidate|boost\n|-unboost|p1a: Dragonite|atk|1\n|-unboost|p1b: Ursaluna|atk|1\n|turn|7\n|\n|t:|1730530706\n|move|p2b: Incineroar|Fake Out|p1b: Ursaluna\n|-damage|p1b: Ursaluna|74\/100\n|move|p1a: Dragonite|Extreme Speed|p2a: Palafin\n|-damage|p2a: Palafin|0 fnt\n|faint|p2a: Palafin\n|cant|p1b: Ursaluna|flinch\n|\n|-weather|RainDance|[upkeep]\n|-heal|p1b: Ursaluna|80\/100|[from] item: Leftovers\n|upkeep\n|turn|8\n|-message|djjwjwwjj forfeited.\n|\n|win|nwjns999\n|raw|nwjns999's rating: 1709 &rarr; <strong>1736<\/strong><br \/>(+27 for winning)\n|raw|djjwjwwjj's rating: 1833 &rarr; <strong>1806<\/strong><br \/>(-27 for losing)\n|l|\u2606djjwjwwjj\n|player|p2|\n|l|\u2606nwjns999\n|player|p1|\n|l| xiaoliyun.official\n","uploadtime":1730530963,"views":21,"formatid":"gen9vgc2024regh","rating":1736,"private":0,"password":null}