{"id":"gen9vgc2024regh-2235737636","format":"[Gen 9] VGC 2024 Reg H","players":["post_testing","kfjtdhynd"],"log":"|j|\u2606post_testing\n|j|\u2606kfjtdhynd\n|t:|1730512905\n|gametype|doubles\n|player|p1|post_testing|1|1651\n|player|p2|kfjtdhynd|266|1751\n|teamsize|p1|6\n|teamsize|p2|6\n|gen|9\n|tier|[Gen 9] VGC 2024 Reg H\n|rated|\n|rule|Species Clause: Limit one of each Pok\u00e9mon\n|rule|Item Clause: Limit 1 of each item\n|clearpoke\n|poke|p1|Archaludon, L50, F|\n|poke|p1|Murkrow, L50, F|\n|poke|p1|Indeedee, L50, M|\n|poke|p1|Sneasler, L50, F|\n|poke|p1|Delphox, L50, F|\n|poke|p1|Dragapult, L50, M|\n|poke|p2|Basculegion-F, L50, F|\n|poke|p2|Pelipper, L50, F|\n|poke|p2|Rillaboom, L50, M|\n|poke|p2|Sneasler, L50, F|\n|poke|p2|Dragonite, L50, M|\n|poke|p2|Incineroar, L50, M|\n|teampreview|4\n|inactive|Battle timer is ON: inactive players will automatically lose when time's up. (requested by kfjtdhynd)\nkfjtdhynd rejected open team sheets.\n|inactive|kfjtdhynd has 60 seconds left.\n|\n|t:|1730512946\n|start\n|switch|p1a: Murkrow|Murkrow, L50, F|100\/100\n|switch|p1b: Archaludon|Archaludon, L50, F|100\/100\n|switch|p2a: Basculegion|Basculegion-F, L50, F|100\/100\n|switch|p2b: Rillaboom|Rillaboom, L50, M|100\/100\n|-fieldstart|move: Grassy Terrain|[from] ability: Grassy Surge|[of] p2b: Rillaboom\n|turn|1\n|\n|t:|1730512965\n|move|p1b: Archaludon|Protect|p1b: Archaludon\n|-singleturn|p1b: Archaludon|Protect\n|move|p2b: Rillaboom|Fake Out|p1a: Murkrow\n|-damage|p1a: Murkrow|89\/100\n|cant|p1a: Murkrow|flinch\n|move|p2a: Basculegion|Muddy Water|p1a: Murkrow|[spread] p1a\n|-activate|p1b: Archaludon|move: Protect\n|-damage|p1a: Murkrow|38\/100\n|\n|upkeep\n|turn|2\n|inactive|kfjtdhynd has 30 seconds left.\n|inactive|kfjtdhynd has 20 seconds left.\n|inactive|kfjtdhynd has 15 seconds left.\n|\n|t:|1730513006\n|switch|p2b: Pelipper|Pelipper, L50, F|100\/100\n|-weather|RainDance|[from] ability: Drizzle|[of] p2b: Pelipper\n|move|p1a: Murkrow|Sunny Day|p1a: Murkrow\n|-weather|SunnyDay\n|move|p1b: Archaludon|Electro Shot||[still]\n|-prepare|p1b: Archaludon|Electro Shot\n|-boost|p1b: Archaludon|spa|1\n|-enditem|p1b: Archaludon|Power Herb\n|-anim|p1b: Archaludon|Electro Shot|p2a: Basculegion\n|-supereffective|p2a: Basculegion\n|-damage|p2a: Basculegion|0 fnt\n|faint|p2a: Basculegion\n|\n|-weather|SunnyDay|[upkeep]\n|upkeep\n|\n|t:|1730513014\n|switch|p2a: Sneasler|Sneasler, L50, F|100\/100\n|-enditem|p2a: Sneasler|Grassy Seed\n|-boost|p2a: Sneasler|def|1|[from] item: Grassy Seed\n|turn|3\n|\n|t:|1730513034\n|-terastallize|p2a: Sneasler|Fighting\n|move|p1a: Murkrow|Tailwind|p1a: Murkrow\n|-sidestart|p1: post_testing|move: Tailwind\n|move|p2a: Sneasler|Close Combat|p1b: Archaludon\n|-supereffective|p1b: Archaludon\n|-ability|p1b: Archaludon|Sturdy\n|-damage|p1b: Archaludon|1\/100\n|-unboost|p2a: Sneasler|def|1\n|-unboost|p2a: Sneasler|spd|1\n|move|p1b: Archaludon|Draco Meteor|p2a: Sneasler\n|-damage|p2a: Sneasler|0 fnt\n|-unboost|p1b: Archaludon|spa|2\n|faint|p2a: Sneasler\n|move|p2b: Pelipper|Tailwind|p2b: Pelipper\n|-sidestart|p2: kfjtdhynd|move: Tailwind\n|\n|-weather|SunnyDay|[upkeep]\n|-heal|p1b: Archaludon|7\/100|[from] Grassy Terrain\n|upkeep\n|\n|t:|1730513043\n|switch|p2a: Rillaboom|Rillaboom, L50, M|100\/100\n|turn|4\n|\n|t:|1730513065\n|-terastallize|p1a: Murkrow|Ghost\n|move|p1b: Archaludon|Protect|p1b: Archaludon\n|-singleturn|p1b: Archaludon|Protect\n|move|p2a: Rillaboom|Grassy Glide|p1b: Archaludon\n|-activate|p1b: Archaludon|move: Protect\n|move|p2b: Pelipper|Weather Ball|p1a: Murkrow\n|-damage|p1a: Murkrow|0 fnt\n|faint|p1a: Murkrow\n|\n|-weather|SunnyDay|[upkeep]\n|-heal|p1b: Archaludon|13\/100|[from] Grassy Terrain\n|upkeep\n|\n|t:|1730513081\n|switch|p1a: Delphox|Delphox, L50, F|100\/100\n|turn|5\n|\n|t:|1730513098\n|move|p1a: Delphox|Heat Wave|p2a: Rillaboom|[spread] p2b\n|-miss|p1a: Delphox|p2a: Rillaboom\n|-resisted|p2b: Pelipper\n|-damage|p2b: Pelipper|39\/100\n|-damage|p1a: Delphox|90\/100|[from] item: Life Orb\n|move|p1b: Archaludon|Flash Cannon|p2b: Pelipper\n|-resisted|p2b: Pelipper\n|-damage|p2b: Pelipper|15\/100\n|move|p2a: Rillaboom|U-turn|p1a: Delphox\n|-damage|p1a: Delphox|56\/100\n|move|p2b: Pelipper|Weather Ball|p1a: Delphox\n|-resisted|p1a: Delphox\n|-damage|p1a: Delphox|31\/100\n|\n|-weather|SunnyDay|[upkeep]\n|-heal|p1a: Delphox|37\/100|[from] Grassy Terrain\n|-heal|p1b: Archaludon|19\/100|[from] Grassy Terrain\n|-fieldend|move: Grassy Terrain\n|upkeep\n|turn|6\n|\n|t:|1730513121\n|move|p2b: Pelipper|Protect|p2b: Pelipper\n|-singleturn|p2b: Pelipper|Protect\n|move|p1a: Delphox|Heat Wave|p2b: Pelipper|[spread] p2a\n|-activate|p2b: Pelipper|move: Protect\n|-supereffective|p2a: Rillaboom\n|-damage|p2a: Rillaboom|2\/100\n|-damage|p1a: Delphox|27\/100|[from] item: Life Orb\n|move|p1b: Archaludon|Draco Meteor|p2a: Rillaboom\n|-damage|p2a: Rillaboom|0 fnt\n|-unboost|p1b: Archaludon|spa|2\n|faint|p2a: Rillaboom\n|\n|-weather|none\n|-sideend|p1: post_testing|move: Tailwind\n|-sideend|p2: kfjtdhynd|move: Tailwind\n|upkeep\n|turn|7\n|-message|kfjtdhynd forfeited.\n|\n|win|post_testing\n|raw|post_testing's rating: 1651 &rarr; <strong>1677<\/strong><br \/>(+26 for winning)\n|raw|kfjtdhynd's rating: 1751 &rarr; <strong>1725<\/strong><br \/>(-26 for losing)\n|l|\u2606kfjtdhynd\n|player|p2|\n|l|\u2606post_testing\n|player|p1|\n","uploadtime":1730513311,"views":16,"formatid":"gen9vgc2024regh","rating":1677,"private":0,"password":null}