{"id":"gen9vgc2024regh-2235371385","format":"[Gen 9] VGC 2024 Reg H","players":["yongbao","bluestraggler02"],"log":"|j|\u2606yongbao\n|j|\u2606bluestraggler02\n|t:|1730472507\n|gametype|doubles\n|player|p1|yongbao|dawn-gen4pt|1669\n|player|p2|bluestraggler02|170|1801\n|teamsize|p1|6\n|teamsize|p2|6\n|gen|9\n|tier|[Gen 9] VGC 2024 Reg H\n|rated|\n|rule|Species Clause: Limit one of each Pok\u00e9mon\n|rule|Item Clause: Limit 1 of each item\n|clearpoke\n|poke|p1|Garchomp, L50, M|\n|poke|p1|Annihilape, L50, F|\n|poke|p1|Corviknight, L50, M|\n|poke|p1|Tyranitar, L50, F|\n|poke|p1|Gholdengo, L50|\n|poke|p1|Murkrow, L50, F|\n|poke|p2|Skeledirge, L50, M|\n|poke|p2|Porygon2, L50|\n|poke|p2|Ursaluna, L50, M|\n|poke|p2|Amoonguss, L50, F|\n|poke|p2|Maushold-Four, L50|\n|poke|p2|Malamar, L50, F|\n|teampreview|4\n|inactive|Battle timer is ON: inactive players will automatically lose when time's up. (requested by bluestraggler02)\nbluestraggler02 rejected open team sheets.\n|inactive|yongbao has 60 seconds left.\n|\n|t:|1730472570\n|start\n|switch|p1a: Annihilape|Annihilape, L50, F|100\/100\n|switch|p1b: Gholdengo|Gholdengo, L50|100\/100\n|switch|p2a: Maushold|Maushold-Four, L50|100\/100\n|switch|p2b: Porygon2|Porygon2, L50|100\/100\n|-ability|p2b: Porygon2|Download|boost\n|-boost|p2b: Porygon2|atk|1\n|turn|1\n|\n|t:|1730472586\n|move|p2a: Maushold|Follow Me|p2a: Maushold\n|-singleturn|p2a: Maushold|move: Follow Me\n|move|p1a: Annihilape|Final Gambit|p2a: Maushold\n|-damage|p2a: Maushold|0 fnt\n|faint|p1a: Annihilape\n|faint|p2a: Maushold\n|move|p1b: Gholdengo|Make It Rain|p2b: Porygon2\n|-damage|p2b: Porygon2|43\/100\n|-unboost|p1b: Gholdengo|spa|1\n|move|p2b: Porygon2|Trick Room|p2b: Porygon2\n|-fieldstart|move: Trick Room|[of] p2b: Porygon2\n|\n|upkeep\n|\n|t:|1730472598\n|switch|p1a: Corviknight|Corviknight, L50, M|100\/100\n|switch|p2a: Skeledirge|Skeledirge, L50, M|100\/100\n|turn|2\n|j| Andy8105\n|\n|t:|1730472621\n|switch|p2b: Amoonguss|Amoonguss, L50, F|100\/100\n|switch|p1b: Tyranitar|Tyranitar, L50, F|100\/100\n|-weather|Sandstorm|[from] ability: Sand Stream|[of] p1b: Tyranitar\n|move|p2a: Skeledirge|Torch Song|p1a: Corviknight\n|-supereffective|p1a: Corviknight\n|-damage|p1a: Corviknight|33\/100\n|-boost|p2a: Skeledirge|spa|1\n|move|p1a: Corviknight|Brave Bird|p2a: Skeledirge\n|-damage|p2a: Skeledirge|71\/100\n|-damage|p1a: Corviknight|23\/100|[from] Recoil\n|\n|-weather|Sandstorm|[upkeep]\n|-damage|p2b: Amoonguss|95\/100|[from] Sandstorm\n|-damage|p2a: Skeledirge|64\/100|[from] Sandstorm\n|-heal|p1a: Corviknight|28\/100|[from] item: Leftovers\n|upkeep\n|turn|3\n|inactive|yongbao has 30 seconds left.\n|\n|t:|1730472651\n|move|p2b: Amoonguss|Spore|p1b: Tyranitar\n|-status|p1b: Tyranitar|slp|[from] move: Spore\n|move|p2a: Skeledirge|Torch Song|p1a: Corviknight\n|-supereffective|p1a: Corviknight\n|-damage|p1a: Corviknight|0 fnt\n|-boost|p2a: Skeledirge|spa|1\n|faint|p1a: Corviknight\n|cant|p1b: Tyranitar|slp\n|\n|-weather|Sandstorm|[upkeep]\n|-damage|p2b: Amoonguss|89\/100|[from] Sandstorm\n|-damage|p2a: Skeledirge|58\/100|[from] Sandstorm\n|upkeep\n|\n|t:|1730472662\n|switch|p1a: Gholdengo|Gholdengo, L50|100\/100\n|turn|4\n|\n|t:|1730472682\n|-terastallize|p2a: Skeledirge|Dark\n|-terastallize|p1a: Gholdengo|Flying\n|move|p2b: Amoonguss|Pollen Puff|p2a: Skeledirge\n|-heal|p2a: Skeledirge|100\/100\n|move|p2a: Skeledirge|Torch Song|p1a: Gholdengo\n|-damage|p1a: Gholdengo|16\/100\n|-boost|p2a: Skeledirge|spa|1\n|-curestatus|p1b: Tyranitar|slp|[msg]\n|move|p1b: Tyranitar|Rock Slide|p2b: Amoonguss|[spread] p2a,p2b\n|-damage|p2a: Skeledirge|72\/100\n|-damage|p2b: Amoonguss|63\/100\n|move|p1a: Gholdengo|Make It Rain|p2b: Amoonguss|[spread] p2a,p2b\n|-damage|p2a: Skeledirge|21\/100\n|-damage|p2b: Amoonguss|0 fnt\n|-unboost|p1a: Gholdengo|spa|1\n|faint|p2b: Amoonguss\n|\n|-weather|Sandstorm|[upkeep]\n|-damage|p2a: Skeledirge|15\/100|[from] Sandstorm\n|-damage|p1a: Gholdengo|10\/100|[from] Sandstorm\n|upkeep\n|\n|t:|1730472696\n|switch|p2b: Porygon2|Porygon2, L50|43\/100\n|-ability|p2b: Porygon2|Download|boost\n|-boost|p2b: Porygon2|spa|1\n|turn|5\n|\n|t:|1730472715\n|move|p2b: Porygon2|Ice Beam|p1a: Gholdengo\n|-supereffective|p1a: Gholdengo\n|-damage|p1a: Gholdengo|0 fnt\n|faint|p1a: Gholdengo\n|move|p2a: Skeledirge|Earth Power|p1b: Tyranitar\n|-supereffective|p1b: Tyranitar\n|-damage|p1b: Tyranitar|48\/100\n|move|p1b: Tyranitar|Rock Slide|p2a: Skeledirge|[spread] p2a,p2b\n|-damage|p2a: Skeledirge|0 fnt\n|-damage|p2b: Porygon2|22\/100\n|faint|p2a: Skeledirge\n|\n|-weather|Sandstorm|[upkeep]\n|-damage|p2b: Porygon2|16\/100|[from] Sandstorm\n|-fieldend|move: Trick Room\n|upkeep\n|turn|6\n|-message|bluestraggler02 forfeited.\n|\n|win|yongbao\n|raw|yongbao's rating: 1669 &rarr; <strong>1696<\/strong><br \/>(+27 for winning)\n|raw|bluestraggler02's rating: 1801 &rarr; <strong>1774<\/strong><br \/>(-27 for losing)\n|l|\u2606bluestraggler02\n|player|p2|\n|l|\u2606yongbao\n|player|p1|\n","uploadtime":1730472987,"views":19,"formatid":"gen9vgc2024regh","rating":1696,"private":0,"password":null}