{"id":"gen9vgc2024regh-2235640722","format":"[Gen 9] VGC 2024 Reg H","players":["dex2299","Gyaradostyranitar"],"log":"|j|\u203ddex2299\n|j|\u2606Gyaradostyranitar\n|t:|1730500554\n|gametype|doubles\n|player|p1|dex2299|102|1700\n|player|p2|Gyaradostyranitar|cyrus|1655\n|teamsize|p1|6\n|teamsize|p2|6\n|gen|9\n|tier|[Gen 9] VGC 2024 Reg H\n|rated|\n|rule|Species Clause: Limit one of each Pok\u00e9mon\n|rule|Item Clause: Limit 1 of each item\n|clearpoke\n|poke|p1|Whimsicott, L50, M|\n|poke|p1|Typhlosion-Hisui, L50, M|\n|poke|p1|Farigiraf, L50, F|\n|poke|p1|Rillaboom, L50, M|\n|poke|p1|Primarina, L50, F|\n|poke|p1|Incineroar, L50, F|\n|poke|p2|Hatterene, L50, F|\n|poke|p2|Indeedee-F, L50, F|\n|poke|p2|Ursaluna, L50, M|\n|poke|p2|Torkoal, L50, M|\n|poke|p2|Gallade, L50, M|\n|poke|p2|Lilligant-Hisui, L50, F|\n|teampreview|4\n|inactive|Battle timer is ON: inactive players will automatically lose when time's up. (requested by Gyaradostyranitar)\n|inactive|dex2299 has 60 seconds left.\n|inactive|Gyaradostyranitar has 60 seconds left.\n|\n|t:|1730500600\n|start\n|switch|p1a: Typhlosion|Typhlosion-Hisui, L50, M|100\/100\n|switch|p1b: Incineroar|Incineroar, L50, F|100\/100\n|switch|p2a: Lilligant|Lilligant-Hisui, L50, F|100\/100\n|switch|p2b: Torkoal|Torkoal, L50, M|100\/100\n|-ability|p1b: Incineroar|Intimidate|boost\n|-unboost|p2a: Lilligant|atk|1\n|-unboost|p2b: Torkoal|atk|1\n|-weather|SunnyDay|[from] ability: Drought|[of] p2b: Torkoal\n|turn|1\n|\n|t:|1730500623\n|-terastallize|p2a: Lilligant|Ghost\n|-terastallize|p1a: Typhlosion|Fire\n|move|p2b: Torkoal|Protect|p2b: Torkoal\n|-singleturn|p2b: Torkoal|Protect\n|move|p1b: Incineroar|Fake Out|p2b: Torkoal\n|-activate|p2b: Torkoal|move: Protect\n|move|p2a: Lilligant|Close Combat|p1b: Incineroar\n|-supereffective|p1b: Incineroar\n|-damage|p1b: Incineroar|37\/100\n|-unboost|p2a: Lilligant|def|1\n|-unboost|p2a: Lilligant|spd|1\n|move|p1a: Typhlosion|Eruption|p2b: Torkoal|[spread] p2a\n|-activate|p2b: Torkoal|move: Protect\n|-enditem|p2a: Lilligant|Focus Sash\n|-damage|p2a: Lilligant|1\/100\n|\n|-weather|SunnyDay|[upkeep]\n|upkeep\n|turn|2\n|\n|t:|1730500643\n|switch|p1a: Farigiraf|Farigiraf, L50, F|100\/100\n|move|p2a: Lilligant|After You|p2b: Torkoal\n|-activate|p2b: Torkoal|move: After You\n|move|p2b: Torkoal|Eruption|p1b: Incineroar|[spread] p1a,p1b\n|-resisted|p1b: Incineroar\n|-damage|p1a: Farigiraf|16\/100\n|-damage|p1b: Incineroar|0 fnt\n|-enditem|p1a: Farigiraf|Sitrus Berry|[eat]\n|-heal|p1a: Farigiraf|41\/100|[from] item: Sitrus Berry\n|faint|p1b: Incineroar\n|\n|-weather|SunnyDay|[upkeep]\n|upkeep\n|\n|t:|1730500652\n|switch|p1b: Primarina|Primarina, L50, F|100\/100\n|turn|3\n|inactive|Gyaradostyranitar has 30 seconds left.\n|\n|t:|1730500679\n|move|p1a: Farigiraf|Helping Hand|p1b: Primarina\n|-singleturn|p1b: Primarina|Helping Hand|[of] p1a: Farigiraf\n|move|p2b: Torkoal|Protect|p2b: Torkoal\n|-singleturn|p2b: Torkoal|Protect\n|move|p2a: Lilligant|Leaf Blade|p1b: Primarina\n|-supereffective|p1b: Primarina\n|-damage|p1b: Primarina|28\/100\n|move|p1b: Primarina|Hyper Voice|p2a: Lilligant|[spread] p2a\n|-activate|p2b: Torkoal|move: Protect\n|-damage|p2a: Lilligant|0 fnt\n|faint|p2a: Lilligant\n|-damage|p1b: Primarina|18\/100|[from] item: Life Orb\n|\n|-weather|SunnyDay|[upkeep]\n|upkeep\n|\n|t:|1730500693\n|switch|p2a: Indeedee|Indeedee-F, L50, F|100\/100\n|-fieldstart|move: Psychic Terrain|[from] ability: Psychic Surge|[of] p2a: Indeedee\n|turn|4\n|\n|t:|1730500705\n|move|p2a: Indeedee|Follow Me|p2a: Indeedee\n|-singleturn|p2a: Indeedee|move: Follow Me\n|move|p1b: Primarina|Hyper Voice|p2b: Torkoal|[spread] p2a,p2b\n|-supereffective|p2b: Torkoal\n|-damage|p2a: Indeedee|79\/100\n|-damage|p2b: Torkoal|40\/100\n|-damage|p1b: Primarina|9\/100|[from] item: Life Orb\n|move|p2b: Torkoal|Heat Wave|p1b: Primarina|[spread] p1b\n|-miss|p2b: Torkoal|p1a: Farigiraf\n|-resisted|p1b: Primarina\n|-damage|p1b: Primarina|0 fnt\n|faint|p1b: Primarina\n|move|p1a: Farigiraf|Trick Room|p1a: Farigiraf\n|-fieldstart|move: Trick Room|[of] p1a: Farigiraf\n|\n|-weather|SunnyDay|[upkeep]\n|upkeep\n|\n|t:|1730500714\n|switch|p1b: Typhlosion|Typhlosion-Hisui, L50, M, tera:Fire|100\/100\n|turn|5\n|\n|t:|1730500726\n|move|p2a: Indeedee|Helping Hand|p2b: Torkoal\n|-singleturn|p2b: Torkoal|Helping Hand|[of] p2a: Indeedee\n|move|p2b: Torkoal|Heat Wave|p1b: Typhlosion|[spread] p1a,p1b\n|-resisted|p1b: Typhlosion\n|-crit|p1b: Typhlosion\n|-damage|p1a: Farigiraf|0 fnt\n|-damage|p1b: Typhlosion|10\/100\n|faint|p1a: Farigiraf\n|move|p1b: Typhlosion|Heat Wave|p2b: Torkoal|[spread] p2a,p2b\n|-resisted|p2b: Torkoal\n|-damage|p2a: Indeedee|0 fnt\n|-damage|p2b: Torkoal|0 fnt\n|faint|p2a: Indeedee\n|faint|p2b: Torkoal\n|\n|-weather|none\n|upkeep\n|\n|t:|1730500735\n|switch|p2b: Gallade|Gallade, L50, M|100\/100\n|turn|6\n|-message|dex2299 forfeited.\n|\n|win|Gyaradostyranitar\n|raw|dex2299's rating: 1700 &rarr; <strong>1677<\/strong><br \/>(-23 for losing)\n|raw|Gyaradostyranitar's rating: 1655 &rarr; <strong>1678<\/strong><br \/>(+23 for winning)\n|l|\u203ddex2299\n|player|p1|\n|c|\u2606Gyaradostyranitar|gg\n","uploadtime":1730500902,"views":25,"formatid":"gen9vgc2024regh","rating":1677,"private":0,"password":null}