{"id":"gen9vgc2024regh-2235328880","format":"[Gen 9] VGC 2024 Reg H","players":["TheOnlyFizzo","roykeenkennedy"],"log":"|j|\u2606TheOnlyFizzo\n|j|\u2606roykeenkennedy\n|t:|1730467972\n|gametype|doubles\n|player|p1|TheOnlyFizzo|1|1676\n|player|p2|roykeenkennedy|alder|1807\n|teamsize|p1|6\n|teamsize|p2|6\n|gen|9\n|tier|[Gen 9] VGC 2024 Reg H\n|rated|\n|rule|Species Clause: Limit one of each Pok\u00e9mon\n|rule|Item Clause: Limit 1 of each item\n|clearpoke\n|poke|p1|Metagross, L50|\n|poke|p1|Farigiraf, L50, M|\n|poke|p1|Torkoal, L50, M|\n|poke|p1|Smeargle, L50, F|\n|poke|p1|Annihilape, L50, F|\n|poke|p1|Ursaluna-Bloodmoon, L50, M|\n|poke|p2|Tyranitar, L50, M|\n|poke|p2|Skeledirge, L50, M|\n|poke|p2|Meowscarada, L50, M|\n|poke|p2|Grimmsnarl, L50, M|\n|poke|p2|Wartortle, L50, M|\n|poke|p2|Houndstone, L50, F|\n|teampreview|4\n|inactive|Battle timer is ON: inactive players will automatically lose when time's up. (requested by TheOnlyFizzo)\n|inactive|TheOnlyFizzo has 60 seconds left.\n|inactive|TheOnlyFizzo has 30 seconds left.\n|inactive|TheOnlyFizzo has 20 seconds left.\n|inactive|TheOnlyFizzo has 15 seconds left.\n|inactive|TheOnlyFizzo has 10 seconds left.\n|\n|t:|1730468062\n|start\n|switch|p1a: Metagross|Metagross, L50|100\/100\n|switch|p1b: Farigiraf|Farigiraf, L50, M|100\/100\n|switch|p2a: Meowscarada|Meowscarada, L50, M|100\/100\n|switch|p2b: Skeledirge|Skeledirge, L50, M|100\/100\n|turn|1\n|inactive|TheOnlyFizzo has 30 seconds left.\n|inactive|TheOnlyFizzo has 20 seconds left.\n|inactive|TheOnlyFizzo has 15 seconds left.\n|inactive|TheOnlyFizzo has 10 seconds left.\n|inactive|roykeenkennedy has 30 seconds left.\n|\n|t:|1730468117\n|-terastallize|p1b: Farigiraf|Grass\n|move|p2a: Meowscarada|Grass Pledge|p1a: Metagross\n|-waiting|p2a: Meowscarada|p2b: Skeledirge\n|move|p2b: Skeledirge|Fire Pledge|p1a: Metagross|[from]move: Grass Pledge\n|-combine\n|-supereffective|p1a: Metagross\n|-damage|p1a: Metagross|0 fnt\n|-sidestart|p1: TheOnlyFizzo|Fire Pledge\n|faint|p1a: Metagross\n|move|p1b: Farigiraf|Trick Room|p1b: Farigiraf\n|-fieldstart|move: Trick Room|[of] p1b: Farigiraf\n|\n|-damage|p1b: Farigiraf|88\/100|[from] Fire Pledge\n|upkeep\n|j| 876970wertg\n|\n|t:|1730468131\n|switch|p1a: Ursaluna|Ursaluna-Bloodmoon, L50, M|100\/100\n|turn|2\n|\n|t:|1730468148\n|-terastallize|p2b: Skeledirge|Grass\n|move|p1a: Ursaluna|Hyper Voice|p2b: Skeledirge|[spread] p2a,p2b\n|-damage|p2a: Meowscarada|21\/100\n|-damage|p2b: Skeledirge|64\/100\n|move|p1b: Farigiraf|Dazzling Gleam|p2a: Meowscarada|[spread] p2a,p2b\n|-supereffective|p2a: Meowscarada\n|-damage|p2a: Meowscarada|0 fnt\n|-damage|p2b: Skeledirge|52\/100\n|faint|p2a: Meowscarada\n|move|p2b: Skeledirge|Yawn|p1a: Ursaluna\n|-start|p1a: Ursaluna|move: Yawn|[of] p2b: Skeledirge\n|\n|-damage|p1a: Ursaluna|88\/100|[from] Fire Pledge\n|-damage|p1b: Farigiraf|76\/100|[from] Fire Pledge\n|-heal|p2b: Skeledirge|58\/100|[from] item: Leftovers\n|upkeep\n|\n|t:|1730468167\n|switch|p2a: Houndstone|Houndstone, L50, F|100\/100\n|turn|3\n|\n|t:|1730468186\n|switch|p2a: Tyranitar|Tyranitar, L50, M|100\/100\n|-weather|Sandstorm|[from] ability: Sand Stream|[of] p2a: Tyranitar\n|move|p1b: Farigiraf|Helping Hand|p1a: Ursaluna\n|-singleturn|p1a: Ursaluna|Helping Hand|[of] p1b: Farigiraf\n|move|p1a: Ursaluna|Hyper Voice|p2a: Tyranitar|[spread] p2a,p2b\n|-resisted|p2a: Tyranitar\n|-damage|p2a: Tyranitar|89\/100\n|-damage|p2b: Skeledirge|4\/100\n|move|p2b: Skeledirge|Slack Off|p2b: Skeledirge\n|-heal|p2b: Skeledirge|55\/100\n|\n|-weather|Sandstorm|[upkeep]\n|-damage|p1b: Farigiraf|70\/100|[from] Sandstorm\n|-damage|p2b: Skeledirge|48\/100|[from] Sandstorm\n|-damage|p1a: Ursaluna|76\/100|[from] Fire Pledge\n|-damage|p1b: Farigiraf|57\/100|[from] Fire Pledge\n|-heal|p2b: Skeledirge|55\/100|[from] item: Leftovers\n|-end|p1a: Ursaluna|move: Yawn|[silent]\n|-status|p1a: Ursaluna|slp\n|upkeep\n|turn|4\n|inactive|TheOnlyFizzo has 30 seconds left.\n|\n|t:|1730468216\n|move|p1b: Farigiraf|Protect|p1b: Farigiraf\n|-singleturn|p1b: Farigiraf|Protect\n|cant|p1a: Ursaluna|slp\n|move|p2a: Tyranitar|Rock Slide|p1b: Farigiraf|[spread] p1a\n|-activate|p1b: Farigiraf|move: Protect\n|-resisted|p1a: Ursaluna\n|-damage|p1a: Ursaluna|66\/100 slp\n|move|p2b: Skeledirge|Fire Spin|p1b: Farigiraf\n|-activate|p1b: Farigiraf|move: Protect\n|\n|-weather|Sandstorm|[upkeep]\n|-damage|p1b: Farigiraf|51\/100|[from] Sandstorm\n|-damage|p2b: Skeledirge|48\/100|[from] Sandstorm\n|-damage|p1a: Ursaluna|54\/100 slp|[from] Fire Pledge\n|-damage|p1b: Farigiraf|39\/100|[from] Fire Pledge\n|-heal|p2b: Skeledirge|55\/100|[from] item: Leftovers\n|-sideend|p1: TheOnlyFizzo|Fire Pledge\n|upkeep\n|turn|5\n|inactive|TheOnlyFizzo has 30 seconds left.\n|inactive|roykeenkennedy has 30 seconds left.\n|inactive|TheOnlyFizzo has 20 seconds left.\n|\n|t:|1730468252\n|switch|p1b: Annihilape|Annihilape, L50, F|100\/100\n|cant|p1a: Ursaluna|slp\n|move|p2a: Tyranitar|Snarl|p1a: Ursaluna|[spread] p1a,p1b\n|-damage|p1a: Ursaluna|41\/100 slp\n|-damage|p1b: Annihilape|87\/100\n|-unboost|p1a: Ursaluna|spa|1\n|-unboost|p1b: Annihilape|spa|1\n|-ability|p1b: Annihilape|Defiant|boost\n|-boost|p1b: Annihilape|atk|2\n|move|p2b: Skeledirge|Fire Spin|p1a: Ursaluna\n|-damage|p1a: Ursaluna|26\/100 slp\n|-activate|p1a: Ursaluna|move: Fire Spin|[of] p2b: Skeledirge\n|\n|-weather|Sandstorm|[upkeep]\n|-damage|p2b: Skeledirge|48\/100|[from] Sandstorm\n|-damage|p1b: Annihilape|82\/100|[from] Sandstorm\n|-heal|p2b: Skeledirge|55\/100|[from] item: Leftovers\n|-damage|p1a: Ursaluna|13\/100 slp|[from] move: Fire Spin|[partiallytrapped]\n|-fieldend|move: Trick Room\n|upkeep\n|turn|6\n|inactive|TheOnlyFizzo has 30 seconds left.\n|inactive|roykeenkennedy has 30 seconds left.\n|inactive|TheOnlyFizzo has 20 seconds left.\n|inactive|TheOnlyFizzo has 15 seconds left.\n|inactive|TheOnlyFizzo has 10 seconds left.\n|inactive|TheOnlyFizzo has 5 seconds left.\n|\n|t:|1730468305\n|switch|p2a: Houndstone|Houndstone, L50, F|100\/100\n|move|p1b: Annihilape|Rage Fist|p2b: Skeledirge\n|-damage|p2b: Skeledirge|21\/100\n|move|p2b: Skeledirge|Fire Pledge|p1a: Ursaluna\n|-damage|p1a: Ursaluna|0 fnt\n|faint|p1a: Ursaluna\n|\n|-weather|Sandstorm|[upkeep]\n|-damage|p1b: Annihilape|76\/100|[from] Sandstorm\n|-damage|p2b: Skeledirge|15\/100|[from] Sandstorm\n|-heal|p2b: Skeledirge|21\/100|[from] item: Leftovers\n|upkeep\n|inactive|TheOnlyFizzo has 30 seconds left.\n|inactive|TheOnlyFizzo has 20 seconds left.\n|inactive|TheOnlyFizzo has 15 seconds left.\n|inactive|TheOnlyFizzo has 10 seconds left.\n|inactive|TheOnlyFizzo has 5 seconds left.\n|\n|t:|1730468360\n|switch|p1a: Farigiraf|Farigiraf, L50, M, tera:Grass|39\/100\n|turn|7\n|inactive|TheOnlyFizzo has 30 seconds left.\n|inactive|TheOnlyFizzo has 20 seconds left.\n|inactive|TheOnlyFizzo has 15 seconds left.\n|inactive|TheOnlyFizzo has 10 seconds left.\n|inactive|TheOnlyFizzo has 5 seconds left.\n|\n|t:|1730468415\n|move|p1b: Annihilape|Rage Fist|p2b: Skeledirge\n|-damage|p2b: Skeledirge|0 fnt\n|faint|p2b: Skeledirge\n|move|p2a: Houndstone|Last Respects|p1b: Annihilape\n|-supereffective|p1b: Annihilape\n|-damage|p1b: Annihilape|0 fnt\n|faint|p1b: Annihilape\n|move|p1a: Farigiraf|Dazzling Gleam|p2a: Houndstone\n|-damage|p2a: Houndstone|79\/100\n|\n|-weather|none\n|upkeep\n|\n|t:|1730468428\n|switch|p2b: Tyranitar|Tyranitar, L50, M|89\/100\n|-weather|Sandstorm|[from] ability: Sand Stream|[of] p2b: Tyranitar\n|turn|8\n|inactive|TheOnlyFizzo has 30 seconds left.\n|inactive|TheOnlyFizzo has 20 seconds left.\n|inactive|TheOnlyFizzo has 15 seconds left.\n|inactive|TheOnlyFizzo has 10 seconds left.\n|inactive|TheOnlyFizzo has 5 seconds left.\n|\n|t:|1730468483\n|move|p2a: Houndstone|Howl|p2a: Houndstone|[spread] p2a,p2b\n|-boost|p2a: Houndstone|atk|1\n|-boost|p2b: Tyranitar|atk|1\n|move|p2b: Tyranitar|Knock Off|p1a: Farigiraf\n|-damage|p1a: Farigiraf|0 fnt\n|-enditem|p1a: Farigiraf|Mental Herb|[from] move: Knock Off|[of] p2b: Tyranitar\n|faint|p1a: Farigiraf\n|\n|win|roykeenkennedy\n|raw|TheOnlyFizzo's rating: 1676 &rarr; <strong>1663<\/strong><br \/>(-13 for losing)\n|raw|roykeenkennedy's rating: 1807 &rarr; <strong>1820<\/strong><br \/>(+13 for winning)\n|l|\u2606roykeenkennedy\n|player|p2|\n|l| 876970wertg\n|l|\u2606TheOnlyFizzo\n|player|p1|\n","uploadtime":1730468685,"views":10,"formatid":"gen9vgc2024regh","rating":1663,"private":0,"password":null}