{"id":"gen9vgc2024regh-2235837661","format":"[Gen 9] VGC 2024 Reg H","players":["Spottedwoot","bluestraggler02"],"log":"|j|\u2606Spottedwoot\n|j|\u2606bluestraggler02\n|t:|1730529660\n|gametype|doubles\n|player|p1|Spottedwoot|265|1655\n|player|p2|bluestraggler02|2|1741\n|teamsize|p1|6\n|teamsize|p2|6\n|gen|9\n|tier|[Gen 9] VGC 2024 Reg H\n|rated|\n|rule|Species Clause: Limit one of each Pok\u00e9mon\n|rule|Item Clause: Limit 1 of each item\n|clearpoke\n|poke|p1|Kingambit, L50, M|\n|poke|p1|Primarina, L50, F|\n|poke|p1|Salamence, L50, F|\n|poke|p1|Gholdengo, L50|\n|poke|p1|Sneasler, L50, M|\n|poke|p1|Amoonguss, L50, M|\n|poke|p2|Skeledirge, L50, M|\n|poke|p2|Porygon2, L50|\n|poke|p2|Ursaluna, L50, M|\n|poke|p2|Amoonguss, L50, F|\n|poke|p2|Maushold-Four, L50|\n|poke|p2|Archaludon, L50, F|\n|teampreview|4\n|\n|t:|1730529698\n|start\n|switch|p1a: Sneasler|Sneasler, L50, M|100\/100\n|switch|p1b: Primarina|Primarina, L50, F|100\/100\n|switch|p2a: Maushold|Maushold-Four, L50|100\/100\n|switch|p2b: Archaludon|Archaludon, L50, F|100\/100\n|turn|1\n|\n|t:|1730529727\n|-terastallize|p2a: Maushold|Ghost\n|move|p2b: Archaludon|Protect|p2b: Archaludon\n|-singleturn|p2b: Archaludon|Protect\n|move|p1b: Primarina|Protect|p1b: Primarina\n|-singleturn|p1b: Primarina|Protect\n|move|p1a: Sneasler|Close Combat|p2b: Archaludon\n|-activate|p2b: Archaludon|move: Protect\n|move|p2a: Maushold|Population Bomb|p1a: Sneasler\n|-damage|p1a: Sneasler|80\/100\n|-damage|p1a: Sneasler|63\/100\n|-damage|p1a: Sneasler|44\/100\n|-damage|p1a: Sneasler|26\/100\n|-damage|p1a: Sneasler|6\/100\n|-damage|p1a: Sneasler|0 fnt\n|faint|p1a: Sneasler\n|-hitcount|p1: Sneasler|6\n|\n|upkeep\n|\n|t:|1730529731\n|switch|p1a: Gholdengo|Gholdengo, L50|100\/100\n|turn|2\n|\n|t:|1730529756\n|switch|p1b: Salamence|Salamence, L50, F|100\/100\n|-ability|p1b: Salamence|Intimidate|boost\n|-unboost|p2a: Maushold|atk|1\n|-unboost|p2b: Archaludon|atk|1\n|move|p2a: Maushold|Population Bomb|p1b: Salamence\n|-damage|p1b: Salamence|91\/100\n|-damage|p1b: Salamence|80\/100\n|-damage|p1b: Salamence|71\/100\n|-damage|p1b: Salamence|62\/100\n|-damage|p1b: Salamence|50\/100\n|-damage|p1b: Salamence|41\/100\n|-damage|p1b: Salamence|32\/100\n|-damage|p1b: Salamence|21\/100\n|-damage|p1b: Salamence|12\/100\n|-damage|p1b: Salamence|1\/100\n|-hitcount|p1b: Salamence|10\n|move|p1a: Gholdengo|Shadow Ball|p2b: Archaludon\n|-damage|p2b: Archaludon|30\/100\n|-ability|p2b: Archaludon|Stamina|boost\n|-boost|p2b: Archaludon|def|1\n|move|p2b: Archaludon|Electro Shot||[still]\n|-prepare|p2b: Archaludon|Electro Shot\n|-boost|p2b: Archaludon|spa|1\n|-enditem|p2b: Archaludon|Power Herb\n|-anim|p2b: Archaludon|Electro Shot|p1a: Gholdengo\n|-damage|p1a: Gholdengo|18\/100\n|\n|upkeep\n|turn|3\n|\n|t:|1730529779\n|move|p1b: Salamence|Protect|p1b: Salamence\n|-singleturn|p1b: Salamence|Protect\n|move|p2a: Maushold|Follow Me|p2a: Maushold\n|-singleturn|p2a: Maushold|move: Follow Me\n|move|p1a: Gholdengo|Shadow Ball|p2a: Maushold\n|-supereffective|p2a: Maushold\n|-damage|p2a: Maushold|0 fnt\n|faint|p2a: Maushold\n|move|p2b: Archaludon|Dragon Pulse|p1a: Gholdengo\n|-resisted|p1a: Gholdengo\n|-damage|p1a: Gholdengo|0 fnt\n|faint|p1a: Gholdengo\n|\n|upkeep\n|\n|t:|1730529788\n|switch|p2a: Porygon2|Porygon2, L50|100\/100\n|switch|p1a: Primarina|Primarina, L50, F|100\/100\n|-ability|p2a: Porygon2|Download|boost\n|-boost|p2a: Porygon2|atk|1\n|turn|4\n|\n|t:|1730529796\n|move|p2b: Archaludon|Protect|p2b: Archaludon\n|-singleturn|p2b: Archaludon|Protect\n|move|p1b: Salamence|Draco Meteor|p2b: Archaludon\n|-activate|p2b: Archaludon|move: Protect\n|move|p1a: Primarina|Hyper Voice|p2a: Porygon2|[spread] p2a\n|-activate|p2b: Archaludon|move: Protect\n|-damage|p2a: Porygon2|83\/100\n|-enditem|p1a: Primarina|Throat Spray\n|-boost|p1a: Primarina|spa|1|[from] item: Throat Spray\n|move|p2a: Porygon2|Trick Room|p2a: Porygon2\n|-fieldstart|move: Trick Room|[of] p2a: Porygon2\n|\n|upkeep\n|turn|5\n|\n|t:|1730529817\n|move|p1a: Primarina|Protect|p1a: Primarina\n|-singleturn|p1a: Primarina|Protect\n|move|p1b: Salamence|Protect|p1b: Salamence\n|-singleturn|p1b: Salamence|Protect\n|move|p2a: Porygon2|Tera Blast|p1a: Primarina\n|-activate|p1a: Primarina|move: Protect\n|move|p2b: Archaludon|Dragon Pulse|p1b: Salamence\n|-activate|p1b: Salamence|move: Protect\n|\n|upkeep\n|turn|6\n|\n|t:|1730529845\n|move|p2a: Porygon2|Tera Blast|p1b: Salamence\n|-damage|p1b: Salamence|0 fnt\n|faint|p1b: Salamence\n|move|p1a: Primarina|Hyper Voice|p2a: Porygon2|[spread] p2a,p2b\n|-resisted|p2b: Archaludon\n|-damage|p2a: Porygon2|54\/100\n|-damage|p2b: Archaludon|6\/100\n|-ability|p2b: Archaludon|Stamina|boost\n|-boost|p2b: Archaludon|def|1\n|move|p2b: Archaludon|Electro Shot||[still]\n|-prepare|p2b: Archaludon|Electro Shot\n|-boost|p2b: Archaludon|spa|1\n|\n|upkeep\n|turn|7\n|\n|t:|1730529854\n|switch|p2a: Skeledirge|Skeledirge, L50, M|100\/100\n|move|p1a: Primarina|Hyper Voice|p2a: Skeledirge|[spread] p2a,p2b\n|-supereffective|p2a: Skeledirge\n|-resisted|p2b: Archaludon\n|-damage|p2a: Skeledirge|58\/100\n|-damage|p2b: Archaludon|0 fnt\n|faint|p2b: Archaludon\n|\n|upkeep\n|-message|bluestraggler02 forfeited.\n|\n|win|Spottedwoot\n|raw|Spottedwoot's rating: 1655 &rarr; <strong>1680<\/strong><br \/>(+25 for winning)\n|raw|bluestraggler02's rating: 1741 &rarr; <strong>1716<\/strong><br \/>(-25 for losing)\n|l|\u2606bluestraggler02\n|player|p2|\n|l|\u2606Spottedwoot\n|player|p1|\n","uploadtime":1730530094,"views":17,"formatid":"gen9vgc2024regh","rating":1680,"private":0,"password":null}