{"id":"gen9vgc2024regh-2235406631","format":"[Gen 9] VGC 2024 Reg H","players":["647w","zip520520"],"log":"|j|\u2606647w\n|j|\u2606zip520520\n|t:|1730476066\n|gametype|doubles\n|player|p1|647w|lucas-gen4pt|1802\n|player|p2|zip520520|rosa|1714\n|teamsize|p1|6\n|teamsize|p2|6\n|gen|9\n|tier|[Gen 9] VGC 2024 Reg H\n|rated|\n|rule|Species Clause: Limit one of each Pok\u00e9mon\n|rule|Item Clause: Limit 1 of each item\n|clearpoke\n|poke|p1|Kilowattrel, L50, M|\n|poke|p1|Garchomp, L50, M|\n|poke|p1|Gholdengo, L50|\n|poke|p1|Incineroar, L50, F|\n|poke|p1|Rillaboom, L50, F|\n|poke|p1|Dondozo, L50, M|\n|poke|p2|Garchomp, L50, F|\n|poke|p2|Ninetales-Alola, L50, F|\n|poke|p2|Indeedee, L50, M|\n|poke|p2|Dragonite, L50, F|\n|poke|p2|Incineroar, L50, M|\n|poke|p2|Amoonguss, L50, M|\n|teampreview|4\n|inactive|Battle timer is ON: inactive players will automatically lose when time's up. (requested by zip520520)\n647w has agreed to open team sheets.\n|inactive|647w has 60 seconds left.\n|\n|t:|1730476102\n|start\n|switch|p1a: Gholdengo|Gholdengo, L50|100\/100\n|switch|p1b: Incineroar|Incineroar, L50, F|100\/100\n|switch|p2a: Garchomp|Garchomp, L50, F|100\/100\n|switch|p2b: Ninetales|Ninetales-Alola, L50, F|100\/100\n|-weather|Snow|[from] ability: Snow Warning|[of] p2b: Ninetales\n|-ability|p1b: Incineroar|Intimidate|boost\n|-unboost|p2a: Garchomp|atk|1\n|-unboost|p2b: Ninetales|atk|1\n|turn|1\n|inactive|zip520520 has 30 seconds left.\n|\n|t:|1730476131\n|switch|p2b: Indeedee|Indeedee, L50, M|100\/100\n|-fieldstart|move: Psychic Terrain|[from] ability: Psychic Surge|[of] p2b: Indeedee\n|switch|p1b: Rillaboom|Rillaboom, L50, F|100\/100\n|-fieldstart|move: Grassy Terrain|[from] ability: Grassy Surge|[of] p1b: Rillaboom\n|-terastallize|p2a: Garchomp|Ground\n|-terastallize|p1a: Gholdengo|Water\n|move|p2a: Garchomp|Earthquake|p1b: Rillaboom|[spread] p2b,p1a,p1b\n|-resisted|p1b: Rillaboom\n|-damage|p2b: Indeedee|58\/100\n|-damage|p1a: Gholdengo|80\/100\n|-damage|p1b: Rillaboom|92\/100\n|move|p1a: Gholdengo|Make It Rain|p2a: Garchomp|[spread] p2a,p2b\n|-damage|p2a: Garchomp|53\/100\n|-damage|p2b: Indeedee|0 fnt\n|-unboost|p1a: Gholdengo|spa|1\n|faint|p2b: Indeedee\n|\n|-weather|Snow|[upkeep]\n|-heal|p2a: Garchomp|59\/100|[from] Grassy Terrain\n|-heal|p1a: Gholdengo|86\/100|[from] Grassy Terrain\n|-heal|p1b: Rillaboom|98\/100|[from] Grassy Terrain\n|upkeep\n|inactive|zip520520 has 30 seconds left.\n|\n|t:|1730476158\n|switch|p2b: Incineroar|Incineroar, L50, M|100\/100\n|-ability|p2b: Incineroar|Intimidate|boost\n|-unboost|p1a: Gholdengo|atk|1\n|-unboost|p1b: Rillaboom|atk|1\n|turn|2\n|\n|t:|1730476171\n|switch|p2a: Ninetales|Ninetales-Alola, L50, F|100\/100\n|switch|p1b: Incineroar|Incineroar, L50, F|100\/100\n|-ability|p1b: Incineroar|Intimidate|boost\n|-unboost|p2a: Ninetales|atk|1\n|-unboost|p2b: Incineroar|atk|1\n|move|p1a: Gholdengo|Protect|p1a: Gholdengo\n|-singleturn|p1a: Gholdengo|Protect\n|move|p2b: Incineroar|Parting Shot|p1b: Incineroar\n|-unboost|p1b: Incineroar|atk|1\n|-unboost|p1b: Incineroar|spa|1\n|j| nistaka\n|\n|t:|1730476183\n|switch|p2b: Garchomp|Garchomp, L50, F, tera:Ground|59\/100|[from] Parting Shot\n|\n|-weather|Snow|[upkeep]\n|-heal|p2b: Garchomp|65\/100|[from] Grassy Terrain\n|-heal|p1a: Gholdengo|92\/100|[from] Grassy Terrain\n|upkeep\n|turn|3\n|\n|t:|1730476199\n|move|p1b: Incineroar|Fake Out|p2b: Garchomp\n|-damage|p2b: Garchomp|56\/100\n|-damage|p1b: Incineroar|88\/100|[from] ability: Rough Skin|[of] p2b: Garchomp\n|cant|p2b: Garchomp|flinch\n|move|p2a: Ninetales|Freeze-Dry|p1a: Gholdengo\n|-supereffective|p1a: Gholdengo\n|-damage|p1a: Gholdengo|10\/100\n|-enditem|p1a: Gholdengo|Sitrus Berry|[eat]\n|-heal|p1a: Gholdengo|35\/100|[from] item: Sitrus Berry\n|move|p1a: Gholdengo|Nasty Plot|p1a: Gholdengo\n|-boost|p1a: Gholdengo|spa|2\n|\n|-weather|Snow|[upkeep]\n|-heal|p2b: Garchomp|62\/100|[from] Grassy Terrain\n|-heal|p1a: Gholdengo|41\/100|[from] Grassy Terrain\n|-heal|p1b: Incineroar|94\/100|[from] Grassy Terrain\n|upkeep\n|turn|4\n|j| Mullyy\n|\n|t:|1730476223\n|switch|p1b: Rillaboom|Rillaboom, L50, F|98\/100\n|move|p2b: Garchomp|Stomping Tantrum|p1b: Rillaboom\n|-resisted|p1b: Rillaboom\n|-damage|p1b: Rillaboom|49\/100\n|move|p2a: Ninetales|Freeze-Dry|p1a: Gholdengo\n|-supereffective|p1a: Gholdengo\n|-damage|p1a: Gholdengo|0 fnt\n|faint|p1a: Gholdengo\n|\n|-weather|Snow|[upkeep]\n|-heal|p2b: Garchomp|68\/100|[from] Grassy Terrain\n|-heal|p1b: Rillaboom|55\/100|[from] Grassy Terrain\n|upkeep\n|\n|t:|1730476228\n|switch|p1a: Incineroar|Incineroar, L50, F|94\/100\n|-ability|p1a: Incineroar|Intimidate|boost\n|-unboost|p2a: Ninetales|atk|1\n|-unboost|p2b: Garchomp|atk|1\n|turn|5\n|\n|t:|1730476248\n|switch|p2b: Incineroar|Incineroar, L50, M|100\/100\n|-ability|p2b: Incineroar|Intimidate|boost\n|-unboost|p1a: Incineroar|atk|1\n|-unboost|p1b: Rillaboom|atk|1\n|move|p1b: Rillaboom|Fake Out|p2a: Ninetales\n|-damage|p2a: Ninetales|91\/100\n|cant|p2a: Ninetales|flinch\n|move|p1a: Incineroar|Flare Blitz|p2a: Ninetales\n|-supereffective|p2a: Ninetales\n|-damage|p2a: Ninetales|21\/100\n|-damage|p1a: Incineroar|77\/100|[from] Recoil\n|\n|-weather|none\n|-heal|p2a: Ninetales|27\/100|[from] Grassy Terrain\n|-heal|p1b: Rillaboom|61\/100|[from] Grassy Terrain\n|-heal|p1a: Incineroar|83\/100|[from] Grassy Terrain\n|-fieldend|move: Grassy Terrain\n|upkeep\n|turn|6\n|inactive|647w has 30 seconds left.\n|inactive|zip520520 has 30 seconds left.\n|inactive|zip520520 has 20 seconds left.\n|\n|t:|1730476287\n|switch|p1a: Garchomp|Garchomp, L50, M|100\/100\n|move|p2b: Incineroar|Fake Out|p1a: Garchomp\n|-damage|p1a: Garchomp|89\/100\n|-damage|p2b: Incineroar|88\/100|[from] ability: Rough Skin|[of] p1a: Garchomp\n|move|p2a: Ninetales|Freeze-Dry|p1b: Rillaboom\n|-supereffective|p1b: Rillaboom\n|-damage|p1b: Rillaboom|6\/100\n|move|p1b: Rillaboom|U-turn|p2b: Incineroar\n|-damage|p2b: Incineroar|75\/100\n|\n|t:|1730476291\n|switch|p1b: Incineroar|Incineroar, L50, F|83\/100|[from] U-turn\n|-ability|p1b: Incineroar|Intimidate|boost\n|-unboost|p2a: Ninetales|atk|1\n|-unboost|p2b: Incineroar|atk|1\n|\n|upkeep\n|turn|7\n|inactive|zip520520 has 30 seconds left.\n|inactive|647w has 30 seconds left.\n|inactive|zip520520 has 20 seconds left.\n|\n|t:|1730476328\n|switch|p2a: Garchomp|Garchomp, L50, F, tera:Ground|68\/100\n|move|p1b: Incineroar|Fake Out|p2a: Garchomp\n|-damage|p2a: Garchomp|56\/100\n|-damage|p1b: Incineroar|71\/100|[from] ability: Rough Skin|[of] p2a: Garchomp\n|move|p1a: Garchomp|Swords Dance|p1a: Garchomp\n|-boost|p1a: Garchomp|atk|2\n|move|p2b: Incineroar|Parting Shot|p1a: Garchomp\n|-fail|p1a: Garchomp|unboost|[from] item: Clear Amulet|[of] p1a: Garchomp\n|\n|upkeep\n|turn|8\n|inactive|zip520520 has 30 seconds left.\n|\n|t:|1730476355\n|move|p2a: Garchomp|Dragon Claw|p1a: Garchomp\n|-supereffective|p1a: Garchomp\n|-damage|p1a: Garchomp|0 fnt\n|-damage|p2a: Garchomp|44\/100|[from] ability: Rough Skin|[of] p1a: Garchomp\n|faint|p1a: Garchomp\n|move|p1b: Incineroar|Parting Shot|p2a: Garchomp\n|-unboost|p2a: Garchomp|atk|1\n|-unboost|p2a: Garchomp|spa|1\n|\n|t:|1730476358\n|switch|p1b: Rillaboom|Rillaboom, L50, F|6\/100|[from] Parting Shot\n|-fieldstart|move: Grassy Terrain|[from] ability: Grassy Surge|[of] p1b: Rillaboom\n|move|p2b: Incineroar|Parting Shot|p1b: Rillaboom\n|-unboost|p1b: Rillaboom|atk|1\n|-unboost|p1b: Rillaboom|spa|1\n|\n|t:|1730476371\n|switch|p2b: Ninetales|Ninetales-Alola, L50, F|27\/100|[from] Parting Shot\n|-weather|Snow|[from] ability: Snow Warning|[of] p2b: Ninetales\n|\n|-weather|Snow|[upkeep]\n|-heal|p2a: Garchomp|50\/100|[from] Grassy Terrain\n|-heal|p2b: Ninetales|33\/100|[from] Grassy Terrain\n|-heal|p1b: Rillaboom|12\/100|[from] Grassy Terrain\n|upkeep\n|\n|t:|1730476376\n|switch|p1a: Incineroar|Incineroar, L50, F|71\/100\n|-ability|p1a: Incineroar|Intimidate|boost\n|-unboost|p2a: Garchomp|atk|1\n|-unboost|p2b: Ninetales|atk|1\n|turn|9\n|\n|t:|1730476391\n|switch|p2a: Incineroar|Incineroar, L50, M|75\/100\n|-ability|p2a: Incineroar|Intimidate|boost\n|-unboost|p1a: Incineroar|atk|1\n|-unboost|p1b: Rillaboom|atk|1\n|move|p1a: Incineroar|Fake Out|p2b: Ninetales\n|-damage|p2b: Ninetales|25\/100\n|move|p1b: Rillaboom|Grassy Glide|p2b: Ninetales\n|-damage|p2b: Ninetales|6\/100\n|cant|p2b: Ninetales|flinch\n|\n|-weather|Snow|[upkeep]\n|-heal|p2b: Ninetales|12\/100|[from] Grassy Terrain\n|-heal|p1b: Rillaboom|17\/100|[from] Grassy Terrain\n|-heal|p1a: Incineroar|77\/100|[from] Grassy Terrain\n|-heal|p2a: Incineroar|81\/100|[from] Grassy Terrain\n|upkeep\n|turn|10\n|\n|t:|1730476414\n|move|p2a: Incineroar|Fake Out|p1b: Rillaboom\n|-damage|p1b: Rillaboom|7\/100\n|cant|p1b: Rillaboom|flinch\n|move|p2b: Ninetales|Blizzard|p1b: Rillaboom|[spread] p1a,p1b\n|-resisted|p1a: Incineroar\n|-supereffective|p1b: Rillaboom\n|-crit|p1b: Rillaboom\n|-damage|p1a: Incineroar|57\/100\n|-damage|p1b: Rillaboom|0 fnt\n|faint|p1b: Rillaboom\n|move|p1a: Incineroar|Flare Blitz|p2b: Ninetales\n|-supereffective|p2b: Ninetales\n|-damage|p2b: Ninetales|0 fnt\n|faint|p2b: Ninetales\n|-damage|p1a: Incineroar|54\/100|[from] Recoil\n|\n|-weather|Snow|[upkeep]\n|-heal|p2a: Incineroar|87\/100|[from] Grassy Terrain\n|-heal|p1a: Incineroar|60\/100|[from] Grassy Terrain\n|upkeep\n|\n|t:|1730476433\n|switch|p2b: Garchomp|Garchomp, L50, F, tera:Ground|50\/100\n|turn|11\n|\n|t:|1730476444\n|move|p2b: Garchomp|Stomping Tantrum|p1a: Incineroar\n|-supereffective|p1a: Incineroar\n|-damage|p1a: Incineroar|0 fnt\n|faint|p1a: Incineroar\n|\n|win|zip520520\n|raw|647w's rating: 1802 &rarr; <strong>1777<\/strong><br \/>(-25 for losing)\n|raw|zip520520's rating: 1714 &rarr; <strong>1739<\/strong><br \/>(+25 for winning)\n|l|\u2606zip520520\n|player|p2|\n","uploadtime":1730476450,"views":36,"formatid":"gen9vgc2024regh","rating":1739,"private":0,"password":null}