{"id":"gen9vgc2024regh-2235475180","format":"[Gen 9] VGC 2024 Reg H","players":["13dobe","bluestraggler02"],"log":"|j|\u260613dobe\n|j|\u2606bluestraggler02\n|t:|1730482793\n|gametype|doubles\n|player|p1|13dobe|170|1695\n|player|p2|bluestraggler02|170|1698\n|teamsize|p1|6\n|teamsize|p2|6\n|gen|9\n|tier|[Gen 9] VGC 2024 Reg H\n|rated|\n|rule|Species Clause: Limit one of each Pok\u00e9mon\n|rule|Item Clause: Limit 1 of each item\n|clearpoke\n|poke|p1|Weezing, L50, M|\n|poke|p1|Lilligant-Hisui, L50, F|\n|poke|p1|Torkoal, L50, M|\n|poke|p1|Incineroar, L50, M|\n|poke|p1|Porygon2, L50|\n|poke|p1|Dragonite, L50, M|\n|poke|p2|Skeledirge, L50, M|\n|poke|p2|Porygon2, L50|\n|poke|p2|Ursaluna, L50, M|\n|poke|p2|Amoonguss, L50, F|\n|poke|p2|Maushold-Four, L50|\n|poke|p2|Malamar, L50, F|\n|teampreview|4\n|inactive|Battle timer is ON: inactive players will automatically lose when time's up. (requested by 13dobe)\n|\n|t:|1730482839\n|start\n|switch|p1a: Lilligant|Lilligant-Hisui, L50, F|100\/100\n|switch|p1b: Torkoal|Torkoal, L50, M|100\/100\n|switch|p2a: Malamar|Malamar, L50, F|100\/100\n|switch|p2b: Maushold|Maushold-Four, L50|100\/100\n|-weather|SunnyDay|[from] ability: Drought|[of] p1b: Torkoal\n|turn|1\n|\n|t:|1730482860\n|-terastallize|p2a: Malamar|Fire\n|-terastallize|p1b: Torkoal|Fire\n|move|p2b: Maushold|Protect|p2b: Maushold\n|-singleturn|p2b: Maushold|Protect\n|move|p1a: Lilligant|Sleep Powder|p2a: Malamar\n|-activate|p2a: Malamar|item: Safety Goggles|Sleep Powder\n|move|p2a: Malamar|Superpower|p1b: Torkoal\n|-damage|p1b: Torkoal|73\/100\n|-boost|p2a: Malamar|atk|1\n|-boost|p2a: Malamar|def|1\n|move|p1b: Torkoal|Eruption|p2a: Malamar|[spread] p2a\n|-activate|p2b: Maushold|move: Protect\n|-resisted|p2a: Malamar\n|-crit|p2a: Malamar\n|-damage|p2a: Malamar|24\/100\n|\n|-weather|SunnyDay|[upkeep]\n|upkeep\n|turn|2\n|inactive|13dobe has 30 seconds left.\n|c|\u260613dobe|goggles is an interesting choice\n|\n|t:|1730482891\n|move|p2a: Malamar|Protect|p2a: Malamar\n|-singleturn|p2a: Malamar|Protect\n|move|p1a: Lilligant|Close Combat|p2a: Malamar\n|-activate|p2a: Malamar|move: Protect\n|move|p2b: Maushold|Population Bomb|p1a: Lilligant\n|-damage|p1a: Lilligant|84\/100\n|-damage|p1a: Lilligant|65\/100\n|-damage|p1a: Lilligant|47\/100\n|-damage|p1a: Lilligant|30\/100\n|-damage|p1a: Lilligant|12\/100\n|-damage|p1a: Lilligant|0 fnt\n|faint|p1a: Lilligant\n|-hitcount|p1: Lilligant|6\n|move|p1b: Torkoal|Eruption|p2a: Malamar|[spread] p2b\n|-activate|p2a: Malamar|move: Protect\n|-damage|p2b: Maushold|0 fnt\n|faint|p2b: Maushold\n|\n|-weather|SunnyDay|[upkeep]\n|upkeep\n|c|\u260613dobe|thats what i thought would happen turn 1\n|\n|t:|1730482910\n|switch|p2b: Porygon2|Porygon2, L50|100\/100\n|switch|p1a: Dragonite|Dragonite, L50, M|100\/100\n|-ability|p2b: Porygon2|Download|boost\n|-boost|p2b: Porygon2|spa|1\n|turn|3\n|\n|t:|1730482926\n|move|p1a: Dragonite|Scale Shot|p2b: Porygon2\n|-damage|p2b: Porygon2|91\/100\n|-damage|p2b: Porygon2|81\/100\n|-damage|p2b: Porygon2|71\/100\n|-damage|p2b: Porygon2|63\/100\n|-damage|p2b: Porygon2|54\/100\n|-hitcount|p2b: Porygon2|5\n|-unboost|p1a: Dragonite|def|1\n|-boost|p1a: Dragonite|spe|1\n|move|p2a: Malamar|Superpower|p1b: Torkoal\n|-damage|p1b: Torkoal|32\/100\n|-boost|p2a: Malamar|atk|1\n|-boost|p2a: Malamar|def|1\n|move|p2b: Porygon2|Tera Blast|p1b: Torkoal\n|-damage|p1b: Torkoal|0 fnt\n|faint|p1b: Torkoal\n|\n|-weather|SunnyDay|[upkeep]\n|upkeep\n|\n|t:|1730482929\n|switch|p1b: Incineroar|Incineroar, L50, M|100\/100\n|-ability|p1b: Incineroar|Intimidate|boost\n|-boost|p2a: Malamar|atk|1\n|-unboost|p2b: Porygon2|atk|1\n|turn|4\n|c|\u260613dobe|great read kid\n|\n|t:|1730482945\n|move|p2a: Malamar|Protect|p2a: Malamar\n|-singleturn|p2a: Malamar|Protect\n|move|p2b: Porygon2|Protect|p2b: Porygon2\n|-singleturn|p2b: Porygon2|Protect\n|move|p1b: Incineroar|Fake Out|p2b: Porygon2\n|-activate|p2b: Porygon2|move: Protect\n|move|p1a: Dragonite|Scale Shot|p2a: Malamar\n|-activate|p2a: Malamar|move: Protect\n|\n|-weather|SunnyDay|[upkeep]\n|upkeep\n|turn|5\n|j| Elv3r G4larga\n|\n|t:|1730482959\n|move|p1a: Dragonite|Scale Shot|p2a: Malamar|[miss]\n|-miss|p1a: Dragonite|p2a: Malamar\n|move|p1b: Incineroar|Flare Blitz|p2b: Porygon2\n|-damage|p2b: Porygon2|0 fnt\n|faint|p2b: Porygon2\n|-damage|p1b: Incineroar|84\/100|[from] Recoil\n|move|p2a: Malamar|Superpower|p1b: Incineroar\n|-supereffective|p1b: Incineroar\n|-damage|p1b: Incineroar|0 fnt\n|-boost|p2a: Malamar|atk|1\n|-boost|p2a: Malamar|def|1\n|faint|p1b: Incineroar\n|\n|-weather|none\n|upkeep\n|c|\u260613dobe|lmao\n|\n|t:|1730482964\n|switch|p2b: Amoonguss|Amoonguss, L50, F|100\/100\n|turn|6\n|c|\u260613dobe|lost to a 10% miss\n|c|\u260613dobe|sageeeee\n|\n|t:|1730482975\n|move|p2b: Amoonguss|Rage Powder|p2b: Amoonguss\n|-singleturn|p2b: Amoonguss|move: Rage Powder\n|move|p1a: Dragonite|Scale Shot|p2b: Amoonguss\n|-damage|p2b: Amoonguss|89\/100\n|-damage|p2b: Amoonguss|78\/100\n|-damage|p2b: Amoonguss|67\/100\n|-crit|p2b: Amoonguss\n|-damage|p2b: Amoonguss|50\/100\n|-hitcount|p2b: Amoonguss|4\n|-unboost|p1a: Dragonite|def|1\n|-boost|p1a: Dragonite|spe|1\n|move|p2a: Malamar|Knock Off|p1a: Dragonite\n|-damage|p1a: Dragonite|0 fnt\n|-enditem|p1a: Dragonite|Loaded Dice|[from] move: Knock Off|[of] p2a: Malamar\n|faint|p1a: Dragonite\n|\n|win|bluestraggler02\n|raw|13dobe's rating: 1695 &rarr; <strong>1675<\/strong><br \/>(-20 for losing)\n|raw|bluestraggler02's rating: 1698 &rarr; <strong>1718<\/strong><br \/>(+20 for winning)\n|c|\u260613dobe|gg lol\n|l|\u260613dobe\n|player|p1|\n|l|\u2606bluestraggler02\n|player|p2|\n|l| Elv3r G4larga\n","uploadtime":1730483218,"views":34,"formatid":"gen9vgc2024regh","rating":1675,"private":0,"password":null}