{"id":"gen9vgc2024regh-2235707459","format":"[Gen 9] VGC 2024 Reg H","players":["647w","zip520520"],"log":"|j|\u2606647w\n|j|\u2606zip520520\n|t:|1730508858\n|gametype|doubles\n|player|p1|647w|lucas-gen4pt|1763\n|player|p2|zip520520|rosa|1649\n|teamsize|p1|6\n|teamsize|p2|6\n|gen|9\n|tier|[Gen 9] VGC 2024 Reg H\n|rated|\n|rule|Species Clause: Limit one of each Pok\u00e9mon\n|rule|Item Clause: Limit 1 of each item\n|clearpoke\n|poke|p1|Kilowattrel, L50, F|\n|poke|p1|Garchomp, L50, M|\n|poke|p1|Gholdengo, L50|\n|poke|p1|Incineroar, L50, F|\n|poke|p1|Rillaboom, L50, M|\n|poke|p1|Dondozo, L50, M|\n|poke|p2|Dragapult, L50, M|\n|poke|p2|Ninetales-Alola, L50, F|\n|poke|p2|Hydreigon, L50, F|\n|poke|p2|Rillaboom, L50, F|\n|poke|p2|Incineroar, L50, M|\n|poke|p2|Ursaluna-Bloodmoon, L50, M|\n|teampreview|4\n|inactive|Battle timer is ON: inactive players will automatically lose when time's up. (requested by zip520520)\n647w has agreed to open team sheets.\n|inactive|zip520520 has 60 seconds left.\n|inactive|647w has 60 seconds left.\n|\n|t:|1730508894\n|start\n|switch|p1a: Garchomp|Garchomp, L50, M|100\/100\n|switch|p1b: Gholdengo|Gholdengo, L50|100\/100\n|switch|p2a: Dragapult|Dragapult, L50, M|100\/100\n|switch|p2b: Hydreigon|Hydreigon, L50, F|100\/100\n|turn|1\n|\n|t:|1730508915\n|move|p1a: Garchomp|Protect|p1a: Garchomp\n|-singleturn|p1a: Garchomp|Protect\n|move|p1b: Gholdengo|Protect|p1b: Gholdengo\n|-singleturn|p1b: Gholdengo|Protect\n|move|p2a: Dragapult|Will-O-Wisp|p1a: Garchomp\n|-activate|p1a: Garchomp|move: Protect\n|move|p2b: Hydreigon|Heat Wave|p1b: Gholdengo|[spread] \n|-activate|p1a: Garchomp|move: Protect\n|-activate|p1b: Gholdengo|move: Protect\n|\n|upkeep\n|turn|2\n|\n|t:|1730508931\n|-terastallize|p1a: Garchomp|Fairy\n|move|p2a: Dragapult|Dragon Cheer|p2b: Hydreigon\n|-start|p2b: Hydreigon|move: Dragon Cheer\n|move|p1a: Garchomp|Swords Dance|p1a: Garchomp\n|-boost|p1a: Garchomp|atk|2\n|move|p2b: Hydreigon|Heat Wave|p1b: Gholdengo|[spread] p1a,p1b\n|-crit|p1a: Garchomp\n|-supereffective|p1b: Gholdengo\n|-crit|p1b: Gholdengo\n|-damage|p1a: Garchomp|59\/100\n|-damage|p1b: Gholdengo|29\/100\n|-status|p1a: Garchomp|brn\n|-enditem|p1b: Gholdengo|Sitrus Berry|[eat]\n|-heal|p1b: Gholdengo|54\/100|[from] item: Sitrus Berry\n|move|p1b: Gholdengo|Shadow Ball|p2a: Dragapult\n|-supereffective|p2a: Dragapult\n|-enditem|p2a: Dragapult|Focus Sash\n|-damage|p2a: Dragapult|1\/100\n|\n|-damage|p1a: Garchomp|53\/100 brn|[from] brn\n|upkeep\n|turn|3\n|inactive|zip520520 has 30 seconds left.\n|inactive|zip520520 has 20 seconds left.\n|inactive|647w has 30 seconds left.\n|inactive|zip520520 has 15 seconds left.\n|inactive|zip520520 has 10 seconds left.\n|inactive|zip520520 has 5 seconds left.\n|\n|t:|1730508981\n|switch|p2a: Incineroar|Incineroar, L50, M|100\/100\n|-ability|p2a: Incineroar|Intimidate|boost\n|-fail|p1a: Garchomp|unboost|[from] item: Clear Amulet|[of] p1a: Garchomp\n|-unboost|p1b: Gholdengo|atk|1\n|switch|p1b: Dondozo|Dondozo, L50, M|100\/100\n|-terastallize|p2b: Hydreigon|Fire\n|move|p1a: Garchomp|Dragon Claw|p2b: Hydreigon\n|-damage|p2b: Hydreigon|56\/100\n|move|p2b: Hydreigon|Heat Wave|p1b: Dondozo|[spread] p1a,p1b\n|-crit|p1a: Garchomp\n|-resisted|p1b: Dondozo\n|-crit|p1b: Dondozo\n|-damage|p1a: Garchomp|0 fnt\n|-damage|p1b: Dondozo|81\/100\n|faint|p1a: Garchomp\n|\n|-heal|p1b: Dondozo|87\/100|[from] item: Leftovers\n|upkeep\n|\n|t:|1730508993\n|switch|p1a: Rillaboom|Rillaboom, L50, M|100\/100\n|-fieldstart|move: Grassy Terrain|[from] ability: Grassy Surge|[of] p1a: Rillaboom\n|turn|4\n|\n|t:|1730509015\n|move|p2b: Hydreigon|Protect|p2b: Hydreigon\n|-singleturn|p2b: Hydreigon|Protect\n|move|p1a: Rillaboom|Fake Out|p2a: Incineroar\n|-damage|p2a: Incineroar|88\/100\n|cant|p2a: Incineroar|flinch\n|move|p1b: Dondozo|Wave Crash|p2b: Hydreigon\n|-activate|p2b: Hydreigon|move: Protect\n|\n|-heal|p2a: Incineroar|94\/100|[from] Grassy Terrain\n|-heal|p1b: Dondozo|93\/100|[from] Grassy Terrain\n|-heal|p1b: Dondozo|99\/100|[from] item: Leftovers\n|upkeep\n|turn|5\n|\n|t:|1730509034\n|move|p2b: Hydreigon|Heat Wave|p1a: Rillaboom|[spread] p1a\n|-miss|p2b: Hydreigon|p1b: Dondozo\n|-supereffective|p1a: Rillaboom\n|-crit|p1a: Rillaboom\n|-damage|p1a: Rillaboom|14\/100\n|move|p1a: Rillaboom|U-turn|p2a: Incineroar\n|-damage|p2a: Incineroar|71\/100\n|\n|t:|1730509040\n|switch|p1a: Gholdengo|Gholdengo, L50|54\/100|[from] U-turn\n|move|p2a: Incineroar|Knock Off|p1b: Dondozo\n|-damage|p1b: Dondozo|76\/100\n|-enditem|p1b: Dondozo|Leftovers|[from] move: Knock Off|[of] p2a: Incineroar\n|move|p1b: Dondozo|Wave Crash|p2b: Hydreigon\n|-supereffective|p2b: Hydreigon\n|-crit|p2b: Hydreigon\n|-damage|p2b: Hydreigon|0 fnt\n|faint|p2b: Hydreigon\n|-damage|p1b: Dondozo|65\/100|[from] Recoil\n|\n|-heal|p1a: Gholdengo|60\/100|[from] Grassy Terrain\n|-heal|p2a: Incineroar|77\/100|[from] Grassy Terrain\n|-heal|p1b: Dondozo|71\/100|[from] Grassy Terrain\n|upkeep\n|\n|t:|1730509062\n|switch|p2b: Rillaboom|Rillaboom, L50, F|100\/100\n|turn|6\n|inactive|647w has 30 seconds left.\n|\n|t:|1730509091\n|switch|p1b: Rillaboom|Rillaboom, L50, M|14\/100\n|move|p1a: Gholdengo|Make It Rain|p2b: Rillaboom|[spread] p2a,p2b\n|-resisted|p2a: Incineroar\n|-damage|p2a: Incineroar|62\/100\n|-damage|p2b: Rillaboom|64\/100\n|-unboost|p1a: Gholdengo|spa|1\n|move|p2b: Rillaboom|Wood Hammer|p1b: Rillaboom\n|-resisted|p1b: Rillaboom\n|-damage|p1b: Rillaboom|0 fnt\n|faint|p1b: Rillaboom\n|-damage|p2b: Rillaboom|59\/100|[from] Recoil\n|move|p2a: Incineroar|Flare Blitz|p1a: Gholdengo\n|-supereffective|p1a: Gholdengo\n|-damage|p1a: Gholdengo|0 fnt\n|faint|p1a: Gholdengo\n|-damage|p2a: Incineroar|43\/100|[from] Recoil\n|\n|-heal|p2b: Rillaboom|65\/100|[from] Grassy Terrain\n|-heal|p2a: Incineroar|49\/100|[from] Grassy Terrain\n|upkeep\n|\n|t:|1730509093\n|switch|p1b: Dondozo|Dondozo, L50, M|71\/100\n|turn|7\n|inactive|zip520520 has 30 seconds left.\n|\n|t:|1730509122\n|move|p2b: Rillaboom|Wood Hammer|p1b: Dondozo\n|-supereffective|p1b: Dondozo\n|-damage|p1b: Dondozo|0 fnt\n|faint|p1b: Dondozo\n|-damage|p2b: Rillaboom|36\/100|[from] Recoil\n|\n|win|zip520520\n|raw|647w's rating: 1763 &rarr; <strong>1737<\/strong><br \/>(-26 for losing)\n|raw|zip520520's rating: 1649 &rarr; <strong>1675<\/strong><br \/>(+26 for winning)\n|l|\u2606zip520520\n|player|p2|\n|l|\u2606647w\n|player|p1|\n","uploadtime":1730509129,"views":30,"formatid":"gen9vgc2024regh","rating":1675,"private":0,"password":null}