{"id":"gen9vgc2024regh-2235713785","format":"[Gen 9] VGC 2024 Reg H","players":["ren122333","post_testing"],"log":"|j|\u2606ren122333\n|j|\u2606post_testing\n|t:|1730509692\n|gametype|doubles\n|player|p1|ren122333|hilbert|1743\n|player|p2|post_testing|1|1697\n|teamsize|p1|6\n|teamsize|p2|6\n|gen|9\n|tier|[Gen 9] VGC 2024 Reg H\n|rated|\n|rule|Species Clause: Limit one of each Pok\u00e9mon\n|rule|Item Clause: Limit 1 of each item\n|clearpoke\n|poke|p1|Whimsicott, L50, F|\n|poke|p1|Mamoswine, L50, M|\n|poke|p1|Lycanroc-Dusk, L50, M|\n|poke|p1|Typhlosion-Hisui, L50, F|\n|poke|p1|Farigiraf, L50, M|\n|poke|p1|Mienshao, L50, F|\n|poke|p2|Archaludon, L50, M|\n|poke|p2|Murkrow, L50, M|\n|poke|p2|Indeedee, L50, M|\n|poke|p2|Sneasler, L50, F|\n|poke|p2|Delphox, L50, M|\n|poke|p2|Dragapult, L50, M|\n|teampreview|4\n|inactive|Battle timer is ON: inactive players will automatically lose when time's up. (requested by ren122333)\n|j| Golett Kombucha\n|\n|t:|1730509726\n|start\n|switch|p1a: Whimsicott|Whimsicott, L50, F|100\/100\n|switch|p1b: Lycanroc|Lycanroc-Dusk, L50, M|100\/100\n|switch|p2a: Murkrow|Murkrow, L50, M|100\/100\n|switch|p2b: Indeedee|Indeedee, L50, M|100\/100\n|-fieldstart|move: Psychic Terrain|[from] ability: Psychic Surge|[of] p2b: Indeedee\n|turn|1\n|\n|t:|1730509742\n|-terastallize|p2b: Indeedee|Psychic\n|move|p1a: Whimsicott|Tailwind|p1a: Whimsicott\n|-sidestart|p1: ren122333|move: Tailwind\n|move|p2a: Murkrow|Tailwind|p2a: Murkrow\n|-sidestart|p2: post_testing|move: Tailwind\n|move|p1b: Lycanroc|Rock Slide|p2b: Indeedee|[spread] p2a,p2b\n|-supereffective|p2a: Murkrow\n|-damage|p2a: Murkrow|25\/100\n|-damage|p2b: Indeedee|11\/100\n|cant|p2b: Indeedee|flinch\n|\n|upkeep\n|turn|2\n|\n|t:|1730509758\n|switch|p2b: Sneasler|Sneasler, L50, F|100\/100\n|-enditem|p2b: Sneasler|Psychic Seed\n|-boost|p2b: Sneasler|spd|1|[from] item: Psychic Seed\n|move|p1a: Whimsicott|Moonblast|p2a: Murkrow\n|-supereffective|p2a: Murkrow\n|-damage|p2a: Murkrow|0 fnt\n|faint|p2a: Murkrow\n|move|p1b: Lycanroc|Rock Slide|p2b: Sneasler\n|-resisted|p2b: Sneasler\n|-damage|p2b: Sneasler|54\/100\n|\n|upkeep\n|j| moon7777\n|\n|t:|1730509771\n|switch|p2a: Dragapult|Dragapult, L50, M|100\/100\n|turn|3\n|\n|t:|1730509784\n|-terastallize|p1a: Whimsicott|Ghost\n|move|p2b: Sneasler|Dire Claw|p1a: Whimsicott\n|-resisted|p1a: Whimsicott\n|-damage|p1a: Whimsicott|70\/100\n|move|p2a: Dragapult|Dragon Darts|p1b: Lycanroc\n|-damage|p1b: Lycanroc|36\/100\n|-anim|p2a: Dragapult|Dragon Darts|p1a: Whimsicott\n|-damage|p1a: Whimsicott|8\/100\n|move|p1a: Whimsicott|Moonblast|p2a: Dragapult\n|-supereffective|p2a: Dragapult\n|-damage|p2a: Dragapult|5\/100\n|move|p1b: Lycanroc|Rock Slide|p2b: Sneasler|[spread] p2a,p2b\n|-resisted|p2b: Sneasler\n|-damage|p2a: Dragapult|0 fnt\n|-damage|p2b: Sneasler|18\/100\n|faint|p2a: Dragapult\n|\n|upkeep\n|\n|t:|1730509802\n|switch|p2a: Indeedee|Indeedee, L50, M, tera:Psychic|11\/100\n|turn|4\n|\n|t:|1730509811\n|move|p2b: Sneasler|Dire Claw|p1b: Lycanroc\n|-resisted|p1b: Lycanroc\n|-damage|p1b: Lycanroc|0 fnt\n|faint|p1b: Lycanroc\n|move|p1a: Whimsicott|Moonblast|p2b: Sneasler\n|-damage|p2b: Sneasler|0 fnt\n|faint|p2b: Sneasler\n|move|p2a: Indeedee|Expanding Force|p1a: Whimsicott\n|-damage|p1a: Whimsicott|0 fnt\n|faint|p1a: Whimsicott\n|\n|-sideend|p1: ren122333|move: Tailwind\n|-sideend|p2: post_testing|move: Tailwind\n|upkeep\n|\n|t:|1730509820\n|switch|p1a: Mienshao|Mienshao, L50, F|100\/100\n|switch|p1b: Typhlosion|Typhlosion-Hisui, L50, F|100\/100\n|-item|p2a: Indeedee|Focus Sash|[from] ability: Frisk|[of] p1b: Typhlosion\n|turn|5\n|-message|post_testing forfeited.\n|\n|win|ren122333\n|raw|ren122333's rating: 1743 &rarr; <strong>1760<\/strong><br \/>(+17 for winning)\n|raw|post_testing's rating: 1697 &rarr; <strong>1680<\/strong><br \/>(-17 for losing)\n|l|\u2606post_testing\n|player|p2|\n|l|\u2606ren122333\n|player|p1|\n|l| Golett Kombucha\n","uploadtime":1730510011,"views":19,"formatid":"gen9vgc2024regh","rating":1680,"private":0,"password":null}