{"id":"gen9vgc2024regh-2235363421","format":"[Gen 9] VGC 2024 Reg H","players":["Jwofsgo","ted7106061408"],"log":"|j|\u2606Jwofsgo\n|j|\u2606ted7106061408\n|t:|1730471701\n|gametype|doubles\n|player|p1|Jwofsgo|scientist-gen4|1730\n|player|p2|ted7106061408|1|1687\n|teamsize|p1|6\n|teamsize|p2|6\n|gen|9\n|tier|[Gen 9] VGC 2024 Reg H\n|rated|\n|rule|Species Clause: Limit one of each Pok\u00e9mon\n|rule|Item Clause: Limit 1 of each item\n|clearpoke\n|poke|p1|Typhlosion-Hisui, L50, M|\n|poke|p1|Indeedee, L50, M|\n|poke|p1|Dragapult, L50, M|\n|poke|p1|Sneasler, L50, M|\n|poke|p1|Garchomp, L50, F|\n|poke|p1|Murkrow, L50, M|\n|poke|p2|Dragonite, L50, F|\n|poke|p2|Sneasler, L50, F|\n|poke|p2|Talonflame, L50, M|\n|poke|p2|Gholdengo, L50|\n|poke|p2|Dondozo, L50, F|\n|poke|p2|Tatsugiri, L50, F|\n|teampreview|4\n|inactive|Battle timer is ON: inactive players will automatically lose when time's up. (requested by ted7106061408)\nted7106061408 has agreed to open team sheets.\n|j| spanish fraud\n|inactive|Jwofsgo has 60 seconds left.\n|inactive|ted7106061408 has 60 seconds left.\n|\n|t:|1730471751\n|start\n|switch|p1a: Murkrow|Murkrow, L50, M|100\/100\n|switch|p1b: Garchomp|Garchomp, L50, F|100\/100\n|switch|p2a: Dragonite|Dragonite, L50, F, shiny|100\/100\n|switch|p2b: Sneasler|Sneasler, L50, F, shiny|100\/100\n|turn|1\n|inactive|Jwofsgo has 30 seconds left.\n|\n|t:|1730471778\n|switch|p1a: Dragapult|Dragapult, L50, M|100\/100\n|move|p1b: Garchomp|Protect|p1b: Garchomp\n|-singleturn|p1b: Garchomp|Protect\n|move|p2b: Sneasler|Fake Out|p1a: Dragapult\n|-immune|p1a: Dragapult\n|move|p2a: Dragonite|Scale Shot|p1b: Garchomp\n|-activate|p1b: Garchomp|move: Protect\n|\n|upkeep\n|turn|2\n|inactive|Jwofsgo has 30 seconds left.\n|inactive|ted7106061408 has 30 seconds left.\n|inactive|ted7106061408 has 20 seconds left.\n|inactive|Jwofsgo has 20 seconds left.\n|inactive|ted7106061408 has 15 seconds left.\n|inactive|Jwofsgo has 15 seconds left.\n|inactive|ted7106061408 has 10 seconds left.\n|inactive|Jwofsgo has 10 seconds left.\n|inactive|Jwofsgo has 5 seconds left.\n|\n|t:|1730471837\n|switch|p2b: Talonflame|Talonflame, L50, M|100\/100\n|-terastallize|p1b: Garchomp|Fairy\n|-terastallize|p2a: Dragonite|Fairy\n|move|p1a: Dragapult|Phantom Force||[still]\n|-prepare|p1a: Dragapult|Phantom Force\n|move|p1b: Garchomp|Scale Shot|p2b: Talonflame\n|-damage|p2b: Talonflame|79\/100\n|-damage|p2b: Talonflame|59\/100\n|-damage|p2b: Talonflame|37\/100\n|-damage|p2b: Talonflame|17\/100\n|-hitcount|p2b: Talonflame|4\n|-unboost|p1b: Garchomp|def|1\n|-boost|p1b: Garchomp|spe|1\n|move|p2a: Dragonite|Scale Shot|p1a: Dragapult|[miss]\n|-miss|p2a: Dragonite|p1a: Dragapult\n|\n|upkeep\n|turn|3\n|inactive|Jwofsgo has 30 seconds left.\n|\n|t:|1730471865\n|move|p1b: Garchomp|Scale Shot|p2b: Talonflame|[miss]\n|-miss|p1b: Garchomp|p2b: Talonflame\n|move|p2b: Talonflame|Tailwind|p2b: Talonflame\n|-sidestart|p2: ted7106061408|move: Tailwind\n|move|p2a: Dragonite|Scale Shot|p1a: Dragapult|[miss]\n|-miss|p2a: Dragonite|p1a: Dragapult\n|move|p1a: Dragapult|Phantom Force|p2a: Dragonite|[from]lockedmove\n|-damage|p2a: Dragonite|63\/100\n|\n|upkeep\n|turn|4\n|\n|t:|1730471881\n|move|p1b: Garchomp|Protect|p1b: Garchomp\n|-singleturn|p1b: Garchomp|Protect\n|move|p2b: Talonflame|Will-O-Wisp|p1b: Garchomp\n|-activate|p1b: Garchomp|move: Protect\n|move|p2a: Dragonite|Scale Shot|p1a: Dragapult\n|-supereffective|p1a: Dragapult\n|-damage|p1a: Dragapult|64\/100\n|-supereffective|p1a: Dragapult\n|-damage|p1a: Dragapult|22\/100\n|-supereffective|p1a: Dragapult\n|-damage|p1a: Dragapult|0 fnt\n|faint|p1a: Dragapult\n|-hitcount|p1: Dragapult|3\n|-unboost|p2a: Dragonite|def|1\n|-boost|p2a: Dragonite|spe|1\n|\n|upkeep\n|\n|t:|1730471889\n|switch|p1a: Murkrow|Murkrow, L50, M|100\/100\n|turn|5\n|\n|t:|1730471906\n|move|p1a: Murkrow|Tailwind|p1a: Murkrow\n|-sidestart|p1: Jwofsgo|move: Tailwind\n|move|p1b: Garchomp|Scale Shot|p2b: Talonflame\n|-damage|p2b: Talonflame|0 fnt\n|faint|p2b: Talonflame\n|-hitcount|p2: Talonflame|1\n|-unboost|p1b: Garchomp|def|1\n|-boost|p1b: Garchomp|spe|1\n|move|p2a: Dragonite|Tera Blast|p1b: Garchomp|[anim] Tera Blast Fairy\n|-damage|p1b: Garchomp|9\/100\n|\n|upkeep\n|\n|t:|1730471921\n|switch|p2b: Gholdengo|Gholdengo, L50|100\/100\n|turn|6\n|\n|t:|1730471939\n|move|p1b: Garchomp|Protect|p1b: Garchomp\n|-singleturn|p1b: Garchomp|Protect\n|move|p2a: Dragonite|Scale Shot|p1a: Murkrow\n|-damage|p1a: Murkrow|63\/100\n|-damage|p1a: Murkrow|29\/100\n|-damage|p1a: Murkrow|0 fnt\n|faint|p1a: Murkrow\n|-hitcount|p1: Murkrow|3\n|-unboost|p2a: Dragonite|def|1\n|-boost|p2a: Dragonite|spe|1\n|move|p2b: Gholdengo|Make It Rain|p1b: Garchomp\n|-activate|p1b: Garchomp|move: Protect\n|\n|-sideend|p2: ted7106061408|move: Tailwind\n|upkeep\n|\n|t:|1730471953\n|switch|p1a: Typhlosion|Typhlosion-Hisui, L50, M|100\/100\n|-item|p2a: Dragonite|Loaded Dice|[from] ability: Frisk|[of] p1a: Typhlosion\n|-item|p2b: Gholdengo|Choice Specs|[from] ability: Frisk|[of] p1a: Typhlosion\n|turn|7\n|\n|t:|1730471977\n|move|p2a: Dragonite|Extreme Speed|p1b: Garchomp\n|-damage|p1b: Garchomp|0 fnt\n|-damage|p2a: Dragonite|51\/100|[from] ability: Rough Skin|[of] p1b: Garchomp\n|faint|p1b: Garchomp\n|move|p1a: Typhlosion|Eruption|p2b: Gholdengo|[spread] p2a,p2b\n|-supereffective|p2b: Gholdengo\n|-damage|p2a: Dragonite|0 fnt\n|-damage|p2b: Gholdengo|0 fnt\n|faint|p2a: Dragonite\n|faint|p2b: Gholdengo\n|\n|upkeep\n|\n|t:|1730471983\n|switch|p2a: Sneasler|Sneasler, L50, F, shiny|100\/100\n|turn|8\n|\n|t:|1730471987\n|move|p1a: Typhlosion|Eruption|p2a: Sneasler\n|-enditem|p2a: Sneasler|Focus Sash\n|-damage|p2a: Sneasler|1\/100\n|move|p2a: Sneasler|Throat Chop|p1a: Typhlosion\n|-supereffective|p1a: Typhlosion\n|-damage|p1a: Typhlosion|21\/100\n|-start|p1a: Typhlosion|Throat Chop|[silent]\n|\n|-sideend|p1: Jwofsgo|move: Tailwind\n|upkeep\n|turn|9\n|\n|t:|1730471998\n|move|p2a: Sneasler|Throat Chop|p1a: Typhlosion\n|-supereffective|p1a: Typhlosion\n|-damage|p1a: Typhlosion|0 fnt\n|faint|p1a: Typhlosion\n|\n|win|ted7106061408\n|raw|Jwofsgo's rating: 1730 &rarr; <strong>1708<\/strong><br \/>(-22 for losing)\n|raw|ted7106061408's rating: 1687 &rarr; <strong>1709<\/strong><br \/>(+22 for winning)\n|l|\u2606Jwofsgo\n|player|p1|\n|l|\u2606ted7106061408\n|player|p2|\n","uploadtime":1730472154,"views":18,"formatid":"gen9vgc2024regh","rating":1708,"private":0,"password":null}