{"id":"gen9vgc2024regh-2235847968","format":"[Gen 9] VGC 2024 Reg H","players":["PolkaDot27","djjwjwwjj"],"log":"|j|\u2606PolkaDot27\n|j|\u2606djjwjwwjj\n|t:|1730532059\n|gametype|doubles\n|player|p1|PolkaDot27|1|1695\n|player|p2|djjwjwwjj|1|1739\n|teamsize|p1|6\n|teamsize|p2|6\n|gen|9\n|tier|[Gen 9] VGC 2024 Reg H\n|rated|\n|rule|Species Clause: Limit one of each Pok\u00e9mon\n|rule|Item Clause: Limit 1 of each item\n|clearpoke\n|poke|p1|Dragonite, L50, F|\n|poke|p1|Kingambit, L50, F|\n|poke|p1|Tauros-Paldea-Aqua, L50, M|\n|poke|p1|Archaludon, L50, M|\n|poke|p1|Pelipper, L50, M|\n|poke|p1|Rillaboom, L50, F|\n|poke|p2|Palafin, L50, M|\n|poke|p2|Pelipper, L50, M|\n|poke|p2|Incineroar, L50, F|\n|poke|p2|Rillaboom, L50, M|\n|poke|p2|Archaludon, L50, M|\n|poke|p2|Clefable, L50, F|\n|teampreview|4\n|\n|t:|1730532103\n|start\n|switch|p1a: Kingambit|Kingambit, L50, F|100\/100\n|switch|p1b: Tauros|Tauros-Paldea-Aqua, L50, M|100\/100\n|switch|p2a: Archaludon|Archaludon, L50, M|100\/100\n|switch|p2b: Palafin|Palafin, L50, M, shiny|100\/100\n|-ability|p1b: Tauros|Intimidate|boost\n|-unboost|p2a: Archaludon|atk|1\n|-unboost|p2b: Palafin|atk|1\n|turn|1\n|\n|t:|1730532137\n|move|p2a: Archaludon|Protect|p2a: Archaludon\n|-singleturn|p2a: Archaludon|Protect\n|move|p1b: Tauros|Close Combat|p2a: Archaludon\n|-activate|p2a: Archaludon|move: Protect\n|move|p2b: Palafin|Flip Turn|p1a: Kingambit\n|-damage|p1a: Kingambit|80\/100\n|\n|t:|1730532145\n|detailschange|p2b: Palafin|Palafin-Hero, L50, M, shiny\n|switch|p2b: Clefable|Clefable, L50, F|100\/100|[from] Flip Turn\n|move|p1a: Kingambit|Kowtow Cleave|p2a: Archaludon\n|-activate|p2a: Archaludon|move: Protect\n|\n|upkeep\n|turn|2\n|\n|t:|1730532161\n|-terastallize|p1a: Kingambit|Dark\n|move|p2b: Clefable|Follow Me|p2b: Clefable\n|-singleturn|p2b: Clefable|move: Follow Me\n|move|p1b: Tauros|Raging Bull|p2b: Clefable\n|-damage|p2b: Clefable|64\/100\n|-damage|p1b: Tauros|84\/100|[from] item: Rocky Helmet|[of] p2b: Clefable\n|move|p2a: Archaludon|Electro Shot||[still]\n|-prepare|p2a: Archaludon|Electro Shot\n|-boost|p2a: Archaludon|spa|1\n|-enditem|p1b: Tauros|Mirror Herb\n|-boost|p1b: Tauros|spa|1|[from] item: Mirror Herb\n|-enditem|p2a: Archaludon|Power Herb\n|-anim|p2a: Archaludon|Electro Shot|p1b: Tauros\n|-supereffective|p1b: Tauros\n|-damage|p1b: Tauros|0 fnt\n|faint|p1b: Tauros\n|move|p1a: Kingambit|Iron Head|p2b: Clefable\n|-supereffective|p2b: Clefable\n|-damage|p2b: Clefable|0 fnt\n|-damage|p1a: Kingambit|64\/100|[from] item: Rocky Helmet|[of] p2b: Clefable\n|faint|p2b: Clefable\n|\n|upkeep\n|\n|t:|1730532181\n|switch|p1b: Rillaboom|Rillaboom, L50, F|100\/100\n|switch|p2b: Palafin|Palafin-Hero, L50, M, shiny|100\/100\n|-activate|p2b: Palafin|ability: Zero to Hero\n|-fieldstart|move: Grassy Terrain|[from] ability: Grassy Surge|[of] p1b: Rillaboom\n|turn|3\n|\n|t:|1730532204\n|switch|p2b: Rillaboom|Rillaboom, L50, M|100\/100\n|-terastallize|p2a: Archaludon|Ghost\n|move|p1b: Rillaboom|Fake Out|p2b: Rillaboom\n|-damage|p2b: Rillaboom|88\/100\n|move|p2a: Archaludon|Aura Sphere|p1a: Kingambit\n|-supereffective|p1a: Kingambit\n|-damage|p1a: Kingambit|0 fnt\n|faint|p1a: Kingambit\n|\n|-heal|p2b: Rillaboom|94\/100|[from] Grassy Terrain\n|upkeep\n|\n|t:|1730532211\n|switch|p1a: Archaludon|Archaludon, L50, M|100\/100\n|turn|4\n|\n|t:|1730532221\n|move|p2b: Rillaboom|Fake Out|p1a: Archaludon\n|-resisted|p1a: Archaludon\n|-damage|p1a: Archaludon|95\/100\n|move|p1b: Rillaboom|Grassy Glide|p2a: Archaludon\n|-damage|p2a: Archaludon|74\/100\n|cant|p1a: Archaludon|flinch\n|move|p2a: Archaludon|Aura Sphere|p1a: Archaludon\n|-supereffective|p1a: Archaludon\n|-damage|p1a: Archaludon|0 fnt\n|faint|p1a: Archaludon\n|\n|-heal|p2a: Archaludon|80\/100|[from] Grassy Terrain\n|-heal|p2b: Rillaboom|99\/100|[from] Grassy Terrain\n|upkeep\n|turn|5\n|-message|PolkaDot27 forfeited.\n|\n|win|djjwjwwjj\n|raw|PolkaDot27's rating: 1695 &rarr; <strong>1678<\/strong><br \/>(-17 for losing)\n|raw|djjwjwwjj's rating: 1739 &rarr; <strong>1756<\/strong><br \/>(+17 for winning)\n|l|\u2606PolkaDot27\n|player|p1|\n|l|\u2606djjwjwwjj\n|player|p2|\n","uploadtime":1730532408,"views":17,"formatid":"gen9vgc2024regh","rating":1678,"private":0,"password":null}