{"id":"gen9vgc2024regh-2235615909","format":"[Gen 9] VGC 2024 Reg H","players":["ren122333","jetshavel"],"log":"|j|\u2606ren122333\n|j|\u2606jetshavel\n|t:|1730497613\n|gametype|doubles\n|player|p1|ren122333|hilbert|1730\n|player|p2|jetshavel|169|1737\n|teamsize|p1|6\n|teamsize|p2|6\n|gen|9\n|tier|[Gen 9] VGC 2024 Reg H\n|rated|\n|rule|Species Clause: Limit one of each Pok\u00e9mon\n|rule|Item Clause: Limit 1 of each item\n|clearpoke\n|poke|p1|Whimsicott, L50, M|\n|poke|p1|Mamoswine, L50, F|\n|poke|p1|Lycanroc-Dusk, L50, M|\n|poke|p1|Typhlosion-Hisui, L50, F|\n|poke|p1|Farigiraf, L50, M|\n|poke|p1|Mienshao, L50, M|\n|poke|p2|Annihilape, L50, M|\n|poke|p2|Gholdengo, L50|\n|poke|p2|Rillaboom, L50, M|\n|poke|p2|Incineroar, L50, M|\n|poke|p2|Samurott-Hisui, L50, M|\n|poke|p2|Sneasler, L50, M|\n|teampreview|4\njetshavel has agreed to open team sheets.\n|inactive|Battle timer is ON: inactive players will automatically lose when time's up. (requested by ren122333)\n|\n|t:|1730497639\n|start\n|switch|p1a: Whimsicott|Whimsicott, L50, M|100\/100\n|switch|p1b: Mamoswine|Mamoswine, L50, F|100\/100\n|switch|p2a: Incineroar|Incineroar, L50, M|100\/100\n|switch|p2b: Sneasler|Sneasler, L50, M|100\/100\n|-ability|p2a: Incineroar|Intimidate|boost\n|-unboost|p1a: Whimsicott|atk|1\n|-fail|p1b: Mamoswine|unboost|Attack|[from] ability: Oblivious|[of] p1b: Mamoswine\n|turn|1\n|\n|t:|1730497648\n|-terastallize|p1b: Mamoswine|Grass\n|move|p2a: Incineroar|Fake Out|p1b: Mamoswine\n|-damage|p1b: Mamoswine|87\/100\n|move|p1a: Whimsicott|Tailwind|p1a: Whimsicott\n|-sidestart|p1: ren122333|move: Tailwind\n|cant|p1b: Mamoswine|flinch\n|move|p2b: Sneasler|Close Combat|p1b: Mamoswine\n|-damage|p1b: Mamoswine|20\/100\n|-unboost|p2b: Sneasler|def|1\n|-unboost|p2b: Sneasler|spd|1\n|\n|upkeep\n|turn|2\n|j| OminousFactory\n|inactive|jetshavel has 30 seconds left.\n|inactive|jetshavel has 20 seconds left.\n|\n|t:|1730497686\n|move|p2b: Sneasler|Protect|p2b: Sneasler\n|-singleturn|p2b: Sneasler|Protect\n|move|p1a: Whimsicott|Moonblast|p2b: Sneasler\n|-activate|p2b: Sneasler|move: Protect\n|move|p1b: Mamoswine|High Horsepower|p2a: Incineroar\n|-supereffective|p2a: Incineroar\n|-crit|p2a: Incineroar\n|-damage|p2a: Incineroar|0 fnt\n|faint|p2a: Incineroar\n|\n|upkeep\n|\n|t:|1730497695\n|switch|p2a: Gholdengo|Gholdengo, L50|100\/100\n|turn|3\n|\n|t:|1730497706\n|-terastallize|p2a: Gholdengo|Water\n|move|p1a: Whimsicott|Encore|p2b: Sneasler\n|-start|p2b: Sneasler|Encore\n|move|p1b: Mamoswine|High Horsepower|p2a: Gholdengo\n|-damage|p2a: Gholdengo|59\/100\n|move|p2b: Sneasler|Protect||[still]\n|-fail|p2b: Sneasler\n|move|p2a: Gholdengo|Make It Rain|p1a: Whimsicott|[spread] p1a,p1b\n|-supereffective|p1a: Whimsicott\n|-crit|p1a: Whimsicott\n|-enditem|p1a: Whimsicott|Focus Sash\n|-damage|p1a: Whimsicott|1\/100\n|-damage|p1b: Mamoswine|0 fnt\n|-unboost|p2a: Gholdengo|spa|1\n|faint|p1b: Mamoswine\n|-damage|p2a: Gholdengo|49\/100|[from] item: Life Orb\n|\n|upkeep\n|\n|t:|1730497717\n|switch|p1b: Typhlosion|Typhlosion-Hisui, L50, F|100\/100\n|-item|p2a: Gholdengo|Life Orb|[from] ability: Frisk|[of] p1b: Typhlosion\n|-item|p2b: Sneasler|Focus Sash|[from] ability: Frisk|[of] p1b: Typhlosion\n|turn|4\n|\n|t:|1730497732\n|switch|p2b: Samurott|Samurott-Hisui, L50, M|100\/100\n|move|p1a: Whimsicott|Sunny Day|p1a: Whimsicott\n|-weather|SunnyDay\n|move|p1b: Typhlosion|Eruption|p2b: Samurott|[spread] p2a,p2b\n|-resisted|p2a: Gholdengo\n|-resisted|p2b: Samurott\n|-damage|p2a: Gholdengo|0 fnt\n|-damage|p2b: Samurott|46\/100\n|faint|p2a: Gholdengo\n|\n|-weather|SunnyDay|[upkeep]\n|-sideend|p1: ren122333|move: Tailwind\n|upkeep\n|\n|t:|1730497735\n|switch|p2a: Sneasler|Sneasler, L50, M|100\/100\n|turn|5\n|\n|t:|1730497745\n|move|p1a: Whimsicott|Tailwind|p1a: Whimsicott\n|-sidestart|p1: ren122333|move: Tailwind\n|move|p2b: Samurott|Sucker Punch|p1b: Typhlosion\n|-supereffective|p1b: Typhlosion\n|-damage|p1b: Typhlosion|0 fnt\n|faint|p1b: Typhlosion\n|move|p2a: Sneasler|Dire Claw|p1a: Whimsicott\n|-supereffective|p1a: Whimsicott\n|-damage|p1a: Whimsicott|0 fnt\n|faint|p1a: Whimsicott\n|\n|-weather|SunnyDay|[upkeep]\n|upkeep\n|\n|t:|1730497753\n|switch|p1b: Farigiraf|Farigiraf, L50, M|100\/100\n|turn|6\n|\n|t:|1730497769\n|move|p2a: Sneasler|Close Combat|p1b: Farigiraf\n|-damage|p1b: Farigiraf|34\/100\n|-unboost|p2a: Sneasler|def|1\n|-unboost|p2a: Sneasler|spd|1\n|-status|p1b: Farigiraf|psn|[from] ability: Poison Touch|[of] p2a: Sneasler\n|move|p1b: Farigiraf|Hyper Voice|p2b: Samurott|[spread] p2a,p2b\n|-damage|p2a: Sneasler|35\/100\n|-damage|p2b: Samurott|14\/100\n|move|p2b: Samurott|Knock Off|p1b: Farigiraf\n|-supereffective|p1b: Farigiraf\n|-damage|p1b: Farigiraf|0 fnt\n|-enditem|p1b: Farigiraf|Safety Goggles|[from] move: Knock Off|[of] p2b: Samurott\n|faint|p1b: Farigiraf\n|\n|win|jetshavel\n|raw|ren122333's rating: 1730 &rarr; <strong>1710<\/strong><br \/>(-20 for losing)\n|raw|jetshavel's rating: 1737 &rarr; <strong>1757<\/strong><br \/>(+20 for winning)\n|l|\u2606ren122333\n|player|p1|\n|l| OminousFactory\n","uploadtime":1730497988,"views":21,"formatid":"gen9vgc2024regh","rating":1710,"private":0,"password":null}