{"id":"gen9vgc2024regh-2235383041","format":"[Gen 9] VGC 2024 Reg H","players":["Zordor","yongbao"],"log":"|j|\u2606Zordor\n|j|\u2606yongbao\n|t:|1730473693\n|gametype|doubles\n|player|p1|Zordor|pilot|1743\n|player|p2|yongbao|dawn-gen4pt|1696\n|teamsize|p1|6\n|teamsize|p2|6\n|gen|9\n|tier|[Gen 9] VGC 2024 Reg H\n|rated|\n|rule|Species Clause: Limit one of each Pok\u00e9mon\n|rule|Item Clause: Limit 1 of each item\n|clearpoke\n|poke|p1|Rotom-Wash, L50|\n|poke|p1|Sneasler, L50, F|\n|poke|p1|Kingambit, L50, F|\n|poke|p1|Armarouge, L50, M|\n|poke|p1|Dragapult, L50, F|\n|poke|p1|Venusaur, L50, F|\n|poke|p2|Garchomp, L50, M|\n|poke|p2|Annihilape, L50, F|\n|poke|p2|Corviknight, L50, M|\n|poke|p2|Tyranitar, L50, F|\n|poke|p2|Gholdengo, L50|\n|poke|p2|Murkrow, L50, M|\n|teampreview|4\n|j| Bullema\n|j| siegmvnd\n|inactive|Battle timer is ON: inactive players will automatically lose when time's up. (requested by Zordor)\n|inactive|yongbao has 60 seconds left.\n|\n|t:|1730473782\n|start\n|switch|p1a: Rotom|Rotom-Wash, L50|100\/100\n|switch|p1b: Sneasler|Sneasler, L50, F|100\/100\n|switch|p2a: Garchomp|Garchomp, L50, M|100\/100\n|switch|p2b: Gholdengo|Gholdengo, L50|100\/100\n|turn|1\n|inactive|yongbao has 30 seconds left.\n|inactive|yongbao has 20 seconds left.\n|inactive|yongbao has 15 seconds left.\n|inactive|Zordor has 30 seconds left.\n|inactive|yongbao has 10 seconds left.\n|\n|t:|1730473830\n|-terastallize|p2b: Gholdengo|Flying\n|move|p2a: Garchomp|Earthquake|p1a: Rotom|[spread] p1b\n|-immune|p2b: Gholdengo\n|-immune|p1a: Rotom|[from] ability: Levitate\n|-supereffective|p1b: Sneasler\n|-enditem|p1b: Sneasler|Focus Sash\n|-damage|p1b: Sneasler|1\/100\n|move|p1b: Sneasler|Rock Tomb|p2a: Garchomp\n|-resisted|p2a: Garchomp\n|-damage|p2a: Garchomp|91\/100\n|-unboost|p2a: Garchomp|spe|1\n|move|p1a: Rotom|Will-O-Wisp|p2a: Garchomp\n|-status|p2a: Garchomp|brn\n|move|p2b: Gholdengo|Shadow Ball|p1a: Rotom\n|-damage|p1a: Rotom|31\/100\n|\n|-damage|p2a: Garchomp|85\/100 brn|[from] brn\n|upkeep\n|turn|2\n|inactive|yongbao has 30 seconds left.\n|inactive|yongbao has 20 seconds left.\n|inactive|Zordor has 30 seconds left.\n|inactive|yongbao has 15 seconds left.\n|\n|t:|1730473873\n|switch|p2a: Annihilape|Annihilape, L50, F|100\/100\n|switch|p2b: Tyranitar|Tyranitar, L50, F|100\/100\n|-weather|Sandstorm|[from] ability: Sand Stream|[of] p2b: Tyranitar\n|move|p1a: Rotom|Protect|p1a: Rotom\n|-singleturn|p1a: Rotom|Protect\n|move|p1b: Sneasler|Dire Claw|p2b: Tyranitar\n|-resisted|p2b: Tyranitar\n|-damage|p2b: Tyranitar|83\/100\n|-status|p2b: Tyranitar|psn\n|\n|-weather|Sandstorm|[upkeep]\n|-damage|p1b: Sneasler|0 fnt|[from] Sandstorm\n|-damage|p2a: Annihilape|95\/100|[from] Sandstorm\n|faint|p1b: Sneasler\n|-damage|p2b: Tyranitar|71\/100 psn|[from] psn\n|upkeep\n|\n|t:|1730473895\n|switch|p1b: Dragapult|Dragapult, L50, F|100\/100\n|turn|3\n|inactive|Zordor has 30 seconds left.\n|\n|t:|1730473928\n|-terastallize|p1b: Dragapult|Fighting\n|move|p1b: Dragapult|Tera Blast|p2b: Tyranitar|[anim] Tera Blast Fighting\n|-supereffective|p2b: Tyranitar\n|-damage|p2b: Tyranitar|0 fnt\n|faint|p2b: Tyranitar\n|move|p1a: Rotom|Will-O-Wisp|p2a: Annihilape\n|-status|p2a: Annihilape|brn\n|move|p2a: Annihilape|Close Combat|p1a: Rotom\n|-damage|p1a: Rotom|2\/100\n|-unboost|p2a: Annihilape|def|1\n|-unboost|p2a: Annihilape|spd|1\n|\n|-weather|Sandstorm|[upkeep]\n|-damage|p1b: Dragapult|94\/100|[from] Sandstorm\n|-damage|p2a: Annihilape|89\/100 brn|[from] Sandstorm\n|-damage|p2a: Annihilape|83\/100 brn|[from] brn\n|upkeep\n|\n|t:|1730473947\n|switch|p2b: Garchomp|Garchomp, L50, M|85\/100 brn\n|turn|4\n|\n|t:|1730473960\n|move|p1a: Rotom|Protect|p1a: Rotom\n|-singleturn|p1a: Rotom|Protect\n|move|p2b: Garchomp|Dragon Claw|p1a: Rotom\n|-activate|p1a: Rotom|move: Protect\n|move|p1b: Dragapult|Phantom Force||[still]\n|-prepare|p1b: Dragapult|Phantom Force\n|move|p2a: Annihilape|Final Gambit|p1b: Dragapult|[miss]\n|-miss|p2a: Annihilape|p1b: Dragapult\n|\n|-weather|Sandstorm|[upkeep]\n|-damage|p1b: Dragapult|88\/100|[from] Sandstorm\n|-damage|p2a: Annihilape|77\/100 brn|[from] Sandstorm\n|-damage|p2b: Garchomp|79\/100 brn|[from] brn\n|-damage|p2a: Annihilape|71\/100 brn|[from] brn\n|upkeep\n|turn|5\n|inactive|yongbao has 30 seconds left.\n|\n|t:|1730473987\n|switch|p1a: Kingambit|Kingambit, L50, F|100\/100\n|switch|p2a: Gholdengo|Gholdengo, L50, tera:Flying|100\/100\n|move|p2b: Garchomp|Dragon Claw|p1a: Kingambit\n|-resisted|p1a: Kingambit\n|-damage|p1a: Kingambit|91\/100\n|move|p1b: Dragapult|Phantom Force|p2a: Gholdengo|[from]lockedmove\n|-damage|p2a: Gholdengo|56\/100\n|\n|-weather|Sandstorm|[upkeep]\n|-damage|p1b: Dragapult|82\/100|[from] Sandstorm\n|-damage|p2a: Gholdengo|50\/100|[from] Sandstorm\n|-damage|p2b: Garchomp|73\/100 brn|[from] brn\n|upkeep\n|turn|6\n|inactive|yongbao has 30 seconds left.\n|\n|t:|1730474015\n|move|p1a: Kingambit|Sucker Punch|p2a: Gholdengo\n|-damage|p2a: Gholdengo|5\/100\n|move|p2b: Garchomp|Dragon Claw|p1a: Kingambit\n|-resisted|p1a: Kingambit\n|-damage|p1a: Kingambit|82\/100\n|move|p1b: Dragapult|Dragon Darts|p2a: Gholdengo\n|-damage|p2a: Gholdengo|0 fnt\n|-anim|p1b: Dragapult|Dragon Darts|p2b: Garchomp\n|-supereffective|p2b: Garchomp\n|-damage|p2b: Garchomp|23\/100 brn\n|faint|p2a: Gholdengo\n|\n|-weather|none\n|-damage|p2b: Garchomp|17\/100 brn|[from] brn\n|upkeep\n|\n|t:|1730474029\n|switch|p2a: Annihilape|Annihilape, L50, F|71\/100 brn\n|turn|7\n|\n|t:|1730474038\n|move|p1a: Kingambit|Protect|p1a: Kingambit\n|-singleturn|p1a: Kingambit|Protect\n|move|p2b: Garchomp|Dragon Claw|p1b: Dragapult\n|-crit|p1b: Dragapult\n|-damage|p1b: Dragapult|43\/100\n|move|p1b: Dragapult|Phantom Force||[still]\n|-prepare|p1b: Dragapult|Phantom Force\n|move|p2a: Annihilape|Close Combat|p1a: Kingambit\n|-activate|p1a: Kingambit|move: Protect\n|\n|-damage|p2b: Garchomp|11\/100 brn|[from] brn\n|-damage|p2a: Annihilape|65\/100 brn|[from] brn\n|upkeep\n|turn|8\n|\n|t:|1730474053\n|move|p1a: Kingambit|Sucker Punch|p2a: Annihilape\n|-damage|p2a: Annihilape|26\/100 brn\n|-enditem|p2a: Annihilape|Sitrus Berry|[eat]\n|-heal|p2a: Annihilape|51\/100 brn|[from] item: Sitrus Berry\n|move|p2b: Garchomp|Dragon Claw|p1b: Dragapult|[miss]\n|-miss|p2b: Garchomp|p1b: Dragapult\n|move|p1b: Dragapult|Phantom Force|p2a: Annihilape|[from]lockedmove\n|-supereffective|p2a: Annihilape\n|-damage|p2a: Annihilape|0 fnt\n|faint|p2a: Annihilape\n|\n|-damage|p2b: Garchomp|5\/100 brn|[from] brn\n|upkeep\n|turn|9\n|-message|yongbao forfeited.\n|\n|win|Zordor\n|raw|Zordor's rating: 1743 &rarr; <strong>1760<\/strong><br \/>(+17 for winning)\n|raw|yongbao's rating: 1696 &rarr; <strong>1679<\/strong><br \/>(-17 for losing)\n|l|\u2606yongbao\n|player|p2|\n|l| siegmvnd\n|l| Bullema\n","uploadtime":1730474235,"views":19,"formatid":"gen9vgc2024regh","rating":1679,"private":0,"password":null}