{"id":"gen9vgc2024regh-2235991494","format":"[Gen 9] VGC 2024 Reg H","players":["bluestraggler02","GBVGC X76"],"log":"|j|\u2606bluestraggler02\n|j|\u2606GBVGC X76\n|t:|1730559223\n|gametype|doubles\n|player|p1|bluestraggler02|101|1784\n|player|p2|GBVGC X76|hanbei-conquest|1756\n|teamsize|p1|6\n|teamsize|p2|6\n|gen|9\n|tier|[Gen 9] VGC 2024 Reg H\n|rated|\n|rule|Species Clause: Limit one of each Pok\u00e9mon\n|rule|Item Clause: Limit 1 of each item\n|clearpoke\n|poke|p1|Skeledirge, L50, M|\n|poke|p1|Porygon2, L50|\n|poke|p1|Ursaluna, L50, F|\n|poke|p1|Amoonguss, L50, F|\n|poke|p1|Maushold-Four, L50|\n|poke|p1|Archaludon, L50, M|\n|poke|p2|Smeargle, L50, F|\n|poke|p2|Farigiraf, L50, M|\n|poke|p2|Grimmsnarl, L50, M|\n|poke|p2|Torkoal, L50, F|\n|poke|p2|Ursaluna-Bloodmoon, L50, M|\n|poke|p2|Kingambit, L50, F|\n|teampreview|4\n|inactive|Battle timer is ON: inactive players will automatically lose when time's up. (requested by bluestraggler02)\nbluestraggler02 rejected open team sheets.\n|\n|t:|1730559263\n|start\n|switch|p1a: Maushold|Maushold-Four, L50|100\/100\n|switch|p1b: Skeledirge|Skeledirge, L50, M|100\/100\n|switch|p2a: Smeargle|Smeargle, L50, F|100\/100\n|switch|p2b: Farigiraf|Farigiraf, L50, M|100\/100\n|turn|1\n|\n|t:|1730559283\n|move|p1a: Maushold|Taunt|p2b: Farigiraf\n|-start|p2b: Farigiraf|move: Taunt\n|-enditem|p2b: Farigiraf|Mental Herb\n|-end|p2b: Farigiraf|move: Taunt\n|move|p2a: Smeargle|Spore|p1b: Skeledirge\n|-status|p1b: Skeledirge|slp|[from] move: Spore\n|cant|p1b: Skeledirge|slp\n|move|p2b: Farigiraf|Trick Room|p2b: Farigiraf\n|-fieldstart|move: Trick Room|[of] p2b: Farigiraf\n|\n|-ability|p2a: Smeargle|Moody|boost\n|-boost|p2a: Smeargle|spd|2\n|-unboost|p2a: Smeargle|def|1\n|-enditem|p2a: Smeargle|Eject Pack\n|upkeep\n|\n|t:|1730559290\n|switch|p2a: Torkoal|Torkoal, L50, F|100\/100\n|-weather|SunnyDay|[from] ability: Drought|[of] p2a: Torkoal\n|turn|2\n|\n|t:|1730559296\n|-terastallize|p2a: Torkoal|Fire\n|move|p1a: Maushold|Protect|p1a: Maushold\n|-singleturn|p1a: Maushold|Protect\n|move|p2a: Torkoal|Eruption|p1b: Skeledirge|[spread] p1b\n|-activate|p1a: Maushold|move: Protect\n|-resisted|p1b: Skeledirge\n|-damage|p1b: Skeledirge|58\/100 slp\n|move|p2b: Farigiraf|Twin Beam|p1a: Maushold\n|-activate|p1a: Maushold|move: Protect\n|cant|p1b: Skeledirge|slp\n|\n|-weather|SunnyDay|[upkeep]\n|upkeep\n|turn|3\n|\n|t:|1730559314\n|move|p2b: Farigiraf|Helping Hand|p2a: Torkoal\n|-singleturn|p2a: Torkoal|Helping Hand|[of] p2b: Farigiraf\n|move|p1a: Maushold|Follow Me|p1a: Maushold\n|-singleturn|p1a: Maushold|move: Follow Me\n|move|p2a: Torkoal|Eruption|p1a: Maushold|[spread] p1a,p1b\n|-resisted|p1b: Skeledirge\n|-damage|p1a: Maushold|0 fnt\n|-damage|p1b: Skeledirge|0 fnt\n|faint|p1a: Maushold\n|faint|p1b: Skeledirge\n|\n|-weather|SunnyDay|[upkeep]\n|upkeep\n|\n|t:|1730559317\n|switch|p1b: Ursaluna|Ursaluna, L50, F|100\/100\n|switch|p1a: Porygon2|Porygon2, L50|100\/100\n|-ability|p1a: Porygon2|Download|boost\n|-boost|p1a: Porygon2|spa|1\n|turn|4\n|\n|t:|1730559322\n|-terastallize|p1a: Porygon2|Water\n|move|p2b: Farigiraf|Helping Hand|p2a: Torkoal\n|-singleturn|p2a: Torkoal|Helping Hand|[of] p2b: Farigiraf\n|move|p1b: Ursaluna|Protect|p1b: Ursaluna\n|-singleturn|p1b: Ursaluna|Protect\n|move|p2a: Torkoal|Eruption|p1b: Ursaluna|[spread] p1a\n|-activate|p1b: Ursaluna|move: Protect\n|-resisted|p1a: Porygon2\n|-damage|p1a: Porygon2|40\/100\n|move|p1a: Porygon2|Trick Room|p1a: Porygon2\n|-fieldend|move: Trick Room\n|\n|-weather|SunnyDay|[upkeep]\n|-status|p1b: Ursaluna|brn|[from] item: Flame Orb\n|upkeep\n|turn|5\n|\n|t:|1730559342\n|switch|p2a: Smeargle|Smeargle, L50, F|100\/100\n|move|p1a: Porygon2|Tera Blast|p2a: Smeargle|[anim] Tera Blast Water\n|-damage|p2a: Smeargle|52\/100\n|move|p1b: Ursaluna|Facade|p2b: Farigiraf\n|-damage|p2b: Farigiraf|0 fnt\n|faint|p2b: Farigiraf\n|\n|-weather|SunnyDay|[upkeep]\n|-damage|p1b: Ursaluna|95\/100 brn|[from] brn\n|-ability|p2a: Smeargle|Moody|boost\n|-boost|p2a: Smeargle|def|2\n|-unboost|p2a: Smeargle|spd|1\n|upkeep\n|inactive|GBVGC X76 has 30 seconds left.\n|\n|t:|1730559370\n|switch|p2b: Kingambit|Kingambit, L50, F|100\/100\n|turn|6\n|\n|t:|1730559383\n|move|p1a: Porygon2|Protect|p1a: Porygon2\n|-singleturn|p1a: Porygon2|Protect\n|move|p2a: Smeargle|Fake Out|p1b: Ursaluna\n|-damage|p1b: Ursaluna|91\/100 brn\n|cant|p1b: Ursaluna|flinch\n|move|p2b: Kingambit|Swords Dance|p2b: Kingambit\n|-boost|p2b: Kingambit|atk|2\n|\n|-weather|none\n|-damage|p1b: Ursaluna|85\/100 brn|[from] brn\n|-ability|p2a: Smeargle|Moody|boost\n|-boost|p2a: Smeargle|spa|2\n|-unboost|p2a: Smeargle|spe|1\n|upkeep\n|turn|7\n|inactive|GBVGC X76 has 30 seconds left.\n|\n|t:|1730559415\n|move|p2b: Kingambit|Sucker Punch|p1b: Ursaluna\n|-damage|p1b: Ursaluna|8\/100 brn\n|move|p2a: Smeargle|Spore|p1a: Porygon2\n|-status|p1a: Porygon2|slp|[from] move: Spore\n|cant|p1a: Porygon2|slp\n|move|p1b: Ursaluna|High Horsepower|p2b: Kingambit\n|-supereffective|p2b: Kingambit\n|-damage|p2b: Kingambit|0 fnt\n|faint|p2b: Kingambit\n|\n|-damage|p1b: Ursaluna|2\/100 brn|[from] brn\n|-ability|p2a: Smeargle|Moody|boost\n|-boost|p2a: Smeargle|spe|2\n|-unboost|p2a: Smeargle|atk|1\n|upkeep\n|\n|t:|1730559419\n|switch|p2b: Torkoal|Torkoal, L50, F, tera:Fire|100\/100\n|-weather|SunnyDay|[from] ability: Drought|[of] p2b: Torkoal\n|turn|8\n|\n|t:|1730559438\n|move|p2a: Smeargle|Follow Me|p2a: Smeargle\n|-singleturn|p2a: Smeargle|move: Follow Me\n|cant|p1a: Porygon2|slp\n|move|p1b: Ursaluna|High Horsepower|p2a: Smeargle\n|-damage|p2a: Smeargle|0 fnt\n|faint|p2a: Smeargle\n|move|p2b: Torkoal|Solar Beam||[still]\n|-prepare|p2b: Torkoal|Solar Beam\n|-anim|p2b: Torkoal|Solar Beam|p1a: Porygon2\n|-supereffective|p1a: Porygon2\n|-damage|p1a: Porygon2|0 fnt\n|faint|p1a: Porygon2\n|\n|-weather|SunnyDay|[upkeep]\n|-damage|p1b: Ursaluna|0 fnt|[from] brn\n|faint|p1b: Ursaluna\n|\n|win|GBVGC X76\n|upkeep\n|raw|bluestraggler02's rating: 1784 &rarr; <strong>1762<\/strong><br \/>(-22 for losing)\n|raw|GBVGC X76's rating: 1756 &rarr; <strong>1778<\/strong><br \/>(+22 for winning)\n|l|\u2606bluestraggler02\n|player|p1|\n","uploadtime":1730559617,"views":37,"formatid":"gen9vgc2024regh","rating":1762,"private":0,"password":null}