{"id":"gen9vgc2024regh-2235369782","format":"[Gen 9] VGC 2024 Reg H","players":["feverheadache","ted7106061408"],"log":"|j|\u2606feverheadache\n|j|\u2606ted7106061408\n|t:|1730472348\n|gametype|doubles\n|player|p1|feverheadache|cynthia-gen4|1679\n|player|p2|ted7106061408|1|1709\n|teamsize|p1|6\n|teamsize|p2|6\n|gen|9\n|tier|[Gen 9] VGC 2024 Reg H\n|rated|\n|rule|Species Clause: Limit one of each Pok\u00e9mon\n|rule|Item Clause: Limit 1 of each item\n|clearpoke\n|poke|p1|Maushold-Four, L50|\n|poke|p1|Annihilape, L50, M|\n|poke|p1|Typhlosion-Hisui, L50, F|\n|poke|p1|Dragonite, L50, M|\n|poke|p1|Talonflame, L50, M|\n|poke|p1|Garchomp, L50, F|\n|poke|p2|Dragonite, L50, F|\n|poke|p2|Sneasler, L50, M|\n|poke|p2|Talonflame, L50, M|\n|poke|p2|Gholdengo, L50|\n|poke|p2|Dondozo, L50, M|\n|poke|p2|Tatsugiri, L50, F|\n|teampreview|4\n|inactive|Battle timer is ON: inactive players will automatically lose when time's up. (requested by feverheadache)\n|\n|t:|1730472376\n|start\n|switch|p1a: Talonflame|Talonflame, L50, M|100\/100\n|switch|p1b: Dragonite|Dragonite, L50, M|100\/100\n|switch|p2a: Talonflame|Talonflame, L50, M|100\/100\n|switch|p2b: Sneasler|Sneasler, L50, M, shiny|100\/100\n|turn|1\n|\n|t:|1730472388\n|move|p1a: Talonflame|Upper Hand|p2b: Sneasler\n|-resisted|p2b: Sneasler\n|-damage|p2b: Sneasler|80\/100\n|-damage|p1a: Talonflame|91\/100|[from] item: Life Orb\n|cant|p2b: Sneasler|flinch\n|move|p2a: Talonflame|Tailwind|p2a: Talonflame\n|-sidestart|p2: ted7106061408|move: Tailwind\n|move|p1b: Dragonite|Scale Shot|p2a: Talonflame\n|-damage|p2a: Talonflame|79\/100\n|-damage|p2a: Talonflame|57\/100\n|-damage|p2a: Talonflame|35\/100\n|-damage|p2a: Talonflame|12\/100\n|-hitcount|p2a: Talonflame|4\n|-unboost|p1b: Dragonite|def|1\n|-boost|p1b: Dragonite|spe|1\n|\n|upkeep\n|turn|2\n|inactive|ted7106061408 has 30 seconds left.\n|inactive|ted7106061408 has 20 seconds left.\n|\n|t:|1730472424\n|-terastallize|p2b: Sneasler|Stellar\n|move|p1b: Dragonite|Extreme Speed|p2a: Talonflame\n|-damage|p2a: Talonflame|0 fnt\n|faint|p2a: Talonflame\n|move|p2b: Sneasler|Dire Claw|p1a: Talonflame\n|-damage|p1a: Talonflame|1\/100\n|move|p1a: Talonflame|Tailwind|p1a: Talonflame\n|-sidestart|p1: feverheadache|move: Tailwind\n|\n|upkeep\n|\n|t:|1730472436\n|switch|p2a: Dragonite|Dragonite, L50, F, shiny|100\/100\n|turn|3\n|\n|t:|1730472452\n|-terastallize|p1a: Talonflame|Ghost\n|move|p1a: Talonflame|Brave Bird|p2b: Sneasler\n|-supereffective|p2b: Sneasler\n|-damage|p2b: Sneasler|0 fnt\n|faint|p2b: Sneasler\n|-damage|p1a: Talonflame|0 fnt|[from] Recoil\n|faint|p1a: Talonflame\n|move|p1b: Dragonite|Scale Shot|p2a: Dragonite\n|-supereffective|p2a: Dragonite\n|-damage|p2a: Dragonite|84\/100\n|-supereffective|p2a: Dragonite\n|-damage|p2a: Dragonite|48\/100\n|-supereffective|p2a: Dragonite\n|-damage|p2a: Dragonite|15\/100\n|-supereffective|p2a: Dragonite\n|-damage|p2a: Dragonite|0 fnt\n|faint|p2a: Dragonite\n|-hitcount|p2: Dragonite|4\n|-unboost|p1b: Dragonite|def|1\n|-boost|p1b: Dragonite|spe|1\n|\n|upkeep\n|\n|t:|1730472471\n|switch|p1a: Maushold|Maushold-Four, L50|100\/100\n|switch|p2b: Gholdengo|Gholdengo, L50|100\/100\n|turn|4\n|\n|t:|1730472482\n|move|p1a: Maushold|Protect|p1a: Maushold\n|-singleturn|p1a: Maushold|Protect\n|move|p1b: Dragonite|Scale Shot|p2b: Gholdengo\n|-resisted|p2b: Gholdengo\n|-damage|p2b: Gholdengo|92\/100\n|-resisted|p2b: Gholdengo\n|-damage|p2b: Gholdengo|84\/100\n|-resisted|p2b: Gholdengo\n|-damage|p2b: Gholdengo|75\/100\n|-resisted|p2b: Gholdengo\n|-damage|p2b: Gholdengo|67\/100\n|-resisted|p2b: Gholdengo\n|-damage|p2b: Gholdengo|58\/100\n|-hitcount|p2b: Gholdengo|5\n|-unboost|p1b: Dragonite|def|1\n|-boost|p1b: Dragonite|spe|1\n|move|p2b: Gholdengo|Make It Rain|p1b: Dragonite|[spread] p1b\n|-activate|p1a: Maushold|move: Protect\n|-damage|p1b: Dragonite|71\/100\n|-unboost|p2b: Gholdengo|spa|1\n|\n|-sideend|p2: ted7106061408|move: Tailwind\n|upkeep\n|turn|5\n|\n|t:|1730472495\n|move|p1b: Dragonite|Scale Shot|p2b: Gholdengo\n|-resisted|p2b: Gholdengo\n|-damage|p2b: Gholdengo|50\/100\n|-resisted|p2b: Gholdengo\n|-damage|p2b: Gholdengo|42\/100\n|-resisted|p2b: Gholdengo\n|-damage|p2b: Gholdengo|32\/100\n|-resisted|p2b: Gholdengo\n|-damage|p2b: Gholdengo|23\/100\n|-resisted|p2b: Gholdengo\n|-damage|p2b: Gholdengo|14\/100\n|-hitcount|p2b: Gholdengo|5\n|-unboost|p1b: Dragonite|def|1\n|-boost|p1b: Dragonite|spe|1\n|move|p1a: Maushold|Beat Up|p2b: Gholdengo\n|-supereffective|p2b: Gholdengo\n|-damage|p2b: Gholdengo|7\/100\n|-supereffective|p2b: Gholdengo\n|-damage|p2b: Gholdengo|0 fnt\n|faint|p2b: Gholdengo\n|-hitcount|p2: Gholdengo|2\n|\n|win|feverheadache\n|raw|feverheadache's rating: 1679 &rarr; <strong>1701<\/strong><br \/>(+22 for winning)\n|raw|ted7106061408's rating: 1709 &rarr; <strong>1687<\/strong><br \/>(-22 for losing)\n|l|\u2606ted7106061408\n|player|p2|\n|l|\u2606feverheadache\n|player|p1|\n","uploadtime":1730472709,"views":18,"formatid":"gen9vgc2024regh","rating":1687,"private":0,"password":null}