{"id":"gen9vgc2024regh-2235122593","format":"[Gen 9] VGC 2024 Reg H","players":["post_testing","perish1vgc"],"log":"|j|\u2606post_testing\n|j|\u2606perish1vgc\n|t:|1730428147\n|gametype|doubles\n|player|p1|post_testing|102|1731\n|player|p2|perish1vgc|170|1737\n|teamsize|p1|6\n|teamsize|p2|6\n|gen|9\n|tier|[Gen 9] VGC 2024 Reg H\n|rated|\n|rule|Species Clause: Limit one of each Pok\u00e9mon\n|rule|Item Clause: Limit 1 of each item\n|clearpoke\n|poke|p1|Archaludon, L50, M|\n|poke|p1|Murkrow, L50, M|\n|poke|p1|Indeedee, L50, M|\n|poke|p1|Sneasler, L50, M|\n|poke|p1|Delphox, L50, F|\n|poke|p1|Dragapult, L50, F|\n|poke|p2|Annihilape, L50, F|\n|poke|p2|Dragonite, L50, M|\n|poke|p2|Gholdengo, L50|\n|poke|p2|Kingambit, L50, F|\n|poke|p2|Volcarona, L50, M|\n|poke|p2|Whimsicott, L50, F|\n|teampreview|4\n|inactive|Battle timer is ON: inactive players will automatically lose when time's up. (requested by perish1vgc)\n|inactive|post_testing has 60 seconds left.\n|inactive|perish1vgc has 60 seconds left.\n|\n|t:|1730428209\n|start\n|switch|p1a: Murkrow|Murkrow, L50, M|100\/100\n|switch|p1b: Dragapult|Dragapult, L50, F|100\/100\n|switch|p2a: Whimsicott|Whimsicott, L50, F|100\/100\n|switch|p2b: Volcarona|Volcarona, L50, M|100\/100\n|turn|1\n|\n|t:|1730428222\n|switch|p2b: Kingambit|Kingambit, L50, F|100\/100\n|-terastallize|p1b: Dragapult|Ghost\n|move|p1a: Murkrow|Tailwind|p1a: Murkrow\n|-sidestart|p1: post_testing|move: Tailwind\n|move|p1b: Dragapult|Tera Blast|p2b: Kingambit|[anim] Tera Blast Ghost\n|-resisted|p2b: Kingambit\n|-damage|p2b: Kingambit|63\/100\n|move|p2a: Whimsicott|Moonblast|p1b: Dragapult\n|-damage|p1b: Dragapult|53\/100\n|\n|upkeep\n|turn|2\n|\n|t:|1730428241\n|switch|p1a: Indeedee|Indeedee, L50, M|100\/100\n|-fieldstart|move: Psychic Terrain|[from] ability: Psychic Surge|[of] p1a: Indeedee\n|move|p2b: Kingambit|Sucker Punch|p1b: Dragapult\n|-activate|p1b: Dragapult|move: Psychic Terrain\n|move|p1b: Dragapult|Tera Blast|p2a: Whimsicott|[anim] Tera Blast Ghost\n|-enditem|p2a: Whimsicott|Focus Sash\n|-damage|p2a: Whimsicott|1\/100\n|move|p2a: Whimsicott|Moonblast|p1a: Indeedee\n|-damage|p1a: Indeedee|49\/100\n|-unboost|p1a: Indeedee|spa|1\n|\n|upkeep\n|turn|3\n|inactive|post_testing has 30 seconds left.\n|\n|t:|1730428267\n|switch|p1b: Murkrow|Murkrow, L50, M|100\/100\n|move|p2a: Whimsicott|Tailwind|p2a: Whimsicott\n|-sidestart|p2: perish1vgc|move: Tailwind\n|move|p1a: Indeedee|Expanding Force|p2a: Whimsicott|[spread] p2a\n|-immune|p2b: Kingambit\n|-damage|p2a: Whimsicott|0 fnt\n|faint|p2a: Whimsicott\n|move|p2b: Kingambit|Kowtow Cleave|p1b: Murkrow\n|-resisted|p1b: Murkrow\n|-damage|p1b: Murkrow|79\/100\n|\n|upkeep\n|\n|t:|1730428279\n|switch|p2a: Gholdengo|Gholdengo, L50|100\/100\n|turn|4\n|inactive|post_testing has 30 seconds left.\n|inactive|post_testing has 20 seconds left.\n|j| jeskyv2\n|inactive|post_testing has 15 seconds left.\n|inactive|post_testing has 10 seconds left.\n|inactive|post_testing has 5 seconds left.\n|\n|t:|1730428330\n|switch|p1a: Dragapult|Dragapult, L50, F, tera:Ghost|53\/100\n|-terastallize|p2a: Gholdengo|Steel\n|move|p2a: Gholdengo|Make It Rain|p1b: Murkrow|[spread] p1a,p1b\n|-damage|p1a: Dragapult|0 fnt\n|-damage|p1b: Murkrow|3\/100\n|-unboost|p2a: Gholdengo|spa|1\n|faint|p1a: Dragapult\n|move|p1b: Murkrow|Foul Play|p2a: Gholdengo\n|-damage|p2a: Gholdengo|80\/100\n|move|p2b: Kingambit|Iron Head|p1b: Murkrow\n|-damage|p1b: Murkrow|0 fnt\n|faint|p1b: Murkrow\n|\n|-sideend|p1: post_testing|move: Tailwind\n|upkeep\n|j| 647w\n|\n|t:|1730428349\n|switch|p1a: Indeedee|Indeedee, L50, M|49\/100\n|switch|p1b: Delphox|Delphox, L50, F|100\/100\n|turn|5\n|\n|t:|1730428363\n|move|p1b: Delphox|Protect|p1b: Delphox\n|-singleturn|p1b: Delphox|Protect\n|move|p1a: Indeedee|Protect|p1a: Indeedee\n|-singleturn|p1a: Indeedee|Protect\n|move|p2a: Gholdengo|Make It Rain|p1a: Indeedee|[spread] \n|-activate|p1a: Indeedee|move: Protect\n|-activate|p1b: Delphox|move: Protect\n|move|p2b: Kingambit|Kowtow Cleave|p1b: Delphox\n|-activate|p1b: Delphox|move: Protect\n|\n|upkeep\n|turn|6\n|\n|t:|1730428379\n|move|p2a: Gholdengo|Make It Rain|p1a: Indeedee|[spread] p1a,p1b\n|-resisted|p1b: Delphox\n|-damage|p1a: Indeedee|0 fnt\n|-damage|p1b: Delphox|72\/100\n|-unboost|p2a: Gholdengo|spa|1\n|faint|p1a: Indeedee\n|move|p2b: Kingambit|Kowtow Cleave|p1b: Delphox\n|-supereffective|p1b: Delphox\n|-damage|p1b: Delphox|0 fnt\n|faint|p1b: Delphox\n|\n|win|perish1vgc\n|raw|post_testing's rating: 1731 &rarr; <strong>1711<\/strong><br \/>(-20 for losing)\n|raw|perish1vgc's rating: 1737 &rarr; <strong>1757<\/strong><br \/>(+20 for winning)\n|l|\u2606post_testing\n|player|p1|\n|l|\u2606perish1vgc\n|player|p2|\n|l| 647w\n|j|\u2606perish1vgc\n|player|p2|perish1vgc|170|\n|l|\u2606perish1vgc\n|player|p2|\n","uploadtime":1730428628,"views":35,"formatid":"gen9vgc2024regh","rating":1711,"private":0,"password":null}