{"id":"gen9vgc2024regh-2235194230","format":"[Gen 9] VGC 2024 Reg H","players":["kfjtdhynd","liam.2025"],"log":"|j|\u2606kfjtdhynd\n|j|\u2606liam.2025\n|t:|1730441183\n|gametype|doubles\n|player|p1|kfjtdhynd|1|1716\n|player|p2|liam.2025|policeman|1728\n|teamsize|p1|6\n|teamsize|p2|6\n|gen|9\n|tier|[Gen 9] VGC 2024 Reg H\n|rated|\n|rule|Species Clause: Limit one of each Pok\u00e9mon\n|rule|Item Clause: Limit 1 of each item\n|clearpoke\n|poke|p1|Basculegion-F, L50, F|\n|poke|p1|Pelipper, L50, F|\n|poke|p1|Rillaboom, L50, F|\n|poke|p1|Sneasler, L50, F|\n|poke|p1|Dragonite, L50, M|\n|poke|p1|Incineroar, L50, M|\n|poke|p2|Indeedee-F, L50, F|\n|poke|p2|Gallade, L50, M|\n|poke|p2|Maushold-Four, L50|\n|poke|p2|Hydrapple, L50, M|\n|poke|p2|Torkoal, L50, M|\n|poke|p2|Armarouge, L50, M|\n|teampreview|4\n|inactive|Battle timer is ON: inactive players will automatically lose when time's up. (requested by kfjtdhynd)\nkfjtdhynd rejected open team sheets.\n|inactive|kfjtdhynd has 60 seconds left.\n|inactive|liam.2025 has 60 seconds left.\n|\n|t:|1730441238\n|start\n|switch|p1a: Basculegion|Basculegion-F, L50, F|100\/100\n|switch|p1b: Incineroar|Incineroar, L50, M|100\/100\n|switch|p2a: Indeedee|Indeedee-F, L50, F|100\/100\n|switch|p2b: Gallade|Gallade, L50, M|100\/100\n|-ability|p1b: Incineroar|Intimidate|boost\n|-unboost|p2a: Indeedee|atk|1\n|-fail|p2b: Gallade|unboost|[from] item: Clear Amulet|[of] p2b: Gallade\n|-fieldstart|move: Psychic Terrain|[from] ability: Psychic Surge|[of] p2a: Indeedee\n|turn|1\n|inactive|liam.2025 has 30 seconds left.\n|inactive|liam.2025 has 20 seconds left.\n|inactive|liam.2025 has 15 seconds left.\n|\n|t:|1730441278\n|switch|p1b: Pelipper|Pelipper, L50, F|100\/100\n|-weather|RainDance|[from] ability: Drizzle|[of] p1b: Pelipper\n|-terastallize|p1a: Basculegion|Water\n|move|p2a: Indeedee|Follow Me|p2a: Indeedee\n|-singleturn|p2a: Indeedee|move: Follow Me\n|move|p1a: Basculegion|Muddy Water|p2a: Indeedee|[spread] p2a,p2b\n|-damage|p2a: Indeedee|0 fnt\n|-damage|p2b: Gallade|16\/100\n|faint|p2a: Indeedee\n|move|p2b: Gallade|Trick Room|p2b: Gallade\n|-fieldstart|move: Trick Room|[of] p2b: Gallade\n|\n|-weather|RainDance|[upkeep]\n|upkeep\n|\n|t:|1730441294\n|switch|p2a: Armarouge|Armarouge, L50, M|100\/100\n|turn|2\n|inactive|liam.2025 has 30 seconds left.\n|inactive|kfjtdhynd has 30 seconds left.\n|inactive|liam.2025 has 20 seconds left.\n|inactive|kfjtdhynd has 20 seconds left.\n|\n|t:|1730441339\n|switch|p1a: Incineroar|Incineroar, L50, M|100\/100\n|-ability|p1a: Incineroar|Intimidate|boost\n|-unboost|p2a: Armarouge|atk|1\n|-fail|p2b: Gallade|unboost|[from] item: Clear Amulet|[of] p2b: Gallade\n|move|p2a: Armarouge|Meteor Beam||[still]\n|-prepare|p2a: Armarouge|Meteor Beam\n|-boost|p2a: Armarouge|spa|1\n|-enditem|p2a: Armarouge|Power Herb\n|-anim|p2a: Armarouge|Meteor Beam|p1b: Pelipper\n|-supereffective|p1b: Pelipper\n|-enditem|p1b: Pelipper|Focus Sash\n|-damage|p1b: Pelipper|1\/100\n|move|p2b: Gallade|Sacred Sword|p1a: Incineroar\n|-supereffective|p1a: Incineroar\n|-damage|p1a: Incineroar|0 fnt\n|faint|p1a: Incineroar\n|move|p1b: Pelipper|Weather Ball|p2a: Armarouge\n|-supereffective|p2a: Armarouge\n|-crit|p2a: Armarouge\n|-damage|p2a: Armarouge|0 fnt\n|faint|p2a: Armarouge\n|\n|-weather|RainDance|[upkeep]\n|upkeep\n|\n|t:|1730441359\n|switch|p2a: Hydrapple|Hydrapple, L50, M|100\/100\n|switch|p1a: Dragonite|Dragonite, L50, M|100\/100\n|turn|3\n|\n|t:|1730441376\n|-terastallize|p2a: Hydrapple|Steel\n|move|p1a: Dragonite|Protect|p1a: Dragonite\n|-singleturn|p1a: Dragonite|Protect\n|move|p1b: Pelipper|Protect|p1b: Pelipper\n|-singleturn|p1b: Pelipper|Protect\n|move|p2a: Hydrapple|Fickle Beam|p1a: Dragonite\n|-activate|p1a: Dragonite|move: Protect\n|move|p2b: Gallade|Psycho Cut|p1b: Pelipper\n|-activate|p1b: Pelipper|move: Protect\n|\n|-weather|RainDance|[upkeep]\n|upkeep\n|turn|4\n|\n|t:|1730441390\n|move|p2a: Hydrapple|Fickle Beam|p1a: Dragonite\n|-supereffective|p1a: Dragonite\n|-damage|p1a: Dragonite|44\/100\n|-damage|p2a: Hydrapple|91\/100|[from] item: Life Orb\n|move|p2b: Gallade|Psycho Cut|p1b: Pelipper\n|-damage|p1b: Pelipper|0 fnt\n|faint|p1b: Pelipper\n|move|p1a: Dragonite|Scale Shot|p2b: Gallade\n|-crit|p2b: Gallade\n|-damage|p2b: Gallade|0 fnt\n|faint|p2b: Gallade\n|-hitcount|p2: Gallade|1\n|-unboost|p1a: Dragonite|def|1\n|-boost|p1a: Dragonite|spe|1\n|\n|-weather|RainDance|[upkeep]\n|upkeep\n|\n|t:|1730441394\n|switch|p1b: Basculegion|Basculegion-F, L50, F, tera:Water|100\/100\n|turn|5\n|\n|t:|1730441408\n|move|p2a: Hydrapple|Energy Ball|p1b: Basculegion\n|-supereffective|p1b: Basculegion\n|-damage|p1b: Basculegion|0 fnt\n|faint|p1b: Basculegion\n|-damage|p2a: Hydrapple|81\/100|[from] item: Life Orb\n|move|p1a: Dragonite|Scale Shot|p2a: Hydrapple\n|-resisted|p2a: Hydrapple\n|-damage|p2a: Hydrapple|74\/100\n|-resisted|p2a: Hydrapple\n|-damage|p2a: Hydrapple|68\/100\n|-resisted|p2a: Hydrapple\n|-damage|p2a: Hydrapple|62\/100\n|-resisted|p2a: Hydrapple\n|-damage|p2a: Hydrapple|56\/100\n|-hitcount|p2a: Hydrapple|4\n|-unboost|p1a: Dragonite|def|1\n|-boost|p1a: Dragonite|spe|1\n|\n|-weather|none\n|-fieldend|move: Trick Room\n|-fieldend|move: Psychic Terrain\n|upkeep\n|turn|6\n|\n|t:|1730441425\n|move|p1a: Dragonite|Scale Shot|p2a: Hydrapple\n|-resisted|p2a: Hydrapple\n|-damage|p2a: Hydrapple|49\/100\n|-resisted|p2a: Hydrapple\n|-crit|p2a: Hydrapple\n|-damage|p2a: Hydrapple|39\/100\n|-resisted|p2a: Hydrapple\n|-damage|p2a: Hydrapple|33\/100\n|-resisted|p2a: Hydrapple\n|-damage|p2a: Hydrapple|27\/100\n|-resisted|p2a: Hydrapple\n|-damage|p2a: Hydrapple|21\/100\n|-hitcount|p2a: Hydrapple|5\n|-unboost|p1a: Dragonite|def|1\n|-boost|p1a: Dragonite|spe|1\n|move|p2a: Hydrapple|Fickle Beam|p1a: Dragonite\n|-supereffective|p1a: Dragonite\n|-damage|p1a: Dragonite|0 fnt\n|faint|p1a: Dragonite\n|-damage|p2a: Hydrapple|11\/100|[from] item: Life Orb\n|\n|win|liam.2025\n|raw|kfjtdhynd's rating: 1716 &rarr; <strong>1697<\/strong><br \/>(-19 for losing)\n|raw|liam.2025's rating: 1728 &rarr; <strong>1747<\/strong><br \/>(+19 for winning)\n|c|\u2606liam.2025|gg\n|l|\u2606kfjtdhynd\n|player|p1|\n","uploadtime":1730441676,"views":40,"formatid":"gen9vgc2024regh","rating":1697,"private":0,"password":null}