{"id":"gen9vgc2024regh-2235367319","format":"[Gen 9] VGC 2024 Reg H","players":["yongbao","bluestraggler02"],"log":"|j|\u2606yongbao\n|j|\u2606bluestraggler02\n|t:|1730472098\n|gametype|doubles\n|player|p1|yongbao|dawn-gen4pt|1712\n|player|p2|bluestraggler02|170|1771\n|teamsize|p1|6\n|teamsize|p2|6\n|gen|9\n|tier|[Gen 9] VGC 2024 Reg H\n|rated|\n|rule|Species Clause: Limit one of each Pok\u00e9mon\n|rule|Item Clause: Limit 1 of each item\n|clearpoke\n|poke|p1|Garchomp, L50, F|\n|poke|p1|Annihilape, L50, F|\n|poke|p1|Corviknight, L50, F|\n|poke|p1|Tyranitar, L50, M|\n|poke|p1|Gholdengo, L50|\n|poke|p1|Murkrow, L50, F|\n|poke|p2|Skeledirge, L50, M|\n|poke|p2|Porygon2, L50|\n|poke|p2|Ursaluna, L50, F|\n|poke|p2|Amoonguss, L50, F|\n|poke|p2|Maushold-Four, L50|\n|poke|p2|Malamar, L50, M|\n|teampreview|4\n|inactive|Battle timer is ON: inactive players will automatically lose when time's up. (requested by bluestraggler02)\nbluestraggler02 rejected open team sheets.\n|\n|t:|1730472141\n|start\n|switch|p1a: Annihilape|Annihilape, L50, F|100\/100\n|switch|p1b: Corviknight|Corviknight, L50, F|100\/100\n|switch|p2a: Porygon2|Porygon2, L50|100\/100\n|switch|p2b: Ursaluna|Ursaluna, L50, F|100\/100\n|-ability|p2a: Porygon2|Download|boost\n|-boost|p2a: Porygon2|spa|1\n|turn|1\n|\n|t:|1730472154\n|move|p2a: Porygon2|Protect|p2a: Porygon2\n|-singleturn|p2a: Porygon2|Protect\n|move|p1a: Annihilape|Final Gambit|p2a: Porygon2\n|-activate|p2a: Porygon2|move: Protect\n|move|p1b: Corviknight|Iron Defense|p1b: Corviknight\n|-boost|p1b: Corviknight|def|2\n|move|p2b: Ursaluna|Headlong Rush|p1a: Annihilape\n|-damage|p1a: Annihilape|19\/100\n|-unboost|p2b: Ursaluna|def|1\n|-unboost|p2b: Ursaluna|spd|1\n|-enditem|p1a: Annihilape|Sitrus Berry|[eat]\n|-heal|p1a: Annihilape|44\/100|[from] item: Sitrus Berry\n|\n|-status|p2b: Ursaluna|brn|[from] item: Flame Orb\n|upkeep\n|turn|2\n|\n|t:|1730472176\n|switch|p2b: Skeledirge|Skeledirge, L50, M|100\/100\n|-terastallize|p2a: Porygon2|Water\n|move|p1a: Annihilape|Coaching|p1b: Corviknight\n|-boost|p1b: Corviknight|atk|1\n|-boost|p1b: Corviknight|def|1\n|move|p1b: Corviknight|Body Press|p2a: Porygon2\n|-damage|p2a: Porygon2|67\/100\n|move|p2a: Porygon2|Trick Room|p2a: Porygon2\n|-fieldstart|move: Trick Room|[of] p2a: Porygon2\n|\n|upkeep\n|turn|3\n|inactive|yongbao has 30 seconds left.\n|inactive|bluestraggler02 has 30 seconds left.\n|inactive|yongbao has 20 seconds left.\n|inactive|yongbao has 15 seconds left.\n|\n|t:|1730472219\n|switch|p1b: Tyranitar|Tyranitar, L50, M|100\/100\n|-weather|Sandstorm|[from] ability: Sand Stream|[of] p1b: Tyranitar\n|move|p2a: Porygon2|Tera Blast|p1a: Annihilape|[anim] Tera Blast Water\n|-damage|p1a: Annihilape|0 fnt\n|faint|p1a: Annihilape\n|move|p2b: Skeledirge|Torch Song|p1b: Tyranitar\n|-resisted|p1b: Tyranitar\n|-damage|p1b: Tyranitar|93\/100\n|-boost|p2b: Skeledirge|spa|1\n|\n|-weather|Sandstorm|[upkeep]\n|-damage|p2a: Porygon2|60\/100|[from] Sandstorm\n|-damage|p2b: Skeledirge|94\/100|[from] Sandstorm\n|upkeep\n|\n|t:|1730472235\n|switch|p1a: Gholdengo|Gholdengo, L50|100\/100\n|turn|4\n|j| spanish fraud\n|\n|t:|1730472250\n|switch|p2a: Amoonguss|Amoonguss, L50, F|100\/100\n|-terastallize|p1a: Gholdengo|Flying\n|move|p2b: Skeledirge|Torch Song|p1a: Gholdengo\n|-damage|p1a: Gholdengo|32\/100\n|-boost|p2b: Skeledirge|spa|1\n|move|p1b: Tyranitar|Rock Slide|p2a: Amoonguss|[spread] p2a\n|-miss|p1b: Tyranitar|p2b: Skeledirge\n|-damage|p2a: Amoonguss|74\/100\n|move|p1a: Gholdengo|Thunderbolt|p2a: Amoonguss\n|-resisted|p2a: Amoonguss\n|-damage|p2a: Amoonguss|49\/100\n|\n|-weather|Sandstorm|[upkeep]\n|-damage|p2a: Amoonguss|43\/100|[from] Sandstorm\n|-damage|p2b: Skeledirge|88\/100|[from] Sandstorm\n|-damage|p1a: Gholdengo|26\/100|[from] Sandstorm\n|upkeep\n|turn|5\n|-message|yongbao forfeited.\n|\n|win|bluestraggler02\n|raw|yongbao's rating: 1712 &rarr; <strong>1695<\/strong><br \/>(-17 for losing)\n|raw|bluestraggler02's rating: 1771 &rarr; <strong>1788<\/strong><br \/>(+17 for winning)\n|l|\u2606yongbao\n|player|p1|\n|l|\u2606bluestraggler02\n|player|p2|\n|l| spanish fraud\n","uploadtime":1730472432,"views":27,"formatid":"gen9vgc2024regh","rating":1695,"private":0,"password":null}