{"id":"gen9vgc2024regh-2235083474","format":"[Gen 9] VGC 2024 Reg H","players":["IReallyTry","meowsticgaming"],"log":"|j|\u2606IReallyTry\n|j|\u2606meowsticgaming\n|t:|1730422575\n|gametype|doubles\n|player|p1|IReallyTry|dahlia|1712\n|player|p2|meowsticgaming|burglar-gen1rb|1748\n|teamsize|p1|6\n|teamsize|p2|6\n|gen|9\n|tier|[Gen 9] VGC 2024 Reg H\n|rated|\n|rule|Species Clause: Limit one of each Pok\u00e9mon\n|rule|Item Clause: Limit 1 of each item\n|clearpoke\n|poke|p1|Primarina, L50, F|\n|poke|p1|Sylveon, L50, M|\n|poke|p1|Armarouge, L50, F|\n|poke|p1|Indeedee-F, L50, F|\n|poke|p1|Torkoal, L50, M|\n|poke|p1|Malamar, L50, M|\n|poke|p2|Dondozo, L50, M|\n|poke|p2|Tatsugiri, L50, F|\n|poke|p2|Glimmora, L50, M|\n|poke|p2|Kingambit, L50, F|\n|poke|p2|Annihilape, L50, M|\n|poke|p2|Dragonite, L50, M|\n|teampreview|4\n|inactive|Battle timer is ON: inactive players will automatically lose when time's up. (requested by IReallyTry)\n|\n|t:|1730422591\n|start\n|switch|p1a: Primarina|Primarina, L50, F|100\/100\n|switch|p1b: Armarouge|Armarouge, L50, F|100\/100\n|switch|p2a: Glimmora|Glimmora, L50, M|100\/100\n|switch|p2b: Dragonite|Dragonite, L50, M|100\/100\n|turn|1\n|\n|t:|1730422603\n|-terastallize|p2a: Glimmora|Grass\n|move|p1b: Armarouge|Protect|p1b: Armarouge\n|-singleturn|p1b: Armarouge|Protect\n|move|p2a: Glimmora|Sludge Bomb|p1a: Primarina\n|-supereffective|p1a: Primarina\n|-damage|p1a: Primarina|30\/100\n|-enditem|p1a: Primarina|Sitrus Berry|[eat]\n|-heal|p1a: Primarina|55\/100|[from] item: Sitrus Berry\n|move|p2b: Dragonite|Earthquake|p1a: Primarina|[spread] p2a,p1a\n|-activate|p1b: Armarouge|move: Protect\n|-resisted|p2a: Glimmora\n|-damage|p2a: Glimmora|84\/100\n|-damage|p1a: Primarina|27\/100\n|-activate|p2a: Glimmora|ability: Toxic Debris\n|-sidestart|p1: IReallyTry|move: Toxic Spikes\n|move|p1a: Primarina|Hyper Voice|p2b: Dragonite|[spread] p2a,p2b\n|-resisted|p2a: Glimmora\n|-resisted|p2b: Dragonite\n|-damage|p2a: Glimmora|67\/100\n|-damage|p2b: Dragonite|93\/100\n|\n|upkeep\n|turn|2\n|inactive|IReallyTry has 30 seconds left.\n|\n|t:|1730422628\n|move|p1a: Primarina|Aqua Jet|p1b: Armarouge\n|-supereffective|p1b: Armarouge\n|-damage|p1b: Armarouge|82\/100\n|-ability|p1b: Armarouge|Weak Armor|boost\n|-unboost|p1b: Armarouge|def|1\n|-boost|p1b: Armarouge|spe|2\n|-enditem|p1b: Armarouge|Weakness Policy\n|-boost|p1b: Armarouge|atk|2|[from] item: Weakness Policy\n|-boost|p1b: Armarouge|spa|2|[from] item: Weakness Policy\n|move|p1b: Armarouge|Heat Wave|p2b: Dragonite|[spread] p2a,p2b\n|-supereffective|p2a: Glimmora\n|-resisted|p2b: Dragonite\n|-damage|p2a: Glimmora|0 fnt\n|-damage|p2b: Dragonite|71\/100\n|faint|p2a: Glimmora\n|move|p2b: Dragonite|Earthquake|p1b: Armarouge|[spread] p1a,p1b\n|-supereffective|p1b: Armarouge\n|-damage|p1a: Primarina|1\/100\n|-damage|p1b: Armarouge|0 fnt\n|faint|p1b: Armarouge\n|\n|upkeep\n|\n|t:|1730422642\n|switch|p2a: Dondozo|Dondozo, L50, M|100\/100\n|switch|p1b: Indeedee|Indeedee-F, L50, F|100\/100\n|-status|p1b: Indeedee|psn\n|-fieldstart|move: Psychic Terrain|[from] ability: Psychic Surge|[of] p1b: Indeedee\n|turn|3\n|inactive|meowsticgaming has 30 seconds left.\n|\n|t:|1730422668\n|move|p2b: Dragonite|Earthquake|p1b: Indeedee|[spread] p2a,p1a,p1b\n|-damage|p2a: Dondozo|80\/100\n|-damage|p1a: Primarina|0 fnt\n|-damage|p1b: Indeedee|69\/100 psn\n|faint|p1a: Primarina\n|move|p2a: Dondozo|Heavy Slam|p1b: Indeedee\n|-damage|p1b: Indeedee|35\/100 psn\n|-damage|p2a: Dondozo|63\/100|[from] item: Rocky Helmet|[of] p1b: Indeedee\n|move|p1b: Indeedee|Psychic|p2a: Dondozo\n|-damage|p2a: Dondozo|16\/100\n|\n|-heal|p2a: Dondozo|23\/100|[from] item: Leftovers\n|-damage|p1b: Indeedee|23\/100 psn|[from] psn\n|upkeep\n|\n|t:|1730422675\n|switch|p1a: Malamar|Malamar, L50, M|100\/100\n|-status|p1a: Malamar|psn\n|turn|4\n|\n|t:|1730422691\n|move|p1b: Indeedee|Helping Hand|p1a: Malamar\n|-singleturn|p1a: Malamar|Helping Hand|[of] p1b: Indeedee\n|move|p2a: Dondozo|Protect|p2a: Dondozo\n|-singleturn|p2a: Dondozo|Protect\n|move|p2b: Dragonite|Earthquake|p1b: Indeedee|[spread] p1a,p1b\n|-activate|p2a: Dondozo|move: Protect\n|-damage|p1a: Malamar|73\/100 psn\n|-damage|p1b: Indeedee|0 fnt\n|faint|p1b: Indeedee\n|move|p1a: Malamar|Superpower|p2a: Dondozo\n|-activate|p2a: Dondozo|move: Protect\n|\n|-heal|p2a: Dondozo|29\/100|[from] item: Leftovers\n|-damage|p1a: Malamar|60\/100 psn|[from] psn\n|upkeep\n|turn|5\n|-message|IReallyTry forfeited.\n|\n|win|meowsticgaming\n|raw|IReallyTry's rating: 1712 &rarr; <strong>1694<\/strong><br \/>(-18 for losing)\n|raw|meowsticgaming's rating: 1748 &rarr; <strong>1766<\/strong><br \/>(+18 for winning)\n|l|\u2606IReallyTry\n|player|p1|\n|l|\u2606meowsticgaming\n|player|p2|\n","uploadtime":1730422954,"views":18,"formatid":"gen9vgc2024regh","rating":1694,"private":0,"password":null}