{"id":"gen9vgc2024regh-2235535331","format":"[Gen 9] VGC 2024 Reg H","players":["ggfsb","Big0-XthaPlug"],"log":"|j|\u2606ggfsb\n|j|\u2606Big0-XthaPlug\n|t:|1730488793\n|gametype|doubles\n|player|p1|ggfsb|palmer|1757\n|player|p2|Big0-XthaPlug|266|1682\n|teamsize|p1|6\n|teamsize|p2|6\n|gen|9\n|tier|[Gen 9] VGC 2024 Reg H\n|rated|\n|rule|Species Clause: Limit one of each Pok\u00e9mon\n|rule|Item Clause: Limit 1 of each item\n|clearpoke\n|poke|p1|Glimmora, L50, M|\n|poke|p1|Rillaboom, L50, M|\n|poke|p1|Murkrow, L50, M|\n|poke|p1|Gholdengo, L50|\n|poke|p1|Tyranitar, L50, F|\n|poke|p1|Garchomp, L50, F|\n|poke|p2|Porygon2, L50|\n|poke|p2|Incineroar, L50, M|\n|poke|p2|Ursaluna, L50, F|\n|poke|p2|Whimsicott, L50, M|\n|poke|p2|Charizard, L50, M|\n|poke|p2|Torkoal, L50, M|\n|teampreview|4\n|inactive|Battle timer is ON: inactive players will automatically lose when time's up. (requested by Big0-XthaPlug)\n|inactive|ggfsb has 60 seconds left.\n|\n|t:|1730488849\n|start\n|switch|p1a: Tyranitar|Tyranitar, L50, F|100\/100\n|switch|p1b: Murkrow|Murkrow, L50, M|100\/100\n|switch|p2a: Whimsicott|Whimsicott, L50, M|100\/100\n|switch|p2b: Incineroar|Incineroar, L50, M|100\/100\n|-weather|Sandstorm|[from] ability: Sand Stream|[of] p1a: Tyranitar\n|-ability|p2b: Incineroar|Intimidate|boost\n|-fail|p1a: Tyranitar|unboost|[from] item: Clear Amulet|[of] p1a: Tyranitar\n|-unboost|p1b: Murkrow|atk|1\n|turn|1\n|\n|t:|1730488871\n|move|p1a: Tyranitar|Protect|p1a: Tyranitar\n|-singleturn|p1a: Tyranitar|Protect\n|move|p2b: Incineroar|Fake Out|p1a: Tyranitar\n|-activate|p1a: Tyranitar|move: Protect\n|move|p2a: Whimsicott|Moonblast|p1b: Murkrow\n|-supereffective|p1b: Murkrow\n|-damage|p1b: Murkrow|24\/100\n|-unboost|p1b: Murkrow|spa|1\n|move|p1b: Murkrow|Brave Bird|p2a: Whimsicott\n|-supereffective|p2a: Whimsicott\n|-damage|p2a: Whimsicott|25\/100\n|-damage|p1b: Murkrow|3\/100|[from] Recoil\n|\n|-weather|Sandstorm|[upkeep]\n|-damage|p2a: Whimsicott|19\/100|[from] Sandstorm\n|-damage|p1b: Murkrow|0 fnt|[from] Sandstorm\n|faint|p1b: Murkrow\n|upkeep\n|\n|t:|1730488884\n|switch|p1b: Glimmora|Glimmora, L50, M|100\/100\n|turn|2\n|\n|t:|1730488893\n|move|p2a: Whimsicott|Tailwind|p2a: Whimsicott\n|-sidestart|p2: Big0-XthaPlug|move: Tailwind\n|move|p2b: Incineroar|Parting Shot|p1b: Glimmora\n|-unboost|p1b: Glimmora|atk|1\n|-unboost|p1b: Glimmora|spa|1\n|\n|t:|1730488897\n|switch|p2b: Torkoal|Torkoal, L50, M|100\/100|[from] Parting Shot\n|-weather|SunnyDay|[from] ability: Drought|[of] p2b: Torkoal\n|move|p1b: Glimmora|Power Gem|p2b: Torkoal\n|-supereffective|p2b: Torkoal\n|-damage|p2b: Torkoal|29\/100\n|move|p1a: Tyranitar|Rock Slide|p2a: Whimsicott|[spread] p2a,p2b\n|-supereffective|p2b: Torkoal\n|-damage|p2a: Whimsicott|0 fnt\n|-damage|p2b: Torkoal|0 fnt\n|faint|p2a: Whimsicott\n|faint|p2b: Torkoal\n|\n|-weather|SunnyDay|[upkeep]\n|upkeep\n|\n|t:|1730488904\n|switch|p2a: Ursaluna|Ursaluna, L50, F|100\/100\n|switch|p2b: Incineroar|Incineroar, L50, M|100\/100\n|-ability|p2b: Incineroar|Intimidate|boost\n|-fail|p1a: Tyranitar|unboost|[from] item: Clear Amulet|[of] p1a: Tyranitar\n|-unboost|p1b: Glimmora|atk|1\n|turn|3\n|inactive|Big0-XthaPlug has 30 seconds left.\n|inactive|Big0-XthaPlug has 20 seconds left.\n|\n|t:|1730488940\n|-terastallize|p2b: Incineroar|Grass\n|move|p2a: Ursaluna|Protect|p2a: Ursaluna\n|-singleturn|p2a: Ursaluna|Protect\n|move|p1b: Glimmora|Spiky Shield|p1b: Glimmora\n|-singleturn|p1b: Glimmora|move: Protect\n|move|p1a: Tyranitar|Protect|p1a: Tyranitar\n|-singleturn|p1a: Tyranitar|Protect\n|move|p2b: Incineroar|Knock Off|p1a: Tyranitar\n|-activate|p1a: Tyranitar|move: Protect\n|\n|-weather|SunnyDay|[upkeep]\n|-status|p2a: Ursaluna|brn|[from] item: Flame Orb\n|upkeep\n|turn|4\n|inactive|ggfsb has 30 seconds left.\n|\n|t:|1730488972\n|switch|p1b: Garchomp|Garchomp, L50, F|100\/100\n|-terastallize|p1a: Tyranitar|Flying\n|move|p2a: Ursaluna|Earthquake|p1a: Tyranitar|[spread] p2b,p1b\n|-immune|p1a: Tyranitar\n|-resisted|p2b: Incineroar\n|-damage|p2b: Incineroar|69\/100\n|-damage|p1b: Garchomp|28\/100\n|move|p2b: Incineroar|Knock Off|p1b: Garchomp\n|-damage|p1b: Garchomp|0 fnt\n|-damage|p2b: Incineroar|57\/100|[from] ability: Rough Skin|[of] p1b: Garchomp\n|-enditem|p1b: Garchomp|Life Orb|[from] move: Knock Off|[of] p2b: Incineroar\n|faint|p1b: Garchomp\n|move|p1a: Tyranitar|Low Kick|p2a: Ursaluna\n|-supereffective|p2a: Ursaluna\n|-damage|p2a: Ursaluna|32\/100 brn\n|\n|-weather|SunnyDay|[upkeep]\n|-damage|p2a: Ursaluna|27\/100 brn|[from] brn\n|upkeep\n|\n|t:|1730488992\n|switch|p1b: Glimmora|Glimmora, L50, M|100\/100\n|turn|5\n|\n|t:|1730489000\n|move|p1b: Glimmora|Spiky Shield|p1b: Glimmora\n|-singleturn|p1b: Glimmora|move: Protect\n|move|p1a: Tyranitar|Protect|p1a: Tyranitar\n|-singleturn|p1a: Tyranitar|Protect\n|move|p2a: Ursaluna|Facade|p1a: Tyranitar\n|-activate|p1a: Tyranitar|move: Protect\n|move|p2b: Incineroar|Knock Off|p1b: Glimmora\n|-activate|p1b: Glimmora|move: Protect\n|-damage|p2b: Incineroar|44\/100|[from] Spiky Shield|[of] p1b: Glimmora\n|\n|-weather|SunnyDay|[upkeep]\n|-damage|p2a: Ursaluna|21\/100 brn|[from] brn\n|-sideend|p2: Big0-XthaPlug|move: Tailwind\n|upkeep\n|turn|6\n|-message|Big0-XthaPlug forfeited.\n|\n|win|ggfsb\n|raw|ggfsb's rating: 1757 &rarr; <strong>1773<\/strong><br \/>(+16 for winning)\n|raw|Big0-XthaPlug's rating: 1682 &rarr; <strong>1666<\/strong><br \/>(-16 for losing)\n|l|\u2606Big0-XthaPlug\n|player|p2|\n|l|\u2606ggfsb\n|player|p1|\n","uploadtime":1730489174,"views":35,"formatid":"gen9vgc2024regh","rating":1666,"private":0,"password":null}