{"id":"gen9vgc2024regh-2235470532","format":"[Gen 9] VGC 2024 Reg H","players":["brouz","bluestraggler02"],"log":"|j|\u2606brouz\n|j|\u2606bluestraggler02\n|t:|1730482338\n|gametype|doubles\n|player|p1|brouz|ingo|1761\n|player|p2|bluestraggler02|170|1716\n|teamsize|p1|6\n|teamsize|p2|6\n|gen|9\n|tier|[Gen 9] VGC 2024 Reg H\n|rated|\n|rule|Species Clause: Limit one of each Pok\u00e9mon\n|rule|Item Clause: Limit 1 of each item\n|clearpoke\n|poke|p1|Tyranitar, L50, F|\n|poke|p1|Gastrodon, L50, M|\n|poke|p1|Garchomp, L50, F|\n|poke|p1|Talonflame, L50, M|\n|poke|p1|Kingambit, L50, M|\n|poke|p1|Tsareena, L50, F|\n|poke|p2|Skeledirge, L50, M|\n|poke|p2|Porygon2, L50|\n|poke|p2|Ursaluna, L50, F|\n|poke|p2|Amoonguss, L50, F|\n|poke|p2|Maushold-Four, L50|\n|poke|p2|Malamar, L50, M|\n|teampreview|4\n|inactive|Battle timer is ON: inactive players will automatically lose when time's up. (requested by brouz)\nbluestraggler02 rejected open team sheets.\n|\n|t:|1730482358\n|start\n|switch|p1a: Talonflame|Talonflame, L50, M|100\/100\n|switch|p1b: Garchomp|Garchomp, L50, F|100\/100\n|switch|p2a: Maushold|Maushold-Four, L50|100\/100\n|switch|p2b: Porygon2|Porygon2, L50|100\/100\n|-ability|p2b: Porygon2|Download|boost\n|-boost|p2b: Porygon2|spa|1\n|turn|1\n|\n|t:|1730482368\n|-terastallize|p1b: Garchomp|Ground\n|move|p2b: Porygon2|Protect|p2b: Porygon2\n|-singleturn|p2b: Porygon2|Protect\n|move|p1a: Talonflame|Taunt|p2b: Porygon2\n|-activate|p2b: Porygon2|move: Protect\n|move|p2a: Maushold|Population Bomb|p1a: Talonflame\n|-damage|p1a: Talonflame|85\/100\n|-damage|p1a: Talonflame|70\/100\n|-damage|p1a: Talonflame|57\/100\n|-damage|p1a: Talonflame|42\/100\n|-damage|p1a: Talonflame|29\/100\n|-damage|p1a: Talonflame|15\/100\n|-damage|p1a: Talonflame|0 fnt\n|faint|p1a: Talonflame\n|-hitcount|p1: Talonflame|7\n|move|p1b: Garchomp|Earthquake|p2a: Maushold|[spread] p2a\n|-activate|p2b: Porygon2|move: Protect\n|-damage|p2a: Maushold|0 fnt\n|faint|p2a: Maushold\n|\n|upkeep\n|\n|t:|1730482393\n|switch|p1a: Tyranitar|Tyranitar, L50, F|100\/100\n|switch|p2a: Amoonguss|Amoonguss, L50, F|100\/100\n|-weather|Sandstorm|[from] ability: Sand Stream|[of] p1a: Tyranitar\n|turn|2\n|\n|t:|1730482405\n|move|p1a: Tyranitar|Protect|p1a: Tyranitar\n|-singleturn|p1a: Tyranitar|Protect\n|move|p1b: Garchomp|Earthquake|p2a: Amoonguss|[spread] p2a,p2b\n|-activate|p1a: Tyranitar|move: Protect\n|-damage|p2a: Amoonguss|37\/100\n|-damage|p2b: Porygon2|48\/100\n|move|p2a: Amoonguss|Spore|p1a: Tyranitar\n|-activate|p1a: Tyranitar|move: Protect\n|move|p2b: Porygon2|Trick Room|p2b: Porygon2\n|-fieldstart|move: Trick Room|[of] p2b: Porygon2\n|\n|-weather|Sandstorm|[upkeep]\n|-damage|p2a: Amoonguss|31\/100|[from] Sandstorm\n|-damage|p2b: Porygon2|42\/100|[from] Sandstorm\n|upkeep\n|turn|3\n|\n|t:|1730482429\n|switch|p1b: Kingambit|Kingambit, L50, M|100\/100\n|move|p2a: Amoonguss|Leaf Storm|p1b: Kingambit\n|-resisted|p1b: Kingambit\n|-damage|p1b: Kingambit|81\/100\n|-unboost|p2a: Amoonguss|spa|2\n|move|p2b: Porygon2|Ice Beam|p1b: Kingambit\n|-resisted|p1b: Kingambit\n|-damage|p1b: Kingambit|63\/100\n|move|p1a: Tyranitar|Knock Off|p2a: Amoonguss\n|-damage|p2a: Amoonguss|0 fnt\n|-enditem|p2a: Amoonguss|Mental Herb|[from] move: Knock Off|[of] p1a: Tyranitar\n|faint|p2a: Amoonguss\n|\n|-weather|Sandstorm|[upkeep]\n|-damage|p2b: Porygon2|36\/100|[from] Sandstorm\n|upkeep\n|\n|t:|1730482435\n|switch|p2a: Ursaluna|Ursaluna, L50, F|100\/100\n|turn|4\n|\n|t:|1730482452\n|move|p2b: Porygon2|Protect|p2b: Porygon2\n|-singleturn|p2b: Porygon2|Protect\n|move|p2a: Ursaluna|High Horsepower|p1b: Kingambit\n|-supereffective|p1b: Kingambit\n|-damage|p1b: Kingambit|0 fnt\n|faint|p1b: Kingambit\n|move|p1a: Tyranitar|Knock Off|p2a: Ursaluna\n|-damage|p2a: Ursaluna|59\/100\n|-enditem|p2a: Ursaluna|Flame Orb|[from] move: Knock Off|[of] p1a: Tyranitar\n|\n|-weather|Sandstorm|[upkeep]\n|-damage|p2b: Porygon2|30\/100|[from] Sandstorm\n|upkeep\n|\n|t:|1730482458\n|switch|p1b: Garchomp|Garchomp, L50, F, tera:Ground|100\/100\n|turn|5\n|\n|t:|1730482478\n|move|p1a: Tyranitar|Protect|p1a: Tyranitar\n|-singleturn|p1a: Tyranitar|Protect\n|move|p2a: Ursaluna|High Horsepower|p1b: Garchomp|[miss]\n|-miss|p2a: Ursaluna|p1b: Garchomp\n|move|p2b: Porygon2|Ice Beam|p1b: Garchomp\n|-supereffective|p1b: Garchomp\n|-damage|p1b: Garchomp|19\/100\n|move|p1b: Garchomp|Earthquake|p2b: Porygon2|[spread] p2a,p2b\n|-activate|p1a: Tyranitar|move: Protect\n|-damage|p2a: Ursaluna|0 fnt\n|-damage|p2b: Porygon2|0 fnt\n|faint|p2a: Ursaluna\n|faint|p2b: Porygon2\n|\n|win|brouz\n|raw|brouz's rating: 1761 &rarr; <strong>1778<\/strong><br \/>(+17 for winning)\n|raw|bluestraggler02's rating: 1716 &rarr; <strong>1699<\/strong><br \/>(-17 for losing)\n|l|\u2606bluestraggler02\n|player|p2|\n|l|\u2606brouz\n|player|p1|\n","uploadtime":1730482665,"views":36,"formatid":"gen9vgc2024regh","rating":1699,"private":0,"password":null}