{"id":"gen9vgc2024regh-2235113382","format":"[Gen 9] VGC 2024 Reg H","players":["post_testing","elvegis1"],"log":"|j|\u2606post_testing\n|j|\u2606elvegis1\n|t:|1730426780\n|gametype|doubles\n|player|p1|post_testing|102|1716\n|player|p2|elvegis1|lucas|1705\n|teamsize|p1|6\n|teamsize|p2|6\n|gen|9\n|tier|[Gen 9] VGC 2024 Reg H\n|rated|\n|rule|Species Clause: Limit one of each Pok\u00e9mon\n|rule|Item Clause: Limit 1 of each item\n|clearpoke\n|poke|p1|Archaludon, L50, F|\n|poke|p1|Murkrow, L50, F|\n|poke|p1|Indeedee, L50, M|\n|poke|p1|Sneasler, L50, F|\n|poke|p1|Delphox, L50, F|\n|poke|p1|Dragapult, L50, F|\n|poke|p2|Incineroar, L50, M|\n|poke|p2|Gholdengo, L50|\n|poke|p2|Dondozo, L50, F|\n|poke|p2|Sneasler, L50, F|\n|poke|p2|Ursaluna, L50, F|\n|poke|p2|Dusclops, L50, F|\n|teampreview|4\n|inactive|Battle timer is ON: inactive players will automatically lose when time's up. (requested by elvegis1)\n|inactive|post_testing has 60 seconds left.\n|\n|t:|1730426828\n|start\n|switch|p1a: Delphox|Delphox, L50, F|100\/100\n|switch|p1b: Indeedee|Indeedee, L50, M|100\/100\n|switch|p2a: Incineroar|Incineroar, L50, M|100\/100\n|switch|p2b: Dusclops|Dusclops, L50, F|100\/100\n|-fieldstart|move: Psychic Terrain|[from] ability: Psychic Surge|[of] p1b: Indeedee\n|-ability|p2a: Incineroar|Intimidate|boost\n|-unboost|p1a: Delphox|atk|1\n|-unboost|p1b: Indeedee|atk|1\n|-item|p1a: Delphox|Life Orb|[from] ability: Frisk|[of] p2b: Dusclops\n|-item|p1b: Indeedee|Focus Sash|[from] ability: Frisk|[of] p2b: Dusclops\n|turn|1\n|\n|t:|1730426847\n|-terastallize|p1a: Delphox|Fighting\n|move|p1a: Delphox|Tera Blast|p2a: Incineroar|[anim] Tera Blast Fighting\n|-supereffective|p2a: Incineroar\n|-damage|p2a: Incineroar|14\/100\n|-enditem|p2a: Incineroar|Sitrus Berry|[eat]\n|-heal|p2a: Incineroar|39\/100|[from] item: Sitrus Berry\n|-damage|p1a: Delphox|90\/100|[from] item: Life Orb\n|move|p1b: Indeedee|Imprison|p1b: Indeedee\n|-start|p1b: Indeedee|move: Imprison\n|move|p2a: Incineroar|Knock Off|p1a: Delphox\n|-resisted|p1a: Delphox\n|-damage|p1a: Delphox|61\/100\n|-enditem|p1a: Delphox|Life Orb|[from] move: Knock Off|[of] p2a: Incineroar\n|cant|p2b: Dusclops|move: Imprison|Trick Room\n|\n|upkeep\n|turn|2\n|j| The_Beast1440\n|inactive|elvegis1 has 30 seconds left.\n|\n|t:|1730426876\n|move|p1a: Delphox|Heat Wave|p2a: Incineroar|[spread] p2a,p2b\n|-resisted|p2a: Incineroar\n|-damage|p2a: Incineroar|26\/100\n|-damage|p2b: Dusclops|83\/100\n|move|p1b: Indeedee|Expanding Force|p2b: Dusclops|[spread] p2b\n|-immune|p2a: Incineroar\n|-damage|p2b: Dusclops|54\/100\n|move|p2a: Incineroar|Knock Off|p1b: Indeedee\n|-supereffective|p1b: Indeedee\n|-enditem|p1b: Indeedee|Focus Sash\n|-damage|p1b: Indeedee|1\/100\n|move|p2b: Dusclops|Pain Split|p1b: Indeedee\n|-sethp|p1b: Indeedee|30\/100|[from] move: Pain Split|[silent]\n|-sethp|p2b: Dusclops|28\/100|[from] move: Pain Split\n|\n|upkeep\n|turn|3\n|\n|t:|1730426900\n|move|p1a: Delphox|Tera Blast|p2a: Incineroar|[anim] Tera Blast Fighting\n|-supereffective|p2a: Incineroar\n|-damage|p2a: Incineroar|0 fnt\n|faint|p2a: Incineroar\n|move|p1b: Indeedee|Expanding Force|p2b: Dusclops\n|-damage|p2b: Dusclops|0 fnt\n|faint|p2b: Dusclops\n|\n|upkeep\n|\n|t:|1730426903\n|switch|p2a: Gholdengo|Gholdengo, L50|100\/100\n|switch|p2b: Ursaluna|Ursaluna, L50, F|100\/100\n|turn|4\n|inactive|post_testing has 30 seconds left.\n|\n|t:|1730426929\n|-terastallize|p2a: Gholdengo|Water\n|move|p1b: Indeedee|Protect|p1b: Indeedee\n|-singleturn|p1b: Indeedee|Protect\n|move|p1a: Delphox|Heat Wave|p2a: Gholdengo|[spread] p2a,p2b\n|-resisted|p2a: Gholdengo\n|-damage|p2a: Gholdengo|82\/100\n|-damage|p2b: Ursaluna|74\/100\n|move|p2a: Gholdengo|Make It Rain|p1a: Delphox|[spread] p1a\n|-activate|p1b: Indeedee|move: Protect\n|-damage|p1a: Delphox|0 fnt\n|-unboost|p2a: Gholdengo|spa|1\n|faint|p1a: Delphox\n|move|p2b: Ursaluna|Facade|p1b: Indeedee\n|-activate|p1b: Indeedee|move: Protect\n|\n|-status|p2b: Ursaluna|brn|[from] item: Flame Orb\n|upkeep\n|\n|t:|1730426950\n|switch|p1a: Dragapult|Dragapult, L50, F|100\/100\n|turn|5\n|\n|t:|1730426966\n|move|p1a: Dragapult|Dragon Darts|p2a: Gholdengo\n|-damage|p2a: Gholdengo|38\/100\n|-anim|p1a: Dragapult|Dragon Darts|p2b: Ursaluna\n|-damage|p2b: Ursaluna|43\/100 brn\n|move|p1b: Indeedee|Expanding Force|p2a: Gholdengo|[spread] p2a,p2b\n|-damage|p2a: Gholdengo|0 fnt\n|-damage|p2b: Ursaluna|0 fnt\n|faint|p2a: Gholdengo\n|faint|p2b: Ursaluna\n|\n|win|post_testing\n|raw|post_testing's rating: 1716 &rarr; <strong>1735<\/strong><br \/>(+19 for winning)\n|raw|elvegis1's rating: 1705 &rarr; <strong>1686<\/strong><br \/>(-19 for losing)\n|l|\u2606elvegis1\n|player|p2|\n|l| The_Beast1440\n","uploadtime":1730427106,"views":53,"formatid":"gen9vgc2024regh","rating":1686,"private":0,"password":null}