{"id":"gen9vgc2024regh-2235070089","format":"[Gen 9] VGC 2024 Reg H","players":["roykeenkennedy","chin8"],"log":"|j|\u2606roykeenkennedy\n|j|\u2606chin8\n|t:|1730420721\n|gametype|doubles\n|player|p1|roykeenkennedy|alder|1756\n|player|p2|chin8|gentleman-gen4dp|1786\n|teamsize|p1|6\n|teamsize|p2|6\n|gen|9\n|tier|[Gen 9] VGC 2024 Reg H\n|rated|\n|rule|Species Clause: Limit one of each Pok\u00e9mon\n|rule|Item Clause: Limit 1 of each item\n|clearpoke\n|poke|p1|Salamence, L50, F|\n|poke|p1|Incineroar, L50, M|\n|poke|p1|Weezing, L50, M|\n|poke|p1|Dragapult, L50, F|\n|poke|p1|Ursaluna-Bloodmoon, L50, M|\n|poke|p1|Volcarona, L50, M|\n|poke|p2|Baxcalibur, L50, F|\n|poke|p2|Kilowattrel, L50, M|\n|poke|p2|Annihilape, L50, M|\n|poke|p2|Gardevoir, L50, F|\n|poke|p2|Magmortar, L50, M|\n|poke|p2|Gholdengo, L50|\n|teampreview|4\n|\n|t:|1730420754\n|start\n|switch|p1a: Weezing|Weezing, L50, M|100\/100\n|switch|p1b: Ursaluna|Ursaluna-Bloodmoon, L50, M|100\/100\n|switch|p2a: Annihilape|Annihilape, L50, M|100\/100\n|switch|p2b: Kilowattrel|Kilowattrel, L50, M|100\/100\n|-ability|p1a: Weezing|Neutralizing Gas\n|turn|1\n|\n|t:|1730420788\n|switch|p2a: Baxcalibur|Baxcalibur, L50, F|100\/100\n|move|p2b: Kilowattrel|Air Slash|p1b: Ursaluna\n|-damage|p1b: Ursaluna|74\/100\n|move|p1a: Weezing|Will-O-Wisp|p2a: Baxcalibur|[miss]\n|-miss|p1a: Weezing|p2a: Baxcalibur\n|cant|p1b: Ursaluna|flinch\n|\n|upkeep\n|turn|2\n|c|\u2606roykeenkennedy|Hahaha\n|c|\u2606roykeenkennedy|Amazing\n|inactive|Battle timer is ON: inactive players will automatically lose when time's up. (requested by chin8)\n|\n|t:|1730420818\n|-terastallize|p1b: Ursaluna|Normal\n|move|p2b: Kilowattrel|Air Slash|p1b: Ursaluna\n|-crit|p1b: Ursaluna\n|-damage|p1b: Ursaluna|35\/100\n|move|p2a: Baxcalibur|Icicle Crash|p1b: Ursaluna\n|-damage|p1b: Ursaluna|0 fnt\n|faint|p1b: Ursaluna\n|move|p1a: Weezing|Will-O-Wisp|p2a: Baxcalibur\n|-status|p2a: Baxcalibur|brn\n|\n|-damage|p2a: Baxcalibur|94\/100 brn|[from] brn\n|upkeep\n|\n|t:|1730420832\n|switch|p1b: Dragapult|Dragapult, L50, F|100\/100\n|turn|3\n|\n|t:|1730420843\n|move|p2b: Kilowattrel|Tailwind|p2b: Kilowattrel\n|-sidestart|p2: chin8|move: Tailwind\n|move|p2a: Baxcalibur|Icicle Crash|p1b: Dragapult\n|-supereffective|p1b: Dragapult\n|-damage|p1b: Dragapult|34\/100\n|cant|p1b: Dragapult|flinch\n|move|p1a: Weezing|Sludge Bomb|p2b: Kilowattrel\n|-damage|p2b: Kilowattrel|53\/100\n|\n|-damage|p2a: Baxcalibur|88\/100 brn|[from] brn\n|upkeep\n|turn|4\n|j| plplk\n|c|\u2606roykeenkennedy|Dude go buy a lotto ticket\n|inactive|roykeenkennedy has 30 seconds left.\n|inactive|roykeenkennedy has 20 seconds left.\n|inactive|roykeenkennedy has 15 seconds left.\n|inactive|roykeenkennedy has 10 seconds left.\n|\n|t:|1730420892\n|switch|p1b: Incineroar|Incineroar, L50, M|100\/100\n|-ability|p1b: Incineroar|Intimidate|boost\n|-unboost|p2a: Baxcalibur|atk|1\n|-unboost|p2b: Kilowattrel|atk|1\n|move|p2b: Kilowattrel|Air Slash|p1a: Weezing\n|-damage|p1a: Weezing|64\/100\n|move|p2a: Baxcalibur|Glaive Rush|p1b: Incineroar\n|-damage|p1b: Incineroar|78\/100\n|-singlemove|p2a: Baxcalibur|Glaive Rush|[silent]\n|move|p1a: Weezing|Sludge Bomb|p2b: Kilowattrel\n|-damage|p2b: Kilowattrel|3\/100\n|\n|-heal|p1a: Weezing|71\/100|[from] item: Leftovers\n|-damage|p2a: Baxcalibur|82\/100 brn|[from] brn\n|upkeep\n|turn|5\n|l| plplk\n|\n|t:|1730420914\n|switch|p2a: Magmortar|Magmortar, L50, M|100\/100\n|move|p2b: Kilowattrel|Protect|p2b: Kilowattrel\n|-singleturn|p2b: Kilowattrel|Protect\n|move|p1a: Weezing|Protect|p1a: Weezing\n|-singleturn|p1a: Weezing|Protect\n|move|p1b: Incineroar|Parting Shot|p2b: Kilowattrel\n|-activate|p2b: Kilowattrel|move: Protect\n|\n|-heal|p1a: Weezing|77\/100|[from] item: Leftovers\n|upkeep\n|turn|6\n|\n|t:|1730420931\n|move|p2b: Kilowattrel|Thunderbolt|p1a: Weezing\n|-damage|p1a: Weezing|26\/100\n|move|p2a: Magmortar|Heat Wave|p1b: Incineroar|[spread] p1a,p1b\n|-resisted|p1b: Incineroar\n|-damage|p1a: Weezing|0 fnt\n|-damage|p1b: Incineroar|66\/100\n|faint|p1a: Weezing\n|-end|p1a: Weezing|ability: Neutralizing Gas\n|move|p1b: Incineroar|Parting Shot|p2a: Magmortar\n|-unboost|p2a: Magmortar|atk|1\n|-unboost|p2a: Magmortar|spa|1\n|\n|t:|1730420943\n|switch|p1b: Dragapult|Dragapult, L50, F|34\/100|[from] Parting Shot\n|\n|-sideend|p2: chin8|move: Tailwind\n|upkeep\n|\n|t:|1730420956\n|switch|p1a: Incineroar|Incineroar, L50, M|66\/100\n|-ability|p1a: Incineroar|Intimidate|boost\n|-unboost|p2a: Magmortar|atk|1\n|-unboost|p2b: Kilowattrel|atk|1\n|-ability|p2b: Kilowattrel|Competitive|boost\n|-boost|p2b: Kilowattrel|spa|2\n|turn|7\n|\n|t:|1730420975\n|move|p2b: Kilowattrel|Protect|p2b: Kilowattrel\n|-singleturn|p2b: Kilowattrel|Protect\n|move|p2a: Magmortar|Protect|p2a: Magmortar\n|-singleturn|p2a: Magmortar|Protect\n|move|p1a: Incineroar|Fake Out|p2a: Magmortar\n|-activate|p2a: Magmortar|move: Protect\n|move|p1b: Dragapult|Dragon Darts|p2a: Magmortar\n|-activate|p2b: Kilowattrel|move: Protect\n|\n|upkeep\n|turn|8\n|\n|t:|1730420989\n|move|p2a: Magmortar|Follow Me|p2a: Magmortar\n|-singleturn|p2a: Magmortar|move: Follow Me\n|move|p1b: Dragapult|Dragon Darts|p2a: Magmortar\n|-damage|p2a: Magmortar|57\/100\n|-anim|p1b: Dragapult|Dragon Darts|p2a: Magmortar\n|-damage|p2a: Magmortar|17\/100\n|-enditem|p2a: Magmortar|Sitrus Berry|[eat]\n|-heal|p2a: Magmortar|42\/100|[from] item: Sitrus Berry\n|move|p2b: Kilowattrel|Thunderbolt|p1a: Incineroar\n|-damage|p1a: Incineroar|7\/100\n|move|p1a: Incineroar|Knock Off|p2a: Magmortar\n|-damage|p2a: Magmortar|16\/100\n|\n|upkeep\n|turn|9\n|\n|t:|1730421007\n|move|p1b: Dragapult|Dragon Darts|p2a: Magmortar\n|-damage|p2a: Magmortar|0 fnt\n|-anim|p1b: Dragapult|Dragon Darts|p2b: Kilowattrel\n|-damage|p2b: Kilowattrel|0 fnt\n|faint|p2a: Magmortar\n|faint|p2b: Kilowattrel\n|move|p1a: Incineroar|Knock Off|p2: Magmortar|[notarget]\n|-fail|p1a: Incineroar\n|\n|upkeep\n|\n|t:|1730421010\n|switch|p2b: Baxcalibur|Baxcalibur, L50, F|82\/100 brn\n|switch|p2a: Annihilape|Annihilape, L50, M|100\/100\n|-activate|p2b: Baxcalibur|ability: Thermal Exchange\n|-curestatus|p2b: Baxcalibur|brn|[msg]\n|turn|10\n|j| la bella de easo\n|\n|t:|1730421026\n|move|p2b: Baxcalibur|Ice Shard|p1b: Dragapult\n|-supereffective|p1b: Dragapult\n|-damage|p1b: Dragapult|0 fnt\n|faint|p1b: Dragapult\n|move|p2a: Annihilape|Drain Punch|p1a: Incineroar\n|-supereffective|p1a: Incineroar\n|-damage|p1a: Incineroar|0 fnt\n|faint|p1a: Incineroar\n|\n|win|chin8\n|raw|roykeenkennedy's rating: 1756 &rarr; <strong>1738<\/strong><br \/>(-18 for losing)\n|raw|chin8's rating: 1786 &rarr; <strong>1804<\/strong><br \/>(+18 for winning)\n|l|\u2606chin8\n|player|p2|\n|l|\u2606roykeenkennedy\n|player|p1|\n","uploadtime":1730421293,"views":48,"formatid":"gen9vgc2024regh","rating":1738,"private":0,"password":null}