{"id":"gen9vgc2024regh-2235397379","format":"[Gen 9] VGC 2024 Reg H","players":["actuary97","647w"],"log":"|j|\u2606actuary97\n|j|\u2606647w\n|t:|1730475140\n|gametype|doubles\n|player|p1|actuary97|sabrina-frlg|1909\n|player|p2|647w|lucas-gen4pt|1798\n|teamsize|p1|6\n|teamsize|p2|6\n|gen|9\n|tier|[Gen 9] VGC 2024 Reg H\n|rated|\n|rule|Species Clause: Limit one of each Pok\u00e9mon\n|rule|Item Clause: Limit 1 of each item\n|clearpoke\n|poke|p1|Whimsicott, L50, F|\n|poke|p1|Gallade, L50, M|\n|poke|p1|Archaludon, L50, F|\n|poke|p1|Malamar, L50, F|\n|poke|p1|Indeedee, L50, M|\n|poke|p1|Drifblim, L50, M|\n|poke|p2|Kilowattrel, L50, M|\n|poke|p2|Garchomp, L50, F|\n|poke|p2|Gholdengo, L50|\n|poke|p2|Incineroar, L50, F|\n|poke|p2|Rillaboom, L50, M|\n|poke|p2|Dondozo, L50, F|\n|teampreview|4\nactuary97 has agreed to open team sheets.\n647w has agreed to open team sheets.\n|\n|t:|1730475200\n|start\n|switch|p1a: Tapu Deedee|Indeedee, L50, M, shiny|100\/100\n|switch|p1b: \ud83c\udf88\ud83d\udc7b\ud83c\udf83\ud83d\udc7b\ud83c\udf83\ud83c\udf88|Drifblim, L50, M|100\/100\n|switch|p2a: Kilowattrel|Kilowattrel, L50, M|100\/100\n|switch|p2b: Garchomp|Garchomp, L50, F|100\/100\n|-fieldstart|move: Psychic Terrain|[from] ability: Psychic Surge|[of] p1a: Tapu Deedee\n|-enditem|p1b: \ud83c\udf88\ud83d\udc7b\ud83c\udf83\ud83d\udc7b\ud83c\udf83\ud83c\udf88|Psychic Seed\n|-boost|p1b: \ud83c\udf88\ud83d\udc7b\ud83c\udf83\ud83d\udc7b\ud83c\udf83\ud83c\udf88|spd|1|[from] item: Psychic Seed\n|turn|1\n|\n|t:|1730475212\n|switch|p2b: Gholdengo|Gholdengo, L50|100\/100\n|move|p1b: \ud83c\udf88\ud83d\udc7b\ud83c\udf83\ud83d\udc7b\ud83c\udf83\ud83c\udf88|Icy Wind|p2b: Gholdengo|[spread] p2a,p2b\n|-supereffective|p2a: Kilowattrel\n|-resisted|p2b: Gholdengo\n|-damage|p2a: Kilowattrel|69\/100\n|-damage|p2b: Gholdengo|96\/100\n|-unboost|p2a: Kilowattrel|spe|1\n|-ability|p2a: Kilowattrel|Competitive|boost\n|-boost|p2a: Kilowattrel|spa|2\n|-unboost|p2b: Gholdengo|spe|1\n|move|p1a: Tapu Deedee|Expanding Force|p2a: Kilowattrel|[spread] p2a,p2b\n|-resisted|p2b: Gholdengo\n|-damage|p2a: Kilowattrel|0 fnt\n|-damage|p2b: Gholdengo|55\/100\n|faint|p2a: Kilowattrel\n|\n|upkeep\n|\n|t:|1730475216\n|switch|p2a: Rillaboom|Rillaboom, L50, M|100\/100\n|-fieldstart|move: Grassy Terrain|[from] ability: Grassy Surge|[of] p2a: Rillaboom\n|turn|2\n|\n|t:|1730475233\n|switch|p1a: Malamother|Malamar, L50, F|100\/100\n|move|p1b: \ud83c\udf88\ud83d\udc7b\ud83c\udf83\ud83d\udc7b\ud83c\udf83\ud83c\udf88|Will-O-Wisp|p2a: Rillaboom\n|-status|p2a: Rillaboom|brn\n|move|p2a: Rillaboom|U-turn|p1a: Malamother\n|-supereffective|p1a: Malamother\n|-damage|p1a: Malamother|53\/100\n|\n|t:|1730475236\n|switch|p2a: Garchomp|Garchomp, L50, F|100\/100|[from] U-turn\n|move|p2b: Gholdengo|Nasty Plot|p2b: Gholdengo\n|-boost|p2b: Gholdengo|spa|2\n|\n|-heal|p1a: Malamother|59\/100|[from] Grassy Terrain\n|-heal|p2b: Gholdengo|62\/100|[from] Grassy Terrain\n|upkeep\n|turn|3\n|\n|t:|1730475255\n|switch|p2a: Rillaboom|Rillaboom, L50, M|100\/100 brn\n|-terastallize|p2b: Gholdengo|Water\n|move|p1b: \ud83c\udf88\ud83d\udc7b\ud83c\udf83\ud83d\udc7b\ud83c\udf83\ud83c\udf88|Icy Wind|p2b: Gholdengo|[spread] p2a,p2b\n|-supereffective|p2a: Rillaboom\n|-resisted|p2b: Gholdengo\n|-damage|p2a: Rillaboom|88\/100 brn\n|-damage|p2b: Gholdengo|57\/100\n|-unboost|p2a: Rillaboom|spe|1\n|-unboost|p2b: Gholdengo|spe|1\n|move|p1a: Malamother|Knock Off|p2b: Gholdengo\n|-damage|p2b: Gholdengo|26\/100\n|-enditem|p2b: Gholdengo|Sitrus Berry|[from] move: Knock Off|[of] p1a: Malamother\n|move|p2b: Gholdengo|Shadow Ball|p1b: \ud83c\udf88\ud83d\udc7b\ud83c\udf83\ud83d\udc7b\ud83c\udf83\ud83c\udf88\n|-supereffective|p1b: \ud83c\udf88\ud83d\udc7b\ud83c\udf83\ud83d\udc7b\ud83c\udf83\ud83c\udf88\n|-crit|p1b: \ud83c\udf88\ud83d\udc7b\ud83c\udf83\ud83d\udc7b\ud83c\udf83\ud83c\udf88\n|-damage|p1b: \ud83c\udf88\ud83d\udc7b\ud83c\udf83\ud83d\udc7b\ud83c\udf83\ud83c\udf88|0 fnt\n|faint|p1b: \ud83c\udf88\ud83d\udc7b\ud83c\udf83\ud83d\udc7b\ud83c\udf83\ud83c\udf88\n|\n|-heal|p1a: Malamother|65\/100|[from] Grassy Terrain\n|-heal|p2a: Rillaboom|94\/100 brn|[from] Grassy Terrain\n|-heal|p2b: Gholdengo|33\/100|[from] Grassy Terrain\n|-damage|p2a: Rillaboom|88\/100 brn|[from] brn\n|upkeep\n|\n|t:|1730475276\n|switch|p1b: Tapu Deedee|Indeedee, L50, M, shiny|100\/100\n|-fieldstart|move: Psychic Terrain|[from] ability: Psychic Surge|[of] p1b: Tapu Deedee\n|turn|4\n|\n|t:|1730475285\n|move|p2b: Gholdengo|Protect|p2b: Gholdengo\n|-singleturn|p2b: Gholdengo|Protect\n|move|p1b: Tapu Deedee|Expanding Force|p2b: Gholdengo|[spread] p2a\n|-activate|p2b: Gholdengo|move: Protect\n|-damage|p2a: Rillaboom|24\/100 brn\n|move|p1a: Malamother|Superpower|p2a: Rillaboom\n|-damage|p2a: Rillaboom|0 fnt\n|-boost|p1a: Malamother|atk|1\n|-boost|p1a: Malamother|def|1\n|faint|p2a: Rillaboom\n|\n|upkeep\n|\n|t:|1730475289\n|switch|p2a: Garchomp|Garchomp, L50, F|100\/100\n|turn|5\n|\n|t:|1730475298\n|move|p2a: Garchomp|Stomping Tantrum|p1b: Tapu Deedee\n|-damage|p1b: Tapu Deedee|20\/100\n|move|p1b: Tapu Deedee|Expanding Force|p2a: Garchomp|[spread] p2a,p2b\n|-damage|p2a: Garchomp|6\/100\n|-damage|p2b: Gholdengo|0 fnt\n|faint|p2b: Gholdengo\n|move|p1a: Malamother|Superpower|p2a: Garchomp\n|-damage|p2a: Garchomp|0 fnt\n|-boost|p1a: Malamother|atk|1\n|-boost|p1a: Malamother|def|1\n|-damage|p1a: Malamother|53\/100|[from] ability: Rough Skin|[of] p2a: Garchomp\n|faint|p2a: Garchomp\n|\n|win|actuary97\n|raw|actuary97's rating: 1909 &rarr; <strong>1923<\/strong><br \/>(+14 for winning)\n|raw|647w's rating: 1798 &rarr; <strong>1784<\/strong><br \/>(-14 for losing)\n|c|\u2606actuary97|gg\n|c|\u2606647w|gg\n|c|\u2606actuary97|think I just hit 1\n|c|\u2606actuary97|on rank\n|c|\u2606647w|awesome\n|c|\u2606actuary97|gl on ladder\n|c|\u2606647w|thanks\n|c|\u2606647w|you too\n|l|\u2606actuary97\n|player|p1|\n|l|\u2606647w\n|player|p2|\n|j|\u2606actuary97\n|player|p1|actuary97|sabrina-frlg|\n|l|\u2606actuary97\n|player|p1|\n","uploadtime":1730475309,"views":113,"formatid":"gen9vgc2024regh","rating":1784,"private":0,"password":null}