{"id":"gen9vgc2024regh-2235450808","format":"[Gen 9] VGC 2024 Reg H","players":["647w","brouz"],"log":"|j|\u2606647w\n|j|\u2606brouz\n|t:|1730480404\n|gametype|doubles\n|player|p1|647w|lucas-gen4pt|1746\n|player|p2|brouz|ingo|1832\n|teamsize|p1|6\n|teamsize|p2|6\n|gen|9\n|tier|[Gen 9] VGC 2024 Reg H\n|rated|\n|rule|Species Clause: Limit one of each Pok\u00e9mon\n|rule|Item Clause: Limit 1 of each item\n|clearpoke\n|poke|p1|Kilowattrel, L50, F|\n|poke|p1|Garchomp, L50, F|\n|poke|p1|Gholdengo, L50|\n|poke|p1|Incineroar, L50, F|\n|poke|p1|Rillaboom, L50, M|\n|poke|p1|Dondozo, L50, M|\n|poke|p2|Tyranitar, L50, F|\n|poke|p2|Gastrodon, L50, F|\n|poke|p2|Garchomp, L50, F|\n|poke|p2|Talonflame, L50, F|\n|poke|p2|Kingambit, L50, M|\n|poke|p2|Tsareena, L50, F|\n|teampreview|4\n|inactive|Battle timer is ON: inactive players will automatically lose when time's up. (requested by brouz)\n647w has agreed to open team sheets.\n|\n|t:|1730480423\n|start\n|switch|p1a: Kilowattrel|Kilowattrel, L50, F|100\/100\n|switch|p1b: Garchomp|Garchomp, L50, F|100\/100\n|switch|p2a: Talonflame|Talonflame, L50, F|100\/100\n|switch|p2b: Tyranitar|Tyranitar, L50, F|100\/100\n|-weather|Sandstorm|[from] ability: Sand Stream|[of] p2b: Tyranitar\n|turn|1\n|\n|t:|1730480437\n|move|p2a: Talonflame|Tailwind|p2a: Talonflame\n|-sidestart|p2: brouz|move: Tailwind\n|move|p2b: Tyranitar|Rock Slide|p1b: Garchomp|[spread] p1b\n|-miss|p2b: Tyranitar|p1a: Kilowattrel\n|-resisted|p1b: Garchomp\n|-damage|p1b: Garchomp|85\/100\n|move|p1a: Kilowattrel|Thunderbolt|p2a: Talonflame\n|-supereffective|p2a: Talonflame\n|-damage|p2a: Talonflame|0 fnt\n|faint|p2a: Talonflame\n|move|p1b: Garchomp|Swords Dance|p1b: Garchomp\n|-boost|p1b: Garchomp|atk|2\n|\n|-weather|Sandstorm|[upkeep]\n|-damage|p1a: Kilowattrel|94\/100|[from] Sandstorm\n|upkeep\n|j| Elv3r G4larga\n|\n|t:|1730480452\n|switch|p2a: Garchomp|Garchomp, L50, F|100\/100\n|turn|2\n|\n|t:|1730480458\n|-terastallize|p2b: Tyranitar|Flying\n|move|p1b: Garchomp|Protect|p1b: Garchomp\n|-singleturn|p1b: Garchomp|Protect\n|move|p2a: Garchomp|Earthquake|p1b: Garchomp|[spread] \n|-activate|p1b: Garchomp|move: Protect\n|-immune|p2b: Tyranitar\n|-immune|p1a: Kilowattrel\n|move|p2b: Tyranitar|Rock Slide|p1a: Kilowattrel|[spread] p1a\n|-activate|p1b: Garchomp|move: Protect\n|-supereffective|p1a: Kilowattrel\n|-damage|p1a: Kilowattrel|0 fnt\n|faint|p1a: Kilowattrel\n|\n|-weather|Sandstorm|[upkeep]\n|-damage|p2b: Tyranitar|94\/100|[from] Sandstorm\n|upkeep\n|\n|t:|1730480460\n|switch|p1a: Rillaboom|Rillaboom, L50, M|100\/100\n|-fieldstart|move: Grassy Terrain|[from] ability: Grassy Surge|[of] p1a: Rillaboom\n|turn|3\n|\n|t:|1730480471\n|switch|p2a: Kingambit|Kingambit, L50, M|100\/100\n|-terastallize|p1b: Garchomp|Fairy\n|move|p1a: Rillaboom|Fake Out|p2b: Tyranitar\n|-damage|p2b: Tyranitar|82\/100\n|cant|p2b: Tyranitar|flinch\n|move|p1b: Garchomp|Dragon Claw|p2a: Kingambit\n|-resisted|p2a: Kingambit\n|-damage|p2a: Kingambit|72\/100\n|\n|-weather|Sandstorm|[upkeep]\n|-damage|p2b: Tyranitar|76\/100|[from] Sandstorm\n|-damage|p1b: Garchomp|79\/100|[from] Sandstorm\n|-damage|p1a: Rillaboom|95\/100|[from] Sandstorm\n|-heal|p1b: Garchomp|85\/100|[from] Grassy Terrain\n|-heal|p2a: Kingambit|78\/100|[from] Grassy Terrain\n|-heal|p1a: Rillaboom|100\/100|[from] Grassy Terrain\n|upkeep\n|turn|4\n|\n|t:|1730480480\n|switch|p1a: Dondozo|Dondozo, L50, M|100\/100\n|move|p1b: Garchomp|Protect|p1b: Garchomp\n|-singleturn|p1b: Garchomp|Protect\n|move|p2b: Tyranitar|Tera Blast|p1a: Dondozo|[anim] Tera Blast Flying\n|-damage|p1a: Dondozo|71\/100\n|move|p2a: Kingambit|Iron Head|p1b: Garchomp\n|-activate|p1b: Garchomp|move: Protect\n|\n|-weather|Sandstorm|[upkeep]\n|-damage|p2b: Tyranitar|70\/100|[from] Sandstorm\n|-damage|p1b: Garchomp|79\/100|[from] Sandstorm\n|-damage|p1a: Dondozo|65\/100|[from] Sandstorm\n|-heal|p1b: Garchomp|85\/100|[from] Grassy Terrain\n|-heal|p2a: Kingambit|84\/100|[from] Grassy Terrain\n|-heal|p1a: Dondozo|71\/100|[from] Grassy Terrain\n|-heal|p1a: Dondozo|78\/100|[from] item: Leftovers\n|-sideend|p2: brouz|move: Tailwind\n|upkeep\n|turn|5\n|\n|t:|1730480497\n|move|p2a: Kingambit|Protect|p2a: Kingambit\n|-singleturn|p2a: Kingambit|Protect\n|move|p1b: Garchomp|Stomping Tantrum|p2a: Kingambit\n|-activate|p2a: Kingambit|move: Protect\n|move|p2b: Tyranitar|Knock Off|p1a: Dondozo\n|-damage|p1a: Dondozo|41\/100\n|-enditem|p1a: Dondozo|Leftovers|[from] move: Knock Off|[of] p2b: Tyranitar\n|move|p1a: Dondozo|Yawn|p2b: Tyranitar\n|-start|p2b: Tyranitar|move: Yawn|[of] p1a: Dondozo\n|\n|-weather|none\n|-heal|p1b: Garchomp|91\/100|[from] Grassy Terrain\n|-heal|p2a: Kingambit|89\/100|[from] Grassy Terrain\n|-heal|p1a: Dondozo|48\/100|[from] Grassy Terrain\n|upkeep\n|turn|6\n|\n|t:|1730480510\n|switch|p2b: Garchomp|Garchomp, L50, F|100\/100\n|move|p1b: Garchomp|Stomping Tantrum|p2a: Kingambit\n|-supereffective|p2a: Kingambit\n|-damage|p2a: Kingambit|0 fnt\n|faint|p2a: Kingambit\n|move|p1a: Dondozo|Yawn|p2b: Garchomp\n|-start|p2b: Garchomp|move: Yawn|[of] p1a: Dondozo\n|\n|-heal|p1b: Garchomp|97\/100|[from] Grassy Terrain\n|-heal|p1a: Dondozo|54\/100|[from] Grassy Terrain\n|upkeep\n|\n|t:|1730480514\n|switch|p2a: Tyranitar|Tyranitar, L50, F, tera:Flying|70\/100\n|-weather|Sandstorm|[from] ability: Sand Stream|[of] p2a: Tyranitar\n|turn|7\n|\n|t:|1730480519\n|move|p1b: Garchomp|Protect|p1b: Garchomp\n|-singleturn|p1b: Garchomp|Protect\n|move|p1a: Dondozo|Protect|p1a: Dondozo\n|-singleturn|p1a: Dondozo|Protect\n|move|p2b: Garchomp|Poison Jab|p1b: Garchomp\n|-activate|p1b: Garchomp|move: Protect\n|move|p2a: Tyranitar|Rock Slide|p1a: Dondozo|[spread] \n|-activate|p1a: Dondozo|move: Protect\n|-activate|p1b: Garchomp|move: Protect\n|\n|-weather|Sandstorm|[upkeep]\n|-damage|p1b: Garchomp|91\/100|[from] Sandstorm\n|-damage|p2a: Tyranitar|64\/100|[from] Sandstorm\n|-damage|p1a: Dondozo|48\/100|[from] Sandstorm\n|-heal|p1b: Garchomp|97\/100|[from] Grassy Terrain\n|-heal|p1a: Dondozo|54\/100|[from] Grassy Terrain\n|-end|p2b: Garchomp|move: Yawn|[silent]\n|-status|p2b: Garchomp|slp\n|-fieldend|move: Grassy Terrain\n|upkeep\n|turn|8\n|\n|t:|1730480525\n|move|p1b: Garchomp|Dragon Claw|p2a: Tyranitar\n|-damage|p2a: Tyranitar|0 fnt\n|faint|p2a: Tyranitar\n|cant|p2b: Garchomp|slp\n|move|p1a: Dondozo|Wave Crash|p2b: Garchomp\n|-damage|p2b: Garchomp|60\/100 slp\n|-damage|p1a: Dondozo|44\/100|[from] Recoil\n|\n|-weather|Sandstorm|[upkeep]\n|-damage|p1b: Garchomp|91\/100|[from] Sandstorm\n|-damage|p1a: Dondozo|38\/100|[from] Sandstorm\n|upkeep\n|turn|9\n|\n|t:|1730480530\n|move|p1b: Garchomp|Dragon Claw|p2b: Garchomp\n|-supereffective|p2b: Garchomp\n|-crit|p2b: Garchomp\n|-damage|p2b: Garchomp|0 fnt\n|faint|p2b: Garchomp\n|\n|win|647w\n|raw|647w's rating: 1746 &rarr; <strong>1771<\/strong><br \/>(+25 for winning)\n|raw|brouz's rating: 1832 &rarr; <strong>1807<\/strong><br \/>(-25 for losing)\n|l|\u2606brouz\n|player|p2|\n|l| Elv3r G4larga\n|j| 0l'Bones\n|l|\u2606647w\n|player|p1|\n","uploadtime":1730480534,"views":61,"formatid":"gen9vgc2024regh","rating":1771,"private":0,"password":null}