{"id":"gen9vgc2024regh-2235094201","format":"[Gen 9] VGC 2024 Reg H","players":["grade a type b","pokequimico"],"log":"|j|\u2606grade a type b\n|j|\u2606pokequimico\n|t:|1730424083\n|gametype|doubles\n|player|p1|grade a type b|waiter-gen4dp|1680\n|player|p2|pokequimico|lucas|1736\n|teamsize|p1|6\n|teamsize|p2|6\n|gen|9\n|tier|[Gen 9] VGC 2024 Reg H\n|rated|\n|rule|Species Clause: Limit one of each Pok\u00e9mon\n|rule|Item Clause: Limit 1 of each item\n|clearpoke\n|poke|p1|Whimsicott, L50, M|\n|poke|p1|Ursaluna-Bloodmoon, L50, M|\n|poke|p1|Dragonite, L50, M|\n|poke|p1|Primarina, L50, M|\n|poke|p1|Gholdengo, L50|\n|poke|p1|Tyranitar, L50, M|\n|poke|p2|Sneasler, L50, F|\n|poke|p2|Typhlosion-Hisui, L50, M|\n|poke|p2|Rillaboom, L50, M|\n|poke|p2|Kingambit, L50, F|\n|poke|p2|Dragonite, L50, M|\n|poke|p2|Primarina, L50, M|\n|teampreview|4\n|inactive|Battle timer is ON: inactive players will automatically lose when time's up. (requested by grade a type b)\n|\n|t:|1730424111\n|start\n|switch|p1a: Whimsicott|Whimsicott, L50, M|100\/100\n|switch|p1b: Tyranitar|Tyranitar, L50, M|100\/100\n|switch|p2a: Sneasler|Sneasler, L50, F|100\/100\n|switch|p2b: Dragonite|Dragonite, L50, M|100\/100\n|-weather|Sandstorm|[from] ability: Sand Stream|[of] p1b: Tyranitar\n|turn|1\n|\n|t:|1730424131\n|-terastallize|p1b: Tyranitar|Flying\n|move|p2a: Sneasler|Fake Out|p1b: Tyranitar\n|-damage|p1b: Tyranitar|89\/100\n|move|p1a: Whimsicott|Tailwind|p1a: Whimsicott\n|-sidestart|p1: grade a type b|move: Tailwind\n|cant|p1b: Tyranitar|flinch\n|move|p2b: Dragonite|Low Kick|p1b: Tyranitar\n|-resisted|p1b: Tyranitar\n|-damage|p1b: Tyranitar|73\/100\n|\n|-weather|Sandstorm|[upkeep]\n|-damage|p1a: Whimsicott|95\/100|[from] Sandstorm\n|-damage|p2a: Sneasler|95\/100|[from] Sandstorm\n|-damage|p1b: Tyranitar|67\/100|[from] Sandstorm\n|-damage|p2b: Dragonite|95\/100|[from] Sandstorm\n|upkeep\n|turn|2\n|\n|t:|1730424148\n|switch|p2a: Kingambit|Kingambit, L50, F|100\/100\n|-terastallize|p2b: Dragonite|Fairy\n|move|p1a: Whimsicott|Encore|p2a: Kingambit\n|-hint|Since gen 7, Dark is immune to Prankster moves.\n|-immune|p2a: Kingambit\n|move|p1b: Tyranitar|Rock Slide|p2a: Kingambit|[spread] p2a,p2b\n|-resisted|p2a: Kingambit\n|-damage|p2a: Kingambit|87\/100\n|-damage|p2b: Dragonite|56\/100\n|move|p2b: Dragonite|Scale Shot|p1b: Tyranitar|[miss]\n|-miss|p2b: Dragonite|p1b: Tyranitar\n|\n|-weather|Sandstorm|[upkeep]\n|-damage|p1a: Whimsicott|89\/100|[from] Sandstorm\n|-damage|p1b: Tyranitar|61\/100|[from] Sandstorm\n|-damage|p2b: Dragonite|50\/100|[from] Sandstorm\n|upkeep\n|turn|3\n|\n|t:|1730424166\n|move|p2b: Dragonite|Extreme Speed|p1b: Tyranitar\n|-damage|p1b: Tyranitar|38\/100\n|move|p2a: Kingambit|Sucker Punch|p1b: Tyranitar\n|-damage|p1b: Tyranitar|4\/100\n|move|p1a: Whimsicott|Moonblast|p2b: Dragonite\n|-damage|p2b: Dragonite|24\/100\n|-unboost|p2b: Dragonite|spa|1\n|move|p1b: Tyranitar|Low Kick|p2a: Kingambit\n|-supereffective|p2a: Kingambit\n|-damage|p2a: Kingambit|0 fnt\n|faint|p2a: Kingambit\n|\n|-weather|Sandstorm|[upkeep]\n|-damage|p1a: Whimsicott|83\/100|[from] Sandstorm\n|-damage|p1b: Tyranitar|0 fnt|[from] Sandstorm\n|-damage|p2b: Dragonite|19\/100|[from] Sandstorm\n|faint|p1b: Tyranitar\n|upkeep\n|\n|t:|1730424180\n|switch|p1b: Gholdengo|Gholdengo, L50|100\/100\n|switch|p2a: Primarina|Primarina, L50, M|100\/100\n|turn|4\n|\n|t:|1730424188\n|move|p2a: Primarina|Protect|p2a: Primarina\n|-singleturn|p2a: Primarina|Protect\n|move|p2b: Dragonite|Extreme Speed|p1a: Whimsicott\n|-damage|p1a: Whimsicott|50\/100\n|move|p1a: Whimsicott|Moonblast|p2a: Primarina\n|-activate|p2a: Primarina|move: Protect\n|move|p1b: Gholdengo|Make It Rain|p2b: Dragonite|[spread] p2b\n|-activate|p2a: Primarina|move: Protect\n|-supereffective|p2b: Dragonite\n|-damage|p2b: Dragonite|0 fnt\n|-unboost|p1b: Gholdengo|spa|1\n|faint|p2b: Dragonite\n|\n|-weather|Sandstorm|[upkeep]\n|-damage|p1a: Whimsicott|44\/100|[from] Sandstorm\n|-damage|p2a: Primarina|95\/100|[from] Sandstorm\n|-sideend|p1: grade a type b|move: Tailwind\n|upkeep\n|\n|t:|1730424199\n|switch|p2b: Sneasler|Sneasler, L50, F|95\/100\n|turn|5\n|\n|t:|1730424205\n|move|p1a: Whimsicott|Tailwind|p1a: Whimsicott\n|-sidestart|p1: grade a type b|move: Tailwind\n|move|p1b: Gholdengo|Make It Rain|p2b: Sneasler|[spread] p2a,p2b\n|-damage|p2a: Primarina|50\/100\n|-damage|p2b: Sneasler|35\/100\n|-unboost|p1b: Gholdengo|spa|1\n|move|p2b: Sneasler|Dire Claw|p1a: Whimsicott\n|-supereffective|p1a: Whimsicott\n|-damage|p1a: Whimsicott|0 fnt\n|faint|p1a: Whimsicott\n|move|p2a: Primarina|Hyper Voice|p1b: Gholdengo\n|-damage|p1b: Gholdengo|33\/100\n|-damage|p2a: Primarina|40\/100|[from] item: Life Orb\n|\n|-weather|none\n|upkeep\n|\n|t:|1730424207\n|switch|p1a: Timmy Thickk|Dragonite, L50, M, shiny|100\/100\n|turn|6\n|\n|t:|1730424214\n|move|p1a: Timmy Thickk|Extreme Speed|p2a: Primarina\n|-damage|p2a: Primarina|2\/100\n|move|p1b: Gholdengo|Make It Rain|p2a: Primarina|[spread] p2a,p2b\n|-damage|p2a: Primarina|0 fnt\n|-damage|p2b: Sneasler|0 fnt\n|-unboost|p1b: Gholdengo|spa|1\n|faint|p2a: Primarina\n|faint|p2b: Sneasler\n|\n|win|grade a type b\n|raw|grade a type b's rating: 1680 &rarr; <strong>1703<\/strong><br \/>(+23 for winning)\n|raw|pokequimico's rating: 1736 &rarr; <strong>1713<\/strong><br \/>(-23 for losing)\n|l|\u2606pokequimico\n|player|p2|\n|l|\u2606grade a type b\n|player|p1|\n","uploadtime":1730424476,"views":17,"formatid":"gen9vgc2024regh","rating":1703,"private":0,"password":null}