{"id":"gen9vgc2024regh-2235324885","format":"[Gen 9] VGC 2024 Reg H","players":["meowsticgaming","roykeenkennedy"],"log":"|j|\u2606meowsticgaming\n|j|\u2606roykeenkennedy\n|t:|1730467497\n|gametype|doubles\n|player|p1|meowsticgaming|burglar-gen1rb|1757\n|player|p2|roykeenkennedy|alder|1807\n|teamsize|p1|6\n|teamsize|p2|6\n|gen|9\n|tier|[Gen 9] VGC 2024 Reg H\n|rated|\n|rule|Species Clause: Limit one of each Pok\u00e9mon\n|rule|Item Clause: Limit 1 of each item\n|clearpoke\n|poke|p1|Dondozo, L50, M|\n|poke|p1|Tatsugiri, L50, F|\n|poke|p1|Glimmora, L50, F|\n|poke|p1|Kingambit, L50, M|\n|poke|p1|Annihilape, L50, F|\n|poke|p1|Dragonite, L50, M|\n|poke|p2|Tyranitar, L50, M|\n|poke|p2|Skeledirge, L50, F|\n|poke|p2|Meowscarada, L50, F|\n|poke|p2|Grimmsnarl, L50, M|\n|poke|p2|Wartortle, L50, F|\n|poke|p2|Houndstone, L50, M|\n|teampreview|4\n|inactive|Battle timer is ON: inactive players will automatically lose when time's up. (requested by meowsticgaming)\n|\n|t:|1730467530\n|start\n|switch|p1a: Glimmora|Glimmora, L50, F|100\/100\n|switch|p1b: Annihilape|Annihilape, L50, F|100\/100\n|switch|p2a: Meowscarada|Meowscarada, L50, F|100\/100\n|switch|p2b: Skeledirge|Skeledirge, L50, F|100\/100\n|turn|1\n|j| 876970wertg\n|inactive|roykeenkennedy has 30 seconds left.\n|\n|t:|1730467558\n|-terastallize|p2b: Skeledirge|Grass\n|move|p1b: Annihilape|U-turn|p2a: Meowscarada\n|-supereffective|p2a: Meowscarada\n|-enditem|p2a: Meowscarada|Focus Sash\n|-damage|p2a: Meowscarada|1\/100\n|\n|t:|1730467564\n|switch|p1b: Dondozo|Dondozo, L50, M|100\/100|[from] U-turn\n|move|p2a: Meowscarada|Grass Pledge|p1b: Dondozo\n|-waiting|p2a: Meowscarada|p2b: Skeledirge\n|move|p2b: Skeledirge|Fire Pledge|p1b: Dondozo|[from]move: Grass Pledge\n|-combine\n|-resisted|p1b: Dondozo\n|-damage|p1b: Dondozo|70\/100\n|-sidestart|p1: meowsticgaming|Fire Pledge\n|move|p1a: Glimmora|Mortal Spin|p2b: Skeledirge|[spread] p2a,p2b\n|-supereffective|p2a: Meowscarada\n|-supereffective|p2b: Skeledirge\n|-damage|p2a: Meowscarada|0 fnt\n|-damage|p2b: Skeledirge|94\/100\n|-status|p2b: Skeledirge|psn\n|faint|p2a: Meowscarada\n|\n|-damage|p1a: Glimmora|88\/100|[from] Fire Pledge\n|-damage|p1b: Dondozo|58\/100|[from] Fire Pledge\n|-heal|p1b: Dondozo|64\/100|[from] item: Leftovers\n|-heal|p2b: Skeledirge|99\/100 psn|[from] item: Leftovers\n|-damage|p2b: Skeledirge|88\/100 psn|[from] psn\n|upkeep\n|\n|t:|1730467586\n|switch|p2a: Tyranitar|Tyranitar, L50, M|100\/100\n|-weather|Sandstorm|[from] ability: Sand Stream|[of] p2a: Tyranitar\n|turn|2\n|inactive|meowsticgaming has 30 seconds left.\n|\n|t:|1730467615\n|switch|p1a: Tatsugiri|Tatsugiri, L50, F|100\/100\n|-activate|p1a: Tatsugiri|ability: Commander|[of] p1b: Dondozo\n|-boost|p1b: Dondozo|atk|2\n|-boost|p1b: Dondozo|spa|2\n|-boost|p1b: Dondozo|spe|2\n|-boost|p1b: Dondozo|def|2\n|-boost|p1b: Dondozo|spd|2\n|-terastallize|p1b: Dondozo|Steel\n|move|p1b: Dondozo|Wave Crash|p2a: Tyranitar\n|-supereffective|p2a: Tyranitar\n|-damage|p2a: Tyranitar|0 fnt\n|faint|p2a: Tyranitar\n|-damage|p1b: Dondozo|34\/100|[from] Recoil\n|move|p2b: Skeledirge|Fire Spin|p1b: Dondozo\n|-supereffective|p1b: Dondozo\n|-damage|p1b: Dondozo|2\/100\n|-activate|p1b: Dondozo|move: Fire Spin|[of] p2b: Skeledirge\n|\n|-weather|Sandstorm|[upkeep]\n|-damage|p1a: Tatsugiri|95\/100|[from] Sandstorm\n|-damage|p2b: Skeledirge|82\/100 psn|[from] Sandstorm\n|-damage|p1b: Dondozo|0 fnt|[from] Fire Pledge\n|faint|p1b: Dondozo\n|-damage|p1a: Tatsugiri|83\/100|[from] Fire Pledge\n|-heal|p2b: Skeledirge|88\/100 psn|[from] item: Leftovers\n|-damage|p2b: Skeledirge|75\/100 psn|[from] psn\n|upkeep\n|j| iceshiva\n|inactive|roykeenkennedy has 30 seconds left.\n|\n|t:|1730467641\n|switch|p1b: Glimmora|Glimmora, L50, F|88\/100\n|switch|p2a: Houndstone|Houndstone, L50, M|100\/100\n|turn|3\n|\n|t:|1730467662\n|move|p1b: Glimmora|Spiky Shield|p1b: Glimmora\n|-singleturn|p1b: Glimmora|move: Protect\n|move|p2a: Houndstone|Last Respects|p1b: Glimmora\n|-activate|p1b: Glimmora|move: Protect\n|move|p1a: Tatsugiri|Draco Meteor|p2a: Houndstone\n|-damage|p2a: Houndstone|26\/100\n|-unboost|p1a: Tatsugiri|spa|2\n|move|p2b: Skeledirge|Fire Spin|p1a: Tatsugiri\n|-resisted|p1a: Tatsugiri\n|-damage|p1a: Tatsugiri|79\/100\n|-activate|p1a: Tatsugiri|move: Fire Spin|[of] p2b: Skeledirge\n|\n|-weather|Sandstorm|[upkeep]\n|-damage|p1a: Tatsugiri|73\/100|[from] Sandstorm\n|-damage|p2b: Skeledirge|69\/100 psn|[from] Sandstorm\n|-damage|p1b: Glimmora|75\/100|[from] Fire Pledge\n|-damage|p1a: Tatsugiri|61\/100|[from] Fire Pledge\n|-heal|p2b: Skeledirge|75\/100 psn|[from] item: Leftovers\n|-damage|p2b: Skeledirge|63\/100 psn|[from] psn\n|-damage|p1a: Tatsugiri|49\/100|[from] move: Fire Spin|[partiallytrapped]\n|upkeep\n|turn|4\n|inactive|meowsticgaming has 30 seconds left.\n|inactive|meowsticgaming has 20 seconds left.\n|\n|t:|1730467698\n|switch|p1b: Annihilape|Annihilape, L50, F|100\/100\n|move|p2a: Houndstone|Last Respects|p1b: Annihilape\n|-supereffective|p1b: Annihilape\n|-damage|p1b: Annihilape|0 fnt\n|faint|p1b: Annihilape\n|move|p1a: Tatsugiri|Draco Meteor|p2a: Houndstone\n|-damage|p2a: Houndstone|0 fnt\n|-unboost|p1a: Tatsugiri|spa|2\n|faint|p2a: Houndstone\n|move|p2b: Skeledirge|Slack Off|p2b: Skeledirge\n|-heal|p2b: Skeledirge|100\/100 psn\n|\n|-weather|Sandstorm|[upkeep]\n|-damage|p1a: Tatsugiri|44\/100|[from] Sandstorm\n|-damage|p2b: Skeledirge|94\/100 psn|[from] Sandstorm\n|-damage|p1a: Tatsugiri|32\/100|[from] Fire Pledge\n|-heal|p2b: Skeledirge|100\/100 psn|[from] item: Leftovers\n|-damage|p2b: Skeledirge|88\/100 psn|[from] psn\n|-damage|p1a: Tatsugiri|20\/100|[from] move: Fire Spin|[partiallytrapped]\n|-sideend|p1: meowsticgaming|Fire Pledge\n|upkeep\n|\n|t:|1730467706\n|switch|p1b: Glimmora|Glimmora, L50, F|75\/100\n|turn|5\n|\n|t:|1730467723\n|move|p1b: Glimmora|Sludge Bomb|p2b: Skeledirge\n|-supereffective|p2b: Skeledirge\n|-damage|p2b: Skeledirge|19\/100 psn\n|move|p1a: Tatsugiri|Draco Meteor|p2b: Skeledirge\n|-damage|p2b: Skeledirge|0 fnt\n|-unboost|p1a: Tatsugiri|spa|2\n|faint|p2b: Skeledirge\n|\n|win|meowsticgaming\n|raw|meowsticgaming's rating: 1757 &rarr; <strong>1780<\/strong><br \/>(+23 for winning)\n|raw|roykeenkennedy's rating: 1807 &rarr; <strong>1784<\/strong><br \/>(-23 for losing)\n|l| iceshiva\n|l| 876970wertg\n|l|\u2606meowsticgaming\n|player|p1|\n","uploadtime":1730467991,"views":48,"formatid":"gen9vgc2024regh","rating":1780,"private":0,"password":null}