{"id":"gen9vgc2024regh-2235731854","format":"[Gen 9] VGC 2024 Reg H","players":["Iamsliverfish","647w"],"log":"|j|\u2606Iamsliverfish\n|j|\u2606647w\n|t:|1730512101\n|gametype|doubles\n|player|p1|Iamsliverfish|hiker-gen4|1710\n|player|p2|647w|lucas-gen4pt|1690\n|teamsize|p1|6\n|teamsize|p2|6\n|gen|9\n|tier|[Gen 9] VGC 2024 Reg H\n|rated|\n|rule|Species Clause: Limit one of each Pok\u00e9mon\n|rule|Item Clause: Limit 1 of each item\n|clearpoke\n|poke|p1|Kommo-o, L50, M|\n|poke|p1|Farigiraf, L50, F|\n|poke|p1|Incineroar, L50, F|\n|poke|p1|Rillaboom, L50, M|\n|poke|p1|Ursaluna-Bloodmoon, L50, M|\n|poke|p1|Gholdengo, L50|\n|poke|p2|Kilowattrel, L50, F|\n|poke|p2|Garchomp, L50, F|\n|poke|p2|Gholdengo, L50|\n|poke|p2|Incineroar, L50, F|\n|poke|p2|Rillaboom, L50, M|\n|poke|p2|Dondozo, L50, M|\n|teampreview|4\n647w has agreed to open team sheets.\n|\n|t:|1730512153\n|start\n|switch|p1a: Gholdengo|Gholdengo, L50|100\/100\n|switch|p1b: Kommo-o|Kommo-o, L50, M|100\/100\n|switch|p2a: Garchomp|Garchomp, L50, F|100\/100\n|switch|p2b: Dondozo|Dondozo, L50, M|100\/100\n|turn|1\n|\n|t:|1730512166\n|switch|p2a: Incineroar|Incineroar, L50, F|100\/100\n|-ability|p2a: Incineroar|Intimidate|boost\n|-unboost|p1a: Gholdengo|atk|1\n|-unboost|p1b: Kommo-o|atk|1\n|-terastallize|p1a: Gholdengo|Fairy\n|move|p1a: Gholdengo|Dazzling Gleam|p2b: Dondozo|[spread] p2a,p2b\n|-crit|p2b: Dondozo\n|-damage|p2a: Incineroar|60\/100\n|-damage|p2b: Dondozo|54\/100\n|move|p1b: Kommo-o|Iron Defense|p1b: Kommo-o\n|-boost|p1b: Kommo-o|def|2\n|move|p2b: Dondozo|Yawn|p1b: Kommo-o\n|-start|p1b: Kommo-o|move: Yawn|[of] p2b: Dondozo\n|\n|-heal|p2b: Dondozo|60\/100|[from] item: Leftovers\n|upkeep\n|turn|2\n|\n|t:|1730512188\n|switch|p1b: Rillaboom|Rillaboom, L50, M|100\/100\n|-fieldstart|move: Grassy Terrain|[from] ability: Grassy Surge|[of] p1b: Rillaboom\n|move|p2a: Incineroar|Fake Out|p1a: Gholdengo\n|-damage|p1a: Gholdengo|87\/100\n|cant|p1a: Gholdengo|flinch\n|move|p2b: Dondozo|Yawn|p1b: Rillaboom\n|-start|p1b: Rillaboom|move: Yawn|[of] p2b: Dondozo\n|\n|-heal|p1a: Gholdengo|93\/100|[from] Grassy Terrain\n|-heal|p2a: Incineroar|66\/100|[from] Grassy Terrain\n|-heal|p2b: Dondozo|66\/100|[from] Grassy Terrain\n|-heal|p2b: Dondozo|72\/100|[from] item: Leftovers\n|upkeep\n|turn|3\n|\n|t:|1730512198\n|move|p2b: Dondozo|Protect|p2b: Dondozo\n|-singleturn|p2b: Dondozo|Protect\n|move|p1b: Rillaboom|Fake Out|p2a: Incineroar\n|-damage|p2a: Incineroar|55\/100\n|move|p1a: Gholdengo|Dazzling Gleam|p2a: Incineroar|[spread] p2a\n|-activate|p2b: Dondozo|move: Protect\n|-damage|p2a: Incineroar|13\/100\n|cant|p2a: Incineroar|flinch\n|\n|-heal|p1a: Gholdengo|99\/100|[from] Grassy Terrain\n|-heal|p2a: Incineroar|19\/100|[from] Grassy Terrain\n|-heal|p2b: Dondozo|79\/100|[from] Grassy Terrain\n|-heal|p2b: Dondozo|85\/100|[from] item: Leftovers\n|-end|p1b: Rillaboom|move: Yawn|[silent]\n|-status|p1b: Rillaboom|slp\n|upkeep\n|turn|4\n|\n|t:|1730512212\n|switch|p1b: Kommo-o|Kommo-o, L50, M|100\/100\n|switch|p2a: Gholdengo|Gholdengo, L50|100\/100\n|move|p1a: Gholdengo|Dazzling Gleam|p2a: Gholdengo|[spread] p2a,p2b\n|-resisted|p2a: Gholdengo\n|-damage|p2a: Gholdengo|78\/100\n|-damage|p2b: Dondozo|50\/100\n|move|p2b: Dondozo|Fissure|p1b: Kommo-o|[miss]\n|-miss|p2b: Dondozo|p1b: Kommo-o\n|\n|-heal|p1a: Gholdengo|100\/100|[from] Grassy Terrain\n|-heal|p2a: Gholdengo|84\/100|[from] Grassy Terrain\n|-heal|p2b: Dondozo|56\/100|[from] Grassy Terrain\n|-heal|p2b: Dondozo|62\/100|[from] item: Leftovers\n|upkeep\n|turn|5\n|\n|t:|1730512228\n|switch|p1a: Rillaboom|Rillaboom, L50, M|100\/100 slp\n|move|p1b: Kommo-o|Protect|p1b: Kommo-o\n|-singleturn|p1b: Kommo-o|Protect\n|move|p2a: Gholdengo|Nasty Plot|p2a: Gholdengo\n|-boost|p2a: Gholdengo|spa|2\n|move|p2b: Dondozo|Yawn|p1b: Kommo-o\n|-activate|p1b: Kommo-o|move: Protect\n|\n|-heal|p2a: Gholdengo|90\/100|[from] Grassy Terrain\n|-heal|p2b: Dondozo|69\/100|[from] Grassy Terrain\n|-heal|p2b: Dondozo|75\/100|[from] item: Leftovers\n|upkeep\n|turn|6\n|\n|t:|1730512248\n|move|p2a: Gholdengo|Make It Rain|p1a: Rillaboom|[spread] p1a,p1b\n|-damage|p1a: Rillaboom|27\/100 slp\n|-damage|p1b: Kommo-o|16\/100\n|-unboost|p2a: Gholdengo|spa|1\n|move|p1b: Kommo-o|Body Press|p2b: Dondozo\n|-damage|p2b: Dondozo|49\/100\n|cant|p1a: Rillaboom|slp\n|move|p2b: Dondozo|Yawn|p1b: Kommo-o\n|-start|p1b: Kommo-o|move: Yawn|[of] p2b: Dondozo\n|\n|-heal|p2a: Gholdengo|96\/100|[from] Grassy Terrain\n|-heal|p1b: Kommo-o|22\/100|[from] Grassy Terrain\n|-heal|p1b: Kommo-o|28\/100|[from] item: Leftovers\n|-heal|p1a: Rillaboom|32\/100 slp|[from] Grassy Terrain\n|-heal|p2b: Dondozo|55\/100|[from] Grassy Terrain\n|-heal|p2b: Dondozo|62\/100|[from] item: Leftovers\n|-fieldend|move: Grassy Terrain\n|upkeep\n|turn|7\n|\n|t:|1730512273\n|switch|p2b: Garchomp|Garchomp, L50, F|100\/100\n|move|p2a: Gholdengo|Make It Rain|p1b: Kommo-o|[spread] p1a,p1b\n|-damage|p1a: Rillaboom|0 fnt\n|-damage|p1b: Kommo-o|0 fnt\n|-unboost|p2a: Gholdengo|spa|1\n|faint|p1a: Rillaboom\n|faint|p1b: Kommo-o\n|\n|upkeep\n|\n|t:|1730512275\n|switch|p1b: Gholdengo|Gholdengo, L50, tera:Fairy|100\/100\n|switch|p1a: Ursaluna|Ursaluna-Bloodmoon, L50, M|100\/100\n|turn|8\n|\n|t:|1730512296\n|move|p2b: Garchomp|Protect|p2b: Garchomp\n|-singleturn|p2b: Garchomp|Protect\n|move|p2a: Gholdengo|Protect|p2a: Gholdengo\n|-singleturn|p2a: Gholdengo|Protect\n|move|p1a: Ursaluna|Vacuum Wave|p2a: Gholdengo\n|-activate|p2a: Gholdengo|move: Protect\n|move|p1b: Gholdengo|Shadow Ball|p2a: Gholdengo\n|-activate|p2a: Gholdengo|move: Protect\n|\n|upkeep\n|turn|9\n|\n|t:|1730512321\n|-terastallize|p2a: Gholdengo|Water\n|move|p2b: Garchomp|Stomping Tantrum|p1a: Ursaluna\n|-damage|p1a: Ursaluna|70\/100\n|move|p1b: Gholdengo|Shadow Ball|p2b: Garchomp\n|-damage|p2b: Garchomp|35\/100\n|move|p2a: Gholdengo|Make It Rain|p1b: Gholdengo|[spread] p1a,p1b\n|-supereffective|p1b: Gholdengo\n|-crit|p1b: Gholdengo\n|-damage|p1a: Ursaluna|42\/100\n|-damage|p1b: Gholdengo|0 fnt\n|-unboost|p2a: Gholdengo|spa|1\n|faint|p1b: Gholdengo\n|move|p1a: Ursaluna|Blood Moon|p2b: Garchomp\n|-crit|p2b: Garchomp\n|-damage|p2b: Garchomp|0 fnt\n|faint|p2b: Garchomp\n|\n|upkeep\n|-message|Iamsliverfish forfeited.\n|\n|win|647w\n|raw|Iamsliverfish's rating: 1710 &rarr; <strong>1689<\/strong><br \/>(-21 for losing)\n|raw|647w's rating: 1690 &rarr; <strong>1711<\/strong><br \/>(+21 for winning)\n|l|\u2606Iamsliverfish\n|player|p1|\n|l|\u2606647w\n|player|p2|\n","uploadtime":1730512340,"views":30,"formatid":"gen9vgc2024regh","rating":1689,"private":0,"password":null}