{"id":"gen9vgc2024regh-2235844099","format":"[Gen 9] VGC 2024 Reg H","players":["bluestraggler02","djjwjwwjj"],"log":"|j|\u2606bluestraggler02\n|j|\u2606djjwjwwjj\n|t:|1730531146\n|gametype|doubles\n|player|p1|bluestraggler02|2|1709\n|player|p2|djjwjwwjj|1|1793\n|teamsize|p1|6\n|teamsize|p2|6\n|gen|9\n|tier|[Gen 9] VGC 2024 Reg H\n|rated|\n|rule|Species Clause: Limit one of each Pok\u00e9mon\n|rule|Item Clause: Limit 1 of each item\n|clearpoke\n|poke|p1|Skeledirge, L50, F|\n|poke|p1|Porygon2, L50|\n|poke|p1|Ursaluna, L50, M|\n|poke|p1|Amoonguss, L50, M|\n|poke|p1|Maushold-Four, L50|\n|poke|p1|Archaludon, L50, F|\n|poke|p2|Palafin, L50, F|\n|poke|p2|Pelipper, L50, M|\n|poke|p2|Incineroar, L50, F|\n|poke|p2|Rillaboom, L50, F|\n|poke|p2|Archaludon, L50, F|\n|poke|p2|Clefable, L50, F|\n|teampreview|4\n|\n|t:|1730531176\n|start\n|switch|p1a: Porygon2|Porygon2, L50|100\/100\n|switch|p1b: Ursaluna|Ursaluna, L50, M|100\/100\n|switch|p2a: Pelipper|Pelipper, L50, M|100\/100\n|switch|p2b: Archaludon|Archaludon, L50, F|100\/100\n|-weather|RainDance|[from] ability: Drizzle|[of] p2a: Pelipper\n|-ability|p1a: Porygon2|Download|boost\n|-boost|p1a: Porygon2|spa|1\n|turn|1\n|\n|t:|1730531196\n|switch|p2a: Incineroar|Incineroar, L50, F|100\/100\n|-ability|p2a: Incineroar|Intimidate|boost\n|-unboost|p1a: Porygon2|atk|1\n|-unboost|p1b: Ursaluna|atk|1\n|move|p2b: Archaludon|Electro Shot||[still]\n|-prepare|p2b: Archaludon|Electro Shot\n|-boost|p2b: Archaludon|spa|1\n|-anim|p2b: Archaludon|Electro Shot|p1a: Porygon2\n|-damage|p1a: Porygon2|63\/100\n|move|p1b: Ursaluna|High Horsepower|p2b: Archaludon\n|-supereffective|p2b: Archaludon\n|-damage|p2b: Archaludon|36\/100\n|move|p1a: Porygon2|Trick Room|p1a: Porygon2\n|-fieldstart|move: Trick Room|[of] p1a: Porygon2\n|\n|-weather|RainDance|[upkeep]\n|-status|p1b: Ursaluna|brn|[from] item: Flame Orb\n|upkeep\n|turn|2\n|\n|t:|1730531240\n|-terastallize|p1b: Ursaluna|Ghost\n|move|p2b: Archaludon|Protect|p2b: Archaludon\n|-singleturn|p2b: Archaludon|Protect\n|move|p1b: Ursaluna|Headlong Rush|p2a: Incineroar\n|-supereffective|p2a: Incineroar\n|-damage|p2a: Incineroar|0 fnt\n|-unboost|p1b: Ursaluna|def|1\n|-unboost|p1b: Ursaluna|spd|1\n|faint|p2a: Incineroar\n|move|p1a: Porygon2|Ice Beam|p2b: Archaludon\n|-activate|p2b: Archaludon|move: Protect\n|\n|-weather|RainDance|[upkeep]\n|-damage|p1b: Ursaluna|95\/100 brn|[from] brn\n|upkeep\n|\n|t:|1730531255\n|switch|p2a: Clefable|Clefable, L50, F|100\/100\n|turn|3\n|\n|t:|1730531265\n|switch|p1a: Skeledirge|Skeledirge, L50, F|100\/100\n|move|p2a: Clefable|Follow Me|p2a: Clefable\n|-singleturn|p2a: Clefable|move: Follow Me\n|move|p1b: Ursaluna|Facade|p2a: Clefable\n|-damage|p2a: Clefable|0 fnt\n|-damage|p1b: Ursaluna|78\/100 brn|[from] item: Rocky Helmet|[of] p2a: Clefable\n|faint|p2a: Clefable\n|move|p2b: Archaludon|Electro Shot||[still]\n|-prepare|p2b: Archaludon|Electro Shot\n|-boost|p2b: Archaludon|spa|1\n|-anim|p2b: Archaludon|Electro Shot|p1b: Ursaluna\n|-damage|p1b: Ursaluna|0 fnt\n|faint|p1b: Ursaluna\n|\n|-weather|RainDance|[upkeep]\n|upkeep\n|\n|t:|1730531281\n|switch|p1b: Amoonguss|Amoonguss, L50, M|100\/100\n|switch|p2a: Pelipper|Pelipper, L50, M|100\/100\n|turn|4\n|\n|t:|1730531296\n|move|p1b: Amoonguss|Spore|p2a: Pelipper\n|-status|p2a: Pelipper|slp|[from] move: Spore\n|move|p1a: Skeledirge|Earth Power|p2b: Archaludon\n|-supereffective|p2b: Archaludon\n|-damage|p2b: Archaludon|0 fnt\n|faint|p2b: Archaludon\n|cant|p2a: Pelipper|slp\n|\n|-weather|RainDance|[upkeep]\n|upkeep\n|turn|5\n|-message|djjwjwwjj forfeited.\n|\n|win|bluestraggler02\n|raw|bluestraggler02's rating: 1709 &rarr; <strong>1734<\/strong><br \/>(+25 for winning)\n|raw|djjwjwwjj's rating: 1793 &rarr; <strong>1768<\/strong><br \/>(-25 for losing)\n|l|\u2606djjwjwwjj\n|player|p2|\n|l|\u2606bluestraggler02\n|player|p1|\n","uploadtime":1730531542,"views":26,"formatid":"gen9vgc2024regh","rating":1734,"private":0,"password":null}