{"id":"gen9vgc2024regh-2235477174","format":"[Gen 9] VGC 2024 Reg H","players":["bluestraggler02","Topperlecat"],"log":"|j|\u2606bluestraggler02\n|j|\u2606Topperlecat\n|t:|1730482989\n|gametype|doubles\n|player|p1|bluestraggler02|170|1718\n|player|p2|Topperlecat|aquasuit|1692\n|teamsize|p1|6\n|teamsize|p2|6\n|gen|9\n|tier|[Gen 9] VGC 2024 Reg H\n|rated|\n|rule|Species Clause: Limit one of each Pok\u00e9mon\n|rule|Item Clause: Limit 1 of each item\n|clearpoke\n|poke|p1|Skeledirge, L50, M|\n|poke|p1|Porygon2, L50|\n|poke|p1|Ursaluna, L50, M|\n|poke|p1|Amoonguss, L50, M|\n|poke|p1|Maushold-Four, L50|\n|poke|p1|Malamar, L50, F|\n|poke|p2|Fletchling, L50, F|\n|poke|p2|Annihilape, L50, F|\n|poke|p2|Maushold, L50|\n|poke|p2|Gholdengo, L50|\n|poke|p2|Farigiraf, L50, M|\n|poke|p2|Primarina, L50, F|\n|teampreview|4\n|j| Elv3r G4larga\n|inactive|Battle timer is ON: inactive players will automatically lose when time's up. (requested by bluestraggler02)\nbluestraggler02 rejected open team sheets.\n|\n|t:|1730483023\n|start\n|switch|p1a: Maushold|Maushold-Four, L50|100\/100\n|switch|p1b: Porygon2|Porygon2, L50|100\/100\n|switch|p2a: Farigiraf|Farigiraf, L50, M|100\/100\n|switch|p2b: Gholdengo|Gholdengo, L50|100\/100\n|-ability|p1b: Porygon2|Download|boost\n|-boost|p1b: Porygon2|spa|1\n|turn|1\n|\n|t:|1730483032\n|-terastallize|p2b: Gholdengo|Steel\n|move|p1a: Maushold|Population Bomb|p2a: Farigiraf\n|-damage|p2a: Farigiraf|91\/100\n|-damage|p2a: Farigiraf|83\/100\n|-damage|p2a: Farigiraf|73\/100\n|-damage|p2a: Farigiraf|64\/100\n|-hitcount|p2a: Farigiraf|4\n|move|p2b: Gholdengo|Make It Rain|p1b: Porygon2|[spread] p1a,p1b\n|-damage|p1a: Maushold|0 fnt\n|-damage|p1b: Porygon2|47\/100\n|-unboost|p2b: Gholdengo|spa|1\n|faint|p1a: Maushold\n|move|p2a: Farigiraf|Imprison|p2a: Farigiraf\n|-start|p2a: Farigiraf|move: Imprison\n|move|p1b: Porygon2|Tera Blast|p2a: Farigiraf\n|-damage|p2a: Farigiraf|12\/100\n|\n|upkeep\n|\n|t:|1730483044\n|switch|p1a: Skeledirge|Skeledirge, L50, M|100\/100\n|turn|2\n|\n|t:|1730483049\n|move|p1b: Porygon2|Protect|p1b: Porygon2\n|-singleturn|p1b: Porygon2|Protect\n|move|p2b: Gholdengo|Make It Rain|p1b: Porygon2|[spread] p1a\n|-activate|p1b: Porygon2|move: Protect\n|-resisted|p1a: Skeledirge\n|-damage|p1a: Skeledirge|72\/100\n|-unboost|p2b: Gholdengo|spa|1\n|move|p1a: Skeledirge|Heat Wave|p2a: Farigiraf|[spread] p2b\n|-miss|p1a: Skeledirge|p2a: Farigiraf\n|-supereffective|p2b: Gholdengo\n|-damage|p2b: Gholdengo|15\/100\n|move|p2a: Farigiraf|Hyper Voice|p1b: Porygon2|[spread] \n|-activate|p1b: Porygon2|move: Protect\n|-immune|p1a: Skeledirge\n|\n|upkeep\n|turn|3\n|\n|t:|1730483070\n|-terastallize|p1b: Porygon2|Water\n|move|p2b: Gholdengo|Make It Rain|p1a: Skeledirge|[spread] p1a,p1b\n|-resisted|p1a: Skeledirge\n|-resisted|p1b: Porygon2\n|-damage|p1a: Skeledirge|39\/100\n|-damage|p1b: Porygon2|35\/100\n|-unboost|p2b: Gholdengo|spa|1\n|move|p1a: Skeledirge|Torch Song|p2a: Farigiraf\n|-damage|p2a: Farigiraf|0 fnt\n|-boost|p1a: Skeledirge|spa|1\n|faint|p2a: Farigiraf\n|move|p1b: Porygon2|Tera Blast|p2b: Gholdengo|[anim] Tera Blast Water\n|-damage|p2b: Gholdengo|0 fnt\n|faint|p2b: Gholdengo\n|\n|upkeep\n|\n|t:|1730483076\n|switch|p2b: Fletchling|Fletchling, L50, F|100\/100\n|switch|p2a: Primarina|Primarina, L50, F|100\/100\n|turn|4\n|\n|t:|1730483100\n|switch|p1a: Amoonguss|Amoonguss, L50, M|100\/100\n|move|p1b: Porygon2|Protect|p1b: Porygon2\n|-singleturn|p1b: Porygon2|Protect\n|move|p2a: Primarina|Hyper Voice|p1a: Amoonguss|[spread] p1a\n|-activate|p1b: Porygon2|move: Protect\n|-resisted|p1a: Amoonguss\n|-damage|p1a: Amoonguss|86\/100\n|move|p2b: Fletchling|Taunt|p1b: Porygon2\n|-activate|p1b: Porygon2|move: Protect\n|\n|-status|p2b: Fletchling|tox|[from] item: Toxic Orb\n|upkeep\n|turn|5\n|\n|t:|1730483120\n|move|p1a: Amoonguss|Rage Powder|p1a: Amoonguss\n|-singleturn|p1a: Amoonguss|move: Rage Powder\n|move|p2a: Primarina|Moonblast|p1a: Amoonguss\n|-resisted|p1a: Amoonguss\n|-damage|p1a: Amoonguss|64\/100\n|move|p2b: Fletchling|Taunt|p1a: Amoonguss\n|-start|p1a: Amoonguss|move: Taunt\n|-enditem|p1a: Amoonguss|Mental Herb\n|-end|p1a: Amoonguss|move: Taunt\n|move|p1b: Porygon2|Trick Room|p1b: Porygon2\n|-fieldstart|move: Trick Room|[of] p1b: Porygon2\n|\n|-damage|p2b: Fletchling|95\/100 tox|[from] psn\n|upkeep\n|turn|6\n|\n|t:|1730483130\n|move|p1a: Amoonguss|Spore|p2a: Primarina\n|-status|p2a: Primarina|slp|[from] move: Spore\n|move|p1b: Porygon2|Tera Blast|p2b: Fletchling|[anim] Tera Blast Water\n|-damage|p2b: Fletchling|0 fnt\n|faint|p2b: Fletchling\n|cant|p2a: Primarina|slp\n|\n|upkeep\n|turn|7\n|-message|Topperlecat forfeited.\n|\n|win|bluestraggler02\n|raw|bluestraggler02's rating: 1718 &rarr; <strong>1737<\/strong><br \/>(+19 for winning)\n|raw|Topperlecat's rating: 1692 &rarr; <strong>1673<\/strong><br \/>(-19 for losing)\n|l|\u2606Topperlecat\n|player|p2|\n|l|\u2606bluestraggler02\n|player|p1|\n|l| Elv3r G4larga\n","uploadtime":1730483357,"views":41,"formatid":"gen9vgc2024regh","rating":1673,"private":0,"password":null}