{"id":"gen9vgc2024regh-2235740529","format":"[Gen 9] VGC 2024 Reg H","players":["kfjtdhynd","Rgktest"],"log":"|j|\u2606kfjtdhynd\n|j|\u2606Rgktest\n|t:|1730513303\n|gametype|doubles\n|player|p1|kfjtdhynd|266|1702\n|player|p2|Rgktest|101|1715\n|teamsize|p1|6\n|teamsize|p2|6\n|gen|9\n|tier|[Gen 9] VGC 2024 Reg H\n|rated|\n|rule|Species Clause: Limit one of each Pok\u00e9mon\n|rule|Item Clause: Limit 1 of each item\n|clearpoke\n|poke|p1|Basculegion-F, L50, F|\n|poke|p1|Pelipper, L50, F|\n|poke|p1|Rillaboom, L50, M|\n|poke|p1|Sneasler, L50, M|\n|poke|p1|Dragonite, L50, M|\n|poke|p1|Incineroar, L50, M|\n|poke|p2|Indeedee-F, L50, F|\n|poke|p2|Gallade, L50, M|\n|poke|p2|Torkoal, L50, F|\n|poke|p2|Smeargle, L50, F|\n|poke|p2|Braviary-Hisui, L50, M|\n|poke|p2|Weezing, L50, M|\n|teampreview|4\n|inactive|Battle timer is ON: inactive players will automatically lose when time's up. (requested by kfjtdhynd)\nkfjtdhynd rejected open team sheets.\n|j| Golett Kombucha\n|inactive|Rgktest has 60 seconds left.\n|\n|t:|1730513338\n|start\n|switch|p1a: Basculegion|Basculegion-F, L50, F|100\/100\n|switch|p1b: Incineroar|Incineroar, L50, M|100\/100\n|switch|p2a: Indeedee|Indeedee-F, L50, F|100\/100\n|switch|p2b: Gallade|Gallade, L50, M|100\/100\n|-fieldstart|move: Psychic Terrain|[from] ability: Psychic Surge|[of] p2a: Indeedee\n|-ability|p1b: Incineroar|Intimidate|boost\n|-unboost|p2a: Indeedee|atk|1\n|-unboost|p2b: Gallade|atk|1\n|turn|1\n|\n|t:|1730513357\n|switch|p1b: Pelipper|Pelipper, L50, F|100\/100\n|-weather|RainDance|[from] ability: Drizzle|[of] p1b: Pelipper\n|-terastallize|p1a: Basculegion|Water\n|move|p2a: Indeedee|Follow Me|p2a: Indeedee\n|-singleturn|p2a: Indeedee|move: Follow Me\n|move|p1a: Basculegion|Muddy Water|p2a: Indeedee|[spread] p2a\n|-miss|p1a: Basculegion|p2b: Gallade\n|-damage|p2a: Indeedee|34\/100\n|move|p2b: Gallade|Sacred Sword|p1b: Pelipper\n|-resisted|p1b: Pelipper\n|-damage|p1b: Pelipper|67\/100\n|\n|-weather|RainDance|[upkeep]\n|upkeep\n|turn|2\n|\n|t:|1730513376\n|move|p2b: Gallade|Wide Guard|p2b: Gallade\n|-singleturn|p2b: Gallade|Wide Guard\n|move|p2a: Indeedee|Follow Me|p2a: Indeedee\n|-singleturn|p2a: Indeedee|move: Follow Me\n|move|p1a: Basculegion|Muddy Water|p2b: Gallade|[spread] \n|-activate|p2a: Indeedee|move: Wide Guard\n|-activate|p2b: Gallade|move: Wide Guard\n|move|p1b: Pelipper|Hurricane|p2a: Indeedee\n|-damage|p2a: Indeedee|1\/100\n|-start|p2a: Indeedee|confusion\n|\n|-weather|RainDance|[upkeep]\n|upkeep\n|turn|3\n|l| Golett Kombucha\n|\n|t:|1730513387\n|move|p2b: Gallade|Wide Guard|p2b: Gallade\n|-singleturn|p2b: Gallade|Wide Guard\n|-activate|p2a: Indeedee|confusion\n|move|p2a: Indeedee|Follow Me|p2a: Indeedee\n|-singleturn|p2a: Indeedee|move: Follow Me\n|move|p1a: Basculegion|Muddy Water|p2b: Gallade|[spread] \n|-activate|p2a: Indeedee|move: Wide Guard\n|-activate|p2b: Gallade|move: Wide Guard\n|move|p1b: Pelipper|Hurricane|p2a: Indeedee\n|-damage|p2a: Indeedee|0 fnt\n|faint|p2a: Indeedee\n|\n|-weather|RainDance|[upkeep]\n|upkeep\n|\n|t:|1730513397\n|switch|p2a: Braviary|Braviary-Hisui, L50, M|100\/100\n|turn|4\n|\n|t:|1730513411\n|switch|p1a: Rillaboom|Rillaboom, L50, M|100\/100\n|-fieldstart|move: Grassy Terrain|[from] ability: Grassy Surge|[of] p1a: Rillaboom\n|switch|p2b: Weezing|Weezing, L50, M|100\/100\n|-ability|p2b: Weezing|Neutralizing Gas\n|-terastallize|p2a: Braviary|Psychic\n|move|p2a: Braviary|Expanding Force|p1a: Rillaboom\n|-damage|p1a: Rillaboom|61\/100\n|move|p1b: Pelipper|Hurricane|p2b: Weezing\n|-damage|p2b: Weezing|41\/100\n|\n|-weather|RainDance|[upkeep]\n|-heal|p1a: Rillaboom|67\/100|[from] Grassy Terrain\n|-heal|p2b: Weezing|47\/100|[from] Grassy Terrain\n|upkeep\n|turn|5\n|inactive|kfjtdhynd has 30 seconds left.\n|inactive|Rgktest has 30 seconds left.\n|\n|t:|1730513439\n|move|p1a: Rillaboom|Fake Out|p2a: Braviary\n|-damage|p2a: Braviary|86\/100\n|cant|p2a: Braviary|flinch\n|move|p1b: Pelipper|Hurricane|p2b: Weezing\n|-damage|p2b: Weezing|0 fnt\n|faint|p2b: Weezing\n|-end|p2b: Weezing|ability: Neutralizing Gas\n|\n|-weather|none\n|-heal|p2a: Braviary|92\/100|[from] Grassy Terrain\n|-heal|p1a: Rillaboom|72\/100|[from] Grassy Terrain\n|upkeep\n|\n|t:|1730513445\n|switch|p2b: Gallade|Gallade, L50, M|100\/100\n|turn|6\n|\n|t:|1730513457\n|move|p2a: Braviary|Expanding Force|p1b: Pelipper\n|-damage|p1b: Pelipper|0 fnt\n|faint|p1b: Pelipper\n|move|p1a: Rillaboom|Wood Hammer|p2b: Gallade\n|-damage|p2b: Gallade|6\/100\n|-damage|p1a: Rillaboom|46\/100|[from] Recoil\n|move|p2b: Gallade|Sacred Sword|p1a: Rillaboom\n|-damage|p1a: Rillaboom|0 fnt\n|faint|p1a: Rillaboom\n|\n|-heal|p2a: Braviary|98\/100|[from] Grassy Terrain\n|-heal|p2b: Gallade|11\/100|[from] Grassy Terrain\n|upkeep\n|\n|t:|1730513459\n|switch|p1a: Incineroar|Incineroar, L50, M|100\/100\n|switch|p1b: Basculegion|Basculegion-F, L50, F, tera:Water|100\/100\n|-ability|p1a: Incineroar|Intimidate|boost\n|-unboost|p2a: Braviary|atk|1\n|-unboost|p2b: Gallade|atk|1\n|turn|7\n|\n|t:|1730513476\n|move|p1a: Incineroar|Fake Out|p2b: Gallade\n|-damage|p2b: Gallade|0 fnt\n|faint|p2b: Gallade\n|move|p2a: Braviary|Expanding Force|p1b: Basculegion\n|-damage|p1b: Basculegion|40\/100\n|move|p1b: Basculegion|Shadow Ball|p2a: Braviary\n|-supereffective|p2a: Braviary\n|-damage|p2a: Braviary|0 fnt\n|faint|p2a: Braviary\n|\n|win|kfjtdhynd\n|raw|kfjtdhynd's rating: 1702 &rarr; <strong>1723<\/strong><br \/>(+21 for winning)\n|raw|Rgktest's rating: 1715 &rarr; <strong>1694<\/strong><br \/>(-21 for losing)\n|l|\u2606Rgktest\n|player|p2|\n|l|\u2606kfjtdhynd\n|player|p1|\n","uploadtime":1730513723,"views":18,"formatid":"gen9vgc2024regh","rating":1694,"private":0,"password":null}