{"id":"gen9vgc2024regh-2235435311","format":"[Gen 9] VGC 2024 Reg H","players":["zip520520","647w"],"log":"|j|\u2606zip520520\n|j|\u2606647w\n|t:|1730478872\n|gametype|doubles\n|player|p1|zip520520|rosa|1703\n|player|p2|647w|lucas-gen4pt|1725\n|teamsize|p1|6\n|teamsize|p2|6\n|gen|9\n|tier|[Gen 9] VGC 2024 Reg H\n|rated|\n|rule|Species Clause: Limit one of each Pok\u00e9mon\n|rule|Item Clause: Limit 1 of each item\n|clearpoke\n|poke|p1|Garchomp, L50, M|\n|poke|p1|Ninetales-Alola, L50, F|\n|poke|p1|Indeedee, L50, M|\n|poke|p1|Dragonite, L50, F|\n|poke|p1|Incineroar, L50, M|\n|poke|p1|Amoonguss, L50, M|\n|poke|p2|Kilowattrel, L50, M|\n|poke|p2|Garchomp, L50, M|\n|poke|p2|Gholdengo, L50|\n|poke|p2|Incineroar, L50, M|\n|poke|p2|Rillaboom, L50, M|\n|poke|p2|Dondozo, L50, M|\n|teampreview|4\n|inactive|Battle timer is ON: inactive players will automatically lose when time's up. (requested by zip520520)\n647w has agreed to open team sheets.\n|j| otapolg\n|inactive|zip520520 has 60 seconds left.\n|inactive|647w has 60 seconds left.\n|\n|t:|1730478920\n|start\n|switch|p1a: Garchomp|Garchomp, L50, M|100\/100\n|switch|p1b: Incineroar|Incineroar, L50, M|100\/100\n|switch|p2a: Garchomp|Garchomp, L50, M|100\/100\n|switch|p2b: Dondozo|Dondozo, L50, M|100\/100\n|-ability|p1b: Incineroar|Intimidate|boost\n|-fail|p2a: Garchomp|unboost|[from] item: Clear Amulet|[of] p2a: Garchomp\n|-unboost|p2b: Dondozo|atk|1\n|turn|1\n|inactive|zip520520 has 30 seconds left.\n|\n|t:|1730478950\n|move|p2a: Garchomp|Protect|p2a: Garchomp\n|-singleturn|p2a: Garchomp|Protect\n|move|p1a: Garchomp|Breaking Swipe|p2b: Dondozo|[spread] p2b\n|-activate|p2a: Garchomp|move: Protect\n|-damage|p2b: Dondozo|85\/100\n|-unboost|p2b: Dondozo|atk|1\n|move|p1b: Incineroar|Parting Shot|p2b: Dondozo\n|-unboost|p2b: Dondozo|atk|1\n|-unboost|p2b: Dondozo|spa|1\n|\n|t:|1730478962\n|switch|p1b: Dragonite|Dragonite, L50, F|100\/100|[from] Parting Shot\n|move|p2b: Dondozo|Yawn|p1a: Garchomp\n|-start|p1a: Garchomp|move: Yawn|[of] p2b: Dondozo\n|\n|-heal|p2b: Dondozo|92\/100|[from] item: Leftovers\n|upkeep\n|turn|2\n|\n|t:|1730478981\n|switch|p1a: Incineroar|Incineroar, L50, M|100\/100\n|-ability|p1a: Incineroar|Intimidate|boost\n|-fail|p2a: Garchomp|unboost|[from] item: Clear Amulet|[of] p2a: Garchomp\n|-unboost|p2b: Dondozo|atk|1\n|switch|p2a: Gholdengo|Gholdengo, L50|100\/100\n|move|p1b: Dragonite|Scale Shot|p2a: Gholdengo|[miss]\n|-miss|p1b: Dragonite|p2a: Gholdengo\n|move|p2b: Dondozo|Yawn|p1a: Incineroar\n|-start|p1a: Incineroar|move: Yawn|[of] p2b: Dondozo\n|\n|-heal|p2b: Dondozo|98\/100|[from] item: Leftovers\n|upkeep\n|turn|3\n|inactive|zip520520 has 30 seconds left.\n|inactive|zip520520 has 20 seconds left.\n|inactive|zip520520 has 15 seconds left.\n|inactive|zip520520 has 10 seconds left.\n|\n|t:|1730479028\n|switch|p1a: Garchomp|Garchomp, L50, M|100\/100\n|switch|p2b: Incineroar|Incineroar, L50, M|100\/100\n|-ability|p2b: Incineroar|Intimidate|boost\n|-unboost|p1a: Garchomp|atk|1\n|-unboost|p1b: Dragonite|atk|1\n|move|p1b: Dragonite|Scale Shot|p2b: Incineroar\n|-damage|p2b: Incineroar|92\/100\n|-damage|p2b: Incineroar|83\/100\n|-damage|p2b: Incineroar|74\/100\n|-damage|p2b: Incineroar|65\/100\n|-damage|p2b: Incineroar|57\/100\n|-hitcount|p2b: Incineroar|5\n|-unboost|p1b: Dragonite|def|1\n|-boost|p1b: Dragonite|spe|1\n|move|p2a: Gholdengo|Nasty Plot|p2a: Gholdengo\n|-boost|p2a: Gholdengo|spa|2\n|\n|upkeep\n|turn|4\n|\n|t:|1730479052\n|-terastallize|p1a: Garchomp|Ground\n|-terastallize|p2a: Gholdengo|Water\n|move|p2b: Incineroar|Fake Out|p1b: Dragonite\n|-damage|p1b: Dragonite|90\/100\n|move|p1a: Garchomp|Earthquake|p2b: Incineroar|[spread] p2a,p2b\n|-immune|p1b: Dragonite\n|-supereffective|p2b: Incineroar\n|-damage|p2a: Gholdengo|66\/100\n|-damage|p2b: Incineroar|0 fnt\n|faint|p2b: Incineroar\n|cant|p1b: Dragonite|flinch\n|move|p2a: Gholdengo|Make It Rain|p1a: Garchomp|[spread] p1a,p1b\n|-damage|p1a: Garchomp|7\/100\n|-damage|p1b: Dragonite|0 fnt\n|-unboost|p2a: Gholdengo|spa|1\n|faint|p1b: Dragonite\n|\n|upkeep\n|\n|t:|1730479076\n|switch|p1b: Incineroar|Incineroar, L50, M|100\/100\n|switch|p2b: Garchomp|Garchomp, L50, M|100\/100\n|-ability|p1b: Incineroar|Intimidate|boost\n|-unboost|p2a: Gholdengo|atk|1\n|-fail|p2b: Garchomp|unboost|[from] item: Clear Amulet|[of] p2b: Garchomp\n|turn|5\n|\n|t:|1730479087\n|switch|p1a: Indeedee|Indeedee, L50, M|100\/100\n|-fieldstart|move: Psychic Terrain|[from] ability: Psychic Surge|[of] p1a: Indeedee\n|move|p2b: Garchomp|Protect|p2b: Garchomp\n|-singleturn|p2b: Garchomp|Protect\n|move|p2a: Gholdengo|Protect|p2a: Gholdengo\n|-singleturn|p2a: Gholdengo|Protect\n|move|p1b: Incineroar|Fake Out|p2b: Garchomp\n|-activate|p2b: Garchomp|move: Psychic Terrain\n|\n|upkeep\n|turn|6\n|\n|t:|1730479103\n|move|p2b: Garchomp|Stomping Tantrum|p1b: Incineroar\n|-supereffective|p1b: Incineroar\n|-damage|p1b: Incineroar|36\/100\n|move|p1a: Indeedee|Expanding Force|p2a: Gholdengo|[spread] p2a,p2b\n|-damage|p2a: Gholdengo|12\/100\n|-damage|p2b: Garchomp|43\/100\n|-enditem|p2a: Gholdengo|Sitrus Berry|[eat]\n|-heal|p2a: Gholdengo|37\/100|[from] item: Sitrus Berry\n|move|p2a: Gholdengo|Make It Rain|p1a: Indeedee|[spread] p1a,p1b\n|-resisted|p1b: Incineroar\n|-damage|p1a: Indeedee|2\/100\n|-damage|p1b: Incineroar|9\/100\n|-unboost|p2a: Gholdengo|spa|1\n|move|p1b: Incineroar|Knock Off|p2b: Garchomp\n|-damage|p2b: Garchomp|6\/100\n|-damage|p1b: Incineroar|0 fnt|[from] ability: Rough Skin|[of] p2b: Garchomp\n|faint|p1b: Incineroar\n|\n|upkeep\n|j| Pokedoke\n|\n|t:|1730479124\n|switch|p1b: Garchomp|Garchomp, L50, M, tera:Ground|7\/100\n|turn|7\n|\n|t:|1730479141\n|move|p2a: Gholdengo|Protect|p2a: Gholdengo\n|-singleturn|p2a: Gholdengo|Protect\n|move|p1b: Garchomp|Dragon Claw|p2b: Garchomp\n|-supereffective|p2b: Garchomp\n|-damage|p2b: Garchomp|0 fnt\n|-damage|p1b: Garchomp|0 fnt|[from] ability: Rough Skin|[of] p2b: Garchomp\n|faint|p2b: Garchomp\n|faint|p1b: Garchomp\n|move|p1a: Indeedee|Expanding Force|p2a: Gholdengo\n|-activate|p2a: Gholdengo|move: Protect\n|\n|upkeep\n|\n|t:|1730479145\n|switch|p2b: Dondozo|Dondozo, L50, M|98\/100\n|turn|8\n|\n|t:|1730479155\n|move|p1a: Indeedee|Expanding Force|p2b: Dondozo|[spread] p2a,p2b\n|-damage|p2a: Gholdengo|0 fnt\n|-damage|p2b: Dondozo|60\/100\n|faint|p2a: Gholdengo\n|move|p2b: Dondozo|Wave Crash|p1a: Indeedee\n|-damage|p1a: Indeedee|0 fnt\n|faint|p1a: Indeedee\n|-damage|p2b: Dondozo|60\/100|[from] Recoil\n|\n|win|647w\n|raw|zip520520's rating: 1703 &rarr; <strong>1684<\/strong><br \/>(-19 for losing)\n|raw|647w's rating: 1725 &rarr; <strong>1744<\/strong><br \/>(+19 for winning)\n|l| otapolg\n|l|\u2606zip520520\n|player|p1|\n|l| Pokedoke\n","uploadtime":1730479160,"views":37,"formatid":"gen9vgc2024regh","rating":1684,"private":0,"password":null}