{"id":"gen9vgc2024regh-2235117774","format":"[Gen 9] VGC 2024 Reg H","players":["post_testing","647w"],"log":"|j|\u2606post_testing\n|j|\u2606647w\n|t:|1730427425\n|gametype|doubles\n|player|p1|post_testing|102|1735\n|player|p2|647w|lucas-gen4pt|1804\n|teamsize|p1|6\n|teamsize|p2|6\n|gen|9\n|tier|[Gen 9] VGC 2024 Reg H\n|rated|\n|rule|Species Clause: Limit one of each Pok\u00e9mon\n|rule|Item Clause: Limit 1 of each item\n|clearpoke\n|poke|p1|Archaludon, L50, F|\n|poke|p1|Murkrow, L50, F|\n|poke|p1|Indeedee, L50, M|\n|poke|p1|Sneasler, L50, M|\n|poke|p1|Delphox, L50, M|\n|poke|p1|Dragapult, L50, F|\n|poke|p2|Kilowattrel, L50, F|\n|poke|p2|Garchomp, L50, F|\n|poke|p2|Gholdengo, L50|\n|poke|p2|Incineroar, L50, F|\n|poke|p2|Rillaboom, L50, F|\n|poke|p2|Dondozo, L50, F|\n|teampreview|4\n647w has agreed to open team sheets.\n|\n|t:|1730427453\n|start\n|switch|p1a: Murkrow|Murkrow, L50, F|100\/100\n|switch|p1b: Dragapult|Dragapult, L50, F|100\/100\n|switch|p2a: Kilowattrel|Kilowattrel, L50, F|100\/100\n|switch|p2b: Garchomp|Garchomp, L50, F|100\/100\n|turn|1\n|inactive|Battle timer is ON: inactive players will automatically lose when time's up. (requested by post_testing)\n|inactive|post_testing has 60 seconds left.\n|\n|t:|1730427497\n|-terastallize|p1b: Dragapult|Ghost\n|-terastallize|p2b: Garchomp|Fairy\n|move|p2a: Kilowattrel|Protect|p2a: Kilowattrel\n|-singleturn|p2a: Kilowattrel|Protect\n|move|p1a: Murkrow|Tailwind|p1a: Murkrow\n|-sidestart|p1: post_testing|move: Tailwind\n|move|p1b: Dragapult|Tera Blast|p2a: Kilowattrel|[anim] Tera Blast Ghost\n|-activate|p2a: Kilowattrel|move: Protect\n|move|p2b: Garchomp|Dragon Claw|p1b: Dragapult\n|-damage|p1b: Dragapult|43\/100\n|\n|upkeep\n|turn|2\n|inactive|post_testing has 30 seconds left.\n|\n|t:|1730427527\n|switch|p2b: Incineroar|Incineroar, L50, F|100\/100\n|-ability|p2b: Incineroar|Intimidate|boost\n|-unboost|p1a: Murkrow|atk|1\n|-fail|p1b: Dragapult|unboost|[from] ability: Clear Body|[of] p1b: Dragapult\n|move|p1b: Dragapult|Tera Blast|p2b: Incineroar|[anim] Tera Blast Ghost\n|-resisted|p2b: Incineroar\n|-damage|p2b: Incineroar|59\/100\n|move|p1a: Murkrow|Foul Play|p2a: Kilowattrel\n|-damage|p2a: Kilowattrel|65\/100\n|move|p2a: Kilowattrel|Thunderbolt|p1b: Dragapult\n|-damage|p1b: Dragapult|0 fnt\n|faint|p1b: Dragapult\n|\n|upkeep\n|\n|t:|1730427544\n|switch|p1b: Sneasler|Sneasler, L50, M|100\/100\n|turn|3\n|inactive|647w has 30 seconds left.\n|\n|t:|1730427570\n|switch|p1a: Indeedee|Indeedee, L50, M|100\/100\n|-fieldstart|move: Psychic Terrain|[from] ability: Psychic Surge|[of] p1a: Indeedee\n|-enditem|p1b: Sneasler|Psychic Seed\n|-boost|p1b: Sneasler|spd|1|[from] item: Psychic Seed\n|move|p1b: Sneasler|Close Combat|p2b: Incineroar\n|-supereffective|p2b: Incineroar\n|-damage|p2b: Incineroar|0 fnt\n|-unboost|p1b: Sneasler|def|1\n|-unboost|p1b: Sneasler|spd|1\n|faint|p2b: Incineroar\n|move|p2a: Kilowattrel|Tailwind|p2a: Kilowattrel\n|-sidestart|p2: 647w|move: Tailwind\n|\n|upkeep\n|\n|t:|1730427582\n|switch|p2b: Garchomp|Garchomp, L50, F, tera:Fairy|100\/100\n|turn|4\n|\n|t:|1730427599\n|move|p2b: Garchomp|Protect|p2b: Garchomp\n|-singleturn|p2b: Garchomp|Protect\n|move|p1b: Sneasler|Dire Claw|p2b: Garchomp\n|-activate|p2b: Garchomp|move: Protect\n|move|p2a: Kilowattrel|Thunderbolt|p1b: Sneasler\n|-damage|p1b: Sneasler|44\/100\n|-status|p1b: Sneasler|par\n|move|p1a: Indeedee|Expanding Force|p2a: Kilowattrel|[spread] p2a\n|-activate|p2b: Garchomp|move: Protect\n|-damage|p2a: Kilowattrel|0 fnt\n|faint|p2a: Kilowattrel\n|\n|-sideend|p1: post_testing|move: Tailwind\n|upkeep\n|\n|t:|1730427601\n|switch|p2a: Gholdengo|Gholdengo, L50|100\/100\n|turn|5\n|\n|t:|1730427620\n|switch|p1b: Murkrow|Murkrow, L50, F|100\/100\n|move|p2b: Garchomp|Dragon Claw|p1a: Indeedee\n|-damage|p1a: Indeedee|4\/100\n|move|p2a: Gholdengo|Make It Rain|p1a: Indeedee|[spread] p1a,p1b\n|-damage|p1a: Indeedee|0 fnt\n|-damage|p1b: Murkrow|52\/100\n|-unboost|p2a: Gholdengo|spa|1\n|faint|p1a: Indeedee\n|\n|upkeep\n|-message|post_testing forfeited.\n|\n|win|647w\n|raw|post_testing's rating: 1735 &rarr; <strong>1719<\/strong><br \/>(-16 for losing)\n|raw|647w's rating: 1804 &rarr; <strong>1820<\/strong><br \/>(+16 for winning)\n|l|\u2606post_testing\n|player|p1|\n|l|\u2606647w\n|player|p2|\n","uploadtime":1730427634,"views":58,"formatid":"gen9vgc2024regh","rating":1719,"private":0,"password":null}