{"id":"gen9vgc2024regh-2235417772","format":"[Gen 9] VGC 2024 Reg H","players":["preti bigtoo","zip520520"],"log":"|j|\u2606preti bigtoo\n|j|\u2606zip520520\n|t:|1730477170\n|gametype|doubles\n|player|p1|preti bigtoo|102|1688\n|player|p2|zip520520|rosa|1715\n|teamsize|p1|6\n|teamsize|p2|6\n|gen|9\n|tier|[Gen 9] VGC 2024 Reg H\n|rated|\n|rule|Species Clause: Limit one of each Pok\u00e9mon\n|rule|Item Clause: Limit 1 of each item\n|clearpoke\n|poke|p1|Kingambit, L50, M|\n|poke|p1|Tatsugiri, L50, F|\n|poke|p1|Rillaboom, L50, F|\n|poke|p1|Ninetales-Alola, L50, M|\n|poke|p1|Dondozo, L50, F|\n|poke|p1|Sneasler, L50, F|\n|poke|p2|Garchomp, L50, M|\n|poke|p2|Ninetales-Alola, L50, M|\n|poke|p2|Indeedee, L50, M|\n|poke|p2|Dragonite, L50, M|\n|poke|p2|Incineroar, L50, F|\n|poke|p2|Amoonguss, L50, M|\n|teampreview|4\n|inactive|Battle timer is ON: inactive players will automatically lose when time's up. (requested by zip520520)\n|inactive|preti bigtoo has 60 seconds left.\n|inactive|preti bigtoo has 30 seconds left.\n|inactive|preti bigtoo has 20 seconds left.\n|\n|t:|1730477246\n|start\n|switch|p1a: Ninetales|Ninetales-Alola, L50, M|100\/100\n|switch|p1b: Dondozo|Dondozo, L50, F|100\/100\n|switch|p2a: Garchomp|Garchomp, L50, M|100\/100\n|switch|p2b: Ninetales|Ninetales-Alola, L50, M|100\/100\n|-weather|Snow|[from] ability: Snow Warning|[of] p1a: Ninetales\n|turn|1\n|\n|t:|1730477268\n|-terastallize|p2b: Ninetales|Fire\n|move|p1b: Dondozo|Protect|p1b: Dondozo\n|-singleturn|p1b: Dondozo|Protect\n|move|p2a: Garchomp|Stomping Tantrum|p1a: Ninetales\n|-damage|p1a: Ninetales|58\/100\n|move|p1a: Ninetales|Freeze-Dry|p2a: Garchomp\n|-supereffective|p2a: Garchomp\n|-damage|p2a: Garchomp|0 fnt\n|faint|p2a: Garchomp\n|move|p2b: Ninetales|Tera Blast|p1a: Ninetales|[anim] Tera Blast Fire\n|-supereffective|p1a: Ninetales\n|-damage|p1a: Ninetales|0 fnt\n|faint|p1a: Ninetales\n|\n|-weather|Snow|[upkeep]\n|upkeep\n|\n|t:|1730477289\n|switch|p1a: Sneasler|Sneasler, L50, F|100\/100\n|switch|p2a: Dragonite|Dragonite, L50, M|100\/100\n|turn|2\n|\n|t:|1730477311\n|switch|p2b: Indeedee|Indeedee, L50, M|100\/100\n|-fieldstart|move: Psychic Terrain|[from] ability: Psychic Surge|[of] p2b: Indeedee\n|move|p1a: Sneasler|Coaching|p1b: Dondozo\n|-boost|p1b: Dondozo|atk|1\n|-boost|p1b: Dondozo|def|1\n|move|p2a: Dragonite|Scale Shot|p1a: Sneasler\n|-damage|p1a: Sneasler|77\/100\n|-damage|p1a: Sneasler|55\/100\n|-damage|p1a: Sneasler|31\/100\n|-damage|p1a: Sneasler|8\/100\n|-hitcount|p1a: Sneasler|4\n|-unboost|p2a: Dragonite|def|1\n|-boost|p2a: Dragonite|spe|1\n|move|p1b: Dondozo|Wave Crash|p2b: Indeedee\n|-enditem|p2b: Indeedee|Focus Sash\n|-damage|p2b: Indeedee|1\/100\n|-damage|p1b: Dondozo|81\/100|[from] Recoil\n|\n|-weather|Snow|[upkeep]\n|-heal|p1b: Dondozo|87\/100|[from] item: Leftovers\n|upkeep\n|turn|3\n|inactive|preti bigtoo has 30 seconds left.\n|inactive|zip520520 has 30 seconds left.\n|\n|t:|1730477342\n|switch|p1a: Rillaboom|Rillaboom, L50, F|100\/100\n|-fieldstart|move: Grassy Terrain|[from] ability: Grassy Surge|[of] p1a: Rillaboom\n|move|p2a: Dragonite|Scale Shot|p1a: Rillaboom\n|-damage|p1a: Rillaboom|87\/100\n|-damage|p1a: Rillaboom|73\/100\n|-damage|p1a: Rillaboom|60\/100\n|-damage|p1a: Rillaboom|48\/100\n|-hitcount|p1a: Rillaboom|4\n|-unboost|p2a: Dragonite|def|1\n|-boost|p2a: Dragonite|spe|1\n|move|p2b: Indeedee|Expanding Force|p1b: Dondozo\n|-damage|p1b: Dondozo|52\/100\n|move|p1b: Dondozo|Wave Crash|p2b: Indeedee\n|-damage|p2b: Indeedee|0 fnt\n|faint|p2b: Indeedee\n|-damage|p1b: Dondozo|51\/100|[from] Recoil\n|\n|-weather|Snow|[upkeep]\n|-heal|p1a: Rillaboom|54\/100|[from] Grassy Terrain\n|-heal|p1b: Dondozo|58\/100|[from] Grassy Terrain\n|-heal|p1b: Dondozo|64\/100|[from] item: Leftovers\n|upkeep\n|inactive|zip520520 has 30 seconds left.\n|\n|t:|1730477367\n|switch|p2b: Ninetales|Ninetales-Alola, L50, M, tera:Fire|100\/100\n|turn|4\n|\n|t:|1730477375\n|-terastallize|p1b: Dondozo|Steel\n|move|p1a: Rillaboom|Fake Out|p2b: Ninetales\n|-damage|p2b: Ninetales|80\/100\n|move|p2a: Dragonite|Haze|p2a: Dragonite\n|-clearallboost\n|cant|p2b: Ninetales|flinch\n|move|p1b: Dondozo|Wave Crash|p2b: Ninetales\n|-supereffective|p2b: Ninetales\n|-damage|p2b: Ninetales|0 fnt\n|faint|p2b: Ninetales\n|-damage|p1b: Dondozo|47\/100|[from] Recoil\n|\n|-weather|Snow|[upkeep]\n|-heal|p1a: Rillaboom|60\/100|[from] Grassy Terrain\n|-heal|p1b: Dondozo|53\/100|[from] Grassy Terrain\n|-heal|p1b: Dondozo|59\/100|[from] item: Leftovers\n|upkeep\n|turn|5\n|\n|t:|1730477400\n|move|p1a: Rillaboom|Grassy Glide|p2a: Dragonite\n|-resisted|p2a: Dragonite\n|-damage|p2a: Dragonite|96\/100\n|move|p2a: Dragonite|Scale Shot|p1a: Rillaboom\n|-damage|p1a: Rillaboom|48\/100\n|-damage|p1a: Rillaboom|35\/100\n|-damage|p1a: Rillaboom|21\/100\n|-damage|p1a: Rillaboom|8\/100\n|-hitcount|p1a: Rillaboom|4\n|-unboost|p2a: Dragonite|def|1\n|-boost|p2a: Dragonite|spe|1\n|move|p1b: Dondozo|Wave Crash|p2a: Dragonite\n|-resisted|p2a: Dragonite\n|-damage|p2a: Dragonite|69\/100\n|-damage|p1b: Dondozo|52\/100|[from] Recoil\n|\n|-weather|none\n|-heal|p1a: Rillaboom|14\/100|[from] Grassy Terrain\n|-heal|p1b: Dondozo|58\/100|[from] Grassy Terrain\n|-heal|p1b: Dondozo|65\/100|[from] item: Leftovers\n|upkeep\n|turn|6\n|\n|t:|1730477423\n|switch|p1a: Sneasler|Sneasler, L50, F|8\/100\n|move|p2a: Dragonite|Extreme Speed|p1a: Sneasler\n|-damage|p1a: Sneasler|0 fnt\n|faint|p1a: Sneasler\n|move|p1b: Dondozo|Wave Crash|p2a: Dragonite\n|-resisted|p2a: Dragonite\n|-damage|p2a: Dragonite|39\/100\n|-damage|p1b: Dondozo|57\/100|[from] Recoil\n|\n|-heal|p1b: Dondozo|63\/100|[from] Grassy Terrain\n|-heal|p1b: Dondozo|69\/100|[from] item: Leftovers\n|upkeep\n|inactive|preti bigtoo has 30 seconds left.\n|\n|t:|1730477449\n|switch|p1a: Rillaboom|Rillaboom, L50, F|14\/100\n|turn|7\n|\n|t:|1730477468\n|move|p2a: Dragonite|Protect|p2a: Dragonite\n|-singleturn|p2a: Dragonite|Protect\n|move|p1a: Rillaboom|Fake Out|p2a: Dragonite\n|-activate|p2a: Dragonite|move: Protect\n|move|p1b: Dondozo|Substitute|p1b: Dondozo\n|-start|p1b: Dondozo|Substitute\n|-damage|p1b: Dondozo|44\/100\n|\n|-heal|p1a: Rillaboom|20\/100|[from] Grassy Terrain\n|-heal|p1b: Dondozo|50\/100|[from] Grassy Terrain\n|-heal|p1b: Dondozo|57\/100|[from] item: Leftovers\n|-fieldend|move: Grassy Terrain\n|upkeep\n|turn|8\n|\n|t:|1730477482\n|move|p2a: Dragonite|Extreme Speed|p1a: Rillaboom\n|-damage|p1a: Rillaboom|0 fnt\n|faint|p1a: Rillaboom\n|move|p1b: Dondozo|Wave Crash|p2a: Dragonite\n|-resisted|p2a: Dragonite\n|-damage|p2a: Dragonite|14\/100\n|-damage|p1b: Dondozo|50\/100|[from] Recoil\n|\n|-heal|p1b: Dondozo|57\/100|[from] item: Leftovers\n|upkeep\n|turn|9\n|\n|t:|1730477494\n|move|p2a: Dragonite|Haze|p2a: Dragonite\n|-clearallboost\n|move|p1b: Dondozo|Wave Crash|p2a: Dragonite\n|-resisted|p2a: Dragonite\n|-damage|p2a: Dragonite|0 fnt\n|faint|p2a: Dragonite\n|-damage|p1b: Dondozo|54\/100|[from] Recoil\n|\n|win|preti bigtoo\n|raw|preti bigtoo's rating: 1688 &rarr; <strong>1710<\/strong><br \/>(+22 for winning)\n|raw|zip520520's rating: 1715 &rarr; <strong>1693<\/strong><br \/>(-22 for losing)\n|l|\u2606zip520520\n|player|p2|\n|l|\u2606preti bigtoo\n|player|p1|\n","uploadtime":1730477678,"views":21,"formatid":"gen9vgc2024regh","rating":1693,"private":0,"password":null}