{"id":"gen9vgc2024regh-2235537444","format":"[Gen 9] VGC 2024 Reg H","players":["ggfsb","chin8"],"log":"|j|\u2606ggfsb\n|j|\u2606chin8\n|t:|1730489015\n|gametype|doubles\n|player|p1|ggfsb|palmer|1773\n|player|p2|chin8|gentleman-gen4dp|1701\n|teamsize|p1|6\n|teamsize|p2|6\n|gen|9\n|tier|[Gen 9] VGC 2024 Reg H\n|rated|\n|rule|Species Clause: Limit one of each Pok\u00e9mon\n|rule|Item Clause: Limit 1 of each item\n|clearpoke\n|poke|p1|Glimmora, L50, F|\n|poke|p1|Rillaboom, L50, F|\n|poke|p1|Murkrow, L50, M|\n|poke|p1|Gholdengo, L50|\n|poke|p1|Tyranitar, L50, M|\n|poke|p1|Garchomp, L50, F|\n|poke|p2|Baxcalibur, L50, M|\n|poke|p2|Kilowattrel, L50, M|\n|poke|p2|Annihilape, L50, F|\n|poke|p2|Gardevoir, L50, M|\n|poke|p2|Magmortar, L50, F|\n|poke|p2|Gholdengo, L50|\n|teampreview|4\n|inactive|Battle timer is ON: inactive players will automatically lose when time's up. (requested by chin8)\n|\n|t:|1730489048\n|start\n|switch|p1a: Tyranitar|Tyranitar, L50, M|100\/100\n|switch|p1b: Murkrow|Murkrow, L50, M|100\/100\n|switch|p2a: Baxcalibur|Baxcalibur, L50, M|100\/100\n|switch|p2b: Kilowattrel|Kilowattrel, L50, M|100\/100\n|-weather|Sandstorm|[from] ability: Sand Stream|[of] p1a: Tyranitar\n|turn|1\n|\n|t:|1730489066\n|switch|p2a: Annihilape|Annihilape, L50, F|100\/100\n|move|p1a: Tyranitar|Protect|p1a: Tyranitar\n|-singleturn|p1a: Tyranitar|Protect\n|move|p1b: Murkrow|Taunt|p2b: Kilowattrel\n|-start|p2b: Kilowattrel|move: Taunt\n|move|p2b: Kilowattrel|Thunderbolt|p1b: Murkrow\n|-supereffective|p1b: Murkrow\n|-damage|p1b: Murkrow|16\/100\n|\n|-weather|Sandstorm|[upkeep]\n|-damage|p2b: Kilowattrel|94\/100|[from] Sandstorm\n|-damage|p1b: Murkrow|10\/100|[from] Sandstorm\n|-damage|p2a: Annihilape|95\/100|[from] Sandstorm\n|upkeep\n|turn|2\n|\n|t:|1730489081\n|move|p1b: Murkrow|Tailwind|p1b: Murkrow\n|-sidestart|p1: ggfsb|move: Tailwind\n|move|p1a: Tyranitar|Knock Off|p2b: Kilowattrel\n|-damage|p2b: Kilowattrel|0 fnt\n|-enditem|p2b: Kilowattrel|Focus Sash|[from] move: Knock Off|[of] p1a: Tyranitar\n|faint|p2b: Kilowattrel\n|move|p2a: Annihilape|Bulk Up|p2a: Annihilape\n|-boost|p2a: Annihilape|atk|1\n|-boost|p2a: Annihilape|def|1\n|\n|-weather|Sandstorm|[upkeep]\n|-damage|p1b: Murkrow|4\/100|[from] Sandstorm\n|-damage|p2a: Annihilape|89\/100|[from] Sandstorm\n|upkeep\n|\n|t:|1730489089\n|switch|p2b: Gholdengo|Gholdengo, L50|100\/100\n|turn|3\n|\n|t:|1730489108\n|move|p1a: Tyranitar|Protect|p1a: Tyranitar\n|-singleturn|p1a: Tyranitar|Protect\n|move|p2b: Gholdengo|Protect|p2b: Gholdengo\n|-singleturn|p2b: Gholdengo|Protect\n|move|p1b: Murkrow|Brave Bird|p2a: Annihilape\n|-supereffective|p2a: Annihilape\n|-damage|p2a: Annihilape|42\/100\n|-damage|p1b: Murkrow|0 fnt|[from] Recoil\n|faint|p1b: Murkrow\n|move|p2a: Annihilape|Drain Punch|p1a: Tyranitar\n|-activate|p1a: Tyranitar|move: Protect\n|\n|-weather|Sandstorm|[upkeep]\n|-damage|p2a: Annihilape|36\/100|[from] Sandstorm\n|upkeep\n|\n|t:|1730489117\n|switch|p1b: Garchomp|Garchomp, L50, F|100\/100\n|turn|4\n|\n|t:|1730489133\n|-terastallize|p1a: Tyranitar|Flying\n|move|p1b: Garchomp|Earthquake|p2a: Annihilape|[spread] p2a,p2b\n|-immune|p1a: Tyranitar\n|-supereffective|p2b: Gholdengo\n|-damage|p2a: Annihilape|6\/100\n|-damage|p2b: Gholdengo|11\/100\n|-enditem|p2a: Annihilape|Mago Berry|[eat]\n|-heal|p2a: Annihilape|39\/100|[from] item: Mago Berry\n|-damage|p1b: Garchomp|91\/100|[from] item: Life Orb\n|move|p1a: Tyranitar|Knock Off|p2b: Gholdengo\n|-supereffective|p2b: Gholdengo\n|-damage|p2b: Gholdengo|0 fnt\n|-enditem|p2b: Gholdengo|Leftovers|[from] move: Knock Off|[of] p1a: Tyranitar\n|faint|p2b: Gholdengo\n|move|p2a: Annihilape|Drain Punch|p1a: Tyranitar\n|-resisted|p1a: Tyranitar\n|-damage|p1a: Tyranitar|81\/100\n|-heal|p2a: Annihilape|48\/100|[from] drain|[of] p1a: Tyranitar\n|\n|-weather|Sandstorm|[upkeep]\n|-damage|p1a: Tyranitar|75\/100|[from] Sandstorm\n|-damage|p2a: Annihilape|42\/100|[from] Sandstorm\n|upkeep\n|\n|t:|1730489136\n|switch|p2b: Baxcalibur|Baxcalibur, L50, M|100\/100\n|turn|5\n|inactive|ggfsb has 30 seconds left.\n|j| Elv3r G4larga\n|inactive|ggfsb has 20 seconds left.\n|\n|t:|1730489175\n|move|p2b: Baxcalibur|Ice Shard|p1b: Garchomp\n|-supereffective|p1b: Garchomp\n|-damage|p1b: Garchomp|0 fnt\n|faint|p1b: Garchomp\n|move|p1a: Tyranitar|Rock Slide|p2a: Annihilape|[spread] p2a,p2b\n|-resisted|p2a: Annihilape\n|-supereffective|p2b: Baxcalibur\n|-damage|p2a: Annihilape|32\/100\n|-damage|p2b: Baxcalibur|39\/100\n|move|p2a: Annihilape|Rage Fist|p1a: Tyranitar\n|-damage|p1a: Tyranitar|0 fnt\n|faint|p1a: Tyranitar\n|\n|-weather|none\n|-sideend|p1: ggfsb|move: Tailwind\n|upkeep\n|\n|t:|1730489179\n|switch|p1b: Glimmora|Glimmora, L50, F|100\/100\n|turn|6\n|\n|t:|1730489194\n|-terastallize|p2b: Baxcalibur|Ground\n|move|p1b: Glimmora|Spiky Shield|p1b: Glimmora\n|-singleturn|p1b: Glimmora|move: Protect\n|move|p2a: Annihilape|Protect|p2a: Annihilape\n|-singleturn|p2a: Annihilape|Protect\n|move|p2b: Baxcalibur|Earthquake|p1b: Glimmora|[spread] \n|-activate|p2a: Annihilape|move: Protect\n|-activate|p1b: Glimmora|move: Protect\n|\n|upkeep\n|turn|7\n|\n|t:|1730489219\n|move|p1b: Glimmora|Earth Power|p2a: Annihilape\n|-damage|p2a: Annihilape|6\/100\n|move|p2a: Annihilape|Drain Punch|p1b: Glimmora\n|-damage|p1b: Glimmora|45\/100\n|-heal|p2a: Annihilape|26\/100|[from] drain|[of] p1b: Glimmora\n|-activate|p1b: Glimmora|ability: Toxic Debris\n|-sidestart|p2: chin8|move: Toxic Spikes\n|move|p2b: Baxcalibur|Glaive Rush|p1b: Glimmora\n|-damage|p1b: Glimmora|0 fnt\n|-singlemove|p2b: Baxcalibur|Glaive Rush|[silent]\n|-activate|p1b: Glimmora|ability: Toxic Debris\n|-sidestart|p2: chin8|move: Toxic Spikes\n|faint|p1b: Glimmora\n|\n|win|chin8\n|raw|ggfsb's rating: 1773 &rarr; <strong>1749<\/strong><br \/>(-24 for losing)\n|raw|chin8's rating: 1701 &rarr; <strong>1725<\/strong><br \/>(+24 for winning)\n|l|\u2606ggfsb\n|player|p1|\n|l| Elv3r G4larga\n|l|\u2606chin8\n|player|p2|\n","uploadtime":1730489451,"views":44,"formatid":"gen9vgc2024regh","rating":1725,"private":0,"password":null}