{"id":"gen9vgc2024regh-2235869039","format":"[Gen 9] VGC 2024 Reg H","players":["htotoT","djjwjwwjj"],"log":"|j|\u2606htotoT\n|j|\u2606djjwjwwjj\n|t:|1730537095\n|gametype|doubles\n|player|p1|htotoT|1|1765\n|player|p2|djjwjwwjj|1|1732\n|teamsize|p1|6\n|teamsize|p2|6\n|gen|9\n|tier|[Gen 9] VGC 2024 Reg H\n|rated|\n|rule|Species Clause: Limit one of each Pok\u00e9mon\n|rule|Item Clause: Limit 1 of each item\n|clearpoke\n|poke|p1|Gholdengo, L50|\n|poke|p1|Murkrow, L50, F|\n|poke|p1|Pelipper, L50, M|\n|poke|p1|Archaludon, L50, M|\n|poke|p1|Amoonguss, L50, F|\n|poke|p1|Basculegion-F, L50, F|\n|poke|p2|Palafin, L50, F|\n|poke|p2|Pelipper, L50, F|\n|poke|p2|Incineroar, L50, M|\n|poke|p2|Rillaboom, L50, F|\n|poke|p2|Archaludon, L50, F|\n|poke|p2|Clefable, L50, M|\n|teampreview|4\n|inactive|Battle timer is ON: inactive players will automatically lose when time's up. (requested by htotoT)\n|\n|t:|1730537115\n|start\n|switch|p1a: Murkrow|Murkrow, L50, F|100\/100\n|switch|p1b: Gholdengo|Gholdengo, L50|100\/100\n|switch|p2a: Archaludon|Archaludon, L50, F|100\/100\n|switch|p2b: Palafin|Palafin, L50, F, shiny|100\/100\n|turn|1\n|\n|t:|1730537127\n|-terastallize|p1b: Gholdengo|Steel\n|move|p1a: Murkrow|Tailwind|p1a: Murkrow\n|-sidestart|p1: htotoT|move: Tailwind\n|move|p1b: Gholdengo|Make It Rain|p2a: Archaludon|[spread] p2a,p2b\n|-resisted|p2a: Archaludon\n|-resisted|p2b: Palafin\n|-damage|p2a: Archaludon|24\/100\n|-damage|p2b: Palafin|25\/100\n|-unboost|p1b: Gholdengo|spa|1\n|move|p2b: Palafin|Flip Turn|p1b: Gholdengo\n|-damage|p1b: Gholdengo|64\/100\n|\n|t:|1730537143\n|detailschange|p2b: Palafin|Palafin-Hero, L50, F, shiny\n|switch|p2b: Pelipper|Pelipper, L50, F|100\/100|[from] Flip Turn\n|-weather|RainDance|[from] ability: Drizzle|[of] p2b: Pelipper\n|move|p2a: Archaludon|Electro Shot||[still]\n|-prepare|p2a: Archaludon|Electro Shot\n|-boost|p2a: Archaludon|spa|1\n|-anim|p2a: Archaludon|Electro Shot|p1b: Gholdengo\n|-damage|p1b: Gholdengo|0 fnt\n|faint|p1b: Gholdengo\n|\n|-weather|RainDance|[upkeep]\n|upkeep\n|\n|t:|1730537147\n|switch|p1b: Archaludon|Archaludon, L50, M|100\/100\n|turn|2\n|\n|t:|1730537158\n|switch|p2b: Clefable|Clefable, L50, M|100\/100\n|move|p2a: Archaludon|Protect|p2a: Archaludon\n|-singleturn|p2a: Archaludon|Protect\n|move|p1b: Archaludon|Electro Shot||[still]\n|-prepare|p1b: Archaludon|Electro Shot\n|-boost|p1b: Archaludon|spa|1\n|-anim|p1b: Archaludon|Electro Shot|p2a: Archaludon\n|-activate|p2a: Archaludon|move: Protect\n|move|p1a: Murkrow|Foul Play|p2b: Clefable\n|-resisted|p2b: Clefable\n|-damage|p2b: Clefable|92\/100\n|-damage|p1a: Murkrow|84\/100|[from] item: Rocky Helmet|[of] p2b: Clefable\n|\n|-weather|RainDance|[upkeep]\n|upkeep\n|turn|3\n|\n|t:|1730537174\n|move|p2b: Clefable|Follow Me|p2b: Clefable\n|-singleturn|p2b: Clefable|move: Follow Me\n|move|p1a: Murkrow|Haze|p1a: Murkrow\n|-clearallboost\n|move|p1b: Archaludon|Electro Shot||[still]\n|-prepare|p1b: Archaludon|Electro Shot\n|-boost|p1b: Archaludon|spa|1\n|-anim|p1b: Archaludon|Electro Shot|p2b: Clefable\n|-damage|p2b: Clefable|54\/100\n|move|p2a: Archaludon|Electro Shot||[still]\n|-prepare|p2a: Archaludon|Electro Shot\n|-boost|p2a: Archaludon|spa|1\n|-anim|p2a: Archaludon|Electro Shot|p1a: Murkrow\n|-supereffective|p1a: Murkrow\n|-damage|p1a: Murkrow|0 fnt\n|faint|p1a: Murkrow\n|\n|-weather|RainDance|[upkeep]\n|upkeep\n|\n|t:|1730537180\n|switch|p1a: Pelipper|Pelipper, L50, M|100\/100\n|turn|4\n|\n|t:|1730537195\n|move|p2a: Archaludon|Protect|p2a: Archaludon\n|-singleturn|p2a: Archaludon|Protect\n|move|p2b: Clefable|Protect|p2b: Clefable\n|-singleturn|p2b: Clefable|Protect\n|move|p1b: Archaludon|Electro Shot||[still]\n|-prepare|p1b: Archaludon|Electro Shot\n|-boost|p1b: Archaludon|spa|1\n|-anim|p1b: Archaludon|Electro Shot|p2b: Clefable\n|-activate|p2b: Clefable|move: Protect\n|move|p1a: Pelipper|Weather Ball|p2a: Archaludon\n|-activate|p2a: Archaludon|move: Protect\n|\n|-weather|RainDance|[upkeep]\n|-sideend|p1: htotoT|move: Tailwind\n|upkeep\n|turn|5\n|inactive|djjwjwwjj has 30 seconds left.\n|\n|t:|1730537221\n|move|p2b: Clefable|Follow Me|p2b: Clefable\n|-singleturn|p2b: Clefable|move: Follow Me\n|move|p2a: Archaludon|Aura Sphere|p1b: Archaludon\n|-supereffective|p1b: Archaludon\n|-damage|p1b: Archaludon|25\/100\n|-ability|p1b: Archaludon|Stamina|boost\n|-boost|p1b: Archaludon|def|1\n|move|p1b: Archaludon|Electro Shot||[still]\n|-prepare|p1b: Archaludon|Electro Shot\n|-boost|p1b: Archaludon|spa|1\n|-anim|p1b: Archaludon|Electro Shot|p2b: Clefable\n|-damage|p2b: Clefable|11\/100\n|move|p1a: Pelipper|Weather Ball|p2b: Clefable\n|-damage|p2b: Clefable|0 fnt\n|faint|p2b: Clefable\n|\n|-weather|none\n|upkeep\n|\n|t:|1730537236\n|switch|p2b: Palafin|Palafin-Hero, L50, F, shiny|25\/100\n|-activate|p2b: Palafin|ability: Zero to Hero\n|turn|6\n|\n|t:|1730537246\n|move|p1a: Pelipper|Protect|p1a: Pelipper\n|-singleturn|p1a: Pelipper|Protect\n|move|p2b: Palafin|Flip Turn|p1a: Pelipper\n|-activate|p1a: Pelipper|move: Protect\n|move|p2a: Archaludon|Aura Sphere|p1b: Archaludon\n|-supereffective|p1b: Archaludon\n|-damage|p1b: Archaludon|0 fnt\n|faint|p1b: Archaludon\n|\n|upkeep\n|turn|7\n|l|\u2606htotoT\n|inactive|htotoT disconnected and has a minute to reconnect!\n|player|p1|\n|inactive|htotoT has 30 seconds left.\n|inactive|htotoT has 20 seconds left.\n|inactive|htotoT has 15 seconds left.\n|inactive|htotoT has 10 seconds left.\n|inactive|htotoT has 5 seconds left.\n|-message|htotoT lost due to inactivity.\n|\n|win|djjwjwwjj\n|raw|htotoT's rating: 1765 &rarr; <strong>1743<\/strong><br \/>(-22 for losing)\n|raw|djjwjwwjj's rating: 1732 &rarr; <strong>1754<\/strong><br \/>(+22 for winning)\n|l|\u2606djjwjwwjj\n|player|p2|\n","uploadtime":1730537445,"views":25,"formatid":"gen9vgc2024regh","rating":1743,"private":0,"password":null}