{"id":"gen9vgc2024regh-2235558335","format":"[Gen 9] VGC 2024 Reg H","players":["Brave12223","liam.2025"],"log":"|j|\u2606Brave12223\n|j|\u2606liam.2025\n|t:|1730491187\n|gametype|doubles\n|player|p1|Brave12223|ingo|1803\n|player|p2|liam.2025|policeman|1693\n|teamsize|p1|6\n|teamsize|p2|6\n|gen|9\n|tier|[Gen 9] VGC 2024 Reg H\n|rated|\n|rule|Species Clause: Limit one of each Pok\u00e9mon\n|rule|Item Clause: Limit 1 of each item\n|clearpoke\n|poke|p1|Tyranitar, L50, F|\n|poke|p1|Gastrodon, L50, F|\n|poke|p1|Garchomp, L50, M|\n|poke|p1|Talonflame, L50, M|\n|poke|p1|Tsareena, L50, F|\n|poke|p1|Gholdengo, L50|\n|poke|p2|Indeedee-F, L50, F|\n|poke|p2|Gallade, L50, M|\n|poke|p2|Maushold-Four, L50|\n|poke|p2|Hydrapple, L50, M|\n|poke|p2|Torkoal, L50, M|\n|poke|p2|Armarouge, L50, F|\n|teampreview|4\n|inactive|Battle timer is ON: inactive players will automatically lose when time's up. (requested by Brave12223)\n|inactive|liam.2025 has 60 seconds left.\n|\n|t:|1730491235\n|start\n|switch|p1a: Talonflame|Talonflame, L50, M|100\/100\n|switch|p1b: Garchomp|Garchomp, L50, M|100\/100\n|switch|p2a: Indeedee|Indeedee-F, L50, F|100\/100\n|switch|p2b: Gallade|Gallade, L50, M|100\/100\n|-fieldstart|move: Psychic Terrain|[from] ability: Psychic Surge|[of] p2a: Indeedee\n|turn|1\n|\n|t:|1730491251\n|move|p2a: Indeedee|Follow Me|p2a: Indeedee\n|-singleturn|p2a: Indeedee|move: Follow Me\n|move|p1a: Talonflame|Taunt|p2a: Indeedee\n|-start|p2a: Indeedee|move: Taunt\n|move|p1b: Garchomp|Earthquake|p2a: Indeedee|[spread] p2a,p2b\n|-immune|p1a: Talonflame\n|-damage|p2a: Indeedee|39\/100\n|-damage|p2b: Gallade|6\/100\n|move|p2b: Gallade|Trick Room|p2b: Gallade\n|-fieldstart|move: Trick Room|[of] p2b: Gallade\n|\n|upkeep\n|turn|2\n|\n|t:|1730491265\n|move|p2b: Gallade|Psycho Cut|p1b: Garchomp\n|-damage|p1b: Garchomp|25\/100\n|move|p2a: Indeedee|Psychic|p1a: Talonflame\n|-damage|p1a: Talonflame|51\/100\n|move|p1b: Garchomp|Earthquake|p2a: Indeedee|[spread] p2a,p2b\n|-immune|p1a: Talonflame\n|-damage|p2a: Indeedee|0 fnt\n|-damage|p2b: Gallade|0 fnt\n|faint|p2a: Indeedee\n|faint|p2b: Gallade\n|move|p1a: Talonflame|Taunt|p2: Indeedee|[notarget]\n|-fail|p1a: Talonflame\n|\n|upkeep\n|\n|t:|1730491276\n|switch|p2b: Armarouge|Armarouge, L50, F|100\/100\n|switch|p2a: Hydrapple|Hydrapple, L50, M|100\/100\n|turn|3\n|\n|t:|1730491290\n|switch|p1b: Tyranitar|Tyranitar, L50, F|100\/100\n|-weather|Sandstorm|[from] ability: Sand Stream|[of] p1b: Tyranitar\n|move|p2a: Hydrapple|Fickle Beam|p1b: Tyranitar\n|-damage|p1b: Tyranitar|61\/100\n|-damage|p2a: Hydrapple|91\/100|[from] item: Life Orb\n|move|p2b: Armarouge|Meteor Beam||[still]\n|-prepare|p2b: Armarouge|Meteor Beam\n|-boost|p2b: Armarouge|spa|1\n|-enditem|p2b: Armarouge|Power Herb\n|-anim|p2b: Armarouge|Meteor Beam|p1a: Talonflame\n|-supereffective|p1a: Talonflame\n|-damage|p1a: Talonflame|0 fnt\n|faint|p1a: Talonflame\n|\n|-weather|Sandstorm|[upkeep]\n|-damage|p2a: Hydrapple|85\/100|[from] Sandstorm\n|-damage|p2b: Armarouge|94\/100|[from] Sandstorm\n|upkeep\n|\n|t:|1730491308\n|switch|p1a: Gastrodon|Gastrodon, L50, F|100\/100\n|turn|4\n|\n|t:|1730491316\n|-terastallize|p2b: Armarouge|Grass\n|move|p1a: Gastrodon|Protect|p1a: Gastrodon\n|-singleturn|p1a: Gastrodon|Protect\n|move|p1b: Tyranitar|Protect|p1b: Tyranitar\n|-singleturn|p1b: Tyranitar|Protect\n|move|p2a: Hydrapple|Energy Ball|p1a: Gastrodon\n|-activate|p1a: Gastrodon|move: Protect\n|move|p2b: Armarouge|Aura Sphere|p1b: Tyranitar\n|-activate|p1b: Tyranitar|move: Protect\n|\n|-weather|Sandstorm|[upkeep]\n|-damage|p2a: Hydrapple|78\/100|[from] Sandstorm\n|-damage|p2b: Armarouge|88\/100|[from] Sandstorm\n|upkeep\n|turn|5\n|inactive|liam.2025 has 30 seconds left.\n|\n|t:|1730491341\n|-terastallize|p1a: Gastrodon|Fairy\n|move|p2a: Hydrapple|Energy Ball|p1a: Gastrodon\n|-damage|p1a: Gastrodon|43\/100\n|-enditem|p1a: Gastrodon|Sitrus Berry|[eat]\n|-heal|p1a: Gastrodon|67\/100|[from] item: Sitrus Berry\n|-damage|p2a: Hydrapple|69\/100|[from] item: Life Orb\n|move|p1a: Gastrodon|Ice Beam|p2a: Hydrapple\n|-supereffective|p2a: Hydrapple\n|-damage|p2a: Hydrapple|0 fnt\n|faint|p2a: Hydrapple\n|move|p2b: Armarouge|Aura Sphere|p1b: Tyranitar\n|-supereffective|p1b: Tyranitar\n|-damage|p1b: Tyranitar|0 fnt\n|faint|p1b: Tyranitar\n|\n|-weather|Sandstorm|[upkeep]\n|-damage|p1a: Gastrodon|62\/100|[from] Sandstorm\n|-damage|p2b: Armarouge|82\/100|[from] Sandstorm\n|-fieldend|move: Trick Room\n|-fieldend|move: Psychic Terrain\n|upkeep\n|\n|t:|1730491350\n|switch|p1b: Garchomp|Garchomp, L50, M|25\/100\n|turn|6\n|\n|t:|1730491370\n|move|p1b: Garchomp|Poison Jab|p2b: Armarouge\n|-supereffective|p2b: Armarouge\n|-damage|p2b: Armarouge|0 fnt\n|faint|p2b: Armarouge\n|\n|win|Brave12223\n|raw|Brave12223's rating: 1803 &rarr; <strong>1817<\/strong><br \/>(+14 for winning)\n|raw|liam.2025's rating: 1693 &rarr; <strong>1679<\/strong><br \/>(-14 for losing)\n|l|\u2606liam.2025\n|player|p2|\n|l|\u2606Brave12223\n|player|p1|\n","uploadtime":1730491608,"views":37,"formatid":"gen9vgc2024regh","rating":1679,"private":0,"password":null}