{"id":"gen9vgc2024regh-2235458489","format":"[Gen 9] VGC 2024 Reg H","players":["647w","brouz"],"log":"|j|\u2606647w\n|j|\u2606brouz\n|t:|1730481164\n|gametype|doubles\n|player|p1|647w|lucas-gen4pt|1780\n|player|p2|brouz|ingo|1757\n|teamsize|p1|6\n|teamsize|p2|6\n|gen|9\n|tier|[Gen 9] VGC 2024 Reg H\n|rated|\n|rule|Species Clause: Limit one of each Pok\u00e9mon\n|rule|Item Clause: Limit 1 of each item\n|clearpoke\n|poke|p1|Kilowattrel, L50, F|\n|poke|p1|Garchomp, L50, M|\n|poke|p1|Gholdengo, L50|\n|poke|p1|Incineroar, L50, F|\n|poke|p1|Rillaboom, L50, F|\n|poke|p1|Dondozo, L50, M|\n|poke|p2|Tyranitar, L50, F|\n|poke|p2|Gastrodon, L50, F|\n|poke|p2|Garchomp, L50, F|\n|poke|p2|Talonflame, L50, F|\n|poke|p2|Kingambit, L50, F|\n|poke|p2|Tsareena, L50, F|\n|teampreview|4\n647w has agreed to open team sheets.\n|inactive|Battle timer is ON: inactive players will automatically lose when time's up. (requested by brouz)\nbrouz has agreed to open team sheets.\n|inactive|brouz has 30 seconds left.\n|inactive|brouz has 20 seconds left.\n|\n|t:|1730481232\n|start\n|switch|p1a: Kilowattrel|Kilowattrel, L50, F|100\/100\n|switch|p1b: Garchomp|Garchomp, L50, M|100\/100\n|switch|p2a: Talonflame|Talonflame, L50, F|100\/100\n|switch|p2b: Garchomp|Garchomp, L50, F|100\/100\n|turn|1\n|\n|t:|1730481248\n|switch|p2a: Tyranitar|Tyranitar, L50, F|100\/100\n|-weather|Sandstorm|[from] ability: Sand Stream|[of] p2a: Tyranitar\n|move|p1b: Garchomp|Protect|p1b: Garchomp\n|-singleturn|p1b: Garchomp|Protect\n|move|p1a: Kilowattrel|Thunderbolt|p2a: Tyranitar\n|-damage|p2a: Tyranitar|71\/100\n|move|p2b: Garchomp|Dragon Claw|p1a: Kilowattrel\n|-enditem|p1a: Kilowattrel|Focus Sash\n|-damage|p1a: Kilowattrel|1\/100\n|\n|-weather|Sandstorm|[upkeep]\n|-damage|p1a: Kilowattrel|0 fnt|[from] Sandstorm\n|faint|p1a: Kilowattrel\n|upkeep\n|\n|t:|1730481261\n|switch|p1a: Rillaboom|Rillaboom, L50, F|100\/100\n|-fieldstart|move: Grassy Terrain|[from] ability: Grassy Surge|[of] p1a: Rillaboom\n|turn|2\n|\n|t:|1730481278\n|switch|p2b: Talonflame|Talonflame, L50, F|100\/100\n|-terastallize|p1b: Garchomp|Fairy\n|move|p2a: Tyranitar|Protect|p2a: Tyranitar\n|-singleturn|p2a: Tyranitar|Protect\n|move|p1b: Garchomp|Swords Dance|p1b: Garchomp\n|-boost|p1b: Garchomp|atk|2\n|move|p1a: Rillaboom|U-turn|p2a: Tyranitar\n|-activate|p2a: Tyranitar|move: Protect\n|\n|-weather|Sandstorm|[upkeep]\n|-damage|p1b: Garchomp|95\/100|[from] Sandstorm\n|-damage|p1a: Rillaboom|95\/100|[from] Sandstorm\n|-heal|p1b: Garchomp|100\/100|[from] Grassy Terrain\n|-heal|p1a: Rillaboom|100\/100|[from] Grassy Terrain\n|-heal|p2a: Tyranitar|78\/100|[from] Grassy Terrain\n|upkeep\n|turn|3\n|\n|t:|1730481291\n|-terastallize|p2a: Tyranitar|Flying\n|move|p2b: Talonflame|Will-O-Wisp|p1b: Garchomp\n|-status|p1b: Garchomp|brn\n|move|p1b: Garchomp|Dragon Claw|p2b: Talonflame\n|-damage|p2b: Talonflame|48\/100\n|move|p1a: Rillaboom|U-turn|p2a: Tyranitar\n|-resisted|p2a: Tyranitar\n|-damage|p2a: Tyranitar|66\/100\n|\n|t:|1730481295\n|switch|p1a: Dondozo|Dondozo, L50, M|100\/100|[from] U-turn\n|move|p2a: Tyranitar|Tera Blast|p1a: Dondozo|[anim] Tera Blast Flying\n|-damage|p1a: Dondozo|72\/100\n|\n|-weather|Sandstorm|[upkeep]\n|-damage|p1b: Garchomp|95\/100 brn|[from] Sandstorm\n|-damage|p2a: Tyranitar|60\/100|[from] Sandstorm\n|-damage|p1a: Dondozo|66\/100|[from] Sandstorm\n|-heal|p1b: Garchomp|100\/100 brn|[from] Grassy Terrain\n|-heal|p1a: Dondozo|72\/100|[from] Grassy Terrain\n|-heal|p1a: Dondozo|78\/100|[from] item: Leftovers\n|-damage|p1b: Garchomp|95\/100 brn|[from] brn\n|upkeep\n|turn|4\n|\n|t:|1730481307\n|move|p2b: Talonflame|Taunt|p1a: Dondozo\n|-start|p1a: Dondozo|move: Taunt\n|move|p1b: Garchomp|Swords Dance|p1b: Garchomp\n|-boost|p1b: Garchomp|atk|2\n|move|p2a: Tyranitar|Tera Blast|p1b: Garchomp|[anim] Tera Blast Flying\n|-damage|p1b: Garchomp|47\/100 brn\n|move|p1a: Dondozo|Wave Crash|p2b: Talonflame\n|-supereffective|p2b: Talonflame\n|-damage|p2b: Talonflame|0 fnt\n|faint|p2b: Talonflame\n|-damage|p1a: Dondozo|67\/100|[from] Recoil\n|\n|-weather|Sandstorm|[upkeep]\n|-damage|p1b: Garchomp|41\/100 brn|[from] Sandstorm\n|-damage|p2a: Tyranitar|54\/100|[from] Sandstorm\n|-damage|p1a: Dondozo|61\/100|[from] Sandstorm\n|-heal|p1b: Garchomp|47\/100 brn|[from] Grassy Terrain\n|-heal|p1a: Dondozo|67\/100|[from] Grassy Terrain\n|-heal|p1a: Dondozo|73\/100|[from] item: Leftovers\n|-damage|p1b: Garchomp|41\/100 brn|[from] brn\n|upkeep\n|\n|t:|1730481329\n|switch|p2b: Kingambit|Kingambit, L50, F|100\/100\n|turn|5\n|\n|t:|1730481344\n|switch|p1a: Rillaboom|Rillaboom, L50, F|100\/100\n|move|p1b: Garchomp|Protect|p1b: Garchomp\n|-singleturn|p1b: Garchomp|Protect\n|move|p2a: Tyranitar|Knock Off|p1a: Rillaboom\n|-damage|p1a: Rillaboom|45\/100\n|-enditem|p1a: Rillaboom|Assault Vest|[from] move: Knock Off|[of] p2a: Tyranitar\n|move|p2b: Kingambit|Kowtow Cleave|p1a: Rillaboom\n|-damage|p1a: Rillaboom|0 fnt\n|faint|p1a: Rillaboom\n|\n|-weather|none\n|-heal|p1b: Garchomp|47\/100 brn|[from] Grassy Terrain\n|-damage|p1b: Garchomp|41\/100 brn|[from] brn\n|upkeep\n|\n|t:|1730481346\n|switch|p1a: Dondozo|Dondozo, L50, M|73\/100\n|turn|6\n|\n|t:|1730481352\n|move|p1b: Garchomp|Dragon Claw|p2a: Tyranitar\n|-damage|p2a: Tyranitar|0 fnt\n|faint|p2a: Tyranitar\n|move|p2b: Kingambit|Iron Head|p1b: Garchomp\n|-supereffective|p1b: Garchomp\n|-crit|p1b: Garchomp\n|-damage|p1b: Garchomp|0 fnt\n|-damage|p2b: Kingambit|88\/100|[from] ability: Rough Skin|[of] p1b: Garchomp\n|faint|p1b: Garchomp\n|move|p1a: Dondozo|Yawn|p2b: Kingambit\n|-start|p2b: Kingambit|move: Yawn|[of] p1a: Dondozo\n|\n|-heal|p2b: Kingambit|94\/100|[from] Grassy Terrain\n|-heal|p1a: Dondozo|79\/100|[from] Grassy Terrain\n|-heal|p1a: Dondozo|86\/100|[from] item: Leftovers\n|-fieldend|move: Grassy Terrain\n|upkeep\n|\n|t:|1730481354\n|switch|p2a: Garchomp|Garchomp, L50, F|100\/100\n|turn|7\n|\n|t:|1730481359\n|move|p1a: Dondozo|Protect|p1a: Dondozo\n|-singleturn|p1a: Dondozo|Protect\n|move|p2a: Garchomp|Dragon Claw|p1a: Dondozo\n|-activate|p1a: Dondozo|move: Protect\n|move|p2b: Kingambit|Kowtow Cleave|p1a: Dondozo\n|-activate|p1a: Dondozo|move: Protect\n|\n|-heal|p1a: Dondozo|92\/100|[from] item: Leftovers\n|-end|p2b: Kingambit|move: Yawn|[silent]\n|-status|p2b: Kingambit|slp\n|upkeep\n|turn|8\n|\n|t:|1730481363\n|move|p2a: Garchomp|Dragon Claw|p1a: Dondozo\n|-damage|p1a: Dondozo|54\/100\n|cant|p2b: Kingambit|slp\n|move|p1a: Dondozo|Fissure|p2b: Kingambit|[miss]\n|-miss|p1a: Dondozo|p2b: Kingambit\n|\n|-heal|p1a: Dondozo|60\/100|[from] item: Leftovers\n|upkeep\n|turn|9\n|\n|t:|1730481368\n|move|p2a: Garchomp|Dragon Claw|p1a: Dondozo\n|-damage|p1a: Dondozo|17\/100\n|cant|p2b: Kingambit|slp\n|move|p1a: Dondozo|Fissure|p2b: Kingambit|[miss]\n|-miss|p1a: Dondozo|p2b: Kingambit\n|\n|-heal|p1a: Dondozo|23\/100|[from] item: Leftovers\n|upkeep\n|turn|10\n|\n|t:|1730481371\n|move|p2a: Garchomp|Dragon Claw|p1a: Dondozo\n|-damage|p1a: Dondozo|0 fnt\n|faint|p1a: Dondozo\n|\n|win|brouz\n|raw|647w's rating: 1780 &rarr; <strong>1759<\/strong><br \/>(-21 for losing)\n|raw|brouz's rating: 1757 &rarr; <strong>1778<\/strong><br \/>(+21 for winning)\n|l|\u2606brouz\n|player|p2|\n|l|\u2606647w\n|player|p1|\n","uploadtime":1730481374,"views":62,"formatid":"gen9vgc2024regh","rating":1759,"private":0,"password":null}