{"id":"gen9vgc2024regh-2235336446","format":"[Gen 9] VGC 2024 Reg H","players":["zip520520","Jwofsgo"],"log":"|j|\u2606zip520520\n|j|\u2606Jwofsgo\n|t:|1730468823\n|gametype|doubles\n|player|p1|zip520520|rosa|1694\n|player|p2|Jwofsgo|scientist-gen4|1722\n|teamsize|p1|6\n|teamsize|p2|6\n|gen|9\n|tier|[Gen 9] VGC 2024 Reg H\n|rated|\n|rule|Species Clause: Limit one of each Pok\u00e9mon\n|rule|Item Clause: Limit 1 of each item\n|clearpoke\n|poke|p1|Indeedee, L50, M|\n|poke|p1|Weavile, L50, M|\n|poke|p1|Garchomp, L50, M|\n|poke|p1|Volcarona, L50, M|\n|poke|p1|Hydreigon, L50, F|\n|poke|p1|Amoonguss, L50, M|\n|poke|p2|Typhlosion-Hisui, L50, M|\n|poke|p2|Indeedee, L50, M|\n|poke|p2|Whimsicott, L50, F|\n|poke|p2|Dragapult, L50, M|\n|poke|p2|Sneasler, L50, M|\n|poke|p2|Garchomp, L50, F|\n|teampreview|4\n|inactive|Battle timer is ON: inactive players will automatically lose when time's up. (requested by zip520520)\n|inactive|zip520520 has 60 seconds left.\n|inactive|Jwofsgo has 60 seconds left.\n|\n|t:|1730468887\n|start\n|switch|p1a: Weavile|Weavile, L50, M|100\/100\n|switch|p1b: Hydreigon|Hydreigon, L50, F|100\/100\n|switch|p2a: Whimsicott|Whimsicott, L50, F|100\/100\n|switch|p2b: Typhlosion|Typhlosion-Hisui, L50, M|100\/100\n|-ability|p1a: Weavile|Pressure\n|-item|p1a: Weavile|Focus Sash|[from] ability: Frisk|[of] p2b: Typhlosion\n|-item|p1b: Hydreigon|Scope Lens|[from] ability: Frisk|[of] p2b: Typhlosion\n|turn|1\n|j| spanish fraud\n|inactive|zip520520 has 30 seconds left.\n|inactive|Jwofsgo has 30 seconds left.\n|inactive|Jwofsgo has 20 seconds left.\n|inactive|zip520520 has 20 seconds left.\n|inactive|Jwofsgo has 15 seconds left.\n|inactive|Jwofsgo has 10 seconds left.\n|inactive|Jwofsgo has 5 seconds left.\n|\n|t:|1730468940\n|-terastallize|p1b: Hydreigon|Fire\n|move|p1a: Weavile|Fake Out|p2b: Typhlosion\n|-immune|p2b: Typhlosion\n|move|p2a: Whimsicott|Moonblast|p1b: Hydreigon\n|-resisted|p1b: Hydreigon\n|-damage|p1b: Hydreigon|80\/100\n|move|p1b: Hydreigon|Focus Energy|p1b: Hydreigon\n|-start|p1b: Hydreigon|move: Focus Energy\n|move|p2b: Typhlosion|Flamethrower|p1a: Weavile\n|-supereffective|p1a: Weavile\n|-enditem|p1a: Weavile|Focus Sash\n|-damage|p1a: Weavile|1\/100\n|\n|upkeep\n|turn|2\n|inactive|zip520520 has 30 seconds left.\n|inactive|Jwofsgo has 30 seconds left.\n|inactive|Jwofsgo has 20 seconds left.\n|inactive|Jwofsgo has 15 seconds left.\n|\n|t:|1730468984\n|switch|p2b: Sneasler|Sneasler, L50, M|100\/100\n|move|p1a: Weavile|Protect|p1a: Weavile\n|-singleturn|p1a: Weavile|Protect\n|move|p2a: Whimsicott|Encore|p1b: Hydreigon\n|-start|p1b: Hydreigon|Encore\n|move|p1b: Hydreigon|Focus Energy||[still]\n|-fail|p1b: Hydreigon\n|\n|upkeep\n|turn|3\n|inactive|Jwofsgo has 30 seconds left.\n|inactive|Jwofsgo has 20 seconds left.\n|\n|t:|1730469020\n|switch|p1b: Indeedee|Indeedee, L50, M|100\/100\n|-fieldstart|move: Psychic Terrain|[from] ability: Psychic Surge|[of] p1b: Indeedee\n|-enditem|p2b: Sneasler|Psychic Seed\n|-boost|p2b: Sneasler|spd|1|[from] item: Psychic Seed\n|move|p2a: Whimsicott|Tailwind|p2a: Whimsicott\n|-sidestart|p2: Jwofsgo|move: Tailwind\n|move|p2b: Sneasler|Dire Claw|p1a: Weavile\n|-damage|p1a: Weavile|0 fnt\n|faint|p1a: Weavile\n|\n|upkeep\n|\n|t:|1730469035\n|switch|p1a: Hydreigon|Hydreigon, L50, F, tera:Fire|80\/100\n|turn|4\n|inactive|Jwofsgo has 30 seconds left.\n|\n|t:|1730469069\n|move|p2b: Sneasler|Close Combat|p1b: Indeedee\n|-damage|p1b: Indeedee|0 fnt\n|-unboost|p2b: Sneasler|def|1\n|-unboost|p2b: Sneasler|spd|1\n|faint|p1b: Indeedee\n|move|p2a: Whimsicott|Moonblast|p1a: Hydreigon\n|-resisted|p1a: Hydreigon\n|-damage|p1a: Hydreigon|59\/100\n|move|p1a: Hydreigon|Heat Wave|p2a: Whimsicott|[spread] p2b\n|-miss|p1a: Hydreigon|p2a: Whimsicott\n|-crit|p2b: Sneasler\n|-damage|p2b: Sneasler|31\/100\n|-status|p2b: Sneasler|brn\n|\n|-damage|p2b: Sneasler|25\/100 brn|[from] brn\n|upkeep\n|\n|t:|1730469085\n|switch|p1b: Garchomp|Garchomp, L50, M|100\/100\n|turn|5\n|\n|t:|1730469098\n|move|p1b: Garchomp|Protect|p1b: Garchomp\n|-singleturn|p1b: Garchomp|Protect\n|move|p2b: Sneasler|Dire Claw|p1a: Hydreigon\n|-damage|p1a: Hydreigon|34\/100\n|move|p2a: Whimsicott|Moonblast|p1b: Garchomp\n|-activate|p1b: Garchomp|move: Protect\n|move|p1a: Hydreigon|Heat Wave|p2a: Whimsicott|[spread] p2a,p2b\n|-supereffective|p2a: Whimsicott\n|-enditem|p2a: Whimsicott|Focus Sash\n|-damage|p2a: Whimsicott|1\/100\n|-damage|p2b: Sneasler|0 fnt\n|faint|p2b: Sneasler\n|\n|upkeep\n|\n|t:|1730469112\n|switch|p2b: Dragapult|Dragapult, L50, M|100\/100\n|turn|6\n|\n|t:|1730469123\n|-terastallize|p2b: Dragapult|Dragon\n|move|p2b: Dragapult|Dragon Darts|p1b: Garchomp\n|-supereffective|p1b: Garchomp\n|-damage|p1b: Garchomp|0 fnt\n|-anim|p2b: Dragapult|Dragon Darts|p1a: Hydreigon\n|-damage|p1a: Hydreigon|0 fnt\n|faint|p1b: Garchomp\n|faint|p1a: Hydreigon\n|\n|win|Jwofsgo\n|raw|zip520520's rating: 1694 &rarr; <strong>1676<\/strong><br \/>(-18 for losing)\n|raw|Jwofsgo's rating: 1722 &rarr; <strong>1740<\/strong><br \/>(+18 for winning)\n|l|\u2606zip520520\n|player|p1|\n|l|\u2606Jwofsgo\n|player|p2|\n|l| spanish fraud\n","uploadtime":1730469379,"views":20,"formatid":"gen9vgc2024regh","rating":1676,"private":0,"password":null}