{"id":"gen9vgc2024regh-2235571745","format":"[Gen 9] VGC 2024 Reg H","players":["ren122333","647w"],"log":"|j|\u2606ren122333\n|j|\u2606647w\n|t:|1730492631\n|gametype|doubles\n|player|p1|ren122333|hilbert|1712\n|player|p2|647w|lucas-gen4pt|1785\n|teamsize|p1|6\n|teamsize|p2|6\n|gen|9\n|tier|[Gen 9] VGC 2024 Reg H\n|rated|\n|rule|Species Clause: Limit one of each Pok\u00e9mon\n|rule|Item Clause: Limit 1 of each item\n|clearpoke\n|poke|p1|Whimsicott, L50, M|\n|poke|p1|Mamoswine, L50, M|\n|poke|p1|Lycanroc-Dusk, L50, F|\n|poke|p1|Typhlosion-Hisui, L50, F|\n|poke|p1|Farigiraf, L50, F|\n|poke|p1|Mienshao, L50, M|\n|poke|p2|Kilowattrel, L50, M|\n|poke|p2|Garchomp, L50, F|\n|poke|p2|Gholdengo, L50|\n|poke|p2|Incineroar, L50, F|\n|poke|p2|Rillaboom, L50, M|\n|poke|p2|Dondozo, L50, M|\n|teampreview|4\n647w has agreed to open team sheets.\n|inactive|Battle timer is ON: inactive players will automatically lose when time's up. (requested by ren122333)\n|\n|t:|1730492664\n|start\n|switch|p1a: Whimsicott|Whimsicott, L50, M|100\/100\n|switch|p1b: Mienshao|Mienshao, L50, M|100\/100\n|switch|p2a: Gholdengo|Gholdengo, L50|100\/100\n|switch|p2b: Rillaboom|Rillaboom, L50, M|100\/100\n|-fieldstart|move: Grassy Terrain|[from] ability: Grassy Surge|[of] p2b: Rillaboom\n|turn|1\n|\n|t:|1730492682\n|switch|p2a: Incineroar|Incineroar, L50, F|100\/100\n|-ability|p2a: Incineroar|Intimidate|boost\n|-unboost|p1a: Whimsicott|atk|1\n|-fail|p1b: Mienshao|unboost|Attack|[from] ability: Inner Focus|[of] p1b: Mienshao\n|move|p1b: Mienshao|Wide Guard|p1b: Mienshao\n|-singleturn|p1b: Mienshao|Wide Guard\n|move|p1a: Whimsicott|Tailwind|p1a: Whimsicott\n|-sidestart|p1: ren122333|move: Tailwind\n|move|p2b: Rillaboom|Wood Hammer|p1b: Mienshao\n|-damage|p1b: Mienshao|0 fnt\n|faint|p1b: Mienshao\n|-damage|p2b: Rillaboom|78\/100|[from] Recoil\n|\n|-heal|p2b: Rillaboom|84\/100|[from] Grassy Terrain\n|upkeep\n|\n|t:|1730492691\n|switch|p1b: Mamoswine|Mamoswine, L50, M|100\/100\n|turn|2\n|\n|t:|1730492706\n|-terastallize|p1b: Mamoswine|Grass\n|move|p2b: Rillaboom|Grassy Glide|p1b: Mamoswine\n|-resisted|p1b: Mamoswine\n|-damage|p1b: Mamoswine|81\/100\n|move|p1a: Whimsicott|Moonblast|p2b: Rillaboom\n|-damage|p2b: Rillaboom|56\/100\n|-unboost|p2b: Rillaboom|spa|1\n|move|p1b: Mamoswine|High Horsepower|p2a: Incineroar\n|-supereffective|p2a: Incineroar\n|-damage|p2a: Incineroar|0 fnt\n|faint|p2a: Incineroar\n|\n|-heal|p1b: Mamoswine|87\/100|[from] Grassy Terrain\n|-heal|p2b: Rillaboom|61\/100|[from] Grassy Terrain\n|upkeep\n|\n|t:|1730492711\n|switch|p2a: Dondozo|Dondozo, L50, M|100\/100\n|turn|3\n|inactive|ren122333 has 30 seconds left.\n|\n|t:|1730492737\n|-terastallize|p2b: Rillaboom|Fire\n|move|p1a: Whimsicott|Moonblast|p2a: Dondozo\n|-damage|p2a: Dondozo|77\/100\n|-unboost|p2a: Dondozo|spa|1\n|move|p1b: Mamoswine|Tera Blast|p2a: Dondozo|[anim] Tera Blast Grass\n|-supereffective|p2a: Dondozo\n|-damage|p2a: Dondozo|0 fnt\n|faint|p2a: Dondozo\n|move|p2b: Rillaboom|U-turn|p1b: Mamoswine\n|-supereffective|p1b: Mamoswine\n|-damage|p1b: Mamoswine|26\/100\n|\n|t:|1730492743\n|switch|p2b: Gholdengo|Gholdengo, L50|100\/100|[from] U-turn\n|\n|-heal|p1b: Mamoswine|32\/100|[from] Grassy Terrain\n|upkeep\n|\n|t:|1730492744\n|switch|p2a: Rillaboom|Rillaboom, L50, M, tera:Fire|61\/100\n|turn|4\n|\n|t:|1730492767\n|move|p2a: Rillaboom|Fake Out|p1b: Mamoswine\n|-damage|p1b: Mamoswine|17\/100\n|move|p1a: Whimsicott|Sunny Day|p1a: Whimsicott\n|-weather|SunnyDay\n|cant|p1b: Mamoswine|flinch\n|move|p2b: Gholdengo|Make It Rain|p1a: Whimsicott|[spread] p1a,p1b\n|-supereffective|p1a: Whimsicott\n|-enditem|p1a: Whimsicott|Focus Sash\n|-damage|p1a: Whimsicott|1\/100\n|-damage|p1b: Mamoswine|0 fnt\n|-unboost|p2b: Gholdengo|spa|1\n|faint|p1b: Mamoswine\n|\n|-weather|SunnyDay|[upkeep]\n|-heal|p1a: Whimsicott|7\/100|[from] Grassy Terrain\n|-heal|p2a: Rillaboom|67\/100|[from] Grassy Terrain\n|-sideend|p1: ren122333|move: Tailwind\n|upkeep\n|\n|t:|1730492770\n|switch|p1b: Typhlosion|Typhlosion-Hisui, L50, F|100\/100\n|-item|p2a: Rillaboom|Assault Vest|[from] ability: Frisk|[of] p1b: Typhlosion\n|-item|p2b: Gholdengo|Sitrus Berry|[from] ability: Frisk|[of] p1b: Typhlosion\n|turn|5\n|\n|t:|1730492779\n|move|p2b: Gholdengo|Protect|p2b: Gholdengo\n|-singleturn|p2b: Gholdengo|Protect\n|move|p1a: Whimsicott|Encore|p2a: Rillaboom\n|-start|p2a: Rillaboom|Encore\n|move|p2a: Rillaboom|Fake Out||[still]\n|-hint|Fake Out only works on your first turn out.\n|-fail|p2a: Rillaboom\n|move|p1b: Typhlosion|Eruption|p2a: Rillaboom|[spread] p2a\n|-activate|p2b: Gholdengo|move: Protect\n|-resisted|p2a: Rillaboom\n|-damage|p2a: Rillaboom|22\/100\n|\n|-weather|SunnyDay|[upkeep]\n|-heal|p1a: Whimsicott|13\/100|[from] Grassy Terrain\n|-heal|p2a: Rillaboom|28\/100|[from] Grassy Terrain\n|-fieldend|move: Grassy Terrain\n|upkeep\n|turn|6\n|\n|t:|1730492790\n|move|p2a: Rillaboom|Fake Out||[still]\n|-hint|Fake Out only works on your first turn out.\n|-fail|p2a: Rillaboom\n|move|p1a: Whimsicott|Tailwind|p1a: Whimsicott\n|-sidestart|p1: ren122333|move: Tailwind\n|move|p1b: Typhlosion|Eruption|p2b: Gholdengo|[spread] p2a,p2b\n|-resisted|p2a: Rillaboom\n|-supereffective|p2b: Gholdengo\n|-damage|p2a: Rillaboom|0 fnt\n|-damage|p2b: Gholdengo|0 fnt\n|faint|p2a: Rillaboom\n|faint|p2b: Gholdengo\n|\n|win|ren122333\n|raw|ren122333's rating: 1712 &rarr; <strong>1736<\/strong><br \/>(+24 for winning)\n|raw|647w's rating: 1785 &rarr; <strong>1761<\/strong><br \/>(-24 for losing)\n|l|\u2606ren122333\n|player|p1|\n|l|\u2606647w\n|player|p2|\n","uploadtime":1730492794,"views":53,"formatid":"gen9vgc2024regh","rating":1736,"private":0,"password":null}