{"id":"gen9vgc2024regh-2235506082","format":"[Gen 9] VGC 2024 Reg H","players":["Cellpab1","bluestraggler02"],"log":"|j|\u2606Cellpab1\n|j|\u2606bluestraggler02\n|t:|1730485828\n|gametype|doubles\n|player|p1|Cellpab1|169|1744\n|player|p2|bluestraggler02|170|1705\n|teamsize|p1|6\n|teamsize|p2|6\n|gen|9\n|tier|[Gen 9] VGC 2024 Reg H\n|rated|\n|rule|Species Clause: Limit one of each Pok\u00e9mon\n|rule|Item Clause: Limit 1 of each item\n|clearpoke\n|poke|p1|Corviknight, L50, F|\n|poke|p1|Sneasler, L50, F|\n|poke|p1|Garchomp, L50, M|\n|poke|p1|Ninetales-Alola, L50, F|\n|poke|p1|Kingambit, L50, F|\n|poke|p1|Magmar, L50, F|\n|poke|p2|Skeledirge, L50, M|\n|poke|p2|Porygon2, L50|\n|poke|p2|Ursaluna, L50, F|\n|poke|p2|Amoonguss, L50, M|\n|poke|p2|Maushold-Four, L50|\n|poke|p2|Malamar, L50, F|\n|teampreview|4\n|inactive|Battle timer is ON: inactive players will automatically lose when time's up. (requested by bluestraggler02)\nbluestraggler02 rejected open team sheets.\n|\n|t:|1730485877\n|start\n|switch|p1a: Sneasler|Sneasler, L50, F|100\/100\n|switch|p1b: Garchomp|Garchomp, L50, M|100\/100\n|switch|p2a: Maushold|Maushold-Four, L50|100\/100\n|switch|p2b: Porygon2|Porygon2, L50|100\/100\n|-ability|p2b: Porygon2|Download|boost\n|-boost|p2b: Porygon2|atk|1\n|turn|1\n|inactive|Cellpab1 has 30 seconds left.\n|\n|t:|1730485904\n|switch|p1a: Corviknight|Corviknight, L50, F|100\/100\n|move|p2b: Porygon2|Protect|p2b: Porygon2\n|-singleturn|p2b: Porygon2|Protect\n|move|p2a: Maushold|Population Bomb|p1a: Corviknight\n|-resisted|p1a: Corviknight\n|-damage|p1a: Corviknight|97\/100\n|-resisted|p1a: Corviknight\n|-damage|p1a: Corviknight|93\/100\n|-resisted|p1a: Corviknight\n|-damage|p1a: Corviknight|88\/100\n|-resisted|p1a: Corviknight\n|-damage|p1a: Corviknight|84\/100\n|-resisted|p1a: Corviknight\n|-damage|p1a: Corviknight|80\/100\n|-resisted|p1a: Corviknight\n|-damage|p1a: Corviknight|76\/100\n|-resisted|p1a: Corviknight\n|-damage|p1a: Corviknight|72\/100\n|-resisted|p1a: Corviknight\n|-crit|p1a: Corviknight\n|-damage|p1a: Corviknight|66\/100\n|-resisted|p1a: Corviknight\n|-damage|p1a: Corviknight|62\/100\n|-resisted|p1a: Corviknight\n|-damage|p1a: Corviknight|57\/100\n|-hitcount|p1a: Corviknight|10\n|move|p1b: Garchomp|Earthquake|p2b: Porygon2|[spread] p2a\n|-activate|p2b: Porygon2|move: Protect\n|-immune|p1a: Corviknight\n|-damage|p2a: Maushold|27\/100\n|-damage|p1b: Garchomp|91\/100|[from] item: Life Orb\n|\n|upkeep\n|turn|2\n|inactive|Cellpab1 has 30 seconds left.\n|\n|t:|1730485934\n|move|p1b: Garchomp|Protect|p1b: Garchomp\n|-singleturn|p1b: Garchomp|Protect\n|move|p2a: Maushold|Population Bomb|p1b: Garchomp\n|-activate|p1b: Garchomp|move: Protect\n|move|p1a: Corviknight|Brave Bird|p2a: Maushold\n|-damage|p2a: Maushold|0 fnt\n|faint|p2a: Maushold\n|-damage|p1a: Corviknight|51\/100|[from] Recoil\n|move|p2b: Porygon2|Trick Room|p2b: Porygon2\n|-fieldstart|move: Trick Room|[of] p2b: Porygon2\n|\n|upkeep\n|\n|t:|1730485943\n|switch|p2a: Skeledirge|Skeledirge, L50, M|100\/100\n|turn|3\n|j| Elv3r G4larga\n|\n|t:|1730485960\n|switch|p1a: Magmar|Magmar, L50, F|100\/100\n|-terastallize|p1b: Garchomp|Fire\n|move|p2b: Porygon2|Ice Beam|p1b: Garchomp\n|-resisted|p1b: Garchomp\n|-damage|p1b: Garchomp|76\/100\n|move|p2a: Skeledirge|Shadow Ball|p1b: Garchomp\n|-damage|p1b: Garchomp|30\/100\n|move|p1b: Garchomp|Stomping Tantrum|p2a: Skeledirge\n|-supereffective|p2a: Skeledirge\n|-damage|p2a: Skeledirge|18\/100\n|-damage|p1b: Garchomp|20\/100|[from] item: Life Orb\n|\n|upkeep\n|turn|4\n|inactive|Cellpab1 has 30 seconds left.\n|inactive|Cellpab1 has 20 seconds left.\n|inactive|Cellpab1 has 15 seconds left.\n|\n|t:|1730486001\n|switch|p2b: Amoonguss|Amoonguss, L50, M|100\/100\n|move|p1a: Magmar|Follow Me|p1a: Magmar\n|-singleturn|p1a: Magmar|move: Follow Me\n|move|p2a: Skeledirge|Heat Wave|p1b: Garchomp|[spread] p1a,p1b\n|-resisted|p1a: Magmar\n|-resisted|p1b: Garchomp\n|-damage|p1a: Magmar|87\/100\n|-damage|p1b: Garchomp|2\/100\n|move|p1b: Garchomp|Dragon Claw|p2a: Skeledirge\n|-damage|p2a: Skeledirge|0 fnt\n|faint|p2a: Skeledirge\n|-damage|p1b: Garchomp|0 fnt|[from] item: Life Orb\n|faint|p1b: Garchomp\n|\n|upkeep\n|inactive|Cellpab1 has 30 seconds left.\n|\n|t:|1730486027\n|switch|p2a: Porygon2|Porygon2, L50|100\/100\n|switch|p1b: Corviknight|Corviknight, L50, F|51\/100\n|-ability|p2a: Porygon2|Download|boost\n|-boost|p2a: Porygon2|spa|1\n|turn|5\n|\n|t:|1730486046\n|-terastallize|p2a: Porygon2|Water\n|move|p2b: Amoonguss|Leaf Storm|p1a: Magmar\n|-resisted|p1a: Magmar\n|-damage|p1a: Magmar|71\/100\n|-unboost|p2b: Amoonguss|spa|2\n|move|p2a: Porygon2|Tera Blast|p1a: Magmar|[anim] Tera Blast Water\n|-supereffective|p1a: Magmar\n|-damage|p1a: Magmar|0 fnt\n|faint|p1a: Magmar\n|move|p1b: Corviknight|Roost|p1b: Corviknight\n|-heal|p1b: Corviknight|100\/100\n|-singleturn|p1b: Corviknight|move: Roost\n|\n|upkeep\n|\n|t:|1730486059\n|switch|p1a: Sneasler|Sneasler, L50, F|100\/100\n|turn|6\n|inactive|Cellpab1 has 30 seconds left.\n|inactive|Cellpab1 has 20 seconds left.\n|\n|t:|1730486098\n|move|p2b: Amoonguss|Spore|p1b: Corviknight\n|-status|p1b: Corviknight|slp|[from] move: Spore\n|move|p2a: Porygon2|Tera Blast|p1a: Sneasler|[anim] Tera Blast Water\n|-damage|p1a: Sneasler|29\/100\n|cant|p1b: Corviknight|slp\n|move|p1a: Sneasler|Dire Claw|p2a: Porygon2\n|-damage|p2a: Porygon2|77\/100\n|-status|p2a: Porygon2|slp\n|\n|-fieldend|move: Trick Room\n|upkeep\n|turn|7\n|inactive|Cellpab1 has 30 seconds left.\n|\n|t:|1730486131\n|move|p1a: Sneasler|Close Combat|p2a: Porygon2\n|-damage|p2a: Porygon2|38\/100 slp\n|-unboost|p1a: Sneasler|def|1\n|-unboost|p1a: Sneasler|spd|1\n|cant|p1b: Corviknight|slp\n|move|p2b: Amoonguss|Spore|p1a: Sneasler\n|-status|p1a: Sneasler|slp|[from] move: Spore\n|cant|p2a: Porygon2|slp\n|\n|upkeep\n|turn|8\n|\n|t:|1730486145\n|cant|p1a: Sneasler|slp\n|-curestatus|p1b: Corviknight|slp|[msg]\n|move|p1b: Corviknight|Bulk Up|p1b: Corviknight\n|-boost|p1b: Corviknight|atk|1\n|-boost|p1b: Corviknight|def|1\n|move|p2b: Amoonguss|Pollen Puff|p2a: Porygon2\n|-heal|p2a: Porygon2|88\/100 slp\n|cant|p2a: Porygon2|slp\n|\n|upkeep\n|turn|9\n|\n|t:|1730486158\n|cant|p1a: Sneasler|slp\n|move|p1b: Corviknight|Brave Bird|p2b: Amoonguss\n|-supereffective|p2b: Amoonguss\n|-crit|p2b: Amoonguss\n|-damage|p2b: Amoonguss|0 fnt\n|faint|p2b: Amoonguss\n|-damage|p1b: Corviknight|65\/100|[from] Recoil\n|cant|p2a: Porygon2|slp\n|\n|upkeep\n|turn|10\n|-message|bluestraggler02 forfeited.\n|\n|win|Cellpab1\n|raw|Cellpab1's rating: 1744 &rarr; <strong>1762<\/strong><br \/>(+18 for winning)\n|raw|bluestraggler02's rating: 1705 &rarr; <strong>1687<\/strong><br \/>(-18 for losing)\n|l|\u2606bluestraggler02\n|player|p2|\n|l|\u2606Cellpab1\n|player|p1|\n|l| Elv3r G4larga\n","uploadtime":1730486404,"views":31,"formatid":"gen9vgc2024regh","rating":1687,"private":0,"password":null}