{"id":"gen9vgc2024regh-2235493801","format":"[Gen 9] VGC 2024 Reg H","players":["Manny561","ren122333"],"log":"|j|\u2606Manny561\n|j|\u2606ren122333\n|t:|1730484615\n|gametype|doubles\n|player|p1|Manny561|cameraman|1690\n|player|p2|ren122333|hilbert|1723\n|teamsize|p1|6\n|teamsize|p2|6\n|gen|9\n|tier|[Gen 9] VGC 2024 Reg H\n|rated|\n|rule|Species Clause: Limit one of each Pok\u00e9mon\n|rule|Item Clause: Limit 1 of each item\n|clearpoke\n|poke|p1|Gholdengo, L50|\n|poke|p1|Murkrow, L50, M|\n|poke|p1|Typhlosion-Hisui, L50, F|\n|poke|p1|Farigiraf, L50, F|\n|poke|p1|Ursaluna, L50, M|\n|poke|p1|Hydreigon, L50, M|\n|poke|p2|Whimsicott, L50, F|\n|poke|p2|Mamoswine, L50, F|\n|poke|p2|Lycanroc-Dusk, L50, F|\n|poke|p2|Typhlosion-Hisui, L50, M|\n|poke|p2|Farigiraf, L50, M|\n|poke|p2|Mienshao, L50, M|\n|teampreview|4\nren122333 has agreed to open team sheets.\n|\n|t:|1730484636\n|start\n|switch|p1a: Typhlosion|Typhlosion-Hisui, L50, F|100\/100\n|switch|p1b: Murkrow|Murkrow, L50, M|100\/100\n|switch|p2a: Whimsicott|Whimsicott, L50, F|100\/100\n|switch|p2b: Mienshao|Mienshao, L50, M|100\/100\n|-item|p2a: Whimsicott|Focus Sash|[from] ability: Frisk|[of] p1a: Typhlosion\n|-item|p2b: Mienshao|Life Orb|[from] ability: Frisk|[of] p1a: Typhlosion\n|turn|1\n|\n|t:|1730484650\n|move|p2b: Mienshao|Wide Guard|p2b: Mienshao\n|-singleturn|p2b: Mienshao|Wide Guard\n|move|p2a: Whimsicott|Tailwind|p2a: Whimsicott\n|-sidestart|p2: ren122333|move: Tailwind\n|move|p1b: Murkrow|Tailwind|p1b: Murkrow\n|-sidestart|p1: Manny561|move: Tailwind\n|move|p1a: Typhlosion|Eruption|p2a: Whimsicott|[spread] \n|-activate|p2a: Whimsicott|move: Wide Guard\n|-activate|p2b: Mienshao|move: Wide Guard\n|\n|upkeep\n|turn|2\n|inactive|Battle timer is ON: inactive players will automatically lose when time's up. (requested by ren122333)\n|j| jheinzm\n|\n|t:|1730484661\n|move|p2b: Mienshao|Wide Guard|p2b: Mienshao\n|-singleturn|p2b: Mienshao|Wide Guard\n|move|p1b: Murkrow|Sunny Day|p1b: Murkrow\n|-weather|SunnyDay\n|move|p1a: Typhlosion|Eruption|p2b: Mienshao|[spread] \n|-activate|p2a: Whimsicott|move: Wide Guard\n|-activate|p2b: Mienshao|move: Wide Guard\n|move|p2a: Whimsicott|Moonblast|p1b: Murkrow\n|-supereffective|p1b: Murkrow\n|-damage|p1b: Murkrow|11\/100\n|-unboost|p1b: Murkrow|spa|1\n|\n|-weather|SunnyDay|[upkeep]\n|upkeep\n|turn|3\n|\n|t:|1730484674\n|move|p2b: Mienshao|Wide Guard|p2b: Mienshao\n|-singleturn|p2b: Mienshao|Wide Guard\n|move|p1a: Typhlosion|Eruption|p2a: Whimsicott|[spread] \n|-activate|p2a: Whimsicott|move: Wide Guard\n|-activate|p2b: Mienshao|move: Wide Guard\n|move|p2a: Whimsicott|Moonblast|p1b: Murkrow\n|-supereffective|p1b: Murkrow\n|-damage|p1b: Murkrow|0 fnt\n|faint|p1b: Murkrow\n|\n|-weather|SunnyDay|[upkeep]\n|upkeep\n|\n|t:|1730484682\n|switch|p1b: Gholdengo|Gholdengo, L50|100\/100\n|turn|4\n|\n|t:|1730484698\n|move|p2b: Mienshao|Wide Guard|p2b: Mienshao\n|-singleturn|p2b: Mienshao|Wide Guard\n|move|p1a: Typhlosion|Eruption|p2b: Mienshao|[spread] \n|-activate|p2a: Whimsicott|move: Wide Guard\n|-activate|p2b: Mienshao|move: Wide Guard\n|move|p2a: Whimsicott|Moonblast|p1a: Typhlosion\n|-resisted|p1a: Typhlosion\n|-damage|p1a: Typhlosion|76\/100\n|move|p1b: Gholdengo|Make It Rain|p2b: Mienshao|[spread] \n|-activate|p2a: Whimsicott|move: Wide Guard\n|-activate|p2b: Mienshao|move: Wide Guard\n|\n|-weather|SunnyDay|[upkeep]\n|-sideend|p2: ren122333|move: Tailwind\n|-sideend|p1: Manny561|move: Tailwind\n|upkeep\n|turn|5\n|\n|t:|1730484722\n|move|p2a: Whimsicott|Tailwind|p2a: Whimsicott\n|-sidestart|p2: ren122333|move: Tailwind\n|move|p2b: Mienshao|Knock Off|p1a: Typhlosion\n|-supereffective|p1a: Typhlosion\n|-damage|p1a: Typhlosion|0 fnt\n|-enditem|p1a: Typhlosion|Choice Scarf|[from] move: Knock Off|[of] p2b: Mienshao\n|faint|p1a: Typhlosion\n|-damage|p2b: Mienshao|91\/100|[from] item: Life Orb\n|move|p1b: Gholdengo|Make It Rain|p2a: Whimsicott|[spread] p2a,p2b\n|-supereffective|p2a: Whimsicott\n|-enditem|p2a: Whimsicott|Focus Sash\n|-damage|p2a: Whimsicott|1\/100\n|-damage|p2b: Mienshao|0 fnt\n|-unboost|p1b: Gholdengo|spa|1\n|faint|p2b: Mienshao\n|\n|-weather|SunnyDay|[upkeep]\n|upkeep\n|\n|t:|1730484736\n|switch|p2b: Typhlosion|Typhlosion-Hisui, L50, M|100\/100\n|switch|p1a: Ursaluna|Ursaluna, L50, M|100\/100\n|-item|p1a: Ursaluna|Flame Orb|[from] ability: Frisk|[of] p2b: Typhlosion\n|-item|p1b: Gholdengo|Choice Specs|[from] ability: Frisk|[of] p2b: Typhlosion\n|turn|6\n|\n|t:|1730484743\n|-terastallize|p2b: Typhlosion|Fire\n|move|p1a: Ursaluna|Protect|p1a: Ursaluna\n|-singleturn|p1a: Ursaluna|Protect\n|move|p2a: Whimsicott|Moonblast|p1a: Ursaluna\n|-activate|p1a: Ursaluna|move: Protect\n|move|p2b: Typhlosion|Eruption|p1a: Ursaluna|[spread] p1b\n|-activate|p1a: Ursaluna|move: Protect\n|-supereffective|p1b: Gholdengo\n|-damage|p1b: Gholdengo|0 fnt\n|faint|p1b: Gholdengo\n|\n|-weather|none\n|-status|p1a: Ursaluna|brn|[from] item: Flame Orb\n|upkeep\n|turn|7\n|\n|t:|1730484766\n|move|p2a: Whimsicott|Sunny Day|p2a: Whimsicott\n|-weather|SunnyDay\n|move|p2b: Typhlosion|Eruption|p1a: Ursaluna\n|-damage|p1a: Ursaluna|0 fnt\n|faint|p1a: Ursaluna\n|\n|win|ren122333\n|raw|Manny561's rating: 1690 &rarr; <strong>1672<\/strong><br \/>(-18 for losing)\n|raw|ren122333's rating: 1723 &rarr; <strong>1741<\/strong><br \/>(+18 for winning)\n|l|\u2606Manny561\n|player|p1|\n|l|\u2606ren122333\n|player|p2|\n","uploadtime":1730485019,"views":30,"formatid":"gen9vgc2024regh","rating":1672,"private":0,"password":null}