{"id":"gen9vgc2024regh-2235627870","format":"[Gen 9] VGC 2024 Reg H","players":["meeivgc","jetshavel"],"log":"|j|\u2606meeivgc\n|j|\u2606jetshavel\n|t:|1730499023\n|gametype|doubles\n|player|p1|meeivgc|linebacker|1638\n|player|p2|jetshavel|169|1727\n|teamsize|p1|6\n|teamsize|p2|6\n|gen|9\n|tier|[Gen 9] VGC 2024 Reg H\n|rated|\n|rule|Species Clause: Limit one of each Pok\u00e9mon\n|rule|Item Clause: Limit 1 of each item\n|clearpoke\n|poke|p1|Kilowattrel, L50, M|\n|poke|p1|Garchomp, L50, F|\n|poke|p1|Ninetales-Alola, L50, M|\n|poke|p1|Hydreigon, L50, F|\n|poke|p1|Blaziken, L50, F|\n|poke|p1|Gholdengo, L50|\n|poke|p2|Annihilape, L50, F|\n|poke|p2|Gholdengo, L50|\n|poke|p2|Rillaboom, L50, M|\n|poke|p2|Incineroar, L50, F|\n|poke|p2|Samurott-Hisui, L50, M|\n|poke|p2|Sneasler, L50, M|\n|teampreview|4\nmeeivgc has agreed to open team sheets.\njetshavel has agreed to open team sheets.\n|j| ltesthg\n|inactive|Battle timer is ON: inactive players will automatically lose when time's up. (requested by jetshavel)\n|j| Andy8105\n|l| ltesthg\n|inactive|jetshavel has 60 seconds left.\n|\n|t:|1730499119\n|start\n|switch|p1a: Kilowattrel|Kilowattrel, L50, M, shiny|100\/100\n|switch|p1b: Garchomp|Garchomp, L50, F|100\/100\n|switch|p2a: Rillaboom|Rillaboom, L50, M|100\/100\n|switch|p2b: Incineroar|Incineroar, L50, F|100\/100\n|-fieldstart|move: Grassy Terrain|[from] ability: Grassy Surge|[of] p2a: Rillaboom\n|-ability|p2b: Incineroar|Intimidate|boost\n|-unboost|p1a: Kilowattrel|atk|1\n|-ability|p1a: Kilowattrel|Competitive|boost\n|-boost|p1a: Kilowattrel|spa|2\n|-unboost|p1b: Garchomp|atk|1\n|turn|1\n|j| ltesthg\n|\n|t:|1730499138\n|switch|p1b: Blaziken|Blaziken, L50, F|100\/100\n|-terastallize|p2a: Rillaboom|Poison\n|move|p1a: Kilowattrel|Protect|p1a: Kilowattrel\n|-singleturn|p1a: Kilowattrel|Protect\n|move|p2b: Incineroar|Fake Out|p1b: Blaziken\n|-damage|p1b: Blaziken|85\/100\n|move|p2a: Rillaboom|Bullet Seed|p1a: Kilowattrel\n|-activate|p1a: Kilowattrel|move: Protect\n|\n|-heal|p1b: Blaziken|91\/100|[from] Grassy Terrain\n|upkeep\n|turn|2\n|inactive|jetshavel has 30 seconds left.\n|\n|t:|1730499164\n|switch|p2b: Sneasler|Sneasler, L50, M|100\/100\n|move|p1a: Kilowattrel|Thunderbolt|p2a: Rillaboom\n|-damage|p2a: Rillaboom|32\/100\n|move|p1b: Blaziken|Flare Blitz|p2a: Rillaboom\n|-damage|p2a: Rillaboom|0 fnt\n|faint|p2a: Rillaboom\n|-damage|p1b: Blaziken|77\/100|[from] Recoil\n|\n|-heal|p1b: Blaziken|83\/100|[from] Grassy Terrain\n|-ability|p1b: Blaziken|Speed Boost|boost\n|-boost|p1b: Blaziken|spe|1\n|upkeep\n|\n|t:|1730499172\n|switch|p2a: Samurott|Samurott-Hisui, L50, M|100\/100\n|turn|3\n|\n|t:|1730499186\n|move|p2a: Samurott|Sucker Punch|p1a: Kilowattrel\n|-damage|p1a: Kilowattrel|40\/100\n|move|p1b: Blaziken|Flare Blitz|p2a: Samurott\n|-resisted|p2a: Samurott\n|-damage|p2a: Samurott|61\/100\n|-damage|p1b: Blaziken|68\/100|[from] Recoil\n|move|p1a: Kilowattrel|Thunderbolt|p2a: Samurott\n|-supereffective|p2a: Samurott\n|-damage|p2a: Samurott|0 fnt\n|faint|p2a: Samurott\n|move|p2b: Sneasler|Dire Claw|p1a: Kilowattrel\n|-damage|p1a: Kilowattrel|0 fnt\n|faint|p1a: Kilowattrel\n|\n|-heal|p1b: Blaziken|74\/100|[from] Grassy Terrain\n|-ability|p1b: Blaziken|Speed Boost|boost\n|-boost|p1b: Blaziken|spe|1\n|upkeep\n|\n|t:|1730499200\n|switch|p1a: Garchomp|Garchomp, L50, F|100\/100\n|switch|p2a: Incineroar|Incineroar, L50, F|100\/100\n|-ability|p2a: Incineroar|Intimidate|boost\n|-unboost|p1a: Garchomp|atk|1\n|-fail|p1b: Blaziken|unboost|[from] item: Clear Amulet|[of] p1b: Blaziken\n|turn|4\n|l| ltesthg\n|inactive|jetshavel has 30 seconds left.\n|\n|t:|1730499233\n|move|p2a: Incineroar|Fake Out|p1a: Garchomp\n|-damage|p1a: Garchomp|90\/100\n|-damage|p2a: Incineroar|88\/100|[from] ability: Rough Skin|[of] p1a: Garchomp\n|move|p1b: Blaziken|Flare Blitz|p2a: Incineroar\n|-resisted|p2a: Incineroar\n|-damage|p2a: Incineroar|62\/100\n|-damage|p1b: Blaziken|63\/100|[from] Recoil\n|move|p2b: Sneasler|Coaching|p2a: Incineroar\n|-boost|p2a: Incineroar|atk|1\n|-boost|p2a: Incineroar|def|1\n|cant|p1a: Garchomp|flinch\n|\n|-heal|p1b: Blaziken|69\/100|[from] Grassy Terrain\n|-heal|p1a: Garchomp|96\/100|[from] Grassy Terrain\n|-heal|p2a: Incineroar|68\/100|[from] Grassy Terrain\n|-ability|p1b: Blaziken|Speed Boost|boost\n|-boost|p1b: Blaziken|spe|1\n|upkeep\n|turn|5\n|\n|t:|1730499252\n|move|p2b: Sneasler|Protect|p2b: Sneasler\n|-singleturn|p2b: Sneasler|Protect\n|move|p1b: Blaziken|Close Combat|p2a: Incineroar\n|-supereffective|p2a: Incineroar\n|-damage|p2a: Incineroar|2\/100\n|-unboost|p1b: Blaziken|def|1\n|-unboost|p1b: Blaziken|spd|1\n|-enditem|p2a: Incineroar|Sitrus Berry|[eat]\n|-heal|p2a: Incineroar|27\/100|[from] item: Sitrus Berry\n|move|p1a: Garchomp|Stomping Tantrum|p2b: Sneasler\n|-activate|p2b: Sneasler|move: Protect\n|move|p2a: Incineroar|Flare Blitz|p1b: Blaziken\n|-resisted|p1b: Blaziken\n|-damage|p1b: Blaziken|0 fnt\n|faint|p1b: Blaziken\n|-damage|p2a: Incineroar|10\/100|[from] Recoil\n|\n|-heal|p1a: Garchomp|100\/100|[from] Grassy Terrain\n|-heal|p2a: Incineroar|16\/100|[from] Grassy Terrain\n|-fieldend|move: Grassy Terrain\n|upkeep\n|\n|t:|1730499257\n|switch|p1b: Gholdengo|Gholdengo, L50|100\/100\n|turn|6\n|\n|t:|1730499273\n|move|p2b: Sneasler|Dire Claw|p1a: Garchomp\n|-resisted|p1a: Garchomp\n|-damage|p1a: Garchomp|81\/100\n|-status|p1a: Garchomp|psn\n|-damage|p2b: Sneasler|88\/100|[from] ability: Rough Skin|[of] p1a: Garchomp\n|move|p1a: Garchomp|Stomping Tantrum|p2a: Incineroar\n|-supereffective|p2a: Incineroar\n|-damage|p2a: Incineroar|0 fnt\n|faint|p2a: Incineroar\n|-damage|p1a: Garchomp|72\/100 psn|[from] item: Life Orb\n|move|p1b: Gholdengo|Shadow Ball|p2b: Sneasler\n|-damage|p2b: Sneasler|0 fnt\n|faint|p2b: Sneasler\n|\n|win|meeivgc\n|raw|meeivgc's rating: 1638 &rarr; <strong>1663<\/strong><br \/>(+25 for winning)\n|raw|jetshavel's rating: 1727 &rarr; <strong>1702<\/strong><br \/>(-25 for losing)\n|l|\u2606jetshavel\n|player|p2|\n|l|\u2606meeivgc\n|player|p1|\n|l| Andy8105\n","uploadtime":1730499514,"views":19,"formatid":"gen9vgc2024regh","rating":1663,"private":0,"password":null}