{"id":"gen9vgc2024regh-2235739255","format":"[Gen 9] VGC 2024 Reg H","players":["kfjtdhynd","Iamsliverfish"],"log":"|j|\u2606kfjtdhynd\n|j|\u2606Iamsliverfish\n|t:|1730513127\n|gametype|doubles\n|player|p1|kfjtdhynd|266|1725\n|player|p2|Iamsliverfish|hiker-gen4|1679\n|teamsize|p1|6\n|teamsize|p2|6\n|gen|9\n|tier|[Gen 9] VGC 2024 Reg H\n|rated|\n|rule|Species Clause: Limit one of each Pok\u00e9mon\n|rule|Item Clause: Limit 1 of each item\n|clearpoke\n|poke|p1|Basculegion-F, L50, F|\n|poke|p1|Pelipper, L50, F|\n|poke|p1|Rillaboom, L50, F|\n|poke|p1|Sneasler, L50, M|\n|poke|p1|Dragonite, L50, M|\n|poke|p1|Incineroar, L50, F|\n|poke|p2|Kommo-o, L50, F|\n|poke|p2|Farigiraf, L50, M|\n|poke|p2|Incineroar, L50, M|\n|poke|p2|Rillaboom, L50, M|\n|poke|p2|Ursaluna-Bloodmoon, L50, M|\n|poke|p2|Gholdengo, L50|\n|teampreview|4\n|inactive|Battle timer is ON: inactive players will automatically lose when time's up. (requested by kfjtdhynd)\nkfjtdhynd rejected open team sheets.\n|\n|t:|1730513149\n|start\n|switch|p1a: Dragonite|Dragonite, L50, M|100\/100\n|switch|p1b: Basculegion|Basculegion-F, L50, F|100\/100\n|switch|p2a: Farigiraf|Farigiraf, L50, M|100\/100\n|switch|p2b: Incineroar|Incineroar, L50, M|100\/100\n|-ability|p2b: Incineroar|Intimidate|boost\n|-unboost|p1a: Dragonite|atk|1\n|-unboost|p1b: Basculegion|atk|1\n|turn|1\n|j| Golett Kombucha\n|l| Golett Kombucha\n|\n|t:|1730513166\n|switch|p1a: Incineroar|Incineroar, L50, F|100\/100\n|-ability|p1a: Incineroar|Intimidate|boost\n|-unboost|p2a: Farigiraf|atk|1\n|-unboost|p2b: Incineroar|atk|1\n|move|p2b: Incineroar|Fake Out|p1a: Incineroar\n|-damage|p1a: Incineroar|93\/100\n|move|p1b: Basculegion|Muddy Water|p2b: Incineroar|[spread] \n|-miss|p1b: Basculegion|p2a: Farigiraf\n|-miss|p1b: Basculegion|p2b: Incineroar\n|move|p2a: Farigiraf|Trick Room|p2a: Farigiraf\n|-fieldstart|move: Trick Room|[of] p2a: Farigiraf\n|\n|upkeep\n|turn|2\n|\n|t:|1730513195\n|switch|p1b: Pelipper|Pelipper, L50, F|100\/100\n|-weather|RainDance|[from] ability: Drizzle|[of] p1b: Pelipper\n|move|p2a: Farigiraf|Sunny Day|p2a: Farigiraf\n|-weather|SunnyDay\n|move|p2b: Incineroar|Parting Shot|p1b: Pelipper\n|-unboost|p1b: Pelipper|atk|1\n|-unboost|p1b: Pelipper|spa|1\n|\n|t:|1730513199\n|switch|p2b: Ursaluna|Ursaluna-Bloodmoon, L50, M|100\/100|[from] Parting Shot\n|move|p1a: Incineroar|Knock Off|p2a: Farigiraf\n|-supereffective|p2a: Farigiraf\n|-damage|p2a: Farigiraf|10\/100\n|-enditem|p2a: Farigiraf|Mental Herb|[from] move: Knock Off|[of] p1a: Incineroar\n|\n|-weather|SunnyDay|[upkeep]\n|upkeep\n|turn|3\n|\n|t:|1730513223\n|-terastallize|p1a: Incineroar|Fire\n|move|p2b: Ursaluna|Earth Power|p1a: Incineroar\n|-supereffective|p1a: Incineroar\n|-damage|p1a: Incineroar|0 fnt\n|faint|p1a: Incineroar\n|move|p2a: Farigiraf|Expanding Force|p1b: Pelipper\n|-damage|p1b: Pelipper|47\/100\n|move|p1b: Pelipper|Weather Ball|p2b: Ursaluna\n|-damage|p2b: Ursaluna|82\/100\n|\n|-weather|SunnyDay|[upkeep]\n|upkeep\n|\n|t:|1730513229\n|switch|p1a: Dragonite|Dragonite, L50, M|100\/100\n|turn|4\n|\n|t:|1730513245\n|switch|p1b: Basculegion|Basculegion-F, L50, F|100\/100\n|-terastallize|p2b: Ursaluna|Normal\n|move|p2b: Ursaluna|Hyper Voice|p1b: Basculegion|[spread] p1a,p1b\n|-damage|p1a: Dragonite|73\/100\n|-damage|p1b: Basculegion|44\/100\n|move|p2a: Farigiraf|Expanding Force|p1a: Dragonite\n|-damage|p1a: Dragonite|40\/100\n|move|p1a: Dragonite|Dragon Dance|p1a: Dragonite\n|-boost|p1a: Dragonite|atk|1\n|-boost|p1a: Dragonite|spe|1\n|\n|-weather|SunnyDay|[upkeep]\n|upkeep\n|turn|5\n|inactive|kfjtdhynd has 30 seconds left.\n|inactive|Iamsliverfish has 30 seconds left.\n|\n|t:|1730513275\n|switch|p1b: Pelipper|Pelipper, L50, F|47\/100\n|-weather|RainDance|[from] ability: Drizzle|[of] p1b: Pelipper\n|move|p1a: Dragonite|Protect|p1a: Dragonite\n|-singleturn|p1a: Dragonite|Protect\n|move|p2b: Ursaluna|Hyper Voice|p1b: Pelipper|[spread] p1b\n|-activate|p1a: Dragonite|move: Protect\n|-damage|p1b: Pelipper|0 fnt\n|faint|p1b: Pelipper\n|move|p2a: Farigiraf|Sunny Day|p2a: Farigiraf\n|-weather|SunnyDay\n|\n|-weather|SunnyDay|[upkeep]\n|-fieldend|move: Trick Room\n|upkeep\n|\n|t:|1730513276\n|switch|p1b: Basculegion|Basculegion-F, L50, F|44\/100\n|turn|6\n|\n|t:|1730513291\n|switch|p2a: Incineroar|Incineroar, L50, M|100\/100\n|-ability|p2a: Incineroar|Intimidate|boost\n|-unboost|p1a: Dragonite|atk|1\n|-unboost|p1b: Basculegion|atk|1\n|move|p1a: Dragonite|Scale Shot|p2b: Ursaluna\n|-damage|p2b: Ursaluna|69\/100\n|-damage|p2b: Ursaluna|58\/100\n|-damage|p2b: Ursaluna|45\/100\n|-damage|p2b: Ursaluna|33\/100\n|-damage|p2b: Ursaluna|20\/100\n|-hitcount|p2b: Ursaluna|5\n|-unboost|p1a: Dragonite|def|1\n|-boost|p1a: Dragonite|spe|1\n|move|p1b: Basculegion|Ice Beam|p2a: Incineroar\n|-resisted|p2a: Incineroar\n|-damage|p2a: Incineroar|84\/100\n|move|p2b: Ursaluna|Hyper Voice|p1b: Basculegion|[spread] p1a,p1b\n|-damage|p1a: Dragonite|0 fnt\n|-damage|p1b: Basculegion|0 fnt\n|faint|p1a: Dragonite\n|faint|p1b: Basculegion\n|\n|win|Iamsliverfish\n|raw|kfjtdhynd's rating: 1725 &rarr; <strong>1702<\/strong><br \/>(-23 for losing)\n|raw|Iamsliverfish's rating: 1679 &rarr; <strong>1702<\/strong><br \/>(+23 for winning)\n|l|\u2606Iamsliverfish\n|player|p2|\n|l|\u2606kfjtdhynd\n|player|p1|\n","uploadtime":1730513448,"views":18,"formatid":"gen9vgc2024regh","rating":1702,"private":0,"password":null}