{"id":"gen9vgc2024regh-2235715941","format":"[Gen 9] VGC 2024 Reg H","players":["stoutland2","post_testing"],"log":"|j|\u2606stoutland2\n|j|\u2606post_testing\n|t:|1730509982\n|gametype|doubles\n|player|p1|stoutland2|1|1689\n|player|p2|post_testing|1|1665\n|teamsize|p1|6\n|teamsize|p2|6\n|gen|9\n|tier|[Gen 9] VGC 2024 Reg H\n|rated|\n|rule|Species Clause: Limit one of each Pok\u00e9mon\n|rule|Item Clause: Limit 1 of each item\n|clearpoke\n|poke|p1|Pelipper, L50, F|\n|poke|p1|Garchomp, L50, M|\n|poke|p1|Corviknight, L50, M|\n|poke|p1|Archaludon, L50, F|\n|poke|p1|Indeedee, L50, M|\n|poke|p1|Sneasler, L50, M|\n|poke|p2|Archaludon, L50, M|\n|poke|p2|Murkrow, L50, M|\n|poke|p2|Indeedee, L50, M|\n|poke|p2|Sneasler, L50, F|\n|poke|p2|Delphox, L50, F|\n|poke|p2|Dragapult, L50, M|\n|teampreview|4\n|inactive|Battle timer is ON: inactive players will automatically lose when time's up. (requested by post_testing)\n|\n|t:|1730510015\n|start\n|switch|p1a: Garchomp|Garchomp, L50, M|100\/100\n|switch|p1b: Corviknight|Corviknight, L50, M|100\/100\n|switch|p2a: Murkrow|Murkrow, L50, M|100\/100\n|switch|p2b: Archaludon|Archaludon, L50, M|100\/100\n|turn|1\n|inactive|stoutland2 has 30 seconds left.\n|\n|t:|1730510047\n|-terastallize|p1a: Garchomp|Steel\n|move|p2a: Murkrow|Tailwind|p2a: Murkrow\n|-sidestart|p2: post_testing|move: Tailwind\n|move|p2b: Archaludon|Electro Shot||[still]\n|-prepare|p2b: Archaludon|Electro Shot\n|-boost|p2b: Archaludon|spa|1\n|-enditem|p2b: Archaludon|Power Herb\n|-anim|p2b: Archaludon|Electro Shot|p1b: Corviknight\n|-supereffective|p1b: Corviknight\n|-damage|p1b: Corviknight|0 fnt\n|faint|p1b: Corviknight\n|move|p1a: Garchomp|Swords Dance|p1a: Garchomp\n|-boost|p1a: Garchomp|atk|2\n|\n|upkeep\n|\n|t:|1730510057\n|switch|p1b: Archaludon|Archaludon, L50, F|100\/100\n|turn|2\n|\n|t:|1730510070\n|move|p2b: Archaludon|Draco Meteor|p1b: Archaludon\n|-damage|p1b: Archaludon|22\/100\n|-unboost|p2b: Archaludon|spa|2\n|-ability|p1b: Archaludon|Stamina|boost\n|-boost|p1b: Archaludon|def|1\n|move|p2a: Murkrow|Foul Play|p1a: Garchomp\n|-damage|p1a: Garchomp|2\/100\n|-damage|p2a: Murkrow|89\/100|[from] ability: Rough Skin|[of] p1a: Garchomp\n|move|p1a: Garchomp|Dragon Claw|p2b: Archaludon\n|-damage|p2b: Archaludon|33\/100\n|move|p1b: Archaludon|Draco Meteor|p2b: Archaludon\n|-damage|p2b: Archaludon|0 fnt\n|-unboost|p1b: Archaludon|spa|2\n|faint|p2b: Archaludon\n|\n|upkeep\n|\n|t:|1730510092\n|switch|p2b: Delphox|Delphox, L50, F|100\/100\n|turn|3\n|\n|t:|1730510100\n|move|p1a: Garchomp|Protect|p1a: Garchomp\n|-singleturn|p1a: Garchomp|Protect\n|move|p2a: Murkrow|Sunny Day|p2a: Murkrow\n|-weather|SunnyDay\n|move|p2b: Delphox|Expanding Force|p1a: Garchomp\n|-activate|p1a: Garchomp|move: Protect\n|move|p1b: Archaludon|Draco Meteor|p2a: Murkrow\n|-damage|p2a: Murkrow|56\/100\n|-unboost|p1b: Archaludon|spa|2\n|\n|-weather|SunnyDay|[upkeep]\n|upkeep\n|turn|4\n|\n|t:|1730510117\n|move|p2a: Murkrow|Sunny Day||[still]\n|-fail|p2a: Murkrow\n|move|p2b: Delphox|Heat Wave|p1b: Archaludon|[spread] p1b\n|-miss|p2b: Delphox|p1a: Garchomp\n|-damage|p1b: Archaludon|0 fnt\n|faint|p1b: Archaludon\n|-damage|p2b: Delphox|90\/100|[from] item: Life Orb\n|move|p1a: Garchomp|Earthquake|p2b: Delphox|[spread] p2b\n|-immune|p2a: Murkrow\n|-supereffective|p2b: Delphox\n|-damage|p2b: Delphox|0 fnt\n|faint|p2b: Delphox\n|\n|-weather|SunnyDay|[upkeep]\n|-sideend|p2: post_testing|move: Tailwind\n|upkeep\n|\n|t:|1730510134\n|switch|p2b: Dragapult|Dragapult, L50, M|100\/100\n|switch|p1b: Indeedee|Indeedee, L50, M|100\/100\n|-fieldstart|move: Psychic Terrain|[from] ability: Psychic Surge|[of] p1b: Indeedee\n|turn|5\n|\n|t:|1730510144\n|move|p2a: Murkrow|Tailwind|p2a: Murkrow\n|-sidestart|p2: post_testing|move: Tailwind\n|move|p2b: Dragapult|Dragon Darts|p1a: Garchomp\n|-resisted|p1a: Garchomp\n|-crit|p1a: Garchomp\n|-damage|p1a: Garchomp|0 fnt\n|-anim|p2b: Dragapult|Dragon Darts|p1b: Indeedee\n|-damage|p1b: Indeedee|14\/100\n|faint|p1a: Garchomp\n|move|p1b: Indeedee|Expanding Force|p2a: Murkrow|[spread] p2b\n|-immune|p2a: Murkrow\n|-damage|p2b: Dragapult|16\/100\n|\n|-weather|SunnyDay|[upkeep]\n|upkeep\n|turn|6\n|-message|stoutland2 forfeited.\n|\n|win|post_testing\n|raw|stoutland2's rating: 1689 &rarr; <strong>1668<\/strong><br \/>(-21 for losing)\n|raw|post_testing's rating: 1665 &rarr; <strong>1686<\/strong><br \/>(+21 for winning)\n|l|\u2606stoutland2\n|player|p1|\n|l|\u2606post_testing\n|player|p2|\n","uploadtime":1730510424,"views":15,"formatid":"gen9vgc2024regh","rating":1668,"private":0,"password":null}