{"id":"gen9vgc2024regh-2235757812","format":"[Gen 9] VGC 2024 Reg H","players":["maxnia","ren122333"],"log":"|j|\u2606maxnia\n|j|\u2606ren122333\n|t:|1730515774\n|gametype|doubles\n|player|p1|maxnia|2|1643\n|player|p2|ren122333|hilbert|1697\n|teamsize|p1|6\n|teamsize|p2|6\n|gen|9\n|tier|[Gen 9] VGC 2024 Reg H\n|rated|\n|rule|Species Clause: Limit one of each Pok\u00e9mon\n|rule|Item Clause: Limit 1 of each item\n|clearpoke\n|poke|p1|Gengar, L50, F|\n|poke|p1|Dragonite, L50, M|\n|poke|p1|Kingambit, L50, M|\n|poke|p1|Blaziken, L50, M|\n|poke|p1|Ursaluna-Bloodmoon, L50, M|\n|poke|p1|Electabuzz, L50, F|\n|poke|p2|Whimsicott, L50, M|\n|poke|p2|Mamoswine, L50, M|\n|poke|p2|Lycanroc-Dusk, L50, M|\n|poke|p2|Typhlosion-Hisui, L50, F|\n|poke|p2|Farigiraf, L50, M|\n|poke|p2|Mienshao, L50, M|\n|teampreview|4\n|inactive|Battle timer is ON: inactive players will automatically lose when time's up. (requested by ren122333)\n|inactive|maxnia has 60 seconds left.\n|inactive|maxnia has 30 seconds left.\n|inactive|maxnia has 20 seconds left.\n|inactive|maxnia has 15 seconds left.\n|inactive|maxnia has 10 seconds left.\n|j| MiniLarry\n|inactive|maxnia has 5 seconds left.\n|\n|t:|1730515872\n|start\n|switch|p1a: Gengar|Gengar, L50, F|100\/100\n|switch|p1b: Electabuzz|Electabuzz, L50, F|100\/100\n|switch|p2a: Whimsicott|Whimsicott, L50, M|100\/100\n|switch|p2b: Mamoswine|Mamoswine, L50, M|100\/100\n|turn|1\n|inactive|maxnia has 30 seconds left.\n|\n|t:|1730515900\n|switch|p2a: Farigiraf|Farigiraf, L50, M|100\/100\n|move|p1a: Gengar|Sludge Bomb|p2a: Farigiraf\n|-damage|p2a: Farigiraf|49\/100\n|move|p2b: Mamoswine|High Horsepower|p1b: Electabuzz\n|-supereffective|p1b: Electabuzz\n|-damage|p1b: Electabuzz|7\/100\n|move|p1b: Electabuzz|Electroweb|p2a: Farigiraf|[spread] p2a\n|-immune|p2b: Mamoswine\n|-damage|p2a: Farigiraf|34\/100\n|-unboost|p2a: Farigiraf|spe|1\n|\n|upkeep\n|turn|2\n|\n|t:|1730515925\n|move|p1b: Electabuzz|Follow Me|p1b: Electabuzz\n|-singleturn|p1b: Electabuzz|move: Follow Me\n|move|p1a: Gengar|Sludge Bomb|p2a: Farigiraf\n|-damage|p2a: Farigiraf|0 fnt\n|faint|p2a: Farigiraf\n|move|p2b: Mamoswine|High Horsepower|p1b: Electabuzz\n|-supereffective|p1b: Electabuzz\n|-damage|p1b: Electabuzz|0 fnt\n|faint|p1b: Electabuzz\n|\n|upkeep\n|\n|t:|1730515946\n|switch|p1b: Kingambit|Kingambit, L50, M, shiny|100\/100\n|switch|p2a: Typhlosion|Typhlosion-Hisui, L50, F|100\/100\n|-item|p1a: Gengar|Focus Sash|[from] ability: Frisk|[of] p2a: Typhlosion\n|-item|p1b: Kingambit|Black Glasses|[from] ability: Frisk|[of] p2a: Typhlosion\n|turn|3\n|\n|t:|1730515959\n|switch|p2a: Whimsicott|Whimsicott, L50, M|100\/100\n|-terastallize|p1b: Kingambit|Dark\n|move|p1b: Kingambit|Sucker Punch||[still]\n|-fail|p1b: Kingambit\n|move|p1a: Gengar|Shadow Ball|p2b: Mamoswine\n|-damage|p2b: Mamoswine|45\/100\n|move|p2b: Mamoswine|High Horsepower|p1b: Kingambit\n|-damage|p1b: Kingambit|60\/100\n|\n|upkeep\n|turn|4\n|\n|t:|1730515981\n|move|p1b: Kingambit|Sucker Punch||[still]\n|-fail|p1b: Kingambit\n|move|p2a: Whimsicott|Moonblast|p1b: Kingambit\n|-supereffective|p1b: Kingambit\n|-damage|p1b: Kingambit|0 fnt\n|faint|p1b: Kingambit\n|move|p1a: Gengar|Sludge Bomb|p2a: Whimsicott\n|-supereffective|p2a: Whimsicott\n|-crit|p2a: Whimsicott\n|-enditem|p2a: Whimsicott|Focus Sash\n|-damage|p2a: Whimsicott|1\/100\n|move|p2b: Mamoswine|Haze|p2b: Mamoswine\n|-clearallboost\n|\n|upkeep\n|\n|t:|1730515994\n|switch|p1b: Blaziken|Blaziken, L50, M|100\/100\n|turn|5\n|\n|t:|1730516001\n|move|p2a: Whimsicott|Tailwind|p2a: Whimsicott\n|-sidestart|p2: ren122333|move: Tailwind\n|move|p2b: Mamoswine|High Horsepower|p1a: Gengar|[miss]\n|-miss|p2b: Mamoswine|p1a: Gengar\n|move|p1a: Gengar|Shadow Ball|p2b: Mamoswine\n|-damage|p2b: Mamoswine|0 fnt\n|faint|p2b: Mamoswine\n|move|p1b: Blaziken|Aura Sphere|p2a: Whimsicott\n|-resisted|p2a: Whimsicott\n|-crit|p2a: Whimsicott\n|-damage|p2a: Whimsicott|0 fnt\n|faint|p2a: Whimsicott\n|-damage|p1b: Blaziken|91\/100|[from] item: Life Orb\n|\n|-ability|p1b: Blaziken|Speed Boost|boost\n|-boost|p1b: Blaziken|spe|1\n|upkeep\n|\n|t:|1730516014\n|switch|p2b: Typhlosion|Typhlosion-Hisui, L50, F|100\/100\n|-item|p1a: Gengar|Focus Sash|[from] ability: Frisk|[of] p2b: Typhlosion\n|-item|p1b: Blaziken|Life Orb|[from] ability: Frisk|[of] p2b: Typhlosion\n|turn|6\n|\n|t:|1730516020\n|-terastallize|p2b: Typhlosion|Fire\n|move|p1b: Blaziken|Detect|p1b: Blaziken\n|-singleturn|p1b: Blaziken|Protect\n|move|p1a: Gengar|Protect|p1a: Gengar\n|-singleturn|p1a: Gengar|Protect\n|move|p2b: Typhlosion|Eruption|p1a: Gengar|[spread] \n|-activate|p1a: Gengar|move: Protect\n|-activate|p1b: Blaziken|move: Protect\n|\n|-ability|p1b: Blaziken|Speed Boost|boost\n|-boost|p1b: Blaziken|spe|1\n|upkeep\n|turn|7\n|\n|t:|1730516038\n|move|p2b: Typhlosion|Eruption|p1a: Gengar|[spread] p1a,p1b\n|-resisted|p1b: Blaziken\n|-enditem|p1a: Gengar|Focus Sash\n|-damage|p1a: Gengar|1\/100\n|-damage|p1b: Blaziken|6\/100\n|move|p1b: Blaziken|Aura Sphere|p2b: Typhlosion\n|-damage|p2b: Typhlosion|37\/100\n|-damage|p1b: Blaziken|0 fnt|[from] item: Life Orb\n|faint|p1b: Blaziken\n|move|p1a: Gengar|Sludge Bomb|p2b: Typhlosion\n|-damage|p2b: Typhlosion|0 fnt\n|faint|p2b: Typhlosion\n|\n|win|maxnia\n|raw|maxnia's rating: 1643 &rarr; <strong>1666<\/strong><br \/>(+23 for winning)\n|raw|ren122333's rating: 1697 &rarr; <strong>1674<\/strong><br \/>(-23 for losing)\n|l| MiniLarry\n|c|\u2606ren122333|This sucks.\n|l|\u2606ren122333\n|player|p2|\n|l|\u2606maxnia\n|player|p1|\n","uploadtime":1730516195,"views":18,"formatid":"gen9vgc2024regh","rating":1666,"private":0,"password":null}