{"id":"gen9vgc2024regh-2235656335","format":"[Gen 9] VGC 2024 Reg H","players":["post_testing","Kwiper"],"log":"|j|\u2606post_testing\n|j|\u2606Kwiper\n|t:|1730502431\n|gametype|doubles\n|player|p1|post_testing|1|1718\n|player|p2|Kwiper|sycamore|1686\n|teamsize|p1|6\n|teamsize|p2|6\n|gen|9\n|tier|[Gen 9] VGC 2024 Reg H\n|rated|\n|rule|Species Clause: Limit one of each Pok\u00e9mon\n|rule|Item Clause: Limit 1 of each item\n|clearpoke\n|poke|p1|Archaludon, L50, F|\n|poke|p1|Murkrow, L50, F|\n|poke|p1|Indeedee, L50, M|\n|poke|p1|Sneasler, L50, F|\n|poke|p1|Delphox, L50, M|\n|poke|p1|Dragapult, L50, M|\n|poke|p2|Archaludon, L50, M|\n|poke|p2|Rillaboom, L50, M|\n|poke|p2|Maushold, L50|\n|poke|p2|Pelipper, L50, M|\n|poke|p2|Primarina, L50, M|\n|poke|p2|Sneasler, L50, F|\n|teampreview|4\n|inactive|Battle timer is ON: inactive players will automatically lose when time's up. (requested by Kwiper)\n|\n|t:|1730502451\n|start\n|switch|p1a: Murkrow|Murkrow, L50, F|100\/100\n|switch|p1b: Archaludon|Archaludon, L50, F|100\/100\n|switch|p2a: Sneasler|Sneasler, L50, F|100\/100\n|switch|p2b: Rillaboom|Rillaboom, L50, M|100\/100\n|-fieldstart|move: Grassy Terrain|[from] ability: Grassy Surge|[of] p2b: Rillaboom\n|-enditem|p2a: Sneasler|Grassy Seed\n|-boost|p2a: Sneasler|def|1|[from] item: Grassy Seed\n|turn|1\n|\n|t:|1730502476\n|move|p2a: Sneasler|Protect|p2a: Sneasler\n|-singleturn|p2a: Sneasler|Protect\n|move|p1b: Archaludon|Protect|p1b: Archaludon\n|-singleturn|p1b: Archaludon|Protect\n|move|p2b: Rillaboom|Fake Out|p1a: Murkrow\n|-damage|p1a: Murkrow|86\/100\n|cant|p1a: Murkrow|flinch\n|\n|upkeep\n|turn|2\n|\n|t:|1730502499\n|switch|p1a: Indeedee|Indeedee, L50, M|100\/100\n|-fieldstart|move: Psychic Terrain|[from] ability: Psychic Surge|[of] p1a: Indeedee\n|-terastallize|p2a: Sneasler|Stellar\n|move|p2a: Sneasler|Close Combat|p1b: Archaludon\n|-supereffective|p1b: Archaludon\n|-ability|p1b: Archaludon|Sturdy\n|-damage|p1b: Archaludon|1\/100\n|-unboost|p2a: Sneasler|def|1\n|-unboost|p2a: Sneasler|spd|1\n|move|p1b: Archaludon|Electro Shot||[still]\n|-prepare|p1b: Archaludon|Electro Shot\n|-boost|p1b: Archaludon|spa|1\n|-enditem|p1b: Archaludon|Power Herb\n|-anim|p1b: Archaludon|Electro Shot|p2a: Sneasler\n|-damage|p2a: Sneasler|0 fnt\n|faint|p2a: Sneasler\n|move|p2b: Rillaboom|Grassy Glide|p1b: Archaludon\n|-resisted|p1b: Archaludon\n|-damage|p1b: Archaludon|0 fnt\n|faint|p1b: Archaludon\n|\n|upkeep\n|\n|t:|1730502522\n|switch|p2a: Pelipper|Pelipper, L50, M|100\/100\n|switch|p1b: Sneasler|Sneasler, L50, F|100\/100\n|-enditem|p1b: Sneasler|Psychic Seed\n|-boost|p1b: Sneasler|spd|1|[from] item: Psychic Seed\n|-weather|RainDance|[from] ability: Drizzle|[of] p2a: Pelipper\n|turn|3\n|\n|t:|1730502539\n|move|p2a: Pelipper|Wide Guard|p2a: Pelipper\n|-singleturn|p2a: Pelipper|Wide Guard\n|move|p1b: Sneasler|Dire Claw|p2a: Pelipper\n|-damage|p2a: Pelipper|51\/100\n|-status|p2a: Pelipper|par\n|move|p1a: Indeedee|Expanding Force|p2b: Rillaboom|[spread] \n|-activate|p2a: Pelipper|move: Wide Guard\n|-activate|p2b: Rillaboom|move: Wide Guard\n|move|p2b: Rillaboom|U-turn|p1a: Indeedee\n|-supereffective|p1a: Indeedee\n|-enditem|p1a: Indeedee|Focus Sash\n|-damage|p1a: Indeedee|1\/100\n|\n|t:|1730502547\n|switch|p2b: Archaludon|Archaludon, L50, M|100\/100|[from] U-turn\n|\n|-weather|RainDance|[upkeep]\n|upkeep\n|turn|4\n|inactive|post_testing has 30 seconds left.\n|inactive|post_testing has 20 seconds left.\n|inactive|post_testing has 15 seconds left.\n|\n|t:|1730502591\n|switch|p1a: Murkrow|Murkrow, L50, F|86\/100\n|move|p1b: Sneasler|Protect|p1b: Sneasler\n|-singleturn|p1b: Sneasler|Protect\n|move|p2b: Archaludon|Electro Shot||[still]\n|-prepare|p2b: Archaludon|Electro Shot\n|-boost|p2b: Archaludon|spa|1\n|-anim|p2b: Archaludon|Electro Shot|p1b: Sneasler\n|-activate|p1b: Sneasler|move: Protect\n|move|p2a: Pelipper|Hurricane|p1b: Sneasler\n|-activate|p1b: Sneasler|move: Protect\n|\n|-weather|RainDance|[upkeep]\n|upkeep\n|turn|5\n|\n|t:|1730502610\n|switch|p2a: Rillaboom|Rillaboom, L50, M|100\/100\n|-fieldstart|move: Grassy Terrain|[from] ability: Grassy Surge|[of] p2a: Rillaboom\n|move|p1a: Murkrow|Sunny Day|p1a: Murkrow\n|-weather|SunnyDay\n|move|p1b: Sneasler|Dire Claw|p2a: Rillaboom\n|-supereffective|p2a: Rillaboom\n|-damage|p2a: Rillaboom|16\/100\n|move|p2b: Archaludon|Electro Shot||[still]\n|-prepare|p2b: Archaludon|Electro Shot\n|-boost|p2b: Archaludon|spa|1\n|\n|-weather|SunnyDay|[upkeep]\n|-heal|p2a: Rillaboom|21\/100|[from] Grassy Terrain\n|upkeep\n|turn|6\n|inactive|post_testing has 30 seconds left.\n|inactive|post_testing has 20 seconds left.\n|inactive|post_testing has 15 seconds left.\n|inactive|post_testing has 10 seconds left.\n|inactive|post_testing has 5 seconds left.\n|\n|t:|1730502662\n|move|p1a: Murkrow|Sunny Day||[still]\n|-fail|p1a: Murkrow\n|move|p1b: Sneasler|Close Combat|p2b: Archaludon\n|-supereffective|p2b: Archaludon\n|-damage|p2b: Archaludon|16\/100\n|-unboost|p1b: Sneasler|def|1\n|-unboost|p1b: Sneasler|spd|1\n|-ability|p2b: Archaludon|Stamina|boost\n|-boost|p2b: Archaludon|def|1\n|move|p2b: Archaludon|Electro Shot|p1b: Sneasler|[from]lockedmove\n|-damage|p1b: Sneasler|0 fnt\n|faint|p1b: Sneasler\n|move|p2a: Rillaboom|U-turn|p1a: Murkrow\n|-damage|p1a: Murkrow|62\/100\n|\n|t:|1730502667\n|switch|p2a: Pelipper|Pelipper, L50, M|51\/100 par|[from] U-turn\n|-weather|RainDance|[from] ability: Drizzle|[of] p2a: Pelipper\n|\n|-weather|RainDance|[upkeep]\n|-heal|p2b: Archaludon|22\/100|[from] Grassy Terrain\n|upkeep\n|\n|t:|1730502682\n|switch|p1b: Indeedee|Indeedee, L50, M|1\/100\n|-fieldstart|move: Psychic Terrain|[from] ability: Psychic Surge|[of] p1b: Indeedee\n|turn|7\n|\n|t:|1730502700\n|move|p1b: Indeedee|Expanding Force|p2b: Archaludon|[spread] p2a,p2b\n|-resisted|p2b: Archaludon\n|-damage|p2a: Pelipper|0 fnt\n|-damage|p2b: Archaludon|4\/100\n|-ability|p2b: Archaludon|Stamina|boost\n|-boost|p2b: Archaludon|def|1\n|faint|p2a: Pelipper\n|move|p1a: Murkrow|Foul Play|p2b: Archaludon\n|-damage|p2b: Archaludon|0 fnt\n|faint|p2b: Archaludon\n|\n|-weather|RainDance|[upkeep]\n|upkeep\n|\n|t:|1730502704\n|switch|p2b: Rillaboom|Rillaboom, L50, M|21\/100\n|-fieldstart|move: Grassy Terrain|[from] ability: Grassy Surge|[of] p2b: Rillaboom\n|turn|8\n|j| Huruifan89\n|\n|t:|1730502717\n|move|p1b: Indeedee|Protect|p1b: Indeedee\n|-singleturn|p1b: Indeedee|Protect\n|move|p1a: Murkrow|Foul Play|p2b: Rillaboom\n|-damage|p2b: Rillaboom|0 fnt\n|faint|p2b: Rillaboom\n|\n|win|post_testing\n|raw|post_testing's rating: 1718 &rarr; <strong>1736<\/strong><br \/>(+18 for winning)\n|raw|Kwiper's rating: 1686 &rarr; <strong>1668<\/strong><br \/>(-18 for losing)\n|l|\u2606Kwiper\n|player|p2|\n|l|\u2606post_testing\n|player|p1|\n|l| Huruifan89\n","uploadtime":1730502984,"views":20,"formatid":"gen9vgc2024regh","rating":1668,"private":0,"password":null}