{"id":"gen9vgc2024regh-2235750391","format":"[Gen 9] VGC 2024 Reg H","players":["leolc0926","kfjtdhynd"],"log":"|j|\u2606leolc0926\n|j|\u2606kfjtdhynd\n|t:|1730514704\n|gametype|doubles\n|player|p1|leolc0926|steven|1682\n|player|p2|kfjtdhynd|266|1714\n|teamsize|p1|6\n|teamsize|p2|6\n|gen|9\n|tier|[Gen 9] VGC 2024 Reg H\n|rated|\n|rule|Species Clause: Limit one of each Pok\u00e9mon\n|rule|Item Clause: Limit 1 of each item\n|clearpoke\n|poke|p1|Indeedee-F, L50, F|\n|poke|p1|Hatterene, L50, F|\n|poke|p1|Torkoal, L50, M|\n|poke|p1|Kingambit, L50, F|\n|poke|p1|Gallade, L50, M|\n|poke|p1|Lilligant-Hisui, L50, F|\n|poke|p2|Basculegion-F, L50, F|\n|poke|p2|Pelipper, L50, F|\n|poke|p2|Rillaboom, L50, F|\n|poke|p2|Sneasler, L50, M|\n|poke|p2|Dragonite, L50, M|\n|poke|p2|Incineroar, L50, F|\n|teampreview|4\n|inactive|Battle timer is ON: inactive players will automatically lose when time's up. (requested by kfjtdhynd)\nleolc0926 has agreed to open team sheets.\n|inactive|kfjtdhynd has 60 seconds left.\nkfjtdhynd rejected open team sheets.\n|\n|t:|1730514744\n|start\n|switch|p1a: \u7ba1\u4e8b\u4fa0|Indeedee-F, L50, F|100\/100\n|switch|p1b: \u950b\u9510\u4fa0|Gallade, L50, M|100\/100\n|switch|p2a: Basculegion|Basculegion-F, L50, F|100\/100\n|switch|p2b: Rillaboom|Rillaboom, L50, F|100\/100\n|-fieldstart|move: Grassy Terrain|[from] ability: Grassy Surge|[of] p2b: Rillaboom\n|-fieldstart|move: Psychic Terrain|[from] ability: Psychic Surge|[of] p1a: \u7ba1\u4e8b\u4fa0\n|-enditem|p1a: \u7ba1\u4e8b\u4fa0|Psychic Seed\n|-boost|p1a: \u7ba1\u4e8b\u4fa0|spd|1|[from] item: Psychic Seed\n|turn|1\n|\n|t:|1730514761\n|-terastallize|p2a: Basculegion|Water\n|move|p1a: \u7ba1\u4e8b\u4fa0|Follow Me|p1a: \u7ba1\u4e8b\u4fa0\n|-singleturn|p1a: \u7ba1\u4e8b\u4fa0|move: Follow Me\n|move|p2b: Rillaboom|U-turn|p1a: \u7ba1\u4e8b\u4fa0\n|-supereffective|p1a: \u7ba1\u4e8b\u4fa0\n|-damage|p1a: \u7ba1\u4e8b\u4fa0|63\/100\n|\n|t:|1730514766\n|switch|p2b: Pelipper|Pelipper, L50, F|100\/100|[from] U-turn\n|-weather|RainDance|[from] ability: Drizzle|[of] p2b: Pelipper\n|move|p2a: Basculegion|Muddy Water|p1b: \u950b\u9510\u4fa0|[spread] p1a,p1b\n|-damage|p1a: \u7ba1\u4e8b\u4fa0|0 fnt\n|-damage|p1b: \u950b\u9510\u4fa0|17\/100\n|faint|p1a: \u7ba1\u4e8b\u4fa0\n|move|p1b: \u950b\u9510\u4fa0|Trick Room|p1b: \u950b\u9510\u4fa0\n|-fieldstart|move: Trick Room|[of] p1b: \u950b\u9510\u4fa0\n|\n|-weather|RainDance|[upkeep]\n|upkeep\n|\n|t:|1730514778\n|switch|p1a: \u55b7\u706b\u4fa0|Torkoal, L50, M|100\/100\n|-weather|SunnyDay|[from] ability: Drought|[of] p1a: \u55b7\u706b\u4fa0\n|turn|2\n|inactive|kfjtdhynd has 30 seconds left.\n|inactive|kfjtdhynd has 20 seconds left.\n|inactive|kfjtdhynd has 15 seconds left.\n|inactive|kfjtdhynd has 10 seconds left.\n|\n|t:|1730514824\n|-terastallize|p1a: \u55b7\u706b\u4fa0|Fire\n|move|p1a: \u55b7\u706b\u4fa0|Eruption|p2a: Basculegion|[spread] p2a,p2b\n|-resisted|p2a: Basculegion\n|-resisted|p2b: Pelipper\n|-damage|p2a: Basculegion|31\/100\n|-damage|p2b: Pelipper|3\/100\n|move|p1b: \u950b\u9510\u4fa0|Sacred Sword|p2b: Pelipper\n|-resisted|p2b: Pelipper\n|-damage|p2b: Pelipper|0 fnt\n|faint|p2b: Pelipper\n|move|p2a: Basculegion|Muddy Water|p1a: \u55b7\u706b\u4fa0|[spread] p1a\n|-miss|p2a: Basculegion|p1b: \u950b\u9510\u4fa0\n|-supereffective|p1a: \u55b7\u706b\u4fa0\n|-damage|p1a: \u55b7\u706b\u4fa0|21\/100\n|\n|-weather|SunnyDay|[upkeep]\n|upkeep\n|\n|t:|1730514832\n|switch|p2b: Rillaboom|Rillaboom, L50, F|100\/100\n|-fieldstart|move: Grassy Terrain|[from] ability: Grassy Surge|[of] p2b: Rillaboom\n|turn|3\n|\n|t:|1730514841\n|move|p1a: \u55b7\u706b\u4fa0|Protect|p1a: \u55b7\u706b\u4fa0\n|-singleturn|p1a: \u55b7\u706b\u4fa0|Protect\n|move|p2b: Rillaboom|Fake Out|p1a: \u55b7\u706b\u4fa0\n|-activate|p1a: \u55b7\u706b\u4fa0|move: Protect\n|move|p1b: \u950b\u9510\u4fa0|Sacred Sword|p2b: Rillaboom\n|-damage|p2b: Rillaboom|35\/100\n|move|p2a: Basculegion|Muddy Water|p1a: \u55b7\u706b\u4fa0|[spread] p1b\n|-activate|p1a: \u55b7\u706b\u4fa0|move: Protect\n|-damage|p1b: \u950b\u9510\u4fa0|0 fnt\n|faint|p1b: \u950b\u9510\u4fa0\n|\n|-weather|SunnyDay|[upkeep]\n|-heal|p1a: \u55b7\u706b\u4fa0|28\/100|[from] Grassy Terrain\n|-heal|p2a: Basculegion|37\/100|[from] Grassy Terrain\n|-heal|p2b: Rillaboom|41\/100|[from] Grassy Terrain\n|upkeep\n|\n|t:|1730514851\n|switch|p1b: \u5927\u9171\u4fa0|Kingambit, L50, F|100\/100\n|turn|4\n|\n|t:|1730514864\n|switch|p2a: Sneasler|Sneasler, L50, M|100\/100\n|-enditem|p2a: Sneasler|Grassy Seed\n|-boost|p2a: Sneasler|def|1|[from] item: Grassy Seed\n|move|p1a: \u55b7\u706b\u4fa0|Weather Ball|p2b: Rillaboom\n|-supereffective|p2b: Rillaboom\n|-damage|p2b: Rillaboom|0 fnt\n|faint|p2b: Rillaboom\n|move|p1b: \u5927\u9171\u4fa0|Kowtow Cleave|p2a: Sneasler\n|-resisted|p2a: Sneasler\n|-damage|p2a: Sneasler|66\/100\n|\n|-weather|SunnyDay|[upkeep]\n|-heal|p1a: \u55b7\u706b\u4fa0|34\/100|[from] Grassy Terrain\n|-heal|p2a: Sneasler|72\/100|[from] Grassy Terrain\n|upkeep\n|\n|t:|1730514869\n|switch|p2b: Basculegion|Basculegion-F, L50, F, tera:Water|37\/100\n|turn|5\n|\n|t:|1730514883\n|move|p2a: Sneasler|Fake Out|p1b: \u5927\u9171\u4fa0\n|-resisted|p1b: \u5927\u9171\u4fa0\n|-damage|p1b: \u5927\u9171\u4fa0|95\/100\n|move|p1a: \u55b7\u706b\u4fa0|Weather Ball|p2a: Sneasler\n|-damage|p2a: Sneasler|0 fnt\n|faint|p2a: Sneasler\n|cant|p1b: \u5927\u9171\u4fa0|flinch\n|move|p2b: Basculegion|Muddy Water|p1a: \u55b7\u706b\u4fa0|[spread] p1a,p1b\n|-supereffective|p1a: \u55b7\u706b\u4fa0\n|-damage|p1a: \u55b7\u706b\u4fa0|0 fnt\n|-damage|p1b: \u5927\u9171\u4fa0|63\/100\n|faint|p1a: \u55b7\u706b\u4fa0\n|\n|-weather|SunnyDay|[upkeep]\n|-heal|p1b: \u5927\u9171\u4fa0|69\/100|[from] Grassy Terrain\n|-heal|p2b: Basculegion|43\/100|[from] Grassy Terrain\n|-fieldend|move: Trick Room\n|upkeep\n|turn|6\n|\n|t:|1730514893\n|move|p1b: \u5927\u9171\u4fa0|Sucker Punch|p2b: Basculegion\n|-damage|p2b: Basculegion|0 fnt\n|faint|p2b: Basculegion\n|\n|win|leolc0926\n|raw|leolc0926's rating: 1682 &rarr; <strong>1704<\/strong><br \/>(+22 for winning)\n|raw|kfjtdhynd's rating: 1714 &rarr; <strong>1692<\/strong><br \/>(-22 for losing)\n|l|\u2606kfjtdhynd\n|player|p2|\n|c|\u2606leolc0926|gg\n|l|\u2606leolc0926\n|player|p1|\n","uploadtime":1730514900,"views":79,"formatid":"gen9vgc2024regh","rating":1692,"private":0,"password":null}