{"id":"gen9vgc2024regh-2235414982","format":"[Gen 9] VGC 2024 Reg H","players":["jhyjhyt","bluestraggler02"],"log":"|j|\u2606jhyjhyt\n|j|\u2606bluestraggler02\n|t:|1730476900\n|gametype|doubles\n|player|p1|jhyjhyt|101|1662\n|player|p2|bluestraggler02|170|1773\n|teamsize|p1|6\n|teamsize|p2|6\n|gen|9\n|tier|[Gen 9] VGC 2024 Reg H\n|rated|\n|rule|Species Clause: Limit one of each Pok\u00e9mon\n|rule|Item Clause: Limit 1 of each item\n|clearpoke\n|poke|p1|Dondozo, L50, M|\n|poke|p1|Tatsugiri, L50, M|\n|poke|p1|Pelipper, L50, M|\n|poke|p1|Archaludon, L50, M|\n|poke|p1|Amoonguss, L50, M|\n|poke|p1|Murkrow, L50, M|\n|poke|p2|Skeledirge, L50, M|\n|poke|p2|Porygon2, L50|\n|poke|p2|Ursaluna, L50, M|\n|poke|p2|Amoonguss, L50, F|\n|poke|p2|Maushold-Four, L50|\n|poke|p2|Malamar, L50, F|\n|teampreview|4\n|j| number86\n|inactive|Battle timer is ON: inactive players will automatically lose when time's up. (requested by jhyjhyt)\n|\n|t:|1730476937\n|start\n|switch|p1a: Dondozo|Dondozo, L50, M|100\/100\n|switch|p1b: Pelipper|Pelipper, L50, M|100\/100\n|switch|p2a: Porygon2|Porygon2, L50|100\/100\n|switch|p2b: Amoonguss|Amoonguss, L50, F|100\/100\n|-weather|RainDance|[from] ability: Drizzle|[of] p1b: Pelipper\n|-ability|p2a: Porygon2|Download|boost\n|-boost|p2a: Porygon2|spa|1\n|turn|1\n|inactive|jhyjhyt has 30 seconds left.\n|\n|t:|1730476968\n|-terastallize|p2a: Porygon2|Water\n|move|p1a: Dondozo|Protect|p1a: Dondozo\n|-singleturn|p1a: Dondozo|Protect\n|move|p1b: Pelipper|Hurricane|p2b: Amoonguss\n|-supereffective|p2b: Amoonguss\n|-damage|p2b: Amoonguss|1\/100\n|-start|p2b: Amoonguss|confusion\n|-activate|p2b: Amoonguss|confusion\n|move|p2b: Amoonguss|Leaf Storm|p1a: Dondozo\n|-activate|p1a: Dondozo|move: Protect\n|move|p2a: Porygon2|Trick Room|p2a: Porygon2\n|-fieldstart|move: Trick Room|[of] p2a: Porygon2\n|\n|-weather|RainDance|[upkeep]\n|upkeep\n|turn|2\n|\n|t:|1730476987\n|switch|p1b: Tatsugiri|Tatsugiri, L50, M|100\/100\n|-activate|p1b: Tatsugiri|ability: Commander|[of] p1a: Dondozo\n|-boost|p1a: Dondozo|atk|2\n|-boost|p1a: Dondozo|spa|2\n|-boost|p1a: Dondozo|spe|2\n|-boost|p1a: Dondozo|def|2\n|-boost|p1a: Dondozo|spd|2\n|-terastallize|p1a: Dondozo|Water\n|-activate|p2b: Amoonguss|confusion\n|move|p2b: Amoonguss|Spore|p1a: Dondozo\n|-status|p1a: Dondozo|slp|[from] move: Spore\n|move|p2a: Porygon2|Tera Blast|p1b: Tatsugiri|[anim] Tera Blast Water|[miss]\n|-miss|p2a: Porygon2|p1b: Tatsugiri\n|cant|p1a: Dondozo|slp\n|\n|-weather|RainDance|[upkeep]\n|upkeep\n|turn|3\n|\n|t:|1730477006\n|switch|p2a: Skeledirge|Skeledirge, L50, M|100\/100\n|-activate|p2b: Amoonguss|confusion\n|move|p2b: Amoonguss|Leaf Storm|p1a: Dondozo\n|-supereffective|p1a: Dondozo\n|-damage|p1a: Dondozo|52\/100 slp\n|-unboost|p2b: Amoonguss|spa|2\n|-curestatus|p1a: Dondozo|slp|[msg]\n|move|p1a: Dondozo|Surf|p2b: Amoonguss|[spread] p2a,p2b\n|-miss|p1a: Dondozo|p1b: Tatsugiri\n|-supereffective|p2a: Skeledirge\n|-resisted|p2b: Amoonguss\n|-damage|p2a: Skeledirge|36\/100\n|-damage|p2b: Amoonguss|0 fnt\n|faint|p2b: Amoonguss\n|\n|-weather|RainDance|[upkeep]\n|upkeep\n|\n|t:|1730477021\n|switch|p2b: Ursaluna|Ursaluna, L50, M|100\/100\n|turn|4\n|\n|t:|1730477027\n|move|p1a: Dondozo|Protect|p1a: Dondozo\n|-singleturn|p1a: Dondozo|Protect\n|move|p2b: Ursaluna|High Horsepower|p1a: Dondozo\n|-activate|p1a: Dondozo|move: Protect\n|move|p2a: Skeledirge|Shadow Ball|p1a: Dondozo\n|-activate|p1a: Dondozo|move: Protect\n|\n|-weather|RainDance|[upkeep]\n|-status|p2b: Ursaluna|brn|[from] item: Flame Orb\n|upkeep\n|turn|5\n|\n|t:|1730477038\n|move|p1a: Dondozo|Protect|p1a: Dondozo\n|-singleturn|p1a: Dondozo|Protect\n|move|p2b: Ursaluna|Facade|p1a: Dondozo\n|-activate|p1a: Dondozo|move: Protect\n|move|p2a: Skeledirge|Shadow Ball|p1a: Dondozo\n|-activate|p1a: Dondozo|move: Protect\n|\n|-weather|none\n|-damage|p2b: Ursaluna|95\/100 brn|[from] brn\n|-fieldend|move: Trick Room\n|upkeep\n|turn|6\n|\n|t:|1730477048\n|switch|p2a: Porygon2|Porygon2, L50, tera:Water|100\/100\n|-ability|p2a: Porygon2|Download|boost\n|-boost|p2a: Porygon2|spa|1\n|move|p1a: Dondozo|Surf|p2b: Ursaluna|[spread] p2a,p2b\n|-miss|p1a: Dondozo|p1b: Tatsugiri\n|-resisted|p2a: Porygon2\n|-supereffective|p2b: Ursaluna\n|-damage|p2a: Porygon2|81\/100\n|-damage|p2b: Ursaluna|0 fnt\n|faint|p2b: Ursaluna\n|\n|upkeep\n|-message|bluestraggler02 forfeited.\n|\n|win|jhyjhyt\n|raw|jhyjhyt's rating: 1662 &rarr; <strong>1688<\/strong><br \/>(+26 for winning)\n|raw|bluestraggler02's rating: 1773 &rarr; <strong>1747<\/strong><br \/>(-26 for losing)\n|l|\u2606bluestraggler02\n|player|p2|\n|l|\u2606jhyjhyt\n|player|p1|\n|l| number86\n","uploadtime":1730477263,"views":17,"formatid":"gen9vgc2024regh","rating":1688,"private":0,"password":null}