{"id":"gen9vgc2024regh-2235008924","format":"[Gen 9] VGC 2024 Reg H","players":["post_testing","TheOnlyFizzo"],"log":"|j|\u2606post_testing\n|j|\u2606TheOnlyFizzo\n|t:|1730412787\n|gametype|doubles\n|player|p1|post_testing|102|1689\n|player|p2|TheOnlyFizzo|170|1701\n|teamsize|p1|6\n|teamsize|p2|6\n|gen|9\n|tier|[Gen 9] VGC 2024 Reg H\n|rated|\n|rule|Species Clause: Limit one of each Pok\u00e9mon\n|rule|Item Clause: Limit 1 of each item\n|clearpoke\n|poke|p1|Archaludon, L50, M|\n|poke|p1|Murkrow, L50, F|\n|poke|p1|Indeedee, L50, M|\n|poke|p1|Sneasler, L50, M|\n|poke|p1|Delphox, L50, M|\n|poke|p1|Dragapult, L50, F|\n|poke|p2|Metagross, L50|\n|poke|p2|Farigiraf, L50, M|\n|poke|p2|Torkoal, L50, M|\n|poke|p2|Smeargle, L50, F|\n|poke|p2|Annihilape, L50, M|\n|poke|p2|Ursaluna-Bloodmoon, L50, M|\n|teampreview|4\n|j| lf99po\n|j| mr pogostick\n|inactive|Battle timer is ON: inactive players will automatically lose when time's up. (requested by TheOnlyFizzo)\n|inactive|post_testing has 60 seconds left.\n|inactive|TheOnlyFizzo has 60 seconds left.\n|\n|t:|1730412827\n|start\n|switch|p1a: Sneasler|Sneasler, L50, M|100\/100\n|switch|p1b: Indeedee|Indeedee, L50, M|100\/100\n|switch|p2a: Farigiraf|Farigiraf, L50, M|100\/100\n|switch|p2b: Metagross|Metagross, L50|100\/100\n|-fieldstart|move: Psychic Terrain|[from] ability: Psychic Surge|[of] p1b: Indeedee\n|-enditem|p1a: Sneasler|Psychic Seed\n|-boost|p1a: Sneasler|spd|1|[from] item: Psychic Seed\n|turn|1\n|inactive|post_testing has 30 seconds left.\n|\n|t:|1730412858\n|-terastallize|p1a: Sneasler|Dark\n|move|p2a: Farigiraf|Protect|p2a: Farigiraf\n|-singleturn|p2a: Farigiraf|Protect\n|move|p1a: Sneasler|Throat Chop|p2a: Farigiraf\n|-activate|p2a: Farigiraf|move: Protect\n|move|p1b: Indeedee|Imprison|p1b: Indeedee\n|-start|p1b: Indeedee|move: Imprison\n|move|p2b: Metagross|Explosion|p1a: Sneasler|[spread] p1a,p1b\n|-activate|p2a: Farigiraf|move: Protect\n|-damage|p1a: Sneasler|0 fnt\n|-enditem|p1b: Indeedee|Focus Sash\n|-damage|p1b: Indeedee|1\/100\n|faint|p2b: Metagross\n|faint|p1a: Sneasler\n|\n|upkeep\n|\n|t:|1730412878\n|switch|p1a: Delphox|Delphox, L50, M|100\/100\n|switch|p2b: Annihilape|Annihilape, L50, M|100\/100\n|turn|2\n|inactive|TheOnlyFizzo has 30 seconds left.\n|inactive|TheOnlyFizzo has 20 seconds left.\n|inactive|TheOnlyFizzo has 15 seconds left.\n|inactive|TheOnlyFizzo has 10 seconds left.\n|inactive|TheOnlyFizzo has 5 seconds left.\n|\n|t:|1730412931\n|move|p2b: Annihilape|U-turn|p1b: Indeedee\n|-supereffective|p1b: Indeedee\n|-damage|p1b: Indeedee|0 fnt\n|faint|p1b: Indeedee\n|\n|t:|1730412936\n|switch|p2b: Ursaluna|Ursaluna-Bloodmoon, L50, M|100\/100|[from] U-turn\n|move|p1a: Delphox|Expanding Force|p2b: Ursaluna|[spread] p2a,p2b\n|-resisted|p2a: Farigiraf\n|-damage|p2a: Farigiraf|70\/100\n|-damage|p2b: Ursaluna|26\/100\n|-damage|p1a: Delphox|90\/100|[from] item: Life Orb\n|move|p2a: Farigiraf|Dazzling Gleam|p1a: Delphox\n|-resisted|p1a: Delphox\n|-crit|p1a: Delphox\n|-damage|p1a: Delphox|72\/100\n|\n|upkeep\n|l| lf99po\n|\n|t:|1730412947\n|switch|p1b: Dragapult|Dragapult, L50, F|100\/100\n|turn|3\n|\n|t:|1730412963\n|move|p2b: Ursaluna|Protect|p2b: Ursaluna\n|-singleturn|p2b: Ursaluna|Protect\n|move|p1b: Dragapult|Dragon Darts|p2a: Farigiraf\n|-damage|p2a: Farigiraf|35\/100\n|-anim|p1b: Dragapult|Dragon Darts|p2a: Farigiraf\n|-damage|p2a: Farigiraf|1\/100\n|move|p1a: Delphox|Expanding Force|p2b: Ursaluna|[spread] p2a\n|-activate|p2b: Ursaluna|move: Protect\n|-resisted|p2a: Farigiraf\n|-damage|p2a: Farigiraf|0 fnt\n|faint|p2a: Farigiraf\n|-damage|p1a: Delphox|62\/100|[from] item: Life Orb\n|\n|upkeep\n|\n|t:|1730412977\n|switch|p2a: Annihilape|Annihilape, L50, M|100\/100\n|turn|4\n|inactive|TheOnlyFizzo has 30 seconds left.\n|\n|t:|1730413007\n|-terastallize|p2b: Ursaluna|Normal\n|move|p2a: Annihilape|Rage Fist|p1a: Delphox\n|-supereffective|p1a: Delphox\n|-damage|p1a: Delphox|0 fnt\n|faint|p1a: Delphox\n|move|p1b: Dragapult|Dragon Darts|p2b: Ursaluna\n|-damage|p2b: Ursaluna|0 fnt\n|-anim|p1b: Dragapult|Dragon Darts|p2a: Annihilape\n|-damage|p2a: Annihilape|57\/100\n|faint|p2b: Ursaluna\n|\n|upkeep\n|turn|5\n|\n|t:|1730413020\n|move|p2a: Annihilape|Rage Fist|p1b: Dragapult\n|-supereffective|p1b: Dragapult\n|-damage|p1b: Dragapult|0 fnt\n|faint|p1b: Dragapult\n|\n|win|TheOnlyFizzo\n|raw|post_testing's rating: 1689 &rarr; <strong>1670<\/strong><br \/>(-19 for losing)\n|raw|TheOnlyFizzo's rating: 1701 &rarr; <strong>1720<\/strong><br \/>(+19 for winning)\n|l| mr pogostick\n|l|\u2606TheOnlyFizzo\n|player|p2|\n|l|\u2606post_testing\n|player|p1|\n","uploadtime":1730413173,"views":15,"formatid":"gen9vgc2024regh","rating":1670,"private":0,"password":null}