{"id":"gen9vgc2024regh-2235708031","format":"[Gen 9] VGC 2024 Reg H","players":["ren122333","ggfsb"],"log":"|j|\u2606ren122333\n|j|\u2606ggfsb\n|t:|1730508932\n|gametype|doubles\n|player|p1|ren122333|hilbert|1755\n|player|p2|ggfsb|gardenia|1778\n|teamsize|p1|6\n|teamsize|p2|6\n|gen|9\n|tier|[Gen 9] VGC 2024 Reg H\n|rated|\n|rule|Species Clause: Limit one of each Pok\u00e9mon\n|rule|Item Clause: Limit 1 of each item\n|clearpoke\n|poke|p1|Whimsicott, L50, F|\n|poke|p1|Mamoswine, L50, M|\n|poke|p1|Lycanroc-Dusk, L50, F|\n|poke|p1|Typhlosion-Hisui, L50, F|\n|poke|p1|Farigiraf, L50, M|\n|poke|p1|Mienshao, L50, F|\n|poke|p2|Glimmora, L50, F|\n|poke|p2|Rillaboom, L50, M|\n|poke|p2|Murkrow, L50, M|\n|poke|p2|Gholdengo, L50|\n|poke|p2|Tyranitar, L50, F|\n|poke|p2|Garchomp, L50, F|\n|teampreview|4\n|inactive|Battle timer is ON: inactive players will automatically lose when time's up. (requested by ren122333)\n|inactive|ggfsb has 60 seconds left.\n|\n|t:|1730508992\n|start\n|switch|p1a: Whimsicott|Whimsicott, L50, F|100\/100\n|switch|p1b: Mienshao|Mienshao, L50, F|100\/100\n|switch|p2a: Murkrow|Murkrow, L50, M|100\/100\n|switch|p2b: Gholdengo|Gholdengo, L50|100\/100\n|turn|1\n|inactive|ggfsb has 30 seconds left.\n|\n|t:|1730509026\n|switch|p2b: Tyranitar|Tyranitar, L50, F|100\/100\n|-weather|Sandstorm|[from] ability: Sand Stream|[of] p2b: Tyranitar\n|move|p1b: Mienshao|Wide Guard|p1b: Mienshao\n|-singleturn|p1b: Mienshao|Wide Guard\n|move|p1a: Whimsicott|Tailwind|p1a: Whimsicott\n|-sidestart|p1: ren122333|move: Tailwind\n|move|p2a: Murkrow|Brave Bird|p1b: Mienshao\n|-supereffective|p1b: Mienshao\n|-damage|p1b: Mienshao|0 fnt\n|faint|p1b: Mienshao\n|-damage|p2a: Murkrow|72\/100|[from] Recoil\n|\n|-weather|Sandstorm|[upkeep]\n|-damage|p1a: Whimsicott|95\/100|[from] Sandstorm\n|-damage|p2a: Murkrow|66\/100|[from] Sandstorm\n|upkeep\n|\n|t:|1730509038\n|switch|p1b: Lycanroc|Lycanroc-Dusk, L50, F|100\/100\n|turn|2\n|inactive|ggfsb has 30 seconds left.\n|\n|t:|1730509065\n|move|p2b: Tyranitar|Protect|p2b: Tyranitar\n|-singleturn|p2b: Tyranitar|Protect\n|move|p2a: Murkrow|Tailwind|p2a: Murkrow\n|-sidestart|p2: ggfsb|move: Tailwind\n|move|p1a: Whimsicott|Moonblast|p2b: Tyranitar\n|-activate|p2b: Tyranitar|move: Protect\n|move|p1b: Lycanroc|Rock Slide|p2a: Murkrow|[spread] p2a\n|-activate|p2b: Tyranitar|move: Protect\n|-supereffective|p2a: Murkrow\n|-damage|p2a: Murkrow|0 fnt\n|faint|p2a: Murkrow\n|\n|-weather|Sandstorm|[upkeep]\n|-damage|p1a: Whimsicott|89\/100|[from] Sandstorm\n|upkeep\n|\n|t:|1730509083\n|switch|p2a: Garchomp|Garchomp, L50, F|100\/100\n|turn|3\n|\n|t:|1730509108\n|-terastallize|p2b: Tyranitar|Flying\n|move|p1a: Whimsicott|Moonblast|p2a: Garchomp\n|-supereffective|p2a: Garchomp\n|-damage|p2a: Garchomp|28\/100\n|move|p1b: Lycanroc|Rock Slide|p2a: Garchomp|[spread] p2a,p2b\n|-resisted|p2a: Garchomp\n|-supereffective|p2b: Tyranitar\n|-damage|p2a: Garchomp|10\/100\n|-damage|p2b: Tyranitar|34\/100\n|cant|p2a: Garchomp|flinch\n|cant|p2b: Tyranitar|flinch\n|\n|-weather|Sandstorm|[upkeep]\n|-damage|p1a: Whimsicott|83\/100|[from] Sandstorm\n|-damage|p2b: Tyranitar|28\/100|[from] Sandstorm\n|upkeep\n|turn|4\n|\n|t:|1730509131\n|switch|p2a: Gholdengo|Gholdengo, L50|100\/100\n|move|p2b: Tyranitar|Protect|p2b: Tyranitar\n|-singleturn|p2b: Tyranitar|Protect\n|move|p1a: Whimsicott|Moonblast|p2a: Gholdengo\n|-resisted|p2a: Gholdengo\n|-crit|p2a: Gholdengo\n|-damage|p2a: Gholdengo|69\/100\n|move|p1b: Lycanroc|Rock Slide|p2b: Tyranitar|[spread] p2a\n|-activate|p2b: Tyranitar|move: Protect\n|-resisted|p2a: Gholdengo\n|-damage|p2a: Gholdengo|47\/100\n|\n|-weather|Sandstorm|[upkeep]\n|-damage|p1a: Whimsicott|77\/100|[from] Sandstorm\n|-damage|p2b: Tyranitar|21\/100|[from] Sandstorm\n|-sideend|p1: ren122333|move: Tailwind\n|upkeep\n|turn|5\n|\n|t:|1730509144\n|move|p1a: Whimsicott|Tailwind|p1a: Whimsicott\n|-sidestart|p1: ren122333|move: Tailwind\n|move|p1b: Lycanroc|Rock Slide|p2a: Gholdengo|[spread] p2a,p2b\n|-resisted|p2a: Gholdengo\n|-supereffective|p2b: Tyranitar\n|-damage|p2a: Gholdengo|26\/100\n|-damage|p2b: Tyranitar|0 fnt\n|faint|p2b: Tyranitar\n|move|p2a: Gholdengo|Make It Rain|p1b: Lycanroc|[spread] p1a,p1b\n|-supereffective|p1a: Whimsicott\n|-supereffective|p1b: Lycanroc\n|-damage|p1a: Whimsicott|0 fnt\n|-damage|p1b: Lycanroc|0 fnt\n|-unboost|p2a: Gholdengo|spa|1\n|faint|p1a: Whimsicott\n|faint|p1b: Lycanroc\n|\n|-weather|none\n|-sideend|p2: ggfsb|move: Tailwind\n|upkeep\n|\n|t:|1730509150\n|switch|p1b: Typhlosion|Typhlosion-Hisui, L50, F|100\/100\n|switch|p2b: Garchomp|Garchomp, L50, F|10\/100\n|-item|p2a: Gholdengo|Choice Specs|[from] ability: Frisk|[of] p1b: Typhlosion\n|-item|p2b: Garchomp|Life Orb|[from] ability: Frisk|[of] p1b: Typhlosion\n|turn|6\n|\n|t:|1730509155\n|-terastallize|p1b: Typhlosion|Fire\n|move|p1b: Typhlosion|Eruption|p2b: Garchomp|[spread] p2a,p2b\n|-supereffective|p2a: Gholdengo\n|-resisted|p2b: Garchomp\n|-damage|p2a: Gholdengo|0 fnt\n|-damage|p2b: Garchomp|0 fnt\n|faint|p2a: Gholdengo\n|faint|p2b: Garchomp\n|\n|win|ren122333\n|raw|ren122333's rating: 1755 &rarr; <strong>1776<\/strong><br \/>(+21 for winning)\n|raw|ggfsb's rating: 1778 &rarr; <strong>1757<\/strong><br \/>(-21 for losing)\n|l|\u2606ggfsb\n|player|p2|\n|l|\u2606ren122333\n|player|p1|\n","uploadtime":1730509323,"views":43,"formatid":"gen9vgc2024regh","rating":1757,"private":0,"password":null}