{"id":"gen9vgc2024regh-2235702344","format":"[Gen 9] VGC 2024 Reg H","players":["dex2299","ggfsb"],"log":"|j|\u203ddex2299\n|j|\u2606ggfsb\n|t:|1730508193\n|gametype|doubles\n|player|p1|dex2299|102|1774\n|player|p2|ggfsb|gardenia|1776\n|teamsize|p1|6\n|teamsize|p2|6\n|gen|9\n|tier|[Gen 9] VGC 2024 Reg H\n|rated|\n|rule|Species Clause: Limit one of each Pok\u00e9mon\n|rule|Item Clause: Limit 1 of each item\n|clearpoke\n|poke|p1|Whimsicott, L50, F|\n|poke|p1|Typhlosion-Hisui, L50, F|\n|poke|p1|Farigiraf, L50, F|\n|poke|p1|Rillaboom, L50, M|\n|poke|p1|Primarina, L50, M|\n|poke|p1|Incineroar, L50, F|\n|poke|p2|Glimmora, L50, F|\n|poke|p2|Rillaboom, L50, M|\n|poke|p2|Murkrow, L50, F|\n|poke|p2|Gholdengo, L50|\n|poke|p2|Tyranitar, L50, M|\n|poke|p2|Garchomp, L50, M|\n|teampreview|4\n|inactive|Battle timer is ON: inactive players will automatically lose when time's up. (requested by ggfsb)\n|\n|t:|1730508276\n|start\n|switch|p1a: Farigiraf|Farigiraf, L50, F|100\/100\n|switch|p1b: Primarina|Primarina, L50, M|100\/100\n|switch|p2a: Glimmora|Glimmora, L50, F|100\/100\n|switch|p2b: Murkrow|Murkrow, L50, F|100\/100\n|turn|1\n|inactive|ggfsb has 30 seconds left.\n|\n|t:|1730508307\n|switch|p2b: Gholdengo|Gholdengo, L50|100\/100\n|move|p1b: Primarina|Protect|p1b: Primarina\n|-singleturn|p1b: Primarina|Protect\n|move|p2a: Glimmora|Sludge Bomb|p1b: Primarina\n|-activate|p1b: Primarina|move: Protect\n|move|p1a: Farigiraf|Trick Room|p1a: Farigiraf\n|-fieldstart|move: Trick Room|[of] p1a: Farigiraf\n|\n|upkeep\n|turn|2\n|inactive|dex2299 has 30 seconds left.\n|inactive|ggfsb has 30 seconds left.\n|\n|t:|1730508337\n|-terastallize|p2b: Gholdengo|Steel\n|move|p2a: Glimmora|Spiky Shield|p2a: Glimmora\n|-singleturn|p2a: Glimmora|move: Protect\n|move|p1a: Farigiraf|Psychic|p2a: Glimmora\n|-activate|p2a: Glimmora|move: Protect\n|move|p1b: Primarina|Moonblast|p2a: Glimmora\n|-activate|p2a: Glimmora|move: Protect\n|move|p2b: Gholdengo|Make It Rain|p1a: Farigiraf|[spread] p1a,p1b\n|-damage|p1a: Farigiraf|4\/100\n|-damage|p1b: Primarina|11\/100\n|-unboost|p2b: Gholdengo|spa|1\n|-enditem|p1a: Farigiraf|Sitrus Berry|[eat]\n|-heal|p1a: Farigiraf|29\/100|[from] item: Sitrus Berry\n|\n|upkeep\n|turn|3\n|inactive|ggfsb has 30 seconds left.\n|\n|t:|1730508364\n|move|p1a: Farigiraf|Hyper Voice|p2a: Glimmora|[spread] p2a,p2b\n|-resisted|p2a: Glimmora\n|-resisted|p2b: Gholdengo\n|-damage|p2a: Glimmora|81\/100\n|-damage|p2b: Gholdengo|86\/100\n|move|p1b: Primarina|Hyper Voice|p2a: Glimmora|[spread] p2a,p2b\n|-supereffective|p2a: Glimmora\n|-damage|p2a: Glimmora|0 fnt\n|-damage|p2b: Gholdengo|27\/100\n|faint|p2a: Glimmora\n|-damage|p1b: Primarina|1\/100|[from] item: Life Orb\n|move|p2b: Gholdengo|Make It Rain|p1a: Farigiraf|[spread] p1a,p1b\n|-damage|p1a: Farigiraf|0 fnt\n|-damage|p1b: Primarina|0 fnt\n|-unboost|p2b: Gholdengo|spa|1\n|faint|p1a: Farigiraf\n|faint|p1b: Primarina\n|\n|upkeep\n|\n|t:|1730508376\n|switch|p1a: Incineroar|Incineroar, L50, F|100\/100\n|switch|p1b: Rillaboom|Rillaboom, L50, M|100\/100\n|switch|p2a: Murkrow|Murkrow, L50, F|100\/100\n|-ability|p1a: Incineroar|Intimidate|boost\n|-unboost|p2a: Murkrow|atk|1\n|-unboost|p2b: Gholdengo|atk|1\n|-fieldstart|move: Grassy Terrain|[from] ability: Grassy Surge|[of] p1b: Rillaboom\n|turn|4\n|inactive|dex2299 has 30 seconds left.\n|\n|t:|1730508411\n|switch|p2b: Garchomp|Garchomp, L50, M|100\/100\n|move|p1a: Incineroar|Flare Blitz|p2a: Murkrow\n|-damage|p2a: Murkrow|47\/100\n|-damage|p1a: Incineroar|86\/100|[from] Recoil\n|move|p1b: Rillaboom|Wood Hammer|p2b: Garchomp\n|-crit|p2b: Garchomp\n|-damage|p2b: Garchomp|0 fnt\n|-damage|p1b: Rillaboom|88\/100|[from] ability: Rough Skin|[of] p2b: Garchomp\n|faint|p2b: Garchomp\n|-damage|p1b: Rillaboom|59\/100|[from] Recoil\n|move|p2a: Murkrow|Brave Bird|p1b: Rillaboom\n|-supereffective|p1b: Rillaboom\n|-damage|p1b: Rillaboom|13\/100\n|-damage|p2a: Murkrow|27\/100|[from] Recoil\n|\n|-heal|p1a: Incineroar|92\/100|[from] Grassy Terrain\n|-heal|p1b: Rillaboom|18\/100|[from] Grassy Terrain\n|upkeep\n|\n|t:|1730508431\n|switch|p2b: Gholdengo|Gholdengo, L50, tera:Steel|27\/100\n|turn|5\n|\n|t:|1730508444\n|-terastallize|p1b: Rillaboom|Grass\n|move|p1b: Rillaboom|Grassy Glide|p2a: Murkrow\n|-resisted|p2a: Murkrow\n|-damage|p2a: Murkrow|0 fnt\n|faint|p2a: Murkrow\n|move|p1a: Incineroar|Flare Blitz|p2b: Gholdengo\n|-supereffective|p2b: Gholdengo\n|-damage|p2b: Gholdengo|0 fnt\n|faint|p2b: Gholdengo\n|-damage|p1a: Incineroar|85\/100|[from] Recoil\n|\n|win|dex2299\n|raw|dex2299's rating: 1774 &rarr; <strong>1794<\/strong><br \/>(+20 for winning)\n|raw|ggfsb's rating: 1776 &rarr; <strong>1756<\/strong><br \/>(-20 for losing)\n|l|\u203ddex2299\n|player|p1|\n","uploadtime":1730508636,"views":42,"formatid":"gen9vgc2024regh","rating":1756,"private":0,"password":null}