{"id":"gen9vgc2024regh-2235565874","format":"[Gen 9] VGC 2024 Reg H","players":["ren122333","roykeenkennedy"],"log":"|j|\u2606ren122333\n|j|\u2606roykeenkennedy\n|t:|1730491995\n|gametype|doubles\n|player|p1|ren122333|hilbert|1716\n|player|p2|roykeenkennedy|alder|1747\n|teamsize|p1|6\n|teamsize|p2|6\n|gen|9\n|tier|[Gen 9] VGC 2024 Reg H\n|rated|\n|rule|Species Clause: Limit one of each Pok\u00e9mon\n|rule|Item Clause: Limit 1 of each item\n|clearpoke\n|poke|p1|Whimsicott, L50, M|\n|poke|p1|Mamoswine, L50, F|\n|poke|p1|Lycanroc-Dusk, L50, F|\n|poke|p1|Typhlosion-Hisui, L50, F|\n|poke|p1|Farigiraf, L50, F|\n|poke|p1|Mienshao, L50, F|\n|poke|p2|Salamence, L50, M|\n|poke|p2|Incineroar, L50, M|\n|poke|p2|Weezing, L50, F|\n|poke|p2|Dragapult, L50, F|\n|poke|p2|Ursaluna-Bloodmoon, L50, M|\n|poke|p2|Volcarona, L50, M|\n|teampreview|4\n|inactive|Battle timer is ON: inactive players will automatically lose when time's up. (requested by ren122333)\n|\n|t:|1730492021\n|start\n|switch|p1a: Whimsicott|Whimsicott, L50, M|100\/100\n|switch|p1b: Lycanroc|Lycanroc-Dusk, L50, F|100\/100\n|switch|p2a: Weezing|Weezing, L50, F|100\/100\n|switch|p2b: Salamence|Salamence, L50, M|100\/100\n|-ability|p2a: Weezing|Neutralizing Gas\n|turn|1\n|\n|t:|1730492036\n|-terastallize|p2b: Salamence|Steel\n|-terastallize|p1a: Whimsicott|Ghost\n|move|p2b: Salamence|Dual Wingbeat|p1a: Whimsicott\n|-damage|p1a: Whimsicott|67\/100\n|-damage|p1a: Whimsicott|28\/100\n|-hitcount|p1a: Whimsicott|2\n|move|p1a: Whimsicott|Tailwind|p1a: Whimsicott\n|-sidestart|p1: ren122333|move: Tailwind\n|move|p1b: Lycanroc|Rock Slide|p2a: Weezing|[spread] p2a,p2b\n|-resisted|p2b: Salamence\n|-damage|p2a: Weezing|65\/100\n|-damage|p2b: Salamence|75\/100\n|cant|p2a: Weezing|flinch\n|\n|-heal|p2a: Weezing|71\/100|[from] item: Leftovers\n|upkeep\n|turn|2\n|inactive|ren122333 has 30 seconds left.\n|inactive|ren122333 has 20 seconds left.\n|\n|t:|1730492073\n|switch|p2b: Incineroar|Incineroar, L50, M|100\/100\n|-ability|p2b: Incineroar|Intimidate|boost\n|-unboost|p1a: Whimsicott|atk|1\n|-unboost|p1b: Lycanroc|atk|1\n|move|p1a: Whimsicott|Moonblast|p2a: Weezing\n|-resisted|p2a: Weezing\n|-damage|p2a: Weezing|50\/100\n|move|p1b: Lycanroc|Rock Slide|p2a: Weezing|[spread] p2a,p2b\n|-supereffective|p2b: Incineroar\n|-damage|p2a: Weezing|25\/100\n|-damage|p2b: Incineroar|52\/100\n|move|p2a: Weezing|Will-O-Wisp|p1b: Lycanroc|[miss]\n|-miss|p2a: Weezing|p1b: Lycanroc\n|\n|-heal|p2a: Weezing|32\/100|[from] item: Leftovers\n|upkeep\n|turn|3\n|inactive|roykeenkennedy has 30 seconds left.\n|\n|t:|1730492098\n|move|p2b: Incineroar|Fake Out|p1b: Lycanroc\n|-resisted|p1b: Lycanroc\n|-damage|p1b: Lycanroc|90\/100\n|move|p1a: Whimsicott|Moonblast|p2b: Incineroar\n|-damage|p2b: Incineroar|23\/100\n|cant|p1b: Lycanroc|flinch\n|move|p2a: Weezing|Will-O-Wisp|p1b: Lycanroc\n|-status|p1b: Lycanroc|brn\n|\n|-heal|p2a: Weezing|38\/100|[from] item: Leftovers\n|-damage|p1b: Lycanroc|84\/100 brn|[from] brn\n|upkeep\n|turn|4\n|\n|t:|1730492117\n|move|p2a: Weezing|Protect|p2a: Weezing\n|-singleturn|p2a: Weezing|Protect\n|move|p1a: Whimsicott|Encore|p2a: Weezing\n|-activate|p2a: Weezing|move: Protect\n|move|p1b: Lycanroc|Rock Slide|p2a: Weezing|[spread] \n|-activate|p2a: Weezing|move: Protect\n|-miss|p1b: Lycanroc|p2b: Incineroar\n|move|p2b: Incineroar|Parting Shot|p1b: Lycanroc\n|-unboost|p1b: Lycanroc|atk|1\n|-unboost|p1b: Lycanroc|spa|1\n|\n|t:|1730492129\n|switch|p2b: Dragapult|Dragapult, L50, F|100\/100|[from] Parting Shot\n|\n|-heal|p2a: Weezing|44\/100|[from] item: Leftovers\n|-damage|p1b: Lycanroc|78\/100 brn|[from] brn\n|-sideend|p1: ren122333|move: Tailwind\n|upkeep\n|turn|5\n|\n|t:|1730492140\n|switch|p1b: Mienshao|Mienshao, L50, F|100\/100\n|move|p2b: Dragapult|Dragon Darts|p1a: Whimsicott\n|-damage|p1a: Whimsicott|0 fnt\n|-anim|p2b: Dragapult|Dragon Darts|p1b: Mienshao\n|-damage|p1b: Mienshao|17\/100\n|faint|p1a: Whimsicott\n|move|p2a: Weezing|Will-O-Wisp|p1b: Mienshao\n|-status|p1b: Mienshao|brn\n|\n|-heal|p2a: Weezing|50\/100|[from] item: Leftovers\n|-damage|p1b: Mienshao|11\/100 brn|[from] brn\n|upkeep\n|\n|t:|1730492150\n|switch|p1a: Lycanroc|Lycanroc-Dusk, L50, F|78\/100 brn\n|turn|6\n|\n|t:|1730492163\n|-end|p2a: Weezing|ability: Neutralizing Gas\n|switch|p2a: Incineroar|Incineroar, L50, M|23\/100\n|-ability|p2a: Incineroar|Intimidate|boost\n|-unboost|p1a: Lycanroc|atk|1\n|-fail|p1b: Mienshao|unboost|Attack|[from] ability: Inner Focus|[of] p1b: Mienshao\n|move|p1a: Lycanroc|Sucker Punch|p2b: Dragapult\n|-supereffective|p2b: Dragapult\n|-damage|p2b: Dragapult|60\/100\n|move|p2b: Dragapult|Dragon Darts|p1a: Lycanroc\n|-damage|p1a: Lycanroc|16\/100 brn\n|-anim|p2b: Dragapult|Dragon Darts|p1b: Mienshao\n|-damage|p1b: Mienshao|0 fnt\n|faint|p1b: Mienshao\n|\n|-damage|p1a: Lycanroc|10\/100 brn|[from] brn\n|upkeep\n|\n|t:|1730492174\n|switch|p1b: Typhlosion|Typhlosion-Hisui, L50, F|100\/100\n|-item|p2a: Incineroar|Ability Shield|[from] ability: Frisk|[of] p1b: Typhlosion\n|-item|p2b: Dragapult|Choice Band|[from] ability: Frisk|[of] p1b: Typhlosion\n|turn|7\n|\n|t:|1730492187\n|move|p2a: Incineroar|Fake Out|p1a: Lycanroc\n|-resisted|p1a: Lycanroc\n|-damage|p1a: Lycanroc|1\/100 brn\n|cant|p1a: Lycanroc|flinch\n|move|p2b: Dragapult|Dragon Darts|p1a: Lycanroc\n|-damage|p1a: Lycanroc|0 fnt\n|-anim|p2b: Dragapult|Dragon Darts|p1b: Typhlosion\n|-damage|p1b: Typhlosion|41\/100\n|faint|p1a: Lycanroc\n|move|p1b: Typhlosion|Heat Wave|p2b: Dragapult|[spread] p2a,p2b\n|-resisted|p2a: Incineroar\n|-resisted|p2b: Dragapult\n|-damage|p2a: Incineroar|4\/100\n|-damage|p2b: Dragapult|23\/100\n|\n|upkeep\n|turn|8\n|-message|ren122333 forfeited.\n|\n|win|roykeenkennedy\n|raw|ren122333's rating: 1716 &rarr; <strong>1698<\/strong><br \/>(-18 for losing)\n|raw|roykeenkennedy's rating: 1747 &rarr; <strong>1765<\/strong><br \/>(+18 for winning)\n|l|\u2606ren122333\n|player|p1|\n|l|\u2606roykeenkennedy\n|player|p2|\n","uploadtime":1730492440,"views":37,"formatid":"gen9vgc2024regh","rating":1698,"private":0,"password":null}