{"id":"gen9vgc2024regh-2235261926","format":"[Gen 9] VGC 2024 Reg H","players":["PolkaDot27","TheOnlyFizzo"],"log":"|j|\u2606PolkaDot27\n|j|\u2606TheOnlyFizzo\n|t:|1730458150\n|gametype|doubles\n|player|p1|PolkaDot27|170|1780\n|player|p2|TheOnlyFizzo|1|1692\n|teamsize|p1|6\n|teamsize|p2|6\n|gen|9\n|tier|[Gen 9] VGC 2024 Reg H\n|rated|\n|rule|Species Clause: Limit one of each Pok\u00e9mon\n|rule|Item Clause: Limit 1 of each item\n|clearpoke\n|poke|p1|Dragonite, L50, F|\n|poke|p1|Kingambit, L50, F|\n|poke|p1|Tauros-Paldea-Aqua, L50, M|\n|poke|p1|Archaludon, L50, F|\n|poke|p1|Pelipper, L50, M|\n|poke|p1|Rillaboom, L50, M|\n|poke|p2|Metagross, L50|\n|poke|p2|Farigiraf, L50, M|\n|poke|p2|Torkoal, L50, F|\n|poke|p2|Smeargle, L50, M|\n|poke|p2|Annihilape, L50, M|\n|poke|p2|Ursaluna-Bloodmoon, L50, M|\n|teampreview|4\n|inactive|Battle timer is ON: inactive players will automatically lose when time's up. (requested by TheOnlyFizzo)\n|j| OminousFactory\n|inactive|PolkaDot27 has 60 seconds left.\n|inactive|TheOnlyFizzo has 60 seconds left.\n|\n|t:|1730458188\n|start\n|switch|p1a: Tauros|Tauros-Paldea-Aqua, L50, M|100\/100\n|switch|p1b: Kingambit|Kingambit, L50, F|100\/100\n|switch|p2a: Annihilape|Annihilape, L50, M|100\/100\n|switch|p2b: Smeargle|Smeargle, L50, M|100\/100\n|-ability|p1a: Tauros|Intimidate|boost\n|-unboost|p2a: Annihilape|atk|1\n|-ability|p2a: Annihilape|Defiant|boost\n|-boost|p2a: Annihilape|atk|2\n|-enditem|p1a: Tauros|Mirror Herb\n|-boost|p1a: Tauros|atk|2|[from] item: Mirror Herb\n|-unboost|p2b: Smeargle|atk|1\n|turn|1\n|inactive|PolkaDot27 has 30 seconds left.\n|inactive|PolkaDot27 has 20 seconds left.\n|\n|t:|1730458225\n|move|p1a: Tauros|Protect|p1a: Tauros\n|-singleturn|p1a: Tauros|Protect\n|move|p1b: Kingambit|Protect|p1b: Kingambit\n|-singleturn|p1b: Kingambit|Protect\n|move|p2b: Smeargle|Water Shuriken|p2a: Annihilape\n|-damage|p2a: Annihilape|99\/100\n|-damage|p2a: Annihilape|99\/100\n|-damage|p2a: Annihilape|98\/100\n|-damage|p2a: Annihilape|97\/100\n|-damage|p2a: Annihilape|96\/100\n|-hitcount|p2a: Annihilape|5\n|move|p2a: Annihilape|Rage Fist|p1a: Tauros\n|-activate|p1a: Tauros|move: Protect\n|\n|-ability|p2b: Smeargle|Moody|boost\n|-boost|p2b: Smeargle|atk|2\n|-unboost|p2b: Smeargle|def|1\n|upkeep\n|turn|2\n|inactive|TheOnlyFizzo has 30 seconds left.\n|\n|t:|1730458258\n|move|p2b: Smeargle|Water Shuriken|p1a: Tauros\n|-resisted|p1a: Tauros\n|-damage|p1a: Tauros|99\/100\n|-resisted|p1a: Tauros\n|-damage|p1a: Tauros|99\/100\n|-resisted|p1a: Tauros\n|-damage|p1a: Tauros|99\/100\n|-resisted|p1a: Tauros\n|-damage|p1a: Tauros|98\/100\n|-resisted|p1a: Tauros\n|-damage|p1a: Tauros|97\/100\n|-hitcount|p1a: Tauros|5\n|move|p2a: Annihilape|Rage Fist|p1a: Tauros\n|-damage|p1a: Tauros|0 fnt\n|faint|p1a: Tauros\n|move|p1b: Kingambit|Kowtow Cleave|p2b: Smeargle\n|-damage|p2b: Smeargle|0 fnt\n|faint|p2b: Smeargle\n|\n|upkeep\n|\n|t:|1730458280\n|switch|p1a: Archaludon|Archaludon, L50, F|100\/100\n|switch|p2b: Ursaluna|Ursaluna-Bloodmoon, L50, M|100\/100\n|turn|3\n|inactive|PolkaDot27 has 30 seconds left.\n|\n|t:|1730458315\n|-terastallize|p2b: Ursaluna|Normal\n|move|p1b: Kingambit|Sucker Punch|p2a: Annihilape\n|-damage|p2a: Annihilape|56\/100\n|move|p2a: Annihilape|Rage Fist|p1a: Archaludon\n|-ability|p1a: Archaludon|Sturdy\n|-damage|p1a: Archaludon|1\/100\n|move|p1a: Archaludon|Electro Shot||[still]\n|-prepare|p1a: Archaludon|Electro Shot\n|-boost|p1a: Archaludon|spa|1\n|-enditem|p1a: Archaludon|Power Herb\n|-anim|p1a: Archaludon|Electro Shot|p2a: Annihilape\n|-crit|p2a: Annihilape\n|-damage|p2a: Annihilape|0 fnt\n|faint|p2a: Annihilape\n|move|p2b: Ursaluna|Blood Moon|p1b: Kingambit\n|-resisted|p1b: Kingambit\n|-damage|p1b: Kingambit|28\/100\n|\n|upkeep\n|\n|t:|1730458334\n|switch|p2a: Farigiraf|Farigiraf, L50, M|100\/100\n|turn|4\n|\n|t:|1730458350\n|move|p2b: Ursaluna|Vacuum Wave|p1b: Kingambit\n|-supereffective|p1b: Kingambit\n|-damage|p1b: Kingambit|0 fnt\n|faint|p1b: Kingambit\n|move|p1a: Archaludon|Dragon Pulse|p2a: Farigiraf\n|-damage|p2a: Farigiraf|50\/100\n|move|p2a: Farigiraf|Trick Room|p2a: Farigiraf\n|-fieldstart|move: Trick Room|[of] p2a: Farigiraf\n|\n|upkeep\n|\n|t:|1730458353\n|switch|p1b: Pelipper|Pelipper, L50, M|100\/100\n|-weather|RainDance|[from] ability: Drizzle|[of] p1b: Pelipper\n|turn|5\n|-message|PolkaDot27 forfeited.\n|\n|win|TheOnlyFizzo\n|raw|PolkaDot27's rating: 1780 &rarr; <strong>1755<\/strong><br \/>(-25 for losing)\n|raw|TheOnlyFizzo's rating: 1692 &rarr; <strong>1717<\/strong><br \/>(+25 for winning)\n|l|\u2606PolkaDot27\n|player|p1|\n|l| OminousFactory\n|l|\u2606TheOnlyFizzo\n|player|p2|\n","uploadtime":1730458633,"views":17,"formatid":"gen9vgc2024regh","rating":1717,"private":0,"password":null}