{"id":"gen9vgc2024regh-2235467367","format":"[Gen 9] VGC 2024 Reg H","players":["13dobe","brouz"],"log":"|j|\u260613dobe\n|j|\u2606brouz\n|t:|1730482030\n|gametype|doubles\n|player|p1|13dobe|170|1720\n|player|p2|brouz|ingo|1742\n|teamsize|p1|6\n|teamsize|p2|6\n|gen|9\n|tier|[Gen 9] VGC 2024 Reg H\n|rated|\n|rule|Species Clause: Limit one of each Pok\u00e9mon\n|rule|Item Clause: Limit 1 of each item\n|clearpoke\n|poke|p1|Weezing, L50, F|\n|poke|p1|Lilligant-Hisui, L50, F|\n|poke|p1|Torkoal, L50, M|\n|poke|p1|Incineroar, L50, M|\n|poke|p1|Porygon2, L50|\n|poke|p1|Dragonite, L50, F|\n|poke|p2|Tyranitar, L50, F|\n|poke|p2|Gastrodon, L50, M|\n|poke|p2|Garchomp, L50, F|\n|poke|p2|Talonflame, L50, M|\n|poke|p2|Kingambit, L50, F|\n|poke|p2|Tsareena, L50, F|\n|teampreview|4\n|inactive|Battle timer is ON: inactive players will automatically lose when time's up. (requested by brouz)\n|\n|t:|1730482053\n|start\n|switch|p1a: Weezing|Weezing, L50, F|100\/100\n|switch|p1b: Incineroar|Incineroar, L50, M|100\/100\n|switch|p2a: Talonflame|Talonflame, L50, M|100\/100\n|switch|p2b: Garchomp|Garchomp, L50, F|100\/100\n|-ability|p1a: Weezing|Neutralizing Gas\n|-block|p1b: Incineroar|item: Ability Shield\n|-ability|p1b: Incineroar|Intimidate|boost\n|-unboost|p2a: Talonflame|atk|1\n|-unboost|p2b: Garchomp|atk|1\n|turn|1\n|inactive|brouz has 30 seconds left.\n|\n|t:|1730482081\n|switch|p2b: Tyranitar|Tyranitar, L50, F|100\/100\n|move|p1b: Incineroar|Fake Out|p2b: Tyranitar\n|-resisted|p2b: Tyranitar\n|-damage|p2b: Tyranitar|94\/100\n|move|p2a: Talonflame|Taunt|p1a: Weezing\n|-start|p1a: Weezing|move: Taunt\n|move|p1a: Weezing|Gunk Shot|p2a: Talonflame\n|-damage|p2a: Talonflame|17\/100\n|-status|p2a: Talonflame|psn\n|\n|-damage|p2a: Talonflame|5\/100 psn|[from] psn\n|upkeep\n|turn|2\n|c|\u260613dobe|dang it lived\n|j| DoonDryh\n|inactive|13dobe has 30 seconds left.\n|\n|t:|1730482108\n|move|p2a: Talonflame|Tailwind|p2a: Talonflame\n|-sidestart|p2: brouz|move: Tailwind\n|move|p2b: Tyranitar|Rock Slide|p1a: Weezing|[spread] p1a,p1b\n|-supereffective|p1b: Incineroar\n|-damage|p1a: Weezing|69\/100\n|-damage|p1b: Incineroar|43\/100\n|move|p1a: Weezing|Gunk Shot|p2b: Tyranitar\n|-resisted|p2b: Tyranitar\n|-damage|p2b: Tyranitar|62\/100\n|move|p1b: Incineroar|Parting Shot|p2b: Tyranitar\n|-fail|p2b: Tyranitar|unboost|[from] item: Clear Amulet|[of] p2b: Tyranitar\n|\n|-damage|p2a: Talonflame|0 fnt|[from] psn\n|faint|p2a: Talonflame\n|upkeep\n|c|\u260613dobe|oh wow\n|\n|t:|1730482124\n|switch|p2a: Garchomp|Garchomp, L50, F|100\/100\n|turn|3\n|\n|t:|1730482143\n|move|p2a: Garchomp|Stomping Tantrum|p1b: Incineroar\n|-supereffective|p1b: Incineroar\n|-damage|p1b: Incineroar|0 fnt\n|faint|p1b: Incineroar\n|move|p2b: Tyranitar|Rock Slide|p1a: Weezing\n|-damage|p1a: Weezing|29\/100\n|cant|p1a: Weezing|flinch\n|\n|-end|p1a: Weezing|move: Taunt\n|upkeep\n|\n|t:|1730482147\n|switch|p1b: Lilligant|Lilligant-Hisui, L50, F|100\/100\n|turn|4\n|\n|t:|1730482164\n|switch|p2b: Gastrodon|Gastrodon, L50, M|100\/100\n|-end|p1a: Weezing|ability: Neutralizing Gas\n|switch|p1a: Torkoal|Torkoal, L50, M|100\/100\n|-weather|SunnyDay|[from] ability: Drought|[of] p1a: Torkoal\n|move|p1b: Lilligant|Sleep Powder|p2a: Garchomp\n|-status|p2a: Garchomp|slp|[from] move: Sleep Powder\n|cant|p2a: Garchomp|slp\n|\n|-weather|SunnyDay|[upkeep]\n|upkeep\n|turn|5\n|inactive|13dobe has 30 seconds left.\n|inactive|13dobe has 20 seconds left.\n|inactive|13dobe has 15 seconds left.\n|inactive|13dobe has 10 seconds left.\n|inactive|13dobe has 5 seconds left.\n|\n|t:|1730482219\n|move|p2b: Gastrodon|Protect|p2b: Gastrodon\n|-singleturn|p2b: Gastrodon|Protect\n|move|p1b: Lilligant|Close Combat|p2a: Garchomp\n|-damage|p2a: Garchomp|47\/100 slp\n|-unboost|p1b: Lilligant|def|1\n|-unboost|p1b: Lilligant|spd|1\n|cant|p2a: Garchomp|slp\n|move|p1a: Torkoal|Eruption|p2b: Gastrodon|[spread] p2a\n|-activate|p2b: Gastrodon|move: Protect\n|-resisted|p2a: Garchomp\n|-damage|p2a: Garchomp|0 fnt\n|faint|p2a: Garchomp\n|\n|-weather|SunnyDay|[upkeep]\n|-sideend|p2: brouz|move: Tailwind\n|upkeep\n|\n|t:|1730482227\n|switch|p2a: Tyranitar|Tyranitar, L50, F|62\/100\n|-weather|Sandstorm|[from] ability: Sand Stream|[of] p2a: Tyranitar\n|turn|6\n|inactive|13dobe has 30 seconds left.\n|inactive|13dobe has 20 seconds left.\n|inactive|13dobe has 15 seconds left.\n|inactive|13dobe has 10 seconds left.\n|c|\u260613dobe|sorry got a call at work\n|inactive|13dobe has 5 seconds left.\n|\n|t:|1730482281\n|switch|p1a: Weezing|Weezing, L50, F|29\/100\n|-ability|p1a: Weezing|Neutralizing Gas\n|-terastallize|p2a: Tyranitar|Flying\n|move|p1b: Lilligant|Close Combat|p2a: Tyranitar\n|-resisted|p2a: Tyranitar\n|-damage|p2a: Tyranitar|39\/100\n|-unboost|p1b: Lilligant|def|1\n|-unboost|p1b: Lilligant|spd|1\n|move|p2a: Tyranitar|Tera Blast|p1b: Lilligant|[anim] Tera Blast Flying\n|-supereffective|p1b: Lilligant\n|-enditem|p1b: Lilligant|Focus Sash\n|-damage|p1b: Lilligant|1\/100\n|move|p2b: Gastrodon|Earth Power|p1a: Weezing\n|-supereffective|p1a: Weezing\n|-damage|p1a: Weezing|0 fnt\n|faint|p1a: Weezing\n|-end|p1a: Weezing|ability: Neutralizing Gas\n|\n|-weather|Sandstorm|[upkeep]\n|-damage|p1b: Lilligant|0 fnt|[from] Sandstorm\n|-damage|p2a: Tyranitar|33\/100|[from] Sandstorm\n|faint|p1b: Lilligant\n|upkeep\n|c|\u260613dobe|how did i kill garchomp??\n|c|\u260613dobe|lol\n|c|\u2606brouz|strong little guy\n|\n|t:|1730482303\n|switch|p1b: Torkoal|Torkoal, L50, M|100\/100\n|-weather|SunnyDay|[from] ability: Drought|[of] p1b: Torkoal\n|turn|7\n|c|\u260613dobe|i thought i was coming back to a game being over lol\n|c|\u260613dobe|gg mb\n|\n|t:|1730482322\n|-terastallize|p1b: Torkoal|Fire\n|move|p2a: Tyranitar|Knock Off|p1b: Torkoal\n|-damage|p1b: Torkoal|54\/100\n|-enditem|p1b: Torkoal|Charcoal|[from] move: Knock Off|[of] p2a: Tyranitar\n|move|p2b: Gastrodon|Earth Power|p1b: Torkoal\n|-supereffective|p1b: Torkoal\n|-damage|p1b: Torkoal|0 fnt\n|faint|p1b: Torkoal\n|\n|win|brouz\n|raw|13dobe's rating: 1720 &rarr; <strong>1701<\/strong><br \/>(-19 for losing)\n|raw|brouz's rating: 1742 &rarr; <strong>1761<\/strong><br \/>(+19 for winning)\n|l|\u260613dobe\n|player|p1|\n|c|\u2606brouz|gg\n|l|\u2606brouz\n|player|p2|\n","uploadtime":1730482526,"views":38,"formatid":"gen9vgc2024regh","rating":1701,"private":0,"password":null}