{"id":"gen9vgc2024regh-2235735845","format":"[Gen 9] VGC 2024 Reg H","players":["kfjtdhynd","647w"],"log":"|j|\u2606kfjtdhynd\n|j|\u2606647w\n|t:|1730512660\n|gametype|doubles\n|player|p1|kfjtdhynd|266|1714\n|player|p2|647w|lucas-gen4pt|1711\n|teamsize|p1|6\n|teamsize|p2|6\n|gen|9\n|tier|[Gen 9] VGC 2024 Reg H\n|rated|\n|rule|Species Clause: Limit one of each Pok\u00e9mon\n|rule|Item Clause: Limit 1 of each item\n|clearpoke\n|poke|p1|Basculegion-F, L50, F|\n|poke|p1|Pelipper, L50, F|\n|poke|p1|Rillaboom, L50, F|\n|poke|p1|Sneasler, L50, F|\n|poke|p1|Dragonite, L50, M|\n|poke|p1|Incineroar, L50, M|\n|poke|p2|Kilowattrel, L50, M|\n|poke|p2|Garchomp, L50, F|\n|poke|p2|Gholdengo, L50|\n|poke|p2|Incineroar, L50, M|\n|poke|p2|Rillaboom, L50, F|\n|poke|p2|Dondozo, L50, M|\n|teampreview|4\n|inactive|Battle timer is ON: inactive players will automatically lose when time's up. (requested by kfjtdhynd)\n647w has agreed to open team sheets.\nkfjtdhynd rejected open team sheets.\n|\n|t:|1730512685\n|start\n|switch|p1a: Basculegion|Basculegion-F, L50, F|100\/100\n|switch|p1b: Sneasler|Sneasler, L50, F|100\/100\n|switch|p2a: Kilowattrel|Kilowattrel, L50, M|100\/100\n|switch|p2b: Incineroar|Incineroar, L50, M|100\/100\n|-ability|p2b: Incineroar|Intimidate|boost\n|-unboost|p1a: Basculegion|atk|1\n|-unboost|p1b: Sneasler|atk|1\n|turn|1\n|\n|t:|1730512704\n|switch|p1b: Pelipper|Pelipper, L50, F|100\/100\n|-weather|RainDance|[from] ability: Drizzle|[of] p1b: Pelipper\n|move|p2b: Incineroar|Fake Out|p1b: Pelipper\n|-damage|p1b: Pelipper|85\/100\n|move|p1a: Basculegion|Muddy Water|p2a: Kilowattrel|[spread] p2a,p2b\n|-supereffective|p2b: Incineroar\n|-enditem|p2a: Kilowattrel|Focus Sash\n|-damage|p2a: Kilowattrel|1\/100\n|-damage|p2b: Incineroar|0 fnt\n|-unboost|p2a: Kilowattrel|accuracy|1\n|-ability|p2a: Kilowattrel|Competitive|boost\n|-boost|p2a: Kilowattrel|spa|2\n|faint|p2b: Incineroar\n|move|p2a: Kilowattrel|Tailwind|p2a: Kilowattrel\n|-sidestart|p2: 647w|move: Tailwind\n|\n|-weather|RainDance|[upkeep]\n|upkeep\n|\n|t:|1730512710\n|switch|p2b: Rillaboom|Rillaboom, L50, F|100\/100\n|-fieldstart|move: Grassy Terrain|[from] ability: Grassy Surge|[of] p2b: Rillaboom\n|turn|2\n|\n|t:|1730512731\n|move|p1b: Pelipper|Protect|p1b: Pelipper\n|-singleturn|p1b: Pelipper|Protect\n|move|p2b: Rillaboom|Grassy Glide|p1a: Basculegion\n|-supereffective|p1a: Basculegion\n|-damage|p1a: Basculegion|14\/100\n|move|p2a: Kilowattrel|Thunderbolt|p1b: Pelipper\n|-activate|p1b: Pelipper|move: Protect\n|move|p1a: Basculegion|Muddy Water|p2b: Rillaboom|[spread] p2a,p2b\n|-resisted|p2b: Rillaboom\n|-damage|p2a: Kilowattrel|0 fnt\n|-damage|p2b: Rillaboom|75\/100\n|-unboost|p2b: Rillaboom|accuracy|1\n|faint|p2a: Kilowattrel\n|\n|-weather|RainDance|[upkeep]\n|-heal|p1a: Basculegion|20\/100|[from] Grassy Terrain\n|-heal|p2b: Rillaboom|81\/100|[from] Grassy Terrain\n|upkeep\n|\n|t:|1730512737\n|switch|p2a: Garchomp|Garchomp, L50, F|100\/100\n|turn|3\n|\n|t:|1730512758\n|switch|p1a: Rillaboom|Rillaboom, L50, F|100\/100\n|move|p2a: Garchomp|Dragon Claw|p1a: Rillaboom\n|-damage|p1a: Rillaboom|64\/100\n|move|p2b: Rillaboom|Wood Hammer|p1b: Pelipper\n|-damage|p1b: Pelipper|0 fnt\n|faint|p1b: Pelipper\n|-damage|p2b: Rillaboom|63\/100|[from] Recoil\n|\n|-weather|RainDance|[upkeep]\n|-heal|p2b: Rillaboom|69\/100|[from] Grassy Terrain\n|-heal|p1a: Rillaboom|70\/100|[from] Grassy Terrain\n|upkeep\n|\n|t:|1730512765\n|switch|p1b: Sneasler|Sneasler, L50, F|100\/100\n|-enditem|p1b: Sneasler|Grassy Seed\n|-boost|p1b: Sneasler|def|1|[from] item: Grassy Seed\n|turn|4\n|\n|t:|1730512777\n|move|p1a: Rillaboom|Fake Out|p2a: Garchomp\n|-damage|p2a: Garchomp|89\/100\n|-damage|p1a: Rillaboom|58\/100|[from] ability: Rough Skin|[of] p2a: Garchomp\n|move|p1b: Sneasler|Dire Claw|p2b: Rillaboom\n|-supereffective|p2b: Rillaboom\n|-damage|p2b: Rillaboom|0 fnt\n|faint|p2b: Rillaboom\n|cant|p2a: Garchomp|flinch\n|\n|-weather|RainDance|[upkeep]\n|-heal|p2a: Garchomp|95\/100|[from] Grassy Terrain\n|-heal|p1a: Rillaboom|64\/100|[from] Grassy Terrain\n|-sideend|p2: 647w|move: Tailwind\n|upkeep\n|turn|5\n|\n|t:|1730512794\n|-terastallize|p1b: Sneasler|Fighting\n|move|p1a: Rillaboom|Grassy Glide|p2a: Garchomp\n|-damage|p2a: Garchomp|64\/100\n|-damage|p1a: Rillaboom|52\/100|[from] ability: Rough Skin|[of] p2a: Garchomp\n|move|p1b: Sneasler|Close Combat|p2a: Garchomp\n|-damage|p2a: Garchomp|0 fnt\n|-unboost|p1b: Sneasler|def|1\n|-unboost|p1b: Sneasler|spd|1\n|-damage|p1b: Sneasler|88\/100|[from] ability: Rough Skin|[of] p2a: Garchomp\n|faint|p2a: Garchomp\n|\n|win|kfjtdhynd\n|raw|kfjtdhynd's rating: 1714 &rarr; <strong>1734<\/strong><br \/>(+20 for winning)\n|raw|647w's rating: 1711 &rarr; <strong>1691<\/strong><br \/>(-20 for losing)\n|l|\u2606kfjtdhynd\n|player|p1|\n|l|\u2606647w\n|player|p2|\n","uploadtime":1730512799,"views":34,"formatid":"gen9vgc2024regh","rating":1691,"private":0,"password":null}