{"id":"gen9vgc2024regh-2236923270","format":"[Gen 9] VGC 2024 Reg H","players":["647w","maya ayasato"],"log":"|j|\u2606647w\n|j|\u2606maya ayasato\n|t:|1730688061\n|gametype|doubles\n|player|p1|647w|lucas-gen4pt|1678\n|player|p2|maya ayasato|cynthia|1824\n|teamsize|p1|6\n|teamsize|p2|6\n|gen|9\n|tier|[Gen 9] VGC 2024 Reg H\n|rated|\n|rule|Species Clause: Limit one of each Pok\u00e9mon\n|rule|Item Clause: Limit 1 of each item\n|clearpoke\n|poke|p1|Kilowattrel, L50, M|\n|poke|p1|Garchomp, L50, F|\n|poke|p1|Archaludon, L50, F|\n|poke|p1|Incineroar, L50, M|\n|poke|p1|Rillaboom, L50, F|\n|poke|p1|Dondozo, L50, F|\n|poke|p2|Gholdengo, L50|\n|poke|p2|Annihilape, L50, F|\n|poke|p2|Maushold, L50|\n|poke|p2|Dondozo, L50, F|\n|poke|p2|Murkrow, L50, F|\n|poke|p2|Tatsugiri, L50, M|\n|teampreview|4\n647w has agreed to open team sheets.\n|j| oil duck\n|j| Blackleafogog\n|\n|t:|1730688098\n|start\n|switch|p1a: Kilowattrel|Kilowattrel, L50, M|100\/100\n|switch|p1b: Garchomp|Garchomp, L50, F|100\/100\n|switch|p2a: Gholdengo|Gholdengo, L50|100\/100\n|switch|p2b: Murkrow|Murkrow, L50, F|100\/100\n|turn|1\n|\n|t:|1730688107\n|-terastallize|p2a: Gholdengo|Steel\n|move|p2b: Murkrow|Tailwind|p2b: Murkrow\n|-sidestart|p2: maya ayasato|move: Tailwind\n|move|p2a: Gholdengo|Make It Rain|p1a: Kilowattrel|[spread] p1a,p1b\n|-resisted|p1a: Kilowattrel\n|-damage|p1a: Kilowattrel|13\/100\n|-damage|p1b: Garchomp|0 fnt\n|-unboost|p2a: Gholdengo|spa|1\n|faint|p1b: Garchomp\n|move|p1a: Kilowattrel|Tailwind|p1a: Kilowattrel\n|-sidestart|p1: 647w|move: Tailwind\n|\n|upkeep\n|\n|t:|1730688117\n|switch|p1b: Archaludon|Archaludon, L50, F|100\/100\n|turn|2\n|\n|t:|1730688131\n|move|p2b: Murkrow|Quash|p1b: Archaludon\n|-activate|p1b: Archaludon|move: Quash\n|move|p1a: Kilowattrel|Thunderbolt|p2a: Gholdengo\n|-damage|p2a: Gholdengo|58\/100\n|move|p2a: Gholdengo|Make It Rain|p1b: Archaludon|[spread] p1a,p1b\n|-resisted|p1a: Kilowattrel\n|-resisted|p1b: Archaludon\n|-damage|p1a: Kilowattrel|0 fnt\n|-damage|p1b: Archaludon|51\/100\n|-unboost|p2a: Gholdengo|spa|1\n|faint|p1a: Kilowattrel\n|move|p1b: Archaludon|Electro Shot||[still]\n|-prepare|p1b: Archaludon|Electro Shot\n|-boost|p1b: Archaludon|spa|1\n|-enditem|p1b: Archaludon|Power Herb\n|-anim|p1b: Archaludon|Electro Shot|p2b: Murkrow\n|-supereffective|p2b: Murkrow\n|-damage|p2b: Murkrow|0 fnt\n|faint|p2b: Murkrow\n|\n|upkeep\n|\n|t:|1730688148\n|switch|p1a: Dondozo|Dondozo, L50, F|100\/100\n|switch|p2b: Dondozo|Dondozo, L50, F|100\/100\n|turn|3\n|\n|t:|1730688162\n|switch|p2a: Tatsugiri|Tatsugiri, L50, M|100\/100\n|-activate|p2a: Tatsugiri|ability: Commander|[of] p2b: Dondozo\n|-boost|p2b: Dondozo|atk|2\n|-boost|p2b: Dondozo|spa|2\n|-boost|p2b: Dondozo|spe|2\n|-boost|p2b: Dondozo|def|2\n|-boost|p2b: Dondozo|spd|2\n|move|p1b: Archaludon|Protect|p1b: Archaludon\n|-singleturn|p1b: Archaludon|Protect\n|move|p2b: Dondozo|Earthquake|p1b: Archaludon|[spread] p1a\n|-miss|p2b: Dondozo|p2a: Tatsugiri\n|-activate|p1b: Archaludon|move: Protect\n|-damage|p1a: Dondozo|81\/100\n|-damage|p2b: Dondozo|91\/100|[from] item: Life Orb\n|move|p1a: Dondozo|Yawn|p2b: Dondozo\n|-start|p2b: Dondozo|move: Yawn|[of] p1a: Dondozo\n|\n|-heal|p1a: Dondozo|88\/100|[from] item: Leftovers\n|upkeep\n|turn|4\n|\n|t:|1730688181\n|-terastallize|p1b: Archaludon|Flying\n|move|p2b: Dondozo|Wave Crash|p1b: Archaludon\n|-damage|p1b: Archaludon|0 fnt\n|faint|p1b: Archaludon\n|-damage|p2b: Dondozo|78\/100|[from] Recoil\n|-damage|p2b: Dondozo|69\/100|[from] item: Life Orb\n|move|p1a: Dondozo|Fissure|p2b: Dondozo|[miss]\n|-miss|p1a: Dondozo|p2b: Dondozo\n|\n|-heal|p1a: Dondozo|94\/100|[from] item: Leftovers\n|-end|p2b: Dondozo|move: Yawn|[silent]\n|-status|p2b: Dondozo|slp\n|-sideend|p1: 647w|move: Tailwind\n|-sideend|p2: maya ayasato|move: Tailwind\n|upkeep\n|turn|5\n|\n|t:|1730688194\n|cant|p2b: Dondozo|slp\n|move|p1a: Dondozo|Fissure|p2b: Dondozo|[miss]\n|-miss|p1a: Dondozo|p2b: Dondozo\n|\n|-heal|p1a: Dondozo|99\/100|[from] item: Leftovers\n|upkeep\n|turn|6\n|\n|t:|1730688201\n|cant|p2b: Dondozo|slp\n|move|p1a: Dondozo|Fissure|p2b: Dondozo|[miss]\n|-miss|p1a: Dondozo|p2b: Dondozo\n|\n|-heal|p1a: Dondozo|100\/100|[from] item: Leftovers\n|upkeep\n|turn|7\n|\n|t:|1730688207\n|cant|p2b: Dondozo|slp\n|move|p1a: Dondozo|Fissure|p2b: Dondozo|[miss]\n|-miss|p1a: Dondozo|p2b: Dondozo\n|\n|upkeep\n|turn|8\n|\n|t:|1730688212\n|-curestatus|p2b: Dondozo|slp|[msg]\n|move|p2b: Dondozo|Earthquake|p1a: Dondozo|[spread] p1a\n|-miss|p2b: Dondozo|p2a: Tatsugiri\n|-damage|p1a: Dondozo|81\/100\n|-damage|p2b: Dondozo|59\/100|[from] item: Life Orb\n|move|p1a: Dondozo|Yawn|p2b: Dondozo\n|-start|p2b: Dondozo|move: Yawn|[of] p1a: Dondozo\n|\n|-heal|p1a: Dondozo|87\/100|[from] item: Leftovers\n|upkeep\n|turn|9\n|\n|t:|1730688223\n|move|p1a: Dondozo|Protect|p1a: Dondozo\n|-singleturn|p1a: Dondozo|Protect\n|move|p2b: Dondozo|Wave Crash|p1a: Dondozo\n|-activate|p1a: Dondozo|move: Protect\n|\n|-heal|p1a: Dondozo|93\/100|[from] item: Leftovers\n|-end|p2b: Dondozo|move: Yawn|[silent]\n|-status|p2b: Dondozo|slp\n|upkeep\n|turn|10\n|\n|t:|1730688231\n|cant|p2b: Dondozo|slp\n|move|p1a: Dondozo|Fissure|p2b: Dondozo\n|-damage|p2b: Dondozo|0 fnt\n|faint|p2b: Dondozo\n|-ohko\n|\n|-heal|p1a: Dondozo|99\/100|[from] item: Leftovers\n|upkeep\n|j| Therazer456\n|\n|t:|1730688238\n|switch|p2b: Gholdengo|Gholdengo, L50, tera:Steel|58\/100\n|turn|11\n|\n|t:|1730688244\n|move|p2a: Tatsugiri|Dragon Pulse|p1a: Dondozo\n|-crit|p1a: Dondozo\n|-damage|p1a: Dondozo|52\/100\n|move|p2b: Gholdengo|Thunderbolt|p1a: Dondozo\n|-supereffective|p1a: Dondozo\n|-damage|p1a: Dondozo|0 fnt\n|faint|p1a: Dondozo\n|\n|win|maya ayasato\n|raw|647w's rating: 1678 &rarr; <strong>1666<\/strong><br \/>(-12 for losing)\n|raw|maya ayasato's rating: 1824 &rarr; <strong>1836<\/strong><br \/>(+12 for winning)\n|l| Therazer456\n|l| oil duck\n|l|\u2606maya ayasato\n|player|p2|\n|l| Blackleafogog\n|l|\u2606647w\n|player|p1|\n","uploadtime":1730688247,"views":28,"formatid":"gen9vgc2024regh","rating":1666,"private":0,"password":null}