{"id":"gen9vgc2024regh-2236324775","format":"[Gen 9] VGC 2024 Reg H","players":["HelgitheLean","ferndere"],"log":"|j|\u2606HelgitheLean\n|j|\u2606ferndere\n|t:|1730600420\n|gametype|doubles\n|player|p1|HelgitheLean|brawly|1648\n|player|p2|ferndere|doctor|1725\n|teamsize|p1|6\n|teamsize|p2|6\n|gen|9\n|tier|[Gen 9] VGC 2024 Reg H\n|rated|\n|rule|Species Clause: Limit one of each Pok\u00e9mon\n|rule|Item Clause: Limit 1 of each item\n|clearpoke\n|poke|p1|Ninetales-Alola, L50, F|\n|poke|p1|Archaludon, L50, M|\n|poke|p1|Pelipper, L50, M|\n|poke|p1|Baxcalibur, L50, M|\n|poke|p1|Rillaboom, L50, M|\n|poke|p1|Greninja-*, L50, M|\n|poke|p2|Primarina, L50, M|\n|poke|p2|Annihilape, L50, M|\n|poke|p2|Whimsicott, L50, M|\n|poke|p2|Mimikyu, L50, M|\n|poke|p2|Typhlosion-Hisui, L50, F|\n|poke|p2|Gholdengo, L50|\n|teampreview|4\n|\n|t:|1730600442\n|start\n|switch|p1a: Jumpa|Greninja, L50, M, shiny|100\/100\n|switch|p1b: Santa Claws|Baxcalibur, L50, M, shiny|100\/100\n|switch|p2a: Critter|Whimsicott, L50, M|100\/100\n|switch|p2b: Smog|Typhlosion-Hisui, L50, F|100\/100\n|-item|p1a: Jumpa|Loaded Dice|[from] ability: Frisk|[of] p2b: Smog\n|-item|p1b: Santa Claws|Leftovers|[from] ability: Frisk|[of] p2b: Smog\n|turn|1\n|\n|t:|1730600461\n|switch|p1a: Butter|Pelipper, L50, M|100\/100\n|-weather|RainDance|[from] ability: Drizzle|[of] p1a: Butter\n|-terastallize|p2b: Smog|Fire\n|-terastallize|p1b: Santa Claws|Fire\n|move|p2a: Critter|Tailwind|p2a: Critter\n|-sidestart|p2: ferndere|move: Tailwind\n|move|p2b: Smog|Eruption|p1a: Butter|[spread] p1a,p1b\n|-resisted|p1a: Butter\n|-resisted|p1b: Santa Claws\n|-damage|p1a: Butter|45\/100\n|-damage|p1b: Santa Claws|74\/100\n|move|p1b: Santa Claws|Glaive Rush|p2b: Smog\n|-damage|p2b: Smog|0 fnt\n|-singlemove|p1b: Santa Claws|Glaive Rush|[silent]\n|faint|p2b: Smog\n|\n|-weather|RainDance|[upkeep]\n|-heal|p1b: Santa Claws|80\/100|[from] item: Leftovers\n|upkeep\n|\n|t:|1730600480\n|switch|p2b: Go then Go|Gholdengo, L50|100\/100\n|turn|2\n|\n|t:|1730600487\n|switch|p1a: Optimus Prime|Archaludon, L50, M|100\/100\n|move|p2a: Critter|Sunny Day|p2a: Critter\n|-weather|SunnyDay\n|move|p1b: Santa Claws|Ice Shard|p2a: Critter\n|-supereffective|p2a: Critter\n|-damage|p2a: Critter|57\/100\n|move|p2b: Go then Go|Shadow Ball|p1a: Optimus Prime\n|-damage|p1a: Optimus Prime|74\/100\n|-ability|p1a: Optimus Prime|Stamina|boost\n|-boost|p1a: Optimus Prime|def|1\n|\n|-weather|SunnyDay|[upkeep]\n|-heal|p1b: Santa Claws|86\/100|[from] item: Leftovers\n|upkeep\n|turn|3\n|\n|t:|1730600504\n|move|p2a: Critter|Encore|p1b: Santa Claws\n|-start|p1b: Santa Claws|Encore\n|move|p1b: Santa Claws|Ice Shard|p2a: Critter\n|-supereffective|p2a: Critter\n|-damage|p2a: Critter|11\/100\n|move|p2b: Go then Go|Make It Rain|p1b: Santa Claws|[spread] p1a,p1b\n|-resisted|p1a: Optimus Prime\n|-resisted|p1b: Santa Claws\n|-damage|p1a: Optimus Prime|56\/100\n|-damage|p1b: Santa Claws|59\/100\n|-unboost|p2b: Go then Go|spa|1\n|-ability|p1a: Optimus Prime|Stamina|boost\n|-boost|p1a: Optimus Prime|def|1\n|move|p1a: Optimus Prime|Snarl|p2a: Critter|[spread] p2a,p2b\n|-resisted|p2a: Critter\n|-supereffective|p2b: Go then Go\n|-damage|p2a: Critter|3\/100\n|-damage|p2b: Go then Go|79\/100\n|-unboost|p2a: Critter|spa|1\n|-unboost|p2b: Go then Go|spa|1\n|\n|-weather|SunnyDay|[upkeep]\n|-heal|p1b: Santa Claws|64\/100|[from] item: Leftovers\n|upkeep\n|turn|4\n|\n|t:|1730600526\n|move|p2a: Critter|Encore|p1a: Optimus Prime\n|-start|p1a: Optimus Prime|Encore\n|move|p1b: Santa Claws|Ice Shard|p2a: Critter\n|-supereffective|p2a: Critter\n|-damage|p2a: Critter|0 fnt\n|faint|p2a: Critter\n|move|p2b: Go then Go|Nasty Plot|p2b: Go then Go\n|-boost|p2b: Go then Go|spa|2\n|move|p1a: Optimus Prime|Snarl|p2b: Go then Go\n|-supereffective|p2b: Go then Go\n|-damage|p2b: Go then Go|49\/100\n|-unboost|p2b: Go then Go|spa|1\n|\n|-weather|SunnyDay|[upkeep]\n|-heal|p1b: Santa Claws|70\/100|[from] item: Leftovers\n|-sideend|p2: ferndere|move: Tailwind\n|upkeep\n|\n|t:|1730600540\n|switch|p2a: Monki|Annihilape, L50, M|100\/100\n|turn|5\n|\n|t:|1730600548\n|switch|p1b: Jumpa|Greninja, L50, M, shiny|100\/100\n|switch|p1a: Butter|Pelipper, L50, M|45\/100\n|-weather|RainDance|[from] ability: Drizzle|[of] p1a: Butter\n|move|p2a: Monki|Rage Fist|p1b: Jumpa\n|-resisted|p1b: Jumpa\n|-damage|p1b: Jumpa|81\/100\n|move|p2b: Go then Go|Make It Rain|p1b: Jumpa|[spread] p1a,p1b\n|-resisted|p1a: Butter\n|-resisted|p1b: Jumpa\n|-damage|p1a: Butter|6\/100\n|-damage|p1b: Jumpa|49\/100\n|-unboost|p2b: Go then Go|spa|1\n|\n|-weather|RainDance|[upkeep]\n|upkeep\n|turn|6\n|\n|t:|1730600571\n|move|p2a: Monki|Protect|p2a: Monki\n|-singleturn|p2a: Monki|Protect\n|move|p1b: Jumpa|Water Shuriken|p2a: Monki\n|-start|p1b: Jumpa|typechange|Water|[from] ability: Protean\n|-activate|p2a: Monki|move: Protect\n|move|p1a: Butter|Hurricane|p2a: Monki\n|-activate|p2a: Monki|move: Protect\n|move|p2b: Go then Go|Make It Rain|p1a: Butter|[spread] p1a,p1b\n|-resisted|p1a: Butter\n|-resisted|p1b: Jumpa\n|-damage|p1a: Butter|0 fnt\n|-damage|p1b: Jumpa|25\/100\n|-unboost|p2b: Go then Go|spa|1\n|faint|p1a: Butter\n|\n|-weather|RainDance|[upkeep]\n|upkeep\n|\n|t:|1730600576\n|switch|p1a: Optimus Prime|Archaludon, L50, M|56\/100\n|turn|7\n|\n|t:|1730600599\n|move|p1b: Jumpa|Water Shuriken|p1a: Optimus Prime\n|-resisted|p1a: Optimus Prime\n|-damage|p1a: Optimus Prime|53\/100\n|-ability|p1a: Optimus Prime|Stamina|boost\n|-boost|p1a: Optimus Prime|def|1\n|-resisted|p1a: Optimus Prime\n|-crit|p1a: Optimus Prime\n|-damage|p1a: Optimus Prime|49\/100\n|-ability|p1a: Optimus Prime|Stamina|boost\n|-boost|p1a: Optimus Prime|def|1\n|-resisted|p1a: Optimus Prime\n|-damage|p1a: Optimus Prime|46\/100\n|-ability|p1a: Optimus Prime|Stamina|boost\n|-boost|p1a: Optimus Prime|def|1\n|-resisted|p1a: Optimus Prime\n|-damage|p1a: Optimus Prime|43\/100\n|-ability|p1a: Optimus Prime|Stamina|boost\n|-boost|p1a: Optimus Prime|def|1\n|-resisted|p1a: Optimus Prime\n|-damage|p1a: Optimus Prime|40\/100\n|-ability|p1a: Optimus Prime|Stamina|boost\n|-boost|p1a: Optimus Prime|def|1\n|-hitcount|p1a: Optimus Prime|5\n|move|p2a: Monki|Rage Fist|p1a: Optimus Prime\n|-damage|p1a: Optimus Prime|35\/100\n|-ability|p1a: Optimus Prime|Stamina|boost\n|-boost|p1a: Optimus Prime|def|1\n|move|p1a: Optimus Prime|Electro Shot||[still]\n|-prepare|p1a: Optimus Prime|Electro Shot\n|-boost|p1a: Optimus Prime|spa|1\n|-anim|p1a: Optimus Prime|Electro Shot|p2b: Go then Go\n|-damage|p2b: Go then Go|0 fnt\n|faint|p2b: Go then Go\n|\n|-weather|RainDance|[upkeep]\n|upkeep\n|turn|8\n|\n|t:|1730600625\n|move|p2a: Monki|Protect|p2a: Monki\n|-singleturn|p2a: Monki|Protect\n|move|p1b: Jumpa|Taunt|p2a: Monki\n|-activate|p2a: Monki|move: Protect\n|move|p1a: Optimus Prime|Electro Shot||[still]\n|-prepare|p1a: Optimus Prime|Electro Shot\n|-boost|p1a: Optimus Prime|spa|1\n|-anim|p1a: Optimus Prime|Electro Shot|p2a: Monki\n|-activate|p2a: Monki|move: Protect\n|\n|-weather|RainDance|[upkeep]\n|upkeep\n|turn|9\n|\n|t:|1730600643\n|move|p2a: Monki|Protect|p2a: Monki\n|-singleturn|p2a: Monki|Protect\n|move|p1b: Jumpa|Taunt|p2a: Monki\n|-activate|p2a: Monki|move: Protect\n|move|p1a: Optimus Prime|Electro Shot||[still]\n|-prepare|p1a: Optimus Prime|Electro Shot\n|-boost|p1a: Optimus Prime|spa|1\n|-anim|p1a: Optimus Prime|Electro Shot|p2a: Monki\n|-activate|p2a: Monki|move: Protect\n|\n|-weather|none\n|upkeep\n|turn|10\n|\n|t:|1730600659\n|move|p1b: Jumpa|Taunt|p2a: Monki\n|-start|p2a: Monki|move: Taunt\n|move|p2a: Monki|Rage Fist|p1b: Jumpa\n|-damage|p1b: Jumpa|0 fnt\n|faint|p1b: Jumpa\n|move|p1a: Optimus Prime|Electro Shot||[still]\n|-prepare|p1a: Optimus Prime|Electro Shot\n|-boost|p1a: Optimus Prime|spa|1\n|\n|upkeep\n|\n|t:|1730600665\n|switch|p1b: Santa Claws|Baxcalibur, L50, M, shiny, tera:Fire|70\/100\n|turn|11\n|\n|t:|1730600675\n|move|p1b: Santa Claws|Protect|p1b: Santa Claws\n|-singleturn|p1b: Santa Claws|Protect\n|move|p2a: Monki|Rage Fist|p1b: Santa Claws\n|-activate|p1b: Santa Claws|move: Protect\n|move|p1a: Optimus Prime|Electro Shot|p2a: Monki|[from]lockedmove\n|-damage|p2a: Monki|0 fnt\n|faint|p2a: Monki\n|\n|win|HelgitheLean\n|raw|HelgitheLean's rating: 1648 &rarr; <strong>1672<\/strong><br \/>(+24 for winning)\n|raw|ferndere's rating: 1725 &rarr; <strong>1701<\/strong><br \/>(-24 for losing)\n","uploadtime":1730600804,"views":27,"formatid":"gen9vgc2024regh","rating":1672,"private":0,"password":null}