{"id":"gen9vgc2024regh-2236154621","format":"[Gen 9] VGC 2024 Reg H","players":["Kumuk","Lil Tic"],"log":"|j|\u2606Kumuk\n|j|\u2606Lil Tic\n|t:|1730578671\n|gametype|doubles\n|player|p1|Kumuk|2|1698\n|player|p2|Lil Tic|ninjaboy|1705\n|teamsize|p1|6\n|teamsize|p2|6\n|gen|9\n|tier|[Gen 9] VGC 2024 Reg H\n|rated|\n|rule|Species Clause: Limit one of each Pok\u00e9mon\n|rule|Item Clause: Limit 1 of each item\n|clearpoke\n|poke|p1|Incineroar, L50, M|\n|poke|p1|Palafin, L50, M|\n|poke|p1|Rillaboom, L50, F|\n|poke|p1|Gholdengo, L50|\n|poke|p1|Hydreigon, L50, M|\n|poke|p1|Amoonguss, L50, M|\n|poke|p2|Indeedee, L50, M|\n|poke|p2|Sneasler, L50, F|\n|poke|p2|Excadrill, L50, F|\n|poke|p2|Magmar, L50, F|\n|poke|p2|Corviknight, L50, F|\n|poke|p2|Tyranitar, L50, F|\n|teampreview|4\n|inactive|Battle timer is ON: inactive players will automatically lose when time's up. (requested by Kumuk)\nKumuk rejected open team sheets.\n|\n|t:|1730578720\n|start\n|switch|p1a: Gholdengo|Gholdengo, L50|100\/100\n|switch|p1b: Rillaboom|Rillaboom, L50, F|100\/100\n|switch|p2a: Magmar|Magmar, L50, F|100\/100\n|switch|p2b: Sneasler|Sneasler, L50, F|100\/100\n|-fieldstart|move: Grassy Terrain|[from] ability: Grassy Surge|[of] p1b: Rillaboom\n|turn|1\n|\n|t:|1730578735\n|move|p2b: Sneasler|Fake Out|p1b: Rillaboom\n|-damage|p1b: Rillaboom|86\/100\n|cant|p1b: Rillaboom|flinch\n|move|p1a: Gholdengo|Nasty Plot|p1a: Gholdengo\n|-boost|p1a: Gholdengo|spa|2\n|move|p2a: Magmar|Heat Wave|p1b: Rillaboom|[spread] p1a,p1b\n|-supereffective|p1a: Gholdengo\n|-supereffective|p1b: Rillaboom\n|-damage|p1a: Gholdengo|44\/100\n|-damage|p1b: Rillaboom|55\/100\n|\n|-heal|p1a: Gholdengo|50\/100|[from] Grassy Terrain\n|-heal|p1b: Rillaboom|60\/100|[from] Grassy Terrain\n|upkeep\n|turn|2\n|\n|t:|1730578748\n|switch|p1b: Incineroar|Incineroar, L50, M|100\/100\n|-ability|p1b: Incineroar|Intimidate|boost\n|-unboost|p2a: Magmar|atk|1\n|-unboost|p2b: Sneasler|atk|1\n|-enditem|p2b: Sneasler|White Herb\n|-clearnegativeboost|p2b: Sneasler|[silent]\n|move|p1a: Gholdengo|Protect|p1a: Gholdengo\n|-singleturn|p1a: Gholdengo|Protect\n|move|p2b: Sneasler|Close Combat|p1b: Incineroar\n|-supereffective|p1b: Incineroar\n|-damage|p1b: Incineroar|0 fnt\n|-unboost|p2b: Sneasler|def|1\n|-unboost|p2b: Sneasler|spd|1\n|faint|p1b: Incineroar\n|move|p2a: Magmar|Heat Wave|p1a: Gholdengo\n|-activate|p1a: Gholdengo|move: Protect\n|\n|-heal|p1a: Gholdengo|56\/100|[from] Grassy Terrain\n|upkeep\n|\n|t:|1730578770\n|switch|p1b: Rillaboom|Rillaboom, L50, F|60\/100\n|turn|3\n|inactive|Lil Tic has 30 seconds left.\n|inactive|Lil Tic has 20 seconds left.\n|\n|t:|1730578810\n|move|p1b: Rillaboom|Fake Out|p2b: Sneasler\n|-damage|p2b: Sneasler|68\/100\n|cant|p2b: Sneasler|flinch\n|move|p1a: Gholdengo|Shadow Ball|p2a: Magmar\n|-damage|p2a: Magmar|34\/100\n|-unboost|p2a: Magmar|spd|1\n|move|p2a: Magmar|Heat Wave|p1b: Rillaboom|[spread] p1a,p1b\n|-supereffective|p1a: Gholdengo\n|-supereffective|p1b: Rillaboom\n|-damage|p1a: Gholdengo|0 fnt\n|-damage|p1b: Rillaboom|30\/100\n|faint|p1a: Gholdengo\n|\n|-heal|p2b: Sneasler|74\/100|[from] Grassy Terrain\n|-heal|p2a: Magmar|39\/100|[from] Grassy Terrain\n|-heal|p1b: Rillaboom|36\/100|[from] Grassy Terrain\n|upkeep\n|\n|t:|1730578822\n|switch|p1a: Hydreigon|Hydreigon, L50, M|100\/100\n|turn|4\n|inactive|Kumuk has 30 seconds left.\n|\n|t:|1730578853\n|move|p1a: Hydreigon|Protect|p1a: Hydreigon\n|-singleturn|p1a: Hydreigon|Protect\n|move|p1b: Rillaboom|Grassy Glide|p2b: Sneasler\n|-resisted|p2b: Sneasler\n|-damage|p2b: Sneasler|34\/100\n|move|p2b: Sneasler|Dire Claw|p1b: Rillaboom\n|-supereffective|p1b: Rillaboom\n|-damage|p1b: Rillaboom|0 fnt\n|faint|p1b: Rillaboom\n|move|p2a: Magmar|Heat Wave|p1a: Hydreigon\n|-activate|p1a: Hydreigon|move: Protect\n|\n|-heal|p2b: Sneasler|40\/100|[from] Grassy Terrain\n|-heal|p2a: Magmar|45\/100|[from] Grassy Terrain\n|upkeep\n|turn|5\n|inactive|Lil Tic has 30 seconds left.\n|inactive|Lil Tic has 20 seconds left.\n|\n|t:|1730578891\n|-terastallize|p1a: Hydreigon|Fire\n|move|p2b: Sneasler|Dire Claw|p1a: Hydreigon\n|-damage|p1a: Hydreigon|55\/100\n|-status|p1a: Hydreigon|psn\n|move|p1a: Hydreigon|Heat Wave|p2a: Magmar|[spread] p2a\n|-miss|p1a: Hydreigon|p2b: Sneasler\n|-resisted|p2a: Magmar\n|-damage|p2a: Magmar|21\/100\n|move|p2a: Magmar|Heat Wave|p1a: Hydreigon\n|-resisted|p1a: Hydreigon\n|-damage|p1a: Hydreigon|36\/100 psn\n|\n|-heal|p2b: Sneasler|46\/100|[from] Grassy Terrain\n|-heal|p2a: Magmar|27\/100|[from] Grassy Terrain\n|-damage|p1a: Hydreigon|23\/100 psn|[from] psn\n|-fieldend|move: Grassy Terrain\n|upkeep\n|turn|6\n|-message|Kumuk forfeited.\n|\n|win|Lil Tic\n|raw|Kumuk's rating: 1698 &rarr; <strong>1678<\/strong><br \/>(-20 for losing)\n|raw|Lil Tic's rating: 1705 &rarr; <strong>1725<\/strong><br \/>(+20 for winning)\n|l|\u2606Lil Tic\n|player|p2|\n|l|\u2606Kumuk\n|player|p1|\n","uploadtime":1730579064,"views":16,"formatid":"gen9vgc2024regh","rating":1678,"private":0,"password":null}