{"id":"gen9vgc2024regh-2236682502","format":"[Gen 9] VGC 2024 Reg H","players":["GBVGC X76","bwahacough"],"log":"|j|\u2606GBVGC X76\n|j|\u2606bwahacough\n|t:|1730659363\n|gametype|doubles\n|player|p1|GBVGC X76|hanbei-conquest|1798\n|player|p2|bwahacough|medium|1856\n|teamsize|p1|6\n|teamsize|p2|6\n|gen|9\n|tier|[Gen 9] VGC 2024 Reg H\n|rated|\n|rule|Species Clause: Limit one of each Pok\u00e9mon\n|rule|Item Clause: Limit 1 of each item\n|clearpoke\n|poke|p1|Smeargle, L50, F|\n|poke|p1|Farigiraf, L50, F|\n|poke|p1|Grimmsnarl, L50, M|\n|poke|p1|Torkoal, L50, F|\n|poke|p1|Ursaluna-Bloodmoon, L50, M|\n|poke|p1|Decidueye-Hisui, L50, M|\n|poke|p2|Lycanroc, L50, M|\n|poke|p2|Tyranitar, L50, F|\n|poke|p2|Indeedee-F, L50, F|\n|poke|p2|Sneasler, L50, M|\n|poke|p2|Delphox, L50, F|\n|poke|p2|Murkrow, L50, F|\n|teampreview|4\n|\n|t:|1730659396\n|start\n|switch|p1a: Grimmsnarl|Grimmsnarl, L50, M|100\/100\n|switch|p1b: Farigiraf|Farigiraf, L50, F|100\/100\n|switch|p2a: Delphox|Delphox, L50, F, shiny|100\/100\n|switch|p2b: Sneasler|Sneasler, L50, M, shiny|100\/100\n|turn|1\n|\n|t:|1730659412\n|-terastallize|p2b: Sneasler|Stellar\n|move|p1a: Grimmsnarl|Fake Out|p2a: Delphox\n|-damage|p2a: Delphox|77\/100\n|cant|p2a: Delphox|flinch\n|move|p2b: Sneasler|Throat Chop|p1b: Farigiraf\n|-supereffective|p1b: Farigiraf\n|-damage|p1b: Farigiraf|38\/100\n|-start|p1b: Farigiraf|Throat Chop|[silent]\n|move|p1b: Farigiraf|Trick Room|p1b: Farigiraf\n|-fieldstart|move: Trick Room|[of] p1b: Farigiraf\n|\n|upkeep\n|turn|2\n|\n|t:|1730659435\n|move|p2b: Sneasler|Protect|p2b: Sneasler\n|-singleturn|p2b: Sneasler|Protect\n|move|p1b: Farigiraf|Twin Beam|p2b: Sneasler\n|-activate|p2b: Sneasler|move: Protect\n|move|p1a: Grimmsnarl|Spirit Break|p2a: Delphox\n|-resisted|p2a: Delphox\n|-damage|p2a: Delphox|47\/100\n|-unboost|p2a: Delphox|spa|1\n|move|p2a: Delphox|Dazzling Gleam|p1b: Farigiraf|[spread] p1a,p1b\n|-supereffective|p1a: Grimmsnarl\n|-damage|p1a: Grimmsnarl|55\/100\n|-damage|p1b: Farigiraf|23\/100\n|\n|-end|p1b: Farigiraf|Throat Chop|[silent]\n|upkeep\n|turn|3\n|\n|t:|1730659449\n|switch|p2b: Tyranitar|Tyranitar, L50, F|100\/100\n|-weather|Sandstorm|[from] ability: Sand Stream|[of] p2b: Tyranitar\n|move|p1a: Grimmsnarl|Spirit Break|p2a: Delphox\n|-resisted|p2a: Delphox\n|-damage|p2a: Delphox|15\/100\n|-unboost|p2a: Delphox|spa|1\n|move|p1b: Farigiraf|Twin Beam|p2b: Tyranitar\n|-immune|p2b: Tyranitar\n|move|p2a: Delphox|Dazzling Gleam|p1a: Grimmsnarl|[spread] p1a,p1b\n|-supereffective|p1a: Grimmsnarl\n|-damage|p1a: Grimmsnarl|22\/100\n|-damage|p1b: Farigiraf|11\/100\n|\n|-weather|Sandstorm|[upkeep]\n|-damage|p1a: Grimmsnarl|16\/100|[from] Sandstorm\n|-damage|p1b: Farigiraf|5\/100|[from] Sandstorm\n|-damage|p2a: Delphox|9\/100|[from] Sandstorm\n|upkeep\n|turn|4\n|\n|t:|1730659465\n|switch|p1b: Ursaluna|Ursaluna-Bloodmoon, L50, M|100\/100\n|switch|p2a: Indeedee|Indeedee-F, L50, F, shiny|100\/100\n|-fieldstart|move: Psychic Terrain|[from] ability: Psychic Surge|[of] p2a: Indeedee\n|move|p1a: Grimmsnarl|Spirit Break|p2b: Tyranitar\n|-supereffective|p2b: Tyranitar\n|-damage|p2b: Tyranitar|39\/100\n|move|p2b: Tyranitar|Rock Slide|p1a: Grimmsnarl|[spread] p1b\n|-miss|p2b: Tyranitar|p1a: Grimmsnarl\n|-resisted|p1b: Ursaluna\n|-damage|p1b: Ursaluna|89\/100\n|\n|-weather|Sandstorm|[upkeep]\n|-damage|p1a: Grimmsnarl|10\/100|[from] Sandstorm\n|-damage|p2a: Indeedee|94\/100|[from] Sandstorm\n|upkeep\n|turn|5\n|\n|t:|1730659503\n|-terastallize|p1b: Ursaluna|Normal\n|move|p2b: Tyranitar|Protect|p2b: Tyranitar\n|-singleturn|p2b: Tyranitar|Protect\n|move|p2a: Indeedee|Protect|p2a: Indeedee\n|-singleturn|p2a: Indeedee|Protect\n|move|p1a: Grimmsnarl|Spirit Break|p2a: Indeedee\n|-activate|p2a: Indeedee|move: Protect\n|move|p1b: Ursaluna|Hyper Voice|p2a: Indeedee|[spread] \n|-activate|p2a: Indeedee|move: Protect\n|-activate|p2b: Tyranitar|move: Protect\n|\n|-weather|Sandstorm|[upkeep]\n|-damage|p1a: Grimmsnarl|4\/100|[from] Sandstorm\n|-damage|p1b: Ursaluna|83\/100|[from] Sandstorm\n|-damage|p2a: Indeedee|88\/100|[from] Sandstorm\n|-fieldend|move: Trick Room\n|upkeep\n|turn|6\n|\n|t:|1730659520\n|switch|p1a: Torkoal|Torkoal, L50, F|100\/100\n|-weather|SunnyDay|[from] ability: Drought|[of] p1a: Torkoal\n|move|p2a: Indeedee|Psychic|p1b: Ursaluna\n|-damage|p1b: Ursaluna|42\/100\n|move|p2b: Tyranitar|Knock Off|p1b: Ursaluna\n|-damage|p1b: Ursaluna|0 fnt\n|-enditem|p1b: Ursaluna|Life Orb|[from] move: Knock Off|[of] p2b: Tyranitar\n|faint|p1b: Ursaluna\n|\n|-weather|SunnyDay|[upkeep]\n|upkeep\n|\n|t:|1730659537\n|switch|p1b: Farigiraf|Farigiraf, L50, F|5\/100\n|turn|7\n|\n|t:|1730659546\n|switch|p1b: Grimmsnarl|Grimmsnarl, L50, M|4\/100\n|move|p2a: Indeedee|Psychic|p1b: Grimmsnarl\n|-immune|p1b: Grimmsnarl\n|move|p2b: Tyranitar|Rock Slide|p1a: Torkoal|[spread] p1a,p1b\n|-supereffective|p1a: Torkoal\n|-damage|p1a: Torkoal|55\/100\n|-damage|p1b: Grimmsnarl|0 fnt\n|faint|p1b: Grimmsnarl\n|move|p1a: Torkoal|Solar Beam||[still]\n|-prepare|p1a: Torkoal|Solar Beam\n|-anim|p1a: Torkoal|Solar Beam|p2b: Tyranitar\n|-supereffective|p2b: Tyranitar\n|-damage|p2b: Tyranitar|0 fnt\n|faint|p2b: Tyranitar\n|\n|-weather|SunnyDay|[upkeep]\n|upkeep\n|\n|t:|1730659552\n|switch|p2b: Delphox|Delphox, L50, F, shiny|9\/100\n|switch|p1b: Farigiraf|Farigiraf, L50, F|5\/100\n|turn|8\n|\n|t:|1730659556\n|switch|p2a: Sneasler|Sneasler, L50, M, shiny, tera:Stellar|100\/100\n|-enditem|p2a: Sneasler|Psychic Seed\n|-boost|p2a: Sneasler|spd|1|[from] item: Psychic Seed\n|move|p2b: Delphox|Expanding Force|p1a: Torkoal|[spread] p1a,p1b\n|-resisted|p1b: Farigiraf\n|-damage|p1a: Torkoal|0 fnt\n|-damage|p1b: Farigiraf|0 fnt\n|faint|p1a: Torkoal\n|faint|p1b: Farigiraf\n|\n|win|bwahacough\n|raw|GBVGC X76's rating: 1798 &rarr; <strong>1781<\/strong><br \/>(-17 for losing)\n|raw|bwahacough's rating: 1856 &rarr; <strong>1873<\/strong><br \/>(+17 for winning)\n|l|\u2606bwahacough\n|player|p2|\n","uploadtime":1730659778,"views":67,"formatid":"gen9vgc2024regh","rating":1781,"private":0,"password":null}