{"id":"gen9vgc2024regh-2236938387","format":"[Gen 9] VGC 2024 Reg H","players":["rainha789","Roman25"],"log":"|j|\u2606rainha789\n|j|\u2606Roman25\n|t:|1730690092\n|gametype|doubles\n|player|p1|rainha789|169|1707\n|player|p2|Roman25|170|1706\n|teamsize|p1|6\n|teamsize|p2|6\n|gen|9\n|tier|[Gen 9] VGC 2024 Reg H\n|rated|\n|rule|Species Clause: Limit one of each Pok\u00e9mon\n|rule|Item Clause: Limit 1 of each item\n|clearpoke\n|poke|p1|Armarouge, L50, F|\n|poke|p1|Indeedee-F, L50, F|\n|poke|p1|Whimsicott, L50, F|\n|poke|p1|Annihilape, L50, F|\n|poke|p1|Dragonite, L50, F|\n|poke|p1|Muk-Alola, L50, M|\n|poke|p2|Baxcalibur, L50, F|\n|poke|p2|Sneasler, L50, M|\n|poke|p2|Kingambit, L50, F|\n|poke|p2|Gastrodon, L50, F|\n|poke|p2|Volcarona, L50, M|\n|poke|p2|Rillaboom, L50, F|\n|teampreview|4\n|inactive|Battle timer is ON: inactive players will automatically lose when time's up. (requested by Roman25)\n|inactive|Roman25 has 60 seconds left.\n|\n|t:|1730690140\n|start\n|switch|p1a: Indeedee|Indeedee-F, L50, F, shiny|100\/100\n|switch|p1b: Muk|Muk-Alola, L50, M|100\/100\n|switch|p2a: Sneasler|Sneasler, L50, M|100\/100\n|switch|p2b: Kingambit|Kingambit, L50, F|100\/100\n|-fieldstart|move: Psychic Terrain|[from] ability: Psychic Surge|[of] p1a: Indeedee\n|turn|1\n|inactive|rainha789 has 30 seconds left.\n|inactive|rainha789 has 20 seconds left.\n|inactive|rainha789 has 15 seconds left.\n|inactive|rainha789 has 10 seconds left.\n|\n|t:|1730690186\n|switch|p1a: Dragonite|Dragonite, L50, F|100\/100\n|move|p2a: Sneasler|Coaching|p2b: Kingambit\n|-boost|p2b: Kingambit|atk|1\n|-boost|p2b: Kingambit|def|1\n|move|p1b: Muk|Drain Punch|p2b: Kingambit\n|-supereffective|p2b: Kingambit\n|-damage|p2b: Kingambit|58\/100\n|move|p2b: Kingambit|Iron Head|p1a: Dragonite\n|-damage|p1a: Dragonite|61\/100\n|\n|upkeep\n|turn|2\n|\n|t:|1730690211\n|-terastallize|p2b: Kingambit|Flying\n|move|p2a: Sneasler|Coaching|p2b: Kingambit\n|-boost|p2b: Kingambit|atk|1\n|-boost|p2b: Kingambit|def|1\n|move|p1a: Dragonite|Haze|p1a: Dragonite\n|-clearallboost\n|move|p1b: Muk|Drain Punch|p2b: Kingambit\n|-resisted|p2b: Kingambit\n|-damage|p2b: Kingambit|49\/100\n|move|p2b: Kingambit|Tera Blast|p1a: Dragonite|[anim] Tera Blast Flying\n|-damage|p1a: Dragonite|5\/100\n|\n|upkeep\n|turn|3\n|inactive|rainha789 has 30 seconds left.\n|inactive|rainha789 has 20 seconds left.\n|inactive|rainha789 has 15 seconds left.\n|\n|t:|1730690254\n|switch|p1a: Indeedee|Indeedee-F, L50, F, shiny|100\/100\n|move|p2a: Sneasler|Dire Claw|p1a: Indeedee\n|-damage|p1a: Indeedee|57\/100\n|-damage|p2a: Sneasler|84\/100|[from] item: Rocky Helmet|[of] p1a: Indeedee\n|move|p1b: Muk|Gunk Shot|p2b: Kingambit\n|-damage|p2b: Kingambit|9\/100\n|move|p2b: Kingambit|Tera Blast|p1b: Muk|[anim] Tera Blast Flying\n|-damage|p1b: Muk|55\/100\n|\n|upkeep\n|turn|4\n|\n|t:|1730690275\n|switch|p2a: Rillaboom|Rillaboom, L50, F|100\/100\n|-fieldstart|move: Grassy Terrain|[from] ability: Grassy Surge|[of] p2a: Rillaboom\n|move|p2b: Kingambit|Sucker Punch|p1a: Indeedee\n|-supereffective|p1a: Indeedee\n|-damage|p1a: Indeedee|0 fnt\n|-damage|p2b: Kingambit|0 fnt|[from] item: Rocky Helmet|[of] p1a: Indeedee\n|faint|p1a: Indeedee\n|-fieldstart|move: Psychic Terrain|[from] ability: Psychic Surge|[of] p1b: Muk\n|-ability|p1b: Muk|Psychic Surge|[from] ability: Power of Alchemy|[of] p1a: Indeedee\n|faint|p2b: Kingambit\n|move|p1b: Muk|Knock Off|p2a: Rillaboom\n|-damage|p2a: Rillaboom|58\/100\n|-enditem|p2a: Rillaboom|Miracle Seed|[from] move: Knock Off|[of] p1b: Muk\n|\n|upkeep\n|\n|t:|1730690295\n|switch|p1a: Armarouge|Armarouge, L50, F|100\/100\n|switch|p2b: Sneasler|Sneasler, L50, M|84\/100\n|turn|5\n|\n|t:|1730690308\n|switch|p2a: Baxcalibur|Baxcalibur, L50, F|100\/100\n|-terastallize|p1a: Armarouge|Stellar\n|move|p1b: Muk|Shadow Sneak|p1a: Armarouge\n|-supereffective|p1a: Armarouge\n|-damage|p1a: Armarouge|76\/100\n|-ability|p1a: Armarouge|Weak Armor|boost\n|-unboost|p1a: Armarouge|def|1\n|-boost|p1a: Armarouge|spe|2\n|-enditem|p1a: Armarouge|Weakness Policy\n|-boost|p1a: Armarouge|atk|2|[from] item: Weakness Policy\n|-boost|p1a: Armarouge|spa|2|[from] item: Weakness Policy\n|move|p1a: Armarouge|Expanding Force|p2b: Sneasler|[spread] p2a,p2b\n|-supereffective|p2b: Sneasler\n|-damage|p2a: Baxcalibur|0 fnt\n|-damage|p2b: Sneasler|0 fnt\n|faint|p2a: Baxcalibur\n|faint|p2b: Sneasler\n|\n|upkeep\n|\n|t:|1730690316\n|switch|p2b: Rillaboom|Rillaboom, L50, F|58\/100\n|-fieldstart|move: Grassy Terrain|[from] ability: Grassy Surge|[of] p2b: Rillaboom\n|turn|6\n|-message|Roman25 forfeited.\n|\n|win|rainha789\n|raw|rainha789's rating: 1707 &rarr; <strong>1727<\/strong><br \/>(+20 for winning)\n|raw|Roman25's rating: 1706 &rarr; <strong>1686<\/strong><br \/>(-20 for losing)\n|l|\u2606rainha789\n|player|p1|\n|l|\u2606Roman25\n|player|p2|\n","uploadtime":1730690572,"views":20,"formatid":"gen9vgc2024regh","rating":1686,"private":0,"password":null}