{"id":"gen9vgc2024regh-2236901362","format":"[Gen 9] VGC 2024 Reg H","players":["zimuxiao","647w"],"log":"|j|\u2606zimuxiao\n|j|\u2606647w\n|t:|1730685284\n|gametype|doubles\n|player|p1|zimuxiao|pokemonbreederf-gen4|1689\n|player|p2|647w|lucas-gen4pt|1788\n|teamsize|p1|6\n|teamsize|p2|6\n|gen|9\n|tier|[Gen 9] VGC 2024 Reg H\n|rated|\n|rule|Species Clause: Limit one of each Pok\u00e9mon\n|rule|Item Clause: Limit 1 of each item\n|clearpoke\n|poke|p1|Armarouge, L50, F|\n|poke|p1|Indeedee-F, L50, F|\n|poke|p1|Dragonite, L50, F|\n|poke|p1|Ursaluna-Bloodmoon, L50, M|\n|poke|p1|Torkoal, L50, F|\n|poke|p1|Lilligant-Hisui, L50, F|\n|poke|p2|Kilowattrel, L50, F|\n|poke|p2|Garchomp, L50, F|\n|poke|p2|Archaludon, L50, M|\n|poke|p2|Incineroar, L50, M|\n|poke|p2|Rillaboom, L50, F|\n|poke|p2|Dondozo, L50, F|\n|teampreview|4\n|inactive|Battle timer is ON: inactive players will automatically lose when time's up. (requested by zimuxiao)\n647w has agreed to open team sheets.\n|\n|t:|1730685298\n|start\n|switch|p1a: Indeedee|Indeedee-F, L50, F|100\/100\n|switch|p1b: Armarouge|Armarouge, L50, F|100\/100\n|switch|p2a: Incineroar|Incineroar, L50, M|100\/100\n|switch|p2b: Dondozo|Dondozo, L50, F|100\/100\n|-fieldstart|move: Psychic Terrain|[from] ability: Psychic Surge|[of] p1a: Indeedee\n|-enditem|p1a: Indeedee|Psychic Seed\n|-boost|p1a: Indeedee|spd|1|[from] item: Psychic Seed\n|-ability|p2a: Incineroar|Intimidate|boost\n|-unboost|p1a: Indeedee|atk|1\n|-unboost|p1b: Armarouge|atk|1\n|turn|1\n|\n|t:|1730685308\n|move|p1a: Indeedee|Helping Hand|p1b: Armarouge\n|-singleturn|p1b: Armarouge|Helping Hand|[of] p1a: Indeedee\n|move|p1b: Armarouge|Meteor Beam||[still]\n|-prepare|p1b: Armarouge|Meteor Beam\n|-boost|p1b: Armarouge|spa|1\n|-enditem|p1b: Armarouge|Power Herb\n|-anim|p1b: Armarouge|Meteor Beam|p2a: Incineroar\n|-supereffective|p2a: Incineroar\n|-damage|p2a: Incineroar|0 fnt\n|faint|p2a: Incineroar\n|move|p2b: Dondozo|Yawn|p1a: Indeedee\n|-start|p1a: Indeedee|move: Yawn|[of] p2b: Dondozo\n|\n|upkeep\n|\n|t:|1730685324\n|switch|p2a: Archaludon|Archaludon, L50, M|100\/100\n|turn|2\n|\n|t:|1730685331\n|move|p1a: Indeedee|Helping Hand|p1b: Armarouge\n|-singleturn|p1b: Armarouge|Helping Hand|[of] p1a: Indeedee\n|move|p2a: Archaludon|Protect|p2a: Archaludon\n|-singleturn|p2a: Archaludon|Protect\n|move|p1b: Armarouge|Armor Cannon|p2a: Archaludon\n|-activate|p2a: Archaludon|move: Protect\n|move|p2b: Dondozo|Yawn|p1b: Armarouge\n|-start|p1b: Armarouge|move: Yawn|[of] p2b: Dondozo\n|\n|-end|p1a: Indeedee|move: Yawn|[silent]\n|-status|p1a: Indeedee|slp\n|upkeep\n|turn|3\n|\n|t:|1730685346\n|cant|p1a: Indeedee|slp\n|move|p2a: Archaludon|Electro Shot||[still]\n|-prepare|p2a: Archaludon|Electro Shot\n|-boost|p2a: Archaludon|spa|1\n|-enditem|p2a: Archaludon|Power Herb\n|-anim|p2a: Archaludon|Electro Shot|p1b: Armarouge\n|-damage|p1b: Armarouge|20\/100\n|move|p1b: Armarouge|Expanding Force|p2a: Archaludon|[spread] p2a,p2b\n|-resisted|p2a: Archaludon\n|-damage|p2a: Archaludon|30\/100\n|-damage|p2b: Dondozo|58\/100\n|move|p2b: Dondozo|Wave Crash|p1b: Armarouge\n|-supereffective|p1b: Armarouge\n|-damage|p1b: Armarouge|0 fnt\n|faint|p1b: Armarouge\n|-damage|p2b: Dondozo|55\/100|[from] Recoil\n|\n|-heal|p2b: Dondozo|61\/100|[from] item: Leftovers\n|upkeep\n|\n|t:|1730685361\n|switch|p1b: Ursaluna|Ursaluna-Bloodmoon, L50, M|100\/100\n|turn|4\n|\n|t:|1730685369\n|-terastallize|p1b: Ursaluna|Normal\n|cant|p1a: Indeedee|slp\n|move|p2a: Archaludon|Aura Sphere|p1b: Ursaluna\n|-supereffective|p1b: Ursaluna\n|-damage|p1b: Ursaluna|0 fnt\n|faint|p1b: Ursaluna\n|move|p2b: Dondozo|Wave Crash|p1a: Indeedee\n|-damage|p1a: Indeedee|60\/100 slp\n|-damage|p2b: Dondozo|51\/100|[from] Recoil\n|\n|-heal|p2b: Dondozo|58\/100|[from] item: Leftovers\n|upkeep\n|\n|t:|1730685376\n|switch|p1b: Dragonite|Dragonite, L50, F|100\/100\n|turn|5\n|\n|t:|1730685385\n|cant|p1a: Indeedee|slp\n|move|p2a: Archaludon|Flash Cannon|p1b: Dragonite\n|-damage|p1b: Dragonite|67\/100\n|move|p1b: Dragonite|Scale Shot|p2a: Archaludon\n|-damage|p2a: Archaludon|19\/100\n|-damage|p2a: Archaludon|7\/100\n|-damage|p2a: Archaludon|0 fnt\n|faint|p2a: Archaludon\n|-hitcount|p2: Archaludon|3\n|-unboost|p1b: Dragonite|def|1\n|-boost|p1b: Dragonite|spe|1\n|move|p2b: Dondozo|Yawn|p1b: Dragonite\n|-start|p1b: Dragonite|move: Yawn|[of] p2b: Dondozo\n|\n|-heal|p2b: Dondozo|64\/100|[from] item: Leftovers\n|-fieldend|move: Psychic Terrain\n|upkeep\n|\n|t:|1730685391\n|switch|p2a: Garchomp|Garchomp, L50, F|100\/100\n|turn|6\n|\n|t:|1730685397\n|move|p2a: Garchomp|Protect|p2a: Garchomp\n|-singleturn|p2a: Garchomp|Protect\n|move|p2b: Dondozo|Protect|p2b: Dondozo\n|-singleturn|p2b: Dondozo|Protect\n|-curestatus|p1a: Indeedee|slp|[msg]\n|move|p1a: Indeedee|Follow Me|p1a: Indeedee\n|-singleturn|p1a: Indeedee|move: Follow Me\n|move|p1b: Dragonite|Scale Shot|p2a: Garchomp\n|-activate|p2a: Garchomp|move: Protect\n|\n|-heal|p2b: Dondozo|70\/100|[from] item: Leftovers\n|-end|p1b: Dragonite|move: Yawn|[silent]\n|-status|p1b: Dragonite|slp\n|upkeep\n|turn|7\n|\n|t:|1730685405\n|move|p1a: Indeedee|Follow Me|p1a: Indeedee\n|-singleturn|p1a: Indeedee|move: Follow Me\n|cant|p1b: Dragonite|slp\n|move|p2a: Garchomp|Dragon Claw|p1a: Indeedee\n|-damage|p1a: Indeedee|22\/100\n|move|p2b: Dondozo|Wave Crash|p1a: Indeedee\n|-damage|p1a: Indeedee|0 fnt\n|faint|p1a: Indeedee\n|-damage|p2b: Dondozo|65\/100|[from] Recoil\n|\n|-heal|p2b: Dondozo|71\/100|[from] item: Leftovers\n|upkeep\n|turn|8\n|\n|t:|1730685410\n|-terastallize|p2a: Garchomp|Fairy\n|cant|p1b: Dragonite|slp\n|move|p2a: Garchomp|Dragon Claw|p1b: Dragonite\n|-supereffective|p1b: Dragonite\n|-damage|p1b: Dragonite|0 fnt\n|faint|p1b: Dragonite\n|\n|win|647w\n|raw|zimuxiao's rating: 1689 &rarr; <strong>1675<\/strong><br \/>(-14 for losing)\n|raw|647w's rating: 1788 &rarr; <strong>1802<\/strong><br \/>(+14 for winning)\n|l|\u2606zimuxiao\n|player|p1|\n|l|\u2606647w\n|player|p2|\n","uploadtime":1730685412,"views":26,"formatid":"gen9vgc2024regh","rating":1675,"private":0,"password":null}