{"id":"gen9vgc2024regh-2236534118","format":"[Gen 9] VGC 2024 Reg H","players":["Betsie","TheOnlyFizzo"],"log":"|j|\u2606Betsie\n|j|\u2606TheOnlyFizzo\n|t:|1730640412\n|gametype|doubles\n|player|p1|Betsie|grimsley-masters|1693\n|player|p2|TheOnlyFizzo|102|1682\n|teamsize|p1|6\n|teamsize|p2|6\n|gen|9\n|tier|[Gen 9] VGC 2024 Reg H\n|rated|\n|rule|Species Clause: Limit one of each Pok\u00e9mon\n|rule|Item Clause: Limit 1 of each item\n|clearpoke\n|poke|p1|Sneasler, L50, M|\n|poke|p1|Rillaboom, L50, F|\n|poke|p1|Primarina, L50, F|\n|poke|p1|Electabuzz, L50, F|\n|poke|p1|Incineroar, L50, F|\n|poke|p1|Kingambit, L50, F|\n|poke|p2|Metagross, L50|\n|poke|p2|Farigiraf, L50, F|\n|poke|p2|Torkoal, L50, M|\n|poke|p2|Smeargle, L50, M|\n|poke|p2|Annihilape, L50, M|\n|poke|p2|Ursaluna-Bloodmoon, L50, M|\n|teampreview|4\n|inactive|Battle timer is ON: inactive players will automatically lose when time's up. (requested by Betsie)\n|inactive|Betsie has 60 seconds left.\n|inactive|TheOnlyFizzo has 60 seconds left.\n|inactive|Betsie has 30 seconds left.\n|inactive|TheOnlyFizzo has 30 seconds left.\n|inactive|Betsie has 20 seconds left.\n|\n|t:|1730640486\n|start\n|switch|p1a: Kingambit|Kingambit, L50, F|100\/100\n|switch|p1b: Electabuzz|Electabuzz, L50, F|100\/100\n|switch|p2a: Farigiraf|Farigiraf, L50, F|100\/100\n|switch|p2b: Metagross|Metagross, L50|100\/100\n|turn|1\n|inactive|TheOnlyFizzo has 30 seconds left.\n|inactive|Betsie has 30 seconds left.\n|inactive|TheOnlyFizzo has 20 seconds left.\n|inactive|Betsie has 20 seconds left.\n|inactive|TheOnlyFizzo has 15 seconds left.\n|inactive|TheOnlyFizzo has 10 seconds left.\n|\n|t:|1730640536\n|switch|p2b: Torkoal|Torkoal, L50, M|100\/100\n|-weather|SunnyDay|[from] ability: Drought|[of] p2b: Torkoal\n|-terastallize|p2a: Farigiraf|Grass\n|move|p1b: Electabuzz|Taunt|p2a: Farigiraf\n|-start|p2a: Farigiraf|move: Taunt\n|-enditem|p2a: Farigiraf|Mental Herb\n|-end|p2a: Farigiraf|move: Taunt\n|move|p1a: Kingambit|Swords Dance|p1a: Kingambit\n|-boost|p1a: Kingambit|atk|2\n|move|p2a: Farigiraf|Trick Room|p2a: Farigiraf\n|-fieldstart|move: Trick Room|[of] p2a: Farigiraf\n|\n|-weather|SunnyDay|[upkeep]\n|upkeep\n|turn|2\n|inactive|Betsie has 30 seconds left.\n|j| DolphinBird\n|inactive|Betsie has 20 seconds left.\n|inactive|Betsie has 15 seconds left.\n|\n|t:|1730640581\n|move|p2a: Farigiraf|Helping Hand|p2b: Torkoal\n|-singleturn|p2b: Torkoal|Helping Hand|[of] p2a: Farigiraf\n|move|p1b: Electabuzz|Protect|p1b: Electabuzz\n|-singleturn|p1b: Electabuzz|Protect\n|move|p2b: Torkoal|Eruption|p1a: Kingambit|[spread] p1a\n|-activate|p1b: Electabuzz|move: Protect\n|-supereffective|p1a: Kingambit\n|-damage|p1a: Kingambit|0 fnt\n|faint|p1a: Kingambit\n|\n|-weather|SunnyDay|[upkeep]\n|upkeep\n|\n|t:|1730640585\n|switch|p1a: Primarina|Primarina, L50, F|100\/100\n|turn|3\n|\n|t:|1730640603\n|move|p2a: Farigiraf|Helping Hand|p2b: Torkoal\n|-singleturn|p2b: Torkoal|Helping Hand|[of] p2a: Farigiraf\n|move|p1b: Electabuzz|Protect||[still]\n|-fail|p1b: Electabuzz\n|move|p2b: Torkoal|Eruption|p1a: Primarina|[spread] p1a,p1b\n|-resisted|p1a: Primarina\n|-damage|p1a: Primarina|50\/100\n|-damage|p1b: Electabuzz|0 fnt\n|faint|p1b: Electabuzz\n|move|p1a: Primarina|Hyper Voice|p2b: Torkoal|[spread] p2a,p2b\n|-resisted|p2a: Farigiraf\n|-supereffective|p2b: Torkoal\n|-damage|p2a: Farigiraf|93\/100\n|-damage|p2b: Torkoal|53\/100\n|-enditem|p1a: Primarina|Throat Spray\n|-boost|p1a: Primarina|spa|1|[from] item: Throat Spray\n|\n|-weather|SunnyDay|[upkeep]\n|upkeep\n|\n|t:|1730640610\n|switch|p1b: Rillaboom|Rillaboom, L50, F|100\/100\n|-fieldstart|move: Grassy Terrain|[from] ability: Grassy Surge|[of] p1b: Rillaboom\n|turn|4\n|inactive|TheOnlyFizzo has 30 seconds left.\n|inactive|TheOnlyFizzo has 20 seconds left.\n|inactive|TheOnlyFizzo has 15 seconds left.\n|\n|t:|1730640655\n|-terastallize|p1b: Rillaboom|Fire\n|move|p2a: Farigiraf|Helping Hand|p2b: Torkoal\n|-singleturn|p2b: Torkoal|Helping Hand|[of] p2a: Farigiraf\n|move|p2b: Torkoal|Eruption|p1b: Rillaboom|[spread] p1a,p1b\n|-resisted|p1a: Primarina\n|-resisted|p1b: Rillaboom\n|-damage|p1a: Primarina|20\/100\n|-damage|p1b: Rillaboom|77\/100\n|move|p1a: Primarina|Moonblast|p2a: Farigiraf\n|-damage|p2a: Farigiraf|26\/100\n|move|p1b: Rillaboom|High Horsepower|p2b: Torkoal\n|-supereffective|p2b: Torkoal\n|-damage|p2b: Torkoal|6\/100\n|\n|-weather|SunnyDay|[upkeep]\n|-heal|p2b: Torkoal|12\/100|[from] Grassy Terrain\n|-heal|p2a: Farigiraf|32\/100|[from] Grassy Terrain\n|-heal|p1a: Primarina|26\/100|[from] Grassy Terrain\n|-heal|p1b: Rillaboom|83\/100|[from] Grassy Terrain\n|upkeep\n|turn|5\n|inactive|TheOnlyFizzo has 30 seconds left.\n|\n|t:|1730640688\n|move|p2a: Farigiraf|Helping Hand|p2b: Torkoal\n|-singleturn|p2b: Torkoal|Helping Hand|[of] p2a: Farigiraf\n|move|p1a: Primarina|Protect|p1a: Primarina\n|-singleturn|p1a: Primarina|Protect\n|move|p2b: Torkoal|Weather Ball|p1b: Rillaboom\n|-resisted|p1b: Rillaboom\n|-damage|p1b: Rillaboom|44\/100\n|move|p1b: Rillaboom|Wood Hammer|p2a: Farigiraf\n|-resisted|p2a: Farigiraf\n|-damage|p2a: Farigiraf|0 fnt\n|faint|p2a: Farigiraf\n|-damage|p1b: Rillaboom|32\/100|[from] Recoil\n|\n|-weather|none\n|-heal|p2b: Torkoal|18\/100|[from] Grassy Terrain\n|-heal|p1a: Primarina|32\/100|[from] Grassy Terrain\n|-heal|p1b: Rillaboom|38\/100|[from] Grassy Terrain\n|-fieldend|move: Trick Room\n|upkeep\n|\n|t:|1730640710\n|switch|p2a: Metagross|Metagross, L50|100\/100\n|turn|6\n|\n|t:|1730640718\n|move|p2b: Torkoal|Protect|p2b: Torkoal\n|-singleturn|p2b: Torkoal|Protect\n|move|p1b: Rillaboom|High Horsepower|p2a: Metagross\n|-supereffective|p2a: Metagross\n|-damage|p2a: Metagross|46\/100\n|move|p2a: Metagross|Explosion|p1a: Primarina|[spread] p1a,p1b\n|-activate|p2b: Torkoal|move: Protect\n|-damage|p1a: Primarina|0 fnt\n|-damage|p1b: Rillaboom|0 fnt\n|faint|p2a: Metagross\n|faint|p1a: Primarina\n|faint|p1b: Rillaboom\n|\n|win|TheOnlyFizzo\n|raw|Betsie's rating: 1693 &rarr; <strong>1672<\/strong><br \/>(-21 for losing)\n|raw|TheOnlyFizzo's rating: 1682 &rarr; <strong>1703<\/strong><br \/>(+21 for winning)\n|l|\u2606TheOnlyFizzo\n|player|p2|\n|l| DolphinBird\n","uploadtime":1730640859,"views":16,"formatid":"gen9vgc2024regh","rating":1672,"private":0,"password":null}