{"id":"gen9vgc2024regh-2236259125","format":"[Gen 9] VGC 2024 Reg H","players":["chiitancrazymascot","post_testing"],"log":"|j|\u2606chiitancrazymascot\n|j|\u2606post_testing\n|t:|1730591546\n|gametype|doubles\n|player|p1|chiitancrazymascot|pokemaniac|1741\n|player|p2|post_testing|101|1675\n|teamsize|p1|6\n|teamsize|p2|6\n|gen|9\n|tier|[Gen 9] VGC 2024 Reg H\n|rated|\n|rule|Species Clause: Limit one of each Pok\u00e9mon\n|rule|Item Clause: Limit 1 of each item\n|clearpoke\n|poke|p1|Annihilape, L50, F|\n|poke|p1|Dondozo, L50, F|\n|poke|p1|Maushold-Four, L50|\n|poke|p1|Gholdengo, L50|\n|poke|p1|Whimsicott, L50, F|\n|poke|p1|Tatsugiri, L50, M|\n|poke|p2|Archaludon, L50, F|\n|poke|p2|Murkrow, L50, F|\n|poke|p2|Indeedee, L50, M|\n|poke|p2|Sneasler, L50, M|\n|poke|p2|Delphox, L50, M|\n|poke|p2|Dragapult, L50, F|\n|teampreview|4\n|inactive|Battle timer is ON: inactive players will automatically lose when time's up. (requested by chiitancrazymascot)\n|inactive|chiitancrazymascot has 60 seconds left.\n|inactive|post_testing has 60 seconds left.\n|\n|t:|1730591597\n|start\n|switch|p1a: Maushold|Maushold-Four, L50|100\/100\n|switch|p1b: Annihilape|Annihilape, L50, F, shiny|100\/100\n|switch|p2a: Delphox|Delphox, L50, M|100\/100\n|switch|p2b: Indeedee|Indeedee, L50, M|100\/100\n|-fieldstart|move: Psychic Terrain|[from] ability: Psychic Surge|[of] p2b: Indeedee\n|turn|1\n|\n|t:|1730591614\n|-terastallize|p2b: Indeedee|Psychic\n|-terastallize|p1b: Annihilape|Fire\n|move|p1a: Maushold|Beat Up|p1b: Annihilape\n|-damage|p1b: Annihilape|99\/100\n|-damage|p1b: Annihilape|96\/100\n|-damage|p1b: Annihilape|94\/100\n|-damage|p1b: Annihilape|93\/100\n|-hitcount|p1b: Annihilape|4\n|move|p2a: Delphox|Expanding Force|p1b: Annihilape|[spread] p1a,p1b\n|-damage|p1a: Maushold|5\/100\n|-damage|p1b: Annihilape|52\/100\n|-damage|p2a: Delphox|90\/100|[from] item: Life Orb\n|move|p2b: Indeedee|Expanding Force|p1b: Annihilape|[spread] p1a,p1b\n|-damage|p1a: Maushold|0 fnt\n|-damage|p1b: Annihilape|6\/100\n|-enditem|p1b: Annihilape|Sitrus Berry|[eat]\n|-heal|p1b: Annihilape|31\/100|[from] item: Sitrus Berry\n|faint|p1a: Maushold\n|move|p1b: Annihilape|Rage Fist|p2a: Delphox\n|-supereffective|p2a: Delphox\n|-damage|p2a: Delphox|0 fnt\n|faint|p2a: Delphox\n|\n|upkeep\n|\n|t:|1730591638\n|switch|p1a: Whimsicott|Whimsicott, L50, F, shiny|100\/100\n|switch|p2a: Murkrow|Murkrow, L50, F|100\/100\n|turn|2\n|\n|t:|1730591652\n|move|p1b: Annihilape|Protect|p1b: Annihilape\n|-singleturn|p1b: Annihilape|Protect\n|move|p1a: Whimsicott|Light Screen|p1a: Whimsicott\n|-sidestart|p1: chiitancrazymascot|move: Light Screen\n|move|p2a: Murkrow|Tailwind|p2a: Murkrow\n|-sidestart|p2: post_testing|move: Tailwind\n|move|p2b: Indeedee|Expanding Force|p1a: Whimsicott|[spread] p1a\n|-activate|p1b: Annihilape|move: Protect\n|-damage|p1a: Whimsicott|30\/100\n|\n|upkeep\n|turn|3\n|\n|t:|1730591668\n|switch|p1b: Gholdengo|Gholdengo, L50|100\/100\n|move|p1a: Whimsicott|Misty Terrain|p1a: Whimsicott\n|-fieldstart|move: Misty Terrain\n|move|p2b: Indeedee|Expanding Force|p1a: Whimsicott\n|-damage|p1a: Whimsicott|0 fnt\n|faint|p1a: Whimsicott\n|move|p2a: Murkrow|Foul Play|p1b: Gholdengo\n|-supereffective|p1b: Gholdengo\n|-damage|p1b: Gholdengo|60\/100\n|\n|upkeep\n|\n|t:|1730591674\n|switch|p1a: Annihilape|Annihilape, L50, F, shiny, tera:Fire|31\/100\n|turn|4\n|\n|t:|1730591697\n|move|p1a: Annihilape|Protect|p1a: Annihilape\n|-singleturn|p1a: Annihilape|Protect\n|move|p2b: Indeedee|Expanding Force|p1a: Annihilape\n|-activate|p1a: Annihilape|move: Protect\n|move|p2a: Murkrow|Foul Play|p1b: Gholdengo\n|-supereffective|p1b: Gholdengo\n|-damage|p1b: Gholdengo|20\/100\n|move|p1b: Gholdengo|Make It Rain|p2a: Murkrow|[spread] p2a,p2b\n|-damage|p2a: Murkrow|14\/100\n|-enditem|p2b: Indeedee|Focus Sash\n|-damage|p2b: Indeedee|1\/100\n|-unboost|p1b: Gholdengo|spa|1\n|\n|upkeep\n|turn|5\n|\n|t:|1730591717\n|move|p2b: Indeedee|Expanding Force|p1a: Annihilape\n|-damage|p1a: Annihilape|6\/100\n|move|p2a: Murkrow|Foul Play|p1b: Gholdengo\n|-supereffective|p1b: Gholdengo\n|-damage|p1b: Gholdengo|0 fnt\n|faint|p1b: Gholdengo\n|move|p1a: Annihilape|Rage Fist|p2b: Indeedee\n|-supereffective|p2b: Indeedee\n|-damage|p2b: Indeedee|0 fnt\n|faint|p2b: Indeedee\n|\n|-sideend|p2: post_testing|move: Tailwind\n|upkeep\n|\n|t:|1730591729\n|switch|p2b: Sneasler|Sneasler, L50, M|100\/100\n|turn|6\n|\n|t:|1730591737\n|move|p2a: Murkrow|Tailwind|p2a: Murkrow\n|-sidestart|p2: post_testing|move: Tailwind\n|move|p2b: Sneasler|Close Combat|p1a: Annihilape\n|-damage|p1a: Annihilape|0 fnt\n|-unboost|p2b: Sneasler|def|1\n|-unboost|p2b: Sneasler|spd|1\n|faint|p1a: Annihilape\n|\n|win|post_testing\n|raw|chiitancrazymascot's rating: 1741 &rarr; <strong>1717<\/strong><br \/>(-24 for losing)\n|raw|post_testing's rating: 1675 &rarr; <strong>1699<\/strong><br \/>(+24 for winning)\n","uploadtime":1730591738,"views":38,"formatid":"gen9vgc2024regh","rating":1699,"private":0,"password":null}