{"id":"gen9vgc2024regh-2236595641","format":"[Gen 9] VGC 2024 Reg H","players":["Waffles4breakfast","namox3031"],"log":"|j|\u2606Waffles4breakfast\n|j|\u2606namox3031\n|t:|1730648925\n|gametype|doubles\n|player|p1|Waffles4breakfast|juggler|1689\n|player|p2|namox3031|265|1731\n|teamsize|p1|6\n|teamsize|p2|6\n|gen|9\n|tier|[Gen 9] VGC 2024 Reg H\n|rated|\n|rule|Species Clause: Limit one of each Pok\u00e9mon\n|rule|Item Clause: Limit 1 of each item\n|clearpoke\n|poke|p1|Archaludon, L50, F|\n|poke|p1|Pelipper, L50, M|\n|poke|p1|Basculegion, L50, M|\n|poke|p1|Amoonguss, L50, M|\n|poke|p1|Gholdengo, L50|\n|poke|p1|Murkrow, L50, M|\n|poke|p2|Pelipper, L50, F|\n|poke|p2|Basculegion, L50, M|\n|poke|p2|Archaludon, L50, F|\n|poke|p2|Amoonguss, L50, F|\n|poke|p2|Incineroar, L50, F|\n|poke|p2|Kingambit, L50, F|\n|teampreview|4\n|\n|t:|1730648935\n|start\n|switch|p1a: Basculegion|Basculegion, L50, M|100\/100\n|switch|p1b: Archaludon|Archaludon, L50, F|100\/100\n|switch|p2a: Archaludon|Archaludon, L50, F, shiny|100\/100\n|switch|p2b: Amoonguss|Amoonguss, L50, F, shiny|100\/100\n|turn|1\n|\n|t:|1730648955\n|switch|p1b: Pelipper|Pelipper, L50, M|100\/100\n|-weather|RainDance|[from] ability: Drizzle|[of] p1b: Pelipper\n|-terastallize|p1a: Basculegion|Grass\n|move|p1a: Basculegion|Wave Crash|p2a: Archaludon\n|-resisted|p2a: Archaludon\n|-crit|p2a: Archaludon\n|-damage|p2a: Archaludon|29\/100\n|-ability|p2a: Archaludon|Stamina|boost\n|-boost|p2a: Archaludon|def|1\n|-damage|p1a: Basculegion|77\/100|[from] Recoil\n|move|p2a: Archaludon|Electro Shot||[still]\n|-prepare|p2a: Archaludon|Electro Shot\n|-boost|p2a: Archaludon|spa|1\n|-anim|p2a: Archaludon|Electro Shot|p1a: Basculegion\n|-resisted|p1a: Basculegion\n|-damage|p1a: Basculegion|43\/100\n|move|p2b: Amoonguss|Spore|p1a: Basculegion\n|-immune|p1a: Basculegion\n|\n|-weather|RainDance|[upkeep]\n|upkeep\n|turn|2\n|\n|t:|1730648982\n|move|p1a: Basculegion|Wave Crash|p2a: Archaludon\n|-resisted|p2a: Archaludon\n|-damage|p2a: Archaludon|0 fnt\n|faint|p2a: Archaludon\n|-damage|p1a: Basculegion|34\/100|[from] Recoil\n|move|p1b: Pelipper|Hurricane|p2b: Amoonguss\n|-supereffective|p2b: Amoonguss\n|-damage|p2b: Amoonguss|29\/100\n|-start|p2b: Amoonguss|confusion\n|-enditem|p2b: Amoonguss|Sitrus Berry|[eat]\n|-heal|p2b: Amoonguss|54\/100|[from] item: Sitrus Berry\n|-activate|p2b: Amoonguss|confusion\n|-damage|p2b: Amoonguss|48\/100|[from] confusion\n|\n|-weather|RainDance|[upkeep]\n|upkeep\n|\n|t:|1730648986\n|switch|p2a: Basculegion|Basculegion, L50, M, shiny|100\/100\n|turn|3\n|\n|t:|1730648998\n|-terastallize|p2b: Amoonguss|Fairy\n|move|p1a: Basculegion|Wave Crash|p2a: Basculegion\n|-resisted|p2a: Basculegion\n|-damage|p2a: Basculegion|17\/100\n|-damage|p1a: Basculegion|7\/100|[from] Recoil\n|move|p2a: Basculegion|Wave Crash|p1a: Basculegion\n|-resisted|p1a: Basculegion\n|-damage|p1a: Basculegion|0 fnt\n|faint|p1a: Basculegion\n|-damage|p2a: Basculegion|15\/100|[from] Recoil\n|move|p1b: Pelipper|Hurricane|p2a: Basculegion\n|-damage|p2a: Basculegion|0 fnt\n|faint|p2a: Basculegion\n|-activate|p2b: Amoonguss|confusion\n|move|p2b: Amoonguss|Spore|p1b: Pelipper\n|-status|p1b: Pelipper|slp|[from] move: Spore\n|\n|-weather|RainDance|[upkeep]\n|upkeep\n|\n|t:|1730649009\n|switch|p1a: Gholdengo|Gholdengo, L50|100\/100\n|switch|p2a: Pelipper|Pelipper, L50, F|100\/100\n|turn|4\n|\n|t:|1730649020\n|move|p1a: Gholdengo|Thunder|p2a: Pelipper\n|-supereffective|p2a: Pelipper\n|-enditem|p2a: Pelipper|Focus Sash\n|-damage|p2a: Pelipper|1\/100\n|cant|p1b: Pelipper|slp\n|move|p2a: Pelipper|Weather Ball|p1a: Gholdengo\n|-damage|p1a: Gholdengo|12\/100\n|-activate|p2b: Amoonguss|confusion\n|move|p2b: Amoonguss|Sludge Bomb|p1b: Pelipper\n|-damage|p1b: Pelipper|52\/100 slp\n|\n|-weather|RainDance|[upkeep]\n|upkeep\n|turn|5\n|\n|t:|1730649039\n|move|p2a: Pelipper|Protect|p2a: Pelipper\n|-singleturn|p2a: Pelipper|Protect\n|move|p1a: Gholdengo|Thunder|p2b: Amoonguss\n|-damage|p2b: Amoonguss|4\/100\n|-status|p2b: Amoonguss|par\n|cant|p1b: Pelipper|slp\n|-activate|p2b: Amoonguss|confusion\n|cant|p2b: Amoonguss|par\n|\n|-weather|none\n|upkeep\n|turn|6\n|-message|namox3031 forfeited.\n|\n|win|Waffles4breakfast\n|raw|Waffles4breakfast's rating: 1689 &rarr; <strong>1711<\/strong><br \/>(+22 for winning)\n|raw|namox3031's rating: 1731 &rarr; <strong>1709<\/strong><br \/>(-22 for losing)\n|l|\u2606namox3031\n|player|p2|\n|l|\u2606Waffles4breakfast\n|player|p1|\n|j|\u2606Waffles4breakfast\n|player|p1|Waffles4breakfast|juggler|\n|l|\u2606Waffles4breakfast\n|player|p1|\n","uploadtime":1730649278,"views":15,"formatid":"gen9vgc2024regh","rating":1709,"private":0,"password":null}