{"id":"gen9vgc2024regh-2236083204","format":"[Gen 9] VGC 2024 Reg H","players":["judevgc","Gameplaya"],"log":"|j|\u2606judevgc\n|j|\u2606Gameplaya\n|t:|1730570198\n|gametype|doubles\n|player|p1|judevgc|falkner|1698\n|player|p2|Gameplaya|teamrocket|1693\n|teamsize|p1|6\n|teamsize|p2|6\n|gen|9\n|tier|[Gen 9] VGC 2024 Reg H\n|rated|\n|rule|Species Clause: Limit one of each Pok\u00e9mon\n|rule|Item Clause: Limit 1 of each item\n|clearpoke\n|poke|p1|Volcarona, L50, M|\n|poke|p1|Rillaboom, L50, M|\n|poke|p1|Sneasler, L50, F|\n|poke|p1|Dondozo, L50, M|\n|poke|p1|Garchomp, L50, M|\n|poke|p1|Kingambit, L50, M|\n|poke|p2|Skeledirge, L50, F|\n|poke|p2|Farigiraf, L50, M|\n|poke|p2|Garganacl, L50, M|\n|poke|p2|Ursaluna, L50, F|\n|poke|p2|Araquanid, L50, M|\n|poke|p2|Grimmsnarl, L50, M|\n|teampreview|4\n|inactive|Battle timer is ON: inactive players will automatically lose when time's up. (requested by Gameplaya)\n|inactive|judevgc also wants the timer to be on.\n|j| moon7777\n|inactive|Gameplaya has 60 seconds left.\n|\n|t:|1730570244\n|start\n|switch|p1a: Rillaboom|Rillaboom, L50, M|100\/100\n|switch|p1b: Sneasler|Sneasler, L50, F|100\/100\n|switch|p2a: Grimmsnarl|Grimmsnarl, L50, M|100\/100\n|switch|p2b: Garganacl|Garganacl, L50, M|100\/100\n|-fieldstart|move: Grassy Terrain|[from] ability: Grassy Surge|[of] p1a: Rillaboom\n|turn|1\n|\n|t:|1730570256\n|switch|p2b: Farigiraf|Farigiraf, L50, M|100\/100\n|move|p2a: Grimmsnarl|Reflect|p2a: Grimmsnarl\n|-sidestart|p2: Gameplaya|Reflect\n|move|p1b: Sneasler|Coaching|p1a: Rillaboom\n|-boost|p1a: Rillaboom|atk|1\n|-boost|p1a: Rillaboom|def|1\n|move|p1a: Rillaboom|Wood Hammer|p2a: Grimmsnarl\n|-crit|p2a: Grimmsnarl\n|-damage|p2a: Grimmsnarl|0 fnt\n|faint|p2a: Grimmsnarl\n|-damage|p1a: Rillaboom|66\/100|[from] Recoil\n|\n|-heal|p1a: Rillaboom|72\/100|[from] Grassy Terrain\n|upkeep\n|\n|t:|1730570271\n|switch|p2a: Skeledirge|Skeledirge, L50, F|100\/100\n|turn|2\n|j| jdarcan\n|\n|t:|1730570282\n|-terastallize|p1a: Rillaboom|Fire\n|move|p2b: Farigiraf|Protect|p2b: Farigiraf\n|-singleturn|p2b: Farigiraf|Protect\n|move|p1b: Sneasler|Dire Claw|p2a: Skeledirge\n|-resisted|p2a: Skeledirge\n|-damage|p2a: Skeledirge|89\/100\n|-status|p2a: Skeledirge|psn|[from] ability: Poison Touch|[of] p1b: Sneasler\n|move|p1a: Rillaboom|Wood Hammer|p2b: Farigiraf\n|-activate|p2b: Farigiraf|move: Protect\n|move|p2a: Skeledirge|Earth Power|p1a: Rillaboom\n|-supereffective|p1a: Rillaboom\n|-damage|p1a: Rillaboom|28\/100\n|\n|-heal|p1a: Rillaboom|34\/100|[from] Grassy Terrain\n|-heal|p2a: Skeledirge|95\/100 psn|[from] Grassy Terrain\n|-damage|p2a: Skeledirge|82\/100 psn|[from] psn\n|upkeep\n|turn|3\n|inactive|Gameplaya has 30 seconds left.\n|\n|t:|1730570307\n|move|p1b: Sneasler|Coaching|p1a: Rillaboom\n|-boost|p1a: Rillaboom|atk|1\n|-boost|p1a: Rillaboom|def|1\n|move|p1a: Rillaboom|Wood Hammer|p2b: Farigiraf\n|-damage|p2b: Farigiraf|0 fnt\n|faint|p2b: Farigiraf\n|-damage|p1a: Rillaboom|0 fnt|[from] Recoil\n|faint|p1a: Rillaboom\n|move|p2a: Skeledirge|Earth Power|p1b: Sneasler\n|-supereffective|p1b: Sneasler\n|-damage|p1b: Sneasler|13\/100\n|\n|-heal|p1b: Sneasler|19\/100|[from] Grassy Terrain\n|-heal|p2a: Skeledirge|89\/100 psn|[from] Grassy Terrain\n|-damage|p2a: Skeledirge|76\/100 psn|[from] psn\n|upkeep\n|\n|t:|1730570324\n|switch|p1a: Dondozo|Dondozo, L50, M|100\/100\n|switch|p2b: Garganacl|Garganacl, L50, M|100\/100\n|turn|4\n|inactive|judevgc has 30 seconds left.\n|\n|t:|1730570353\n|-terastallize|p2b: Garganacl|Ghost\n|move|p1b: Sneasler|Close Combat|p2b: Garganacl\n|-immune|p2b: Garganacl\n|move|p2a: Skeledirge|Torch Song|p1b: Sneasler\n|-damage|p1b: Sneasler|0 fnt\n|-boost|p2a: Skeledirge|spa|1\n|faint|p1b: Sneasler\n|-enditem|p2a: Skeledirge|Throat Spray\n|-boost|p2a: Skeledirge|spa|1|[from] item: Throat Spray\n|move|p1a: Dondozo|Liquidation|p2b: Garganacl\n|-damage|p2b: Garganacl|87\/100\n|move|p2b: Garganacl|Salt Cure|p1a: Dondozo\n|-damage|p1a: Dondozo|93\/100\n|-start|p1a: Dondozo|Salt Cure\n|\n|-heal|p2a: Skeledirge|82\/100 psn|[from] Grassy Terrain\n|-heal|p1a: Dondozo|99\/100|[from] Grassy Terrain\n|-heal|p1a: Dondozo|100\/100|[from] item: Leftovers\n|-heal|p2b: Garganacl|93\/100|[from] Grassy Terrain\n|-heal|p2b: Garganacl|99\/100|[from] item: Leftovers\n|-damage|p2a: Skeledirge|70\/100 psn|[from] psn\n|-damage|p1a: Dondozo|75\/100|[from] Salt Cure\n|upkeep\n|\n|t:|1730570355\n|switch|p1b: Garchomp|Garchomp, L50, M|100\/100\n|turn|5\n|inactive|Gameplaya has 30 seconds left.\n|\n|t:|1730570384\n|move|p2a: Skeledirge|Protect|p2a: Skeledirge\n|-singleturn|p2a: Skeledirge|Protect\n|move|p1b: Garchomp|Rock Slide|p2b: Garganacl|[spread] p2b\n|-activate|p2a: Skeledirge|move: Protect\n|-damage|p2b: Garganacl|91\/100\n|move|p1a: Dondozo|Fissure|p2b: Garganacl|[miss]\n|-miss|p1a: Dondozo|p2b: Garganacl\n|move|p2b: Garganacl|Iron Defense|p2b: Garganacl\n|-boost|p2b: Garganacl|def|2\n|\n|-heal|p2a: Skeledirge|76\/100 psn|[from] Grassy Terrain\n|-heal|p1a: Dondozo|82\/100|[from] Grassy Terrain\n|-heal|p1a: Dondozo|88\/100|[from] item: Leftovers\n|-heal|p2b: Garganacl|97\/100|[from] Grassy Terrain\n|-heal|p2b: Garganacl|100\/100|[from] item: Leftovers\n|-damage|p2a: Skeledirge|64\/100 psn|[from] psn\n|-damage|p1a: Dondozo|63\/100|[from] Salt Cure\n|-fieldend|move: Grassy Terrain\n|upkeep\n|turn|6\n|\n|t:|1730570408\n|move|p1b: Garchomp|Rock Slide|p2a: Skeledirge|[spread] p2a,p2b\n|-supereffective|p2a: Skeledirge\n|-damage|p2a: Skeledirge|44\/100 psn\n|-damage|p2b: Garganacl|96\/100\n|move|p2a: Skeledirge|Shadow Ball|p1b: Garchomp\n|-damage|p1b: Garchomp|22\/100\n|move|p1a: Dondozo|Fissure|p2b: Garganacl|[miss]\n|-miss|p1a: Dondozo|p2b: Garganacl\n|move|p2b: Garganacl|Iron Defense|p2b: Garganacl\n|-boost|p2b: Garganacl|def|2\n|\n|-heal|p1a: Dondozo|69\/100|[from] item: Leftovers\n|-heal|p2b: Garganacl|100\/100|[from] item: Leftovers\n|-damage|p2a: Skeledirge|31\/100 psn|[from] psn\n|-damage|p1a: Dondozo|44\/100|[from] Salt Cure\n|upkeep\n|turn|7\n|\n|t:|1730570430\n|move|p1b: Garchomp|Stomping Tantrum|p2a: Skeledirge\n|-supereffective|p2a: Skeledirge\n|-damage|p2a: Skeledirge|0 fnt\n|faint|p2a: Skeledirge\n|move|p1a: Dondozo|Fissure|p2b: Garganacl\n|-damage|p2b: Garganacl|0 fnt\n|faint|p2b: Garganacl\n|-ohko\n|\n|win|judevgc\n|raw|judevgc's rating: 1698 &rarr; <strong>1718<\/strong><br \/>(+20 for winning)\n|raw|Gameplaya's rating: 1693 &rarr; <strong>1673<\/strong><br \/>(-20 for losing)\n|l|\u2606Gameplaya\n|player|p2|\n|l|\u2606judevgc\n|player|p1|\n","uploadtime":1730570627,"views":19,"formatid":"gen9vgc2024regh","rating":1673,"private":0,"password":null}