{"id":"gen9vgc2024regh-2236150403","format":"[Gen 9] VGC 2024 Reg H","players":["actuary97","Lil Tic"],"log":"|j|\u2606actuary97\n|j|\u2606Lil Tic\n|t:|1730578171\n|gametype|doubles\n|player|p1|actuary97|sabrina-frlg|1919\n|player|p2|Lil Tic|ninjaboy|1742\n|teamsize|p1|6\n|teamsize|p2|6\n|gen|9\n|tier|[Gen 9] VGC 2024 Reg H\n|rated|\n|rule|Species Clause: Limit one of each Pok\u00e9mon\n|rule|Item Clause: Limit 1 of each item\n|clearpoke\n|poke|p1|Whimsicott, L50, F|\n|poke|p1|Gallade, L50, M|\n|poke|p1|Archaludon, L50, F|\n|poke|p1|Malamar, L50, F|\n|poke|p1|Indeedee, L50, M|\n|poke|p1|Drifblim, L50, M|\n|poke|p2|Indeedee, L50, M|\n|poke|p2|Sneasler, L50, M|\n|poke|p2|Excadrill, L50, M|\n|poke|p2|Magmar, L50, F|\n|poke|p2|Corviknight, L50, M|\n|poke|p2|Tyranitar, L50, M|\n|teampreview|4\nactuary97 has agreed to open team sheets.\nLil Tic has agreed to open team sheets.\n|j| jdarcan\n|j| moon7777\n|inactive|Battle timer is ON: inactive players will automatically lose when time's up. (requested by actuary97)\n|inactive|Lil Tic has 60 seconds left.\n|\n|t:|1730578351\n|start\n|switch|p1a: Mischief Mother|Whimsicott, L50, F, shiny|100\/100\n|switch|p1b: Tapu Deedee|Indeedee, L50, M, shiny|100\/100\n|switch|p2a: Sneasler|Sneasler, L50, M|100\/100\n|switch|p2b: Indeedee|Indeedee, L50, M|100\/100\n|-fieldstart|move: Psychic Terrain|[from] ability: Psychic Surge|[of] p2b: Indeedee\n|turn|1\n|\n|t:|1730578365\n|switch|p2a: Tyranitar|Tyranitar, L50, M|100\/100\n|-weather|Sandstorm|[from] ability: Sand Stream|[of] p2a: Tyranitar\n|move|p1a: Mischief Mother|Tailwind|p1a: Mischief Mother\n|-sidestart|p1: actuary97|move: Tailwind\n|move|p1b: Tapu Deedee|Expanding Force|p2a: Tyranitar|[spread] p2b\n|-immune|p2a: Tyranitar\n|-resisted|p2b: Indeedee\n|-damage|p2b: Indeedee|47\/100\n|move|p2b: Indeedee|Expanding Force|p1a: Mischief Mother|[spread] p1a,p1b\n|-resisted|p1b: Tapu Deedee\n|-damage|p1a: Mischief Mother|8\/100\n|-damage|p1b: Tapu Deedee|63\/100\n|\n|-weather|Sandstorm|[upkeep]\n|-damage|p1a: Mischief Mother|2\/100|[from] Sandstorm\n|-damage|p1b: Tapu Deedee|57\/100|[from] Sandstorm\n|-damage|p2b: Indeedee|41\/100|[from] Sandstorm\n|upkeep\n|turn|2\n|\n|t:|1730578389\n|switch|p1b: Bridget|Archaludon, L50, F, shiny|100\/100\n|move|p1a: Mischief Mother|Beat Up|p1b: Bridget\n|-damage|p1b: Bridget|99\/100\n|-ability|p1b: Bridget|Stamina|boost\n|-boost|p1b: Bridget|def|1\n|-damage|p1b: Bridget|97\/100\n|-ability|p1b: Bridget|Stamina|boost\n|-boost|p1b: Bridget|def|1\n|-damage|p1b: Bridget|96\/100\n|-ability|p1b: Bridget|Stamina|boost\n|-boost|p1b: Bridget|def|1\n|-damage|p1b: Bridget|95\/100\n|-ability|p1b: Bridget|Stamina|boost\n|-boost|p1b: Bridget|def|1\n|-hitcount|p1b: Bridget|4\n|move|p2b: Indeedee|Expanding Force|p1a: Mischief Mother|[spread] p1a,p1b\n|-resisted|p1b: Bridget\n|-damage|p1a: Mischief Mother|0 fnt\n|-damage|p1b: Bridget|75\/100\n|-ability|p1b: Bridget|Stamina|boost\n|-boost|p1b: Bridget|def|1\n|faint|p1a: Mischief Mother\n|move|p2a: Tyranitar|Knock Off|p1b: Bridget\n|-damage|p1b: Bridget|64\/100\n|-ability|p1b: Bridget|Stamina|boost\n|-boost|p1b: Bridget|def|1\n|-enditem|p1b: Bridget|Assault Vest|[from] move: Knock Off|[of] p2a: Tyranitar\n|\n|-weather|Sandstorm|[upkeep]\n|-damage|p2b: Indeedee|35\/100|[from] Sandstorm\n|upkeep\n|\n|t:|1730578395\n|switch|p1a: Tapu Deedee|Indeedee, L50, M, shiny|57\/100\n|turn|3\n|\n|t:|1730578417\n|switch|p2b: Corviknight|Corviknight, L50, M|100\/100\n|-enditem|p2b: Corviknight|Psychic Seed\n|-boost|p2b: Corviknight|spd|1|[from] item: Psychic Seed\n|move|p1a: Tapu Deedee|Expanding Force|p2a: Tyranitar|[spread] p2b\n|-immune|p2a: Tyranitar\n|-resisted|p2b: Corviknight\n|-damage|p2b: Corviknight|71\/100\n|move|p1b: Bridget|Body Press|p2a: Tyranitar\n|-supereffective|p2a: Tyranitar\n|-damage|p2a: Tyranitar|0 fnt\n|faint|p2a: Tyranitar\n|\n|-weather|Sandstorm|[upkeep]\n|-damage|p1a: Tapu Deedee|51\/100|[from] Sandstorm\n|upkeep\n|\n|t:|1730578430\n|switch|p2a: Sneasler|Sneasler, L50, M|100\/100\n|turn|4\n|\n|t:|1730578440\n|move|p1a: Tapu Deedee|Expanding Force|p2b: Corviknight|[spread] p2a,p2b\n|-supereffective|p2a: Sneasler\n|-resisted|p2b: Corviknight\n|-damage|p2a: Sneasler|0 fnt\n|-damage|p2b: Corviknight|41\/100\n|faint|p2a: Sneasler\n|move|p1b: Bridget|Body Press|p2b: Corviknight\n|-damage|p2b: Corviknight|0 fnt\n|faint|p2b: Corviknight\n|\n|-weather|Sandstorm|[upkeep]\n|-damage|p1a: Tapu Deedee|45\/100|[from] Sandstorm\n|-sideend|p1: actuary97|move: Tailwind\n|upkeep\n|\n|t:|1730578445\n|switch|p2b: Indeedee|Indeedee, L50, M|35\/100\n|turn|5\n|\n|t:|1730578449\n|-terastallize|p2b: Indeedee|Psychic\n|move|p2b: Indeedee|Expanding Force|p1b: Bridget|[spread] p1a,p1b\n|-resisted|p1a: Tapu Deedee\n|-resisted|p1b: Bridget\n|-damage|p1a: Tapu Deedee|0 fnt\n|-damage|p1b: Bridget|24\/100\n|faint|p1a: Tapu Deedee\n|move|p1b: Bridget|Body Press|p2b: Indeedee\n|-resisted|p2b: Indeedee\n|-damage|p2b: Indeedee|0 fnt\n|faint|p2b: Indeedee\n|\n|win|actuary97\n|raw|actuary97's rating: 1919 &rarr; <strong>1930<\/strong><br \/>(+11 for winning)\n|raw|Lil Tic's rating: 1742 &rarr; <strong>1731<\/strong><br \/>(-11 for losing)\n|l|\u2606Lil Tic\n|player|p2|\n|l| jdarcan\n|l|\u2606actuary97\n|player|p1|\n|l| moon7777\n","uploadtime":1730578637,"views":109,"formatid":"gen9vgc2024regh","rating":1731,"private":0,"password":null}