{"id":"gen9vgc2024regh-2236008731","format":"[Gen 9] VGC 2024 Reg H","players":["blobbymcgee","bluestraggler02"],"log":"|j|\u2606blobbymcgee\n|j|\u2606bluestraggler02\n|t:|1730561373\n|gametype|doubles\n|player|p1|blobbymcgee|depotagent|1678\n|player|p2|bluestraggler02|101|1774\n|teamsize|p1|6\n|teamsize|p2|6\n|gen|9\n|tier|[Gen 9] VGC 2024 Reg H\n|rated|\n|rule|Species Clause: Limit one of each Pok\u00e9mon\n|rule|Item Clause: Limit 1 of each item\n|clearpoke\n|poke|p1|Farigiraf, L50, F|\n|poke|p1|Amoonguss, L50, F|\n|poke|p1|Incineroar, L50, F|\n|poke|p1|Ursaluna-Bloodmoon, L50, M|\n|poke|p1|Whimsicott, L50, F|\n|poke|p1|Annihilape, L50, M|\n|poke|p2|Skeledirge, L50, F|\n|poke|p2|Porygon2, L50|\n|poke|p2|Ursaluna, L50, M|\n|poke|p2|Amoonguss, L50, M|\n|poke|p2|Maushold-Four, L50|\n|poke|p2|Archaludon, L50, F|\n|teampreview|4\n|inactive|Battle timer is ON: inactive players will automatically lose when time's up. (requested by blobbymcgee)\n|\n|t:|1730561401\n|start\n|switch|p1a: Ursaluna|Ursaluna-Bloodmoon, L50, M|100\/100\n|switch|p1b: Farigiraf|Farigiraf, L50, F|100\/100\n|switch|p2a: Maushold|Maushold-Four, L50|100\/100\n|switch|p2b: Porygon2|Porygon2, L50|100\/100\n|-ability|p2b: Porygon2|Download|boost\n|-boost|p2b: Porygon2|spa|1\n|turn|1\n|\n|t:|1730561417\n|move|p2b: Porygon2|Protect|p2b: Porygon2\n|-singleturn|p2b: Porygon2|Protect\n|move|p2a: Maushold|Population Bomb|p1b: Farigiraf\n|-damage|p1b: Farigiraf|91\/100\n|-damage|p1b: Farigiraf|81\/100\n|-damage|p1b: Farigiraf|71\/100\n|-damage|p1b: Farigiraf|61\/100\n|-damage|p1b: Farigiraf|52\/100\n|-damage|p1b: Farigiraf|41\/100\n|-damage|p1b: Farigiraf|32\/100\n|-damage|p1b: Farigiraf|23\/100\n|-damage|p1b: Farigiraf|12\/100\n|-damage|p1b: Farigiraf|2\/100\n|-hitcount|p1b: Farigiraf|10\n|move|p1a: Ursaluna|Hyper Voice|p2a: Maushold|[spread] p2a\n|-activate|p2b: Porygon2|move: Protect\n|-damage|p2a: Maushold|34\/100\n|-damage|p1a: Ursaluna|91\/100|[from] item: Life Orb\n|move|p1b: Farigiraf|Hyper Voice|p2b: Porygon2|[spread] p2a\n|-activate|p2b: Porygon2|move: Protect\n|-damage|p2a: Maushold|0 fnt\n|faint|p2a: Maushold\n|-enditem|p1b: Farigiraf|Throat Spray\n|-boost|p1b: Farigiraf|spa|1|[from] item: Throat Spray\n|\n|upkeep\n|inactive|bluestraggler02 has 30 seconds left.\n|\n|t:|1730561443\n|switch|p2a: Ursaluna|Ursaluna, L50, M|100\/100\n|turn|2\n|\n|t:|1730561450\n|-terastallize|p1a: Ursaluna|Normal\n|move|p1a: Ursaluna|Blood Moon|p2b: Porygon2\n|-damage|p2b: Porygon2|31\/100\n|-damage|p1a: Ursaluna|81\/100|[from] item: Life Orb\n|move|p1b: Farigiraf|Hyper Voice|p2b: Porygon2|[spread] p2a,p2b\n|-damage|p2a: Ursaluna|63\/100\n|-damage|p2b: Porygon2|3\/100\n|move|p2a: Ursaluna|Facade|p1b: Farigiraf\n|-damage|p1b: Farigiraf|0 fnt\n|faint|p1b: Farigiraf\n|move|p2b: Porygon2|Trick Room|p2b: Porygon2\n|-fieldstart|move: Trick Room|[of] p2b: Porygon2\n|\n|-status|p2a: Ursaluna|brn|[from] item: Flame Orb\n|upkeep\n|\n|t:|1730561458\n|switch|p1b: Amoonguss|Amoonguss, L50, F|100\/100\n|turn|3\n|\n|t:|1730561467\n|move|p2b: Porygon2|Protect|p2b: Porygon2\n|-singleturn|p2b: Porygon2|Protect\n|move|p1b: Amoonguss|Rage Powder|p1b: Amoonguss\n|-singleturn|p1b: Amoonguss|move: Rage Powder\n|move|p2a: Ursaluna|Facade|p1b: Amoonguss\n|-damage|p1b: Amoonguss|0 fnt\n|faint|p1b: Amoonguss\n|move|p1a: Ursaluna|Hyper Voice|p2b: Porygon2|[spread] p2a\n|-activate|p2b: Porygon2|move: Protect\n|-damage|p2a: Ursaluna|7\/100 brn\n|-damage|p1a: Ursaluna|72\/100|[from] item: Life Orb\n|\n|-damage|p2a: Ursaluna|1\/100 brn|[from] brn\n|upkeep\n|\n|t:|1730561471\n|switch|p1b: Annihilape|Annihilape, L50, M, shiny|100\/100\n|turn|4\n|j| Therazer456\n|\n|t:|1730561483\n|switch|p2b: Amoonguss|Amoonguss, L50, M|100\/100\n|move|p1a: Ursaluna|Protect|p1a: Ursaluna\n|-singleturn|p1a: Ursaluna|Protect\n|move|p1b: Annihilape|Protect|p1b: Annihilape\n|-singleturn|p1b: Annihilape|Protect\n|move|p2a: Ursaluna|Headlong Rush|p1b: Annihilape\n|-activate|p1b: Annihilape|move: Protect\n|\n|-damage|p2a: Ursaluna|0 fnt|[from] brn\n|faint|p2a: Ursaluna\n|upkeep\n|\n|t:|1730561490\n|switch|p2a: Porygon2|Porygon2, L50|3\/100\n|-ability|p2a: Porygon2|Download|boost\n|-boost|p2a: Porygon2|spa|1\n|turn|5\n|\n|t:|1730561505\n|move|p2b: Amoonguss|Spore|p1b: Annihilape\n|-status|p1b: Annihilape|slp|[from] move: Spore\n|move|p2a: Porygon2|Tera Blast|p1a: Ursaluna\n|-damage|p1a: Ursaluna|12\/100\n|move|p1a: Ursaluna|Hyper Voice|p2a: Porygon2|[spread] p2a,p2b\n|-damage|p2a: Porygon2|0 fnt\n|-damage|p2b: Amoonguss|43\/100\n|faint|p2a: Porygon2\n|-damage|p1a: Ursaluna|3\/100|[from] item: Life Orb\n|cant|p1b: Annihilape|slp\n|\n|upkeep\n|turn|6\n|-message|bluestraggler02 forfeited.\n|\n|win|blobbymcgee\n|raw|blobbymcgee's rating: 1678 &rarr; <strong>1703<\/strong><br \/>(+25 for winning)\n|raw|bluestraggler02's rating: 1774 &rarr; <strong>1749<\/strong><br \/>(-25 for losing)\n|l|\u2606bluestraggler02\n|player|p2|\n|l|\u2606blobbymcgee\n|player|p1|\n|l| Therazer456\n","uploadtime":1730561718,"views":31,"formatid":"gen9vgc2024regh","rating":1703,"private":0,"password":null}