{"id":"gen9vgc2024regh-2236752750","format":"[Gen 9] VGC 2024 Reg H","players":["Brave12223","Kumuk"],"log":"|j|\u2606Brave12223\n|j|\u2606Kumuk\n|t:|1730667339\n|gametype|doubles\n|player|p1|Brave12223|ingo|1862\n|player|p2|Kumuk|102|1731\n|teamsize|p1|6\n|teamsize|p2|6\n|gen|9\n|tier|[Gen 9] VGC 2024 Reg H\n|rated|\n|rule|Species Clause: Limit one of each Pok\u00e9mon\n|rule|Item Clause: Limit 1 of each item\n|clearpoke\n|poke|p1|Tyranitar, L50, M|\n|poke|p1|Garchomp, L50, M|\n|poke|p1|Talonflame, L50, M|\n|poke|p1|Gastrodon, L50, M|\n|poke|p1|Tsareena, L50, F|\n|poke|p1|Kingambit, L50, F|\n|poke|p2|Incineroar, L50, M|\n|poke|p2|Rillaboom, L50, F|\n|poke|p2|Gholdengo, L50|\n|poke|p2|Hydreigon, L50, F|\n|poke|p2|Amoonguss, L50, M|\n|poke|p2|Basculegion, L50, M|\n|teampreview|4\n|inactive|Battle timer is ON: inactive players will automatically lose when time's up. (requested by Brave12223)\n|inactive|Kumuk has 60 seconds left.\n|inactive|Kumuk has 30 seconds left.\n|\n|t:|1730667407\n|start\n|switch|p1a: Talonflame|Talonflame, L50, M|100\/100\n|switch|p1b: Tyranitar|Tyranitar, L50, M|100\/100\n|switch|p2a: Hydreigon|Hydreigon, L50, F|100\/100\n|switch|p2b: Incineroar|Incineroar, L50, M|100\/100\n|-weather|Sandstorm|[from] ability: Sand Stream|[of] p1b: Tyranitar\n|-ability|p2b: Incineroar|Intimidate|boost\n|-unboost|p1a: Talonflame|atk|1\n|-fail|p1b: Tyranitar|unboost|[from] item: Clear Amulet|[of] p1b: Tyranitar\n|turn|1\n|\n|t:|1730667424\n|move|p2b: Incineroar|Fake Out|p1b: Tyranitar\n|-resisted|p1b: Tyranitar\n|-damage|p1b: Tyranitar|95\/100\n|move|p1a: Talonflame|Taunt|p2a: Hydreigon\n|-start|p2a: Hydreigon|move: Taunt\n|cant|p2a: Hydreigon|move: Taunt|Focus Energy\n|cant|p1b: Tyranitar|flinch\n|\n|-weather|Sandstorm|[upkeep]\n|-damage|p2a: Hydreigon|95\/100|[from] Sandstorm\n|-damage|p2b: Incineroar|95\/100|[from] Sandstorm\n|upkeep\n|turn|2\n|j| yugtfyrde\n|inactive|Kumuk has 30 seconds left.\n|inactive|Kumuk has 20 seconds left.\n|inactive|Kumuk has 15 seconds left.\n|inactive|Kumuk has 10 seconds left.\n|\n|t:|1730667473\n|switch|p2a: Gholdengo|Gholdengo, L50|100\/100\n|move|p1a: Talonflame|Tailwind|p1a: Talonflame\n|-sidestart|p1: Brave12223|move: Tailwind\n|move|p1b: Tyranitar|Rock Slide|p2b: Incineroar|[spread] p2a,p2b\n|-resisted|p2a: Gholdengo\n|-supereffective|p2b: Incineroar\n|-damage|p2a: Gholdengo|83\/100\n|-damage|p2b: Incineroar|35\/100\n|-enditem|p2b: Incineroar|Sitrus Berry|[eat]\n|-heal|p2b: Incineroar|60\/100|[from] item: Sitrus Berry\n|move|p2b: Incineroar|Will-O-Wisp|p1b: Tyranitar|[miss]\n|-miss|p2b: Incineroar|p1b: Tyranitar\n|\n|-weather|Sandstorm|[upkeep]\n|-damage|p2b: Incineroar|54\/100|[from] Sandstorm\n|upkeep\n|turn|3\n|inactive|Kumuk has 30 seconds left.\n|j| yarcii\n|inactive|Kumuk has 20 seconds left.\n|inactive|Kumuk has 15 seconds left.\n|inactive|Kumuk has 10 seconds left.\n|\n|t:|1730667520\n|switch|p2b: Rillaboom|Rillaboom, L50, F|100\/100\n|-fieldstart|move: Grassy Terrain|[from] ability: Grassy Surge|[of] p2b: Rillaboom\n|move|p2a: Gholdengo|Protect|p2a: Gholdengo\n|-singleturn|p2a: Gholdengo|Protect\n|move|p1a: Talonflame|Taunt|p2b: Rillaboom\n|-start|p2b: Rillaboom|move: Taunt\n|move|p1b: Tyranitar|Knock Off|p2a: Gholdengo\n|-activate|p2a: Gholdengo|move: Protect\n|\n|-weather|Sandstorm|[upkeep]\n|-damage|p2b: Rillaboom|95\/100|[from] Sandstorm\n|-heal|p1b: Tyranitar|100\/100|[from] Grassy Terrain\n|-heal|p2a: Gholdengo|89\/100|[from] Grassy Terrain\n|-heal|p2b: Rillaboom|100\/100|[from] Grassy Terrain\n|upkeep\n|turn|4\n|inactive|Kumuk has 30 seconds left.\n|\n|t:|1730667550\n|switch|p2a: Incineroar|Incineroar, L50, M|54\/100\n|-ability|p2a: Incineroar|Intimidate|boost\n|-unboost|p1a: Talonflame|atk|1\n|-fail|p1b: Tyranitar|unboost|[from] item: Clear Amulet|[of] p1b: Tyranitar\n|move|p1b: Tyranitar|Protect|p1b: Tyranitar\n|-singleturn|p1b: Tyranitar|Protect\n|move|p1a: Talonflame|Will-O-Wisp|p2b: Rillaboom\n|-status|p2b: Rillaboom|brn\n|move|p2b: Rillaboom|Wood Hammer|p1b: Tyranitar\n|-activate|p1b: Tyranitar|move: Protect\n|\n|-weather|Sandstorm|[upkeep]\n|-damage|p2b: Rillaboom|95\/100 brn|[from] Sandstorm\n|-damage|p2a: Incineroar|48\/100|[from] Sandstorm\n|-heal|p2b: Rillaboom|100\/100 brn|[from] Grassy Terrain\n|-heal|p2a: Incineroar|54\/100|[from] Grassy Terrain\n|-damage|p2b: Rillaboom|95\/100 brn|[from] brn\n|upkeep\n|turn|5\n|inactive|Kumuk has 30 seconds left.\n|\n|t:|1730667575\n|switch|p1a: Garchomp|Garchomp, L50, M|100\/100\n|move|p2a: Incineroar|Fake Out|p1b: Tyranitar\n|-resisted|p1b: Tyranitar\n|-damage|p1b: Tyranitar|95\/100\n|cant|p1b: Tyranitar|flinch\n|move|p2b: Rillaboom|Wood Hammer|p1b: Tyranitar\n|-supereffective|p1b: Tyranitar\n|-damage|p1b: Tyranitar|22\/100\n|-damage|p2b: Rillaboom|74\/100 brn|[from] Recoil\n|\n|-weather|none\n|-heal|p1b: Tyranitar|27\/100|[from] Grassy Terrain\n|-heal|p2b: Rillaboom|80\/100 brn|[from] Grassy Terrain\n|-heal|p2a: Incineroar|60\/100|[from] Grassy Terrain\n|-damage|p2b: Rillaboom|74\/100 brn|[from] brn\n|-end|p2b: Rillaboom|move: Taunt\n|-sideend|p1: Brave12223|move: Tailwind\n|upkeep\n|turn|6\n|inactive|Kumuk has 30 seconds left.\n|\n|t:|1730667604\n|switch|p1b: Talonflame|Talonflame, L50, M|100\/100\n|move|p2b: Rillaboom|Grassy Glide|p1b: Talonflame\n|-resisted|p1b: Talonflame\n|-damage|p1b: Talonflame|96\/100\n|move|p1a: Garchomp|Dragon Claw|p2a: Incineroar\n|-damage|p2a: Incineroar|0 fnt\n|faint|p2a: Incineroar\n|\n|-heal|p2b: Rillaboom|80\/100 brn|[from] Grassy Terrain\n|-damage|p2b: Rillaboom|74\/100 brn|[from] brn\n|upkeep\n|l| yarcii\n|\n|t:|1730667625\n|switch|p2a: Hydreigon|Hydreigon, L50, F|95\/100\n|turn|7\n|inactive|Kumuk has 30 seconds left.\n|inactive|Kumuk has 20 seconds left.\n|inactive|Kumuk has 15 seconds left.\n|\n|t:|1730667670\n|-terastallize|p1a: Garchomp|Ground\n|-terastallize|p2a: Hydreigon|Fire\n|move|p1b: Talonflame|Tailwind|p1b: Talonflame\n|-sidestart|p1: Brave12223|move: Tailwind\n|move|p1a: Garchomp|Dragon Claw|p2b: Rillaboom\n|-damage|p2b: Rillaboom|17\/100 brn\n|move|p2a: Hydreigon|Draco Meteor|p1a: Garchomp\n|-damage|p1a: Garchomp|25\/100\n|-unboost|p2a: Hydreigon|spa|2\n|move|p2b: Rillaboom|U-turn|p1b: Talonflame\n|-resisted|p1b: Talonflame\n|-damage|p1b: Talonflame|92\/100\n|\n|t:|1730667683\n|switch|p2b: Gholdengo|Gholdengo, L50|89\/100|[from] U-turn\n|\n|-heal|p1a: Garchomp|31\/100|[from] Grassy Terrain\n|-heal|p2b: Gholdengo|96\/100|[from] Grassy Terrain\n|-fieldend|move: Grassy Terrain\n|upkeep\n|turn|8\n|inactive|Kumuk has 30 seconds left.\n|inactive|Kumuk has 20 seconds left.\n|inactive|Kumuk has 15 seconds left.\n|inactive|Kumuk has 10 seconds left.\n|\n|t:|1730667729\n|switch|p1a: Tyranitar|Tyranitar, L50, M|27\/100\n|-weather|Sandstorm|[from] ability: Sand Stream|[of] p1a: Tyranitar\n|switch|p2b: Rillaboom|Rillaboom, L50, F|17\/100 brn\n|-fieldstart|move: Grassy Terrain|[from] ability: Grassy Surge|[of] p2b: Rillaboom\n|move|p1b: Talonflame|Brave Bird|p2a: Hydreigon\n|-damage|p2a: Hydreigon|53\/100\n|-damage|p1b: Talonflame|80\/100|[from] Recoil\n|move|p2a: Hydreigon|Focus Energy|p2a: Hydreigon\n|-start|p2a: Hydreigon|move: Focus Energy\n|\n|-weather|Sandstorm|[upkeep]\n|-damage|p2a: Hydreigon|47\/100|[from] Sandstorm\n|-damage|p2b: Rillaboom|11\/100 brn|[from] Sandstorm\n|-heal|p1a: Tyranitar|33\/100|[from] Grassy Terrain\n|-heal|p2b: Rillaboom|17\/100 brn|[from] Grassy Terrain\n|-damage|p2b: Rillaboom|11\/100 brn|[from] brn\n|upkeep\n|turn|9\n|inactive|Kumuk has 30 seconds left.\n|\n|t:|1730667760\n|move|p2b: Rillaboom|Grassy Glide|p1a: Tyranitar\n|-supereffective|p1a: Tyranitar\n|-damage|p1a: Tyranitar|4\/100\n|move|p1b: Talonflame|Brave Bird|p2a: Hydreigon\n|-damage|p2a: Hydreigon|6\/100\n|-damage|p1b: Talonflame|68\/100|[from] Recoil\n|move|p1a: Tyranitar|Rock Slide|p2b: Rillaboom|[spread] p2a,p2b\n|-supereffective|p2a: Hydreigon\n|-damage|p2a: Hydreigon|0 fnt\n|-damage|p2b: Rillaboom|0 fnt\n|faint|p2a: Hydreigon\n|faint|p2b: Rillaboom\n|\n|-weather|Sandstorm|[upkeep]\n|-heal|p1a: Tyranitar|10\/100|[from] Grassy Terrain\n|upkeep\n|j| yarcii\n|\n|t:|1730667778\n|switch|p2b: Gholdengo|Gholdengo, L50|96\/100\n|turn|10\n|l| yarcii\n|-message|Kumuk forfeited.\n|\n|win|Brave12223\n|raw|Brave12223's rating: 1862 &rarr; <strong>1875<\/strong><br \/>(+13 for winning)\n|raw|Kumuk's rating: 1731 &rarr; <strong>1718<\/strong><br \/>(-13 for losing)\n|l| yugtfyrde\n|l|\u2606Brave12223\n|player|p1|\n|l|\u2606Kumuk\n|player|p2|\n","uploadtime":1730668052,"views":17,"formatid":"gen9vgc2024regh","rating":1718,"private":0,"password":null}