{"id":"gen9vgc2024regh-2236929698","format":"[Gen 9] VGC 2024 Reg H","players":["Spler","maya ayasato"],"log":"|j|\u2606Spler\n|j|\u2606maya ayasato\n|t:|1730688932\n|gametype|doubles\n|player|p1|Spler|1|1682\n|player|p2|maya ayasato|cynthia|1836\n|teamsize|p1|6\n|teamsize|p2|6\n|gen|9\n|tier|[Gen 9] VGC 2024 Reg H\n|rated|\n|rule|Species Clause: Limit one of each Pok\u00e9mon\n|rule|Item Clause: Limit 1 of each item\n|clearpoke\n|poke|p1|Floatzel, L50, M|\n|poke|p1|Pelipper, L50, F|\n|poke|p1|Archaludon, L50, M|\n|poke|p1|Incineroar, L50, F|\n|poke|p1|Amoonguss, L50, F|\n|poke|p1|Gholdengo, L50|\n|poke|p2|Gholdengo, L50|\n|poke|p2|Annihilape, L50, M|\n|poke|p2|Maushold, L50|\n|poke|p2|Dondozo, L50, F|\n|poke|p2|Murkrow, L50, M|\n|poke|p2|Tatsugiri, L50, F|\n|teampreview|4\n|j| Me bad boi\n|j| oil duck\n|\n|t:|1730688972\n|start\n|switch|p1a: Pelipper|Pelipper, L50, F|100\/100\n|switch|p1b: Floatzel|Floatzel, L50, M|100\/100\n|switch|p2a: Gholdengo|Gholdengo, L50|100\/100\n|switch|p2b: Murkrow|Murkrow, L50, M|100\/100\n|-weather|RainDance|[from] ability: Drizzle|[of] p1a: Pelipper\n|turn|1\n|j| Therazer456\n|inactive|Battle timer is ON: inactive players will automatically lose when time's up. (requested by Spler)\n|\n|t:|1730688995\n|-terastallize|p2a: Gholdengo|Steel\n|move|p2b: Murkrow|Quash|p1b: Floatzel\n|-activate|p1b: Floatzel|move: Quash\n|move|p2a: Gholdengo|Make It Rain|p1b: Floatzel|[spread] p1a,p1b\n|-resisted|p1a: Pelipper\n|-resisted|p1b: Floatzel\n|-damage|p1a: Pelipper|16\/100\n|-damage|p1b: Floatzel|7\/100\n|-unboost|p2a: Gholdengo|spa|1\n|move|p1a: Pelipper|Tailwind|p1a: Pelipper\n|-sidestart|p1: Spler|move: Tailwind\n|move|p1b: Floatzel|Wave Crash|p2a: Gholdengo\n|-damage|p2a: Gholdengo|0 fnt\n|faint|p2a: Gholdengo\n|-damage|p1b: Floatzel|0 fnt|[from] Recoil\n|faint|p1b: Floatzel\n|\n|-weather|RainDance|[upkeep]\n|upkeep\n|\n|t:|1730689017\n|switch|p1b: Archaludon|Archaludon, L50, M|100\/100\n|switch|p2a: Dondozo|Dondozo, L50, F|100\/100\n|turn|2\n|\n|t:|1730689035\n|switch|p2b: Tatsugiri|Tatsugiri, L50, F|100\/100\n|-activate|p2b: Tatsugiri|ability: Commander|[of] p2a: Dondozo\n|-boost|p2a: Dondozo|atk|2\n|-boost|p2a: Dondozo|spa|2\n|-boost|p2a: Dondozo|spe|2\n|-boost|p2a: Dondozo|def|2\n|-boost|p2a: Dondozo|spd|2\n|move|p1a: Pelipper|Hurricane|p2a: Dondozo\n|-damage|p2a: Dondozo|72\/100\n|-start|p2a: Dondozo|confusion\n|move|p1b: Archaludon|Electro Shot||[still]\n|-prepare|p1b: Archaludon|Electro Shot\n|-boost|p1b: Archaludon|spa|1\n|-anim|p1b: Archaludon|Electro Shot|p2a: Dondozo\n|-supereffective|p2a: Dondozo\n|-damage|p2a: Dondozo|28\/100\n|-activate|p2a: Dondozo|confusion\n|move|p2a: Dondozo|Rock Slide|p1a: Pelipper|[spread] p1a,p1b\n|-supereffective|p1a: Pelipper\n|-resisted|p1b: Archaludon\n|-damage|p1a: Pelipper|0 fnt\n|-damage|p1b: Archaludon|83\/100\n|-ability|p1b: Archaludon|Stamina|boost\n|-boost|p1b: Archaludon|def|1\n|faint|p1a: Pelipper\n|-damage|p2a: Dondozo|18\/100|[from] item: Life Orb\n|\n|-weather|RainDance|[upkeep]\n|upkeep\n|inactive|Spler has 30 seconds left.\n|\n|t:|1730689061\n|switch|p1a: Amoonguss|Amoonguss, L50, F|100\/100\n|turn|3\n|\n|t:|1730689068\n|-activate|p2a: Dondozo|confusion\n|move|p2a: Dondozo|Protect|p2a: Dondozo\n|-singleturn|p2a: Dondozo|Protect\n|move|p1b: Archaludon|Electro Shot||[still]\n|-prepare|p1b: Archaludon|Electro Shot\n|-boost|p1b: Archaludon|spa|1\n|-anim|p1b: Archaludon|Electro Shot|p2a: Dondozo\n|-activate|p2a: Dondozo|move: Protect\n|move|p1a: Amoonguss|Spore|p2b: Tatsugiri|[miss]\n|-miss|p1a: Amoonguss|p2b: Tatsugiri\n|\n|-weather|RainDance|[upkeep]\n|upkeep\n|turn|4\n|\n|t:|1730689084\n|-end|p2a: Dondozo|confusion\n|move|p2a: Dondozo|Protect||[still]\n|-fail|p2a: Dondozo\n|move|p1b: Archaludon|Electro Shot||[still]\n|-prepare|p1b: Archaludon|Electro Shot\n|-boost|p1b: Archaludon|spa|1\n|-anim|p1b: Archaludon|Electro Shot|p2a: Dondozo\n|-supereffective|p2a: Dondozo\n|-damage|p2a: Dondozo|0 fnt\n|faint|p2a: Dondozo\n|move|p1a: Amoonguss|Spore|p2b: Tatsugiri\n|-status|p2b: Tatsugiri|slp|[from] move: Spore\n|\n|-weather|RainDance|[upkeep]\n|-sideend|p1: Spler|move: Tailwind\n|upkeep\n|\n|t:|1730689097\n|switch|p2a: Murkrow|Murkrow, L50, M|100\/100\n|turn|5\n|-message|maya ayasato forfeited.\n|\n|win|Spler\n|raw|Spler's rating: 1682 &rarr; <strong>1710<\/strong><br \/>(+28 for winning)\n|raw|maya ayasato's rating: 1836 &rarr; <strong>1808<\/strong><br \/>(-28 for losing)\n|l|\u2606maya ayasato\n|player|p2|\n|l| Therazer456\n|l| Me bad boi\n|l| oil duck\n","uploadtime":1730689105,"views":30,"formatid":"gen9vgc2024regh","rating":1710,"private":0,"password":null}