{"id":"gen9vgc2024regh-2236182871","format":"[Gen 9] VGC 2024 Reg H","players":["Lil Tic","tryson69"],"log":"|j|\u2606Lil Tic\n|j|\u2606tryson69\n|t:|1730582050\n|gametype|doubles\n|player|p1|Lil Tic|ninjaboy|1696\n|player|p2|tryson69|cynthia|1709\n|teamsize|p1|6\n|teamsize|p2|6\n|gen|9\n|tier|[Gen 9] VGC 2024 Reg H\n|rated|\n|rule|Species Clause: Limit one of each Pok\u00e9mon\n|rule|Item Clause: Limit 1 of each item\n|clearpoke\n|poke|p1|Indeedee, L50, M|\n|poke|p1|Sneasler, L50, M|\n|poke|p1|Excadrill, L50, M|\n|poke|p1|Magmar, L50, F|\n|poke|p1|Corviknight, L50, F|\n|poke|p1|Tyranitar, L50, F|\n|poke|p2|Archaludon, L50, M|\n|poke|p2|Pelipper, L50, M|\n|poke|p2|Rillaboom, L50, F|\n|poke|p2|Dragapult, L50, M|\n|poke|p2|Annihilape, L50, M|\n|poke|p2|Amoonguss, L50, F|\n|teampreview|4\n|inactive|Battle timer is ON: inactive players will automatically lose when time's up. (requested by tryson69)\n|inactive|Lil Tic has 60 seconds left.\n|inactive|tryson69 has 60 seconds left.\n|\n|t:|1730582103\n|start\n|switch|p1a: Tyranitar|Tyranitar, L50, F|100\/100\n|switch|p1b: Sneasler|Sneasler, L50, M|100\/100\n|switch|p2a: Rillaboom|Rillaboom, L50, F|100\/100\n|switch|p2b: Angy monkey|Annihilape, L50, M|100\/100\n|-fieldstart|move: Grassy Terrain|[from] ability: Grassy Surge|[of] p2a: Rillaboom\n|-weather|Sandstorm|[from] ability: Sand Stream|[of] p1a: Tyranitar\n|turn|1\n|\n|t:|1730582120\n|switch|p2b: Pelipper|Pelipper, L50, M|100\/100\n|-weather|RainDance|[from] ability: Drizzle|[of] p2b: Pelipper\n|-terastallize|p1a: Tyranitar|Flying\n|move|p1b: Sneasler|Dire Claw|p2a: Rillaboom\n|-supereffective|p2a: Rillaboom\n|-damage|p2a: Rillaboom|15\/100\n|-status|p2a: Rillaboom|psn\n|move|p2a: Rillaboom|High Horsepower|p1b: Sneasler\n|-supereffective|p1b: Sneasler\n|-crit|p1b: Sneasler\n|-damage|p1b: Sneasler|0 fnt\n|faint|p1b: Sneasler\n|move|p1a: Tyranitar|Tera Blast|p2a: Rillaboom|[anim] Tera Blast Flying\n|-supereffective|p2a: Rillaboom\n|-damage|p2a: Rillaboom|0 fnt\n|faint|p2a: Rillaboom\n|\n|-weather|RainDance|[upkeep]\n|upkeep\n|\n|t:|1730582136\n|switch|p1b: Indeedee|Indeedee, L50, M|100\/100\n|switch|p2a: Angy monkey|Annihilape, L50, M|100\/100\n|-fieldstart|move: Psychic Terrain|[from] ability: Psychic Surge|[of] p1b: Indeedee\n|turn|2\n|inactive|tryson69 has 30 seconds left.\n|\n|t:|1730582165\n|switch|p1a: Corviknight|Corviknight, L50, F|100\/100\n|-enditem|p1a: Corviknight|Psychic Seed\n|-boost|p1a: Corviknight|spd|1|[from] item: Psychic Seed\n|move|p2a: Angy monkey|Final Gambit|p1b: Indeedee\n|-damage|p1b: Indeedee|0 fnt\n|faint|p2a: Angy monkey\n|faint|p1b: Indeedee\n|move|p2b: Pelipper|Weather Ball|p1a: Corviknight\n|-damage|p1a: Corviknight|64\/100\n|\n|-weather|RainDance|[upkeep]\n|upkeep\n|\n|t:|1730582175\n|switch|p2a: Dakids|Dragapult, L50, M|100\/100\n|switch|p1b: Tyranitar|Tyranitar, L50, F, tera:Flying|100\/100\n|-weather|Sandstorm|[from] ability: Sand Stream|[of] p1b: Tyranitar\n|turn|3\n|\n|t:|1730582187\n|-terastallize|p2a: Dakids|Ghost\n|move|p2a: Dakids|Phantom Force||[still]\n|-prepare|p2a: Dakids|Phantom Force\n|move|p1a: Corviknight|Roost|p1a: Corviknight\n|-heal|p1a: Corviknight|100\/100\n|-singleturn|p1a: Corviknight|move: Roost\n|move|p2b: Pelipper|Weather Ball|p1b: Tyranitar\n|-supereffective|p1b: Tyranitar\n|-damage|p1b: Tyranitar|80\/100\n|move|p1b: Tyranitar|Knock Off|p2a: Dakids|[miss]\n|-miss|p1b: Tyranitar|p2a: Dakids\n|\n|-weather|Sandstorm|[upkeep]\n|-damage|p2a: Dakids|94\/100|[from] Sandstorm\n|-damage|p2b: Pelipper|95\/100|[from] Sandstorm\n|-damage|p1b: Tyranitar|74\/100|[from] Sandstorm\n|upkeep\n|turn|4\n|\n|t:|1730582201\n|move|p2a: Dakids|Phantom Force|p1b: Tyranitar|[from]lockedmove\n|-damage|p1b: Tyranitar|6\/100\n|move|p1a: Corviknight|Roost||[still]\n|-fail|p1a: Corviknight|heal\n|move|p2b: Pelipper|Hurricane|p1b: Tyranitar|[miss]\n|-miss|p2b: Pelipper|p1b: Tyranitar\n|move|p1b: Tyranitar|Knock Off|p2a: Dakids\n|-supereffective|p2a: Dakids\n|-damage|p2a: Dakids|0 fnt\n|-enditem|p2a: Dakids|Choice Band|[from] move: Knock Off|[of] p1b: Tyranitar\n|faint|p2a: Dakids\n|\n|-weather|Sandstorm|[upkeep]\n|-damage|p2b: Pelipper|89\/100|[from] Sandstorm\n|-damage|p1b: Tyranitar|0 fnt|[from] Sandstorm\n|faint|p1b: Tyranitar\n|upkeep\n|turn|5\n|\n|t:|1730582214\n|move|p1a: Corviknight|Bulk Up|p1a: Corviknight\n|-boost|p1a: Corviknight|atk|1\n|-boost|p1a: Corviknight|def|1\n|move|p2b: Pelipper|Weather Ball|p1a: Corviknight\n|-damage|p1a: Corviknight|84\/100\n|\n|-weather|Sandstorm|[upkeep]\n|-damage|p2b: Pelipper|83\/100|[from] Sandstorm\n|upkeep\n|turn|6\n|\n|t:|1730582222\n|move|p1a: Corviknight|Roost|p1a: Corviknight\n|-heal|p1a: Corviknight|100\/100\n|-singleturn|p1a: Corviknight|move: Roost\n|move|p2b: Pelipper|Hurricane|p1a: Corviknight\n|-resisted|p1a: Corviknight\n|-damage|p1a: Corviknight|89\/100\n|\n|-weather|Sandstorm|[upkeep]\n|-damage|p2b: Pelipper|77\/100|[from] Sandstorm\n|-fieldend|move: Psychic Terrain\n|upkeep\n|turn|7\n|\n|t:|1730582231\n|move|p1a: Corviknight|Bulk Up|p1a: Corviknight\n|-boost|p1a: Corviknight|atk|1\n|-boost|p1a: Corviknight|def|1\n|move|p2b: Pelipper|Hurricane|p1a: Corviknight\n|-resisted|p1a: Corviknight\n|-damage|p1a: Corviknight|77\/100\n|-start|p1a: Corviknight|confusion\n|\n|-weather|none\n|upkeep\n|turn|8\n|-message|tryson69 forfeited.\n|\n|win|Lil Tic\n|raw|Lil Tic's rating: 1696 &rarr; <strong>1717<\/strong><br \/>(+21 for winning)\n|raw|tryson69's rating: 1709 &rarr; <strong>1688<\/strong><br \/>(-21 for losing)\n|l|\u2606Lil Tic\n|player|p1|\n|l|\u2606tryson69\n|player|p2|\n","uploadtime":1730582476,"views":16,"formatid":"gen9vgc2024regh","rating":1688,"private":0,"password":null}