{"id":"gen9vgc2024regh-2236600218","format":"[Gen 9] VGC 2024 Reg H","players":["GBVGC X76","Allhailhippo"],"log":"|j|\u2606GBVGC X76\n|j|\u2606Allhailhippo\n|t:|1730649488\n|gametype|doubles\n|player|p1|GBVGC X76|hanbei-conquest|1860\n|player|p2|Allhailhippo|266|1701\n|teamsize|p1|6\n|teamsize|p2|6\n|gen|9\n|tier|[Gen 9] VGC 2024 Reg H\n|rated|\n|rule|Species Clause: Limit one of each Pok\u00e9mon\n|rule|Item Clause: Limit 1 of each item\n|clearpoke\n|poke|p1|Smeargle, L50, M|\n|poke|p1|Farigiraf, L50, F|\n|poke|p1|Grimmsnarl, L50, M|\n|poke|p1|Torkoal, L50, F|\n|poke|p1|Ursaluna-Bloodmoon, L50, M|\n|poke|p1|Kingambit, L50, M|\n|poke|p2|Tyranitar, L50, M|\n|poke|p2|Houndstone, L50, F|\n|poke|p2|Whimsicott, L50, F|\n|poke|p2|Gliscor, L50, M|\n|poke|p2|Klefki, L50, M|\n|poke|p2|Garchomp, L50, F|\n|teampreview|4\n|inactive|Battle timer is ON: inactive players will automatically lose when time's up. (requested by Allhailhippo)\n|\n|t:|1730649506\n|start\n|switch|p1a: Smeargle|Smeargle, L50, M|100\/100\n|switch|p1b: Farigiraf|Farigiraf, L50, F|100\/100\n|switch|p2a: Anna|Whimsicott, L50, F|100\/100\n|switch|p2b: Garchomp|Garchomp, L50, F|100\/100\n|turn|1\n|\n|t:|1730649516\n|move|p1a: Smeargle|Fake Out|p2b: Garchomp\n|-damage|p2b: Garchomp|96\/100\n|-damage|p1a: Smeargle|88\/100|[from] ability: Rough Skin|[of] p2b: Garchomp\n|cant|p2b: Garchomp|flinch\n|move|p2a: Anna|Moonblast|p1b: Farigiraf\n|-damage|p1b: Farigiraf|71\/100\n|-unboost|p1b: Farigiraf|spa|1\n|move|p1b: Farigiraf|Trick Room|p1b: Farigiraf\n|-fieldstart|move: Trick Room|[of] p1b: Farigiraf\n|\n|-ability|p1a: Smeargle|Moody|boost\n|-boost|p1a: Smeargle|spa|2\n|-unboost|p1a: Smeargle|spd|1\n|-enditem|p1a: Smeargle|Eject Pack\n|upkeep\n|\n|t:|1730649522\n|switch|p1a: Ursaluna|Ursaluna-Bloodmoon, L50, M|100\/100\n|turn|2\n|\n|t:|1730649544\n|-terastallize|p1a: Ursaluna|Normal\n|-terastallize|p2b: Garchomp|Steel\n|move|p1b: Farigiraf|Twin Beam|p2b: Garchomp\n|-resisted|p2b: Garchomp\n|-damage|p2b: Garchomp|91\/100\n|-resisted|p2b: Garchomp\n|-damage|p2b: Garchomp|85\/100\n|-hitcount|p2b: Garchomp|2\n|move|p1a: Ursaluna|Hyper Voice|p2a: Anna|[spread] p2a,p2b\n|-resisted|p2b: Garchomp\n|-damage|p2a: Anna|13\/100\n|-damage|p2b: Garchomp|50\/100\n|-damage|p1a: Ursaluna|90\/100|[from] item: Life Orb\n|move|p2a: Anna|Moonblast|p1a: Ursaluna\n|-damage|p1a: Ursaluna|49\/100\n|move|p2b: Garchomp|Earthquake|p1a: Ursaluna|[spread] p2a,p1a,p1b\n|-resisted|p2a: Anna\n|-damage|p2a: Anna|0 fnt\n|-damage|p1a: Ursaluna|10\/100\n|-damage|p1b: Farigiraf|26\/100\n|faint|p2a: Anna\n|-damage|p2b: Garchomp|40\/100|[from] item: Life Orb\n|\n|upkeep\n|\n|t:|1730649566\n|switch|p2a: Good Things|Tyranitar, L50, M|100\/100\n|-weather|Sandstorm|[from] ability: Sand Stream|[of] p2a: Good Things\n|turn|3\n|\n|t:|1730649580\n|move|p1b: Farigiraf|Helping Hand|p1a: Ursaluna\n|-singleturn|p1a: Ursaluna|Helping Hand|[of] p1b: Farigiraf\n|move|p2b: Garchomp|Protect|p2b: Garchomp\n|-singleturn|p2b: Garchomp|Protect\n|move|p1a: Ursaluna|Earth Power|p2a: Good Things\n|-supereffective|p2a: Good Things\n|-damage|p2a: Good Things|20\/100\n|-damage|p1a: Ursaluna|0 fnt|[from] item: Life Orb\n|faint|p1a: Ursaluna\n|move|p2a: Good Things|Rock Slide|p1b: Farigiraf\n|-damage|p1b: Farigiraf|0 fnt\n|faint|p1b: Farigiraf\n|\n|-weather|Sandstorm|[upkeep]\n|upkeep\n|\n|t:|1730649586\n|switch|p1b: Torkoal|Torkoal, L50, F|100\/100\n|switch|p1a: Smeargle|Smeargle, L50, M|88\/100\n|-weather|SunnyDay|[from] ability: Drought|[of] p1b: Torkoal\n|turn|4\n|\n|t:|1730649599\n|switch|p2a: Rodent|Houndstone, L50, F|100\/100\n|move|p2b: Garchomp|Protect||[still]\n|-fail|p2b: Garchomp\n|move|p1b: Torkoal|Eruption|p2b: Garchomp|[spread] p2a,p2b\n|-supereffective|p2b: Garchomp\n|-enditem|p2a: Rodent|Focus Sash\n|-damage|p2a: Rodent|1\/100\n|-damage|p2b: Garchomp|0 fnt\n|faint|p2b: Garchomp\n|move|p1a: Smeargle|Spore|p2a: Rodent\n|-status|p2a: Rodent|slp|[from] move: Spore\n|\n|-weather|SunnyDay|[upkeep]\n|-ability|p1a: Smeargle|Moody|boost\n|-boost|p1a: Smeargle|spa|2\n|-unboost|p1a: Smeargle|def|1\n|upkeep\n|\n|t:|1730649604\n|switch|p2b: Good Things|Tyranitar, L50, M|20\/100\n|-weather|Sandstorm|[from] ability: Sand Stream|[of] p2b: Good Things\n|turn|5\n|\n|t:|1730649613\n|cant|p2a: Rodent|slp\n|move|p1b: Torkoal|Eruption|p2a: Rodent|[spread] p2a,p2b\n|-resisted|p2b: Good Things\n|-damage|p2a: Rodent|0 fnt\n|-damage|p2b: Good Things|7\/100\n|faint|p2a: Rodent\n|move|p2b: Good Things|Rock Slide|p1b: Torkoal|[spread] p1a,p1b\n|-supereffective|p1b: Torkoal\n|-damage|p1a: Smeargle|0 fnt\n|-damage|p1b: Torkoal|56\/100\n|faint|p1a: Smeargle\n|\n|-weather|Sandstorm|[upkeep]\n|-damage|p1b: Torkoal|50\/100|[from] Sandstorm\n|-fieldend|move: Trick Room\n|upkeep\n|turn|6\n|\n|t:|1730649623\n|move|p2b: Good Things|Rock Slide|p1b: Torkoal|[miss]\n|-miss|p2b: Good Things|p1b: Torkoal\n|move|p1b: Torkoal|Eruption|p2b: Good Things\n|-resisted|p2b: Good Things\n|-damage|p2b: Good Things|0 fnt\n|faint|p2b: Good Things\n|\n|win|GBVGC X76\n|raw|GBVGC X76's rating: 1860 &rarr; <strong>1871<\/strong><br \/>(+11 for winning)\n|raw|Allhailhippo's rating: 1701 &rarr; <strong>1690<\/strong><br \/>(-11 for losing)\n|l|\u2606Allhailhippo\n|player|p2|\n","uploadtime":1730649831,"views":15,"formatid":"gen9vgc2024regh","rating":1690,"private":0,"password":null}