{"id":"gen9vgc2024regh-2236148165","format":"[Gen 9] VGC 2024 Reg H","players":["Kumuk","Lil Tic"],"log":"|j|\u2606Kumuk\n|j|\u2606Lil Tic\n|t:|1730577915\n|gametype|doubles\n|player|p1|Kumuk|2|1659\n|player|p2|Lil Tic|ninjaboy|1768\n|teamsize|p1|6\n|teamsize|p2|6\n|gen|9\n|tier|[Gen 9] VGC 2024 Reg H\n|rated|\n|rule|Species Clause: Limit one of each Pok\u00e9mon\n|rule|Item Clause: Limit 1 of each item\n|clearpoke\n|poke|p1|Incineroar, L50, F|\n|poke|p1|Palafin, L50, F|\n|poke|p1|Rillaboom, L50, F|\n|poke|p1|Gholdengo, L50|\n|poke|p1|Hydreigon, L50, F|\n|poke|p1|Amoonguss, L50, F|\n|poke|p2|Indeedee, L50, M|\n|poke|p2|Sneasler, L50, M|\n|poke|p2|Excadrill, L50, F|\n|poke|p2|Magmar, L50, M|\n|poke|p2|Corviknight, L50, M|\n|poke|p2|Tyranitar, L50, M|\n|teampreview|4\n|inactive|Battle timer is ON: inactive players will automatically lose when time's up. (requested by Kumuk)\n|\n|t:|1730577982\n|start\n|switch|p1a: Gholdengo|Gholdengo, L50|100\/100\n|switch|p1b: Rillaboom|Rillaboom, L50, F|100\/100\n|switch|p2a: Sneasler|Sneasler, L50, M|100\/100\n|switch|p2b: Magmar|Magmar, L50, M|100\/100\n|-fieldstart|move: Grassy Terrain|[from] ability: Grassy Surge|[of] p1b: Rillaboom\n|turn|1\n|inactive|Lil Tic has 30 seconds left.\n|inactive|Lil Tic has 20 seconds left.\n|\n|t:|1730578017\n|move|p1b: Rillaboom|Fake Out|p2a: Sneasler\n|-damage|p2a: Sneasler|79\/100\n|cant|p2a: Sneasler|flinch\n|move|p1a: Gholdengo|Nasty Plot|p1a: Gholdengo\n|-boost|p1a: Gholdengo|spa|2\n|move|p2b: Magmar|Heat Wave|p1b: Rillaboom|[spread] p1b\n|-miss|p2b: Magmar|p1a: Gholdengo\n|-supereffective|p1b: Rillaboom\n|-damage|p1b: Rillaboom|71\/100\n|\n|-heal|p2a: Sneasler|85\/100|[from] Grassy Terrain\n|-heal|p1b: Rillaboom|76\/100|[from] Grassy Terrain\n|upkeep\n|turn|2\n|inactive|Kumuk has 30 seconds left.\n|\n|t:|1730578042\n|move|p1a: Gholdengo|Protect|p1a: Gholdengo\n|-singleturn|p1a: Gholdengo|Protect\n|move|p2a: Sneasler|Dire Claw|p1b: Rillaboom\n|-supereffective|p1b: Rillaboom\n|-damage|p1b: Rillaboom|3\/100\n|move|p2b: Magmar|Heat Wave|p1a: Gholdengo|[spread] p1b\n|-activate|p1a: Gholdengo|move: Protect\n|-supereffective|p1b: Rillaboom\n|-damage|p1b: Rillaboom|0 fnt\n|faint|p1b: Rillaboom\n|\n|-heal|p2a: Sneasler|91\/100|[from] Grassy Terrain\n|upkeep\n|\n|t:|1730578050\n|switch|p1b: Incineroar|Incineroar, L50, F|100\/100\n|-ability|p1b: Incineroar|Intimidate|boost\n|-unboost|p2a: Sneasler|atk|1\n|-unboost|p2b: Magmar|atk|1\n|-enditem|p2a: Sneasler|White Herb\n|-clearnegativeboost|p2a: Sneasler|[silent]\n|turn|3\n|\n|t:|1730578065\n|switch|p2b: Indeedee|Indeedee, L50, M|100\/100\n|-fieldstart|move: Psychic Terrain|[from] ability: Psychic Surge|[of] p2b: Indeedee\n|move|p1b: Incineroar|Fake Out|p2a: Sneasler\n|-activate|p2a: Sneasler|move: Psychic Terrain\n|move|p2a: Sneasler|Close Combat|p1b: Incineroar\n|-supereffective|p1b: Incineroar\n|-damage|p1b: Incineroar|0 fnt\n|-unboost|p2a: Sneasler|def|1\n|-unboost|p2a: Sneasler|spd|1\n|faint|p1b: Incineroar\n|move|p1a: Gholdengo|Shadow Ball|p2b: Indeedee\n|-immune|p2b: Indeedee\n|\n|upkeep\n|j| jdarcan\n|\n|t:|1730578071\n|switch|p1b: Hydreigon|Hydreigon, L50, F|100\/100\n|turn|4\n|\n|t:|1730578083\n|-terastallize|p2b: Indeedee|Psychic\n|move|p1b: Hydreigon|Protect|p1b: Hydreigon\n|-singleturn|p1b: Hydreigon|Protect\n|move|p2a: Sneasler|Close Combat|p1b: Hydreigon\n|-activate|p1b: Hydreigon|move: Protect\n|move|p2b: Indeedee|Expanding Force|p1a: Gholdengo|[spread] p1a\n|-activate|p1b: Hydreigon|move: Protect\n|-resisted|p1a: Gholdengo\n|-damage|p1a: Gholdengo|57\/100\n|move|p1a: Gholdengo|Make It Rain|p2b: Indeedee|[spread] p2a,p2b\n|-damage|p2a: Sneasler|0 fnt\n|-damage|p2b: Indeedee|0 fnt\n|-unboost|p1a: Gholdengo|spa|1\n|faint|p2a: Sneasler\n|faint|p2b: Indeedee\n|\n|upkeep\n|\n|t:|1730578094\n|switch|p2a: Magmar|Magmar, L50, M|100\/100\n|switch|p2b: Corviknight|Corviknight, L50, M|100\/100\n|-enditem|p2b: Corviknight|Psychic Seed\n|-boost|p2b: Corviknight|spd|1|[from] item: Psychic Seed\n|turn|5\n|\n|t:|1730578113\n|-terastallize|p1b: Hydreigon|Fire\n|move|p1b: Hydreigon|Focus Energy|p1b: Hydreigon\n|-start|p1b: Hydreigon|move: Focus Energy\n|move|p1a: Gholdengo|Shadow Ball|p2a: Magmar\n|-damage|p2a: Magmar|48\/100\n|move|p2a: Magmar|Heat Wave|p1a: Gholdengo|[spread] p1a\n|-miss|p2a: Magmar|p1b: Hydreigon\n|-supereffective|p1a: Gholdengo\n|-damage|p1a: Gholdengo|0 fnt\n|faint|p1a: Gholdengo\n|move|p2b: Corviknight|Brave Bird|p1b: Hydreigon\n|-damage|p1b: Hydreigon|43\/100\n|-damage|p2b: Corviknight|84\/100|[from] Recoil\n|\n|upkeep\n|turn|6\n|\n|t:|1730578131\n|move|p1b: Hydreigon|Heat Wave|p2b: Corviknight|[spread] p2a,p2b\n|-resisted|p2a: Magmar\n|-crit|p2a: Magmar\n|-supereffective|p2b: Corviknight\n|-crit|p2b: Corviknight\n|-damage|p2a: Magmar|23\/100\n|-damage|p2b: Corviknight|0 fnt\n|faint|p2b: Corviknight\n|move|p2a: Magmar|Heat Wave|p1b: Hydreigon\n|-resisted|p1b: Hydreigon\n|-damage|p1b: Hydreigon|25\/100\n|\n|upkeep\n|turn|7\n|\n|t:|1730578140\n|move|p1b: Hydreigon|Draco Meteor|p2a: Magmar\n|-crit|p2a: Magmar\n|-damage|p2a: Magmar|0 fnt\n|-unboost|p1b: Hydreigon|spa|2\n|faint|p2a: Magmar\n|\n|win|Kumuk\n|raw|Kumuk's rating: 1659 &rarr; <strong>1685<\/strong><br \/>(+26 for winning)\n|raw|Lil Tic's rating: 1768 &rarr; <strong>1742<\/strong><br \/>(-26 for losing)\n|l|\u2606Lil Tic\n|player|p2|\n|l|\u2606Kumuk\n|player|p1|\n","uploadtime":1730578352,"views":16,"formatid":"gen9vgc2024regh","rating":1685,"private":0,"password":null}