{"id":"gen9vgc2024regh-2236003512","format":"[Gen 9] VGC 2024 Reg H","players":["bluestraggler02","GBVGC X76"],"log":"|j|\u2606bluestraggler02\n|j|\u2606GBVGC X76\n|t:|1730560745\n|gametype|doubles\n|player|p1|bluestraggler02|101|1755\n|player|p2|GBVGC X76|hanbei-conquest|1827\n|teamsize|p1|6\n|teamsize|p2|6\n|gen|9\n|tier|[Gen 9] VGC 2024 Reg H\n|rated|\n|rule|Species Clause: Limit one of each Pok\u00e9mon\n|rule|Item Clause: Limit 1 of each item\n|clearpoke\n|poke|p1|Skeledirge, L50, M|\n|poke|p1|Porygon2, L50|\n|poke|p1|Ursaluna, L50, F|\n|poke|p1|Amoonguss, L50, F|\n|poke|p1|Maushold-Four, L50|\n|poke|p1|Archaludon, L50, F|\n|poke|p2|Smeargle, L50, F|\n|poke|p2|Farigiraf, L50, M|\n|poke|p2|Grimmsnarl, L50, M|\n|poke|p2|Torkoal, L50, F|\n|poke|p2|Ursaluna-Bloodmoon, L50, M|\n|poke|p2|Kingambit, L50, M|\n|teampreview|4\n|\n|t:|1730560785\n|start\n|switch|p1a: Amoonguss|Amoonguss, L50, F|100\/100\n|switch|p1b: Maushold|Maushold-Four, L50|100\/100\n|switch|p2a: Smeargle|Smeargle, L50, F|100\/100\n|switch|p2b: Farigiraf|Farigiraf, L50, M|100\/100\n|turn|1\n|\n|t:|1730560807\n|move|p1b: Maushold|Population Bomb|p2a: Smeargle\n|-crit|p2a: Smeargle\n|-damage|p2a: Smeargle|63\/100\n|-damage|p2a: Smeargle|38\/100\n|-damage|p2a: Smeargle|12\/100\n|-damage|p2a: Smeargle|0 fnt\n|faint|p2a: Smeargle\n|-hitcount|p2: Smeargle|4\n|move|p1a: Amoonguss|Spore|p2b: Farigiraf\n|-ability|p2b: Farigiraf|Sap Sipper|boost\n|-boost|p2b: Farigiraf|atk|1\n|move|p2b: Farigiraf|Trick Room|p2b: Farigiraf\n|-fieldstart|move: Trick Room|[of] p2b: Farigiraf\n|\n|upkeep\n|\n|t:|1730560811\n|switch|p2a: Torkoal|Torkoal, L50, F|100\/100\n|-weather|SunnyDay|[from] ability: Drought|[of] p2a: Torkoal\n|turn|2\n|\n|t:|1730560822\n|-terastallize|p2a: Torkoal|Fire\n|-terastallize|p1a: Amoonguss|Water\n|move|p1b: Maushold|Protect|p1b: Maushold\n|-singleturn|p1b: Maushold|Protect\n|move|p2a: Torkoal|Eruption|p1b: Maushold|[spread] p1a\n|-activate|p1b: Maushold|move: Protect\n|-resisted|p1a: Amoonguss\n|-damage|p1a: Amoonguss|33\/100\n|move|p1a: Amoonguss|Spore|p2a: Torkoal\n|-status|p2a: Torkoal|slp|[from] move: Spore\n|move|p2b: Farigiraf|Uproar|p1b: Maushold\n|-activate|p1b: Maushold|move: Protect\n|\n|-weather|SunnyDay|[upkeep]\n|upkeep\n|turn|3\n|\n|t:|1730560852\n|move|p1a: Amoonguss|Rage Powder|p1a: Amoonguss\n|-singleturn|p1a: Amoonguss|move: Rage Powder\n|cant|p2a: Torkoal|slp\n|move|p2b: Farigiraf|Uproar|p1a: Amoonguss\n|-curestatus|p2a: Torkoal|slp|[msg]\n|-crit|p1a: Amoonguss\n|-damage|p1a: Amoonguss|0 fnt\n|-start|p2b: Farigiraf|Uproar\n|faint|p1a: Amoonguss\n|move|p1b: Maushold|Population Bomb|p2a: Torkoal\n|-damage|p2a: Torkoal|92\/100\n|-damage|p2a: Torkoal|83\/100\n|-damage|p2a: Torkoal|73\/100\n|-damage|p2a: Torkoal|64\/100\n|-damage|p2a: Torkoal|55\/100\n|-damage|p2a: Torkoal|47\/100\n|-damage|p2a: Torkoal|38\/100\n|-damage|p2a: Torkoal|30\/100\n|-crit|p2a: Torkoal\n|-damage|p2a: Torkoal|16\/100\n|-damage|p2a: Torkoal|8\/100\n|-hitcount|p2a: Torkoal|10\n|\n|-weather|SunnyDay|[upkeep]\n|-start|p2b: Farigiraf|Uproar|[upkeep]\n|upkeep\n|\n|t:|1730560864\n|switch|p1a: Ursaluna|Ursaluna, L50, F|100\/100\n|turn|4\n|\n|t:|1730560871\n|switch|p2a: Ursaluna|Ursaluna-Bloodmoon, L50, M|100\/100\n|move|p1a: Ursaluna|High Horsepower|p2b: Farigiraf\n|-damage|p2b: Farigiraf|49\/100\n|move|p2b: Farigiraf|Uproar|p1a: Ursaluna|[from]lockedmove\n|-damage|p1a: Ursaluna|71\/100\n|move|p1b: Maushold|Population Bomb|p2b: Farigiraf\n|-damage|p2b: Farigiraf|38\/100\n|-damage|p2b: Farigiraf|27\/100\n|-damage|p2b: Farigiraf|17\/100\n|-damage|p2b: Farigiraf|7\/100\n|-damage|p2b: Farigiraf|0 fnt\n|faint|p2b: Farigiraf\n|-hitcount|p2: Farigiraf|5\n|\n|-weather|SunnyDay|[upkeep]\n|-status|p1a: Ursaluna|brn|[from] item: Flame Orb\n|upkeep\n|\n|t:|1730560880\n|switch|p2b: Torkoal|Torkoal, L50, F, tera:Fire|8\/100\n|turn|5\n|\n|t:|1730560889\n|move|p1a: Ursaluna|Protect|p1a: Ursaluna\n|-singleturn|p1a: Ursaluna|Protect\n|move|p1b: Maushold|Protect|p1b: Maushold\n|-singleturn|p1b: Maushold|Protect\n|move|p2b: Torkoal|Weather Ball|p1a: Ursaluna\n|-activate|p1a: Ursaluna|move: Protect\n|move|p2a: Ursaluna|Hyper Voice|p1a: Ursaluna|[spread] \n|-activate|p1a: Ursaluna|move: Protect\n|-activate|p1b: Maushold|move: Protect\n|\n|-weather|SunnyDay|[upkeep]\n|-damage|p1a: Ursaluna|65\/100 brn|[from] brn\n|-fieldend|move: Trick Room\n|upkeep\n|turn|6\n|\n|t:|1730560915\n|move|p1b: Maushold|Population Bomb|p2b: Torkoal\n|-crit|p2b: Torkoal\n|-damage|p2b: Torkoal|0 fnt\n|faint|p2b: Torkoal\n|-hitcount|p2: Torkoal|1\n|move|p2a: Ursaluna|Blood Moon|p1a: Ursaluna\n|-damage|p1a: Ursaluna|0 fnt\n|faint|p1a: Ursaluna\n|-damage|p2a: Ursaluna|90\/100|[from] item: Life Orb\n|\n|-weather|none\n|upkeep\n|\n|t:|1730560924\n|switch|p1a: Porygon2|Porygon2, L50|100\/100\n|-ability|p1a: Porygon2|Download|boost\n|-boost|p1a: Porygon2|spa|1\n|turn|7\n|\n|t:|1730560927\n|move|p2a: Ursaluna|Protect|p2a: Ursaluna\n|-singleturn|p2a: Ursaluna|Protect\n|move|p1b: Maushold|Population Bomb|p2a: Ursaluna\n|-activate|p2a: Ursaluna|move: Protect\n|move|p1a: Porygon2|Ice Beam|p2a: Ursaluna\n|-activate|p2a: Ursaluna|move: Protect\n|\n|upkeep\n|turn|8\n|\n|t:|1730560931\n|move|p1b: Maushold|Population Bomb|p2a: Ursaluna\n|-damage|p2a: Ursaluna|82\/100\n|-damage|p2a: Ursaluna|74\/100\n|-damage|p2a: Ursaluna|67\/100\n|-damage|p2a: Ursaluna|60\/100\n|-damage|p2a: Ursaluna|51\/100\n|-damage|p2a: Ursaluna|44\/100\n|-damage|p2a: Ursaluna|37\/100\n|-damage|p2a: Ursaluna|29\/100\n|-damage|p2a: Ursaluna|20\/100\n|-damage|p2a: Ursaluna|12\/100\n|-hitcount|p2a: Ursaluna|10\n|move|p2a: Ursaluna|Blood Moon|p1b: Maushold\n|-damage|p1b: Maushold|0 fnt\n|faint|p1b: Maushold\n|-damage|p2a: Ursaluna|2\/100|[from] item: Life Orb\n|move|p1a: Porygon2|Ice Beam|p2a: Ursaluna\n|-supereffective|p2a: Ursaluna\n|-damage|p2a: Ursaluna|0 fnt\n|faint|p2a: Ursaluna\n|\n|win|bluestraggler02\n|raw|bluestraggler02's rating: 1755 &rarr; <strong>1779<\/strong><br \/>(+24 for winning)\n|raw|GBVGC X76's rating: 1827 &rarr; <strong>1803<\/strong><br \/>(-24 for losing)\n|l|\u2606bluestraggler02\n|player|p1|\n","uploadtime":1730561158,"views":50,"formatid":"gen9vgc2024regh","rating":1779,"private":0,"password":null}