{"id":"gen9vgc2024regh-2236582588","format":"[Gen 9] VGC 2024 Reg H","players":["TheOnlyFizzo","Kumuk"],"log":"|j|\u2606TheOnlyFizzo\n|j|\u2606Kumuk\n|t:|1730647243\n|gametype|doubles\n|player|p1|TheOnlyFizzo|169|1718\n|player|p2|Kumuk|battlegirl-gen4|1689\n|teamsize|p1|6\n|teamsize|p2|6\n|gen|9\n|tier|[Gen 9] VGC 2024 Reg H\n|rated|\n|rule|Species Clause: Limit one of each Pok\u00e9mon\n|rule|Item Clause: Limit 1 of each item\n|clearpoke\n|poke|p1|Metagross, L50|\n|poke|p1|Farigiraf, L50, M|\n|poke|p1|Torkoal, L50, M|\n|poke|p1|Smeargle, L50, F|\n|poke|p1|Annihilape, L50, F|\n|poke|p1|Ursaluna-Bloodmoon, L50, M|\n|poke|p2|Incineroar, L50, M|\n|poke|p2|Rillaboom, L50, M|\n|poke|p2|Gholdengo, L50|\n|poke|p2|Hydreigon, L50, M|\n|poke|p2|Amoonguss, L50, M|\n|poke|p2|Basculegion, L50, M|\n|teampreview|4\n|inactive|Battle timer is ON: inactive players will automatically lose when time's up. (requested by TheOnlyFizzo)\n|inactive|TheOnlyFizzo has 60 seconds left.\n|\n|t:|1730647296\n|start\n|switch|p1a: Smeargle|Smeargle, L50, F|100\/100\n|switch|p1b: Annihilape|Annihilape, L50, F|100\/100\n|switch|p2a: Amoonguss|Amoonguss, L50, M|100\/100\n|switch|p2b: Incineroar|Incineroar, L50, M|100\/100\n|-ability|p2b: Incineroar|Intimidate|boost\n|-unboost|p1a: Smeargle|atk|1\n|-unboost|p1b: Annihilape|atk|1\n|-ability|p1b: Annihilape|Defiant|boost\n|-boost|p1b: Annihilape|atk|2\n|turn|1\n|\n|t:|1730647316\n|move|p2b: Incineroar|Fake Out|p1a: Smeargle\n|-damage|p1a: Smeargle|78\/100\n|move|p2a: Amoonguss|Rage Powder|p2a: Amoonguss\n|-singleturn|p2a: Amoonguss|move: Rage Powder\n|cant|p1a: Smeargle|flinch\n|move|p1b: Annihilape|Rage Fist|p2a: Amoonguss\n|-damage|p2a: Amoonguss|65\/100\n|\n|-ability|p1a: Smeargle|Moody|boost\n|-boost|p1a: Smeargle|atk|2\n|-unboost|p1a: Smeargle|spe|1\n|upkeep\n|turn|2\n|inactive|TheOnlyFizzo has 30 seconds left.\n|\n|t:|1730647343\n|move|p1a: Smeargle|Water Shuriken|p1b: Annihilape\n|-crit|p1b: Annihilape\n|-damage|p1b: Annihilape|99\/100\n|-damage|p1b: Annihilape|98\/100\n|-damage|p1b: Annihilape|97\/100\n|-damage|p1b: Annihilape|96\/100\n|-crit|p1b: Annihilape\n|-damage|p1b: Annihilape|95\/100\n|-hitcount|p1b: Annihilape|5\n|move|p1b: Annihilape|Rage Fist|p2a: Amoonguss\n|-damage|p2a: Amoonguss|0 fnt\n|faint|p2a: Amoonguss\n|move|p2b: Incineroar|Will-O-Wisp|p1b: Annihilape\n|-status|p1b: Annihilape|brn\n|\n|-damage|p1b: Annihilape|89\/100 brn|[from] brn\n|-ability|p1a: Smeargle|Moody|boost\n|-boost|p1a: Smeargle|def|2\n|-unboost|p1a: Smeargle|spa|1\n|upkeep\n|\n|t:|1730647362\n|switch|p2a: Rillaboom|Rillaboom, L50, M|100\/100\n|-fieldstart|move: Grassy Terrain|[from] ability: Grassy Surge|[of] p2a: Rillaboom\n|turn|3\n|inactive|TheOnlyFizzo has 30 seconds left.\n|\n|t:|1730647393\n|switch|p1a: Farigiraf|Farigiraf, L50, M|100\/100\n|move|p1b: Annihilape|Rage Fist|p2a: Rillaboom\n|-damage|p2a: Rillaboom|12\/100\n|move|p2a: Rillaboom|Wood Hammer|p1b: Annihilape\n|-damage|p1b: Annihilape|19\/100 brn\n|-damage|p2a: Rillaboom|0 fnt|[from] Recoil\n|faint|p2a: Rillaboom\n|move|p2b: Incineroar|Knock Off|p1b: Annihilape\n|-damage|p1b: Annihilape|0 fnt\n|-enditem|p1b: Annihilape|Choice Scarf|[from] move: Knock Off|[of] p2b: Incineroar\n|faint|p1b: Annihilape\n|\n|upkeep\n|\n|t:|1730647409\n|switch|p1b: Smeargle|Smeargle, L50, F|78\/100\n|switch|p2a: Hydreigon|Hydreigon, L50, M|100\/100\n|turn|4\n|inactive|Kumuk has 30 seconds left.\n|\n|t:|1730647444\n|-terastallize|p2a: Hydreigon|Fire\n|move|p1b: Smeargle|Follow Me|p1b: Smeargle\n|-singleturn|p1b: Smeargle|move: Follow Me\n|move|p2a: Hydreigon|Heat Wave|p1b: Smeargle|[spread] p1a,p1b\n|-damage|p1a: Farigiraf|66\/100\n|-damage|p1b: Smeargle|33\/100\n|-status|p1a: Farigiraf|brn\n|move|p2b: Incineroar|Knock Off|p1b: Smeargle\n|-damage|p1b: Smeargle|0 fnt\n|-enditem|p1b: Smeargle|Loaded Dice|[from] move: Knock Off|[of] p2b: Incineroar\n|faint|p1b: Smeargle\n|move|p1a: Farigiraf|Trick Room|p1a: Farigiraf\n|-fieldstart|move: Trick Room|[of] p1a: Farigiraf\n|\n|-heal|p1a: Farigiraf|72\/100 brn|[from] Grassy Terrain\n|-damage|p1a: Farigiraf|66\/100 brn|[from] brn\n|upkeep\n|\n|t:|1730647461\n|switch|p1b: Torkoal|Torkoal, L50, M|100\/100\n|-weather|SunnyDay|[from] ability: Drought|[of] p1b: Torkoal\n|turn|5\n|\n|t:|1730647476\n|-terastallize|p1b: Torkoal|Fire\n|move|p1a: Farigiraf|Helping Hand|p1b: Torkoal\n|-singleturn|p1b: Torkoal|Helping Hand|[of] p1a: Farigiraf\n|move|p2a: Hydreigon|Protect|p2a: Hydreigon\n|-singleturn|p2a: Hydreigon|Protect\n|move|p1b: Torkoal|Eruption|p2a: Hydreigon|[spread] p2b\n|-activate|p2a: Hydreigon|move: Protect\n|-resisted|p2b: Incineroar\n|-crit|p2b: Incineroar\n|-damage|p2b: Incineroar|12\/100\n|-enditem|p2b: Incineroar|Sitrus Berry|[eat]\n|-heal|p2b: Incineroar|37\/100|[from] item: Sitrus Berry\n|move|p2b: Incineroar|Knock Off|p1a: Farigiraf\n|-supereffective|p1a: Farigiraf\n|-damage|p1a: Farigiraf|0 fnt\n|-enditem|p1a: Farigiraf|Mental Herb|[from] move: Knock Off|[of] p2b: Incineroar\n|faint|p1a: Farigiraf\n|\n|-weather|SunnyDay|[upkeep]\n|-heal|p2b: Incineroar|43\/100|[from] Grassy Terrain\n|upkeep\n|turn|6\n|\n|t:|1730647501\n|move|p1b: Torkoal|Eruption|p2a: Hydreigon|[spread] p2a,p2b\n|-resisted|p2a: Hydreigon\n|-resisted|p2b: Incineroar\n|-damage|p2a: Hydreigon|39\/100\n|-damage|p2b: Incineroar|0 fnt\n|faint|p2b: Incineroar\n|move|p2a: Hydreigon|Draco Meteor|p1b: Torkoal\n|-crit|p1b: Torkoal\n|-damage|p1b: Torkoal|0 fnt\n|-unboost|p2a: Hydreigon|spa|2\n|faint|p1b: Torkoal\n|\n|win|Kumuk\n|raw|TheOnlyFizzo's rating: 1718 &rarr; <strong>1696<\/strong><br \/>(-22 for losing)\n|raw|Kumuk's rating: 1689 &rarr; <strong>1711<\/strong><br \/>(+22 for winning)\n|l|\u2606Kumuk\n|player|p2|\n|l|\u2606TheOnlyFizzo\n|player|p1|\n","uploadtime":1730647759,"views":17,"formatid":"gen9vgc2024regh","rating":1696,"private":0,"password":null}