{"id":"gen9vgc2024regh-2236861994","format":"[Gen 9] VGC 2024 Reg H","players":["brouz","Pasodoble"],"log":"|j|\u2606brouz\n|j|\u2606Pasodoble\n|t:|1730680427\n|gametype|doubles\n|player|p1|brouz|ingo|1710\n|player|p2|Pasodoble|265|1661\n|teamsize|p1|6\n|teamsize|p2|6\n|gen|9\n|tier|[Gen 9] VGC 2024 Reg H\n|rated|\n|rule|Species Clause: Limit one of each Pok\u00e9mon\n|rule|Item Clause: Limit 1 of each item\n|clearpoke\n|poke|p1|Garchomp, L50, F|\n|poke|p1|Dragonite, L50, M|\n|poke|p1|Incineroar, L50, M|\n|poke|p1|Amoonguss, L50, M|\n|poke|p1|Gholdengo, L50|\n|poke|p1|Ninetales-Alola, L50, M|\n|poke|p2|Hydreigon, L50, F|\n|poke|p2|Gholdengo, L50|\n|poke|p2|Whimsicott, L50, F|\n|poke|p2|Dragapult, L50, M|\n|poke|p2|Espathra, L50, F|\n|poke|p2|Volcarona, L50, F|\n|teampreview|4\n|inactive|Battle timer is ON: inactive players will automatically lose when time's up. (requested by brouz)\n|inactive|brouz has 60 seconds left.\n|inactive|Pasodoble has 60 seconds left.\nPasodoble has agreed to open team sheets.\n|inactive|Pasodoble has 30 seconds left.\n|j| Danilow\n|\n|t:|1730680499\n|start\n|switch|p1a: Incineroar|Incineroar, L50, M|100\/100\n|switch|p1b: Ninetales|Ninetales-Alola, L50, M|100\/100\n|switch|p2a: Whimsicott|Whimsicott, L50, F|100\/100\n|switch|p2b: Gholdengo|Gholdengo, L50|100\/100\n|-weather|Snow|[from] ability: Snow Warning|[of] p1b: Ninetales\n|-ability|p1a: Incineroar|Intimidate|boost\n|-unboost|p2a: Whimsicott|atk|1\n|-unboost|p2b: Gholdengo|atk|1\n|turn|1\n|\n|t:|1730680519\n|switch|p1b: Dragonite|Dragonite, L50, M|100\/100\n|-terastallize|p2b: Gholdengo|Steel\n|move|p2a: Whimsicott|Tailwind|p2a: Whimsicott\n|-sidestart|p2: Pasodoble|move: Tailwind\n|move|p2b: Gholdengo|Make It Rain|p1b: Dragonite|[spread] p1a,p1b\n|-resisted|p1a: Incineroar\n|-damage|p1a: Incineroar|50\/100\n|-damage|p1b: Dragonite|48\/100\n|-unboost|p2b: Gholdengo|spa|1\n|-enditem|p1a: Incineroar|Sitrus Berry|[eat]\n|-heal|p1a: Incineroar|75\/100|[from] item: Sitrus Berry\n|move|p1a: Incineroar|Flare Blitz|p2b: Gholdengo\n|-supereffective|p2b: Gholdengo\n|-damage|p2b: Gholdengo|8\/100\n|-damage|p1a: Incineroar|46\/100|[from] Recoil\n|\n|-weather|Snow|[upkeep]\n|upkeep\n|turn|2\n|j| MYLKO VGC\n|\n|t:|1730680537\n|switch|p2b: Volcarona|Volcarona, L50, F|100\/100\n|move|p1b: Dragonite|Extreme Speed|p2b: Volcarona\n|-damage|p2b: Volcarona|70\/100\n|move|p2a: Whimsicott|Moonblast|p1b: Dragonite\n|-supereffective|p1b: Dragonite\n|-damage|p1b: Dragonite|0 fnt\n|faint|p1b: Dragonite\n|move|p1a: Incineroar|Flare Blitz|p2a: Whimsicott\n|-supereffective|p2a: Whimsicott\n|-damage|p2a: Whimsicott|0 fnt\n|faint|p2a: Whimsicott\n|-damage|p1a: Incineroar|23\/100|[from] Recoil\n|\n|-weather|Snow|[upkeep]\n|-heal|p2b: Volcarona|76\/100|[from] item: Leftovers\n|upkeep\n|\n|t:|1730680551\n|switch|p2a: Gholdengo|Gholdengo, L50, tera:Steel|8\/100\n|switch|p1b: Ninetales|Ninetales-Alola, L50, M|100\/100\n|turn|3\n|\n|t:|1730680563\n|-terastallize|p1b: Ninetales|Water\n|move|p2b: Volcarona|Quiver Dance|p2b: Volcarona\n|-boost|p2b: Volcarona|spa|1\n|-boost|p2b: Volcarona|spd|1\n|-boost|p2b: Volcarona|spe|1\n|move|p2a: Gholdengo|Make It Rain|p1a: Incineroar|[spread] p1a,p1b\n|-resisted|p1a: Incineroar\n|-resisted|p1b: Ninetales\n|-damage|p1a: Incineroar|0 fnt\n|-damage|p1b: Ninetales|39\/100\n|-unboost|p2a: Gholdengo|spa|1\n|faint|p1a: Incineroar\n|move|p1b: Ninetales|Aurora Veil|p1b: Ninetales\n|-sidestart|p1: brouz|move: Aurora Veil\n|\n|-weather|Snow|[upkeep]\n|-heal|p2b: Volcarona|82\/100|[from] item: Leftovers\n|upkeep\n|\n|t:|1730680567\n|switch|p1a: Garchomp|Garchomp, L50, F|100\/100\n|turn|4\n|\n|t:|1730680582\n|move|p1b: Ninetales|Protect|p1b: Ninetales\n|-singleturn|p1b: Ninetales|Protect\n|move|p2b: Volcarona|Giga Drain|p1b: Ninetales\n|-activate|p1b: Ninetales|move: Protect\n|move|p2a: Gholdengo|Make It Rain|p1a: Garchomp|[spread] p1a\n|-activate|p1b: Ninetales|move: Protect\n|-damage|p1a: Garchomp|50\/100\n|-unboost|p2a: Gholdengo|spa|1\n|move|p1a: Garchomp|Earthquake|p2a: Gholdengo|[spread] p2a,p2b\n|-activate|p1b: Ninetales|move: Protect\n|-supereffective|p2a: Gholdengo\n|-damage|p2a: Gholdengo|0 fnt\n|-damage|p2b: Volcarona|33\/100\n|faint|p2a: Gholdengo\n|-damage|p1a: Garchomp|40\/100|[from] item: Life Orb\n|\n|-weather|Snow|[upkeep]\n|-heal|p2b: Volcarona|40\/100|[from] item: Leftovers\n|-sideend|p2: Pasodoble|move: Tailwind\n|upkeep\n|\n|t:|1730680586\n|switch|p2a: Dragapult|Dragapult, L50, M|100\/100\n|turn|5\n|\n|t:|1730680595\n|move|p2a: Dragapult|Dragon Darts|p1a: Garchomp\n|-supereffective|p1a: Garchomp\n|-damage|p1a: Garchomp|0 fnt\n|-anim|p2a: Dragapult|Dragon Darts|p1b: Ninetales\n|-damage|p1b: Ninetales|9\/100\n|faint|p1a: Garchomp\n|-damage|p2a: Dragapult|91\/100|[from] item: Life Orb\n|move|p2b: Volcarona|Giga Drain|p1b: Ninetales\n|-supereffective|p1b: Ninetales\n|-damage|p1b: Ninetales|0 fnt\n|-heal|p2b: Volcarona|43\/100|[from] drain|[of] p1b: Ninetales\n|faint|p1b: Ninetales\n|\n|win|Pasodoble\n|raw|brouz's rating: 1710 &rarr; <strong>1687<\/strong><br \/>(-23 for losing)\n|raw|Pasodoble's rating: 1661 &rarr; <strong>1684<\/strong><br \/>(+23 for winning)\n|l| Danilow\n|l|\u2606brouz\n|player|p1|\n|l|\u2606Pasodoble\n|player|p2|\n","uploadtime":1730680755,"views":16,"formatid":"gen9vgc2024regh","rating":1684,"private":0,"password":null}