{"id":"gen9vgc2024regh-2236353090","format":"[Gen 9] VGC 2024 Reg H","players":["ren122333","647w"],"log":"|j|\u2606ren122333\n|j|\u2606647w\n|t:|1730604385\n|gametype|doubles\n|player|p1|ren122333|hilbert|1656\n|player|p2|647w|lucas-gen4pt|1712\n|teamsize|p1|6\n|teamsize|p2|6\n|gen|9\n|tier|[Gen 9] VGC 2024 Reg H\n|rated|\n|rule|Species Clause: Limit one of each Pok\u00e9mon\n|rule|Item Clause: Limit 1 of each item\n|clearpoke\n|poke|p1|Whimsicott, L50, M|\n|poke|p1|Mamoswine, L50, F|\n|poke|p1|Lycanroc-Dusk, L50, F|\n|poke|p1|Typhlosion-Hisui, L50, M|\n|poke|p1|Farigiraf, L50, F|\n|poke|p1|Mienshao, L50, F|\n|poke|p2|Kilowattrel, L50, F|\n|poke|p2|Garchomp, L50, M|\n|poke|p2|Archaludon, L50, M|\n|poke|p2|Incineroar, L50, F|\n|poke|p2|Rillaboom, L50, F|\n|poke|p2|Dondozo, L50, M|\n|teampreview|4\n647w has agreed to open team sheets.\n|inactive|Battle timer is ON: inactive players will automatically lose when time's up. (requested by ren122333)\n|\n|t:|1730604410\n|start\n|switch|p1a: Whimsicott|Whimsicott, L50, M|100\/100\n|switch|p1b: Mienshao|Mienshao, L50, F|100\/100\n|switch|p2a: Kilowattrel|Kilowattrel, L50, F|100\/100\n|switch|p2b: Rillaboom|Rillaboom, L50, F|100\/100\n|-fieldstart|move: Grassy Terrain|[from] ability: Grassy Surge|[of] p2b: Rillaboom\n|turn|1\n|\n|t:|1730604421\n|move|p1a: Whimsicott|Tailwind|p1a: Whimsicott\n|-sidestart|p1: ren122333|move: Tailwind\n|move|p1b: Mienshao|Ice Spinner|p2b: Rillaboom\n|-supereffective|p2b: Rillaboom\n|-damage|p2b: Rillaboom|39\/100\n|-fieldend|move: Grassy Terrain\n|-damage|p1b: Mienshao|91\/100|[from] item: Life Orb\n|move|p2a: Kilowattrel|Air Slash|p1a: Whimsicott\n|-supereffective|p1a: Whimsicott\n|-enditem|p1a: Whimsicott|Focus Sash\n|-damage|p1a: Whimsicott|1\/100\n|move|p2b: Rillaboom|Wood Hammer|p1b: Mienshao\n|-damage|p1b: Mienshao|0 fnt\n|faint|p1b: Mienshao\n|-damage|p2b: Rillaboom|19\/100|[from] Recoil\n|\n|upkeep\n|j| stewpeed\n|\n|t:|1730604437\n|switch|p1b: Typhlosion|Typhlosion-Hisui, L50, M|100\/100\n|-item|p2a: Kilowattrel|Focus Sash|[from] ability: Frisk|[of] p1b: Typhlosion\n|-item|p2b: Rillaboom|Assault Vest|[from] ability: Frisk|[of] p1b: Typhlosion\n|turn|2\n|\n|t:|1730604456\n|move|p2a: Kilowattrel|Protect|p2a: Kilowattrel\n|-singleturn|p2a: Kilowattrel|Protect\n|move|p1a: Whimsicott|Moonblast|p2a: Kilowattrel\n|-activate|p2a: Kilowattrel|move: Protect\n|move|p1b: Typhlosion|Eruption|p2b: Rillaboom|[spread] p2b\n|-activate|p2a: Kilowattrel|move: Protect\n|-supereffective|p2b: Rillaboom\n|-damage|p2b: Rillaboom|0 fnt\n|faint|p2b: Rillaboom\n|\n|upkeep\n|\n|t:|1730604459\n|switch|p2b: Incineroar|Incineroar, L50, F|100\/100\n|-ability|p2b: Incineroar|Intimidate|boost\n|-unboost|p1a: Whimsicott|atk|1\n|-unboost|p1b: Typhlosion|atk|1\n|turn|3\n|\n|t:|1730604468\n|-terastallize|p1b: Typhlosion|Fire\n|move|p2b: Incineroar|Fake Out|p1a: Whimsicott\n|-damage|p1a: Whimsicott|0 fnt\n|faint|p1a: Whimsicott\n|move|p1b: Typhlosion|Eruption|p2a: Kilowattrel|[spread] p2a,p2b\n|-resisted|p2b: Incineroar\n|-enditem|p2a: Kilowattrel|Focus Sash\n|-damage|p2a: Kilowattrel|1\/100\n|-damage|p2b: Incineroar|50\/100\n|move|p2a: Kilowattrel|Tailwind|p2a: Kilowattrel\n|-sidestart|p2: 647w|move: Tailwind\n|\n|upkeep\n|\n|t:|1730604475\n|switch|p1a: Mamoswine|Mamoswine, L50, F|100\/100\n|turn|4\n|\n|t:|1730604484\n|switch|p2b: Dondozo|Dondozo, L50, M|100\/100\n|move|p2a: Kilowattrel|Protect|p2a: Kilowattrel\n|-singleturn|p2a: Kilowattrel|Protect\n|move|p1b: Typhlosion|Eruption|p2a: Kilowattrel|[spread] p2b\n|-activate|p2a: Kilowattrel|move: Protect\n|-resisted|p2b: Dondozo\n|-damage|p2b: Dondozo|65\/100\n|move|p1a: Mamoswine|High Horsepower|p2b: Dondozo\n|-damage|p2b: Dondozo|35\/100\n|\n|-heal|p2b: Dondozo|41\/100|[from] item: Leftovers\n|-sideend|p1: ren122333|move: Tailwind\n|upkeep\n|turn|5\n|\n|t:|1730604493\n|move|p2a: Kilowattrel|Thunderbolt|p1b: Typhlosion\n|-damage|p1b: Typhlosion|46\/100\n|move|p1b: Typhlosion|Eruption|p2a: Kilowattrel|[spread] p2a,p2b\n|-resisted|p2b: Dondozo\n|-damage|p2a: Kilowattrel|0 fnt\n|-damage|p2b: Dondozo|23\/100\n|faint|p2a: Kilowattrel\n|move|p1a: Mamoswine|High Horsepower|p2b: Dondozo\n|-damage|p2b: Dondozo|0 fnt\n|faint|p2b: Dondozo\n|\n|upkeep\n|\n|t:|1730604498\n|switch|p2b: Incineroar|Incineroar, L50, F|50\/100\n|-ability|p2b: Incineroar|Intimidate|boost\n|-fail|p1a: Mamoswine|unboost|Attack|[from] ability: Oblivious|[of] p1a: Mamoswine\n|-unboost|p1b: Typhlosion|atk|1\n|turn|6\n|\n|t:|1730604502\n|-terastallize|p2b: Incineroar|Ghost\n|move|p2b: Incineroar|Flare Blitz|p1a: Mamoswine\n|-supereffective|p1a: Mamoswine\n|-crit|p1a: Mamoswine\n|-damage|p1a: Mamoswine|0 fnt\n|faint|p1a: Mamoswine\n|-damage|p2b: Incineroar|19\/100|[from] Recoil\n|move|p1b: Typhlosion|Eruption|p2b: Incineroar\n|-damage|p2b: Incineroar|0 fnt\n|faint|p2b: Incineroar\n|\n|win|ren122333\n|raw|ren122333's rating: 1656 &rarr; <strong>1679<\/strong><br \/>(+23 for winning)\n|raw|647w's rating: 1712 &rarr; <strong>1689<\/strong><br \/>(-23 for losing)\n","uploadtime":1730604506,"views":39,"formatid":"gen9vgc2024regh","rating":1679,"private":0,"password":null}