{"id":"gen9vgc2024regh-2236840361","format":"[Gen 9] VGC 2024 Reg H","players":["KingV1337","Alexmkk23"],"log":"|j|\u2606KingV1337\n|j|\u2606Alexmkk23\n|t:|1730677720\n|gametype|doubles\n|player|p1|KingV1337|cynthia-gen4|1703\n|player|p2|Alexmkk23|jogger|1653\n|teamsize|p1|6\n|teamsize|p2|6\n|gen|9\n|tier|[Gen 9] VGC 2024 Reg H\n|rated|\n|rule|Species Clause: Limit one of each Pok\u00e9mon\n|rule|Item Clause: Limit 1 of each item\n|clearpoke\n|poke|p1|Armarouge, L50, M|\n|poke|p1|Whimsicott, L50, F|\n|poke|p1|Indeedee, L50, M|\n|poke|p1|Sneasler, L50, F|\n|poke|p1|Salamence, L50, F|\n|poke|p1|Kingambit, L50, M|\n|poke|p2|Ursaluna-Bloodmoon, L50, M|\n|poke|p2|Whimsicott, L50, F|\n|poke|p2|Incineroar, L50, M|\n|poke|p2|Sneasler, L50, F|\n|poke|p2|Rillaboom, L50, F|\n|poke|p2|Ninetales-Alola, L50, F|\n|teampreview|4\n|inactive|Battle timer is ON: inactive players will automatically lose when time's up. (requested by KingV1337)\nAlexmkk23 rejected open team sheets.\n|\n|t:|1730677744\n|start\n|switch|p1a: Whimsicott|Whimsicott, L50, F|100\/100\n|switch|p1b: Armarouge|Armarouge, L50, M|100\/100\n|switch|p2a: Incineroar|Incineroar, L50, M|100\/100\n|switch|p2b: Whimsicott|Whimsicott, L50, F|100\/100\n|-ability|p2a: Incineroar|Intimidate|boost\n|-unboost|p1a: Whimsicott|atk|1\n|-unboost|p1b: Armarouge|atk|1\n|turn|1\n|\n|t:|1730677760\n|move|p1b: Armarouge|Protect|p1b: Armarouge\n|-singleturn|p1b: Armarouge|Protect\n|move|p1a: Whimsicott|Tailwind|p1a: Whimsicott\n|-sidestart|p1: KingV1337|move: Tailwind\n|move|p2b: Whimsicott|Moonblast|p1b: Armarouge\n|-activate|p1b: Armarouge|move: Protect\n|move|p2a: Incineroar|Knock Off|p1b: Armarouge\n|-activate|p1b: Armarouge|move: Protect\n|\n|upkeep\n|turn|2\n|j| mr pogostick\n|\n|t:|1730677777\n|switch|p1b: Indeedee|Indeedee, L50, M|100\/100\n|-fieldstart|move: Psychic Terrain|[from] ability: Psychic Surge|[of] p1b: Indeedee\n|switch|p2a: Rillaboom|Rillaboom, L50, F|100\/100\n|-fieldstart|move: Grassy Terrain|[from] ability: Grassy Surge|[of] p2a: Rillaboom\n|move|p1a: Whimsicott|Encore|p2b: Whimsicott\n|-start|p2b: Whimsicott|Encore\n|move|p2b: Whimsicott|Moonblast|p1a: Whimsicott\n|-damage|p1a: Whimsicott|55\/100\n|\n|-heal|p1a: Whimsicott|60\/100|[from] Grassy Terrain\n|upkeep\n|turn|3\n|\n|t:|1730677800\n|switch|p1b: Sneasler|Sneasler, L50, F|100\/100\n|switch|p1a: Armarouge|Armarouge, L50, M|100\/100\n|move|p2b: Whimsicott|Moonblast|p1b: Sneasler\n|-crit|p1b: Sneasler\n|-damage|p1b: Sneasler|25\/100\n|-unboost|p1b: Sneasler|spa|1\n|move|p2a: Rillaboom|High Horsepower|p1b: Sneasler\n|-supereffective|p1b: Sneasler\n|-damage|p1b: Sneasler|0 fnt\n|faint|p1b: Sneasler\n|\n|upkeep\n|\n|t:|1730677805\n|switch|p1b: Indeedee|Indeedee, L50, M|100\/100\n|-fieldstart|move: Psychic Terrain|[from] ability: Psychic Surge|[of] p1b: Indeedee\n|turn|4\n|\n|t:|1730677829\n|switch|p2b: Ninetales|Ninetales-Alola, L50, F|100\/100\n|-weather|Snow|[from] ability: Snow Warning|[of] p2b: Ninetales\n|switch|p2a: Incineroar|Incineroar, L50, M|100\/100\n|-ability|p2a: Incineroar|Intimidate|boost\n|-unboost|p1a: Armarouge|atk|1\n|-unboost|p1b: Indeedee|atk|1\n|move|p1b: Indeedee|Trick|p2a: Incineroar\n|-activate|p1b: Indeedee|move: Trick|[of] p2a: Incineroar\n|-item|p2a: Incineroar|Choice Scarf|[from] move: Trick\n|-item|p1b: Indeedee|Safety Goggles|[from] move: Trick\n|move|p1a: Armarouge|Expanding Force|p2a: Incineroar|[spread] p2b\n|-immune|p2a: Incineroar\n|-damage|p2b: Ninetales|19\/100\n|\n|-weather|Snow|[upkeep]\n|-sideend|p1: KingV1337|move: Tailwind\n|upkeep\n|turn|5\n|\n|t:|1730677850\n|move|p2b: Ninetales|Blizzard|p1a: Armarouge|[spread] p1a,p1b\n|-resisted|p1a: Armarouge\n|-damage|p1a: Armarouge|71\/100\n|-damage|p1b: Indeedee|39\/100\n|move|p2a: Incineroar|Knock Off|p1b: Indeedee\n|-supereffective|p1b: Indeedee\n|-damage|p1b: Indeedee|0 fnt\n|-enditem|p1b: Indeedee|Safety Goggles|[from] move: Knock Off|[of] p2a: Incineroar\n|faint|p1b: Indeedee\n|move|p1a: Armarouge|Aura Sphere|p2a: Incineroar\n|-supereffective|p2a: Incineroar\n|-damage|p2a: Incineroar|39\/100\n|\n|-weather|Snow|[upkeep]\n|upkeep\n|\n|t:|1730677853\n|switch|p1b: Whimsicott|Whimsicott, L50, F|60\/100\n|turn|6\n|\n|t:|1730677868\n|switch|p2a: Rillaboom|Rillaboom, L50, F|100\/100\n|-fieldstart|move: Grassy Terrain|[from] ability: Grassy Surge|[of] p2a: Rillaboom\n|move|p1b: Whimsicott|Moonblast|p2b: Ninetales\n|-damage|p2b: Ninetales|0 fnt\n|faint|p2b: Ninetales\n|move|p1a: Armarouge|Aura Sphere|p2a: Rillaboom\n|-damage|p2a: Rillaboom|79\/100\n|\n|-weather|Snow|[upkeep]\n|-heal|p1b: Whimsicott|66\/100|[from] Grassy Terrain\n|-heal|p1a: Armarouge|77\/100|[from] Grassy Terrain\n|-heal|p2a: Rillaboom|85\/100|[from] Grassy Terrain\n|upkeep\n|\n|t:|1730677883\n|switch|p2b: Whimsicott|Whimsicott, L50, F|100\/100\n|turn|7\n|\n|t:|1730677893\n|-terastallize|p2a: Rillaboom|Fire\n|move|p2b: Whimsicott|Tailwind|p2b: Whimsicott\n|-sidestart|p2: Alexmkk23|move: Tailwind\n|move|p1b: Whimsicott|Tailwind|p1b: Whimsicott\n|-sidestart|p1: KingV1337|move: Tailwind\n|move|p1a: Armarouge|Armor Cannon|p2a: Rillaboom\n|-resisted|p2a: Rillaboom\n|-damage|p2a: Rillaboom|62\/100\n|-unboost|p1a: Armarouge|def|1\n|-unboost|p1a: Armarouge|spd|1\n|move|p2a: Rillaboom|High Horsepower|p1a: Armarouge|[miss]\n|-miss|p2a: Rillaboom|p1a: Armarouge\n|\n|-weather|Snow|[upkeep]\n|-heal|p1b: Whimsicott|72\/100|[from] Grassy Terrain\n|-heal|p1a: Armarouge|83\/100|[from] Grassy Terrain\n|-heal|p2a: Rillaboom|68\/100|[from] Grassy Terrain\n|upkeep\n|turn|8\n|inactive|KingV1337 has 30 seconds left.\n|inactive|Alexmkk23 has 30 seconds left.\n|\n|t:|1730677920\n|-terastallize|p1a: Armarouge|Psychic\n|move|p2b: Whimsicott|Encore|p1b: Whimsicott\n|-start|p1b: Whimsicott|Encore\n|move|p1b: Whimsicott|Tailwind||[still]\n|-fail|p1b: Whimsicott\n|move|p1a: Armarouge|Expanding Force|p2a: Rillaboom\n|-damage|p2a: Rillaboom|26\/100\n|move|p2a: Rillaboom|High Horsepower|p1a: Armarouge\n|-damage|p1a: Armarouge|31\/100\n|-ability|p1a: Armarouge|Weak Armor|boost\n|-unboost|p1a: Armarouge|def|1\n|-boost|p1a: Armarouge|spe|2\n|\n|-weather|none\n|-heal|p1a: Armarouge|37\/100|[from] Grassy Terrain\n|-heal|p1b: Whimsicott|77\/100|[from] Grassy Terrain\n|-heal|p2a: Rillaboom|32\/100|[from] Grassy Terrain\n|upkeep\n|turn|9\n|\n|t:|1730677941\n|move|p1b: Whimsicott|Tailwind||[still]\n|-fail|p1b: Whimsicott\n|move|p2a: Rillaboom|Grassy Glide|p1a: Armarouge\n|-damage|p1a: Armarouge|0 fnt\n|faint|p1a: Armarouge\n|move|p2b: Whimsicott|Moonblast|p1b: Whimsicott\n|-damage|p1b: Whimsicott|31\/100\n|\n|-heal|p1b: Whimsicott|37\/100|[from] Grassy Terrain\n|-heal|p2a: Rillaboom|38\/100|[from] Grassy Terrain\n|upkeep\n|turn|10\n|-message|KingV1337 forfeited.\n|\n|win|Alexmkk23\n|raw|KingV1337's rating: 1703 &rarr; <strong>1680<\/strong><br \/>(-23 for losing)\n|raw|Alexmkk23's rating: 1653 &rarr; <strong>1676<\/strong><br \/>(+23 for winning)\n|l|\u2606KingV1337\n|player|p1|\n|l| mr pogostick\n|c|\u2606Alexmkk23|Gg\n|l|\u2606Alexmkk23\n|player|p2|\n","uploadtime":1730678129,"views":21,"formatid":"gen9vgc2024regh","rating":1676,"private":0,"password":null}