{"id":"gen9vgc2024regh-2236554567","format":"[Gen 9] VGC 2024 Reg H","players":["GBVGC X76","htotoT"],"log":"|j|\u2606GBVGC X76\n|j|\u2606htotoT\n|t:|1730643473\n|gametype|doubles\n|player|p1|GBVGC X76|hanbei-conquest|1883\n|player|p2|htotoT|101|1820\n|teamsize|p1|6\n|teamsize|p2|6\n|gen|9\n|tier|[Gen 9] VGC 2024 Reg H\n|rated|\n|rule|Species Clause: Limit one of each Pok\u00e9mon\n|rule|Item Clause: Limit 1 of each item\n|clearpoke\n|poke|p1|Smeargle, L50, M|\n|poke|p1|Farigiraf, L50, F|\n|poke|p1|Grimmsnarl, L50, M|\n|poke|p1|Torkoal, L50, F|\n|poke|p1|Ursaluna-Bloodmoon, L50, M|\n|poke|p1|Kingambit, L50, F|\n|poke|p2|Gholdengo, L50|\n|poke|p2|Murkrow, L50, F|\n|poke|p2|Pelipper, L50, M|\n|poke|p2|Archaludon, L50, M|\n|poke|p2|Amoonguss, L50, F|\n|poke|p2|Basculegion-F, L50, F|\n|teampreview|4\n|inactive|Battle timer is ON: inactive players will automatically lose when time's up. (requested by htotoT)\n|\n|t:|1730643499\n|start\n|switch|p1a: Smeargle|Smeargle, L50, M|100\/100\n|switch|p1b: Farigiraf|Farigiraf, L50, F|100\/100\n|switch|p2a: Gholdengo|Gholdengo, L50|100\/100\n|switch|p2b: Amoonguss|Amoonguss, L50, F|100\/100\n|turn|1\n|\n|t:|1730643519\n|move|p1a: Smeargle|Follow Me|p1a: Smeargle\n|-singleturn|p1a: Smeargle|move: Follow Me\n|move|p2a: Gholdengo|Trick|p1a: Smeargle\n|-activate|p2a: Gholdengo|move: Trick|[of] p1a: Smeargle\n|-item|p1a: Smeargle|Choice Specs|[from] move: Trick\n|-item|p2a: Gholdengo|Eject Pack|[from] move: Trick\n|move|p2b: Amoonguss|Spore|p1a: Smeargle\n|-status|p1a: Smeargle|slp|[from] move: Spore\n|move|p1b: Farigiraf|Trick Room|p1b: Farigiraf\n|-fieldstart|move: Trick Room|[of] p1b: Farigiraf\n|\n|-ability|p1a: Smeargle|Moody|boost\n|-boost|p1a: Smeargle|atk|2\n|-unboost|p1a: Smeargle|def|1\n|upkeep\n|turn|2\n|\n|t:|1730643536\n|switch|p1a: Kingambit|Kingambit, L50, F|100\/100\n|-terastallize|p2a: Gholdengo|Steel\n|move|p2b: Amoonguss|Rage Powder|p2b: Amoonguss\n|-singleturn|p2b: Amoonguss|move: Rage Powder\n|move|p1b: Farigiraf|Twin Beam|p2b: Amoonguss\n|-supereffective|p2b: Amoonguss\n|-damage|p2b: Amoonguss|76\/100\n|-supereffective|p2b: Amoonguss\n|-crit|p2b: Amoonguss\n|-damage|p2b: Amoonguss|38\/100\n|-hitcount|p2b: Amoonguss|2\n|move|p2a: Gholdengo|Make It Rain|p1b: Farigiraf|[spread] p1a,p1b\n|-resisted|p1a: Kingambit\n|-damage|p1a: Kingambit|69\/100\n|-damage|p1b: Farigiraf|50\/100\n|-unboost|p2a: Gholdengo|spa|1\n|-enditem|p2a: Gholdengo|Eject Pack\n|inactive|htotoT has 30 seconds left.\n|\n|t:|1730643563\n|switch|p2a: Archaludon|Archaludon, L50, M|100\/100\n|\n|upkeep\n|turn|3\n|\n|t:|1730643580\n|-terastallize|p1a: Kingambit|Dark\n|move|p2b: Amoonguss|Pollen Puff|p1b: Farigiraf\n|-supereffective|p1b: Farigiraf\n|-damage|p1b: Farigiraf|19\/100\n|move|p1b: Farigiraf|Uproar|p2a: Archaludon\n|-resisted|p2a: Archaludon\n|-damage|p2a: Archaludon|84\/100\n|-start|p1b: Farigiraf|Uproar\n|-ability|p2a: Archaludon|Stamina|boost\n|-boost|p2a: Archaludon|def|1\n|move|p1a: Kingambit|Kowtow Cleave|p2a: Archaludon\n|-damage|p2a: Archaludon|41\/100\n|-ability|p2a: Archaludon|Stamina|boost\n|-boost|p2a: Archaludon|def|1\n|move|p2a: Archaludon|Aura Sphere|p1a: Kingambit\n|-supereffective|p1a: Kingambit\n|-damage|p1a: Kingambit|17\/100\n|\n|-start|p1b: Farigiraf|Uproar|[upkeep]\n|upkeep\n|turn|4\n|inactive|htotoT has 30 seconds left.\n|\n|t:|1730643608\n|move|p1a: Kingambit|Sucker Punch|p2b: Amoonguss\n|-damage|p2b: Amoonguss|0 fnt\n|faint|p2b: Amoonguss\n|move|p1b: Farigiraf|Uproar|p2a: Archaludon|[from]lockedmove\n|-resisted|p2a: Archaludon\n|-damage|p2a: Archaludon|25\/100\n|-ability|p2a: Archaludon|Stamina|boost\n|-boost|p2a: Archaludon|def|1\n|move|p2a: Archaludon|Dragon Pulse|p1b: Farigiraf\n|-damage|p1b: Farigiraf|0 fnt\n|faint|p1b: Farigiraf\n|\n|upkeep\n|\n|t:|1730643626\n|switch|p2b: Gholdengo|Gholdengo, L50, tera:Steel|100\/100\n|switch|p1b: Ursaluna|Ursaluna-Bloodmoon, L50, M|100\/100\n|turn|5\n|\n|t:|1730643636\n|move|p1a: Kingambit|Kowtow Cleave|p2a: Archaludon\n|-damage|p2a: Archaludon|0 fnt\n|faint|p2a: Archaludon\n|move|p1b: Ursaluna|Earth Power|p2b: Gholdengo\n|-supereffective|p2b: Gholdengo\n|-crit|p2b: Gholdengo\n|-damage|p2b: Gholdengo|0 fnt\n|faint|p2b: Gholdengo\n|-damage|p1b: Ursaluna|90\/100|[from] item: Life Orb\n|\n|-fieldend|move: Trick Room\n|upkeep\n|\n|t:|1730643642\n|switch|p2b: Pelipper|Pelipper, L50, M|100\/100\n|-weather|RainDance|[from] ability: Drizzle|[of] p2b: Pelipper\n|turn|6\n|\n|t:|1730643653\n|move|p1a: Kingambit|Sucker Punch|p2b: Pelipper\n|-damage|p2b: Pelipper|15\/100\n|move|p2b: Pelipper|Hurricane|p1a: Kingambit\n|-damage|p1a: Kingambit|0 fnt\n|faint|p1a: Kingambit\n|move|p1b: Ursaluna|Hyper Voice|p2b: Pelipper\n|-damage|p2b: Pelipper|0 fnt\n|faint|p2b: Pelipper\n|-damage|p1b: Ursaluna|80\/100|[from] item: Life Orb\n|\n|win|GBVGC X76\n|raw|GBVGC X76's rating: 1883 &rarr; <strong>1899<\/strong><br \/>(+16 for winning)\n|raw|htotoT's rating: 1820 &rarr; <strong>1804<\/strong><br \/>(-16 for losing)\n|l|\u2606htotoT\n|player|p2|\n|l|\u2606GBVGC X76\n|player|p1|\n","uploadtime":1730643896,"views":72,"formatid":"gen9vgc2024regh","rating":1804,"private":0,"password":null}