{"id":"gen9vgc2024regh-2236549484","format":"[Gen 9] VGC 2024 Reg H","players":["htotoT","GBVGC X76"],"log":"|j|\u2606htotoT\n|j|\u2606GBVGC X76\n|t:|1730642743\n|gametype|doubles\n|player|p1|htotoT|101|1803\n|player|p2|GBVGC X76|hanbei-conquest|1841\n|teamsize|p1|6\n|teamsize|p2|6\n|gen|9\n|tier|[Gen 9] VGC 2024 Reg H\n|rated|\n|rule|Species Clause: Limit one of each Pok\u00e9mon\n|rule|Item Clause: Limit 1 of each item\n|clearpoke\n|poke|p1|Gholdengo, L50|\n|poke|p1|Murkrow, L50, F|\n|poke|p1|Pelipper, L50, M|\n|poke|p1|Archaludon, L50, M|\n|poke|p1|Amoonguss, L50, F|\n|poke|p1|Basculegion-F, L50, F|\n|poke|p2|Smeargle, L50, M|\n|poke|p2|Farigiraf, L50, F|\n|poke|p2|Grimmsnarl, L50, M|\n|poke|p2|Torkoal, L50, F|\n|poke|p2|Ursaluna-Bloodmoon, L50, M|\n|poke|p2|Kingambit, L50, F|\n|teampreview|4\n|inactive|Battle timer is ON: inactive players will automatically lose when time's up. (requested by htotoT)\n|\n|t:|1730642767\n|start\n|switch|p1a: Amoonguss|Amoonguss, L50, F|100\/100\n|switch|p1b: Gholdengo|Gholdengo, L50|100\/100\n|switch|p2a: Smeargle|Smeargle, L50, M|100\/100\n|switch|p2b: Farigiraf|Farigiraf, L50, F|100\/100\n|turn|1\n|\n|t:|1730642783\n|-terastallize|p1b: Gholdengo|Steel\n|move|p2a: Smeargle|Wide Guard|p2a: Smeargle\n|-singleturn|p2a: Smeargle|Wide Guard\n|move|p1b: Gholdengo|Make It Rain|p2b: Farigiraf|[spread] \n|-activate|p2a: Smeargle|move: Wide Guard\n|-activate|p2b: Farigiraf|move: Wide Guard\n|move|p1a: Amoonguss|Spore|p2b: Farigiraf\n|-ability|p2b: Farigiraf|Sap Sipper|boost\n|-boost|p2b: Farigiraf|atk|1\n|move|p2b: Farigiraf|Trick Room|p2b: Farigiraf\n|-fieldstart|move: Trick Room|[of] p2b: Farigiraf\n|\n|-ability|p2a: Smeargle|Moody|boost\n|-boost|p2a: Smeargle|atk|2\n|-unboost|p2a: Smeargle|spe|1\n|-enditem|p2a: Smeargle|Eject Pack\n|upkeep\n|\n|t:|1730642794\n|switch|p2a: Kingambit|Kingambit, L50, F|100\/100\n|turn|2\n|\n|t:|1730642816\n|switch|p1a: Archaludon|Archaludon, L50, M|100\/100\n|move|p2b: Farigiraf|Uproar|p1b: Gholdengo\n|-resisted|p1b: Gholdengo\n|-damage|p1b: Gholdengo|81\/100\n|-start|p2b: Farigiraf|Uproar\n|move|p2a: Kingambit|Kowtow Cleave|p1b: Gholdengo\n|-damage|p1b: Gholdengo|10\/100\n|move|p1b: Gholdengo|Make It Rain|p2a: Kingambit|[spread] p2a,p2b\n|-resisted|p2a: Kingambit\n|-damage|p2a: Kingambit|50\/100\n|-damage|p2b: Farigiraf|15\/100\n|-unboost|p1b: Gholdengo|spa|1\n|\n|-start|p2b: Farigiraf|Uproar|[upkeep]\n|upkeep\n|turn|3\n|\n|t:|1730642836\n|switch|p1b: Amoonguss|Amoonguss, L50, F|100\/100\n|move|p2b: Farigiraf|Uproar|p1a: Archaludon|[from]lockedmove\n|-resisted|p1a: Archaludon\n|-damage|p1a: Archaludon|85\/100\n|-ability|p1a: Archaludon|Stamina|boost\n|-boost|p1a: Archaludon|def|1\n|move|p2a: Kingambit|Kowtow Cleave|p1a: Archaludon\n|-damage|p1a: Archaludon|47\/100\n|-ability|p1a: Archaludon|Stamina|boost\n|-boost|p1a: Archaludon|def|1\n|move|p1a: Archaludon|Aura Sphere|p2a: Kingambit\n|-supereffective|p2a: Kingambit\n|-damage|p2a: Kingambit|0 fnt\n|faint|p2a: Kingambit\n|\n|-start|p2b: Farigiraf|Uproar|[upkeep]\n|upkeep\n|\n|t:|1730642842\n|switch|p2a: Ursaluna|Ursaluna-Bloodmoon, L50, M|100\/100\n|turn|4\n|\n|t:|1730642858\n|-terastallize|p2a: Ursaluna|Normal\n|move|p1b: Amoonguss|Spore|p2a: Ursaluna\n|-fail|p2a: Ursaluna|slp|[from] Uproar\n|move|p2b: Farigiraf|Uproar|p1a: Archaludon|[from]lockedmove\n|-resisted|p1a: Archaludon\n|-damage|p1a: Archaludon|31\/100\n|-ability|p1a: Archaludon|Stamina|boost\n|-boost|p1a: Archaludon|def|1\n|move|p2a: Ursaluna|Hyper Voice|p1b: Amoonguss|[spread] p1a,p1b\n|-resisted|p1a: Archaludon\n|-damage|p1a: Archaludon|0 fnt\n|-damage|p1b: Amoonguss|44\/100\n|faint|p1a: Archaludon\n|-damage|p2a: Ursaluna|90\/100|[from] item: Life Orb\n|\n|-end|p2b: Farigiraf|Uproar\n|upkeep\n|\n|t:|1730642871\n|switch|p1a: Pelipper|Pelipper, L50, M|100\/100\n|-weather|RainDance|[from] ability: Drizzle|[of] p1a: Pelipper\n|turn|5\n|inactive|GBVGC X76 has 30 seconds left.\n|inactive|GBVGC X76 has 20 seconds left.\n|\n|t:|1730642908\n|move|p2a: Ursaluna|Protect|p2a: Ursaluna\n|-singleturn|p2a: Ursaluna|Protect\n|move|p1b: Amoonguss|Spore|p2a: Ursaluna\n|-activate|p2a: Ursaluna|move: Protect\n|move|p2b: Farigiraf|Twin Beam|p1b: Amoonguss\n|-supereffective|p1b: Amoonguss\n|-crit|p1b: Amoonguss\n|-damage|p1b: Amoonguss|7\/100\n|-supereffective|p1b: Amoonguss\n|-damage|p1b: Amoonguss|0 fnt\n|faint|p1b: Amoonguss\n|-hitcount|p1: Amoonguss|2\n|move|p1a: Pelipper|Weather Ball|p2b: Farigiraf\n|-damage|p2b: Farigiraf|0 fnt\n|faint|p2b: Farigiraf\n|\n|-weather|RainDance|[upkeep]\n|-fieldend|move: Trick Room\n|upkeep\n|\n|t:|1730642913\n|switch|p2b: Smeargle|Smeargle, L50, M|100\/100\n|switch|p1b: Gholdengo|Gholdengo, L50, tera:Steel|10\/100\n|turn|6\n|\n|t:|1730642925\n|move|p2b: Smeargle|Fake Out|p1b: Gholdengo\n|-resisted|p1b: Gholdengo\n|-damage|p1b: Gholdengo|7\/100\n|cant|p1b: Gholdengo|flinch\n|move|p1a: Pelipper|Weather Ball|p2a: Ursaluna\n|-damage|p2a: Ursaluna|22\/100\n|move|p2a: Ursaluna|Hyper Voice|p1a: Pelipper|[spread] p1a,p1b\n|-resisted|p1b: Gholdengo\n|-enditem|p1a: Pelipper|Focus Sash\n|-damage|p1a: Pelipper|1\/100\n|-damage|p1b: Gholdengo|0 fnt\n|faint|p1b: Gholdengo\n|-damage|p2a: Ursaluna|12\/100|[from] item: Life Orb\n|\n|-weather|RainDance|[upkeep]\n|-ability|p2b: Smeargle|Moody|boost\n|-boost|p2b: Smeargle|spa|2\n|-unboost|p2b: Smeargle|atk|1\n|upkeep\n|turn|7\n|-message|htotoT forfeited.\n|\n|win|GBVGC X76\n|raw|htotoT's rating: 1803 &rarr; <strong>1785<\/strong><br \/>(-18 for losing)\n|raw|GBVGC X76's rating: 1841 &rarr; <strong>1859<\/strong><br \/>(+18 for winning)\n|l|\u2606htotoT\n|player|p1|\n","uploadtime":1730643206,"views":50,"formatid":"gen9vgc2024regh","rating":1785,"private":0,"password":null}