{"id":"gen9vgc2024regh-2236006643","format":"[Gen 9] VGC 2024 Reg H","players":["bluestraggler02","GBVGC X76"],"log":"|j|\u2606bluestraggler02\n|j|\u2606GBVGC X76\n|t:|1730561124\n|gametype|doubles\n|player|p1|bluestraggler02|101|1793\n|player|p2|GBVGC X76|hanbei-conquest|1815\n|teamsize|p1|6\n|teamsize|p2|6\n|gen|9\n|tier|[Gen 9] VGC 2024 Reg H\n|rated|\n|rule|Species Clause: Limit one of each Pok\u00e9mon\n|rule|Item Clause: Limit 1 of each item\n|clearpoke\n|poke|p1|Skeledirge, L50, M|\n|poke|p1|Porygon2, L50|\n|poke|p1|Ursaluna, L50, F|\n|poke|p1|Amoonguss, L50, M|\n|poke|p1|Maushold-Four, L50|\n|poke|p1|Archaludon, L50, F|\n|poke|p2|Smeargle, L50, F|\n|poke|p2|Farigiraf, L50, M|\n|poke|p2|Grimmsnarl, L50, M|\n|poke|p2|Torkoal, L50, F|\n|poke|p2|Ursaluna-Bloodmoon, L50, M|\n|poke|p2|Kingambit, L50, M|\n|teampreview|4\n|j| Therazer456\n|inactive|Battle timer is ON: inactive players will automatically lose when time's up. (requested by GBVGC X76)\n|\n|t:|1730561166\n|start\n|switch|p1a: Porygon2|Porygon2, L50|100\/100\n|switch|p1b: Maushold|Maushold-Four, L50|100\/100\n|switch|p2a: Smeargle|Smeargle, L50, F|100\/100\n|switch|p2b: Farigiraf|Farigiraf, L50, M|100\/100\n|-ability|p1a: Porygon2|Download|boost\n|-boost|p1a: Porygon2|atk|1\n|turn|1\n|\n|t:|1730561189\n|-terastallize|p2a: Smeargle|Ghost\n|move|p1b: Maushold|Taunt|p2a: Smeargle\n|-start|p2a: Smeargle|move: Taunt\n|cant|p2a: Smeargle|move: Taunt|Spore\n|move|p2b: Farigiraf|Trick Room|p2b: Farigiraf\n|-fieldstart|move: Trick Room|[of] p2b: Farigiraf\n|move|p1a: Porygon2|Trick Room|p1a: Porygon2\n|-fieldend|move: Trick Room\n|\n|-ability|p2a: Smeargle|Moody|boost\n|-boost|p2a: Smeargle|spd|2\n|-unboost|p2a: Smeargle|atk|1\n|-enditem|p2a: Smeargle|Eject Pack\n|upkeep\n|\n|t:|1730561196\n|switch|p2a: Ursaluna|Ursaluna-Bloodmoon, L50, M|100\/100\n|turn|2\n|\n|t:|1730561207\n|move|p1b: Maushold|Population Bomb|p2b: Farigiraf\n|-damage|p2b: Farigiraf|90\/100\n|-damage|p2b: Farigiraf|79\/100\n|-damage|p2b: Farigiraf|68\/100\n|-damage|p2b: Farigiraf|59\/100\n|-damage|p2b: Farigiraf|48\/100\n|-damage|p2b: Farigiraf|38\/100\n|-damage|p2b: Farigiraf|27\/100\n|-crit|p2b: Farigiraf\n|-damage|p2b: Farigiraf|11\/100\n|-damage|p2b: Farigiraf|0 fnt\n|faint|p2b: Farigiraf\n|-hitcount|p2: Farigiraf|9\n|move|p2a: Ursaluna|Blood Moon|p1b: Maushold\n|-damage|p1b: Maushold|0 fnt\n|faint|p1b: Maushold\n|-damage|p2a: Ursaluna|90\/100|[from] item: Life Orb\n|move|p1a: Porygon2|Tera Blast|p2a: Ursaluna\n|-damage|p2a: Ursaluna|56\/100\n|\n|upkeep\n|\n|t:|1730561225\n|switch|p1b: Archaludon|Archaludon, L50, F|100\/100\n|switch|p2b: Smeargle|Smeargle, L50, F, tera:Ghost|100\/100\n|turn|3\n|\n|t:|1730561239\n|switch|p2a: Torkoal|Torkoal, L50, F|100\/100\n|-weather|SunnyDay|[from] ability: Drought|[of] p2a: Torkoal\n|move|p1a: Porygon2|Protect|p1a: Porygon2\n|-singleturn|p1a: Porygon2|Protect\n|move|p2b: Smeargle|Spore|p1b: Archaludon\n|-status|p1b: Archaludon|slp|[from] move: Spore\n|cant|p1b: Archaludon|slp\n|\n|-weather|SunnyDay|[upkeep]\n|-ability|p2b: Smeargle|Moody|boost\n|-boost|p2b: Smeargle|spa|2\n|-unboost|p2b: Smeargle|spe|1\n|upkeep\n|turn|4\n|\n|t:|1730561254\n|-terastallize|p1a: Porygon2|Water\n|cant|p1b: Archaludon|slp\n|move|p2b: Smeargle|Spore|p1a: Porygon2\n|-status|p1a: Porygon2|slp|[from] move: Spore\n|cant|p1a: Porygon2|slp\n|move|p2a: Torkoal|Eruption|p1b: Archaludon|[spread] p1a,p1b\n|-resisted|p1a: Porygon2\n|-damage|p1a: Porygon2|66\/100 slp\n|-damage|p1b: Archaludon|0 fnt\n|faint|p1b: Archaludon\n|\n|-weather|SunnyDay|[upkeep]\n|-ability|p2b: Smeargle|Moody|boost\n|-boost|p2b: Smeargle|atk|2\n|-unboost|p2b: Smeargle|def|1\n|upkeep\n|\n|t:|1730561265\n|switch|p1b: Ursaluna|Ursaluna, L50, F|100\/100\n|turn|5\n|\n|t:|1730561275\n|move|p1b: Ursaluna|Protect|p1b: Ursaluna\n|-singleturn|p1b: Ursaluna|Protect\n|move|p2b: Smeargle|Spore|p1b: Ursaluna\n|-activate|p1b: Ursaluna|move: Protect\n|cant|p1a: Porygon2|slp\n|move|p2a: Torkoal|Eruption|p1a: Porygon2|[spread] p1a\n|-activate|p1b: Ursaluna|move: Protect\n|-resisted|p1a: Porygon2\n|-damage|p1a: Porygon2|34\/100 slp\n|\n|-weather|SunnyDay|[upkeep]\n|-ability|p2b: Smeargle|Moody|boost\n|-boost|p2b: Smeargle|spa|2\n|-unboost|p2b: Smeargle|spd|1\n|-status|p1b: Ursaluna|brn|[from] item: Flame Orb\n|upkeep\n|turn|6\n|inactive|bluestraggler02 has 30 seconds left.\n|inactive|bluestraggler02 has 20 seconds left.\n|\n|t:|1730561311\n|move|p2b: Smeargle|Follow Me|p2b: Smeargle\n|-singleturn|p2b: Smeargle|move: Follow Me\n|move|p1b: Ursaluna|High Horsepower|p2b: Smeargle\n|-damage|p2b: Smeargle|0 fnt\n|faint|p2b: Smeargle\n|move|p2a: Torkoal|Eruption|p1b: Ursaluna|[spread] p1a,p1b\n|-resisted|p1a: Porygon2\n|-damage|p1a: Porygon2|3\/100 slp\n|-damage|p1b: Ursaluna|13\/100 brn\n|cant|p1a: Porygon2|slp\n|\n|-weather|SunnyDay|[upkeep]\n|-damage|p1b: Ursaluna|7\/100 brn|[from] brn\n|upkeep\n|\n|t:|1730561319\n|switch|p2b: Ursaluna|Ursaluna-Bloodmoon, L50, M|56\/100\n|turn|7\n|-message|bluestraggler02 forfeited.\n|\n|win|GBVGC X76\n|raw|bluestraggler02's rating: 1793 &rarr; <strong>1774<\/strong><br \/>(-19 for losing)\n|raw|GBVGC X76's rating: 1815 &rarr; <strong>1834<\/strong><br \/>(+19 for winning)\n|l|\u2606bluestraggler02\n|player|p1|\n|l|\u2606GBVGC X76\n|player|p2|\n|l| Therazer456\n","uploadtime":1730561578,"views":60,"formatid":"gen9vgc2024regh","rating":1774,"private":0,"password":null}