{"id":"gen9vgc2024regh-2236589886","format":"[Gen 9] VGC 2024 Reg H","players":["Kumuk","maya ayasato"],"log":"|j|\u2606Kumuk\n|j|\u2606maya ayasato\n|t:|1730648199\n|gametype|doubles\n|player|p1|Kumuk|battlegirl-gen4|1702\n|player|p2|maya ayasato|cynthia|1729\n|teamsize|p1|6\n|teamsize|p2|6\n|gen|9\n|tier|[Gen 9] VGC 2024 Reg H\n|rated|\n|rule|Species Clause: Limit one of each Pok\u00e9mon\n|rule|Item Clause: Limit 1 of each item\n|clearpoke\n|poke|p1|Incineroar, L50, F|\n|poke|p1|Rillaboom, L50, F|\n|poke|p1|Gholdengo, L50|\n|poke|p1|Hydreigon, L50, M|\n|poke|p1|Amoonguss, L50, F|\n|poke|p1|Basculegion, L50, M|\n|poke|p2|Gholdengo, L50|\n|poke|p2|Annihilape, L50, M|\n|poke|p2|Maushold, L50|\n|poke|p2|Dondozo, L50, F|\n|poke|p2|Murkrow, L50, M|\n|poke|p2|Tatsugiri, L50, F|\n|teampreview|4\n|inactive|Battle timer is ON: inactive players will automatically lose when time's up. (requested by Kumuk)\n|\n|t:|1730648226\n|start\n|switch|p1a: Hydreigon|Hydreigon, L50, M|100\/100\n|switch|p1b: Amoonguss|Amoonguss, L50, F|100\/100\n|switch|p2a: Annihilape|Annihilape, L50, M|100\/100\n|switch|p2b: Maushold|Maushold, L50|100\/100\n|turn|1\n|inactive|maya ayasato has 30 seconds left.\n|\n|t:|1730648260\n|move|p1b: Amoonguss|Rage Powder|p1b: Amoonguss\n|-singleturn|p1b: Amoonguss|move: Rage Powder\n|move|p2b: Maushold|Population Bomb|p1b: Amoonguss\n|-damage|p1b: Amoonguss|90\/100\n|-damage|p1b: Amoonguss|78\/100\n|-damage|p1b: Amoonguss|67\/100\n|-damage|p1b: Amoonguss|56\/100\n|-damage|p1b: Amoonguss|45\/100\n|-damage|p1b: Amoonguss|34\/100\n|-damage|p1b: Amoonguss|22\/100\n|-damage|p1b: Amoonguss|11\/100\n|-damage|p1b: Amoonguss|0 fnt\n|faint|p1b: Amoonguss\n|-hitcount|p1: Amoonguss|9\n|move|p2a: Annihilape|Close Combat|p1a: Hydreigon\n|-supereffective|p1a: Hydreigon\n|-damage|p1a: Hydreigon|0 fnt\n|-unboost|p2a: Annihilape|def|1\n|-unboost|p2a: Annihilape|spd|1\n|faint|p1a: Hydreigon\n|\n|upkeep\n|\n|t:|1730648275\n|switch|p1a: Gholdengo|Gholdengo, L50|100\/100\n|switch|p1b: Rillaboom|Rillaboom, L50, F|100\/100\n|-fieldstart|move: Grassy Terrain|[from] ability: Grassy Surge|[of] p1b: Rillaboom\n|turn|2\n|\n|t:|1730648290\n|switch|p2b: Gholdengo|Gholdengo, L50|100\/100\n|switch|p2a: Murkrow|Murkrow, L50, M|100\/100\n|move|p1b: Rillaboom|Fake Out|p2b: Gholdengo\n|-immune|p2b: Gholdengo\n|move|p1a: Gholdengo|Nasty Plot|p1a: Gholdengo\n|-boost|p1a: Gholdengo|spa|2\n|\n|upkeep\n|turn|3\n|j| lswagh\n|\n|t:|1730648306\n|-terastallize|p2b: Gholdengo|Steel\n|move|p1a: Gholdengo|Protect|p1a: Gholdengo\n|-singleturn|p1a: Gholdengo|Protect\n|move|p2a: Murkrow|Tailwind|p2a: Murkrow\n|-sidestart|p2: maya ayasato|move: Tailwind\n|move|p2b: Gholdengo|Make It Rain|p1b: Rillaboom|[spread] p1b\n|-activate|p1a: Gholdengo|move: Protect\n|-damage|p1b: Rillaboom|45\/100\n|-unboost|p2b: Gholdengo|spa|1\n|move|p1b: Rillaboom|Wood Hammer|p2b: Gholdengo\n|-resisted|p2b: Gholdengo\n|-damage|p2b: Gholdengo|65\/100\n|-damage|p1b: Rillaboom|35\/100|[from] Recoil\n|\n|-heal|p2b: Gholdengo|71\/100|[from] Grassy Terrain\n|-heal|p1b: Rillaboom|41\/100|[from] Grassy Terrain\n|upkeep\n|turn|4\n|\n|t:|1730648328\n|-terastallize|p1b: Rillaboom|Fire\n|move|p2a: Murkrow|Haze|p2a: Murkrow\n|-clearallboost\n|move|p1b: Rillaboom|Grassy Glide|p2b: Gholdengo\n|-resisted|p2b: Gholdengo\n|-crit|p2b: Gholdengo\n|-damage|p2b: Gholdengo|47\/100\n|move|p2b: Gholdengo|Make It Rain|p1b: Rillaboom|[spread] p1a,p1b\n|-resisted|p1a: Gholdengo\n|-resisted|p1b: Rillaboom\n|-damage|p1a: Gholdengo|43\/100\n|-damage|p1b: Rillaboom|12\/100\n|-unboost|p2b: Gholdengo|spa|1\n|move|p1a: Gholdengo|Make It Rain|p2b: Gholdengo|[spread] p2a,p2b\n|-resisted|p2b: Gholdengo\n|-damage|p2a: Murkrow|25\/100\n|-damage|p2b: Gholdengo|13\/100\n|-unboost|p1a: Gholdengo|spa|1\n|\n|-heal|p2b: Gholdengo|19\/100|[from] Grassy Terrain\n|-heal|p1a: Gholdengo|50\/100|[from] Grassy Terrain\n|-heal|p1b: Rillaboom|17\/100|[from] Grassy Terrain\n|upkeep\n|turn|5\n|inactive|Kumuk has 30 seconds left.\n|\n|t:|1730648356\n|move|p1b: Rillaboom|Grassy Glide|p2b: Gholdengo\n|-resisted|p2b: Gholdengo\n|-damage|p2b: Gholdengo|1\/100\n|move|p2b: Gholdengo|Make It Rain|p1b: Rillaboom|[spread] p1a,p1b\n|-resisted|p1a: Gholdengo\n|-resisted|p1b: Rillaboom\n|-damage|p1a: Gholdengo|8\/100\n|-damage|p1b: Rillaboom|0 fnt\n|-unboost|p2b: Gholdengo|spa|1\n|faint|p1b: Rillaboom\n|move|p2a: Murkrow|Foul Play|p1a: Gholdengo\n|-supereffective|p1a: Gholdengo\n|-damage|p1a: Gholdengo|0 fnt\n|faint|p1a: Gholdengo\n|\n|win|maya ayasato\n|raw|Kumuk's rating: 1702 &rarr; <strong>1684<\/strong><br \/>(-18 for losing)\n|raw|maya ayasato's rating: 1729 &rarr; <strong>1747<\/strong><br \/>(+18 for winning)\n|l|\u2606Kumuk\n|player|p1|\n|l|\u2606maya ayasato\n|player|p2|\n","uploadtime":1730648588,"views":23,"formatid":"gen9vgc2024regh","rating":1684,"private":0,"password":null}