{"id":"gen9vgc2024regh-2236690053","format":"[Gen 9] VGC 2024 Reg H","players":["USTM","GBVGC X76"],"log":"|j|\u2606USTM\n|j|\u2606GBVGC X76\n|t:|1730660249\n|gametype|doubles\n|player|p1|USTM|170|1686\n|player|p2|GBVGC X76|hanbei-conquest|1780\n|teamsize|p1|6\n|teamsize|p2|6\n|gen|9\n|tier|[Gen 9] VGC 2024 Reg H\n|rated|\n|rule|Species Clause: Limit one of each Pok\u00e9mon\n|rule|Item Clause: Limit 1 of each item\n|clearpoke\n|poke|p1|Amoonguss, L50, M|\n|poke|p1|Incineroar, L50, M|\n|poke|p1|Kingambit, L50, M|\n|poke|p1|Ninetales-Alola, L50, M|\n|poke|p1|Garchomp, L50, F|\n|poke|p1|Dragonite, L50, F|\n|poke|p2|Smeargle, L50, F|\n|poke|p2|Farigiraf, L50, F|\n|poke|p2|Grimmsnarl, L50, M|\n|poke|p2|Torkoal, L50, M|\n|poke|p2|Ursaluna-Bloodmoon, L50, M|\n|poke|p2|Decidueye-Hisui, L50, F|\n|teampreview|4\n|inactive|Battle timer is ON: inactive players will automatically lose when time's up. (requested by GBVGC X76)\n|\n|t:|1730660266\n|start\n|switch|p1a: Garchomp|Garchomp, L50, F|100\/100\n|switch|p1b: Dragonite|Dragonite, L50, F|100\/100\n|switch|p2a: Smeargle|Smeargle, L50, F|100\/100\n|switch|p2b: Farigiraf|Farigiraf, L50, F|100\/100\n|turn|1\n|inactive|USTM has 30 seconds left.\n|inactive|USTM has 20 seconds left.\n|inactive|USTM has 15 seconds left.\n|j| stvharvey\n|inactive|USTM has 10 seconds left.\n|\n|t:|1730660312\n|-terastallize|p1b: Dragonite|Flying\n|move|p2a: Smeargle|Fake Out|p1b: Dragonite\n|-damage|p1b: Dragonite|95\/100\n|move|p1a: Garchomp|Rock Slide|p2b: Farigiraf|[spread] p2a,p2b\n|-damage|p2a: Smeargle|51\/100\n|-damage|p2b: Farigiraf|82\/100\n|move|p1b: Dragonite|Tera Blast|p2b: Farigiraf|[anim] Tera Blast Flying\n|-damage|p2b: Farigiraf|26\/100\n|cant|p2b: Farigiraf|flinch\n|\n|-ability|p2a: Smeargle|Moody|boost\n|-boost|p2a: Smeargle|spe|2\n|-unboost|p2a: Smeargle|def|1\n|-enditem|p2a: Smeargle|Eject Pack\n|upkeep\n|\n|t:|1730660322\n|switch|p2a: Ursaluna|Ursaluna-Bloodmoon, L50, M|100\/100\n|turn|2\n|inactive|USTM has 30 seconds left.\n|\n|t:|1730660350\n|switch|p1a: Incineroar|Incineroar, L50, M|100\/100\n|-ability|p1a: Incineroar|Intimidate|boost\n|-unboost|p2a: Ursaluna|atk|1\n|-unboost|p2b: Farigiraf|atk|1\n|-terastallize|p2a: Ursaluna|Normal\n|move|p1b: Dragonite|Tera Blast|p2b: Farigiraf|[anim] Tera Blast Flying\n|-damage|p2b: Farigiraf|0 fnt\n|faint|p2b: Farigiraf\n|move|p2a: Ursaluna|Hyper Voice|p1a: Incineroar|[spread] p1a,p1b\n|-damage|p1a: Incineroar|48\/100\n|-damage|p1b: Dragonite|51\/100\n|-damage|p2a: Ursaluna|90\/100|[from] item: Life Orb\n|\n|upkeep\n|\n|t:|1730660358\n|switch|p2b: Smeargle|Smeargle, L50, F|51\/100\n|turn|3\n|\n|t:|1730660377\n|move|p1a: Incineroar|Fake Out|p2b: Smeargle\n|-damage|p2b: Smeargle|21\/100\n|cant|p2b: Smeargle|flinch\n|move|p1b: Dragonite|Low Kick|p2a: Ursaluna\n|-supereffective|p2a: Ursaluna\n|-damage|p2a: Ursaluna|30\/100\n|move|p2a: Ursaluna|Hyper Voice|p1b: Dragonite|[spread] p1a,p1b\n|-damage|p1a: Incineroar|0 fnt\n|-damage|p1b: Dragonite|6\/100\n|faint|p1a: Incineroar\n|-damage|p2a: Ursaluna|20\/100|[from] item: Life Orb\n|\n|-ability|p2b: Smeargle|Moody|boost\n|-boost|p2b: Smeargle|spa|2\n|-unboost|p2b: Smeargle|def|1\n|upkeep\n|\n|t:|1730660391\n|switch|p1a: Garchomp|Garchomp, L50, F|100\/100\n|turn|4\n|\n|t:|1730660398\n|switch|p2b: Torkoal|Torkoal, L50, M|100\/100\n|-weather|SunnyDay|[from] ability: Drought|[of] p2b: Torkoal\n|move|p2a: Ursaluna|Protect|p2a: Ursaluna\n|-singleturn|p2a: Ursaluna|Protect\n|move|p1b: Dragonite|Extreme Speed|p2b: Torkoal\n|-damage|p2b: Torkoal|77\/100\n|move|p1a: Garchomp|Earthquake|p2a: Ursaluna|[spread] p2b\n|-activate|p2a: Ursaluna|move: Protect\n|-immune|p1b: Dragonite\n|-supereffective|p2b: Torkoal\n|-damage|p2b: Torkoal|8\/100\n|\n|-weather|SunnyDay|[upkeep]\n|upkeep\n|turn|5\n|\n|t:|1730660414\n|switch|p2a: Smeargle|Smeargle, L50, F|21\/100\n|move|p1b: Dragonite|Extreme Speed|p2a: Smeargle\n|-damage|p2a: Smeargle|0 fnt\n|faint|p2a: Smeargle\n|move|p1a: Garchomp|Earthquake|p2b: Torkoal|[spread] p2b\n|-immune|p1b: Dragonite\n|-supereffective|p2b: Torkoal\n|-damage|p2b: Torkoal|0 fnt\n|faint|p2b: Torkoal\n|\n|-weather|SunnyDay|[upkeep]\n|upkeep\n|\n|t:|1730660418\n|switch|p2b: Ursaluna|Ursaluna-Bloodmoon, L50, M, tera:Normal|20\/100\n|turn|6\n|-message|GBVGC X76 forfeited.\n|\n|win|USTM\n|raw|USTM's rating: 1686 &rarr; <strong>1711<\/strong><br \/>(+25 for winning)\n|raw|GBVGC X76's rating: 1780 &rarr; <strong>1755<\/strong><br \/>(-25 for losing)\n|l|\u2606GBVGC X76\n|player|p2|\n|l|\u2606USTM\n|player|p1|\n|l| stvharvey\n","uploadtime":1730660633,"views":26,"formatid":"gen9vgc2024regh","rating":1711,"private":0,"password":null}