{"id":"gen9vgc2024regh-2236422042","format":"[Gen 9] VGC 2024 Reg H","players":["tryson69","DiDiancie"],"log":"|j|\u2606tryson69\n|j|\u2606DiDiancie\n|t:|1730616659\n|gametype|doubles\n|player|p1|tryson69|cynthia|1664\n|player|p2|DiDiancie|caitlin|1702\n|teamsize|p1|6\n|teamsize|p2|6\n|gen|9\n|tier|[Gen 9] VGC 2024 Reg H\n|rated|\n|rule|Species Clause: Limit one of each Pok\u00e9mon\n|rule|Item Clause: Limit 1 of each item\n|clearpoke\n|poke|p1|Archaludon, L50, M|\n|poke|p1|Pelipper, L50, F|\n|poke|p1|Rillaboom, L50, F|\n|poke|p1|Dragapult, L50, F|\n|poke|p1|Arcanine-Hisui, L50, F|\n|poke|p1|Amoonguss, L50, F|\n|poke|p2|Meowscarada, L50, F|\n|poke|p2|Gholdengo, L50|\n|poke|p2|Annihilape, L50, F|\n|poke|p2|Maushold-Four, L50|\n|poke|p2|Ursaluna-Bloodmoon, L50, M|\n|poke|p2|Whimsicott, L50, F|\n|teampreview|4\n|inactive|Battle timer is ON: inactive players will automatically lose when time's up. (requested by DiDiancie)\n|inactive|tryson69 also wants the timer to be on.\n|j| fairynanbawan\n|inactive|tryson69 has 60 seconds left.\n|\n|t:|1730616697\n|start\n|switch|p1a: Arcanine|Arcanine-Hisui, L50, F|100\/100\n|switch|p1b: Dakids|Dragapult, L50, F|100\/100\n|switch|p2a: Meowscarada|Meowscarada, L50, F|100\/100\n|switch|p2b: Whimsicott|Whimsicott, L50, F|100\/100\n|-ability|p1a: Arcanine|Intimidate|boost\n|-unboost|p2a: Meowscarada|atk|1\n|-unboost|p2b: Whimsicott|atk|1\n|turn|1\n|inactive|DiDiancie has 30 seconds left.\n|inactive|DiDiancie has 20 seconds left.\n|inactive|DiDiancie has 15 seconds left.\n|\n|t:|1730616741\n|move|p2b: Whimsicott|Tailwind|p2b: Whimsicott\n|-sidestart|p2: DiDiancie|move: Tailwind\n|move|p2a: Meowscarada|Triple Axel|p1b: Dakids\n|-start|p2a: Meowscarada|typechange|Ice|[from] ability: Protean\n|-supereffective|p1b: Dakids\n|-damage|p1b: Dakids|74\/100\n|-supereffective|p1b: Dakids\n|-damage|p1b: Dakids|21\/100\n|-supereffective|p1b: Dakids\n|-damage|p1b: Dakids|0 fnt\n|faint|p1b: Dakids\n|-hitcount|p1: Dakids|3\n|move|p1a: Arcanine|Flare Blitz|p2b: Whimsicott\n|-supereffective|p2b: Whimsicott\n|-damage|p2b: Whimsicott|0 fnt\n|faint|p2b: Whimsicott\n|-damage|p1a: Arcanine|74\/100|[from] Recoil\n|\n|upkeep\n|\n|t:|1730616754\n|switch|p1b: Archaludon|Archaludon, L50, M|100\/100\n|switch|p2b: Ursaluna|Ursaluna-Bloodmoon, L50, M|100\/100\n|turn|2\n|j| mr pogostick\n|l| mr pogostick\n|\n|t:|1730616765\n|switch|p1a: Pelipper|Pelipper, L50, F|100\/100\n|-weather|RainDance|[from] ability: Drizzle|[of] p1a: Pelipper\n|move|p1b: Archaludon|Protect|p1b: Archaludon\n|-singleturn|p1b: Archaludon|Protect\n|move|p2a: Meowscarada|Triple Axel|p1b: Archaludon\n|-activate|p1b: Archaludon|move: Protect\n|move|p2b: Ursaluna|Earth Power|p1b: Archaludon\n|-activate|p1b: Archaludon|move: Protect\n|\n|-weather|RainDance|[upkeep]\n|upkeep\n|turn|3\n|\n|t:|1730616784\n|-terastallize|p1b: Archaludon|Fairy\n|move|p2a: Meowscarada|Triple Axel|p1a: Pelipper|[miss]\n|-miss|p2a: Meowscarada|p1a: Pelipper\n|move|p2b: Ursaluna|Earth Power|p1b: Archaludon\n|-damage|p1b: Archaludon|48\/100\n|-ability|p1b: Archaludon|Stamina|boost\n|-boost|p1b: Archaludon|def|1\n|move|p1b: Archaludon|Body Press|p2a: Meowscarada\n|-supereffective|p2a: Meowscarada\n|-damage|p2a: Meowscarada|0 fnt\n|faint|p2a: Meowscarada\n|move|p1a: Pelipper|Tailwind|p1a: Pelipper\n|-sidestart|p1: tryson69|move: Tailwind\n|\n|-weather|RainDance|[upkeep]\n|-heal|p1b: Archaludon|54\/100|[from] item: Leftovers\n|upkeep\n|\n|t:|1730616788\n|switch|p2a: Gholdengo|Gholdengo, L50|100\/100\n|turn|4\n|\n|t:|1730616805\n|-terastallize|p2b: Ursaluna|Normal\n|move|p1b: Archaludon|Electro Shot||[still]\n|-prepare|p1b: Archaludon|Electro Shot\n|-boost|p1b: Archaludon|spa|1\n|-anim|p1b: Archaludon|Electro Shot|p2a: Gholdengo\n|-damage|p2a: Gholdengo|52\/100\n|move|p2a: Gholdengo|Power Gem|p1a: Pelipper\n|-supereffective|p1a: Pelipper\n|-damage|p1a: Pelipper|2\/100\n|move|p2b: Ursaluna|Hyper Voice|p1a: Pelipper|[spread] p1a,p1b\n|-damage|p1a: Pelipper|0 fnt\n|-damage|p1b: Archaludon|4\/100\n|-ability|p1b: Archaludon|Stamina|boost\n|-boost|p1b: Archaludon|def|1\n|faint|p1a: Pelipper\n|\n|-weather|RainDance|[upkeep]\n|-heal|p1b: Archaludon|9\/100|[from] item: Leftovers\n|-sideend|p2: DiDiancie|move: Tailwind\n|upkeep\n|\n|t:|1730616816\n|switch|p1a: Arcanine|Arcanine-Hisui, L50, F|74\/100\n|-ability|p1a: Arcanine|Intimidate|boost\n|-unboost|p2a: Gholdengo|atk|1\n|-unboost|p2b: Ursaluna|atk|1\n|turn|5\n|\n|t:|1730616830\n|move|p2b: Ursaluna|Vacuum Wave|p1b: Archaludon\n|-resisted|p1b: Archaludon\n|-damage|p1b: Archaludon|2\/100\n|-ability|p1b: Archaludon|Stamina|boost\n|-boost|p1b: Archaludon|def|1\n|move|p1a: Arcanine|Flare Blitz|p2a: Gholdengo\n|-supereffective|p2a: Gholdengo\n|-damage|p2a: Gholdengo|0 fnt\n|faint|p2a: Gholdengo\n|-damage|p1a: Arcanine|55\/100|[from] Recoil\n|move|p1b: Archaludon|Body Press|p2b: Ursaluna\n|-supereffective|p2b: Ursaluna\n|-damage|p2b: Ursaluna|13\/100\n|\n|-weather|RainDance|[upkeep]\n|-heal|p1b: Archaludon|7\/100|[from] item: Leftovers\n|upkeep\n|turn|6\n|-message|DiDiancie forfeited.\n|\n|win|tryson69\n|raw|tryson69's rating: 1664 &rarr; <strong>1686<\/strong><br \/>(+22 for winning)\n|raw|DiDiancie's rating: 1702 &rarr; <strong>1680<\/strong><br \/>(-22 for losing)\n|l|\u2606DiDiancie\n|player|p2|\n|l|\u2606tryson69\n|player|p1|\n","uploadtime":1730617051,"views":17,"formatid":"gen9vgc2024regh","rating":1680,"private":0,"password":null}