{"id":"gen9vgc2024regh-2236406237","format":"[Gen 9] VGC 2024 Reg H","players":["ray4gej","0rion1798"],"log":"|j|\u2606ray4gej\n|j|\u26060rion1798\n|t:|1730613347\n|gametype|doubles\n|player|p1|ray4gej|169|1684\n|player|p2|0rion1798|clair|1662\n|teamsize|p1|6\n|teamsize|p2|6\n|gen|9\n|tier|[Gen 9] VGC 2024 Reg H\n|rated|\n|rule|Species Clause: Limit one of each Pok\u00e9mon\n|rule|Item Clause: Limit 1 of each item\n|clearpoke\n|poke|p1|Primarina, L50, M|\n|poke|p1|Tyranitar, L50, F|\n|poke|p1|Magmortar, L50, F|\n|poke|p1|Whimsicott, L50, M|\n|poke|p1|Gholdengo, L50|\n|poke|p1|Pawmot, L50, M|\n|poke|p2|Sneasler, L50, F|\n|poke|p2|Baxcalibur, L50, F|\n|poke|p2|Volcarona, L50, F|\n|poke|p2|Rillaboom, L50, M|\n|poke|p2|Gastrodon, L50, F|\n|poke|p2|Kingambit, L50, M|\n|teampreview|4\n|\n|t:|1730613395\n|start\n|switch|p1a: Magmortar|Magmortar, L50, F|100\/100\n|switch|p1b: Pawmot|Pawmot, L50, M|100\/100\n|switch|p2a: Volcarona|Volcarona, L50, F|100\/100\n|switch|p2b: Rillaboom|Rillaboom, L50, M|100\/100\n|-fieldstart|move: Grassy Terrain|[from] ability: Grassy Surge|[of] p2b: Rillaboom\n|turn|1\n|\n|t:|1730613417\n|move|p1b: Pawmot|Fake Out|p2a: Volcarona\n|-damage|p2a: Volcarona|87\/100\n|move|p2b: Rillaboom|Fake Out|p1a: Magmortar\n|-damage|p1a: Magmortar|83\/100\n|move|p2a: Volcarona|Quiver Dance|p2a: Volcarona\n|-boost|p2a: Volcarona|spa|1\n|-boost|p2a: Volcarona|spd|1\n|-boost|p2a: Volcarona|spe|1\n|cant|p1a: Magmortar|flinch\n|\n|-heal|p2a: Volcarona|94\/100|[from] Grassy Terrain\n|-heal|p1a: Magmortar|89\/100|[from] Grassy Terrain\n|upkeep\n|turn|2\n|\n|t:|1730613441\n|-terastallize|p1b: Pawmot|Electric\n|move|p2b: Rillaboom|Grassy Glide|p1b: Pawmot\n|-damage|p1b: Pawmot|36\/100\n|move|p2a: Volcarona|Heat Wave|p1a: Magmortar|[spread] p1a,p1b\n|-resisted|p1a: Magmortar\n|-damage|p1a: Magmortar|62\/100\n|-damage|p1b: Pawmot|0 fnt\n|faint|p1b: Pawmot\n|move|p1a: Magmortar|Heat Wave|p2b: Rillaboom|[spread] p2a,p2b\n|-supereffective|p2b: Rillaboom\n|-damage|p2a: Volcarona|74\/100\n|-damage|p2b: Rillaboom|19\/100\n|\n|-heal|p2a: Volcarona|81\/100|[from] Grassy Terrain\n|-heal|p2b: Rillaboom|25\/100|[from] Grassy Terrain\n|-heal|p1a: Magmortar|68\/100|[from] Grassy Terrain\n|upkeep\n|\n|t:|1730613450\n|switch|p1b: Primarina|Primarina, L50, M|100\/100\n|turn|3\n|\n|t:|1730613460\n|switch|p2b: Gastrodon|Gastrodon, L50, F|100\/100\n|-terastallize|p2a: Volcarona|Fairy\n|move|p1b: Primarina|Protect|p1b: Primarina\n|-singleturn|p1b: Primarina|Protect\n|move|p2a: Volcarona|Quiver Dance|p2a: Volcarona\n|-boost|p2a: Volcarona|spa|1\n|-boost|p2a: Volcarona|spd|1\n|-boost|p2a: Volcarona|spe|1\n|move|p1a: Magmortar|Heat Wave|p2b: Gastrodon|[spread] p2a,p2b\n|-resisted|p2b: Gastrodon\n|-damage|p2a: Volcarona|67\/100\n|-damage|p2b: Gastrodon|86\/100\n|\n|-heal|p2a: Volcarona|73\/100|[from] Grassy Terrain\n|-heal|p1a: Magmortar|74\/100|[from] Grassy Terrain\n|-heal|p2b: Gastrodon|92\/100|[from] Grassy Terrain\n|upkeep\n|turn|4\n|\n|t:|1730613483\n|move|p2b: Gastrodon|Protect|p2b: Gastrodon\n|-singleturn|p2b: Gastrodon|Protect\n|move|p1a: Magmortar|Follow Me|p1a: Magmortar\n|-singleturn|p1a: Magmortar|move: Follow Me\n|move|p2a: Volcarona|Heat Wave|p1a: Magmortar|[spread] p1a,p1b\n|-resisted|p1a: Magmortar\n|-resisted|p1b: Primarina\n|-damage|p1a: Magmortar|37\/100\n|-damage|p1b: Primarina|70\/100\n|-enditem|p1a: Magmortar|Sitrus Berry|[eat]\n|-heal|p1a: Magmortar|62\/100|[from] item: Sitrus Berry\n|move|p1b: Primarina|Haze|p1b: Primarina\n|-clearallboost\n|\n|-heal|p2a: Volcarona|79\/100|[from] Grassy Terrain\n|-heal|p1a: Magmortar|68\/100|[from] Grassy Terrain\n|-heal|p1b: Primarina|76\/100|[from] Grassy Terrain\n|-heal|p2b: Gastrodon|99\/100|[from] Grassy Terrain\n|upkeep\n|turn|5\n|\n|t:|1730613499\n|move|p2a: Volcarona|Tera Blast|p1a: Magmortar|[anim] Tera Blast Fairy\n|-resisted|p1a: Magmortar\n|-damage|p1a: Magmortar|46\/100\n|move|p1a: Magmortar|Heat Wave|p2a: Volcarona|[spread] p2a,p2b\n|-resisted|p2b: Gastrodon\n|-damage|p2a: Volcarona|52\/100\n|-damage|p2b: Gastrodon|84\/100\n|move|p1b: Primarina|Moonblast|p2b: Gastrodon\n|-damage|p2b: Gastrodon|28\/100\n|-unboost|p2b: Gastrodon|spa|1\n|-enditem|p2b: Gastrodon|Sitrus Berry|[eat]\n|-heal|p2b: Gastrodon|53\/100|[from] item: Sitrus Berry\n|-damage|p1b: Primarina|66\/100|[from] item: Life Orb\n|move|p2b: Gastrodon|Earth Power|p1a: Magmortar\n|-supereffective|p1a: Magmortar\n|-damage|p1a: Magmortar|5\/100\n|\n|-heal|p2a: Volcarona|58\/100|[from] Grassy Terrain\n|-heal|p1a: Magmortar|11\/100|[from] Grassy Terrain\n|-heal|p1b: Primarina|73\/100|[from] Grassy Terrain\n|-heal|p2b: Gastrodon|59\/100|[from] Grassy Terrain\n|-fieldend|move: Grassy Terrain\n|upkeep\n|turn|6\n|\n|t:|1730613537\n|switch|p2b: Rillaboom|Rillaboom, L50, M|25\/100\n|-fieldstart|move: Grassy Terrain|[from] ability: Grassy Surge|[of] p2b: Rillaboom\n|move|p1a: Magmortar|Protect|p1a: Magmortar\n|-singleturn|p1a: Magmortar|Protect\n|move|p2a: Volcarona|Tera Blast|p1a: Magmortar|[anim] Tera Blast Fairy\n|-activate|p1a: Magmortar|move: Protect\n|move|p1b: Primarina|Moonblast|p2a: Volcarona\n|-damage|p2a: Volcarona|0 fnt\n|faint|p2a: Volcarona\n|-damage|p1b: Primarina|63\/100|[from] item: Life Orb\n|\n|-heal|p2b: Rillaboom|31\/100|[from] Grassy Terrain\n|-heal|p1a: Magmortar|17\/100|[from] Grassy Terrain\n|-heal|p1b: Primarina|69\/100|[from] Grassy Terrain\n|upkeep\n|\n|t:|1730613565\n|switch|p2a: Sneasler|Sneasler, L50, F|100\/100\n|turn|7\n|\n|t:|1730613584\n|switch|p1b: Gholdengo|Gholdengo, L50|100\/100\n|move|p2a: Sneasler|Fake Out|p1b: Gholdengo\n|-immune|p1b: Gholdengo\n|move|p2b: Rillaboom|High Horsepower|p1a: Magmortar\n|-supereffective|p1a: Magmortar\n|-damage|p1a: Magmortar|0 fnt\n|faint|p1a: Magmortar\n|\n|-heal|p2b: Rillaboom|37\/100|[from] Grassy Terrain\n|upkeep\n|\n|t:|1730613592\n|switch|p1a: Primarina|Primarina, L50, M|69\/100\n|turn|8\n|\n|t:|1730613605\n|move|p1a: Primarina|Protect|p1a: Primarina\n|-singleturn|p1a: Primarina|Protect\n|move|p2a: Sneasler|Coaching|p2b: Rillaboom\n|-boost|p2b: Rillaboom|atk|1\n|-boost|p2b: Rillaboom|def|1\n|move|p1b: Gholdengo|Make It Rain|p2a: Sneasler|[spread] p2a,p2b\n|-damage|p2a: Sneasler|10\/100\n|-damage|p2b: Rillaboom|0 fnt\n|-unboost|p1b: Gholdengo|spa|1\n|faint|p2b: Rillaboom\n|\n|-heal|p2a: Sneasler|16\/100|[from] Grassy Terrain\n|-heal|p1a: Primarina|75\/100|[from] Grassy Terrain\n|upkeep\n|\n|t:|1730613609\n|switch|p2b: Gastrodon|Gastrodon, L50, F|59\/100\n|turn|9\n|inactive|Battle timer is ON: inactive players will automatically lose when time's up. (requested by 0rion1798)\n|\n|t:|1730613619\n|move|p2a: Sneasler|Dire Claw|p1a: Primarina\n|-supereffective|p1a: Primarina\n|-damage|p1a: Primarina|0 fnt\n|faint|p1a: Primarina\n|move|p1b: Gholdengo|Make It Rain|p2b: Gastrodon|[spread] p2a,p2b\n|-resisted|p2b: Gastrodon\n|-damage|p2a: Sneasler|0 fnt\n|-damage|p2b: Gastrodon|39\/100\n|-unboost|p1b: Gholdengo|spa|1\n|faint|p2a: Sneasler\n|move|p2b: Gastrodon|Earth Power|p1b: Gholdengo\n|-supereffective|p1b: Gholdengo\n|-damage|p1b: Gholdengo|26\/100\n|\n|-heal|p1b: Gholdengo|33\/100|[from] Grassy Terrain\n|-heal|p2b: Gastrodon|46\/100|[from] Grassy Terrain\n|upkeep\n|turn|10\n|\n|t:|1730613630\n|move|p1b: Gholdengo|Make It Rain|p2b: Gastrodon\n|-resisted|p2b: Gastrodon\n|-damage|p2b: Gastrodon|25\/100\n|-unboost|p1b: Gholdengo|spa|1\n|move|p2b: Gastrodon|Earth Power|p1b: Gholdengo\n|-supereffective|p1b: Gholdengo\n|-damage|p1b: Gholdengo|0 fnt\n|faint|p1b: Gholdengo\n|\n|win|0rion1798\n|raw|ray4gej's rating: 1684 &rarr; <strong>1663<\/strong><br \/>(-21 for losing)\n|raw|0rion1798's rating: 1662 &rarr; <strong>1683<\/strong><br \/>(+21 for winning)\n|l|\u26060rion1798\n|player|p2|\n|l|\u2606ray4gej\n|player|p1|\n","uploadtime":1730613783,"views":18,"formatid":"gen9vgc2024regh","rating":1663,"private":0,"password":null}