{"id":"gen9vgc2024regh-2236599173","format":"[Gen 9] VGC 2024 Reg H","players":["Zigbear","htotoT"],"log":"|j|\u2606Zigbear\n|j|\u2606htotoT\n|t:|1730649362\n|gametype|doubles\n|player|p1|Zigbear|1|1732\n|player|p2|htotoT|101|1846\n|teamsize|p1|6\n|teamsize|p2|6\n|gen|9\n|tier|[Gen 9] VGC 2024 Reg H\n|rated|\n|rule|Species Clause: Limit one of each Pok\u00e9mon\n|rule|Item Clause: Limit 1 of each item\n|clearpoke\n|poke|p1|Dusclops, L50, F|\n|poke|p1|Vikavolt, L50, F|\n|poke|p1|Maushold-Four, L50|\n|poke|p1|Abomasnow, L50, F|\n|poke|p1|Cetitan, L50, M|\n|poke|p1|Incineroar, L50, M|\n|poke|p2|Gholdengo, L50|\n|poke|p2|Murkrow, L50, F|\n|poke|p2|Pelipper, L50, M|\n|poke|p2|Archaludon, L50, M|\n|poke|p2|Amoonguss, L50, F|\n|poke|p2|Basculegion-F, L50, F|\n|teampreview|4\n|inactive|Battle timer is ON: inactive players will automatically lose when time's up. (requested by htotoT)\n|\n|t:|1730649378\n|start\n|switch|p1a: Dusclops|Dusclops, L50, F|100\/100\n|switch|p1b: Maushold|Maushold-Four, L50|100\/100\n|switch|p2a: Amoonguss|Amoonguss, L50, F|100\/100\n|switch|p2b: Gholdengo|Gholdengo, L50|100\/100\n|-item|p2a: Amoonguss|Covert Cloak|[from] ability: Frisk|[of] p1a: Dusclops\n|-item|p2b: Gholdengo|Choice Specs|[from] ability: Frisk|[of] p1a: Dusclops\n|turn|1\n|\n|t:|1730649404\n|-terastallize|p2b: Gholdengo|Steel\n|move|p1b: Maushold|Follow Me|p1b: Maushold\n|-singleturn|p1b: Maushold|move: Follow Me\n|move|p2b: Gholdengo|Make It Rain|p1b: Maushold|[spread] p1a,p1b\n|-damage|p1a: Dusclops|53\/100\n|-damage|p1b: Maushold|0 fnt\n|-unboost|p2b: Gholdengo|spa|1\n|faint|p1b: Maushold\n|move|p2a: Amoonguss|Spore|p1a: Dusclops\n|-status|p1a: Dusclops|slp|[from] move: Spore\n|cant|p1a: Dusclops|slp\n|\n|upkeep\n|\n|t:|1730649417\n|switch|p1b: Incineroar|Incineroar, L50, M|100\/100\n|-ability|p1b: Incineroar|Intimidate|boost\n|-unboost|p2a: Amoonguss|atk|1\n|-unboost|p2b: Gholdengo|atk|1\n|turn|2\n|inactive|Zigbear has 30 seconds left.\n|inactive|Zigbear has 20 seconds left.\n|\n|t:|1730649455\n|-terastallize|p1b: Incineroar|Stellar\n|move|p2b: Gholdengo|Make It Rain|p1a: Dusclops|[spread] p1a,p1b\n|-resisted|p1b: Incineroar\n|-damage|p1a: Dusclops|12\/100 slp\n|-damage|p1b: Incineroar|70\/100\n|-unboost|p2b: Gholdengo|spa|1\n|move|p1b: Incineroar|Flare Blitz|p2a: Amoonguss\n|-supereffective|p2a: Amoonguss\n|-damage|p2a: Amoonguss|0 fnt\n|faint|p2a: Amoonguss\n|-damage|p1b: Incineroar|34\/100|[from] Recoil\n|-curestatus|p1a: Dusclops|slp|[msg]\n|move|p1a: Dusclops|Trick Room|p1a: Dusclops\n|-fieldstart|move: Trick Room|[of] p1a: Dusclops\n|\n|upkeep\n|\n|t:|1730649470\n|switch|p2a: Archaludon|Archaludon, L50, M|100\/100\n|turn|3\n|inactive|Zigbear has 30 seconds left.\n|inactive|Zigbear has 20 seconds left.\n|\n|t:|1730649512\n|switch|p2a: Pelipper|Pelipper, L50, M|100\/100\n|-weather|RainDance|[from] ability: Drizzle|[of] p2a: Pelipper\n|move|p1a: Dusclops|Night Shade|p2a: Pelipper\n|-damage|p2a: Pelipper|64\/100\n|move|p1b: Incineroar|Knock Off|p2a: Pelipper\n|-damage|p2a: Pelipper|0 fnt\n|-enditem|p2a: Pelipper|Focus Sash|[from] move: Knock Off|[of] p1b: Incineroar\n|faint|p2a: Pelipper\n|move|p2b: Gholdengo|Make It Rain|p1b: Incineroar|[spread] p1a,p1b\n|-resisted|p1b: Incineroar\n|-damage|p1a: Dusclops|0 fnt\n|-damage|p1b: Incineroar|7\/100\n|-unboost|p2b: Gholdengo|spa|1\n|faint|p1a: Dusclops\n|\n|-weather|RainDance|[upkeep]\n|upkeep\n|\n|t:|1730649525\n|switch|p1a: Vikavolt|Vikavolt, L50, F|100\/100\n|switch|p2a: Archaludon|Archaludon, L50, M|100\/100\n|turn|4\n|inactive|Zigbear has 30 seconds left.\n|\n|t:|1730649551\n|move|p1a: Vikavolt|Bug Buzz|p2a: Archaludon\n|-resisted|p2a: Archaludon\n|-damage|p2a: Archaludon|75\/100\n|-ability|p2a: Archaludon|Stamina|boost\n|-boost|p2a: Archaludon|def|1\n|move|p1b: Incineroar|Stomping Tantrum|p2a: Archaludon\n|-supereffective|p2a: Archaludon\n|-damage|p2a: Archaludon|40\/100\n|-ability|p2a: Archaludon|Stamina|boost\n|-boost|p2a: Archaludon|def|1\n|move|p2b: Gholdengo|Make It Rain|p1a: Vikavolt|[spread] p1a,p1b\n|-resisted|p1a: Vikavolt\n|-resisted|p1b: Incineroar\n|-damage|p1a: Vikavolt|84\/100\n|-damage|p1b: Incineroar|0 fnt\n|-unboost|p2b: Gholdengo|spa|1\n|faint|p1b: Incineroar\n|move|p2a: Archaludon|Dragon Pulse|p1a: Vikavolt\n|-damage|p1a: Vikavolt|46\/100\n|\n|-weather|RainDance|[upkeep]\n|upkeep\n|turn|5\n|\n|t:|1730649571\n|move|p1a: Vikavolt|Bug Buzz|p2a: Archaludon\n|-resisted|p2a: Archaludon\n|-damage|p2a: Archaludon|11\/100\n|-ability|p2a: Archaludon|Stamina|boost\n|-boost|p2a: Archaludon|def|1\n|move|p2b: Gholdengo|Make It Rain|p1a: Vikavolt\n|-resisted|p1a: Vikavolt\n|-damage|p1a: Vikavolt|27\/100\n|-unboost|p2b: Gholdengo|spa|1\n|move|p2a: Archaludon|Electro Shot||[still]\n|-prepare|p2a: Archaludon|Electro Shot\n|-boost|p2a: Archaludon|spa|1\n|-anim|p2a: Archaludon|Electro Shot|p1a: Vikavolt\n|-resisted|p1a: Vikavolt\n|-damage|p1a: Vikavolt|0 fnt\n|faint|p1a: Vikavolt\n|\n|win|htotoT\n|raw|Zigbear's rating: 1732 &rarr; <strong>1718<\/strong><br \/>(-14 for losing)\n|raw|htotoT's rating: 1846 &rarr; <strong>1860<\/strong><br \/>(+14 for winning)\n|l|\u2606Zigbear\n|player|p1|\n|l|\u2606htotoT\n|player|p2|\n","uploadtime":1730649830,"views":37,"formatid":"gen9vgc2024regh","rating":1718,"private":0,"password":null}