{"id":"gen9vgc2024regh-2236602821","format":"[Gen 9] VGC 2024 Reg H","players":["htotoT","GBVGC X76"],"log":"|j|\u2606htotoT\n|j|\u2606GBVGC X76\n|t:|1730649811\n|gametype|doubles\n|player|p1|htotoT|101|1837\n|player|p2|GBVGC X76|hanbei-conquest|1871\n|teamsize|p1|6\n|teamsize|p2|6\n|gen|9\n|tier|[Gen 9] VGC 2024 Reg H\n|rated|\n|rule|Species Clause: Limit one of each Pok\u00e9mon\n|rule|Item Clause: Limit 1 of each item\n|clearpoke\n|poke|p1|Gholdengo, L50|\n|poke|p1|Murkrow, L50, F|\n|poke|p1|Pelipper, L50, M|\n|poke|p1|Archaludon, L50, M|\n|poke|p1|Amoonguss, L50, F|\n|poke|p1|Basculegion-F, L50, F|\n|poke|p2|Smeargle, L50, F|\n|poke|p2|Farigiraf, L50, M|\n|poke|p2|Grimmsnarl, L50, M|\n|poke|p2|Torkoal, L50, F|\n|poke|p2|Ursaluna-Bloodmoon, L50, M|\n|poke|p2|Kingambit, L50, F|\n|teampreview|4\n|inactive|Battle timer is ON: inactive players will automatically lose when time's up. (requested by htotoT)\n|\n|t:|1730649819\n|start\n|switch|p1a: Amoonguss|Amoonguss, L50, F|100\/100\n|switch|p1b: Gholdengo|Gholdengo, L50|100\/100\n|switch|p2a: Smeargle|Smeargle, L50, F|100\/100\n|switch|p2b: Farigiraf|Farigiraf, L50, M|100\/100\n|turn|1\n|\n|t:|1730649835\n|move|p2a: Smeargle|Follow Me|p2a: Smeargle\n|-singleturn|p2a: Smeargle|move: Follow Me\n|move|p1b: Gholdengo|Trick|p2a: Smeargle\n|-activate|p1b: Gholdengo|move: Trick|[of] p2a: Smeargle\n|-item|p2a: Smeargle|Choice Specs|[from] move: Trick\n|-item|p1b: Gholdengo|Eject Pack|[from] move: Trick\n|move|p1a: Amoonguss|Spore|p2a: Smeargle\n|-status|p2a: Smeargle|slp|[from] move: Spore\n|move|p2b: Farigiraf|Trick Room|p2b: Farigiraf\n|-fieldstart|move: Trick Room|[of] p2b: Farigiraf\n|\n|-ability|p2a: Smeargle|Moody|boost\n|-boost|p2a: Smeargle|def|2\n|-unboost|p2a: Smeargle|spa|1\n|upkeep\n|turn|2\n|\n|t:|1730649850\n|switch|p2a: Kingambit|Kingambit, L50, F|100\/100\n|-terastallize|p1a: Amoonguss|Dark\n|move|p1a: Amoonguss|Pollen Puff|p2b: Farigiraf\n|-supereffective|p2b: Farigiraf\n|-damage|p2b: Farigiraf|73\/100\n|move|p2b: Farigiraf|Twin Beam|p1a: Amoonguss\n|-immune|p1a: Amoonguss\n|move|p1b: Gholdengo|Make It Rain|p2b: Farigiraf|[spread] p2a,p2b\n|-resisted|p2a: Kingambit\n|-damage|p2a: Kingambit|74\/100\n|-damage|p2b: Farigiraf|34\/100\n|-unboost|p1b: Gholdengo|spa|1\n|-enditem|p1b: Gholdengo|Eject Pack\n|\n|t:|1730649870\n|switch|p1b: Archaludon|Archaludon, L50, M|100\/100\n|\n|upkeep\n|turn|3\n|\n|t:|1730649890\n|switch|p2b: Smeargle|Smeargle, L50, F|100\/100 slp\n|-terastallize|p2a: Kingambit|Dark\n|move|p1a: Amoonguss|Pollen Puff|p2a: Kingambit\n|-supereffective|p2a: Kingambit\n|-damage|p2a: Kingambit|39\/100\n|move|p2a: Kingambit|Kowtow Cleave|p1b: Archaludon\n|-damage|p1b: Archaludon|31\/100\n|-ability|p1b: Archaludon|Stamina|boost\n|-boost|p1b: Archaludon|def|1\n|move|p1b: Archaludon|Aura Sphere|p2a: Kingambit\n|-supereffective|p2a: Kingambit\n|-damage|p2a: Kingambit|0 fnt\n|faint|p2a: Kingambit\n|\n|-ability|p2b: Smeargle|Moody|boost\n|-boost|p2b: Smeargle|def|2\n|-unboost|p2b: Smeargle|atk|1\n|upkeep\n|\n|t:|1730649908\n|switch|p2a: Ursaluna|Ursaluna-Bloodmoon, L50, M|100\/100\n|turn|4\n|\n|t:|1730649919\n|switch|p2a: Farigiraf|Farigiraf, L50, M|34\/100\n|cant|p2b: Smeargle|slp\n|move|p1a: Amoonguss|Spore|p2a: Farigiraf\n|-ability|p2a: Farigiraf|Sap Sipper|boost\n|-boost|p2a: Farigiraf|atk|1\n|move|p1b: Archaludon|Aura Sphere|p2b: Smeargle\n|-supereffective|p2b: Smeargle\n|-damage|p2b: Smeargle|0 fnt\n|faint|p2b: Smeargle\n|\n|upkeep\n|\n|t:|1730649922\n|switch|p2b: Ursaluna|Ursaluna-Bloodmoon, L50, M|100\/100\n|turn|5\n|\n|t:|1730649940\n|move|p1a: Amoonguss|Spore|p2b: Ursaluna\n|-status|p2b: Ursaluna|slp|[from] move: Spore\n|move|p2a: Farigiraf|Uproar|p1a: Amoonguss\n|-curestatus|p2b: Ursaluna|slp|[msg]\n|-damage|p1a: Amoonguss|72\/100\n|-start|p2a: Farigiraf|Uproar\n|move|p2b: Ursaluna|Hyper Voice|p1a: Amoonguss|[spread] p1a,p1b\n|-resisted|p1b: Archaludon\n|-damage|p1a: Amoonguss|28\/100\n|-damage|p1b: Archaludon|2\/100\n|-ability|p1b: Archaludon|Stamina|boost\n|-boost|p1b: Archaludon|def|1\n|-damage|p2b: Ursaluna|90\/100|[from] item: Life Orb\n|move|p1b: Archaludon|Dragon Pulse|p2a: Farigiraf\n|-damage|p2a: Farigiraf|2\/100\n|\n|-fieldend|move: Trick Room\n|-start|p2a: Farigiraf|Uproar|[upkeep]\n|upkeep\n|turn|6\n|\n|t:|1730649961\n|move|p1b: Archaludon|Dragon Pulse|p2a: Farigiraf\n|-damage|p2a: Farigiraf|0 fnt\n|faint|p2a: Farigiraf\n|move|p2b: Ursaluna|Hyper Voice|p1b: Archaludon|[spread] p1a,p1b\n|-resisted|p1b: Archaludon\n|-damage|p1a: Amoonguss|0 fnt\n|-damage|p1b: Archaludon|0 fnt\n|faint|p1a: Amoonguss\n|faint|p1b: Archaludon\n|-damage|p2b: Ursaluna|80\/100|[from] item: Life Orb\n|\n|upkeep\n|\n|t:|1730649965\n|switch|p1b: Gholdengo|Gholdengo, L50|100\/100\n|switch|p1a: Pelipper|Pelipper, L50, M|100\/100\n|-weather|RainDance|[from] ability: Drizzle|[of] p1a: Pelipper\n|turn|7\n|\n|t:|1730649971\n|move|p1b: Gholdengo|Make It Rain|p2b: Ursaluna\n|-damage|p2b: Ursaluna|0 fnt\n|-unboost|p1b: Gholdengo|spa|1\n|faint|p2b: Ursaluna\n|\n|win|htotoT\n|raw|htotoT's rating: 1837 &rarr; <strong>1858<\/strong><br \/>(+21 for winning)\n|raw|GBVGC X76's rating: 1846 &rarr; <strong>1825<\/strong><br \/>(-21 for losing)\n|l|\u2606htotoT\n|player|p1|\n","uploadtime":1730650246,"views":136,"formatid":"gen9vgc2024regh","rating":1825,"private":0,"password":null}