{"id":"gen9vgc2024regh-2236748085","format":"[Gen 9] VGC 2024 Reg H","players":["Kumuk","647w"],"log":"|j|\u2606Kumuk\n|j|\u2606647w\n|t:|1730666813\n|gametype|doubles\n|player|p1|Kumuk|102|1721\n|player|p2|647w|lucas-gen4pt|1787\n|teamsize|p1|6\n|teamsize|p2|6\n|gen|9\n|tier|[Gen 9] VGC 2024 Reg H\n|rated|\n|rule|Species Clause: Limit one of each Pok\u00e9mon\n|rule|Item Clause: Limit 1 of each item\n|clearpoke\n|poke|p1|Incineroar, L50, F|\n|poke|p1|Rillaboom, L50, F|\n|poke|p1|Gholdengo, L50|\n|poke|p1|Hydreigon, L50, F|\n|poke|p1|Amoonguss, L50, F|\n|poke|p1|Basculegion, L50, M|\n|poke|p2|Kilowattrel, L50, F|\n|poke|p2|Garchomp, L50, F|\n|poke|p2|Archaludon, L50, F|\n|poke|p2|Incineroar, L50, F|\n|poke|p2|Rillaboom, L50, M|\n|poke|p2|Dondozo, L50, M|\n|teampreview|4\n647w has agreed to open team sheets.\n|\n|t:|1730666850\n|start\n|switch|p1a: Amoonguss|Amoonguss, L50, F|100\/100\n|switch|p1b: Basculegion|Basculegion, L50, M|100\/100\n|switch|p2a: Kilowattrel|Kilowattrel, L50, F|100\/100\n|switch|p2b: Garchomp|Garchomp, L50, F|100\/100\n|turn|1\n|j| Therazer456\n|\n|t:|1730666882\n|switch|p2b: Rillaboom|Rillaboom, L50, M|100\/100\n|-fieldstart|move: Grassy Terrain|[from] ability: Grassy Surge|[of] p2b: Rillaboom\n|move|p2a: Kilowattrel|Air Slash|p1a: Amoonguss\n|-supereffective|p1a: Amoonguss\n|-damage|p1a: Amoonguss|43\/100\n|move|p1b: Basculegion|Wave Crash|p2a: Kilowattrel\n|-enditem|p2a: Kilowattrel|Focus Sash\n|-damage|p2a: Kilowattrel|1\/100\n|-damage|p1b: Basculegion|79\/100|[from] Recoil\n|move|p1a: Amoonguss|Spore|p2b: Rillaboom\n|-immune|p2b: Rillaboom\n|\n|-heal|p1b: Basculegion|85\/100|[from] Grassy Terrain\n|-heal|p1a: Amoonguss|49\/100|[from] Grassy Terrain\n|upkeep\n|turn|2\n|\n|t:|1730666907\n|switch|p1b: Rillaboom|Rillaboom, L50, F|100\/100\n|switch|p1a: Hydreigon|Hydreigon, L50, F|100\/100\n|move|p2a: Kilowattrel|Air Slash|p1a: Hydreigon\n|-damage|p1a: Hydreigon|59\/100\n|move|p2b: Rillaboom|U-turn|p1b: Rillaboom\n|-supereffective|p1b: Rillaboom\n|-damage|p1b: Rillaboom|58\/100\n|\n|t:|1730666918\n|switch|p2b: Garchomp|Garchomp, L50, F|100\/100|[from] U-turn\n|\n|-heal|p1b: Rillaboom|64\/100|[from] Grassy Terrain\n|upkeep\n|turn|3\n|\n|t:|1730666941\n|switch|p2a: Incineroar|Incineroar, L50, F|100\/100\n|-ability|p2a: Incineroar|Intimidate|boost\n|-unboost|p1a: Hydreigon|atk|1\n|-unboost|p1b: Rillaboom|atk|1\n|switch|p1a: Amoonguss|Amoonguss, L50, F|82\/100\n|move|p2b: Garchomp|Protect|p2b: Garchomp\n|-singleturn|p2b: Garchomp|Protect\n|move|p1b: Rillaboom|Fake Out|p2a: Incineroar\n|-damage|p2a: Incineroar|94\/100\n|\n|-heal|p1b: Rillaboom|70\/100|[from] Grassy Terrain\n|-heal|p2a: Incineroar|99\/100|[from] Grassy Terrain\n|-heal|p1a: Amoonguss|88\/100|[from] Grassy Terrain\n|upkeep\n|turn|4\n|\n|t:|1730666969\n|move|p2a: Incineroar|Fake Out|p1a: Amoonguss\n|-damage|p1a: Amoonguss|76\/100\n|move|p2b: Garchomp|Swords Dance|p2b: Garchomp\n|-boost|p2b: Garchomp|atk|2\n|move|p1b: Rillaboom|U-turn|p2a: Incineroar\n|-damage|p2a: Incineroar|87\/100\n|\n|t:|1730666979\n|switch|p1b: Hydreigon|Hydreigon, L50, F|59\/100|[from] U-turn\n|cant|p1a: Amoonguss|flinch\n|\n|-heal|p2a: Incineroar|93\/100|[from] Grassy Terrain\n|-heal|p1a: Amoonguss|82\/100|[from] Grassy Terrain\n|upkeep\n|turn|5\n|\n|t:|1730666991\n|move|p2b: Garchomp|Protect|p2b: Garchomp\n|-singleturn|p2b: Garchomp|Protect\n|move|p1a: Amoonguss|Rage Powder|p1a: Amoonguss\n|-singleturn|p1a: Amoonguss|move: Rage Powder\n|move|p1b: Hydreigon|Draco Meteor|p2b: Garchomp\n|-activate|p2b: Garchomp|move: Protect\n|move|p2a: Incineroar|Flare Blitz|p1a: Amoonguss\n|-supereffective|p1a: Amoonguss\n|-damage|p1a: Amoonguss|0 fnt\n|faint|p1a: Amoonguss\n|-damage|p2a: Incineroar|64\/100|[from] Recoil\n|\n|-heal|p2a: Incineroar|70\/100|[from] Grassy Terrain\n|-fieldend|move: Grassy Terrain\n|upkeep\n|\n|t:|1730667004\n|switch|p1a: Rillaboom|Rillaboom, L50, F|70\/100\n|-fieldstart|move: Grassy Terrain|[from] ability: Grassy Surge|[of] p1a: Rillaboom\n|turn|6\n|\n|t:|1730667018\n|switch|p2b: Kilowattrel|Kilowattrel, L50, F|1\/100\n|move|p1a: Rillaboom|Fake Out|p2b: Kilowattrel\n|-damage|p2b: Kilowattrel|0 fnt\n|faint|p2b: Kilowattrel\n|move|p1b: Hydreigon|Draco Meteor|p2a: Incineroar\n|-damage|p2a: Incineroar|10\/100\n|-unboost|p1b: Hydreigon|spa|2\n|move|p2a: Incineroar|Flare Blitz|p1a: Rillaboom\n|-supereffective|p1a: Rillaboom\n|-damage|p1a: Rillaboom|0 fnt\n|faint|p1a: Rillaboom\n|-damage|p2a: Incineroar|0 fnt|[from] Recoil\n|faint|p2a: Incineroar\n|\n|upkeep\n|\n|t:|1730667026\n|switch|p2b: Rillaboom|Rillaboom, L50, M|100\/100\n|switch|p1a: Basculegion|Basculegion, L50, M|85\/100\n|switch|p2a: Garchomp|Garchomp, L50, F|100\/100\n|turn|7\n|\n|t:|1730667038\n|-terastallize|p2a: Garchomp|Fairy\n|-terastallize|p1b: Hydreigon|Fire\n|move|p2b: Rillaboom|Grassy Glide|p1a: Basculegion\n|-supereffective|p1a: Basculegion\n|-damage|p1a: Basculegion|2\/100\n|move|p2a: Garchomp|Dragon Claw|p1b: Hydreigon\n|-damage|p1b: Hydreigon|14\/100\n|move|p1a: Basculegion|Last Respects|p2b: Rillaboom\n|-damage|p2b: Rillaboom|12\/100\n|move|p1b: Hydreigon|Focus Energy|p1b: Hydreigon\n|-start|p1b: Hydreigon|move: Focus Energy\n|\n|-heal|p1a: Basculegion|8\/100|[from] Grassy Terrain\n|-heal|p2b: Rillaboom|17\/100|[from] Grassy Terrain\n|upkeep\n|turn|8\n|-message|Kumuk forfeited.\n|\n|win|647w\n|raw|Kumuk's rating: 1721 &rarr; <strong>1705<\/strong><br \/>(-16 for losing)\n|raw|647w's rating: 1787 &rarr; <strong>1803<\/strong><br \/>(+16 for winning)\n","uploadtime":1730667056,"views":27,"formatid":"gen9vgc2024regh","rating":1705,"private":0,"password":null}