{"id":"gen9vgc2024regh-2236797665","format":"[Gen 9] VGC 2024 Reg H","players":["kaizaah","IKnowI'veGot'Em"],"log":"|j|\u2606kaizaah\n|j|\u2606IKnowI'veGot'Em\n|t:|1730672555\n|gametype|doubles\n|player|p1|kaizaah|101|1643\n|player|p2|IKnowI'veGot'Em|266|1710\n|teamsize|p1|6\n|teamsize|p2|6\n|gen|9\n|tier|[Gen 9] VGC 2024 Reg H\n|rated|\n|rule|Species Clause: Limit one of each Pok\u00e9mon\n|rule|Item Clause: Limit 1 of each item\n|clearpoke\n|poke|p1|Basculegion-F, L50, F|\n|poke|p1|Pelipper, L50, M|\n|poke|p1|Archaludon, L50, M|\n|poke|p1|Rillaboom, L50, F|\n|poke|p1|Kingambit, L50, F|\n|poke|p1|Electabuzz, L50, M|\n|poke|p2|Dondozo, L50, F|\n|poke|p2|Tatsugiri, L50, M|\n|poke|p2|Indeedee, L50, M|\n|poke|p2|Sneasler, L50, F|\n|poke|p2|Weezing, L50, M|\n|poke|p2|Incineroar, L50, F|\n|teampreview|4\n|\n|t:|1730672626\n|start\n|switch|p1a: Electabuzz|Electabuzz, L50, M, shiny|100\/100\n|switch|p1b: Kingambit|Kingambit, L50, F|100\/100\n|switch|p2a: Weezing|Weezing, L50, M|100\/100\n|switch|p2b: Incineroar|Incineroar, L50, F|100\/100\n|-ability|p2a: Weezing|Neutralizing Gas\n|-block|p2b: Incineroar|item: Ability Shield\n|-ability|p2b: Incineroar|Intimidate|boost\n|-unboost|p1a: Electabuzz|atk|1\n|-unboost|p1b: Kingambit|atk|1\n|turn|1\n|\n|t:|1730672652\n|move|p1a: Electabuzz|Protect|p1a: Electabuzz\n|-singleturn|p1a: Electabuzz|Protect\n|move|p1b: Kingambit|Protect|p1b: Kingambit\n|-singleturn|p1b: Kingambit|Protect\n|move|p2b: Incineroar|Flare Blitz|p1b: Kingambit\n|-activate|p1b: Kingambit|move: Protect\n|move|p2a: Weezing|Gunk Shot|p1a: Electabuzz\n|-activate|p1a: Electabuzz|move: Protect\n|\n|upkeep\n|turn|2\n|j| gthjtj\n|\n|t:|1730672669\n|switch|p1b: Basculegion|Basculegion-F, L50, F, shiny|100\/100\n|move|p1a: Electabuzz|Thunder Wave|p2a: Weezing\n|-status|p2a: Weezing|par\n|move|p2b: Incineroar|Knock Off|p1a: Electabuzz\n|-damage|p1a: Electabuzz|71\/100\n|-enditem|p1a: Electabuzz|Eviolite|[from] move: Knock Off|[of] p2b: Incineroar\n|move|p2a: Weezing|Toxic Spikes|p1b: Basculegion\n|-sidestart|p1: kaizaah|move: Toxic Spikes\n|\n|upkeep\n|turn|3\n|\n|t:|1730672691\n|-terastallize|p2b: Incineroar|Ghost\n|move|p1b: Basculegion|Hydro Pump|p2b: Incineroar\n|-damage|p2b: Incineroar|31\/100\n|move|p1a: Electabuzz|Thunder Wave|p2b: Incineroar\n|-status|p2b: Incineroar|par\n|move|p2b: Incineroar|Knock Off|p1b: Basculegion\n|-supereffective|p1b: Basculegion\n|-damage|p1b: Basculegion|7\/100\n|-enditem|p1b: Basculegion|Choice Specs|[from] move: Knock Off|[of] p2b: Incineroar\n|cant|p2a: Weezing|par\n|\n|upkeep\n|turn|4\n|\n|t:|1730672707\n|switch|p1b: Kingambit|Kingambit, L50, F|100\/100\n|switch|p2b: Dondozo|Dondozo, L50, F|100\/100\n|move|p1a: Electabuzz|Thunderbolt|p2b: Dondozo\n|-supereffective|p2b: Dondozo\n|-damage|p2b: Dondozo|37\/100\n|cant|p2a: Weezing|par\n|\n|-heal|p2b: Dondozo|43\/100|[from] item: Leftovers\n|upkeep\n|turn|5\n|l| gthjtj\n|\n|t:|1730672725\n|-end|p2a: Weezing|ability: Neutralizing Gas\n|switch|p2a: Tatsugiri|Tatsugiri, L50, M|100\/100\n|-activate|p2a: Tatsugiri|ability: Commander|[of] p2b: Dondozo\n|-boost|p2b: Dondozo|atk|2\n|-boost|p2b: Dondozo|spa|2\n|-boost|p2b: Dondozo|spe|2\n|-boost|p2b: Dondozo|def|2\n|-boost|p2b: Dondozo|spd|2\n|-terastallize|p1a: Electabuzz|Grass\n|move|p2b: Dondozo|Earthquake|p1a: Electabuzz|[spread] p1a,p1b\n|-miss|p2b: Dondozo|p2a: Tatsugiri\n|-resisted|p1a: Electabuzz\n|-supereffective|p1b: Kingambit\n|-damage|p1a: Electabuzz|46\/100\n|-damage|p1b: Kingambit|37\/100\n|move|p1a: Electabuzz|Thunder Wave|p2b: Dondozo\n|-status|p2b: Dondozo|par\n|move|p1b: Kingambit|Kowtow Cleave|p2b: Dondozo\n|-damage|p2b: Dondozo|20\/100 par\n|\n|-heal|p2b: Dondozo|27\/100 par|[from] item: Leftovers\n|upkeep\n|turn|6\n|\n|t:|1730672757\n|move|p1b: Kingambit|Sucker Punch|p2b: Dondozo\n|-damage|p2b: Dondozo|11\/100 par\n|move|p1a: Electabuzz|Thunderbolt|p2b: Dondozo\n|-supereffective|p2b: Dondozo\n|-damage|p2b: Dondozo|0 fnt\n|faint|p2b: Dondozo\n|\n|upkeep\n|\n|t:|1730672762\n|switch|p2b: Incineroar|Incineroar, L50, F, tera:Ghost|31\/100 par\n|-ability|p2b: Incineroar|Intimidate|boost\n|-unboost|p1a: Electabuzz|atk|1\n|-unboost|p1b: Kingambit|atk|1\n|-ability|p1b: Kingambit|Defiant|boost\n|-boost|p1b: Kingambit|atk|2\n|turn|7\n|\n|t:|1730672776\n|move|p1a: Electabuzz|Protect|p1a: Electabuzz\n|-singleturn|p1a: Electabuzz|Protect\n|move|p1b: Kingambit|Protect|p1b: Kingambit\n|-singleturn|p1b: Kingambit|Protect\n|move|p2b: Incineroar|Fake Out|p1a: Electabuzz\n|-activate|p1a: Electabuzz|move: Protect\n|move|p2a: Tatsugiri|Muddy Water|p1a: Electabuzz|[spread] \n|-activate|p1a: Electabuzz|move: Protect\n|-activate|p1b: Kingambit|move: Protect\n|\n|upkeep\n|turn|8\n|\n|t:|1730672787\n|switch|p2b: Weezing|Weezing, L50, M|100\/100 par\n|-ability|p2b: Weezing|Neutralizing Gas\n|move|p1b: Kingambit|Sucker Punch|p2a: Tatsugiri\n|-enditem|p2a: Tatsugiri|Focus Sash\n|-damage|p2a: Tatsugiri|1\/100\n|move|p2a: Tatsugiri|Muddy Water|p1a: Electabuzz|[spread] p1b\n|-miss|p2a: Tatsugiri|p1a: Electabuzz\n|-damage|p1b: Kingambit|3\/100\n|-unboost|p1b: Kingambit|accuracy|1\n|move|p1a: Electabuzz|Thunderbolt|p2b: Weezing\n|-damage|p2b: Weezing|67\/100 par\n|\n|upkeep\n|turn|9\n|\n|t:|1730672824\n|move|p2a: Tatsugiri|Protect|p2a: Tatsugiri\n|-singleturn|p2a: Tatsugiri|Protect\n|move|p1b: Kingambit|Sucker Punch|p2b: Weezing\n|-damage|p2b: Weezing|3\/100 par\n|move|p1a: Electabuzz|Thunderbolt|p2b: Weezing\n|-crit|p2b: Weezing\n|-damage|p2b: Weezing|0 fnt\n|faint|p2b: Weezing\n|-end|p2b: Weezing|ability: Neutralizing Gas\n|\n|upkeep\n|j| Koraidon14\n|\n|t:|1730672831\n|switch|p2b: Incineroar|Incineroar, L50, F, tera:Ghost|31\/100 par\n|-ability|p2b: Incineroar|Intimidate|boost\n|-unboost|p1a: Electabuzz|atk|1\n|-unboost|p1b: Kingambit|atk|1\n|-ability|p1b: Kingambit|Defiant|boost\n|-boost|p1b: Kingambit|atk|2\n|turn|10\n|-message|IKnowI'veGot'Em forfeited.\n|\n|win|kaizaah\n|raw|kaizaah's rating: 1643 &rarr; <strong>1667<\/strong><br \/>(+24 for winning)\n|raw|IKnowI&apos;veGot&apos;Em's rating: 1710 &rarr; <strong>1686<\/strong><br \/>(-24 for losing)\n|l|\u2606kaizaah\n|player|p1|\n|l| Koraidon14\n","uploadtime":1730673020,"views":15,"formatid":"gen9vgc2024regh","rating":1667,"private":0,"password":null}