{"id":"gen9vgc2024regh-2236876084","format":"[Gen 9] VGC 2024 Reg H","players":["ted7106061408","kaizaah"],"log":"|j|\u2606ted7106061408\n|j|\u2606kaizaah\n|t:|1730682149\n|gametype|doubles\n|player|p1|ted7106061408|170|1693\n|player|p2|kaizaah|266|1690\n|teamsize|p1|6\n|teamsize|p2|6\n|gen|9\n|tier|[Gen 9] VGC 2024 Reg H\n|rated|\n|rule|Species Clause: Limit one of each Pok\u00e9mon\n|rule|Item Clause: Limit 1 of each item\n|clearpoke\n|poke|p1|Dondozo, L50, F|\n|poke|p1|Tatsugiri, L50, M|\n|poke|p1|Talonflame, L50, M|\n|poke|p1|Dragonite, L50, F|\n|poke|p1|Gholdengo, L50|\n|poke|p1|Pawmot, L50, M|\n|poke|p2|Basculegion-F, L50, F|\n|poke|p2|Pelipper, L50, M|\n|poke|p2|Archaludon, L50, F|\n|poke|p2|Rillaboom, L50, F|\n|poke|p2|Kingambit, L50, F|\n|poke|p2|Electabuzz, L50, F|\n|teampreview|4\n|inactive|Battle timer is ON: inactive players will automatically lose when time's up. (requested by ted7106061408)\nted7106061408 has agreed to open team sheets.\n|inactive|kaizaah has 60 seconds left.\n|\n|t:|1730682188\n|start\n|switch|p1a: Gholdengo|Gholdengo, L50|100\/100\n|switch|p1b: Talonflame|Talonflame, L50, M|100\/100\n|switch|p2a: Archaludon|Archaludon, L50, F|100\/100\n|switch|p2b: Pelipper|Pelipper, L50, M|100\/100\n|-weather|RainDance|[from] ability: Drizzle|[of] p2b: Pelipper\n|turn|1\n|inactive|ted7106061408 has 30 seconds left.\n|inactive|ted7106061408 has 20 seconds left.\n|\n|t:|1730682225\n|-terastallize|p1a: Gholdengo|Steel\n|move|p1b: Talonflame|Will-O-Wisp|p2a: Archaludon|[miss]\n|-miss|p1b: Talonflame|p2a: Archaludon\n|move|p1a: Gholdengo|Make It Rain|p2a: Archaludon|[spread] p2a,p2b\n|-resisted|p2a: Archaludon\n|-resisted|p2b: Pelipper\n|-damage|p2a: Archaludon|63\/100\n|-damage|p2b: Pelipper|17\/100\n|-unboost|p1a: Gholdengo|spa|1\n|-ability|p2a: Archaludon|Stamina|boost\n|-boost|p2a: Archaludon|def|1\n|move|p2b: Pelipper|Tailwind|p2b: Pelipper\n|-sidestart|p2: kaizaah|move: Tailwind\n|move|p2a: Archaludon|Electro Shot||[still]\n|-prepare|p2a: Archaludon|Electro Shot\n|-boost|p2a: Archaludon|spa|1\n|-anim|p2a: Archaludon|Electro Shot|p1a: Gholdengo\n|-damage|p1a: Gholdengo|29\/100\n|\n|-weather|RainDance|[upkeep]\n|upkeep\n|turn|2\n|\n|t:|1730682237\n|switch|p1a: Dragonite|Dragonite, L50, F|100\/100\n|move|p2b: Pelipper|Wide Guard|p2b: Pelipper\n|-singleturn|p2b: Pelipper|Wide Guard\n|move|p2a: Archaludon|Electro Shot||[still]\n|-prepare|p2a: Archaludon|Electro Shot\n|-boost|p2a: Archaludon|spa|1\n|-anim|p2a: Archaludon|Electro Shot|p1b: Talonflame\n|-supereffective|p1b: Talonflame\n|-crit|p1b: Talonflame\n|-damage|p1b: Talonflame|0 fnt\n|faint|p1b: Talonflame\n|\n|-weather|RainDance|[upkeep]\n|upkeep\n|\n|t:|1730682240\n|switch|p1b: Pawmot|Pawmot, L50, M|100\/100\n|turn|3\n|\n|t:|1730682257\n|switch|p2b: Electabuzz|Electabuzz, L50, F, shiny|100\/100\n|-terastallize|p2a: Archaludon|Fairy\n|move|p1b: Pawmot|Fake Out|p2b: Electabuzz\n|-damage|p2b: Electabuzz|90\/100\n|move|p2a: Archaludon|Electro Shot||[still]\n|-prepare|p2a: Archaludon|Electro Shot\n|-boost|p2a: Archaludon|spa|1\n|-anim|p2a: Archaludon|Electro Shot|p1a: Dragonite\n|-damage|p1a: Dragonite|12\/100\n|move|p1a: Dragonite|Outrage|p2a: Archaludon\n|-immune|p2a: Archaludon\n|\n|-weather|RainDance|[upkeep]\n|upkeep\n|turn|4\n|\n|t:|1730682280\n|switch|p1a: Gholdengo|Gholdengo, L50, tera:Steel|29\/100\n|move|p2b: Electabuzz|Thunderbolt|p1a: Gholdengo\n|-damage|p1a: Gholdengo|0 fnt\n|faint|p1a: Gholdengo\n|move|p2a: Archaludon|Tera Blast|p1b: Pawmot|[anim] Tera Blast Fairy\n|-supereffective|p1b: Pawmot\n|-enditem|p1b: Pawmot|Focus Sash\n|-damage|p1b: Pawmot|1\/100\n|move|p1b: Pawmot|Revival Blessing|p1b: Pawmot\n|\n|t:|1730682286\n|-heal|p1: Gholdengo|50\/100|[from] move: Revival Blessing\n|\n|-weather|RainDance|[upkeep]\n|-sideend|p2: kaizaah|move: Tailwind\n|upkeep\n|switch|p1a: Gholdengo|Gholdengo, L50|50\/100\n|turn|5\n|\n|t:|1730682298\n|switch|p2a: Pelipper|Pelipper, L50, M|17\/100\n|move|p1b: Pawmot|Close Combat|p2b: Electabuzz\n|-damage|p2b: Electabuzz|40\/100\n|-unboost|p1b: Pawmot|def|1\n|-unboost|p1b: Pawmot|spd|1\n|move|p1a: Gholdengo|Make It Rain|p2a: Pelipper|[spread] p2a,p2b\n|-resisted|p2a: Pelipper\n|-resisted|p2b: Electabuzz\n|-damage|p2a: Pelipper|0 fnt\n|-damage|p2b: Electabuzz|12\/100\n|-unboost|p1a: Gholdengo|spa|1\n|faint|p2a: Pelipper\n|move|p2b: Electabuzz|Thunderbolt|p1b: Pawmot\n|-resisted|p1b: Pawmot\n|-damage|p1b: Pawmot|0 fnt\n|faint|p1b: Pawmot\n|\n|-weather|none\n|upkeep\n|\n|t:|1730682310\n|switch|p1b: Dragonite|Dragonite, L50, F|12\/100\n|switch|p2a: Basculegion|Basculegion-F, L50, F, shiny|100\/100\n|turn|6\n|\n|t:|1730682329\n|move|p2b: Electabuzz|Follow Me|p2b: Electabuzz\n|-singleturn|p2b: Electabuzz|move: Follow Me\n|move|p1a: Gholdengo|Make It Rain|p2b: Electabuzz|[spread] p2a,p2b\n|-resisted|p2a: Basculegion\n|-resisted|p2b: Electabuzz\n|-damage|p2a: Basculegion|73\/100\n|-damage|p2b: Electabuzz|0 fnt\n|-unboost|p1a: Gholdengo|spa|1\n|faint|p2b: Electabuzz\n|move|p2a: Basculegion|Hex|p1a: Gholdengo\n|-supereffective|p1a: Gholdengo\n|-damage|p1a: Gholdengo|0 fnt\n|faint|p1a: Gholdengo\n|move|p1b: Dragonite|Stomping Tantrum|p2a: Basculegion\n|-damage|p2a: Basculegion|17\/100\n|\n|upkeep\n|\n|t:|1730682331\n|switch|p2b: Archaludon|Archaludon, L50, F, tera:Fairy|63\/100\n|turn|7\n|\n|t:|1730682339\n|move|p2a: Basculegion|Hex|p1b: Dragonite\n|-damage|p1b: Dragonite|0 fnt\n|faint|p1b: Dragonite\n|\n|win|kaizaah\n|raw|ted7106061408's rating: 1693 &rarr; <strong>1673<\/strong><br \/>(-20 for losing)\n|raw|kaizaah's rating: 1690 &rarr; <strong>1710<\/strong><br \/>(+20 for winning)\n|l|\u2606ted7106061408\n|player|p1|\n|l|\u2606kaizaah\n|player|p2|\n","uploadtime":1730682560,"views":19,"formatid":"gen9vgc2024regh","rating":1673,"private":0,"password":null}