{"id":"gen9vgc2024regh-2236115736","format":"[Gen 9] VGC 2024 Reg H","players":["judevgc","D_Bastial"],"log":"|j|\u2606judevgc\n|j|\u2606D_Bastial\n|t:|1730574047\n|gametype|doubles\n|player|p1|judevgc|falkner|1695\n|player|p2|D_Bastial|clay|1695\n|teamsize|p1|6\n|teamsize|p2|6\n|gen|9\n|tier|[Gen 9] VGC 2024 Reg H\n|rated|\n|rule|Species Clause: Limit one of each Pok\u00e9mon\n|rule|Item Clause: Limit 1 of each item\n|clearpoke\n|poke|p1|Volcarona, L50, F|\n|poke|p1|Rillaboom, L50, F|\n|poke|p1|Sneasler, L50, F|\n|poke|p1|Dondozo, L50, F|\n|poke|p1|Garchomp, L50, M|\n|poke|p1|Kingambit, L50, M|\n|poke|p2|Kommo-o, L50, M|\n|poke|p2|Sinistcha-Masterpiece, L50|\n|poke|p2|Rillaboom, L50, F|\n|poke|p2|Electabuzz, L50, F|\n|poke|p2|Incineroar, L50, F|\n|poke|p2|Meowscarada, L50, M|\n|teampreview|4\n|inactive|Battle timer is ON: inactive players will automatically lose when time's up. (requested by judevgc)\nD_Bastial has agreed to open team sheets.\njudevgc has agreed to open team sheets.\n|inactive|judevgc has 30 seconds left.\n|inactive|D_Bastial has 30 seconds left.\n|inactive|judevgc has 20 seconds left.\n|inactive|judevgc has 15 seconds left.\n|inactive|judevgc has 10 seconds left.\n|\n|t:|1730574103\n|start\n|switch|p1a: Sneasler|Sneasler, L50, F|100\/100\n|switch|p1b: Volcarona|Volcarona, L50, F|100\/100\n|switch|p2a: Kommo-o|Kommo-o, L50, M|100\/100\n|switch|p2b: Rillaboom|Rillaboom, L50, F|100\/100\n|-fieldstart|move: Grassy Terrain|[from] ability: Grassy Surge|[of] p2b: Rillaboom\n|-enditem|p1b: Volcarona|Grassy Seed\n|-boost|p1b: Volcarona|def|1|[from] item: Grassy Seed\n|-enditem|p2b: Rillaboom|Grassy Seed\n|-boost|p2b: Rillaboom|def|1|[from] item: Grassy Seed\n|turn|1\n|inactive|judevgc has 30 seconds left.\n|\n|t:|1730574134\n|move|p1a: Sneasler|Fake Out|p2b: Rillaboom\n|-damage|p2b: Rillaboom|91\/100\n|-status|p2b: Rillaboom|psn|[from] ability: Poison Touch|[of] p1a: Sneasler\n|cant|p2b: Rillaboom|flinch\n|move|p1b: Volcarona|Quiver Dance|p1b: Volcarona\n|-boost|p1b: Volcarona|spa|1\n|-boost|p1b: Volcarona|spd|1\n|-boost|p1b: Volcarona|spe|1\n|move|p2a: Kommo-o|Clangorous Soul|p2a: Kommo-o\n|-boost|p2a: Kommo-o|atk|1\n|-boost|p2a: Kommo-o|def|1\n|-boost|p2a: Kommo-o|spa|1\n|-boost|p2a: Kommo-o|spd|1\n|-boost|p2a: Kommo-o|spe|1\n|-damage|p2a: Kommo-o|68\/100\n|-enditem|p2a: Kommo-o|Throat Spray\n|-boost|p2a: Kommo-o|spa|1|[from] item: Throat Spray\n|\n|-heal|p2a: Kommo-o|74\/100|[from] Grassy Terrain\n|-heal|p2b: Rillaboom|97\/100 psn|[from] Grassy Terrain\n|-damage|p2b: Rillaboom|84\/100 psn|[from] psn\n|upkeep\n|turn|2\n|inactive|D_Bastial has 30 seconds left.\n|\n|t:|1730574169\n|-terastallize|p2a: Kommo-o|Fire\n|move|p2b: Rillaboom|Grassy Glide|p1a: Sneasler\n|-resisted|p1a: Sneasler\n|-damage|p1a: Sneasler|68\/100\n|move|p1b: Volcarona|Quiver Dance|p1b: Volcarona\n|-boost|p1b: Volcarona|spa|1\n|-boost|p1b: Volcarona|spd|1\n|-boost|p1b: Volcarona|spe|1\n|move|p2a: Kommo-o|Clanging Scales|p1b: Volcarona|[spread] p1a,p1b\n|-damage|p1a: Sneasler|0 fnt\n|-damage|p1b: Volcarona|66\/100\n|faint|p1a: Sneasler\n|-unboost|p2a: Kommo-o|def|1\n|\n|-heal|p1b: Volcarona|72\/100|[from] Grassy Terrain\n|-heal|p2a: Kommo-o|79\/100|[from] Grassy Terrain\n|-heal|p2b: Rillaboom|90\/100 psn|[from] Grassy Terrain\n|-damage|p2b: Rillaboom|78\/100 psn|[from] psn\n|upkeep\n|\n|t:|1730574183\n|switch|p1a: Rillaboom|Rillaboom, L50, F|100\/100\n|turn|3\n|\n|t:|1730574195\n|move|p1a: Rillaboom|Fake Out|p2a: Kommo-o\n|-damage|p2a: Kommo-o|68\/100\n|move|p1b: Volcarona|Quiver Dance|p1b: Volcarona\n|-boost|p1b: Volcarona|spa|1\n|-boost|p1b: Volcarona|spd|1\n|-boost|p1b: Volcarona|spe|1\n|cant|p2a: Kommo-o|flinch\n|move|p2b: Rillaboom|Acrobatics|p1b: Volcarona\n|-supereffective|p1b: Volcarona\n|-damage|p1b: Volcarona|12\/100\n|\n|-heal|p1b: Volcarona|18\/100|[from] Grassy Terrain\n|-heal|p2a: Kommo-o|74\/100|[from] Grassy Terrain\n|-heal|p2b: Rillaboom|84\/100 psn|[from] Grassy Terrain\n|-damage|p2b: Rillaboom|71\/100 psn|[from] psn\n|upkeep\n|turn|4\n|inactive|judevgc has 30 seconds left.\n|inactive|judevgc has 20 seconds left.\n|inactive|judevgc has 15 seconds left.\n|inactive|judevgc has 10 seconds left.\n|\n|t:|1730574244\n|switch|p2b: Sinistcha|Sinistcha-Masterpiece, L50|100\/100\n|-heal|p2a: Kommo-o|99\/100|[from] ability: Hospitality|[of] p2b: Sinistcha\n|-terastallize|p1b: Volcarona|Electric\n|move|p1a: Rillaboom|Grassy Glide|p2a: Kommo-o\n|-resisted|p2a: Kommo-o\n|-damage|p2a: Kommo-o|83\/100\n|move|p1b: Volcarona|Tera Blast|p2a: Kommo-o|[anim] Tera Blast Electric\n|-damage|p2a: Kommo-o|9\/100\n|move|p2a: Kommo-o|Clanging Scales|p1b: Volcarona|[spread] p1a,p1b\n|-damage|p1a: Rillaboom|54\/100\n|-damage|p1b: Volcarona|0 fnt\n|faint|p1b: Volcarona\n|-unboost|p2a: Kommo-o|def|1\n|\n|-heal|p2a: Kommo-o|15\/100|[from] Grassy Terrain\n|-heal|p1a: Rillaboom|60\/100|[from] Grassy Terrain\n|upkeep\n|\n|t:|1730574256\n|switch|p1b: Kingambit|Kingambit, L50, M|100\/100\n|turn|5\n|j| TheOneShobby\n|\n|t:|1730574266\n|move|p2a: Kommo-o|Protect|p2a: Kommo-o\n|-singleturn|p2a: Kommo-o|Protect\n|move|p1a: Rillaboom|Grassy Glide|p2a: Kommo-o\n|-activate|p2a: Kommo-o|move: Protect\n|move|p2b: Sinistcha|Life Dew||[still]|[spread] p2a,p2b\n|-heal|p2a: Kommo-o|40\/100\n|-fail|p2b: Sinistcha|heal\n|move|p1b: Kingambit|Swords Dance|p1b: Kingambit\n|-boost|p1b: Kingambit|atk|2\n|\n|-heal|p2a: Kommo-o|46\/100|[from] Grassy Terrain\n|-heal|p1a: Rillaboom|66\/100|[from] Grassy Terrain\n|-fieldend|move: Grassy Terrain\n|upkeep\n|turn|6\n|inactive|D_Bastial has 30 seconds left.\n|inactive|judevgc has 30 seconds left.\n|inactive|D_Bastial has 20 seconds left.\n|\n|t:|1730574303\n|switch|p2b: Rillaboom|Rillaboom, L50, F|71\/100 psn\n|-fieldstart|move: Grassy Terrain|[from] ability: Grassy Surge|[of] p2b: Rillaboom\n|move|p2a: Kommo-o|Protect||[still]\n|-fail|p2a: Kommo-o\n|move|p1a: Rillaboom|High Horsepower|p2a: Kommo-o\n|-supereffective|p2a: Kommo-o\n|-damage|p2a: Kommo-o|0 fnt\n|faint|p2a: Kommo-o\n|move|p1b: Kingambit|Kowtow Cleave|p2b: Rillaboom\n|-damage|p2b: Rillaboom|0 fnt\n|faint|p2b: Rillaboom\n|\n|-heal|p1a: Rillaboom|72\/100|[from] Grassy Terrain\n|upkeep\n|\n|t:|1730574311\n|switch|p2a: Sinistcha|Sinistcha-Masterpiece, L50|100\/100\n|switch|p2b: Meowscarada|Meowscarada, L50, M|100\/100\n|turn|7\n|j| moon7777\n|\n|t:|1730574328\n|move|p2b: Meowscarada|Flower Trick|p1b: Kingambit\n|-start|p2b: Meowscarada|typechange|Grass|[from] ability: Protean\n|-resisted|p1b: Kingambit\n|-crit|p1b: Kingambit\n|-damage|p1b: Kingambit|67\/100\n|move|p1a: Rillaboom|Wood Hammer|p2b: Meowscarada\n|-resisted|p2b: Meowscarada\n|-damage|p2b: Meowscarada|40\/100\n|-damage|p1a: Rillaboom|57\/100|[from] Recoil\n|move|p2a: Sinistcha|Matcha Gotcha|p1a: Rillaboom|[spread] \n|-miss|p2a: Sinistcha|p1a: Rillaboom\n|-miss|p2a: Sinistcha|p1b: Kingambit\n|move|p1b: Kingambit|Kowtow Cleave|p2a: Sinistcha\n|-supereffective|p2a: Sinistcha\n|-damage|p2a: Sinistcha|0 fnt\n|faint|p2a: Sinistcha\n|\n|-heal|p2b: Meowscarada|46\/100|[from] Grassy Terrain\n|-heal|p1a: Rillaboom|63\/100|[from] Grassy Terrain\n|-heal|p1b: Kingambit|72\/100|[from] Grassy Terrain\n|upkeep\n|turn|8\n|\n|t:|1730574340\n|move|p1b: Kingambit|Sucker Punch|p2b: Meowscarada\n|-damage|p2b: Meowscarada|0 fnt\n|faint|p2b: Meowscarada\n|\n|win|judevgc\n|raw|judevgc's rating: 1695 &rarr; <strong>1715<\/strong><br \/>(+20 for winning)\n|raw|D_Bastial's rating: 1695 &rarr; <strong>1675<\/strong><br \/>(-20 for losing)\n|l|\u2606D_Bastial\n|player|p2|\n|l|\u2606judevgc\n|player|p1|\n|l| moon7777\n|l| TheOneShobby\n","uploadtime":1730574599,"views":23,"formatid":"gen9vgc2024regh","rating":1675,"private":0,"password":null}