{"id":"gen9vgc2024regh-2236782684","format":"[Gen 9] VGC 2024 Reg H","players":["IKnowI'veGot'Em","Brave12223"],"log":"|j|\u2606IKnowI'veGot'Em\n|j|\u2606Brave12223\n|t:|1730670804\n|gametype|doubles\n|player|p1|IKnowI'veGot'Em|266|1681\n|player|p2|Brave12223|ingo|1752\n|teamsize|p1|6\n|teamsize|p2|6\n|gen|9\n|tier|[Gen 9] VGC 2024 Reg H\n|rated|\n|rule|Species Clause: Limit one of each Pok\u00e9mon\n|rule|Item Clause: Limit 1 of each item\n|clearpoke\n|poke|p1|Dondozo, L50, F|\n|poke|p1|Tatsugiri, L50, F|\n|poke|p1|Indeedee, L50, M|\n|poke|p1|Sneasler, L50, M|\n|poke|p1|Weezing, L50, F|\n|poke|p1|Incineroar, L50, F|\n|poke|p2|Garchomp, L50, M|\n|poke|p2|Talonflame, L50, F|\n|poke|p2|Gastrodon, L50, M|\n|poke|p2|Tsareena, L50, F|\n|poke|p2|Sneasler, L50, M|\n|poke|p2|Kingambit, L50, F|\n|teampreview|4\n|inactive|Battle timer is ON: inactive players will automatically lose when time's up. (requested by Brave12223)\n|inactive|IKnowI'veGot'Em has 60 seconds left.\n|\n|t:|1730670842\n|start\n|switch|p1a: Indeedee|Indeedee, L50, M|100\/100\n|switch|p1b: Sneasler|Sneasler, L50, M|100\/100\n|switch|p2a: Talonflame|Talonflame, L50, F|100\/100\n|switch|p2b: Garchomp|Garchomp, L50, M|100\/100\n|-fieldstart|move: Psychic Terrain|[from] ability: Psychic Surge|[of] p1a: Indeedee\n|-enditem|p1b: Sneasler|Psychic Seed\n|-boost|p1b: Sneasler|spd|1|[from] item: Psychic Seed\n|turn|1\n|\n|t:|1730670857\n|move|p2a: Talonflame|Tailwind|p2a: Talonflame\n|-sidestart|p2: Brave12223|move: Tailwind\n|move|p1b: Sneasler|Dire Claw|p2a: Talonflame\n|-damage|p2a: Talonflame|42\/100\n|move|p2b: Garchomp|Earthquake|p1b: Sneasler|[spread] p1a,p1b\n|-immune|p2a: Talonflame\n|-supereffective|p1b: Sneasler\n|-damage|p1a: Indeedee|0 fnt\n|-damage|p1b: Sneasler|0 fnt\n|faint|p1a: Indeedee\n|faint|p1b: Sneasler\n|\n|upkeep\n|\n|t:|1730670868\n|switch|p1b: Tatsugiri|Tatsugiri, L50, F|100\/100\n|switch|p1a: Dondozo|Dondozo, L50, F|100\/100\n|-activate|p1b: Tatsugiri|ability: Commander|[of] p1a: Dondozo\n|-boost|p1a: Dondozo|atk|2\n|-boost|p1a: Dondozo|spa|2\n|-boost|p1a: Dondozo|spe|2\n|-boost|p1a: Dondozo|def|2\n|-boost|p1a: Dondozo|spd|2\n|turn|2\n|\n|t:|1730670873\n|switch|p2b: Gastrodon|Gastrodon, L50, M|100\/100\n|move|p2a: Talonflame|Will-O-Wisp|p1a: Dondozo\n|-status|p1a: Dondozo|brn\n|move|p1a: Dondozo|Order Up|p2a: Talonflame\n|-damage|p2a: Talonflame|9\/100\n|-boost|p1a: Dondozo|atk|1\n|\n|-damage|p1a: Dondozo|94\/100 brn|[from] brn\n|upkeep\n|turn|3\n|\n|t:|1730670884\n|move|p2a: Talonflame|Taunt|p1a: Dondozo\n|-start|p1a: Dondozo|move: Taunt\n|move|p1a: Dondozo|Order Up|p2a: Talonflame\n|-damage|p2a: Talonflame|0 fnt\n|faint|p2a: Talonflame\n|-boost|p1a: Dondozo|atk|1\n|move|p2b: Gastrodon|Clear Smog|p1a: Dondozo\n|-damage|p1a: Dondozo|87\/100 brn\n|-clearboost|p1a: Dondozo\n|\n|-heal|p1a: Dondozo|93\/100 brn|[from] item: Leftovers\n|-damage|p1a: Dondozo|87\/100 brn|[from] brn\n|upkeep\n|\n|t:|1730670889\n|switch|p2a: Sneasler|Sneasler, L50, M|100\/100\n|-item|p2a: Sneasler|Air Balloon\n|turn|4\n|c|\u2606IKnowI'veGot'Em|what is this shit\n|\n|t:|1730670904\n|move|p2a: Sneasler|Dire Claw|p1a: Dondozo\n|-damage|p1a: Dondozo|57\/100 brn\n|move|p2b: Gastrodon|Earth Power|p1a: Dondozo\n|-damage|p1a: Dondozo|24\/100 brn\n|move|p1a: Dondozo|Order Up|p2b: Gastrodon\n|-damage|p2b: Gastrodon|90\/100\n|-boost|p1a: Dondozo|atk|1\n|\n|-heal|p1a: Dondozo|30\/100 brn|[from] item: Leftovers\n|-damage|p1a: Dondozo|24\/100 brn|[from] brn\n|-sideend|p2: Brave12223|move: Tailwind\n|upkeep\n|turn|5\n|\n|t:|1730670918\n|-terastallize|p1a: Dondozo|Steel\n|move|p2a: Sneasler|Close Combat|p1a: Dondozo\n|-supereffective|p1a: Dondozo\n|-damage|p1a: Dondozo|0 fnt\n|-unboost|p2a: Sneasler|def|1\n|-unboost|p2a: Sneasler|spd|1\n|faint|p1a: Dondozo\n|move|p2b: Gastrodon|Earth Power|p1b: Tatsugiri\n|-damage|p1b: Tatsugiri|56\/100\n|\n|-fieldend|move: Psychic Terrain\n|upkeep\n|turn|6\n|-message|IKnowI'veGot'Em forfeited.\n|\n|win|Brave12223\n|raw|IKnowI&apos;veGot&apos;Em's rating: 1681 &rarr; <strong>1665<\/strong><br \/>(-16 for losing)\n|raw|Brave12223's rating: 1752 &rarr; <strong>1768<\/strong><br \/>(+16 for winning)\n|l|\u2606Brave12223\n|player|p2|\n","uploadtime":1730671088,"views":16,"formatid":"gen9vgc2024regh","rating":1665,"private":0,"password":null}