{"id":"gen9vgc2024regh-2236705879","format":"[Gen 9] VGC 2024 Reg H","players":["647w","fungfung7"],"log":"|j|\u2606647w\n|j|\u2606fungfung7\n|t:|1730662062\n|gametype|doubles\n|player|p1|647w|lucas-gen4pt|1750\n|player|p2|fungfung7|102|1684\n|teamsize|p1|6\n|teamsize|p2|6\n|gen|9\n|tier|[Gen 9] VGC 2024 Reg H\n|rated|\n|rule|Species Clause: Limit one of each Pok\u00e9mon\n|rule|Item Clause: Limit 1 of each item\n|clearpoke\n|poke|p1|Kilowattrel, L50, M|\n|poke|p1|Garchomp, L50, M|\n|poke|p1|Archaludon, L50, M|\n|poke|p1|Incineroar, L50, F|\n|poke|p1|Rillaboom, L50, F|\n|poke|p1|Dondozo, L50, F|\n|poke|p2|Gholdengo, L50|\n|poke|p2|Glimmora, L50, F|\n|poke|p2|Talonflame, L50, M|\n|poke|p2|Dragonite, L50, F|\n|poke|p2|Dondozo, L50, F|\n|poke|p2|Tatsugiri, L50, M|\n|teampreview|4\n|inactive|Battle timer is ON: inactive players will automatically lose when time's up. (requested by fungfung7)\n647w has agreed to open team sheets.\n|\n|t:|1730662077\n|start\n|switch|p1a: Kilowattrel|Kilowattrel, L50, M|100\/100\n|switch|p1b: Garchomp|Garchomp, L50, M|100\/100\n|switch|p2a: Glimmora|Glimmora, L50, F|100\/100\n|switch|p2b: Talonflame|Talonflame, L50, M|100\/100\n|turn|1\n|\n|t:|1730662095\n|-terastallize|p2a: Glimmora|Grass\n|move|p2b: Talonflame|Tailwind|p2b: Talonflame\n|-sidestart|p2: fungfung7|move: Tailwind\n|move|p2a: Glimmora|Meteor Beam||[still]\n|-prepare|p2a: Glimmora|Meteor Beam\n|-boost|p2a: Glimmora|spa|1\n|-enditem|p2a: Glimmora|Power Herb\n|-anim|p2a: Glimmora|Meteor Beam|p1a: Kilowattrel\n|-supereffective|p1a: Kilowattrel\n|-enditem|p1a: Kilowattrel|Focus Sash\n|-damage|p1a: Kilowattrel|1\/100\n|move|p1a: Kilowattrel|Thunderbolt|p2b: Talonflame\n|-supereffective|p2b: Talonflame\n|-damage|p2b: Talonflame|0 fnt\n|faint|p2b: Talonflame\n|move|p1b: Garchomp|Swords Dance|p1b: Garchomp\n|-boost|p1b: Garchomp|atk|2\n|\n|upkeep\n|\n|t:|1730662116\n|switch|p2b: Dondozo|Dondozo, L50, F|100\/100\n|turn|2\n|\n|t:|1730662129\n|move|p1a: Kilowattrel|Protect|p1a: Kilowattrel\n|-singleturn|p1a: Kilowattrel|Protect\n|move|p2b: Dondozo|Protect|p2b: Dondozo\n|-singleturn|p2b: Dondozo|Protect\n|move|p1b: Garchomp|Protect|p1b: Garchomp\n|-singleturn|p1b: Garchomp|Protect\n|move|p2a: Glimmora|Sludge Bomb|p1a: Kilowattrel\n|-activate|p1a: Kilowattrel|move: Protect\n|\n|upkeep\n|turn|3\n|inactive|fungfung7 has 30 seconds left.\n|inactive|fungfung7 has 20 seconds left.\n|inactive|fungfung7 has 15 seconds left.\n|\n|t:|1730662171\n|switch|p1a: Dondozo|Dondozo, L50, F|100\/100\n|move|p2a: Glimmora|Sludge Bomb|p1a: Dondozo\n|-crit|p1a: Dondozo\n|-damage|p1a: Dondozo|48\/100\n|-status|p1a: Dondozo|psn\n|move|p2b: Dondozo|Order Up|p1b: Garchomp\n|-supereffective|p1b: Garchomp\n|-damage|p1b: Garchomp|49\/100\n|move|p1b: Garchomp|Dragon Claw|p2a: Glimmora\n|-damage|p2a: Glimmora|2\/100\n|-activate|p2a: Glimmora|ability: Toxic Debris\n|-sidestart|p1: 647w|move: Toxic Spikes\n|\n|-heal|p1a: Dondozo|54\/100 psn|[from] item: Leftovers\n|-damage|p1a: Dondozo|41\/100 psn|[from] psn\n|upkeep\n|turn|4\n|inactive|fungfung7 has 30 seconds left.\n|\n|t:|1730662202\n|switch|p1a: Kilowattrel|Kilowattrel, L50, M|1\/100\n|move|p1b: Garchomp|Protect|p1b: Garchomp\n|-singleturn|p1b: Garchomp|Protect\n|move|p2a: Glimmora|Sludge Bomb|p1a: Kilowattrel\n|-damage|p1a: Kilowattrel|0 fnt\n|faint|p1a: Kilowattrel\n|move|p2b: Dondozo|Order Up|p1b: Garchomp\n|-activate|p1b: Garchomp|move: Protect\n|\n|-sideend|p2: fungfung7|move: Tailwind\n|upkeep\n|j| mr pogostick\n|\n|t:|1730662217\n|switch|p1a: Dondozo|Dondozo, L50, F|41\/100 psn\n|turn|5\n|\n|t:|1730662230\n|switch|p1b: Archaludon|Archaludon, L50, M|100\/100\n|switch|p2a: Tatsugiri|Tatsugiri, L50, M|100\/100\n|-activate|p2a: Tatsugiri|ability: Commander|[of] p2b: Dondozo\n|-boost|p2b: Dondozo|atk|2\n|-boost|p2b: Dondozo|spa|2\n|-boost|p2b: Dondozo|spe|2\n|-boost|p2b: Dondozo|def|2\n|-boost|p2b: Dondozo|spd|2\n|move|p2b: Dondozo|Order Up|p1b: Archaludon\n|-damage|p1b: Archaludon|54\/100\n|-boost|p2b: Dondozo|atk|1\n|move|p1a: Dondozo|Yawn|p2b: Dondozo\n|-start|p2b: Dondozo|move: Yawn|[of] p1a: Dondozo\n|\n|-heal|p1a: Dondozo|48\/100 psn|[from] item: Leftovers\n|-damage|p1a: Dondozo|35\/100 psn|[from] psn\n|upkeep\n|turn|6\n|\n|t:|1730662253\n|move|p1b: Archaludon|Protect|p1b: Archaludon\n|-singleturn|p1b: Archaludon|Protect\n|move|p2b: Dondozo|Earthquake|p1a: Dondozo|[spread] p1a\n|-miss|p2b: Dondozo|p2a: Tatsugiri\n|-activate|p1b: Archaludon|move: Protect\n|-damage|p1a: Dondozo|22\/100 psn\n|move|p1a: Dondozo|Fissure|p2b: Dondozo|[miss]\n|-miss|p1a: Dondozo|p2b: Dondozo\n|\n|-heal|p1a: Dondozo|29\/100 psn|[from] item: Leftovers\n|-damage|p1a: Dondozo|16\/100 psn|[from] psn\n|-end|p2b: Dondozo|move: Yawn|[silent]\n|-status|p2b: Dondozo|slp\n|upkeep\n|turn|7\n|\n|t:|1730662263\n|cant|p2b: Dondozo|slp\n|move|p1b: Archaludon|Electro Shot||[still]\n|-prepare|p1b: Archaludon|Electro Shot\n|-boost|p1b: Archaludon|spa|1\n|-enditem|p1b: Archaludon|Power Herb\n|-anim|p1b: Archaludon|Electro Shot|p2b: Dondozo\n|-supereffective|p2b: Dondozo\n|-crit|p2b: Dondozo\n|-damage|p2b: Dondozo|0 fnt\n|faint|p2b: Dondozo\n|move|p1a: Dondozo|Fissure|p2a: Tatsugiri\n|-enditem|p2a: Tatsugiri|Focus Sash\n|-damage|p2a: Tatsugiri|1\/100\n|\n|-heal|p1a: Dondozo|22\/100 psn|[from] item: Leftovers\n|-damage|p1a: Dondozo|10\/100 psn|[from] psn\n|upkeep\n|j| mpudi\n|\n|t:|1730662276\n|switch|p2b: Glimmora|Glimmora, L50, F, tera:Grass|2\/100\n|turn|8\n|inactive|fungfung7 has 30 seconds left.\n|\n|t:|1730662302\n|move|p1b: Archaludon|Protect|p1b: Archaludon\n|-singleturn|p1b: Archaludon|Protect\n|move|p2b: Glimmora|Sludge Bomb|p1a: Dondozo\n|-damage|p1a: Dondozo|0 fnt\n|faint|p1a: Dondozo\n|move|p2a: Tatsugiri|Draco Meteor|p1b: Archaludon\n|-activate|p1b: Archaludon|move: Protect\n|\n|upkeep\n|\n|t:|1730662307\n|switch|p1a: Garchomp|Garchomp, L50, M|49\/100\n|-status|p1a: Garchomp|psn\n|turn|9\n|\n|t:|1730662311\n|move|p2b: Glimmora|Spiky Shield|p2b: Glimmora\n|-singleturn|p2b: Glimmora|move: Protect\n|move|p2a: Tatsugiri|Protect|p2a: Tatsugiri\n|-singleturn|p2a: Tatsugiri|Protect\n|move|p1a: Garchomp|Dragon Claw|p2b: Glimmora\n|-activate|p2b: Glimmora|move: Protect\n|-damage|p1a: Garchomp|37\/100 psn|[from] Spiky Shield|[of] p2b: Glimmora\n|move|p1b: Archaludon|Flash Cannon|p2a: Tatsugiri\n|-activate|p2a: Tatsugiri|move: Protect\n|\n|-damage|p1a: Garchomp|24\/100 psn|[from] psn\n|upkeep\n|turn|10\n|inactive|fungfung7 has 30 seconds left.\n|inactive|fungfung7 has 20 seconds left.\n|\n|t:|1730662347\n|move|p1a: Garchomp|Dragon Claw|p2b: Glimmora\n|-damage|p2b: Glimmora|0 fnt\n|-activate|p2b: Glimmora|ability: Toxic Debris\n|-sidestart|p1: 647w|move: Toxic Spikes\n|faint|p2b: Glimmora\n|move|p1b: Archaludon|Flash Cannon|p2a: Tatsugiri\n|-resisted|p2a: Tatsugiri\n|-damage|p2a: Tatsugiri|0 fnt\n|faint|p2a: Tatsugiri\n|\n|win|647w\n|raw|647w's rating: 1750 &rarr; <strong>1766<\/strong><br \/>(+16 for winning)\n|raw|fungfung7's rating: 1684 &rarr; <strong>1668<\/strong><br \/>(-16 for losing)\n|l|\u2606fungfung7\n|player|p2|\n","uploadtime":1730662351,"views":28,"formatid":"gen9vgc2024regh","rating":1668,"private":0,"password":null}