{"id":"gen9vgc2024regh-2236598090","format":"[Gen 9] VGC 2024 Reg H","players":["namox3031","GBVGC X76"],"log":"|j|\u2606namox3031\n|j|\u2606GBVGC X76\n|t:|1730649229\n|gametype|doubles\n|player|p1|namox3031|265|1688\n|player|p2|GBVGC X76|hanbei-conquest|1890\n|teamsize|p1|6\n|teamsize|p2|6\n|gen|9\n|tier|[Gen 9] VGC 2024 Reg H\n|rated|\n|rule|Species Clause: Limit one of each Pok\u00e9mon\n|rule|Item Clause: Limit 1 of each item\n|clearpoke\n|poke|p1|Pelipper, L50, F|\n|poke|p1|Basculegion, L50, M|\n|poke|p1|Archaludon, L50, F|\n|poke|p1|Amoonguss, L50, F|\n|poke|p1|Incineroar, L50, F|\n|poke|p1|Kingambit, L50, F|\n|poke|p2|Smeargle, L50, M|\n|poke|p2|Farigiraf, L50, F|\n|poke|p2|Grimmsnarl, L50, M|\n|poke|p2|Torkoal, L50, F|\n|poke|p2|Ursaluna-Bloodmoon, L50, M|\n|poke|p2|Kingambit, L50, F|\n|teampreview|4\n|\n|t:|1730649258\n|start\n|switch|p1a: Incineroar|Incineroar, L50, F, shiny|100\/100\n|switch|p1b: Kingambit|Kingambit, L50, F|100\/100\n|switch|p2a: Smeargle|Smeargle, L50, M|100\/100\n|switch|p2b: Farigiraf|Farigiraf, L50, F|100\/100\n|-ability|p1a: Incineroar|Intimidate|boost\n|-unboost|p2a: Smeargle|atk|1\n|-enditem|p2a: Smeargle|Eject Pack\n|-unboost|p2b: Farigiraf|atk|1\n|\n|t:|1730649263\n|switch|p2a: Ursaluna|Ursaluna-Bloodmoon, L50, M|100\/100\n|turn|1\n|\n|t:|1730649282\n|switch|p2b: Kingambit|Kingambit, L50, F|100\/100\n|-terastallize|p2a: Ursaluna|Normal\n|move|p1a: Incineroar|Fake Out|p2a: Ursaluna\n|-damage|p2a: Ursaluna|93\/100\n|cant|p2a: Ursaluna|flinch\n|move|p1b: Kingambit|Swords Dance|p1b: Kingambit\n|-boost|p1b: Kingambit|atk|2\n|\n|upkeep\n|turn|2\n|\n|t:|1730649309\n|-terastallize|p1b: Kingambit|Dark\n|move|p2a: Ursaluna|Earth Power|p1b: Kingambit\n|-damage|p1b: Kingambit|34\/100\n|-damage|p2a: Ursaluna|83\/100|[from] item: Life Orb\n|move|p1a: Incineroar|Taunt|p2b: Kingambit\n|-start|p2b: Kingambit|move: Taunt\n|move|p2b: Kingambit|Kowtow Cleave|p1b: Kingambit\n|-resisted|p1b: Kingambit\n|-damage|p1b: Kingambit|12\/100\n|move|p1b: Kingambit|Kowtow Cleave|p2a: Ursaluna\n|-damage|p2a: Ursaluna|0 fnt\n|faint|p2a: Ursaluna\n|\n|upkeep\n|\n|t:|1730649317\n|switch|p2a: Smeargle|Smeargle, L50, M|100\/100\n|turn|3\n|j| bluestraggler02\n|\n|t:|1730649332\n|move|p1b: Kingambit|Protect|p1b: Kingambit\n|-singleturn|p1b: Kingambit|Protect\n|move|p2a: Smeargle|Fake Out|p1a: Incineroar\n|-damage|p1a: Incineroar|96\/100\n|move|p2b: Kingambit|Kowtow Cleave|p1a: Incineroar\n|-resisted|p1a: Incineroar\n|-damage|p1a: Incineroar|71\/100\n|cant|p1a: Incineroar|flinch\n|\n|-ability|p2a: Smeargle|Moody|boost\n|-boost|p2a: Smeargle|spe|2\n|-unboost|p2a: Smeargle|spa|1\n|upkeep\n|turn|4\n|\n|t:|1730649360\n|move|p1b: Kingambit|Sucker Punch|p2b: Kingambit\n|-resisted|p2b: Kingambit\n|-damage|p2b: Kingambit|50\/100\n|move|p2a: Smeargle|Spore|p1b: Kingambit\n|-status|p1b: Kingambit|slp|[from] move: Spore\n|move|p2b: Kingambit|Kowtow Cleave|p1b: Kingambit\n|-resisted|p1b: Kingambit\n|-damage|p1b: Kingambit|0 fnt\n|faint|p1b: Kingambit\n|move|p1a: Incineroar|Taunt|p2a: Smeargle\n|-start|p2a: Smeargle|move: Taunt\n|\n|-end|p2b: Kingambit|move: Taunt\n|-ability|p2a: Smeargle|Moody|boost\n|-boost|p2a: Smeargle|atk|2\n|-unboost|p2a: Smeargle|spa|1\n|upkeep\n|\n|t:|1730649373\n|switch|p1b: Pelipper|Pelipper, L50, F|100\/100\n|-weather|RainDance|[from] ability: Drizzle|[of] p1b: Pelipper\n|turn|5\n|\n|t:|1730649385\n|switch|p2a: Farigiraf|Farigiraf, L50, F|100\/100\n|move|p2b: Kingambit|Protect|p2b: Kingambit\n|-singleturn|p2b: Kingambit|Protect\n|move|p1b: Pelipper|Weather Ball|p2a: Farigiraf\n|-damage|p2a: Farigiraf|42\/100\n|move|p1a: Incineroar|Knock Off|p2a: Farigiraf\n|-supereffective|p2a: Farigiraf\n|-damage|p2a: Farigiraf|0 fnt\n|-enditem|p2a: Farigiraf|Mental Herb|[from] move: Knock Off|[of] p1a: Incineroar\n|faint|p2a: Farigiraf\n|\n|-weather|RainDance|[upkeep]\n|upkeep\n|\n|t:|1730649389\n|switch|p2a: Smeargle|Smeargle, L50, M|100\/100\n|turn|6\n|\n|t:|1730649405\n|move|p1b: Pelipper|Protect|p1b: Pelipper\n|-singleturn|p1b: Pelipper|Protect\n|move|p2a: Smeargle|Spore|p1b: Pelipper\n|-activate|p1b: Pelipper|move: Protect\n|move|p1a: Incineroar|Taunt|p2b: Kingambit\n|-start|p2b: Kingambit|move: Taunt\n|cant|p2b: Kingambit|move: Taunt|Swords Dance\n|\n|-weather|RainDance|[upkeep]\n|-ability|p2a: Smeargle|Moody|boost\n|-boost|p2a: Smeargle|spa|2\n|-unboost|p2a: Smeargle|spd|1\n|upkeep\n|turn|7\n|\n|t:|1730649420\n|move|p2a: Smeargle|Spore|p1b: Pelipper\n|-status|p1b: Pelipper|slp|[from] move: Spore\n|cant|p1b: Pelipper|slp\n|move|p1a: Incineroar|Taunt|p2a: Smeargle\n|-start|p2a: Smeargle|move: Taunt\n|move|p2b: Kingambit|Kowtow Cleave|p1b: Pelipper\n|-damage|p1b: Pelipper|21\/100 slp\n|\n|-weather|RainDance|[upkeep]\n|-ability|p2a: Smeargle|Moody|boost\n|-boost|p2a: Smeargle|spd|2\n|-unboost|p2a: Smeargle|spe|1\n|upkeep\n|turn|8\n|\n|t:|1730649438\n|move|p2a: Smeargle|Fake Out||[still]\n|-hint|Fake Out only works on your first turn out.\n|-fail|p2a: Smeargle\n|-curestatus|p1b: Pelipper|slp|[msg]\n|move|p1b: Pelipper|Weather Ball|p2b: Kingambit\n|-damage|p2b: Kingambit|0 fnt\n|faint|p2b: Kingambit\n|move|p1a: Incineroar|Knock Off|p2a: Smeargle\n|-damage|p2a: Smeargle|45\/100\n|\n|-weather|RainDance|[upkeep]\n|-ability|p2a: Smeargle|Moody|boost\n|-boost|p2a: Smeargle|spe|2\n|-unboost|p2a: Smeargle|spa|1\n|upkeep\n|turn|9\n|\n|t:|1730649450\n|move|p2a: Smeargle|Fake Out||[still]\n|-hint|Fake Out only works on your first turn out.\n|-fail|p2a: Smeargle\n|move|p1b: Pelipper|Weather Ball|p2a: Smeargle\n|-damage|p2a: Smeargle|0 fnt\n|faint|p2a: Smeargle\n|\n|win|namox3031\n|raw|namox3031's rating: 1688 &rarr; <strong>1718<\/strong><br \/>(+30 for winning)\n|raw|GBVGC X76's rating: 1890 &rarr; <strong>1860<\/strong><br \/>(-30 for losing)\n|l| bluestraggler02\n|j| bluestraggler02\n|l|\u2606namox3031\n|player|p1|\n","uploadtime":1730649693,"views":21,"formatid":"gen9vgc2024regh","rating":1718,"private":0,"password":null}