{"id":"gen9vgc2024regh-2236581171","format":"[Gen 9] VGC 2024 Reg H","players":["Becccca","Zigbear"],"log":"|j|\u2606Becccca\n|j|\u2606Zigbear\n|t:|1730647059\n|gametype|doubles\n|player|p1|Becccca|101|1694\n|player|p2|Zigbear|1|1756\n|teamsize|p1|6\n|teamsize|p2|6\n|gen|9\n|tier|[Gen 9] VGC 2024 Reg H\n|rated|\n|rule|Species Clause: Limit one of each Pok\u00e9mon\n|rule|Item Clause: Limit 1 of each item\n|clearpoke\n|poke|p1|Dondozo, L50, M|\n|poke|p1|Tatsugiri, L50, F|\n|poke|p1|Indeedee, L50, M|\n|poke|p1|Sneasler, L50, F|\n|poke|p1|Typhlosion-Hisui, L50, F|\n|poke|p1|Archaludon, L50, M|\n|poke|p2|Magmortar, L50, M|\n|poke|p2|Sableye, L50, M|\n|poke|p2|Archaludon, L50, M|\n|poke|p2|Tsareena, L50, F|\n|poke|p2|Annihilape, L50, M|\n|poke|p2|Gyarados, L50, M|\n|teampreview|4\n|inactive|Battle timer is ON: inactive players will automatically lose when time's up. (requested by Becccca)\n|\n|t:|1730647108\n|start\n|switch|p1a: Indeedee|Indeedee, L50, M|100\/100\n|switch|p1b: Typhlosion|Typhlosion-Hisui, L50, F|100\/100\n|switch|p2a: Sableye|Sableye, L50, M|100\/100\n|switch|p2b: Archaludon|Archaludon, L50, M|100\/100\n|-item|p2a: Sableye|Light Clay|[from] ability: Frisk|[of] p1b: Typhlosion\n|-item|p2b: Archaludon|Power Herb|[from] ability: Frisk|[of] p1b: Typhlosion\n|-fieldstart|move: Psychic Terrain|[from] ability: Psychic Surge|[of] p1a: Indeedee\n|turn|1\n|inactive|Becccca has 30 seconds left.\n|inactive|Zigbear has 30 seconds left.\n|inactive|Becccca has 20 seconds left.\n|\n|t:|1730647144\n|-terastallize|p1b: Typhlosion|Fire\n|move|p2b: Archaludon|Protect|p2b: Archaludon\n|-singleturn|p2b: Archaludon|Protect\n|move|p2a: Sableye|Light Screen|p2a: Sableye\n|-sidestart|p2: Zigbear|move: Light Screen\n|move|p1b: Typhlosion|Eruption|p2b: Archaludon|[spread] p2a\n|-activate|p2b: Archaludon|move: Protect\n|-damage|p2a: Sableye|19\/100\n|move|p1a: Indeedee|Expanding Force|p2a: Sableye|[spread] \n|-activate|p2b: Archaludon|move: Protect\n|-immune|p2a: Sableye\n|\n|upkeep\n|turn|2\n|\n|t:|1730647163\n|move|p2a: Sableye|Reflect|p2a: Sableye\n|-sidestart|p2: Zigbear|Reflect\n|move|p1b: Typhlosion|Eruption|p2b: Archaludon|[spread] p2a,p2b\n|-damage|p2a: Sableye|0 fnt\n|-damage|p2b: Archaludon|40\/100\n|faint|p2a: Sableye\n|move|p1a: Indeedee|Expanding Force|p2b: Archaludon\n|-resisted|p2b: Archaludon\n|-damage|p2b: Archaludon|14\/100\n|move|p2b: Archaludon|Electro Shot||[still]\n|-prepare|p2b: Archaludon|Electro Shot\n|-boost|p2b: Archaludon|spa|1\n|-enditem|p2b: Archaludon|Power Herb\n|-anim|p2b: Archaludon|Electro Shot|p1b: Typhlosion\n|-damage|p1b: Typhlosion|11\/100\n|\n|upkeep\n|\n|t:|1730647169\n|switch|p2a: Annihilape|Annihilape, L50, M|100\/100\n|turn|3\n|inactive|Becccca has 30 seconds left.\n|inactive|Zigbear has 30 seconds left.\n|\n|t:|1730647202\n|switch|p1b: Dondozo|Dondozo, L50, M|100\/100\n|-terastallize|p2a: Annihilape|Water\n|move|p2b: Archaludon|Protect|p2b: Archaludon\n|-singleturn|p2b: Archaludon|Protect\n|move|p1a: Indeedee|Expanding Force|p2a: Annihilape|[spread] p2a\n|-activate|p2b: Archaludon|move: Protect\n|-damage|p2a: Annihilape|70\/100\n|move|p2a: Annihilape|Drain Punch|p1a: Indeedee\n|-damage|p1a: Indeedee|29\/100\n|-heal|p2a: Annihilape|94\/100|[from] drain|[of] p1a: Indeedee\n|\n|-heal|p2a: Annihilape|99\/100|[from] item: Leftovers\n|upkeep\n|turn|4\n|inactive|Becccca has 30 seconds left.\n|\n|t:|1730647231\n|switch|p1a: Tatsugiri|Tatsugiri, L50, F|100\/100\n|-activate|p1a: Tatsugiri|ability: Commander|[of] p1b: Dondozo\n|-boost|p1b: Dondozo|atk|2\n|-boost|p1b: Dondozo|spa|2\n|-boost|p1b: Dondozo|spe|2\n|-boost|p1b: Dondozo|def|2\n|-boost|p1b: Dondozo|spd|2\n|switch|p2b: Gyarados|Gyarados, L50, M|100\/100\n|-ability|p2b: Gyarados|Intimidate|boost\n|-unboost|p1a: Tatsugiri|atk|1\n|-unboost|p1b: Dondozo|atk|1\n|move|p1b: Dondozo|Order Up|p2b: Gyarados\n|-damage|p2b: Gyarados|71\/100\n|-boost|p1b: Dondozo|atk|1\n|move|p2a: Annihilape|Drain Punch|p1a: Tatsugiri|[miss]\n|-miss|p2a: Annihilape|p1a: Tatsugiri\n|\n|-heal|p2a: Annihilape|100\/100|[from] item: Leftovers\n|upkeep\n|turn|5\n|inactive|Zigbear has 30 seconds left.\n|\n|t:|1730647256\n|move|p1b: Dondozo|Protect|p1b: Dondozo\n|-singleturn|p1b: Dondozo|Protect\n|move|p2b: Gyarados|Protect|p2b: Gyarados\n|-singleturn|p2b: Gyarados|Protect\n|move|p2a: Annihilape|Rage Fist|p1b: Dondozo\n|-activate|p1b: Dondozo|move: Protect\n|\n|-fieldend|move: Psychic Terrain\n|upkeep\n|turn|6\n|\n|t:|1730647267\n|move|p1b: Dondozo|Order Up|p2b: Gyarados\n|-damage|p2b: Gyarados|29\/100\n|-boost|p1b: Dondozo|atk|1\n|move|p2a: Annihilape|Rage Fist|p1b: Dondozo\n|-damage|p1b: Dondozo|85\/100\n|move|p2b: Gyarados|Dragon Dance|p2b: Gyarados\n|-boost|p2b: Gyarados|atk|1\n|-boost|p2b: Gyarados|spe|1\n|\n|-heal|p1b: Dondozo|92\/100|[from] item: Leftovers\n|upkeep\n|turn|7\n|\n|t:|1730647285\n|move|p2b: Gyarados|Waterfall|p1b: Dondozo\n|-resisted|p1b: Dondozo\n|-damage|p1b: Dondozo|84\/100\n|move|p1b: Dondozo|Order Up|p2b: Gyarados\n|-crit|p2b: Gyarados\n|-damage|p2b: Gyarados|0 fnt\n|faint|p2b: Gyarados\n|-boost|p1b: Dondozo|atk|1\n|move|p2a: Annihilape|Bulk Up|p2a: Annihilape\n|-boost|p2a: Annihilape|atk|1\n|-boost|p2a: Annihilape|def|1\n|\n|-heal|p1b: Dondozo|90\/100|[from] item: Leftovers\n|upkeep\n|\n|t:|1730647291\n|switch|p2b: Archaludon|Archaludon, L50, M|14\/100\n|turn|8\n|-message|Zigbear forfeited.\n|\n|win|Becccca\n|raw|Becccca's rating: 1694 &rarr; <strong>1718<\/strong><br \/>(+24 for winning)\n|raw|Zigbear's rating: 1756 &rarr; <strong>1732<\/strong><br \/>(-24 for losing)\n|l|\u2606Zigbear\n|player|p2|\n","uploadtime":1730647306,"views":42,"formatid":"gen9vgc2024regh","rating":1718,"private":0,"password":null}