{"id":"gen9vgc2024regh-2236484768","format":"[Gen 9] VGC 2024 Reg H","players":["jhyjhyt","Lil Tic"],"log":"|j|\u2606jhyjhyt\n|j|\u2606Lil Tic\n|t:|1730631279\n|gametype|doubles\n|player|p1|jhyjhyt|265|1697\n|player|p2|Lil Tic|ninjaboy|1721\n|teamsize|p1|6\n|teamsize|p2|6\n|gen|9\n|tier|[Gen 9] VGC 2024 Reg H\n|rated|\n|rule|Species Clause: Limit one of each Pok\u00e9mon\n|rule|Item Clause: Limit 1 of each item\n|clearpoke\n|poke|p1|Dondozo, L50, M|\n|poke|p1|Tatsugiri, L50, F|\n|poke|p1|Pelipper, L50, M|\n|poke|p1|Archaludon, L50, M|\n|poke|p1|Amoonguss, L50, F|\n|poke|p1|Murkrow, L50, M|\n|poke|p2|Dusclops, L50, M|\n|poke|p2|Ursaluna-Bloodmoon, L50, M|\n|poke|p2|Annihilape, L50, F|\n|poke|p2|Golem-Alola, L50, M|\n|poke|p2|Incineroar, L50, M|\n|poke|p2|Indeedee-F, L50, F|\n|teampreview|4\n|j| bjvgc1\n|inactive|Battle timer is ON: inactive players will automatically lose when time's up. (requested by jhyjhyt)\n|inactive|Lil Tic has 60 seconds left.\n|\n|t:|1730631334\n|start\n|switch|p1a: Dondozo|Dondozo, L50, M|100\/100\n|switch|p1b: Pelipper|Pelipper, L50, M|100\/100\n|switch|p2a: Indeedee|Indeedee-F, L50, F|100\/100\n|switch|p2b: Annihilape|Annihilape, L50, F|100\/100\n|-weather|RainDance|[from] ability: Drizzle|[of] p1b: Pelipper\n|-fieldstart|move: Psychic Terrain|[from] ability: Psychic Surge|[of] p2a: Indeedee\n|turn|1\n|inactive|jhyjhyt has 30 seconds left.\n|\n|t:|1730631362\n|switch|p1b: Tatsugiri|Tatsugiri, L50, F|100\/100\n|-activate|p1b: Tatsugiri|ability: Commander|[of] p1a: Dondozo\n|-boost|p1a: Dondozo|atk|2\n|-boost|p1a: Dondozo|spa|2\n|-boost|p1a: Dondozo|spe|2\n|-boost|p1a: Dondozo|def|2\n|-boost|p1a: Dondozo|spd|2\n|-terastallize|p2a: Indeedee|Grass\n|-terastallize|p1a: Dondozo|Water\n|move|p2b: Annihilape|Final Gambit|p1a: Dondozo\n|-damage|p1a: Dondozo|4\/100\n|faint|p2b: Annihilape\n|move|p1a: Dondozo|Surf|p2a: Indeedee|[spread] p2a\n|-miss|p1a: Dondozo|p1b: Tatsugiri\n|-resisted|p2a: Indeedee\n|-damage|p2a: Indeedee|54\/100\n|move|p2a: Indeedee|Trick Room|p2a: Indeedee\n|-fieldstart|move: Trick Room|[of] p2a: Indeedee\n|\n|-weather|RainDance|[upkeep]\n|upkeep\n|j| Xunyicaoawa\n|\n|t:|1730631381\n|switch|p2b: Ursaluna|Ursaluna-Bloodmoon, L50, M|100\/100\n|turn|2\n|\n|t:|1730631386\n|switch|p2a: Golem|Golem-Alola, L50, M|100\/100\n|move|p2b: Ursaluna|Hyper Voice|p1b: Tatsugiri|[spread] p1a\n|-miss|p2b: Ursaluna|p1b: Tatsugiri\n|-damage|p1a: Dondozo|0 fnt\n|faint|p1a: Dondozo\n|\n|-weather|RainDance|[upkeep]\n|upkeep\n|\n|t:|1730631394\n|switch|p1a: Pelipper|Pelipper, L50, M|100\/100\n|turn|3\n|inactive|Lil Tic has 30 seconds left.\n|\n|t:|1730631427\n|move|p2a: Golem|Double-Edge|p1a: Pelipper\n|-supereffective|p1a: Pelipper\n|-enditem|p1a: Pelipper|Focus Sash\n|-damage|p1a: Pelipper|1\/100\n|-damage|p2a: Golem|76\/100|[from] Recoil\n|move|p2b: Ursaluna|Blood Moon|p1b: Tatsugiri\n|-damage|p1b: Tatsugiri|0 fnt\n|faint|p1b: Tatsugiri\n|move|p1a: Pelipper|Weather Ball|p2b: Ursaluna\n|-supereffective|p2b: Ursaluna\n|-damage|p2b: Ursaluna|0 fnt\n|faint|p2b: Ursaluna\n|\n|-weather|RainDance|[upkeep]\n|upkeep\n|\n|t:|1730631441\n|switch|p2b: Indeedee|Indeedee-F, L50, F, tera:Grass|54\/100\n|switch|p1b: Archaludon|Archaludon, L50, M|100\/100\n|turn|4\n|inactive|jhyjhyt has 30 seconds left.\n|\n|t:|1730631468\n|move|p1a: Pelipper|Protect|p1a: Pelipper\n|-singleturn|p1a: Pelipper|Protect\n|move|p2a: Golem|Double-Edge|p1b: Archaludon\n|-resisted|p1b: Archaludon\n|-damage|p1b: Archaludon|61\/100\n|-ability|p1b: Archaludon|Stamina|boost\n|-boost|p1b: Archaludon|def|1\n|-damage|p2a: Golem|63\/100|[from] Recoil\n|move|p1b: Archaludon|Electro Shot||[still]\n|-prepare|p1b: Archaludon|Electro Shot\n|-boost|p1b: Archaludon|spa|1\n|-anim|p1b: Archaludon|Electro Shot|p2b: Indeedee\n|-resisted|p2b: Indeedee\n|-damage|p2b: Indeedee|21\/100\n|move|p2b: Indeedee|Psychic|p1a: Pelipper\n|-activate|p1a: Pelipper|move: Protect\n|\n|-weather|RainDance|[upkeep]\n|upkeep\n|turn|5\n|\n|t:|1730631487\n|move|p1a: Pelipper|Protect|p1a: Pelipper\n|-singleturn|p1a: Pelipper|Protect\n|move|p2a: Golem|Double-Edge|p1b: Archaludon\n|-resisted|p1b: Archaludon\n|-damage|p1b: Archaludon|37\/100\n|-ability|p1b: Archaludon|Stamina|boost\n|-boost|p1b: Archaludon|def|1\n|-damage|p2a: Golem|55\/100|[from] Recoil\n|move|p1b: Archaludon|Flash Cannon|p2a: Golem\n|-damage|p2a: Golem|0 fnt\n|faint|p2a: Golem\n|move|p2b: Indeedee|Psychic|p1a: Pelipper\n|-activate|p1a: Pelipper|move: Protect\n|\n|-weather|none\n|-fieldend|move: Trick Room\n|-fieldend|move: Psychic Terrain\n|upkeep\n|turn|6\n|\n|t:|1730631506\n|move|p1a: Pelipper|Hurricane|p2b: Indeedee\n|-supereffective|p2b: Indeedee\n|-damage|p2b: Indeedee|0 fnt\n|faint|p2b: Indeedee\n|\n|win|jhyjhyt\n|raw|jhyjhyt's rating: 1697 &rarr; <strong>1718<\/strong><br \/>(+21 for winning)\n|raw|Lil Tic's rating: 1721 &rarr; <strong>1700<\/strong><br \/>(-21 for losing)\n|l|\u2606Lil Tic\n|player|p2|\n|l| Xunyicaoawa\n|l|\u2606jhyjhyt\n|player|p1|\n","uploadtime":1730631745,"views":20,"formatid":"gen9vgc2024regh","rating":1700,"private":0,"password":null}