{"id":"gen9vgc2024regh-2237308425","format":"[Gen 9] VGC 2024 Reg H","players":["Big0-XthaPlug","chin8"],"log":"|j|\u2606Big0-XthaPlug\n|j|\u2606chin8\n|t:|1730742679\n|gametype|doubles\n|player|p1|Big0-XthaPlug|101|1651\n|player|p2|chin8|gentleman-gen4dp|1738\n|teamsize|p1|6\n|teamsize|p2|6\n|gen|9\n|tier|[Gen 9] VGC 2024 Reg H\n|rated|\n|rule|Species Clause: Limit one of each Pok\u00e9mon\n|rule|Item Clause: Limit 1 of each item\n|clearpoke\n|poke|p1|Dragapult, L50, F|\n|poke|p1|Magmar, L50, M|\n|poke|p1|Sneasler, L50, F|\n|poke|p1|Dragonite, L50, M|\n|poke|p1|Rillaboom, L50, M|\n|poke|p1|Kingambit, L50, F|\n|poke|p2|Baxcalibur, L50, M|\n|poke|p2|Kilowattrel, L50, M|\n|poke|p2|Annihilape, L50, M|\n|poke|p2|Gardevoir, L50, M|\n|poke|p2|Magmortar, L50, M|\n|poke|p2|Gholdengo, L50|\n|teampreview|4\n|inactive|Battle timer is ON: inactive players will automatically lose when time's up. (requested by Big0-XthaPlug)\n|inactive|Big0-XthaPlug has 60 seconds left.\n|\n|t:|1730742714\n|start\n|switch|p1a: Dragapult|Dragapult, L50, F|100\/100\n|switch|p1b: Sneasler|Sneasler, L50, F|100\/100\n|switch|p2a: Annihilape|Annihilape, L50, M|100\/100\n|switch|p2b: Magmortar|Magmortar, L50, M|100\/100\n|turn|1\n|\n|t:|1730742735\n|-terastallize|p1a: Dragapult|Dragon\n|move|p1a: Dragapult|Dragon Darts|p2a: Annihilape\n|-damage|p2a: Annihilape|53\/100\n|-anim|p1a: Dragapult|Dragon Darts|p2b: Magmortar\n|-damage|p2b: Magmortar|49\/100\n|-enditem|p2b: Magmortar|Sitrus Berry|[eat]\n|-heal|p2b: Magmortar|74\/100|[from] item: Sitrus Berry\n|move|p1b: Sneasler|Coaching|p1a: Dragapult\n|-boost|p1a: Dragapult|atk|1\n|-boost|p1a: Dragapult|def|1\n|move|p2a: Annihilape|Bulk Up|p2a: Annihilape\n|-boost|p2a: Annihilape|atk|1\n|-boost|p2a: Annihilape|def|1\n|move|p2b: Magmortar|Heat Wave|p1a: Dragapult|[spread] p1a,p1b\n|-resisted|p1a: Dragapult\n|-damage|p1a: Dragapult|79\/100\n|-damage|p1b: Sneasler|59\/100\n|\n|upkeep\n|turn|2\n|\n|t:|1730742758\n|move|p2b: Magmortar|Follow Me|p2b: Magmortar\n|-singleturn|p2b: Magmortar|move: Follow Me\n|move|p1a: Dragapult|Dragon Darts|p2b: Magmortar\n|-damage|p2b: Magmortar|0 fnt\n|faint|p2b: Magmortar\n|move|p1b: Sneasler|Dire Claw|p2a: Annihilape\n|-resisted|p2a: Annihilape\n|-damage|p2a: Annihilape|42\/100\n|-status|p2a: Annihilape|psn|[from] ability: Poison Touch|[of] p1b: Sneasler\n|move|p2a: Annihilape|Rage Fist|p1a: Dragapult\n|-damage|p1a: Dragapult|0 fnt\n|faint|p1a: Dragapult\n|\n|-damage|p2a: Annihilape|30\/100 psn|[from] psn\n|upkeep\n|j| Elv3r G4larga\n|\n|t:|1730742773\n|switch|p1a: Dragonite|Dragonite, L50, M|100\/100\n|switch|p2b: Baxcalibur|Baxcalibur, L50, M|100\/100\n|turn|3\n|\n|t:|1730742787\n|move|p1a: Dragonite|Protect|p1a: Dragonite\n|-singleturn|p1a: Dragonite|Protect\n|move|p2b: Baxcalibur|Ice Shard|p1a: Dragonite\n|-activate|p1a: Dragonite|move: Protect\n|move|p1b: Sneasler|Close Combat|p2b: Baxcalibur\n|-supereffective|p2b: Baxcalibur\n|-damage|p2b: Baxcalibur|0 fnt\n|-unboost|p1b: Sneasler|def|1\n|-unboost|p1b: Sneasler|spd|1\n|faint|p2b: Baxcalibur\n|move|p2a: Annihilape|Rage Fist|p1a: Dragonite\n|-activate|p1a: Dragonite|move: Protect\n|\n|-damage|p2a: Annihilape|18\/100 psn|[from] psn\n|upkeep\n|-enditem|p2a: Annihilape|Mago Berry|[eat]\n|-heal|p2a: Annihilape|51\/100 psn|[from] item: Mago Berry\n|\n|t:|1730742789\n|switch|p2b: Gholdengo|Gholdengo, L50|100\/100\n|turn|4\n|\n|t:|1730742810\n|move|p2a: Annihilape|Protect|p2a: Annihilape\n|-singleturn|p2a: Annihilape|Protect\n|move|p1b: Sneasler|Dire Claw|p2a: Annihilape\n|-activate|p2a: Annihilape|move: Protect\n|move|p1a: Dragonite|Scale Shot|p2a: Annihilape\n|-activate|p2a: Annihilape|move: Protect\n|move|p2b: Gholdengo|Make It Rain|p1b: Sneasler|[spread] p1a,p1b\n|-damage|p1a: Dragonite|76\/100\n|-damage|p1b: Sneasler|0 fnt\n|-unboost|p2b: Gholdengo|spa|1\n|faint|p1b: Sneasler\n|\n|-damage|p2a: Annihilape|38\/100 psn|[from] psn\n|upkeep\n|\n|t:|1730742812\n|switch|p1b: Kingambit|Kingambit, L50, F|100\/100\n|turn|5\n|l|\u2606chin8\n|inactive|chin8 disconnected and has a minute to reconnect!\n|player|p2|\n|inactive|Big0-XthaPlug has 30 seconds left.\n|inactive|chin8 has 30 seconds left.\n|inactive|Big0-XthaPlug has 20 seconds left.\n|inactive|chin8 has 20 seconds left.\n|inactive|Big0-XthaPlug has 15 seconds left.\n|inactive|chin8 has 15 seconds left.\n|inactive|chin8 has 10 seconds left.\n|inactive|chin8 has 5 seconds left.\n|-message|chin8 lost due to inactivity.\n|\n|win|Big0-XthaPlug\n|raw|Big0-XthaPlug's rating: 1651 &rarr; <strong>1676<\/strong><br \/>(+25 for winning)\n|raw|chin8's rating: 1738 &rarr; <strong>1713<\/strong><br \/>(-25 for losing)\n|l|\u2606Big0-XthaPlug\n|player|p1|\n","uploadtime":1730743035,"views":25,"formatid":"gen9vgc2024regh","rating":1676,"private":0,"password":null}