{"id":"gen9vgc2024regh-2237120185","format":"[Gen 9] VGC 2024 Reg H","players":["ray4gej","htotoT"],"log":"|j|\u2606ray4gej\n|j|\u2606htotoT\n|t:|1730722825\n|gametype|doubles\n|player|p1|ray4gej|169|1743\n|player|p2|htotoT|1|1769\n|teamsize|p1|6\n|teamsize|p2|6\n|gen|9\n|tier|[Gen 9] VGC 2024 Reg H\n|rated|\n|rule|Species Clause: Limit one of each Pok\u00e9mon\n|rule|Item Clause: Limit 1 of each item\n|clearpoke\n|poke|p1|Primarina, L50, M|\n|poke|p1|Tyranitar, L50, M|\n|poke|p1|Whimsicott, L50, M|\n|poke|p1|Gholdengo, L50|\n|poke|p1|Infernape, L50, M|\n|poke|p1|Overqwil, L50, M|\n|poke|p2|Gholdengo, L50|\n|poke|p2|Murkrow, L50, F|\n|poke|p2|Pelipper, L50, M|\n|poke|p2|Archaludon, L50, M|\n|poke|p2|Amoonguss, L50, F|\n|poke|p2|Basculegion-F, L50, F|\n|teampreview|4\n|inactive|Battle timer is ON: inactive players will automatically lose when time's up. (requested by htotoT)\n|\n|t:|1730722838\n|start\n|switch|p1a: Gholdengo|Gholdengo, L50|100\/100\n|switch|p1b: Whimsicott|Whimsicott, L50, M|100\/100\n|switch|p2a: Murkrow|Murkrow, L50, F|100\/100\n|switch|p2b: Gholdengo|Gholdengo, L50|100\/100\n|turn|1\n|j| Mr-High-Tower\n|\n|t:|1730722850\n|-terastallize|p2b: Gholdengo|Steel\n|move|p1b: Whimsicott|Tailwind|p1b: Whimsicott\n|-sidestart|p1: ray4gej|move: Tailwind\n|move|p2a: Murkrow|Tailwind|p2a: Murkrow\n|-sidestart|p2: htotoT|move: Tailwind\n|move|p1a: Gholdengo|Shadow Ball|p2b: Gholdengo\n|-damage|p2b: Gholdengo|23\/100\n|move|p2b: Gholdengo|Make It Rain|p1b: Whimsicott|[spread] p1a,p1b\n|-resisted|p1a: Gholdengo\n|-supereffective|p1b: Whimsicott\n|-damage|p1a: Gholdengo|39\/100\n|-damage|p1b: Whimsicott|0 fnt\n|-unboost|p2b: Gholdengo|spa|1\n|faint|p1b: Whimsicott\n|\n|upkeep\n|\n|t:|1730722863\n|switch|p1b: Primarina|Primarina, L50, M|100\/100\n|turn|2\n|\n|t:|1730722869\n|switch|p2b: Archaludon|Archaludon, L50, M|100\/100\n|move|p1a: Gholdengo|Shadow Ball|p2b: Archaludon\n|-damage|p2b: Archaludon|32\/100\n|-ability|p2b: Archaludon|Stamina|boost\n|-boost|p2b: Archaludon|def|1\n|move|p2a: Murkrow|Foul Play|p1a: Gholdengo\n|-supereffective|p1a: Gholdengo\n|-damage|p1a: Gholdengo|2\/100\n|move|p1b: Primarina|Moonblast|p2a: Murkrow\n|-supereffective|p2a: Murkrow\n|-damage|p2a: Murkrow|0 fnt\n|faint|p2a: Murkrow\n|-damage|p1b: Primarina|91\/100|[from] item: Life Orb\n|\n|upkeep\n|\n|t:|1730722885\n|switch|p2a: Gholdengo|Gholdengo, L50, tera:Steel|23\/100\n|turn|3\n|\n|t:|1730722897\n|move|p1b: Primarina|Protect|p1b: Primarina\n|-singleturn|p1b: Primarina|Protect\n|move|p2b: Archaludon|Dragon Pulse|p1a: Gholdengo\n|-resisted|p1a: Gholdengo\n|-damage|p1a: Gholdengo|0 fnt\n|faint|p1a: Gholdengo\n|move|p2a: Gholdengo|Make It Rain|p1b: Primarina\n|-activate|p1b: Primarina|move: Protect\n|\n|upkeep\n|\n|t:|1730722904\n|switch|p1a: Tyranitar|Tyranitar, L50, M|100\/100\n|-weather|Sandstorm|[from] ability: Sand Stream|[of] p1a: Tyranitar\n|turn|4\n|inactive|htotoT has 30 seconds left.\n|\n|t:|1730722938\n|switch|p2a: Pelipper|Pelipper, L50, M|100\/100\n|-weather|RainDance|[from] ability: Drizzle|[of] p2a: Pelipper\n|-terastallize|p1b: Primarina|Dragon\n|move|p1a: Tyranitar|Knock Off|p2a: Pelipper\n|-damage|p2a: Pelipper|34\/100\n|-enditem|p2a: Pelipper|Focus Sash|[from] move: Knock Off|[of] p1a: Tyranitar\n|move|p2b: Archaludon|Electro Shot||[still]\n|-prepare|p2b: Archaludon|Electro Shot\n|-boost|p2b: Archaludon|spa|1\n|-anim|p2b: Archaludon|Electro Shot|p1b: Primarina\n|-resisted|p1b: Primarina\n|-damage|p1b: Primarina|61\/100\n|move|p1b: Primarina|Moonblast|p2b: Archaludon\n|-damage|p2b: Archaludon|0 fnt\n|faint|p2b: Archaludon\n|-damage|p1b: Primarina|52\/100|[from] item: Life Orb\n|\n|-weather|RainDance|[upkeep]\n|-sideend|p2: htotoT|move: Tailwind\n|-sideend|p1: ray4gej|move: Tailwind\n|upkeep\n|\n|t:|1730722955\n|switch|p2b: Gholdengo|Gholdengo, L50, tera:Steel|23\/100\n|turn|5\n|\n|t:|1730722963\n|move|p1a: Tyranitar|Knock Off|p2b: Gholdengo\n|-damage|p2b: Gholdengo|0 fnt\n|-enditem|p2b: Gholdengo|Choice Specs|[from] move: Knock Off|[of] p1a: Tyranitar\n|faint|p2b: Gholdengo\n|move|p2a: Pelipper|Weather Ball|p1a: Tyranitar\n|-supereffective|p1a: Tyranitar\n|-damage|p1a: Tyranitar|0 fnt\n|faint|p1a: Tyranitar\n|move|p1b: Primarina|Moonblast|p2a: Pelipper\n|-damage|p2a: Pelipper|0 fnt\n|faint|p2a: Pelipper\n|-damage|p1b: Primarina|42\/100|[from] item: Life Orb\n|\n|win|ray4gej\n|raw|ray4gej's rating: 1743 &rarr; <strong>1764<\/strong><br \/>(+21 for winning)\n|raw|htotoT's rating: 1769 &rarr; <strong>1748<\/strong><br \/>(-21 for losing)\n|l|\u2606htotoT\n|player|p2|\n|l| Mr-High-Tower\n|l|\u2606ray4gej\n|player|p1|\n","uploadtime":1730723105,"views":22,"formatid":"gen9vgc2024regh","rating":1748,"private":0,"password":null}