{"id":"gen9vgc2024regh-2237600519","format":"[Gen 9] VGC 2024 Reg H","players":["post_testing","greenlightdmp"],"log":"|j|\u2606post_testing\n|j|\u2606greenlightdmp\n|t:|1730773227\n|gametype|doubles\n|player|p1|post_testing|1|1717\n|player|p2|greenlightdmp|102|1770\n|teamsize|p1|6\n|teamsize|p2|6\n|gen|9\n|tier|[Gen 9] VGC 2024 Reg H\n|rated|\n|rule|Species Clause: Limit one of each Pok\u00e9mon\n|rule|Item Clause: Limit 1 of each item\n|clearpoke\n|poke|p1|Archaludon, L50, M|\n|poke|p1|Murkrow, L50, F|\n|poke|p1|Indeedee, L50, M|\n|poke|p1|Sneasler, L50, M|\n|poke|p1|Delphox, L50, M|\n|poke|p1|Dragapult, L50, M|\n|poke|p2|Sneasler, L50, M|\n|poke|p2|Indeedee-F, L50, F|\n|poke|p2|Murkrow, L50, M|\n|poke|p2|Archaludon, L50, F|\n|poke|p2|Basculegion, L50, M|\n|poke|p2|Volcarona, L50, F|\n|teampreview|4\n|j| Jamtaviousiv\n|inactive|Battle timer is ON: inactive players will automatically lose when time's up. (requested by post_testing)\n|\n|t:|1730773287\n|start\n|switch|p1a: Murkrow|Murkrow, L50, F|100\/100\n|switch|p1b: Archaludon|Archaludon, L50, M|100\/100\n|switch|p2a: Slim Shady|Sneasler, L50, M|100\/100\n|switch|p2b: MeganTheeStallion|Indeedee-F, L50, F|100\/100\n|-fieldstart|move: Psychic Terrain|[from] ability: Psychic Surge|[of] p2b: MeganTheeStallion\n|-enditem|p2a: Slim Shady|Psychic Seed\n|-boost|p2a: Slim Shady|spd|1|[from] item: Psychic Seed\n|turn|1\n|inactive|greenlightdmp has 30 seconds left.\n|\n|t:|1730773312\n|move|p2b: MeganTheeStallion|Follow Me|p2b: MeganTheeStallion\n|-singleturn|p2b: MeganTheeStallion|move: Follow Me\n|move|p1a: Murkrow|Haze|p1a: Murkrow\n|-clearallboost\n|move|p2a: Slim Shady|Close Combat|p1a: Murkrow\n|-damage|p1a: Murkrow|37\/100\n|-unboost|p2a: Slim Shady|def|1\n|-unboost|p2a: Slim Shady|spd|1\n|move|p1b: Archaludon|Electro Shot||[still]\n|-prepare|p1b: Archaludon|Electro Shot\n|-boost|p1b: Archaludon|spa|1\n|-enditem|p1b: Archaludon|Power Herb\n|-anim|p1b: Archaludon|Electro Shot|p2b: MeganTheeStallion\n|-damage|p2b: MeganTheeStallion|36\/100\n|\n|upkeep\n|turn|2\n|inactive|post_testing has 30 seconds left.\n|inactive|greenlightdmp has 30 seconds left.\n|\n|t:|1730773344\n|move|p2b: MeganTheeStallion|Follow Me|p2b: MeganTheeStallion\n|-singleturn|p2b: MeganTheeStallion|move: Follow Me\n|move|p2a: Slim Shady|Close Combat|p1b: Archaludon\n|-supereffective|p1b: Archaludon\n|-ability|p1b: Archaludon|Sturdy\n|-damage|p1b: Archaludon|1\/100\n|-unboost|p2a: Slim Shady|def|1\n|-unboost|p2a: Slim Shady|spd|1\n|move|p1b: Archaludon|Flash Cannon|p2b: MeganTheeStallion\n|-damage|p2b: MeganTheeStallion|0 fnt\n|faint|p2b: MeganTheeStallion\n|move|p1a: Murkrow|Foul Play|p2a: Slim Shady\n|-resisted|p2a: Slim Shady\n|-damage|p2a: Slim Shady|15\/100\n|\n|upkeep\n|\n|t:|1730773361\n|switch|p2b: VEGETA|Basculegion, L50, M|100\/100\n|turn|3\n|\n|t:|1730773372\n|move|p1b: Archaludon|Protect|p1b: Archaludon\n|-singleturn|p1b: Archaludon|Protect\n|move|p1a: Murkrow|Tailwind|p1a: Murkrow\n|-sidestart|p1: post_testing|move: Tailwind\n|move|p2a: Slim Shady|Throat Chop|p1b: Archaludon\n|-activate|p1b: Archaludon|move: Protect\n|move|p2b: VEGETA|Flip Turn|p1a: Murkrow\n|-damage|p1a: Murkrow|0 fnt\n|faint|p1a: Murkrow\n|\n|t:|1730773383\n|switch|p2b: Raf Camora|Murkrow, L50, M|100\/100|[from] Flip Turn\n|\n|upkeep\n|\n|t:|1730773388\n|switch|p1a: Dragapult|Dragapult, L50, M|100\/100\n|turn|4\n|\n|t:|1730773409\n|move|p2b: Raf Camora|Tailwind|p2b: Raf Camora\n|-sidestart|p2: greenlightdmp|move: Tailwind\n|move|p2a: Slim Shady|Throat Chop|p1b: Archaludon\n|-damage|p1b: Archaludon|0 fnt\n|faint|p1b: Archaludon\n|move|p1a: Dragapult|Dragon Darts|p2a: Slim Shady\n|-damage|p2a: Slim Shady|0 fnt\n|-anim|p1a: Dragapult|Dragon Darts|p2b: Raf Camora\n|-damage|p2b: Raf Camora|57\/100\n|faint|p2a: Slim Shady\n|\n|upkeep\n|\n|t:|1730773421\n|switch|p2a: VEGETA|Basculegion, L50, M|100\/100\n|switch|p1b: Sneasler|Sneasler, L50, M|100\/100\n|-enditem|p1b: Sneasler|Psychic Seed\n|-boost|p1b: Sneasler|spd|1|[from] item: Psychic Seed\n|turn|5\n|\n|t:|1730773442\n|-terastallize|p1b: Sneasler|Dark\n|-terastallize|p2a: VEGETA|Grass\n|move|p1b: Sneasler|Throat Chop|p2a: VEGETA\n|-crit|p2a: VEGETA\n|-damage|p2a: VEGETA|18\/100\n|-start|p2a: VEGETA|Throat Chop|[silent]\n|move|p2a: VEGETA|Last Respects|p1b: Sneasler\n|-resisted|p1b: Sneasler\n|-damage|p1b: Sneasler|30\/100\n|move|p1a: Dragapult|Dragon Darts|p2a: VEGETA\n|-damage|p2a: VEGETA|0 fnt\n|-anim|p1a: Dragapult|Dragon Darts|p2b: Raf Camora\n|-damage|p2b: Raf Camora|15\/100\n|faint|p2a: VEGETA\n|move|p2b: Raf Camora|Foul Play|p1a: Dragapult\n|-supereffective|p1a: Dragapult\n|-damage|p1a: Dragapult|0 fnt\n|faint|p1a: Dragapult\n|\n|-fieldend|move: Psychic Terrain\n|upkeep\n|turn|6\n|\n|t:|1730773467\n|move|p1b: Sneasler|Protect|p1b: Sneasler\n|-singleturn|p1b: Sneasler|Protect\n|move|p2b: Raf Camora|Foul Play|p1b: Sneasler\n|-activate|p1b: Sneasler|move: Protect\n|\n|-sideend|p1: post_testing|move: Tailwind\n|upkeep\n|turn|7\n|\n|t:|1730773475\n|move|p1b: Sneasler|Close Combat|p2b: Raf Camora\n|-damage|p2b: Raf Camora|0 fnt\n|-unboost|p1b: Sneasler|def|1\n|-unboost|p1b: Sneasler|spd|1\n|faint|p2b: Raf Camora\n|\n|win|post_testing\n|raw|post_testing's rating: 1717 &rarr; <strong>1740<\/strong><br \/>(+23 for winning)\n|raw|greenlightdmp's rating: 1770 &rarr; <strong>1747<\/strong><br \/>(-23 for losing)\n|l|\u2606greenlightdmp\n|player|p2|\n|c|\u2606post_testing|Gg\n|l|\u2606post_testing\n|player|p1|\n","uploadtime":1730773695,"views":19,"formatid":"gen9vgc2024regh","rating":1740,"private":0,"password":null}