{"id":"gen9vgc2024regh-2237869247","format":"[Gen 9] VGC 2024 Reg H","players":["ray4gej","htotoT"],"log":"|j|\u2606ray4gej\n|j|\u2606htotoT\n|t:|1730816076\n|gametype|doubles\n|player|p1|ray4gej|102|1733\n|player|p2|htotoT|101|1811\n|teamsize|p1|6\n|teamsize|p2|6\n|gen|9\n|tier|[Gen 9] VGC 2024 Reg H\n|rated|\n|rule|Species Clause: Limit one of each Pok\u00e9mon\n|rule|Item Clause: Limit 1 of each item\n|clearpoke\n|poke|p1|Dondozo, L50, F|\n|poke|p1|Tatsugiri, L50, M|\n|poke|p1|Rillaboom, L50, M|\n|poke|p1|Sneasler, L50, M|\n|poke|p1|Flamigo, L50, F|\n|poke|p1|Arcanine-Hisui, L50, M|\n|poke|p2|Gholdengo, L50|\n|poke|p2|Murkrow, L50, F|\n|poke|p2|Pelipper, L50, M|\n|poke|p2|Archaludon, L50, M|\n|poke|p2|Amoonguss, L50, F|\n|poke|p2|Basculegion-F, L50, F|\n|teampreview|4\n|inactive|Battle timer is ON: inactive players will automatically lose when time's up. (requested by htotoT)\n|inactive|ray4gej has 60 seconds left.\n|\n|t:|1730816112\n|start\n|switch|p1a: Flamigo|Flamigo, L50, F|100\/100\n|switch|p1b: Sneasler|Sneasler, L50, M|100\/100\n|switch|p2a: Murkrow|Murkrow, L50, F|100\/100\n|switch|p2b: Gholdengo|Gholdengo, L50|100\/100\n|turn|1\n|\n|t:|1730816133\n|switch|p2b: Amoonguss|Amoonguss, L50, F|100\/100\n|move|p1b: Sneasler|Fake Out|p2b: Amoonguss\n|-damage|p2b: Amoonguss|86\/100\n|-damage|p1b: Sneasler|91\/100|[from] item: Life Orb\n|move|p1a: Flamigo|Tailwind|p1a: Flamigo\n|-sidestart|p1: ray4gej|move: Tailwind\n|move|p2a: Murkrow|Foul Play|p1a: Flamigo\n|-resisted|p1a: Flamigo\n|-damage|p1a: Flamigo|65\/100\n|\n|upkeep\n|turn|2\n|inactive|htotoT has 30 seconds left.\n|\n|t:|1730816160\n|move|p2a: Murkrow|Quash|p1a: Flamigo\n|-activate|p1a: Flamigo|move: Quash\n|move|p1b: Sneasler|Close Combat|p2a: Murkrow\n|-damage|p2a: Murkrow|0 fnt\n|-unboost|p1b: Sneasler|def|1\n|-unboost|p1b: Sneasler|spd|1\n|faint|p2a: Murkrow\n|-damage|p1b: Sneasler|81\/100|[from] item: Life Orb\n|move|p2b: Amoonguss|Spore|p1a: Flamigo\n|-status|p1a: Flamigo|slp|[from] move: Spore\n|cant|p1a: Flamigo|slp\n|\n|upkeep\n|\n|t:|1730816169\n|switch|p2a: Gholdengo|Gholdengo, L50|100\/100\n|turn|3\n|\n|t:|1730816187\n|move|p1b: Sneasler|Dire Claw|p2b: Amoonguss\n|-damage|p2b: Amoonguss|36\/100\n|-damage|p1b: Sneasler|71\/100|[from] item: Life Orb\n|-curestatus|p1a: Flamigo|slp|[msg]\n|move|p1a: Flamigo|Close Combat|p2b: Amoonguss\n|-resisted|p2b: Amoonguss\n|-damage|p2b: Amoonguss|10\/100\n|-unboost|p1a: Flamigo|def|1\n|-unboost|p1a: Flamigo|spd|1\n|move|p2a: Gholdengo|Make It Rain|p1b: Sneasler|[spread] p1a,p1b\n|-damage|p1a: Flamigo|0 fnt\n|-damage|p1b: Sneasler|0 fnt\n|-unboost|p2a: Gholdengo|spa|1\n|faint|p1a: Flamigo\n|faint|p1b: Sneasler\n|move|p2b: Amoonguss|Pollen Puff|p1: Flamigo|[notarget]\n|-fail|p2b: Amoonguss\n|\n|upkeep\n|\n|t:|1730816196\n|switch|p1b: Tatsugiri|Tatsugiri, L50, M|100\/100\n|switch|p1a: Dondozo|Dondozo, L50, F|100\/100\n|-activate|p1b: Tatsugiri|ability: Commander|[of] p1a: Dondozo\n|-boost|p1a: Dondozo|atk|2\n|-boost|p1a: Dondozo|spa|2\n|-boost|p1a: Dondozo|spe|2\n|-boost|p1a: Dondozo|def|2\n|-boost|p1a: Dondozo|spd|2\n|turn|4\n|\n|t:|1730816205\n|switch|p2b: Archaludon|Archaludon, L50, M|100\/100\n|move|p1a: Dondozo|Order Up|p2b: Archaludon\n|-damage|p2b: Archaludon|67\/100\n|-ability|p2b: Archaludon|Stamina|boost\n|-boost|p2b: Archaludon|def|1\n|-boost|p1a: Dondozo|atk|1\n|move|p2a: Gholdengo|Make It Rain|p1a: Dondozo|[spread] p1a\n|-miss|p2a: Gholdengo|p1b: Tatsugiri\n|-resisted|p1a: Dondozo\n|-damage|p1a: Dondozo|82\/100\n|-unboost|p2a: Gholdengo|spa|1\n|\n|-sideend|p1: ray4gej|move: Tailwind\n|upkeep\n|turn|5\n|\n|t:|1730816226\n|switch|p2a: Amoonguss|Amoonguss, L50, F|43\/100\n|-terastallize|p2b: Archaludon|Grass\n|move|p1a: Dondozo|Order Up|p2b: Archaludon\n|-damage|p2b: Archaludon|27\/100\n|-ability|p2b: Archaludon|Stamina|boost\n|-boost|p2b: Archaludon|def|1\n|-boost|p1a: Dondozo|atk|1\n|move|p2b: Archaludon|Electro Shot||[still]\n|-prepare|p2b: Archaludon|Electro Shot\n|-boost|p2b: Archaludon|spa|1\n|\n|upkeep\n|turn|6\n|\n|t:|1730816244\n|switch|p2a: Gholdengo|Gholdengo, L50|100\/100\n|move|p1a: Dondozo|Protect|p1a: Dondozo\n|-singleturn|p1a: Dondozo|Protect\n|move|p2b: Archaludon|Electro Shot|p1a: Dondozo|[from]lockedmove\n|-activate|p1a: Dondozo|move: Protect\n|\n|upkeep\n|turn|7\n|\n|t:|1730816254\n|switch|p2b: Amoonguss|Amoonguss, L50, F|76\/100\n|move|p1a: Dondozo|Order Up|p2b: Amoonguss\n|-damage|p2b: Amoonguss|27\/100\n|-boost|p1a: Dondozo|atk|1\n|move|p2a: Gholdengo|Trick|p1a: Dondozo\n|-activate|p2a: Gholdengo|move: Trick|[of] p1a: Dondozo\n|-item|p1a: Dondozo|Choice Specs|[from] move: Trick\n|-item|p2a: Gholdengo|Covert Cloak|[from] move: Trick\n|\n|upkeep\n|turn|8\n|\n|t:|1730816271\n|switch|p2b: Archaludon|Archaludon, L50, M, tera:Grass|27\/100\n|move|p1a: Dondozo|Order Up|p2b: Archaludon\n|-damage|p2b: Archaludon|0 fnt\n|faint|p2b: Archaludon\n|-boost|p1a: Dondozo|atk|1\n|move|p2a: Gholdengo|Shadow Ball|p1a: Dondozo\n|-damage|p1a: Dondozo|61\/100\n|\n|upkeep\n|\n|t:|1730816284\n|switch|p2b: Amoonguss|Amoonguss, L50, F|60\/100\n|turn|9\n|inactive|htotoT has 30 seconds left.\n|\n|t:|1730816309\n|move|p1a: Dondozo|Order Up|p2b: Amoonguss\n|-damage|p2b: Amoonguss|0 fnt\n|faint|p2b: Amoonguss\n|-boost|p1a: Dondozo|atk|0\n|move|p2a: Gholdengo|Shadow Ball|p1a: Dondozo\n|-damage|p1a: Dondozo|37\/100\n|\n|upkeep\n|turn|10\n|\n|t:|1730816328\n|move|p1a: Dondozo|Order Up|p2a: Gholdengo\n|-resisted|p2a: Gholdengo\n|-damage|p2a: Gholdengo|58\/100\n|-boost|p1a: Dondozo|atk|0\n|move|p2a: Gholdengo|Shadow Ball|p1a: Dondozo\n|-damage|p1a: Dondozo|14\/100\n|\n|upkeep\n|turn|11\n|\n|t:|1730816336\n|move|p1a: Dondozo|Order Up|p2a: Gholdengo\n|-resisted|p2a: Gholdengo\n|-damage|p2a: Gholdengo|12\/100\n|-boost|p1a: Dondozo|atk|0\n|move|p2a: Gholdengo|Shadow Ball|p1a: Dondozo\n|-damage|p1a: Dondozo|0 fnt\n|faint|p1a: Dondozo\n|\n|upkeep\n|turn|12\n|\n|t:|1730816341\n|move|p1b: Tatsugiri|Draco Meteor|p2a: Gholdengo\n|-resisted|p2a: Gholdengo\n|-damage|p2a: Gholdengo|0 fnt\n|-unboost|p1b: Tatsugiri|spa|2\n|faint|p2a: Gholdengo\n|\n|win|ray4gej\n|raw|ray4gej's rating: 1733 &rarr; <strong>1757<\/strong><br \/>(+24 for winning)\n|raw|htotoT's rating: 1811 &rarr; <strong>1787<\/strong><br \/>(-24 for losing)\n|l|\u2606htotoT\n|player|p2|\n","uploadtime":1730816501,"views":29,"formatid":"gen9vgc2024regh","rating":1757,"private":0,"password":null}