{"id":"gen9vgc2024regh-2237299610","format":"[Gen 9] VGC 2024 Reg H","players":["htotoT","idanisaurio"],"log":"|j|\u2606htotoT\n|j|\u2606idanisaurio\n|t:|1730741879\n|gametype|doubles\n|player|p1|htotoT|101|1752\n|player|p2|idanisaurio|169|1649\n|teamsize|p1|6\n|teamsize|p2|6\n|gen|9\n|tier|[Gen 9] VGC 2024 Reg H\n|rated|\n|rule|Species Clause: Limit one of each Pok\u00e9mon\n|rule|Item Clause: Limit 1 of each item\n|clearpoke\n|poke|p1|Gholdengo, L50|\n|poke|p1|Murkrow, L50, F|\n|poke|p1|Pelipper, L50, M|\n|poke|p1|Archaludon, L50, M|\n|poke|p1|Amoonguss, L50, F|\n|poke|p1|Basculegion-F, L50, F|\n|poke|p2|Dragonite, L50, M|\n|poke|p2|Volcarona, L50, F|\n|poke|p2|Sneasler, L50, M|\n|poke|p2|Rillaboom, L50, M|\n|poke|p2|Electabuzz, L50, M|\n|poke|p2|Kingambit, L50, M|\n|teampreview|4\n|inactive|Battle timer is ON: inactive players will automatically lose when time's up. (requested by htotoT)\n|\n|t:|1730741897\n|start\n|switch|p1a: Murkrow|Murkrow, L50, F|100\/100\n|switch|p1b: Gholdengo|Gholdengo, L50|100\/100\n|switch|p2a: Dragonite|Dragonite, L50, M|100\/100\n|switch|p2b: Sneasler|Sneasler, L50, M|100\/100\n|turn|1\n|j| Elv3r G4larga\n|\n|t:|1730741909\n|-terastallize|p1b: Gholdengo|Steel\n|move|p2b: Sneasler|Fake Out|p1a: Murkrow\n|-damage|p1a: Murkrow|81\/100\n|cant|p1a: Murkrow|flinch\n|move|p1b: Gholdengo|Make It Rain|p2a: Dragonite|[spread] p2a,p2b\n|-damage|p2a: Dragonite|47\/100\n|-enditem|p2b: Sneasler|Focus Sash\n|-damage|p2b: Sneasler|1\/100\n|-unboost|p1b: Gholdengo|spa|1\n|move|p2a: Dragonite|Scale Shot|p1a: Murkrow\n|-damage|p1a: Murkrow|62\/100\n|-damage|p1a: Murkrow|43\/100\n|-damage|p1a: Murkrow|23\/100\n|-damage|p1a: Murkrow|2\/100\n|-hitcount|p1a: Murkrow|4\n|-unboost|p2a: Dragonite|def|1\n|-boost|p2a: Dragonite|spe|1\n|\n|upkeep\n|turn|2\n|inactive|htotoT has 30 seconds left.\n|\n|t:|1730741942\n|switch|p1b: Pelipper|Pelipper, L50, M|100\/100\n|-weather|RainDance|[from] ability: Drizzle|[of] p1b: Pelipper\n|switch|p1a: Archaludon|Archaludon, L50, M|100\/100\n|move|p2a: Dragonite|Extreme Speed|p1a: Archaludon\n|-resisted|p1a: Archaludon\n|-damage|p1a: Archaludon|87\/100\n|-ability|p1a: Archaludon|Stamina|boost\n|-boost|p1a: Archaludon|def|1\n|move|p2b: Sneasler|Close Combat|p1b: Pelipper\n|-resisted|p1b: Pelipper\n|-damage|p1b: Pelipper|56\/100\n|-unboost|p2b: Sneasler|def|1\n|-unboost|p2b: Sneasler|spd|1\n|\n|-weather|RainDance|[upkeep]\n|upkeep\n|turn|3\n|j| UmanaJones\n|\n|t:|1730741967\n|move|p2a: Dragonite|Scale Shot|p1b: Pelipper\n|-damage|p1b: Pelipper|36\/100\n|-damage|p1b: Pelipper|14\/100\n|-damage|p1b: Pelipper|0 fnt\n|faint|p1b: Pelipper\n|-hitcount|p1: Pelipper|3\n|-unboost|p2a: Dragonite|def|1\n|-boost|p2a: Dragonite|spe|1\n|move|p2b: Sneasler|Close Combat|p1a: Archaludon\n|-supereffective|p1a: Archaludon\n|-damage|p1a: Archaludon|21\/100\n|-unboost|p2b: Sneasler|def|1\n|-unboost|p2b: Sneasler|spd|1\n|-ability|p1a: Archaludon|Stamina|boost\n|-boost|p1a: Archaludon|def|1\n|move|p1a: Archaludon|Electro Shot||[still]\n|-prepare|p1a: Archaludon|Electro Shot\n|-boost|p1a: Archaludon|spa|1\n|-anim|p1a: Archaludon|Electro Shot|p2b: Sneasler\n|-damage|p2b: Sneasler|0 fnt\n|faint|p2b: Sneasler\n|\n|-weather|RainDance|[upkeep]\n|upkeep\n|\n|t:|1730741990\n|switch|p2b: Kingambit|Kingambit, L50, M, shiny|100\/100\n|switch|p1b: Murkrow|Murkrow, L50, F|2\/100\n|turn|4\n|\n|t:|1730741998\n|switch|p1b: Gholdengo|Gholdengo, L50, tera:Steel|100\/100\n|-terastallize|p2b: Kingambit|Dark\n|move|p2a: Dragonite|Extreme Speed|p1b: Gholdengo\n|-resisted|p1b: Gholdengo\n|-damage|p1b: Gholdengo|84\/100\n|move|p1a: Archaludon|Electro Shot||[still]\n|-prepare|p1a: Archaludon|Electro Shot\n|-boost|p1a: Archaludon|spa|1\n|-anim|p1a: Archaludon|Electro Shot|p2a: Dragonite\n|-damage|p2a: Dragonite|0 fnt\n|faint|p2a: Dragonite\n|move|p2b: Kingambit|Kowtow Cleave|p1a: Archaludon\n|-damage|p1a: Archaludon|0 fnt\n|faint|p1a: Archaludon\n|\n|-weather|RainDance|[upkeep]\n|upkeep\n|\n|t:|1730742013\n|switch|p1a: Murkrow|Murkrow, L50, F|2\/100\n|switch|p2a: Rillaboom|Rillaboom, L50, M|100\/100\n|-fieldstart|move: Grassy Terrain|[from] ability: Grassy Surge|[of] p2a: Rillaboom\n|turn|5\n|\n|t:|1730742025\n|move|p2a: Rillaboom|Fake Out|p1a: Murkrow\n|-damage|p1a: Murkrow|0 fnt\n|faint|p1a: Murkrow\n|move|p1b: Gholdengo|Make It Rain|p2b: Kingambit|[spread] p2a,p2b\n|-damage|p2a: Rillaboom|18\/100\n|-damage|p2b: Kingambit|6\/100\n|-unboost|p1b: Gholdengo|spa|1\n|move|p2b: Kingambit|Kowtow Cleave|p1b: Gholdengo\n|-damage|p1b: Gholdengo|0 fnt\n|faint|p1b: Gholdengo\n|\n|win|idanisaurio\n|raw|htotoT's rating: 1752 &rarr; <strong>1726<\/strong><br \/>(-26 for losing)\n|raw|idanisaurio's rating: 1649 &rarr; <strong>1675<\/strong><br \/>(+26 for winning)\n|l|\u2606htotoT\n|player|p1|\n|l|\u2606idanisaurio\n|player|p2|\n|l| UmanaJones\n","uploadtime":1730742211,"views":17,"formatid":"gen9vgc2024regh","rating":1675,"private":0,"password":null}