{"id":"gen9vgc2024regh-2237604280","format":"[Gen 9] VGC 2024 Reg H","players":["Spler","It'sJustKen VGC"],"log":"|j|\u2606Spler\n|j|\u2606It'sJustKen VGC\n|t:|1730773691\n|gametype|doubles\n|player|p1|Spler|2|1709\n|player|p2|It'sJustKen VGC|turo|1695\n|teamsize|p1|6\n|teamsize|p2|6\n|gen|9\n|tier|[Gen 9] VGC 2024 Reg H\n|rated|\n|rule|Species Clause: Limit one of each Pok\u00e9mon\n|rule|Item Clause: Limit 1 of each item\n|clearpoke\n|poke|p1|Ludicolo, L50, F|\n|poke|p1|Archaludon, L50, F|\n|poke|p1|Pelipper, L50, F|\n|poke|p1|Torkoal, L50, F|\n|poke|p1|Charizard, L50, F|\n|poke|p1|Mimikyu, L50, M|\n|poke|p2|Whimsicott, L50, F|\n|poke|p2|Gholdengo, L50|\n|poke|p2|Sneasler, L50, M|\n|poke|p2|Glimmora, L50, F|\n|poke|p2|Farigiraf, L50, F|\n|poke|p2|Hydreigon, L50, F|\n|teampreview|4\n|inactive|Battle timer is ON: inactive players will automatically lose when time's up. (requested by It'sJustKen VGC)\n|\n|t:|1730773721\n|start\n|switch|p1a: Pelipper|Pelipper, L50, F|100\/100\n|switch|p1b: Ludicolo|Ludicolo, L50, F|100\/100\n|switch|p2a: roses.are.blue|Glimmora, L50, F, shiny|100\/100\n|switch|p2b: GIRAFFE|Farigiraf, L50, F, shiny|100\/100\n|-weather|RainDance|[from] ability: Drizzle|[of] p1a: Pelipper\n|turn|1\n|\n|t:|1730773740\n|-terastallize|p2a: roses.are.blue|Grass\n|move|p1b: Ludicolo|Muddy Water|p2b: GIRAFFE|[spread] p2a,p2b\n|-resisted|p2a: roses.are.blue\n|-damage|p2a: roses.are.blue|68\/100\n|-damage|p2b: GIRAFFE|50\/100\n|-unboost|p2a: roses.are.blue|accuracy|1\n|-unboost|p2b: GIRAFFE|accuracy|1\n|move|p2a: roses.are.blue|Meteor Beam||[still]\n|-prepare|p2a: roses.are.blue|Meteor Beam\n|-boost|p2a: roses.are.blue|spa|1\n|-enditem|p2a: roses.are.blue|Power Herb\n|-anim|p2a: roses.are.blue|Meteor Beam|p1a: Pelipper|[miss]\n|-miss|p2a: roses.are.blue|p1a: Pelipper\n|move|p1a: Pelipper|Weather Ball|p2b: GIRAFFE\n|-damage|p2b: GIRAFFE|0 fnt\n|faint|p2b: GIRAFFE\n|\n|-weather|RainDance|[upkeep]\n|upkeep\n|\n|t:|1730773745\n|switch|p2b: BUTTERSCOTCH|Whimsicott, L50, F|100\/100\n|turn|2\n|\n|t:|1730773765\n|move|p1b: Ludicolo|Muddy Water|p2b: BUTTERSCOTCH|[spread] p2a,p2b\n|-resisted|p2a: roses.are.blue\n|-resisted|p2b: BUTTERSCOTCH\n|-damage|p2a: roses.are.blue|38\/100\n|-damage|p2b: BUTTERSCOTCH|62\/100\n|move|p2b: BUTTERSCOTCH|Moonblast|p1a: Pelipper\n|-damage|p1a: Pelipper|42\/100\n|-unboost|p1a: Pelipper|spa|1\n|move|p2a: roses.are.blue|Sludge Bomb|p1a: Pelipper|[miss]\n|-miss|p2a: roses.are.blue|p1a: Pelipper\n|move|p1a: Pelipper|Tailwind|p1a: Pelipper\n|-sidestart|p1: Spler|move: Tailwind\n|\n|-weather|RainDance|[upkeep]\n|upkeep\n|turn|3\n|\n|t:|1730773783\n|move|p2b: BUTTERSCOTCH|Tailwind|p2b: BUTTERSCOTCH\n|-sidestart|p2: It'sJustKen VGC|move: Tailwind\n|move|p1b: Ludicolo|Muddy Water|p2b: BUTTERSCOTCH|[spread] p2a,p2b\n|-resisted|p2a: roses.are.blue\n|-resisted|p2b: BUTTERSCOTCH\n|-damage|p2a: roses.are.blue|10\/100\n|-damage|p2b: BUTTERSCOTCH|21\/100\n|move|p2a: roses.are.blue|Sludge Bomb|p1a: Pelipper\n|-damage|p1a: Pelipper|0 fnt\n|faint|p1a: Pelipper\n|\n|-weather|RainDance|[upkeep]\n|upkeep\n|\n|t:|1730773802\n|switch|p1a: Archaludon|Archaludon, L50, F|100\/100\n|turn|4\n|\n|t:|1730773813\n|move|p2a: roses.are.blue|Spiky Shield|p2a: roses.are.blue\n|-singleturn|p2a: roses.are.blue|move: Protect\n|move|p1b: Ludicolo|Muddy Water|p2b: BUTTERSCOTCH|[spread] \n|-activate|p2a: roses.are.blue|move: Protect\n|-miss|p1b: Ludicolo|p2b: BUTTERSCOTCH\n|move|p2b: BUTTERSCOTCH|Moonblast|p1b: Ludicolo\n|-damage|p1b: Ludicolo|60\/100\n|move|p1a: Archaludon|Flash Cannon|p2a: roses.are.blue\n|-activate|p2a: roses.are.blue|move: Protect\n|\n|-weather|RainDance|[upkeep]\n|upkeep\n|turn|5\n|\n|t:|1730773830\n|move|p2a: roses.are.blue|Spiky Shield|p2a: roses.are.blue\n|-singleturn|p2a: roses.are.blue|move: Protect\n|move|p1b: Ludicolo|Muddy Water|p2a: roses.are.blue|[spread] p2b\n|-activate|p2a: roses.are.blue|move: Protect\n|-resisted|p2b: BUTTERSCOTCH\n|-damage|p2b: BUTTERSCOTCH|0 fnt\n|faint|p2b: BUTTERSCOTCH\n|move|p1a: Archaludon|Flash Cannon|p2a: roses.are.blue\n|-activate|p2a: roses.are.blue|move: Protect\n|\n|-weather|none\n|-sideend|p1: Spler|move: Tailwind\n|upkeep\n|\n|t:|1730773833\n|switch|p2b: Aah-Aah-Coo!|Sneasler, L50, M|100\/100\n|turn|6\n|j| RioutousYam349\n|\n|t:|1730773854\n|move|p2b: Aah-Aah-Coo!|Close Combat|p1a: Archaludon\n|-supereffective|p1a: Archaludon\n|-damage|p1a: Archaludon|0 fnt\n|-unboost|p2b: Aah-Aah-Coo!|def|1\n|-unboost|p2b: Aah-Aah-Coo!|spd|1\n|faint|p1a: Archaludon\n|-damage|p2b: Aah-Aah-Coo!|91\/100|[from] item: Life Orb\n|move|p2a: roses.are.blue|Sludge Bomb|p1b: Ludicolo\n|-supereffective|p1b: Ludicolo\n|-damage|p1b: Ludicolo|0 fnt\n|faint|p1b: Ludicolo\n|\n|-sideend|p2: It'sJustKen VGC|move: Tailwind\n|upkeep\n|\n|t:|1730773869\n|switch|p1b: Mimikyu|Mimikyu, L50, M|100\/100\n|turn|7\n|\n|t:|1730773888\n|-terastallize|p1b: Mimikyu|Stellar\n|move|p2b: Aah-Aah-Coo!|Dire Claw|p1b: Mimikyu\n|-activate|p1b: Mimikyu|ability: Disguise\n|-damage|p1b: Mimikyu|100\/100\n|-status|p1b: Mimikyu|psn\n|detailschange|p1b: Mimikyu|Mimikyu-Busted, L50, M, tera:Stellar\n|-damage|p1b: Mimikyu|88\/100 psn|[from] pokemon: Mimikyu-Busted\n|-damage|p2b: Aah-Aah-Coo!|81\/100|[from] item: Life Orb\n|move|p1b: Mimikyu|Play Rough|p2b: Aah-Aah-Coo!\n|-damage|p2b: Aah-Aah-Coo!|0 fnt\n|faint|p2b: Aah-Aah-Coo!\n|-damage|p1b: Mimikyu|78\/100 psn|[from] item: Life Orb\n|move|p2a: roses.are.blue|Sludge Bomb|p1b: Mimikyu\n|-damage|p1b: Mimikyu|0 fnt\n|faint|p1b: Mimikyu\n|\n|win|It'sJustKen VGC\n|raw|Spler's rating: 1709 &rarr; <strong>1689<\/strong><br \/>(-20 for losing)\n|raw|It&apos;sJustKen VGC's rating: 1710 &rarr; <strong>1730<\/strong><br \/>(+20 for winning)\n|l|\u2606It'sJustKen VGC\n|player|p2|\n|l| RioutousYam349\n","uploadtime":1730774114,"views":29,"formatid":"gen9vgc2024regh","rating":1689,"private":0,"password":null}