{"id":"gen9vgc2024regh-2237861031","format":"[Gen 9] VGC 2024 Reg H","players":["ray4gej","blindfishptsd"],"log":"|j|\u2606ray4gej\n|j|\u2606blindfishptsd\n|t:|1730815158\n|gametype|doubles\n|player|p1|ray4gej|102|1775\n|player|p2|blindfishptsd|olympia|1665\n|teamsize|p1|6\n|teamsize|p2|6\n|gen|9\n|tier|[Gen 9] VGC 2024 Reg H\n|rated|\n|rule|Species Clause: Limit one of each Pok\u00e9mon\n|rule|Item Clause: Limit 1 of each item\n|clearpoke\n|poke|p1|Dondozo, L50, F|\n|poke|p1|Tatsugiri, L50, F|\n|poke|p1|Rillaboom, L50, F|\n|poke|p1|Sneasler, L50, F|\n|poke|p1|Flamigo, L50, F|\n|poke|p1|Arcanine-Hisui, L50, M|\n|poke|p2|Indeedee-F, L50, F|\n|poke|p2|Hatterene, L50, F|\n|poke|p2|Gallade, L50, M|\n|poke|p2|Ursaluna, L50, F|\n|poke|p2|Torkoal, L50, M|\n|poke|p2|Maushold, L50|\n|teampreview|4\n|inactive|Battle timer is ON: inactive players will automatically lose when time's up. (requested by blindfishptsd)\n|\n|t:|1730815186\n|start\n|switch|p1a: Sneasler|Sneasler, L50, F|100\/100\n|switch|p1b: Dondozo|Dondozo, L50, F|100\/100\n|switch|p2a: Maushold|Maushold, L50|100\/100\n|switch|p2b: Gallade|Gallade, L50, M|100\/100\n|turn|1\n|inactive|blindfishptsd has 30 seconds left.\n|inactive|ray4gej has 30 seconds left.\n|\n|t:|1730815220\n|-terastallize|p2a: Maushold|Ghost\n|move|p1b: Dondozo|Protect|p1b: Dondozo\n|-singleturn|p1b: Dondozo|Protect\n|move|p1a: Sneasler|Coaching|p1b: Dondozo\n|-boost|p1b: Dondozo|atk|1\n|-boost|p1b: Dondozo|def|1\n|move|p2a: Maushold|Population Bomb|p1a: Sneasler\n|-damage|p1a: Sneasler|88\/100\n|-damage|p1a: Sneasler|77\/100\n|-damage|p1a: Sneasler|64\/100\n|-damage|p1a: Sneasler|51\/100\n|-damage|p1a: Sneasler|39\/100\n|-damage|p1a: Sneasler|25\/100\n|-damage|p1a: Sneasler|11\/100\n|-damage|p1a: Sneasler|0 fnt\n|faint|p1a: Sneasler\n|-hitcount|p1: Sneasler|8\n|move|p2b: Gallade|Sacred Sword|p1b: Dondozo\n|-activate|p1b: Dondozo|move: Protect\n|\n|upkeep\n|\n|t:|1730815226\n|switch|p1a: Tatsugiri|Tatsugiri, L50, F|100\/100\n|-activate|p1a: Tatsugiri|ability: Commander|[of] p1b: Dondozo\n|-boost|p1b: Dondozo|atk|2\n|-boost|p1b: Dondozo|spa|2\n|-boost|p1b: Dondozo|spe|2\n|-boost|p1b: Dondozo|def|2\n|-boost|p1b: Dondozo|spd|2\n|turn|2\n|\n|t:|1730815234\n|move|p2a: Maushold|Follow Me|p2a: Maushold\n|-singleturn|p2a: Maushold|move: Follow Me\n|move|p1b: Dondozo|Order Up|p2a: Maushold\n|-damage|p2a: Maushold|15\/100\n|-boost|p1b: Dondozo|atk|1\n|move|p2b: Gallade|Trick Room|p2b: Gallade\n|-fieldstart|move: Trick Room|[of] p2b: Gallade\n|\n|upkeep\n|turn|3\n|\n|t:|1730815241\n|move|p2a: Maushold|Follow Me|p2a: Maushold\n|-singleturn|p2a: Maushold|move: Follow Me\n|move|p2b: Gallade|Sacred Sword|p1b: Dondozo\n|-damage|p1b: Dondozo|52\/100\n|move|p1b: Dondozo|Order Up|p2a: Maushold\n|-damage|p2a: Maushold|0 fnt\n|faint|p2a: Maushold\n|-boost|p1b: Dondozo|atk|1\n|\n|upkeep\n|\n|t:|1730815253\n|switch|p2a: Torkoal|Torkoal, L50, M|100\/100\n|-weather|SunnyDay|[from] ability: Drought|[of] p2a: Torkoal\n|turn|4\n|\n|t:|1730815261\n|move|p1b: Dondozo|Protect|p1b: Dondozo\n|-singleturn|p1b: Dondozo|Protect\n|move|p2a: Torkoal|Eruption|p1b: Dondozo|[spread] \n|-miss|p2a: Torkoal|p1a: Tatsugiri\n|-activate|p1b: Dondozo|move: Protect\n|move|p2b: Gallade|Sacred Sword|p1b: Dondozo\n|-activate|p1b: Dondozo|move: Protect\n|\n|-weather|SunnyDay|[upkeep]\n|upkeep\n|turn|5\n|\n|t:|1730815276\n|-terastallize|p1b: Dondozo|Poison\n|move|p2a: Torkoal|Eruption|p1a: Tatsugiri|[spread] p1b\n|-miss|p2a: Torkoal|p1a: Tatsugiri\n|-damage|p1b: Dondozo|3\/100\n|move|p2b: Gallade|Sacred Sword|p1b: Dondozo\n|-resisted|p1b: Dondozo\n|-damage|p1b: Dondozo|0 fnt\n|faint|p1b: Dondozo\n|\n|-weather|SunnyDay|[upkeep]\n|upkeep\n|\n|t:|1730815283\n|switch|p1b: Rillaboom|Rillaboom, L50, F|100\/100\n|-fieldstart|move: Grassy Terrain|[from] ability: Grassy Surge|[of] p1b: Rillaboom\n|turn|6\n|\n|t:|1730815295\n|switch|p2b: Indeedee|Indeedee-F, L50, F|100\/100\n|-fieldstart|move: Psychic Terrain|[from] ability: Psychic Surge|[of] p2b: Indeedee\n|move|p2a: Torkoal|Eruption|p1b: Rillaboom|[spread] p1a,p1b\n|-resisted|p1a: Tatsugiri\n|-supereffective|p1b: Rillaboom\n|-damage|p1a: Tatsugiri|63\/100\n|-damage|p1b: Rillaboom|0 fnt\n|faint|p1b: Rillaboom\n|move|p1a: Tatsugiri|Muddy Water|p2a: Torkoal|[spread] p2b\n|-miss|p1a: Tatsugiri|p2a: Torkoal\n|-damage|p2b: Indeedee|85\/100\n|\n|-weather|SunnyDay|[upkeep]\n|-fieldend|move: Trick Room\n|upkeep\n|turn|7\n|-message|ray4gej forfeited.\n|\n|win|blindfishptsd\n|raw|ray4gej's rating: 1775 &rarr; <strong>1749<\/strong><br \/>(-26 for losing)\n|raw|blindfishptsd's rating: 1665 &rarr; <strong>1691<\/strong><br \/>(+26 for winning)\n|l|\u2606ray4gej\n|player|p1|\n|l|\u2606blindfishptsd\n|player|p2|\n","uploadtime":1730815543,"views":18,"formatid":"gen9vgc2024regh","rating":1691,"private":0,"password":null}