{"id":"gen9vgc2024regh-2237885861","format":"[Gen 9] VGC 2024 Reg H","players":["Omiim","jhyjhyt"],"log":"|j|\u2606Omiim\n|j|\u2606jhyjhyt\n|t:|1730817857\n|gametype|doubles\n|player|p1|Omiim|102|1718\n|player|p2|jhyjhyt|102|1702\n|teamsize|p1|6\n|teamsize|p2|6\n|gen|9\n|tier|[Gen 9] VGC 2024 Reg H\n|rated|\n|rule|Species Clause: Limit one of each Pok\u00e9mon\n|rule|Item Clause: Limit 1 of each item\n|clearpoke\n|poke|p1|Dondozo, L50, F|\n|poke|p1|Tatsugiri, L50, F|\n|poke|p1|Gholdengo, L50|\n|poke|p1|Dragonite, L50, F|\n|poke|p1|Blaziken, L50, F|\n|poke|p1|Kilowattrel, L50, M|\n|poke|p2|Dondozo, L50, M|\n|poke|p2|Tatsugiri, L50, M|\n|poke|p2|Pelipper, L50, M|\n|poke|p2|Archaludon, L50, F|\n|poke|p2|Amoonguss, L50, F|\n|poke|p2|Murkrow, L50, F|\n|teampreview|4\nOmiim has agreed to open team sheets.\n|inactive|Battle timer is ON: inactive players will automatically lose when time's up. (requested by jhyjhyt)\n|inactive|Omiim also wants the timer to be on.\n|\n|t:|1730817887\n|start\n|switch|p1a: Kilowattrel|Kilowattrel, L50, M|100\/100\n|switch|p1b: Dondozo|Dondozo, L50, F|100\/100\n|switch|p2a: Dondozo|Dondozo, L50, M|100\/100\n|switch|p2b: Pelipper|Pelipper, L50, M|100\/100\n|-weather|RainDance|[from] ability: Drizzle|[of] p2b: Pelipper\n|turn|1\n|inactive|jhyjhyt has 30 seconds left.\n|\n|t:|1730817920\n|move|p2a: Dondozo|Protect|p2a: Dondozo\n|-singleturn|p2a: Dondozo|Protect\n|move|p1b: Dondozo|Protect|p1b: Dondozo\n|-singleturn|p1b: Dondozo|Protect\n|move|p1a: Kilowattrel|Tailwind|p1a: Kilowattrel\n|-sidestart|p1: Omiim|move: Tailwind\n|move|p2b: Pelipper|Weather Ball|p1a: Kilowattrel\n|-enditem|p1a: Kilowattrel|Focus Sash\n|-damage|p1a: Kilowattrel|1\/100\n|\n|-weather|RainDance|[upkeep]\n|upkeep\n|turn|2\n|\n|t:|1730817944\n|switch|p2b: Tatsugiri|Tatsugiri, L50, M|100\/100\n|-activate|p2b: Tatsugiri|ability: Commander|[of] p2a: Dondozo\n|-boost|p2a: Dondozo|atk|2\n|-boost|p2a: Dondozo|spa|2\n|-boost|p2a: Dondozo|spe|2\n|-boost|p2a: Dondozo|def|2\n|-boost|p2a: Dondozo|spd|2\n|move|p1a: Kilowattrel|Endeavor|p2a: Dondozo\n|-damage|p2a: Dondozo|1\/100\n|move|p2a: Dondozo|Surf|p1a: Kilowattrel|[spread] p1a,p1b\n|-miss|p2a: Dondozo|p2b: Tatsugiri\n|-resisted|p1b: Dondozo\n|-damage|p1a: Kilowattrel|0 fnt\n|-damage|p1b: Dondozo|81\/100\n|faint|p1a: Kilowattrel\n|move|p1b: Dondozo|Earthquake|p2b: Tatsugiri|[spread] p2a\n|-miss|p1b: Dondozo|p2b: Tatsugiri\n|-damage|p2a: Dondozo|0 fnt\n|faint|p2a: Dondozo\n|\n|-weather|RainDance|[upkeep]\n|-heal|p1b: Dondozo|87\/100|[from] item: Leftovers\n|upkeep\n|\n|t:|1730817964\n|switch|p1a: Dragonite|Dragonite, L50, F|100\/100\n|switch|p2a: Pelipper|Pelipper, L50, M|100\/100\n|turn|3\n|inactive|jhyjhyt has 30 seconds left.\n|\n|t:|1730817990\n|switch|p1a: Tatsugiri|Tatsugiri, L50, F|100\/100\n|-activate|p1a: Tatsugiri|ability: Commander|[of] p1b: Dondozo\n|-boost|p1b: Dondozo|atk|2\n|-boost|p1b: Dondozo|spa|2\n|-boost|p1b: Dondozo|spe|2\n|-boost|p1b: Dondozo|def|2\n|-boost|p1b: Dondozo|spd|2\n|move|p2a: Pelipper|Protect|p2a: Pelipper\n|-singleturn|p2a: Pelipper|Protect\n|move|p1b: Dondozo|Order Up|p2b: Tatsugiri\n|-supereffective|p2b: Tatsugiri\n|-damage|p2b: Tatsugiri|0 fnt\n|faint|p2b: Tatsugiri\n|-boost|p1b: Dondozo|atk|1\n|\n|-weather|RainDance|[upkeep]\n|-heal|p1b: Dondozo|93\/100|[from] item: Leftovers\n|upkeep\n|j| Gambit the king\n|\n|t:|1730818005\n|switch|p2b: Murkrow|Murkrow, L50, F|100\/100\n|turn|4\n|j| lswagh\n|\n|t:|1730818017\n|move|p2b: Murkrow|Haze|p2b: Murkrow\n|-clearallboost\n|move|p1b: Dondozo|Wave Crash|p2b: Murkrow\n|-damage|p2b: Murkrow|11\/100\n|-damage|p1b: Dondozo|74\/100|[from] Recoil\n|move|p2a: Pelipper|Hurricane|p1b: Dondozo\n|-crit|p1b: Dondozo\n|-damage|p1b: Dondozo|0 fnt\n|faint|p1b: Dondozo\n|\n|-weather|RainDance|[upkeep]\n|-sideend|p1: Omiim|move: Tailwind\n|upkeep\n|\n|t:|1730818028\n|switch|p1b: Dragonite|Dragonite, L50, F|100\/100\n|turn|5\n|\n|t:|1730818041\n|-terastallize|p1b: Dragonite|Normal\n|move|p1b: Dragonite|Extreme Speed|p2a: Pelipper\n|-damage|p2a: Pelipper|12\/100\n|move|p2b: Murkrow|Tailwind|p2b: Murkrow\n|-sidestart|p2: jhyjhyt|move: Tailwind\n|move|p2a: Pelipper|Hurricane|p1a: Tatsugiri\n|-damage|p1a: Tatsugiri|34\/100\n|-start|p1a: Tatsugiri|confusion\n|-activate|p1a: Tatsugiri|confusion\n|move|p1a: Tatsugiri|Icy Wind|p2b: Murkrow|[spread] p2a,p2b\n|-supereffective|p2b: Murkrow\n|-damage|p2a: Pelipper|0 fnt\n|-damage|p2b: Murkrow|0 fnt\n|faint|p2a: Pelipper\n|faint|p2b: Murkrow\n|\n|win|Omiim\n|raw|Omiim's rating: 1718 &rarr; <strong>1737<\/strong><br \/>(+19 for winning)\n|raw|jhyjhyt's rating: 1702 &rarr; <strong>1683<\/strong><br \/>(-19 for losing)\n|l|\u2606jhyjhyt\n|player|p2|\n|l|\u2606Omiim\n|player|p1|\n|l| Gambit the king\n","uploadtime":1730818277,"views":17,"formatid":"gen9vgc2024regh","rating":1683,"private":0,"password":null}