{"id":"gen9vgc2024regh-2237872045","format":"[Gen 9] VGC 2024 Reg H","players":["maya ayasato","Roman25"],"log":"|j|\u2606maya ayasato\n|j|\u2606Roman25\n|t:|1730816378\n|gametype|doubles\n|player|p1|maya ayasato|cynthia|1767\n|player|p2|Roman25|102|1702\n|teamsize|p1|6\n|teamsize|p2|6\n|gen|9\n|tier|[Gen 9] VGC 2024 Reg H\n|rated|\n|rule|Species Clause: Limit one of each Pok\u00e9mon\n|rule|Item Clause: Limit 1 of each item\n|clearpoke\n|poke|p1|Gholdengo, L50|\n|poke|p1|Annihilape, L50, F|\n|poke|p1|Maushold, L50|\n|poke|p1|Dondozo, L50, M|\n|poke|p1|Murkrow, L50, M|\n|poke|p1|Tatsugiri, L50, M|\n|poke|p2|Baxcalibur, L50, F|\n|poke|p2|Sneasler, L50, M|\n|poke|p2|Kingambit, L50, F|\n|poke|p2|Gastrodon, L50, F|\n|poke|p2|Volcarona, L50, M|\n|poke|p2|Rillaboom, L50, F|\n|teampreview|4\n|inactive|Battle timer is ON: inactive players will automatically lose when time's up. (requested by Roman25)\n|\n|t:|1730816398\n|start\n|switch|p1a: Maushold|Maushold, L50|100\/100\n|switch|p1b: Annihilape|Annihilape, L50, F|100\/100\n|switch|p2a: Sneasler|Sneasler, L50, M|100\/100\n|switch|p2b: Kingambit|Kingambit, L50, F|100\/100\n|turn|1\n|\n|t:|1730816416\n|switch|p1a: Gholdengo|Gholdengo, L50|100\/100\n|-terastallize|p2b: Kingambit|Flying\n|move|p2a: Sneasler|Fake Out|p1a: Gholdengo\n|-immune|p1a: Gholdengo\n|move|p1b: Annihilape|Close Combat|p2b: Kingambit\n|-resisted|p2b: Kingambit\n|-damage|p2b: Kingambit|84\/100\n|-unboost|p1b: Annihilape|def|1\n|-unboost|p1b: Annihilape|spd|1\n|move|p2b: Kingambit|Tera Blast|p1b: Annihilape|[anim] Tera Blast Flying\n|-supereffective|p1b: Annihilape\n|-damage|p1b: Annihilape|0 fnt\n|faint|p1b: Annihilape\n|\n|upkeep\n|\n|t:|1730816430\n|switch|p1b: Murkrow|Murkrow, L50, M|100\/100\n|turn|2\n|\n|t:|1730816444\n|-terastallize|p1a: Gholdengo|Steel\n|move|p1b: Murkrow|Tailwind|p1b: Murkrow\n|-sidestart|p1: maya ayasato|move: Tailwind\n|move|p2b: Kingambit|Sucker Punch|p1a: Gholdengo\n|-damage|p1a: Gholdengo|56\/100\n|move|p1a: Gholdengo|Make It Rain|p2b: Kingambit|[spread] p2a,p2b\n|-enditem|p2a: Sneasler|Focus Sash\n|-damage|p2a: Sneasler|1\/100\n|-damage|p2b: Kingambit|19\/100\n|-unboost|p1a: Gholdengo|spa|1\n|move|p2a: Sneasler|Close Combat|p1a: Gholdengo\n|-supereffective|p1a: Gholdengo\n|-damage|p1a: Gholdengo|0 fnt\n|-unboost|p2a: Sneasler|def|1\n|-unboost|p2a: Sneasler|spd|1\n|faint|p1a: Gholdengo\n|\n|upkeep\n|\n|t:|1730816461\n|switch|p1a: Maushold|Maushold, L50|100\/100\n|turn|3\n|\n|t:|1730816479\n|switch|p2a: Gastrodon|Gastrodon, L50, F|100\/100\n|move|p2b: Kingambit|Sucker Punch|p1a: Maushold\n|-damage|p1a: Maushold|35\/100\n|move|p1a: Maushold|Population Bomb|p2a: Gastrodon\n|-damage|p2a: Gastrodon|92\/100\n|-damage|p2a: Gastrodon|83\/100\n|-damage|p2a: Gastrodon|74\/100\n|-damage|p2a: Gastrodon|65\/100\n|-damage|p2a: Gastrodon|56\/100\n|-damage|p2a: Gastrodon|47\/100\n|-enditem|p2a: Gastrodon|Sitrus Berry|[eat]\n|-heal|p2a: Gastrodon|72\/100|[from] item: Sitrus Berry\n|-damage|p2a: Gastrodon|63\/100\n|-damage|p2a: Gastrodon|55\/100\n|-damage|p2a: Gastrodon|46\/100\n|-damage|p2a: Gastrodon|37\/100\n|-hitcount|p2a: Gastrodon|10\n|move|p1b: Murkrow|Foul Play|p2b: Kingambit\n|-damage|p2b: Kingambit|0 fnt\n|faint|p2b: Kingambit\n|\n|upkeep\n|inactive|Roman25 has 30 seconds left.\n|\n|t:|1730816504\n|switch|p2b: Rillaboom|Rillaboom, L50, F|100\/100\n|-fieldstart|move: Grassy Terrain|[from] ability: Grassy Surge|[of] p2b: Rillaboom\n|turn|4\n|\n|t:|1730816527\n|move|p2b: Rillaboom|Fake Out|p1a: Maushold\n|-damage|p1a: Maushold|14\/100\n|move|p1b: Murkrow|Quash||[still]\n|-fail|p1b: Murkrow\n|cant|p1a: Maushold|flinch\n|move|p2a: Gastrodon|Yawn|p1b: Murkrow\n|-start|p1b: Murkrow|move: Yawn|[of] p2a: Gastrodon\n|\n|-heal|p1a: Maushold|20\/100|[from] Grassy Terrain\n|-heal|p2a: Gastrodon|43\/100|[from] Grassy Terrain\n|upkeep\n|turn|5\n|-message|maya ayasato forfeited.\n|\n|win|Roman25\n|raw|maya ayasato's rating: 1767 &rarr; <strong>1743<\/strong><br \/>(-24 for losing)\n|raw|Roman25's rating: 1702 &rarr; <strong>1726<\/strong><br \/>(+24 for winning)\n|l|\u2606maya ayasato\n|player|p1|\n|l|\u2606Roman25\n|player|p2|\n","uploadtime":1730816774,"views":17,"formatid":"gen9vgc2024regh","rating":1726,"private":0,"password":null}