{"id":"gen9vgc2024regh-2237207163","format":"[Gen 9] VGC 2024 Reg H","players":["Zordor","greenlightdmp"],"log":"|j|\u2606Zordor\n|j|\u2606greenlightdmp\n|t:|1730733028\n|gametype|doubles\n|player|p1|Zordor|pilot|1777\n|player|p2|greenlightdmp|266|1675\n|teamsize|p1|6\n|teamsize|p2|6\n|gen|9\n|tier|[Gen 9] VGC 2024 Reg H\n|rated|\n|rule|Species Clause: Limit one of each Pok\u00e9mon\n|rule|Item Clause: Limit 1 of each item\n|clearpoke\n|poke|p1|Rotom-Wash, L50|\n|poke|p1|Sneasler, L50, F|\n|poke|p1|Kingambit, L50, F|\n|poke|p1|Armarouge, L50, M|\n|poke|p1|Dragapult, L50, M|\n|poke|p1|Venusaur, L50, F|\n|poke|p2|Sneasler, L50, M|\n|poke|p2|Indeedee-F, L50, F|\n|poke|p2|Murkrow, L50, F|\n|poke|p2|Archaludon, L50, F|\n|poke|p2|Basculegion, L50, M|\n|poke|p2|Volcarona, L50, M|\n|teampreview|4\n|inactive|Battle timer is ON: inactive players will automatically lose when time's up. (requested by greenlightdmp)\n|inactive|Zordor has 60 seconds left.\n|inactive|greenlightdmp has 60 seconds left.\n|inactive|greenlightdmp has 30 seconds left.\n|inactive|greenlightdmp has 20 seconds left.\n|inactive|greenlightdmp has 15 seconds left.\n|inactive|greenlightdmp has 10 seconds left.\n|\n|t:|1730733123\n|start\n|switch|p1a: Sneasler|Sneasler, L50, F|100\/100\n|switch|p1b: Rotom|Rotom-Wash, L50|100\/100\n|switch|p2a: VEGETA|Basculegion, L50, M|100\/100\n|switch|p2b: Slim Shady|Sneasler, L50, M|100\/100\n|turn|1\n|inactive|greenlightdmp has 30 seconds left.\n|\n|t:|1730733155\n|switch|p2b: MeganTheeStallion|Indeedee-F, L50, F|100\/100\n|-fieldstart|move: Psychic Terrain|[from] ability: Psychic Surge|[of] p2b: MeganTheeStallion\n|move|p1a: Sneasler|Protect|p1a: Sneasler\n|-singleturn|p1a: Sneasler|Protect\n|move|p2a: VEGETA|Flip Turn|p1b: Rotom\n|-resisted|p1b: Rotom\n|-damage|p1b: Rotom|79\/100\n|\n|t:|1730733164\n|switch|p2a: Slim Shady|Sneasler, L50, M|100\/100|[from] Flip Turn\n|-enditem|p2a: Slim Shady|Psychic Seed\n|-boost|p2a: Slim Shady|spd|1|[from] item: Psychic Seed\n|move|p1b: Rotom|Electroweb|p2a: Slim Shady|[spread] p2a\n|-miss|p1b: Rotom|p2b: MeganTheeStallion\n|-damage|p2a: Slim Shady|88\/100\n|-unboost|p2a: Slim Shady|spe|1\n|\n|upkeep\n|turn|2\n|\n|t:|1730733186\n|move|p2a: Slim Shady|Protect|p2a: Slim Shady\n|-singleturn|p2a: Slim Shady|Protect\n|move|p1a: Sneasler|Close Combat|p2b: MeganTheeStallion\n|-damage|p2b: MeganTheeStallion|45\/100\n|-unboost|p1a: Sneasler|def|1\n|-unboost|p1a: Sneasler|spd|1\n|move|p1b: Rotom|Electroweb|p2b: MeganTheeStallion|[spread] p2b\n|-activate|p2a: Slim Shady|move: Protect\n|-damage|p2b: MeganTheeStallion|32\/100\n|-unboost|p2b: MeganTheeStallion|spe|1\n|move|p2b: MeganTheeStallion|Psychic|p1b: Rotom\n|-damage|p1b: Rotom|38\/100\n|\n|upkeep\n|turn|3\n|\n|t:|1730733208\n|move|p1b: Rotom|Protect|p1b: Rotom\n|-singleturn|p1b: Rotom|Protect\n|move|p2a: Slim Shady|Close Combat|p1b: Rotom\n|-activate|p1b: Rotom|move: Protect\n|move|p1a: Sneasler|Close Combat|p2b: MeganTheeStallion\n|-damage|p2b: MeganTheeStallion|0 fnt\n|-unboost|p1a: Sneasler|def|1\n|-unboost|p1a: Sneasler|spd|1\n|faint|p2b: MeganTheeStallion\n|\n|upkeep\n|\n|t:|1730733221\n|switch|p2b: VEGETA|Basculegion, L50, M|100\/100\n|turn|4\n|inactive|Zordor has 30 seconds left.\n|\n|t:|1730733255\n|move|p2a: Slim Shady|Dire Claw|p1a: Sneasler\n|-resisted|p1a: Sneasler\n|-damage|p1a: Sneasler|32\/100\n|move|p2b: VEGETA|Last Respects|p1b: Rotom\n|-damage|p1b: Rotom|0 fnt\n|faint|p1b: Rotom\n|move|p1a: Sneasler|Rock Tomb|p2a: Slim Shady\n|-resisted|p2a: Slim Shady\n|-damage|p2a: Slim Shady|72\/100\n|-unboost|p2a: Slim Shady|spe|1\n|\n|upkeep\n|\n|t:|1730733267\n|switch|p1b: Venusaur|Venusaur, L50, F|100\/100\n|turn|5\n|\n|t:|1730733282\n|switch|p2a: Raf Camora|Murkrow, L50, F|100\/100\n|-terastallize|p2b: VEGETA|Grass\n|move|p1a: Sneasler|Protect|p1a: Sneasler\n|-singleturn|p1a: Sneasler|Protect\n|move|p2b: VEGETA|Last Respects|p1a: Sneasler\n|-activate|p1a: Sneasler|move: Protect\n|move|p1b: Venusaur|Giga Drain|p2b: VEGETA\n|-resisted|p2b: VEGETA\n|-damage|p2b: VEGETA|82\/100\n|\n|-fieldend|move: Psychic Terrain\n|upkeep\n|turn|6\n|\n|t:|1730733307\n|move|p2b: VEGETA|Last Respects|p1a: Sneasler\n|-crit|p1a: Sneasler\n|-damage|p1a: Sneasler|0 fnt\n|faint|p1a: Sneasler\n|move|p1b: Venusaur|Sludge Bomb|p2b: VEGETA\n|-supereffective|p2b: VEGETA\n|-damage|p2b: VEGETA|1\/100\n|move|p2a: Raf Camora|Foul Play|p1b: Venusaur\n|-damage|p1b: Venusaur|74\/100\n|\n|-heal|p1b: Venusaur|81\/100|[from] item: Leftovers\n|upkeep\n|\n|t:|1730733314\n|switch|p1a: Dragapult|Dragapult, L50, M|100\/100\n|turn|7\n|j| nistaka\n|\n|t:|1730733335\n|-terastallize|p1a: Dragapult|Fighting\n|move|p2a: Raf Camora|Tailwind|p2a: Raf Camora\n|-sidestart|p2: greenlightdmp|move: Tailwind\n|move|p2b: VEGETA|Last Respects|p1a: Dragapult\n|-damage|p1a: Dragapult|36\/100\n|move|p1a: Dragapult|Dragon Darts|p2a: Raf Camora\n|-damage|p2a: Raf Camora|72\/100\n|-anim|p1a: Dragapult|Dragon Darts|p2b: VEGETA\n|-damage|p2b: VEGETA|0 fnt\n|faint|p2b: VEGETA\n|-damage|p1a: Dragapult|27\/100|[from] item: Life Orb\n|move|p1b: Venusaur|Sludge Bomb|p2a: Raf Camora\n|-damage|p2a: Raf Camora|25\/100\n|\n|-heal|p1b: Venusaur|87\/100|[from] item: Leftovers\n|upkeep\n|\n|t:|1730733345\n|switch|p2b: Slim Shady|Sneasler, L50, M|72\/100\n|turn|8\n|\n|t:|1730733364\n|move|p1a: Dragapult|Protect|p1a: Dragapult\n|-singleturn|p1a: Dragapult|Protect\n|move|p1b: Venusaur|Protect|p1b: Venusaur\n|-singleturn|p1b: Venusaur|Protect\n|move|p2b: Slim Shady|Dire Claw|p1b: Venusaur\n|-activate|p1b: Venusaur|move: Protect\n|move|p2a: Raf Camora|Foul Play|p1a: Dragapult\n|-activate|p1a: Dragapult|move: Protect\n|\n|-heal|p1b: Venusaur|93\/100|[from] item: Leftovers\n|upkeep\n|turn|9\n|\n|t:|1730733383\n|move|p2b: Slim Shady|Dire Claw|p1b: Venusaur\n|-damage|p1b: Venusaur|42\/100\n|-status|p1b: Venusaur|par\n|move|p2a: Raf Camora|Foul Play|p1a: Dragapult\n|-resisted|p1a: Dragapult\n|-damage|p1a: Dragapult|0 fnt\n|faint|p1a: Dragapult\n|move|p1b: Venusaur|Sludge Bomb|p2a: Raf Camora\n|-damage|p2a: Raf Camora|0 fnt\n|faint|p2a: Raf Camora\n|\n|-heal|p1b: Venusaur|48\/100 par|[from] item: Leftovers\n|upkeep\n|turn|10\n|\n|t:|1730733400\n|cant|p1b: Venusaur|par\n|move|p2b: Slim Shady|Dire Claw|p1b: Venusaur\n|-damage|p1b: Venusaur|0 fnt\n|faint|p1b: Venusaur\n|\n|win|greenlightdmp\n|raw|Zordor's rating: 1777 &rarr; <strong>1751<\/strong><br \/>(-26 for losing)\n|raw|greenlightdmp's rating: 1675 &rarr; <strong>1701<\/strong><br \/>(+26 for winning)\n|l|\u2606Zordor\n|player|p1|\n","uploadtime":1730733567,"views":21,"formatid":"gen9vgc2024regh","rating":1701,"private":0,"password":null}