{"id":"gen9vgc2024regh-2237945034","format":"[Gen 9] VGC 2024 Reg H","players":["Zordor","wogusl"],"log":"|j|\u2606Zordor\n|j|\u2606wogusl\n|t:|1730823760\n|gametype|doubles\n|player|p1|Zordor|pilot|1797\n|player|p2|wogusl|rosa|1725\n|teamsize|p1|6\n|teamsize|p2|6\n|gen|9\n|tier|[Gen 9] VGC 2024 Reg H\n|rated|\n|rule|Species Clause: Limit one of each Pok\u00e9mon\n|rule|Item Clause: Limit 1 of each item\n|clearpoke\n|poke|p1|Rotom-Wash, L50|\n|poke|p1|Sneasler, L50, M|\n|poke|p1|Kingambit, L50, F|\n|poke|p1|Armarouge, L50, F|\n|poke|p1|Dragapult, L50, M|\n|poke|p1|Venusaur, L50, M|\n|poke|p2|Grimmsnarl, L50, M|\n|poke|p2|Gholdengo, L50|\n|poke|p2|Dragonite, L50, F|\n|poke|p2|Ursaluna-Bloodmoon, L50, M|\n|poke|p2|Maushold, L50|\n|poke|p2|Basculegion, L50, M|\n|teampreview|4\n|inactive|Battle timer is ON: inactive players will automatically lose when time's up. (requested by wogusl)\n|inactive|Zordor has 60 seconds left.\n|\n|t:|1730823800\n|start\n|switch|p1a: Rotom|Rotom-Wash, L50|100\/100\n|switch|p1b: Sneasler|Sneasler, L50, M|100\/100\n|switch|p2a: Grimmsnarl|Grimmsnarl, L50, M, shiny|100\/100\n|switch|p2b: Gholdengo|Gholdengo, L50, shiny|100\/100\n|turn|1\n|j| Elv3r G4larga\n|\n|t:|1730823815\n|move|p2a: Grimmsnarl|Thunder Wave|p1b: Sneasler\n|-status|p1b: Sneasler|par\n|move|p1a: Rotom|Electroweb|p2a: Grimmsnarl|[spread] p2a,p2b\n|-damage|p2a: Grimmsnarl|88\/100\n|-damage|p2b: Gholdengo|84\/100\n|-unboost|p2a: Grimmsnarl|spe|1\n|-unboost|p2b: Gholdengo|spe|1\n|cant|p1b: Sneasler|par\n|move|p2b: Gholdengo|Make It Rain|p1b: Sneasler|[spread] p1a,p1b\n|-resisted|p1a: Rotom\n|-damage|p1a: Rotom|82\/100\n|-damage|p1b: Sneasler|15\/100 par\n|-unboost|p2b: Gholdengo|spa|1\n|-damage|p2b: Gholdengo|74\/100|[from] item: Life Orb\n|\n|upkeep\n|turn|2\n|\n|t:|1730823833\n|move|p2a: Grimmsnarl|Reflect|p2a: Grimmsnarl\n|-sidestart|p2: wogusl|Reflect\n|move|p1a: Rotom|Electroweb|p2a: Grimmsnarl|[spread] p2a,p2b\n|-crit|p2a: Grimmsnarl\n|-damage|p2a: Grimmsnarl|67\/100\n|-damage|p2b: Gholdengo|59\/100\n|-unboost|p2a: Grimmsnarl|spe|1\n|-unboost|p2b: Gholdengo|spe|1\n|move|p1b: Sneasler|Dire Claw|p2a: Grimmsnarl\n|-supereffective|p2a: Grimmsnarl\n|-damage|p2a: Grimmsnarl|11\/100\n|-status|p2a: Grimmsnarl|slp\n|move|p2b: Gholdengo|Shadow Ball|p1a: Rotom\n|-damage|p1a: Rotom|42\/100\n|-damage|p2b: Gholdengo|50\/100|[from] item: Life Orb\n|\n|upkeep\n|turn|3\n|j| prstomu4\n|\n|t:|1730823858\n|switch|p1b: Kingambit|Kingambit, L50, F|100\/100\n|move|p1a: Rotom|Protect|p1a: Rotom\n|-singleturn|p1a: Rotom|Protect\n|cant|p2a: Grimmsnarl|slp\n|move|p2b: Gholdengo|Shadow Ball|p1a: Rotom\n|-activate|p1a: Rotom|move: Protect\n|\n|upkeep\n|turn|4\n|\n|t:|1730823868\n|-terastallize|p2b: Gholdengo|Fighting\n|cant|p2a: Grimmsnarl|slp\n|move|p1a: Rotom|Electroweb|p2a: Grimmsnarl|[spread] p2a,p2b\n|-damage|p2a: Grimmsnarl|0 fnt\n|-damage|p2b: Gholdengo|33\/100\n|-unboost|p2b: Gholdengo|spe|1\n|faint|p2a: Grimmsnarl\n|move|p1b: Kingambit|Kowtow Cleave|p2b: Gholdengo\n|-resisted|p2b: Gholdengo\n|-damage|p2b: Gholdengo|17\/100\n|move|p2b: Gholdengo|Tera Blast|p1b: Kingambit|[anim] Tera Blast Fighting\n|-supereffective|p1b: Kingambit\n|-damage|p1b: Kingambit|0 fnt\n|faint|p1b: Kingambit\n|-damage|p2b: Gholdengo|7\/100|[from] item: Life Orb\n|\n|upkeep\n|\n|t:|1730823886\n|switch|p1b: Sneasler|Sneasler, L50, M|15\/100 par\n|switch|p2a: Ursaluna|Ursaluna-Bloodmoon, L50, M|100\/100\n|turn|5\n|\n|t:|1730823905\n|move|p1a: Rotom|Hydro Pump|p2a: Ursaluna\n|-supereffective|p2a: Ursaluna\n|-damage|p2a: Ursaluna|49\/100\n|move|p1b: Sneasler|Close Combat|p2a: Ursaluna\n|-supereffective|p2a: Ursaluna\n|-damage|p2a: Ursaluna|0 fnt\n|-unboost|p1b: Sneasler|def|1\n|-unboost|p1b: Sneasler|spd|1\n|faint|p2a: Ursaluna\n|move|p2b: Gholdengo|Shadow Ball|p1a: Rotom\n|-damage|p1a: Rotom|1\/100\n|-damage|p2b: Gholdengo|0 fnt|[from] item: Life Orb\n|faint|p2b: Gholdengo\n|\n|upkeep\n|\n|t:|1730823912\n|switch|p2b: Basculegion|Basculegion, L50, M, shiny|100\/100\n|turn|6\n|\n|t:|1730823923\n|move|p2b: Basculegion|Aqua Jet|p1a: Rotom\n|-resisted|p1a: Rotom\n|-damage|p1a: Rotom|0 fnt\n|faint|p1a: Rotom\n|move|p1b: Sneasler|Rock Tomb|p2b: Basculegion\n|-damage|p2b: Basculegion|84\/100\n|-unboost|p2b: Basculegion|spe|1\n|\n|upkeep\n|\n|t:|1730823925\n|switch|p1a: Dragapult|Dragapult, L50, M|100\/100\n|turn|7\n|\n|t:|1730823938\n|-terastallize|p1a: Dragapult|Fighting\n|move|p1a: Dragapult|Phantom Force||[still]\n|-prepare|p1a: Dragapult|Phantom Force\n|move|p1b: Sneasler|Dire Claw|p2b: Basculegion\n|-resisted|p2b: Basculegion\n|-damage|p2b: Basculegion|67\/100\n|move|p2b: Basculegion|Last Respects|p1a: Dragapult|[miss]\n|-miss|p2b: Basculegion|p1a: Dragapult\n|\n|upkeep\n|turn|8\n|\n|t:|1730823946\n|move|p1a: Dragapult|Phantom Force|p2b: Basculegion|[from]lockedmove\n|-supereffective|p2b: Basculegion\n|-damage|p2b: Basculegion|0 fnt\n|faint|p2b: Basculegion\n|-damage|p1a: Dragapult|91\/100|[from] item: Life Orb\n|\n|win|Zordor\n|raw|Zordor's rating: 1797 &rarr; <strong>1813<\/strong><br \/>(+16 for winning)\n|raw|wogusl's rating: 1725 &rarr; <strong>1709<\/strong><br \/>(-16 for losing)\n|l|\u2606wogusl\n|player|p2|\n|l|\u2606Zordor\n|player|p1|\n|l| Elv3r G4larga\n|l| prstomu4\n","uploadtime":1730824155,"views":21,"formatid":"gen9vgc2024regh","rating":1709,"private":0,"password":null}