{"id":"gen9vgc2024regh-2237316435","format":"[Gen 9] VGC 2024 Reg H","players":["CabbageConnoisseur","greenlightdmp"],"log":"|j|\u203dCabbageConnoisseur\n|j|\u2606greenlightdmp\n|t:|1730743414\n|gametype|doubles\n|player|p1|CabbageConnoisseur|265|1703\n|player|p2|greenlightdmp|266|1706\n|teamsize|p1|6\n|teamsize|p2|6\n|gen|9\n|tier|[Gen 9] VGC 2024 Reg H\n|rated|\n|rule|Species Clause: Limit one of each Pok\u00e9mon\n|rule|Item Clause: Limit 1 of each item\n|clearpoke\n|poke|p1|Ursaluna-Bloodmoon, L50, M|\n|poke|p1|Grimmsnarl, L50, M|\n|poke|p1|Archaludon, L50, M|\n|poke|p1|Ninetales-Alola, L50, M|\n|poke|p1|Annihilape, L50, M|\n|poke|p1|Magmar, L50, F|\n|poke|p2|Sneasler, L50, F|\n|poke|p2|Indeedee-F, L50, F|\n|poke|p2|Murkrow, L50, M|\n|poke|p2|Archaludon, L50, F|\n|poke|p2|Basculegion, L50, M|\n|poke|p2|Volcarona, L50, F|\n|teampreview|4\n|j| Elv3r G4larga\n|\n|t:|1730743448\n|start\n|switch|p1a: Grimmsnarl|Grimmsnarl, L50, M|100\/100\n|switch|p1b: Archaludon|Archaludon, L50, M|100\/100\n|switch|p2a: Volcarona|Volcarona, L50, F|100\/100\n|switch|p2b: Slim Shady|Sneasler, L50, F|100\/100\n|turn|1\n|\n|t:|1730743474\n|-terastallize|p1b: Archaludon|Electric\n|move|p1a: Grimmsnarl|Reflect|p1a: Grimmsnarl\n|-sidestart|p1: CabbageConnoisseur|Reflect\n|move|p2b: Slim Shady|Dire Claw|p1a: Grimmsnarl\n|-supereffective|p1a: Grimmsnarl\n|-damage|p1a: Grimmsnarl|48\/100\n|move|p2a: Volcarona|Quiver Dance|p2a: Volcarona\n|-boost|p2a: Volcarona|spa|1\n|-boost|p2a: Volcarona|spd|1\n|-boost|p2a: Volcarona|spe|1\n|move|p1b: Archaludon|Electro Shot||[still]\n|-prepare|p1b: Archaludon|Electro Shot\n|-boost|p1b: Archaludon|spa|1\n|-enditem|p1b: Archaludon|Power Herb\n|-anim|p1b: Archaludon|Electro Shot|p2b: Slim Shady\n|-damage|p2b: Slim Shady|0 fnt\n|faint|p2b: Slim Shady\n|\n|upkeep\n|\n|t:|1730743497\n|switch|p2b: VEGETA|Basculegion, L50, M|100\/100\n|turn|2\n|\n|t:|1730743508\n|switch|p2b: MeganTheeStallion|Indeedee-F, L50, F|100\/100\n|-fieldstart|move: Psychic Terrain|[from] ability: Psychic Surge|[of] p2b: MeganTheeStallion\n|move|p1a: Grimmsnarl|Thunder Wave|p2a: Volcarona\n|-activate|p2a: Volcarona|move: Psychic Terrain\n|move|p2a: Volcarona|Heat Wave|p1a: Grimmsnarl|[spread] p1a,p1b\n|-damage|p1a: Grimmsnarl|0 fnt\n|-damage|p1b: Archaludon|38\/100\n|faint|p1a: Grimmsnarl\n|move|p1b: Archaludon|Thunderbolt|p2b: MeganTheeStallion\n|-damage|p2b: MeganTheeStallion|37\/100\n|\n|upkeep\n|\n|t:|1730743518\n|switch|p1a: Magmar|Magmar, L50, F|100\/100\n|turn|3\n|\n|t:|1730743539\n|move|p1b: Archaludon|Protect|p1b: Archaludon\n|-singleturn|p1b: Archaludon|Protect\n|move|p2b: MeganTheeStallion|Follow Me|p2b: MeganTheeStallion\n|-singleturn|p2b: MeganTheeStallion|move: Follow Me\n|move|p2a: Volcarona|Heat Wave|p1a: Magmar|[spread] p1a\n|-activate|p1b: Archaludon|move: Protect\n|-resisted|p1a: Magmar\n|-damage|p1a: Magmar|80\/100\n|move|p1a: Magmar|Clear Smog|p2b: MeganTheeStallion\n|-damage|p2b: MeganTheeStallion|26\/100\n|-clearboost|p2b: MeganTheeStallion\n|\n|upkeep\n|turn|4\n|\n|t:|1730743558\n|move|p2b: MeganTheeStallion|Follow Me|p2b: MeganTheeStallion\n|-singleturn|p2b: MeganTheeStallion|move: Follow Me\n|move|p2a: Volcarona|Heat Wave|p1a: Magmar|[spread] p1a,p1b\n|-resisted|p1a: Magmar\n|-damage|p1a: Magmar|60\/100\n|-damage|p1b: Archaludon|0 fnt\n|faint|p1b: Archaludon\n|move|p1a: Magmar|Clear Smog|p2b: MeganTheeStallion\n|-damage|p2b: MeganTheeStallion|16\/100\n|-clearboost|p2b: MeganTheeStallion\n|\n|upkeep\n|\n|t:|1730743563\n|switch|p1b: Ninetales|Ninetales-Alola, L50, M|100\/100\n|-weather|Snow|[from] ability: Snow Warning|[of] p1b: Ninetales\n|turn|5\n|\n|t:|1730743583\n|move|p2a: Volcarona|Heat Wave|p1b: Ninetales|[spread] p1a,p1b\n|-resisted|p1a: Magmar\n|-supereffective|p1b: Ninetales\n|-damage|p1a: Magmar|41\/100\n|-damage|p1b: Ninetales|0 fnt\n|faint|p1b: Ninetales\n|move|p1a: Magmar|Heat Wave|p2a: Volcarona|[spread] p2a,p2b\n|-damage|p2a: Volcarona|85\/100\n|-damage|p2b: MeganTheeStallion|0 fnt\n|faint|p2b: MeganTheeStallion\n|\n|-weather|Snow|[upkeep]\n|upkeep\n|\n|t:|1730743594\n|switch|p2b: VEGETA|Basculegion, L50, M|100\/100\n|turn|6\n|-message|CabbageConnoisseur forfeited.\n|\n|win|greenlightdmp\n|raw|CabbageConnoisseur's rating: 1703 &rarr; <strong>1683<\/strong><br \/>(-20 for losing)\n|raw|greenlightdmp's rating: 1706 &rarr; <strong>1726<\/strong><br \/>(+20 for winning)\n|l|\u203dCabbageConnoisseur\n|player|p1|\n|l|\u2606greenlightdmp\n|player|p2|\n","uploadtime":1730743858,"views":20,"formatid":"gen9vgc2024regh","rating":1683,"private":0,"password":null}