{"id":"gen9vgc2024regh-2237987400","format":"[Gen 9] VGC 2024 Reg H","players":["RocksTheRock","jhyjhyt"],"log":"|j|\u2606RocksTheRock\n|j|\u2606jhyjhyt\n|t:|1730827859\n|gametype|doubles\n|player|p1|RocksTheRock|red|1689\n|player|p2|jhyjhyt|101|1729\n|teamsize|p1|6\n|teamsize|p2|6\n|gen|9\n|tier|[Gen 9] VGC 2024 Reg H\n|rated|\n|rule|Species Clause: Limit one of each Pok\u00e9mon\n|rule|Item Clause: Limit 1 of each item\n|clearpoke\n|poke|p1|Indeedee-F, L50, F|\n|poke|p1|Torkoal, L50, M|\n|poke|p1|Gallade, L50, M|\n|poke|p1|Ursaluna, L50, F|\n|poke|p1|Exeggutor, L50, F|\n|poke|p1|Hatterene, L50, F|\n|poke|p2|Dondozo, L50, M|\n|poke|p2|Tatsugiri, L50, M|\n|poke|p2|Pelipper, L50, M|\n|poke|p2|Archaludon, L50, M|\n|poke|p2|Amoonguss, L50, M|\n|poke|p2|Murkrow, L50, M|\n|teampreview|4\n|inactive|Battle timer is ON: inactive players will automatically lose when time's up. (requested by RocksTheRock)\n|j| SnackmanAndi\n|inactive|RocksTheRock has 60 seconds left.\n|inactive|jhyjhyt has 60 seconds left.\n|\n|t:|1730827910\n|start\n|switch|p1a: Hatterene|Hatterene, L50, F|100\/100\n|switch|p1b: Indeedee|Indeedee-F, L50, F|100\/100\n|switch|p2a: Dondozo|Dondozo, L50, M|100\/100\n|switch|p2b: Pelipper|Pelipper, L50, M|100\/100\n|-weather|RainDance|[from] ability: Drizzle|[of] p2b: Pelipper\n|-fieldstart|move: Psychic Terrain|[from] ability: Psychic Surge|[of] p1b: Indeedee\n|-enditem|p1b: Indeedee|Psychic Seed\n|-boost|p1b: Indeedee|spd|1|[from] item: Psychic Seed\n|turn|1\n|inactive|RocksTheRock has 30 seconds left.\n|inactive|jhyjhyt has 30 seconds left.\n|inactive|jhyjhyt has 20 seconds left.\n|inactive|jhyjhyt has 15 seconds left.\n|\n|t:|1730827955\n|switch|p2b: Tatsugiri|Tatsugiri, L50, M|100\/100\n|-activate|p2b: Tatsugiri|ability: Commander|[of] p2a: Dondozo\n|-boost|p2a: Dondozo|atk|2\n|-boost|p2a: Dondozo|spa|2\n|-boost|p2a: Dondozo|spe|2\n|-boost|p2a: Dondozo|def|2\n|-boost|p2a: Dondozo|spd|2\n|switch|p1a: Ursaluna|Ursaluna, L50, F|100\/100\n|-terastallize|p1b: Indeedee|Grass\n|-terastallize|p2a: Dondozo|Water\n|move|p2a: Dondozo|Surf|p1b: Indeedee|[spread] p1a,p1b\n|-miss|p2a: Dondozo|p2b: Tatsugiri\n|-supereffective|p1a: Ursaluna\n|-resisted|p1b: Indeedee\n|-damage|p1a: Ursaluna|0 fnt\n|-damage|p1b: Indeedee|50\/100\n|faint|p1a: Ursaluna\n|move|p1b: Indeedee|Trick Room|p1b: Indeedee\n|-fieldstart|move: Trick Room|[of] p1b: Indeedee\n|\n|-weather|RainDance|[upkeep]\n|upkeep\n|j| mr pogostick\n|l| mr pogostick\n|inactive|RocksTheRock has 30 seconds left.\n|\n|t:|1730827981\n|switch|p1a: Gallade|Gallade, L50, M|100\/100\n|turn|2\n|\n|t:|1730827990\n|move|p1b: Indeedee|Helping Hand|p1a: Gallade\n|-singleturn|p1a: Gallade|Helping Hand|[of] p1b: Indeedee\n|move|p1a: Gallade|Sacred Sword|p2a: Dondozo\n|-damage|p2a: Dondozo|17\/100\n|move|p2a: Dondozo|Wave Crash|p1a: Gallade\n|-damage|p1a: Gallade|0 fnt\n|faint|p1a: Gallade\n|-damage|p2a: Dondozo|0 fnt|[from] Recoil\n|faint|p2a: Dondozo\n|\n|-weather|RainDance|[upkeep]\n|upkeep\n|\n|t:|1730828002\n|switch|p2a: Pelipper|Pelipper, L50, M|100\/100\n|switch|p1a: Hatterene|Hatterene, L50, F|100\/100\n|turn|3\n|inactive|RocksTheRock has 30 seconds left.\n|\n|t:|1730828031\n|move|p1a: Hatterene|Expanding Force|p2a: Pelipper|[spread] p2a,p2b\n|-enditem|p2a: Pelipper|Focus Sash\n|-damage|p2a: Pelipper|1\/100\n|-damage|p2b: Tatsugiri|0 fnt\n|faint|p2b: Tatsugiri\n|-damage|p1a: Hatterene|91\/100|[from] item: Life Orb\n|move|p1b: Indeedee|Psychic|p2a: Pelipper\n|-damage|p2a: Pelipper|0 fnt\n|faint|p2a: Pelipper\n|\n|-weather|RainDance|[upkeep]\n|upkeep\n|\n|t:|1730828042\n|switch|p2b: Archaludon|Archaludon, L50, M|100\/100\n|turn|4\n|\n|t:|1730828061\n|move|p1a: Hatterene|Mystical Fire|p2b: Archaludon\n|-crit|p2b: Archaludon\n|-damage|p2b: Archaludon|63\/100\n|-unboost|p2b: Archaludon|spa|1\n|-damage|p1a: Hatterene|81\/100|[from] item: Life Orb\n|move|p1b: Indeedee|Psychic|p2b: Archaludon\n|-resisted|p2b: Archaludon\n|-damage|p2b: Archaludon|39\/100\n|move|p2b: Archaludon|Electro Shot||[still]\n|-prepare|p2b: Archaludon|Electro Shot\n|-boost|p2b: Archaludon|spa|1\n|-anim|p2b: Archaludon|Electro Shot|p1a: Hatterene\n|-damage|p1a: Hatterene|33\/100\n|\n|-weather|RainDance|[upkeep]\n|upkeep\n|turn|5\n|l| SnackmanAndi\n|inactive|jhyjhyt has 30 seconds left.\n|-message|jhyjhyt forfeited.\n|\n|win|RocksTheRock\n|raw|RocksTheRock's rating: 1689 &rarr; <strong>1711<\/strong><br \/>(+22 for winning)\n|raw|jhyjhyt's rating: 1729 &rarr; <strong>1707<\/strong><br \/>(-22 for losing)\n|l|\u2606jhyjhyt\n|player|p2|\n|l|\u2606RocksTheRock\n|player|p1|\n","uploadtime":1730828338,"views":23,"formatid":"gen9vgc2024regh","rating":1707,"private":0,"password":null}