{"id":"gen9vgc2024regh-2237817978","format":"[Gen 9] VGC 2024 Reg H","players":["wogusl","htotoT"],"log":"|j|\u2606wogusl\n|j|\u2606htotoT\n|t:|1730809761\n|gametype|doubles\n|player|p1|wogusl|rosa|1710\n|player|p2|htotoT|101|1691\n|teamsize|p1|6\n|teamsize|p2|6\n|gen|9\n|tier|[Gen 9] VGC 2024 Reg H\n|rated|\n|rule|Species Clause: Limit one of each Pok\u00e9mon\n|rule|Item Clause: Limit 1 of each item\n|clearpoke\n|poke|p1|Grimmsnarl, L50, M|\n|poke|p1|Gholdengo, L50|\n|poke|p1|Dragonite, L50, F|\n|poke|p1|Ursaluna-Bloodmoon, L50, M|\n|poke|p1|Maushold, L50|\n|poke|p1|Basculegion, L50, M|\n|poke|p2|Gholdengo, L50|\n|poke|p2|Murkrow, L50, F|\n|poke|p2|Pelipper, L50, M|\n|poke|p2|Archaludon, L50, M|\n|poke|p2|Amoonguss, L50, F|\n|poke|p2|Basculegion-F, L50, F|\n|teampreview|4\n|inactive|Battle timer is ON: inactive players will automatically lose when time's up. (requested by htotoT)\n|inactive|wogusl also wants the timer to be on.\n|inactive|wogusl has 60 seconds left.\n|\n|t:|1730809793\n|start\n|switch|p1a: Maushold|Maushold, L50, shiny|100\/100\n|switch|p1b: Ursaluna|Ursaluna-Bloodmoon, L50, M|100\/100\n|switch|p2a: Murkrow|Murkrow, L50, F|100\/100\n|switch|p2b: Gholdengo|Gholdengo, L50|100\/100\n|turn|1\n|\n|t:|1730809802\n|-terastallize|p2b: Gholdengo|Steel\n|move|p2a: Murkrow|Tailwind|p2a: Murkrow\n|-sidestart|p2: htotoT|move: Tailwind\n|move|p2b: Gholdengo|Make It Rain|p1a: Maushold|[spread] p1a,p1b\n|-damage|p1a: Maushold|0 fnt\n|-damage|p1b: Ursaluna|49\/100\n|-unboost|p2b: Gholdengo|spa|1\n|faint|p1a: Maushold\n|move|p1b: Ursaluna|Earth Power|p2b: Gholdengo\n|-supereffective|p2b: Gholdengo\n|-damage|p2b: Gholdengo|0 fnt\n|faint|p2b: Gholdengo\n|\n|upkeep\n|\n|t:|1730809822\n|switch|p2b: Archaludon|Archaludon, L50, M|100\/100\n|switch|p1a: Gholdengo|Gholdengo, L50, shiny|100\/100\n|turn|2\n|\n|t:|1730809832\n|move|p2b: Archaludon|Aura Sphere|p1b: Ursaluna\n|-supereffective|p1b: Ursaluna\n|-damage|p1b: Ursaluna|13\/100\n|move|p2a: Murkrow|Foul Play|p1b: Ursaluna\n|-damage|p1b: Ursaluna|0 fnt\n|faint|p1b: Ursaluna\n|move|p1a: Gholdengo|Thunderbolt|p2a: Murkrow\n|-supereffective|p2a: Murkrow\n|-damage|p2a: Murkrow|27\/100\n|-damage|p1a: Gholdengo|91\/100|[from] item: Life Orb\n|\n|upkeep\n|\n|t:|1730809838\n|switch|p1b: Basculegion|Basculegion, L50, M, shiny|100\/100\n|turn|3\n|\n|t:|1730809847\n|switch|p2a: Pelipper|Pelipper, L50, M|100\/100\n|-weather|RainDance|[from] ability: Drizzle|[of] p2a: Pelipper\n|-terastallize|p1a: Gholdengo|Fighting\n|move|p1b: Basculegion|Aqua Jet|p2a: Pelipper\n|-resisted|p2a: Pelipper\n|-damage|p2a: Pelipper|74\/100\n|move|p2b: Archaludon|Electro Shot||[still]\n|-prepare|p2b: Archaludon|Electro Shot\n|-boost|p2b: Archaludon|spa|1\n|-anim|p2b: Archaludon|Electro Shot|p1b: Basculegion\n|-supereffective|p1b: Basculegion\n|-enditem|p1b: Basculegion|Focus Sash\n|-damage|p1b: Basculegion|1\/100\n|move|p1a: Gholdengo|Tera Blast|p2b: Archaludon|[anim] Tera Blast Fighting\n|-supereffective|p2b: Archaludon\n|-damage|p2b: Archaludon|0 fnt\n|faint|p2b: Archaludon\n|-damage|p1a: Gholdengo|82\/100|[from] item: Life Orb\n|\n|-weather|RainDance|[upkeep]\n|upkeep\n|\n|t:|1730809865\n|switch|p2b: Murkrow|Murkrow, L50, F|27\/100\n|turn|4\n|inactive|htotoT has 30 seconds left.\n|\n|t:|1730809892\n|move|p2b: Murkrow|Quash|p1b: Basculegion\n|-activate|p1b: Basculegion|move: Quash\n|move|p2a: Pelipper|Hurricane|p1b: Basculegion\n|-damage|p1b: Basculegion|0 fnt\n|faint|p1b: Basculegion\n|move|p1a: Gholdengo|Thunderbolt|p2a: Pelipper\n|-supereffective|p2a: Pelipper\n|-damage|p2a: Pelipper|0 fnt\n|faint|p2a: Pelipper\n|-damage|p1a: Gholdengo|72\/100|[from] item: Life Orb\n|\n|-weather|RainDance|[upkeep]\n|-sideend|p2: htotoT|move: Tailwind\n|upkeep\n|turn|5\n|-message|htotoT forfeited.\n|\n|win|wogusl\n|raw|wogusl's rating: 1710 &rarr; <strong>1729<\/strong><br \/>(+19 for winning)\n|raw|htotoT's rating: 1691 &rarr; <strong>1672<\/strong><br \/>(-19 for losing)\n|l|\u2606htotoT\n|player|p2|\n|l|\u2606wogusl\n|player|p1|\n","uploadtime":1730810058,"views":19,"formatid":"gen9vgc2024regh","rating":1672,"private":0,"password":null}