{"id":"gen9vgc2024regh-2237890873","format":"[Gen 9] VGC 2024 Reg H","players":["jhyjhyt","maya ayasato"],"log":"|j|\u2606jhyjhyt\n|j|\u2606maya ayasato\n|t:|1730818371\n|gametype|doubles\n|player|p1|jhyjhyt|102|1708\n|player|p2|maya ayasato|cynthia|1788\n|teamsize|p1|6\n|teamsize|p2|6\n|gen|9\n|tier|[Gen 9] VGC 2024 Reg H\n|rated|\n|rule|Species Clause: Limit one of each Pok\u00e9mon\n|rule|Item Clause: Limit 1 of each item\n|clearpoke\n|poke|p1|Dondozo, L50, F|\n|poke|p1|Tatsugiri, L50, F|\n|poke|p1|Pelipper, L50, F|\n|poke|p1|Archaludon, L50, F|\n|poke|p1|Amoonguss, L50, F|\n|poke|p1|Murkrow, L50, M|\n|poke|p2|Gholdengo, L50|\n|poke|p2|Annihilape, L50, F|\n|poke|p2|Maushold, L50|\n|poke|p2|Dondozo, L50, F|\n|poke|p2|Murkrow, L50, M|\n|poke|p2|Tatsugiri, L50, F|\n|teampreview|4\n|inactive|Battle timer is ON: inactive players will automatically lose when time's up. (requested by jhyjhyt)\n|\n|t:|1730818385\n|start\n|switch|p1a: Dondozo|Dondozo, L50, F|100\/100\n|switch|p1b: Pelipper|Pelipper, L50, F|100\/100\n|switch|p2a: Annihilape|Annihilape, L50, F|100\/100\n|switch|p2b: Maushold|Maushold, L50|100\/100\n|-weather|RainDance|[from] ability: Drizzle|[of] p1b: Pelipper\n|turn|1\n|inactive|maya ayasato has 30 seconds left.\n|\n|t:|1730818416\n|switch|p1b: Tatsugiri|Tatsugiri, L50, F|100\/100\n|-activate|p1b: Tatsugiri|ability: Commander|[of] p1a: Dondozo\n|-boost|p1a: Dondozo|atk|2\n|-boost|p1a: Dondozo|spa|2\n|-boost|p1a: Dondozo|spe|2\n|-boost|p1a: Dondozo|def|2\n|-boost|p1a: Dondozo|spd|2\n|-terastallize|p1a: Dondozo|Water\n|move|p2b: Maushold|Population Bomb|p1a: Dondozo\n|-damage|p1a: Dondozo|96\/100\n|-damage|p1a: Dondozo|92\/100\n|-damage|p1a: Dondozo|88\/100\n|-damage|p1a: Dondozo|83\/100\n|-damage|p1a: Dondozo|79\/100\n|-damage|p1a: Dondozo|75\/100\n|-damage|p1a: Dondozo|70\/100\n|-damage|p1a: Dondozo|66\/100\n|-damage|p1a: Dondozo|61\/100\n|-damage|p1a: Dondozo|57\/100\n|-hitcount|p1a: Dondozo|10\n|move|p1a: Dondozo|Surf|p2a: Annihilape|[spread] p2a,p2b\n|-miss|p1a: Dondozo|p1b: Tatsugiri\n|-crit|p2a: Annihilape\n|-damage|p2a: Annihilape|0 fnt\n|-damage|p2b: Maushold|0 fnt\n|faint|p2a: Annihilape\n|faint|p2b: Maushold\n|\n|-weather|RainDance|[upkeep]\n|upkeep\n|inactive|maya ayasato has 30 seconds left.\n|\n|t:|1730818443\n|switch|p2b: Gholdengo|Gholdengo, L50|100\/100\n|switch|p2a: Murkrow|Murkrow, L50, M|100\/100\n|turn|2\n|\n|t:|1730818459\n|move|p2a: Murkrow|Haze|p2a: Murkrow\n|-clearallboost\n|move|p2b: Gholdengo|Thunderbolt|p1a: Dondozo\n|-supereffective|p1a: Dondozo\n|-damage|p1a: Dondozo|0 fnt\n|faint|p1a: Dondozo\n|\n|-weather|RainDance|[upkeep]\n|upkeep\n|\n|t:|1730818467\n|switch|p1a: Murkrow|Murkrow, L50, M|100\/100\n|turn|3\n|\n|t:|1730818475\n|move|p1a: Murkrow|Tailwind|p1a: Murkrow\n|-sidestart|p1: jhyjhyt|move: Tailwind\n|move|p1b: Tatsugiri|Muddy Water|p2a: Murkrow|[spread] p2a,p2b\n|-damage|p2a: Murkrow|39\/100\n|-damage|p2b: Gholdengo|50\/100\n|move|p2b: Gholdengo|Thunderbolt|p1b: Tatsugiri\n|-damage|p1b: Tatsugiri|39\/100\n|move|p2a: Murkrow|Foul Play|p1b: Tatsugiri\n|-damage|p1b: Tatsugiri|13\/100\n|\n|-weather|RainDance|[upkeep]\n|upkeep\n|turn|4\n|\n|t:|1730818495\n|-terastallize|p2b: Gholdengo|Steel\n|move|p2a: Murkrow|Quash|p1b: Tatsugiri\n|-activate|p1b: Tatsugiri|move: Quash\n|move|p1a: Murkrow|Foul Play|p2b: Gholdengo\n|-damage|p2b: Gholdengo|34\/100\n|move|p2b: Gholdengo|Thunderbolt|p1b: Tatsugiri\n|-damage|p1b: Tatsugiri|0 fnt\n|faint|p1b: Tatsugiri\n|\n|-weather|RainDance|[upkeep]\n|upkeep\n|\n|t:|1730818505\n|switch|p1b: Pelipper|Pelipper, L50, F|100\/100\n|turn|5\n|j| Gambit the king\n|\n|t:|1730818522\n|move|p2a: Murkrow|Tailwind|p2a: Murkrow\n|-sidestart|p2: maya ayasato|move: Tailwind\n|move|p2b: Gholdengo|Thunderbolt|p1b: Pelipper\n|-supereffective|p1b: Pelipper\n|-enditem|p1b: Pelipper|Focus Sash\n|-damage|p1b: Pelipper|1\/100\n|move|p1b: Pelipper|Weather Ball|p2b: Gholdengo\n|-damage|p2b: Gholdengo|0 fnt\n|faint|p2b: Gholdengo\n|move|p1a: Murkrow|Foul Play|p2a: Murkrow\n|-resisted|p2a: Murkrow\n|-damage|p2a: Murkrow|27\/100\n|\n|-weather|none\n|upkeep\n|turn|6\n|\n|t:|1730818542\n|move|p1b: Pelipper|Protect|p1b: Pelipper\n|-singleturn|p1b: Pelipper|Protect\n|move|p1a: Murkrow|Foul Play|p2a: Murkrow\n|-resisted|p2a: Murkrow\n|-crit|p2a: Murkrow\n|-damage|p2a: Murkrow|11\/100\n|move|p2a: Murkrow|Foul Play|p1b: Pelipper\n|-activate|p1b: Pelipper|move: Protect\n|\n|-sideend|p1: jhyjhyt|move: Tailwind\n|upkeep\n|turn|7\n|-message|maya ayasato forfeited.\n|\n|win|jhyjhyt\n|raw|jhyjhyt's rating: 1708 &rarr; <strong>1733<\/strong><br \/>(+25 for winning)\n|raw|maya ayasato's rating: 1788 &rarr; <strong>1763<\/strong><br \/>(-25 for losing)\n|l|\u2606maya ayasato\n|player|p2|\n|l|\u2606jhyjhyt\n|player|p1|\n|l| Gambit the king\n","uploadtime":1730818687,"views":23,"formatid":"gen9vgc2024regh","rating":1733,"private":0,"password":null}