{"id":"gen9vgc2024regh-2237571660","format":"[Gen 9] VGC 2024 Reg H","players":["stbai","caZISA"],"log":"|j|\u2606stbai\n|j|\u2606caZISA\n|t:|1730769772\n|gametype|doubles\n|player|p1|stbai|janitor|1686\n|player|p2|caZISA|red|1728\n|teamsize|p1|6\n|teamsize|p2|6\n|gen|9\n|tier|[Gen 9] VGC 2024 Reg H\n|rated|\n|rule|Species Clause: Limit one of each Pok\u00e9mon\n|rule|Item Clause: Limit 1 of each item\n|clearpoke\n|poke|p1|Tatsugiri, L50, F|\n|poke|p1|Smeargle, L50, M|\n|poke|p1|Pelipper, L50, F|\n|poke|p1|Gholdengo, L50|\n|poke|p1|Archaludon, L50, M|\n|poke|p1|Dondozo, L50, M|\n|poke|p2|Amoonguss, L50, F|\n|poke|p2|Incineroar, L50, F|\n|poke|p2|Pelipper, L50, M|\n|poke|p2|Archaludon, L50, M|\n|poke|p2|Ursaluna, L50, M|\n|poke|p2|Gothitelle, L50, M|\n|teampreview|4\n|inactive|Battle timer is ON: inactive players will automatically lose when time's up. (requested by stbai)\n|\n|t:|1730769788\n|start\n|switch|p1a: Smeargle|Smeargle, L50, M|100\/100\n|switch|p1b: Dondozo|Dondozo, L50, M|100\/100\n|switch|p2a: Tigre To\u00f1o|Incineroar, L50, F, shiny|100\/100\n|switch|p2b: Vanessa|Gothitelle, L50, M|100\/100\n|-ability|p2a: Tigre To\u00f1o|Intimidate|boost\n|-unboost|p1a: Smeargle|atk|1\n|-unboost|p1b: Dondozo|atk|1\n|turn|1\n|\n|t:|1730769798\n|-terastallize|p1a: Smeargle|Ghost\n|move|p2a: Tigre To\u00f1o|Fake Out|p1a: Smeargle\n|-immune|p1a: Smeargle\n|move|p1a: Smeargle|Simple Beam|p1b: Dondozo\n|-endability|p1b: Dondozo|Unaware|[from] move: Simple Beam\n|-ability|p1b: Dondozo|Simple|[from] move: Simple Beam\n|move|p1b: Dondozo|Substitute|p1b: Dondozo\n|-start|p1b: Dondozo|Substitute\n|-damage|p1b: Dondozo|75\/100\n|move|p2b: Vanessa|Trick Room|p2b: Vanessa\n|-fieldstart|move: Trick Room|[of] p2b: Vanessa\n|\n|-heal|p1b: Dondozo|82\/100|[from] item: Leftovers\n|-ability|p1a: Smeargle|Moody|boost\n|-boost|p1a: Smeargle|spe|2\n|-unboost|p1a: Smeargle|spa|1\n|upkeep\n|turn|2\n|\n|t:|1730769809\n|move|p1b: Dondozo|Protect|p1b: Dondozo\n|-singleturn|p1b: Dondozo|Protect\n|move|p2b: Vanessa|Psychic|p1b: Dondozo\n|-activate|p1b: Dondozo|move: Protect\n|move|p2a: Tigre To\u00f1o|Parting Shot|p1b: Dondozo\n|-activate|p1b: Dondozo|move: Protect\n|move|p1a: Smeargle|Salt Cure|p2b: Vanessa\n|-damage|p2b: Vanessa|98\/100\n|-start|p2b: Vanessa|Salt Cure\n|\n|-heal|p1b: Dondozo|88\/100|[from] item: Leftovers\n|-damage|p2b: Vanessa|86\/100|[from] Salt Cure\n|-ability|p1a: Smeargle|Moody|boost\n|-boost|p1a: Smeargle|atk|2\n|-unboost|p1a: Smeargle|spe|1\n|upkeep\n|turn|3\n|\n|t:|1730769826\n|switch|p2b: Toad|Amoonguss, L50, F|100\/100\n|switch|p1a: Tatsugiri|Tatsugiri, L50, F|100\/100\n|-activate|p1a: Tatsugiri|ability: Commander|[of] p1b: Dondozo\n|-boost|p1b: Dondozo|atk|4\n|-boost|p1b: Dondozo|spa|4\n|-boost|p1b: Dondozo|spe|4\n|-boost|p1b: Dondozo|def|4\n|-boost|p1b: Dondozo|spd|4\n|move|p2a: Tigre To\u00f1o|Parting Shot|p1b: Dondozo\n|-unboost|p1b: Dondozo|atk|2\n|-unboost|p1b: Dondozo|spa|2\n|\n|t:|1730769836\n|switch|p2a: Freddy|Ursaluna, L50, M|100\/100|[from] Parting Shot\n|move|p1b: Dondozo|Order Up|p2a: Freddy\n|-damage|p2a: Freddy|73\/100\n|-boost|p1b: Dondozo|atk|2\n|\n|-heal|p1b: Dondozo|94\/100|[from] item: Leftovers\n|-status|p2a: Freddy|brn|[from] item: Flame Orb\n|upkeep\n|turn|4\n|\n|t:|1730769844\n|move|p2b: Toad|Spore||[still]\n|-fail|p2b: Toad\n|move|p2a: Freddy|Facade|p1b: Dondozo\n|-end|p1b: Dondozo|Substitute\n|move|p1b: Dondozo|Order Up|p2b: Toad\n|-damage|p2b: Toad|43\/100\n|-boost|p1b: Dondozo|atk|2\n|\n|-heal|p1b: Dondozo|99\/100|[from] item: Leftovers\n|-damage|p2a: Freddy|68\/100 brn|[from] brn\n|upkeep\n|turn|5\n|\n|t:|1730769851\n|switch|p2a: Tigre To\u00f1o|Incineroar, L50, F, shiny|100\/100\n|-ability|p2a: Tigre To\u00f1o|Intimidate|boost\n|-unboost|p1a: Tatsugiri|atk|1\n|-unboost|p1b: Dondozo|atk|2\n|move|p1b: Dondozo|Protect|p1b: Dondozo\n|-singleturn|p1b: Dondozo|Protect\n|move|p2b: Toad|Spore|p1b: Dondozo\n|-activate|p1b: Dondozo|move: Protect\n|\n|-heal|p1b: Dondozo|100\/100|[from] item: Leftovers\n|-fieldend|move: Trick Room\n|upkeep\n|turn|6\n|\n|t:|1730769858\n|move|p2a: Tigre To\u00f1o|Fake Out|p1b: Dondozo\n|-damage|p1b: Dondozo|97\/100\n|cant|p1b: Dondozo|flinch\n|move|p2b: Toad|Spore|p1b: Dondozo\n|-status|p1b: Dondozo|slp|[from] move: Spore\n|\n|-heal|p1b: Dondozo|100\/100 slp|[from] item: Leftovers\n|upkeep\n|turn|7\n|\n|t:|1730769864\n|switch|p2a: Vanessa|Gothitelle, L50, M|86\/100\n|cant|p1b: Dondozo|slp\n|move|p2b: Toad|Clear Smog|p1b: Dondozo\n|-damage|p1b: Dondozo|95\/100 slp\n|-clearboost|p1b: Dondozo\n|\n|-heal|p1b: Dondozo|100\/100 slp|[from] item: Leftovers\n|upkeep\n|turn|8\n|\n|t:|1730769869\n|switch|p2b: Tigre To\u00f1o|Incineroar, L50, F, shiny|100\/100\n|-ability|p2b: Tigre To\u00f1o|Intimidate|boost\n|-unboost|p1a: Tatsugiri|atk|1\n|-unboost|p1b: Dondozo|atk|2\n|-curestatus|p1b: Dondozo|slp|[msg]\n|move|p1b: Dondozo|Substitute|p1b: Dondozo\n|-start|p1b: Dondozo|Substitute\n|-damage|p1b: Dondozo|75\/100\n|move|p2a: Vanessa|Trick Room|p2a: Vanessa\n|-fieldstart|move: Trick Room|[of] p2a: Vanessa\n|\n|-heal|p1b: Dondozo|82\/100|[from] item: Leftovers\n|upkeep\n|turn|9\n|\n|t:|1730769878\n|move|p1b: Dondozo|Order Up|p2a: Vanessa\n|-damage|p2a: Vanessa|75\/100\n|-boost|p1b: Dondozo|atk|2\n|move|p2a: Vanessa|Psychic|p1b: Dondozo\n|-end|p1b: Dondozo|Substitute\n|move|p2b: Tigre To\u00f1o|Parting Shot|p1b: Dondozo\n|-unboost|p1b: Dondozo|atk|2\n|-unboost|p1b: Dondozo|spa|2\n|\n|t:|1730769886\n|switch|p2b: Freddy|Ursaluna, L50, M|68\/100 brn|[from] Parting Shot\n|\n|-heal|p1b: Dondozo|88\/100|[from] item: Leftovers\n|-damage|p2b: Freddy|62\/100 brn|[from] brn\n|upkeep\n|turn|10\n|\n|t:|1730769891\n|move|p1b: Dondozo|Protect|p1b: Dondozo\n|-singleturn|p1b: Dondozo|Protect\n|move|p2b: Freddy|Facade|p1b: Dondozo\n|-activate|p1b: Dondozo|move: Protect\n|move|p2a: Vanessa|Psychic|p1a: Tatsugiri|[miss]\n|-miss|p2a: Vanessa|p1a: Tatsugiri\n|\n|-heal|p1b: Dondozo|94\/100|[from] item: Leftovers\n|-damage|p2b: Freddy|56\/100 brn|[from] brn\n|upkeep\n|turn|11\n|\n|t:|1730769896\n|move|p2b: Freddy|Facade|p1b: Dondozo\n|-damage|p1b: Dondozo|10\/100\n|move|p1b: Dondozo|Order Up|p2b: Freddy\n|-damage|p2b: Freddy|47\/100 brn\n|-boost|p1b: Dondozo|atk|2\n|move|p2a: Vanessa|Psychic|p1b: Dondozo\n|-damage|p1b: Dondozo|0 fnt\n|faint|p1b: Dondozo\n|\n|-damage|p2b: Freddy|41\/100 brn|[from] brn\n|upkeep\n|\n|t:|1730769900\n|switch|p1b: Smeargle|Smeargle, L50, M, tera:Ghost|100\/100\n|turn|12\n|\n|t:|1730769907\n|-terastallize|p2b: Freddy|Ghost\n|move|p2a: Vanessa|Protect|p2a: Vanessa\n|-singleturn|p2a: Vanessa|Protect\n|move|p1b: Smeargle|Baneful Bunker|p1b: Smeargle\n|-singleturn|p1b: Smeargle|move: Protect\n|move|p2b: Freddy|Earthquake|p1a: Tatsugiri|[spread] p1a\n|-activate|p2a: Vanessa|move: Protect\n|-activate|p1b: Smeargle|move: Protect\n|-damage|p1a: Tatsugiri|0 fnt\n|faint|p1a: Tatsugiri\n|\n|-damage|p2b: Freddy|35\/100 brn|[from] brn\n|-fieldend|move: Trick Room\n|-ability|p1b: Smeargle|Moody|boost\n|-boost|p1b: Smeargle|def|2\n|-unboost|p1b: Smeargle|atk|1\n|upkeep\n|\n|t:|1730769915\n|switch|p1a: Archaludon|Archaludon, L50, M|100\/100\n|turn|13\n|\n|t:|1730769925\n|switch|p2b: Tigre To\u00f1o|Incineroar, L50, F, shiny|100\/100\n|-ability|p2b: Tigre To\u00f1o|Intimidate|boost\n|-unboost|p1a: Archaludon|atk|1\n|-unboost|p1b: Smeargle|atk|1\n|move|p1b: Smeargle|Spore|p2a: Vanessa\n|-status|p2a: Vanessa|slp|[from] move: Spore\n|move|p1a: Archaludon|Electro Shot||[still]\n|-prepare|p1a: Archaludon|Electro Shot\n|-boost|p1a: Archaludon|spa|1\n|-enditem|p1a: Archaludon|Power Herb\n|-anim|p1a: Archaludon|Electro Shot|p2b: Tigre To\u00f1o\n|-damage|p2b: Tigre To\u00f1o|41\/100\n|cant|p2a: Vanessa|slp\n|\n|-ability|p1b: Smeargle|Moody|boost\n|-boost|p1b: Smeargle|spa|2\n|-unboost|p1b: Smeargle|atk|1\n|upkeep\n|turn|14\n|\n|t:|1730769939\n|move|p1b: Smeargle|Spore|p2b: Tigre To\u00f1o\n|-activate|p2b: Tigre To\u00f1o|item: Safety Goggles|Spore\n|move|p1a: Archaludon|Body Press|p2b: Tigre To\u00f1o\n|-supereffective|p2b: Tigre To\u00f1o\n|-damage|p2b: Tigre To\u00f1o|1\/100\n|move|p2b: Tigre To\u00f1o|Parting Shot|p1a: Archaludon\n|-unboost|p1a: Archaludon|atk|1\n|-unboost|p1a: Archaludon|spa|1\n|\n|t:|1730769944\n|switch|p2b: Toad|Amoonguss, L50, F|77\/100|[from] Parting Shot\n|-curestatus|p2a: Vanessa|slp|[msg]\n|move|p2a: Vanessa|Trick Room|p2a: Vanessa\n|-fieldstart|move: Trick Room|[of] p2a: Vanessa\n|\n|-ability|p1b: Smeargle|Moody|boost\n|-boost|p1b: Smeargle|def|2\n|-unboost|p1b: Smeargle|spe|1\n|upkeep\n|turn|15\n|\n|t:|1730769953\n|switch|p2a: Freddy|Ursaluna, L50, M, tera:Ghost|35\/100 brn\n|move|p1a: Archaludon|Protect|p1a: Archaludon\n|-singleturn|p1a: Archaludon|Protect\n|move|p2b: Toad|Spore|p1a: Archaludon\n|-activate|p1a: Archaludon|move: Protect\n|move|p1b: Smeargle|Spore||[still]\n|-fail|p1b: Smeargle\n|\n|-damage|p2a: Freddy|29\/100 brn|[from] brn\n|-ability|p1b: Smeargle|Moody|boost\n|-boost|p1b: Smeargle|def|2\n|-unboost|p1b: Smeargle|spe|1\n|upkeep\n|turn|16\n|\n|t:|1730769962\n|move|p1a: Archaludon|Protect||[still]\n|-fail|p1a: Archaludon\n|move|p2b: Toad|Clear Smog|p1b: Smeargle\n|-resisted|p1b: Smeargle\n|-damage|p1b: Smeargle|84\/100\n|-clearboost|p1b: Smeargle\n|move|p2a: Freddy|Headlong Rush|p1a: Archaludon\n|-supereffective|p1a: Archaludon\n|-damage|p1a: Archaludon|0 fnt\n|-unboost|p2a: Freddy|def|1\n|-unboost|p2a: Freddy|spd|1\n|faint|p1a: Archaludon\n|move|p1b: Smeargle|Salt Cure|p2a: Freddy\n|-damage|p2a: Freddy|26\/100 brn\n|-start|p2a: Freddy|Salt Cure\n|\n|-damage|p2a: Freddy|20\/100 brn|[from] brn\n|-damage|p2a: Freddy|8\/100 brn|[from] Salt Cure\n|-ability|p1b: Smeargle|Moody|boost\n|-boost|p1b: Smeargle|def|2\n|-unboost|p1b: Smeargle|spd|1\n|upkeep\n|turn|17\n|\n|t:|1730769972\n|switch|p2b: Tigre To\u00f1o|Incineroar, L50, F, shiny|1\/100\n|-ability|p2b: Tigre To\u00f1o|Intimidate|boost\n|-unboost|p1b: Smeargle|atk|1\n|switch|p2a: Vanessa|Gothitelle, L50, M|75\/100\n|move|p1b: Smeargle|Baneful Bunker||[still]\n|-fail|p1b: Smeargle\n|\n|-ability|p1b: Smeargle|Moody|boost\n|-boost|p1b: Smeargle|def|2\n|-unboost|p1b: Smeargle|spd|1\n|upkeep\n|turn|18\n|\n|t:|1730769979\n|move|p1b: Smeargle|Baneful Bunker|p1b: Smeargle\n|-singleturn|p1b: Smeargle|move: Protect\n|move|p2a: Vanessa|Psychic|p1b: Smeargle\n|-activate|p1b: Smeargle|move: Protect\n|move|p2b: Tigre To\u00f1o|Knock Off|p1b: Smeargle\n|-activate|p1b: Smeargle|move: Protect\n|-status|p2b: Tigre To\u00f1o|psn\n|\n|-damage|p2b: Tigre To\u00f1o|0 fnt|[from] psn\n|faint|p2b: Tigre To\u00f1o\n|-fieldend|move: Trick Room\n|-ability|p1b: Smeargle|Moody|boost\n|-boost|p1b: Smeargle|atk|2\n|-unboost|p1b: Smeargle|def|1\n|upkeep\n|\n|t:|1730769983\n|switch|p2b: Toad|Amoonguss, L50, F|100\/100\n|turn|19\n|\n|t:|1730769990\n|move|p2a: Vanessa|Protect|p2a: Vanessa\n|-singleturn|p2a: Vanessa|Protect\n|move|p1b: Smeargle|Spore|p2a: Vanessa\n|-activate|p2a: Vanessa|move: Protect\n|move|p2b: Toad|Spore|p1b: Smeargle\n|-status|p1b: Smeargle|slp|[from] move: Spore\n|\n|-ability|p1b: Smeargle|Moody|boost\n|-boost|p1b: Smeargle|spa|2\n|-unboost|p1b: Smeargle|spd|1\n|upkeep\n|turn|20\n|\n|t:|1730770005\n|cant|p1b: Smeargle|slp\n|move|p2a: Vanessa|Psychic|p1b: Smeargle\n|-damage|p1b: Smeargle|0 fnt\n|faint|p1b: Smeargle\n|\n|win|caZISA\n|raw|stbai's rating: 1686 &rarr; <strong>1668<\/strong><br \/>(-18 for losing)\n|raw|caZISA's rating: 1728 &rarr; <strong>1746<\/strong><br \/>(+18 for winning)\n|l|\u2606stbai\n|player|p1|\n","uploadtime":1730770207,"views":18,"formatid":"gen9vgc2024regh","rating":1668,"private":0,"password":null}