{"id":"gen9vgc2024regh-2237070809","format":"[Gen 9] VGC 2024 Reg H","players":["2girls1muk_VGC","htotoT"],"log":"|j|\u26062girls1muk_VGC\n|j|\u2606htotoT\n|t:|1730714709\n|gametype|doubles\n|player|p1|2girls1muk_VGC|265|1651\n|player|p2|htotoT|101|1814\n|teamsize|p1|6\n|teamsize|p2|6\n|gen|9\n|tier|[Gen 9] VGC 2024 Reg H\n|rated|\n|rule|Species Clause: Limit one of each Pok\u00e9mon\n|rule|Item Clause: Limit 1 of each item\n|clearpoke\n|poke|p1|Annihilape, L50, M|\n|poke|p1|Dragapult, L50, M|\n|poke|p1|Ursaluna-Bloodmoon, L50, M|\n|poke|p1|Farigiraf, L50, M|\n|poke|p1|Smeargle, L50, M|\n|poke|p1|Torkoal, L50, F|\n|poke|p2|Gholdengo, L50|\n|poke|p2|Murkrow, L50, F|\n|poke|p2|Pelipper, L50, M|\n|poke|p2|Archaludon, L50, M|\n|poke|p2|Amoonguss, L50, F|\n|poke|p2|Basculegion-F, L50, F|\n|teampreview|4\n|inactive|Battle timer is ON: inactive players will automatically lose when time's up. (requested by htotoT)\n|\n|t:|1730714732\n|start\n|switch|p1a: Farigiraf|Farigiraf, L50, M|100\/100\n|switch|p1b: Smeargle|Smeargle, L50, M|100\/100\n|switch|p2a: Gholdengo|Gholdengo, L50|100\/100\n|switch|p2b: Amoonguss|Amoonguss, L50, F|100\/100\n|turn|1\n|\n|t:|1730714753\n|-terastallize|p2a: Gholdengo|Steel\n|move|p1b: Smeargle|Wide Guard|p1b: Smeargle\n|-singleturn|p1b: Smeargle|Wide Guard\n|move|p2a: Gholdengo|Make It Rain|p1a: Farigiraf|[spread] \n|-activate|p1a: Farigiraf|move: Wide Guard\n|-activate|p1b: Smeargle|move: Wide Guard\n|move|p1a: Farigiraf|Psychic Noise|p2b: Amoonguss\n|-supereffective|p2b: Amoonguss\n|-damage|p2b: Amoonguss|48\/100\n|move|p2b: Amoonguss|Spore|p1b: Smeargle\n|-status|p1b: Smeargle|slp|[from] move: Spore\n|\n|upkeep\n|turn|2\n|\n|t:|1730714768\n|move|p2a: Gholdengo|Make It Rain|p1a: Farigiraf|[spread] p1a,p1b\n|-damage|p1a: Farigiraf|1\/100\n|-enditem|p1b: Smeargle|Focus Sash\n|-damage|p1b: Smeargle|1\/100 slp\n|-unboost|p2a: Gholdengo|spa|1\n|cant|p1b: Smeargle|slp\n|move|p2b: Amoonguss|Pollen Puff|p1a: Farigiraf\n|-supereffective|p1a: Farigiraf\n|-damage|p1a: Farigiraf|0 fnt\n|faint|p1a: Farigiraf\n|\n|upkeep\n|\n|t:|1730714773\n|switch|p1a: Ursaluna|Ursaluna-Bloodmoon, L50, M|100\/100\n|turn|3\n|\n|t:|1730714791\n|switch|p2a: Pelipper|Pelipper, L50, M|100\/100\n|-weather|RainDance|[from] ability: Drizzle|[of] p2a: Pelipper\n|-terastallize|p1a: Ursaluna|Normal\n|move|p1a: Ursaluna|Hyper Voice|p2a: Pelipper|[spread] p2a,p2b\n|-damage|p2a: Pelipper|9\/100\n|-damage|p2b: Amoonguss|10\/100\n|cant|p1b: Smeargle|slp\n|move|p2b: Amoonguss|Pollen Puff|p1b: Smeargle\n|-damage|p1b: Smeargle|0 fnt\n|faint|p1b: Smeargle\n|\n|-weather|RainDance|[upkeep]\n|upkeep\n|\n|t:|1730714800\n|switch|p1b: Torkoal|Torkoal, L50, F|100\/100\n|-weather|SunnyDay|[from] ability: Drought|[of] p1b: Torkoal\n|turn|4\n|\n|t:|1730714823\n|switch|p2a: Archaludon|Archaludon, L50, M|100\/100\n|move|p1a: Ursaluna|Hyper Voice|p2a: Archaludon|[spread] p2a,p2b\n|-resisted|p2a: Archaludon\n|-damage|p2a: Archaludon|76\/100\n|-damage|p2b: Amoonguss|0 fnt\n|-ability|p2a: Archaludon|Stamina|boost\n|-boost|p2a: Archaludon|def|1\n|faint|p2b: Amoonguss\n|move|p1b: Torkoal|Eruption|p2a: Archaludon\n|-damage|p2a: Archaludon|0 fnt\n|faint|p2a: Archaludon\n|\n|-weather|SunnyDay|[upkeep]\n|upkeep\n|\n|t:|1730714829\n|switch|p2a: Gholdengo|Gholdengo, L50, tera:Steel|100\/100\n|switch|p2b: Pelipper|Pelipper, L50, M|9\/100\n|-weather|RainDance|[from] ability: Drizzle|[of] p2b: Pelipper\n|turn|5\n|inactive|htotoT has 30 seconds left.\n|\n|t:|1730714855\n|move|p2a: Gholdengo|Make It Rain|p1b: Torkoal|[spread] p1a,p1b\n|-resisted|p1b: Torkoal\n|-damage|p1a: Ursaluna|29\/100\n|-damage|p1b: Torkoal|25\/100\n|-unboost|p2a: Gholdengo|spa|1\n|move|p2b: Pelipper|Weather Ball|p1b: Torkoal\n|-supereffective|p1b: Torkoal\n|-damage|p1b: Torkoal|0 fnt\n|faint|p1b: Torkoal\n|move|p1a: Ursaluna|Earth Power|p2a: Gholdengo\n|-supereffective|p2a: Gholdengo\n|-damage|p2a: Gholdengo|0 fnt\n|faint|p2a: Gholdengo\n|\n|-weather|RainDance|[upkeep]\n|upkeep\n|turn|6\n|\n|t:|1730714874\n|move|p1a: Ursaluna|Vacuum Wave|p2b: Pelipper\n|-resisted|p2b: Pelipper\n|-damage|p2b: Pelipper|0 fnt\n|faint|p2b: Pelipper\n|\n|win|2girls1muk_VGC\n|raw|2girls1muk_VGC's rating: 1651 &rarr; <strong>1680<\/strong><br \/>(+29 for winning)\n|raw|htotoT's rating: 1814 &rarr; <strong>1785<\/strong><br \/>(-29 for losing)\n|l|\u2606htotoT\n|player|p2|\n|l|\u26062girls1muk_VGC\n|player|p1|\n|j|\u26062girls1muk_VGC\n|player|p1|2girls1muk_VGC|265|\n|l|\u26062girls1muk_VGC\n|player|p1|\n|j|\u26062girls1muk_VGC\n|player|p1|2girls1muk_VGC|265|\n|l|\u26062girls1muk_VGC\n|player|p1|\n","uploadtime":1730714930,"views":16,"formatid":"gen9vgc2024regh","rating":1680,"private":0,"password":null}