{"id":"gen9vgc2024regh-2237981317","format":"[Gen 9] VGC 2024 Reg H","players":["iwbyh","jhyjhyt"],"log":"|j|\u2606iwbyh\n|j|\u2606jhyjhyt\n|t:|1730827290\n|gametype|doubles\n|player|p1|iwbyh|cynthia-gen4|1698\n|player|p2|jhyjhyt|101|1733\n|teamsize|p1|6\n|teamsize|p2|6\n|gen|9\n|tier|[Gen 9] VGC 2024 Reg H\n|rated|\n|rule|Species Clause: Limit one of each Pok\u00e9mon\n|rule|Item Clause: Limit 1 of each item\n|clearpoke\n|poke|p1|Indeedee-F, L50, F|\n|poke|p1|Torkoal, L50, F|\n|poke|p1|Dusclops, L50, F|\n|poke|p1|Hatterene, L50, F|\n|poke|p1|Gallade, L50, M|\n|poke|p1|Maushold-Four, L50|\n|poke|p2|Dondozo, L50, F|\n|poke|p2|Tatsugiri, L50, M|\n|poke|p2|Pelipper, L50, M|\n|poke|p2|Archaludon, L50, F|\n|poke|p2|Amoonguss, L50, M|\n|poke|p2|Murkrow, L50, M|\n|teampreview|4\n|\n|t:|1730827337\n|start\n|switch|p1a: Dusclops|Dusclops, L50, F|100\/100\n|switch|p1b: Maushold|Maushold-Four, L50|100\/100\n|switch|p2a: Dondozo|Dondozo, L50, F|100\/100\n|switch|p2b: Pelipper|Pelipper, L50, M|100\/100\n|-weather|RainDance|[from] ability: Drizzle|[of] p2b: Pelipper\n|-item|p2a: Dondozo|Covert Cloak|[from] ability: Frisk|[of] p1a: Dusclops\n|-item|p2b: Pelipper|Focus Sash|[from] ability: Frisk|[of] p1a: Dusclops\n|turn|1\n|inactive|Battle timer is ON: inactive players will automatically lose when time's up. (requested by jhyjhyt)\n|inactive|iwbyh has 60 seconds left.\n|\n|t:|1730827377\n|switch|p2b: Tatsugiri|Tatsugiri, L50, M|100\/100\n|-activate|p2b: Tatsugiri|ability: Commander|[of] p2a: Dondozo\n|-boost|p2a: Dondozo|atk|2\n|-boost|p2a: Dondozo|spa|2\n|-boost|p2a: Dondozo|spe|2\n|-boost|p2a: Dondozo|def|2\n|-boost|p2a: Dondozo|spd|2\n|-terastallize|p2a: Dondozo|Water\n|move|p1b: Maushold|Population Bomb|p2a: Dondozo\n|-damage|p2a: Dondozo|96\/100\n|-damage|p2a: Dondozo|92\/100\n|-crit|p2a: Dondozo\n|-damage|p2a: Dondozo|77\/100\n|-crit|p2a: Dondozo\n|-damage|p2a: Dondozo|64\/100\n|-damage|p2a: Dondozo|60\/100\n|-damage|p2a: Dondozo|56\/100\n|-crit|p2a: Dondozo\n|-damage|p2a: Dondozo|42\/100\n|-damage|p2a: Dondozo|37\/100\n|-damage|p2a: Dondozo|32\/100\n|-damage|p2a: Dondozo|27\/100\n|-hitcount|p2a: Dondozo|10\n|move|p2a: Dondozo|Surf|p1a: Dusclops|[spread] p1a,p1b\n|-miss|p2a: Dondozo|p2b: Tatsugiri\n|-damage|p1a: Dusclops|42\/100\n|-damage|p1b: Maushold|0 fnt\n|faint|p1b: Maushold\n|move|p1a: Dusclops|Trick Room|p1a: Dusclops\n|-fieldstart|move: Trick Room|[of] p1a: Dusclops\n|\n|-weather|RainDance|[upkeep]\n|upkeep\n|inactive|iwbyh has 30 seconds left.\n|inactive|iwbyh has 20 seconds left.\n|\n|t:|1730827417\n|switch|p1b: Gallade|Gallade, L50, M|100\/100\n|turn|2\n|inactive|iwbyh has 30 seconds left.\n|\n|t:|1730827449\n|move|p1a: Dusclops|Night Shade|p2a: Dondozo\n|-damage|p2a: Dondozo|5\/100\n|move|p1b: Gallade|Sacred Sword|p2a: Dondozo\n|-damage|p2a: Dondozo|0 fnt\n|faint|p2a: Dondozo\n|\n|-weather|RainDance|[upkeep]\n|upkeep\n|\n|t:|1730827456\n|switch|p2a: Pelipper|Pelipper, L50, M|100\/100\n|turn|3\n|\n|t:|1730827479\n|move|p1a: Dusclops|Night Shade|p2b: Tatsugiri\n|-damage|p2b: Tatsugiri|66\/100\n|move|p1b: Gallade|Sacred Sword|p2b: Tatsugiri\n|-damage|p2b: Tatsugiri|0 fnt\n|faint|p2b: Tatsugiri\n|move|p2a: Pelipper|Weather Ball|p1b: Gallade\n|-damage|p1b: Gallade|37\/100\n|\n|-weather|RainDance|[upkeep]\n|upkeep\n|\n|t:|1730827494\n|switch|p2b: Archaludon|Archaludon, L50, F|100\/100\n|turn|4\n|inactive|iwbyh has 30 seconds left.\n|\n|t:|1730827523\n|move|p1a: Dusclops|Night Shade|p2a: Pelipper\n|-damage|p2a: Pelipper|64\/100\n|move|p1b: Gallade|Sacred Sword|p2b: Archaludon\n|-supereffective|p2b: Archaludon\n|-damage|p2b: Archaludon|3\/100\n|-ability|p2b: Archaludon|Stamina|boost\n|-boost|p2b: Archaludon|def|1\n|move|p2b: Archaludon|Electro Shot||[still]\n|-prepare|p2b: Archaludon|Electro Shot\n|-boost|p2b: Archaludon|spa|1\n|-anim|p2b: Archaludon|Electro Shot|p1b: Gallade\n|-damage|p1b: Gallade|0 fnt\n|faint|p1b: Gallade\n|move|p2a: Pelipper|Hurricane|p1a: Dusclops\n|-damage|p1a: Dusclops|15\/100\n|\n|-weather|RainDance|[upkeep]\n|upkeep\n|\n|t:|1730827538\n|switch|p1b: Torkoal|Torkoal, L50, F|100\/100\n|-weather|SunnyDay|[from] ability: Drought|[of] p1b: Torkoal\n|turn|5\n|inactive|iwbyh has 30 seconds left.\n|\n|t:|1730827568\n|-terastallize|p1b: Torkoal|Fire\n|move|p2a: Pelipper|Protect|p2a: Pelipper\n|-singleturn|p2a: Pelipper|Protect\n|move|p1b: Torkoal|Weather Ball|p2a: Pelipper\n|-activate|p2a: Pelipper|move: Protect\n|move|p1a: Dusclops|Night Shade|p2b: Archaludon\n|-damage|p2b: Archaludon|0 fnt\n|faint|p2b: Archaludon\n|\n|-weather|SunnyDay|[upkeep]\n|-fieldend|move: Trick Room\n|upkeep\n|turn|6\n|\n|t:|1730827583\n|move|p2a: Pelipper|Hurricane|p1b: Torkoal|[miss]\n|-miss|p2a: Pelipper|p1b: Torkoal\n|move|p1b: Torkoal|Weather Ball|p2a: Pelipper\n|-resisted|p2a: Pelipper\n|-damage|p2a: Pelipper|0 fnt\n|faint|p2a: Pelipper\n|\n|win|iwbyh\n|raw|iwbyh's rating: 1698 &rarr; <strong>1720<\/strong><br \/>(+22 for winning)\n|raw|jhyjhyt's rating: 1733 &rarr; <strong>1711<\/strong><br \/>(-22 for losing)\n|l|\u2606jhyjhyt\n|player|p2|\n|l|\u2606iwbyh\n|player|p1|\n","uploadtime":1730827788,"views":24,"formatid":"gen9vgc2024regh","rating":1711,"private":0,"password":null}