{"id":"gen9vgc2024regh-2237896296","format":"[Gen 9] VGC 2024 Reg H","players":["pokequimico","Omiim"],"log":"|j|\u2606pokequimico\n|j|\u2606Omiim\n|t:|1730818940\n|gametype|doubles\n|player|p1|pokequimico|lucas|1751\n|player|p2|Omiim|102|1737\n|teamsize|p1|6\n|teamsize|p2|6\n|gen|9\n|tier|[Gen 9] VGC 2024 Reg H\n|rated|\n|rule|Species Clause: Limit one of each Pok\u00e9mon\n|rule|Item Clause: Limit 1 of each item\n|clearpoke\n|poke|p1|Sneasler, L50, F|\n|poke|p1|Typhlosion-Hisui, L50, M|\n|poke|p1|Rillaboom, L50, F|\n|poke|p1|Kingambit, L50, M|\n|poke|p1|Dragonite, L50, F|\n|poke|p1|Gastrodon, L50, M|\n|poke|p2|Dondozo, L50, M|\n|poke|p2|Tatsugiri, L50, M|\n|poke|p2|Gholdengo, L50|\n|poke|p2|Dragonite, L50, M|\n|poke|p2|Blaziken, L50, M|\n|poke|p2|Kilowattrel, L50, F|\n|teampreview|4\nOmiim has agreed to open team sheets.\n|inactive|Battle timer is ON: inactive players will automatically lose when time's up. (requested by Omiim)\n|inactive|pokequimico has 60 seconds left.\n|inactive|Omiim has 60 seconds left.\n|j| On Garde!! (Voir)\n|l| On Garde!! (Voir)\n|j| On Garde!! (Voir)\n|\n|t:|1730819002\n|start\n|switch|p1a: Gastrodon|Gastrodon, L50, M|100\/100\n|switch|p1b: Dragonite|Dragonite, L50, F|100\/100\n|switch|p2a: Kilowattrel|Kilowattrel, L50, F|100\/100\n|switch|p2b: Dragonite|Dragonite, L50, M|100\/100\n|turn|1\n|\n|t:|1730819027\n|-terastallize|p1b: Dragonite|Fairy\n|-terastallize|p2b: Dragonite|Normal\n|move|p2b: Dragonite|Extreme Speed|p1a: Gastrodon\n|-damage|p1a: Gastrodon|39\/100\n|move|p2a: Kilowattrel|Tailwind|p2a: Kilowattrel\n|-sidestart|p2: Omiim|move: Tailwind\n|move|p1b: Dragonite|Scale Shot|p2a: Kilowattrel\n|-damage|p2a: Kilowattrel|74\/100\n|-damage|p2a: Kilowattrel|48\/100\n|-damage|p2a: Kilowattrel|21\/100\n|-damage|p2a: Kilowattrel|0 fnt\n|faint|p2a: Kilowattrel\n|-hitcount|p2: Kilowattrel|4\n|-unboost|p1b: Dragonite|def|1\n|-boost|p1b: Dragonite|spe|1\n|move|p1a: Gastrodon|Clear Smog|p2b: Dragonite\n|-damage|p2b: Dragonite|83\/100\n|-clearboost|p2b: Dragonite\n|-damage|p1a: Gastrodon|29\/100|[from] item: Life Orb\n|\n|upkeep\n|\n|t:|1730819041\n|switch|p2a: Gholdengo|Gholdengo, L50|100\/100\n|turn|2\n|\n|t:|1730819065\n|switch|p2b: Blaziken|Blaziken, L50, M|100\/100\n|switch|p1a: Kingambit|Kingambit, L50, M|100\/100\n|move|p1b: Dragonite|Protect|p1b: Dragonite\n|-singleturn|p1b: Dragonite|Protect\n|move|p2a: Gholdengo|Make It Rain|p1a: Kingambit|[spread] p1a\n|-activate|p1b: Dragonite|move: Protect\n|-resisted|p1a: Kingambit\n|-damage|p1a: Kingambit|67\/100\n|-unboost|p2a: Gholdengo|spa|1\n|\n|upkeep\n|turn|3\n|\n|t:|1730819093\n|switch|p1a: Gastrodon|Gastrodon, L50, M|29\/100\n|move|p2b: Blaziken|Vacuum Wave|p1a: Gastrodon\n|-damage|p1a: Gastrodon|0 fnt\n|faint|p1a: Gastrodon\n|-damage|p2b: Blaziken|91\/100|[from] item: Life Orb\n|move|p2a: Gholdengo|Make It Rain|p1b: Dragonite\n|-supereffective|p1b: Dragonite\n|-damage|p1b: Dragonite|41\/100\n|-unboost|p2a: Gholdengo|spa|1\n|move|p1b: Dragonite|Scale Shot|p2b: Blaziken\n|-damage|p2b: Blaziken|72\/100\n|-damage|p2b: Blaziken|50\/100\n|-damage|p2b: Blaziken|28\/100\n|-damage|p2b: Blaziken|6\/100\n|-damage|p2b: Blaziken|0 fnt\n|faint|p2b: Blaziken\n|-hitcount|p2: Blaziken|5\n|-unboost|p1b: Dragonite|def|1\n|-boost|p1b: Dragonite|spe|1\n|\n|upkeep\n|\n|t:|1730819107\n|switch|p2b: Dragonite|Dragonite, L50, M, tera:Normal|83\/100\n|switch|p1a: Kingambit|Kingambit, L50, M|67\/100\n|turn|4\n|inactive|Omiim has 30 seconds left.\n|inactive|Omiim has 20 seconds left.\n|\n|t:|1730819143\n|move|p1b: Dragonite|Extreme Speed|p2b: Dragonite\n|-damage|p2b: Dragonite|58\/100\n|move|p1a: Kingambit|Sucker Punch|p2b: Dragonite\n|-damage|p2b: Dragonite|19\/100\n|move|p2a: Gholdengo|Make It Rain|p1a: Kingambit|[spread] p1a,p1b\n|-resisted|p1a: Kingambit\n|-supereffective|p1b: Dragonite\n|-damage|p1a: Kingambit|49\/100\n|-damage|p1b: Dragonite|0 fnt\n|-unboost|p2a: Gholdengo|spa|1\n|faint|p1b: Dragonite\n|move|p2b: Dragonite|Stomping Tantrum|p1a: Kingambit\n|-supereffective|p1a: Kingambit\n|-crit|p1a: Kingambit\n|-damage|p1a: Kingambit|0 fnt\n|faint|p1a: Kingambit\n|\n|-sideend|p2: Omiim|move: Tailwind\n|upkeep\n|inactive|pokequimico has 30 seconds left.\n|\n|t:|1730819169\n|switch|p1b: Rillaboom|Rillaboom, L50, F|100\/100\n|-fieldstart|move: Grassy Terrain|[from] ability: Grassy Surge|[of] p1b: Rillaboom\n|turn|5\n|\n|t:|1730819174\n|move|p1b: Rillaboom|Grassy Glide|p2b: Dragonite\n|-damage|p2b: Dragonite|0 fnt\n|faint|p2b: Dragonite\n|move|p2a: Gholdengo|Make It Rain|p1b: Rillaboom\n|-damage|p1b: Rillaboom|72\/100\n|-unboost|p2a: Gholdengo|spa|1\n|\n|-heal|p1b: Rillaboom|78\/100|[from] Grassy Terrain\n|upkeep\n|turn|6\n|c|\u2606Omiim|Gg\n|inactive|pokequimico has 30 seconds left.\n|\n|t:|1730819203\n|move|p2a: Gholdengo|Make It Rain|p1b: Rillaboom\n|-damage|p1b: Rillaboom|54\/100\n|-unboost|p2a: Gholdengo|spa|1\n|move|p1b: Rillaboom|High Horsepower|p2a: Gholdengo\n|-supereffective|p2a: Gholdengo\n|-damage|p2a: Gholdengo|33\/100\n|\n|-heal|p2a: Gholdengo|39\/100|[from] Grassy Terrain\n|-heal|p1b: Rillaboom|60\/100|[from] Grassy Terrain\n|upkeep\n|turn|7\n|c|\u2606Omiim|\u0130 need crit\n|\n|t:|1730819222\n|move|p2a: Gholdengo|Make It Rain|p1b: Rillaboom\n|-damage|p1b: Rillaboom|41\/100\n|-unboost|p2a: Gholdengo|spa|1\n|move|p1b: Rillaboom|High Horsepower|p2a: Gholdengo\n|-supereffective|p2a: Gholdengo\n|-damage|p2a: Gholdengo|0 fnt\n|faint|p2a: Gholdengo\n|\n|win|pokequimico\n|raw|pokequimico's rating: 1751 &rarr; <strong>1770<\/strong><br \/>(+19 for winning)\n|raw|Omiim's rating: 1737 &rarr; <strong>1718<\/strong><br \/>(-19 for losing)\n|l| On Garde!! (Voir)\n|c|\u2606pokequimico|Gg\n|l|\u2606pokequimico\n|player|p1|\n","uploadtime":1730819370,"views":22,"formatid":"gen9vgc2024regh","rating":1718,"private":0,"password":null}