{"id":"gen9vgc2024regh-2237437104","format":"[Gen 9] VGC 2024 Reg H","players":["chiitancrazymascot","Allhailhippo"],"log":"|j|\u2606chiitancrazymascot\n|j|\u2606Allhailhippo\n|t:|1730754784\n|gametype|doubles\n|player|p1|chiitancrazymascot|pokemaniac|1678\n|player|p2|Allhailhippo|169|1729\n|teamsize|p1|6\n|teamsize|p2|6\n|gen|9\n|tier|[Gen 9] VGC 2024 Reg H\n|rated|\n|rule|Species Clause: Limit one of each Pok\u00e9mon\n|rule|Item Clause: Limit 1 of each item\n|clearpoke\n|poke|p1|Annihilape, L50, F|\n|poke|p1|Dondozo, L50, M|\n|poke|p1|Maushold-Four, L50|\n|poke|p1|Gholdengo, L50|\n|poke|p1|Whimsicott, L50, F|\n|poke|p1|Tatsugiri, L50, F|\n|poke|p2|Tyranitar, L50, F|\n|poke|p2|Houndstone, L50, F|\n|poke|p2|Whimsicott, L50, F|\n|poke|p2|Gliscor, L50, M|\n|poke|p2|Klefki, L50, M|\n|poke|p2|Garchomp, L50, F|\n|teampreview|4\n|inactive|Battle timer is ON: inactive players will automatically lose when time's up. (requested by Allhailhippo)\n|inactive|chiitancrazymascot also wants the timer to be on.\n|\n|t:|1730754796\n|start\n|switch|p1a: Maushold|Maushold-Four, L50|100\/100\n|switch|p1b: Annihilape|Annihilape, L50, F, shiny|100\/100\n|switch|p2a: Anna|Whimsicott, L50, F|100\/100\n|switch|p2b: Garchomp|Garchomp, L50, F|100\/100\n|turn|1\n|\n|t:|1730754801\n|move|p1a: Maushold|Beat Up|p1b: Annihilape\n|-damage|p1b: Annihilape|99\/100\n|-damage|p1b: Annihilape|97\/100\n|-damage|p1b: Annihilape|94\/100\n|-damage|p1b: Annihilape|93\/100\n|-hitcount|p1b: Annihilape|4\n|move|p2b: Garchomp|Earthquake|p1b: Annihilape|[spread] p2a,p1a,p1b\n|-resisted|p2a: Anna\n|-damage|p2a: Anna|70\/100\n|-damage|p1a: Maushold|31\/100\n|-damage|p1b: Annihilape|58\/100\n|-damage|p2b: Garchomp|91\/100|[from] item: Life Orb\n|move|p2a: Anna|Moonblast|p1b: Annihilape\n|-supereffective|p1b: Annihilape\n|-damage|p1b: Annihilape|20\/100\n|-enditem|p1b: Annihilape|Sitrus Berry|[eat]\n|-heal|p1b: Annihilape|45\/100|[from] item: Sitrus Berry\n|move|p1b: Annihilape|Rage Fist|p2b: Garchomp\n|-damage|p2b: Garchomp|0 fnt\n|-damage|p1b: Annihilape|33\/100|[from] ability: Rough Skin|[of] p2b: Garchomp\n|faint|p2b: Garchomp\n|\n|upkeep\n|\n|t:|1730754821\n|switch|p2b: Good Things|Tyranitar, L50, F|100\/100\n|-weather|Sandstorm|[from] ability: Sand Stream|[of] p2b: Good Things\n|turn|2\n|\n|t:|1730754836\n|-terastallize|p2b: Good Things|Flying\n|move|p1a: Maushold|Follow Me|p1a: Maushold\n|-singleturn|p1a: Maushold|move: Follow Me\n|move|p2a: Anna|Tailwind|p2a: Anna\n|-sidestart|p2: Allhailhippo|move: Tailwind\n|move|p2b: Good Things|Rock Slide|p1a: Maushold|[spread] p1a,p1b\n|-resisted|p1b: Annihilape\n|-damage|p1a: Maushold|0 fnt\n|-damage|p1b: Annihilape|21\/100\n|faint|p1a: Maushold\n|move|p1b: Annihilape|Rage Fist|p2a: Anna\n|-damage|p2a: Anna|0 fnt\n|faint|p2a: Anna\n|\n|-weather|Sandstorm|[upkeep]\n|-damage|p2b: Good Things|95\/100|[from] Sandstorm\n|-damage|p1b: Annihilape|15\/100|[from] Sandstorm\n|upkeep\n|\n|t:|1730754849\n|switch|p1a: Dondozo|Dondozo, L50, M, shiny|100\/100\n|switch|p2a: Rodent|Houndstone, L50, F|100\/100\n|turn|3\n|\n|t:|1730754861\n|switch|p1b: Tatsugiri|Tatsugiri, L50, F, shiny|100\/100\n|-activate|p1b: Tatsugiri|ability: Commander|[of] p1a: Dondozo\n|-boost|p1a: Dondozo|atk|2\n|-boost|p1a: Dondozo|spa|2\n|-boost|p1a: Dondozo|spe|2\n|-boost|p1a: Dondozo|def|2\n|-boost|p1a: Dondozo|spd|2\n|move|p1a: Dondozo|Protect|p1a: Dondozo\n|-singleturn|p1a: Dondozo|Protect\n|move|p2a: Rodent|Will-O-Wisp|p1a: Dondozo\n|-activate|p1a: Dondozo|move: Protect\n|move|p2b: Good Things|Tera Blast|p1b: Tatsugiri|[anim] Tera Blast Flying|[miss]\n|-miss|p2b: Good Things|p1b: Tatsugiri\n|\n|-weather|Sandstorm|[upkeep]\n|-damage|p1b: Tatsugiri|94\/100|[from] Sandstorm\n|-damage|p2b: Good Things|89\/100|[from] Sandstorm\n|-damage|p1a: Dondozo|94\/100|[from] Sandstorm\n|-heal|p1a: Dondozo|100\/100|[from] item: Leftovers\n|upkeep\n|turn|4\n|\n|t:|1730754873\n|move|p2a: Rodent|Will-O-Wisp|p1a: Dondozo\n|-status|p1a: Dondozo|brn\n|move|p2b: Good Things|Knock Off|p1a: Dondozo\n|-damage|p1a: Dondozo|82\/100 brn\n|-enditem|p1a: Dondozo|Leftovers|[from] move: Knock Off|[of] p2b: Good Things\n|move|p1a: Dondozo|Order Up|p2b: Good Things\n|-damage|p2b: Good Things|68\/100\n|-boost|p1a: Dondozo|atk|1\n|\n|-weather|Sandstorm|[upkeep]\n|-damage|p1b: Tatsugiri|88\/100|[from] Sandstorm\n|-damage|p2b: Good Things|62\/100|[from] Sandstorm\n|-damage|p1a: Dondozo|76\/100 brn|[from] Sandstorm\n|-damage|p1a: Dondozo|69\/100 brn|[from] brn\n|upkeep\n|turn|5\n|\n|t:|1730754888\n|move|p1a: Dondozo|Protect|p1a: Dondozo\n|-singleturn|p1a: Dondozo|Protect\n|move|p2a: Rodent|Last Respects|p1a: Dondozo\n|-activate|p1a: Dondozo|move: Protect\n|move|p2b: Good Things|Rock Slide|p1b: Tatsugiri|[spread] \n|-miss|p2b: Good Things|p1b: Tatsugiri\n|-activate|p1a: Dondozo|move: Protect\n|\n|-weather|Sandstorm|[upkeep]\n|-damage|p1b: Tatsugiri|82\/100|[from] Sandstorm\n|-damage|p2b: Good Things|56\/100|[from] Sandstorm\n|-damage|p1a: Dondozo|63\/100 brn|[from] Sandstorm\n|-damage|p1a: Dondozo|57\/100 brn|[from] brn\n|-sideend|p2: Allhailhippo|move: Tailwind\n|upkeep\n|turn|6\n|\n|t:|1730754899\n|move|p2a: Rodent|Last Respects|p1a: Dondozo\n|-damage|p1a: Dondozo|29\/100 brn\n|move|p1a: Dondozo|Order Up|p2b: Good Things\n|-damage|p2b: Good Things|29\/100\n|-boost|p1a: Dondozo|atk|1\n|move|p2b: Good Things|Low Kick|p1a: Dondozo\n|-damage|p1a: Dondozo|13\/100 brn\n|\n|-weather|none\n|-damage|p1a: Dondozo|7\/100 brn|[from] brn\n|upkeep\n|turn|7\n|inactive|Allhailhippo has 30 seconds left.\n|\n|t:|1730754933\n|move|p2a: Rodent|Protect|p2a: Rodent\n|-singleturn|p2a: Rodent|Protect\n|move|p1a: Dondozo|Order Up|p2b: Good Things\n|-damage|p2b: Good Things|0 fnt\n|faint|p2b: Good Things\n|-boost|p1a: Dondozo|atk|1\n|\n|-damage|p1a: Dondozo|1\/100 brn|[from] brn\n|upkeep\n|turn|8\n|\n|t:|1730754954\n|move|p1a: Dondozo|Order Up|p2a: Rodent\n|-damage|p2a: Rodent|45\/100\n|-boost|p1a: Dondozo|atk|1\n|move|p2a: Rodent|Last Respects|p1a: Dondozo\n|-damage|p1a: Dondozo|0 fnt\n|faint|p1a: Dondozo\n|\n|upkeep\n|\n|t:|1730754957\n|switch|p1a: Annihilape|Annihilape, L50, F, shiny|15\/100\n|turn|9\n|\n|t:|1730754973\n|move|p1a: Annihilape|Protect|p1a: Annihilape\n|-singleturn|p1a: Annihilape|Protect\n|move|p1b: Tatsugiri|Icy Wind|p2a: Rodent\n|-damage|p2a: Rodent|23\/100\n|-unboost|p2a: Rodent|spe|1\n|move|p2a: Rodent|Last Respects|p1a: Annihilape\n|-activate|p1a: Annihilape|move: Protect\n|\n|upkeep\n|turn|10\n|-message|Allhailhippo forfeited.\n|\n|win|chiitancrazymascot\n|raw|chiitancrazymascot's rating: 1678 &rarr; <strong>1701<\/strong><br \/>(+23 for winning)\n|raw|Allhailhippo's rating: 1729 &rarr; <strong>1706<\/strong><br \/>(-23 for losing)\n|l|\u2606Allhailhippo\n|player|p2|\n|l|\u2606chiitancrazymascot\n|player|p1|\n","uploadtime":1730754983,"views":29,"formatid":"gen9vgc2024regh","rating":1701,"private":0,"password":null}