{"id":"gen9vgc2024regh-2237485987","format":"[Gen 9] VGC 2024 Reg H","players":["Allhailhippo","oil duck"],"log":"|j|\u2606Allhailhippo\n|j|\u2606oil duck\n|t:|1730759876\n|gametype|doubles\n|player|p1|Allhailhippo|169|1687\n|player|p2|oil duck|swimmer-gen4dp|1686\n|teamsize|p1|6\n|teamsize|p2|6\n|gen|9\n|tier|[Gen 9] VGC 2024 Reg H\n|rated|\n|rule|Species Clause: Limit one of each Pok\u00e9mon\n|rule|Item Clause: Limit 1 of each item\n|clearpoke\n|poke|p1|Tyranitar, L50, M|\n|poke|p1|Houndstone, L50, F|\n|poke|p1|Whimsicott, L50, M|\n|poke|p1|Gliscor, L50, M|\n|poke|p1|Klefki, L50, F|\n|poke|p1|Garchomp, L50, F|\n|poke|p2|Tatsugiri, L50, F|\n|poke|p2|Dondozo, L50, M|\n|poke|p2|Archaludon, L50, F|\n|poke|p2|Pelipper, L50, M|\n|poke|p2|Dragonite, L50, F|\n|poke|p2|Glimmora, L50, M|\n|teampreview|4\n|inactive|Battle timer is ON: inactive players will automatically lose when time's up. (requested by Allhailhippo)\n|\n|t:|1730759897\n|start\n|switch|p1a: Anna|Whimsicott, L50, M|100\/100\n|switch|p1b: Garchomp|Garchomp, L50, F|100\/100\n|switch|p2a: Glimmora|Glimmora, L50, M|100\/100\n|switch|p2b: Dondozo|Dondozo, L50, M, shiny|100\/100\n|turn|1\n|\n|t:|1730759909\n|move|p1a: Anna|Tailwind|p1a: Anna\n|-sidestart|p1: Allhailhippo|move: Tailwind\n|move|p1b: Garchomp|Earthquake|p2a: Glimmora|[spread] p1a,p2a,p2b\n|-resisted|p1a: Anna\n|-crit|p1a: Anna\n|-supereffective|p2a: Glimmora\n|-damage|p1a: Anna|59\/100\n|-enditem|p2a: Glimmora|Focus Sash\n|-damage|p2a: Glimmora|1\/100\n|-damage|p2b: Dondozo|67\/100\n|-activate|p2a: Glimmora|ability: Toxic Debris\n|-sidestart|p1: Allhailhippo|move: Toxic Spikes\n|-damage|p1b: Garchomp|91\/100|[from] item: Life Orb\n|move|p2a: Glimmora|Sludge Bomb|p1a: Anna\n|-supereffective|p1a: Anna\n|-damage|p1a: Anna|0 fnt\n|faint|p1a: Anna\n|move|p2b: Dondozo|Order Up|p1b: Garchomp\n|-supereffective|p1b: Garchomp\n|-damage|p1b: Garchomp|44\/100\n|\n|-heal|p2b: Dondozo|73\/100|[from] item: Leftovers\n|upkeep\n|\n|t:|1730759930\n|switch|p1a: Good Things|Tyranitar, L50, M|100\/100\n|-status|p1a: Good Things|psn\n|-weather|Sandstorm|[from] ability: Sand Stream|[of] p1a: Good Things\n|turn|2\n|\n|t:|1730759952\n|-terastallize|p1a: Good Things|Flying\n|move|p2a: Glimmora|Spiky Shield|p2a: Glimmora\n|-singleturn|p2a: Glimmora|move: Protect\n|move|p2b: Dondozo|Protect|p2b: Dondozo\n|-singleturn|p2b: Dondozo|Protect\n|move|p1b: Garchomp|Dragon Claw|p2a: Glimmora\n|-activate|p2a: Glimmora|move: Protect\n|-damage|p1b: Garchomp|32\/100|[from] Spiky Shield|[of] p2a: Glimmora\n|move|p1a: Good Things|Knock Off|p2b: Dondozo\n|-activate|p2b: Dondozo|move: Protect\n|\n|-weather|Sandstorm|[upkeep]\n|-damage|p1a: Good Things|95\/100 psn|[from] Sandstorm\n|-damage|p2b: Dondozo|67\/100|[from] Sandstorm\n|-heal|p2b: Dondozo|73\/100|[from] item: Leftovers\n|-damage|p1a: Good Things|82\/100 psn|[from] psn\n|upkeep\n|turn|3\n|\n|t:|1730759968\n|switch|p2a: Tatsugiri|Tatsugiri, L50, F|100\/100\n|-activate|p2a: Tatsugiri|ability: Commander|[of] p2b: Dondozo\n|-boost|p2b: Dondozo|atk|2\n|-boost|p2b: Dondozo|spa|2\n|-boost|p2b: Dondozo|spe|2\n|-boost|p2b: Dondozo|def|2\n|-boost|p2b: Dondozo|spd|2\n|-terastallize|p2b: Dondozo|Steel\n|move|p1b: Garchomp|Earthquake|p2b: Dondozo|[spread] p2b\n|-miss|p1b: Garchomp|p2a: Tatsugiri\n|-immune|p1a: Good Things\n|-supereffective|p2b: Dondozo\n|-damage|p2b: Dondozo|37\/100\n|-damage|p1b: Garchomp|22\/100|[from] item: Life Orb\n|move|p1a: Good Things|Knock Off|p2b: Dondozo\n|-damage|p2b: Dondozo|18\/100\n|-enditem|p2b: Dondozo|Leftovers|[from] move: Knock Off|[of] p1a: Good Things\n|move|p2b: Dondozo|Order Up|p1b: Garchomp\n|-supereffective|p1b: Garchomp\n|-damage|p1b: Garchomp|0 fnt\n|faint|p1b: Garchomp\n|-boost|p2b: Dondozo|atk|1\n|\n|-weather|Sandstorm|[upkeep]\n|-damage|p2a: Tatsugiri|94\/100|[from] Sandstorm\n|-damage|p1a: Good Things|76\/100 psn|[from] Sandstorm\n|-damage|p1a: Good Things|64\/100 psn|[from] psn\n|upkeep\n|\n|t:|1730759987\n|switch|p1b: Rodent|Houndstone, L50, F|100\/100\n|-status|p1b: Rodent|psn\n|turn|4\n|\n|t:|1730759994\n|move|p2b: Dondozo|Protect|p2b: Dondozo\n|-singleturn|p2b: Dondozo|Protect\n|move|p1b: Rodent|Last Respects|p2b: Dondozo\n|-activate|p2b: Dondozo|move: Protect\n|move|p1a: Good Things|Knock Off|p2b: Dondozo\n|-activate|p2b: Dondozo|move: Protect\n|\n|-weather|Sandstorm|[upkeep]\n|-damage|p2a: Tatsugiri|88\/100|[from] Sandstorm\n|-damage|p1a: Good Things|58\/100 psn|[from] Sandstorm\n|-damage|p1b: Rodent|88\/100 psn|[from] psn\n|-damage|p1a: Good Things|46\/100 psn|[from] psn\n|-sideend|p1: Allhailhippo|move: Tailwind\n|upkeep\n|turn|5\n|\n|t:|1730760001\n|move|p1b: Rodent|Last Respects|p2b: Dondozo\n|-damage|p2b: Dondozo|0 fnt\n|faint|p2b: Dondozo\n|move|p1a: Good Things|Knock Off|p2a: Tatsugiri\n|-damage|p2a: Tatsugiri|0 fnt\n|-enditem|p2a: Tatsugiri|Choice Scarf|[from] move: Knock Off|[of] p1a: Good Things\n|faint|p2a: Tatsugiri\n|\n|-weather|Sandstorm|[upkeep]\n|-damage|p1a: Good Things|40\/100 psn|[from] Sandstorm\n|-damage|p1b: Rodent|76\/100 psn|[from] psn\n|-damage|p1a: Good Things|28\/100 psn|[from] psn\n|upkeep\n|\n|t:|1730760005\n|switch|p2a: Glimmora|Glimmora, L50, M|1\/100\n|switch|p2b: Archaludon|Archaludon, L50, F|100\/100\n|turn|6\n|\n|t:|1730760033\n|move|p1b: Rodent|Last Respects|p2b: Archaludon\n|-crit|p2b: Archaludon\n|-damage|p2b: Archaludon|28\/100\n|-ability|p2b: Archaludon|Stamina|boost\n|-boost|p2b: Archaludon|def|1\n|move|p2a: Glimmora|Sludge Bomb|p1a: Good Things\n|-damage|p1a: Good Things|1\/100 psn\n|move|p2b: Archaludon|Flash Cannon|p1b: Rodent\n|-damage|p1b: Rodent|30\/100 psn\n|move|p1a: Good Things|Rock Slide|p2a: Glimmora|[spread] p2a,p2b\n|-resisted|p2b: Archaludon\n|-damage|p2a: Glimmora|0 fnt\n|-damage|p2b: Archaludon|21\/100\n|-activate|p2a: Glimmora|ability: Toxic Debris\n|-sidestart|p1: Allhailhippo|move: Toxic Spikes\n|-ability|p2b: Archaludon|Stamina|boost\n|-boost|p2b: Archaludon|def|1\n|faint|p2a: Glimmora\n|\n|-weather|none\n|-damage|p1b: Rodent|17\/100 psn|[from] psn\n|-damage|p1a: Good Things|0 fnt|[from] psn\n|faint|p1a: Good Things\n|upkeep\n|turn|7\n|\n|t:|1730760049\n|move|p1b: Rodent|Last Respects|p2b: Archaludon\n|-damage|p2b: Archaludon|0 fnt\n|faint|p2b: Archaludon\n|\n|win|Allhailhippo\n|raw|Allhailhippo's rating: 1687 &rarr; <strong>1707<\/strong><br \/>(+20 for winning)\n|raw|oil duck's rating: 1686 &rarr; <strong>1666<\/strong><br \/>(-20 for losing)\n|c|\u2606oil duck|Crit mattered?\n|c|\u2606oil duck|Idk\n|l|\u2606Allhailhippo\n|player|p1|\n|l|\u2606oil duck\n|player|p2|\n","uploadtime":1730760247,"views":23,"formatid":"gen9vgc2024regh","rating":1666,"private":0,"password":null}