{"id":"gen9vgc2024regh-2237034817","format":"[Gen 9] VGC 2024 Reg H","players":["ray4gej","maya ayasato"],"log":"|j|\u2606ray4gej\n|j|\u2606maya ayasato\n|t:|1730707610\n|gametype|doubles\n|player|p1|ray4gej|169|1756\n|player|p2|maya ayasato|cynthia|1850\n|teamsize|p1|6\n|teamsize|p2|6\n|gen|9\n|tier|[Gen 9] VGC 2024 Reg H\n|rated|\n|rule|Species Clause: Limit one of each Pok\u00e9mon\n|rule|Item Clause: Limit 1 of each item\n|clearpoke\n|poke|p1|Primarina, L50, F|\n|poke|p1|Tyranitar, L50, F|\n|poke|p1|Whimsicott, L50, M|\n|poke|p1|Gholdengo, L50|\n|poke|p1|Infernape, L50, F|\n|poke|p1|Overqwil, L50, M|\n|poke|p2|Gholdengo, L50|\n|poke|p2|Annihilape, L50, M|\n|poke|p2|Maushold, L50|\n|poke|p2|Dondozo, L50, F|\n|poke|p2|Murkrow, L50, F|\n|poke|p2|Tatsugiri, L50, F|\n|teampreview|4\n|\n|t:|1730707626\n|start\n|switch|p1a: Whimsicott|Whimsicott, L50, M|100\/100\n|switch|p1b: Gholdengo|Gholdengo, L50|100\/100\n|switch|p2a: Gholdengo|Gholdengo, L50|100\/100\n|switch|p2b: Dondozo|Dondozo, L50, F|100\/100\n|turn|1\n|\n|t:|1730707637\n|switch|p2a: Tatsugiri|Tatsugiri, L50, F|100\/100\n|-activate|p2a: Tatsugiri|ability: Commander|[of] p2b: Dondozo\n|-boost|p2b: Dondozo|atk|2\n|-boost|p2b: Dondozo|spa|2\n|-boost|p2b: Dondozo|spe|2\n|-boost|p2b: Dondozo|def|2\n|-boost|p2b: Dondozo|spd|2\n|move|p1a: Whimsicott|Tailwind|p1a: Whimsicott\n|-sidestart|p1: ray4gej|move: Tailwind\n|move|p1b: Gholdengo|Shadow Ball|p2a: Tatsugiri|[miss]\n|-miss|p1b: Gholdengo|p2a: Tatsugiri\n|move|p2b: Dondozo|Earthquake|p1b: Gholdengo|[spread] p1a,p1b\n|-miss|p2b: Dondozo|p2a: Tatsugiri\n|-resisted|p1a: Whimsicott\n|-supereffective|p1b: Gholdengo\n|-damage|p1a: Whimsicott|63\/100\n|-damage|p1b: Gholdengo|0 fnt\n|faint|p1b: Gholdengo\n|-damage|p2b: Dondozo|91\/100|[from] item: Life Orb\n|\n|upkeep\n|\n|t:|1730707640\n|switch|p1b: Primarina|Primarina, L50, F|100\/100\n|turn|2\n|\n|t:|1730707657\n|move|p1a: Whimsicott|Moonblast|p2b: Dondozo\n|-damage|p2b: Dondozo|75\/100\n|move|p2b: Dondozo|Earthquake|p1a: Whimsicott|[spread] p1a,p1b\n|-miss|p2b: Dondozo|p2a: Tatsugiri\n|-resisted|p1a: Whimsicott\n|-damage|p1a: Whimsicott|30\/100\n|-damage|p1b: Primarina|33\/100\n|-damage|p2b: Dondozo|65\/100|[from] item: Life Orb\n|move|p1b: Primarina|Haze|p1b: Primarina\n|-clearallboost\n|\n|upkeep\n|turn|3\n|\n|t:|1730707678\n|move|p1a: Whimsicott|Moonblast|p2b: Dondozo\n|-damage|p2b: Dondozo|33\/100\n|move|p1b: Primarina|Moonblast|p2b: Dondozo\n|-damage|p2b: Dondozo|0 fnt\n|faint|p2b: Dondozo\n|-damage|p1b: Primarina|24\/100|[from] item: Life Orb\n|\n|upkeep\n|\n|t:|1730707686\n|switch|p2b: Gholdengo|Gholdengo, L50|100\/100\n|turn|4\n|\n|t:|1730707704\n|switch|p1a: Infernape|Infernape, L50, F|100\/100\n|-terastallize|p2b: Gholdengo|Steel\n|move|p1b: Primarina|Protect|p1b: Primarina\n|-singleturn|p1b: Primarina|Protect\n|move|p2a: Tatsugiri|Muddy Water|p1a: Infernape|[spread] p1a\n|-activate|p1b: Primarina|move: Protect\n|-supereffective|p1a: Infernape\n|-enditem|p1a: Infernape|Focus Sash\n|-damage|p1a: Infernape|1\/100\n|-unboost|p1a: Infernape|accuracy|1\n|move|p2b: Gholdengo|Make It Rain|p1b: Primarina|[spread] p1a\n|-activate|p1b: Primarina|move: Protect\n|-resisted|p1a: Infernape\n|-damage|p1a: Infernape|0 fnt\n|-unboost|p2b: Gholdengo|spa|1\n|faint|p1a: Infernape\n|\n|-sideend|p1: ray4gej|move: Tailwind\n|upkeep\n|\n|t:|1730707710\n|switch|p1a: Whimsicott|Whimsicott, L50, M|30\/100\n|turn|5\n|-message|ray4gej forfeited.\n|\n|win|maya ayasato\n|raw|ray4gej's rating: 1756 &rarr; <strong>1741<\/strong><br \/>(-15 for losing)\n|raw|maya ayasato's rating: 1850 &rarr; <strong>1865<\/strong><br \/>(+15 for winning)\n|l|\u2606ray4gej\n|player|p1|\n|l|\u2606maya ayasato\n|player|p2|\n","uploadtime":1730707986,"views":26,"formatid":"gen9vgc2024regh","rating":1741,"private":0,"password":null}