{"id":"gen9vgc2024regh-2237908500","format":"[Gen 9] VGC 2024 Reg H","players":["maya ayasato","htotoT"],"log":"|j|\u2606maya ayasato\n|j|\u2606htotoT\n|t:|1730820163\n|gametype|doubles\n|player|p1|maya ayasato|cynthia|1793\n|player|p2|htotoT|101|1815\n|teamsize|p1|6\n|teamsize|p2|6\n|gen|9\n|tier|[Gen 9] VGC 2024 Reg H\n|rated|\n|rule|Species Clause: Limit one of each Pok\u00e9mon\n|rule|Item Clause: Limit 1 of each item\n|clearpoke\n|poke|p1|Gholdengo, L50|\n|poke|p1|Annihilape, L50, M|\n|poke|p1|Maushold, L50|\n|poke|p1|Dondozo, L50, M|\n|poke|p1|Murkrow, L50, F|\n|poke|p1|Tatsugiri, L50, M|\n|poke|p2|Gholdengo, L50|\n|poke|p2|Murkrow, L50, F|\n|poke|p2|Pelipper, L50, M|\n|poke|p2|Archaludon, L50, M|\n|poke|p2|Amoonguss, L50, F|\n|poke|p2|Basculegion-F, L50, F|\n|teampreview|4\n|inactive|Battle timer is ON: inactive players will automatically lose when time's up. (requested by htotoT)\n|\n|t:|1730820191\n|start\n|switch|p1a: Gholdengo|Gholdengo, L50|100\/100\n|switch|p1b: Dondozo|Dondozo, L50, M|100\/100\n|switch|p2a: Murkrow|Murkrow, L50, F|100\/100\n|switch|p2b: Gholdengo|Gholdengo, L50|100\/100\n|turn|1\n|\n|t:|1730820202\n|switch|p1a: Tatsugiri|Tatsugiri, L50, M|100\/100\n|-activate|p1a: Tatsugiri|ability: Commander|[of] p1b: Dondozo\n|-boost|p1b: Dondozo|atk|2\n|-boost|p1b: Dondozo|spa|2\n|-boost|p1b: Dondozo|spe|2\n|-boost|p1b: Dondozo|def|2\n|-boost|p1b: Dondozo|spd|2\n|-terastallize|p2b: Gholdengo|Steel\n|move|p2a: Murkrow|Tailwind|p2a: Murkrow\n|-sidestart|p2: htotoT|move: Tailwind\n|move|p2b: Gholdengo|Make It Rain|p1b: Dondozo|[spread] p1b\n|-miss|p2b: Gholdengo|p1a: Tatsugiri\n|-resisted|p1b: Dondozo\n|-damage|p1b: Dondozo|72\/100\n|-unboost|p2b: Gholdengo|spa|1\n|move|p1b: Dondozo|Rock Slide|p2b: Gholdengo|[spread] p2a,p2b\n|-supereffective|p2a: Murkrow\n|-resisted|p2b: Gholdengo\n|-damage|p2a: Murkrow|0 fnt\n|-damage|p2b: Gholdengo|75\/100\n|faint|p2a: Murkrow\n|-damage|p1b: Dondozo|62\/100|[from] item: Life Orb\n|\n|upkeep\n|\n|t:|1730820207\n|switch|p2a: Amoonguss|Amoonguss, L50, F|100\/100\n|turn|2\n|j| Gambit the king\n|\n|t:|1730820225\n|move|p2b: Gholdengo|Make It Rain|p1a: Tatsugiri|[spread] p1b\n|-miss|p2b: Gholdengo|p1a: Tatsugiri\n|-resisted|p1b: Dondozo\n|-damage|p1b: Dondozo|35\/100\n|-unboost|p2b: Gholdengo|spa|1\n|move|p1b: Dondozo|Rock Slide|p2b: Gholdengo|[spread] p2a,p2b\n|-resisted|p2b: Gholdengo\n|-damage|p2a: Amoonguss|59\/100\n|-damage|p2b: Gholdengo|48\/100\n|-damage|p1b: Dondozo|25\/100|[from] item: Life Orb\n|move|p2a: Amoonguss|Clear Smog|p1b: Dondozo\n|-damage|p1b: Dondozo|16\/100\n|-clearboost|p1b: Dondozo\n|\n|upkeep\n|turn|3\n|\n|t:|1730820243\n|move|p2b: Gholdengo|Make It Rain|p1a: Tatsugiri|[spread] p1b\n|-miss|p2b: Gholdengo|p1a: Tatsugiri\n|-resisted|p1b: Dondozo\n|-damage|p1b: Dondozo|0 fnt\n|-unboost|p2b: Gholdengo|spa|1\n|faint|p1b: Dondozo\n|move|p2a: Amoonguss|Pollen Puff|p2b: Gholdengo\n|-heal|p2b: Gholdengo|98\/100\n|\n|upkeep\n|\n|t:|1730820255\n|switch|p1b: Gholdengo|Gholdengo, L50|100\/100\n|turn|4\n|\n|t:|1730820265\n|switch|p2b: Archaludon|Archaludon, L50, M|100\/100\n|-terastallize|p1b: Gholdengo|Steel\n|move|p1a: Tatsugiri|Muddy Water|p2b: Archaludon|[spread] p2a\n|-miss|p1a: Tatsugiri|p2b: Archaludon\n|-resisted|p2a: Amoonguss\n|-damage|p2a: Amoonguss|43\/100\n|move|p1b: Gholdengo|Make It Rain|p2a: Amoonguss|[spread] p2a,p2b\n|-resisted|p2b: Archaludon\n|-damage|p2a: Amoonguss|0 fnt\n|-damage|p2b: Archaludon|46\/100\n|-unboost|p1b: Gholdengo|spa|1\n|-ability|p2b: Archaludon|Stamina|boost\n|-boost|p2b: Archaludon|def|1\n|faint|p2a: Amoonguss\n|\n|-sideend|p2: htotoT|move: Tailwind\n|upkeep\n|\n|t:|1730820277\n|switch|p2a: Gholdengo|Gholdengo, L50, tera:Steel|98\/100\n|turn|5\n|\n|t:|1730820289\n|move|p1a: Tatsugiri|Protect|p1a: Tatsugiri\n|-singleturn|p1a: Tatsugiri|Protect\n|move|p2b: Archaludon|Dragon Pulse|p1a: Tatsugiri\n|-activate|p1a: Tatsugiri|move: Protect\n|move|p2a: Gholdengo|Make It Rain|p1b: Gholdengo|[spread] p1b\n|-activate|p1a: Tatsugiri|move: Protect\n|-resisted|p1b: Gholdengo\n|-damage|p1b: Gholdengo|47\/100\n|-unboost|p2a: Gholdengo|spa|1\n|move|p1b: Gholdengo|Make It Rain|p2a: Gholdengo|[spread] p2a,p2b\n|-resisted|p2a: Gholdengo\n|-resisted|p2b: Archaludon\n|-damage|p2a: Gholdengo|62\/100\n|-damage|p2b: Archaludon|12\/100\n|-unboost|p1b: Gholdengo|spa|1\n|-ability|p2b: Archaludon|Stamina|boost\n|-boost|p2b: Archaludon|def|1\n|\n|upkeep\n|turn|6\n|\n|t:|1730820309\n|switch|p1a: Murkrow|Murkrow, L50, F|100\/100\n|move|p2b: Archaludon|Dragon Pulse|p1a: Murkrow\n|-damage|p1a: Murkrow|48\/100\n|move|p2a: Gholdengo|Make It Rain|p1a: Murkrow|[spread] p1a,p1b\n|-resisted|p1b: Gholdengo\n|-crit|p1b: Gholdengo\n|-damage|p1a: Murkrow|0 fnt\n|-damage|p1b: Gholdengo|0 fnt\n|-unboost|p2a: Gholdengo|spa|1\n|faint|p1a: Murkrow\n|faint|p1b: Gholdengo\n|\n|upkeep\n|\n|t:|1730820324\n|switch|p1a: Tatsugiri|Tatsugiri, L50, M|100\/100\n|turn|7\n|\n|t:|1730820332\n|move|p2b: Archaludon|Dragon Pulse|p1a: Tatsugiri\n|-supereffective|p1a: Tatsugiri\n|-crit|p1a: Tatsugiri\n|-enditem|p1a: Tatsugiri|Focus Sash\n|-damage|p1a: Tatsugiri|1\/100\n|move|p2a: Gholdengo|Make It Rain|p1a: Tatsugiri\n|-resisted|p1a: Tatsugiri\n|-damage|p1a: Tatsugiri|0 fnt\n|-unboost|p2a: Gholdengo|spa|1\n|faint|p1a: Tatsugiri\n|\n|win|htotoT\n|raw|maya ayasato's rating: 1793 &rarr; <strong>1774<\/strong><br \/>(-19 for losing)\n|raw|htotoT's rating: 1815 &rarr; <strong>1834<\/strong><br \/>(+19 for winning)\n|l|\u2606htotoT\n|player|p2|\n|l|\u2606maya ayasato\n|player|p1|\n|l| Gambit the king\n","uploadtime":1730820600,"views":29,"formatid":"gen9vgc2024regh","rating":1774,"private":0,"password":null}