{"id":"gen9vgc2024regh-2237353494","format":"[Gen 9] VGC 2024 Reg H","players":["TriflinnTengu","greenlightdmp"],"log":"|j|\u2606TriflinnTengu\n|j|\u2606greenlightdmp\n|t:|1730746788\n|gametype|doubles\n|player|p1|TriflinnTengu|flannery|1671\n|player|p2|greenlightdmp|266|1758\n|teamsize|p1|6\n|teamsize|p2|6\n|gen|9\n|tier|[Gen 9] VGC 2024 Reg H\n|rated|\n|rule|Species Clause: Limit one of each Pok\u00e9mon\n|rule|Item Clause: Limit 1 of each item\n|clearpoke\n|poke|p1|Grimmsnarl, L50, M|\n|poke|p1|Gholdengo, L50|\n|poke|p1|Dragonite, L50, M|\n|poke|p1|Rillaboom, L50, F|\n|poke|p1|Volcarona, L50, F|\n|poke|p1|Dondozo, L50, F|\n|poke|p2|Sneasler, L50, M|\n|poke|p2|Indeedee-F, L50, F|\n|poke|p2|Murkrow, L50, F|\n|poke|p2|Archaludon, L50, F|\n|poke|p2|Basculegion, L50, M|\n|poke|p2|Volcarona, L50, M|\n|teampreview|4\n|inactive|Battle timer is ON: inactive players will automatically lose when time's up. (requested by TriflinnTengu)\n|\n|t:|1730746809\n|start\n|switch|p1a: Grimmsnarl|Grimmsnarl, L50, M|100\/100\n|switch|p1b: Dragonite|Dragonite, L50, M|100\/100\n|switch|p2a: Slim Shady|Sneasler, L50, M|100\/100\n|switch|p2b: Volcarona|Volcarona, L50, M|100\/100\n|turn|1\n|\n|t:|1730746832\n|move|p1a: Grimmsnarl|Reflect|p1a: Grimmsnarl\n|-sidestart|p1: TriflinnTengu|Reflect\n|move|p2a: Slim Shady|Dire Claw|p1b: Dragonite\n|-damage|p1b: Dragonite|84\/100\n|move|p2b: Volcarona|Heat Wave|p1b: Dragonite|[spread] p1a,p1b\n|-resisted|p1b: Dragonite\n|-damage|p1a: Grimmsnarl|69\/100\n|-damage|p1b: Dragonite|64\/100\n|move|p1b: Dragonite|Scale Shot|p2b: Volcarona\n|-damage|p2b: Volcarona|81\/100\n|-damage|p2b: Volcarona|60\/100\n|-damage|p2b: Volcarona|43\/100\n|-damage|p2b: Volcarona|25\/100\n|-damage|p2b: Volcarona|6\/100\n|-hitcount|p2b: Volcarona|5\n|-unboost|p1b: Dragonite|def|1\n|-boost|p1b: Dragonite|spe|1\n|\n|upkeep\n|turn|2\n|inactive|greenlightdmp has 30 seconds left.\n|\n|t:|1730746862\n|move|p2a: Slim Shady|Protect|p2a: Slim Shady\n|-singleturn|p2a: Slim Shady|Protect\n|move|p1b: Dragonite|Scale Shot|p2a: Slim Shady\n|-activate|p2a: Slim Shady|move: Protect\n|move|p2b: Volcarona|Giga Drain|p1a: Grimmsnarl\n|-damage|p1a: Grimmsnarl|47\/100\n|-heal|p2b: Volcarona|19\/100|[from] drain|[of] p1a: Grimmsnarl\n|move|p1a: Grimmsnarl|Spirit Break|p2b: Volcarona\n|-resisted|p2b: Volcarona\n|-damage|p2b: Volcarona|0 fnt\n|faint|p2b: Volcarona\n|\n|upkeep\n|\n|t:|1730746879\n|switch|p2b: Raf Camora|Murkrow, L50, F|100\/100\n|turn|3\n|\n|t:|1730746888\n|-terastallize|p2a: Slim Shady|Dark\n|move|p2b: Raf Camora|Haze|p2b: Raf Camora\n|-clearallboost\n|move|p1a: Grimmsnarl|Thunder Wave|p2a: Slim Shady\n|-hint|Since gen 7, Dark is immune to Prankster moves.\n|-immune|p2a: Slim Shady\n|move|p2a: Slim Shady|Dire Claw|p1b: Dragonite\n|-damage|p1b: Dragonite|34\/100\n|move|p1b: Dragonite|Scale Shot|p2a: Slim Shady\n|-damage|p2a: Slim Shady|74\/100\n|-damage|p2a: Slim Shady|47\/100\n|-damage|p2a: Slim Shady|24\/100\n|-damage|p2a: Slim Shady|0 fnt\n|faint|p2a: Slim Shady\n|-hitcount|p2: Slim Shady|4\n|-unboost|p1b: Dragonite|def|1\n|-boost|p1b: Dragonite|spe|1\n|\n|upkeep\n|\n|t:|1730746900\n|switch|p2a: MACHBACK|Archaludon, L50, F|100\/100\n|turn|4\n|\n|t:|1730746922\n|move|p1b: Dragonite|Protect|p1b: Dragonite\n|-singleturn|p1b: Dragonite|Protect\n|move|p2b: Raf Camora|Haze|p2b: Raf Camora\n|-clearallboost\n|move|p1a: Grimmsnarl|Light Screen|p1a: Grimmsnarl\n|-sidestart|p1: TriflinnTengu|move: Light Screen\n|move|p2a: MACHBACK|Flash Cannon|p1b: Dragonite\n|-activate|p1b: Dragonite|move: Protect\n|\n|upkeep\n|turn|5\n|\n|t:|1730746934\n|move|p2b: Raf Camora|Rain Dance|p2b: Raf Camora\n|-weather|RainDance\n|move|p1a: Grimmsnarl|Thunder Wave|p2a: MACHBACK\n|-status|p2a: MACHBACK|par\n|move|p1b: Dragonite|Scale Shot|p2b: Raf Camora\n|-damage|p2b: Raf Camora|84\/100\n|-damage|p2b: Raf Camora|70\/100\n|-damage|p2b: Raf Camora|55\/100\n|-damage|p2b: Raf Camora|41\/100\n|-hitcount|p2b: Raf Camora|4\n|-unboost|p1b: Dragonite|def|1\n|-boost|p1b: Dragonite|spe|1\n|cant|p2a: MACHBACK|par\n|\n|-weather|RainDance|[upkeep]\n|upkeep\n|turn|6\n|\n|t:|1730746951\n|move|p1b: Dragonite|Extreme Speed|p2b: Raf Camora\n|-damage|p2b: Raf Camora|9\/100\n|move|p2b: Raf Camora|Haze|p2b: Raf Camora\n|-clearallboost\n|move|p1a: Grimmsnarl|Spirit Break|p2a: MACHBACK\n|-damage|p2a: MACHBACK|79\/100 par\n|-unboost|p2a: MACHBACK|spa|1\n|-ability|p2a: MACHBACK|Stamina|boost\n|-boost|p2a: MACHBACK|def|1\n|move|p2a: MACHBACK|Electro Shot||[still]\n|-prepare|p2a: MACHBACK|Electro Shot\n|-boost|p2a: MACHBACK|spa|1\n|-anim|p2a: MACHBACK|Electro Shot|p1b: Dragonite\n|-damage|p1b: Dragonite|5\/100\n|\n|-weather|RainDance|[upkeep]\n|upkeep\n|turn|7\n|\n|t:|1730746975\n|move|p1b: Dragonite|Extreme Speed|p2b: Raf Camora\n|-damage|p2b: Raf Camora|0 fnt\n|faint|p2b: Raf Camora\n|move|p1a: Grimmsnarl|Spirit Break|p2a: MACHBACK\n|-damage|p2a: MACHBACK|65\/100 par\n|-unboost|p2a: MACHBACK|spa|1\n|-ability|p2a: MACHBACK|Stamina|boost\n|-boost|p2a: MACHBACK|def|1\n|move|p2a: MACHBACK|Flash Cannon|p1a: Grimmsnarl\n|-supereffective|p1a: Grimmsnarl\n|-damage|p1a: Grimmsnarl|15\/100\n|\n|-weather|RainDance|[upkeep]\n|upkeep\n|turn|8\n|\n|t:|1730746991\n|switch|p1b: Gholdengo|Gholdengo, L50|100\/100\n|move|p1a: Grimmsnarl|Spirit Break|p2a: MACHBACK\n|-damage|p2a: MACHBACK|55\/100 par\n|-unboost|p2a: MACHBACK|spa|1\n|-ability|p2a: MACHBACK|Stamina|boost\n|-boost|p2a: MACHBACK|def|1\n|move|p2a: MACHBACK|Body Press|p1a: Grimmsnarl\n|-damage|p1a: Grimmsnarl|0 fnt\n|faint|p1a: Grimmsnarl\n|\n|-weather|RainDance|[upkeep]\n|-sideend|p1: TriflinnTengu|Reflect\n|upkeep\n|\n|t:|1730747001\n|switch|p1a: Rillaboom|Rillaboom, L50, F|100\/100\n|-fieldstart|move: Grassy Terrain|[from] ability: Grassy Surge|[of] p1a: Rillaboom\n|turn|9\n|\n|t:|1730747012\n|move|p1a: Rillaboom|Fake Out|p2a: MACHBACK\n|-resisted|p2a: MACHBACK\n|-damage|p2a: MACHBACK|53\/100 par\n|-ability|p2a: MACHBACK|Stamina|boost\n|-boost|p2a: MACHBACK|def|1\n|move|p1b: Gholdengo|Nasty Plot|p1b: Gholdengo\n|-boost|p1b: Gholdengo|spa|2\n|cant|p2a: MACHBACK|flinch\n|\n|-weather|none\n|-heal|p2a: MACHBACK|59\/100 par|[from] Grassy Terrain\n|upkeep\n|turn|10\n|-message|greenlightdmp forfeited.\n|\n|win|TriflinnTengu\n|raw|TriflinnTengu's rating: 1671 &rarr; <strong>1696<\/strong><br \/>(+25 for winning)\n|raw|greenlightdmp's rating: 1758 &rarr; <strong>1733<\/strong><br \/>(-25 for losing)\n|l|\u2606greenlightdmp\n|player|p2|\n|l|\u2606TriflinnTengu\n|player|p1|\n","uploadtime":1730747290,"views":17,"formatid":"gen9vgc2024regh","rating":1696,"private":0,"password":null}