{"id":"gen9vgc2024regh-2237623935","format":"[Gen 9] VGC 2024 Reg H","players":["J.Ratri","It'sJustKen VGC"],"log":"|j|\u203dJ.Ratri\n|j|\u2606It'sJustKen VGC\n|t:|1730776170\n|gametype|doubles\n|player|p1|J.Ratri|jasmine|1713\n|player|p2|It'sJustKen VGC|turo|1780\n|teamsize|p1|6\n|teamsize|p2|6\n|gen|9\n|tier|[Gen 9] VGC 2024 Reg H\n|rated|\n|rule|Species Clause: Limit one of each Pok\u00e9mon\n|rule|Item Clause: Limit 1 of each item\n|clearpoke\n|poke|p1|Garchomp, L50, M|\n|poke|p1|Ninetales-Alola, L50, F|\n|poke|p1|Annihilape, L50, M|\n|poke|p1|Ceruledge, L50, F|\n|poke|p1|Mandibuzz, L50, F|\n|poke|p1|Bellibolt, L50, F|\n|poke|p2|Whimsicott, L50, F|\n|poke|p2|Gholdengo, L50|\n|poke|p2|Sneasler, L50, F|\n|poke|p2|Glimmora, L50, M|\n|poke|p2|Farigiraf, L50, F|\n|poke|p2|Hydreigon, L50, M|\n|teampreview|4\n|inactive|Battle timer is ON: inactive players will automatically lose when time's up. (requested by It'sJustKen VGC)\n|j| mr pogostick\n|inactive|J.Ratri has 60 seconds left.\n|\n|t:|1730776204\n|start\n|switch|p1a: Bellibolt|Bellibolt, L50, F|100\/100\n|switch|p1b: Mandibuzz|Mandibuzz, L50, F|100\/100\n|switch|p2a: BUTTERSCOTCH|Whimsicott, L50, F|100\/100\n|switch|p2b: *hears the music*|Gholdengo, L50|100\/100\n|turn|1\n|\n|t:|1730776217\n|-terastallize|p2b: *hears the music*|Steel\n|move|p1b: Mandibuzz|Protect|p1b: Mandibuzz\n|-singleturn|p1b: Mandibuzz|Protect\n|move|p2a: BUTTERSCOTCH|Moonblast|p1b: Mandibuzz\n|-activate|p1b: Mandibuzz|move: Protect\n|move|p2b: *hears the music*|Make It Rain|p1b: Mandibuzz|[spread] p1a\n|-activate|p1b: Mandibuzz|move: Protect\n|-resisted|p1a: Bellibolt\n|-damage|p1a: Bellibolt|69\/100\n|-unboost|p2b: *hears the music*|spa|1\n|-start|p1a: Bellibolt|Charge|Make It Rain|[from] ability: Electromorphosis\n|move|p1a: Bellibolt|Parabolic Charge|p2b: *hears the music*|[spread] p2a,p2b\n|-activate|p1b: Mandibuzz|move: Protect\n|-resisted|p2a: BUTTERSCOTCH\n|-damage|p2a: BUTTERSCOTCH|63\/100\n|-heal|p1a: Bellibolt|82\/100|[from] drain|[of] p2a: BUTTERSCOTCH\n|-damage|p2b: *hears the music*|47\/100\n|-heal|p1a: Bellibolt|100\/100|[from] drain|[of] p2b: *hears the music*\n|-end|p1a: Bellibolt|Charge|[silent]\n|\n|upkeep\n|turn|2\n|inactive|J.Ratri has 30 seconds left.\n|\n|t:|1730776252\n|move|p2a: BUTTERSCOTCH|Moonblast|p1b: Mandibuzz\n|-supereffective|p1b: Mandibuzz\n|-damage|p1b: Mandibuzz|53\/100\n|move|p2b: *hears the music*|Make It Rain|p1a: Bellibolt|[spread] p1a,p1b\n|-resisted|p1a: Bellibolt\n|-damage|p1a: Bellibolt|78\/100\n|-damage|p1b: Mandibuzz|5\/100\n|-unboost|p2b: *hears the music*|spa|1\n|-start|p1a: Bellibolt|Charge|Make It Rain|[from] ability: Electromorphosis\n|move|p1b: Mandibuzz|Tailwind|p1b: Mandibuzz\n|-sidestart|p1: J.Ratri|move: Tailwind\n|move|p1a: Bellibolt|Volt Switch|p2b: *hears the music*\n|-damage|p2b: *hears the music*|0 fnt\n|faint|p2b: *hears the music*\n|-end|p1a: Bellibolt|Charge|[silent]\n|j| Iceriderplayer87\n|\n|t:|1730776270\n|switch|p1a: Ninetales|Ninetales-Alola, L50, F|100\/100|[from] Volt Switch\n|-weather|Snow|[from] ability: Snow Warning|[of] p1a: Ninetales\n|\n|-weather|Snow|[upkeep]\n|-heal|p1b: Mandibuzz|11\/100|[from] item: Leftovers\n|upkeep\n|l| Iceriderplayer87\n|\n|t:|1730776276\n|switch|p2b: GIRAFFE|Farigiraf, L50, F, shiny|100\/100\n|turn|3\n|\n|t:|1730776290\n|move|p2b: GIRAFFE|Protect|p2b: GIRAFFE\n|-singleturn|p2b: GIRAFFE|Protect\n|move|p2a: BUTTERSCOTCH|Tailwind|p2a: BUTTERSCOTCH\n|-sidestart|p2: It'sJustKen VGC|move: Tailwind\n|move|p1a: Ninetales|Blizzard|p2b: GIRAFFE|[spread] p2a\n|-activate|p2b: GIRAFFE|move: Protect\n|-supereffective|p2a: BUTTERSCOTCH\n|-damage|p2a: BUTTERSCOTCH|0 fnt\n|faint|p2a: BUTTERSCOTCH\n|move|p1b: Mandibuzz|Snarl|p2b: GIRAFFE\n|-activate|p2b: GIRAFFE|move: Protect\n|\n|-weather|Snow|[upkeep]\n|-heal|p1b: Mandibuzz|17\/100|[from] item: Leftovers\n|upkeep\n|\n|t:|1730776293\n|switch|p2a: Aah-Aah-Coo!|Sneasler, L50, F|100\/100\n|turn|4\n|\n|t:|1730776318\n|move|p1a: Ninetales|Protect|p1a: Ninetales\n|-singleturn|p1a: Ninetales|Protect\n|move|p2a: Aah-Aah-Coo!|Dire Claw|p1b: Mandibuzz\n|-damage|p1b: Mandibuzz|0 fnt\n|faint|p1b: Mandibuzz\n|-damage|p2a: Aah-Aah-Coo!|91\/100|[from] item: Life Orb\n|move|p2b: GIRAFFE|Hyper Voice|p1a: Ninetales\n|-activate|p1a: Ninetales|move: Protect\n|\n|-weather|Snow|[upkeep]\n|upkeep\n|\n|t:|1730776343\n|switch|p1b: Bellibolt|Bellibolt, L50, F|78\/100\n|turn|5\n|inactive|J.Ratri has 30 seconds left.\n|\n|t:|1730776374\n|move|p1a: Ninetales|Blizzard|p2b: GIRAFFE|[spread] p2a,p2b\n|-damage|p2a: Aah-Aah-Coo!|46\/100\n|-damage|p2b: GIRAFFE|65\/100\n|move|p2a: Aah-Aah-Coo!|Close Combat|p1b: Bellibolt\n|-damage|p1b: Bellibolt|6\/100\n|-unboost|p2a: Aah-Aah-Coo!|def|1\n|-unboost|p2a: Aah-Aah-Coo!|spd|1\n|-start|p1b: Bellibolt|Charge|Close Combat|[from] ability: Electromorphosis\n|-status|p1b: Bellibolt|psn|[from] ability: Poison Touch|[of] p2a: Aah-Aah-Coo!\n|-damage|p2a: Aah-Aah-Coo!|36\/100|[from] item: Life Orb\n|move|p2b: GIRAFFE|Hyper Voice|p1b: Bellibolt|[spread] p1a,p1b\n|-damage|p1a: Ninetales|64\/100\n|-damage|p1b: Bellibolt|0 fnt\n|faint|p1b: Bellibolt\n|-enditem|p2b: GIRAFFE|Throat Spray\n|-boost|p2b: GIRAFFE|spa|1|[from] item: Throat Spray\n|\n|-weather|Snow|[upkeep]\n|-sideend|p1: J.Ratri|move: Tailwind\n|upkeep\n|\n|t:|1730776388\n|switch|p1b: Garchomp|Garchomp, L50, M|100\/100\n|turn|6\n|\n|t:|1730776409\n|move|p1a: Ninetales|Protect|p1a: Ninetales\n|-singleturn|p1a: Ninetales|Protect\n|move|p1b: Garchomp|Protect|p1b: Garchomp\n|-singleturn|p1b: Garchomp|Protect\n|move|p2a: Aah-Aah-Coo!|Close Combat|p1b: Garchomp\n|-activate|p1b: Garchomp|move: Protect\n|move|p2b: GIRAFFE|Trick Room|p2b: GIRAFFE\n|-fieldstart|move: Trick Room|[of] p2b: GIRAFFE\n|\n|-weather|none\n|-sideend|p2: It'sJustKen VGC|move: Tailwind\n|upkeep\n|turn|7\n|inactive|J.Ratri has 30 seconds left.\n|inactive|J.Ratri has 20 seconds left.\n|\n|t:|1730776448\n|-terastallize|p1a: Ninetales|Ice\n|move|p2b: GIRAFFE|Hyper Voice|p1a: Ninetales|[spread] p1a,p1b\n|-damage|p1a: Ninetales|5\/100\n|-damage|p1b: Garchomp|48\/100\n|move|p1b: Garchomp|Dragon Claw|p2b: GIRAFFE\n|-damage|p2b: GIRAFFE|2\/100\n|-damage|p1b: Garchomp|38\/100|[from] item: Life Orb\n|move|p2a: Aah-Aah-Coo!|Close Combat|p1b: Garchomp\n|-damage|p1b: Garchomp|0 fnt\n|-unboost|p2a: Aah-Aah-Coo!|def|1\n|-unboost|p2a: Aah-Aah-Coo!|spd|1\n|-damage|p2a: Aah-Aah-Coo!|24\/100|[from] ability: Rough Skin|[of] p1b: Garchomp\n|faint|p1b: Garchomp\n|-damage|p2a: Aah-Aah-Coo!|15\/100|[from] item: Life Orb\n|move|p1a: Ninetales|Blizzard|p2b: GIRAFFE|[spread] p2b\n|-miss|p1a: Ninetales|p2a: Aah-Aah-Coo!\n|-damage|p2b: GIRAFFE|0 fnt\n|faint|p2b: GIRAFFE\n|\n|upkeep\n|turn|8\n|l| mr pogostick\n|inactive|J.Ratri has 30 seconds left.\n|-message|J.Ratri forfeited.\n|\n|win|It'sJustKen VGC\n|raw|J.Ratri's rating: 1713 &rarr; <strong>1695<\/strong><br \/>(-18 for losing)\n|raw|It&apos;sJustKen VGC's rating: 1755 &rarr; <strong>1773<\/strong><br \/>(+18 for winning)\n|l|\u203dJ.Ratri\n|player|p1|\n|l|\u2606It'sJustKen VGC\n|player|p2|\n|j|\u2606It'sJustKen VGC\n|player|p2|It'sJustKen VGC|turo|\n|l|\u2606It'sJustKen VGC\n|player|p2|\n","uploadtime":1730776622,"views":31,"formatid":"gen9vgc2024regh","rating":1695,"private":0,"password":null}