{"id":"gen9vgc2024regh-2237464243","format":"[Gen 9] VGC 2024 Reg H","players":["Chairman Rose","Freshveggies2"],"log":"|j|\u2606Chairman Rose\n|j|\u2606Freshveggies2\n|t:|1730757549\n|gametype|doubles\n|player|p1|Chairman Rose|twins-gen4dp|1695\n|player|p2|Freshveggies2|102|1724\n|teamsize|p1|6\n|teamsize|p2|6\n|gen|9\n|tier|[Gen 9] VGC 2024 Reg H\n|rated|\n|rule|Species Clause: Limit one of each Pok\u00e9mon\n|rule|Item Clause: Limit 1 of each item\n|clearpoke\n|poke|p1|Weezing-Galar, L50, F|\n|poke|p1|Garchomp, L50, F|\n|poke|p1|Ninetales-Alola, L50, F|\n|poke|p1|Inteleon, L50, M|\n|poke|p1|Talonflame, L50, M|\n|poke|p1|Farigiraf, L50, M|\n|poke|p2|Dragonite, L50, M|\n|poke|p2|Kingambit, L50, M|\n|poke|p2|Tauros-Paldea-Aqua, L50, M|\n|poke|p2|Archaludon, L50, M|\n|poke|p2|Pelipper, L50, M|\n|poke|p2|Rillaboom, L50, F|\n|teampreview|4\n|inactive|Battle timer is ON: inactive players will automatically lose when time's up. (requested by Freshveggies2)\n|inactive|Freshveggies2 has 60 seconds left.\n|\n|t:|1730757585\n|start\n|switch|p1a: Garchomp|Garchomp, L50, F|100\/100\n|switch|p1b: Weezing|Weezing-Galar, L50, F|100\/100\n|switch|p2a: Kingambit|Kingambit, L50, M|100\/100\n|switch|p2b: Rillaboom|Rillaboom, L50, F|100\/100\n|-ability|p1b: Weezing|Neutralizing Gas\n|-item|p1b: Weezing|Air Balloon\n|turn|1\n|inactive|Chairman Rose has 30 seconds left.\n|\n|t:|1730757614\n|move|p1b: Weezing|Protect|p1b: Weezing\n|-singleturn|p1b: Weezing|Protect\n|move|p2b: Rillaboom|Fake Out|p1a: Garchomp\n|-damage|p1a: Garchomp|88\/100\n|cant|p1a: Garchomp|flinch\n|move|p2a: Kingambit|Iron Head|p1b: Weezing\n|-activate|p1b: Weezing|move: Protect\n|\n|upkeep\n|turn|2\n|inactive|Freshveggies2 has 30 seconds left.\n|inactive|Freshveggies2 has 20 seconds left.\n|inactive|Freshveggies2 has 15 seconds left.\n|inactive|Freshveggies2 has 10 seconds left.\n|\n|t:|1730757660\n|move|p2a: Kingambit|Protect|p2a: Kingambit\n|-singleturn|p2a: Kingambit|Protect\n|move|p1a: Garchomp|Stomping Tantrum|p2a: Kingambit\n|-activate|p2a: Kingambit|move: Protect\n|move|p1b: Weezing|Sludge Bomb|p2b: Rillaboom\n|-supereffective|p2b: Rillaboom\n|-damage|p2b: Rillaboom|54\/100\n|-status|p2b: Rillaboom|psn\n|move|p2b: Rillaboom|Wood Hammer|p1a: Garchomp\n|-damage|p1a: Garchomp|28\/100\n|-damage|p2b: Rillaboom|37\/100 psn|[from] Recoil\n|\n|-damage|p2b: Rillaboom|25\/100 psn|[from] psn\n|upkeep\n|turn|3\n|inactive|Freshveggies2 has 30 seconds left.\n|inactive|Freshveggies2 has 20 seconds left.\n|inactive|Freshveggies2 has 15 seconds left.\n|inactive|Freshveggies2 has 10 seconds left.\n|inactive|Freshveggies2 has 5 seconds left.\n|\n|t:|1730757712\n|switch|p2a: Pelipper|Pelipper, L50, M|100\/100\n|move|p1a: Garchomp|Stomping Tantrum|p2a: Pelipper\n|-immune|p2a: Pelipper\n|move|p1b: Weezing|Dazzling Gleam|p2b: Rillaboom|[spread] p2a,p2b\n|-crit|p2b: Rillaboom\n|-damage|p2a: Pelipper|62\/100\n|-damage|p2b: Rillaboom|1\/100 psn\n|move|p2b: Rillaboom|Wood Hammer|p1a: Garchomp\n|-damage|p1a: Garchomp|0 fnt\n|faint|p1a: Garchomp\n|-damage|p2b: Rillaboom|0 fnt|[from] Recoil\n|faint|p2b: Rillaboom\n|\n|upkeep\n|\n|t:|1730757724\n|switch|p1a: Inteleon|Inteleon, L50, M|100\/100\n|switch|p2b: Kingambit|Kingambit, L50, M|100\/100\n|turn|4\n|inactive|Freshveggies2 has 30 seconds left.\n|\n|t:|1730757757\n|move|p2b: Kingambit|Protect|p2b: Kingambit\n|-singleturn|p2b: Kingambit|Protect\n|move|p1a: Inteleon|Muddy Water|p2a: Pelipper|[spread] p2a\n|-activate|p2b: Kingambit|move: Protect\n|-resisted|p2a: Pelipper\n|-damage|p2a: Pelipper|26\/100\n|-damage|p1a: Inteleon|91\/100|[from] item: Life Orb\n|move|p1b: Weezing|Sludge Bomb|p2a: Pelipper\n|-damage|p2a: Pelipper|0 fnt\n|faint|p2a: Pelipper\n|\n|upkeep\n|\n|t:|1730757766\n|switch|p2a: Archaludon|Archaludon, L50, M|100\/100\n|turn|5\n|\n|t:|1730757775\n|move|p1a: Inteleon|Snipe Shot|p2b: Kingambit\n|-damage|p2b: Kingambit|38\/100\n|-damage|p1a: Inteleon|81\/100|[from] item: Life Orb\n|move|p2a: Archaludon|Electro Shot||[still]\n|-prepare|p2a: Archaludon|Electro Shot\n|-boost|p2a: Archaludon|spa|1\n|-enditem|p2a: Archaludon|Power Herb\n|-anim|p2a: Archaludon|Electro Shot|p1a: Inteleon\n|-supereffective|p1a: Inteleon\n|-damage|p1a: Inteleon|0 fnt\n|faint|p1a: Inteleon\n|move|p1b: Weezing|Dazzling Gleam|p2b: Kingambit|[spread] p2a,p2b\n|-damage|p2a: Archaludon|62\/100\n|-damage|p2b: Kingambit|10\/100\n|move|p2b: Kingambit|Iron Head|p1b: Weezing\n|-supereffective|p1b: Weezing\n|-damage|p1b: Weezing|1\/100\n|-enditem|p1b: Weezing|Air Balloon\n|\n|upkeep\n|\n|t:|1730757778\n|switch|p1a: Ninetales|Ninetales-Alola, L50, F|100\/100\n|turn|6\n|inactive|Freshveggies2 has 30 seconds left.\n|inactive|Freshveggies2 has 20 seconds left.\n|\n|t:|1730757816\n|-terastallize|p1a: Ninetales|Ice\n|move|p1a: Ninetales|Blizzard|p2a: Archaludon|[spread] p2a\n|-miss|p1a: Ninetales|p2b: Kingambit\n|-damage|p2a: Archaludon|0 fnt\n|faint|p2a: Archaludon\n|move|p1b: Weezing|Dazzling Gleam|p2b: Kingambit\n|-damage|p2b: Kingambit|0 fnt\n|faint|p2b: Kingambit\n|\n|win|Chairman Rose\n|raw|Chairman Rose's rating: 1695 &rarr; <strong>1717<\/strong><br \/>(+22 for winning)\n|raw|Freshveggies2's rating: 1724 &rarr; <strong>1702<\/strong><br \/>(-22 for losing)\n|l|\u2606Freshveggies2\n|player|p2|\n|l|\u2606Chairman Rose\n|player|p1|\n","uploadtime":1730758024,"views":24,"formatid":"gen9vgc2024regh","rating":1702,"private":0,"password":null}