{"id":"gen9vgc2024regh-2237600096","format":"[Gen 9] VGC 2024 Reg H","players":["Beccca","Paradox Mourinho"],"log":"|j|\u2606Beccca\n|j|\u2606Paradox Mourinho\n|t:|1730773174\n|gametype|doubles\n|player|p1|Beccca|169|1716\n|player|p2|Paradox Mourinho|lance|1660\n|teamsize|p1|6\n|teamsize|p2|6\n|gen|9\n|tier|[Gen 9] VGC 2024 Reg H\n|rated|\n|rule|Species Clause: Limit one of each Pok\u00e9mon\n|rule|Item Clause: Limit 1 of each item\n|clearpoke\n|poke|p1|Dondozo, L50, F|\n|poke|p1|Tatsugiri, L50, M|\n|poke|p1|Indeedee, L50, M|\n|poke|p1|Sneasler, L50, M|\n|poke|p1|Typhlosion-Hisui, L50, F|\n|poke|p1|Archaludon, L50, F|\n|poke|p2|Ursaluna, L50, M|\n|poke|p2|Dragonite, L50, F|\n|poke|p2|Archaludon, L50, F|\n|poke|p2|Sinistcha, L50|\n|poke|p2|Politoed, L50, F|\n|poke|p2|Gholdengo, L50|\n|teampreview|4\n|inactive|Battle timer is ON: inactive players will automatically lose when time's up. (requested by Paradox Mourinho)\n|\n|t:|1730773205\n|start\n|switch|p1a: Archaludon|Archaludon, L50, F|100\/100\n|switch|p1b: Indeedee|Indeedee, L50, M|100\/100\n|switch|p2a: Dragonite|Dragonite, L50, F|100\/100\n|switch|p2b: Gholdengo|Gholdengo, L50|100\/100\n|-fieldstart|move: Psychic Terrain|[from] ability: Psychic Surge|[of] p1b: Indeedee\n|turn|1\n|inactive|Beccca has 30 seconds left.\n|\n|t:|1730773239\n|-terastallize|p1a: Archaludon|Stellar\n|move|p2b: Gholdengo|Make It Rain|p1b: Indeedee|[spread] p1a,p1b\n|-resisted|p1a: Archaludon\n|-damage|p1a: Archaludon|64\/100\n|-damage|p1b: Indeedee|40\/100\n|-unboost|p2b: Gholdengo|spa|1\n|move|p1b: Indeedee|Expanding Force|p2a: Dragonite|[spread] p2a,p2b\n|-resisted|p2b: Gholdengo\n|-damage|p2a: Dragonite|74\/100\n|-damage|p2b: Gholdengo|67\/100\n|move|p1a: Archaludon|Electro Shot||[still]\n|-prepare|p1a: Archaludon|Electro Shot\n|-boost|p1a: Archaludon|spa|1\n|-enditem|p1a: Archaludon|Power Herb\n|-anim|p1a: Archaludon|Electro Shot|p2b: Gholdengo\n|-damage|p2b: Gholdengo|0 fnt\n|faint|p2b: Gholdengo\n|move|p2a: Dragonite|Scale Shot|p1b: Indeedee\n|-damage|p1b: Indeedee|7\/100\n|-damage|p1b: Indeedee|0 fnt\n|faint|p1b: Indeedee\n|-hitcount|p1: Indeedee|2\n|-unboost|p2a: Dragonite|def|1\n|-boost|p2a: Dragonite|spe|1\n|\n|upkeep\n|inactive|Beccca has 30 seconds left.\n|\n|t:|1730773264\n|switch|p1b: Dondozo|Dondozo, L50, F|100\/100\n|switch|p2b: Ursaluna|Ursaluna, L50, M|100\/100\n|turn|2\n|\n|t:|1730773273\n|switch|p1a: Tatsugiri|Tatsugiri, L50, M|100\/100\n|-activate|p1a: Tatsugiri|ability: Commander|[of] p1b: Dondozo\n|-boost|p1b: Dondozo|atk|2\n|-boost|p1b: Dondozo|spa|2\n|-boost|p1b: Dondozo|spe|2\n|-boost|p1b: Dondozo|def|2\n|-boost|p1b: Dondozo|spd|2\n|move|p2b: Ursaluna|Protect|p2b: Ursaluna\n|-singleturn|p2b: Ursaluna|Protect\n|move|p2a: Dragonite|Low Kick|p1a: Tatsugiri|[miss]\n|-miss|p2a: Dragonite|p1a: Tatsugiri\n|move|p1b: Dondozo|Order Up|p2a: Dragonite\n|-supereffective|p2a: Dragonite\n|-damage|p2a: Dragonite|0 fnt\n|faint|p2a: Dragonite\n|-boost|p1b: Dondozo|atk|1\n|\n|-status|p2b: Ursaluna|brn|[from] item: Flame Orb\n|upkeep\n|\n|t:|1730773276\n|switch|p2a: Sinistcha|Sinistcha, L50|100\/100\n|turn|3\n|inactive|Beccca has 30 seconds left.\n|inactive|Beccca has 20 seconds left.\n|inactive|Beccca has 15 seconds left.\n|inactive|Beccca has 10 seconds left.\n|inactive|Beccca has 5 seconds left.\n|\n|t:|1730773327\n|-terastallize|p2b: Ursaluna|Ghost\n|move|p1b: Dondozo|Earthquake|p2b: Ursaluna|[spread] p2a,p2b\n|-miss|p1b: Dondozo|p1a: Tatsugiri\n|-resisted|p2a: Sinistcha\n|-damage|p2a: Sinistcha|77\/100\n|-damage|p2b: Ursaluna|54\/100 brn\n|move|p2b: Ursaluna|Facade|p1b: Dondozo\n|-damage|p1b: Dondozo|61\/100\n|move|p2a: Sinistcha|Trick Room|p2a: Sinistcha\n|-fieldstart|move: Trick Room|[of] p2a: Sinistcha\n|\n|-heal|p1b: Dondozo|67\/100|[from] item: Leftovers\n|-damage|p2b: Ursaluna|48\/100 brn|[from] brn\n|upkeep\n|turn|4\n|\n|t:|1730773342\n|move|p1b: Dondozo|Protect|p1b: Dondozo\n|-singleturn|p1b: Dondozo|Protect\n|move|p2b: Ursaluna|Facade|p1b: Dondozo\n|-activate|p1b: Dondozo|move: Protect\n|move|p2a: Sinistcha|Life Dew|p2a: Sinistcha|[spread] p2a,p2b\n|-heal|p2a: Sinistcha|100\/100\n|-heal|p2b: Ursaluna|73\/100 brn\n|\n|-heal|p1b: Dondozo|73\/100|[from] item: Leftovers\n|-damage|p2b: Ursaluna|67\/100 brn|[from] brn\n|upkeep\n|turn|5\n|\n|t:|1730773362\n|move|p2b: Ursaluna|Facade|p1b: Dondozo\n|-damage|p1b: Dondozo|31\/100\n|move|p2a: Sinistcha|Matcha Gotcha|p1a: Tatsugiri|[spread] p1b\n|-miss|p2a: Sinistcha|p1a: Tatsugiri\n|-supereffective|p1b: Dondozo\n|-damage|p1b: Dondozo|4\/100\n|-status|p1b: Dondozo|brn\n|move|p1b: Dondozo|Order Up|p2a: Sinistcha\n|-damage|p2a: Sinistcha|77\/100\n|-boost|p1b: Dondozo|atk|1\n|\n|-heal|p1b: Dondozo|10\/100 brn|[from] item: Leftovers\n|-damage|p2b: Ursaluna|61\/100 brn|[from] brn\n|-damage|p1b: Dondozo|4\/100 brn|[from] brn\n|-fieldend|move: Psychic Terrain\n|upkeep\n|turn|6\n|\n|t:|1730773384\n|move|p1b: Dondozo|Protect|p1b: Dondozo\n|-singleturn|p1b: Dondozo|Protect\n|move|p2b: Ursaluna|Facade|p1b: Dondozo\n|-activate|p1b: Dondozo|move: Protect\n|move|p2a: Sinistcha|Life Dew|p2a: Sinistcha|[spread] p2a,p2b\n|-heal|p2a: Sinistcha|100\/100\n|-heal|p2b: Ursaluna|86\/100 brn\n|\n|-heal|p1b: Dondozo|10\/100 brn|[from] item: Leftovers\n|-damage|p2b: Ursaluna|80\/100 brn|[from] brn\n|-damage|p1b: Dondozo|4\/100 brn|[from] brn\n|upkeep\n|turn|7\n|\n|t:|1730773405\n|move|p2b: Ursaluna|Facade|p1b: Dondozo\n|-damage|p1b: Dondozo|0 fnt\n|faint|p1b: Dondozo\n|move|p2a: Sinistcha|Life Dew||[still]|[spread] p2a,p2b\n|-fail|p2a: Sinistcha|heal\n|-heal|p2b: Ursaluna|100\/100 brn\n|\n|-damage|p2b: Ursaluna|95\/100 brn|[from] brn\n|-fieldend|move: Trick Room\n|upkeep\n|\n|t:|1730773415\n|switch|p1b: Archaludon|Archaludon, L50, F, tera:Stellar|64\/100\n|turn|8\n|inactive|Beccca has 30 seconds left.\n|inactive|Beccca has 20 seconds left.\n|inactive|Beccca has 15 seconds left.\n|inactive|Beccca has 10 seconds left.\n|inactive|Beccca has 5 seconds left.\n|\n|t:|1730773469\n|move|p2a: Sinistcha|Rage Powder|p2a: Sinistcha\n|-singleturn|p2a: Sinistcha|move: Rage Powder\n|move|p1b: Archaludon|Dragon Pulse|p2a: Sinistcha\n|-damage|p2a: Sinistcha|38\/100\n|-enditem|p2a: Sinistcha|Sitrus Berry|[eat]\n|-heal|p2a: Sinistcha|62\/100|[from] item: Sitrus Berry\n|move|p1a: Tatsugiri|Draco Meteor|p2a: Sinistcha|[miss]\n|-miss|p1a: Tatsugiri|p2a: Sinistcha\n|move|p2b: Ursaluna|Earthquake|p1b: Archaludon|[spread] p2a,p1a,p1b\n|-resisted|p2a: Sinistcha\n|-supereffective|p1b: Archaludon\n|-damage|p2a: Sinistcha|37\/100\n|-damage|p1a: Tatsugiri|0 fnt\n|-damage|p1b: Archaludon|0 fnt\n|faint|p1a: Tatsugiri\n|faint|p1b: Archaludon\n|\n|win|Paradox Mourinho\n|raw|Beccca's rating: 1716 &rarr; <strong>1693<\/strong><br \/>(-23 for losing)\n|raw|Paradox Mourinho's rating: 1660 &rarr; <strong>1683<\/strong><br \/>(+23 for winning)\n|l|\u2606Paradox Mourinho\n|player|p2|\n|l|\u2606Beccca\n|player|p1|\n","uploadtime":1730773695,"views":18,"formatid":"gen9vgc2024regh","rating":1683,"private":0,"password":null}