{"id":"gen9vgc2024regh-2237548084","format":"[Gen 9] VGC 2024 Reg H","players":["caZISA","Betsie"],"log":"|j|\u2606caZISA\n|j|\u2606Betsie\n|t:|1730767007\n|gametype|doubles\n|player|p1|caZISA|red|1753\n|player|p2|Betsie|grimsley-masters|1664\n|teamsize|p1|6\n|teamsize|p2|6\n|gen|9\n|tier|[Gen 9] VGC 2024 Reg H\n|rated|\n|rule|Species Clause: Limit one of each Pok\u00e9mon\n|rule|Item Clause: Limit 1 of each item\n|clearpoke\n|poke|p1|Gothitelle, L50, F|\n|poke|p1|Ursaluna, L50, M|\n|poke|p1|Amoonguss, L50, M|\n|poke|p1|Torkoal, L50, F|\n|poke|p1|Flamigo, L50, M|\n|poke|p1|Gholdengo, L50|\n|poke|p2|Sneasler, L50, M|\n|poke|p2|Rillaboom, L50, M|\n|poke|p2|Primarina, L50, M|\n|poke|p2|Incineroar, L50, M|\n|poke|p2|Archaludon, L50, F|\n|poke|p2|Electabuzz, L50, M|\n|teampreview|4\n|inactive|Battle timer is ON: inactive players will automatically lose when time's up. (requested by Betsie)\n|j| falcon108\n|inactive|caZISA has 60 seconds left.\n|inactive|Betsie has 60 seconds left.\n|\n|t:|1730767060\n|start\n|switch|p1a: Vanessa|Gothitelle, L50, F|100\/100\n|switch|p1b: Flamigo|Flamigo, L50, M|100\/100\n|switch|p2a: Incineroar|Incineroar, L50, M|100\/100\n|switch|p2b: Primarina|Primarina, L50, M|100\/100\n|-ability|p2a: Incineroar|Intimidate|boost\n|-unboost|p1a: Vanessa|atk|1\n|-fail|p1b: Flamigo|unboost|Attack|[from] ability: Scrappy|[of] p1b: Flamigo\n|turn|1\n|j| stbai\n|\n|t:|1730767071\n|move|p1b: Flamigo|Protect|p1b: Flamigo\n|-singleturn|p1b: Flamigo|Protect\n|move|p1a: Vanessa|Protect|p1a: Vanessa\n|-singleturn|p1a: Vanessa|Protect\n|move|p2a: Incineroar|Fake Out|p1a: Vanessa\n|-activate|p1a: Vanessa|move: Protect\n|move|p2b: Primarina|Hyper Voice|p1b: Flamigo|[spread] \n|-activate|p1a: Vanessa|move: Protect\n|-activate|p1b: Flamigo|move: Protect\n|\n|upkeep\n|turn|2\n|\n|t:|1730767078\n|move|p1b: Flamigo|Close Combat|p2a: Incineroar\n|-supereffective|p2a: Incineroar\n|-damage|p2a: Incineroar|14\/100\n|-unboost|p1b: Flamigo|def|1\n|-unboost|p1b: Flamigo|spd|1\n|move|p2b: Primarina|Moonblast|p1a: Vanessa\n|-crit|p1a: Vanessa\n|-damage|p1a: Vanessa|46\/100\n|move|p2a: Incineroar|Knock Off|p1a: Vanessa\n|-supereffective|p1a: Vanessa\n|-crit|p1a: Vanessa\n|-damage|p1a: Vanessa|0 fnt\n|-enditem|p1a: Vanessa|Covert Cloak|[from] move: Knock Off|[of] p2a: Incineroar\n|faint|p1a: Vanessa\n|\n|upkeep\n|\n|t:|1730767091\n|switch|p1a: Torkoal|Torkoal, L50, F|100\/100\n|-weather|SunnyDay|[from] ability: Drought|[of] p1a: Torkoal\n|turn|3\n|\n|t:|1730767104\n|move|p2b: Primarina|Protect|p2b: Primarina\n|-singleturn|p2b: Primarina|Protect\n|move|p1b: Flamigo|Dual Wingbeat|p2a: Incineroar\n|-crit|p2a: Incineroar\n|-damage|p2a: Incineroar|0 fnt\n|faint|p2a: Incineroar\n|-hitcount|p2: Incineroar|1\n|move|p1a: Torkoal|Heat Wave|p2b: Primarina\n|-activate|p2b: Primarina|move: Protect\n|\n|-weather|SunnyDay|[upkeep]\n|upkeep\n|\n|t:|1730767109\n|switch|p2a: Rillaboom|Rillaboom, L50, M|100\/100\n|-fieldstart|move: Grassy Terrain|[from] ability: Grassy Surge|[of] p2a: Rillaboom\n|turn|4\n|\n|t:|1730767115\n|-terastallize|p2a: Rillaboom|Fire\n|move|p1b: Flamigo|Protect|p1b: Flamigo\n|-singleturn|p1b: Flamigo|Protect\n|move|p1a: Torkoal|Protect|p1a: Torkoal\n|-singleturn|p1a: Torkoal|Protect\n|move|p2a: Rillaboom|Fake Out|p1b: Flamigo\n|-activate|p1b: Flamigo|move: Protect\n|move|p2b: Primarina|Hyper Voice|p1b: Flamigo|[spread] \n|-activate|p1a: Torkoal|move: Protect\n|-activate|p1b: Flamigo|move: Protect\n|\n|-weather|SunnyDay|[upkeep]\n|upkeep\n|turn|5\n|\n|t:|1730767133\n|move|p1b: Flamigo|Dual Wingbeat|p2b: Primarina\n|-damage|p2b: Primarina|79\/100\n|-damage|p2b: Primarina|55\/100\n|-hitcount|p2b: Primarina|2\n|move|p2a: Rillaboom|High Horsepower|p1a: Torkoal\n|-supereffective|p1a: Torkoal\n|-damage|p1a: Torkoal|49\/100\n|move|p2b: Primarina|Moonblast|p1b: Flamigo\n|-supereffective|p1b: Flamigo\n|-enditem|p1b: Flamigo|Focus Sash\n|-damage|p1b: Flamigo|1\/100\n|-unboost|p1b: Flamigo|spa|1\n|move|p1a: Torkoal|Heat Wave|p2a: Rillaboom|[spread] p2a,p2b\n|-resisted|p2a: Rillaboom\n|-resisted|p2b: Primarina\n|-damage|p2a: Rillaboom|80\/100\n|-damage|p2b: Primarina|32\/100\n|\n|-weather|SunnyDay|[upkeep]\n|-heal|p2a: Rillaboom|86\/100|[from] Grassy Terrain\n|-heal|p2b: Primarina|38\/100|[from] Grassy Terrain\n|-heal|p1a: Torkoal|56\/100|[from] Grassy Terrain\n|upkeep\n|turn|6\n|\n|t:|1730767149\n|move|p1b: Flamigo|Protect|p1b: Flamigo\n|-singleturn|p1b: Flamigo|Protect\n|move|p1a: Torkoal|Protect|p1a: Torkoal\n|-singleturn|p1a: Torkoal|Protect\n|move|p2a: Rillaboom|Grassy Glide|p1b: Flamigo\n|-activate|p1b: Flamigo|move: Protect\n|move|p2b: Primarina|Hyper Voice|p1b: Flamigo|[spread] \n|-activate|p1a: Torkoal|move: Protect\n|-activate|p1b: Flamigo|move: Protect\n|\n|-weather|SunnyDay|[upkeep]\n|-heal|p2a: Rillaboom|91\/100|[from] Grassy Terrain\n|-heal|p2b: Primarina|44\/100|[from] Grassy Terrain\n|-heal|p1a: Torkoal|62\/100|[from] Grassy Terrain\n|upkeep\n|turn|7\n|\n|t:|1730767161\n|move|p2a: Rillaboom|Grassy Glide|p1b: Flamigo\n|-resisted|p1b: Flamigo\n|-damage|p1b: Flamigo|0 fnt\n|faint|p1b: Flamigo\n|move|p2b: Primarina|Moonblast|p1a: Torkoal\n|-resisted|p1a: Torkoal\n|-damage|p1a: Torkoal|28\/100\n|move|p1a: Torkoal|Heat Wave|p2a: Rillaboom|[spread] p2a,p2b\n|-resisted|p2a: Rillaboom\n|-resisted|p2b: Primarina\n|-damage|p2a: Rillaboom|73\/100\n|-damage|p2b: Primarina|17\/100\n|\n|-weather|none\n|-heal|p2a: Rillaboom|79\/100|[from] Grassy Terrain\n|-heal|p2b: Primarina|23\/100|[from] Grassy Terrain\n|-heal|p1a: Torkoal|34\/100|[from] Grassy Terrain\n|upkeep\n|\n|t:|1730767164\n|switch|p1b: Freddy|Ursaluna, L50, M|100\/100\n|turn|8\n|\n|t:|1730767176\n|move|p1b: Freddy|Protect|p1b: Freddy\n|-singleturn|p1b: Freddy|Protect\n|move|p1a: Torkoal|Protect|p1a: Torkoal\n|-singleturn|p1a: Torkoal|Protect\n|move|p2a: Rillaboom|Wood Hammer|p1b: Freddy\n|-activate|p1b: Freddy|move: Protect\n|move|p2b: Primarina|Hyper Voice|p1a: Torkoal|[spread] \n|-activate|p1a: Torkoal|move: Protect\n|-activate|p1b: Freddy|move: Protect\n|\n|-heal|p2a: Rillaboom|85\/100|[from] Grassy Terrain\n|-heal|p2b: Primarina|29\/100|[from] Grassy Terrain\n|-heal|p1a: Torkoal|40\/100|[from] Grassy Terrain\n|-fieldend|move: Grassy Terrain\n|-status|p1b: Freddy|brn|[from] item: Flame Orb\n|upkeep\n|turn|9\n|\n|t:|1730767186\n|-terastallize|p1b: Freddy|Ghost\n|move|p2a: Rillaboom|Wood Hammer|p1b: Freddy\n|-crit|p1b: Freddy\n|-damage|p1b: Freddy|31\/100 brn\n|-damage|p2a: Rillaboom|58\/100|[from] Recoil\n|move|p2b: Primarina|Hyper Voice|p1b: Freddy|[spread] p1a,p1b\n|-supereffective|p1a: Torkoal\n|-damage|p1a: Torkoal|0 fnt\n|-damage|p1b: Freddy|0 fnt\n|faint|p1a: Torkoal\n|faint|p1b: Freddy\n|-enditem|p2b: Primarina|Throat Spray\n|\n|win|Betsie\n|raw|caZISA's rating: 1753 &rarr; <strong>1728<\/strong><br \/>(-25 for losing)\n|raw|Betsie's rating: 1664 &rarr; <strong>1689<\/strong><br \/>(+25 for winning)\n|l|\u2606caZISA\n|player|p1|\n","uploadtime":1730767325,"views":18,"formatid":"gen9vgc2024regh","rating":1689,"private":0,"password":null}