{"id":"gen9vgc2024regh-2237567292","format":"[Gen 9] VGC 2024 Reg H","players":["CombatWombat925","Breshnek"],"log":"|j|\u2606CombatWombat925\n|j|\u2606Breshnek\n|t:|1730769261\n|gametype|doubles\n|player|p1|CombatWombat925|steven|1644\n|player|p2|Breshnek|169|1753\n|teamsize|p1|6\n|teamsize|p2|6\n|gen|9\n|tier|[Gen 9] VGC 2024 Reg H\n|rated|\n|rule|Species Clause: Limit one of each Pok\u00e9mon\n|rule|Item Clause: Limit 1 of each item\n|clearpoke\n|poke|p1|Annihilape, L50, M|\n|poke|p1|Whimsicott, L50, M|\n|poke|p1|Dragonite, L50, F|\n|poke|p1|Incineroar, L50, F|\n|poke|p1|Ursaluna-Bloodmoon, L50, M|\n|poke|p1|Gholdengo, L50|\n|poke|p2|Sneasler, L50, F|\n|poke|p2|Indeedee-F, L50, F|\n|poke|p2|Delphox, L50, M|\n|poke|p2|Excadrill, L50, M|\n|poke|p2|Tyranitar, L50, F|\n|poke|p2|Drifblim, L50, F|\n|teampreview|4\n|\n|t:|1730769315\n|start\n|switch|p1a: Incineroar|Incineroar, L50, F|100\/100\n|switch|p1b: Dragonite|Dragonite, L50, F|100\/100\n|switch|p2a: Sneasler|Sneasler, L50, F|100\/100\n|switch|p2b: Excadrill|Excadrill, L50, M|100\/100\n|-ability|p1a: Incineroar|Intimidate|boost\n|-unboost|p2a: Sneasler|atk|1\n|-unboost|p2b: Excadrill|atk|1\n|-enditem|p2a: Sneasler|White Herb\n|-clearnegativeboost|p2a: Sneasler|[silent]\n|turn|1\n|inactive|Battle timer is ON: inactive players will automatically lose when time's up. (requested by Breshnek)\n|\n|t:|1730769336\n|switch|p1a: Gholdengo|Gholdengo, L50|100\/100\n|move|p2a: Sneasler|Coaching|p2b: Excadrill\n|-boost|p2b: Excadrill|atk|1\n|-boost|p2b: Excadrill|def|1\n|move|p2b: Excadrill|High Horsepower|p1a: Gholdengo|[miss]\n|-miss|p2b: Excadrill|p1a: Gholdengo\n|move|p1b: Dragonite|Scale Shot|p2a: Sneasler\n|-damage|p2a: Sneasler|73\/100\n|-damage|p2a: Sneasler|47\/100\n|-damage|p2a: Sneasler|19\/100\n|-damage|p2a: Sneasler|0 fnt\n|faint|p2a: Sneasler\n|-hitcount|p2: Sneasler|4\n|-unboost|p1b: Dragonite|def|1\n|-boost|p1b: Dragonite|spe|1\n|\n|upkeep\n|\n|t:|1730769355\n|switch|p2a: Tyranitar|Tyranitar, L50, F|100\/100\n|-weather|Sandstorm|[from] ability: Sand Stream|[of] p2a: Tyranitar\n|turn|2\n|\n|t:|1730769375\n|switch|p1a: Incineroar|Incineroar, L50, F|100\/100\n|-ability|p1a: Incineroar|Intimidate|boost\n|-unboost|p2a: Tyranitar|atk|1\n|-unboost|p2b: Excadrill|atk|1\n|-terastallize|p1b: Dragonite|Steel\n|move|p2b: Excadrill|High Horsepower|p1a: Incineroar\n|-supereffective|p1a: Incineroar\n|-damage|p1a: Incineroar|43\/100\n|move|p1b: Dragonite|Scale Shot|p2a: Tyranitar\n|-damage|p2a: Tyranitar|87\/100\n|-damage|p2a: Tyranitar|74\/100\n|-damage|p2a: Tyranitar|61\/100\n|-damage|p2a: Tyranitar|48\/100\n|-damage|p2a: Tyranitar|36\/100\n|-hitcount|p2a: Tyranitar|5\n|-unboost|p1b: Dragonite|def|1\n|-boost|p1b: Dragonite|spe|1\n|move|p2a: Tyranitar|Rock Slide|p1b: Dragonite|[spread] p1a\n|-miss|p2a: Tyranitar|p1b: Dragonite\n|-supereffective|p1a: Incineroar\n|-damage|p1a: Incineroar|10\/100\n|\n|-weather|Sandstorm|[upkeep]\n|upkeep\n|turn|3\n|inactive|Breshnek has 30 seconds left.\n|inactive|CombatWombat925 has 30 seconds left.\n|inactive|Breshnek has 20 seconds left.\n|inactive|CombatWombat925 has 20 seconds left.\n|inactive|CombatWombat925 has 15 seconds left.\n|inactive|CombatWombat925 has 10 seconds left.\n|\n|t:|1730769427\n|switch|p2a: Indeedee|Indeedee-F, L50, F|100\/100\n|-fieldstart|move: Psychic Terrain|[from] ability: Psychic Surge|[of] p2a: Indeedee\n|move|p2b: Excadrill|Earthquake|p1b: Dragonite|[spread] p2a,p1a,p1b\n|-crit|p2a: Indeedee\n|-supereffective|p1a: Incineroar\n|-supereffective|p1b: Dragonite\n|-damage|p2a: Indeedee|34\/100\n|-damage|p1a: Incineroar|0 fnt\n|-damage|p1b: Dragonite|32\/100\n|faint|p1a: Incineroar\n|move|p1b: Dragonite|Scale Shot|p2a: Indeedee\n|-damage|p2a: Indeedee|21\/100\n|-damage|p2a: Indeedee|7\/100\n|-damage|p2a: Indeedee|0 fnt\n|faint|p2a: Indeedee\n|-hitcount|p2: Indeedee|3\n|-unboost|p1b: Dragonite|def|1\n|-boost|p1b: Dragonite|spe|1\n|\n|-weather|Sandstorm|[upkeep]\n|upkeep\n|\n|t:|1730769450\n|switch|p1a: Annihilape|Annihilape, L50, M|100\/100\n|switch|p2a: Tyranitar|Tyranitar, L50, F|36\/100\n|turn|4\n|\n|t:|1730769458\n|-terastallize|p2a: Tyranitar|Flying\n|move|p1b: Dragonite|Scale Shot|p2a: Tyranitar\n|-damage|p2a: Tyranitar|24\/100\n|-damage|p2a: Tyranitar|11\/100\n|-damage|p2a: Tyranitar|0 fnt\n|faint|p2a: Tyranitar\n|-hitcount|p2: Tyranitar|3\n|-unboost|p1b: Dragonite|def|1\n|-boost|p1b: Dragonite|spe|1\n|move|p2b: Excadrill|Earthquake|p1a: Annihilape|[spread] p1a,p1b\n|-crit|p1a: Annihilape\n|-supereffective|p1b: Dragonite\n|-damage|p1a: Annihilape|31\/100\n|-damage|p1b: Dragonite|0 fnt\n|-enditem|p1a: Annihilape|Sitrus Berry|[eat]\n|-heal|p1a: Annihilape|56\/100|[from] item: Sitrus Berry\n|faint|p1b: Dragonite\n|move|p1a: Annihilape|Drain Punch|p2b: Excadrill\n|-supereffective|p2b: Excadrill\n|-damage|p2b: Excadrill|39\/100\n|-heal|p1a: Annihilape|83\/100|[from] drain|[of] p2b: Excadrill\n|\n|-weather|Sandstorm|[upkeep]\n|-damage|p1a: Annihilape|77\/100|[from] Sandstorm\n|upkeep\n|\n|t:|1730769477\n|switch|p1b: Gholdengo|Gholdengo, L50|100\/100\n|turn|5\n|\n|t:|1730769485\n|move|p2b: Excadrill|Earthquake|p1b: Gholdengo|[spread] p1a,p1b\n|-supereffective|p1b: Gholdengo\n|-damage|p1a: Annihilape|45\/100\n|-damage|p1b: Gholdengo|34\/100\n|move|p1a: Annihilape|Drain Punch|p2b: Excadrill\n|-supereffective|p2b: Excadrill\n|-damage|p2b: Excadrill|0 fnt\n|-heal|p1a: Annihilape|63\/100|[from] drain|[of] p2b: Excadrill\n|faint|p2b: Excadrill\n|\n|win|CombatWombat925\n|raw|CombatWombat925's rating: 1644 &rarr; <strong>1670<\/strong><br \/>(+26 for winning)\n|raw|Breshnek's rating: 1753 &rarr; <strong>1727<\/strong><br \/>(-26 for losing)\n|l|\u2606CombatWombat925\n|player|p1|\n|l|\u2606Breshnek\n|player|p2|\n","uploadtime":1730769650,"views":25,"formatid":"gen9vgc2024regh","rating":1670,"private":0,"password":null}