{"id":"gen9vgc2024regh-2237385965","format":"[Gen 9] VGC 2024 Reg H","players":["Snorlax Double","CabbageConnoisseur"],"log":"|j|\u2606Snorlax Double\n|j|\u203dCabbageConnoisseur\n|t:|1730749787\n|gametype|doubles\n|player|p1|Snorlax Double|wallace|1683\n|player|p2|CabbageConnoisseur|265|1686\n|teamsize|p1|6\n|teamsize|p2|6\n|gen|9\n|tier|[Gen 9] VGC 2024 Reg H\n|rated|\n|rule|Species Clause: Limit one of each Pok\u00e9mon\n|rule|Item Clause: Limit 1 of each item\n|clearpoke\n|poke|p1|Volcarona, L50, F|\n|poke|p1|Sneasler, L50, F|\n|poke|p1|Rillaboom, L50, F|\n|poke|p1|Annihilape, L50, F|\n|poke|p1|Maushold, L50|\n|poke|p1|Dragonite, L50, M|\n|poke|p2|Ursaluna-Bloodmoon, L50, M|\n|poke|p2|Grimmsnarl, L50, M|\n|poke|p2|Archaludon, L50, M|\n|poke|p2|Ninetales-Alola, L50, F|\n|poke|p2|Annihilape, L50, M|\n|poke|p2|Magmar, L50, M|\n|teampreview|4\n|j| Elv3r G4larga\n|\n|t:|1730749861\n|start\n|switch|p1a: Volcarona|Volcarona, L50, F|100\/100\n|switch|p1b: Rillaboom|Rillaboom, L50, F|100\/100\n|switch|p2a: Ursaluna|Ursaluna-Bloodmoon, L50, M|100\/100\n|switch|p2b: Grimmsnarl|Grimmsnarl, L50, M|100\/100\n|-fieldstart|move: Grassy Terrain|[from] ability: Grassy Surge|[of] p1b: Rillaboom\n|turn|1\n|\n|t:|1730749882\n|-terastallize|p2a: Ursaluna|Ghost\n|move|p1b: Rillaboom|Fake Out|p2a: Ursaluna\n|-immune|p2a: Ursaluna\n|move|p2b: Grimmsnarl|Thunder Wave|p1a: Volcarona\n|-status|p1a: Volcarona|par\n|move|p2a: Ursaluna|Blood Moon|p1a: Volcarona\n|-damage|p1a: Volcarona|34\/100 par\n|move|p1a: Volcarona|Quiver Dance|p1a: Volcarona\n|-boost|p1a: Volcarona|spa|1\n|-boost|p1a: Volcarona|spd|1\n|-boost|p1a: Volcarona|spe|1\n|\n|-heal|p1a: Volcarona|40\/100 par|[from] Grassy Terrain\n|-heal|p1a: Volcarona|47\/100 par|[from] item: Leftovers\n|upkeep\n|turn|2\n|\n|t:|1730749895\n|move|p2b: Grimmsnarl|Reflect|p2b: Grimmsnarl\n|-sidestart|p2: CabbageConnoisseur|Reflect\n|move|p1a: Volcarona|Heat Wave|p2a: Ursaluna|[spread] p2a\n|-miss|p1a: Volcarona|p2b: Grimmsnarl\n|-damage|p2a: Ursaluna|54\/100\n|move|p1b: Rillaboom|Wood Hammer|p2a: Ursaluna\n|-damage|p2a: Ursaluna|19\/100\n|-damage|p1b: Rillaboom|88\/100|[from] Recoil\n|move|p2a: Ursaluna|Hyper Voice|p1a: Volcarona|[spread] p1a,p1b\n|-damage|p1a: Volcarona|21\/100 par\n|-damage|p1b: Rillaboom|60\/100\n|\n|-heal|p1a: Volcarona|27\/100 par|[from] Grassy Terrain\n|-heal|p1a: Volcarona|34\/100 par|[from] item: Leftovers\n|-heal|p1b: Rillaboom|66\/100|[from] Grassy Terrain\n|-heal|p2a: Ursaluna|25\/100|[from] Grassy Terrain\n|upkeep\n|turn|3\n|\n|t:|1730749916\n|switch|p2a: Magmar|Magmar, L50, M|100\/100\n|cant|p1a: Volcarona|par\n|move|p2b: Grimmsnarl|Light Screen|p2b: Grimmsnarl\n|-sidestart|p2: CabbageConnoisseur|move: Light Screen\n|move|p1b: Rillaboom|Wood Hammer|p2a: Magmar\n|-resisted|p2a: Magmar\n|-damage|p2a: Magmar|78\/100\n|-damage|p1b: Rillaboom|60\/100|[from] Recoil\n|\n|-heal|p1a: Volcarona|40\/100 par|[from] Grassy Terrain\n|-heal|p1a: Volcarona|46\/100 par|[from] item: Leftovers\n|-heal|p2a: Magmar|84\/100|[from] Grassy Terrain\n|-heal|p1b: Rillaboom|66\/100|[from] Grassy Terrain\n|upkeep\n|turn|4\n|\n|t:|1730749930\n|switch|p1b: Maushold|Maushold, L50|100\/100\n|move|p2b: Grimmsnarl|Thunder Wave|p1b: Maushold\n|-status|p1b: Maushold|par\n|move|p1a: Volcarona|Quiver Dance|p1a: Volcarona\n|-boost|p1a: Volcarona|spa|1\n|-boost|p1a: Volcarona|spd|1\n|-boost|p1a: Volcarona|spe|1\n|move|p2a: Magmar|Clear Smog|p1a: Volcarona\n|-damage|p1a: Volcarona|42\/100 par\n|-clearboost|p1a: Volcarona\n|\n|-heal|p2a: Magmar|89\/100|[from] Grassy Terrain\n|-heal|p1a: Volcarona|48\/100 par|[from] Grassy Terrain\n|-heal|p1a: Volcarona|54\/100 par|[from] item: Leftovers\n|upkeep\n|turn|5\n|\n|t:|1730749953\n|move|p2a: Magmar|Heat Wave|p1a: Volcarona|[spread] p1b\n|-miss|p2a: Magmar|p1a: Volcarona\n|-damage|p1b: Maushold|71\/100 par\n|move|p2b: Grimmsnarl|Foul Play|p1b: Maushold\n|-damage|p1b: Maushold|45\/100 par\n|move|p1b: Maushold|Super Fang|p2a: Magmar\n|-damage|p2a: Magmar|45\/100\n|move|p1a: Volcarona|Heat Wave|p2b: Grimmsnarl|[spread] p2a,p2b\n|-resisted|p2a: Magmar\n|-crit|p2b: Grimmsnarl\n|-damage|p2a: Magmar|36\/100\n|-damage|p2b: Grimmsnarl|43\/100\n|\n|-heal|p2a: Magmar|42\/100|[from] Grassy Terrain\n|-heal|p2b: Grimmsnarl|49\/100|[from] Grassy Terrain\n|-heal|p1b: Maushold|51\/100 par|[from] Grassy Terrain\n|-heal|p1a: Volcarona|60\/100 par|[from] Grassy Terrain\n|-heal|p1a: Volcarona|66\/100 par|[from] item: Leftovers\n|-fieldend|move: Grassy Terrain\n|upkeep\n|turn|6\n|j| Therazer456\n|\n|t:|1730749984\n|switch|p2b: Annihilape|Annihilape, L50, M|100\/100\n|move|p2a: Magmar|Heat Wave|p1a: Volcarona|[spread] p1b\n|-miss|p2a: Magmar|p1a: Volcarona\n|-damage|p1b: Maushold|23\/100 par\n|cant|p1b: Maushold|par\n|move|p1a: Volcarona|Heat Wave|p2a: Magmar|[spread] p2a,p2b\n|-resisted|p2a: Magmar\n|-crit|p2a: Magmar\n|-damage|p2a: Magmar|23\/100\n|-damage|p2b: Annihilape|80\/100\n|-status|p2b: Annihilape|brn\n|\n|-heal|p2b: Annihilape|86\/100 brn|[from] item: Leftovers\n|-heal|p1a: Volcarona|72\/100 par|[from] item: Leftovers\n|-damage|p2b: Annihilape|80\/100 brn|[from] brn\n|upkeep\n|turn|7\n|\n|t:|1730750015\n|move|p2b: Annihilape|Bulk Up|p2b: Annihilape\n|-boost|p2b: Annihilape|atk|1\n|-boost|p2b: Annihilape|def|1\n|move|p2a: Magmar|Heat Wave|p1a: Volcarona|[spread] p1a,p1b\n|-damage|p1a: Volcarona|56\/100 par\n|-damage|p1b: Maushold|0 fnt\n|faint|p1b: Maushold\n|move|p1a: Volcarona|Quiver Dance|p1a: Volcarona\n|-boost|p1a: Volcarona|spa|1\n|-boost|p1a: Volcarona|spd|1\n|-boost|p1a: Volcarona|spe|1\n|\n|-heal|p2b: Annihilape|86\/100 brn|[from] item: Leftovers\n|-heal|p1a: Volcarona|62\/100 par|[from] item: Leftovers\n|-damage|p2b: Annihilape|80\/100 brn|[from] brn\n|upkeep\n|\n|t:|1730750027\n|switch|p1b: Sneasler|Sneasler, L50, F|100\/100\n|turn|8\n|\n|t:|1730750044\n|switch|p2a: Ursaluna|Ursaluna-Bloodmoon, L50, M, tera:Ghost|25\/100\n|-terastallize|p1a: Volcarona|Fairy\n|move|p1b: Sneasler|Close Combat|p2a: Ursaluna\n|-immune|p2a: Ursaluna\n|move|p2b: Annihilape|Drain Punch|p1b: Sneasler\n|-resisted|p1b: Sneasler\n|-damage|p1b: Sneasler|77\/100\n|-heal|p2b: Annihilape|88\/100 brn|[from] drain|[of] p1b: Sneasler\n|move|p1a: Volcarona|Tera Blast|p2b: Annihilape|[anim] Tera Blast Fairy\n|-supereffective|p2b: Annihilape\n|-damage|p2b: Annihilape|17\/100 brn\n|\n|-heal|p2b: Annihilape|23\/100 brn|[from] item: Leftovers\n|-heal|p1a: Volcarona|68\/100 par|[from] item: Leftovers\n|-damage|p2b: Annihilape|17\/100 brn|[from] brn\n|upkeep\n|turn|9\n|\n|t:|1730750080\n|move|p1b: Sneasler|Dire Claw|p2a: Ursaluna\n|-resisted|p2a: Ursaluna\n|-damage|p2a: Ursaluna|14\/100\n|move|p2b: Annihilape|Rage Fist|p1a: Volcarona\n|-damage|p1a: Volcarona|0 fnt\n|faint|p1a: Volcarona\n|move|p2a: Ursaluna|Earth Power|p1b: Sneasler\n|-supereffective|p1b: Sneasler\n|-damage|p1b: Sneasler|0 fnt\n|faint|p1b: Sneasler\n|\n|-heal|p2b: Annihilape|23\/100 brn|[from] item: Leftovers\n|-damage|p2b: Annihilape|17\/100 brn|[from] brn\n|-sideend|p2: CabbageConnoisseur|Reflect\n|upkeep\n|\n|t:|1730750090\n|switch|p1b: Rillaboom|Rillaboom, L50, F|66\/100\n|-fieldstart|move: Grassy Terrain|[from] ability: Grassy Surge|[of] p1b: Rillaboom\n|turn|10\n|\n|t:|1730750102\n|move|p2b: Annihilape|Protect|p2b: Annihilape\n|-singleturn|p2b: Annihilape|Protect\n|move|p1b: Rillaboom|Grassy Glide|p2a: Ursaluna\n|-damage|p2a: Ursaluna|0 fnt\n|faint|p2a: Ursaluna\n|\n|-heal|p2b: Annihilape|23\/100 brn|[from] Grassy Terrain\n|-heal|p2b: Annihilape|29\/100 brn|[from] item: Leftovers\n|-heal|p1b: Rillaboom|72\/100|[from] Grassy Terrain\n|-damage|p2b: Annihilape|23\/100 brn|[from] brn\n|-sideend|p2: CabbageConnoisseur|move: Light Screen\n|upkeep\n|\n|t:|1730750105\n|switch|p2a: Magmar|Magmar, L50, M|23\/100\n|turn|11\n|\n|t:|1730750115\n|move|p2a: Magmar|Follow Me|p2a: Magmar\n|-singleturn|p2a: Magmar|move: Follow Me\n|move|p2b: Annihilape|Drain Punch|p1b: Rillaboom\n|-damage|p1b: Rillaboom|44\/100\n|-heal|p2b: Annihilape|37\/100 brn|[from] drain|[of] p1b: Rillaboom\n|move|p1b: Rillaboom|High Horsepower|p2a: Magmar\n|-supereffective|p2a: Magmar\n|-damage|p2a: Magmar|0 fnt\n|faint|p2a: Magmar\n|\n|-heal|p2b: Annihilape|43\/100 brn|[from] Grassy Terrain\n|-heal|p2b: Annihilape|49\/100 brn|[from] item: Leftovers\n|-heal|p1b: Rillaboom|50\/100|[from] Grassy Terrain\n|-damage|p2b: Annihilape|43\/100 brn|[from] brn\n|upkeep\n|\n|t:|1730750117\n|switch|p2a: Grimmsnarl|Grimmsnarl, L50, M|49\/100\n|turn|12\n|\n|t:|1730750125\n|move|p2a: Grimmsnarl|Reflect|p2a: Grimmsnarl\n|-sidestart|p2: CabbageConnoisseur|Reflect\n|move|p2b: Annihilape|Drain Punch|p1b: Rillaboom\n|-damage|p1b: Rillaboom|24\/100\n|-heal|p2b: Annihilape|56\/100 brn|[from] drain|[of] p1b: Rillaboom\n|move|p1b: Rillaboom|Wood Hammer|p2b: Annihilape\n|-damage|p2b: Annihilape|18\/100 brn\n|-damage|p1b: Rillaboom|11\/100|[from] Recoil\n|\n|-heal|p2b: Annihilape|25\/100 brn|[from] Grassy Terrain\n|-heal|p2b: Annihilape|31\/100 brn|[from] item: Leftovers\n|-heal|p1b: Rillaboom|17\/100|[from] Grassy Terrain\n|-heal|p2a: Grimmsnarl|55\/100|[from] Grassy Terrain\n|-damage|p2b: Annihilape|25\/100 brn|[from] brn\n|upkeep\n|turn|13\n|\n|t:|1730750134\n|move|p2b: Annihilape|Rage Fist|p1b: Rillaboom\n|-damage|p1b: Rillaboom|0 fnt\n|faint|p1b: Rillaboom\n|\n|win|CabbageConnoisseur\n|raw|Snorlax Double's rating: 1683 &rarr; <strong>1663<\/strong><br \/>(-20 for losing)\n|raw|CabbageConnoisseur's rating: 1686 &rarr; <strong>1706<\/strong><br \/>(+20 for winning)\n|l| Elv3r G4larga\n","uploadtime":1730750309,"views":36,"formatid":"gen9vgc2024regh","rating":1663,"private":0,"password":null}