{"id":"gen9vgc2024regh-2237069067","format":"[Gen 9] VGC 2024 Reg H","players":["htotoT","Zyros Phade"],"log":"|j|\u2606htotoT\n|j|\u2606Zyros Phade\n|t:|1730714381\n|gametype|doubles\n|player|p1|htotoT|101|1833\n|player|p2|Zyros Phade|2|1730\n|teamsize|p1|6\n|teamsize|p2|6\n|gen|9\n|tier|[Gen 9] VGC 2024 Reg H\n|rated|\n|rule|Species Clause: Limit one of each Pok\u00e9mon\n|rule|Item Clause: Limit 1 of each item\n|clearpoke\n|poke|p1|Gholdengo, L50|\n|poke|p1|Murkrow, L50, F|\n|poke|p1|Pelipper, L50, M|\n|poke|p1|Archaludon, L50, M|\n|poke|p1|Amoonguss, L50, F|\n|poke|p1|Basculegion-F, L50, F|\n|poke|p2|Archaludon, L50, F|\n|poke|p2|Porygon2, L50|\n|poke|p2|Amoonguss, L50, F|\n|poke|p2|Incineroar, L50, F|\n|poke|p2|Pelipper, L50, F|\n|poke|p2|Annihilape, L50, F|\n|teampreview|4\n|inactive|Battle timer is ON: inactive players will automatically lose when time's up. (requested by htotoT)\n|\n|t:|1730714405\n|start\n|switch|p1a: Gholdengo|Gholdengo, L50|100\/100\n|switch|p1b: Amoonguss|Amoonguss, L50, F|100\/100\n|switch|p2a: Incineroar|Incineroar, L50, F|100\/100\n|switch|p2b: Archaludon|Archaludon, L50, F|100\/100\n|-ability|p2a: Incineroar|Intimidate|boost\n|-unboost|p1a: Gholdengo|atk|1\n|-unboost|p1b: Amoonguss|atk|1\n|turn|1\n|\n|t:|1730714418\n|-terastallize|p1a: Gholdengo|Steel\n|move|p2b: Archaludon|Protect|p2b: Archaludon\n|-singleturn|p2b: Archaludon|Protect\n|move|p1a: Gholdengo|Make It Rain|p2b: Archaludon|[spread] p2a\n|-activate|p2b: Archaludon|move: Protect\n|-resisted|p2a: Incineroar\n|-crit|p2a: Incineroar\n|-damage|p2a: Incineroar|26\/100\n|-unboost|p1a: Gholdengo|spa|1\n|move|p2a: Incineroar|Flare Blitz|p1b: Amoonguss\n|-supereffective|p1b: Amoonguss\n|-damage|p1b: Amoonguss|10\/100\n|-damage|p2a: Incineroar|0 fnt|[from] Recoil\n|faint|p2a: Incineroar\n|move|p1b: Amoonguss|Spore|p2b: Archaludon\n|-activate|p2b: Archaludon|move: Protect\n|\n|upkeep\n|\n|t:|1730714424\n|switch|p2a: Pelipper|Pelipper, L50, F|100\/100\n|-weather|RainDance|[from] ability: Drizzle|[of] p2a: Pelipper\n|turn|2\n|\n|t:|1730714434\n|switch|p1b: Archaludon|Archaludon, L50, M|100\/100\n|-terastallize|p2b: Archaludon|Electric\n|move|p2a: Pelipper|Muddy Water|p1b: Archaludon|[spread] p1a,p1b\n|-resisted|p1b: Archaludon\n|-damage|p1a: Gholdengo|54\/100\n|-damage|p1b: Archaludon|79\/100\n|-unboost|p1a: Gholdengo|accuracy|1\n|-ability|p1b: Archaludon|Stamina|boost\n|-boost|p1b: Archaludon|def|1\n|move|p2b: Archaludon|Electro Shot||[still]\n|-prepare|p2b: Archaludon|Electro Shot\n|-boost|p2b: Archaludon|spa|1\n|-anim|p2b: Archaludon|Electro Shot|p1a: Gholdengo\n|-damage|p1a: Gholdengo|0 fnt\n|faint|p1a: Gholdengo\n|-damage|p2b: Archaludon|91\/100|[from] item: Life Orb\n|\n|-weather|RainDance|[upkeep]\n|upkeep\n|inactive|htotoT has 30 seconds left.\n|inactive|htotoT has 20 seconds left.\n|inactive|htotoT has 15 seconds left.\n|\n|t:|1730714475\n|switch|p1a: Amoonguss|Amoonguss, L50, F|43\/100\n|turn|3\n|\n|t:|1730714478\n|move|p1a: Amoonguss|Rage Powder|p1a: Amoonguss\n|-singleturn|p1a: Amoonguss|move: Rage Powder\n|move|p2a: Pelipper|Muddy Water|p1a: Amoonguss|[spread] \n|-miss|p2a: Pelipper|p1a: Amoonguss\n|-miss|p2a: Pelipper|p1b: Archaludon\n|move|p2b: Archaludon|Electro Shot||[still]\n|-prepare|p2b: Archaludon|Electro Shot\n|-boost|p2b: Archaludon|spa|1\n|-anim|p2b: Archaludon|Electro Shot|p1b: Archaludon\n|-resisted|p1b: Archaludon\n|-damage|p1b: Archaludon|0 fnt\n|faint|p1b: Archaludon\n|-damage|p2b: Archaludon|82\/100|[from] item: Life Orb\n|\n|-weather|RainDance|[upkeep]\n|upkeep\n|\n|t:|1730714492\n|switch|p1b: Pelipper|Pelipper, L50, M|100\/100\n|turn|4\n|\n|t:|1730714505\n|move|p2a: Pelipper|Muddy Water|p1a: Amoonguss|[spread] p1a,p1b\n|-resisted|p1a: Amoonguss\n|-resisted|p1b: Pelipper\n|-damage|p1a: Amoonguss|27\/100\n|-damage|p1b: Pelipper|64\/100\n|-unboost|p1b: Pelipper|accuracy|1\n|move|p2b: Archaludon|Dragon Pulse|p1a: Amoonguss\n|-damage|p1a: Amoonguss|0 fnt\n|faint|p1a: Amoonguss\n|-damage|p2b: Archaludon|72\/100|[from] item: Life Orb\n|move|p1b: Pelipper|Weather Ball|p2b: Archaludon|[miss]\n|-miss|p1b: Pelipper|p2b: Archaludon\n|\n|-weather|RainDance|[upkeep]\n|upkeep\n|turn|5\n|-message|htotoT forfeited.\n|\n|win|Zyros Phade\n|raw|htotoT's rating: 1833 &rarr; <strong>1807<\/strong><br \/>(-26 for losing)\n|raw|Zyros Phade's rating: 1730 &rarr; <strong>1756<\/strong><br \/>(+26 for winning)\n|l|\u2606htotoT\n|player|p1|\n|l|\u2606Zyros Phade\n|player|p2|\n","uploadtime":1730714778,"views":18,"formatid":"gen9vgc2024regh","rating":1756,"private":0,"password":null}