{"id":"gen9vgc2024regh-2237360531","format":"[Gen 9] VGC 2024 Reg H","players":["Allhailhippo","judevgc"],"log":"|j|\u2606Allhailhippo\n|j|\u2606judevgc\n|t:|1730747442\n|gametype|doubles\n|player|p1|Allhailhippo|169|1744\n|player|p2|judevgc|266|1752\n|teamsize|p1|6\n|teamsize|p2|6\n|gen|9\n|tier|[Gen 9] VGC 2024 Reg H\n|rated|\n|rule|Species Clause: Limit one of each Pok\u00e9mon\n|rule|Item Clause: Limit 1 of each item\n|clearpoke\n|poke|p1|Tyranitar, L50, F|\n|poke|p1|Houndstone, L50, F|\n|poke|p1|Whimsicott, L50, M|\n|poke|p1|Gliscor, L50, M|\n|poke|p1|Klefki, L50, M|\n|poke|p1|Garchomp, L50, M|\n|poke|p2|Skeledirge, L50, F|\n|poke|p2|Maushold, L50|\n|poke|p2|Ninetales-Alola, L50, F|\n|poke|p2|Garchomp, L50, F|\n|poke|p2|Dragonite, L50, F|\n|poke|p2|Bronzong, L50|\n|teampreview|4\n|inactive|Battle timer is ON: inactive players will automatically lose when time's up. (requested by Allhailhippo)\n|\n|t:|1730747469\n|start\n|switch|p1a: Anna|Whimsicott, L50, M|100\/100\n|switch|p1b: Garchomp|Garchomp, L50, M|100\/100\n|switch|p2a: Bronzong|Bronzong, L50|100\/100\n|switch|p2b: Garchomp|Garchomp, L50, F|100\/100\n|turn|1\n|j| Sorokos\n|\n|t:|1730747483\n|move|p1b: Garchomp|Protect|p1b: Garchomp\n|-singleturn|p1b: Garchomp|Protect\n|move|p2b: Garchomp|Dragon Claw|p1b: Garchomp\n|-activate|p1b: Garchomp|move: Protect\n|move|p1a: Anna|Moonblast|p2b: Garchomp\n|-supereffective|p2b: Garchomp\n|-damage|p2b: Garchomp|24\/100\n|-unboost|p2b: Garchomp|spa|1\n|move|p2a: Bronzong|Trick Room|p2a: Bronzong\n|-fieldstart|move: Trick Room|[of] p2a: Bronzong\n|\n|upkeep\n|turn|2\n|\n|t:|1730747507\n|switch|p2a: Skeledirge|Skeledirge, L50, F|100\/100\n|move|p1a: Anna|Encore||[still]\n|-fail|p1a: Anna\n|move|p1b: Garchomp|Dragon Claw|p2b: Garchomp\n|-supereffective|p2b: Garchomp\n|-damage|p2b: Garchomp|0 fnt\n|-damage|p1b: Garchomp|88\/100|[from] ability: Rough Skin|[of] p2b: Garchomp\n|faint|p2b: Garchomp\n|-damage|p1b: Garchomp|79\/100|[from] item: Life Orb\n|\n|upkeep\n|\n|t:|1730747515\n|switch|p2b: Bronzong|Bronzong, L50|100\/100\n|turn|3\n|\n|t:|1730747534\n|-terastallize|p2a: Skeledirge|Grass\n|move|p1a: Anna|Protect|p1a: Anna\n|-singleturn|p1a: Anna|Protect\n|move|p1b: Garchomp|Protect|p1b: Garchomp\n|-singleturn|p1b: Garchomp|Protect\n|move|p2b: Bronzong|Iron Defense|p2b: Bronzong\n|-boost|p2b: Bronzong|def|2\n|move|p2a: Skeledirge|Torch Song|p1a: Anna\n|-activate|p1a: Anna|move: Protect\n|\n|upkeep\n|turn|4\n|j| BreadTest\n|\n|t:|1730747557\n|move|p2b: Bronzong|Body Press|p1b: Garchomp\n|-crit|p1b: Garchomp\n|-damage|p1b: Garchomp|4\/100\n|-damage|p2b: Bronzong|88\/100|[from] ability: Rough Skin|[of] p1b: Garchomp\n|move|p2a: Skeledirge|Torch Song|p1a: Anna\n|-supereffective|p1a: Anna\n|-damage|p1a: Anna|0 fnt\n|-boost|p2a: Skeledirge|spa|1\n|faint|p1a: Anna\n|-enditem|p2a: Skeledirge|Throat Spray\n|-boost|p2a: Skeledirge|spa|1|[from] item: Throat Spray\n|move|p1b: Garchomp|Dragon Claw|p2a: Skeledirge\n|-damage|p2a: Skeledirge|51\/100\n|-damage|p1b: Garchomp|0 fnt|[from] item: Life Orb\n|faint|p1b: Garchomp\n|\n|upkeep\n|\n|t:|1730747571\n|switch|p1a: Good Things|Tyranitar, L50, F|100\/100\n|switch|p1b: Rodent|Houndstone, L50, F|100\/100\n|-weather|Sandstorm|[from] ability: Sand Stream|[of] p1a: Good Things\n|turn|5\n|\n|t:|1730747586\n|-terastallize|p1a: Good Things|Flying\n|move|p2b: Bronzong|Body Press|p1a: Good Things\n|-resisted|p1a: Good Things\n|-damage|p1a: Good Things|79\/100\n|move|p2a: Skeledirge|Heat Wave|p1b: Rodent|[spread] p1a\n|-miss|p2a: Skeledirge|p1b: Rodent\n|-damage|p1a: Good Things|36\/100\n|move|p1a: Good Things|Tera Blast|p2a: Skeledirge|[anim] Tera Blast Flying\n|-supereffective|p2a: Skeledirge\n|-damage|p2a: Skeledirge|0 fnt\n|faint|p2a: Skeledirge\n|move|p1b: Rodent|Last Respects|p2b: Bronzong\n|-supereffective|p2b: Bronzong\n|-damage|p2b: Bronzong|30\/100\n|\n|-weather|Sandstorm|[upkeep]\n|-damage|p1a: Good Things|30\/100|[from] Sandstorm\n|-fieldend|move: Trick Room\n|upkeep\n|\n|t:|1730747597\n|switch|p2a: Ninetales|Ninetales-Alola, L50, F|100\/100\n|-weather|Snow|[from] ability: Snow Warning|[of] p2a: Ninetales\n|turn|6\n|inactive|judevgc has 30 seconds left.\n|inactive|judevgc has 20 seconds left.\n|\n|t:|1730747636\n|move|p2b: Bronzong|Helping Hand|p2a: Ninetales\n|-singleturn|p2a: Ninetales|Helping Hand|[of] p2b: Bronzong\n|move|p2a: Ninetales|Blizzard|p1b: Rodent|[spread] p1a,p1b\n|-supereffective|p1a: Good Things\n|-damage|p1a: Good Things|0 fnt\n|-damage|p1b: Rodent|11\/100\n|faint|p1a: Good Things\n|move|p1b: Rodent|Last Respects|p2a: Ninetales\n|-damage|p2a: Ninetales|5\/100\n|\n|-weather|Snow|[upkeep]\n|upkeep\n|turn|7\n|\n|t:|1730747649\n|move|p2b: Bronzong|Helping Hand|p2a: Ninetales\n|-singleturn|p2a: Ninetales|Helping Hand|[of] p2b: Bronzong\n|move|p1b: Rodent|Protect|p1b: Rodent\n|-singleturn|p1b: Rodent|Protect\n|move|p2a: Ninetales|Blizzard|p1b: Rodent\n|-activate|p1b: Rodent|move: Protect\n|\n|-weather|Snow|[upkeep]\n|upkeep\n|turn|8\n|\n|t:|1730747654\n|move|p2b: Bronzong|Helping Hand|p2a: Ninetales\n|-singleturn|p2a: Ninetales|Helping Hand|[of] p2b: Bronzong\n|move|p1b: Rodent|Protect||[still]\n|-fail|p1b: Rodent\n|move|p2a: Ninetales|Blizzard|p1b: Rodent\n|-damage|p1b: Rodent|0 fnt\n|faint|p1b: Rodent\n|\n|win|judevgc\n|raw|Allhailhippo's rating: 1744 &rarr; <strong>1724<\/strong><br \/>(-20 for losing)\n|raw|judevgc's rating: 1752 &rarr; <strong>1772<\/strong><br \/>(+20 for winning)\n|l|\u2606Allhailhippo\n|player|p1|\n|l|\u2606judevgc\n|player|p2|\n|l| Sorokos\n|l| BreadTest\n","uploadtime":1730747839,"views":34,"formatid":"gen9vgc2024regh","rating":1724,"private":0,"password":null}