{"id":"gen9vgc2024regh-2237679958","format":"[Gen 9] VGC 2024 Reg H","players":["roykeenkennedy","Zyros Phade"],"log":"|j|\u2606roykeenkennedy\n|j|\u2606Zyros Phade\n|t:|1730784746\n|gametype|doubles\n|l|\u2606Zyros Phade\n|player|p2|\n|player|p1|roykeenkennedy|alder|1733\n|player|p2|Zyros Phade|265|1655\n|teamsize|p1|6\n|teamsize|p2|6\n|gen|9\n|tier|[Gen 9] VGC 2024 Reg H\n|rated|\n|rule|Species Clause: Limit one of each Pok\u00e9mon\n|rule|Item Clause: Limit 1 of each item\n|clearpoke\n|poke|p1|Salamence, L50, F|\n|poke|p1|Incineroar, L50, F|\n|poke|p1|Weezing, L50, F|\n|poke|p1|Dragapult, L50, F|\n|poke|p1|Ursaluna-Bloodmoon, L50, M|\n|poke|p1|Volcarona, L50, M|\n|poke|p2|Archaludon, L50, M|\n|poke|p2|Porygon2, L50|\n|poke|p2|Amoonguss, L50, F|\n|poke|p2|Incineroar, L50, F|\n|poke|p2|Pelipper, L50, M|\n|poke|p2|Annihilape, L50, M|\n|teampreview|4\n|j|\u2606Zyros Phade\n|player|p2|Zyros Phade|265|\n|\n|t:|1730784771\n|start\n|switch|p1a: Weezing|Weezing, L50, F|100\/100\n|switch|p1b: Dragapult|Dragapult, L50, F|100\/100\n|switch|p2a: Incineroar|Incineroar, L50, F|100\/100\n|switch|p2b: Pelipper|Pelipper, L50, M|100\/100\n|-ability|p1a: Weezing|Neutralizing Gas\n|turn|1\n|\n|t:|1730784793\n|move|p1b: Dragapult|U-turn|p2a: Incineroar\n|-damage|p2a: Incineroar|63\/100\n|\n|t:|1730784799\n|switch|p1b: Incineroar|Incineroar, L50, F|100\/100|[from] U-turn\n|-ability|p1b: Incineroar|Intimidate|boost\n|-unboost|p2a: Incineroar|atk|1\n|-unboost|p2b: Pelipper|atk|1\n|move|p2b: Pelipper|Tailwind|p2b: Pelipper\n|-sidestart|p2: Zyros Phade|move: Tailwind\n|move|p2a: Incineroar|Knock Off|p1b: Incineroar\n|-resisted|p1b: Incineroar\n|-damage|p1b: Incineroar|87\/100\n|-enditem|p1b: Incineroar|Ability Shield|[from] move: Knock Off|[of] p2a: Incineroar\n|move|p1a: Weezing|Sludge Bomb|p2b: Pelipper\n|-damage|p2b: Pelipper|48\/100\n|\n|upkeep\n|turn|2\n|\n|t:|1730784817\n|switch|p2b: Archaludon|Archaludon, L50, M|100\/100\n|move|p1a: Weezing|Protect|p1a: Weezing\n|-singleturn|p1a: Weezing|Protect\n|move|p2a: Incineroar|Knock Off|p1a: Weezing\n|-activate|p1a: Weezing|move: Protect\n|move|p1b: Incineroar|Parting Shot|p2b: Archaludon\n|-unboost|p2b: Archaludon|atk|1\n|-unboost|p2b: Archaludon|spa|1\n|\n|t:|1730784828\n|switch|p1b: Ursaluna|Ursaluna-Bloodmoon, L50, M|100\/100|[from] Parting Shot\n|\n|upkeep\n|turn|3\n|\n|t:|1730784859\n|move|p2b: Archaludon|Protect|p2b: Archaludon\n|-singleturn|p2b: Archaludon|Protect\n|move|p2a: Incineroar|Knock Off|p1a: Weezing\n|-damage|p1a: Weezing|74\/100\n|-enditem|p1a: Weezing|Leftovers|[from] move: Knock Off|[of] p2a: Incineroar\n|move|p1a: Weezing|Will-O-Wisp|p2b: Archaludon\n|-activate|p2b: Archaludon|move: Protect\n|move|p1b: Ursaluna|Earth Power|p2b: Archaludon\n|-activate|p2b: Archaludon|move: Protect\n|\n|upkeep\n|turn|4\n|\n|t:|1730784885\n|switch|p2b: Porygon2|Porygon2, L50|100\/100\n|move|p1a: Weezing|Protect|p1a: Weezing\n|-singleturn|p1a: Weezing|Protect\n|move|p2a: Incineroar|Parting Shot|p1b: Ursaluna\n|-unboost|p1b: Ursaluna|atk|1\n|-unboost|p1b: Ursaluna|spa|1\n|\n|t:|1730784892\n|switch|p2a: Pelipper|Pelipper, L50, M|48\/100|[from] Parting Shot\n|move|p1b: Ursaluna|Earth Power|p2a: Pelipper\n|-immune|p2a: Pelipper\n|\n|-sideend|p2: Zyros Phade|move: Tailwind\n|upkeep\n|turn|5\n|\n|t:|1730784908\n|switch|p2a: Archaludon|Archaludon, L50, M|100\/100\n|switch|p1b: Incineroar|Incineroar, L50, F|87\/100\n|move|p1a: Weezing|Taunt|p2b: Porygon2\n|-start|p2b: Porygon2|move: Taunt\n|move|p2b: Porygon2|Ice Beam|p1b: Incineroar\n|-resisted|p1b: Incineroar\n|-damage|p1b: Incineroar|79\/100\n|\n|upkeep\n|turn|6\n|\n|t:|1730784927\n|move|p2a: Archaludon|Thunderbolt|p1b: Incineroar\n|-damage|p1b: Incineroar|50\/100\n|-damage|p2a: Archaludon|91\/100|[from] item: Life Orb\n|move|p1a: Weezing|Sludge Bomb|p2b: Porygon2\n|-damage|p2b: Porygon2|83\/100\n|move|p1b: Incineroar|Knock Off|p2a: Archaludon\n|-damage|p2a: Archaludon|58\/100\n|-enditem|p2a: Archaludon|Life Orb|[from] move: Knock Off|[of] p1b: Incineroar\n|move|p2b: Porygon2|Thunderbolt|p1b: Incineroar\n|-damage|p1b: Incineroar|34\/100\n|\n|upkeep\n|turn|7\n|\n|t:|1730784951\n|move|p2a: Archaludon|Dragon Pulse|p1b: Incineroar\n|-damage|p1b: Incineroar|0 fnt\n|faint|p1b: Incineroar\n|move|p1a: Weezing|Will-O-Wisp|p2a: Archaludon\n|-status|p2a: Archaludon|brn\n|move|p2b: Porygon2|Ice Beam|p1a: Weezing\n|-damage|p1a: Weezing|50\/100\n|\n|-damage|p2a: Archaludon|53\/100 brn|[from] brn\n|-end|p2b: Porygon2|move: Taunt\n|upkeep\n|\n|t:|1730784966\n|switch|p1b: Dragapult|Dragapult, L50, F|100\/100\n|turn|8\n|\n|t:|1730784975\n|-terastallize|p1b: Dragapult|Ghost\n|move|p1b: Dragapult|Outrage|p2a: Archaludon\n|-damage|p2a: Archaludon|0 fnt\n|faint|p2a: Archaludon\n|move|p1a: Weezing|Taunt|p2b: Porygon2\n|-start|p2b: Porygon2|move: Taunt\n|move|p2b: Porygon2|Ice Beam|p1b: Dragapult\n|-damage|p1b: Dragapult|70\/100\n|\n|upkeep\n|\n|t:|1730784981\n|switch|p2a: Incineroar|Incineroar, L50, F|63\/100\n|turn|9\n|\n|t:|1730784993\n|move|p1b: Dragapult|Outrage|p2b: Porygon2|[from]lockedmove\n|-damage|p2b: Porygon2|32\/100\n|-start|p1b: Dragapult|confusion|[fatigue]\n|move|p1a: Weezing|Sludge Bomb|p2b: Porygon2\n|-damage|p2b: Porygon2|15\/100\n|move|p2a: Incineroar|Knock Off|p1b: Dragapult\n|-supereffective|p1b: Dragapult\n|-damage|p1b: Dragapult|0 fnt\n|-enditem|p1b: Dragapult|Choice Band|[from] move: Knock Off|[of] p2a: Incineroar\n|faint|p1b: Dragapult\n|move|p2b: Porygon2|Ice Beam|p1a: Weezing\n|-damage|p1a: Weezing|25\/100\n|\n|upkeep\n|\n|t:|1730785008\n|switch|p1b: Ursaluna|Ursaluna-Bloodmoon, L50, M|100\/100\n|turn|10\n|\n|t:|1730785019\n|move|p1a: Weezing|Protect|p1a: Weezing\n|-singleturn|p1a: Weezing|Protect\n|move|p1b: Ursaluna|Hyper Voice|p2b: Porygon2|[spread] p2a,p2b\n|-damage|p2a: Incineroar|28\/100\n|-damage|p2b: Porygon2|0 fnt\n|faint|p2b: Porygon2\n|move|p2a: Incineroar|Knock Off|p1b: Ursaluna\n|-damage|p1b: Ursaluna|62\/100\n|-enditem|p1b: Ursaluna|Assault Vest|[from] move: Knock Off|[of] p2a: Incineroar\n|\n|upkeep\n|\n|t:|1730785024\n|switch|p2b: Pelipper|Pelipper, L50, M|48\/100\n|turn|11\n|\n|t:|1730785038\n|-terastallize|p2b: Pelipper|Water\n|move|p2b: Pelipper|Muddy Water|p1a: Weezing|[spread] p1a,p1b\n|-supereffective|p1b: Ursaluna\n|-damage|p1a: Weezing|0 fnt\n|-damage|p1b: Ursaluna|0 fnt\n|faint|p1a: Weezing\n|-end|p1a: Weezing|ability: Neutralizing Gas\n|-weather|RainDance|[from] ability: Drizzle|[of] p2b: Pelipper\n|faint|p1b: Ursaluna\n|\n|win|Zyros Phade\n|raw|roykeenkennedy's rating: 1733 &rarr; <strong>1709<\/strong><br \/>(-24 for losing)\n|raw|Zyros Phade's rating: 1655 &rarr; <strong>1679<\/strong><br \/>(+24 for winning)\n|l|\u2606Zyros Phade\n|player|p2|\n|l|\u2606roykeenkennedy\n|player|p1|\n","uploadtime":1730785301,"views":6195,"formatid":"gen9vgc2024regh","rating":1679,"private":0,"password":null}