{"id":"gen9vgc2024regh-2237992399","format":"[Gen 9] VGC 2024 Reg H","players":["ahricuthair","iceeciiceeci"],"log":"|j|\u2606ahricuthair\n|j|\u2606iceeciiceeci\n|t:|1730828328\n|gametype|doubles\n|player|p1|ahricuthair|lucas|1699\n|player|p2|iceeciiceeci|265|1702\n|teamsize|p1|6\n|teamsize|p2|6\n|gen|9\n|tier|[Gen 9] VGC 2024 Reg H\n|rated|\n|rule|Species Clause: Limit one of each Pok\u00e9mon\n|rule|Item Clause: Limit 1 of each item\n|clearpoke\n|poke|p1|Incineroar, L50, M|\n|poke|p1|Amoonguss, L50, M|\n|poke|p1|Archaludon, L50, M|\n|poke|p1|Pelipper, L50, M|\n|poke|p1|Basculegion, L50, M|\n|poke|p1|Gholdengo, L50|\n|poke|p2|Rillaboom, L50, F|\n|poke|p2|Electabuzz, L50, M|\n|poke|p2|Archaludon, L50, F|\n|poke|p2|Kingambit, L50, F|\n|poke|p2|Pelipper, L50, F|\n|poke|p2|Basculegion, L50, M|\n|teampreview|4\n|inactive|Battle timer is ON: inactive players will automatically lose when time's up. (requested by ahricuthair)\n|\n|t:|1730828367\n|start\n|switch|p1a: Pelipper|Pelipper, L50, M|100\/100\n|switch|p1b: Basculegion|Basculegion, L50, M, shiny|100\/100\n|switch|p2a: Kingambit|Kingambit, L50, F|100\/100\n|switch|p2b: Electabuzz|Electabuzz, L50, M|100\/100\n|-weather|RainDance|[from] ability: Drizzle|[of] p1a: Pelipper\n|turn|1\n|inactive|ahricuthair has 30 seconds left.\n|j| Luigi over mario\n|inactive|ahricuthair has 20 seconds left.\n|inactive|ahricuthair has 15 seconds left.\n|\n|t:|1730828407\n|-terastallize|p1b: Basculegion|Water\n|move|p2b: Electabuzz|Follow Me|p2b: Electabuzz\n|-singleturn|p2b: Electabuzz|move: Follow Me\n|move|p1b: Basculegion|Wave Crash|p2b: Electabuzz\n|-damage|p2b: Electabuzz|5\/100\n|-damage|p1b: Basculegion|73\/100|[from] Recoil\n|move|p1a: Pelipper|Weather Ball|p2b: Electabuzz\n|-damage|p2b: Electabuzz|0 fnt\n|faint|p2b: Electabuzz\n|move|p2a: Kingambit|Swords Dance|p2a: Kingambit\n|-boost|p2a: Kingambit|atk|2\n|\n|-weather|RainDance|[upkeep]\n|upkeep\n|\n|t:|1730828418\n|switch|p2b: Archaludon|Archaludon, L50, F|100\/100\n|turn|2\n|j| fairynanbawan\n|inactive|ahricuthair has 30 seconds left.\n|inactive|ahricuthair has 20 seconds left.\n|\n|t:|1730828457\n|switch|p1b: Incineroar|Incineroar, L50, M|100\/100\n|-ability|p1b: Incineroar|Intimidate|boost\n|-unboost|p2a: Kingambit|atk|1\n|-ability|p2a: Kingambit|Defiant|boost\n|-boost|p2a: Kingambit|atk|2\n|-unboost|p2b: Archaludon|atk|1\n|move|p2a: Kingambit|Sucker Punch||[still]\n|-fail|p2a: Kingambit\n|move|p1a: Pelipper|Weather Ball|p2a: Kingambit\n|-damage|p2a: Kingambit|38\/100\n|move|p2b: Archaludon|Electro Shot||[still]\n|-prepare|p2b: Archaludon|Electro Shot\n|-boost|p2b: Archaludon|spa|1\n|-anim|p2b: Archaludon|Electro Shot|p1a: Pelipper\n|-supereffective|p1a: Pelipper\n|-enditem|p1a: Pelipper|Focus Sash\n|-damage|p1a: Pelipper|1\/100\n|\n|-weather|RainDance|[upkeep]\n|upkeep\n|turn|3\n|inactive|ahricuthair has 30 seconds left.\n|inactive|ahricuthair has 20 seconds left.\n|inactive|ahricuthair has 15 seconds left.\n|inactive|ahricuthair has 10 seconds left.\n|\n|t:|1730828507\n|move|p2a: Kingambit|Protect|p2a: Kingambit\n|-singleturn|p2a: Kingambit|Protect\n|move|p1a: Pelipper|Weather Ball|p2a: Kingambit\n|-activate|p2a: Kingambit|move: Protect\n|move|p2b: Archaludon|Electro Shot||[still]\n|-prepare|p2b: Archaludon|Electro Shot\n|-boost|p2b: Archaludon|spa|1\n|-anim|p2b: Archaludon|Electro Shot|p1a: Pelipper\n|-supereffective|p1a: Pelipper\n|-damage|p1a: Pelipper|0 fnt\n|faint|p1a: Pelipper\n|move|p1b: Incineroar|Parting Shot|p2b: Archaludon\n|-unboost|p2b: Archaludon|atk|1\n|-unboost|p2b: Archaludon|spa|1\n|inactive|ahricuthair has 30 seconds left.\n|\n|t:|1730828535\n|switch|p1b: Archaludon|Archaludon, L50, M, shiny|100\/100|[from] Parting Shot\n|\n|-weather|RainDance|[upkeep]\n|upkeep\n|\n|t:|1730828542\n|switch|p1a: Incineroar|Incineroar, L50, M|100\/100\n|-ability|p1a: Incineroar|Intimidate|boost\n|-unboost|p2a: Kingambit|atk|1\n|-ability|p2a: Kingambit|Defiant|boost\n|-boost|p2a: Kingambit|atk|2\n|-unboost|p2b: Archaludon|atk|1\n|turn|4\n|\n|t:|1730828561\n|move|p2a: Kingambit|Protect||[still]\n|-fail|p2a: Kingambit\n|move|p1a: Incineroar|Fake Out|p2a: Kingambit\n|-resisted|p2a: Kingambit\n|-damage|p2a: Kingambit|34\/100\n|move|p1b: Archaludon|Electro Shot||[still]\n|-prepare|p1b: Archaludon|Electro Shot\n|-boost|p1b: Archaludon|spa|1\n|-anim|p1b: Archaludon|Electro Shot|p2a: Kingambit\n|-damage|p2a: Kingambit|0 fnt\n|faint|p2a: Kingambit\n|move|p2b: Archaludon|Electro Shot||[still]\n|-prepare|p2b: Archaludon|Electro Shot\n|-boost|p2b: Archaludon|spa|1\n|-anim|p2b: Archaludon|Electro Shot|p1a: Incineroar\n|-damage|p1a: Incineroar|27\/100\n|\n|-weather|RainDance|[upkeep]\n|upkeep\n|\n|t:|1730828572\n|switch|p2a: Basculegion|Basculegion, L50, M|100\/100\n|turn|5\n|inactive|iceeciiceeci has 30 seconds left.\n|\n|t:|1730828598\n|-terastallize|p2a: Basculegion|Grass\n|move|p2a: Basculegion|Wave Crash|p1b: Archaludon\n|-resisted|p1b: Archaludon\n|-damage|p1b: Archaludon|55\/100\n|-ability|p1b: Archaludon|Stamina|boost\n|-boost|p1b: Archaludon|def|1\n|-damage|p2a: Basculegion|87\/100|[from] Recoil\n|move|p1b: Archaludon|Electro Shot||[still]\n|-prepare|p1b: Archaludon|Electro Shot\n|-boost|p1b: Archaludon|spa|1\n|-anim|p1b: Archaludon|Electro Shot|p2a: Basculegion\n|-resisted|p2a: Basculegion\n|-damage|p2a: Basculegion|45\/100\n|move|p2b: Archaludon|Electro Shot||[still]\n|-prepare|p2b: Archaludon|Electro Shot\n|-boost|p2b: Archaludon|spa|1\n|-anim|p2b: Archaludon|Electro Shot|p1a: Incineroar\n|-damage|p1a: Incineroar|0 fnt\n|faint|p1a: Incineroar\n|\n|-weather|none\n|upkeep\n|\n|t:|1730828619\n|switch|p1a: Basculegion|Basculegion, L50, M, shiny, tera:Water|73\/100\n|turn|6\n|\n|t:|1730828643\n|move|p1a: Basculegion|Last Respects|p2b: Archaludon\n|-damage|p2b: Archaludon|46\/100\n|-ability|p2b: Archaludon|Stamina|boost\n|-boost|p2b: Archaludon|def|1\n|move|p1b: Archaludon|Dragon Pulse|p2b: Archaludon\n|-damage|p2b: Archaludon|0 fnt\n|faint|p2b: Archaludon\n|move|p2a: Basculegion|Wave Crash|p1a: Basculegion\n|-resisted|p1a: Basculegion\n|-damage|p1a: Basculegion|18\/100\n|-damage|p2a: Basculegion|29\/100|[from] Recoil\n|\n|upkeep\n|turn|7\n|-message|iceeciiceeci forfeited.\n|\n|win|ahricuthair\n|raw|ahricuthair's rating: 1699 &rarr; <strong>1719<\/strong><br \/>(+20 for winning)\n|raw|iceeciiceeci's rating: 1702 &rarr; <strong>1682<\/strong><br \/>(-20 for losing)\n|l|\u2606ahricuthair\n|player|p1|\n|l| fairynanbawan\n","uploadtime":1730828888,"views":22,"formatid":"gen9vgc2024regh","rating":1682,"private":0,"password":null}