{"id":"gen9vgc2024regh-2237437498","format":"[Gen 9] VGC 2024 Reg H","players":["roykeenkennedy","Freshveggies2"],"log":"|j|\u2606roykeenkennedy\n|j|\u2606Freshveggies2\n|t:|1730754824\n|gametype|doubles\n|player|p1|roykeenkennedy|alder|1746\n|player|p2|Freshveggies2|102|1748\n|teamsize|p1|6\n|teamsize|p2|6\n|gen|9\n|tier|[Gen 9] VGC 2024 Reg H\n|rated|\n|rule|Species Clause: Limit one of each Pok\u00e9mon\n|rule|Item Clause: Limit 1 of each item\n|clearpoke\n|poke|p1|Salamence, L50, M|\n|poke|p1|Incineroar, L50, F|\n|poke|p1|Weezing, L50, F|\n|poke|p1|Dragapult, L50, F|\n|poke|p1|Ursaluna-Bloodmoon, L50, M|\n|poke|p1|Volcarona, L50, M|\n|poke|p2|Dragonite, L50, M|\n|poke|p2|Kingambit, L50, M|\n|poke|p2|Tauros-Paldea-Aqua, L50, M|\n|poke|p2|Archaludon, L50, F|\n|poke|p2|Pelipper, L50, F|\n|poke|p2|Rillaboom, L50, F|\n|teampreview|4\n|inactive|Battle timer is ON: inactive players will automatically lose when time's up. (requested by Freshveggies2)\n|inactive|roykeenkennedy has 60 seconds left.\n|inactive|Freshveggies2 has 60 seconds left.\n|inactive|Freshveggies2 has 30 seconds left.\n|\n|t:|1730754889\n|start\n|switch|p1a: Weezing|Weezing, L50, F|100\/100\n|switch|p1b: Salamence|Salamence, L50, M|100\/100\n|switch|p2a: Kingambit|Kingambit, L50, M|100\/100\n|switch|p2b: Rillaboom|Rillaboom, L50, F|100\/100\n|-ability|p1a: Weezing|Neutralizing Gas\n|turn|1\n|\n|t:|1730754912\n|move|p2b: Rillaboom|Fake Out|p1b: Salamence\n|-damage|p1b: Salamence|84\/100\n|cant|p1b: Salamence|flinch\n|move|p2a: Kingambit|Iron Head|p1a: Weezing\n|-damage|p1a: Weezing|61\/100\n|cant|p1a: Weezing|flinch\n|\n|-heal|p1a: Weezing|67\/100|[from] item: Leftovers\n|upkeep\n|turn|2\n|inactive|Freshveggies2 has 30 seconds left.\n|inactive|Freshveggies2 has 20 seconds left.\n|\n|t:|1730754951\n|move|p1a: Weezing|Protect|p1a: Weezing\n|-singleturn|p1a: Weezing|Protect\n|move|p1b: Salamence|Breaking Swipe|p2b: Rillaboom|[spread] p2a,p2b\n|-resisted|p2a: Kingambit\n|-damage|p2a: Kingambit|90\/100\n|-damage|p2b: Rillaboom|76\/100\n|-unboost|p2a: Kingambit|atk|1\n|-unboost|p2b: Rillaboom|atk|1\n|move|p2b: Rillaboom|U-turn|p1b: Salamence\n|-resisted|p1b: Salamence\n|-damage|p1b: Salamence|74\/100\n|\n|t:|1730754964\n|switch|p2b: Dragonite|Dragonite, L50, M|100\/100|[from] U-turn\n|move|p2a: Kingambit|Kowtow Cleave|p1a: Weezing\n|-activate|p1a: Weezing|move: Protect\n|\n|-heal|p1a: Weezing|73\/100|[from] item: Leftovers\n|upkeep\n|turn|3\n|\n|t:|1730754979\n|switch|p2a: Rillaboom|Rillaboom, L50, F|76\/100\n|-terastallize|p1b: Salamence|Steel\n|-terastallize|p2b: Dragonite|Fairy\n|move|p1b: Salamence|Breaking Swipe|p2b: Dragonite|[spread] p2a\n|-immune|p2b: Dragonite\n|-damage|p2a: Rillaboom|53\/100\n|-unboost|p2a: Rillaboom|atk|1\n|move|p2b: Dragonite|Scale Shot|p1a: Weezing\n|-damage|p1a: Weezing|60\/100\n|-damage|p1a: Weezing|47\/100\n|-damage|p1a: Weezing|32\/100\n|-damage|p1a: Weezing|19\/100\n|-hitcount|p1a: Weezing|4\n|-unboost|p2b: Dragonite|def|1\n|-boost|p2b: Dragonite|spe|1\n|move|p1a: Weezing|Will-O-Wisp|p2b: Dragonite\n|-status|p2b: Dragonite|brn\n|\n|-heal|p1a: Weezing|25\/100|[from] item: Leftovers\n|-damage|p2b: Dragonite|95\/100 brn|[from] brn\n|upkeep\n|turn|4\n|inactive|roykeenkennedy has 30 seconds left.\n|inactive|Freshveggies2 has 30 seconds left.\n|\n|t:|1730755009\n|-end|p1a: Weezing|ability: Neutralizing Gas\n|-fieldstart|move: Grassy Terrain|[from] ability: Grassy Surge|[of] p2a: Rillaboom\n|switch|p1a: Incineroar|Incineroar, L50, F|100\/100\n|-ability|p1a: Incineroar|Intimidate|boost\n|-unboost|p2a: Rillaboom|atk|1\n|-unboost|p2b: Dragonite|atk|1\n|move|p1b: Salamence|Breaking Swipe|p2a: Rillaboom|[spread] p2a\n|-immune|p2b: Dragonite\n|-damage|p2a: Rillaboom|29\/100\n|-unboost|p2a: Rillaboom|atk|1\n|move|p2b: Dragonite|Scale Shot|p1a: Incineroar\n|-damage|p1a: Incineroar|96\/100\n|-damage|p1a: Incineroar|92\/100\n|-damage|p1a: Incineroar|87\/100\n|-damage|p1a: Incineroar|83\/100\n|-damage|p1a: Incineroar|78\/100\n|-hitcount|p1a: Incineroar|5\n|-unboost|p2b: Dragonite|def|1\n|-boost|p2b: Dragonite|spe|1\n|move|p2a: Rillaboom|U-turn|p1b: Salamence\n|-resisted|p1b: Salamence\n|-damage|p1b: Salamence|69\/100\n|\n|t:|1730755021\n|switch|p2a: Pelipper|Pelipper, L50, F|100\/100|[from] U-turn\n|-weather|RainDance|[from] ability: Drizzle|[of] p2a: Pelipper\n|\n|-weather|RainDance|[upkeep]\n|-heal|p2b: Dragonite|100\/100 brn|[from] Grassy Terrain\n|-heal|p1b: Salamence|75\/100|[from] Grassy Terrain\n|-heal|p1a: Incineroar|84\/100|[from] Grassy Terrain\n|-damage|p2b: Dragonite|95\/100 brn|[from] brn\n|upkeep\n|turn|5\n|inactive|roykeenkennedy has 30 seconds left.\n|inactive|Freshveggies2 has 30 seconds left.\n|inactive|roykeenkennedy has 20 seconds left.\n|inactive|Freshveggies2 has 20 seconds left.\n|\n|t:|1730755060\n|switch|p2b: Kingambit|Kingambit, L50, M|90\/100\n|switch|p1b: Weezing|Weezing, L50, F|25\/100\n|-ability|p1b: Weezing|Neutralizing Gas\n|-block|p1a: Incineroar|item: Ability Shield\n|move|p2a: Pelipper|Weather Ball|p1a: Incineroar\n|-supereffective|p1a: Incineroar\n|-damage|p1a: Incineroar|0 fnt\n|faint|p1a: Incineroar\n|\n|-weather|RainDance|[upkeep]\n|-heal|p2b: Kingambit|96\/100|[from] Grassy Terrain\n|-heal|p1b: Weezing|31\/100|[from] Grassy Terrain\n|-heal|p1b: Weezing|37\/100|[from] item: Leftovers\n|upkeep\n|\n|t:|1730755077\n|switch|p1a: Salamence|Salamence, L50, M, tera:Steel|75\/100\n|turn|6\n|inactive|Freshveggies2 has 30 seconds left.\n|\n|t:|1730755106\n|move|p2b: Kingambit|Protect|p2b: Kingambit\n|-singleturn|p2b: Kingambit|Protect\n|move|p1a: Salamence|Rock Slide|p2a: Pelipper|[spread] p2a\n|-activate|p2b: Kingambit|move: Protect\n|-supereffective|p2a: Pelipper\n|-damage|p2a: Pelipper|44\/100\n|move|p2a: Pelipper|Weather Ball|p1b: Weezing\n|-damage|p1b: Weezing|0 fnt\n|faint|p1b: Weezing\n|-end|p1b: Weezing|ability: Neutralizing Gas\n|\n|-weather|RainDance|[upkeep]\n|-heal|p1a: Salamence|81\/100|[from] Grassy Terrain\n|-heal|p2b: Kingambit|100\/100|[from] Grassy Terrain\n|upkeep\n|\n|t:|1730755122\n|switch|p1b: Ursaluna|Ursaluna-Bloodmoon, L50, M|100\/100\n|turn|7\n|inactive|Freshveggies2 has 30 seconds left.\n|\n|t:|1730755151\n|switch|p2a: Dragonite|Dragonite, L50, M, tera:Fairy|95\/100 brn\n|move|p2b: Kingambit|Sucker Punch|p1b: Ursaluna\n|-damage|p1b: Ursaluna|66\/100\n|move|p1a: Salamence|Rock Slide|p2b: Kingambit|[spread] p2a,p2b\n|-resisted|p2b: Kingambit\n|-damage|p2a: Dragonite|70\/100 brn\n|-damage|p2b: Kingambit|91\/100\n|move|p1b: Ursaluna|Earth Power|p2b: Kingambit\n|-supereffective|p2b: Kingambit\n|-damage|p2b: Kingambit|0 fnt\n|faint|p2b: Kingambit\n|\n|-weather|RainDance|[upkeep]\n|-heal|p1a: Salamence|87\/100|[from] Grassy Terrain\n|-heal|p2a: Dragonite|76\/100 brn|[from] Grassy Terrain\n|-heal|p1b: Ursaluna|72\/100|[from] Grassy Terrain\n|-damage|p2a: Dragonite|70\/100 brn|[from] brn\n|upkeep\n|\n|t:|1730755170\n|switch|p2b: Rillaboom|Rillaboom, L50, F|29\/100\n|turn|8\n|inactive|Freshveggies2 has 30 seconds left.\n|inactive|Freshveggies2 has 20 seconds left.\n|inactive|Freshveggies2 has 15 seconds left.\n|\n|t:|1730755214\n|move|p2b: Rillaboom|Grassy Glide|p1b: Ursaluna\n|-supereffective|p1b: Ursaluna\n|-damage|p1b: Ursaluna|23\/100\n|move|p1b: Ursaluna|Vacuum Wave|p2b: Rillaboom\n|-damage|p2b: Rillaboom|19\/100\n|move|p1a: Salamence|Rock Slide|p2b: Rillaboom|[spread] p2a\n|-miss|p1a: Salamence|p2b: Rillaboom\n|-damage|p2a: Dragonite|44\/100 brn\n|cant|p2a: Dragonite|flinch\n|\n|-weather|none\n|-heal|p1a: Salamence|92\/100|[from] Grassy Terrain\n|-heal|p2a: Dragonite|50\/100 brn|[from] Grassy Terrain\n|-heal|p2b: Rillaboom|25\/100|[from] Grassy Terrain\n|-heal|p1b: Ursaluna|29\/100|[from] Grassy Terrain\n|-damage|p2a: Dragonite|44\/100 brn|[from] brn\n|-fieldend|move: Grassy Terrain\n|upkeep\n|turn|9\n|inactive|Freshveggies2 has 30 seconds left.\n|\n|t:|1730755242\n|switch|p2b: Pelipper|Pelipper, L50, F|44\/100\n|-weather|RainDance|[from] ability: Drizzle|[of] p2b: Pelipper\n|move|p2a: Dragonite|Protect|p2a: Dragonite\n|-singleturn|p2a: Dragonite|Protect\n|move|p1b: Ursaluna|Vacuum Wave|p2b: Pelipper\n|-resisted|p2b: Pelipper\n|-damage|p2b: Pelipper|32\/100\n|move|p1a: Salamence|Rock Slide|p2a: Dragonite|[spread] p2b\n|-activate|p2a: Dragonite|move: Protect\n|-supereffective|p2b: Pelipper\n|-damage|p2b: Pelipper|0 fnt\n|faint|p2b: Pelipper\n|-ability|p1a: Salamence|Moxie|boost\n|-boost|p1a: Salamence|atk|1\n|\n|-weather|RainDance|[upkeep]\n|-damage|p2a: Dragonite|38\/100 brn|[from] brn\n|upkeep\n|\n|t:|1730755245\n|switch|p2b: Rillaboom|Rillaboom, L50, F|25\/100\n|-fieldstart|move: Grassy Terrain|[from] ability: Grassy Surge|[of] p2b: Rillaboom\n|turn|10\n|inactive|Freshveggies2 has 30 seconds left.\n|\n|t:|1730755273\n|move|p2b: Rillaboom|Fake Out|p1a: Salamence\n|-resisted|p1a: Salamence\n|-damage|p1a: Salamence|84\/100\n|cant|p1a: Salamence|flinch\n|move|p2a: Dragonite|Scale Shot|p1b: Ursaluna\n|-damage|p1b: Ursaluna|23\/100\n|-damage|p1b: Ursaluna|18\/100\n|-damage|p1b: Ursaluna|12\/100\n|-damage|p1b: Ursaluna|6\/100\n|-hitcount|p1b: Ursaluna|4\n|-unboost|p2a: Dragonite|def|1\n|-boost|p2a: Dragonite|spe|1\n|move|p1b: Ursaluna|Hyper Voice|p2b: Rillaboom|[spread] p2a,p2b\n|-damage|p2a: Dragonite|0 fnt\n|-damage|p2b: Rillaboom|0 fnt\n|faint|p2a: Dragonite\n|faint|p2b: Rillaboom\n|\n|win|roykeenkennedy\n|raw|roykeenkennedy's rating: 1746 &rarr; <strong>1766<\/strong><br \/>(+20 for winning)\n|raw|Freshveggies2's rating: 1748 &rarr; <strong>1728<\/strong><br \/>(-20 for losing)\n|l|\u2606Freshveggies2\n|player|p2|\n|l|\u2606roykeenkennedy\n|player|p1|\n","uploadtime":1730755524,"views":24,"formatid":"gen9vgc2024regh","rating":1728,"private":0,"password":null}