{"id":"gen9vgc2024regh-2237071815","format":"[Gen 9] VGC 2024 Reg H","players":["gabutngantor","htotoT"],"log":"|j|\u2606gabutngantor\n|j|\u2606htotoT\n|t:|1730714891\n|gametype|doubles\n|player|p1|gabutngantor|bugcatcher-gen4dp|1683\n|player|p2|htotoT|101|1785\n|teamsize|p1|6\n|teamsize|p2|6\n|gen|9\n|tier|[Gen 9] VGC 2024 Reg H\n|rated|\n|rule|Species Clause: Limit one of each Pok\u00e9mon\n|rule|Item Clause: Limit 1 of each item\n|clearpoke\n|poke|p1|Shiftry, L50, M|\n|poke|p1|Talonflame, L50, F|\n|poke|p1|Samurott-Hisui, L50, M|\n|poke|p1|Dragapult, L50, M|\n|poke|p1|Ninetales-Alola, L50, M|\n|poke|p1|Sneasler, L50, M|\n|poke|p2|Gholdengo, L50|\n|poke|p2|Murkrow, L50, F|\n|poke|p2|Pelipper, L50, M|\n|poke|p2|Archaludon, L50, M|\n|poke|p2|Amoonguss, L50, F|\n|poke|p2|Basculegion-F, L50, F|\n|teampreview|4\n|inactive|Battle timer is ON: inactive players will automatically lose when time's up. (requested by htotoT)\n|\n|t:|1730714903\n|start\n|switch|p1a: Shiftry|Shiftry, L50, M|100\/100\n|switch|p1b: Talonflame|Talonflame, L50, F|100\/100\n|switch|p2a: Murkrow|Murkrow, L50, F|100\/100\n|switch|p2b: Gholdengo|Gholdengo, L50|100\/100\n|turn|1\n|\n|t:|1730714915\n|-terastallize|p2b: Gholdengo|Steel\n|move|p1a: Shiftry|Fake Out|p2a: Murkrow\n|-damage|p2a: Murkrow|83\/100\n|cant|p2a: Murkrow|flinch\n|move|p1b: Talonflame|Flare Blitz|p2b: Gholdengo\n|-supereffective|p2b: Gholdengo\n|-damage|p2b: Gholdengo|0 fnt\n|faint|p2b: Gholdengo\n|-damage|p1b: Talonflame|65\/100|[from] Recoil\n|\n|upkeep\n|\n|t:|1730714927\n|switch|p2b: Archaludon|Archaludon, L50, M|100\/100\n|turn|2\n|\n|t:|1730714933\n|move|p2a: Murkrow|Tailwind|p2a: Murkrow\n|-sidestart|p2: htotoT|move: Tailwind\n|move|p2b: Archaludon|Dragon Pulse|p1b: Talonflame\n|-damage|p1b: Talonflame|0 fnt\n|faint|p1b: Talonflame\n|move|p1a: Shiftry|Knock Off|p2b: Archaludon\n|-damage|p2b: Archaludon|61\/100\n|-ability|p2b: Archaludon|Stamina|boost\n|-boost|p2b: Archaludon|def|1\n|-enditem|p2b: Archaludon|Assault Vest|[from] move: Knock Off|[of] p1a: Shiftry\n|\n|upkeep\n|\n|t:|1730714943\n|switch|p1b: Samurott|Samurott-Hisui, L50, M|100\/100\n|turn|3\n|\n|t:|1730714953\n|switch|p2a: Pelipper|Pelipper, L50, M|100\/100\n|-weather|RainDance|[from] ability: Drizzle|[of] p2a: Pelipper\n|-terastallize|p1b: Samurott|Poison\n|move|p2b: Archaludon|Electro Shot||[still]\n|-prepare|p2b: Archaludon|Electro Shot\n|-boost|p2b: Archaludon|spa|1\n|-anim|p2b: Archaludon|Electro Shot|p1b: Samurott\n|-damage|p1b: Samurott|44\/100\n|move|p1a: Shiftry|Knock Off|p2a: Pelipper\n|-damage|p2a: Pelipper|34\/100\n|-enditem|p2a: Pelipper|Focus Sash|[from] move: Knock Off|[of] p1a: Shiftry\n|move|p1b: Samurott|Sacred Sword|p2b: Archaludon\n|-supereffective|p2b: Archaludon\n|-damage|p2b: Archaludon|0 fnt\n|faint|p2b: Archaludon\n|\n|-weather|RainDance|[upkeep]\n|upkeep\n|\n|t:|1730714970\n|switch|p2b: Murkrow|Murkrow, L50, F|83\/100\n|turn|4\n|\n|t:|1730714978\n|move|p2a: Pelipper|Protect|p2a: Pelipper\n|-singleturn|p2a: Pelipper|Protect\n|move|p1b: Samurott|Sucker Punch||[still]\n|-fail|p1b: Samurott\n|move|p2b: Murkrow|Foul Play|p1b: Samurott\n|-damage|p1b: Samurott|0 fnt\n|faint|p1b: Samurott\n|move|p1a: Shiftry|Knock Off|p2b: Murkrow\n|-resisted|p2b: Murkrow\n|-crit|p2b: Murkrow\n|-damage|p2b: Murkrow|35\/100\n|-enditem|p2b: Murkrow|Eviolite|[from] move: Knock Off|[of] p1a: Shiftry\n|\n|-weather|RainDance|[upkeep]\n|upkeep\n|\n|t:|1730714981\n|switch|p1b: Ninetales|Ninetales-Alola, L50, M, shiny|100\/100\n|-weather|Snow|[from] ability: Snow Warning|[of] p1b: Ninetales\n|turn|5\n|\n|t:|1730714997\n|move|p2a: Pelipper|Hurricane|p1b: Ninetales|[miss]\n|-miss|p2a: Pelipper|p1b: Ninetales\n|move|p2b: Murkrow|Foul Play|p1b: Ninetales\n|-resisted|p1b: Ninetales\n|-damage|p1b: Ninetales|92\/100\n|move|p1b: Ninetales|Freeze-Dry|p2b: Murkrow\n|-supereffective|p2b: Murkrow\n|-damage|p2b: Murkrow|0 fnt\n|faint|p2b: Murkrow\n|move|p1a: Shiftry|Knock Off|p2a: Pelipper\n|-damage|p2a: Pelipper|0 fnt\n|faint|p2a: Pelipper\n|\n|win|gabutngantor\n|raw|gabutngantor's rating: 1683 &rarr; <strong>1709<\/strong><br \/>(+26 for winning)\n|raw|htotoT's rating: 1785 &rarr; <strong>1759<\/strong><br \/>(-26 for losing)\n|l|\u2606htotoT\n|player|p2|\n|l|\u2606gabutngantor\n|player|p1|\n","uploadtime":1730715187,"views":20,"formatid":"gen9vgc2024regh","rating":1709,"private":0,"password":null}