{"id":"gen9vgc2024regh-2237864418","format":"[Gen 9] VGC 2024 Reg H","players":["maya ayasato","Roman25"],"log":"|j|\u2606maya ayasato\n|j|\u2606Roman25\n|t:|1730815538\n|gametype|doubles\n|player|p1|maya ayasato|cynthia|1801\n|player|p2|Roman25|102|1719\n|teamsize|p1|6\n|teamsize|p2|6\n|gen|9\n|tier|[Gen 9] VGC 2024 Reg H\n|rated|\n|rule|Species Clause: Limit one of each Pok\u00e9mon\n|rule|Item Clause: Limit 1 of each item\n|clearpoke\n|poke|p1|Gholdengo, L50|\n|poke|p1|Annihilape, L50, M|\n|poke|p1|Maushold, L50|\n|poke|p1|Dondozo, L50, F|\n|poke|p1|Murkrow, L50, F|\n|poke|p1|Tatsugiri, L50, M|\n|poke|p2|Baxcalibur, L50, M|\n|poke|p2|Sneasler, L50, F|\n|poke|p2|Kingambit, L50, F|\n|poke|p2|Gastrodon, L50, M|\n|poke|p2|Volcarona, L50, M|\n|poke|p2|Rillaboom, L50, M|\n|teampreview|4\n|inactive|Battle timer is ON: inactive players will automatically lose when time's up. (requested by Roman25)\n|\n|t:|1730815556\n|start\n|switch|p1a: Gholdengo|Gholdengo, L50|100\/100\n|switch|p1b: Dondozo|Dondozo, L50, F|100\/100\n|switch|p2a: Sneasler|Sneasler, L50, F|100\/100\n|switch|p2b: Kingambit|Kingambit, L50, F|100\/100\n|turn|1\n|\n|t:|1730815573\n|switch|p1a: Tatsugiri|Tatsugiri, L50, M|100\/100\n|-activate|p1a: Tatsugiri|ability: Commander|[of] p1b: Dondozo\n|-boost|p1b: Dondozo|atk|2\n|-boost|p1b: Dondozo|spa|2\n|-boost|p1b: Dondozo|spe|2\n|-boost|p1b: Dondozo|def|2\n|-boost|p1b: Dondozo|spd|2\n|move|p2a: Sneasler|Coaching|p2b: Kingambit\n|-boost|p2b: Kingambit|atk|1\n|-boost|p2b: Kingambit|def|1\n|move|p1b: Dondozo|Earthquake|p2b: Kingambit|[spread] p2a,p2b\n|-miss|p1b: Dondozo|p1a: Tatsugiri\n|-supereffective|p2a: Sneasler\n|-supereffective|p2b: Kingambit\n|-enditem|p2a: Sneasler|Focus Sash\n|-damage|p2a: Sneasler|1\/100\n|-damage|p2b: Kingambit|8\/100\n|-damage|p1b: Dondozo|91\/100|[from] item: Life Orb\n|move|p2b: Kingambit|Kowtow Cleave|p1a: Tatsugiri|[miss]\n|-miss|p2b: Kingambit|p1a: Tatsugiri\n|\n|upkeep\n|turn|2\n|\n|t:|1730815593\n|switch|p2a: Rillaboom|Rillaboom, L50, M|100\/100\n|-fieldstart|move: Grassy Terrain|[from] ability: Grassy Surge|[of] p2a: Rillaboom\n|switch|p2b: Gastrodon|Gastrodon, L50, M|100\/100\n|move|p1b: Dondozo|Rock Slide|p2a: Rillaboom|[spread] p2a,p2b\n|-resisted|p2b: Gastrodon\n|-damage|p2a: Rillaboom|58\/100\n|-damage|p2b: Gastrodon|81\/100\n|-damage|p1b: Dondozo|81\/100|[from] item: Life Orb\n|\n|-heal|p1b: Dondozo|87\/100|[from] Grassy Terrain\n|-heal|p2a: Rillaboom|64\/100|[from] Grassy Terrain\n|-heal|p2b: Gastrodon|88\/100|[from] Grassy Terrain\n|upkeep\n|turn|3\n|\n|t:|1730815607\n|move|p1b: Dondozo|Protect|p1b: Dondozo\n|-singleturn|p1b: Dondozo|Protect\n|move|p2a: Rillaboom|Fake Out|p1b: Dondozo\n|-activate|p1b: Dondozo|move: Protect\n|move|p2b: Gastrodon|Clear Smog|p1b: Dondozo\n|-activate|p1b: Dondozo|move: Protect\n|\n|-heal|p1b: Dondozo|93\/100|[from] Grassy Terrain\n|-heal|p2a: Rillaboom|70\/100|[from] Grassy Terrain\n|-heal|p2b: Gastrodon|94\/100|[from] Grassy Terrain\n|upkeep\n|turn|4\n|\n|t:|1730815618\n|move|p1b: Dondozo|Rock Slide|p2a: Rillaboom|[spread] p2a,p2b\n|-resisted|p2b: Gastrodon\n|-damage|p2a: Rillaboom|23\/100\n|-damage|p2b: Gastrodon|75\/100\n|-damage|p1b: Dondozo|84\/100|[from] item: Life Orb\n|move|p2a: Rillaboom|Wood Hammer|p1b: Dondozo\n|-supereffective|p1b: Dondozo\n|-damage|p1b: Dondozo|20\/100\n|-damage|p2a: Rillaboom|0 fnt|[from] Recoil\n|faint|p2a: Rillaboom\n|move|p2b: Gastrodon|Clear Smog|p1b: Dondozo\n|-damage|p1b: Dondozo|14\/100\n|-clearboost|p1b: Dondozo\n|\n|-heal|p1b: Dondozo|20\/100|[from] Grassy Terrain\n|-heal|p2b: Gastrodon|81\/100|[from] Grassy Terrain\n|upkeep\n|\n|t:|1730815632\n|switch|p2a: Sneasler|Sneasler, L50, F|1\/100\n|turn|5\n|j| thejruth3\n|\n|t:|1730815639\n|move|p2a: Sneasler|Fake Out|p1b: Dondozo\n|-damage|p1b: Dondozo|11\/100\n|cant|p1b: Dondozo|flinch\n|move|p2b: Gastrodon|Yawn|p1b: Dondozo\n|-start|p1b: Dondozo|move: Yawn|[of] p2b: Gastrodon\n|\n|-heal|p2a: Sneasler|7\/100|[from] Grassy Terrain\n|-heal|p1b: Dondozo|17\/100|[from] Grassy Terrain\n|-heal|p2b: Gastrodon|87\/100|[from] Grassy Terrain\n|upkeep\n|turn|6\n|\n|t:|1730815657\n|move|p2a: Sneasler|Dire Claw|p1b: Dondozo\n|-damage|p1b: Dondozo|0 fnt\n|faint|p1b: Dondozo\n|move|p2b: Gastrodon|Yawn|p1a: Tatsugiri\n|-start|p1a: Tatsugiri|move: Yawn|[of] p2b: Gastrodon\n|\n|-heal|p2a: Sneasler|13\/100|[from] Grassy Terrain\n|-heal|p2b: Gastrodon|93\/100|[from] Grassy Terrain\n|-fieldend|move: Grassy Terrain\n|upkeep\n|\n|t:|1730815668\n|switch|p1b: Gholdengo|Gholdengo, L50|100\/100\n|turn|7\n|\n|t:|1730815685\n|switch|p1a: Murkrow|Murkrow, L50, F|100\/100\n|-terastallize|p1b: Gholdengo|Steel\n|move|p2a: Sneasler|Coaching|p2b: Gastrodon\n|-boost|p2b: Gastrodon|atk|1\n|-boost|p2b: Gastrodon|def|1\n|move|p1b: Gholdengo|Make It Rain|p2a: Sneasler|[spread] p2a,p2b\n|-resisted|p2b: Gastrodon\n|-damage|p2a: Sneasler|0 fnt\n|-damage|p2b: Gastrodon|45\/100\n|-unboost|p1b: Gholdengo|spa|1\n|-enditem|p2b: Gastrodon|Sitrus Berry|[eat]\n|-heal|p2b: Gastrodon|70\/100|[from] item: Sitrus Berry\n|faint|p2a: Sneasler\n|move|p2b: Gastrodon|Earth Power|p1b: Gholdengo\n|-supereffective|p1b: Gholdengo\n|-damage|p1b: Gholdengo|39\/100\n|\n|upkeep\n|\n|t:|1730815705\n|switch|p2a: Kingambit|Kingambit, L50, F|8\/100\n|turn|8\n|\n|t:|1730815716\n|switch|p1b: Tatsugiri|Tatsugiri, L50, M|100\/100\n|move|p2a: Kingambit|Sucker Punch||[still]\n|-fail|p2a: Kingambit\n|move|p1a: Murkrow|Foul Play|p2a: Kingambit\n|-resisted|p2a: Kingambit\n|-damage|p2a: Kingambit|0 fnt\n|faint|p2a: Kingambit\n|move|p2b: Gastrodon|Yawn|p1a: Murkrow\n|-start|p1a: Murkrow|move: Yawn|[of] p2b: Gastrodon\n|\n|upkeep\n|turn|9\n|\n|t:|1730815746\n|switch|p1a: Gholdengo|Gholdengo, L50, tera:Steel|39\/100\n|move|p1b: Tatsugiri|Dragon Pulse|p2b: Gastrodon\n|-damage|p2b: Gastrodon|26\/100\n|move|p2b: Gastrodon|Earth Power|p1a: Gholdengo\n|-supereffective|p1a: Gholdengo\n|-damage|p1a: Gholdengo|0 fnt\n|faint|p1a: Gholdengo\n|\n|upkeep\n|\n|t:|1730815754\n|switch|p1a: Murkrow|Murkrow, L50, F|100\/100\n|turn|10\n|\n|t:|1730815763\n|-terastallize|p2b: Gastrodon|Fairy\n|move|p1b: Tatsugiri|Dragon Pulse|p2b: Gastrodon\n|-immune|p2b: Gastrodon\n|move|p1a: Murkrow|Foul Play|p2b: Gastrodon\n|-resisted|p2b: Gastrodon\n|-damage|p2b: Gastrodon|14\/100\n|move|p2b: Gastrodon|Yawn|p1a: Murkrow\n|-start|p1a: Murkrow|move: Yawn|[of] p2b: Gastrodon\n|\n|upkeep\n|turn|11\n|inactive|maya ayasato has 30 seconds left.\n|\n|t:|1730815789\n|move|p2b: Gastrodon|Protect|p2b: Gastrodon\n|-singleturn|p2b: Gastrodon|Protect\n|move|p1b: Tatsugiri|Dragon Pulse|p2b: Gastrodon\n|-activate|p2b: Gastrodon|move: Protect\n|move|p1a: Murkrow|Foul Play|p2b: Gastrodon\n|-activate|p2b: Gastrodon|move: Protect\n|\n|-end|p1a: Murkrow|move: Yawn|[silent]\n|-status|p1a: Murkrow|slp\n|upkeep\n|turn|12\n|\n|t:|1730815808\n|move|p1b: Tatsugiri|Dragon Pulse|p2b: Gastrodon\n|-immune|p2b: Gastrodon\n|cant|p1a: Murkrow|slp\n|move|p2b: Gastrodon|Clear Smog|p1a: Murkrow\n|-damage|p1a: Murkrow|88\/100 slp\n|-clearboost|p1a: Murkrow\n|\n|upkeep\n|turn|13\n|\n|t:|1730815819\n|move|p1b: Tatsugiri|Dragon Pulse|p2b: Gastrodon\n|-immune|p2b: Gastrodon\n|cant|p1a: Murkrow|slp\n|move|p2b: Gastrodon|Clear Smog|p1a: Murkrow\n|-damage|p1a: Murkrow|75\/100 slp\n|-clearboost|p1a: Murkrow\n|\n|upkeep\n|turn|14\n|\n|t:|1730815828\n|move|p1b: Tatsugiri|Dragon Pulse|p2b: Gastrodon\n|-immune|p2b: Gastrodon\n|-curestatus|p1a: Murkrow|slp|[msg]\n|move|p1a: Murkrow|Foul Play|p2b: Gastrodon\n|-resisted|p2b: Gastrodon\n|-damage|p2b: Gastrodon|4\/100\n|move|p2b: Gastrodon|Clear Smog|p1a: Murkrow\n|-damage|p1a: Murkrow|62\/100\n|-clearboost|p1a: Murkrow\n|\n|upkeep\n|turn|15\n|-message|Roman25 forfeited.\n|\n|win|maya ayasato\n|raw|maya ayasato's rating: 1801 &rarr; <strong>1816<\/strong><br \/>(+15 for winning)\n|raw|Roman25's rating: 1719 &rarr; <strong>1704<\/strong><br \/>(-15 for losing)\n|l|\u2606Roman25\n|player|p2|\n|l|\u2606maya ayasato\n|player|p1|\n","uploadtime":1730816090,"views":27,"formatid":"gen9vgc2024regh","rating":1704,"private":0,"password":null}