{"id":"gen9vgc2024regh-2237449628","format":"[Gen 9] VGC 2024 Reg H","players":["scump02","Cocobeloeil3"],"log":"|j|\u2606scump02\n|j|\u2606Cocobeloeil3\n|t:|1730756059\n|gametype|doubles\n|player|p1|scump02|pokemaniac|1725\n|player|p2|Cocobeloeil3|265|1737\n|teamsize|p1|6\n|teamsize|p2|6\n|gen|9\n|tier|[Gen 9] VGC 2024 Reg H\n|rated|\n|rule|Species Clause: Limit one of each Pok\u00e9mon\n|rule|Item Clause: Limit 1 of each item\n|clearpoke\n|poke|p1|Kilowattrel, L50, F|\n|poke|p1|Armarouge, L50, F|\n|poke|p1|Torkoal, L50, M|\n|poke|p1|Indeedee-F, L50, F|\n|poke|p1|Gardevoir, L50, M|\n|poke|p1|Flamigo, L50, F|\n|poke|p2|Sneasler, L50, M|\n|poke|p2|Dragonite, L50, M|\n|poke|p2|Kingambit, L50, M|\n|poke|p2|Politoed, L50, F|\n|poke|p2|Murkrow, L50, F|\n|poke|p2|Mamoswine, L50, F|\n|teampreview|4\n|inactive|Battle timer is ON: inactive players will automatically lose when time's up. (requested by Cocobeloeil3)\n|\n|t:|1730756104\n|start\n|switch|p1a: Kilowattrel|Kilowattrel, L50, F|100\/100\n|switch|p1b: Armarouge|Armarouge, L50, F|100\/100\n|switch|p2a: Sneasler|Sneasler, L50, M|100\/100\n|switch|p2b: Kingambit|Kingambit, L50, M|100\/100\n|turn|1\n|inactive|scump02 has 30 seconds left.\n|inactive|Cocobeloeil3 has 30 seconds left.\n|\n|t:|1730756138\n|move|p2a: Sneasler|Protect|p2a: Sneasler\n|-singleturn|p2a: Sneasler|Protect\n|move|p1b: Armarouge|Protect|p1b: Armarouge\n|-singleturn|p1b: Armarouge|Protect\n|move|p2b: Kingambit|Sucker Punch||[still]\n|-fail|p2b: Kingambit\n|move|p1a: Kilowattrel|Discharge|p2b: Kingambit|[spread] p2b\n|-activate|p1b: Armarouge|move: Protect\n|-activate|p2a: Sneasler|move: Protect\n|-damage|p2b: Kingambit|86\/100\n|-status|p2b: Kingambit|par\n|\n|upkeep\n|turn|2\n|inactive|Cocobeloeil3 has 30 seconds left.\n|\n|t:|1730756169\n|switch|p1a: Indeedee|Indeedee-F, L50, F|100\/100\n|-fieldstart|move: Psychic Terrain|[from] ability: Psychic Surge|[of] p1a: Indeedee\n|-terastallize|p1b: Armarouge|Psychic\n|move|p2a: Sneasler|Dire Claw|p1b: Armarouge\n|-damage|p1b: Armarouge|68\/100\n|-ability|p1b: Armarouge|Weak Armor|boost\n|-unboost|p1b: Armarouge|def|1\n|-boost|p1b: Armarouge|spe|2\n|move|p1b: Armarouge|Expanding Force|p2a: Sneasler|[spread] p2a\n|-immune|p2b: Kingambit\n|-supereffective|p2a: Sneasler\n|-enditem|p2a: Sneasler|Focus Sash\n|-damage|p2a: Sneasler|1\/100\n|move|p2b: Kingambit|Assurance|p1b: Armarouge\n|-supereffective|p1b: Armarouge\n|-damage|p1b: Armarouge|0 fnt\n|faint|p1b: Armarouge\n|\n|upkeep\n|\n|t:|1730756193\n|switch|p1b: Kilowattrel|Kilowattrel, L50, F|100\/100\n|turn|3\n|\n|t:|1730756207\n|move|p1a: Indeedee|Helping Hand|p1b: Kilowattrel\n|-singleturn|p1b: Kilowattrel|Helping Hand|[of] p1a: Indeedee\n|move|p2a: Sneasler|Protect|p2a: Sneasler\n|-singleturn|p2a: Sneasler|Protect\n|move|p1b: Kilowattrel|Electroweb|p2b: Kingambit|[spread] \n|-activate|p2a: Sneasler|move: Protect\n|-miss|p1b: Kilowattrel|p2b: Kingambit\n|cant|p2b: Kingambit|par\n|\n|upkeep\n|turn|4\n|inactive|scump02 has 30 seconds left.\n|\n|t:|1730756236\n|move|p1a: Indeedee|Follow Me|p1a: Indeedee\n|-singleturn|p1a: Indeedee|move: Follow Me\n|move|p2a: Sneasler|Dire Claw|p1a: Indeedee\n|-crit|p1a: Indeedee\n|-damage|p1a: Indeedee|48\/100\n|-status|p1a: Indeedee|psn\n|-damage|p2a: Sneasler|0 fnt|[from] item: Rocky Helmet|[of] p1a: Indeedee\n|faint|p2a: Sneasler\n|move|p1b: Kilowattrel|Electroweb|p2b: Kingambit\n|-damage|p2b: Kingambit|72\/100 par\n|-unboost|p2b: Kingambit|spe|1\n|-ability|p2b: Kingambit|Defiant|boost\n|-boost|p2b: Kingambit|atk|2\n|move|p2b: Kingambit|Assurance|p1a: Indeedee\n|-supereffective|p1a: Indeedee\n|-damage|p1a: Indeedee|0 fnt\n|-damage|p2b: Kingambit|56\/100 par|[from] item: Rocky Helmet|[of] p1a: Indeedee\n|faint|p1a: Indeedee\n|\n|upkeep\n|\n|t:|1730756252\n|switch|p2a: Murkrow|Murkrow, L50, F|100\/100\n|switch|p1a: Flamigo|Flamigo, L50, F|100\/100\n|-copyboost|p1a: Flamigo|p1b: Kilowattrel|[from] ability: Costar\n|turn|5\n|\n|t:|1730756273\n|move|p2a: Murkrow|Tailwind|p2a: Murkrow\n|-sidestart|p2: Cocobeloeil3|move: Tailwind\n|move|p2b: Kingambit|Sucker Punch|p1a: Flamigo\n|-hint|Psychic Terrain doesn't affect Pok\u00e9mon immune to Ground.\n|-resisted|p1a: Flamigo\n|-damage|p1a: Flamigo|44\/100\n|move|p1b: Kilowattrel|Electroweb|p2b: Kingambit|[spread] p2a,p2b\n|-supereffective|p2a: Murkrow\n|-damage|p2a: Murkrow|61\/100\n|-damage|p2b: Kingambit|45\/100 par\n|-unboost|p2a: Murkrow|spe|1\n|-unboost|p2b: Kingambit|spe|1\n|-ability|p2b: Kingambit|Defiant|boost\n|-boost|p2b: Kingambit|atk|2\n|move|p1a: Flamigo|Close Combat|p2b: Kingambit\n|-supereffective|p2b: Kingambit\n|-damage|p2b: Kingambit|0 fnt\n|-unboost|p1a: Flamigo|def|1\n|-unboost|p1a: Flamigo|spd|1\n|faint|p2b: Kingambit\n|\n|upkeep\n|\n|t:|1730756279\n|switch|p2b: Politoed|Politoed, L50, F|100\/100\n|-weather|RainDance|[from] ability: Drizzle|[of] p2b: Politoed\n|turn|6\n|\n|t:|1730756304\n|-terastallize|p2b: Politoed|Grass\n|move|p1a: Flamigo|Quick Guard|p1a: Flamigo\n|-singleturn|p1a: Flamigo|Quick Guard\n|move|p2b: Politoed|Weather Ball|p1b: Kilowattrel\n|-crit|p1b: Kilowattrel\n|-damage|p1b: Kilowattrel|0 fnt\n|faint|p1b: Kilowattrel\n|move|p2a: Murkrow|Foul Play|p1a: Flamigo\n|-resisted|p1a: Flamigo\n|-damage|p1a: Flamigo|0 fnt\n|faint|p1a: Flamigo\n|\n|win|Cocobeloeil3\n|raw|scump02's rating: 1725 &rarr; <strong>1706<\/strong><br \/>(-19 for losing)\n|raw|Cocobeloeil3's rating: 1737 &rarr; <strong>1756<\/strong><br \/>(+19 for winning)\n|l|\u2606scump02\n|player|p1|\n|l|\u2606Cocobeloeil3\n|player|p2|\n","uploadtime":1730756494,"views":20,"formatid":"gen9vgc2024regh","rating":1706,"private":0,"password":null}