{"id":"gen9vgc2024regh-2237630081","format":"[Gen 9] VGC 2024 Reg H","players":["caZISA","It'sJustKen VGC"],"log":"|j|\u2606caZISA\n|j|\u2606It'sJustKen VGC\n|t:|1730776962\n|gametype|doubles\n|player|p1|caZISA|red|1746\n|player|p2|It'sJustKen VGC|turo|1760\n|teamsize|p1|6\n|teamsize|p2|6\n|gen|9\n|tier|[Gen 9] VGC 2024 Reg H\n|rated|\n|rule|Species Clause: Limit one of each Pok\u00e9mon\n|rule|Item Clause: Limit 1 of each item\n|clearpoke\n|poke|p1|Amoonguss, L50, M|\n|poke|p1|Incineroar, L50, F|\n|poke|p1|Pelipper, L50, M|\n|poke|p1|Archaludon, L50, F|\n|poke|p1|Ursaluna, L50, F|\n|poke|p1|Gothitelle, L50, M|\n|poke|p2|Whimsicott, L50, F|\n|poke|p2|Gholdengo, L50|\n|poke|p2|Sneasler, L50, M|\n|poke|p2|Glimmora, L50, M|\n|poke|p2|Farigiraf, L50, F|\n|poke|p2|Hydreigon, L50, F|\n|teampreview|4\n|inactive|Battle timer is ON: inactive players will automatically lose when time's up. (requested by It'sJustKen VGC)\n|inactive|It'sJustKen VGC has 60 seconds left.\n|\n|t:|1730776993\n|start\n|switch|p1a: Vanessa|Gothitelle, L50, M|100\/100\n|switch|p1b: Tigre To\u00f1o|Incineroar, L50, F, shiny|100\/100\n|switch|p2a: *hears the music*|Gholdengo, L50|100\/100\n|switch|p2b: BUTTERSCOTCH|Whimsicott, L50, F|100\/100\n|-ability|p1b: Tigre To\u00f1o|Intimidate|boost\n|-unboost|p2a: *hears the music*|atk|1\n|-unboost|p2b: BUTTERSCOTCH|atk|1\n|turn|1\n|\n|t:|1730777007\n|-terastallize|p2b: BUTTERSCOTCH|Ghost\n|move|p1a: Vanessa|Protect|p1a: Vanessa\n|-singleturn|p1a: Vanessa|Protect\n|move|p2b: BUTTERSCOTCH|Fake Tears|p1a: Vanessa\n|-activate|p1a: Vanessa|move: Protect\n|move|p2a: *hears the music*|Make It Rain|p1a: Vanessa|[spread] p1b\n|-activate|p1a: Vanessa|move: Protect\n|-resisted|p1b: Tigre To\u00f1o\n|-damage|p1b: Tigre To\u00f1o|64\/100\n|-unboost|p2a: *hears the music*|spa|1\n|move|p1b: Tigre To\u00f1o|Knock Off|p2a: *hears the music*\n|-supereffective|p2a: *hears the music*\n|-damage|p2a: *hears the music*|7\/100\n|-enditem|p2a: *hears the music*|Choice Specs|[from] move: Knock Off|[of] p1b: Tigre To\u00f1o\n|\n|upkeep\n|turn|2\n|inactive|It'sJustKen VGC has 30 seconds left.\n|\n|t:|1730777032\n|-terastallize|p1a: Vanessa|Dark\n|move|p2b: BUTTERSCOTCH|Fake Tears|p1a: Vanessa\n|-hint|Since gen 7, Dark is immune to Prankster moves.\n|-immune|p1a: Vanessa\n|move|p2a: *hears the music*|Shadow Ball|p1a: Vanessa\n|-resisted|p1a: Vanessa\n|-damage|p1a: Vanessa|89\/100\n|move|p1b: Tigre To\u00f1o|Knock Off|p2b: BUTTERSCOTCH\n|-supereffective|p2b: BUTTERSCOTCH\n|-enditem|p2b: BUTTERSCOTCH|Focus Sash\n|-damage|p2b: BUTTERSCOTCH|1\/100\n|move|p1a: Vanessa|Trick Room|p1a: Vanessa\n|-fieldstart|move: Trick Room|[of] p1a: Vanessa\n|\n|upkeep\n|turn|3\n|\n|t:|1730777042\n|move|p1a: Vanessa|Psychic|p2b: BUTTERSCOTCH\n|-damage|p2b: BUTTERSCOTCH|0 fnt\n|faint|p2b: BUTTERSCOTCH\n|move|p1b: Tigre To\u00f1o|Flare Blitz|p2a: *hears the music*\n|-supereffective|p2a: *hears the music*\n|-damage|p2a: *hears the music*|0 fnt\n|faint|p2a: *hears the music*\n|-damage|p1b: Tigre To\u00f1o|62\/100|[from] Recoil\n|\n|upkeep\n|\n|t:|1730777062\n|switch|p2a: roses.are.blue|Glimmora, L50, M, shiny|100\/100\n|switch|p2b: Aah-Aah-Coo!|Sneasler, L50, M|100\/100\n|turn|4\n|\n|t:|1730777071\n|move|p2b: Aah-Aah-Coo!|Protect|p2b: Aah-Aah-Coo!\n|-singleturn|p2b: Aah-Aah-Coo!|Protect\n|move|p1a: Vanessa|Psychic|p2b: Aah-Aah-Coo!\n|-activate|p2b: Aah-Aah-Coo!|move: Protect\n|move|p1b: Tigre To\u00f1o|Parting Shot|p2a: roses.are.blue\n|-unboost|p2a: roses.are.blue|atk|1\n|-unboost|p2a: roses.are.blue|spa|1\n|\n|t:|1730777073\n|switch|p1b: Freddy|Ursaluna, L50, F|100\/100|[from] Parting Shot\n|move|p2a: roses.are.blue|Meteor Beam||[still]\n|-prepare|p2a: roses.are.blue|Meteor Beam\n|-boost|p2a: roses.are.blue|spa|1\n|-enditem|p2a: roses.are.blue|Power Herb\n|-anim|p2a: roses.are.blue|Meteor Beam|p1a: Vanessa\n|-damage|p1a: Vanessa|39\/100\n|\n|-status|p1b: Freddy|brn|[from] item: Flame Orb\n|upkeep\n|turn|5\n|\n|t:|1730777081\n|move|p1a: Vanessa|Protect|p1a: Vanessa\n|-singleturn|p1a: Vanessa|Protect\n|move|p2a: roses.are.blue|Spiky Shield|p2a: roses.are.blue\n|-singleturn|p2a: roses.are.blue|move: Protect\n|move|p2b: Aah-Aah-Coo!|Protect||[still]\n|-fail|p2b: Aah-Aah-Coo!\n|move|p1b: Freddy|Earthquake|p2b: Aah-Aah-Coo!|[spread] p2b\n|-activate|p1a: Vanessa|move: Protect\n|-activate|p2a: roses.are.blue|move: Protect\n|-supereffective|p2b: Aah-Aah-Coo!\n|-damage|p2b: Aah-Aah-Coo!|0 fnt\n|faint|p2b: Aah-Aah-Coo!\n|\n|-damage|p1b: Freddy|95\/100 brn|[from] brn\n|upkeep\n|turn|6\n|j| falcon108\n|inactive|It'sJustKen VGC has 30 seconds left.\n|\n|t:|1730777114\n|move|p2a: roses.are.blue|Spiky Shield|p2a: roses.are.blue\n|-singleturn|p2a: roses.are.blue|move: Protect\n|move|p1b: Freddy|Headlong Rush|p2a: roses.are.blue\n|-activate|p2a: roses.are.blue|move: Protect\n|-damage|p1b: Freddy|82\/100 brn|[from] Spiky Shield|[of] p2a: roses.are.blue\n|move|p1a: Vanessa|Psychic|p2a: roses.are.blue\n|-activate|p2a: roses.are.blue|move: Protect\n|\n|-damage|p1b: Freddy|76\/100 brn|[from] brn\n|-fieldend|move: Trick Room\n|upkeep\n|turn|7\n|\n|t:|1730777117\n|switch|p1b: Toad|Amoonguss, L50, M|100\/100\n|move|p1a: Vanessa|Protect|p1a: Vanessa\n|-singleturn|p1a: Vanessa|Protect\n|move|p2a: roses.are.blue|Sludge Bomb|p1a: Vanessa\n|-activate|p1a: Vanessa|move: Protect\n|\n|upkeep\n|turn|8\n|\n|t:|1730777121\n|move|p1b: Toad|Rage Powder|p1b: Toad\n|-singleturn|p1b: Toad|move: Rage Powder\n|move|p2a: roses.are.blue|Sludge Bomb|p1b: Toad\n|-damage|p1b: Toad|66\/100\n|move|p1a: Vanessa|Trick Room|p1a: Vanessa\n|-fieldstart|move: Trick Room|[of] p1a: Vanessa\n|\n|upkeep\n|turn|9\n|inactive|It'sJustKen VGC has 30 seconds left.\n|inactive|It'sJustKen VGC has 20 seconds left.\n|inactive|It'sJustKen VGC has 15 seconds left.\n|-message|It'sJustKen VGC forfeited.\n|\n|win|caZISA\n|raw|caZISA's rating: 1746 &rarr; <strong>1765<\/strong><br \/>(+19 for winning)\n|raw|It&apos;sJustKen VGC's rating: 1735 &rarr; <strong>1716<\/strong><br \/>(-19 for losing)\n|l|\u2606It'sJustKen VGC\n|player|p2|\n|c|\u2606caZISA|gg\n|n| gothitellevgc|falcon108\n","uploadtime":1730777317,"views":22,"formatid":"gen9vgc2024regh","rating":1716,"private":0,"password":null}