{"id":"gen9vgc2024regh-2237324321","format":"[Gen 9] VGC 2024 Reg H","players":["caZISA","blindfishptsd"],"log":"|j|\u2606caZISA\n|j|\u2606blindfishptsd\n|t:|1730744140\n|gametype|doubles\n|player|p1|caZISA|red|1767\n|player|p2|blindfishptsd|olympia|1648\n|teamsize|p1|6\n|teamsize|p2|6\n|gen|9\n|tier|[Gen 9] VGC 2024 Reg H\n|rated|\n|rule|Species Clause: Limit one of each Pok\u00e9mon\n|rule|Item Clause: Limit 1 of each item\n|clearpoke\n|poke|p1|Amoonguss, L50, M|\n|poke|p1|Incineroar, L50, F|\n|poke|p1|Pelipper, L50, F|\n|poke|p1|Archaludon, L50, M|\n|poke|p1|Ursaluna, L50, F|\n|poke|p1|Gothitelle, L50, F|\n|poke|p2|Porygon2, L50|\n|poke|p2|Sneasler, L50, F|\n|poke|p2|Gholdengo, L50|\n|poke|p2|Amoonguss, L50, M|\n|poke|p2|Garchomp, L50, M|\n|poke|p2|Incineroar, L50, F|\n|teampreview|4\n|inactive|Battle timer is ON: inactive players will automatically lose when time's up. (requested by blindfishptsd)\n|inactive|caZISA has 60 seconds left.\n|\n|t:|1730744179\n|start\n|switch|p1a: Tigre To\u00f1o|Incineroar, L50, F, shiny|100\/100\n|switch|p1b: Vanessa|Gothitelle, L50, F|100\/100\n|switch|p2a: Incineroar|Incineroar, L50, F|100\/100\n|switch|p2b: Gholdengo|Gholdengo, L50|100\/100\n|-ability|p1a: Tigre To\u00f1o|Intimidate|boost\n|-unboost|p2a: Incineroar|atk|1\n|-unboost|p2b: Gholdengo|atk|1\n|-ability|p2a: Incineroar|Intimidate|boost\n|-unboost|p1a: Tigre To\u00f1o|atk|1\n|-unboost|p1b: Vanessa|atk|1\n|turn|1\n|inactive|blindfishptsd has 30 seconds left.\n|\n|t:|1730744205\n|move|p1b: Vanessa|Protect|p1b: Vanessa\n|-singleturn|p1b: Vanessa|Protect\n|move|p2a: Incineroar|Fake Out|p1a: Tigre To\u00f1o\n|-damage|p1a: Tigre To\u00f1o|94\/100\n|move|p2b: Gholdengo|Nasty Plot|p2b: Gholdengo\n|-boost|p2b: Gholdengo|spa|2\n|cant|p1a: Tigre To\u00f1o|flinch\n|\n|upkeep\n|turn|2\n|\n|t:|1730744217\n|switch|p1b: Toad|Amoonguss, L50, M|100\/100\n|-terastallize|p2b: Gholdengo|Water\n|move|p2b: Gholdengo|Shadow Ball|p1b: Toad\n|-damage|p1b: Toad|15\/100\n|-damage|p2b: Gholdengo|91\/100|[from] item: Life Orb\n|move|p1a: Tigre To\u00f1o|Snarl|p2b: Gholdengo|[spread] p2b\n|-miss|p1a: Tigre To\u00f1o|p2a: Incineroar\n|-damage|p2b: Gholdengo|79\/100\n|-unboost|p2b: Gholdengo|spa|1\n|move|p2a: Incineroar|Parting Shot|p1a: Tigre To\u00f1o\n|-unboost|p1a: Tigre To\u00f1o|atk|1\n|-unboost|p1a: Tigre To\u00f1o|spa|1\n|\n|t:|1730744232\n|switch|p2a: Amoonguss|Amoonguss, L50, M|100\/100|[from] Parting Shot\n|\n|upkeep\n|turn|3\n|j| Elv3r G4larga\n|j| Millamojake\n|\n|t:|1730744248\n|move|p1b: Toad|Protect|p1b: Toad\n|-singleturn|p1b: Toad|Protect\n|move|p2b: Gholdengo|Nasty Plot|p2b: Gholdengo\n|-boost|p2b: Gholdengo|spa|2\n|move|p1a: Tigre To\u00f1o|Snarl|p2a: Amoonguss|[spread] p2a,p2b\n|-damage|p2a: Amoonguss|95\/100\n|-damage|p2b: Gholdengo|73\/100\n|-unboost|p2a: Amoonguss|spa|1\n|-unboost|p2b: Gholdengo|spa|1\n|move|p2a: Amoonguss|Spore|p1a: Tigre To\u00f1o\n|-activate|p1a: Tigre To\u00f1o|item: Safety Goggles|Spore\n|\n|upkeep\n|turn|4\n|\n|t:|1730744267\n|move|p2b: Gholdengo|Nasty Plot|p2b: Gholdengo\n|-boost|p2b: Gholdengo|spa|2\n|move|p1a: Tigre To\u00f1o|Flare Blitz|p2a: Amoonguss\n|-supereffective|p2a: Amoonguss\n|-damage|p2a: Amoonguss|49\/100\n|-enditem|p2a: Amoonguss|Sitrus Berry|[eat]\n|-heal|p2a: Amoonguss|74\/100|[from] item: Sitrus Berry\n|-damage|p1a: Tigre To\u00f1o|77\/100|[from] Recoil\n|move|p2a: Amoonguss|Spore|p1a: Tigre To\u00f1o\n|-activate|p1a: Tigre To\u00f1o|item: Safety Goggles|Spore\n|move|p1b: Toad|Clear Smog|p2b: Gholdengo\n|-damage|p2b: Gholdengo|59\/100\n|-clearboost|p2b: Gholdengo\n|\n|upkeep\n|turn|5\n|\n|t:|1730744282\n|switch|p1b: Vanessa|Gothitelle, L50, F|100\/100\n|move|p2b: Gholdengo|Make It Rain|p1a: Tigre To\u00f1o|[spread] p1a,p1b\n|-resisted|p1a: Tigre To\u00f1o\n|-damage|p1a: Tigre To\u00f1o|45\/100\n|-damage|p1b: Vanessa|54\/100\n|-unboost|p2b: Gholdengo|spa|1\n|-damage|p2b: Gholdengo|49\/100|[from] item: Life Orb\n|move|p1a: Tigre To\u00f1o|Snarl|p2b: Gholdengo|[spread] p2a,p2b\n|-damage|p2a: Amoonguss|68\/100\n|-damage|p2b: Gholdengo|43\/100\n|-unboost|p2a: Amoonguss|spa|1\n|-unboost|p2b: Gholdengo|spa|1\n|move|p2a: Amoonguss|Pollen Puff|p2b: Gholdengo\n|-heal|p2b: Gholdengo|93\/100\n|\n|upkeep\n|turn|6\n|\n|t:|1730744300\n|move|p2b: Gholdengo|Nasty Plot|p2b: Gholdengo\n|-boost|p2b: Gholdengo|spa|2\n|move|p1a: Tigre To\u00f1o|Snarl|p2b: Gholdengo|[spread] p2a,p2b\n|-damage|p2a: Amoonguss|62\/100\n|-damage|p2b: Gholdengo|86\/100\n|-unboost|p2a: Amoonguss|spa|1\n|-unboost|p2b: Gholdengo|spa|1\n|move|p1b: Vanessa|Psychic|p2a: Amoonguss\n|-supereffective|p2a: Amoonguss\n|-damage|p2a: Amoonguss|10\/100\n|move|p2a: Amoonguss|Spore|p1b: Vanessa\n|-status|p1b: Vanessa|slp|[from] move: Spore\n|\n|upkeep\n|turn|7\n|\n|t:|1730744310\n|move|p2a: Amoonguss|Protect|p2a: Amoonguss\n|-singleturn|p2a: Amoonguss|Protect\n|move|p2b: Gholdengo|Shadow Ball|p1b: Vanessa\n|-supereffective|p1b: Vanessa\n|-damage|p1b: Vanessa|0 fnt\n|faint|p1b: Vanessa\n|-damage|p2b: Gholdengo|77\/100|[from] item: Life Orb\n|move|p1a: Tigre To\u00f1o|Snarl|p2b: Gholdengo|[spread] p2b\n|-activate|p2a: Amoonguss|move: Protect\n|-damage|p2b: Gholdengo|70\/100\n|-unboost|p2b: Gholdengo|spa|1\n|\n|upkeep\n|\n|t:|1730744315\n|switch|p1b: Freddy|Ursaluna, L50, F|100\/100\n|turn|8\n|\n|t:|1730744321\n|switch|p2b: Garchomp|Garchomp, L50, M|100\/100\n|switch|p2a: Incineroar|Incineroar, L50, F|100\/100\n|-ability|p2a: Incineroar|Intimidate|boost\n|-unboost|p1a: Tigre To\u00f1o|atk|1\n|-unboost|p1b: Freddy|atk|1\n|move|p1b: Freddy|Protect|p1b: Freddy\n|-singleturn|p1b: Freddy|Protect\n|move|p1a: Tigre To\u00f1o|Snarl|p2b: Garchomp|[spread] p2a,p2b\n|-resisted|p2a: Incineroar\n|-damage|p2a: Incineroar|98\/100\n|-damage|p2b: Garchomp|93\/100\n|-unboost|p2a: Incineroar|spa|1\n|\n|-status|p1b: Freddy|brn|[from] item: Flame Orb\n|upkeep\n|turn|9\n|\n|t:|1730744335\n|switch|p1a: Toad|Amoonguss, L50, M|48\/100\n|-terastallize|p1b: Freddy|Ghost\n|move|p2b: Garchomp|Stomping Tantrum|p1a: Toad\n|-damage|p1a: Toad|11\/100\n|-damage|p2b: Garchomp|76\/100|[from] item: Rocky Helmet|[of] p1a: Toad\n|move|p2a: Incineroar|Parting Shot|p1b: Freddy\n|-unboost|p1b: Freddy|atk|1\n|-unboost|p1b: Freddy|spa|1\n|\n|t:|1730744344\n|switch|p2a: Amoonguss|Amoonguss, L50, M|43\/100|[from] Parting Shot\n|move|p1b: Freddy|Headlong Rush|p2a: Amoonguss\n|-damage|p2a: Amoonguss|0 fnt\n|-unboost|p1b: Freddy|def|1\n|-unboost|p1b: Freddy|spd|1\n|faint|p2a: Amoonguss\n|\n|-damage|p1b: Freddy|95\/100 brn|[from] brn\n|upkeep\n|\n|t:|1730744349\n|switch|p2a: Gholdengo|Gholdengo, L50, tera:Water|70\/100\n|turn|10\n|\n|t:|1730744355\n|switch|p2b: Incineroar|Incineroar, L50, F|98\/100\n|-ability|p2b: Incineroar|Intimidate|boost\n|-unboost|p1a: Toad|atk|1\n|-unboost|p1b: Freddy|atk|1\n|switch|p1b: Tigre To\u00f1o|Incineroar, L50, F, shiny|45\/100\n|-ability|p1b: Tigre To\u00f1o|Intimidate|boost\n|-unboost|p2a: Gholdengo|atk|1\n|-unboost|p2b: Incineroar|atk|1\n|move|p1a: Toad|Protect|p1a: Toad\n|-singleturn|p1a: Toad|Protect\n|move|p2a: Gholdengo|Nasty Plot|p2a: Gholdengo\n|-boost|p2a: Gholdengo|spa|2\n|\n|upkeep\n|turn|11\n|\n|t:|1730744366\n|switch|p2b: Garchomp|Garchomp, L50, M|76\/100\n|move|p2a: Gholdengo|Protect|p2a: Gholdengo\n|-singleturn|p2a: Gholdengo|Protect\n|move|p1b: Tigre To\u00f1o|Fake Out|p2a: Gholdengo\n|-activate|p2a: Gholdengo|move: Protect\n|move|p1a: Toad|Spore|p2b: Garchomp\n|-status|p2b: Garchomp|slp|[from] move: Spore\n|\n|upkeep\n|turn|12\n|\n|t:|1730744377\n|switch|p2b: Incineroar|Incineroar, L50, F|98\/100\n|-ability|p2b: Incineroar|Intimidate|boost\n|-unboost|p1a: Toad|atk|1\n|-unboost|p1b: Tigre To\u00f1o|atk|1\n|move|p1a: Toad|Protect|p1a: Toad\n|-singleturn|p1a: Toad|Protect\n|move|p2a: Gholdengo|Make It Rain|p1a: Toad|[spread] p1b\n|-activate|p1a: Toad|move: Protect\n|-resisted|p1b: Tigre To\u00f1o\n|-damage|p1b: Tigre To\u00f1o|0 fnt\n|-unboost|p2a: Gholdengo|spa|1\n|faint|p1b: Tigre To\u00f1o\n|-damage|p2a: Gholdengo|60\/100|[from] item: Life Orb\n|\n|upkeep\n|\n|t:|1730744379\n|switch|p1b: Freddy|Ursaluna, L50, F, tera:Ghost|95\/100 brn\n|turn|13\n|-message|caZISA forfeited.\n|\n|win|blindfishptsd\n|raw|caZISA's rating: 1767 &rarr; <strong>1740<\/strong><br \/>(-27 for losing)\n|raw|blindfishptsd's rating: 1648 &rarr; <strong>1675<\/strong><br \/>(+27 for winning)\n|l|\u2606caZISA\n|player|p1|\n|l|\u2606blindfishptsd\n|player|p2|\n|l| Millamojake\n|l| Elv3r G4larga\n","uploadtime":1730744545,"views":18,"formatid":"gen9vgc2024regh","rating":1675,"private":0,"password":null}