{"id":"gen9vgc2024regh-2237443651","format":"[Gen 9] VGC 2024 Reg H","players":["Allhailhippo","Freshveggies2"],"log":"|j|\u2606Allhailhippo\n|j|\u2606Freshveggies2\n|t:|1730755447\n|gametype|doubles\n|player|p1|Allhailhippo|169|1739\n|player|p2|Freshveggies2|102|1710\n|teamsize|p1|6\n|teamsize|p2|6\n|gen|9\n|tier|[Gen 9] VGC 2024 Reg H\n|rated|\n|rule|Species Clause: Limit one of each Pok\u00e9mon\n|rule|Item Clause: Limit 1 of each item\n|clearpoke\n|poke|p1|Tyranitar, L50, M|\n|poke|p1|Houndstone, L50, F|\n|poke|p1|Whimsicott, L50, M|\n|poke|p1|Gliscor, L50, M|\n|poke|p1|Klefki, L50, M|\n|poke|p1|Garchomp, L50, M|\n|poke|p2|Dragonite, L50, M|\n|poke|p2|Kingambit, L50, F|\n|poke|p2|Tauros-Paldea-Aqua, L50, M|\n|poke|p2|Archaludon, L50, F|\n|poke|p2|Pelipper, L50, M|\n|poke|p2|Rillaboom, L50, M|\n|teampreview|4\n|inactive|Battle timer is ON: inactive players will automatically lose when time's up. (requested by Allhailhippo)\n|inactive|Allhailhippo has 60 seconds left.\n|\n|t:|1730755496\n|start\n|switch|p1a: Anna|Whimsicott, L50, M|100\/100\n|switch|p1b: Gliscor|Gliscor, L50, M|100\/100\n|switch|p2a: Tauros|Tauros-Paldea-Aqua, L50, M|100\/100\n|switch|p2b: Dragonite|Dragonite, L50, M|100\/100\n|-ability|p2a: Tauros|Intimidate|boost\n|-unboost|p1a: Anna|atk|1\n|-unboost|p1b: Gliscor|atk|1\n|turn|1\n|inactive|Freshveggies2 has 30 seconds left.\n|inactive|Freshveggies2 has 20 seconds left.\n|inactive|Freshveggies2 has 15 seconds left.\n|inactive|Freshveggies2 has 10 seconds left.\n|\n|t:|1730755545\n|switch|p2b: Pelipper|Pelipper, L50, M|100\/100\n|-weather|RainDance|[from] ability: Drizzle|[of] p2b: Pelipper\n|move|p2a: Tauros|Protect|p2a: Tauros\n|-singleturn|p2a: Tauros|Protect\n|move|p1b: Gliscor|Protect|p1b: Gliscor\n|-singleturn|p1b: Gliscor|Protect\n|move|p1a: Anna|Tailwind|p1a: Anna\n|-sidestart|p1: Allhailhippo|move: Tailwind\n|\n|-weather|RainDance|[upkeep]\n|upkeep\n|turn|2\n|j| phone113\n|inactive|Freshveggies2 has 30 seconds left.\n|inactive|Freshveggies2 has 20 seconds left.\n|\n|t:|1730755582\n|switch|p1b: Good Things|Tyranitar, L50, M|100\/100\n|-weather|Sandstorm|[from] ability: Sand Stream|[of] p1b: Good Things\n|move|p1a: Anna|Encore|p2a: Tauros\n|-start|p2a: Tauros|Encore\n|move|p2a: Tauros|Protect||[still]\n|-fail|p2a: Tauros\n|move|p2b: Pelipper|Tailwind|p2b: Pelipper\n|-sidestart|p2: Freshveggies2|move: Tailwind\n|\n|-weather|Sandstorm|[upkeep]\n|-damage|p2a: Tauros|95\/100|[from] Sandstorm\n|-damage|p1a: Anna|95\/100|[from] Sandstorm\n|-damage|p2b: Pelipper|95\/100|[from] Sandstorm\n|upkeep\n|turn|3\n|inactive|Freshveggies2 has 30 seconds left.\n|\n|t:|1730755610\n|switch|p2a: Rillaboom|Rillaboom, L50, M|100\/100\n|-fieldstart|move: Grassy Terrain|[from] ability: Grassy Surge|[of] p2a: Rillaboom\n|switch|p2b: Dragonite|Dragonite, L50, M|100\/100\n|move|p1a: Anna|Moonblast|p2a: Rillaboom\n|-damage|p2a: Rillaboom|79\/100\n|move|p1b: Good Things|Rock Slide|p2b: Dragonite|[spread] p2a,p2b\n|-supereffective|p2b: Dragonite\n|-damage|p2a: Rillaboom|50\/100\n|-damage|p2b: Dragonite|66\/100\n|\n|-weather|Sandstorm|[upkeep]\n|-damage|p1a: Anna|89\/100|[from] Sandstorm\n|-damage|p2b: Dragonite|60\/100|[from] Sandstorm\n|-damage|p2a: Rillaboom|44\/100|[from] Sandstorm\n|-heal|p1a: Anna|95\/100|[from] Grassy Terrain\n|-heal|p2a: Rillaboom|50\/100|[from] Grassy Terrain\n|upkeep\n|turn|4\n|j| tysgod\n|inactive|Freshveggies2 has 30 seconds left.\n|\n|t:|1730755640\n|switch|p2b: Pelipper|Pelipper, L50, M|95\/100\n|-weather|RainDance|[from] ability: Drizzle|[of] p2b: Pelipper\n|switch|p1b: Gliscor|Gliscor, L50, M|100\/100\n|move|p1a: Anna|Protect|p1a: Anna\n|-singleturn|p1a: Anna|Protect\n|move|p2a: Rillaboom|Wood Hammer|p1b: Gliscor\n|-damage|p1b: Gliscor|29\/100\n|-damage|p2a: Rillaboom|32\/100|[from] Recoil\n|\n|-weather|RainDance|[upkeep]\n|-heal|p1a: Anna|100\/100|[from] Grassy Terrain\n|-heal|p2a: Rillaboom|38\/100|[from] Grassy Terrain\n|-sideend|p1: Allhailhippo|move: Tailwind\n|upkeep\n|turn|5\n|inactive|Allhailhippo has 30 seconds left.\n|inactive|Freshveggies2 has 30 seconds left.\n|inactive|Allhailhippo has 20 seconds left.\n|l| tysgod\n|\n|t:|1730755684\n|switch|p1a: Good Things|Tyranitar, L50, M|100\/100\n|-weather|Sandstorm|[from] ability: Sand Stream|[of] p1a: Good Things\n|move|p2a: Rillaboom|Grassy Glide|p1b: Gliscor|[miss]\n|-miss|p2a: Rillaboom|p1b: Gliscor\n|move|p2b: Pelipper|Hurricane|p1a: Good Things\n|-resisted|p1a: Good Things\n|-damage|p1a: Good Things|91\/100\n|move|p1b: Gliscor|Dual Wingbeat|p2a: Rillaboom\n|-supereffective|p2a: Rillaboom\n|-damage|p2a: Rillaboom|5\/100\n|-supereffective|p2a: Rillaboom\n|-damage|p2a: Rillaboom|0 fnt\n|faint|p2a: Rillaboom\n|-hitcount|p2: Rillaboom|2\n|\n|-weather|Sandstorm|[upkeep]\n|-damage|p2b: Pelipper|89\/100|[from] Sandstorm\n|-heal|p1a: Good Things|97\/100|[from] Grassy Terrain\n|-sideend|p2: Freshveggies2|move: Tailwind\n|upkeep\n|\n|t:|1730755698\n|switch|p2a: Tauros|Tauros-Paldea-Aqua, L50, M|95\/100\n|-ability|p2a: Tauros|Intimidate|boost\n|-unboost|p1a: Good Things|atk|1\n|-unboost|p1b: Gliscor|atk|1\n|turn|6\n|l| phone113\n|inactive|Freshveggies2 has 30 seconds left.\n|\n|t:|1730755731\n|switch|p1a: Anna|Whimsicott, L50, M|100\/100\n|move|p2a: Tauros|Close Combat|p1a: Anna\n|-resisted|p1a: Anna\n|-damage|p1a: Anna|67\/100\n|-unboost|p2a: Tauros|def|1\n|-unboost|p2a: Tauros|spd|1\n|move|p1b: Gliscor|Dual Wingbeat|p2a: Tauros\n|-supereffective|p2a: Tauros\n|-damage|p2a: Tauros|53\/100\n|-supereffective|p2a: Tauros\n|-crit|p2a: Tauros\n|-damage|p2a: Tauros|0 fnt\n|faint|p2a: Tauros\n|-hitcount|p2: Tauros|2\n|move|p2b: Pelipper|Hurricane|p1b: Gliscor\n|-damage|p1b: Gliscor|0 fnt\n|faint|p1b: Gliscor\n|\n|-weather|Sandstorm|[upkeep]\n|-damage|p1a: Anna|61\/100|[from] Sandstorm\n|-damage|p2b: Pelipper|83\/100|[from] Sandstorm\n|-heal|p1a: Anna|67\/100|[from] Grassy Terrain\n|upkeep\n|\n|t:|1730755749\n|switch|p2a: Dragonite|Dragonite, L50, M|60\/100\n|switch|p1b: Good Things|Tyranitar, L50, M|97\/100\n|turn|7\n|-message|Freshveggies2 forfeited.\n|\n|win|Allhailhippo\n|raw|Allhailhippo's rating: 1739 &rarr; <strong>1757<\/strong><br \/>(+18 for winning)\n|raw|Freshveggies2's rating: 1710 &rarr; <strong>1692<\/strong><br \/>(-18 for losing)\n|l|\u2606Freshveggies2\n|player|p2|\n|l|\u2606Allhailhippo\n|player|p1|\n","uploadtime":1730755939,"views":22,"formatid":"gen9vgc2024regh","rating":1692,"private":0,"password":null}