{"id":"gen9vgc2024regh-2237446425","format":"[Gen 9] VGC 2024 Reg H","players":["pokequimico","roykeenkennedy"],"log":"|j|\u2606pokequimico\n|j|\u2606roykeenkennedy\n|t:|1730755733\n|gametype|doubles\n|player|p1|pokequimico|lucas|1731\n|player|p2|roykeenkennedy|alder|1747\n|teamsize|p1|6\n|teamsize|p2|6\n|gen|9\n|tier|[Gen 9] VGC 2024 Reg H\n|rated|\n|rule|Species Clause: Limit one of each Pok\u00e9mon\n|rule|Item Clause: Limit 1 of each item\n|clearpoke\n|poke|p1|Sneasler, L50, F|\n|poke|p1|Typhlosion-Hisui, L50, M|\n|poke|p1|Rillaboom, L50, M|\n|poke|p1|Kingambit, L50, F|\n|poke|p1|Dragonite, L50, M|\n|poke|p1|Archaludon, L50, M|\n|poke|p2|Salamence, L50, F|\n|poke|p2|Incineroar, L50, F|\n|poke|p2|Weezing, L50, F|\n|poke|p2|Dragapult, L50, M|\n|poke|p2|Ursaluna-Bloodmoon, L50, M|\n|poke|p2|Volcarona, L50, M|\n|teampreview|4\n|inactive|Battle timer is ON: inactive players will automatically lose when time's up. (requested by roykeenkennedy)\n|\n|t:|1730755809\n|start\n|switch|p1a: Archaludon|Archaludon, L50, M|100\/100\n|switch|p1b: Typhlosion|Typhlosion-Hisui, L50, M|100\/100\n|switch|p2a: Weezing|Weezing, L50, F|100\/100\n|switch|p2b: Salamence|Salamence, L50, F|100\/100\n|-ability|p2a: Weezing|Neutralizing Gas\n|turn|1\n|inactive|pokequimico has 30 seconds left.\n|\n|t:|1730755835\n|-terastallize|p1b: Typhlosion|Fire\n|move|p2b: Salamence|Rock Slide|p1a: Archaludon|[spread] p1a,p1b\n|-resisted|p1a: Archaludon\n|-supereffective|p1b: Typhlosion\n|-damage|p1a: Archaludon|92\/100\n|-damage|p1b: Typhlosion|40\/100\n|move|p1b: Typhlosion|Eruption|p2b: Salamence|[spread] p2a,p2b\n|-resisted|p2b: Salamence\n|-damage|p2a: Weezing|66\/100\n|-damage|p2b: Salamence|80\/100\n|move|p1a: Archaludon|Dragon Pulse|p2b: Salamence\n|-supereffective|p2b: Salamence\n|-damage|p2b: Salamence|0 fnt\n|faint|p2b: Salamence\n|move|p2a: Weezing|Will-O-Wisp|p1a: Archaludon\n|-status|p1a: Archaludon|brn\n|\n|-heal|p2a: Weezing|72\/100|[from] item: Leftovers\n|-damage|p1a: Archaludon|86\/100 brn|[from] brn\n|upkeep\n|\n|t:|1730755857\n|switch|p2b: Ursaluna|Ursaluna-Bloodmoon, L50, M|100\/100\n|turn|2\n|\n|t:|1730755872\n|switch|p1b: Sneasler|Sneasler, L50, F|100\/100\n|move|p1a: Archaludon|Protect|p1a: Archaludon\n|-singleturn|p1a: Archaludon|Protect\n|move|p2a: Weezing|Will-O-Wisp|p1a: Archaludon\n|-activate|p1a: Archaludon|move: Protect\n|move|p2b: Ursaluna|Earth Power|p1a: Archaludon\n|-activate|p1a: Archaludon|move: Protect\n|\n|-heal|p2a: Weezing|78\/100|[from] item: Leftovers\n|-damage|p1a: Archaludon|80\/100 brn|[from] brn\n|upkeep\n|turn|3\n|\n|t:|1730755893\n|switch|p2b: Incineroar|Incineroar, L50, F|100\/100\n|-ability|p2b: Incineroar|Intimidate|boost\n|-unboost|p1a: Archaludon|atk|1\n|-unboost|p1b: Sneasler|atk|1\n|move|p1b: Sneasler|Dire Claw|p2b: Incineroar\n|-damage|p2b: Incineroar|76\/100\n|-status|p2b: Incineroar|slp\n|move|p1a: Archaludon|Electro Shot||[still]\n|-prepare|p1a: Archaludon|Electro Shot\n|-boost|p1a: Archaludon|spa|1\n|-enditem|p1a: Archaludon|Power Herb\n|-anim|p1a: Archaludon|Electro Shot|p2b: Incineroar\n|-damage|p2b: Incineroar|23\/100 slp\n|move|p2a: Weezing|Will-O-Wisp|p1b: Sneasler\n|-status|p1b: Sneasler|brn\n|\n|-heal|p2a: Weezing|84\/100|[from] item: Leftovers\n|-damage|p1b: Sneasler|95\/100 brn|[from] brn\n|-damage|p1a: Archaludon|74\/100 brn|[from] brn\n|upkeep\n|turn|4\n|j| zach.fisher\n|l| zach.fisher\n|\n|t:|1730755917\n|move|p2a: Weezing|Protect|p2a: Weezing\n|-singleturn|p2a: Weezing|Protect\n|move|p1b: Sneasler|Dire Claw|p2b: Incineroar\n|-damage|p2b: Incineroar|10\/100 slp\n|move|p1a: Archaludon|Dragon Pulse|p2a: Weezing\n|-activate|p2a: Weezing|move: Protect\n|cant|p2b: Incineroar|slp\n|\n|-heal|p2a: Weezing|91\/100|[from] item: Leftovers\n|-damage|p1b: Sneasler|89\/100 brn|[from] brn\n|-damage|p1a: Archaludon|68\/100 brn|[from] brn\n|upkeep\n|turn|5\n|\n|t:|1730755941\n|move|p1b: Sneasler|Close Combat|p2b: Incineroar\n|-supereffective|p2b: Incineroar\n|-damage|p2b: Incineroar|0 fnt\n|-unboost|p1b: Sneasler|def|1\n|-unboost|p1b: Sneasler|spd|1\n|faint|p2b: Incineroar\n|move|p1a: Archaludon|Dragon Pulse|p2a: Weezing\n|-damage|p2a: Weezing|12\/100\n|move|p2a: Weezing|Sludge Bomb|p1b: Sneasler\n|-resisted|p1b: Sneasler\n|-damage|p1b: Sneasler|59\/100 brn\n|\n|-heal|p2a: Weezing|19\/100|[from] item: Leftovers\n|-damage|p1b: Sneasler|53\/100 brn|[from] brn\n|-damage|p1a: Archaludon|62\/100 brn|[from] brn\n|upkeep\n|\n|t:|1730755956\n|switch|p2b: Ursaluna|Ursaluna-Bloodmoon, L50, M|100\/100\n|turn|6\n|\n|t:|1730755966\n|-terastallize|p2b: Ursaluna|Normal\n|move|p2a: Weezing|Protect|p2a: Weezing\n|-singleturn|p2a: Weezing|Protect\n|move|p1b: Sneasler|Close Combat|p2b: Ursaluna\n|-supereffective|p2b: Ursaluna\n|-damage|p2b: Ursaluna|65\/100\n|-unboost|p1b: Sneasler|def|1\n|-unboost|p1b: Sneasler|spd|1\n|move|p1a: Archaludon|Aura Sphere|p2b: Ursaluna\n|-supereffective|p2b: Ursaluna\n|-damage|p2b: Ursaluna|8\/100\n|move|p2b: Ursaluna|Hyper Voice|p1a: Archaludon|[spread] p1a,p1b\n|-resisted|p1a: Archaludon\n|-damage|p1a: Archaludon|21\/100 brn\n|-damage|p1b: Sneasler|0 fnt\n|faint|p1b: Sneasler\n|\n|-heal|p2a: Weezing|25\/100|[from] item: Leftovers\n|-damage|p1a: Archaludon|15\/100 brn|[from] brn\n|upkeep\n|\n|t:|1730755978\n|switch|p1b: Dragonite|Dragonite, L50, M|100\/100\n|turn|7\n|\n|t:|1730755991\n|move|p1b: Dragonite|Extreme Speed|p2b: Ursaluna\n|-damage|p2b: Ursaluna|0 fnt\n|faint|p2b: Ursaluna\n|move|p1a: Archaludon|Dragon Pulse|p2a: Weezing\n|-damage|p2a: Weezing|0 fnt\n|faint|p2a: Weezing\n|-end|p2a: Weezing|ability: Neutralizing Gas\n|\n|win|pokequimico\n|raw|pokequimico's rating: 1731 &rarr; <strong>1752<\/strong><br \/>(+21 for winning)\n|raw|roykeenkennedy's rating: 1747 &rarr; <strong>1726<\/strong><br \/>(-21 for losing)\n|l|\u2606roykeenkennedy\n|player|p2|\n|l|\u2606pokequimico\n|player|p1|\n","uploadtime":1730756216,"views":11,"formatid":"gen9vgc2024regh","rating":1726,"private":0,"password":null}