{"id":"gen9vgc2024regh-2237318465","format":"[Gen 9] VGC 2024 Reg H","players":["Ibberdytten4","CabbageConnoisseur"],"log":"|j|\u2606Ibberdytten4\n|j|\u203dCabbageConnoisseur\n|t:|1730743605\n|gametype|doubles\n|player|p1|Ibberdytten4|idol|1696\n|player|p2|CabbageConnoisseur|265|1683\n|teamsize|p1|6\n|teamsize|p2|6\n|gen|9\n|tier|[Gen 9] VGC 2024 Reg H\n|rated|\n|rule|Species Clause: Limit one of each Pok\u00e9mon\n|rule|Item Clause: Limit 1 of each item\n|clearpoke\n|poke|p1|Indeedee, L50, M|\n|poke|p1|Sneasler, L50, F|\n|poke|p1|Talonflame, L50, M|\n|poke|p1|Ursaluna-Bloodmoon, L50, M|\n|poke|p1|Arcanine-Hisui, L50, F|\n|poke|p1|Dragonite, L50, F|\n|poke|p2|Ursaluna-Bloodmoon, L50, M|\n|poke|p2|Grimmsnarl, L50, M|\n|poke|p2|Archaludon, L50, M|\n|poke|p2|Ninetales-Alola, L50, F|\n|poke|p2|Annihilape, L50, F|\n|poke|p2|Magmar, L50, M|\n|teampreview|4\n|inactive|Battle timer is ON: inactive players will automatically lose when time's up. (requested by Ibberdytten4)\n|\n|t:|1730743636\n|start\n|switch|p1a: Indeedee|Indeedee, L50, M|100\/100\n|switch|p1b: Sneasler|Sneasler, L50, F|100\/100\n|switch|p2a: Ursaluna|Ursaluna-Bloodmoon, L50, M|100\/100\n|switch|p2b: Grimmsnarl|Grimmsnarl, L50, M|100\/100\n|-fieldstart|move: Psychic Terrain|[from] ability: Psychic Surge|[of] p1a: Indeedee\n|-enditem|p1b: Sneasler|Psychic Seed\n|-boost|p1b: Sneasler|spd|1|[from] item: Psychic Seed\n|turn|1\n|\n|t:|1730743653\n|-terastallize|p2a: Ursaluna|Ghost\n|move|p2b: Grimmsnarl|Light Screen|p2b: Grimmsnarl\n|-sidestart|p2: CabbageConnoisseur|move: Light Screen\n|move|p1b: Sneasler|Close Combat|p2a: Ursaluna\n|-immune|p2a: Ursaluna\n|move|p1a: Indeedee|Expanding Force|p2b: Grimmsnarl|[spread] p2a\n|-immune|p2b: Grimmsnarl\n|-damage|p2a: Ursaluna|73\/100\n|move|p2a: Ursaluna|Earth Power|p1b: Sneasler\n|-supereffective|p1b: Sneasler\n|-damage|p1b: Sneasler|18\/100\n|-unboost|p1b: Sneasler|spd|1\n|\n|upkeep\n|turn|2\n|\n|t:|1730743668\n|switch|p2a: Ninetales|Ninetales-Alola, L50, F|100\/100\n|-weather|Snow|[from] ability: Snow Warning|[of] p2a: Ninetales\n|-terastallize|p1b: Sneasler|Dark\n|move|p1b: Sneasler|Throat Chop|p2a: Ninetales\n|-resisted|p2a: Ninetales\n|-damage|p2a: Ninetales|78\/100\n|-start|p2a: Ninetales|Throat Chop|[silent]\n|move|p1a: Indeedee|Expanding Force|p2a: Ninetales|[spread] p2a\n|-immune|p2b: Grimmsnarl\n|-damage|p2a: Ninetales|37\/100\n|move|p2b: Grimmsnarl|Foul Play|p1b: Sneasler\n|-resisted|p1b: Sneasler\n|-damage|p1b: Sneasler|0 fnt\n|faint|p1b: Sneasler\n|\n|-weather|Snow|[upkeep]\n|upkeep\n|\n|t:|1730743682\n|switch|p1b: Ursaluna|Ursaluna-Bloodmoon, L50, M|100\/100\n|turn|3\n|\n|t:|1730743705\n|move|p2b: Grimmsnarl|Reflect|p2b: Grimmsnarl\n|-sidestart|p2: CabbageConnoisseur|Reflect\n|move|p2a: Ninetales|Blizzard|p1b: Ursaluna|[spread] p1a,p1b\n|-supereffective|p1b: Ursaluna\n|-damage|p1a: Indeedee|34\/100\n|-damage|p1b: Ursaluna|0 fnt\n|faint|p1b: Ursaluna\n|move|p1a: Indeedee|Hyper Voice|p2b: Grimmsnarl|[spread] p2a,p2b\n|-crit|p2a: Ninetales\n|-damage|p2a: Ninetales|0 fnt\n|-damage|p2b: Grimmsnarl|81\/100\n|faint|p2a: Ninetales\n|\n|-weather|Snow|[upkeep]\n|upkeep\n|\n|t:|1730743710\n|switch|p2a: Ursaluna|Ursaluna-Bloodmoon, L50, M, tera:Ghost|73\/100\n|switch|p1b: Dragonite|Dragonite, L50, F|100\/100\n|turn|4\n|\n|t:|1730743723\n|move|p2b: Grimmsnarl|Thunder Wave|p1b: Dragonite|[miss]\n|-miss|p2b: Grimmsnarl|p1b: Dragonite\n|move|p1a: Indeedee|Hyper Voice|p2a: Ursaluna|[spread] p2b\n|-immune|p2a: Ursaluna\n|-damage|p2b: Grimmsnarl|62\/100\n|move|p1b: Dragonite|Scale Shot|p2a: Ursaluna\n|-crit|p2a: Ursaluna\n|-damage|p2a: Ursaluna|57\/100\n|-damage|p2a: Ursaluna|49\/100\n|-damage|p2a: Ursaluna|42\/100\n|-damage|p2a: Ursaluna|34\/100\n|-hitcount|p2a: Ursaluna|4\n|-unboost|p1b: Dragonite|def|1\n|-boost|p1b: Dragonite|spe|1\n|move|p2a: Ursaluna|Hyper Voice|p1a: Indeedee|[spread] p1a,p1b\n|-damage|p1a: Indeedee|0 fnt\n|-damage|p1b: Dragonite|81\/100\n|faint|p1a: Indeedee\n|\n|-weather|Snow|[upkeep]\n|upkeep\n|turn|5\n|-message|Ibberdytten4 forfeited.\n|\n|win|CabbageConnoisseur\n|raw|Ibberdytten4's rating: 1696 &rarr; <strong>1675<\/strong><br \/>(-21 for losing)\n|raw|CabbageConnoisseur's rating: 1683 &rarr; <strong>1704<\/strong><br \/>(+21 for winning)\n|l|\u2606Ibberdytten4\n|player|p1|\n|l|\u203dCabbageConnoisseur\n|player|p2|\n","uploadtime":1730743996,"views":18,"formatid":"gen9vgc2024regh","rating":1675,"private":0,"password":null}