{"id":"gen9vgc2024regh-2237579554","format":"[Gen 9] VGC 2024 Reg H","players":["greenlightdmp","Jamtaviousiv"],"log":"|j|\u2606greenlightdmp\n|j|\u2606Jamtaviousiv\n|t:|1730770713\n|gametype|doubles\n|player|p1|greenlightdmp|102|1781\n|player|p2|Jamtaviousiv|170|1685\n|teamsize|p1|6\n|teamsize|p2|6\n|gen|9\n|tier|[Gen 9] VGC 2024 Reg H\n|rated|\n|rule|Species Clause: Limit one of each Pok\u00e9mon\n|rule|Item Clause: Limit 1 of each item\n|clearpoke\n|poke|p1|Sneasler, L50, M|\n|poke|p1|Indeedee-F, L50, F|\n|poke|p1|Murkrow, L50, F|\n|poke|p1|Archaludon, L50, F|\n|poke|p1|Basculegion, L50, M|\n|poke|p1|Volcarona, L50, F|\n|poke|p2|Indeedee, L50, M|\n|poke|p2|Talonflame, L50, M|\n|poke|p2|Arcanine-Hisui, L50, F|\n|poke|p2|Amoonguss, L50, F|\n|poke|p2|Ursaluna-Bloodmoon, L50, M|\n|poke|p2|Sneasler, L50, M|\n|teampreview|4\n|inactive|Battle timer is ON: inactive players will automatically lose when time's up. (requested by Jamtaviousiv)\n|\n|t:|1730770766\n|start\n|switch|p1a: VEGETA|Basculegion, L50, M|100\/100\n|switch|p1b: Raf Camora|Murkrow, L50, F|100\/100\n|switch|p2a: Talonflame|Talonflame, L50, M|100\/100\n|switch|p2b: Ursaluna|Ursaluna-Bloodmoon, L50, M|100\/100\n|turn|1\n|j| oil duck\n|inactive|greenlightdmp has 30 seconds left.\n|inactive|Jamtaviousiv has 30 seconds left.\n|\n|t:|1730770792\n|move|p2a: Talonflame|Tailwind|p2a: Talonflame\n|-sidestart|p2: Jamtaviousiv|move: Tailwind\n|move|p1b: Raf Camora|Tailwind|p1b: Raf Camora\n|-sidestart|p1: greenlightdmp|move: Tailwind\n|move|p1a: VEGETA|Flip Turn|p2a: Talonflame\n|-supereffective|p2a: Talonflame\n|-damage|p2a: Talonflame|0 fnt\n|faint|p2a: Talonflame\n|\n|t:|1730770801\n|switch|p1a: MeganTheeStallion|Indeedee-F, L50, F|100\/100|[from] Flip Turn\n|-fieldstart|move: Psychic Terrain|[from] ability: Psychic Surge|[of] p1a: MeganTheeStallion\n|move|p2b: Ursaluna|Blood Moon|p1b: Raf Camora\n|-damage|p1b: Raf Camora|0 fnt\n|faint|p1b: Raf Camora\n|-damage|p2b: Ursaluna|91\/100|[from] item: Life Orb\n|\n|upkeep\n|\n|t:|1730770814\n|switch|p2a: Sneasler|Sneasler, L50, M|100\/100\n|switch|p1b: Slim Shady|Sneasler, L50, M|100\/100\n|-enditem|p1b: Slim Shady|Psychic Seed\n|-boost|p1b: Slim Shady|spd|1|[from] item: Psychic Seed\n|-enditem|p2a: Sneasler|Psychic Seed\n|-boost|p2a: Sneasler|spd|1|[from] item: Psychic Seed\n|turn|2\n|inactive|greenlightdmp has 30 seconds left.\n|\n|t:|1730770843\n|move|p1b: Slim Shady|Protect|p1b: Slim Shady\n|-singleturn|p1b: Slim Shady|Protect\n|move|p2a: Sneasler|Dire Claw|p1b: Slim Shady\n|-activate|p1b: Slim Shady|move: Protect\n|move|p1a: MeganTheeStallion|Psychic|p2a: Sneasler\n|-supereffective|p2a: Sneasler\n|-damage|p2a: Sneasler|0 fnt\n|faint|p2a: Sneasler\n|move|p2b: Ursaluna|Hyper Voice|p1b: Slim Shady|[spread] p1a\n|-activate|p1b: Slim Shady|move: Protect\n|-damage|p1a: MeganTheeStallion|59\/100\n|-damage|p2b: Ursaluna|81\/100|[from] item: Life Orb\n|\n|upkeep\n|\n|t:|1730770848\n|switch|p2a: Indeedee|Indeedee, L50, M|100\/100\n|turn|3\n|inactive|greenlightdmp has 30 seconds left.\n|inactive|Jamtaviousiv has 30 seconds left.\n|inactive|greenlightdmp has 20 seconds left.\n|\n|t:|1730770886\n|-terastallize|p1b: Slim Shady|Dark\n|move|p2b: Ursaluna|Protect|p2b: Ursaluna\n|-singleturn|p2b: Ursaluna|Protect\n|move|p1a: MeganTheeStallion|Follow Me|p1a: MeganTheeStallion\n|-singleturn|p1a: MeganTheeStallion|move: Follow Me\n|move|p1b: Slim Shady|Throat Chop|p2a: Indeedee\n|-supereffective|p2a: Indeedee\n|-enditem|p2a: Indeedee|Focus Sash\n|-damage|p2a: Indeedee|1\/100\n|-start|p2a: Indeedee|Throat Chop|[silent]\n|move|p2a: Indeedee|Trick Room|p2a: Indeedee\n|-fieldstart|move: Trick Room|[of] p2a: Indeedee\n|\n|upkeep\n|turn|4\n|inactive|greenlightdmp has 30 seconds left.\n|\n|t:|1730770912\n|-terastallize|p2b: Ursaluna|Normal\n|move|p2a: Indeedee|Helping Hand|p2b: Ursaluna\n|-singleturn|p2b: Ursaluna|Helping Hand|[of] p2a: Indeedee\n|move|p1a: MeganTheeStallion|Follow Me|p1a: MeganTheeStallion\n|-singleturn|p1a: MeganTheeStallion|move: Follow Me\n|move|p2b: Ursaluna|Hyper Voice|p1a: MeganTheeStallion|[spread] p1a,p1b\n|-damage|p1a: MeganTheeStallion|0 fnt\n|-damage|p1b: Slim Shady|0 fnt\n|faint|p1a: MeganTheeStallion\n|faint|p1b: Slim Shady\n|-damage|p2b: Ursaluna|72\/100|[from] item: Life Orb\n|\n|-end|p2a: Indeedee|Throat Chop|[silent]\n|-sideend|p1: greenlightdmp|move: Tailwind\n|-sideend|p2: Jamtaviousiv|move: Tailwind\n|upkeep\n|\n|t:|1730770924\n|switch|p1a: VEGETA|Basculegion, L50, M|100\/100\n|turn|5\n|-message|greenlightdmp forfeited.\n|\n|win|Jamtaviousiv\n|raw|greenlightdmp's rating: 1781 &rarr; <strong>1756<\/strong><br \/>(-25 for losing)\n|raw|Jamtaviousiv's rating: 1685 &rarr; <strong>1710<\/strong><br \/>(+25 for winning)\n|l|\u2606greenlightdmp\n|player|p1|\n","uploadtime":1730770929,"views":32,"formatid":"gen9vgc2024regh","rating":1710,"private":0,"password":null}