{"id":"gen9vgc2024regh-2237190760","format":"[Gen 9] VGC 2024 Reg H","players":["ray4gej","ggfsb"],"log":"|j|\u2606ray4gej\n|j|\u2606ggfsb\n|t:|1730731354\n|gametype|doubles\n|player|p1|ray4gej|169|1728\n|player|p2|ggfsb|palmer|1718\n|teamsize|p1|6\n|teamsize|p2|6\n|gen|9\n|tier|[Gen 9] VGC 2024 Reg H\n|rated|\n|rule|Species Clause: Limit one of each Pok\u00e9mon\n|rule|Item Clause: Limit 1 of each item\n|clearpoke\n|poke|p1|Primarina, L50, M|\n|poke|p1|Tyranitar, L50, F|\n|poke|p1|Whimsicott, L50, M|\n|poke|p1|Gholdengo, L50|\n|poke|p1|Infernape, L50, F|\n|poke|p1|Overqwil, L50, M|\n|poke|p2|Glimmora, L50, F|\n|poke|p2|Rillaboom, L50, M|\n|poke|p2|Murkrow, L50, F|\n|poke|p2|Gholdengo, L50|\n|poke|p2|Tyranitar, L50, M|\n|poke|p2|Garchomp, L50, F|\n|teampreview|4\n|inactive|Battle timer is ON: inactive players will automatically lose when time's up. (requested by ray4gej)\n|\n|t:|1730731404\n|start\n|switch|p1a: Whimsicott|Whimsicott, L50, M|100\/100\n|switch|p1b: Tyranitar|Tyranitar, L50, F|100\/100\n|switch|p2a: Glimmora|Glimmora, L50, F|100\/100\n|switch|p2b: Murkrow|Murkrow, L50, F|100\/100\n|-weather|Sandstorm|[from] ability: Sand Stream|[of] p1b: Tyranitar\n|turn|1\n|inactive|ggfsb has 30 seconds left.\n|\n|t:|1730731430\n|switch|p2b: Rillaboom|Rillaboom, L50, M|100\/100\n|-fieldstart|move: Grassy Terrain|[from] ability: Grassy Surge|[of] p2b: Rillaboom\n|move|p1a: Whimsicott|Tailwind|p1a: Whimsicott\n|-sidestart|p1: ray4gej|move: Tailwind\n|move|p1b: Tyranitar|Knock Off|p2a: Glimmora\n|-damage|p2a: Glimmora|40\/100\n|-activate|p2a: Glimmora|ability: Toxic Debris\n|-sidestart|p1: ray4gej|move: Toxic Spikes\n|-enditem|p2a: Glimmora|Focus Sash|[from] move: Knock Off|[of] p1b: Tyranitar\n|move|p2a: Glimmora|Sludge Bomb|p1a: Whimsicott\n|-supereffective|p1a: Whimsicott\n|-damage|p1a: Whimsicott|0 fnt\n|faint|p1a: Whimsicott\n|\n|-weather|Sandstorm|[upkeep]\n|-damage|p2b: Rillaboom|94\/100|[from] Sandstorm\n|-heal|p2a: Glimmora|46\/100|[from] Grassy Terrain\n|-heal|p2b: Rillaboom|100\/100|[from] Grassy Terrain\n|upkeep\n|\n|t:|1730731439\n|switch|p1a: Overqwil|Overqwil, L50, M|100\/100\n|-sideend|p1: ray4gej|move: Toxic Spikes|[of] p1a: Overqwil\n|-ability|p1a: Overqwil|Intimidate|boost\n|-unboost|p2a: Glimmora|atk|1\n|-unboost|p2b: Rillaboom|atk|1\n|turn|2\n|\n|t:|1730731453\n|-terastallize|p1b: Tyranitar|Flying\n|move|p2b: Rillaboom|Fake Out|p1a: Overqwil\n|-damage|p1a: Overqwil|90\/100\n|move|p1b: Tyranitar|Knock Off|p2a: Glimmora\n|-damage|p2a: Glimmora|2\/100\n|-activate|p2a: Glimmora|ability: Toxic Debris\n|-sidestart|p1: ray4gej|move: Toxic Spikes\n|cant|p1a: Overqwil|flinch\n|move|p2a: Glimmora|Earth Power|p1a: Overqwil\n|-supereffective|p1a: Overqwil\n|-damage|p1a: Overqwil|47\/100\n|\n|-weather|Sandstorm|[upkeep]\n|-damage|p1b: Tyranitar|94\/100|[from] Sandstorm\n|-damage|p1a: Overqwil|41\/100|[from] Sandstorm\n|-damage|p2b: Rillaboom|94\/100|[from] Sandstorm\n|-heal|p1a: Overqwil|47\/100|[from] Grassy Terrain\n|-heal|p2a: Glimmora|9\/100|[from] Grassy Terrain\n|-heal|p2b: Rillaboom|100\/100|[from] Grassy Terrain\n|upkeep\n|turn|3\n|\n|t:|1730731472\n|switch|p2b: Murkrow|Murkrow, L50, F|100\/100\n|move|p2a: Glimmora|Spiky Shield|p2a: Glimmora\n|-singleturn|p2a: Glimmora|move: Protect\n|move|p1b: Tyranitar|Knock Off|p2a: Glimmora\n|-activate|p2a: Glimmora|move: Protect\n|-damage|p1b: Tyranitar|82\/100|[from] Spiky Shield|[of] p2a: Glimmora\n|move|p1a: Overqwil|Gunk Shot|p2b: Murkrow\n|-damage|p2b: Murkrow|44\/100\n|\n|-weather|Sandstorm|[upkeep]\n|-damage|p1b: Tyranitar|75\/100|[from] Sandstorm\n|-damage|p1a: Overqwil|41\/100|[from] Sandstorm\n|-damage|p2b: Murkrow|38\/100|[from] Sandstorm\n|-heal|p1a: Overqwil|47\/100|[from] Grassy Terrain\n|-heal|p2a: Glimmora|15\/100|[from] Grassy Terrain\n|upkeep\n|turn|4\n|\n|t:|1730731495\n|switch|p1a: Primarina|Primarina, L50, M|100\/100\n|-status|p1a: Primarina|psn\n|switch|p2a: Garchomp|Garchomp, L50, F|100\/100\n|move|p2b: Murkrow|Tailwind|p2b: Murkrow\n|-sidestart|p2: ggfsb|move: Tailwind\n|move|p1b: Tyranitar|Knock Off|p2a: Garchomp\n|-damage|p2a: Garchomp|48\/100\n|-damage|p1b: Tyranitar|63\/100|[from] ability: Rough Skin|[of] p2a: Garchomp\n|-enditem|p2a: Garchomp|Life Orb|[from] move: Knock Off|[of] p1b: Tyranitar\n|\n|-weather|Sandstorm|[upkeep]\n|-damage|p1b: Tyranitar|57\/100|[from] Sandstorm\n|-damage|p2b: Murkrow|32\/100|[from] Sandstorm\n|-damage|p1a: Primarina|95\/100 psn|[from] Sandstorm\n|-heal|p2a: Garchomp|54\/100|[from] Grassy Terrain\n|-heal|p1a: Primarina|100\/100 psn|[from] Grassy Terrain\n|-damage|p1a: Primarina|88\/100 psn|[from] psn\n|-sideend|p1: ray4gej|move: Tailwind\n|upkeep\n|turn|5\n|\n|t:|1730731518\n|-terastallize|p2a: Garchomp|Ground\n|move|p2a: Garchomp|Stomping Tantrum|p1a: Primarina\n|-damage|p1a: Primarina|27\/100 psn\n|move|p2b: Murkrow|Brave Bird|p1a: Primarina\n|-damage|p1a: Primarina|0 fnt\n|faint|p1a: Primarina\n|-damage|p2b: Murkrow|22\/100|[from] Recoil\n|move|p1b: Tyranitar|Knock Off|p2b: Murkrow\n|-resisted|p2b: Murkrow\n|-damage|p2b: Murkrow|0 fnt\n|-enditem|p2b: Murkrow|Eviolite|[from] move: Knock Off|[of] p1b: Tyranitar\n|faint|p2b: Murkrow\n|\n|-weather|none\n|-heal|p2a: Garchomp|60\/100|[from] Grassy Terrain\n|-fieldend|move: Grassy Terrain\n|upkeep\n|\n|t:|1730731531\n|switch|p2b: Glimmora|Glimmora, L50, F|15\/100\n|switch|p1a: Overqwil|Overqwil, L50, M|47\/100\n|-sideend|p1: ray4gej|move: Toxic Spikes|[of] p1a: Overqwil\n|-ability|p1a: Overqwil|Intimidate|boost\n|-unboost|p2a: Garchomp|atk|1\n|-unboost|p2b: Glimmora|atk|1\n|turn|6\n|\n|t:|1730731538\n|move|p2a: Garchomp|Stomping Tantrum|p1a: Overqwil\n|-supereffective|p1a: Overqwil\n|-damage|p1a: Overqwil|0 fnt\n|faint|p1a: Overqwil\n|move|p2b: Glimmora|Power Gem|p1b: Tyranitar\n|-supereffective|p1b: Tyranitar\n|-damage|p1b: Tyranitar|0 fnt\n|faint|p1b: Tyranitar\n|\n|win|ggfsb\n|raw|ray4gej's rating: 1728 &rarr; <strong>1707<\/strong><br \/>(-21 for losing)\n|raw|ggfsb's rating: 1718 &rarr; <strong>1739<\/strong><br \/>(+21 for winning)\n|l|\u2606ray4gej\n|player|p1|\n|l|\u2606ggfsb\n|player|p2|\n","uploadtime":1730731753,"views":24,"formatid":"gen9vgc2024regh","rating":1707,"private":0,"password":null}