{"id":"gen9vgc2024regh-2237195257","format":"[Gen 9] VGC 2024 Reg H","players":["ggfsb","ray4gej"],"log":"|j|\u2606ggfsb\n|j|\u2606ray4gej\n|t:|1730731815\n|gametype|doubles\n|player|p1|ggfsb|palmer|1751\n|player|p2|ray4gej|169|1721\n|teamsize|p1|6\n|teamsize|p2|6\n|gen|9\n|tier|[Gen 9] VGC 2024 Reg H\n|rated|\n|rule|Species Clause: Limit one of each Pok\u00e9mon\n|rule|Item Clause: Limit 1 of each item\n|clearpoke\n|poke|p1|Glimmora, L50, F|\n|poke|p1|Rillaboom, L50, M|\n|poke|p1|Murkrow, L50, F|\n|poke|p1|Gholdengo, L50|\n|poke|p1|Tyranitar, L50, F|\n|poke|p1|Garchomp, L50, F|\n|poke|p2|Primarina, L50, F|\n|poke|p2|Tyranitar, L50, M|\n|poke|p2|Whimsicott, L50, M|\n|poke|p2|Gholdengo, L50|\n|poke|p2|Infernape, L50, M|\n|poke|p2|Overqwil, L50, F|\n|teampreview|4\n|inactive|Battle timer is ON: inactive players will automatically lose when time's up. (requested by ray4gej)\n|\n|t:|1730731927\n|start\n|switch|p1a: Glimmora|Glimmora, L50, F|100\/100\n|switch|p1b: Murkrow|Murkrow, L50, F|100\/100\n|switch|p2a: Whimsicott|Whimsicott, L50, M|100\/100\n|switch|p2b: Tyranitar|Tyranitar, L50, M|100\/100\n|-weather|Sandstorm|[from] ability: Sand Stream|[of] p2b: Tyranitar\n|turn|1\n|\n|t:|1730731940\n|switch|p2a: Overqwil|Overqwil, L50, F|100\/100\n|-ability|p2a: Overqwil|Intimidate|boost\n|-unboost|p1a: Glimmora|atk|1\n|-unboost|p1b: Murkrow|atk|1\n|switch|p1b: Rillaboom|Rillaboom, L50, M|100\/100\n|-fieldstart|move: Grassy Terrain|[from] ability: Grassy Surge|[of] p1b: Rillaboom\n|move|p2b: Tyranitar|Knock Off|p1a: Glimmora\n|-damage|p1a: Glimmora|35\/100\n|-activate|p1a: Glimmora|ability: Toxic Debris\n|-sidestart|p2: ray4gej|move: Toxic Spikes\n|-enditem|p1a: Glimmora|Focus Sash|[from] move: Knock Off|[of] p2b: Tyranitar\n|move|p1a: Glimmora|Sludge Bomb|p2a: Overqwil\n|-resisted|p2a: Overqwil\n|-damage|p2a: Overqwil|84\/100\n|\n|-weather|Sandstorm|[upkeep]\n|-damage|p1b: Rillaboom|94\/100|[from] Sandstorm\n|-damage|p2a: Overqwil|78\/100|[from] Sandstorm\n|-heal|p1a: Glimmora|41\/100|[from] Grassy Terrain\n|-heal|p1b: Rillaboom|100\/100|[from] Grassy Terrain\n|-heal|p2a: Overqwil|84\/100|[from] Grassy Terrain\n|upkeep\n|turn|2\n|\n|t:|1730731962\n|-terastallize|p2b: Tyranitar|Flying\n|move|p1b: Rillaboom|Fake Out|p2a: Overqwil\n|-damage|p2a: Overqwil|70\/100\n|move|p2b: Tyranitar|Knock Off|p1a: Glimmora\n|-damage|p1a: Glimmora|0 fnt\n|-activate|p1a: Glimmora|ability: Toxic Debris\n|-sidestart|p2: ray4gej|move: Toxic Spikes\n|faint|p1a: Glimmora\n|cant|p2a: Overqwil|flinch\n|\n|-weather|Sandstorm|[upkeep]\n|-damage|p2b: Tyranitar|94\/100|[from] Sandstorm\n|-damage|p1b: Rillaboom|94\/100|[from] Sandstorm\n|-damage|p2a: Overqwil|64\/100|[from] Sandstorm\n|-heal|p1b: Rillaboom|100\/100|[from] Grassy Terrain\n|-heal|p2a: Overqwil|70\/100|[from] Grassy Terrain\n|upkeep\n|\n|t:|1730731968\n|switch|p1a: Garchomp|Garchomp, L50, F|100\/100\n|turn|3\n|\n|t:|1730731985\n|switch|p2a: Whimsicott|Whimsicott, L50, M|100\/100\n|-status|p2a: Whimsicott|tox\n|move|p2b: Tyranitar|Knock Off|p1a: Garchomp\n|-damage|p1a: Garchomp|46\/100\n|-damage|p2b: Tyranitar|82\/100|[from] ability: Rough Skin|[of] p1a: Garchomp\n|-enditem|p1a: Garchomp|Life Orb|[from] move: Knock Off|[of] p2b: Tyranitar\n|move|p1a: Garchomp|Stomping Tantrum|p2a: Whimsicott\n|-resisted|p2a: Whimsicott\n|-damage|p2a: Whimsicott|78\/100 tox\n|move|p1b: Rillaboom|U-turn|p2b: Tyranitar\n|-resisted|p2b: Tyranitar\n|-damage|p2b: Tyranitar|69\/100\n|\n|t:|1730731988\n|switch|p1b: Murkrow|Murkrow, L50, F|100\/100|[from] U-turn\n|\n|-weather|Sandstorm|[upkeep]\n|-damage|p2b: Tyranitar|62\/100|[from] Sandstorm\n|-damage|p2a: Whimsicott|72\/100 tox|[from] Sandstorm\n|-damage|p1b: Murkrow|94\/100|[from] Sandstorm\n|-heal|p2a: Whimsicott|78\/100 tox|[from] Grassy Terrain\n|-heal|p1a: Garchomp|52\/100|[from] Grassy Terrain\n|-damage|p2a: Whimsicott|72\/100 tox|[from] psn\n|upkeep\n|turn|4\n|\n|t:|1730732009\n|move|p1b: Murkrow|Tailwind|p1b: Murkrow\n|-sidestart|p1: ggfsb|move: Tailwind\n|move|p1a: Garchomp|Rock Slide|p2a: Whimsicott|[spread] p2a,p2b\n|-supereffective|p2b: Tyranitar\n|-damage|p2a: Whimsicott|50\/100 tox\n|-damage|p2b: Tyranitar|23\/100\n|move|p2b: Tyranitar|Knock Off|p1b: Murkrow\n|-resisted|p1b: Murkrow\n|-damage|p1b: Murkrow|66\/100\n|-enditem|p1b: Murkrow|Eviolite|[from] move: Knock Off|[of] p2b: Tyranitar\n|move|p2a: Whimsicott|Moonblast|p1a: Garchomp\n|-supereffective|p1a: Garchomp\n|-damage|p1a: Garchomp|0 fnt\n|faint|p1a: Garchomp\n|\n|-weather|Sandstorm|[upkeep]\n|-damage|p1b: Murkrow|60\/100|[from] Sandstorm\n|-damage|p2b: Tyranitar|16\/100|[from] Sandstorm\n|-damage|p2a: Whimsicott|44\/100 tox|[from] Sandstorm\n|-heal|p2a: Whimsicott|50\/100 tox|[from] Grassy Terrain\n|-damage|p2a: Whimsicott|38\/100 tox|[from] psn\n|upkeep\n|\n|t:|1730732021\n|switch|p1a: Rillaboom|Rillaboom, L50, M|100\/100\n|turn|5\n|j| noshaymintrying\n|\n|t:|1730732028\n|move|p1a: Rillaboom|Fake Out|p2a: Whimsicott\n|-damage|p2a: Whimsicott|19\/100 tox\n|move|p1b: Murkrow|Tailwind||[still]\n|-fail|p1b: Murkrow\n|move|p2a: Whimsicott|Tailwind|p2a: Whimsicott\n|-sidestart|p2: ray4gej|move: Tailwind\n|move|p2b: Tyranitar|Knock Off|p1b: Murkrow\n|-resisted|p1b: Murkrow\n|-damage|p1b: Murkrow|30\/100\n|\n|-weather|none\n|-heal|p2a: Whimsicott|25\/100 tox|[from] Grassy Terrain\n|-damage|p2a: Whimsicott|8\/100 tox|[from] psn\n|-fieldend|move: Grassy Terrain\n|upkeep\n|turn|6\n|j| Satansinlaw\n|inactive|ggfsb has 30 seconds left.\n|\n|t:|1730732058\n|-terastallize|p1b: Murkrow|Ghost\n|move|p2b: Tyranitar|Knock Off|p1a: Rillaboom\n|-damage|p1a: Rillaboom|44\/100\n|-enditem|p1a: Rillaboom|Assault Vest|[from] move: Knock Off|[of] p2b: Tyranitar\n|move|p2a: Whimsicott|Moonblast|p1b: Murkrow\n|-damage|p1b: Murkrow|0 fnt\n|faint|p1b: Murkrow\n|move|p1a: Rillaboom|Grassy Glide|p2a: Whimsicott\n|-resisted|p2a: Whimsicott\n|-damage|p2a: Whimsicott|0 fnt\n|faint|p2a: Whimsicott\n|\n|upkeep\n|-message|ggfsb forfeited.\n|\n|win|ray4gej\n|raw|ggfsb's rating: 1751 &rarr; <strong>1729<\/strong><br \/>(-22 for losing)\n|raw|ray4gej's rating: 1721 &rarr; <strong>1743<\/strong><br \/>(+22 for winning)\n|l|\u2606ggfsb\n|player|p1|\n|l| Satansinlaw\n|l| noshaymintrying\n","uploadtime":1730732311,"views":21,"formatid":"gen9vgc2024regh","rating":1729,"private":0,"password":null}