{"id":"gen9vgc2024regh-2237858145","format":"[Gen 9] VGC 2024 Reg H","players":["maya ayasato","Omiim"],"log":"|j|\u2606maya ayasato\n|j|\u2606Omiim\n|t:|1730814830\n|gametype|doubles\n|player|p1|maya ayasato|cynthia|1856\n|player|p2|Omiim|102|1673\n|teamsize|p1|6\n|teamsize|p2|6\n|gen|9\n|tier|[Gen 9] VGC 2024 Reg H\n|rated|\n|rule|Species Clause: Limit one of each Pok\u00e9mon\n|rule|Item Clause: Limit 1 of each item\n|clearpoke\n|poke|p1|Gholdengo, L50|\n|poke|p1|Annihilape, L50, F|\n|poke|p1|Maushold, L50|\n|poke|p1|Dondozo, L50, F|\n|poke|p1|Murkrow, L50, F|\n|poke|p1|Tatsugiri, L50, M|\n|poke|p2|Dondozo, L50, F|\n|poke|p2|Tatsugiri, L50, F|\n|poke|p2|Gholdengo, L50|\n|poke|p2|Dragonite, L50, F|\n|poke|p2|Blaziken, L50, M|\n|poke|p2|Kilowattrel, L50, F|\n|teampreview|4\nOmiim has agreed to open team sheets.\n|inactive|Battle timer is ON: inactive players will automatically lose when time's up. (requested by Omiim)\n|\n|t:|1730814848\n|start\n|switch|p1a: Gholdengo|Gholdengo, L50|100\/100\n|switch|p1b: Dondozo|Dondozo, L50, F|100\/100\n|switch|p2a: Kilowattrel|Kilowattrel, L50, F|100\/100\n|switch|p2b: Gholdengo|Gholdengo, L50|100\/100\n|turn|1\n|inactive|maya ayasato has 30 seconds left.\n|inactive|Omiim has 30 seconds left.\n|\n|t:|1730814880\n|switch|p1a: Tatsugiri|Tatsugiri, L50, M|100\/100\n|-activate|p1a: Tatsugiri|ability: Commander|[of] p1b: Dondozo\n|-boost|p1b: Dondozo|atk|2\n|-boost|p1b: Dondozo|spa|2\n|-boost|p1b: Dondozo|spe|2\n|-boost|p1b: Dondozo|def|2\n|-boost|p1b: Dondozo|spd|2\n|move|p2a: Kilowattrel|Tailwind|p2a: Kilowattrel\n|-sidestart|p2: Omiim|move: Tailwind\n|move|p2b: Gholdengo|Shadow Ball|p1a: Tatsugiri|[miss]\n|-miss|p2b: Gholdengo|p1a: Tatsugiri\n|move|p1b: Dondozo|Wave Crash|p2b: Gholdengo\n|-damage|p2b: Gholdengo|0 fnt\n|faint|p2b: Gholdengo\n|-damage|p1b: Dondozo|77\/100|[from] Recoil\n|-damage|p1b: Dondozo|67\/100|[from] item: Life Orb\n|\n|upkeep\n|\n|t:|1730814887\n|switch|p2b: Dondozo|Dondozo, L50, F|100\/100\n|turn|2\n|j| Andy8105\n|\n|t:|1730814898\n|move|p2b: Dondozo|Protect|p2b: Dondozo\n|-singleturn|p2b: Dondozo|Protect\n|move|p2a: Kilowattrel|Thunderbolt|p1b: Dondozo\n|-supereffective|p1b: Dondozo\n|-damage|p1b: Dondozo|19\/100\n|move|p1b: Dondozo|Wave Crash|p2a: Kilowattrel\n|-enditem|p2a: Kilowattrel|Focus Sash\n|-damage|p2a: Kilowattrel|1\/100\n|-damage|p1b: Dondozo|0 fnt|[from] Recoil\n|faint|p1b: Dondozo\n|\n|upkeep\n|\n|t:|1730814911\n|switch|p1b: Murkrow|Murkrow, L50, F|100\/100\n|turn|3\n|\n|t:|1730814932\n|move|p1a: Tatsugiri|Protect|p1a: Tatsugiri\n|-singleturn|p1a: Tatsugiri|Protect\n|move|p1b: Murkrow|Haze|p1b: Murkrow\n|-clearallboost\n|move|p2a: Kilowattrel|Thunderbolt|p1b: Murkrow\n|-supereffective|p1b: Murkrow\n|-damage|p1b: Murkrow|0 fnt\n|faint|p1b: Murkrow\n|move|p2b: Dondozo|Wave Crash|p1a: Tatsugiri\n|-activate|p1a: Tatsugiri|move: Protect\n|\n|upkeep\n|\n|t:|1730814943\n|switch|p1b: Gholdengo|Gholdengo, L50|100\/100\n|turn|4\n|\n|t:|1730814958\n|switch|p2a: Tatsugiri|Tatsugiri, L50, F|100\/100\n|-activate|p2a: Tatsugiri|ability: Commander|[of] p2b: Dondozo\n|-boost|p2b: Dondozo|atk|2\n|-boost|p2b: Dondozo|spa|2\n|-boost|p2b: Dondozo|spe|2\n|-boost|p2b: Dondozo|def|2\n|-boost|p2b: Dondozo|spd|2\n|-terastallize|p1a: Tatsugiri|Stellar\n|move|p2b: Dondozo|Earthquake|p1a: Tatsugiri|[spread] p1a,p1b\n|-miss|p2b: Dondozo|p2a: Tatsugiri\n|-supereffective|p1b: Gholdengo\n|-damage|p1a: Tatsugiri|16\/100\n|-damage|p1b: Gholdengo|1\/100\n|move|p1a: Tatsugiri|Draco Meteor|p2b: Dondozo\n|-damage|p2b: Dondozo|47\/100\n|-unboost|p1a: Tatsugiri|spa|2\n|move|p1b: Gholdengo|Make It Rain|p2b: Dondozo|[spread] p2b\n|-miss|p1b: Gholdengo|p2a: Tatsugiri\n|-resisted|p2b: Dondozo\n|-damage|p2b: Dondozo|27\/100\n|-unboost|p1b: Gholdengo|spa|1\n|\n|-heal|p2b: Dondozo|33\/100|[from] item: Leftovers\n|-sideend|p2: Omiim|move: Tailwind\n|upkeep\n|turn|5\n|-message|maya ayasato forfeited.\n|\n|win|Omiim\n|raw|maya ayasato's rating: 1856 &rarr; <strong>1826<\/strong><br \/>(-30 for losing)\n|raw|Omiim's rating: 1673 &rarr; <strong>1703<\/strong><br \/>(+30 for winning)\n|l|\u2606maya ayasato\n|player|p1|\n|l| Andy8105\n","uploadtime":1730815133,"views":25,"formatid":"gen9vgc2024regh","rating":1703,"private":0,"password":null}