{"id":"gen9vgc2024regh-2237405851","format":"[Gen 9] VGC 2024 Reg H","players":["greenlightdmp","drew"],"log":"|j|\u2606greenlightdmp\n|j|\u2606drew\n|t:|1730751708\n|gametype|doubles\n|player|p1|greenlightdmp|266|1748\n|player|p2|drew|pokemonranger-gen4|1693\n|teamsize|p1|6\n|teamsize|p2|6\n|gen|9\n|tier|[Gen 9] VGC 2024 Reg H\n|rated|\n|rule|Species Clause: Limit one of each Pok\u00e9mon\n|rule|Item Clause: Limit 1 of each item\n|clearpoke\n|poke|p1|Sneasler, L50, F|\n|poke|p1|Indeedee-F, L50, F|\n|poke|p1|Murkrow, L50, M|\n|poke|p1|Archaludon, L50, F|\n|poke|p1|Basculegion, L50, M|\n|poke|p1|Volcarona, L50, M|\n|poke|p2|Garchomp, L50, M|\n|poke|p2|Dragonite, L50, F|\n|poke|p2|Kingambit, L50, M|\n|poke|p2|Ninetales-Alola, L50, M|\n|poke|p2|Talonflame, L50, F|\n|poke|p2|Sneasler, L50, M|\n|teampreview|4\n|inactive|Battle timer is ON: inactive players will automatically lose when time's up. (requested by drew)\n|j| Imptail\n|\n|t:|1730751728\n|start\n|switch|p1a: VEGETA|Basculegion, L50, M|100\/100\n|switch|p1b: Raf Camora|Murkrow, L50, M|100\/100\n|switch|p2a: Garchomp|Garchomp, L50, M|100\/100\n|switch|p2b: Dragonite|Dragonite, L50, F|100\/100\n|turn|1\n|\n|t:|1730751745\n|move|p2a: Garchomp|Protect|p2a: Garchomp\n|-singleturn|p2a: Garchomp|Protect\n|move|p1b: Raf Camora|Tailwind|p1b: Raf Camora\n|-sidestart|p1: greenlightdmp|move: Tailwind\n|move|p1a: VEGETA|Flip Turn|p2b: Dragonite\n|-resisted|p2b: Dragonite\n|-damage|p2b: Dragonite|90\/100\n|\n|t:|1730751752\n|switch|p1a: MACHBACK|Archaludon, L50, F|100\/100|[from] Flip Turn\n|move|p2b: Dragonite|Scale Shot|p1a: MACHBACK\n|-crit|p1a: MACHBACK\n|-damage|p1a: MACHBACK|85\/100\n|-ability|p1a: MACHBACK|Stamina|boost\n|-boost|p1a: MACHBACK|def|1\n|-damage|p1a: MACHBACK|78\/100\n|-ability|p1a: MACHBACK|Stamina|boost\n|-boost|p1a: MACHBACK|def|1\n|-damage|p1a: MACHBACK|73\/100\n|-ability|p1a: MACHBACK|Stamina|boost\n|-boost|p1a: MACHBACK|def|1\n|-damage|p1a: MACHBACK|68\/100\n|-ability|p1a: MACHBACK|Stamina|boost\n|-boost|p1a: MACHBACK|def|1\n|-crit|p1a: MACHBACK\n|-damage|p1a: MACHBACK|54\/100\n|-ability|p1a: MACHBACK|Stamina|boost\n|-boost|p1a: MACHBACK|def|1\n|-hitcount|p1a: MACHBACK|5\n|-unboost|p2b: Dragonite|def|1\n|-boost|p2b: Dragonite|spe|1\n|\n|upkeep\n|turn|2\n|inactive|greenlightdmp has 30 seconds left.\n|inactive|drew has 30 seconds left.\n|\n|t:|1730751781\n|switch|p2a: Kingambit|Kingambit, L50, M|100\/100\n|-terastallize|p2b: Dragonite|Fairy\n|move|p1b: Raf Camora|Foul Play|p2a: Kingambit\n|-resisted|p2a: Kingambit\n|-damage|p2a: Kingambit|82\/100\n|move|p1a: MACHBACK|Draco Meteor|p2b: Dragonite\n|-immune|p2b: Dragonite\n|move|p2b: Dragonite|Haze|p2b: Dragonite\n|-clearallboost\n|\n|upkeep\n|turn|3\n|inactive|greenlightdmp has 30 seconds left.\n|\n|t:|1730751813\n|switch|p2a: Garchomp|Garchomp, L50, M|100\/100\n|move|p1b: Raf Camora|Foul Play|p2b: Dragonite\n|-resisted|p2b: Dragonite\n|-damage|p2b: Dragonite|64\/100\n|move|p1a: MACHBACK|Flash Cannon|p2b: Dragonite\n|-supereffective|p2b: Dragonite\n|-damage|p2b: Dragonite|0 fnt\n|faint|p2b: Dragonite\n|\n|upkeep\n|\n|t:|1730751820\n|switch|p2b: Talonflame|Talonflame, L50, F|100\/100\n|turn|4\n|\n|t:|1730751842\n|-terastallize|p1a: MACHBACK|Grass\n|move|p1b: Raf Camora|Rain Dance|p1b: Raf Camora\n|-weather|RainDance\n|move|p2b: Talonflame|Tailwind|p2b: Talonflame\n|-sidestart|p2: drew|move: Tailwind\n|move|p2a: Garchomp|Earthquake|p1a: MACHBACK|[spread] p1a\n|-immune|p2b: Talonflame\n|-immune|p1b: Raf Camora\n|-resisted|p1a: MACHBACK\n|-damage|p1a: MACHBACK|36\/100\n|-ability|p1a: MACHBACK|Stamina|boost\n|-boost|p1a: MACHBACK|def|1\n|-damage|p2a: Garchomp|91\/100|[from] item: Life Orb\n|move|p1a: MACHBACK|Electro Shot||[still]\n|-prepare|p1a: MACHBACK|Electro Shot\n|-boost|p1a: MACHBACK|spa|1\n|-anim|p1a: MACHBACK|Electro Shot|p2b: Talonflame\n|-supereffective|p2b: Talonflame\n|-damage|p2b: Talonflame|0 fnt\n|faint|p2b: Talonflame\n|\n|-weather|RainDance|[upkeep]\n|-sideend|p1: greenlightdmp|move: Tailwind\n|upkeep\n|\n|t:|1730751848\n|switch|p2b: Kingambit|Kingambit, L50, M|82\/100\n|turn|5\n|l| Imptail\n|inactive|greenlightdmp has 30 seconds left.\n|\n|t:|1730751878\n|move|p2b: Kingambit|Sucker Punch|p1a: MACHBACK\n|-damage|p1a: MACHBACK|16\/100\n|-ability|p1a: MACHBACK|Stamina|boost\n|-boost|p1a: MACHBACK|def|1\n|move|p1b: Raf Camora|Tailwind|p1b: Raf Camora\n|-sidestart|p1: greenlightdmp|move: Tailwind\n|move|p2a: Garchomp|Dragon Claw|p1a: MACHBACK\n|-damage|p1a: MACHBACK|0 fnt\n|faint|p1a: MACHBACK\n|-damage|p2a: Garchomp|81\/100|[from] item: Life Orb\n|\n|-weather|RainDance|[upkeep]\n|upkeep\n|\n|t:|1730751888\n|switch|p1a: VEGETA|Basculegion, L50, M|100\/100\n|turn|6\n|\n|t:|1730751907\n|move|p1a: VEGETA|Aqua Jet|p2a: Garchomp\n|-damage|p2a: Garchomp|38\/100\n|-damage|p1a: VEGETA|88\/100|[from] ability: Rough Skin|[of] p2a: Garchomp\n|move|p2b: Kingambit|Sucker Punch||[still]\n|-fail|p2b: Kingambit\n|move|p2a: Garchomp|Dragon Claw|p1b: Raf Camora\n|-damage|p1b: Raf Camora|46\/100\n|-damage|p2a: Garchomp|28\/100|[from] item: Life Orb\n|move|p1b: Raf Camora|Foul Play|p2a: Garchomp\n|-damage|p2a: Garchomp|0 fnt\n|-damage|p1b: Raf Camora|34\/100|[from] ability: Rough Skin|[of] p2a: Garchomp\n|faint|p2a: Garchomp\n|\n|-weather|RainDance|[upkeep]\n|upkeep\n|turn|7\n|\n|t:|1730751929\n|move|p1a: VEGETA|Aqua Jet|p2b: Kingambit\n|-damage|p2b: Kingambit|49\/100\n|move|p1b: Raf Camora|Foul Play|p2b: Kingambit\n|-resisted|p2b: Kingambit\n|-damage|p2b: Kingambit|29\/100\n|move|p2b: Kingambit|Kowtow Cleave|p1a: VEGETA\n|-supereffective|p1a: VEGETA\n|-damage|p1a: VEGETA|0 fnt\n|faint|p1a: VEGETA\n|\n|-weather|RainDance|[upkeep]\n|-sideend|p2: drew|move: Tailwind\n|upkeep\n|\n|t:|1730751938\n|switch|p1a: Slim Shady|Sneasler, L50, F|100\/100\n|turn|8\n|-message|drew forfeited.\n|\n|win|greenlightdmp\n|raw|greenlightdmp's rating: 1748 &rarr; <strong>1765<\/strong><br \/>(+17 for winning)\n|raw|drew's rating: 1693 &rarr; <strong>1676<\/strong><br \/>(-17 for losing)\n|l|\u2606drew\n|player|p2|\n|l|\u2606greenlightdmp\n|player|p1|\n","uploadtime":1730751953,"views":43,"formatid":"gen9vgc2024regh","rating":1676,"private":0,"password":null}