{"id":"gen9vgc2024regh-2237488762","format":"[Gen 9] VGC 2024 Reg H","players":["bigplan47","scump02"],"log":"|j|\u2606bigplan47\n|j|\u2606scump02\n|t:|1730760180\n|gametype|doubles\n|player|p1|bigplan47|leon|1697\n|player|p2|scump02|pokemaniac|1790\n|teamsize|p1|6\n|teamsize|p2|6\n|gen|9\n|tier|[Gen 9] VGC 2024 Reg H\n|rated|\n|rule|Species Clause: Limit one of each Pok\u00e9mon\n|rule|Item Clause: Limit 1 of each item\n|clearpoke\n|poke|p1|Grimmsnarl, L50, M|\n|poke|p1|Annihilape, L50, F|\n|poke|p1|Gholdengo, L50|\n|poke|p1|Dragonite, L50, F|\n|poke|p1|Ursaluna-Bloodmoon, L50, M|\n|poke|p1|Volcarona, L50, M|\n|poke|p2|Kilowattrel, L50, F|\n|poke|p2|Armarouge, L50, M|\n|poke|p2|Torkoal, L50, F|\n|poke|p2|Indeedee-F, L50, F|\n|poke|p2|Gardevoir, L50, M|\n|poke|p2|Flamigo, L50, F|\n|teampreview|4\n|\n|t:|1730760226\n|start\n|switch|p1a: Grimmsnarl|Grimmsnarl, L50, M, shiny|100\/100\n|switch|p1b: Gholdengo|Gholdengo, L50|100\/100\n|switch|p2a: Kilowattrel|Kilowattrel, L50, F|100\/100\n|switch|p2b: Armarouge|Armarouge, L50, M|100\/100\n|turn|1\n|inactive|Battle timer is ON: inactive players will automatically lose when time's up. (requested by bigplan47)\n|\n|t:|1730760269\n|move|p1b: Gholdengo|Protect|p1b: Gholdengo\n|-singleturn|p1b: Gholdengo|Protect\n|move|p2b: Armarouge|Protect|p2b: Armarouge\n|-singleturn|p2b: Armarouge|Protect\n|move|p1a: Grimmsnarl|Light Screen|p1a: Grimmsnarl\n|-sidestart|p1: bigplan47|move: Light Screen\n|move|p2a: Kilowattrel|Discharge|p1a: Grimmsnarl|[spread] p1a\n|-activate|p2b: Armarouge|move: Protect\n|-activate|p1b: Gholdengo|move: Protect\n|-damage|p1a: Grimmsnarl|87\/100\n|-status|p1a: Grimmsnarl|par\n|\n|upkeep\n|turn|2\n|inactive|bigplan47 has 30 seconds left.\n|inactive|scump02 has 30 seconds left.\n|\n|t:|1730760299\n|-terastallize|p1b: Gholdengo|Water\n|-terastallize|p2b: Armarouge|Psychic\n|move|p2a: Kilowattrel|U-turn|p2b: Armarouge\n|-supereffective|p2b: Armarouge\n|-damage|p2b: Armarouge|77\/100\n|-ability|p2b: Armarouge|Weak Armor|boost\n|-unboost|p2b: Armarouge|def|1\n|-boost|p2b: Armarouge|spe|2\n|-enditem|p2b: Armarouge|Weakness Policy\n|-boost|p2b: Armarouge|atk|2|[from] item: Weakness Policy\n|-boost|p2b: Armarouge|spa|2|[from] item: Weakness Policy\n|\n|t:|1730760311\n|switch|p2a: Flamigo|Flamigo, L50, F|100\/100|[from] U-turn\n|-copyboost|p2a: Flamigo|p2b: Armarouge|[from] ability: Costar\n|move|p2b: Armarouge|Heat Wave|p1a: Grimmsnarl|[spread] p1a,p1b\n|-resisted|p1b: Gholdengo\n|-damage|p1a: Grimmsnarl|39\/100 par\n|-damage|p1b: Gholdengo|69\/100\n|-status|p1b: Gholdengo|brn\n|move|p1b: Gholdengo|Shadow Ball|p2b: Armarouge\n|-supereffective|p2b: Armarouge\n|-damage|p2b: Armarouge|0 fnt\n|faint|p2b: Armarouge\n|move|p1a: Grimmsnarl|Foul Play|p2a: Flamigo\n|-resisted|p2a: Flamigo\n|-enditem|p2a: Flamigo|Focus Sash\n|-damage|p2a: Flamigo|1\/100\n|\n|-damage|p1b: Gholdengo|63\/100 brn|[from] brn\n|upkeep\n|\n|t:|1730760331\n|switch|p2b: Kilowattrel|Kilowattrel, L50, F|100\/100\n|turn|3\n|inactive|scump02 has 30 seconds left.\n|\n|t:|1730760365\n|move|p1a: Grimmsnarl|Reflect|p1a: Grimmsnarl\n|-sidestart|p1: bigplan47|Reflect\n|move|p2a: Flamigo|Close Combat|p1b: Gholdengo\n|-damage|p1b: Gholdengo|0 fnt\n|-unboost|p2a: Flamigo|def|1\n|-unboost|p2a: Flamigo|spd|1\n|faint|p1b: Gholdengo\n|move|p2b: Kilowattrel|Electroweb|p1a: Grimmsnarl\n|-damage|p1a: Grimmsnarl|26\/100 par\n|-unboost|p1a: Grimmsnarl|spe|1\n|\n|upkeep\n|\n|t:|1730760374\n|switch|p1b: Ursaluna|Ursaluna-Bloodmoon, L50, M|100\/100\n|turn|4\n|inactive|scump02 has 30 seconds left.\n|\n|t:|1730760403\n|move|p1b: Ursaluna|Vacuum Wave|p2a: Flamigo\n|-resisted|p2a: Flamigo\n|-damage|p2a: Flamigo|0 fnt\n|faint|p2a: Flamigo\n|move|p2b: Kilowattrel|U-turn|p1a: Grimmsnarl\n|-damage|p1a: Grimmsnarl|18\/100 par\n|\n|t:|1730760409\n|switch|p2b: Indeedee|Indeedee-F, L50, F|100\/100|[from] U-turn\n|-fieldstart|move: Psychic Terrain|[from] ability: Psychic Surge|[of] p2b: Indeedee\n|move|p1a: Grimmsnarl|Foul Play|p2b: Indeedee\n|-supereffective|p2b: Indeedee\n|-damage|p2b: Indeedee|73\/100\n|-damage|p1a: Grimmsnarl|2\/100 par|[from] item: Rocky Helmet|[of] p2b: Indeedee\n|\n|upkeep\n|\n|t:|1730760416\n|switch|p2a: Kilowattrel|Kilowattrel, L50, F|100\/100\n|turn|5\n|\n|t:|1730760434\n|move|p2a: Kilowattrel|Electroweb|p1a: Grimmsnarl|[spread] p1a\n|-immune|p1b: Ursaluna\n|-damage|p1a: Grimmsnarl|0 fnt\n|faint|p1a: Grimmsnarl\n|move|p2b: Indeedee|Psychic|p1b: Ursaluna\n|-damage|p1b: Ursaluna|84\/100\n|move|p1b: Ursaluna|Blood Moon|p2b: Indeedee\n|-damage|p2b: Indeedee|5\/100\n|\n|upkeep\n|\n|t:|1730760445\n|switch|p1a: Volcarona|Volcarona, L50, M|100\/100\n|turn|6\n|\n|t:|1730760458\n|move|p1a: Volcarona|Protect|p1a: Volcarona\n|-singleturn|p1a: Volcarona|Protect\n|move|p2a: Kilowattrel|Electroweb|p1a: Volcarona|[spread] \n|-activate|p1a: Volcarona|move: Protect\n|-immune|p1b: Ursaluna\n|move|p2b: Indeedee|Psychic|p1b: Ursaluna\n|-damage|p1b: Ursaluna|67\/100\n|move|p1b: Ursaluna|Hyper Voice|p2b: Indeedee|[spread] p2a,p2b\n|-damage|p2a: Kilowattrel|40\/100\n|-damage|p2b: Indeedee|0 fnt\n|faint|p2b: Indeedee\n|\n|upkeep\n|turn|7\n|-message|scump02 forfeited.\n|\n|win|bigplan47\n|raw|bigplan47's rating: 1697 &rarr; <strong>1722<\/strong><br \/>(+25 for winning)\n|raw|scump02's rating: 1790 &rarr; <strong>1765<\/strong><br \/>(-25 for losing)\n|l|\u2606scump02\n|player|p2|\n","uploadtime":1730760664,"views":18,"formatid":"gen9vgc2024regh","rating":1722,"private":0,"password":null}