{"id":"gen9vgc2024regh-2237689579","format":"[Gen 9] VGC 2024 Reg H","players":["bigplan47","Jwofsgo"],"log":"|j|\u2606bigplan47\n|j|\u2606Jwofsgo\n|t:|1730786524\n|gametype|doubles\n|player|p1|bigplan47|leon|1703\n|player|p2|Jwofsgo|scientist-gen4|1708\n|teamsize|p1|6\n|teamsize|p2|6\n|gen|9\n|tier|[Gen 9] VGC 2024 Reg H\n|rated|\n|rule|Species Clause: Limit one of each Pok\u00e9mon\n|rule|Item Clause: Limit 1 of each item\n|clearpoke\n|poke|p1|Politoed, L50, M|\n|poke|p1|Kingdra, L50, F|\n|poke|p1|Archaludon, L50, M|\n|poke|p1|Amoonguss, L50, F|\n|poke|p1|Sneasler, L50, M|\n|poke|p1|Sylveon, L50, F|\n|poke|p2|Rillaboom, L50, M|\n|poke|p2|Dragonite, L50, F|\n|poke|p2|Annihilape, L50, M|\n|poke|p2|Gholdengo, L50|\n|poke|p2|Maushold, L50|\n|poke|p2|Talonflame, L50, M|\n|teampreview|4\n|inactive|Battle timer is ON: inactive players will automatically lose when time's up. (requested by Jwofsgo)\n|\n|t:|1730786580\n|start\n|switch|p1a: Politoed|Politoed, L50, M, shiny|100\/100\n|switch|p1b: Kingdra|Kingdra, L50, F, shiny|100\/100\n|switch|p2a: Talonflame|Talonflame, L50, M|100\/100\n|switch|p2b: Annihilape|Annihilape, L50, M|100\/100\n|-weather|RainDance|[from] ability: Drizzle|[of] p1a: Politoed\n|turn|1\n|\n|t:|1730786600\n|-terastallize|p1b: Kingdra|Water\n|move|p2a: Talonflame|Tailwind|p2a: Talonflame\n|-sidestart|p2: Jwofsgo|move: Tailwind\n|move|p2b: Annihilape|Final Gambit|p1a: Politoed\n|-damage|p1a: Politoed|0 fnt\n|faint|p2b: Annihilape\n|faint|p1a: Politoed\n|move|p1b: Kingdra|Muddy Water|p2a: Talonflame\n|-supereffective|p2a: Talonflame\n|-damage|p2a: Talonflame|0 fnt\n|faint|p2a: Talonflame\n|-damage|p1b: Kingdra|90\/100|[from] item: Life Orb\n|\n|-weather|RainDance|[upkeep]\n|upkeep\n|\n|t:|1730786613\n|switch|p2a: Gholdengo|Gholdengo, L50|100\/100\n|switch|p2b: Dragonite|Dragonite, L50, F|100\/100\n|switch|p1a: Archaludon|Archaludon, L50, M|100\/100\n|turn|2\n|inactive|Jwofsgo has 30 seconds left.\n|\n|t:|1730786639\n|move|p2b: Dragonite|Protect|p2b: Dragonite\n|-singleturn|p2b: Dragonite|Protect\n|move|p1b: Kingdra|Muddy Water|p2a: Gholdengo|[spread] \n|-activate|p2b: Dragonite|move: Protect\n|-miss|p1b: Kingdra|p2a: Gholdengo\n|move|p2a: Gholdengo|Shadow Ball|p1b: Kingdra\n|-damage|p1b: Kingdra|12\/100\n|move|p1a: Archaludon|Electro Shot||[still]\n|-prepare|p1a: Archaludon|Electro Shot\n|-boost|p1a: Archaludon|spa|1\n|-anim|p1a: Archaludon|Electro Shot|p2a: Gholdengo\n|-damage|p2a: Gholdengo|16\/100\n|\n|-weather|RainDance|[upkeep]\n|upkeep\n|turn|3\n|\n|t:|1730786663\n|switch|p1b: Amoonguss|Amoonguss, L50, F|100\/100\n|move|p2b: Dragonite|Extreme Speed|p1b: Amoonguss\n|-damage|p1b: Amoonguss|75\/100\n|move|p2a: Gholdengo|Shadow Ball|p1a: Archaludon\n|-damage|p1a: Archaludon|29\/100\n|-ability|p1a: Archaludon|Stamina|boost\n|-boost|p1a: Archaludon|def|1\n|move|p1a: Archaludon|Electro Shot||[still]\n|-prepare|p1a: Archaludon|Electro Shot\n|-boost|p1a: Archaludon|spa|1\n|-anim|p1a: Archaludon|Electro Shot|p2a: Gholdengo\n|-damage|p2a: Gholdengo|0 fnt\n|faint|p2a: Gholdengo\n|\n|-weather|RainDance|[upkeep]\n|upkeep\n|turn|4\n|\n|t:|1730786686\n|move|p2b: Dragonite|Protect|p2b: Dragonite\n|-singleturn|p2b: Dragonite|Protect\n|move|p1b: Amoonguss|Rage Powder|p1b: Amoonguss\n|-singleturn|p1b: Amoonguss|move: Rage Powder\n|move|p1a: Archaludon|Draco Meteor|p2b: Dragonite\n|-activate|p2b: Dragonite|move: Protect\n|\n|-weather|RainDance|[upkeep]\n|-sideend|p2: Jwofsgo|move: Tailwind\n|upkeep\n|turn|5\n|\n|t:|1730786701\n|-terastallize|p2b: Dragonite|Fairy\n|move|p1b: Amoonguss|Rage Powder|p1b: Amoonguss\n|-singleturn|p1b: Amoonguss|move: Rage Powder\n|move|p1a: Archaludon|Draco Meteor|p2b: Dragonite\n|-immune|p2b: Dragonite\n|move|p2b: Dragonite|Scale Shot|p1b: Amoonguss\n|-damage|p1b: Amoonguss|63\/100\n|-damage|p1b: Amoonguss|49\/100\n|-damage|p1b: Amoonguss|37\/100\n|-damage|p1b: Amoonguss|24\/100\n|-enditem|p1b: Amoonguss|Iapapa Berry|[eat]\n|-heal|p1b: Amoonguss|57\/100|[from] item: Iapapa Berry\n|-damage|p1b: Amoonguss|44\/100\n|-hitcount|p1b: Amoonguss|5\n|-unboost|p2b: Dragonite|def|1\n|-boost|p2b: Dragonite|spe|1\n|\n|-weather|none\n|upkeep\n|turn|6\n|\n|t:|1730786720\n|move|p1b: Amoonguss|Rage Powder|p1b: Amoonguss\n|-singleturn|p1b: Amoonguss|move: Rage Powder\n|move|p2b: Dragonite|Scale Shot|p1b: Amoonguss\n|-damage|p1b: Amoonguss|32\/100\n|-damage|p1b: Amoonguss|20\/100\n|-damage|p1b: Amoonguss|8\/100\n|-damage|p1b: Amoonguss|0 fnt\n|faint|p1b: Amoonguss\n|-hitcount|p1: Amoonguss|4\n|-unboost|p2b: Dragonite|def|1\n|-boost|p2b: Dragonite|spe|1\n|move|p1a: Archaludon|Flash Cannon|p2b: Dragonite\n|-supereffective|p2b: Dragonite\n|-damage|p2b: Dragonite|17\/100\n|\n|upkeep\n|\n|t:|1730786724\n|switch|p1b: Kingdra|Kingdra, L50, F, shiny, tera:Water|12\/100\n|turn|7\n|j| fishle\n|\n|t:|1730786738\n|move|p2b: Dragonite|Protect|p2b: Dragonite\n|-singleturn|p2b: Dragonite|Protect\n|move|p1a: Archaludon|Flash Cannon|p2b: Dragonite\n|-activate|p2b: Dragonite|move: Protect\n|move|p1b: Kingdra|Muddy Water|p2b: Dragonite\n|-activate|p2b: Dragonite|move: Protect\n|\n|upkeep\n|turn|8\n|j| aliahsan2000\n|\n|t:|1730786752\n|move|p2b: Dragonite|Scale Shot|p1a: Archaludon\n|-crit|p1a: Archaludon\n|-damage|p1a: Archaludon|9\/100\n|-ability|p1a: Archaludon|Stamina|boost\n|-boost|p1a: Archaludon|def|1\n|-damage|p1a: Archaludon|2\/100\n|-ability|p1a: Archaludon|Stamina|boost\n|-boost|p1a: Archaludon|def|1\n|-damage|p1a: Archaludon|0 fnt\n|faint|p1a: Archaludon\n|-hitcount|p1: Archaludon|3\n|-unboost|p2b: Dragonite|def|1\n|-boost|p2b: Dragonite|spe|1\n|move|p1b: Kingdra|Muddy Water|p2b: Dragonite\n|-damage|p2b: Dragonite|0 fnt\n|faint|p2b: Dragonite\n|-damage|p1b: Kingdra|2\/100|[from] item: Life Orb\n|\n|win|bigplan47\n|raw|bigplan47's rating: 1703 &rarr; <strong>1723<\/strong><br \/>(+20 for winning)\n|raw|Jwofsgo's rating: 1708 &rarr; <strong>1688<\/strong><br \/>(-20 for losing)\n|l|\u2606bigplan47\n|player|p1|\n|l|\u2606Jwofsgo\n|player|p2|\n|l| fishle\n","uploadtime":1730786958,"views":25,"formatid":"gen9vgc2024regh","rating":1688,"private":0,"password":null}