{"id":"gen9vgc2024regh-2237936301","format":"[Gen 9] VGC 2024 Reg H","players":["Blackless","CabbageConnoisseur"],"log":"|j|\u2606Blackless\n|j|\u2606CabbageConnoisseur\n|t:|1730822903\n|gametype|doubles\n|player|p1|Blackless|shadowtriad|1713\n|player|p2|CabbageConnoisseur|265|1691\n|teamsize|p1|6\n|teamsize|p2|6\n|gen|9\n|tier|[Gen 9] VGC 2024 Reg H\n|rated|\n|rule|Species Clause: Limit one of each Pok\u00e9mon\n|rule|Item Clause: Limit 1 of each item\n|clearpoke\n|poke|p1|Indeedee, L50, M|\n|poke|p1|Sneasler, L50, F|\n|poke|p1|Dragapult, L50, F|\n|poke|p1|Amoonguss, L50, F|\n|poke|p1|Primarina, L50, F|\n|poke|p1|Incineroar, L50, F|\n|poke|p2|Ursaluna-Bloodmoon, L50, M|\n|poke|p2|Grimmsnarl, L50, M|\n|poke|p2|Archaludon, L50, F|\n|poke|p2|Ninetales-Alola, L50, M|\n|poke|p2|Annihilape, L50, F|\n|poke|p2|Magmar, L50, F|\n|teampreview|4\n|\n|t:|1730822935\n|start\n|switch|p1a: Indeedee|Indeedee, L50, M|100\/100\n|switch|p1b: Sneasler|Sneasler, L50, F|100\/100\n|switch|p2a: Ursaluna|Ursaluna-Bloodmoon, L50, M|100\/100\n|switch|p2b: Grimmsnarl|Grimmsnarl, L50, M|100\/100\n|-fieldstart|move: Psychic Terrain|[from] ability: Psychic Surge|[of] p1a: Indeedee\n|-enditem|p1b: Sneasler|Psychic Seed\n|-boost|p1b: Sneasler|spd|1|[from] item: Psychic Seed\n|turn|1\n|inactive|Battle timer is ON: inactive players will automatically lose when time's up. (requested by CabbageConnoisseur)\n|\n|t:|1730822947\n|-terastallize|p2a: Ursaluna|Ghost\n|move|p2b: Grimmsnarl|Light Screen|p2b: Grimmsnarl\n|-sidestart|p2: CabbageConnoisseur|move: Light Screen\n|move|p1b: Sneasler|Close Combat|p2a: Ursaluna\n|-immune|p2a: Ursaluna\n|move|p1a: Indeedee|Trick|p2b: Grimmsnarl\n|-activate|p1a: Indeedee|move: Trick|[of] p2b: Grimmsnarl\n|-item|p2b: Grimmsnarl|Choice Scarf|[from] move: Trick\n|-item|p1a: Indeedee|Light Clay|[from] move: Trick\n|move|p2a: Ursaluna|Blood Moon|p1b: Sneasler\n|-damage|p1b: Sneasler|41\/100\n|\n|upkeep\n|turn|2\n|inactive|Blackless has 30 seconds left.\n|\n|t:|1730822979\n|switch|p2a: Magmar|Magmar, L50, F|100\/100\n|move|p1b: Sneasler|Dire Claw|p2b: Grimmsnarl\n|-supereffective|p2b: Grimmsnarl\n|-damage|p2b: Grimmsnarl|5\/100\n|-status|p2b: Grimmsnarl|slp\n|move|p1a: Indeedee|Dazzling Gleam|p2b: Grimmsnarl|[spread] p2a,p2b\n|-resisted|p2a: Magmar\n|-supereffective|p2b: Grimmsnarl\n|-damage|p2a: Magmar|96\/100\n|-damage|p2b: Grimmsnarl|0 fnt\n|faint|p2b: Grimmsnarl\n|\n|upkeep\n|\n|t:|1730822997\n|switch|p2b: Ursaluna|Ursaluna-Bloodmoon, L50, M, tera:Ghost|100\/100\n|turn|3\n|\n|t:|1730823012\n|move|p1b: Sneasler|Protect|p1b: Sneasler\n|-singleturn|p1b: Sneasler|Protect\n|move|p1a: Indeedee|Expanding Force|p2b: Ursaluna|[spread] p2a,p2b\n|-damage|p2a: Magmar|67\/100\n|-damage|p2b: Ursaluna|71\/100\n|move|p2a: Magmar|Heat Wave|p1a: Indeedee|[spread] p1a\n|-activate|p1b: Sneasler|move: Protect\n|-damage|p1a: Indeedee|69\/100\n|-status|p1a: Indeedee|brn\n|move|p2b: Ursaluna|Hyper Voice|p1b: Sneasler|[spread] p1a\n|-activate|p1b: Sneasler|move: Protect\n|-damage|p1a: Indeedee|16\/100 brn\n|\n|-damage|p1a: Indeedee|10\/100 brn|[from] brn\n|upkeep\n|turn|4\n|\n|t:|1730823028\n|move|p1b: Sneasler|Close Combat|p2a: Magmar\n|-damage|p2a: Magmar|16\/100\n|-unboost|p1b: Sneasler|def|1\n|-unboost|p1b: Sneasler|spd|1\n|move|p1a: Indeedee|Expanding Force|p2b: Ursaluna|[spread] p2a,p2b\n|-damage|p2a: Magmar|0 fnt\n|-damage|p2b: Ursaluna|39\/100\n|faint|p2a: Magmar\n|move|p2b: Ursaluna|Hyper Voice|p1b: Sneasler|[spread] p1a,p1b\n|-damage|p1a: Indeedee|0 fnt\n|-damage|p1b: Sneasler|0 fnt\n|faint|p1a: Indeedee\n|faint|p1b: Sneasler\n|\n|upkeep\n|\n|t:|1730823035\n|switch|p1b: Primarina|Primarina, L50, F|100\/100\n|switch|p1a: Dragapult|Dragapult, L50, F|100\/100\n|switch|p2a: Archaludon|Archaludon, L50, F|100\/100\n|turn|5\n|\n|t:|1730823056\n|-terastallize|p1b: Primarina|Steel\n|move|p1a: Dragapult|Dragon Darts|p2b: Ursaluna\n|-damage|p2b: Ursaluna|13\/100\n|-anim|p1a: Dragapult|Dragon Darts|p2a: Archaludon\n|-damage|p2a: Archaludon|73\/100\n|move|p2a: Archaludon|Electro Shot||[still]\n|-prepare|p2a: Archaludon|Electro Shot\n|-boost|p2a: Archaludon|spa|1\n|-enditem|p2a: Archaludon|Power Herb\n|-anim|p2a: Archaludon|Electro Shot|p1b: Primarina\n|-damage|p1b: Primarina|45\/100\n|move|p2b: Ursaluna|Hyper Voice|p1a: Dragapult|[spread] p1a,p1b\n|-resisted|p1b: Primarina\n|-damage|p1a: Dragapult|47\/100\n|-damage|p1b: Primarina|29\/100\n|move|p1b: Primarina|Hyper Voice|p2a: Archaludon|[spread] p2a,p2b\n|-resisted|p2a: Archaludon\n|-damage|p2a: Archaludon|57\/100\n|-damage|p2b: Ursaluna|0 fnt\n|faint|p2b: Ursaluna\n|-enditem|p1b: Primarina|Throat Spray\n|-boost|p1b: Primarina|spa|1|[from] item: Throat Spray\n|\n|-fieldend|move: Psychic Terrain\n|upkeep\n|turn|6\n|\n|t:|1730823078\n|move|p1a: Dragapult|Dragon Darts|p2a: Archaludon\n|-damage|p2a: Archaludon|32\/100\n|-anim|p1a: Dragapult|Dragon Darts|p2a: Archaludon\n|-damage|p2a: Archaludon|6\/100\n|move|p2a: Archaludon|Dragon Pulse|p1a: Dragapult\n|-supereffective|p1a: Dragapult\n|-damage|p1a: Dragapult|0 fnt\n|faint|p1a: Dragapult\n|move|p1b: Primarina|Moonblast|p2a: Archaludon\n|-damage|p2a: Archaludon|0 fnt\n|faint|p2a: Archaludon\n|\n|win|Blackless\n|raw|Blackless's rating: 1713 &rarr; <strong>1732<\/strong><br \/>(+19 for winning)\n|raw|CabbageConnoisseur's rating: 1691 &rarr; <strong>1672<\/strong><br \/>(-19 for losing)\n|l|\u2606CabbageConnoisseur\n|player|p2|\n|l|\u2606Blackless\n|player|p1|\n","uploadtime":1730823335,"views":19,"formatid":"gen9vgc2024regh","rating":1672,"private":0,"password":null}