{"id":"gen9vgc2024regh-2237873679","format":"[Gen 9] VGC 2024 Reg H","players":["maya ayasato","htotoT"],"log":"|j|\u2606maya ayasato\n|j|\u2606htotoT\n|t:|1730816554\n|gametype|doubles\n|player|p1|maya ayasato|cynthia|1743\n|player|p2|htotoT|101|1787\n|teamsize|p1|6\n|teamsize|p2|6\n|gen|9\n|tier|[Gen 9] VGC 2024 Reg H\n|rated|\n|rule|Species Clause: Limit one of each Pok\u00e9mon\n|rule|Item Clause: Limit 1 of each item\n|clearpoke\n|poke|p1|Dondozo, L50, F|\n|poke|p1|Tatsugiri, L50, M|\n|poke|p1|Gholdengo, L50|\n|poke|p1|Sneasler, L50, M|\n|poke|p1|Indeedee, L50, M|\n|poke|p1|Murkrow, L50, M|\n|poke|p2|Gholdengo, L50|\n|poke|p2|Murkrow, L50, F|\n|poke|p2|Pelipper, L50, M|\n|poke|p2|Archaludon, L50, M|\n|poke|p2|Amoonguss, L50, F|\n|poke|p2|Basculegion-F, L50, F|\n|teampreview|4\n|inactive|Battle timer is ON: inactive players will automatically lose when time's up. (requested by htotoT)\n|\n|t:|1730816574\n|start\n|switch|p1a: Gholdengo|Gholdengo, L50|100\/100\n|switch|p1b: Dondozo|Dondozo, L50, F|100\/100\n|switch|p2a: Murkrow|Murkrow, L50, F|100\/100\n|switch|p2b: Gholdengo|Gholdengo, L50|100\/100\n|turn|1\n|\n|t:|1730816584\n|switch|p1a: Tatsugiri|Tatsugiri, L50, M|100\/100\n|-activate|p1a: Tatsugiri|ability: Commander|[of] p1b: Dondozo\n|-boost|p1b: Dondozo|atk|2\n|-boost|p1b: Dondozo|spa|2\n|-boost|p1b: Dondozo|spe|2\n|-boost|p1b: Dondozo|def|2\n|-boost|p1b: Dondozo|spd|2\n|-terastallize|p2b: Gholdengo|Steel\n|move|p2a: Murkrow|Tailwind|p2a: Murkrow\n|-sidestart|p2: htotoT|move: Tailwind\n|move|p2b: Gholdengo|Make It Rain|p1a: Tatsugiri|[spread] p1b\n|-miss|p2b: Gholdengo|p1a: Tatsugiri\n|-resisted|p1b: Dondozo\n|-damage|p1b: Dondozo|70\/100\n|-unboost|p2b: Gholdengo|spa|1\n|move|p1b: Dondozo|Rock Slide|p2a: Murkrow|[spread] p2a,p2b\n|-supereffective|p2a: Murkrow\n|-resisted|p2b: Gholdengo\n|-damage|p2a: Murkrow|0 fnt\n|-damage|p2b: Gholdengo|75\/100\n|faint|p2a: Murkrow\n|-damage|p1b: Dondozo|60\/100|[from] item: Life Orb\n|\n|upkeep\n|\n|t:|1730816588\n|switch|p2a: Amoonguss|Amoonguss, L50, F|100\/100\n|turn|2\n|\n|t:|1730816611\n|switch|p2b: Archaludon|Archaludon, L50, M|100\/100\n|move|p1b: Dondozo|Wave Crash|p2b: Archaludon\n|-resisted|p2b: Archaludon\n|-damage|p2b: Archaludon|42\/100\n|-ability|p2b: Archaludon|Stamina|boost\n|-boost|p2b: Archaludon|def|1\n|-damage|p1b: Dondozo|46\/100|[from] Recoil\n|-damage|p1b: Dondozo|36\/100|[from] item: Life Orb\n|move|p2a: Amoonguss|Clear Smog|p1b: Dondozo\n|-damage|p1b: Dondozo|27\/100\n|-clearboost|p1b: Dondozo\n|\n|upkeep\n|turn|3\n|j| ktogmgkls\n|\n|t:|1730816626\n|move|p1b: Dondozo|Protect|p1b: Dondozo\n|-singleturn|p1b: Dondozo|Protect\n|move|p2b: Archaludon|Electro Shot||[still]\n|-prepare|p2b: Archaludon|Electro Shot\n|-boost|p2b: Archaludon|spa|1\n|move|p2a: Amoonguss|Pollen Puff|p2b: Archaludon\n|-heal|p2b: Archaludon|92\/100\n|\n|upkeep\n|turn|4\n|\n|t:|1730816638\n|move|p2b: Archaludon|Electro Shot|p1b: Dondozo|[from]lockedmove\n|-supereffective|p1b: Dondozo\n|-damage|p1b: Dondozo|0 fnt\n|faint|p1b: Dondozo\n|move|p2a: Amoonguss|Spore|p1a: Tatsugiri\n|-status|p1a: Tatsugiri|slp|[from] move: Spore\n|\n|-sideend|p2: htotoT|move: Tailwind\n|upkeep\n|\n|t:|1730816645\n|switch|p1b: Gholdengo|Gholdengo, L50|100\/100\n|turn|5\n|\n|t:|1730816657\n|-terastallize|p1b: Gholdengo|Steel\n|move|p2b: Archaludon|Dragon Pulse|p1a: Tatsugiri\n|-supereffective|p1a: Tatsugiri\n|-enditem|p1a: Tatsugiri|Focus Sash\n|-damage|p1a: Tatsugiri|1\/100 slp\n|move|p1b: Gholdengo|Make It Rain|p2a: Amoonguss|[spread] p2a,p2b\n|-resisted|p2b: Archaludon\n|-damage|p2a: Amoonguss|20\/100\n|-damage|p2b: Archaludon|35\/100\n|-unboost|p1b: Gholdengo|spa|1\n|-ability|p2b: Archaludon|Stamina|boost\n|-boost|p2b: Archaludon|def|1\n|cant|p1a: Tatsugiri|slp\n|move|p2a: Amoonguss|Pollen Puff|p2b: Archaludon\n|-heal|p2b: Archaludon|85\/100\n|\n|upkeep\n|turn|6\n|inactive|maya ayasato has 30 seconds left.\n|\n|t:|1730816683\n|switch|p1b: Murkrow|Murkrow, L50, M|100\/100\n|switch|p2a: Gholdengo|Gholdengo, L50, tera:Steel|75\/100\n|move|p2b: Archaludon|Dragon Pulse|p1a: Tatsugiri\n|-supereffective|p1a: Tatsugiri\n|-damage|p1a: Tatsugiri|0 fnt\n|faint|p1a: Tatsugiri\n|\n|upkeep\n|\n|t:|1730816692\n|switch|p1a: Gholdengo|Gholdengo, L50, tera:Steel|100\/100\n|turn|7\n|\n|t:|1730816708\n|move|p1b: Murkrow|Tailwind|p1b: Murkrow\n|-sidestart|p1: maya ayasato|move: Tailwind\n|move|p1a: Gholdengo|Shadow Ball|p2a: Gholdengo\n|-damage|p2a: Gholdengo|0 fnt\n|faint|p2a: Gholdengo\n|move|p2b: Archaludon|Dragon Pulse|p1a: Gholdengo\n|-resisted|p1a: Gholdengo\n|-damage|p1a: Gholdengo|61\/100\n|\n|upkeep\n|\n|t:|1730816715\n|switch|p2a: Amoonguss|Amoonguss, L50, F|54\/100\n|turn|8\n|\n|t:|1730816720\n|move|p2a: Amoonguss|Rage Powder|p2a: Amoonguss\n|-singleturn|p2a: Amoonguss|move: Rage Powder\n|move|p1b: Murkrow|Haze|p1b: Murkrow\n|-clearallboost\n|move|p1a: Gholdengo|Shadow Ball|p2a: Amoonguss\n|-damage|p2a: Amoonguss|0 fnt\n|faint|p2a: Amoonguss\n|move|p2b: Archaludon|Aura Sphere|p1a: Gholdengo\n|-supereffective|p1a: Gholdengo\n|-damage|p1a: Gholdengo|0 fnt\n|faint|p1a: Gholdengo\n|\n|upkeep\n|turn|9\n|\n|t:|1730816738\n|move|p1b: Murkrow|Foul Play|p2b: Archaludon\n|-damage|p2b: Archaludon|61\/100\n|-ability|p2b: Archaludon|Stamina|boost\n|-boost|p2b: Archaludon|def|1\n|move|p2b: Archaludon|Electro Shot||[still]\n|-prepare|p2b: Archaludon|Electro Shot\n|-boost|p2b: Archaludon|spa|1\n|\n|upkeep\n|turn|10\n|\n|t:|1730816745\n|move|p1b: Murkrow|Haze|p1b: Murkrow\n|-clearallboost\n|move|p2b: Archaludon|Electro Shot|p1b: Murkrow|[from]lockedmove\n|-supereffective|p1b: Murkrow\n|-damage|p1b: Murkrow|0 fnt\n|faint|p1b: Murkrow\n|\n|win|htotoT\n|raw|maya ayasato's rating: 1743 &rarr; <strong>1726<\/strong><br \/>(-17 for losing)\n|raw|htotoT's rating: 1787 &rarr; <strong>1804<\/strong><br \/>(+17 for winning)\n|l|\u2606maya ayasato\n|player|p1|\n|l|\u2606htotoT\n|player|p2|\n|l| ktogmgkls\n","uploadtime":1730816911,"views":20,"formatid":"gen9vgc2024regh","rating":1726,"private":0,"password":null}