{"id":"gen9vgc2024regh-2237002092","format":"[Gen 9] VGC 2024 Reg H","players":["Spottedwoot","htotoT"],"log":"|j|\u2606Spottedwoot\n|j|\u2606htotoT\n|t:|1730700704\n|gametype|doubles\n|player|p1|Spottedwoot|2|1703\n|player|p2|htotoT|265|1906\n|teamsize|p1|6\n|teamsize|p2|6\n|gen|9\n|tier|[Gen 9] VGC 2024 Reg H\n|rated|\n|rule|Species Clause: Limit one of each Pok\u00e9mon\n|rule|Item Clause: Limit 1 of each item\n|clearpoke\n|poke|p1|Kingambit, L50, F|\n|poke|p1|Primarina, L50, M|\n|poke|p1|Salamence, L50, M|\n|poke|p1|Gholdengo, L50|\n|poke|p1|Sneasler, L50, M|\n|poke|p1|Amoonguss, L50, F|\n|poke|p2|Gholdengo, L50|\n|poke|p2|Murkrow, L50, F|\n|poke|p2|Pelipper, L50, M|\n|poke|p2|Archaludon, L50, M|\n|poke|p2|Amoonguss, L50, F|\n|poke|p2|Basculegion-F, L50, F|\n|teampreview|4\n|inactive|Battle timer is ON: inactive players will automatically lose when time's up. (requested by htotoT)\n|inactive|Spottedwoot has 60 seconds left.\n|\n|t:|1730700760\n|start\n|switch|p1a: Salamence|Salamence, L50, M|100\/100\n|switch|p1b: Kingambit|Kingambit, L50, F|100\/100\n|switch|p2a: Gholdengo|Gholdengo, L50|100\/100\n|switch|p2b: Murkrow|Murkrow, L50, F|100\/100\n|-ability|p1a: Salamence|Intimidate|boost\n|-unboost|p2a: Gholdengo|atk|1\n|-unboost|p2b: Murkrow|atk|1\n|turn|1\n|\n|t:|1730700768\n|-terastallize|p2a: Gholdengo|Steel\n|move|p1a: Salamence|Protect|p1a: Salamence\n|-singleturn|p1a: Salamence|Protect\n|move|p2b: Murkrow|Tailwind|p2b: Murkrow\n|-sidestart|p2: htotoT|move: Tailwind\n|move|p2a: Gholdengo|Make It Rain|p1b: Kingambit|[spread] p1b\n|-activate|p1a: Salamence|move: Protect\n|-resisted|p1b: Kingambit\n|-damage|p1b: Kingambit|57\/100\n|-unboost|p2a: Gholdengo|spa|1\n|move|p1b: Kingambit|Swords Dance|p1b: Kingambit\n|-boost|p1b: Kingambit|atk|2\n|\n|upkeep\n|turn|2\n|\n|t:|1730700782\n|-terastallize|p1b: Kingambit|Dark\n|move|p2b: Murkrow|Haze|p2b: Murkrow\n|-clearallboost\n|move|p1b: Kingambit|Sucker Punch|p2a: Gholdengo\n|-crit|p2a: Gholdengo\n|-damage|p2a: Gholdengo|7\/100\n|move|p2a: Gholdengo|Make It Rain|p1a: Salamence|[spread] p1a,p1b\n|-damage|p1a: Salamence|0 fnt\n|-damage|p1b: Kingambit|0 fnt\n|-unboost|p2a: Gholdengo|spa|1\n|faint|p1a: Salamence\n|faint|p1b: Kingambit\n|\n|upkeep\n|\n|t:|1730700805\n|switch|p1a: Gholdengo|Gholdengo, L50|100\/100\n|switch|p1b: Sneasler|Sneasler, L50, M|100\/100\n|turn|3\n|\n|t:|1730700820\n|move|p1b: Sneasler|Fake Out|p2a: Gholdengo\n|-resisted|p2a: Gholdengo\n|-damage|p2a: Gholdengo|0 fnt\n|faint|p2a: Gholdengo\n|move|p2b: Murkrow|Foul Play|p1b: Sneasler\n|-resisted|p1b: Sneasler\n|-damage|p1b: Sneasler|60\/100\n|move|p1a: Gholdengo|Make It Rain|p2b: Murkrow\n|-damage|p2b: Murkrow|18\/100\n|-unboost|p1a: Gholdengo|spa|1\n|\n|upkeep\n|inactive|htotoT has 30 seconds left.\n|inactive|htotoT has 20 seconds left.\n|inactive|htotoT has 15 seconds left.\n|\n|t:|1730700864\n|switch|p2a: Pelipper|Pelipper, L50, M|100\/100\n|-weather|RainDance|[from] ability: Drizzle|[of] p2a: Pelipper\n|turn|4\n|\n|t:|1730700871\n|switch|p2b: Archaludon|Archaludon, L50, M|100\/100\n|move|p1b: Sneasler|Protect|p1b: Sneasler\n|-singleturn|p1b: Sneasler|Protect\n|move|p2a: Pelipper|Hurricane|p1b: Sneasler\n|-activate|p1b: Sneasler|move: Protect\n|move|p1a: Gholdengo|Make It Rain|p2b: Archaludon|[spread] p2a,p2b\n|-resisted|p2a: Pelipper\n|-resisted|p2b: Archaludon\n|-damage|p2a: Pelipper|63\/100\n|-damage|p2b: Archaludon|78\/100\n|-unboost|p1a: Gholdengo|spa|1\n|-ability|p2b: Archaludon|Stamina|boost\n|-boost|p2b: Archaludon|def|1\n|\n|-weather|RainDance|[upkeep]\n|-sideend|p2: htotoT|move: Tailwind\n|upkeep\n|turn|5\n|\n|t:|1730700892\n|move|p1b: Sneasler|Close Combat|p2b: Archaludon\n|-supereffective|p2b: Archaludon\n|-damage|p2b: Archaludon|1\/100\n|-unboost|p1b: Sneasler|def|1\n|-unboost|p1b: Sneasler|spd|1\n|-ability|p2b: Archaludon|Stamina|boost\n|-boost|p2b: Archaludon|def|1\n|move|p2b: Archaludon|Electro Shot||[still]\n|-prepare|p2b: Archaludon|Electro Shot\n|-boost|p2b: Archaludon|spa|1\n|-anim|p2b: Archaludon|Electro Shot|p1a: Gholdengo\n|-damage|p1a: Gholdengo|23\/100\n|move|p1a: Gholdengo|Make It Rain|p2a: Pelipper|[spread] p2a,p2b\n|-resisted|p2a: Pelipper\n|-resisted|p2b: Archaludon\n|-damage|p2a: Pelipper|31\/100\n|-damage|p2b: Archaludon|0 fnt\n|-unboost|p1a: Gholdengo|spa|1\n|faint|p2b: Archaludon\n|move|p2a: Pelipper|Hurricane|p1b: Sneasler\n|-supereffective|p1b: Sneasler\n|-damage|p1b: Sneasler|0 fnt\n|faint|p1b: Sneasler\n|\n|-weather|RainDance|[upkeep]\n|upkeep\n|\n|t:|1730700907\n|switch|p2b: Murkrow|Murkrow, L50, F|18\/100\n|turn|6\n|\n|t:|1730700911\n|move|p2b: Murkrow|Tailwind|p2b: Murkrow\n|-sidestart|p2: htotoT|move: Tailwind\n|move|p2a: Pelipper|Weather Ball|p1a: Gholdengo\n|-damage|p1a: Gholdengo|0 fnt\n|faint|p1a: Gholdengo\n|\n|win|htotoT\n|raw|Spottedwoot's rating: 1703 &rarr; <strong>1694<\/strong><br \/>(-9 for losing)\n|raw|htotoT's rating: 1906 &rarr; <strong>1915<\/strong><br \/>(+9 for winning)\n|l|\u2606Spottedwoot\n|player|p1|\n|l|\u2606htotoT\n|player|p2|\n","uploadtime":1730701095,"views":15,"formatid":"gen9vgc2024regh","rating":1694,"private":0,"password":null}