{"id":"gen9vgc2024regh-2237193171","format":"[Gen 9] VGC 2024 Reg H","players":["Kellen1999","greenlightdmp"],"log":"|j|\u2606Kellen1999\n|j|\u2606greenlightdmp\n|t:|1730731603\n|gametype|doubles\n|player|p1|Kellen1999|101|1655\n|player|p2|greenlightdmp|266|1701\n|teamsize|p1|6\n|teamsize|p2|6\n|gen|9\n|tier|[Gen 9] VGC 2024 Reg H\n|rated|\n|rule|Species Clause: Limit one of each Pok\u00e9mon\n|rule|Item Clause: Limit 1 of each item\n|clearpoke\n|poke|p1|Annihilape, L50, F|\n|poke|p1|Maushold, L50|\n|poke|p1|Grimmsnarl, L50, M|\n|poke|p1|Rillaboom, L50, F|\n|poke|p1|Kingambit, L50, F|\n|poke|p1|Sinistcha, L50|\n|poke|p2|Sneasler, L50, F|\n|poke|p2|Indeedee-F, L50, F|\n|poke|p2|Murkrow, L50, F|\n|poke|p2|Archaludon, L50, F|\n|poke|p2|Basculegion, L50, M|\n|poke|p2|Volcarona, L50, F|\n|teampreview|4\n|inactive|Battle timer is ON: inactive players will automatically lose when time's up. (requested by Kellen1999)\n|inactive|greenlightdmp has 60 seconds left.\n|\n|t:|1730731639\n|start\n|switch|p1a: Annihilape|Annihilape, L50, F, shiny|100\/100\n|switch|p1b: Maushold|Maushold, L50, shiny|100\/100\n|switch|p2a: Slim Shady|Sneasler, L50, F|100\/100\n|switch|p2b: Volcarona|Volcarona, L50, F|100\/100\n|turn|1\n|inactive|greenlightdmp has 30 seconds left.\n|inactive|greenlightdmp has 20 seconds left.\n|\n|t:|1730731678\n|move|p2a: Slim Shady|Close Combat|p1b: Maushold\n|-supereffective|p1b: Maushold\n|-enditem|p1b: Maushold|Focus Sash\n|-damage|p1b: Maushold|1\/100\n|-unboost|p2a: Slim Shady|def|1\n|-unboost|p2a: Slim Shady|spd|1\n|move|p1b: Maushold|Beat Up|p1a: Annihilape\n|-crit|p1a: Annihilape\n|-damage|p1a: Annihilape|97\/100\n|-damage|p1a: Annihilape|95\/100\n|-damage|p1a: Annihilape|92\/100\n|-damage|p1a: Annihilape|90\/100\n|-hitcount|p1a: Annihilape|4\n|move|p1a: Annihilape|Rage Fist|p2b: Volcarona\n|-damage|p2b: Volcarona|0 fnt\n|faint|p2b: Volcarona\n|\n|-heal|p1a: Annihilape|96\/100|[from] item: Leftovers\n|upkeep\n|\n|t:|1730731688\n|switch|p2b: MeganTheeStallion|Indeedee-F, L50, F|100\/100\n|-fieldstart|move: Psychic Terrain|[from] ability: Psychic Surge|[of] p2b: MeganTheeStallion\n|-enditem|p2a: Slim Shady|Psychic Seed\n|-boost|p2a: Slim Shady|spd|1|[from] item: Psychic Seed\n|turn|2\n|\n|t:|1730731712\n|move|p1a: Annihilape|Protect|p1a: Annihilape\n|-singleturn|p1a: Annihilape|Protect\n|move|p2a: Slim Shady|Dire Claw|p1a: Annihilape\n|-activate|p1a: Annihilape|move: Protect\n|move|p1b: Maushold|Taunt|p2b: MeganTheeStallion\n|-start|p2b: MeganTheeStallion|move: Taunt\n|move|p2b: MeganTheeStallion|Psychic|p1a: Annihilape\n|-activate|p1a: Annihilape|move: Protect\n|\n|-heal|p1a: Annihilape|100\/100|[from] item: Leftovers\n|upkeep\n|turn|3\n|inactive|Kellen1999 has 30 seconds left.\n|\n|t:|1730731746\n|move|p1b: Maushold|Follow Me|p1b: Maushold\n|-singleturn|p1b: Maushold|move: Follow Me\n|move|p2a: Slim Shady|Dire Claw|p1b: Maushold\n|-damage|p1b: Maushold|0 fnt\n|faint|p1b: Maushold\n|move|p1a: Annihilape|Bulk Up|p1a: Annihilape\n|-boost|p1a: Annihilape|atk|1\n|-boost|p1a: Annihilape|def|1\n|move|p2b: MeganTheeStallion|Psychic|p1a: Annihilape\n|-supereffective|p1a: Annihilape\n|-damage|p1a: Annihilape|25\/100\n|\n|-heal|p1a: Annihilape|31\/100|[from] item: Leftovers\n|upkeep\n|\n|t:|1730731760\n|switch|p1b: Grimmsnarl|Grimmsnarl, L50, M, shiny|100\/100\n|turn|4\n|\n|t:|1730731775\n|-terastallize|p1b: Grimmsnarl|Ghost\n|move|p1a: Annihilape|Protect|p1a: Annihilape\n|-singleturn|p1a: Annihilape|Protect\n|move|p1b: Grimmsnarl|Misty Terrain|p1b: Grimmsnarl\n|-fieldstart|move: Misty Terrain\n|move|p2a: Slim Shady|Dire Claw|p1b: Grimmsnarl\n|-resisted|p1b: Grimmsnarl\n|-damage|p1b: Grimmsnarl|82\/100\n|move|p2b: MeganTheeStallion|Psychic|p1a: Annihilape\n|-activate|p1a: Annihilape|move: Protect\n|\n|-heal|p1a: Annihilape|37\/100|[from] item: Leftovers\n|-end|p2b: MeganTheeStallion|move: Taunt\n|upkeep\n|turn|5\n|inactive|greenlightdmp has 30 seconds left.\n|\n|t:|1730731800\n|move|p1b: Grimmsnarl|Light Screen|p1b: Grimmsnarl\n|-sidestart|p1: Kellen1999|move: Light Screen\n|move|p2a: Slim Shady|Throat Chop|p1a: Annihilape\n|-damage|p1a: Annihilape|16\/100\n|-start|p1a: Annihilape|Throat Chop|[silent]\n|move|p1a: Annihilape|Drain Punch|p2b: MeganTheeStallion\n|-damage|p2b: MeganTheeStallion|41\/100\n|-heal|p1a: Annihilape|45\/100|[from] drain|[of] p2b: MeganTheeStallion\n|move|p2b: MeganTheeStallion|Psychic|p1a: Annihilape\n|-supereffective|p1a: Annihilape\n|-damage|p1a: Annihilape|1\/100\n|\n|-heal|p1a: Annihilape|7\/100|[from] item: Leftovers\n|upkeep\n|turn|6\n|\n|t:|1730731820\n|move|p1a: Annihilape|Protect|p1a: Annihilape\n|-singleturn|p1a: Annihilape|Protect\n|move|p2b: MeganTheeStallion|Follow Me|p2b: MeganTheeStallion\n|-singleturn|p2b: MeganTheeStallion|move: Follow Me\n|move|p1b: Grimmsnarl|Reflect|p1b: Grimmsnarl\n|-sidestart|p1: Kellen1999|Reflect\n|move|p2a: Slim Shady|Throat Chop|p1a: Annihilape\n|-activate|p1a: Annihilape|move: Protect\n|\n|-heal|p1a: Annihilape|13\/100|[from] item: Leftovers\n|-end|p1a: Annihilape|Throat Chop|[silent]\n|upkeep\n|turn|7\n|\n|t:|1730731833\n|move|p1b: Grimmsnarl|Parting Shot|p2a: Slim Shady\n|-unboost|p2a: Slim Shady|atk|1\n|-unboost|p2a: Slim Shady|spa|1\n|\n|t:|1730731837\n|switch|p1b: Sinistcha|Sinistcha, L50, shiny|100\/100|[from] Parting Shot\n|-heal|p1a: Annihilape|38\/100|[from] ability: Hospitality|[of] p1b: Sinistcha\n|move|p2a: Slim Shady|Throat Chop|p1a: Annihilape\n|-damage|p1a: Annihilape|27\/100\n|-start|p1a: Annihilape|Throat Chop|[silent]\n|move|p1a: Annihilape|Drain Punch|p2b: MeganTheeStallion\n|-damage|p2b: MeganTheeStallion|0 fnt\n|-heal|p1a: Annihilape|46\/100|[from] drain|[of] p2b: MeganTheeStallion\n|faint|p2b: MeganTheeStallion\n|\n|-heal|p1a: Annihilape|52\/100|[from] item: Leftovers\n|upkeep\n|-message|greenlightdmp forfeited.\n|\n|win|Kellen1999\n|raw|Kellen1999's rating: 1655 &rarr; <strong>1678<\/strong><br \/>(+23 for winning)\n|raw|greenlightdmp's rating: 1701 &rarr; <strong>1678<\/strong><br \/>(-23 for losing)\n|l|\u2606greenlightdmp\n|player|p2|\n|l|\u2606Kellen1999\n|player|p1|\n","uploadtime":1730732032,"views":18,"formatid":"gen9vgc2024regh","rating":1678,"private":0,"password":null}