{"id":"gen9vgc2024regh-2237947976","format":"[Gen 9] VGC 2024 Reg H","players":["Zordor","htotoT"],"log":"|j|\u2606Zordor\n|j|\u2606htotoT\n|t:|1730824047\n|gametype|doubles\n|player|p1|Zordor|pilot|1813\n|player|p2|htotoT|101|1843\n|teamsize|p1|6\n|teamsize|p2|6\n|gen|9\n|tier|[Gen 9] VGC 2024 Reg H\n|rated|\n|rule|Species Clause: Limit one of each Pok\u00e9mon\n|rule|Item Clause: Limit 1 of each item\n|clearpoke\n|poke|p1|Rotom-Wash, L50|\n|poke|p1|Sneasler, L50, F|\n|poke|p1|Kingambit, L50, F|\n|poke|p1|Armarouge, L50, F|\n|poke|p1|Dragapult, L50, M|\n|poke|p1|Venusaur, L50, F|\n|poke|p2|Gholdengo, L50|\n|poke|p2|Murkrow, L50, F|\n|poke|p2|Pelipper, L50, M|\n|poke|p2|Archaludon, L50, M|\n|poke|p2|Amoonguss, L50, F|\n|poke|p2|Basculegion-F, L50, F|\n|teampreview|4\n|inactive|Battle timer is ON: inactive players will automatically lose when time's up. (requested by htotoT)\n|j| Elv3r G4larga\n|j| prstomu4\n|inactive|Zordor has 60 seconds left.\n|\n|t:|1730824083\n|start\n|switch|p1a: Sneasler|Sneasler, L50, F|100\/100\n|switch|p1b: Rotom|Rotom-Wash, L50|100\/100\n|switch|p2a: Amoonguss|Amoonguss, L50, F|100\/100\n|switch|p2b: Gholdengo|Gholdengo, L50|100\/100\n|turn|1\n|\n|t:|1730824099\n|move|p1a: Sneasler|Protect|p1a: Sneasler\n|-singleturn|p1a: Sneasler|Protect\n|move|p1b: Rotom|Electroweb|p2a: Amoonguss|[spread] p2a,p2b\n|-resisted|p2a: Amoonguss\n|-crit|p2a: Amoonguss\n|-crit|p2b: Gholdengo\n|-damage|p2a: Amoonguss|91\/100\n|-damage|p2b: Gholdengo|70\/100\n|-unboost|p2b: Gholdengo|spe|1\n|move|p2b: Gholdengo|Make It Rain|p1b: Rotom|[spread] p1b\n|-activate|p1a: Sneasler|move: Protect\n|-resisted|p1b: Rotom\n|-damage|p1b: Rotom|81\/100\n|-unboost|p2b: Gholdengo|spa|1\n|move|p2a: Amoonguss|Spore|p1a: Sneasler\n|-activate|p1a: Sneasler|move: Protect\n|\n|upkeep\n|turn|2\n|\n|t:|1730824118\n|switch|p1a: Venusaur|Venusaur, L50, F|100\/100\n|-terastallize|p2b: Gholdengo|Steel\n|move|p1b: Rotom|Electroweb|p2a: Amoonguss|[spread] p2a,p2b\n|-resisted|p2a: Amoonguss\n|-damage|p2a: Amoonguss|85\/100\n|-damage|p2b: Gholdengo|51\/100\n|-unboost|p2b: Gholdengo|spe|1\n|move|p2b: Gholdengo|Make It Rain|p1b: Rotom|[spread] p1a,p1b\n|-resisted|p1b: Rotom\n|-damage|p1a: Venusaur|30\/100\n|-damage|p1b: Rotom|63\/100\n|-unboost|p2b: Gholdengo|spa|1\n|move|p2a: Amoonguss|Spore|p1b: Rotom\n|-activate|p1b: Rotom|item: Safety Goggles|Spore\n|\n|-heal|p1a: Venusaur|36\/100|[from] item: Leftovers\n|upkeep\n|turn|3\n|inactive|htotoT has 30 seconds left.\n|inactive|htotoT has 20 seconds left.\n|\n|t:|1730824153\n|switch|p2b: Archaludon|Archaludon, L50, M|100\/100\n|move|p1a: Venusaur|Protect|p1a: Venusaur\n|-singleturn|p1a: Venusaur|Protect\n|move|p1b: Rotom|Will-O-Wisp|p2a: Amoonguss|[miss]\n|-miss|p1b: Rotom|p2a: Amoonguss\n|move|p2a: Amoonguss|Pollen Puff|p1a: Venusaur\n|-activate|p1a: Venusaur|move: Protect\n|\n|-heal|p1a: Venusaur|43\/100|[from] item: Leftovers\n|upkeep\n|turn|4\n|\n|t:|1730824172\n|move|p1b: Rotom|Will-O-Wisp|p2a: Amoonguss\n|-status|p2a: Amoonguss|brn\n|move|p2b: Archaludon|Dragon Pulse|p1a: Venusaur\n|-damage|p1a: Venusaur|2\/100\n|move|p1a: Venusaur|Sludge Bomb|p2a: Amoonguss\n|-damage|p2a: Amoonguss|55\/100 brn\n|move|p2a: Amoonguss|Pollen Puff|p1a: Venusaur\n|-damage|p1a: Venusaur|0 fnt\n|faint|p1a: Venusaur\n|\n|-damage|p2a: Amoonguss|49\/100 brn|[from] brn\n|upkeep\n|\n|t:|1730824185\n|switch|p1a: Sneasler|Sneasler, L50, F|100\/100\n|turn|5\n|j| Pokedoke\n|inactive|htotoT has 30 seconds left.\n|\n|t:|1730824214\n|move|p2a: Amoonguss|Rage Powder|p2a: Amoonguss\n|-singleturn|p2a: Amoonguss|move: Rage Powder\n|move|p1a: Sneasler|Dire Claw|p2a: Amoonguss\n|-damage|p2a: Amoonguss|18\/100 brn\n|move|p1b: Rotom|Hydro Pump|p2a: Amoonguss\n|-resisted|p2a: Amoonguss\n|-damage|p2a: Amoonguss|0 fnt\n|faint|p2a: Amoonguss\n|move|p2b: Archaludon|Dragon Pulse|p1a: Sneasler\n|-damage|p1a: Sneasler|49\/100\n|\n|upkeep\n|\n|t:|1730824231\n|switch|p2a: Gholdengo|Gholdengo, L50, tera:Steel|51\/100\n|turn|6\n|\n|t:|1730824246\n|move|p1a: Sneasler|Close Combat|p2b: Archaludon\n|-supereffective|p2b: Archaludon\n|-damage|p2b: Archaludon|9\/100\n|-unboost|p1a: Sneasler|def|1\n|-unboost|p1a: Sneasler|spd|1\n|-ability|p2b: Archaludon|Stamina|boost\n|-boost|p2b: Archaludon|def|1\n|move|p1b: Rotom|Electroweb|p2a: Gholdengo|[spread] p2a,p2b\n|-resisted|p2b: Archaludon\n|-damage|p2a: Gholdengo|32\/100\n|-damage|p2b: Archaludon|1\/100\n|-unboost|p2a: Gholdengo|spe|1\n|-unboost|p2b: Archaludon|spe|1\n|-ability|p2b: Archaludon|Stamina|boost\n|-boost|p2b: Archaludon|def|1\n|move|p2b: Archaludon|Dragon Pulse|p1b: Rotom\n|-damage|p1b: Rotom|13\/100\n|move|p2a: Gholdengo|Shadow Ball|p1b: Rotom\n|-damage|p1b: Rotom|0 fnt\n|faint|p1b: Rotom\n|\n|upkeep\n|\n|t:|1730824261\n|switch|p1b: Dragapult|Dragapult, L50, M|100\/100\n|turn|7\n|\n|t:|1730824268\n|move|p1b: Dragapult|Dragon Darts|p2a: Gholdengo\n|-resisted|p2a: Gholdengo\n|-crit|p2a: Gholdengo\n|-damage|p2a: Gholdengo|8\/100\n|-anim|p1b: Dragapult|Dragon Darts|p2b: Archaludon\n|-damage|p2b: Archaludon|0 fnt\n|faint|p2b: Archaludon\n|-damage|p1b: Dragapult|91\/100|[from] item: Life Orb\n|move|p1a: Sneasler|Close Combat|p2a: Gholdengo\n|-supereffective|p2a: Gholdengo\n|-damage|p2a: Gholdengo|0 fnt\n|-unboost|p1a: Sneasler|def|1\n|-unboost|p1a: Sneasler|spd|1\n|faint|p2a: Gholdengo\n|\n|upkeep\n|\n|t:|1730824274\n|switch|p2b: Pelipper|Pelipper, L50, M|100\/100\n|-weather|RainDance|[from] ability: Drizzle|[of] p2b: Pelipper\n|turn|8\n|\n|t:|1730824281\n|move|p1b: Dragapult|Dragon Darts|p2b: Pelipper\n|-damage|p2b: Pelipper|58\/100\n|-anim|p1b: Dragapult|Dragon Darts|p2b: Pelipper\n|-damage|p2b: Pelipper|15\/100\n|-damage|p1b: Dragapult|82\/100|[from] item: Life Orb\n|move|p1a: Sneasler|Dire Claw|p2b: Pelipper\n|-damage|p2b: Pelipper|0 fnt\n|faint|p2b: Pelipper\n|\n|win|Zordor\n|raw|Zordor's rating: 1813 &rarr; <strong>1835<\/strong><br \/>(+22 for winning)\n|raw|htotoT's rating: 1843 &rarr; <strong>1821<\/strong><br \/>(-22 for losing)\n|l|\u2606htotoT\n|player|p2|\n|l| prstomu4\n|l|\u2606Zordor\n|player|p1|\n","uploadtime":1730824428,"views":83,"formatid":"gen9vgc2024regh","rating":1821,"private":0,"password":null}