{"id":"gen9vgc2024regh-2237185699","format":"[Gen 9] VGC 2024 Reg H","players":["ray4gej","ggfsb"],"log":"|j|\u2606ray4gej\n|j|\u2606ggfsb\n|t:|1730730826\n|gametype|doubles\n|player|p1|ray4gej|169|1715\n|player|p2|ggfsb|palmer|1765\n|teamsize|p1|6\n|teamsize|p2|6\n|gen|9\n|tier|[Gen 9] VGC 2024 Reg H\n|rated|\n|rule|Species Clause: Limit one of each Pok\u00e9mon\n|rule|Item Clause: Limit 1 of each item\n|clearpoke\n|poke|p1|Primarina, L50, F|\n|poke|p1|Tyranitar, L50, F|\n|poke|p1|Whimsicott, L50, M|\n|poke|p1|Gholdengo, L50|\n|poke|p1|Infernape, L50, F|\n|poke|p1|Overqwil, L50, F|\n|poke|p2|Glimmora, L50, M|\n|poke|p2|Rillaboom, L50, F|\n|poke|p2|Murkrow, L50, F|\n|poke|p2|Gholdengo, L50|\n|poke|p2|Tyranitar, L50, M|\n|poke|p2|Garchomp, L50, M|\n|teampreview|4\n|\n|t:|1730730907\n|start\n|switch|p1a: Whimsicott|Whimsicott, L50, M|100\/100\n|switch|p1b: Tyranitar|Tyranitar, L50, F|100\/100\n|switch|p2a: Glimmora|Glimmora, L50, M|100\/100\n|switch|p2b: Murkrow|Murkrow, L50, F|100\/100\n|-weather|Sandstorm|[from] ability: Sand Stream|[of] p1b: Tyranitar\n|turn|1\n|\n|t:|1730730920\n|move|p1a: Whimsicott|Tailwind|p1a: Whimsicott\n|-sidestart|p1: ray4gej|move: Tailwind\n|move|p2b: Murkrow|Tailwind|p2b: Murkrow\n|-sidestart|p2: ggfsb|move: Tailwind\n|move|p1b: Tyranitar|Knock Off|p2a: Glimmora\n|-damage|p2a: Glimmora|40\/100\n|-activate|p2a: Glimmora|ability: Toxic Debris\n|-sidestart|p1: ray4gej|move: Toxic Spikes\n|-enditem|p2a: Glimmora|Focus Sash|[from] move: Knock Off|[of] p1b: Tyranitar\n|move|p2a: Glimmora|Sludge Bomb|p1a: Whimsicott\n|-supereffective|p1a: Whimsicott\n|-damage|p1a: Whimsicott|0 fnt\n|faint|p1a: Whimsicott\n|\n|-weather|Sandstorm|[upkeep]\n|-damage|p2b: Murkrow|94\/100|[from] Sandstorm\n|upkeep\n|inactive|Battle timer is ON: inactive players will automatically lose when time's up. (requested by ggfsb)\n|j| djr123\n|\n|t:|1730730932\n|switch|p1a: Overqwil|Overqwil, L50, F|100\/100\n|-sideend|p1: ray4gej|move: Toxic Spikes|[of] p1a: Overqwil\n|-ability|p1a: Overqwil|Intimidate|boost\n|-unboost|p2a: Glimmora|atk|1\n|-unboost|p2b: Murkrow|atk|1\n|turn|2\n|l| djr123\n|inactive|ggfsb has 30 seconds left.\n|inactive|ggfsb has 20 seconds left.\n|\n|t:|1730730969\n|switch|p2b: Garchomp|Garchomp, L50, M|100\/100\n|move|p2a: Glimmora|Spiky Shield|p2a: Glimmora\n|-singleturn|p2a: Glimmora|move: Protect\n|move|p1b: Tyranitar|Knock Off|p2b: Garchomp\n|-damage|p2b: Garchomp|49\/100\n|-damage|p1b: Tyranitar|88\/100|[from] ability: Rough Skin|[of] p2b: Garchomp\n|-enditem|p2b: Garchomp|Life Orb|[from] move: Knock Off|[of] p1b: Tyranitar\n|move|p1a: Overqwil|Poison Jab|p2b: Garchomp\n|-resisted|p2b: Garchomp\n|-damage|p2b: Garchomp|31\/100\n|-damage|p1a: Overqwil|88\/100|[from] ability: Rough Skin|[of] p2b: Garchomp\n|\n|-weather|Sandstorm|[upkeep]\n|-damage|p1a: Overqwil|82\/100|[from] Sandstorm\n|upkeep\n|turn|3\n|\n|t:|1730730986\n|-terastallize|p2a: Glimmora|Grass\n|move|p1b: Tyranitar|Knock Off|p2b: Garchomp\n|-damage|p2b: Garchomp|0 fnt\n|-damage|p1b: Tyranitar|75\/100|[from] ability: Rough Skin|[of] p2b: Garchomp\n|faint|p2b: Garchomp\n|move|p2a: Glimmora|Power Gem|p1b: Tyranitar\n|-damage|p1b: Tyranitar|48\/100\n|move|p1a: Overqwil|Liquidation|p2a: Glimmora\n|-resisted|p2a: Glimmora\n|-damage|p2a: Glimmora|25\/100\n|-activate|p2a: Glimmora|ability: Toxic Debris\n|-sidestart|p1: ray4gej|move: Toxic Spikes\n|\n|-weather|Sandstorm|[upkeep]\n|-damage|p2a: Glimmora|19\/100|[from] Sandstorm\n|-damage|p1a: Overqwil|76\/100|[from] Sandstorm\n|upkeep\n|\n|t:|1730731007\n|switch|p2b: Rillaboom|Rillaboom, L50, F|100\/100\n|-fieldstart|move: Grassy Terrain|[from] ability: Grassy Surge|[of] p2b: Rillaboom\n|turn|4\n|\n|t:|1730731021\n|-terastallize|p1b: Tyranitar|Flying\n|move|p2b: Rillaboom|Grassy Glide|p1b: Tyranitar\n|-resisted|p1b: Tyranitar\n|-damage|p1b: Tyranitar|28\/100\n|move|p1b: Tyranitar|Knock Off|p2a: Glimmora\n|-crit|p2a: Glimmora\n|-damage|p2a: Glimmora|0 fnt\n|-activate|p2a: Glimmora|ability: Toxic Debris\n|-sidestart|p1: ray4gej|move: Toxic Spikes\n|faint|p2a: Glimmora\n|move|p1a: Overqwil|Gunk Shot|p2b: Rillaboom\n|-supereffective|p2b: Rillaboom\n|-damage|p2b: Rillaboom|6\/100\n|\n|-weather|Sandstorm|[upkeep]\n|-damage|p1b: Tyranitar|22\/100|[from] Sandstorm\n|-damage|p2b: Rillaboom|0 fnt|[from] Sandstorm\n|-damage|p1a: Overqwil|70\/100|[from] Sandstorm\n|faint|p2b: Rillaboom\n|-heal|p1a: Overqwil|76\/100|[from] Grassy Terrain\n|-sideend|p1: ray4gej|move: Tailwind\n|-sideend|p2: ggfsb|move: Tailwind\n|upkeep\n|\n|t:|1730731025\n|switch|p2b: Murkrow|Murkrow, L50, F|94\/100\n|turn|5\n|-message|ggfsb forfeited.\n|\n|win|ray4gej\n|raw|ray4gej's rating: 1715 &rarr; <strong>1738<\/strong><br \/>(+23 for winning)\n|raw|ggfsb's rating: 1765 &rarr; <strong>1742<\/strong><br \/>(-23 for losing)\n|l|\u2606ggfsb\n|player|p2|\n|l|\u2606ray4gej\n|player|p1|\n","uploadtime":1730731194,"views":20,"formatid":"gen9vgc2024regh","rating":1738,"private":0,"password":null}