{"id":"gen9vgc2024regh-2237406155","format":"[Gen 9] VGC 2024 Reg H","players":["CabbageConnoisseur","stbai"],"log":"|j|\u203dCabbageConnoisseur\n|j|\u2606stbai\n|t:|1730751738\n|gametype|doubles\n|player|p1|CabbageConnoisseur|265|1706\n|player|p2|stbai|janitor|1691\n|teamsize|p1|6\n|teamsize|p2|6\n|gen|9\n|tier|[Gen 9] VGC 2024 Reg H\n|rated|\n|rule|Species Clause: Limit one of each Pok\u00e9mon\n|rule|Item Clause: Limit 1 of each item\n|clearpoke\n|poke|p1|Ursaluna-Bloodmoon, L50, M|\n|poke|p1|Grimmsnarl, L50, M|\n|poke|p1|Archaludon, L50, F|\n|poke|p1|Ninetales-Alola, L50, M|\n|poke|p1|Annihilape, L50, M|\n|poke|p1|Magmar, L50, M|\n|poke|p2|Tatsugiri, L50, F|\n|poke|p2|Smeargle, L50, M|\n|poke|p2|Pelipper, L50, F|\n|poke|p2|Gholdengo, L50|\n|poke|p2|Archaludon, L50, M|\n|poke|p2|Dondozo, L50, M|\n|teampreview|4\n|inactive|Battle timer is ON: inactive players will automatically lose when time's up. (requested by stbai)\n|\n|t:|1730751767\n|start\n|switch|p1a: Ursaluna|Ursaluna-Bloodmoon, L50, M|100\/100\n|switch|p1b: Grimmsnarl|Grimmsnarl, L50, M|100\/100\n|switch|p2a: Smeargle|Smeargle, L50, M|100\/100\n|switch|p2b: Gholdengo|Gholdengo, L50|100\/100\n|turn|1\n|\n|t:|1730751776\n|switch|p2b: Dondozo|Dondozo, L50, M|100\/100\n|move|p1b: Grimmsnarl|Thunder Wave|p2a: Smeargle|[miss]\n|-miss|p1b: Grimmsnarl|p2a: Smeargle\n|move|p2a: Smeargle|Simple Beam|p2b: Dondozo\n|-endability|p2b: Dondozo|Unaware|[from] move: Simple Beam\n|-ability|p2b: Dondozo|Simple|[from] move: Simple Beam\n|move|p1a: Ursaluna|Earth Power|p2b: Dondozo\n|-damage|p2b: Dondozo|57\/100\n|-unboost|p2b: Dondozo|spd|2\n|\n|-heal|p2b: Dondozo|63\/100|[from] item: Leftovers\n|-ability|p2a: Smeargle|Moody|boost\n|-boost|p2a: Smeargle|spe|2\n|-unboost|p2a: Smeargle|atk|1\n|upkeep\n|turn|2\n|\n|t:|1730751793\n|move|p2b: Dondozo|Protect|p2b: Dondozo\n|-singleturn|p2b: Dondozo|Protect\n|move|p1b: Grimmsnarl|Thunder Wave|p2b: Dondozo\n|-activate|p2b: Dondozo|move: Protect\n|move|p2a: Smeargle|Spore|p1a: Ursaluna\n|-status|p1a: Ursaluna|slp|[from] move: Spore\n|cant|p1a: Ursaluna|slp\n|\n|-heal|p2b: Dondozo|69\/100|[from] item: Leftovers\n|-ability|p2a: Smeargle|Moody|boost\n|-boost|p2a: Smeargle|def|2\n|-unboost|p2a: Smeargle|spe|1\n|upkeep\n|turn|3\n|\n|t:|1730751815\n|switch|p2a: Tatsugiri|Tatsugiri, L50, F|100\/100\n|-activate|p2a: Tatsugiri|ability: Commander|[of] p2b: Dondozo\n|-boost|p2b: Dondozo|atk|4\n|-boost|p2b: Dondozo|spa|4\n|-boost|p2b: Dondozo|spe|4\n|-boost|p2b: Dondozo|def|4\n|-boost|p2b: Dondozo|spd|4\n|move|p1b: Grimmsnarl|Thunder Wave|p2b: Dondozo\n|-status|p2b: Dondozo|par\n|move|p2b: Dondozo|Order Up|p1a: Ursaluna\n|-damage|p1a: Ursaluna|50\/100 slp\n|-boost|p2b: Dondozo|atk|2\n|-curestatus|p1a: Ursaluna|slp|[msg]\n|move|p1a: Ursaluna|Hyper Voice|p2a: Tatsugiri|[spread] p2b\n|-miss|p1a: Ursaluna|p2a: Tatsugiri\n|-damage|p2b: Dondozo|51\/100 par\n|\n|-heal|p2b: Dondozo|57\/100 par|[from] item: Leftovers\n|upkeep\n|turn|4\n|\n|t:|1730751825\n|move|p1b: Grimmsnarl|Reflect|p1b: Grimmsnarl\n|-sidestart|p1: CabbageConnoisseur|Reflect\n|move|p2b: Dondozo|Earthquake|p1b: Grimmsnarl|[spread] p1a,p1b\n|-miss|p2b: Dondozo|p2a: Tatsugiri\n|-damage|p1a: Ursaluna|12\/100\n|-damage|p1b: Grimmsnarl|44\/100\n|move|p1a: Ursaluna|Blood Moon|p2b: Dondozo\n|-damage|p2b: Dondozo|25\/100 par\n|\n|-heal|p2b: Dondozo|31\/100 par|[from] item: Leftovers\n|upkeep\n|turn|5\n|\n|t:|1730751841\n|move|p1a: Ursaluna|Vacuum Wave|p2b: Dondozo\n|-damage|p2b: Dondozo|24\/100 par\n|move|p1b: Grimmsnarl|Light Screen|p1b: Grimmsnarl\n|-sidestart|p1: CabbageConnoisseur|move: Light Screen\n|move|p2b: Dondozo|Earthquake|p1a: Ursaluna|[spread] p1a,p1b\n|-miss|p2b: Dondozo|p2a: Tatsugiri\n|-damage|p1a: Ursaluna|0 fnt\n|-damage|p1b: Grimmsnarl|0 fnt\n|faint|p1a: Ursaluna\n|faint|p1b: Grimmsnarl\n|\n|-heal|p2b: Dondozo|30\/100 par|[from] item: Leftovers\n|upkeep\n|\n|t:|1730751844\n|switch|p1a: Archaludon|Archaludon, L50, F|100\/100\n|switch|p1b: Magmar|Magmar, L50, M|100\/100\n|turn|6\n|\n|t:|1730751850\n|move|p1a: Archaludon|Protect|p1a: Archaludon\n|-singleturn|p1a: Archaludon|Protect\n|cant|p2b: Dondozo|par\n|move|p1b: Magmar|Clear Smog|p2b: Dondozo\n|-damage|p2b: Dondozo|25\/100 par\n|-clearboost|p2b: Dondozo\n|\n|-heal|p2b: Dondozo|32\/100 par|[from] item: Leftovers\n|upkeep\n|turn|7\n|\n|t:|1730751864\n|move|p1a: Archaludon|Electro Shot||[still]\n|-prepare|p1a: Archaludon|Electro Shot\n|-boost|p1a: Archaludon|spa|1\n|-enditem|p1a: Archaludon|Power Herb\n|-anim|p1a: Archaludon|Electro Shot|p2b: Dondozo\n|-supereffective|p2b: Dondozo\n|-crit|p2b: Dondozo\n|-damage|p2b: Dondozo|0 fnt\n|faint|p2b: Dondozo\n|move|p1b: Magmar|Clear Smog|p2a: Tatsugiri\n|-damage|p2a: Tatsugiri|84\/100\n|-clearboost|p2a: Tatsugiri\n|\n|upkeep\n|\n|t:|1730751868\n|switch|p2b: Smeargle|Smeargle, L50, M|100\/100\n|turn|8\n|\n|t:|1730751890\n|-terastallize|p2a: Tatsugiri|Water\n|move|p1b: Magmar|Follow Me|p1b: Magmar\n|-singleturn|p1b: Magmar|move: Follow Me\n|move|p2b: Smeargle|Salt Cure|p1b: Magmar\n|-supereffective|p1b: Magmar\n|-damage|p1b: Magmar|96\/100\n|-start|p1b: Magmar|Salt Cure\n|move|p2a: Tatsugiri|Hydro Pump|p1b: Magmar\n|-supereffective|p1b: Magmar\n|-damage|p1b: Magmar|0 fnt\n|faint|p1b: Magmar\n|move|p1a: Archaludon|Dragon Pulse|p2a: Tatsugiri\n|-damage|p2a: Tatsugiri|0 fnt\n|faint|p2a: Tatsugiri\n|\n|-ability|p2b: Smeargle|Moody|boost\n|-boost|p2b: Smeargle|spa|2\n|-unboost|p2b: Smeargle|def|1\n|upkeep\n|\n|t:|1730751900\n|switch|p2a: Gholdengo|Gholdengo, L50|100\/100\n|turn|9\n|\n|t:|1730751922\n|-terastallize|p1a: Archaludon|Electric\n|move|p2b: Smeargle|Spore|p1a: Archaludon\n|-status|p1a: Archaludon|slp|[from] move: Spore\n|move|p2a: Gholdengo|Nasty Plot|p2a: Gholdengo\n|-boost|p2a: Gholdengo|spa|2\n|cant|p1a: Archaludon|slp\n|\n|-ability|p2b: Smeargle|Moody|boost\n|-boost|p2b: Smeargle|spd|2\n|-unboost|p2b: Smeargle|spe|1\n|upkeep\n|turn|10\n|\n|t:|1730751932\n|move|p2a: Gholdengo|Nasty Plot|p2a: Gholdengo\n|-boost|p2a: Gholdengo|spa|2\n|cant|p1a: Archaludon|slp\n|move|p2b: Smeargle|Salt Cure|p1a: Archaludon\n|-damage|p1a: Archaludon|99\/100 slp\n|-start|p1a: Archaludon|Salt Cure\n|\n|-damage|p1a: Archaludon|87\/100 slp|[from] Salt Cure\n|-ability|p2b: Smeargle|Moody|boost\n|-boost|p2b: Smeargle|def|2\n|-unboost|p2b: Smeargle|spe|1\n|upkeep\n|turn|11\n|\n|t:|1730751939\n|move|p2a: Gholdengo|Shadow Ball|p1a: Archaludon\n|-damage|p1a: Archaludon|0 fnt\n|faint|p1a: Archaludon\n|\n|win|stbai\n|raw|CabbageConnoisseur's rating: 1706 &rarr; <strong>1685<\/strong><br \/>(-21 for losing)\n|raw|stbai's rating: 1691 &rarr; <strong>1712<\/strong><br \/>(+21 for winning)\n|l|\u203dCabbageConnoisseur\n|player|p1|\n|l|\u2606stbai\n|player|p2|\n","uploadtime":1730752094,"views":20,"formatid":"gen9vgc2024regh","rating":1685,"private":0,"password":null}