{"id":"gen9vgc2024regh-2237448204","format":"[Gen 9] VGC 2024 Reg H","players":["Allhailhippo","Cocobeloeil3"],"log":"|j|\u2606Allhailhippo\n|j|\u2606Cocobeloeil3\n|t:|1730755914\n|gametype|doubles\n|player|p1|Allhailhippo|169|1757\n|player|p2|Cocobeloeil3|265|1715\n|teamsize|p1|6\n|teamsize|p2|6\n|gen|9\n|tier|[Gen 9] VGC 2024 Reg H\n|rated|\n|rule|Species Clause: Limit one of each Pok\u00e9mon\n|rule|Item Clause: Limit 1 of each item\n|clearpoke\n|poke|p1|Tyranitar, L50, M|\n|poke|p1|Houndstone, L50, F|\n|poke|p1|Whimsicott, L50, M|\n|poke|p1|Gliscor, L50, M|\n|poke|p1|Klefki, L50, M|\n|poke|p1|Garchomp, L50, M|\n|poke|p2|Sneasler, L50, M|\n|poke|p2|Dragonite, L50, F|\n|poke|p2|Kingambit, L50, F|\n|poke|p2|Politoed, L50, F|\n|poke|p2|Murkrow, L50, M|\n|poke|p2|Mamoswine, L50, M|\n|teampreview|4\n|inactive|Battle timer is ON: inactive players will automatically lose when time's up. (requested by Allhailhippo)\n|\n|t:|1730755930\n|start\n|switch|p1a: Anna|Whimsicott, L50, M|100\/100\n|switch|p1b: Garchomp|Garchomp, L50, M|100\/100\n|switch|p2a: Sneasler|Sneasler, L50, M|100\/100\n|switch|p2b: Mamoswine|Mamoswine, L50, M|100\/100\n|turn|1\n|\n|t:|1730755947\n|-terastallize|p2a: Sneasler|Flying\n|move|p1a: Anna|Protect|p1a: Anna\n|-singleturn|p1a: Anna|Protect\n|move|p1b: Garchomp|Protect|p1b: Garchomp\n|-singleturn|p1b: Garchomp|Protect\n|move|p2a: Sneasler|Coaching|p2b: Mamoswine\n|-boost|p2b: Mamoswine|atk|1\n|-boost|p2b: Mamoswine|def|1\n|move|p2b: Mamoswine|Earthquake|p1a: Anna|[spread] \n|-activate|p1a: Anna|move: Protect\n|-activate|p1b: Garchomp|move: Protect\n|-immune|p2a: Sneasler\n|\n|upkeep\n|turn|2\n|\n|t:|1730755972\n|move|p1a: Anna|Tailwind|p1a: Anna\n|-sidestart|p1: Allhailhippo|move: Tailwind\n|move|p1b: Garchomp|Dragon Claw|p2b: Mamoswine\n|-damage|p2b: Mamoswine|58\/100\n|-damage|p1b: Garchomp|91\/100|[from] item: Life Orb\n|move|p2a: Sneasler|Dire Claw|p1a: Anna\n|-supereffective|p1a: Anna\n|-damage|p1a: Anna|0 fnt\n|faint|p1a: Anna\n|move|p2b: Mamoswine|Earthquake|p1b: Garchomp|[spread] p1b\n|-immune|p2a: Sneasler\n|-damage|p1b: Garchomp|5\/100\n|-damage|p2b: Mamoswine|48\/100|[from] item: Life Orb\n|\n|upkeep\n|\n|t:|1730755987\n|switch|p1a: Good Things|Tyranitar, L50, M|100\/100\n|-weather|Sandstorm|[from] ability: Sand Stream|[of] p1a: Good Things\n|turn|3\n|j| zach.fisher\n|\n|t:|1730756003\n|-terastallize|p1a: Good Things|Flying\n|move|p1b: Garchomp|Protect|p1b: Garchomp\n|-singleturn|p1b: Garchomp|Protect\n|move|p2b: Mamoswine|Ice Shard|p1a: Good Things\n|-supereffective|p1a: Good Things\n|-damage|p1a: Good Things|24\/100\n|-damage|p2b: Mamoswine|39\/100|[from] item: Life Orb\n|move|p2a: Sneasler|Close Combat|p1a: Good Things\n|-resisted|p1a: Good Things\n|-damage|p1a: Good Things|3\/100\n|-unboost|p2a: Sneasler|def|1\n|-unboost|p2a: Sneasler|spd|1\n|move|p1a: Good Things|Rock Slide|p2b: Mamoswine|[spread] p2a,p2b\n|-supereffective|p2a: Sneasler\n|-enditem|p2a: Sneasler|Focus Sash\n|-damage|p2a: Sneasler|1\/100\n|-damage|p2b: Mamoswine|16\/100\n|\n|-weather|Sandstorm|[upkeep]\n|-damage|p2a: Sneasler|0 fnt|[from] Sandstorm\n|-damage|p1a: Good Things|0 fnt|[from] Sandstorm\n|faint|p2a: Sneasler\n|faint|p1a: Good Things\n|upkeep\n|\n|t:|1730756023\n|switch|p2a: Politoed|Politoed, L50, F|100\/100\n|switch|p1a: Rodent|Houndstone, L50, F|100\/100\n|-weather|RainDance|[from] ability: Drizzle|[of] p2a: Politoed\n|turn|4\n|\n|t:|1730756032\n|move|p1b: Garchomp|Protect||[still]\n|-fail|p1b: Garchomp\n|move|p2b: Mamoswine|Ice Shard|p1b: Garchomp\n|-supereffective|p1b: Garchomp\n|-damage|p1b: Garchomp|0 fnt\n|faint|p1b: Garchomp\n|-damage|p2b: Mamoswine|6\/100|[from] item: Life Orb\n|move|p1a: Rodent|Last Respects|p2b: Mamoswine\n|-damage|p2b: Mamoswine|0 fnt\n|faint|p2b: Mamoswine\n|move|p2a: Politoed|Weather Ball|p1a: Rodent\n|-enditem|p1a: Rodent|Focus Sash\n|-damage|p1a: Rodent|1\/100\n|\n|-weather|RainDance|[upkeep]\n|upkeep\n|\n|t:|1730756042\n|switch|p2b: Kingambit|Kingambit, L50, F|100\/100\n|turn|5\n|\n|t:|1730756048\n|move|p1a: Rodent|Will-O-Wisp|p2b: Kingambit\n|-status|p2b: Kingambit|brn\n|move|p2a: Politoed|Weather Ball|p1a: Rodent\n|-damage|p1a: Rodent|0 fnt\n|faint|p1a: Rodent\n|\n|win|Cocobeloeil3\n|raw|Allhailhippo's rating: 1757 &rarr; <strong>1735<\/strong><br \/>(-22 for losing)\n|raw|Cocobeloeil3's rating: 1715 &rarr; <strong>1737<\/strong><br \/>(+22 for winning)\n|l|\u2606Allhailhippo\n|player|p1|\n|l|\u2606Cocobeloeil3\n|player|p2|\n|l| zach.fisher\n","uploadtime":1730756216,"views":19,"formatid":"gen9vgc2024regh","rating":1735,"private":0,"password":null}