{"id":"gen9vgc2024regh-2237225422","format":"[Gen 9] VGC 2024 Reg H","players":["Cocobeloeil3","caZISA"],"log":"|j|\u2606Cocobeloeil3\n|j|\u2606caZISA\n|t:|1730734808\n|gametype|doubles\n|player|p1|Cocobeloeil3|265|1638\n|player|p2|caZISA|red|1791\n|teamsize|p1|6\n|teamsize|p2|6\n|gen|9\n|tier|[Gen 9] VGC 2024 Reg H\n|rated|\n|rule|Species Clause: Limit one of each Pok\u00e9mon\n|rule|Item Clause: Limit 1 of each item\n|clearpoke\n|poke|p1|Sneasler, L50, F|\n|poke|p1|Dragonite, L50, F|\n|poke|p1|Gholdengo, L50|\n|poke|p1|Politoed, L50, M|\n|poke|p1|Murkrow, L50, F|\n|poke|p1|Mamoswine, L50, F|\n|poke|p2|Amoonguss, L50, M|\n|poke|p2|Incineroar, L50, F|\n|poke|p2|Pelipper, L50, F|\n|poke|p2|Archaludon, L50, M|\n|poke|p2|Ursaluna, L50, F|\n|poke|p2|Gothitelle, L50, M|\n|teampreview|4\n|\n|t:|1730734838\n|start\n|switch|p1a: Dragonite|Dragonite, L50, F|100\/100\n|switch|p1b: Gholdengo|Gholdengo, L50|100\/100\n|switch|p2a: Vanessa|Gothitelle, L50, M|100\/100\n|switch|p2b: Tigre To\u00f1o|Incineroar, L50, F, shiny|100\/100\n|-ability|p2b: Tigre To\u00f1o|Intimidate|boost\n|-fail|p1a: Dragonite|unboost|Attack|[from] ability: Inner Focus|[of] p1a: Dragonite\n|-unboost|p1b: Gholdengo|atk|1\n|turn|1\n|inactive|Battle timer is ON: inactive players will automatically lose when time's up. (requested by caZISA)\n|\n|t:|1730734848\n|-terastallize|p1a: Dragonite|Flying\n|move|p2a: Vanessa|Protect|p2a: Vanessa\n|-singleturn|p2a: Vanessa|Protect\n|move|p1b: Gholdengo|Shadow Ball|p2a: Vanessa\n|-activate|p2a: Vanessa|move: Protect\n|move|p1a: Dragonite|Tera Blast|p2a: Vanessa|[anim] Tera Blast Flying\n|-activate|p2a: Vanessa|move: Protect\n|move|p2b: Tigre To\u00f1o|Knock Off|p1b: Gholdengo\n|-supereffective|p1b: Gholdengo\n|-damage|p1b: Gholdengo|0 fnt\n|-enditem|p1b: Gholdengo|Choice Scarf|[from] move: Knock Off|[of] p2b: Tigre To\u00f1o\n|faint|p1b: Gholdengo\n|\n|upkeep\n|\n|t:|1730734852\n|switch|p1b: Mamoswine|Mamoswine, L50, F|100\/100\n|turn|2\n|\n|t:|1730734859\n|switch|p2b: Nigel|Pelipper, L50, F|100\/100\n|-weather|RainDance|[from] ability: Drizzle|[of] p2b: Nigel\n|-terastallize|p2a: Vanessa|Dark\n|move|p1b: Mamoswine|Earthquake|p2a: Vanessa|[spread] p2a\n|-immune|p1a: Dragonite\n|-immune|p2b: Nigel\n|-damage|p2a: Vanessa|47\/100\n|-damage|p1b: Mamoswine|91\/100|[from] item: Life Orb\n|move|p1a: Dragonite|Tera Blast|p2a: Vanessa|[anim] Tera Blast Flying\n|-damage|p2a: Vanessa|0 fnt\n|faint|p2a: Vanessa\n|\n|-weather|RainDance|[upkeep]\n|upkeep\n|\n|t:|1730734866\n|switch|p2a: Tigre To\u00f1o|Incineroar, L50, F, shiny|100\/100\n|-ability|p2a: Tigre To\u00f1o|Intimidate|boost\n|-fail|p1a: Dragonite|unboost|Attack|[from] ability: Inner Focus|[of] p1a: Dragonite\n|-fail|p1b: Mamoswine|unboost|Attack|[from] ability: Oblivious|[of] p1b: Mamoswine\n|turn|3\n|\n|t:|1730734876\n|move|p2a: Tigre To\u00f1o|Fake Out|p1b: Mamoswine\n|-damage|p1b: Mamoswine|77\/100\n|cant|p1b: Mamoswine|flinch\n|move|p2b: Nigel|Hurricane|p1a: Dragonite\n|-damage|p1a: Dragonite|58\/100\n|move|p1a: Dragonite|Tera Blast|p2b: Nigel|[anim] Tera Blast Flying\n|-damage|p2b: Nigel|25\/100\n|\n|-weather|RainDance|[upkeep]\n|upkeep\n|turn|4\n|\n|t:|1730734895\n|move|p2b: Nigel|Protect|p2b: Nigel\n|-singleturn|p2b: Nigel|Protect\n|move|p1b: Mamoswine|Ice Shard|p2b: Nigel\n|-activate|p2b: Nigel|move: Protect\n|move|p1a: Dragonite|Tera Blast|p2a: Tigre To\u00f1o|[anim] Tera Blast Flying\n|-damage|p2a: Tigre To\u00f1o|53\/100\n|move|p2a: Tigre To\u00f1o|Knock Off|p1b: Mamoswine\n|-damage|p1b: Mamoswine|27\/100\n|-enditem|p1b: Mamoswine|Life Orb|[from] move: Knock Off|[of] p2a: Tigre To\u00f1o\n|\n|-weather|RainDance|[upkeep]\n|upkeep\n|turn|5\n|\n|t:|1730734918\n|move|p1a: Dragonite|Extreme Speed|p2b: Nigel\n|-damage|p2b: Nigel|0 fnt\n|faint|p2b: Nigel\n|move|p1b: Mamoswine|Earthquake|p2a: Tigre To\u00f1o|[spread] p2a\n|-immune|p1a: Dragonite\n|-supereffective|p2a: Tigre To\u00f1o\n|-damage|p2a: Tigre To\u00f1o|0 fnt\n|faint|p2a: Tigre To\u00f1o\n|\n|-weather|RainDance|[upkeep]\n|upkeep\n|-message|caZISA forfeited.\n|\n|win|Cocobeloeil3\n|raw|Cocobeloeil3's rating: 1638 &rarr; <strong>1666<\/strong><br \/>(+28 for winning)\n|raw|caZISA's rating: 1791 &rarr; <strong>1763<\/strong><br \/>(-28 for losing)\n|l|\u2606caZISA\n|player|p2|\n|l|\u2606Cocobeloeil3\n|player|p1|\n","uploadtime":1730735105,"views":17,"formatid":"gen9vgc2024regh","rating":1666,"private":0,"password":null}