{"id":"gen9vgc2024regh-2237888995","format":"[Gen 9] VGC 2024 Reg H","players":["blindfishptsd","maya ayasato"],"log":"|j|\u2606blindfishptsd\n|j|\u2606maya ayasato\n|t:|1730818172\n|gametype|doubles\n|player|p1|blindfishptsd|olympia|1739\n|player|p2|maya ayasato|cynthia|1812\n|teamsize|p1|6\n|teamsize|p2|6\n|gen|9\n|tier|[Gen 9] VGC 2024 Reg H\n|rated|\n|rule|Species Clause: Limit one of each Pok\u00e9mon\n|rule|Item Clause: Limit 1 of each item\n|clearpoke\n|poke|p1|Porygon2, L50|\n|poke|p1|Sneasler, L50, M|\n|poke|p1|Gholdengo, L50|\n|poke|p1|Amoonguss, L50, F|\n|poke|p1|Garchomp, L50, F|\n|poke|p1|Incineroar, L50, F|\n|poke|p2|Gholdengo, L50|\n|poke|p2|Annihilape, L50, M|\n|poke|p2|Maushold, L50|\n|poke|p2|Dondozo, L50, M|\n|poke|p2|Murkrow, L50, F|\n|poke|p2|Tatsugiri, L50, F|\n|teampreview|4\n|inactive|Battle timer is ON: inactive players will automatically lose when time's up. (requested by blindfishptsd)\n|inactive|maya ayasato has 60 seconds left.\n|\n|t:|1730818217\n|start\n|switch|p1a: Incineroar|Incineroar, L50, F|100\/100\n|switch|p1b: Gholdengo|Gholdengo, L50|100\/100\n|switch|p2a: Annihilape|Annihilape, L50, M|100\/100\n|switch|p2b: Gholdengo|Gholdengo, L50|100\/100\n|-ability|p1a: Incineroar|Intimidate|boost\n|-unboost|p2a: Annihilape|atk|1\n|-ability|p2a: Annihilape|Defiant|boost\n|-boost|p2a: Annihilape|atk|2\n|-unboost|p2b: Gholdengo|atk|1\n|turn|1\n|\n|t:|1730818237\n|switch|p1a: Amoonguss|Amoonguss, L50, F|100\/100\n|-terastallize|p1b: Gholdengo|Water\n|move|p2a: Annihilape|Close Combat|p1a: Amoonguss\n|-resisted|p1a: Amoonguss\n|-damage|p1a: Amoonguss|73\/100\n|-unboost|p2a: Annihilape|def|1\n|-unboost|p2a: Annihilape|spd|1\n|move|p2b: Gholdengo|Shadow Ball|p1b: Gholdengo\n|-damage|p1b: Gholdengo|35\/100\n|-unboost|p1b: Gholdengo|spd|1\n|move|p1b: Gholdengo|Shadow Ball|p2b: Gholdengo\n|-supereffective|p2b: Gholdengo\n|-damage|p2b: Gholdengo|0 fnt\n|faint|p2b: Gholdengo\n|-damage|p1b: Gholdengo|25\/100|[from] item: Life Orb\n|\n|upkeep\n|\n|t:|1730818254\n|switch|p2b: Dondozo|Dondozo, L50, M|100\/100\n|turn|2\n|\n|t:|1730818272\n|move|p2b: Dondozo|Protect|p2b: Dondozo\n|-singleturn|p2b: Dondozo|Protect\n|move|p1a: Amoonguss|Rage Powder|p1a: Amoonguss\n|-singleturn|p1a: Amoonguss|move: Rage Powder\n|move|p2a: Annihilape|Final Gambit|p1a: Amoonguss\n|-damage|p1a: Amoonguss|0 fnt\n|faint|p2a: Annihilape\n|faint|p1a: Amoonguss\n|move|p1b: Gholdengo|Shadow Ball|p2b: Dondozo\n|-activate|p2b: Dondozo|move: Protect\n|\n|upkeep\n|\n|t:|1730818284\n|switch|p2a: Tatsugiri|Tatsugiri, L50, F|100\/100\n|switch|p1a: Incineroar|Incineroar, L50, F|100\/100\n|-activate|p2a: Tatsugiri|ability: Commander|[of] p2b: Dondozo\n|-boost|p2b: Dondozo|atk|2\n|-boost|p2b: Dondozo|spa|2\n|-boost|p2b: Dondozo|spe|2\n|-boost|p2b: Dondozo|def|2\n|-boost|p2b: Dondozo|spd|2\n|-ability|p1a: Incineroar|Intimidate|boost\n|-unboost|p2a: Tatsugiri|atk|1\n|-unboost|p2b: Dondozo|atk|1\n|turn|3\n|\n|t:|1730818300\n|switch|p1b: Porygon2|Porygon2, L50|100\/100\n|-ability|p1b: Porygon2|Download|boost\n|-boost|p1b: Porygon2|spa|1\n|-terastallize|p2b: Dondozo|Ghost\n|move|p1a: Incineroar|Fake Out|p2b: Dondozo\n|-immune|p2b: Dondozo\n|move|p2b: Dondozo|Earthquake|p1b: Porygon2|[spread] p1a,p1b\n|-miss|p2b: Dondozo|p2a: Tatsugiri\n|-supereffective|p1a: Incineroar\n|-damage|p1a: Incineroar|25\/100\n|-damage|p1b: Porygon2|72\/100\n|-damage|p2b: Dondozo|91\/100|[from] item: Life Orb\n|\n|upkeep\n|turn|4\n|\n|t:|1730818315\n|move|p2b: Dondozo|Wave Crash|p1b: Porygon2\n|-damage|p1b: Porygon2|4\/100\n|-damage|p2b: Dondozo|72\/100|[from] Recoil\n|-damage|p2b: Dondozo|62\/100|[from] item: Life Orb\n|move|p1a: Incineroar|Knock Off|p2b: Dondozo\n|-supereffective|p2b: Dondozo\n|-damage|p2b: Dondozo|30\/100\n|-enditem|p2b: Dondozo|Life Orb|[from] move: Knock Off|[of] p1a: Incineroar\n|move|p1b: Porygon2|Trick Room|p1b: Porygon2\n|-fieldstart|move: Trick Room|[of] p1b: Porygon2\n|\n|upkeep\n|turn|5\n|\n|t:|1730818326\n|move|p1a: Incineroar|Knock Off|p2b: Dondozo\n|-supereffective|p2b: Dondozo\n|-damage|p2b: Dondozo|8\/100\n|move|p1b: Porygon2|Ice Beam|p2b: Dondozo\n|-damage|p2b: Dondozo|0 fnt\n|faint|p2b: Dondozo\n|\n|upkeep\n|turn|6\n|\n|t:|1730818333\n|move|p1a: Incineroar|Knock Off|p2a: Tatsugiri\n|-damage|p2a: Tatsugiri|25\/100\n|-enditem|p2a: Tatsugiri|Focus Sash|[from] move: Knock Off|[of] p1a: Incineroar\n|move|p1b: Porygon2|Tera Blast|p2a: Tatsugiri\n|-damage|p2a: Tatsugiri|0 fnt\n|faint|p2a: Tatsugiri\n|\n|win|blindfishptsd\n|raw|blindfishptsd's rating: 1739 &rarr; <strong>1763<\/strong><br \/>(+24 for winning)\n|raw|maya ayasato's rating: 1812 &rarr; <strong>1788<\/strong><br \/>(-24 for losing)\n|l|\u2606maya ayasato\n|player|p2|\n|l|\u2606blindfishptsd\n|player|p1|\n","uploadtime":1730818550,"views":26,"formatid":"gen9vgc2024regh","rating":1763,"private":0,"password":null}