{"id":"gen9vgc2024regh-2237234908","format":"[Gen 9] VGC 2024 Reg H","players":["greenlightdmp","ray4gej"],"log":"|j|\u2606greenlightdmp\n|j|\u2606ray4gej\n|t:|1730735751\n|gametype|doubles\n|player|p1|greenlightdmp|266|1701\n|player|p2|ray4gej|169|1759\n|teamsize|p1|6\n|teamsize|p2|6\n|gen|9\n|tier|[Gen 9] VGC 2024 Reg H\n|rated|\n|rule|Species Clause: Limit one of each Pok\u00e9mon\n|rule|Item Clause: Limit 1 of each item\n|clearpoke\n|poke|p1|Sneasler, L50, M|\n|poke|p1|Indeedee-F, L50, F|\n|poke|p1|Murkrow, L50, F|\n|poke|p1|Archaludon, L50, F|\n|poke|p1|Basculegion, L50, M|\n|poke|p1|Volcarona, L50, F|\n|poke|p2|Primarina, L50, M|\n|poke|p2|Tyranitar, L50, M|\n|poke|p2|Whimsicott, L50, F|\n|poke|p2|Gholdengo, L50|\n|poke|p2|Infernape, L50, F|\n|poke|p2|Overqwil, L50, M|\n|teampreview|4\n|j| mpudi\nray4gej has agreed to open team sheets.\n|inactive|Battle timer is ON: inactive players will automatically lose when time's up. (requested by greenlightdmp)\n|\n|t:|1730735863\n|start\n|switch|p1a: VEGETA|Basculegion, L50, M|100\/100\n|switch|p1b: Raf Camora|Murkrow, L50, F|100\/100\n|switch|p2a: Whimsicott|Whimsicott, L50, F|100\/100\n|switch|p2b: Gholdengo|Gholdengo, L50|100\/100\n|turn|1\n|inactive|greenlightdmp has 30 seconds left.\n|inactive|greenlightdmp has 20 seconds left.\n|inactive|greenlightdmp has 15 seconds left.\n|\n|t:|1730735904\n|move|p2a: Whimsicott|Tailwind|p2a: Whimsicott\n|-sidestart|p2: ray4gej|move: Tailwind\n|move|p1b: Raf Camora|Tailwind|p1b: Raf Camora\n|-sidestart|p1: greenlightdmp|move: Tailwind\n|move|p1a: VEGETA|Flip Turn|p2b: Gholdengo\n|-damage|p2b: Gholdengo|55\/100\n|\n|t:|1730735911\n|switch|p1a: Slim Shady|Sneasler, L50, M|100\/100|[from] Flip Turn\n|move|p2b: Gholdengo|Shadow Ball|p1a: Slim Shady\n|-damage|p1a: Slim Shady|20\/100\n|\n|upkeep\n|turn|2\n|\n|t:|1730735945\n|switch|p2b: Primarina|Primarina, L50, M|100\/100\n|move|p1a: Slim Shady|Throat Chop|p2b: Primarina\n|-resisted|p2b: Primarina\n|-damage|p2b: Primarina|86\/100\n|-start|p2b: Primarina|Throat Chop|[silent]\n|move|p2a: Whimsicott|Moonblast|p1a: Slim Shady\n|-damage|p1a: Slim Shady|0 fnt\n|faint|p1a: Slim Shady\n|move|p1b: Raf Camora|Foul Play|p2b: Primarina\n|-resisted|p2b: Primarina\n|-damage|p2b: Primarina|75\/100\n|\n|upkeep\n|\n|t:|1730735956\n|switch|p1a: MACHBACK|Archaludon, L50, F|100\/100\n|turn|3\n|\n|t:|1730735968\n|-terastallize|p2b: Primarina|Dragon\n|move|p2a: Whimsicott|Fake Tears|p1a: MACHBACK\n|-unboost|p1a: MACHBACK|spd|2\n|move|p1b: Raf Camora|Rain Dance|p1b: Raf Camora\n|-weather|RainDance\n|move|p1a: MACHBACK|Electro Shot||[still]\n|-prepare|p1a: MACHBACK|Electro Shot\n|-boost|p1a: MACHBACK|spa|1\n|-anim|p1a: MACHBACK|Electro Shot|p2b: Primarina\n|-resisted|p2b: Primarina\n|-crit|p2b: Primarina\n|-damage|p2b: Primarina|35\/100\n|move|p2b: Primarina|Moonblast|p1a: MACHBACK\n|-damage|p1a: MACHBACK|1\/100\n|-unboost|p1a: MACHBACK|spa|1\n|-ability|p1a: MACHBACK|Stamina|boost\n|-boost|p1a: MACHBACK|def|1\n|-damage|p2b: Primarina|25\/100|[from] item: Life Orb\n|\n|-weather|RainDance|[upkeep]\n|-end|p2b: Primarina|Throat Chop|[silent]\n|upkeep\n|turn|4\n|inactive|greenlightdmp has 30 seconds left.\n|\n|t:|1730735995\n|switch|p1a: VEGETA|Basculegion, L50, M|100\/100\n|move|p2a: Whimsicott|Moonblast|p1a: VEGETA\n|-damage|p1a: VEGETA|69\/100\n|-unboost|p1a: VEGETA|spa|1\n|move|p1b: Raf Camora|Foul Play|p2a: Whimsicott\n|-resisted|p2a: Whimsicott\n|-crit|p2a: Whimsicott\n|-damage|p2a: Whimsicott|83\/100\n|move|p2b: Primarina|Moonblast|p1b: Raf Camora\n|-supereffective|p1b: Raf Camora\n|-damage|p1b: Raf Camora|0 fnt\n|faint|p1b: Raf Camora\n|-damage|p2b: Primarina|15\/100|[from] item: Life Orb\n|\n|-weather|RainDance|[upkeep]\n|-sideend|p1: greenlightdmp|move: Tailwind\n|-sideend|p2: ray4gej|move: Tailwind\n|upkeep\n|\n|t:|1730736002\n|switch|p1b: MACHBACK|Archaludon, L50, F|1\/100\n|turn|5\n|\n|t:|1730736019\n|move|p2a: Whimsicott|Tailwind|p2a: Whimsicott\n|-sidestart|p2: ray4gej|move: Tailwind\n|move|p1a: VEGETA|Last Respects|p2a: Whimsicott\n|-damage|p2a: Whimsicott|0 fnt\n|faint|p2a: Whimsicott\n|move|p2b: Primarina|Moonblast|p1a: VEGETA\n|-damage|p1a: VEGETA|0 fnt\n|faint|p1a: VEGETA\n|-damage|p2b: Primarina|5\/100|[from] item: Life Orb\n|move|p1b: MACHBACK|Flash Cannon|p2b: Primarina\n|-damage|p2b: Primarina|0 fnt\n|faint|p2b: Primarina\n|\n|-weather|RainDance|[upkeep]\n|upkeep\n|\n|t:|1730736028\n|switch|p2a: Gholdengo|Gholdengo, L50|55\/100\n|switch|p2b: Overqwil|Overqwil, L50, M|100\/100\n|-ability|p2b: Overqwil|Intimidate|boost\n|-unboost|p1b: MACHBACK|atk|1\n|turn|6\n|-message|greenlightdmp forfeited.\n|\n|win|ray4gej\n|raw|greenlightdmp's rating: 1701 &rarr; <strong>1684<\/strong><br \/>(-17 for losing)\n|raw|ray4gej's rating: 1759 &rarr; <strong>1776<\/strong><br \/>(+17 for winning)\n|l|\u2606greenlightdmp\n|player|p1|\n|l| mpudi\n","uploadtime":1730736222,"views":18,"formatid":"gen9vgc2024regh","rating":1684,"private":0,"password":null}