{"id":"gen9vgc2024regh-2237871788","format":"[Gen 9] VGC 2024 Reg H","players":["ray4gej","Beccca"],"log":"|j|\u2606ray4gej\n|j|\u2606Beccca\n|t:|1730816350\n|gametype|doubles\n|player|p1|ray4gej|102|1757\n|player|p2|Beccca|2|1676\n|teamsize|p1|6\n|teamsize|p2|6\n|gen|9\n|tier|[Gen 9] VGC 2024 Reg H\n|rated|\n|rule|Species Clause: Limit one of each Pok\u00e9mon\n|rule|Item Clause: Limit 1 of each item\n|clearpoke\n|poke|p1|Dondozo, L50, F|\n|poke|p1|Tatsugiri, L50, F|\n|poke|p1|Rillaboom, L50, F|\n|poke|p1|Sneasler, L50, M|\n|poke|p1|Flamigo, L50, F|\n|poke|p1|Arcanine-Hisui, L50, F|\n|poke|p2|Dondozo, L50, M|\n|poke|p2|Tatsugiri, L50, F|\n|poke|p2|Indeedee, L50, M|\n|poke|p2|Sneasler, L50, F|\n|poke|p2|Typhlosion-Hisui, L50, F|\n|poke|p2|Archaludon, L50, F|\n|teampreview|4\n|\n|t:|1730816427\n|start\n|switch|p1a: Flamigo|Flamigo, L50, F|100\/100\n|switch|p1b: Rillaboom|Rillaboom, L50, F|100\/100\n|switch|p2a: Typhlosion|Typhlosion-Hisui, L50, F|100\/100\n|switch|p2b: Archaludon|Archaludon, L50, F|100\/100\n|-item|p1a: Flamigo|Focus Sash|[from] ability: Frisk|[of] p2a: Typhlosion\n|-item|p1b: Rillaboom|Assault Vest|[from] ability: Frisk|[of] p2a: Typhlosion\n|-fieldstart|move: Grassy Terrain|[from] ability: Grassy Surge|[of] p1b: Rillaboom\n|turn|1\n|\n|t:|1730816469\n|switch|p1a: Tatsugiri|Tatsugiri, L50, F|100\/100\n|switch|p1b: Dondozo|Dondozo, L50, F|100\/100\n|-activate|p1a: Tatsugiri|ability: Commander|[of] p1b: Dondozo\n|-boost|p1b: Dondozo|atk|2\n|-boost|p1b: Dondozo|spa|2\n|-boost|p1b: Dondozo|spe|2\n|-boost|p1b: Dondozo|def|2\n|-boost|p1b: Dondozo|spd|2\n|move|p2a: Typhlosion|Eruption|p1b: Dondozo|[spread] p1b\n|-miss|p2a: Typhlosion|p1a: Tatsugiri\n|-resisted|p1b: Dondozo\n|-damage|p1b: Dondozo|86\/100\n|move|p2b: Archaludon|Dragon Pulse|p1a: Tatsugiri|[miss]\n|-miss|p2b: Archaludon|p1a: Tatsugiri\n|\n|-heal|p1b: Dondozo|92\/100|[from] Grassy Terrain\n|upkeep\n|turn|2\n|\n|t:|1730816500\n|switch|p2a: Tatsugiri|Tatsugiri, L50, F|100\/100\n|switch|p2b: Dondozo|Dondozo, L50, M|100\/100\n|-activate|p2a: Tatsugiri|ability: Commander|[of] p2b: Dondozo\n|-boost|p2b: Dondozo|atk|2\n|-boost|p2b: Dondozo|spa|2\n|-boost|p2b: Dondozo|spe|2\n|-boost|p2b: Dondozo|def|2\n|-boost|p2b: Dondozo|spd|2\n|move|p1b: Dondozo|Protect||[still]\n|-fail|p1b: Dondozo\n|\n|-heal|p1b: Dondozo|98\/100|[from] Grassy Terrain\n|upkeep\n|turn|3\n|\n|t:|1730816516\n|move|p1b: Dondozo|Order Up|p2b: Dondozo\n|-crit|p2b: Dondozo\n|-damage|p2b: Dondozo|77\/100\n|-boost|p1b: Dondozo|atk|1\n|move|p2b: Dondozo|Order Up|p1b: Dondozo\n|-damage|p1b: Dondozo|82\/100\n|-boost|p2b: Dondozo|atk|1\n|\n|-heal|p1b: Dondozo|88\/100|[from] Grassy Terrain\n|-heal|p2b: Dondozo|83\/100|[from] Grassy Terrain\n|-heal|p2b: Dondozo|89\/100|[from] item: Leftovers\n|upkeep\n|turn|4\n|\n|t:|1730816534\n|move|p1b: Dondozo|Order Up|p2b: Dondozo\n|-damage|p2b: Dondozo|74\/100\n|-boost|p1b: Dondozo|atk|1\n|move|p2b: Dondozo|Order Up|p1b: Dondozo\n|-damage|p1b: Dondozo|70\/100\n|-boost|p2b: Dondozo|atk|1\n|\n|-heal|p1b: Dondozo|76\/100|[from] Grassy Terrain\n|-heal|p2b: Dondozo|81\/100|[from] Grassy Terrain\n|-heal|p2b: Dondozo|87\/100|[from] item: Leftovers\n|upkeep\n|turn|5\n|\n|t:|1730816547\n|move|p1b: Dondozo|Order Up|p2b: Dondozo\n|-damage|p2b: Dondozo|73\/100\n|-boost|p1b: Dondozo|atk|1\n|move|p2b: Dondozo|Order Up|p1b: Dondozo\n|-crit|p1b: Dondozo\n|-damage|p1b: Dondozo|50\/100\n|-boost|p2b: Dondozo|atk|1\n|\n|-heal|p1b: Dondozo|56\/100|[from] Grassy Terrain\n|-heal|p2b: Dondozo|79\/100|[from] Grassy Terrain\n|-heal|p2b: Dondozo|85\/100|[from] item: Leftovers\n|-fieldend|move: Grassy Terrain\n|upkeep\n|turn|6\n|\n|t:|1730816561\n|move|p1b: Dondozo|Order Up|p2b: Dondozo\n|-damage|p2b: Dondozo|71\/100\n|-boost|p1b: Dondozo|atk|1\n|move|p2b: Dondozo|Order Up|p1b: Dondozo\n|-damage|p1b: Dondozo|39\/100\n|-boost|p2b: Dondozo|atk|1\n|\n|-heal|p2b: Dondozo|77\/100|[from] item: Leftovers\n|upkeep\n|turn|7\n|\n|t:|1730816573\n|move|p1b: Dondozo|Order Up|p2b: Dondozo\n|-damage|p2b: Dondozo|63\/100\n|-boost|p1b: Dondozo|atk|0\n|move|p2b: Dondozo|Order Up|p1b: Dondozo\n|-damage|p1b: Dondozo|23\/100\n|-boost|p2b: Dondozo|atk|0\n|\n|-heal|p2b: Dondozo|69\/100|[from] item: Leftovers\n|upkeep\n|turn|8\n|\n|t:|1730816584\n|move|p1b: Dondozo|Order Up|p2b: Dondozo\n|-damage|p2b: Dondozo|55\/100\n|-boost|p1b: Dondozo|atk|0\n|move|p2b: Dondozo|Earthquake|p1b: Dondozo|[spread] p1b\n|-miss|p2b: Dondozo|p2a: Tatsugiri\n|-miss|p2b: Dondozo|p1a: Tatsugiri\n|-damage|p1b: Dondozo|7\/100\n|\n|-heal|p2b: Dondozo|61\/100|[from] item: Leftovers\n|upkeep\n|turn|9\n|\n|t:|1730816595\n|move|p2b: Dondozo|Protect|p2b: Dondozo\n|-singleturn|p2b: Dondozo|Protect\n|move|p1b: Dondozo|Order Up|p2b: Dondozo\n|-activate|p2b: Dondozo|move: Protect\n|\n|-heal|p2b: Dondozo|67\/100|[from] item: Leftovers\n|upkeep\n|turn|10\n|\n|t:|1730816610\n|move|p1b: Dondozo|Order Up|p2b: Dondozo\n|-damage|p2b: Dondozo|52\/100\n|-boost|p1b: Dondozo|atk|0\n|move|p2b: Dondozo|Earthquake|p1b: Dondozo|[spread] p1b\n|-miss|p2b: Dondozo|p2a: Tatsugiri\n|-miss|p2b: Dondozo|p1a: Tatsugiri\n|-damage|p1b: Dondozo|0 fnt\n|faint|p1b: Dondozo\n|\n|-heal|p2b: Dondozo|58\/100|[from] item: Leftovers\n|upkeep\n|\n|t:|1730816613\n|switch|p1b: Flamigo|Flamigo, L50, F|100\/100\n|turn|11\n|\n|t:|1730816626\n|move|p2b: Dondozo|Protect|p2b: Dondozo\n|-singleturn|p2b: Dondozo|Protect\n|move|p1a: Tatsugiri|Draco Meteor|p2b: Dondozo\n|-activate|p2b: Dondozo|move: Protect\n|move|p1b: Flamigo|Tailwind|p1b: Flamigo\n|-sidestart|p1: ray4gej|move: Tailwind\n|\n|-heal|p2b: Dondozo|65\/100|[from] item: Leftovers\n|upkeep\n|turn|12\n|\n|t:|1730816648\n|move|p1a: Tatsugiri|Draco Meteor|p2b: Dondozo\n|-damage|p2b: Dondozo|26\/100\n|-unboost|p1a: Tatsugiri|spa|2\n|move|p1b: Flamigo|Close Combat|p2b: Dondozo\n|-damage|p2b: Dondozo|5\/100\n|-unboost|p1b: Flamigo|def|1\n|-unboost|p1b: Flamigo|spd|1\n|move|p2b: Dondozo|Order Up|p1a: Tatsugiri\n|-supereffective|p1a: Tatsugiri\n|-damage|p1a: Tatsugiri|0 fnt\n|faint|p1a: Tatsugiri\n|-boost|p2b: Dondozo|atk|0\n|\n|-heal|p2b: Dondozo|11\/100|[from] item: Leftovers\n|upkeep\n|\n|t:|1730816655\n|switch|p1a: Rillaboom|Rillaboom, L50, F|100\/100\n|-fieldstart|move: Grassy Terrain|[from] ability: Grassy Surge|[of] p1a: Rillaboom\n|turn|13\n|\n|t:|1730816675\n|move|p2b: Dondozo|Protect|p2b: Dondozo\n|-singleturn|p2b: Dondozo|Protect\n|move|p1b: Flamigo|Close Combat|p2b: Dondozo\n|-activate|p2b: Dondozo|move: Protect\n|move|p1a: Rillaboom|Wood Hammer|p2b: Dondozo\n|-activate|p2b: Dondozo|move: Protect\n|\n|-heal|p2b: Dondozo|17\/100|[from] Grassy Terrain\n|-heal|p2b: Dondozo|24\/100|[from] item: Leftovers\n|upkeep\n|turn|14\n|\n|t:|1730816691\n|move|p1b: Flamigo|Protect|p1b: Flamigo\n|-singleturn|p1b: Flamigo|Protect\n|move|p1a: Rillaboom|Wood Hammer|p2b: Dondozo\n|-supereffective|p2b: Dondozo\n|-crit|p2b: Dondozo\n|-damage|p2b: Dondozo|0 fnt\n|faint|p2b: Dondozo\n|-damage|p1a: Rillaboom|92\/100|[from] Recoil\n|\n|-heal|p1a: Rillaboom|98\/100|[from] Grassy Terrain\n|-sideend|p1: ray4gej|move: Tailwind\n|upkeep\n|\n|t:|1730816703\n|switch|p2b: Typhlosion|Typhlosion-Hisui, L50, F|100\/100\n|-item|p1a: Rillaboom|Assault Vest|[from] ability: Frisk|[of] p2b: Typhlosion\n|-item|p1b: Flamigo|Focus Sash|[from] ability: Frisk|[of] p2b: Typhlosion\n|turn|15\n|\n|t:|1730816724\n|-terastallize|p2b: Typhlosion|Fire\n|-terastallize|p1a: Rillaboom|Stellar\n|move|p1a: Rillaboom|Grassy Glide|p2b: Typhlosion\n|-resisted|p2b: Typhlosion\n|-damage|p2b: Typhlosion|62\/100\n|move|p2b: Typhlosion|Eruption|p1a: Rillaboom|[spread] p1a,p1b\n|-supereffective|p1a: Rillaboom\n|-damage|p1a: Rillaboom|25\/100\n|-enditem|p1b: Flamigo|Focus Sash\n|-damage|p1b: Flamigo|1\/100\n|move|p1b: Flamigo|Close Combat|p2b: Typhlosion\n|-damage|p2b: Typhlosion|0 fnt\n|-unboost|p1b: Flamigo|def|1\n|-unboost|p1b: Flamigo|spd|1\n|faint|p2b: Typhlosion\n|move|p2a: Tatsugiri|Draco Meteor|p1a: Rillaboom\n|-damage|p1a: Rillaboom|0 fnt\n|-unboost|p2a: Tatsugiri|spa|2\n|faint|p1a: Rillaboom\n|\n|upkeep\n|\n|t:|1730816746\n|switch|p2b: Archaludon|Archaludon, L50, F|100\/100\n|turn|16\n|\n|t:|1730816751\n|move|p1b: Flamigo|Close Combat|p2a: Tatsugiri\n|-damage|p2a: Tatsugiri|0 fnt\n|-unboost|p1b: Flamigo|def|1\n|-unboost|p1b: Flamigo|spd|1\n|faint|p2a: Tatsugiri\n|move|p2b: Archaludon|Dragon Pulse|p1b: Flamigo\n|-damage|p1b: Flamigo|0 fnt\n|faint|p1b: Flamigo\n|\n|win|Beccca\n|raw|ray4gej's rating: 1757 &rarr; <strong>1732<\/strong><br \/>(-25 for losing)\n|raw|Beccca's rating: 1676 &rarr; <strong>1701<\/strong><br \/>(+25 for winning)\n|l|\u2606ray4gej\n|player|p1|\n|l|\u2606Beccca\n|player|p2|\n","uploadtime":1730816911,"views":16,"formatid":"gen9vgc2024regh","rating":1701,"private":0,"password":null}