{"id":"gen9vgc2024regh-2237101973","format":"[Gen 9] VGC 2024 Reg H","players":["iceeciiceeci","roykeenkennedy"],"log":"|j|\u2606iceeciiceeci\n|j|\u2606roykeenkennedy\n|t:|1730720083\n|gametype|doubles\n|player|p1|iceeciiceeci|265|1657\n|player|p2|roykeenkennedy|alder|1755\n|teamsize|p1|6\n|teamsize|p2|6\n|gen|9\n|tier|[Gen 9] VGC 2024 Reg H\n|rated|\n|rule|Species Clause: Limit one of each Pok\u00e9mon\n|rule|Item Clause: Limit 1 of each item\n|clearpoke\n|poke|p1|Hatterene, L50, F|\n|poke|p1|Ursaluna, L50, F|\n|poke|p1|Indeedee-F, L50, F|\n|poke|p1|Torkoal, L50, M|\n|poke|p1|Exeggutor, L50, M|\n|poke|p1|Gallade, L50, M|\n|poke|p2|Salamence, L50, M|\n|poke|p2|Incineroar, L50, F|\n|poke|p2|Weezing, L50, F|\n|poke|p2|Dragapult, L50, M|\n|poke|p2|Ursaluna-Bloodmoon, L50, M|\n|poke|p2|Volcarona, L50, F|\n|teampreview|4\n|\n|t:|1730720118\n|start\n|switch|p1a: Exeggutor|Exeggutor, L50, M|100\/100\n|switch|p1b: Gallade|Gallade, L50, M|100\/100\n|switch|p2a: Weezing|Weezing, L50, F|100\/100\n|switch|p2b: Incineroar|Incineroar, L50, F|100\/100\n|-ability|p2a: Weezing|Neutralizing Gas\n|-block|p2b: Incineroar|item: Ability Shield\n|-ability|p2b: Incineroar|Intimidate|boost\n|-unboost|p1a: Exeggutor|atk|1\n|-fail|p1b: Gallade|unboost|[from] item: Clear Amulet|[of] p1b: Gallade\n|turn|1\n|\n|t:|1730720135\n|-terastallize|p1a: Exeggutor|Psychic\n|-terastallize|p2a: Weezing|Ghost\n|move|p2b: Incineroar|Fake Out|p1a: Exeggutor\n|-damage|p1a: Exeggutor|87\/100\n|cant|p1a: Exeggutor|flinch\n|move|p2a: Weezing|Taunt|p1b: Gallade\n|-start|p1b: Gallade|move: Taunt\n|move|p1b: Gallade|Sacred Sword|p2b: Incineroar\n|-supereffective|p2b: Incineroar\n|-damage|p2b: Incineroar|5\/100\n|\n|upkeep\n|turn|2\n|\n|t:|1730720168\n|move|p1a: Exeggutor|Sleep Powder|p2b: Incineroar\n|-status|p2b: Incineroar|slp|[from] move: Sleep Powder\n|move|p2a: Weezing|Taunt|p1a: Exeggutor\n|-start|p1a: Exeggutor|move: Taunt\n|cant|p2b: Incineroar|slp\n|move|p1b: Gallade|Night Slash|p2a: Weezing\n|-supereffective|p2a: Weezing\n|-damage|p2a: Weezing|52\/100\n|\n|-heal|p2a: Weezing|58\/100|[from] item: Leftovers\n|upkeep\n|turn|3\n|\n|t:|1730720185\n|move|p2a: Weezing|Protect|p2a: Weezing\n|-singleturn|p2a: Weezing|Protect\n|move|p1a: Exeggutor|Expanding Force|p2a: Weezing\n|-activate|p2a: Weezing|move: Protect\n|-curestatus|p2b: Incineroar|slp|[msg]\n|move|p2b: Incineroar|Knock Off|p1a: Exeggutor\n|-supereffective|p1a: Exeggutor\n|-damage|p1a: Exeggutor|2\/100\n|-enditem|p1a: Exeggutor|Focus Sash|[from] move: Knock Off|[of] p2b: Incineroar\n|move|p1b: Gallade|Night Slash|p2a: Weezing\n|-activate|p2a: Weezing|move: Protect\n|\n|-heal|p2a: Weezing|64\/100|[from] item: Leftovers\n|-end|p1b: Gallade|move: Taunt\n|upkeep\n|turn|4\n|\n|t:|1730720228\n|move|p1a: Exeggutor|Expanding Force|p2a: Weezing\n|-damage|p2a: Weezing|0 fnt\n|faint|p2a: Weezing\n|-end|p2a: Weezing|ability: Neutralizing Gas\n|move|p2b: Incineroar|Knock Off|p1a: Exeggutor\n|-supereffective|p1a: Exeggutor\n|-damage|p1a: Exeggutor|0 fnt\n|faint|p1a: Exeggutor\n|move|p1b: Gallade|Night Slash|p2b: Incineroar\n|-resisted|p2b: Incineroar\n|-damage|p2b: Incineroar|0 fnt\n|faint|p2b: Incineroar\n|\n|upkeep\n|\n|t:|1730720241\n|switch|p1a: Indeedee|Indeedee-F, L50, F|100\/100\n|switch|p2a: Volcarona|Volcarona, L50, F|100\/100\n|switch|p2b: Ursaluna|Ursaluna-Bloodmoon, L50, M|100\/100\n|-fieldstart|move: Psychic Terrain|[from] ability: Psychic Surge|[of] p1a: Indeedee\n|turn|5\n|\n|t:|1730720261\n|move|p2a: Volcarona|Fiery Dance|p1b: Gallade\n|-damage|p1b: Gallade|66\/100\n|-boost|p2a: Volcarona|spa|1\n|move|p2b: Ursaluna|Blood Moon|p1b: Gallade\n|-damage|p1b: Gallade|0 fnt\n|faint|p1b: Gallade\n|move|p1a: Indeedee|Trick Room|p1a: Indeedee\n|-fieldstart|move: Trick Room|[of] p1a: Indeedee\n|\n|upkeep\n|\n|t:|1730720269\n|switch|p1b: Hatterene|Hatterene, L50, F|100\/100\n|turn|6\n|\n|t:|1730720283\n|move|p1a: Indeedee|Helping Hand|p1b: Hatterene\n|-singleturn|p1b: Hatterene|Helping Hand|[of] p1a: Indeedee\n|move|p1b: Hatterene|Expanding Force|p2a: Volcarona|[spread] p2a,p2b\n|-damage|p2a: Volcarona|0 fnt\n|-damage|p2b: Ursaluna|0 fnt\n|faint|p2a: Volcarona\n|faint|p2b: Ursaluna\n|-damage|p1b: Hatterene|91\/100|[from] item: Life Orb\n|\n|win|iceeciiceeci\n|raw|iceeciiceeci's rating: 1657 &rarr; <strong>1682<\/strong><br \/>(+25 for winning)\n|raw|roykeenkennedy's rating: 1755 &rarr; <strong>1730<\/strong><br \/>(-25 for losing)\n|l|\u2606roykeenkennedy\n|player|p2|\n","uploadtime":1730720512,"views":17,"formatid":"gen9vgc2024regh","rating":1682,"private":0,"password":null}