{"id":"gen9vgc2024regh-2237946672","format":"[Gen 9] VGC 2024 Reg H","players":["Alucard5656","Breshnek"],"log":"|j|\u2606Alucard5656\n|j|\u2606Breshnek\n|t:|1730823919\n|gametype|doubles\n|player|p1|Alucard5656|266|1637\n|player|p2|Breshnek|2|1744\n|teamsize|p1|6\n|teamsize|p2|6\n|gen|9\n|tier|[Gen 9] VGC 2024 Reg H\n|rated|\n|rule|Species Clause: Limit one of each Pok\u00e9mon\n|rule|Item Clause: Limit 1 of each item\n|clearpoke\n|poke|p1|Kingdra, L50, F|\n|poke|p1|Politoed, L50, F|\n|poke|p1|Pelipper, L50, F|\n|poke|p1|Archaludon, L50, F|\n|poke|p1|Amoonguss, L50, M|\n|poke|p1|Incineroar, L50, M|\n|poke|p2|Sneasler, L50, M|\n|poke|p2|Indeedee-F, L50, F|\n|poke|p2|Delphox, L50, M|\n|poke|p2|Excadrill, L50, M|\n|poke|p2|Tyranitar, L50, M|\n|poke|p2|Drifblim, L50, M|\n|teampreview|4\n|inactive|Battle timer is ON: inactive players will automatically lose when time's up. (requested by Alucard5656)\n|inactive|Breshnek has 60 seconds left.\n|\n|t:|1730823961\n|start\n|switch|p1a: Pelipper|Pelipper, L50, F|100\/100\n|switch|p1b: Incineroar|Incineroar, L50, M|100\/100\n|switch|p2a: Sneasler|Sneasler, L50, M|100\/100\n|switch|p2b: Excadrill|Excadrill, L50, M|100\/100\n|-weather|RainDance|[from] ability: Drizzle|[of] p1a: Pelipper\n|-ability|p1b: Incineroar|Intimidate|boost\n|-unboost|p2a: Sneasler|atk|1\n|-unboost|p2b: Excadrill|atk|1\n|-enditem|p2a: Sneasler|White Herb\n|-clearnegativeboost|p2a: Sneasler|[silent]\n|turn|1\n|j| mr pogostick\n|\n|t:|1730823986\n|switch|p2b: Indeedee|Indeedee-F, L50, F|100\/100\n|-fieldstart|move: Psychic Terrain|[from] ability: Psychic Surge|[of] p2b: Indeedee\n|-terastallize|p1b: Incineroar|Ghost\n|move|p2a: Sneasler|Close Combat|p1b: Incineroar\n|-immune|p1b: Incineroar\n|move|p1a: Pelipper|Tailwind|p1a: Pelipper\n|-sidestart|p1: Alucard5656|move: Tailwind\n|move|p1b: Incineroar|Knock Off|p2b: Indeedee\n|-supereffective|p2b: Indeedee\n|-damage|p2b: Indeedee|23\/100\n|-enditem|p2b: Indeedee|Safety Goggles|[from] move: Knock Off|[of] p1b: Incineroar\n|\n|-weather|RainDance|[upkeep]\n|upkeep\n|turn|2\n|j| prstomu4\n|inactive|Breshnek has 30 seconds left.\n|inactive|Breshnek has 20 seconds left.\n|inactive|Breshnek has 15 seconds left.\n|\n|t:|1730824026\n|move|p2b: Indeedee|Follow Me|p2b: Indeedee\n|-singleturn|p2b: Indeedee|move: Follow Me\n|move|p2a: Sneasler|Dire Claw|p1a: Pelipper\n|-damage|p1a: Pelipper|48\/100\n|-status|p1a: Pelipper|par\n|move|p1b: Incineroar|Parting Shot|p2b: Indeedee\n|-unboost|p2b: Indeedee|atk|1\n|-unboost|p2b: Indeedee|spa|1\n|\n|t:|1730824036\n|switch|p1b: Amoonguss|Amoonguss, L50, M|100\/100|[from] Parting Shot\n|move|p1a: Pelipper|Hurricane|p2b: Indeedee\n|-crit|p2b: Indeedee\n|-damage|p2b: Indeedee|0 fnt\n|faint|p2b: Indeedee\n|\n|-weather|RainDance|[upkeep]\n|upkeep\n|\n|t:|1730824045\n|switch|p2b: Tyranitar|Tyranitar, L50, M|100\/100\n|-weather|Sandstorm|[from] ability: Sand Stream|[of] p2b: Tyranitar\n|turn|3\n|\n|t:|1730824057\n|switch|p1a: Incineroar|Incineroar, L50, M, tera:Ghost|100\/100\n|-ability|p1a: Incineroar|Intimidate|boost\n|-unboost|p2a: Sneasler|atk|1\n|-unboost|p2b: Tyranitar|atk|1\n|-terastallize|p2b: Tyranitar|Flying\n|move|p1b: Amoonguss|Protect|p1b: Amoonguss\n|-singleturn|p1b: Amoonguss|Protect\n|move|p2a: Sneasler|Dire Claw|p1a: Incineroar\n|-resisted|p1a: Incineroar\n|-damage|p1a: Incineroar|88\/100\n|move|p2b: Tyranitar|Tera Blast|p1b: Amoonguss|[anim] Tera Blast Flying\n|-activate|p1b: Amoonguss|move: Protect\n|\n|-weather|Sandstorm|[upkeep]\n|-damage|p2a: Sneasler|95\/100|[from] Sandstorm\n|-damage|p2b: Tyranitar|95\/100|[from] Sandstorm\n|-damage|p1b: Amoonguss|95\/100|[from] Sandstorm\n|upkeep\n|turn|4\n|l| prstomu4\n|j| prstomu4\n|inactive|Alucard5656 has 30 seconds left.\n|\n|t:|1730824087\n|switch|p1a: Pelipper|Pelipper, L50, F|48\/100 par\n|-weather|RainDance|[from] ability: Drizzle|[of] p1a: Pelipper\n|move|p2a: Sneasler|Coaching|p2b: Tyranitar\n|-boost|p2b: Tyranitar|atk|1\n|-boost|p2b: Tyranitar|def|1\n|move|p2b: Tyranitar|Tera Blast|p1b: Amoonguss|[anim] Tera Blast Flying\n|-supereffective|p1b: Amoonguss\n|-damage|p1b: Amoonguss|18\/100\n|-enditem|p1b: Amoonguss|Sitrus Berry|[eat]\n|-heal|p1b: Amoonguss|43\/100|[from] item: Sitrus Berry\n|move|p1b: Amoonguss|Spore|p2a: Sneasler\n|-status|p2a: Sneasler|slp|[from] move: Spore\n|\n|-weather|RainDance|[upkeep]\n|-sideend|p1: Alucard5656|move: Tailwind\n|upkeep\n|turn|5\n|\n|t:|1730824108\n|switch|p2a: Excadrill|Excadrill, L50, M|100\/100\n|switch|p1b: Incineroar|Incineroar, L50, M, tera:Ghost|88\/100\n|-ability|p1b: Incineroar|Intimidate|boost\n|-unboost|p2a: Excadrill|atk|1\n|-unboost|p2b: Tyranitar|atk|1\n|move|p2b: Tyranitar|Rock Slide|p1a: Pelipper|[spread] p1a,p1b\n|-supereffective|p1a: Pelipper\n|-damage|p1a: Pelipper|0 fnt\n|-damage|p1b: Incineroar|70\/100\n|faint|p1a: Pelipper\n|\n|-weather|RainDance|[upkeep]\n|-fieldend|move: Psychic Terrain\n|upkeep\n|\n|t:|1730824122\n|switch|p1a: Kingdra|Kingdra, L50, F|100\/100\n|turn|6\n|\n|t:|1730824144\n|switch|p2b: Sneasler|Sneasler, L50, M|95\/100 slp\n|move|p1b: Incineroar|Helping Hand|p1a: Kingdra\n|-singleturn|p1a: Kingdra|Helping Hand|[of] p1b: Incineroar\n|move|p2a: Excadrill|Protect|p2a: Excadrill\n|-singleturn|p2a: Excadrill|Protect\n|move|p1a: Kingdra|Muddy Water|p2a: Excadrill|[spread] p2b\n|-activate|p2a: Excadrill|move: Protect\n|-damage|p2b: Sneasler|0 fnt\n|faint|p2b: Sneasler\n|-damage|p1a: Kingdra|91\/100|[from] item: Life Orb\n|\n|-weather|RainDance|[upkeep]\n|upkeep\n|\n|t:|1730824159\n|switch|p2b: Tyranitar|Tyranitar, L50, M, tera:Flying|95\/100\n|-weather|Sandstorm|[from] ability: Sand Stream|[of] p2b: Tyranitar\n|turn|7\n|\n|t:|1730824168\n|switch|p1b: Amoonguss|Amoonguss, L50, M|76\/100\n|move|p1a: Kingdra|Protect|p1a: Kingdra\n|-singleturn|p1a: Kingdra|Protect\n|move|p2a: Excadrill|Earthquake|p1a: Kingdra|[spread] p1b\n|-activate|p1a: Kingdra|move: Protect\n|-immune|p2b: Tyranitar\n|-damage|p1b: Amoonguss|52\/100\n|move|p2b: Tyranitar|Rock Slide|p1b: Amoonguss|[spread] p1b\n|-activate|p1a: Kingdra|move: Protect\n|-damage|p1b: Amoonguss|24\/100\n|\n|-weather|Sandstorm|[upkeep]\n|-damage|p1a: Kingdra|85\/100|[from] Sandstorm\n|-damage|p2b: Tyranitar|89\/100|[from] Sandstorm\n|-damage|p1b: Amoonguss|19\/100|[from] Sandstorm\n|upkeep\n|turn|8\n|\n|t:|1730824191\n|switch|p1b: Incineroar|Incineroar, L50, M, tera:Ghost|70\/100\n|-ability|p1b: Incineroar|Intimidate|boost\n|-unboost|p2a: Excadrill|atk|1\n|-unboost|p2b: Tyranitar|atk|1\n|move|p2a: Excadrill|Earthquake|p1b: Incineroar|[spread] p1a,p1b\n|-immune|p2b: Tyranitar\n|-damage|p1a: Kingdra|62\/100\n|-damage|p1b: Incineroar|50\/100\n|move|p1a: Kingdra|Muddy Water|p2a: Excadrill|[spread] p2b\n|-miss|p1a: Kingdra|p2a: Excadrill\n|-crit|p2b: Tyranitar\n|-damage|p2b: Tyranitar|53\/100\n|-unboost|p2b: Tyranitar|accuracy|1\n|-damage|p1a: Kingdra|53\/100|[from] item: Life Orb\n|move|p2b: Tyranitar|Knock Off|p1a: Kingdra\n|-damage|p1a: Kingdra|13\/100\n|-enditem|p1a: Kingdra|Life Orb|[from] move: Knock Off|[of] p2b: Tyranitar\n|\n|-weather|Sandstorm|[upkeep]\n|-damage|p1a: Kingdra|7\/100|[from] Sandstorm\n|-damage|p2b: Tyranitar|47\/100|[from] Sandstorm\n|upkeep\n|turn|9\n|inactive|Alucard5656 has 30 seconds left.\n|inactive|Breshnek has 30 seconds left.\n|\n|t:|1730824219\n|switch|p1b: Amoonguss|Amoonguss, L50, M|52\/100\n|move|p2a: Excadrill|Protect|p2a: Excadrill\n|-singleturn|p2a: Excadrill|Protect\n|move|p1a: Kingdra|Draco Meteor|p2b: Tyranitar\n|-crit|p2b: Tyranitar\n|-damage|p2b: Tyranitar|0 fnt\n|-unboost|p1a: Kingdra|spa|2\n|faint|p2b: Tyranitar\n|\n|-weather|Sandstorm|[upkeep]\n|-damage|p1a: Kingdra|1\/100|[from] Sandstorm\n|-damage|p1b: Amoonguss|46\/100|[from] Sandstorm\n|upkeep\n|turn|10\n|\n|t:|1730824235\n|switch|p1a: Incineroar|Incineroar, L50, M, tera:Ghost|50\/100\n|-ability|p1a: Incineroar|Intimidate|boost\n|-unboost|p2a: Excadrill|atk|1\n|move|p2a: Excadrill|Earthquake|p1a: Incineroar|[spread] p1a,p1b\n|-damage|p1a: Incineroar|34\/100\n|-damage|p1b: Amoonguss|32\/100\n|move|p1b: Amoonguss|Pollen Puff|p1a: Incineroar\n|-heal|p1a: Incineroar|84\/100\n|\n|-weather|Sandstorm|[upkeep]\n|-damage|p1b: Amoonguss|26\/100|[from] Sandstorm\n|upkeep\n|turn|11\n|\n|t:|1730824251\n|move|p2a: Excadrill|Earthquake|p1b: Amoonguss|[spread] p1a,p1b\n|-damage|p1a: Incineroar|70\/100\n|-damage|p1b: Amoonguss|14\/100\n|move|p1a: Incineroar|Parting Shot|p2a: Excadrill\n|-unboost|p2a: Excadrill|atk|1\n|-unboost|p2a: Excadrill|spa|1\n|\n|t:|1730824257\n|switch|p1a: Kingdra|Kingdra, L50, F|1\/100|[from] Parting Shot\n|move|p1b: Amoonguss|Spore|p2a: Excadrill\n|-status|p2a: Excadrill|slp|[from] move: Spore\n|\n|-weather|none\n|upkeep\n|turn|12\n|\n|t:|1730824270\n|switch|p1b: Incineroar|Incineroar, L50, M, tera:Ghost|70\/100\n|-ability|p1b: Incineroar|Intimidate|boost\n|-unboost|p2a: Excadrill|atk|1\n|cant|p2a: Excadrill|slp\n|move|p1a: Kingdra|Muddy Water|p2a: Excadrill|[miss]\n|-miss|p1a: Kingdra|p2a: Excadrill\n|\n|upkeep\n|turn|13\n|l| prstomu4\n|\n|t:|1730824288\n|switch|p1a: Amoonguss|Amoonguss, L50, M|47\/100\n|cant|p2a: Excadrill|slp\n|move|p1b: Incineroar|Parting Shot|p2a: Excadrill\n|-unboost|p2a: Excadrill|atk|1\n|-unboost|p2a: Excadrill|spa|1\n|\n|t:|1730824295\n|switch|p1b: Kingdra|Kingdra, L50, F|1\/100|[from] Parting Shot\n|\n|upkeep\n|turn|14\n|c|\u2606Breshnek|Just kill me\n|\n|t:|1730824302\n|move|p1b: Kingdra|Protect|p1b: Kingdra\n|-singleturn|p1b: Kingdra|Protect\n|-curestatus|p2a: Excadrill|slp|[msg]\n|move|p2a: Excadrill|Earthquake|p1a: Amoonguss|[spread] p1a\n|-activate|p1b: Kingdra|move: Protect\n|-damage|p1a: Amoonguss|38\/100\n|move|p1a: Amoonguss|Spore|p2a: Excadrill\n|-status|p2a: Excadrill|slp|[from] move: Spore\n|\n|upkeep\n|turn|15\n|-message|Breshnek forfeited.\n|\n|win|Alucard5656\n|raw|Alucard5656's rating: 1637 &rarr; <strong>1663<\/strong><br \/>(+26 for winning)\n|raw|Breshnek's rating: 1744 &rarr; <strong>1718<\/strong><br \/>(-26 for losing)\n|l| mr pogostick\n|l|\u2606Alucard5656\n|player|p1|\n|l|\u2606Breshnek\n|player|p2|\n","uploadtime":1730824322,"views":27,"formatid":"gen9vgc2024regh","rating":1663,"private":0,"password":null}