{"id":"gen9vgc2024regh-2237875548","format":"[Gen 9] VGC 2024 Reg H","players":["ray4gej","Breshnek"],"log":"|j|\u2606ray4gej\n|j|\u2606Breshnek\n|t:|1730816762\n|gametype|doubles\n|player|p1|ray4gej|102|1732\n|player|p2|Breshnek|2|1732\n|teamsize|p1|6\n|teamsize|p2|6\n|gen|9\n|tier|[Gen 9] VGC 2024 Reg H\n|rated|\n|rule|Species Clause: Limit one of each Pok\u00e9mon\n|rule|Item Clause: Limit 1 of each item\n|clearpoke\n|poke|p1|Dondozo, L50, F|\n|poke|p1|Tatsugiri, L50, F|\n|poke|p1|Rillaboom, L50, F|\n|poke|p1|Sneasler, L50, M|\n|poke|p1|Flamigo, L50, F|\n|poke|p1|Arcanine-Hisui, L50, M|\n|poke|p2|Sneasler, L50, M|\n|poke|p2|Indeedee-F, L50, F|\n|poke|p2|Delphox, L50, M|\n|poke|p2|Excadrill, L50, F|\n|poke|p2|Tyranitar, L50, M|\n|poke|p2|Drifblim, L50, M|\n|teampreview|4\n|j| ktogmgkls\n|l| ktogmgkls\n|\n|t:|1730816800\n|start\n|switch|p1a: Arcanine|Arcanine-Hisui, L50, M|100\/100\n|switch|p1b: Flamigo|Flamigo, L50, F|100\/100\n|switch|p2a: Sneasler|Sneasler, L50, M|100\/100\n|switch|p2b: Delphox|Delphox, L50, M|100\/100\n|-ability|p1a: Arcanine|Intimidate|boost\n|-unboost|p2a: Sneasler|atk|1\n|-unboost|p2b: Delphox|atk|1\n|-enditem|p2a: Sneasler|White Herb\n|-clearnegativeboost|p2a: Sneasler|[silent]\n|turn|1\n|inactive|Battle timer is ON: inactive players will automatically lose when time's up. (requested by Breshnek)\n|\n|t:|1730816821\n|move|p1b: Flamigo|Protect|p1b: Flamigo\n|-singleturn|p1b: Flamigo|Protect\n|move|p1a: Arcanine|Protect|p1a: Arcanine\n|-singleturn|p1a: Arcanine|Protect\n|move|p2a: Sneasler|Close Combat|p1a: Arcanine\n|-activate|p1a: Arcanine|move: Protect\n|move|p2b: Delphox|Expanding Force|p1b: Flamigo\n|-activate|p1b: Flamigo|move: Protect\n|\n|upkeep\n|turn|2\n|inactive|Breshnek has 30 seconds left.\n|\n|t:|1730816853\n|switch|p2a: Indeedee|Indeedee-F, L50, F|100\/100\n|-fieldstart|move: Psychic Terrain|[from] ability: Psychic Surge|[of] p2a: Indeedee\n|-terastallize|p2b: Delphox|Psychic\n|-terastallize|p1a: Arcanine|Fairy\n|move|p2b: Delphox|Expanding Force|p1a: Arcanine|[spread] p1a,p1b\n|-supereffective|p1b: Flamigo\n|-damage|p1a: Arcanine|9\/100\n|-enditem|p1b: Flamigo|Focus Sash\n|-damage|p1b: Flamigo|1\/100\n|-damage|p2b: Delphox|90\/100|[from] item: Life Orb\n|move|p1b: Flamigo|Tailwind|p1b: Flamigo\n|-sidestart|p1: ray4gej|move: Tailwind\n|move|p1a: Arcanine|Flare Blitz|p2a: Indeedee\n|-damage|p2a: Indeedee|45\/100\n|-damage|p1a: Arcanine|0 fnt|[from] Recoil\n|faint|p1a: Arcanine\n|\n|upkeep\n|\n|t:|1730816860\n|switch|p1a: Rillaboom|Rillaboom, L50, F|100\/100\n|-fieldstart|move: Grassy Terrain|[from] ability: Grassy Surge|[of] p1a: Rillaboom\n|turn|3\n|inactive|Breshnek has 30 seconds left.\n|\n|t:|1730816886\n|move|p2b: Delphox|Protect|p2b: Delphox\n|-singleturn|p2b: Delphox|Protect\n|move|p1a: Rillaboom|Fake Out|p2b: Delphox\n|-activate|p2b: Delphox|move: Protect\n|move|p2a: Indeedee|Follow Me|p2a: Indeedee\n|-singleturn|p2a: Indeedee|move: Follow Me\n|move|p1b: Flamigo|Close Combat|p2a: Indeedee\n|-damage|p2a: Indeedee|0 fnt\n|-unboost|p1b: Flamigo|def|1\n|-unboost|p1b: Flamigo|spd|1\n|faint|p2a: Indeedee\n|\n|-heal|p2b: Delphox|96\/100|[from] Grassy Terrain\n|upkeep\n|\n|t:|1730816905\n|switch|p2a: Sneasler|Sneasler, L50, M|100\/100\n|turn|4\n|\n|t:|1730816916\n|switch|p1b: Dondozo|Dondozo, L50, F|100\/100\n|move|p2a: Sneasler|Fake Out|p1a: Rillaboom\n|-damage|p1a: Rillaboom|88\/100\n|cant|p1a: Rillaboom|flinch\n|move|p2b: Delphox|Heat Wave|p1b: Dondozo|[spread] p1b\n|-miss|p2b: Delphox|p1a: Rillaboom\n|-resisted|p1b: Dondozo\n|-damage|p1b: Dondozo|80\/100\n|-damage|p2b: Delphox|86\/100|[from] item: Life Orb\n|\n|-heal|p1a: Rillaboom|94\/100|[from] Grassy Terrain\n|-heal|p2b: Delphox|92\/100|[from] Grassy Terrain\n|-heal|p1b: Dondozo|86\/100|[from] Grassy Terrain\n|upkeep\n|turn|5\n|\n|t:|1730816936\n|move|p2b: Delphox|Protect|p2b: Delphox\n|-singleturn|p2b: Delphox|Protect\n|move|p1a: Rillaboom|Wood Hammer|p2b: Delphox\n|-activate|p2b: Delphox|move: Protect\n|move|p2a: Sneasler|Dire Claw|p1a: Rillaboom\n|-supereffective|p1a: Rillaboom\n|-damage|p1a: Rillaboom|17\/100\n|-status|p1a: Rillaboom|slp\n|move|p1b: Dondozo|Wave Crash|p2a: Sneasler\n|-damage|p2a: Sneasler|13\/100\n|-damage|p1b: Dondozo|67\/100|[from] Recoil\n|\n|-heal|p1a: Rillaboom|23\/100 slp|[from] Grassy Terrain\n|-heal|p2a: Sneasler|19\/100|[from] Grassy Terrain\n|-heal|p2b: Delphox|98\/100|[from] Grassy Terrain\n|-heal|p1b: Dondozo|73\/100|[from] Grassy Terrain\n|-sideend|p1: ray4gej|move: Tailwind\n|upkeep\n|turn|6\n|inactive|Breshnek has 30 seconds left.\n|\n|t:|1730816961\n|move|p1b: Dondozo|Protect|p1b: Dondozo\n|-singleturn|p1b: Dondozo|Protect\n|cant|p1a: Rillaboom|slp\n|move|p2a: Sneasler|Dire Claw|p1b: Dondozo\n|-activate|p1b: Dondozo|move: Protect\n|move|p2b: Delphox|Heat Wave|p1a: Rillaboom|[spread] \n|-activate|p1b: Dondozo|move: Protect\n|-miss|p2b: Delphox|p1a: Rillaboom\n|\n|-heal|p2a: Sneasler|24\/100|[from] Grassy Terrain\n|-heal|p2b: Delphox|100\/100|[from] Grassy Terrain\n|-heal|p1a: Rillaboom|29\/100 slp|[from] Grassy Terrain\n|-heal|p1b: Dondozo|79\/100|[from] Grassy Terrain\n|upkeep\n|turn|7\n|\n|t:|1730816984\n|-curestatus|p1a: Rillaboom|slp|[msg]\n|move|p1a: Rillaboom|Grassy Glide|p2b: Delphox\n|-damage|p2b: Delphox|38\/100\n|move|p2a: Sneasler|Dire Claw|p1b: Dondozo\n|-damage|p1b: Dondozo|54\/100\n|move|p2b: Delphox|Heat Wave|p1b: Dondozo|[spread] p1a,p1b\n|-supereffective|p1a: Rillaboom\n|-resisted|p1b: Dondozo\n|-damage|p1a: Rillaboom|0 fnt\n|-damage|p1b: Dondozo|33\/100\n|faint|p1a: Rillaboom\n|-damage|p2b: Delphox|28\/100|[from] item: Life Orb\n|move|p1b: Dondozo|Wave Crash|p2b: Delphox\n|-damage|p2b: Delphox|0 fnt\n|faint|p2b: Delphox\n|-damage|p1b: Dondozo|27\/100|[from] Recoil\n|\n|-heal|p2a: Sneasler|30\/100|[from] Grassy Terrain\n|-heal|p1b: Dondozo|33\/100|[from] Grassy Terrain\n|-fieldend|move: Grassy Terrain\n|upkeep\n|\n|t:|1730817007\n|switch|p2b: Drifblim|Drifblim, L50, M|100\/100\n|switch|p1a: Flamigo|Flamigo, L50, F|1\/100\n|turn|8\n|\n|t:|1730817016\n|move|p1a: Flamigo|Protect|p1a: Flamigo\n|-singleturn|p1a: Flamigo|Protect\n|move|p2a: Sneasler|Dire Claw|p1a: Flamigo\n|-activate|p1a: Flamigo|move: Protect\n|move|p2b: Drifblim|Will-O-Wisp|p1b: Dondozo\n|-status|p1b: Dondozo|brn\n|move|p1b: Dondozo|Wave Crash|p2a: Sneasler\n|-damage|p2a: Sneasler|0 fnt\n|faint|p2a: Sneasler\n|-damage|p1b: Dondozo|27\/100 brn|[from] Recoil\n|\n|-damage|p1b: Dondozo|21\/100 brn|[from] brn\n|upkeep\n|turn|9\n|\n|t:|1730817033\n|move|p1a: Flamigo|Dual Wingbeat|p2b: Drifblim\n|-damage|p2b: Drifblim|76\/100\n|-damage|p2b: Drifblim|50\/100\n|-hitcount|p2b: Drifblim|2\n|move|p2b: Drifblim|Acrobatics|p1a: Flamigo\n|-supereffective|p1a: Flamigo\n|-damage|p1a: Flamigo|0 fnt\n|faint|p1a: Flamigo\n|move|p1b: Dondozo|Wave Crash|p2b: Drifblim\n|-damage|p2b: Drifblim|16\/100\n|-damage|p1b: Dondozo|9\/100 brn|[from] Recoil\n|\n|-damage|p1b: Dondozo|3\/100 brn|[from] brn\n|upkeep\n|turn|10\n|\n|t:|1730817048\n|move|p2b: Drifblim|Acrobatics|p1b: Dondozo\n|-damage|p1b: Dondozo|0 fnt\n|faint|p1b: Dondozo\n|\n|win|Breshnek\n|raw|ray4gej's rating: 1732 &rarr; <strong>1712<\/strong><br \/>(-20 for losing)\n|raw|Breshnek's rating: 1732 &rarr; <strong>1752<\/strong><br \/>(+20 for winning)\n|l|\u2606ray4gej\n|player|p1|\n|l|\u2606Breshnek\n|player|p2|\n","uploadtime":1730817184,"views":21,"formatid":"gen9vgc2024regh","rating":1712,"private":0,"password":null}