{"id":"gen9vgc2024regh-2238745880","format":"[Gen 9] VGC 2024 Reg H","players":["Waffles4breakfast","chiitancrazymascot"],"log":"|j|\u2606Waffles4breakfast\n|j|\u2606chiitancrazymascot\n|t:|1730920422\n|gametype|doubles\n|player|p1|Waffles4breakfast|juggler|1797\n|player|p2|chiitancrazymascot|pokemaniac|1751\n|teamsize|p1|6\n|teamsize|p2|6\n|gen|9\n|tier|[Gen 9] VGC 2024 Reg H\n|rated|\n|rule|Species Clause: Limit one of each Pok\u00e9mon\n|rule|Item Clause: Limit 1 of each item\n|clearpoke\n|poke|p1|Archaludon, L50, F|\n|poke|p1|Pelipper, L50, F|\n|poke|p1|Basculegion, L50, M|\n|poke|p1|Amoonguss, L50, F|\n|poke|p1|Gholdengo, L50|\n|poke|p1|Murkrow, L50, M|\n|poke|p2|Annihilape, L50, F|\n|poke|p2|Dondozo, L50, M|\n|poke|p2|Maushold-Four, L50|\n|poke|p2|Gholdengo, L50|\n|poke|p2|Whimsicott, L50, F|\n|poke|p2|Tatsugiri, L50, M|\n|teampreview|4\n|inactive|Battle timer is ON: inactive players will automatically lose when time's up. (requested by chiitancrazymascot)\n|\n|t:|1730920441\n|start\n|switch|p1a: Gholdengo|Gholdengo, L50|100\/100\n|switch|p1b: Murkrow|Murkrow, L50, M|100\/100\n|switch|p2a: Whimsicott|Whimsicott, L50, F, shiny|100\/100\n|switch|p2b: Gholdengo|Gholdengo, L50|100\/100\n|turn|1\n|\n|t:|1730920464\n|-terastallize|p1a: Gholdengo|Steel\n|-terastallize|p2b: Gholdengo|Steel\n|move|p2a: Whimsicott|Tailwind|p2a: Whimsicott\n|-sidestart|p2: chiitancrazymascot|move: Tailwind\n|move|p2b: Gholdengo|Make It Rain|p1a: Gholdengo|[spread] p1a,p1b\n|-resisted|p1a: Gholdengo\n|-damage|p1a: Gholdengo|39\/100\n|-damage|p1b: Murkrow|5\/100\n|-unboost|p2b: Gholdengo|spa|1\n|move|p1a: Gholdengo|Make It Rain|p2a: Whimsicott|[spread] p2a,p2b\n|-supereffective|p2a: Whimsicott\n|-resisted|p2b: Gholdengo\n|-damage|p2a: Whimsicott|0 fnt\n|-damage|p2b: Gholdengo|42\/100\n|-unboost|p1a: Gholdengo|spa|1\n|faint|p2a: Whimsicott\n|move|p1b: Murkrow|Foul Play|p2b: Gholdengo\n|-damage|p2b: Gholdengo|21\/100\n|\n|upkeep\n|\n|t:|1730920474\n|switch|p2a: Tatsugiri|Tatsugiri, L50, M, shiny|100\/100\n|turn|2\n|\n|t:|1730920481\n|move|p1b: Murkrow|Tailwind|p1b: Murkrow\n|-sidestart|p1: Waffles4breakfast|move: Tailwind\n|move|p2a: Tatsugiri|Icy Wind|p1a: Gholdengo|[spread] p1a,p1b\n|-resisted|p1a: Gholdengo\n|-supereffective|p1b: Murkrow\n|-damage|p1a: Gholdengo|31\/100\n|-damage|p1b: Murkrow|0 fnt\n|-unboost|p1a: Gholdengo|spe|1\n|faint|p1b: Murkrow\n|move|p2b: Gholdengo|Make It Rain|p1a: Gholdengo\n|-resisted|p1a: Gholdengo\n|-damage|p1a: Gholdengo|0 fnt\n|-unboost|p2b: Gholdengo|spa|1\n|faint|p1a: Gholdengo\n|\n|upkeep\n|\n|t:|1730920485\n|switch|p1a: Basculegion|Basculegion, L50, M|100\/100\n|switch|p1b: Pelipper|Pelipper, L50, F|100\/100\n|-weather|RainDance|[from] ability: Drizzle|[of] p1b: Pelipper\n|turn|3\n|\n|t:|1730920494\n|switch|p2b: Dondozo|Dondozo, L50, M, shiny|100\/100\n|-activate|p2a: Tatsugiri|ability: Commander|[of] p2b: Dondozo\n|-boost|p2b: Dondozo|atk|2\n|-boost|p2b: Dondozo|spa|2\n|-boost|p2b: Dondozo|spe|2\n|-boost|p2b: Dondozo|def|2\n|-boost|p2b: Dondozo|spd|2\n|move|p1a: Basculegion|Last Respects|p2a: Tatsugiri|[miss]\n|-miss|p1a: Basculegion|p2a: Tatsugiri\n|move|p1b: Pelipper|Hurricane|p2b: Dondozo\n|-damage|p2b: Dondozo|73\/100\n|\n|-weather|RainDance|[upkeep]\n|-heal|p2b: Dondozo|80\/100|[from] item: Leftovers\n|upkeep\n|turn|4\n|\n|t:|1730920504\n|move|p1a: Basculegion|Last Respects|p2b: Dondozo\n|-damage|p2b: Dondozo|42\/100\n|move|p2b: Dondozo|Order Up|p1a: Basculegion\n|-damage|p1a: Basculegion|39\/100\n|-boost|p2b: Dondozo|atk|1\n|move|p1b: Pelipper|Hurricane|p2b: Dondozo\n|-damage|p2b: Dondozo|18\/100\n|\n|-weather|RainDance|[upkeep]\n|-heal|p2b: Dondozo|24\/100|[from] item: Leftovers\n|-sideend|p2: chiitancrazymascot|move: Tailwind\n|upkeep\n|turn|5\n|\n|t:|1730920509\n|move|p2b: Dondozo|Protect|p2b: Dondozo\n|-singleturn|p2b: Dondozo|Protect\n|move|p1a: Basculegion|Last Respects|p2b: Dondozo\n|-activate|p2b: Dondozo|move: Protect\n|move|p1b: Pelipper|Hurricane|p2b: Dondozo\n|-activate|p2b: Dondozo|move: Protect\n|\n|-weather|RainDance|[upkeep]\n|-heal|p2b: Dondozo|31\/100|[from] item: Leftovers\n|-sideend|p1: Waffles4breakfast|move: Tailwind\n|upkeep\n|turn|6\n|\n|t:|1730920520\n|move|p1a: Basculegion|Last Respects|p2b: Dondozo\n|-damage|p2b: Dondozo|0 fnt\n|faint|p2b: Dondozo\n|move|p1b: Pelipper|Hurricane|p2a: Tatsugiri\n|-damage|p2a: Tatsugiri|44\/100\n|\n|-weather|RainDance|[upkeep]\n|upkeep\n|j| jheinzm\n|\n|t:|1730920525\n|switch|p2b: Gholdengo|Gholdengo, L50, tera:Steel|21\/100\n|turn|7\n|\n|t:|1730920529\n|move|p1a: Basculegion|Last Respects|p2b: Gholdengo\n|-damage|p2b: Gholdengo|0 fnt\n|faint|p2b: Gholdengo\n|move|p2a: Tatsugiri|Icy Wind|p1b: Pelipper|[spread] p1a,p1b\n|-resisted|p1a: Basculegion\n|-damage|p1a: Basculegion|31\/100\n|-damage|p1b: Pelipper|77\/100\n|-unboost|p1a: Basculegion|spe|1\n|-unboost|p1b: Pelipper|spe|1\n|move|p1b: Pelipper|Hurricane|p2a: Tatsugiri\n|-crit|p2a: Tatsugiri\n|-damage|p2a: Tatsugiri|0 fnt\n|faint|p2a: Tatsugiri\n|\n|win|Waffles4breakfast\n|raw|Waffles4breakfast's rating: 1797 &rarr; <strong>1814<\/strong><br \/>(+17 for winning)\n|raw|chiitancrazymascot's rating: 1751 &rarr; <strong>1734<\/strong><br \/>(-17 for losing)\n|l|\u2606chiitancrazymascot\n|player|p2|\n|l|\u2606Waffles4breakfast\n|player|p1|\n","uploadtime":1730920531,"views":44,"formatid":"gen9vgc2024regh","rating":1734,"private":0,"password":null}