{"id":"gen9vgc2024regh-2238150861","format":"[Gen 9] VGC 2024 Reg H","players":["post_testing","Perjutsu24"],"log":"|j|\u2606post_testing\n|j|\u2606Perjutsu24\n|t:|1730843630\n|gametype|doubles\n|player|p1|post_testing|169|1702\n|player|p2|Perjutsu24|fisherman-gen4|1685\n|teamsize|p1|6\n|teamsize|p2|6\n|gen|9\n|tier|[Gen 9] VGC 2024 Reg H\n|rated|\n|rule|Species Clause: Limit one of each Pok\u00e9mon\n|rule|Item Clause: Limit 1 of each item\n|clearpoke\n|poke|p1|Archaludon, L50, F|\n|poke|p1|Murkrow, L50, M|\n|poke|p1|Indeedee, L50, M|\n|poke|p1|Sneasler, L50, F|\n|poke|p1|Delphox, L50, M|\n|poke|p1|Dragapult, L50, M|\n|poke|p2|Pelipper, L50, M|\n|poke|p2|Rillaboom, L50, M|\n|poke|p2|Kingambit, L50, F|\n|poke|p2|Sneasler, L50, M|\n|poke|p2|Amoonguss, L50, F|\n|poke|p2|Spiritomb, L50, F|\n|teampreview|4\n|inactive|Battle timer is ON: inactive players will automatically lose when time's up. (requested by post_testing)\n|inactive|Perjutsu24 has 60 seconds left.\n|\n|t:|1730843690\n|start\n|switch|p1a: Delphox|Delphox, L50, M|100\/100\n|switch|p1b: Indeedee|Indeedee, L50, M|100\/100\n|switch|p2a: Spiritomb|Spiritomb, L50, F|100\/100\n|switch|p2b: Sneasler|Sneasler, L50, M|100\/100\n|-fieldstart|move: Psychic Terrain|[from] ability: Psychic Surge|[of] p1b: Indeedee\n|turn|1\n|\n|t:|1730843711\n|-terastallize|p1a: Delphox|Fighting\n|move|p2b: Sneasler|Protect|p2b: Sneasler\n|-singleturn|p2b: Sneasler|Protect\n|move|p1a: Delphox|Heat Wave|p2b: Sneasler|[spread] p2a\n|-activate|p2b: Sneasler|move: Protect\n|-damage|p2a: Spiritomb|57\/100\n|-damage|p1a: Delphox|90\/100|[from] item: Life Orb\n|move|p1b: Indeedee|Imprison|p1b: Indeedee\n|-start|p1b: Indeedee|move: Imprison\n|move|p2a: Spiritomb|Snarl|p1b: Indeedee|[spread] p1a,p1b\n|-resisted|p1a: Delphox\n|-supereffective|p1b: Indeedee\n|-damage|p1a: Delphox|80\/100\n|-damage|p1b: Indeedee|55\/100\n|-unboost|p1a: Delphox|spa|1\n|-unboost|p1b: Indeedee|spa|1\n|\n|upkeep\n|turn|2\n|inactive|Perjutsu24 has 30 seconds left.\n|\n|t:|1730843736\n|switch|p1b: Sneasler|Sneasler, L50, F|100\/100\n|-enditem|p1b: Sneasler|Psychic Seed\n|-boost|p1b: Sneasler|spd|1|[from] item: Psychic Seed\n|move|p2b: Sneasler|Dire Claw|p1a: Delphox\n|-damage|p1a: Delphox|7\/100\n|move|p1a: Delphox|Expanding Force|p2b: Sneasler|[spread] p2b\n|-immune|p2a: Spiritomb\n|-supereffective|p2b: Sneasler\n|-damage|p2b: Sneasler|0 fnt\n|faint|p2b: Sneasler\n|-damage|p1a: Delphox|0 fnt|[from] item: Life Orb\n|faint|p1a: Delphox\n|move|p2a: Spiritomb|Snarl|p1b: Sneasler|[miss]\n|-miss|p2a: Spiritomb|p1b: Sneasler\n|\n|upkeep\n|inactive|Perjutsu24 has 30 seconds left.\n|j| Therazer456\n|inactive|Perjutsu24 has 20 seconds left.\n|\n|t:|1730843772\n|switch|p2b: Rillaboom|Rillaboom, L50, M|100\/100\n|switch|p1a: Archaludon|Archaludon, L50, F|100\/100\n|-fieldstart|move: Grassy Terrain|[from] ability: Grassy Surge|[of] p2b: Rillaboom\n|turn|3\n|inactive|Perjutsu24 has 30 seconds left.\n|\n|t:|1730843799\n|switch|p1b: Indeedee|Indeedee, L50, M|55\/100\n|-fieldstart|move: Psychic Terrain|[from] ability: Psychic Surge|[of] p1b: Indeedee\n|-terastallize|p2b: Rillaboom|Fire\n|move|p1a: Archaludon|Electro Shot||[still]\n|-prepare|p1a: Archaludon|Electro Shot\n|-boost|p1a: Archaludon|spa|1\n|-enditem|p1a: Archaludon|Power Herb\n|-anim|p1a: Archaludon|Electro Shot|p2a: Spiritomb\n|-damage|p2a: Spiritomb|0 fnt\n|faint|p2a: Spiritomb\n|move|p2b: Rillaboom|High Horsepower|p1b: Indeedee\n|-damage|p1b: Indeedee|0 fnt\n|faint|p1b: Indeedee\n|\n|upkeep\n|\n|t:|1730843820\n|switch|p1b: Sneasler|Sneasler, L50, F|100\/100\n|switch|p2a: Kingambit|Kingambit, L50, F|100\/100\n|turn|4\n|inactive|post_testing has 30 seconds left.\n|\n|t:|1730843848\n|move|p2a: Kingambit|Protect|p2a: Kingambit\n|-singleturn|p2a: Kingambit|Protect\n|move|p1b: Sneasler|Dire Claw|p2b: Rillaboom\n|-damage|p2b: Rillaboom|60\/100\n|move|p1a: Archaludon|Thunderbolt|p2b: Rillaboom\n|-damage|p2b: Rillaboom|22\/100\n|move|p2b: Rillaboom|High Horsepower|p1b: Sneasler\n|-supereffective|p1b: Sneasler\n|-damage|p1b: Sneasler|0 fnt\n|faint|p1b: Sneasler\n|\n|upkeep\n|turn|5\n|\n|t:|1730843864\n|move|p1a: Archaludon|Thunderbolt|p2b: Rillaboom\n|-damage|p2b: Rillaboom|0 fnt\n|faint|p2b: Rillaboom\n|move|p2a: Kingambit|Swords Dance|p2a: Kingambit\n|-boost|p2a: Kingambit|atk|2\n|\n|upkeep\n|turn|6\n|\n|t:|1730843880\n|move|p1a: Archaludon|Thunderbolt|p2a: Kingambit\n|-damage|p2a: Kingambit|52\/100\n|move|p2a: Kingambit|Kowtow Cleave|p1a: Archaludon\n|-damage|p1a: Archaludon|1\/100\n|\n|upkeep\n|turn|7\n|\n|t:|1730843887\n|move|p2a: Kingambit|Protect|p2a: Kingambit\n|-singleturn|p2a: Kingambit|Protect\n|move|p1a: Archaludon|Draco Meteor|p2a: Kingambit\n|-activate|p2a: Kingambit|move: Protect\n|\n|-fieldend|move: Psychic Terrain\n|upkeep\n|turn|8\n|-message|post_testing forfeited.\n|\n|win|Perjutsu24\n|raw|post_testing's rating: 1702 &rarr; <strong>1681<\/strong><br \/>(-21 for losing)\n|raw|Perjutsu24's rating: 1685 &rarr; <strong>1706<\/strong><br \/>(+21 for winning)\n|l|\u2606post_testing\n|player|p1|\n|c|\u2606Perjutsu24|Gg\n|l| Therazer456\n|l|\u2606Perjutsu24\n|player|p2|\n","uploadtime":1730844129,"views":19,"formatid":"gen9vgc2024regh","rating":1681,"private":0,"password":null}