{"id":"gen9vgc2024regh-2238866609","format":"[Gen 9] VGC 2024 Reg H","players":["my!lane","Zordor"],"log":"|j|\u2606my!lane\n|j|\u2606Zordor\n|t:|1730932994\n|gametype|doubles\n|player|p1|my!lane|roxie|1635\n|player|p2|Zordor|pilot|1846\n|teamsize|p1|6\n|teamsize|p2|6\n|gen|9\n|tier|[Gen 9] VGC 2024 Reg H\n|rated|\n|rule|Species Clause: Limit one of each Pok\u00e9mon\n|rule|Item Clause: Limit 1 of each item\n|clearpoke\n|poke|p1|Sinistcha, L50|\n|poke|p1|Clefable, L50, M|\n|poke|p1|Scrafty, L50, M|\n|poke|p1|Gastrodon, L50, M|\n|poke|p1|Gardevoir, L50, M|\n|poke|p1|Ceruledge, L50, M|\n|poke|p2|Rotom-Wash, L50|\n|poke|p2|Sneasler, L50, F|\n|poke|p2|Kingambit, L50, F|\n|poke|p2|Armarouge, L50, M|\n|poke|p2|Dragapult, L50, F|\n|poke|p2|Venusaur, L50, F|\n|teampreview|4\n|inactive|Battle timer is ON: inactive players will automatically lose when time's up. (requested by my!lane)\n|j| bimbo mafioso\n|inactive|my!lane has 60 seconds left.\n|inactive|Zordor has 60 seconds left.\n|\n|t:|1730933044\n|start\n|switch|p1a: Gardevoir|Gardevoir, L50, M|100\/100\n|switch|p1b: Tea Time!|Sinistcha, L50|100\/100\n|switch|p2a: Armarouge|Armarouge, L50, M|100\/100\n|switch|p2b: Sneasler|Sneasler, L50, F|100\/100\n|-ability|p1a: Gardevoir|Flash Fire|[from] ability: Trace|[of] p2a: Armarouge\n|turn|1\n|\n|t:|1730933065\n|switch|p1b: Ceruledge|Ceruledge, L50, M|100\/100\n|-terastallize|p1a: Gardevoir|Fire\n|move|p1a: Gardevoir|Expanding Force|p2b: Sneasler\n|-supereffective|p2b: Sneasler\n|-enditem|p2b: Sneasler|Focus Sash\n|-damage|p2b: Sneasler|1\/100\n|move|p2b: Sneasler|Dire Claw|p1a: Gardevoir\n|-damage|p1a: Gardevoir|28\/100\n|move|p2a: Armarouge|Heat Wave|p1b: Ceruledge|[spread] \n|-start|p1a: Gardevoir|ability: Flash Fire\n|-start|p1b: Ceruledge|ability: Flash Fire\n|\n|upkeep\n|turn|2\n|inactive|Zordor has 30 seconds left.\n|inactive|my!lane has 30 seconds left.\n|\n|t:|1730933100\n|-terastallize|p2a: Armarouge|Dark\n|move|p1b: Ceruledge|Shadow Sneak|p2b: Sneasler\n|-damage|p2b: Sneasler|0 fnt\n|faint|p2b: Sneasler\n|move|p1a: Gardevoir|Expanding Force|p2a: Armarouge\n|-immune|p2a: Armarouge\n|move|p2a: Armarouge|Meteor Beam||[still]\n|-prepare|p2a: Armarouge|Meteor Beam\n|-boost|p2a: Armarouge|spa|1\n|-enditem|p2a: Armarouge|Power Herb\n|-anim|p2a: Armarouge|Meteor Beam|p1b: Ceruledge|[miss]\n|-miss|p2a: Armarouge|p1b: Ceruledge\n|\n|upkeep\n|\n|t:|1730933114\n|switch|p2b: Dragapult|Dragapult, L50, F|100\/100\n|turn|3\n|j| 0l'Bones\n|\n|t:|1730933139\n|move|p1b: Ceruledge|Shadow Sneak|p2b: Dragapult\n|-supereffective|p2b: Dragapult\n|-damage|p2b: Dragapult|43\/100\n|move|p2b: Dragapult|Dragon Darts|p1a: Gardevoir\n|-damage|p1a: Gardevoir|0 fnt\n|-anim|p2b: Dragapult|Dragon Darts|p1b: Ceruledge\n|-damage|p1b: Ceruledge|65\/100\n|faint|p1a: Gardevoir\n|-damage|p2b: Dragapult|33\/100|[from] item: Life Orb\n|move|p2a: Armarouge|Psychic|p1b: Ceruledge\n|-damage|p1b: Ceruledge|22\/100\n|\n|upkeep\n|\n|t:|1730933146\n|switch|p1a: Clefable|Clefable, L50, M|100\/100\n|turn|4\n|inactive|my!lane has 30 seconds left.\n|\n|t:|1730933174\n|move|p2b: Dragapult|Protect|p2b: Dragapult\n|-singleturn|p2b: Dragapult|Protect\n|move|p2a: Armarouge|Psychic|p1a: Clefable\n|-damage|p1a: Clefable|62\/100\n|move|p1b: Ceruledge|Close Combat|p2a: Armarouge\n|-supereffective|p2a: Armarouge\n|-damage|p2a: Armarouge|13\/100\n|-unboost|p1b: Ceruledge|def|1\n|-unboost|p1b: Ceruledge|spd|1\n|move|p1a: Clefable|Moonblast|p2a: Armarouge\n|-supereffective|p2a: Armarouge\n|-damage|p2a: Armarouge|0 fnt\n|faint|p2a: Armarouge\n|\n|upkeep\n|\n|t:|1730933182\n|switch|p2a: Venusaur|Venusaur, L50, F|100\/100\n|turn|5\n|inactive|Zordor has 30 seconds left.\n|inactive|my!lane has 30 seconds left.\n|inactive|my!lane has 20 seconds left.\n|\n|t:|1730933224\n|-end|p1b: Ceruledge|ability: Flash Fire|[silent]\n|switch|p1b: Tea Time!|Sinistcha, L50|100\/100\n|move|p1a: Clefable|Protect|p1a: Clefable\n|-singleturn|p1a: Clefable|Protect\n|move|p2b: Dragapult|Phantom Force||[still]\n|-prepare|p2b: Dragapult|Phantom Force\n|move|p2a: Venusaur|Sludge Bomb|p1a: Clefable\n|-activate|p1a: Clefable|move: Protect\n|\n|upkeep\n|turn|6\n|\n|t:|1730933236\n|move|p1a: Clefable|Follow Me|p1a: Clefable\n|-singleturn|p1a: Clefable|move: Follow Me\n|move|p2b: Dragapult|Phantom Force|p1a: Clefable|[from]lockedmove\n|-damage|p1a: Clefable|13\/100\n|-damage|p2b: Dragapult|24\/100|[from] item: Life Orb\n|move|p2a: Venusaur|Sludge Bomb|p1a: Clefable\n|-supereffective|p1a: Clefable\n|-damage|p1a: Clefable|0 fnt\n|faint|p1a: Clefable\n|move|p1b: Tea Time!|Trick Room|p1b: Tea Time!\n|-fieldstart|move: Trick Room|[of] p1b: Tea Time!\n|\n|upkeep\n|\n|t:|1730933243\n|switch|p1a: Ceruledge|Ceruledge, L50, M|22\/100\n|turn|7\n|c| bimbo mafioso|no hospitality is wild ngl\n|c|\u2606my!lane|packing that heat proof\n|inactive|my!lane has 30 seconds left.\n|\n|t:|1730933271\n|move|p2a: Venusaur|Protect|p2a: Venusaur\n|-singleturn|p2a: Venusaur|Protect\n|move|p1b: Tea Time!|Shadow Ball|p2b: Dragapult\n|-supereffective|p2b: Dragapult\n|-damage|p2b: Dragapult|0 fnt\n|faint|p2b: Dragapult\n|move|p1a: Ceruledge|Bitter Blade|p2a: Venusaur\n|-activate|p2a: Venusaur|move: Protect\n|\n|upkeep\n|turn|8\n|c| bimbo mafioso|you alr have flash fire what you need heatproof for\n|\n|t:|1730933279\n|move|p1b: Tea Time!|Shadow Ball|p2a: Venusaur\n|-damage|p2a: Venusaur|68\/100\n|move|p1a: Ceruledge|Bitter Blade|p2a: Venusaur\n|-supereffective|p2a: Venusaur\n|-damage|p2a: Venusaur|0 fnt\n|-heal|p1a: Ceruledge|54\/100|[from] drain|[of] p2a: Venusaur\n|faint|p2a: Venusaur\n|\n|win|my!lane\n|raw|my!lane's rating: 1635 &rarr; <strong>1666<\/strong><br \/>(+31 for winning)\n|raw|Zordor's rating: 1846 &rarr; <strong>1815<\/strong><br \/>(-31 for losing)\n|l|\u2606Zordor\n|player|p2|\n|c|\u2606my!lane|what if i dont want to switch out\n|c|\u2606my!lane|gg\n|c| bimbo mafioso|aight\n|c| bimbo mafioso|cool team dude\n|l| 0l'Bones\n|c|\u2606my!lane|its nasty plot\n|c|\u2606my!lane|so its nice\n|c| bimbo mafioso|oooh\n|c|\u2606my!lane|yep yep\n|l|\u2606my!lane\n|player|p1|\n","uploadtime":1730933357,"views":31,"formatid":"gen9vgc2024regh","rating":1666,"private":0,"password":null}