{"id":"gen9vgc2024regh-2238499761","format":"[Gen 9] VGC 2024 Reg H","players":["blindfishptsd","Aki Hoshino"],"log":"|j|\u2606blindfishptsd\n|j|\u2606Aki Hoshino\n|t:|1730894782\n|gametype|doubles\n|player|p1|blindfishptsd|olympia|1679\n|player|p2|Aki Hoshino|aromalady|1823\n|teamsize|p1|6\n|teamsize|p2|6\n|gen|9\n|tier|[Gen 9] VGC 2024 Reg H\n|rated|\n|rule|Species Clause: Limit one of each Pok\u00e9mon\n|rule|Item Clause: Limit 1 of each item\n|clearpoke\n|poke|p1|Porygon2, L50|\n|poke|p1|Sneasler, L50, M|\n|poke|p1|Gholdengo, L50|\n|poke|p1|Amoonguss, L50, M|\n|poke|p1|Garchomp, L50, F|\n|poke|p1|Incineroar, L50, F|\n|poke|p2|Grimmsnarl, L50, M|\n|poke|p2|Volcarona, L50, F|\n|poke|p2|Gholdengo, L50|\n|poke|p2|Rillaboom, L50, F|\n|poke|p2|Dragonite, L50, F|\n|poke|p2|Dragapult, L50, F|\n|teampreview|4\n|inactive|Battle timer is ON: inactive players will automatically lose when time's up. (requested by blindfishptsd)\n|\n|t:|1730894810\n|start\n|switch|p1a: Incineroar|Incineroar, L50, F|100\/100\n|switch|p1b: Gholdengo|Gholdengo, L50|100\/100\n|switch|p2a: Grimmsnarl|Grimmsnarl, L50, M|100\/100\n|switch|p2b: Dragapult|Dragapult, L50, F|100\/100\n|-ability|p1a: Incineroar|Intimidate|boost\n|-unboost|p2a: Grimmsnarl|atk|1\n|-fail|p2b: Dragapult|unboost|[from] ability: Clear Body|[of] p2b: Dragapult\n|turn|1\n|inactive|Aki Hoshino has 30 seconds left.\n|\n|t:|1730894837\n|-terastallize|p2b: Dragapult|Fighting\n|move|p2a: Grimmsnarl|Light Screen|p2a: Grimmsnarl\n|-sidestart|p2: Aki Hoshino|move: Light Screen\n|move|p2b: Dragapult|Tera Blast|p1a: Incineroar|[anim] Tera Blast Fighting\n|-supereffective|p1a: Incineroar\n|-damage|p1a: Incineroar|0 fnt\n|faint|p1a: Incineroar\n|move|p1b: Gholdengo|Nasty Plot|p1b: Gholdengo\n|-boost|p1b: Gholdengo|spa|2\n|\n|upkeep\n|\n|t:|1730894845\n|switch|p1a: Amoonguss|Amoonguss, L50, M|100\/100\n|turn|2\n|inactive|Aki Hoshino has 30 seconds left.\n|\n|t:|1730894873\n|switch|p2b: Gholdengo|Gholdengo, L50|100\/100\n|move|p2a: Grimmsnarl|Thunder Wave|p1a: Amoonguss\n|-status|p1a: Amoonguss|par\n|move|p1b: Gholdengo|Nasty Plot|p1b: Gholdengo\n|-boost|p1b: Gholdengo|spa|2\n|move|p1a: Amoonguss|Spore|p2a: Grimmsnarl\n|-status|p2a: Grimmsnarl|slp|[from] move: Spore\n|\n|upkeep\n|turn|3\n|\n|t:|1730894894\n|-terastallize|p1b: Gholdengo|Water\n|move|p2b: Gholdengo|Nasty Plot|p2b: Gholdengo\n|-boost|p2b: Gholdengo|spa|2\n|move|p1b: Gholdengo|Shadow Ball|p2b: Gholdengo\n|-supereffective|p2b: Gholdengo\n|-damage|p2b: Gholdengo|0 fnt\n|faint|p2b: Gholdengo\n|-damage|p1b: Gholdengo|91\/100|[from] item: Life Orb\n|cant|p2a: Grimmsnarl|slp\n|move|p1a: Amoonguss|Pollen Puff|p1b: Gholdengo\n|-heal|p1b: Gholdengo|100\/100\n|\n|upkeep\n|\n|t:|1730894914\n|switch|p2b: Volcarona|Volcarona, L50, F|100\/100\n|turn|4\n|\n|t:|1730894930\n|move|p2b: Volcarona|Quiver Dance|p2b: Volcarona\n|-boost|p2b: Volcarona|spa|1\n|-boost|p2b: Volcarona|spd|1\n|-boost|p2b: Volcarona|spe|1\n|move|p1b: Gholdengo|Make It Rain|p2a: Grimmsnarl|[spread] p2a,p2b\n|-supereffective|p2a: Grimmsnarl\n|-resisted|p2b: Volcarona\n|-damage|p2a: Grimmsnarl|0 fnt\n|-damage|p2b: Volcarona|59\/100\n|-unboost|p1b: Gholdengo|spa|1\n|faint|p2a: Grimmsnarl\n|-damage|p1b: Gholdengo|91\/100|[from] item: Life Orb\n|cant|p1a: Amoonguss|par\n|\n|upkeep\n|\n|t:|1730894945\n|switch|p2a: Dragapult|Dragapult, L50, F, tera:Fighting|100\/100\n|turn|5\n|\n|t:|1730894962\n|move|p2b: Volcarona|Heat Wave|p1a: Amoonguss|[spread] p1a,p1b\n|-supereffective|p1a: Amoonguss\n|-resisted|p1b: Gholdengo\n|-damage|p1a: Amoonguss|10\/100 par\n|-damage|p1b: Gholdengo|64\/100\n|-enditem|p1a: Amoonguss|Sitrus Berry|[eat]\n|-heal|p1a: Amoonguss|35\/100 par|[from] item: Sitrus Berry\n|move|p2a: Dragapult|Dragon Darts|p1b: Gholdengo\n|-damage|p1b: Gholdengo|31\/100\n|-anim|p2a: Dragapult|Dragon Darts|p1a: Amoonguss\n|-damage|p1a: Amoonguss|1\/100 par\n|move|p1b: Gholdengo|Make It Rain|p2b: Volcarona|[spread] p2a,p2b\n|-resisted|p2b: Volcarona\n|-damage|p2a: Dragapult|0 fnt\n|-damage|p2b: Volcarona|27\/100\n|-unboost|p1b: Gholdengo|spa|1\n|-enditem|p2b: Volcarona|Sitrus Berry|[eat]\n|-heal|p2b: Volcarona|52\/100|[from] item: Sitrus Berry\n|faint|p2a: Dragapult\n|-damage|p1b: Gholdengo|21\/100|[from] item: Life Orb\n|move|p1a: Amoonguss|Spore|p2b: Volcarona\n|-status|p2b: Volcarona|slp|[from] move: Spore\n|\n|upkeep\n|turn|6\n|\n|t:|1730894986\n|cant|p2b: Volcarona|slp\n|move|p1b: Gholdengo|Shadow Ball|p2b: Volcarona\n|-damage|p2b: Volcarona|7\/100 slp\n|-damage|p1b: Gholdengo|12\/100|[from] item: Life Orb\n|cant|p1a: Amoonguss|par\n|\n|upkeep\n|turn|7\n|\n|t:|1730894995\n|cant|p2b: Volcarona|slp\n|move|p1b: Gholdengo|Shadow Ball|p2b: Volcarona\n|-damage|p2b: Volcarona|0 fnt\n|faint|p2b: Volcarona\n|-damage|p1b: Gholdengo|2\/100|[from] item: Life Orb\n|\n|win|blindfishptsd\n|raw|blindfishptsd's rating: 1679 &rarr; <strong>1707<\/strong><br \/>(+28 for winning)\n|raw|Aki Hoshino's rating: 1823 &rarr; <strong>1795<\/strong><br \/>(-28 for losing)\n|l|\u2606Aki Hoshino\n|player|p2|\n|l|\u2606blindfishptsd\n|player|p1|\n","uploadtime":1730895252,"views":17,"formatid":"gen9vgc2024regh","rating":1707,"private":0,"password":null}