{"id":"gen9vgc2024regh-2238525600","format":"[Gen 9] VGC 2024 Reg H","players":["trecal","Iamsliverfish"],"log":"|j|\u2606trecal\n|j|\u2606Iamsliverfish\n|t:|1730898313\n|gametype|doubles\n|player|p1|trecal|169|1707\n|player|p2|Iamsliverfish|hiker-gen4|1725\n|teamsize|p1|6\n|teamsize|p2|6\n|gen|9\n|tier|[Gen 9] VGC 2024 Reg H\n|rated|\n|rule|Species Clause: Limit one of each Pok\u00e9mon\n|rule|Item Clause: Limit 1 of each item\n|clearpoke\n|poke|p1|Volcarona, L50, F|\n|poke|p1|Kingambit, L50, M|\n|poke|p1|Sneasler, L50, F|\n|poke|p1|Ninetales-Alola, L50, F|\n|poke|p1|Basculegion, L50, M|\n|poke|p1|Dragonite, L50, M|\n|poke|p2|Dragonite, L50, F|\n|poke|p2|Gholdengo, L50|\n|poke|p2|Ursaluna, L50, F|\n|poke|p2|Porygon2, L50|\n|poke|p2|Incineroar, L50, F|\n|poke|p2|Amoonguss, L50, M|\n|teampreview|4\n|\n|t:|1730898369\n|start\n|switch|p1a: Volcarona|Volcarona, L50, F|100\/100\n|switch|p1b: Sneasler|Sneasler, L50, F|100\/100\n|switch|p2a: Dragonite|Dragonite, L50, F|100\/100\n|switch|p2b: Gholdengo|Gholdengo, L50|100\/100\n|turn|1\n|j| nistaka\n|\n|t:|1730898382\n|switch|p2b: Incineroar|Incineroar, L50, F|100\/100\n|-ability|p2b: Incineroar|Intimidate|boost\n|-unboost|p1a: Volcarona|atk|1\n|-unboost|p1b: Sneasler|atk|1\n|move|p2a: Dragonite|Protect|p2a: Dragonite\n|-singleturn|p2a: Dragonite|Protect\n|move|p1b: Sneasler|Fake Out|p2a: Dragonite\n|-activate|p2a: Dragonite|move: Protect\n|move|p1a: Volcarona|Quiver Dance|p1a: Volcarona\n|-boost|p1a: Volcarona|spa|1\n|-boost|p1a: Volcarona|spd|1\n|-boost|p1a: Volcarona|spe|1\n|\n|upkeep\n|turn|2\n|l| nistaka\n|\n|t:|1730898429\n|switch|p1b: Kingambit|Kingambit, L50, M|100\/100\n|move|p2b: Incineroar|Fake Out|p1b: Kingambit\n|-resisted|p1b: Kingambit\n|-crit|p1b: Kingambit\n|-damage|p1b: Kingambit|93\/100\n|move|p1a: Volcarona|Flamethrower|p2a: Dragonite\n|-resisted|p2a: Dragonite\n|-damage|p2a: Dragonite|82\/100\n|move|p2a: Dragonite|Scale Shot|p1b: Kingambit\n|-resisted|p1b: Kingambit\n|-damage|p1b: Kingambit|88\/100\n|-resisted|p1b: Kingambit\n|-crit|p1b: Kingambit\n|-damage|p1b: Kingambit|80\/100\n|-resisted|p1b: Kingambit\n|-damage|p1b: Kingambit|75\/100\n|-resisted|p1b: Kingambit\n|-damage|p1b: Kingambit|70\/100\n|-hitcount|p1b: Kingambit|4\n|-unboost|p2a: Dragonite|def|1\n|-boost|p2a: Dragonite|spe|1\n|\n|upkeep\n|turn|3\n|\n|t:|1730898466\n|move|p2a: Dragonite|Protect|p2a: Dragonite\n|-singleturn|p2a: Dragonite|Protect\n|move|p1b: Kingambit|Sucker Punch||[still]\n|-fail|p1b: Kingambit\n|move|p1a: Volcarona|Quiver Dance|p1a: Volcarona\n|-boost|p1a: Volcarona|spa|1\n|-boost|p1a: Volcarona|spd|1\n|-boost|p1a: Volcarona|spe|1\n|move|p2b: Incineroar|Flare Blitz|p1b: Kingambit\n|-supereffective|p1b: Kingambit\n|-damage|p1b: Kingambit|0 fnt\n|faint|p1b: Kingambit\n|-damage|p2b: Incineroar|77\/100|[from] Recoil\n|\n|upkeep\n|\n|t:|1730898501\n|switch|p1b: Basculegion|Basculegion, L50, M|100\/100\n|turn|4\n|\n|t:|1730898542\n|-terastallize|p2b: Incineroar|Grass\n|move|p1a: Volcarona|Flamethrower|p2a: Dragonite\n|-resisted|p2a: Dragonite\n|-damage|p2a: Dragonite|32\/100\n|-status|p2a: Dragonite|brn\n|move|p2a: Dragonite|Tailwind|p2a: Dragonite\n|-sidestart|p2: Iamsliverfish|move: Tailwind\n|move|p1b: Basculegion|Flip Turn|p2b: Incineroar\n|-resisted|p2b: Incineroar\n|-damage|p2b: Incineroar|59\/100\n|\n|t:|1730898553\n|switch|p1b: Sneasler|Sneasler, L50, F|100\/100|[from] Flip Turn\n|move|p2b: Incineroar|Knock Off|p1b: Sneasler\n|-resisted|p1b: Sneasler\n|-damage|p1b: Sneasler|62\/100\n|-enditem|p1b: Sneasler|Focus Sash|[from] move: Knock Off|[of] p2b: Incineroar\n|\n|-damage|p2a: Dragonite|26\/100 brn|[from] brn\n|upkeep\n|turn|5\n|\n|t:|1730898583\n|move|p2a: Dragonite|Protect|p2a: Dragonite\n|-singleturn|p2a: Dragonite|Protect\n|move|p1b: Sneasler|Fake Out|p2a: Dragonite\n|-activate|p2a: Dragonite|move: Protect\n|move|p1a: Volcarona|Flamethrower|p2b: Incineroar\n|-supereffective|p2b: Incineroar\n|-damage|p2b: Incineroar|0 fnt\n|faint|p2b: Incineroar\n|\n|-damage|p2a: Dragonite|20\/100 brn|[from] brn\n|upkeep\n|\n|t:|1730898590\n|switch|p2b: Gholdengo|Gholdengo, L50|100\/100\n|turn|6\n|\n|t:|1730898623\n|move|p2a: Dragonite|Haze|p2a: Dragonite\n|-clearallboost\n|move|p2b: Gholdengo|Shadow Ball|p1b: Sneasler\n|-damage|p1b: Sneasler|0 fnt\n|faint|p1b: Sneasler\n|move|p1a: Volcarona|Flamethrower|p2b: Gholdengo\n|-supereffective|p2b: Gholdengo\n|-damage|p2b: Gholdengo|3\/100\n|\n|-damage|p2a: Dragonite|14\/100 brn|[from] brn\n|upkeep\n|\n|t:|1730898630\n|switch|p1b: Basculegion|Basculegion, L50, M|100\/100\n|turn|7\n|\n|t:|1730898685\n|-terastallize|p1b: Basculegion|Dark\n|move|p2a: Dragonite|Scale Shot|p1a: Volcarona\n|-damage|p1a: Volcarona|94\/100\n|-damage|p1a: Volcarona|86\/100\n|-damage|p1a: Volcarona|78\/100\n|-damage|p1a: Volcarona|70\/100\n|-damage|p1a: Volcarona|62\/100\n|-hitcount|p1a: Volcarona|5\n|-unboost|p2a: Dragonite|def|1\n|-boost|p2a: Dragonite|spe|1\n|move|p2b: Gholdengo|Shadow Ball|p1b: Basculegion\n|-resisted|p1b: Basculegion\n|-damage|p1b: Basculegion|63\/100\n|move|p1b: Basculegion|Tera Blast|p2a: Dragonite|[anim] Tera Blast Dark\n|-damage|p2a: Dragonite|0 fnt\n|faint|p2a: Dragonite\n|move|p1a: Volcarona|Flamethrower|p2b: Gholdengo\n|-supereffective|p2b: Gholdengo\n|-damage|p2b: Gholdengo|0 fnt\n|faint|p2b: Gholdengo\n|\n|-sideend|p2: Iamsliverfish|move: Tailwind\n|upkeep\n|\n|t:|1730898691\n|switch|p2b: Ursaluna|Ursaluna, L50, F|100\/100\n|turn|8\n|\n|t:|1730898704\n|move|p2b: Ursaluna|Protect|p2b: Ursaluna\n|-singleturn|p2b: Ursaluna|Protect\n|move|p1b: Basculegion|Tera Blast|p2b: Ursaluna|[anim] Tera Blast Dark\n|-activate|p2b: Ursaluna|move: Protect\n|move|p1a: Volcarona|Giga Drain|p2b: Ursaluna\n|-activate|p2b: Ursaluna|move: Protect\n|\n|-status|p2b: Ursaluna|brn|[from] item: Flame Orb\n|upkeep\n|turn|9\n|\n|t:|1730898710\n|move|p1b: Basculegion|Tera Blast|p2b: Ursaluna|[anim] Tera Blast Dark\n|-damage|p2b: Ursaluna|56\/100 brn\n|move|p1a: Volcarona|Giga Drain|p2b: Ursaluna\n|-supereffective|p2b: Ursaluna\n|-damage|p2b: Ursaluna|4\/100 brn\n|-heal|p1a: Volcarona|90\/100|[from] drain|[of] p2b: Ursaluna\n|move|p2b: Ursaluna|Earthquake|p1b: Basculegion|[spread] p1a,p1b\n|-damage|p1a: Volcarona|26\/100\n|-damage|p1b: Basculegion|0 fnt\n|faint|p1b: Basculegion\n|\n|-damage|p2b: Ursaluna|0 fnt|[from] brn\n|faint|p2b: Ursaluna\n|\n|win|trecal\n|upkeep\n|raw|trecal's rating: 1707 &rarr; <strong>1728<\/strong><br \/>(+21 for winning)\n|raw|Iamsliverfish's rating: 1725 &rarr; <strong>1704<\/strong><br \/>(-21 for losing)\n|l|\u2606Iamsliverfish\n|player|p2|\n|l|\u2606trecal\n|player|p1|\n","uploadtime":1730898883,"views":26,"formatid":"gen9vgc2024regh","rating":1704,"private":0,"password":null}