{"id":"gen9vgc2024regh-2238718931","format":"[Gen 9] VGC 2024 Reg H","players":["datbishgames","Kodora"],"log":"|j|\u2606datbishgames\n|j|\u2606Kodora\n|t:|1730917857\n|gametype|doubles\n|player|p1|datbishgames|mira|1703\n|player|p2|Kodora|170|1710\n|teamsize|p1|6\n|teamsize|p2|6\n|gen|9\n|tier|[Gen 9] VGC 2024 Reg H\n|rated|\n|rule|Species Clause: Limit one of each Pok\u00e9mon\n|rule|Item Clause: Limit 1 of each item\n|clearpoke\n|poke|p1|Whimsicott, L50, M|\n|poke|p1|Basculegion, L50, M|\n|poke|p1|Arcanine-Hisui, L50, F|\n|poke|p1|Hydreigon, L50, M|\n|poke|p1|Farigiraf, L50, F|\n|poke|p1|Pawmot, L50, F|\n|poke|p2|Maushold-Four, L50|\n|poke|p2|Basculegion, L50, M|\n|poke|p2|Archaludon, L50, F|\n|poke|p2|Murkrow, L50, M|\n|poke|p2|Weavile, L50, F|\n|poke|p2|Garchomp, L50, F|\n|teampreview|4\n|inactive|Battle timer is ON: inactive players will automatically lose when time's up. (requested by datbishgames)\n|\n|t:|1730917886\n|start\n|switch|p1a: Whimsicott|Whimsicott, L50, M|100\/100\n|switch|p1b: Pawmot|Pawmot, L50, F|100\/100\n|switch|p2a: Murkrow|Murkrow, L50, M, shiny|100\/100\n|switch|p2b: Weavile|Weavile, L50, F, shiny|100\/100\n|-ability|p2b: Weavile|Pressure\n|turn|1\n|\n|t:|1730917896\n|-terastallize|p2b: Weavile|Ghost\n|move|p1b: Pawmot|Fake Out|p2b: Weavile\n|-immune|p2b: Weavile\n|move|p1a: Whimsicott|Tailwind|p1a: Whimsicott\n|-sidestart|p1: datbishgames|move: Tailwind\n|move|p2a: Murkrow|Tailwind|p2a: Murkrow\n|-sidestart|p2: Kodora|move: Tailwind\n|move|p2b: Weavile|Triple Axel|p1a: Whimsicott\n|-supereffective|p1a: Whimsicott\n|-damage|p1a: Whimsicott|78\/100\n|-hitcount|p1a: Whimsicott|1\n|\n|upkeep\n|turn|2\n|\n|t:|1730917914\n|switch|p1a: Basculegion|Basculegion, L50, M|100\/100\n|move|p2b: Weavile|Icy Wind|p1b: Pawmot|[spread] p1a\n|-miss|p2b: Weavile|p1b: Pawmot\n|-resisted|p1a: Basculegion\n|-damage|p1a: Basculegion|96\/100\n|-unboost|p1a: Basculegion|spe|1\n|move|p1b: Pawmot|Double Shock|p2a: Murkrow\n|-supereffective|p2a: Murkrow\n|-damage|p2a: Murkrow|0 fnt\n|-start|p1b: Pawmot|typechange|???\/Fighting|[from] move: Double Shock\n|faint|p2a: Murkrow\n|\n|upkeep\n|\n|t:|1730917923\n|switch|p2a: Garchomp|Garchomp, L50, F, shiny|100\/100\n|turn|3\n|\n|t:|1730917938\n|switch|p1b: Whimsicott|Whimsicott, L50, M|78\/100\n|-terastallize|p1a: Basculegion|Fairy\n|move|p2b: Weavile|Icy Wind|p1a: Basculegion|[spread] p1a,p1b\n|-supereffective|p1b: Whimsicott\n|-damage|p1a: Basculegion|88\/100\n|-damage|p1b: Whimsicott|62\/100\n|-unboost|p1a: Basculegion|spe|1\n|move|p2a: Garchomp|Stomping Tantrum|p1b: Whimsicott\n|-resisted|p1b: Whimsicott\n|-damage|p1b: Whimsicott|36\/100\n|-damage|p2a: Garchomp|91\/100|[from] item: Life Orb\n|move|p1a: Basculegion|Tera Blast|p2a: Garchomp|[anim] Tera Blast Fairy\n|-supereffective|p2a: Garchomp\n|-damage|p2a: Garchomp|0 fnt\n|faint|p2a: Garchomp\n|\n|upkeep\n|\n|t:|1730917946\n|switch|p2a: Archaludon|Archaludon, L50, F, shiny|100\/100\n|turn|4\n|\n|t:|1730917960\n|move|p1b: Whimsicott|Encore|p2b: Weavile\n|-start|p2b: Weavile|Encore\n|move|p2b: Weavile|Icy Wind|p1b: Whimsicott|[spread] p1a,p1b\n|-supereffective|p1b: Whimsicott\n|-damage|p1a: Basculegion|79\/100\n|-damage|p1b: Whimsicott|18\/100\n|-unboost|p1a: Basculegion|spe|1\n|move|p2a: Archaludon|Flash Cannon|p1a: Basculegion\n|-supereffective|p1a: Basculegion\n|-damage|p1a: Basculegion|4\/100\n|move|p1a: Basculegion|Tera Blast|p2b: Weavile|[anim] Tera Blast Fairy\n|-enditem|p2b: Weavile|Focus Sash\n|-damage|p2b: Weavile|1\/100\n|\n|-sideend|p2: Kodora|move: Tailwind\n|-sideend|p1: datbishgames|move: Tailwind\n|upkeep\n|turn|5\n|\n|t:|1730917975\n|move|p1b: Whimsicott|Tailwind|p1b: Whimsicott\n|-sidestart|p1: datbishgames|move: Tailwind\n|move|p2b: Weavile|Icy Wind|p1b: Whimsicott|[spread] p1a,p1b\n|-supereffective|p1b: Whimsicott\n|-damage|p1a: Basculegion|0 fnt\n|-damage|p1b: Whimsicott|0 fnt\n|faint|p1a: Basculegion\n|faint|p1b: Whimsicott\n|move|p2a: Archaludon|Flash Cannon|p1: Basculegion|[notarget]\n|-fail|p2a: Archaludon\n|\n|upkeep\n|\n|t:|1730917980\n|switch|p1b: Farigiraf|Farigiraf, L50, F|100\/100\n|switch|p1a: Pawmot|Pawmot, L50, F|100\/100\n|turn|6\n|\n|t:|1730917990\n|move|p1a: Pawmot|Close Combat|p2a: Archaludon\n|-supereffective|p2a: Archaludon\n|-damage|p2a: Archaludon|3\/100\n|-unboost|p1a: Pawmot|def|1\n|-unboost|p1a: Pawmot|spd|1\n|-ability|p2a: Archaludon|Stamina|boost\n|-boost|p2a: Archaludon|def|1\n|move|p2b: Weavile|Icy Wind|p1a: Pawmot|[spread] p1a,p1b\n|-damage|p1a: Pawmot|80\/100\n|-damage|p1b: Farigiraf|93\/100\n|-unboost|p1a: Pawmot|spe|1\n|-unboost|p1b: Farigiraf|spe|1\n|move|p1b: Farigiraf|Twin Beam|p2b: Weavile\n|-damage|p2b: Weavile|0 fnt\n|faint|p2b: Weavile\n|-hitcount|p2: Weavile|1\n|move|p2a: Archaludon|Body Press|p1b: Farigiraf\n|-damage|p1b: Farigiraf|59\/100\n|\n|upkeep\n|turn|7\n|\n|t:|1730918007\n|move|p1a: Pawmot|Close Combat|p2a: Archaludon\n|-supereffective|p2a: Archaludon\n|-damage|p2a: Archaludon|0 fnt\n|-unboost|p1a: Pawmot|def|1\n|-unboost|p1a: Pawmot|spd|1\n|faint|p2a: Archaludon\n|\n|win|datbishgames\n|raw|datbishgames's rating: 1703 &rarr; <strong>1723<\/strong><br \/>(+20 for winning)\n|raw|Kodora's rating: 1710 &rarr; <strong>1690<\/strong><br \/>(-20 for losing)\n|l|\u2606Kodora\n|player|p2|\n|l|\u2606datbishgames\n|player|p1|\n","uploadtime":1730918180,"views":30,"formatid":"gen9vgc2024regh","rating":1690,"private":0,"password":null}