{"id":"gen9vgc2024regh-2238556009","format":"[Gen 9] VGC 2024 Reg H","players":["647w","Emirnent"],"log":"|j|\u2606647w\n|j|\u2606Emirnent\n|t:|1730901822\n|gametype|doubles\n|player|p1|647w|lucas-gen4pt|1702\n|player|p2|Emirnent|266|1714\n|teamsize|p1|6\n|teamsize|p2|6\n|gen|9\n|tier|[Gen 9] VGC 2024 Reg H\n|rated|\n|rule|Species Clause: Limit one of each Pok\u00e9mon\n|rule|Item Clause: Limit 1 of each item\n|clearpoke\n|poke|p1|Kilowattrel, L50, F|\n|poke|p1|Garchomp, L50, F|\n|poke|p1|Archaludon, L50, M|\n|poke|p1|Incineroar, L50, F|\n|poke|p1|Rillaboom, L50, M|\n|poke|p1|Dondozo, L50, F|\n|poke|p2|Garchomp, L50, F|\n|poke|p2|Weezing-Galar, L50, M|\n|poke|p2|Archaludon, L50, M|\n|poke|p2|Slaking, L50, F|\n|poke|p2|Gholdengo, L50|\n|poke|p2|Talonflame, L50, F|\n|teampreview|4\n|j| imbiaw\n647w has agreed to open team sheets.\n|inactive|Battle timer is ON: inactive players will automatically lose when time's up. (requested by Emirnent)\n|\n|t:|1730901865\n|start\n|switch|p1a: Kilowattrel|Kilowattrel, L50, F|100\/100\n|switch|p1b: Archaludon|Archaludon, L50, M|100\/100\n|switch|p2a: Talonflame|Talonflame, L50, F|100\/100\n|switch|p2b: Slaking|Slaking, L50, F|100\/100\n|turn|1\n|\n|t:|1730901887\n|move|p2a: Talonflame|Tailwind|p2a: Talonflame\n|-sidestart|p2: Emirnent|move: Tailwind\n|move|p2b: Slaking|Knock Off|p1a: Kilowattrel\n|-enditem|p1a: Kilowattrel|Focus Sash\n|-damage|p1a: Kilowattrel|1\/100\n|move|p1a: Kilowattrel|Tailwind|p1a: Kilowattrel\n|-sidestart|p1: 647w|move: Tailwind\n|move|p1b: Archaludon|Aura Sphere|p2b: Slaking\n|-supereffective|p2b: Slaking\n|-damage|p2b: Slaking|36\/100\n|\n|upkeep\n|turn|2\n|l|\u2606647w\n|inactive|647w disconnected and has a minute to reconnect!\n|player|p1|\n|j|\u2606647w\n|inactive|647w reconnected and has 35 seconds left.\n|player|p1|647w|lucas-gen4pt|\n|inactive|647w has 30 seconds left.\n|inactive|647w has 20 seconds left.\n|\n|t:|1730901925\n|move|p2a: Talonflame|Brave Bird|p1a: Kilowattrel\n|-resisted|p1a: Kilowattrel\n|-damage|p1a: Kilowattrel|0 fnt\n|faint|p1a: Kilowattrel\n|-damage|p2a: Talonflame|99\/100|[from] Recoil\n|cant|p2b: Slaking|ability: Truant\n|move|p1b: Archaludon|Flash Cannon|p2a: Talonflame\n|-resisted|p2a: Talonflame\n|-damage|p2a: Talonflame|69\/100\n|\n|upkeep\n|\n|t:|1730901930\n|switch|p1a: Incineroar|Incineroar, L50, F|100\/100\n|-ability|p1a: Incineroar|Intimidate|boost\n|-unboost|p2a: Talonflame|atk|1\n|-unboost|p2b: Slaking|atk|1\n|turn|3\n|\n|t:|1730901947\n|switch|p2b: Weezing|Weezing-Galar, L50, M|100\/100\n|-ability|p2b: Weezing|Neutralizing Gas\n|move|p1a: Incineroar|Fake Out|p2b: Weezing\n|-damage|p2b: Weezing|90\/100\n|move|p2a: Talonflame|Will-O-Wisp|p1b: Archaludon\n|-status|p1b: Archaludon|brn\n|move|p1b: Archaludon|Electro Shot||[still]\n|-prepare|p1b: Archaludon|Electro Shot\n|-boost|p1b: Archaludon|spa|1\n|-enditem|p1b: Archaludon|Power Herb\n|-anim|p1b: Archaludon|Electro Shot|p2a: Talonflame\n|-supereffective|p2a: Talonflame\n|-damage|p2a: Talonflame|0 fnt\n|faint|p2a: Talonflame\n|\n|-damage|p1b: Archaludon|94\/100 brn|[from] brn\n|upkeep\n|\n|t:|1730901961\n|switch|p2a: Garchomp|Garchomp, L50, F|100\/100\n|turn|4\n|\n|t:|1730901980\n|-terastallize|p1b: Archaludon|Flying\n|-terastallize|p2b: Weezing|Flying\n|move|p2a: Garchomp|Earthquake|p1b: Archaludon|[spread] p1a\n|-immune|p2b: Weezing\n|-immune|p1b: Archaludon\n|-supereffective|p1a: Incineroar\n|-damage|p1a: Incineroar|15\/100\n|-damage|p2a: Garchomp|91\/100|[from] item: Life Orb\n|move|p1b: Archaludon|Flash Cannon|p2b: Weezing\n|-damage|p2b: Weezing|20\/100\n|-enditem|p2b: Weezing|Sitrus Berry|[eat]\n|-heal|p2b: Weezing|45\/100|[from] item: Sitrus Berry\n|move|p2b: Weezing|Sludge Bomb|p1b: Archaludon\n|-damage|p1b: Archaludon|54\/100 brn\n|move|p1a: Incineroar|Knock Off|p2a: Garchomp\n|-damage|p2a: Garchomp|47\/100\n|-enditem|p2a: Garchomp|Life Orb|[from] move: Knock Off|[of] p1a: Incineroar\n|\n|-damage|p1b: Archaludon|48\/100 brn|[from] brn\n|-sideend|p2: Emirnent|move: Tailwind\n|-sideend|p1: 647w|move: Tailwind\n|upkeep\n|turn|5\n|\n|t:|1730901997\n|move|p2a: Garchomp|Dragon Claw|p1b: Archaludon\n|-damage|p1b: Archaludon|15\/100 brn\n|move|p1b: Archaludon|Flash Cannon|p2b: Weezing\n|-damage|p2b: Weezing|0 fnt\n|faint|p2b: Weezing\n|-end|p2b: Weezing|ability: Neutralizing Gas\n|-ability|p1a: Incineroar|Intimidate|boost\n|-unboost|p2a: Garchomp|atk|1\n|move|p1a: Incineroar|Flare Blitz|p2a: Garchomp\n|-resisted|p2a: Garchomp\n|-crit|p2a: Garchomp\n|-damage|p2a: Garchomp|6\/100\n|-damage|p1a: Incineroar|3\/100|[from] ability: Rough Skin|[of] p2a: Garchomp\n|-damage|p1a: Incineroar|0 fnt|[from] Recoil\n|faint|p1a: Incineroar\n|\n|-damage|p1b: Archaludon|9\/100 brn|[from] brn\n|upkeep\n|\n|t:|1730902002\n|switch|p2b: Slaking|Slaking, L50, F|36\/100\n|switch|p1a: Garchomp|Garchomp, L50, F|100\/100\n|turn|6\n|\n|t:|1730902013\n|move|p1a: Garchomp|Protect|p1a: Garchomp\n|-singleturn|p1a: Garchomp|Protect\n|move|p1b: Archaludon|Protect|p1b: Archaludon\n|-singleturn|p1b: Archaludon|Protect\n|move|p2a: Garchomp|Dragon Claw|p1b: Archaludon\n|-activate|p1b: Archaludon|move: Protect\n|move|p2b: Slaking|Double-Edge|p1a: Garchomp\n|-activate|p1a: Garchomp|move: Protect\n|\n|-damage|p1b: Archaludon|3\/100 brn|[from] brn\n|upkeep\n|turn|7\n|\n|t:|1730902022\n|move|p2a: Garchomp|Dragon Claw|p1b: Archaludon\n|-damage|p1b: Archaludon|0 fnt\n|faint|p1b: Archaludon\n|move|p1a: Garchomp|Dragon Claw|p2a: Garchomp\n|-supereffective|p2a: Garchomp\n|-damage|p2a: Garchomp|0 fnt\n|-damage|p1a: Garchomp|88\/100|[from] ability: Rough Skin|[of] p2a: Garchomp\n|faint|p2a: Garchomp\n|cant|p2b: Slaking|ability: Truant\n|\n|upkeep\n|turn|8\n|\n|t:|1730902026\n|move|p1a: Garchomp|Protect|p1a: Garchomp\n|-singleturn|p1a: Garchomp|Protect\n|move|p2b: Slaking|Double-Edge|p1a: Garchomp\n|-activate|p1a: Garchomp|move: Protect\n|\n|upkeep\n|turn|9\n|\n|t:|1730902028\n|move|p1a: Garchomp|Dragon Claw|p2b: Slaking\n|-damage|p2b: Slaking|1\/100\n|cant|p2b: Slaking|ability: Truant\n|\n|upkeep\n|turn|10\n|\n|t:|1730902032\n|move|p1a: Garchomp|Protect|p1a: Garchomp\n|-singleturn|p1a: Garchomp|Protect\n|move|p2b: Slaking|Double-Edge|p1a: Garchomp\n|-activate|p1a: Garchomp|move: Protect\n|\n|upkeep\n|turn|11\n|\n|t:|1730902038\n|move|p1a: Garchomp|Dragon Claw|p2b: Slaking\n|-damage|p2b: Slaking|0 fnt\n|faint|p2b: Slaking\n|\n|win|647w\n|raw|647w's rating: 1702 &rarr; <strong>1723<\/strong><br \/>(+21 for winning)\n|raw|Emirnent's rating: 1714 &rarr; <strong>1693<\/strong><br \/>(-21 for losing)\n|l|\u2606Emirnent\n|player|p2|\n|l| imbiaw\n|l|\u2606647w\n|player|p1|\n","uploadtime":1730902291,"views":22,"formatid":"gen9vgc2024regh","rating":1693,"private":0,"password":null}