{"id":"gen9vgc2024regh-2238272748","format":"[Gen 9] VGC 2024 Reg H","players":["Snorlax Double","Paradox Mourinho"],"log":"|j|\u2606Snorlax Double\n|j|\u2606Paradox Mourinho\n|t:|1730857447\n|gametype|doubles\n|player|p1|Snorlax Double|li|1691\n|player|p2|Paradox Mourinho|lance|1710\n|teamsize|p1|6\n|teamsize|p2|6\n|gen|9\n|tier|[Gen 9] VGC 2024 Reg H\n|rated|\n|rule|Species Clause: Limit one of each Pok\u00e9mon\n|rule|Item Clause: Limit 1 of each item\n|clearpoke\n|poke|p1|Annihilape, L50, M|\n|poke|p1|Whimsicott, L50, M|\n|poke|p1|Dragonite, L50, F|\n|poke|p1|Delphox, L50, F|\n|poke|p1|Indeedee, L50, M|\n|poke|p1|Sneasler, L50, F|\n|poke|p2|Dragonite, L50, M|\n|poke|p2|Garchomp, L50, F|\n|poke|p2|Incineroar, L50, F|\n|poke|p2|Kingambit, L50, M|\n|poke|p2|Amoonguss, L50, F|\n|poke|p2|Ninetales-Alola, L50, M|\n|teampreview|4\n|j| oil duck\n|j| Jamtaviousiv\n|inactive|Battle timer is ON: inactive players will automatically lose when time's up. (requested by Paradox Mourinho)\n|\n|t:|1730857469\n|start\n|switch|p1a: Whimsicott|Whimsicott, L50, M|100\/100\n|switch|p1b: Delphox|Delphox, L50, F|100\/100\n|switch|p2a: Ninetales|Ninetales-Alola, L50, M|100\/100\n|switch|p2b: Dragonite|Dragonite, L50, M|100\/100\n|-weather|Snow|[from] ability: Snow Warning|[of] p2a: Ninetales\n|turn|1\n|\n|t:|1730857487\n|switch|p2a: Incineroar|Incineroar, L50, F|100\/100\n|-ability|p2a: Incineroar|Intimidate|boost\n|-unboost|p1a: Whimsicott|atk|1\n|-unboost|p1b: Delphox|atk|1\n|-terastallize|p2b: Dragonite|Flying\n|move|p1b: Delphox|Protect|p1b: Delphox\n|-singleturn|p1b: Delphox|Protect\n|move|p1a: Whimsicott|Sunny Day|p1a: Whimsicott\n|-weather|SunnyDay\n|move|p2b: Dragonite|Tera Blast|p1a: Whimsicott|[anim] Tera Blast Flying\n|-supereffective|p1a: Whimsicott\n|-damage|p1a: Whimsicott|0 fnt\n|faint|p1a: Whimsicott\n|\n|-weather|SunnyDay|[upkeep]\n|upkeep\n|\n|t:|1730857500\n|switch|p1a: Sneasler|Sneasler, L50, F|100\/100\n|turn|2\n|\n|t:|1730857518\n|switch|p2a: Ninetales|Ninetales-Alola, L50, M|100\/100\n|-weather|Snow|[from] ability: Snow Warning|[of] p2a: Ninetales\n|move|p1a: Sneasler|Protect|p1a: Sneasler\n|-singleturn|p1a: Sneasler|Protect\n|move|p1b: Delphox|Protect||[still]\n|-fail|p1b: Delphox\n|move|p2b: Dragonite|Tailwind|p2b: Dragonite\n|-sidestart|p2: Paradox Mourinho|move: Tailwind\n|\n|-weather|Snow|[upkeep]\n|upkeep\n|turn|3\n|\n|t:|1730857530\n|switch|p1b: Indeedee|Indeedee, L50, M|100\/100\n|-fieldstart|move: Psychic Terrain|[from] ability: Psychic Surge|[of] p1b: Indeedee\n|-enditem|p1a: Sneasler|Psychic Seed\n|-boost|p1a: Sneasler|spd|1|[from] item: Psychic Seed\n|move|p1a: Sneasler|Dire Claw|p2b: Dragonite\n|-damage|p2b: Dragonite|82\/100\n|move|p2a: Ninetales|Blizzard|p1b: Indeedee|[spread] p1a,p1b\n|-damage|p1a: Sneasler|58\/100\n|-damage|p1b: Indeedee|31\/100\n|move|p2b: Dragonite|Tera Blast|p1b: Indeedee|[anim] Tera Blast Flying\n|-damage|p1b: Indeedee|0 fnt\n|faint|p1b: Indeedee\n|\n|-weather|Snow|[upkeep]\n|upkeep\n|\n|t:|1730857542\n|switch|p1b: Delphox|Delphox, L50, F|100\/100\n|turn|4\n|\n|t:|1730857548\n|move|p1a: Sneasler|Dire Claw|p2b: Dragonite\n|-damage|p2b: Dragonite|42\/100\n|move|p2a: Ninetales|Blizzard|p1a: Sneasler|[spread] p1a,p1b\n|-resisted|p1b: Delphox\n|-damage|p1a: Sneasler|11\/100\n|-damage|p1b: Delphox|73\/100\n|move|p2b: Dragonite|Tera Blast|p1b: Delphox|[anim] Tera Blast Flying\n|-damage|p1b: Delphox|0 fnt\n|faint|p1b: Delphox\n|\n|-weather|Snow|[upkeep]\n|upkeep\n|turn|5\n|j| jdarcan\n|-message|Snorlax Double forfeited.\n|\n|win|Paradox Mourinho\n|raw|Snorlax Double's rating: 1691 &rarr; <strong>1672<\/strong><br \/>(-19 for losing)\n|raw|Paradox Mourinho's rating: 1710 &rarr; <strong>1729<\/strong><br \/>(+19 for winning)\n|l|\u2606Snorlax Double\n|player|p1|\n|l|\u2606Paradox Mourinho\n|player|p2|\n|l| oil duck\n","uploadtime":1730857725,"views":23,"formatid":"gen9vgc2024regh","rating":1672,"private":0,"password":null}