{"id":"gen9vgc2024regh-2238415296","format":"[Gen 9] VGC 2024 Reg H","players":["Omiim","htotoT"],"log":"|j|\u2606Omiim\n|j|\u2606htotoT\n|t:|1730880133\n|gametype|doubles\n|player|p1|Omiim|1|1731\n|player|p2|htotoT|102|1882\n|teamsize|p1|6\n|teamsize|p2|6\n|gen|9\n|tier|[Gen 9] VGC 2024 Reg H\n|rated|\n|rule|Species Clause: Limit one of each Pok\u00e9mon\n|rule|Item Clause: Limit 1 of each item\n|clearpoke\n|poke|p1|Dondozo, L50, F|\n|poke|p1|Tatsugiri, L50, M|\n|poke|p1|Gholdengo, L50|\n|poke|p1|Dragonite, L50, M|\n|poke|p1|Blaziken, L50, F|\n|poke|p1|Kilowattrel, L50, F|\n|poke|p2|Gholdengo, L50|\n|poke|p2|Murkrow, L50, F|\n|poke|p2|Pelipper, L50, M|\n|poke|p2|Archaludon, L50, M|\n|poke|p2|Amoonguss, L50, F|\n|poke|p2|Basculegion-F, L50, F|\n|teampreview|4\n|inactive|Battle timer is ON: inactive players will automatically lose when time's up. (requested by htotoT)\nOmiim has agreed to open team sheets.\n|inactive|Omiim has 60 seconds left.\n|\n|t:|1730880165\n|start\n|switch|p1a: Kilowattrel|Kilowattrel, L50, F, shiny|100\/100\n|switch|p1b: Gholdengo|Gholdengo, L50, shiny|100\/100\n|switch|p2a: Murkrow|Murkrow, L50, F|100\/100\n|switch|p2b: Gholdengo|Gholdengo, L50|100\/100\n|turn|1\n|\n|t:|1730880184\n|-terastallize|p1b: Gholdengo|Steel\n|-terastallize|p2b: Gholdengo|Steel\n|move|p2a: Murkrow|Tailwind|p2a: Murkrow\n|-sidestart|p2: htotoT|move: Tailwind\n|move|p2b: Gholdengo|Make It Rain|p1b: Gholdengo|[spread] p1a,p1b\n|-resisted|p1a: Kilowattrel\n|-resisted|p1b: Gholdengo\n|-damage|p1a: Kilowattrel|3\/100\n|-damage|p1b: Gholdengo|40\/100\n|-unboost|p2b: Gholdengo|spa|1\n|move|p1a: Kilowattrel|Tailwind|p1a: Kilowattrel\n|-sidestart|p1: Omiim|move: Tailwind\n|move|p1b: Gholdengo|Make It Rain|p2a: Murkrow|[spread] p2a,p2b\n|-resisted|p2b: Gholdengo\n|-damage|p2a: Murkrow|19\/100\n|-damage|p2b: Gholdengo|46\/100\n|-unboost|p1b: Gholdengo|spa|1\n|\n|upkeep\n|turn|2\n|inactive|Omiim has 30 seconds left.\n|inactive|Omiim has 20 seconds left.\n|inactive|Omiim has 15 seconds left.\n|inactive|Omiim has 10 seconds left.\n|\n|t:|1730880234\n|switch|p1a: Dondozo|Dondozo, L50, F, shiny|100\/100\n|move|p2a: Murkrow|Quash||[still]\n|-fail|p2a: Murkrow\n|move|p1b: Gholdengo|Make It Rain|p2b: Gholdengo|[spread] p2a,p2b\n|-resisted|p2b: Gholdengo\n|-crit|p2b: Gholdengo\n|-damage|p2a: Murkrow|0 fnt\n|-damage|p2b: Gholdengo|0 fnt\n|-unboost|p1b: Gholdengo|spa|1\n|faint|p2a: Murkrow\n|faint|p2b: Gholdengo\n|\n|upkeep\n|\n|t:|1730880244\n|switch|p2b: Archaludon|Archaludon, L50, M|100\/100\n|switch|p2a: Amoonguss|Amoonguss, L50, F|100\/100\n|turn|3\n|\n|t:|1730880261\n|switch|p1b: Tatsugiri|Tatsugiri, L50, M, shiny|100\/100\n|-activate|p1b: Tatsugiri|ability: Commander|[of] p1a: Dondozo\n|-boost|p1a: Dondozo|atk|2\n|-boost|p1a: Dondozo|spa|2\n|-boost|p1a: Dondozo|spe|2\n|-boost|p1a: Dondozo|def|2\n|-boost|p1a: Dondozo|spd|2\n|move|p1a: Dondozo|Earthquake|p2a: Amoonguss|[spread] p2a,p2b\n|-miss|p1a: Dondozo|p1b: Tatsugiri\n|-supereffective|p2b: Archaludon\n|-damage|p2a: Amoonguss|58\/100\n|-damage|p2b: Archaludon|13\/100\n|-ability|p2b: Archaludon|Stamina|boost\n|-boost|p2b: Archaludon|def|1\n|move|p2b: Archaludon|Electro Shot||[still]\n|-prepare|p2b: Archaludon|Electro Shot\n|-boost|p2b: Archaludon|spa|1\n|move|p2a: Amoonguss|Clear Smog|p1a: Dondozo\n|-crit|p1a: Dondozo\n|-damage|p1a: Dondozo|75\/100\n|-clearboost|p1a: Dondozo\n|\n|-heal|p1a: Dondozo|81\/100|[from] item: Leftovers\n|upkeep\n|turn|4\n|j| Rabbithorn05\n|\n|t:|1730880284\n|move|p2b: Archaludon|Electro Shot|p1a: Dondozo|[from]lockedmove\n|-supereffective|p1a: Dondozo\n|-damage|p1a: Dondozo|0 fnt\n|faint|p1a: Dondozo\n|move|p2a: Amoonguss|Pollen Puff|p2b: Archaludon\n|-heal|p2b: Archaludon|63\/100\n|\n|-sideend|p2: htotoT|move: Tailwind\n|-sideend|p1: Omiim|move: Tailwind\n|upkeep\n|inactive|Omiim has 30 seconds left.\n|\n|t:|1730880316\n|switch|p1a: Gholdengo|Gholdengo, L50, shiny, tera:Steel|40\/100\n|turn|5\n|\n|t:|1730880337\n|move|p1b: Tatsugiri|Draco Meteor|p2b: Archaludon\n|-damage|p2b: Archaludon|0 fnt\n|-unboost|p1b: Tatsugiri|spa|2\n|faint|p2b: Archaludon\n|move|p1a: Gholdengo|Shadow Ball|p2a: Amoonguss\n|-damage|p2a: Amoonguss|5\/100\n|move|p2a: Amoonguss|Spore|p1b: Tatsugiri\n|-status|p1b: Tatsugiri|slp|[from] move: Spore\n|\n|upkeep\n|turn|6\n|-message|htotoT forfeited.\n|\n|win|Omiim\n|raw|Omiim's rating: 1731 &rarr; <strong>1759<\/strong><br \/>(+28 for winning)\n|raw|htotoT's rating: 1882 &rarr; <strong>1854<\/strong><br \/>(-28 for losing)\n|l|\u2606htotoT\n|player|p2|\n|l|\u2606Omiim\n|player|p1|\n","uploadtime":1730880465,"views":23,"formatid":"gen9vgc2024regh","rating":1759,"private":0,"password":null}