{"id":"gen9vgc2024regh-2238308128","format":"[Gen 9] VGC 2024 Reg H","players":["Perjutsu24","cbninjask4uber"],"log":"|j|\u2606Perjutsu24\n|j|\u2606cbninjask4uber\n|t:|1730861864\n|gametype|doubles\n|player|p1|Perjutsu24|fisherman-gen4|1706\n|player|p2|cbninjask4uber|falkner|1691\n|teamsize|p1|6\n|teamsize|p2|6\n|gen|9\n|tier|[Gen 9] VGC 2024 Reg H\n|rated|\n|rule|Species Clause: Limit one of each Pok\u00e9mon\n|rule|Item Clause: Limit 1 of each item\n|clearpoke\n|poke|p1|Pelipper, L50, F|\n|poke|p1|Rillaboom, L50, M|\n|poke|p1|Kingambit, L50, F|\n|poke|p1|Sneasler, L50, F|\n|poke|p1|Amoonguss, L50, M|\n|poke|p1|Spiritomb, L50, M|\n|poke|p2|Indeedee, L50, M|\n|poke|p2|Sneasler, L50, F|\n|poke|p2|Excadrill, L50, M|\n|poke|p2|Magmar, L50, F|\n|poke|p2|Corviknight, L50, M|\n|poke|p2|Tyranitar, L50, F|\n|teampreview|4\n|inactive|Battle timer is ON: inactive players will automatically lose when time's up. (requested by cbninjask4uber)\n|inactive|Perjutsu24 has 60 seconds left.\n|inactive|cbninjask4uber has 60 seconds left.\n|\n|t:|1730861913\n|start\n|switch|p1a: Spiritomb|Spiritomb, L50, M|100\/100\n|switch|p1b: Pelipper|Pelipper, L50, F|100\/100\n|switch|p2a: Sneasler|Sneasler, L50, F|100\/100\n|switch|p2b: Corviknight|Corviknight, L50, M|100\/100\n|-weather|RainDance|[from] ability: Drizzle|[of] p1b: Pelipper\n|turn|1\n|inactive|cbninjask4uber has 30 seconds left.\n|inactive|cbninjask4uber has 20 seconds left.\n|\n|t:|1730861950\n|switch|p2a: Tyranitar|Tyranitar, L50, F|100\/100\n|-weather|Sandstorm|[from] ability: Sand Stream|[of] p2a: Tyranitar\n|move|p1b: Pelipper|Tailwind|p1b: Pelipper\n|-sidestart|p1: Perjutsu24|move: Tailwind\n|move|p1a: Spiritomb|Will-O-Wisp|p2b: Corviknight|[miss]\n|-miss|p1a: Spiritomb|p2b: Corviknight\n|move|p2b: Corviknight|Bulk Up|p2b: Corviknight\n|-boost|p2b: Corviknight|atk|1\n|-boost|p2b: Corviknight|def|1\n|\n|-weather|Sandstorm|[upkeep]\n|-damage|p1b: Pelipper|95\/100|[from] Sandstorm\n|-damage|p1a: Spiritomb|95\/100|[from] Sandstorm\n|upkeep\n|turn|2\n|j| biect\n|inactive|Perjutsu24 has 30 seconds left.\n|inactive|cbninjask4uber has 30 seconds left.\n|\n|t:|1730861979\n|switch|p1b: Sneasler|Sneasler, L50, F|100\/100\n|move|p1a: Spiritomb|Will-O-Wisp|p2b: Corviknight\n|-status|p2b: Corviknight|brn\n|move|p2b: Corviknight|Brave Bird|p1a: Spiritomb\n|-damage|p1a: Spiritomb|55\/100\n|-damage|p2b: Corviknight|90\/100 brn|[from] Recoil\n|move|p2a: Tyranitar|Knock Off|p1a: Spiritomb\n|-damage|p1a: Spiritomb|0 fnt\n|-enditem|p1a: Spiritomb|Sitrus Berry|[from] move: Knock Off|[of] p2a: Tyranitar\n|faint|p1a: Spiritomb\n|\n|-weather|Sandstorm|[upkeep]\n|-damage|p1b: Sneasler|95\/100|[from] Sandstorm\n|-damage|p2b: Corviknight|84\/100 brn|[from] brn\n|upkeep\n|l| biect\n|\n|t:|1730861996\n|switch|p1a: Pelipper|Pelipper, L50, F|95\/100\n|-weather|RainDance|[from] ability: Drizzle|[of] p1a: Pelipper\n|turn|3\n|j| Mega Delibird X\n|inactive|cbninjask4uber has 30 seconds left.\n|inactive|cbninjask4uber has 20 seconds left.\n|inactive|cbninjask4uber has 15 seconds left.\n|\n|t:|1730862036\n|switch|p2a: Indeedee|Indeedee, L50, M|100\/100\n|-fieldstart|move: Psychic Terrain|[from] ability: Psychic Surge|[of] p2a: Indeedee\n|-enditem|p2b: Corviknight|Psychic Seed\n|-boost|p2b: Corviknight|spd|1|[from] item: Psychic Seed\n|move|p1b: Sneasler|Protect|p1b: Sneasler\n|-singleturn|p1b: Sneasler|Protect\n|move|p1a: Pelipper|Weather Ball|p2b: Corviknight\n|-damage|p2b: Corviknight|42\/100 brn\n|move|p2b: Corviknight|Brave Bird|p1b: Sneasler\n|-activate|p1b: Sneasler|move: Protect\n|\n|-weather|RainDance|[upkeep]\n|-damage|p2b: Corviknight|36\/100 brn|[from] brn\n|upkeep\n|turn|4\n|inactive|Perjutsu24 has 30 seconds left.\n|inactive|cbninjask4uber has 30 seconds left.\n|inactive|Perjutsu24 has 20 seconds left.\n|inactive|cbninjask4uber has 20 seconds left.\n|inactive|Perjutsu24 has 15 seconds left.\n|inactive|Perjutsu24 has 10 seconds left.\n|inactive|cbninjask4uber has 15 seconds left.\n|\n|t:|1730862085\n|switch|p1a: Rillaboom|Rillaboom, L50, M|100\/100\n|-fieldstart|move: Grassy Terrain|[from] ability: Grassy Surge|[of] p1a: Rillaboom\n|-enditem|p1b: Sneasler|Grassy Seed\n|-boost|p1b: Sneasler|def|1|[from] item: Grassy Seed\n|switch|p2a: Tyranitar|Tyranitar, L50, F|100\/100\n|-weather|Sandstorm|[from] ability: Sand Stream|[of] p2a: Tyranitar\n|-terastallize|p1b: Sneasler|Dark\n|move|p1b: Sneasler|Throat Chop|p2a: Tyranitar\n|-resisted|p2a: Tyranitar\n|-damage|p2a: Tyranitar|83\/100\n|-start|p2a: Tyranitar|Throat Chop|[silent]\n|move|p2b: Corviknight|Brave Bird|p1b: Sneasler\n|-damage|p1b: Sneasler|52\/100\n|-damage|p2b: Corviknight|25\/100 brn|[from] Recoil\n|\n|-weather|Sandstorm|[upkeep]\n|-damage|p1b: Sneasler|47\/100|[from] Sandstorm\n|-damage|p1a: Rillaboom|94\/100|[from] Sandstorm\n|-heal|p1b: Sneasler|52\/100|[from] Grassy Terrain\n|-heal|p1a: Rillaboom|100\/100|[from] Grassy Terrain\n|-heal|p2a: Tyranitar|89\/100|[from] Grassy Terrain\n|-damage|p2b: Corviknight|19\/100 brn|[from] brn\n|-sideend|p1: Perjutsu24|move: Tailwind\n|upkeep\n|turn|5\n|inactive|Perjutsu24 has 30 seconds left.\n|inactive|cbninjask4uber has 30 seconds left.\n|inactive|cbninjask4uber has 20 seconds left.\n|inactive|cbninjask4uber has 15 seconds left.\n|inactive|cbninjask4uber has 10 seconds left.\n|\n|t:|1730862133\n|switch|p2a: Indeedee|Indeedee, L50, M|100\/100\n|-fieldstart|move: Psychic Terrain|[from] ability: Psychic Surge|[of] p2a: Indeedee\n|move|p1b: Sneasler|Close Combat|p2b: Corviknight\n|-damage|p2b: Corviknight|0 fnt\n|-unboost|p1b: Sneasler|def|1\n|-unboost|p1b: Sneasler|spd|1\n|faint|p2b: Corviknight\n|move|p1a: Rillaboom|Wood Hammer|p2a: Indeedee\n|-damage|p2a: Indeedee|0 fnt\n|faint|p2a: Indeedee\n|-damage|p1a: Rillaboom|78\/100|[from] Recoil\n|\n|-weather|Sandstorm|[upkeep]\n|-damage|p1b: Sneasler|47\/100|[from] Sandstorm\n|-damage|p1a: Rillaboom|72\/100|[from] Sandstorm\n|upkeep\n|\n|t:|1730862144\n|switch|p2a: Tyranitar|Tyranitar, L50, F|89\/100\n|switch|p2b: Sneasler|Sneasler, L50, F|100\/100\n|turn|6\n|inactive|Perjutsu24 has 30 seconds left.\n|inactive|cbninjask4uber has 30 seconds left.\n|\n|t:|1730862179\n|-terastallize|p2a: Tyranitar|Flying\n|move|p1b: Sneasler|Close Combat|p2a: Tyranitar\n|-resisted|p2a: Tyranitar\n|-damage|p2a: Tyranitar|59\/100\n|-unboost|p1b: Sneasler|def|1\n|-unboost|p1b: Sneasler|spd|1\n|move|p2b: Sneasler|Coaching|p2a: Tyranitar\n|-boost|p2a: Tyranitar|atk|1\n|-boost|p2a: Tyranitar|def|1\n|move|p1a: Rillaboom|High Horsepower|p2b: Sneasler\n|-supereffective|p2b: Sneasler\n|-damage|p2b: Sneasler|0 fnt\n|faint|p2b: Sneasler\n|move|p2a: Tyranitar|Tera Blast|p1a: Rillaboom|[anim] Tera Blast Flying\n|-supereffective|p1a: Rillaboom\n|-damage|p1a: Rillaboom|0 fnt\n|faint|p1a: Rillaboom\n|\n|-weather|Sandstorm|[upkeep]\n|-damage|p1b: Sneasler|41\/100|[from] Sandstorm\n|-damage|p2a: Tyranitar|53\/100|[from] Sandstorm\n|upkeep\n|\n|t:|1730862195\n|switch|p1a: Pelipper|Pelipper, L50, F|95\/100\n|-weather|RainDance|[from] ability: Drizzle|[of] p1a: Pelipper\n|turn|7\n|\n|t:|1730862201\n|move|p1b: Sneasler|Dire Claw|p2a: Tyranitar\n|-damage|p2a: Tyranitar|27\/100\n|-status|p2a: Tyranitar|slp\n|move|p1a: Pelipper|Weather Ball|p2a: Tyranitar\n|-damage|p2a: Tyranitar|0 fnt\n|faint|p2a: Tyranitar\n|\n|win|Perjutsu24\n|raw|Perjutsu24's rating: 1706 &rarr; <strong>1725<\/strong><br \/>(+19 for winning)\n|raw|cbninjask4uber's rating: 1691 &rarr; <strong>1672<\/strong><br \/>(-19 for losing)\n|l| Mega Delibird X\n|c|\u2606Perjutsu24|Gg\n|l|\u2606Perjutsu24\n|player|p1|\n","uploadtime":1730862455,"views":23,"formatid":"gen9vgc2024regh","rating":1672,"private":0,"password":null}