{"id":"gen9vgc2024regh-2238725987","format":"[Gen 9] VGC 2024 Reg H","players":["datbishgames","Kodora"],"log":"|j|\u2606datbishgames\n|j|\u2606Kodora\n|t:|1730918512\n|gametype|doubles\n|player|p1|datbishgames|mira|1682\n|player|p2|Kodora|170|1710\n|teamsize|p1|6\n|teamsize|p2|6\n|gen|9\n|tier|[Gen 9] VGC 2024 Reg H\n|rated|\n|rule|Species Clause: Limit one of each Pok\u00e9mon\n|rule|Item Clause: Limit 1 of each item\n|clearpoke\n|poke|p1|Whimsicott, L50, M|\n|poke|p1|Basculegion, L50, M|\n|poke|p1|Arcanine-Hisui, L50, M|\n|poke|p1|Hydreigon, L50, M|\n|poke|p1|Farigiraf, L50, F|\n|poke|p1|Pawmot, L50, M|\n|poke|p2|Gholdengo, L50|\n|poke|p2|Basculegion, L50, M|\n|poke|p2|Archaludon, L50, F|\n|poke|p2|Murkrow, L50, M|\n|poke|p2|Weavile, L50, F|\n|poke|p2|Garchomp, L50, F|\n|teampreview|4\n|inactive|Battle timer is ON: inactive players will automatically lose when time's up. (requested by datbishgames)\n|inactive|datbishgames has 60 seconds left.\n|\n|t:|1730918560\n|start\n|switch|p1a: Whimsicott|Whimsicott, L50, M|100\/100\n|switch|p1b: Hydreigon|Hydreigon, L50, M|100\/100\n|switch|p2a: Murkrow|Murkrow, L50, M, shiny|100\/100\n|switch|p2b: Weavile|Weavile, L50, F, shiny|100\/100\n|-ability|p2b: Weavile|Pressure\n|turn|1\n|\n|t:|1730918575\n|-terastallize|p1b: Hydreigon|Fire\n|move|p1a: Whimsicott|Tailwind|p1a: Whimsicott\n|-sidestart|p1: datbishgames|move: Tailwind\n|move|p2a: Murkrow|Tailwind|p2a: Murkrow\n|-sidestart|p2: Kodora|move: Tailwind\n|move|p2b: Weavile|Triple Axel|p1a: Whimsicott\n|-supereffective|p1a: Whimsicott\n|-damage|p1a: Whimsicott|79\/100\n|-supereffective|p1a: Whimsicott\n|-damage|p1a: Whimsicott|35\/100\n|-supereffective|p1a: Whimsicott\n|-damage|p1a: Whimsicott|0 fnt\n|faint|p1a: Whimsicott\n|-hitcount|p1: Whimsicott|3\n|move|p1b: Hydreigon|Heat Wave|p2a: Murkrow|[spread] p2a,p2b\n|-supereffective|p2b: Weavile\n|-damage|p2a: Murkrow|44\/100\n|-enditem|p2b: Weavile|Focus Sash\n|-damage|p2b: Weavile|1\/100\n|-damage|p1b: Hydreigon|91\/100|[from] item: Life Orb\n|\n|upkeep\n|\n|t:|1730918589\n|switch|p1a: Pawmot|Pawmot, L50, M|100\/100\n|turn|2\n|\n|t:|1730918608\n|-terastallize|p2b: Weavile|Ghost\n|move|p2a: Murkrow|Rain Dance|p2a: Murkrow\n|-weather|RainDance\n|move|p2b: Weavile|Triple Axel|p1a: Pawmot|[miss]\n|-miss|p2b: Weavile|p1a: Pawmot\n|move|p1a: Pawmot|Revival Blessing|p1a: Pawmot\n|\n|t:|1730918614\n|-heal|p1: Whimsicott|50\/100|[from] move: Revival Blessing\n|move|p1b: Hydreigon|Heat Wave|p2a: Murkrow|[spread] p2a,p2b\n|-damage|p2a: Murkrow|16\/100\n|-damage|p2b: Weavile|0 fnt\n|faint|p2b: Weavile\n|-damage|p1b: Hydreigon|81\/100|[from] item: Life Orb\n|\n|-weather|RainDance|[upkeep]\n|upkeep\n|inactive|Kodora has 30 seconds left.\n|j| mr pogostick\n|inactive|Kodora has 20 seconds left.\n|inactive|Kodora has 15 seconds left.\n|inactive|Kodora has 10 seconds left.\n|\n|t:|1730918663\n|switch|p2b: Garchomp|Garchomp, L50, F, shiny|100\/100\n|turn|3\n|\n|t:|1730918678\n|switch|p1a: Whimsicott|Whimsicott, L50, M|50\/100\n|move|p2b: Garchomp|Protect|p2b: Garchomp\n|-singleturn|p2b: Garchomp|Protect\n|move|p1b: Hydreigon|Draco Meteor|p2b: Garchomp\n|-activate|p2b: Garchomp|move: Protect\n|move|p2a: Murkrow|Brave Bird|p1a: Whimsicott\n|-supereffective|p1a: Whimsicott\n|-damage|p1a: Whimsicott|0 fnt\n|faint|p1a: Whimsicott\n|-damage|p2a: Murkrow|0 fnt|[from] Recoil\n|faint|p2a: Murkrow\n|\n|-weather|RainDance|[upkeep]\n|upkeep\n|\n|t:|1730918687\n|switch|p1a: Pawmot|Pawmot, L50, M|100\/100\n|switch|p2a: Gholdengo|Gholdengo, L50|100\/100\n|-item|p2a: Gholdengo|Air Balloon\n|turn|4\n|\n|t:|1730918708\n|move|p1a: Pawmot|Fake Out|p2b: Garchomp\n|-damage|p2b: Garchomp|85\/100\n|-damage|p1a: Pawmot|88\/100|[from] ability: Rough Skin|[of] p2b: Garchomp\n|cant|p2b: Garchomp|flinch\n|move|p1b: Hydreigon|Draco Meteor|p2b: Garchomp\n|-supereffective|p2b: Garchomp\n|-damage|p2b: Garchomp|0 fnt\n|-unboost|p1b: Hydreigon|spa|2\n|faint|p2b: Garchomp\n|-damage|p1b: Hydreigon|72\/100|[from] item: Life Orb\n|move|p2a: Gholdengo|Shadow Ball|p1b: Hydreigon\n|-damage|p1b: Hydreigon|18\/100\n|-unboost|p1b: Hydreigon|spd|1\n|\n|-weather|RainDance|[upkeep]\n|-sideend|p1: datbishgames|move: Tailwind\n|-sideend|p2: Kodora|move: Tailwind\n|upkeep\n|turn|5\n|\n|t:|1730918726\n|move|p1a: Pawmot|Double Shock|p2a: Gholdengo\n|-damage|p2a: Gholdengo|33\/100\n|-start|p1a: Pawmot|typechange|???\/Fighting|[from] move: Double Shock\n|-enditem|p2a: Gholdengo|Air Balloon\n|move|p1b: Hydreigon|Dark Pulse|p2a: Gholdengo\n|-supereffective|p2a: Gholdengo\n|-damage|p2a: Gholdengo|0 fnt\n|faint|p2a: Gholdengo\n|-damage|p1b: Hydreigon|8\/100|[from] item: Life Orb\n|\n|win|datbishgames\n|raw|datbishgames's rating: 1682 &rarr; <strong>1704<\/strong><br \/>(+22 for winning)\n|raw|Kodora's rating: 1710 &rarr; <strong>1688<\/strong><br \/>(-22 for losing)\n|l|\u2606Kodora\n|player|p2|\n|l|\u2606datbishgames\n|player|p1|\n|l| mr pogostick\n","uploadtime":1730918882,"views":16,"formatid":"gen9vgc2024regh","rating":1688,"private":0,"password":null}