{"id":"gen9vgc2024regh-2238225072","format":"[Gen 9] VGC 2024 Reg H","players":["roykeenkennedy","647w"],"log":"|j|\u2606roykeenkennedy\n|j|\u2606647w\n|t:|1730851786\n|gametype|doubles\n|player|p1|roykeenkennedy|alder|1709\n|player|p2|647w|lucas-gen4pt|1701\n|teamsize|p1|6\n|teamsize|p2|6\n|gen|9\n|tier|[Gen 9] VGC 2024 Reg H\n|rated|\n|rule|Species Clause: Limit one of each Pok\u00e9mon\n|rule|Item Clause: Limit 1 of each item\n|clearpoke\n|poke|p1|Salamence, L50, M|\n|poke|p1|Incineroar, L50, M|\n|poke|p1|Weezing, L50, F|\n|poke|p1|Dragapult, L50, F|\n|poke|p1|Ursaluna-Bloodmoon, L50, M|\n|poke|p1|Volcarona, L50, F|\n|poke|p2|Kilowattrel, L50, F|\n|poke|p2|Garchomp, L50, F|\n|poke|p2|Archaludon, L50, F|\n|poke|p2|Incineroar, L50, M|\n|poke|p2|Rillaboom, L50, F|\n|poke|p2|Dondozo, L50, F|\n|teampreview|4\n647w has agreed to open team sheets.\n|\n|t:|1730851840\n|start\n|switch|p1a: Weezing|Weezing, L50, F|100\/100\n|switch|p1b: Dragapult|Dragapult, L50, F|100\/100\n|switch|p2a: Incineroar|Incineroar, L50, M|100\/100\n|switch|p2b: Garchomp|Garchomp, L50, F|100\/100\n|-ability|p1a: Weezing|Neutralizing Gas\n|turn|1\n|\n|t:|1730851865\n|-terastallize|p2b: Garchomp|Fairy\n|move|p1b: Dragapult|U-turn|p2a: Incineroar\n|-damage|p2a: Incineroar|67\/100\n|\n|t:|1730851873\n|switch|p1b: Incineroar|Incineroar, L50, M|100\/100|[from] U-turn\n|-ability|p1b: Incineroar|Intimidate|boost\n|-unboost|p2a: Incineroar|atk|1\n|-fail|p2b: Garchomp|unboost|[from] item: Clear Amulet|[of] p2b: Garchomp\n|move|p2b: Garchomp|Dragon Claw|p1b: Incineroar\n|-damage|p1b: Incineroar|66\/100\n|move|p1a: Weezing|Will-O-Wisp|p2b: Garchomp\n|-status|p2b: Garchomp|brn\n|move|p2a: Incineroar|Knock Off|p1a: Weezing\n|-crit|p1a: Weezing\n|-damage|p1a: Weezing|43\/100\n|-enditem|p1a: Weezing|Leftovers|[from] move: Knock Off|[of] p2a: Incineroar\n|\n|-damage|p2b: Garchomp|95\/100 brn|[from] brn\n|upkeep\n|turn|2\n|\n|t:|1730851900\n|switch|p2a: Dondozo|Dondozo, L50, F|100\/100\n|move|p2b: Garchomp|Protect|p2b: Garchomp\n|-singleturn|p2b: Garchomp|Protect\n|move|p1a: Weezing|Sludge Bomb|p2b: Garchomp\n|-activate|p2b: Garchomp|move: Protect\n|move|p1b: Incineroar|Parting Shot|p2a: Dondozo\n|-unboost|p2a: Dondozo|atk|1\n|-unboost|p2a: Dondozo|spa|1\n|\n|t:|1730851912\n|switch|p1b: Dragapult|Dragapult, L50, F|100\/100|[from] Parting Shot\n|\n|-damage|p2b: Garchomp|89\/100 brn|[from] brn\n|upkeep\n|turn|3\n|\n|t:|1730851921\n|-terastallize|p1b: Dragapult|Ghost\n|move|p1b: Dragapult|Tera Blast|p2b: Garchomp|[anim] Tera Blast Ghost\n|-damage|p2b: Garchomp|8\/100 brn\n|move|p2b: Garchomp|Stomping Tantrum|p1a: Weezing\n|-supereffective|p1a: Weezing\n|-damage|p1a: Weezing|11\/100\n|move|p1a: Weezing|Taunt|p2a: Dondozo\n|-start|p2a: Dondozo|move: Taunt\n|cant|p2a: Dondozo|move: Taunt|Yawn\n|\n|-damage|p2b: Garchomp|2\/100 brn|[from] brn\n|upkeep\n|turn|4\n|\n|t:|1730851944\n|move|p1b: Dragapult|Tera Blast|p2b: Garchomp|[anim] Tera Blast Ghost\n|-damage|p2b: Garchomp|0 fnt\n|faint|p2b: Garchomp\n|move|p1a: Weezing|Sludge Bomb|p2a: Dondozo\n|-damage|p2a: Dondozo|83\/100\n|move|p2a: Dondozo|Wave Crash|p1a: Weezing\n|-damage|p1a: Weezing|0 fnt\n|faint|p1a: Weezing\n|-end|p1a: Weezing|ability: Neutralizing Gas\n|-damage|p2a: Dondozo|80\/100|[from] Recoil\n|\n|-heal|p2a: Dondozo|86\/100|[from] item: Leftovers\n|upkeep\n|\n|t:|1730851959\n|switch|p2b: Archaludon|Archaludon, L50, F|100\/100\n|switch|p1a: Ursaluna|Ursaluna-Bloodmoon, L50, M|100\/100\n|turn|5\n|\n|t:|1730851967\n|move|p1b: Dragapult|Tera Blast|p2a: Dondozo|[anim] Tera Blast Ghost\n|-damage|p2a: Dondozo|40\/100\n|move|p2b: Archaludon|Aura Sphere|p1a: Ursaluna\n|-supereffective|p1a: Ursaluna\n|-damage|p1a: Ursaluna|57\/100\n|move|p1a: Ursaluna|Earth Power|p2b: Archaludon\n|-supereffective|p2b: Archaludon\n|-ability|p2b: Archaludon|Sturdy\n|-damage|p2b: Archaludon|1\/100\n|move|p2a: Dondozo|Wave Crash|p1a: Ursaluna\n|-supereffective|p1a: Ursaluna\n|-damage|p1a: Ursaluna|15\/100\n|-damage|p2a: Dondozo|29\/100|[from] Recoil\n|\n|-heal|p2a: Dondozo|35\/100|[from] item: Leftovers\n|-end|p2a: Dondozo|move: Taunt\n|upkeep\n|turn|6\n|l|\u2606roykeenkennedy\n|player|p1|\n|j|\u2606roykeenkennedy\n|player|p1|roykeenkennedy|alder|\n|\n|t:|1730852009\n|switch|p2b: Incineroar|Incineroar, L50, M|67\/100\n|-ability|p2b: Incineroar|Intimidate|boost\n|-unboost|p1a: Ursaluna|atk|1\n|-fail|p1b: Dragapult|unboost|[from] ability: Clear Body|[of] p1b: Dragapult\n|move|p2a: Dondozo|Protect|p2a: Dondozo\n|-singleturn|p2a: Dondozo|Protect\n|move|p1a: Ursaluna|Vacuum Wave|p2b: Incineroar\n|-supereffective|p2b: Incineroar\n|-damage|p2b: Incineroar|38\/100\n|move|p1b: Dragapult|Tera Blast|p2a: Dondozo|[anim] Tera Blast Ghost\n|-activate|p2a: Dondozo|move: Protect\n|\n|-heal|p2a: Dondozo|41\/100|[from] item: Leftovers\n|upkeep\n|turn|7\n|\n|t:|1730852029\n|move|p1b: Dragapult|Tera Blast|p2a: Dondozo|[anim] Tera Blast Ghost\n|-damage|p2a: Dondozo|0 fnt\n|faint|p2a: Dondozo\n|move|p1a: Ursaluna|Earth Power|p2b: Incineroar\n|-supereffective|p2b: Incineroar\n|-damage|p2b: Incineroar|0 fnt\n|faint|p2b: Incineroar\n|\n|upkeep\n|\n|t:|1730852032\n|switch|p2b: Archaludon|Archaludon, L50, F|1\/100\n|turn|8\n|\n|t:|1730852043\n|move|p1a: Ursaluna|Vacuum Wave|p2b: Archaludon\n|-supereffective|p2b: Archaludon\n|-damage|p2b: Archaludon|0 fnt\n|faint|p2b: Archaludon\n|\n|win|roykeenkennedy\n|raw|roykeenkennedy's rating: 1709 &rarr; <strong>1729<\/strong><br \/>(+20 for winning)\n|raw|647w's rating: 1701 &rarr; <strong>1681<\/strong><br \/>(-20 for losing)\n|l|\u2606647w\n|player|p2|\n|l|\u2606roykeenkennedy\n|player|p1|\n","uploadtime":1730852262,"views":19,"formatid":"gen9vgc2024regh","rating":1681,"private":0,"password":null}