{"id":"gen9vgc2024regh-2238090324","format":"[Gen 9] VGC 2024 Reg H","players":["Gurrasnurra5","DOU Test 9000"],"log":"|j|\u2606Gurrasnurra5\n|j|\u2606DOU Test 9000\n|t:|1730837512\n|gametype|doubles\n|player|p1|Gurrasnurra5|wattson|1659\n|player|p2|DOU Test 9000|pilot|1693\n|teamsize|p1|6\n|teamsize|p2|6\n|gen|9\n|tier|[Gen 9] VGC 2024 Reg H\n|rated|\n|rule|Species Clause: Limit one of each Pok\u00e9mon\n|rule|Item Clause: Limit 1 of each item\n|clearpoke\n|poke|p1|Porygon2, L50|\n|poke|p1|Incineroar, L50, F|\n|poke|p1|Rillaboom, L50, F|\n|poke|p1|Kingambit, L50, F|\n|poke|p1|Sneasler, L50, F|\n|poke|p1|Basculegion, L50, M|\n|poke|p2|Rotom-Wash, L50|\n|poke|p2|Meowscarada, L50, M|\n|poke|p2|Kingambit, L50, F|\n|poke|p2|Armarouge, L50, F|\n|poke|p2|Dragapult, L50, M|\n|poke|p2|Venusaur, L50, M|\n|teampreview|4\n|inactive|Battle timer is ON: inactive players will automatically lose when time's up. (requested by Gurrasnurra5)\nGurrasnurra5 has agreed to open team sheets.\n|inactive|Gurrasnurra5 has 60 seconds left.\n|inactive|DOU Test 9000 has 60 seconds left.\n|j| Eragonius\n|\n|t:|1730837562\n|start\n|switch|p1a: Porygon2|Porygon2, L50|100\/100\n|switch|p1b: Rillaboom|Rillaboom, L50, F|100\/100\n|switch|p2a: Meowscarada|Meowscarada, L50, M|100\/100\n|switch|p2b: Rotom|Rotom-Wash, L50|100\/100\n|-fieldstart|move: Grassy Terrain|[from] ability: Grassy Surge|[of] p1b: Rillaboom\n|-ability|p1a: Porygon2|Download|boost\n|-boost|p1a: Porygon2|atk|1\n|turn|1\n|\n|t:|1730837577\n|move|p2a: Meowscarada|Knock Off|p1a: Porygon2\n|-damage|p1a: Porygon2|74\/100\n|-enditem|p1a: Porygon2|Eviolite|[from] move: Knock Off|[of] p2a: Meowscarada\n|move|p2b: Rotom|Will-O-Wisp|p1b: Rillaboom|[miss]\n|-miss|p2b: Rotom|p1b: Rillaboom\n|move|p1b: Rillaboom|Wood Hammer|p2b: Rotom\n|-supereffective|p2b: Rotom\n|-damage|p2b: Rotom|0 fnt\n|faint|p2b: Rotom\n|-damage|p1b: Rillaboom|75\/100|[from] Recoil\n|move|p1a: Porygon2|Trick Room|p1a: Porygon2\n|-fieldstart|move: Trick Room|[of] p1a: Porygon2\n|\n|-heal|p1a: Porygon2|80\/100|[from] Grassy Terrain\n|-heal|p1b: Rillaboom|81\/100|[from] Grassy Terrain\n|upkeep\n|\n|t:|1730837587\n|switch|p2b: Armarouge|Armarouge, L50, F|100\/100\n|turn|2\n|\n|t:|1730837606\n|-terastallize|p1b: Rillaboom|Fire\n|move|p2b: Armarouge|Protect|p2b: Armarouge\n|-singleturn|p2b: Armarouge|Protect\n|move|p2a: Meowscarada|Protect|p2a: Meowscarada\n|-singleturn|p2a: Meowscarada|Protect\n|move|p1a: Porygon2|Ice Beam|p2a: Meowscarada\n|-activate|p2a: Meowscarada|move: Protect\n|move|p1b: Rillaboom|Wood Hammer|p2a: Meowscarada\n|-activate|p2a: Meowscarada|move: Protect\n|\n|-heal|p1a: Porygon2|85\/100|[from] Grassy Terrain\n|-heal|p1b: Rillaboom|87\/100|[from] Grassy Terrain\n|upkeep\n|turn|3\n|inactive|DOU Test 9000 has 30 seconds left.\n|\n|t:|1730837631\n|move|p1a: Porygon2|Ice Beam|p2a: Meowscarada\n|-supereffective|p2a: Meowscarada\n|-damage|p2a: Meowscarada|28\/100\n|move|p1b: Rillaboom|Wood Hammer|p2a: Meowscarada\n|-resisted|p2a: Meowscarada\n|-damage|p2a: Meowscarada|0 fnt\n|faint|p2a: Meowscarada\n|-damage|p1b: Rillaboom|80\/100|[from] Recoil\n|move|p2b: Armarouge|Meteor Beam||[still]\n|-prepare|p2b: Armarouge|Meteor Beam\n|-boost|p2b: Armarouge|spa|1\n|-enditem|p2b: Armarouge|Power Herb\n|-anim|p2b: Armarouge|Meteor Beam|p1b: Rillaboom\n|-supereffective|p1b: Rillaboom\n|-damage|p1b: Rillaboom|0 fnt\n|faint|p1b: Rillaboom\n|\n|-heal|p1a: Porygon2|91\/100|[from] Grassy Terrain\n|upkeep\n|\n|t:|1730837638\n|switch|p1b: Sneasler|Sneasler, L50, F|100\/100\n|switch|p2a: Venusaur|Venusaur, L50, M|100\/100\n|-enditem|p1b: Sneasler|Grassy Seed\n|-boost|p1b: Sneasler|def|1|[from] item: Grassy Seed\n|turn|4\n|\n|t:|1730837656\n|move|p2b: Armarouge|Protect|p2b: Armarouge\n|-singleturn|p2b: Armarouge|Protect\n|move|p2a: Venusaur|Protect|p2a: Venusaur\n|-singleturn|p2a: Venusaur|Protect\n|move|p1b: Sneasler|Protect|p1b: Sneasler\n|-singleturn|p1b: Sneasler|Protect\n|move|p1a: Porygon2|Trick Room|p1a: Porygon2\n|-fieldend|move: Trick Room\n|\n|-heal|p1a: Porygon2|97\/100|[from] Grassy Terrain\n|upkeep\n|turn|5\n|\n|t:|1730837676\n|move|p1b: Sneasler|Dire Claw|p2a: Venusaur\n|-damage|p2a: Venusaur|51\/100\n|-status|p2a: Venusaur|par\n|move|p2b: Armarouge|Heat Wave|p1b: Sneasler|[spread] p1a,p1b\n|-damage|p1a: Porygon2|55\/100\n|-damage|p1b: Sneasler|29\/100\n|move|p2a: Venusaur|Giga Drain|p1a: Porygon2\n|-damage|p1a: Porygon2|16\/100\n|-heal|p2a: Venusaur|73\/100 par|[from] drain|[of] p1a: Porygon2\n|move|p1a: Porygon2|Tera Blast|p2a: Venusaur\n|-damage|p2a: Venusaur|38\/100 par\n|\n|-heal|p1b: Sneasler|35\/100|[from] Grassy Terrain\n|-heal|p2a: Venusaur|44\/100 par|[from] Grassy Terrain\n|-heal|p2a: Venusaur|50\/100 par|[from] item: Leftovers\n|-heal|p1a: Porygon2|22\/100|[from] Grassy Terrain\n|-fieldend|move: Grassy Terrain\n|upkeep\n|turn|6\n|\n|t:|1730837699\n|move|p1b: Sneasler|Dire Claw|p2a: Venusaur\n|-damage|p2a: Venusaur|0 fnt\n|faint|p2a: Venusaur\n|move|p2b: Armarouge|Heat Wave|p1b: Sneasler|[spread] p1a\n|-miss|p2b: Armarouge|p1b: Sneasler\n|-damage|p1a: Porygon2|0 fnt\n|faint|p1a: Porygon2\n|\n|upkeep\n|\n|t:|1730837703\n|switch|p1a: Basculegion|Basculegion, L50, M|100\/100\n|turn|7\n|\n|t:|1730837709\n|move|p2b: Armarouge|Protect|p2b: Armarouge\n|-singleturn|p2b: Armarouge|Protect\n|move|p1b: Sneasler|Dire Claw|p2b: Armarouge\n|-activate|p2b: Armarouge|move: Protect\n|move|p1a: Basculegion|Last Respects|p2b: Armarouge\n|-activate|p2b: Armarouge|move: Protect\n|\n|upkeep\n|turn|8\n|\n|t:|1730837719\n|-terastallize|p2b: Armarouge|Dark\n|move|p1b: Sneasler|Dire Claw|p2b: Armarouge\n|-crit|p2b: Armarouge\n|-damage|p2b: Armarouge|39\/100\n|-status|p2b: Armarouge|psn\n|move|p1a: Basculegion|Last Respects|p2b: Armarouge\n|-resisted|p2b: Armarouge\n|-damage|p2b: Armarouge|0 fnt\n|faint|p2b: Armarouge\n|\n|win|Gurrasnurra5\n|raw|Gurrasnurra5's rating: 1659 &rarr; <strong>1681<\/strong><br \/>(+22 for winning)\n|raw|DOU Test 9000's rating: 1693 &rarr; <strong>1671<\/strong><br \/>(-22 for losing)\n|l|\u2606DOU Test 9000\n|player|p2|\n|l|\u2606Gurrasnurra5\n|player|p1|\n|l| Eragonius\n","uploadtime":1730837965,"views":21,"formatid":"gen9vgc2024regh","rating":1671,"private":0,"password":null}