{"id":"gen9vgc2024regh-2238566832","format":"[Gen 9] VGC 2024 Reg H","players":["greenlightdmp","647w"],"log":"|j|\u2606greenlightdmp\n|j|\u2606647w\n|t:|1730902958\n|gametype|doubles\n|player|p1|greenlightdmp|101|1736\n|player|p2|647w|lucas-gen4pt|1723\n|teamsize|p1|6\n|teamsize|p2|6\n|gen|9\n|tier|[Gen 9] VGC 2024 Reg H\n|rated|\n|rule|Species Clause: Limit one of each Pok\u00e9mon\n|rule|Item Clause: Limit 1 of each item\n|clearpoke\n|poke|p1|Sneasler, L50, F|\n|poke|p1|Indeedee-F, L50, F|\n|poke|p1|Murkrow, L50, M|\n|poke|p1|Archaludon, L50, F|\n|poke|p1|Basculegion, L50, M|\n|poke|p1|Volcarona, L50, F|\n|poke|p2|Kilowattrel, L50, M|\n|poke|p2|Garchomp, L50, F|\n|poke|p2|Archaludon, L50, F|\n|poke|p2|Incineroar, L50, F|\n|poke|p2|Rillaboom, L50, F|\n|poke|p2|Dondozo, L50, M|\n|teampreview|4\n647w has agreed to open team sheets.\n|j| nistaka\n|\n|t:|1730903017\n|start\n|switch|p1a: VEGETA|Basculegion, L50, M|100\/100\n|switch|p1b: MeganTheeStallion|Indeedee-F, L50, F|100\/100\n|switch|p2a: Kilowattrel|Kilowattrel, L50, M|100\/100\n|switch|p2b: Garchomp|Garchomp, L50, F|100\/100\n|-fieldstart|move: Psychic Terrain|[from] ability: Psychic Surge|[of] p1b: MeganTheeStallion\n|turn|1\n|j| jdarcan\n|\n|t:|1730903034\n|switch|p2b: Dondozo|Dondozo, L50, M|100\/100\n|move|p2a: Kilowattrel|Protect|p2a: Kilowattrel\n|-singleturn|p2a: Kilowattrel|Protect\n|move|p1a: VEGETA|Flip Turn|p2a: Kilowattrel\n|-activate|p2a: Kilowattrel|move: Protect\n|move|p1b: MeganTheeStallion|Trick Room|p1b: MeganTheeStallion\n|-fieldstart|move: Trick Room|[of] p1b: MeganTheeStallion\n|\n|upkeep\n|turn|2\n|\n|t:|1730903050\n|switch|p1a: MACHBACK|Archaludon, L50, F|100\/100\n|move|p2b: Dondozo|Yawn|p1b: MeganTheeStallion\n|-start|p1b: MeganTheeStallion|move: Yawn|[of] p2b: Dondozo\n|move|p1b: MeganTheeStallion|Psychic|p2b: Dondozo\n|-damage|p2b: Dondozo|73\/100\n|move|p2a: Kilowattrel|Thunderbolt|p1a: MACHBACK\n|-resisted|p1a: MACHBACK\n|-damage|p1a: MACHBACK|82\/100\n|-status|p1a: MACHBACK|par\n|-ability|p1a: MACHBACK|Stamina|boost\n|-boost|p1a: MACHBACK|def|1\n|\n|-heal|p2b: Dondozo|79\/100|[from] item: Leftovers\n|upkeep\n|turn|3\n|j| stewpeed\n|\n|t:|1730903081\n|switch|p2a: Incineroar|Incineroar, L50, F|100\/100\n|-ability|p2a: Incineroar|Intimidate|boost\n|-unboost|p1a: MACHBACK|atk|1\n|-unboost|p1b: MeganTheeStallion|atk|1\n|move|p2b: Dondozo|Fissure|p1a: MACHBACK|[miss]\n|-miss|p2b: Dondozo|p1a: MACHBACK\n|move|p1a: MACHBACK|Electro Shot||[still]\n|-prepare|p1a: MACHBACK|Electro Shot\n|-boost|p1a: MACHBACK|spa|1\n|move|p1b: MeganTheeStallion|Psychic|p2a: Incineroar\n|-immune|p2a: Incineroar\n|\n|-heal|p2b: Dondozo|86\/100|[from] item: Leftovers\n|-end|p1b: MeganTheeStallion|move: Yawn|[silent]\n|-status|p1b: MeganTheeStallion|slp\n|-enditem|p1b: MeganTheeStallion|Lum Berry|[eat]\n|-curestatus|p1b: MeganTheeStallion|slp|[msg]\n|upkeep\n|turn|4\n|\n|t:|1730903113\n|move|p2b: Dondozo|Protect|p2b: Dondozo\n|-singleturn|p2b: Dondozo|Protect\n|move|p1a: MACHBACK|Electro Shot|p2b: Dondozo|[from]lockedmove\n|-activate|p2b: Dondozo|move: Protect\n|move|p2a: Incineroar|Knock Off|p1b: MeganTheeStallion\n|-supereffective|p1b: MeganTheeStallion\n|-damage|p1b: MeganTheeStallion|33\/100\n|move|p1b: MeganTheeStallion|Psychic|p2b: Dondozo\n|-activate|p2b: Dondozo|move: Protect\n|\n|-heal|p2b: Dondozo|92\/100|[from] item: Leftovers\n|upkeep\n|turn|5\n|\n|t:|1730903126\n|move|p2b: Dondozo|Fissure|p1a: MACHBACK|[miss]\n|-miss|p2b: Dondozo|p1a: MACHBACK\n|cant|p1a: MACHBACK|par\n|move|p2a: Incineroar|Knock Off|p1b: MeganTheeStallion\n|-supereffective|p1b: MeganTheeStallion\n|-damage|p1b: MeganTheeStallion|0 fnt\n|faint|p1b: MeganTheeStallion\n|\n|-heal|p2b: Dondozo|98\/100|[from] item: Leftovers\n|-fieldend|move: Trick Room\n|-fieldend|move: Psychic Terrain\n|upkeep\n|\n|t:|1730903134\n|switch|p1b: VEGETA|Basculegion, L50, M|100\/100\n|turn|6\n|\n|t:|1730903152\n|switch|p2a: Kilowattrel|Kilowattrel, L50, M|100\/100\n|move|p1b: VEGETA|Flip Turn|p2a: Kilowattrel\n|-damage|p2a: Kilowattrel|22\/100\n|\n|t:|1730903158\n|switch|p1b: Raf Camora|Murkrow, L50, M|100\/100|[from] Flip Turn\n|move|p1a: MACHBACK|Body Press|p2a: Kilowattrel\n|-resisted|p2a: Kilowattrel\n|-damage|p2a: Kilowattrel|0 fnt\n|faint|p2a: Kilowattrel\n|move|p2b: Dondozo|Yawn|p1b: Raf Camora\n|-start|p1b: Raf Camora|move: Yawn|[of] p2b: Dondozo\n|\n|-heal|p2b: Dondozo|100\/100|[from] item: Leftovers\n|upkeep\n|\n|t:|1730903166\n|switch|p2a: Incineroar|Incineroar, L50, F|100\/100\n|-ability|p2a: Incineroar|Intimidate|boost\n|-unboost|p1a: MACHBACK|atk|1\n|-unboost|p1b: Raf Camora|atk|1\n|turn|7\n|\n|t:|1730903194\n|-terastallize|p1b: Raf Camora|Ghost\n|move|p2b: Dondozo|Protect|p2b: Dondozo\n|-singleturn|p2b: Dondozo|Protect\n|move|p1b: Raf Camora|Rain Dance|p1b: Raf Camora\n|-weather|RainDance\n|move|p2a: Incineroar|Knock Off|p1b: Raf Camora\n|-supereffective|p1b: Raf Camora\n|-crit|p1b: Raf Camora\n|-damage|p1b: Raf Camora|0 fnt\n|-enditem|p1b: Raf Camora|Eviolite|[from] move: Knock Off|[of] p2a: Incineroar\n|faint|p1b: Raf Camora\n|move|p1a: MACHBACK|Electro Shot||[still]\n|-prepare|p1a: MACHBACK|Electro Shot\n|-boost|p1a: MACHBACK|spa|1\n|-anim|p1a: MACHBACK|Electro Shot|p2b: Dondozo\n|-activate|p2b: Dondozo|move: Protect\n|\n|-weather|RainDance|[upkeep]\n|upkeep\n|\n|t:|1730903211\n|switch|p1b: VEGETA|Basculegion, L50, M|100\/100\n|turn|8\n|\n|t:|1730903234\n|switch|p2b: Garchomp|Garchomp, L50, F|100\/100\n|move|p1b: VEGETA|Wave Crash|p2a: Incineroar\n|-supereffective|p2a: Incineroar\n|-damage|p2a: Incineroar|0 fnt\n|faint|p2a: Incineroar\n|-damage|p1b: VEGETA|66\/100|[from] Recoil\n|move|p1a: MACHBACK|Electro Shot||[still]\n|-prepare|p1a: MACHBACK|Electro Shot\n|-boost|p1a: MACHBACK|spa|1\n|-anim|p1a: MACHBACK|Electro Shot|p2b: Garchomp\n|-immune|p2b: Garchomp\n|\n|-weather|RainDance|[upkeep]\n|upkeep\n|\n|t:|1730903241\n|switch|p2a: Dondozo|Dondozo, L50, M|100\/100\n|turn|9\n|\n|t:|1730903255\n|move|p2b: Garchomp|Protect|p2b: Garchomp\n|-singleturn|p2b: Garchomp|Protect\n|move|p2a: Dondozo|Protect|p2a: Dondozo\n|-singleturn|p2a: Dondozo|Protect\n|move|p1b: VEGETA|Wave Crash|p2b: Garchomp\n|-activate|p2b: Garchomp|move: Protect\n|move|p1a: MACHBACK|Flash Cannon|p2b: Garchomp\n|-activate|p2b: Garchomp|move: Protect\n|\n|-weather|RainDance|[upkeep]\n|upkeep\n|turn|10\n|\n|t:|1730903269\n|move|p1b: VEGETA|Wave Crash|p2b: Garchomp\n|-damage|p2b: Garchomp|0 fnt\n|-damage|p1b: VEGETA|54\/100|[from] ability: Rough Skin|[of] p2b: Garchomp\n|faint|p2b: Garchomp\n|-damage|p1b: VEGETA|23\/100|[from] Recoil\n|cant|p1a: MACHBACK|par\n|move|p2a: Dondozo|Fissure|p1a: MACHBACK|[miss]\n|-miss|p2a: Dondozo|p1a: MACHBACK\n|\n|-weather|RainDance|[upkeep]\n|upkeep\n|turn|11\n|j| Wade9029\n|\n|t:|1730903289\n|move|p2a: Dondozo|Protect|p2a: Dondozo\n|-singleturn|p2a: Dondozo|Protect\n|move|p1b: VEGETA|Wave Crash|p2a: Dondozo\n|-activate|p2a: Dondozo|move: Protect\n|move|p1a: MACHBACK|Electro Shot||[still]\n|-prepare|p1a: MACHBACK|Electro Shot\n|-boost|p1a: MACHBACK|spa|1\n|-anim|p1a: MACHBACK|Electro Shot|p2a: Dondozo\n|-activate|p2a: Dondozo|move: Protect\n|\n|-weather|none\n|upkeep\n|turn|12\n|\n|t:|1730903295\n|move|p1b: VEGETA|Wave Crash|p2a: Dondozo\n|-resisted|p2a: Dondozo\n|-damage|p2a: Dondozo|75\/100\n|-damage|p1b: VEGETA|11\/100|[from] Recoil\n|move|p1a: MACHBACK|Draco Meteor|p2a: Dondozo\n|-damage|p2a: Dondozo|30\/100\n|-unboost|p1a: MACHBACK|spa|2\n|move|p2a: Dondozo|Fissure|p1a: MACHBACK|[miss]\n|-miss|p2a: Dondozo|p1a: MACHBACK\n|\n|-heal|p2a: Dondozo|36\/100|[from] item: Leftovers\n|upkeep\n|turn|13\n|\n|t:|1730903305\n|move|p1b: VEGETA|Wave Crash|p2a: Dondozo\n|-resisted|p2a: Dondozo\n|-damage|p2a: Dondozo|12\/100\n|-damage|p1b: VEGETA|1\/100|[from] Recoil\n|move|p1a: MACHBACK|Draco Meteor|p2a: Dondozo\n|-damage|p2a: Dondozo|0 fnt\n|-unboost|p1a: MACHBACK|spa|2\n|faint|p2a: Dondozo\n|\n|win|greenlightdmp\n|raw|greenlightdmp's rating: 1736 &rarr; <strong>1755<\/strong><br \/>(+19 for winning)\n|raw|647w's rating: 1723 &rarr; <strong>1704<\/strong><br \/>(-19 for losing)\n|l|\u2606647w\n|player|p2|\n|l| stewpeed\n|l| nistaka\n|l|\u2606greenlightdmp\n|player|p1|\n|l| jdarcan\n","uploadtime":1730903517,"views":8,"formatid":"gen9vgc2024regh","rating":1704,"private":0,"password":null}