{"id":"gen9vgc2024regh-2238640948","format":"[Gen 9] VGC 2024 Reg H","players":["iwbyh","Brave12223"],"log":"|j|\u2606iwbyh\n|j|\u2606Brave12223\n|t:|1730910366\n|gametype|doubles\n|player|p1|iwbyh|cynthia-gen4|1721\n|player|p2|Brave12223|ingo|1771\n|teamsize|p1|6\n|teamsize|p2|6\n|gen|9\n|tier|[Gen 9] VGC 2024 Reg H\n|rated|\n|rule|Species Clause: Limit one of each Pok\u00e9mon\n|rule|Item Clause: Limit 1 of each item\n|clearpoke\n|poke|p1|Indeedee-F, L50, F|\n|poke|p1|Torkoal, L50, F|\n|poke|p1|Dusclops, L50, F|\n|poke|p1|Hatterene, L50, F|\n|poke|p1|Gallade, L50, M|\n|poke|p1|Maushold-Four, L50|\n|poke|p2|Baxcalibur, L50, M|\n|poke|p2|Ninetales-Alola, L50, F|\n|poke|p2|Rillaboom, L50, M|\n|poke|p2|Incineroar, L50, F|\n|poke|p2|Basculegion, L50, M|\n|poke|p2|Kingambit, L50, M|\n|teampreview|4\n|inactive|Battle timer is ON: inactive players will automatically lose when time's up. (requested by Brave12223)\n|\n|t:|1730910394\n|start\n|switch|p1a: Indeedee|Indeedee-F, L50, F|100\/100\n|switch|p1b: Gallade|Gallade, L50, M|100\/100\n|switch|p2a: Incineroar|Incineroar, L50, F|100\/100\n|switch|p2b: Kingambit|Kingambit, L50, M|100\/100\n|-fieldstart|move: Psychic Terrain|[from] ability: Psychic Surge|[of] p1a: Indeedee\n|-ability|p2a: Incineroar|Intimidate|boost\n|-unboost|p1a: Indeedee|atk|1\n|-fail|p1b: Gallade|unboost|[from] item: Clear Amulet|[of] p1b: Gallade\n|turn|1\n|inactive|iwbyh has 30 seconds left.\n|inactive|iwbyh has 20 seconds left.\n|inactive|iwbyh has 15 seconds left.\n|inactive|iwbyh has 10 seconds left.\n|\n|t:|1730910441\n|switch|p2b: Rillaboom|Rillaboom, L50, M|100\/100\n|-fieldstart|move: Grassy Terrain|[from] ability: Grassy Surge|[of] p2b: Rillaboom\n|-terastallize|p1a: Indeedee|Grass\n|move|p2a: Incineroar|Fake Out|p1b: Gallade\n|-damage|p1b: Gallade|87\/100\n|cant|p1b: Gallade|flinch\n|move|p1a: Indeedee|Trick Room|p1a: Indeedee\n|-fieldstart|move: Trick Room|[of] p1a: Indeedee\n|\n|-heal|p1b: Gallade|93\/100|[from] Grassy Terrain\n|upkeep\n|turn|2\n|\n|t:|1730910463\n|switch|p1a: Hatterene|Hatterene, L50, F|100\/100\n|-terastallize|p2a: Incineroar|Ghost\n|move|p2a: Incineroar|Knock Off|p1b: Gallade\n|-damage|p1b: Gallade|42\/100\n|-enditem|p1b: Gallade|Clear Amulet|[from] move: Knock Off|[of] p2a: Incineroar\n|move|p1b: Gallade|Sacred Sword|p2a: Incineroar\n|-immune|p2a: Incineroar\n|move|p2b: Rillaboom|U-turn|p1a: Hatterene\n|-damage|p1a: Hatterene|74\/100\n|\n|t:|1730910475\n|switch|p2b: Kingambit|Kingambit, L50, M|100\/100|[from] U-turn\n|\n|-heal|p1a: Hatterene|80\/100|[from] Grassy Terrain\n|-heal|p1b: Gallade|48\/100|[from] Grassy Terrain\n|upkeep\n|turn|3\n|\n|t:|1730910492\n|switch|p1b: Indeedee|Indeedee-F, L50, F, tera:Grass|100\/100\n|-fieldstart|move: Psychic Terrain|[from] ability: Psychic Surge|[of] p1b: Indeedee\n|move|p1a: Hatterene|Expanding Force|p2a: Incineroar|[spread] p2a\n|-immune|p2b: Kingambit\n|-damage|p2a: Incineroar|24\/100\n|-damage|p1a: Hatterene|70\/100|[from] item: Life Orb\n|move|p2b: Kingambit|Kowtow Cleave|p1b: Indeedee\n|-damage|p1b: Indeedee|44\/100\n|-damage|p2b: Kingambit|84\/100|[from] item: Rocky Helmet|[of] p1b: Indeedee\n|move|p2a: Incineroar|Knock Off|p1a: Hatterene\n|-damage|p1a: Hatterene|24\/100\n|-enditem|p1a: Hatterene|Life Orb|[from] move: Knock Off|[of] p2a: Incineroar\n|\n|upkeep\n|turn|4\n|inactive|Brave12223 has 30 seconds left.\n|\n|t:|1730910527\n|switch|p2a: Rillaboom|Rillaboom, L50, M|100\/100\n|-fieldstart|move: Grassy Terrain|[from] ability: Grassy Surge|[of] p2a: Rillaboom\n|move|p1a: Hatterene|Mystical Fire|p2b: Kingambit\n|-supereffective|p2b: Kingambit\n|-damage|p2b: Kingambit|22\/100\n|-unboost|p2b: Kingambit|spa|1\n|-ability|p2b: Kingambit|Defiant|boost\n|-boost|p2b: Kingambit|atk|2\n|move|p2b: Kingambit|Kowtow Cleave|p1a: Hatterene\n|-damage|p1a: Hatterene|0 fnt\n|faint|p1a: Hatterene\n|move|p1b: Indeedee|Psychic|p2a: Rillaboom\n|-damage|p2a: Rillaboom|77\/100\n|\n|-heal|p2b: Kingambit|28\/100|[from] Grassy Terrain\n|-heal|p1b: Indeedee|50\/100|[from] Grassy Terrain\n|-heal|p2a: Rillaboom|83\/100|[from] Grassy Terrain\n|upkeep\n|\n|t:|1730910549\n|switch|p1a: Torkoal|Torkoal, L50, F|100\/100\n|-weather|SunnyDay|[from] ability: Drought|[of] p1a: Torkoal\n|turn|5\n|\n|t:|1730910569\n|move|p1b: Indeedee|Follow Me|p1b: Indeedee\n|-singleturn|p1b: Indeedee|move: Follow Me\n|move|p1a: Torkoal|Eruption|p2a: Rillaboom|[spread] p2a,p2b\n|-supereffective|p2a: Rillaboom\n|-supereffective|p2b: Kingambit\n|-damage|p2a: Rillaboom|0 fnt\n|-damage|p2b: Kingambit|0 fnt\n|faint|p2a: Rillaboom\n|faint|p2b: Kingambit\n|\n|-weather|SunnyDay|[upkeep]\n|-heal|p1b: Indeedee|56\/100|[from] Grassy Terrain\n|-fieldend|move: Trick Room\n|upkeep\n|\n|t:|1730910573\n|switch|p2a: Baxcalibur|Baxcalibur, L50, M|100\/100\n|switch|p2b: Incineroar|Incineroar, L50, F, tera:Ghost|24\/100\n|-ability|p2b: Incineroar|Intimidate|boost\n|-unboost|p1a: Torkoal|atk|1\n|-unboost|p1b: Indeedee|atk|1\n|turn|6\n|inactive|iwbyh has 30 seconds left.\n|\n|t:|1730910607\n|switch|p1a: Gallade|Gallade, L50, M|48\/100\n|move|p2b: Incineroar|Fake Out|p1a: Gallade\n|-damage|p1a: Gallade|34\/100\n|move|p2a: Baxcalibur|Icicle Spear|p1b: Indeedee\n|-supereffective|p1b: Indeedee\n|-damage|p1b: Indeedee|25\/100\n|-supereffective|p1b: Indeedee\n|-damage|p1b: Indeedee|0 fnt\n|faint|p1b: Indeedee\n|-hitcount|p1: Indeedee|2\n|\n|-weather|SunnyDay|[upkeep]\n|-heal|p1a: Gallade|40\/100|[from] Grassy Terrain\n|-heal|p2b: Incineroar|30\/100|[from] Grassy Terrain\n|upkeep\n|j| Kaitodark\n|\n|t:|1730910620\n|switch|p1b: Torkoal|Torkoal, L50, F|100\/100\n|turn|7\n|inactive|Brave12223 has 30 seconds left.\n|\n|t:|1730910648\n|move|p2a: Baxcalibur|Icicle Spear|p1a: Gallade\n|-damage|p1a: Gallade|20\/100\n|-damage|p1a: Gallade|0 fnt\n|faint|p1a: Gallade\n|-hitcount|p1: Gallade|2\n|move|p2b: Incineroar|Knock Off|p1b: Torkoal\n|-damage|p1b: Torkoal|72\/100\n|-enditem|p1b: Torkoal|Choice Specs|[from] move: Knock Off|[of] p2b: Incineroar\n|move|p1b: Torkoal|Weather Ball|p2b: Incineroar\n|-damage|p2b: Incineroar|0 fnt\n|faint|p2b: Incineroar\n|\n|-weather|SunnyDay|[upkeep]\n|-heal|p1b: Torkoal|78\/100|[from] Grassy Terrain\n|upkeep\n|turn|8\n|inactive|iwbyh has 30 seconds left.\n|\n|t:|1730910673\n|move|p2a: Baxcalibur|Scale Shot|p1b: Torkoal\n|-damage|p1b: Torkoal|66\/100\n|-damage|p1b: Torkoal|54\/100\n|-damage|p1b: Torkoal|42\/100\n|-damage|p1b: Torkoal|30\/100\n|-damage|p1b: Torkoal|18\/100\n|-hitcount|p1b: Torkoal|5\n|-unboost|p2a: Baxcalibur|def|1\n|-boost|p2a: Baxcalibur|spe|1\n|move|p1b: Torkoal|Weather Ball|p2a: Baxcalibur\n|-damage|p2a: Baxcalibur|33\/100\n|-ability|p2a: Baxcalibur|Thermal Exchange|boost\n|-boost|p2a: Baxcalibur|atk|1\n|\n|-weather|SunnyDay|[upkeep]\n|-heal|p2a: Baxcalibur|39\/100|[from] Grassy Terrain\n|-heal|p1b: Torkoal|24\/100|[from] Grassy Terrain\n|-fieldend|move: Grassy Terrain\n|upkeep\n|turn|9\n|\n|t:|1730910692\n|move|p2a: Baxcalibur|Icicle Spear|p1b: Torkoal\n|-resisted|p1b: Torkoal\n|-damage|p1b: Torkoal|15\/100\n|-resisted|p1b: Torkoal\n|-damage|p1b: Torkoal|6\/100\n|-resisted|p1b: Torkoal\n|-damage|p1b: Torkoal|0 fnt\n|faint|p1b: Torkoal\n|-hitcount|p1: Torkoal|3\n|\n|win|Brave12223\n|raw|iwbyh's rating: 1721 &rarr; <strong>1704<\/strong><br \/>(-17 for losing)\n|raw|Brave12223's rating: 1771 &rarr; <strong>1788<\/strong><br \/>(+17 for winning)\n|l|\u2606Brave12223\n|player|p2|\n|l|\u2606iwbyh\n|player|p1|\n","uploadtime":1730910872,"views":20,"formatid":"gen9vgc2024regh","rating":1704,"private":0,"password":null}