{"id":"gen9vgc2024regh-2238023114","format":"[Gen 9] VGC 2024 Reg H","players":["hockypoco","yiyotop"],"log":"|j|\u2606hockypoco\n|j|\u2606yiyotop\n|t:|1730831160\n|gametype|doubles\n|player|p1|hockypoco|idol|1655\n|player|p2|yiyotop|266|1688\n|teamsize|p1|6\n|teamsize|p2|6\n|gen|9\n|tier|[Gen 9] VGC 2024 Reg H\n|rated|\n|rule|Species Clause: Limit one of each Pok\u00e9mon\n|rule|Item Clause: Limit 1 of each item\n|clearpoke\n|poke|p1|Indeedee, L50, M|\n|poke|p1|Sneasler, L50, F|\n|poke|p1|Talonflame, L50, F|\n|poke|p1|Ursaluna-Bloodmoon, L50, M|\n|poke|p1|Dondozo, L50, F|\n|poke|p1|Tatsugiri, L50, F|\n|poke|p2|Kingambit, L50, F|\n|poke|p2|Dondozo, L50, F|\n|poke|p2|Sneasler, L50, M|\n|poke|p2|Rillaboom, L50, M|\n|poke|p2|Magmar, L50, F|\n|poke|p2|Ninetales-Alola, L50, M|\n|teampreview|4\n|j| Therazer456\n|inactive|Battle timer is ON: inactive players will automatically lose when time's up. (requested by hockypoco)\n|\n|t:|1730831216\n|start\n|switch|p1a: Talonflame|Talonflame, L50, F|100\/100\n|switch|p1b: Ursaluna|Ursaluna-Bloodmoon, L50, M|100\/100\n|switch|p2a: Magmar|Magmar, L50, F|100\/100\n|switch|p2b: Kingambit|Kingambit, L50, F, shiny|100\/100\n|turn|1\n|inactive|hockypoco has 30 seconds left.\n|inactive|hockypoco has 20 seconds left.\n|inactive|hockypoco has 15 seconds left.\n|inactive|hockypoco has 10 seconds left.\n|inactive|hockypoco has 5 seconds left.\n|\n|t:|1730831266\n|-terastallize|p1b: Ursaluna|Normal\n|move|p2a: Magmar|Protect|p2a: Magmar\n|-singleturn|p2a: Magmar|Protect\n|move|p1a: Talonflame|Flare Blitz|p2b: Kingambit\n|-supereffective|p2b: Kingambit\n|-damage|p2b: Kingambit|29\/100\n|-damage|p1a: Talonflame|69\/100|[from] Recoil\n|move|p1b: Ursaluna|Blood Moon|p2a: Magmar\n|-activate|p2a: Magmar|move: Protect\n|move|p2b: Kingambit|Kowtow Cleave|p1a: Talonflame\n|-damage|p1a: Talonflame|0 fnt\n|faint|p1a: Talonflame\n|\n|upkeep\n|j| oherrodersir\n|\n|t:|1730831280\n|switch|p1a: Indeedee|Indeedee, L50, M|100\/100\n|-fieldstart|move: Psychic Terrain|[from] ability: Psychic Surge|[of] p1a: Indeedee\n|turn|2\n|\n|t:|1730831290\n|move|p2a: Magmar|Follow Me|p2a: Magmar\n|-singleturn|p2a: Magmar|move: Follow Me\n|move|p1a: Indeedee|Expanding Force|p2b: Kingambit|[spread] p2a\n|-immune|p2b: Kingambit\n|-damage|p2a: Magmar|62\/100\n|move|p1b: Ursaluna|Hyper Voice|p2a: Magmar|[spread] p2a,p2b\n|-resisted|p2b: Kingambit\n|-crit|p2b: Kingambit\n|-damage|p2a: Magmar|11\/100\n|-damage|p2b: Kingambit|0 fnt\n|faint|p2b: Kingambit\n|-damage|p1b: Ursaluna|91\/100|[from] item: Life Orb\n|\n|upkeep\n|\n|t:|1730831310\n|switch|p2b: Rillaboom|Rillaboom, L50, M|100\/100\n|-fieldstart|move: Grassy Terrain|[from] ability: Grassy Surge|[of] p2b: Rillaboom\n|turn|3\n|\n|t:|1730831331\n|switch|p1a: Sneasler|Sneasler, L50, F|100\/100\n|-terastallize|p2b: Rillaboom|Grass\n|move|p2b: Rillaboom|Wood Hammer|p1b: Ursaluna\n|-damage|p1b: Ursaluna|0 fnt\n|faint|p1b: Ursaluna\n|-damage|p2b: Rillaboom|70\/100|[from] Recoil\n|move|p2a: Magmar|Overheat|p1a: Sneasler|[miss]\n|-miss|p2a: Magmar|p1a: Sneasler\n|\n|-heal|p2a: Magmar|17\/100|[from] Grassy Terrain\n|-heal|p2b: Rillaboom|76\/100|[from] Grassy Terrain\n|upkeep\n|\n|t:|1730831343\n|switch|p1b: Indeedee|Indeedee, L50, M|100\/100\n|-fieldstart|move: Psychic Terrain|[from] ability: Psychic Surge|[of] p1b: Indeedee\n|-enditem|p1a: Sneasler|Psychic Seed\n|-boost|p1a: Sneasler|spd|1|[from] item: Psychic Seed\n|turn|4\n|\n|t:|1730831358\n|switch|p2b: Dondozo|Dondozo, L50, F|100\/100\n|move|p1a: Sneasler|Dire Claw|p2b: Dondozo\n|-damage|p2b: Dondozo|73\/100\n|move|p1b: Indeedee|Expanding Force|p2b: Dondozo|[spread] p2a,p2b\n|-damage|p2a: Magmar|0 fnt\n|-damage|p2b: Dondozo|33\/100\n|faint|p2a: Magmar\n|\n|-heal|p2b: Dondozo|40\/100|[from] item: Leftovers\n|upkeep\n|\n|t:|1730831371\n|switch|p2a: Rillaboom|Rillaboom, L50, M, tera:Grass|76\/100\n|-fieldstart|move: Grassy Terrain|[from] ability: Grassy Surge|[of] p2a: Rillaboom\n|turn|5\n|\n|t:|1730831389\n|move|p2a: Rillaboom|Fake Out|p1b: Indeedee\n|-damage|p1b: Indeedee|70\/100\n|move|p1a: Sneasler|Dire Claw|p2a: Rillaboom\n|-supereffective|p2a: Rillaboom\n|-damage|p2a: Rillaboom|0 fnt\n|faint|p2a: Rillaboom\n|cant|p1b: Indeedee|flinch\n|move|p2b: Dondozo|Yawn|p1b: Indeedee\n|-start|p1b: Indeedee|move: Yawn|[of] p2b: Dondozo\n|\n|-heal|p1b: Indeedee|75\/100|[from] Grassy Terrain\n|-heal|p2b: Dondozo|46\/100|[from] Grassy Terrain\n|-heal|p2b: Dondozo|52\/100|[from] item: Leftovers\n|upkeep\n|turn|6\n|\n|t:|1730831405\n|move|p2b: Dondozo|Protect|p2b: Dondozo\n|-singleturn|p2b: Dondozo|Protect\n|move|p1a: Sneasler|Dire Claw|p2b: Dondozo\n|-activate|p2b: Dondozo|move: Protect\n|move|p1b: Indeedee|Expanding Force|p2b: Dondozo\n|-activate|p2b: Dondozo|move: Protect\n|\n|-heal|p1b: Indeedee|81\/100|[from] Grassy Terrain\n|-heal|p2b: Dondozo|58\/100|[from] Grassy Terrain\n|-heal|p2b: Dondozo|65\/100|[from] item: Leftovers\n|-end|p1b: Indeedee|move: Yawn|[silent]\n|-status|p1b: Indeedee|slp\n|upkeep\n|turn|7\n|\n|t:|1730831421\n|move|p1a: Sneasler|Dire Claw|p2b: Dondozo\n|-damage|p2b: Dondozo|36\/100\n|-status|p2b: Dondozo|slp\n|cant|p1b: Indeedee|slp\n|cant|p2b: Dondozo|slp\n|\n|-heal|p1b: Indeedee|87\/100 slp|[from] Grassy Terrain\n|-heal|p2b: Dondozo|42\/100 slp|[from] Grassy Terrain\n|-heal|p2b: Dondozo|48\/100 slp|[from] item: Leftovers\n|upkeep\n|turn|8\n|-message|yiyotop forfeited.\n|\n|win|hockypoco\n|raw|hockypoco's rating: 1655 &rarr; <strong>1677<\/strong><br \/>(+22 for winning)\n|raw|yiyotop's rating: 1688 &rarr; <strong>1666<\/strong><br \/>(-22 for losing)\n|l|\u2606yiyotop\n|player|p2|\n|l|\u2606hockypoco\n|player|p1|\n","uploadtime":1730831638,"views":20,"formatid":"gen9vgc2024regh","rating":1666,"private":0,"password":null}