{"id":"gen9vgc2024regh-2238623770","format":"[Gen 9] VGC 2024 Reg H","players":["Kodora","greenlightdmp"],"log":"|j|\u2606Kodora\n|j|\u2606greenlightdmp\n|t:|1730908696\n|gametype|doubles\n|player|p1|Kodora|170|1653\n|player|p2|greenlightdmp|170|1755\n|teamsize|p1|6\n|teamsize|p2|6\n|gen|9\n|tier|[Gen 9] VGC 2024 Reg H\n|rated|\n|rule|Species Clause: Limit one of each Pok\u00e9mon\n|rule|Item Clause: Limit 1 of each item\n|clearpoke\n|poke|p1|Maushold-Four, L50|\n|poke|p1|Annihilape, L50, F|\n|poke|p1|Archaludon, L50, F|\n|poke|p1|Murkrow, L50, M|\n|poke|p1|Weavile, L50, M|\n|poke|p1|Garchomp, L50, F|\n|poke|p2|Sneasler, L50, M|\n|poke|p2|Indeedee-F, L50, F|\n|poke|p2|Murkrow, L50, M|\n|poke|p2|Archaludon, L50, F|\n|poke|p2|Basculegion, L50, M|\n|poke|p2|Volcarona, L50, M|\n|teampreview|4\n|inactive|Battle timer is ON: inactive players will automatically lose when time's up. (requested by Kodora)\n|inactive|greenlightdmp has 60 seconds left.\n|\n|t:|1730908748\n|start\n|switch|p1a: Murkrow|Murkrow, L50, M, shiny|100\/100\n|switch|p1b: Weavile|Weavile, L50, M, shiny|100\/100\n|switch|p2a: VEGETA|Basculegion, L50, M|100\/100\n|switch|p2b: Slim Shady|Sneasler, L50, M|100\/100\n|-ability|p1b: Weavile|Pressure\n|turn|1\n|inactive|greenlightdmp has 30 seconds left.\n|inactive|greenlightdmp has 20 seconds left.\n|\n|t:|1730908785\n|switch|p2b: MACHBACK|Archaludon, L50, F|100\/100\n|-terastallize|p1b: Weavile|Ghost\n|move|p1a: Murkrow|Tailwind|p1a: Murkrow\n|-sidestart|p1: Kodora|move: Tailwind\n|move|p1b: Weavile|Knock Off|p2a: VEGETA\n|-supereffective|p2a: VEGETA\n|-damage|p2a: VEGETA|0 fnt\n|-enditem|p2a: VEGETA|Choice Scarf|[from] move: Knock Off|[of] p1b: Weavile\n|faint|p2a: VEGETA\n|\n|upkeep\n|inactive|greenlightdmp has 30 seconds left.\n|inactive|greenlightdmp has 20 seconds left.\n|inactive|greenlightdmp has 15 seconds left.\n|inactive|greenlightdmp has 10 seconds left.\n|j| happyabird\n|\n|t:|1730908831\n|switch|p2a: Raf Camora|Murkrow, L50, M|100\/100\n|turn|2\n|\n|t:|1730908852\n|switch|p1a: Maushold|Maushold-Four, L50, shiny|100\/100\n|-terastallize|p2a: Raf Camora|Ghost\n|move|p1b: Weavile|Triple Axel|p2a: Raf Camora|[miss]\n|-miss|p1b: Weavile|p2a: Raf Camora\n|move|p2a: Raf Camora|Foul Play|p1b: Weavile\n|-supereffective|p1b: Weavile\n|-enditem|p1b: Weavile|Focus Sash\n|-damage|p1b: Weavile|1\/100\n|move|p2b: MACHBACK|Flash Cannon|p1b: Weavile\n|-damage|p1b: Weavile|0 fnt\n|faint|p1b: Weavile\n|\n|upkeep\n|\n|t:|1730908860\n|switch|p1b: Annihilape|Annihilape, L50, F, shiny|100\/100\n|turn|3\n|inactive|greenlightdmp has 30 seconds left.\n|\n|t:|1730908892\n|move|p2a: Raf Camora|Tailwind|p2a: Raf Camora\n|-sidestart|p2: greenlightdmp|move: Tailwind\n|move|p1a: Maushold|Beat Up|p1b: Annihilape\n|-damage|p1b: Annihilape|99\/100\n|-crit|p1b: Annihilape\n|-damage|p1b: Annihilape|95\/100\n|-damage|p1b: Annihilape|93\/100\n|-hitcount|p1b: Annihilape|3\n|move|p1b: Annihilape|Rage Fist|p2a: Raf Camora\n|-supereffective|p2a: Raf Camora\n|-damage|p2a: Raf Camora|0 fnt\n|faint|p2a: Raf Camora\n|move|p2b: MACHBACK|Flash Cannon|p1b: Annihilape\n|-damage|p1b: Annihilape|65\/100\n|-unboost|p1b: Annihilape|spd|1\n|-ability|p1b: Annihilape|Defiant|boost\n|-boost|p1b: Annihilape|atk|2\n|\n|upkeep\n|\n|t:|1730908906\n|switch|p2a: Slim Shady|Sneasler, L50, M|100\/100\n|turn|4\n|\n|t:|1730908922\n|move|p1a: Maushold|Follow Me|p1a: Maushold\n|-singleturn|p1a: Maushold|move: Follow Me\n|move|p2a: Slim Shady|Close Combat|p1a: Maushold\n|-supereffective|p1a: Maushold\n|-damage|p1a: Maushold|0 fnt\n|-unboost|p2a: Slim Shady|def|1\n|-unboost|p2a: Slim Shady|spd|1\n|faint|p1a: Maushold\n|move|p1b: Annihilape|Rage Fist|p2b: MACHBACK\n|-damage|p2b: MACHBACK|0 fnt\n|faint|p2b: MACHBACK\n|\n|-sideend|p1: Kodora|move: Tailwind\n|upkeep\n|\n|t:|1730908925\n|switch|p1a: Murkrow|Murkrow, L50, M, shiny|100\/100\n|turn|5\n|\n|t:|1730908940\n|move|p2a: Slim Shady|Throat Chop|p1b: Annihilape\n|-damage|p1b: Annihilape|35\/100\n|-start|p1b: Annihilape|Throat Chop|[silent]\n|move|p1b: Annihilape|Rage Fist|p2a: Slim Shady\n|-damage|p2a: Slim Shady|0 fnt\n|faint|p2a: Slim Shady\n|\n|win|Kodora\n|raw|Kodora's rating: 1653 &rarr; <strong>1679<\/strong><br \/>(+26 for winning)\n|raw|greenlightdmp's rating: 1755 &rarr; <strong>1729<\/strong><br \/>(-26 for losing)\n|l|\u2606greenlightdmp\n|player|p2|\n|l|\u2606Kodora\n|player|p1|\n|l| happyabird\n","uploadtime":1730909102,"views":17,"formatid":"gen9vgc2024regh","rating":1679,"private":0,"password":null}