{"id":"gen9vgc2024regh-2238260714","format":"[Gen 9] VGC 2024 Reg H","players":["Snorlax Double","leolc0926"],"log":"|j|\u2606Snorlax Double\n|j|\u2606leolc0926\n|t:|1730855996\n|gametype|doubles\n|player|p1|Snorlax Double|li|1744\n|player|p2|leolc0926|steven|1683\n|teamsize|p1|6\n|teamsize|p2|6\n|gen|9\n|tier|[Gen 9] VGC 2024 Reg H\n|rated|\n|rule|Species Clause: Limit one of each Pok\u00e9mon\n|rule|Item Clause: Limit 1 of each item\n|clearpoke\n|poke|p1|Annihilape, L50, M|\n|poke|p1|Whimsicott, L50, F|\n|poke|p1|Dragonite, L50, M|\n|poke|p1|Delphox, L50, F|\n|poke|p1|Indeedee, L50, M|\n|poke|p1|Sneasler, L50, F|\n|poke|p2|Indeedee-F, L50, F|\n|poke|p2|Hatterene, L50, F|\n|poke|p2|Torkoal, L50, M|\n|poke|p2|Kingambit, L50, F|\n|poke|p2|Gallade, L50, M|\n|poke|p2|Lilligant-Hisui, L50, F|\n|teampreview|4\nleolc0926 has agreed to open team sheets.\n|inactive|Battle timer is ON: inactive players will automatically lose when time's up. (requested by leolc0926)\n|\n|t:|1730856016\n|start\n|switch|p1a: Whimsicott|Whimsicott, L50, F|100\/100\n|switch|p1b: Indeedee|Indeedee, L50, M|100\/100\n|switch|p2a: \u5927\u9171\u4fa0|Kingambit, L50, F|100\/100\n|switch|p2b: \u950b\u9510\u4fa0|Gallade, L50, M|100\/100\n|-fieldstart|move: Psychic Terrain|[from] ability: Psychic Surge|[of] p1b: Indeedee\n|turn|1\n|\n|t:|1730856035\n|move|p1b: Indeedee|Imprison|p1b: Indeedee\n|-start|p1b: Indeedee|move: Imprison\n|move|p1a: Whimsicott|Moonblast|p2b: \u950b\u9510\u4fa0\n|-supereffective|p2b: \u950b\u9510\u4fa0\n|-damage|p2b: \u950b\u9510\u4fa0|51\/100\n|move|p2a: \u5927\u9171\u4fa0|Kowtow Cleave|p1b: Indeedee\n|-supereffective|p1b: Indeedee\n|-enditem|p1b: Indeedee|Focus Sash\n|-damage|p1b: Indeedee|1\/100\n|cant|p2b: \u950b\u9510\u4fa0|move: Imprison|Trick Room\n|\n|upkeep\n|turn|2\n|\n|t:|1730856050\n|move|p1b: Indeedee|Protect|p1b: Indeedee\n|-singleturn|p1b: Indeedee|Protect\n|move|p2b: \u950b\u9510\u4fa0|Wide Guard|p2b: \u950b\u9510\u4fa0\n|-singleturn|p2b: \u950b\u9510\u4fa0|Wide Guard\n|move|p1a: Whimsicott|Moonblast|p2b: \u950b\u9510\u4fa0\n|-supereffective|p2b: \u950b\u9510\u4fa0\n|-damage|p2b: \u950b\u9510\u4fa0|0 fnt\n|faint|p2b: \u950b\u9510\u4fa0\n|move|p2a: \u5927\u9171\u4fa0|Kowtow Cleave|p1b: Indeedee\n|-activate|p1b: Indeedee|move: Protect\n|\n|upkeep\n|\n|t:|1730856055\n|switch|p2b: \u55b7\u706b\u4fa0|Torkoal, L50, M|100\/100\n|-weather|SunnyDay|[from] ability: Drought|[of] p2b: \u55b7\u706b\u4fa0\n|turn|3\n|\n|t:|1730856070\n|switch|p2b: \u9b54\u5973\u4fa0|Hatterene, L50, F|100\/100\n|move|p1a: Whimsicott|Tailwind|p1a: Whimsicott\n|-sidestart|p1: Snorlax Double|move: Tailwind\n|move|p1b: Indeedee|Expanding Force|p2a: \u5927\u9171\u4fa0|[spread] p2b\n|-immune|p2a: \u5927\u9171\u4fa0\n|-resisted|p2b: \u9b54\u5973\u4fa0\n|-damage|p2b: \u9b54\u5973\u4fa0|72\/100\n|move|p2a: \u5927\u9171\u4fa0|Kowtow Cleave|p1b: Indeedee\n|-supereffective|p1b: Indeedee\n|-damage|p1b: Indeedee|0 fnt\n|faint|p1b: Indeedee\n|\n|-weather|SunnyDay|[upkeep]\n|upkeep\n|\n|t:|1730856081\n|switch|p1b: Delphox|Delphox, L50, F|100\/100\n|turn|4\n|\n|t:|1730856087\n|-terastallize|p2b: \u9b54\u5973\u4fa0|Fire\n|move|p2a: \u5927\u9171\u4fa0|Protect|p2a: \u5927\u9171\u4fa0\n|-singleturn|p2a: \u5927\u9171\u4fa0|Protect\n|move|p1b: Delphox|Heat Wave|p2a: \u5927\u9171\u4fa0|[spread] p2b\n|-activate|p2a: \u5927\u9171\u4fa0|move: Protect\n|-resisted|p2b: \u9b54\u5973\u4fa0\n|-damage|p2b: \u9b54\u5973\u4fa0|35\/100\n|-damage|p1b: Delphox|91\/100|[from] item: Life Orb\n|move|p1a: Whimsicott|Moonblast|p2b: \u9b54\u5973\u4fa0\n|-resisted|p2b: \u9b54\u5973\u4fa0\n|-damage|p2b: \u9b54\u5973\u4fa0|21\/100\n|-unboost|p2b: \u9b54\u5973\u4fa0|spa|1\n|move|p2b: \u9b54\u5973\u4fa0|Trick Room|p2b: \u9b54\u5973\u4fa0\n|-fieldstart|move: Trick Room|[of] p2b: \u9b54\u5973\u4fa0\n|\n|-weather|SunnyDay|[upkeep]\n|upkeep\n|turn|5\n|\n|t:|1730856106\n|move|p1b: Delphox|Protect|p1b: Delphox\n|-singleturn|p1b: Delphox|Protect\n|move|p2b: \u9b54\u5973\u4fa0|Expanding Force|p1b: Delphox|[spread] p1a\n|-activate|p1b: Delphox|move: Protect\n|-damage|p1a: Whimsicott|15\/100\n|-damage|p2b: \u9b54\u5973\u4fa0|11\/100|[from] item: Life Orb\n|move|p2a: \u5927\u9171\u4fa0|Kowtow Cleave|p1b: Delphox\n|-activate|p1b: Delphox|move: Protect\n|move|p1a: Whimsicott|Moonblast|p2b: \u9b54\u5973\u4fa0\n|-resisted|p2b: \u9b54\u5973\u4fa0\n|-damage|p2b: \u9b54\u5973\u4fa0|0 fnt\n|faint|p2b: \u9b54\u5973\u4fa0\n|\n|-weather|SunnyDay|[upkeep]\n|-fieldend|move: Psychic Terrain\n|upkeep\n|\n|t:|1730856110\n|switch|p2b: \u55b7\u706b\u4fa0|Torkoal, L50, M|100\/100\n|turn|6\n|inactive|Snorlax Double has 30 seconds left.\n|inactive|Snorlax Double has 20 seconds left.\n|inactive|Snorlax Double has 15 seconds left.\n|\n|t:|1730856153\n|move|p1b: Delphox|Protect||[still]\n|-fail|p1b: Delphox\n|move|p2b: \u55b7\u706b\u4fa0|Eruption|p1b: Delphox|[spread] p1a,p1b\n|-supereffective|p1a: Whimsicott\n|-resisted|p1b: Delphox\n|-damage|p1a: Whimsicott|0 fnt\n|-damage|p1b: Delphox|36\/100\n|faint|p1a: Whimsicott\n|move|p2a: \u5927\u9171\u4fa0|Kowtow Cleave|p1b: Delphox\n|-supereffective|p1b: Delphox\n|-crit|p1b: Delphox\n|-damage|p1b: Delphox|0 fnt\n|faint|p1b: Delphox\n|\n|-weather|SunnyDay|[upkeep]\n|-sideend|p1: Snorlax Double|move: Tailwind\n|upkeep\n|\n|t:|1730856158\n|switch|p1b: Sneasler|Sneasler, L50, F|100\/100\n|turn|7\n|\n|t:|1730856170\n|move|p1b: Sneasler|Protect|p1b: Sneasler\n|-singleturn|p1b: Sneasler|Protect\n|move|p2b: \u55b7\u706b\u4fa0|Eruption|p1b: Sneasler\n|-activate|p1b: Sneasler|move: Protect\n|move|p2a: \u5927\u9171\u4fa0|Kowtow Cleave|p1b: Sneasler\n|-activate|p1b: Sneasler|move: Protect\n|\n|-weather|none\n|upkeep\n|turn|8\n|\n|t:|1730856182\n|move|p1b: Sneasler|Protect||[still]\n|-fail|p1b: Sneasler\n|move|p2b: \u55b7\u706b\u4fa0|Eruption|p1b: Sneasler\n|-damage|p1b: Sneasler|4\/100\n|move|p2a: \u5927\u9171\u4fa0|Kowtow Cleave|p1b: Sneasler\n|-resisted|p1b: Sneasler\n|-damage|p1b: Sneasler|0 fnt\n|faint|p1b: Sneasler\n|\n|win|leolc0926\n|raw|Snorlax Double's rating: 1744 &rarr; <strong>1721<\/strong><br \/>(-23 for losing)\n|raw|leolc0926's rating: 1683 &rarr; <strong>1706<\/strong><br \/>(+23 for winning)\n|l|\u2606Snorlax Double\n|player|p1|\n|c|\u2606leolc0926|gg\n","uploadtime":1730856193,"views":85,"formatid":"gen9vgc2024regh","rating":1706,"private":0,"password":null}