{"id":"gen9vgc2024regh-2238501501","format":"[Gen 9] VGC 2024 Reg H","players":["htotoT","Aki Hoshino"],"log":"|j|\u2606htotoT\n|j|\u2606Aki Hoshino\n|t:|1730895036\n|gametype|doubles\n|player|p1|htotoT|102|1828\n|player|p2|Aki Hoshino|aromalady|1795\n|teamsize|p1|6\n|teamsize|p2|6\n|gen|9\n|tier|[Gen 9] VGC 2024 Reg H\n|rated|\n|rule|Species Clause: Limit one of each Pok\u00e9mon\n|rule|Item Clause: Limit 1 of each item\n|clearpoke\n|poke|p1|Gholdengo, L50|\n|poke|p1|Murkrow, L50, F|\n|poke|p1|Pelipper, L50, M|\n|poke|p1|Archaludon, L50, M|\n|poke|p1|Amoonguss, L50, F|\n|poke|p1|Basculegion-F, L50, F|\n|poke|p2|Grimmsnarl, L50, M|\n|poke|p2|Volcarona, L50, M|\n|poke|p2|Gholdengo, L50|\n|poke|p2|Rillaboom, L50, M|\n|poke|p2|Dragonite, L50, F|\n|poke|p2|Dragapult, L50, M|\n|teampreview|4\n|inactive|Battle timer is ON: inactive players will automatically lose when time's up. (requested by htotoT)\n|inactive|Aki Hoshino has 60 seconds left.\n|\n|t:|1730895088\n|start\n|switch|p1a: Murkrow|Murkrow, L50, F|100\/100\n|switch|p1b: Gholdengo|Gholdengo, L50|100\/100\n|switch|p2a: Grimmsnarl|Grimmsnarl, L50, M|100\/100\n|switch|p2b: Dragapult|Dragapult, L50, M|100\/100\n|turn|1\n|inactive|Aki Hoshino has 30 seconds left.\n|inactive|Aki Hoshino has 20 seconds left.\n|inactive|Aki Hoshino has 15 seconds left.\n|inactive|Aki Hoshino has 10 seconds left.\n|\n|t:|1730895136\n|-terastallize|p1b: Gholdengo|Steel\n|move|p1a: Murkrow|Tailwind|p1a: Murkrow\n|-sidestart|p1: htotoT|move: Tailwind\n|move|p2a: Grimmsnarl|Light Screen|p2a: Grimmsnarl\n|-sidestart|p2: Aki Hoshino|move: Light Screen\n|move|p1b: Gholdengo|Make It Rain|p2a: Grimmsnarl|[spread] p2a,p2b\n|-supereffective|p2a: Grimmsnarl\n|-damage|p2a: Grimmsnarl|0 fnt\n|-damage|p2b: Dragapult|7\/100\n|-unboost|p1b: Gholdengo|spa|1\n|faint|p2a: Grimmsnarl\n|move|p2b: Dragapult|U-turn|p1b: Gholdengo\n|-resisted|p1b: Gholdengo\n|-damage|p1b: Gholdengo|78\/100\n|\n|t:|1730895151\n|switch|p2b: Volcarona|Volcarona, L50, M|100\/100|[from] U-turn\n|\n|upkeep\n|\n|t:|1730895155\n|switch|p2a: Gholdengo|Gholdengo, L50|100\/100\n|turn|2\n|\n|t:|1730895176\n|switch|p1b: Pelipper|Pelipper, L50, M|100\/100\n|-weather|RainDance|[from] ability: Drizzle|[of] p1b: Pelipper\n|switch|p1a: Archaludon|Archaludon, L50, M|100\/100\n|move|p2b: Volcarona|Quiver Dance|p2b: Volcarona\n|-boost|p2b: Volcarona|spa|1\n|-boost|p2b: Volcarona|spd|1\n|-boost|p2b: Volcarona|spe|1\n|move|p2a: Gholdengo|Nasty Plot|p2a: Gholdengo\n|-boost|p2a: Gholdengo|spa|2\n|\n|-weather|RainDance|[upkeep]\n|upkeep\n|turn|3\n|inactive|Aki Hoshino has 30 seconds left.\n|\n|t:|1730895207\n|switch|p1b: Murkrow|Murkrow, L50, F|100\/100\n|move|p1a: Archaludon|Electro Shot||[still]\n|-prepare|p1a: Archaludon|Electro Shot\n|-boost|p1a: Archaludon|spa|1\n|-anim|p1a: Archaludon|Electro Shot|p2a: Gholdengo\n|-crit|p2a: Gholdengo\n|-damage|p2a: Gholdengo|0 fnt\n|faint|p2a: Gholdengo\n|move|p2b: Volcarona|Struggle Bug|p1a: Archaludon|[spread] p1a,p1b\n|-resisted|p1a: Archaludon\n|-damage|p1a: Archaludon|85\/100\n|-damage|p1b: Murkrow|77\/100\n|-unboost|p1a: Archaludon|spa|1\n|-unboost|p1b: Murkrow|spa|1\n|-ability|p1a: Archaludon|Stamina|boost\n|-boost|p1a: Archaludon|def|1\n|\n|-weather|RainDance|[upkeep]\n|upkeep\n|\n|t:|1730895223\n|switch|p2a: Dragapult|Dragapult, L50, M|7\/100\n|turn|4\n|inactive|Aki Hoshino has 30 seconds left.\n|inactive|Aki Hoshino has 20 seconds left.\n|\n|t:|1730895261\n|move|p1b: Murkrow|Haze|p1b: Murkrow\n|-clearallboost\n|move|p1a: Archaludon|Electro Shot||[still]\n|-prepare|p1a: Archaludon|Electro Shot\n|-boost|p1a: Archaludon|spa|1\n|-anim|p1a: Archaludon|Electro Shot|p2a: Dragapult\n|-resisted|p2a: Dragapult\n|-damage|p2a: Dragapult|0 fnt\n|faint|p2a: Dragapult\n|move|p2b: Volcarona|Quiver Dance|p2b: Volcarona\n|-boost|p2b: Volcarona|spa|1\n|-boost|p2b: Volcarona|spd|1\n|-boost|p2b: Volcarona|spe|1\n|\n|-weather|RainDance|[upkeep]\n|-sideend|p1: htotoT|move: Tailwind\n|upkeep\n|turn|5\n|\n|t:|1730895284\n|move|p1b: Murkrow|Haze|p1b: Murkrow\n|-clearallboost\n|move|p1a: Archaludon|Electro Shot||[still]\n|-prepare|p1a: Archaludon|Electro Shot\n|-boost|p1a: Archaludon|spa|1\n|-anim|p1a: Archaludon|Electro Shot|p2b: Volcarona\n|-damage|p2b: Volcarona|60\/100\n|move|p2b: Volcarona|Heat Wave|p1a: Archaludon|[spread] p1a,p1b\n|-damage|p1a: Archaludon|66\/100\n|-damage|p1b: Murkrow|60\/100\n|-ability|p1a: Archaludon|Stamina|boost\n|-boost|p1a: Archaludon|def|1\n|\n|-weather|RainDance|[upkeep]\n|upkeep\n|turn|6\n|-message|Aki Hoshino forfeited.\n|\n|win|htotoT\n|raw|htotoT's rating: 1828 &rarr; <strong>1846<\/strong><br \/>(+18 for winning)\n|raw|Aki Hoshino's rating: 1795 &rarr; <strong>1777<\/strong><br \/>(-18 for losing)\n|l|\u2606Aki Hoshino\n|player|p2|\n|l|\u2606htotoT\n|player|p1|\n","uploadtime":1730895527,"views":34,"formatid":"gen9vgc2024regh","rating":1777,"private":0,"password":null}