{"id":"gen9vgc2024regh-2238035101","format":"[Gen 9] VGC 2024 Reg H","players":["yiyotop","Roman25"],"log":"|j|\u2606yiyotop\n|j|\u2606Roman25\n|t:|1730832274\n|gametype|doubles\n|player|p1|yiyotop|266|1661\n|player|p2|Roman25|101|1756\n|teamsize|p1|6\n|teamsize|p2|6\n|gen|9\n|tier|[Gen 9] VGC 2024 Reg H\n|rated|\n|rule|Species Clause: Limit one of each Pok\u00e9mon\n|rule|Item Clause: Limit 1 of each item\n|clearpoke\n|poke|p1|Kingambit, L50, M|\n|poke|p1|Dondozo, L50, M|\n|poke|p1|Sneasler, L50, F|\n|poke|p1|Rillaboom, L50, F|\n|poke|p1|Magmar, L50, F|\n|poke|p1|Ninetales-Alola, L50, F|\n|poke|p2|Baxcalibur, L50, F|\n|poke|p2|Sneasler, L50, F|\n|poke|p2|Kingambit, L50, M|\n|poke|p2|Gastrodon, L50, F|\n|poke|p2|Volcarona, L50, F|\n|poke|p2|Rillaboom, L50, M|\n|teampreview|4\n|inactive|Battle timer is ON: inactive players will automatically lose when time's up. (requested by Roman25)\n|inactive|yiyotop has 60 seconds left.\n|inactive|Roman25 has 60 seconds left.\n|inactive|Roman25 has 30 seconds left.\n|inactive|Roman25 has 20 seconds left.\n|inactive|Roman25 has 15 seconds left.\n|inactive|Roman25 has 10 seconds left.\n|\n|t:|1730832361\n|start\n|switch|p1a: Kingambit|Kingambit, L50, M, shiny|100\/100\n|switch|p1b: Magmar|Magmar, L50, F|100\/100\n|switch|p2a: Sneasler|Sneasler, L50, F|100\/100\n|switch|p2b: Baxcalibur|Baxcalibur, L50, F|100\/100\n|turn|1\n|\n|t:|1730832384\n|move|p2b: Baxcalibur|Protect|p2b: Baxcalibur\n|-singleturn|p2b: Baxcalibur|Protect\n|move|p1b: Magmar|Follow Me|p1b: Magmar\n|-singleturn|p1b: Magmar|move: Follow Me\n|move|p2a: Sneasler|Coaching|p2b: Baxcalibur\n|-boost|p2b: Baxcalibur|atk|1\n|-boost|p2b: Baxcalibur|def|1\n|move|p1a: Kingambit|Iron Head|p2b: Baxcalibur\n|-activate|p2b: Baxcalibur|move: Protect\n|\n|upkeep\n|turn|2\n|\n|t:|1730832408\n|-terastallize|p2b: Baxcalibur|Ghost\n|move|p2a: Sneasler|Coaching|p2b: Baxcalibur\n|-boost|p2b: Baxcalibur|atk|1\n|-boost|p2b: Baxcalibur|def|1\n|move|p2b: Baxcalibur|Scale Shot|p1b: Magmar\n|-damage|p1b: Magmar|74\/100\n|-damage|p1b: Magmar|48\/100\n|-damage|p1b: Magmar|23\/100\n|-damage|p1b: Magmar|0 fnt\n|faint|p1b: Magmar\n|-hitcount|p1: Magmar|4\n|-unboost|p2b: Baxcalibur|def|1\n|-boost|p2b: Baxcalibur|spe|1\n|move|p1a: Kingambit|Kowtow Cleave|p2b: Baxcalibur\n|-supereffective|p2b: Baxcalibur\n|-damage|p2b: Baxcalibur|31\/100\n|\n|upkeep\n|\n|t:|1730832432\n|switch|p1b: Sneasler|Sneasler, L50, F|100\/100\n|turn|3\n|inactive|yiyotop has 30 seconds left.\n|inactive|yiyotop has 20 seconds left.\n|\n|t:|1730832468\n|move|p2b: Baxcalibur|Protect|p2b: Baxcalibur\n|-singleturn|p2b: Baxcalibur|Protect\n|move|p1b: Sneasler|Fake Out|p2a: Sneasler\n|-damage|p2a: Sneasler|75\/100\n|move|p1a: Kingambit|Sucker Punch||[still]\n|-fail|p1a: Kingambit\n|cant|p2a: Sneasler|flinch\n|\n|upkeep\n|turn|4\n|\n|t:|1730832489\n|-terastallize|p1a: Kingambit|Flying\n|move|p2b: Baxcalibur|Ice Shard|p1b: Sneasler\n|-damage|p1b: Sneasler|29\/100\n|move|p1a: Kingambit|Sucker Punch||[still]\n|-fail|p1a: Kingambit\n|move|p1b: Sneasler|Coaching|p1a: Kingambit\n|-boost|p1a: Kingambit|atk|1\n|-boost|p1a: Kingambit|def|1\n|move|p2a: Sneasler|Close Combat|p1a: Kingambit\n|-resisted|p1a: Kingambit\n|-damage|p1a: Kingambit|86\/100\n|-unboost|p2a: Sneasler|def|1\n|-unboost|p2a: Sneasler|spd|1\n|\n|upkeep\n|turn|5\n|inactive|Roman25 has 30 seconds left.\n|\n|t:|1730832517\n|switch|p1b: Ninetales|Ninetales-Alola, L50, F|100\/100\n|-weather|Snow|[from] ability: Snow Warning|[of] p1b: Ninetales\n|move|p2b: Baxcalibur|Ice Shard|p1a: Kingambit\n|-supereffective|p1a: Kingambit\n|-damage|p1a: Kingambit|42\/100\n|move|p2a: Sneasler|Coaching|p2b: Baxcalibur\n|-boost|p2b: Baxcalibur|atk|1\n|-boost|p2b: Baxcalibur|def|1\n|move|p1a: Kingambit|Kowtow Cleave|p2b: Baxcalibur\n|-supereffective|p2b: Baxcalibur\n|-damage|p2b: Baxcalibur|0 fnt\n|faint|p2b: Baxcalibur\n|\n|-weather|Snow|[upkeep]\n|upkeep\n|\n|t:|1730832527\n|switch|p2b: Volcarona|Volcarona, L50, F|100\/100\n|turn|6\n|\n|t:|1730832541\n|move|p2a: Sneasler|Dire Claw|p1a: Kingambit\n|-damage|p1a: Kingambit|19\/100\n|move|p1b: Ninetales|Aurora Veil|p1b: Ninetales\n|-sidestart|p1: yiyotop|move: Aurora Veil\n|move|p2b: Volcarona|Heat Wave|p1b: Ninetales|[spread] p1a,p1b\n|-supereffective|p1b: Ninetales\n|-damage|p1a: Kingambit|4\/100\n|-damage|p1b: Ninetales|56\/100\n|move|p1a: Kingambit|Tera Blast|p2b: Volcarona|[anim] Tera Blast Flying\n|-supereffective|p2b: Volcarona\n|-damage|p2b: Volcarona|0 fnt\n|faint|p2b: Volcarona\n|\n|-weather|Snow|[upkeep]\n|upkeep\n|\n|t:|1730832551\n|switch|p2b: Kingambit|Kingambit, L50, M|100\/100\n|turn|7\n|\n|t:|1730832567\n|move|p1a: Kingambit|Sucker Punch|p2a: Sneasler\n|-resisted|p2a: Sneasler\n|-damage|p2a: Sneasler|0 fnt\n|faint|p2a: Sneasler\n|move|p2b: Kingambit|Sucker Punch||[still]\n|-fail|p2b: Kingambit\n|move|p1b: Ninetales|Blizzard|p2b: Kingambit\n|-resisted|p2b: Kingambit\n|-damage|p2b: Kingambit|89\/100\n|\n|-weather|Snow|[upkeep]\n|upkeep\n|turn|8\n|\n|t:|1730832589\n|move|p1b: Ninetales|Blizzard|p2b: Kingambit\n|-resisted|p2b: Kingambit\n|-damage|p2b: Kingambit|79\/100\n|move|p1a: Kingambit|Kowtow Cleave|p2b: Kingambit\n|-resisted|p2b: Kingambit\n|-damage|p2b: Kingambit|51\/100\n|move|p2b: Kingambit|Kowtow Cleave|p1a: Kingambit\n|-damage|p1a: Kingambit|0 fnt\n|faint|p1a: Kingambit\n|\n|-weather|Snow|[upkeep]\n|upkeep\n|\n|t:|1730832601\n|switch|p1a: Sneasler|Sneasler, L50, F|29\/100\n|turn|9\n|\n|t:|1730832617\n|move|p2b: Kingambit|Sucker Punch|p1a: Sneasler\n|-resisted|p1a: Sneasler\n|-damage|p1a: Sneasler|5\/100\n|move|p1a: Sneasler|Close Combat|p2b: Kingambit\n|-supereffective|p2b: Kingambit\n|-damage|p2b: Kingambit|0 fnt\n|-unboost|p1a: Sneasler|def|1\n|-unboost|p1a: Sneasler|spd|1\n|faint|p2b: Kingambit\n|\n|win|yiyotop\n|raw|yiyotop's rating: 1661 &rarr; <strong>1686<\/strong><br \/>(+25 for winning)\n|raw|Roman25's rating: 1756 &rarr; <strong>1731<\/strong><br \/>(-25 for losing)\n|l|\u2606Roman25\n|player|p2|\n|l|\u2606yiyotop\n|player|p1|\n","uploadtime":1730832876,"views":23,"formatid":"gen9vgc2024regh","rating":1686,"private":0,"password":null}