{"id":"gen9vgc2024regh-2238627890","format":"[Gen 9] VGC 2024 Reg H","players":["pokequimico","Cellpab1"],"log":"|j|\u2606pokequimico\n|j|\u2606Cellpab1\n|t:|1730909108\n|gametype|doubles\n|player|p1|pokequimico|lucas|1803\n|player|p2|Cellpab1|266|1674\n|teamsize|p1|6\n|teamsize|p2|6\n|gen|9\n|tier|[Gen 9] VGC 2024 Reg H\n|rated|\n|rule|Species Clause: Limit one of each Pok\u00e9mon\n|rule|Item Clause: Limit 1 of each item\n|clearpoke\n|poke|p1|Sneasler, L50, F|\n|poke|p1|Typhlosion-Hisui, L50, M|\n|poke|p1|Rillaboom, L50, F|\n|poke|p1|Kingambit, L50, F|\n|poke|p1|Dragonite, L50, F|\n|poke|p1|Annihilape, L50, F|\n|poke|p2|Weezing-Galar, L50, F|\n|poke|p2|Toedscruel, L50, F|\n|poke|p2|Garchomp, L50, M|\n|poke|p2|Corviknight, L50, M|\n|poke|p2|Typhlosion-Hisui, L50, M|\n|poke|p2|Ninetales-Alola, L50, M|\n|teampreview|4\n|j| happyabird\n|inactive|Battle timer is ON: inactive players will automatically lose when time's up. (requested by pokequimico)\n|inactive|Cellpab1 has 60 seconds left.\n|\n|t:|1730909188\n|start\n|switch|p1a: Annihilape|Annihilape, L50, F|100\/100\n|switch|p1b: Rillaboom|Rillaboom, L50, F|100\/100\n|switch|p2a: Typhlosion|Typhlosion-Hisui, L50, M|100\/100\n|switch|p2b: Garchomp|Garchomp, L50, M|100\/100\n|-fieldstart|move: Grassy Terrain|[from] ability: Grassy Surge|[of] p1b: Rillaboom\n|turn|1\n|inactive|Cellpab1 has 30 seconds left.\n|inactive|Cellpab1 has 20 seconds left.\n|inactive|Cellpab1 has 15 seconds left.\n|inactive|Cellpab1 has 10 seconds left.\n|inactive|Cellpab1 has 5 seconds left.\n|\n|t:|1730909238\n|-terastallize|p1b: Rillaboom|Fire\n|move|p1a: Annihilape|Protect|p1a: Annihilape\n|-singleturn|p1a: Annihilape|Protect\n|move|p2a: Typhlosion|Overheat|p1b: Rillaboom\n|-resisted|p1b: Rillaboom\n|-damage|p1b: Rillaboom|77\/100\n|-unboost|p2a: Typhlosion|spa|2\n|move|p2b: Garchomp|Dragon Claw|p1b: Rillaboom\n|-damage|p1b: Rillaboom|24\/100\n|-damage|p2b: Garchomp|91\/100|[from] item: Life Orb\n|move|p1b: Rillaboom|High Horsepower|p2a: Typhlosion\n|-supereffective|p2a: Typhlosion\n|-damage|p2a: Typhlosion|10\/100\n|\n|-heal|p2a: Typhlosion|16\/100|[from] Grassy Terrain\n|-heal|p2b: Garchomp|97\/100|[from] Grassy Terrain\n|-heal|p1b: Rillaboom|30\/100|[from] Grassy Terrain\n|upkeep\n|turn|2\n|inactive|Cellpab1 has 30 seconds left.\n|inactive|Cellpab1 has 20 seconds left.\n|inactive|Cellpab1 has 15 seconds left.\n|inactive|Cellpab1 has 10 seconds left.\n|\n|t:|1730909288\n|switch|p2a: Weezing|Weezing-Galar, L50, F|100\/100\n|-ability|p2a: Weezing|Neutralizing Gas\n|switch|p1b: Dragonite|Dragonite, L50, F|100\/100\n|move|p2b: Garchomp|Dragon Claw|p1b: Dragonite\n|-supereffective|p1b: Dragonite\n|-crit|p1b: Dragonite\n|-damage|p1b: Dragonite|0 fnt\n|faint|p1b: Dragonite\n|-damage|p2b: Garchomp|87\/100|[from] item: Life Orb\n|move|p1a: Annihilape|Final Gambit|p2b: Garchomp\n|-damage|p2b: Garchomp|0 fnt\n|faint|p1a: Annihilape\n|faint|p2b: Garchomp\n|\n|upkeep\n|inactive|Cellpab1 has 30 seconds left.\n|\n|t:|1730909319\n|switch|p2b: Typhlosion|Typhlosion-Hisui, L50, M|16\/100\n|switch|p1a: Typhlosion|Typhlosion-Hisui, L50, M|100\/100\n|switch|p1b: Rillaboom|Rillaboom, L50, F, tera:Fire|30\/100\n|turn|3\n|inactive|Cellpab1 has 30 seconds left.\n|\n|t:|1730909347\n|move|p1b: Rillaboom|Fake Out|p2a: Weezing\n|-damage|p2a: Weezing|88\/100\n|move|p1a: Typhlosion|Eruption|p2a: Weezing|[spread] p2a,p2b\n|-resisted|p2b: Typhlosion\n|-damage|p2a: Weezing|2\/100\n|-damage|p2b: Typhlosion|0 fnt\n|faint|p2b: Typhlosion\n|cant|p2a: Weezing|flinch\n|\n|-heal|p1b: Rillaboom|35\/100|[from] Grassy Terrain\n|-heal|p2a: Weezing|8\/100|[from] Grassy Terrain\n|upkeep\n|\n|t:|1730909353\n|switch|p2b: Corviknight|Corviknight, L50, M|100\/100\n|turn|4\n|inactive|Cellpab1 has 30 seconds left.\n|inactive|Cellpab1 has 20 seconds left.\n|inactive|Cellpab1 has 15 seconds left.\n|\n|t:|1730909396\n|-terastallize|p2b: Corviknight|Fire\n|move|p1a: Typhlosion|Eruption|p2b: Corviknight|[spread] p2a,p2b\n|-resisted|p2b: Corviknight\n|-damage|p2a: Weezing|0 fnt\n|-damage|p2b: Corviknight|73\/100\n|faint|p2a: Weezing\n|-end|p2a: Weezing|ability: Neutralizing Gas\n|-item|p2b: Corviknight|Sitrus Berry|[from] ability: Frisk|[of] p1a: Typhlosion\n|move|p1b: Rillaboom|Wood Hammer|p2b: Corviknight\n|-resisted|p2b: Corviknight\n|-damage|p2b: Corviknight|37\/100\n|-enditem|p2b: Corviknight|Sitrus Berry|[eat]\n|-heal|p2b: Corviknight|62\/100|[from] item: Sitrus Berry\n|-damage|p1b: Rillaboom|24\/100|[from] Recoil\n|move|p2b: Corviknight|Brave Bird|p1b: Rillaboom\n|-damage|p1b: Rillaboom|0 fnt\n|faint|p1b: Rillaboom\n|-damage|p2b: Corviknight|54\/100|[from] Recoil\n|\n|-heal|p2b: Corviknight|60\/100|[from] Grassy Terrain\n|upkeep\n|turn|5\n|c|\u2606pokequimico|Gg\n|inactive|Cellpab1 has 30 seconds left.\n|\n|t:|1730909429\n|move|p1a: Typhlosion|Eruption|p2b: Corviknight\n|-resisted|p2b: Corviknight\n|-damage|p2b: Corviknight|26\/100\n|move|p2b: Corviknight|Roost|p2b: Corviknight\n|-heal|p2b: Corviknight|76\/100\n|\n|-heal|p2b: Corviknight|82\/100|[from] Grassy Terrain\n|-fieldend|move: Grassy Terrain\n|upkeep\n|turn|6\n|-message|pokequimico forfeited.\n|\n|win|Cellpab1\n|raw|pokequimico's rating: 1803 &rarr; <strong>1776<\/strong><br \/>(-27 for losing)\n|raw|Cellpab1's rating: 1674 &rarr; <strong>1701<\/strong><br \/>(+27 for winning)\n|l|\u2606pokequimico\n|player|p1|\n|l|\u2606Cellpab1\n|player|p2|\n|l| happyabird\n","uploadtime":1730909646,"views":18,"formatid":"gen9vgc2024regh","rating":1701,"private":0,"password":null}