{"id":"gen9vgc2024regh-2238474263","format":"[Gen 9] VGC 2024 Reg H","players":["roykeenkennedy","ddy777"],"log":"|j|\u2606roykeenkennedy\n|j|\u2606ddy777\n|t:|1730890905\n|gametype|doubles\n|player|p1|roykeenkennedy|alder|1680\n|player|p2|ddy777|unknown|1686\n|teamsize|p1|6\n|teamsize|p2|6\n|gen|9\n|tier|[Gen 9] VGC 2024 Reg H\n|rated|\n|rule|Species Clause: Limit one of each Pok\u00e9mon\n|rule|Item Clause: Limit 1 of each item\n|clearpoke\n|poke|p1|Salamence, L50, M|\n|poke|p1|Incineroar, L50, M|\n|poke|p1|Weezing, L50, F|\n|poke|p1|Dragapult, L50, F|\n|poke|p1|Ursaluna-Bloodmoon, L50, M|\n|poke|p1|Volcarona, L50, M|\n|poke|p2|Indeedee-F, L50, F|\n|poke|p2|Armarouge, L50, M|\n|poke|p2|Annihilape, L50, M|\n|poke|p2|Ursaluna-Bloodmoon, L50, M|\n|poke|p2|Sneasler, L50, M|\n|poke|p2|Primarina, L50, F|\n|teampreview|4\n|\n|t:|1730890937\n|start\n|switch|p1a: Salamence|Salamence, L50, M|100\/100\n|switch|p1b: Volcarona|Volcarona, L50, M|100\/100\n|switch|p2a: Indeedee|Indeedee-F, L50, F, shiny|100\/100\n|switch|p2b: Annihilape|Annihilape, L50, M, shiny|100\/100\n|-fieldstart|move: Psychic Terrain|[from] ability: Psychic Surge|[of] p2a: Indeedee\n|turn|1\n|\n|t:|1730890968\n|switch|p1a: Weezing|Weezing, L50, F|100\/100\n|-ability|p1a: Weezing|Neutralizing Gas\n|-terastallize|p2a: Indeedee|Fairy\n|move|p2b: Annihilape|Final Gambit|p1a: Weezing\n|-damage|p1a: Weezing|0 fnt\n|faint|p2b: Annihilape\n|faint|p1a: Weezing\n|-end|p1a: Weezing|ability: Neutralizing Gas\n|move|p1b: Volcarona|Quiver Dance|p1b: Volcarona\n|-boost|p1b: Volcarona|spa|1\n|-boost|p1b: Volcarona|spd|1\n|-boost|p1b: Volcarona|spe|1\n|move|p2a: Indeedee|Trick Room|p2a: Indeedee\n|-fieldstart|move: Trick Room|[of] p2a: Indeedee\n|\n|upkeep\n|\n|t:|1730890993\n|switch|p1a: Incineroar|Incineroar, L50, M|100\/100\n|switch|p2b: Ursaluna|Ursaluna-Bloodmoon, L50, M|100\/100\n|-ability|p1a: Incineroar|Intimidate|boost\n|-unboost|p2a: Indeedee|atk|1\n|-unboost|p2b: Ursaluna|atk|1\n|turn|2\n|\n|t:|1730891021\n|-terastallize|p1b: Volcarona|Grass\n|move|p2a: Indeedee|Follow Me|p2a: Indeedee\n|-singleturn|p2a: Indeedee|move: Follow Me\n|move|p2b: Ursaluna|Blood Moon|p1a: Incineroar\n|-damage|p1a: Incineroar|24\/100\n|-damage|p2b: Ursaluna|91\/100|[from] item: Life Orb\n|move|p1a: Incineroar|Flare Blitz|p2a: Indeedee\n|-damage|p2a: Indeedee|58\/100\n|-damage|p1a: Incineroar|8\/100|[from] item: Rocky Helmet|[of] p2a: Indeedee\n|-damage|p1a: Incineroar|0 fnt|[from] Recoil\n|faint|p1a: Incineroar\n|move|p1b: Volcarona|Giga Drain|p2a: Indeedee\n|-damage|p2a: Indeedee|6\/100\n|\n|upkeep\n|\n|t:|1730891038\n|switch|p1a: Salamence|Salamence, L50, M|100\/100\n|turn|3\n|\n|t:|1730891061\n|move|p2a: Indeedee|Follow Me|p2a: Indeedee\n|-singleturn|p2a: Indeedee|move: Follow Me\n|move|p2b: Ursaluna|Hyper Voice|p1b: Volcarona|[spread] p1a,p1b\n|-damage|p1a: Salamence|33\/100\n|-damage|p1b: Volcarona|68\/100\n|-damage|p2b: Ursaluna|81\/100|[from] item: Life Orb\n|move|p1a: Salamence|Rock Slide|p2b: Ursaluna|[spread] p2a,p2b\n|-resisted|p2b: Ursaluna\n|-damage|p2a: Indeedee|0 fnt\n|-damage|p2b: Ursaluna|73\/100\n|faint|p2a: Indeedee\n|-ability|p1a: Salamence|Moxie|boost\n|-boost|p1a: Salamence|atk|1\n|move|p1b: Volcarona|Giga Drain|p2b: Ursaluna\n|-supereffective|p2b: Ursaluna\n|-damage|p2b: Ursaluna|0 fnt\n|-heal|p1b: Volcarona|100\/100|[from] drain|[of] p2b: Ursaluna\n|faint|p2b: Ursaluna\n|\n|upkeep\n|\n|t:|1730891079\n|switch|p2b: Primarina|Primarina, L50, F, shiny|100\/100\n|turn|4\n|\n|t:|1730891085\n|move|p2b: Primarina|Dazzling Gleam|p1b: Volcarona|[spread] p1a,p1b\n|-supereffective|p1a: Salamence\n|-damage|p1a: Salamence|0 fnt\n|-damage|p1b: Volcarona|80\/100\n|faint|p1a: Salamence\n|move|p1b: Volcarona|Giga Drain|p2b: Primarina\n|-supereffective|p2b: Primarina\n|-damage|p2b: Primarina|33\/100\n|-heal|p1b: Volcarona|100\/100|[from] drain|[of] p2b: Primarina\n|\n|upkeep\n|turn|5\n|\n|t:|1730891099\n|move|p2b: Primarina|Moonblast|p1b: Volcarona\n|-damage|p1b: Volcarona|66\/100\n|move|p1b: Volcarona|Giga Drain|p2b: Primarina\n|-supereffective|p2b: Primarina\n|-damage|p2b: Primarina|0 fnt\n|-heal|p1b: Volcarona|83\/100|[from] drain|[of] p2b: Primarina\n|faint|p2b: Primarina\n|\n|win|roykeenkennedy\n|raw|roykeenkennedy's rating: 1680 &rarr; <strong>1700<\/strong><br \/>(+20 for winning)\n|raw|ddy777's rating: 1686 &rarr; <strong>1666<\/strong><br \/>(-20 for losing)\n|l|\u2606roykeenkennedy\n|player|p1|\n|c|\u2606ddy777|gg\n|l|\u2606ddy777\n|player|p2|\n","uploadtime":1730891274,"views":24,"formatid":"gen9vgc2024regh","rating":1666,"private":0,"password":null}