{"id":"gen9vgc2024regh-2238897350","format":"[Gen 9] VGC 2024 Reg H","players":["bgc0","daniiivgc"],"log":"|j|\u2606bgc0\n|j|\u203ddaniiivgc\n|t:|1730936644\n|gametype|doubles\n|player|p1|bgc0|steven|1715\n|player|p2|daniiivgc|lucas|1644\n|teamsize|p1|6\n|teamsize|p2|6\n|gen|9\n|tier|[Gen 9] VGC 2024 Reg H\n|rated|\n|rule|Species Clause: Limit one of each Pok\u00e9mon\n|rule|Item Clause: Limit 1 of each item\n|clearpoke\n|poke|p1|Espathra, L50, F|\n|poke|p1|Archaludon, L50, M|\n|poke|p1|Politoed, L50, M|\n|poke|p1|Incineroar, L50, M|\n|poke|p1|Ninetales-Alola, L50, F|\n|poke|p1|Sableye, L50, M|\n|poke|p2|Quaquaval, L50, F|\n|poke|p2|Amoonguss, L50, M|\n|poke|p2|Kingambit, L50, F|\n|poke|p2|Maushold, L50|\n|poke|p2|Archaludon, L50, F|\n|poke|p2|Pelipper, L50, F|\n|teampreview|4\n|inactive|Battle timer is ON: inactive players will automatically lose when time's up. (requested by daniiivgc)\n|\n|t:|1730936675\n|start\n|switch|p1a: Espathra|Espathra, L50, F|100\/100\n|switch|p1b: Archaludon|Archaludon, L50, M, shiny|100\/100\n|switch|p2a: Maushold|Maushold, L50|100\/100\n|switch|p2b: Archaludon|Archaludon, L50, F|100\/100\n|turn|1\n|inactive|daniiivgc has 30 seconds left.\n|\n|t:|1730936709\n|move|p2a: Maushold|Population Bomb|p1a: Espathra\n|-damage|p1a: Espathra|85\/100\n|-damage|p1a: Espathra|67\/100\n|-damage|p1a: Espathra|51\/100\n|-damage|p1a: Espathra|35\/100\n|-damage|p1a: Espathra|17\/100\n|-damage|p1a: Espathra|0 fnt\n|faint|p1a: Espathra\n|-hitcount|p1: Espathra|6\n|move|p1b: Archaludon|Aura Sphere|p2b: Archaludon\n|-supereffective|p2b: Archaludon\n|-damage|p2b: Archaludon|14\/100\n|move|p2b: Archaludon|Electro Shot||[still]\n|-prepare|p2b: Archaludon|Electro Shot\n|-boost|p2b: Archaludon|spa|1\n|-enditem|p2b: Archaludon|Power Herb\n|-anim|p2b: Archaludon|Electro Shot|p1b: Archaludon\n|-resisted|p1b: Archaludon\n|-damage|p1b: Archaludon|45\/100\n|\n|upkeep\n|\n|t:|1730936721\n|switch|p1a: Incineroar|Incineroar, L50, M|100\/100\n|-ability|p1a: Incineroar|Intimidate|boost\n|-unboost|p2a: Maushold|atk|1\n|-unboost|p2b: Archaludon|atk|1\n|turn|2\n|\n|t:|1730936739\n|move|p2b: Archaludon|Protect|p2b: Archaludon\n|-singleturn|p2b: Archaludon|Protect\n|move|p1a: Incineroar|Fake Out|p2b: Archaludon\n|-activate|p2b: Archaludon|move: Protect\n|move|p2a: Maushold|Population Bomb|p1b: Archaludon\n|-resisted|p1b: Archaludon\n|-damage|p1b: Archaludon|43\/100\n|-resisted|p1b: Archaludon\n|-damage|p1b: Archaludon|40\/100\n|-resisted|p1b: Archaludon\n|-damage|p1b: Archaludon|37\/100\n|-resisted|p1b: Archaludon\n|-damage|p1b: Archaludon|34\/100\n|-resisted|p1b: Archaludon\n|-damage|p1b: Archaludon|31\/100\n|-resisted|p1b: Archaludon\n|-damage|p1b: Archaludon|27\/100\n|-resisted|p1b: Archaludon\n|-damage|p1b: Archaludon|24\/100\n|-resisted|p1b: Archaludon\n|-damage|p1b: Archaludon|21\/100\n|-resisted|p1b: Archaludon\n|-damage|p1b: Archaludon|18\/100\n|-resisted|p1b: Archaludon\n|-damage|p1b: Archaludon|15\/100\n|-hitcount|p1b: Archaludon|10\n|move|p1b: Archaludon|Electro Shot||[still]\n|-prepare|p1b: Archaludon|Electro Shot\n|-boost|p1b: Archaludon|spa|1\n|-enditem|p1b: Archaludon|Power Herb\n|-anim|p1b: Archaludon|Electro Shot|p2a: Maushold\n|-damage|p2a: Maushold|11\/100\n|\n|upkeep\n|turn|3\n|inactive|daniiivgc has 30 seconds left.\n|\n|t:|1730936768\n|move|p1b: Archaludon|Protect|p1b: Archaludon\n|-singleturn|p1b: Archaludon|Protect\n|move|p2a: Maushold|Population Bomb|p1b: Archaludon\n|-activate|p1b: Archaludon|move: Protect\n|move|p2b: Archaludon|Aura Sphere|p1a: Incineroar\n|-supereffective|p1a: Incineroar\n|-damage|p1a: Incineroar|19\/100\n|move|p1a: Incineroar|Knock Off|p2a: Maushold\n|-damage|p2a: Maushold|0 fnt\n|-enditem|p2a: Maushold|Wide Lens|[from] move: Knock Off|[of] p1a: Incineroar\n|faint|p2a: Maushold\n|\n|upkeep\n|\n|t:|1730936781\n|switch|p2a: Pelipper|Pelipper, L50, F|100\/100\n|-weather|RainDance|[from] ability: Drizzle|[of] p2a: Pelipper\n|turn|4\n|\n|t:|1730936799\n|move|p2a: Pelipper|Weather Ball|p1b: Archaludon\n|-resisted|p1b: Archaludon\n|-damage|p1b: Archaludon|0 fnt\n|faint|p1b: Archaludon\n|move|p2b: Archaludon|Electro Shot||[still]\n|-prepare|p2b: Archaludon|Electro Shot\n|-boost|p2b: Archaludon|spa|1\n|-anim|p2b: Archaludon|Electro Shot|p1a: Incineroar\n|-damage|p1a: Incineroar|0 fnt\n|faint|p1a: Incineroar\n|\n|-weather|RainDance|[upkeep]\n|upkeep\n|\n|t:|1730936804\n|switch|p1b: Ninetales|Ninetales-Alola, L50, F, shiny|100\/100\n|-weather|Snow|[from] ability: Snow Warning|[of] p1b: Ninetales\n|turn|5\n|\n|t:|1730936818\n|switch|p2a: Kingambit|Kingambit, L50, F|100\/100\n|-terastallize|p1b: Ninetales|Ice\n|move|p1b: Ninetales|Blizzard|p2a: Kingambit|[spread] p2a,p2b\n|-resisted|p2a: Kingambit\n|-damage|p2a: Kingambit|79\/100\n|-damage|p2b: Archaludon|0 fnt\n|faint|p2b: Archaludon\n|\n|-weather|Snow|[upkeep]\n|upkeep\n|\n|t:|1730936824\n|switch|p2b: Pelipper|Pelipper, L50, F|100\/100\n|-weather|RainDance|[from] ability: Drizzle|[of] p2b: Pelipper\n|turn|6\n|\n|t:|1730936832\n|move|p2a: Kingambit|Sucker Punch|p1b: Ninetales\n|-damage|p1b: Ninetales|37\/100\n|move|p2b: Pelipper|Weather Ball|p1b: Ninetales\n|-damage|p1b: Ninetales|0 fnt\n|faint|p1b: Ninetales\n|\n|win|daniiivgc\n|raw|bgc0's rating: 1715 &rarr; <strong>1691<\/strong><br \/>(-24 for losing)\n|raw|daniiivgc's rating: 1644 &rarr; <strong>1668<\/strong><br \/>(+24 for winning)\n|l|\u203ddaniiivgc\n|player|p2|\n|l|\u2606bgc0\n|player|p1|\n","uploadtime":1730937052,"views":20,"formatid":"gen9vgc2024regh","rating":1668,"private":0,"password":null}