{"id":"gen9vgc2024regh-2238570165","format":"[Gen 9] VGC 2024 Reg H","players":["Snorlax Double","647w"],"log":"|j|\u2606Snorlax Double\n|j|\u2606647w\n|t:|1730903317\n|gametype|doubles\n|player|p1|Snorlax Double|hugh|1671\n|player|p2|647w|lucas-gen4pt|1704\n|teamsize|p1|6\n|teamsize|p2|6\n|gen|9\n|tier|[Gen 9] VGC 2024 Reg H\n|rated|\n|rule|Species Clause: Limit one of each Pok\u00e9mon\n|rule|Item Clause: Limit 1 of each item\n|clearpoke\n|poke|p1|Annihilape, L50, M|\n|poke|p1|Whimsicott, L50, M|\n|poke|p1|Dragonite, L50, F|\n|poke|p1|Delphox, L50, M|\n|poke|p1|Indeedee, L50, M|\n|poke|p1|Sneasler, L50, M|\n|poke|p2|Kilowattrel, L50, M|\n|poke|p2|Garchomp, L50, M|\n|poke|p2|Archaludon, L50, M|\n|poke|p2|Incineroar, L50, M|\n|poke|p2|Rillaboom, L50, F|\n|poke|p2|Dondozo, L50, M|\n|teampreview|4\n647w has agreed to open team sheets.\n|j| jdarcan\n|\n|t:|1730903343\n|start\n|switch|p1a: Delphox|Delphox, L50, M|100\/100\n|switch|p1b: Whimsicott|Whimsicott, L50, M|100\/100\n|switch|p2a: Kilowattrel|Kilowattrel, L50, M|100\/100\n|switch|p2b: Garchomp|Garchomp, L50, M|100\/100\n|turn|1\n|\n|t:|1730903361\n|switch|p2a: Incineroar|Incineroar, L50, M|100\/100\n|-ability|p2a: Incineroar|Intimidate|boost\n|-unboost|p1a: Delphox|atk|1\n|-unboost|p1b: Whimsicott|atk|1\n|move|p1a: Delphox|Protect|p1a: Delphox\n|-singleturn|p1a: Delphox|Protect\n|move|p1b: Whimsicott|Tailwind|p1b: Whimsicott\n|-sidestart|p1: Snorlax Double|move: Tailwind\n|move|p2b: Garchomp|Stomping Tantrum|p1a: Delphox\n|-activate|p1a: Delphox|move: Protect\n|\n|upkeep\n|turn|2\n|j| nistaka\n|j| stewpeed\n|\n|t:|1730903391\n|switch|p1a: Indeedee|Indeedee, L50, M|100\/100\n|-fieldstart|move: Psychic Terrain|[from] ability: Psychic Surge|[of] p1a: Indeedee\n|switch|p2b: Dondozo|Dondozo, L50, M|100\/100\n|move|p1b: Whimsicott|Moonblast|p2b: Dondozo\n|-damage|p2b: Dondozo|81\/100\n|move|p2a: Incineroar|Knock Off|p1a: Indeedee\n|-supereffective|p1a: Indeedee\n|-enditem|p1a: Indeedee|Focus Sash\n|-damage|p1a: Indeedee|1\/100\n|\n|-heal|p2b: Dondozo|87\/100|[from] item: Leftovers\n|upkeep\n|turn|3\n|\n|t:|1730903414\n|switch|p1a: Sneasler|Sneasler, L50, M|100\/100\n|-enditem|p1a: Sneasler|Psychic Seed\n|-boost|p1a: Sneasler|spd|1|[from] item: Psychic Seed\n|move|p1b: Whimsicott|Moonblast|p2a: Incineroar\n|-damage|p2a: Incineroar|79\/100\n|-unboost|p2a: Incineroar|spa|1\n|move|p2a: Incineroar|Knock Off|p1b: Whimsicott\n|-resisted|p1b: Whimsicott\n|-damage|p1b: Whimsicott|81\/100\n|-enditem|p1b: Whimsicott|Covert Cloak|[from] move: Knock Off|[of] p2a: Incineroar\n|move|p2b: Dondozo|Wave Crash|p1a: Sneasler\n|-damage|p1a: Sneasler|31\/100\n|-damage|p2b: Dondozo|73\/100|[from] Recoil\n|\n|-heal|p2b: Dondozo|79\/100|[from] item: Leftovers\n|upkeep\n|turn|4\n|\n|t:|1730903449\n|switch|p2a: Garchomp|Garchomp, L50, M|100\/100\n|move|p1a: Sneasler|Close Combat|p2a: Garchomp\n|-damage|p2a: Garchomp|33\/100\n|-unboost|p1a: Sneasler|def|1\n|-unboost|p1a: Sneasler|spd|1\n|-damage|p1a: Sneasler|19\/100|[from] ability: Rough Skin|[of] p2a: Garchomp\n|move|p1b: Whimsicott|Moonblast|p2a: Garchomp\n|-supereffective|p2a: Garchomp\n|-damage|p2a: Garchomp|0 fnt\n|faint|p2a: Garchomp\n|move|p2b: Dondozo|Wave Crash|p1a: Sneasler\n|-damage|p1a: Sneasler|0 fnt\n|faint|p1a: Sneasler\n|-damage|p2b: Dondozo|76\/100|[from] Recoil\n|\n|-heal|p2b: Dondozo|82\/100|[from] item: Leftovers\n|-sideend|p1: Snorlax Double|move: Tailwind\n|upkeep\n|\n|t:|1730903462\n|switch|p1a: Delphox|Delphox, L50, M|100\/100\n|switch|p2a: Incineroar|Incineroar, L50, M|79\/100\n|-ability|p2a: Incineroar|Intimidate|boost\n|-unboost|p1a: Delphox|atk|1\n|-unboost|p1b: Whimsicott|atk|1\n|turn|5\n|\n|t:|1730903472\n|-terastallize|p1a: Delphox|Fighting\n|move|p1b: Whimsicott|Sunny Day|p1b: Whimsicott\n|-weather|SunnyDay\n|move|p1a: Delphox|Tera Blast|p2a: Incineroar|[anim] Tera Blast Fighting\n|-supereffective|p2a: Incineroar\n|-damage|p2a: Incineroar|0 fnt\n|faint|p2a: Incineroar\n|-damage|p1a: Delphox|91\/100|[from] item: Life Orb\n|move|p2b: Dondozo|Yawn|p1a: Delphox\n|-start|p1a: Delphox|move: Yawn|[of] p2b: Dondozo\n|\n|-weather|SunnyDay|[upkeep]\n|-heal|p2b: Dondozo|88\/100|[from] item: Leftovers\n|upkeep\n|\n|t:|1730903477\n|switch|p2a: Kilowattrel|Kilowattrel, L50, M|100\/100\n|turn|6\n|\n|t:|1730903508\n|move|p1b: Whimsicott|Tailwind|p1b: Whimsicott\n|-sidestart|p1: Snorlax Double|move: Tailwind\n|move|p1a: Delphox|Expanding Force|p2a: Kilowattrel|[spread] p2a,p2b\n|-enditem|p2a: Kilowattrel|Focus Sash\n|-damage|p2a: Kilowattrel|1\/100\n|-damage|p2b: Dondozo|36\/100\n|-damage|p1a: Delphox|81\/100|[from] item: Life Orb\n|move|p2a: Kilowattrel|Air Slash|p1b: Whimsicott\n|-supereffective|p1b: Whimsicott\n|-damage|p1b: Whimsicott|0 fnt\n|faint|p1b: Whimsicott\n|move|p2b: Dondozo|Wave Crash|p1a: Delphox\n|-damage|p1a: Delphox|48\/100\n|-damage|p2b: Dondozo|30\/100|[from] Recoil\n|\n|-weather|SunnyDay|[upkeep]\n|-heal|p2b: Dondozo|36\/100|[from] item: Leftovers\n|-end|p1a: Delphox|move: Yawn|[silent]\n|-status|p1a: Delphox|slp\n|-fieldend|move: Psychic Terrain\n|upkeep\n|\n|t:|1730903517\n|switch|p1b: Indeedee|Indeedee, L50, M|1\/100\n|-fieldstart|move: Psychic Terrain|[from] ability: Psychic Surge|[of] p1b: Indeedee\n|turn|7\n|\n|t:|1730903528\n|move|p2a: Kilowattrel|Protect|p2a: Kilowattrel\n|-singleturn|p2a: Kilowattrel|Protect\n|cant|p1a: Delphox|slp\n|move|p1b: Indeedee|Expanding Force|p2a: Kilowattrel|[spread] p2b\n|-activate|p2a: Kilowattrel|move: Protect\n|-damage|p2b: Dondozo|0 fnt\n|faint|p2b: Dondozo\n|\n|-weather|SunnyDay|[upkeep]\n|upkeep\n|turn|8\n|\n|t:|1730903538\n|cant|p1a: Delphox|slp\n|move|p1b: Indeedee|Expanding Force|p2a: Kilowattrel\n|-damage|p2a: Kilowattrel|0 fnt\n|faint|p2a: Kilowattrel\n|\n|win|Snorlax Double\n|raw|Snorlax Double's rating: 1671 &rarr; <strong>1693<\/strong><br \/>(+22 for winning)\n|raw|647w's rating: 1704 &rarr; <strong>1682<\/strong><br \/>(-22 for losing)\n|l|\u2606647w\n|player|p2|\n|l|\u2606Snorlax Double\n|player|p1|\n|l| stewpeed\n|l| jdarcan\n","uploadtime":1730903791,"views":16,"formatid":"gen9vgc2024regh","rating":1682,"private":0,"password":null}