{"id":"gen9vgc2024regh-2238773748","format":"[Gen 9] VGC 2024 Reg H","players":["dayron91","Brave12223"],"log":"|j|\u2606dayron91\n|j|\u2606Brave12223\n|t:|1730923074\n|gametype|doubles\n|player|p1|dayron91|dragontamer|1711\n|player|p2|Brave12223|ingo|1799\n|teamsize|p1|6\n|teamsize|p2|6\n|gen|9\n|tier|[Gen 9] VGC 2024 Reg H\n|rated|\n|rule|Species Clause: Limit one of each Pok\u00e9mon\n|rule|Item Clause: Limit 1 of each item\n|clearpoke\n|poke|p1|Arcanine-Hisui, L50, F|\n|poke|p1|Rillaboom, L50, F|\n|poke|p1|Basculegion, L50, M|\n|poke|p1|Ursaluna-Bloodmoon, L50, M|\n|poke|p1|Drifblim, L50, F|\n|poke|p1|Farigiraf, L50, F|\n|poke|p2|Baxcalibur, L50, M|\n|poke|p2|Ninetales-Alola, L50, M|\n|poke|p2|Rillaboom, L50, F|\n|poke|p2|Incineroar, L50, F|\n|poke|p2|Basculegion, L50, M|\n|poke|p2|Kingambit, L50, F|\n|teampreview|4\n|inactive|Battle timer is ON: inactive players will automatically lose when time's up. (requested by Brave12223)\n|inactive|dayron91 has 60 seconds left.\n|inactive|Brave12223 has 60 seconds left.\n|\n|t:|1730923140\n|start\n|switch|p1a: Rillaboom|Rillaboom, L50, F|100\/100\n|switch|p1b: Drifblim|Drifblim, L50, F|100\/100\n|switch|p2a: Incineroar|Incineroar, L50, F|100\/100\n|switch|p2b: Basculegion|Basculegion, L50, M|100\/100\n|-fieldstart|move: Grassy Terrain|[from] ability: Grassy Surge|[of] p1a: Rillaboom\n|-enditem|p1b: Drifblim|Grassy Seed\n|-boost|p1b: Drifblim|def|1|[from] item: Grassy Seed\n|-ability|p2a: Incineroar|Intimidate|boost\n|-unboost|p1a: Rillaboom|atk|1\n|-unboost|p1b: Drifblim|atk|1\n|turn|1\n|inactive|dayron91 has 30 seconds left.\n|inactive|Brave12223 has 30 seconds left.\n|inactive|dayron91 has 20 seconds left.\n|j| Meditate Golisopod\n|inactive|dayron91 has 15 seconds left.\n|\n|t:|1730923183\n|switch|p2b: Kingambit|Kingambit, L50, F|100\/100\n|move|p1b: Drifblim|Will-O-Wisp|p2b: Kingambit\n|-status|p2b: Kingambit|brn\n|move|p1a: Rillaboom|Wood Hammer|p2b: Kingambit\n|-resisted|p2b: Kingambit\n|-damage|p2b: Kingambit|82\/100 brn\n|-damage|p1a: Rillaboom|94\/100|[from] Recoil\n|move|p2a: Incineroar|Parting Shot|p1a: Rillaboom\n|-unboost|p1a: Rillaboom|atk|1\n|-unboost|p1a: Rillaboom|spa|1\n|\n|t:|1730923193\n|switch|p2a: Ninetales|Ninetales-Alola, L50, M|100\/100|[from] Parting Shot\n|-weather|Snow|[from] ability: Snow Warning|[of] p2a: Ninetales\n|\n|-weather|Snow|[upkeep]\n|-heal|p1a: Rillaboom|99\/100|[from] Grassy Terrain\n|-heal|p2b: Kingambit|87\/100 brn|[from] Grassy Terrain\n|-damage|p2b: Kingambit|82\/100 brn|[from] brn\n|upkeep\n|turn|2\n|inactive|dayron91 has 30 seconds left.\n|\n|t:|1730923223\n|switch|p1a: Ursaluna|Ursaluna-Bloodmoon, L50, M|100\/100\n|move|p1b: Drifblim|Tailwind|p1b: Drifblim\n|-sidestart|p1: dayron91|move: Tailwind\n|move|p2a: Ninetales|Blizzard|p1b: Drifblim|[spread] p1a,p1b\n|-supereffective|p1a: Ursaluna\n|-supereffective|p1b: Drifblim\n|-damage|p1a: Ursaluna|0 fnt\n|-damage|p1b: Drifblim|27\/100\n|faint|p1a: Ursaluna\n|move|p2b: Kingambit|Swords Dance|p2b: Kingambit\n|-boost|p2b: Kingambit|atk|2\n|\n|-weather|Snow|[upkeep]\n|-heal|p2b: Kingambit|87\/100 brn|[from] Grassy Terrain\n|-damage|p2b: Kingambit|82\/100 brn|[from] brn\n|upkeep\n|\n|t:|1730923241\n|switch|p1a: Arcanine|Arcanine-Hisui, L50, F, shiny|100\/100\n|-ability|p1a: Arcanine|Intimidate|boost\n|-unboost|p2a: Ninetales|atk|1\n|-unboost|p2b: Kingambit|atk|1\n|-ability|p2b: Kingambit|Defiant|boost\n|-boost|p2b: Kingambit|atk|2\n|turn|3\n|\n|t:|1730923262\n|switch|p2a: Incineroar|Incineroar, L50, F|100\/100\n|-ability|p2a: Incineroar|Intimidate|boost\n|-unboost|p1a: Arcanine|atk|1\n|-unboost|p1b: Drifblim|atk|1\n|move|p2b: Kingambit|Sucker Punch|p1a: Arcanine\n|-damage|p1a: Arcanine|31\/100\n|move|p1b: Drifblim|Haze|p1b: Drifblim\n|-clearallboost\n|move|p1a: Arcanine|Flare Blitz|p2b: Kingambit\n|-supereffective|p2b: Kingambit\n|-damage|p2b: Kingambit|0 fnt\n|faint|p2b: Kingambit\n|-damage|p1a: Arcanine|3\/100|[from] Recoil\n|\n|-weather|Snow|[upkeep]\n|-heal|p1a: Arcanine|9\/100|[from] Grassy Terrain\n|upkeep\n|\n|t:|1730923286\n|switch|p2b: Ninetales|Ninetales-Alola, L50, M|100\/100\n|turn|4\n|j| i'm lyr1cal\n|inactive|dayron91 has 30 seconds left.\n|\n|t:|1730923312\n|move|p1a: Arcanine|Protect|p1a: Arcanine\n|-singleturn|p1a: Arcanine|Protect\n|move|p2a: Incineroar|Fake Out|p1a: Arcanine\n|-activate|p1a: Arcanine|move: Protect\n|move|p1b: Drifblim|Air Slash|p2b: Ninetales\n|-damage|p2b: Ninetales|76\/100\n|cant|p2b: Ninetales|flinch\n|\n|-weather|Snow|[upkeep]\n|-heal|p1a: Arcanine|15\/100|[from] Grassy Terrain\n|-heal|p2b: Ninetales|82\/100|[from] Grassy Terrain\n|upkeep\n|turn|5\n|\n|t:|1730923333\n|switch|p2b: Basculegion|Basculegion, L50, M|100\/100\n|move|p1b: Drifblim|Air Slash|p2b: Basculegion\n|-damage|p2b: Basculegion|73\/100\n|move|p1a: Arcanine|Flare Blitz|p2a: Incineroar\n|-resisted|p2a: Incineroar\n|-damage|p2a: Incineroar|79\/100\n|-damage|p1a: Arcanine|8\/100|[from] Recoil\n|move|p2a: Incineroar|Parting Shot|p1b: Drifblim\n|-unboost|p1b: Drifblim|atk|1\n|-unboost|p1b: Drifblim|spa|1\n|\n|t:|1730923335\n|switch|p2a: Ninetales|Ninetales-Alola, L50, M|82\/100|[from] Parting Shot\n|\n|-weather|none\n|-heal|p1a: Arcanine|14\/100|[from] Grassy Terrain\n|-heal|p2b: Basculegion|79\/100|[from] Grassy Terrain\n|-heal|p2a: Ninetales|88\/100|[from] Grassy Terrain\n|-sideend|p1: dayron91|move: Tailwind\n|-fieldend|move: Grassy Terrain\n|upkeep\n|turn|6\n|inactive|dayron91 has 30 seconds left.\n|inactive|dayron91 has 20 seconds left.\n|\n|t:|1730923374\n|switch|p2a: Incineroar|Incineroar, L50, F|79\/100\n|-ability|p2a: Incineroar|Intimidate|boost\n|-unboost|p1a: Arcanine|atk|1\n|-unboost|p1b: Drifblim|atk|1\n|switch|p1a: Rillaboom|Rillaboom, L50, F|99\/100\n|-fieldstart|move: Grassy Terrain|[from] ability: Grassy Surge|[of] p1a: Rillaboom\n|move|p1b: Drifblim|Tailwind|p1b: Drifblim\n|-sidestart|p1: dayron91|move: Tailwind\n|move|p2b: Basculegion|Flip Turn|p1a: Rillaboom\n|-resisted|p1a: Rillaboom\n|-damage|p1a: Rillaboom|80\/100\n|\n|t:|1730923381\n|switch|p2b: Ninetales|Ninetales-Alola, L50, M|88\/100|[from] Flip Turn\n|-weather|Snow|[from] ability: Snow Warning|[of] p2b: Ninetales\n|\n|-weather|Snow|[upkeep]\n|-heal|p1a: Rillaboom|86\/100|[from] Grassy Terrain\n|-heal|p2b: Ninetales|94\/100|[from] Grassy Terrain\n|-heal|p2a: Incineroar|85\/100|[from] Grassy Terrain\n|upkeep\n|turn|7\n|inactive|dayron91 has 30 seconds left.\n|inactive|dayron91 has 20 seconds left.\n|inactive|dayron91 has 15 seconds left.\n|\n|t:|1730923424\n|-terastallize|p1a: Rillaboom|Fire\n|move|p1b: Drifblim|Air Slash|p2b: Ninetales\n|-damage|p2b: Ninetales|78\/100\n|move|p1a: Rillaboom|Wood Hammer|p2a: Incineroar\n|-resisted|p2a: Incineroar\n|-damage|p2a: Incineroar|52\/100\n|-damage|p1a: Rillaboom|75\/100|[from] Recoil\n|move|p2b: Ninetales|Blizzard|p1b: Drifblim|[spread] p1a,p1b\n|-resisted|p1a: Rillaboom\n|-supereffective|p1b: Drifblim\n|-damage|p1a: Rillaboom|59\/100\n|-damage|p1b: Drifblim|0 fnt\n|faint|p1b: Drifblim\n|move|p2a: Incineroar|Knock Off|p1a: Rillaboom\n|-damage|p1a: Rillaboom|22\/100\n|-enditem|p1a: Rillaboom|Assault Vest|[from] move: Knock Off|[of] p2a: Incineroar\n|\n|-weather|Snow|[upkeep]\n|-heal|p1a: Rillaboom|28\/100|[from] Grassy Terrain\n|-heal|p2b: Ninetales|84\/100|[from] Grassy Terrain\n|-heal|p2a: Incineroar|58\/100|[from] Grassy Terrain\n|upkeep\n|j| PKBR_Fernoob\n|\n|t:|1730923446\n|switch|p1b: Arcanine|Arcanine-Hisui, L50, F, shiny|14\/100\n|-ability|p1b: Arcanine|Intimidate|boost\n|-unboost|p2a: Incineroar|atk|1\n|-unboost|p2b: Ninetales|atk|1\n|turn|8\n|l| i'm lyr1cal\n|inactive|dayron91 has 30 seconds left.\n|inactive|dayron91 has 20 seconds left.\n|\n|t:|1730923485\n|-terastallize|p2a: Incineroar|Ghost\n|move|p1b: Arcanine|Rock Slide|p2b: Ninetales|[spread] p2a\n|-miss|p1b: Arcanine|p2b: Ninetales\n|-damage|p2a: Incineroar|36\/100\n|move|p1a: Rillaboom|Wood Hammer|p2b: Ninetales\n|-crit|p2b: Ninetales\n|-damage|p2b: Ninetales|0 fnt\n|faint|p2b: Ninetales\n|-damage|p1a: Rillaboom|7\/100|[from] Recoil\n|cant|p2a: Incineroar|flinch\n|\n|-weather|Snow|[upkeep]\n|-heal|p1b: Arcanine|20\/100|[from] Grassy Terrain\n|-heal|p1a: Rillaboom|13\/100|[from] Grassy Terrain\n|-heal|p2a: Incineroar|42\/100|[from] Grassy Terrain\n|upkeep\n|\n|t:|1730923487\n|switch|p2b: Basculegion|Basculegion, L50, M|79\/100\n|turn|9\n|l| Meditate Golisopod\n|inactive|dayron91 has 30 seconds left.\n|inactive|dayron91 has 20 seconds left.\n|\n|t:|1730923524\n|move|p1a: Rillaboom|Grassy Glide|p2b: Basculegion\n|-supereffective|p2b: Basculegion\n|-damage|p2b: Basculegion|0 fnt\n|faint|p2b: Basculegion\n|move|p1b: Arcanine|Flare Blitz|p2a: Incineroar\n|-damage|p2a: Incineroar|0 fnt\n|faint|p2a: Incineroar\n|-damage|p1b: Arcanine|7\/100|[from] Recoil\n|\n|win|dayron91\n|raw|dayron91's rating: 1711 &rarr; <strong>1736<\/strong><br \/>(+25 for winning)\n|raw|Brave12223's rating: 1799 &rarr; <strong>1774<\/strong><br \/>(-25 for losing)\n|l|\u2606Brave12223\n|player|p2|\n|l|\u2606dayron91\n|player|p1|\n","uploadtime":1730923538,"views":46,"formatid":"gen9vgc2024regh","rating":1736,"private":0,"password":null}