{"id":"gen9vgc2024regh-2238204738","format":"[Gen 9] VGC 2024 Reg H","players":["fennel_strawborzoi","post_testing"],"log":"|j|\u2606fennel_strawborzoi\n|j|\u2606post_testing\n|t:|1730849468\n|gametype|doubles\n|player|p1|fennel_strawborzoi|cynthia|1656\n|player|p2|post_testing|169|1713\n|teamsize|p1|6\n|teamsize|p2|6\n|gen|9\n|tier|[Gen 9] VGC 2024 Reg H\n|rated|\n|rule|Species Clause: Limit one of each Pok\u00e9mon\n|rule|Item Clause: Limit 1 of each item\n|clearpoke\n|poke|p1|Sneasler, L50, F|\n|poke|p1|Dondozo, L50, M|\n|poke|p1|Baxcalibur, L50, M|\n|poke|p1|Volcarona, L50, F|\n|poke|p1|Rillaboom, L50, F|\n|poke|p1|Kingambit, L50, F|\n|poke|p2|Archaludon, L50, F|\n|poke|p2|Murkrow, L50, M|\n|poke|p2|Indeedee, L50, M|\n|poke|p2|Sneasler, L50, M|\n|poke|p2|Dragapult, L50, M|\n|poke|p2|Charizard, L50, M|\n|teampreview|4\n|inactive|Battle timer is ON: inactive players will automatically lose when time's up. (requested by post_testing)\n|\n|t:|1730849500\n|start\n|switch|p1a: Sneasler|Sneasler, L50, F|100\/100\n|switch|p1b: Baxcalibur|Baxcalibur, L50, M|100\/100\n|switch|p2a: Murkrow|Murkrow, L50, M|100\/100\n|switch|p2b: Archaludon|Archaludon, L50, F|100\/100\n|turn|1\n|\n|t:|1730849518\n|-terastallize|p1b: Baxcalibur|Ghost\n|move|p2a: Murkrow|Tailwind|p2a: Murkrow\n|-sidestart|p2: post_testing|move: Tailwind\n|move|p2b: Archaludon|Electro Shot||[still]\n|-prepare|p2b: Archaludon|Electro Shot\n|-boost|p2b: Archaludon|spa|1\n|-enditem|p2b: Archaludon|Power Herb\n|-anim|p2b: Archaludon|Electro Shot|p1a: Sneasler\n|-enditem|p1a: Sneasler|Focus Sash\n|-damage|p1a: Sneasler|1\/100\n|move|p1a: Sneasler|Coaching|p1b: Baxcalibur\n|-boost|p1b: Baxcalibur|atk|1\n|-boost|p1b: Baxcalibur|def|1\n|move|p1b: Baxcalibur|Scale Shot|p2a: Murkrow\n|-damage|p2a: Murkrow|77\/100\n|-damage|p2a: Murkrow|53\/100\n|-damage|p2a: Murkrow|31\/100\n|-damage|p2a: Murkrow|6\/100\n|-hitcount|p2a: Murkrow|4\n|-unboost|p1b: Baxcalibur|def|1\n|-boost|p1b: Baxcalibur|spe|1\n|\n|upkeep\n|turn|2\n|j| SnowMcDuck\n|inactive|post_testing has 30 seconds left.\n|j| jdarcan\n|inactive|post_testing has 20 seconds left.\n|inactive|post_testing has 15 seconds left.\n|\n|t:|1730849558\n|switch|p2a: Indeedee|Indeedee, L50, M|100\/100\n|-fieldstart|move: Psychic Terrain|[from] ability: Psychic Surge|[of] p2a: Indeedee\n|-terastallize|p2b: Archaludon|Electric\n|move|p1b: Baxcalibur|Protect|p1b: Baxcalibur\n|-singleturn|p1b: Baxcalibur|Protect\n|move|p1a: Sneasler|Dire Claw|p2a: Indeedee\n|-damage|p2a: Indeedee|12\/100\n|-status|p2a: Indeedee|slp\n|move|p2b: Archaludon|Thunderbolt|p1b: Baxcalibur\n|-activate|p1b: Baxcalibur|move: Protect\n|\n|upkeep\n|turn|3\n|inactive|fennel_strawborzoi has 30 seconds left.\n|\n|t:|1730849590\n|switch|p1b: Rillaboom|Rillaboom, L50, F|100\/100\n|-fieldstart|move: Grassy Terrain|[from] ability: Grassy Surge|[of] p1b: Rillaboom\n|move|p2b: Archaludon|Protect|p2b: Archaludon\n|-singleturn|p2b: Archaludon|Protect\n|move|p1a: Sneasler|Dire Claw|p2b: Archaludon\n|-activate|p2b: Archaludon|move: Protect\n|cant|p2a: Indeedee|slp\n|\n|-heal|p1a: Sneasler|7\/100|[from] Grassy Terrain\n|-heal|p2a: Indeedee|18\/100 slp|[from] Grassy Terrain\n|upkeep\n|turn|4\n|\n|t:|1730849614\n|switch|p2a: Murkrow|Murkrow, L50, M|6\/100\n|move|p1a: Sneasler|Coaching|p1b: Rillaboom\n|-boost|p1b: Rillaboom|atk|1\n|-boost|p1b: Rillaboom|def|1\n|move|p2b: Archaludon|Thunderbolt|p1a: Sneasler\n|-damage|p1a: Sneasler|0 fnt\n|faint|p1a: Sneasler\n|move|p1b: Rillaboom|High Horsepower|p2b: Archaludon\n|-supereffective|p2b: Archaludon\n|-damage|p2b: Archaludon|15\/100\n|\n|-heal|p2b: Archaludon|21\/100|[from] Grassy Terrain\n|-sideend|p2: post_testing|move: Tailwind\n|upkeep\n|\n|t:|1730849625\n|switch|p1a: Baxcalibur|Baxcalibur, L50, M, tera:Ghost|100\/100\n|turn|5\n|\n|t:|1730849643\n|switch|p1b: Dondozo|Dondozo, L50, M|100\/100\n|move|p2b: Archaludon|Protect|p2b: Archaludon\n|-singleturn|p2b: Archaludon|Protect\n|move|p2a: Murkrow|Haze|p2a: Murkrow\n|-clearallboost\n|move|p1a: Baxcalibur|Scale Shot|p2a: Murkrow\n|-damage|p2a: Murkrow|0 fnt\n|faint|p2a: Murkrow\n|-hitcount|p2: Murkrow|1\n|-unboost|p1a: Baxcalibur|def|1\n|-boost|p1a: Baxcalibur|spe|1\n|\n|-heal|p2b: Archaludon|27\/100|[from] Grassy Terrain\n|upkeep\n|\n|t:|1730849663\n|switch|p2a: Charizard|Charizard, L50, M|100\/100\n|turn|6\n|\n|t:|1730849675\n|move|p1a: Baxcalibur|Protect|p1a: Baxcalibur\n|-singleturn|p1a: Baxcalibur|Protect\n|move|p2a: Charizard|Heat Wave|p1a: Baxcalibur|[spread] \n|-activate|p1a: Baxcalibur|move: Protect\n|-miss|p2a: Charizard|p1b: Dondozo\n|move|p2b: Archaludon|Thunderbolt|p1b: Dondozo\n|-supereffective|p1b: Dondozo\n|-damage|p1b: Dondozo|18\/100\n|move|p1b: Dondozo|Yawn|p2b: Archaludon\n|-start|p2b: Archaludon|move: Yawn|[of] p1b: Dondozo\n|\n|-heal|p2b: Archaludon|33\/100|[from] Grassy Terrain\n|-heal|p1b: Dondozo|24\/100|[from] Grassy Terrain\n|-heal|p1b: Dondozo|30\/100|[from] item: Leftovers\n|upkeep\n|turn|7\n|\n|t:|1730849698\n|switch|p1b: Rillaboom|Rillaboom, L50, F|100\/100\n|move|p1a: Baxcalibur|Scale Shot|p2b: Archaludon\n|-damage|p2b: Archaludon|19\/100\n|-damage|p2b: Archaludon|4\/100\n|-damage|p2b: Archaludon|0 fnt\n|faint|p2b: Archaludon\n|-hitcount|p2: Archaludon|3\n|-unboost|p1a: Baxcalibur|def|1\n|-boost|p1a: Baxcalibur|spe|1\n|move|p2a: Charizard|Heat Wave|p1a: Baxcalibur|[spread] p1a,p1b\n|-supereffective|p1b: Rillaboom\n|-damage|p1a: Baxcalibur|48\/100\n|-damage|p1b: Rillaboom|34\/100\n|-ability|p1a: Baxcalibur|Thermal Exchange|boost\n|-boost|p1a: Baxcalibur|atk|1\n|\n|-heal|p1a: Baxcalibur|55\/100|[from] Grassy Terrain\n|-heal|p1b: Rillaboom|40\/100|[from] Grassy Terrain\n|-fieldend|move: Grassy Terrain\n|upkeep\n|\n|t:|1730849717\n|switch|p2b: Indeedee|Indeedee, L50, M|18\/100 slp\n|-fieldstart|move: Psychic Terrain|[from] ability: Psychic Surge|[of] p2b: Indeedee\n|turn|8\n|\n|t:|1730849724\n|move|p1a: Baxcalibur|Icicle Spear|p2a: Charizard\n|-damage|p2a: Charizard|67\/100\n|-damage|p2a: Charizard|36\/100\n|-damage|p2a: Charizard|0 fnt\n|faint|p2a: Charizard\n|-hitcount|p2: Charizard|3\n|-curestatus|p2b: Indeedee|slp|[msg]\n|move|p2b: Indeedee|Expanding Force|p1a: Baxcalibur|[spread] p1a,p1b\n|-damage|p1a: Baxcalibur|0 fnt\n|-damage|p1b: Rillaboom|1\/100\n|faint|p1a: Baxcalibur\n|move|p1b: Rillaboom|Wood Hammer|p2b: Indeedee\n|-damage|p2b: Indeedee|0 fnt\n|faint|p2b: Indeedee\n|-damage|p1b: Rillaboom|0 fnt|[from] Recoil\n|faint|p1b: Rillaboom\n|\n|win|fennel_strawborzoi\n|raw|fennel_strawborzoi's rating: 1656 &rarr; <strong>1679<\/strong><br \/>(+23 for winning)\n|raw|post_testing's rating: 1713 &rarr; <strong>1690<\/strong><br \/>(-23 for losing)\n|l|\u2606post_testing\n|player|p2|\n|l| SnowMcDuck\n|l|\u2606fennel_strawborzoi\n|player|p1|\n","uploadtime":1730849742,"views":35,"formatid":"gen9vgc2024regh","rating":1679,"private":0,"password":null}