{"id":"gen9vgc2024regh-2238737316","format":"[Gen 9] VGC 2024 Reg H","players":["chiitancrazymascot","Cellpab1"],"log":"|j|\u2606chiitancrazymascot\n|j|\u2606Cellpab1\n|t:|1730919589\n|gametype|doubles\n|player|p1|chiitancrazymascot|pokemaniac|1761\n|player|p2|Cellpab1|1|1701\n|teamsize|p1|6\n|teamsize|p2|6\n|gen|9\n|tier|[Gen 9] VGC 2024 Reg H\n|rated|\n|rule|Species Clause: Limit one of each Pok\u00e9mon\n|rule|Item Clause: Limit 1 of each item\n|clearpoke\n|poke|p1|Annihilape, L50, F|\n|poke|p1|Dondozo, L50, F|\n|poke|p1|Maushold-Four, L50|\n|poke|p1|Gholdengo, L50|\n|poke|p1|Whimsicott, L50, F|\n|poke|p1|Tatsugiri, L50, F|\n|poke|p2|Weezing-Galar, L50, M|\n|poke|p2|Toedscruel, L50, M|\n|poke|p2|Garchomp, L50, F|\n|poke|p2|Corviknight, L50, M|\n|poke|p2|Typhlosion-Hisui, L50, M|\n|poke|p2|Ninetales-Alola, L50, M|\n|teampreview|4\n|inactive|Battle timer is ON: inactive players will automatically lose when time's up. (requested by chiitancrazymascot)\n|inactive|Cellpab1 has 60 seconds left.\n|\n|t:|1730919648\n|start\n|switch|p1a: Maushold|Maushold-Four, L50|100\/100\n|switch|p1b: Annihilape|Annihilape, L50, F, shiny|100\/100\n|switch|p2a: Toedscruel|Toedscruel, L50, M|100\/100\n|switch|p2b: Typhlosion|Typhlosion-Hisui, L50, M|100\/100\n|turn|1\n|inactive|chiitancrazymascot has 30 seconds left.\n|inactive|Cellpab1 has 30 seconds left.\n|inactive|Cellpab1 has 20 seconds left.\n|inactive|Cellpab1 has 15 seconds left.\n|inactive|Cellpab1 has 10 seconds left.\n|\n|t:|1730919693\n|-terastallize|p2b: Typhlosion|Fire\n|move|p2a: Toedscruel|Rage Powder|p2a: Toedscruel\n|-singleturn|p2a: Toedscruel|move: Rage Powder\n|move|p2b: Typhlosion|Eruption|p1a: Maushold|[spread] p1a,p1b\n|-damage|p1a: Maushold|7\/100\n|-damage|p1b: Annihilape|54\/100\n|move|p1a: Maushold|Taunt|p2a: Toedscruel\n|-start|p2a: Toedscruel|move: Taunt\n|move|p1b: Annihilape|Bulk Up|p1b: Annihilape\n|-boost|p1b: Annihilape|atk|1\n|-boost|p1b: Annihilape|def|1\n|\n|upkeep\n|turn|2\n|inactive|chiitancrazymascot has 30 seconds left.\n|inactive|chiitancrazymascot has 20 seconds left.\n|\n|t:|1730919729\n|move|p1a: Maushold|Protect|p1a: Maushold\n|-singleturn|p1a: Maushold|Protect\n|move|p2b: Typhlosion|Eruption|p1a: Maushold|[spread] p1b\n|-activate|p1a: Maushold|move: Protect\n|-damage|p1b: Annihilape|6\/100\n|-enditem|p1b: Annihilape|Sitrus Berry|[eat]\n|-heal|p1b: Annihilape|31\/100|[from] item: Sitrus Berry\n|move|p2a: Toedscruel|Earth Power|p1b: Annihilape\n|-damage|p1b: Annihilape|15\/100\n|move|p1b: Annihilape|Drain Punch|p2b: Typhlosion\n|-damage|p2b: Typhlosion|25\/100\n|-heal|p1b: Annihilape|41\/100|[from] drain|[of] p2b: Typhlosion\n|\n|upkeep\n|turn|3\n|inactive|chiitancrazymascot has 30 seconds left.\n|inactive|Cellpab1 has 30 seconds left.\n|inactive|chiitancrazymascot has 20 seconds left.\n|inactive|Cellpab1 has 20 seconds left.\n|\n|t:|1730919766\n|move|p1b: Annihilape|Protect|p1b: Annihilape\n|-singleturn|p1b: Annihilape|Protect\n|move|p1a: Maushold|Follow Me|p1a: Maushold\n|-singleturn|p1a: Maushold|move: Follow Me\n|move|p2b: Typhlosion|Eruption|p1b: Annihilape|[spread] p1a\n|-activate|p1b: Annihilape|move: Protect\n|-damage|p1a: Maushold|0 fnt\n|faint|p1a: Maushold\n|move|p2a: Toedscruel|Earth Power|p1b: Annihilape\n|-activate|p1b: Annihilape|move: Protect\n|\n|upkeep\n|\n|t:|1730919769\n|switch|p1a: Tatsugiri|Tatsugiri, L50, F, shiny|100\/100\n|turn|4\n|inactive|Cellpab1 has 30 seconds left.\n|\n|t:|1730919802\n|switch|p2a: Weezing|Weezing-Galar, L50, M|100\/100\n|-ability|p2a: Weezing|Neutralizing Gas\n|move|p1a: Tatsugiri|Icy Wind|p2b: Typhlosion|[spread] p2a,p2b\n|-resisted|p2b: Typhlosion\n|-damage|p2a: Weezing|83\/100\n|-damage|p2b: Typhlosion|15\/100\n|-unboost|p2a: Weezing|spe|1\n|-unboost|p2b: Typhlosion|spe|1\n|move|p2b: Typhlosion|Eruption|p1a: Tatsugiri|[spread] p1a,p1b\n|-resisted|p1a: Tatsugiri\n|-damage|p1a: Tatsugiri|97\/100\n|-damage|p1b: Annihilape|32\/100\n|move|p1b: Annihilape|Rage Fist|p2a: Weezing\n|-damage|p2a: Weezing|0 fnt\n|faint|p2a: Weezing\n|-end|p2a: Weezing|ability: Neutralizing Gas\n|\n|upkeep\n|\n|t:|1730919812\n|switch|p2a: Ninetales|Ninetales-Alola, L50, M|100\/100\n|-weather|Snow|[from] ability: Snow Warning|[of] p2a: Ninetales\n|turn|5\n|inactive|Cellpab1 has 30 seconds left.\n|\n|t:|1730919839\n|switch|p2b: Toedscruel|Toedscruel, L50, M|100\/100\n|-terastallize|p1a: Tatsugiri|Steel\n|move|p1b: Annihilape|Protect|p1b: Annihilape\n|-singleturn|p1b: Annihilape|Protect\n|move|p1a: Tatsugiri|Icy Wind|p2b: Toedscruel|[spread] p2a,p2b\n|-resisted|p2a: Ninetales\n|-supereffective|p2b: Toedscruel\n|-damage|p2a: Ninetales|92\/100\n|-damage|p2b: Toedscruel|53\/100\n|-unboost|p2a: Ninetales|spe|1\n|move|p2a: Ninetales|Freeze-Dry|p1a: Tatsugiri\n|-resisted|p1a: Tatsugiri\n|-damage|p1a: Tatsugiri|78\/100\n|\n|-weather|Snow|[upkeep]\n|upkeep\n|turn|6\n|inactive|Cellpab1 has 30 seconds left.\n|inactive|Cellpab1 has 20 seconds left.\n|inactive|Cellpab1 has 15 seconds left.\n|inactive|Cellpab1 has 10 seconds left.\n|inactive|Cellpab1 has 5 seconds left.\n|\n|t:|1730919892\n|switch|p1b: Dondozo|Dondozo, L50, F, shiny|100\/100\n|-activate|p1a: Tatsugiri|ability: Commander|[of] p1b: Dondozo\n|-boost|p1b: Dondozo|atk|2\n|-boost|p1b: Dondozo|spa|2\n|-boost|p1b: Dondozo|spe|2\n|-boost|p1b: Dondozo|def|2\n|-boost|p1b: Dondozo|spd|2\n|move|p2b: Toedscruel|Acid Spray|p1b: Dondozo\n|-damage|p1b: Dondozo|95\/100\n|-unboost|p1b: Dondozo|spd|2\n|move|p2a: Ninetales|Icy Wind|p1b: Dondozo|[spread] p1b\n|-miss|p2a: Ninetales|p1a: Tatsugiri\n|-resisted|p1b: Dondozo\n|-damage|p1b: Dondozo|87\/100\n|-unboost|p1b: Dondozo|spe|1\n|\n|-weather|Snow|[upkeep]\n|-heal|p1b: Dondozo|93\/100|[from] item: Leftovers\n|upkeep\n|turn|7\n|inactive|Cellpab1 has 30 seconds left.\n|inactive|Cellpab1 has 20 seconds left.\n|inactive|Cellpab1 has 15 seconds left.\n|\n|t:|1730919932\n|move|p1b: Dondozo|Wave Crash|p2b: Toedscruel\n|-damage|p2b: Toedscruel|0 fnt\n|faint|p2b: Toedscruel\n|-damage|p1b: Dondozo|80\/100|[from] Recoil\n|move|p2a: Ninetales|Freeze-Dry|p1b: Dondozo\n|-supereffective|p1b: Dondozo\n|-damage|p1b: Dondozo|21\/100\n|-status|p1b: Dondozo|frz\n|\n|-weather|Snow|[upkeep]\n|-heal|p1b: Dondozo|28\/100 frz|[from] item: Leftovers\n|upkeep\n|\n|t:|1730919935\n|switch|p2b: Typhlosion|Typhlosion-Hisui, L50, M, tera:Fire|15\/100\n|turn|8\n|inactive|Cellpab1 has 30 seconds left.\n|inactive|Cellpab1 has 20 seconds left.\n|inactive|Cellpab1 has 15 seconds left.\n|inactive|Cellpab1 has 10 seconds left.\n|inactive|Cellpab1 has 5 seconds left.\n|\n|t:|1730919986\n|cant|p1b: Dondozo|frz\n|move|p2b: Typhlosion|Heat Wave|p1b: Dondozo|[spread] p1b\n|-miss|p2b: Typhlosion|p1a: Tatsugiri\n|-resisted|p1b: Dondozo\n|-damage|p1b: Dondozo|0 fnt\n|faint|p1b: Dondozo\n|move|p2a: Ninetales|Icy Wind|p1a: Tatsugiri\n|-resisted|p1a: Tatsugiri\n|-damage|p1a: Tatsugiri|64\/100\n|-unboost|p1a: Tatsugiri|spe|1\n|\n|-weather|Snow|[upkeep]\n|upkeep\n|\n|t:|1730919993\n|switch|p1b: Annihilape|Annihilape, L50, F, shiny|32\/100\n|turn|9\n|inactive|chiitancrazymascot has 30 seconds left.\n|inactive|chiitancrazymascot has 20 seconds left.\n|\n|t:|1730920029\n|move|p2b: Typhlosion|Heat Wave|p1a: Tatsugiri|[spread] p1a,p1b\n|-supereffective|p1a: Tatsugiri\n|-damage|p1a: Tatsugiri|0 fnt\n|-damage|p1b: Annihilape|0 fnt\n|faint|p1a: Tatsugiri\n|faint|p1b: Annihilape\n|\n|win|Cellpab1\n|raw|chiitancrazymascot's rating: 1761 &rarr; <strong>1738<\/strong><br \/>(-23 for losing)\n|raw|Cellpab1's rating: 1701 &rarr; <strong>1724<\/strong><br \/>(+23 for winning)\n|l|\u2606chiitancrazymascot\n|player|p1|\n|l|\u2606Cellpab1\n|player|p2|\n","uploadtime":1730920032,"views":31,"formatid":"gen9vgc2024regh","rating":1724,"private":0,"password":null}