{"id":"gen9vgc2024regh-2238793110","format":"[Gen 9] VGC 2024 Reg H","players":["dayron91","Amire"],"log":"|j|\u2606dayron91\n|j|\u2606Amire\n|t:|1730925058\n|gametype|doubles\n|player|p1|dayron91|dragontamer|1703\n|player|p2|Amire|flint|1682\n|teamsize|p1|6\n|teamsize|p2|6\n|gen|9\n|tier|[Gen 9] VGC 2024 Reg H\n|rated|\n|rule|Species Clause: Limit one of each Pok\u00e9mon\n|rule|Item Clause: Limit 1 of each item\n|clearpoke\n|poke|p1|Arcanine-Hisui, L50, F|\n|poke|p1|Rillaboom, L50, F|\n|poke|p1|Basculegion, L50, M|\n|poke|p1|Ursaluna-Bloodmoon, L50, M|\n|poke|p1|Drifblim, L50, M|\n|poke|p1|Farigiraf, L50, M|\n|poke|p2|Gholdengo, L50|\n|poke|p2|Stonjourner, L50, M|\n|poke|p2|Talonflame, L50, M|\n|poke|p2|Ursaluna-Bloodmoon, L50, M|\n|poke|p2|Dragonite, L50, F|\n|poke|p2|Rillaboom, L50, M|\n|teampreview|4\n|c|\u2606Amire|gl bro\n|c|\u2606Amire|hope u win'\nAmire has agreed to open team sheets.\n|inactive|Battle timer is ON: inactive players will automatically lose when time's up. (requested by Amire)\n|inactive|dayron91 has 60 seconds left.\n|inactive|Amire has 60 seconds left.\n|inactive|Amire has 30 seconds left.\n|\n|t:|1730925138\n|start\n|switch|p1a: Basculegion|Basculegion, L50, M|100\/100\n|switch|p1b: Farigiraf|Farigiraf, L50, M|100\/100\n|switch|p2a: Talonflame|Talonflame, L50, M|100\/100\n|switch|p2b: Ursaluna|Ursaluna-Bloodmoon, L50, M|100\/100\n|turn|1\n|inactive|dayron91 has 30 seconds left.\n|inactive|dayron91 has 20 seconds left.\n|inactive|dayron91 has 15 seconds left.\n|inactive|dayron91 has 10 seconds left.\n|inactive|dayron91 has 5 seconds left.\n|\n|t:|1730925189\n|-terastallize|p1a: Basculegion|Water\n|-terastallize|p2b: Ursaluna|Water\n|move|p2a: Talonflame|Tailwind|p2a: Talonflame\n|-sidestart|p2: Amire|move: Tailwind\n|move|p1a: Basculegion|Wave Crash|p2b: Ursaluna\n|-resisted|p2b: Ursaluna\n|-crit|p2b: Ursaluna\n|-damage|p2b: Ursaluna|52\/100\n|-damage|p1a: Basculegion|84\/100|[from] Recoil\n|move|p2b: Ursaluna|Blood Moon|p1a: Basculegion\n|-damage|p1a: Basculegion|0 fnt\n|faint|p1a: Basculegion\n|move|p1b: Farigiraf|Trick Room|p1b: Farigiraf\n|-fieldstart|move: Trick Room|[of] p1b: Farigiraf\n|\n|upkeep\n|\n|t:|1730925206\n|switch|p1a: Ursaluna|Ursaluna-Bloodmoon, L50, M|100\/100\n|turn|2\n|\n|t:|1730925225\n|move|p1b: Farigiraf|Helping Hand|p1a: Ursaluna\n|-singleturn|p1a: Ursaluna|Helping Hand|[of] p1b: Farigiraf\n|move|p2a: Talonflame|Brave Bird||[still]\n|cant|p1b: Farigiraf|ability: Armor Tail|Brave Bird|[of] p2a: Talonflame\n|move|p1a: Ursaluna|Hyper Voice|p2b: Ursaluna|[spread] p2a,p2b\n|-damage|p2a: Talonflame|0 fnt\n|-damage|p2b: Ursaluna|0 fnt\n|faint|p2a: Talonflame\n|faint|p2b: Ursaluna\n|-damage|p1a: Ursaluna|91\/100|[from] item: Life Orb\n|\n|upkeep\n|\n|t:|1730925235\n|switch|p2b: Stonjourner|Stonjourner, L50, M, shiny|100\/100\n|switch|p2a: Gholdengo|Gholdengo, L50|100\/100\n|turn|3\n|inactive|dayron91 has 30 seconds left.\n|inactive|dayron91 has 20 seconds left.\n|inactive|dayron91 has 15 seconds left.\n|inactive|dayron91 has 10 seconds left.\n|inactive|dayron91 has 5 seconds left.\n|\n|t:|1730925287\n|move|p1b: Farigiraf|Helping Hand|p1a: Ursaluna\n|-singleturn|p1a: Ursaluna|Helping Hand|[of] p1b: Farigiraf\n|move|p2a: Gholdengo|Protect|p2a: Gholdengo\n|-singleturn|p2a: Gholdengo|Protect\n|move|p1a: Ursaluna|Blood Moon|p2a: Gholdengo\n|-activate|p2a: Gholdengo|move: Protect\n|move|p2b: Stonjourner|Low Kick|p1a: Ursaluna\n|-supereffective|p1a: Ursaluna\n|-damage|p1a: Ursaluna|22\/100\n|\n|upkeep\n|turn|4\n|inactive|dayron91 has 30 seconds left.\n|\n|t:|1730925319\n|move|p2b: Stonjourner|Wide Guard|p2b: Stonjourner\n|-singleturn|p2b: Stonjourner|Wide Guard\n|move|p1b: Farigiraf|Psychic Noise|p2b: Stonjourner\n|-damage|p2b: Stonjourner|16\/100\n|-start|p2b: Stonjourner|move: Heal Block\n|move|p1a: Ursaluna|Earth Power|p2b: Stonjourner\n|-supereffective|p2b: Stonjourner\n|-damage|p2b: Stonjourner|0 fnt\n|faint|p2b: Stonjourner\n|-damage|p1a: Ursaluna|12\/100|[from] item: Life Orb\n|move|p2a: Gholdengo|Make It Rain|p1b: Farigiraf|[spread] p1a,p1b\n|-damage|p1a: Ursaluna|0 fnt\n|-damage|p1b: Farigiraf|39\/100\n|-unboost|p2a: Gholdengo|spa|1\n|-enditem|p1b: Farigiraf|Sitrus Berry|[eat]\n|-heal|p1b: Farigiraf|64\/100|[from] item: Sitrus Berry\n|faint|p1a: Ursaluna\n|-damage|p2a: Gholdengo|91\/100|[from] item: Life Orb\n|\n|-sideend|p2: Amire|move: Tailwind\n|upkeep\n|\n|t:|1730925343\n|switch|p1a: Arcanine|Arcanine-Hisui, L50, F, shiny|100\/100\n|-ability|p1a: Arcanine|Intimidate|boost\n|-unboost|p2a: Gholdengo|atk|1\n|turn|5\n|\n|t:|1730925358\n|move|p1b: Farigiraf|Dazzling Gleam|p2a: Gholdengo\n|-resisted|p2a: Gholdengo\n|-damage|p2a: Gholdengo|79\/100\n|move|p1a: Arcanine|Flare Blitz|p2a: Gholdengo\n|-supereffective|p2a: Gholdengo\n|-damage|p2a: Gholdengo|0 fnt\n|faint|p2a: Gholdengo\n|-damage|p1a: Arcanine|79\/100|[from] Recoil\n|\n|win|dayron91\n|raw|dayron91's rating: 1703 &rarr; <strong>1722<\/strong><br \/>(+19 for winning)\n|raw|Amire's rating: 1682 &rarr; <strong>1663<\/strong><br \/>(-19 for losing)\n|l|\u2606dayron91\n|player|p1|\n","uploadtime":1730925515,"views":51,"formatid":"gen9vgc2024regh","rating":1663,"private":0,"password":null}