{"id":"gen9vgc2024regh-2238286579","format":"[Gen 9] VGC 2024 Reg H","players":["Lsxy","bigplan47"],"log":"|j|\u2606Lsxy\n|j|\u2606bigplan47\n|t:|1730859148\n|gametype|doubles\n|player|p1|Lsxy|265|1667\n|player|p2|bigplan47|leon|1709\n|teamsize|p1|6\n|teamsize|p2|6\n|gen|9\n|tier|[Gen 9] VGC 2024 Reg H\n|rated|\n|rule|Species Clause: Limit one of each Pok\u00e9mon\n|rule|Item Clause: Limit 1 of each item\n|clearpoke\n|poke|p1|Kingambit, L50, F|\n|poke|p1|Pelipper, L50, F|\n|poke|p1|Archaludon, L50, M|\n|poke|p1|Amoonguss, L50, F|\n|poke|p1|Salamence, L50, F|\n|poke|p1|Porygon2, L50|\n|poke|p2|Toedscruel, L50, M|\n|poke|p2|Garchomp, L50, M|\n|poke|p2|Weezing-Galar, L50, F|\n|poke|p2|Pawmot, L50, F|\n|poke|p2|Typhlosion-Hisui, L50, F|\n|poke|p2|Whimsicott, L50, M|\n|teampreview|4\n|inactive|Battle timer is ON: inactive players will automatically lose when time's up. (requested by Lsxy)\n|j| arrito\n|j| maya hoppins\n|inactive|bigplan47 has 60 seconds left.\n|\n|t:|1730859206\n|start\n|switch|p1a: Amoonguss|Amoonguss, L50, F|100\/100\n|switch|p1b: Kingambit|Kingambit, L50, F|100\/100\n|switch|p2a: Toedscruel|Toedscruel, L50, M, shiny|100\/100\n|switch|p2b: Weezing|Weezing-Galar, L50, F|100\/100\n|-ability|p2b: Weezing|Neutralizing Gas\n|turn|1\n|\n|t:|1730859225\n|-terastallize|p2b: Weezing|Fire\n|move|p2a: Toedscruel|Spore|p1b: Kingambit\n|-status|p1b: Kingambit|slp|[from] move: Spore\n|move|p2b: Weezing|Flamethrower|p1a: Amoonguss\n|-supereffective|p1a: Amoonguss\n|-damage|p1a: Amoonguss|14\/100\n|-status|p1a: Amoonguss|brn\n|-enditem|p1a: Amoonguss|Sitrus Berry|[eat]\n|-heal|p1a: Amoonguss|39\/100 brn|[from] item: Sitrus Berry\n|cant|p1b: Kingambit|slp\n|move|p1a: Amoonguss|Spore|p2b: Weezing\n|-status|p2b: Weezing|slp|[from] move: Spore\n|\n|-damage|p1a: Amoonguss|33\/100 brn|[from] brn\n|upkeep\n|turn|2\n|inactive|bigplan47 has 30 seconds left.\n|\n|t:|1730859258\n|-end|p2b: Weezing|ability: Neutralizing Gas\n|switch|p2b: Garchomp|Garchomp, L50, M|100\/100\n|switch|p1b: Pelipper|Pelipper, L50, F|100\/100\n|-weather|RainDance|[from] ability: Drizzle|[of] p1b: Pelipper\n|switch|p1a: Archaludon|Archaludon, L50, M|100\/100\n|move|p2a: Toedscruel|Earth Power|p1b: Pelipper\n|-immune|p1b: Pelipper\n|\n|-weather|RainDance|[upkeep]\n|upkeep\n|turn|3\n|\n|t:|1730859271\n|switch|p2b: Weezing|Weezing-Galar, L50, F, tera:Fire|100\/100 slp\n|-ability|p2b: Weezing|Neutralizing Gas\n|move|p1a: Archaludon|Protect|p1a: Archaludon\n|-singleturn|p1a: Archaludon|Protect\n|move|p1b: Pelipper|Hurricane|p2a: Toedscruel\n|-supereffective|p2a: Toedscruel\n|-crit|p2a: Toedscruel\n|-damage|p2a: Toedscruel|0 fnt\n|faint|p2a: Toedscruel\n|\n|-weather|RainDance|[upkeep]\n|upkeep\n|\n|t:|1730859282\n|switch|p2a: Pawmot|Pawmot, L50, F|100\/100\n|turn|4\n|j| plplk\n|\n|t:|1730859289\n|move|p2a: Pawmot|Double Shock|p1b: Pelipper\n|-supereffective|p1b: Pelipper\n|-enditem|p1b: Pelipper|Focus Sash\n|-damage|p1b: Pelipper|1\/100\n|-start|p2a: Pawmot|typechange|???\/Fighting|[from] move: Double Shock\n|move|p1b: Pelipper|Weather Ball|p2b: Weezing\n|-supereffective|p2b: Weezing\n|-damage|p2b: Weezing|0 fnt\n|faint|p2b: Weezing\n|-end|p2b: Weezing|ability: Neutralizing Gas\n|move|p1a: Archaludon|Draco Meteor|p2a: Pawmot|[miss]\n|-miss|p1a: Archaludon|p2a: Pawmot\n|\n|-weather|RainDance|[upkeep]\n|upkeep\n|\n|t:|1730859293\n|switch|p2b: Garchomp|Garchomp, L50, M|100\/100\n|turn|5\n|\n|t:|1730859313\n|-terastallize|p1a: Archaludon|Bug\n|move|p1b: Pelipper|Protect|p1b: Pelipper\n|-singleturn|p1b: Pelipper|Protect\n|move|p2a: Pawmot|Close Combat|p1a: Archaludon\n|-resisted|p1a: Archaludon\n|-damage|p1a: Archaludon|78\/100\n|-unboost|p2a: Pawmot|def|1\n|-unboost|p2a: Pawmot|spd|1\n|-ability|p1a: Archaludon|Stamina|boost\n|-boost|p1a: Archaludon|def|1\n|move|p2b: Garchomp|Dragon Claw|p1b: Pelipper\n|-activate|p1b: Pelipper|move: Protect\n|move|p1a: Archaludon|Draco Meteor|p2a: Pawmot\n|-enditem|p2a: Pawmot|Focus Sash\n|-damage|p2a: Pawmot|1\/100\n|-unboost|p1a: Archaludon|spa|2\n|\n|-weather|RainDance|[upkeep]\n|upkeep\n|turn|6\n|\n|t:|1730859330\n|switch|p1b: Amoonguss|Amoonguss, L50, F|66\/100 brn\n|move|p2a: Pawmot|Close Combat|p1b: Amoonguss\n|-resisted|p1b: Amoonguss\n|-damage|p1b: Amoonguss|37\/100 brn\n|-unboost|p2a: Pawmot|def|1\n|-unboost|p2a: Pawmot|spd|1\n|move|p2b: Garchomp|Dragon Claw|p1a: Archaludon\n|-damage|p1a: Archaludon|49\/100\n|-ability|p1a: Archaludon|Stamina|boost\n|-boost|p1a: Archaludon|def|1\n|-damage|p2b: Garchomp|91\/100|[from] item: Life Orb\n|move|p1a: Archaludon|Flash Cannon|p2a: Pawmot\n|-damage|p2a: Pawmot|0 fnt\n|faint|p2a: Pawmot\n|\n|-weather|none\n|-damage|p1b: Amoonguss|31\/100 brn|[from] brn\n|upkeep\n|turn|7\n|\n|t:|1730859345\n|switch|p1b: Pelipper|Pelipper, L50, F|1\/100\n|-weather|RainDance|[from] ability: Drizzle|[of] p1b: Pelipper\n|move|p1a: Archaludon|Protect|p1a: Archaludon\n|-singleturn|p1a: Archaludon|Protect\n|move|p2b: Garchomp|Earthquake|p1b: Pelipper|[spread] \n|-activate|p1a: Archaludon|move: Protect\n|-immune|p1b: Pelipper\n|\n|-weather|RainDance|[upkeep]\n|upkeep\n|turn|8\n|-message|bigplan47 forfeited.\n|\n|win|Lsxy\n|raw|Lsxy's rating: 1667 &rarr; <strong>1689<\/strong><br \/>(+22 for winning)\n|raw|bigplan47's rating: 1709 &rarr; <strong>1687<\/strong><br \/>(-22 for losing)\n|l|\u2606bigplan47\n|player|p2|\n|l|\u2606Lsxy\n|player|p1|\n|l| plplk\n","uploadtime":1730859534,"views":19,"formatid":"gen9vgc2024regh","rating":1687,"private":0,"password":null}