{"id":"gen9vgc2024regh-2238548267","format":"[Gen 9] VGC 2024 Reg H","players":["blindfishptsd","647w"],"log":"|j|\u2606blindfishptsd\n|j|\u2606647w\n|t:|1730900962\n|gametype|doubles\n|player|p1|blindfishptsd|olympia|1662\n|player|p2|647w|lucas-gen4pt|1707\n|teamsize|p1|6\n|teamsize|p2|6\n|gen|9\n|tier|[Gen 9] VGC 2024 Reg H\n|rated|\n|rule|Species Clause: Limit one of each Pok\u00e9mon\n|rule|Item Clause: Limit 1 of each item\n|clearpoke\n|poke|p1|Garchomp, L50, M|\n|poke|p1|Talonflame, L50, F|\n|poke|p1|Tyranitar, L50, M|\n|poke|p1|Gholdengo, L50|\n|poke|p1|Indeedee, L50, M|\n|poke|p1|Gardevoir, L50, F|\n|poke|p2|Kilowattrel, L50, M|\n|poke|p2|Garchomp, L50, M|\n|poke|p2|Archaludon, L50, M|\n|poke|p2|Incineroar, L50, M|\n|poke|p2|Rillaboom, L50, M|\n|poke|p2|Dondozo, L50, F|\n|teampreview|4\n|inactive|Battle timer is ON: inactive players will automatically lose when time's up. (requested by blindfishptsd)\n647w has agreed to open team sheets.\nblindfishptsd has agreed to open team sheets.\n|inactive|647w has 30 seconds left.\n|\n|t:|1730901002\n|start\n|switch|p1a: Gardevoir|Gardevoir, L50, F|100\/100\n|switch|p1b: Gholdengo|Gholdengo, L50|100\/100\n|switch|p2a: Incineroar|Incineroar, L50, M|100\/100\n|switch|p2b: Dondozo|Dondozo, L50, F|100\/100\n|-ability|p2a: Incineroar|Intimidate|boost\n|-unboost|p1a: Gardevoir|atk|1\n|-unboost|p1b: Gholdengo|atk|1\n|turn|1\n|inactive|blindfishptsd has 30 seconds left.\n|\n|t:|1730901033\n|switch|p1b: Garchomp|Garchomp, L50, M|100\/100\n|move|p1a: Gardevoir|Moonblast|p2b: Dondozo\n|-crit|p2b: Dondozo\n|-damage|p2b: Dondozo|44\/100\n|move|p2a: Incineroar|Flare Blitz|p1b: Garchomp\n|-resisted|p1b: Garchomp\n|-damage|p1b: Garchomp|72\/100\n|-damage|p2a: Incineroar|92\/100|[from] Recoil\n|move|p2b: Dondozo|Yawn|p1b: Garchomp\n|-start|p1b: Garchomp|move: Yawn|[of] p2b: Dondozo\n|\n|-heal|p2b: Dondozo|50\/100|[from] item: Leftovers\n|upkeep\n|turn|2\n|\n|t:|1730901047\n|switch|p2a: Rillaboom|Rillaboom, L50, M|100\/100\n|-fieldstart|move: Grassy Terrain|[from] ability: Grassy Surge|[of] p2a: Rillaboom\n|move|p2b: Dondozo|Protect|p2b: Dondozo\n|-singleturn|p2b: Dondozo|Protect\n|move|p1a: Gardevoir|Moonblast|p2b: Dondozo\n|-activate|p2b: Dondozo|move: Protect\n|move|p1b: Garchomp|Earthquake|p2a: Rillaboom|[spread] p2a\n|-activate|p2b: Dondozo|move: Protect\n|-activate|p1a: Gardevoir|ability: Telepathy\n|-resisted|p2a: Rillaboom\n|-damage|p2a: Rillaboom|91\/100\n|\n|-heal|p1b: Garchomp|78\/100|[from] Grassy Terrain\n|-heal|p2a: Rillaboom|97\/100|[from] Grassy Terrain\n|-heal|p2b: Dondozo|57\/100|[from] Grassy Terrain\n|-heal|p2b: Dondozo|63\/100|[from] item: Leftovers\n|-end|p1b: Garchomp|move: Yawn|[silent]\n|-status|p1b: Garchomp|slp\n|upkeep\n|turn|3\n|inactive|647w has 30 seconds left.\n|\n|t:|1730901075\n|switch|p1a: Gholdengo|Gholdengo, L50|100\/100\n|switch|p2b: Incineroar|Incineroar, L50, M|92\/100\n|-ability|p2b: Incineroar|Intimidate|boost\n|-unboost|p1a: Gholdengo|atk|1\n|-fail|p1b: Garchomp|unboost|[from] item: Clear Amulet|[of] p1b: Garchomp\n|cant|p1b: Garchomp|slp\n|move|p2a: Rillaboom|Wood Hammer|p1a: Gholdengo\n|-resisted|p1a: Gholdengo\n|-damage|p1a: Gholdengo|52\/100\n|-damage|p2a: Rillaboom|84\/100|[from] Recoil\n|\n|-heal|p1b: Garchomp|84\/100 slp|[from] Grassy Terrain\n|-heal|p1a: Gholdengo|59\/100|[from] Grassy Terrain\n|-heal|p2a: Rillaboom|90\/100|[from] Grassy Terrain\n|-heal|p2b: Incineroar|98\/100|[from] Grassy Terrain\n|upkeep\n|turn|4\n|\n|t:|1730901090\n|-curestatus|p1b: Garchomp|slp|[msg]\n|move|p1b: Garchomp|Stomping Tantrum|p2b: Incineroar\n|-supereffective|p2b: Incineroar\n|-crit|p2b: Incineroar\n|-damage|p2b: Incineroar|0 fnt\n|faint|p2b: Incineroar\n|move|p1a: Gholdengo|Make It Rain|p2a: Rillaboom\n|-damage|p2a: Rillaboom|21\/100\n|-unboost|p1a: Gholdengo|spa|1\n|move|p2a: Rillaboom|Wood Hammer|p1b: Garchomp\n|-damage|p1b: Garchomp|9\/100\n|-damage|p2a: Rillaboom|0 fnt|[from] Recoil\n|faint|p2a: Rillaboom\n|\n|-heal|p1b: Garchomp|15\/100|[from] Grassy Terrain\n|-heal|p1a: Gholdengo|65\/100|[from] Grassy Terrain\n|upkeep\n|\n|t:|1730901095\n|switch|p2a: Dondozo|Dondozo, L50, F|63\/100\n|switch|p2b: Garchomp|Garchomp, L50, M|100\/100\n|turn|5\n|\n|t:|1730901112\n|move|p1b: Garchomp|Dragon Claw|p2b: Garchomp\n|-supereffective|p2b: Garchomp\n|-damage|p2b: Garchomp|21\/100\n|-damage|p1b: Garchomp|2\/100|[from] ability: Rough Skin|[of] p2b: Garchomp\n|move|p2b: Garchomp|Stomping Tantrum|p1a: Gholdengo\n|-supereffective|p1a: Gholdengo\n|-damage|p1a: Gholdengo|0 fnt\n|faint|p1a: Gholdengo\n|move|p2a: Dondozo|Wave Crash|p1b: Garchomp\n|-damage|p1b: Garchomp|0 fnt\n|faint|p1b: Garchomp\n|-damage|p2a: Dondozo|62\/100|[from] Recoil\n|\n|-heal|p2b: Garchomp|27\/100|[from] Grassy Terrain\n|-heal|p2a: Dondozo|69\/100|[from] Grassy Terrain\n|-heal|p2a: Dondozo|75\/100|[from] item: Leftovers\n|upkeep\n|\n|t:|1730901120\n|switch|p1b: Indeedee|Indeedee, L50, M|100\/100\n|switch|p1a: Gardevoir|Gardevoir, L50, F|100\/100\n|-fieldstart|move: Psychic Terrain|[from] ability: Psychic Surge|[of] p1b: Indeedee\n|turn|6\n|\n|t:|1730901140\n|move|p2b: Garchomp|Protect|p2b: Garchomp\n|-singleturn|p2b: Garchomp|Protect\n|move|p1a: Gardevoir|Expanding Force|p2b: Garchomp|[spread] p2a\n|-activate|p2b: Garchomp|move: Protect\n|-damage|p2a: Dondozo|27\/100\n|move|p1b: Indeedee|Expanding Force|p2b: Garchomp|[spread] p2a\n|-activate|p2b: Garchomp|move: Protect\n|-damage|p2a: Dondozo|0 fnt\n|faint|p2a: Dondozo\n|\n|upkeep\n|turn|7\n|inactive|blindfishptsd has 30 seconds left.\n|inactive|blindfishptsd has 20 seconds left.\n|\n|t:|1730901177\n|move|p1a: Gardevoir|Expanding Force|p2b: Garchomp\n|-damage|p2b: Garchomp|0 fnt\n|faint|p2b: Garchomp\n|\n|win|blindfishptsd\n|raw|blindfishptsd's rating: 1662 &rarr; <strong>1685<\/strong><br \/>(+23 for winning)\n|raw|647w's rating: 1707 &rarr; <strong>1684<\/strong><br \/>(-23 for losing)\n|l|\u2606blindfishptsd\n|player|p1|\n|l|\u2606647w\n|player|p2|\n","uploadtime":1730901333,"views":17,"formatid":"gen9vgc2024regh","rating":1684,"private":0,"password":null}