{"id":"gen9vgc2024regh-2238645269","format":"[Gen 9] VGC 2024 Reg H","players":["nicouser","greenlightdmp"],"log":"|j|\u2606nicouser\n|j|\u2606greenlightdmp\n|t:|1730910781\n|gametype|doubles\n|player|p1|nicouser|1|1679\n|player|p2|greenlightdmp|170|1718\n|teamsize|p1|6\n|teamsize|p2|6\n|gen|9\n|tier|[Gen 9] VGC 2024 Reg H\n|rated|\n|rule|Species Clause: Limit one of each Pok\u00e9mon\n|rule|Item Clause: Limit 1 of each item\n|clearpoke\n|poke|p1|Ursaluna-Bloodmoon, L50, M|\n|poke|p1|Grimmsnarl, L50, M|\n|poke|p1|Primarina, L50, M|\n|poke|p1|Annihilape, L50, F|\n|poke|p1|Sinistcha, L50|\n|poke|p1|Typhlosion-Hisui, L50, F|\n|poke|p2|Sneasler, L50, M|\n|poke|p2|Indeedee-F, L50, F|\n|poke|p2|Murkrow, L50, M|\n|poke|p2|Archaludon, L50, F|\n|poke|p2|Basculegion, L50, M|\n|poke|p2|Volcarona, L50, M|\n|teampreview|4\n|inactive|Battle timer is ON: inactive players will automatically lose when time's up. (requested by nicouser)\n|\n|t:|1730910813\n|start\n|switch|p1a: Annihilape|Annihilape, L50, F|100\/100\n|switch|p1b: Grimmsnarl|Grimmsnarl, L50, M|100\/100\n|switch|p2a: Slim Shady|Sneasler, L50, M|100\/100\n|switch|p2b: Volcarona|Volcarona, L50, M|100\/100\n|turn|1\n|\n|t:|1730910827\n|move|p1b: Grimmsnarl|Reflect|p1b: Grimmsnarl\n|-sidestart|p1: nicouser|Reflect\n|move|p2a: Slim Shady|Dire Claw|p1b: Grimmsnarl\n|-supereffective|p1b: Grimmsnarl\n|-damage|p1b: Grimmsnarl|45\/100\n|move|p2b: Volcarona|Quiver Dance|p2b: Volcarona\n|-boost|p2b: Volcarona|spa|1\n|-boost|p2b: Volcarona|spd|1\n|-boost|p2b: Volcarona|spe|1\n|move|p1a: Annihilape|Bulk Up|p1a: Annihilape\n|-boost|p1a: Annihilape|atk|1\n|-boost|p1a: Annihilape|def|1\n|\n|upkeep\n|turn|2\n|inactive|greenlightdmp has 30 seconds left.\n|\n|t:|1730910854\n|-terastallize|p2a: Slim Shady|Dark\n|move|p2b: Volcarona|Protect|p2b: Volcarona\n|-singleturn|p2b: Volcarona|Protect\n|move|p1b: Grimmsnarl|Light Screen|p1b: Grimmsnarl\n|-sidestart|p1: nicouser|move: Light Screen\n|move|p2a: Slim Shady|Dire Claw|p1b: Grimmsnarl\n|-supereffective|p1b: Grimmsnarl\n|-damage|p1b: Grimmsnarl|0 fnt\n|faint|p1b: Grimmsnarl\n|move|p1a: Annihilape|Rage Fist|p2b: Volcarona\n|-activate|p2b: Volcarona|move: Protect\n|\n|upkeep\n|\n|t:|1730910868\n|switch|p1b: Ursaluna|Ursaluna-Bloodmoon, L50, M|100\/100\n|turn|3\n|\n|t:|1730910884\n|move|p2b: Volcarona|Heat Wave|p1b: Ursaluna|[spread] p1a,p1b\n|-damage|p1a: Annihilape|73\/100\n|-damage|p1b: Ursaluna|68\/100\n|move|p2a: Slim Shady|Close Combat|p1b: Ursaluna\n|-supereffective|p1b: Ursaluna\n|-damage|p1b: Ursaluna|3\/100\n|-unboost|p2a: Slim Shady|def|1\n|-unboost|p2a: Slim Shady|spd|1\n|move|p1a: Annihilape|Drain Punch|p2a: Slim Shady\n|-supereffective|p2a: Slim Shady\n|-damage|p2a: Slim Shady|0 fnt\n|-heal|p1a: Annihilape|100\/100|[from] drain|[of] p2a: Slim Shady\n|faint|p2a: Slim Shady\n|move|p1b: Ursaluna|Hyper Voice|p2b: Volcarona\n|-damage|p2b: Volcarona|68\/100\n|\n|upkeep\n|\n|t:|1730910903\n|switch|p2a: VEGETA|Basculegion, L50, M|100\/100\n|turn|4\n|\n|t:|1730910924\n|-terastallize|p1a: Annihilape|Water\n|move|p1b: Ursaluna|Vacuum Wave|p2b: Volcarona\n|-resisted|p2b: Volcarona\n|-damage|p2b: Volcarona|62\/100\n|move|p2b: Volcarona|Heat Wave|p1b: Ursaluna|[spread] p1a,p1b\n|-resisted|p1a: Annihilape\n|-damage|p1a: Annihilape|87\/100\n|-damage|p1b: Ursaluna|0 fnt\n|faint|p1b: Ursaluna\n|move|p2a: VEGETA|Last Respects|p1a: Annihilape\n|-damage|p1a: Annihilape|57\/100\n|move|p1a: Annihilape|Rage Fist|p2a: VEGETA\n|-supereffective|p2a: VEGETA\n|-damage|p2a: VEGETA|0 fnt\n|faint|p2a: VEGETA\n|\n|upkeep\n|\n|t:|1730910940\n|switch|p2a: MACHBACK|Archaludon, L50, F|100\/100\n|switch|p1b: Sinistcha|Sinistcha, L50|100\/100\n|-heal|p1a: Annihilape|82\/100|[from] ability: Hospitality|[of] p1b: Sinistcha\n|turn|5\n|\n|t:|1730910965\n|move|p2b: Volcarona|Heat Wave|p1a: Annihilape|[spread] p1a,p1b\n|-resisted|p1a: Annihilape\n|-supereffective|p1b: Sinistcha\n|-damage|p1a: Annihilape|67\/100\n|-damage|p1b: Sinistcha|30\/100\n|move|p1a: Annihilape|Rage Fist|p2b: Volcarona\n|-damage|p2b: Volcarona|0 fnt\n|faint|p2b: Volcarona\n|move|p2a: MACHBACK|Body Press|p1b: Sinistcha\n|-immune|p1b: Sinistcha\n|move|p1b: Sinistcha|Trick Room|p1b: Sinistcha\n|-fieldstart|move: Trick Room|[of] p1b: Sinistcha\n|\n|upkeep\n|turn|6\n|-message|greenlightdmp forfeited.\n|\n|win|nicouser\n|raw|nicouser's rating: 1679 &rarr; <strong>1701<\/strong><br \/>(+22 for winning)\n|raw|greenlightdmp's rating: 1718 &rarr; <strong>1696<\/strong><br \/>(-22 for losing)\n|l|\u2606greenlightdmp\n|player|p2|\n","uploadtime":1730911145,"views":27,"formatid":"gen9vgc2024regh","rating":1696,"private":0,"password":null}