{"id":"gen9vgc2024regh-2238869520","format":"[Gen 9] VGC 2024 Reg H","players":["brouz","Zordor"],"log":"|j|\u2606brouz\n|j|\u2606Zordor\n|t:|1730933326\n|gametype|doubles\n|player|p1|brouz|ingo|1738\n|player|p2|Zordor|pilot|1815\n|teamsize|p1|6\n|teamsize|p2|6\n|gen|9\n|tier|[Gen 9] VGC 2024 Reg H\n|rated|\n|rule|Species Clause: Limit one of each Pok\u00e9mon\n|rule|Item Clause: Limit 1 of each item\n|clearpoke\n|poke|p1|Baxcalibur, L50, F|\n|poke|p1|Ninetales-Alola, L50, F|\n|poke|p1|Incineroar, L50, F|\n|poke|p1|Rillaboom, L50, F|\n|poke|p1|Basculegion, L50, M|\n|poke|p1|Kingambit, L50, M|\n|poke|p2|Rotom-Wash, L50|\n|poke|p2|Sneasler, L50, F|\n|poke|p2|Kingambit, L50, M|\n|poke|p2|Armarouge, L50, F|\n|poke|p2|Dragapult, L50, M|\n|poke|p2|Venusaur, L50, M|\n|teampreview|4\n|inactive|Battle timer is ON: inactive players will automatically lose when time's up. (requested by brouz)\n|inactive|brouz has 60 seconds left.\n|\n|t:|1730933375\n|start\n|switch|p1a: Basculegion|Basculegion, L50, M|100\/100\n|switch|p1b: Ninetales|Ninetales-Alola, L50, F|100\/100\n|switch|p2a: Armarouge|Armarouge, L50, F|100\/100\n|switch|p2b: Sneasler|Sneasler, L50, F|100\/100\n|-weather|Snow|[from] ability: Snow Warning|[of] p1b: Ninetales\n|turn|1\n|inactive|brouz has 30 seconds left.\n|inactive|Zordor has 30 seconds left.\n|\n|t:|1730933409\n|switch|p1b: Kingambit|Kingambit, L50, M|100\/100\n|move|p2a: Armarouge|Protect|p2a: Armarouge\n|-singleturn|p2a: Armarouge|Protect\n|move|p1a: Basculegion|Flip Turn|p2a: Armarouge\n|-activate|p2a: Armarouge|move: Protect\n|move|p2b: Sneasler|Rock Tomb|p1a: Basculegion\n|-damage|p1a: Basculegion|76\/100\n|-unboost|p1a: Basculegion|spe|1\n|\n|-weather|Snow|[upkeep]\n|upkeep\n|turn|2\n|inactive|Zordor has 30 seconds left.\n|\n|t:|1730933436\n|-terastallize|p2a: Armarouge|Dark\n|move|p1b: Kingambit|Protect|p1b: Kingambit\n|-singleturn|p1b: Kingambit|Protect\n|move|p2b: Sneasler|Close Combat|p1b: Kingambit\n|-activate|p1b: Kingambit|move: Protect\n|move|p1a: Basculegion|Flip Turn|p2b: Sneasler\n|-damage|p2b: Sneasler|39\/100\n|\n|t:|1730933446\n|switch|p1a: Ninetales|Ninetales-Alola, L50, F|100\/100|[from] Flip Turn\n|move|p2a: Armarouge|Meteor Beam||[still]\n|-prepare|p2a: Armarouge|Meteor Beam\n|-boost|p2a: Armarouge|spa|1\n|-enditem|p2a: Armarouge|Power Herb\n|-anim|p2a: Armarouge|Meteor Beam|p1a: Ninetales\n|-supereffective|p1a: Ninetales\n|-damage|p1a: Ninetales|0 fnt\n|faint|p1a: Ninetales\n|\n|-weather|Snow|[upkeep]\n|upkeep\n|\n|t:|1730933453\n|switch|p1a: Basculegion|Basculegion, L50, M|76\/100\n|turn|3\n|\n|t:|1730933472\n|-terastallize|p1b: Kingambit|Dark\n|move|p1a: Basculegion|Flip Turn|p2b: Sneasler\n|-damage|p2b: Sneasler|0 fnt\n|faint|p2b: Sneasler\n|\n|t:|1730933477\n|switch|p1a: Baxcalibur|Baxcalibur, L50, F|100\/100|[from] Flip Turn\n|move|p2a: Armarouge|Heat Wave|p1a: Baxcalibur|[spread] p1a,p1b\n|-damage|p1a: Baxcalibur|45\/100\n|-damage|p1b: Kingambit|54\/100\n|-ability|p1a: Baxcalibur|Thermal Exchange|boost\n|-boost|p1a: Baxcalibur|atk|1\n|move|p1b: Kingambit|Low Kick|p2a: Armarouge\n|-supereffective|p2a: Armarouge\n|-damage|p2a: Armarouge|40\/100\n|\n|-weather|Snow|[upkeep]\n|upkeep\n|\n|t:|1730933488\n|switch|p2b: Kingambit|Kingambit, L50, M|100\/100\n|turn|4\n|j| bimbo mafioso\n|j| 0l'Bones\n|\n|t:|1730933512\n|move|p1a: Baxcalibur|Ice Shard|p2a: Armarouge\n|-damage|p2a: Armarouge|3\/100\n|move|p2a: Armarouge|Heat Wave|p1a: Baxcalibur|[spread] p1a,p1b\n|-damage|p1a: Baxcalibur|0 fnt\n|-damage|p1b: Kingambit|0 fnt\n|faint|p1a: Baxcalibur\n|faint|p1b: Kingambit\n|move|p2b: Kingambit|Iron Head|p1: Baxcalibur|[notarget]\n|-fail|p2b: Kingambit\n|\n|-weather|Snow|[upkeep]\n|upkeep\n|\n|t:|1730933522\n|switch|p1b: Basculegion|Basculegion, L50, M|76\/100\n|turn|5\n|\n|t:|1730933526\n|move|p2b: Kingambit|Sucker Punch|p1b: Basculegion\n|-supereffective|p1b: Basculegion\n|-damage|p1b: Basculegion|0 fnt\n|faint|p1b: Basculegion\n|\n|win|Zordor\n|raw|brouz's rating: 1738 &rarr; <strong>1722<\/strong><br \/>(-16 for losing)\n|raw|Zordor's rating: 1815 &rarr; <strong>1831<\/strong><br \/>(+16 for winning)\n|l|\u2606Zordor\n|player|p2|\n|l|\u2606brouz\n|player|p1|\n|l| 0l'Bones\n","uploadtime":1730933723,"views":27,"formatid":"gen9vgc2024regh","rating":1722,"private":0,"password":null}