{"id":"gen9vgc2024regh-2238819447","format":"[Gen 9] VGC 2024 Reg H","players":["suwwoooooooooo","Big0-XthaPlug"],"log":"|j|\u2606suwwoooooooooo\n|j|\u2606Big0-XthaPlug\n|t:|1730927786\n|gametype|doubles\n|player|p1|suwwoooooooooo|2|1695\n|player|p2|Big0-XthaPlug|101|1673\n|teamsize|p1|6\n|teamsize|p2|6\n|gen|9\n|tier|[Gen 9] VGC 2024 Reg H\n|rated|\n|rule|Species Clause: Limit one of each Pok\u00e9mon\n|rule|Item Clause: Limit 1 of each item\n|clearpoke\n|poke|p1|Lilligant-Hisui, L50, F|\n|poke|p1|Torkoal, L50, M|\n|poke|p1|Gallade, L50, M|\n|poke|p1|Indeedee-F, L50, F|\n|poke|p1|Braviary-Hisui, L50, M|\n|poke|p1|Ursaluna, L50, M|\n|poke|p2|Porygon2, L50|\n|poke|p2|Incineroar, L50, M|\n|poke|p2|Ursaluna, L50, F|\n|poke|p2|Whimsicott, L50, F|\n|poke|p2|Charizard, L50, M|\n|poke|p2|Torkoal, L50, M|\n|teampreview|4\n|inactive|Battle timer is ON: inactive players will automatically lose when time's up. (requested by Big0-XthaPlug)\n|inactive|Big0-XthaPlug has 60 seconds left.\n|\n|t:|1730927826\n|start\n|switch|p1a: Indeedee|Indeedee-F, L50, F|100\/100\n|switch|p1b: Gallade|Gallade, L50, M|100\/100\n|switch|p2a: Incineroar|Incineroar, L50, M|100\/100\n|switch|p2b: Porygon2|Porygon2, L50|100\/100\n|-fieldstart|move: Psychic Terrain|[from] ability: Psychic Surge|[of] p1a: Indeedee\n|-ability|p2a: Incineroar|Intimidate|boost\n|-unboost|p1a: Indeedee|atk|1\n|-fail|p1b: Gallade|unboost|[from] item: Clear Amulet|[of] p1b: Gallade\n|-ability|p2b: Porygon2|Download|boost\n|-boost|p2b: Porygon2|atk|1\n|turn|1\n|j| iamadoofus\n|inactive|Big0-XthaPlug has 30 seconds left.\n|\n|t:|1730927852\n|move|p1a: Indeedee|Helping Hand|p1b: Gallade\n|-singleturn|p1b: Gallade|Helping Hand|[of] p1a: Indeedee\n|move|p2a: Incineroar|Parting Shot|p1a: Indeedee\n|-unboost|p1a: Indeedee|atk|1\n|-unboost|p1a: Indeedee|spa|1\n|\n|t:|1730927871\n|switch|p2a: Charizard|Charizard, L50, M|100\/100|[from] Parting Shot\n|move|p1b: Gallade|Sacred Sword|p2b: Porygon2\n|-supereffective|p2b: Porygon2\n|-damage|p2b: Porygon2|0 fnt\n|faint|p2b: Porygon2\n|\n|upkeep\n|\n|t:|1730927878\n|switch|p2b: Ursaluna|Ursaluna, L50, F|100\/100\n|turn|2\n|\n|t:|1730927901\n|-terastallize|p2b: Ursaluna|Ghost\n|move|p1a: Indeedee|Follow Me|p1a: Indeedee\n|-singleturn|p1a: Indeedee|move: Follow Me\n|move|p2a: Charizard|Overheat|p1a: Indeedee\n|-damage|p1a: Indeedee|38\/100\n|-unboost|p2a: Charizard|spa|2\n|move|p2b: Ursaluna|Earthquake|p1a: Indeedee|[spread] p1a,p1b\n|-immune|p2a: Charizard\n|-damage|p1a: Indeedee|0 fnt\n|-damage|p1b: Gallade|40\/100\n|faint|p1a: Indeedee\n|move|p1b: Gallade|Psycho Cut|p2a: Charizard\n|-damage|p2a: Charizard|0 fnt\n|faint|p2a: Charizard\n|\n|-status|p2b: Ursaluna|brn|[from] item: Flame Orb\n|upkeep\n|\n|t:|1730927916\n|switch|p2a: Incineroar|Incineroar, L50, M|100\/100\n|switch|p1a: Braviary|Braviary-Hisui, L50, M|100\/100\n|-ability|p2a: Incineroar|Intimidate|boost\n|-unboost|p1a: Braviary|atk|1\n|-fail|p1b: Gallade|unboost|[from] item: Clear Amulet|[of] p1b: Gallade\n|turn|3\n|\n|t:|1730927930\n|move|p1a: Braviary|Protect|p1a: Braviary\n|-singleturn|p1a: Braviary|Protect\n|move|p2b: Ursaluna|Facade|p1a: Braviary\n|-activate|p1a: Braviary|move: Protect\n|move|p2a: Incineroar|Knock Off|p1b: Gallade\n|-damage|p1b: Gallade|0 fnt\n|-enditem|p1b: Gallade|Clear Amulet|[from] move: Knock Off|[of] p2a: Incineroar\n|faint|p1b: Gallade\n|\n|-damage|p2b: Ursaluna|95\/100 brn|[from] brn\n|upkeep\n|\n|t:|1730927940\n|switch|p1b: Ursaluna|Ursaluna, L50, M|100\/100\n|turn|4\n|\n|t:|1730927952\n|move|p1b: Ursaluna|Protect|p1b: Ursaluna\n|-singleturn|p1b: Ursaluna|Protect\n|move|p2b: Ursaluna|Facade|p1a: Braviary\n|-damage|p1a: Braviary|0 fnt\n|faint|p1a: Braviary\n|move|p2a: Incineroar|Knock Off|p1b: Ursaluna\n|-activate|p1b: Ursaluna|move: Protect\n|\n|-damage|p2b: Ursaluna|89\/100 brn|[from] brn\n|-status|p1b: Ursaluna|brn|[from] item: Flame Orb\n|upkeep\n|turn|5\n|\n|t:|1730927968\n|-terastallize|p1b: Ursaluna|Ghost\n|move|p2b: Ursaluna|Headlong Rush|p1b: Ursaluna\n|-damage|p1b: Ursaluna|21\/100 brn\n|-unboost|p2b: Ursaluna|def|1\n|-unboost|p2b: Ursaluna|spd|1\n|move|p2a: Incineroar|Flare Blitz|p1b: Ursaluna\n|-damage|p1b: Ursaluna|0 fnt\n|faint|p1b: Ursaluna\n|-damage|p2a: Incineroar|93\/100|[from] Recoil\n|\n|win|Big0-XthaPlug\n|raw|suwwoooooooooo's rating: 1695 &rarr; <strong>1674<\/strong><br \/>(-21 for losing)\n|raw|Big0-XthaPlug's rating: 1673 &rarr; <strong>1694<\/strong><br \/>(+21 for winning)\n|l|\u2606suwwoooooooooo\n|player|p1|\n|l|\u2606Big0-XthaPlug\n|player|p2|\n|l| iamadoofus\n","uploadtime":1730928171,"views":32,"formatid":"gen9vgc2024regh","rating":1674,"private":0,"password":null}