{"id":"gen9vgc2024regh-2238741037","format":"[Gen 9] VGC 2024 Reg H","players":["Kodora","datbishgames"],"log":"|j|\u2606Kodora\n|j|\u2606datbishgames\n|t:|1730919949\n|gametype|doubles\n|player|p1|Kodora|170|1671\n|player|p2|datbishgames|mira|1729\n|teamsize|p1|6\n|teamsize|p2|6\n|gen|9\n|tier|[Gen 9] VGC 2024 Reg H\n|rated|\n|rule|Species Clause: Limit one of each Pok\u00e9mon\n|rule|Item Clause: Limit 1 of each item\n|clearpoke\n|poke|p1|Maushold-Four, L50|\n|poke|p1|Annihilape, L50, F|\n|poke|p1|Archaludon, L50, M|\n|poke|p1|Murkrow, L50, M|\n|poke|p1|Weavile, L50, F|\n|poke|p1|Garchomp, L50, M|\n|poke|p2|Whimsicott, L50, M|\n|poke|p2|Basculegion, L50, M|\n|poke|p2|Arcanine-Hisui, L50, F|\n|poke|p2|Hydreigon, L50, M|\n|poke|p2|Farigiraf, L50, F|\n|poke|p2|Pawmot, L50, F|\n|teampreview|4\n|inactive|Battle timer is ON: inactive players will automatically lose when time's up. (requested by datbishgames)\n|\n|t:|1730919963\n|start\n|switch|p1a: Maushold|Maushold-Four, L50, shiny|100\/100\n|switch|p1b: Annihilape|Annihilape, L50, F, shiny|100\/100\n|switch|p2a: Whimsicott|Whimsicott, L50, M|100\/100\n|switch|p2b: Pawmot|Pawmot, L50, F|100\/100\n|turn|1\n|\n|t:|1730919976\n|-terastallize|p1a: Maushold|Ghost\n|move|p2a: Whimsicott|Tailwind|p2a: Whimsicott\n|-sidestart|p2: datbishgames|move: Tailwind\n|move|p2b: Pawmot|Close Combat|p1a: Maushold\n|-immune|p1a: Maushold\n|move|p1a: Maushold|Beat Up|p1b: Annihilape\n|-damage|p1b: Annihilape|99\/100\n|-damage|p1b: Annihilape|96\/100\n|-damage|p1b: Annihilape|94\/100\n|-damage|p1b: Annihilape|92\/100\n|-hitcount|p1b: Annihilape|4\n|move|p1b: Annihilape|Rage Fist|p2a: Whimsicott\n|-damage|p2a: Whimsicott|0 fnt\n|faint|p2a: Whimsicott\n|\n|upkeep\n|\n|t:|1730919985\n|switch|p2a: Hydreigon|Hydreigon, L50, M|100\/100\n|turn|2\n|\n|t:|1730919992\n|-terastallize|p2a: Hydreigon|Fire\n|move|p1a: Maushold|Follow Me|p1a: Maushold\n|-singleturn|p1a: Maushold|move: Follow Me\n|move|p2b: Pawmot|Double Shock|p1a: Maushold\n|-crit|p1a: Maushold\n|-damage|p1a: Maushold|0 fnt\n|-start|p2b: Pawmot|typechange|???\/Fighting|[from] move: Double Shock\n|faint|p1a: Maushold\n|move|p2a: Hydreigon|Heat Wave|p1b: Annihilape\n|-damage|p1b: Annihilape|26\/100\n|-damage|p2a: Hydreigon|91\/100|[from] item: Life Orb\n|move|p1b: Annihilape|Rage Fist|p2b: Pawmot\n|-enditem|p2b: Pawmot|Focus Sash\n|-damage|p2b: Pawmot|1\/100\n|\n|upkeep\n|\n|t:|1730920000\n|switch|p1a: Murkrow|Murkrow, L50, M, shiny|100\/100\n|turn|3\n|\n|t:|1730920007\n|move|p1a: Murkrow|Rain Dance|p1a: Murkrow\n|-weather|RainDance\n|move|p2b: Pawmot|Revival Blessing|p2b: Pawmot\n|\n|t:|1730920009\n|-heal|p2: Whimsicott|50\/100|[from] move: Revival Blessing\n|move|p2a: Hydreigon|Heat Wave|p1b: Annihilape|[spread] p1a\n|-miss|p2a: Hydreigon|p1b: Annihilape\n|-damage|p1a: Murkrow|74\/100\n|-damage|p2a: Hydreigon|81\/100|[from] item: Life Orb\n|move|p1b: Annihilape|Rage Fist|p2a: Hydreigon\n|-damage|p2a: Hydreigon|0 fnt\n|faint|p2a: Hydreigon\n|\n|-weather|RainDance|[upkeep]\n|upkeep\n|\n|t:|1730920021\n|switch|p2a: Basculegion|Basculegion, L50, M|100\/100\n|turn|4\n|\n|t:|1730920029\n|switch|p1b: Archaludon|Archaludon, L50, M, shiny|100\/100\n|move|p2a: Basculegion|Aqua Jet|p1b: Archaludon\n|-resisted|p1b: Archaludon\n|-damage|p1b: Archaludon|81\/100\n|-ability|p1b: Archaludon|Stamina|boost\n|-boost|p1b: Archaludon|def|1\n|move|p1a: Murkrow|Tailwind|p1a: Murkrow\n|-sidestart|p1: Kodora|move: Tailwind\n|move|p2b: Pawmot|Close Combat|p1a: Murkrow\n|-damage|p1a: Murkrow|0 fnt\n|-unboost|p2b: Pawmot|def|1\n|-unboost|p2b: Pawmot|spd|1\n|faint|p1a: Murkrow\n|\n|-weather|RainDance|[upkeep]\n|-sideend|p2: datbishgames|move: Tailwind\n|upkeep\n|\n|t:|1730920033\n|switch|p1a: Annihilape|Annihilape, L50, F, shiny|26\/100\n|turn|5\n|\n|t:|1730920041\n|switch|p2b: Whimsicott|Whimsicott, L50, M|50\/100\n|move|p1a: Annihilape|Protect|p1a: Annihilape\n|-singleturn|p1a: Annihilape|Protect\n|move|p2a: Basculegion|Aqua Jet|p1a: Annihilape\n|-activate|p1a: Annihilape|move: Protect\n|move|p1b: Archaludon|Electro Shot||[still]\n|-prepare|p1b: Archaludon|Electro Shot\n|-boost|p1b: Archaludon|spa|1\n|-anim|p1b: Archaludon|Electro Shot|p2a: Basculegion\n|-supereffective|p2a: Basculegion\n|-damage|p2a: Basculegion|0 fnt\n|faint|p2a: Basculegion\n|\n|-weather|RainDance|[upkeep]\n|upkeep\n|\n|t:|1730920045\n|switch|p2a: Pawmot|Pawmot, L50, F|1\/100\n|turn|6\n|\n|t:|1730920058\n|move|p2b: Whimsicott|Tailwind|p2b: Whimsicott\n|-sidestart|p2: datbishgames|move: Tailwind\n|move|p2a: Pawmot|Close Combat|p1b: Archaludon\n|-supereffective|p1b: Archaludon\n|-damage|p1b: Archaludon|16\/100\n|-unboost|p2a: Pawmot|def|1\n|-unboost|p2a: Pawmot|spd|1\n|-ability|p1b: Archaludon|Stamina|boost\n|-boost|p1b: Archaludon|def|1\n|move|p1a: Annihilape|Rage Fist|p2a: Pawmot\n|-damage|p2a: Pawmot|0 fnt\n|faint|p2a: Pawmot\n|move|p1b: Archaludon|Flash Cannon|p2b: Whimsicott\n|-supereffective|p2b: Whimsicott\n|-damage|p2b: Whimsicott|0 fnt\n|faint|p2b: Whimsicott\n|\n|win|Kodora\n|raw|Kodora's rating: 1671 &rarr; <strong>1694<\/strong><br \/>(+23 for winning)\n|raw|datbishgames's rating: 1729 &rarr; <strong>1706<\/strong><br \/>(-23 for losing)\n|l|\u2606datbishgames\n|player|p2|\n|l|\u2606Kodora\n|player|p1|\n","uploadtime":1730920290,"views":16,"formatid":"gen9vgc2024regh","rating":1694,"private":0,"password":null}