{"id":"gen9vgc2024regh-2238125607","format":"[Gen 9] VGC 2024 Reg H","players":["ShinigamiRowlet","bigplan47"],"log":"|j|\u2606ShinigamiRowlet\n|j|\u2606bigplan47\n|t:|1730841040\n|gametype|doubles\n|player|p1|ShinigamiRowlet|bruno|1673\n|player|p2|bigplan47|leon|1700\n|teamsize|p1|6\n|teamsize|p2|6\n|gen|9\n|tier|[Gen 9] VGC 2024 Reg H\n|rated|\n|rule|Species Clause: Limit one of each Pok\u00e9mon\n|rule|Item Clause: Limit 1 of each item\n|clearpoke\n|poke|p1|Sneasler, L50, F|\n|poke|p1|Dondozo, L50, F|\n|poke|p1|Baxcalibur, L50, F|\n|poke|p1|Volcarona, L50, M|\n|poke|p1|Rillaboom, L50, F|\n|poke|p1|Kingambit, L50, M|\n|poke|p2|Kilowattrel, L50, M|\n|poke|p2|Armarouge, L50, M|\n|poke|p2|Torkoal, L50, M|\n|poke|p2|Flamigo, L50, M|\n|poke|p2|Indeedee-F, L50, F|\n|poke|p2|Gallade, L50, M|\n|teampreview|4\nShinigamiRowlet has agreed to open team sheets.\n|inactive|Battle timer is ON: inactive players will automatically lose when time's up. (requested by ShinigamiRowlet)\n|inactive|ShinigamiRowlet has 60 seconds left.\n|\n|t:|1730841079\n|start\n|switch|p1a: Volcarona|Volcarona, L50, M|100\/100\n|switch|p1b: Kingambit|Kingambit, L50, M|100\/100\n|switch|p2a: Kilowattrel|Kilowattrel, L50, M, shiny|100\/100\n|switch|p2b: Armarouge|Armarouge, L50, M|100\/100\n|turn|1\n|inactive|ShinigamiRowlet has 30 seconds left.\n|\n|t:|1730841109\n|-terastallize|p2b: Armarouge|Psychic\n|-terastallize|p1b: Kingambit|Fire\n|move|p2a: Kilowattrel|U-turn|p2b: Armarouge\n|-supereffective|p2b: Armarouge\n|-damage|p2b: Armarouge|82\/100\n|-ability|p2b: Armarouge|Weak Armor|boost\n|-unboost|p2b: Armarouge|def|1\n|-boost|p2b: Armarouge|spe|2\n|-enditem|p2b: Armarouge|Weakness Policy\n|-boost|p2b: Armarouge|atk|2|[from] item: Weakness Policy\n|-boost|p2b: Armarouge|spa|2|[from] item: Weakness Policy\n|\n|t:|1730841129\n|switch|p2a: Flamigo|Flamigo, L50, M|100\/100|[from] U-turn\n|-copyboost|p2a: Flamigo|p2b: Armarouge|[from] ability: Costar\n|move|p2b: Armarouge|Heat Wave|p1b: Kingambit|[spread] p1b\n|-miss|p2b: Armarouge|p1a: Volcarona\n|-resisted|p1b: Kingambit\n|-damage|p1b: Kingambit|74\/100\n|move|p1a: Volcarona|Quiver Dance|p1a: Volcarona\n|-boost|p1a: Volcarona|spa|1\n|-boost|p1a: Volcarona|spd|1\n|-boost|p1a: Volcarona|spe|1\n|move|p1b: Kingambit|Kowtow Cleave|p2b: Armarouge\n|-supereffective|p2b: Armarouge\n|-damage|p2b: Armarouge|0 fnt\n|faint|p2b: Armarouge\n|\n|upkeep\n|\n|t:|1730841140\n|switch|p2b: Indeedee|Indeedee-F, L50, F|100\/100\n|-fieldstart|move: Psychic Terrain|[from] ability: Psychic Surge|[of] p2b: Indeedee\n|-enditem|p2b: Indeedee|Psychic Seed\n|-boost|p2b: Indeedee|spd|1|[from] item: Psychic Seed\n|turn|2\n|inactive|ShinigamiRowlet has 30 seconds left.\n|inactive|bigplan47 has 30 seconds left.\n|inactive|bigplan47 has 20 seconds left.\n|\n|t:|1730841183\n|move|p1a: Volcarona|Rage Powder|p1a: Volcarona\n|-singleturn|p1a: Volcarona|move: Rage Powder\n|move|p2a: Flamigo|Close Combat|p1a: Volcarona\n|-resisted|p1a: Volcarona\n|-damage|p1a: Volcarona|2\/100\n|-unboost|p2a: Flamigo|def|1\n|-unboost|p2a: Flamigo|spd|1\n|move|p2b: Indeedee|Psychic|p1a: Volcarona\n|-damage|p1a: Volcarona|0 fnt\n|faint|p1a: Volcarona\n|move|p1b: Kingambit|Kowtow Cleave|p2b: Indeedee\n|-supereffective|p2b: Indeedee\n|-damage|p2b: Indeedee|1\/100\n|\n|upkeep\n|\n|t:|1730841203\n|switch|p1a: Rillaboom|Rillaboom, L50, F|100\/100\n|-fieldstart|move: Grassy Terrain|[from] ability: Grassy Surge|[of] p1a: Rillaboom\n|turn|3\n|inactive|ShinigamiRowlet has 30 seconds left.\n|\n|t:|1730841229\n|switch|p2b: Kilowattrel|Kilowattrel, L50, M, shiny|100\/100\n|move|p2a: Flamigo|Protect|p2a: Flamigo\n|-singleturn|p2a: Flamigo|Protect\n|move|p1a: Rillaboom|Fake Out|p2a: Flamigo\n|-activate|p2a: Flamigo|move: Protect\n|move|p1b: Kingambit|Kowtow Cleave|p2b: Kilowattrel\n|-damage|p2b: Kilowattrel|15\/100\n|\n|-heal|p1b: Kingambit|80\/100|[from] Grassy Terrain\n|upkeep\n|turn|4\n|inactive|ShinigamiRowlet has 30 seconds left.\n|\n|t:|1730841260\n|switch|p2b: Indeedee|Indeedee-F, L50, F|1\/100\n|-fieldstart|move: Psychic Terrain|[from] ability: Psychic Surge|[of] p2b: Indeedee\n|switch|p1a: Dondozo|Dondozo, L50, F|100\/100\n|move|p2a: Flamigo|Close Combat|p1a: Dondozo\n|-crit|p1a: Dondozo\n|-damage|p1a: Dondozo|39\/100\n|-unboost|p2a: Flamigo|def|1\n|-unboost|p2a: Flamigo|spd|1\n|move|p1b: Kingambit|Iron Head|p2a: Flamigo\n|-enditem|p2a: Flamigo|Focus Sash\n|-damage|p2a: Flamigo|1\/100\n|\n|-heal|p1a: Dondozo|46\/100|[from] item: Leftovers\n|upkeep\n|turn|5\n|\n|t:|1730841282\n|move|p2a: Flamigo|Close Combat|p1b: Kingambit\n|-damage|p1b: Kingambit|0 fnt\n|-unboost|p2a: Flamigo|def|1\n|-unboost|p2a: Flamigo|spd|1\n|faint|p1b: Kingambit\n|move|p2b: Indeedee|Psychic|p1a: Dondozo\n|-damage|p1a: Dondozo|21\/100\n|move|p1a: Dondozo|Liquidation|p2a: Flamigo\n|-damage|p2a: Flamigo|0 fnt\n|faint|p2a: Flamigo\n|\n|-heal|p1a: Dondozo|27\/100|[from] item: Leftovers\n|upkeep\n|\n|t:|1730841289\n|switch|p2a: Kilowattrel|Kilowattrel, L50, M, shiny|15\/100\n|switch|p1b: Rillaboom|Rillaboom, L50, F|100\/100\n|-fieldstart|move: Grassy Terrain|[from] ability: Grassy Surge|[of] p1b: Rillaboom\n|turn|6\n|inactive|bigplan47 has 30 seconds left.\n|-message|bigplan47 forfeited.\n|\n|win|ShinigamiRowlet\n|raw|ShinigamiRowlet's rating: 1673 &rarr; <strong>1695<\/strong><br \/>(+22 for winning)\n|raw|bigplan47's rating: 1700 &rarr; <strong>1678<\/strong><br \/>(-22 for losing)\n|l|\u2606bigplan47\n|player|p2|\n|l|\u2606ShinigamiRowlet\n|player|p1|\n","uploadtime":1730841509,"views":20,"formatid":"gen9vgc2024regh","rating":1678,"private":0,"password":null}