{"id":"gen9vgc2024regh-2238993795","format":"[Gen 9] VGC 2024 Reg H","players":["Allhailhippo","HoshimiHoshina"],"log":"|j|\u2606Allhailhippo\n|j|\u2606HoshimiHoshina\n|t:|1730948982\n|gametype|doubles\n|player|p1|Allhailhippo|265|1702\n|player|p2|HoshimiHoshina|rosa|1739\n|teamsize|p1|6\n|teamsize|p2|6\n|gen|9\n|tier|[Gen 9] VGC 2024 Reg H\n|rated|\n|rule|Species Clause: Limit one of each Pok\u00e9mon\n|rule|Item Clause: Limit 1 of each item\n|clearpoke\n|poke|p1|Tyranitar, L50, F|\n|poke|p1|Houndstone, L50, M|\n|poke|p1|Whimsicott, L50, M|\n|poke|p1|Annihilape, L50, F|\n|poke|p1|Sylveon, L50, F|\n|poke|p1|Garchomp, L50, F|\n|poke|p2|Slaking, L50, F|\n|poke|p2|Weezing-Galar, L50, M|\n|poke|p2|Gholdengo, L50|\n|poke|p2|Garchomp, L50, F|\n|poke|p2|Gyarados, L50, F|\n|poke|p2|Annihilape, L50, F|\n|teampreview|4\n|inactive|Battle timer is ON: inactive players will automatically lose when time's up. (requested by HoshimiHoshina)\n|inactive|Allhailhippo also wants the timer to be on.\n|j| Jamtaviousiv\n|\n|t:|1730949001\n|start\n|switch|p1a: Anna|Whimsicott, L50, M|100\/100\n|switch|p1b: Garchomp|Garchomp, L50, F|100\/100\n|switch|p2a: \u4e0d\u8bb8\u8bf7\u5047|Weezing-Galar, L50, M|100\/100\n|switch|p2b: \u591a\u52a0\u73ed\u624d\u80fd\u6dd8\u91d1\u6f6e|Gholdengo, L50|100\/100\n|-ability|p2a: \u4e0d\u8bb8\u8bf7\u5047|Neutralizing Gas\n|turn|1\n|\n|t:|1730949023\n|-terastallize|p2a: \u4e0d\u8bb8\u8bf7\u5047|Flying\n|move|p1a: Anna|Protect|p1a: Anna\n|-singleturn|p1a: Anna|Protect\n|move|p2b: \u591a\u52a0\u73ed\u624d\u80fd\u6dd8\u91d1\u6f6e|Make It Rain|p1b: Garchomp|[spread] p1b\n|-activate|p1a: Anna|move: Protect\n|-damage|p1b: Garchomp|45\/100\n|-unboost|p2b: \u591a\u52a0\u73ed\u624d\u80fd\u6dd8\u91d1\u6f6e|spa|1\n|move|p1b: Garchomp|Earthquake|p2a: \u4e0d\u8bb8\u8bf7\u5047|[spread] p2b\n|-activate|p1a: Anna|move: Protect\n|-immune|p2a: \u4e0d\u8bb8\u8bf7\u5047\n|-supereffective|p2b: \u591a\u52a0\u73ed\u624d\u80fd\u6dd8\u91d1\u6f6e\n|-damage|p2b: \u591a\u52a0\u73ed\u624d\u80fd\u6dd8\u91d1\u6f6e|0 fnt\n|faint|p2b: \u591a\u52a0\u73ed\u624d\u80fd\u6dd8\u91d1\u6f6e\n|-damage|p1b: Garchomp|36\/100|[from] item: Life Orb\n|move|p2a: \u4e0d\u8bb8\u8bf7\u5047|Dazzling Gleam|p1b: Garchomp|[spread] p1b\n|-activate|p1a: Anna|move: Protect\n|-supereffective|p1b: Garchomp\n|-damage|p1b: Garchomp|0 fnt\n|faint|p1b: Garchomp\n|\n|upkeep\n|\n|t:|1730949047\n|switch|p1b: Good Things|Tyranitar, L50, F|100\/100\n|switch|p2b: \u8001\u677f\u6211\u60f3\u8bf7\u5047|Slaking, L50, F|100\/100\n|turn|2\n|\n|t:|1730949066\n|-terastallize|p1b: Good Things|Flying\n|move|p2b: \u8001\u677f\u6211\u60f3\u8bf7\u5047|Drain Punch|p1b: Good Things\n|-resisted|p1b: Good Things\n|-damage|p1b: Good Things|88\/100\n|move|p1a: Anna|Tailwind|p1a: Anna\n|-sidestart|p1: Allhailhippo|move: Tailwind\n|move|p1b: Good Things|Knock Off|p2b: \u8001\u677f\u6211\u60f3\u8bf7\u5047\n|-damage|p2b: \u8001\u677f\u6211\u60f3\u8bf7\u5047|59\/100\n|-enditem|p2b: \u8001\u677f\u6211\u60f3\u8bf7\u5047|Clear Amulet|[from] move: Knock Off|[of] p1b: Good Things\n|move|p2a: \u4e0d\u8bb8\u8bf7\u5047|Dazzling Gleam|p1b: Good Things|[spread] p1a,p1b\n|-damage|p1a: Anna|68\/100\n|-damage|p1b: Good Things|75\/100\n|\n|upkeep\n|turn|3\n|\n|t:|1730949090\n|move|p1a: Anna|Encore|p2b: \u8001\u677f\u6211\u60f3\u8bf7\u5047\n|-start|p2b: \u8001\u677f\u6211\u60f3\u8bf7\u5047|Encore\n|move|p1b: Good Things|Rock Slide|p2b: \u8001\u677f\u6211\u60f3\u8bf7\u5047|[spread] p2b\n|-miss|p1b: Good Things|p2a: \u4e0d\u8bb8\u8bf7\u5047\n|-damage|p2b: \u8001\u677f\u6211\u60f3\u8bf7\u5047|36\/100\n|cant|p2b: \u8001\u677f\u6211\u60f3\u8bf7\u5047|flinch\n|move|p2a: \u4e0d\u8bb8\u8bf7\u5047|Sludge Bomb|p1a: Anna\n|-supereffective|p1a: Anna\n|-damage|p1a: Anna|0 fnt\n|faint|p1a: Anna\n|\n|upkeep\n|\n|t:|1730949101\n|switch|p1a: Rodent|Houndstone, L50, M|100\/100\n|turn|4\n|\n|t:|1730949114\n|switch|p2b: \u66b4\u8e81\u8001\u54e5A|Gyarados, L50, F|100\/100\n|move|p2a: \u4e0d\u8bb8\u8bf7\u5047|Protect|p2a: \u4e0d\u8bb8\u8bf7\u5047\n|-singleturn|p2a: \u4e0d\u8bb8\u8bf7\u5047|Protect\n|move|p1a: Rodent|Last Respects|p2a: \u4e0d\u8bb8\u8bf7\u5047\n|-activate|p2a: \u4e0d\u8bb8\u8bf7\u5047|move: Protect\n|move|p1b: Good Things|Rock Slide|p2b: \u66b4\u8e81\u8001\u54e5A|[spread] p2b\n|-activate|p2a: \u4e0d\u8bb8\u8bf7\u5047|move: Protect\n|-supereffective|p2b: \u66b4\u8e81\u8001\u54e5A\n|-damage|p2b: \u66b4\u8e81\u8001\u54e5A|30\/100\n|-enditem|p2b: \u66b4\u8e81\u8001\u54e5A|Sitrus Berry|[eat]\n|-heal|p2b: \u66b4\u8e81\u8001\u54e5A|56\/100|[from] item: Sitrus Berry\n|\n|upkeep\n|turn|5\n|inactive|HoshimiHoshina has 30 seconds left.\n|\n|t:|1730949142\n|move|p2b: \u66b4\u8e81\u8001\u54e5A|Protect|p2b: \u66b4\u8e81\u8001\u54e5A\n|-singleturn|p2b: \u66b4\u8e81\u8001\u54e5A|Protect\n|move|p1a: Rodent|Last Respects|p2b: \u66b4\u8e81\u8001\u54e5A\n|-activate|p2b: \u66b4\u8e81\u8001\u54e5A|move: Protect\n|move|p1b: Good Things|Rock Slide|p2a: \u4e0d\u8bb8\u8bf7\u5047|[spread] p2a\n|-activate|p2b: \u66b4\u8e81\u8001\u54e5A|move: Protect\n|-supereffective|p2a: \u4e0d\u8bb8\u8bf7\u5047\n|-damage|p2a: \u4e0d\u8bb8\u8bf7\u5047|28\/100\n|move|p2a: \u4e0d\u8bb8\u8bf7\u5047|Will-O-Wisp|p1a: Rodent\n|-status|p1a: Rodent|brn\n|\n|-damage|p1a: Rodent|94\/100 brn|[from] brn\n|-sideend|p1: Allhailhippo|move: Tailwind\n|upkeep\n|turn|6\n|\n|t:|1730949164\n|move|p2b: \u66b4\u8e81\u8001\u54e5A|Waterfall|p1b: Good Things\n|-damage|p1b: Good Things|44\/100\n|move|p2a: \u4e0d\u8bb8\u8bf7\u5047|Will-O-Wisp|p1b: Good Things\n|-status|p1b: Good Things|brn\n|move|p1a: Rodent|Last Respects|p2a: \u4e0d\u8bb8\u8bf7\u5047\n|-damage|p2a: \u4e0d\u8bb8\u8bf7\u5047|0 fnt\n|faint|p2a: \u4e0d\u8bb8\u8bf7\u5047\n|-end|p2a: \u4e0d\u8bb8\u8bf7\u5047|ability: Neutralizing Gas\n|-ability|p2b: \u66b4\u8e81\u8001\u54e5A|Intimidate|boost\n|-unboost|p1a: Rodent|atk|1\n|-unboost|p1b: Good Things|atk|1\n|-weather|Sandstorm|[from] ability: Sand Stream|[of] p1b: Good Things\n|move|p1b: Good Things|Rock Slide|p2b: \u66b4\u8e81\u8001\u54e5A\n|-supereffective|p2b: \u66b4\u8e81\u8001\u54e5A\n|-damage|p2b: \u66b4\u8e81\u8001\u54e5A|28\/100\n|\n|-weather|Sandstorm|[upkeep]\n|-damage|p2b: \u66b4\u8e81\u8001\u54e5A|22\/100|[from] Sandstorm\n|-damage|p1b: Good Things|38\/100 brn|[from] Sandstorm\n|-damage|p1a: Rodent|88\/100 brn|[from] brn\n|-damage|p1b: Good Things|32\/100 brn|[from] brn\n|upkeep\n|\n|t:|1730949185\n|switch|p2a: \u8001\u677f\u6211\u60f3\u8bf7\u5047|Slaking, L50, F|36\/100\n|turn|7\n|\n|t:|1730949193\n|move|p2b: \u66b4\u8e81\u8001\u54e5A|Protect|p2b: \u66b4\u8e81\u8001\u54e5A\n|-singleturn|p2b: \u66b4\u8e81\u8001\u54e5A|Protect\n|move|p1a: Rodent|Will-O-Wisp|p2a: \u8001\u677f\u6211\u60f3\u8bf7\u5047\n|-status|p2a: \u8001\u677f\u6211\u60f3\u8bf7\u5047|brn\n|move|p2a: \u8001\u677f\u6211\u60f3\u8bf7\u5047|Knock Off|p1a: Rodent\n|-supereffective|p1a: Rodent\n|-damage|p1a: Rodent|41\/100 brn\n|-enditem|p1a: Rodent|Focus Sash|[from] move: Knock Off|[of] p2a: \u8001\u677f\u6211\u60f3\u8bf7\u5047\n|move|p1b: Good Things|Rock Slide|p2b: \u66b4\u8e81\u8001\u54e5A|[spread] p2a\n|-activate|p2b: \u66b4\u8e81\u8001\u54e5A|move: Protect\n|-damage|p2a: \u8001\u677f\u6211\u60f3\u8bf7\u5047|27\/100 brn\n|\n|-weather|Sandstorm|[upkeep]\n|-damage|p2a: \u8001\u677f\u6211\u60f3\u8bf7\u5047|21\/100 brn|[from] Sandstorm\n|-damage|p2b: \u66b4\u8e81\u8001\u54e5A|16\/100|[from] Sandstorm\n|-damage|p1b: Good Things|26\/100 brn|[from] Sandstorm\n|-damage|p1a: Rodent|35\/100 brn|[from] brn\n|-damage|p2a: \u8001\u677f\u6211\u60f3\u8bf7\u5047|16\/100 brn|[from] brn\n|-damage|p1b: Good Things|20\/100 brn|[from] brn\n|upkeep\n|turn|8\n|-message|HoshimiHoshina forfeited.\n|\n|win|Allhailhippo\n|raw|Allhailhippo's rating: 1702 &rarr; <strong>1724<\/strong><br \/>(+22 for winning)\n|raw|HoshimiHoshina's rating: 1739 &rarr; <strong>1717<\/strong><br \/>(-22 for losing)\n|l|\u2606HoshimiHoshina\n|player|p2|\n|l|\u2606Allhailhippo\n|player|p1|\n","uploadtime":1730949219,"views":40,"formatid":"gen9vgc2024regh","rating":1717,"private":0,"password":null}