{"id":"gen9vgc2024regh-2238636484","format":"[Gen 9] VGC 2024 Reg H","players":["Aki Hoshino","htotoT"],"log":"|j|\u2606Aki Hoshino\n|j|\u2606htotoT\n|t:|1730909943\n|gametype|doubles\n|player|p1|Aki Hoshino|aromalady|1821\n|player|p2|htotoT|102|1848\n|teamsize|p1|6\n|teamsize|p2|6\n|gen|9\n|tier|[Gen 9] VGC 2024 Reg H\n|rated|\n|rule|Species Clause: Limit one of each Pok\u00e9mon\n|rule|Item Clause: Limit 1 of each item\n|clearpoke\n|poke|p1|Grimmsnarl, L50, M|\n|poke|p1|Volcarona, L50, M|\n|poke|p1|Kingambit, L50, M|\n|poke|p1|Rillaboom, L50, M|\n|poke|p1|Dragonite, L50, F|\n|poke|p1|Annihilape, L50, F|\n|poke|p2|Gholdengo, L50|\n|poke|p2|Murkrow, L50, F|\n|poke|p2|Pelipper, L50, M|\n|poke|p2|Archaludon, L50, M|\n|poke|p2|Amoonguss, L50, F|\n|poke|p2|Basculegion-F, L50, F|\n|teampreview|4\n|inactive|Battle timer is ON: inactive players will automatically lose when time's up. (requested by htotoT)\n|j| happyabird\n|inactive|Aki Hoshino has 60 seconds left.\n|inactive|Aki Hoshino has 30 seconds left.\n|inactive|Aki Hoshino has 20 seconds left.\n|inactive|Aki Hoshino has 15 seconds left.\n|\n|t:|1730910020\n|start\n|switch|p1a: Grimmsnarl|Grimmsnarl, L50, M|100\/100\n|switch|p1b: Kingambit|Kingambit, L50, M|100\/100\n|switch|p2a: Murkrow|Murkrow, L50, F|100\/100\n|switch|p2b: Gholdengo|Gholdengo, L50|100\/100\n|turn|1\n|inactive|Aki Hoshino has 30 seconds left.\n|inactive|Aki Hoshino has 20 seconds left.\n|\n|t:|1730910059\n|-terastallize|p2b: Gholdengo|Steel\n|move|p2a: Murkrow|Tailwind|p2a: Murkrow\n|-sidestart|p2: htotoT|move: Tailwind\n|move|p1a: Grimmsnarl|Light Screen|p1a: Grimmsnarl\n|-sidestart|p1: Aki Hoshino|move: Light Screen\n|move|p2b: Gholdengo|Make It Rain|p1a: Grimmsnarl|[spread] p1a,p1b\n|-supereffective|p1a: Grimmsnarl\n|-resisted|p1b: Kingambit\n|-damage|p1a: Grimmsnarl|0 fnt\n|-damage|p1b: Kingambit|64\/100\n|-unboost|p2b: Gholdengo|spa|1\n|faint|p1a: Grimmsnarl\n|move|p1b: Kingambit|Kowtow Cleave|p2b: Gholdengo\n|-damage|p2b: Gholdengo|39\/100\n|\n|upkeep\n|\n|t:|1730910084\n|switch|p1a: Annihilape|Annihilape, L50, F|100\/100\n|turn|2\n|inactive|Aki Hoshino has 30 seconds left.\n|\n|t:|1730910112\n|switch|p2b: Archaludon|Archaludon, L50, M|100\/100\n|-terastallize|p1a: Annihilape|Water\n|move|p2a: Murkrow|Foul Play|p1b: Kingambit\n|-resisted|p1b: Kingambit\n|-damage|p1b: Kingambit|42\/100\n|move|p1a: Annihilape|Drain Punch|p2b: Archaludon\n|-supereffective|p2b: Archaludon\n|-damage|p2b: Archaludon|34\/100\n|-ability|p2b: Archaludon|Stamina|boost\n|-boost|p2b: Archaludon|def|1\n|move|p1b: Kingambit|Kowtow Cleave|p2b: Archaludon\n|-damage|p2b: Archaludon|5\/100\n|-ability|p2b: Archaludon|Stamina|boost\n|-boost|p2b: Archaludon|def|1\n|\n|upkeep\n|turn|3\n|inactive|Aki Hoshino has 30 seconds left.\n|inactive|Aki Hoshino has 20 seconds left.\n|inactive|Aki Hoshino has 15 seconds left.\n|\n|t:|1730910153\n|switch|p2b: Gholdengo|Gholdengo, L50, tera:Steel|39\/100\n|move|p1b: Kingambit|Sucker Punch||[still]\n|-fail|p1b: Kingambit\n|move|p2a: Murkrow|Foul Play|p1b: Kingambit\n|-resisted|p1b: Kingambit\n|-damage|p1b: Kingambit|19\/100\n|move|p1a: Annihilape|Drain Punch|p2a: Murkrow\n|-damage|p2a: Murkrow|48\/100\n|\n|upkeep\n|turn|4\n|\n|t:|1730910171\n|move|p1b: Kingambit|Sucker Punch||[still]\n|-fail|p1b: Kingambit\n|move|p2b: Gholdengo|Trick|p1a: Annihilape\n|-activate|p2b: Gholdengo|move: Trick|[of] p1a: Annihilape\n|-item|p1a: Annihilape|Choice Specs|[from] move: Trick\n|-item|p2b: Gholdengo|Leftovers|[from] move: Trick\n|move|p2a: Murkrow|Foul Play|p1b: Kingambit\n|-resisted|p1b: Kingambit\n|-damage|p1b: Kingambit|0 fnt\n|faint|p1b: Kingambit\n|move|p1a: Annihilape|Drain Punch|p2a: Murkrow\n|-damage|p2a: Murkrow|0 fnt\n|faint|p2a: Murkrow\n|\n|-heal|p2b: Gholdengo|45\/100|[from] item: Leftovers\n|-sideend|p2: htotoT|move: Tailwind\n|upkeep\n|\n|t:|1730910196\n|switch|p2a: Pelipper|Pelipper, L50, M|100\/100\n|switch|p1b: Rillaboom|Rillaboom, L50, M|100\/100\n|-weather|RainDance|[from] ability: Drizzle|[of] p2a: Pelipper\n|-fieldstart|move: Grassy Terrain|[from] ability: Grassy Surge|[of] p1b: Rillaboom\n|turn|5\n|\n|t:|1730910218\n|move|p2a: Pelipper|Protect|p2a: Pelipper\n|-singleturn|p2a: Pelipper|Protect\n|move|p1b: Rillaboom|Fake Out|p2a: Pelipper\n|-activate|p2a: Pelipper|move: Protect\n|move|p2b: Gholdengo|Shadow Ball|p1b: Rillaboom\n|-damage|p1b: Rillaboom|76\/100\n|move|p1a: Annihilape|Drain Punch|p2b: Gholdengo\n|-supereffective|p2b: Gholdengo\n|-damage|p2b: Gholdengo|0 fnt\n|faint|p2b: Gholdengo\n|\n|-weather|RainDance|[upkeep]\n|-heal|p1b: Rillaboom|82\/100|[from] Grassy Terrain\n|upkeep\n|\n|t:|1730910229\n|switch|p2b: Archaludon|Archaludon, L50, M|5\/100\n|turn|6\n|\n|t:|1730910249\n|move|p1b: Rillaboom|Grassy Glide|p2b: Archaludon\n|-resisted|p2b: Archaludon\n|-damage|p2b: Archaludon|0 fnt\n|faint|p2b: Archaludon\n|move|p1a: Annihilape|Drain Punch|p2a: Pelipper\n|-resisted|p2a: Pelipper\n|-damage|p2a: Pelipper|74\/100\n|move|p2a: Pelipper|Hurricane|p1b: Rillaboom\n|-supereffective|p1b: Rillaboom\n|-damage|p1b: Rillaboom|30\/100\n|\n|-weather|RainDance|[upkeep]\n|-heal|p1b: Rillaboom|36\/100|[from] Grassy Terrain\n|upkeep\n|turn|7\n|l| happyabird\n|\n|t:|1730910267\n|move|p2a: Pelipper|Protect|p2a: Pelipper\n|-singleturn|p2a: Pelipper|Protect\n|move|p1b: Rillaboom|Grassy Glide|p2a: Pelipper\n|-activate|p2a: Pelipper|move: Protect\n|move|p1a: Annihilape|Drain Punch|p2a: Pelipper\n|-activate|p2a: Pelipper|move: Protect\n|\n|-weather|RainDance|[upkeep]\n|-heal|p1b: Rillaboom|43\/100|[from] Grassy Terrain\n|upkeep\n|turn|8\n|\n|t:|1730910275\n|move|p1b: Rillaboom|Grassy Glide|p2a: Pelipper\n|-damage|p2a: Pelipper|23\/100\n|move|p1a: Annihilape|Drain Punch|p2a: Pelipper\n|-resisted|p2a: Pelipper\n|-damage|p2a: Pelipper|0 fnt\n|faint|p2a: Pelipper\n|\n|win|Aki Hoshino\n|raw|Aki Hoshino's rating: 1821 &rarr; <strong>1843<\/strong><br \/>(+22 for winning)\n|raw|htotoT's rating: 1848 &rarr; <strong>1826<\/strong><br \/>(-22 for losing)\n|l|\u2606htotoT\n|player|p2|\n|l|\u2606Aki Hoshino\n|player|p1|\n","uploadtime":1730910463,"views":91,"formatid":"gen9vgc2024regh","rating":1826,"private":0,"password":null}