{"id":"gen9vgc2024regh-2238523665","format":"[Gen 9] VGC 2024 Reg H","players":["bobonov","trecal"],"log":"|j|\u2606bobonov\n|j|\u2606trecal\n|t:|1730898070\n|gametype|doubles\n|player|p1|bobonov|266|1691\n|player|p2|trecal|169|1729\n|teamsize|p1|6\n|teamsize|p2|6\n|gen|9\n|tier|[Gen 9] VGC 2024 Reg H\n|rated|\n|rule|Species Clause: Limit one of each Pok\u00e9mon\n|rule|Item Clause: Limit 1 of each item\n|clearpoke\n|poke|p1|Incineroar, L50, M|\n|poke|p1|Amoonguss, L50, M|\n|poke|p1|Gengar, L50, F|\n|poke|p1|Archaludon, L50, M|\n|poke|p1|Pelipper, L50, F|\n|poke|p1|Basculegion, L50, M|\n|poke|p2|Volcarona, L50, M|\n|poke|p2|Kingambit, L50, M|\n|poke|p2|Sneasler, L50, F|\n|poke|p2|Ninetales-Alola, L50, F|\n|poke|p2|Basculegion, L50, M|\n|poke|p2|Dragonite, L50, M|\n|teampreview|4\n|inactive|Battle timer is ON: inactive players will automatically lose when time's up. (requested by bobonov)\n|\n|t:|1730898113\n|start\n|switch|p1a: Incineroar|Incineroar, L50, M|100\/100\n|switch|p1b: Gengar|Gengar, L50, F|100\/100\n|switch|p2a: Kingambit|Kingambit, L50, M|100\/100\n|switch|p2b: Volcarona|Volcarona, L50, M|100\/100\n|-ability|p1a: Incineroar|Intimidate|boost\n|-unboost|p2a: Kingambit|atk|1\n|-ability|p2a: Kingambit|Defiant|boost\n|-boost|p2a: Kingambit|atk|2\n|-unboost|p2b: Volcarona|atk|1\n|turn|1\n|\n|t:|1730898135\n|move|p2b: Volcarona|Quiver Dance|p2b: Volcarona\n|-boost|p2b: Volcarona|spa|1\n|-boost|p2b: Volcarona|spd|1\n|-boost|p2b: Volcarona|spe|1\n|move|p2a: Kingambit|Kowtow Cleave|p1b: Gengar\n|-supereffective|p1b: Gengar\n|-enditem|p1b: Gengar|Focus Sash\n|-damage|p1b: Gengar|1\/100\n|-start|p2a: Kingambit|Disable|Kowtow Cleave|[from] ability: Cursed Body|[of] p1b: Gengar\n|move|p1a: Incineroar|Swords Dance|p1a: Incineroar\n|-boost|p1a: Incineroar|atk|2\n|move|p1b: Gengar|Trick Room|p1b: Gengar\n|-fieldstart|move: Trick Room|[of] p1b: Gengar\n|\n|upkeep\n|turn|2\n|inactive|bobonov has 30 seconds left.\n|inactive|trecal has 30 seconds left.\n|inactive|trecal has 20 seconds left.\n|inactive|trecal has 15 seconds left.\n|\n|t:|1730898180\n|move|p1a: Incineroar|Knock Off|p2b: Volcarona\n|-damage|p2b: Volcarona|0 fnt\n|-enditem|p2b: Volcarona|Covert Cloak|[from] move: Knock Off|[of] p1a: Incineroar\n|faint|p2b: Volcarona\n|move|p2a: Kingambit|Low Kick|p1a: Incineroar\n|-supereffective|p1a: Incineroar\n|-damage|p1a: Incineroar|9\/100\n|move|p1b: Gengar|Curse|p2a: Kingambit\n|-start|p2a: Kingambit|Curse|[of] p1b: Gengar\n|-damage|p1b: Gengar|0 fnt\n|faint|p1b: Gengar\n|\n|-damage|p2a: Kingambit|76\/100|[from] Curse\n|upkeep\n|\n|t:|1730898200\n|switch|p1b: Archaludon|Archaludon, L50, M|100\/100\n|switch|p2b: Basculegion|Basculegion, L50, M|100\/100\n|turn|3\n|\n|t:|1730898231\n|switch|p1a: Pelipper|Pelipper, L50, F|100\/100\n|-weather|RainDance|[from] ability: Drizzle|[of] p1a: Pelipper\n|switch|p2b: Ninetales|Ninetales-Alola, L50, F|100\/100\n|-weather|Snow|[from] ability: Snow Warning|[of] p2b: Ninetales\n|-terastallize|p1b: Archaludon|Electric\n|move|p2a: Kingambit|Sucker Punch||[still]\n|-fail|p2a: Kingambit\n|move|p1b: Archaludon|Electro Shot||[still]\n|-prepare|p1b: Archaludon|Electro Shot\n|-boost|p1b: Archaludon|spa|1\n|\n|-weather|Snow|[upkeep]\n|-damage|p2a: Kingambit|51\/100|[from] Curse\n|upkeep\n|turn|4\n|inactive|trecal has 30 seconds left.\n|inactive|trecal has 20 seconds left.\n|inactive|trecal has 15 seconds left.\n|inactive|trecal has 10 seconds left.\n|j| grain cookie\n|inactive|trecal has 5 seconds left.\n|\n|t:|1730898285\n|move|p2a: Kingambit|Sucker Punch|p1a: Pelipper\n|-damage|p1a: Pelipper|37\/100\n|move|p1a: Pelipper|Muddy Water|p2a: Kingambit|[spread] p2a,p2b\n|-damage|p2a: Kingambit|20\/100\n|-damage|p2b: Ninetales|50\/100\n|move|p1b: Archaludon|Electro Shot|p2b: Ninetales|[from]lockedmove\n|-damage|p2b: Ninetales|0 fnt\n|faint|p2b: Ninetales\n|\n|-weather|Snow|[upkeep]\n|-damage|p2a: Kingambit|0 fnt|[from] Curse\n|faint|p2a: Kingambit\n|upkeep\n|\n|t:|1730898295\n|switch|p2a: Basculegion|Basculegion, L50, M|100\/100\n|turn|5\n|\n|t:|1730898305\n|move|p1a: Pelipper|Muddy Water|p2a: Basculegion|[miss]\n|-miss|p1a: Pelipper|p2a: Basculegion\n|move|p1b: Archaludon|Draco Meteor|p2a: Basculegion\n|-damage|p2a: Basculegion|0 fnt\n|-unboost|p1b: Archaludon|spa|2\n|faint|p2a: Basculegion\n|\n|win|bobonov\n|raw|bobonov's rating: 1691 &rarr; <strong>1713<\/strong><br \/>(+22 for winning)\n|raw|trecal's rating: 1729 &rarr; <strong>1707<\/strong><br \/>(-22 for losing)\n|l|\u2606trecal\n|player|p2|\n|l|\u2606bobonov\n|player|p1|\n|l| grain cookie\n","uploadtime":1730898475,"views":20,"formatid":"gen9vgc2024regh","rating":1707,"private":0,"password":null}