{"id":"gen9vgc2024regh-2238488508","format":"[Gen 9] VGC 2024 Reg H","players":["Mikred","Aki Hoshino"],"log":"|j|\u2606Mikred\n|j|\u2606Aki Hoshino\n|t:|1730893120\n|gametype|doubles\n|player|p1|Mikred|169|1634\n|player|p2|Aki Hoshino|aromalady|1873\n|teamsize|p1|6\n|teamsize|p2|6\n|gen|9\n|tier|[Gen 9] VGC 2024 Reg H\n|rated|\n|rule|Species Clause: Limit one of each Pok\u00e9mon\n|rule|Item Clause: Limit 1 of each item\n|clearpoke\n|poke|p1|Annihilape, L50, F|\n|poke|p1|Whimsicott, L50, M|\n|poke|p1|Archaludon, L50, F|\n|poke|p1|Pelipper, L50, F|\n|poke|p1|Basculegion, L50, M|\n|poke|p1|Rillaboom, L50, M|\n|poke|p2|Grimmsnarl, L50, M|\n|poke|p2|Volcarona, L50, M|\n|poke|p2|Gholdengo, L50|\n|poke|p2|Rillaboom, L50, F|\n|poke|p2|Dragonite, L50, F|\n|poke|p2|Ursaluna-Bloodmoon, L50, M|\n|teampreview|4\n|inactive|Battle timer is ON: inactive players will automatically lose when time's up. (requested by Mikred)\n|inactive|Aki Hoshino has 60 seconds left.\n|inactive|Aki Hoshino has 30 seconds left.\n|inactive|Aki Hoshino has 20 seconds left.\n|inactive|Aki Hoshino has 15 seconds left.\n|inactive|Aki Hoshino has 10 seconds left.\n|\n|t:|1730893218\n|start\n|switch|p1a: Whimsicott|Whimsicott, L50, M|100\/100\n|switch|p1b: Annihilape|Annihilape, L50, F|100\/100\n|switch|p2a: Grimmsnarl|Grimmsnarl, L50, M|100\/100\n|switch|p2b: Gholdengo|Gholdengo, L50|100\/100\n|turn|1\n|inactive|Aki Hoshino has 30 seconds left.\n|\n|t:|1730893251\n|move|p2a: Grimmsnarl|Thunder Wave|p1b: Annihilape\n|-status|p1b: Annihilape|par\n|move|p1a: Whimsicott|Beat Up|p1b: Annihilape\n|-damage|p1b: Annihilape|99\/100 par\n|-damage|p1b: Annihilape|96\/100 par\n|-damage|p1b: Annihilape|94\/100 par\n|-hitcount|p1b: Annihilape|3\n|move|p2b: Gholdengo|Make It Rain|p1a: Whimsicott|[spread] p1a,p1b\n|-supereffective|p1a: Whimsicott\n|-damage|p1a: Whimsicott|0 fnt\n|-damage|p1b: Annihilape|50\/100 par\n|-unboost|p2b: Gholdengo|spa|1\n|-enditem|p1b: Annihilape|Sitrus Berry|[eat]\n|-heal|p1b: Annihilape|75\/100 par|[from] item: Sitrus Berry\n|faint|p1a: Whimsicott\n|move|p1b: Annihilape|Rage Fist|p2b: Gholdengo\n|-supereffective|p2b: Gholdengo\n|-damage|p2b: Gholdengo|0 fnt\n|faint|p2b: Gholdengo\n|\n|upkeep\n|inactive|Aki Hoshino has 30 seconds left.\n|\n|t:|1730893276\n|switch|p1a: Pelipper|Pelipper, L50, F|100\/100\n|switch|p2b: Dragonite|Dragonite, L50, F|100\/100\n|-weather|RainDance|[from] ability: Drizzle|[of] p1a: Pelipper\n|turn|2\n|inactive|Aki Hoshino has 30 seconds left.\n|inactive|Aki Hoshino has 20 seconds left.\n|\n|t:|1730893316\n|switch|p1b: Archaludon|Archaludon, L50, F|100\/100\n|move|p2b: Dragonite|Scale Shot|p1b: Archaludon|[miss]\n|-miss|p2b: Dragonite|p1b: Archaludon\n|move|p1a: Pelipper|Tailwind|p1a: Pelipper\n|-sidestart|p1: Mikred|move: Tailwind\n|move|p2a: Grimmsnarl|Spirit Break|p1b: Archaludon\n|-damage|p1b: Archaludon|79\/100\n|-unboost|p1b: Archaludon|spa|1\n|-ability|p1b: Archaludon|Stamina|boost\n|-boost|p1b: Archaludon|def|1\n|\n|-weather|RainDance|[upkeep]\n|upkeep\n|turn|3\n|inactive|Aki Hoshino has 30 seconds left.\n|inactive|Aki Hoshino has 20 seconds left.\n|\n|t:|1730893351\n|move|p2a: Grimmsnarl|Light Screen|p2a: Grimmsnarl\n|-sidestart|p2: Aki Hoshino|move: Light Screen\n|move|p1a: Pelipper|Weather Ball|p2a: Grimmsnarl\n|-damage|p2a: Grimmsnarl|55\/100\n|move|p1b: Archaludon|Electro Shot||[still]\n|-prepare|p1b: Archaludon|Electro Shot\n|-boost|p1b: Archaludon|spa|1\n|-anim|p1b: Archaludon|Electro Shot|p2a: Grimmsnarl\n|-damage|p2a: Grimmsnarl|30\/100\n|move|p2b: Dragonite|Scale Shot|p1a: Pelipper\n|-damage|p1a: Pelipper|82\/100\n|-damage|p1a: Pelipper|62\/100\n|-damage|p1a: Pelipper|42\/100\n|-damage|p1a: Pelipper|23\/100\n|-hitcount|p1a: Pelipper|4\n|-unboost|p2b: Dragonite|def|1\n|-boost|p2b: Dragonite|spe|1\n|\n|-weather|RainDance|[upkeep]\n|upkeep\n|turn|4\n|inactive|Mikred has 30 seconds left.\n|inactive|Aki Hoshino has 30 seconds left.\n|inactive|Aki Hoshino has 20 seconds left.\n|inactive|Aki Hoshino has 15 seconds left.\n|\n|t:|1730893395\n|move|p2a: Grimmsnarl|Thunder Wave|p1b: Archaludon\n|-status|p1b: Archaludon|par\n|move|p1a: Pelipper|Hurricane|p2b: Dragonite\n|-damage|p2b: Dragonite|84\/100\n|-start|p2b: Dragonite|confusion\n|-activate|p2b: Dragonite|confusion\n|-damage|p2b: Dragonite|60\/100|[from] confusion\n|cant|p1b: Archaludon|par\n|\n|-weather|RainDance|[upkeep]\n|upkeep\n|turn|5\n|inactive|Aki Hoshino has 30 seconds left.\n|inactive|Aki Hoshino has 20 seconds left.\n|inactive|Aki Hoshino has 15 seconds left.\n|inactive|Aki Hoshino has 10 seconds left.\n|\n|t:|1730893444\n|move|p1a: Pelipper|Hurricane|p2a: Grimmsnarl\n|-damage|p2a: Grimmsnarl|0 fnt\n|faint|p2a: Grimmsnarl\n|-end|p2b: Dragonite|confusion\n|move|p2b: Dragonite|Scale Shot|p1a: Pelipper\n|-damage|p1a: Pelipper|4\/100\n|-crit|p1a: Pelipper\n|-damage|p1a: Pelipper|0 fnt\n|faint|p1a: Pelipper\n|-hitcount|p1: Pelipper|2\n|-unboost|p2b: Dragonite|def|1\n|-boost|p2b: Dragonite|spe|1\n|move|p1b: Archaludon|Draco Meteor|p2b: Dragonite\n|-supereffective|p2b: Dragonite\n|-damage|p2b: Dragonite|0 fnt\n|-unboost|p1b: Archaludon|spa|2\n|faint|p2b: Dragonite\n|\n|-weather|RainDance|[upkeep]\n|-sideend|p1: Mikred|move: Tailwind\n|upkeep\n|inactive|Mikred has 30 seconds left.\n|\n|t:|1730893474\n|switch|p1a: Annihilape|Annihilape, L50, F|75\/100 par\n|switch|p2a: Rillaboom|Rillaboom, L50, F|100\/100\n|-fieldstart|move: Grassy Terrain|[from] ability: Grassy Surge|[of] p2a: Rillaboom\n|turn|6\n|\n|t:|1730893486\n|move|p2a: Rillaboom|Wood Hammer|p1a: Annihilape\n|-damage|p1a: Annihilape|0 fnt\n|faint|p1a: Annihilape\n|-damage|p2a: Rillaboom|73\/100|[from] Recoil\n|move|p1b: Archaludon|Body Press|p2a: Rillaboom\n|-damage|p2a: Rillaboom|41\/100\n|\n|-weather|none\n|-heal|p2a: Rillaboom|47\/100|[from] Grassy Terrain\n|-heal|p1b: Archaludon|85\/100 par|[from] Grassy Terrain\n|upkeep\n|turn|7\n|\n|t:|1730893500\n|move|p2a: Rillaboom|High Horsepower|p1b: Archaludon\n|-supereffective|p1b: Archaludon\n|-damage|p1b: Archaludon|53\/100 par\n|-ability|p1b: Archaludon|Stamina|boost\n|-boost|p1b: Archaludon|def|1\n|move|p1b: Archaludon|Body Press|p2a: Rillaboom\n|-damage|p2a: Rillaboom|6\/100\n|\n|-heal|p2a: Rillaboom|12\/100|[from] Grassy Terrain\n|-heal|p1b: Archaludon|59\/100 par|[from] Grassy Terrain\n|upkeep\n|turn|8\n|\n|t:|1730893515\n|-terastallize|p1b: Archaludon|Fighting\n|move|p2a: Rillaboom|High Horsepower|p1b: Archaludon\n|-damage|p1b: Archaludon|45\/100 par\n|-ability|p1b: Archaludon|Stamina|boost\n|-boost|p1b: Archaludon|def|1\n|move|p1b: Archaludon|Body Press|p2a: Rillaboom\n|-crit|p2a: Rillaboom\n|-damage|p2a: Rillaboom|0 fnt\n|faint|p2a: Rillaboom\n|\n|win|Mikred\n|raw|Mikred's rating: 1634 &rarr; <strong>1666<\/strong><br \/>(+32 for winning)\n|raw|Aki Hoshino's rating: 1873 &rarr; <strong>1841<\/strong><br \/>(-32 for losing)\n|l|\u2606Aki Hoshino\n|player|p2|\n","uploadtime":1730893743,"views":16,"formatid":"gen9vgc2024regh","rating":1666,"private":0,"password":null}