{"id":"gen9vgc2024regh-2238572423","format":"[Gen 9] VGC 2024 Reg H","players":["Cocobeloeil3","647w"],"log":"|j|\u2606Cocobeloeil3\n|j|\u2606647w\n|t:|1730903555\n|gametype|doubles\n|player|p1|Cocobeloeil3|102|1781\n|player|p2|647w|lucas-gen4pt|1682\n|teamsize|p1|6\n|teamsize|p2|6\n|gen|9\n|tier|[Gen 9] VGC 2024 Reg H\n|rated|\n|rule|Species Clause: Limit one of each Pok\u00e9mon\n|rule|Item Clause: Limit 1 of each item\n|clearpoke\n|poke|p1|Sneasler, L50, M|\n|poke|p1|Dragonite, L50, F|\n|poke|p1|Kingambit, L50, F|\n|poke|p1|Politoed, L50, F|\n|poke|p1|Murkrow, L50, M|\n|poke|p1|Mamoswine, L50, F|\n|poke|p2|Kilowattrel, L50, F|\n|poke|p2|Garchomp, L50, F|\n|poke|p2|Archaludon, L50, F|\n|poke|p2|Incineroar, L50, M|\n|poke|p2|Rillaboom, L50, F|\n|poke|p2|Dondozo, L50, M|\n|teampreview|4\n|j| jdarcan\n|j| stewpeed\n647w has agreed to open team sheets.\n|\n|t:|1730903603\n|start\n|switch|p1a: Sneasler|Sneasler, L50, M|100\/100\n|switch|p1b: Mamoswine|Mamoswine, L50, F|100\/100\n|switch|p2a: Kilowattrel|Kilowattrel, L50, F|100\/100\n|switch|p2b: Garchomp|Garchomp, L50, F|100\/100\n|turn|1\n|\n|t:|1730903617\n|move|p2a: Kilowattrel|Protect|p2a: Kilowattrel\n|-singleturn|p2a: Kilowattrel|Protect\n|move|p2b: Garchomp|Protect|p2b: Garchomp\n|-singleturn|p2b: Garchomp|Protect\n|move|p1b: Mamoswine|Ice Shard|p2a: Kilowattrel\n|-activate|p2a: Kilowattrel|move: Protect\n|move|p1a: Sneasler|Dire Claw|p2a: Kilowattrel\n|-activate|p2a: Kilowattrel|move: Protect\n|\n|upkeep\n|turn|2\n|\n|t:|1730903629\n|switch|p2b: Dondozo|Dondozo, L50, M|100\/100\n|move|p1b: Mamoswine|Ice Shard|p2a: Kilowattrel\n|-supereffective|p2a: Kilowattrel\n|-enditem|p2a: Kilowattrel|Focus Sash\n|-damage|p2a: Kilowattrel|1\/100\n|-damage|p1b: Mamoswine|91\/100|[from] item: Life Orb\n|move|p2a: Kilowattrel|Tailwind|p2a: Kilowattrel\n|-sidestart|p2: 647w|move: Tailwind\n|move|p1a: Sneasler|Dire Claw|p2a: Kilowattrel\n|-damage|p2a: Kilowattrel|0 fnt\n|faint|p2a: Kilowattrel\n|\n|upkeep\n|\n|t:|1730903646\n|switch|p2a: Archaludon|Archaludon, L50, F|100\/100\n|turn|3\n|\n|t:|1730903693\n|-terastallize|p1b: Mamoswine|Ghost\n|move|p2a: Archaludon|Protect|p2a: Archaludon\n|-singleturn|p2a: Archaludon|Protect\n|move|p1a: Sneasler|Close Combat|p2a: Archaludon\n|-activate|p2a: Archaludon|move: Protect\n|move|p1b: Mamoswine|Icicle Crash|p2a: Archaludon\n|-activate|p2a: Archaludon|move: Protect\n|move|p2b: Dondozo|Wave Crash|p1a: Sneasler\n|-damage|p1a: Sneasler|32\/100\n|-damage|p2b: Dondozo|87\/100|[from] Recoil\n|\n|-heal|p2b: Dondozo|93\/100|[from] item: Leftovers\n|upkeep\n|turn|4\n|\n|t:|1730903705\n|move|p2a: Archaludon|Flash Cannon|p1a: Sneasler\n|-damage|p1a: Sneasler|0 fnt\n|faint|p1a: Sneasler\n|move|p1b: Mamoswine|Icicle Crash|p2a: Archaludon\n|-damage|p2a: Archaludon|44\/100\n|-damage|p1b: Mamoswine|81\/100|[from] item: Life Orb\n|move|p2b: Dondozo|Yawn|p1b: Mamoswine\n|-start|p1b: Mamoswine|move: Yawn|[of] p2b: Dondozo\n|\n|-heal|p2b: Dondozo|99\/100|[from] item: Leftovers\n|upkeep\n|\n|t:|1730903726\n|switch|p1a: Kingambit|Kingambit, L50, F|100\/100\n|turn|5\n|\n|t:|1730903738\n|switch|p1b: Politoed|Politoed, L50, F|100\/100\n|-weather|RainDance|[from] ability: Drizzle|[of] p1b: Politoed\n|move|p2a: Archaludon|Electro Shot||[still]\n|-prepare|p2a: Archaludon|Electro Shot\n|-boost|p2a: Archaludon|spa|1\n|-anim|p2a: Archaludon|Electro Shot|p1a: Kingambit\n|-damage|p1a: Kingambit|57\/100\n|move|p1a: Kingambit|Low Kick|p2a: Archaludon\n|-supereffective|p2a: Archaludon\n|-damage|p2a: Archaludon|0 fnt\n|faint|p2a: Archaludon\n|move|p2b: Dondozo|Yawn|p1b: Politoed\n|-start|p1b: Politoed|move: Yawn|[of] p2b: Dondozo\n|\n|-weather|RainDance|[upkeep]\n|-heal|p2b: Dondozo|100\/100|[from] item: Leftovers\n|-sideend|p2: 647w|move: Tailwind\n|upkeep\n|\n|t:|1730903742\n|switch|p2a: Garchomp|Garchomp, L50, F|100\/100\n|turn|6\n|\n|t:|1730903774\n|move|p1a: Kingambit|Sucker Punch|p2a: Garchomp\n|-damage|p2a: Garchomp|56\/100\n|-damage|p1a: Kingambit|44\/100|[from] ability: Rough Skin|[of] p2a: Garchomp\n|move|p2a: Garchomp|Stomping Tantrum|p1a: Kingambit\n|-supereffective|p1a: Kingambit\n|-damage|p1a: Kingambit|0 fnt\n|faint|p1a: Kingambit\n|move|p1b: Politoed|Weather Ball|p2a: Garchomp\n|-damage|p2a: Garchomp|0 fnt\n|faint|p2a: Garchomp\n|move|p2b: Dondozo|Wave Crash|p1b: Politoed\n|-resisted|p1b: Politoed\n|-damage|p1b: Politoed|60\/100\n|-damage|p2b: Dondozo|92\/100|[from] Recoil\n|\n|-weather|RainDance|[upkeep]\n|-heal|p2b: Dondozo|98\/100|[from] item: Leftovers\n|-end|p1b: Politoed|move: Yawn|[silent]\n|-status|p1b: Politoed|slp\n|upkeep\n|\n|t:|1730903781\n|switch|p1a: Mamoswine|Mamoswine, L50, F, tera:Ghost|81\/100\n|turn|7\n|\n|t:|1730903785\n|move|p1a: Mamoswine|Protect|p1a: Mamoswine\n|-singleturn|p1a: Mamoswine|Protect\n|cant|p1b: Politoed|slp\n|move|p2b: Dondozo|Wave Crash|p1a: Mamoswine\n|-activate|p1a: Mamoswine|move: Protect\n|\n|-weather|RainDance|[upkeep]\n|-heal|p2b: Dondozo|100\/100|[from] item: Leftovers\n|upkeep\n|turn|8\n|\n|t:|1730903793\n|move|p1a: Mamoswine|Icicle Crash|p2b: Dondozo\n|-resisted|p2b: Dondozo\n|-damage|p2b: Dondozo|82\/100\n|-damage|p1a: Mamoswine|71\/100|[from] item: Life Orb\n|cant|p1b: Politoed|slp\n|move|p2b: Dondozo|Wave Crash|p1a: Mamoswine\n|-damage|p1a: Mamoswine|0 fnt\n|faint|p1a: Mamoswine\n|-damage|p2b: Dondozo|65\/100|[from] Recoil\n|\n|-weather|RainDance|[upkeep]\n|-heal|p2b: Dondozo|71\/100|[from] item: Leftovers\n|upkeep\n|turn|9\n|\n|t:|1730903802\n|cant|p1b: Politoed|slp\n|move|p2b: Dondozo|Fissure|p1b: Politoed\n|-damage|p1b: Politoed|0 fnt\n|faint|p1b: Politoed\n|-ohko\n|\n|win|647w\n|raw|Cocobeloeil3's rating: 1781 &rarr; <strong>1755<\/strong><br \/>(-26 for losing)\n|raw|647w's rating: 1682 &rarr; <strong>1708<\/strong><br \/>(+26 for winning)\n|l|\u2606Cocobeloeil3\n|player|p1|\n|l|\u2606647w\n|player|p2|\n|l| stewpeed\n|l| jdarcan\n","uploadtime":1730904063,"views":26,"formatid":"gen9vgc2024regh","rating":1708,"private":0,"password":null}