{"id":"gen9vgc2024regh-2238491833","format":"[Gen 9] VGC 2024 Reg H","players":["saigster","Aki Hoshino"],"log":"|j|\u2606saigster\n|j|\u2606Aki Hoshino\n|t:|1730893609\n|gametype|doubles\n|player|p1|saigster|169|1674\n|player|p2|Aki Hoshino|aromalady|1841\n|teamsize|p1|6\n|teamsize|p2|6\n|gen|9\n|tier|[Gen 9] VGC 2024 Reg H\n|rated|\n|rule|Species Clause: Limit one of each Pok\u00e9mon\n|rule|Item Clause: Limit 1 of each item\n|clearpoke\n|poke|p1|Ursaluna, L50, F|\n|poke|p1|Gholdengo, L50|\n|poke|p1|Incineroar, L50, M|\n|poke|p1|Milotic, L50, F|\n|poke|p1|Whimsicott, L50, F|\n|poke|p1|Dragapult, L50, F|\n|poke|p2|Grimmsnarl, L50, M|\n|poke|p2|Volcarona, L50, F|\n|poke|p2|Gholdengo, L50|\n|poke|p2|Rillaboom, L50, M|\n|poke|p2|Dragonite, L50, F|\n|poke|p2|Ursaluna-Bloodmoon, L50, M|\n|teampreview|4\n|inactive|Battle timer is ON: inactive players will automatically lose when time's up. (requested by saigster)\n|inactive|Aki Hoshino has 60 seconds left.\n|inactive|Aki Hoshino has 30 seconds left.\n|inactive|Aki Hoshino has 20 seconds left.\n|inactive|Aki Hoshino has 15 seconds left.\n|inactive|Aki Hoshino has 10 seconds left.\n|inactive|Aki Hoshino has 5 seconds left.\n|\n|t:|1730893698\n|start\n|switch|p1a: Whimsicott|Whimsicott, L50, F|100\/100\n|switch|p1b: Incineroar|Incineroar, L50, M|100\/100\n|switch|p2a: Grimmsnarl|Grimmsnarl, L50, M|100\/100\n|switch|p2b: Gholdengo|Gholdengo, L50|100\/100\n|-ability|p1b: Incineroar|Intimidate|boost\n|-unboost|p2a: Grimmsnarl|atk|1\n|-unboost|p2b: Gholdengo|atk|1\n|turn|1\n|inactive|saigster has 30 seconds left.\n|inactive|Aki Hoshino has 30 seconds left.\n|inactive|saigster has 20 seconds left.\n|inactive|Aki Hoshino has 20 seconds left.\n|inactive|saigster has 15 seconds left.\n|inactive|Aki Hoshino has 15 seconds left.\n|inactive|saigster has 10 seconds left.\n|inactive|Aki Hoshino has 10 seconds left.\n|\n|t:|1730893745\n|move|p1b: Incineroar|Fake Out|p2a: Grimmsnarl\n|-crit|p2a: Grimmsnarl\n|-damage|p2a: Grimmsnarl|81\/100\n|move|p1a: Whimsicott|Tailwind|p1a: Whimsicott\n|-sidestart|p1: saigster|move: Tailwind\n|move|p2b: Gholdengo|Shadow Ball|p1a: Whimsicott\n|-damage|p1a: Whimsicott|48\/100\n|cant|p2a: Grimmsnarl|flinch\n|\n|upkeep\n|turn|2\n|inactive|Aki Hoshino has 30 seconds left.\n|inactive|Aki Hoshino has 20 seconds left.\n|inactive|Aki Hoshino has 15 seconds left.\n|\n|t:|1730893788\n|switch|p1a: Ursaluna|Ursaluna, L50, F|100\/100\n|move|p2a: Grimmsnarl|Reflect|p2a: Grimmsnarl\n|-sidestart|p2: Aki Hoshino|Reflect\n|move|p1b: Incineroar|Flare Blitz|p2b: Gholdengo\n|-supereffective|p2b: Gholdengo\n|-damage|p2b: Gholdengo|23\/100\n|-damage|p1b: Incineroar|76\/100|[from] Recoil\n|move|p2b: Gholdengo|Nasty Plot|p2b: Gholdengo\n|-boost|p2b: Gholdengo|spa|2\n|\n|-heal|p2b: Gholdengo|29\/100|[from] item: Leftovers\n|-status|p1a: Ursaluna|brn|[from] item: Flame Orb\n|upkeep\n|turn|3\n|inactive|Aki Hoshino has 30 seconds left.\n|inactive|Aki Hoshino has 20 seconds left.\n|inactive|Aki Hoshino has 15 seconds left.\n|inactive|Aki Hoshino has 10 seconds left.\n|inactive|Aki Hoshino has 5 seconds left.\n|\n|t:|1730893840\n|move|p2b: Gholdengo|Protect|p2b: Gholdengo\n|-singleturn|p2b: Gholdengo|Protect\n|move|p1b: Incineroar|Knock Off|p2b: Gholdengo\n|-activate|p2b: Gholdengo|move: Protect\n|move|p1a: Ursaluna|Facade|p2a: Grimmsnarl\n|-damage|p2a: Grimmsnarl|17\/100\n|move|p2a: Grimmsnarl|Spirit Break|p1b: Incineroar\n|-damage|p1b: Incineroar|57\/100\n|-unboost|p1b: Incineroar|spa|1\n|\n|-heal|p2b: Gholdengo|35\/100|[from] item: Leftovers\n|-damage|p1a: Ursaluna|94\/100 brn|[from] brn\n|upkeep\n|turn|4\n|inactive|Aki Hoshino has 30 seconds left.\n|inactive|Aki Hoshino has 20 seconds left.\n|inactive|Aki Hoshino has 15 seconds left.\n|\n|t:|1730893880\n|switch|p2b: Volcarona|Volcarona, L50, F|100\/100\n|move|p2a: Grimmsnarl|Light Screen|p2a: Grimmsnarl\n|-sidestart|p2: Aki Hoshino|move: Light Screen\n|move|p1b: Incineroar|Flare Blitz|p2b: Volcarona\n|-damage|p2b: Volcarona|63\/100\n|-damage|p1b: Incineroar|46\/100|[from] Recoil\n|-enditem|p1b: Incineroar|Sitrus Berry|[eat]\n|-heal|p1b: Incineroar|71\/100|[from] item: Sitrus Berry\n|move|p1a: Ursaluna|Facade|p2a: Grimmsnarl\n|-damage|p2a: Grimmsnarl|0 fnt\n|faint|p2a: Grimmsnarl\n|\n|-damage|p1a: Ursaluna|88\/100 brn|[from] brn\n|-sideend|p1: saigster|move: Tailwind\n|upkeep\n|\n|t:|1730893898\n|switch|p2a: Ursaluna|Ursaluna-Bloodmoon, L50, M|100\/100\n|turn|5\n|inactive|saigster has 30 seconds left.\n|\n|t:|1730893926\n|-terastallize|p2a: Ursaluna|Normal\n|move|p1a: Ursaluna|Protect|p1a: Ursaluna\n|-singleturn|p1a: Ursaluna|Protect\n|move|p2b: Volcarona|Heat Wave|p1b: Incineroar|[spread] p1b\n|-activate|p1a: Ursaluna|move: Protect\n|-resisted|p1b: Incineroar\n|-damage|p1b: Incineroar|56\/100\n|move|p2a: Ursaluna|Hyper Voice|p1b: Incineroar|[spread] p1b\n|-activate|p1a: Ursaluna|move: Protect\n|-damage|p1b: Incineroar|0 fnt\n|faint|p1b: Incineroar\n|-damage|p2a: Ursaluna|91\/100|[from] item: Life Orb\n|\n|-damage|p1a: Ursaluna|82\/100 brn|[from] brn\n|upkeep\n|\n|t:|1730893940\n|switch|p1b: Whimsicott|Whimsicott, L50, F|48\/100\n|turn|6\n|inactive|saigster has 30 seconds left.\n|inactive|Aki Hoshino has 30 seconds left.\n|inactive|Aki Hoshino has 20 seconds left.\n|inactive|Aki Hoshino has 15 seconds left.\n|inactive|Aki Hoshino has 10 seconds left.\n|inactive|Aki Hoshino has 5 seconds left.\n|\n|t:|1730893992\n|-terastallize|p1a: Ursaluna|Ghost\n|move|p2b: Volcarona|Protect|p2b: Volcarona\n|-singleturn|p2b: Volcarona|Protect\n|move|p1b: Whimsicott|Tailwind|p1b: Whimsicott\n|-sidestart|p1: saigster|move: Tailwind\n|move|p1a: Ursaluna|Rock Slide|p2a: Ursaluna|[spread] p2a\n|-activate|p2b: Volcarona|move: Protect\n|-damage|p2a: Ursaluna|75\/100\n|move|p2a: Ursaluna|Hyper Voice|p1a: Ursaluna|[spread] p1a,p1b\n|-damage|p1a: Ursaluna|15\/100 brn\n|-damage|p1b: Whimsicott|0 fnt\n|faint|p1b: Whimsicott\n|-damage|p2a: Ursaluna|65\/100|[from] item: Life Orb\n|\n|-damage|p1a: Ursaluna|8\/100 brn|[from] brn\n|upkeep\n|\n|t:|1730894006\n|switch|p1b: Gholdengo|Gholdengo, L50|100\/100\n|turn|7\n|inactive|Aki Hoshino has 30 seconds left.\n|\n|t:|1730894039\n|switch|p2b: Gholdengo|Gholdengo, L50|35\/100\n|move|p2a: Ursaluna|Protect|p2a: Ursaluna\n|-singleturn|p2a: Ursaluna|Protect\n|move|p1b: Gholdengo|Make It Rain|p2b: Gholdengo|[spread] p2b\n|-activate|p2a: Ursaluna|move: Protect\n|-resisted|p2b: Gholdengo\n|-damage|p2b: Gholdengo|10\/100\n|-unboost|p1b: Gholdengo|spa|1\n|move|p1a: Ursaluna|Rock Slide|p2a: Ursaluna|[spread] p2b\n|-activate|p2a: Ursaluna|move: Protect\n|-resisted|p2b: Gholdengo\n|-damage|p2b: Gholdengo|1\/100\n|\n|-heal|p2b: Gholdengo|7\/100|[from] item: Leftovers\n|-damage|p1a: Ursaluna|2\/100 brn|[from] brn\n|upkeep\n|turn|8\n|inactive|Aki Hoshino has 30 seconds left.\n|\n|t:|1730894067\n|move|p2b: Gholdengo|Protect|p2b: Gholdengo\n|-singleturn|p2b: Gholdengo|Protect\n|move|p1b: Gholdengo|Make It Rain|p2b: Gholdengo|[spread] p2a\n|-activate|p2b: Gholdengo|move: Protect\n|-damage|p2a: Ursaluna|23\/100\n|-unboost|p1b: Gholdengo|spa|1\n|move|p1a: Ursaluna|Facade|p2a: Ursaluna\n|-damage|p2a: Ursaluna|0 fnt\n|faint|p2a: Ursaluna\n|\n|-heal|p2b: Gholdengo|14\/100|[from] item: Leftovers\n|-damage|p1a: Ursaluna|0 fnt|[from] brn\n|faint|p1a: Ursaluna\n|upkeep\n|\n|t:|1730894084\n|switch|p2a: Volcarona|Volcarona, L50, F|63\/100\n|turn|9\n|inactive|Aki Hoshino has 30 seconds left.\n|\n|t:|1730894111\n|move|p1b: Gholdengo|Make It Rain|p2b: Gholdengo|[spread] p2a,p2b\n|-resisted|p2a: Volcarona\n|-resisted|p2b: Gholdengo\n|-damage|p2a: Volcarona|52\/100\n|-damage|p2b: Gholdengo|1\/100\n|-unboost|p1b: Gholdengo|spa|1\n|move|p2a: Volcarona|Heat Wave|p1b: Gholdengo\n|-supereffective|p1b: Gholdengo\n|-damage|p1b: Gholdengo|0 fnt\n|faint|p1b: Gholdengo\n|\n|win|Aki Hoshino\n|raw|saigster's rating: 1674 &rarr; <strong>1663<\/strong><br \/>(-11 for losing)\n|raw|Aki Hoshino's rating: 1841 &rarr; <strong>1852<\/strong><br \/>(+11 for winning)\n|l|\u2606Aki Hoshino\n|player|p2|\n","uploadtime":1730894292,"views":16,"formatid":"gen9vgc2024regh","rating":1663,"private":0,"password":null}