{"id":"gen9vgc2024regh-2238716802","format":"[Gen 9] VGC 2024 Reg H","players":["datbishgames","Snorlax Double"],"log":"|j|\u2606datbishgames\n|j|\u2606Snorlax Double\n|t:|1730917659\n|gametype|doubles\n|player|p1|datbishgames|mira|1728\n|player|p2|Snorlax Double|li|1645\n|teamsize|p1|6\n|teamsize|p2|6\n|gen|9\n|tier|[Gen 9] VGC 2024 Reg H\n|rated|\n|rule|Species Clause: Limit one of each Pok\u00e9mon\n|rule|Item Clause: Limit 1 of each item\n|clearpoke\n|poke|p1|Whimsicott, L50, M|\n|poke|p1|Basculegion, L50, M|\n|poke|p1|Arcanine-Hisui, L50, M|\n|poke|p1|Hydreigon, L50, M|\n|poke|p1|Farigiraf, L50, M|\n|poke|p1|Pawmot, L50, F|\n|poke|p2|Murkrow, L50, M|\n|poke|p2|Delphox, L50, M|\n|poke|p2|Indeedee, L50, M|\n|poke|p2|Sneasler, L50, M|\n|poke|p2|Dondozo, L50, M|\n|poke|p2|Tatsugiri, L50, F|\n|teampreview|4\n|inactive|Battle timer is ON: inactive players will automatically lose when time's up. (requested by datbishgames)\n|l|\u2606datbishgames\n|inactive|datbishgames disconnected and has a minute to reconnect!\n|player|p1|\n|inactive|Snorlax Double has 60 seconds left.\nSnorlax Double rejected open team sheets.\n|inactive|datbishgames has 30 seconds to reconnect!\n|j|\u2606datbishgames\n|inactive|datbishgames reconnected and has 35 seconds left.\n|player|p1|datbishgames|mira|\n|inactive|datbishgames has 30 seconds left.\n|\n|t:|1730917725\n|start\n|switch|p1a: Whimsicott|Whimsicott, L50, M|100\/100\n|switch|p1b: Arcanine|Arcanine-Hisui, L50, M|100\/100\n|switch|p2a: Indeedee|Indeedee, L50, M|100\/100\n|switch|p2b: Sneasler|Sneasler, L50, M|100\/100\n|-fieldstart|move: Psychic Terrain|[from] ability: Psychic Surge|[of] p2a: Indeedee\n|-enditem|p2b: Sneasler|Psychic Seed\n|-boost|p2b: Sneasler|spd|1|[from] item: Psychic Seed\n|-ability|p1b: Arcanine|Intimidate|boost\n|-unboost|p2a: Indeedee|atk|1\n|-unboost|p2b: Sneasler|atk|1\n|turn|1\n|inactive|Snorlax Double has 30 seconds left.\n|\n|t:|1730917759\n|move|p1a: Whimsicott|Tailwind|p1a: Whimsicott\n|-sidestart|p1: datbishgames|move: Tailwind\n|move|p2b: Sneasler|Close Combat|p1b: Arcanine\n|-supereffective|p1b: Arcanine\n|-damage|p1b: Arcanine|0 fnt\n|-unboost|p2b: Sneasler|def|1\n|-unboost|p2b: Sneasler|spd|1\n|faint|p1b: Arcanine\n|move|p2a: Indeedee|Expanding Force|p1a: Whimsicott\n|-damage|p1a: Whimsicott|26\/100\n|\n|upkeep\n|\n|t:|1730917769\n|switch|p1b: Basculegion|Basculegion, L50, M|100\/100\n|turn|2\n|\n|t:|1730917780\n|move|p2b: Sneasler|Acrobatics|p1b: Basculegion\n|-damage|p1b: Basculegion|73\/100\n|move|p1a: Whimsicott|Moonblast|p2a: Indeedee\n|-damage|p2a: Indeedee|65\/100\n|move|p1b: Basculegion|Last Respects|p2b: Sneasler\n|-damage|p2b: Sneasler|0 fnt\n|faint|p2b: Sneasler\n|move|p2a: Indeedee|Expanding Force|p1a: Whimsicott|[spread] p1a,p1b\n|-damage|p1a: Whimsicott|0 fnt\n|-damage|p1b: Basculegion|24\/100\n|faint|p1a: Whimsicott\n|\n|upkeep\n|\n|t:|1730917794\n|switch|p2b: Dondozo|Dondozo, L50, M|100\/100\n|switch|p1a: Pawmot|Pawmot, L50, F|100\/100\n|turn|3\n|\n|t:|1730917806\n|switch|p2a: Tatsugiri|Tatsugiri, L50, F|100\/100\n|-activate|p2a: Tatsugiri|ability: Commander|[of] p2b: Dondozo\n|-boost|p2b: Dondozo|atk|2\n|-boost|p2b: Dondozo|spa|2\n|-boost|p2b: Dondozo|spe|2\n|-boost|p2b: Dondozo|def|2\n|-boost|p2b: Dondozo|spd|2\n|-terastallize|p2b: Dondozo|Steel\n|move|p1a: Pawmot|Double Shock|p2a: Tatsugiri|[miss]\n|-miss|p1a: Pawmot|p2a: Tatsugiri\n|move|p1b: Basculegion|Last Respects|p2b: Dondozo\n|-damage|p2b: Dondozo|55\/100\n|move|p2b: Dondozo|Earthquake|p1b: Basculegion|[spread] p1a,p1b\n|-miss|p2b: Dondozo|p2a: Tatsugiri\n|-supereffective|p1a: Pawmot\n|-enditem|p1a: Pawmot|Focus Sash\n|-damage|p1a: Pawmot|1\/100\n|-damage|p1b: Basculegion|0 fnt\n|faint|p1b: Basculegion\n|\n|-heal|p2b: Dondozo|62\/100|[from] item: Leftovers\n|upkeep\n|turn|4\n|\n|t:|1730917824\n|move|p2b: Dondozo|Protect|p2b: Dondozo\n|-singleturn|p2b: Dondozo|Protect\n|move|p1a: Pawmot|Revival Blessing|p1a: Pawmot\n|\n|t:|1730917827\n|-heal|p1: Whimsicott|50\/100|[from] move: Revival Blessing\n|\n|-heal|p2b: Dondozo|68\/100|[from] item: Leftovers\n|-sideend|p1: datbishgames|move: Tailwind\n|upkeep\n|\n|t:|1730917829\n|switch|p1b: Whimsicott|Whimsicott, L50, M|50\/100\n|turn|5\n|\n|t:|1730917839\n|-terastallize|p1b: Whimsicott|Water\n|move|p1b: Whimsicott|Tailwind|p1b: Whimsicott\n|-sidestart|p1: datbishgames|move: Tailwind\n|move|p1a: Pawmot|Close Combat|p2b: Dondozo\n|-supereffective|p2b: Dondozo\n|-damage|p2b: Dondozo|23\/100\n|-unboost|p1a: Pawmot|def|1\n|-unboost|p1a: Pawmot|spd|1\n|move|p2b: Dondozo|Earthquake|p1a: Pawmot|[spread] p1a,p1b\n|-miss|p2b: Dondozo|p2a: Tatsugiri\n|-supereffective|p1a: Pawmot\n|-damage|p1a: Pawmot|0 fnt\n|-damage|p1b: Whimsicott|7\/100\n|faint|p1a: Pawmot\n|\n|-heal|p2b: Dondozo|29\/100|[from] item: Leftovers\n|-fieldend|move: Psychic Terrain\n|upkeep\n|turn|6\n|-message|datbishgames forfeited.\n|\n|win|Snorlax Double\n|raw|datbishgames's rating: 1728 &rarr; <strong>1703<\/strong><br \/>(-25 for losing)\n|raw|Snorlax Double's rating: 1645 &rarr; <strong>1670<\/strong><br \/>(+25 for winning)\n|l|\u2606datbishgames\n|player|p1|\n|l|\u2606Snorlax Double\n|player|p2|\n","uploadtime":1730918039,"views":20,"formatid":"gen9vgc2024regh","rating":1670,"private":0,"password":null}