{"id":"gen9vgc2024regh-2238682330","format":"[Gen 9] VGC 2024 Reg H","players":["Kodora","Brave12223"],"log":"|j|\u2606Kodora\n|j|\u2606Brave12223\n|t:|1730914354\n|gametype|doubles\n|player|p1|Kodora|170|1690\n|player|p2|Brave12223|ingo|1784\n|teamsize|p1|6\n|teamsize|p2|6\n|gen|9\n|tier|[Gen 9] VGC 2024 Reg H\n|rated|\n|rule|Species Clause: Limit one of each Pok\u00e9mon\n|rule|Item Clause: Limit 1 of each item\n|clearpoke\n|poke|p1|Maushold-Four, L50|\n|poke|p1|Annihilape, L50, M|\n|poke|p1|Archaludon, L50, F|\n|poke|p1|Murkrow, L50, M|\n|poke|p1|Weavile, L50, F|\n|poke|p1|Garchomp, L50, F|\n|poke|p2|Baxcalibur, L50, F|\n|poke|p2|Ninetales-Alola, L50, F|\n|poke|p2|Rillaboom, L50, F|\n|poke|p2|Incineroar, L50, M|\n|poke|p2|Basculegion, L50, M|\n|poke|p2|Kingambit, L50, F|\n|teampreview|4\n|inactive|Battle timer is ON: inactive players will automatically lose when time's up. (requested by Brave12223)\n|\n|t:|1730914375\n|start\n|switch|p1a: Maushold|Maushold-Four, L50, shiny|100\/100\n|switch|p1b: Annihilape|Annihilape, L50, M, shiny|100\/100\n|switch|p2a: Ninetales|Ninetales-Alola, L50, F|100\/100\n|switch|p2b: Basculegion|Basculegion, L50, M|100\/100\n|-weather|Snow|[from] ability: Snow Warning|[of] p2a: Ninetales\n|turn|1\n|\n|t:|1730914385\n|-terastallize|p1b: Annihilape|Water\n|move|p2b: Basculegion|Flip Turn|p1a: Maushold\n|-crit|p1a: Maushold\n|-damage|p1a: Maushold|21\/100\n|\n|t:|1730914391\n|switch|p2b: Baxcalibur|Baxcalibur, L50, F|100\/100|[from] Flip Turn\n|move|p1a: Maushold|Beat Up|p1b: Annihilape\n|-damage|p1b: Annihilape|99\/100\n|-damage|p1b: Annihilape|96\/100\n|-damage|p1b: Annihilape|94\/100\n|-damage|p1b: Annihilape|91\/100\n|-hitcount|p1b: Annihilape|4\n|move|p2a: Ninetales|Blizzard|p1a: Maushold|[spread] p1a,p1b\n|-resisted|p1b: Annihilape\n|-crit|p1b: Annihilape\n|-damage|p1a: Maushold|0 fnt\n|-damage|p1b: Annihilape|65\/100\n|faint|p1a: Maushold\n|move|p1b: Annihilape|Rage Fist|p2a: Ninetales\n|-crit|p2a: Ninetales\n|-damage|p2a: Ninetales|0 fnt\n|faint|p2a: Ninetales\n|\n|-weather|Snow|[upkeep]\n|upkeep\n|\n|t:|1730914407\n|switch|p1a: Weavile|Weavile, L50, F, shiny|100\/100\n|switch|p2a: Basculegion|Basculegion, L50, M|100\/100\n|-ability|p1a: Weavile|Pressure\n|turn|2\n|\n|t:|1730914420\n|move|p1b: Annihilape|Protect|p1b: Annihilape\n|-singleturn|p1b: Annihilape|Protect\n|move|p2a: Basculegion|Flip Turn|p1a: Weavile\n|-damage|p1a: Weavile|48\/100\n|\n|t:|1730914422\n|switch|p2a: Incineroar|Incineroar, L50, M|100\/100|[from] Flip Turn\n|-ability|p2a: Incineroar|Intimidate|boost\n|-unboost|p1a: Weavile|atk|1\n|-unboost|p1b: Annihilape|atk|1\n|-ability|p1b: Annihilape|Defiant|boost\n|-boost|p1b: Annihilape|atk|2\n|move|p1a: Weavile|Knock Off|p2a: Incineroar\n|-resisted|p2a: Incineroar\n|-damage|p2a: Incineroar|90\/100\n|-enditem|p2a: Incineroar|Safety Goggles|[from] move: Knock Off|[of] p1a: Weavile\n|move|p2b: Baxcalibur|Scale Shot|p1b: Annihilape\n|-activate|p1b: Annihilape|move: Protect\n|\n|-weather|Snow|[upkeep]\n|upkeep\n|turn|3\n|\n|t:|1730914432\n|switch|p1a: Archaludon|Archaludon, L50, F, shiny|100\/100\n|move|p2a: Incineroar|Fake Out|p1b: Annihilape\n|-damage|p1b: Annihilape|54\/100\n|cant|p1b: Annihilape|flinch\n|move|p2b: Baxcalibur|Scale Shot|p1b: Annihilape\n|-damage|p1b: Annihilape|37\/100\n|-crit|p1b: Annihilape\n|-damage|p1b: Annihilape|11\/100\n|-damage|p1b: Annihilape|0 fnt\n|faint|p1b: Annihilape\n|-hitcount|p1: Annihilape|3\n|-unboost|p2b: Baxcalibur|def|1\n|-boost|p2b: Baxcalibur|spe|1\n|\n|-weather|Snow|[upkeep]\n|upkeep\n|\n|t:|1730914434\n|switch|p1b: Weavile|Weavile, L50, F, shiny|48\/100\n|-ability|p1b: Weavile|Pressure\n|turn|4\n|\n|t:|1730914447\n|move|p2b: Baxcalibur|Protect|p2b: Baxcalibur\n|-singleturn|p2b: Baxcalibur|Protect\n|move|p1b: Weavile|Fake Out|p2b: Baxcalibur\n|-activate|p2b: Baxcalibur|move: Protect\n|move|p1a: Archaludon|Body Press|p2b: Baxcalibur\n|-activate|p2b: Baxcalibur|move: Protect\n|move|p2a: Incineroar|Parting Shot|p1a: Archaludon\n|-unboost|p1a: Archaludon|atk|1\n|-unboost|p1a: Archaludon|spa|1\n|\n|t:|1730914453\n|switch|p2a: Basculegion|Basculegion, L50, M|100\/100|[from] Parting Shot\n|\n|-weather|Snow|[upkeep]\n|upkeep\n|turn|5\n|\n|t:|1730914465\n|move|p2b: Baxcalibur|Icicle Spear|p1a: Archaludon\n|-damage|p1a: Archaludon|90\/100\n|-ability|p1a: Archaludon|Stamina|boost\n|-boost|p1a: Archaludon|def|1\n|-damage|p1a: Archaludon|82\/100\n|-ability|p1a: Archaludon|Stamina|boost\n|-boost|p1a: Archaludon|def|1\n|-damage|p1a: Archaludon|76\/100\n|-ability|p1a: Archaludon|Stamina|boost\n|-boost|p1a: Archaludon|def|1\n|-damage|p1a: Archaludon|71\/100\n|-ability|p1a: Archaludon|Stamina|boost\n|-boost|p1a: Archaludon|def|1\n|-hitcount|p1a: Archaludon|4\n|move|p2a: Basculegion|Flip Turn|p1b: Weavile\n|-damage|p1b: Weavile|0 fnt\n|faint|p1b: Weavile\n|\n|t:|1730914469\n|switch|p2a: Incineroar|Incineroar, L50, M|90\/100|[from] Flip Turn\n|-ability|p2a: Incineroar|Intimidate|boost\n|-unboost|p1a: Archaludon|atk|1\n|move|p1a: Archaludon|Electro Shot||[still]\n|-prepare|p1a: Archaludon|Electro Shot\n|-boost|p1a: Archaludon|spa|1\n|\n|-weather|none\n|upkeep\n|turn|6\n|\n|t:|1730914477\n|move|p2a: Incineroar|Fake Out|p1a: Archaludon\n|-resisted|p1a: Archaludon\n|-damage|p1a: Archaludon|69\/100\n|-ability|p1a: Archaludon|Stamina|boost\n|-boost|p1a: Archaludon|def|1\n|move|p2b: Baxcalibur|Icicle Spear|p1a: Archaludon\n|-damage|p1a: Archaludon|66\/100\n|-ability|p1a: Archaludon|Stamina|boost\n|-boost|p1a: Archaludon|def|1\n|-damage|p1a: Archaludon|63\/100\n|-damage|p1a: Archaludon|60\/100\n|-damage|p1a: Archaludon|57\/100\n|-hitcount|p1a: Archaludon|4\n|cant|p1a: Archaludon|flinch\n|\n|upkeep\n|turn|7\n|\n|t:|1730914486\n|move|p2b: Baxcalibur|Swords Dance|p2b: Baxcalibur\n|-boost|p2b: Baxcalibur|atk|2\n|move|p1a: Archaludon|Body Press|p2b: Baxcalibur\n|-supereffective|p2b: Baxcalibur\n|-damage|p2b: Baxcalibur|0 fnt\n|faint|p2b: Baxcalibur\n|move|p2a: Incineroar|Parting Shot|p1a: Archaludon\n|-unboost|p1a: Archaludon|atk|1\n|-unboost|p1a: Archaludon|spa|1\n|\n|t:|1730914488\n|switch|p2a: Basculegion|Basculegion, L50, M|100\/100|[from] Parting Shot\n|\n|upkeep\n|\n|t:|1730914489\n|switch|p2b: Incineroar|Incineroar, L50, M|90\/100\n|-ability|p2b: Incineroar|Intimidate|boost\n|-unboost|p1a: Archaludon|atk|1\n|turn|8\n|\n|t:|1730914495\n|move|p2b: Incineroar|Fake Out|p1a: Archaludon\n|-resisted|p1a: Archaludon\n|-damage|p1a: Archaludon|56\/100\n|move|p2a: Basculegion|Last Respects|p1a: Archaludon\n|-damage|p1a: Archaludon|37\/100\n|cant|p1a: Archaludon|flinch\n|\n|upkeep\n|turn|9\n|\n|t:|1730914501\n|-terastallize|p2b: Incineroar|Ghost\n|move|p2a: Basculegion|Last Respects|p1a: Archaludon\n|-damage|p1a: Archaludon|18\/100\n|move|p1a: Archaludon|Body Press|p2b: Incineroar\n|-immune|p2b: Incineroar\n|move|p2b: Incineroar|Knock Off|p1a: Archaludon\n|-damage|p1a: Archaludon|10\/100\n|-enditem|p1a: Archaludon|Assault Vest|[from] move: Knock Off|[of] p2b: Incineroar\n|\n|upkeep\n|turn|10\n|inactive|Kodora has 30 seconds left.\n|inactive|Kodora has 20 seconds left.\n|inactive|Kodora has 15 seconds left.\n|inactive|Kodora has 10 seconds left.\n|c|\u2606Kodora|Can you land me the set of this basculegion?\n|inactive|Kodora has 5 seconds left.\n|\n|t:|1730914553\n|move|p2a: Basculegion|Last Respects|p1a: Archaludon\n|-damage|p1a: Archaludon|0 fnt\n|faint|p1a: Archaludon\n|\n|win|Brave12223\n|raw|Kodora's rating: 1690 &rarr; <strong>1675<\/strong><br \/>(-15 for losing)\n|raw|Brave12223's rating: 1784 &rarr; <strong>1799<\/strong><br \/>(+15 for winning)\n|c|\u2606Brave12223|252 spees 252 attack adament\n|c|\u2606Kodora|Scarf?\n|c|\u2606Brave12223|Scarf last respects wave crash flip turn tera fire tera blast\n|c|\u2606Kodora|Why not tera grass?\n|c|\u2606Brave12223|Idk\n|c|\u2606Kodora|You might get in trouble with garchomp\n|c|\u2606Kodora|Or escadrille\n|c|\u2606Kodora|Anyway GG wp\n|l|\u2606Brave12223\n|player|p2|\n|c|\u2606Kodora|Tnx for the set\n|l|\u2606Kodora\n|player|p1|\n|j|\u2606Kodora\n|player|p1|Kodora|170|\n|l|\u2606Kodora\n|player|p1|\n","uploadtime":1730914807,"views":27,"formatid":"gen9vgc2024regh","rating":1675,"private":0,"password":null}