{"id":"gen9vgc2024regh-2238990509","format":"[Gen 9] VGC 2024 Reg H","players":["googer315","L234S"],"log":"|j|\u2606googer315\n|j|\u2606L234S\n|t:|1730948521\n|gametype|doubles\n|player|p1|googer315|169|1676\n|player|p2|L234S|266|1686\n|teamsize|p1|6\n|teamsize|p2|6\n|gen|9\n|tier|[Gen 9] VGC 2024 Reg H\n|rated|\n|rule|Species Clause: Limit one of each Pok\u00e9mon\n|rule|Item Clause: Limit 1 of each item\n|clearpoke\n|poke|p1|Dondozo, L50, F|\n|poke|p1|Tatsugiri, L50, F|\n|poke|p1|Glimmora, L50, F|\n|poke|p1|Maushold, L50|\n|poke|p1|Annihilape, L50, F|\n|poke|p1|Gholdengo, L50|\n|poke|p2|Amoonguss, L50, M|\n|poke|p2|Incineroar, L50, M|\n|poke|p2|Kingambit, L50, M|\n|poke|p2|Ninetales-Alola, L50, M|\n|poke|p2|Garchomp, L50, F|\n|poke|p2|Dragonite, L50, F|\n|teampreview|4\n|inactive|Battle timer is ON: inactive players will automatically lose when time's up. (requested by googer315)\n|\n|t:|1730948551\n|start\n|switch|p1a: Gholdengo|Gholdengo, L50|100\/100\n|switch|p1b: Glimmora|Glimmora, L50, F|100\/100\n|switch|p2a: Amoonguss|Amoonguss, L50, M, shiny|100\/100\n|switch|p2b: Garchomp|Garchomp, L50, F, shiny|100\/100\n|turn|1\n|\n|t:|1730948568\n|switch|p2a: Dragonite|Dragonite, L50, F|100\/100\n|-terastallize|p2b: Garchomp|Steel\n|move|p1a: Gholdengo|Make It Rain|p2a: Dragonite|[spread] p2a,p2b\n|-resisted|p2b: Garchomp\n|-damage|p2a: Dragonite|85\/100\n|-damage|p2b: Garchomp|73\/100\n|-unboost|p1a: Gholdengo|spa|1\n|move|p2b: Garchomp|Earthquake|p1a: Gholdengo|[spread] p1a,p1b\n|-immune|p2a: Dragonite\n|-supereffective|p1a: Gholdengo\n|-supereffective|p1b: Glimmora\n|-damage|p1a: Gholdengo|0 fnt\n|-enditem|p1b: Glimmora|Focus Sash\n|-damage|p1b: Glimmora|1\/100\n|-activate|p1b: Glimmora|ability: Toxic Debris\n|-sidestart|p2: L234S|move: Toxic Spikes\n|faint|p1a: Gholdengo\n|move|p1b: Glimmora|Sludge Bomb|p2a: Dragonite\n|-damage|p2a: Dragonite|50\/100\n|\n|upkeep\n|\n|t:|1730948588\n|switch|p1a: Annihilape|Annihilape, L50, F|100\/100\n|turn|2\n|inactive|L234S has 30 seconds left.\n|\n|t:|1730948617\n|switch|p2b: Amoonguss|Amoonguss, L50, M, shiny|100\/100\n|-sideend|p2: L234S|move: Toxic Spikes|[of] p2b: Amoonguss\n|switch|p1b: Maushold|Maushold, L50|100\/100\n|-terastallize|p1a: Annihilape|Water\n|move|p2a: Dragonite|Extreme Speed|p1b: Maushold\n|-damage|p1b: Maushold|68\/100\n|move|p1a: Annihilape|Drain Punch|p2b: Amoonguss\n|-resisted|p2b: Amoonguss\n|-damage|p2b: Amoonguss|85\/100\n|\n|upkeep\n|turn|3\n|\n|t:|1730948641\n|move|p2b: Amoonguss|Protect|p2b: Amoonguss\n|-singleturn|p2b: Amoonguss|Protect\n|move|p2a: Dragonite|Extreme Speed|p1b: Maushold\n|-damage|p1b: Maushold|39\/100\n|move|p1b: Maushold|Taunt|p2b: Amoonguss\n|-activate|p2b: Amoonguss|move: Protect\n|move|p1a: Annihilape|Bulk Up|p1a: Annihilape\n|-boost|p1a: Annihilape|atk|1\n|-boost|p1a: Annihilape|def|1\n|\n|upkeep\n|turn|4\n|inactive|L234S has 30 seconds left.\n|\n|t:|1730948676\n|move|p2a: Dragonite|Extreme Speed|p1b: Maushold\n|-damage|p1b: Maushold|7\/100\n|move|p1b: Maushold|Beat Up|p1a: Annihilape\n|-damage|p1a: Annihilape|99\/100\n|-damage|p1a: Annihilape|98\/100\n|-damage|p1a: Annihilape|97\/100\n|-hitcount|p1a: Annihilape|3\n|move|p1a: Annihilape|Rage Fist|p2b: Amoonguss\n|-damage|p2b: Amoonguss|0 fnt\n|faint|p2b: Amoonguss\n|\n|upkeep\n|\n|t:|1730948689\n|switch|p2b: Ninetales|Ninetales-Alola, L50, M, shiny|100\/100\n|-weather|Snow|[from] ability: Snow Warning|[of] p2b: Ninetales\n|turn|5\n|\n|t:|1730948699\n|move|p1b: Maushold|Protect|p1b: Maushold\n|-singleturn|p1b: Maushold|Protect\n|move|p2a: Dragonite|Extreme Speed|p1b: Maushold\n|-activate|p1b: Maushold|move: Protect\n|move|p2b: Ninetales|Freeze-Dry|p1a: Annihilape\n|-supereffective|p1a: Annihilape\n|-damage|p1a: Annihilape|54\/100\n|move|p1a: Annihilape|Rage Fist|p2b: Ninetales\n|-damage|p2b: Ninetales|0 fnt\n|faint|p2b: Ninetales\n|\n|-weather|Snow|[upkeep]\n|upkeep\n|\n|t:|1730948709\n|switch|p2b: Garchomp|Garchomp, L50, F, shiny, tera:Steel|73\/100\n|turn|6\n|inactive|googer315 has 30 seconds left.\n|\n|t:|1730948735\n|move|p2b: Garchomp|Earthquake|p1a: Annihilape|[spread] p1a,p1b\n|-immune|p2a: Dragonite\n|-damage|p1a: Annihilape|32\/100\n|-damage|p1b: Maushold|0 fnt\n|-enditem|p1a: Annihilape|Sitrus Berry|[eat]\n|-heal|p1a: Annihilape|57\/100|[from] item: Sitrus Berry\n|faint|p1b: Maushold\n|move|p1a: Annihilape|Drain Punch|p2b: Garchomp\n|-supereffective|p2b: Garchomp\n|-damage|p2b: Garchomp|0 fnt\n|-heal|p1a: Annihilape|91\/100|[from] drain|[of] p2b: Garchomp\n|-damage|p1a: Annihilape|79\/100|[from] ability: Rough Skin|[of] p2b: Garchomp\n|faint|p2b: Garchomp\n|move|p2a: Dragonite|Tera Blast|p1a: Annihilape\n|-damage|p1a: Annihilape|66\/100\n|\n|-weather|Snow|[upkeep]\n|upkeep\n|\n|t:|1730948750\n|switch|p1b: Glimmora|Glimmora, L50, F|1\/100\n|turn|7\n|\n|t:|1730948756\n|move|p1b: Glimmora|Power Gem|p2a: Dragonite\n|-supereffective|p2a: Dragonite\n|-damage|p2a: Dragonite|0 fnt\n|faint|p2a: Dragonite\n|\n|win|googer315\n|raw|googer315's rating: 1676 &rarr; <strong>1697<\/strong><br \/>(+21 for winning)\n|raw|L234S's rating: 1686 &rarr; <strong>1665<\/strong><br \/>(-21 for losing)\n|l|\u2606L234S\n|player|p2|\n","uploadtime":1730948935,"views":21,"formatid":"gen9vgc2024regh","rating":1665,"private":0,"password":null}