{"id":"gen9vgc2024regh-2238979920","format":"[Gen 9] VGC 2024 Reg H","players":["maodawang","Aki Hoshino"],"log":"|j|\u2606maodawang\n|j|\u2606Aki Hoshino\n|t:|1730947076\n|gametype|doubles\n|player|p1|maodawang|rosa|1678\n|player|p2|Aki Hoshino|aromalady|1844\n|teamsize|p1|6\n|teamsize|p2|6\n|gen|9\n|tier|[Gen 9] VGC 2024 Reg H\n|rated|\n|rule|Species Clause: Limit one of each Pok\u00e9mon\n|rule|Item Clause: Limit 1 of each item\n|clearpoke\n|poke|p1|Glimmora, L50, F|\n|poke|p1|Kleavor, L50, M|\n|poke|p1|Dragonite, L50, M|\n|poke|p1|Dondozo, L50, M|\n|poke|p1|Tatsugiri, L50, M|\n|poke|p1|Annihilape, L50, F|\n|poke|p2|Grimmsnarl, L50, M|\n|poke|p2|Volcarona, L50, M|\n|poke|p2|Kingambit, L50, F|\n|poke|p2|Rillaboom, L50, F|\n|poke|p2|Dragonite, L50, F|\n|poke|p2|Annihilape, L50, F|\n|teampreview|4\n|inactive|Battle timer is ON: inactive players will automatically lose when time's up. (requested by maodawang)\n|\n|t:|1730947182\n|start\n|switch|p1a: Glimmora|Glimmora, L50, F|100\/100\n|switch|p1b: Kleavor|Kleavor, L50, M|100\/100\n|switch|p2a: Grimmsnarl|Grimmsnarl, L50, M|100\/100\n|switch|p2b: Dragonite|Dragonite, L50, F|100\/100\n|turn|1\n|inactive|Aki Hoshino has 30 seconds left.\n|\n|t:|1730947207\n|-terastallize|p2b: Dragonite|Steel\n|move|p2a: Grimmsnarl|Light Screen|p2a: Grimmsnarl\n|-sidestart|p2: Aki Hoshino|move: Light Screen\n|move|p1b: Kleavor|Stone Axe|p2b: Dragonite\n|-resisted|p2b: Dragonite\n|-damage|p2b: Dragonite|86\/100\n|-sidestart|p2: Aki Hoshino|move: Stealth Rock\n|move|p1a: Glimmora|Sludge Bomb|p2a: Grimmsnarl\n|-supereffective|p2a: Grimmsnarl\n|-damage|p2a: Grimmsnarl|43\/100\n|move|p2b: Dragonite|Scale Shot|p1b: Kleavor\n|-damage|p1b: Kleavor|82\/100\n|-damage|p1b: Kleavor|65\/100\n|-damage|p1b: Kleavor|46\/100\n|-damage|p1b: Kleavor|27\/100\n|-hitcount|p1b: Kleavor|4\n|-unboost|p2b: Dragonite|def|1\n|-boost|p2b: Dragonite|spe|1\n|\n|upkeep\n|turn|2\n|inactive|Aki Hoshino has 30 seconds left.\n|inactive|Aki Hoshino has 20 seconds left.\n|\n|t:|1730947243\n|move|p2a: Grimmsnarl|Thunder Wave|p1a: Glimmora\n|-status|p1a: Glimmora|par\n|move|p1b: Kleavor|Stone Axe|p2a: Grimmsnarl\n|-damage|p2a: Grimmsnarl|0 fnt\n|faint|p2a: Grimmsnarl\n|move|p2b: Dragonite|Scale Shot|p1b: Kleavor\n|-crit|p1b: Kleavor\n|-damage|p1b: Kleavor|0 fnt\n|faint|p1b: Kleavor\n|-hitcount|p1: Kleavor|1\n|-unboost|p2b: Dragonite|def|1\n|-boost|p2b: Dragonite|spe|1\n|move|p1a: Glimmora|Earth Power|p2b: Dragonite\n|-supereffective|p2b: Dragonite\n|-damage|p2b: Dragonite|43\/100\n|\n|upkeep\n|\n|t:|1730947264\n|switch|p1b: Dondozo|Dondozo, L50, M|100\/100\n|switch|p2a: Rillaboom|Rillaboom, L50, F|100\/100\n|-damage|p2a: Rillaboom|88\/100|[from] Stealth Rock\n|-fieldstart|move: Grassy Terrain|[from] ability: Grassy Surge|[of] p2a: Rillaboom\n|turn|3\n|\n|t:|1730947285\n|move|p2b: Dragonite|Protect|p2b: Dragonite\n|-singleturn|p2b: Dragonite|Protect\n|move|p2a: Rillaboom|High Horsepower|p1a: Glimmora\n|-supereffective|p1a: Glimmora\n|-enditem|p1a: Glimmora|Focus Sash\n|-damage|p1a: Glimmora|1\/100 par\n|-activate|p1a: Glimmora|ability: Toxic Debris\n|-sidestart|p2: Aki Hoshino|move: Toxic Spikes\n|move|p1a: Glimmora|Sludge Bomb|p2a: Rillaboom\n|-supereffective|p2a: Rillaboom\n|-damage|p2a: Rillaboom|42\/100\n|move|p1b: Dondozo|Wave Crash|p2b: Dragonite\n|-activate|p2b: Dragonite|move: Protect\n|\n|-heal|p2b: Dragonite|49\/100|[from] Grassy Terrain\n|-heal|p2a: Rillaboom|48\/100|[from] Grassy Terrain\n|-heal|p1a: Glimmora|7\/100 par|[from] Grassy Terrain\n|upkeep\n|turn|4\n|inactive|Aki Hoshino has 30 seconds left.\n|inactive|Aki Hoshino has 20 seconds left.\n|inactive|Aki Hoshino has 15 seconds left.\n|inactive|Aki Hoshino has 10 seconds left.\n|\n|t:|1730947335\n|-terastallize|p1b: Dondozo|Grass\n|move|p2a: Rillaboom|Grassy Glide|p1a: Glimmora\n|-damage|p1a: Glimmora|0 fnt\n|-activate|p1a: Glimmora|ability: Toxic Debris\n|-sidestart|p2: Aki Hoshino|move: Toxic Spikes\n|faint|p1a: Glimmora\n|move|p2b: Dragonite|Haze|p2b: Dragonite\n|-clearallboost\n|move|p1b: Dondozo|Wave Crash|p2b: Dragonite\n|-damage|p2b: Dragonite|0 fnt\n|faint|p2b: Dragonite\n|-damage|p1b: Dondozo|90\/100|[from] Recoil\n|\n|-heal|p2a: Rillaboom|54\/100|[from] Grassy Terrain\n|-heal|p1b: Dondozo|96\/100|[from] Grassy Terrain\n|-heal|p1b: Dondozo|100\/100|[from] item: Leftovers\n|upkeep\n|\n|t:|1730947355\n|switch|p1a: Dragonite|Dragonite, L50, M|100\/100\n|switch|p2b: Annihilape|Annihilape, L50, F|100\/100\n|-damage|p2b: Annihilape|95\/100|[from] Stealth Rock\n|-status|p2b: Annihilape|tox\n|turn|5\n|\n|t:|1730947374\n|move|p1a: Dragonite|Scale Shot|p2a: Rillaboom\n|-damage|p2a: Rillaboom|40\/100\n|-damage|p2a: Rillaboom|24\/100\n|-damage|p2a: Rillaboom|9\/100\n|-damage|p2a: Rillaboom|0 fnt\n|faint|p2a: Rillaboom\n|-hitcount|p2: Rillaboom|4\n|-unboost|p1a: Dragonite|def|1\n|-boost|p1a: Dragonite|spe|1\n|move|p2b: Annihilape|Bulk Up|p2b: Annihilape\n|-boost|p2b: Annihilape|atk|1\n|-boost|p2b: Annihilape|def|1\n|move|p1b: Dondozo|Fissure|p2b: Annihilape\n|-damage|p2b: Annihilape|0 fnt\n|faint|p2b: Annihilape\n|-ohko\n|\n|win|maodawang\n|raw|maodawang's rating: 1678 &rarr; <strong>1707<\/strong><br \/>(+29 for winning)\n|raw|Aki Hoshino's rating: 1844 &rarr; <strong>1815<\/strong><br \/>(-29 for losing)\n|l|\u2606Aki Hoshino\n|player|p2|\n|l|\u2606maodawang\n|player|p1|\n","uploadtime":1730947533,"views":39,"formatid":"gen9vgc2024regh","rating":1707,"private":0,"password":null}