{"id":"gen9vgc2024regh-2238478635","format":"[Gen 9] VGC 2024 Reg H","players":["Snorlax Double","bbqislife"],"log":"|j|\u2606Snorlax Double\n|j|\u2606bbqislife\n|t:|1730891616\n|gametype|doubles\n|player|p1|Snorlax Double|li|1700\n|player|p2|bbqislife|artist-gen4|1670\n|teamsize|p1|6\n|teamsize|p2|6\n|gen|9\n|tier|[Gen 9] VGC 2024 Reg H\n|rated|\n|rule|Species Clause: Limit one of each Pok\u00e9mon\n|rule|Item Clause: Limit 1 of each item\n|clearpoke\n|poke|p1|Annihilape, L50, M|\n|poke|p1|Whimsicott, L50, M|\n|poke|p1|Dragonite, L50, F|\n|poke|p1|Delphox, L50, M|\n|poke|p1|Indeedee, L50, M|\n|poke|p1|Sneasler, L50, M|\n|poke|p2|Metagross, L50|\n|poke|p2|Ninetales-Alola, L50, M|\n|poke|p2|Dragonite, L50, F|\n|poke|p2|Dragapult, L50, M|\n|poke|p2|Magmar, L50, M|\n|poke|p2|Annihilape, L50, F|\n|teampreview|4\n|\n|t:|1730891684\n|start\n|switch|p1a: Whimsicott|Whimsicott, L50, M|100\/100\n|switch|p1b: Delphox|Delphox, L50, M|100\/100\n|switch|p2a: Annihilape|Annihilape, L50, F|100\/100\n|switch|p2b: Metagross|Metagross, L50|100\/100\n|turn|1\n|\n|t:|1730891741\n|move|p1b: Delphox|Protect|p1b: Delphox\n|-singleturn|p1b: Delphox|Protect\n|move|p1a: Whimsicott|Sunny Day|p1a: Whimsicott\n|-weather|SunnyDay\n|move|p2a: Annihilape|Final Gambit|p1b: Delphox\n|-activate|p1b: Delphox|move: Protect\n|move|p2b: Metagross|Heavy Slam|p1a: Whimsicott\n|-supereffective|p1a: Whimsicott\n|-damage|p1a: Whimsicott|0 fnt\n|faint|p1a: Whimsicott\n|\n|-weather|SunnyDay|[upkeep]\n|upkeep\n|\n|t:|1730891756\n|switch|p1a: Sneasler|Sneasler, L50, M|100\/100\n|turn|2\n|\n|t:|1730891774\n|switch|p1b: Indeedee|Indeedee, L50, M|100\/100\n|-fieldstart|move: Psychic Terrain|[from] ability: Psychic Surge|[of] p1b: Indeedee\n|-enditem|p1a: Sneasler|Psychic Seed\n|-boost|p1a: Sneasler|spd|1|[from] item: Psychic Seed\n|-terastallize|p1a: Sneasler|Dark\n|-terastallize|p2b: Metagross|Water\n|move|p1a: Sneasler|Throat Chop|p2b: Metagross\n|-damage|p2b: Metagross|68\/100\n|-start|p2b: Metagross|Throat Chop|[silent]\n|move|p2a: Annihilape|Final Gambit|p1b: Indeedee\n|-enditem|p1b: Indeedee|Focus Sash\n|-damage|p1b: Indeedee|1\/100\n|faint|p2a: Annihilape\n|move|p2b: Metagross|Psychic Fangs|p1a: Sneasler\n|-immune|p1a: Sneasler\n|\n|-weather|SunnyDay|[upkeep]\n|upkeep\n|\n|t:|1730891787\n|switch|p2a: Dragapult|Dragapult, L50, M|100\/100\n|turn|3\n|\n|t:|1730891798\n|move|p2a: Dragapult|Protect|p2a: Dragapult\n|-singleturn|p2a: Dragapult|Protect\n|move|p1a: Sneasler|Throat Chop|p2a: Dragapult\n|-activate|p2a: Dragapult|move: Protect\n|move|p1b: Indeedee|Expanding Force|p2b: Metagross|[spread] p2b\n|-activate|p2a: Dragapult|move: Protect\n|-damage|p2b: Metagross|30\/100\n|move|p2b: Metagross|Heavy Slam|p1a: Sneasler\n|-damage|p1a: Sneasler|0 fnt\n|faint|p1a: Sneasler\n|\n|-weather|SunnyDay|[upkeep]\n|-end|p2b: Metagross|Throat Chop|[silent]\n|upkeep\n|\n|t:|1730891809\n|switch|p1a: Delphox|Delphox, L50, M|100\/100\n|turn|4\n|\n|t:|1730891819\n|move|p2a: Dragapult|Dragon Darts|p1a: Delphox\n|-damage|p1a: Delphox|46\/100\n|-anim|p2a: Dragapult|Dragon Darts|p1b: Indeedee\n|-damage|p1b: Indeedee|0 fnt\n|faint|p1b: Indeedee\n|-damage|p2a: Dragapult|91\/100|[from] item: Life Orb\n|move|p1a: Delphox|Expanding Force|p2a: Dragapult|[spread] p2a,p2b\n|-damage|p2a: Dragapult|0 fnt\n|-damage|p2b: Metagross|0 fnt\n|faint|p2a: Dragapult\n|faint|p2b: Metagross\n|-damage|p1a: Delphox|36\/100|[from] item: Life Orb\n|\n|-weather|SunnyDay|[upkeep]\n|upkeep\n|\n|t:|1730891823\n|switch|p2b: Dragonite|Dragonite, L50, F|100\/100\n|turn|5\n|j| bluestraggler02\n|\n|t:|1730891839\n|move|p2b: Dragonite|Protect|p2b: Dragonite\n|-singleturn|p2b: Dragonite|Protect\n|move|p1a: Delphox|Expanding Force|p2b: Dragonite\n|-activate|p2b: Dragonite|move: Protect\n|\n|-weather|none\n|upkeep\n|turn|6\n|\n|t:|1730891844\n|move|p1a: Delphox|Expanding Force|p2b: Dragonite\n|-damage|p2b: Dragonite|51\/100\n|-damage|p1a: Delphox|26\/100|[from] item: Life Orb\n|move|p2b: Dragonite|Scale Shot|p1a: Delphox\n|-damage|p1a: Delphox|1\/100\n|-damage|p1a: Delphox|0 fnt\n|faint|p1a: Delphox\n|-hitcount|p1: Delphox|2\n|\n|win|bbqislife\n|raw|Snorlax Double's rating: 1700 &rarr; <strong>1678<\/strong><br \/>(-22 for losing)\n|raw|bbqislife's rating: 1670 &rarr; <strong>1692<\/strong><br \/>(+22 for winning)\n|l|\u2606Snorlax Double\n|player|p1|\n|l|\u2606bbqislife\n|player|p2|\n|l| bluestraggler02\n","uploadtime":1730892097,"views":18,"formatid":"gen9vgc2024regh","rating":1678,"private":0,"password":null}