{"id":"gen9vgc2024regh-2238897036","format":"[Gen 9] VGC 2024 Reg H","players":["roykeenkennedy","Iamsliverfish"],"log":"|j|\u2606roykeenkennedy\n|j|\u2606Iamsliverfish\n|t:|1730936607\n|gametype|doubles\n|player|p1|roykeenkennedy|alder|1705\n|player|p2|Iamsliverfish|hiker-gen4|1722\n|teamsize|p1|6\n|teamsize|p2|6\n|gen|9\n|tier|[Gen 9] VGC 2024 Reg H\n|rated|\n|rule|Species Clause: Limit one of each Pok\u00e9mon\n|rule|Item Clause: Limit 1 of each item\n|clearpoke\n|poke|p1|Salamence, L50, M|\n|poke|p1|Incineroar, L50, F|\n|poke|p1|Weezing, L50, F|\n|poke|p1|Dragapult, L50, F|\n|poke|p1|Ursaluna-Bloodmoon, L50, M|\n|poke|p1|Volcarona, L50, F|\n|poke|p2|Dragonite, L50, F|\n|poke|p2|Gholdengo, L50|\n|poke|p2|Ursaluna, L50, F|\n|poke|p2|Porygon2, L50|\n|poke|p2|Incineroar, L50, M|\n|poke|p2|Amoonguss, L50, F|\n|teampreview|4\n|j| fuerza33\n|\n|t:|1730936646\n|start\n|switch|p1a: Incineroar|Incineroar, L50, F|100\/100\n|switch|p1b: Volcarona|Volcarona, L50, F|100\/100\n|switch|p2a: Dragonite|Dragonite, L50, F|100\/100\n|switch|p2b: Gholdengo|Gholdengo, L50|100\/100\n|-ability|p1a: Incineroar|Intimidate|boost\n|-unboost|p2a: Dragonite|atk|1\n|-unboost|p2b: Gholdengo|atk|1\n|turn|1\n|\n|t:|1730936673\n|switch|p2b: Incineroar|Incineroar, L50, M|100\/100\n|-ability|p2b: Incineroar|Intimidate|boost\n|-unboost|p1a: Incineroar|atk|1\n|-unboost|p1b: Volcarona|atk|1\n|-terastallize|p1b: Volcarona|Grass\n|move|p2a: Dragonite|Protect|p2a: Dragonite\n|-singleturn|p2a: Dragonite|Protect\n|move|p1a: Incineroar|Fake Out|p2a: Dragonite\n|-activate|p2a: Dragonite|move: Protect\n|move|p1b: Volcarona|Quiver Dance|p1b: Volcarona\n|-boost|p1b: Volcarona|spa|1\n|-boost|p1b: Volcarona|spd|1\n|-boost|p1b: Volcarona|spe|1\n|\n|upkeep\n|turn|2\n|\n|t:|1730936699\n|move|p1b: Volcarona|Heat Wave|p2a: Dragonite|[spread] p2a,p2b\n|-resisted|p2a: Dragonite\n|-resisted|p2b: Incineroar\n|-damage|p2a: Dragonite|87\/100\n|-damage|p2b: Incineroar|87\/100\n|-status|p2a: Dragonite|brn\n|move|p2a: Dragonite|Scale Shot|p1a: Incineroar\n|-damage|p1a: Incineroar|96\/100\n|-damage|p1a: Incineroar|92\/100\n|-damage|p1a: Incineroar|88\/100\n|-damage|p1a: Incineroar|84\/100\n|-hitcount|p1a: Incineroar|4\n|-unboost|p2a: Dragonite|def|1\n|-boost|p2a: Dragonite|spe|1\n|move|p1a: Incineroar|Parting Shot|p2b: Incineroar\n|-unboost|p2b: Incineroar|atk|1\n|-unboost|p2b: Incineroar|spa|1\n|\n|t:|1730936717\n|switch|p1a: Weezing|Weezing, L50, F|100\/100|[from] Parting Shot\n|-ability|p1a: Weezing|Neutralizing Gas\n|move|p2b: Incineroar|U-turn|p1a: Weezing\n|-resisted|p1a: Weezing\n|-damage|p1a: Weezing|94\/100\n|\n|t:|1730936724\n|switch|p2b: Gholdengo|Gholdengo, L50|100\/100|[from] U-turn\n|\n|-heal|p1a: Weezing|100\/100|[from] item: Leftovers\n|-damage|p2a: Dragonite|81\/100 brn|[from] brn\n|upkeep\n|turn|3\n|\n|t:|1730936735\n|switch|p2b: Incineroar|Incineroar, L50, M|87\/100\n|move|p1b: Volcarona|Heat Wave|p2a: Dragonite|[spread] p2a,p2b\n|-resisted|p2a: Dragonite\n|-resisted|p2b: Incineroar\n|-damage|p2a: Dragonite|52\/100 brn\n|-damage|p2b: Incineroar|71\/100\n|move|p2a: Dragonite|Tailwind|p2a: Dragonite\n|-sidestart|p2: Iamsliverfish|move: Tailwind\n|move|p1a: Weezing|Sludge Bomb|p2b: Incineroar\n|-damage|p2b: Incineroar|55\/100\n|\n|-damage|p2a: Dragonite|46\/100 brn|[from] brn\n|upkeep\n|turn|4\n|\n|t:|1730936752\n|-end|p1a: Weezing|ability: Neutralizing Gas\n|-ability|p2b: Incineroar|Intimidate|boost\n|-unboost|p1a: Weezing|atk|1\n|-unboost|p1b: Volcarona|atk|1\n|switch|p1a: Incineroar|Incineroar, L50, F|84\/100\n|-ability|p1a: Incineroar|Intimidate|boost\n|-unboost|p2a: Dragonite|atk|1\n|-unboost|p2b: Incineroar|atk|1\n|move|p2a: Dragonite|Haze|p2a: Dragonite\n|-clearallboost\n|move|p2b: Incineroar|Flare Blitz|p1b: Volcarona\n|-supereffective|p1b: Volcarona\n|-damage|p1b: Volcarona|0 fnt\n|faint|p1b: Volcarona\n|-damage|p2b: Incineroar|25\/100|[from] Recoil\n|\n|-damage|p2a: Dragonite|40\/100 brn|[from] brn\n|upkeep\n|j| Therazer456\n|\n|t:|1730936770\n|switch|p1b: Ursaluna|Ursaluna-Bloodmoon, L50, M|100\/100\n|turn|5\n|inactive|Battle timer is ON: inactive players will automatically lose when time's up. (requested by Iamsliverfish)\n|\n|t:|1730936787\n|switch|p1b: Weezing|Weezing, L50, F|100\/100\n|-ability|p1b: Weezing|Neutralizing Gas\n|-block|p1a: Incineroar|item: Ability Shield\n|move|p2a: Dragonite|Protect|p2a: Dragonite\n|-singleturn|p2a: Dragonite|Protect\n|move|p2b: Incineroar|U-turn|p1a: Incineroar\n|-damage|p1a: Incineroar|66\/100\n|\n|t:|1730936794\n|switch|p2b: Ursaluna|Ursaluna, L50, F|100\/100|[from] U-turn\n|move|p1a: Incineroar|Parting Shot|p2a: Dragonite\n|-activate|p2a: Dragonite|move: Protect\n|\n|-damage|p2a: Dragonite|34\/100 brn|[from] brn\n|-status|p2b: Ursaluna|brn|[from] item: Flame Orb\n|upkeep\n|turn|6\n|l|\u2606roykeenkennedy\n|inactive|roykeenkennedy disconnected and has a minute to reconnect!\n|player|p1|\n|j|\u2606roykeenkennedy\n|inactive|roykeenkennedy reconnected and has 35 seconds left.\n|player|p1|roykeenkennedy|alder|\n|inactive|roykeenkennedy has 30 seconds left.\n|inactive|roykeenkennedy has 20 seconds left.\n|inactive|roykeenkennedy has 15 seconds left.\n|\n|t:|1730936836\n|move|p1b: Weezing|Protect|p1b: Weezing\n|-singleturn|p1b: Weezing|Protect\n|move|p2a: Dragonite|Scale Shot|p1a: Incineroar\n|-crit|p1a: Incineroar\n|-damage|p1a: Incineroar|55\/100\n|-damage|p1a: Incineroar|49\/100\n|-damage|p1a: Incineroar|43\/100\n|-damage|p1a: Incineroar|37\/100\n|-hitcount|p1a: Incineroar|4\n|-unboost|p2a: Dragonite|def|1\n|-boost|p2a: Dragonite|spe|1\n|move|p2b: Ursaluna|Facade|p1a: Incineroar\n|-damage|p1a: Incineroar|0 fnt\n|faint|p1a: Incineroar\n|\n|-damage|p2a: Dragonite|28\/100 brn|[from] brn\n|-damage|p2b: Ursaluna|95\/100 brn|[from] brn\n|-sideend|p2: Iamsliverfish|move: Tailwind\n|upkeep\n|\n|t:|1730936854\n|switch|p1a: Ursaluna|Ursaluna-Bloodmoon, L50, M|100\/100\n|turn|7\n|\n|t:|1730936865\n|move|p2b: Ursaluna|Protect|p2b: Ursaluna\n|-singleturn|p2b: Ursaluna|Protect\n|move|p2a: Dragonite|Tailwind|p2a: Dragonite\n|-sidestart|p2: Iamsliverfish|move: Tailwind\n|move|p1b: Weezing|Sludge Bomb|p2a: Dragonite\n|-damage|p2a: Dragonite|0 fnt\n|faint|p2a: Dragonite\n|move|p1a: Ursaluna|Blood Moon|p2b: Ursaluna\n|-activate|p2b: Ursaluna|move: Protect\n|\n|-damage|p2b: Ursaluna|89\/100 brn|[from] brn\n|upkeep\n|\n|t:|1730936872\n|switch|p2a: Gholdengo|Gholdengo, L50|100\/100\n|turn|8\n|-message|roykeenkennedy forfeited.\n|\n|win|Iamsliverfish\n|raw|roykeenkennedy's rating: 1705 &rarr; <strong>1686<\/strong><br \/>(-19 for losing)\n|raw|Iamsliverfish's rating: 1722 &rarr; <strong>1741<\/strong><br \/>(+19 for winning)\n|l|\u2606roykeenkennedy\n|player|p1|\n|l|\u2606Iamsliverfish\n|player|p2|\n|l| fuerza33\n","uploadtime":1730936877,"views":32,"formatid":"gen9vgc2024regh","rating":1686,"private":0,"password":null}