{"id":"gen9vgc2024regh-2238364473","format":"[Gen 9] VGC 2024 Reg H","players":["Geodude3138","Perjutsu24"],"log":"|j|\u2606Geodude3138\n|j|\u2606Perjutsu24\n|t:|1730870179\n|gametype|doubles\n|player|p1|Geodude3138|266|1706\n|player|p2|Perjutsu24|fisherman-gen4|1704\n|teamsize|p1|6\n|teamsize|p2|6\n|gen|9\n|tier|[Gen 9] VGC 2024 Reg H\n|rated|\n|rule|Species Clause: Limit one of each Pok\u00e9mon\n|rule|Item Clause: Limit 1 of each item\n|clearpoke\n|poke|p1|Politoed, L50, F|\n|poke|p1|Archaludon, L50, F|\n|poke|p1|Basculegion, L50, M|\n|poke|p1|Bronzong, L50|\n|poke|p1|Amoonguss, L50, F|\n|poke|p1|Incineroar, L50, F|\n|poke|p2|Pelipper, L50, M|\n|poke|p2|Rillaboom, L50, F|\n|poke|p2|Kingambit, L50, M|\n|poke|p2|Sneasler, L50, M|\n|poke|p2|Amoonguss, L50, F|\n|poke|p2|Spiritomb, L50, M|\n|teampreview|4\n|inactive|Battle timer is ON: inactive players will automatically lose when time's up. (requested by Perjutsu24)\n|\n|t:|1730870219\n|start\n|switch|p1a: Archaludon|Archaludon, L50, F|100\/100\n|switch|p1b: Bronzong|Bronzong, L50|100\/100\n|switch|p2a: Amoonguss|Amoonguss, L50, F|100\/100\n|switch|p2b: Spiritomb|Spiritomb, L50, M|100\/100\n|turn|1\n|j| kk061227\n|j| Danilow\n|inactive|Perjutsu24 has 30 seconds left.\n|\n|t:|1730870244\n|move|p1b: Bronzong|Protect|p1b: Bronzong\n|-singleturn|p1b: Bronzong|Protect\n|move|p1a: Archaludon|Electro Shot||[still]\n|-prepare|p1a: Archaludon|Electro Shot\n|-boost|p1a: Archaludon|spa|1\n|-enditem|p1a: Archaludon|Power Herb\n|-anim|p1a: Archaludon|Electro Shot|p2b: Spiritomb\n|-damage|p2b: Spiritomb|19\/100\n|-enditem|p2b: Spiritomb|Sitrus Berry|[eat]\n|-heal|p2b: Spiritomb|44\/100|[from] item: Sitrus Berry\n|move|p2a: Amoonguss|Spore|p1a: Archaludon\n|-status|p1a: Archaludon|slp|[from] move: Spore\n|move|p2b: Spiritomb|Trick Room|p2b: Spiritomb\n|-fieldstart|move: Trick Room|[of] p2b: Spiritomb\n|\n|upkeep\n|turn|2\n|\n|t:|1730870267\n|switch|p1b: Amoonguss|Amoonguss, L50, F|100\/100\n|move|p2a: Amoonguss|Spore|p1b: Amoonguss\n|-immune|p1b: Amoonguss\n|move|p2b: Spiritomb|Hex|p1a: Archaludon\n|-damage|p1a: Archaludon|21\/100 slp\n|cant|p1a: Archaludon|slp\n|\n|upkeep\n|turn|3\n|inactive|Geodude3138 has 30 seconds left.\n|inactive|Geodude3138 has 20 seconds left.\n|\n|t:|1730870304\n|-terastallize|p2b: Spiritomb|Grass\n|move|p1b: Amoonguss|Pollen Puff|p1a: Archaludon\n|-heal|p1a: Archaludon|71\/100 slp\n|move|p2a: Amoonguss|Pollen Puff|p2b: Spiritomb\n|-heal|p2b: Spiritomb|93\/100\n|move|p2b: Spiritomb|Hex|p1a: Archaludon\n|-damage|p1a: Archaludon|0 fnt\n|faint|p1a: Archaludon\n|\n|upkeep\n|\n|t:|1730870316\n|switch|p1a: Incineroar|Incineroar, L50, F|100\/100\n|-ability|p1a: Incineroar|Intimidate|boost\n|-unboost|p2a: Amoonguss|atk|1\n|-unboost|p2b: Spiritomb|atk|1\n|turn|4\n|\n|t:|1730870338\n|-terastallize|p1a: Incineroar|Grass\n|move|p1b: Amoonguss|Pollen Puff|p2b: Spiritomb\n|-supereffective|p2b: Spiritomb\n|-damage|p2b: Spiritomb|53\/100\n|move|p2a: Amoonguss|Spore|p1a: Incineroar\n|-immune|p1a: Incineroar\n|move|p2b: Spiritomb|Will-O-Wisp|p1b: Amoonguss|[miss]\n|-miss|p2b: Spiritomb|p1b: Amoonguss\n|move|p1a: Incineroar|Flare Blitz|p2a: Amoonguss\n|-supereffective|p2a: Amoonguss\n|-damage|p2a: Amoonguss|0 fnt\n|-damage|p1a: Incineroar|84\/100|[from] item: Rocky Helmet|[of] p2a: Amoonguss\n|faint|p2a: Amoonguss\n|-damage|p1a: Incineroar|48\/100|[from] Recoil\n|\n|upkeep\n|\n|t:|1730870356\n|switch|p2a: Rillaboom|Rillaboom, L50, F|100\/100\n|-fieldstart|move: Grassy Terrain|[from] ability: Grassy Surge|[of] p2a: Rillaboom\n|turn|5\n|\n|t:|1730870367\n|move|p2a: Rillaboom|Fake Out|p1a: Incineroar\n|-damage|p1a: Incineroar|33\/100\n|move|p1b: Amoonguss|Pollen Puff|p1a: Incineroar\n|-heal|p1a: Incineroar|83\/100\n|move|p2b: Spiritomb|Will-O-Wisp|p1a: Incineroar\n|-status|p1a: Incineroar|brn\n|move|p1a: Incineroar|Flare Blitz|p2b: Spiritomb\n|-supereffective|p2b: Spiritomb\n|-damage|p2b: Spiritomb|0 fnt\n|faint|p2b: Spiritomb\n|-damage|p1a: Incineroar|69\/100 brn|[from] Recoil\n|\n|-heal|p1a: Incineroar|75\/100 brn|[from] Grassy Terrain\n|-damage|p1a: Incineroar|69\/100 brn|[from] brn\n|-fieldend|move: Trick Room\n|upkeep\n|c|\u2606Perjutsu24|Covert cloak incin is wild\n|inactive|Perjutsu24 has 30 seconds left.\n|j| LevelFun=) 54456\n|\n|t:|1730870393\n|switch|p2b: Sneasler|Sneasler, L50, M|100\/100\n|-enditem|p2b: Sneasler|Grassy Seed\n|-boost|p2b: Sneasler|def|1|[from] item: Grassy Seed\n|turn|6\n|l| LevelFun=) 54456\n|\n|t:|1730870411\n|move|p2b: Sneasler|Dire Claw|p1b: Amoonguss\n|-damage|p1b: Amoonguss|57\/100\n|-status|p1b: Amoonguss|par\n|move|p2a: Rillaboom|High Horsepower|p1b: Amoonguss|[miss]\n|-miss|p2a: Rillaboom|p1b: Amoonguss\n|move|p1a: Incineroar|Parting Shot|p2b: Sneasler\n|-unboost|p2b: Sneasler|atk|1\n|-unboost|p2b: Sneasler|spa|1\n|\n|t:|1730870421\n|switch|p1a: Bronzong|Bronzong, L50|100\/100|[from] Parting Shot\n|move|p1b: Amoonguss|Spore|p2b: Sneasler\n|-status|p2b: Sneasler|slp|[from] move: Spore\n|\n|-heal|p1b: Amoonguss|63\/100 par|[from] Grassy Terrain\n|upkeep\n|turn|7\n|\n|t:|1730870431\n|switch|p1b: Incineroar|Incineroar, L50, F, tera:Grass|69\/100 brn\n|-ability|p1b: Incineroar|Intimidate|boost\n|-unboost|p2a: Rillaboom|atk|1\n|-unboost|p2b: Sneasler|atk|1\n|cant|p2b: Sneasler|slp\n|move|p2a: Rillaboom|High Horsepower|p1b: Incineroar|[miss]\n|-miss|p2a: Rillaboom|p1b: Incineroar\n|move|p1a: Bronzong|Trick Room|p1a: Bronzong\n|-fieldstart|move: Trick Room|[of] p1a: Bronzong\n|\n|-heal|p1b: Incineroar|75\/100 brn|[from] Grassy Terrain\n|-damage|p1b: Incineroar|69\/100 brn|[from] brn\n|upkeep\n|turn|8\n|-message|Perjutsu24 forfeited.\n|\n|win|Geodude3138\n|raw|Geodude3138's rating: 1706 &rarr; <strong>1726<\/strong><br \/>(+20 for winning)\n|raw|Perjutsu24's rating: 1704 &rarr; <strong>1684<\/strong><br \/>(-20 for losing)\n|l|\u2606Geodude3138\n|player|p1|\n|l| kk061227\n|l|\u2606Perjutsu24\n|player|p2|\n","uploadtime":1730870575,"views":30,"formatid":"gen9vgc2024regh","rating":1684,"private":0,"password":null}