{"id":"gen9vgc2024regh-2238059018","format":"[Gen 9] VGC 2024 Reg H","players":["647w","datbishgames"],"log":"|j|\u2606647w\n|j|\u2606datbishgames\n|t:|1730834543\n|gametype|doubles\n|player|p1|647w|lucas-gen4pt|1703\n|player|p2|datbishgames|mira|1707\n|teamsize|p1|6\n|teamsize|p2|6\n|gen|9\n|tier|[Gen 9] VGC 2024 Reg H\n|rated|\n|rule|Species Clause: Limit one of each Pok\u00e9mon\n|rule|Item Clause: Limit 1 of each item\n|clearpoke\n|poke|p1|Kilowattrel, L50, M|\n|poke|p1|Garchomp, L50, F|\n|poke|p1|Archaludon, L50, F|\n|poke|p1|Incineroar, L50, F|\n|poke|p1|Rillaboom, L50, F|\n|poke|p1|Dondozo, L50, M|\n|poke|p2|Whimsicott, L50, M|\n|poke|p2|Basculegion, L50, M|\n|poke|p2|Arcanine-Hisui, L50, F|\n|poke|p2|Hydreigon, L50, M|\n|poke|p2|Farigiraf, L50, F|\n|poke|p2|Pawmot, L50, M|\n|teampreview|4\n|inactive|Battle timer is ON: inactive players will automatically lose when time's up. (requested by datbishgames)\n|j| test palafin\n|inactive|647w has 60 seconds left.\n|\n|t:|1730834583\n|start\n|switch|p1a: Incineroar|Incineroar, L50, F|100\/100\n|switch|p1b: Rillaboom|Rillaboom, L50, F|100\/100\n|switch|p2a: Whimsicott|Whimsicott, L50, M|100\/100\n|switch|p2b: Pawmot|Pawmot, L50, M|100\/100\n|-fieldstart|move: Grassy Terrain|[from] ability: Grassy Surge|[of] p1b: Rillaboom\n|-ability|p1a: Incineroar|Intimidate|boost\n|-unboost|p2a: Whimsicott|atk|1\n|-unboost|p2b: Pawmot|atk|1\n|turn|1\n|\n|t:|1730834600\n|move|p2b: Pawmot|Fake Out|p1a: Incineroar\n|-damage|p1a: Incineroar|92\/100\n|move|p1b: Rillaboom|Fake Out|p2b: Pawmot\n|-damage|p2b: Pawmot|77\/100\n|move|p2a: Whimsicott|Tailwind|p2a: Whimsicott\n|-sidestart|p2: datbishgames|move: Tailwind\n|cant|p1a: Incineroar|flinch\n|\n|-heal|p2b: Pawmot|83\/100|[from] Grassy Terrain\n|-heal|p1a: Incineroar|98\/100|[from] Grassy Terrain\n|upkeep\n|turn|2\n|\n|t:|1730834609\n|switch|p1b: Dondozo|Dondozo, L50, M|100\/100\n|move|p2a: Whimsicott|Encore||[still]\n|-fail|p2a: Whimsicott\n|move|p2b: Pawmot|Close Combat|p1a: Incineroar\n|-supereffective|p1a: Incineroar\n|-damage|p1a: Incineroar|21\/100\n|-unboost|p2b: Pawmot|def|1\n|-unboost|p2b: Pawmot|spd|1\n|move|p1a: Incineroar|Flare Blitz|p2a: Whimsicott\n|-supereffective|p2a: Whimsicott\n|-damage|p2a: Whimsicott|0 fnt\n|faint|p2a: Whimsicott\n|-damage|p1a: Incineroar|0 fnt|[from] Recoil\n|faint|p1a: Incineroar\n|\n|-heal|p2b: Pawmot|89\/100|[from] Grassy Terrain\n|upkeep\n|\n|t:|1730834618\n|switch|p2a: Basculegion|Basculegion, L50, M|100\/100\n|switch|p1a: Rillaboom|Rillaboom, L50, F|100\/100\n|turn|3\n|\n|t:|1730834629\n|switch|p2b: Farigiraf|Farigiraf, L50, F|100\/100\n|move|p1a: Rillaboom|Fake Out||[still]\n|cant|p2b: Farigiraf|ability: Armor Tail|Fake Out|[of] p1a: Rillaboom\n|move|p2a: Basculegion|Last Respects|p1b: Dondozo\n|-damage|p1b: Dondozo|47\/100\n|move|p1b: Dondozo|Yawn|p2b: Farigiraf\n|-start|p2b: Farigiraf|move: Yawn|[of] p1b: Dondozo\n|\n|-heal|p1b: Dondozo|53\/100|[from] Grassy Terrain\n|-heal|p1b: Dondozo|59\/100|[from] item: Leftovers\n|upkeep\n|turn|4\n|\n|t:|1730834643\n|switch|p2b: Pawmot|Pawmot, L50, M|89\/100\n|move|p2a: Basculegion|Last Respects|p1b: Dondozo\n|-damage|p1b: Dondozo|3\/100\n|move|p1a: Rillaboom|Wood Hammer|p2a: Basculegion\n|-supereffective|p2a: Basculegion\n|-damage|p2a: Basculegion|0 fnt\n|faint|p2a: Basculegion\n|-damage|p1a: Rillaboom|68\/100|[from] Recoil\n|move|p1b: Dondozo|Yawn|p2b: Pawmot\n|-start|p2b: Pawmot|move: Yawn|[of] p1b: Dondozo\n|\n|-heal|p2b: Pawmot|95\/100|[from] Grassy Terrain\n|-heal|p1a: Rillaboom|73\/100|[from] Grassy Terrain\n|-heal|p1b: Dondozo|9\/100|[from] Grassy Terrain\n|-heal|p1b: Dondozo|16\/100|[from] item: Leftovers\n|-sideend|p2: datbishgames|move: Tailwind\n|upkeep\n|\n|t:|1730834650\n|switch|p2a: Farigiraf|Farigiraf, L50, F|100\/100\n|turn|5\n|\n|t:|1730834659\n|-terastallize|p2a: Farigiraf|Grass\n|move|p1b: Dondozo|Protect|p1b: Dondozo\n|-singleturn|p1b: Dondozo|Protect\n|move|p2b: Pawmot|Revival Blessing|p2b: Pawmot\n|j| thejruth3\n|\n|t:|1730834666\n|-heal|p2: Basculegion|50\/100|[from] move: Revival Blessing\n|move|p1a: Rillaboom|U-turn|p2a: Farigiraf\n|-supereffective|p2a: Farigiraf\n|-damage|p2a: Farigiraf|47\/100\n|\n|t:|1730834667\n|switch|p1a: Garchomp|Garchomp, L50, F|100\/100|[from] U-turn\n|move|p2a: Farigiraf|Hyper Voice|p1a: Garchomp|[spread] p1a\n|-activate|p1b: Dondozo|move: Protect\n|-crit|p1a: Garchomp\n|-damage|p1a: Garchomp|51\/100\n|-enditem|p2a: Farigiraf|Throat Spray\n|-boost|p2a: Farigiraf|spa|1|[from] item: Throat Spray\n|\n|-heal|p1a: Garchomp|57\/100|[from] Grassy Terrain\n|-heal|p2b: Pawmot|100\/100|[from] Grassy Terrain\n|-heal|p2a: Farigiraf|53\/100|[from] Grassy Terrain\n|-heal|p1b: Dondozo|22\/100|[from] Grassy Terrain\n|-heal|p1b: Dondozo|28\/100|[from] item: Leftovers\n|-end|p2b: Pawmot|move: Yawn|[silent]\n|-status|p2b: Pawmot|slp\n|-fieldend|move: Grassy Terrain\n|upkeep\n|turn|6\n|l| test palafin\n|\n|t:|1730834691\n|move|p1a: Garchomp|Protect|p1a: Garchomp\n|-singleturn|p1a: Garchomp|Protect\n|move|p2a: Farigiraf|Protect|p2a: Farigiraf\n|-singleturn|p2a: Farigiraf|Protect\n|cant|p2b: Pawmot|slp\n|move|p1b: Dondozo|Yawn||[still]\n|-fail|p1b: Dondozo\n|\n|-heal|p1b: Dondozo|34\/100|[from] item: Leftovers\n|upkeep\n|turn|7\n|\n|t:|1730834706\n|move|p1a: Garchomp|Dragon Claw|p2a: Farigiraf\n|-damage|p2a: Farigiraf|7\/100\n|cant|p2b: Pawmot|slp\n|move|p1b: Dondozo|Wave Crash|p2a: Farigiraf\n|-resisted|p2a: Farigiraf\n|-damage|p2a: Farigiraf|0 fnt\n|faint|p2a: Farigiraf\n|-damage|p1b: Dondozo|33\/100|[from] Recoil\n|\n|-heal|p1b: Dondozo|39\/100|[from] item: Leftovers\n|upkeep\n|\n|t:|1730834712\n|switch|p2a: Basculegion|Basculegion, L50, M|50\/100\n|turn|8\n|\n|t:|1730834724\n|move|p1b: Dondozo|Protect|p1b: Dondozo\n|-singleturn|p1b: Dondozo|Protect\n|move|p1a: Garchomp|Stomping Tantrum|p2b: Pawmot\n|-supereffective|p2b: Pawmot\n|-enditem|p2b: Pawmot|Focus Sash\n|-damage|p2b: Pawmot|1\/100 slp\n|-curestatus|p2b: Pawmot|slp|[msg]\n|move|p2b: Pawmot|Double Shock|p1b: Dondozo\n|-activate|p1b: Dondozo|move: Protect\n|move|p2a: Basculegion|Last Respects|p1a: Garchomp\n|-damage|p1a: Garchomp|0 fnt\n|faint|p1a: Garchomp\n|\n|-heal|p1b: Dondozo|45\/100|[from] item: Leftovers\n|upkeep\n|\n|t:|1730834725\n|switch|p1a: Rillaboom|Rillaboom, L50, F|73\/100\n|-fieldstart|move: Grassy Terrain|[from] ability: Grassy Surge|[of] p1a: Rillaboom\n|turn|9\n|\n|t:|1730834741\n|move|p1a: Rillaboom|Grassy Glide|p2a: Basculegion\n|-supereffective|p2a: Basculegion\n|-damage|p2a: Basculegion|0 fnt\n|faint|p2a: Basculegion\n|move|p2b: Pawmot|Close Combat|p1a: Rillaboom\n|-damage|p1a: Rillaboom|18\/100\n|-unboost|p2b: Pawmot|def|1\n|-unboost|p2b: Pawmot|spd|1\n|move|p1b: Dondozo|Wave Crash|p2b: Pawmot\n|-damage|p2b: Pawmot|0 fnt\n|faint|p2b: Pawmot\n|-damage|p1b: Dondozo|45\/100|[from] Recoil\n|\n|win|647w\n|raw|647w's rating: 1703 &rarr; <strong>1723<\/strong><br \/>(+20 for winning)\n|raw|datbishgames's rating: 1707 &rarr; <strong>1687<\/strong><br \/>(-20 for losing)\n|l|\u2606datbishgames\n|player|p2|\n|l|\u2606647w\n|player|p1|\n","uploadtime":1730834939,"views":20,"formatid":"gen9vgc2024regh","rating":1687,"private":0,"password":null}