{"id":"gen9vgc2024regh-2238734100","format":"[Gen 9] VGC 2024 Reg H","players":["jhyjhyt","chiitancrazymascot"],"log":"|j|\u2606jhyjhyt\n|j|\u2606chiitancrazymascot\n|t:|1730919275\n|gametype|doubles\n|player|p1|jhyjhyt|1|1671\n|player|p2|chiitancrazymascot|pokemaniac|1787\n|teamsize|p1|6\n|teamsize|p2|6\n|gen|9\n|tier|[Gen 9] VGC 2024 Reg H\n|rated|\n|rule|Species Clause: Limit one of each Pok\u00e9mon\n|rule|Item Clause: Limit 1 of each item\n|clearpoke\n|poke|p1|Dondozo, L50, F|\n|poke|p1|Tatsugiri, L50, F|\n|poke|p1|Pelipper, L50, F|\n|poke|p1|Archaludon, L50, F|\n|poke|p1|Amoonguss, L50, M|\n|poke|p1|Murkrow, L50, M|\n|poke|p2|Annihilape, L50, F|\n|poke|p2|Dondozo, L50, M|\n|poke|p2|Maushold-Four, L50|\n|poke|p2|Gholdengo, L50|\n|poke|p2|Whimsicott, L50, M|\n|poke|p2|Tatsugiri, L50, F|\n|teampreview|4\n|inactive|Battle timer is ON: inactive players will automatically lose when time's up. (requested by chiitancrazymascot)\n|inactive|chiitancrazymascot has 60 seconds left.\n|\n|t:|1730919314\n|start\n|switch|p1a: Dondozo|Dondozo, L50, F|100\/100\n|switch|p1b: Pelipper|Pelipper, L50, F|100\/100\n|switch|p2a: Maushold|Maushold-Four, L50|100\/100\n|switch|p2b: Annihilape|Annihilape, L50, F, shiny|100\/100\n|-weather|RainDance|[from] ability: Drizzle|[of] p1b: Pelipper\n|turn|1\n|\n|t:|1730919336\n|switch|p1b: Tatsugiri|Tatsugiri, L50, F|100\/100\n|-activate|p1b: Tatsugiri|ability: Commander|[of] p1a: Dondozo\n|-boost|p1a: Dondozo|atk|2\n|-boost|p1a: Dondozo|spa|2\n|-boost|p1a: Dondozo|spe|2\n|-boost|p1a: Dondozo|def|2\n|-boost|p1a: Dondozo|spd|2\n|-terastallize|p1a: Dondozo|Water\n|move|p2a: Maushold|Beat Up|p2b: Annihilape\n|-damage|p2b: Annihilape|99\/100\n|-damage|p2b: Annihilape|96\/100\n|-damage|p2b: Annihilape|94\/100\n|-damage|p2b: Annihilape|92\/100\n|-hitcount|p2b: Annihilape|4\n|move|p1a: Dondozo|Surf|p2b: Annihilape|[spread] p2a,p2b\n|-miss|p1a: Dondozo|p1b: Tatsugiri\n|-enditem|p2a: Maushold|Focus Sash\n|-damage|p2a: Maushold|1\/100\n|-damage|p2b: Annihilape|40\/100\n|-enditem|p2b: Annihilape|Sitrus Berry|[eat]\n|-heal|p2b: Annihilape|65\/100|[from] item: Sitrus Berry\n|move|p2b: Annihilape|Rage Fist|p1b: Tatsugiri|[miss]\n|-miss|p2b: Annihilape|p1b: Tatsugiri\n|\n|-weather|RainDance|[upkeep]\n|upkeep\n|turn|2\n|inactive|chiitancrazymascot has 30 seconds left.\n|\n|t:|1730919362\n|switch|p2a: Dondozo|Dondozo, L50, M, shiny|100\/100\n|switch|p2b: Tatsugiri|Tatsugiri, L50, F, shiny|100\/100\n|-activate|p2b: Tatsugiri|ability: Commander|[of] p2a: Dondozo\n|-boost|p2a: Dondozo|atk|2\n|-boost|p2a: Dondozo|spa|2\n|-boost|p2a: Dondozo|spe|2\n|-boost|p2a: Dondozo|def|2\n|-boost|p2a: Dondozo|spd|2\n|move|p1a: Dondozo|Surf|p2a: Dondozo|[spread] p2a\n|-miss|p1a: Dondozo|p1b: Tatsugiri\n|-miss|p1a: Dondozo|p2b: Tatsugiri\n|-resisted|p2a: Dondozo\n|-damage|p2a: Dondozo|72\/100\n|\n|-weather|RainDance|[upkeep]\n|-heal|p2a: Dondozo|79\/100|[from] item: Leftovers\n|upkeep\n|turn|3\n|\n|t:|1730919377\n|move|p2a: Dondozo|Protect|p2a: Dondozo\n|-singleturn|p2a: Dondozo|Protect\n|move|p1a: Dondozo|Surf|p2a: Dondozo|[spread] \n|-miss|p1a: Dondozo|p1b: Tatsugiri\n|-miss|p1a: Dondozo|p2b: Tatsugiri\n|-activate|p2a: Dondozo|move: Protect\n|\n|-weather|RainDance|[upkeep]\n|-heal|p2a: Dondozo|85\/100|[from] item: Leftovers\n|upkeep\n|turn|4\n|\n|t:|1730919386\n|-terastallize|p2a: Dondozo|Grass\n|move|p1a: Dondozo|Surf|p2b: Tatsugiri|[spread] p2a\n|-miss|p1a: Dondozo|p1b: Tatsugiri\n|-miss|p1a: Dondozo|p2b: Tatsugiri\n|-resisted|p2a: Dondozo\n|-damage|p2a: Dondozo|57\/100\n|move|p2a: Dondozo|Tera Blast|p1a: Dondozo|[anim] Tera Blast Grass\n|-supereffective|p1a: Dondozo\n|-damage|p1a: Dondozo|36\/100\n|\n|-weather|RainDance|[upkeep]\n|-heal|p2a: Dondozo|64\/100|[from] item: Leftovers\n|upkeep\n|turn|5\n|\n|t:|1730919397\n|move|p2a: Dondozo|Protect|p2a: Dondozo\n|-singleturn|p2a: Dondozo|Protect\n|move|p1a: Dondozo|Surf|p2b: Tatsugiri|[spread] \n|-miss|p1a: Dondozo|p1b: Tatsugiri\n|-miss|p1a: Dondozo|p2b: Tatsugiri\n|-activate|p2a: Dondozo|move: Protect\n|\n|-weather|none\n|-heal|p2a: Dondozo|70\/100|[from] item: Leftovers\n|upkeep\n|turn|6\n|\n|t:|1730919406\n|move|p1a: Dondozo|Surf|p2b: Tatsugiri|[spread] p2a\n|-miss|p1a: Dondozo|p1b: Tatsugiri\n|-miss|p1a: Dondozo|p2b: Tatsugiri\n|-resisted|p2a: Dondozo\n|-damage|p2a: Dondozo|52\/100\n|move|p2a: Dondozo|Order Up|p1a: Dondozo\n|-damage|p1a: Dondozo|14\/100\n|-boost|p2a: Dondozo|atk|1\n|\n|-heal|p2a: Dondozo|58\/100|[from] item: Leftovers\n|upkeep\n|turn|7\n|\n|t:|1730919416\n|move|p2a: Dondozo|Protect|p2a: Dondozo\n|-singleturn|p2a: Dondozo|Protect\n|move|p1a: Dondozo|Surf|p2a: Dondozo|[spread] \n|-miss|p1a: Dondozo|p1b: Tatsugiri\n|-miss|p1a: Dondozo|p2b: Tatsugiri\n|-activate|p2a: Dondozo|move: Protect\n|\n|-heal|p2a: Dondozo|64\/100|[from] item: Leftovers\n|upkeep\n|turn|8\n|\n|t:|1730919427\n|move|p1a: Dondozo|Wave Crash|p2a: Dondozo\n|-resisted|p2a: Dondozo\n|-crit|p2a: Dondozo\n|-damage|p2a: Dondozo|33\/100\n|-damage|p1a: Dondozo|4\/100|[from] Recoil\n|move|p2a: Dondozo|Order Up|p1a: Dondozo\n|-damage|p1a: Dondozo|0 fnt\n|faint|p1a: Dondozo\n|-boost|p2a: Dondozo|atk|1\n|\n|-heal|p2a: Dondozo|40\/100|[from] item: Leftovers\n|upkeep\n|\n|t:|1730919437\n|switch|p1a: Murkrow|Murkrow, L50, M|100\/100\n|turn|9\n|\n|t:|1730919443\n|switch|p1b: Pelipper|Pelipper, L50, F|100\/100\n|-weather|RainDance|[from] ability: Drizzle|[of] p1b: Pelipper\n|move|p1a: Murkrow|Haze|p1a: Murkrow\n|-clearallboost\n|move|p2a: Dondozo|Order Up|p1b: Pelipper\n|-damage|p1b: Pelipper|67\/100\n|-boost|p2a: Dondozo|atk|1\n|\n|-weather|RainDance|[upkeep]\n|-heal|p2a: Dondozo|46\/100|[from] item: Leftovers\n|upkeep\n|turn|10\n|\n|t:|1730919460\n|move|p1a: Murkrow|Tailwind|p1a: Murkrow\n|-sidestart|p1: jhyjhyt|move: Tailwind\n|move|p1b: Pelipper|Hurricane|p2a: Dondozo\n|-supereffective|p2a: Dondozo\n|-damage|p2a: Dondozo|0 fnt\n|faint|p2a: Dondozo\n|\n|-weather|RainDance|[upkeep]\n|upkeep\n|\n|t:|1730919463\n|switch|p2a: Maushold|Maushold-Four, L50|1\/100\n|turn|11\n|j| jheinzm\n|\n|t:|1730919473\n|move|p1b: Pelipper|Protect|p1b: Pelipper\n|-singleturn|p1b: Pelipper|Protect\n|move|p2a: Maushold|Protect|p2a: Maushold\n|-singleturn|p2a: Maushold|Protect\n|move|p1a: Murkrow|Foul Play|p2a: Maushold\n|-activate|p2a: Maushold|move: Protect\n|move|p2b: Tatsugiri|Icy Wind|p1a: Murkrow|[spread] p1a\n|-activate|p1b: Pelipper|move: Protect\n|-supereffective|p1a: Murkrow\n|-damage|p1a: Murkrow|72\/100\n|-unboost|p1a: Murkrow|spe|1\n|\n|-weather|RainDance|[upkeep]\n|upkeep\n|turn|12\n|inactive|jhyjhyt has 30 seconds left.\n|\n|t:|1730919505\n|move|p1b: Pelipper|Hurricane|p2b: Tatsugiri\n|-damage|p2b: Tatsugiri|54\/100\n|-start|p2b: Tatsugiri|confusion\n|-activate|p2b: Tatsugiri|confusion\n|move|p2b: Tatsugiri|Icy Wind|p1b: Pelipper|[spread] p1a,p1b\n|-supereffective|p1a: Murkrow\n|-damage|p1a: Murkrow|47\/100\n|-damage|p1b: Pelipper|45\/100\n|-unboost|p1a: Murkrow|spe|1\n|-unboost|p1b: Pelipper|spe|1\n|move|p2a: Maushold|Taunt|p1b: Pelipper\n|-start|p1b: Pelipper|move: Taunt\n|move|p1a: Murkrow|Foul Play|p2a: Maushold\n|-damage|p2a: Maushold|0 fnt\n|faint|p2a: Maushold\n|\n|-weather|RainDance|[upkeep]\n|upkeep\n|\n|t:|1730919511\n|switch|p2a: Annihilape|Annihilape, L50, F, shiny|65\/100\n|turn|13\n|\n|t:|1730919532\n|switch|p1a: Tatsugiri|Tatsugiri, L50, F|100\/100\n|move|p2a: Annihilape|Protect|p2a: Annihilape\n|-singleturn|p2a: Annihilape|Protect\n|-activate|p2b: Tatsugiri|confusion\n|move|p2b: Tatsugiri|Icy Wind|p1b: Pelipper|[spread] p1a,p1b\n|-damage|p1a: Tatsugiri|81\/100\n|-damage|p1b: Pelipper|20\/100\n|-unboost|p1a: Tatsugiri|spe|1\n|-unboost|p1b: Pelipper|spe|1\n|move|p1b: Pelipper|Hurricane|p2b: Tatsugiri\n|-damage|p2b: Tatsugiri|0 fnt\n|faint|p2b: Tatsugiri\n|\n|-weather|none\n|-sideend|p1: jhyjhyt|move: Tailwind\n|upkeep\n|turn|14\n|\n|t:|1730919553\n|switch|p1b: Murkrow|Murkrow, L50, M|47\/100\n|move|p1a: Tatsugiri|Draco Meteor|p2a: Annihilape\n|-damage|p2a: Annihilape|17\/100\n|-unboost|p1a: Tatsugiri|spa|2\n|move|p2a: Annihilape|Drain Punch|p1b: Murkrow\n|-damage|p1b: Murkrow|10\/100\n|-heal|p2a: Annihilape|30\/100|[from] drain|[of] p1b: Murkrow\n|\n|upkeep\n|turn|15\n|\n|t:|1730919567\n|move|p1b: Murkrow|Tailwind|p1b: Murkrow\n|-sidestart|p1: jhyjhyt|move: Tailwind\n|move|p1a: Tatsugiri|Draco Meteor|p2a: Annihilape\n|-damage|p2a: Annihilape|4\/100\n|-unboost|p1a: Tatsugiri|spa|2\n|move|p2a: Annihilape|Drain Punch|p1b: Murkrow\n|-damage|p1b: Murkrow|0 fnt\n|-heal|p2a: Annihilape|7\/100|[from] drain|[of] p1b: Murkrow\n|faint|p1b: Murkrow\n|\n|upkeep\n|\n|t:|1730919577\n|switch|p1b: Pelipper|Pelipper, L50, F|20\/100\n|-weather|RainDance|[from] ability: Drizzle|[of] p1b: Pelipper\n|turn|16\n|\n|t:|1730919582\n|move|p1a: Tatsugiri|Draco Meteor|p2a: Annihilape\n|-damage|p2a: Annihilape|0 fnt\n|-unboost|p1a: Tatsugiri|spa|2\n|faint|p2a: Annihilape\n|\n|win|jhyjhyt\n|raw|jhyjhyt's rating: 1671 &rarr; <strong>1697<\/strong><br \/>(+26 for winning)\n|raw|chiitancrazymascot's rating: 1787 &rarr; <strong>1761<\/strong><br \/>(-26 for losing)\n","uploadtime":1730919584,"views":30,"formatid":"gen9vgc2024regh","rating":1697,"private":0,"password":null}