{"id":"gen9vgc2024regh-2238982347","format":"[Gen 9] VGC 2024 Reg H","players":["maodawang","reallove85tw"],"log":"|j|\u2606maodawang\n|j|\u2606reallove85tw\n|t:|1730947402\n|gametype|doubles\n|player|p1|maodawang|rosa|1707\n|player|p2|reallove85tw|acerola|1645\n|teamsize|p1|6\n|teamsize|p2|6\n|gen|9\n|tier|[Gen 9] VGC 2024 Reg H\n|rated|\n|rule|Species Clause: Limit one of each Pok\u00e9mon\n|rule|Item Clause: Limit 1 of each item\n|clearpoke\n|poke|p1|Glimmora, L50, M|\n|poke|p1|Kleavor, L50, M|\n|poke|p1|Dragonite, L50, F|\n|poke|p1|Dondozo, L50, M|\n|poke|p1|Tatsugiri, L50, M|\n|poke|p1|Annihilape, L50, F|\n|poke|p2|Dondozo, L50, F|\n|poke|p2|Tatsugiri, L50, M|\n|poke|p2|Indeedee, L50, M|\n|poke|p2|Sneasler, L50, M|\n|poke|p2|Pelipper, L50, M|\n|poke|p2|Archaludon, L50, F|\n|teampreview|4\nreallove85tw has agreed to open team sheets.\n|\n|t:|1730947455\n|start\n|switch|p1a: Glimmora|Glimmora, L50, M|100\/100\n|switch|p1b: Kleavor|Kleavor, L50, M|100\/100\n|switch|p2a: Indeedee|Indeedee, L50, M|100\/100\n|switch|p2b: Sneasler|Sneasler, L50, M|100\/100\n|-fieldstart|move: Psychic Terrain|[from] ability: Psychic Surge|[of] p2a: Indeedee\n|-enditem|p2b: Sneasler|Psychic Seed\n|-boost|p2b: Sneasler|spd|1|[from] item: Psychic Seed\n|turn|1\n|\n|t:|1730947513\n|move|p2b: Sneasler|Close Combat|p1a: Glimmora\n|-damage|p1a: Glimmora|14\/100\n|-unboost|p2b: Sneasler|def|1\n|-unboost|p2b: Sneasler|spd|1\n|-activate|p1a: Glimmora|ability: Toxic Debris\n|-sidestart|p2: reallove85tw|move: Toxic Spikes\n|move|p2a: Indeedee|Expanding Force|p1a: Glimmora|[spread] p1a,p1b\n|-supereffective|p1a: Glimmora\n|-damage|p1a: Glimmora|0 fnt\n|-damage|p1b: Kleavor|9\/100\n|faint|p1a: Glimmora\n|move|p1b: Kleavor|Stone Axe|p2a: Indeedee\n|-damage|p2a: Indeedee|0 fnt\n|-sidestart|p2: reallove85tw|move: Stealth Rock\n|faint|p2a: Indeedee\n|\n|upkeep\n|\n|t:|1730947534\n|switch|p1a: Annihilape|Annihilape, L50, F|100\/100\n|switch|p2a: Archaludon|Archaludon, L50, F|100\/100\n|-damage|p2a: Archaludon|94\/100|[from] Stealth Rock\n|turn|2\n|\n|t:|1730947546\n|switch|p2b: Pelipper|Pelipper, L50, M|100\/100\n|-damage|p2b: Pelipper|76\/100|[from] Stealth Rock\n|-weather|RainDance|[from] ability: Drizzle|[of] p2b: Pelipper\n|-terastallize|p1a: Annihilape|Poison\n|move|p1b: Kleavor|Stone Axe|p2b: Pelipper\n|-supereffective|p2b: Pelipper\n|-damage|p2b: Pelipper|0 fnt\n|faint|p2b: Pelipper\n|move|p1a: Annihilape|Drain Punch|p2a: Archaludon\n|-supereffective|p2a: Archaludon\n|-damage|p2a: Archaludon|46\/100\n|-ability|p2a: Archaludon|Stamina|boost\n|-boost|p2a: Archaludon|def|1\n|move|p2a: Archaludon|Electro Shot||[still]\n|-prepare|p2a: Archaludon|Electro Shot\n|-boost|p2a: Archaludon|spa|1\n|-anim|p2a: Archaludon|Electro Shot|p1b: Kleavor\n|-damage|p1b: Kleavor|0 fnt\n|faint|p1b: Kleavor\n|\n|-weather|RainDance|[upkeep]\n|upkeep\n|j| Rabbithorn01\n|\n|t:|1730947569\n|switch|p1b: Dragonite|Dragonite, L50, F|100\/100\n|switch|p2b: Sneasler|Sneasler, L50, M|100\/100\n|-sideend|p2: reallove85tw|move: Toxic Spikes|[of] p2b: Sneasler\n|-damage|p2b: Sneasler|95\/100|[from] Stealth Rock\n|turn|3\n|\n|t:|1730947595\n|-terastallize|p2a: Archaludon|Grass\n|move|p2b: Sneasler|Dire Claw|p1b: Dragonite\n|-damage|p1b: Dragonite|74\/100\n|move|p1a: Annihilape|Drain Punch|p2a: Archaludon\n|-damage|p2a: Archaludon|27\/100\n|-ability|p2a: Archaludon|Stamina|boost\n|-boost|p2a: Archaludon|def|1\n|move|p1b: Dragonite|Haze|p1b: Dragonite\n|-clearallboost\n|move|p2a: Archaludon|Electro Shot||[still]\n|-prepare|p2a: Archaludon|Electro Shot\n|-boost|p2a: Archaludon|spa|1\n|-anim|p2a: Archaludon|Electro Shot|p1b: Dragonite\n|-damage|p1b: Dragonite|3\/100\n|\n|-weather|RainDance|[upkeep]\n|upkeep\n|turn|4\n|\n|t:|1730947620\n|move|p1b: Dragonite|Extreme Speed|p2b: Sneasler\n|-activate|p2b: Sneasler|move: Psychic Terrain\n|move|p2b: Sneasler|Dire Claw|p1b: Dragonite\n|-damage|p1b: Dragonite|0 fnt\n|faint|p1b: Dragonite\n|move|p1a: Annihilape|Close Combat|p2a: Archaludon\n|-damage|p2a: Archaludon|0 fnt\n|-unboost|p1a: Annihilape|def|1\n|-unboost|p1a: Annihilape|spd|1\n|faint|p2a: Archaludon\n|\n|-weather|RainDance|[upkeep]\n|upkeep\n|turn|5\n|\n|t:|1730947637\n|move|p2b: Sneasler|Dire Claw|p1a: Annihilape\n|-resisted|p1a: Annihilape\n|-damage|p1a: Annihilape|65\/100\n|-status|p1a: Annihilape|slp\n|cant|p1a: Annihilape|slp\n|\n|-weather|RainDance|[upkeep]\n|-fieldend|move: Psychic Terrain\n|upkeep\n|turn|6\n|\n|t:|1730947646\n|move|p2b: Sneasler|Close Combat|p1a: Annihilape\n|-resisted|p1a: Annihilape\n|-damage|p1a: Annihilape|2\/100 slp\n|-unboost|p2b: Sneasler|def|1\n|-unboost|p2b: Sneasler|spd|1\n|-curestatus|p1a: Annihilape|slp|[msg]\n|move|p1a: Annihilape|Drain Punch|p2b: Sneasler\n|-resisted|p2b: Sneasler\n|-damage|p2b: Sneasler|49\/100\n|-heal|p1a: Annihilape|20\/100|[from] drain|[of] p2b: Sneasler\n|\n|-weather|none\n|upkeep\n|turn|7\n|\n|t:|1730947660\n|move|p2b: Sneasler|Close Combat|p1a: Annihilape\n|-resisted|p1a: Annihilape\n|-damage|p1a: Annihilape|0 fnt\n|-unboost|p2b: Sneasler|def|1\n|-unboost|p2b: Sneasler|spd|1\n|faint|p1a: Annihilape\n|\n|win|reallove85tw\n|raw|maodawang's rating: 1707 &rarr; <strong>1683<\/strong><br \/>(-24 for losing)\n|raw|reallove85tw's rating: 1645 &rarr; <strong>1669<\/strong><br \/>(+24 for winning)\n|l|\u2606maodawang\n|player|p1|\n|l|\u2606reallove85tw\n|player|p2|\n","uploadtime":1730947813,"views":23,"formatid":"gen9vgc2024regh","rating":1669,"private":0,"password":null}