{"id":"gen9vgc2024regh-2238541740","format":"[Gen 9] VGC 2024 Reg H","players":["winterbreak","Cocobeloeil3"],"log":"|j|\u2606winterbreak\n|j|\u2606Cocobeloeil3\n|t:|1730900231\n|gametype|doubles\n|player|p1|winterbreak|lucas-gen4pt|1694\n|player|p2|Cocobeloeil3|102|1751\n|teamsize|p1|6\n|teamsize|p2|6\n|gen|9\n|tier|[Gen 9] VGC 2024 Reg H\n|rated|\n|rule|Species Clause: Limit one of each Pok\u00e9mon\n|rule|Item Clause: Limit 1 of each item\n|clearpoke\n|poke|p1|Flamigo, L50, F|\n|poke|p1|Incineroar, L50, M|\n|poke|p1|Gholdengo, L50|\n|poke|p1|Sinistcha, L50|\n|poke|p1|Ursaluna, L50, F|\n|poke|p1|Garganacl, L50, F|\n|poke|p2|Sneasler, L50, M|\n|poke|p2|Dragonite, L50, M|\n|poke|p2|Kingambit, L50, M|\n|poke|p2|Politoed, L50, M|\n|poke|p2|Murkrow, L50, M|\n|poke|p2|Mamoswine, L50, M|\n|teampreview|4\n|\n|t:|1730900265\n|start\n|switch|p1a: Flamigo|Flamigo, L50, F|100\/100\n|switch|p1b: Gholdengo|Gholdengo, L50|100\/100\n|switch|p2a: Dragonite|Dragonite, L50, M|100\/100\n|switch|p2b: Kingambit|Kingambit, L50, M|100\/100\n|turn|1\n|inactive|Battle timer is ON: inactive players will automatically lose when time's up. (requested by Cocobeloeil3)\n|\n|t:|1730900295\n|-terastallize|p2b: Kingambit|Water\n|move|p1a: Flamigo|Protect|p1a: Flamigo\n|-singleturn|p1a: Flamigo|Protect\n|move|p2a: Dragonite|Extreme Speed|p1a: Flamigo\n|-activate|p1a: Flamigo|move: Protect\n|move|p1b: Gholdengo|Trick|p2a: Dragonite\n|-activate|p1b: Gholdengo|move: Trick|[of] p2a: Dragonite\n|-item|p2a: Dragonite|Choice Scarf|[from] move: Trick\n|-item|p1b: Gholdengo|Lum Berry|[from] move: Trick\n|move|p2b: Kingambit|Iron Head|p1a: Flamigo\n|-activate|p1a: Flamigo|move: Protect\n|\n|upkeep\n|turn|2\n|inactive|Cocobeloeil3 has 30 seconds left.\n|inactive|winterbreak has 30 seconds left.\n|inactive|Cocobeloeil3 has 20 seconds left.\n|inactive|Cocobeloeil3 has 15 seconds left.\n|inactive|winterbreak has 20 seconds left.\n|inactive|winterbreak has 15 seconds left.\n|\n|t:|1730900347\n|move|p2a: Dragonite|Low Kick|p1b: Gholdengo\n|-immune|p1b: Gholdengo\n|move|p1a: Flamigo|Tailwind|p1a: Flamigo\n|-sidestart|p1: winterbreak|move: Tailwind\n|move|p1b: Gholdengo|Make It Rain|p2b: Kingambit|[spread] p2a,p2b\n|-resisted|p2b: Kingambit\n|-damage|p2a: Dragonite|58\/100\n|-damage|p2b: Kingambit|86\/100\n|-unboost|p1b: Gholdengo|spa|1\n|move|p2b: Kingambit|Assurance|p1b: Gholdengo\n|-supereffective|p1b: Gholdengo\n|-damage|p1b: Gholdengo|23\/100\n|\n|upkeep\n|turn|3\n|inactive|winterbreak has 30 seconds left.\n|\n|t:|1730900377\n|switch|p2a: Sneasler|Sneasler, L50, M|100\/100\n|move|p1a: Flamigo|Close Combat|p2b: Kingambit\n|-damage|p2b: Kingambit|47\/100\n|-unboost|p1a: Flamigo|def|1\n|-unboost|p1a: Flamigo|spd|1\n|move|p1b: Gholdengo|Make It Rain|p2b: Kingambit|[spread] p2a,p2b\n|-resisted|p2b: Kingambit\n|-damage|p2a: Sneasler|56\/100\n|-damage|p2b: Kingambit|36\/100\n|-unboost|p1b: Gholdengo|spa|1\n|move|p2b: Kingambit|Iron Head|p1a: Flamigo\n|-damage|p1a: Flamigo|3\/100\n|\n|upkeep\n|turn|4\n|inactive|winterbreak has 30 seconds left.\n|inactive|winterbreak has 20 seconds left.\n|inactive|winterbreak has 15 seconds left.\n|\n|t:|1730900418\n|switch|p1a: Ursaluna|Ursaluna, L50, F|100\/100\n|switch|p1b: Incineroar|Incineroar, L50, M|100\/100\n|-ability|p1b: Incineroar|Intimidate|boost\n|-unboost|p2a: Sneasler|atk|1\n|-unboost|p2b: Kingambit|atk|1\n|-ability|p2b: Kingambit|Defiant|boost\n|-boost|p2b: Kingambit|atk|2\n|move|p2b: Kingambit|Sucker Punch||[still]\n|-fail|p2b: Kingambit\n|move|p2a: Sneasler|Coaching|p2b: Kingambit\n|-boost|p2b: Kingambit|atk|1\n|-boost|p2b: Kingambit|def|1\n|\n|-status|p1a: Ursaluna|brn|[from] item: Flame Orb\n|upkeep\n|turn|5\n|inactive|winterbreak has 30 seconds left.\n|\n|t:|1730900450\n|switch|p1b: Flamigo|Flamigo, L50, F|3\/100\n|move|p2b: Kingambit|Sucker Punch|p1a: Ursaluna\n|-damage|p1a: Ursaluna|34\/100 brn\n|move|p1a: Ursaluna|Earthquake|p2a: Sneasler|[spread] p2a,p2b\n|-immune|p1b: Flamigo\n|-supereffective|p2a: Sneasler\n|-damage|p2a: Sneasler|0 fnt\n|-damage|p2b: Kingambit|4\/100\n|faint|p2a: Sneasler\n|\n|-damage|p1a: Ursaluna|28\/100 brn|[from] brn\n|-sideend|p1: winterbreak|move: Tailwind\n|upkeep\n|\n|t:|1730900470\n|switch|p2a: Dragonite|Dragonite, L50, M|58\/100\n|turn|6\n|\n|t:|1730900487\n|move|p1a: Ursaluna|Protect|p1a: Ursaluna\n|-singleturn|p1a: Ursaluna|Protect\n|move|p2a: Dragonite|Extreme Speed|p1b: Flamigo\n|-damage|p1b: Flamigo|0 fnt\n|faint|p1b: Flamigo\n|move|p2b: Kingambit|Sucker Punch||[still]\n|-fail|p2b: Kingambit\n|\n|-damage|p1a: Ursaluna|22\/100 brn|[from] brn\n|upkeep\n|\n|t:|1730900499\n|switch|p1b: Incineroar|Incineroar, L50, M|100\/100\n|-ability|p1b: Incineroar|Intimidate|boost\n|-fail|p2a: Dragonite|unboost|Attack|[from] ability: Inner Focus|[of] p2a: Dragonite\n|-unboost|p2b: Kingambit|atk|1\n|-ability|p2b: Kingambit|Defiant|boost\n|-boost|p2b: Kingambit|atk|2\n|turn|7\n|\n|t:|1730900510\n|switch|p1a: Gholdengo|Gholdengo, L50|23\/100\n|move|p1b: Incineroar|Fake Out|p2b: Kingambit\n|-damage|p2b: Kingambit|0 fnt\n|faint|p2b: Kingambit\n|move|p2a: Dragonite|Extreme Speed|p1a: Gholdengo\n|-immune|p1a: Gholdengo\n|\n|upkeep\n|\n|t:|1730900513\n|switch|p2b: Politoed|Politoed, L50, M|100\/100\n|-weather|RainDance|[from] ability: Drizzle|[of] p2b: Politoed\n|turn|8\n|inactive|winterbreak has 30 seconds left.\n|inactive|winterbreak has 20 seconds left.\n|inactive|winterbreak has 15 seconds left.\n|\n|t:|1730900556\n|-terastallize|p1b: Incineroar|Flying\n|move|p1a: Gholdengo|Protect|p1a: Gholdengo\n|-singleturn|p1a: Gholdengo|Protect\n|move|p2a: Dragonite|Extreme Speed|p1b: Incineroar\n|-damage|p1b: Incineroar|73\/100\n|move|p2b: Politoed|Weather Ball|p1a: Gholdengo\n|-activate|p1a: Gholdengo|move: Protect\n|move|p1b: Incineroar|Knock Off|p2a: Dragonite\n|-damage|p2a: Dragonite|20\/100\n|-enditem|p2a: Dragonite|Choice Scarf|[from] move: Knock Off|[of] p1b: Incineroar\n|\n|-weather|RainDance|[upkeep]\n|upkeep\n|turn|9\n|\n|t:|1730900578\n|move|p2a: Dragonite|Protect|p2a: Dragonite\n|-singleturn|p2a: Dragonite|Protect\n|move|p1a: Gholdengo|Shadow Ball|p2a: Dragonite\n|-activate|p2a: Dragonite|move: Protect\n|move|p2b: Politoed|Weather Ball|p1a: Gholdengo\n|-crit|p1a: Gholdengo\n|-damage|p1a: Gholdengo|0 fnt\n|faint|p1a: Gholdengo\n|move|p1b: Incineroar|Parting Shot|p2b: Politoed\n|-unboost|p2b: Politoed|atk|1\n|-unboost|p2b: Politoed|spa|1\n|\n|t:|1730900590\n|switch|p1b: Ursaluna|Ursaluna, L50, F|22\/100 brn|[from] Parting Shot\n|\n|-weather|RainDance|[upkeep]\n|-damage|p1b: Ursaluna|16\/100 brn|[from] brn\n|upkeep\n|\n|t:|1730900595\n|switch|p1a: Incineroar|Incineroar, L50, M, tera:Flying|73\/100\n|-ability|p1a: Incineroar|Intimidate|boost\n|-fail|p2a: Dragonite|unboost|Attack|[from] ability: Inner Focus|[of] p2a: Dragonite\n|-unboost|p2b: Politoed|atk|1\n|turn|10\n|\n|t:|1730900613\n|move|p1b: Ursaluna|Protect|p1b: Ursaluna\n|-singleturn|p1b: Ursaluna|Protect\n|move|p2a: Dragonite|Extreme Speed|p1b: Ursaluna\n|-activate|p1b: Ursaluna|move: Protect\n|move|p2b: Politoed|Weather Ball|p1a: Incineroar\n|-crit|p1a: Incineroar\n|-damage|p1a: Incineroar|0 fnt\n|faint|p1a: Incineroar\n|\n|-weather|RainDance|[upkeep]\n|-damage|p1b: Ursaluna|11\/100 brn|[from] brn\n|upkeep\n|turn|11\n|c|\u2606Cocobeloeil3|Gg\n|c|\u2606winterbreak|gg\n|-message|winterbreak forfeited.\n|\n|win|Cocobeloeil3\n|raw|winterbreak's rating: 1694 &rarr; <strong>1677<\/strong><br \/>(-17 for losing)\n|raw|Cocobeloeil3's rating: 1751 &rarr; <strong>1768<\/strong><br \/>(+17 for winning)\n|j| Tutullo\n|l|\u2606winterbreak\n|player|p1|\n|l|\u2606Cocobeloeil3\n|player|p2|\n|l| Tutullo\n","uploadtime":1730900789,"views":24,"formatid":"gen9vgc2024regh","rating":1677,"private":0,"password":null}