{"id":"gen9vgc2024regh-2238336804","format":"[Gen 9] VGC 2024 Reg H","players":["bigplan47","L234S"],"log":"|j|\u2606bigplan47\n|j|\u2606L234S\n|t:|1730865821\n|gametype|doubles\n|player|p1|bigplan47|leon|1742\n|player|p2|L234S|169|1661\n|teamsize|p1|6\n|teamsize|p2|6\n|gen|9\n|tier|[Gen 9] VGC 2024 Reg H\n|rated|\n|rule|Species Clause: Limit one of each Pok\u00e9mon\n|rule|Item Clause: Limit 1 of each item\n|clearpoke\n|poke|p1|Kilowattrel, L50, F|\n|poke|p1|Armarouge, L50, F|\n|poke|p1|Torkoal, L50, M|\n|poke|p1|Flamigo, L50, F|\n|poke|p1|Indeedee-F, L50, F|\n|poke|p1|Gallade, L50, M|\n|poke|p2|Amoonguss, L50, M|\n|poke|p2|Incineroar, L50, M|\n|poke|p2|Kingambit, L50, M|\n|poke|p2|Ninetales-Alola, L50, M|\n|poke|p2|Garchomp, L50, M|\n|poke|p2|Dragonite, L50, M|\n|teampreview|4\n|\n|t:|1730865856\n|start\n|switch|p1a: Kilowattrel|Kilowattrel, L50, F, shiny|100\/100\n|switch|p1b: Armarouge|Armarouge, L50, F|100\/100\n|switch|p2a: Dragonite|Dragonite, L50, M|100\/100\n|switch|p2b: Garchomp|Garchomp, L50, M, shiny|100\/100\n|turn|1\n|\n|t:|1730865869\n|-terastallize|p1b: Armarouge|Psychic\n|move|p1a: Kilowattrel|U-turn|p1b: Armarouge\n|-supereffective|p1b: Armarouge\n|-damage|p1b: Armarouge|77\/100\n|-ability|p1b: Armarouge|Weak Armor|boost\n|-unboost|p1b: Armarouge|def|1\n|-boost|p1b: Armarouge|spe|2\n|-enditem|p1b: Armarouge|Weakness Policy\n|-boost|p1b: Armarouge|atk|2|[from] item: Weakness Policy\n|-boost|p1b: Armarouge|spa|2|[from] item: Weakness Policy\n|\n|t:|1730865877\n|switch|p1a: Indeedee|Indeedee-F, L50, F|100\/100|[from] U-turn\n|-fieldstart|move: Psychic Terrain|[from] ability: Psychic Surge|[of] p1a: Indeedee\n|-enditem|p1a: Indeedee|Psychic Seed\n|-boost|p1a: Indeedee|spd|1|[from] item: Psychic Seed\n|move|p1b: Armarouge|Expanding Force|p2b: Garchomp|[spread] p2a,p2b\n|-damage|p2a: Dragonite|47\/100\n|-damage|p2b: Garchomp|0 fnt\n|faint|p2b: Garchomp\n|move|p2a: Dragonite|Ice Spinner|p1a: Indeedee\n|-damage|p1a: Indeedee|72\/100\n|-fieldend|move: Psychic Terrain\n|\n|upkeep\n|j| Jamtaviousiv\n|j| Vishantan\n|\n|t:|1730865898\n|switch|p2b: Incineroar|Incineroar, L50, M|100\/100\n|-ability|p2b: Incineroar|Intimidate|boost\n|-unboost|p1a: Indeedee|atk|1\n|-unboost|p1b: Armarouge|atk|1\n|turn|2\n|\n|t:|1730865911\n|switch|p2a: Kingambit|Kingambit, L50, M, shiny|100\/100\n|switch|p1a: Flamigo|Flamigo, L50, F|100\/100\n|-copyboost|p1a: Flamigo|p1b: Armarouge|[from] ability: Costar\n|move|p1b: Armarouge|Expanding Force|p2a: Kingambit\n|-immune|p2a: Kingambit\n|move|p2b: Incineroar|Knock Off|p1a: Flamigo\n|-resisted|p1a: Flamigo\n|-damage|p1a: Flamigo|57\/100\n|-enditem|p1a: Flamigo|Life Orb|[from] move: Knock Off|[of] p2b: Incineroar\n|\n|upkeep\n|turn|3\n|\n|t:|1730865931\n|-terastallize|p2a: Kingambit|Dark\n|move|p2a: Kingambit|Sucker Punch|p1a: Flamigo\n|-resisted|p1a: Flamigo\n|-damage|p1a: Flamigo|0 fnt\n|faint|p1a: Flamigo\n|move|p1b: Armarouge|Aura Sphere|p2a: Kingambit\n|-supereffective|p2a: Kingambit\n|-damage|p2a: Kingambit|0 fnt\n|faint|p2a: Kingambit\n|move|p2b: Incineroar|Knock Off|p1b: Armarouge\n|-supereffective|p1b: Armarouge\n|-damage|p1b: Armarouge|0 fnt\n|faint|p1b: Armarouge\n|\n|upkeep\n|\n|t:|1730865939\n|switch|p1a: Kilowattrel|Kilowattrel, L50, F, shiny|100\/100\n|switch|p1b: Indeedee|Indeedee-F, L50, F|72\/100\n|switch|p2a: Dragonite|Dragonite, L50, M|47\/100\n|-fieldstart|move: Psychic Terrain|[from] ability: Psychic Surge|[of] p1b: Indeedee\n|turn|4\n|\n|t:|1730865954\n|move|p1b: Indeedee|Helping Hand|p1a: Kilowattrel\n|-singleturn|p1a: Kilowattrel|Helping Hand|[of] p1b: Indeedee\n|move|p1a: Kilowattrel|Thunderbolt|p2a: Dragonite\n|-damage|p2a: Dragonite|13\/100\n|move|p2a: Dragonite|Ice Spinner|p1a: Kilowattrel\n|-supereffective|p1a: Kilowattrel\n|-damage|p1a: Kilowattrel|1\/100\n|-fieldend|move: Psychic Terrain\n|move|p2b: Incineroar|Knock Off|p1b: Indeedee\n|-supereffective|p1b: Indeedee\n|-damage|p1b: Indeedee|15\/100\n|\n|upkeep\n|turn|5\n|j| maya hoppins\n|-message|bigplan47 forfeited.\n|\n|win|L234S\n|raw|bigplan47's rating: 1742 &rarr; <strong>1717<\/strong><br \/>(-25 for losing)\n|raw|L234S's rating: 1661 &rarr; <strong>1686<\/strong><br \/>(+25 for winning)\n|l|\u2606bigplan47\n|player|p1|\n|l| Vishantan\n","uploadtime":1730866030,"views":19,"formatid":"gen9vgc2024regh","rating":1686,"private":0,"password":null}