{"id":"gen9vgc2024regh-2238070072","format":"[Gen 9] VGC 2024 Reg H","players":["roykeenkennedy","647w"],"log":"|j|\u2606roykeenkennedy\n|j|\u2606647w\n|t:|1730835581\n|gametype|doubles\n|player|p1|roykeenkennedy|alder|1649\n|player|p2|647w|lucas-gen4pt|1723\n|teamsize|p1|6\n|teamsize|p2|6\n|gen|9\n|tier|[Gen 9] VGC 2024 Reg H\n|rated|\n|rule|Species Clause: Limit one of each Pok\u00e9mon\n|rule|Item Clause: Limit 1 of each item\n|clearpoke\n|poke|p1|Salamence, L50, M|\n|poke|p1|Incineroar, L50, F|\n|poke|p1|Weezing, L50, M|\n|poke|p1|Dragapult, L50, F|\n|poke|p1|Ursaluna-Bloodmoon, L50, M|\n|poke|p1|Volcarona, L50, M|\n|poke|p2|Kilowattrel, L50, F|\n|poke|p2|Garchomp, L50, F|\n|poke|p2|Archaludon, L50, F|\n|poke|p2|Incineroar, L50, M|\n|poke|p2|Rillaboom, L50, M|\n|poke|p2|Dondozo, L50, M|\n|teampreview|4\n|\n|t:|1730835649\n|start\n|switch|p1a: Weezing|Weezing, L50, M|100\/100\n|switch|p1b: Dragapult|Dragapult, L50, F|100\/100\n|switch|p2a: Dondozo|Dondozo, L50, M|100\/100\n|switch|p2b: Garchomp|Garchomp, L50, F|100\/100\n|-ability|p1a: Weezing|Neutralizing Gas\n|turn|1\n|\n|t:|1730835667\n|-terastallize|p1a: Weezing|Ghost\n|move|p2b: Garchomp|Protect|p2b: Garchomp\n|-singleturn|p2b: Garchomp|Protect\n|move|p2a: Dondozo|Protect|p2a: Dondozo\n|-singleturn|p2a: Dondozo|Protect\n|move|p1b: Dragapult|Dragon Darts|p2b: Garchomp\n|-activate|p2a: Dondozo|move: Protect\n|move|p1a: Weezing|Taunt|p2a: Dondozo\n|-activate|p2a: Dondozo|move: Protect\n|\n|upkeep\n|turn|2\n|j| i'm lyr1cal\n|\n|t:|1730835686\n|switch|p2a: Incineroar|Incineroar, L50, M|100\/100\n|-terastallize|p2b: Garchomp|Fairy\n|move|p1b: Dragapult|Dragon Darts|p2a: Incineroar\n|-damage|p2a: Incineroar|64\/100\n|-anim|p1b: Dragapult|Dragon Darts|p2a: Incineroar\n|-damage|p2a: Incineroar|30\/100\n|move|p2b: Garchomp|Dragon Claw|p1b: Dragapult\n|-supereffective|p1b: Dragapult\n|-damage|p1b: Dragapult|0 fnt\n|faint|p1b: Dragapult\n|move|p1a: Weezing|Will-O-Wisp|p2b: Garchomp\n|-status|p2b: Garchomp|brn\n|\n|-damage|p2b: Garchomp|95\/100 brn|[from] brn\n|upkeep\n|\n|t:|1730835706\n|switch|p1b: Ursaluna|Ursaluna-Bloodmoon, L50, M|100\/100\n|turn|3\n|\n|t:|1730835714\n|move|p2b: Garchomp|Protect|p2b: Garchomp\n|-singleturn|p2b: Garchomp|Protect\n|move|p1a: Weezing|Sludge Bomb|p2b: Garchomp\n|-activate|p2b: Garchomp|move: Protect\n|move|p1b: Ursaluna|Earth Power|p2a: Incineroar\n|-supereffective|p2a: Incineroar\n|-damage|p2a: Incineroar|0 fnt\n|faint|p2a: Incineroar\n|\n|-damage|p2b: Garchomp|89\/100 brn|[from] brn\n|upkeep\n|\n|t:|1730835717\n|switch|p2a: Dondozo|Dondozo, L50, M|100\/100\n|turn|4\n|\n|t:|1730835736\n|move|p2b: Garchomp|Dragon Claw|p1b: Ursaluna\n|-crit|p1b: Ursaluna\n|-damage|p1b: Ursaluna|75\/100\n|move|p1a: Weezing|Sludge Bomb|p2a: Dondozo\n|-damage|p2a: Dondozo|80\/100\n|-status|p2a: Dondozo|psn\n|move|p1b: Ursaluna|Blood Moon|p2a: Dondozo\n|-damage|p2a: Dondozo|23\/100 psn\n|move|p2a: Dondozo|Wave Crash|p1b: Ursaluna\n|-supereffective|p1b: Ursaluna\n|-damage|p1b: Ursaluna|15\/100\n|-damage|p2a: Dondozo|8\/100 psn|[from] Recoil\n|\n|-heal|p2a: Dondozo|14\/100 psn|[from] item: Leftovers\n|-damage|p2a: Dondozo|1\/100 psn|[from] psn\n|-damage|p2b: Garchomp|83\/100 brn|[from] brn\n|upkeep\n|turn|5\n|\n|t:|1730835759\n|move|p1b: Ursaluna|Vacuum Wave|p2a: Dondozo\n|-damage|p2a: Dondozo|0 fnt\n|faint|p2a: Dondozo\n|move|p2b: Garchomp|Dragon Claw|p1b: Ursaluna\n|-damage|p1b: Ursaluna|0 fnt\n|faint|p1b: Ursaluna\n|move|p1a: Weezing|Sludge Bomb|p2b: Garchomp\n|-supereffective|p2b: Garchomp\n|-crit|p2b: Garchomp\n|-damage|p2b: Garchomp|0 fnt\n|faint|p2b: Garchomp\n|\n|upkeep\n|\n|t:|1730835772\n|switch|p2b: Archaludon|Archaludon, L50, F|100\/100\n|switch|p1b: Salamence|Salamence, L50, M|100\/100\n|turn|6\n|\n|t:|1730835782\n|move|p1b: Salamence|Breaking Swipe|p2b: Archaludon\n|-damage|p2b: Archaludon|69\/100\n|-unboost|p2b: Archaludon|atk|1\n|move|p2b: Archaludon|Electro Shot||[still]\n|-prepare|p2b: Archaludon|Electro Shot\n|-boost|p2b: Archaludon|spa|1\n|-enditem|p2b: Archaludon|Power Herb\n|-anim|p2b: Archaludon|Electro Shot|p1b: Salamence\n|-damage|p1b: Salamence|22\/100\n|move|p1a: Weezing|Will-O-Wisp|p2b: Archaludon\n|-status|p2b: Archaludon|brn\n|\n|-damage|p2b: Archaludon|63\/100 brn|[from] brn\n|upkeep\n|turn|7\n|\n|t:|1730835800\n|move|p1b: Salamence|Breaking Swipe|p2b: Archaludon\n|-damage|p2b: Archaludon|35\/100 brn\n|-unboost|p2b: Archaludon|atk|1\n|move|p2b: Archaludon|Flash Cannon|p1b: Salamence\n|-damage|p1b: Salamence|0 fnt\n|faint|p1b: Salamence\n|move|p1a: Weezing|Taunt|p2b: Archaludon\n|-start|p2b: Archaludon|move: Taunt\n|\n|-damage|p2b: Archaludon|29\/100 brn|[from] brn\n|upkeep\n|turn|8\n|\n|t:|1730835816\n|move|p2b: Archaludon|Electro Shot||[still]\n|-prepare|p2b: Archaludon|Electro Shot\n|-boost|p2b: Archaludon|spa|1\n|move|p1a: Weezing|Sludge Bomb|p2b: Archaludon\n|-immune|p2b: Archaludon\n|\n|-damage|p2b: Archaludon|23\/100 brn|[from] brn\n|upkeep\n|turn|9\n|\n|t:|1730835825\n|move|p1a: Weezing|Protect|p1a: Weezing\n|-singleturn|p1a: Weezing|Protect\n|move|p2b: Archaludon|Electro Shot|p1a: Weezing|[from]lockedmove\n|-activate|p1a: Weezing|move: Protect\n|\n|-damage|p2b: Archaludon|17\/100 brn|[from] brn\n|upkeep\n|turn|10\n|\n|t:|1730835834\n|move|p1a: Weezing|Protect||[still]\n|-fail|p1a: Weezing\n|move|p2b: Archaludon|Flash Cannon|p1a: Weezing\n|-damage|p1a: Weezing|14\/100\n|\n|-heal|p1a: Weezing|20\/100|[from] item: Leftovers\n|-damage|p2b: Archaludon|11\/100 brn|[from] brn\n|-end|p2b: Archaludon|move: Taunt\n|upkeep\n|turn|11\n|\n|t:|1730835844\n|move|p1a: Weezing|Protect|p1a: Weezing\n|-singleturn|p1a: Weezing|Protect\n|move|p2b: Archaludon|Flash Cannon|p1a: Weezing\n|-activate|p1a: Weezing|move: Protect\n|\n|-heal|p1a: Weezing|27\/100|[from] item: Leftovers\n|-damage|p2b: Archaludon|5\/100 brn|[from] brn\n|upkeep\n|turn|12\n|\n|t:|1730835853\n|move|p1a: Weezing|Protect|p1a: Weezing\n|-singleturn|p1a: Weezing|Protect\n|move|p2b: Archaludon|Flash Cannon|p1a: Weezing\n|-activate|p1a: Weezing|move: Protect\n|\n|-heal|p1a: Weezing|33\/100|[from] item: Leftovers\n|-damage|p2b: Archaludon|0 fnt|[from] brn\n|faint|p2b: Archaludon\n|\n|win|roykeenkennedy\n|upkeep\n|raw|roykeenkennedy's rating: 1649 &rarr; <strong>1673<\/strong><br \/>(+24 for winning)\n|raw|647w's rating: 1723 &rarr; <strong>1699<\/strong><br \/>(-24 for losing)\n|c| i'm lyr1cal|Gg\n|l|\u2606647w\n|player|p2|\n|c| i'm lyr1cal|double for the dub\n|c|\u2606roykeenkennedy|Gg\n|c|\u2606roykeenkennedy|Didn't get the first\n|c|\u2606roykeenkennedy|Second was more likely\n|c| i'm lyr1cal|yurp\n|l|\u2606roykeenkennedy\n|player|p1|\n|l| i'm lyr1cal\n","uploadtime":1730836040,"views":19,"formatid":"gen9vgc2024regh","rating":1673,"private":0,"password":null}