{"id":"gen9vgc2024regh-2238155512","format":"[Gen 9] VGC 2024 Reg H","players":["Waffles4breakfast","Fiji663"],"log":"|j|\u2606Waffles4breakfast\n|j|\u2606Fiji663\n|t:|1730844121\n|gametype|doubles\n|player|p1|Waffles4breakfast|juggler|1704\n|player|p2|Fiji663|1|1706\n|teamsize|p1|6\n|teamsize|p2|6\n|gen|9\n|tier|[Gen 9] VGC 2024 Reg H\n|rated|\n|rule|Species Clause: Limit one of each Pok\u00e9mon\n|rule|Item Clause: Limit 1 of each item\n|clearpoke\n|poke|p1|Archaludon, L50, F|\n|poke|p1|Pelipper, L50, F|\n|poke|p1|Basculegion, L50, M|\n|poke|p1|Amoonguss, L50, M|\n|poke|p1|Gholdengo, L50|\n|poke|p1|Murkrow, L50, M|\n|poke|p2|Dragonite, L50, M|\n|poke|p2|Kingambit, L50, M|\n|poke|p2|Tauros-Paldea-Aqua, L50, M|\n|poke|p2|Archaludon, L50, F|\n|poke|p2|Pelipper, L50, F|\n|poke|p2|Rillaboom, L50, F|\n|teampreview|4\n|\n|t:|1730844139\n|start\n|switch|p1a: Archaludon|Archaludon, L50, F|100\/100\n|switch|p1b: Pelipper|Pelipper, L50, F|100\/100\n|switch|p2a: Pelipper|Pelipper, L50, F|100\/100\n|switch|p2b: Archaludon|Archaludon, L50, F|100\/100\n|-weather|RainDance|[from] ability: Drizzle|[of] p1b: Pelipper\n|turn|1\n|\n|t:|1730844154\n|move|p1b: Pelipper|Protect|p1b: Pelipper\n|-singleturn|p1b: Pelipper|Protect\n|move|p2b: Archaludon|Electro Shot||[still]\n|-prepare|p2b: Archaludon|Electro Shot\n|-boost|p2b: Archaludon|spa|1\n|-anim|p2b: Archaludon|Electro Shot|p1b: Pelipper\n|-activate|p1b: Pelipper|move: Protect\n|move|p2a: Pelipper|Tailwind|p2a: Pelipper\n|-sidestart|p2: Fiji663|move: Tailwind\n|move|p1a: Archaludon|Body Press|p2b: Archaludon\n|-supereffective|p2b: Archaludon\n|-damage|p2b: Archaludon|58\/100\n|\n|-weather|RainDance|[upkeep]\n|upkeep\n|turn|2\n|\n|t:|1730844173\n|switch|p1b: Amoonguss|Amoonguss, L50, M|100\/100\n|-terastallize|p1a: Archaludon|Fairy\n|move|p2b: Archaludon|Dragon Pulse|p1a: Archaludon\n|-immune|p1a: Archaludon\n|move|p2a: Pelipper|Hurricane|p1b: Amoonguss\n|-supereffective|p1b: Amoonguss\n|-damage|p1b: Amoonguss|20\/100\n|move|p1a: Archaludon|Draco Meteor|p2b: Archaludon\n|-damage|p2b: Archaludon|0 fnt\n|-unboost|p1a: Archaludon|spa|2\n|faint|p2b: Archaludon\n|\n|-weather|RainDance|[upkeep]\n|upkeep\n|\n|t:|1730844187\n|switch|p2b: Rillaboom|Rillaboom, L50, F|100\/100\n|-fieldstart|move: Grassy Terrain|[from] ability: Grassy Surge|[of] p2b: Rillaboom\n|turn|3\n|\n|t:|1730844195\n|move|p1b: Amoonguss|Protect|p1b: Amoonguss\n|-singleturn|p1b: Amoonguss|Protect\n|move|p2b: Rillaboom|Wood Hammer|p1a: Archaludon\n|-damage|p1a: Archaludon|50\/100\n|-ability|p1a: Archaludon|Stamina|boost\n|-boost|p1a: Archaludon|def|1\n|-damage|p2b: Rillaboom|85\/100|[from] Recoil\n|move|p2a: Pelipper|Hurricane|p1b: Amoonguss\n|-activate|p1b: Amoonguss|move: Protect\n|move|p1a: Archaludon|Electro Shot||[still]\n|-prepare|p1a: Archaludon|Electro Shot\n|-boost|p1a: Archaludon|spa|1\n|-anim|p1a: Archaludon|Electro Shot|p2a: Pelipper\n|-supereffective|p2a: Pelipper\n|-damage|p2a: Pelipper|0 fnt\n|faint|p2a: Pelipper\n|\n|-weather|RainDance|[upkeep]\n|-heal|p2b: Rillaboom|90\/100|[from] Grassy Terrain\n|-heal|p1a: Archaludon|56\/100|[from] Grassy Terrain\n|-heal|p1b: Amoonguss|26\/100|[from] Grassy Terrain\n|upkeep\n|\n|t:|1730844200\n|switch|p2a: Dragonite|Dragonite, L50, M|100\/100\n|turn|4\n|\n|t:|1730844220\n|move|p1b: Amoonguss|Rage Powder|p1b: Amoonguss\n|-singleturn|p1b: Amoonguss|move: Rage Powder\n|move|p2a: Dragonite|Scale Shot|p1b: Amoonguss\n|-damage|p1b: Amoonguss|12\/100\n|-damage|p1b: Amoonguss|0 fnt\n|faint|p1b: Amoonguss\n|-hitcount|p1: Amoonguss|2\n|-unboost|p2a: Dragonite|def|1\n|-boost|p2a: Dragonite|spe|1\n|move|p2b: Rillaboom|Wood Hammer|p1a: Archaludon\n|-damage|p1a: Archaludon|23\/100\n|-ability|p1a: Archaludon|Stamina|boost\n|-boost|p1a: Archaludon|def|1\n|-damage|p2b: Rillaboom|80\/100|[from] Recoil\n|move|p1a: Archaludon|Draco Meteor|p2a: Dragonite\n|-supereffective|p2a: Dragonite\n|-damage|p2a: Dragonite|52\/100\n|-unboost|p1a: Archaludon|spa|2\n|\n|-weather|RainDance|[upkeep]\n|-heal|p2b: Rillaboom|86\/100|[from] Grassy Terrain\n|-heal|p1a: Archaludon|29\/100|[from] Grassy Terrain\n|-sideend|p2: Fiji663|move: Tailwind\n|upkeep\n|\n|t:|1730844242\n|switch|p1b: Pelipper|Pelipper, L50, F|100\/100\n|turn|5\n|\n|t:|1730844257\n|-terastallize|p2a: Dragonite|Fairy\n|move|p2a: Dragonite|Scale Shot|p1b: Pelipper\n|-damage|p1b: Pelipper|82\/100\n|-damage|p1b: Pelipper|62\/100\n|-damage|p1b: Pelipper|42\/100\n|-damage|p1b: Pelipper|21\/100\n|-damage|p1b: Pelipper|3\/100\n|-hitcount|p1b: Pelipper|5\n|-unboost|p2a: Dragonite|def|1\n|-boost|p2a: Dragonite|spe|1\n|move|p1b: Pelipper|Hurricane|p2b: Rillaboom\n|-supereffective|p2b: Rillaboom\n|-damage|p2b: Rillaboom|27\/100\n|move|p2b: Rillaboom|Wood Hammer|p1a: Archaludon\n|-damage|p1a: Archaludon|2\/100\n|-ability|p1a: Archaludon|Stamina|boost\n|-boost|p1a: Archaludon|def|1\n|-damage|p2b: Rillaboom|18\/100|[from] Recoil\n|move|p1a: Archaludon|Body Press|p2b: Rillaboom\n|-damage|p2b: Rillaboom|0 fnt\n|faint|p2b: Rillaboom\n|\n|-weather|none\n|-heal|p2a: Dragonite|58\/100|[from] Grassy Terrain\n|-heal|p1a: Archaludon|8\/100|[from] Grassy Terrain\n|upkeep\n|turn|6\n|\n|t:|1730844287\n|switch|p1b: Basculegion|Basculegion, L50, M|100\/100\n|move|p2a: Dragonite|Extreme Speed|p1a: Archaludon\n|-damage|p1a: Archaludon|0 fnt\n|faint|p1a: Archaludon\n|\n|-heal|p2a: Dragonite|64\/100|[from] Grassy Terrain\n|upkeep\n|\n|t:|1730844292\n|switch|p1a: Pelipper|Pelipper, L50, F|3\/100\n|-weather|RainDance|[from] ability: Drizzle|[of] p1a: Pelipper\n|turn|7\n|\n|t:|1730844304\n|move|p1b: Basculegion|Aqua Jet|p2a: Dragonite\n|-damage|p2a: Dragonite|0 fnt\n|faint|p2a: Dragonite\n|\n|win|Waffles4breakfast\n|raw|Waffles4breakfast's rating: 1704 &rarr; <strong>1724<\/strong><br \/>(+20 for winning)\n|raw|Fiji663's rating: 1706 &rarr; <strong>1686<\/strong><br \/>(-20 for losing)\n|l|\u2606Fiji663\n|player|p2|\n|l|\u2606Waffles4breakfast\n|player|p1|\n","uploadtime":1730844542,"views":21,"formatid":"gen9vgc2024regh","rating":1686,"private":0,"password":null}