{"id":"gen9vgc2024regh-2238998677","format":"[Gen 9] VGC 2024 Reg H","players":["lkwa1994","HoshimiHoshina"],"log":"|j|\u2606lkwa1994\n|j|\u2606HoshimiHoshina\n|t:|1730949656\n|gametype|doubles\n|player|p1|lkwa1994|101|1794\n|player|p2|HoshimiHoshina|rosa|1730\n|teamsize|p1|6\n|teamsize|p2|6\n|gen|9\n|tier|[Gen 9] VGC 2024 Reg H\n|rated|\n|rule|Species Clause: Limit one of each Pok\u00e9mon\n|rule|Item Clause: Limit 1 of each item\n|clearpoke\n|poke|p1|Archaludon, L50, F|\n|poke|p1|Pelipper, L50, M|\n|poke|p1|Torkoal, L50, F|\n|poke|p1|Charizard, L50, M|\n|poke|p1|Tauros-Paldea-Aqua, L50, M|\n|poke|p1|Sinistcha-Masterpiece, L50|\n|poke|p2|Slaking, L50, M|\n|poke|p2|Weezing-Galar, L50, F|\n|poke|p2|Gholdengo, L50|\n|poke|p2|Garchomp, L50, M|\n|poke|p2|Gyarados, L50, F|\n|poke|p2|Annihilape, L50, M|\n|teampreview|4\n|inactive|Battle timer is ON: inactive players will automatically lose when time's up. (requested by HoshimiHoshina)\n|j| Jamtaviousiv\n|j| Deltalini\n|inactive|lkwa1994 has 60 seconds left.\n|l|\u2606HoshimiHoshina\n|inactive|HoshimiHoshina disconnected and has a minute to reconnect!\n|player|p2|\n|\n|t:|1730949707\n|start\n|switch|p1a: Archaludon|Archaludon, L50, F|100\/100\n|switch|p1b: Pelipper|Pelipper, L50, M|100\/100\n|switch|p2a: \u4e0d\u8bb8\u8bf7\u5047|Weezing-Galar, L50, F|100\/100\n|switch|p2b: \u8001\u677f\u6211\u60f3\u8bf7\u5047|Slaking, L50, M|100\/100\n|-ability|p2a: \u4e0d\u8bb8\u8bf7\u5047|Neutralizing Gas\n|turn|1\n|j|\u2606HoshimiHoshina\n|inactive|HoshimiHoshina reconnected and has 50 seconds left.\n|player|p2|HoshimiHoshina|rosa|\n|inactive|lkwa1994 has 30 seconds left.\n|\n|t:|1730949733\n|move|p2b: \u8001\u677f\u6211\u60f3\u8bf7\u5047|Knock Off|p1a: Archaludon\n|-damage|p1a: Archaludon|74\/100\n|-enditem|p1a: Archaludon|Assault Vest|[from] move: Knock Off|[of] p2b: \u8001\u677f\u6211\u60f3\u8bf7\u5047\n|move|p2a: \u4e0d\u8bb8\u8bf7\u5047|Dazzling Gleam|p1a: Archaludon|[spread] p1a,p1b\n|-damage|p1a: Archaludon|46\/100\n|-damage|p1b: Pelipper|60\/100\n|move|p1b: Pelipper|Tailwind|p1b: Pelipper\n|-sidestart|p1: lkwa1994|move: Tailwind\n|move|p1a: Archaludon|Snarl|p2b: \u8001\u677f\u6211\u60f3\u8bf7\u5047|[spread] p2b\n|-miss|p1a: Archaludon|p2a: \u4e0d\u8bb8\u8bf7\u5047\n|-damage|p2b: \u8001\u677f\u6211\u60f3\u8bf7\u5047|86\/100\n|\n|upkeep\n|turn|2\n|inactive|lkwa1994 has 30 seconds left.\n|inactive|HoshimiHoshina has 30 seconds left.\n|inactive|lkwa1994 has 20 seconds left.\n|\n|t:|1730949769\n|move|p2a: \u4e0d\u8bb8\u8bf7\u5047|Protect|p2a: \u4e0d\u8bb8\u8bf7\u5047\n|-singleturn|p2a: \u4e0d\u8bb8\u8bf7\u5047|Protect\n|move|p1b: Pelipper|Hurricane|p2a: \u4e0d\u8bb8\u8bf7\u5047\n|-activate|p2a: \u4e0d\u8bb8\u8bf7\u5047|move: Protect\n|move|p1a: Archaludon|Dragon Pulse|p2b: \u8001\u677f\u6211\u60f3\u8bf7\u5047\n|-damage|p2b: \u8001\u677f\u6211\u60f3\u8bf7\u5047|47\/100\n|move|p2b: \u8001\u677f\u6211\u60f3\u8bf7\u5047|Knock Off|p1b: Pelipper\n|-damage|p1b: Pelipper|9\/100\n|-enditem|p1b: Pelipper|Focus Sash|[from] move: Knock Off|[of] p2b: \u8001\u677f\u6211\u60f3\u8bf7\u5047\n|\n|upkeep\n|turn|3\n|\n|t:|1730949794\n|move|p1b: Pelipper|Hurricane|p2b: \u8001\u677f\u6211\u60f3\u8bf7\u5047|[miss]\n|-miss|p1b: Pelipper|p2b: \u8001\u677f\u6211\u60f3\u8bf7\u5047\n|move|p1a: Archaludon|Snarl|p2b: \u8001\u677f\u6211\u60f3\u8bf7\u5047|[spread] p2a,p2b\n|-resisted|p2a: \u4e0d\u8bb8\u8bf7\u5047\n|-damage|p2a: \u4e0d\u8bb8\u8bf7\u5047|89\/100\n|-damage|p2b: \u8001\u677f\u6211\u60f3\u8bf7\u5047|33\/100\n|-unboost|p2a: \u4e0d\u8bb8\u8bf7\u5047|spa|1\n|move|p2b: \u8001\u677f\u6211\u60f3\u8bf7\u5047|Drain Punch|p1a: Archaludon\n|-supereffective|p1a: Archaludon\n|-damage|p1a: Archaludon|0 fnt\n|-heal|p2b: \u8001\u677f\u6211\u60f3\u8bf7\u5047|52\/100|[from] drain|[of] p1a: Archaludon\n|faint|p1a: Archaludon\n|move|p2a: \u4e0d\u8bb8\u8bf7\u5047|Dazzling Gleam|p1b: Pelipper\n|-damage|p1b: Pelipper|0 fnt\n|faint|p1b: Pelipper\n|\n|upkeep\n|\n|t:|1730949808\n|switch|p1b: Sinistcha|Sinistcha-Masterpiece, L50|100\/100\n|switch|p1a: Tauros|Tauros-Paldea-Aqua, L50, M|100\/100\n|turn|4\n|inactive|lkwa1994 has 30 seconds left.\n|\n|t:|1730949837\n|-terastallize|p1a: Tauros|Water\n|move|p2b: \u8001\u677f\u6211\u60f3\u8bf7\u5047|Protect|p2b: \u8001\u677f\u6211\u60f3\u8bf7\u5047\n|-singleturn|p2b: \u8001\u677f\u6211\u60f3\u8bf7\u5047|Protect\n|move|p1a: Tauros|Close Combat|p2b: \u8001\u677f\u6211\u60f3\u8bf7\u5047\n|-activate|p2b: \u8001\u677f\u6211\u60f3\u8bf7\u5047|move: Protect\n|move|p2a: \u4e0d\u8bb8\u8bf7\u5047|Dazzling Gleam|p1b: Sinistcha|[spread] p1a,p1b\n|-damage|p1a: Tauros|74\/100\n|-damage|p1b: Sinistcha|84\/100\n|move|p1b: Sinistcha|Trick Room|p1b: Sinistcha\n|-fieldstart|move: Trick Room|[of] p1b: Sinistcha\n|\n|-sideend|p1: lkwa1994|move: Tailwind\n|upkeep\n|turn|5\n|\n|t:|1730949857\n|-end|p2a: \u4e0d\u8bb8\u8bf7\u5047|ability: Neutralizing Gas\n|-heal|p1a: Tauros|99\/100|[from] ability: Hospitality|[of] p1b: Sinistcha\n|-ability|p1a: Tauros|Intimidate|boost\n|-unboost|p2a: \u4e0d\u8bb8\u8bf7\u5047|atk|1\n|-fail|p2b: \u8001\u677f\u6211\u60f3\u8bf7\u5047|unboost|[from] item: Clear Amulet|[of] p2b: \u8001\u677f\u6211\u60f3\u8bf7\u5047\n|switch|p2a: \u66b4\u8e81\u8001\u54e5A|Gyarados, L50, F|100\/100\n|-ability|p2a: \u66b4\u8e81\u8001\u54e5A|Intimidate|boost\n|-unboost|p1a: Tauros|atk|1\n|-unboost|p1b: Sinistcha|atk|1\n|-terastallize|p2b: \u8001\u677f\u6211\u60f3\u8bf7\u5047|Ghost\n|move|p1b: Sinistcha|Matcha Gotcha|p2b: \u8001\u677f\u6211\u60f3\u8bf7\u5047|[spread] p2a,p2b\n|-damage|p2a: \u66b4\u8e81\u8001\u54e5A|80\/100\n|-heal|p1b: Sinistcha|95\/100|[from] drain|[of] p2a: \u66b4\u8e81\u8001\u54e5A\n|-damage|p2b: \u8001\u677f\u6211\u60f3\u8bf7\u5047|28\/100\n|-heal|p1b: Sinistcha|100\/100|[from] drain|[of] p2b: \u8001\u677f\u6211\u60f3\u8bf7\u5047\n|move|p2b: \u8001\u677f\u6211\u60f3\u8bf7\u5047|Knock Off|p1b: Sinistcha\n|-supereffective|p1b: Sinistcha\n|-damage|p1b: Sinistcha|41\/100\n|-enditem|p1b: Sinistcha|Sitrus Berry|[from] move: Knock Off|[of] p2b: \u8001\u677f\u6211\u60f3\u8bf7\u5047\n|move|p1a: Tauros|Wave Crash|p2a: \u66b4\u8e81\u8001\u54e5A\n|-resisted|p2a: \u66b4\u8e81\u8001\u54e5A\n|-damage|p2a: \u66b4\u8e81\u8001\u54e5A|54\/100\n|-damage|p1a: Tauros|88\/100|[from] Recoil\n|\n|upkeep\n|turn|6\n|inactive|lkwa1994 has 30 seconds left.\n|inactive|HoshimiHoshina has 30 seconds left.\n|inactive|lkwa1994 has 20 seconds left.\n|inactive|lkwa1994 has 15 seconds left.\n|inactive|lkwa1994 has 10 seconds left.\n|\n|t:|1730949904\n|switch|p2a: \u4e0d\u8bb8\u8bf7\u5047|Weezing-Galar, L50, F|89\/100\n|-ability|p2a: \u4e0d\u8bb8\u8bf7\u5047|Neutralizing Gas\n|move|p2b: \u8001\u677f\u6211\u60f3\u8bf7\u5047|Protect|p2b: \u8001\u677f\u6211\u60f3\u8bf7\u5047\n|-singleturn|p2b: \u8001\u677f\u6211\u60f3\u8bf7\u5047|Protect\n|move|p1b: Sinistcha|Strength Sap|p2a: \u4e0d\u8bb8\u8bf7\u5047\n|-unboost|p2a: \u4e0d\u8bb8\u8bf7\u5047|atk|1\n|-heal|p1b: Sinistcha|89\/100\n|move|p1a: Tauros|Wave Crash|p2b: \u8001\u677f\u6211\u60f3\u8bf7\u5047\n|-activate|p2b: \u8001\u677f\u6211\u60f3\u8bf7\u5047|move: Protect\n|\n|upkeep\n|turn|7\n|inactive|HoshimiHoshina has 30 seconds left.\n|\n|t:|1730949936\n|move|p1a: Tauros|Protect|p1a: Tauros\n|-singleturn|p1a: Tauros|Protect\n|move|p1b: Sinistcha|Matcha Gotcha|p2a: \u4e0d\u8bb8\u8bf7\u5047|[spread] p2a\n|-miss|p1b: Sinistcha|p2b: \u8001\u677f\u6211\u60f3\u8bf7\u5047\n|-resisted|p2a: \u4e0d\u8bb8\u8bf7\u5047\n|-damage|p2a: \u4e0d\u8bb8\u8bf7\u5047|67\/100\n|-heal|p1b: Sinistcha|98\/100|[from] drain|[of] p2a: \u4e0d\u8bb8\u8bf7\u5047\n|move|p2a: \u4e0d\u8bb8\u8bf7\u5047|Sludge Bomb|p1a: Tauros\n|-activate|p1a: Tauros|move: Protect\n|move|p2b: \u8001\u677f\u6211\u60f3\u8bf7\u5047|Knock Off|p1b: Sinistcha\n|-supereffective|p1b: Sinistcha\n|-damage|p1b: Sinistcha|53\/100\n|\n|upkeep\n|turn|8\n|inactive|lkwa1994 has 30 seconds left.\n|inactive|HoshimiHoshina has 30 seconds left.\n|inactive|HoshimiHoshina has 20 seconds left.\n|\n|t:|1730949972\n|-end|p2a: \u4e0d\u8bb8\u8bf7\u5047|ability: Neutralizing Gas\n|-heal|p1a: Tauros|100\/100|[from] ability: Hospitality|[of] p1b: Sinistcha\n|-ability|p1a: Tauros|Intimidate|boost\n|-unboost|p2a: \u4e0d\u8bb8\u8bf7\u5047|atk|1\n|-fail|p2b: \u8001\u677f\u6211\u60f3\u8bf7\u5047|unboost|[from] item: Clear Amulet|[of] p2b: \u8001\u677f\u6211\u60f3\u8bf7\u5047\n|switch|p2a: \u591a\u52a0\u73ed\u624d\u80fd\u6dd8\u91d1\u6f6e|Gholdengo, L50|100\/100\n|move|p1b: Sinistcha|Matcha Gotcha|p2a: \u591a\u52a0\u73ed\u624d\u80fd\u6dd8\u91d1\u6f6e|[spread] p2a\n|-miss|p1b: Sinistcha|p2b: \u8001\u677f\u6211\u60f3\u8bf7\u5047\n|-resisted|p2a: \u591a\u52a0\u73ed\u624d\u80fd\u6dd8\u91d1\u6f6e\n|-damage|p2a: \u591a\u52a0\u73ed\u624d\u80fd\u6dd8\u91d1\u6f6e|86\/100\n|-heal|p1b: Sinistcha|59\/100|[from] drain|[of] p2a: \u591a\u52a0\u73ed\u624d\u80fd\u6dd8\u91d1\u6f6e\n|-status|p2a: \u591a\u52a0\u73ed\u624d\u80fd\u6dd8\u91d1\u6f6e|brn\n|move|p2b: \u8001\u677f\u6211\u60f3\u8bf7\u5047|Knock Off|p1b: Sinistcha\n|-supereffective|p1b: Sinistcha\n|-damage|p1b: Sinistcha|13\/100\n|move|p1a: Tauros|Wave Crash|p2a: \u591a\u52a0\u73ed\u624d\u80fd\u6dd8\u91d1\u6f6e\n|-damage|p2a: \u591a\u52a0\u73ed\u624d\u80fd\u6dd8\u91d1\u6f6e|28\/100 brn\n|-damage|p1a: Tauros|80\/100|[from] Recoil\n|\n|-damage|p2a: \u591a\u52a0\u73ed\u624d\u80fd\u6dd8\u91d1\u6f6e|22\/100 brn|[from] brn\n|-fieldend|move: Trick Room\n|upkeep\n|turn|9\n|inactive|lkwa1994 has 30 seconds left.\n|inactive|HoshimiHoshina has 30 seconds left.\n|\n|t:|1730950003\n|switch|p2b: \u66b4\u8e81\u8001\u54e5A|Gyarados, L50, F|54\/100\n|-ability|p2b: \u66b4\u8e81\u8001\u54e5A|Intimidate|boost\n|-unboost|p1a: Tauros|atk|1\n|-unboost|p1b: Sinistcha|atk|1\n|move|p1a: Tauros|Aqua Jet|p2a: \u591a\u52a0\u73ed\u624d\u80fd\u6dd8\u91d1\u6f6e\n|-damage|p2a: \u591a\u52a0\u73ed\u624d\u80fd\u6dd8\u91d1\u6f6e|8\/100 brn\n|move|p2a: \u591a\u52a0\u73ed\u624d\u80fd\u6dd8\u91d1\u6f6e|Make It Rain|p1b: Sinistcha|[spread] p1a,p1b\n|-resisted|p1a: Tauros\n|-damage|p1a: Tauros|40\/100\n|-damage|p1b: Sinistcha|0 fnt\n|-unboost|p2a: \u591a\u52a0\u73ed\u624d\u80fd\u6dd8\u91d1\u6f6e|spa|1\n|faint|p1b: Sinistcha\n|\n|-damage|p2a: \u591a\u52a0\u73ed\u624d\u80fd\u6dd8\u91d1\u6f6e|2\/100 brn|[from] brn\n|upkeep\n|turn|10\n|inactive|lkwa1994 has 30 seconds left.\n|\n|t:|1730950034\n|switch|p2a: \u4e0d\u8bb8\u8bf7\u5047|Weezing-Galar, L50, F|67\/100\n|-ability|p2a: \u4e0d\u8bb8\u8bf7\u5047|Neutralizing Gas\n|move|p2b: \u66b4\u8e81\u8001\u54e5A|Protect|p2b: \u66b4\u8e81\u8001\u54e5A\n|-singleturn|p2b: \u66b4\u8e81\u8001\u54e5A|Protect\n|move|p1a: Tauros|Wave Crash|p2b: \u66b4\u8e81\u8001\u54e5A\n|-activate|p2b: \u66b4\u8e81\u8001\u54e5A|move: Protect\n|\n|upkeep\n|turn|11\n|-message|lkwa1994 forfeited.\n|\n|win|HoshimiHoshina\n|raw|lkwa1994's rating: 1794 &rarr; <strong>1770<\/strong><br \/>(-24 for losing)\n|raw|HoshimiHoshina's rating: 1730 &rarr; <strong>1754<\/strong><br \/>(+24 for winning)\n|l|\u2606lkwa1994\n|player|p1|\n|l|\u2606HoshimiHoshina\n|player|p2|\n|l| Deltalini\n","uploadtime":1730950198,"views":37,"formatid":"gen9vgc2024regh","rating":1754,"private":0,"password":null}