{"id":"gen9vgc2024regh-2238956050","format":"[Gen 9] VGC 2024 Reg H","players":["miraiargentina","caZISA"],"log":"|j|\u2606miraiargentina\n|j|\u2606caZISA\n|t:|1730943970\n|gametype|doubles\n|player|p1|miraiargentina|shadowtriad|1685\n|player|p2|caZISA|red|1795\n|teamsize|p1|6\n|teamsize|p2|6\n|gen|9\n|tier|[Gen 9] VGC 2024 Reg H\n|rated|\n|rule|Species Clause: Limit one of each Pok\u00e9mon\n|rule|Item Clause: Limit 1 of each item\n|clearpoke\n|poke|p1|Dondozo, L50, F|\n|poke|p1|Tatsugiri, L50, M|\n|poke|p1|Gholdengo, L50|\n|poke|p1|Talonflame, L50, F|\n|poke|p1|Dragonite, L50, F|\n|poke|p1|Pawmot, L50, F|\n|poke|p2|Amoonguss, L50, M|\n|poke|p2|Incineroar, L50, M|\n|poke|p2|Pelipper, L50, M|\n|poke|p2|Archaludon, L50, F|\n|poke|p2|Ursaluna, L50, M|\n|poke|p2|Gothitelle, L50, M|\n|teampreview|4\n|inactive|Battle timer is ON: inactive players will automatically lose when time's up. (requested by miraiargentina)\n|\n|t:|1730943998\n|start\n|switch|p1a: Fmiller|Talonflame, L50, F, shiny|100\/100\n|switch|p1b: Guga|Gholdengo, L50, shiny|100\/100\n|switch|p2a: Vanessa|Gothitelle, L50, M|100\/100\n|switch|p2b: Tigre To\u00f1o|Incineroar, L50, M, shiny|100\/100\n|-ability|p2b: Tigre To\u00f1o|Intimidate|boost\n|-unboost|p1a: Fmiller|atk|1\n|-unboost|p1b: Guga|atk|1\n|turn|1\n|\n|t:|1730944023\n|move|p2a: Vanessa|Protect|p2a: Vanessa\n|-singleturn|p2a: Vanessa|Protect\n|move|p1a: Fmiller|Flare Blitz|p2a: Vanessa\n|-activate|p2a: Vanessa|move: Protect\n|move|p1b: Guga|Make It Rain|p2a: Vanessa|[spread] p2b\n|-activate|p2a: Vanessa|move: Protect\n|-resisted|p2b: Tigre To\u00f1o\n|-damage|p2b: Tigre To\u00f1o|67\/100\n|-unboost|p1b: Guga|spa|1\n|move|p2b: Tigre To\u00f1o|Knock Off|p1b: Guga\n|-supereffective|p1b: Guga\n|-damage|p1b: Guga|10\/100\n|-enditem|p1b: Guga|Choice Specs|[from] move: Knock Off|[of] p2b: Tigre To\u00f1o\n|\n|upkeep\n|turn|2\n|\n|t:|1730944036\n|-terastallize|p2a: Vanessa|Dark\n|move|p1a: Fmiller|Flare Blitz|p2a: Vanessa\n|-damage|p2a: Vanessa|78\/100\n|-damage|p1a: Fmiller|93\/100|[from] Recoil\n|move|p1b: Guga|Shadow Ball|p2a: Vanessa\n|-resisted|p2a: Vanessa\n|-damage|p2a: Vanessa|65\/100\n|-unboost|p2a: Vanessa|spd|1\n|move|p2b: Tigre To\u00f1o|Knock Off|p1a: Fmiller\n|-damage|p1a: Fmiller|37\/100\n|-enditem|p1a: Fmiller|Covert Cloak|[from] move: Knock Off|[of] p2b: Tigre To\u00f1o\n|move|p2a: Vanessa|Trick Room|p2a: Vanessa\n|-fieldstart|move: Trick Room|[of] p2a: Vanessa\n|\n|upkeep\n|turn|3\n|\n|t:|1730944056\n|move|p2a: Vanessa|Psychic|p1a: Fmiller\n|-damage|p1a: Fmiller|0 fnt\n|faint|p1a: Fmiller\n|move|p2b: Tigre To\u00f1o|Knock Off|p1b: Guga\n|-supereffective|p1b: Guga\n|-damage|p1b: Guga|0 fnt\n|faint|p1b: Guga\n|\n|upkeep\n|\n|t:|1730944066\n|switch|p1b: Bruno|Pawmot, L50, F, shiny|100\/100\n|switch|p1a: L\u00e9o|Dragonite, L50, F, shiny|100\/100\n|turn|4\n|\n|t:|1730944085\n|switch|p2a: Toad|Amoonguss, L50, M|100\/100\n|-terastallize|p1a: L\u00e9o|Flying\n|move|p1b: Bruno|Fake Out|p2b: Tigre To\u00f1o\n|-damage|p2b: Tigre To\u00f1o|56\/100\n|cant|p2b: Tigre To\u00f1o|flinch\n|move|p1a: L\u00e9o|Tera Blast|p2a: Toad|[anim] Tera Blast Flying\n|-supereffective|p2a: Toad\n|-damage|p2a: Toad|0 fnt\n|faint|p2a: Toad\n|\n|upkeep\n|\n|t:|1730944094\n|switch|p2a: Freddy|Ursaluna, L50, M|100\/100\n|turn|5\n|\n|t:|1730944099\n|move|p2a: Freddy|Protect|p2a: Freddy\n|-singleturn|p2a: Freddy|Protect\n|move|p2b: Tigre To\u00f1o|Parting Shot|p1a: L\u00e9o\n|-unboost|p1a: L\u00e9o|atk|1\n|-unboost|p1a: L\u00e9o|spa|1\n|\n|t:|1730944103\n|switch|p2b: Vanessa|Gothitelle, L50, M, tera:Dark|65\/100|[from] Parting Shot\n|move|p1a: L\u00e9o|Tera Blast|p2b: Vanessa|[anim] Tera Blast Flying\n|-damage|p2b: Vanessa|15\/100\n|move|p1b: Bruno|Revival Blessing|p1b: Bruno\n|\n|t:|1730944106\n|-heal|p1: Guga|50\/100|[from] move: Revival Blessing\n|\n|-status|p2a: Freddy|brn|[from] item: Flame Orb\n|upkeep\n|turn|6\n|\n|t:|1730944113\n|move|p2b: Vanessa|Fake Out|p1b: Bruno\n|-damage|p1b: Bruno|91\/100\n|move|p2a: Freddy|Facade|p1a: L\u00e9o\n|-damage|p1a: L\u00e9o|0 fnt\n|faint|p1a: L\u00e9o\n|cant|p1b: Bruno|flinch\n|\n|-damage|p2a: Freddy|95\/100 brn|[from] brn\n|-fieldend|move: Trick Room\n|upkeep\n|\n|t:|1730944118\n|switch|p1a: Guga|Gholdengo, L50, shiny|50\/100\n|turn|7\n|\n|t:|1730944122\n|move|p2a: Freddy|Protect|p2a: Freddy\n|-singleturn|p2a: Freddy|Protect\n|move|p1b: Bruno|Close Combat|p2a: Freddy\n|-activate|p2a: Freddy|move: Protect\n|move|p1a: Guga|Make It Rain|p2a: Freddy|[spread] p2b\n|-activate|p2a: Freddy|move: Protect\n|-damage|p2b: Vanessa|0 fnt\n|-unboost|p1a: Guga|spa|1\n|faint|p2b: Vanessa\n|\n|-damage|p2a: Freddy|89\/100 brn|[from] brn\n|upkeep\n|\n|t:|1730944124\n|switch|p2b: Tigre To\u00f1o|Incineroar, L50, M, shiny|56\/100\n|-ability|p2b: Tigre To\u00f1o|Intimidate|boost\n|-unboost|p1a: Guga|atk|1\n|-unboost|p1b: Bruno|atk|1\n|turn|8\n|\n|t:|1730944134\n|move|p2b: Tigre To\u00f1o|Fake Out|p1b: Bruno\n|-damage|p1b: Bruno|69\/100\n|cant|p1b: Bruno|flinch\n|move|p1a: Guga|Make It Rain|p2a: Freddy|[spread] p2a,p2b\n|-resisted|p2b: Tigre To\u00f1o\n|-damage|p2a: Freddy|57\/100 brn\n|-damage|p2b: Tigre To\u00f1o|40\/100\n|-unboost|p1a: Guga|spa|1\n|move|p2a: Freddy|Headlong Rush|p1a: Guga\n|-supereffective|p1a: Guga\n|-damage|p1a: Guga|0 fnt\n|-unboost|p2a: Freddy|def|1\n|-unboost|p2a: Freddy|spd|1\n|faint|p1a: Guga\n|\n|-damage|p2a: Freddy|51\/100 brn|[from] brn\n|upkeep\n|turn|9\n|\n|t:|1730944145\n|move|p1b: Bruno|Close Combat|p2a: Freddy\n|-supereffective|p2a: Freddy\n|-damage|p2a: Freddy|0 fnt\n|-unboost|p1b: Bruno|def|1\n|-unboost|p1b: Bruno|spd|1\n|faint|p2a: Freddy\n|move|p2b: Tigre To\u00f1o|Flare Blitz|p1b: Bruno\n|-damage|p1b: Bruno|0 fnt\n|faint|p1b: Bruno\n|-damage|p2b: Tigre To\u00f1o|23\/100|[from] Recoil\n|\n|win|caZISA\n|raw|miraiargentina's rating: 1685 &rarr; <strong>1671<\/strong><br \/>(-14 for losing)\n|raw|caZISA's rating: 1795 &rarr; <strong>1809<\/strong><br \/>(+14 for winning)\n|l|\u2606miraiargentina\n|player|p1|\n","uploadtime":1730944309,"views":19,"formatid":"gen9vgc2024regh","rating":1671,"private":0,"password":null}