{"id":"gen9vgc2024regh-2238366065","format":"[Gen 9] VGC 2024 Reg H","players":["Geodude3138","maya ayasato"],"log":"|j|\u2606Geodude3138\n|j|\u2606maya ayasato\n|t:|1730870452\n|gametype|doubles\n|player|p1|Geodude3138|266|1726\n|player|p2|maya ayasato|cynthia|1853\n|teamsize|p1|6\n|teamsize|p2|6\n|gen|9\n|tier|[Gen 9] VGC 2024 Reg H\n|rated|\n|rule|Species Clause: Limit one of each Pok\u00e9mon\n|rule|Item Clause: Limit 1 of each item\n|clearpoke\n|poke|p1|Politoed, L50, F|\n|poke|p1|Archaludon, L50, M|\n|poke|p1|Basculegion, L50, M|\n|poke|p1|Bronzong, L50|\n|poke|p1|Amoonguss, L50, M|\n|poke|p1|Incineroar, L50, F|\n|poke|p2|Dondozo, L50, M|\n|poke|p2|Tatsugiri, L50, M|\n|poke|p2|Gholdengo, L50|\n|poke|p2|Sneasler, L50, F|\n|poke|p2|Indeedee, L50, M|\n|poke|p2|Murkrow, L50, F|\n|teampreview|4\n|j| kk061227\n|\n|t:|1730870505\n|start\n|switch|p1a: Bronzong|Bronzong, L50|100\/100\n|switch|p1b: Archaludon|Archaludon, L50, M|100\/100\n|switch|p2a: Gholdengo|Gholdengo, L50|100\/100\n|switch|p2b: Indeedee|Indeedee, L50, M|100\/100\n|-fieldstart|move: Psychic Terrain|[from] ability: Psychic Surge|[of] p2b: Indeedee\n|turn|1\n|\n|t:|1730870522\n|-terastallize|p1b: Archaludon|Electric\n|move|p1a: Bronzong|Protect|p1a: Bronzong\n|-singleturn|p1a: Bronzong|Protect\n|move|p2b: Indeedee|Expanding Force|p1a: Bronzong|[spread] p1b\n|-activate|p1a: Bronzong|move: Protect\n|-damage|p1b: Archaludon|30\/100\n|move|p2a: Gholdengo|Shadow Ball|p1a: Bronzong\n|-activate|p1a: Bronzong|move: Protect\n|move|p1b: Archaludon|Electro Shot||[still]\n|-prepare|p1b: Archaludon|Electro Shot\n|-boost|p1b: Archaludon|spa|1\n|-enditem|p1b: Archaludon|Power Herb\n|-anim|p1b: Archaludon|Electro Shot|p2a: Gholdengo\n|-damage|p2a: Gholdengo|0 fnt\n|faint|p2a: Gholdengo\n|\n|upkeep\n|\n|t:|1730870537\n|switch|p2a: Dondozo|Dondozo, L50, M|100\/100\n|turn|2\n|\n|t:|1730870551\n|move|p1b: Archaludon|Protect|p1b: Archaludon\n|-singleturn|p1b: Archaludon|Protect\n|move|p2b: Indeedee|Expanding Force|p1b: Archaludon|[spread] p1a\n|-activate|p1b: Archaludon|move: Protect\n|-resisted|p1a: Bronzong\n|-damage|p1a: Bronzong|90\/100\n|move|p2a: Dondozo|Wave Crash|p1a: Bronzong\n|-damage|p1a: Bronzong|36\/100\n|-damage|p2a: Dondozo|87\/100|[from] Recoil\n|-damage|p2a: Dondozo|77\/100|[from] item: Life Orb\n|move|p1a: Bronzong|Trick Room|p1a: Bronzong\n|-fieldstart|move: Trick Room|[of] p1a: Bronzong\n|\n|-heal|p1a: Bronzong|41\/100|[from] item: Leftovers\n|upkeep\n|turn|3\n|\n|t:|1730870581\n|move|p1a: Bronzong|Body Press|p2b: Indeedee\n|-damage|p2b: Indeedee|46\/100\n|move|p2a: Dondozo|Wave Crash|p1b: Archaludon\n|-damage|p1b: Archaludon|0 fnt\n|faint|p1b: Archaludon\n|-damage|p2a: Dondozo|69\/100|[from] Recoil\n|-damage|p2a: Dondozo|59\/100|[from] item: Life Orb\n|move|p2b: Indeedee|Expanding Force|p1a: Bronzong\n|-resisted|p1a: Bronzong\n|-damage|p1a: Bronzong|28\/100\n|\n|-heal|p1a: Bronzong|33\/100|[from] item: Leftovers\n|upkeep\n|\n|t:|1730870594\n|switch|p1b: Politoed|Politoed, L50, F|100\/100\n|-weather|RainDance|[from] ability: Drizzle|[of] p1b: Politoed\n|turn|4\n|\n|t:|1730870622\n|switch|p1b: Amoonguss|Amoonguss, L50, M|100\/100\n|switch|p2b: Tatsugiri|Tatsugiri, L50, M|100\/100\n|-activate|p2b: Tatsugiri|ability: Commander|[of] p2a: Dondozo\n|-boost|p2a: Dondozo|atk|2\n|-boost|p2a: Dondozo|spa|2\n|-boost|p2a: Dondozo|spe|2\n|-boost|p2a: Dondozo|def|2\n|-boost|p2a: Dondozo|spd|2\n|move|p2a: Dondozo|Protect|p2a: Dondozo\n|-singleturn|p2a: Dondozo|Protect\n|move|p1a: Bronzong|Body Press|p2b: Tatsugiri|[miss]\n|-miss|p1a: Bronzong|p2b: Tatsugiri\n|\n|-weather|RainDance|[upkeep]\n|-heal|p1a: Bronzong|39\/100|[from] item: Leftovers\n|upkeep\n|turn|5\n|\n|t:|1730870644\n|move|p1b: Amoonguss|Spore|p2a: Dondozo\n|-status|p2a: Dondozo|slp|[from] move: Spore\n|move|p1a: Bronzong|Body Press|p2a: Dondozo\n|-damage|p2a: Dondozo|49\/100 slp\n|cant|p2a: Dondozo|slp\n|\n|-weather|RainDance|[upkeep]\n|-heal|p1a: Bronzong|45\/100|[from] item: Leftovers\n|-fieldend|move: Psychic Terrain\n|upkeep\n|turn|6\n|\n|t:|1730870680\n|move|p1b: Amoonguss|Pollen Puff|p1a: Bronzong\n|-heal|p1a: Bronzong|95\/100\n|move|p1a: Bronzong|Body Press|p2a: Dondozo\n|-damage|p2a: Dondozo|40\/100 slp\n|-curestatus|p2a: Dondozo|slp|[msg]\n|move|p2a: Dondozo|Wave Crash|p1a: Bronzong\n|-damage|p1a: Bronzong|0 fnt\n|faint|p1a: Bronzong\n|-damage|p2a: Dondozo|16\/100|[from] Recoil\n|-damage|p2a: Dondozo|7\/100|[from] item: Life Orb\n|\n|-weather|RainDance|[upkeep]\n|-fieldend|move: Trick Room\n|upkeep\n|\n|t:|1730870693\n|switch|p1a: Politoed|Politoed, L50, F|100\/100\n|turn|7\n|\n|t:|1730870704\n|move|p2a: Dondozo|Wave Crash|p1a: Politoed\n|-resisted|p1a: Politoed\n|-damage|p1a: Politoed|0 fnt\n|faint|p1a: Politoed\n|-damage|p2a: Dondozo|0 fnt|[from] Recoil\n|faint|p2a: Dondozo\n|move|p1b: Amoonguss|Spore|p2b: Tatsugiri\n|-status|p2b: Tatsugiri|slp|[from] move: Spore\n|\n|-weather|RainDance|[upkeep]\n|upkeep\n|inactive|Battle timer is ON: inactive players will automatically lose when time's up. (requested by Geodude3138)\n|\n|t:|1730870721\n|switch|p2a: Indeedee|Indeedee, L50, M|46\/100\n|-fieldstart|move: Psychic Terrain|[from] ability: Psychic Surge|[of] p2a: Indeedee\n|turn|8\n|-message|Geodude3138 forfeited.\n|\n|win|maya ayasato\n|raw|Geodude3138's rating: 1726 &rarr; <strong>1713<\/strong><br \/>(-13 for losing)\n|raw|maya ayasato's rating: 1853 &rarr; <strong>1866<\/strong><br \/>(+13 for winning)\n|l|\u2606Geodude3138\n|player|p1|\n|l|\u2606maya ayasato\n|player|p2|\n|l| kk061227\n","uploadtime":1730870991,"views":36,"formatid":"gen9vgc2024regh","rating":1713,"private":0,"password":null}