{"id":"gen9vgc2024regh-2239412632","format":"[Gen 9] VGC 2024 Reg H","players":["Kodora","sheeshshane925"],"log":"|j|\u2606Kodora\n|j|\u2606sheeshshane925\n|t:|1731006190\n|gametype|doubles\n|player|p1|Kodora|170|1745\n|player|p2|sheeshshane925|bruno|1687\n|teamsize|p1|6\n|teamsize|p2|6\n|gen|9\n|tier|[Gen 9] VGC 2024 Reg H\n|rated|\n|rule|Species Clause: Limit one of each Pok\u00e9mon\n|rule|Item Clause: Limit 1 of each item\n|clearpoke\n|poke|p1|Maushold-Four, L50|\n|poke|p1|Annihilape, L50, F|\n|poke|p1|Archaludon, L50, M|\n|poke|p1|Murkrow, L50, M|\n|poke|p1|Weavile, L50, F|\n|poke|p1|Garchomp, L50, F|\n|poke|p2|Archaludon, L50, M|\n|poke|p2|Pelipper, L50, F|\n|poke|p2|Primarina, L50, F|\n|poke|p2|Ursaluna, L50, F|\n|poke|p2|Porygon2, L50|\n|poke|p2|Grimmsnarl, L50, M|\n|teampreview|4\n|inactive|Battle timer is ON: inactive players will automatically lose when time's up. (requested by Kodora)\n|\n|t:|1731006221\n|start\n|switch|p1a: Maushold|Maushold-Four, L50, shiny|100\/100\n|switch|p1b: Annihilape|Annihilape, L50, F, shiny|100\/100\n|switch|p2a: Ursaluna|Ursaluna, L50, F|100\/100\n|switch|p2b: Porygon2|Porygon2, L50|100\/100\n|-ability|p2b: Porygon2|Download|boost\n|-boost|p2b: Porygon2|atk|1\n|turn|1\n|\n|t:|1731006246\n|switch|p2b: Pelipper|Pelipper, L50, F, shiny|100\/100\n|-weather|RainDance|[from] ability: Drizzle|[of] p2b: Pelipper\n|move|p1a: Maushold|Taunt|p2b: Pelipper\n|-start|p2b: Pelipper|move: Taunt\n|move|p1b: Annihilape|Bulk Up|p1b: Annihilape\n|-boost|p1b: Annihilape|atk|1\n|-boost|p1b: Annihilape|def|1\n|move|p2a: Ursaluna|Headlong Rush|p1a: Maushold\n|-damage|p1a: Maushold|12\/100\n|-unboost|p2a: Ursaluna|def|1\n|-unboost|p2a: Ursaluna|spd|1\n|\n|-weather|RainDance|[upkeep]\n|-status|p2a: Ursaluna|brn|[from] item: Flame Orb\n|upkeep\n|turn|2\n|inactive|Kodora has 30 seconds left.\n|inactive|sheeshshane925 has 30 seconds left.\n|inactive|sheeshshane925 has 20 seconds left.\n|inactive|sheeshshane925 has 15 seconds left.\n|inactive|sheeshshane925 has 10 seconds left.\n|\n|t:|1731006294\n|-terastallize|p1b: Annihilape|Water\n|-terastallize|p2a: Ursaluna|Ghost\n|move|p1a: Maushold|Beat Up|p1b: Annihilape\n|-damage|p1b: Annihilape|99\/100\n|-damage|p1b: Annihilape|97\/100\n|-damage|p1b: Annihilape|95\/100\n|-damage|p1b: Annihilape|93\/100\n|-hitcount|p1b: Annihilape|4\n|move|p1b: Annihilape|Rage Fist|p2b: Pelipper\n|-enditem|p2b: Pelipper|Focus Sash\n|-damage|p2b: Pelipper|1\/100\n|move|p2b: Pelipper|Hurricane|p1b: Annihilape\n|-damage|p1b: Annihilape|54\/100\n|-start|p1b: Annihilape|confusion\n|move|p2a: Ursaluna|Earthquake|p1a: Maushold|[spread] p1a,p1b\n|-immune|p2b: Pelipper\n|-damage|p1a: Maushold|0 fnt\n|-damage|p1b: Annihilape|16\/100\n|faint|p1a: Maushold\n|\n|-weather|RainDance|[upkeep]\n|-damage|p2a: Ursaluna|94\/100 brn|[from] brn\n|upkeep\n|\n|t:|1731006299\n|switch|p1a: Weavile|Weavile, L50, F, shiny|100\/100\n|-ability|p1a: Weavile|Pressure\n|turn|3\n|j| Luigi over mario\n|\n|t:|1731006318\n|switch|p1b: Archaludon|Archaludon, L50, M, shiny|100\/100\n|switch|p2b: Primarina|Primarina, L50, F|100\/100\n|switch|p2a: Porygon2|Porygon2, L50|100\/100\n|-ability|p2a: Porygon2|Download|boost\n|-boost|p2a: Porygon2|spa|1\n|move|p1a: Weavile|Knock Off|p2a: Porygon2\n|-damage|p2a: Porygon2|74\/100\n|-enditem|p2a: Porygon2|Eviolite|[from] move: Knock Off|[of] p1a: Weavile\n|\n|-weather|RainDance|[upkeep]\n|upkeep\n|turn|4\n|\n|t:|1731006336\n|move|p2b: Primarina|Protect|p2b: Primarina\n|-singleturn|p2b: Primarina|Protect\n|move|p1a: Weavile|Triple Axel|p1b: Archaludon\n|-damage|p1b: Archaludon|93\/100\n|-ability|p1b: Archaludon|Stamina|boost\n|-boost|p1b: Archaludon|def|1\n|-damage|p1b: Archaludon|82\/100\n|-ability|p1b: Archaludon|Stamina|boost\n|-boost|p1b: Archaludon|def|1\n|-damage|p1b: Archaludon|71\/100\n|-ability|p1b: Archaludon|Stamina|boost\n|-boost|p1b: Archaludon|def|1\n|-hitcount|p1b: Archaludon|3\n|move|p1b: Archaludon|Body Press|p2a: Porygon2\n|-supereffective|p2a: Porygon2\n|-damage|p2a: Porygon2|0 fnt\n|faint|p2a: Porygon2\n|\n|-weather|RainDance|[upkeep]\n|upkeep\n|\n|t:|1731006350\n|switch|p2a: Ursaluna|Ursaluna, L50, F, tera:Ghost|94\/100 brn\n|turn|5\n|\n|t:|1731006359\n|move|p1a: Weavile|Knock Off|p2a: Ursaluna\n|-supereffective|p2a: Ursaluna\n|-damage|p2a: Ursaluna|20\/100 brn\n|-enditem|p2a: Ursaluna|Flame Orb|[from] move: Knock Off|[of] p1a: Weavile\n|move|p1b: Archaludon|Electro Shot||[still]\n|-prepare|p1b: Archaludon|Electro Shot\n|-boost|p1b: Archaludon|spa|1\n|-anim|p1b: Archaludon|Electro Shot|p2b: Primarina\n|-supereffective|p2b: Primarina\n|-damage|p2b: Primarina|0 fnt\n|faint|p2b: Primarina\n|move|p2a: Ursaluna|Earthquake|p1a: Weavile|[spread] p1a,p1b\n|-supereffective|p1b: Archaludon\n|-enditem|p1a: Weavile|Focus Sash\n|-damage|p1a: Weavile|1\/100\n|-damage|p1b: Archaludon|32\/100\n|-ability|p1b: Archaludon|Stamina|boost\n|-boost|p1b: Archaludon|def|1\n|\n|-weather|none\n|-damage|p2a: Ursaluna|14\/100 brn|[from] brn\n|upkeep\n|\n|t:|1731006366\n|switch|p2b: Pelipper|Pelipper, L50, F, shiny|1\/100\n|-weather|RainDance|[from] ability: Drizzle|[of] p2b: Pelipper\n|turn|6\n|\n|t:|1731006375\n|move|p1a: Weavile|Knock Off|p2b: Pelipper\n|-damage|p2b: Pelipper|0 fnt\n|faint|p2b: Pelipper\n|move|p1b: Archaludon|Flash Cannon|p2a: Ursaluna\n|-damage|p2a: Ursaluna|0 fnt\n|faint|p2a: Ursaluna\n|\n|win|Kodora\n|raw|Kodora's rating: 1745 &rarr; <strong>1762<\/strong><br \/>(+17 for winning)\n|raw|sheeshshane925's rating: 1687 &rarr; <strong>1670<\/strong><br \/>(-17 for losing)\n|l|\u2606sheeshshane925\n|player|p2|\n|l|\u2606Kodora\n|player|p1|\n|l| Luigi over mario\n","uploadtime":1731006515,"views":26,"formatid":"gen9vgc2024regh","rating":1670,"private":0,"password":null}