{"id":"gen9vgc2024regh-2239367173","format":"[Gen 9] VGC 2024 Reg H","players":["datbishgames","jhyjhyt"],"log":"|j|\u2606datbishgames\n|j|\u2606jhyjhyt\n|t:|1731001872\n|gametype|doubles\n|player|p1|datbishgames|mira|1767\n|player|p2|jhyjhyt|102|1665\n|teamsize|p1|6\n|teamsize|p2|6\n|gen|9\n|tier|[Gen 9] VGC 2024 Reg H\n|rated|\n|rule|Species Clause: Limit one of each Pok\u00e9mon\n|rule|Item Clause: Limit 1 of each item\n|clearpoke\n|poke|p1|Whimsicott, L50, F|\n|poke|p1|Basculegion, L50, M|\n|poke|p1|Arcanine-Hisui, L50, F|\n|poke|p1|Hydreigon, L50, M|\n|poke|p1|Farigiraf, L50, M|\n|poke|p1|Pawmot, L50, M|\n|poke|p2|Dondozo, L50, M|\n|poke|p2|Tatsugiri, L50, F|\n|poke|p2|Pelipper, L50, M|\n|poke|p2|Archaludon, L50, F|\n|poke|p2|Amoonguss, L50, M|\n|poke|p2|Murkrow, L50, M|\n|teampreview|4\n|inactive|Battle timer is ON: inactive players will automatically lose when time's up. (requested by datbishgames)\n|\n|t:|1731001899\n|start\n|switch|p1a: Whimsicott|Whimsicott, L50, F|100\/100\n|switch|p1b: Pawmot|Pawmot, L50, M|100\/100\n|switch|p2a: Dondozo|Dondozo, L50, M|100\/100\n|switch|p2b: Pelipper|Pelipper, L50, M|100\/100\n|-weather|RainDance|[from] ability: Drizzle|[of] p2b: Pelipper\n|turn|1\n|\n|t:|1731001922\n|-terastallize|p1b: Pawmot|Electric\n|move|p2a: Dondozo|Protect|p2a: Dondozo\n|-singleturn|p2a: Dondozo|Protect\n|move|p1a: Whimsicott|Tailwind|p1a: Whimsicott\n|-sidestart|p1: datbishgames|move: Tailwind\n|move|p1b: Pawmot|Double Shock|p2a: Dondozo\n|-activate|p2a: Dondozo|move: Protect\n|move|p2b: Pelipper|Weather Ball|p1b: Pawmot\n|-enditem|p1b: Pawmot|Focus Sash\n|-damage|p1b: Pawmot|1\/100\n|\n|-weather|RainDance|[upkeep]\n|upkeep\n|turn|2\n|\n|t:|1731001939\n|switch|p2a: Archaludon|Archaludon, L50, F|100\/100\n|move|p1a: Whimsicott|Encore||[still]\n|-fail|p1a: Whimsicott\n|move|p1b: Pawmot|Double Shock|p2a: Archaludon\n|-resisted|p2a: Archaludon\n|-damage|p2a: Archaludon|73\/100\n|-start|p1b: Pawmot|typechange|Electric|[from] move: Double Shock\n|move|p2b: Pelipper|Weather Ball|p1b: Pawmot\n|-damage|p1b: Pawmot|0 fnt\n|faint|p1b: Pawmot\n|\n|-weather|RainDance|[upkeep]\n|upkeep\n|\n|t:|1731001944\n|switch|p1b: Basculegion|Basculegion, L50, M|100\/100\n|turn|3\n|\n|t:|1731001957\n|move|p1a: Whimsicott|Moonblast|p2a: Archaludon\n|-damage|p2a: Archaludon|34\/100\n|move|p1b: Basculegion|Last Respects|p2a: Archaludon\n|-damage|p2a: Archaludon|0 fnt\n|faint|p2a: Archaludon\n|move|p2b: Pelipper|Hurricane|p1a: Whimsicott\n|-supereffective|p1a: Whimsicott\n|-damage|p1a: Whimsicott|0 fnt\n|faint|p1a: Whimsicott\n|\n|-weather|RainDance|[upkeep]\n|upkeep\n|\n|t:|1731001970\n|switch|p1a: Hydreigon|Hydreigon, L50, M|100\/100\n|switch|p2a: Dondozo|Dondozo, L50, M|100\/100\n|turn|4\n|j| dijondan\n|\n|t:|1731001978\n|switch|p2b: Tatsugiri|Tatsugiri, L50, F|100\/100\n|-activate|p2b: Tatsugiri|ability: Commander|[of] p2a: Dondozo\n|-boost|p2a: Dondozo|atk|2\n|-boost|p2a: Dondozo|spa|2\n|-boost|p2a: Dondozo|spe|2\n|-boost|p2a: Dondozo|def|2\n|-boost|p2a: Dondozo|spd|2\n|-terastallize|p2a: Dondozo|Water\n|move|p1a: Hydreigon|Heat Wave|p2a: Dondozo|[spread] \n|-miss|p1a: Hydreigon|p2b: Tatsugiri\n|-miss|p1a: Hydreigon|p2a: Dondozo\n|move|p1b: Basculegion|Last Respects|p2b: Tatsugiri|[miss]\n|-miss|p1b: Basculegion|p2b: Tatsugiri\n|move|p2a: Dondozo|Surf|p1b: Basculegion|[spread] p1a,p1b\n|-miss|p2a: Dondozo|p2b: Tatsugiri\n|-resisted|p1a: Hydreigon\n|-resisted|p1b: Basculegion\n|-damage|p1a: Hydreigon|40\/100\n|-damage|p1b: Basculegion|48\/100\n|\n|-weather|RainDance|[upkeep]\n|-sideend|p1: datbishgames|move: Tailwind\n|upkeep\n|turn|5\n|\n|t:|1731001998\n|move|p1a: Hydreigon|Protect|p1a: Hydreigon\n|-singleturn|p1a: Hydreigon|Protect\n|move|p2a: Dondozo|Surf|p1b: Basculegion|[spread] p1b\n|-miss|p2a: Dondozo|p2b: Tatsugiri\n|-activate|p1a: Hydreigon|move: Protect\n|-resisted|p1b: Basculegion\n|-damage|p1b: Basculegion|0 fnt\n|faint|p1b: Basculegion\n|\n|-weather|none\n|upkeep\n|turn|6\n|-message|datbishgames forfeited.\n|\n|win|jhyjhyt\n|raw|datbishgames's rating: 1767 &rarr; <strong>1741<\/strong><br \/>(-26 for losing)\n|raw|jhyjhyt's rating: 1665 &rarr; <strong>1691<\/strong><br \/>(+26 for winning)\n|l|\u2606datbishgames\n|player|p1|\n|l|\u2606jhyjhyt\n|player|p2|\n|l| dijondan\n","uploadtime":1731002165,"views":27,"formatid":"gen9vgc2024regh","rating":1691,"private":0,"password":null}