{"id":"gen9vgc2024regh-2239902520","format":"[Gen 9] VGC 2024 Reg H","players":["chin8","Betsie"],"log":"|j|\u2606chin8\n|j|\u2606Betsie\n|t:|1731074401\n|gametype|doubles\n|player|p1|chin8|gentleman-gen4dp|1776\n|player|p2|Betsie|grimsley-masters|1777\n|teamsize|p1|6\n|teamsize|p2|6\n|gen|9\n|tier|[Gen 9] VGC 2024 Reg H\n|rated|\n|rule|Species Clause: Limit one of each Pok\u00e9mon\n|rule|Item Clause: Limit 1 of each item\n|clearpoke\n|poke|p1|Baxcalibur, L50, M|\n|poke|p1|Kilowattrel, L50, M|\n|poke|p1|Granbull, L50, F|\n|poke|p1|Gardevoir, L50, F|\n|poke|p1|Magmortar, L50, M|\n|poke|p1|Gholdengo, L50|\n|poke|p2|Kingambit, L50, M|\n|poke|p2|Sneasler, L50, F|\n|poke|p2|Dragonite, L50, F|\n|poke|p2|Gastrodon, L50, F|\n|poke|p2|Ceruledge, L50, M|\n|poke|p2|Rillaboom, L50, F|\n|teampreview|4\n|inactive|Battle timer is ON: inactive players will automatically lose when time's up. (requested by Betsie)\n|inactive|chin8 has 60 seconds left.\n|inactive|Betsie has 60 seconds left.\n|\n|t:|1731074443\n|start\n|switch|p1a: Magmortar|Magmortar, L50, M|100\/100\n|switch|p1b: Granbull|Granbull, L50, F|100\/100\n|switch|p2a: Kingambit|Kingambit, L50, M|100\/100\n|switch|p2b: Ceruledge|Ceruledge, L50, M|100\/100\n|-ability|p1b: Granbull|Intimidate|boost\n|-unboost|p2a: Kingambit|atk|1\n|-ability|p2a: Kingambit|Defiant|boost\n|-boost|p2a: Kingambit|atk|2\n|-unboost|p2b: Ceruledge|atk|1\n|turn|1\n|j| The_Beast1440\n|\n|t:|1731074463\n|-terastallize|p2a: Kingambit|Flying\n|move|p2b: Ceruledge|Bulk Up|p2b: Ceruledge\n|-boost|p2b: Ceruledge|atk|1\n|-boost|p2b: Ceruledge|def|1\n|move|p1a: Magmortar|Taunt|p2b: Ceruledge\n|-start|p2b: Ceruledge|move: Taunt\n|move|p1b: Granbull|Close Combat|p2a: Kingambit\n|-resisted|p2a: Kingambit\n|-damage|p2a: Kingambit|88\/100\n|-unboost|p1b: Granbull|def|1\n|-unboost|p1b: Granbull|spd|1\n|move|p2a: Kingambit|Kowtow Cleave|p1a: Magmortar\n|-damage|p1a: Magmortar|21\/100\n|-enditem|p1a: Magmortar|Sitrus Berry|[eat]\n|-heal|p1a: Magmortar|46\/100|[from] item: Sitrus Berry\n|\n|upkeep\n|turn|2\n|\n|t:|1731074480\n|switch|p1b: Baxcalibur|Baxcalibur, L50, M|100\/100\n|move|p1a: Magmortar|Protect|p1a: Magmortar\n|-singleturn|p1a: Magmortar|Protect\n|move|p2a: Kingambit|Sucker Punch||[still]\n|-fail|p2a: Kingambit\n|move|p2b: Ceruledge|Bitter Blade|p1b: Baxcalibur\n|-damage|p1b: Baxcalibur|61\/100\n|-ability|p1b: Baxcalibur|Thermal Exchange|boost\n|-boost|p1b: Baxcalibur|atk|1\n|\n|upkeep\n|turn|3\n|\n|t:|1731074488\n|move|p1a: Magmortar|Follow Me|p1a: Magmortar\n|-singleturn|p1a: Magmortar|move: Follow Me\n|move|p2b: Ceruledge|Shadow Sneak|p1a: Magmortar\n|-damage|p1a: Magmortar|24\/100\n|move|p2a: Kingambit|Sucker Punch||[still]\n|-fail|p2a: Kingambit\n|move|p1b: Baxcalibur|Icicle Crash|p2a: Kingambit\n|-supereffective|p2a: Kingambit\n|-damage|p2a: Kingambit|0 fnt\n|faint|p2a: Kingambit\n|\n|upkeep\n|j| cocoseed\n|l| cocoseed\n|\n|t:|1731074502\n|switch|p2a: Dragonite|Dragonite, L50, F|100\/100\n|turn|4\n|\n|t:|1731074513\n|switch|p1a: Granbull|Granbull, L50, F|100\/100\n|-ability|p1a: Granbull|Intimidate|boost\n|-unboost|p2a: Dragonite|atk|1\n|-unboost|p2b: Ceruledge|atk|1\n|-terastallize|p1b: Baxcalibur|Ground\n|move|p2a: Dragonite|Protect|p2a: Dragonite\n|-singleturn|p2a: Dragonite|Protect\n|move|p2b: Ceruledge|Shadow Sneak|p1a: Granbull\n|-damage|p1a: Granbull|85\/100\n|move|p1b: Baxcalibur|Earthquake|p2b: Ceruledge|[spread] p1a,p2b\n|-activate|p2a: Dragonite|move: Protect\n|-crit|p1a: Granbull\n|-supereffective|p2b: Ceruledge\n|-damage|p1a: Granbull|0 fnt\n|-damage|p2b: Ceruledge|2\/100\n|faint|p1a: Granbull\n|\n|-heal|p2b: Ceruledge|8\/100|[from] item: Leftovers\n|-end|p2b: Ceruledge|move: Taunt\n|upkeep\n|\n|t:|1731074521\n|switch|p1a: Gholdengo|Gholdengo, L50|100\/100\n|turn|5\n|inactive|Betsie has 30 seconds left.\n|\n|t:|1731074555\n|switch|p2a: Sneasler|Sneasler, L50, F|100\/100\n|move|p1b: Baxcalibur|Ice Shard|p2b: Ceruledge\n|-resisted|p2b: Ceruledge\n|-damage|p2b: Ceruledge|0 fnt\n|faint|p2b: Ceruledge\n|move|p1a: Gholdengo|Nasty Plot|p1a: Gholdengo\n|-boost|p1a: Gholdengo|spa|2\n|\n|upkeep\n|\n|t:|1731074561\n|switch|p2b: Dragonite|Dragonite, L50, F|100\/100\n|turn|6\n|\n|t:|1731074569\n|move|p2a: Sneasler|Fake Out|p1b: Baxcalibur\n|-damage|p1b: Baxcalibur|48\/100\n|cant|p1b: Baxcalibur|flinch\n|move|p2b: Dragonite|Scale Shot|p1b: Baxcalibur\n|-damage|p1b: Baxcalibur|33\/100\n|-damage|p1b: Baxcalibur|20\/100\n|-crit|p1b: Baxcalibur\n|-damage|p1b: Baxcalibur|0 fnt\n|faint|p1b: Baxcalibur\n|-hitcount|p1: Baxcalibur|3\n|-unboost|p2b: Dragonite|def|1\n|-boost|p2b: Dragonite|spe|1\n|move|p1a: Gholdengo|Make It Rain|p2a: Sneasler|[spread] p2a,p2b\n|-enditem|p2a: Sneasler|Focus Sash\n|-damage|p2a: Sneasler|1\/100\n|-damage|p2b: Dragonite|51\/100\n|-unboost|p1a: Gholdengo|spa|1\n|\n|upkeep\n|\n|t:|1731074573\n|switch|p1b: Magmortar|Magmortar, L50, M|24\/100\n|turn|7\n|\n|t:|1731074597\n|move|p1b: Magmortar|Follow Me|p1b: Magmortar\n|-singleturn|p1b: Magmortar|move: Follow Me\n|move|p2a: Sneasler|Close Combat|p1b: Magmortar\n|-damage|p1b: Magmortar|0 fnt\n|-unboost|p2a: Sneasler|def|1\n|-unboost|p2a: Sneasler|spd|1\n|faint|p1b: Magmortar\n|move|p2b: Dragonite|Scale Shot|p1a: Gholdengo\n|-resisted|p1a: Gholdengo\n|-damage|p1a: Gholdengo|93\/100\n|-resisted|p1a: Gholdengo\n|-damage|p1a: Gholdengo|87\/100\n|-resisted|p1a: Gholdengo\n|-damage|p1a: Gholdengo|79\/100\n|-resisted|p1a: Gholdengo\n|-damage|p1a: Gholdengo|72\/100\n|-resisted|p1a: Gholdengo\n|-damage|p1a: Gholdengo|65\/100\n|-hitcount|p1a: Gholdengo|5\n|-unboost|p2b: Dragonite|def|1\n|-boost|p2b: Dragonite|spe|1\n|move|p1a: Gholdengo|Make It Rain|p2b: Dragonite|[spread] p2a,p2b\n|-damage|p2a: Sneasler|0 fnt\n|-damage|p2b: Dragonite|0 fnt\n|-unboost|p1a: Gholdengo|spa|1\n|faint|p2a: Sneasler\n|faint|p2b: Dragonite\n|\n|win|chin8\n|raw|chin8's rating: 1776 &rarr; <strong>1796<\/strong><br \/>(+20 for winning)\n|raw|Betsie's rating: 1777 &rarr; <strong>1757<\/strong><br \/>(-20 for losing)\n|l| The_Beast1440\n|l|\u2606chin8\n|player|p1|\n","uploadtime":1731074809,"views":35,"formatid":"gen9vgc2024regh","rating":1757,"private":0,"password":null}