{"id":"gen9vgc2024regh-2239004235","format":"[Gen 9] VGC 2024 Reg H","players":["bgvgc","googer315"],"log":"|j|\u2606bgvgc\n|j|\u2606googer315\n|t:|1730950434\n|gametype|doubles\n|player|p1|bgvgc|dawn|1664\n|player|p2|googer315|169|1696\n|teamsize|p1|6\n|teamsize|p2|6\n|gen|9\n|tier|[Gen 9] VGC 2024 Reg H\n|rated|\n|rule|Species Clause: Limit one of each Pok\u00e9mon\n|rule|Item Clause: Limit 1 of each item\n|clearpoke\n|poke|p1|Incineroar, L50, F|\n|poke|p1|Rillaboom, L50, F|\n|poke|p1|Volcarona, L50, M|\n|poke|p1|Sableye, L50, M|\n|poke|p1|Clefable, L50, M|\n|poke|p1|Amoonguss, L50, M|\n|poke|p2|Dondozo, L50, F|\n|poke|p2|Tatsugiri, L50, F|\n|poke|p2|Glimmora, L50, F|\n|poke|p2|Maushold, L50|\n|poke|p2|Annihilape, L50, F|\n|poke|p2|Gholdengo, L50|\n|teampreview|4\n|inactive|Battle timer is ON: inactive players will automatically lose when time's up. (requested by bgvgc)\n|inactive|bgvgc has 60 seconds left.\n|inactive|googer315 has 60 seconds left.\n|inactive|googer315 has 30 seconds left.\n|inactive|googer315 has 20 seconds left.\n|inactive|googer315 has 15 seconds left.\n|inactive|googer315 has 10 seconds left.\n|\n|t:|1730950514\n|start\n|switch|p1a: Clefable|Clefable, L50, M|100\/100\n|switch|p1b: Volcarona|Volcarona, L50, M|100\/100\n|switch|p2a: Gholdengo|Gholdengo, L50|100\/100\n|switch|p2b: Glimmora|Glimmora, L50, F|100\/100\n|turn|1\n|inactive|bgvgc has 30 seconds left.\n|inactive|bgvgc has 20 seconds left.\n|\n|t:|1730950552\n|move|p1a: Clefable|Follow Me|p1a: Clefable\n|-singleturn|p1a: Clefable|move: Follow Me\n|move|p2a: Gholdengo|Make It Rain|p1a: Clefable|[spread] p1a,p1b\n|-supereffective|p1a: Clefable\n|-resisted|p1b: Volcarona\n|-damage|p1a: Clefable|17\/100\n|-damage|p1b: Volcarona|79\/100\n|-unboost|p2a: Gholdengo|spa|1\n|move|p2b: Glimmora|Sludge Bomb|p1a: Clefable\n|-supereffective|p1a: Clefable\n|-damage|p1a: Clefable|0 fnt\n|faint|p1a: Clefable\n|move|p1b: Volcarona|Quiver Dance|p1b: Volcarona\n|-boost|p1b: Volcarona|spa|1\n|-boost|p1b: Volcarona|spd|1\n|-boost|p1b: Volcarona|spe|1\n|\n|-heal|p1b: Volcarona|85\/100|[from] item: Leftovers\n|upkeep\n|\n|t:|1730950572\n|switch|p1a: Sableye|Sableye, L50, M|100\/100\n|turn|2\n|inactive|bgvgc has 30 seconds left.\n|\n|t:|1730950602\n|switch|p2a: Dondozo|Dondozo, L50, F|100\/100\n|switch|p2b: Tatsugiri|Tatsugiri, L50, F|100\/100\n|-activate|p2b: Tatsugiri|ability: Commander|[of] p2a: Dondozo\n|-boost|p2a: Dondozo|atk|2\n|-boost|p2a: Dondozo|spa|2\n|-boost|p2a: Dondozo|spe|2\n|-boost|p2a: Dondozo|def|2\n|-boost|p2a: Dondozo|spd|2\n|move|p1b: Volcarona|Protect|p1b: Volcarona\n|-singleturn|p1b: Volcarona|Protect\n|move|p1a: Sableye|Light Screen|p1a: Sableye\n|-sidestart|p1: bgvgc|move: Light Screen\n|\n|-heal|p1b: Volcarona|91\/100|[from] item: Leftovers\n|upkeep\n|turn|3\n|j| Jamtaviousiv\n|\n|t:|1730950623\n|switch|p1a: Amoonguss|Amoonguss, L50, M|100\/100\n|-terastallize|p1b: Volcarona|Grass\n|move|p1b: Volcarona|Quiver Dance|p1b: Volcarona\n|-boost|p1b: Volcarona|spa|1\n|-boost|p1b: Volcarona|spd|1\n|-boost|p1b: Volcarona|spe|1\n|move|p2a: Dondozo|Order Up|p1b: Volcarona\n|-damage|p1b: Volcarona|44\/100\n|-boost|p2a: Dondozo|atk|1\n|\n|-heal|p1b: Volcarona|50\/100|[from] item: Leftovers\n|upkeep\n|turn|4\n|\n|t:|1730950641\n|move|p1b: Volcarona|Protect|p1b: Volcarona\n|-singleturn|p1b: Volcarona|Protect\n|move|p2a: Dondozo|Order Up|p1a: Amoonguss\n|-damage|p1a: Amoonguss|51\/100\n|-boost|p2a: Dondozo|atk|1\n|move|p1a: Amoonguss|Clear Smog|p2a: Dondozo\n|-damage|p2a: Dondozo|95\/100\n|-clearboost|p2a: Dondozo\n|\n|-heal|p1b: Volcarona|57\/100|[from] item: Leftovers\n|-heal|p2a: Dondozo|100\/100|[from] item: Leftovers\n|upkeep\n|turn|5\n|\n|t:|1730950662\n|switch|p1a: Sableye|Sableye, L50, M|100\/100\n|move|p1b: Volcarona|Giga Drain|p2a: Dondozo\n|-supereffective|p2a: Dondozo\n|-crit|p2a: Dondozo\n|-damage|p2a: Dondozo|13\/100\n|-heal|p1b: Volcarona|100\/100|[from] drain|[of] p2a: Dondozo\n|move|p2a: Dondozo|Order Up|p1b: Volcarona\n|-damage|p1b: Volcarona|75\/100\n|-boost|p2a: Dondozo|atk|1\n|\n|-heal|p1b: Volcarona|81\/100|[from] item: Leftovers\n|-heal|p2a: Dondozo|19\/100|[from] item: Leftovers\n|upkeep\n|turn|6\n|inactive|bgvgc has 30 seconds left.\n|\n|t:|1730950687\n|move|p1a: Sableye|Disable|p2a: Dondozo\n|-start|p2a: Dondozo|Disable|Order Up\n|move|p1b: Volcarona|Quiver Dance|p1b: Volcarona\n|-boost|p1b: Volcarona|spa|1\n|-boost|p1b: Volcarona|spd|1\n|-boost|p1b: Volcarona|spe|1\n|cant|p2a: Dondozo|Disable|Order Up\n|\n|-heal|p1b: Volcarona|87\/100|[from] item: Leftovers\n|-heal|p2a: Dondozo|25\/100|[from] item: Leftovers\n|upkeep\n|turn|7\n|\n|t:|1730950708\n|move|p1a: Sableye|Reflect|p1a: Sableye\n|-sidestart|p1: bgvgc|Reflect\n|move|p1b: Volcarona|Giga Drain|p2a: Dondozo\n|-supereffective|p2a: Dondozo\n|-damage|p2a: Dondozo|0 fnt\n|-heal|p1b: Volcarona|100\/100|[from] drain|[of] p2a: Dondozo\n|faint|p2a: Dondozo\n|\n|upkeep\n|\n|t:|1730950717\n|switch|p2a: Glimmora|Glimmora, L50, F|100\/100\n|turn|8\n|\n|t:|1730950734\n|switch|p1a: Amoonguss|Amoonguss, L50, M|84\/100\n|move|p1b: Volcarona|Heat Wave|p2a: Glimmora|[spread] p2a,p2b\n|-resisted|p2a: Glimmora\n|-resisted|p2b: Tatsugiri\n|-damage|p2a: Glimmora|44\/100\n|-damage|p2b: Tatsugiri|70\/100\n|move|p2b: Tatsugiri|Draco Meteor|p1b: Volcarona\n|-damage|p1b: Volcarona|85\/100\n|-unboost|p2b: Tatsugiri|spa|2\n|move|p2a: Glimmora|Sludge Bomb|p1b: Volcarona\n|-supereffective|p1b: Volcarona\n|-damage|p1b: Volcarona|57\/100\n|\n|-heal|p1b: Volcarona|64\/100|[from] item: Leftovers\n|upkeep\n|turn|9\n|inactive|googer315 has 30 seconds left.\n|inactive|googer315 has 20 seconds left.\n|inactive|googer315 has 15 seconds left.\n|inactive|googer315 has 10 seconds left.\n|inactive|googer315 has 5 seconds left.\n|\n|t:|1730950789\n|move|p1a: Amoonguss|Rage Powder|p1a: Amoonguss\n|-singleturn|p1a: Amoonguss|move: Rage Powder\n|move|p1b: Volcarona|Giga Drain|p2a: Glimmora\n|-damage|p2a: Glimmora|0 fnt\n|-heal|p1b: Volcarona|82\/100|[from] drain|[of] p2a: Glimmora\n|faint|p2a: Glimmora\n|move|p2b: Tatsugiri|Muddy Water|p1a: Amoonguss|[spread] p1a,p1b\n|-resisted|p1a: Amoonguss\n|-resisted|p1b: Volcarona\n|-damage|p1a: Amoonguss|80\/100\n|-damage|p1b: Volcarona|80\/100\n|-unboost|p1a: Amoonguss|accuracy|1\n|\n|-heal|p1b: Volcarona|86\/100|[from] item: Leftovers\n|-sideend|p1: bgvgc|move: Light Screen\n|upkeep\n|inactive|googer315 has 30 seconds left.\n|inactive|googer315 has 20 seconds left.\n|inactive|googer315 has 15 seconds left.\n|j| On Garde!! (Voir)\n|inactive|googer315 has 10 seconds left.\n|inactive|googer315 has 5 seconds left.\n|\n|t:|1730950844\n|switch|p2a: Gholdengo|Gholdengo, L50|100\/100\n|turn|10\n|l| On Garde!! (Voir)\n|inactive|googer315 has 30 seconds left.\n|inactive|googer315 has 20 seconds left.\n|inactive|googer315 has 15 seconds left.\n|inactive|googer315 has 10 seconds left.\n|inactive|googer315 has 5 seconds left.\n|\n|t:|1730950899\n|move|p1b: Volcarona|Heat Wave|p2a: Gholdengo|[spread] p2a,p2b\n|-supereffective|p2a: Gholdengo\n|-resisted|p2b: Tatsugiri\n|-crit|p2b: Tatsugiri\n|-damage|p2a: Gholdengo|0 fnt\n|-damage|p2b: Tatsugiri|26\/100\n|faint|p2a: Gholdengo\n|move|p2b: Tatsugiri|Muddy Water|p1a: Amoonguss|[spread] p1a,p1b\n|-resisted|p1a: Amoonguss\n|-resisted|p1b: Volcarona\n|-damage|p1a: Amoonguss|73\/100\n|-damage|p1b: Volcarona|83\/100\n|move|p1a: Amoonguss|Pollen Puff|p1b: Volcarona\n|-heal|p1b: Volcarona|100\/100\n|\n|upkeep\n|turn|11\n|inactive|googer315 has 30 seconds left.\n|l|\u2606bgvgc\n|inactive|bgvgc disconnected and has a minute to reconnect!\n|player|p1|\n|inactive|googer315 has 20 seconds left.\n|j|\u2606bgvgc\n|inactive|bgvgc reconnected.\n|player|p1|bgvgc|dawn|\n|inactive|googer315 has 15 seconds left.\n|inactive|googer315 has 10 seconds left.\n|inactive|googer315 has 5 seconds left.\n|\n|t:|1730950954\n|switch|p1a: Sableye|Sableye, L50, M|100\/100\n|move|p1b: Volcarona|Giga Drain|p2b: Tatsugiri\n|-damage|p2b: Tatsugiri|0 fnt\n|faint|p2b: Tatsugiri\n|\n|win|bgvgc\n|raw|bgvgc's rating: 1664 &rarr; <strong>1686<\/strong><br \/>(+22 for winning)\n|raw|googer315's rating: 1696 &rarr; <strong>1674<\/strong><br \/>(-22 for losing)\n|l|\u2606googer315\n|player|p2|\n|l|\u2606bgvgc\n|player|p1|\n","uploadtime":1730951180,"views":27,"formatid":"gen9vgc2024regh","rating":1674,"private":0,"password":null}