{"id":"gen9vgc2024regh-2239365790","format":"[Gen 9] VGC 2024 Reg H","players":["caZISA","grade a type b"],"log":"|j|\u2606caZISA\n|j|\u2606grade a type b\n|t:|1731001737\n|gametype|doubles\n|player|p1|caZISA|red|1739\n|player|p2|grade a type b|waiter-gen4dp|1801\n|teamsize|p1|6\n|teamsize|p2|6\n|gen|9\n|tier|[Gen 9] VGC 2024 Reg H\n|rated|\n|rule|Species Clause: Limit one of each Pok\u00e9mon\n|rule|Item Clause: Limit 1 of each item\n|clearpoke\n|poke|p1|Gothitelle, L50, M|\n|poke|p1|Ursaluna, L50, F|\n|poke|p1|Amoonguss, L50, F|\n|poke|p1|Torkoal, L50, F|\n|poke|p1|Flamigo, L50, F|\n|poke|p1|Kingambit, L50, M|\n|poke|p2|Whimsicott, L50, F|\n|poke|p2|Ursaluna-Bloodmoon, L50, M|\n|poke|p2|Tyranitar, L50, M|\n|poke|p2|Gholdengo, L50|\n|poke|p2|Dragonite, L50, M|\n|poke|p2|Primarina, L50, F|\n|teampreview|4\n|inactive|Battle timer is ON: inactive players will automatically lose when time's up. (requested by grade a type b)\n|\n|t:|1731001768\n|start\n|switch|p1a: Vanessa|Gothitelle, L50, M|100\/100\n|switch|p1b: Flamigo|Flamigo, L50, F|100\/100\n|switch|p2a: Liberal Cope Sesh|Ursaluna-Bloodmoon, L50, M|100\/100\n|switch|p2b: Trump's Red Wave|Gholdengo, L50|100\/100\n|turn|1\n|\n|t:|1731001781\n|-terastallize|p2a: Liberal Cope Sesh|Ghost\n|move|p1a: Vanessa|Protect|p1a: Vanessa\n|-singleturn|p1a: Vanessa|Protect\n|move|p1b: Flamigo|Close Combat|p2b: Trump's Red Wave\n|-supereffective|p2b: Trump's Red Wave\n|-damage|p2b: Trump's Red Wave|0 fnt\n|-unboost|p1b: Flamigo|def|1\n|-unboost|p1b: Flamigo|spd|1\n|faint|p2b: Trump's Red Wave\n|move|p2a: Liberal Cope Sesh|Blood Moon|p1a: Vanessa\n|-activate|p1a: Vanessa|move: Protect\n|\n|upkeep\n|\n|t:|1731001785\n|switch|p2b: ELON'S PROTECTOR|Dragonite, L50, M|100\/100\n|turn|2\n|\n|t:|1731001809\n|switch|p1a: Kingambit|Kingambit, L50, M|100\/100\n|move|p1b: Flamigo|Dual Wingbeat|p2b: ELON'S PROTECTOR\n|-damage|p2b: ELON'S PROTECTOR|91\/100\n|-damage|p2b: ELON'S PROTECTOR|73\/100\n|-hitcount|p2b: ELON'S PROTECTOR|2\n|move|p2b: ELON'S PROTECTOR|Scale Shot|p1a: Kingambit\n|-resisted|p1a: Kingambit\n|-damage|p1a: Kingambit|95\/100\n|-resisted|p1a: Kingambit\n|-damage|p1a: Kingambit|89\/100\n|-resisted|p1a: Kingambit\n|-damage|p1a: Kingambit|83\/100\n|-resisted|p1a: Kingambit\n|-crit|p1a: Kingambit\n|-damage|p1a: Kingambit|75\/100\n|-resisted|p1a: Kingambit\n|-damage|p1a: Kingambit|70\/100\n|-hitcount|p1a: Kingambit|5\n|-unboost|p2b: ELON'S PROTECTOR|def|1\n|-boost|p2b: ELON'S PROTECTOR|spe|1\n|move|p2a: Liberal Cope Sesh|Hyper Voice|p1a: Kingambit|[spread] p1a,p1b\n|-resisted|p1a: Kingambit\n|-damage|p1a: Kingambit|54\/100\n|-enditem|p1b: Flamigo|Focus Sash\n|-damage|p1b: Flamigo|1\/100\n|-damage|p2a: Liberal Cope Sesh|91\/100|[from] item: Life Orb\n|\n|upkeep\n|turn|3\n|\n|t:|1731001832\n|move|p2b: ELON'S PROTECTOR|Extreme Speed|p1b: Flamigo\n|-damage|p1b: Flamigo|0 fnt\n|faint|p1b: Flamigo\n|move|p1a: Kingambit|Sucker Punch|p2a: Liberal Cope Sesh\n|-supereffective|p2a: Liberal Cope Sesh\n|-damage|p2a: Liberal Cope Sesh|27\/100\n|move|p2a: Liberal Cope Sesh|Earth Power|p1a: Kingambit\n|-supereffective|p1a: Kingambit\n|-damage|p1a: Kingambit|0 fnt\n|faint|p1a: Kingambit\n|-damage|p2a: Liberal Cope Sesh|18\/100|[from] item: Life Orb\n|\n|upkeep\n|\n|t:|1731001836\n|switch|p1b: Torkoal|Torkoal, L50, F|100\/100\n|switch|p1a: Vanessa|Gothitelle, L50, M|100\/100\n|-weather|SunnyDay|[from] ability: Drought|[of] p1b: Torkoal\n|turn|4\n|\n|t:|1731001852\n|move|p2b: ELON'S PROTECTOR|Scale Shot|p1a: Vanessa\n|-damage|p1a: Vanessa|86\/100\n|-damage|p1a: Vanessa|73\/100\n|-damage|p1a: Vanessa|59\/100\n|-damage|p1a: Vanessa|47\/100\n|-damage|p1a: Vanessa|34\/100\n|-hitcount|p1a: Vanessa|5\n|-unboost|p2b: ELON'S PROTECTOR|def|1\n|-boost|p2b: ELON'S PROTECTOR|spe|1\n|move|p2a: Liberal Cope Sesh|Blood Moon|p1a: Vanessa\n|-damage|p1a: Vanessa|0 fnt\n|faint|p1a: Vanessa\n|-damage|p2a: Liberal Cope Sesh|8\/100|[from] item: Life Orb\n|move|p1b: Torkoal|Heat Wave|p2b: ELON'S PROTECTOR|[spread] p2a,p2b\n|-resisted|p2b: ELON'S PROTECTOR\n|-damage|p2a: Liberal Cope Sesh|0 fnt\n|-damage|p2b: ELON'S PROTECTOR|48\/100\n|faint|p2a: Liberal Cope Sesh\n|\n|-weather|SunnyDay|[upkeep]\n|upkeep\n|\n|t:|1731001871\n|switch|p2a: Liberal Tears|Primarina, L50, F|100\/100\n|turn|5\n|-message|caZISA forfeited.\n|\n|win|grade a type b\n|raw|caZISA's rating: 1739 &rarr; <strong>1723<\/strong><br \/>(-16 for losing)\n|raw|grade a type b's rating: 1801 &rarr; <strong>1817<\/strong><br \/>(+16 for winning)\n|l|\u2606caZISA\n|player|p1|\n|l|\u2606grade a type b\n|player|p2|\n","uploadtime":1731002025,"views":33,"formatid":"gen9vgc2024regh","rating":1723,"private":0,"password":null}