{"id":"gen9vgc2024regh-2239620450","format":"[Gen 9] VGC 2024 Reg H","players":["greenlightdmp","Hybbridd"],"log":"|j|\u2606greenlightdmp\n|j|\u2606Hybbridd\n|t:|1731029219\n|gametype|doubles\n|player|p1|greenlightdmp|266|1732\n|player|p2|Hybbridd|lucas-gen4pt|1706\n|teamsize|p1|6\n|teamsize|p2|6\n|gen|9\n|tier|[Gen 9] VGC 2024 Reg H\n|rated|\n|rule|Species Clause: Limit one of each Pok\u00e9mon\n|rule|Item Clause: Limit 1 of each item\n|clearpoke\n|poke|p1|Sneasler, L50, M|\n|poke|p1|Indeedee-F, L50, F|\n|poke|p1|Murkrow, L50, M|\n|poke|p1|Archaludon, L50, F|\n|poke|p1|Basculegion, L50, M|\n|poke|p1|Volcarona, L50, M|\n|poke|p2|Dragapult, L50, M|\n|poke|p2|Tsareena, L50, F|\n|poke|p2|Chandelure, L50, F|\n|poke|p2|Whimsicott, L50, F|\n|poke|p2|Annihilape, L50, M|\n|poke|p2|Rotom-Wash, L50|\n|teampreview|4\n|\n|t:|1731029262\n|start\n|switch|p1a: VEGETA|Basculegion, L50, M|100\/100\n|switch|p1b: Raf Camora|Murkrow, L50, M|100\/100\n|switch|p2a: HiSquidward|Whimsicott, L50, F, shiny|100\/100\n|switch|p2b: Box Troll|Rotom-Wash, L50, shiny|100\/100\n|turn|1\n|\n|t:|1731029284\n|move|p2a: HiSquidward|Tailwind|p2a: HiSquidward\n|-sidestart|p2: Hybbridd|move: Tailwind\n|move|p1b: Raf Camora|Tailwind|p1b: Raf Camora\n|-sidestart|p1: greenlightdmp|move: Tailwind\n|move|p1a: VEGETA|Flip Turn|p2a: HiSquidward\n|-resisted|p2a: HiSquidward\n|-damage|p2a: HiSquidward|68\/100\n|\n|t:|1731029292\n|switch|p1a: MACHBACK|Archaludon, L50, F|100\/100|[from] Flip Turn\n|move|p2b: Box Troll|Electroweb|p1b: Raf Camora|[spread] p1a,p1b\n|-resisted|p1a: MACHBACK\n|-supereffective|p1b: Raf Camora\n|-damage|p1a: MACHBACK|91\/100\n|-damage|p1b: Raf Camora|54\/100\n|-unboost|p1a: MACHBACK|spe|1\n|-unboost|p1b: Raf Camora|spe|1\n|-ability|p1a: MACHBACK|Stamina|boost\n|-boost|p1a: MACHBACK|def|1\n|\n|upkeep\n|turn|2\n|\n|t:|1731029318\n|move|p1b: Raf Camora|Rain Dance|p1b: Raf Camora\n|-weather|RainDance\n|move|p2a: HiSquidward|Moonblast|p1b: Raf Camora\n|-supereffective|p1b: Raf Camora\n|-damage|p1b: Raf Camora|0 fnt\n|faint|p1b: Raf Camora\n|move|p2b: Box Troll|Will-O-Wisp|p1a: MACHBACK\n|-status|p1a: MACHBACK|brn\n|move|p1a: MACHBACK|Flash Cannon|p2a: HiSquidward\n|-supereffective|p2a: HiSquidward\n|-damage|p2a: HiSquidward|0 fnt\n|faint|p2a: HiSquidward\n|\n|-weather|RainDance|[upkeep]\n|-damage|p1a: MACHBACK|85\/100 brn|[from] brn\n|upkeep\n|\n|t:|1731029345\n|switch|p2a: Shauntal|Chandelure, L50, F|100\/100\n|switch|p1b: VEGETA|Basculegion, L50, M|100\/100\n|turn|3\n|\n|t:|1731029371\n|switch|p2a: r a g e|Annihilape, L50, M, shiny|100\/100\n|move|p1b: VEGETA|Flip Turn|p2b: Box Troll\n|-resisted|p2b: Box Troll\n|-damage|p2b: Box Troll|64\/100\n|\n|t:|1731029376\n|switch|p1b: Slim Shady|Sneasler, L50, M|100\/100|[from] Flip Turn\n|move|p2b: Box Troll|Electroweb|p1a: MACHBACK|[spread] p1a,p1b\n|-resisted|p1a: MACHBACK\n|-damage|p1a: MACHBACK|76\/100 brn\n|-damage|p1b: Slim Shady|72\/100\n|-unboost|p1a: MACHBACK|spe|1\n|-unboost|p1b: Slim Shady|spe|1\n|-ability|p1a: MACHBACK|Stamina|boost\n|-boost|p1a: MACHBACK|def|1\n|move|p1a: MACHBACK|Electro Shot||[still]\n|-prepare|p1a: MACHBACK|Electro Shot\n|-boost|p1a: MACHBACK|spa|1\n|-anim|p1a: MACHBACK|Electro Shot|p2b: Box Troll\n|-damage|p2b: Box Troll|0 fnt\n|faint|p2b: Box Troll\n|\n|-weather|RainDance|[upkeep]\n|-damage|p1a: MACHBACK|70\/100 brn|[from] brn\n|upkeep\n|\n|t:|1731029390\n|switch|p2b: Shauntal|Chandelure, L50, F|100\/100\n|turn|4\n|\n|t:|1731029411\n|move|p2b: Shauntal|Shadow Ball|p1a: MACHBACK\n|-damage|p1a: MACHBACK|30\/100 brn\n|-ability|p1a: MACHBACK|Stamina|boost\n|-boost|p1a: MACHBACK|def|1\n|move|p2a: r a g e|Drain Punch|p1a: MACHBACK\n|-supereffective|p1a: MACHBACK\n|-damage|p1a: MACHBACK|9\/100 brn\n|-ability|p1a: MACHBACK|Stamina|boost\n|-boost|p1a: MACHBACK|def|1\n|move|p1b: Slim Shady|Dire Claw|p2a: r a g e\n|-resisted|p2a: r a g e\n|-damage|p2a: r a g e|78\/100\n|-status|p2a: r a g e|par\n|move|p1a: MACHBACK|Electro Shot||[still]\n|-prepare|p1a: MACHBACK|Electro Shot\n|-boost|p1a: MACHBACK|spa|1\n|-anim|p1a: MACHBACK|Electro Shot|p2b: Shauntal\n|-damage|p2b: Shauntal|0 fnt\n|faint|p2b: Shauntal\n|\n|-weather|RainDance|[upkeep]\n|-heal|p2a: r a g e|84\/100 par|[from] item: Leftovers\n|-damage|p1a: MACHBACK|3\/100 brn|[from] brn\n|-sideend|p1: greenlightdmp|move: Tailwind\n|-sideend|p2: Hybbridd|move: Tailwind\n|upkeep\n|turn|5\n|\n|t:|1731029439\n|move|p1b: Slim Shady|Protect|p1b: Slim Shady\n|-singleturn|p1b: Slim Shady|Protect\n|move|p2a: r a g e|Protect|p2a: r a g e\n|-singleturn|p2a: r a g e|Protect\n|move|p1a: MACHBACK|Draco Meteor|p2a: r a g e\n|-activate|p2a: r a g e|move: Protect\n|\n|-weather|RainDance|[upkeep]\n|-heal|p2a: r a g e|90\/100 par|[from] item: Leftovers\n|-damage|p1a: MACHBACK|0 fnt|[from] brn\n|faint|p1a: MACHBACK\n|upkeep\n|\n|t:|1731029445\n|switch|p1a: VEGETA|Basculegion, L50, M|100\/100\n|turn|6\n|\n|t:|1731029464\n|-terastallize|p2a: r a g e|Dark\n|move|p1a: VEGETA|Last Respects|p2a: r a g e\n|-resisted|p2a: r a g e\n|-damage|p2a: r a g e|37\/100 par\n|move|p1b: Slim Shady|Dire Claw|p2a: r a g e\n|-damage|p2a: r a g e|0 fnt\n|faint|p2a: r a g e\n|\n|win|greenlightdmp\n|raw|greenlightdmp's rating: 1732 &rarr; <strong>1751<\/strong><br \/>(+19 for winning)\n|raw|Hybbridd's rating: 1719 &rarr; <strong>1700<\/strong><br \/>(-19 for losing)\n|l|\u2606Hybbridd\n|player|p2|\n|l|\u2606greenlightdmp\n|player|p1|\n|j| judang\n","uploadtime":1731029699,"views":29,"formatid":"gen9vgc2024regh","rating":1700,"private":0,"password":null}