{"id":"gen9vgc2024regh-2239890269","format":"[Gen 9] VGC 2024 Reg H","players":["chin8","Kodora"],"log":"|j|\u2606chin8\n|j|\u2606Kodora\n|t:|1731073008\n|gametype|doubles\n|player|p1|chin8|gentleman-gen4dp|1745\n|player|p2|Kodora|169|1708\n|teamsize|p1|6\n|teamsize|p2|6\n|gen|9\n|tier|[Gen 9] VGC 2024 Reg H\n|rated|\n|rule|Species Clause: Limit one of each Pok\u00e9mon\n|rule|Item Clause: Limit 1 of each item\n|clearpoke\n|poke|p1|Baxcalibur, L50, F|\n|poke|p1|Kilowattrel, L50, M|\n|poke|p1|Granbull, L50, M|\n|poke|p1|Gardevoir, L50, F|\n|poke|p1|Magmortar, L50, M|\n|poke|p1|Gholdengo, L50|\n|poke|p2|Maushold-Four, L50|\n|poke|p2|Annihilape, L50, M|\n|poke|p2|Archaludon, L50, F|\n|poke|p2|Murkrow, L50, M|\n|poke|p2|Weavile, L50, F|\n|poke|p2|Garchomp, L50, F|\n|teampreview|4\n|inactive|Battle timer is ON: inactive players will automatically lose when time's up. (requested by chin8)\n|inactive|Kodora has 60 seconds left.\n|\n|t:|1731073065\n|start\n|switch|p1a: Magmortar|Magmortar, L50, M|100\/100\n|switch|p1b: Baxcalibur|Baxcalibur, L50, F|100\/100\n|switch|p2a: Maushold|Maushold-Four, L50, shiny|100\/100\n|switch|p2b: Weavile|Weavile, L50, F, shiny|100\/100\n|-ability|p2b: Weavile|Pressure\n|turn|1\n|inactive|chin8 has 30 seconds left.\n|inactive|chin8 has 20 seconds left.\n|inactive|chin8 has 15 seconds left.\n|inactive|chin8 has 10 seconds left.\n|inactive|chin8 has 5 seconds left.\n|\n|t:|1731073117\n|switch|p2b: Annihilape|Annihilape, L50, M, shiny|100\/100\n|switch|p1b: Kilowattrel|Kilowattrel, L50, M|100\/100\n|move|p2a: Maushold|Beat Up|p2b: Annihilape\n|-damage|p2b: Annihilape|99\/100\n|-damage|p2b: Annihilape|96\/100\n|-damage|p2b: Annihilape|94\/100\n|-damage|p2b: Annihilape|91\/100\n|-hitcount|p2b: Annihilape|4\n|move|p1a: Magmortar|Heat Wave|p2b: Annihilape|[spread] p2a,p2b\n|-damage|p2a: Maushold|60\/100\n|-damage|p2b: Annihilape|69\/100\n|\n|upkeep\n|turn|2\n|\n|t:|1731073134\n|move|p1b: Kilowattrel|Tailwind|p1b: Kilowattrel\n|-sidestart|p1: chin8|move: Tailwind\n|move|p1a: Magmortar|Heat Wave|p2a: Maushold|[spread] p2a,p2b\n|-crit|p2a: Maushold\n|-damage|p2a: Maushold|5\/100\n|-damage|p2b: Annihilape|46\/100\n|move|p2a: Maushold|Taunt|p1a: Magmortar\n|-start|p1a: Magmortar|move: Taunt\n|move|p2b: Annihilape|Rage Fist|p1b: Kilowattrel\n|-enditem|p1b: Kilowattrel|Focus Sash\n|-damage|p1b: Kilowattrel|1\/100\n|\n|upkeep\n|turn|3\n|\n|t:|1731073146\n|-terastallize|p2b: Annihilape|Water\n|move|p2a: Maushold|Follow Me|p2a: Maushold\n|-singleturn|p2a: Maushold|move: Follow Me\n|move|p1b: Kilowattrel|Thunderbolt|p2a: Maushold\n|-damage|p2a: Maushold|0 fnt\n|faint|p2a: Maushold\n|move|p1a: Magmortar|Heat Wave|p2b: Annihilape\n|-resisted|p2b: Annihilape\n|-damage|p2b: Annihilape|29\/100\n|move|p2b: Annihilape|Rage Fist|p1b: Kilowattrel\n|-damage|p1b: Kilowattrel|0 fnt\n|faint|p1b: Kilowattrel\n|\n|upkeep\n|\n|t:|1731073162\n|switch|p1b: Gardevoir|Gardevoir, L50, F|100\/100\n|switch|p2a: Weavile|Weavile, L50, F, shiny|100\/100\n|-ability|p2a: Weavile|Pressure\n|turn|4\n|\n|t:|1731073173\n|-terastallize|p1b: Gardevoir|Ghost\n|move|p2a: Weavile|Fake Out|p1b: Gardevoir\n|-immune|p1b: Gardevoir\n|move|p1a: Magmortar|Heat Wave|p2b: Annihilape|[spread] p2a,p2b\n|-supereffective|p2a: Weavile\n|-resisted|p2b: Annihilape\n|-damage|p2a: Weavile|14\/100\n|-damage|p2b: Annihilape|14\/100\n|move|p1b: Gardevoir|Dazzling Gleam|p2b: Annihilape|[spread] p2a,p2b\n|-supereffective|p2a: Weavile\n|-damage|p2a: Weavile|0 fnt\n|-damage|p2b: Annihilape|0 fnt\n|faint|p2a: Weavile\n|faint|p2b: Annihilape\n|\n|upkeep\n|\n|t:|1731073176\n|switch|p2b: Garchomp|Garchomp, L50, F, shiny|100\/100\n|turn|5\n|\n|t:|1731073188\n|move|p2b: Garchomp|Protect|p2b: Garchomp\n|-singleturn|p2b: Garchomp|Protect\n|move|p1a: Magmortar|Heat Wave|p2b: Garchomp\n|-activate|p2b: Garchomp|move: Protect\n|move|p1b: Gardevoir|Trick Room|p1b: Gardevoir\n|-fieldstart|move: Trick Room|[of] p1b: Gardevoir\n|\n|-end|p1a: Magmortar|move: Taunt\n|-sideend|p1: chin8|move: Tailwind\n|upkeep\n|turn|6\n|\n|t:|1731073198\n|move|p1b: Gardevoir|Dazzling Gleam|p2b: Garchomp\n|-supereffective|p2b: Garchomp\n|-damage|p2b: Garchomp|0 fnt\n|faint|p2b: Garchomp\n|\n|win|chin8\n|raw|chin8's rating: 1745 &rarr; <strong>1763<\/strong><br \/>(+18 for winning)\n|raw|Kodora's rating: 1708 &rarr; <strong>1690<\/strong><br \/>(-18 for losing)\n|l|\u2606Kodora\n|player|p2|\n|l|\u2606chin8\n|player|p1|\n","uploadtime":1731073390,"views":38,"formatid":"gen9vgc2024regh","rating":1690,"private":0,"password":null}