{"id":"gen9vgc2024regh-2239022762","format":"[Gen 9] VGC 2024 Reg H","players":["Allhailhippo","my!lane"],"log":"|j|\u2606Allhailhippo\n|j|\u2606my!lane\n|t:|1730953179\n|gametype|doubles\n|player|p1|Allhailhippo|265|1724\n|player|p2|my!lane|roxie|1722\n|teamsize|p1|6\n|teamsize|p2|6\n|gen|9\n|tier|[Gen 9] VGC 2024 Reg H\n|rated|\n|rule|Species Clause: Limit one of each Pok\u00e9mon\n|rule|Item Clause: Limit 1 of each item\n|clearpoke\n|poke|p1|Tyranitar, L50, F|\n|poke|p1|Houndstone, L50, F|\n|poke|p1|Whimsicott, L50, F|\n|poke|p1|Annihilape, L50, F|\n|poke|p1|Sylveon, L50, M|\n|poke|p1|Garchomp, L50, M|\n|poke|p2|Sinistcha, L50|\n|poke|p2|Clefable, L50, F|\n|poke|p2|Scrafty, L50, M|\n|poke|p2|Gastrodon, L50, F|\n|poke|p2|Gardevoir, L50, M|\n|poke|p2|Ceruledge, L50, F|\n|teampreview|4\n|inactive|Battle timer is ON: inactive players will automatically lose when time's up. (requested by Allhailhippo)\n|j| Speksynder\nAllhailhippo has agreed to open team sheets.\n|inactive|my!lane has 60 seconds left.\nmy!lane has agreed to open team sheets.\n|\n|t:|1730953227\n|start\n|switch|p1a: Anna|Whimsicott, L50, F|100\/100\n|switch|p1b: Garchomp|Garchomp, L50, M|100\/100\n|switch|p2a: Gardevoir|Gardevoir, L50, M|100\/100\n|switch|p2b: Tea Time!|Sinistcha, L50|100\/100\n|-ability|p2a: Gardevoir|Rough Skin|[from] ability: Trace|[of] p1b: Garchomp\n|turn|1\n|inactive|Allhailhippo has 30 seconds left.\n|inactive|my!lane has 30 seconds left.\n|\n|t:|1730953265\n|switch|p2a: Scrafty|Scrafty, L50, M|100\/100\n|-ability|p2a: Scrafty|Intimidate|boost\n|-unboost|p1a: Anna|atk|1\n|-unboost|p1b: Garchomp|atk|1\n|move|p1a: Anna|Tailwind|p1a: Anna\n|-sidestart|p1: Allhailhippo|move: Tailwind\n|move|p1b: Garchomp|Earthquake|p2a: Scrafty|[spread] p1a,p2a,p2b\n|-resisted|p1a: Anna\n|-resisted|p2b: Tea Time!\n|-damage|p1a: Anna|82\/100\n|-damage|p2a: Scrafty|73\/100\n|-damage|p2b: Tea Time!|86\/100\n|-enditem|p2a: Scrafty|Eject Button\n|-damage|p1b: Garchomp|91\/100|[from] item: Life Orb\n|\n|t:|1730953276\n|switch|p2a: Agent Edge|Ceruledge, L50, F|100\/100\n|move|p2b: Tea Time!|Trick Room|p2b: Tea Time!\n|-fieldstart|move: Trick Room|[of] p2b: Tea Time!\n|\n|upkeep\n|turn|2\n|\n|t:|1730953290\n|switch|p2b: Scrafty|Scrafty, L50, M|73\/100\n|-ability|p2b: Scrafty|Intimidate|boost\n|-unboost|p1a: Anna|atk|1\n|-unboost|p1b: Garchomp|atk|1\n|move|p1a: Anna|Encore|p2b: Scrafty\n|-hint|Since gen 7, Dark is immune to Prankster moves.\n|-immune|p2b: Scrafty\n|move|p2a: Agent Edge|Bitter Blade|p1a: Anna\n|-supereffective|p1a: Anna\n|-damage|p1a: Anna|0 fnt\n|faint|p1a: Anna\n|move|p1b: Garchomp|Stomping Tantrum|p2a: Agent Edge\n|-supereffective|p2a: Agent Edge\n|-damage|p2a: Agent Edge|39\/100\n|-damage|p1b: Garchomp|81\/100|[from] item: Life Orb\n|\n|upkeep\n|\n|t:|1730953296\n|switch|p1a: Good Things|Tyranitar, L50, F|100\/100\n|-weather|Sandstorm|[from] ability: Sand Stream|[of] p1a: Good Things\n|turn|3\n|inactive|my!lane has 30 seconds left.\n|inactive|Allhailhippo has 30 seconds left.\n|inactive|my!lane has 20 seconds left.\n|inactive|my!lane has 15 seconds left.\n|inactive|my!lane has 10 seconds left.\n|inactive|my!lane has 5 seconds left.\n|\n|t:|1730953347\n|switch|p2a: Tea Time!|Sinistcha, L50|86\/100\n|-terastallize|p1a: Good Things|Flying\n|move|p2b: Scrafty|Foul Play|p1a: Good Things\n|-damage|p1a: Good Things|58\/100\n|move|p1a: Good Things|Tera Blast|p2b: Scrafty|[anim] Tera Blast Flying\n|-supereffective|p2b: Scrafty\n|-damage|p2b: Scrafty|2\/100\n|move|p1b: Garchomp|Earthquake|p2a: Tea Time!|[spread] p2a,p2b\n|-immune|p1a: Good Things\n|-resisted|p2a: Tea Time!\n|-damage|p2a: Tea Time!|74\/100\n|-damage|p2b: Scrafty|0 fnt\n|faint|p2b: Scrafty\n|-damage|p1b: Garchomp|71\/100|[from] item: Life Orb\n|\n|-weather|Sandstorm|[upkeep]\n|-damage|p2a: Tea Time!|68\/100|[from] Sandstorm\n|-damage|p1a: Good Things|52\/100|[from] Sandstorm\n|upkeep\n|\n|t:|1730953358\n|switch|p2b: Agent Edge|Ceruledge, L50, F|39\/100\n|turn|4\n|\n|t:|1730953372\n|move|p2a: Tea Time!|Shadow Ball|p1a: Good Things\n|-damage|p1a: Good Things|34\/100\n|move|p2b: Agent Edge|Bitter Blade|p1a: Good Things\n|-damage|p1a: Good Things|0 fnt\n|-heal|p2b: Agent Edge|58\/100|[from] drain|[of] p1a: Good Things\n|faint|p1a: Good Things\n|move|p1b: Garchomp|Stomping Tantrum|p2b: Agent Edge\n|-supereffective|p2b: Agent Edge\n|-damage|p2b: Agent Edge|0 fnt\n|faint|p2b: Agent Edge\n|-damage|p1b: Garchomp|62\/100|[from] item: Life Orb\n|\n|-weather|Sandstorm|[upkeep]\n|-damage|p2a: Tea Time!|62\/100|[from] Sandstorm\n|-sideend|p1: Allhailhippo|move: Tailwind\n|upkeep\n|\n|t:|1730953381\n|switch|p1a: Rodent|Houndstone, L50, F|100\/100\n|switch|p2b: Gardevoir|Gardevoir, L50, M|100\/100\n|-ability|p2b: Gardevoir|Rough Skin|[from] ability: Trace|[of] p1b: Garchomp\n|turn|5\n|j| Jamtaviousiv\n|\n|t:|1730953403\n|move|p1a: Rodent|Protect|p1a: Rodent\n|-singleturn|p1a: Rodent|Protect\n|move|p2a: Tea Time!|Matcha Gotcha|p1b: Garchomp|[spread] p1b\n|-activate|p1a: Rodent|move: Protect\n|-damage|p1b: Garchomp|35\/100\n|-heal|p2a: Tea Time!|76\/100|[from] drain|[of] p1b: Garchomp\n|move|p1b: Garchomp|Stomping Tantrum|p2b: Gardevoir\n|-crit|p2b: Gardevoir\n|-damage|p2b: Gardevoir|0 fnt\n|-damage|p1b: Garchomp|23\/100|[from] ability: Rough Skin|[of] p2b: Gardevoir\n|faint|p2b: Gardevoir\n|-damage|p1b: Garchomp|13\/100|[from] item: Life Orb\n|\n|-weather|Sandstorm|[upkeep]\n|-damage|p2a: Tea Time!|70\/100|[from] Sandstorm\n|-fieldend|move: Trick Room\n|upkeep\n|turn|6\n|\n|t:|1730953425\n|-terastallize|p2a: Tea Time!|Poison\n|move|p1a: Rodent|Last Respects|p2a: Tea Time!\n|-damage|p2a: Tea Time!|4\/100\n|-enditem|p2a: Tea Time!|Sitrus Berry|[eat]\n|-heal|p2a: Tea Time!|29\/100|[from] item: Sitrus Berry\n|move|p1b: Garchomp|Stomping Tantrum|p2a: Tea Time!\n|-supereffective|p2a: Tea Time!\n|-damage|p2a: Tea Time!|0 fnt\n|faint|p2a: Tea Time!\n|-damage|p1b: Garchomp|4\/100|[from] item: Life Orb\n|\n|win|Allhailhippo\n|raw|Allhailhippo's rating: 1724 &rarr; <strong>1744<\/strong><br \/>(+20 for winning)\n|raw|my!lane's rating: 1722 &rarr; <strong>1702<\/strong><br \/>(-20 for losing)\n|l|\u2606Allhailhippo\n|player|p1|\n|l| Speksynder\n","uploadtime":1730953564,"views":30,"formatid":"gen9vgc2024regh","rating":1702,"private":0,"password":null}