{"id":"gen9vgc2024regh-2239232071","format":"[Gen 9] VGC 2024 Reg H","players":["extra.blended","pokequimico"],"log":"|j|\u2606extra.blended\n|j|\u2606pokequimico\n|t:|1730988545\n|gametype|doubles\n|player|p1|extra.blended|linebacker|1738\n|player|p2|pokequimico|lucas|1741\n|teamsize|p1|6\n|teamsize|p2|6\n|gen|9\n|tier|[Gen 9] VGC 2024 Reg H\n|rated|\n|rule|Species Clause: Limit one of each Pok\u00e9mon\n|rule|Item Clause: Limit 1 of each item\n|clearpoke\n|poke|p1|Garganacl, L50, M|\n|poke|p1|Hippowdon, L50, M|\n|poke|p1|Glimmora, L50, F|\n|poke|p1|Lumineon, L50, F|\n|poke|p1|Gholdengo, L50|\n|poke|p1|Baxcalibur, L50, F|\n|poke|p2|Sneasler, L50, F|\n|poke|p2|Rillaboom, L50, F|\n|poke|p2|Kingambit, L50, F|\n|poke|p2|Dragonite, L50, M|\n|poke|p2|Pelipper, L50, F|\n|poke|p2|Archaludon, L50, F|\n|teampreview|4\n|inactive|Battle timer is ON: inactive players will automatically lose when time's up. (requested by pokequimico)\n|\n|t:|1730988596\n|start\n|switch|p1a: Glimmora|Glimmora, L50, F|100\/100\n|switch|p1b: Gholdengo|Gholdengo, L50|100\/100\n|switch|p2a: Rillaboom|Rillaboom, L50, F|100\/100\n|switch|p2b: Sneasler|Sneasler, L50, F, shiny|100\/100\n|-fieldstart|move: Grassy Terrain|[from] ability: Grassy Surge|[of] p2a: Rillaboom\n|turn|1\n|\n|t:|1730988616\n|move|p1b: Gholdengo|Trick|p2a: Rillaboom\n|-activate|p1b: Gholdengo|move: Trick|[of] p2a: Rillaboom\n|-item|p2a: Rillaboom|Choice Scarf|[from] move: Trick\n|-item|p1b: Gholdengo|Miracle Seed|[from] move: Trick\n|move|p2a: Rillaboom|High Horsepower|p1b: Gholdengo|[miss]\n|-miss|p2a: Rillaboom|p1b: Gholdengo\n|move|p2b: Sneasler|Coaching|p2a: Rillaboom\n|-boost|p2a: Rillaboom|atk|1\n|-boost|p2a: Rillaboom|def|1\n|move|p1a: Glimmora|Earth Power|p2b: Sneasler\n|-supereffective|p2b: Sneasler\n|-damage|p2b: Sneasler|24\/100\n|\n|-heal|p2b: Sneasler|30\/100|[from] Grassy Terrain\n|upkeep\n|turn|2\n|j| bjvgc1\n|\n|t:|1730988634\n|move|p1b: Gholdengo|Protect|p1b: Gholdengo\n|-singleturn|p1b: Gholdengo|Protect\n|move|p2a: Rillaboom|High Horsepower|p1b: Gholdengo\n|-activate|p1b: Gholdengo|move: Protect\n|move|p2b: Sneasler|Coaching|p2a: Rillaboom\n|-boost|p2a: Rillaboom|atk|1\n|-boost|p2a: Rillaboom|def|1\n|move|p1a: Glimmora|Sludge Bomb|p2a: Rillaboom\n|-supereffective|p2a: Rillaboom\n|-damage|p2a: Rillaboom|12\/100\n|\n|-heal|p2a: Rillaboom|18\/100|[from] Grassy Terrain\n|-heal|p2b: Sneasler|36\/100|[from] Grassy Terrain\n|upkeep\n|turn|3\n|\n|t:|1730988645\n|move|p2a: Rillaboom|High Horsepower|p1b: Gholdengo\n|-supereffective|p1b: Gholdengo\n|-damage|p1b: Gholdengo|0 fnt\n|faint|p1b: Gholdengo\n|move|p2b: Sneasler|Close Combat|p1a: Glimmora\n|-damage|p1a: Glimmora|30\/100\n|-unboost|p2b: Sneasler|def|1\n|-unboost|p2b: Sneasler|spd|1\n|-activate|p1a: Glimmora|ability: Toxic Debris\n|-sidestart|p2: pokequimico|move: Toxic Spikes\n|-enditem|p2b: Sneasler|White Herb\n|-clearnegativeboost|p2b: Sneasler|[silent]\n|move|p1a: Glimmora|Sludge Bomb|p2a: Rillaboom\n|-supereffective|p2a: Rillaboom\n|-damage|p2a: Rillaboom|0 fnt\n|faint|p2a: Rillaboom\n|\n|-heal|p2b: Sneasler|42\/100|[from] Grassy Terrain\n|-heal|p1a: Glimmora|36\/100|[from] Grassy Terrain\n|upkeep\n|\n|t:|1730988652\n|switch|p1b: Baxcalibur|Baxcalibur, L50, F|100\/100\n|switch|p2a: Archaludon|Archaludon, L50, F|100\/100\n|turn|4\n|inactive|pokequimico has 30 seconds left.\n|\n|t:|1730988686\n|-terastallize|p1b: Baxcalibur|Ground\n|move|p2b: Sneasler|Dire Claw|p1b: Baxcalibur\n|-resisted|p1b: Baxcalibur\n|-damage|p1b: Baxcalibur|80\/100\n|move|p1a: Glimmora|Earth Power|p2b: Sneasler\n|-supereffective|p2b: Sneasler\n|-damage|p2b: Sneasler|0 fnt\n|faint|p2b: Sneasler\n|move|p1b: Baxcalibur|High Horsepower|p2a: Archaludon\n|-supereffective|p2a: Archaludon\n|-damage|p2a: Archaludon|9\/100\n|-ability|p2a: Archaludon|Stamina|boost\n|-boost|p2a: Archaludon|def|1\n|move|p2a: Archaludon|Flash Cannon|p1a: Glimmora\n|-supereffective|p1a: Glimmora\n|-damage|p1a: Glimmora|0 fnt\n|faint|p1a: Glimmora\n|\n|-heal|p1b: Baxcalibur|86\/100|[from] Grassy Terrain\n|-heal|p2a: Archaludon|15\/100|[from] Grassy Terrain\n|upkeep\n|\n|t:|1730988698\n|switch|p2b: Pelipper|Pelipper, L50, F|100\/100\n|switch|p1a: Hippowdon|Hippowdon, L50, M|100\/100\n|-weather|RainDance|[from] ability: Drizzle|[of] p2b: Pelipper\n|-weather|Sandstorm|[from] ability: Sand Stream|[of] p1a: Hippowdon\n|turn|5\n|\n|t:|1730988709\n|move|p1b: Baxcalibur|Icicle Crash|p2b: Pelipper\n|-damage|p2b: Pelipper|36\/100\n|move|p2b: Pelipper|Hurricane|p1b: Baxcalibur\n|-damage|p1b: Baxcalibur|53\/100\n|move|p2a: Archaludon|Draco Meteor|p1b: Baxcalibur\n|-damage|p1b: Baxcalibur|14\/100\n|-unboost|p2a: Archaludon|spa|2\n|move|p1a: Hippowdon|Sand Tomb|p2a: Archaludon|[miss]\n|-miss|p1a: Hippowdon|p2a: Archaludon\n|\n|-weather|Sandstorm|[upkeep]\n|-damage|p2b: Pelipper|30\/100|[from] Sandstorm\n|-heal|p1b: Baxcalibur|20\/100|[from] Grassy Terrain\n|-heal|p2a: Archaludon|21\/100|[from] Grassy Terrain\n|-fieldend|move: Grassy Terrain\n|upkeep\n|turn|6\n|\n|t:|1730988733\n|move|p2b: Pelipper|Protect|p2b: Pelipper\n|-singleturn|p2b: Pelipper|Protect\n|move|p1b: Baxcalibur|Icicle Crash|p2b: Pelipper\n|-activate|p2b: Pelipper|move: Protect\n|move|p2a: Archaludon|Body Press|p1b: Baxcalibur\n|-damage|p1b: Baxcalibur|0 fnt\n|faint|p1b: Baxcalibur\n|move|p1a: Hippowdon|Sand Tomb|p2a: Archaludon\n|-supereffective|p2a: Archaludon\n|-damage|p2a: Archaludon|6\/100\n|-activate|p2a: Archaludon|move: Sand Tomb|[of] p1a: Hippowdon\n|-ability|p2a: Archaludon|Stamina|boost\n|-boost|p2a: Archaludon|def|1\n|\n|-weather|Sandstorm|[upkeep]\n|-damage|p2b: Pelipper|24\/100|[from] Sandstorm\n|-damage|p2a: Archaludon|0 fnt|[from] move: Sand Tomb|[partiallytrapped]\n|faint|p2a: Archaludon\n|upkeep\n|turn|7\n|\n|t:|1730988741\n|-terastallize|p2b: Pelipper|Flying\n|move|p1a: Hippowdon|Protect|p1a: Hippowdon\n|-singleturn|p1a: Hippowdon|Protect\n|move|p2b: Pelipper|Hurricane|p1a: Hippowdon\n|-activate|p1a: Hippowdon|move: Protect\n|\n|-weather|Sandstorm|[upkeep]\n|-damage|p2b: Pelipper|18\/100|[from] Sandstorm\n|upkeep\n|turn|8\n|\n|t:|1730988747\n|move|p2b: Pelipper|Hurricane|p1a: Hippowdon\n|-damage|p1a: Hippowdon|49\/100\n|-enditem|p1a: Hippowdon|Sitrus Berry|[eat]\n|-heal|p1a: Hippowdon|74\/100|[from] item: Sitrus Berry\n|move|p1a: Hippowdon|Whirlwind||[still]\n|-fail|p1a: Hippowdon\n|\n|-weather|Sandstorm|[upkeep]\n|-damage|p2b: Pelipper|12\/100|[from] Sandstorm\n|upkeep\n|turn|9\n|\n|t:|1730988755\n|move|p1a: Hippowdon|Protect|p1a: Hippowdon\n|-singleturn|p1a: Hippowdon|Protect\n|move|p2b: Pelipper|Hurricane|p1a: Hippowdon\n|-activate|p1a: Hippowdon|move: Protect\n|\n|-weather|none\n|upkeep\n|turn|10\n|\n|t:|1730988757\n|move|p2b: Pelipper|Hurricane|p1a: Hippowdon\n|-damage|p1a: Hippowdon|18\/100\n|move|p1a: Hippowdon|Slack Off|p1a: Hippowdon\n|-heal|p1a: Hippowdon|68\/100\n|\n|upkeep\n|turn|11\n|\n|t:|1730988762\n|move|p1a: Hippowdon|Protect|p1a: Hippowdon\n|-singleturn|p1a: Hippowdon|Protect\n|move|p2b: Pelipper|Hurricane|p1a: Hippowdon\n|-activate|p1a: Hippowdon|move: Protect\n|\n|upkeep\n|turn|12\n|c|\u2606extra.blended|i really hate sand tomb's accuracy sometimes\n|c|\u2606extra.blended|it's such a weak move\n|c|\u2606extra.blended|why not give it the infestation treatment\n|\n|t:|1730988778\n|move|p2b: Pelipper|Hurricane|p1a: Hippowdon\n|-damage|p1a: Hippowdon|11\/100\n|move|p1a: Hippowdon|Slack Off|p1a: Hippowdon\n|-heal|p1a: Hippowdon|61\/100\n|\n|upkeep\n|turn|13\n|\n|t:|1730988783\n|move|p1a: Hippowdon|Protect|p1a: Hippowdon\n|-singleturn|p1a: Hippowdon|Protect\n|move|p2b: Pelipper|Hurricane|p1a: Hippowdon\n|-activate|p1a: Hippowdon|move: Protect\n|\n|upkeep\n|turn|14\n|\n|t:|1730988785\n|move|p2b: Pelipper|Hurricane|p1a: Hippowdon\n|-damage|p1a: Hippowdon|12\/100\n|-start|p1a: Hippowdon|confusion\n|-activate|p1a: Hippowdon|confusion\n|move|p1a: Hippowdon|Slack Off|p1a: Hippowdon\n|-heal|p1a: Hippowdon|62\/100\n|\n|upkeep\n|turn|15\n|\n|t:|1730988789\n|-activate|p1a: Hippowdon|confusion\n|-damage|p1a: Hippowdon|55\/100|[from] confusion\n|move|p2b: Pelipper|Hurricane|p1a: Hippowdon\n|-damage|p1a: Hippowdon|5\/100\n|\n|upkeep\n|turn|16\n|\n|t:|1730988794\n|move|p2b: Pelipper|Weather Ball|p1a: Hippowdon\n|-damage|p1a: Hippowdon|0 fnt\n|faint|p1a: Hippowdon\n|\n|win|pokequimico\n|raw|extra.blended's rating: 1738 &rarr; <strong>1718<\/strong><br \/>(-20 for losing)\n|raw|pokequimico's rating: 1741 &rarr; <strong>1761<\/strong><br \/>(+20 for winning)\n|c|\u2606pokequimico|Lol\n|l|\u2606extra.blended\n|player|p1|\n|l|\u2606pokequimico\n|player|p2|\n|l| bjvgc1\n","uploadtime":1730988961,"views":30,"formatid":"gen9vgc2024regh","rating":1718,"private":0,"password":null}