{"id":"gen9vgc2024regh-2239368614","format":"[Gen 9] VGC 2024 Reg H","players":["datbishgames","ahricuthair"],"log":"|j|\u2606datbishgames\n|j|\u2606ahricuthair\n|t:|1731002009\n|gametype|doubles\n|player|p1|datbishgames|mira|1741\n|player|p2|ahricuthair|lucas|1753\n|teamsize|p1|6\n|teamsize|p2|6\n|gen|9\n|tier|[Gen 9] VGC 2024 Reg H\n|rated|\n|rule|Species Clause: Limit one of each Pok\u00e9mon\n|rule|Item Clause: Limit 1 of each item\n|clearpoke\n|poke|p1|Whimsicott, L50, F|\n|poke|p1|Basculegion, L50, M|\n|poke|p1|Arcanine-Hisui, L50, F|\n|poke|p1|Hydreigon, L50, M|\n|poke|p1|Farigiraf, L50, F|\n|poke|p1|Pawmot, L50, F|\n|poke|p2|Incineroar, L50, M|\n|poke|p2|Amoonguss, L50, M|\n|poke|p2|Archaludon, L50, F|\n|poke|p2|Pelipper, L50, M|\n|poke|p2|Basculegion, L50, M|\n|poke|p2|Gholdengo, L50|\n|teampreview|4\n|inactive|Battle timer is ON: inactive players will automatically lose when time's up. (requested by datbishgames)\n|inactive|ahricuthair has 60 seconds left.\n|\n|t:|1731002051\n|start\n|switch|p1a: Whimsicott|Whimsicott, L50, F|100\/100\n|switch|p1b: Pawmot|Pawmot, L50, F|100\/100\n|switch|p2a: Incineroar|Incineroar, L50, M|100\/100\n|switch|p2b: Basculegion|Basculegion, L50, M, shiny|100\/100\n|-ability|p2a: Incineroar|Intimidate|boost\n|-unboost|p1a: Whimsicott|atk|1\n|-unboost|p1b: Pawmot|atk|1\n|turn|1\n|inactive|ahricuthair has 30 seconds left.\n|\n|t:|1731002082\n|move|p1b: Pawmot|Fake Out|p2a: Incineroar\n|-damage|p2a: Incineroar|93\/100\n|move|p2b: Basculegion|Flip Turn|p1b: Pawmot\n|-damage|p1b: Pawmot|29\/100\n|\n|t:|1731002094\n|switch|p2b: Archaludon|Archaludon, L50, F, shiny|100\/100|[from] Flip Turn\n|move|p1a: Whimsicott|Giga Drain|p2b: Archaludon\n|-resisted|p2b: Archaludon\n|-damage|p2b: Archaludon|97\/100\n|-ability|p2b: Archaludon|Stamina|boost\n|-boost|p2b: Archaludon|def|1\n|cant|p2a: Incineroar|flinch\n|\n|upkeep\n|turn|2\n|\n|t:|1731002114\n|move|p1a: Whimsicott|Tailwind|p1a: Whimsicott\n|-sidestart|p1: datbishgames|move: Tailwind\n|move|p1b: Pawmot|Close Combat|p2b: Archaludon\n|-supereffective|p2b: Archaludon\n|-damage|p2b: Archaludon|56\/100\n|-unboost|p1b: Pawmot|def|1\n|-unboost|p1b: Pawmot|spd|1\n|-ability|p2b: Archaludon|Stamina|boost\n|-boost|p2b: Archaludon|def|1\n|move|p2b: Archaludon|Flash Cannon|p1a: Whimsicott\n|-supereffective|p1a: Whimsicott\n|-crit|p1a: Whimsicott\n|-damage|p1a: Whimsicott|0 fnt\n|faint|p1a: Whimsicott\n|move|p2a: Incineroar|Parting Shot|p1b: Pawmot\n|-unboost|p1b: Pawmot|atk|1\n|-unboost|p1b: Pawmot|spa|1\n|\n|t:|1731002129\n|switch|p2a: Pelipper|Pelipper, L50, M|100\/100|[from] Parting Shot\n|-weather|RainDance|[from] ability: Drizzle|[of] p2a: Pelipper\n|\n|-weather|RainDance|[upkeep]\n|upkeep\n|\n|t:|1731002137\n|switch|p1a: Basculegion|Basculegion, L50, M|100\/100\n|turn|3\n|j| Lax Pack\n|inactive|ahricuthair has 30 seconds left.\n|\n|t:|1731002164\n|switch|p2a: Incineroar|Incineroar, L50, M|93\/100\n|-ability|p2a: Incineroar|Intimidate|boost\n|-unboost|p1a: Basculegion|atk|1\n|-unboost|p1b: Pawmot|atk|1\n|-terastallize|p2b: Archaludon|Grass\n|move|p1b: Pawmot|Close Combat|p2b: Archaludon\n|-damage|p2b: Archaludon|48\/100\n|-unboost|p1b: Pawmot|def|1\n|-unboost|p1b: Pawmot|spd|1\n|-ability|p2b: Archaludon|Stamina|boost\n|-boost|p2b: Archaludon|def|1\n|move|p1a: Basculegion|Last Respects|p2b: Archaludon\n|-damage|p2b: Archaludon|31\/100\n|-ability|p2b: Archaludon|Stamina|boost\n|-boost|p2b: Archaludon|def|1\n|move|p2b: Archaludon|Electro Shot||[still]\n|-prepare|p2b: Archaludon|Electro Shot\n|-boost|p2b: Archaludon|spa|1\n|-anim|p2b: Archaludon|Electro Shot|p1a: Basculegion\n|-supereffective|p1a: Basculegion\n|-damage|p1a: Basculegion|0 fnt\n|faint|p1a: Basculegion\n|\n|-weather|RainDance|[upkeep]\n|upkeep\n|\n|t:|1731002175\n|switch|p1a: Farigiraf|Farigiraf, L50, F|100\/100\n|turn|4\n|\n|t:|1731002195\n|-terastallize|p1a: Farigiraf|Grass\n|move|p1b: Pawmot|Close Combat|p2a: Incineroar\n|-supereffective|p2a: Incineroar\n|-damage|p2a: Incineroar|56\/100\n|-unboost|p1b: Pawmot|def|1\n|-unboost|p1b: Pawmot|spd|1\n|move|p1a: Farigiraf|Hyper Voice|p2b: Archaludon|[spread] p2a,p2b\n|-damage|p2a: Incineroar|27\/100\n|-damage|p2b: Archaludon|8\/100\n|-ability|p2b: Archaludon|Stamina|boost\n|-boost|p2b: Archaludon|def|1\n|-enditem|p1a: Farigiraf|Throat Spray\n|-boost|p1a: Farigiraf|spa|1|[from] item: Throat Spray\n|move|p2b: Archaludon|Electro Shot||[still]\n|-prepare|p2b: Archaludon|Electro Shot\n|-boost|p2b: Archaludon|spa|1\n|-anim|p2b: Archaludon|Electro Shot|p1a: Farigiraf\n|-resisted|p1a: Farigiraf\n|-damage|p1a: Farigiraf|67\/100\n|move|p2a: Incineroar|Knock Off|p1a: Farigiraf\n|-damage|p1a: Farigiraf|40\/100\n|\n|-weather|RainDance|[upkeep]\n|upkeep\n|turn|5\n|inactive|ahricuthair has 30 seconds left.\n|inactive|datbishgames has 30 seconds left.\n|\n|t:|1731002226\n|move|p1b: Pawmot|Revival Blessing|p1b: Pawmot\n|\n|t:|1731002227\n|-heal|p1: Basculegion|50\/100|[from] move: Revival Blessing\n|move|p1a: Farigiraf|Hyper Voice|p2a: Incineroar|[spread] p2a,p2b\n|-damage|p2a: Incineroar|0 fnt\n|-damage|p2b: Archaludon|0 fnt\n|faint|p2a: Incineroar\n|faint|p2b: Archaludon\n|\n|-weather|RainDance|[upkeep]\n|-sideend|p1: datbishgames|move: Tailwind\n|upkeep\n|\n|t:|1731002238\n|switch|p2b: Basculegion|Basculegion, L50, M, shiny|100\/100\n|switch|p2a: Pelipper|Pelipper, L50, M|100\/100\n|turn|6\n|\n|t:|1731002252\n|switch|p1b: Basculegion|Basculegion, L50, M|50\/100\n|move|p1a: Farigiraf|Protect|p1a: Farigiraf\n|-singleturn|p1a: Farigiraf|Protect\n|move|p2b: Basculegion|Last Respects|p1b: Basculegion\n|-supereffective|p1b: Basculegion\n|-damage|p1b: Basculegion|0 fnt\n|faint|p1b: Basculegion\n|move|p2a: Pelipper|Hurricane|p1a: Farigiraf\n|-activate|p1a: Farigiraf|move: Protect\n|\n|-weather|none\n|upkeep\n|\n|t:|1731002258\n|switch|p1b: Pawmot|Pawmot, L50, F|29\/100\n|turn|7\n|\n|t:|1731002274\n|move|p1b: Pawmot|Fake Out|p2a: Pelipper\n|-damage|p2a: Pelipper|80\/100\n|move|p2b: Basculegion|Last Respects|p1a: Farigiraf\n|-damage|p1a: Farigiraf|0 fnt\n|faint|p1a: Farigiraf\n|cant|p2a: Pelipper|flinch\n|\n|upkeep\n|turn|8\n|-message|datbishgames forfeited.\n|\n|win|ahricuthair\n|raw|datbishgames's rating: 1741 &rarr; <strong>1722<\/strong><br \/>(-19 for losing)\n|raw|ahricuthair's rating: 1753 &rarr; <strong>1772<\/strong><br \/>(+19 for winning)\n|l|\u2606datbishgames\n|player|p1|\n|l|\u2606ahricuthair\n|player|p2|\n","uploadtime":1731002444,"views":29,"formatid":"gen9vgc2024regh","rating":1722,"private":0,"password":null}