{"id":"gen9vgc2024regh-2239959758","format":"[Gen 9] VGC 2024 Reg H","players":["lswagh","Betsie"],"log":"|j|\u2606lswagh\n|j|\u2606Betsie\n|t:|1731080377\n|gametype|doubles\n|player|p1|lswagh|170|1698\n|player|p2|Betsie|grimsley-masters|1691\n|teamsize|p1|6\n|teamsize|p2|6\n|gen|9\n|tier|[Gen 9] VGC 2024 Reg H\n|rated|\n|rule|Species Clause: Limit one of each Pok\u00e9mon\n|rule|Item Clause: Limit 1 of each item\n|clearpoke\n|poke|p1|Exeggutor, L50, F|\n|poke|p1|Torkoal, L50, F|\n|poke|p1|Sneasler, L50, M|\n|poke|p1|Indeedee-F, L50, F|\n|poke|p1|Armarouge, L50, M|\n|poke|p1|Murkrow, L50, M|\n|poke|p2|Kingambit, L50, M|\n|poke|p2|Sneasler, L50, F|\n|poke|p2|Dragonite, L50, F|\n|poke|p2|Gastrodon, L50, M|\n|poke|p2|Ceruledge, L50, M|\n|poke|p2|Rillaboom, L50, F|\n|teampreview|4\n|inactive|Battle timer is ON: inactive players will automatically lose when time's up. (requested by Betsie)\n|inactive|Betsie has 60 seconds left.\n|inactive|Betsie has 30 seconds left.\n|inactive|Betsie has 20 seconds left.\n|\n|t:|1731080451\n|start\n|switch|p1a: Sneasler|Sneasler, L50, M|100\/100\n|switch|p1b: Indeedee|Indeedee-F, L50, F|100\/100\n|switch|p2a: Ceruledge|Ceruledge, L50, M|100\/100\n|switch|p2b: Sneasler|Sneasler, L50, F|100\/100\n|-fieldstart|move: Psychic Terrain|[from] ability: Psychic Surge|[of] p1b: Indeedee\n|-enditem|p1a: Sneasler|Psychic Seed\n|-boost|p1a: Sneasler|spd|1|[from] item: Psychic Seed\n|turn|1\n|inactive|lswagh has 30 seconds left.\n|inactive|lswagh has 20 seconds left.\n|inactive|lswagh has 15 seconds left.\n|inactive|lswagh has 10 seconds left.\n|inactive|lswagh has 5 seconds left.\n|\n|t:|1731080504\n|-terastallize|p2a: Ceruledge|Grass\n|move|p1a: Sneasler|Dire Claw|p2b: Sneasler\n|-resisted|p2b: Sneasler\n|-damage|p2b: Sneasler|65\/100\n|-status|p2b: Sneasler|slp\n|cant|p2b: Sneasler|slp\n|move|p2a: Ceruledge|Bitter Blade|p1a: Sneasler\n|-damage|p1a: Sneasler|30\/100\n|move|p1b: Indeedee|Psychic|p2b: Sneasler\n|-supereffective|p2b: Sneasler\n|-damage|p2b: Sneasler|0 fnt\n|faint|p2b: Sneasler\n|\n|upkeep\n|\n|t:|1731080516\n|switch|p2b: Dragonite|Dragonite, L50, F|100\/100\n|turn|2\n|\n|t:|1731080536\n|move|p1b: Indeedee|Helping Hand|p1a: Sneasler\n|-singleturn|p1a: Sneasler|Helping Hand|[of] p1b: Indeedee\n|move|p2a: Ceruledge|Protect|p2a: Ceruledge\n|-singleturn|p2a: Ceruledge|Protect\n|move|p1a: Sneasler|Dire Claw|p2b: Dragonite\n|-damage|p2b: Dragonite|65\/100\n|move|p2b: Dragonite|Scale Shot|p1a: Sneasler\n|-damage|p1a: Sneasler|7\/100\n|-damage|p1a: Sneasler|0 fnt\n|faint|p1a: Sneasler\n|-hitcount|p1: Sneasler|2\n|-unboost|p2b: Dragonite|def|1\n|-boost|p2b: Dragonite|spe|1\n|\n|upkeep\n|\n|t:|1731080546\n|switch|p1a: Armarouge|Armarouge, L50, M|100\/100\n|turn|3\n|\n|t:|1731080561\n|switch|p2a: Rillaboom|Rillaboom, L50, F|100\/100\n|-fieldstart|move: Grassy Terrain|[from] ability: Grassy Surge|[of] p2a: Rillaboom\n|move|p1b: Indeedee|Follow Me|p1b: Indeedee\n|-singleturn|p1b: Indeedee|move: Follow Me\n|move|p2b: Dragonite|Scale Shot|p1b: Indeedee\n|-damage|p1b: Indeedee|87\/100\n|-damage|p1b: Indeedee|73\/100\n|-damage|p1b: Indeedee|58\/100\n|-damage|p1b: Indeedee|42\/100\n|-hitcount|p1b: Indeedee|4\n|-unboost|p2b: Dragonite|def|1\n|-boost|p2b: Dragonite|spe|1\n|move|p1a: Armarouge|Expanding Force|p2a: Rillaboom\n|-damage|p2a: Rillaboom|38\/100\n|-damage|p1a: Armarouge|91\/100|[from] item: Life Orb\n|\n|-heal|p2a: Rillaboom|43\/100|[from] Grassy Terrain\n|-heal|p1b: Indeedee|48\/100|[from] Grassy Terrain\n|-heal|p1a: Armarouge|97\/100|[from] Grassy Terrain\n|upkeep\n|turn|4\n|\n|t:|1731080578\n|switch|p1b: Torkoal|Torkoal, L50, F|100\/100\n|-weather|SunnyDay|[from] ability: Drought|[of] p1b: Torkoal\n|move|p2a: Rillaboom|Fake Out|p1a: Armarouge\n|-damage|p1a: Armarouge|84\/100\n|move|p2b: Dragonite|Scale Shot|p1b: Torkoal\n|-damage|p1b: Torkoal|88\/100\n|-damage|p1b: Torkoal|76\/100\n|-damage|p1b: Torkoal|64\/100\n|-damage|p1b: Torkoal|51\/100\n|-damage|p1b: Torkoal|39\/100\n|-hitcount|p1b: Torkoal|5\n|-unboost|p2b: Dragonite|def|1\n|-boost|p2b: Dragonite|spe|1\n|cant|p1a: Armarouge|flinch\n|\n|-weather|SunnyDay|[upkeep]\n|-heal|p2a: Rillaboom|49\/100|[from] Grassy Terrain\n|-heal|p1a: Armarouge|91\/100|[from] Grassy Terrain\n|-heal|p1b: Torkoal|46\/100|[from] Grassy Terrain\n|upkeep\n|turn|5\n|j| oherrodersir\n|inactive|Betsie has 30 seconds left.\n|\n|t:|1731080606\n|switch|p2a: Ceruledge|Ceruledge, L50, M, tera:Grass|100\/100\n|switch|p1b: Indeedee|Indeedee-F, L50, F|48\/100\n|-fieldstart|move: Psychic Terrain|[from] ability: Psychic Surge|[of] p1b: Indeedee\n|move|p2b: Dragonite|Scale Shot|p1a: Armarouge\n|-damage|p1a: Armarouge|76\/100\n|-damage|p1a: Armarouge|62\/100\n|-damage|p1a: Armarouge|49\/100\n|-damage|p1a: Armarouge|34\/100\n|-hitcount|p1a: Armarouge|4\n|-unboost|p2b: Dragonite|def|1\n|-boost|p2b: Dragonite|spe|1\n|move|p1a: Armarouge|Trick Room|p1a: Armarouge\n|-fieldstart|move: Trick Room|[of] p1a: Armarouge\n|\n|-weather|SunnyDay|[upkeep]\n|upkeep\n|turn|6\n|inactive|lswagh has 30 seconds left.\n|inactive|lswagh has 20 seconds left.\n|\n|t:|1731080646\n|switch|p1b: Torkoal|Torkoal, L50, F|46\/100\n|switch|p2a: Rillaboom|Rillaboom, L50, F|49\/100\n|-fieldstart|move: Grassy Terrain|[from] ability: Grassy Surge|[of] p2a: Rillaboom\n|move|p2b: Dragonite|Extreme Speed|p1a: Armarouge\n|-damage|p1a: Armarouge|3\/100\n|move|p1a: Armarouge|Heat Wave|p2b: Dragonite|[spread] p2a,p2b\n|-supereffective|p2a: Rillaboom\n|-resisted|p2b: Dragonite\n|-damage|p2a: Rillaboom|0 fnt\n|-damage|p2b: Dragonite|20\/100\n|faint|p2a: Rillaboom\n|-damage|p1a: Armarouge|0 fnt|[from] item: Life Orb\n|faint|p1a: Armarouge\n|\n|-weather|SunnyDay|[upkeep]\n|-heal|p1b: Torkoal|52\/100|[from] Grassy Terrain\n|upkeep\n|\n|t:|1731080661\n|switch|p1a: Indeedee|Indeedee-F, L50, F|48\/100\n|switch|p2a: Ceruledge|Ceruledge, L50, M, tera:Grass|100\/100\n|-fieldstart|move: Psychic Terrain|[from] ability: Psychic Surge|[of] p1a: Indeedee\n|turn|7\n|\n|t:|1731080681\n|move|p1b: Torkoal|Clear Smog|p2a: Ceruledge\n|-supereffective|p2a: Ceruledge\n|-damage|p2a: Ceruledge|74\/100\n|-clearboost|p2a: Ceruledge\n|move|p1a: Indeedee|Psychic|p2b: Dragonite\n|-damage|p2b: Dragonite|0 fnt\n|faint|p2b: Dragonite\n|move|p2a: Ceruledge|Bitter Blade|p1a: Indeedee\n|-damage|p1a: Indeedee|0 fnt\n|-heal|p2a: Ceruledge|97\/100|[from] drain|[of] p1a: Indeedee\n|-damage|p2a: Ceruledge|81\/100|[from] item: Rocky Helmet|[of] p1a: Indeedee\n|faint|p1a: Indeedee\n|\n|-weather|SunnyDay|[upkeep]\n|-heal|p2a: Ceruledge|87\/100|[from] item: Leftovers\n|upkeep\n|turn|8\n|\n|t:|1731080694\n|move|p1b: Torkoal|Clear Smog|p2a: Ceruledge\n|-supereffective|p2a: Ceruledge\n|-damage|p2a: Ceruledge|58\/100\n|-clearboost|p2a: Ceruledge\n|move|p2a: Ceruledge|Bitter Blade|p1b: Torkoal\n|-resisted|p1b: Torkoal\n|-damage|p1b: Torkoal|28\/100\n|-heal|p2a: Ceruledge|70\/100|[from] drain|[of] p1b: Torkoal\n|\n|-weather|none\n|-heal|p2a: Ceruledge|76\/100|[from] item: Leftovers\n|upkeep\n|turn|9\n|\n|t:|1731080707\n|-terastallize|p1b: Torkoal|Fire\n|move|p2a: Ceruledge|Protect|p2a: Ceruledge\n|-singleturn|p2a: Ceruledge|Protect\n|move|p1b: Torkoal|Eruption|p2a: Ceruledge\n|-activate|p2a: Ceruledge|move: Protect\n|\n|-heal|p2a: Ceruledge|82\/100|[from] item: Leftovers\n|-fieldend|move: Trick Room\n|upkeep\n|turn|10\n|\n|t:|1731080715\n|move|p2a: Ceruledge|Bitter Blade|p1b: Torkoal\n|-resisted|p1b: Torkoal\n|-damage|p1b: Torkoal|11\/100\n|-heal|p2a: Ceruledge|91\/100|[from] drain|[of] p1b: Torkoal\n|move|p1b: Torkoal|Clear Smog|p2a: Ceruledge\n|-supereffective|p2a: Ceruledge\n|-damage|p2a: Ceruledge|62\/100\n|-clearboost|p2a: Ceruledge\n|\n|-heal|p2a: Ceruledge|68\/100|[from] item: Leftovers\n|upkeep\n|turn|11\n|-message|lswagh forfeited.\n|\n|win|Betsie\n|raw|lswagh's rating: 1698 &rarr; <strong>1678<\/strong><br \/>(-20 for losing)\n|raw|Betsie's rating: 1691 &rarr; <strong>1711<\/strong><br \/>(+20 for winning)\n|l|\u2606lswagh\n|player|p1|\n","uploadtime":1731080910,"views":27,"formatid":"gen9vgc2024regh","rating":1678,"private":0,"password":null}