{"id":"gen9vgc2024regh-2239304831","format":"[Gen 9] VGC 2024 Reg H","players":["Roman25","Kodora"],"log":"|j|\u2606Roman25\n|j|\u2606Kodora\n|t:|1730995934\n|gametype|doubles\n|player|p1|Roman25|102|1681\n|player|p2|Kodora|101|1735\n|teamsize|p1|6\n|teamsize|p2|6\n|gen|9\n|tier|[Gen 9] VGC 2024 Reg H\n|rated|\n|rule|Species Clause: Limit one of each Pok\u00e9mon\n|rule|Item Clause: Limit 1 of each item\n|clearpoke\n|poke|p1|Baxcalibur, L50, F|\n|poke|p1|Sneasler, L50, M|\n|poke|p1|Kingambit, L50, F|\n|poke|p1|Gastrodon, L50, M|\n|poke|p1|Volcarona, L50, M|\n|poke|p1|Rillaboom, L50, F|\n|poke|p2|Maushold-Four, L50|\n|poke|p2|Annihilape, L50, M|\n|poke|p2|Archaludon, L50, F|\n|poke|p2|Murkrow, L50, M|\n|poke|p2|Weavile, L50, M|\n|poke|p2|Garchomp, L50, M|\n|teampreview|4\n|inactive|Battle timer is ON: inactive players will automatically lose when time's up. (requested by Kodora)\nRoman25 has agreed to open team sheets.\n|\n|t:|1730995968\n|start\n|switch|p1a: Sneasler|Sneasler, L50, M|100\/100\n|switch|p1b: Kingambit|Kingambit, L50, F|100\/100\n|switch|p2a: Maushold|Maushold-Four, L50, shiny|100\/100\n|switch|p2b: Annihilape|Annihilape, L50, M, shiny|100\/100\n|turn|1\n|\n|t:|1730995983\n|switch|p2b: Archaludon|Archaludon, L50, F, shiny|100\/100\n|-terastallize|p1b: Kingambit|Flying\n|move|p1a: Sneasler|Coaching|p1b: Kingambit\n|-boost|p1b: Kingambit|atk|1\n|-boost|p1b: Kingambit|def|1\n|move|p2a: Maushold|Beat Up|p2b: Archaludon\n|-crit|p2b: Archaludon\n|-damage|p2b: Archaludon|98\/100\n|-ability|p2b: Archaludon|Stamina|boost\n|-boost|p2b: Archaludon|def|1\n|-damage|p2b: Archaludon|97\/100\n|-ability|p2b: Archaludon|Stamina|boost\n|-boost|p2b: Archaludon|def|1\n|-damage|p2b: Archaludon|97\/100\n|-ability|p2b: Archaludon|Stamina|boost\n|-boost|p2b: Archaludon|def|1\n|-damage|p2b: Archaludon|96\/100\n|-ability|p2b: Archaludon|Stamina|boost\n|-boost|p2b: Archaludon|def|1\n|-hitcount|p2b: Archaludon|4\n|move|p1b: Kingambit|Tera Blast|p2b: Archaludon|[anim] Tera Blast Flying\n|-resisted|p2b: Archaludon\n|-damage|p2b: Archaludon|90\/100\n|-ability|p2b: Archaludon|Stamina|boost\n|-boost|p2b: Archaludon|def|1\n|\n|upkeep\n|turn|2\n|j| mpudi\n|\n|t:|1730996005\n|move|p1a: Sneasler|Close Combat|p2b: Archaludon\n|-supereffective|p2b: Archaludon\n|-damage|p2b: Archaludon|68\/100\n|-unboost|p1a: Sneasler|def|1\n|-unboost|p1a: Sneasler|spd|1\n|-ability|p2b: Archaludon|Stamina|boost\n|-boost|p2b: Archaludon|def|1\n|move|p2a: Maushold|Beat Up|p1a: Sneasler\n|-resisted|p1a: Sneasler\n|-damage|p1a: Sneasler|97\/100\n|-resisted|p1a: Sneasler\n|-damage|p1a: Sneasler|93\/100\n|-resisted|p1a: Sneasler\n|-damage|p1a: Sneasler|90\/100\n|-resisted|p1a: Sneasler\n|-damage|p1a: Sneasler|86\/100\n|-hitcount|p1a: Sneasler|4\n|move|p2b: Archaludon|Flash Cannon|p1a: Sneasler\n|-damage|p1a: Sneasler|12\/100\n|move|p1b: Kingambit|Tera Blast|p2b: Archaludon|[anim] Tera Blast Flying\n|-resisted|p2b: Archaludon\n|-damage|p2b: Archaludon|63\/100\n|\n|upkeep\n|turn|3\n|\n|t:|1730996025\n|-terastallize|p2a: Maushold|Ghost\n|move|p2a: Maushold|Follow Me|p2a: Maushold\n|-singleturn|p2a: Maushold|move: Follow Me\n|move|p1b: Kingambit|Sucker Punch||[still]\n|-fail|p1b: Kingambit\n|move|p1a: Sneasler|Coaching|p1b: Kingambit\n|-boost|p1b: Kingambit|atk|1\n|-boost|p1b: Kingambit|def|1\n|move|p2b: Archaludon|Flash Cannon|p1a: Sneasler\n|-damage|p1a: Sneasler|0 fnt\n|faint|p1a: Sneasler\n|\n|upkeep\n|\n|t:|1730996032\n|switch|p1a: Gastrodon|Gastrodon, L50, M|100\/100\n|turn|4\n|\n|t:|1730996041\n|move|p2a: Maushold|Taunt|p1a: Gastrodon\n|-start|p1a: Gastrodon|move: Taunt\n|move|p2b: Archaludon|Body Press|p1a: Gastrodon\n|-damage|p1a: Gastrodon|25\/100\n|-enditem|p1a: Gastrodon|Sitrus Berry|[eat]\n|-heal|p1a: Gastrodon|50\/100|[from] item: Sitrus Berry\n|move|p1b: Kingambit|Kowtow Cleave|p2a: Maushold\n|-supereffective|p2a: Maushold\n|-damage|p2a: Maushold|0 fnt\n|faint|p2a: Maushold\n|cant|p1a: Gastrodon|move: Taunt|Yawn\n|\n|upkeep\n|\n|t:|1730996043\n|switch|p2a: Murkrow|Murkrow, L50, M, shiny|100\/100\n|turn|5\n|inactive|Roman25 has 30 seconds left.\n|\n|t:|1730996075\n|switch|p1a: Baxcalibur|Baxcalibur, L50, F|100\/100\n|move|p2a: Murkrow|Rain Dance|p2a: Murkrow\n|-weather|RainDance\n|move|p2b: Archaludon|Electro Shot||[still]\n|-prepare|p2b: Archaludon|Electro Shot\n|-boost|p2b: Archaludon|spa|1\n|-anim|p2b: Archaludon|Electro Shot|p1b: Kingambit\n|-supereffective|p1b: Kingambit\n|-damage|p1b: Kingambit|26\/100\n|move|p1b: Kingambit|Iron Head|p2a: Murkrow\n|-damage|p2a: Murkrow|0 fnt\n|faint|p2a: Murkrow\n|\n|-weather|RainDance|[upkeep]\n|upkeep\n|\n|t:|1730996082\n|switch|p2a: Annihilape|Annihilape, L50, M, shiny|100\/100\n|turn|6\n|\n|t:|1730996094\n|move|p1b: Kingambit|Sucker Punch||[still]\n|-fail|p1b: Kingambit\n|move|p2a: Annihilape|Bulk Up|p2a: Annihilape\n|-boost|p2a: Annihilape|atk|1\n|-boost|p2a: Annihilape|def|1\n|move|p1a: Baxcalibur|Scale Shot|p2a: Annihilape\n|-damage|p2a: Annihilape|90\/100\n|-damage|p2a: Annihilape|78\/100\n|-damage|p2a: Annihilape|69\/100\n|-damage|p2a: Annihilape|58\/100\n|-hitcount|p2a: Annihilape|4\n|-unboost|p1a: Baxcalibur|def|1\n|-boost|p1a: Baxcalibur|spe|1\n|move|p2b: Archaludon|Electro Shot||[still]\n|-prepare|p2b: Archaludon|Electro Shot\n|-boost|p2b: Archaludon|spa|1\n|-anim|p2b: Archaludon|Electro Shot|p1b: Kingambit\n|-supereffective|p1b: Kingambit\n|-damage|p1b: Kingambit|0 fnt\n|faint|p1b: Kingambit\n|\n|-weather|RainDance|[upkeep]\n|upkeep\n|\n|t:|1730996099\n|switch|p1b: Gastrodon|Gastrodon, L50, M|50\/100\n|turn|7\n|\n|t:|1730996115\n|move|p1a: Baxcalibur|Scale Shot|p2a: Annihilape\n|-damage|p2a: Annihilape|47\/100\n|-damage|p2a: Annihilape|36\/100\n|-damage|p2a: Annihilape|24\/100\n|-damage|p2a: Annihilape|14\/100\n|-hitcount|p2a: Annihilape|4\n|-unboost|p1a: Baxcalibur|def|1\n|-boost|p1a: Baxcalibur|spe|1\n|move|p2a: Annihilape|Rage Fist|p1a: Baxcalibur\n|-crit|p1a: Baxcalibur\n|-damage|p1a: Baxcalibur|0 fnt\n|faint|p1a: Baxcalibur\n|move|p2b: Archaludon|Draco Meteor|p1b: Gastrodon\n|-damage|p1b: Gastrodon|0 fnt\n|-unboost|p2b: Archaludon|spa|2\n|faint|p1b: Gastrodon\n|\n|win|Kodora\n|raw|Roman25's rating: 1681 &rarr; <strong>1664<\/strong><br \/>(-17 for losing)\n|raw|Kodora's rating: 1735 &rarr; <strong>1752<\/strong><br \/>(+17 for winning)\n|l|\u2606Roman25\n|player|p1|\n|l|\u2606Kodora\n|player|p2|\n","uploadtime":1730996290,"views":30,"formatid":"gen9vgc2024regh","rating":1664,"private":0,"password":null}