{"id":"gen9vgc2024regh-2239346083","format":"[Gen 9] VGC 2024 Reg H","players":["Emirnent","datbishgames"],"log":"|j|\u2606Emirnent\n|j|\u2606datbishgames\n|t:|1730999855\n|gametype|doubles\n|player|p1|Emirnent|169|1786\n|player|p2|datbishgames|mira|1731\n|teamsize|p1|6\n|teamsize|p2|6\n|gen|9\n|tier|[Gen 9] VGC 2024 Reg H\n|rated|\n|rule|Species Clause: Limit one of each Pok\u00e9mon\n|rule|Item Clause: Limit 1 of each item\n|clearpoke\n|poke|p1|Archaludon, L50, F|\n|poke|p1|Gholdengo, L50|\n|poke|p1|Pelipper, L50, M|\n|poke|p1|Ursaluna, L50, M|\n|poke|p1|Dragonite, L50, M|\n|poke|p1|Sinistcha, L50|\n|poke|p2|Whimsicott, L50, M|\n|poke|p2|Basculegion, L50, M|\n|poke|p2|Arcanine-Hisui, L50, M|\n|poke|p2|Hydreigon, L50, M|\n|poke|p2|Farigiraf, L50, F|\n|poke|p2|Pawmot, L50, M|\n|teampreview|4\n|inactive|Battle timer is ON: inactive players will automatically lose when time's up. (requested by datbishgames)\n|inactive|Emirnent has 60 seconds left.\n|j| ltesthg\n|inactive|Emirnent has 30 seconds left.\n|inactive|Emirnent has 20 seconds left.\n|inactive|Emirnent has 15 seconds left.\n|inactive|Emirnent has 10 seconds left.\n|inactive|Emirnent has 5 seconds left.\n|\n|t:|1730999944\n|start\n|switch|p1a: Archaludon|Archaludon, L50, F|100\/100\n|switch|p1b: Pelipper|Pelipper, L50, M|100\/100\n|switch|p2a: Whimsicott|Whimsicott, L50, M|100\/100\n|switch|p2b: Pawmot|Pawmot, L50, M|100\/100\n|-weather|RainDance|[from] ability: Drizzle|[of] p1b: Pelipper\n|turn|1\n|inactive|Emirnent has 30 seconds left.\n|\n|t:|1730999971\n|-terastallize|p1a: Archaludon|Fighting\n|move|p1b: Pelipper|Protect|p1b: Pelipper\n|-singleturn|p1b: Pelipper|Protect\n|move|p2a: Whimsicott|Tailwind|p2a: Whimsicott\n|-sidestart|p2: datbishgames|move: Tailwind\n|move|p2b: Pawmot|Close Combat|p1a: Archaludon\n|-damage|p1a: Archaludon|62\/100\n|-unboost|p2b: Pawmot|def|1\n|-unboost|p2b: Pawmot|spd|1\n|-ability|p1a: Archaludon|Stamina|boost\n|-boost|p1a: Archaludon|def|1\n|move|p1a: Archaludon|Flash Cannon|p2a: Whimsicott\n|-supereffective|p2a: Whimsicott\n|-damage|p2a: Whimsicott|34\/100\n|\n|-weather|RainDance|[upkeep]\n|upkeep\n|turn|2\n|\n|t:|1730999990\n|switch|p1b: Sinistcha|Sinistcha, L50|100\/100\n|-heal|p1a: Archaludon|87\/100|[from] ability: Hospitality|[of] p1b: Sinistcha\n|move|p2b: Pawmot|Double Shock|p1b: Sinistcha\n|-resisted|p1b: Sinistcha\n|-damage|p1b: Sinistcha|75\/100\n|-start|p2b: Pawmot|typechange|???\/Fighting|[from] move: Double Shock\n|move|p2a: Whimsicott|Moonblast|p1a: Archaludon\n|-supereffective|p1a: Archaludon\n|-crit|p1a: Archaludon\n|-damage|p1a: Archaludon|32\/100\n|-ability|p1a: Archaludon|Stamina|boost\n|-boost|p1a: Archaludon|def|1\n|move|p1a: Archaludon|Electro Shot||[still]\n|-prepare|p1a: Archaludon|Electro Shot\n|-boost|p1a: Archaludon|spa|1\n|-anim|p1a: Archaludon|Electro Shot|p2a: Whimsicott\n|-resisted|p2a: Whimsicott\n|-damage|p2a: Whimsicott|4\/100\n|\n|-weather|RainDance|[upkeep]\n|upkeep\n|turn|3\n|inactive|Emirnent has 30 seconds left.\n|\n|t:|1731000017\n|switch|p1a: Pelipper|Pelipper, L50, M|100\/100\n|move|p2b: Pawmot|Close Combat|p1a: Pelipper\n|-resisted|p1a: Pelipper\n|-damage|p1a: Pelipper|62\/100\n|-unboost|p2b: Pawmot|def|1\n|-unboost|p2b: Pawmot|spd|1\n|move|p2a: Whimsicott|Moonblast|p1a: Pelipper\n|-damage|p1a: Pelipper|16\/100\n|move|p1b: Sinistcha|Trick Room|p1b: Sinistcha\n|-fieldstart|move: Trick Room|[of] p1b: Sinistcha\n|\n|-weather|RainDance|[upkeep]\n|upkeep\n|turn|4\n|\n|t:|1731000033\n|switch|p1b: Archaludon|Archaludon, L50, F, tera:Fighting|32\/100\n|move|p2a: Whimsicott|Encore||[still]\n|-fail|p2a: Whimsicott\n|move|p1a: Pelipper|Muddy Water|p2b: Pawmot|[spread] p2a,p2b\n|-resisted|p2a: Whimsicott\n|-damage|p2a: Whimsicott|0 fnt\n|-enditem|p2b: Pawmot|Focus Sash\n|-damage|p2b: Pawmot|1\/100\n|faint|p2a: Whimsicott\n|move|p2b: Pawmot|Close Combat|p1a: Pelipper\n|-resisted|p1a: Pelipper\n|-damage|p1a: Pelipper|0 fnt\n|-unboost|p2b: Pawmot|def|1\n|-unboost|p2b: Pawmot|spd|1\n|faint|p1a: Pelipper\n|\n|-weather|RainDance|[upkeep]\n|-sideend|p2: datbishgames|move: Tailwind\n|upkeep\n|\n|t:|1731000039\n|switch|p1a: Sinistcha|Sinistcha, L50|75\/100\n|switch|p2a: Farigiraf|Farigiraf, L50, F|100\/100\n|-heal|p1b: Archaludon|57\/100|[from] ability: Hospitality|[of] p1a: Sinistcha\n|turn|5\n|l| ltesthg\n|\n|t:|1731000049\n|move|p1a: Sinistcha|Life Dew|p1a: Sinistcha|[spread] p1a,p1b\n|-heal|p1a: Sinistcha|99\/100\n|-heal|p1b: Archaludon|82\/100\n|move|p1b: Archaludon|Snarl|p2b: Pawmot|[spread] p2a,p2b\n|-supereffective|p2a: Farigiraf\n|-resisted|p2b: Pawmot\n|-damage|p2a: Farigiraf|78\/100\n|-damage|p2b: Pawmot|0 fnt\n|-unboost|p2a: Farigiraf|spa|1\n|faint|p2b: Pawmot\n|move|p2a: Farigiraf|Trick Room|p2a: Farigiraf\n|-fieldend|move: Trick Room\n|\n|-weather|none\n|upkeep\n|\n|t:|1731000058\n|switch|p2b: Basculegion|Basculegion, L50, M|100\/100\n|turn|6\n|\n|t:|1731000067\n|switch|p1a: Ursaluna|Ursaluna, L50, M|100\/100\n|move|p2b: Basculegion|Last Respects|p1a: Ursaluna\n|-immune|p1a: Ursaluna\n|move|p1b: Archaludon|Electro Shot||[still]\n|-prepare|p1b: Archaludon|Electro Shot\n|-boost|p1b: Archaludon|spa|1\n|move|p2a: Farigiraf|Hyper Voice|p1b: Archaludon|[spread] p1a,p1b\n|-damage|p1a: Ursaluna|77\/100\n|-damage|p1b: Archaludon|68\/100\n|-ability|p1b: Archaludon|Stamina|boost\n|-boost|p1b: Archaludon|def|1\n|-enditem|p2a: Farigiraf|Throat Spray\n|-boost|p2a: Farigiraf|spa|1|[from] item: Throat Spray\n|\n|-status|p1a: Ursaluna|brn|[from] item: Flame Orb\n|upkeep\n|turn|7\n|\n|t:|1731000079\n|switch|p1a: Sinistcha|Sinistcha, L50|99\/100\n|-heal|p1b: Archaludon|93\/100|[from] ability: Hospitality|[of] p1a: Sinistcha\n|move|p2b: Basculegion|Last Respects|p1b: Archaludon\n|-damage|p1b: Archaludon|38\/100\n|-ability|p1b: Archaludon|Stamina|boost\n|-boost|p1b: Archaludon|def|1\n|move|p1b: Archaludon|Electro Shot|p2b: Basculegion|[from]lockedmove\n|-supereffective|p2b: Basculegion\n|-damage|p2b: Basculegion|0 fnt\n|faint|p2b: Basculegion\n|move|p2a: Farigiraf|Twin Beam|p1a: Sinistcha\n|-damage|p1a: Sinistcha|81\/100\n|-damage|p1a: Sinistcha|65\/100\n|-hitcount|p1a: Sinistcha|2\n|\n|upkeep\n|turn|8\n|\n|t:|1731000095\n|move|p1b: Archaludon|Body Press|p2a: Farigiraf\n|-damage|p2a: Farigiraf|0 fnt\n|faint|p2a: Farigiraf\n|\n|win|Emirnent\n|raw|Emirnent's rating: 1786 &rarr; <strong>1803<\/strong><br \/>(+17 for winning)\n|raw|datbishgames's rating: 1731 &rarr; <strong>1714<\/strong><br \/>(-17 for losing)\n|l|\u2606datbishgames\n|player|p2|\n|l|\u2606Emirnent\n|player|p1|\n","uploadtime":1731000348,"views":29,"formatid":"gen9vgc2024regh","rating":1714,"private":0,"password":null}