{"id":"gen9vgc2024regh-2239370145","format":"[Gen 9] VGC 2024 Reg H","players":["caZISA","grade a type b"],"log":"|j|\u2606caZISA\n|j|\u2606grade a type b\n|t:|1731002157\n|gametype|doubles\n|player|p1|caZISA|red|1739\n|player|p2|grade a type b|waiter-gen4dp|1796\n|teamsize|p1|6\n|teamsize|p2|6\n|gen|9\n|tier|[Gen 9] VGC 2024 Reg H\n|rated|\n|rule|Species Clause: Limit one of each Pok\u00e9mon\n|rule|Item Clause: Limit 1 of each item\n|clearpoke\n|poke|p1|Gothitelle, L50, F|\n|poke|p1|Ursaluna, L50, F|\n|poke|p1|Amoonguss, L50, M|\n|poke|p1|Torkoal, L50, M|\n|poke|p1|Flamigo, L50, F|\n|poke|p1|Kingambit, L50, F|\n|poke|p2|Whimsicott, L50, M|\n|poke|p2|Ursaluna-Bloodmoon, L50, M|\n|poke|p2|Tyranitar, L50, M|\n|poke|p2|Gholdengo, L50|\n|poke|p2|Dragonite, L50, F|\n|poke|p2|Primarina, L50, M|\n|teampreview|4\n|inactive|Battle timer is ON: inactive players will automatically lose when time's up. (requested by grade a type b)\n|inactive|grade a type b has 60 seconds left.\n|\n|t:|1731002188\n|start\n|switch|p1a: Vanessa|Gothitelle, L50, F|100\/100\n|switch|p1b: Flamigo|Flamigo, L50, F|100\/100\n|switch|p2a: I VOTED IN PA!|Whimsicott, L50, M|100\/100\n|switch|p2b: Fake News Pundent|Tyranitar, L50, M|100\/100\n|-weather|Sandstorm|[from] ability: Sand Stream|[of] p2b: Fake News Pundent\n|turn|1\n|\n|t:|1731002199\n|-terastallize|p2b: Fake News Pundent|Flying\n|move|p1a: Vanessa|Protect|p1a: Vanessa\n|-singleturn|p1a: Vanessa|Protect\n|move|p2a: I VOTED IN PA!|Tailwind|p2a: I VOTED IN PA!\n|-sidestart|p2: grade a type b|move: Tailwind\n|move|p2b: Fake News Pundent|Tera Blast|p1b: Flamigo|[anim] Tera Blast Flying\n|-supereffective|p1b: Flamigo\n|-enditem|p1b: Flamigo|Focus Sash\n|-damage|p1b: Flamigo|1\/100\n|move|p1b: Flamigo|Dual Wingbeat|p2a: I VOTED IN PA!\n|-supereffective|p2a: I VOTED IN PA!\n|-damage|p2a: I VOTED IN PA!|53\/100\n|-supereffective|p2a: I VOTED IN PA!\n|-crit|p2a: I VOTED IN PA!\n|-damage|p2a: I VOTED IN PA!|0 fnt\n|faint|p2a: I VOTED IN PA!\n|-hitcount|p2: I VOTED IN PA!|2\n|\n|-weather|Sandstorm|[upkeep]\n|-damage|p2b: Fake News Pundent|95\/100|[from] Sandstorm\n|-damage|p1b: Flamigo|0 fnt|[from] Sandstorm\n|-damage|p1a: Vanessa|94\/100|[from] Sandstorm\n|faint|p1b: Flamigo\n|upkeep\n|\n|t:|1731002212\n|switch|p2a: Liberal Cope Sesh|Ursaluna-Bloodmoon, L50, M|100\/100\n|switch|p1b: Kingambit|Kingambit, L50, F|100\/100\n|turn|2\n|\n|t:|1731002219\n|-terastallize|p1a: Vanessa|Dark\n|move|p2a: Liberal Cope Sesh|Blood Moon|p1a: Vanessa\n|-damage|p1a: Vanessa|6\/100\n|-damage|p2a: Liberal Cope Sesh|91\/100|[from] item: Life Orb\n|move|p2b: Fake News Pundent|Rock Slide|p1b: Kingambit|[spread] p1b\n|-miss|p2b: Fake News Pundent|p1a: Vanessa\n|-resisted|p1b: Kingambit\n|-damage|p1b: Kingambit|88\/100\n|move|p1b: Kingambit|Brick Break|p2a: Liberal Cope Sesh\n|-supereffective|p2a: Liberal Cope Sesh\n|-damage|p2a: Liberal Cope Sesh|43\/100\n|move|p1a: Vanessa|Trick Room|p1a: Vanessa\n|-fieldstart|move: Trick Room|[of] p1a: Vanessa\n|\n|-weather|Sandstorm|[upkeep]\n|-damage|p1a: Vanessa|0 fnt|[from] Sandstorm\n|-damage|p2b: Fake News Pundent|89\/100|[from] Sandstorm\n|faint|p1a: Vanessa\n|upkeep\n|\n|t:|1731002227\n|switch|p1a: Freddy|Ursaluna, L50, F|100\/100\n|turn|3\n|\n|t:|1731002238\n|switch|p2a: ELON'S PROTECTOR|Dragonite, L50, F|100\/100\n|move|p1a: Freddy|Facade|p2a: ELON'S PROTECTOR\n|-damage|p2a: ELON'S PROTECTOR|79\/100\n|move|p1b: Kingambit|Kowtow Cleave|p2a: ELON'S PROTECTOR\n|-damage|p2a: ELON'S PROTECTOR|33\/100\n|move|p2b: Fake News Pundent|Low Kick|p1b: Kingambit\n|-supereffective|p1b: Kingambit\n|-damage|p1b: Kingambit|0 fnt\n|faint|p1b: Kingambit\n|\n|-weather|Sandstorm|[upkeep]\n|-damage|p2b: Fake News Pundent|83\/100|[from] Sandstorm\n|-damage|p2a: ELON'S PROTECTOR|27\/100|[from] Sandstorm\n|-status|p1a: Freddy|brn|[from] item: Flame Orb\n|upkeep\n|turn|4\n|\n|t:|1731002249\n|move|p1a: Freddy|Facade|p2b: Fake News Pundent\n|-damage|p2b: Fake News Pundent|0 fnt\n|faint|p2b: Fake News Pundent\n|move|p2a: ELON'S PROTECTOR|Low Kick|p1a: Freddy\n|-supereffective|p1a: Freddy\n|-damage|p1a: Freddy|34\/100 brn\n|\n|-weather|Sandstorm|[upkeep]\n|-damage|p2a: ELON'S PROTECTOR|21\/100|[from] Sandstorm\n|-damage|p1a: Freddy|28\/100 brn|[from] brn\n|-sideend|p2: grade a type b|move: Tailwind\n|upkeep\n|\n|t:|1731002254\n|switch|p2b: Liberal Cope Sesh|Ursaluna-Bloodmoon, L50, M|43\/100\n|turn|5\n|\n|t:|1731002257\n|move|p1a: Freddy|Facade|p2b: Liberal Cope Sesh\n|-damage|p2b: Liberal Cope Sesh|0 fnt\n|faint|p2b: Liberal Cope Sesh\n|move|p2a: ELON'S PROTECTOR|Low Kick|p1a: Freddy\n|-supereffective|p1a: Freddy\n|-damage|p1a: Freddy|0 fnt\n|faint|p1a: Freddy\n|\n|win|grade a type b\n|raw|caZISA's rating: 1739 &rarr; <strong>1722<\/strong><br \/>(-17 for losing)\n|raw|grade a type b's rating: 1796 &rarr; <strong>1813<\/strong><br \/>(+17 for winning)\n|l|\u2606caZISA\n|player|p1|\n|l|\u2606grade a type b\n|player|p2|\n","uploadtime":1731002445,"views":43,"formatid":"gen9vgc2024regh","rating":1722,"private":0,"password":null}