{"id":"gen9vgc2024regh-2239968054","format":"[Gen 9] VGC 2024 Reg H","players":["ray4gej","extra.blended"],"log":"|j|\u2606ray4gej\n|j|\u2606extra.blended\n|t:|1731081186\n|gametype|doubles\n|player|p1|ray4gej|102|1662\n|player|p2|extra.blended|linebacker|1765\n|teamsize|p1|6\n|teamsize|p2|6\n|gen|9\n|tier|[Gen 9] VGC 2024 Reg H\n|rated|\n|rule|Species Clause: Limit one of each Pok\u00e9mon\n|rule|Item Clause: Limit 1 of each item\n|clearpoke\n|poke|p1|Dondozo, L50, F|\n|poke|p1|Tatsugiri, L50, F|\n|poke|p1|Sneasler, L50, F|\n|poke|p1|Flamigo, L50, F|\n|poke|p1|Amoonguss, L50, M|\n|poke|p1|Gholdengo, L50|\n|poke|p2|Garganacl, L50, F|\n|poke|p2|Hippowdon, L50, M|\n|poke|p2|Glimmora, L50, F|\n|poke|p2|Gastrodon-East, L50, M|\n|poke|p2|Gholdengo, L50|\n|poke|p2|Baxcalibur, L50, F|\n|teampreview|4\n|\n|t:|1731081255\n|start\n|switch|p1a: Amoonguss|Amoonguss, L50, M|100\/100\n|switch|p1b: Sneasler|Sneasler, L50, F|100\/100\n|switch|p2a: Baxcalibur|Baxcalibur, L50, F|100\/100\n|switch|p2b: Gholdengo|Gholdengo, L50|100\/100\n|turn|1\n|\n|t:|1731081270\n|switch|p1a: Dondozo|Dondozo, L50, F, shiny|100\/100\n|-terastallize|p2a: Baxcalibur|Ground\n|move|p2b: Gholdengo|Make It Rain|p1a: Dondozo|[spread] p1a,p1b\n|-resisted|p1a: Dondozo\n|-damage|p1a: Dondozo|76\/100\n|-damage|p1b: Sneasler|29\/100\n|-unboost|p2b: Gholdengo|spa|1\n|move|p1b: Sneasler|Coaching|p1a: Dondozo\n|-boost|p1a: Dondozo|atk|1\n|-boost|p1a: Dondozo|def|1\n|move|p2a: Baxcalibur|Icicle Crash|p1a: Dondozo\n|-resisted|p1a: Dondozo\n|-damage|p1a: Dondozo|64\/100\n|\n|upkeep\n|turn|2\n|\n|t:|1731081310\n|switch|p2b: Garganacl|Garganacl, L50, F|100\/100\n|switch|p1b: Tatsugiri|Tatsugiri, L50, F|100\/100\n|-activate|p1b: Tatsugiri|ability: Commander|[of] p1a: Dondozo\n|-boost|p1a: Dondozo|atk|2\n|-boost|p1a: Dondozo|spa|2\n|-boost|p1a: Dondozo|spe|2\n|-boost|p1a: Dondozo|def|2\n|-boost|p1a: Dondozo|spd|2\n|move|p2a: Baxcalibur|Ice Shard|p1b: Tatsugiri|[miss]\n|-miss|p2a: Baxcalibur|p1b: Tatsugiri\n|move|p1a: Dondozo|Order Up|p2b: Garganacl\n|-damage|p2b: Garganacl|62\/100\n|-boost|p1a: Dondozo|atk|1\n|\n|-heal|p2b: Garganacl|68\/100|[from] item: Leftovers\n|upkeep\n|turn|3\n|\n|t:|1731081325\n|switch|p2a: Gastrodon|Gastrodon-East, L50, M|100\/100\n|move|p2b: Garganacl|Wide Guard|p2b: Garganacl\n|-singleturn|p2b: Garganacl|Wide Guard\n|move|p1a: Dondozo|Order Up|p2b: Garganacl\n|-damage|p2b: Garganacl|23\/100\n|-boost|p1a: Dondozo|atk|1\n|\n|-heal|p2b: Garganacl|29\/100|[from] item: Leftovers\n|upkeep\n|turn|4\n|\n|t:|1731081332\n|move|p2b: Garganacl|Wide Guard|p2b: Garganacl\n|-singleturn|p2b: Garganacl|Wide Guard\n|move|p1a: Dondozo|Order Up|p2a: Gastrodon\n|-damage|p2a: Gastrodon|34\/100\n|-boost|p1a: Dondozo|atk|1\n|move|p2a: Gastrodon|Clear Smog|p1a: Dondozo\n|-crit|p1a: Dondozo\n|-damage|p1a: Dondozo|48\/100\n|-clearboost|p1a: Dondozo\n|\n|-heal|p2b: Garganacl|34\/100|[from] item: Leftovers\n|upkeep\n|turn|5\n|\n|t:|1731081343\n|move|p1a: Dondozo|Order Up|p2a: Gastrodon\n|-damage|p2a: Gastrodon|13\/100\n|-enditem|p2a: Gastrodon|Mago Berry|[eat]\n|-heal|p2a: Gastrodon|46\/100|[from] item: Mago Berry\n|-boost|p1a: Dondozo|atk|1\n|move|p2a: Gastrodon|Recover|p2a: Gastrodon\n|-heal|p2a: Gastrodon|96\/100\n|move|p2b: Garganacl|Recover|p2b: Garganacl\n|-heal|p2b: Garganacl|85\/100\n|\n|-heal|p2b: Garganacl|90\/100|[from] item: Leftovers\n|upkeep\n|turn|6\n|\n|t:|1731081350\n|move|p1a: Dondozo|Order Up|p2a: Gastrodon\n|-damage|p2a: Gastrodon|66\/100\n|-boost|p1a: Dondozo|atk|1\n|move|p2a: Gastrodon|Clear Smog|p1a: Dondozo\n|-damage|p1a: Dondozo|37\/100\n|-clearboost|p1a: Dondozo\n|move|p2b: Garganacl|Salt Cure|p1a: Dondozo\n|-damage|p1a: Dondozo|28\/100\n|\n|-heal|p2b: Garganacl|96\/100|[from] item: Leftovers\n|upkeep\n|turn|7\n|\n|t:|1731081380\n|switch|p2b: Gholdengo|Gholdengo, L50|100\/100\n|move|p1a: Dondozo|Order Up|p2a: Gastrodon\n|-damage|p2a: Gastrodon|48\/100\n|-boost|p1a: Dondozo|atk|1\n|move|p2a: Gastrodon|Recover|p2a: Gastrodon\n|-heal|p2a: Gastrodon|98\/100\n|\n|upkeep\n|turn|8\n|\n|t:|1731081398\n|switch|p2b: Garganacl|Garganacl, L50, F|96\/100\n|move|p1a: Dondozo|Order Up|p2a: Gastrodon\n|-damage|p2a: Gastrodon|69\/100\n|-boost|p1a: Dondozo|atk|1\n|move|p2a: Gastrodon|Whirlpool|p1a: Dondozo\n|-resisted|p1a: Dondozo\n|-damage|p1a: Dondozo|22\/100\n|-activate|p1a: Dondozo|move: Whirlpool|[of] p2a: Gastrodon\n|\n|-heal|p2b: Garganacl|100\/100|[from] item: Leftovers\n|-damage|p1a: Dondozo|10\/100|[from] move: Whirlpool|[partiallytrapped]\n|upkeep\n|turn|9\n|\n|t:|1731081412\n|move|p2b: Garganacl|Protect|p2b: Garganacl\n|-singleturn|p2b: Garganacl|Protect\n|move|p1a: Dondozo|Order Up|p2a: Gastrodon\n|-damage|p2a: Gastrodon|33\/100\n|-boost|p1a: Dondozo|atk|1\n|move|p2a: Gastrodon|Recover|p2a: Gastrodon\n|-heal|p2a: Gastrodon|83\/100\n|\n|-damage|p1a: Dondozo|0 fnt|[from] move: Whirlpool|[partiallytrapped]\n|faint|p1a: Dondozo\n|upkeep\n|\n|t:|1731081419\n|switch|p1a: Sneasler|Sneasler, L50, F|29\/100\n|turn|10\n|\n|t:|1731081430\n|switch|p2b: Gholdengo|Gholdengo, L50|100\/100\n|-terastallize|p1a: Sneasler|Stellar\n|move|p1b: Tatsugiri|Helping Hand|p1a: Sneasler\n|-singleturn|p1a: Sneasler|Helping Hand|[of] p1b: Tatsugiri\n|move|p1a: Sneasler|Close Combat|p2a: Gastrodon\n|-damage|p2a: Gastrodon|0 fnt\n|-unboost|p1a: Sneasler|def|1\n|-unboost|p1a: Sneasler|spd|1\n|faint|p2a: Gastrodon\n|\n|upkeep\n|\n|t:|1731081446\n|switch|p2a: Baxcalibur|Baxcalibur, L50, F, tera:Ground|100\/100\n|turn|11\n|\n|t:|1731081456\n|switch|p1b: Amoonguss|Amoonguss, L50, M|100\/100\n|move|p2b: Gholdengo|Make It Rain|p1a: Sneasler|[spread] p1a,p1b\n|-damage|p1a: Sneasler|0 fnt\n|-damage|p1b: Amoonguss|57\/100\n|-unboost|p2b: Gholdengo|spa|1\n|faint|p1a: Sneasler\n|move|p2a: Baxcalibur|Dragon Tail|p1b: Amoonguss\n|-damage|p1b: Amoonguss|22\/100\n|drag|p1b: Tatsugiri|Tatsugiri, L50, F|100\/100\n|\n|upkeep\n|\n|t:|1731081463\n|switch|p1a: Amoonguss|Amoonguss, L50, M|55\/100\n|turn|12\n|\n|t:|1731081481\n|switch|p2b: Garganacl|Garganacl, L50, F|100\/100\n|move|p1a: Amoonguss|Rage Powder|p1a: Amoonguss\n|-singleturn|p1a: Amoonguss|move: Rage Powder\n|move|p1b: Tatsugiri|Muddy Water|p2b: Garganacl|[spread] p2a,p2b\n|-supereffective|p2a: Baxcalibur\n|-supereffective|p2b: Garganacl\n|-damage|p2a: Baxcalibur|59\/100\n|-damage|p2b: Garganacl|59\/100\n|move|p2a: Baxcalibur|Icicle Crash|p1a: Amoonguss\n|-supereffective|p1a: Amoonguss\n|-damage|p1a: Amoonguss|0 fnt\n|faint|p1a: Amoonguss\n|\n|-heal|p2b: Garganacl|65\/100|[from] item: Leftovers\n|upkeep\n|turn|13\n|\n|t:|1731081492\n|move|p2b: Garganacl|Wide Guard|p2b: Garganacl\n|-singleturn|p2b: Garganacl|Wide Guard\n|move|p1b: Tatsugiri|Muddy Water|p2a: Baxcalibur|[spread] \n|-activate|p2a: Baxcalibur|move: Wide Guard\n|-activate|p2b: Garganacl|move: Wide Guard\n|move|p2a: Baxcalibur|Dragon Tail|p1b: Tatsugiri\n|-supereffective|p1b: Tatsugiri\n|-damage|p1b: Tatsugiri|0 fnt\n|faint|p1b: Tatsugiri\n|\n|win|extra.blended\n|raw|ray4gej's rating: 1681 &rarr; <strong>1666<\/strong><br \/>(-15 for losing)\n|raw|extra.blended's rating: 1765 &rarr; <strong>1780<\/strong><br \/>(+15 for winning)\n|l|\u2606ray4gej\n|player|p1|\n|l|\u2606extra.blended\n|player|p2|\n","uploadtime":1731081762,"views":27,"formatid":"gen9vgc2024regh","rating":1666,"private":0,"password":null}