{"id":"gen9vgc2024regh-2239231266","format":"[Gen 9] VGC 2024 Reg H","players":["my!lane","LilTic"],"log":"|j|\u2606my!lane\n|j|\u2606LilTic\n|t:|1730988457\n|gametype|doubles\n|player|p1|my!lane|roxie|1689\n|player|p2|LilTic|ninjaboy|1660\n|teamsize|p1|6\n|teamsize|p2|6\n|gen|9\n|tier|[Gen 9] VGC 2024 Reg H\n|rated|\n|rule|Species Clause: Limit one of each Pok\u00e9mon\n|rule|Item Clause: Limit 1 of each item\n|clearpoke\n|poke|p1|Sinistcha, L50|\n|poke|p1|Clefable, L50, M|\n|poke|p1|Scrafty, L50, M|\n|poke|p1|Gastrodon, L50, M|\n|poke|p1|Gardevoir, L50, F|\n|poke|p1|Ceruledge, L50, M|\n|poke|p2|Toxapex, L50, F|\n|poke|p2|Incineroar, L50, M|\n|poke|p2|Amoonguss, L50, F|\n|poke|p2|Ninetales-Alola, L50, M|\n|poke|p2|Dragonite, L50, M|\n|poke|p2|Kingambit, L50, M|\n|teampreview|4\n|inactive|Battle timer is ON: inactive players will automatically lose when time's up. (requested by my!lane)\n|c|\u2606LilTic|THATS a team!!\n|c|\u2606my!lane|thaaaaanks\n|inactive|my!lane has 60 seconds left.\n|j| bjvgc1\n|\n|t:|1730988523\n|start\n|switch|p1a: Gardevoir|Gardevoir, L50, F|100\/100\n|switch|p1b: Agent Edge|Ceruledge, L50, M|100\/100\n|switch|p2a: Toxapex|Toxapex, L50, F|100\/100\n|switch|p2b: Incineroar|Incineroar, L50, M|100\/100\n|-ability|p1a: Gardevoir|Intimidate|boost\n|-unboost|p2a: Toxapex|atk|1\n|-unboost|p2b: Incineroar|atk|1\n|-ability|p1a: Gardevoir|Intimidate|[from] ability: Trace|[of] p2b: Incineroar\n|-ability|p2b: Incineroar|Intimidate|boost\n|-unboost|p1a: Gardevoir|atk|1\n|-unboost|p1b: Agent Edge|atk|1\n|turn|1\n|inactive|LilTic has 30 seconds left.\n|inactive|my!lane has 30 seconds left.\n|inactive|LilTic has 20 seconds left.\n|inactive|LilTic has 15 seconds left.\n|inactive|LilTic has 10 seconds left.\n|inactive|LilTic has 5 seconds left.\n|\n|t:|1730988576\n|switch|p1b: Clef|Clefable, L50, M|100\/100\n|move|p1a: Gardevoir|Expanding Force|p2a: Toxapex\n|-supereffective|p2a: Toxapex\n|-damage|p2a: Toxapex|32\/100\n|move|p2b: Incineroar|Knock Off|p1b: Clef\n|-resisted|p1b: Clef\n|-damage|p1b: Clef|80\/100\n|-enditem|p1b: Clef|Safety Goggles|[from] move: Knock Off|[of] p2b: Incineroar\n|move|p2a: Toxapex|Infestation|p1b: Clef\n|-resisted|p1b: Clef\n|-damage|p1b: Clef|78\/100\n|-activate|p1b: Clef|move: Infestation|[of] p2a: Toxapex\n|\n|-damage|p1b: Clef|62\/100|[from] move: Infestation|[partiallytrapped]\n|upkeep\n|turn|2\n|\n|t:|1730988594\n|move|p2a: Toxapex|Baneful Bunker|p2a: Toxapex\n|-singleturn|p2a: Toxapex|move: Protect\n|move|p1b: Clef|Follow Me|p1b: Clef\n|-singleturn|p1b: Clef|move: Follow Me\n|move|p1a: Gardevoir|Expanding Force|p2a: Toxapex\n|-activate|p2a: Toxapex|move: Protect\n|move|p2b: Incineroar|Parting Shot|p1b: Clef\n|-unboost|p1b: Clef|atk|1\n|-unboost|p1b: Clef|spa|1\n|\n|t:|1730988601\n|switch|p2b: Ninetales|Ninetales-Alola, L50, M|100\/100|[from] Parting Shot\n|-weather|Snow|[from] ability: Snow Warning|[of] p2b: Ninetales\n|\n|-weather|Snow|[upkeep]\n|-damage|p1b: Clef|46\/100|[from] move: Infestation|[partiallytrapped]\n|upkeep\n|turn|3\n|\n|t:|1730988609\n|switch|p2a: Incineroar|Incineroar, L50, M|100\/100\n|-ability|p2a: Incineroar|Intimidate|boost\n|-unboost|p1a: Gardevoir|atk|1\n|-unboost|p1b: Clef|atk|1\n|move|p1a: Gardevoir|Expanding Force|p2b: Ninetales\n|-damage|p2b: Ninetales|44\/100\n|move|p2b: Ninetales|Blizzard|p1a: Gardevoir|[spread] p1a,p1b\n|-damage|p1a: Gardevoir|64\/100\n|-damage|p1b: Clef|13\/100\n|-status|p1b: Clef|frz\n|cant|p1b: Clef|frz\n|\n|-weather|Snow|[upkeep]\n|-end|p1b: Clef|Infestation|[partiallytrapped]|[silent]\n|upkeep\n|turn|4\n|l| bjvgc1\n|\n|t:|1730988628\n|switch|p1a: Scrafty|Scrafty, L50, M|100\/100\n|-ability|p1a: Scrafty|Intimidate|boost\n|-unboost|p2a: Incineroar|atk|1\n|-unboost|p2b: Ninetales|atk|1\n|move|p2b: Ninetales|Blizzard|p1a: Scrafty|[spread] p1a,p1b\n|-damage|p1a: Scrafty|77\/100\n|-damage|p1b: Clef|0 fnt\n|faint|p1b: Clef\n|-enditem|p1a: Scrafty|Eject Button\n|\n|t:|1730988640\n|switch|p1a: Gardevoir|Gardevoir, L50, F|64\/100\n|-ability|p1a: Gardevoir|Intimidate|boost\n|-unboost|p2a: Incineroar|atk|1\n|-unboost|p2b: Ninetales|atk|1\n|-ability|p1a: Gardevoir|Intimidate|[from] ability: Trace|[of] p2a: Incineroar\n|move|p2a: Incineroar|Knock Off|p1a: Gardevoir\n|-damage|p1a: Gardevoir|22\/100\n|-enditem|p1a: Gardevoir|Choice Scarf|[from] move: Knock Off|[of] p2a: Incineroar\n|\n|-weather|Snow|[upkeep]\n|upkeep\n|\n|t:|1730988642\n|switch|p1b: Agent Edge|Ceruledge, L50, M|100\/100\n|turn|5\n|\n|t:|1730988659\n|switch|p1a: Scrafty|Scrafty, L50, M|77\/100\n|-ability|p1a: Scrafty|Intimidate|boost\n|-unboost|p2a: Incineroar|atk|1\n|-unboost|p2b: Ninetales|atk|1\n|-terastallize|p1b: Agent Edge|Dark\n|move|p2b: Ninetales|Blizzard|p1a: Scrafty|[spread] p1a,p1b\n|-damage|p1a: Scrafty|55\/100\n|-damage|p1b: Agent Edge|79\/100\n|-status|p1a: Scrafty|frz\n|-status|p1b: Agent Edge|frz\n|-curestatus|p1b: Agent Edge|frz|[msg]\n|move|p1b: Agent Edge|Poltergeist|p2b: Ninetales\n|-activate|p2b: Ninetales|move: Poltergeist|Focus Sash\n|-damage|p2b: Ninetales|0 fnt\n|faint|p2b: Ninetales\n|move|p2a: Incineroar|Knock Off|p1b: Agent Edge\n|-resisted|p1b: Agent Edge\n|-damage|p1b: Agent Edge|68\/100\n|-enditem|p1b: Agent Edge|Assault Vest|[from] move: Knock Off|[of] p2a: Incineroar\n|\n|-weather|Snow|[upkeep]\n|upkeep\n|\n|t:|1730988665\n|switch|p2b: Toxapex|Toxapex, L50, F|65\/100\n|turn|6\n|\n|t:|1730988683\n|move|p1b: Agent Edge|Poltergeist|p2b: Toxapex\n|-activate|p2b: Toxapex|move: Poltergeist|Binding Band\n|-damage|p2b: Toxapex|23\/100\n|move|p2a: Incineroar|Parting Shot|p1b: Agent Edge\n|-unboost|p1b: Agent Edge|atk|1\n|-unboost|p1b: Agent Edge|spa|1\n|\n|t:|1730988687\n|switch|p2a: Amoonguss|Amoonguss, L50, F|100\/100|[from] Parting Shot\n|cant|p1a: Scrafty|frz\n|move|p2b: Toxapex|Recover|p2b: Toxapex\n|-heal|p2b: Toxapex|73\/100\n|\n|-weather|none\n|upkeep\n|turn|7\n|\n|t:|1730988709\n|switch|p1b: Gardevoir|Gardevoir, L50, F|22\/100\n|-ability|p1b: Gardevoir|Regenerator|[from] ability: Trace|[of] p2b: Toxapex\n|cant|p1a: Scrafty|frz\n|move|p2b: Toxapex|Infestation|p1b: Gardevoir\n|-damage|p1b: Gardevoir|19\/100\n|-activate|p1b: Gardevoir|move: Infestation|[of] p2b: Toxapex\n|move|p2a: Amoonguss|Spore|p1b: Gardevoir\n|-status|p1b: Gardevoir|slp|[from] move: Spore\n|\n|-damage|p1b: Gardevoir|2\/100 slp|[from] move: Infestation|[partiallytrapped]\n|upkeep\n|turn|8\n|\n|t:|1730988723\n|cant|p1b: Gardevoir|slp\n|cant|p1a: Scrafty|frz\n|move|p2b: Toxapex|Infestation|p1a: Scrafty\n|-damage|p1a: Scrafty|52\/100 frz\n|-activate|p1a: Scrafty|move: Infestation|[of] p2b: Toxapex\n|move|p2a: Amoonguss|Pollen Puff|p2b: Toxapex\n|-heal|p2b: Toxapex|100\/100\n|\n|-damage|p1b: Gardevoir|0 fnt|[from] move: Infestation|[partiallytrapped]\n|faint|p1b: Gardevoir\n|-damage|p1a: Scrafty|36\/100 frz|[from] move: Infestation|[partiallytrapped]\n|upkeep\n|c|\u2606my!lane|gg\n|\n|t:|1730988727\n|switch|p1b: Agent Edge|Ceruledge, L50, M, tera:Dark|68\/100\n|turn|9\n|c|\u2606LilTic|sry for the freezes\n|c|\u2606LilTic|cute team\n|c|\u2606my!lane|having flash backs toooo vancouver regional earlier this year\n|c|\u2606my!lane|playing that articuno team\n|inactive|my!lane has 30 seconds left.\n|c|\u2606LilTic|:'D\n|c|\u2606my!lane|and just getting chain frozen into oblivion\n|c|\u2606LilTic|I loved that team too xd\n|\n|t:|1730988761\n|move|p2a: Amoonguss|Protect|p2a: Amoonguss\n|-singleturn|p2a: Amoonguss|Protect\n|move|p1b: Agent Edge|Bitter Blade|p2a: Amoonguss\n|-activate|p2a: Amoonguss|move: Protect\n|cant|p1a: Scrafty|frz\n|move|p2b: Toxapex|Toxic|p1b: Agent Edge\n|-status|p1b: Agent Edge|tox\n|\n|-damage|p1b: Agent Edge|61\/100 tox|[from] psn\n|-damage|p1a: Scrafty|20\/100 frz|[from] move: Infestation|[partiallytrapped]\n|upkeep\n|turn|10\n|c|\u2606LilTic|my worst that ever happened is 3x rock slide flinch in regional, it doesnt sound that bad\n|c|\u2606my!lane|T_T\n|c|\u2606LilTic|but whats the chance\n|c|\u2606LilTic|in a row x\n|inactive|LilTic has 30 seconds left.\n|c|\u2606my!lane|dw that would hurt\n|inactive|LilTic has 20 seconds left.\n|c|\u2606my!lane|it does seem that bad haha\n|inactive|LilTic has 15 seconds left.\n|inactive|LilTic has 10 seconds left.\n|inactive|LilTic has 5 seconds left.\n|\n|t:|1730988816\n|move|p1b: Agent Edge|Close Combat|p2a: Amoonguss\n|-resisted|p2a: Amoonguss\n|-damage|p2a: Amoonguss|84\/100\n|-unboost|p1b: Agent Edge|def|1\n|-unboost|p1b: Agent Edge|spd|1\n|-damage|p1b: Agent Edge|45\/100 tox|[from] item: Rocky Helmet|[of] p2a: Amoonguss\n|cant|p1a: Scrafty|frz\n|move|p2b: Toxapex|Infestation|p1a: Scrafty\n|-damage|p1a: Scrafty|17\/100 frz\n|move|p2a: Amoonguss|Spore||[still]\n|-fail|p2a: Amoonguss\n|\n|-damage|p1b: Agent Edge|33\/100 tox|[from] psn\n|-damage|p1a: Scrafty|1\/100 frz|[from] move: Infestation|[partiallytrapped]\n|upkeep\n|turn|11\n|-message|my!lane forfeited.\n|\n|win|LilTic\n|raw|my!lane's rating: 1689 &rarr; <strong>1667<\/strong><br \/>(-22 for losing)\n|raw|LilTic's rating: 1660 &rarr; <strong>1682<\/strong><br \/>(+22 for winning)\n|c|\u2606my!lane|ggss\n|c|\u2606LilTic|gg\n|l|\u2606my!lane\n|player|p1|\n|c|\u2606LilTic|1 in 1400+-\n|c|\u2606LilTic|xd\n|l|\u2606LilTic\n|player|p2|\n","uploadtime":1730988961,"views":8,"formatid":"gen9vgc2024regh","rating":1667,"private":0,"password":null}