{"id":"gen9vgc2024regh-2239360407","format":"[Gen 9] VGC 2024 Reg H","players":["datbishgames","grade a type b"],"log":"|j|\u2606datbishgames\n|j|\u2606grade a type b\n|t:|1731001231\n|gametype|doubles\n|player|p1|datbishgames|mira|1750\n|player|p2|grade a type b|waiter-gen4dp|1816\n|teamsize|p1|6\n|teamsize|p2|6\n|gen|9\n|tier|[Gen 9] VGC 2024 Reg H\n|rated|\n|rule|Species Clause: Limit one of each Pok\u00e9mon\n|rule|Item Clause: Limit 1 of each item\n|clearpoke\n|poke|p1|Whimsicott, L50, F|\n|poke|p1|Basculegion, L50, M|\n|poke|p1|Arcanine-Hisui, L50, F|\n|poke|p1|Hydreigon, L50, M|\n|poke|p1|Farigiraf, L50, F|\n|poke|p1|Pawmot, L50, M|\n|poke|p2|Whimsicott, L50, F|\n|poke|p2|Ursaluna-Bloodmoon, L50, M|\n|poke|p2|Tyranitar, L50, M|\n|poke|p2|Gholdengo, L50|\n|poke|p2|Dragonite, L50, M|\n|poke|p2|Primarina, L50, M|\n|teampreview|4\n|inactive|Battle timer is ON: inactive players will automatically lose when time's up. (requested by grade a type b)\n|inactive|datbishgames also wants the timer to be on.\n|inactive|datbishgames has 60 seconds left.\n|inactive|grade a type b has 60 seconds left.\n|\n|t:|1731001270\n|start\n|switch|p1a: Whimsicott|Whimsicott, L50, F|100\/100\n|switch|p1b: Pawmot|Pawmot, L50, M|100\/100\n|switch|p2a: Liberal Cope Sesh|Ursaluna-Bloodmoon, L50, M|100\/100\n|switch|p2b: ELON'S PROTECTOR|Dragonite, L50, M|100\/100\n|turn|1\n|\n|t:|1731001291\n|-terastallize|p1b: Pawmot|Electric\n|-terastallize|p2a: Liberal Cope Sesh|Ghost\n|move|p1a: Whimsicott|Tailwind|p1a: Whimsicott\n|-sidestart|p1: datbishgames|move: Tailwind\n|move|p1b: Pawmot|Double Shock|p2b: ELON'S PROTECTOR\n|-damage|p2b: ELON'S PROTECTOR|63\/100\n|-start|p1b: Pawmot|typechange|Electric|[from] move: Double Shock\n|move|p2b: ELON'S PROTECTOR|Scale Shot|p1b: Pawmot\n|-damage|p1b: Pawmot|76\/100\n|-damage|p1b: Pawmot|51\/100\n|-crit|p1b: Pawmot\n|-damage|p1b: Pawmot|14\/100\n|-damage|p1b: Pawmot|0 fnt\n|faint|p1b: Pawmot\n|-hitcount|p1: Pawmot|4\n|-unboost|p2b: ELON'S PROTECTOR|def|1\n|-boost|p2b: ELON'S PROTECTOR|spe|1\n|move|p2a: Liberal Cope Sesh|Hyper Voice|p1a: Whimsicott\n|-damage|p1a: Whimsicott|23\/100\n|-damage|p2a: Liberal Cope Sesh|91\/100|[from] item: Life Orb\n|\n|upkeep\n|\n|t:|1731001307\n|switch|p1b: Basculegion|Basculegion, L50, M|100\/100\n|turn|2\n|\n|t:|1731001319\n|switch|p1a: Farigiraf|Farigiraf, L50, F|100\/100\n|move|p2a: Liberal Cope Sesh|Protect|p2a: Liberal Cope Sesh\n|-singleturn|p2a: Liberal Cope Sesh|Protect\n|move|p2b: ELON'S PROTECTOR|Extreme Speed||[still]\n|cant|p1a: Farigiraf|ability: Armor Tail|Extreme Speed|[of] p2b: ELON'S PROTECTOR\n|move|p1b: Basculegion|Last Respects|p2a: Liberal Cope Sesh\n|-activate|p2a: Liberal Cope Sesh|move: Protect\n|\n|upkeep\n|turn|3\n|\n|t:|1731001333\n|move|p1b: Basculegion|Last Respects|p2a: Liberal Cope Sesh\n|-supereffective|p2a: Liberal Cope Sesh\n|-damage|p2a: Liberal Cope Sesh|0 fnt\n|faint|p2a: Liberal Cope Sesh\n|move|p1a: Farigiraf|Hyper Voice|p2b: ELON'S PROTECTOR\n|-damage|p2b: ELON'S PROTECTOR|22\/100\n|-enditem|p1a: Farigiraf|Throat Spray\n|-boost|p1a: Farigiraf|spa|1|[from] item: Throat Spray\n|move|p2b: ELON'S PROTECTOR|Scale Shot|p1a: Farigiraf\n|-damage|p1a: Farigiraf|86\/100\n|-damage|p1a: Farigiraf|70\/100\n|-damage|p1a: Farigiraf|52\/100\n|-damage|p1a: Farigiraf|37\/100\n|-damage|p1a: Farigiraf|21\/100\n|-hitcount|p1a: Farigiraf|5\n|-unboost|p2b: ELON'S PROTECTOR|def|1\n|-boost|p2b: ELON'S PROTECTOR|spe|1\n|\n|upkeep\n|\n|t:|1731001350\n|switch|p2a: I VOTED IN PA!|Whimsicott, L50, F|100\/100\n|turn|4\n|\n|t:|1731001356\n|move|p2a: I VOTED IN PA!|Tailwind|p2a: I VOTED IN PA!\n|-sidestart|p2: grade a type b|move: Tailwind\n|move|p2b: ELON'S PROTECTOR|Scale Shot|p1b: Basculegion\n|-damage|p1b: Basculegion|85\/100\n|-damage|p1b: Basculegion|71\/100\n|-damage|p1b: Basculegion|55\/100\n|-damage|p1b: Basculegion|39\/100\n|-damage|p1b: Basculegion|24\/100\n|-hitcount|p1b: Basculegion|5\n|-unboost|p2b: ELON'S PROTECTOR|def|1\n|-boost|p2b: ELON'S PROTECTOR|spe|1\n|move|p1b: Basculegion|Last Respects|p2b: ELON'S PROTECTOR\n|-damage|p2b: ELON'S PROTECTOR|0 fnt\n|faint|p2b: ELON'S PROTECTOR\n|move|p1a: Farigiraf|Trick Room|p1a: Farigiraf\n|-fieldstart|move: Trick Room|[of] p1a: Farigiraf\n|\n|-sideend|p1: datbishgames|move: Tailwind\n|upkeep\n|\n|t:|1731001369\n|switch|p2b: Trump's Red Wave|Gholdengo, L50|100\/100\n|turn|5\n|\n|t:|1731001377\n|move|p1a: Farigiraf|Twin Beam|p2a: I VOTED IN PA!\n|-damage|p2a: I VOTED IN PA!|65\/100\n|-damage|p2a: I VOTED IN PA!|29\/100\n|-hitcount|p2a: I VOTED IN PA!|2\n|move|p1b: Basculegion|Last Respects|p2b: Trump's Red Wave\n|-supereffective|p2b: Trump's Red Wave\n|-damage|p2b: Trump's Red Wave|0 fnt\n|faint|p2b: Trump's Red Wave\n|move|p2a: I VOTED IN PA!|Moonblast|p1b: Basculegion\n|-damage|p1b: Basculegion|0 fnt\n|faint|p1b: Basculegion\n|\n|upkeep\n|-message|grade a type b forfeited.\n|\n|win|datbishgames\n|raw|datbishgames's rating: 1750 &rarr; <strong>1774<\/strong><br \/>(+24 for winning)\n|raw|grade a type b's rating: 1816 &rarr; <strong>1792<\/strong><br \/>(-24 for losing)\n|l|\u2606grade a type b\n|player|p2|\n|l|\u2606datbishgames\n|player|p1|\n","uploadtime":1731001606,"views":70,"formatid":"gen9vgc2024regh","rating":1774,"private":0,"password":null}