{"id":"gen9vgc2024regh-2239039034","format":"[Gen 9] VGC 2024 Reg H","players":["Fayzginger","Allhailhippo"],"log":"|j|\u2606Fayzginger\n|j|\u2606Allhailhippo\n|t:|1730955932\n|gametype|doubles\n|player|p1|Fayzginger|gentleman|1708\n|player|p2|Allhailhippo|265|1652\n|teamsize|p1|6\n|teamsize|p2|6\n|gen|9\n|tier|[Gen 9] VGC 2024 Reg H\n|rated|\n|rule|Species Clause: Limit one of each Pok\u00e9mon\n|rule|Item Clause: Limit 1 of each item\n|clearpoke\n|poke|p1|Dragonite, L50, F|\n|poke|p1|Amoonguss, L50, F|\n|poke|p1|Sneasler, L50, M|\n|poke|p1|Dragapult, L50, F|\n|poke|p1|Farigiraf, L50, F|\n|poke|p1|Gholdengo, L50|\n|poke|p2|Tyranitar, L50, M|\n|poke|p2|Houndstone, L50, M|\n|poke|p2|Whimsicott, L50, M|\n|poke|p2|Annihilape, L50, F|\n|poke|p2|Sylveon, L50, F|\n|poke|p2|Garchomp, L50, M|\n|teampreview|4\n|inactive|Battle timer is ON: inactive players will automatically lose when time's up. (requested by Allhailhippo)\nAllhailhippo has agreed to open team sheets.\n|inactive|Fayzginger has 60 seconds left.\n|\n|t:|1730955968\n|start\n|switch|p1a: Dragonite|Dragonite, L50, F|100\/100\n|switch|p1b: Amoonguss|Amoonguss, L50, F|100\/100\n|switch|p2a: Anna|Whimsicott, L50, M|100\/100\n|switch|p2b: Garchomp|Garchomp, L50, M|100\/100\n|turn|1\n|\n|t:|1730955982\n|move|p2b: Garchomp|Protect|p2b: Garchomp\n|-singleturn|p2b: Garchomp|Protect\n|move|p1b: Amoonguss|Rage Powder|p1b: Amoonguss\n|-singleturn|p1b: Amoonguss|move: Rage Powder\n|move|p2a: Anna|Moonblast|p1a: Dragonite\n|-supereffective|p1a: Dragonite\n|-damage|p1a: Dragonite|65\/100\n|-unboost|p1a: Dragonite|spa|1\n|move|p1a: Dragonite|Scale Shot|p2b: Garchomp\n|-activate|p2b: Garchomp|move: Protect\n|\n|upkeep\n|turn|2\n|\n|t:|1730956004\n|move|p1a: Dragonite|Protect|p1a: Dragonite\n|-singleturn|p1a: Dragonite|Protect\n|move|p2a: Anna|Encore|p1b: Amoonguss\n|-start|p1b: Amoonguss|Encore\n|move|p2b: Garchomp|Earthquake|p1b: Amoonguss|[spread] p2a,p1b\n|-activate|p1a: Dragonite|move: Protect\n|-resisted|p2a: Anna\n|-damage|p2a: Anna|70\/100\n|-damage|p1b: Amoonguss|55\/100\n|-damage|p2b: Garchomp|91\/100|[from] item: Life Orb\n|move|p1b: Amoonguss|Rage Powder|p1b: Amoonguss\n|-singleturn|p1b: Amoonguss|move: Rage Powder\n|\n|upkeep\n|turn|3\n|\n|t:|1730956023\n|switch|p1a: Gholdengo|Gholdengo, L50|100\/100\n|switch|p1b: Sneasler|Sneasler, L50, M|100\/100\n|move|p2a: Anna|Encore|p1a: Gholdengo\n|-immune|p1a: Gholdengo|[from] ability: Good as Gold\n|move|p2b: Garchomp|Earthquake|p1b: Sneasler|[spread] p2a,p1a,p1b\n|-resisted|p2a: Anna\n|-supereffective|p1a: Gholdengo\n|-supereffective|p1b: Sneasler\n|-damage|p2a: Anna|41\/100\n|-damage|p1a: Gholdengo|0 fnt\n|-enditem|p1b: Sneasler|Focus Sash\n|-damage|p1b: Sneasler|1\/100\n|faint|p1a: Gholdengo\n|-damage|p2b: Garchomp|81\/100|[from] item: Life Orb\n|\n|upkeep\n|\n|t:|1730956030\n|switch|p1a: Dragonite|Dragonite, L50, F|65\/100\n|turn|4\n|inactive|Fayzginger has 30 seconds left.\n|\n|t:|1730956063\n|move|p2b: Garchomp|Protect|p2b: Garchomp\n|-singleturn|p2b: Garchomp|Protect\n|move|p1a: Dragonite|Extreme Speed|p2a: Anna\n|-damage|p2a: Anna|5\/100\n|move|p2a: Anna|Tailwind|p2a: Anna\n|-sidestart|p2: Allhailhippo|move: Tailwind\n|move|p1b: Sneasler|Coaching|p1a: Dragonite\n|-boost|p1a: Dragonite|atk|1\n|-boost|p1a: Dragonite|def|1\n|\n|upkeep\n|turn|5\n|inactive|Allhailhippo has 30 seconds left.\n|\n|t:|1730956094\n|-terastallize|p1a: Dragonite|Steel\n|move|p1b: Sneasler|Dire Claw|p2a: Anna\n|-supereffective|p2a: Anna\n|-damage|p2a: Anna|0 fnt\n|faint|p2a: Anna\n|move|p2b: Garchomp|Earthquake|p1a: Dragonite|[spread] p1a,p1b\n|-supereffective|p1a: Dragonite\n|-supereffective|p1b: Sneasler\n|-damage|p1a: Dragonite|0 fnt\n|-damage|p1b: Sneasler|0 fnt\n|faint|p1a: Dragonite\n|faint|p1b: Sneasler\n|-damage|p2b: Garchomp|71\/100|[from] item: Life Orb\n|\n|upkeep\n|\n|t:|1730956106\n|switch|p2a: Good Things|Tyranitar, L50, M|100\/100\n|switch|p1a: Amoonguss|Amoonguss, L50, F|88\/100\n|-weather|Sandstorm|[from] ability: Sand Stream|[of] p2a: Good Things\n|turn|6\n|-message|Fayzginger forfeited.\n|\n|win|Allhailhippo\n|raw|Fayzginger's rating: 1708 &rarr; <strong>1685<\/strong><br \/>(-23 for losing)\n|raw|Allhailhippo's rating: 1652 &rarr; <strong>1675<\/strong><br \/>(+23 for winning)\n|l|\u2606Fayzginger\n|player|p1|\n|l|\u2606Allhailhippo\n|player|p2|\n","uploadtime":1730956275,"views":25,"formatid":"gen9vgc2024regh","rating":1675,"private":0,"password":null}