{"id":"gen9vgc2024regh-2239105088","format":"[Gen 9] VGC 2024 Reg H","players":["HoshimiHoshina","Iamsliverfish"],"log":"|j|\u2606HoshimiHoshina\n|j|\u2606Iamsliverfish\n|t:|1730969103\n|gametype|doubles\n|player|p1|HoshimiHoshina|rosa|1700\n|player|p2|Iamsliverfish|hiker-gen4|1742\n|teamsize|p1|6\n|teamsize|p2|6\n|gen|9\n|tier|[Gen 9] VGC 2024 Reg H\n|rated|\n|rule|Species Clause: Limit one of each Pok\u00e9mon\n|rule|Item Clause: Limit 1 of each item\n|clearpoke\n|poke|p1|Slaking, L50, M|\n|poke|p1|Weezing-Galar, L50, M|\n|poke|p1|Gholdengo, L50|\n|poke|p1|Garchomp, L50, M|\n|poke|p1|Gyarados, L50, F|\n|poke|p1|Annihilape, L50, F|\n|poke|p2|Dragonite, L50, M|\n|poke|p2|Gholdengo, L50|\n|poke|p2|Ursaluna, L50, M|\n|poke|p2|Porygon2, L50|\n|poke|p2|Incineroar, L50, F|\n|poke|p2|Amoonguss, L50, M|\n|teampreview|4\n|inactive|Battle timer is ON: inactive players will automatically lose when time's up. (requested by HoshimiHoshina)\n|inactive|Iamsliverfish has 60 seconds left.\n|\n|t:|1730969147\n|start\n|switch|p1a: \u591a\u52a0\u73ed\u624d\u80fd\u6dd8\u91d1\u6f6e|Gholdengo, L50|100\/100\n|switch|p1b: \u8001\u677f\u6211\u60f3\u8bf7\u5047|Slaking, L50, M|100\/100\n|switch|p2a: Dragonite|Dragonite, L50, M|100\/100\n|switch|p2b: Gholdengo|Gholdengo, L50|100\/100\n|turn|1\n|\n|t:|1730969164\n|switch|p2b: Incineroar|Incineroar, L50, F|100\/100\n|-ability|p2b: Incineroar|Intimidate|boost\n|-unboost|p1a: \u591a\u52a0\u73ed\u624d\u80fd\u6dd8\u91d1\u6f6e|atk|1\n|-fail|p1b: \u8001\u677f\u6211\u60f3\u8bf7\u5047|unboost|[from] item: Clear Amulet|[of] p1b: \u8001\u677f\u6211\u60f3\u8bf7\u5047\n|move|p2a: Dragonite|Protect|p2a: Dragonite\n|-singleturn|p2a: Dragonite|Protect\n|move|p1a: \u591a\u52a0\u73ed\u624d\u80fd\u6dd8\u91d1\u6f6e|Shadow Ball|p2b: Incineroar\n|-resisted|p2b: Incineroar\n|-damage|p2b: Incineroar|87\/100\n|-unboost|p2b: Incineroar|spd|1\n|move|p1b: \u8001\u677f\u6211\u60f3\u8bf7\u5047|Knock Off|p2a: Dragonite\n|-activate|p2a: Dragonite|move: Protect\n|\n|upkeep\n|turn|2\n|inactive|HoshimiHoshina has 30 seconds left.\n|\n|t:|1730969193\n|switch|p1a: \u4e0d\u8bb8\u8bf7\u5047|Weezing-Galar, L50, M|100\/100\n|-ability|p1a: \u4e0d\u8bb8\u8bf7\u5047|Neutralizing Gas\n|-terastallize|p1b: \u8001\u677f\u6211\u60f3\u8bf7\u5047|Ghost\n|move|p1b: \u8001\u677f\u6211\u60f3\u8bf7\u5047|Drain Punch|p2b: Incineroar\n|-supereffective|p2b: Incineroar\n|-damage|p2b: Incineroar|24\/100\n|move|p2a: Dragonite|Scale Shot|p1b: \u8001\u677f\u6211\u60f3\u8bf7\u5047|[miss]\n|-miss|p2a: Dragonite|p1b: \u8001\u677f\u6211\u60f3\u8bf7\u5047\n|move|p2b: Incineroar|Knock Off|p1b: \u8001\u677f\u6211\u60f3\u8bf7\u5047\n|-supereffective|p1b: \u8001\u677f\u6211\u60f3\u8bf7\u5047\n|-damage|p1b: \u8001\u677f\u6211\u60f3\u8bf7\u5047|37\/100\n|-enditem|p1b: \u8001\u677f\u6211\u60f3\u8bf7\u5047|Clear Amulet|[from] move: Knock Off|[of] p2b: Incineroar\n|\n|upkeep\n|turn|3\n|\n|t:|1730969213\n|-terastallize|p2a: Dragonite|Steel\n|move|p1b: \u8001\u677f\u6211\u60f3\u8bf7\u5047|Protect|p1b: \u8001\u677f\u6211\u60f3\u8bf7\u5047\n|-singleturn|p1b: \u8001\u677f\u6211\u60f3\u8bf7\u5047|Protect\n|move|p2a: Dragonite|Scale Shot|p1b: \u8001\u677f\u6211\u60f3\u8bf7\u5047\n|-activate|p1b: \u8001\u677f\u6211\u60f3\u8bf7\u5047|move: Protect\n|move|p1a: \u4e0d\u8bb8\u8bf7\u5047|Dazzling Gleam|p2b: Incineroar|[spread] p2a,p2b\n|-resisted|p2a: Dragonite\n|-damage|p2a: Dragonite|88\/100\n|-damage|p2b: Incineroar|4\/100\n|move|p2b: Incineroar|Flare Blitz|p1a: \u4e0d\u8bb8\u8bf7\u5047\n|-damage|p1a: \u4e0d\u8bb8\u8bf7\u5047|37\/100\n|-damage|p2b: Incineroar|0 fnt|[from] Recoil\n|faint|p2b: Incineroar\n|\n|upkeep\n|\n|t:|1730969219\n|switch|p2b: Gholdengo|Gholdengo, L50|100\/100\n|turn|4\n|\n|t:|1730969237\n|move|p1b: \u8001\u677f\u6211\u60f3\u8bf7\u5047|Knock Off|p2b: Gholdengo\n|-supereffective|p2b: Gholdengo\n|-damage|p2b: Gholdengo|17\/100\n|-enditem|p2b: Gholdengo|Choice Specs|[from] move: Knock Off|[of] p1b: \u8001\u677f\u6211\u60f3\u8bf7\u5047\n|move|p2a: Dragonite|Scale Shot|p1b: \u8001\u677f\u6211\u60f3\u8bf7\u5047\n|-damage|p1b: \u8001\u677f\u6211\u60f3\u8bf7\u5047|26\/100\n|-damage|p1b: \u8001\u677f\u6211\u60f3\u8bf7\u5047|14\/100\n|-damage|p1b: \u8001\u677f\u6211\u60f3\u8bf7\u5047|4\/100\n|-damage|p1b: \u8001\u677f\u6211\u60f3\u8bf7\u5047|0 fnt\n|faint|p1b: \u8001\u677f\u6211\u60f3\u8bf7\u5047\n|-hitcount|p1: \u8001\u677f\u6211\u60f3\u8bf7\u5047|4\n|-unboost|p2a: Dragonite|def|1\n|-boost|p2a: Dragonite|spe|1\n|move|p2b: Gholdengo|Shadow Ball|p1a: \u4e0d\u8bb8\u8bf7\u5047\n|-damage|p1a: \u4e0d\u8bb8\u8bf7\u5047|0 fnt\n|faint|p1a: \u4e0d\u8bb8\u8bf7\u5047\n|-end|p1a: \u4e0d\u8bb8\u8bf7\u5047|ability: Neutralizing Gas\n|\n|upkeep\n|\n|t:|1730969256\n|switch|p1b: \u66b4\u8e81\u8001\u54e5A|Gyarados, L50, F|100\/100\n|switch|p1a: \u591a\u52a0\u73ed\u624d\u80fd\u6dd8\u91d1\u6f6e|Gholdengo, L50|100\/100\n|-ability|p1b: \u66b4\u8e81\u8001\u54e5A|Intimidate|boost\n|-unboost|p2a: Dragonite|atk|1\n|-unboost|p2b: Gholdengo|atk|1\n|turn|5\n|\n|t:|1730969271\n|move|p2a: Dragonite|Protect|p2a: Dragonite\n|-singleturn|p2a: Dragonite|Protect\n|move|p1a: \u591a\u52a0\u73ed\u624d\u80fd\u6dd8\u91d1\u6f6e|Thunderbolt|p2b: Gholdengo\n|-damage|p2b: Gholdengo|0 fnt\n|faint|p2b: Gholdengo\n|move|p1b: \u66b4\u8e81\u8001\u54e5A|Waterfall|p2a: Dragonite\n|-activate|p2a: Dragonite|move: Protect\n|\n|upkeep\n|\n|t:|1730969274\n|switch|p2b: Ursaluna|Ursaluna, L50, M|100\/100\n|turn|6\n|\n|t:|1730969286\n|move|p2a: Dragonite|Tailwind|p2a: Dragonite\n|-sidestart|p2: Iamsliverfish|move: Tailwind\n|move|p2b: Ursaluna|Headlong Rush|p1a: \u591a\u52a0\u73ed\u624d\u80fd\u6dd8\u91d1\u6f6e\n|-supereffective|p1a: \u591a\u52a0\u73ed\u624d\u80fd\u6dd8\u91d1\u6f6e\n|-damage|p1a: \u591a\u52a0\u73ed\u624d\u80fd\u6dd8\u91d1\u6f6e|0 fnt\n|-unboost|p2b: Ursaluna|def|1\n|-unboost|p2b: Ursaluna|spd|1\n|faint|p1a: \u591a\u52a0\u73ed\u624d\u80fd\u6dd8\u91d1\u6f6e\n|move|p1b: \u66b4\u8e81\u8001\u54e5A|Waterfall|p2a: Dragonite\n|-damage|p2a: Dragonite|28\/100\n|\n|-status|p2b: Ursaluna|brn|[from] item: Flame Orb\n|upkeep\n|turn|7\n|\n|t:|1730969300\n|move|p1b: \u66b4\u8e81\u8001\u54e5A|Protect|p1b: \u66b4\u8e81\u8001\u54e5A\n|-singleturn|p1b: \u66b4\u8e81\u8001\u54e5A|Protect\n|move|p2a: Dragonite|Haze|p2a: Dragonite\n|-clearallboost\n|move|p2b: Ursaluna|Facade|p1b: \u66b4\u8e81\u8001\u54e5A\n|-activate|p1b: \u66b4\u8e81\u8001\u54e5A|move: Protect\n|\n|-damage|p2b: Ursaluna|95\/100 brn|[from] brn\n|upkeep\n|turn|8\n|\n|t:|1730969313\n|move|p2a: Dragonite|Scale Shot|p1b: \u66b4\u8e81\u8001\u54e5A\n|-damage|p1b: \u66b4\u8e81\u8001\u54e5A|85\/100\n|-damage|p1b: \u66b4\u8e81\u8001\u54e5A|70\/100\n|-damage|p1b: \u66b4\u8e81\u8001\u54e5A|57\/100\n|-damage|p1b: \u66b4\u8e81\u8001\u54e5A|41\/100\n|-enditem|p1b: \u66b4\u8e81\u8001\u54e5A|Sitrus Berry|[eat]\n|-heal|p1b: \u66b4\u8e81\u8001\u54e5A|66\/100|[from] item: Sitrus Berry\n|-damage|p1b: \u66b4\u8e81\u8001\u54e5A|51\/100\n|-hitcount|p1b: \u66b4\u8e81\u8001\u54e5A|5\n|-unboost|p2a: Dragonite|def|1\n|-boost|p2a: Dragonite|spe|1\n|move|p2b: Ursaluna|Facade|p1b: \u66b4\u8e81\u8001\u54e5A\n|-damage|p1b: \u66b4\u8e81\u8001\u54e5A|0 fnt\n|faint|p1b: \u66b4\u8e81\u8001\u54e5A\n|\n|win|Iamsliverfish\n|raw|HoshimiHoshina's rating: 1700 &rarr; <strong>1682<\/strong><br \/>(-18 for losing)\n|raw|Iamsliverfish's rating: 1742 &rarr; <strong>1760<\/strong><br \/>(+18 for winning)\n|l|\u2606HoshimiHoshina\n|player|p1|\n","uploadtime":1730969318,"views":47,"formatid":"gen9vgc2024regh","rating":1682,"private":0,"password":null}