{"id":"gen9vgc2024regh-2239520303","format":"[Gen 9] VGC 2024 Reg H","players":["Spottedwoot","Bankaimike"],"log":"|j|\u2606Spottedwoot\n|j|\u2606Bankaimike\n|t:|1731017224\n|gametype|doubles\n|player|p1|Spottedwoot|266|1651\n|player|p2|Bankaimike|drayden|1709\n|teamsize|p1|6\n|teamsize|p2|6\n|gen|9\n|tier|[Gen 9] VGC 2024 Reg H\n|rated|\n|rule|Species Clause: Limit one of each Pok\u00e9mon\n|rule|Item Clause: Limit 1 of each item\n|clearpoke\n|poke|p1|Kingambit, L50, F|\n|poke|p1|Primarina, L50, F|\n|poke|p1|Salamence, L50, F|\n|poke|p1|Gholdengo, L50|\n|poke|p1|Sneasler, L50, M|\n|poke|p1|Volcarona, L50, M|\n|poke|p2|Archaludon, L50, M|\n|poke|p2|Maushold, L50|\n|poke|p2|Annihilape, L50, M|\n|poke|p2|Pelipper, L50, F|\n|poke|p2|Dondozo, L50, M|\n|poke|p2|Tatsugiri, L50, M|\n|teampreview|4\n|inactive|Battle timer is ON: inactive players will automatically lose when time's up. (requested by Spottedwoot)\n|\n|t:|1731017287\n|start\n|switch|p1a: Salamence|Salamence, L50, F|100\/100\n|switch|p1b: Sneasler|Sneasler, L50, M|100\/100\n|switch|p2a: Annihilape|Annihilape, L50, M|100\/100\n|switch|p2b: Dondozo|Dondozo, L50, M|100\/100\n|-ability|p1a: Salamence|Intimidate|boost\n|-unboost|p2a: Annihilape|atk|1\n|-ability|p2a: Annihilape|Defiant|boost\n|-boost|p2a: Annihilape|atk|2\n|-unboost|p2b: Dondozo|atk|1\n|turn|1\n|\n|t:|1731017308\n|switch|p2b: Archaludon|Archaludon, L50, M|100\/100\n|move|p1b: Sneasler|Fake Out|p2b: Archaludon\n|-resisted|p2b: Archaludon\n|-crit|p2b: Archaludon\n|-damage|p2b: Archaludon|92\/100\n|-ability|p2b: Archaludon|Stamina|boost\n|-boost|p2b: Archaludon|def|1\n|move|p1a: Salamence|Tailwind|p1a: Salamence\n|-sidestart|p1: Spottedwoot|move: Tailwind\n|move|p2a: Annihilape|Rage Fist|p1b: Sneasler\n|-damage|p1b: Sneasler|44\/100\n|\n|upkeep\n|turn|2\n|j| Fishyyism\n|\n|t:|1731017333\n|move|p1b: Sneasler|Close Combat|p2b: Archaludon\n|-supereffective|p2b: Archaludon\n|-damage|p2b: Archaludon|31\/100\n|-unboost|p1b: Sneasler|def|1\n|-unboost|p1b: Sneasler|spd|1\n|-ability|p2b: Archaludon|Stamina|boost\n|-boost|p2b: Archaludon|def|1\n|move|p1a: Salamence|Hurricane|p2a: Annihilape\n|-supereffective|p2a: Annihilape\n|-damage|p2a: Annihilape|0 fnt\n|faint|p2a: Annihilape\n|-damage|p1a: Salamence|90\/100|[from] item: Life Orb\n|move|p2b: Archaludon|Flash Cannon|p1a: Salamence\n|-damage|p1a: Salamence|39\/100\n|\n|upkeep\n|\n|t:|1731017347\n|switch|p2a: Dondozo|Dondozo, L50, M|100\/100\n|turn|3\n|inactive|Bankaimike has 30 seconds left.\n|\n|t:|1731017373\n|switch|p2b: Tatsugiri|Tatsugiri, L50, M|100\/100\n|-activate|p2b: Tatsugiri|ability: Commander|[of] p2a: Dondozo\n|-boost|p2a: Dondozo|atk|2\n|-boost|p2a: Dondozo|spa|2\n|-boost|p2a: Dondozo|spe|2\n|-boost|p2a: Dondozo|def|2\n|-boost|p2a: Dondozo|spd|2\n|move|p1b: Sneasler|Close Combat|p2b: Tatsugiri|[miss]\n|-miss|p1b: Sneasler|p2b: Tatsugiri\n|move|p1a: Salamence|Draco Meteor|p2a: Dondozo\n|-damage|p2a: Dondozo|59\/100\n|-unboost|p1a: Salamence|spa|2\n|-damage|p1a: Salamence|29\/100|[from] item: Life Orb\n|move|p2a: Dondozo|Wave Crash|p1a: Salamence\n|-resisted|p1a: Salamence\n|-damage|p1a: Salamence|0 fnt\n|faint|p1a: Salamence\n|-damage|p2a: Dondozo|52\/100|[from] Recoil\n|\n|upkeep\n|\n|t:|1731017376\n|switch|p1a: Primarina|Primarina, L50, F|100\/100\n|turn|4\n|\n|t:|1731017392\n|-terastallize|p2a: Dondozo|Flying\n|move|p1b: Sneasler|Dire Claw|p2a: Dondozo\n|-damage|p2a: Dondozo|37\/100\n|move|p1a: Primarina|Haze|p1a: Primarina\n|-clearallboost\n|move|p2a: Dondozo|Tera Blast|p1a: Primarina|[anim] Tera Blast Flying\n|-damage|p1a: Primarina|60\/100\n|\n|-sideend|p1: Spottedwoot|move: Tailwind\n|upkeep\n|turn|5\n|l| Fishyyism\n|-message|Bankaimike forfeited.\n|\n|win|Spottedwoot\n|raw|Spottedwoot's rating: 1651 &rarr; <strong>1674<\/strong><br \/>(+23 for winning)\n|raw|Bankaimike's rating: 1709 &rarr; <strong>1686<\/strong><br \/>(-23 for losing)\n|l|\u2606Spottedwoot\n|player|p1|\n","uploadtime":1731017636,"views":24,"formatid":"gen9vgc2024regh","rating":1674,"private":0,"password":null}