{"id":"gen9vgc2024regh-2239019122","format":"[Gen 9] VGC 2024 Reg H","players":["post_testing","grade a type b"],"log":"|j|\u2606post_testing\n|j|\u2606grade a type b\n|t:|1730952605\n|gametype|doubles\n|player|p1|post_testing|101|1756\n|player|p2|grade a type b|waiter-gen4dp|1777\n|teamsize|p1|6\n|teamsize|p2|6\n|gen|9\n|tier|[Gen 9] VGC 2024 Reg H\n|rated|\n|rule|Species Clause: Limit one of each Pok\u00e9mon\n|rule|Item Clause: Limit 1 of each item\n|clearpoke\n|poke|p1|Archaludon, L50, M|\n|poke|p1|Murkrow, L50, F|\n|poke|p1|Indeedee, L50, M|\n|poke|p1|Sneasler, L50, M|\n|poke|p1|Delphox, L50, F|\n|poke|p1|Dragapult, L50, F|\n|poke|p2|Whimsicott, L50, M|\n|poke|p2|Ursaluna-Bloodmoon, L50, M|\n|poke|p2|Tyranitar, L50, M|\n|poke|p2|Gholdengo, L50|\n|poke|p2|Dragonite, L50, F|\n|poke|p2|Primarina, L50, M|\n|teampreview|4\n|inactive|Battle timer is ON: inactive players will automatically lose when time's up. (requested by grade a type b)\n|inactive|post_testing has 60 seconds left.\n|\n|t:|1730952645\n|start\n|switch|p1a: Murkrow|Murkrow, L50, F|100\/100\n|switch|p1b: Dragapult|Dragapult, L50, F|100\/100\n|switch|p2a: kamaLa sucks!|Whimsicott, L50, M|100\/100\n|switch|p2b: ELON'S PROTECTOR|Dragonite, L50, F|100\/100\n|turn|1\n|inactive|post_testing has 30 seconds left.\n|\n|t:|1730952671\n|-terastallize|p1b: Dragapult|Ghost\n|-terastallize|p2b: ELON'S PROTECTOR|Normal\n|move|p2a: kamaLa sucks!|Tailwind|p2a: kamaLa sucks!\n|-sidestart|p2: grade a type b|move: Tailwind\n|move|p1a: Murkrow|Tailwind|p1a: Murkrow\n|-sidestart|p1: post_testing|move: Tailwind\n|move|p1b: Dragapult|Tera Blast|p2a: kamaLa sucks!|[anim] Tera Blast Ghost\n|-damage|p2a: kamaLa sucks!|2\/100\n|move|p2b: ELON'S PROTECTOR|Scale Shot|p1b: Dragapult\n|-damage|p1b: Dragapult|80\/100\n|-damage|p1b: Dragapult|58\/100\n|-damage|p1b: Dragapult|37\/100\n|-damage|p1b: Dragapult|15\/100\n|-damage|p1b: Dragapult|0 fnt\n|faint|p1b: Dragapult\n|-hitcount|p1: Dragapult|5\n|-unboost|p2b: ELON'S PROTECTOR|def|1\n|-boost|p2b: ELON'S PROTECTOR|spe|1\n|\n|upkeep\n|j| Mswilsonvgc\n|inactive|post_testing has 30 seconds left.\n|\n|t:|1730952698\n|switch|p1b: Sneasler|Sneasler, L50, M|100\/100\n|turn|2\n|\n|t:|1730952706\n|move|p1b: Sneasler|Protect|p1b: Sneasler\n|-singleturn|p1b: Sneasler|Protect\n|move|p2a: kamaLa sucks!|Moonblast|p1a: Murkrow\n|-supereffective|p1a: Murkrow\n|-damage|p1a: Murkrow|36\/100\n|-unboost|p1a: Murkrow|spa|1\n|move|p2b: ELON'S PROTECTOR|Scale Shot|p1b: Sneasler\n|-activate|p1b: Sneasler|move: Protect\n|move|p1a: Murkrow|Foul Play|p2a: kamaLa sucks!\n|-resisted|p2a: kamaLa sucks!\n|-damage|p2a: kamaLa sucks!|0 fnt\n|faint|p2a: kamaLa sucks!\n|\n|upkeep\n|\n|t:|1730952710\n|switch|p2a: Fake News Pundent|Tyranitar, L50, M|100\/100\n|-weather|Sandstorm|[from] ability: Sand Stream|[of] p2a: Fake News Pundent\n|turn|3\n|inactive|post_testing has 30 seconds left.\n|\n|t:|1730952738\n|move|p1a: Murkrow|Haze|p1a: Murkrow\n|-clearallboost\n|move|p1b: Sneasler|Close Combat|p2a: Fake News Pundent\n|-supereffective|p2a: Fake News Pundent\n|-damage|p2a: Fake News Pundent|0 fnt\n|-unboost|p1b: Sneasler|def|1\n|-unboost|p1b: Sneasler|spd|1\n|faint|p2a: Fake News Pundent\n|move|p2b: ELON'S PROTECTOR|Scale Shot|p1b: Sneasler\n|-damage|p1b: Sneasler|62\/100\n|-damage|p1b: Sneasler|20\/100\n|-damage|p1b: Sneasler|0 fnt\n|faint|p1b: Sneasler\n|-hitcount|p1: Sneasler|3\n|-unboost|p2b: ELON'S PROTECTOR|def|1\n|-boost|p2b: ELON'S PROTECTOR|spe|1\n|\n|-weather|Sandstorm|[upkeep]\n|-damage|p2b: ELON'S PROTECTOR|94\/100|[from] Sandstorm\n|-damage|p1a: Murkrow|30\/100|[from] Sandstorm\n|upkeep\n|\n|t:|1730952758\n|switch|p1b: Delphox|Delphox, L50, F|100\/100\n|switch|p2a: Trump's Red Wave|Gholdengo, L50|100\/100\n|turn|4\n|\n|t:|1730952769\n|move|p1b: Delphox|Protect|p1b: Delphox\n|-singleturn|p1b: Delphox|Protect\n|move|p1a: Murkrow|Sunny Day|p1a: Murkrow\n|-weather|SunnyDay\n|move|p2b: ELON'S PROTECTOR|Scale Shot|p1b: Delphox\n|-activate|p1b: Delphox|move: Protect\n|move|p2a: Trump's Red Wave|Thunderbolt|p1a: Murkrow\n|-supereffective|p1a: Murkrow\n|-damage|p1a: Murkrow|0 fnt\n|faint|p1a: Murkrow\n|\n|-weather|SunnyDay|[upkeep]\n|-sideend|p2: grade a type b|move: Tailwind\n|-sideend|p1: post_testing|move: Tailwind\n|upkeep\n|turn|5\n|\n|t:|1730952786\n|move|p1b: Delphox|Heat Wave|p2a: Trump's Red Wave|[spread] p2a,p2b\n|-supereffective|p2a: Trump's Red Wave\n|-damage|p2a: Trump's Red Wave|0 fnt\n|-damage|p2b: ELON'S PROTECTOR|38\/100\n|faint|p2a: Trump's Red Wave\n|-damage|p1b: Delphox|90\/100|[from] item: Life Orb\n|move|p2b: ELON'S PROTECTOR|Scale Shot|p1b: Delphox\n|-damage|p1b: Delphox|68\/100\n|-damage|p1b: Delphox|46\/100\n|-damage|p1b: Delphox|23\/100\n|-damage|p1b: Delphox|0 fnt\n|faint|p1b: Delphox\n|-hitcount|p1: Delphox|4\n|\n|win|grade a type b\n|raw|post_testing's rating: 1756 &rarr; <strong>1737<\/strong><br \/>(-19 for losing)\n|raw|grade a type b's rating: 1777 &rarr; <strong>1796<\/strong><br \/>(+19 for winning)\n|l|\u2606post_testing\n|player|p1|\n|l|\u2606grade a type b\n|player|p2|\n","uploadtime":1730953003,"views":49,"formatid":"gen9vgc2024regh","rating":1737,"private":0,"password":null}