{"id":"gen9vgc2024regh-2239888444","format":"[Gen 9] VGC 2024 Reg H","players":["Mildly Displeased","Kodora"],"log":"|j|\u2606Mildly Displeased\n|j|\u2606Kodora\n|t:|1731072784\n|gametype|doubles\n|player|p1|Mildly Displeased|dawn|1706\n|player|p2|Kodora|169|1751\n|teamsize|p1|6\n|teamsize|p2|6\n|gen|9\n|tier|[Gen 9] VGC 2024 Reg H\n|rated|\n|rule|Species Clause: Limit one of each Pok\u00e9mon\n|rule|Item Clause: Limit 1 of each item\n|clearpoke\n|poke|p1|Primarina, L50, F|\n|poke|p1|Pelipper, L50, F|\n|poke|p1|Scizor, L50, M|\n|poke|p1|Archaludon, L50, F|\n|poke|p1|Basculegion, L50, M|\n|poke|p1|Maushold, L50|\n|poke|p2|Maushold-Four, L50|\n|poke|p2|Annihilape, L50, M|\n|poke|p2|Archaludon, L50, F|\n|poke|p2|Murkrow, L50, M|\n|poke|p2|Weavile, L50, M|\n|poke|p2|Garchomp, L50, M|\n|teampreview|4\n|inactive|Battle timer is ON: inactive players will automatically lose when time's up. (requested by Mildly Displeased)\n|inactive|Kodora has 60 seconds left.\nMildly Displeased rejected open team sheets.\n|c|\u2606Mildly Displeased|Glhf\n|\n|t:|1731072840\n|start\n|switch|p1a: Bigmeatyclawz|Scizor, L50, M|100\/100\n|switch|p1b: Beakbum|Pelipper, L50, F|100\/100\n|switch|p2a: Murkrow|Murkrow, L50, M, shiny|100\/100\n|switch|p2b: Weavile|Weavile, L50, M, shiny|100\/100\n|-ability|p2b: Weavile|Pressure\n|-weather|RainDance|[from] ability: Drizzle|[of] p1b: Beakbum\n|turn|1\n|\n|t:|1731072862\n|move|p2b: Weavile|Fake Out|p1b: Beakbum\n|-damage|p1b: Beakbum|86\/100\n|move|p1a: Bigmeatyclawz|Bullet Punch|p2b: Weavile\n|-supereffective|p2b: Weavile\n|-enditem|p2b: Weavile|Focus Sash\n|-damage|p2b: Weavile|1\/100\n|move|p2a: Murkrow|Brave Bird|p1b: Beakbum\n|-damage|p1b: Beakbum|48\/100\n|-damage|p2a: Murkrow|88\/100|[from] Recoil\n|cant|p1b: Beakbum|flinch\n|\n|-weather|RainDance|[upkeep]\n|upkeep\n|turn|2\n|\n|t:|1731072871\n|switch|p2b: Annihilape|Annihilape, L50, M, shiny|100\/100\n|move|p1a: Bigmeatyclawz|Bullet Punch|p2b: Annihilape\n|-damage|p2b: Annihilape|63\/100\n|move|p2a: Murkrow|Brave Bird|p1b: Beakbum\n|-damage|p1b: Beakbum|8\/100\n|-damage|p2a: Murkrow|75\/100|[from] Recoil\n|move|p1b: Beakbum|Tailwind|p1b: Beakbum\n|-sidestart|p1: Mildly Displeased|move: Tailwind\n|\n|-weather|RainDance|[upkeep]\n|upkeep\n|turn|3\n|\n|t:|1731072881\n|-terastallize|p2b: Annihilape|Water\n|move|p2a: Murkrow|Tailwind|p2a: Murkrow\n|-sidestart|p2: Kodora|move: Tailwind\n|move|p2b: Annihilape|Bulk Up|p2b: Annihilape\n|-boost|p2b: Annihilape|atk|1\n|-boost|p2b: Annihilape|def|1\n|move|p1a: Bigmeatyclawz|Dual Wingbeat|p2b: Annihilape\n|-damage|p2b: Annihilape|45\/100\n|-damage|p2b: Annihilape|29\/100\n|-hitcount|p2b: Annihilape|2\n|move|p1b: Beakbum|Muddy Water|p2a: Murkrow|[spread] p2a,p2b\n|-resisted|p2b: Annihilape\n|-damage|p2a: Murkrow|25\/100\n|-damage|p2b: Annihilape|9\/100\n|\n|-weather|RainDance|[upkeep]\n|upkeep\n|turn|4\n|\n|t:|1731072896\n|switch|p2b: Archaludon|Archaludon, L50, F, shiny|100\/100\n|move|p1a: Bigmeatyclawz|Bullet Punch|p2b: Archaludon\n|-resisted|p2b: Archaludon\n|-damage|p2b: Archaludon|88\/100\n|-ability|p2b: Archaludon|Stamina|boost\n|-boost|p2b: Archaludon|def|1\n|move|p2a: Murkrow|Brave Bird|p1b: Beakbum\n|-damage|p1b: Beakbum|0 fnt\n|faint|p1b: Beakbum\n|-damage|p2a: Murkrow|23\/100|[from] Recoil\n|\n|-weather|RainDance|[upkeep]\n|upkeep\n|\n|t:|1731072903\n|switch|p1b: Angyfish|Basculegion, L50, M|100\/100\n|turn|5\n|\n|t:|1731072921\n|-terastallize|p1b: Angyfish|Ghost\n|move|p1b: Angyfish|Last Respects|p2b: Archaludon\n|-damage|p2b: Archaludon|43\/100\n|-ability|p2b: Archaludon|Stamina|boost\n|-boost|p2b: Archaludon|def|1\n|-damage|p1b: Angyfish|91\/100|[from] item: Life Orb\n|move|p2a: Murkrow|Brave Bird|p1a: Bigmeatyclawz\n|-damage|p1a: Bigmeatyclawz|62\/100\n|-damage|p2a: Murkrow|9\/100|[from] Recoil\n|move|p2b: Archaludon|Electro Shot||[still]\n|-prepare|p2b: Archaludon|Electro Shot\n|-boost|p2b: Archaludon|spa|1\n|-anim|p2b: Archaludon|Electro Shot|p1b: Angyfish\n|-damage|p1b: Angyfish|16\/100\n|move|p1a: Bigmeatyclawz|Close Combat|p2b: Archaludon\n|-supereffective|p2b: Archaludon\n|-damage|p2b: Archaludon|0 fnt\n|-unboost|p1a: Bigmeatyclawz|def|1\n|-unboost|p1a: Bigmeatyclawz|spd|1\n|faint|p2b: Archaludon\n|\n|-weather|none\n|-sideend|p1: Mildly Displeased|move: Tailwind\n|upkeep\n|\n|t:|1731072932\n|switch|p2b: Weavile|Weavile, L50, M, shiny|1\/100\n|-ability|p2b: Weavile|Pressure\n|turn|6\n|\n|t:|1731072943\n|move|p2b: Weavile|Fake Out|p1a: Bigmeatyclawz\n|-resisted|p1a: Bigmeatyclawz\n|-damage|p1a: Bigmeatyclawz|51\/100\n|cant|p1a: Bigmeatyclawz|flinch\n|move|p2a: Murkrow|Brave Bird|p1b: Angyfish\n|-damage|p1b: Angyfish|0 fnt\n|faint|p1b: Angyfish\n|-damage|p2a: Murkrow|3\/100|[from] Recoil\n|\n|-sideend|p2: Kodora|move: Tailwind\n|upkeep\n|\n|t:|1731072950\n|switch|p1b: Shirley BASSey|Primarina, L50, F, shiny|100\/100\n|turn|7\n|\n|t:|1731072954\n|move|p2a: Murkrow|Tailwind|p2a: Murkrow\n|-sidestart|p2: Kodora|move: Tailwind\n|move|p1a: Bigmeatyclawz|Bullet Punch|p2b: Weavile\n|-supereffective|p2b: Weavile\n|-damage|p2b: Weavile|0 fnt\n|faint|p2b: Weavile\n|move|p1b: Shirley BASSey|Dazzling Gleam|p2a: Murkrow\n|-supereffective|p2a: Murkrow\n|-crit|p2a: Murkrow\n|-damage|p2a: Murkrow|0 fnt\n|faint|p2a: Murkrow\n|\n|upkeep\n|c|\u2606Mildly Displeased|Gg\n|\n|t:|1731072956\n|switch|p2b: Annihilape|Annihilape, L50, M, shiny, tera:Water|9\/100\n|turn|8\n|\n|t:|1731072963\n|move|p1a: Bigmeatyclawz|Bullet Punch|p2b: Annihilape\n|-resisted|p2b: Annihilape\n|-damage|p2b: Annihilape|0 fnt\n|faint|p2b: Annihilape\n|\n|win|Mildly Displeased\n|raw|Mildly Displeased's rating: 1706 &rarr; <strong>1727<\/strong><br \/>(+21 for winning)\n|raw|Kodora's rating: 1729 &rarr; <strong>1708<\/strong><br \/>(-21 for losing)\n|l|\u2606Mildly Displeased\n|player|p1|\n|l|\u2606Kodora\n|player|p2|\n","uploadtime":1731073106,"views":33,"formatid":"gen9vgc2024regh","rating":1708,"private":0,"password":null}