{"id":"gen9vgc2024regh-2239008791","format":"[Gen 9] VGC 2024 Reg H","players":["caZISA","grade a type b"],"log":"|j|\u2606caZISA\n|j|\u2606grade a type b\n|t:|1730951071\n|gametype|doubles\n|player|p1|caZISA|red|1809\n|player|p2|grade a type b|waiter-gen4dp|1786\n|teamsize|p1|6\n|teamsize|p2|6\n|gen|9\n|tier|[Gen 9] VGC 2024 Reg H\n|rated|\n|rule|Species Clause: Limit one of each Pok\u00e9mon\n|rule|Item Clause: Limit 1 of each item\n|clearpoke\n|poke|p1|Amoonguss, L50, M|\n|poke|p1|Incineroar, L50, M|\n|poke|p1|Pelipper, L50, M|\n|poke|p1|Archaludon, L50, F|\n|poke|p1|Ursaluna, L50, M|\n|poke|p1|Gothitelle, L50, F|\n|poke|p2|Whimsicott, L50, F|\n|poke|p2|Ursaluna-Bloodmoon, L50, M|\n|poke|p2|Tyranitar, L50, M|\n|poke|p2|Gholdengo, L50|\n|poke|p2|Dragonite, L50, F|\n|poke|p2|Primarina, L50, M|\n|teampreview|4\n|inactive|Battle timer is ON: inactive players will automatically lose when time's up. (requested by grade a type b)\n|j| mswilsonvgc\n|\n|t:|1730951089\n|start\n|switch|p1a: Vanessa|Gothitelle, L50, F|100\/100\n|switch|p1b: Golden Gate|Archaludon, L50, F|100\/100\n|switch|p2a: kamaLa sucks!|Whimsicott, L50, F|100\/100\n|switch|p2b: Liberal Cope Sesh|Ursaluna-Bloodmoon, L50, M|100\/100\n|turn|1\n|j| Jamtaviousiv\n|\n|t:|1730951109\n|move|p1a: Vanessa|Fake Out|p2b: Liberal Cope Sesh\n|-damage|p2b: Liberal Cope Sesh|96\/100\n|move|p2a: kamaLa sucks!|Tailwind|p2a: kamaLa sucks!\n|-sidestart|p2: grade a type b|move: Tailwind\n|cant|p2b: Liberal Cope Sesh|flinch\n|move|p1b: Golden Gate|Flash Cannon|p2a: kamaLa sucks!\n|-supereffective|p2a: kamaLa sucks!\n|-damage|p2a: kamaLa sucks!|3\/100\n|\n|upkeep\n|turn|2\n|\n|t:|1730951124\n|-terastallize|p1a: Vanessa|Dark\n|move|p2a: kamaLa sucks!|Encore|p1a: Vanessa\n|-hint|Since gen 7, Dark is immune to Prankster moves.\n|-immune|p1a: Vanessa\n|move|p2b: Liberal Cope Sesh|Earth Power|p1b: Golden Gate\n|-supereffective|p1b: Golden Gate\n|-crit|p1b: Golden Gate\n|-damage|p1b: Golden Gate|0 fnt\n|faint|p1b: Golden Gate\n|-damage|p2b: Liberal Cope Sesh|86\/100|[from] item: Life Orb\n|move|p1a: Vanessa|Trick Room|p1a: Vanessa\n|-fieldstart|move: Trick Room|[of] p1a: Vanessa\n|\n|upkeep\n|\n|t:|1730951130\n|switch|p1b: Freddy|Ursaluna, L50, M|100\/100\n|turn|3\n|\n|t:|1730951138\n|move|p1b: Freddy|Protect|p1b: Freddy\n|-singleturn|p1b: Freddy|Protect\n|move|p2b: Liberal Cope Sesh|Protect|p2b: Liberal Cope Sesh\n|-singleturn|p2b: Liberal Cope Sesh|Protect\n|move|p1a: Vanessa|Psychic|p2a: kamaLa sucks!\n|-damage|p2a: kamaLa sucks!|0 fnt\n|faint|p2a: kamaLa sucks!\n|\n|-status|p1b: Freddy|brn|[from] item: Flame Orb\n|upkeep\n|\n|t:|1730951149\n|switch|p2a: Trump's Red Wave|Gholdengo, L50|100\/100\n|turn|4\n|\n|t:|1730951169\n|switch|p2a: Fake News Pundent|Tyranitar, L50, M|100\/100\n|-weather|Sandstorm|[from] ability: Sand Stream|[of] p2a: Fake News Pundent\n|-terastallize|p2b: Liberal Cope Sesh|Ghost\n|move|p1b: Freddy|Facade|p2b: Liberal Cope Sesh\n|-immune|p2b: Liberal Cope Sesh\n|move|p1a: Vanessa|Psychic|p2b: Liberal Cope Sesh\n|-damage|p2b: Liberal Cope Sesh|49\/100\n|move|p2b: Liberal Cope Sesh|Blood Moon|p1b: Freddy\n|-damage|p1b: Freddy|13\/100 brn\n|-damage|p2b: Liberal Cope Sesh|40\/100|[from] item: Life Orb\n|\n|-weather|Sandstorm|[upkeep]\n|-damage|p1a: Vanessa|94\/100|[from] Sandstorm\n|-damage|p2b: Liberal Cope Sesh|34\/100|[from] Sandstorm\n|-damage|p1b: Freddy|7\/100 brn|[from] brn\n|-sideend|p2: grade a type b|move: Tailwind\n|upkeep\n|turn|5\n|inactive|grade a type b has 30 seconds left.\n|\n|t:|1730951199\n|switch|p1a: Nigel|Pelipper, L50, M|100\/100\n|-weather|RainDance|[from] ability: Drizzle|[of] p1a: Nigel\n|switch|p2b: Trump's Red Wave|Gholdengo, L50|100\/100\n|move|p1b: Freddy|Earthquake|p2a: Fake News Pundent|[spread] p2a,p2b\n|-immune|p1a: Nigel\n|-supereffective|p2a: Fake News Pundent\n|-supereffective|p2b: Trump's Red Wave\n|-damage|p2a: Fake News Pundent|0 fnt\n|-damage|p2b: Trump's Red Wave|0 fnt\n|faint|p2a: Fake News Pundent\n|faint|p2b: Trump's Red Wave\n|\n|-weather|RainDance|[upkeep]\n|-damage|p1b: Freddy|1\/100 brn|[from] brn\n|upkeep\n|\n|t:|1730951207\n|switch|p2b: Liberal Cope Sesh|Ursaluna-Bloodmoon, L50, M, tera:Ghost|34\/100\n|turn|6\n|\n|t:|1730951212\n|move|p2b: Liberal Cope Sesh|Protect|p2b: Liberal Cope Sesh\n|-singleturn|p2b: Liberal Cope Sesh|Protect\n|move|p1b: Freddy|Headlong Rush|p2b: Liberal Cope Sesh\n|-activate|p2b: Liberal Cope Sesh|move: Protect\n|move|p1a: Nigel|Weather Ball|p2b: Liberal Cope Sesh\n|-activate|p2b: Liberal Cope Sesh|move: Protect\n|\n|-weather|RainDance|[upkeep]\n|-damage|p1b: Freddy|0 fnt|[from] brn\n|faint|p1b: Freddy\n|-fieldend|move: Trick Room\n|upkeep\n|\n|t:|1730951215\n|switch|p1b: Vanessa|Gothitelle, L50, F, tera:Dark|94\/100\n|turn|7\n|\n|t:|1730951218\n|move|p1a: Nigel|Weather Ball|p2b: Liberal Cope Sesh\n|-damage|p2b: Liberal Cope Sesh|0 fnt\n|faint|p2b: Liberal Cope Sesh\n|\n|win|caZISA\n|raw|caZISA's rating: 1809 &rarr; <strong>1828<\/strong><br \/>(+19 for winning)\n|raw|grade a type b's rating: 1786 &rarr; <strong>1767<\/strong><br \/>(-19 for losing)\n|l|\u2606grade a type b\n|player|p2|\n|l| mswilsonvgc\n","uploadtime":1730951460,"views":35,"formatid":"gen9vgc2024regh","rating":1767,"private":0,"password":null}