{"id":"gen9vgc2024regh-2239613733","format":"[Gen 9] VGC 2024 Reg H","players":["lkwa1994","cilan123"],"log":"|j|\u2606lkwa1994\n|j|\u2606cilan123\n|t:|1731028368\n|gametype|doubles\n|player|p1|lkwa1994|265|1701\n|player|p2|cilan123|cilan|1718\n|teamsize|p1|6\n|teamsize|p2|6\n|gen|9\n|tier|[Gen 9] VGC 2024 Reg H\n|rated|\n|rule|Species Clause: Limit one of each Pok\u00e9mon\n|rule|Item Clause: Limit 1 of each item\n|clearpoke\n|poke|p1|Archaludon, L50, F|\n|poke|p1|Pelipper, L50, F|\n|poke|p1|Torkoal, L50, F|\n|poke|p1|Charizard, L50, M|\n|poke|p1|Tauros-Paldea-Aqua, L50, M|\n|poke|p1|Sinistcha-Masterpiece, L50|\n|poke|p2|Gallade, L50, M|\n|poke|p2|Exeggutor, L50, M|\n|poke|p2|Charizard, L50, M|\n|poke|p2|Ursaluna, L50, M|\n|poke|p2|Torkoal, L50, M|\n|poke|p2|Indeedee-F, L50, F|\n|teampreview|4\n|j| Jamtaviousiv\n|\n|t:|1731028438\n|start\n|switch|p1a: Charizard|Charizard, L50, M|100\/100\n|switch|p1b: Archaludon|Archaludon, L50, F|100\/100\n|switch|p2a: Charizard|Charizard, L50, M|100\/100\n|switch|p2b: York|Indeedee-F, L50, F|100\/100\n|-fieldstart|move: Psychic Terrain|[from] ability: Psychic Surge|[of] p2b: York\n|-enditem|p2b: York|Psychic Seed\n|-boost|p2b: York|spd|1|[from] item: Psychic Seed\n|turn|1\n|\n|t:|1731028492\n|switch|p2b: Atlas|Torkoal, L50, M|100\/100\n|-weather|SunnyDay|[from] ability: Drought|[of] p2b: Atlas\n|move|p2a: Charizard|Heat Wave|p1b: Archaludon|[spread] p1a,p1b\n|-resisted|p1a: Charizard\n|-damage|p1a: Charizard|56\/100\n|-damage|p1b: Archaludon|32\/100\n|-status|p1b: Archaludon|brn\n|-ability|p1b: Archaludon|Stamina|boost\n|-boost|p1b: Archaludon|def|1\n|move|p1a: Charizard|Heat Wave|p2a: Charizard|[spread] p2a,p2b\n|-resisted|p2a: Charizard\n|-resisted|p2b: Atlas\n|-damage|p2a: Charizard|51\/100\n|-damage|p2b: Atlas|42\/100\n|move|p1b: Archaludon|Snarl|p2a: Charizard|[spread] p2a,p2b\n|-damage|p2a: Charizard|32\/100\n|-damage|p2b: Atlas|23\/100\n|-unboost|p2a: Charizard|spa|1\n|-unboost|p2b: Atlas|spa|1\n|\n|-weather|SunnyDay|[upkeep]\n|-damage|p2a: Charizard|19\/100|[from] ability: Solar Power|[of] p2a: Charizard\n|-damage|p1a: Charizard|44\/100|[from] ability: Solar Power|[of] p1a: Charizard\n|-damage|p1b: Archaludon|25\/100 brn|[from] brn\n|upkeep\n|turn|2\n|\n|t:|1731028530\n|switch|p1a: Pelipper|Pelipper, L50, F|100\/100\n|-weather|RainDance|[from] ability: Drizzle|[of] p1a: Pelipper\n|switch|p2b: York|Indeedee-F, L50, F|100\/100\n|move|p2a: Charizard|Heat Wave|p1a: Pelipper|[spread] p1a,p1b\n|-resisted|p1a: Pelipper\n|-damage|p1a: Pelipper|92\/100\n|-damage|p1b: Archaludon|16\/100 brn\n|-ability|p1b: Archaludon|Stamina|boost\n|-boost|p1b: Archaludon|def|1\n|move|p1b: Archaludon|Snarl|p2a: Charizard|[spread] p2a,p2b\n|-supereffective|p2b: York\n|-damage|p2a: Charizard|0 fnt\n|-damage|p2b: York|73\/100\n|-unboost|p2b: York|spa|1\n|faint|p2a: Charizard\n|\n|-weather|RainDance|[upkeep]\n|-damage|p1b: Archaludon|10\/100 brn|[from] brn\n|upkeep\n|\n|t:|1731028548\n|switch|p2a: Atlas|Torkoal, L50, M|23\/100\n|-weather|SunnyDay|[from] ability: Drought|[of] p2a: Atlas\n|turn|3\n|\n|t:|1731028588\n|switch|p2a: Shaka|Gallade, L50, M|100\/100\n|move|p1a: Pelipper|Weather Ball|p2b: York\n|-damage|p2b: York|27\/100\n|move|p1b: Archaludon|Dragon Pulse|p2b: York\n|-damage|p2b: York|0 fnt\n|faint|p2b: York\n|\n|-weather|SunnyDay|[upkeep]\n|-damage|p1b: Archaludon|4\/100 brn|[from] brn\n|upkeep\n|\n|t:|1731028599\n|switch|p2b: Atlas|Torkoal, L50, M|23\/100\n|turn|4\n|\n|t:|1731028638\n|move|p2b: Atlas|Protect|p2b: Atlas\n|-singleturn|p2b: Atlas|Protect\n|move|p1a: Pelipper|Weather Ball|p2a: Shaka\n|-damage|p2a: Shaka|63\/100\n|move|p1b: Archaludon|Snarl|p2a: Shaka|[spread] p2a\n|-activate|p2b: Atlas|move: Protect\n|-damage|p2a: Shaka|49\/100\n|move|p2a: Shaka|Psycho Cut|p1a: Pelipper\n|-damage|p1a: Pelipper|0 fnt\n|faint|p1a: Pelipper\n|\n|-weather|SunnyDay|[upkeep]\n|-damage|p1b: Archaludon|0 fnt|[from] brn\n|faint|p1b: Archaludon\n|upkeep\n|\n|t:|1731028651\n|switch|p1a: Charizard|Charizard, L50, M|44\/100\n|switch|p1b: Sinistcha|Sinistcha-Masterpiece, L50|100\/100\n|-heal|p1a: Charizard|68\/100|[from] ability: Hospitality|[of] p1b: Sinistcha\n|turn|5\n|\n|t:|1731028689\n|-terastallize|p1b: Sinistcha|Water\n|-terastallize|p2a: Shaka|Fire\n|move|p2a: Shaka|Wide Guard|p2a: Shaka\n|-singleturn|p2a: Shaka|Wide Guard\n|move|p1a: Charizard|Heat Wave|p2a: Shaka|[spread] \n|-activate|p2a: Shaka|move: Wide Guard\n|-activate|p2b: Atlas|move: Wide Guard\n|move|p1b: Sinistcha|Matcha Gotcha|p2a: Shaka|[spread] \n|-activate|p2a: Shaka|move: Wide Guard\n|-activate|p2b: Atlas|move: Wide Guard\n|move|p2b: Atlas|Weather Ball|p1a: Charizard\n|-resisted|p1a: Charizard\n|-damage|p1a: Charizard|22\/100\n|\n|-weather|SunnyDay|[upkeep]\n|-damage|p1a: Charizard|10\/100|[from] ability: Solar Power|[of] p1a: Charizard\n|-fieldend|move: Psychic Terrain\n|upkeep\n|turn|6\n|\n|t:|1731028717\n|move|p2a: Shaka|Wide Guard|p2a: Shaka\n|-singleturn|p2a: Shaka|Wide Guard\n|move|p1a: Charizard|Heat Wave|p2b: Atlas|[spread] \n|-activate|p2a: Shaka|move: Wide Guard\n|-activate|p2b: Atlas|move: Wide Guard\n|move|p1b: Sinistcha|Matcha Gotcha|p2b: Atlas|[spread] \n|-activate|p2a: Shaka|move: Wide Guard\n|-activate|p2b: Atlas|move: Wide Guard\n|move|p2b: Atlas|Weather Ball|p1b: Sinistcha\n|-resisted|p1b: Sinistcha\n|-damage|p1b: Sinistcha|64\/100\n|\n|-weather|SunnyDay|[upkeep]\n|-damage|p1a: Charizard|0 fnt|[from] ability: Solar Power|[of] p1a: Charizard\n|faint|p1a: Charizard\n|upkeep\n|turn|7\n|\n|t:|1731028743\n|move|p2a: Shaka|Wide Guard|p2a: Shaka\n|-singleturn|p2a: Shaka|Wide Guard\n|move|p1b: Sinistcha|Strength Sap|p2a: Shaka\n|-fail|p2a: Shaka|unboost|[from] item: Clear Amulet|[of] p2a: Shaka\n|-heal|p1b: Sinistcha|100\/100\n|move|p2b: Atlas|Weather Ball|p1b: Sinistcha\n|-resisted|p1b: Sinistcha\n|-damage|p1b: Sinistcha|58\/100\n|\n|-weather|none\n|upkeep\n|turn|8\n|l| Jamtaviousiv\n|\n|t:|1731028763\n|move|p2b: Atlas|Helping Hand|p2a: Shaka\n|-singleturn|p2a: Shaka|Helping Hand|[of] p2b: Atlas\n|move|p1b: Sinistcha|Matcha Gotcha|p2b: Atlas|[spread] p2a,p2b\n|-resisted|p2a: Shaka\n|-resisted|p2b: Atlas\n|-damage|p2a: Shaka|39\/100\n|-heal|p1b: Sinistcha|63\/100|[from] drain|[of] p2a: Shaka\n|-damage|p2b: Atlas|6\/100\n|-heal|p1b: Sinistcha|72\/100|[from] drain|[of] p2b: Atlas\n|move|p2a: Shaka|Sacred Sword|p1b: Sinistcha\n|-damage|p1b: Sinistcha|0 fnt\n|faint|p1b: Sinistcha\n|\n|win|cilan123\n|raw|lkwa1994's rating: 1701 &rarr; <strong>1682<\/strong><br \/>(-19 for losing)\n|raw|cilan123's rating: 1718 &rarr; <strong>1737<\/strong><br \/>(+19 for winning)\n|l|\u2606lkwa1994\n|player|p1|\n","uploadtime":1731029005,"views":30,"formatid":"gen9vgc2024regh","rating":1682,"private":0,"password":null}