{"id":"gen9vgc2024regh-2239882104","format":"[Gen 9] VGC 2024 Reg H","players":["oil bird","Kodora"],"log":"|j|\u2606oil bird\n|j|\u2606Kodora\n|t:|1731072014\n|gametype|doubles\n|player|p1|oil bird|swimmer-gen4dp|1658\n|player|p2|Kodora|169|1758\n|teamsize|p1|6\n|teamsize|p2|6\n|gen|9\n|tier|[Gen 9] VGC 2024 Reg H\n|rated|\n|rule|Species Clause: Limit one of each Pok\u00e9mon\n|rule|Item Clause: Limit 1 of each item\n|clearpoke\n|poke|p1|Tatsugiri, L50, F|\n|poke|p1|Dondozo, L50, M|\n|poke|p1|Archaludon, L50, M|\n|poke|p1|Pelipper, L50, F|\n|poke|p1|Dragonite, L50, F|\n|poke|p1|Glimmora, L50, M|\n|poke|p2|Maushold-Four, L50|\n|poke|p2|Annihilape, L50, F|\n|poke|p2|Archaludon, L50, F|\n|poke|p2|Murkrow, L50, M|\n|poke|p2|Weavile, L50, M|\n|poke|p2|Garchomp, L50, M|\n|teampreview|4\n|inactive|Battle timer is ON: inactive players will automatically lose when time's up. (requested by Kodora)\n|\n|t:|1731072040\n|start\n|switch|p1a: Pelipper|Pelipper, L50, F|100\/100\n|switch|p1b: Archaludon|Archaludon, L50, M|100\/100\n|switch|p2a: Weavile|Weavile, L50, M, shiny|100\/100\n|switch|p2b: Garchomp|Garchomp, L50, M, shiny|100\/100\n|-ability|p2a: Weavile|Pressure\n|-weather|RainDance|[from] ability: Drizzle|[of] p1a: Pelipper\n|turn|1\n|inactive|oil bird has 30 seconds left.\n|\n|t:|1731072070\n|-terastallize|p2b: Garchomp|Ground\n|-terastallize|p1a: Pelipper|Ghost\n|move|p2a: Weavile|Fake Out|p1a: Pelipper\n|-immune|p1a: Pelipper\n|move|p2b: Garchomp|Stomping Tantrum|p1b: Archaludon\n|-supereffective|p1b: Archaludon\n|-crit|p1b: Archaludon\n|-damage|p1b: Archaludon|0 fnt\n|faint|p1b: Archaludon\n|-damage|p2b: Garchomp|91\/100|[from] item: Life Orb\n|move|p1a: Pelipper|Weather Ball|p2a: Weavile\n|-damage|p2a: Weavile|7\/100\n|\n|-weather|RainDance|[upkeep]\n|upkeep\n|\n|t:|1731072080\n|switch|p1b: Tatsugiri|Tatsugiri, L50, F|100\/100\n|turn|2\n|\n|t:|1731072092\n|switch|p2b: Archaludon|Archaludon, L50, F, shiny|100\/100\n|move|p1b: Tatsugiri|Muddy Water|p2b: Archaludon|[spread] p2a,p2b\n|-resisted|p2b: Archaludon\n|-damage|p2a: Weavile|0 fnt\n|-damage|p2b: Archaludon|85\/100\n|-ability|p2b: Archaludon|Stamina|boost\n|-boost|p2b: Archaludon|def|1\n|faint|p2a: Weavile\n|move|p1a: Pelipper|Weather Ball|p2b: Archaludon\n|-resisted|p2b: Archaludon\n|-damage|p2b: Archaludon|66\/100\n|-ability|p2b: Archaludon|Stamina|boost\n|-boost|p2b: Archaludon|def|1\n|\n|-weather|RainDance|[upkeep]\n|upkeep\n|\n|t:|1731072094\n|switch|p2a: Murkrow|Murkrow, L50, M, shiny|100\/100\n|turn|3\n|\n|t:|1731072113\n|move|p2a: Murkrow|Tailwind|p2a: Murkrow\n|-sidestart|p2: Kodora|move: Tailwind\n|move|p1b: Tatsugiri|Muddy Water|p2a: Murkrow|[spread] p2a,p2b\n|-resisted|p2b: Archaludon\n|-damage|p2a: Murkrow|50\/100\n|-damage|p2b: Archaludon|51\/100\n|-unboost|p2a: Murkrow|accuracy|1\n|-unboost|p2b: Archaludon|accuracy|1\n|-ability|p2b: Archaludon|Stamina|boost\n|-boost|p2b: Archaludon|def|1\n|move|p2b: Archaludon|Electro Shot||[still]\n|-prepare|p2b: Archaludon|Electro Shot\n|-boost|p2b: Archaludon|spa|1\n|-anim|p2b: Archaludon|Electro Shot|p1b: Tatsugiri\n|-damage|p1b: Tatsugiri|16\/100\n|move|p1a: Pelipper|Weather Ball|p2a: Murkrow\n|-damage|p2a: Murkrow|0 fnt\n|faint|p2a: Murkrow\n|\n|-weather|RainDance|[upkeep]\n|upkeep\n|\n|t:|1731072118\n|switch|p2a: Garchomp|Garchomp, L50, M, shiny, tera:Ground|91\/100\n|turn|4\n|\n|t:|1731072135\n|switch|p1a: Dondozo|Dondozo, L50, M, shiny|100\/100\n|-activate|p1b: Tatsugiri|ability: Commander|[of] p1a: Dondozo\n|-boost|p1a: Dondozo|atk|2\n|-boost|p1a: Dondozo|spa|2\n|-boost|p1a: Dondozo|spe|2\n|-boost|p1a: Dondozo|def|2\n|-boost|p1a: Dondozo|spd|2\n|move|p2a: Garchomp|Earthquake|p1b: Tatsugiri|[spread] p2b,p1a\n|-miss|p2a: Garchomp|p1b: Tatsugiri\n|-supereffective|p2b: Archaludon\n|-damage|p2b: Archaludon|9\/100\n|-damage|p1a: Dondozo|78\/100\n|-ability|p2b: Archaludon|Stamina|boost\n|-boost|p2b: Archaludon|def|1\n|-damage|p2a: Garchomp|81\/100|[from] item: Life Orb\n|move|p2b: Archaludon|Electro Shot||[still]\n|-prepare|p2b: Archaludon|Electro Shot\n|-boost|p2b: Archaludon|spa|1\n|-anim|p2b: Archaludon|Electro Shot|p1a: Dondozo\n|-supereffective|p1a: Dondozo\n|-damage|p1a: Dondozo|46\/100\n|\n|-weather|RainDance|[upkeep]\n|-heal|p1a: Dondozo|52\/100|[from] item: Leftovers\n|upkeep\n|turn|5\n|inactive|Kodora has 30 seconds left.\n|\n|t:|1731072161\n|move|p1a: Dondozo|Protect|p1a: Dondozo\n|-singleturn|p1a: Dondozo|Protect\n|move|p2a: Garchomp|Stomping Tantrum|p1a: Dondozo\n|-activate|p1a: Dondozo|move: Protect\n|move|p2b: Archaludon|Draco Meteor|p1a: Dondozo\n|-activate|p1a: Dondozo|move: Protect\n|\n|-weather|none\n|-heal|p1a: Dondozo|58\/100|[from] item: Leftovers\n|upkeep\n|turn|6\n|\n|t:|1731072167\n|move|p2a: Garchomp|Stomping Tantrum|p1a: Dondozo\n|-damage|p1a: Dondozo|32\/100\n|-damage|p2a: Garchomp|71\/100|[from] item: Life Orb\n|move|p2b: Archaludon|Draco Meteor|p1a: Dondozo\n|-damage|p1a: Dondozo|9\/100\n|-unboost|p2b: Archaludon|spa|2\n|move|p1a: Dondozo|Earthquake|p2b: Archaludon|[spread] p2a,p2b\n|-miss|p1a: Dondozo|p1b: Tatsugiri\n|-supereffective|p2b: Archaludon\n|-damage|p2a: Garchomp|28\/100\n|-damage|p2b: Archaludon|0 fnt\n|faint|p2b: Archaludon\n|\n|-heal|p1a: Dondozo|15\/100|[from] item: Leftovers\n|-sideend|p2: Kodora|move: Tailwind\n|upkeep\n|turn|7\n|\n|t:|1731072178\n|move|p2a: Garchomp|Stomping Tantrum|p1a: Dondozo\n|-damage|p1a: Dondozo|0 fnt\n|faint|p1a: Dondozo\n|-damage|p2a: Garchomp|18\/100|[from] item: Life Orb\n|\n|upkeep\n|\n|t:|1731072181\n|switch|p1a: Pelipper|Pelipper, L50, F, tera:Ghost|100\/100\n|-weather|RainDance|[from] ability: Drizzle|[of] p1a: Pelipper\n|turn|8\n|\n|t:|1731072184\n|move|p1b: Tatsugiri|Muddy Water|p2a: Garchomp\n|-supereffective|p2a: Garchomp\n|-damage|p2a: Garchomp|0 fnt\n|faint|p2a: Garchomp\n|\n|win|oil bird\n|raw|oil bird's rating: 1658 &rarr; <strong>1684<\/strong><br \/>(+26 for winning)\n|raw|Kodora's rating: 1758 &rarr; <strong>1732<\/strong><br \/>(-26 for losing)\n|l|\u2606oil bird\n|player|p1|\n|l|\u2606Kodora\n|player|p2|\n","uploadtime":1731072397,"views":27,"formatid":"gen9vgc2024regh","rating":1684,"private":0,"password":null}