{"id":"gen9vgc2024regh-2239776719","format":"[Gen 9] VGC 2024 Reg H","players":["Geodude3138","Chairman Rose"],"log":"|j|\u2606Geodude3138\n|j|\u2606Chairman Rose\n|t:|1731054829\n|gametype|doubles\n|player|p1|Geodude3138|265|1653\n|player|p2|Chairman Rose|twins-gen4dp|1735\n|teamsize|p1|6\n|teamsize|p2|6\n|gen|9\n|tier|[Gen 9] VGC 2024 Reg H\n|rated|\n|rule|Species Clause: Limit one of each Pok\u00e9mon\n|rule|Item Clause: Limit 1 of each item\n|clearpoke\n|poke|p1|Talonflame, L50, F|\n|poke|p1|Annihilape, L50, M|\n|poke|p1|Gholdengo, L50|\n|poke|p1|Baxcalibur, L50, M|\n|poke|p1|Maushold, L50|\n|poke|p1|Rillaboom, L50, M|\n|poke|p2|Weezing-Galar, L50, M|\n|poke|p2|Garchomp, L50, M|\n|poke|p2|Ninetales-Alola, L50, F|\n|poke|p2|Inteleon, L50, M|\n|poke|p2|Talonflame, L50, M|\n|poke|p2|Farigiraf, L50, M|\n|teampreview|4\n|\n|t:|1731054873\n|start\n|switch|p1a: Baxcalibur|Baxcalibur, L50, M|100\/100\n|switch|p1b: Annihilape|Annihilape, L50, M|100\/100\n|switch|p2a: Talonflame|Talonflame, L50, M|100\/100\n|switch|p2b: Inteleon|Inteleon, L50, M|100\/100\n|turn|1\n|\n|t:|1731054903\n|move|p2a: Talonflame|Tailwind|p2a: Talonflame\n|-sidestart|p2: Chairman Rose|move: Tailwind\n|move|p2b: Inteleon|Snipe Shot|p1b: Annihilape\n|-damage|p1b: Annihilape|60\/100\n|move|p1b: Annihilape|Coaching|p1a: Baxcalibur\n|-boost|p1a: Baxcalibur|atk|1\n|-boost|p1a: Baxcalibur|def|1\n|move|p1a: Baxcalibur|Scale Shot|p2a: Talonflame\n|-damage|p2a: Talonflame|67\/100\n|-damage|p2a: Talonflame|34\/100\n|-damage|p2a: Talonflame|0 fnt\n|faint|p2a: Talonflame\n|-hitcount|p2: Talonflame|3\n|-unboost|p1a: Baxcalibur|def|1\n|-boost|p1a: Baxcalibur|spe|1\n|\n|upkeep\n|\n|t:|1731054931\n|switch|p2a: Weezing|Weezing-Galar, L50, M|100\/100\n|-ability|p2a: Weezing|Neutralizing Gas\n|-item|p2a: Weezing|Air Balloon\n|turn|2\n|\n|t:|1731054945\n|move|p2b: Inteleon|Protect|p2b: Inteleon\n|-singleturn|p2b: Inteleon|Protect\n|move|p1a: Baxcalibur|Protect|p1a: Baxcalibur\n|-singleturn|p1a: Baxcalibur|Protect\n|move|p2a: Weezing|Dazzling Gleam|p1a: Baxcalibur|[spread] p1b\n|-activate|p1a: Baxcalibur|move: Protect\n|-supereffective|p1b: Annihilape\n|-damage|p1b: Annihilape|13\/100\n|-enditem|p1b: Annihilape|Sitrus Berry|[eat]\n|-heal|p1b: Annihilape|38\/100|[from] item: Sitrus Berry\n|move|p1b: Annihilape|Coaching|p1a: Baxcalibur\n|-boost|p1a: Baxcalibur|atk|1\n|-boost|p1a: Baxcalibur|def|1\n|\n|upkeep\n|turn|3\n|j| Lithogen\n|\n|t:|1731054977\n|-terastallize|p1a: Baxcalibur|Fairy\n|move|p2b: Inteleon|Snipe Shot|p1a: Baxcalibur\n|-damage|p1a: Baxcalibur|62\/100\n|move|p2a: Weezing|Dazzling Gleam|p1b: Annihilape|[spread] p1a,p1b\n|-supereffective|p1b: Annihilape\n|-damage|p1a: Baxcalibur|38\/100\n|-damage|p1b: Annihilape|0 fnt\n|faint|p1b: Annihilape\n|move|p1a: Baxcalibur|Icicle Spear|p2b: Inteleon\n|-resisted|p2b: Inteleon\n|-damage|p2b: Inteleon|74\/100\n|-resisted|p2b: Inteleon\n|-damage|p2b: Inteleon|47\/100\n|-resisted|p2b: Inteleon\n|-damage|p2b: Inteleon|18\/100\n|-resisted|p2b: Inteleon\n|-damage|p2b: Inteleon|0 fnt\n|faint|p2b: Inteleon\n|-hitcount|p2: Inteleon|4\n|\n|upkeep\n|\n|t:|1731054992\n|switch|p2b: Garchomp|Garchomp, L50, M|100\/100\n|switch|p1b: Talonflame|Talonflame, L50, F|100\/100\n|turn|4\n|\n|t:|1731055019\n|move|p1a: Baxcalibur|Protect|p1a: Baxcalibur\n|-singleturn|p1a: Baxcalibur|Protect\n|move|p1b: Talonflame|Protect|p1b: Talonflame\n|-singleturn|p1b: Talonflame|Protect\n|move|p2b: Garchomp|Rock Slide|p1a: Baxcalibur|[spread] \n|-activate|p1a: Baxcalibur|move: Protect\n|-activate|p1b: Talonflame|move: Protect\n|move|p2a: Weezing|Sludge Bomb|p1b: Talonflame\n|-activate|p1b: Talonflame|move: Protect\n|\n|-sideend|p2: Chairman Rose|move: Tailwind\n|upkeep\n|turn|5\n|\n|t:|1731055039\n|-terastallize|p2b: Garchomp|Ground\n|move|p1a: Baxcalibur|Icicle Spear|p2b: Garchomp\n|-supereffective|p2b: Garchomp\n|-damage|p2b: Garchomp|37\/100\n|-supereffective|p2b: Garchomp\n|-damage|p2b: Garchomp|0 fnt\n|faint|p2b: Garchomp\n|-hitcount|p2: Garchomp|2\n|move|p1b: Talonflame|Tailwind|p1b: Talonflame\n|-sidestart|p1: Geodude3138|move: Tailwind\n|move|p2a: Weezing|Sludge Bomb|p1a: Baxcalibur\n|-supereffective|p1a: Baxcalibur\n|-damage|p1a: Baxcalibur|0 fnt\n|faint|p1a: Baxcalibur\n|\n|upkeep\n|\n|t:|1731055051\n|switch|p1a: Gholdengo|Gholdengo, L50|100\/100\n|turn|6\n|\n|t:|1731055055\n|move|p2a: Weezing|Protect|p2a: Weezing\n|-singleturn|p2a: Weezing|Protect\n|move|p1b: Talonflame|Brave Bird|p2a: Weezing\n|-activate|p2a: Weezing|move: Protect\n|move|p1a: Gholdengo|Make It Rain|p2a: Weezing\n|-activate|p2a: Weezing|move: Protect\n|\n|upkeep\n|turn|7\n|\n|t:|1731055066\n|move|p1b: Talonflame|Brave Bird|p2a: Weezing\n|-damage|p2a: Weezing|27\/100\n|-enditem|p2a: Weezing|Air Balloon\n|-damage|p1b: Talonflame|78\/100|[from] Recoil\n|-damage|p1b: Talonflame|69\/100|[from] item: Life Orb\n|move|p1a: Gholdengo|Make It Rain|p2a: Weezing\n|-supereffective|p2a: Weezing\n|-damage|p2a: Weezing|0 fnt\n|-unboost|p1a: Gholdengo|spa|1\n|faint|p2a: Weezing\n|-end|p2a: Weezing|ability: Neutralizing Gas\n|\n|win|Geodude3138\n|raw|Geodude3138's rating: 1653 &rarr; <strong>1678<\/strong><br \/>(+25 for winning)\n|raw|Chairman Rose's rating: 1735 &rarr; <strong>1710<\/strong><br \/>(-25 for losing)\n|l|\u2606Chairman Rose\n|player|p2|\n|l|\u2606Geodude3138\n|player|p1|\n","uploadtime":1731055315,"views":31,"formatid":"gen9vgc2024regh","rating":1678,"private":0,"password":null}