{"id":"gen9vgc2024regh-2239308278","format":"[Gen 9] VGC 2024 Reg H","players":["Kodora","grade a type b"],"log":"|j|\u2606Kodora\n|j|\u2606grade a type b\n|t:|1730996262\n|gametype|doubles\n|player|p1|Kodora|101|1766\n|player|p2|grade a type b|waiter-gen4dp|1767\n|teamsize|p1|6\n|teamsize|p2|6\n|gen|9\n|tier|[Gen 9] VGC 2024 Reg H\n|rated|\n|rule|Species Clause: Limit one of each Pok\u00e9mon\n|rule|Item Clause: Limit 1 of each item\n|clearpoke\n|poke|p1|Maushold-Four, L50|\n|poke|p1|Annihilape, L50, F|\n|poke|p1|Archaludon, L50, M|\n|poke|p1|Murkrow, L50, M|\n|poke|p1|Weavile, L50, F|\n|poke|p1|Garchomp, L50, F|\n|poke|p2|Whimsicott, L50, M|\n|poke|p2|Ursaluna-Bloodmoon, L50, M|\n|poke|p2|Tyranitar, L50, F|\n|poke|p2|Gholdengo, L50|\n|poke|p2|Dragonite, L50, F|\n|poke|p2|Primarina, L50, F|\n|teampreview|4\n|inactive|Battle timer is ON: inactive players will automatically lose when time's up. (requested by grade a type b)\n|inactive|Kodora has 60 seconds left.\n|\n|t:|1730996304\n|start\n|switch|p1a: Murkrow|Murkrow, L50, M, shiny|100\/100\n|switch|p1b: Weavile|Weavile, L50, F, shiny|100\/100\n|switch|p2a: I VOTED IN PA!|Whimsicott, L50, M|100\/100\n|switch|p2b: Liberal Cope Sesh|Ursaluna-Bloodmoon, L50, M|100\/100\n|-ability|p1b: Weavile|Pressure\n|turn|1\n|inactive|grade a type b has 30 seconds left.\n|inactive|grade a type b has 20 seconds left.\n|inactive|grade a type b has 15 seconds left.\n|inactive|grade a type b has 10 seconds left.\n|\n|t:|1730996353\n|-terastallize|p2b: Liberal Cope Sesh|Ghost\n|move|p2a: I VOTED IN PA!|Tailwind|p2a: I VOTED IN PA!\n|-sidestart|p2: grade a type b|move: Tailwind\n|move|p1a: Murkrow|Tailwind|p1a: Murkrow\n|-sidestart|p1: Kodora|move: Tailwind\n|move|p1b: Weavile|Triple Axel|p2b: Liberal Cope Sesh\n|-damage|p2b: Liberal Cope Sesh|93\/100\n|-damage|p2b: Liberal Cope Sesh|76\/100\n|-damage|p2b: Liberal Cope Sesh|54\/100\n|-hitcount|p2b: Liberal Cope Sesh|3\n|move|p2b: Liberal Cope Sesh|Hyper Voice|p1a: Murkrow|[spread] p1a,p1b\n|-damage|p1a: Murkrow|49\/100\n|-damage|p1b: Weavile|23\/100\n|-damage|p2b: Liberal Cope Sesh|44\/100|[from] item: Life Orb\n|\n|upkeep\n|turn|2\n|\n|t:|1730996377\n|switch|p2a: Trump's Red Wave|Gholdengo, L50|100\/100\n|move|p1b: Weavile|Icy Wind|p2a: Trump's Red Wave|[spread] p2a,p2b\n|-resisted|p2a: Trump's Red Wave\n|-damage|p2a: Trump's Red Wave|96\/100\n|-damage|p2b: Liberal Cope Sesh|34\/100\n|-unboost|p2a: Trump's Red Wave|spe|1\n|-unboost|p2b: Liberal Cope Sesh|spe|1\n|move|p1a: Murkrow|Brave Bird|p2a: Trump's Red Wave\n|-resisted|p2a: Trump's Red Wave\n|-damage|p2a: Trump's Red Wave|77\/100\n|-damage|p1a: Murkrow|43\/100|[from] Recoil\n|move|p2b: Liberal Cope Sesh|Hyper Voice|p1b: Weavile|[spread] p1a,p1b\n|-damage|p1a: Murkrow|0 fnt\n|-damage|p1b: Weavile|0 fnt\n|faint|p1a: Murkrow\n|faint|p1b: Weavile\n|-damage|p2b: Liberal Cope Sesh|25\/100|[from] item: Life Orb\n|\n|upkeep\n|\n|t:|1730996380\n|switch|p1b: Annihilape|Annihilape, L50, F, shiny|100\/100\n|switch|p1a: Maushold|Maushold-Four, L50, shiny|100\/100\n|turn|3\n|\n|t:|1730996389\n|switch|p2a: I VOTED IN PA!|Whimsicott, L50, M|100\/100\n|switch|p2b: ELON'S PROTECTOR|Dragonite, L50, F|100\/100\n|move|p1a: Maushold|Beat Up|p1b: Annihilape\n|-damage|p1b: Annihilape|99\/100\n|-damage|p1b: Annihilape|96\/100\n|-hitcount|p1b: Annihilape|2\n|move|p1b: Annihilape|Rage Fist|p2a: I VOTED IN PA!\n|-damage|p2a: I VOTED IN PA!|7\/100\n|\n|upkeep\n|turn|4\n|inactive|Kodora has 30 seconds left.\n|inactive|Kodora has 20 seconds left.\n|inactive|grade a type b has 30 seconds left.\n|inactive|Kodora has 15 seconds left.\n|inactive|Kodora has 10 seconds left.\n|inactive|Kodora has 5 seconds left.\n|\n|t:|1730996444\n|move|p1b: Annihilape|Protect|p1b: Annihilape\n|-singleturn|p1b: Annihilape|Protect\n|move|p2a: I VOTED IN PA!|Encore|p1a: Maushold\n|-start|p1a: Maushold|Encore\n|move|p1a: Maushold|Beat Up|p2b: ELON'S PROTECTOR\n|-damage|p2b: ELON'S PROTECTOR|99\/100\n|-damage|p2b: ELON'S PROTECTOR|96\/100\n|-hitcount|p2b: ELON'S PROTECTOR|2\n|move|p2b: ELON'S PROTECTOR|Scale Shot|p1a: Maushold\n|-damage|p1a: Maushold|82\/100\n|-damage|p1a: Maushold|63\/100\n|-damage|p1a: Maushold|45\/100\n|-damage|p1a: Maushold|26\/100\n|-hitcount|p1a: Maushold|4\n|-unboost|p2b: ELON'S PROTECTOR|def|1\n|-boost|p2b: ELON'S PROTECTOR|spe|1\n|\n|-sideend|p1: Kodora|move: Tailwind\n|-sideend|p2: grade a type b|move: Tailwind\n|upkeep\n|turn|5\n|l|\u2606Kodora\n|inactive|Kodora disconnected and has a minute to reconnect!\n|player|p1|\n|inactive|Kodora has 30 seconds left.\n|inactive|grade a type b has 30 seconds left.\n|inactive|Kodora has 20 seconds left.\n|inactive|Kodora has 15 seconds left.\n|inactive|Kodora has 10 seconds left.\n|inactive|Kodora has 5 seconds left.\n|-message|Kodora lost due to inactivity.\n|\n|win|grade a type b\n|raw|Kodora's rating: 1766 &rarr; <strong>1746<\/strong><br \/>(-20 for losing)\n|raw|grade a type b's rating: 1767 &rarr; <strong>1787<\/strong><br \/>(+20 for winning)\n|j|\u2606Kodora\n|player|p1|Kodora|101|\n|l|\u2606Kodora\n|player|p1|\n|l|\u2606grade a type b\n|player|p2|\n","uploadtime":1730996706,"views":37,"formatid":"gen9vgc2024regh","rating":1746,"private":0,"password":null}