{"id":"gen9vgc2024regh-2239344385","format":"[Gen 9] VGC 2024 Reg H","players":["Brave12223","datbishgames"],"log":"|j|\u2606Brave12223\n|j|\u2606datbishgames\n|t:|1730999694\n|gametype|doubles\n|player|p1|Brave12223|ingo|1803\n|player|p2|datbishgames|mira|1706\n|teamsize|p1|6\n|teamsize|p2|6\n|gen|9\n|tier|[Gen 9] VGC 2024 Reg H\n|rated|\n|rule|Species Clause: Limit one of each Pok\u00e9mon\n|rule|Item Clause: Limit 1 of each item\n|clearpoke\n|poke|p1|Baxcalibur, L50, F|\n|poke|p1|Ninetales-Alola, L50, F|\n|poke|p1|Rillaboom, L50, F|\n|poke|p1|Incineroar, L50, M|\n|poke|p1|Basculegion, L50, M|\n|poke|p1|Kingambit, L50, F|\n|poke|p2|Whimsicott, L50, F|\n|poke|p2|Basculegion, L50, M|\n|poke|p2|Arcanine-Hisui, L50, F|\n|poke|p2|Hydreigon, L50, F|\n|poke|p2|Farigiraf, L50, M|\n|poke|p2|Pawmot, L50, F|\n|teampreview|4\n|inactive|Battle timer is ON: inactive players will automatically lose when time's up. (requested by datbishgames)\n|\n|t:|1730999722\n|start\n|switch|p1a: Incineroar|Incineroar, L50, M|100\/100\n|switch|p1b: Ninetales|Ninetales-Alola, L50, F|100\/100\n|switch|p2a: Whimsicott|Whimsicott, L50, F|100\/100\n|switch|p2b: Hydreigon|Hydreigon, L50, F|100\/100\n|-weather|Snow|[from] ability: Snow Warning|[of] p1b: Ninetales\n|-ability|p1a: Incineroar|Intimidate|boost\n|-unboost|p2a: Whimsicott|atk|1\n|-unboost|p2b: Hydreigon|atk|1\n|turn|1\n|\n|t:|1730999730\n|move|p2b: Hydreigon|Protect|p2b: Hydreigon\n|-singleturn|p2b: Hydreigon|Protect\n|move|p1a: Incineroar|Fake Out|p2b: Hydreigon\n|-activate|p2b: Hydreigon|move: Protect\n|move|p2a: Whimsicott|Tailwind|p2a: Whimsicott\n|-sidestart|p2: datbishgames|move: Tailwind\n|move|p1b: Ninetales|Blizzard|p2b: Hydreigon|[spread] p2a\n|-activate|p2b: Hydreigon|move: Protect\n|-supereffective|p2a: Whimsicott\n|-damage|p2a: Whimsicott|0 fnt\n|faint|p2a: Whimsicott\n|\n|-weather|Snow|[upkeep]\n|upkeep\n|\n|t:|1730999743\n|switch|p2a: Basculegion|Basculegion, L50, M|100\/100\n|turn|2\n|\n|t:|1730999757\n|-terastallize|p2b: Hydreigon|Fire\n|move|p2b: Hydreigon|Heat Wave|p1b: Ninetales|[spread] p1a,p1b\n|-resisted|p1a: Incineroar\n|-supereffective|p1b: Ninetales\n|-damage|p1a: Incineroar|79\/100\n|-damage|p1b: Ninetales|0 fnt\n|faint|p1b: Ninetales\n|-damage|p2b: Hydreigon|91\/100|[from] item: Life Orb\n|move|p2a: Basculegion|Wave Crash|p1a: Incineroar\n|-supereffective|p1a: Incineroar\n|-damage|p1a: Incineroar|0 fnt\n|faint|p1a: Incineroar\n|-damage|p2a: Basculegion|75\/100|[from] Recoil\n|\n|-weather|Snow|[upkeep]\n|upkeep\n|\n|t:|1730999762\n|switch|p1b: Basculegion|Basculegion, L50, M|100\/100\n|switch|p1a: Baxcalibur|Baxcalibur, L50, F|100\/100\n|turn|3\n|\n|t:|1730999781\n|switch|p2a: Farigiraf|Farigiraf, L50, M|100\/100\n|-terastallize|p1a: Baxcalibur|Ghost\n|move|p2b: Hydreigon|Draco Meteor|p1a: Baxcalibur\n|-damage|p1a: Baxcalibur|8\/100\n|-unboost|p2b: Hydreigon|spa|2\n|-damage|p2b: Hydreigon|81\/100|[from] item: Life Orb\n|move|p1b: Basculegion|Wave Crash|p2b: Hydreigon\n|-supereffective|p2b: Hydreigon\n|-damage|p2b: Hydreigon|0 fnt\n|faint|p2b: Hydreigon\n|-damage|p1b: Basculegion|77\/100|[from] Recoil\n|move|p1a: Baxcalibur|Scale Shot|p2a: Farigiraf\n|-damage|p2a: Farigiraf|82\/100\n|-damage|p2a: Farigiraf|66\/100\n|-damage|p2a: Farigiraf|49\/100\n|-damage|p2a: Farigiraf|32\/100\n|-damage|p2a: Farigiraf|14\/100\n|-hitcount|p2a: Farigiraf|5\n|-unboost|p1a: Baxcalibur|def|1\n|-boost|p1a: Baxcalibur|spe|1\n|\n|-weather|Snow|[upkeep]\n|upkeep\n|\n|t:|1730999792\n|switch|p2b: Basculegion|Basculegion, L50, M|75\/100\n|turn|4\n|\n|t:|1730999802\n|move|p1a: Baxcalibur|Protect|p1a: Baxcalibur\n|-singleturn|p1a: Baxcalibur|Protect\n|move|p2b: Basculegion|Last Respects|p1b: Basculegion\n|-supereffective|p1b: Basculegion\n|-damage|p1b: Basculegion|0 fnt\n|faint|p1b: Basculegion\n|move|p2a: Farigiraf|Twin Beam|p1a: Baxcalibur\n|-activate|p1a: Baxcalibur|move: Protect\n|\n|-weather|Snow|[upkeep]\n|-sideend|p2: datbishgames|move: Tailwind\n|upkeep\n|turn|5\n|\n|t:|1730999808\n|move|p1a: Baxcalibur|Scale Shot|p2b: Basculegion\n|-damage|p2b: Basculegion|59\/100\n|-damage|p2b: Basculegion|44\/100\n|-damage|p2b: Basculegion|30\/100\n|-damage|p2b: Basculegion|14\/100\n|-hitcount|p2b: Basculegion|4\n|-unboost|p1a: Baxcalibur|def|1\n|-boost|p1a: Baxcalibur|spe|1\n|move|p2b: Basculegion|Last Respects|p1a: Baxcalibur\n|-supereffective|p1a: Baxcalibur\n|-damage|p1a: Baxcalibur|0 fnt\n|faint|p1a: Baxcalibur\n|\n|win|datbishgames\n|raw|Brave12223's rating: 1803 &rarr; <strong>1778<\/strong><br \/>(-25 for losing)\n|raw|datbishgames's rating: 1706 &rarr; <strong>1731<\/strong><br \/>(+25 for winning)\n|l|\u2606Brave12223\n|player|p1|\n|l|\u2606datbishgames\n|player|p2|\n","uploadtime":1731000069,"views":29,"formatid":"gen9vgc2024regh","rating":1731,"private":0,"password":null}