{"id":"gen9vgc2024regh-2239319557","format":"[Gen 9] VGC 2024 Reg H","players":["PhillyDolph","grade a type b"],"log":"|j|\u2606PhillyDolph\n|j|\u2606grade a type b\n|t:|1730997323\n|gametype|doubles\n|player|p1|PhillyDolph|red|1664\n|player|p2|grade a type b|waiter-gen4dp|1740\n|teamsize|p1|6\n|teamsize|p2|6\n|gen|9\n|tier|[Gen 9] VGC 2024 Reg H\n|rated|\n|rule|Species Clause: Limit one of each Pok\u00e9mon\n|rule|Item Clause: Limit 1 of each item\n|clearpoke\n|poke|p1|Annihilape, L50, F|\n|poke|p1|Maushold-Four, L50|\n|poke|p1|Talonflame, L50, M|\n|poke|p1|Gastrodon, L50, F|\n|poke|p1|Rillaboom, L50, M|\n|poke|p1|Electabuzz, L50, M|\n|poke|p2|Whimsicott, L50, M|\n|poke|p2|Ursaluna-Bloodmoon, L50, M|\n|poke|p2|Tyranitar, L50, M|\n|poke|p2|Gholdengo, L50|\n|poke|p2|Dragonite, L50, M|\n|poke|p2|Primarina, L50, F|\n|teampreview|4\n|inactive|Battle timer is ON: inactive players will automatically lose when time's up. (requested by grade a type b)\n|inactive|PhillyDolph also wants the timer to be on.\n|inactive|PhillyDolph has 60 seconds left.\n|\n|t:|1730997365\n|start\n|switch|p1a: Maushold|Maushold-Four, L50|100\/100\n|switch|p1b: Annihilape|Annihilape, L50, F|100\/100\n|switch|p2a: I VOTED IN PA!|Whimsicott, L50, M|100\/100\n|switch|p2b: Liberal Cope Sesh|Ursaluna-Bloodmoon, L50, M|100\/100\n|turn|1\n|\n|t:|1730997389\n|-terastallize|p2b: Liberal Cope Sesh|Ghost\n|move|p2a: I VOTED IN PA!|Tailwind|p2a: I VOTED IN PA!\n|-sidestart|p2: grade a type b|move: Tailwind\n|move|p2b: Liberal Cope Sesh|Hyper Voice|p1b: Annihilape|[spread] p1a,p1b\n|-crit|p1b: Annihilape\n|-damage|p1a: Maushold|40\/100\n|-damage|p1b: Annihilape|54\/100\n|-damage|p2b: Liberal Cope Sesh|91\/100|[from] item: Life Orb\n|move|p1a: Maushold|Taunt|p2a: I VOTED IN PA!\n|-start|p2a: I VOTED IN PA!|move: Taunt\n|move|p1b: Annihilape|Bulk Up|p1b: Annihilape\n|-boost|p1b: Annihilape|atk|1\n|-boost|p1b: Annihilape|def|1\n|\n|-heal|p1b: Annihilape|60\/100|[from] item: Leftovers\n|upkeep\n|turn|2\n|inactive|PhillyDolph has 30 seconds left.\n|\n|t:|1730997417\n|-terastallize|p1b: Annihilape|Fire\n|move|p1a: Maushold|Follow Me|p1a: Maushold\n|-singleturn|p1a: Maushold|move: Follow Me\n|move|p2a: I VOTED IN PA!|Moonblast|p1a: Maushold\n|-damage|p1a: Maushold|8\/100\n|move|p2b: Liberal Cope Sesh|Hyper Voice|p1a: Maushold|[spread] p1a,p1b\n|-damage|p1a: Maushold|0 fnt\n|-damage|p1b: Annihilape|32\/100\n|faint|p1a: Maushold\n|-damage|p2b: Liberal Cope Sesh|81\/100|[from] item: Life Orb\n|move|p1b: Annihilape|Rage Fist|p2b: Liberal Cope Sesh\n|-supereffective|p2b: Liberal Cope Sesh\n|-damage|p2b: Liberal Cope Sesh|0 fnt\n|faint|p2b: Liberal Cope Sesh\n|\n|-heal|p1b: Annihilape|38\/100|[from] item: Leftovers\n|upkeep\n|\n|t:|1730997430\n|switch|p1a: Electabuzz|Electabuzz, L50, M|100\/100\n|switch|p2b: Trump's Red Wave|Gholdengo, L50|100\/100\n|turn|3\n|j| test0099\n|\n|t:|1730997442\n|switch|p2a: ELON'S PROTECTOR|Dragonite, L50, M|100\/100\n|move|p1b: Annihilape|Protect|p1b: Annihilape\n|-singleturn|p1b: Annihilape|Protect\n|move|p2b: Trump's Red Wave|Make It Rain|p1b: Annihilape|[spread] p1a\n|-activate|p1b: Annihilape|move: Protect\n|-resisted|p1a: Electabuzz\n|-damage|p1a: Electabuzz|79\/100\n|-unboost|p2b: Trump's Red Wave|spa|1\n|move|p1a: Electabuzz|Electroweb|p2b: Trump's Red Wave|[spread] p2a\n|-miss|p1a: Electabuzz|p2b: Trump's Red Wave\n|-damage|p2a: ELON'S PROTECTOR|94\/100\n|-unboost|p2a: ELON'S PROTECTOR|spe|1\n|\n|-heal|p1b: Annihilape|45\/100|[from] item: Leftovers\n|upkeep\n|turn|4\n|inactive|PhillyDolph has 30 seconds left.\n|\n|t:|1730997467\n|move|p1a: Electabuzz|Follow Me|p1a: Electabuzz\n|-singleturn|p1a: Electabuzz|move: Follow Me\n|move|p2b: Trump's Red Wave|Make It Rain|p1a: Electabuzz|[spread] p1a,p1b\n|-resisted|p1a: Electabuzz\n|-resisted|p1b: Annihilape\n|-damage|p1a: Electabuzz|65\/100\n|-damage|p1b: Annihilape|28\/100\n|-unboost|p2b: Trump's Red Wave|spa|1\n|move|p2a: ELON'S PROTECTOR|Scale Shot|p1a: Electabuzz\n|-crit|p1a: Electabuzz\n|-damage|p1a: Electabuzz|41\/100\n|-damage|p1a: Electabuzz|26\/100\n|-damage|p1a: Electabuzz|11\/100\n|-damage|p1a: Electabuzz|0 fnt\n|faint|p1a: Electabuzz\n|-hitcount|p1: Electabuzz|4\n|-unboost|p2a: ELON'S PROTECTOR|def|1\n|-boost|p2a: ELON'S PROTECTOR|spe|1\n|move|p1b: Annihilape|Rage Fist|p2a: ELON'S PROTECTOR\n|-damage|p2a: ELON'S PROTECTOR|0 fnt\n|faint|p2a: ELON'S PROTECTOR\n|\n|-heal|p1b: Annihilape|35\/100|[from] item: Leftovers\n|-sideend|p2: grade a type b|move: Tailwind\n|upkeep\n|inactive|grade a type b has 30 seconds left.\n|inactive|grade a type b has 20 seconds left.\n|inactive|grade a type b has 15 seconds left.\n|inactive|grade a type b has 10 seconds left.\n|\n|t:|1730997517\n|switch|p1a: Gastrodon|Gastrodon, L50, F|100\/100\n|switch|p2a: I VOTED IN PA!|Whimsicott, L50, M|100\/100\n|turn|5\n|-message|grade a type b forfeited.\n|\n|win|PhillyDolph\n|raw|PhillyDolph's rating: 1664 &rarr; <strong>1688<\/strong><br \/>(+24 for winning)\n|raw|grade a type b's rating: 1740 &rarr; <strong>1716<\/strong><br \/>(-24 for losing)\n|l|\u2606grade a type b\n|player|p2|\n|l|\u2606PhillyDolph\n|player|p1|\n","uploadtime":1730997673,"views":30,"formatid":"gen9vgc2024regh","rating":1688,"private":0,"password":null}