{"id":"gen9vgc2024regh-2239065526","format":"[Gen 9] VGC 2024 Reg H","players":["violet mm","SHIDMONBADGAME"],"log":"|j|\u2606violet mm\n|j|\u2606SHIDMONBADGAME\n|t:|1730960973\n|gametype|doubles\n|player|p1|violet mm|266|1634\n|player|p2|SHIDMONBADGAME|policeman-gen4|1833\n|teamsize|p1|6\n|teamsize|p2|6\n|gen|9\n|tier|[Gen 9] VGC 2024 Reg H\n|rated|\n|rule|Species Clause: Limit one of each Pok\u00e9mon\n|rule|Item Clause: Limit 1 of each item\n|clearpoke\n|poke|p1|Stonjourner, L50, F|\n|poke|p1|Dragonite, L50, F|\n|poke|p1|Rillaboom, L50, F|\n|poke|p1|Volcarona, L50, F|\n|poke|p1|Murkrow, L50, F|\n|poke|p1|Archaludon, L50, F|\n|poke|p2|Sneasler, L50, M|\n|poke|p2|Indeedee, L50, M|\n|poke|p2|Murkrow, L50, M|\n|poke|p2|Dragapult, L50, M|\n|poke|p2|Delphox, L50, M|\n|poke|p2|Maushold-Four, L50|\n|teampreview|4\n|inactive|Battle timer is ON: inactive players will automatically lose when time's up. (requested by SHIDMONBADGAME)\n|j| Jamtaviousiv\n|\n|t:|1730961002\n|start\n|switch|p1a: Murkrow|Murkrow, L50, F|100\/100\n|switch|p1b: Stonjourner|Stonjourner, L50, F, shiny|100\/100\n|switch|p2a: Luis Carruthers|Murkrow, L50, M, shiny|100\/100\n|switch|p2b: Marcus Halberstram|Dragapult, L50, M|100\/100\n|turn|1\n|\n|t:|1730961013\n|move|p2a: Luis Carruthers|Tailwind|p2a: Luis Carruthers\n|-sidestart|p2: SHIDMONBADGAME|move: Tailwind\n|move|p2b: Marcus Halberstram|Dragon Darts|p1a: Murkrow\n|-damage|p1a: Murkrow|53\/100\n|-anim|p2b: Marcus Halberstram|Dragon Darts|p1b: Stonjourner\n|-damage|p1b: Stonjourner|66\/100\n|move|p1b: Stonjourner|Rock Slide|p2b: Marcus Halberstram|[spread] p2a,p2b\n|-supereffective|p2a: Luis Carruthers\n|-damage|p2a: Luis Carruthers|35\/100\n|-damage|p2b: Marcus Halberstram|53\/100\n|move|p1a: Murkrow|Foul Play|p2b: Marcus Halberstram\n|-supereffective|p2b: Marcus Halberstram\n|-damage|p2b: Marcus Halberstram|0 fnt\n|faint|p2b: Marcus Halberstram\n|\n|upkeep\n|\n|t:|1730961029\n|switch|p2b: Paul Allen|Sneasler, L50, M, shiny|100\/100\n|turn|2\n|\n|t:|1730961047\n|move|p1b: Stonjourner|Protect|p1b: Stonjourner\n|-singleturn|p1b: Stonjourner|Protect\n|move|p1a: Murkrow|Tailwind|p1a: Murkrow\n|-sidestart|p1: violet mm|move: Tailwind\n|move|p2b: Paul Allen|Dire Claw|p1a: Murkrow\n|-damage|p1a: Murkrow|6\/100\n|-status|p1a: Murkrow|slp\n|move|p2a: Luis Carruthers|Foul Play|p1a: Murkrow\n|-resisted|p1a: Murkrow\n|-damage|p1a: Murkrow|0 fnt\n|faint|p1a: Murkrow\n|\n|upkeep\n|\n|t:|1730961054\n|switch|p1a: Dragonite|Dragonite, L50, F, shiny|100\/100\n|turn|3\n|\n|t:|1730961060\n|-terastallize|p1a: Dragonite|Normal\n|move|p2b: Paul Allen|Protect|p2b: Paul Allen\n|-singleturn|p2b: Paul Allen|Protect\n|move|p1a: Dragonite|Extreme Speed|p2b: Paul Allen\n|-activate|p2b: Paul Allen|move: Protect\n|move|p1b: Stonjourner|Rock Slide|p2a: Luis Carruthers|[spread] p2a\n|-activate|p2b: Paul Allen|move: Protect\n|-supereffective|p2a: Luis Carruthers\n|-crit|p2a: Luis Carruthers\n|-damage|p2a: Luis Carruthers|0 fnt\n|faint|p2a: Luis Carruthers\n|\n|upkeep\n|\n|t:|1730961071\n|switch|p2a: Patrick Bateman|Indeedee, L50, M, shiny|100\/100\n|-fieldstart|move: Psychic Terrain|[from] ability: Psychic Surge|[of] p2a: Patrick Bateman\n|-enditem|p2b: Paul Allen|Psychic Seed\n|-boost|p2b: Paul Allen|spd|1|[from] item: Psychic Seed\n|turn|4\n|\n|t:|1730961088\n|switch|p1b: Rillaboom|Rillaboom, L50, F, shiny|100\/100\n|-fieldstart|move: Grassy Terrain|[from] ability: Grassy Surge|[of] p1b: Rillaboom\n|-terastallize|p2a: Patrick Bateman|Fighting\n|move|p1a: Dragonite|Extreme Speed|p2b: Paul Allen\n|-damage|p2b: Paul Allen|0 fnt\n|faint|p2b: Paul Allen\n|move|p2a: Patrick Bateman|Tera Blast|p1b: Rillaboom|[anim] Tera Blast Fighting\n|-damage|p1b: Rillaboom|60\/100\n|\n|-heal|p1b: Rillaboom|66\/100|[from] Grassy Terrain\n|-sideend|p2: SHIDMONBADGAME|move: Tailwind\n|upkeep\n|turn|5\n|-message|SHIDMONBADGAME forfeited.\n|\n|win|violet mm\n|raw|violet mm's rating: 1634 &rarr; <strong>1664<\/strong><br \/>(+30 for winning)\n|raw|SHIDMONBADGAME's rating: 1833 &rarr; <strong>1803<\/strong><br \/>(-30 for losing)\n|l|\u2606violet mm\n|player|p1|\n","uploadtime":1730961313,"views":30,"formatid":"gen9vgc2024regh","rating":1664,"private":0,"password":null}