{"id":"gen9vgc2024regh-2239312806","format":"[Gen 9] VGC 2024 Reg H","players":["PhillyDolph","Kodora"],"log":"|j|\u2606PhillyDolph\n|j|\u2606Kodora\n|t:|1730996694\n|gametype|doubles\n|player|p1|PhillyDolph|red|1664\n|player|p2|Kodora|101|1720\n|teamsize|p1|6\n|teamsize|p2|6\n|gen|9\n|tier|[Gen 9] VGC 2024 Reg H\n|rated|\n|rule|Species Clause: Limit one of each Pok\u00e9mon\n|rule|Item Clause: Limit 1 of each item\n|clearpoke\n|poke|p1|Annihilape, L50, M|\n|poke|p1|Maushold-Four, L50|\n|poke|p1|Talonflame, L50, F|\n|poke|p1|Gastrodon, L50, M|\n|poke|p1|Rillaboom, L50, F|\n|poke|p1|Electabuzz, L50, M|\n|poke|p2|Maushold-Four, L50|\n|poke|p2|Annihilape, L50, M|\n|poke|p2|Archaludon, L50, M|\n|poke|p2|Murkrow, L50, M|\n|poke|p2|Weavile, L50, F|\n|poke|p2|Garchomp, L50, M|\n|teampreview|4\n|inactive|Battle timer is ON: inactive players will automatically lose when time's up. (requested by PhillyDolph)\n|j| test0099\n|inactive|PhillyDolph has 60 seconds left.\n|\n|t:|1730996732\n|start\n|switch|p1a: Maushold|Maushold-Four, L50|100\/100\n|switch|p1b: Talonflame|Talonflame, L50, F|100\/100\n|switch|p2a: Maushold|Maushold-Four, L50, shiny|100\/100\n|switch|p2b: Annihilape|Annihilape, L50, M, shiny|100\/100\n|turn|1\n|inactive|Kodora has 30 seconds left.\n|\n|t:|1730996761\n|-terastallize|p2a: Maushold|Ghost\n|move|p2b: Annihilape|Protect|p2b: Annihilape\n|-singleturn|p2b: Annihilape|Protect\n|move|p1a: Maushold|Follow Me|p1a: Maushold\n|-singleturn|p1a: Maushold|move: Follow Me\n|move|p2a: Maushold|Taunt|p1a: Maushold\n|-start|p1a: Maushold|move: Taunt\n|move|p1b: Talonflame|Will-O-Wisp|p2b: Annihilape\n|-activate|p2b: Annihilape|move: Protect\n|\n|upkeep\n|turn|2\n|\n|t:|1730996773\n|switch|p1a: Annihilape|Annihilape, L50, M|100\/100\n|move|p2a: Maushold|Beat Up|p2b: Annihilape\n|-damage|p2b: Annihilape|99\/100\n|-damage|p2b: Annihilape|96\/100\n|-damage|p2b: Annihilape|94\/100\n|-damage|p2b: Annihilape|91\/100\n|-hitcount|p2b: Annihilape|4\n|move|p1b: Talonflame|Will-O-Wisp|p2b: Annihilape\n|-status|p2b: Annihilape|brn\n|move|p2b: Annihilape|Rage Fist|p1b: Talonflame\n|-damage|p1b: Talonflame|34\/100\n|-damage|p2b: Annihilape|74\/100 brn|[from] item: Rocky Helmet|[of] p1b: Talonflame\n|\n|-damage|p2b: Annihilape|68\/100 brn|[from] brn\n|upkeep\n|turn|3\n|inactive|PhillyDolph has 30 seconds left.\n|inactive|PhillyDolph has 20 seconds left.\n|inactive|Kodora has 30 seconds left.\n|inactive|PhillyDolph has 15 seconds left.\n|\n|t:|1730996814\n|switch|p1b: Maushold|Maushold-Four, L50|100\/100\n|-terastallize|p1a: Annihilape|Fire\n|move|p2a: Maushold|Follow Me|p2a: Maushold\n|-singleturn|p2a: Maushold|move: Follow Me\n|move|p2b: Annihilape|Rage Fist|p1a: Annihilape\n|-damage|p1a: Annihilape|54\/100\n|move|p1a: Annihilape|Bulk Up|p1a: Annihilape\n|-boost|p1a: Annihilape|atk|1\n|-boost|p1a: Annihilape|def|1\n|\n|-heal|p1a: Annihilape|60\/100|[from] item: Leftovers\n|-damage|p2b: Annihilape|62\/100 brn|[from] brn\n|upkeep\n|turn|4\n|\n|t:|1730996825\n|move|p2b: Annihilape|Protect|p2b: Annihilape\n|-singleturn|p2b: Annihilape|Protect\n|move|p1b: Maushold|Follow Me|p1b: Maushold\n|-singleturn|p1b: Maushold|move: Follow Me\n|move|p2a: Maushold|Taunt|p1b: Maushold\n|-start|p1b: Maushold|move: Taunt\n|move|p1a: Annihilape|Rage Fist|p2b: Annihilape\n|-activate|p2b: Annihilape|move: Protect\n|\n|-heal|p1a: Annihilape|66\/100|[from] item: Leftovers\n|-damage|p2b: Annihilape|56\/100 brn|[from] brn\n|upkeep\n|turn|5\n|\n|t:|1730996837\n|move|p2a: Maushold|Beat Up|p2b: Annihilape\n|-damage|p2b: Annihilape|54\/100 brn\n|-damage|p2b: Annihilape|52\/100 brn\n|-damage|p2b: Annihilape|49\/100 brn\n|-hitcount|p2b: Annihilape|3\n|move|p2b: Annihilape|Rage Fist|p1a: Annihilape\n|-damage|p1a: Annihilape|21\/100\n|move|p1b: Maushold|Beat Up|p1a: Annihilape\n|-damage|p1a: Annihilape|20\/100\n|-damage|p1a: Annihilape|19\/100\n|-damage|p1a: Annihilape|17\/100\n|-damage|p1a: Annihilape|16\/100\n|-hitcount|p1a: Annihilape|4\n|move|p1a: Annihilape|Rage Fist|p2b: Annihilape\n|-supereffective|p2b: Annihilape\n|-damage|p2b: Annihilape|0 fnt\n|faint|p2b: Annihilape\n|\n|-heal|p1a: Annihilape|22\/100|[from] item: Leftovers\n|upkeep\n|\n|t:|1730996841\n|switch|p2b: Garchomp|Garchomp, L50, M, shiny|100\/100\n|turn|6\n|inactive|PhillyDolph has 30 seconds left.\n|\n|t:|1730996874\n|switch|p1b: Gastrodon|Gastrodon, L50, M|100\/100\n|switch|p1a: Talonflame|Talonflame, L50, F|34\/100\n|move|p2a: Maushold|Follow Me|p2a: Maushold\n|-singleturn|p2a: Maushold|move: Follow Me\n|move|p2b: Garchomp|Stomping Tantrum|p1a: Talonflame\n|-immune|p1a: Talonflame\n|\n|upkeep\n|turn|7\n|\n|t:|1730996885\n|move|p2b: Garchomp|Protect|p2b: Garchomp\n|-singleturn|p2b: Garchomp|Protect\n|move|p1b: Gastrodon|Protect|p1b: Gastrodon\n|-singleturn|p1b: Gastrodon|Protect\n|move|p2a: Maushold|Taunt|p1b: Gastrodon\n|-activate|p1b: Gastrodon|move: Protect\n|move|p1a: Talonflame|Taunt|p2a: Maushold\n|-start|p2a: Maushold|move: Taunt\n|\n|upkeep\n|turn|8\n|\n|t:|1730996896\n|switch|p2b: Archaludon|Archaludon, L50, M, shiny|100\/100\n|move|p2a: Maushold|Beat Up|p2b: Archaludon\n|-damage|p2b: Archaludon|99\/100\n|-ability|p2b: Archaludon|Stamina|boost\n|-boost|p2b: Archaludon|def|1\n|-damage|p2b: Archaludon|98\/100\n|-ability|p2b: Archaludon|Stamina|boost\n|-boost|p2b: Archaludon|def|1\n|-damage|p2b: Archaludon|97\/100\n|-ability|p2b: Archaludon|Stamina|boost\n|-boost|p2b: Archaludon|def|1\n|-hitcount|p2b: Archaludon|3\n|move|p1a: Talonflame|Tailwind|p1a: Talonflame\n|-sidestart|p1: PhillyDolph|move: Tailwind\n|move|p1b: Gastrodon|Ice Beam|p2b: Archaludon\n|-damage|p2b: Archaludon|86\/100\n|-ability|p2b: Archaludon|Stamina|boost\n|-boost|p2b: Archaludon|def|1\n|\n|upkeep\n|turn|9\n|\n|t:|1730996913\n|switch|p2a: Garchomp|Garchomp, L50, M, shiny|100\/100\n|move|p1a: Talonflame|Will-O-Wisp|p2b: Archaludon|[miss]\n|-miss|p1a: Talonflame|p2b: Archaludon\n|move|p1b: Gastrodon|Earth Power|p2b: Archaludon\n|-supereffective|p2b: Archaludon\n|-damage|p2b: Archaludon|49\/100\n|-unboost|p2b: Archaludon|spd|1\n|-ability|p2b: Archaludon|Stamina|boost\n|-boost|p2b: Archaludon|def|1\n|move|p2b: Archaludon|Body Press|p1b: Gastrodon\n|-damage|p1b: Gastrodon|26\/100\n|-enditem|p1b: Gastrodon|Sitrus Berry|[eat]\n|-heal|p1b: Gastrodon|51\/100|[from] item: Sitrus Berry\n|\n|upkeep\n|turn|10\n|\n|t:|1730996933\n|move|p1a: Talonflame|Will-O-Wisp|p2b: Archaludon\n|-status|p2b: Archaludon|brn\n|move|p2a: Garchomp|Dragon Claw|p1b: Gastrodon\n|-damage|p1b: Gastrodon|4\/100\n|-damage|p2a: Garchomp|91\/100|[from] item: Life Orb\n|move|p1b: Gastrodon|Ice Beam|p2a: Garchomp\n|-supereffective|p2a: Garchomp\n|-damage|p2a: Garchomp|0 fnt\n|faint|p2a: Garchomp\n|move|p2b: Archaludon|Draco Meteor|p1b: Gastrodon\n|-damage|p1b: Gastrodon|0 fnt\n|-unboost|p2b: Archaludon|spa|2\n|faint|p1b: Gastrodon\n|\n|-damage|p2b: Archaludon|43\/100 brn|[from] brn\n|upkeep\n|\n|t:|1730996949\n|switch|p2a: Maushold|Maushold-Four, L50, shiny, tera:Ghost|100\/100\n|switch|p1b: Annihilape|Annihilape, L50, M, tera:Fire|22\/100\n|turn|11\n|j| 0l'Bones\n|\n|t:|1730996962\n|move|p2a: Maushold|Helping Hand|p2b: Archaludon\n|-singleturn|p2b: Archaludon|Helping Hand|[of] p2a: Maushold\n|move|p1b: Annihilape|Protect|p1b: Annihilape\n|-singleturn|p1b: Annihilape|Protect\n|move|p1a: Talonflame|Taunt|p2a: Maushold\n|-start|p2a: Maushold|move: Taunt\n|move|p2b: Archaludon|Draco Meteor|p1b: Annihilape\n|-activate|p1b: Annihilape|move: Protect\n|\n|-heal|p1b: Annihilape|28\/100|[from] item: Leftovers\n|-damage|p2b: Archaludon|37\/100 brn|[from] brn\n|-sideend|p1: PhillyDolph|move: Tailwind\n|upkeep\n|turn|12\n|\n|t:|1730996979\n|switch|p1b: Maushold|Maushold-Four, L50|100\/100\n|move|p2a: Maushold|Beat Up|p2b: Archaludon\n|-damage|p2b: Archaludon|36\/100 brn\n|-ability|p2b: Archaludon|Stamina|boost\n|-boost|p2b: Archaludon|def|1\n|-hitcount|p2b: Archaludon|1\n|move|p1a: Talonflame|Tailwind|p1a: Talonflame\n|-sidestart|p1: PhillyDolph|move: Tailwind\n|move|p2b: Archaludon|Body Press|p1b: Maushold\n|-supereffective|p1b: Maushold\n|-damage|p1b: Maushold|10\/100\n|\n|-damage|p2b: Archaludon|30\/100 brn|[from] brn\n|upkeep\n|turn|13\n|inactive|PhillyDolph has 30 seconds left.\n|inactive|PhillyDolph has 20 seconds left.\n|inactive|PhillyDolph has 15 seconds left.\n|inactive|PhillyDolph has 10 seconds left.\n|\n|t:|1730997025\n|move|p1b: Maushold|Protect|p1b: Maushold\n|-singleturn|p1b: Maushold|Protect\n|move|p1a: Talonflame|U-turn|p2a: Maushold\n|-resisted|p2a: Maushold\n|-damage|p2a: Maushold|92\/100\n|\n|t:|1730997029\n|switch|p1a: Annihilape|Annihilape, L50, M, tera:Fire|28\/100|[from] U-turn\n|move|p2a: Maushold|Beat Up|p1b: Maushold\n|-activate|p1b: Maushold|move: Protect\n|move|p2b: Archaludon|Body Press|p1a: Annihilape\n|-damage|p1a: Annihilape|0 fnt\n|faint|p1a: Annihilape\n|\n|-damage|p2b: Archaludon|24\/100 brn|[from] brn\n|upkeep\n|\n|t:|1730997031\n|switch|p1a: Talonflame|Talonflame, L50, F|34\/100\n|turn|14\n|\n|t:|1730997048\n|move|p1a: Talonflame|Will-O-Wisp|p2a: Maushold\n|-status|p2a: Maushold|brn\n|move|p1b: Maushold|Beat Up|p2b: Archaludon\n|-damage|p2b: Archaludon|23\/100 brn\n|-damage|p2b: Archaludon|23\/100 brn\n|-hitcount|p2b: Archaludon|2\n|move|p2a: Maushold|Beat Up|p1b: Maushold\n|-damage|p1b: Maushold|9\/100\n|-hitcount|p1b: Maushold|1\n|move|p2b: Archaludon|Body Press|p1a: Talonflame\n|-resisted|p1a: Talonflame\n|-damage|p1a: Talonflame|17\/100\n|-damage|p2b: Archaludon|7\/100 brn|[from] item: Rocky Helmet|[of] p1a: Talonflame\n|\n|-damage|p2a: Maushold|86\/100 brn|[from] brn\n|-damage|p2b: Archaludon|0 fnt|[from] brn\n|faint|p2b: Archaludon\n|-end|p2a: Maushold|move: Taunt\n|upkeep\n|turn|15\n|\n|t:|1730997072\n|move|p1a: Talonflame|U-turn|p2a: Maushold\n|-resisted|p2a: Maushold\n|-damage|p2a: Maushold|77\/100 brn\n|move|p1b: Maushold|Beat Up|p2a: Maushold\n|-supereffective|p2a: Maushold\n|-crit|p2a: Maushold\n|-damage|p2a: Maushold|67\/100 brn\n|-supereffective|p2a: Maushold\n|-damage|p2a: Maushold|62\/100 brn\n|-hitcount|p2a: Maushold|2\n|move|p2a: Maushold|Beat Up|p1b: Maushold\n|-crit|p1b: Maushold\n|-damage|p1b: Maushold|7\/100\n|-hitcount|p1b: Maushold|1\n|\n|-damage|p2a: Maushold|56\/100 brn|[from] brn\n|-sideend|p1: PhillyDolph|move: Tailwind\n|upkeep\n|turn|16\n|-message|Kodora forfeited.\n|\n|win|PhillyDolph\n|raw|PhillyDolph's rating: 1664 &rarr; <strong>1687<\/strong><br \/>(+23 for winning)\n|raw|Kodora's rating: 1720 &rarr; <strong>1697<\/strong><br \/>(-23 for losing)\n|l|\u2606Kodora\n|player|p2|\n|l|\u2606PhillyDolph\n|player|p1|\n|l| test0099\n","uploadtime":1730997258,"views":27,"formatid":"gen9vgc2024regh","rating":1687,"private":0,"password":null}