{"id":"gen9vgc2024regh-2239335293","format":"[Gen 9] VGC 2024 Reg H","players":["nosomosmuchos","Emirnent"],"log":"|j|\u2606nosomosmuchos\n|j|\u2606Emirnent\n|t:|1730998819\n|gametype|doubles\n|player|p1|nosomosmuchos|266|1702\n|player|p2|Emirnent|169|1778\n|teamsize|p1|6\n|teamsize|p2|6\n|gen|9\n|tier|[Gen 9] VGC 2024 Reg H\n|rated|\n|rule|Species Clause: Limit one of each Pok\u00e9mon\n|rule|Item Clause: Limit 1 of each item\n|clearpoke\n|poke|p1|Indeedee, L50, M|\n|poke|p1|Sneasler, L50, F|\n|poke|p1|Excadrill, L50, M|\n|poke|p1|Magmar, L50, M|\n|poke|p1|Tyranitar, L50, F|\n|poke|p1|Corviknight, L50, F|\n|poke|p2|Archaludon, L50, F|\n|poke|p2|Gholdengo, L50|\n|poke|p2|Pelipper, L50, F|\n|poke|p2|Ursaluna, L50, M|\n|poke|p2|Dragonite, L50, M|\n|poke|p2|Sinistcha, L50|\n|teampreview|4\n|inactive|Battle timer is ON: inactive players will automatically lose when time's up. (requested by nosomosmuchos)\n|inactive|Emirnent has 60 seconds left.\n|j| Iamsliverfish\n|inactive|Emirnent has 30 seconds left.\n|\n|t:|1730998888\n|start\n|switch|p1a: Sneasler|Sneasler, L50, F|100\/100\n|switch|p1b: Magmar|Magmar, L50, M|100\/100\n|switch|p2a: Sinistcha|Sinistcha, L50|100\/100\n|switch|p2b: Ursaluna|Ursaluna, L50, M|100\/100\n|turn|1\n|j| Therazer456\n|\n|t:|1730998911\n|switch|p2b: Pelipper|Pelipper, L50, F|100\/100\n|-weather|RainDance|[from] ability: Drizzle|[of] p2b: Pelipper\n|move|p1a: Sneasler|Close Combat|p2b: Pelipper\n|-resisted|p2b: Pelipper\n|-damage|p2b: Pelipper|58\/100\n|-unboost|p1a: Sneasler|def|1\n|-unboost|p1a: Sneasler|spd|1\n|-enditem|p1a: Sneasler|White Herb\n|-clearnegativeboost|p1a: Sneasler|[silent]\n|move|p1b: Magmar|Heat Wave|p2a: Sinistcha|[spread] p2a,p2b\n|-supereffective|p2a: Sinistcha\n|-resisted|p2b: Pelipper\n|-damage|p2a: Sinistcha|77\/100\n|-damage|p2b: Pelipper|47\/100\n|move|p2a: Sinistcha|Trick Room|p2a: Sinistcha\n|-fieldstart|move: Trick Room|[of] p2a: Sinistcha\n|\n|-weather|RainDance|[upkeep]\n|upkeep\n|turn|2\n|\n|t:|1730998936\n|switch|p1a: Tyranitar|Tyranitar, L50, F|100\/100\n|-weather|Sandstorm|[from] ability: Sand Stream|[of] p1a: Tyranitar\n|move|p2a: Sinistcha|Life Dew|p2a: Sinistcha|[spread] p2a,p2b\n|-heal|p2a: Sinistcha|100\/100\n|-heal|p2b: Pelipper|72\/100\n|move|p1b: Magmar|Heat Wave|p2b: Pelipper|[spread] p2a,p2b\n|-supereffective|p2a: Sinistcha\n|-crit|p2a: Sinistcha\n|-resisted|p2b: Pelipper\n|-damage|p2a: Sinistcha|25\/100\n|-damage|p2b: Pelipper|52\/100\n|-status|p2a: Sinistcha|brn\n|-enditem|p2a: Sinistcha|Sitrus Berry|[eat]\n|-heal|p2a: Sinistcha|50\/100 brn|[from] item: Sitrus Berry\n|move|p2b: Pelipper|Muddy Water|p1b: Magmar|[spread] p1a,p1b\n|-supereffective|p1a: Tyranitar\n|-supereffective|p1b: Magmar\n|-damage|p1a: Tyranitar|79\/100\n|-damage|p1b: Magmar|53\/100\n|\n|-weather|Sandstorm|[upkeep]\n|-damage|p2a: Sinistcha|44\/100 brn|[from] Sandstorm\n|-damage|p1b: Magmar|48\/100|[from] Sandstorm\n|-damage|p2a: Sinistcha|38\/100 brn|[from] brn\n|upkeep\n|turn|3\n|inactive|nosomosmuchos has 30 seconds left.\n|\n|t:|1730998969\n|switch|p2a: Archaludon|Archaludon, L50, F|100\/100\n|switch|p2b: Ursaluna|Ursaluna, L50, M|100\/100\n|move|p1a: Tyranitar|Knock Off|p2b: Ursaluna\n|-damage|p2b: Ursaluna|59\/100\n|-enditem|p2b: Ursaluna|Flame Orb|[from] move: Knock Off|[of] p1a: Tyranitar\n|move|p1b: Magmar|Heat Wave|p2b: Ursaluna|[spread] p2a,p2b\n|-damage|p2a: Archaludon|82\/100\n|-damage|p2b: Ursaluna|32\/100\n|-ability|p2a: Archaludon|Stamina|boost\n|-boost|p2a: Archaludon|def|1\n|\n|-weather|Sandstorm|[upkeep]\n|-damage|p1b: Magmar|42\/100|[from] Sandstorm\n|upkeep\n|turn|4\n|inactive|nosomosmuchos has 30 seconds left.\n|inactive|Emirnent has 30 seconds left.\n|inactive|nosomosmuchos has 20 seconds left.\n|inactive|Emirnent has 20 seconds left.\n|inactive|nosomosmuchos has 15 seconds left.\n|inactive|Emirnent has 15 seconds left.\n|inactive|nosomosmuchos has 10 seconds left.\n|\n|t:|1730999017\n|move|p1b: Magmar|Follow Me|p1b: Magmar\n|-singleturn|p1b: Magmar|move: Follow Me\n|move|p1a: Tyranitar|Knock Off|p2a: Archaludon\n|-damage|p2a: Archaludon|59\/100\n|-ability|p2a: Archaludon|Stamina|boost\n|-boost|p2a: Archaludon|def|1\n|-enditem|p2a: Archaludon|Assault Vest|[from] move: Knock Off|[of] p1a: Tyranitar\n|move|p2b: Ursaluna|Headlong Rush|p1b: Magmar\n|-supereffective|p1b: Magmar\n|-damage|p1b: Magmar|0 fnt\n|-unboost|p2b: Ursaluna|def|1\n|-unboost|p2b: Ursaluna|spd|1\n|faint|p1b: Magmar\n|move|p2a: Archaludon|Body Press|p1a: Tyranitar\n|-supereffective|p1a: Tyranitar\n|-damage|p1a: Tyranitar|0 fnt\n|faint|p1a: Tyranitar\n|\n|-weather|Sandstorm|[upkeep]\n|upkeep\n|\n|t:|1730999032\n|switch|p1a: Sneasler|Sneasler, L50, F|100\/100\n|switch|p1b: Excadrill|Excadrill, L50, M|100\/100\n|turn|5\n|inactive|Emirnent has 30 seconds left.\n|inactive|nosomosmuchos has 30 seconds left.\n|inactive|Emirnent has 20 seconds left.\n|\n|t:|1730999071\n|switch|p2b: Sinistcha|Sinistcha, L50|38\/100 brn\n|-heal|p2a: Archaludon|84\/100|[from] ability: Hospitality|[of] p2b: Sinistcha\n|-terastallize|p2a: Archaludon|Fighting\n|-terastallize|p1a: Sneasler|Flying\n|move|p1b: Excadrill|Protect|p1b: Excadrill\n|-singleturn|p1b: Excadrill|Protect\n|move|p2a: Archaludon|Body Press|p1b: Excadrill\n|-activate|p1b: Excadrill|move: Protect\n|move|p1a: Sneasler|Close Combat|p2a: Archaludon\n|-damage|p2a: Archaludon|62\/100\n|-unboost|p1a: Sneasler|def|1\n|-unboost|p1a: Sneasler|spd|1\n|-ability|p2a: Archaludon|Stamina|boost\n|-boost|p2a: Archaludon|def|1\n|\n|-weather|Sandstorm|[upkeep]\n|-damage|p2b: Sinistcha|31\/100 brn|[from] Sandstorm\n|-damage|p2a: Archaludon|56\/100|[from] Sandstorm\n|-damage|p1a: Sneasler|95\/100|[from] Sandstorm\n|-damage|p2b: Sinistcha|25\/100 brn|[from] brn\n|-fieldend|move: Trick Room\n|upkeep\n|turn|6\n|\n|t:|1730999096\n|switch|p2b: Pelipper|Pelipper, L50, F|52\/100\n|-weather|RainDance|[from] ability: Drizzle|[of] p2b: Pelipper\n|move|p1a: Sneasler|Dire Claw|p2b: Pelipper\n|-damage|p2b: Pelipper|0 fnt\n|faint|p2b: Pelipper\n|move|p1b: Excadrill|Earthquake|p2a: Archaludon|[spread] p2a\n|-immune|p1a: Sneasler\n|-damage|p2a: Archaludon|46\/100\n|-ability|p2a: Archaludon|Stamina|boost\n|-boost|p2a: Archaludon|def|1\n|move|p2a: Archaludon|Electro Shot||[still]\n|-prepare|p2a: Archaludon|Electro Shot\n|-boost|p2a: Archaludon|spa|1\n|-anim|p2a: Archaludon|Electro Shot|p1a: Sneasler\n|-supereffective|p1a: Sneasler\n|-damage|p1a: Sneasler|0 fnt\n|faint|p1a: Sneasler\n|\n|-weather|RainDance|[upkeep]\n|upkeep\n|\n|t:|1730999099\n|switch|p2b: Sinistcha|Sinistcha, L50|25\/100 brn\n|-heal|p2a: Archaludon|71\/100|[from] ability: Hospitality|[of] p2b: Sinistcha\n|turn|7\n|\n|t:|1730999121\n|move|p1b: Excadrill|Iron Head|p2a: Archaludon\n|-damage|p2a: Archaludon|61\/100\n|-ability|p2a: Archaludon|Stamina|boost\n|-boost|p2a: Archaludon|def|1\n|cant|p2a: Archaludon|flinch\n|move|p2b: Sinistcha|Trick Room|p2b: Sinistcha\n|-fieldstart|move: Trick Room|[of] p2b: Sinistcha\n|\n|-weather|RainDance|[upkeep]\n|-damage|p2b: Sinistcha|19\/100 brn|[from] brn\n|upkeep\n|turn|8\n|\n|t:|1730999127\n|move|p1b: Excadrill|Protect|p1b: Excadrill\n|-singleturn|p1b: Excadrill|Protect\n|move|p2b: Sinistcha|Life Dew|p2b: Sinistcha|[spread] p2a,p2b\n|-heal|p2a: Archaludon|86\/100\n|-heal|p2b: Sinistcha|44\/100 brn\n|move|p2a: Archaludon|Body Press|p1b: Excadrill\n|-activate|p1b: Excadrill|move: Protect\n|\n|-weather|RainDance|[upkeep]\n|-damage|p2b: Sinistcha|38\/100 brn|[from] brn\n|upkeep\n|turn|9\n|-message|nosomosmuchos forfeited.\n|\n|win|Emirnent\n|raw|nosomosmuchos's rating: 1702 &rarr; <strong>1686<\/strong><br \/>(-16 for losing)\n|raw|Emirnent's rating: 1778 &rarr; <strong>1794<\/strong><br \/>(+16 for winning)\n|l|\u2606nosomosmuchos\n|player|p1|\n|l|\u2606Emirnent\n|player|p2|\n|l| Therazer456\n","uploadtime":1730999370,"views":30,"formatid":"gen9vgc2024regh","rating":1686,"private":0,"password":null}