{"id":"gen9vgc2024regh-2239272441","format":"[Gen 9] VGC 2024 Reg H","players":["extra.blended","daniiivgc"],"log":"|j|\u2606extra.blended\n|j|\u203ddaniiivgc\n|t:|1730992771\n|gametype|doubles\n|player|p1|extra.blended|linebacker|1763\n|player|p2|daniiivgc|lucas|1658\n|teamsize|p1|6\n|teamsize|p2|6\n|gen|9\n|tier|[Gen 9] VGC 2024 Reg H\n|rated|\n|rule|Species Clause: Limit one of each Pok\u00e9mon\n|rule|Item Clause: Limit 1 of each item\n|clearpoke\n|poke|p1|Garganacl, L50, F|\n|poke|p1|Hippowdon, L50, M|\n|poke|p1|Glimmora, L50, F|\n|poke|p1|Lumineon, L50, F|\n|poke|p1|Gholdengo, L50|\n|poke|p1|Baxcalibur, L50, F|\n|poke|p2|Quaquaval, L50, F|\n|poke|p2|Amoonguss, L50, M|\n|poke|p2|Kingambit, L50, F|\n|poke|p2|Maushold, L50|\n|poke|p2|Archaludon, L50, F|\n|poke|p2|Pelipper, L50, M|\n|teampreview|4\n|inactive|Battle timer is ON: inactive players will automatically lose when time's up. (requested by daniiivgc)\n|\n|t:|1730992805\n|start\n|switch|p1a: Glimmora|Glimmora, L50, F|100\/100\n|switch|p1b: Gholdengo|Gholdengo, L50|100\/100\n|switch|p2a: Maushold|Maushold, L50|100\/100\n|switch|p2b: Kingambit|Kingambit, L50, F|100\/100\n|turn|1\n|\n|t:|1730992823\n|move|p2a: Maushold|Protect|p2a: Maushold\n|-singleturn|p2a: Maushold|Protect\n|move|p1b: Gholdengo|Trick|p2b: Kingambit\n|-activate|p1b: Gholdengo|move: Trick|[of] p2b: Kingambit\n|-item|p2b: Kingambit|Choice Scarf|[from] move: Trick\n|-item|p1b: Gholdengo|Assault Vest|[from] move: Trick\n|move|p1a: Glimmora|Sludge Bomb|p2a: Maushold\n|-activate|p2a: Maushold|move: Protect\n|move|p2b: Kingambit|Kowtow Cleave|p1a: Glimmora\n|-damage|p1a: Glimmora|48\/100\n|-activate|p1a: Glimmora|ability: Toxic Debris\n|-sidestart|p2: daniiivgc|move: Toxic Spikes\n|\n|upkeep\n|turn|2\n|\n|t:|1730992843\n|switch|p1b: Hippowdon|Hippowdon, L50, M|100\/100\n|-weather|Sandstorm|[from] ability: Sand Stream|[of] p1b: Hippowdon\n|move|p2a: Maushold|Follow Me|p2a: Maushold\n|-singleturn|p2a: Maushold|move: Follow Me\n|move|p1a: Glimmora|Sludge Bomb|p2a: Maushold\n|-damage|p2a: Maushold|44\/100\n|move|p2b: Kingambit|Kowtow Cleave|p1a: Glimmora\n|-damage|p1a: Glimmora|0 fnt\n|-activate|p1a: Glimmora|ability: Toxic Debris\n|-sidestart|p2: daniiivgc|move: Toxic Spikes\n|faint|p1a: Glimmora\n|\n|-weather|Sandstorm|[upkeep]\n|-damage|p2a: Maushold|38\/100|[from] Sandstorm\n|upkeep\n|\n|t:|1730992853\n|switch|p1a: Lumineon|Lumineon, L50, F|100\/100\n|turn|3\n|\n|t:|1730992862\n|move|p1a: Lumineon|Protect|p1a: Lumineon\n|-singleturn|p1a: Lumineon|Protect\n|move|p2a: Maushold|Follow Me|p2a: Maushold\n|-singleturn|p2a: Maushold|move: Follow Me\n|move|p2b: Kingambit|Kowtow Cleave|p1a: Lumineon\n|-activate|p1a: Lumineon|move: Protect\n|move|p1b: Hippowdon|Sand Tomb|p2a: Maushold\n|-damage|p2a: Maushold|18\/100\n|-activate|p2a: Maushold|move: Sand Tomb|[of] p1b: Hippowdon\n|\n|-weather|Sandstorm|[upkeep]\n|-damage|p2a: Maushold|13\/100|[from] Sandstorm\n|-damage|p2a: Maushold|0 fnt|[from] move: Sand Tomb|[partiallytrapped]\n|faint|p2a: Maushold\n|upkeep\n|\n|t:|1730992867\n|switch|p2a: Amoonguss|Amoonguss, L50, M|100\/100\n|-sideend|p2: daniiivgc|move: Toxic Spikes|[of] p2a: Amoonguss\n|turn|4\n|j| sir topham hat\n|inactive|extra.blended has 30 seconds left.\n|inactive|extra.blended has 20 seconds left.\n|\n|t:|1730992902\n|switch|p1b: Gholdengo|Gholdengo, L50|100\/100\n|move|p2b: Kingambit|Kowtow Cleave|p1b: Gholdengo\n|-supereffective|p1b: Gholdengo\n|-damage|p1b: Gholdengo|0 fnt\n|faint|p1b: Gholdengo\n|move|p1a: Lumineon|Whirlpool|p2b: Kingambit\n|-crit|p2b: Kingambit\n|-damage|p2b: Kingambit|87\/100\n|-activate|p2b: Kingambit|move: Whirlpool|[of] p1a: Lumineon\n|move|p2a: Amoonguss|Spore|p1a: Lumineon\n|-activate|p1a: Lumineon|item: Safety Goggles|Spore\n|\n|-weather|Sandstorm|[upkeep]\n|-damage|p2a: Amoonguss|95\/100|[from] Sandstorm\n|-damage|p2b: Kingambit|74\/100|[from] move: Whirlpool|[partiallytrapped]\n|upkeep\n|\n|t:|1730992910\n|switch|p1b: Hippowdon|Hippowdon, L50, M|100\/100\n|turn|5\n|j| MikeFlem12326171\n|\n|t:|1730992921\n|move|p2b: Kingambit|Kowtow Cleave|p1a: Lumineon\n|-damage|p1a: Lumineon|50\/100\n|move|p1a: Lumineon|Encore|p2a: Amoonguss\n|-start|p2a: Amoonguss|Encore\n|move|p1b: Hippowdon|Sand Tomb|p2b: Kingambit\n|-supereffective|p2b: Kingambit\n|-damage|p2b: Kingambit|52\/100\n|move|p2a: Amoonguss|Spore|p1b: Hippowdon\n|-status|p1b: Hippowdon|slp|[from] move: Spore\n|\n|-weather|Sandstorm|[upkeep]\n|-damage|p2a: Amoonguss|89\/100|[from] Sandstorm\n|-damage|p2b: Kingambit|40\/100|[from] move: Whirlpool|[partiallytrapped]\n|upkeep\n|turn|6\n|j| mpudi\n|-message|extra.blended forfeited.\n|\n|win|daniiivgc\n|raw|extra.blended's rating: 1763 &rarr; <strong>1737<\/strong><br \/>(-26 for losing)\n|raw|daniiivgc's rating: 1658 &rarr; <strong>1684<\/strong><br \/>(+26 for winning)\n|l|\u2606extra.blended\n|player|p1|\n|l|\u203ddaniiivgc\n|player|p2|\n|l| sir topham hat\n|l| MikeFlem12326171\n","uploadtime":1730993109,"views":30,"formatid":"gen9vgc2024regh","rating":1684,"private":0,"password":null}