{"id":"gen9vgc2024regh-2239520117","format":"[Gen 9] VGC 2024 Reg H","players":["Big0-XthaPlug","stoutland2"],"log":"|j|\u2606Big0-XthaPlug\n|j|\u2606stoutland2\n|t:|1731017203\n|gametype|doubles\n|player|p1|Big0-XthaPlug|2|1693\n|player|p2|stoutland2|1|1684\n|teamsize|p1|6\n|teamsize|p2|6\n|gen|9\n|tier|[Gen 9] VGC 2024 Reg H\n|rated|\n|rule|Species Clause: Limit one of each Pok\u00e9mon\n|rule|Item Clause: Limit 1 of each item\n|clearpoke\n|poke|p1|Porygon2, L50|\n|poke|p1|Incineroar, L50, F|\n|poke|p1|Ursaluna, L50, F|\n|poke|p1|Whimsicott, L50, F|\n|poke|p1|Charizard, L50, F|\n|poke|p1|Torkoal, L50, M|\n|poke|p2|Vivillon, L50, M|\n|poke|p2|Gliscor, L50, F|\n|poke|p2|Kingambit, L50, F|\n|poke|p2|Ninetales-Alola, L50, M|\n|poke|p2|Incineroar, L50, F|\n|poke|p2|Archaludon, L50, M|\n|teampreview|4\n|inactive|Battle timer is ON: inactive players will automatically lose when time's up. (requested by Big0-XthaPlug)\n|inactive|stoutland2 has 60 seconds left.\n|\n|t:|1731017244\n|start\n|switch|p1a: Whimsicott|Whimsicott, L50, F|100\/100\n|switch|p1b: Charizard|Charizard, L50, F|100\/100\n|switch|p2a: Incineroar|Incineroar, L50, F|100\/100\n|switch|p2b: Archaludon|Archaludon, L50, M|100\/100\n|-ability|p2a: Incineroar|Intimidate|boost\n|-unboost|p1a: Whimsicott|atk|1\n|-unboost|p1b: Charizard|atk|1\n|turn|1\n|\n|t:|1731017262\n|move|p2a: Incineroar|Fake Out|p1b: Charizard\n|-damage|p1b: Charizard|84\/100\n|move|p1a: Whimsicott|Tailwind|p1a: Whimsicott\n|-sidestart|p1: Big0-XthaPlug|move: Tailwind\n|cant|p1b: Charizard|flinch\n|move|p2b: Archaludon|Electro Shot||[still]\n|-prepare|p2b: Archaludon|Electro Shot\n|-boost|p2b: Archaludon|spa|1\n|-enditem|p2b: Archaludon|Power Herb\n|-anim|p2b: Archaludon|Electro Shot|p1b: Charizard\n|-supereffective|p1b: Charizard\n|-damage|p1b: Charizard|0 fnt\n|faint|p1b: Charizard\n|\n|upkeep\n|\n|t:|1731017265\n|switch|p1b: Ursaluna|Ursaluna, L50, F|100\/100\n|turn|2\n|\n|t:|1731017294\n|switch|p2a: Gliscor|Gliscor, L50, F|100\/100\n|-terastallize|p1b: Ursaluna|Ghost\n|move|p1a: Whimsicott|Moonblast|p2a: Gliscor\n|-damage|p2a: Gliscor|47\/100\n|-unboost|p2a: Gliscor|spa|1\n|move|p1b: Ursaluna|Earthquake|p2a: Gliscor|[spread] p1a,p2b\n|-immune|p2a: Gliscor\n|-resisted|p1a: Whimsicott\n|-supereffective|p2b: Archaludon\n|-damage|p1a: Whimsicott|67\/100\n|-damage|p2b: Archaludon|30\/100\n|move|p2b: Archaludon|Dragon Pulse|p1b: Ursaluna\n|-damage|p1b: Ursaluna|35\/100\n|\n|-status|p1b: Ursaluna|brn|[from] item: Flame Orb\n|upkeep\n|turn|3\n|j| Fishyyism\n|inactive|stoutland2 has 30 seconds left.\n|\n|t:|1731017329\n|move|p2b: Archaludon|Protect|p2b: Archaludon\n|-singleturn|p2b: Archaludon|Protect\n|move|p1a: Whimsicott|Moonblast|p2b: Archaludon\n|-activate|p2b: Archaludon|move: Protect\n|move|p1b: Ursaluna|Facade|p2a: Gliscor\n|-damage|p2a: Gliscor|0 fnt\n|faint|p2a: Gliscor\n|\n|-damage|p1b: Ursaluna|30\/100 brn|[from] brn\n|upkeep\n|\n|t:|1731017338\n|switch|p2a: Kingambit|Kingambit, L50, F|100\/100\n|turn|4\n|\n|t:|1731017361\n|switch|p2b: Incineroar|Incineroar, L50, F|100\/100\n|-ability|p2b: Incineroar|Intimidate|boost\n|-unboost|p1a: Whimsicott|atk|1\n|-unboost|p1b: Ursaluna|atk|1\n|move|p1b: Ursaluna|Protect|p1b: Ursaluna\n|-singleturn|p1b: Ursaluna|Protect\n|move|p2a: Kingambit|Sucker Punch||[still]\n|-fail|p2a: Kingambit\n|move|p1a: Whimsicott|Moonblast|p2b: Incineroar\n|-damage|p2b: Incineroar|69\/100\n|\n|-damage|p1b: Ursaluna|24\/100 brn|[from] brn\n|-sideend|p1: Big0-XthaPlug|move: Tailwind\n|upkeep\n|turn|5\n|\n|t:|1731017380\n|switch|p1a: Porygon2|Porygon2, L50|100\/100\n|-ability|p1a: Porygon2|Download|boost\n|-boost|p1a: Porygon2|spa|1\n|move|p1b: Ursaluna|Protect||[still]\n|-fail|p1b: Ursaluna\n|move|p2a: Kingambit|Sucker Punch||[still]\n|-fail|p2a: Kingambit\n|move|p2b: Incineroar|Flare Blitz|p1a: Porygon2\n|-damage|p1a: Porygon2|64\/100\n|-damage|p2b: Incineroar|57\/100|[from] Recoil\n|\n|-damage|p1b: Ursaluna|18\/100 brn|[from] brn\n|upkeep\n|turn|6\n|\n|t:|1731017403\n|-terastallize|p2a: Kingambit|Flying\n|move|p1b: Ursaluna|Earthquake|p2a: Kingambit|[spread] p1a,p2b\n|-immune|p2a: Kingambit\n|-supereffective|p2b: Incineroar\n|-damage|p1a: Porygon2|37\/100\n|-damage|p2b: Incineroar|0 fnt\n|faint|p2b: Incineroar\n|move|p1a: Porygon2|Tera Blast|p2a: Kingambit\n|-damage|p2a: Kingambit|61\/100\n|move|p2a: Kingambit|Assurance|p1a: Porygon2\n|-damage|p1a: Porygon2|0 fnt\n|faint|p1a: Porygon2\n|\n|-damage|p1b: Ursaluna|12\/100 brn|[from] brn\n|upkeep\n|l| Fishyyism\n|\n|t:|1731017416\n|switch|p2b: Archaludon|Archaludon, L50, M|30\/100\n|switch|p1a: Whimsicott|Whimsicott, L50, F|67\/100\n|turn|7\n|inactive|Big0-XthaPlug has 30 seconds left.\n|inactive|Big0-XthaPlug has 20 seconds left.\n|inactive|Big0-XthaPlug has 15 seconds left.\n|\n|t:|1731017458\n|move|p1a: Whimsicott|Encore|p2a: Kingambit\n|-start|p2a: Kingambit|Encore\n|move|p2a: Kingambit|Assurance|p1a: Whimsicott\n|-resisted|p1a: Whimsicott\n|-damage|p1a: Whimsicott|43\/100\n|move|p2b: Archaludon|Thunderbolt|p1b: Ursaluna\n|-damage|p1b: Ursaluna|0 fnt\n|faint|p1b: Ursaluna\n|\n|upkeep\n|turn|8\n|inactive|stoutland2 has 30 seconds left.\n|\n|t:|1731017485\n|move|p1a: Whimsicott|Moonblast|p2b: Archaludon\n|-damage|p2b: Archaludon|0 fnt\n|faint|p2b: Archaludon\n|move|p2a: Kingambit|Assurance|p1a: Whimsicott\n|-resisted|p1a: Whimsicott\n|-damage|p1a: Whimsicott|16\/100\n|\n|upkeep\n|turn|9\n|\n|t:|1731017491\n|move|p1a: Whimsicott|Moonblast|p2a: Kingambit\n|-damage|p2a: Kingambit|36\/100\n|-unboost|p2a: Kingambit|spa|1\n|-ability|p2a: Kingambit|Defiant|boost\n|-boost|p2a: Kingambit|atk|2\n|move|p2a: Kingambit|Assurance|p1a: Whimsicott\n|-resisted|p1a: Whimsicott\n|-damage|p1a: Whimsicott|0 fnt\n|faint|p1a: Whimsicott\n|\n|win|stoutland2\n|raw|Big0-XthaPlug's rating: 1693 &rarr; <strong>1672<\/strong><br \/>(-21 for losing)\n|raw|stoutland2's rating: 1684 &rarr; <strong>1705<\/strong><br \/>(+21 for winning)\n|l|\u2606Big0-XthaPlug\n|player|p1|\n|l|\u2606stoutland2\n|player|p2|\n","uploadtime":1731017636,"views":30,"formatid":"gen9vgc2024regh","rating":1672,"private":0,"password":null}