{"id":"gen9vgc2024regh-2239746032","format":"[Gen 9] VGC 2024 Reg H","players":["Grade a type b","badpiplupvgc"],"log":"|j|\u2606Grade a type b\n|j|\u2606badpiplupvgc\n|t:|1731048650\n|gametype|doubles\n|player|p1|Grade a type b|266|1753\n|player|p2|badpiplupvgc|102|1712\n|teamsize|p1|6\n|teamsize|p2|6\n|gen|9\n|tier|[Gen 9] VGC 2024 Reg H\n|rated|\n|rule|Species Clause: Limit one of each Pok\u00e9mon\n|rule|Item Clause: Limit 1 of each item\n|clearpoke\n|poke|p1|Tyranitar, L50, F|\n|poke|p1|Dragonite, L50, M|\n|poke|p1|Gholdengo, L50|\n|poke|p1|Primarina, L50, M|\n|poke|p1|Whimsicott, L50, M|\n|poke|p1|Ursaluna-Bloodmoon, L50, M|\n|poke|p2|Tyranitar, L50, F|\n|poke|p2|Excadrill, L50, M|\n|poke|p2|Indeedee-F, L50, F|\n|poke|p2|Armarouge, L50, F|\n|poke|p2|Sneasler, L50, F|\n|poke|p2|Milotic, L50, M|\n|teampreview|4\n|j| judang\n|\n|t:|1731048684\n|start\n|switch|p1a: Whimsicott|Whimsicott, L50, M|100\/100\n|switch|p1b: Primarina|Primarina, L50, M|100\/100\n|switch|p2a: Excadrill|Excadrill, L50, M, shiny|100\/100\n|switch|p2b: Tyranitar|Tyranitar, L50, F, shiny|100\/100\n|-weather|Sandstorm|[from] ability: Sand Stream|[of] p2b: Tyranitar\n|turn|1\n|l|judang\n|\n|t:|1731048708\n|-terastallize|p2b: Tyranitar|Flying\n|move|p1a: Whimsicott|Tailwind|p1a: Whimsicott\n|-sidestart|p1: Grade a type b|move: Tailwind\n|move|p2a: Excadrill|Earthquake|p1b: Primarina|[spread] p1a,p1b\n|-immune|p2b: Tyranitar\n|-resisted|p1a: Whimsicott\n|-damage|p1a: Whimsicott|75\/100\n|-damage|p1b: Primarina|36\/100\n|move|p1b: Primarina|Hyper Voice|p2b: Tyranitar|[spread] p2a,p2b\n|-supereffective|p2a: Excadrill\n|-enditem|p2a: Excadrill|Focus Sash\n|-damage|p2a: Excadrill|1\/100\n|-damage|p2b: Tyranitar|82\/100\n|-enditem|p1b: Primarina|Throat Spray\n|-boost|p1b: Primarina|spa|1|[from] item: Throat Spray\n|move|p2b: Tyranitar|Rock Slide|p1a: Whimsicott|[spread] p1a,p1b\n|-damage|p1a: Whimsicott|34\/100\n|-damage|p1b: Primarina|0 fnt\n|faint|p1b: Primarina\n|\n|-weather|Sandstorm|[upkeep]\n|-damage|p1a: Whimsicott|28\/100|[from] Sandstorm\n|-damage|p2b: Tyranitar|76\/100|[from] Sandstorm\n|upkeep\n|\n|t:|1731048718\n|switch|p1b: Dragonite|Dragonite, L50, M|100\/100\n|turn|2\n|\n|t:|1731048732\n|switch|p2a: Indeedee|Indeedee-F, L50, F|100\/100\n|-fieldstart|move: Psychic Terrain|[from] ability: Psychic Surge|[of] p2a: Indeedee\n|-terastallize|p1b: Dragonite|Normal\n|move|p1b: Dragonite|Extreme Speed|p2a: Indeedee\n|-activate|p2a: Indeedee|move: Psychic Terrain\n|move|p1a: Whimsicott|Encore|p2b: Tyranitar\n|-start|p2b: Tyranitar|Encore\n|move|p2b: Tyranitar|Rock Slide|p1b: Dragonite|[spread] p1a,p1b\n|-damage|p1a: Whimsicott|0 fnt\n|-damage|p1b: Dragonite|85\/100\n|faint|p1a: Whimsicott\n|\n|-weather|Sandstorm|[upkeep]\n|-damage|p1b: Dragonite|79\/100|[from] Sandstorm\n|-damage|p2b: Tyranitar|70\/100|[from] Sandstorm\n|upkeep\n|\n|t:|1731048734\n|switch|p1a: Tyranitar|Tyranitar, L50, F|100\/100\n|turn|3\n|\n|t:|1731048759\n|switch|p2b: Sneasler|Sneasler, L50, F|100\/100\n|-enditem|p2b: Sneasler|Psychic Seed\n|-boost|p2b: Sneasler|spd|1|[from] item: Psychic Seed\n|move|p1b: Dragonite|Ice Spinner|p2a: Indeedee\n|-damage|p2a: Indeedee|73\/100\n|-fieldend|move: Psychic Terrain\n|move|p1a: Tyranitar|Knock Off|p2a: Indeedee\n|-supereffective|p2a: Indeedee\n|-damage|p2a: Indeedee|0 fnt\n|-enditem|p2a: Indeedee|Safety Goggles|[from] move: Knock Off|[of] p1a: Tyranitar\n|faint|p2a: Indeedee\n|\n|-weather|Sandstorm|[upkeep]\n|-damage|p2b: Sneasler|95\/100|[from] Sandstorm\n|-damage|p1b: Dragonite|73\/100|[from] Sandstorm\n|upkeep\n|\n|t:|1731048775\n|switch|p2a: Excadrill|Excadrill, L50, M, shiny|1\/100\n|turn|4\n|\n|t:|1731048782\n|move|p2b: Sneasler|Protect|p2b: Sneasler\n|-singleturn|p2b: Sneasler|Protect\n|move|p2a: Excadrill|Protect|p2a: Excadrill\n|-singleturn|p2a: Excadrill|Protect\n|move|p1b: Dragonite|Extreme Speed|p2b: Sneasler\n|-activate|p2b: Sneasler|move: Protect\n|move|p1a: Tyranitar|Knock Off|p2a: Excadrill\n|-activate|p2a: Excadrill|move: Protect\n|\n|-weather|Sandstorm|[upkeep]\n|-damage|p2b: Sneasler|89\/100|[from] Sandstorm\n|-damage|p1b: Dragonite|67\/100|[from] Sandstorm\n|-sideend|p1: Grade a type b|move: Tailwind\n|upkeep\n|turn|5\n|\n|t:|1731048802\n|move|p1b: Dragonite|Extreme Speed|p2b: Sneasler\n|-damage|p2b: Sneasler|23\/100\n|move|p2b: Sneasler|Close Combat|p1b: Dragonite\n|-supereffective|p1b: Dragonite\n|-damage|p1b: Dragonite|0 fnt\n|-unboost|p2b: Sneasler|def|1\n|-unboost|p2b: Sneasler|spd|1\n|faint|p1b: Dragonite\n|move|p2a: Excadrill|Iron Head|p1a: Tyranitar\n|-supereffective|p1a: Tyranitar\n|-damage|p1a: Tyranitar|30\/100\n|move|p1a: Tyranitar|Knock Off|p2a: Excadrill\n|-damage|p2a: Excadrill|0 fnt\n|faint|p2a: Excadrill\n|\n|-weather|none\n|upkeep\n|-message|Grade a type b forfeited.\n|\n|win|badpiplupvgc\n|raw|Grade a type b's rating: 1753 &rarr; <strong>1731<\/strong><br \/>(-22 for losing)\n|raw|badpiplupvgc's rating: 1712 &rarr; <strong>1734<\/strong><br \/>(+22 for winning)\n|l|\u2606Grade a type b\n|player|p1|\n|l|\u2606badpiplupvgc\n|player|p2|\n","uploadtime":1731049071,"views":41,"formatid":"gen9vgc2024regh","rating":1731,"private":0,"password":null}