{"id":"gen9vgc2024regh-2239339319","format":"[Gen 9] VGC 2024 Reg H","players":["ryanplaytv","Emirnent"],"log":"|j|\u2606ryanplaytv\n|j|\u2606Emirnent\n|t:|1730999207\n|gametype|doubles\n|player|p1|ryanplaytv|hiker-gen4|1636\n|player|p2|Emirnent|169|1794\n|teamsize|p1|6\n|teamsize|p2|6\n|gen|9\n|tier|[Gen 9] VGC 2024 Reg H\n|rated|\n|rule|Species Clause: Limit one of each Pok\u00e9mon\n|rule|Item Clause: Limit 1 of each item\n|clearpoke\n|poke|p1|Dragonite, L50, M|\n|poke|p1|Primarina, L50, F|\n|poke|p1|Rillaboom, L50, M|\n|poke|p1|Tauros-Paldea-Blaze, L50, M|\n|poke|p1|Electabuzz, L50, M|\n|poke|p1|Kingambit, L50, M|\n|poke|p2|Archaludon, L50, F|\n|poke|p2|Gholdengo, L50|\n|poke|p2|Pelipper, L50, M|\n|poke|p2|Ursaluna, L50, M|\n|poke|p2|Dragonite, L50, F|\n|poke|p2|Sinistcha, L50|\n|teampreview|4\n|inactive|Battle timer is ON: inactive players will automatically lose when time's up. (requested by Emirnent)\n|j| Therazer456\n|inactive|Emirnent has 60 seconds left.\n|inactive|ryanplaytv has 60 seconds left.\n|inactive|Emirnent has 30 seconds left.\n|inactive|Emirnent has 20 seconds left.\n|inactive|Emirnent has 15 seconds left.\n|\n|t:|1730999291\n|start\n|switch|p1a: Dragonite|Dragonite, L50, M|100\/100\n|switch|p1b: Primarina|Primarina, L50, F, shiny|100\/100\n|switch|p2a: Gholdengo|Gholdengo, L50|100\/100\n|switch|p2b: Archaludon|Archaludon, L50, F|100\/100\n|turn|1\n|\n|t:|1730999316\n|move|p1b: Primarina|Protect|p1b: Primarina\n|-singleturn|p1b: Primarina|Protect\n|move|p2a: Gholdengo|Trick|p1a: Dragonite\n|-activate|p2a: Gholdengo|move: Trick|[of] p1a: Dragonite\n|-item|p1a: Dragonite|Choice Scarf|[from] move: Trick\n|-item|p2a: Gholdengo|Loaded Dice|[from] move: Trick\n|move|p1a: Dragonite|Tailwind|p1a: Dragonite\n|-sidestart|p1: ryanplaytv|move: Tailwind\n|move|p2b: Archaludon|Snarl|p1a: Dragonite|[spread] \n|-activate|p1b: Primarina|move: Protect\n|-miss|p2b: Archaludon|p1a: Dragonite\n|\n|upkeep\n|turn|2\n|inactive|Emirnent has 30 seconds left.\n|\n|t:|1730999350\n|switch|p1a: Kingambit|Kingambit, L50, M|100\/100\n|move|p1b: Primarina|Moonblast|p2b: Archaludon\n|-damage|p2b: Archaludon|55\/100\n|-ability|p2b: Archaludon|Stamina|boost\n|-boost|p2b: Archaludon|def|1\n|-damage|p1b: Primarina|91\/100|[from] item: Life Orb\n|move|p2a: Gholdengo|Make It Rain|p1b: Primarina|[spread] p1a,p1b\n|-resisted|p1a: Kingambit\n|-damage|p1a: Kingambit|74\/100\n|-damage|p1b: Primarina|44\/100\n|-unboost|p2a: Gholdengo|spa|1\n|move|p2b: Archaludon|Electro Shot||[still]\n|-prepare|p2b: Archaludon|Electro Shot\n|-boost|p2b: Archaludon|spa|1\n|\n|upkeep\n|turn|3\n|inactive|ryanplaytv has 30 seconds left.\n|inactive|ryanplaytv has 20 seconds left.\n|inactive|ryanplaytv has 15 seconds left.\n|\n|t:|1730999390\n|switch|p2a: Dragonite|Dragonite, L50, F|100\/100\n|move|p1a: Kingambit|Sucker Punch|p2b: Archaludon\n|-damage|p2b: Archaludon|36\/100\n|-ability|p2b: Archaludon|Stamina|boost\n|-boost|p2b: Archaludon|def|1\n|move|p1b: Primarina|Hyper Voice|p2a: Dragonite|[spread] p2a,p2b\n|-resisted|p2a: Dragonite\n|-resisted|p2b: Archaludon\n|-damage|p2a: Dragonite|91\/100\n|-damage|p2b: Archaludon|19\/100\n|-ability|p2b: Archaludon|Stamina|boost\n|-boost|p2b: Archaludon|def|1\n|-damage|p1b: Primarina|35\/100|[from] item: Life Orb\n|move|p2b: Archaludon|Electro Shot|p1b: Primarina|[from]lockedmove\n|-supereffective|p1b: Primarina\n|-damage|p1b: Primarina|0 fnt\n|faint|p1b: Primarina\n|\n|upkeep\n|\n|t:|1730999409\n|switch|p1b: Dragonite|Dragonite, L50, M|100\/100\n|turn|4\n|inactive|ryanplaytv has 30 seconds left.\n|\n|t:|1730999436\n|-terastallize|p1a: Kingambit|Dark\n|-terastallize|p2a: Dragonite|Fairy\n|move|p1b: Dragonite|Protect|p1b: Dragonite\n|-singleturn|p1b: Dragonite|Protect\n|move|p1a: Kingambit|Kowtow Cleave|p2b: Archaludon\n|-damage|p2b: Archaludon|0 fnt\n|faint|p2b: Archaludon\n|move|p2a: Dragonite|Scale Shot|p1b: Dragonite\n|-activate|p1b: Dragonite|move: Protect\n|\n|-sideend|p1: ryanplaytv|move: Tailwind\n|upkeep\n|\n|t:|1730999454\n|switch|p2b: Pelipper|Pelipper, L50, M|100\/100\n|-weather|RainDance|[from] ability: Drizzle|[of] p2b: Pelipper\n|turn|5\n|\n|t:|1730999475\n|switch|p1b: Tauros|Tauros-Paldea-Blaze, L50, M|100\/100\n|-ability|p1b: Tauros|Intimidate|boost\n|-unboost|p2a: Dragonite|atk|1\n|-unboost|p2b: Pelipper|atk|1\n|move|p2a: Dragonite|Scale Shot|p1b: Tauros\n|-damage|p1b: Tauros|90\/100\n|-damage|p1b: Tauros|79\/100\n|-damage|p1b: Tauros|69\/100\n|-damage|p1b: Tauros|59\/100\n|-damage|p1b: Tauros|48\/100\n|-hitcount|p1b: Tauros|5\n|-unboost|p2a: Dragonite|def|1\n|-boost|p2a: Dragonite|spe|1\n|-enditem|p1b: Tauros|Mirror Herb\n|-boost|p1b: Tauros|spe|1|[from] item: Mirror Herb\n|move|p2b: Pelipper|Hurricane|p1b: Tauros\n|-supereffective|p1b: Tauros\n|-damage|p1b: Tauros|0 fnt\n|faint|p1b: Tauros\n|move|p1a: Kingambit|Iron Head|p2a: Dragonite\n|-supereffective|p2a: Dragonite\n|-damage|p2a: Dragonite|0 fnt\n|faint|p2a: Dragonite\n|\n|-weather|RainDance|[upkeep]\n|upkeep\n|\n|t:|1730999492\n|switch|p1b: Dragonite|Dragonite, L50, M|100\/100\n|switch|p2a: Gholdengo|Gholdengo, L50|100\/100\n|turn|6\n|inactive|Emirnent has 30 seconds left.\n|inactive|Emirnent has 20 seconds left.\n|inactive|Emirnent has 15 seconds left.\n|\n|t:|1730999533\n|move|p2a: Gholdengo|Protect|p2a: Gholdengo\n|-singleturn|p2a: Gholdengo|Protect\n|move|p1a: Kingambit|Protect|p1a: Kingambit\n|-singleturn|p1a: Kingambit|Protect\n|move|p1b: Dragonite|Scale Shot|p2b: Pelipper\n|-damage|p2b: Pelipper|84\/100\n|-damage|p2b: Pelipper|67\/100\n|-hitcount|p2b: Pelipper|2\n|-unboost|p1b: Dragonite|def|1\n|-boost|p1b: Dragonite|spe|1\n|move|p2b: Pelipper|Muddy Water|p1a: Kingambit|[spread] p1b\n|-activate|p1a: Kingambit|move: Protect\n|-resisted|p1b: Dragonite\n|-damage|p1b: Dragonite|89\/100\n|\n|-weather|RainDance|[upkeep]\n|upkeep\n|turn|7\n|inactive|ryanplaytv has 30 seconds left.\n|inactive|ryanplaytv has 20 seconds left.\n|\n|t:|1730999570\n|move|p1a: Kingambit|Sucker Punch|p2b: Pelipper\n|-damage|p2b: Pelipper|0 fnt\n|faint|p2b: Pelipper\n|move|p1b: Dragonite|Scale Shot|p2a: Gholdengo\n|-resisted|p2a: Gholdengo\n|-damage|p2a: Gholdengo|92\/100\n|-resisted|p2a: Gholdengo\n|-damage|p2a: Gholdengo|83\/100\n|-hitcount|p2a: Gholdengo|2\n|-unboost|p1b: Dragonite|def|1\n|-boost|p1b: Dragonite|spe|1\n|move|p2a: Gholdengo|Make It Rain|p1a: Kingambit|[spread] p1a,p1b\n|-damage|p1a: Kingambit|23\/100\n|-damage|p1b: Dragonite|37\/100\n|-unboost|p2a: Gholdengo|spa|1\n|\n|-weather|RainDance|[upkeep]\n|upkeep\n|turn|8\n|\n|t:|1730999580\n|move|p2a: Gholdengo|Protect|p2a: Gholdengo\n|-singleturn|p2a: Gholdengo|Protect\n|move|p1a: Kingambit|Sucker Punch||[still]\n|-fail|p1a: Kingambit\n|move|p1b: Dragonite|Scale Shot|p2a: Gholdengo\n|-activate|p2a: Gholdengo|move: Protect\n|\n|-weather|RainDance|[upkeep]\n|upkeep\n|turn|9\n|\n|t:|1730999587\n|move|p1a: Kingambit|Sucker Punch||[still]\n|-fail|p1a: Kingambit\n|move|p1b: Dragonite|Scale Shot|p2a: Gholdengo\n|-resisted|p2a: Gholdengo\n|-crit|p2a: Gholdengo\n|-damage|p2a: Gholdengo|70\/100\n|-resisted|p2a: Gholdengo\n|-damage|p2a: Gholdengo|61\/100\n|-hitcount|p2a: Gholdengo|2\n|-unboost|p1b: Dragonite|def|1\n|-boost|p1b: Dragonite|spe|1\n|move|p2a: Gholdengo|Trick|p1a: Kingambit\n|-activate|p2a: Gholdengo|move: Trick|[of] p1a: Kingambit\n|-item|p1a: Kingambit|Loaded Dice|[from] move: Trick\n|-item|p2a: Gholdengo|Black Glasses|[from] move: Trick\n|\n|-weather|none\n|upkeep\n|turn|10\n|\n|t:|1730999598\n|move|p2a: Gholdengo|Protect|p2a: Gholdengo\n|-singleturn|p2a: Gholdengo|Protect\n|move|p1a: Kingambit|Sucker Punch||[still]\n|-fail|p1a: Kingambit\n|move|p1b: Dragonite|Scale Shot|p2a: Gholdengo\n|-activate|p2a: Gholdengo|move: Protect\n|\n|upkeep\n|turn|11\n|\n|t:|1730999603\n|move|p2a: Gholdengo|Protect||[still]\n|-fail|p2a: Gholdengo\n|move|p1a: Kingambit|Sucker Punch||[still]\n|-fail|p1a: Kingambit\n|move|p1b: Dragonite|Scale Shot|p2a: Gholdengo\n|-resisted|p2a: Gholdengo\n|-damage|p2a: Gholdengo|54\/100\n|-resisted|p2a: Gholdengo\n|-damage|p2a: Gholdengo|46\/100\n|-resisted|p2a: Gholdengo\n|-damage|p2a: Gholdengo|38\/100\n|-hitcount|p2a: Gholdengo|3\n|-unboost|p1b: Dragonite|def|1\n|-boost|p1b: Dragonite|spe|1\n|\n|upkeep\n|turn|12\n|\n|t:|1730999608\n|move|p2a: Gholdengo|Protect|p2a: Gholdengo\n|-singleturn|p2a: Gholdengo|Protect\n|move|p1a: Kingambit|Sucker Punch||[still]\n|-fail|p1a: Kingambit\n|move|p1b: Dragonite|Scale Shot|p2a: Gholdengo\n|-activate|p2a: Gholdengo|move: Protect\n|\n|upkeep\n|turn|13\n|\n|t:|1730999622\n|move|p2a: Gholdengo|Protect||[still]\n|-fail|p2a: Gholdengo\n|move|p1a: Kingambit|Sucker Punch||[still]\n|-fail|p1a: Kingambit\n|move|p1b: Dragonite|Scale Shot|p2a: Gholdengo\n|-resisted|p2a: Gholdengo\n|-damage|p2a: Gholdengo|30\/100\n|-resisted|p2a: Gholdengo\n|-damage|p2a: Gholdengo|21\/100\n|-hitcount|p2a: Gholdengo|2\n|-unboost|p1b: Dragonite|def|1\n|-boost|p1b: Dragonite|spe|1\n|\n|upkeep\n|turn|14\n|\n|t:|1730999628\n|move|p1b: Dragonite|Scale Shot|p2a: Gholdengo\n|-resisted|p2a: Gholdengo\n|-damage|p2a: Gholdengo|13\/100\n|-resisted|p2a: Gholdengo\n|-damage|p2a: Gholdengo|5\/100\n|-resisted|p2a: Gholdengo\n|-damage|p2a: Gholdengo|0 fnt\n|faint|p2a: Gholdengo\n|-hitcount|p2: Gholdengo|3\n|\n|win|ryanplaytv\n|raw|ryanplaytv's rating: 1636 &rarr; <strong>1665<\/strong><br \/>(+29 for winning)\n|raw|Emirnent's rating: 1794 &rarr; <strong>1765<\/strong><br \/>(-29 for losing)\n|l|\u2606Emirnent\n|player|p2|\n|l|\u2606ryanplaytv\n|player|p1|\n|l| Therazer456\n","uploadtime":1730999789,"views":10,"formatid":"gen9vgc2024regh","rating":1665,"private":0,"password":null}