{"id":"gen9vgc2024regh-2239343817","format":"[Gen 9] VGC 2024 Reg H","players":["Emirnent","caZISA"],"log":"|j|\u2606Emirnent\n|j|\u2606caZISA\n|t:|1730999640\n|gametype|doubles\n|player|p1|Emirnent|169|1765\n|player|p2|caZISA|red|1778\n|teamsize|p1|6\n|teamsize|p2|6\n|gen|9\n|tier|[Gen 9] VGC 2024 Reg H\n|rated|\n|rule|Species Clause: Limit one of each Pok\u00e9mon\n|rule|Item Clause: Limit 1 of each item\n|clearpoke\n|poke|p1|Archaludon, L50, M|\n|poke|p1|Gholdengo, L50|\n|poke|p1|Pelipper, L50, F|\n|poke|p1|Ursaluna, L50, M|\n|poke|p1|Dragonite, L50, F|\n|poke|p1|Sinistcha, L50|\n|poke|p2|Amoonguss, L50, F|\n|poke|p2|Incineroar, L50, M|\n|poke|p2|Pelipper, L50, M|\n|poke|p2|Archaludon, L50, M|\n|poke|p2|Ursaluna, L50, F|\n|poke|p2|Gothitelle, L50, F|\n|teampreview|4\n|inactive|Battle timer is ON: inactive players will automatically lose when time's up. (requested by Emirnent)\n|j| Therazer456\n|inactive|Emirnent has 60 seconds left.\n|\n|t:|1730999676\n|start\n|switch|p1a: Archaludon|Archaludon, L50, M|100\/100\n|switch|p1b: Gholdengo|Gholdengo, L50|100\/100\n|switch|p2a: Golden Gate|Archaludon, L50, M|100\/100\n|switch|p2b: Tigre To\u00f1o|Incineroar, L50, M, shiny|100\/100\n|-ability|p2b: Tigre To\u00f1o|Intimidate|boost\n|-unboost|p1a: Archaludon|atk|1\n|-unboost|p1b: Gholdengo|atk|1\n|turn|1\n|\n|t:|1730999697\n|move|p1b: Gholdengo|Trick|p2a: Golden Gate\n|-activate|p1b: Gholdengo|move: Trick|[of] p2a: Golden Gate\n|-item|p2a: Golden Gate|Choice Scarf|[from] move: Trick\n|-item|p1b: Gholdengo|Assault Vest|[from] move: Trick\n|move|p2a: Golden Gate|Flash Cannon|p1b: Gholdengo\n|-resisted|p1b: Gholdengo\n|-damage|p1b: Gholdengo|85\/100\n|move|p1a: Archaludon|Body Press|p2b: Tigre To\u00f1o\n|-supereffective|p2b: Tigre To\u00f1o\n|-damage|p2b: Tigre To\u00f1o|56\/100\n|move|p2b: Tigre To\u00f1o|Knock Off|p1b: Gholdengo\n|-supereffective|p1b: Gholdengo\n|-damage|p1b: Gholdengo|0 fnt\n|-enditem|p1b: Gholdengo|Assault Vest|[from] move: Knock Off|[of] p2b: Tigre To\u00f1o\n|faint|p1b: Gholdengo\n|\n|upkeep\n|\n|t:|1730999707\n|switch|p1b: Pelipper|Pelipper, L50, F|100\/100\n|-weather|RainDance|[from] ability: Drizzle|[of] p1b: Pelipper\n|turn|2\n|\n|t:|1730999724\n|switch|p2a: Vanessa|Gothitelle, L50, F|100\/100\n|move|p1b: Pelipper|Hurricane|p2a: Vanessa\n|-damage|p2a: Vanessa|66\/100\n|move|p1a: Archaludon|Electro Shot||[still]\n|-prepare|p1a: Archaludon|Electro Shot\n|-boost|p1a: Archaludon|spa|1\n|-anim|p1a: Archaludon|Electro Shot|p2b: Tigre To\u00f1o\n|-damage|p2b: Tigre To\u00f1o|9\/100\n|move|p2b: Tigre To\u00f1o|Parting Shot|p1a: Archaludon\n|-unboost|p1a: Archaludon|atk|1\n|-unboost|p1a: Archaludon|spa|1\n|\n|t:|1730999738\n|switch|p2b: Freddy|Ursaluna, L50, F|100\/100|[from] Parting Shot\n|\n|-weather|RainDance|[upkeep]\n|-status|p2b: Freddy|brn|[from] item: Flame Orb\n|upkeep\n|turn|3\n|\n|t:|1730999761\n|switch|p2a: Golden Gate|Archaludon, L50, M|100\/100\n|-terastallize|p1a: Archaludon|Fighting\n|-terastallize|p2b: Freddy|Ghost\n|move|p1b: Pelipper|Hurricane|p2a: Golden Gate\n|-resisted|p2a: Golden Gate\n|-damage|p2a: Golden Gate|75\/100\n|-ability|p2a: Golden Gate|Stamina|boost\n|-boost|p2a: Golden Gate|def|1\n|move|p1a: Archaludon|Electro Shot||[still]\n|-prepare|p1a: Archaludon|Electro Shot\n|-boost|p1a: Archaludon|spa|1\n|-anim|p1a: Archaludon|Electro Shot|p2a: Golden Gate\n|-resisted|p2a: Golden Gate\n|-damage|p2a: Golden Gate|43\/100\n|-ability|p2a: Golden Gate|Stamina|boost\n|-boost|p2a: Golden Gate|def|1\n|move|p2b: Freddy|Headlong Rush|p1a: Archaludon\n|-damage|p1a: Archaludon|33\/100\n|-unboost|p2b: Freddy|def|1\n|-unboost|p2b: Freddy|spd|1\n|-ability|p1a: Archaludon|Stamina|boost\n|-boost|p1a: Archaludon|def|1\n|\n|-weather|RainDance|[upkeep]\n|-damage|p2b: Freddy|95\/100 brn|[from] brn\n|upkeep\n|turn|4\n|inactive|caZISA has 30 seconds left.\n|\n|t:|1730999787\n|switch|p1b: Sinistcha|Sinistcha, L50|100\/100\n|-heal|p1a: Archaludon|58\/100|[from] ability: Hospitality|[of] p1b: Sinistcha\n|move|p2a: Golden Gate|Electro Shot||[still]\n|-prepare|p2a: Golden Gate|Electro Shot\n|-boost|p2a: Golden Gate|spa|1\n|-anim|p2a: Golden Gate|Electro Shot|p1a: Archaludon\n|-damage|p1a: Archaludon|17\/100\n|-ability|p1a: Archaludon|Stamina|boost\n|-boost|p1a: Archaludon|def|1\n|move|p1a: Archaludon|Electro Shot||[still]\n|-prepare|p1a: Archaludon|Electro Shot\n|-boost|p1a: Archaludon|spa|1\n|-anim|p1a: Archaludon|Electro Shot|p2b: Freddy\n|-damage|p2b: Freddy|5\/100 brn\n|move|p2b: Freddy|Facade|p1a: Archaludon\n|-damage|p1a: Archaludon|0 fnt\n|faint|p1a: Archaludon\n|\n|-weather|RainDance|[upkeep]\n|-damage|p2b: Freddy|0 fnt|[from] brn\n|faint|p2b: Freddy\n|upkeep\n|\n|t:|1730999798\n|switch|p1a: Pelipper|Pelipper, L50, F|100\/100\n|switch|p2b: Vanessa|Gothitelle, L50, F|66\/100\n|turn|5\n|\n|t:|1730999817\n|move|p1a: Pelipper|Protect|p1a: Pelipper\n|-singleturn|p1a: Pelipper|Protect\n|move|p2a: Golden Gate|Electro Shot||[still]\n|-prepare|p2a: Golden Gate|Electro Shot\n|-boost|p2a: Golden Gate|spa|1\n|-anim|p2a: Golden Gate|Electro Shot|p1a: Pelipper\n|-activate|p1a: Pelipper|move: Protect\n|move|p1b: Sinistcha|Matcha Gotcha|p2a: Golden Gate|[spread] p2a\n|-miss|p1b: Sinistcha|p2b: Vanessa\n|-resisted|p2a: Golden Gate\n|-damage|p2a: Golden Gate|36\/100\n|-ability|p2a: Golden Gate|Stamina|boost\n|-boost|p2a: Golden Gate|def|1\n|move|p2b: Vanessa|Psychic|p1a: Pelipper\n|-activate|p1a: Pelipper|move: Protect\n|\n|-weather|RainDance|[upkeep]\n|upkeep\n|turn|6\n|\n|t:|1730999826\n|move|p1b: Sinistcha|Rage Powder|p1b: Sinistcha\n|-singleturn|p1b: Sinistcha|move: Rage Powder\n|move|p2a: Golden Gate|Electro Shot||[still]\n|-prepare|p2a: Golden Gate|Electro Shot\n|-boost|p2a: Golden Gate|spa|1\n|-anim|p2a: Golden Gate|Electro Shot|p1b: Sinistcha\n|-resisted|p1b: Sinistcha\n|-damage|p1b: Sinistcha|52\/100\n|move|p1a: Pelipper|Hurricane|p2a: Golden Gate\n|-resisted|p2a: Golden Gate\n|-damage|p2a: Golden Gate|10\/100\n|-ability|p2a: Golden Gate|Stamina|boost\n|-boost|p2a: Golden Gate|def|1\n|move|p2b: Vanessa|Psychic|p1b: Sinistcha\n|-damage|p1b: Sinistcha|25\/100\n|-enditem|p1b: Sinistcha|Sitrus Berry|[eat]\n|-heal|p1b: Sinistcha|49\/100|[from] item: Sitrus Berry\n|\n|-weather|none\n|upkeep\n|turn|7\n|\n|t:|1730999833\n|switch|p2a: Tigre To\u00f1o|Incineroar, L50, M, shiny|9\/100\n|-ability|p2a: Tigre To\u00f1o|Intimidate|boost\n|-unboost|p1a: Pelipper|atk|1\n|-unboost|p1b: Sinistcha|atk|1\n|move|p1b: Sinistcha|Rage Powder|p1b: Sinistcha\n|-singleturn|p1b: Sinistcha|move: Rage Powder\n|move|p1a: Pelipper|Muddy Water|p2a: Tigre To\u00f1o|[spread] p2a,p2b\n|-supereffective|p2a: Tigre To\u00f1o\n|-damage|p2a: Tigre To\u00f1o|0 fnt\n|-damage|p2b: Vanessa|42\/100\n|faint|p2a: Tigre To\u00f1o\n|move|p2b: Vanessa|Trick Room|p2b: Vanessa\n|-fieldstart|move: Trick Room|[of] p2b: Vanessa\n|\n|upkeep\n|\n|t:|1730999835\n|switch|p2a: Golden Gate|Archaludon, L50, M|10\/100\n|turn|8\n|\n|t:|1730999844\n|move|p2b: Vanessa|Psychic|p1a: Pelipper\n|-damage|p1a: Pelipper|54\/100\n|move|p1b: Sinistcha|Matcha Gotcha|p2a: Golden Gate|[spread] p2a,p2b\n|-resisted|p2a: Golden Gate\n|-damage|p2a: Golden Gate|4\/100\n|-heal|p1b: Sinistcha|53\/100|[from] drain|[of] p2a: Golden Gate\n|-damage|p2b: Vanessa|23\/100\n|-heal|p1b: Sinistcha|63\/100|[from] drain|[of] p2b: Vanessa\n|-ability|p2a: Golden Gate|Stamina|boost\n|-boost|p2a: Golden Gate|def|1\n|move|p1a: Pelipper|Muddy Water|p2b: Vanessa|[spread] p2a,p2b\n|-resisted|p2a: Golden Gate\n|-damage|p2a: Golden Gate|0 fnt\n|-damage|p2b: Vanessa|0 fnt\n|faint|p2a: Golden Gate\n|faint|p2b: Vanessa\n|\n|win|Emirnent\n|raw|Emirnent's rating: 1765 &rarr; <strong>1786<\/strong><br \/>(+21 for winning)\n|raw|caZISA's rating: 1778 &rarr; <strong>1757<\/strong><br \/>(-21 for losing)\n|l|\u2606caZISA\n|player|p2|\n|l|\u2606Emirnent\n|player|p1|\n","uploadtime":1731000069,"views":34,"formatid":"gen9vgc2024regh","rating":1757,"private":0,"password":null}