{"id":"gen9vgc2024regh-2239346032","format":"[Gen 9] VGC 2024 Reg H","players":["caZISA","Brave12223"],"log":"|j|\u2606caZISA\n|j|\u2606Brave12223\n|t:|1730999850\n|gametype|doubles\n|player|p1|caZISA|red|1757\n|player|p2|Brave12223|ingo|1778\n|teamsize|p1|6\n|teamsize|p2|6\n|gen|9\n|tier|[Gen 9] VGC 2024 Reg H\n|rated|\n|rule|Species Clause: Limit one of each Pok\u00e9mon\n|rule|Item Clause: Limit 1 of each item\n|clearpoke\n|poke|p1|Amoonguss, L50, M|\n|poke|p1|Incineroar, L50, F|\n|poke|p1|Pelipper, L50, F|\n|poke|p1|Archaludon, L50, F|\n|poke|p1|Ursaluna, L50, F|\n|poke|p1|Gothitelle, L50, M|\n|poke|p2|Baxcalibur, L50, M|\n|poke|p2|Ninetales-Alola, L50, F|\n|poke|p2|Rillaboom, L50, M|\n|poke|p2|Incineroar, L50, M|\n|poke|p2|Basculegion, L50, M|\n|poke|p2|Kingambit, L50, M|\n|teampreview|4\n|inactive|Battle timer is ON: inactive players will automatically lose when time's up. (requested by Brave12223)\n|j| greebbean\n|l| greebbean\n|inactive|caZISA has 60 seconds left.\n|j| ltesthg\n|\n|t:|1730999894\n|start\n|switch|p1a: Vanessa|Gothitelle, L50, M|100\/100\n|switch|p1b: Toad|Amoonguss, L50, M|100\/100\n|switch|p2a: Basculegion|Basculegion, L50, M|100\/100\n|switch|p2b: Incineroar|Incineroar, L50, M|100\/100\n|-ability|p2b: Incineroar|Intimidate|boost\n|-unboost|p1a: Vanessa|atk|1\n|-unboost|p1b: Toad|atk|1\n|turn|1\n|inactive|caZISA has 30 seconds left.\n|\n|t:|1730999923\n|move|p1a: Vanessa|Protect|p1a: Vanessa\n|-singleturn|p1a: Vanessa|Protect\n|move|p1b: Toad|Protect|p1b: Toad\n|-singleturn|p1b: Toad|Protect\n|move|p2a: Basculegion|Flip Turn|p1a: Vanessa\n|-activate|p1a: Vanessa|move: Protect\n|move|p2b: Incineroar|Taunt|p1b: Toad\n|-activate|p1b: Toad|move: Protect\n|\n|upkeep\n|turn|2\n|inactive|caZISA has 30 seconds left.\n|\n|t:|1730999950\n|move|p2a: Basculegion|Flip Turn|p1a: Vanessa\n|-damage|p1a: Vanessa|62\/100\n|\n|t:|1730999954\n|switch|p2a: Ninetales|Ninetales-Alola, L50, F|100\/100|[from] Flip Turn\n|-weather|Snow|[from] ability: Snow Warning|[of] p2a: Ninetales\n|move|p2b: Incineroar|Taunt|p1b: Toad\n|-start|p1b: Toad|move: Taunt\n|cant|p1b: Toad|move: Taunt|Spore\n|move|p1a: Vanessa|Trick Room|p1a: Vanessa\n|-fieldstart|move: Trick Room|[of] p1a: Vanessa\n|\n|-weather|Snow|[upkeep]\n|upkeep\n|turn|3\n|\n|t:|1730999968\n|switch|p1b: Nigel|Pelipper, L50, F|100\/100\n|-weather|RainDance|[from] ability: Drizzle|[of] p1b: Nigel\n|move|p1a: Vanessa|Protect|p1a: Vanessa\n|-singleturn|p1a: Vanessa|Protect\n|move|p2b: Incineroar|Parting Shot|p1a: Vanessa\n|-activate|p1a: Vanessa|move: Protect\n|move|p2a: Ninetales|Blizzard|p1b: Nigel|[spread] p1b\n|-activate|p1a: Vanessa|move: Protect\n|-damage|p1b: Nigel|25\/100\n|\n|-weather|RainDance|[upkeep]\n|upkeep\n|turn|4\n|\n|t:|1730999982\n|move|p1a: Vanessa|Psychic|p2a: Ninetales\n|-damage|p2a: Ninetales|64\/100\n|move|p2b: Incineroar|Knock Off|p1b: Nigel\n|-crit|p1b: Nigel\n|-damage|p1b: Nigel|0 fnt\n|-enditem|p1b: Nigel|Focus Sash|[from] move: Knock Off|[of] p2b: Incineroar\n|faint|p1b: Nigel\n|move|p2a: Ninetales|Blizzard|p1a: Vanessa\n|-damage|p1a: Vanessa|8\/100\n|\n|-weather|RainDance|[upkeep]\n|upkeep\n|\n|t:|1730999987\n|switch|p1b: Freddy|Ursaluna, L50, F|100\/100\n|turn|5\n|\n|t:|1730999997\n|switch|p1a: Toad|Amoonguss, L50, M|100\/100\n|move|p1b: Freddy|Protect|p1b: Freddy\n|-singleturn|p1b: Freddy|Protect\n|move|p2b: Incineroar|Knock Off|p1a: Toad\n|-damage|p1a: Toad|62\/100\n|-damage|p2b: Incineroar|84\/100|[from] item: Rocky Helmet|[of] p1a: Toad\n|-enditem|p1a: Toad|Rocky Helmet|[from] move: Knock Off|[of] p2b: Incineroar\n|move|p2a: Ninetales|Blizzard|p1a: Toad|[spread] p1a\n|-activate|p1b: Freddy|move: Protect\n|-supereffective|p1a: Toad\n|-damage|p1a: Toad|0 fnt\n|faint|p1a: Toad\n|\n|-weather|RainDance|[upkeep]\n|-status|p1b: Freddy|brn|[from] item: Flame Orb\n|upkeep\n|-message|caZISA forfeited.\n|\n|win|Brave12223\n|raw|caZISA's rating: 1757 &rarr; <strong>1738<\/strong><br \/>(-19 for losing)\n|raw|Brave12223's rating: 1778 &rarr; <strong>1797<\/strong><br \/>(+19 for winning)\n|l|\u2606caZISA\n|player|p1|\n|l|\u2606Brave12223\n|player|p2|\n|l| ltesthg\n","uploadtime":1731000208,"views":50,"formatid":"gen9vgc2024regh","rating":1738,"private":0,"password":null}