{"id":"gen9vgc2024regh-2239017063","format":"[Gen 9] VGC 2024 Reg H","players":["my!lane","grade a type b"],"log":"|j|\u2606my!lane\n|j|\u2606grade a type b\n|t:|1730952293\n|gametype|doubles\n|player|p1|my!lane|roxie|1678\n|player|p2|grade a type b|waiter-gen4dp|1788\n|teamsize|p1|6\n|teamsize|p2|6\n|gen|9\n|tier|[Gen 9] VGC 2024 Reg H\n|rated|\n|rule|Species Clause: Limit one of each Pok\u00e9mon\n|rule|Item Clause: Limit 1 of each item\n|clearpoke\n|poke|p1|Sinistcha, L50|\n|poke|p1|Clefable, L50, F|\n|poke|p1|Scrafty, L50, M|\n|poke|p1|Gastrodon, L50, M|\n|poke|p1|Gardevoir, L50, M|\n|poke|p1|Ceruledge, L50, M|\n|poke|p2|Whimsicott, L50, F|\n|poke|p2|Ursaluna-Bloodmoon, L50, M|\n|poke|p2|Tyranitar, L50, M|\n|poke|p2|Gholdengo, L50|\n|poke|p2|Dragonite, L50, M|\n|poke|p2|Primarina, L50, M|\n|teampreview|4\n|inactive|Battle timer is ON: inactive players will automatically lose when time's up. (requested by grade a type b)\n|j| Mswilsonvgc\n|inactive|my!lane has 60 seconds left.\n|\n|t:|1730952331\n|start\n|switch|p1a: Gardevoir|Gardevoir, L50, M|100\/100\n|switch|p1b: Tea Time!|Sinistcha, L50|100\/100\n|switch|p2a: Liberal Cope Sesh|Ursaluna-Bloodmoon, L50, M|100\/100\n|switch|p2b: Trump's Red Wave|Gholdengo, L50|100\/100\n|-ability|p1a: Gardevoir|Mind's Eye|[from] ability: Trace|[of] p2a: Liberal Cope Sesh\n|turn|1\n|\n|t:|1730952343\n|-terastallize|p2b: Trump's Red Wave|Steel\n|move|p1a: Gardevoir|Mystical Fire|p2b: Trump's Red Wave\n|-supereffective|p2b: Trump's Red Wave\n|-damage|p2b: Trump's Red Wave|34\/100\n|-unboost|p2b: Trump's Red Wave|spa|1\n|move|p2b: Trump's Red Wave|Make It Rain|p1a: Gardevoir|[spread] p1a,p1b\n|-supereffective|p1a: Gardevoir\n|-damage|p1a: Gardevoir|0 fnt\n|-damage|p1b: Tea Time!|41\/100\n|-unboost|p2b: Trump's Red Wave|spa|1\n|-enditem|p1b: Tea Time!|Sitrus Berry|[eat]\n|-heal|p1b: Tea Time!|66\/100|[from] item: Sitrus Berry\n|faint|p1a: Gardevoir\n|move|p2a: Liberal Cope Sesh|Hyper Voice|p1b: Tea Time!\n|-crit|p1b: Tea Time!\n|-damage|p1b: Tea Time!|0 fnt\n|faint|p1b: Tea Time!\n|-damage|p2a: Liberal Cope Sesh|91\/100|[from] item: Life Orb\n|\n|upkeep\n|\n|t:|1730952353\n|switch|p1a: Scrafty|Scrafty, L50, M|100\/100\n|switch|p1b: Agent Edge|Ceruledge, L50, M|100\/100\n|-ability|p1a: Scrafty|Intimidate|boost\n|-unboost|p2a: Liberal Cope Sesh|atk|1\n|-unboost|p2b: Trump's Red Wave|atk|1\n|turn|2\n|\n|t:|1730952361\n|switch|p2b: Liberal Tears|Primarina, L50, M|100\/100\n|move|p2a: Liberal Cope Sesh|Protect|p2a: Liberal Cope Sesh\n|-singleturn|p2a: Liberal Cope Sesh|Protect\n|move|p1a: Scrafty|Fake Out|p2a: Liberal Cope Sesh\n|-activate|p2a: Liberal Cope Sesh|move: Protect\n|move|p1b: Agent Edge|Bitter Blade|p2a: Liberal Cope Sesh\n|-activate|p2a: Liberal Cope Sesh|move: Protect\n|\n|upkeep\n|turn|3\n|\n|t:|1730952374\n|switch|p2a: Fake News Pundent|Tyranitar, L50, M|100\/100\n|-weather|Sandstorm|[from] ability: Sand Stream|[of] p2a: Fake News Pundent\n|-terastallize|p1a: Scrafty|Steel\n|move|p2b: Liberal Tears|Moonblast|p1a: Scrafty\n|-resisted|p1a: Scrafty\n|-damage|p1a: Scrafty|82\/100\n|move|p1b: Agent Edge|Bitter Blade|p2a: Fake News Pundent\n|-resisted|p2a: Fake News Pundent\n|-damage|p2a: Fake News Pundent|79\/100\n|move|p1a: Scrafty|Snarl|p2b: Liberal Tears|[spread] p2a,p2b\n|-resisted|p2a: Fake News Pundent\n|-resisted|p2b: Liberal Tears\n|-damage|p2a: Fake News Pundent|78\/100\n|-damage|p2b: Liberal Tears|97\/100\n|-unboost|p2a: Fake News Pundent|spa|1\n|-unboost|p2b: Liberal Tears|spa|1\n|\n|-weather|Sandstorm|[upkeep]\n|-damage|p2b: Liberal Tears|91\/100|[from] Sandstorm\n|-damage|p1b: Agent Edge|94\/100|[from] Sandstorm\n|upkeep\n|turn|4\n|\n|t:|1730952394\n|switch|p2a: Trump's Red Wave|Gholdengo, L50, tera:Steel|34\/100\n|move|p2b: Liberal Tears|Haze|p2b: Liberal Tears\n|-clearallboost\n|move|p1b: Agent Edge|Close Combat|p2a: Trump's Red Wave\n|-supereffective|p2a: Trump's Red Wave\n|-damage|p2a: Trump's Red Wave|0 fnt\n|-unboost|p1b: Agent Edge|def|1\n|-unboost|p1b: Agent Edge|spd|1\n|faint|p2a: Trump's Red Wave\n|move|p1a: Scrafty|Snarl|p2b: Liberal Tears\n|-resisted|p2b: Liberal Tears\n|-damage|p2b: Liberal Tears|86\/100\n|-unboost|p2b: Liberal Tears|spa|1\n|\n|-weather|Sandstorm|[upkeep]\n|-damage|p2b: Liberal Tears|81\/100|[from] Sandstorm\n|-damage|p1b: Agent Edge|88\/100|[from] Sandstorm\n|upkeep\n|\n|t:|1730952404\n|switch|p2a: Fake News Pundent|Tyranitar, L50, M|78\/100\n|turn|5\n|\n|t:|1730952416\n|move|p2b: Liberal Tears|Hyper Voice|p1a: Scrafty|[spread] p1a,p1b\n|-supereffective|p1b: Agent Edge\n|-damage|p1a: Scrafty|64\/100\n|-damage|p1b: Agent Edge|48\/100\n|-enditem|p2b: Liberal Tears|Throat Spray\n|-boost|p2b: Liberal Tears|spa|1|[from] item: Throat Spray\n|move|p1b: Agent Edge|Poltergeist|p2a: Fake News Pundent\n|-activate|p2a: Fake News Pundent|move: Poltergeist|Assault Vest\n|-resisted|p2a: Fake News Pundent\n|-damage|p2a: Fake News Pundent|55\/100\n|move|p2a: Fake News Pundent|Low Kick|p1a: Scrafty\n|-supereffective|p1a: Scrafty\n|-damage|p1a: Scrafty|25\/100\n|move|p1a: Scrafty|Foul Play|p2a: Fake News Pundent\n|-resisted|p2a: Fake News Pundent\n|-damage|p2a: Fake News Pundent|34\/100\n|\n|-weather|Sandstorm|[upkeep]\n|-damage|p2b: Liberal Tears|75\/100|[from] Sandstorm\n|-damage|p1b: Agent Edge|42\/100|[from] Sandstorm\n|upkeep\n|turn|6\n|-message|my!lane forfeited.\n|\n|win|grade a type b\n|raw|my!lane's rating: 1678 &rarr; <strong>1664<\/strong><br \/>(-14 for losing)\n|raw|grade a type b's rating: 1788 &rarr; <strong>1802<\/strong><br \/>(+14 for winning)\n|l|\u2606my!lane\n|player|p1|\n|l|\u2606grade a type b\n|player|p2|\n","uploadtime":1730952583,"views":23,"formatid":"gen9vgc2024regh","rating":1664,"private":0,"password":null}