{"id":"gen9vgc2024regh-2239318288","format":"[Gen 9] VGC 2024 Reg H","players":["Kodora","Emirnent"],"log":"|j|\u2606Kodora\n|j|\u2606Emirnent\n|t:|1730997201\n|gametype|doubles\n|player|p1|Kodora|101|1680\n|player|p2|Emirnent|169|1769\n|teamsize|p1|6\n|teamsize|p2|6\n|gen|9\n|tier|[Gen 9] VGC 2024 Reg H\n|rated|\n|rule|Species Clause: Limit one of each Pok\u00e9mon\n|rule|Item Clause: Limit 1 of each item\n|clearpoke\n|poke|p1|Maushold-Four, L50|\n|poke|p1|Annihilape, L50, M|\n|poke|p1|Archaludon, L50, M|\n|poke|p1|Murkrow, L50, M|\n|poke|p1|Weavile, L50, M|\n|poke|p1|Garchomp, L50, F|\n|poke|p2|Archaludon, L50, M|\n|poke|p2|Gholdengo, L50|\n|poke|p2|Pelipper, L50, M|\n|poke|p2|Ursaluna, L50, M|\n|poke|p2|Dragonite, L50, F|\n|poke|p2|Sinistcha, L50|\n|teampreview|4\n|inactive|Battle timer is ON: inactive players will automatically lose when time's up. (requested by Emirnent)\n|j| Therazer456\n|j| test0099\n|\n|t:|1730997233\n|start\n|switch|p1a: Maushold|Maushold-Four, L50, shiny|100\/100\n|switch|p1b: Annihilape|Annihilape, L50, M, shiny|100\/100\n|switch|p2a: Ursaluna|Ursaluna, L50, M|100\/100\n|switch|p2b: Sinistcha|Sinistcha, L50|100\/100\n|turn|1\n|\n|t:|1730997246\n|-terastallize|p2b: Sinistcha|Dark\n|move|p1a: Maushold|Beat Up|p1b: Annihilape\n|-damage|p1b: Annihilape|99\/100\n|-damage|p1b: Annihilape|96\/100\n|-damage|p1b: Annihilape|93\/100\n|-damage|p1b: Annihilape|91\/100\n|-hitcount|p1b: Annihilape|4\n|move|p1b: Annihilape|Rage Fist|p2b: Sinistcha\n|-resisted|p2b: Sinistcha\n|-damage|p2b: Sinistcha|47\/100\n|-enditem|p2b: Sinistcha|Sitrus Berry|[eat]\n|-heal|p2b: Sinistcha|72\/100|[from] item: Sitrus Berry\n|move|p2a: Ursaluna|Headlong Rush|p1b: Annihilape\n|-damage|p1b: Annihilape|29\/100\n|-unboost|p2a: Ursaluna|def|1\n|-unboost|p2a: Ursaluna|spd|1\n|move|p2b: Sinistcha|Trick Room|p2b: Sinistcha\n|-fieldstart|move: Trick Room|[of] p2b: Sinistcha\n|\n|-status|p2a: Ursaluna|brn|[from] item: Flame Orb\n|upkeep\n|turn|2\n|inactive|Emirnent has 30 seconds left.\n|\n|t:|1730997274\n|switch|p2b: Pelipper|Pelipper, L50, M|100\/100\n|-weather|RainDance|[from] ability: Drizzle|[of] p2b: Pelipper\n|move|p1a: Maushold|Follow Me|p1a: Maushold\n|-singleturn|p1a: Maushold|move: Follow Me\n|move|p2a: Ursaluna|Earthquake|p1b: Annihilape|[spread] p1a,p1b\n|-immune|p2b: Pelipper\n|-crit|p1a: Maushold\n|-damage|p1a: Maushold|0 fnt\n|-damage|p1b: Annihilape|0 fnt\n|faint|p1a: Maushold\n|faint|p1b: Annihilape\n|\n|-weather|RainDance|[upkeep]\n|-damage|p2a: Ursaluna|94\/100 brn|[from] brn\n|upkeep\n|\n|t:|1730997283\n|switch|p1b: Archaludon|Archaludon, L50, M, shiny|100\/100\n|switch|p1a: Weavile|Weavile, L50, M, shiny|100\/100\n|-ability|p1a: Weavile|Pressure\n|turn|3\n|\n|t:|1730997304\n|switch|p2b: Archaludon|Archaludon, L50, M|100\/100\n|move|p1a: Weavile|Fake Out|p2a: Ursaluna\n|-damage|p2a: Ursaluna|79\/100 brn\n|cant|p2a: Ursaluna|flinch\n|move|p1b: Archaludon|Electro Shot||[still]\n|-prepare|p1b: Archaludon|Electro Shot\n|-boost|p1b: Archaludon|spa|1\n|-anim|p1b: Archaludon|Electro Shot|p2b: Archaludon\n|-resisted|p2b: Archaludon\n|-damage|p2b: Archaludon|79\/100\n|-ability|p2b: Archaludon|Stamina|boost\n|-boost|p2b: Archaludon|def|1\n|\n|-weather|RainDance|[upkeep]\n|-damage|p2a: Ursaluna|73\/100 brn|[from] brn\n|upkeep\n|turn|4\n|inactive|Kodora has 30 seconds left.\n|\n|t:|1730997336\n|-terastallize|p1b: Archaludon|Grass\n|move|p2a: Ursaluna|Facade|p1a: Weavile\n|-enditem|p1a: Weavile|Focus Sash\n|-damage|p1a: Weavile|1\/100\n|move|p1b: Archaludon|Draco Meteor|p2b: Archaludon\n|-damage|p2b: Archaludon|17\/100\n|-unboost|p1b: Archaludon|spa|2\n|-ability|p2b: Archaludon|Stamina|boost\n|-boost|p2b: Archaludon|def|1\n|move|p2b: Archaludon|Electro Shot||[still]\n|-prepare|p2b: Archaludon|Electro Shot\n|-boost|p2b: Archaludon|spa|1\n|-anim|p2b: Archaludon|Electro Shot|p1a: Weavile\n|-damage|p1a: Weavile|0 fnt\n|faint|p1a: Weavile\n|\n|-weather|RainDance|[upkeep]\n|-damage|p2a: Ursaluna|67\/100 brn|[from] brn\n|upkeep\n|turn|5\n|inactive|Emirnent has 30 seconds left.\n|\n|t:|1730997363\n|switch|p2a: Sinistcha|Sinistcha, L50, tera:Dark|72\/100\n|-heal|p2b: Archaludon|42\/100|[from] ability: Hospitality|[of] p2a: Sinistcha\n|move|p1b: Archaludon|Body Press|p2b: Archaludon\n|-supereffective|p2b: Archaludon\n|-damage|p2b: Archaludon|25\/100\n|-ability|p2b: Archaludon|Stamina|boost\n|-boost|p2b: Archaludon|def|1\n|move|p2b: Archaludon|Flash Cannon|p1b: Archaludon\n|-damage|p1b: Archaludon|67\/100\n|-ability|p1b: Archaludon|Stamina|boost\n|-boost|p1b: Archaludon|def|1\n|\n|-weather|RainDance|[upkeep]\n|-fieldend|move: Trick Room\n|upkeep\n|turn|6\n|\n|t:|1730997386\n|move|p2a: Sinistcha|Rage Powder|p2a: Sinistcha\n|-singleturn|p2a: Sinistcha|move: Rage Powder\n|move|p1b: Archaludon|Body Press|p2b: Archaludon\n|-supereffective|p2b: Archaludon\n|-damage|p2b: Archaludon|8\/100\n|-ability|p2b: Archaludon|Stamina|boost\n|-boost|p2b: Archaludon|def|1\n|move|p2b: Archaludon|Flash Cannon|p1b: Archaludon\n|-damage|p1b: Archaludon|33\/100\n|-ability|p1b: Archaludon|Stamina|boost\n|-boost|p1b: Archaludon|def|1\n|\n|-weather|none\n|upkeep\n|turn|7\n|\n|t:|1730997401\n|move|p1b: Archaludon|Body Press|p2b: Archaludon\n|-supereffective|p2b: Archaludon\n|-damage|p2b: Archaludon|0 fnt\n|faint|p2b: Archaludon\n|move|p2a: Sinistcha|Matcha Gotcha|p1b: Archaludon\n|-resisted|p1b: Archaludon\n|-damage|p1b: Archaludon|22\/100\n|-heal|p2a: Sinistcha|78\/100|[from] drain|[of] p1b: Archaludon\n|-ability|p1b: Archaludon|Stamina|boost\n|-boost|p1b: Archaludon|def|1\n|\n|upkeep\n|\n|t:|1730997403\n|switch|p2b: Pelipper|Pelipper, L50, M|100\/100\n|-weather|RainDance|[from] ability: Drizzle|[of] p2b: Pelipper\n|turn|8\n|\n|t:|1730997409\n|move|p2b: Pelipper|Hurricane|p1b: Archaludon\n|-supereffective|p1b: Archaludon\n|-damage|p1b: Archaludon|0 fnt\n|faint|p1b: Archaludon\n|\n|win|Emirnent\n|raw|Kodora's rating: 1680 &rarr; <strong>1665<\/strong><br \/>(-15 for losing)\n|raw|Emirnent's rating: 1769 &rarr; <strong>1784<\/strong><br \/>(+15 for winning)\n|l|\u2606Emirnent\n|player|p2|\n|l|\u2606Kodora\n|player|p1|\n|l| Therazer456\n","uploadtime":1730997673,"views":27,"formatid":"gen9vgc2024regh","rating":1665,"private":0,"password":null}