{"id":"gen9vgc2024regh-2239021639","format":"[Gen 9] VGC 2024 Reg H","players":["my!lane","grade a type b"],"log":"|j|\u2606my!lane\n|j|\u2606grade a type b\n|t:|1730952998\n|gametype|doubles\n|player|p1|my!lane|roxie|1698\n|player|p2|grade a type b|waiter-gen4dp|1769\n|teamsize|p1|6\n|teamsize|p2|6\n|gen|9\n|tier|[Gen 9] VGC 2024 Reg H\n|rated|\n|rule|Species Clause: Limit one of each Pok\u00e9mon\n|rule|Item Clause: Limit 1 of each item\n|clearpoke\n|poke|p1|Sinistcha, L50|\n|poke|p1|Clefable, L50, M|\n|poke|p1|Scrafty, L50, F|\n|poke|p1|Gastrodon, L50, F|\n|poke|p1|Gardevoir, L50, F|\n|poke|p1|Ceruledge, L50, M|\n|poke|p2|Whimsicott, L50, M|\n|poke|p2|Ursaluna-Bloodmoon, L50, M|\n|poke|p2|Tyranitar, L50, F|\n|poke|p2|Gholdengo, L50|\n|poke|p2|Dragonite, L50, F|\n|poke|p2|Primarina, L50, F|\n|teampreview|4\n|inactive|Battle timer is ON: inactive players will automatically lose when time's up. (requested by grade a type b)\n|j| Mswilsonvgc\n|\n|t:|1730953028\n|start\n|switch|p1a: Gardevoir|Gardevoir, L50, F|100\/100\n|switch|p1b: Tea Time!|Sinistcha, L50|100\/100\n|switch|p2a: kamaLa sucks!|Whimsicott, L50, M|100\/100\n|switch|p2b: Liberal Cope Sesh|Ursaluna-Bloodmoon, L50, M|100\/100\n|-ability|p1a: Gardevoir|Mind's Eye|[from] ability: Trace|[of] p2b: Liberal Cope Sesh\n|turn|1\n|\n|t:|1730953047\n|-terastallize|p2a: kamaLa sucks!|Water\n|move|p2a: kamaLa sucks!|Tailwind|p2a: kamaLa sucks!\n|-sidestart|p2: grade a type b|move: Tailwind\n|move|p2b: Liberal Cope Sesh|Blood Moon|p1b: Tea Time!\n|-damage|p1b: Tea Time!|11\/100\n|-enditem|p1b: Tea Time!|Sitrus Berry|[eat]\n|-heal|p1b: Tea Time!|35\/100|[from] item: Sitrus Berry\n|-damage|p2b: Liberal Cope Sesh|91\/100|[from] item: Life Orb\n|move|p1a: Gardevoir|Mystical Fire|p2b: Liberal Cope Sesh\n|-damage|p2b: Liberal Cope Sesh|54\/100\n|-unboost|p2b: Liberal Cope Sesh|spa|1\n|move|p1b: Tea Time!|Matcha Gotcha|p2b: Liberal Cope Sesh|[spread] p2a\n|-miss|p1b: Tea Time!|p2b: Liberal Cope Sesh\n|-supereffective|p2a: kamaLa sucks!\n|-damage|p2a: kamaLa sucks!|32\/100\n|-heal|p1b: Tea Time!|67\/100|[from] drain|[of] p2a: kamaLa sucks!\n|\n|upkeep\n|turn|2\n|j| Jamtaviousiv\n|\n|t:|1730953068\n|switch|p2a: Fake News Pundent|Tyranitar, L50, F|100\/100\n|-weather|Sandstorm|[from] ability: Sand Stream|[of] p2a: Fake News Pundent\n|move|p2b: Liberal Cope Sesh|Protect|p2b: Liberal Cope Sesh\n|-singleturn|p2b: Liberal Cope Sesh|Protect\n|move|p1a: Gardevoir|Mystical Fire|p2b: Liberal Cope Sesh\n|-activate|p2b: Liberal Cope Sesh|move: Protect\n|move|p1b: Tea Time!|Trick Room|p1b: Tea Time!\n|-fieldstart|move: Trick Room|[of] p1b: Tea Time!\n|\n|-weather|Sandstorm|[upkeep]\n|-damage|p1b: Tea Time!|61\/100|[from] Sandstorm\n|-damage|p1a: Gardevoir|94\/100|[from] Sandstorm\n|upkeep\n|turn|3\n|\n|t:|1730953077\n|switch|p1a: Scrafty|Scrafty, L50, F|100\/100\n|-ability|p1a: Scrafty|Intimidate|boost\n|-unboost|p2a: Fake News Pundent|atk|1\n|-unboost|p2b: Liberal Cope Sesh|atk|1\n|move|p1b: Tea Time!|Matcha Gotcha|p2b: Liberal Cope Sesh|[spread] p2a,p2b\n|-supereffective|p2a: Fake News Pundent\n|-supereffective|p2b: Liberal Cope Sesh\n|-damage|p2a: Fake News Pundent|82\/100\n|-heal|p1b: Tea Time!|72\/100|[from] drain|[of] p2a: Fake News Pundent\n|-damage|p2b: Liberal Cope Sesh|0 fnt\n|-heal|p1b: Tea Time!|100\/100|[from] drain|[of] p2b: Liberal Cope Sesh\n|faint|p2b: Liberal Cope Sesh\n|move|p2a: Fake News Pundent|Knock Off|p1b: Tea Time!\n|-supereffective|p1b: Tea Time!\n|-damage|p1b: Tea Time!|50\/100\n|\n|-weather|Sandstorm|[upkeep]\n|-damage|p1a: Scrafty|95\/100|[from] Sandstorm\n|-damage|p1b: Tea Time!|44\/100|[from] Sandstorm\n|upkeep\n|\n|t:|1730953099\n|switch|p2b: kamaLa sucks!|Whimsicott, L50, M, tera:Water|32\/100\n|turn|4\n|inactive|grade a type b has 30 seconds left.\n|\n|t:|1730953128\n|switch|p2a: Trump's Red Wave|Gholdengo, L50|100\/100\n|move|p1a: Scrafty|Fake Out|p2a: Trump's Red Wave\n|-immune|p2a: Trump's Red Wave\n|move|p1b: Tea Time!|Matcha Gotcha|p2a: Trump's Red Wave|[spread] p2a,p2b\n|-resisted|p2a: Trump's Red Wave\n|-supereffective|p2b: kamaLa sucks!\n|-damage|p2a: Trump's Red Wave|86\/100\n|-heal|p1b: Tea Time!|50\/100|[from] drain|[of] p2a: Trump's Red Wave\n|-damage|p2b: kamaLa sucks!|0 fnt\n|-heal|p1b: Tea Time!|66\/100|[from] drain|[of] p2b: kamaLa sucks!\n|-status|p2a: Trump's Red Wave|brn\n|faint|p2b: kamaLa sucks!\n|\n|-weather|Sandstorm|[upkeep]\n|-damage|p1a: Scrafty|89\/100|[from] Sandstorm\n|-damage|p1b: Tea Time!|59\/100|[from] Sandstorm\n|-damage|p2a: Trump's Red Wave|80\/100 brn|[from] brn\n|-sideend|p2: grade a type b|move: Tailwind\n|upkeep\n|\n|t:|1730953134\n|switch|p2b: Fake News Pundent|Tyranitar, L50, F|82\/100\n|turn|5\n|\n|t:|1730953158\n|move|p1a: Scrafty|Close Combat|p2b: Fake News Pundent\n|-supereffective|p2b: Fake News Pundent\n|-damage|p2b: Fake News Pundent|0 fnt\n|-unboost|p1a: Scrafty|def|1\n|-unboost|p1a: Scrafty|spd|1\n|faint|p2b: Fake News Pundent\n|move|p1b: Tea Time!|Shadow Ball|p2a: Trump's Red Wave\n|-supereffective|p2a: Trump's Red Wave\n|-damage|p2a: Trump's Red Wave|0 fnt\n|faint|p2a: Trump's Red Wave\n|\n|win|my!lane\n|raw|my!lane's rating: 1698 &rarr; <strong>1722<\/strong><br \/>(+24 for winning)\n|raw|grade a type b's rating: 1769 &rarr; <strong>1745<\/strong><br \/>(-24 for losing)\n|l|\u2606grade a type b\n|player|p2|\n|l| Jamtaviousiv\n","uploadtime":1730953424,"views":40,"formatid":"gen9vgc2024regh","rating":1722,"private":0,"password":null}