{"id":"gen9vgc2024regh-2239371668","format":"[Gen 9] VGC 2024 Reg H","players":["ahricuthair","caZISA"],"log":"|j|\u2606ahricuthair\n|j|\u2606caZISA\n|t:|1731002301\n|gametype|doubles\n|player|p1|ahricuthair|lucas|1772\n|player|p2|caZISA|red|1722\n|teamsize|p1|6\n|teamsize|p2|6\n|gen|9\n|tier|[Gen 9] VGC 2024 Reg H\n|rated|\n|rule|Species Clause: Limit one of each Pok\u00e9mon\n|rule|Item Clause: Limit 1 of each item\n|clearpoke\n|poke|p1|Incineroar, L50, F|\n|poke|p1|Amoonguss, L50, M|\n|poke|p1|Archaludon, L50, M|\n|poke|p1|Pelipper, L50, M|\n|poke|p1|Basculegion, L50, M|\n|poke|p1|Gholdengo, L50|\n|poke|p2|Amoonguss, L50, F|\n|poke|p2|Incineroar, L50, M|\n|poke|p2|Pelipper, L50, M|\n|poke|p2|Archaludon, L50, M|\n|poke|p2|Ursaluna, L50, F|\n|poke|p2|Gothitelle, L50, F|\n|teampreview|4\n|j| Lax Pack\n|inactive|Battle timer is ON: inactive players will automatically lose when time's up. (requested by caZISA)\n|\n|t:|1731002339\n|start\n|switch|p1a: Incineroar|Incineroar, L50, F|100\/100\n|switch|p1b: Basculegion|Basculegion, L50, M, shiny|100\/100\n|switch|p2a: Tigre To\u00f1o|Incineroar, L50, M, shiny|100\/100\n|switch|p2b: Vanessa|Gothitelle, L50, F|100\/100\n|-ability|p1a: Incineroar|Intimidate|boost\n|-unboost|p2a: Tigre To\u00f1o|atk|1\n|-unboost|p2b: Vanessa|atk|1\n|-ability|p2a: Tigre To\u00f1o|Intimidate|boost\n|-unboost|p1a: Incineroar|atk|1\n|-unboost|p1b: Basculegion|atk|1\n|turn|1\n|inactive|ahricuthair has 30 seconds left.\n|\n|t:|1731002370\n|switch|p2a: Golden Gate|Archaludon, L50, M|100\/100\n|move|p2b: Vanessa|Protect|p2b: Vanessa\n|-singleturn|p2b: Vanessa|Protect\n|move|p1b: Basculegion|Flip Turn|p2b: Vanessa\n|-activate|p2b: Vanessa|move: Protect\n|move|p1a: Incineroar|Knock Off|p2b: Vanessa\n|-activate|p2b: Vanessa|move: Protect\n|\n|upkeep\n|turn|2\n|\n|t:|1731002391\n|switch|p2b: Tigre To\u00f1o|Incineroar, L50, M, shiny|100\/100\n|-ability|p2b: Tigre To\u00f1o|Intimidate|boost\n|-unboost|p1a: Incineroar|atk|1\n|-unboost|p1b: Basculegion|atk|1\n|move|p1b: Basculegion|Flip Turn|p2b: Tigre To\u00f1o\n|-supereffective|p2b: Tigre To\u00f1o\n|-damage|p2b: Tigre To\u00f1o|67\/100\n|\n|t:|1731002399\n|switch|p1b: Amoonguss|Amoonguss, L50, M|100\/100|[from] Flip Turn\n|move|p2a: Golden Gate|Body Press|p1a: Incineroar\n|-supereffective|p1a: Incineroar\n|-damage|p1a: Incineroar|66\/100\n|move|p1a: Incineroar|Knock Off|p2b: Tigre To\u00f1o\n|-resisted|p2b: Tigre To\u00f1o\n|-damage|p2b: Tigre To\u00f1o|59\/100\n|-enditem|p2b: Tigre To\u00f1o|Safety Goggles|[from] move: Knock Off|[of] p1a: Incineroar\n|\n|upkeep\n|turn|3\n|\n|t:|1731002421\n|move|p2a: Golden Gate|Draco Meteor|p1b: Amoonguss\n|-damage|p1b: Amoonguss|45\/100\n|-unboost|p2a: Golden Gate|spa|2\n|-enditem|p1b: Amoonguss|Sitrus Berry|[eat]\n|-heal|p1b: Amoonguss|70\/100|[from] item: Sitrus Berry\n|move|p1a: Incineroar|Parting Shot|p2a: Golden Gate\n|-unboost|p2a: Golden Gate|atk|1\n|-unboost|p2a: Golden Gate|spa|1\n|\n|t:|1731002431\n|switch|p1a: Archaludon|Archaludon, L50, M, shiny|100\/100|[from] Parting Shot\n|move|p2b: Tigre To\u00f1o|Flare Blitz|p1b: Amoonguss\n|-supereffective|p1b: Amoonguss\n|-damage|p1b: Amoonguss|0 fnt\n|faint|p1b: Amoonguss\n|-damage|p2b: Tigre To\u00f1o|34\/100|[from] Recoil\n|\n|upkeep\n|\n|t:|1731002444\n|switch|p1b: Incineroar|Incineroar, L50, F|66\/100\n|-ability|p1b: Incineroar|Intimidate|boost\n|-unboost|p2a: Golden Gate|atk|1\n|-unboost|p2b: Tigre To\u00f1o|atk|1\n|turn|4\n|\n|t:|1731002469\n|switch|p2b: Vanessa|Gothitelle, L50, F|100\/100\n|move|p1b: Incineroar|Fake Out|p2b: Vanessa\n|-damage|p2b: Vanessa|91\/100\n|move|p1a: Archaludon|Electro Shot||[still]\n|-prepare|p1a: Archaludon|Electro Shot\n|-boost|p1a: Archaludon|spa|1\n|move|p2a: Golden Gate|Body Press|p1b: Incineroar\n|-supereffective|p1b: Incineroar\n|-damage|p1b: Incineroar|28\/100\n|\n|upkeep\n|turn|5\n|inactive|ahricuthair has 30 seconds left.\n|\n|t:|1731002497\n|-terastallize|p1b: Incineroar|Ghost\n|move|p1a: Archaludon|Electro Shot|p2b: Vanessa|[from]lockedmove\n|-damage|p2b: Vanessa|42\/100\n|move|p2a: Golden Gate|Body Press|p1b: Incineroar\n|-immune|p1b: Incineroar\n|move|p1b: Incineroar|Parting Shot|p2a: Golden Gate\n|-unboost|p2a: Golden Gate|atk|1\n|-unboost|p2a: Golden Gate|spa|1\n|\n|t:|1731002507\n|switch|p1b: Basculegion|Basculegion, L50, M, shiny|100\/100|[from] Parting Shot\n|move|p2b: Vanessa|Trick Room|p2b: Vanessa\n|-fieldstart|move: Trick Room|[of] p2b: Vanessa\n|\n|upkeep\n|turn|6\n|inactive|ahricuthair has 30 seconds left.\n|\n|t:|1731002533\n|switch|p2a: Tigre To\u00f1o|Incineroar, L50, M, shiny|34\/100\n|-ability|p2a: Tigre To\u00f1o|Intimidate|boost\n|-unboost|p1a: Archaludon|atk|1\n|-unboost|p1b: Basculegion|atk|1\n|move|p2b: Vanessa|Protect|p2b: Vanessa\n|-singleturn|p2b: Vanessa|Protect\n|move|p1a: Archaludon|Dragon Pulse|p2b: Vanessa\n|-activate|p2b: Vanessa|move: Protect\n|move|p1b: Basculegion|Flip Turn|p2b: Vanessa\n|-activate|p2b: Vanessa|move: Protect\n|\n|upkeep\n|turn|7\n|inactive|ahricuthair has 30 seconds left.\n|inactive|ahricuthair has 20 seconds left.\n|\n|t:|1731002573\n|switch|p2b: Golden Gate|Archaludon, L50, M|100\/100\n|move|p2a: Tigre To\u00f1o|Parting Shot|p1a: Archaludon\n|-unboost|p1a: Archaludon|atk|1\n|-unboost|p1a: Archaludon|spa|1\n|\n|t:|1731002578\n|switch|p2a: Vanessa|Gothitelle, L50, F|42\/100|[from] Parting Shot\n|move|p1a: Archaludon|Dragon Pulse|p2a: Vanessa\n|-damage|p2a: Vanessa|8\/100\n|move|p1b: Basculegion|Flip Turn|p2b: Golden Gate\n|-resisted|p2b: Golden Gate\n|-damage|p2b: Golden Gate|91\/100\n|-ability|p2b: Golden Gate|Stamina|boost\n|-boost|p2b: Golden Gate|def|1\n|\n|t:|1731002589\n|switch|p1b: Incineroar|Incineroar, L50, F, tera:Ghost|28\/100|[from] Flip Turn\n|-ability|p1b: Incineroar|Intimidate|boost\n|-unboost|p2a: Vanessa|atk|1\n|-unboost|p2b: Golden Gate|atk|1\n|\n|upkeep\n|turn|8\n|l| Lax Pack\n|\n|t:|1731002609\n|switch|p2a: Tigre To\u00f1o|Incineroar, L50, M, shiny|34\/100\n|-ability|p2a: Tigre To\u00f1o|Intimidate|boost\n|-unboost|p1a: Archaludon|atk|1\n|-unboost|p1b: Incineroar|atk|1\n|move|p1b: Incineroar|Knock Off|p2b: Golden Gate\n|-damage|p2b: Golden Gate|79\/100\n|-ability|p2b: Golden Gate|Stamina|boost\n|-boost|p2b: Golden Gate|def|1\n|-enditem|p2b: Golden Gate|Assault Vest|[from] move: Knock Off|[of] p1b: Incineroar\n|move|p2b: Golden Gate|Draco Meteor|p1b: Incineroar\n|-damage|p1b: Incineroar|0 fnt\n|-unboost|p2b: Golden Gate|spa|2\n|faint|p1b: Incineroar\n|move|p1a: Archaludon|Dragon Pulse|p2b: Golden Gate\n|-damage|p2b: Golden Gate|38\/100\n|-ability|p2b: Golden Gate|Stamina|boost\n|-boost|p2b: Golden Gate|def|1\n|\n|upkeep\n|\n|t:|1731002626\n|switch|p1b: Basculegion|Basculegion, L50, M, shiny|100\/100\n|turn|9\n|\n|t:|1731002641\n|move|p2a: Tigre To\u00f1o|Knock Off|p1b: Basculegion\n|-supereffective|p1b: Basculegion\n|-damage|p1b: Basculegion|0 fnt\n|-enditem|p1b: Basculegion|Choice Scarf|[from] move: Knock Off|[of] p2a: Tigre To\u00f1o\n|faint|p1b: Basculegion\n|move|p2b: Golden Gate|Body Press|p1a: Archaludon\n|-supereffective|p1a: Archaludon\n|-damage|p1a: Archaludon|17\/100\n|-ability|p1a: Archaludon|Stamina|boost\n|-boost|p1a: Archaludon|def|1\n|move|p1a: Archaludon|Dragon Pulse|p2b: Golden Gate\n|-damage|p2b: Golden Gate|0 fnt\n|faint|p2b: Golden Gate\n|\n|-fieldend|move: Trick Room\n|upkeep\n|-message|ahricuthair forfeited.\n|\n|win|caZISA\n|raw|ahricuthair's rating: 1772 &rarr; <strong>1749<\/strong><br \/>(-23 for losing)\n|raw|caZISA's rating: 1722 &rarr; <strong>1745<\/strong><br \/>(+23 for winning)\n|l|\u2606ahricuthair\n|player|p1|\n|l|\u2606caZISA\n|player|p2|\n","uploadtime":1731002865,"views":30,"formatid":"gen9vgc2024regh","rating":1745,"private":0,"password":null}