{"id":"gen9vgc2024regh-2239563473","format":"[Gen 9] VGC 2024 Reg H","players":["Iamsliverfish","nibosu"],"log":"|j|\u2606Iamsliverfish\n|j|\u2606nibosu\n|t:|1731022145\n|gametype|doubles\n|player|p1|Iamsliverfish|hiker-gen4|1699\n|player|p2|nibosu|170|1676\n|teamsize|p1|6\n|teamsize|p2|6\n|gen|9\n|tier|[Gen 9] VGC 2024 Reg H\n|rated|\n|rule|Species Clause: Limit one of each Pok\u00e9mon\n|rule|Item Clause: Limit 1 of each item\n|clearpoke\n|poke|p1|Dragonite, L50, F|\n|poke|p1|Gholdengo, L50|\n|poke|p1|Ursaluna, L50, F|\n|poke|p1|Porygon2, L50|\n|poke|p1|Incineroar, L50, F|\n|poke|p1|Amoonguss, L50, M|\n|poke|p2|Grimmsnarl, L50, M|\n|poke|p2|Rillaboom, L50, F|\n|poke|p2|Archaludon, L50, M|\n|poke|p2|Pelipper, L50, M|\n|poke|p2|Annihilape, L50, F|\n|poke|p2|Ursaluna-Bloodmoon, L50, M|\n|teampreview|4\n|inactive|Battle timer is ON: inactive players will automatically lose when time's up. (requested by Iamsliverfish)\n|j| jdarcan\n|inactive|nibosu has 60 seconds left.\n|\n|t:|1731022216\n|start\n|switch|p1a: Dragonite|Dragonite, L50, F|100\/100\n|switch|p1b: Gholdengo|Gholdengo, L50|100\/100\n|switch|p2a: Archaludon|Archaludon, L50, M|100\/100\n|switch|p2b: Ursaluna|Ursaluna-Bloodmoon, L50, M|100\/100\n|turn|1\n|inactive|nibosu has 30 seconds left.\n|inactive|nibosu has 20 seconds left.\n|inactive|nibosu has 15 seconds left.\n|\n|t:|1731022260\n|move|p2b: Ursaluna|Protect|p2b: Ursaluna\n|-singleturn|p2b: Ursaluna|Protect\n|move|p1a: Dragonite|Scale Shot|p2b: Ursaluna\n|-activate|p2b: Ursaluna|move: Protect\n|move|p1b: Gholdengo|Make It Rain|p2a: Archaludon|[spread] p2a\n|-activate|p2b: Ursaluna|move: Protect\n|-resisted|p2a: Archaludon\n|-damage|p2a: Archaludon|44\/100\n|-unboost|p1b: Gholdengo|spa|1\n|move|p2a: Archaludon|Draco Meteor|p1a: Dragonite\n|-supereffective|p1a: Dragonite\n|-damage|p1a: Dragonite|17\/100\n|-unboost|p2a: Archaludon|spa|2\n|\n|upkeep\n|turn|2\n|inactive|nibosu has 30 seconds left.\n|inactive|nibosu has 20 seconds left.\n|inactive|Iamsliverfish has 30 seconds left.\n|\n|t:|1731022302\n|move|p1a: Dragonite|Protect|p1a: Dragonite\n|-singleturn|p1a: Dragonite|Protect\n|move|p1b: Gholdengo|Make It Rain|p2b: Ursaluna|[spread] p2a,p2b\n|-resisted|p2a: Archaludon\n|-damage|p2a: Archaludon|10\/100\n|-damage|p2b: Ursaluna|55\/100\n|-unboost|p1b: Gholdengo|spa|1\n|move|p2a: Archaludon|Electro Shot||[still]\n|-prepare|p2a: Archaludon|Electro Shot\n|-boost|p2a: Archaludon|spa|1\n|-enditem|p2a: Archaludon|Power Herb\n|-anim|p2a: Archaludon|Electro Shot|p1a: Dragonite\n|-activate|p1a: Dragonite|move: Protect\n|move|p2b: Ursaluna|Earth Power|p1b: Gholdengo\n|-supereffective|p1b: Gholdengo\n|-damage|p1b: Gholdengo|0 fnt\n|faint|p1b: Gholdengo\n|\n|upkeep\n|\n|t:|1731022308\n|switch|p1b: Ursaluna|Ursaluna, L50, F|100\/100\n|turn|3\n|inactive|nibosu has 30 seconds left.\n|\n|t:|1731022342\n|switch|p2a: Grimmsnarl|Grimmsnarl, L50, M|100\/100\n|move|p1b: Ursaluna|Protect|p1b: Ursaluna\n|-singleturn|p1b: Ursaluna|Protect\n|move|p1a: Dragonite|Tailwind|p1a: Dragonite\n|-sidestart|p1: Iamsliverfish|move: Tailwind\n|move|p2b: Ursaluna|Blood Moon|p1a: Dragonite\n|-damage|p1a: Dragonite|0 fnt\n|faint|p1a: Dragonite\n|\n|-status|p1b: Ursaluna|brn|[from] item: Flame Orb\n|upkeep\n|\n|t:|1731022345\n|switch|p1a: Incineroar|Incineroar, L50, F|100\/100\n|-ability|p1a: Incineroar|Intimidate|boost\n|-unboost|p2a: Grimmsnarl|atk|1\n|-unboost|p2b: Ursaluna|atk|1\n|turn|4\n|inactive|nibosu has 30 seconds left.\n|inactive|nibosu has 20 seconds left.\n|inactive|nibosu has 15 seconds left.\n|inactive|nibosu has 10 seconds left.\n|inactive|nibosu has 5 seconds left.\n|\n|t:|1731022397\n|-terastallize|p2a: Grimmsnarl|Ghost\n|move|p1a: Incineroar|Fake Out|p2a: Grimmsnarl\n|-immune|p2a: Grimmsnarl\n|move|p2a: Grimmsnarl|Fake Out|p1b: Ursaluna\n|-damage|p1b: Ursaluna|94\/100 brn\n|cant|p1b: Ursaluna|flinch\n|move|p2b: Ursaluna|Earth Power|p1a: Incineroar\n|-supereffective|p1a: Incineroar\n|-damage|p1a: Incineroar|48\/100\n|\n|-damage|p1b: Ursaluna|88\/100 brn|[from] brn\n|upkeep\n|turn|5\n|inactive|Iamsliverfish has 30 seconds left.\n|inactive|nibosu has 30 seconds left.\n|inactive|nibosu has 20 seconds left.\n|\n|t:|1731022433\n|-terastallize|p1a: Incineroar|Grass\n|move|p2a: Grimmsnarl|Reflect|p2a: Grimmsnarl\n|-sidestart|p2: nibosu|Reflect\n|move|p1b: Ursaluna|Earthquake|p2b: Ursaluna|[spread] p1a,p2a,p2b\n|-resisted|p1a: Incineroar\n|-damage|p1a: Incineroar|21\/100\n|-damage|p2a: Grimmsnarl|61\/100\n|-damage|p2b: Ursaluna|28\/100\n|move|p1a: Incineroar|Knock Off|p2a: Grimmsnarl\n|-supereffective|p2a: Grimmsnarl\n|-damage|p2a: Grimmsnarl|0 fnt\n|-enditem|p2a: Grimmsnarl|Light Clay|[from] move: Knock Off|[of] p1a: Incineroar\n|faint|p2a: Grimmsnarl\n|move|p2b: Ursaluna|Blood Moon|p1b: Ursaluna\n|-damage|p1b: Ursaluna|6\/100 brn\n|\n|-damage|p1b: Ursaluna|0 fnt|[from] brn\n|faint|p1b: Ursaluna\n|upkeep\n|-message|Iamsliverfish forfeited.\n|\n|win|nibosu\n|raw|Iamsliverfish's rating: 1699 &rarr; <strong>1678<\/strong><br \/>(-21 for losing)\n|raw|nibosu's rating: 1676 &rarr; <strong>1697<\/strong><br \/>(+21 for winning)\n|l|\u2606Iamsliverfish\n|player|p1|\n|l|\u2606nibosu\n|player|p2|\n","uploadtime":1731022633,"views":26,"formatid":"gen9vgc2024regh","rating":1678,"private":0,"password":null}