{"id":"gen9vgc2024regh-2239405010","format":"[Gen 9] VGC 2024 Reg H","players":["Brave12223","ahricuthair"],"log":"|j|\u2606Brave12223\n|j|\u2606ahricuthair\n|t:|1731005454\n|gametype|doubles\n|player|p1|Brave12223|ingo|1802\n|player|p2|ahricuthair|lucas|1759\n|teamsize|p1|6\n|teamsize|p2|6\n|gen|9\n|tier|[Gen 9] VGC 2024 Reg H\n|rated|\n|rule|Species Clause: Limit one of each Pok\u00e9mon\n|rule|Item Clause: Limit 1 of each item\n|clearpoke\n|poke|p1|Baxcalibur, L50, M|\n|poke|p1|Ninetales-Alola, L50, M|\n|poke|p1|Rillaboom, L50, M|\n|poke|p1|Incineroar, L50, M|\n|poke|p1|Basculegion, L50, M|\n|poke|p1|Kingambit, L50, M|\n|poke|p2|Incineroar, L50, F|\n|poke|p2|Amoonguss, L50, M|\n|poke|p2|Archaludon, L50, F|\n|poke|p2|Pelipper, L50, F|\n|poke|p2|Basculegion, L50, M|\n|poke|p2|Gholdengo, L50|\n|teampreview|4\n|inactive|Battle timer is ON: inactive players will automatically lose when time's up. (requested by Brave12223)\nahricuthair rejected open team sheets.\n|inactive|ahricuthair has 60 seconds left.\n|inactive|ahricuthair has 30 seconds left.\n|inactive|ahricuthair has 20 seconds left.\n|\n|t:|1731005530\n|start\n|switch|p1a: Basculegion|Basculegion, L50, M|100\/100\n|switch|p1b: Incineroar|Incineroar, L50, M|100\/100\n|switch|p2a: Pelipper|Pelipper, L50, F|100\/100\n|switch|p2b: Basculegion|Basculegion, L50, M, shiny|100\/100\n|-weather|RainDance|[from] ability: Drizzle|[of] p2a: Pelipper\n|-ability|p1b: Incineroar|Intimidate|boost\n|-unboost|p2a: Pelipper|atk|1\n|-unboost|p2b: Basculegion|atk|1\n|turn|1\n|inactive|ahricuthair has 30 seconds left.\n|inactive|ahricuthair has 20 seconds left.\n|inactive|ahricuthair has 15 seconds left.\n|inactive|ahricuthair has 10 seconds left.\n|\n|t:|1731005579\n|switch|p1b: Ninetales|Ninetales-Alola, L50, M|100\/100\n|-weather|Snow|[from] ability: Snow Warning|[of] p1b: Ninetales\n|move|p2a: Pelipper|Protect|p2a: Pelipper\n|-singleturn|p2a: Pelipper|Protect\n|move|p2b: Basculegion|Flip Turn|p1b: Ninetales\n|-damage|p1b: Ninetales|71\/100\n|\n|t:|1731005591\n|switch|p2b: Incineroar|Incineroar, L50, F|100\/100|[from] Flip Turn\n|-ability|p2b: Incineroar|Intimidate|boost\n|-unboost|p1a: Basculegion|atk|1\n|-unboost|p1b: Ninetales|atk|1\n|move|p1a: Basculegion|Flip Turn|p2a: Pelipper\n|-activate|p2a: Pelipper|move: Protect\n|\n|-weather|Snow|[upkeep]\n|upkeep\n|turn|2\n|inactive|ahricuthair has 30 seconds left.\n|\n|t:|1731005620\n|switch|p2a: Archaludon|Archaludon, L50, F, shiny|100\/100\n|move|p2b: Incineroar|Fake Out|p1b: Ninetales\n|-damage|p1b: Ninetales|60\/100\n|move|p1a: Basculegion|Flip Turn|p2b: Incineroar\n|-supereffective|p2b: Incineroar\n|-damage|p2b: Incineroar|59\/100\n|\n|t:|1731005627\n|switch|p1a: Incineroar|Incineroar, L50, M|100\/100|[from] Flip Turn\n|-ability|p1a: Incineroar|Intimidate|boost\n|-unboost|p2a: Archaludon|atk|1\n|-unboost|p2b: Incineroar|atk|1\n|cant|p1b: Ninetales|flinch\n|\n|-weather|Snow|[upkeep]\n|upkeep\n|turn|3\n|inactive|ahricuthair has 30 seconds left.\n|\n|t:|1731005659\n|switch|p1b: Kingambit|Kingambit, L50, M|100\/100\n|switch|p2a: Pelipper|Pelipper, L50, F|100\/100\n|-weather|RainDance|[from] ability: Drizzle|[of] p2a: Pelipper\n|move|p1a: Incineroar|Parting Shot|p2a: Pelipper\n|-unboost|p2a: Pelipper|atk|1\n|-unboost|p2a: Pelipper|spa|1\n|\n|t:|1731005668\n|switch|p1a: Ninetales|Ninetales-Alola, L50, M|60\/100|[from] Parting Shot\n|-weather|Snow|[from] ability: Snow Warning|[of] p1a: Ninetales\n|move|p2b: Incineroar|Parting Shot|p1a: Ninetales\n|-unboost|p1a: Ninetales|atk|1\n|-unboost|p1a: Ninetales|spa|1\n|\n|t:|1731005676\n|switch|p2b: Archaludon|Archaludon, L50, F, shiny|100\/100|[from] Parting Shot\n|\n|-weather|Snow|[upkeep]\n|upkeep\n|turn|4\n|inactive|ahricuthair has 30 seconds left.\n|\n|t:|1731005708\n|switch|p1b: Basculegion|Basculegion, L50, M|100\/100\n|move|p1a: Ninetales|Freeze-Dry|p2a: Pelipper\n|-supereffective|p2a: Pelipper\n|-enditem|p2a: Pelipper|Focus Sash\n|-damage|p2a: Pelipper|1\/100\n|move|p2a: Pelipper|Tailwind|p2a: Pelipper\n|-sidestart|p2: ahricuthair|move: Tailwind\n|move|p2b: Archaludon|Body Press|p1b: Basculegion\n|-immune|p1b: Basculegion\n|\n|-weather|Snow|[upkeep]\n|upkeep\n|turn|5\n|inactive|ahricuthair has 30 seconds left.\n|inactive|ahricuthair has 20 seconds left.\n|\n|t:|1731005747\n|switch|p1a: Incineroar|Incineroar, L50, M|100\/100\n|-ability|p1a: Incineroar|Intimidate|boost\n|-unboost|p2a: Pelipper|atk|1\n|-unboost|p2b: Archaludon|atk|1\n|move|p2a: Pelipper|Protect|p2a: Pelipper\n|-singleturn|p2a: Pelipper|Protect\n|move|p2b: Archaludon|Flash Cannon|p1a: Incineroar\n|-resisted|p1a: Incineroar\n|-damage|p1a: Incineroar|84\/100\n|move|p1b: Basculegion|Flip Turn|p2a: Pelipper\n|-activate|p2a: Pelipper|move: Protect\n|\n|-weather|Snow|[upkeep]\n|upkeep\n|turn|6\n|inactive|ahricuthair has 30 seconds left.\n|\n|t:|1731005776\n|switch|p2a: Incineroar|Incineroar, L50, F|59\/100\n|-ability|p2a: Incineroar|Intimidate|boost\n|-unboost|p1a: Incineroar|atk|1\n|-unboost|p1b: Basculegion|atk|1\n|move|p2b: Archaludon|Body Press|p1b: Basculegion\n|-immune|p1b: Basculegion\n|move|p1b: Basculegion|Flip Turn|p2a: Incineroar\n|-supereffective|p2a: Incineroar\n|-damage|p2a: Incineroar|13\/100\n|\n|t:|1731005787\n|switch|p1b: Kingambit|Kingambit, L50, M|100\/100|[from] Flip Turn\n|move|p1a: Incineroar|Knock Off|p2b: Archaludon\n|-crit|p2b: Archaludon\n|-damage|p2b: Archaludon|57\/100\n|-ability|p2b: Archaludon|Stamina|boost\n|-boost|p2b: Archaludon|def|1\n|-enditem|p2b: Archaludon|Assault Vest|[from] move: Knock Off|[of] p1a: Incineroar\n|\n|-weather|Snow|[upkeep]\n|upkeep\n|turn|7\n|inactive|ahricuthair has 30 seconds left.\n|\n|t:|1731005814\n|switch|p1b: Basculegion|Basculegion, L50, M|100\/100\n|move|p2b: Archaludon|Electro Shot||[still]\n|-prepare|p2b: Archaludon|Electro Shot\n|-boost|p2b: Archaludon|spa|1\n|move|p2a: Incineroar|Parting Shot|p1a: Incineroar\n|-unboost|p1a: Incineroar|atk|1\n|-unboost|p1a: Incineroar|spa|1\n|\n|t:|1731005833\n|switch|p2a: Pelipper|Pelipper, L50, F|1\/100|[from] Parting Shot\n|-weather|RainDance|[from] ability: Drizzle|[of] p2a: Pelipper\n|move|p1a: Incineroar|Parting Shot|p2b: Archaludon\n|-unboost|p2b: Archaludon|atk|1\n|-unboost|p2b: Archaludon|spa|1\n|\n|t:|1731005837\n|switch|p1a: Ninetales|Ninetales-Alola, L50, M|60\/100|[from] Parting Shot\n|-weather|Snow|[from] ability: Snow Warning|[of] p1a: Ninetales\n|\n|-weather|Snow|[upkeep]\n|-sideend|p2: ahricuthair|move: Tailwind\n|upkeep\n|turn|8\n|\n|t:|1731005854\n|switch|p2a: Incineroar|Incineroar, L50, F|13\/100\n|-ability|p2a: Incineroar|Intimidate|boost\n|-unboost|p1a: Ninetales|atk|1\n|-unboost|p1b: Basculegion|atk|1\n|move|p1b: Basculegion|Wave Crash|p2b: Archaludon\n|-resisted|p2b: Archaludon\n|-damage|p2b: Archaludon|45\/100\n|-ability|p2b: Archaludon|Stamina|boost\n|-boost|p2b: Archaludon|def|1\n|-damage|p1b: Basculegion|96\/100|[from] Recoil\n|move|p1a: Ninetales|Blizzard|p2b: Archaludon|[spread] p2a,p2b\n|-resisted|p2a: Incineroar\n|-damage|p2a: Incineroar|0 fnt\n|-damage|p2b: Archaludon|0 fnt\n|faint|p2a: Incineroar\n|faint|p2b: Archaludon\n|\n|-weather|Snow|[upkeep]\n|upkeep\n|\n|t:|1731005871\n|switch|p2b: Basculegion|Basculegion, L50, M, shiny|100\/100\n|switch|p2a: Pelipper|Pelipper, L50, F|1\/100\n|-weather|RainDance|[from] ability: Drizzle|[of] p2a: Pelipper\n|turn|9\n|\n|t:|1731005885\n|switch|p1a: Incineroar|Incineroar, L50, M|84\/100\n|-ability|p1a: Incineroar|Intimidate|boost\n|-unboost|p2a: Pelipper|atk|1\n|-unboost|p2b: Basculegion|atk|1\n|move|p1b: Basculegion|Wave Crash|p2a: Pelipper\n|-resisted|p2a: Pelipper\n|-damage|p2a: Pelipper|0 fnt\n|faint|p2a: Pelipper\n|-damage|p1b: Basculegion|96\/100|[from] Recoil\n|move|p2b: Basculegion|Last Respects|p1b: Basculegion\n|-supereffective|p1b: Basculegion\n|-damage|p1b: Basculegion|0 fnt\n|faint|p1b: Basculegion\n|\n|-weather|RainDance|[upkeep]\n|upkeep\n|-message|ahricuthair forfeited.\n|\n|win|Brave12223\n|raw|Brave12223's rating: 1802 &rarr; <strong>1820<\/strong><br \/>(+18 for winning)\n|raw|ahricuthair's rating: 1759 &rarr; <strong>1741<\/strong><br \/>(-18 for losing)\n|l|\u2606ahricuthair\n|player|p2|\n|l|\u2606Brave12223\n|player|p1|\n","uploadtime":1731005899,"views":33,"formatid":"gen9vgc2024regh","rating":1741,"private":0,"password":null}