{"id":"gen9vgc2024regh-2239375531","format":"[Gen 9] VGC 2024 Reg H","players":["Ibberdytten4","caZISA"],"log":"|j|\u2606Ibberdytten4\n|j|\u2606caZISA\n|t:|1731002671\n|gametype|doubles\n|player|p1|Ibberdytten4|idol|1680\n|player|p2|caZISA|red|1745\n|teamsize|p1|6\n|teamsize|p2|6\n|gen|9\n|tier|[Gen 9] VGC 2024 Reg H\n|rated|\n|rule|Species Clause: Limit one of each Pok\u00e9mon\n|rule|Item Clause: Limit 1 of each item\n|clearpoke\n|poke|p1|Indeedee, L50, M|\n|poke|p1|Sneasler, L50, M|\n|poke|p1|Talonflame, L50, F|\n|poke|p1|Ursaluna-Bloodmoon, L50, M|\n|poke|p1|Dondozo, L50, M|\n|poke|p1|Tatsugiri, L50, M|\n|poke|p2|Amoonguss, L50, M|\n|poke|p2|Incineroar, L50, F|\n|poke|p2|Pelipper, L50, M|\n|poke|p2|Archaludon, L50, F|\n|poke|p2|Ursaluna, L50, F|\n|poke|p2|Gothitelle, L50, F|\n|teampreview|4\n|inactive|Battle timer is ON: inactive players will automatically lose when time's up. (requested by caZISA)\n|\n|t:|1731002687\n|start\n|switch|p1a: Indeedee|Indeedee, L50, M|100\/100\n|switch|p1b: Sneasler|Sneasler, L50, M|100\/100\n|switch|p2a: Tigre To\u00f1o|Incineroar, L50, F, shiny|100\/100\n|switch|p2b: Vanessa|Gothitelle, L50, F|100\/100\n|-fieldstart|move: Psychic Terrain|[from] ability: Psychic Surge|[of] p1a: Indeedee\n|-enditem|p1b: Sneasler|Psychic Seed\n|-boost|p1b: Sneasler|spd|1|[from] item: Psychic Seed\n|-ability|p2a: Tigre To\u00f1o|Intimidate|boost\n|-unboost|p1a: Indeedee|atk|1\n|-unboost|p1b: Sneasler|atk|1\n|turn|1\n|\n|t:|1731002700\n|move|p1b: Sneasler|Close Combat|p2a: Tigre To\u00f1o\n|-supereffective|p2a: Tigre To\u00f1o\n|-damage|p2a: Tigre To\u00f1o|25\/100\n|-unboost|p1b: Sneasler|def|1\n|-unboost|p1b: Sneasler|spd|1\n|move|p1a: Indeedee|Expanding Force|p2b: Vanessa|[spread] p2b\n|-immune|p2a: Tigre To\u00f1o\n|-resisted|p2b: Vanessa\n|-damage|p2b: Vanessa|79\/100\n|move|p2a: Tigre To\u00f1o|Knock Off|p1a: Indeedee\n|-supereffective|p1a: Indeedee\n|-enditem|p1a: Indeedee|Focus Sash\n|-damage|p1a: Indeedee|1\/100\n|move|p2b: Vanessa|Psychic|p1b: Sneasler\n|-supereffective|p1b: Sneasler\n|-damage|p1b: Sneasler|0 fnt\n|faint|p1b: Sneasler\n|\n|upkeep\n|\n|t:|1731002711\n|switch|p1b: Dondozo|Dondozo, L50, M|100\/100\n|turn|2\n|\n|t:|1731002719\n|move|p1b: Dondozo|Protect|p1b: Dondozo\n|-singleturn|p1b: Dondozo|Protect\n|move|p1a: Indeedee|Hyper Voice|p2a: Tigre To\u00f1o|[spread] p2a,p2b\n|-damage|p2a: Tigre To\u00f1o|0 fnt\n|-damage|p2b: Vanessa|55\/100\n|faint|p2a: Tigre To\u00f1o\n|move|p2b: Vanessa|Trick Room|p2b: Vanessa\n|-fieldstart|move: Trick Room|[of] p2b: Vanessa\n|\n|upkeep\n|\n|t:|1731002723\n|switch|p2a: Toad|Amoonguss, L50, M|100\/100\n|turn|3\n|j| NoahTNasty\n|l| NoahTNasty\n|\n|t:|1731002737\n|-terastallize|p1b: Dondozo|Grass\n|move|p2a: Toad|Spore|p1b: Dondozo\n|-immune|p1b: Dondozo\n|move|p2b: Vanessa|Psychic|p1a: Indeedee\n|-resisted|p1a: Indeedee\n|-damage|p1a: Indeedee|0 fnt\n|faint|p1a: Indeedee\n|move|p1b: Dondozo|Order Up|p2a: Toad\n|-damage|p2a: Toad|76\/100\n|\n|upkeep\n|\n|t:|1731002746\n|switch|p1a: Tatsugiri|Tatsugiri, L50, M|100\/100\n|-activate|p1a: Tatsugiri|ability: Commander|[of] p1b: Dondozo\n|-boost|p1b: Dondozo|atk|2\n|-boost|p1b: Dondozo|spa|2\n|-boost|p1b: Dondozo|spe|2\n|-boost|p1b: Dondozo|def|2\n|-boost|p1b: Dondozo|spd|2\n|turn|4\n|\n|t:|1731002753\n|move|p1b: Dondozo|Protect|p1b: Dondozo\n|-singleturn|p1b: Dondozo|Protect\n|move|p2a: Toad|Clear Smog|p1b: Dondozo\n|-activate|p1b: Dondozo|move: Protect\n|move|p2b: Vanessa|Psychic|p1b: Dondozo\n|-activate|p1b: Dondozo|move: Protect\n|\n|upkeep\n|turn|5\n|\n|t:|1731002758\n|move|p2a: Toad|Clear Smog|p1b: Dondozo\n|-supereffective|p1b: Dondozo\n|-damage|p1b: Dondozo|85\/100\n|-clearboost|p1b: Dondozo\n|move|p2b: Vanessa|Psychic|p1b: Dondozo\n|-damage|p1b: Dondozo|42\/100\n|move|p1b: Dondozo|Order Up|p2a: Toad\n|-damage|p2a: Toad|53\/100\n|-boost|p1b: Dondozo|atk|1\n|\n|-heal|p1b: Dondozo|48\/100|[from] item: Leftovers\n|-fieldend|move: Psychic Terrain\n|upkeep\n|turn|6\n|\n|t:|1731002769\n|move|p2a: Toad|Pollen Puff|p2b: Vanessa\n|-heal|p2b: Vanessa|100\/100\n|move|p2b: Vanessa|Psychic|p1b: Dondozo\n|-damage|p1b: Dondozo|14\/100\n|move|p1b: Dondozo|Order Up|p2a: Toad\n|-damage|p2a: Toad|16\/100\n|-boost|p1b: Dondozo|atk|1\n|\n|-heal|p1b: Dondozo|20\/100|[from] item: Leftovers\n|-fieldend|move: Trick Room\n|upkeep\n|turn|7\n|\n|t:|1731002779\n|move|p1b: Dondozo|Earthquake|p2a: Toad|[spread] p2a,p2b\n|-miss|p1b: Dondozo|p1a: Tatsugiri\n|-damage|p2a: Toad|0 fnt\n|-damage|p2b: Vanessa|56\/100\n|faint|p2a: Toad\n|move|p2b: Vanessa|Psychic|p1b: Dondozo\n|-damage|p1b: Dondozo|0 fnt\n|faint|p1b: Dondozo\n|\n|upkeep\n|\n|t:|1731002781\n|switch|p2a: Freddy|Ursaluna, L50, F|100\/100\n|turn|8\n|\n|t:|1731002788\n|move|p2a: Freddy|Protect|p2a: Freddy\n|-singleturn|p2a: Freddy|Protect\n|move|p1a: Tatsugiri|Dragon Pulse|p2a: Freddy\n|-activate|p2a: Freddy|move: Protect\n|move|p2b: Vanessa|Trick Room|p2b: Vanessa\n|-fieldstart|move: Trick Room|[of] p2b: Vanessa\n|\n|-status|p2a: Freddy|brn|[from] item: Flame Orb\n|upkeep\n|turn|9\n|\n|t:|1731002794\n|move|p2a: Freddy|Facade|p1a: Tatsugiri\n|-damage|p1a: Tatsugiri|0 fnt\n|faint|p1a: Tatsugiri\n|\n|win|caZISA\n|raw|Ibberdytten4's rating: 1680 &rarr; <strong>1664<\/strong><br \/>(-16 for losing)\n|raw|caZISA's rating: 1745 &rarr; <strong>1761<\/strong><br \/>(+16 for winning)\n|l|\u2606Ibberdytten4\n|player|p1|\n|l|\u2606caZISA\n|player|p2|\n","uploadtime":1731003005,"views":31,"formatid":"gen9vgc2024regh","rating":1664,"private":0,"password":null}