{"id":"gen9vgc2024regh-2239066263","format":"[Gen 9] VGC 2024 Reg H","players":["htotoT","SHIDMONBADGAME"],"log":"|j|\u2606htotoT\n|j|\u2606SHIDMONBADGAME\n|t:|1730961128\n|gametype|doubles\n|player|p1|htotoT|169|1672\n|player|p2|SHIDMONBADGAME|policeman-gen4|1803\n|teamsize|p1|6\n|teamsize|p2|6\n|gen|9\n|tier|[Gen 9] VGC 2024 Reg H\n|rated|\n|rule|Species Clause: Limit one of each Pok\u00e9mon\n|rule|Item Clause: Limit 1 of each item\n|clearpoke\n|poke|p1|Gholdengo, L50|\n|poke|p1|Murkrow, L50, F|\n|poke|p1|Pelipper, L50, M|\n|poke|p1|Archaludon, L50, M|\n|poke|p1|Amoonguss, L50, F|\n|poke|p1|Basculegion-F, L50, F|\n|poke|p2|Sneasler, L50, M|\n|poke|p2|Indeedee, L50, M|\n|poke|p2|Murkrow, L50, M|\n|poke|p2|Dragapult, L50, M|\n|poke|p2|Delphox, L50, F|\n|poke|p2|Maushold-Four, L50|\n|teampreview|4\n|inactive|Battle timer is ON: inactive players will automatically lose when time's up. (requested by SHIDMONBADGAME)\n|inactive|htotoT also wants the timer to be on.\n|inactive|SHIDMONBADGAME has 60 seconds left.\n|\n|t:|1730961187\n|start\n|switch|p1a: Murkrow|Murkrow, L50, F|100\/100\n|switch|p1b: Gholdengo|Gholdengo, L50|100\/100\n|switch|p2a: Paul Allen|Sneasler, L50, M, shiny|100\/100\n|switch|p2b: Patrick Bateman|Indeedee, L50, M, shiny|100\/100\n|-fieldstart|move: Psychic Terrain|[from] ability: Psychic Surge|[of] p2b: Patrick Bateman\n|-enditem|p2a: Paul Allen|Psychic Seed\n|-boost|p2a: Paul Allen|spd|1|[from] item: Psychic Seed\n|turn|1\n|\n|t:|1730961204\n|-terastallize|p1b: Gholdengo|Steel\n|move|p2a: Paul Allen|Protect|p2a: Paul Allen\n|-singleturn|p2a: Paul Allen|Protect\n|move|p2b: Patrick Bateman|Tera Blast|p1a: Murkrow\n|-damage|p1a: Murkrow|72\/100\n|move|p1b: Gholdengo|Make It Rain|p2b: Patrick Bateman|[spread] p2b\n|-activate|p2a: Paul Allen|move: Protect\n|-enditem|p2b: Patrick Bateman|Focus Sash\n|-damage|p2b: Patrick Bateman|1\/100\n|-unboost|p1b: Gholdengo|spa|1\n|move|p1a: Murkrow|Foul Play|p2a: Paul Allen\n|-activate|p2a: Paul Allen|move: Protect\n|\n|upkeep\n|turn|2\n|\n|t:|1730961226\n|switch|p2b: Luis Carruthers|Murkrow, L50, M, shiny|100\/100\n|switch|p1b: Pelipper|Pelipper, L50, M|100\/100\n|-weather|RainDance|[from] ability: Drizzle|[of] p1b: Pelipper\n|move|p2a: Paul Allen|Close Combat|p1b: Pelipper\n|-resisted|p1b: Pelipper\n|-damage|p1b: Pelipper|53\/100\n|-unboost|p2a: Paul Allen|def|1\n|-unboost|p2a: Paul Allen|spd|1\n|move|p1a: Murkrow|Foul Play|p2b: Luis Carruthers\n|-resisted|p2b: Luis Carruthers\n|-damage|p2b: Luis Carruthers|83\/100\n|\n|-weather|RainDance|[upkeep]\n|upkeep\n|turn|3\n|inactive|SHIDMONBADGAME has 30 seconds left.\n|\n|t:|1730961258\n|move|p2b: Luis Carruthers|Tailwind|p2b: Luis Carruthers\n|-sidestart|p2: SHIDMONBADGAME|move: Tailwind\n|move|p1a: Murkrow|Tailwind|p1a: Murkrow\n|-sidestart|p1: htotoT|move: Tailwind\n|move|p2a: Paul Allen|Close Combat|p1a: Murkrow\n|-damage|p1a: Murkrow|0 fnt\n|-unboost|p2a: Paul Allen|def|1\n|-unboost|p2a: Paul Allen|spd|1\n|faint|p1a: Murkrow\n|move|p1b: Pelipper|Hurricane|p2a: Paul Allen\n|-supereffective|p2a: Paul Allen\n|-damage|p2a: Paul Allen|0 fnt\n|faint|p2a: Paul Allen\n|\n|-weather|RainDance|[upkeep]\n|upkeep\n|\n|t:|1730961271\n|switch|p2a: Patrick Bateman|Indeedee, L50, M, shiny|1\/100\n|switch|p1a: Gholdengo|Gholdengo, L50, tera:Steel|100\/100\n|turn|4\n|\n|t:|1730961287\n|move|p2b: Luis Carruthers|Tailwind||[still]\n|-fail|p2b: Luis Carruthers\n|move|p2a: Patrick Bateman|Tera Blast|p1b: Pelipper\n|-damage|p1b: Pelipper|0 fnt\n|faint|p1b: Pelipper\n|move|p1a: Gholdengo|Make It Rain|p2b: Luis Carruthers|[spread] p2a,p2b\n|-damage|p2a: Patrick Bateman|0 fnt\n|-damage|p2b: Luis Carruthers|0 fnt\n|-unboost|p1a: Gholdengo|spa|1\n|faint|p2a: Patrick Bateman\n|faint|p2b: Luis Carruthers\n|\n|-weather|RainDance|[upkeep]\n|upkeep\n|\n|t:|1730961294\n|switch|p1b: Archaludon|Archaludon, L50, M|100\/100\n|switch|p2b: Marcus Halberstram|Dragapult, L50, M|100\/100\n|turn|5\n|\n|t:|1730961298\n|-terastallize|p2b: Marcus Halberstram|Dragon\n|move|p2b: Marcus Halberstram|Dragon Darts|p1a: Gholdengo\n|-resisted|p1a: Gholdengo\n|-damage|p1a: Gholdengo|71\/100\n|-anim|p2b: Marcus Halberstram|Dragon Darts|p1b: Archaludon\n|-damage|p1b: Archaludon|56\/100\n|-ability|p1b: Archaludon|Stamina|boost\n|-boost|p1b: Archaludon|def|1\n|move|p1b: Archaludon|Dragon Pulse|p2b: Marcus Halberstram\n|-supereffective|p2b: Marcus Halberstram\n|-damage|p2b: Marcus Halberstram|0 fnt\n|faint|p2b: Marcus Halberstram\n|\n|win|htotoT\n|raw|htotoT's rating: 1672 &rarr; <strong>1699<\/strong><br \/>(+27 for winning)\n|raw|SHIDMONBADGAME's rating: 1803 &rarr; <strong>1776<\/strong><br \/>(-27 for losing)\n|l|\u2606htotoT\n|player|p1|\n","uploadtime":1730961449,"views":32,"formatid":"gen9vgc2024regh","rating":1699,"private":0,"password":null}