{"id":"gen9vgc2024regh-2239211782","format":"[Gen 9] VGC 2024 Reg H","players":["bobonov","jhyjhyt"],"log":"|j|\u2606bobonov\n|j|\u2606jhyjhyt\n|t:|1730986193\n|gametype|doubles\n|player|p1|bobonov|101|1775\n|player|p2|jhyjhyt|266|1687\n|teamsize|p1|6\n|teamsize|p2|6\n|gen|9\n|tier|[Gen 9] VGC 2024 Reg H\n|rated|\n|rule|Species Clause: Limit one of each Pok\u00e9mon\n|rule|Item Clause: Limit 1 of each item\n|clearpoke\n|poke|p1|Incineroar, L50, M|\n|poke|p1|Amoonguss, L50, F|\n|poke|p1|Gengar, L50, M|\n|poke|p1|Archaludon, L50, M|\n|poke|p1|Pelipper, L50, M|\n|poke|p1|Basculegion, L50, M|\n|poke|p2|Dondozo, L50, F|\n|poke|p2|Tatsugiri, L50, F|\n|poke|p2|Pelipper, L50, F|\n|poke|p2|Archaludon, L50, M|\n|poke|p2|Amoonguss, L50, M|\n|poke|p2|Murkrow, L50, F|\n|teampreview|4\n|\n|t:|1730986209\n|start\n|switch|p1a: Incineroar|Incineroar, L50, M|100\/100\n|switch|p1b: Gengar|Gengar, L50, M|100\/100\n|switch|p2a: Dondozo|Dondozo, L50, F|100\/100\n|switch|p2b: Pelipper|Pelipper, L50, F|100\/100\n|-weather|RainDance|[from] ability: Drizzle|[of] p2b: Pelipper\n|-ability|p1a: Incineroar|Intimidate|boost\n|-unboost|p2a: Dondozo|atk|1\n|-unboost|p2b: Pelipper|atk|1\n|turn|1\n|inactive|Battle timer is ON: inactive players will automatically lose when time's up. (requested by jhyjhyt)\n|\n|t:|1730986227\n|switch|p2b: Tatsugiri|Tatsugiri, L50, F|100\/100\n|-activate|p2b: Tatsugiri|ability: Commander|[of] p2a: Dondozo\n|-boost|p2a: Dondozo|atk|2\n|-boost|p2a: Dondozo|spa|2\n|-boost|p2a: Dondozo|spe|2\n|-boost|p2a: Dondozo|def|2\n|-boost|p2a: Dondozo|spd|2\n|-terastallize|p2a: Dondozo|Water\n|move|p2a: Dondozo|Surf|p1b: Gengar|[spread] p1a,p1b\n|-miss|p2a: Dondozo|p2b: Tatsugiri\n|-supereffective|p1a: Incineroar\n|-damage|p1a: Incineroar|0 fnt\n|-enditem|p1b: Gengar|Focus Sash\n|-damage|p1b: Gengar|1\/100\n|faint|p1a: Incineroar\n|move|p1b: Gengar|Trick Room|p1b: Gengar\n|-fieldstart|move: Trick Room|[of] p1b: Gengar\n|\n|-weather|RainDance|[upkeep]\n|upkeep\n|\n|t:|1730986245\n|switch|p1a: Archaludon|Archaludon, L50, M|100\/100\n|turn|2\n|\n|t:|1730986257\n|move|p1a: Archaludon|Electro Shot||[still]\n|-prepare|p1a: Archaludon|Electro Shot\n|-boost|p1a: Archaludon|spa|1\n|-anim|p1a: Archaludon|Electro Shot|p2a: Dondozo\n|-supereffective|p2a: Dondozo\n|-damage|p2a: Dondozo|46\/100\n|move|p1b: Gengar|Curse|p2a: Dondozo\n|-start|p2a: Dondozo|Curse|[of] p1b: Gengar\n|-damage|p1b: Gengar|0 fnt\n|faint|p1b: Gengar\n|move|p2a: Dondozo|Wave Crash|p1a: Archaludon\n|-resisted|p1a: Archaludon\n|-damage|p1a: Archaludon|55\/100\n|-ability|p1a: Archaludon|Stamina|boost\n|-boost|p1a: Archaludon|def|1\n|-damage|p2a: Dondozo|33\/100|[from] Recoil\n|\n|-weather|RainDance|[upkeep]\n|-damage|p2a: Dondozo|8\/100|[from] Curse\n|upkeep\n|j| bjvgc1\n|\n|t:|1730986275\n|switch|p1b: Pelipper|Pelipper, L50, M|100\/100\n|turn|3\n|\n|t:|1730986281\n|-terastallize|p1a: Archaludon|Electric\n|move|p2a: Dondozo|Protect|p2a: Dondozo\n|-singleturn|p2a: Dondozo|Protect\n|move|p1b: Pelipper|Hurricane|p2a: Dondozo\n|-activate|p2a: Dondozo|move: Protect\n|move|p1a: Archaludon|Electro Shot||[still]\n|-prepare|p1a: Archaludon|Electro Shot\n|-boost|p1a: Archaludon|spa|1\n|-anim|p1a: Archaludon|Electro Shot|p2a: Dondozo\n|-activate|p2a: Dondozo|move: Protect\n|\n|-weather|RainDance|[upkeep]\n|-damage|p2a: Dondozo|0 fnt|[from] Curse\n|faint|p2a: Dondozo\n|upkeep\n|\n|t:|1730986295\n|switch|p2a: Pelipper|Pelipper, L50, F|100\/100\n|turn|4\n|\n|t:|1730986316\n|switch|p2b: Amoonguss|Amoonguss, L50, M|100\/100\n|move|p2a: Pelipper|Protect|p2a: Pelipper\n|-singleturn|p2a: Pelipper|Protect\n|move|p1b: Pelipper|Hurricane|p2a: Pelipper\n|-activate|p2a: Pelipper|move: Protect\n|move|p1a: Archaludon|Electro Shot||[still]\n|-prepare|p1a: Archaludon|Electro Shot\n|-boost|p1a: Archaludon|spa|1\n|-anim|p1a: Archaludon|Electro Shot|p2b: Amoonguss\n|-resisted|p2b: Amoonguss\n|-damage|p2b: Amoonguss|24\/100\n|\n|-weather|RainDance|[upkeep]\n|-heal|p2b: Amoonguss|30\/100|[from] item: Leftovers\n|upkeep\n|turn|5\n|\n|t:|1730986337\n|move|p2b: Amoonguss|Spore|p1a: Archaludon\n|-status|p1a: Archaludon|slp|[from] move: Spore\n|move|p1b: Pelipper|Hurricane|p2a: Pelipper\n|-enditem|p2a: Pelipper|Focus Sash\n|-damage|p2a: Pelipper|1\/100\n|cant|p1a: Archaludon|slp\n|move|p2a: Pelipper|Hurricane|p1b: Pelipper\n|-damage|p1b: Pelipper|33\/100\n|\n|-weather|none\n|-heal|p2b: Amoonguss|36\/100|[from] item: Leftovers\n|-fieldend|move: Trick Room\n|upkeep\n|turn|6\n|inactive|jhyjhyt has 30 seconds left.\n|\n|t:|1730986363\n|move|p2a: Pelipper|Hurricane|p1b: Pelipper\n|-damage|p1b: Pelipper|0 fnt\n|faint|p1b: Pelipper\n|cant|p1a: Archaludon|slp\n|move|p2b: Amoonguss|Pollen Puff|p2a: Pelipper\n|-heal|p2a: Pelipper|51\/100\n|\n|-heal|p2b: Amoonguss|42\/100|[from] item: Leftovers\n|upkeep\n|turn|7\n|inactive|jhyjhyt has 30 seconds left.\n|\n|t:|1730986395\n|move|p2a: Pelipper|Hurricane|p1a: Archaludon\n|-resisted|p1a: Archaludon\n|-damage|p1a: Archaludon|35\/100 slp\n|-ability|p1a: Archaludon|Stamina|boost\n|-boost|p1a: Archaludon|def|1\n|cant|p1a: Archaludon|slp\n|move|p2b: Amoonguss|Spore|p1a: Archaludon\n|-fail|p1a: Archaludon|slp\n|\n|-heal|p2b: Amoonguss|48\/100|[from] item: Leftovers\n|upkeep\n|turn|8\n|\n|t:|1730986412\n|move|p2b: Amoonguss|Rage Powder|p2b: Amoonguss\n|-singleturn|p2b: Amoonguss|move: Rage Powder\n|move|p2a: Pelipper|Weather Ball|p1a: Archaludon\n|-damage|p1a: Archaludon|22\/100 slp\n|-ability|p1a: Archaludon|Stamina|boost\n|-boost|p1a: Archaludon|def|1\n|-curestatus|p1a: Archaludon|slp|[msg]\n|move|p1a: Archaludon|Flash Cannon|p2b: Amoonguss\n|-damage|p2b: Amoonguss|0 fnt\n|faint|p2b: Amoonguss\n|\n|upkeep\n|\n|t:|1730986422\n|switch|p2b: Tatsugiri|Tatsugiri, L50, F|100\/100\n|turn|9\n|\n|t:|1730986429\n|move|p2b: Tatsugiri|Dragon Pulse|p1a: Archaludon\n|-crit|p1a: Archaludon\n|-damage|p1a: Archaludon|0 fnt\n|faint|p1a: Archaludon\n|\n|win|jhyjhyt\n|raw|bobonov's rating: 1775 &rarr; <strong>1749<\/strong><br \/>(-26 for losing)\n|raw|jhyjhyt's rating: 1664 &rarr; <strong>1690<\/strong><br \/>(+26 for winning)\n|l|\u2606jhyjhyt\n|player|p2|\n|l|\u2606bobonov\n|player|p1|\n|l| bjvgc1\n","uploadtime":1730986611,"views":30,"formatid":"gen9vgc2024regh","rating":1690,"private":0,"password":null}