{"id":"gen9vgc2024regh-2239217746","format":"[Gen 9] VGC 2024 Reg H","players":["extra.blended","Susquehana"],"log":"|j|\u2606extra.blended\n|j|\u2606Susquehana\n|t:|1730986896\n|gametype|doubles\n|player|p1|extra.blended|linebacker|1745\n|player|p2|Susquehana|1|1701\n|teamsize|p1|6\n|teamsize|p2|6\n|gen|9\n|tier|[Gen 9] VGC 2024 Reg H\n|rated|\n|rule|Species Clause: Limit one of each Pok\u00e9mon\n|rule|Item Clause: Limit 1 of each item\n|clearpoke\n|poke|p1|Garganacl, L50, F|\n|poke|p1|Hippowdon, L50, M|\n|poke|p1|Glimmora, L50, M|\n|poke|p1|Lumineon, L50, F|\n|poke|p1|Gholdengo, L50|\n|poke|p1|Baxcalibur, L50, M|\n|poke|p2|Dondozo, L50, F|\n|poke|p2|Tatsugiri, L50, F|\n|poke|p2|Gholdengo, L50|\n|poke|p2|Dragonite, L50, F|\n|poke|p2|Blaziken, L50, M|\n|poke|p2|Kilowattrel, L50, F|\n|teampreview|4\nSusquehana has agreed to open team sheets.\n|inactive|Battle timer is ON: inactive players will automatically lose when time's up. (requested by Susquehana)\n|inactive|extra.blended has 60 seconds left.\n|inactive|Susquehana has 60 seconds left.\n|inactive|extra.blended has 30 seconds left.\n|inactive|extra.blended has 20 seconds left.\n|inactive|extra.blended has 15 seconds left.\n|\n|t:|1730986982\n|start\n|switch|p1a: Baxcalibur|Baxcalibur, L50, M|100\/100\n|switch|p1b: Hippowdon|Hippowdon, L50, M|100\/100\n|switch|p2a: Dondozo|Dondozo, L50, F, shiny|100\/100\n|switch|p2b: Gholdengo|Gholdengo, L50, shiny|100\/100\n|-weather|Sandstorm|[from] ability: Sand Stream|[of] p1b: Hippowdon\n|turn|1\n|\n|t:|1730987006\n|-terastallize|p1a: Baxcalibur|Ground\n|move|p2a: Dondozo|Protect|p2a: Dondozo\n|-singleturn|p2a: Dondozo|Protect\n|move|p1b: Hippowdon|Protect|p1b: Hippowdon\n|-singleturn|p1b: Hippowdon|Protect\n|move|p2b: Gholdengo|Make It Rain|p1a: Baxcalibur|[spread] p1a\n|-activate|p1b: Hippowdon|move: Protect\n|-damage|p1a: Baxcalibur|59\/100\n|-unboost|p2b: Gholdengo|spa|1\n|move|p1a: Baxcalibur|High Horsepower|p2b: Gholdengo\n|-supereffective|p2b: Gholdengo\n|-damage|p2b: Gholdengo|0 fnt\n|faint|p2b: Gholdengo\n|\n|-weather|Sandstorm|[upkeep]\n|-damage|p2a: Dondozo|94\/100|[from] Sandstorm\n|-heal|p2a: Dondozo|100\/100|[from] item: Leftovers\n|upkeep\n|\n|t:|1730987014\n|switch|p2b: Dragonite|Dragonite, L50, F, shiny|100\/100\n|turn|2\n|inactive|extra.blended has 30 seconds left.\n|\n|t:|1730987042\n|switch|p1a: Garganacl|Garganacl, L50, F|100\/100\n|switch|p2b: Tatsugiri|Tatsugiri, L50, F, shiny|100\/100\n|-activate|p2b: Tatsugiri|ability: Commander|[of] p2a: Dondozo\n|-boost|p2a: Dondozo|atk|2\n|-boost|p2a: Dondozo|spa|2\n|-boost|p2a: Dondozo|spe|2\n|-boost|p2a: Dondozo|def|2\n|-boost|p2a: Dondozo|spd|2\n|move|p2a: Dondozo|Order Up|p1a: Garganacl\n|-damage|p1a: Garganacl|64\/100\n|-boost|p2a: Dondozo|atk|1\n|move|p1b: Hippowdon|Whirlwind|p2b: Tatsugiri|[miss]\n|-miss|p1b: Hippowdon|p2b: Tatsugiri\n|\n|-weather|Sandstorm|[upkeep]\n|-damage|p2b: Tatsugiri|94\/100|[from] Sandstorm\n|-damage|p2a: Dondozo|94\/100|[from] Sandstorm\n|-heal|p2a: Dondozo|100\/100|[from] item: Leftovers\n|-heal|p1a: Garganacl|70\/100|[from] item: Leftovers\n|upkeep\n|turn|3\n|\n|t:|1730987053\n|switch|p1b: Lumineon|Lumineon, L50, F|100\/100\n|move|p2a: Dondozo|Earthquake|p1a: Garganacl|[spread] p1a,p1b\n|-miss|p2a: Dondozo|p2b: Tatsugiri\n|-supereffective|p1a: Garganacl\n|-damage|p1a: Garganacl|0 fnt\n|-damage|p1b: Lumineon|44\/100\n|faint|p1a: Garganacl\n|\n|-weather|Sandstorm|[upkeep]\n|-damage|p2b: Tatsugiri|88\/100|[from] Sandstorm\n|-damage|p2a: Dondozo|94\/100|[from] Sandstorm\n|-heal|p2a: Dondozo|100\/100|[from] item: Leftovers\n|upkeep\n|\n|t:|1730987059\n|switch|p1a: Hippowdon|Hippowdon, L50, M|100\/100\n|turn|4\n|\n|t:|1730987072\n|move|p1b: Lumineon|Protect|p1b: Lumineon\n|-singleturn|p1b: Lumineon|Protect\n|move|p2a: Dondozo|Order Up|p1b: Lumineon\n|-activate|p1b: Lumineon|move: Protect\n|move|p1a: Hippowdon|Sand Tomb|p2a: Dondozo\n|-damage|p2a: Dondozo|95\/100\n|-activate|p2a: Dondozo|move: Sand Tomb|[of] p1a: Hippowdon\n|\n|-weather|Sandstorm|[upkeep]\n|-damage|p2b: Tatsugiri|82\/100|[from] Sandstorm\n|-damage|p2a: Dondozo|89\/100|[from] Sandstorm\n|-heal|p2a: Dondozo|95\/100|[from] item: Leftovers\n|-damage|p2a: Dondozo|83\/100|[from] move: Sand Tomb|[partiallytrapped]\n|upkeep\n|turn|5\n|\n|t:|1730987080\n|move|p2a: Dondozo|Order Up|p1b: Lumineon\n|-damage|p1b: Lumineon|0 fnt\n|faint|p1b: Lumineon\n|-boost|p2a: Dondozo|atk|1\n|move|p1a: Hippowdon|Slack Off||[still]\n|-fail|p1a: Hippowdon|heal\n|\n|-weather|none\n|-heal|p2a: Dondozo|89\/100|[from] item: Leftovers\n|-damage|p2a: Dondozo|77\/100|[from] move: Sand Tomb|[partiallytrapped]\n|upkeep\n|-message|extra.blended forfeited.\n|\n|win|Susquehana\n|raw|extra.blended's rating: 1745 &rarr; <strong>1722<\/strong><br \/>(-23 for losing)\n|raw|Susquehana's rating: 1701 &rarr; <strong>1724<\/strong><br \/>(+23 for winning)\n|l|\u2606extra.blended\n|player|p1|\n|l|\u2606Susquehana\n|player|p2|\n","uploadtime":1730987302,"views":40,"formatid":"gen9vgc2024regh","rating":1722,"private":0,"password":null}