{"id":"gen9vgc2024regh-2239531110","format":"[Gen 9] VGC 2024 Reg H","players":["Ludvik \/ test","ren122333"],"log":"|j|\u2606Ludvik \/ test\n|j|\u2606ren122333\n|t:|1731018403\n|gametype|doubles\n|player|p1|Ludvik \/ test|giovanni|1692\n|player|p2|ren122333|hilbert|1802\n|teamsize|p1|6\n|teamsize|p2|6\n|gen|9\n|tier|[Gen 9] VGC 2024 Reg H\n|rated|\n|rule|Species Clause: Limit one of each Pok\u00e9mon\n|rule|Item Clause: Limit 1 of each item\n|clearpoke\n|poke|p1|Palafin, L50, M|\n|poke|p1|Incineroar, L50, F|\n|poke|p1|Rillaboom, L50, M|\n|poke|p1|Sneasler, L50, F|\n|poke|p1|Pelipper, L50, F|\n|poke|p1|Archaludon, L50, M|\n|poke|p2|Whimsicott, L50, F|\n|poke|p2|Mamoswine, L50, M|\n|poke|p2|Lycanroc-Dusk, L50, M|\n|poke|p2|Typhlosion-Hisui, L50, M|\n|poke|p2|Farigiraf, L50, F|\n|poke|p2|Mienshao, L50, M|\n|teampreview|4\n|j| sitojuri\n|inactive|Battle timer is ON: inactive players will automatically lose when time's up. (requested by ren122333)\n|inactive|Ludvik \/ test has 60 seconds left.\n|\n|t:|1731018455\n|start\n|switch|p1a: Palafin|Palafin, L50, M, shiny|100\/100\n|switch|p1b: Archaludon|Archaludon, L50, M|100\/100\n|switch|p2a: Whimsicott|Whimsicott, L50, F|100\/100\n|switch|p2b: Mamoswine|Mamoswine, L50, M|100\/100\n|turn|1\n|j| mr pogostick\n|\n|t:|1731018477\n|detailschange|p1a: Palafin|Palafin-Hero, L50, M, shiny\n|switch|p1a: Incineroar|Incineroar, L50, F|100\/100\n|-ability|p1a: Incineroar|Intimidate|boost\n|-unboost|p2a: Whimsicott|atk|1\n|-fail|p2b: Mamoswine|unboost|Attack|[from] ability: Oblivious|[of] p2b: Mamoswine\n|-terastallize|p2b: Mamoswine|Grass\n|move|p2a: Whimsicott|Tailwind|p2a: Whimsicott\n|-sidestart|p2: ren122333|move: Tailwind\n|move|p2b: Mamoswine|Tera Blast|p1a: Incineroar|[anim] Tera Blast Grass\n|-resisted|p1a: Incineroar\n|-damage|p1a: Incineroar|79\/100\n|move|p1b: Archaludon|Flash Cannon|p2a: Whimsicott\n|-supereffective|p2a: Whimsicott\n|-enditem|p2a: Whimsicott|Focus Sash\n|-damage|p2a: Whimsicott|1\/100\n|\n|upkeep\n|turn|2\n|inactive|Ludvik \/ test has 30 seconds left.\n|\n|t:|1731018504\n|switch|p2a: Farigiraf|Farigiraf, L50, F|100\/100\n|move|p1a: Incineroar|Fake Out||[still]\n|cant|p2a: Farigiraf|ability: Armor Tail|Fake Out|[of] p1a: Incineroar\n|move|p2b: Mamoswine|High Horsepower|p1a: Incineroar\n|-supereffective|p1a: Incineroar\n|-damage|p1a: Incineroar|0 fnt\n|faint|p1a: Incineroar\n|move|p1b: Archaludon|Dragon Pulse|p2b: Mamoswine\n|-damage|p2b: Mamoswine|37\/100\n|\n|upkeep\n|\n|t:|1731018515\n|switch|p1a: Pelipper|Pelipper, L50, F|100\/100\n|-weather|RainDance|[from] ability: Drizzle|[of] p1a: Pelipper\n|turn|3\n|inactive|Ludvik \/ test has 30 seconds left.\n|inactive|Ludvik \/ test has 20 seconds left.\n|inactive|Ludvik \/ test has 15 seconds left.\n|inactive|Ludvik \/ test has 10 seconds left.\n|\n|t:|1731018561\n|move|p1b: Archaludon|Protect|p1b: Archaludon\n|-singleturn|p1b: Archaludon|Protect\n|move|p2b: Mamoswine|Tera Blast|p1a: Pelipper|[anim] Tera Blast Grass\n|-damage|p1a: Pelipper|55\/100\n|move|p2a: Farigiraf|Hyper Voice|p1a: Pelipper|[spread] p1a\n|-activate|p1b: Archaludon|move: Protect\n|-damage|p1a: Pelipper|11\/100\n|move|p1a: Pelipper|Tailwind|p1a: Pelipper\n|-sidestart|p1: Ludvik \/ test|move: Tailwind\n|\n|-weather|RainDance|[upkeep]\n|upkeep\n|turn|4\n|\n|t:|1731018577\n|move|p1b: Archaludon|Electro Shot||[still]\n|-prepare|p1b: Archaludon|Electro Shot\n|-boost|p1b: Archaludon|spa|1\n|-anim|p1b: Archaludon|Electro Shot|p2a: Farigiraf\n|-damage|p2a: Farigiraf|26\/100\n|move|p2b: Mamoswine|High Horsepower|p1b: Archaludon\n|-supereffective|p1b: Archaludon\n|-ability|p1b: Archaludon|Sturdy\n|-damage|p1b: Archaludon|1\/100\n|move|p1a: Pelipper|Weather Ball|p2a: Farigiraf\n|-damage|p2a: Farigiraf|0 fnt\n|faint|p2a: Farigiraf\n|\n|-weather|RainDance|[upkeep]\n|-sideend|p2: ren122333|move: Tailwind\n|upkeep\n|\n|t:|1731018585\n|switch|p2a: Whimsicott|Whimsicott, L50, F|1\/100\n|turn|5\n|\n|t:|1731018601\n|move|p1b: Archaludon|Protect|p1b: Archaludon\n|-singleturn|p1b: Archaludon|Protect\n|move|p2a: Whimsicott|Tailwind|p2a: Whimsicott\n|-sidestart|p2: ren122333|move: Tailwind\n|move|p2b: Mamoswine|Tera Blast|p1a: Pelipper|[anim] Tera Blast Grass\n|-damage|p1a: Pelipper|0 fnt\n|faint|p1a: Pelipper\n|\n|-weather|RainDance|[upkeep]\n|upkeep\n|\n|t:|1731018607\n|switch|p1a: Palafin|Palafin-Hero, L50, M, shiny|100\/100\n|-activate|p1a: Palafin|ability: Zero to Hero\n|turn|6\n|\n|t:|1731018623\n|move|p2a: Whimsicott|Sunny Day|p2a: Whimsicott\n|-weather|SunnyDay\n|move|p1a: Palafin|Jet Punch|p2b: Mamoswine\n|-resisted|p2b: Mamoswine\n|-damage|p2b: Mamoswine|25\/100\n|move|p1b: Archaludon|Flash Cannon|p2a: Whimsicott\n|-supereffective|p2a: Whimsicott\n|-damage|p2a: Whimsicott|0 fnt\n|faint|p2a: Whimsicott\n|move|p2b: Mamoswine|Tera Blast|p1a: Palafin|[anim] Tera Blast Grass\n|-supereffective|p1a: Palafin\n|-crit|p1a: Palafin\n|-damage|p1a: Palafin|0 fnt\n|faint|p1a: Palafin\n|\n|-weather|SunnyDay|[upkeep]\n|-sideend|p1: Ludvik \/ test|move: Tailwind\n|upkeep\n|-message|Ludvik \/ test forfeited.\n|\n|win|ren122333\n|raw|Ludvik &#x2f; test's rating: 1692 &rarr; <strong>1678<\/strong><br \/>(-14 for losing)\n|raw|ren122333's rating: 1802 &rarr; <strong>1816<\/strong><br \/>(+14 for winning)\n|l|\u2606Ludvik \/ test\n|player|p1|\n|l| mr pogostick\n|l|\u2606ren122333\n|player|p2|\n|l| sitojuri\n","uploadtime":1731018885,"views":6,"formatid":"gen9vgc2024regh","rating":1678,"private":0,"password":null}