{"id":"gen9vgc2024regh-2239069585","format":"[Gen 9] VGC 2024 Reg H","players":["fangame10","Aki Hoshino"],"log":"|j|\u2606fangame10\n|j|\u2606Aki Hoshino\n|t:|1730961826\n|gametype|doubles\n|player|p1|fangame10|red|1710\n|player|p2|Aki Hoshino|aromalady|1833\n|teamsize|p1|6\n|teamsize|p2|6\n|gen|9\n|tier|[Gen 9] VGC 2024 Reg H\n|rated|\n|rule|Species Clause: Limit one of each Pok\u00e9mon\n|rule|Item Clause: Limit 1 of each item\n|clearpoke\n|poke|p1|Glaceon, L50, F|\n|poke|p1|Ninetales-Alola, L50, F|\n|poke|p1|Milotic, L50, M|\n|poke|p1|Skeledirge, L50, M|\n|poke|p1|Garchomp, L50, F|\n|poke|p1|Sneasler, L50, M|\n|poke|p2|Grimmsnarl, L50, M|\n|poke|p2|Volcarona, L50, M|\n|poke|p2|Kingambit, L50, F|\n|poke|p2|Rillaboom, L50, F|\n|poke|p2|Dragonite, L50, F|\n|poke|p2|Annihilape, L50, F|\n|teampreview|4\n|inactive|Battle timer is ON: inactive players will automatically lose when time's up. (requested by fangame10)\n|inactive|Aki Hoshino has 60 seconds left.\n|\n|t:|1730961865\n|start\n|switch|p1a: Milotic|Milotic, L50, M, shiny|100\/100\n|switch|p1b: Ninetales|Ninetales-Alola, L50, F, shiny|100\/100\n|switch|p2a: Grimmsnarl|Grimmsnarl, L50, M|100\/100\n|switch|p2b: Dragonite|Dragonite, L50, F|100\/100\n|-weather|Snow|[from] ability: Snow Warning|[of] p1b: Ninetales\n|turn|1\n|inactive|Aki Hoshino has 30 seconds left.\n|\n|t:|1730961899\n|-terastallize|p2b: Dragonite|Steel\n|move|p2a: Grimmsnarl|Light Screen|p2a: Grimmsnarl\n|-sidestart|p2: Aki Hoshino|move: Light Screen\n|move|p1b: Ninetales|Aurora Veil|p1b: Ninetales\n|-sidestart|p1: fangame10|move: Aurora Veil\n|move|p2b: Dragonite|Iron Head|p1b: Ninetales\n|-supereffective|p1b: Ninetales\n|-damage|p1b: Ninetales|0 fnt\n|faint|p1b: Ninetales\n|move|p1a: Milotic|Coil|p1a: Milotic\n|-boost|p1a: Milotic|atk|1\n|-boost|p1a: Milotic|def|1\n|-boost|p1a: Milotic|accuracy|1\n|\n|-weather|Snow|[upkeep]\n|upkeep\n|\n|t:|1730961905\n|switch|p1b: Skeledirge|Skeledirge, L50, M, shiny|100\/100\n|turn|2\n|\n|t:|1730961929\n|move|p2b: Dragonite|Scale Shot|p1b: Skeledirge\n|-damage|p1b: Skeledirge|92\/100\n|-damage|p1b: Skeledirge|83\/100\n|-damage|p1b: Skeledirge|74\/100\n|-damage|p1b: Skeledirge|65\/100\n|-hitcount|p1b: Skeledirge|4\n|-unboost|p2b: Dragonite|def|1\n|-boost|p2b: Dragonite|spe|1\n|move|p1a: Milotic|Hypnosis|p2a: Grimmsnarl\n|-status|p2a: Grimmsnarl|slp|[from] move: Hypnosis\n|move|p1b: Skeledirge|Torch Song|p2b: Dragonite\n|-supereffective|p2b: Dragonite\n|-damage|p2b: Dragonite|75\/100\n|-boost|p1b: Skeledirge|spa|1\n|cant|p2a: Grimmsnarl|slp\n|\n|-weather|Snow|[upkeep]\n|upkeep\n|turn|3\n|j| Jamtaviousiv\n|j| gcgoat\n|inactive|Aki Hoshino has 30 seconds left.\n|inactive|Aki Hoshino has 20 seconds left.\n|inactive|Aki Hoshino has 15 seconds left.\n|inactive|Aki Hoshino has 10 seconds left.\n|\n|t:|1730961979\n|move|p2b: Dragonite|Haze|p2b: Dragonite\n|-clearallboost\n|move|p1a: Milotic|Life Dew||[still]|[spread] p1a,p1b\n|-fail|p1a: Milotic|heal\n|-heal|p1b: Skeledirge|90\/100\n|move|p1b: Skeledirge|Torch Song|p2b: Dragonite\n|-supereffective|p2b: Dragonite\n|-damage|p2b: Dragonite|14\/100\n|-boost|p1b: Skeledirge|spa|1\n|-curestatus|p2a: Grimmsnarl|slp|[msg]\n|move|p2a: Grimmsnarl|Spirit Break|p1b: Skeledirge\n|-resisted|p1b: Skeledirge\n|-damage|p1b: Skeledirge|81\/100\n|-unboost|p1b: Skeledirge|spa|1\n|\n|-weather|Snow|[upkeep]\n|upkeep\n|turn|4\n|inactive|fangame10 has 30 seconds left.\n|inactive|Aki Hoshino has 30 seconds left.\n|\n|t:|1730962008\n|move|p2a: Grimmsnarl|Thunder Wave|p1a: Milotic\n|-status|p1a: Milotic|par\n|move|p2b: Dragonite|Scale Shot|p1a: Milotic|[miss]\n|-miss|p2b: Dragonite|p1a: Milotic\n|move|p1b: Skeledirge|Torch Song|p2b: Dragonite\n|-supereffective|p2b: Dragonite\n|-crit|p2b: Dragonite\n|-damage|p2b: Dragonite|0 fnt\n|-boost|p1b: Skeledirge|spa|1\n|faint|p2b: Dragonite\n|cant|p1a: Milotic|par\n|\n|-weather|Snow|[upkeep]\n|upkeep\n|\n|t:|1730962016\n|switch|p2b: Annihilape|Annihilape, L50, F|100\/100\n|turn|5\n|j| Broccol1\n|l| gcgoat\n|\n|t:|1730962030\n|switch|p2a: Rillaboom|Rillaboom, L50, F|100\/100\n|-fieldstart|move: Grassy Terrain|[from] ability: Grassy Surge|[of] p2a: Rillaboom\n|move|p1b: Skeledirge|Protect|p1b: Skeledirge\n|-singleturn|p1b: Skeledirge|Protect\n|move|p2b: Annihilape|Bulk Up|p2b: Annihilape\n|-boost|p2b: Annihilape|atk|1\n|-boost|p2b: Annihilape|def|1\n|move|p1a: Milotic|Coil|p1a: Milotic\n|-boost|p1a: Milotic|atk|1\n|-boost|p1a: Milotic|def|1\n|-boost|p1a: Milotic|accuracy|1\n|\n|-weather|none\n|-heal|p1b: Skeledirge|86\/100|[from] Grassy Terrain\n|upkeep\n|turn|6\n|\n|t:|1730962051\n|move|p2b: Annihilape|Drain Punch|p1a: Milotic\n|-damage|p1a: Milotic|72\/100 par\n|move|p2a: Rillaboom|Wood Hammer|p1a: Milotic\n|-supereffective|p1a: Milotic\n|-damage|p1a: Milotic|0 fnt\n|faint|p1a: Milotic\n|-damage|p2a: Rillaboom|77\/100|[from] Recoil\n|move|p1b: Skeledirge|Torch Song|p2a: Rillaboom\n|-supereffective|p2a: Rillaboom\n|-damage|p2a: Rillaboom|16\/100\n|-boost|p1b: Skeledirge|spa|1\n|\n|-heal|p2a: Rillaboom|22\/100|[from] Grassy Terrain\n|-heal|p1b: Skeledirge|92\/100|[from] Grassy Terrain\n|upkeep\n|\n|t:|1730962056\n|switch|p1a: Glaceon|Glaceon, L50, F, shiny|100\/100\n|turn|7\n|inactive|fangame10 has 30 seconds left.\n|inactive|Aki Hoshino has 30 seconds left.\n|\n|t:|1730962083\n|move|p1a: Glaceon|Detect|p1a: Glaceon\n|-singleturn|p1a: Glaceon|Protect\n|move|p2a: Rillaboom|Grassy Glide|p1a: Glaceon\n|-activate|p1a: Glaceon|move: Protect\n|move|p2b: Annihilape|Drain Punch|p1a: Glaceon\n|-activate|p1a: Glaceon|move: Protect\n|move|p1b: Skeledirge|Torch Song|p2a: Rillaboom\n|-supereffective|p2a: Rillaboom\n|-damage|p2a: Rillaboom|0 fnt\n|-boost|p1b: Skeledirge|spa|1\n|faint|p2a: Rillaboom\n|\n|-heal|p1b: Skeledirge|98\/100|[from] Grassy Terrain\n|upkeep\n|\n|t:|1730962086\n|switch|p2a: Grimmsnarl|Grimmsnarl, L50, M|100\/100\n|turn|8\n|\n|t:|1730962095\n|-terastallize|p1b: Skeledirge|Dark\n|move|p2a: Grimmsnarl|Thunder Wave|p1b: Skeledirge\n|-hint|Since gen 7, Dark is immune to Prankster moves.\n|-immune|p1b: Skeledirge\n|move|p2b: Annihilape|Drain Punch|p1a: Glaceon\n|-supereffective|p1a: Glaceon\n|-damage|p1a: Glaceon|42\/100\n|move|p1b: Skeledirge|Will-O-Wisp|p2b: Annihilape\n|-status|p2b: Annihilape|brn\n|move|p1a: Glaceon|Calm Mind|p1a: Glaceon\n|-boost|p1a: Glaceon|spa|1\n|-boost|p1a: Glaceon|spd|1\n|\n|-heal|p1b: Skeledirge|100\/100|[from] Grassy Terrain\n|-heal|p1a: Glaceon|48\/100|[from] Grassy Terrain\n|-heal|p1a: Glaceon|54\/100|[from] item: Leftovers\n|-damage|p2b: Annihilape|95\/100 brn|[from] brn\n|-sideend|p2: Aki Hoshino|move: Light Screen\n|-sideend|p1: fangame10|move: Aurora Veil\n|upkeep\n|turn|9\n|\n|t:|1730962112\n|move|p1a: Glaceon|Detect|p1a: Glaceon\n|-singleturn|p1a: Glaceon|Protect\n|move|p2b: Annihilape|Drain Punch|p1b: Skeledirge\n|-supereffective|p1b: Skeledirge\n|-damage|p1b: Skeledirge|66\/100\n|-heal|p2b: Annihilape|100\/100 brn|[from] drain|[of] p1b: Skeledirge\n|move|p1b: Skeledirge|Torch Song|p2a: Grimmsnarl\n|-damage|p2a: Grimmsnarl|15\/100\n|-boost|p1b: Skeledirge|spa|1\n|move|p2a: Grimmsnarl|Spirit Break|p1b: Skeledirge\n|-supereffective|p1b: Skeledirge\n|-damage|p1b: Skeledirge|10\/100\n|-unboost|p1b: Skeledirge|spa|1\n|\n|-heal|p1b: Skeledirge|16\/100|[from] Grassy Terrain\n|-heal|p2a: Grimmsnarl|21\/100|[from] Grassy Terrain\n|-heal|p1a: Glaceon|60\/100|[from] Grassy Terrain\n|-heal|p1a: Glaceon|66\/100|[from] item: Leftovers\n|-damage|p2b: Annihilape|95\/100 brn|[from] brn\n|-fieldend|move: Grassy Terrain\n|upkeep\n|turn|10\n|j| zcdd\n|\n|t:|1730962137\n|move|p1b: Skeledirge|Protect|p1b: Skeledirge\n|-singleturn|p1b: Skeledirge|Protect\n|move|p2a: Grimmsnarl|Light Screen|p2a: Grimmsnarl\n|-sidestart|p2: Aki Hoshino|move: Light Screen\n|move|p2b: Annihilape|Drain Punch|p1b: Skeledirge\n|-activate|p1b: Skeledirge|move: Protect\n|move|p1a: Glaceon|Freeze-Dry|p2a: Grimmsnarl\n|-damage|p2a: Grimmsnarl|0 fnt\n|faint|p2a: Grimmsnarl\n|\n|-heal|p2b: Annihilape|100\/100 brn|[from] item: Leftovers\n|-heal|p1a: Glaceon|71\/100|[from] item: Leftovers\n|-damage|p2b: Annihilape|95\/100 brn|[from] brn\n|upkeep\n|turn|11\n|\n|t:|1730962142\n|move|p2b: Annihilape|Drain Punch|p1a: Glaceon\n|-supereffective|p1a: Glaceon\n|-damage|p1a: Glaceon|28\/100\n|-heal|p2b: Annihilape|100\/100 brn|[from] drain|[of] p1a: Glaceon\n|move|p1b: Skeledirge|Shadow Ball|p2b: Annihilape\n|-supereffective|p2b: Annihilape\n|-crit|p2b: Annihilape\n|-damage|p2b: Annihilape|0 fnt\n|faint|p2b: Annihilape\n|\n|win|fangame10\n|raw|fangame10's rating: 1710 &rarr; <strong>1737<\/strong><br \/>(+27 for winning)\n|raw|Aki Hoshino's rating: 1833 &rarr; <strong>1806<\/strong><br \/>(-27 for losing)\n|l|\u2606fangame10\n|player|p1|\n|l|\u2606Aki Hoshino\n|player|p2|\n|l| Broccol1\n|j|\u2606Aki Hoshino\n|player|p2|Aki Hoshino|aromalady|\n|l|\u2606Aki Hoshino\n|player|p2|\n|l| zcdd\n","uploadtime":1730962400,"views":46,"formatid":"gen9vgc2024regh","rating":1737,"private":0,"password":null}