{"id":"gen9vgc2024regh-2239517665","format":"[Gen 9] VGC 2024 Reg H","players":["stoutland2","Fiji663"],"log":"|j|\u2606stoutland2\n|j|\u2606Fiji663\n|t:|1731016931\n|gametype|doubles\n|player|p1|stoutland2|1|1662\n|player|p2|Fiji663|2|1702\n|teamsize|p1|6\n|teamsize|p2|6\n|gen|9\n|tier|[Gen 9] VGC 2024 Reg H\n|rated|\n|rule|Species Clause: Limit one of each Pok\u00e9mon\n|rule|Item Clause: Limit 1 of each item\n|clearpoke\n|poke|p1|Vivillon, L50, F|\n|poke|p1|Gliscor, L50, F|\n|poke|p1|Kingambit, L50, M|\n|poke|p1|Ninetales-Alola, L50, M|\n|poke|p1|Incineroar, L50, M|\n|poke|p1|Archaludon, L50, F|\n|poke|p2|Dragonite, L50, F|\n|poke|p2|Kingambit, L50, M|\n|poke|p2|Tauros-Paldea-Aqua, L50, M|\n|poke|p2|Archaludon, L50, F|\n|poke|p2|Pelipper, L50, F|\n|poke|p2|Rillaboom, L50, F|\n|teampreview|4\n|j| Heropontiki\n|\n|t:|1731016961\n|start\n|switch|p1a: Gliscor|Gliscor, L50, F|100\/100\n|switch|p1b: Vivillon|Vivillon, L50, F|100\/100\n|switch|p2a: Kingambit|Kingambit, L50, M|100\/100\n|switch|p2b: Tauros|Tauros-Paldea-Aqua, L50, M|100\/100\n|-ability|p2b: Tauros|Intimidate|boost\n|-fail|p1a: Gliscor|unboost|Attack|[from] ability: Hyper Cutter|[of] p1a: Gliscor\n|-unboost|p1b: Vivillon|atk|1\n|turn|1\n|\n|t:|1731016998\n|move|p2a: Kingambit|Protect|p2a: Kingambit\n|-singleturn|p2a: Kingambit|Protect\n|move|p2b: Tauros|Raging Bull|p1b: Vivillon\n|-damage|p1b: Vivillon|16\/100\n|move|p1a: Gliscor|Earthquake|p2a: Kingambit|[spread] p2b\n|-activate|p2a: Kingambit|move: Protect\n|-immune|p1b: Vivillon\n|-damage|p2b: Tauros|45\/100\n|move|p1b: Vivillon|Tailwind|p1b: Vivillon\n|-sidestart|p1: stoutland2|move: Tailwind\n|\n|upkeep\n|turn|2\n|\n|t:|1731017031\n|move|p2b: Tauros|Aqua Jet|p1b: Vivillon\n|-damage|p1b: Vivillon|0 fnt\n|faint|p1b: Vivillon\n|move|p1a: Gliscor|Earthquake|p2a: Kingambit|[spread] p2a,p2b\n|-supereffective|p2a: Kingambit\n|-damage|p2a: Kingambit|22\/100\n|-damage|p2b: Tauros|0 fnt\n|faint|p2b: Tauros\n|move|p2a: Kingambit|Kowtow Cleave|p1a: Gliscor\n|-damage|p1a: Gliscor|52\/100\n|\n|upkeep\n|\n|t:|1731017042\n|switch|p2b: Pelipper|Pelipper, L50, F|100\/100\n|switch|p1b: Archaludon|Archaludon, L50, F|100\/100\n|-weather|RainDance|[from] ability: Drizzle|[of] p2b: Pelipper\n|turn|3\n|\n|t:|1731017071\n|switch|p1a: Ninetales|Ninetales-Alola, L50, M|100\/100\n|-weather|Snow|[from] ability: Snow Warning|[of] p1a: Ninetales\n|move|p2a: Kingambit|Sucker Punch||[still]\n|-fail|p2a: Kingambit\n|move|p1b: Archaludon|Electro Shot||[still]\n|-prepare|p1b: Archaludon|Electro Shot\n|-boost|p1b: Archaludon|spa|1\n|-enditem|p1b: Archaludon|Power Herb\n|-anim|p1b: Archaludon|Electro Shot|p2a: Kingambit\n|-damage|p2a: Kingambit|0 fnt\n|faint|p2a: Kingambit\n|move|p2b: Pelipper|Tailwind|p2b: Pelipper\n|-sidestart|p2: Fiji663|move: Tailwind\n|\n|-weather|Snow|[upkeep]\n|upkeep\n|\n|t:|1731017082\n|switch|p2a: Archaludon|Archaludon, L50, F|100\/100\n|turn|4\n|\n|t:|1731017113\n|-terastallize|p1a: Ninetales|Water\n|-terastallize|p2a: Archaludon|Ghost\n|move|p1a: Ninetales|Aurora Veil|p1a: Ninetales\n|-sidestart|p1: stoutland2|move: Aurora Veil\n|move|p2a: Archaludon|Electro Shot||[still]\n|-prepare|p2a: Archaludon|Electro Shot\n|-boost|p2a: Archaludon|spa|1\n|-enditem|p2a: Archaludon|Power Herb\n|-anim|p2a: Archaludon|Electro Shot|p1a: Ninetales\n|-supereffective|p1a: Ninetales\n|-damage|p1a: Ninetales|19\/100\n|move|p1b: Archaludon|Thunderbolt|p2b: Pelipper\n|-supereffective|p2b: Pelipper\n|-damage|p2b: Pelipper|0 fnt\n|faint|p2b: Pelipper\n|\n|-weather|Snow|[upkeep]\n|-sideend|p1: stoutland2|move: Tailwind\n|upkeep\n|turn|5\n|\n|t:|1731017136\n|move|p2a: Archaludon|Dragon Pulse|p1a: Ninetales\n|-damage|p1a: Ninetales|0 fnt\n|faint|p1a: Ninetales\n|move|p1b: Archaludon|Dragon Pulse|p2a: Archaludon\n|-ability|p2a: Archaludon|Sturdy\n|-damage|p2a: Archaludon|1\/100\n|\n|-weather|Snow|[upkeep]\n|upkeep\n|\n|t:|1731017143\n|switch|p1a: Gliscor|Gliscor, L50, F|52\/100\n|turn|6\n|\n|t:|1731017147\n|move|p2a: Archaludon|Aura Sphere|p1b: Archaludon\n|-supereffective|p1b: Archaludon\n|-damage|p1b: Archaludon|17\/100\n|move|p1a: Gliscor|U-turn|p2a: Archaludon\n|-resisted|p2a: Archaludon\n|-damage|p2a: Archaludon|0 fnt\n|faint|p2a: Archaludon\n|\n|win|stoutland2\n|raw|stoutland2's rating: 1662 &rarr; <strong>1684<\/strong><br \/>(+22 for winning)\n|raw|Fiji663's rating: 1702 &rarr; <strong>1680<\/strong><br \/>(-22 for losing)\n|l|\u2606Fiji663\n|player|p2|\n|l|\u2606stoutland2\n|player|p1|\n|l| Heropontiki\n","uploadtime":1731017358,"views":24,"formatid":"gen9vgc2024regh","rating":1680,"private":0,"password":null}