{"id":"gen9vgc2024regh-2239284935","format":"[Gen 9] VGC 2024 Reg H","players":["htotoT","caZISA"],"log":"|j|\u2606htotoT\n|j|\u2606caZISA\n|t:|1730994004\n|gametype|doubles\n|player|p1|htotoT|169|1707\n|player|p2|caZISA|red|1801\n|teamsize|p1|6\n|teamsize|p2|6\n|gen|9\n|tier|[Gen 9] VGC 2024 Reg H\n|rated|\n|rule|Species Clause: Limit one of each Pok\u00e9mon\n|rule|Item Clause: Limit 1 of each item\n|clearpoke\n|poke|p1|Gholdengo, L50|\n|poke|p1|Murkrow, L50, F|\n|poke|p1|Pelipper, L50, M|\n|poke|p1|Archaludon, L50, M|\n|poke|p1|Amoonguss, L50, F|\n|poke|p1|Basculegion-F, L50, F|\n|poke|p2|Amoonguss, L50, M|\n|poke|p2|Incineroar, L50, F|\n|poke|p2|Pelipper, L50, F|\n|poke|p2|Archaludon, L50, F|\n|poke|p2|Ursaluna, L50, F|\n|poke|p2|Gothitelle, L50, F|\n|teampreview|4\n|inactive|Battle timer is ON: inactive players will automatically lose when time's up. (requested by htotoT)\n|inactive|caZISA has 60 seconds left.\n|j| Therazer456\n|j| mpudi\n|\n|t:|1730994055\n|start\n|switch|p1a: Amoonguss|Amoonguss, L50, F|100\/100\n|switch|p1b: Gholdengo|Gholdengo, L50|100\/100\n|switch|p2a: Vanessa|Gothitelle, L50, F|100\/100\n|switch|p2b: Tigre To\u00f1o|Incineroar, L50, F, shiny|100\/100\n|-ability|p2b: Tigre To\u00f1o|Intimidate|boost\n|-unboost|p1a: Amoonguss|atk|1\n|-unboost|p1b: Gholdengo|atk|1\n|turn|1\n|\n|t:|1730994078\n|-terastallize|p1a: Amoonguss|Dark\n|move|p2a: Vanessa|Protect|p2a: Vanessa\n|-singleturn|p2a: Vanessa|Protect\n|move|p1b: Gholdengo|Power Gem|p2b: Tigre To\u00f1o\n|-supereffective|p2b: Tigre To\u00f1o\n|-damage|p2b: Tigre To\u00f1o|20\/100\n|move|p2b: Tigre To\u00f1o|Knock Off|p1b: Gholdengo\n|-supereffective|p1b: Gholdengo\n|-damage|p1b: Gholdengo|0 fnt\n|-enditem|p1b: Gholdengo|Choice Specs|[from] move: Knock Off|[of] p2b: Tigre To\u00f1o\n|faint|p1b: Gholdengo\n|move|p1a: Amoonguss|Spore|p2a: Vanessa\n|-activate|p2a: Vanessa|move: Protect\n|\n|upkeep\n|j| MikeFlem12326171\n|\n|t:|1730994092\n|switch|p1b: Archaludon|Archaludon, L50, M|100\/100\n|turn|2\n|l| MikeFlem12326171\n|\n|t:|1730994100\n|move|p1b: Archaludon|Aura Sphere|p2b: Tigre To\u00f1o\n|-supereffective|p2b: Tigre To\u00f1o\n|-damage|p2b: Tigre To\u00f1o|0 fnt\n|faint|p2b: Tigre To\u00f1o\n|move|p1a: Amoonguss|Spore|p2a: Vanessa\n|-status|p2a: Vanessa|slp|[from] move: Spore\n|cant|p2a: Vanessa|slp\n|\n|upkeep\n|\n|t:|1730994103\n|switch|p2b: Freddy|Ursaluna, L50, F|100\/100\n|turn|3\n|\n|t:|1730994112\n|move|p2b: Freddy|Protect|p2b: Freddy\n|-singleturn|p2b: Freddy|Protect\n|move|p1b: Archaludon|Dragon Pulse|p2a: Vanessa\n|-damage|p2a: Vanessa|66\/100 slp\n|move|p1a: Amoonguss|Pollen Puff|p2a: Vanessa\n|-supereffective|p2a: Vanessa\n|-damage|p2a: Vanessa|37\/100 slp\n|cant|p2a: Vanessa|slp\n|\n|-status|p2b: Freddy|brn|[from] item: Flame Orb\n|upkeep\n|turn|4\n|inactive|htotoT has 30 seconds left.\n|\n|t:|1730994145\n|move|p1a: Amoonguss|Rage Powder|p1a: Amoonguss\n|-singleturn|p1a: Amoonguss|move: Rage Powder\n|move|p1b: Archaludon|Aura Sphere|p2b: Freddy\n|-supereffective|p2b: Freddy\n|-damage|p2b: Freddy|47\/100 brn\n|move|p2b: Freddy|Facade|p1a: Amoonguss\n|-damage|p1a: Amoonguss|0 fnt\n|faint|p1a: Amoonguss\n|cant|p2a: Vanessa|slp\n|\n|-damage|p2b: Freddy|41\/100 brn|[from] brn\n|upkeep\n|\n|t:|1730994155\n|switch|p1a: Pelipper|Pelipper, L50, M|100\/100\n|-weather|RainDance|[from] ability: Drizzle|[of] p1a: Pelipper\n|turn|5\n|\n|t:|1730994160\n|switch|p2a: Golden Gate|Archaludon, L50, F|100\/100\n|move|p2b: Freddy|Protect|p2b: Freddy\n|-singleturn|p2b: Freddy|Protect\n|move|p1b: Archaludon|Electro Shot||[still]\n|-prepare|p1b: Archaludon|Electro Shot\n|-boost|p1b: Archaludon|spa|1\n|-anim|p1b: Archaludon|Electro Shot|p2a: Golden Gate\n|-resisted|p2a: Golden Gate\n|-damage|p2a: Golden Gate|74\/100\n|-ability|p2a: Golden Gate|Stamina|boost\n|-boost|p2a: Golden Gate|def|1\n|move|p1a: Pelipper|Weather Ball|p2b: Freddy\n|-activate|p2b: Freddy|move: Protect\n|\n|-weather|RainDance|[upkeep]\n|-damage|p2b: Freddy|36\/100 brn|[from] brn\n|upkeep\n|turn|6\n|\n|t:|1730994174\n|switch|p2b: Vanessa|Gothitelle, L50, F|37\/100 slp\n|move|p1b: Archaludon|Electro Shot||[still]\n|-prepare|p1b: Archaludon|Electro Shot\n|-boost|p1b: Archaludon|spa|1\n|-anim|p1b: Archaludon|Electro Shot|p2a: Golden Gate\n|-resisted|p2a: Golden Gate\n|-damage|p2a: Golden Gate|43\/100\n|-ability|p2a: Golden Gate|Stamina|boost\n|-boost|p2a: Golden Gate|def|1\n|move|p1a: Pelipper|Weather Ball|p2b: Vanessa\n|-damage|p2b: Vanessa|0 fnt\n|faint|p2b: Vanessa\n|move|p2a: Golden Gate|Electro Shot||[still]\n|-prepare|p2a: Golden Gate|Electro Shot\n|-boost|p2a: Golden Gate|spa|1\n|-anim|p2a: Golden Gate|Electro Shot|p1a: Pelipper\n|-supereffective|p1a: Pelipper\n|-enditem|p1a: Pelipper|Focus Sash\n|-damage|p1a: Pelipper|1\/100\n|\n|-weather|RainDance|[upkeep]\n|upkeep\n|\n|t:|1730994180\n|switch|p2b: Freddy|Ursaluna, L50, F|36\/100 brn\n|turn|7\n|inactive|caZISA has 30 seconds left.\n|\n|t:|1730994211\n|-terastallize|p2a: Golden Gate|Fairy\n|move|p2b: Freddy|Protect|p2b: Freddy\n|-singleturn|p2b: Freddy|Protect\n|move|p1b: Archaludon|Aura Sphere|p2a: Golden Gate\n|-resisted|p2a: Golden Gate\n|-damage|p2a: Golden Gate|23\/100\n|-ability|p2a: Golden Gate|Stamina|boost\n|-boost|p2a: Golden Gate|def|1\n|move|p1a: Pelipper|Weather Ball|p2b: Freddy\n|-activate|p2b: Freddy|move: Protect\n|move|p2a: Golden Gate|Electro Shot||[still]\n|-prepare|p2a: Golden Gate|Electro Shot\n|-boost|p2a: Golden Gate|spa|1\n|-anim|p2a: Golden Gate|Electro Shot|p1a: Pelipper\n|-supereffective|p1a: Pelipper\n|-damage|p1a: Pelipper|0 fnt\n|faint|p1a: Pelipper\n|\n|-weather|RainDance|[upkeep]\n|-damage|p2b: Freddy|30\/100 brn|[from] brn\n|upkeep\n|turn|8\n|\n|t:|1730994222\n|move|p1b: Archaludon|Aura Sphere|p2b: Freddy\n|-supereffective|p2b: Freddy\n|-damage|p2b: Freddy|0 fnt\n|faint|p2b: Freddy\n|move|p2a: Golden Gate|Body Press|p1b: Archaludon\n|-supereffective|p1b: Archaludon\n|-damage|p1b: Archaludon|0 fnt\n|faint|p1b: Archaludon\n|\n|win|caZISA\n|raw|htotoT's rating: 1707 &rarr; <strong>1692<\/strong><br \/>(-15 for losing)\n|raw|caZISA's rating: 1801 &rarr; <strong>1816<\/strong><br \/>(+15 for winning)\n|l|\u2606htotoT\n|player|p1|\n|l|\u2606caZISA\n|player|p2|\n|l| mpudi\n","uploadtime":1730994492,"views":25,"formatid":"gen9vgc2024regh","rating":1692,"private":0,"password":null}