{"id":"gen9vgc2024regh-2239005614","format":"[Gen 9] VGC 2024 Reg H","players":["post_testing","lkwa1994"],"log":"|j|\u2606post_testing\n|j|\u2606lkwa1994\n|t:|1730950622\n|gametype|doubles\n|player|p1|post_testing|101|1769\n|player|p2|lkwa1994|101|1732\n|teamsize|p1|6\n|teamsize|p2|6\n|gen|9\n|tier|[Gen 9] VGC 2024 Reg H\n|rated|\n|rule|Species Clause: Limit one of each Pok\u00e9mon\n|rule|Item Clause: Limit 1 of each item\n|clearpoke\n|poke|p1|Archaludon, L50, M|\n|poke|p1|Murkrow, L50, M|\n|poke|p1|Indeedee, L50, M|\n|poke|p1|Sneasler, L50, F|\n|poke|p1|Delphox, L50, M|\n|poke|p1|Dragapult, L50, M|\n|poke|p2|Archaludon, L50, F|\n|poke|p2|Pelipper, L50, M|\n|poke|p2|Torkoal, L50, F|\n|poke|p2|Charizard, L50, M|\n|poke|p2|Tauros-Paldea-Aqua, L50, M|\n|poke|p2|Sinistcha-Masterpiece, L50|\n|teampreview|4\n|\n|t:|1730950655\n|start\n|switch|p1a: Murkrow|Murkrow, L50, M|100\/100\n|switch|p1b: Archaludon|Archaludon, L50, M|100\/100\n|switch|p2a: Torkoal|Torkoal, L50, F|100\/100\n|switch|p2b: Charizard|Charizard, L50, M|100\/100\n|-weather|SunnyDay|[from] ability: Drought|[of] p2a: Torkoal\n|turn|1\n|inactive|Battle timer is ON: inactive players will automatically lose when time's up. (requested by post_testing)\n|inactive|lkwa1994 has 60 seconds left.\n|\n|t:|1730950694\n|-terastallize|p1b: Archaludon|Electric\n|move|p1a: Murkrow|Tailwind|p1a: Murkrow\n|-sidestart|p1: post_testing|move: Tailwind\n|move|p1b: Archaludon|Electro Shot||[still]\n|-prepare|p1b: Archaludon|Electro Shot\n|-boost|p1b: Archaludon|spa|1\n|-enditem|p1b: Archaludon|Power Herb\n|-anim|p1b: Archaludon|Electro Shot|p2b: Charizard\n|-supereffective|p2b: Charizard\n|-damage|p2b: Charizard|0 fnt\n|faint|p2b: Charizard\n|move|p2a: Torkoal|Eruption|p1b: Archaludon|[spread] p1a,p1b\n|-damage|p1a: Murkrow|3\/100\n|-ability|p1b: Archaludon|Sturdy\n|-damage|p1b: Archaludon|1\/100\n|\n|-weather|SunnyDay|[upkeep]\n|upkeep\n|\n|t:|1730950715\n|switch|p2b: Sinistcha|Sinistcha-Masterpiece, L50|100\/100\n|turn|2\n|j| On Garde!! (Voir)\n|\n|t:|1730950730\n|move|p1b: Archaludon|Draco Meteor|p2b: Sinistcha\n|-damage|p2b: Sinistcha|0 fnt\n|-unboost|p1b: Archaludon|spa|2\n|faint|p2b: Sinistcha\n|move|p1a: Murkrow|Foul Play|p2a: Torkoal\n|-damage|p2a: Torkoal|81\/100\n|move|p2a: Torkoal|Heat Wave|p1a: Murkrow|[spread] p1a,p1b\n|-damage|p1a: Murkrow|0 fnt\n|-damage|p1b: Archaludon|0 fnt\n|faint|p1a: Murkrow\n|faint|p1b: Archaludon\n|\n|-weather|SunnyDay|[upkeep]\n|upkeep\n|\n|t:|1730950745\n|switch|p1b: Sneasler|Sneasler, L50, F|100\/100\n|switch|p1a: Dragapult|Dragapult, L50, M|100\/100\n|switch|p2b: Archaludon|Archaludon, L50, F|100\/100\n|turn|3\n|inactive|post_testing has 30 seconds left.\n|inactive|lkwa1994 has 30 seconds left.\n|j| Jamtaviousiv\n|\n|t:|1730950774\n|-terastallize|p2b: Archaludon|Bug\n|move|p1a: Dragapult|Dragon Darts|p2b: Archaludon\n|-damage|p2b: Archaludon|71\/100\n|-ability|p2b: Archaludon|Stamina|boost\n|-boost|p2b: Archaludon|def|1\n|-anim|p1a: Dragapult|Dragon Darts|p2a: Torkoal\n|-damage|p2a: Torkoal|49\/100\n|move|p1b: Sneasler|Close Combat|p2a: Torkoal\n|-damage|p2a: Torkoal|6\/100\n|-unboost|p1b: Sneasler|def|1\n|-unboost|p1b: Sneasler|spd|1\n|move|p2b: Archaludon|Dragon Pulse|p1a: Dragapult\n|-supereffective|p1a: Dragapult\n|-damage|p1a: Dragapult|0 fnt\n|faint|p1a: Dragapult\n|move|p2a: Torkoal|Heat Wave|p1b: Sneasler|[miss]\n|-miss|p2a: Torkoal|p1b: Sneasler\n|\n|-weather|SunnyDay|[upkeep]\n|upkeep\n|turn|4\n|inactive|post_testing has 30 seconds left.\n|inactive|lkwa1994 has 30 seconds left.\n|\n|t:|1730950809\n|move|p1b: Sneasler|Dire Claw|p2a: Torkoal\n|-damage|p2a: Torkoal|0 fnt\n|faint|p2a: Torkoal\n|move|p2b: Archaludon|Dragon Pulse|p1b: Sneasler\n|-damage|p1b: Sneasler|11\/100\n|\n|-weather|SunnyDay|[upkeep]\n|-sideend|p1: post_testing|move: Tailwind\n|upkeep\n|turn|5\n|\n|t:|1730950818\n|move|p1b: Sneasler|Dire Claw|p2b: Archaludon\n|-damage|p2b: Archaludon|51\/100\n|-ability|p2b: Archaludon|Stamina|boost\n|-boost|p2b: Archaludon|def|1\n|move|p2b: Archaludon|Dragon Pulse|p1b: Sneasler\n|-damage|p1b: Sneasler|0 fnt\n|faint|p1b: Sneasler\n|\n|win|lkwa1994\n|raw|post_testing's rating: 1769 &rarr; <strong>1747<\/strong><br \/>(-22 for losing)\n|raw|lkwa1994's rating: 1732 &rarr; <strong>1754<\/strong><br \/>(+22 for winning)\n|l|\u2606post_testing\n|player|p1|\n|l| On Garde!! (Voir)\n|l|\u2606lkwa1994\n|player|p2|\n","uploadtime":1730951040,"views":28,"formatid":"gen9vgc2024regh","rating":1747,"private":0,"password":null}