{"id":"gen9vgc2024regh-2239362125","format":"[Gen 9] VGC 2024 Reg H","players":["datbishgames","caZISA"],"log":"|j|\u2606datbishgames\n|j|\u2606caZISA\n|t:|1731001392\n|gametype|doubles\n|player|p1|datbishgames|mira|1774\n|player|p2|caZISA|red|1716\n|teamsize|p1|6\n|teamsize|p2|6\n|gen|9\n|tier|[Gen 9] VGC 2024 Reg H\n|rated|\n|rule|Species Clause: Limit one of each Pok\u00e9mon\n|rule|Item Clause: Limit 1 of each item\n|clearpoke\n|poke|p1|Whimsicott, L50, F|\n|poke|p1|Basculegion, L50, M|\n|poke|p1|Arcanine-Hisui, L50, M|\n|poke|p1|Hydreigon, L50, F|\n|poke|p1|Farigiraf, L50, M|\n|poke|p1|Pawmot, L50, F|\n|poke|p2|Gothitelle, L50, F|\n|poke|p2|Ursaluna, L50, M|\n|poke|p2|Amoonguss, L50, F|\n|poke|p2|Torkoal, L50, M|\n|poke|p2|Flamigo, L50, M|\n|poke|p2|Kingambit, L50, F|\n|teampreview|4\n|inactive|Battle timer is ON: inactive players will automatically lose when time's up. (requested by datbishgames)\n|inactive|caZISA has 60 seconds left.\n|\n|t:|1731001452\n|start\n|switch|p1a: Whimsicott|Whimsicott, L50, F|100\/100\n|switch|p1b: Basculegion|Basculegion, L50, M|100\/100\n|switch|p2a: Vanessa|Gothitelle, L50, F|100\/100\n|switch|p2b: Kingambit|Kingambit, L50, F|100\/100\n|turn|1\n|inactive|datbishgames has 30 seconds left.\n|\n|t:|1731001481\n|move|p1a: Whimsicott|Moonblast|p2a: Vanessa\n|-damage|p2a: Vanessa|78\/100\n|move|p1b: Basculegion|Wave Crash|p2a: Vanessa\n|-damage|p2a: Vanessa|0 fnt\n|faint|p2a: Vanessa\n|-damage|p1b: Basculegion|79\/100|[from] Recoil\n|move|p2b: Kingambit|Iron Head|p1a: Whimsicott\n|-supereffective|p1a: Whimsicott\n|-damage|p1a: Whimsicott|3\/100\n|\n|upkeep\n|\n|t:|1731001495\n|switch|p2a: Toad|Amoonguss, L50, F|100\/100\n|turn|2\n|\n|t:|1731001512\n|switch|p1a: Farigiraf|Farigiraf, L50, M|100\/100\n|move|p2b: Kingambit|Sucker Punch||[still]\n|cant|p1a: Farigiraf|ability: Armor Tail|Sucker Punch|[of] p2b: Kingambit\n|move|p1b: Basculegion|Wave Crash|p2b: Kingambit\n|-damage|p2b: Kingambit|27\/100\n|-damage|p1b: Basculegion|55\/100|[from] Recoil\n|move|p2a: Toad|Pollen Puff|p1a: Farigiraf\n|-supereffective|p1a: Farigiraf\n|-damage|p1a: Farigiraf|70\/100\n|\n|upkeep\n|turn|3\n|\n|t:|1731001535\n|-terastallize|p1a: Farigiraf|Grass\n|move|p2a: Toad|Rage Powder|p2a: Toad\n|-singleturn|p2a: Toad|move: Rage Powder\n|move|p1b: Basculegion|Wave Crash|p2a: Toad\n|-resisted|p2a: Toad\n|-damage|p2a: Toad|49\/100\n|-damage|p1b: Basculegion|38\/100|[from] item: Rocky Helmet|[of] p2a: Toad\n|-damage|p1b: Basculegion|20\/100|[from] Recoil\n|move|p1a: Farigiraf|Hyper Voice|p2b: Kingambit|[spread] p2a,p2b\n|-resisted|p2b: Kingambit\n|-damage|p2a: Toad|25\/100\n|-damage|p2b: Kingambit|17\/100\n|-enditem|p1a: Farigiraf|Throat Spray\n|-boost|p1a: Farigiraf|spa|1|[from] item: Throat Spray\n|move|p2b: Kingambit|Kowtow Cleave|p1a: Farigiraf\n|-crit|p1a: Farigiraf\n|-damage|p1a: Farigiraf|0 fnt\n|faint|p1a: Farigiraf\n|\n|upkeep\n|\n|t:|1731001554\n|switch|p1a: Pawmot|Pawmot, L50, F|100\/100\n|turn|4\n|\n|t:|1731001571\n|switch|p2b: Torkoal|Torkoal, L50, M|100\/100\n|-weather|SunnyDay|[from] ability: Drought|[of] p2b: Torkoal\n|move|p2a: Toad|Protect|p2a: Toad\n|-singleturn|p2a: Toad|Protect\n|move|p1a: Pawmot|Fake Out|p2b: Torkoal\n|-damage|p2b: Torkoal|89\/100\n|move|p1b: Basculegion|Wave Crash|p2a: Toad\n|-activate|p2a: Toad|move: Protect\n|\n|-weather|SunnyDay|[upkeep]\n|upkeep\n|turn|5\n|\n|t:|1731001589\n|move|p2a: Toad|Rage Powder|p2a: Toad\n|-singleturn|p2a: Toad|move: Rage Powder\n|move|p1a: Pawmot|Close Combat|p2a: Toad\n|-resisted|p2a: Toad\n|-damage|p2a: Toad|0 fnt\n|-unboost|p1a: Pawmot|def|1\n|-unboost|p1a: Pawmot|spd|1\n|-damage|p1a: Pawmot|84\/100|[from] item: Rocky Helmet|[of] p2a: Toad\n|faint|p2a: Toad\n|move|p1b: Basculegion|Wave Crash|p2b: Torkoal\n|-supereffective|p2b: Torkoal\n|-damage|p2b: Torkoal|14\/100\n|-damage|p1b: Basculegion|0 fnt|[from] Recoil\n|faint|p1b: Basculegion\n|move|p2b: Torkoal|Heat Wave|p1a: Pawmot\n|-damage|p1a: Pawmot|0 fnt\n|faint|p1a: Pawmot\n|\n|-weather|SunnyDay|[upkeep]\n|upkeep\n|\n|t:|1731001604\n|switch|p1b: Whimsicott|Whimsicott, L50, F|3\/100\n|switch|p2a: Kingambit|Kingambit, L50, F|17\/100\n|turn|6\n|-message|datbishgames forfeited.\n|\n|win|caZISA\n|raw|datbishgames's rating: 1774 &rarr; <strong>1751<\/strong><br \/>(-23 for losing)\n|raw|caZISA's rating: 1716 &rarr; <strong>1739<\/strong><br \/>(+23 for winning)\n|l|\u2606datbishgames\n|player|p1|\n|l|\u2606caZISA\n|player|p2|\n","uploadtime":1731001885,"views":27,"formatid":"gen9vgc2024regh","rating":1739,"private":0,"password":null}