{"id":"gen9vgc2024regh-2239050876","format":"[Gen 9] VGC 2024 Reg H","players":["badpiplupvgc","my!lane"],"log":"|j|\u2606badpiplupvgc\n|j|\u2606my!lane\n|t:|1730958069\n|gametype|doubles\n|player|p1|badpiplupvgc|1|1720\n|player|p2|my!lane|roxie|1707\n|teamsize|p1|6\n|teamsize|p2|6\n|gen|9\n|tier|[Gen 9] VGC 2024 Reg H\n|rated|\n|rule|Species Clause: Limit one of each Pok\u00e9mon\n|rule|Item Clause: Limit 1 of each item\n|clearpoke\n|poke|p1|Tyranitar, L50, M|\n|poke|p1|Excadrill, L50, F|\n|poke|p1|Indeedee-F, L50, F|\n|poke|p1|Armarouge, L50, M|\n|poke|p1|Sneasler, L50, M|\n|poke|p1|Milotic, L50, F|\n|poke|p2|Sinistcha, L50|\n|poke|p2|Clefable, L50, F|\n|poke|p2|Scrafty, L50, F|\n|poke|p2|Gastrodon, L50, F|\n|poke|p2|Gardevoir, L50, M|\n|poke|p2|Ceruledge, L50, F|\n|teampreview|4\n|j| bjvgc1\n|inactive|Battle timer is ON: inactive players will automatically lose when time's up. (requested by my!lane)\n|j| fairynanbawan\n|c| fairynanbawan|love scrafty\n|c|\u2606my!lane|ty ty\n|inactive|my!lane has 60 seconds left.\n|\n|t:|1730958140\n|start\n|switch|p1a: Indeedee|Indeedee-F, L50, F|100\/100\n|switch|p1b: Armarouge|Armarouge, L50, M, shiny|100\/100\n|switch|p2a: Gardevoir|Gardevoir, L50, M|100\/100\n|switch|p2b: Agent Edge|Ceruledge, L50, F|100\/100\n|-fieldstart|move: Psychic Terrain|[from] ability: Psychic Surge|[of] p2a: Gardevoir\n|-ability|p2a: Gardevoir|Psychic Surge|[from] ability: Trace|[of] p1a: Indeedee\n|turn|1\n|\n|t:|1730958158\n|-terastallize|p2b: Agent Edge|Dark\n|move|p1a: Indeedee|Helping Hand|p1b: Armarouge\n|-singleturn|p1b: Armarouge|Helping Hand|[of] p1a: Indeedee\n|move|p2a: Gardevoir|Expanding Force|p1a: Indeedee|[spread] p1a,p1b\n|-resisted|p1a: Indeedee\n|-resisted|p1b: Armarouge\n|-damage|p1a: Indeedee|71\/100\n|-damage|p1b: Armarouge|61\/100\n|move|p1b: Armarouge|Expanding Force|p2b: Agent Edge|[spread] p2a\n|-immune|p2b: Agent Edge\n|-resisted|p2a: Gardevoir\n|-damage|p2a: Gardevoir|41\/100\n|move|p2b: Agent Edge|Bitter Blade|p1a: Indeedee\n|-damage|p1a: Indeedee|19\/100\n|\n|upkeep\n|turn|2\n|\n|t:|1730958182\n|move|p1a: Indeedee|Follow Me|p1a: Indeedee\n|-singleturn|p1a: Indeedee|move: Follow Me\n|move|p2a: Gardevoir|Expanding Force|p1b: Armarouge|[spread] p1a,p1b\n|-resisted|p1a: Indeedee\n|-resisted|p1b: Armarouge\n|-damage|p1a: Indeedee|0 fnt\n|-damage|p1b: Armarouge|19\/100\n|faint|p1a: Indeedee\n|move|p1b: Armarouge|Heat Wave|p2b: Agent Edge|[spread] p2a\n|-start|p2b: Agent Edge|ability: Flash Fire\n|-damage|p2a: Gardevoir|0 fnt\n|faint|p2a: Gardevoir\n|move|p2b: Agent Edge|Poltergeist|p1b: Armarouge\n|-activate|p1b: Armarouge|move: Poltergeist|Twisted Spoon\n|-supereffective|p1b: Armarouge\n|-damage|p1b: Armarouge|0 fnt\n|faint|p1b: Armarouge\n|\n|upkeep\n|\n|t:|1730958197\n|switch|p2a: Tea Time!|Sinistcha, L50|100\/100\n|switch|p1b: Tyranitar|Tyranitar, L50, M, shiny|100\/100\n|switch|p1a: Sneasler|Sneasler, L50, M|100\/100\n|-enditem|p1a: Sneasler|Psychic Seed\n|-boost|p1a: Sneasler|spd|1|[from] item: Psychic Seed\n|-weather|Sandstorm|[from] ability: Sand Stream|[of] p1b: Tyranitar\n|turn|3\n|\n|t:|1730958219\n|switch|p2a: Scrafty|Scrafty, L50, F|100\/100\n|-ability|p2a: Scrafty|Intimidate|boost\n|-unboost|p1a: Sneasler|atk|1\n|-unboost|p1b: Tyranitar|atk|1\n|-terastallize|p1b: Tyranitar|Flying\n|move|p1a: Sneasler|Protect|p1a: Sneasler\n|-singleturn|p1a: Sneasler|Protect\n|move|p2b: Agent Edge|Bitter Blade|p1a: Sneasler\n|-activate|p1a: Sneasler|move: Protect\n|move|p1b: Tyranitar|Knock Off|p2a: Scrafty\n|-resisted|p2a: Scrafty\n|-damage|p2a: Scrafty|93\/100\n|-enditem|p2a: Scrafty|Eject Button|[from] move: Knock Off|[of] p1b: Tyranitar\n|\n|-weather|Sandstorm|[upkeep]\n|-damage|p1a: Sneasler|95\/100|[from] Sandstorm\n|-damage|p2b: Agent Edge|94\/100|[from] Sandstorm\n|-damage|p1b: Tyranitar|95\/100|[from] Sandstorm\n|-damage|p2a: Scrafty|87\/100|[from] Sandstorm\n|upkeep\n|turn|4\n|inactive|badpiplupvgc has 30 seconds left.\n|inactive|my!lane has 30 seconds left.\n|c|\u2606my!lane|welp i just straight up dont know if i live CC aha\n|inactive|my!lane has 20 seconds left.\n|inactive|my!lane has 15 seconds left.\n|\n|t:|1730958262\n|move|p2a: Scrafty|Fake Out|p1b: Tyranitar\n|-hint|Psychic Terrain doesn't affect Pok\u00e9mon immune to Ground.\n|-damage|p1b: Tyranitar|88\/100\n|move|p1a: Sneasler|Close Combat|p2b: Agent Edge\n|-supereffective|p2b: Agent Edge\n|-crit|p2b: Agent Edge\n|-damage|p2b: Agent Edge|0 fnt\n|-unboost|p1a: Sneasler|def|1\n|-unboost|p1a: Sneasler|spd|1\n|faint|p2b: Agent Edge\n|cant|p1b: Tyranitar|flinch\n|\n|-weather|Sandstorm|[upkeep]\n|-damage|p1a: Sneasler|89\/100|[from] Sandstorm\n|-damage|p1b: Tyranitar|82\/100|[from] Sandstorm\n|-damage|p2a: Scrafty|81\/100|[from] Sandstorm\n|upkeep\n|\n|t:|1730958269\n|switch|p2b: Tea Time!|Sinistcha, L50|100\/100\n|turn|5\n|c|\u2606my!lane|i think i died to be fair\n|\n|t:|1730958284\n|move|p1a: Sneasler|Close Combat|p2a: Scrafty\n|-supereffective|p2a: Scrafty\n|-damage|p2a: Scrafty|12\/100\n|-unboost|p1a: Sneasler|def|1\n|-unboost|p1a: Sneasler|spd|1\n|move|p1b: Tyranitar|Knock Off|p2b: Tea Time!\n|-supereffective|p2b: Tea Time!\n|-damage|p2b: Tea Time!|33\/100\n|-enditem|p2b: Tea Time!|Sitrus Berry|[from] move: Knock Off|[of] p1b: Tyranitar\n|move|p2a: Scrafty|Foul Play|p1b: Tyranitar\n|-damage|p1b: Tyranitar|53\/100\n|move|p2b: Tea Time!|Trick Room|p2b: Tea Time!\n|-fieldstart|move: Trick Room|[of] p2b: Tea Time!\n|\n|-weather|Sandstorm|[upkeep]\n|-damage|p2a: Scrafty|6\/100|[from] Sandstorm\n|-damage|p1b: Tyranitar|47\/100|[from] Sandstorm\n|-damage|p2b: Tea Time!|27\/100|[from] Sandstorm\n|-damage|p1a: Sneasler|83\/100|[from] Sandstorm\n|-fieldend|move: Psychic Terrain\n|upkeep\n|turn|6\n|inactive|my!lane has 30 seconds left.\n|\n|t:|1730958315\n|move|p2a: Scrafty|Foul Play|p1b: Tyranitar\n|-damage|p1b: Tyranitar|19\/100\n|move|p1b: Tyranitar|Rock Slide|p2a: Scrafty|[spread] p2b\n|-miss|p1b: Tyranitar|p2a: Scrafty\n|-damage|p2b: Tea Time!|8\/100\n|move|p2b: Tea Time!|Shadow Ball|p1b: Tyranitar\n|-damage|p1b: Tyranitar|0 fnt\n|faint|p1b: Tyranitar\n|move|p1a: Sneasler|Throat Chop|p2b: Tea Time!\n|-supereffective|p2b: Tea Time!\n|-damage|p2b: Tea Time!|0 fnt\n|faint|p2b: Tea Time!\n|\n|-weather|Sandstorm|[upkeep]\n|-damage|p2a: Scrafty|0 fnt|[from] Sandstorm\n|-damage|p1a: Sneasler|77\/100|[from] Sandstorm\n|faint|p2a: Scrafty\n|\n|win|badpiplupvgc\n|upkeep\n|raw|badpiplupvgc's rating: 1720 &rarr; <strong>1739<\/strong><br \/>(+19 for winning)\n|raw|my!lane's rating: 1707 &rarr; <strong>1688<\/strong><br \/>(-19 for losing)\n|c|\u2606my!lane|gg\n|l|\u2606my!lane\n|player|p2|\n|l|\u2606badpiplupvgc\n|player|p1|\n","uploadtime":1730958450,"views":29,"formatid":"gen9vgc2024regh","rating":1688,"private":0,"password":null}