{"id":"gen9vgc2024regh-2239447051","format":"[Gen 9] VGC 2024 Reg H","players":["ahricuthair","ant at work"],"log":"|j|\u2606ahricuthair\n|j|\u2606ant at work\n|t:|1731009530\n|gametype|doubles\n|player|p1|ahricuthair|lucas|1783\n|player|p2|ant at work|marlon|1703\n|teamsize|p1|6\n|teamsize|p2|6\n|gen|9\n|tier|[Gen 9] VGC 2024 Reg H\n|rated|\n|rule|Species Clause: Limit one of each Pok\u00e9mon\n|rule|Item Clause: Limit 1 of each item\n|clearpoke\n|poke|p1|Incineroar, L50, F|\n|poke|p1|Amoonguss, L50, M|\n|poke|p1|Archaludon, L50, F|\n|poke|p1|Pelipper, L50, F|\n|poke|p1|Basculegion, L50, M|\n|poke|p1|Gholdengo, L50|\n|poke|p2|Dragapult, L50, F|\n|poke|p2|Clefable, L50, F|\n|poke|p2|Ninetales-Alola, L50, M|\n|poke|p2|Gallade, L50, M|\n|poke|p2|Volcarona, L50, M|\n|poke|p2|Whimsicott, L50, F|\n|teampreview|4\n|inactive|Battle timer is ON: inactive players will automatically lose when time's up. (requested by ant at work)\n|\n|t:|1731009597\n|start\n|switch|p1a: Incineroar|Incineroar, L50, F|100\/100\n|switch|p1b: Gholdengo|Gholdengo, L50|100\/100\n|switch|p2a: Volcarona|Volcarona, L50, M|100\/100\n|switch|p2b: Dragapult|Dragapult, L50, F|100\/100\n|-ability|p1a: Incineroar|Intimidate|boost\n|-unboost|p2a: Volcarona|atk|1\n|-fail|p2b: Dragapult|unboost|[from] ability: Clear Body|[of] p2b: Dragapult\n|turn|1\n|j| Gambit the king\n|inactive|ahricuthair has 30 seconds left.\n|inactive|ahricuthair has 20 seconds left.\n|\n|t:|1731009633\n|move|p1b: Gholdengo|Protect|p1b: Gholdengo\n|-singleturn|p1b: Gholdengo|Protect\n|move|p2b: Dragapult|U-turn|p1a: Incineroar\n|-damage|p1a: Incineroar|73\/100\n|\n|t:|1731009641\n|switch|p2b: Gallade|Gallade, L50, M|100\/100|[from] U-turn\n|move|p2a: Volcarona|Heat Wave|p1a: Incineroar|[spread] p1a\n|-activate|p1b: Gholdengo|move: Protect\n|-resisted|p1a: Incineroar\n|-damage|p1a: Incineroar|46\/100\n|move|p1a: Incineroar|Parting Shot|p2a: Volcarona\n|-unboost|p2a: Volcarona|atk|1\n|-unboost|p2a: Volcarona|spa|1\n|\n|t:|1731009654\n|switch|p1a: Basculegion|Basculegion, L50, M, shiny|100\/100|[from] Parting Shot\n|\n|upkeep\n|turn|2\n|inactive|ahricuthair has 30 seconds left.\n|inactive|ant at work has 30 seconds left.\n|\n|t:|1731009681\n|switch|p2a: Whimsicott|Whimsicott, L50, F|100\/100\n|move|p1a: Basculegion|Flip Turn|p2a: Whimsicott\n|-resisted|p2a: Whimsicott\n|-damage|p2a: Whimsicott|75\/100\n|\n|t:|1731009688\n|switch|p1a: Incineroar|Incineroar, L50, F|46\/100|[from] Flip Turn\n|-ability|p1a: Incineroar|Intimidate|boost\n|-unboost|p2a: Whimsicott|atk|1\n|-unboost|p2b: Gallade|atk|1\n|move|p1b: Gholdengo|Shadow Ball|p2b: Gallade\n|-supereffective|p2b: Gallade\n|-damage|p2b: Gallade|23\/100\n|-damage|p1b: Gholdengo|91\/100|[from] item: Life Orb\n|move|p2b: Gallade|Psycho Cut|p1a: Incineroar\n|-immune|p1a: Incineroar\n|\n|upkeep\n|turn|3\n|inactive|ahricuthair has 30 seconds left.\n|\n|t:|1731009716\n|move|p1a: Incineroar|Fake Out|p2b: Gallade\n|-damage|p2b: Gallade|10\/100\n|move|p2a: Whimsicott|Tailwind|p2a: Whimsicott\n|-sidestart|p2: ant at work|move: Tailwind\n|move|p2b: Gallade|Sacred Sword|p1a: Incineroar\n|-supereffective|p1a: Incineroar\n|-damage|p1a: Incineroar|0 fnt\n|faint|p1a: Incineroar\n|move|p1b: Gholdengo|Make It Rain|p2a: Whimsicott|[spread] p2a,p2b\n|-supereffective|p2a: Whimsicott\n|-damage|p2a: Whimsicott|0 fnt\n|-damage|p2b: Gallade|0 fnt\n|-unboost|p1b: Gholdengo|spa|1\n|faint|p2a: Whimsicott\n|faint|p2b: Gallade\n|-damage|p1b: Gholdengo|81\/100|[from] item: Life Orb\n|\n|upkeep\n|\n|t:|1731009736\n|switch|p2a: Volcarona|Volcarona, L50, M|100\/100\n|switch|p2b: Dragapult|Dragapult, L50, F|100\/100\n|switch|p1a: Pelipper|Pelipper, L50, F|100\/100\n|-weather|RainDance|[from] ability: Drizzle|[of] p1a: Pelipper\n|turn|4\n|\n|t:|1731009763\n|-terastallize|p2b: Dragapult|Dragon\n|move|p2b: Dragapult|Dragon Darts|p1a: Pelipper\n|-damage|p1a: Pelipper|29\/100\n|-anim|p2b: Dragapult|Dragon Darts|p1b: Gholdengo\n|-resisted|p1b: Gholdengo\n|-damage|p1b: Gholdengo|50\/100\n|move|p2a: Volcarona|Heat Wave|p1b: Gholdengo|[spread] p1a,p1b\n|-resisted|p1a: Pelipper\n|-supereffective|p1b: Gholdengo\n|-damage|p1a: Pelipper|5\/100\n|-damage|p1b: Gholdengo|0 fnt\n|faint|p1b: Gholdengo\n|move|p1a: Pelipper|Hurricane|p2a: Volcarona\n|-supereffective|p2a: Volcarona\n|-damage|p2a: Volcarona|6\/100\n|-start|p2a: Volcarona|confusion\n|\n|-weather|RainDance|[upkeep]\n|upkeep\n|\n|t:|1731009783\n|switch|p1b: Basculegion|Basculegion, L50, M, shiny|100\/100\n|turn|5\n|inactive|ahricuthair has 30 seconds left.\n|inactive|ahricuthair has 20 seconds left.\n|inactive|ahricuthair has 15 seconds left.\n|inactive|ahricuthair has 10 seconds left.\n|inactive|ahricuthair has 5 seconds left.\n|\n|t:|1731009833\n|-terastallize|p1b: Basculegion|Water\n|move|p2b: Dragapult|Dragon Darts|p1b: Basculegion\n|-damage|p1b: Basculegion|30\/100\n|-anim|p2b: Dragapult|Dragon Darts|p1a: Pelipper\n|-damage|p1a: Pelipper|0 fnt\n|faint|p1a: Pelipper\n|-activate|p2a: Volcarona|confusion\n|-damage|p2a: Volcarona|0 fnt|[from] confusion\n|faint|p2a: Volcarona\n|move|p1b: Basculegion|Wave Crash|p2b: Dragapult\n|-resisted|p2b: Dragapult\n|-damage|p2b: Dragapult|0 fnt\n|faint|p2b: Dragapult\n|-damage|p1b: Basculegion|2\/100|[from] Recoil\n|\n|win|ahricuthair\n|raw|ahricuthair's rating: 1783 &rarr; <strong>1798<\/strong><br \/>(+15 for winning)\n|raw|ant at work's rating: 1703 &rarr; <strong>1688<\/strong><br \/>(-15 for losing)\n|c|\u2606ant at work|lol\n|c|\u2606ant at work|ggs\n|l|\u2606ahricuthair\n|player|p1|\n|l| Gambit the king\n|l|\u2606ant at work\n|player|p2|\n","uploadtime":1731010014,"views":25,"formatid":"gen9vgc2024regh","rating":1688,"private":0,"password":null}