{"id":"gen9vgc2024regh-2239718250","format":"[Gen 9] VGC 2024 Reg H","players":["sheeshshane925","Grade a type b"],"log":"|j|\u2606sheeshshane925\n|j|\u2606Grade a type b\n|t:|1731043268\n|gametype|doubles\n|player|p1|sheeshshane925|bruno|1750\n|player|p2|Grade a type b|266|1789\n|teamsize|p1|6\n|teamsize|p2|6\n|gen|9\n|tier|[Gen 9] VGC 2024 Reg H\n|rated|\n|rule|Species Clause: Limit one of each Pok\u00e9mon\n|rule|Item Clause: Limit 1 of each item\n|clearpoke\n|poke|p1|Archaludon, L50, M|\n|poke|p1|Pelipper, L50, F|\n|poke|p1|Primarina, L50, M|\n|poke|p1|Ursaluna, L50, F|\n|poke|p1|Porygon2, L50|\n|poke|p1|Grimmsnarl, L50, M|\n|poke|p2|Tyranitar, L50, F|\n|poke|p2|Dragonite, L50, F|\n|poke|p2|Gholdengo, L50|\n|poke|p2|Primarina, L50, F|\n|poke|p2|Whimsicott, L50, M|\n|poke|p2|Ursaluna-Bloodmoon, L50, M|\n|teampreview|4\n|j| Mswilsonvgc\n|l| Mswilsonvgc\n|j| Mswilsonvgc\n|\n|t:|1731043302\n|start\n|switch|p1a: Primarina|Primarina, L50, M|100\/100\n|switch|p1b: Grimmsnarl|Grimmsnarl, L50, M, shiny|100\/100\n|switch|p2a: Gholdengo|Gholdengo, L50|100\/100\n|switch|p2b: Whimsicott|Whimsicott, L50, M|100\/100\n|turn|1\n|\n|t:|1731043331\n|-terastallize|p2a: Gholdengo|Steel\n|-terastallize|p1a: Primarina|Water\n|move|p1b: Grimmsnarl|Light Screen|p1b: Grimmsnarl\n|-sidestart|p1: sheeshshane925|move: Light Screen\n|move|p2b: Whimsicott|Moonblast|p1b: Grimmsnarl\n|-supereffective|p1b: Grimmsnarl\n|-damage|p1b: Grimmsnarl|70\/100\n|-unboost|p1b: Grimmsnarl|spa|1\n|move|p2a: Gholdengo|Make It Rain|p1a: Primarina|[spread] p1a,p1b\n|-resisted|p1a: Primarina\n|-supereffective|p1b: Grimmsnarl\n|-damage|p1a: Primarina|73\/100\n|-damage|p1b: Grimmsnarl|0 fnt\n|-unboost|p2a: Gholdengo|spa|1\n|faint|p1b: Grimmsnarl\n|move|p1a: Primarina|Hyper Voice|p2b: Whimsicott|[spread] p2a,p2b\n|-resisted|p2b: Whimsicott\n|-damage|p2a: Gholdengo|39\/100\n|-damage|p2b: Whimsicott|67\/100\n|-enditem|p1a: Primarina|Throat Spray\n|-boost|p1a: Primarina|spa|1|[from] item: Throat Spray\n|\n|upkeep\n|\n|t:|1731043350\n|switch|p1b: Pelipper|Pelipper, L50, F, shiny|100\/100\n|-weather|RainDance|[from] ability: Drizzle|[of] p1b: Pelipper\n|turn|2\n|\n|t:|1731043364\n|switch|p2a: Tyranitar|Tyranitar, L50, F|100\/100\n|-weather|Sandstorm|[from] ability: Sand Stream|[of] p2a: Tyranitar\n|move|p1b: Pelipper|Wide Guard|p1b: Pelipper\n|-singleturn|p1b: Pelipper|Wide Guard\n|move|p2b: Whimsicott|Taunt|p1b: Pelipper\n|-start|p1b: Pelipper|move: Taunt\n|move|p1a: Primarina|Hyper Voice|p2b: Whimsicott|[spread] p2a,p2b\n|-supereffective|p2a: Tyranitar\n|-resisted|p2b: Whimsicott\n|-damage|p2a: Tyranitar|48\/100\n|-damage|p2b: Whimsicott|14\/100\n|\n|-weather|Sandstorm|[upkeep]\n|-damage|p2b: Whimsicott|8\/100|[from] Sandstorm\n|-damage|p1b: Pelipper|95\/100|[from] Sandstorm\n|-damage|p1a: Primarina|67\/100|[from] Sandstorm\n|upkeep\n|turn|3\n|\n|t:|1731043383\n|switch|p1b: Porygon2|Porygon2, L50|100\/100\n|-ability|p1b: Porygon2|Download|boost\n|-boost|p1b: Porygon2|spa|1\n|move|p1a: Primarina|Protect|p1a: Primarina\n|-singleturn|p1a: Primarina|Protect\n|move|p2b: Whimsicott|Tailwind|p2b: Whimsicott\n|-sidestart|p2: Grade a type b|move: Tailwind\n|move|p2a: Tyranitar|Rock Slide|p1b: Porygon2|[spread] p1b\n|-activate|p1a: Primarina|move: Protect\n|-damage|p1b: Porygon2|83\/100\n|\n|-weather|Sandstorm|[upkeep]\n|-damage|p2b: Whimsicott|2\/100|[from] Sandstorm\n|-damage|p1a: Primarina|61\/100|[from] Sandstorm\n|-damage|p1b: Porygon2|77\/100|[from] Sandstorm\n|upkeep\n|turn|4\n|\n|t:|1731043423\n|switch|p1a: Pelipper|Pelipper, L50, F, shiny|95\/100\n|-weather|RainDance|[from] ability: Drizzle|[of] p1a: Pelipper\n|move|p2b: Whimsicott|Encore||[still]\n|-fail|p2b: Whimsicott\n|move|p2a: Tyranitar|Knock Off|p1b: Porygon2\n|-crit|p1b: Porygon2\n|-damage|p1b: Porygon2|32\/100\n|-enditem|p1b: Porygon2|Eviolite|[from] move: Knock Off|[of] p2a: Tyranitar\n|move|p1b: Porygon2|Trick Room|p1b: Porygon2\n|-fieldstart|move: Trick Room|[of] p1b: Porygon2\n|\n|-weather|RainDance|[upkeep]\n|upkeep\n|turn|5\n|\n|t:|1731043446\n|switch|p2a: Gholdengo|Gholdengo, L50, tera:Steel|39\/100\n|move|p2b: Whimsicott|Encore|p1b: Porygon2\n|-start|p1b: Porygon2|Encore\n|move|p1b: Porygon2|Trick Room|p1b: Porygon2\n|-fieldend|move: Trick Room\n|move|p1a: Pelipper|Weather Ball|p2a: Gholdengo\n|-damage|p2a: Gholdengo|0 fnt\n|faint|p2a: Gholdengo\n|\n|-weather|RainDance|[upkeep]\n|upkeep\n|\n|t:|1731043454\n|switch|p2a: Tyranitar|Tyranitar, L50, F|48\/100\n|-weather|Sandstorm|[from] ability: Sand Stream|[of] p2a: Tyranitar\n|turn|6\n|\n|t:|1731043496\n|move|p1a: Pelipper|Wide Guard|p1a: Pelipper\n|-singleturn|p1a: Pelipper|Wide Guard\n|move|p2b: Whimsicott|Moonblast|p1a: Pelipper\n|-damage|p1a: Pelipper|65\/100\n|-unboost|p1a: Pelipper|spa|1\n|move|p2a: Tyranitar|Rock Slide|p1a: Pelipper|[spread] \n|-activate|p1a: Pelipper|move: Wide Guard\n|-activate|p1b: Porygon2|move: Wide Guard\n|move|p1b: Porygon2|Trick Room|p1b: Porygon2\n|-fieldstart|move: Trick Room|[of] p1b: Porygon2\n|\n|-weather|Sandstorm|[upkeep]\n|-damage|p1b: Porygon2|26\/100|[from] Sandstorm\n|-damage|p1a: Pelipper|59\/100|[from] Sandstorm\n|-damage|p2b: Whimsicott|0 fnt|[from] Sandstorm\n|faint|p2b: Whimsicott\n|-sideend|p2: Grade a type b|move: Tailwind\n|upkeep\n|\n|t:|1731043499\n|switch|p2b: Ursaluna|Ursaluna-Bloodmoon, L50, M|100\/100\n|turn|7\n|\n|t:|1731043527\n|move|p2a: Tyranitar|Low Kick|p1b: Porygon2\n|-supereffective|p1b: Porygon2\n|-damage|p1b: Porygon2|0 fnt\n|faint|p1b: Porygon2\n|move|p2b: Ursaluna|Blood Moon|p1a: Pelipper\n|-damage|p1a: Pelipper|0 fnt\n|faint|p1a: Pelipper\n|-damage|p2b: Ursaluna|91\/100|[from] item: Life Orb\n|\n|-weather|Sandstorm|[upkeep]\n|upkeep\n|\n|t:|1731043535\n|switch|p1b: Primarina|Primarina, L50, M, tera:Water|61\/100\n|turn|8\n|\n|t:|1731043542\n|move|p1b: Primarina|Hyper Voice|p2b: Ursaluna|[spread] p2a,p2b\n|-supereffective|p2a: Tyranitar\n|-supereffective|p2b: Ursaluna\n|-damage|p2a: Tyranitar|10\/100\n|-damage|p2b: Ursaluna|0 fnt\n|faint|p2b: Ursaluna\n|move|p2a: Tyranitar|Rock Slide|p1b: Primarina\n|-damage|p1b: Primarina|10\/100\n|\n|-weather|Sandstorm|[upkeep]\n|-damage|p1b: Primarina|4\/100|[from] Sandstorm\n|-sideend|p1: sheeshshane925|move: Light Screen\n|upkeep\n|turn|9\n|\n|t:|1731043552\n|move|p1b: Primarina|Hyper Voice|p2a: Tyranitar\n|-supereffective|p2a: Tyranitar\n|-damage|p2a: Tyranitar|0 fnt\n|faint|p2a: Tyranitar\n|\n|win|sheeshshane925\n|raw|sheeshshane925's rating: 1750 &rarr; <strong>1772<\/strong><br \/>(+22 for winning)\n|raw|Grade a type b's rating: 1789 &rarr; <strong>1767<\/strong><br \/>(-22 for losing)\n|c|\u2606sheeshshane925|gg\n|n|!Grade a type b|gradeatypeb\n|l|!Grade a type b\n|player|p2|\n|l| Mswilsonvgc\n|l|\u2606sheeshshane925\n|player|p1|\n","uploadtime":1731043558,"views":35,"formatid":"gen9vgc2024regh","rating":1767,"private":0,"password":null}