{"id":"gen9vgc2024regh-2239883771","format":"[Gen 9] VGC 2024 Reg H","players":["Isloe","Kodora"],"log":"|j|\u2606Isloe\n|j|\u2606Kodora\n|t:|1731072215\n|gametype|doubles\n|player|p1|Isloe|1|1715\n|player|p2|Kodora|169|1732\n|teamsize|p1|6\n|teamsize|p2|6\n|gen|9\n|tier|[Gen 9] VGC 2024 Reg H\n|rated|\n|rule|Species Clause: Limit one of each Pok\u00e9mon\n|rule|Item Clause: Limit 1 of each item\n|clearpoke\n|poke|p1|Incineroar, L50, F|\n|poke|p1|Amoonguss, L50, F|\n|poke|p1|Porygon2, L50|\n|poke|p1|Ursaluna, L50, F|\n|poke|p1|Indeedee, L50, M|\n|poke|p1|Drifblim, L50, M|\n|poke|p2|Maushold-Four, L50|\n|poke|p2|Annihilape, L50, M|\n|poke|p2|Archaludon, L50, F|\n|poke|p2|Murkrow, L50, M|\n|poke|p2|Weavile, L50, M|\n|poke|p2|Garchomp, L50, F|\n|teampreview|4\n|inactive|Battle timer is ON: inactive players will automatically lose when time's up. (requested by Kodora)\n|\n|t:|1731072249\n|start\n|switch|p1a: Indeedee|Indeedee, L50, M|100\/100\n|switch|p1b: Drifblim|Drifblim, L50, M|100\/100\n|switch|p2a: Murkrow|Murkrow, L50, M, shiny|100\/100\n|switch|p2b: Weavile|Weavile, L50, M, shiny|100\/100\n|-ability|p2b: Weavile|Pressure\n|-fieldstart|move: Psychic Terrain|[from] ability: Psychic Surge|[of] p1a: Indeedee\n|-enditem|p1b: Drifblim|Psychic Seed\n|-boost|p1b: Drifblim|spd|1|[from] item: Psychic Seed\n|turn|1\n|\n|t:|1731072268\n|move|p1b: Drifblim|Hypnosis|p2b: Weavile|[miss]\n|-miss|p1b: Drifblim|p2b: Weavile\n|move|p2b: Weavile|Knock Off|p1a: Indeedee\n|-supereffective|p1a: Indeedee\n|-enditem|p1a: Indeedee|Focus Sash\n|-damage|p1a: Indeedee|1\/100\n|move|p1a: Indeedee|Gravity|p1a: Indeedee\n|-fieldstart|move: Gravity\n|move|p2a: Murkrow|Brave Bird|p1a: Indeedee\n|-damage|p1a: Indeedee|0 fnt\n|faint|p1a: Indeedee\n|-damage|p2a: Murkrow|99\/100|[from] Recoil\n|\n|upkeep\n|\n|t:|1731072276\n|switch|p1a: Porygon2|Porygon2, L50|100\/100\n|-ability|p1a: Porygon2|Download|boost\n|-boost|p1a: Porygon2|atk|1\n|turn|2\n|inactive|Isloe has 30 seconds left.\n|\n|t:|1731072301\n|move|p2a: Murkrow|Tailwind|p2a: Murkrow\n|-sidestart|p2: Kodora|move: Tailwind\n|move|p2b: Weavile|Triple Axel|p1b: Drifblim\n|-supereffective|p1b: Drifblim\n|-damage|p1b: Drifblim|71\/100\n|-supereffective|p1b: Drifblim\n|-damage|p1b: Drifblim|12\/100\n|-supereffective|p1b: Drifblim\n|-damage|p1b: Drifblim|0 fnt\n|faint|p1b: Drifblim\n|-hitcount|p1: Drifblim|3\n|move|p1a: Porygon2|Trick Room|p1a: Porygon2\n|-fieldstart|move: Trick Room|[of] p1a: Porygon2\n|\n|upkeep\n|\n|t:|1731072306\n|switch|p1b: Ursaluna|Ursaluna, L50, F|100\/100\n|turn|3\n|l|\u2606Kodora\n|inactive|Kodora disconnected and has a minute to reconnect!\n|player|p2|\n|inactive|Kodora has 30 seconds left.\n|j|\u2606Kodora\n|inactive|Kodora reconnected and has 30 seconds left.\n|player|p2|Kodora|169|\n|\n|t:|1731072339\n|switch|p2a: Annihilape|Annihilape, L50, M, shiny|100\/100\n|switch|p2b: Maushold|Maushold-Four, L50, shiny|100\/100\n|move|p1a: Porygon2|Tera Blast|p2b: Maushold\n|-damage|p2b: Maushold|63\/100\n|move|p1b: Ursaluna|Facade|p2b: Maushold\n|-damage|p2b: Maushold|13\/100\n|\n|-status|p1b: Ursaluna|brn|[from] item: Flame Orb\n|upkeep\n|turn|4\n|\n|t:|1731072364\n|move|p2b: Maushold|Follow Me|p2b: Maushold\n|-singleturn|p2b: Maushold|move: Follow Me\n|move|p1a: Porygon2|Ice Beam|p2b: Maushold\n|-damage|p2b: Maushold|0 fnt\n|faint|p2b: Maushold\n|move|p1b: Ursaluna|Earthquake|p2a: Annihilape|[spread] p1a,p2a\n|-damage|p1a: Porygon2|63\/100\n|-damage|p2a: Annihilape|34\/100\n|move|p2a: Annihilape|Bulk Up|p2a: Annihilape\n|-boost|p2a: Annihilape|atk|1\n|-boost|p2a: Annihilape|def|1\n|\n|-damage|p1b: Ursaluna|95\/100 brn|[from] brn\n|upkeep\n|\n|t:|1731072375\n|switch|p2b: Murkrow|Murkrow, L50, M, shiny|99\/100\n|turn|5\n|\n|t:|1731072396\n|move|p2a: Annihilape|Protect|p2a: Annihilape\n|-singleturn|p2a: Annihilape|Protect\n|move|p1a: Porygon2|Recover|p1a: Porygon2\n|-heal|p1a: Porygon2|100\/100\n|move|p1b: Ursaluna|Earthquake|p2a: Annihilape|[spread] p1a,p2b\n|-activate|p2a: Annihilape|move: Protect\n|-damage|p1a: Porygon2|61\/100\n|-damage|p2b: Murkrow|27\/100\n|move|p2b: Murkrow|Brave Bird|p1b: Ursaluna\n|-damage|p1b: Ursaluna|66\/100 brn\n|-damage|p2b: Murkrow|14\/100|[from] Recoil\n|\n|-damage|p1b: Ursaluna|60\/100 brn|[from] brn\n|-sideend|p2: Kodora|move: Tailwind\n|-fieldend|move: Gravity\n|-fieldend|move: Psychic Terrain\n|upkeep\n|turn|6\n|\n|t:|1731072417\n|move|p2a: Annihilape|Protect|p2a: Annihilape\n|-singleturn|p2a: Annihilape|Protect\n|move|p1a: Porygon2|Ice Beam|p2b: Murkrow\n|-supereffective|p2b: Murkrow\n|-damage|p2b: Murkrow|0 fnt\n|faint|p2b: Murkrow\n|move|p1b: Ursaluna|Headlong Rush|p2a: Annihilape\n|-activate|p2a: Annihilape|move: Protect\n|\n|-damage|p1b: Ursaluna|54\/100 brn|[from] brn\n|-fieldend|move: Trick Room\n|upkeep\n|\n|t:|1731072419\n|switch|p2b: Weavile|Weavile, L50, M, shiny|100\/100\n|-ability|p2b: Weavile|Pressure\n|turn|7\n|\n|t:|1731072427\n|-terastallize|p1a: Porygon2|Fighting\n|move|p1b: Ursaluna|Protect|p1b: Ursaluna\n|-singleturn|p1b: Ursaluna|Protect\n|move|p2b: Weavile|Fake Out|p1a: Porygon2\n|-damage|p1a: Porygon2|54\/100\n|move|p2a: Annihilape|Close Combat|p1b: Ursaluna\n|-activate|p1b: Ursaluna|move: Protect\n|cant|p1a: Porygon2|flinch\n|\n|-damage|p1b: Ursaluna|48\/100 brn|[from] brn\n|upkeep\n|turn|8\n|\n|t:|1731072448\n|move|p1b: Ursaluna|Protect|p1b: Ursaluna\n|-singleturn|p1b: Ursaluna|Protect\n|move|p2b: Weavile|Knock Off|p1a: Porygon2\n|-resisted|p1a: Porygon2\n|-damage|p1a: Porygon2|40\/100\n|-enditem|p1a: Porygon2|Eviolite|[from] move: Knock Off|[of] p2b: Weavile\n|move|p2a: Annihilape|Rage Fist|p1a: Porygon2\n|-crit|p1a: Porygon2\n|-damage|p1a: Porygon2|0 fnt\n|faint|p1a: Porygon2\n|\n|-damage|p1b: Ursaluna|43\/100 brn|[from] brn\n|upkeep\n|turn|9\n|\n|t:|1731072459\n|move|p2b: Weavile|Triple Axel|p1b: Ursaluna\n|-supereffective|p1b: Ursaluna\n|-damage|p1b: Ursaluna|27\/100 brn\n|-supereffective|p1b: Ursaluna\n|-damage|p1b: Ursaluna|0 fnt\n|faint|p1b: Ursaluna\n|-hitcount|p1: Ursaluna|2\n|\n|win|Kodora\n|raw|Isloe's rating: 1715 &rarr; <strong>1696<\/strong><br \/>(-19 for losing)\n|raw|Kodora's rating: 1732 &rarr; <strong>1751<\/strong><br \/>(+19 for winning)\n|l|\u2606Isloe\n|player|p1|\n|l|\u2606Kodora\n|player|p2|\n","uploadtime":1731072681,"views":33,"formatid":"gen9vgc2024regh","rating":1696,"private":0,"password":null}