{"id":"gen9vgc2024regh-2239225803","format":"[Gen 9] VGC 2024 Reg H","players":["extra.blended","Zordor"],"log":"|j|\u2606extra.blended\n|j|\u2606Zordor\n|t:|1730987842\n|gametype|doubles\n|player|p1|extra.blended|linebacker|1737\n|player|p2|Zordor|pilot|1813\n|teamsize|p1|6\n|teamsize|p2|6\n|gen|9\n|tier|[Gen 9] VGC 2024 Reg H\n|rated|\n|rule|Species Clause: Limit one of each Pok\u00e9mon\n|rule|Item Clause: Limit 1 of each item\n|clearpoke\n|poke|p1|Garganacl, L50, M|\n|poke|p1|Hippowdon, L50, M|\n|poke|p1|Glimmora, L50, M|\n|poke|p1|Lumineon, L50, F|\n|poke|p1|Gholdengo, L50|\n|poke|p1|Baxcalibur, L50, F|\n|poke|p2|Rotom-Wash, L50|\n|poke|p2|Sneasler, L50, F|\n|poke|p2|Kingambit, L50, F|\n|poke|p2|Armarouge, L50, M|\n|poke|p2|Dragapult, L50, F|\n|poke|p2|Venusaur, L50, M|\n|teampreview|4\n|\n|t:|1730987886\n|start\n|switch|p1a: Baxcalibur|Baxcalibur, L50, F|100\/100\n|switch|p1b: Hippowdon|Hippowdon, L50, M|100\/100\n|switch|p2a: Sneasler|Sneasler, L50, F|100\/100\n|switch|p2b: Kingambit|Kingambit, L50, F|100\/100\n|-weather|Sandstorm|[from] ability: Sand Stream|[of] p1b: Hippowdon\n|turn|1\n|\n|t:|1730987934\n|switch|p2a: Rotom|Rotom-Wash, L50|100\/100\n|-terastallize|p1a: Baxcalibur|Ground\n|move|p1a: Baxcalibur|High Horsepower|p2a: Rotom\n|-immune|p2a: Rotom|[from] ability: Levitate\n|move|p2b: Kingambit|Iron Head|p1a: Baxcalibur\n|-damage|p1a: Baxcalibur|61\/100\n|move|p1b: Hippowdon|Whirlwind|p2b: Kingambit\n|drag|p2b: Venusaur|Venusaur, L50, M|100\/100\n|\n|-weather|Sandstorm|[upkeep]\n|-damage|p2b: Venusaur|94\/100|[from] Sandstorm\n|-heal|p2b: Venusaur|100\/100|[from] item: Leftovers\n|upkeep\n|turn|2\n|\n|t:|1730987957\n|switch|p1b: Gholdengo|Gholdengo, L50|100\/100\n|move|p2a: Rotom|Hydro Pump|p1b: Gholdengo|[miss]\n|-miss|p2a: Rotom|p1b: Gholdengo\n|move|p2b: Venusaur|Giga Drain|p1a: Baxcalibur\n|-supereffective|p1a: Baxcalibur\n|-damage|p1a: Baxcalibur|21\/100\n|move|p1a: Baxcalibur|Icicle Crash|p2b: Venusaur\n|-supereffective|p2b: Venusaur\n|-damage|p2b: Venusaur|0 fnt\n|faint|p2b: Venusaur\n|\n|-weather|Sandstorm|[upkeep]\n|upkeep\n|\n|t:|1730987967\n|switch|p2b: Kingambit|Kingambit, L50, F|100\/100\n|turn|3\n|\n|t:|1730987987\n|switch|p1a: Garganacl|Garganacl, L50, M|100\/100\n|move|p1b: Gholdengo|Trick|p2b: Kingambit\n|-activate|p1b: Gholdengo|move: Trick|[of] p2b: Kingambit\n|-item|p2b: Kingambit|Choice Scarf|[from] move: Trick\n|-item|p1b: Gholdengo|Sitrus Berry|[from] move: Trick\n|move|p2a: Rotom|Hydro Pump|p1a: Garganacl|[miss]\n|-miss|p2a: Rotom|p1a: Garganacl\n|move|p2b: Kingambit|Throat Chop|p1b: Gholdengo\n|-supereffective|p1b: Gholdengo\n|-damage|p1b: Gholdengo|8\/100\n|-start|p1b: Gholdengo|Throat Chop|[silent]\n|-enditem|p1b: Gholdengo|Sitrus Berry|[eat]\n|-heal|p1b: Gholdengo|33\/100|[from] item: Sitrus Berry\n|\n|-weather|Sandstorm|[upkeep]\n|upkeep\n|turn|4\n|\n|t:|1730988006\n|move|p1b: Gholdengo|Protect|p1b: Gholdengo\n|-singleturn|p1b: Gholdengo|Protect\n|move|p2a: Rotom|Hydro Pump|p1a: Garganacl\n|-supereffective|p1a: Garganacl\n|-damage|p1a: Garganacl|59\/100\n|move|p2b: Kingambit|Throat Chop|p1a: Garganacl\n|-damage|p1a: Garganacl|27\/100\n|-start|p1a: Garganacl|Throat Chop|[silent]\n|move|p1a: Garganacl|Salt Cure|p2a: Rotom\n|-damage|p2a: Rotom|85\/100\n|-start|p2a: Rotom|Salt Cure\n|\n|-weather|Sandstorm|[upkeep]\n|-heal|p1a: Garganacl|33\/100|[from] item: Leftovers\n|-damage|p2a: Rotom|60\/100|[from] Salt Cure\n|-end|p1b: Gholdengo|Throat Chop|[silent]\n|upkeep\n|turn|5\n|\n|t:|1730988021\n|switch|p2a: Sneasler|Sneasler, L50, F|100\/100\n|move|p2b: Kingambit|Throat Chop|p1b: Gholdengo\n|-supereffective|p1b: Gholdengo\n|-damage|p1b: Gholdengo|0 fnt\n|faint|p1b: Gholdengo\n|move|p1a: Garganacl|Recover|p1a: Garganacl\n|-heal|p1a: Garganacl|83\/100\n|\n|-weather|none\n|-heal|p1a: Garganacl|89\/100|[from] item: Leftovers\n|-end|p1a: Garganacl|Throat Chop|[silent]\n|upkeep\n|\n|t:|1730988025\n|switch|p1b: Hippowdon|Hippowdon, L50, M|100\/100\n|-weather|Sandstorm|[from] ability: Sand Stream|[of] p1b: Hippowdon\n|turn|6\n|\n|t:|1730988048\n|move|p2a: Sneasler|Protect|p2a: Sneasler\n|-singleturn|p2a: Sneasler|Protect\n|move|p1a: Garganacl|Protect|p1a: Garganacl\n|-singleturn|p1a: Garganacl|Protect\n|move|p2b: Kingambit|Throat Chop|p1b: Hippowdon\n|-damage|p1b: Hippowdon|71\/100\n|-start|p1b: Hippowdon|Throat Chop|[silent]\n|move|p1b: Hippowdon|Sand Tomb|p2a: Sneasler\n|-activate|p2a: Sneasler|move: Protect\n|\n|-weather|Sandstorm|[upkeep]\n|-damage|p2a: Sneasler|94\/100|[from] Sandstorm\n|-heal|p1a: Garganacl|95\/100|[from] item: Leftovers\n|upkeep\n|turn|7\n|\n|t:|1730988068\n|-terastallize|p2a: Sneasler|Ghost\n|move|p2a: Sneasler|Close Combat|p1a: Garganacl\n|-supereffective|p1a: Garganacl\n|-crit|p1a: Garganacl\n|-damage|p1a: Garganacl|0 fnt\n|-unboost|p2a: Sneasler|def|1\n|-unboost|p2a: Sneasler|spd|1\n|faint|p1a: Garganacl\n|move|p2b: Kingambit|Throat Chop|p1b: Hippowdon\n|-crit|p1b: Hippowdon\n|-damage|p1b: Hippowdon|21\/100\n|-enditem|p1b: Hippowdon|Sitrus Berry|[eat]\n|-heal|p1b: Hippowdon|46\/100|[from] item: Sitrus Berry\n|move|p1b: Hippowdon|Sand Tomb|p2a: Sneasler\n|-damage|p2a: Sneasler|61\/100\n|-activate|p2a: Sneasler|move: Sand Tomb|[of] p1b: Hippowdon\n|\n|-weather|Sandstorm|[upkeep]\n|-damage|p2a: Sneasler|55\/100|[from] Sandstorm\n|-damage|p2a: Sneasler|43\/100|[from] move: Sand Tomb|[partiallytrapped]\n|-end|p1b: Hippowdon|Throat Chop|[silent]\n|upkeep\n|\n|t:|1730988072\n|switch|p1a: Baxcalibur|Baxcalibur, L50, F, tera:Ground|21\/100\n|turn|8\n|\n|t:|1730988083\n|move|p1a: Baxcalibur|Ice Shard|p2a: Sneasler\n|-damage|p2a: Sneasler|0 fnt\n|faint|p2a: Sneasler\n|move|p2b: Kingambit|Throat Chop|p1b: Hippowdon\n|-damage|p1b: Hippowdon|18\/100\n|-start|p1b: Hippowdon|Throat Chop|[silent]\n|move|p1b: Hippowdon|Slack Off|p1b: Hippowdon\n|-heal|p1b: Hippowdon|68\/100\n|\n|-weather|Sandstorm|[upkeep]\n|upkeep\n|\n|t:|1730988089\n|switch|p2a: Rotom|Rotom-Wash, L50|60\/100\n|turn|9\n|\n|t:|1730988095\n|move|p2a: Rotom|Hydro Pump|p1b: Hippowdon\n|-supereffective|p1b: Hippowdon\n|-damage|p1b: Hippowdon|0 fnt\n|faint|p1b: Hippowdon\n|move|p2b: Kingambit|Throat Chop|p1a: Baxcalibur\n|-damage|p1a: Baxcalibur|0 fnt\n|faint|p1a: Baxcalibur\n|\n|win|Zordor\n|raw|extra.blended's rating: 1737 &rarr; <strong>1721<\/strong><br \/>(-16 for losing)\n|raw|Zordor's rating: 1813 &rarr; <strong>1829<\/strong><br \/>(+16 for winning)\n|l|\u2606extra.blended\n|player|p1|\n|l|\u2606Zordor\n|player|p2|\n","uploadtime":1730988270,"views":28,"formatid":"gen9vgc2024regh","rating":1721,"private":0,"password":null}