{"id":"gen9vgc2024regh-2240273815","format":"[Gen 9] VGC 2024 Reg H","players":["SubToPenglin","greenlightdmp"],"log":"|j|\u2606SubToPenglin\n|j|\u2606greenlightdmp\n|t:|1731114269\n|gametype|doubles\n|player|p1|SubToPenglin|lady|1687\n|player|p2|greenlightdmp|2|1817\n|teamsize|p1|6\n|teamsize|p2|6\n|gen|9\n|tier|[Gen 9] VGC 2024 Reg H\n|rated|\n|rule|Species Clause: Limit one of each Pok\u00e9mon\n|rule|Item Clause: Limit 1 of each item\n|clearpoke\n|poke|p1|Primarina, L50, F|\n|poke|p1|Sylveon, L50, F|\n|poke|p1|Indeedee, L50, M|\n|poke|p1|Meowscarada, L50, F|\n|poke|p1|Sneasler, L50, M|\n|poke|p1|Decidueye-Hisui, L50, F|\n|poke|p2|Sneasler, L50, M|\n|poke|p2|Indeedee-F, L50, F|\n|poke|p2|Murkrow, L50, F|\n|poke|p2|Archaludon, L50, F|\n|poke|p2|Basculegion, L50, M|\n|poke|p2|Volcarona, L50, F|\n|teampreview|4\n|inactive|Battle timer is ON: inactive players will automatically lose when time's up. (requested by SubToPenglin)\n|\n|t:|1731114295\n|start\n|switch|p1a: Primarina|Primarina, L50, F, shiny|100\/100\n|switch|p1b: Meowscarada|Meowscarada, L50, F, shiny|100\/100\n|switch|p2a: VEGETA|Basculegion, L50, M|100\/100\n|switch|p2b: Slim Shady|Sneasler, L50, M|100\/100\n|turn|1\n|\n|t:|1731114309\n|move|p1b: Meowscarada|Protect|p1b: Meowscarada\n|-singleturn|p1b: Meowscarada|Protect\n|move|p1a: Primarina|Protect|p1a: Primarina\n|-singleturn|p1a: Primarina|Protect\n|move|p2a: VEGETA|Flip Turn|p1b: Meowscarada\n|-activate|p1b: Meowscarada|move: Protect\n|move|p2b: Slim Shady|Dire Claw|p1b: Meowscarada\n|-activate|p1b: Meowscarada|move: Protect\n|\n|upkeep\n|turn|2\n|\n|t:|1731114326\n|move|p1b: Meowscarada|Protect||[still]\n|-fail|p1b: Meowscarada\n|move|p2a: VEGETA|Flip Turn|p1b: Meowscarada\n|-resisted|p1b: Meowscarada\n|-damage|p1b: Meowscarada|68\/100\n|\n|t:|1731114333\n|switch|p2a: MeganTheeStallion|Indeedee-F, L50, F|100\/100|[from] Flip Turn\n|-fieldstart|move: Psychic Terrain|[from] ability: Psychic Surge|[of] p2a: MeganTheeStallion\n|-enditem|p2b: Slim Shady|Psychic Seed\n|-boost|p2b: Slim Shady|spd|1|[from] item: Psychic Seed\n|move|p2b: Slim Shady|Dire Claw|p1b: Meowscarada\n|-supereffective|p1b: Meowscarada\n|-damage|p1b: Meowscarada|0 fnt\n|faint|p1b: Meowscarada\n|move|p1a: Primarina|Hyper Voice|p2a: MeganTheeStallion|[spread] p2a,p2b\n|-damage|p2a: MeganTheeStallion|63\/100\n|-damage|p2b: Slim Shady|56\/100\n|-damage|p1a: Primarina|91\/100|[from] item: Life Orb\n|\n|upkeep\n|\n|t:|1731114349\n|switch|p1b: Indeedee|Indeedee, L50, M, shiny|100\/100\n|turn|3\n|\n|t:|1731114360\n|-terastallize|p1a: Primarina|Steel\n|move|p2b: Slim Shady|Protect|p2b: Slim Shady\n|-singleturn|p2b: Slim Shady|Protect\n|move|p2a: MeganTheeStallion|Psychic|p1a: Primarina\n|-resisted|p1a: Primarina\n|-damage|p1a: Primarina|73\/100\n|-unboost|p1a: Primarina|spd|1\n|move|p1a: Primarina|Moonblast|p2b: Slim Shady\n|-activate|p2b: Slim Shady|move: Protect\n|move|p1b: Indeedee|Trick Room|p1b: Indeedee\n|-fieldstart|move: Trick Room|[of] p1b: Indeedee\n|\n|upkeep\n|turn|4\n|\n|t:|1731114380\n|switch|p2b: Volcarona|Volcarona, L50, F|100\/100\n|move|p1a: Primarina|Moonblast|p2a: MeganTheeStallion\n|-damage|p2a: MeganTheeStallion|10\/100\n|-damage|p1a: Primarina|64\/100|[from] item: Life Orb\n|move|p1b: Indeedee|Expanding Force|p2a: MeganTheeStallion|[spread] p2a,p2b\n|-resisted|p2a: MeganTheeStallion\n|-damage|p2a: MeganTheeStallion|0 fnt\n|-damage|p2b: Volcarona|54\/100\n|faint|p2a: MeganTheeStallion\n|\n|upkeep\n|\n|t:|1731114403\n|switch|p2a: Slim Shady|Sneasler, L50, M|56\/100\n|turn|5\n|\n|t:|1731114418\n|move|p2b: Volcarona|Protect|p2b: Volcarona\n|-singleturn|p2b: Volcarona|Protect\n|move|p2a: Slim Shady|Protect|p2a: Slim Shady\n|-singleturn|p2a: Slim Shady|Protect\n|move|p1a: Primarina|Hyper Voice|p2a: Slim Shady|[spread] \n|-activate|p2a: Slim Shady|move: Protect\n|-activate|p2b: Volcarona|move: Protect\n|move|p1b: Indeedee|Expanding Force|p2a: Slim Shady|[spread] \n|-activate|p2a: Slim Shady|move: Protect\n|-activate|p2b: Volcarona|move: Protect\n|\n|upkeep\n|turn|6\n|\n|t:|1731114440\n|switch|p2a: VEGETA|Basculegion, L50, M|100\/100\n|-terastallize|p2b: Volcarona|Dragon\n|move|p1a: Primarina|Hyper Voice|p2a: VEGETA|[spread] p2a,p2b\n|-resisted|p2a: VEGETA\n|-resisted|p2b: Volcarona\n|-damage|p2a: VEGETA|72\/100\n|-damage|p2b: Volcarona|30\/100\n|-damage|p1a: Primarina|54\/100|[from] item: Life Orb\n|move|p1b: Indeedee|Expanding Force|p2b: Volcarona|[spread] p2a,p2b\n|-damage|p2a: VEGETA|17\/100\n|-damage|p2b: Volcarona|0 fnt\n|faint|p2b: Volcarona\n|\n|-fieldend|move: Psychic Terrain\n|upkeep\n|\n|t:|1731114451\n|switch|p2b: Slim Shady|Sneasler, L50, M|56\/100\n|turn|7\n|\n|t:|1731114461\n|move|p2b: Slim Shady|Protect|p2b: Slim Shady\n|-singleturn|p2b: Slim Shady|Protect\n|move|p2a: VEGETA|Aqua Jet|p1a: Primarina\n|-damage|p1a: Primarina|21\/100\n|move|p1a: Primarina|Hyper Voice|p2a: VEGETA|[spread] p2a\n|-activate|p2b: Slim Shady|move: Protect\n|-resisted|p2a: VEGETA\n|-damage|p2a: VEGETA|0 fnt\n|faint|p2a: VEGETA\n|-damage|p1a: Primarina|12\/100|[from] item: Life Orb\n|move|p1b: Indeedee|Expanding Force|p2b: Slim Shady\n|-activate|p2b: Slim Shady|move: Protect\n|\n|-fieldend|move: Trick Room\n|upkeep\n|turn|8\n|\n|t:|1731114471\n|move|p1a: Primarina|Protect|p1a: Primarina\n|-singleturn|p1a: Primarina|Protect\n|move|p2b: Slim Shady|Throat Chop|p1b: Indeedee\n|-supereffective|p1b: Indeedee\n|-damage|p1b: Indeedee|22\/100\n|-start|p1b: Indeedee|Throat Chop|[silent]\n|move|p1b: Indeedee|Expanding Force|p2b: Slim Shady\n|-supereffective|p2b: Slim Shady\n|-damage|p2b: Slim Shady|0 fnt\n|faint|p2b: Slim Shady\n|\n|win|SubToPenglin\n|raw|SubToPenglin's rating: 1662 &rarr; <strong>1690<\/strong><br \/>(+28 for winning)\n|raw|greenlightdmp's rating: 1817 &rarr; <strong>1789<\/strong><br \/>(-28 for losing)\n|l|\u2606SubToPenglin\n|player|p1|\n|l|\u2606greenlightdmp\n|player|p2|\n","uploadtime":1731114722,"views":28,"formatid":"gen9vgc2024regh","rating":1690,"private":0,"password":null}