{"id":"gen9vgc2024regh-2240829922","format":"[Gen 9] VGC 2024 Reg H","players":["kiwigal","cilan123"],"log":"|j|\u2606kiwigal\n|j|\u2606cilan123\n|t:|1731198918\n|gametype|doubles\n|player|p1|kiwigal|emma|1771\n|player|p2|cilan123|101|1738\n|teamsize|p1|6\n|teamsize|p2|6\n|gen|9\n|tier|[Gen 9] VGC 2024 Reg H\n|rated|\n|rule|Species Clause: Limit one of each Pok\u00e9mon\n|rule|Item Clause: Limit 1 of each item\n|clearpoke\n|poke|p1|Volcarona, L50, M|\n|poke|p1|Garchomp, L50, M|\n|poke|p1|Dragonite, L50, M|\n|poke|p1|Ninetales-Alola, L50, F|\n|poke|p1|Kingambit, L50, M|\n|poke|p1|Corviknight, L50, F|\n|poke|p2|Ursaluna, L50, M|\n|poke|p2|Indeedee-F, L50, F|\n|poke|p2|Torkoal, L50, M|\n|poke|p2|Gallade, L50, M|\n|poke|p2|Exeggutor, L50, M|\n|poke|p2|Scyther, L50, F|\n|teampreview|4\ncilan123 has agreed to open team sheets.\n|j| 1coldboi\n|\n|t:|1731198964\n|start\n|switch|p1a: Volcarona|Volcarona, L50, M|100\/100\n|switch|p1b: Kingambit|Kingambit, L50, M|100\/100\n|switch|p2a: Indeeds|Indeedee-F, L50, F, shiny|100\/100\n|switch|p2b: Scyther|Scyther, L50, F|100\/100\n|-fieldstart|move: Psychic Terrain|[from] ability: Psychic Surge|[of] p2a: Indeeds\n|turn|1\n|\n|t:|1731198985\n|move|p1a: Volcarona|Heat Wave|p2b: Scyther|[spread] p2a,p2b\n|-supereffective|p2b: Scyther\n|-damage|p2a: Indeeds|59\/100\n|-damage|p2b: Scyther|16\/100\n|move|p2b: Scyther|Dual Wingbeat|p1a: Volcarona\n|-supereffective|p1a: Volcarona\n|-damage|p1a: Volcarona|17\/100\n|-supereffective|p1a: Volcarona\n|-damage|p1a: Volcarona|0 fnt\n|faint|p1a: Volcarona\n|-hitcount|p1: Volcarona|2\n|move|p1b: Kingambit|Kowtow Cleave|p2a: Indeeds\n|-supereffective|p2a: Indeeds\n|-damage|p2a: Indeeds|0 fnt\n|faint|p2a: Indeeds\n|\n|upkeep\n|\n|t:|1731199001\n|switch|p1a: Corviknight|Corviknight, L50, F|100\/100\n|switch|p2a: Gallade|Gallade, L50, M|100\/100\n|turn|2\n|\n|t:|1731199019\n|-terastallize|p2a: Gallade|Fire\n|move|p1b: Kingambit|Sucker Punch|p2b: Scyther\n|-hint|Psychic Terrain doesn't affect Pok\u00e9mon immune to Ground.\n|-damage|p2b: Scyther|0 fnt\n|faint|p2b: Scyther\n|move|p1a: Corviknight|Brave Bird|p2a: Gallade\n|-damage|p2a: Gallade|53\/100\n|-damage|p1a: Corviknight|88\/100|[from] Recoil\n|move|p2a: Gallade|Trick Room|p2a: Gallade\n|-fieldstart|move: Trick Room|[of] p2a: Gallade\n|\n|upkeep\n|\n|t:|1731199028\n|switch|p2b: Franklin|Torkoal, L50, M, shiny|100\/100\n|-weather|SunnyDay|[from] ability: Drought|[of] p2b: Franklin\n|turn|3\n|\n|t:|1731199038\n|-terastallize|p1a: Corviknight|Fire\n|move|p1b: Kingambit|Protect|p1b: Kingambit\n|-singleturn|p1b: Kingambit|Protect\n|move|p2b: Franklin|Eruption|p1a: Corviknight|[spread] p1a\n|-activate|p1b: Kingambit|move: Protect\n|-resisted|p1a: Corviknight\n|-damage|p1a: Corviknight|44\/100\n|-enditem|p1a: Corviknight|Sitrus Berry|[eat]\n|-heal|p1a: Corviknight|69\/100|[from] item: Sitrus Berry\n|move|p2a: Gallade|Sacred Sword|p1a: Corviknight\n|-damage|p1a: Corviknight|22\/100\n|move|p1a: Corviknight|Brave Bird|p2b: Franklin\n|-damage|p2b: Franklin|72\/100\n|-damage|p1a: Corviknight|14\/100|[from] Recoil\n|\n|-weather|SunnyDay|[upkeep]\n|upkeep\n|turn|4\n|\n|t:|1731199072\n|switch|p1b: Ninetales|Ninetales-Alola, L50, F|100\/100\n|-weather|Snow|[from] ability: Snow Warning|[of] p1b: Ninetales\n|move|p2b: Franklin|Eruption|p1a: Corviknight|[spread] p1a,p1b\n|-resisted|p1a: Corviknight\n|-supereffective|p1b: Ninetales\n|-damage|p1a: Corviknight|0 fnt\n|-damage|p1b: Ninetales|8\/100\n|faint|p1a: Corviknight\n|move|p2a: Gallade|Sacred Sword|p1b: Ninetales\n|-damage|p1b: Ninetales|0 fnt\n|faint|p1b: Ninetales\n|\n|-weather|Snow|[upkeep]\n|upkeep\n|\n|t:|1731199078\n|switch|p1b: Kingambit|Kingambit, L50, M|100\/100\n|turn|5\n|\n|t:|1731199089\n|move|p1b: Kingambit|Protect|p1b: Kingambit\n|-singleturn|p1b: Kingambit|Protect\n|move|p2b: Franklin|Eruption|p1b: Kingambit\n|-activate|p1b: Kingambit|move: Protect\n|move|p2a: Gallade|Sacred Sword|p1b: Kingambit\n|-activate|p1b: Kingambit|move: Protect\n|\n|-weather|Snow|[upkeep]\n|-fieldend|move: Psychic Terrain\n|upkeep\n|turn|6\n|\n|t:|1731199096\n|move|p1b: Kingambit|Sucker Punch|p2a: Gallade\n|-damage|p2a: Gallade|2\/100\n|move|p2b: Franklin|Eruption|p1b: Kingambit\n|-supereffective|p1b: Kingambit\n|-enditem|p1b: Kingambit|Focus Sash\n|-damage|p1b: Kingambit|1\/100\n|move|p2a: Gallade|Sacred Sword|p1b: Kingambit\n|-supereffective|p1b: Kingambit\n|-damage|p1b: Kingambit|0 fnt\n|faint|p1b: Kingambit\n|\n|win|cilan123\n|raw|kiwigal's rating: 1771 &rarr; <strong>1749<\/strong><br \/>(-22 for losing)\n|raw|cilan123's rating: 1738 &rarr; <strong>1760<\/strong><br \/>(+22 for winning)\n|l|\u2606kiwigal\n|player|p1|\n|l|\u2606cilan123\n|player|p2|\n|l| 1coldboi\n","uploadtime":1731199108,"views":47,"formatid":"gen9vgc2024regh","rating":1749,"private":0,"password":null}