{"id":"gen9vgc2024regh-2240641351","format":"[Gen 9] VGC 2024 Reg H","players":["Isloe","Omiim"],"log":"|j|\u2606Isloe\n|j|\u2606Omiim\n|t:|1731175279\n|gametype|doubles\n|player|p1|Isloe|169|1681\n|player|p2|Omiim|1|1698\n|teamsize|p1|6\n|teamsize|p2|6\n|gen|9\n|tier|[Gen 9] VGC 2024 Reg H\n|rated|\n|rule|Species Clause: Limit one of each Pok\u00e9mon\n|rule|Item Clause: Limit 1 of each item\n|clearpoke\n|poke|p1|Incineroar, L50, M|\n|poke|p1|Amoonguss, L50, F|\n|poke|p1|Porygon2, L50|\n|poke|p1|Ursaluna, L50, F|\n|poke|p1|Gholdengo, L50|\n|poke|p1|Sneasler, L50, F|\n|poke|p2|Dondozo, L50, F|\n|poke|p2|Tatsugiri, L50, F|\n|poke|p2|Gholdengo, L50|\n|poke|p2|Dragonite, L50, M|\n|poke|p2|Blaziken, L50, M|\n|poke|p2|Kilowattrel, L50, F|\n|teampreview|4\nOmiim has agreed to open team sheets.\n|inactive|Battle timer is ON: inactive players will automatically lose when time's up. (requested by Omiim)\n|\n|t:|1731175302\n|start\n|switch|p1a: Porygon2|Porygon2, L50|100\/100\n|switch|p1b: Incineroar|Incineroar, L50, M|100\/100\n|switch|p2a: Dondozo|Dondozo, L50, F, shiny|100\/100\n|switch|p2b: Dragonite|Dragonite, L50, M, shiny|100\/100\n|-ability|p1b: Incineroar|Intimidate|boost\n|-unboost|p2a: Dondozo|atk|1\n|-fail|p2b: Dragonite|unboost|Attack|[from] ability: Inner Focus|[of] p2b: Dragonite\n|-ability|p1a: Porygon2|Download|boost\n|-boost|p1a: Porygon2|spa|1\n|turn|1\n|\n|t:|1731175322\n|switch|p2a: Blaziken|Blaziken, L50, M, shiny|100\/100\n|-terastallize|p2b: Dragonite|Normal\n|move|p2b: Dragonite|Extreme Speed|p1a: Porygon2\n|-damage|p1a: Porygon2|57\/100\n|move|p1b: Incineroar|Parting Shot|p2a: Blaziken\n|-unboost|p2a: Blaziken|atk|1\n|-unboost|p2a: Blaziken|spa|1\n|\n|t:|1731175331\n|switch|p1b: Ursaluna|Ursaluna, L50, F|100\/100|[from] Parting Shot\n|move|p1a: Porygon2|Trick Room|p1a: Porygon2\n|-fieldstart|move: Trick Room|[of] p1a: Porygon2\n|\n|-status|p1b: Ursaluna|brn|[from] item: Flame Orb\n|upkeep\n|turn|2\n|inactive|Omiim has 30 seconds left.\n|inactive|Isloe has 30 seconds left.\n|\n|t:|1731175369\n|move|p2b: Dragonite|Extreme Speed|p1b: Ursaluna\n|-damage|p1b: Ursaluna|49\/100 brn\n|move|p2a: Blaziken|Vacuum Wave|p1b: Ursaluna\n|-supereffective|p1b: Ursaluna\n|-damage|p1b: Ursaluna|21\/100 brn\n|-damage|p2a: Blaziken|91\/100|[from] item: Life Orb\n|move|p1b: Ursaluna|Facade|p2b: Dragonite\n|-damage|p2b: Dragonite|0 fnt\n|faint|p2b: Dragonite\n|move|p1a: Porygon2|Recover|p1a: Porygon2\n|-heal|p1a: Porygon2|100\/100\n|\n|-damage|p1b: Ursaluna|15\/100 brn|[from] brn\n|-ability|p2a: Blaziken|Speed Boost|boost\n|-boost|p2a: Blaziken|spe|1\n|upkeep\n|\n|t:|1731175383\n|switch|p2b: Dondozo|Dondozo, L50, F, shiny|100\/100\n|turn|3\n|inactive|Omiim has 30 seconds left.\n|\n|t:|1731175410\n|switch|p1b: Incineroar|Incineroar, L50, M|100\/100\n|-ability|p1b: Incineroar|Intimidate|boost\n|-unboost|p2a: Blaziken|atk|1\n|-unboost|p2b: Dondozo|atk|1\n|move|p2b: Dondozo|Protect|p2b: Dondozo\n|-singleturn|p2b: Dondozo|Protect\n|move|p2a: Blaziken|Vacuum Wave|p1b: Incineroar\n|-supereffective|p1b: Incineroar\n|-damage|p1b: Incineroar|68\/100\n|-damage|p2a: Blaziken|81\/100|[from] item: Life Orb\n|move|p1a: Porygon2|Tera Blast|p2a: Blaziken\n|-damage|p2a: Blaziken|8\/100\n|\n|-ability|p2a: Blaziken|Speed Boost|boost\n|-boost|p2a: Blaziken|spe|1\n|upkeep\n|turn|4\n|\n|t:|1731175429\n|switch|p2a: Tatsugiri|Tatsugiri, L50, F, shiny|100\/100\n|-activate|p2a: Tatsugiri|ability: Commander|[of] p2b: Dondozo\n|-boost|p2b: Dondozo|atk|2\n|-boost|p2b: Dondozo|spa|2\n|-boost|p2b: Dondozo|spe|2\n|-boost|p2b: Dondozo|def|2\n|-boost|p2b: Dondozo|spd|2\n|move|p1a: Porygon2|Tera Blast|p2a: Tatsugiri|[miss]\n|-miss|p1a: Porygon2|p2a: Tatsugiri\n|move|p1b: Incineroar|Parting Shot|p2b: Dondozo\n|-unboost|p2b: Dondozo|atk|1\n|-unboost|p2b: Dondozo|spa|1\n|\n|t:|1731175435\n|switch|p1b: Amoonguss|Amoonguss, L50, F|100\/100|[from] Parting Shot\n|move|p2b: Dondozo|Earthquake|p1b: Amoonguss|[spread] p1a,p1b\n|-miss|p2b: Dondozo|p2a: Tatsugiri\n|-damage|p1a: Porygon2|85\/100\n|-damage|p1b: Amoonguss|81\/100\n|\n|upkeep\n|turn|5\n|\n|t:|1731175450\n|move|p2b: Dondozo|Protect|p2b: Dondozo\n|-singleturn|p2b: Dondozo|Protect\n|move|p1b: Amoonguss|Spore|p2b: Dondozo\n|-activate|p2b: Dondozo|move: Protect\n|move|p1a: Porygon2|Tera Blast|p2b: Dondozo\n|-activate|p2b: Dondozo|move: Protect\n|\n|-fieldend|move: Trick Room\n|upkeep\n|turn|6\n|\n|t:|1731175460\n|switch|p1b: Incineroar|Incineroar, L50, M|68\/100\n|-ability|p1b: Incineroar|Intimidate|boost\n|-unboost|p2a: Tatsugiri|atk|1\n|-unboost|p2b: Dondozo|atk|1\n|move|p2b: Dondozo|Order Up|p1a: Porygon2\n|-damage|p1a: Porygon2|75\/100\n|-boost|p2b: Dondozo|atk|1\n|move|p1a: Porygon2|Trick Room|p1a: Porygon2\n|-fieldstart|move: Trick Room|[of] p1a: Porygon2\n|\n|upkeep\n|turn|7\n|\n|t:|1731175472\n|switch|p1b: Amoonguss|Amoonguss, L50, F|100\/100\n|move|p1a: Porygon2|Tera Blast|p2b: Dondozo\n|-damage|p2b: Dondozo|83\/100\n|move|p2b: Dondozo|Order Up|p1a: Porygon2\n|-damage|p1a: Porygon2|59\/100\n|-boost|p2b: Dondozo|atk|1\n|\n|-heal|p2b: Dondozo|89\/100|[from] item: Leftovers\n|upkeep\n|turn|8\n|\n|t:|1731175484\n|move|p1b: Amoonguss|Spore|p2b: Dondozo\n|-status|p2b: Dondozo|slp|[from] move: Spore\n|move|p1a: Porygon2|Recover|p1a: Porygon2\n|-heal|p1a: Porygon2|100\/100\n|cant|p2b: Dondozo|slp\n|\n|-heal|p2b: Dondozo|96\/100 slp|[from] item: Leftovers\n|upkeep\n|turn|9\n|\n|t:|1731175491\n|move|p1b: Amoonguss|Clear Smog|p2b: Dondozo\n|-damage|p2b: Dondozo|86\/100 slp\n|-clearboost|p2b: Dondozo\n|move|p1a: Porygon2|Tera Blast|p2b: Dondozo\n|-damage|p2b: Dondozo|49\/100 slp\n|cant|p2b: Dondozo|slp\n|\n|-heal|p2b: Dondozo|55\/100 slp|[from] item: Leftovers\n|upkeep\n|turn|10\n|\n|t:|1731175497\n|move|p1b: Amoonguss|Pollen Puff|p2b: Dondozo\n|-damage|p2b: Dondozo|34\/100 slp\n|move|p1a: Porygon2|Tera Blast|p2b: Dondozo\n|-damage|p2b: Dondozo|0 fnt\n|faint|p2b: Dondozo\n|\n|-fieldend|move: Trick Room\n|upkeep\n|\n|t:|1731175501\n|switch|p2b: Blaziken|Blaziken, L50, M, shiny|8\/100\n|turn|11\n|\n|t:|1731175518\n|-terastallize|p1a: Porygon2|Fighting\n|move|p2a: Tatsugiri|Muddy Water|p1b: Amoonguss|[spread] p1a\n|-miss|p2a: Tatsugiri|p1b: Amoonguss\n|-damage|p1a: Porygon2|80\/100\n|move|p2b: Blaziken|Heat Wave|p1b: Amoonguss|[spread] p1a,p1b\n|-supereffective|p1b: Amoonguss\n|-crit|p1b: Amoonguss\n|-damage|p1a: Porygon2|51\/100\n|-damage|p1b: Amoonguss|0 fnt\n|faint|p1b: Amoonguss\n|-damage|p2b: Blaziken|0 fnt|[from] item: Life Orb\n|faint|p2b: Blaziken\n|move|p1a: Porygon2|Trick Room|p1a: Porygon2\n|-fieldstart|move: Trick Room|[of] p1a: Porygon2\n|\n|upkeep\n|\n|t:|1731175527\n|switch|p1b: Ursaluna|Ursaluna, L50, F|15\/100 brn\n|turn|12\n|\n|t:|1731175532\n|move|p1b: Ursaluna|Facade|p2a: Tatsugiri\n|-damage|p2a: Tatsugiri|0 fnt\n|faint|p2a: Tatsugiri\n|\n|win|Isloe\n|raw|Isloe's rating: 1681 &rarr; <strong>1702<\/strong><br \/>(+21 for winning)\n|raw|Omiim's rating: 1698 &rarr; <strong>1677<\/strong><br \/>(-21 for losing)\n|l|\u2606Omiim\n|player|p2|\n|l|\u2606Isloe\n|player|p1|\n","uploadtime":1731175725,"views":25,"formatid":"gen9vgc2024regh","rating":1677,"private":0,"password":null}