{"id":"gen9vgc2024regh-2240024052","format":"[Gen 9] VGC 2024 Reg H","players":["actuary97","chin8"],"log":"|j|\u2606actuary97\n|j|\u2606chin8\n|t:|1731086660\n|gametype|doubles\n|player|p1|actuary97|sabrina-frlg|1884\n|player|p2|chin8|gentleman-gen4dp|1852\n|teamsize|p1|6\n|teamsize|p2|6\n|gen|9\n|tier|[Gen 9] VGC 2024 Reg H\n|rated|\n|rule|Species Clause: Limit one of each Pok\u00e9mon\n|rule|Item Clause: Limit 1 of each item\n|clearpoke\n|poke|p1|Whimsicott, L50, F|\n|poke|p1|Gallade, L50, M|\n|poke|p1|Archaludon, L50, F|\n|poke|p1|Malamar, L50, F|\n|poke|p1|Indeedee, L50, M|\n|poke|p1|Drifblim, L50, M|\n|poke|p2|Baxcalibur, L50, F|\n|poke|p2|Kilowattrel, L50, F|\n|poke|p2|Granbull, L50, M|\n|poke|p2|Gardevoir, L50, M|\n|poke|p2|Magmortar, L50, F|\n|poke|p2|Gholdengo, L50|\n|teampreview|4\nactuary97 has agreed to open team sheets.\n|inactive|Battle timer is ON: inactive players will automatically lose when time's up. (requested by chin8)\n|\n|t:|1731086690\n|start\n|switch|p1a: Tapu Deedee|Indeedee, L50, M, shiny|100\/100\n|switch|p1b: Malamother|Malamar, L50, F|100\/100\n|switch|p2a: Kilowattrel|Kilowattrel, L50, F|100\/100\n|switch|p2b: Baxcalibur|Baxcalibur, L50, F|100\/100\n|-fieldstart|move: Psychic Terrain|[from] ability: Psychic Surge|[of] p1a: Tapu Deedee\n|turn|1\n|j| nohaters\n|\n|t:|1731086701\n|-terastallize|p2b: Baxcalibur|Ground\n|-terastallize|p1b: Malamother|Fire\n|move|p2a: Kilowattrel|Thunderbolt|p1b: Malamother\n|-damage|p1b: Malamother|57\/100\n|move|p1a: Tapu Deedee|Expanding Force|p2b: Baxcalibur|[spread] p2a,p2b\n|-enditem|p2a: Kilowattrel|Focus Sash\n|-damage|p2a: Kilowattrel|1\/100\n|-damage|p2b: Baxcalibur|56\/100\n|move|p2b: Baxcalibur|Earthquake|p1b: Malamother|[spread] p1a,p1b\n|-immune|p2a: Kilowattrel\n|-supereffective|p1b: Malamother\n|-damage|p1a: Tapu Deedee|1\/100\n|-damage|p1b: Malamother|0 fnt\n|faint|p1b: Malamother\n|\n|upkeep\n|\n|t:|1731086719\n|switch|p1b: \u2694\ufe0fKing\u2694\ufe0f|Gallade, L50, M, shiny|100\/100\n|turn|2\n|\n|t:|1731086725\n|switch|p1a: Bridget|Archaludon, L50, F, shiny|100\/100\n|move|p1b: \u2694\ufe0fKing\u2694\ufe0f|Protect|p1b: \u2694\ufe0fKing\u2694\ufe0f\n|-singleturn|p1b: \u2694\ufe0fKing\u2694\ufe0f|Protect\n|move|p2a: Kilowattrel|Thunderbolt|p1a: Bridget\n|-resisted|p1a: Bridget\n|-damage|p1a: Bridget|87\/100\n|-ability|p1a: Bridget|Stamina|boost\n|-boost|p1a: Bridget|def|1\n|move|p2b: Baxcalibur|Glaive Rush|p1b: \u2694\ufe0fKing\u2694\ufe0f\n|-activate|p1b: \u2694\ufe0fKing\u2694\ufe0f|move: Protect\n|\n|upkeep\n|turn|3\n|\n|t:|1731086734\n|move|p2a: Kilowattrel|Air Slash|p1b: \u2694\ufe0fKing\u2694\ufe0f\n|-supereffective|p1b: \u2694\ufe0fKing\u2694\ufe0f\n|-damage|p1b: \u2694\ufe0fKing\u2694\ufe0f|29\/100\n|move|p1b: \u2694\ufe0fKing\u2694\ufe0f|Leaf Blade|p2b: Baxcalibur\n|-supereffective|p2b: Baxcalibur\n|-damage|p2b: Baxcalibur|0 fnt\n|faint|p2b: Baxcalibur\n|move|p1a: Bridget|Snarl|p2a: Kilowattrel\n|-damage|p2a: Kilowattrel|0 fnt\n|faint|p2a: Kilowattrel\n|\n|upkeep\n|\n|t:|1731086738\n|switch|p2a: Gardevoir|Gardevoir, L50, M|100\/100\n|switch|p2b: Gholdengo|Gholdengo, L50|100\/100\n|turn|4\n|\n|t:|1731086748\n|move|p1b: \u2694\ufe0fKing\u2694\ufe0f|Protect|p1b: \u2694\ufe0fKing\u2694\ufe0f\n|-singleturn|p1b: \u2694\ufe0fKing\u2694\ufe0f|Protect\n|move|p1a: Bridget|Snarl|p2b: Gholdengo|[spread] p2a,p2b\n|-supereffective|p2b: Gholdengo\n|-damage|p2a: Gardevoir|89\/100\n|-damage|p2b: Gholdengo|78\/100\n|-unboost|p2a: Gardevoir|spa|1\n|-unboost|p2b: Gholdengo|spa|1\n|move|p2b: Gholdengo|Nasty Plot|p2b: Gholdengo\n|-boost|p2b: Gholdengo|spa|2\n|move|p2a: Gardevoir|Trick Room|p2a: Gardevoir\n|-fieldstart|move: Trick Room|[of] p2a: Gardevoir\n|\n|-heal|p2b: Gholdengo|84\/100|[from] item: Leftovers\n|upkeep\n|turn|5\n|\n|t:|1731086761\n|move|p2a: Gardevoir|Dazzling Gleam|p1b: \u2694\ufe0fKing\u2694\ufe0f|[spread] p1a,p1b\n|-supereffective|p1b: \u2694\ufe0fKing\u2694\ufe0f\n|-damage|p1a: Bridget|73\/100\n|-damage|p1b: \u2694\ufe0fKing\u2694\ufe0f|0 fnt\n|-ability|p1a: Bridget|Stamina|boost\n|-boost|p1a: Bridget|def|1\n|-enditem|p2a: Gardevoir|Mirror Herb\n|-boost|p2a: Gardevoir|def|1|[from] item: Mirror Herb\n|faint|p1b: \u2694\ufe0fKing\u2694\ufe0f\n|move|p2b: Gholdengo|Nasty Plot|p2b: Gholdengo\n|-boost|p2b: Gholdengo|spa|2\n|move|p1a: Bridget|Snarl|p2b: Gholdengo|[spread] p2a,p2b\n|-supereffective|p2b: Gholdengo\n|-damage|p2a: Gardevoir|78\/100\n|-damage|p2b: Gholdengo|60\/100\n|-unboost|p2a: Gardevoir|spa|1\n|-unboost|p2b: Gholdengo|spa|1\n|\n|-heal|p2b: Gholdengo|66\/100|[from] item: Leftovers\n|-fieldend|move: Psychic Terrain\n|upkeep\n|\n|t:|1731086764\n|switch|p1b: Tapu Deedee|Indeedee, L50, M, shiny|1\/100\n|-fieldstart|move: Psychic Terrain|[from] ability: Psychic Surge|[of] p1b: Tapu Deedee\n|turn|6\n|\n|t:|1731086772\n|move|p2a: Gardevoir|Dazzling Gleam|p1b: Tapu Deedee|[spread] p1a,p1b\n|-crit|p1b: Tapu Deedee\n|-damage|p1a: Bridget|63\/100\n|-damage|p1b: Tapu Deedee|0 fnt\n|-ability|p1a: Bridget|Stamina|boost\n|-boost|p1a: Bridget|def|1\n|faint|p1b: Tapu Deedee\n|move|p2b: Gholdengo|Shadow Ball|p1a: Bridget\n|-damage|p1a: Bridget|0 fnt\n|faint|p1a: Bridget\n|\n|win|chin8\n|raw|actuary97's rating: 1884 &rarr; <strong>1862<\/strong><br \/>(-22 for losing)\n|raw|chin8's rating: 1852 &rarr; <strong>1874<\/strong><br \/>(+22 for winning)\n|l|\u2606actuary97\n|player|p1|\n|l|\u2606chin8\n|player|p2|\n|l| nohaters\n","uploadtime":1731087050,"views":175,"formatid":"gen9vgc2024regh","rating":1862,"private":0,"password":null}