{"id":"gen9vgc2024regh-2240014589","format":"[Gen 9] VGC 2024 Reg H","players":["JLFalcon","datbishgames"],"log":"|j|\u2606JLFalcon\n|j|\u2606datbishgames\n|t:|1731085750\n|gametype|doubles\n|player|p1|JLFalcon|brycen|1682\n|player|p2|datbishgames|mira|1761\n|teamsize|p1|6\n|teamsize|p2|6\n|gen|9\n|tier|[Gen 9] VGC 2024 Reg H\n|rated|\n|rule|Species Clause: Limit one of each Pok\u00e9mon\n|rule|Item Clause: Limit 1 of each item\n|clearpoke\n|poke|p1|Primarina, L50, M|\n|poke|p1|Electabuzz, L50, F|\n|poke|p1|Rillaboom, L50, F|\n|poke|p1|Ursaluna, L50, M|\n|poke|p1|Farigiraf, L50, F|\n|poke|p1|Ceruledge, L50, F|\n|poke|p2|Whimsicott, L50, M|\n|poke|p2|Basculegion, L50, M|\n|poke|p2|Arcanine-Hisui, L50, F|\n|poke|p2|Hydreigon, L50, F|\n|poke|p2|Farigiraf, L50, F|\n|poke|p2|Pawmot, L50, F|\n|teampreview|4\n|inactive|Battle timer is ON: inactive players will automatically lose when time's up. (requested by datbishgames)\n|c|\u2606JLFalcon|glhf\nJLFalcon has agreed to open team sheets.\n|c|\u2606datbishgames|U2!\n|inactive|JLFalcon has 60 seconds left.\n|inactive|datbishgames has 60 seconds left.\n|\n|t:|1731085798\n|start\n|switch|p1a: Electabuzz|Electabuzz, L50, F|100\/100\n|switch|p1b: Ceruledge|Ceruledge, L50, F|100\/100\n|switch|p2a: Whimsicott|Whimsicott, L50, M|100\/100\n|switch|p2b: Pawmot|Pawmot, L50, F|100\/100\n|turn|1\n|\n|t:|1731085808\n|-terastallize|p2b: Pawmot|Electric\n|move|p2a: Whimsicott|Tailwind|p2a: Whimsicott\n|-sidestart|p2: datbishgames|move: Tailwind\n|move|p2b: Pawmot|Double Shock|p1b: Ceruledge\n|-damage|p1b: Ceruledge|0 fnt\n|-start|p2b: Pawmot|typechange|Electric|[from] move: Double Shock\n|faint|p1b: Ceruledge\n|move|p1a: Electabuzz|Electroweb|p2a: Whimsicott|[spread] p2a\n|-immune|p2b: Pawmot|[from] ability: Volt Absorb\n|-resisted|p2a: Whimsicott\n|-crit|p2a: Whimsicott\n|-damage|p2a: Whimsicott|90\/100\n|\n|upkeep\n|\n|t:|1731085825\n|switch|p1b: Primarina|Primarina, L50, M|100\/100\n|turn|2\n|\n|t:|1731085830\n|move|p1a: Electabuzz|Follow Me|p1a: Electabuzz\n|-singleturn|p1a: Electabuzz|move: Follow Me\n|move|p2a: Whimsicott|Encore|p1a: Electabuzz\n|-start|p1a: Electabuzz|Encore\n|move|p2b: Pawmot|Double Shock|p1a: Electabuzz\n|-resisted|p1a: Electabuzz\n|-damage|p1a: Electabuzz|63\/100\n|-start|p2b: Pawmot|typechange|Electric|[from] move: Double Shock\n|move|p1b: Primarina|Calm Mind|p1b: Primarina\n|-boost|p1b: Primarina|spa|1\n|-boost|p1b: Primarina|spd|1\n|\n|upkeep\n|turn|3\n|\n|t:|1731085839\n|move|p1a: Electabuzz|Follow Me|p1a: Electabuzz\n|-singleturn|p1a: Electabuzz|move: Follow Me\n|move|p2b: Pawmot|Close Combat|p1a: Electabuzz\n|-damage|p1a: Electabuzz|14\/100\n|-unboost|p2b: Pawmot|def|1\n|-unboost|p2b: Pawmot|spd|1\n|move|p2a: Whimsicott|Moonblast|p1a: Electabuzz\n|-damage|p1a: Electabuzz|0 fnt\n|faint|p1a: Electabuzz\n|move|p1b: Primarina|Hyper Voice|p2b: Pawmot|[spread] p2a,p2b\n|-resisted|p2a: Whimsicott\n|-damage|p2a: Whimsicott|60\/100\n|-enditem|p2b: Pawmot|Focus Sash\n|-damage|p2b: Pawmot|1\/100\n|\n|upkeep\n|\n|t:|1731085852\n|switch|p1a: Rillaboom|Rillaboom, L50, F|100\/100\n|-fieldstart|move: Grassy Terrain|[from] ability: Grassy Surge|[of] p1a: Rillaboom\n|turn|4\n|j| nohaters\n|\n|t:|1731085863\n|switch|p2a: Farigiraf|Farigiraf, L50, F|100\/100\n|-terastallize|p1b: Primarina|Steel\n|move|p1a: Rillaboom|Grassy Glide||[still]\n|cant|p2a: Farigiraf|ability: Armor Tail|Grassy Glide|[of] p1a: Rillaboom\n|move|p2b: Pawmot|Double Shock|p1b: Primarina\n|-damage|p1b: Primarina|0 fnt\n|-start|p2b: Pawmot|typechange|Electric|[from] move: Double Shock\n|faint|p1b: Primarina\n|\n|-heal|p2b: Pawmot|7\/100|[from] Grassy Terrain\n|-sideend|p2: datbishgames|move: Tailwind\n|upkeep\n|turn|5\n|\n|t:|1731085879\n|switch|p2a: Whimsicott|Whimsicott, L50, M|60\/100\n|move|p2b: Pawmot|Close Combat|p1a: Rillaboom\n|-damage|p1a: Rillaboom|44\/100\n|-unboost|p2b: Pawmot|def|1\n|-unboost|p2b: Pawmot|spd|1\n|move|p1a: Rillaboom|U-turn|p2b: Pawmot\n|-damage|p2b: Pawmot|0 fnt\n|faint|p2b: Pawmot\n|\n|-heal|p2a: Whimsicott|66\/100|[from] Grassy Terrain\n|-heal|p1a: Rillaboom|50\/100|[from] Grassy Terrain\n|upkeep\n|-message|JLFalcon forfeited.\n|\n|win|datbishgames\n|raw|JLFalcon's rating: 1682 &rarr; <strong>1666<\/strong><br \/>(-16 for losing)\n|raw|datbishgames's rating: 1761 &rarr; <strong>1777<\/strong><br \/>(+16 for winning)\n|l|\u2606JLFalcon\n|player|p1|\n|l|\u2606datbishgames\n|player|p2|\n|l| nohaters\n","uploadtime":1731086071,"views":28,"formatid":"gen9vgc2024regh","rating":1666,"private":0,"password":null}