{"id":"gen9vgc2024regh-2240338485","format":"[Gen 9] VGC 2024 Reg H","players":["elvegis1","Aki Hoshino"],"log":"|j|\u2606elvegis1\n|j|\u2606Aki Hoshino\n|t:|1731123283\n|gametype|doubles\n|player|p1|elvegis1|lucas|1778\n|player|p2|Aki Hoshino|aromalady|1708\n|teamsize|p1|6\n|teamsize|p2|6\n|gen|9\n|tier|[Gen 9] VGC 2024 Reg H\n|rated|\n|rule|Species Clause: Limit one of each Pok\u00e9mon\n|rule|Item Clause: Limit 1 of each item\n|clearpoke\n|poke|p1|Incineroar, L50, M|\n|poke|p1|Gholdengo, L50|\n|poke|p1|Dondozo, L50, F|\n|poke|p1|Sneasler, L50, M|\n|poke|p1|Ursaluna, L50, M|\n|poke|p1|Dusclops, L50, F|\n|poke|p2|Grimmsnarl, L50, M|\n|poke|p2|Volcarona, L50, F|\n|poke|p2|Primarina, L50, F|\n|poke|p2|Rillaboom, L50, M|\n|poke|p2|Dragonite, L50, F|\n|poke|p2|Annihilape, L50, M|\n|teampreview|4\n|inactive|Battle timer is ON: inactive players will automatically lose when time's up. (requested by elvegis1)\n|inactive|elvegis1 has 60 seconds left.\n|inactive|Aki Hoshino has 60 seconds left.\n|\n|t:|1731123327\n|start\n|switch|p1a: Sneasler|Sneasler, L50, M|100\/100\n|switch|p1b: Dusclops|Dusclops, L50, F|100\/100\n|switch|p2a: Grimmsnarl|Grimmsnarl, L50, M|100\/100\n|switch|p2b: Annihilape|Annihilape, L50, M|100\/100\n|-item|p2a: Grimmsnarl|Light Clay|[from] ability: Frisk|[of] p1b: Dusclops\n|-item|p2b: Annihilape|Leftovers|[from] ability: Frisk|[of] p1b: Dusclops\n|turn|1\n|\n|t:|1731123344\n|move|p2a: Grimmsnarl|Reflect|p2a: Grimmsnarl\n|-sidestart|p2: Aki Hoshino|Reflect\n|move|p1a: Sneasler|Dire Claw|p2a: Grimmsnarl\n|-supereffective|p2a: Grimmsnarl\n|-damage|p2a: Grimmsnarl|50\/100\n|-status|p2a: Grimmsnarl|par\n|move|p2b: Annihilape|Bulk Up|p2b: Annihilape\n|-boost|p2b: Annihilape|atk|1\n|-boost|p2b: Annihilape|def|1\n|move|p1b: Dusclops|Trick Room|p1b: Dusclops\n|-fieldstart|move: Trick Room|[of] p1b: Dusclops\n|\n|upkeep\n|turn|2\n|inactive|Aki Hoshino has 30 seconds left.\n|\n|t:|1731123369\n|switch|p1a: Dondozo|Dondozo, L50, F|100\/100\n|move|p2a: Grimmsnarl|Spirit Break|p1a: Dondozo\n|-damage|p1a: Dondozo|82\/100\n|-unboost|p1a: Dondozo|spa|1\n|move|p1b: Dusclops|Will-O-Wisp|p2b: Annihilape\n|-status|p2b: Annihilape|brn\n|move|p2b: Annihilape|Drain Punch|p1a: Dondozo\n|-damage|p1a: Dondozo|70\/100\n|\n|-heal|p1a: Dondozo|76\/100|[from] item: Leftovers\n|-damage|p2b: Annihilape|94\/100 brn|[from] brn\n|upkeep\n|turn|3\n|\n|t:|1731123389\n|move|p2a: Grimmsnarl|Thunder Wave|p1a: Dondozo\n|-status|p1a: Dondozo|par\n|move|p1a: Dondozo|Body Press|p2a: Grimmsnarl\n|-damage|p2a: Grimmsnarl|36\/100 par\n|move|p1b: Dusclops|Night Shade|p2a: Grimmsnarl\n|-damage|p2a: Grimmsnarl|11\/100 par\n|move|p2b: Annihilape|Bulk Up|p2b: Annihilape\n|-boost|p2b: Annihilape|atk|1\n|-boost|p2b: Annihilape|def|1\n|\n|-heal|p1a: Dondozo|82\/100 par|[from] item: Leftovers\n|-heal|p2b: Annihilape|100\/100 brn|[from] item: Leftovers\n|-damage|p2b: Annihilape|94\/100 brn|[from] brn\n|upkeep\n|turn|4\n|inactive|Aki Hoshino has 30 seconds left.\n|inactive|elvegis1 has 30 seconds left.\n|inactive|elvegis1 has 20 seconds left.\n|inactive|elvegis1 has 15 seconds left.\n|\n|t:|1731123435\n|switch|p1b: Ursaluna|Ursaluna, L50, M|100\/100\n|cant|p2a: Grimmsnarl|par\n|move|p1a: Dondozo|Body Press|p2a: Grimmsnarl\n|-damage|p2a: Grimmsnarl|0 fnt\n|faint|p2a: Grimmsnarl\n|move|p2b: Annihilape|Bulk Up|p2b: Annihilape\n|-boost|p2b: Annihilape|atk|1\n|-boost|p2b: Annihilape|def|1\n|\n|-heal|p1a: Dondozo|88\/100 par|[from] item: Leftovers\n|-heal|p2b: Annihilape|100\/100 brn|[from] item: Leftovers\n|-damage|p2b: Annihilape|94\/100 brn|[from] brn\n|-status|p1b: Ursaluna|brn|[from] item: Flame Orb\n|upkeep\n|j| On Garde!! (Voir)\n|j| bluestraggler03\n|\n|t:|1731123455\n|switch|p2a: Rillaboom|Rillaboom, L50, M|100\/100\n|-fieldstart|move: Grassy Terrain|[from] ability: Grassy Surge|[of] p2a: Rillaboom\n|turn|5\n|\n|t:|1731123472\n|-terastallize|p1b: Ursaluna|Ghost\n|move|p1a: Dondozo|Protect|p1a: Dondozo\n|-singleturn|p1a: Dondozo|Protect\n|move|p2a: Rillaboom|Fake Out|p1a: Dondozo\n|-activate|p1a: Dondozo|move: Protect\n|move|p1b: Ursaluna|Facade|p2a: Rillaboom\n|-damage|p2a: Rillaboom|20\/100\n|move|p2b: Annihilape|Bulk Up|p2b: Annihilape\n|-boost|p2b: Annihilape|atk|1\n|-boost|p2b: Annihilape|def|1\n|\n|-heal|p1a: Dondozo|94\/100 par|[from] Grassy Terrain\n|-heal|p1a: Dondozo|100\/100 par|[from] item: Leftovers\n|-heal|p2a: Rillaboom|27\/100|[from] Grassy Terrain\n|-heal|p2b: Annihilape|100\/100 brn|[from] Grassy Terrain\n|-damage|p1b: Ursaluna|95\/100 brn|[from] brn\n|-damage|p2b: Annihilape|94\/100 brn|[from] brn\n|-fieldend|move: Trick Room\n|upkeep\n|turn|6\n|\n|t:|1731123492\n|switch|p1a: Dusclops|Dusclops, L50, F|100\/100\n|-item|p2a: Rillaboom|Assault Vest|[from] ability: Frisk|[of] p1a: Dusclops\n|-item|p2b: Annihilape|Leftovers|[from] ability: Frisk|[of] p1a: Dusclops\n|move|p2b: Annihilape|Rage Fist|p1b: Ursaluna\n|-supereffective|p1b: Ursaluna\n|-crit|p1b: Ursaluna\n|-damage|p1b: Ursaluna|10\/100 brn\n|move|p2a: Rillaboom|Wood Hammer|p1a: Dusclops\n|-damage|p1a: Dusclops|45\/100\n|-damage|p2a: Rillaboom|12\/100|[from] Recoil\n|move|p1b: Ursaluna|Facade|p2a: Rillaboom\n|-damage|p2a: Rillaboom|0 fnt\n|faint|p2a: Rillaboom\n|\n|-heal|p2b: Annihilape|100\/100 brn|[from] Grassy Terrain\n|-heal|p1b: Ursaluna|16\/100 brn|[from] Grassy Terrain\n|-heal|p1a: Dusclops|52\/100|[from] Grassy Terrain\n|-damage|p2b: Annihilape|94\/100 brn|[from] brn\n|-damage|p1b: Ursaluna|10\/100 brn|[from] brn\n|upkeep\n|\n|t:|1731123506\n|switch|p2a: Primarina|Primarina, L50, F|100\/100\n|turn|7\n|\n|t:|1731123516\n|move|p1b: Ursaluna|Protect|p1b: Ursaluna\n|-singleturn|p1b: Ursaluna|Protect\n|move|p2b: Annihilape|Rage Fist|p1a: Dusclops\n|-supereffective|p1a: Dusclops\n|-damage|p1a: Dusclops|4\/100\n|move|p2a: Primarina|Hyper Voice|p1b: Ursaluna|[spread] p1a\n|-activate|p1b: Ursaluna|move: Protect\n|-damage|p1a: Dusclops|0 fnt\n|faint|p1a: Dusclops\n|-damage|p2a: Primarina|91\/100|[from] item: Life Orb\n|\n|-heal|p2b: Annihilape|100\/100 brn|[from] Grassy Terrain\n|-heal|p2a: Primarina|97\/100|[from] Grassy Terrain\n|-heal|p1b: Ursaluna|16\/100 brn|[from] Grassy Terrain\n|-damage|p2b: Annihilape|94\/100 brn|[from] brn\n|-damage|p1b: Ursaluna|10\/100 brn|[from] brn\n|upkeep\n|\n|t:|1731123532\n|switch|p1a: Sneasler|Sneasler, L50, M|100\/100\n|turn|8\n|\n|t:|1731123553\n|move|p1a: Sneasler|Dire Claw|p2a: Primarina\n|-supereffective|p2a: Primarina\n|-damage|p2a: Primarina|27\/100\n|-status|p2a: Primarina|psn\n|move|p2b: Annihilape|Rage Fist|p1b: Ursaluna\n|-supereffective|p1b: Ursaluna\n|-damage|p1b: Ursaluna|0 fnt\n|faint|p1b: Ursaluna\n|move|p2a: Primarina|Hyper Voice|p1a: Sneasler\n|-damage|p1a: Sneasler|15\/100\n|-damage|p2a: Primarina|18\/100 psn|[from] item: Life Orb\n|\n|-heal|p1a: Sneasler|20\/100|[from] Grassy Terrain\n|-heal|p2b: Annihilape|100\/100 brn|[from] Grassy Terrain\n|-heal|p2a: Primarina|24\/100 psn|[from] Grassy Terrain\n|-damage|p2a: Primarina|12\/100 psn|[from] psn\n|-damage|p2b: Annihilape|94\/100 brn|[from] brn\n|-sideend|p2: Aki Hoshino|Reflect\n|upkeep\n|\n|t:|1731123560\n|switch|p1b: Dondozo|Dondozo, L50, F|100\/100 par\n|turn|9\n|inactive|Aki Hoshino has 30 seconds left.\n|\n|t:|1731123589\n|cant|p1b: Dondozo|par\n|move|p1a: Sneasler|Coaching|p1b: Dondozo\n|-boost|p1b: Dondozo|atk|1\n|-boost|p1b: Dondozo|def|1\n|move|p2b: Annihilape|Bulk Up|p2b: Annihilape\n|-boost|p2b: Annihilape|atk|1\n|-boost|p2b: Annihilape|def|1\n|move|p2a: Primarina|Hyper Voice|p1a: Sneasler|[spread] p1a,p1b\n|-resisted|p1b: Dondozo\n|-damage|p1a: Sneasler|0 fnt\n|-damage|p1b: Dondozo|83\/100 par\n|faint|p1a: Sneasler\n|-damage|p2a: Primarina|2\/100 psn|[from] item: Life Orb\n|\n|-heal|p2b: Annihilape|100\/100 brn|[from] Grassy Terrain\n|-heal|p2a: Primarina|8\/100 psn|[from] Grassy Terrain\n|-heal|p1b: Dondozo|89\/100 par|[from] Grassy Terrain\n|-heal|p1b: Dondozo|95\/100 par|[from] item: Leftovers\n|-damage|p2a: Primarina|0 fnt|[from] psn\n|faint|p2a: Primarina\n|-damage|p2b: Annihilape|94\/100 brn|[from] brn\n|-fieldend|move: Grassy Terrain\n|upkeep\n|turn|10\n|inactive|Aki Hoshino has 30 seconds left.\n|l| bluestraggler03\n|inactive|Aki Hoshino has 20 seconds left.\n|\n|t:|1731123625\n|move|p2b: Annihilape|Drain Punch|p1b: Dondozo\n|-damage|p1b: Dondozo|86\/100 par\n|-heal|p2b: Annihilape|99\/100 brn|[from] drain|[of] p1b: Dondozo\n|move|p1b: Dondozo|Wave Crash|p2b: Annihilape\n|-damage|p2b: Annihilape|16\/100 brn\n|-damage|p1b: Dondozo|65\/100 par|[from] Recoil\n|\n|-heal|p2b: Annihilape|22\/100 brn|[from] item: Leftovers\n|-heal|p1b: Dondozo|71\/100 par|[from] item: Leftovers\n|-damage|p2b: Annihilape|16\/100 brn|[from] brn\n|upkeep\n|turn|11\n|j| bluestraggler03\n|l| On Garde!! (Voir)\n|\n|t:|1731123638\n|move|p2b: Annihilape|Rage Fist|p1b: Dondozo\n|-damage|p1b: Dondozo|60\/100 par\n|move|p1b: Dondozo|Wave Crash|p2b: Annihilape\n|-damage|p2b: Annihilape|0 fnt\n|faint|p2b: Annihilape\n|-damage|p1b: Dondozo|56\/100 par|[from] Recoil\n|\n|win|elvegis1\n|raw|elvegis1's rating: 1778 &rarr; <strong>1794<\/strong><br \/>(+16 for winning)\n|raw|Aki Hoshino's rating: 1708 &rarr; <strong>1692<\/strong><br \/>(-16 for losing)\n|c|\u2606elvegis1|Gg\n|l|\u2606Aki Hoshino\n|player|p2|\n|l|\u2606elvegis1\n|player|p1|\n","uploadtime":1731123822,"views":41,"formatid":"gen9vgc2024regh","rating":1692,"private":0,"password":null}