{"id":"gen9vgc2024regh-2240421407","format":"[Gen 9] VGC 2024 Reg H","players":["htotoT","violet mm"],"log":"|j|\u2606htotoT\n|j|\u2606violet mm\n|t:|1731138508\n|gametype|doubles\n|player|p1|htotoT|2|1730\n|player|p2|violet mm|169|1750\n|teamsize|p1|6\n|teamsize|p2|6\n|gen|9\n|tier|[Gen 9] VGC 2024 Reg H\n|rated|\n|rule|Species Clause: Limit one of each Pok\u00e9mon\n|rule|Item Clause: Limit 1 of each item\n|clearpoke\n|poke|p1|Gholdengo, L50|\n|poke|p1|Murkrow, L50, F|\n|poke|p1|Pelipper, L50, M|\n|poke|p1|Archaludon, L50, M|\n|poke|p1|Amoonguss, L50, F|\n|poke|p1|Basculegion-F, L50, F|\n|poke|p2|Ceruledge, L50, F|\n|poke|p2|Sneasler, L50, M|\n|poke|p2|Dragonite, L50, F|\n|poke|p2|Archaludon, L50, F|\n|poke|p2|Dondozo, L50, F|\n|poke|p2|Tatsugiri, L50, F|\n|teampreview|4\n|inactive|Battle timer is ON: inactive players will automatically lose when time's up. (requested by htotoT)\n|inactive|violet mm has 60 seconds left.\n|\n|t:|1731138546\n|start\n|switch|p1a: Murkrow|Murkrow, L50, F|100\/100\n|switch|p1b: Gholdengo|Gholdengo, L50|100\/100\n|switch|p2a: Archaludon|Archaludon, L50, F|100\/100\n|switch|p2b: Sneasler|Sneasler, L50, M|100\/100\n|turn|1\n|inactive|violet mm has 30 seconds left.\n|\n|t:|1731138575\n|switch|p2b: Ceruledge|Ceruledge, L50, F|100\/100\n|-terastallize|p1a: Murkrow|Ghost\n|move|p1a: Murkrow|Tailwind|p1a: Murkrow\n|-sidestart|p1: htotoT|move: Tailwind\n|move|p1b: Gholdengo|Make It Rain|p2a: Archaludon|[spread] p2a,p2b\n|-resisted|p2a: Archaludon\n|-resisted|p2b: Ceruledge\n|-crit|p2b: Ceruledge\n|-damage|p2a: Archaludon|45\/100\n|-damage|p2b: Ceruledge|53\/100\n|-unboost|p1b: Gholdengo|spa|1\n|move|p2a: Archaludon|Electro Shot||[still]\n|-prepare|p2a: Archaludon|Electro Shot\n|-boost|p2a: Archaludon|spa|1\n|-enditem|p2a: Archaludon|Power Herb\n|-anim|p2a: Archaludon|Electro Shot|p1a: Murkrow\n|-damage|p1a: Murkrow|45\/100\n|\n|upkeep\n|turn|2\n|\n|t:|1731138592\n|move|p2a: Archaludon|Protect|p2a: Archaludon\n|-singleturn|p2a: Archaludon|Protect\n|move|p1a: Murkrow|Haze|p1a: Murkrow\n|-clearallboost\n|move|p1b: Gholdengo|Make It Rain|p2a: Archaludon|[spread] p2b\n|-activate|p2a: Archaludon|move: Protect\n|-resisted|p2b: Ceruledge\n|-damage|p2b: Ceruledge|22\/100\n|-unboost|p1b: Gholdengo|spa|1\n|move|p2b: Ceruledge|Bitter Blade|p1b: Gholdengo\n|-supereffective|p1b: Gholdengo\n|-damage|p1b: Gholdengo|5\/100\n|-heal|p2b: Ceruledge|74\/100|[from] drain|[of] p1b: Gholdengo\n|\n|upkeep\n|turn|3\n|\n|t:|1731138612\n|switch|p1b: Archaludon|Archaludon, L50, M|100\/100\n|move|p2b: Ceruledge|Shadow Sneak|p1b: Archaludon\n|-damage|p1b: Archaludon|84\/100\n|-ability|p1b: Archaludon|Stamina|boost\n|-boost|p1b: Archaludon|def|1\n|move|p1a: Murkrow|Foul Play|p2b: Ceruledge\n|-supereffective|p2b: Ceruledge\n|-damage|p2b: Ceruledge|0 fnt\n|faint|p2b: Ceruledge\n|move|p2a: Archaludon|Draco Meteor|p1a: Murkrow\n|-damage|p1a: Murkrow|0 fnt\n|-unboost|p2a: Archaludon|spa|2\n|faint|p1a: Murkrow\n|\n|upkeep\n|\n|t:|1731138628\n|switch|p2b: Dragonite|Dragonite, L50, F|100\/100\n|switch|p1a: Amoonguss|Amoonguss, L50, F|100\/100\n|turn|4\n|\n|t:|1731138644\n|move|p2a: Archaludon|Protect|p2a: Archaludon\n|-singleturn|p2a: Archaludon|Protect\n|move|p1b: Archaludon|Dragon Pulse|p2b: Dragonite\n|-supereffective|p2b: Dragonite\n|-crit|p2b: Dragonite\n|-damage|p2b: Dragonite|26\/100\n|move|p2b: Dragonite|Haze|p2b: Dragonite\n|-clearallboost\n|move|p1a: Amoonguss|Spore|p2a: Archaludon\n|-activate|p2a: Archaludon|move: Protect\n|\n|-sideend|p1: htotoT|move: Tailwind\n|upkeep\n|turn|5\n|\n|t:|1731138656\n|-terastallize|p2a: Archaludon|Stellar\n|move|p1a: Amoonguss|Rage Powder|p1a: Amoonguss\n|-singleturn|p1a: Amoonguss|move: Rage Powder\n|move|p1b: Archaludon|Dragon Pulse|p2b: Dragonite\n|-supereffective|p2b: Dragonite\n|-damage|p2b: Dragonite|0 fnt\n|faint|p2b: Dragonite\n|move|p2a: Archaludon|Draco Meteor|p1a: Amoonguss\n|-damage|p1a: Amoonguss|32\/100\n|-unboost|p2a: Archaludon|spa|2\n|\n|upkeep\n|\n|t:|1731138662\n|switch|p2b: Sneasler|Sneasler, L50, M|100\/100\n|turn|6\n|\n|t:|1731138679\n|move|p1a: Amoonguss|Rage Powder|p1a: Amoonguss\n|-singleturn|p1a: Amoonguss|move: Rage Powder\n|move|p2b: Sneasler|Dire Claw|p1a: Amoonguss\n|-damage|p1a: Amoonguss|0 fnt\n|faint|p1a: Amoonguss\n|move|p2a: Archaludon|Flash Cannon|p1b: Archaludon\n|-resisted|p1b: Archaludon\n|-damage|p1b: Archaludon|71\/100\n|-ability|p1b: Archaludon|Stamina|boost\n|-boost|p1b: Archaludon|def|1\n|move|p1b: Archaludon|Dragon Pulse|p2b: Sneasler\n|-damage|p2b: Sneasler|44\/100\n|\n|upkeep\n|\n|t:|1731138691\n|switch|p1a: Gholdengo|Gholdengo, L50|5\/100\n|turn|7\n|\n|t:|1731138699\n|move|p2b: Sneasler|Close Combat|p1b: Archaludon\n|-supereffective|p1b: Archaludon\n|-damage|p1b: Archaludon|0 fnt\n|-unboost|p2b: Sneasler|def|1\n|-unboost|p2b: Sneasler|spd|1\n|faint|p1b: Archaludon\n|move|p2a: Archaludon|Draco Meteor|p1a: Gholdengo\n|-resisted|p1a: Gholdengo\n|-damage|p1a: Gholdengo|0 fnt\n|-unboost|p2a: Archaludon|spa|2\n|faint|p1a: Gholdengo\n|\n|win|violet mm\n|raw|htotoT's rating: 1730 &rarr; <strong>1711<\/strong><br \/>(-19 for losing)\n|raw|violet mm's rating: 1750 &rarr; <strong>1769<\/strong><br \/>(+19 for winning)\n|l|\u2606htotoT\n|player|p1|\n|l|\u2606violet mm\n|player|p2|\n","uploadtime":1731138836,"views":29,"formatid":"gen9vgc2024regh","rating":1711,"private":0,"password":null}