{"id":"gen9vgc2024regh-2240089390","format":"[Gen 9] VGC 2024 Reg H","players":["Spottedwoot","oil bird"],"log":"|j|\u2606Spottedwoot\n|j|\u2606oil bird\n|t:|1731092987\n|gametype|doubles\n|player|p1|Spottedwoot|1|1677\n|player|p2|oil bird|swimmer-gen4dp|1724\n|teamsize|p1|6\n|teamsize|p2|6\n|gen|9\n|tier|[Gen 9] VGC 2024 Reg H\n|rated|\n|rule|Species Clause: Limit one of each Pok\u00e9mon\n|rule|Item Clause: Limit 1 of each item\n|clearpoke\n|poke|p1|Kingambit, L50, F|\n|poke|p1|Primarina, L50, M|\n|poke|p1|Salamence, L50, F|\n|poke|p1|Gholdengo, L50|\n|poke|p1|Sneasler, L50, F|\n|poke|p1|Volcarona, L50, F|\n|poke|p2|Tatsugiri, L50, F|\n|poke|p2|Dondozo, L50, M|\n|poke|p2|Archaludon, L50, M|\n|poke|p2|Pelipper, L50, F|\n|poke|p2|Dragonite, L50, F|\n|poke|p2|Glimmora, L50, M|\n|teampreview|4\n|\n|t:|1731093026\n|start\n|switch|p1a: Salamence|Salamence, L50, F|100\/100\n|switch|p1b: Gholdengo|Gholdengo, L50|100\/100\n|switch|p2a: Dragonite|Dragonite, L50, F|100\/100\n|switch|p2b: Glimmora|Glimmora, L50, M|100\/100\n|-ability|p1a: Salamence|Intimidate|boost\n|-fail|p2a: Dragonite|unboost|Attack|[from] ability: Inner Focus|[of] p2a: Dragonite\n|-unboost|p2b: Glimmora|atk|1\n|turn|1\n|\n|t:|1731093042\n|move|p1a: Salamence|Tailwind|p1a: Salamence\n|-sidestart|p1: Spottedwoot|move: Tailwind\n|move|p1b: Gholdengo|Make It Rain|p2b: Glimmora|[spread] p2a,p2b\n|-supereffective|p2b: Glimmora\n|-damage|p2a: Dragonite|38\/100\n|-enditem|p2b: Glimmora|Focus Sash\n|-damage|p2b: Glimmora|1\/100\n|-unboost|p1b: Gholdengo|spa|1\n|move|p2b: Glimmora|Earth Power|p1b: Gholdengo\n|-supereffective|p1b: Gholdengo\n|-damage|p1b: Gholdengo|20\/100\n|move|p2a: Dragonite|Ice Spinner|p1a: Salamence\n|-supereffective|p1a: Salamence\n|-damage|p1a: Salamence|0 fnt\n|faint|p1a: Salamence\n|\n|upkeep\n|\n|t:|1731093046\n|switch|p1a: Sneasler|Sneasler, L50, F|100\/100\n|turn|2\n|\n|t:|1731093074\n|move|p1a: Sneasler|Protect|p1a: Sneasler\n|-singleturn|p1a: Sneasler|Protect\n|move|p2b: Glimmora|Spiky Shield|p2b: Glimmora\n|-singleturn|p2b: Glimmora|move: Protect\n|move|p2a: Dragonite|Protect|p2a: Dragonite\n|-singleturn|p2a: Dragonite|Protect\n|move|p1b: Gholdengo|Make It Rain|p2a: Dragonite|[spread] \n|-activate|p2a: Dragonite|move: Protect\n|-activate|p2b: Glimmora|move: Protect\n|\n|upkeep\n|turn|3\n|\n|t:|1731093084\n|move|p2a: Dragonite|Extreme Speed|p1a: Sneasler\n|-damage|p1a: Sneasler|46\/100\n|move|p1a: Sneasler|Dire Claw|p2a: Dragonite\n|-damage|p2a: Dragonite|0 fnt\n|faint|p2a: Dragonite\n|move|p1b: Gholdengo|Make It Rain|p2b: Glimmora\n|-supereffective|p2b: Glimmora\n|-damage|p2b: Glimmora|0 fnt\n|-unboost|p1b: Gholdengo|spa|1\n|faint|p2b: Glimmora\n|\n|upkeep\n|\n|t:|1731093091\n|switch|p2b: Tatsugiri|Tatsugiri, L50, F|100\/100\n|switch|p2a: Dondozo|Dondozo, L50, M, shiny|100\/100\n|-activate|p2b: Tatsugiri|ability: Commander|[of] p2a: Dondozo\n|-boost|p2a: Dondozo|atk|2\n|-boost|p2a: Dondozo|spa|2\n|-boost|p2a: Dondozo|spe|2\n|-boost|p2a: Dondozo|def|2\n|-boost|p2a: Dondozo|spd|2\n|turn|4\n|\n|t:|1731093103\n|switch|p1a: Primarina|Primarina, L50, M|100\/100\n|-terastallize|p2a: Dondozo|Steel\n|move|p1b: Gholdengo|Make It Rain|p2b: Tatsugiri|[spread] p2a\n|-miss|p1b: Gholdengo|p2b: Tatsugiri\n|-resisted|p2a: Dondozo\n|-damage|p2a: Dondozo|85\/100\n|-unboost|p1b: Gholdengo|spa|1\n|move|p2a: Dondozo|Earthquake|p1a: Primarina|[spread] p1a,p1b\n|-miss|p2a: Dondozo|p2b: Tatsugiri\n|-supereffective|p1b: Gholdengo\n|-damage|p1a: Primarina|44\/100\n|-damage|p1b: Gholdengo|0 fnt\n|faint|p1b: Gholdengo\n|\n|-heal|p2a: Dondozo|91\/100|[from] item: Leftovers\n|-sideend|p1: Spottedwoot|move: Tailwind\n|upkeep\n|\n|t:|1731093104\n|switch|p1b: Sneasler|Sneasler, L50, F|46\/100\n|turn|5\n|\n|t:|1731093108\n|move|p1b: Sneasler|Fake Out|p2a: Dondozo\n|-resisted|p2a: Dondozo\n|-damage|p2a: Dondozo|89\/100\n|cant|p2a: Dondozo|flinch\n|move|p1a: Primarina|Haze|p1a: Primarina\n|-clearallboost\n|\n|-heal|p2a: Dondozo|95\/100|[from] item: Leftovers\n|upkeep\n|turn|6\n|\n|t:|1731093117\n|move|p1b: Sneasler|Close Combat|p2a: Dondozo\n|-supereffective|p2a: Dondozo\n|-damage|p2a: Dondozo|11\/100\n|-unboost|p1b: Sneasler|def|1\n|-unboost|p1b: Sneasler|spd|1\n|move|p1a: Primarina|Hyper Voice|p2a: Dondozo|[spread] p2a\n|-miss|p1a: Primarina|p2b: Tatsugiri\n|-damage|p2a: Dondozo|0 fnt\n|faint|p2a: Dondozo\n|-enditem|p1a: Primarina|Throat Spray\n|-boost|p1a: Primarina|spa|1|[from] item: Throat Spray\n|\n|upkeep\n|turn|7\n|\n|t:|1731093124\n|move|p2b: Tatsugiri|Muddy Water|p1a: Primarina|[spread] p1a,p1b\n|-resisted|p1a: Primarina\n|-damage|p1a: Primarina|31\/100\n|-damage|p1b: Sneasler|0 fnt\n|faint|p1b: Sneasler\n|move|p1a: Primarina|Moonblast|p2b: Tatsugiri\n|-supereffective|p2b: Tatsugiri\n|-damage|p2b: Tatsugiri|0 fnt\n|faint|p2b: Tatsugiri\n|\n|win|Spottedwoot\n|raw|Spottedwoot's rating: 1677 &rarr; <strong>1700<\/strong><br \/>(+23 for winning)\n|raw|oil bird's rating: 1724 &rarr; <strong>1701<\/strong><br \/>(-23 for losing)\n|l|\u2606oil bird\n|player|p2|\n|l|\u2606Spottedwoot\n|player|p1|\n","uploadtime":1731093361,"views":42,"formatid":"gen9vgc2024regh","rating":1700,"private":0,"password":null}