{"id":"gen9vgc2024regh-2240036612","format":"[Gen 9] VGC 2024 Reg H","players":["SubToPenglin","Tausendwandler"],"log":"|j|\u2606SubToPenglin\n|j|\u2606Tausendwandler\n|t:|1731087876\n|gametype|doubles\n|player|p1|SubToPenglin|lady|1689\n|player|p2|Tausendwandler|1|1825\n|teamsize|p1|6\n|teamsize|p2|6\n|gen|9\n|tier|[Gen 9] VGC 2024 Reg H\n|rated|\n|rule|Species Clause: Limit one of each Pok\u00e9mon\n|rule|Item Clause: Limit 1 of each item\n|clearpoke\n|poke|p1|Primarina, L50, F|\n|poke|p1|Sylveon, L50, M|\n|poke|p1|Indeedee, L50, M|\n|poke|p1|Meowscarada, L50, M|\n|poke|p1|Sneasler, L50, F|\n|poke|p1|Decidueye-Hisui, L50, F|\n|poke|p2|Grimmsnarl, L50, M|\n|poke|p2|Maushold-Four, L50|\n|poke|p2|Gholdengo, L50|\n|poke|p2|Dragonite, L50, M|\n|poke|p2|Ursaluna-Bloodmoon, L50, M|\n|poke|p2|Volcarona, L50, F|\n|teampreview|4\n|inactive|Battle timer is ON: inactive players will automatically lose when time's up. (requested by SubToPenglin)\n|inactive|Tausendwandler has 60 seconds left.\n|\n|t:|1731087922\n|start\n|switch|p1a: Primarina|Primarina, L50, F, shiny|100\/100\n|switch|p1b: Meowscarada|Meowscarada, L50, M, shiny|100\/100\n|switch|p2a: Grimmsnarl|Grimmsnarl, L50, M|100\/100\n|switch|p2b: Maushold|Maushold-Four, L50|100\/100\n|turn|1\n|\n|t:|1731087944\n|move|p2a: Grimmsnarl|Light Screen|p2a: Grimmsnarl\n|-sidestart|p2: Tausendwandler|move: Light Screen\n|move|p1b: Meowscarada|Grass Pledge|p2b: Maushold\n|-waiting|p1b: Meowscarada|p1a: Primarina\n|move|p1a: Primarina|Water Pledge|p2b: Maushold|[from]move: Grass Pledge\n|-combine\n|-damage|p2b: Maushold|0 fnt\n|-sidestart|p2: Tausendwandler|Grass Pledge\n|faint|p2b: Maushold\n|-damage|p1a: Primarina|91\/100|[from] item: Life Orb\n|\n|upkeep\n|\n|t:|1731087955\n|switch|p2b: Volcarona|Volcarona, L50, F|100\/100\n|turn|2\n|inactive|SubToPenglin has 30 seconds left.\n|inactive|SubToPenglin has 20 seconds left.\n|inactive|SubToPenglin has 15 seconds left.\n|inactive|SubToPenglin has 10 seconds left.\n|inactive|SubToPenglin has 5 seconds left.\n|\n|t:|1731088005\n|-terastallize|p1a: Primarina|Steel\n|move|p2b: Volcarona|Protect|p2b: Volcarona\n|-singleturn|p2b: Volcarona|Protect\n|move|p1b: Meowscarada|Flower Trick|p2a: Grimmsnarl\n|-crit|p2a: Grimmsnarl\n|-damage|p2a: Grimmsnarl|50\/100\n|move|p1a: Primarina|Hyper Voice|p2a: Grimmsnarl|[spread] p2a\n|-activate|p2b: Volcarona|move: Protect\n|-damage|p2a: Grimmsnarl|22\/100\n|-damage|p1a: Primarina|82\/100|[from] item: Life Orb\n|move|p2a: Grimmsnarl|Spirit Break|p1b: Meowscarada\n|-supereffective|p1b: Meowscarada\n|-enditem|p1b: Meowscarada|Focus Sash\n|-damage|p1b: Meowscarada|1\/100\n|-unboost|p1b: Meowscarada|spa|1\n|\n|upkeep\n|turn|3\n|inactive|Tausendwandler has 30 seconds left.\n|\n|t:|1731088036\n|switch|p1b: Indeedee|Indeedee, L50, M, shiny|100\/100\n|-fieldstart|move: Psychic Terrain|[from] ability: Psychic Surge|[of] p1b: Indeedee\n|-terastallize|p2b: Volcarona|Fairy\n|move|p2a: Grimmsnarl|Reflect|p2a: Grimmsnarl\n|-sidestart|p2: Tausendwandler|Reflect\n|move|p1a: Primarina|Hyper Voice|p2a: Grimmsnarl|[spread] p2a,p2b\n|-damage|p2a: Grimmsnarl|0 fnt\n|-damage|p2b: Volcarona|70\/100\n|faint|p2a: Grimmsnarl\n|-damage|p1a: Primarina|72\/100|[from] item: Life Orb\n|move|p2b: Volcarona|Heat Wave|p1b: Indeedee|[spread] p1a,p1b\n|-supereffective|p1a: Primarina\n|-damage|p1a: Primarina|8\/100\n|-damage|p1b: Indeedee|60\/100\n|-status|p1a: Primarina|brn\n|\n|-damage|p1a: Primarina|2\/100 brn|[from] brn\n|upkeep\n|\n|t:|1731088052\n|switch|p2a: Gholdengo|Gholdengo, L50|100\/100\n|turn|4\n|\n|t:|1731088078\n|move|p2a: Gholdengo|Protect|p2a: Gholdengo\n|-singleturn|p2a: Gholdengo|Protect\n|move|p1a: Primarina|Moonblast|p2b: Volcarona\n|-damage|p2b: Volcarona|28\/100\n|-enditem|p2b: Volcarona|Sitrus Berry|[eat]\n|-heal|p2b: Volcarona|53\/100|[from] item: Sitrus Berry\n|-damage|p1a: Primarina|0 fnt|[from] item: Life Orb\n|faint|p1a: Primarina\n|move|p2b: Volcarona|Quiver Dance|p2b: Volcarona\n|-boost|p2b: Volcarona|spa|1\n|-boost|p2b: Volcarona|spd|1\n|-boost|p2b: Volcarona|spe|1\n|move|p1b: Indeedee|Trick Room|p1b: Indeedee\n|-fieldstart|move: Trick Room|[of] p1b: Indeedee\n|\n|-sideend|p2: Tausendwandler|Grass Pledge\n|upkeep\n|\n|t:|1731088085\n|switch|p1a: Sylveon|Sylveon, L50, M|100\/100\n|turn|5\n|\n|t:|1731088101\n|move|p1a: Sylveon|Shadow Ball|p2a: Gholdengo\n|-supereffective|p2a: Gholdengo\n|-damage|p2a: Gholdengo|33\/100\n|move|p1b: Indeedee|Expanding Force|p2a: Gholdengo|[spread] p2a,p2b\n|-resisted|p2a: Gholdengo\n|-damage|p2a: Gholdengo|12\/100\n|-damage|p2b: Volcarona|32\/100\n|move|p2a: Gholdengo|Make It Rain|p1b: Indeedee|[spread] p1a,p1b\n|-supereffective|p1a: Sylveon\n|-damage|p1a: Sylveon|9\/100\n|-damage|p1b: Indeedee|0 fnt\n|-unboost|p2a: Gholdengo|spa|1\n|faint|p1b: Indeedee\n|move|p2b: Volcarona|Heat Wave|p1a: Sylveon\n|-damage|p1a: Sylveon|0 fnt\n|faint|p1a: Sylveon\n|\n|upkeep\n|\n|t:|1731088115\n|switch|p1b: Meowscarada|Meowscarada, L50, M, shiny|1\/100\n|turn|6\n|-message|SubToPenglin forfeited.\n|\n|win|Tausendwandler\n|raw|SubToPenglin's rating: 1689 &rarr; <strong>1676<\/strong><br \/>(-13 for losing)\n|raw|Tausendwandler's rating: 1825 &rarr; <strong>1838<\/strong><br \/>(+13 for winning)\n|l|\u2606SubToPenglin\n|player|p1|\n","uploadtime":1731088309,"views":26,"formatid":"gen9vgc2024regh","rating":1676,"private":0,"password":null}