{"id":"gen9vgc2024regh-2240691066","format":"[Gen 9] VGC 2024 Reg H","players":["SHIDMONBADGAME","Beccca"],"log":"|j|\u2606SHIDMONBADGAME\n|j|\u2606Beccca\n|t:|1731181305\n|gametype|doubles\n|player|p1|SHIDMONBADGAME|policeman-gen4|1736\n|player|p2|Beccca|265|1701\n|teamsize|p1|6\n|teamsize|p2|6\n|gen|9\n|tier|[Gen 9] VGC 2024 Reg H\n|rated|\n|rule|Species Clause: Limit one of each Pok\u00e9mon\n|rule|Item Clause: Limit 1 of each item\n|clearpoke\n|poke|p1|Sneasler, L50, M|\n|poke|p1|Indeedee, L50, M|\n|poke|p1|Murkrow, L50, M|\n|poke|p1|Dragapult, L50, M|\n|poke|p1|Delphox, L50, M|\n|poke|p1|Maushold-Four, L50|\n|poke|p2|Dondozo, L50, F|\n|poke|p2|Tatsugiri, L50, M|\n|poke|p2|Indeedee, L50, M|\n|poke|p2|Sneasler, L50, F|\n|poke|p2|Typhlosion-Hisui, L50, F|\n|poke|p2|Archaludon, L50, F|\n|teampreview|4\n|inactive|Battle timer is ON: inactive players will automatically lose when time's up. (requested by SHIDMONBADGAME)\n|inactive|SHIDMONBADGAME has 60 seconds left.\n|inactive|Beccca has 60 seconds left.\n|\n|t:|1731181340\n|start\n|switch|p1a: Patrick Bateman|Indeedee, L50, M, shiny|100\/100\n|switch|p1b: Paul Allen|Sneasler, L50, M, shiny|100\/100\n|switch|p2a: Indeedee|Indeedee, L50, M|100\/100\n|switch|p2b: Sneasler|Sneasler, L50, F|100\/100\n|-fieldstart|move: Psychic Terrain|[from] ability: Psychic Surge|[of] p2a: Indeedee\n|-enditem|p2b: Sneasler|Psychic Seed\n|-boost|p2b: Sneasler|spd|1|[from] item: Psychic Seed\n|-enditem|p1b: Paul Allen|Psychic Seed\n|-boost|p1b: Paul Allen|spd|1|[from] item: Psychic Seed\n|turn|1\n|inactive|Beccca has 30 seconds left.\n|\n|t:|1731181367\n|-terastallize|p1b: Paul Allen|Dark\n|move|p2b: Sneasler|Throat Chop|p1a: Patrick Bateman\n|-supereffective|p1a: Patrick Bateman\n|-enditem|p1a: Patrick Bateman|Focus Sash\n|-damage|p1a: Patrick Bateman|1\/100\n|-start|p1a: Patrick Bateman|Throat Chop|[silent]\n|move|p1b: Paul Allen|Close Combat|p2b: Sneasler\n|-resisted|p2b: Sneasler\n|-damage|p2b: Sneasler|38\/100\n|-unboost|p1b: Paul Allen|def|1\n|-unboost|p1b: Paul Allen|spd|1\n|move|p2a: Indeedee|Expanding Force|p1a: Patrick Bateman|[spread] p1a\n|-immune|p1b: Paul Allen\n|-resisted|p1a: Patrick Bateman\n|-damage|p1a: Patrick Bateman|0 fnt\n|faint|p1a: Patrick Bateman\n|\n|upkeep\n|\n|t:|1731181383\n|switch|p1a: Luis Carruthers|Murkrow, L50, M, shiny|100\/100\n|turn|2\n|\n|t:|1731181392\n|move|p2b: Sneasler|Protect|p2b: Sneasler\n|-singleturn|p2b: Sneasler|Protect\n|move|p1b: Paul Allen|Protect|p1b: Paul Allen\n|-singleturn|p1b: Paul Allen|Protect\n|move|p1a: Luis Carruthers|Foul Play|p2b: Sneasler\n|-activate|p2b: Sneasler|move: Protect\n|move|p2a: Indeedee|Trick Room|p2a: Indeedee\n|-fieldstart|move: Trick Room|[of] p2a: Indeedee\n|\n|upkeep\n|turn|3\n|\n|t:|1731181413\n|switch|p2a: Archaludon|Archaludon, L50, F|100\/100\n|move|p1a: Luis Carruthers|Foul Play|p2b: Sneasler\n|-resisted|p2b: Sneasler\n|-damage|p2b: Sneasler|0 fnt\n|faint|p2b: Sneasler\n|move|p1b: Paul Allen|Throat Chop|p2a: Archaludon\n|-damage|p2a: Archaludon|58\/100\n|-start|p2a: Archaludon|Throat Chop|[silent]\n|\n|upkeep\n|\n|t:|1731181431\n|switch|p2b: Typhlosion|Typhlosion-Hisui, L50, F|100\/100\n|-item|p1a: Luis Carruthers|Eviolite|[from] ability: Frisk|[of] p2b: Typhlosion\n|turn|4\n|\n|t:|1731181448\n|switch|p1b: David Van Patten|Delphox, L50, M|100\/100\n|-terastallize|p2b: Typhlosion|Fire\n|move|p1a: Luis Carruthers|Foul Play|p2b: Typhlosion\n|-damage|p2b: Typhlosion|64\/100\n|move|p2a: Archaludon|Electro Shot||[still]\n|-prepare|p2a: Archaludon|Electro Shot\n|-boost|p2a: Archaludon|spa|1\n|-enditem|p2a: Archaludon|Power Herb\n|-anim|p2a: Archaludon|Electro Shot|p1a: Luis Carruthers\n|-supereffective|p1a: Luis Carruthers\n|-damage|p1a: Luis Carruthers|0 fnt\n|faint|p1a: Luis Carruthers\n|move|p2b: Typhlosion|Overheat|p1b: David Van Patten|[miss]\n|-miss|p2b: Typhlosion|p1b: David Van Patten\n|\n|-end|p2a: Archaludon|Throat Chop|[silent]\n|upkeep\n|\n|t:|1731181451\n|switch|p1a: Paul Allen|Sneasler, L50, M, shiny, tera:Dark|100\/100\n|turn|5\n|inactive|SHIDMONBADGAME has 30 seconds left.\n|inactive|Beccca has 30 seconds left.\n|inactive|Beccca has 20 seconds left.\n|\n|t:|1731181490\n|move|p1a: Paul Allen|Protect|p1a: Paul Allen\n|-singleturn|p1a: Paul Allen|Protect\n|move|p2a: Archaludon|Dragon Pulse|p1b: David Van Patten\n|-damage|p1b: David Van Patten|26\/100\n|move|p1b: David Van Patten|Expanding Force|p2b: Typhlosion|[spread] p2a,p2b\n|-resisted|p2a: Archaludon\n|-damage|p2a: Archaludon|1\/100\n|-damage|p2b: Typhlosion|0 fnt\n|faint|p2b: Typhlosion\n|-damage|p1b: David Van Patten|16\/100|[from] item: Life Orb\n|\n|-fieldend|move: Psychic Terrain\n|upkeep\n|\n|t:|1731181503\n|switch|p2b: Indeedee|Indeedee, L50, M|100\/100\n|-fieldstart|move: Psychic Terrain|[from] ability: Psychic Surge|[of] p2b: Indeedee\n|turn|6\n|inactive|Beccca has 30 seconds left.\n|\n|t:|1731181535\n|move|p1b: David Van Patten|Protect|p1b: David Van Patten\n|-singleturn|p1b: David Van Patten|Protect\n|move|p2a: Archaludon|Dragon Pulse|p1a: Paul Allen\n|-damage|p1a: Paul Allen|11\/100\n|move|p2b: Indeedee|Expanding Force|p1b: David Van Patten|[spread] \n|-activate|p1b: David Van Patten|move: Protect\n|-immune|p1a: Paul Allen\n|move|p1a: Paul Allen|Throat Chop|p2b: Indeedee\n|-supereffective|p2b: Indeedee\n|-crit|p2b: Indeedee\n|-enditem|p2b: Indeedee|Focus Sash\n|-damage|p2b: Indeedee|1\/100\n|-start|p2b: Indeedee|Throat Chop|[silent]\n|\n|-fieldend|move: Trick Room\n|upkeep\n|turn|7\n|-message|Beccca forfeited.\n|\n|win|SHIDMONBADGAME\n|raw|SHIDMONBADGAME's rating: 1736 &rarr; <strong>1754<\/strong><br \/>(+18 for winning)\n|raw|Beccca's rating: 1701 &rarr; <strong>1683<\/strong><br \/>(-18 for losing)\n|l|\u2606Beccca\n|player|p2|\n|l|\u2606SHIDMONBADGAME\n|player|p1|\n","uploadtime":1731181699,"views":38,"formatid":"gen9vgc2024regh","rating":1683,"private":0,"password":null}