{"id":"gen9vgc2024regh-2240705516","format":"[Gen 9] VGC 2024 Reg H","players":["SHIDMONBADGAME","chiitancrazymascot"],"log":"|j|\u2606SHIDMONBADGAME\n|j|\u2606chiitancrazymascot\n|t:|1731183092\n|gametype|doubles\n|player|p1|SHIDMONBADGAME|policeman-gen4|1790\n|player|p2|chiitancrazymascot|pokemaniac|1814\n|teamsize|p1|6\n|teamsize|p2|6\n|gen|9\n|tier|[Gen 9] VGC 2024 Reg H\n|rated|\n|rule|Species Clause: Limit one of each Pok\u00e9mon\n|rule|Item Clause: Limit 1 of each item\n|clearpoke\n|poke|p1|Sneasler, L50, M|\n|poke|p1|Indeedee, L50, M|\n|poke|p1|Murkrow, L50, M|\n|poke|p1|Dragapult, L50, F|\n|poke|p1|Delphox, L50, M|\n|poke|p1|Maushold-Four, L50|\n|poke|p2|Annihilape, L50, M|\n|poke|p2|Dondozo, L50, M|\n|poke|p2|Maushold-Four, L50|\n|poke|p2|Gholdengo, L50|\n|poke|p2|Whimsicott, L50, M|\n|poke|p2|Tatsugiri, L50, M|\n|teampreview|4\n|inactive|Battle timer is ON: inactive players will automatically lose when time's up. (requested by chiitancrazymascot)\n|inactive|SHIDMONBADGAME also wants the timer to be on.\n|j| luisYR_a\n|l| luisYR_a\n|c|\u2606SHIDMONBADGAME|alright if i win this then granny can come out of her cage today\n|inactive|SHIDMONBADGAME has 60 seconds left.\n|\n|t:|1731183127\n|start\n|switch|p1a: Paul Allen|Sneasler, L50, M, shiny|100\/100\n|switch|p1b: Patrick Bateman|Indeedee, L50, M, shiny|100\/100\n|switch|p2a: Maushold|Maushold-Four, L50|100\/100\n|switch|p2b: Annihilape|Annihilape, L50, M, shiny|100\/100\n|-fieldstart|move: Psychic Terrain|[from] ability: Psychic Surge|[of] p1b: Patrick Bateman\n|-enditem|p1a: Paul Allen|Psychic Seed\n|-boost|p1a: Paul Allen|spd|1|[from] item: Psychic Seed\n|turn|1\n|\n|t:|1731183135\n|-terastallize|p2b: Annihilape|Fire\n|move|p1a: Paul Allen|Dire Claw|p2b: Annihilape\n|-damage|p2b: Annihilape|66\/100\n|-status|p2b: Annihilape|slp\n|move|p2a: Maushold|Beat Up|p2b: Annihilape\n|-damage|p2b: Annihilape|64\/100 slp\n|-damage|p2b: Annihilape|63\/100 slp\n|-damage|p2b: Annihilape|61\/100 slp\n|-hitcount|p2b: Annihilape|3\n|move|p1b: Patrick Bateman|Expanding Force|p2b: Annihilape|[spread] p2a,p2b\n|-damage|p2a: Maushold|34\/100\n|-damage|p2b: Annihilape|29\/100 slp\n|-enditem|p2b: Annihilape|Sitrus Berry|[eat]\n|-heal|p2b: Annihilape|54\/100 slp|[from] item: Sitrus Berry\n|cant|p2b: Annihilape|slp\n|\n|upkeep\n|turn|2\n|\n|t:|1731183149\n|move|p1a: Paul Allen|Protect|p1a: Paul Allen\n|-singleturn|p1a: Paul Allen|Protect\n|move|p2a: Maushold|Protect|p2a: Maushold\n|-singleturn|p2a: Maushold|Protect\n|move|p1b: Patrick Bateman|Expanding Force|p2b: Annihilape|[spread] p2b\n|-activate|p2a: Maushold|move: Protect\n|-damage|p2b: Annihilape|26\/100 slp\n|cant|p2b: Annihilape|slp\n|\n|upkeep\n|turn|3\n|\n|t:|1731183169\n|cant|p2b: Annihilape|slp\n|move|p2a: Maushold|Follow Me|p2a: Maushold\n|-singleturn|p2a: Maushold|move: Follow Me\n|move|p1a: Paul Allen|Dire Claw|p2a: Maushold\n|-damage|p2a: Maushold|0 fnt\n|faint|p2a: Maushold\n|move|p1b: Patrick Bateman|Expanding Force|p2b: Annihilape\n|-damage|p2b: Annihilape|0 fnt\n|faint|p2b: Annihilape\n|\n|upkeep\n|\n|t:|1731183174\n|switch|p2a: Whimsicott|Whimsicott, L50, M, shiny|100\/100\n|switch|p2b: Gholdengo|Gholdengo, L50|100\/100\n|turn|4\n|\n|t:|1731183181\n|-terastallize|p1a: Paul Allen|Dark\n|move|p2a: Whimsicott|Light Screen|p2a: Whimsicott\n|-sidestart|p2: chiitancrazymascot|move: Light Screen\n|move|p1a: Paul Allen|Throat Chop|p2b: Gholdengo\n|-supereffective|p2b: Gholdengo\n|-damage|p2b: Gholdengo|0 fnt\n|faint|p2b: Gholdengo\n|move|p1b: Patrick Bateman|Expanding Force|p2a: Whimsicott\n|-damage|p2a: Whimsicott|38\/100\n|\n|upkeep\n|turn|5\n|c|\u2606SHIDMONBADGAME|goood\n|-message|chiitancrazymascot forfeited.\n|\n|win|SHIDMONBADGAME\n|raw|SHIDMONBADGAME's rating: 1790 &rarr; <strong>1811<\/strong><br \/>(+21 for winning)\n|raw|chiitancrazymascot's rating: 1814 &rarr; <strong>1793<\/strong><br \/>(-21 for losing)\n|l|\u2606chiitancrazymascot\n|player|p2|\n|l|\u2606SHIDMONBADGAME\n|player|p1|\n|j|\u2606SHIDMONBADGAME\n|player|p1|SHIDMONBADGAME|policeman-gen4|\n","uploadtime":1731183262,"views":55,"formatid":"gen9vgc2024regh","rating":1793,"private":0,"password":null}