{"id":"gen9vgc2024regh-2240698177","format":"[Gen 9] VGC 2024 Reg H","players":["N1ghtm2re","Spler"],"log":"|j|\u2606N1ghtm2re\n|j|\u2606Spler\n|t:|1731182177\n|gametype|doubles\n|player|p1|N1ghtm2re|marlon|1688\n|player|p2|Spler|266|1670\n|teamsize|p1|6\n|teamsize|p2|6\n|gen|9\n|tier|[Gen 9] VGC 2024 Reg H\n|rated|\n|rule|Species Clause: Limit one of each Pok\u00e9mon\n|rule|Item Clause: Limit 1 of each item\n|clearpoke\n|poke|p1|Banette, L50, F|\n|poke|p1|Azumarill, L50, F|\n|poke|p1|Armarouge, L50, M|\n|poke|p1|Bisharp, L50, F|\n|poke|p1|Altaria, L50, F|\n|poke|p1|Vileplume, L50, F|\n|poke|p2|Annihilape, L50, F|\n|poke|p2|Ninetales-Alola, L50, M|\n|poke|p2|Talonflame, L50, M|\n|poke|p2|Garchomp, L50, M|\n|poke|p2|Vivillon-Ocean, L50, M|\n|poke|p2|Gholdengo, L50|\n|teampreview|4\n|inactive|Battle timer is ON: inactive players will automatically lose when time's up. (requested by N1ghtm2re)\n|\n|t:|1731182206\n|start\n|switch|p1a: Banette|Banette, L50, F|100\/100\n|switch|p1b: Vileplume|Vileplume, L50, F|100\/100\n|switch|p2a: Talonflame|Talonflame, L50, M|100\/100\n|switch|p2b: Gholdengo|Gholdengo, L50|100\/100\n|turn|1\n|\n|t:|1731182223\n|move|p2a: Talonflame|Will-O-Wisp|p1a: Banette\n|-status|p1a: Banette|brn\n|move|p2b: Gholdengo|Nasty Plot|p2b: Gholdengo\n|-boost|p2b: Gholdengo|spa|2\n|move|p1b: Vileplume|Sludge Bomb|p2a: Talonflame\n|-damage|p2a: Talonflame|45\/100\n|move|p1a: Banette|Trick Room|p1a: Banette\n|-fieldstart|move: Trick Room|[of] p1a: Banette\n|\n|-damage|p1a: Banette|95\/100 brn|[from] brn\n|upkeep\n|turn|2\n|\n|t:|1731182239\n|move|p2a: Talonflame|Protect|p2a: Talonflame\n|-singleturn|p2a: Talonflame|Protect\n|move|p1b: Vileplume|Sludge Bomb|p2a: Talonflame\n|-activate|p2a: Talonflame|move: Protect\n|move|p1a: Banette|Destiny Bond|p1a: Banette\n|-singlemove|p1a: Banette|Destiny Bond\n|move|p2b: Gholdengo|Make It Rain|p1a: Banette|[spread] p1a,p1b\n|-damage|p1a: Banette|0 fnt\n|-damage|p1b: Vileplume|0 fnt\n|-unboost|p2b: Gholdengo|spa|1\n|faint|p1a: Banette\n|-activate|p1a: Banette|move: Destiny Bond\n|faint|p1b: Vileplume\n|faint|p2b: Gholdengo\n|\n|upkeep\n|\n|t:|1731182260\n|switch|p1b: Azumarill|Azumarill, L50, F|100\/100\n|switch|p1a: Altaria|Altaria, L50, F|100\/100\n|switch|p2b: Vivillon|Vivillon-Ocean, L50, M|100\/100\n|-ability|p1a: Altaria|Cloud Nine\n|turn|3\n|\n|t:|1731182280\n|move|p1b: Azumarill|Liquidation|p2b: Vivillon\n|-enditem|p2b: Vivillon|Focus Sash\n|-damage|p2b: Vivillon|1\/100\n|move|p1a: Altaria|Dragon Claw|p2b: Vivillon\n|-damage|p2b: Vivillon|0 fnt\n|faint|p2b: Vivillon\n|move|p2a: Talonflame|Dual Wingbeat|p1a: Altaria\n|-damage|p1a: Altaria|77\/100\n|-damage|p1a: Altaria|55\/100\n|-hitcount|p1a: Altaria|2\n|\n|upkeep\n|\n|t:|1731182295\n|switch|p2b: Garchomp|Garchomp, L50, M|100\/100\n|turn|4\n|\n|t:|1731182302\n|move|p2b: Garchomp|Protect|p2b: Garchomp\n|-singleturn|p2b: Garchomp|Protect\n|move|p2a: Talonflame|Protect|p2a: Talonflame\n|-singleturn|p2a: Talonflame|Protect\n|move|p1b: Azumarill|Liquidation|p2a: Talonflame\n|-activate|p2a: Talonflame|move: Protect\n|move|p1a: Altaria|Dragon Claw|p2b: Garchomp\n|-activate|p2b: Garchomp|move: Protect\n|\n|upkeep\n|turn|5\n|j| GothitelleVGC\n|inactive|Spler has 30 seconds left.\n|\n|t:|1731182330\n|-terastallize|p2b: Garchomp|Steel\n|move|p2a: Talonflame|Protect|p2a: Talonflame\n|-singleturn|p2a: Talonflame|Protect\n|move|p1b: Azumarill|Liquidation|p2a: Talonflame\n|-activate|p2a: Talonflame|move: Protect\n|move|p1a: Altaria|Dragon Claw|p2b: Garchomp\n|-resisted|p2b: Garchomp\n|-damage|p2b: Garchomp|89\/100\n|-damage|p1a: Altaria|42\/100|[from] ability: Rough Skin|[of] p2b: Garchomp\n|move|p2b: Garchomp|Earthquake|p1a: Altaria|[spread] p1b\n|-activate|p2a: Talonflame|move: Protect\n|-immune|p1a: Altaria\n|-damage|p1b: Azumarill|48\/100\n|-damage|p2b: Garchomp|79\/100|[from] item: Life Orb\n|\n|-fieldend|move: Trick Room\n|upkeep\n|turn|6\n|j| luisYR_a\n|l| luisYR_a\n|inactive|N1ghtm2re has 30 seconds left.\n|inactive|Spler has 30 seconds left.\n|\n|t:|1731182356\n|move|p1b: Azumarill|Aqua Jet|p2a: Talonflame\n|-supereffective|p2a: Talonflame\n|-damage|p2a: Talonflame|0 fnt\n|faint|p2a: Talonflame\n|move|p2b: Garchomp|Earthquake|p1b: Azumarill|[spread] p1b\n|-immune|p1a: Altaria\n|-damage|p1b: Azumarill|0 fnt\n|faint|p1b: Azumarill\n|-damage|p2b: Garchomp|69\/100|[from] item: Life Orb\n|move|p1a: Altaria|Earthquake|p2b: Garchomp\n|-supereffective|p2b: Garchomp\n|-crit|p2b: Garchomp\n|-damage|p2b: Garchomp|4\/100\n|\n|upkeep\n|turn|7\n|inactive|N1ghtm2re has 30 seconds left.\n|\n|t:|1731182384\n|-terastallize|p1a: Altaria|Steel\n|move|p2b: Garchomp|Protect|p2b: Garchomp\n|-singleturn|p2b: Garchomp|Protect\n|move|p1a: Altaria|Earthquake|p2b: Garchomp\n|-activate|p2b: Garchomp|move: Protect\n|\n|upkeep\n|turn|8\n|\n|t:|1731182392\n|move|p2b: Garchomp|Earthquake|p1a: Altaria\n|-supereffective|p1a: Altaria\n|-crit|p1a: Altaria\n|-damage|p1a: Altaria|0 fnt\n|faint|p1a: Altaria\n|-damage|p2b: Garchomp|0 fnt|[from] item: Life Orb\n|faint|p2b: Garchomp\n|\n|win|Spler\n|raw|N1ghtm2re's rating: 1688 &rarr; <strong>1667<\/strong><br \/>(-21 for losing)\n|raw|Spler's rating: 1670 &rarr; <strong>1691<\/strong><br \/>(+21 for winning)\n|l|\u2606N1ghtm2re\n|player|p1|\n|l|\u2606Spler\n|player|p2|\n","uploadtime":1731182394,"views":33,"formatid":"gen9vgc2024regh","rating":1667,"private":0,"password":null}