{"id":"gen9vgc2024regh-2240419138","format":"[Gen 9] VGC 2024 Reg H","players":["Loataee","Sobble14"],"log":"|j|\u2606Loataee\n|j|\u2606Sobble14\n|t:|1731137991\n|gametype|doubles\n|player|p1|Loataee|n|1644\n|player|p2|Sobble14|169|1689\n|teamsize|p1|6\n|teamsize|p2|6\n|gen|9\n|tier|[Gen 9] VGC 2024 Reg H\n|rated|\n|rule|Species Clause: Limit one of each Pok\u00e9mon\n|rule|Item Clause: Limit 1 of each item\n|clearpoke\n|poke|p1|Volcarona, L50, M|\n|poke|p1|Electabuzz, L50, M|\n|poke|p1|Rillaboom, L50, M|\n|poke|p1|Sneasler, L50, M|\n|poke|p1|Dragapult, L50, M|\n|poke|p1|Kingambit, L50, M|\n|poke|p2|Zoroark-Hisui, L50, M|\n|poke|p2|Sandaconda, L50, M|\n|poke|p2|Excadrill, L50, M|\n|poke|p2|Stonjourner, L50, F|\n|poke|p2|Sinistcha-Masterpiece, L50|\n|poke|p2|Vikavolt, L50, M|\n|teampreview|4\n|j| plusminus0\nLoataee has agreed to open team sheets.\n|\n|t:|1731138087\n|start\n|switch|p1a: Kingambit|Kingambit, L50, M, shiny|100\/100\n|switch|p1b: Rillaboom|Rillaboom, L50, M|100\/100\n|switch|p2a: Sandaconda|Sandaconda, L50, M|100\/100\n|switch|p2b: Vikavolt|Vikavolt, L50, M|100\/100\n|-fieldstart|move: Grassy Terrain|[from] ability: Grassy Surge|[of] p1b: Rillaboom\n|turn|1\n|\n|t:|1731138105\n|-terastallize|p2a: Sandaconda|Dragon\n|move|p1b: Rillaboom|Fake Out|p2b: Vikavolt\n|-damage|p2b: Vikavolt|86\/100\n|move|p2a: Sandaconda|Glare|p1b: Rillaboom\n|-status|p1b: Rillaboom|par\n|move|p1a: Kingambit|Swords Dance|p1a: Kingambit\n|-boost|p1a: Kingambit|atk|2\n|cant|p2b: Vikavolt|flinch\n|\n|upkeep\n|turn|2\n|\n|t:|1731138131\n|move|p1a: Kingambit|Sucker Punch|p2b: Vikavolt\n|-damage|p2b: Vikavolt|5\/100\n|move|p2a: Sandaconda|Substitute|p2a: Sandaconda\n|-start|p2a: Sandaconda|Substitute\n|-damage|p2a: Sandaconda|76\/100\n|move|p2b: Vikavolt|Thunderbolt|p1a: Kingambit\n|-damage|p1a: Kingambit|55\/100\n|-status|p1a: Kingambit|par\n|cant|p1b: Rillaboom|par\n|\n|-heal|p2a: Sandaconda|82\/100|[from] Grassy Terrain\n|-heal|p2a: Sandaconda|88\/100|[from] item: Leftovers\n|-heal|p1a: Kingambit|61\/100 par|[from] Grassy Terrain\n|upkeep\n|turn|3\n|\n|t:|1731138150\n|switch|p2b: Sinistcha|Sinistcha-Masterpiece, L50|100\/100\n|-heal|p2a: Sandaconda|100\/100|[from] ability: Hospitality|[of] p2b: Sinistcha\n|cant|p1b: Rillaboom|par\n|move|p2a: Sandaconda|Coil|p2a: Sandaconda\n|-boost|p2a: Sandaconda|atk|1\n|-boost|p2a: Sandaconda|def|1\n|-boost|p2a: Sandaconda|accuracy|1\n|move|p1a: Kingambit|Kowtow Cleave|p2a: Sandaconda\n|-end|p2a: Sandaconda|Substitute\n|\n|-heal|p1a: Kingambit|67\/100 par|[from] Grassy Terrain\n|upkeep\n|turn|4\n|\n|t:|1731138174\n|switch|p2b: Vikavolt|Vikavolt, L50, M|5\/100\n|move|p2a: Sandaconda|Coil|p2a: Sandaconda\n|-boost|p2a: Sandaconda|atk|1\n|-boost|p2a: Sandaconda|def|1\n|-boost|p2a: Sandaconda|accuracy|1\n|move|p1b: Rillaboom|U-turn|p2a: Sandaconda\n|-damage|p2a: Sandaconda|91\/100\n|-weather|Sandstorm|[from] ability: Sand Spit|[of] p2a: Sandaconda\n|\n|t:|1731138181\n|switch|p1b: Sneasler|Sneasler, L50, M|100\/100|[from] U-turn\n|move|p1a: Kingambit|Swords Dance|p1a: Kingambit\n|-boost|p1a: Kingambit|atk|2\n|\n|-weather|Sandstorm|[upkeep]\n|-damage|p1b: Sneasler|95\/100|[from] Sandstorm\n|-damage|p2a: Sandaconda|85\/100|[from] Sandstorm\n|-damage|p2b: Vikavolt|0 fnt|[from] Sandstorm\n|faint|p2b: Vikavolt\n|-heal|p1b: Sneasler|100\/100|[from] Grassy Terrain\n|-heal|p2a: Sandaconda|91\/100|[from] Grassy Terrain\n|-heal|p2a: Sandaconda|97\/100|[from] item: Leftovers\n|-heal|p1a: Kingambit|72\/100 par|[from] Grassy Terrain\n|upkeep\n|\n|t:|1731138193\n|switch|p2b: Excadrill|Excadrill, L50, M|100\/100\n|turn|5\n|\n|t:|1731138200\n|-terastallize|p1a: Kingambit|Dark\n|move|p2b: Excadrill|Protect|p2b: Excadrill\n|-singleturn|p2b: Excadrill|Protect\n|move|p1b: Sneasler|Fake Out|p2b: Excadrill\n|-activate|p2b: Excadrill|move: Protect\n|move|p2a: Sandaconda|Substitute|p2a: Sandaconda\n|-start|p2a: Sandaconda|Substitute\n|-damage|p2a: Sandaconda|72\/100\n|cant|p1a: Kingambit|par\n|\n|-weather|Sandstorm|[upkeep]\n|-damage|p1b: Sneasler|95\/100|[from] Sandstorm\n|-damage|p2a: Sandaconda|66\/100|[from] Sandstorm\n|-heal|p1b: Sneasler|100\/100|[from] Grassy Terrain\n|-heal|p2a: Sandaconda|72\/100|[from] Grassy Terrain\n|-heal|p2a: Sandaconda|79\/100|[from] item: Leftovers\n|-heal|p1a: Kingambit|78\/100 par|[from] Grassy Terrain\n|-fieldend|move: Grassy Terrain\n|upkeep\n|turn|6\n|\n|t:|1731138227\n|move|p2b: Excadrill|Iron Head|p1a: Kingambit\n|-damage|p1a: Kingambit|43\/100 par\n|move|p1b: Sneasler|Close Combat|p2a: Sandaconda\n|-end|p2a: Sandaconda|Substitute\n|-unboost|p1b: Sneasler|def|1\n|-unboost|p1b: Sneasler|spd|1\n|move|p2a: Sandaconda|Rock Slide|p1b: Sneasler|[spread] p1a,p1b\n|-resisted|p1b: Sneasler\n|-damage|p1a: Kingambit|22\/100 par\n|-damage|p1b: Sneasler|67\/100\n|move|p1a: Kingambit|Kowtow Cleave|p2a: Sandaconda\n|-damage|p2a: Sandaconda|0 fnt\n|faint|p2a: Sandaconda\n|\n|-weather|Sandstorm|[upkeep]\n|-damage|p1b: Sneasler|61\/100|[from] Sandstorm\n|upkeep\n|\n|t:|1731138241\n|switch|p2a: Sinistcha|Sinistcha-Masterpiece, L50|100\/100\n|turn|7\n|\n|t:|1731138253\n|switch|p1b: Rillaboom|Rillaboom, L50, M|100\/100 par\n|-fieldstart|move: Grassy Terrain|[from] ability: Grassy Surge|[of] p1b: Rillaboom\n|move|p1a: Kingambit|Sucker Punch|p2b: Excadrill\n|-enditem|p2b: Excadrill|Focus Sash\n|-damage|p2b: Excadrill|1\/100\n|move|p2b: Excadrill|Earthquake|p1b: Rillaboom|[spread] p2a,p1a,p1b\n|-resisted|p2a: Sinistcha\n|-crit|p1a: Kingambit\n|-resisted|p1b: Rillaboom\n|-damage|p2a: Sinistcha|89\/100\n|-damage|p1a: Kingambit|0 fnt\n|-damage|p1b: Rillaboom|90\/100 par\n|faint|p1a: Kingambit\n|move|p2a: Sinistcha|Shadow Ball|p1b: Rillaboom\n|-damage|p1b: Rillaboom|67\/100 par\n|\n|-weather|Sandstorm|[upkeep]\n|-damage|p2a: Sinistcha|83\/100|[from] Sandstorm\n|-damage|p1b: Rillaboom|61\/100 par|[from] Sandstorm\n|-heal|p2b: Excadrill|7\/100|[from] Grassy Terrain\n|-heal|p2a: Sinistcha|89\/100|[from] Grassy Terrain\n|-heal|p1b: Rillaboom|67\/100 par|[from] Grassy Terrain\n|upkeep\n|\n|t:|1731138260\n|switch|p1a: Electabuzz|Electabuzz, L50, M|100\/100\n|turn|8\n|\n|t:|1731138270\n|move|p2b: Excadrill|Protect|p2b: Excadrill\n|-singleturn|p2b: Excadrill|Protect\n|move|p1a: Electabuzz|Protect|p1a: Electabuzz\n|-singleturn|p1a: Electabuzz|Protect\n|move|p2a: Sinistcha|Life Dew|p2a: Sinistcha|[spread] p2a,p2b\n|-heal|p2a: Sinistcha|100\/100\n|-heal|p2b: Excadrill|32\/100\n|move|p1b: Rillaboom|U-turn|p2b: Excadrill\n|-activate|p2b: Excadrill|move: Protect\n|\n|-weather|none\n|-heal|p2b: Excadrill|38\/100|[from] Grassy Terrain\n|-heal|p1b: Rillaboom|72\/100 par|[from] Grassy Terrain\n|upkeep\n|turn|9\n|\n|t:|1731138290\n|move|p1a: Electabuzz|Eerie Impulse|p2a: Sinistcha\n|-unboost|p2a: Sinistcha|spa|2\n|move|p2b: Excadrill|Rock Slide|p1a: Electabuzz|[spread] p1a,p1b\n|-damage|p1a: Electabuzz|81\/100\n|-damage|p1b: Rillaboom|54\/100 par\n|move|p2a: Sinistcha|Matcha Gotcha|p1b: Rillaboom|[spread] p1a,p1b\n|-resisted|p1b: Rillaboom\n|-damage|p1a: Electabuzz|69\/100\n|-damage|p1b: Rillaboom|48\/100 par\n|cant|p1b: Rillaboom|flinch\n|\n|-heal|p1a: Electabuzz|74\/100|[from] Grassy Terrain\n|-heal|p2b: Excadrill|44\/100|[from] Grassy Terrain\n|-heal|p1b: Rillaboom|54\/100 par|[from] Grassy Terrain\n|upkeep\n|turn|10\n|\n|t:|1731138308\n|move|p2b: Excadrill|Protect|p2b: Excadrill\n|-singleturn|p2b: Excadrill|Protect\n|move|p1a: Electabuzz|Follow Me|p1a: Electabuzz\n|-singleturn|p1a: Electabuzz|move: Follow Me\n|move|p2a: Sinistcha|Life Dew||[still]|[spread] p2a,p2b\n|-fail|p2a: Sinistcha|heal\n|-heal|p2b: Excadrill|69\/100\n|cant|p1b: Rillaboom|par\n|\n|-heal|p1a: Electabuzz|80\/100|[from] Grassy Terrain\n|-heal|p2b: Excadrill|75\/100|[from] Grassy Terrain\n|-heal|p1b: Rillaboom|59\/100 par|[from] Grassy Terrain\n|upkeep\n|turn|11\n|\n|t:|1731138326\n|move|p1a: Electabuzz|Eerie Impulse|p2a: Sinistcha\n|-unboost|p2a: Sinistcha|spa|2\n|move|p2b: Excadrill|Rock Slide|p1a: Electabuzz|[spread] p1a,p1b\n|-damage|p1a: Electabuzz|63\/100\n|-damage|p1b: Rillaboom|41\/100 par\n|move|p2a: Sinistcha|Matcha Gotcha|p1a: Electabuzz|[spread] p1a,p1b\n|-resisted|p1b: Rillaboom\n|-damage|p1a: Electabuzz|53\/100\n|-damage|p1b: Rillaboom|37\/100 par\n|move|p1b: Rillaboom|Wood Hammer|p2b: Excadrill\n|-damage|p2b: Excadrill|0 fnt\n|faint|p2b: Excadrill\n|-damage|p1b: Rillaboom|15\/100 par|[from] Recoil\n|\n|-heal|p1a: Electabuzz|59\/100|[from] Grassy Terrain\n|-heal|p1b: Rillaboom|21\/100 par|[from] Grassy Terrain\n|-fieldend|move: Grassy Terrain\n|upkeep\n|turn|12\n|l| plusminus0\n|\n|t:|1731138372\n|move|p1a: Electabuzz|Eerie Impulse|p2a: Sinistcha\n|-unboost|p2a: Sinistcha|spa|2\n|move|p2a: Sinistcha|Matcha Gotcha|p1a: Electabuzz|[spread] p1a,p1b\n|-resisted|p1b: Rillaboom\n|-damage|p1a: Electabuzz|54\/100\n|-damage|p1b: Rillaboom|18\/100 par\n|move|p1b: Rillaboom|U-turn|p2a: Sinistcha\n|-damage|p2a: Sinistcha|75\/100\n|-damage|p1b: Rillaboom|1\/100 par|[from] item: Rocky Helmet|[of] p2a: Sinistcha\n|\n|t:|1731138385\n|switch|p1b: Sneasler|Sneasler, L50, M|61\/100|[from] U-turn\n|\n|upkeep\n|turn|13\n|\n|t:|1731138399\n|move|p1b: Sneasler|Dire Claw|p2a: Sinistcha\n|-damage|p2a: Sinistcha|32\/100\n|-damage|p1b: Sneasler|45\/100|[from] item: Rocky Helmet|[of] p2a: Sinistcha\n|move|p1a: Electabuzz|Electroweb|p2a: Sinistcha\n|-resisted|p2a: Sinistcha\n|-damage|p2a: Sinistcha|24\/100\n|-unboost|p2a: Sinistcha|spe|1\n|move|p2a: Sinistcha|Matcha Gotcha|p1a: Electabuzz|[spread] p1a,p1b\n|-resisted|p1b: Sneasler\n|-damage|p1a: Electabuzz|49\/100\n|-heal|p2a: Sinistcha|27\/100|[from] drain|[of] p1a: Electabuzz\n|-damage|p1b: Sneasler|41\/100\n|-heal|p2a: Sinistcha|29\/100|[from] drain|[of] p1b: Sneasler\n|\n|upkeep\n|turn|14\n|\n|t:|1731138417\n|move|p1b: Sneasler|Dire Claw|p2a: Sinistcha\n|-damage|p2a: Sinistcha|0 fnt\n|-damage|p1b: Sneasler|25\/100|[from] item: Rocky Helmet|[of] p2a: Sinistcha\n|faint|p2a: Sinistcha\n|\n|win|Loataee\n|raw|Loataee's rating: 1644 &rarr; <strong>1667<\/strong><br \/>(+23 for winning)\n|raw|Sobble14's rating: 1689 &rarr; <strong>1666<\/strong><br \/>(-23 for losing)\n|l|\u2606Sobble14\n|player|p2|\n","uploadtime":1731138560,"views":28,"formatid":"gen9vgc2024regh","rating":1666,"private":0,"password":null}