{"id":"gen9vgc2024regh-2240229185","format":"[Gen 9] VGC 2024 Reg H","players":["Iamsliverfish","elvegis1"],"log":"|j|\u2606Iamsliverfish\n|j|\u2606elvegis1\n|t:|1731108498\n|gametype|doubles\n|player|p1|Iamsliverfish|hiker-gen4|1744\n|player|p2|elvegis1|lucas|1787\n|teamsize|p1|6\n|teamsize|p2|6\n|gen|9\n|tier|[Gen 9] VGC 2024 Reg H\n|rated|\n|rule|Species Clause: Limit one of each Pok\u00e9mon\n|rule|Item Clause: Limit 1 of each item\n|clearpoke\n|poke|p1|Dragonite, L50, F|\n|poke|p1|Gholdengo, L50|\n|poke|p1|Ursaluna, L50, F|\n|poke|p1|Porygon2, L50|\n|poke|p1|Incineroar, L50, F|\n|poke|p1|Amoonguss, L50, M|\n|poke|p2|Incineroar, L50, M|\n|poke|p2|Gholdengo, L50|\n|poke|p2|Dondozo, L50, F|\n|poke|p2|Sneasler, L50, F|\n|poke|p2|Ursaluna, L50, M|\n|poke|p2|Dusclops, L50, M|\n|teampreview|4\n|inactive|Battle timer is ON: inactive players will automatically lose when time's up. (requested by elvegis1)\n|j| Tsugia\n|inactive|Iamsliverfish has 60 seconds left.\n|inactive|elvegis1 has 60 seconds left.\n|\n|t:|1731108554\n|start\n|switch|p1a: Dragonite|Dragonite, L50, F|100\/100\n|switch|p1b: Gholdengo|Gholdengo, L50|100\/100\n|switch|p2a: Incineroar|Incineroar, L50, M|100\/100\n|switch|p2b: Sneasler|Sneasler, L50, F|100\/100\n|-ability|p2a: Incineroar|Intimidate|boost\n|-unboost|p1a: Dragonite|atk|1\n|-unboost|p1b: Gholdengo|atk|1\n|turn|1\n|\n|t:|1731108573\n|switch|p1b: Incineroar|Incineroar, L50, F|100\/100\n|-ability|p1b: Incineroar|Intimidate|boost\n|-unboost|p2a: Incineroar|atk|1\n|-unboost|p2b: Sneasler|atk|1\n|move|p1a: Dragonite|Protect|p1a: Dragonite\n|-singleturn|p1a: Dragonite|Protect\n|move|p2b: Sneasler|Fake Out|p1a: Dragonite\n|-activate|p1a: Dragonite|move: Protect\n|move|p2a: Incineroar|Flare Blitz|p1b: Incineroar\n|-resisted|p1b: Incineroar\n|-damage|p1b: Incineroar|85\/100\n|-damage|p2a: Incineroar|96\/100|[from] Recoil\n|\n|upkeep\n|turn|2\n|inactive|elvegis1 has 30 seconds left.\n|j| JuliusNoger\n|\n|t:|1731108602\n|switch|p2a: Gholdengo|Gholdengo, L50|100\/100\n|-terastallize|p2b: Sneasler|Ghost\n|move|p1b: Incineroar|Fake Out|p2b: Sneasler\n|-immune|p2b: Sneasler\n|move|p2b: Sneasler|Dire Claw|p1a: Dragonite\n|-damage|p1a: Dragonite|86\/100\n|move|p1a: Dragonite|Scale Shot|p2a: Gholdengo\n|-resisted|p2a: Gholdengo\n|-damage|p2a: Gholdengo|95\/100\n|-resisted|p2a: Gholdengo\n|-damage|p2a: Gholdengo|90\/100\n|-resisted|p2a: Gholdengo\n|-damage|p2a: Gholdengo|85\/100\n|-resisted|p2a: Gholdengo\n|-damage|p2a: Gholdengo|80\/100\n|-resisted|p2a: Gholdengo\n|-damage|p2a: Gholdengo|76\/100\n|-hitcount|p2a: Gholdengo|5\n|-unboost|p1a: Dragonite|def|1\n|-boost|p1a: Dragonite|spe|1\n|\n|upkeep\n|turn|3\n|j| mr pogostick\n|inactive|Iamsliverfish has 30 seconds left.\n|\n|t:|1731108628\n|switch|p2b: Incineroar|Incineroar, L50, M|96\/100\n|-ability|p2b: Incineroar|Intimidate|boost\n|-unboost|p1a: Dragonite|atk|1\n|-unboost|p1b: Incineroar|atk|1\n|move|p1a: Dragonite|Protect|p1a: Dragonite\n|-singleturn|p1a: Dragonite|Protect\n|move|p2a: Gholdengo|Protect|p2a: Gholdengo\n|-singleturn|p2a: Gholdengo|Protect\n|move|p1b: Incineroar|Knock Off|p2b: Incineroar\n|-resisted|p2b: Incineroar\n|-damage|p2b: Incineroar|83\/100\n|-enditem|p2b: Incineroar|Sitrus Berry|[from] move: Knock Off|[of] p1b: Incineroar\n|\n|upkeep\n|turn|4\n|\n|t:|1731108649\n|move|p2b: Incineroar|Fake Out|p1b: Incineroar\n|-damage|p1b: Incineroar|74\/100\n|move|p1a: Dragonite|Tailwind|p1a: Dragonite\n|-sidestart|p1: Iamsliverfish|move: Tailwind\n|cant|p1b: Incineroar|flinch\n|move|p2a: Gholdengo|Shadow Ball|p1a: Dragonite\n|-damage|p1a: Dragonite|44\/100\n|\n|upkeep\n|turn|5\n|\n|t:|1731108668\n|move|p2a: Gholdengo|Protect|p2a: Gholdengo\n|-singleturn|p2a: Gholdengo|Protect\n|move|p1a: Dragonite|Haze|p1a: Dragonite\n|-clearallboost\n|move|p1b: Incineroar|Knock Off|p2a: Gholdengo\n|-activate|p2a: Gholdengo|move: Protect\n|move|p2b: Incineroar|Knock Off|p1a: Dragonite\n|-damage|p1a: Dragonite|2\/100\n|-enditem|p1a: Dragonite|Loaded Dice|[from] move: Knock Off|[of] p2b: Incineroar\n|\n|upkeep\n|turn|6\n|inactive|elvegis1 has 30 seconds left.\n|\n|t:|1731108702\n|move|p1a: Dragonite|Scale Shot|p2b: Incineroar\n|-damage|p2b: Incineroar|72\/100\n|-damage|p2b: Incineroar|59\/100\n|-damage|p2b: Incineroar|47\/100\n|-hitcount|p2b: Incineroar|3\n|-unboost|p1a: Dragonite|def|1\n|-boost|p1a: Dragonite|spe|1\n|move|p1b: Incineroar|U-turn|p2b: Incineroar\n|-damage|p2b: Incineroar|26\/100\n|\n|t:|1731108707\n|switch|p1b: Ursaluna|Ursaluna, L50, F|100\/100|[from] U-turn\n|move|p2a: Gholdengo|Make It Rain|p1a: Dragonite|[spread] p1a,p1b\n|-damage|p1a: Dragonite|0 fnt\n|-damage|p1b: Ursaluna|42\/100\n|-unboost|p2a: Gholdengo|spa|1\n|faint|p1a: Dragonite\n|move|p2b: Incineroar|Knock Off|p1b: Ursaluna\n|-damage|p1b: Ursaluna|10\/100\n|-enditem|p1b: Ursaluna|Flame Orb|[from] move: Knock Off|[of] p2b: Incineroar\n|\n|upkeep\n|\n|t:|1731108711\n|switch|p1a: Gholdengo|Gholdengo, L50|100\/100\n|turn|7\n|inactive|elvegis1 has 30 seconds left.\n|inactive|elvegis1 has 20 seconds left.\n|inactive|elvegis1 has 15 seconds left.\n|inactive|elvegis1 has 10 seconds left.\n|\n|t:|1731108758\n|switch|p2a: Ursaluna|Ursaluna, L50, M|100\/100\n|move|p1a: Gholdengo|Shadow Ball|p2a: Ursaluna\n|-immune|p2a: Ursaluna\n|move|p1b: Ursaluna|Headlong Rush|p2b: Incineroar\n|-supereffective|p2b: Incineroar\n|-damage|p2b: Incineroar|0 fnt\n|-unboost|p1b: Ursaluna|def|1\n|-unboost|p1b: Ursaluna|spd|1\n|faint|p2b: Incineroar\n|\n|-sideend|p1: Iamsliverfish|move: Tailwind\n|-status|p2a: Ursaluna|brn|[from] item: Flame Orb\n|upkeep\n|\n|t:|1731108772\n|switch|p2b: Sneasler|Sneasler, L50, F, tera:Ghost|100\/100\n|turn|8\n|l| JuliusNoger\n|\n|t:|1731108788\n|switch|p1b: Incineroar|Incineroar, L50, F|74\/100\n|-ability|p1b: Incineroar|Intimidate|boost\n|-unboost|p2a: Ursaluna|atk|1\n|-unboost|p2b: Sneasler|atk|1\n|-terastallize|p1a: Gholdengo|Fairy\n|move|p2b: Sneasler|Dire Claw|p1b: Incineroar\n|-damage|p1b: Incineroar|48\/100\n|-status|p1b: Incineroar|slp\n|move|p1a: Gholdengo|Shadow Ball|p2b: Sneasler\n|-supereffective|p2b: Sneasler\n|-enditem|p2b: Sneasler|Focus Sash\n|-damage|p2b: Sneasler|1\/100\n|move|p2a: Ursaluna|Headlong Rush|p1a: Gholdengo\n|-damage|p1a: Gholdengo|30\/100\n|-unboost|p2a: Ursaluna|def|1\n|-unboost|p2a: Ursaluna|spd|1\n|\n|-damage|p2a: Ursaluna|95\/100 brn|[from] brn\n|upkeep\n|turn|9\n|-message|Iamsliverfish forfeited.\n|\n|win|elvegis1\n|raw|Iamsliverfish's rating: 1744 &rarr; <strong>1726<\/strong><br \/>(-18 for losing)\n|raw|elvegis1's rating: 1787 &rarr; <strong>1805<\/strong><br \/>(+18 for winning)\n|l|\u2606Iamsliverfish\n|player|p1|\n|l|\u2606elvegis1\n|player|p2|\n|l| Tsugia\n|j| JuliusNoger\n|l| mr pogostick\n","uploadtime":1731108943,"views":51,"formatid":"gen9vgc2024regh","rating":1726,"private":0,"password":null}