{"id":"gen9vgc2024regh-2240450677","format":"[Gen 9] VGC 2024 Reg H","players":["Tausendwandler","Omiim"],"log":"|j|\u2606Tausendwandler\n|j|\u2606Omiim\n|t:|1731145405\n|gametype|doubles\n|player|p1|Tausendwandler|265|1769\n|player|p2|Omiim|102|1746\n|teamsize|p1|6\n|teamsize|p2|6\n|gen|9\n|tier|[Gen 9] VGC 2024 Reg H\n|rated|\n|rule|Species Clause: Limit one of each Pok\u00e9mon\n|rule|Item Clause: Limit 1 of each item\n|clearpoke\n|poke|p1|Grimmsnarl, L50, M|\n|poke|p1|Maushold-Four, L50|\n|poke|p1|Gholdengo, L50|\n|poke|p1|Dragonite, L50, F|\n|poke|p1|Ursaluna-Bloodmoon, L50, M|\n|poke|p1|Volcarona, L50, M|\n|poke|p2|Dondozo, L50, F|\n|poke|p2|Tatsugiri, L50, M|\n|poke|p2|Gholdengo, L50|\n|poke|p2|Dragonite, L50, M|\n|poke|p2|Blaziken, L50, M|\n|poke|p2|Kilowattrel, L50, M|\n|teampreview|4\n|j| ShowdownMutt\nOmiim has agreed to open team sheets.\n|inactive|Battle timer is ON: inactive players will automatically lose when time's up. (requested by Omiim)\n|j| lrex9\n|\n|t:|1731145432\n|start\n|switch|p1a: Grimmsnarl|Grimmsnarl, L50, M|100\/100\n|switch|p1b: Ursaluna|Ursaluna-Bloodmoon, L50, M|100\/100\n|switch|p2a: Kilowattrel|Kilowattrel, L50, M, shiny|100\/100\n|switch|p2b: Gholdengo|Gholdengo, L50, shiny|100\/100\n|turn|1\n|inactive|Omiim has 30 seconds left.\n|\n|t:|1731145458\n|-terastallize|p2b: Gholdengo|Steel\n|move|p1a: Grimmsnarl|Light Screen|p1a: Grimmsnarl\n|-sidestart|p1: Tausendwandler|move: Light Screen\n|move|p2a: Kilowattrel|Thunderbolt|p1b: Ursaluna\n|-immune|p1b: Ursaluna\n|move|p2b: Gholdengo|Make It Rain|p1b: Ursaluna|[spread] p1a,p1b\n|-supereffective|p1a: Grimmsnarl\n|-damage|p1a: Grimmsnarl|0 fnt\n|-damage|p1b: Ursaluna|55\/100\n|-unboost|p2b: Gholdengo|spa|1\n|faint|p1a: Grimmsnarl\n|move|p1b: Ursaluna|Earth Power|p2b: Gholdengo\n|-supereffective|p2b: Gholdengo\n|-damage|p2b: Gholdengo|0 fnt\n|faint|p2b: Gholdengo\n|\n|upkeep\n|\n|t:|1731145473\n|switch|p2b: Dondozo|Dondozo, L50, F, shiny|100\/100\n|switch|p1a: Dragonite|Dragonite, L50, F|100\/100\n|turn|2\n|\n|t:|1731145495\n|-terastallize|p1b: Ursaluna|Water\n|move|p2a: Kilowattrel|Thunderbolt|p1b: Ursaluna\n|-supereffective|p1b: Ursaluna\n|-damage|p1b: Ursaluna|12\/100\n|move|p1a: Dragonite|Scale Shot|p2a: Kilowattrel\n|-damage|p2a: Kilowattrel|73\/100\n|-damage|p2a: Kilowattrel|46\/100\n|-damage|p2a: Kilowattrel|16\/100\n|-damage|p2a: Kilowattrel|0 fnt\n|faint|p2a: Kilowattrel\n|-hitcount|p2: Kilowattrel|4\n|-unboost|p1a: Dragonite|def|1\n|-boost|p1a: Dragonite|spe|1\n|move|p2b: Dondozo|Wave Crash|p1b: Ursaluna\n|-resisted|p1b: Ursaluna\n|-damage|p1b: Ursaluna|0 fnt\n|faint|p1b: Ursaluna\n|-damage|p2b: Dondozo|97\/100|[from] Recoil\n|\n|-heal|p2b: Dondozo|100\/100|[from] item: Leftovers\n|upkeep\n|\n|t:|1731145510\n|switch|p2a: Tatsugiri|Tatsugiri, L50, M, shiny|100\/100\n|switch|p1b: Gholdengo|Gholdengo, L50|100\/100\n|-activate|p2a: Tatsugiri|ability: Commander|[of] p2b: Dondozo\n|-boost|p2b: Dondozo|atk|2\n|-boost|p2b: Dondozo|spa|2\n|-boost|p2b: Dondozo|spe|2\n|-boost|p2b: Dondozo|def|2\n|-boost|p2b: Dondozo|spd|2\n|turn|3\n|\n|t:|1731145524\n|move|p1a: Dragonite|Haze|p1a: Dragonite\n|-clearallboost\n|move|p1b: Gholdengo|Shadow Ball|p2b: Dondozo\n|-damage|p2b: Dondozo|56\/100\n|move|p2b: Dondozo|Order Up|p1a: Dragonite\n|-supereffective|p1a: Dragonite\n|-damage|p1a: Dragonite|71\/100\n|-boost|p2b: Dondozo|atk|1\n|\n|-heal|p2b: Dondozo|62\/100|[from] item: Leftovers\n|upkeep\n|turn|4\n|\n|t:|1731145544\n|move|p2b: Dondozo|Protect|p2b: Dondozo\n|-singleturn|p2b: Dondozo|Protect\n|move|p1b: Gholdengo|Shadow Ball|p2b: Dondozo\n|-activate|p2b: Dondozo|move: Protect\n|move|p1a: Dragonite|Scale Shot|p2b: Dondozo\n|-activate|p2b: Dondozo|move: Protect\n|\n|-heal|p2b: Dondozo|69\/100|[from] item: Leftovers\n|upkeep\n|turn|5\n|\n|t:|1731145556\n|move|p1b: Gholdengo|Shadow Ball|p2b: Dondozo\n|-damage|p2b: Dondozo|22\/100\n|move|p1a: Dragonite|Scale Shot|p2b: Dondozo\n|-damage|p2b: Dondozo|12\/100\n|-crit|p2b: Dondozo\n|-damage|p2b: Dondozo|0 fnt\n|faint|p2b: Dondozo\n|-hitcount|p2: Dondozo|2\n|-unboost|p1a: Dragonite|def|1\n|-boost|p1a: Dragonite|spe|1\n|\n|upkeep\n|turn|6\n|\n|t:|1731145573\n|move|p1a: Dragonite|Extreme Speed|p2a: Tatsugiri\n|-damage|p2a: Tatsugiri|47\/100\n|move|p2a: Tatsugiri|Icy Wind|p1b: Gholdengo|[spread] p1a,p1b\n|-supereffective|p1a: Dragonite\n|-resisted|p1b: Gholdengo\n|-damage|p1a: Dragonite|31\/100\n|-damage|p1b: Gholdengo|95\/100\n|-unboost|p1a: Dragonite|spe|1\n|-unboost|p1b: Gholdengo|spe|1\n|move|p1b: Gholdengo|Shadow Ball|p2a: Tatsugiri\n|-damage|p2a: Tatsugiri|0 fnt\n|faint|p2a: Tatsugiri\n|\n|win|Tausendwandler\n|raw|Tausendwandler's rating: 1769 &rarr; <strong>1788<\/strong><br \/>(+19 for winning)\n|raw|Omiim's rating: 1746 &rarr; <strong>1727<\/strong><br \/>(-19 for losing)\n|l|\u2606Omiim\n|player|p2|\n|l|\u2606Tausendwandler\n|player|p1|\n|l| lrex9\n","uploadtime":1731145775,"views":38,"formatid":"gen9vgc2024regh","rating":1727,"private":0,"password":null}