{"id":"gen9vgc2024regh-2240185026","format":"[Gen 9] VGC 2024 Reg H","players":["dayron91","chin8"],"log":"|j|\u2606dayron91\n|j|\u2606chin8\n|t:|1731103180\n|gametype|doubles\n|player|p1|dayron91|dragontamer|1734\n|player|p2|chin8|gentleman-gen4dp|1893\n|teamsize|p1|6\n|teamsize|p2|6\n|gen|9\n|tier|[Gen 9] VGC 2024 Reg H\n|rated|\n|rule|Species Clause: Limit one of each Pok\u00e9mon\n|rule|Item Clause: Limit 1 of each item\n|clearpoke\n|poke|p1|Indeedee-F, L50, F|\n|poke|p1|Ursaluna, L50, M|\n|poke|p1|Garchomp, L50, F|\n|poke|p1|Farigiraf, L50, F|\n|poke|p1|Archaludon, L50, F|\n|poke|p1|Annihilape, L50, F|\n|poke|p2|Baxcalibur, L50, F|\n|poke|p2|Kilowattrel, L50, F|\n|poke|p2|Granbull, L50, M|\n|poke|p2|Gardevoir, L50, F|\n|poke|p2|Magmortar, L50, F|\n|poke|p2|Gholdengo, L50|\n|teampreview|4\n|\n|t:|1731103226\n|start\n|switch|p1a: Farigiraf|Farigiraf, L50, F|100\/100\n|switch|p1b: Archaludon|Archaludon, L50, F|100\/100\n|switch|p2a: Gholdengo|Gholdengo, L50|100\/100\n|switch|p2b: Gardevoir|Gardevoir, L50, F|100\/100\n|turn|1\n|\n|t:|1731103249\n|switch|p2b: Baxcalibur|Baxcalibur, L50, F|100\/100\n|move|p2a: Gholdengo|Nasty Plot|p2a: Gholdengo\n|-boost|p2a: Gholdengo|spa|2\n|move|p1b: Archaludon|Snarl|p2b: Baxcalibur|[spread] p2a,p2b\n|-supereffective|p2a: Gholdengo\n|-damage|p2a: Gholdengo|79\/100\n|-damage|p2b: Baxcalibur|94\/100\n|-unboost|p2a: Gholdengo|spa|1\n|-unboost|p2b: Baxcalibur|spa|1\n|move|p1a: Farigiraf|Trick Room|p1a: Farigiraf\n|-fieldstart|move: Trick Room|[of] p1a: Farigiraf\n|\n|-heal|p2a: Gholdengo|85\/100|[from] item: Leftovers\n|upkeep\n|turn|2\n|inactive|Battle timer is ON: inactive players will automatically lose when time's up. (requested by chin8)\n|\n|t:|1731103283\n|move|p1a: Farigiraf|Beat Up|p1b: Archaludon\n|-damage|p1b: Archaludon|98\/100\n|-ability|p1b: Archaludon|Stamina|boost\n|-boost|p1b: Archaludon|def|1\n|-damage|p1b: Archaludon|96\/100\n|-ability|p1b: Archaludon|Stamina|boost\n|-boost|p1b: Archaludon|def|1\n|-damage|p1b: Archaludon|94\/100\n|-ability|p1b: Archaludon|Stamina|boost\n|-boost|p1b: Archaludon|def|1\n|-damage|p1b: Archaludon|93\/100\n|-ability|p1b: Archaludon|Stamina|boost\n|-boost|p1b: Archaludon|def|1\n|-hitcount|p1b: Archaludon|4\n|move|p1b: Archaludon|Snarl|p2a: Gholdengo|[spread] p2a,p2b\n|-supereffective|p2a: Gholdengo\n|-damage|p2a: Gholdengo|64\/100\n|-damage|p2b: Baxcalibur|89\/100\n|-unboost|p2a: Gholdengo|spa|1\n|-unboost|p2b: Baxcalibur|spa|1\n|move|p2b: Baxcalibur|Icicle Crash|p1b: Archaludon\n|-damage|p1b: Archaludon|80\/100\n|-ability|p1b: Archaludon|Stamina|boost\n|-boost|p1b: Archaludon|def|1\n|move|p2a: Gholdengo|Nasty Plot|p2a: Gholdengo\n|-boost|p2a: Gholdengo|spa|2\n|\n|-heal|p2a: Gholdengo|71\/100|[from] item: Leftovers\n|upkeep\n|turn|3\n|inactive|dayron91 has 30 seconds left.\n|inactive|dayron91 has 20 seconds left.\n|inactive|dayron91 has 15 seconds left.\n|\n|t:|1731103325\n|switch|p1a: Annihilape|Annihilape, L50, F|100\/100\n|move|p1b: Archaludon|Snarl|p2a: Gholdengo|[spread] p2a,p2b\n|-supereffective|p2a: Gholdengo\n|-damage|p2a: Gholdengo|50\/100\n|-damage|p2b: Baxcalibur|82\/100\n|-unboost|p2a: Gholdengo|spa|1\n|-unboost|p2b: Baxcalibur|spa|1\n|move|p2b: Baxcalibur|Icicle Crash|p1a: Annihilape\n|-damage|p1a: Annihilape|50\/100\n|-enditem|p1a: Annihilape|Sitrus Berry|[eat]\n|-heal|p1a: Annihilape|75\/100|[from] item: Sitrus Berry\n|move|p2a: Gholdengo|Nasty Plot|p2a: Gholdengo\n|-boost|p2a: Gholdengo|spa|2\n|\n|-heal|p2a: Gholdengo|56\/100|[from] item: Leftovers\n|upkeep\n|turn|4\n|\n|t:|1731103349\n|-terastallize|p1a: Annihilape|Fire\n|move|p1b: Archaludon|Body Press|p2b: Baxcalibur\n|-supereffective|p2b: Baxcalibur\n|-damage|p2b: Baxcalibur|0 fnt\n|faint|p2b: Baxcalibur\n|move|p2a: Gholdengo|Make It Rain|p1b: Archaludon|[spread] p1a,p1b\n|-resisted|p1a: Annihilape\n|-resisted|p1b: Archaludon\n|-damage|p1a: Annihilape|20\/100\n|-damage|p1b: Archaludon|34\/100\n|-unboost|p2a: Gholdengo|spa|1\n|-ability|p1b: Archaludon|Stamina|boost\n|-boost|p1b: Archaludon|def|1\n|move|p1a: Annihilape|Rage Fist|p2a: Gholdengo\n|-supereffective|p2a: Gholdengo\n|-damage|p2a: Gholdengo|0 fnt\n|faint|p2a: Gholdengo\n|\n|upkeep\n|\n|t:|1731103356\n|switch|p2a: Gardevoir|Gardevoir, L50, F|100\/100\n|switch|p2b: Granbull|Granbull, L50, M|100\/100\n|-ability|p2b: Granbull|Intimidate|boost\n|-unboost|p1a: Annihilape|atk|1\n|-ability|p1a: Annihilape|Defiant|boost\n|-boost|p1a: Annihilape|atk|2\n|-enditem|p2a: Gardevoir|Mirror Herb\n|-boost|p2a: Gardevoir|atk|2|[from] item: Mirror Herb\n|-unboost|p1b: Archaludon|atk|1\n|turn|5\n|inactive|dayron91 has 30 seconds left.\n|\n|t:|1731103384\n|move|p1a: Annihilape|Protect|p1a: Annihilape\n|-singleturn|p1a: Annihilape|Protect\n|move|p2b: Granbull|Close Combat|p1b: Archaludon\n|-supereffective|p1b: Archaludon\n|-damage|p1b: Archaludon|19\/100\n|-unboost|p2b: Granbull|def|1\n|-unboost|p2b: Granbull|spd|1\n|move|p2a: Gardevoir|Dazzling Gleam|p1a: Annihilape|[spread] p1b\n|-activate|p1a: Annihilape|move: Protect\n|-damage|p1b: Archaludon|0 fnt\n|faint|p1b: Archaludon\n|\n|-fieldend|move: Trick Room\n|upkeep\n|inactive|dayron91 has 30 seconds left.\n|inactive|dayron91 has 20 seconds left.\n|\n|t:|1731103422\n|switch|p1b: Ursaluna|Ursaluna, L50, M|100\/100\n|turn|6\n|inactive|dayron91 has 30 seconds left.\n|\n|t:|1731103453\n|move|p1b: Ursaluna|Protect|p1b: Ursaluna\n|-singleturn|p1b: Ursaluna|Protect\n|move|p1a: Annihilape|Rage Fist|p2a: Gardevoir\n|-supereffective|p2a: Gardevoir\n|-damage|p2a: Gardevoir|0 fnt\n|faint|p2a: Gardevoir\n|move|p2b: Granbull|Close Combat|p1a: Annihilape\n|-damage|p1a: Annihilape|0 fnt\n|-unboost|p2b: Granbull|def|1\n|-unboost|p2b: Granbull|spd|1\n|faint|p1a: Annihilape\n|\n|-status|p1b: Ursaluna|brn|[from] item: Flame Orb\n|upkeep\n|-message|chin8 forfeited.\n|\n|win|dayron91\n|raw|dayron91's rating: 1734 &rarr; <strong>1763<\/strong><br \/>(+29 for winning)\n|raw|chin8's rating: 1893 &rarr; <strong>1864<\/strong><br \/>(-29 for losing)\n|l|\u2606chin8\n|player|p2|\n|l|\u2606dayron91\n|player|p1|\n","uploadtime":1731103480,"views":87,"formatid":"gen9vgc2024regh","rating":1763,"private":0,"password":null}