{"id":"gen9vgc2024regh-2240341462","format":"[Gen 9] VGC 2024 Reg H","players":["greenlightdmp","elvegis1"],"log":"|j|\u2606greenlightdmp\n|j|\u2606elvegis1\n|t:|1731123730\n|gametype|doubles\n|player|p1|greenlightdmp|2|1783\n|player|p2|elvegis1|lucas|1794\n|teamsize|p1|6\n|teamsize|p2|6\n|gen|9\n|tier|[Gen 9] VGC 2024 Reg H\n|rated|\n|rule|Species Clause: Limit one of each Pok\u00e9mon\n|rule|Item Clause: Limit 1 of each item\n|clearpoke\n|poke|p1|Sneasler, L50, F|\n|poke|p1|Indeedee-F, L50, F|\n|poke|p1|Murkrow, L50, F|\n|poke|p1|Archaludon, L50, F|\n|poke|p1|Basculegion, L50, M|\n|poke|p1|Volcarona, L50, M|\n|poke|p2|Incineroar, L50, M|\n|poke|p2|Gholdengo, L50|\n|poke|p2|Dondozo, L50, F|\n|poke|p2|Sneasler, L50, M|\n|poke|p2|Ursaluna, L50, M|\n|poke|p2|Dusclops, L50, M|\n|teampreview|4\n|inactive|Battle timer is ON: inactive players will automatically lose when time's up. (requested by elvegis1)\n|inactive|greenlightdmp has 60 seconds left.\n|inactive|elvegis1 has 60 seconds left.\n|\n|t:|1731123781\n|start\n|switch|p1a: MACHBACK|Archaludon, L50, F|100\/100\n|switch|p1b: Raf Camora|Murkrow, L50, F|100\/100\n|switch|p2a: Incineroar|Incineroar, L50, M|100\/100\n|switch|p2b: Dusclops|Dusclops, L50, M|100\/100\n|-ability|p2a: Incineroar|Intimidate|boost\n|-unboost|p1a: MACHBACK|atk|1\n|-unboost|p1b: Raf Camora|atk|1\n|-item|p1a: MACHBACK|Assault Vest|[from] ability: Frisk|[of] p2b: Dusclops\n|-item|p1b: Raf Camora|Eviolite|[from] ability: Frisk|[of] p2b: Dusclops\n|turn|1\n|j| bluestraggler03\n|inactive|greenlightdmp has 30 seconds left.\n|\n|t:|1731123813\n|move|p1b: Raf Camora|Rain Dance|p1b: Raf Camora\n|-weather|RainDance\n|move|p1a: MACHBACK|Electro Shot||[still]\n|-prepare|p1a: MACHBACK|Electro Shot\n|-boost|p1a: MACHBACK|spa|1\n|-anim|p1a: MACHBACK|Electro Shot|p2b: Dusclops\n|-damage|p2b: Dusclops|67\/100\n|move|p2a: Incineroar|Parting Shot|p1a: MACHBACK\n|-unboost|p1a: MACHBACK|atk|1\n|-unboost|p1a: MACHBACK|spa|1\n|\n|t:|1731123828\n|switch|p2a: Ursaluna|Ursaluna, L50, M|100\/100|[from] Parting Shot\n|move|p2b: Dusclops|Trick Room|p2b: Dusclops\n|-fieldstart|move: Trick Room|[of] p2b: Dusclops\n|\n|-weather|RainDance|[upkeep]\n|-status|p2a: Ursaluna|brn|[from] item: Flame Orb\n|upkeep\n|turn|2\n|j| number86\n|\n|t:|1731123847\n|-terastallize|p1a: MACHBACK|Grass\n|move|p2b: Dusclops|Night Shade|p1b: Raf Camora\n|-damage|p1b: Raf Camora|71\/100\n|move|p2a: Ursaluna|Facade|p1b: Raf Camora\n|-damage|p1b: Raf Camora|0 fnt\n|faint|p1b: Raf Camora\n|move|p1a: MACHBACK|Draco Meteor|p2a: Ursaluna\n|-damage|p2a: Ursaluna|48\/100 brn\n|-unboost|p1a: MACHBACK|spa|2\n|\n|-weather|RainDance|[upkeep]\n|-damage|p2a: Ursaluna|42\/100 brn|[from] brn\n|upkeep\n|\n|t:|1731123862\n|switch|p1b: VEGETA|Basculegion, L50, M|100\/100\n|turn|3\n|\n|t:|1731123887\n|switch|p2b: Incineroar|Incineroar, L50, M|100\/100\n|-ability|p2b: Incineroar|Intimidate|boost\n|-unboost|p1a: MACHBACK|atk|1\n|-unboost|p1b: VEGETA|atk|1\n|-terastallize|p2a: Ursaluna|Ghost\n|move|p1b: VEGETA|Aqua Jet|p2a: Ursaluna\n|-damage|p2a: Ursaluna|22\/100 brn\n|move|p2a: Ursaluna|Headlong Rush|p1b: VEGETA\n|-damage|p1b: VEGETA|0 fnt\n|-unboost|p2a: Ursaluna|def|1\n|-unboost|p2a: Ursaluna|spd|1\n|faint|p1b: VEGETA\n|move|p1a: MACHBACK|Electro Shot||[still]\n|-prepare|p1a: MACHBACK|Electro Shot\n|-boost|p1a: MACHBACK|spa|1\n|-anim|p1a: MACHBACK|Electro Shot|p2b: Incineroar\n|-damage|p2b: Incineroar|75\/100\n|\n|-weather|RainDance|[upkeep]\n|-damage|p2a: Ursaluna|16\/100 brn|[from] brn\n|upkeep\n|\n|t:|1731123902\n|switch|p1b: Slim Shady|Sneasler, L50, F|100\/100\n|turn|4\n|\n|t:|1731123914\n|move|p1b: Slim Shady|Protect|p1b: Slim Shady\n|-singleturn|p1b: Slim Shady|Protect\n|move|p2b: Incineroar|Fake Out|p1b: Slim Shady\n|-activate|p1b: Slim Shady|move: Protect\n|move|p2a: Ursaluna|Facade|p1a: MACHBACK\n|-damage|p1a: MACHBACK|27\/100\n|-ability|p1a: MACHBACK|Stamina|boost\n|-boost|p1a: MACHBACK|def|1\n|move|p1a: MACHBACK|Electro Shot||[still]\n|-prepare|p1a: MACHBACK|Electro Shot\n|-boost|p1a: MACHBACK|spa|1\n|-anim|p1a: MACHBACK|Electro Shot|p2a: Ursaluna\n|-damage|p2a: Ursaluna|0 fnt\n|faint|p2a: Ursaluna\n|\n|-weather|RainDance|[upkeep]\n|upkeep\n|\n|t:|1731123931\n|switch|p2a: Dusclops|Dusclops, L50, M|67\/100\n|-item|p1a: MACHBACK|Assault Vest|[from] ability: Frisk|[of] p2a: Dusclops\n|-item|p1b: Slim Shady|Psychic Seed|[from] ability: Frisk|[of] p2a: Dusclops\n|turn|5\n|\n|t:|1731123943\n|move|p2a: Dusclops|Night Shade|p1a: MACHBACK\n|-damage|p1a: MACHBACK|2\/100\n|-ability|p1a: MACHBACK|Stamina|boost\n|-boost|p1a: MACHBACK|def|1\n|move|p2b: Incineroar|Flare Blitz|p1a: MACHBACK\n|-supereffective|p1a: MACHBACK\n|-damage|p1a: MACHBACK|0 fnt\n|faint|p1a: MACHBACK\n|-damage|p2b: Incineroar|74\/100|[from] Recoil\n|move|p1b: Slim Shady|Close Combat|p2b: Incineroar\n|-supereffective|p2b: Incineroar\n|-damage|p2b: Incineroar|0 fnt\n|-unboost|p1b: Slim Shady|def|1\n|-unboost|p1b: Slim Shady|spd|1\n|faint|p2b: Incineroar\n|\n|-weather|none\n|-fieldend|move: Trick Room\n|upkeep\n|\n|t:|1731123955\n|switch|p2b: Dondozo|Dondozo, L50, F|100\/100\n|turn|6\n|\n|t:|1731123964\n|move|p1b: Slim Shady|Dire Claw|p2b: Dondozo\n|-damage|p2b: Dondozo|71\/100\n|move|p2b: Dondozo|Yawn|p1b: Slim Shady\n|-start|p1b: Slim Shady|move: Yawn|[of] p2b: Dondozo\n|move|p2a: Dusclops|Trick Room|p2a: Dusclops\n|-fieldstart|move: Trick Room|[of] p2a: Dusclops\n|\n|-heal|p2b: Dondozo|77\/100|[from] item: Leftovers\n|upkeep\n|turn|7\n|\n|t:|1731123972\n|move|p2b: Dondozo|Protect|p2b: Dondozo\n|-singleturn|p2b: Dondozo|Protect\n|move|p2a: Dusclops|Night Shade|p1b: Slim Shady\n|-damage|p1b: Slim Shady|68\/100\n|move|p1b: Slim Shady|Dire Claw|p2a: Dusclops\n|-resisted|p2a: Dusclops\n|-damage|p2a: Dusclops|55\/100\n|\n|-heal|p2b: Dondozo|83\/100|[from] item: Leftovers\n|-end|p1b: Slim Shady|move: Yawn|[silent]\n|-status|p1b: Slim Shady|slp\n|upkeep\n|turn|8\n|-message|greenlightdmp forfeited.\n|\n|win|elvegis1\n|raw|greenlightdmp's rating: 1783 &rarr; <strong>1764<\/strong><br \/>(-19 for losing)\n|raw|elvegis1's rating: 1794 &rarr; <strong>1813<\/strong><br \/>(+19 for winning)\n|l|\u2606greenlightdmp\n|player|p1|\n|l|\u2606elvegis1\n|player|p2|\n|l| bluestraggler03\n|l| number86\n","uploadtime":1731124249,"views":48,"formatid":"gen9vgc2024regh","rating":1764,"private":0,"password":null}