{"id":"gen9vgc2024regh-2240635272","format":"[Gen 9] VGC 2024 Reg H","players":["Tremlo","bwahacough"],"log":"|j|\u2606Tremlo\n|j|\u2606bwahacough\n|t:|1731174548\n|gametype|doubles\n|player|p1|Tremlo|schoolkid|1642\n|player|p2|bwahacough|medium|1821\n|teamsize|p1|6\n|teamsize|p2|6\n|gen|9\n|tier|[Gen 9] VGC 2024 Reg H\n|rated|\n|rule|Species Clause: Limit one of each Pok\u00e9mon\n|rule|Item Clause: Limit 1 of each item\n|clearpoke\n|poke|p1|Kingambit, L50, F|\n|poke|p1|Rillaboom, L50, M|\n|poke|p1|Dragapult, L50, M|\n|poke|p1|Ursaluna-Bloodmoon, L50, M|\n|poke|p1|Farigiraf, L50, M|\n|poke|p1|Tyranitar, L50, M|\n|poke|p2|Lycanroc, L50, M|\n|poke|p2|Tyranitar, L50, F|\n|poke|p2|Indeedee-F, L50, F|\n|poke|p2|Sneasler, L50, F|\n|poke|p2|Espeon, L50, M|\n|poke|p2|Murkrow, L50, F|\n|teampreview|4\n|\n|t:|1731174591\n|start\n|switch|p1a: Rillaboom|Rillaboom, L50, M|100\/100\n|switch|p1b: Farigiraf|Farigiraf, L50, M|100\/100\n|switch|p2a: Lycanroc|Lycanroc, L50, M|100\/100\n|switch|p2b: Tyranitar|Tyranitar, L50, F|100\/100\n|-fieldstart|move: Grassy Terrain|[from] ability: Grassy Surge|[of] p1a: Rillaboom\n|-weather|Sandstorm|[from] ability: Sand Stream|[of] p2b: Tyranitar\n|turn|1\n|\n|t:|1731174605\n|switch|p2a: Indeedee|Indeedee-F, L50, F, shiny|100\/100\n|-fieldstart|move: Psychic Terrain|[from] ability: Psychic Surge|[of] p2a: Indeedee\n|move|p1a: Rillaboom|Fake Out|p2b: Tyranitar\n|-activate|p2b: Tyranitar|move: Psychic Terrain\n|move|p2b: Tyranitar|Knock Off|p1b: Farigiraf\n|-supereffective|p1b: Farigiraf\n|-damage|p1b: Farigiraf|0 fnt\n|-enditem|p1b: Farigiraf|Sitrus Berry|[from] move: Knock Off|[of] p2b: Tyranitar\n|faint|p1b: Farigiraf\n|\n|-weather|Sandstorm|[upkeep]\n|-damage|p1a: Rillaboom|95\/100|[from] Sandstorm\n|-damage|p2a: Indeedee|94\/100|[from] Sandstorm\n|upkeep\n|\n|t:|1731174618\n|switch|p1b: Tyranitar|Tyranitar, L50, M|100\/100\n|turn|2\n|\n|t:|1731174635\n|-terastallize|p1b: Tyranitar|Flying\n|move|p2a: Indeedee|Follow Me|p2a: Indeedee\n|-singleturn|p2a: Indeedee|move: Follow Me\n|move|p1a: Rillaboom|U-turn|p2a: Indeedee\n|-supereffective|p2a: Indeedee\n|-damage|p2a: Indeedee|42\/100\n|-enditem|p2a: Indeedee|Sitrus Berry|[eat]\n|-heal|p2a: Indeedee|67\/100|[from] item: Sitrus Berry\n|\n|t:|1731174643\n|switch|p1a: Ursaluna|Ursaluna-Bloodmoon, L50, M|100\/100|[from] U-turn\n|move|p1b: Tyranitar|Low Kick|p2a: Indeedee\n|-damage|p2a: Indeedee|44\/100\n|move|p2b: Tyranitar|Knock Off|p1a: Ursaluna\n|-damage|p1a: Ursaluna|61\/100\n|-enditem|p1a: Ursaluna|Life Orb|[from] move: Knock Off|[of] p2b: Tyranitar\n|\n|-weather|Sandstorm|[upkeep]\n|-damage|p2a: Indeedee|38\/100|[from] Sandstorm\n|-damage|p1b: Tyranitar|94\/100|[from] Sandstorm\n|upkeep\n|turn|3\n|\n|t:|1731174657\n|move|p2a: Indeedee|Follow Me|p2a: Indeedee\n|-singleturn|p2a: Indeedee|move: Follow Me\n|move|p1b: Tyranitar|Low Kick|p2a: Indeedee\n|-damage|p2a: Indeedee|16\/100\n|move|p2b: Tyranitar|Rock Slide|p1a: Ursaluna|[spread] p1a\n|-miss|p2b: Tyranitar|p1b: Tyranitar\n|-resisted|p1a: Ursaluna\n|-damage|p1a: Ursaluna|48\/100\n|move|p1a: Ursaluna|Hyper Voice|p2b: Tyranitar|[spread] p2a,p2b\n|-resisted|p2b: Tyranitar\n|-damage|p2a: Indeedee|0 fnt\n|-damage|p2b: Tyranitar|89\/100\n|faint|p2a: Indeedee\n|\n|-weather|Sandstorm|[upkeep]\n|-damage|p1b: Tyranitar|88\/100|[from] Sandstorm\n|upkeep\n|\n|t:|1731174664\n|switch|p2a: Sneasler|Sneasler, L50, F, shiny|100\/100\n|-enditem|p2a: Sneasler|Psychic Seed\n|-boost|p2a: Sneasler|spd|1|[from] item: Psychic Seed\n|turn|4\n|\n|t:|1731174675\n|move|p1a: Ursaluna|Protect|p1a: Ursaluna\n|-singleturn|p1a: Ursaluna|Protect\n|move|p2a: Sneasler|Close Combat|p1a: Ursaluna\n|-activate|p1a: Ursaluna|move: Protect\n|move|p1b: Tyranitar|Tera Blast|p2a: Sneasler|[anim] Tera Blast Flying\n|-supereffective|p2a: Sneasler\n|-damage|p2a: Sneasler|0 fnt\n|faint|p2a: Sneasler\n|move|p2b: Tyranitar|Rock Slide|p1a: Ursaluna|[spread] p1b\n|-activate|p1a: Ursaluna|move: Protect\n|-supereffective|p1b: Tyranitar\n|-damage|p1b: Tyranitar|38\/100\n|\n|-weather|Sandstorm|[upkeep]\n|-damage|p1b: Tyranitar|32\/100|[from] Sandstorm\n|upkeep\n|\n|t:|1731174679\n|switch|p2a: Lycanroc|Lycanroc, L50, M|100\/100\n|turn|5\n|\n|t:|1731174698\n|move|p2a: Lycanroc|Close Combat|p1a: Ursaluna\n|-supereffective|p1a: Ursaluna\n|-damage|p1a: Ursaluna|0 fnt\n|-unboost|p2a: Lycanroc|def|1\n|-unboost|p2a: Lycanroc|spd|1\n|faint|p1a: Ursaluna\n|move|p1b: Tyranitar|Low Kick|p2b: Tyranitar\n|-supereffective|p2b: Tyranitar\n|-damage|p2b: Tyranitar|0 fnt\n|faint|p2b: Tyranitar\n|\n|-weather|none\n|-fieldend|move: Psychic Terrain\n|upkeep\n|\n|t:|1731174707\n|switch|p1a: Rillaboom|Rillaboom, L50, M|95\/100\n|-fieldstart|move: Grassy Terrain|[from] ability: Grassy Surge|[of] p1a: Rillaboom\n|turn|6\n|\n|t:|1731174714\n|move|p2a: Lycanroc|Protect|p2a: Lycanroc\n|-singleturn|p2a: Lycanroc|Protect\n|move|p1a: Rillaboom|Fake Out|p2a: Lycanroc\n|-activate|p2a: Lycanroc|move: Protect\n|move|p1b: Tyranitar|Low Kick|p2a: Lycanroc\n|-activate|p2a: Lycanroc|move: Protect\n|\n|-heal|p1a: Rillaboom|100\/100|[from] Grassy Terrain\n|upkeep\n|turn|7\n|\n|t:|1731174725\n|move|p2a: Lycanroc|Rock Slide|p1b: Tyranitar|[spread] p1a,p1b\n|-supereffective|p1b: Tyranitar\n|-damage|p1a: Rillaboom|75\/100\n|-damage|p1b: Tyranitar|0 fnt\n|faint|p1b: Tyranitar\n|move|p1a: Rillaboom|Wood Hammer|p2a: Lycanroc\n|-supereffective|p2a: Lycanroc\n|-enditem|p2a: Lycanroc|Focus Sash\n|-damage|p2a: Lycanroc|1\/100\n|-damage|p1a: Rillaboom|51\/100|[from] Recoil\n|\n|-heal|p2a: Lycanroc|7\/100|[from] Grassy Terrain\n|-heal|p1a: Rillaboom|57\/100|[from] Grassy Terrain\n|upkeep\n|turn|8\n|\n|t:|1731174738\n|move|p2a: Lycanroc|Protect|p2a: Lycanroc\n|-singleturn|p2a: Lycanroc|Protect\n|move|p1a: Rillaboom|Grassy Glide|p2a: Lycanroc\n|-activate|p2a: Lycanroc|move: Protect\n|\n|-heal|p2a: Lycanroc|13\/100|[from] Grassy Terrain\n|-heal|p1a: Rillaboom|63\/100|[from] Grassy Terrain\n|upkeep\n|turn|9\n|\n|t:|1731174750\n|move|p2a: Lycanroc|Protect||[still]\n|-fail|p2a: Lycanroc\n|move|p1a: Rillaboom|Grassy Glide|p2a: Lycanroc\n|-supereffective|p2a: Lycanroc\n|-damage|p2a: Lycanroc|0 fnt\n|faint|p2a: Lycanroc\n|\n|win|Tremlo\n|raw|Tremlo's rating: 1642 &rarr; <strong>1671<\/strong><br \/>(+29 for winning)\n|raw|bwahacough's rating: 1821 &rarr; <strong>1792<\/strong><br \/>(-29 for losing)\n|l|\u2606bwahacough\n|player|p2|\n","uploadtime":1731174892,"views":26,"formatid":"gen9vgc2024regh","rating":1671,"private":0,"password":null}