{"id":"gen9vgc2024regh-2240467709","format":"[Gen 9] VGC 2024 Reg H","players":["ray4gej","HoshimiHoshina"],"log":"|j|\u2606ray4gej\n|j|\u2606HoshimiHoshina\n|t:|1731149260\n|gametype|doubles\n|player|p1|ray4gej|1|1655\n|player|p2|HoshimiHoshina|rosa|1756\n|teamsize|p1|6\n|teamsize|p2|6\n|gen|9\n|tier|[Gen 9] VGC 2024 Reg H\n|rated|\n|rule|Species Clause: Limit one of each Pok\u00e9mon\n|rule|Item Clause: Limit 1 of each item\n|clearpoke\n|poke|p1|Dondozo, L50, F|\n|poke|p1|Tatsugiri, L50, M|\n|poke|p1|Sneasler, L50, M|\n|poke|p1|Flamigo, L50, F|\n|poke|p1|Amoonguss, L50, M|\n|poke|p1|Gholdengo, L50|\n|poke|p2|Slaking, L50, F|\n|poke|p2|Weezing-Galar, L50, F|\n|poke|p2|Gholdengo, L50|\n|poke|p2|Garchomp, L50, F|\n|poke|p2|Palafin, L50, F|\n|poke|p2|Rotom-Heat, L50|\n|teampreview|4\n|inactive|Battle timer is ON: inactive players will automatically lose when time's up. (requested by HoshimiHoshina)\n|j| lrex9\n|j| poopie fayce\n|inactive|ray4gej has 60 seconds left.\n|\n|t:|1731149290\n|start\n|switch|p1a: Tatsugiri|Tatsugiri, L50, M|100\/100\n|switch|p1b: Gholdengo|Gholdengo, L50|100\/100\n|switch|p2a: \u4e0d\u8bb8\u8bf7\u5047|Weezing-Galar, L50, F|100\/100\n|switch|p2b: \u76d2\u996d\u52a0\u70ed90\u79d2|Rotom-Heat, L50|100\/100\n|-ability|p2a: \u4e0d\u8bb8\u8bf7\u5047|Neutralizing Gas\n|turn|1\n|\n|t:|1731149306\n|move|p2a: \u4e0d\u8bb8\u8bf7\u5047|Protect|p2a: \u4e0d\u8bb8\u8bf7\u5047\n|-singleturn|p2a: \u4e0d\u8bb8\u8bf7\u5047|Protect\n|move|p1b: Gholdengo|Protect|p1b: Gholdengo\n|-singleturn|p1b: Gholdengo|Protect\n|move|p1a: Tatsugiri|Muddy Water|p2a: \u4e0d\u8bb8\u8bf7\u5047|[spread] \n|-activate|p2a: \u4e0d\u8bb8\u8bf7\u5047|move: Protect\n|-miss|p1a: Tatsugiri|p2b: \u76d2\u996d\u52a0\u70ed90\u79d2\n|move|p2b: \u76d2\u996d\u52a0\u70ed90\u79d2|Volt Switch|p1a: Tatsugiri\n|-damage|p1a: Tatsugiri|46\/100\n|\n|t:|1731149318\n|switch|p2b: Garchomp|Garchomp, L50, F|100\/100|[from] Volt Switch\n|\n|upkeep\n|turn|2\n|\n|t:|1731149340\n|-end|p2a: \u4e0d\u8bb8\u8bf7\u5047|ability: Neutralizing Gas\n|switch|p2a: \u76d2\u996d\u52a0\u70ed90\u79d2|Rotom-Heat, L50|100\/100\n|-terastallize|p1b: Gholdengo|Steel\n|move|p1a: Tatsugiri|Muddy Water|p2a: \u76d2\u996d\u52a0\u70ed90\u79d2|[spread] p2a,p2b\n|-supereffective|p2a: \u76d2\u996d\u52a0\u70ed90\u79d2\n|-damage|p2a: \u76d2\u996d\u52a0\u70ed90\u79d2|19\/100\n|-damage|p2b: Garchomp|64\/100\n|move|p2b: Garchomp|Earthquake|p1b: Gholdengo|[spread] p1a,p1b\n|-immune|p2a: \u76d2\u996d\u52a0\u70ed90\u79d2|[from] ability: Levitate\n|-supereffective|p1b: Gholdengo\n|-damage|p1a: Tatsugiri|0 fnt\n|-damage|p1b: Gholdengo|27\/100\n|faint|p1a: Tatsugiri\n|move|p1b: Gholdengo|Make It Rain|p2a: \u76d2\u996d\u52a0\u70ed90\u79d2|[spread] p2a,p2b\n|-resisted|p2a: \u76d2\u996d\u52a0\u70ed90\u79d2\n|-damage|p2a: \u76d2\u996d\u52a0\u70ed90\u79d2|0 fnt\n|-damage|p2b: Garchomp|0 fnt\n|-unboost|p1b: Gholdengo|spa|1\n|faint|p2a: \u76d2\u996d\u52a0\u70ed90\u79d2\n|faint|p2b: Garchomp\n|\n|upkeep\n|\n|t:|1731149363\n|switch|p2b: \u591a\u52a0\u73ed\u624d\u80fd\u6dd8\u91d1\u6f6e|Gholdengo, L50|100\/100\n|switch|p2a: \u4e0d\u8bb8\u8bf7\u5047|Weezing-Galar, L50, F|100\/100\n|switch|p1a: Flamigo|Flamigo, L50, F|100\/100\n|-ability|p2a: \u4e0d\u8bb8\u8bf7\u5047|Neutralizing Gas\n|turn|3\n|\n|t:|1731149376\n|move|p2a: \u4e0d\u8bb8\u8bf7\u5047|Protect|p2a: \u4e0d\u8bb8\u8bf7\u5047\n|-singleturn|p2a: \u4e0d\u8bb8\u8bf7\u5047|Protect\n|move|p2b: \u591a\u52a0\u73ed\u624d\u80fd\u6dd8\u91d1\u6f6e|Thunderbolt|p1a: Flamigo\n|-supereffective|p1a: Flamigo\n|-enditem|p1a: Flamigo|Focus Sash\n|-damage|p1a: Flamigo|1\/100\n|move|p1a: Flamigo|Tailwind|p1a: Flamigo\n|-sidestart|p1: ray4gej|move: Tailwind\n|move|p1b: Gholdengo|Nasty Plot|p1b: Gholdengo\n|-boost|p1b: Gholdengo|spa|2\n|\n|upkeep\n|turn|4\n|\n|t:|1731149390\n|move|p1a: Flamigo|Close Combat|p2b: \u591a\u52a0\u73ed\u624d\u80fd\u6dd8\u91d1\u6f6e\n|-immune|p2b: \u591a\u52a0\u73ed\u624d\u80fd\u6dd8\u91d1\u6f6e\n|move|p1b: Gholdengo|Shadow Ball|p2b: \u591a\u52a0\u73ed\u624d\u80fd\u6dd8\u91d1\u6f6e\n|-supereffective|p2b: \u591a\u52a0\u73ed\u624d\u80fd\u6dd8\u91d1\u6f6e\n|-damage|p2b: \u591a\u52a0\u73ed\u624d\u80fd\u6dd8\u91d1\u6f6e|0 fnt\n|faint|p2b: \u591a\u52a0\u73ed\u624d\u80fd\u6dd8\u91d1\u6f6e\n|move|p2a: \u4e0d\u8bb8\u8bf7\u5047|Dazzling Gleam|p1a: Flamigo|[spread] p1a,p1b\n|-supereffective|p1a: Flamigo\n|-resisted|p1b: Gholdengo\n|-damage|p1a: Flamigo|0 fnt\n|-damage|p1b: Gholdengo|16\/100\n|faint|p1a: Flamigo\n|\n|upkeep\n|\n|t:|1731149403\n|switch|p1a: Sneasler|Sneasler, L50, M|100\/100\n|turn|5\n|\n|t:|1731149407\n|move|p2a: \u4e0d\u8bb8\u8bf7\u5047|Protect|p2a: \u4e0d\u8bb8\u8bf7\u5047\n|-singleturn|p2a: \u4e0d\u8bb8\u8bf7\u5047|Protect\n|move|p1a: Sneasler|Dire Claw|p2a: \u4e0d\u8bb8\u8bf7\u5047\n|-activate|p2a: \u4e0d\u8bb8\u8bf7\u5047|move: Protect\n|move|p1b: Gholdengo|Make It Rain|p2a: \u4e0d\u8bb8\u8bf7\u5047\n|-activate|p2a: \u4e0d\u8bb8\u8bf7\u5047|move: Protect\n|\n|upkeep\n|turn|6\n|-message|HoshimiHoshina forfeited.\n|\n|win|ray4gej\n|raw|ray4gej's rating: 1655 &rarr; <strong>1681<\/strong><br \/>(+26 for winning)\n|raw|HoshimiHoshina's rating: 1756 &rarr; <strong>1730<\/strong><br \/>(-26 for losing)\n|l|\u2606HoshimiHoshina\n|player|p2|\n|l| poopie fayce\n|j| GothitelleVGC\n","uploadtime":1731149659,"views":26,"formatid":"gen9vgc2024regh","rating":1681,"private":0,"password":null}