{"id":"gen9vgc2024regh-2240461791","format":"[Gen 9] VGC 2024 Reg H","players":["HoshimiHoshina","Tausendwandler"],"log":"|j|\u2606HoshimiHoshina\n|j|\u2606Tausendwandler\n|t:|1731147971\n|gametype|doubles\n|player|p1|HoshimiHoshina|rosa|1662\n|player|p2|Tausendwandler|265|1812\n|teamsize|p1|6\n|teamsize|p2|6\n|gen|9\n|tier|[Gen 9] VGC 2024 Reg H\n|rated|\n|rule|Species Clause: Limit one of each Pok\u00e9mon\n|rule|Item Clause: Limit 1 of each item\n|clearpoke\n|poke|p1|Slaking, L50, M|\n|poke|p1|Weezing-Galar, L50, M|\n|poke|p1|Gholdengo, L50|\n|poke|p1|Garchomp, L50, M|\n|poke|p1|Palafin, L50, F|\n|poke|p1|Rotom-Heat, L50|\n|poke|p2|Grimmsnarl, L50, M|\n|poke|p2|Maushold-Four, L50|\n|poke|p2|Gholdengo, L50|\n|poke|p2|Dragonite, L50, F|\n|poke|p2|Ursaluna-Bloodmoon, L50, M|\n|poke|p2|Volcarona, L50, F|\n|teampreview|4\n|inactive|Battle timer is ON: inactive players will automatically lose when time's up. (requested by HoshimiHoshina)\n|inactive|HoshimiHoshina has 60 seconds left.\n|\n|t:|1731148019\n|start\n|switch|p1a: Palafin|Palafin, L50, F|100\/100\n|switch|p1b: Garchomp|Garchomp, L50, M|100\/100\n|switch|p2a: Maushold|Maushold-Four, L50|100\/100\n|switch|p2b: Gholdengo|Gholdengo, L50|100\/100\n|turn|1\n|\n|t:|1731148040\n|detailschange|p1a: Palafin|Palafin-Hero, L50, F\n|switch|p1a: Rotom|Rotom-Heat, L50|100\/100\n|switch|p2b: Dragonite|Dragonite, L50, F|100\/100\n|move|p2a: Maushold|Population Bomb|p1a: Rotom\n|-damage|p1a: Rotom|88\/100\n|-damage|p1a: Rotom|73\/100\n|-damage|p1a: Rotom|60\/100\n|-damage|p1a: Rotom|46\/100\n|-damage|p1a: Rotom|32\/100\n|-damage|p1a: Rotom|17\/100\n|-damage|p1a: Rotom|3\/100\n|-damage|p1a: Rotom|0 fnt\n|faint|p1a: Rotom\n|-hitcount|p1: Rotom|8\n|move|p1b: Garchomp|Earthquake|p2a: Maushold|[spread] p2a\n|-immune|p2b: Dragonite\n|-damage|p2a: Maushold|44\/100\n|\n|upkeep\n|\n|t:|1731148063\n|switch|p1a: Palafin|Palafin-Hero, L50, F|100\/100\n|-activate|p1a: Palafin|ability: Zero to Hero\n|turn|2\n|\n|t:|1731148075\n|-terastallize|p1a: Palafin|Water\n|move|p1a: Palafin|Jet Punch|p2a: Maushold\n|-damage|p2a: Maushold|0 fnt\n|faint|p2a: Maushold\n|move|p1b: Garchomp|Scale Shot|p2b: Dragonite\n|-supereffective|p2b: Dragonite\n|-damage|p2b: Dragonite|86\/100\n|-supereffective|p2b: Dragonite\n|-damage|p2b: Dragonite|56\/100\n|-supereffective|p2b: Dragonite\n|-damage|p2b: Dragonite|29\/100\n|-supereffective|p2b: Dragonite\n|-damage|p2b: Dragonite|0 fnt\n|faint|p2b: Dragonite\n|-hitcount|p2: Dragonite|4\n|-unboost|p1b: Garchomp|def|1\n|-boost|p1b: Garchomp|spe|1\n|\n|upkeep\n|\n|t:|1731148081\n|switch|p2a: Ursaluna|Ursaluna-Bloodmoon, L50, M|100\/100\n|switch|p2b: Gholdengo|Gholdengo, L50|100\/100\n|turn|3\n|j| lrex9\n|\n|t:|1731148103\n|-terastallize|p2a: Ursaluna|Water\n|move|p1b: Garchomp|Protect|p1b: Garchomp\n|-singleturn|p1b: Garchomp|Protect\n|move|p2b: Gholdengo|Protect|p2b: Gholdengo\n|-singleturn|p2b: Gholdengo|Protect\n|move|p1a: Palafin|Jet Punch|p2a: Ursaluna\n|-resisted|p2a: Ursaluna\n|-damage|p2a: Ursaluna|70\/100\n|move|p2a: Ursaluna|Blood Moon|p1b: Garchomp\n|-activate|p1b: Garchomp|move: Protect\n|\n|upkeep\n|turn|4\n|\n|t:|1731148121\n|move|p2b: Gholdengo|Protect||[still]\n|-fail|p2b: Gholdengo\n|move|p1a: Palafin|Jet Punch|p2b: Gholdengo\n|-damage|p2b: Gholdengo|4\/100\n|move|p1b: Garchomp|Earthquake|p2b: Gholdengo|[spread] p1a,p2a,p2b\n|-supereffective|p2b: Gholdengo\n|-damage|p1a: Palafin|64\/100\n|-damage|p2a: Ursaluna|44\/100\n|-damage|p2b: Gholdengo|0 fnt\n|faint|p2b: Gholdengo\n|move|p2a: Ursaluna|Hyper Voice|p1a: Palafin|[spread] p1a,p1b\n|-damage|p1a: Palafin|23\/100\n|-damage|p1b: Garchomp|62\/100\n|\n|upkeep\n|turn|5\n|\n|t:|1731148136\n|move|p1a: Palafin|Jet Punch|p2a: Ursaluna\n|-resisted|p2a: Ursaluna\n|-damage|p2a: Ursaluna|14\/100\n|move|p1b: Garchomp|Scale Shot|p2a: Ursaluna\n|-damage|p2a: Ursaluna|6\/100\n|-damage|p2a: Ursaluna|0 fnt\n|faint|p2a: Ursaluna\n|-hitcount|p2: Ursaluna|2\n|\n|win|HoshimiHoshina\n|raw|HoshimiHoshina's rating: 1662 &rarr; <strong>1690<\/strong><br \/>(+28 for winning)\n|raw|Tausendwandler's rating: 1812 &rarr; <strong>1784<\/strong><br \/>(-28 for losing)\n|l|\u2606Tausendwandler\n|player|p2|\n|l|\u2606HoshimiHoshina\n|player|p1|\n","uploadtime":1731148410,"views":63,"formatid":"gen9vgc2024regh","rating":1690,"private":0,"password":null}