{"id":"gen9vgc2024regh-2240537741","format":"[Gen 9] VGC 2024 Reg H","players":["GuevaraGaming2","Hikawari"],"log":"|j|\u2606GuevaraGaming2\n|j|\u2606Hikawari\n|t:|1731161839\n|gametype|doubles\n|player|p1|GuevaraGaming2|hilbert-wonderlauncher|1666\n|player|p2|Hikawari|101|1731\n|teamsize|p1|6\n|teamsize|p2|6\n|gen|9\n|tier|[Gen 9] VGC 2024 Reg H\n|rated|\n|rule|Species Clause: Limit one of each Pok\u00e9mon\n|rule|Item Clause: Limit 1 of each item\n|clearpoke\n|poke|p1|Indeedee, L50, M|\n|poke|p1|Sneasler, L50, F|\n|poke|p1|Typhlosion-Hisui, L50, F|\n|poke|p1|Volbeat, L50, M|\n|poke|p1|Primarina, L50, M|\n|poke|p1|Ursaluna-Bloodmoon, L50, M|\n|poke|p2|Sneasler, L50, F|\n|poke|p2|Murkrow, L50, F|\n|poke|p2|Gholdengo, L50|\n|poke|p2|Indeedee, L50, M|\n|poke|p2|Annihilape, L50, F|\n|poke|p2|Sinistcha, L50|\n|teampreview|4\n|inactive|Battle timer is ON: inactive players will automatically lose when time's up. (requested by Hikawari)\nHikawari has agreed to open team sheets.\n|j| pikavgc111\n|inactive|Hikawari has 60 seconds left.\n|\n|t:|1731161887\n|start\n|switch|p1a: Typhlosion|Typhlosion-Hisui, L50, F|100\/100\n|switch|p1b: Volbeat|Volbeat, L50, M|100\/100\n|switch|p2a: Mobs|Murkrow, L50, F|100\/100\n|switch|p2b: Juros Composto|Gholdengo, L50|100\/100\n|-item|p2a: Mobs|Eviolite|[from] ability: Frisk|[of] p1a: Typhlosion\n|-item|p2b: Juros Composto|Choice Specs|[from] ability: Frisk|[of] p1a: Typhlosion\n|turn|1\n|\n|t:|1731161902\n|-terastallize|p1a: Typhlosion|Fire\n|move|p2a: Mobs|Rain Dance|p2a: Mobs\n|-weather|RainDance\n|move|p1b: Volbeat|Tailwind|p1b: Volbeat\n|-sidestart|p1: GuevaraGaming2|move: Tailwind\n|move|p1a: Typhlosion|Eruption|p2b: Juros Composto|[spread] p2a,p2b\n|-supereffective|p2b: Juros Composto\n|-damage|p2a: Mobs|49\/100\n|-damage|p2b: Juros Composto|0 fnt\n|faint|p2b: Juros Composto\n|\n|-weather|RainDance|[upkeep]\n|upkeep\n|\n|t:|1731161910\n|switch|p2b: Croissant|Indeedee, L50, M|100\/100\n|-fieldstart|move: Psychic Terrain|[from] ability: Psychic Surge|[of] p2b: Croissant\n|turn|2\n|\n|t:|1731161931\n|-terastallize|p2b: Croissant|Psychic\n|move|p1b: Volbeat|Sunny Day|p1b: Volbeat\n|-weather|SunnyDay\n|move|p2a: Mobs|Tailwind|p2a: Mobs\n|-sidestart|p2: Hikawari|move: Tailwind\n|move|p1a: Typhlosion|Eruption|p2a: Mobs|[spread] p2a,p2b\n|-damage|p2a: Mobs|0 fnt\n|-enditem|p2b: Croissant|Focus Sash\n|-damage|p2b: Croissant|1\/100\n|faint|p2a: Mobs\n|move|p2b: Croissant|Expanding Force|p1a: Typhlosion|[spread] p1a,p1b\n|-damage|p1a: Typhlosion|0 fnt\n|-damage|p1b: Volbeat|13\/100\n|-enditem|p1b: Volbeat|Sitrus Berry|[eat]\n|-heal|p1b: Volbeat|38\/100|[from] item: Sitrus Berry\n|faint|p1a: Typhlosion\n|\n|-weather|SunnyDay|[upkeep]\n|upkeep\n|\n|t:|1731161945\n|switch|p1a: Sneasler|Sneasler, L50, F|100\/100\n|switch|p2a: Lore|Sneasler, L50, F, shiny|100\/100\n|-enditem|p1a: Sneasler|Psychic Seed\n|-boost|p1a: Sneasler|spd|1|[from] item: Psychic Seed\n|turn|3\n|\n|t:|1731161956\n|move|p2b: Croissant|Protect|p2b: Croissant\n|-singleturn|p2b: Croissant|Protect\n|move|p1a: Sneasler|Throat Chop|p2b: Croissant\n|-activate|p2b: Croissant|move: Protect\n|move|p2a: Lore|Dire Claw|p1a: Sneasler\n|-resisted|p1a: Sneasler\n|-damage|p1a: Sneasler|53\/100\n|-damage|p2a: Lore|91\/100|[from] item: Life Orb\n|move|p1b: Volbeat|Lunge|p2a: Lore\n|-resisted|p2a: Lore\n|-damage|p2a: Lore|82\/100\n|-unboost|p2a: Lore|atk|1\n|\n|-weather|SunnyDay|[upkeep]\n|upkeep\n|turn|4\n|\n|t:|1731161975\n|move|p2b: Croissant|Protect|p2b: Croissant\n|-singleturn|p2b: Croissant|Protect\n|move|p1a: Sneasler|Throat Chop|p2b: Croissant\n|-activate|p2b: Croissant|move: Protect\n|move|p2a: Lore|Close Combat|p1a: Sneasler\n|-resisted|p1a: Sneasler\n|-damage|p1a: Sneasler|6\/100\n|-unboost|p2a: Lore|def|1\n|-unboost|p2a: Lore|spd|1\n|-damage|p2a: Lore|72\/100|[from] item: Life Orb\n|move|p1b: Volbeat|Lunge|p2a: Lore\n|-resisted|p2a: Lore\n|-damage|p2a: Lore|60\/100\n|-unboost|p2a: Lore|atk|1\n|\n|-weather|SunnyDay|[upkeep]\n|-sideend|p1: GuevaraGaming2|move: Tailwind\n|upkeep\n|turn|5\n|\n|t:|1731161986\n|move|p2b: Croissant|Protect||[still]\n|-fail|p2b: Croissant\n|move|p1b: Volbeat|Tailwind|p1b: Volbeat\n|-sidestart|p1: GuevaraGaming2|move: Tailwind\n|move|p1a: Sneasler|Throat Chop|p2b: Croissant\n|-supereffective|p2b: Croissant\n|-damage|p2b: Croissant|0 fnt\n|faint|p2b: Croissant\n|move|p2a: Lore|Dire Claw|p1b: Volbeat\n|-damage|p1b: Volbeat|13\/100\n|-damage|p2a: Lore|50\/100|[from] item: Life Orb\n|\n|-weather|SunnyDay|[upkeep]\n|-sideend|p2: Hikawari|move: Tailwind\n|upkeep\n|turn|6\n|j| lrex9\n|-message|Hikawari forfeited.\n|\n|win|GuevaraGaming2\n|raw|GuevaraGaming2's rating: 1666 &rarr; <strong>1690<\/strong><br \/>(+24 for winning)\n|raw|Hikawari's rating: 1731 &rarr; <strong>1707<\/strong><br \/>(-24 for losing)\n|l|\u2606Hikawari\n|player|p2|\n|l|\u2606GuevaraGaming2\n|player|p1|\n|l| pikavgc111\n|l| lrex9\n","uploadtime":1731162267,"views":31,"formatid":"gen9vgc2024regh","rating":1690,"private":0,"password":null}