{"id":"gen9vgc2024regh-2240931059","format":"[Gen 9] VGC 2024 Reg H","players":["Gabdude","SHIDMONBADGAME"],"log":"|j|\u2606Gabdude\n|j|\u2606SHIDMONBADGAME\n|t:|1731213260\n|gametype|doubles\n|player|p1|Gabdude|guitarist|1703\n|player|p2|SHIDMONBADGAME|policeman-gen4|1811\n|teamsize|p1|6\n|teamsize|p2|6\n|gen|9\n|tier|[Gen 9] VGC 2024 Reg H\n|rated|\n|rule|Species Clause: Limit one of each Pok\u00e9mon\n|rule|Item Clause: Limit 1 of each item\n|clearpoke\n|poke|p1|Slaking, L50, M|\n|poke|p1|Weezing-Galar, L50, M|\n|poke|p1|Incineroar, L50, F|\n|poke|p1|Toedscruel, L50, M|\n|poke|p1|Pawmot, L50, F|\n|poke|p1|Dragapult, L50, M|\n|poke|p2|Sneasler, L50, M|\n|poke|p2|Indeedee, L50, M|\n|poke|p2|Murkrow, L50, M|\n|poke|p2|Dragapult, L50, F|\n|poke|p2|Delphox, L50, F|\n|poke|p2|Maushold-Four, L50|\n|teampreview|4\n|inactive|Battle timer is ON: inactive players will automatically lose when time's up. (requested by SHIDMONBADGAME)\n|j| mr pogostick\n|inactive|Gabdude has 60 seconds left.\n|inactive|SHIDMONBADGAME has 60 seconds left.\n|inactive|Gabdude has 30 seconds left.\n|\n|t:|1731213324\n|start\n|switch|p1a: Weezing|Weezing-Galar, L50, M|100\/100\n|switch|p1b: Incineroar|Incineroar, L50, F|100\/100\n|switch|p2a: Luis Carruthers|Murkrow, L50, M, shiny|100\/100\n|switch|p2b: Timothy Bryce|Maushold-Four, L50|100\/100\n|-ability|p1a: Weezing|Neutralizing Gas\n|-block|p1b: Incineroar|item: Ability Shield\n|-ability|p1b: Incineroar|Intimidate|boost\n|-unboost|p2a: Luis Carruthers|atk|1\n|-unboost|p2b: Timothy Bryce|atk|1\n|turn|1\n|\n|t:|1731213350\n|move|p2b: Timothy Bryce|Protect|p2b: Timothy Bryce\n|-singleturn|p2b: Timothy Bryce|Protect\n|move|p1b: Incineroar|Flare Blitz|p2a: Luis Carruthers\n|-damage|p2a: Luis Carruthers|36\/100\n|-status|p2a: Luis Carruthers|brn\n|-damage|p1b: Incineroar|80\/100|[from] Recoil\n|move|p1a: Weezing|Dazzling Gleam|p2b: Timothy Bryce|[spread] p2a\n|-activate|p2b: Timothy Bryce|move: Protect\n|-supereffective|p2a: Luis Carruthers\n|-damage|p2a: Luis Carruthers|0 fnt\n|faint|p2a: Luis Carruthers\n|\n|upkeep\n|\n|t:|1731213361\n|switch|p2a: Patrick Bateman|Indeedee, L50, M, shiny|100\/100\n|turn|2\n|\n|t:|1731213371\n|-terastallize|p1a: Weezing|Flying\n|move|p2b: Timothy Bryce|Population Bomb|p1a: Weezing\n|-damage|p1a: Weezing|94\/100\n|-damage|p1a: Weezing|87\/100\n|-damage|p1a: Weezing|81\/100\n|-damage|p1a: Weezing|74\/100\n|-damage|p1a: Weezing|68\/100\n|-damage|p1a: Weezing|61\/100\n|-damage|p1a: Weezing|55\/100\n|-damage|p1a: Weezing|49\/100\n|-damage|p1a: Weezing|42\/100\n|-damage|p1a: Weezing|36\/100\n|-hitcount|p1a: Weezing|10\n|move|p2a: Patrick Bateman|Expanding Force|p1a: Weezing\n|-damage|p1a: Weezing|0 fnt\n|faint|p1a: Weezing\n|-end|p1a: Weezing|ability: Neutralizing Gas\n|-fieldstart|move: Psychic Terrain|[from] ability: Psychic Surge|[of] p2a: Patrick Bateman\n|move|p1b: Incineroar|Knock Off|p2a: Patrick Bateman\n|-supereffective|p2a: Patrick Bateman\n|-enditem|p2a: Patrick Bateman|Focus Sash\n|-damage|p2a: Patrick Bateman|1\/100\n|\n|upkeep\n|\n|t:|1731213394\n|switch|p1a: Dragapult|Dragapult, L50, M|100\/100\n|turn|3\n|\n|t:|1731213411\n|move|p2b: Timothy Bryce|Follow Me|p2b: Timothy Bryce\n|-singleturn|p2b: Timothy Bryce|move: Follow Me\n|move|p1a: Dragapult|Dragon Darts|p2b: Timothy Bryce\n|-damage|p2b: Timothy Bryce|40\/100\n|-anim|p1a: Dragapult|Dragon Darts|p2b: Timothy Bryce\n|-damage|p2b: Timothy Bryce|0 fnt\n|faint|p2b: Timothy Bryce\n|move|p2a: Patrick Bateman|Expanding Force|p1a: Dragapult|[spread] p1a\n|-immune|p1b: Incineroar\n|-damage|p1a: Dragapult|23\/100\n|move|p1b: Incineroar|Flare Blitz|p2a: Patrick Bateman\n|-damage|p2a: Patrick Bateman|0 fnt\n|faint|p2a: Patrick Bateman\n|-damage|p1b: Incineroar|79\/100|[from] Recoil\n|\n|upkeep\n|\n|t:|1731213413\n|switch|p2b: Paul Allen|Sneasler, L50, M, shiny|100\/100\n|-enditem|p2b: Paul Allen|Psychic Seed\n|-boost|p2b: Paul Allen|spd|1|[from] item: Psychic Seed\n|turn|4\n|\n|t:|1731213432\n|move|p2b: Paul Allen|Throat Chop|p1a: Dragapult\n|-supereffective|p1a: Dragapult\n|-damage|p1a: Dragapult|0 fnt\n|faint|p1a: Dragapult\n|move|p1b: Incineroar|Flare Blitz|p2b: Paul Allen\n|-damage|p2b: Paul Allen|9\/100\n|-damage|p1b: Incineroar|52\/100|[from] Recoil\n|\n|upkeep\n|\n|t:|1731213436\n|switch|p1a: Pawmot|Pawmot, L50, F|100\/100\n|turn|5\n|-message|SHIDMONBADGAME forfeited.\n|\n|win|Gabdude\n|raw|Gabdude's rating: 1703 &rarr; <strong>1729<\/strong><br \/>(+26 for winning)\n|raw|SHIDMONBADGAME's rating: 1811 &rarr; <strong>1785<\/strong><br \/>(-26 for losing)\n|l|\u2606Gabdude\n|player|p1|\n","uploadtime":1731213586,"views":35,"formatid":"gen9vgc2024regh","rating":1729,"private":0,"password":null}