{"id":"gen9vgc2024regh-2240744996","format":"[Gen 9] VGC 2024 Reg H","players":["roykeenkennedy","ren122333"],"log":"|j|\u2606roykeenkennedy\n|j|\u2606ren122333\n|t:|1731188093\n|gametype|doubles\n|player|p1|roykeenkennedy|alder|1693\n|player|p2|ren122333|hilbert|1708\n|teamsize|p1|6\n|teamsize|p2|6\n|gen|9\n|tier|[Gen 9] VGC 2024 Reg H\n|rated|\n|rule|Species Clause: Limit one of each Pok\u00e9mon\n|rule|Item Clause: Limit 1 of each item\n|clearpoke\n|poke|p1|Salamence, L50, M|\n|poke|p1|Incineroar, L50, F|\n|poke|p1|Weezing, L50, M|\n|poke|p1|Dragapult, L50, M|\n|poke|p1|Ursaluna-Bloodmoon, L50, M|\n|poke|p1|Volcarona, L50, M|\n|poke|p2|Whimsicott, L50, F|\n|poke|p2|Mamoswine, L50, M|\n|poke|p2|Lycanroc-Dusk, L50, F|\n|poke|p2|Typhlosion-Hisui, L50, M|\n|poke|p2|Farigiraf, L50, F|\n|poke|p2|Mienshao, L50, M|\n|teampreview|4\n|inactive|Battle timer is ON: inactive players will automatically lose when time's up. (requested by ren122333)\n|\n|t:|1731188145\n|start\n|switch|p1a: Weezing|Weezing, L50, M|100\/100\n|switch|p1b: Salamence|Salamence, L50, M|100\/100\n|switch|p2a: Whimsicott|Whimsicott, L50, F|100\/100\n|switch|p2b: Mamoswine|Mamoswine, L50, M|100\/100\n|-ability|p1a: Weezing|Neutralizing Gas\n|turn|1\n|\n|t:|1731188162\n|-terastallize|p1b: Salamence|Steel\n|move|p1b: Salamence|Dual Wingbeat|p2a: Whimsicott\n|-supereffective|p2a: Whimsicott\n|-damage|p2a: Whimsicott|28\/100\n|-supereffective|p2a: Whimsicott\n|-damage|p2a: Whimsicott|0 fnt\n|faint|p2a: Whimsicott\n|-hitcount|p2: Whimsicott|2\n|move|p2b: Mamoswine|High Horsepower|p1b: Salamence\n|-supereffective|p1b: Salamence\n|-damage|p1b: Salamence|0 fnt\n|faint|p1b: Salamence\n|move|p1a: Weezing|Will-O-Wisp|p2b: Mamoswine\n|-status|p2b: Mamoswine|brn\n|\n|-damage|p2b: Mamoswine|95\/100 brn|[from] brn\n|upkeep\n|\n|t:|1731188180\n|switch|p2a: Mienshao|Mienshao, L50, M|100\/100\n|switch|p1b: Incineroar|Incineroar, L50, F|100\/100\n|-ability|p1b: Incineroar|Intimidate|boost\n|-unboost|p2a: Mienshao|atk|1\n|-unboost|p2b: Mamoswine|atk|1\n|turn|2\n|\n|t:|1731188196\n|switch|p1b: Volcarona|Volcarona, L50, M|100\/100\n|move|p2a: Mienshao|Close Combat|p1b: Volcarona\n|-resisted|p1b: Volcarona\n|-damage|p1b: Volcarona|65\/100\n|-unboost|p2a: Mienshao|def|1\n|-unboost|p2a: Mienshao|spd|1\n|-damage|p2a: Mienshao|91\/100|[from] item: Life Orb\n|move|p2b: Mamoswine|High Horsepower|p1a: Weezing\n|-supereffective|p1a: Weezing\n|-damage|p1a: Weezing|64\/100\n|move|p1a: Weezing|Will-O-Wisp|p2a: Mienshao\n|-status|p2a: Mienshao|brn\n|\n|-heal|p1a: Weezing|71\/100|[from] item: Leftovers\n|-damage|p2a: Mienshao|85\/100 brn|[from] brn\n|-damage|p2b: Mamoswine|89\/100 brn|[from] brn\n|upkeep\n|turn|3\n|inactive|roykeenkennedy has 30 seconds left.\n|\n|t:|1731188229\n|switch|p2a: Typhlosion|Typhlosion-Hisui, L50, M|100\/100\n|move|p1b: Volcarona|Quiver Dance|p1b: Volcarona\n|-boost|p1b: Volcarona|spa|1\n|-boost|p1b: Volcarona|spd|1\n|-boost|p1b: Volcarona|spe|1\n|move|p2b: Mamoswine|Haze|p2b: Mamoswine\n|-clearallboost\n|move|p1a: Weezing|Sludge Bomb|p2a: Typhlosion\n|-resisted|p2a: Typhlosion\n|-damage|p2a: Typhlosion|83\/100\n|\n|-heal|p1a: Weezing|77\/100|[from] item: Leftovers\n|-damage|p2b: Mamoswine|83\/100 brn|[from] brn\n|upkeep\n|turn|4\n|inactive|roykeenkennedy has 30 seconds left.\n|inactive|roykeenkennedy has 20 seconds left.\n|inactive|roykeenkennedy has 15 seconds left.\n|inactive|roykeenkennedy has 10 seconds left.\n|\n|t:|1731188275\n|-terastallize|p2a: Typhlosion|Fire\n|move|p1a: Weezing|Protect|p1a: Weezing\n|-singleturn|p1a: Weezing|Protect\n|move|p2a: Typhlosion|Eruption|p1b: Volcarona|[spread] p1b\n|-activate|p1a: Weezing|move: Protect\n|-damage|p1b: Volcarona|0 fnt\n|faint|p1b: Volcarona\n|move|p2b: Mamoswine|High Horsepower|p1a: Weezing\n|-activate|p1a: Weezing|move: Protect\n|\n|-heal|p1a: Weezing|83\/100|[from] item: Leftovers\n|-damage|p2b: Mamoswine|77\/100 brn|[from] brn\n|upkeep\n|\n|t:|1731188290\n|switch|p1b: Incineroar|Incineroar, L50, F|100\/100\n|-ability|p1b: Incineroar|Intimidate|boost\n|-unboost|p2a: Typhlosion|atk|1\n|-unboost|p2b: Mamoswine|atk|1\n|turn|5\n|\n|t:|1731188309\n|move|p1b: Incineroar|Fake Out|p2b: Mamoswine\n|-damage|p2b: Mamoswine|64\/100 brn\n|move|p2a: Typhlosion|Eruption|p1a: Weezing|[spread] p1a,p1b\n|-resisted|p1b: Incineroar\n|-damage|p1a: Weezing|0 fnt\n|-damage|p1b: Incineroar|64\/100\n|faint|p1a: Weezing\n|-end|p1a: Weezing|ability: Neutralizing Gas\n|-item|p1b: Incineroar|Ability Shield|[from] ability: Frisk|[of] p2a: Typhlosion\n|cant|p2b: Mamoswine|flinch\n|\n|-damage|p2b: Mamoswine|58\/100 brn|[from] brn\n|upkeep\n|turn|6\n|-message|roykeenkennedy forfeited.\n|\n|win|ren122333\n|raw|roykeenkennedy's rating: 1693 &rarr; <strong>1674<\/strong><br \/>(-19 for losing)\n|raw|ren122333's rating: 1708 &rarr; <strong>1727<\/strong><br \/>(+19 for winning)\n|l|\u2606roykeenkennedy\n|player|p1|\n|l|\u2606ren122333\n|player|p2|\n","uploadtime":1731188546,"views":27,"formatid":"gen9vgc2024regh","rating":1674,"private":0,"password":null}