{"id":"gen9vgc2024regh-2240058790","format":"[Gen 9] VGC 2024 Reg H","players":["Tausendwandler","extra.blended"],"log":"|j|\u2606Tausendwandler\n|j|\u2606extra.blended\n|t:|1731090009\n|gametype|doubles\n|player|p1|Tausendwandler|1|1813\n|player|p2|extra.blended|linebacker|1780\n|teamsize|p1|6\n|teamsize|p2|6\n|gen|9\n|tier|[Gen 9] VGC 2024 Reg H\n|rated|\n|rule|Species Clause: Limit one of each Pok\u00e9mon\n|rule|Item Clause: Limit 1 of each item\n|clearpoke\n|poke|p1|Grimmsnarl, L50, M|\n|poke|p1|Maushold-Four, L50|\n|poke|p1|Gholdengo, L50|\n|poke|p1|Dragonite, L50, F|\n|poke|p1|Ursaluna-Bloodmoon, L50, M|\n|poke|p1|Volcarona, L50, F|\n|poke|p2|Garganacl, L50, M|\n|poke|p2|Hippowdon, L50, M|\n|poke|p2|Glimmora, L50, F|\n|poke|p2|Gastrodon-East, L50, F|\n|poke|p2|Gholdengo, L50|\n|poke|p2|Baxcalibur, L50, M|\n|teampreview|4\n|\n|t:|1731090057\n|start\n|switch|p1a: Ursaluna|Ursaluna-Bloodmoon, L50, M|100\/100\n|switch|p1b: Gholdengo|Gholdengo, L50|100\/100\n|switch|p2a: Glimmora|Glimmora, L50, F|100\/100\n|switch|p2b: Hippowdon|Hippowdon, L50, M|100\/100\n|-weather|Sandstorm|[from] ability: Sand Stream|[of] p2b: Hippowdon\n|turn|1\n|\n|t:|1731090078\n|move|p2a: Glimmora|Mortal Spin|p1b: Gholdengo|[spread] p1a\n|-immune|p1b: Gholdengo\n|-resisted|p1a: Ursaluna\n|-damage|p1a: Ursaluna|99\/100\n|-status|p1a: Ursaluna|psn\n|move|p1b: Gholdengo|Make It Rain|p2b: Hippowdon|[spread] p2a,p2b\n|-supereffective|p2a: Glimmora\n|-damage|p2a: Glimmora|10\/100\n|-damage|p2b: Hippowdon|59\/100\n|-unboost|p1b: Gholdengo|spa|1\n|move|p1a: Ursaluna|Hyper Voice|p2a: Glimmora|[spread] p2a,p2b\n|-resisted|p2a: Glimmora\n|-damage|p2a: Glimmora|0 fnt\n|-damage|p2b: Hippowdon|31\/100\n|-enditem|p2b: Hippowdon|Sitrus Berry|[eat]\n|-heal|p2b: Hippowdon|56\/100|[from] item: Sitrus Berry\n|faint|p2a: Glimmora\n|move|p2b: Hippowdon|Sand Tomb|p1a: Ursaluna\n|-damage|p1a: Ursaluna|89\/100 psn\n|-activate|p1a: Ursaluna|move: Sand Tomb|[of] p2b: Hippowdon\n|\n|-weather|Sandstorm|[upkeep]\n|-damage|p1a: Ursaluna|77\/100 psn|[from] psn\n|-damage|p1a: Ursaluna|64\/100 psn|[from] move: Sand Tomb|[partiallytrapped]\n|upkeep\n|j| mr pogostick\n|\n|t:|1731090098\n|switch|p2a: Baxcalibur|Baxcalibur, L50, M|100\/100\n|turn|2\n|\n|t:|1731090112\n|-terastallize|p2a: Baxcalibur|Ground\n|-terastallize|p1a: Ursaluna|Water\n|move|p1b: Gholdengo|Make It Rain|p2b: Hippowdon|[spread] p2a,p2b\n|-damage|p2a: Baxcalibur|79\/100\n|-damage|p2b: Hippowdon|24\/100\n|-unboost|p1b: Gholdengo|spa|1\n|move|p2a: Baxcalibur|Icicle Crash|p1a: Ursaluna|[miss]\n|-miss|p2a: Baxcalibur|p1a: Ursaluna\n|move|p1a: Ursaluna|Hyper Voice|p2a: Baxcalibur|[spread] p2a,p2b\n|-damage|p2a: Baxcalibur|56\/100\n|-damage|p2b: Hippowdon|0 fnt\n|faint|p2b: Hippowdon\n|\n|-weather|Sandstorm|[upkeep]\n|-damage|p1a: Ursaluna|58\/100 psn|[from] Sandstorm\n|-damage|p1a: Ursaluna|45\/100 psn|[from] psn\n|-end|p1a: Ursaluna|Sand Tomb|[partiallytrapped]|[silent]\n|upkeep\n|\n|t:|1731090119\n|switch|p2b: Garganacl|Garganacl, L50, M|100\/100\n|turn|3\n|\n|t:|1731090156\n|switch|p1b: Volcarona|Volcarona, L50, F|100\/100\n|move|p2b: Garganacl|Wide Guard|p2b: Garganacl\n|-singleturn|p2b: Garganacl|Wide Guard\n|move|p2a: Baxcalibur|High Horsepower|p1a: Ursaluna\n|-damage|p1a: Ursaluna|0 fnt\n|faint|p1a: Ursaluna\n|\n|-weather|Sandstorm|[upkeep]\n|-damage|p1b: Volcarona|94\/100|[from] Sandstorm\n|upkeep\n|\n|t:|1731090179\n|switch|p1a: Dragonite|Dragonite, L50, F|100\/100\n|turn|4\n|\n|t:|1731090205\n|move|p1a: Dragonite|Extreme Speed|p2a: Baxcalibur\n|-damage|p2a: Baxcalibur|25\/100\n|move|p1b: Volcarona|Tera Blast|p2a: Baxcalibur\n|-damage|p2a: Baxcalibur|9\/100\n|move|p2a: Baxcalibur|High Horsepower|p1b: Volcarona\n|-damage|p1b: Volcarona|33\/100\n|-enditem|p1b: Volcarona|Sitrus Berry|[eat]\n|-heal|p1b: Volcarona|58\/100|[from] item: Sitrus Berry\n|move|p2b: Garganacl|Salt Cure|p1b: Volcarona\n|-supereffective|p1b: Volcarona\n|-damage|p1b: Volcarona|0 fnt\n|faint|p1b: Volcarona\n|\n|-weather|Sandstorm|[upkeep]\n|-damage|p1a: Dragonite|95\/100|[from] Sandstorm\n|upkeep\n|\n|t:|1731090213\n|switch|p1b: Gholdengo|Gholdengo, L50|100\/100\n|turn|5\n|\n|t:|1731090234\n|move|p1a: Dragonite|Extreme Speed|p2a: Baxcalibur\n|-damage|p2a: Baxcalibur|0 fnt\n|faint|p2a: Baxcalibur\n|move|p1b: Gholdengo|Make It Rain|p2b: Garganacl\n|-supereffective|p2b: Garganacl\n|-damage|p2b: Garganacl|31\/100\n|-unboost|p1b: Gholdengo|spa|1\n|move|p2b: Garganacl|Salt Cure|p1b: Gholdengo\n|-resisted|p1b: Gholdengo\n|-damage|p1b: Gholdengo|92\/100\n|-start|p1b: Gholdengo|Salt Cure\n|\n|-weather|none\n|-heal|p2b: Garganacl|37\/100|[from] item: Leftovers\n|-damage|p1b: Gholdengo|67\/100|[from] Salt Cure\n|upkeep\n|turn|6\n|\n|t:|1731090251\n|move|p2b: Garganacl|Protect|p2b: Garganacl\n|-singleturn|p2b: Garganacl|Protect\n|move|p1b: Gholdengo|Make It Rain|p2b: Garganacl\n|-activate|p2b: Garganacl|move: Protect\n|move|p1a: Dragonite|Scale Shot|p2b: Garganacl\n|-activate|p2b: Garganacl|move: Protect\n|\n|-heal|p2b: Garganacl|43\/100|[from] item: Leftovers\n|-damage|p1b: Gholdengo|42\/100|[from] Salt Cure\n|upkeep\n|turn|7\n|\n|t:|1731090256\n|move|p2b: Garganacl|Wide Guard|p2b: Garganacl\n|-singleturn|p2b: Garganacl|Wide Guard\n|move|p1b: Gholdengo|Make It Rain|p2b: Garganacl\n|-activate|p2b: Garganacl|move: Wide Guard\n|move|p1a: Dragonite|Scale Shot|p2b: Garganacl\n|-damage|p2b: Garganacl|32\/100\n|-damage|p2b: Garganacl|23\/100\n|-damage|p2b: Garganacl|13\/100\n|-damage|p2b: Garganacl|2\/100\n|-damage|p2b: Garganacl|0 fnt\n|faint|p2b: Garganacl\n|-hitcount|p2: Garganacl|5\n|\n|win|Tausendwandler\n|raw|Tausendwandler's rating: 1813 &rarr; <strong>1831<\/strong><br \/>(+18 for winning)\n|raw|extra.blended's rating: 1780 &rarr; <strong>1762<\/strong><br \/>(-18 for losing)\n|l|\u2606extra.blended\n|player|p2|\n|l|\u2606Tausendwandler\n|player|p1|\n","uploadtime":1731090407,"views":37,"formatid":"gen9vgc2024regh","rating":1762,"private":0,"password":null}