{"id":"gen9vgc2024regh-2240757154","format":"[Gen 9] VGC 2024 Reg H","players":["ouzo snakeburger2","ren122333"],"log":"|j|\u2606ouzo snakeburger2\n|j|\u2606ren122333\n|t:|1731189596\n|gametype|doubles\n|player|p1|ouzo snakeburger2|2|1701\n|player|p2|ren122333|hilbert|1794\n|teamsize|p1|6\n|teamsize|p2|6\n|gen|9\n|tier|[Gen 9] VGC 2024 Reg H\n|rated|\n|rule|Species Clause: Limit one of each Pok\u00e9mon\n|rule|Item Clause: Limit 1 of each item\n|clearpoke\n|poke|p1|Annihilape, L50, M|\n|poke|p1|Archaludon, L50, F|\n|poke|p1|Maushold, L50|\n|poke|p1|Pelipper, L50, M|\n|poke|p1|Basculegion, L50, M|\n|poke|p1|Incineroar, L50, M|\n|poke|p2|Whimsicott, L50, M|\n|poke|p2|Mamoswine, L50, F|\n|poke|p2|Lycanroc-Dusk, L50, F|\n|poke|p2|Typhlosion-Hisui, L50, F|\n|poke|p2|Farigiraf, L50, F|\n|poke|p2|Mienshao, L50, F|\n|teampreview|4\n|c|\u2606ouzo snakeburger2|glhf\n|j| blyng\n|inactive|Battle timer is ON: inactive players will automatically lose when time's up. (requested by ren122333)\n|\n|t:|1731189641\n|start\n|switch|p1a: Incineroar|Incineroar, L50, M|100\/100\n|switch|p1b: Basculegion|Basculegion, L50, M|100\/100\n|switch|p2a: Whimsicott|Whimsicott, L50, M|100\/100\n|switch|p2b: Mamoswine|Mamoswine, L50, F|100\/100\n|-ability|p1a: Incineroar|Intimidate|boost\n|-unboost|p2a: Whimsicott|atk|1\n|-fail|p2b: Mamoswine|unboost|Attack|[from] ability: Oblivious|[of] p2b: Mamoswine\n|turn|1\n|inactive|ouzo snakeburger2 has 30 seconds left.\n|\n|t:|1731189670\n|switch|p1a: Annihilape|Annihilape, L50, M|100\/100\n|-terastallize|p2b: Mamoswine|Grass\n|move|p2a: Whimsicott|Tailwind|p2a: Whimsicott\n|-sidestart|p2: ren122333|move: Tailwind\n|move|p2b: Mamoswine|Tera Blast|p1b: Basculegion|[anim] Tera Blast Grass\n|-supereffective|p1b: Basculegion\n|-damage|p1b: Basculegion|0 fnt\n|faint|p1b: Basculegion\n|\n|upkeep\n|\n|t:|1731189680\n|switch|p1b: Pelipper|Pelipper, L50, M|100\/100\n|-weather|RainDance|[from] ability: Drizzle|[of] p1b: Pelipper\n|turn|2\n|\n|t:|1731189692\n|move|p2a: Whimsicott|Moonblast|p1b: Pelipper\n|-crit|p1b: Pelipper\n|-damage|p1b: Pelipper|1\/100\n|move|p2b: Mamoswine|Tera Blast|p1b: Pelipper|[anim] Tera Blast Grass\n|-damage|p1b: Pelipper|0 fnt\n|faint|p1b: Pelipper\n|move|p1a: Annihilape|Drain Punch|p2b: Mamoswine\n|-crit|p2b: Mamoswine\n|-damage|p2b: Mamoswine|45\/100\n|\n|-weather|RainDance|[upkeep]\n|upkeep\n|\n|t:|1731189697\n|switch|p1b: Incineroar|Incineroar, L50, M|100\/100\n|-ability|p1b: Incineroar|Intimidate|boost\n|-unboost|p2a: Whimsicott|atk|1\n|-fail|p2b: Mamoswine|unboost|Attack|[from] ability: Oblivious|[of] p2b: Mamoswine\n|turn|3\n|\n|t:|1731189715\n|move|p1b: Incineroar|Fake Out|p2b: Mamoswine\n|-damage|p2b: Mamoswine|32\/100\n|move|p2a: Whimsicott|Sunny Day|p2a: Whimsicott\n|-weather|SunnyDay\n|cant|p2b: Mamoswine|flinch\n|move|p1a: Annihilape|Drain Punch|p2b: Mamoswine\n|-damage|p2b: Mamoswine|0 fnt\n|faint|p2b: Mamoswine\n|\n|-weather|SunnyDay|[upkeep]\n|upkeep\n|\n|t:|1731189723\n|switch|p2b: Mienshao|Mienshao, L50, F|100\/100\n|turn|4\n|\n|t:|1731189737\n|-terastallize|p1b: Incineroar|Ghost\n|move|p2a: Whimsicott|Moonblast|p1a: Annihilape\n|-supereffective|p1a: Annihilape\n|-damage|p1a: Annihilape|50\/100\n|move|p2b: Mienshao|Close Combat|p1b: Incineroar\n|-immune|p1b: Incineroar\n|move|p1a: Annihilape|Rage Fist|p2b: Mienshao\n|-damage|p2b: Mienshao|15\/100\n|move|p1b: Incineroar|Flare Blitz|p2b: Mienshao\n|-damage|p2b: Mienshao|0 fnt\n|faint|p2b: Mienshao\n|-damage|p1b: Incineroar|97\/100|[from] Recoil\n|\n|-weather|SunnyDay|[upkeep]\n|-heal|p1a: Annihilape|57\/100|[from] item: Leftovers\n|-sideend|p2: ren122333|move: Tailwind\n|upkeep\n|\n|t:|1731189739\n|switch|p2b: Typhlosion|Typhlosion-Hisui, L50, F|100\/100\n|-item|p1a: Annihilape|Leftovers|[from] ability: Frisk|[of] p2b: Typhlosion\n|-item|p1b: Incineroar|Safety Goggles|[from] ability: Frisk|[of] p2b: Typhlosion\n|turn|5\n|\n|t:|1731189762\n|move|p2a: Whimsicott|Moonblast|p1b: Incineroar\n|-damage|p1b: Incineroar|68\/100\n|move|p2b: Typhlosion|Eruption|p1a: Annihilape|[spread] p1a,p1b\n|-damage|p1a: Annihilape|0 fnt\n|-damage|p1b: Incineroar|0 fnt\n|faint|p1a: Annihilape\n|faint|p1b: Incineroar\n|\n|win|ren122333\n|raw|ouzo snakeburger2's rating: 1701 &rarr; <strong>1686<\/strong><br \/>(-15 for losing)\n|raw|ren122333's rating: 1794 &rarr; <strong>1809<\/strong><br \/>(+15 for winning)\n|c|\u2606ouzo snakeburger2|gg wp\n|l| blyng\n|l|\u2606ren122333\n|player|p2|\n|l|\u2606ouzo snakeburger2\n|player|p1|\n","uploadtime":1731189934,"views":32,"formatid":"gen9vgc2024regh","rating":1686,"private":0,"password":null}