{"id":"gen9vgc2024regh-2240076168","format":"[Gen 9] VGC 2024 Reg H","players":["extra.blended","Tausendwandler"],"log":"|j|\u2606extra.blended\n|j|\u2606Tausendwandler\n|t:|1731091682\n|gametype|doubles\n|player|p1|extra.blended|linebacker|1798\n|player|p2|Tausendwandler|1|1844\n|teamsize|p1|6\n|teamsize|p2|6\n|gen|9\n|tier|[Gen 9] VGC 2024 Reg H\n|rated|\n|rule|Species Clause: Limit one of each Pok\u00e9mon\n|rule|Item Clause: Limit 1 of each item\n|clearpoke\n|poke|p1|Garganacl, L50, M|\n|poke|p1|Hippowdon, L50, M|\n|poke|p1|Glimmora, L50, F|\n|poke|p1|Gastrodon-East, L50, F|\n|poke|p1|Gholdengo, L50|\n|poke|p1|Baxcalibur, L50, F|\n|poke|p2|Grimmsnarl, L50, M|\n|poke|p2|Maushold-Four, L50|\n|poke|p2|Gholdengo, L50|\n|poke|p2|Dragonite, L50, M|\n|poke|p2|Ursaluna-Bloodmoon, L50, M|\n|poke|p2|Volcarona, L50, M|\n|teampreview|4\n|\n|t:|1731091710\n|start\n|switch|p1a: Garganacl|Garganacl, L50, M|100\/100\n|switch|p1b: Glimmora|Glimmora, L50, F|100\/100\n|switch|p2a: Gholdengo|Gholdengo, L50|100\/100\n|switch|p2b: Ursaluna|Ursaluna-Bloodmoon, L50, M|100\/100\n|turn|1\n|\n|t:|1731091738\n|move|p1b: Glimmora|Spiky Shield|p1b: Glimmora\n|-singleturn|p1b: Glimmora|move: Protect\n|move|p1a: Garganacl|Protect|p1a: Garganacl\n|-singleturn|p1a: Garganacl|Protect\n|move|p2a: Gholdengo|Make It Rain|p1a: Garganacl|[spread] \n|-activate|p1a: Garganacl|move: Protect\n|-activate|p1b: Glimmora|move: Protect\n|move|p2b: Ursaluna|Hyper Voice|p1a: Garganacl|[spread] \n|-activate|p1a: Garganacl|move: Protect\n|-activate|p1b: Glimmora|move: Protect\n|\n|upkeep\n|turn|2\n|\n|t:|1731091755\n|move|p1a: Garganacl|Wide Guard|p1a: Garganacl\n|-singleturn|p1a: Garganacl|Wide Guard\n|move|p1b: Glimmora|Mortal Spin|p2b: Ursaluna|[spread] p2b\n|-immune|p2a: Gholdengo\n|-resisted|p2b: Ursaluna\n|-damage|p2b: Ursaluna|99\/100\n|-status|p2b: Ursaluna|psn\n|move|p2a: Gholdengo|Nasty Plot|p2a: Gholdengo\n|-boost|p2a: Gholdengo|spa|2\n|move|p2b: Ursaluna|Earth Power|p1a: Garganacl\n|-supereffective|p1a: Garganacl\n|-damage|p1a: Garganacl|24\/100\n|-unboost|p1a: Garganacl|spd|1\n|\n|-heal|p1a: Garganacl|30\/100|[from] item: Leftovers\n|-damage|p2b: Ursaluna|86\/100 psn|[from] psn\n|upkeep\n|turn|3\n|\n|t:|1731091776\n|move|p1a: Garganacl|Wide Guard|p1a: Garganacl\n|-singleturn|p1a: Garganacl|Wide Guard\n|move|p1b: Glimmora|Earth Power|p2a: Gholdengo\n|-supereffective|p2a: Gholdengo\n|-damage|p2a: Gholdengo|38\/100\n|move|p2a: Gholdengo|Shadow Ball|p1b: Glimmora\n|-enditem|p1b: Glimmora|Focus Sash\n|-damage|p1b: Glimmora|1\/100\n|move|p2b: Ursaluna|Earth Power|p1a: Garganacl\n|-supereffective|p1a: Garganacl\n|-damage|p1a: Garganacl|0 fnt\n|faint|p1a: Garganacl\n|\n|-damage|p2b: Ursaluna|74\/100 psn|[from] psn\n|upkeep\n|\n|t:|1731091788\n|switch|p1a: Baxcalibur|Baxcalibur, L50, F|100\/100\n|turn|4\n|\n|t:|1731091805\n|switch|p1b: Hippowdon|Hippowdon, L50, M|100\/100\n|-weather|Sandstorm|[from] ability: Sand Stream|[of] p1b: Hippowdon\n|-terastallize|p1a: Baxcalibur|Ground\n|move|p2b: Ursaluna|Vacuum Wave|p1b: Hippowdon\n|-damage|p1b: Hippowdon|89\/100\n|move|p2a: Gholdengo|Make It Rain|p1a: Baxcalibur|[spread] p1a,p1b\n|-damage|p1a: Baxcalibur|31\/100\n|-damage|p1b: Hippowdon|4\/100\n|-unboost|p2a: Gholdengo|spa|1\n|-enditem|p1b: Hippowdon|Sitrus Berry|[eat]\n|-heal|p1b: Hippowdon|29\/100|[from] item: Sitrus Berry\n|move|p1a: Baxcalibur|High Horsepower|p2a: Gholdengo\n|-supereffective|p2a: Gholdengo\n|-damage|p2a: Gholdengo|0 fnt\n|faint|p2a: Gholdengo\n|\n|-weather|Sandstorm|[upkeep]\n|-damage|p2b: Ursaluna|61\/100 psn|[from] psn\n|upkeep\n|\n|t:|1731091817\n|switch|p2a: Volcarona|Volcarona, L50, M|100\/100\n|turn|5\n|\n|t:|1731091846\n|-terastallize|p2a: Volcarona|Fairy\n|move|p2a: Volcarona|Tera Blast|p1b: Hippowdon|[anim] Tera Blast Fairy\n|-damage|p1b: Hippowdon|0 fnt\n|faint|p1b: Hippowdon\n|move|p1a: Baxcalibur|Icicle Crash|p2b: Ursaluna\n|-supereffective|p2b: Ursaluna\n|-damage|p2b: Ursaluna|0 fnt\n|faint|p2b: Ursaluna\n|\n|-weather|Sandstorm|[upkeep]\n|-damage|p2a: Volcarona|94\/100|[from] Sandstorm\n|upkeep\n|\n|t:|1731091856\n|switch|p2b: Dragonite|Dragonite, L50, M|100\/100\n|switch|p1b: Glimmora|Glimmora, L50, F|1\/100\n|turn|6\n|\n|t:|1731091876\n|move|p1b: Glimmora|Spiky Shield|p1b: Glimmora\n|-singleturn|p1b: Glimmora|move: Protect\n|move|p2b: Dragonite|Extreme Speed|p1a: Baxcalibur\n|-damage|p1a: Baxcalibur|3\/100\n|move|p2a: Volcarona|Tera Blast|p1a: Baxcalibur|[anim] Tera Blast Fairy\n|-damage|p1a: Baxcalibur|0 fnt\n|faint|p1a: Baxcalibur\n|\n|-weather|Sandstorm|[upkeep]\n|-damage|p2a: Volcarona|88\/100|[from] Sandstorm\n|-damage|p2b: Dragonite|95\/100|[from] Sandstorm\n|upkeep\n|turn|7\n|j| Orcat\n|-message|extra.blended forfeited.\n|\n|win|Tausendwandler\n|raw|extra.blended's rating: 1798 &rarr; <strong>1781<\/strong><br \/>(-17 for losing)\n|raw|Tausendwandler's rating: 1844 &rarr; <strong>1861<\/strong><br \/>(+17 for winning)\n|l|\u2606extra.blended\n|player|p1|\n|l|\u2606Tausendwandler\n|player|p2|\n|j| pikaVGC111\n|l| pikaVGC111\n|l| Orcat\n","uploadtime":1731092096,"views":44,"formatid":"gen9vgc2024regh","rating":1781,"private":0,"password":null}