{"id":"gen9vgc2024regh-2240810012","format":"[Gen 9] VGC 2024 Reg H","players":["testmaincourse","kiwigal"],"log":"|j|\u2606testmaincourse\n|j|\u2606kiwigal\n|t:|1731196294\n|gametype|doubles\n|player|p1|testmaincourse|lacey|1740\n|player|p2|kiwigal|emma|1742\n|teamsize|p1|6\n|teamsize|p2|6\n|gen|9\n|tier|[Gen 9] VGC 2024 Reg H\n|rated|\n|rule|Species Clause: Limit one of each Pok\u00e9mon\n|rule|Item Clause: Limit 1 of each item\n|clearpoke\n|poke|p1|Ninetales-Alola, L50, M|\n|poke|p1|Garchomp, L50, F|\n|poke|p1|Annihilape, L50, F|\n|poke|p1|Armarouge, L50, M|\n|poke|p1|Indeedee-F, L50, F|\n|poke|p1|Sneasler, L50, F|\n|poke|p2|Volcarona, L50, F|\n|poke|p2|Garchomp, L50, F|\n|poke|p2|Dragonite, L50, M|\n|poke|p2|Ninetales-Alola, L50, M|\n|poke|p2|Kingambit, L50, F|\n|poke|p2|Corviknight, L50, M|\n|teampreview|4\ntestmaincourse rejected open team sheets.\n|\n|t:|1731196388\n|start\n|switch|p1a: Armarouge|Armarouge, L50, M, shiny|100\/100\n|switch|p1b: Annihilape|Annihilape, L50, F, shiny|100\/100\n|switch|p2a: Corviknight|Corviknight, L50, M|100\/100\n|switch|p2b: Garchomp|Garchomp, L50, F|100\/100\n|turn|1\n|\n|t:|1731196404\n|switch|p2b: Kingambit|Kingambit, L50, F|100\/100\n|-terastallize|p1a: Armarouge|Psychic\n|move|p1b: Annihilape|U-turn|p1a: Armarouge\n|-supereffective|p1a: Armarouge\n|-damage|p1a: Armarouge|56\/100\n|-ability|p1a: Armarouge|Weak Armor|boost\n|-unboost|p1a: Armarouge|def|1\n|-boost|p1a: Armarouge|spe|2\n|-enditem|p1a: Armarouge|Weakness Policy\n|-boost|p1a: Armarouge|atk|2|[from] item: Weakness Policy\n|-boost|p1a: Armarouge|spa|2|[from] item: Weakness Policy\n|\n|t:|1731196407\n|switch|p1b: Indeedee|Indeedee-F, L50, F|100\/100|[from] U-turn\n|-fieldstart|move: Psychic Terrain|[from] ability: Psychic Surge|[of] p1b: Indeedee\n|move|p1a: Armarouge|Expanding Force|p2b: Kingambit|[spread] p2a\n|-immune|p2b: Kingambit\n|-resisted|p2a: Corviknight\n|-damage|p2a: Corviknight|10\/100\n|-enditem|p2a: Corviknight|Sitrus Berry|[eat]\n|-heal|p2a: Corviknight|35\/100|[from] item: Sitrus Berry\n|move|p2a: Corviknight|Tailwind|p2a: Corviknight\n|-sidestart|p2: kiwigal|move: Tailwind\n|\n|upkeep\n|turn|2\n|\n|t:|1731196423\n|move|p1b: Indeedee|Follow Me|p1b: Indeedee\n|-singleturn|p1b: Indeedee|move: Follow Me\n|move|p1a: Armarouge|Heat Wave|p2b: Kingambit|[spread] p2b\n|-miss|p1a: Armarouge|p2a: Corviknight\n|-supereffective|p2b: Kingambit\n|-enditem|p2b: Kingambit|Focus Sash\n|-damage|p2b: Kingambit|1\/100\n|move|p2b: Kingambit|Kowtow Cleave|p1b: Indeedee\n|-supereffective|p1b: Indeedee\n|-damage|p1b: Indeedee|8\/100\n|move|p2a: Corviknight|Brave Bird|p1b: Indeedee\n|-damage|p1b: Indeedee|0 fnt\n|faint|p1b: Indeedee\n|-damage|p2a: Corviknight|33\/100|[from] Recoil\n|\n|upkeep\n|\n|t:|1731196428\n|switch|p1b: Ninetales|Ninetales-Alola, L50, M, shiny|100\/100\n|-weather|Snow|[from] ability: Snow Warning|[of] p1b: Ninetales\n|turn|3\n|j| testingmoon7777\n|\n|t:|1731196452\n|move|p1a: Armarouge|Heat Wave|p2a: Corviknight|[spread] p2a\n|-miss|p1a: Armarouge|p2b: Kingambit\n|-supereffective|p2a: Corviknight\n|-damage|p2a: Corviknight|0 fnt\n|faint|p2a: Corviknight\n|move|p2b: Kingambit|Kowtow Cleave|p1a: Armarouge\n|-supereffective|p1a: Armarouge\n|-damage|p1a: Armarouge|0 fnt\n|faint|p1a: Armarouge\n|move|p1b: Ninetales|Blizzard|p2b: Kingambit\n|-resisted|p2b: Kingambit\n|-damage|p2b: Kingambit|0 fnt\n|faint|p2b: Kingambit\n|\n|-weather|Snow|[upkeep]\n|upkeep\n|\n|t:|1731196456\n|switch|p1a: Annihilape|Annihilape, L50, F, shiny|100\/100\n|switch|p2b: Garchomp|Garchomp, L50, F|100\/100\n|switch|p2a: Volcarona|Volcarona, L50, F|100\/100\n|turn|4\n|\n|t:|1731196467\n|-terastallize|p2b: Garchomp|Fire\n|move|p2a: Volcarona|Heat Wave|p1a: Annihilape|[spread] p1a,p1b\n|-supereffective|p1b: Ninetales\n|-damage|p1a: Annihilape|65\/100\n|-enditem|p1b: Ninetales|Focus Sash\n|-damage|p1b: Ninetales|1\/100\n|move|p2b: Garchomp|Stomping Tantrum|p1a: Annihilape\n|-damage|p1a: Annihilape|16\/100\n|-damage|p2b: Garchomp|91\/100|[from] item: Life Orb\n|move|p1a: Annihilape|Close Combat|p2a: Volcarona\n|-resisted|p2a: Volcarona\n|-damage|p2a: Volcarona|66\/100\n|-unboost|p1a: Annihilape|def|1\n|-unboost|p1a: Annihilape|spd|1\n|-status|p1a: Annihilape|brn|[from] ability: Flame Body|[of] p2a: Volcarona\n|move|p1b: Ninetales|Blizzard|p2b: Garchomp|[spread] p2a,p2b\n|-resisted|p2a: Volcarona\n|-resisted|p2b: Garchomp\n|-damage|p2a: Volcarona|49\/100\n|-damage|p2b: Garchomp|72\/100\n|\n|-weather|Snow|[upkeep]\n|-damage|p1a: Annihilape|10\/100 brn|[from] brn\n|-sideend|p2: kiwigal|move: Tailwind\n|upkeep\n|turn|5\n|\n|t:|1731196485\n|move|p1a: Annihilape|Close Combat|p2b: Garchomp\n|-damage|p2b: Garchomp|50\/100\n|-unboost|p1a: Annihilape|def|1\n|-unboost|p1a: Annihilape|spd|1\n|-damage|p1a: Annihilape|0 fnt|[from] ability: Rough Skin|[of] p2b: Garchomp\n|faint|p1a: Annihilape\n|move|p2a: Volcarona|Heat Wave|p1b: Ninetales\n|-supereffective|p1b: Ninetales\n|-damage|p1b: Ninetales|0 fnt\n|faint|p1b: Ninetales\n|\n|win|kiwigal\n|raw|testmaincourse's rating: 1740 &rarr; <strong>1720<\/strong><br \/>(-20 for losing)\n|raw|kiwigal's rating: 1742 &rarr; <strong>1762<\/strong><br \/>(+20 for winning)\n|l|\u2606kiwigal\n|player|p2|\n|l|\u2606testmaincourse\n|player|p1|\n","uploadtime":1731196504,"views":50,"formatid":"gen9vgc2024regh","rating":1720,"private":0,"password":null}