{"id":"gen9vgc2024regh-2240033429","format":"[Gen 9] VGC 2024 Reg H","players":["Brave12223","datbishgames"],"log":"|j|\u2606Brave12223\n|j|\u2606datbishgames\n|t:|1731087567\n|gametype|doubles\n|player|p1|Brave12223|ingo|1813\n|player|p2|datbishgames|mira|1799\n|teamsize|p1|6\n|teamsize|p2|6\n|gen|9\n|tier|[Gen 9] VGC 2024 Reg H\n|rated|\n|rule|Species Clause: Limit one of each Pok\u00e9mon\n|rule|Item Clause: Limit 1 of each item\n|clearpoke\n|poke|p1|Baxcalibur, L50, F|\n|poke|p1|Ninetales-Alola, L50, M|\n|poke|p1|Rillaboom, L50, F|\n|poke|p1|Incineroar, L50, F|\n|poke|p1|Basculegion, L50, M|\n|poke|p1|Kingambit, L50, M|\n|poke|p2|Whimsicott, L50, F|\n|poke|p2|Basculegion, L50, M|\n|poke|p2|Arcanine-Hisui, L50, M|\n|poke|p2|Hydreigon, L50, F|\n|poke|p2|Farigiraf, L50, M|\n|poke|p2|Pawmot, L50, F|\n|teampreview|4\n|inactive|Battle timer is ON: inactive players will automatically lose when time's up. (requested by datbishgames)\n|inactive|Brave12223 has 60 seconds left.\n|\n|t:|1731087610\n|start\n|switch|p1a: Ninetales|Ninetales-Alola, L50, M|100\/100\n|switch|p1b: Incineroar|Incineroar, L50, F|100\/100\n|switch|p2a: Whimsicott|Whimsicott, L50, F|100\/100\n|switch|p2b: Hydreigon|Hydreigon, L50, F|100\/100\n|-weather|Snow|[from] ability: Snow Warning|[of] p1a: Ninetales\n|-ability|p1b: Incineroar|Intimidate|boost\n|-unboost|p2a: Whimsicott|atk|1\n|-unboost|p2b: Hydreigon|atk|1\n|turn|1\n|j| BreadTest\n|\n|t:|1731087621\n|move|p2b: Hydreigon|Protect|p2b: Hydreigon\n|-singleturn|p2b: Hydreigon|Protect\n|move|p1b: Incineroar|Fake Out|p2b: Hydreigon\n|-activate|p2b: Hydreigon|move: Protect\n|move|p2a: Whimsicott|Tailwind|p2a: Whimsicott\n|-sidestart|p2: datbishgames|move: Tailwind\n|move|p1a: Ninetales|Blizzard|p2a: Whimsicott|[spread] p2a\n|-activate|p2b: Hydreigon|move: Protect\n|-supereffective|p2a: Whimsicott\n|-damage|p2a: Whimsicott|0 fnt\n|faint|p2a: Whimsicott\n|\n|-weather|Snow|[upkeep]\n|upkeep\n|\n|t:|1731087633\n|switch|p2a: Pawmot|Pawmot, L50, F|100\/100\n|turn|2\n|\n|t:|1731087642\n|switch|p1b: Rillaboom|Rillaboom, L50, F|100\/100\n|-fieldstart|move: Grassy Terrain|[from] ability: Grassy Surge|[of] p1b: Rillaboom\n|-terastallize|p2b: Hydreigon|Fire\n|move|p2a: Pawmot|Fake Out|p1b: Rillaboom\n|-damage|p1b: Rillaboom|86\/100\n|move|p2b: Hydreigon|Heat Wave|p1a: Ninetales|[spread] p1a,p1b\n|-supereffective|p1a: Ninetales\n|-supereffective|p1b: Rillaboom\n|-damage|p1a: Ninetales|0 fnt\n|-damage|p1b: Rillaboom|11\/100\n|faint|p1a: Ninetales\n|-damage|p2b: Hydreigon|91\/100|[from] item: Life Orb\n|\n|-weather|Snow|[upkeep]\n|-heal|p1b: Rillaboom|17\/100|[from] Grassy Terrain\n|upkeep\n|\n|t:|1731087653\n|switch|p1a: Incineroar|Incineroar, L50, F|100\/100\n|-ability|p1a: Incineroar|Intimidate|boost\n|-unboost|p2a: Pawmot|atk|1\n|-unboost|p2b: Hydreigon|atk|1\n|turn|3\n|\n|t:|1731087659\n|switch|p2a: Farigiraf|Farigiraf, L50, M|100\/100\n|switch|p1b: Basculegion|Basculegion, L50, M|100\/100\n|move|p1a: Incineroar|Fake Out||[still]\n|cant|p2a: Farigiraf|ability: Armor Tail|Fake Out|[of] p1a: Incineroar\n|move|p2b: Hydreigon|Heat Wave|p1b: Basculegion|[spread] p1a,p1b\n|-resisted|p1a: Incineroar\n|-resisted|p1b: Basculegion\n|-damage|p1a: Incineroar|79\/100\n|-damage|p1b: Basculegion|73\/100\n|-damage|p2b: Hydreigon|81\/100|[from] item: Life Orb\n|\n|-weather|Snow|[upkeep]\n|-heal|p1b: Basculegion|79\/100|[from] Grassy Terrain\n|-heal|p1a: Incineroar|85\/100|[from] Grassy Terrain\n|upkeep\n|turn|4\n|\n|t:|1731087672\n|-terastallize|p1b: Basculegion|Fire\n|move|p2b: Hydreigon|Dark Pulse|p1b: Basculegion\n|-damage|p1b: Basculegion|15\/100\n|-damage|p2b: Hydreigon|72\/100|[from] item: Life Orb\n|move|p1b: Basculegion|Flip Turn|p2b: Hydreigon\n|-supereffective|p2b: Hydreigon\n|-damage|p2b: Hydreigon|0 fnt\n|faint|p2b: Hydreigon\n|\n|t:|1731087680\n|switch|p1b: Rillaboom|Rillaboom, L50, F|17\/100|[from] Flip Turn\n|move|p2a: Farigiraf|Hyper Voice|p1a: Incineroar|[spread] p1a,p1b\n|-damage|p1a: Incineroar|58\/100\n|-damage|p1b: Rillaboom|0 fnt\n|faint|p1b: Rillaboom\n|-enditem|p2a: Farigiraf|Throat Spray\n|-boost|p2a: Farigiraf|spa|1|[from] item: Throat Spray\n|move|p1a: Incineroar|Knock Off|p2a: Farigiraf\n|-supereffective|p2a: Farigiraf\n|-damage|p2a: Farigiraf|48\/100\n|\n|-weather|Snow|[upkeep]\n|-heal|p2a: Farigiraf|54\/100|[from] Grassy Terrain\n|-heal|p1a: Incineroar|64\/100|[from] Grassy Terrain\n|-sideend|p2: datbishgames|move: Tailwind\n|upkeep\n|\n|t:|1731087690\n|switch|p2b: Pawmot|Pawmot, L50, F|100\/100\n|switch|p1b: Basculegion|Basculegion, L50, M, tera:Fire|15\/100\n|turn|5\n|\n|t:|1731087697\n|move|p2b: Pawmot|Fake Out|p1b: Basculegion\n|-damage|p1b: Basculegion|0 fnt\n|faint|p1b: Basculegion\n|move|p1a: Incineroar|Knock Off|p2a: Farigiraf\n|-supereffective|p2a: Farigiraf\n|-damage|p2a: Farigiraf|0 fnt\n|faint|p2a: Farigiraf\n|\n|-weather|none\n|-heal|p1a: Incineroar|70\/100|[from] Grassy Terrain\n|upkeep\n|turn|6\n|\n|t:|1731087705\n|move|p2b: Pawmot|Close Combat|p1a: Incineroar\n|-supereffective|p1a: Incineroar\n|-damage|p1a: Incineroar|0 fnt\n|-unboost|p2b: Pawmot|def|1\n|-unboost|p2b: Pawmot|spd|1\n|faint|p1a: Incineroar\n|\n|win|datbishgames\n|raw|Brave12223's rating: 1813 &rarr; <strong>1792<\/strong><br \/>(-21 for losing)\n|raw|datbishgames's rating: 1799 &rarr; <strong>1820<\/strong><br \/>(+21 for winning)\n|l| BreadTest\n|l|\u2606datbishgames\n|player|p2|\n|l|\u2606Brave12223\n|player|p1|\n|j| BreadTest\n|l| BreadTest\n","uploadtime":1731087889,"views":75,"formatid":"gen9vgc2024regh","rating":1792,"private":0,"password":null}