{"id":"gen9vgc2024regh-2240688294","format":"[Gen 9] VGC 2024 Reg H","players":["SHIDMONBADGAME","N1ghtm2re"],"log":"|j|\u2606SHIDMONBADGAME\n|j|\u2606N1ghtm2re\n|t:|1731180965\n|gametype|doubles\n|player|p1|SHIDMONBADGAME|policeman-gen4|1787\n|player|p2|N1ghtm2re|marlon|1661\n|teamsize|p1|6\n|teamsize|p2|6\n|gen|9\n|tier|[Gen 9] VGC 2024 Reg H\n|rated|\n|rule|Species Clause: Limit one of each Pok\u00e9mon\n|rule|Item Clause: Limit 1 of each item\n|clearpoke\n|poke|p1|Sneasler, L50, M|\n|poke|p1|Indeedee, L50, M|\n|poke|p1|Murkrow, L50, M|\n|poke|p1|Dragapult, L50, F|\n|poke|p1|Delphox, L50, F|\n|poke|p1|Maushold-Four, L50|\n|poke|p2|Banette, L50, F|\n|poke|p2|Azumarill, L50, F|\n|poke|p2|Armarouge, L50, F|\n|poke|p2|Bisharp, L50, F|\n|poke|p2|Altaria, L50, M|\n|poke|p2|Vileplume, L50, F|\n|teampreview|4\n|inactive|Battle timer is ON: inactive players will automatically lose when time's up. (requested by SHIDMONBADGAME)\n|inactive|SHIDMONBADGAME has 60 seconds left.\n|j| SMPLoops\n|\n|t:|1731181021\n|start\n|switch|p1a: Patrick Bateman|Indeedee, L50, M, shiny|100\/100\n|switch|p1b: Paul Allen|Sneasler, L50, M, shiny|100\/100\n|switch|p2a: Banette|Banette, L50, F|100\/100\n|switch|p2b: Bisharp|Bisharp, L50, F|100\/100\n|-fieldstart|move: Psychic Terrain|[from] ability: Psychic Surge|[of] p1a: Patrick Bateman\n|-enditem|p1b: Paul Allen|Psychic Seed\n|-boost|p1b: Paul Allen|spd|1|[from] item: Psychic Seed\n|turn|1\n|inactive|N1ghtm2re has 30 seconds left.\n|\n|t:|1731181049\n|-terastallize|p1b: Paul Allen|Dark\n|-terastallize|p2b: Bisharp|Ghost\n|move|p1b: Paul Allen|Throat Chop|p2a: Banette\n|-supereffective|p2a: Banette\n|-enditem|p2a: Banette|Focus Sash\n|-damage|p2a: Banette|1\/100\n|-start|p2a: Banette|Throat Chop|[silent]\n|move|p1a: Patrick Bateman|Imprison|p1a: Patrick Bateman\n|-start|p1a: Patrick Bateman|move: Imprison\n|move|p2b: Bisharp|Iron Head|p1b: Paul Allen\n|-damage|p1b: Paul Allen|17\/100\n|cant|p2a: Banette|move: Imprison|Trick Room\n|\n|upkeep\n|turn|2\n|inactive|N1ghtm2re has 30 seconds left.\n|\n|t:|1731181076\n|move|p1b: Paul Allen|Throat Chop|p2b: Bisharp\n|-supereffective|p2b: Bisharp\n|-damage|p2b: Bisharp|25\/100\n|-start|p2b: Bisharp|Throat Chop|[silent]\n|move|p1a: Patrick Bateman|Expanding Force|p2a: Banette|[spread] p2a,p2b\n|-damage|p2a: Banette|0 fnt\n|-damage|p2b: Bisharp|0 fnt\n|faint|p2a: Banette\n|faint|p2b: Bisharp\n|\n|upkeep\n|\n|t:|1731181081\n|switch|p2b: Azumarill|Azumarill, L50, F|100\/100\n|switch|p2a: Armarouge|Armarouge, L50, F|100\/100\n|turn|3\n|\n|t:|1731181087\n|move|p2a: Armarouge|Protect|p2a: Armarouge\n|-singleturn|p2a: Armarouge|Protect\n|move|p1b: Paul Allen|Throat Chop|p2a: Armarouge\n|-activate|p2a: Armarouge|move: Protect\n|move|p1a: Patrick Bateman|Expanding Force|p2a: Armarouge|[spread] p2b\n|-activate|p2a: Armarouge|move: Protect\n|-damage|p2b: Azumarill|66\/100\n|move|p2b: Azumarill|Play Rough|p1b: Paul Allen\n|-supereffective|p1b: Paul Allen\n|-damage|p1b: Paul Allen|0 fnt\n|faint|p1b: Paul Allen\n|\n|upkeep\n|j| Blackhole Blitz\n|\n|t:|1731181099\n|switch|p1b: David Van Patten|Delphox, L50, F|100\/100\n|turn|4\n|j| mpudi\n|\n|t:|1731181106\n|move|p2b: Azumarill|Aqua Jet|p2a: Armarouge\n|-supereffective|p2a: Armarouge\n|-damage|p2a: Armarouge|55\/100\n|-ability|p2a: Armarouge|Weak Armor|boost\n|-unboost|p2a: Armarouge|def|1\n|-boost|p2a: Armarouge|spe|2\n|-enditem|p2a: Armarouge|Weakness Policy\n|-boost|p2a: Armarouge|atk|2|[from] item: Weakness Policy\n|-boost|p2a: Armarouge|spa|2|[from] item: Weakness Policy\n|move|p2a: Armarouge|Stored Power|p1b: David Van Patten\n|-resisted|p1b: David Van Patten\n|-damage|p1b: David Van Patten|0 fnt\n|faint|p1b: David Van Patten\n|move|p1a: Patrick Bateman|Expanding Force|p2b: Azumarill|[spread] p2a,p2b\n|-resisted|p2a: Armarouge\n|-damage|p2a: Armarouge|28\/100\n|-damage|p2b: Azumarill|31\/100\n|\n|upkeep\n|\n|t:|1731181110\n|switch|p1b: Timothy Bryce|Maushold-Four, L50|100\/100\n|turn|5\n|l| SMPLoops\n|j| SMPLoops\n|\n|t:|1731181132\n|move|p1b: Timothy Bryce|Protect|p1b: Timothy Bryce\n|-singleturn|p1b: Timothy Bryce|Protect\n|move|p2a: Armarouge|Stored Power|p1a: Patrick Bateman\n|-resisted|p1a: Patrick Bateman\n|-enditem|p1a: Patrick Bateman|Focus Sash\n|-damage|p1a: Patrick Bateman|1\/100\n|move|p1a: Patrick Bateman|Expanding Force|p2a: Armarouge|[spread] p2a,p2b\n|-resisted|p2a: Armarouge\n|-damage|p2a: Armarouge|1\/100\n|-damage|p2b: Azumarill|0 fnt\n|faint|p2b: Azumarill\n|\n|-fieldend|move: Psychic Terrain\n|upkeep\n|turn|6\n|\n|t:|1731181145\n|move|p1b: Timothy Bryce|Follow Me|p1b: Timothy Bryce\n|-singleturn|p1b: Timothy Bryce|move: Follow Me\n|move|p2a: Armarouge|Heat Wave|p1a: Patrick Bateman|[spread] p1a,p1b\n|-damage|p1a: Patrick Bateman|0 fnt\n|-damage|p1b: Timothy Bryce|0 fnt\n|faint|p1a: Patrick Bateman\n|faint|p1b: Timothy Bryce\n|\n|win|N1ghtm2re\n|raw|SHIDMONBADGAME's rating: 1787 &rarr; <strong>1760<\/strong><br \/>(-27 for losing)\n|raw|N1ghtm2re's rating: 1661 &rarr; <strong>1688<\/strong><br \/>(+27 for winning)\n|l|\u2606N1ghtm2re\n|player|p2|\n|l|\u2606SHIDMONBADGAME\n|player|p1|\n|l| mpudi\n","uploadtime":1731181176,"views":68,"formatid":"gen9vgc2024regh","rating":1688,"private":0,"password":null}