{"id":"gen9vgc2024regh-2240138083","format":"[Gen 9] VGC 2024 Reg H","players":["Mildly Displeased","Blackleafogog"],"log":"|j|\u2606Mildly Displeased\n|j|\u2606Blackleafogog\n|t:|1731098011\n|gametype|doubles\n|player|p1|Mildly Displeased|dawn|1705\n|player|p2|Blackleafogog|crasherwake|1669\n|teamsize|p1|6\n|teamsize|p2|6\n|gen|9\n|tier|[Gen 9] VGC 2024 Reg H\n|rated|\n|rule|Species Clause: Limit one of each Pok\u00e9mon\n|rule|Item Clause: Limit 1 of each item\n|clearpoke\n|poke|p1|Primarina, L50, F|\n|poke|p1|Pelipper, L50, F|\n|poke|p1|Scizor, L50, F|\n|poke|p1|Archaludon, L50, F|\n|poke|p1|Basculegion, L50, M|\n|poke|p1|Maushold, L50|\n|poke|p2|Archaludon, L50, M|\n|poke|p2|Baxcalibur, L50, F|\n|poke|p2|Pelipper, L50, F|\n|poke|p2|Amoonguss, L50, M|\n|poke|p2|Grimmsnarl, L50, M|\n|poke|p2|Gholdengo, L50|\n|teampreview|4\n|\n|t:|1731098046\n|start\n|switch|p1a: Fornication|Maushold, L50|100\/100\n|switch|p1b: Bigmeatyclawz|Scizor, L50, F|100\/100\n|switch|p2a: Archaludon|Archaludon, L50, M, shiny|100\/100\n|switch|p2b: Amoonguss|Amoonguss, L50, M, shiny|100\/100\n|turn|1\n|inactive|Battle timer is ON: inactive players will automatically lose when time's up. (requested by Blackleafogog)\n|\n|t:|1731098071\n|switch|p2a: Gholdengo|Gholdengo, L50|100\/100\n|-terastallize|p1a: Fornication|Normal\n|move|p1a: Fornication|Population Bomb|p2b: Amoonguss\n|-damage|p2b: Amoonguss|90\/100\n|-damage|p2b: Amoonguss|78\/100\n|-damage|p2b: Amoonguss|67\/100\n|-damage|p2b: Amoonguss|56\/100\n|-damage|p2b: Amoonguss|44\/100\n|-enditem|p2b: Amoonguss|Sitrus Berry|[eat]\n|-heal|p2b: Amoonguss|69\/100|[from] item: Sitrus Berry\n|-damage|p2b: Amoonguss|58\/100\n|-damage|p2b: Amoonguss|46\/100\n|-damage|p2b: Amoonguss|35\/100\n|-damage|p2b: Amoonguss|22\/100\n|-damage|p2b: Amoonguss|11\/100\n|-hitcount|p2b: Amoonguss|10\n|move|p1b: Bigmeatyclawz|Close Combat|p2a: Gholdengo\n|-immune|p2a: Gholdengo\n|move|p2b: Amoonguss|Spore|p1b: Bigmeatyclawz\n|-status|p1b: Bigmeatyclawz|slp|[from] move: Spore\n|\n|upkeep\n|turn|2\n|\n|t:|1731098096\n|move|p2b: Amoonguss|Protect|p2b: Amoonguss\n|-singleturn|p2b: Amoonguss|Protect\n|cant|p1b: Bigmeatyclawz|slp\n|move|p1a: Fornication|Population Bomb|p2b: Amoonguss\n|-activate|p2b: Amoonguss|move: Protect\n|move|p2a: Gholdengo|Nasty Plot|p2a: Gholdengo\n|-boost|p2a: Gholdengo|spa|2\n|\n|upkeep\n|turn|3\n|\n|t:|1731098115\n|switch|p2b: Archaludon|Archaludon, L50, M, shiny|100\/100\n|cant|p1b: Bigmeatyclawz|slp\n|move|p1a: Fornication|Shadow Claw|p2a: Gholdengo\n|-supereffective|p2a: Gholdengo\n|-damage|p2a: Gholdengo|63\/100\n|move|p2a: Gholdengo|Make It Rain|p1a: Fornication|[spread] p1a,p1b\n|-resisted|p1b: Bigmeatyclawz\n|-damage|p1a: Fornication|0 fnt\n|-damage|p1b: Bigmeatyclawz|39\/100 slp\n|-unboost|p2a: Gholdengo|spa|1\n|faint|p1a: Fornication\n|\n|-heal|p2a: Gholdengo|69\/100|[from] item: Leftovers\n|upkeep\n|\n|t:|1731098118\n|switch|p1a: Beakbum|Pelipper, L50, F|100\/100\n|-weather|RainDance|[from] ability: Drizzle|[of] p1a: Beakbum\n|turn|4\n|\n|t:|1731098129\n|move|p2a: Gholdengo|Protect|p2a: Gholdengo\n|-singleturn|p2a: Gholdengo|Protect\n|move|p1a: Beakbum|Wide Guard|p1a: Beakbum\n|-singleturn|p1a: Beakbum|Wide Guard\n|move|p2b: Archaludon|Electro Shot||[still]\n|-prepare|p2b: Archaludon|Electro Shot\n|-boost|p2b: Archaludon|spa|1\n|-anim|p2b: Archaludon|Electro Shot|p1b: Bigmeatyclawz\n|-damage|p1b: Bigmeatyclawz|0 fnt\n|faint|p1b: Bigmeatyclawz\n|\n|-weather|RainDance|[upkeep]\n|-heal|p2a: Gholdengo|75\/100|[from] item: Leftovers\n|upkeep\n|\n|t:|1731098137\n|switch|p1b: Angyfish|Basculegion, L50, M|100\/100\n|turn|5\n|\n|t:|1731098161\n|move|p1a: Beakbum|Wide Guard|p1a: Beakbum\n|-singleturn|p1a: Beakbum|Wide Guard\n|move|p1b: Angyfish|Last Respects|p2b: Archaludon\n|-damage|p2b: Archaludon|20\/100\n|-ability|p2b: Archaludon|Stamina|boost\n|-boost|p2b: Archaludon|def|1\n|-damage|p1b: Angyfish|91\/100|[from] item: Life Orb\n|move|p2a: Gholdengo|Shadow Ball|p1b: Angyfish\n|-supereffective|p1b: Angyfish\n|-damage|p1b: Angyfish|0 fnt\n|faint|p1b: Angyfish\n|move|p2b: Archaludon|Electro Shot||[still]\n|-prepare|p2b: Archaludon|Electro Shot\n|-boost|p2b: Archaludon|spa|1\n|-anim|p2b: Archaludon|Electro Shot|p1a: Beakbum\n|-supereffective|p1a: Beakbum\n|-damage|p1a: Beakbum|0 fnt\n|faint|p1a: Beakbum\n|\n|win|Blackleafogog\n|raw|Mildly Displeased's rating: 1705 &rarr; <strong>1683<\/strong><br \/>(-22 for losing)\n|raw|Blackleafogog's rating: 1669 &rarr; <strong>1691<\/strong><br \/>(+22 for winning)\n|l|\u2606Mildly Displeased\n|player|p1|\n|l|\u2606Blackleafogog\n|player|p2|\n","uploadtime":1731098340,"views":29,"formatid":"gen9vgc2024regh","rating":1683,"private":0,"password":null}