{"id":"gen9vgc2024regh-2240640944","format":"[Gen 9] VGC 2024 Reg H","players":["greenlightdmp","bwahacough"],"log":"|j|\u2606greenlightdmp\n|j|\u2606bwahacough\n|t:|1731175228\n|gametype|doubles\n|player|p1|greenlightdmp|169|1687\n|player|p2|bwahacough|medium|1782\n|teamsize|p1|6\n|teamsize|p2|6\n|gen|9\n|tier|[Gen 9] VGC 2024 Reg H\n|rated|\n|rule|Species Clause: Limit one of each Pok\u00e9mon\n|rule|Item Clause: Limit 1 of each item\n|clearpoke\n|poke|p1|Sneasler, L50, F|\n|poke|p1|Indeedee-F, L50, F|\n|poke|p1|Murkrow, L50, M|\n|poke|p1|Archaludon, L50, F|\n|poke|p1|Basculegion, L50, M|\n|poke|p1|Volcarona, L50, M|\n|poke|p2|Lycanroc, L50, F|\n|poke|p2|Tyranitar, L50, F|\n|poke|p2|Indeedee-F, L50, F|\n|poke|p2|Sneasler, L50, F|\n|poke|p2|Espeon, L50, M|\n|poke|p2|Murkrow, L50, F|\n|teampreview|4\n|\n|t:|1731175266\n|start\n|switch|p1a: VEGETA|Basculegion, L50, M|100\/100\n|switch|p1b: Raf Camora|Murkrow, L50, M|100\/100\n|switch|p2a: Lycanroc|Lycanroc, L50, F|100\/100\n|switch|p2b: Tyranitar|Tyranitar, L50, F|100\/100\n|-weather|Sandstorm|[from] ability: Sand Stream|[of] p2b: Tyranitar\n|turn|1\n|\n|t:|1731175294\n|-terastallize|p2b: Tyranitar|Flying\n|move|p2a: Lycanroc|Rock Slide|p1b: Raf Camora|[spread] p1a,p1b\n|-supereffective|p1b: Raf Camora\n|-damage|p1a: VEGETA|60\/100\n|-damage|p1b: Raf Camora|38\/100\n|move|p1a: VEGETA|Flip Turn|p2a: Lycanroc\n|-supereffective|p2a: Lycanroc\n|-enditem|p2a: Lycanroc|Focus Sash\n|-damage|p2a: Lycanroc|1\/100\n|\n|t:|1731175304\n|switch|p1a: MACHBACK|Archaludon, L50, F|100\/100|[from] Flip Turn\n|move|p1b: Raf Camora|Foul Play|p2a: Lycanroc\n|-damage|p2a: Lycanroc|0 fnt\n|faint|p2a: Lycanroc\n|move|p2b: Tyranitar|Rock Slide|p1b: Raf Camora|[spread] p1b\n|-miss|p2b: Tyranitar|p1a: MACHBACK\n|-supereffective|p1b: Raf Camora\n|-damage|p1b: Raf Camora|0 fnt\n|faint|p1b: Raf Camora\n|\n|-weather|Sandstorm|[upkeep]\n|-damage|p2b: Tyranitar|95\/100|[from] Sandstorm\n|upkeep\n|\n|t:|1731175324\n|switch|p2a: Indeedee|Indeedee-F, L50, F, shiny|100\/100\n|switch|p1b: VEGETA|Basculegion, L50, M|60\/100\n|-fieldstart|move: Psychic Terrain|[from] ability: Psychic Surge|[of] p2a: Indeedee\n|turn|2\n|\n|t:|1731175344\n|move|p1b: VEGETA|Wave Crash|p2a: Indeedee\n|-damage|p2a: Indeedee|24\/100\n|-enditem|p2a: Indeedee|Sitrus Berry|[eat]\n|-heal|p2a: Indeedee|49\/100|[from] item: Sitrus Berry\n|-damage|p1b: VEGETA|37\/100|[from] Recoil\n|move|p1a: MACHBACK|Flash Cannon|p2a: Indeedee\n|-damage|p2a: Indeedee|11\/100\n|move|p2a: Indeedee|Psychic|p1b: VEGETA\n|-damage|p1b: VEGETA|0 fnt\n|faint|p1b: VEGETA\n|move|p2b: Tyranitar|Knock Off|p1a: MACHBACK\n|-damage|p1a: MACHBACK|67\/100\n|-ability|p1a: MACHBACK|Stamina|boost\n|-boost|p1a: MACHBACK|def|1\n|-enditem|p1a: MACHBACK|Assault Vest|[from] move: Knock Off|[of] p2b: Tyranitar\n|\n|-weather|Sandstorm|[upkeep]\n|-damage|p2a: Indeedee|5\/100|[from] Sandstorm\n|-damage|p2b: Tyranitar|89\/100|[from] Sandstorm\n|upkeep\n|\n|t:|1731175352\n|switch|p1b: Slim Shady|Sneasler, L50, F|100\/100\n|-enditem|p1b: Slim Shady|Psychic Seed\n|-boost|p1b: Slim Shady|spd|1|[from] item: Psychic Seed\n|turn|3\n|\n|t:|1731175391\n|move|p1b: Slim Shady|Protect|p1b: Slim Shady\n|-singleturn|p1b: Slim Shady|Protect\n|move|p2a: Indeedee|Follow Me|p2a: Indeedee\n|-singleturn|p2a: Indeedee|move: Follow Me\n|move|p1a: MACHBACK|Flash Cannon|p2a: Indeedee\n|-damage|p2a: Indeedee|0 fnt\n|faint|p2a: Indeedee\n|move|p2b: Tyranitar|Tera Blast|p1b: Slim Shady|[anim] Tera Blast Flying\n|-activate|p1b: Slim Shady|move: Protect\n|\n|-weather|Sandstorm|[upkeep]\n|-damage|p1b: Slim Shady|95\/100|[from] Sandstorm\n|-damage|p2b: Tyranitar|83\/100|[from] Sandstorm\n|upkeep\n|\n|t:|1731175393\n|switch|p2a: Espeon|Espeon, L50, M, shiny|100\/100\n|turn|4\n|\n|t:|1731175421\n|-terastallize|p1b: Slim Shady|Dark\n|move|p1b: Slim Shady|Throat Chop|p2a: Espeon\n|-supereffective|p2a: Espeon\n|-damage|p2a: Espeon|0 fnt\n|faint|p2a: Espeon\n|move|p1a: MACHBACK|Flash Cannon|p2b: Tyranitar\n|-damage|p2b: Tyranitar|49\/100\n|move|p2b: Tyranitar|Knock Off|p1a: MACHBACK\n|-damage|p1a: MACHBACK|50\/100\n|-ability|p1a: MACHBACK|Stamina|boost\n|-boost|p1a: MACHBACK|def|1\n|\n|-weather|Sandstorm|[upkeep]\n|-damage|p1b: Slim Shady|89\/100|[from] Sandstorm\n|-damage|p2b: Tyranitar|43\/100|[from] Sandstorm\n|upkeep\n|turn|5\n|-message|bwahacough forfeited.\n|\n|win|greenlightdmp\n|raw|greenlightdmp's rating: 1687 &rarr; <strong>1713<\/strong><br \/>(+26 for winning)\n|raw|bwahacough's rating: 1798 &rarr; <strong>1772<\/strong><br \/>(-26 for losing)\n|l|\u2606bwahacough\n|player|p2|\n","uploadtime":1731175586,"views":38,"formatid":"gen9vgc2024regh","rating":1713,"private":0,"password":null}