{"id":"gen9vgc2024regh-2240827782","format":"[Gen 9] VGC 2024 Reg H","players":["daniiivgc","kiwigal"],"log":"|j|\u203ddaniiivgc\n|j|\u2606kiwigal\n|t:|1731198640\n|gametype|doubles\n|player|p1|daniiivgc|lucas|1706\n|player|p2|kiwigal|emma|1754\n|teamsize|p1|6\n|teamsize|p2|6\n|gen|9\n|tier|[Gen 9] VGC 2024 Reg H\n|rated|\n|rule|Species Clause: Limit one of each Pok\u00e9mon\n|rule|Item Clause: Limit 1 of each item\n|clearpoke\n|poke|p1|Quaquaval, L50, M|\n|poke|p1|Amoonguss, L50, M|\n|poke|p1|Kingambit, L50, M|\n|poke|p1|Maushold, L50|\n|poke|p1|Archaludon, L50, F|\n|poke|p1|Pelipper, L50, M|\n|poke|p2|Volcarona, L50, F|\n|poke|p2|Garchomp, L50, M|\n|poke|p2|Dragonite, L50, M|\n|poke|p2|Ninetales-Alola, L50, F|\n|poke|p2|Kingambit, L50, F|\n|poke|p2|Corviknight, L50, M|\n|teampreview|4\n|inactive|Battle timer is ON: inactive players will automatically lose when time's up. (requested by daniiivgc)\n|\n|t:|1731198674\n|start\n|switch|p1a: Pelipper|Pelipper, L50, M|100\/100\n|switch|p1b: Archaludon|Archaludon, L50, F|100\/100\n|switch|p2a: Garchomp|Garchomp, L50, M|100\/100\n|switch|p2b: Dragonite|Dragonite, L50, M|100\/100\n|-weather|RainDance|[from] ability: Drizzle|[of] p1a: Pelipper\n|turn|1\n|\n|t:|1731198696\n|move|p1b: Archaludon|Protect|p1b: Archaludon\n|-singleturn|p1b: Archaludon|Protect\n|move|p1a: Pelipper|Icy Wind|p2a: Garchomp|[spread] p2a,p2b\n|-supereffective|p2a: Garchomp\n|-supereffective|p2b: Dragonite\n|-damage|p2a: Garchomp|46\/100\n|-damage|p2b: Dragonite|75\/100\n|-unboost|p2a: Garchomp|spe|1\n|-unboost|p2b: Dragonite|spe|1\n|move|p2a: Garchomp|Dragon Claw|p1a: Pelipper\n|-damage|p1a: Pelipper|23\/100\n|-damage|p2a: Garchomp|36\/100|[from] item: Life Orb\n|move|p2b: Dragonite|Scale Shot|p1a: Pelipper|[miss]\n|-miss|p2b: Dragonite|p1a: Pelipper\n|\n|-weather|RainDance|[upkeep]\n|upkeep\n|turn|2\n|\n|t:|1731198718\n|move|p2b: Dragonite|Extreme Speed|p1a: Pelipper\n|-damage|p1a: Pelipper|0 fnt\n|faint|p1a: Pelipper\n|move|p1b: Archaludon|Electro Shot||[still]\n|-prepare|p1b: Archaludon|Electro Shot\n|-boost|p1b: Archaludon|spa|1\n|-anim|p1b: Archaludon|Electro Shot|p2b: Dragonite\n|-damage|p2b: Dragonite|0 fnt\n|faint|p2b: Dragonite\n|move|p2a: Garchomp|Earthquake|p1b: Archaludon\n|-supereffective|p1b: Archaludon\n|-ability|p1b: Archaludon|Sturdy\n|-damage|p1b: Archaludon|1\/100\n|-damage|p2a: Garchomp|26\/100|[from] item: Life Orb\n|\n|-weather|RainDance|[upkeep]\n|upkeep\n|\n|t:|1731198736\n|switch|p2b: Volcarona|Volcarona, L50, F|100\/100\n|switch|p1a: Maushold|Maushold, L50|100\/100\n|turn|3\n|\n|t:|1731198747\n|move|p1b: Archaludon|Protect|p1b: Archaludon\n|-singleturn|p1b: Archaludon|Protect\n|move|p2b: Volcarona|Heat Wave|p1a: Maushold|[spread] \n|-activate|p1b: Archaludon|move: Protect\n|-miss|p2b: Volcarona|p1a: Maushold\n|move|p1a: Maushold|Taunt|p2b: Volcarona\n|-start|p2b: Volcarona|move: Taunt\n|move|p2a: Garchomp|Dragon Claw|p1a: Maushold\n|-damage|p1a: Maushold|21\/100\n|-damage|p2a: Garchomp|16\/100|[from] item: Life Orb\n|\n|-weather|RainDance|[upkeep]\n|upkeep\n|turn|4\n|\n|t:|1731198765\n|switch|p1b: Quaquaval|Quaquaval, L50, M|100\/100\n|switch|p2a: Ninetales|Ninetales-Alola, L50, F|100\/100\n|-weather|Snow|[from] ability: Snow Warning|[of] p2a: Ninetales\n|move|p1a: Maushold|Protect|p1a: Maushold\n|-singleturn|p1a: Maushold|Protect\n|move|p2b: Volcarona|Heat Wave|p1b: Quaquaval|[spread] p1b\n|-activate|p1a: Maushold|move: Protect\n|-resisted|p1b: Quaquaval\n|-damage|p1b: Quaquaval|71\/100\n|-status|p1b: Quaquaval|brn\n|\n|-weather|Snow|[upkeep]\n|-damage|p1b: Quaquaval|64\/100 brn|[from] brn\n|upkeep\n|turn|5\n|\n|t:|1731198787\n|switch|p1a: Archaludon|Archaludon, L50, F|1\/100\n|-terastallize|p1b: Quaquaval|Water\n|move|p2b: Volcarona|Heat Wave|p1a: Archaludon|[spread] p1a,p1b\n|-crit|p1a: Archaludon\n|-resisted|p1b: Quaquaval\n|-damage|p1a: Archaludon|0 fnt\n|-damage|p1b: Quaquaval|36\/100 brn\n|faint|p1a: Archaludon\n|move|p2a: Ninetales|Freeze-Dry|p1b: Quaquaval\n|-supereffective|p1b: Quaquaval\n|-damage|p1b: Quaquaval|0 fnt\n|faint|p1b: Quaquaval\n|\n|-weather|Snow|[upkeep]\n|upkeep\n|\n|t:|1731198796\n|switch|p1b: Maushold|Maushold, L50|21\/100\n|turn|6\n|\n|t:|1731198801\n|move|p2b: Volcarona|Heat Wave|p1b: Maushold|[miss]\n|-miss|p2b: Volcarona|p1b: Maushold\n|move|p1b: Maushold|Population Bomb|p2a: Ninetales\n|-damage|p2a: Ninetales|90\/100\n|-damage|p2a: Ninetales|80\/100\n|-damage|p2a: Ninetales|69\/100\n|-damage|p2a: Ninetales|58\/100\n|-damage|p2a: Ninetales|48\/100\n|-damage|p2a: Ninetales|38\/100\n|-damage|p2a: Ninetales|28\/100\n|-damage|p2a: Ninetales|17\/100\n|-damage|p2a: Ninetales|7\/100\n|-damage|p2a: Ninetales|0 fnt\n|faint|p2a: Ninetales\n|-hitcount|p2: Ninetales|10\n|\n|-weather|Snow|[upkeep]\n|-end|p2b: Volcarona|move: Taunt\n|upkeep\n|\n|t:|1731198803\n|switch|p2a: Garchomp|Garchomp, L50, M|16\/100\n|turn|7\n|\n|t:|1731198821\n|move|p2b: Volcarona|Heat Wave|p1b: Maushold\n|-damage|p1b: Maushold|0 fnt\n|faint|p1b: Maushold\n|\n|win|kiwigal\n|raw|daniiivgc's rating: 1706 &rarr; <strong>1689<\/strong><br \/>(-17 for losing)\n|raw|kiwigal's rating: 1754 &rarr; <strong>1771<\/strong><br \/>(+17 for winning)\n|l|\u203ddaniiivgc\n|player|p1|\n|l|\u2606kiwigal\n|player|p2|\n","uploadtime":1731198968,"views":41,"formatid":"gen9vgc2024regh","rating":1689,"private":0,"password":null}