{"id":"gen9vgc2024regh-2240463777","format":"[Gen 9] VGC 2024 Reg H","players":["htotoT","HoshimiHoshina"],"log":"|j|\u2606htotoT\n|j|\u2606HoshimiHoshina\n|t:|1731148409\n|gametype|doubles\n|player|p1|htotoT|170|1725\n|player|p2|HoshimiHoshina|rosa|1706\n|teamsize|p1|6\n|teamsize|p2|6\n|gen|9\n|tier|[Gen 9] VGC 2024 Reg H\n|rated|\n|rule|Species Clause: Limit one of each Pok\u00e9mon\n|rule|Item Clause: Limit 1 of each item\n|clearpoke\n|poke|p1|Gholdengo, L50|\n|poke|p1|Murkrow, L50, F|\n|poke|p1|Pelipper, L50, M|\n|poke|p1|Archaludon, L50, M|\n|poke|p1|Amoonguss, L50, F|\n|poke|p1|Basculegion-F, L50, F|\n|poke|p2|Slaking, L50, M|\n|poke|p2|Weezing-Galar, L50, F|\n|poke|p2|Gholdengo, L50|\n|poke|p2|Garchomp, L50, M|\n|poke|p2|Palafin, L50, M|\n|poke|p2|Rotom-Heat, L50|\n|teampreview|4\n|inactive|Battle timer is ON: inactive players will automatically lose when time's up. (requested by htotoT)\n|inactive|HoshimiHoshina also wants the timer to be on.\n|\n|t:|1731148438\n|start\n|switch|p1a: Amoonguss|Amoonguss, L50, F|100\/100\n|switch|p1b: Gholdengo|Gholdengo, L50|100\/100\n|switch|p2a: \u4e0d\u8bb8\u8bf7\u5047|Weezing-Galar, L50, F|100\/100\n|switch|p2b: Palafin|Palafin, L50, M|100\/100\n|-ability|p2a: \u4e0d\u8bb8\u8bf7\u5047|Neutralizing Gas\n|turn|1\n|j| poopie fayce\n|inactive|htotoT has 30 seconds left.\n|\n|t:|1731148473\n|-terastallize|p2b: Palafin|Water\n|-terastallize|p1b: Gholdengo|Steel\n|move|p2b: Palafin|Wave Crash|p1b: Gholdengo\n|-damage|p1b: Gholdengo|0 fnt\n|faint|p1b: Gholdengo\n|-damage|p2b: Palafin|70\/100|[from] Recoil\n|move|p2a: \u4e0d\u8bb8\u8bf7\u5047|Dazzling Gleam|p1a: Amoonguss\n|-resisted|p1a: Amoonguss\n|-damage|p1a: Amoonguss|88\/100\n|move|p1a: Amoonguss|Spore|p2b: Palafin\n|-status|p2b: Palafin|slp|[from] move: Spore\n|\n|upkeep\n|\n|t:|1731148485\n|switch|p1b: Archaludon|Archaludon, L50, M|100\/100\n|turn|2\n|\n|t:|1731148503\n|-end|p2a: \u4e0d\u8bb8\u8bf7\u5047|ability: Neutralizing Gas\n|switch|p2a: \u591a\u52a0\u73ed\u624d\u80fd\u6dd8\u91d1\u6f6e|Gholdengo, L50|100\/100\n|cant|p2b: Palafin|slp\n|move|p1b: Archaludon|Electro Shot||[still]\n|-prepare|p1b: Archaludon|Electro Shot\n|-boost|p1b: Archaludon|spa|1\n|move|p1a: Amoonguss|Spore|p2a: \u591a\u52a0\u73ed\u624d\u80fd\u6dd8\u91d1\u6f6e\n|-immune|p2a: \u591a\u52a0\u73ed\u624d\u80fd\u6dd8\u91d1\u6f6e|[from] ability: Good as Gold\n|\n|upkeep\n|turn|3\n|\n|t:|1731148527\n|move|p2a: \u591a\u52a0\u73ed\u624d\u80fd\u6dd8\u91d1\u6f6e|Shadow Ball|p1b: Archaludon\n|-damage|p1b: Archaludon|53\/100\n|-ability|p1b: Archaludon|Stamina|boost\n|-boost|p1b: Archaludon|def|1\n|cant|p2b: Palafin|slp\n|move|p1b: Archaludon|Electro Shot|p2b: Palafin|[from]lockedmove\n|-supereffective|p2b: Palafin\n|-damage|p2b: Palafin|0 fnt\n|faint|p2b: Palafin\n|move|p1a: Amoonguss|Spore|p2a: \u591a\u52a0\u73ed\u624d\u80fd\u6dd8\u91d1\u6f6e\n|-immune|p2a: \u591a\u52a0\u73ed\u624d\u80fd\u6dd8\u91d1\u6f6e|[from] ability: Good as Gold\n|\n|upkeep\n|j| lrex9\n|\n|t:|1731148541\n|switch|p2b: \u8001\u677f\u6211\u60f3\u8bf7\u5047|Slaking, L50, M|100\/100\n|turn|4\n|\n|t:|1731148563\n|move|p2a: \u591a\u52a0\u73ed\u624d\u80fd\u6dd8\u91d1\u6f6e|Shadow Ball|p1b: Archaludon\n|-damage|p1b: Archaludon|5\/100\n|-ability|p1b: Archaludon|Stamina|boost\n|-boost|p1b: Archaludon|def|1\n|move|p1b: Archaludon|Aura Sphere|p2b: \u8001\u677f\u6211\u60f3\u8bf7\u5047\n|-supereffective|p2b: \u8001\u677f\u6211\u60f3\u8bf7\u5047\n|-damage|p2b: \u8001\u677f\u6211\u60f3\u8bf7\u5047|23\/100\n|move|p2b: \u8001\u677f\u6211\u60f3\u8bf7\u5047|Drain Punch|p1b: Archaludon\n|-supereffective|p1b: Archaludon\n|-damage|p1b: Archaludon|0 fnt\n|-heal|p2b: \u8001\u677f\u6211\u60f3\u8bf7\u5047|24\/100|[from] drain|[of] p1b: Archaludon\n|faint|p1b: Archaludon\n|move|p1a: Amoonguss|Spore|p2b: \u8001\u677f\u6211\u60f3\u8bf7\u5047\n|-status|p2b: \u8001\u677f\u6211\u60f3\u8bf7\u5047|slp|[from] move: Spore\n|\n|upkeep\n|\n|t:|1731148573\n|switch|p1b: Pelipper|Pelipper, L50, M|100\/100\n|-weather|RainDance|[from] ability: Drizzle|[of] p1b: Pelipper\n|turn|5\n|\n|t:|1731148588\n|switch|p2a: \u4e0d\u8bb8\u8bf7\u5047|Weezing-Galar, L50, F|100\/100\n|-ability|p2a: \u4e0d\u8bb8\u8bf7\u5047|Neutralizing Gas\n|cant|p2b: \u8001\u677f\u6211\u60f3\u8bf7\u5047|slp\n|move|p1b: Pelipper|Weather Ball|p2a: \u4e0d\u8bb8\u8bf7\u5047\n|-enditem|p2a: \u4e0d\u8bb8\u8bf7\u5047|Focus Sash\n|-damage|p2a: \u4e0d\u8bb8\u8bf7\u5047|1\/100\n|move|p1a: Amoonguss|Pollen Puff|p1b: Pelipper\n|-immune|p1b: Pelipper\n|\n|-weather|RainDance|[upkeep]\n|upkeep\n|turn|6\n|\n|t:|1731148608\n|-curestatus|p2b: \u8001\u677f\u6211\u60f3\u8bf7\u5047|slp|[msg]\n|move|p2b: \u8001\u677f\u6211\u60f3\u8bf7\u5047|Knock Off|p1b: Pelipper\n|-damage|p1b: Pelipper|53\/100\n|-enditem|p1b: Pelipper|Focus Sash|[from] move: Knock Off|[of] p2b: \u8001\u677f\u6211\u60f3\u8bf7\u5047\n|move|p1b: Pelipper|Weather Ball|p2b: \u8001\u677f\u6211\u60f3\u8bf7\u5047\n|-damage|p2b: \u8001\u677f\u6211\u60f3\u8bf7\u5047|0 fnt\n|faint|p2b: \u8001\u677f\u6211\u60f3\u8bf7\u5047\n|move|p2a: \u4e0d\u8bb8\u8bf7\u5047|Dazzling Gleam|p1b: Pelipper|[spread] p1a,p1b\n|-resisted|p1a: Amoonguss\n|-damage|p1a: Amoonguss|79\/100\n|-damage|p1b: Pelipper|14\/100\n|move|p1a: Amoonguss|Pollen Puff|p2a: \u4e0d\u8bb8\u8bf7\u5047\n|-resisted|p2a: \u4e0d\u8bb8\u8bf7\u5047\n|-damage|p2a: \u4e0d\u8bb8\u8bf7\u5047|0 fnt\n|faint|p2a: \u4e0d\u8bb8\u8bf7\u5047\n|-end|p2a: \u4e0d\u8bb8\u8bf7\u5047|ability: Neutralizing Gas\n|\n|-weather|RainDance|[upkeep]\n|upkeep\n|\n|t:|1731148628\n|switch|p2b: \u591a\u52a0\u73ed\u624d\u80fd\u6dd8\u91d1\u6f6e|Gholdengo, L50|100\/100\n|turn|7\n|\n|t:|1731148634\n|move|p1b: Pelipper|Wide Guard|p1b: Pelipper\n|-singleturn|p1b: Pelipper|Wide Guard\n|move|p2b: \u591a\u52a0\u73ed\u624d\u80fd\u6dd8\u91d1\u6f6e|Shadow Ball|p1b: Pelipper\n|-crit|p1b: Pelipper\n|-damage|p1b: Pelipper|0 fnt\n|faint|p1b: Pelipper\n|move|p1a: Amoonguss|Pollen Puff|p1: Pelipper|[notarget]\n|-fail|p1a: Amoonguss\n|\n|-weather|RainDance|[upkeep]\n|upkeep\n|turn|8\n|\n|t:|1731148645\n|move|p2b: \u591a\u52a0\u73ed\u624d\u80fd\u6dd8\u91d1\u6f6e|Shadow Ball|p1a: Amoonguss\n|-damage|p1a: Amoonguss|45\/100\n|move|p1a: Amoonguss|Pollen Puff|p2b: \u591a\u52a0\u73ed\u624d\u80fd\u6dd8\u91d1\u6f6e\n|-resisted|p2b: \u591a\u52a0\u73ed\u624d\u80fd\u6dd8\u91d1\u6f6e\n|-damage|p2b: \u591a\u52a0\u73ed\u624d\u80fd\u6dd8\u91d1\u6f6e|95\/100\n|\n|-weather|RainDance|[upkeep]\n|upkeep\n|turn|9\n|-message|htotoT forfeited.\n|\n|win|HoshimiHoshina\n|raw|htotoT's rating: 1725 &rarr; <strong>1704<\/strong><br \/>(-21 for losing)\n|raw|HoshimiHoshina's rating: 1706 &rarr; <strong>1727<\/strong><br \/>(+21 for winning)\n|l|\u2606htotoT\n|player|p1|\n|l|\u2606HoshimiHoshina\n|player|p2|\n|l| poopie fayce\n|l| lrex9\n","uploadtime":1731148826,"views":34,"formatid":"gen9vgc2024regh","rating":1704,"private":0,"password":null}