{"id":"gen9vgc2024regh-2240825937","format":"[Gen 9] VGC 2024 Reg H","players":["kiwigal","testmaincourse"],"log":"|j|\u2606kiwigal\n|j|\u2606testmaincourse\n|t:|1731198401\n|gametype|doubles\n|player|p1|kiwigal|emma|1776\n|player|p2|testmaincourse|lacey|1730\n|teamsize|p1|6\n|teamsize|p2|6\n|gen|9\n|tier|[Gen 9] VGC 2024 Reg H\n|rated|\n|rule|Species Clause: Limit one of each Pok\u00e9mon\n|rule|Item Clause: Limit 1 of each item\n|clearpoke\n|poke|p1|Volcarona, L50, F|\n|poke|p1|Garchomp, L50, F|\n|poke|p1|Dragonite, L50, M|\n|poke|p1|Ninetales-Alola, L50, M|\n|poke|p1|Kingambit, L50, M|\n|poke|p1|Corviknight, L50, M|\n|poke|p2|Ninetales-Alola, L50, M|\n|poke|p2|Garchomp, L50, F|\n|poke|p2|Annihilape, L50, F|\n|poke|p2|Armarouge, L50, M|\n|poke|p2|Indeedee-F, L50, F|\n|poke|p2|Sneasler, L50, M|\n|teampreview|4\ntestmaincourse rejected open team sheets.\n|\n|t:|1731198456\n|start\n|switch|p1a: Kingambit|Kingambit, L50, M|100\/100\n|switch|p1b: Volcarona|Volcarona, L50, F|100\/100\n|switch|p2a: Armarouge|Armarouge, L50, M, shiny|100\/100\n|switch|p2b: Annihilape|Annihilape, L50, F, shiny|100\/100\n|turn|1\n|\n|t:|1731198489\n|move|p2a: Armarouge|Endure|p2a: Armarouge\n|-singleturn|p2a: Armarouge|move: Endure\n|move|p2b: Annihilape|Close Combat|p1a: Kingambit\n|-supereffective|p1a: Kingambit\n|-enditem|p1a: Kingambit|Focus Sash\n|-damage|p1a: Kingambit|1\/100\n|-unboost|p2b: Annihilape|def|1\n|-unboost|p2b: Annihilape|spd|1\n|move|p1b: Volcarona|Heat Wave|p2a: Armarouge|[spread] p2a,p2b\n|-resisted|p2a: Armarouge\n|-damage|p2a: Armarouge|75\/100\n|-damage|p2b: Annihilape|42\/100\n|move|p1a: Kingambit|Kowtow Cleave|p2a: Armarouge\n|-supereffective|p2a: Armarouge\n|-activate|p2a: Armarouge|move: Endure\n|-damage|p2a: Armarouge|1\/100\n|-ability|p2a: Armarouge|Weak Armor|boost\n|-unboost|p2a: Armarouge|def|1\n|-boost|p2a: Armarouge|spe|2\n|-enditem|p2a: Armarouge|Weakness Policy\n|-boost|p2a: Armarouge|atk|2|[from] item: Weakness Policy\n|-boost|p2a: Armarouge|spa|2|[from] item: Weakness Policy\n|\n|upkeep\n|turn|2\n|\n|t:|1731198508\n|switch|p2b: Indeedee|Indeedee-F, L50, F|100\/100\n|-fieldstart|move: Psychic Terrain|[from] ability: Psychic Surge|[of] p2b: Indeedee\n|move|p1a: Kingambit|Sucker Punch|p2a: Armarouge\n|-activate|p2a: Armarouge|move: Psychic Terrain\n|move|p2a: Armarouge|Stored Power|p1b: Volcarona\n|-damage|p1b: Volcarona|0 fnt\n|faint|p1b: Volcarona\n|\n|upkeep\n|\n|t:|1731198535\n|switch|p1b: Dragonite|Dragonite, L50, M|100\/100\n|turn|3\n|\n|t:|1731198565\n|move|p1b: Dragonite|Protect|p1b: Dragonite\n|-singleturn|p1b: Dragonite|Protect\n|move|p1a: Kingambit|Protect|p1a: Kingambit\n|-singleturn|p1a: Kingambit|Protect\n|move|p2b: Indeedee|Follow Me|p2b: Indeedee\n|-singleturn|p2b: Indeedee|move: Follow Me\n|move|p2a: Armarouge|Heat Wave|p1b: Dragonite|[spread] \n|-activate|p1a: Kingambit|move: Protect\n|-activate|p1b: Dragonite|move: Protect\n|\n|upkeep\n|turn|4\n|\n|t:|1731198578\n|move|p2b: Indeedee|Follow Me|p2b: Indeedee\n|-singleturn|p2b: Indeedee|move: Follow Me\n|move|p2a: Armarouge|Heat Wave|p1a: Kingambit|[spread] p1a,p1b\n|-supereffective|p1a: Kingambit\n|-resisted|p1b: Dragonite\n|-damage|p1a: Kingambit|0 fnt\n|-damage|p1b: Dragonite|79\/100\n|faint|p1a: Kingambit\n|move|p1b: Dragonite|Scale Shot|p2b: Indeedee\n|-damage|p2b: Indeedee|87\/100\n|-damage|p2b: Indeedee|73\/100\n|-damage|p2b: Indeedee|59\/100\n|-damage|p2b: Indeedee|43\/100\n|-hitcount|p2b: Indeedee|4\n|-unboost|p1b: Dragonite|def|1\n|-boost|p1b: Dragonite|spe|1\n|\n|upkeep\n|\n|t:|1731198591\n|switch|p1a: Garchomp|Garchomp, L50, F|100\/100\n|turn|5\n|\n|t:|1731198605\n|-terastallize|p2a: Armarouge|Psychic\n|move|p2b: Indeedee|Follow Me|p2b: Indeedee\n|-singleturn|p2b: Indeedee|move: Follow Me\n|move|p2a: Armarouge|Expanding Force|p1b: Dragonite|[spread] p1a,p1b\n|-damage|p1a: Garchomp|0 fnt\n|-damage|p1b: Dragonite|0 fnt\n|faint|p1a: Garchomp\n|faint|p1b: Dragonite\n|\n|win|testmaincourse\n|raw|kiwigal's rating: 1776 &rarr; <strong>1754<\/strong><br \/>(-22 for losing)\n|raw|testmaincourse's rating: 1742 &rarr; <strong>1764<\/strong><br \/>(+22 for winning)\n|l|\u2606kiwigal\n|player|p1|\n","uploadtime":1731198828,"views":40,"formatid":"gen9vgc2024regh","rating":1754,"private":0,"password":null}