{"id":"gen9vgc2024regh-2240806114","format":"[Gen 9] VGC 2024 Reg H","players":["testmaincourse","Gurrasnurra5"],"log":"|j|\u2606testmaincourse\n|j|\u2606Gurrasnurra5\n|t:|1731195792\n|gametype|doubles\n|player|p1|testmaincourse|lacey|1741\n|player|p2|Gurrasnurra5|wattson|1702\n|teamsize|p1|6\n|teamsize|p2|6\n|gen|9\n|tier|[Gen 9] VGC 2024 Reg H\n|rated|\n|rule|Species Clause: Limit one of each Pok\u00e9mon\n|rule|Item Clause: Limit 1 of each item\n|clearpoke\n|poke|p1|Ninetales-Alola, L50, M|\n|poke|p1|Garchomp, L50, M|\n|poke|p1|Annihilape, L50, M|\n|poke|p1|Armarouge, L50, M|\n|poke|p1|Indeedee-F, L50, F|\n|poke|p1|Sneasler, L50, F|\n|poke|p2|Porygon2, L50|\n|poke|p2|Incineroar, L50, M|\n|poke|p2|Rillaboom, L50, F|\n|poke|p2|Kingambit, L50, M|\n|poke|p2|Sneasler, L50, F|\n|poke|p2|Basculegion, L50, M|\n|teampreview|4\n|inactive|Battle timer is ON: inactive players will automatically lose when time's up. (requested by Gurrasnurra5)\ntestmaincourse rejected open team sheets.\n|j| mr pogostick\n|inactive|testmaincourse has 60 seconds left.\n|inactive|Gurrasnurra5 has 60 seconds left.\n|inactive|testmaincourse has 30 seconds left.\n|\n|t:|1731195857\n|start\n|switch|p1a: Garchomp|Garchomp, L50, M, shiny|100\/100\n|switch|p1b: Annihilape|Annihilape, L50, M, shiny|100\/100\n|switch|p2a: Basculegion|Basculegion, L50, M|100\/100\n|switch|p2b: Sneasler|Sneasler, L50, F|100\/100\n|turn|1\n|inactive|Gurrasnurra5 has 30 seconds left.\n|inactive|Gurrasnurra5 has 20 seconds left.\n|\n|t:|1731195892\n|move|p1b: Annihilape|Coaching|p1a: Garchomp\n|-boost|p1a: Garchomp|atk|1\n|-boost|p1a: Garchomp|def|1\n|move|p2a: Basculegion|Wave Crash|p1a: Garchomp\n|-damage|p1a: Garchomp|50\/100\n|-damage|p2a: Basculegion|88\/100|[from] ability: Rough Skin|[of] p1a: Garchomp\n|-damage|p2a: Basculegion|73\/100|[from] Recoil\n|move|p2b: Sneasler|Close Combat|p1a: Garchomp\n|-damage|p1a: Garchomp|8\/100\n|-unboost|p2b: Sneasler|def|1\n|-unboost|p2b: Sneasler|spd|1\n|-damage|p2b: Sneasler|88\/100|[from] ability: Rough Skin|[of] p1a: Garchomp\n|move|p1a: Garchomp|Scale Shot|p2b: Sneasler|[miss]\n|-miss|p1a: Garchomp|p2b: Sneasler\n|\n|upkeep\n|turn|2\n|\n|t:|1731195916\n|switch|p1b: Indeedee|Indeedee-F, L50, F|100\/100\n|-fieldstart|move: Psychic Terrain|[from] ability: Psychic Surge|[of] p1b: Indeedee\n|move|p1a: Garchomp|Protect|p1a: Garchomp\n|-singleturn|p1a: Garchomp|Protect\n|move|p2a: Basculegion|Wave Crash|p1a: Garchomp\n|-activate|p1a: Garchomp|move: Protect\n|move|p2b: Sneasler|Coaching|p2a: Basculegion\n|-boost|p2a: Basculegion|atk|1\n|-boost|p2a: Basculegion|def|1\n|\n|upkeep\n|turn|3\n|\n|t:|1731195931\n|-terastallize|p1b: Indeedee|Water\n|move|p1b: Indeedee|Follow Me|p1b: Indeedee\n|-singleturn|p1b: Indeedee|move: Follow Me\n|move|p2a: Basculegion|Wave Crash|p1b: Indeedee\n|-resisted|p1b: Indeedee\n|-damage|p1b: Indeedee|46\/100\n|-damage|p2a: Basculegion|57\/100|[from] Recoil\n|move|p2b: Sneasler|Close Combat|p1b: Indeedee\n|-damage|p1b: Indeedee|0 fnt\n|-unboost|p2b: Sneasler|def|1\n|-unboost|p2b: Sneasler|spd|1\n|faint|p1b: Indeedee\n|move|p1a: Garchomp|Earthquake|p2b: Sneasler|[spread] p2a,p2b\n|-supereffective|p2b: Sneasler\n|-damage|p2a: Basculegion|9\/100\n|-damage|p2b: Sneasler|0 fnt\n|faint|p2b: Sneasler\n|\n|upkeep\n|\n|t:|1731195941\n|switch|p2b: Rillaboom|Rillaboom, L50, F|100\/100\n|switch|p1b: Sneasler|Sneasler, L50, F, shiny|100\/100\n|-enditem|p1b: Sneasler|Psychic Seed\n|-boost|p1b: Sneasler|spd|1|[from] item: Psychic Seed\n|-fieldstart|move: Grassy Terrain|[from] ability: Grassy Surge|[of] p2b: Rillaboom\n|turn|4\n|j| testingmoon7777\n|\n|t:|1731195950\n|move|p1b: Sneasler|Protect|p1b: Sneasler\n|-singleturn|p1b: Sneasler|Protect\n|move|p1a: Garchomp|Protect|p1a: Garchomp\n|-singleturn|p1a: Garchomp|Protect\n|move|p2b: Rillaboom|Fake Out|p1b: Sneasler\n|-activate|p1b: Sneasler|move: Protect\n|move|p2a: Basculegion|Wave Crash|p1a: Garchomp\n|-activate|p1a: Garchomp|move: Protect\n|\n|-heal|p2a: Basculegion|15\/100|[from] Grassy Terrain\n|-heal|p1a: Garchomp|14\/100|[from] Grassy Terrain\n|upkeep\n|turn|5\n|\n|t:|1731195962\n|-terastallize|p2b: Rillaboom|Fire\n|move|p2b: Rillaboom|Grassy Glide|p1a: Garchomp\n|-damage|p1a: Garchomp|0 fnt\n|-damage|p2b: Rillaboom|88\/100|[from] ability: Rough Skin|[of] p1a: Garchomp\n|faint|p1a: Garchomp\n|move|p1b: Sneasler|Throat Chop|p2a: Basculegion\n|-supereffective|p2a: Basculegion\n|-damage|p2a: Basculegion|0 fnt\n|faint|p2a: Basculegion\n|\n|-heal|p2b: Rillaboom|94\/100|[from] Grassy Terrain\n|upkeep\n|\n|t:|1731195970\n|switch|p1a: Annihilape|Annihilape, L50, M, shiny|100\/100\n|switch|p2a: Porygon2|Porygon2, L50|100\/100\n|-ability|p2a: Porygon2|Download|boost\n|-boost|p2a: Porygon2|atk|1\n|turn|6\n|\n|t:|1731195986\n|move|p1b: Sneasler|Close Combat|p2b: Rillaboom\n|-damage|p2b: Rillaboom|31\/100\n|-unboost|p1b: Sneasler|def|1\n|-unboost|p1b: Sneasler|spd|1\n|move|p1a: Annihilape|Close Combat|p2b: Rillaboom\n|-damage|p2b: Rillaboom|0 fnt\n|-unboost|p1a: Annihilape|def|1\n|-unboost|p1a: Annihilape|spd|1\n|faint|p2b: Rillaboom\n|move|p2a: Porygon2|Ice Beam|p1a: Annihilape\n|-damage|p1a: Annihilape|64\/100\n|\n|-heal|p1a: Annihilape|70\/100|[from] Grassy Terrain\n|upkeep\n|turn|7\n|-message|Gurrasnurra5 forfeited.\n|\n|win|testmaincourse\n|raw|testmaincourse's rating: 1741 &rarr; <strong>1759<\/strong><br \/>(+18 for winning)\n|raw|Gurrasnurra5's rating: 1702 &rarr; <strong>1684<\/strong><br \/>(-18 for losing)\n|l|\u2606Gurrasnurra5\n|player|p2|\n|l| mr pogostick\n","uploadtime":1731196026,"views":41,"formatid":"gen9vgc2024regh","rating":1684,"private":0,"password":null}