{"id":"gen9vgc2024regh-2240643924","format":"[Gen 9] VGC 2024 Reg H","players":["Pierleo","bwahacough"],"log":"|j|\u2606Pierleo\n|j|\u2606bwahacough\n|t:|1731175593\n|gametype|doubles\n|player|p1|Pierleo|170|1647\n|player|p2|bwahacough|medium|1772\n|teamsize|p1|6\n|teamsize|p2|6\n|gen|9\n|tier|[Gen 9] VGC 2024 Reg H\n|rated|\n|rule|Species Clause: Limit one of each Pok\u00e9mon\n|rule|Item Clause: Limit 1 of each item\n|clearpoke\n|poke|p1|Typhlosion-Hisui, L50, M|\n|poke|p1|Murkrow, L50, M|\n|poke|p1|Rillaboom, L50, M|\n|poke|p1|Incineroar, L50, M|\n|poke|p1|Garganacl, L50, F|\n|poke|p1|Sneasler, L50, M|\n|poke|p2|Lycanroc, L50, F|\n|poke|p2|Tyranitar, L50, F|\n|poke|p2|Indeedee-F, L50, F|\n|poke|p2|Sneasler, L50, F|\n|poke|p2|Espeon, L50, M|\n|poke|p2|Murkrow, L50, F|\n|teampreview|4\n|\n|t:|1731175611\n|start\n|switch|p1a: Incineroar|Incineroar, L50, M|100\/100\n|switch|p1b: Garganacl|Garganacl, L50, F|100\/100\n|switch|p2a: Lycanroc|Lycanroc, L50, F|100\/100\n|switch|p2b: Tyranitar|Tyranitar, L50, F|100\/100\n|-ability|p1a: Incineroar|Intimidate|boost\n|-unboost|p2a: Lycanroc|atk|1\n|-fail|p2b: Tyranitar|unboost|[from] item: Clear Amulet|[of] p2b: Tyranitar\n|-weather|Sandstorm|[from] ability: Sand Stream|[of] p2b: Tyranitar\n|turn|1\n|inactive|Battle timer is ON: inactive players will automatically lose when time's up. (requested by Pierleo)\n|inactive|bwahacough has 60 seconds left.\n|\n|t:|1731175648\n|-terastallize|p1a: Incineroar|Ghost\n|move|p2a: Lycanroc|Protect|p2a: Lycanroc\n|-singleturn|p2a: Lycanroc|Protect\n|move|p2b: Tyranitar|Protect|p2b: Tyranitar\n|-singleturn|p2b: Tyranitar|Protect\n|move|p1a: Incineroar|Will-O-Wisp|p2b: Tyranitar\n|-activate|p2b: Tyranitar|move: Protect\n|move|p1b: Garganacl|Iron Defense|p1b: Garganacl\n|-boost|p1b: Garganacl|def|2\n|\n|-weather|Sandstorm|[upkeep]\n|upkeep\n|turn|2\n|\n|t:|1731175663\n|switch|p1a: Rillaboom|Rillaboom, L50, M|100\/100\n|-fieldstart|move: Grassy Terrain|[from] ability: Grassy Surge|[of] p1a: Rillaboom\n|move|p2a: Lycanroc|Rock Slide|p1b: Garganacl|[spread] p1a,p1b\n|-damage|p1a: Rillaboom|82\/100\n|-damage|p1b: Garganacl|94\/100\n|move|p2b: Tyranitar|Knock Off|p1a: Rillaboom\n|-damage|p1a: Rillaboom|29\/100\n|-enditem|p1a: Rillaboom|Assault Vest|[from] move: Knock Off|[of] p2b: Tyranitar\n|move|p1b: Garganacl|Salt Cure|p2b: Tyranitar\n|-crit|p2b: Tyranitar\n|-damage|p2b: Tyranitar|83\/100\n|-start|p2b: Tyranitar|Salt Cure\n|\n|-weather|Sandstorm|[upkeep]\n|-damage|p1a: Rillaboom|23\/100|[from] Sandstorm\n|-heal|p1a: Rillaboom|29\/100|[from] Grassy Terrain\n|-heal|p2b: Tyranitar|89\/100|[from] Grassy Terrain\n|-heal|p1b: Garganacl|99\/100|[from] Grassy Terrain\n|-heal|p1b: Garganacl|100\/100|[from] item: Leftovers\n|-damage|p2b: Tyranitar|77\/100|[from] Salt Cure\n|upkeep\n|turn|3\n|inactive|Pierleo has 30 seconds left.\n|\n|t:|1731175695\n|switch|p2b: Indeedee|Indeedee-F, L50, F, shiny|100\/100\n|-fieldstart|move: Psychic Terrain|[from] ability: Psychic Surge|[of] p2b: Indeedee\n|-terastallize|p2a: Lycanroc|Fighting\n|move|p2a: Lycanroc|Close Combat|p1a: Rillaboom\n|-damage|p1a: Rillaboom|0 fnt\n|-unboost|p2a: Lycanroc|def|1\n|-unboost|p2a: Lycanroc|spd|1\n|faint|p1a: Rillaboom\n|move|p1b: Garganacl|Body Press|p2b: Indeedee\n|-damage|p2b: Indeedee|54\/100\n|\n|-weather|Sandstorm|[upkeep]\n|-damage|p2b: Indeedee|48\/100|[from] Sandstorm\n|-enditem|p2b: Indeedee|Sitrus Berry|[eat]\n|-heal|p2b: Indeedee|73\/100|[from] item: Sitrus Berry\n|upkeep\n|\n|t:|1731175714\n|switch|p1a: Incineroar|Incineroar, L50, M, tera:Ghost|100\/100\n|-ability|p1a: Incineroar|Intimidate|boost\n|-unboost|p2a: Lycanroc|atk|1\n|-unboost|p2b: Indeedee|atk|1\n|turn|4\n|\n|t:|1731175724\n|switch|p2b: Sneasler|Sneasler, L50, F, shiny|100\/100\n|-enditem|p2b: Sneasler|Psychic Seed\n|-boost|p2b: Sneasler|spd|1|[from] item: Psychic Seed\n|move|p2a: Lycanroc|Rock Slide|p1b: Garganacl|[spread] p1a,p1b\n|-damage|p1a: Incineroar|85\/100\n|-damage|p1b: Garganacl|95\/100\n|move|p1a: Incineroar|Knock Off|p2b: Sneasler\n|-resisted|p2b: Sneasler\n|-damage|p2b: Sneasler|82\/100\n|move|p1b: Garganacl|Salt Cure|p2a: Lycanroc\n|-resisted|p2a: Lycanroc\n|-damage|p2a: Lycanroc|82\/100\n|-start|p2a: Lycanroc|Salt Cure\n|\n|-weather|Sandstorm|[upkeep]\n|-damage|p2b: Sneasler|76\/100|[from] Sandstorm\n|-heal|p1b: Garganacl|100\/100|[from] item: Leftovers\n|-damage|p2a: Lycanroc|70\/100|[from] Salt Cure\n|upkeep\n|turn|5\n|\n|t:|1731175746\n|move|p2a: Lycanroc|Rock Slide|p1b: Garganacl|[spread] p1a,p1b\n|-damage|p1a: Incineroar|71\/100\n|-damage|p1b: Garganacl|95\/100\n|move|p2b: Sneasler|Throat Chop|p1a: Incineroar\n|-supereffective|p1a: Incineroar\n|-damage|p1a: Incineroar|10\/100\n|-start|p1a: Incineroar|Throat Chop|[silent]\n|cant|p1a: Incineroar|flinch\n|cant|p1b: Garganacl|flinch\n|\n|-weather|none\n|-heal|p1b: Garganacl|100\/100|[from] item: Leftovers\n|-damage|p2a: Lycanroc|58\/100|[from] Salt Cure\n|upkeep\n|turn|6\n|inactive|bwahacough has 30 seconds left.\n|\n|t:|1731175774\n|switch|p1a: Sneasler|Sneasler, L50, M|100\/100\n|move|p2a: Lycanroc|Protect|p2a: Lycanroc\n|-singleturn|p2a: Lycanroc|Protect\n|move|p2b: Sneasler|Dire Claw|p1a: Sneasler\n|-resisted|p1a: Sneasler\n|-damage|p1a: Sneasler|58\/100\n|move|p1b: Garganacl|Body Press|p2b: Sneasler\n|-resisted|p2b: Sneasler\n|-damage|p2b: Sneasler|43\/100\n|\n|-damage|p2a: Lycanroc|46\/100|[from] Salt Cure\n|upkeep\n|turn|7\n|inactive|Pierleo has 30 seconds left.\n|inactive|Pierleo has 20 seconds left.\n|\n|t:|1731175811\n|switch|p2a: Tyranitar|Tyranitar, L50, F|77\/100\n|-weather|Sandstorm|[from] ability: Sand Stream|[of] p2a: Tyranitar\n|move|p1a: Sneasler|Protect|p1a: Sneasler\n|-singleturn|p1a: Sneasler|Protect\n|move|p2b: Sneasler|Dire Claw|p1a: Sneasler\n|-activate|p1a: Sneasler|move: Protect\n|move|p1b: Garganacl|Body Press|p2a: Tyranitar\n|-supereffective|p2a: Tyranitar\n|-damage|p2a: Tyranitar|0 fnt\n|faint|p2a: Tyranitar\n|\n|-weather|Sandstorm|[upkeep]\n|-damage|p2b: Sneasler|37\/100|[from] Sandstorm\n|-damage|p1a: Sneasler|52\/100|[from] Sandstorm\n|-fieldend|move: Psychic Terrain\n|upkeep\n|\n|t:|1731175816\n|switch|p2a: Indeedee|Indeedee-F, L50, F, shiny|73\/100\n|-fieldstart|move: Psychic Terrain|[from] ability: Psychic Surge|[of] p2a: Indeedee\n|turn|8\n|\n|t:|1731175837\n|move|p2a: Indeedee|Protect|p2a: Indeedee\n|-singleturn|p2a: Indeedee|Protect\n|move|p2b: Sneasler|Dire Claw|p1a: Sneasler\n|-resisted|p1a: Sneasler\n|-damage|p1a: Sneasler|14\/100\n|-status|p1a: Sneasler|par\n|move|p1a: Sneasler|Dire Claw|p2b: Sneasler\n|-resisted|p2b: Sneasler\n|-damage|p2b: Sneasler|10\/100\n|move|p1b: Garganacl|Body Press|p2b: Sneasler\n|-resisted|p2b: Sneasler\n|-damage|p2b: Sneasler|0 fnt\n|faint|p2b: Sneasler\n|\n|-weather|Sandstorm|[upkeep]\n|-damage|p2a: Indeedee|67\/100|[from] Sandstorm\n|-damage|p1a: Sneasler|8\/100 par|[from] Sandstorm\n|upkeep\n|\n|t:|1731175841\n|switch|p2b: Lycanroc|Lycanroc, L50, F, tera:Fighting|46\/100\n|turn|9\n|\n|t:|1731175856\n|switch|p1a: Incineroar|Incineroar, L50, M, tera:Ghost|10\/100\n|-ability|p1a: Incineroar|Intimidate|boost\n|-unboost|p2a: Indeedee|atk|1\n|-unboost|p2b: Lycanroc|atk|1\n|move|p2a: Indeedee|Follow Me|p2a: Indeedee\n|-singleturn|p2a: Indeedee|move: Follow Me\n|move|p2b: Lycanroc|Rock Slide|p1a: Incineroar|[spread] p1a,p1b\n|-damage|p1a: Incineroar|0 fnt\n|-damage|p1b: Garganacl|93\/100\n|faint|p1a: Incineroar\n|move|p1b: Garganacl|Body Press|p2a: Indeedee\n|-damage|p2a: Indeedee|19\/100\n|\n|-weather|Sandstorm|[upkeep]\n|-damage|p2a: Indeedee|12\/100|[from] Sandstorm\n|-heal|p1b: Garganacl|99\/100|[from] item: Leftovers\n|upkeep\n|\n|t:|1731175871\n|switch|p1a: Sneasler|Sneasler, L50, M|8\/100 par\n|turn|10\n|\n|t:|1731175879\n|move|p1a: Sneasler|Protect|p1a: Sneasler\n|-singleturn|p1a: Sneasler|Protect\n|move|p2b: Lycanroc|Endeavor|p1b: Garganacl\n|-damage|p1b: Garganacl|40\/100\n|move|p2a: Indeedee|Psychic|p1b: Garganacl\n|-damage|p1b: Garganacl|19\/100\n|-unboost|p1b: Garganacl|spd|1\n|move|p1b: Garganacl|Body Press|p2b: Lycanroc\n|-damage|p2b: Lycanroc|0 fnt\n|faint|p2b: Lycanroc\n|\n|-weather|Sandstorm|[upkeep]\n|-damage|p2a: Indeedee|6\/100|[from] Sandstorm\n|-damage|p1a: Sneasler|2\/100 par|[from] Sandstorm\n|-heal|p1b: Garganacl|24\/100|[from] item: Leftovers\n|upkeep\n|turn|11\n|\n|t:|1731175898\n|move|p2a: Indeedee|Psychic|p1b: Garganacl\n|-crit|p1b: Garganacl\n|-damage|p1b: Garganacl|0 fnt\n|faint|p1b: Garganacl\n|move|p1a: Sneasler|Dire Claw|p2a: Indeedee\n|-damage|p2a: Indeedee|0 fnt\n|faint|p2a: Indeedee\n|\n|win|Pierleo\n|raw|Pierleo's rating: 1647 &rarr; <strong>1672<\/strong><br \/>(+25 for winning)\n|raw|bwahacough's rating: 1745 &rarr; <strong>1720<\/strong><br \/>(-25 for losing)\n|l|\u2606Pierleo\n|player|p1|\n|l|\u2606bwahacough\n|player|p2|\n","uploadtime":1731176142,"views":50,"formatid":"gen9vgc2024regh","rating":1672,"private":0,"password":null}