{"id":"gen9vgc2024regh-2240799193","format":"[Gen 9] VGC 2024 Reg H","players":["USTM","Gurrasnurra5"],"log":"|j|\u2606USTM\n|j|\u2606Gurrasnurra5\n|t:|1731194897\n|gametype|doubles\n|player|p1|USTM|102|1704\n|player|p2|Gurrasnurra5|wattson|1766\n|teamsize|p1|6\n|teamsize|p2|6\n|gen|9\n|tier|[Gen 9] VGC 2024 Reg H\n|rated|\n|rule|Species Clause: Limit one of each Pok\u00e9mon\n|rule|Item Clause: Limit 1 of each item\n|clearpoke\n|poke|p1|Gallade, L50, M|\n|poke|p1|Incineroar, L50, M|\n|poke|p1|Kingambit, L50, M|\n|poke|p1|Ninetales-Alola, L50, M|\n|poke|p1|Garchomp, L50, M|\n|poke|p1|Dragonite, L50, M|\n|poke|p2|Porygon2, L50|\n|poke|p2|Incineroar, L50, F|\n|poke|p2|Rillaboom, L50, F|\n|poke|p2|Kingambit, L50, M|\n|poke|p2|Sneasler, L50, M|\n|poke|p2|Basculegion, L50, M|\n|teampreview|4\n|inactive|Battle timer is ON: inactive players will automatically lose when time's up. (requested by Gurrasnurra5)\nGurrasnurra5 has agreed to open team sheets.\n|inactive|Gurrasnurra5 has 60 seconds left.\n|\n|t:|1731194933\n|start\n|switch|p1a: Garchomp|Garchomp, L50, M|100\/100\n|switch|p1b: Dragonite|Dragonite, L50, M, shiny|100\/100\n|switch|p2a: Sneasler|Sneasler, L50, M|100\/100\n|switch|p2b: Porygon2|Porygon2, L50|100\/100\n|-ability|p2b: Porygon2|Download|boost\n|-boost|p2b: Porygon2|spa|1\n|turn|1\n|\n|t:|1731194953\n|move|p2a: Sneasler|Protect|p2a: Sneasler\n|-singleturn|p2a: Sneasler|Protect\n|move|p1b: Dragonite|Extreme Speed|p2a: Sneasler\n|-activate|p2a: Sneasler|move: Protect\n|move|p1a: Garchomp|Earthquake|p2b: Porygon2|[spread] p2b\n|-activate|p2a: Sneasler|move: Protect\n|-immune|p1b: Dragonite\n|-damage|p2b: Porygon2|71\/100\n|move|p2b: Porygon2|Ice Beam|p1b: Dragonite\n|-supereffective|p1b: Dragonite\n|-crit|p1b: Dragonite\n|-damage|p1b: Dragonite|0 fnt\n|faint|p1b: Dragonite\n|\n|upkeep\n|\n|t:|1731194965\n|switch|p1b: Gallade|Gallade, L50, M, shiny|100\/100\n|turn|2\n|\n|t:|1731194979\n|-terastallize|p1a: Garchomp|Ground\n|-terastallize|p2b: Porygon2|Fighting\n|move|p1b: Gallade|Protect|p1b: Gallade\n|-singleturn|p1b: Gallade|Protect\n|move|p1a: Garchomp|Earthquake|p2b: Porygon2|[spread] p2a,p2b\n|-activate|p1b: Gallade|move: Protect\n|-supereffective|p2a: Sneasler\n|-damage|p2a: Sneasler|0 fnt\n|-damage|p2b: Porygon2|31\/100\n|faint|p2a: Sneasler\n|move|p2b: Porygon2|Ice Beam|p1a: Garchomp\n|-supereffective|p1a: Garchomp\n|-damage|p1a: Garchomp|19\/100\n|-status|p1a: Garchomp|frz\n|\n|upkeep\n|j| mr pogostick\n|\n|t:|1731194989\n|switch|p2a: Basculegion|Basculegion, L50, M|100\/100\n|turn|3\n|inactive|USTM has 30 seconds left.\n|\n|t:|1731195021\n|switch|p1a: Incineroar|Incineroar, L50, M|100\/100\n|-ability|p1a: Incineroar|Intimidate|boost\n|-unboost|p2a: Basculegion|atk|1\n|-unboost|p2b: Porygon2|atk|1\n|move|p2a: Basculegion|Last Respects|p1b: Gallade\n|-supereffective|p1b: Gallade\n|-enditem|p1b: Gallade|Focus Sash\n|-damage|p1b: Gallade|1\/100\n|move|p1b: Gallade|Psycho Cut|p2a: Basculegion\n|-damage|p2a: Basculegion|30\/100\n|move|p2b: Porygon2|Recover|p2b: Porygon2\n|-heal|p2b: Porygon2|81\/100\n|\n|upkeep\n|turn|4\n|\n|t:|1731195039\n|move|p1b: Gallade|Protect|p1b: Gallade\n|-singleturn|p1b: Gallade|Protect\n|move|p2a: Basculegion|Last Respects|p1b: Gallade\n|-activate|p1b: Gallade|move: Protect\n|move|p1a: Incineroar|Knock Off|p2a: Basculegion\n|-supereffective|p2a: Basculegion\n|-damage|p2a: Basculegion|0 fnt\n|-enditem|p2a: Basculegion|Choice Scarf|[from] move: Knock Off|[of] p1a: Incineroar\n|faint|p2a: Basculegion\n|move|p2b: Porygon2|Tera Blast|p1a: Incineroar|[anim] Tera Blast Fighting\n|-supereffective|p1a: Incineroar\n|-damage|p1a: Incineroar|12\/100\n|\n|upkeep\n|\n|t:|1731195041\n|switch|p2a: Incineroar|Incineroar, L50, F|100\/100\n|-ability|p2a: Incineroar|Intimidate|boost\n|-unboost|p1a: Incineroar|atk|1\n|-unboost|p1b: Gallade|atk|1\n|turn|5\n|j| Therazer456\n|inactive|USTM has 30 seconds left.\n|\n|t:|1731195076\n|switch|p1b: Garchomp|Garchomp, L50, M, tera:Ground|19\/100 frz\n|move|p2a: Incineroar|Fake Out|p1b: Garchomp\n|-damage|p1b: Garchomp|7\/100 frz\n|-damage|p2a: Incineroar|88\/100|[from] ability: Rough Skin|[of] p1b: Garchomp\n|move|p1a: Incineroar|Flare Blitz|p2b: Porygon2\n|-damage|p2b: Porygon2|58\/100\n|-damage|p1a: Incineroar|5\/100|[from] Recoil\n|move|p2b: Porygon2|Tera Blast|p1a: Incineroar|[anim] Tera Blast Fighting\n|-supereffective|p1a: Incineroar\n|-damage|p1a: Incineroar|0 fnt\n|faint|p1a: Incineroar\n|\n|upkeep\n|\n|t:|1731195089\n|switch|p1a: Gallade|Gallade, L50, M, shiny|1\/100\n|turn|6\n|\n|t:|1731195108\n|cant|p1b: Garchomp|frz\n|move|p1a: Gallade|Psycho Cut|p2b: Porygon2\n|-supereffective|p2b: Porygon2\n|-crit|p2b: Porygon2\n|-damage|p2b: Porygon2|0 fnt\n|faint|p2b: Porygon2\n|move|p2a: Incineroar|Knock Off|p1a: Gallade\n|-damage|p1a: Gallade|0 fnt\n|faint|p1a: Gallade\n|\n|upkeep\n|turn|7\n|\n|t:|1731195117\n|-curestatus|p1b: Garchomp|frz|[msg]\n|move|p1b: Garchomp|Stomping Tantrum|p2a: Incineroar\n|-supereffective|p2a: Incineroar\n|-damage|p2a: Incineroar|0 fnt\n|faint|p2a: Incineroar\n|\n|win|USTM\n|raw|USTM's rating: 1704 &rarr; <strong>1728<\/strong><br \/>(+24 for winning)\n|raw|Gurrasnurra5's rating: 1766 &rarr; <strong>1742<\/strong><br \/>(-24 for losing)\n|l|\u2606Gurrasnurra5\n|player|p2|\n|l| Therazer456\n|l| mr pogostick\n|l|\u2606USTM\n|player|p1|\n","uploadtime":1731195356,"views":27,"formatid":"gen9vgc2024regh","rating":1728,"private":0,"password":null}