{"id":"gen9vgc2024regh-2240021460","format":"[Gen 9] VGC 2024 Reg H","players":["chin8","Brave12223"],"log":"|j|\u2606chin8\n|j|\u2606Brave12223\n|t:|1731086408\n|gametype|doubles\n|player|p1|chin8|gentleman-gen4dp|1833\n|player|p2|Brave12223|ingo|1820\n|teamsize|p1|6\n|teamsize|p2|6\n|gen|9\n|tier|[Gen 9] VGC 2024 Reg H\n|rated|\n|rule|Species Clause: Limit one of each Pok\u00e9mon\n|rule|Item Clause: Limit 1 of each item\n|clearpoke\n|poke|p1|Baxcalibur, L50, F|\n|poke|p1|Kilowattrel, L50, F|\n|poke|p1|Granbull, L50, F|\n|poke|p1|Gardevoir, L50, M|\n|poke|p1|Magmortar, L50, M|\n|poke|p1|Gholdengo, L50|\n|poke|p2|Baxcalibur, L50, F|\n|poke|p2|Ninetales-Alola, L50, M|\n|poke|p2|Rillaboom, L50, M|\n|poke|p2|Incineroar, L50, F|\n|poke|p2|Basculegion, L50, M|\n|poke|p2|Kingambit, L50, M|\n|teampreview|4\n|inactive|Battle timer is ON: inactive players will automatically lose when time's up. (requested by Brave12223)\n|inactive|Brave12223 has 60 seconds left.\n|\n|t:|1731086444\n|start\n|switch|p1a: Gholdengo|Gholdengo, L50|100\/100\n|switch|p1b: Granbull|Granbull, L50, F|100\/100\n|switch|p2a: Kingambit|Kingambit, L50, M|100\/100\n|switch|p2b: Basculegion|Basculegion, L50, M|100\/100\n|-ability|p1b: Granbull|Intimidate|boost\n|-unboost|p2a: Kingambit|atk|1\n|-ability|p2a: Kingambit|Defiant|boost\n|-boost|p2a: Kingambit|atk|2\n|-unboost|p2b: Basculegion|atk|1\n|turn|1\n|\n|t:|1731086468\n|switch|p1a: Magmortar|Magmortar, L50, M|100\/100\n|move|p2b: Basculegion|Flip Turn|p1b: Granbull\n|-damage|p1b: Granbull|69\/100\n|\n|t:|1731086478\n|switch|p2b: Incineroar|Incineroar, L50, F|100\/100|[from] Flip Turn\n|-ability|p2b: Incineroar|Intimidate|boost\n|-unboost|p1a: Magmortar|atk|1\n|-unboost|p1b: Granbull|atk|1\n|move|p1b: Granbull|Close Combat|p2a: Kingambit\n|-supereffective|p2a: Kingambit\n|-damage|p2a: Kingambit|31\/100\n|-unboost|p1b: Granbull|def|1\n|-unboost|p1b: Granbull|spd|1\n|move|p2a: Kingambit|Kowtow Cleave|p1a: Magmortar\n|-damage|p1a: Magmortar|13\/100\n|-enditem|p1a: Magmortar|Sitrus Berry|[eat]\n|-heal|p1a: Magmortar|38\/100|[from] item: Sitrus Berry\n|\n|upkeep\n|turn|2\n|\n|t:|1731086501\n|switch|p1b: Baxcalibur|Baxcalibur, L50, F|100\/100\n|move|p1a: Magmortar|Protect|p1a: Magmortar\n|-singleturn|p1a: Magmortar|Protect\n|move|p2b: Incineroar|Fake Out|p1b: Baxcalibur\n|-damage|p1b: Baxcalibur|90\/100\n|move|p2a: Kingambit|Sucker Punch||[still]\n|-fail|p2a: Kingambit\n|\n|upkeep\n|turn|3\n|\n|t:|1731086515\n|move|p1b: Baxcalibur|Ice Shard|p2a: Kingambit\n|-resisted|p2a: Kingambit\n|-damage|p2a: Kingambit|22\/100\n|move|p2a: Kingambit|Sucker Punch||[still]\n|-fail|p2a: Kingambit\n|move|p1a: Magmortar|Heat Wave|p2b: Incineroar|[spread] p2a,p2b\n|-supereffective|p2a: Kingambit\n|-resisted|p2b: Incineroar\n|-damage|p2a: Kingambit|0 fnt\n|-damage|p2b: Incineroar|88\/100\n|faint|p2a: Kingambit\n|move|p2b: Incineroar|Knock Off|p1b: Baxcalibur\n|-damage|p1b: Baxcalibur|58\/100\n|-enditem|p1b: Baxcalibur|Assault Vest|[from] move: Knock Off|[of] p2b: Incineroar\n|\n|upkeep\n|\n|t:|1731086523\n|switch|p2a: Basculegion|Basculegion, L50, M|100\/100\n|turn|4\n|\n|t:|1731086536\n|move|p1a: Magmortar|Protect|p1a: Magmortar\n|-singleturn|p1a: Magmortar|Protect\n|move|p2a: Basculegion|Flip Turn|p1a: Magmortar\n|-activate|p1a: Magmortar|move: Protect\n|move|p1b: Baxcalibur|Earthquake|p2b: Incineroar|[spread] p2a,p2b\n|-activate|p1a: Magmortar|move: Protect\n|-supereffective|p2b: Incineroar\n|-crit|p2b: Incineroar\n|-damage|p2a: Basculegion|62\/100\n|-damage|p2b: Incineroar|26\/100\n|move|p2b: Incineroar|Parting Shot|p1b: Baxcalibur\n|-unboost|p1b: Baxcalibur|atk|1\n|-unboost|p1b: Baxcalibur|spa|1\n|\n|t:|1731086543\n|switch|p2b: Ninetales|Ninetales-Alola, L50, M|100\/100|[from] Parting Shot\n|-weather|Snow|[from] ability: Snow Warning|[of] p2b: Ninetales\n|\n|-weather|Snow|[upkeep]\n|upkeep\n|turn|5\n|j| nohaters\n|\n|t:|1731086556\n|switch|p1b: Gholdengo|Gholdengo, L50|100\/100\n|switch|p1a: Granbull|Granbull, L50, F|69\/100\n|-ability|p1a: Granbull|Intimidate|boost\n|-unboost|p2a: Basculegion|atk|1\n|-unboost|p2b: Ninetales|atk|1\n|move|p2a: Basculegion|Flip Turn|p1a: Granbull\n|-damage|p1a: Granbull|37\/100\n|\n|t:|1731086562\n|switch|p2a: Incineroar|Incineroar, L50, F|26\/100|[from] Flip Turn\n|-ability|p2a: Incineroar|Intimidate|boost\n|-unboost|p1a: Granbull|atk|1\n|-unboost|p1b: Gholdengo|atk|1\n|move|p2b: Ninetales|Moonblast|p1b: Gholdengo\n|-resisted|p1b: Gholdengo\n|-damage|p1b: Gholdengo|74\/100\n|\n|-weather|Snow|[upkeep]\n|-heal|p1b: Gholdengo|80\/100|[from] item: Leftovers\n|upkeep\n|turn|6\n|\n|t:|1731086579\n|switch|p2b: Basculegion|Basculegion, L50, M|62\/100\n|move|p2a: Incineroar|Fake Out|p1a: Granbull\n|-damage|p1a: Granbull|25\/100\n|move|p1b: Gholdengo|Make It Rain|p2a: Incineroar|[spread] p2a,p2b\n|-resisted|p2a: Incineroar\n|-resisted|p2b: Basculegion\n|-damage|p2a: Incineroar|2\/100\n|-damage|p2b: Basculegion|35\/100\n|-unboost|p1b: Gholdengo|spa|1\n|move|p1a: Granbull|Close Combat|p2a: Incineroar\n|-supereffective|p2a: Incineroar\n|-damage|p2a: Incineroar|0 fnt\n|-unboost|p1a: Granbull|def|1\n|-unboost|p1a: Granbull|spd|1\n|faint|p2a: Incineroar\n|\n|-weather|Snow|[upkeep]\n|-heal|p1b: Gholdengo|87\/100|[from] item: Leftovers\n|upkeep\n|\n|t:|1731086585\n|switch|p2a: Ninetales|Ninetales-Alola, L50, M|100\/100\n|turn|7\n|\n|t:|1731086599\n|switch|p1b: Baxcalibur|Baxcalibur, L50, F|58\/100\n|-terastallize|p2a: Ninetales|Ice\n|move|p2b: Basculegion|Last Respects|p1b: Baxcalibur\n|-damage|p1b: Baxcalibur|0 fnt\n|faint|p1b: Baxcalibur\n|move|p2a: Ninetales|Blizzard|p1a: Granbull\n|-damage|p1a: Granbull|0 fnt\n|faint|p1a: Granbull\n|\n|-weather|Snow|[upkeep]\n|upkeep\n|\n|t:|1731086606\n|switch|p1b: Magmortar|Magmortar, L50, M|38\/100\n|switch|p1a: Gholdengo|Gholdengo, L50|87\/100\n|turn|8\n|\n|t:|1731086612\n|move|p1b: Magmortar|Follow Me|p1b: Magmortar\n|-singleturn|p1b: Magmortar|move: Follow Me\n|move|p2b: Basculegion|Last Respects|p1b: Magmortar\n|-damage|p1b: Magmortar|0 fnt\n|faint|p1b: Magmortar\n|move|p2a: Ninetales|Blizzard|p1a: Gholdengo\n|-resisted|p1a: Gholdengo\n|-damage|p1a: Gholdengo|46\/100\n|move|p1a: Gholdengo|Shadow Ball|p2b: Basculegion\n|-supereffective|p2b: Basculegion\n|-damage|p2b: Basculegion|0 fnt\n|faint|p2b: Basculegion\n|\n|-weather|none\n|-heal|p1a: Gholdengo|53\/100|[from] item: Leftovers\n|upkeep\n|turn|9\n|\n|t:|1731086618\n|move|p1a: Gholdengo|Protect|p1a: Gholdengo\n|-singleturn|p1a: Gholdengo|Protect\n|move|p2a: Ninetales|Blizzard|p1a: Gholdengo\n|-activate|p1a: Gholdengo|move: Protect\n|\n|-heal|p1a: Gholdengo|59\/100|[from] item: Leftovers\n|upkeep\n|turn|10\n|\n|t:|1731086621\n|move|p2a: Ninetales|Blizzard|p1a: Gholdengo\n|-resisted|p1a: Gholdengo\n|-damage|p1a: Gholdengo|23\/100\n|move|p1a: Gholdengo|Make It Rain|p2a: Ninetales\n|-supereffective|p2a: Ninetales\n|-damage|p2a: Ninetales|0 fnt\n|-unboost|p1a: Gholdengo|spa|1\n|faint|p2a: Ninetales\n|\n|win|chin8\n|raw|chin8's rating: 1833 &rarr; <strong>1852<\/strong><br \/>(+19 for winning)\n|raw|Brave12223's rating: 1820 &rarr; <strong>1801<\/strong><br \/>(-19 for losing)\n|l|\u2606Brave12223\n|player|p2|\n|l|\u2606chin8\n|player|p1|\n|l| nohaters\n","uploadtime":1731086769,"views":65,"formatid":"gen9vgc2024regh","rating":1801,"private":0,"password":null}