{"id":"gen9vgc2024regh-2240012704","format":"[Gen 9] VGC 2024 Reg H","players":["datbishgames","jhyjhyt"],"log":"|j|\u2606datbishgames\n|j|\u2606jhyjhyt\n|t:|1731085570\n|gametype|doubles\n|player|p1|datbishgames|mira|1742\n|player|p2|jhyjhyt|170|1716\n|teamsize|p1|6\n|teamsize|p2|6\n|gen|9\n|tier|[Gen 9] VGC 2024 Reg H\n|rated|\n|rule|Species Clause: Limit one of each Pok\u00e9mon\n|rule|Item Clause: Limit 1 of each item\n|clearpoke\n|poke|p1|Whimsicott, L50, M|\n|poke|p1|Basculegion, L50, M|\n|poke|p1|Arcanine-Hisui, L50, M|\n|poke|p1|Hydreigon, L50, F|\n|poke|p1|Farigiraf, L50, F|\n|poke|p1|Pawmot, L50, F|\n|poke|p2|Dondozo, L50, M|\n|poke|p2|Tatsugiri, L50, M|\n|poke|p2|Pelipper, L50, M|\n|poke|p2|Archaludon, L50, M|\n|poke|p2|Amoonguss, L50, M|\n|poke|p2|Murkrow, L50, M|\n|teampreview|4\n|inactive|Battle timer is ON: inactive players will automatically lose when time's up. (requested by datbishgames)\n|\n|t:|1731085583\n|start\n|switch|p1a: Whimsicott|Whimsicott, L50, M|100\/100\n|switch|p1b: Pawmot|Pawmot, L50, F|100\/100\n|switch|p2a: Pelipper|Pelipper, L50, M|100\/100\n|switch|p2b: Archaludon|Archaludon, L50, M|100\/100\n|-weather|RainDance|[from] ability: Drizzle|[of] p2a: Pelipper\n|turn|1\n|\n|t:|1731085597\n|move|p1b: Pawmot|Close Combat|p2b: Archaludon\n|-supereffective|p2b: Archaludon\n|-damage|p2b: Archaludon|11\/100\n|-unboost|p1b: Pawmot|def|1\n|-unboost|p1b: Pawmot|spd|1\n|move|p1a: Whimsicott|Moonblast|p2b: Archaludon\n|-damage|p2b: Archaludon|0 fnt\n|faint|p2b: Archaludon\n|move|p2a: Pelipper|Weather Ball|p1b: Pawmot\n|-enditem|p1b: Pawmot|Focus Sash\n|-damage|p1b: Pawmot|1\/100\n|\n|-weather|RainDance|[upkeep]\n|upkeep\n|\n|t:|1731085610\n|switch|p2b: Dondozo|Dondozo, L50, M|100\/100\n|turn|2\n|\n|t:|1731085619\n|move|p2b: Dondozo|Protect|p2b: Dondozo\n|-singleturn|p2b: Dondozo|Protect\n|move|p1a: Whimsicott|Tailwind|p1a: Whimsicott\n|-sidestart|p1: datbishgames|move: Tailwind\n|move|p1b: Pawmot|Double Shock|p2b: Dondozo\n|-activate|p2b: Dondozo|move: Protect\n|move|p2a: Pelipper|Weather Ball|p1b: Pawmot\n|-damage|p1b: Pawmot|0 fnt\n|faint|p1b: Pawmot\n|\n|-weather|RainDance|[upkeep]\n|upkeep\n|\n|t:|1731085627\n|switch|p1b: Basculegion|Basculegion, L50, M|100\/100\n|turn|3\n|\n|t:|1731085633\n|switch|p2b: Tatsugiri|Tatsugiri, L50, M|100\/100\n|move|p1a: Whimsicott|Encore||[still]\n|-fail|p1a: Whimsicott\n|move|p1b: Basculegion|Last Respects|p2a: Pelipper\n|-crit|p2a: Pelipper\n|-enditem|p2a: Pelipper|Focus Sash\n|-damage|p2a: Pelipper|1\/100\n|move|p2a: Pelipper|Hurricane|p1a: Whimsicott\n|-supereffective|p1a: Whimsicott\n|-damage|p1a: Whimsicott|0 fnt\n|faint|p1a: Whimsicott\n|\n|-weather|RainDance|[upkeep]\n|upkeep\n|\n|t:|1731085647\n|switch|p1a: Hydreigon|Hydreigon, L50, F|100\/100\n|turn|4\n|\n|t:|1731085663\n|switch|p2a: Dondozo|Dondozo, L50, M|100\/100\n|-activate|p2b: Tatsugiri|ability: Commander|[of] p2a: Dondozo\n|-boost|p2a: Dondozo|atk|2\n|-boost|p2a: Dondozo|spa|2\n|-boost|p2a: Dondozo|spe|2\n|-boost|p2a: Dondozo|def|2\n|-boost|p2a: Dondozo|spd|2\n|move|p1a: Hydreigon|Heat Wave|p2b: Tatsugiri|[spread] p2a\n|-miss|p1a: Hydreigon|p2b: Tatsugiri\n|-resisted|p2a: Dondozo\n|-crit|p2a: Dondozo\n|-damage|p2a: Dondozo|87\/100\n|-damage|p1a: Hydreigon|91\/100|[from] item: Life Orb\n|move|p1b: Basculegion|Last Respects|p2a: Dondozo\n|-damage|p2a: Dondozo|38\/100\n|\n|-weather|RainDance|[upkeep]\n|upkeep\n|turn|5\n|\n|t:|1731085679\n|move|p2a: Dondozo|Protect|p2a: Dondozo\n|-singleturn|p2a: Dondozo|Protect\n|move|p1a: Hydreigon|Draco Meteor|p2a: Dondozo\n|-activate|p2a: Dondozo|move: Protect\n|move|p1b: Basculegion|Last Respects|p2a: Dondozo\n|-activate|p2a: Dondozo|move: Protect\n|\n|-weather|none\n|-sideend|p1: datbishgames|move: Tailwind\n|upkeep\n|turn|6\n|j| test0099\n|\n|t:|1731085701\n|move|p1a: Hydreigon|Protect|p1a: Hydreigon\n|-singleturn|p1a: Hydreigon|Protect\n|move|p2a: Dondozo|Surf|p1b: Basculegion|[spread] p1b\n|-miss|p2a: Dondozo|p2b: Tatsugiri\n|-activate|p1a: Hydreigon|move: Protect\n|-resisted|p1b: Basculegion\n|-damage|p1b: Basculegion|77\/100\n|move|p1b: Basculegion|Last Respects|p2a: Dondozo\n|-damage|p2a: Dondozo|0 fnt\n|faint|p2a: Dondozo\n|\n|upkeep\n|\n|t:|1731085712\n|switch|p2a: Pelipper|Pelipper, L50, M|1\/100\n|-weather|RainDance|[from] ability: Drizzle|[of] p2a: Pelipper\n|turn|7\n|\n|t:|1731085729\n|-terastallize|p2b: Tatsugiri|Fairy\n|-terastallize|p1a: Hydreigon|Fire\n|move|p2b: Tatsugiri|Dragon Pulse|p1a: Hydreigon\n|-damage|p1a: Hydreigon|44\/100\n|move|p1a: Hydreigon|Heat Wave|p2b: Tatsugiri|[spread] p2a,p2b\n|-resisted|p2a: Pelipper\n|-damage|p2a: Pelipper|0 fnt\n|-damage|p2b: Tatsugiri|67\/100\n|faint|p2a: Pelipper\n|-damage|p1a: Hydreigon|34\/100|[from] item: Life Orb\n|move|p1b: Basculegion|Last Respects|p2b: Tatsugiri\n|-damage|p2b: Tatsugiri|0 fnt\n|faint|p2b: Tatsugiri\n|\n|win|datbishgames\n|raw|datbishgames's rating: 1742 &rarr; <strong>1761<\/strong><br \/>(+19 for winning)\n|raw|jhyjhyt's rating: 1716 &rarr; <strong>1697<\/strong><br \/>(-19 for losing)\n|l|\u2606jhyjhyt\n|player|p2|\n|l|\u2606datbishgames\n|player|p1|\n|l| test0099\n","uploadtime":1731085931,"views":24,"formatid":"gen9vgc2024regh","rating":1697,"private":0,"password":null}