{"id":"gen9vgc2024regh-2240804445","format":"[Gen 9] VGC 2024 Reg H","players":["Gurrasnurra5","Gabdude"],"log":"|j|\u2606Gurrasnurra5\n|j|\u2606Gabdude\n|t:|1731195577\n|gametype|doubles\n|player|p1|Gurrasnurra5|wattson|1726\n|player|p2|Gabdude|guitarist|1647\n|teamsize|p1|6\n|teamsize|p2|6\n|gen|9\n|tier|[Gen 9] VGC 2024 Reg H\n|rated|\n|rule|Species Clause: Limit one of each Pok\u00e9mon\n|rule|Item Clause: Limit 1 of each item\n|clearpoke\n|poke|p1|Porygon2, L50|\n|poke|p1|Incineroar, L50, M|\n|poke|p1|Rillaboom, L50, F|\n|poke|p1|Kingambit, L50, F|\n|poke|p1|Sneasler, L50, M|\n|poke|p1|Basculegion, L50, M|\n|poke|p2|Slaking, L50, F|\n|poke|p2|Weezing-Galar, L50, M|\n|poke|p2|Incineroar, L50, F|\n|poke|p2|Toedscruel, L50, M|\n|poke|p2|Pawmot, L50, F|\n|poke|p2|Dragapult, L50, F|\n|teampreview|4\n|inactive|Battle timer is ON: inactive players will automatically lose when time's up. (requested by Gurrasnurra5)\nGurrasnurra5 has agreed to open team sheets.\n|\n|t:|1731195602\n|start\n|switch|p1a: Incineroar|Incineroar, L50, M|100\/100\n|switch|p1b: Kingambit|Kingambit, L50, F|100\/100\n|switch|p2a: Weezing|Weezing-Galar, L50, M|100\/100\n|switch|p2b: Toedscruel|Toedscruel, L50, M|100\/100\n|-ability|p2a: Weezing|Neutralizing Gas\n|turn|1\n|\n|t:|1731195613\n|-terastallize|p2b: Toedscruel|Ghost\n|move|p1a: Incineroar|Fake Out|p2b: Toedscruel\n|-immune|p2b: Toedscruel\n|move|p2b: Toedscruel|Spore|p1b: Kingambit\n|-activate|p1b: Kingambit|item: Safety Goggles|Spore\n|move|p2a: Weezing|Dazzling Gleam|p1b: Kingambit|[spread] p1a,p1b\n|-damage|p1a: Incineroar|67\/100\n|-damage|p1b: Kingambit|62\/100\n|move|p1b: Kingambit|Swords Dance|p1b: Kingambit\n|-boost|p1b: Kingambit|atk|2\n|\n|upkeep\n|turn|2\n|j| mr pogostick\n|\n|t:|1731195640\n|move|p2b: Toedscruel|Earth Power|p1b: Kingambit\n|-supereffective|p1b: Kingambit\n|-damage|p1b: Kingambit|0 fnt\n|faint|p1b: Kingambit\n|move|p1a: Incineroar|Parting Shot|p2a: Weezing\n|-unboost|p2a: Weezing|atk|1\n|-unboost|p2a: Weezing|spa|1\n|inactive|Gurrasnurra5 has 30 seconds left.\n|\n|t:|1731195671\n|switch|p1a: Basculegion|Basculegion, L50, M|100\/100|[from] Parting Shot\n|move|p2a: Weezing|Dazzling Gleam|p1a: Basculegion\n|-damage|p1a: Basculegion|63\/100\n|\n|upkeep\n|\n|t:|1731195674\n|switch|p1b: Incineroar|Incineroar, L50, M|67\/100\n|turn|3\n|\n|t:|1731195680\n|move|p1b: Incineroar|Fake Out|p2a: Weezing\n|-damage|p2a: Weezing|87\/100\n|move|p1a: Basculegion|Last Respects|p2b: Toedscruel\n|-supereffective|p2b: Toedscruel\n|-enditem|p2b: Toedscruel|Focus Sash\n|-damage|p2b: Toedscruel|1\/100\n|move|p2b: Toedscruel|Spore|p1a: Basculegion\n|-status|p1a: Basculegion|slp|[from] move: Spore\n|cant|p2a: Weezing|flinch\n|\n|upkeep\n|turn|4\n|inactive|Gabdude has 30 seconds left.\n|\n|t:|1731195708\n|switch|p1a: Porygon2|Porygon2, L50|100\/100\n|move|p2b: Toedscruel|Earth Power|p1a: Porygon2\n|-damage|p1a: Porygon2|83\/100\n|move|p1b: Incineroar|Knock Off|p2b: Toedscruel\n|-supereffective|p2b: Toedscruel\n|-damage|p2b: Toedscruel|0 fnt\n|faint|p2b: Toedscruel\n|move|p2a: Weezing|Dazzling Gleam|p1a: Porygon2|[spread] p1a,p1b\n|-damage|p1a: Porygon2|67\/100\n|-damage|p1b: Incineroar|42\/100\n|-enditem|p1b: Incineroar|Sitrus Berry|[eat]\n|-heal|p1b: Incineroar|67\/100|[from] item: Sitrus Berry\n|\n|upkeep\n|\n|t:|1731195714\n|switch|p2b: Pawmot|Pawmot, L50, F|100\/100\n|turn|5\n|\n|t:|1731195735\n|move|p2b: Pawmot|Fake Out|p1a: Porygon2\n|-damage|p1a: Porygon2|56\/100\n|-damage|p2b: Pawmot|91\/100|[from] item: Life Orb\n|move|p1b: Incineroar|Flare Blitz|p2a: Weezing\n|-damage|p2a: Weezing|35\/100\n|-damage|p1b: Incineroar|55\/100|[from] Recoil\n|move|p2a: Weezing|Dazzling Gleam|p1b: Incineroar|[spread] p1a,p1b\n|-damage|p1a: Porygon2|40\/100\n|-damage|p1b: Incineroar|30\/100\n|cant|p1a: Porygon2|flinch\n|\n|upkeep\n|turn|6\n|\n|t:|1731195745\n|-terastallize|p1a: Porygon2|Fighting\n|move|p2b: Pawmot|Double Shock|p1a: Porygon2\n|-damage|p1a: Porygon2|0 fnt\n|-start|p2b: Pawmot|typechange|???\/Fighting|[from] move: Double Shock\n|faint|p1a: Porygon2\n|-damage|p2b: Pawmot|81\/100|[from] item: Life Orb\n|move|p1b: Incineroar|Flare Blitz|p2a: Weezing\n|-damage|p2a: Weezing|0 fnt\n|faint|p2a: Weezing\n|-end|p2a: Weezing|ability: Neutralizing Gas\n|-ability|p1b: Incineroar|Intimidate|boost\n|-unboost|p2b: Pawmot|atk|1\n|-damage|p1b: Incineroar|22\/100|[from] Recoil\n|\n|upkeep\n|\n|t:|1731195752\n|switch|p2a: Incineroar|Incineroar, L50, F|100\/100\n|switch|p1a: Basculegion|Basculegion, L50, M|63\/100 slp\n|-ability|p2a: Incineroar|Intimidate|boost\n|-unboost|p1a: Basculegion|atk|1\n|-unboost|p1b: Incineroar|atk|1\n|turn|7\n|\n|t:|1731195760\n|cant|p1a: Basculegion|slp\n|move|p2b: Pawmot|Close Combat|p1b: Incineroar\n|-supereffective|p1b: Incineroar\n|-damage|p1b: Incineroar|0 fnt\n|-unboost|p2b: Pawmot|def|1\n|-unboost|p2b: Pawmot|spd|1\n|faint|p1b: Incineroar\n|-damage|p2b: Pawmot|72\/100|[from] item: Life Orb\n|move|p2a: Incineroar|Knock Off|p1a: Basculegion\n|-supereffective|p1a: Basculegion\n|-damage|p1a: Basculegion|0 fnt\n|-enditem|p1a: Basculegion|Choice Scarf|[from] move: Knock Off|[of] p2a: Incineroar\n|faint|p1a: Basculegion\n|\n|win|Gabdude\n|raw|Gurrasnurra5's rating: 1726 &rarr; <strong>1702<\/strong><br \/>(-24 for losing)\n|raw|Gabdude's rating: 1647 &rarr; <strong>1671<\/strong><br \/>(+24 for winning)\n|l|\u2606Gurrasnurra5\n|player|p1|\n|l| mr pogostick\n|l|\u2606Gabdude\n|player|p2|\n","uploadtime":1731195912,"views":26,"formatid":"gen9vgc2024regh","rating":1671,"private":0,"password":null}