{"id":"gen9vgc2024regh-2240418415","format":"[Gen 9] VGC 2024 Reg H","players":["ren122333","xiaoliyun.official"],"log":"|j|\u2606ren122333\n|j|\u2606xiaoliyun.official\n|t:|1731137831\n|gametype|doubles\n|player|p1|ren122333|hilbert|1683\n|player|p2|xiaoliyun.official|gloria-league|1684\n|teamsize|p1|6\n|teamsize|p2|6\n|gen|9\n|tier|[Gen 9] VGC 2024 Reg H\n|rated|\n|rule|Species Clause: Limit one of each Pok\u00e9mon\n|rule|Item Clause: Limit 1 of each item\n|clearpoke\n|poke|p1|Whimsicott, L50, M|\n|poke|p1|Mamoswine, L50, F|\n|poke|p1|Lycanroc-Dusk, L50, F|\n|poke|p1|Typhlosion-Hisui, L50, M|\n|poke|p1|Farigiraf, L50, M|\n|poke|p1|Mienshao, L50, F|\n|poke|p2|Incineroar, L50, F|\n|poke|p2|Rillaboom, L50, F|\n|poke|p2|Gholdengo, L50|\n|poke|p2|Porygon2, L50|\n|poke|p2|Sneasler, L50, F|\n|poke|p2|Garchomp, L50, M|\n|teampreview|4\n|inactive|Battle timer is ON: inactive players will automatically lose when time's up. (requested by xiaoliyun.official)\n|\n|t:|1731137853\n|start\n|switch|p1a: Farigiraf|Farigiraf, L50, M|100\/100\n|switch|p1b: Mienshao|Mienshao, L50, F|100\/100\n|switch|p2a: Incineroar|Incineroar, L50, F, shiny|100\/100\n|switch|p2b: Sneasler|Sneasler, L50, F|100\/100\n|-ability|p2a: Incineroar|Intimidate|boost\n|-unboost|p1a: Farigiraf|atk|1\n|-fail|p1b: Mienshao|unboost|Attack|[from] ability: Inner Focus|[of] p1b: Mienshao\n|turn|1\n|j| showdown the spire\n|\n|t:|1731137876\n|-terastallize|p2b: Sneasler|Dark\n|move|p2b: Sneasler|Dire Claw|p1b: Mienshao\n|-damage|p1b: Mienshao|21\/100\n|-status|p1b: Mienshao|slp\n|cant|p1b: Mienshao|slp\n|move|p1a: Farigiraf|Hyper Voice|p2b: Sneasler|[spread] p2a,p2b\n|-crit|p2a: Incineroar\n|-damage|p2a: Incineroar|66\/100\n|-damage|p2b: Sneasler|53\/100\n|move|p2a: Incineroar|Knock Off|p1a: Farigiraf\n|-supereffective|p1a: Farigiraf\n|-damage|p1a: Farigiraf|20\/100\n|-enditem|p1a: Farigiraf|Mental Herb|[from] move: Knock Off|[of] p2a: Incineroar\n|\n|upkeep\n|turn|2\n|\n|t:|1731137896\n|move|p2b: Sneasler|Dire Claw|p1a: Farigiraf\n|-damage|p1a: Farigiraf|0 fnt\n|faint|p1a: Farigiraf\n|cant|p1b: Mienshao|slp\n|move|p2a: Incineroar|Knock Off|p1b: Mienshao\n|-resisted|p1b: Mienshao\n|-damage|p1b: Mienshao|0 fnt\n|-enditem|p1b: Mienshao|Life Orb|[from] move: Knock Off|[of] p2a: Incineroar\n|faint|p1b: Mienshao\n|\n|upkeep\n|\n|t:|1731137902\n|switch|p1b: Mamoswine|Mamoswine, L50, F|100\/100\n|switch|p1a: Typhlosion|Typhlosion-Hisui, L50, M|100\/100\n|-item|p2a: Incineroar|Safety Goggles|[from] ability: Frisk|[of] p1a: Typhlosion\n|-item|p2b: Sneasler|Grassy Seed|[from] ability: Frisk|[of] p1a: Typhlosion\n|turn|3\n|\n|t:|1731137916\n|-terastallize|p1a: Typhlosion|Fire\n|move|p2b: Sneasler|Protect|p2b: Sneasler\n|-singleturn|p2b: Sneasler|Protect\n|move|p1a: Typhlosion|Heat Wave|p2b: Sneasler|[spread] p2a\n|-activate|p2b: Sneasler|move: Protect\n|-resisted|p2a: Incineroar\n|-damage|p2a: Incineroar|37\/100\n|move|p1b: Mamoswine|High Horsepower|p2a: Incineroar\n|-supereffective|p2a: Incineroar\n|-damage|p2a: Incineroar|0 fnt\n|faint|p2a: Incineroar\n|\n|upkeep\n|\n|t:|1731137926\n|switch|p2a: Rillaboom|Rillaboom, L50, F, shiny|100\/100\n|-fieldstart|move: Grassy Terrain|[from] ability: Grassy Surge|[of] p2a: Rillaboom\n|-enditem|p2b: Sneasler|Grassy Seed\n|-boost|p2b: Sneasler|def|1|[from] item: Grassy Seed\n|turn|4\n|\n|t:|1731137937\n|move|p2a: Rillaboom|Fake Out|p1b: Mamoswine\n|-damage|p1b: Mamoswine|84\/100\n|move|p2b: Sneasler|Close Combat|p1b: Mamoswine\n|-supereffective|p1b: Mamoswine\n|-damage|p1b: Mamoswine|0 fnt\n|-unboost|p2b: Sneasler|def|1\n|-unboost|p2b: Sneasler|spd|1\n|faint|p1b: Mamoswine\n|move|p1a: Typhlosion|Heat Wave|p2a: Rillaboom|[spread] p2a,p2b\n|-supereffective|p2a: Rillaboom\n|-damage|p2a: Rillaboom|0 fnt\n|-damage|p2b: Sneasler|0 fnt\n|faint|p2a: Rillaboom\n|faint|p2b: Sneasler\n|\n|upkeep\n|\n|t:|1731137943\n|switch|p2a: Garchomp|Garchomp, L50, M, shiny|100\/100\n|turn|5\n|\n|t:|1731137948\n|move|p1a: Typhlosion|Heat Wave|p2a: Garchomp\n|-resisted|p2a: Garchomp\n|-damage|p2a: Garchomp|58\/100\n|move|p2a: Garchomp|Stomping Tantrum|p1a: Typhlosion\n|-supereffective|p1a: Typhlosion\n|-damage|p1a: Typhlosion|4\/100\n|\n|-heal|p1a: Typhlosion|10\/100|[from] Grassy Terrain\n|-heal|p2a: Garchomp|64\/100|[from] Grassy Terrain\n|upkeep\n|turn|6\n|\n|t:|1731137955\n|move|p1a: Typhlosion|Heat Wave|p2a: Garchomp\n|-resisted|p2a: Garchomp\n|-damage|p2a: Garchomp|22\/100\n|move|p2a: Garchomp|Stomping Tantrum|p1a: Typhlosion\n|-supereffective|p1a: Typhlosion\n|-damage|p1a: Typhlosion|0 fnt\n|faint|p1a: Typhlosion\n|\n|win|xiaoliyun.official\n|raw|ren122333's rating: 1683 &rarr; <strong>1663<\/strong><br \/>(-20 for losing)\n|raw|xiaoliyun.official's rating: 1684 &rarr; <strong>1704<\/strong><br \/>(+20 for winning)\n|l|\u2606ren122333\n|player|p1|\n|l|\u2606xiaoliyun.official\n|player|p2|\n","uploadtime":1731138146,"views":32,"formatid":"gen9vgc2024regh","rating":1663,"private":0,"password":null}