{"id":"gen9vgc2024regh-2240412809","format":"[Gen 9] VGC 2024 Reg H","players":["ren122333","fennel_strawborzoi"],"log":"|j|\u2606ren122333\n|j|\u2606fennel_strawborzoi\n|t:|1731136559\n|gametype|doubles\n|player|p1|ren122333|hilbert|1687\n|player|p2|fennel_strawborzoi|cynthia|1763\n|teamsize|p1|6\n|teamsize|p2|6\n|gen|9\n|tier|[Gen 9] VGC 2024 Reg H\n|rated|\n|rule|Species Clause: Limit one of each Pok\u00e9mon\n|rule|Item Clause: Limit 1 of each item\n|clearpoke\n|poke|p1|Whimsicott, L50, F|\n|poke|p1|Mamoswine, L50, M|\n|poke|p1|Lycanroc-Dusk, L50, M|\n|poke|p1|Typhlosion-Hisui, L50, M|\n|poke|p1|Farigiraf, L50, M|\n|poke|p1|Mienshao, L50, M|\n|poke|p2|Kommo-o, L50, F|\n|poke|p2|Dragonite, L50, F|\n|poke|p2|Gholdengo, L50|\n|poke|p2|Grimmsnarl, L50, M|\n|poke|p2|Volcarona, L50, M|\n|poke|p2|Ursaluna-Bloodmoon, L50, M|\n|teampreview|4\nfennel_strawborzoi has agreed to open team sheets.\n|inactive|Battle timer is ON: inactive players will automatically lose when time's up. (requested by ren122333)\nren122333 has agreed to open team sheets.\n|\n|t:|1731136600\n|start\n|switch|p1a: Whimsicott|Whimsicott, L50, F|100\/100\n|switch|p1b: Lycanroc|Lycanroc-Dusk, L50, M|100\/100\n|switch|p2a: Grimmsnarl|Grimmsnarl, L50, M|100\/100\n|switch|p2b: Volcarona|Volcarona, L50, M, shiny|100\/100\n|turn|1\n|\n|t:|1731136612\n|switch|p2b: Gholdengo|Gholdengo, L50|100\/100\n|move|p1a: Whimsicott|Tailwind|p1a: Whimsicott\n|-sidestart|p1: ren122333|move: Tailwind\n|move|p2a: Grimmsnarl|Reflect|p2a: Grimmsnarl\n|-sidestart|p2: fennel_strawborzoi|Reflect\n|move|p1b: Lycanroc|Rock Slide|p2a: Grimmsnarl|[spread] p2a,p2b\n|-resisted|p2b: Gholdengo\n|-damage|p2a: Grimmsnarl|76\/100\n|-damage|p2b: Gholdengo|86\/100\n|\n|-heal|p2b: Gholdengo|93\/100|[from] item: Leftovers\n|upkeep\n|turn|2\n|\n|t:|1731136628\n|switch|p1b: Typhlosion|Typhlosion-Hisui, L50, M|100\/100\n|-item|p2a: Grimmsnarl|Light Clay|[from] ability: Frisk|[of] p1b: Typhlosion\n|-item|p2b: Gholdengo|Leftovers|[from] ability: Frisk|[of] p1b: Typhlosion\n|move|p2a: Grimmsnarl|Thunder Wave|p1b: Typhlosion\n|-status|p1b: Typhlosion|par\n|move|p1a: Whimsicott|Moonblast|p2a: Grimmsnarl\n|-supereffective|p2a: Grimmsnarl\n|-damage|p2a: Grimmsnarl|9\/100\n|-unboost|p2a: Grimmsnarl|spa|1\n|move|p2b: Gholdengo|Make It Rain|p1b: Typhlosion|[spread] p1a,p1b\n|-supereffective|p1a: Whimsicott\n|-resisted|p1b: Typhlosion\n|-enditem|p1a: Whimsicott|Focus Sash\n|-damage|p1a: Whimsicott|1\/100\n|-damage|p1b: Typhlosion|70\/100 par\n|-unboost|p2b: Gholdengo|spa|1\n|\n|-heal|p2b: Gholdengo|99\/100|[from] item: Leftovers\n|upkeep\n|turn|3\n|inactive|fennel_strawborzoi has 30 seconds left.\n|inactive|fennel_strawborzoi has 20 seconds left.\n|inactive|fennel_strawborzoi has 15 seconds left.\n|\n|t:|1731136668\n|-terastallize|p2b: Gholdengo|Water\n|move|p1a: Whimsicott|Tailwind||[still]\n|-fail|p1a: Whimsicott\n|move|p2a: Grimmsnarl|Light Screen|p2a: Grimmsnarl\n|-sidestart|p2: fennel_strawborzoi|move: Light Screen\n|move|p1b: Typhlosion|Eruption|p2b: Gholdengo|[spread] p2a,p2b\n|-resisted|p2b: Gholdengo\n|-damage|p2a: Grimmsnarl|0 fnt\n|-damage|p2b: Gholdengo|78\/100\n|faint|p2a: Grimmsnarl\n|move|p2b: Gholdengo|Nasty Plot|p2b: Gholdengo\n|-boost|p2b: Gholdengo|spa|2\n|\n|-heal|p2b: Gholdengo|85\/100|[from] item: Leftovers\n|upkeep\n|\n|t:|1731136679\n|switch|p2a: Dragonite|Dragonite, L50, F|100\/100\n|turn|4\n|\n|t:|1731136686\n|-terastallize|p1a: Whimsicott|Ghost\n|move|p1a: Whimsicott|Moonblast|p2a: Dragonite\n|-supereffective|p2a: Dragonite\n|-damage|p2a: Dragonite|78\/100\n|-unboost|p2a: Dragonite|spa|1\n|move|p1b: Typhlosion|Eruption|p2b: Gholdengo|[spread] p2a,p2b\n|-resisted|p2a: Dragonite\n|-resisted|p2b: Gholdengo\n|-damage|p2a: Dragonite|59\/100\n|-damage|p2b: Gholdengo|65\/100\n|move|p2b: Gholdengo|Shadow Ball|p1a: Whimsicott\n|-supereffective|p1a: Whimsicott\n|-damage|p1a: Whimsicott|0 fnt\n|faint|p1a: Whimsicott\n|move|p2a: Dragonite|Scale Shot|p1b: Typhlosion\n|-damage|p1b: Typhlosion|47\/100 par\n|-damage|p1b: Typhlosion|27\/100 par\n|-damage|p1b: Typhlosion|5\/100 par\n|-damage|p1b: Typhlosion|0 fnt\n|faint|p1b: Typhlosion\n|-hitcount|p1: Typhlosion|4\n|-unboost|p2a: Dragonite|def|1\n|-boost|p2a: Dragonite|spe|1\n|\n|-heal|p2b: Gholdengo|72\/100|[from] item: Leftovers\n|-sideend|p1: ren122333|move: Tailwind\n|upkeep\n|j| SCUM party\n|\n|t:|1731136696\n|switch|p1a: Lycanroc|Lycanroc-Dusk, L50, M|100\/100\n|switch|p1b: Mienshao|Mienshao, L50, M|100\/100\n|turn|5\n|\n|t:|1731136708\n|move|p1a: Lycanroc|Sucker Punch|p2a: Dragonite\n|-damage|p2a: Dragonite|13\/100\n|move|p2a: Dragonite|Scale Shot|p1b: Mienshao\n|-damage|p1b: Mienshao|69\/100\n|-damage|p1b: Mienshao|42\/100\n|-damage|p1b: Mienshao|10\/100\n|-damage|p1b: Mienshao|0 fnt\n|faint|p1b: Mienshao\n|-hitcount|p1: Mienshao|4\n|-unboost|p2a: Dragonite|def|1\n|-boost|p2a: Dragonite|spe|1\n|move|p2b: Gholdengo|Make It Rain|p1a: Lycanroc\n|-supereffective|p1a: Lycanroc\n|-damage|p1a: Lycanroc|0 fnt\n|-unboost|p2b: Gholdengo|spa|1\n|faint|p1a: Lycanroc\n|\n|win|fennel_strawborzoi\n|raw|ren122333's rating: 1687 &rarr; <strong>1671<\/strong><br \/>(-16 for losing)\n|raw|fennel_strawborzoi's rating: 1763 &rarr; <strong>1779<\/strong><br \/>(+16 for winning)\n|l|\u2606ren122333\n|player|p1|\n|l|\u2606fennel_strawborzoi\n|player|p2|\n","uploadtime":1731136722,"views":77,"formatid":"gen9vgc2024regh","rating":1671,"private":0,"password":null}