{"id":"gen9vgc2024regh-2240442272","format":"[Gen 9] VGC 2024 Reg H","players":["yorickvgc","Omiim"],"log":"|j|\u2606yorickvgc\n|j|\u2606Omiim\n|t:|1731143444\n|gametype|doubles\n|player|p1|yorickvgc|266|1721\n|player|p2|Omiim|102|1787\n|teamsize|p1|6\n|teamsize|p2|6\n|gen|9\n|tier|[Gen 9] VGC 2024 Reg H\n|rated|\n|rule|Species Clause: Limit one of each Pok\u00e9mon\n|rule|Item Clause: Limit 1 of each item\n|clearpoke\n|poke|p1|Ursaluna, L50, M|\n|poke|p1|Indeedee-F, L50, F|\n|poke|p1|Exeggutor, L50, M|\n|poke|p1|Torkoal, L50, M|\n|poke|p1|Gallade, L50, M|\n|poke|p1|Zoroark-Hisui, L50, M|\n|poke|p2|Dondozo, L50, M|\n|poke|p2|Tatsugiri, L50, F|\n|poke|p2|Gholdengo, L50|\n|poke|p2|Dragonite, L50, F|\n|poke|p2|Blaziken, L50, F|\n|poke|p2|Kilowattrel, L50, M|\n|teampreview|4\nOmiim has agreed to open team sheets.\n|inactive|Battle timer is ON: inactive players will automatically lose when time's up. (requested by Omiim)\n|inactive|Omiim has 60 seconds left.\n|\n|t:|1731143486\n|start\n|switch|p1a: Indeedee|Indeedee-F, L50, F|100\/100\n|switch|p1b: Ursaluna|Ursaluna, L50, M|100\/100\n|switch|p2a: Gholdengo|Gholdengo, L50, shiny|100\/100\n|switch|p2b: Dragonite|Dragonite, L50, F, shiny|100\/100\n|-fieldstart|move: Psychic Terrain|[from] ability: Psychic Surge|[of] p1a: Indeedee\n|-enditem|p1a: Indeedee|Psychic Seed\n|-boost|p1a: Indeedee|spd|1|[from] item: Psychic Seed\n|turn|1\n|j| Greenrome\n|inactive|yorickvgc has 30 seconds left.\n|inactive|Omiim has 30 seconds left.\n|inactive|yorickvgc has 20 seconds left.\n|inactive|Omiim has 20 seconds left.\n|inactive|Omiim has 15 seconds left.\n|\n|t:|1731143527\n|-terastallize|p2a: Gholdengo|Steel\n|move|p1a: Indeedee|Helping Hand|p1b: Ursaluna\n|-singleturn|p1b: Ursaluna|Helping Hand|[of] p1a: Indeedee\n|move|p1b: Ursaluna|Shadow Ball|p2a: Gholdengo\n|-damage|p2a: Gholdengo|0 fnt\n|faint|p2a: Gholdengo\n|move|p2b: Dragonite|Stomping Tantrum|p1a: Indeedee\n|-damage|p1a: Indeedee|56\/100\n|\n|upkeep\n|\n|t:|1731143537\n|switch|p2a: Dondozo|Dondozo, L50, M, shiny|100\/100\n|turn|2\n|\n|t:|1731143545\n|switch|p2b: Tatsugiri|Tatsugiri, L50, F, shiny|100\/100\n|-activate|p2b: Tatsugiri|ability: Commander|[of] p2a: Dondozo\n|-boost|p2a: Dondozo|atk|2\n|-boost|p2a: Dondozo|spa|2\n|-boost|p2a: Dondozo|spe|2\n|-boost|p2a: Dondozo|def|2\n|-boost|p2a: Dondozo|spd|2\n|move|p1a: Indeedee|Helping Hand|p1b: Ursaluna\n|-singleturn|p1b: Ursaluna|Helping Hand|[of] p1a: Indeedee\n|move|p1b: Ursaluna|Shadow Ball|p2b: Tatsugiri|[miss]\n|-miss|p1b: Ursaluna|p2b: Tatsugiri\n|move|p2a: Dondozo|Earthquake|p1a: Indeedee|[spread] p1a,p1b\n|-miss|p2a: Dondozo|p2b: Tatsugiri\n|-damage|p1a: Indeedee|13\/100\n|-damage|p1b: Ursaluna|9\/100\n|replace|p1b: Zoroark|Zoroark-Hisui, L50, M\n|-end|p1b: Zoroark|Illusion\n|\n|upkeep\n|turn|3\n|\n|t:|1731143562\n|move|p1a: Indeedee|Follow Me|p1a: Indeedee\n|-singleturn|p1a: Indeedee|move: Follow Me\n|move|p1b: Zoroark|Shadow Ball|p2a: Dondozo\n|-damage|p2a: Dondozo|67\/100\n|-unboost|p2a: Dondozo|spd|1\n|move|p2a: Dondozo|Earthquake|p1a: Indeedee|[spread] p1a,p1b\n|-miss|p2a: Dondozo|p2b: Tatsugiri\n|-damage|p1a: Indeedee|0 fnt\n|-damage|p1b: Zoroark|0 fnt\n|faint|p1a: Indeedee\n|faint|p1b: Zoroark\n|\n|-heal|p2a: Dondozo|74\/100|[from] item: Leftovers\n|upkeep\n|\n|t:|1731143566\n|switch|p1b: Ursaluna|Ursaluna, L50, M|100\/100\n|switch|p1a: Torkoal|Torkoal, L50, M|100\/100\n|-weather|SunnyDay|[from] ability: Drought|[of] p1a: Torkoal\n|turn|4\n|\n|t:|1731143587\n|move|p1b: Ursaluna|Protect|p1b: Ursaluna\n|-singleturn|p1b: Ursaluna|Protect\n|move|p2a: Dondozo|Earthquake|p1a: Torkoal|[spread] p1a\n|-miss|p2a: Dondozo|p2b: Tatsugiri\n|-activate|p1b: Ursaluna|move: Protect\n|-supereffective|p1a: Torkoal\n|-damage|p1a: Torkoal|21\/100\n|move|p1a: Torkoal|Clear Smog|p2a: Dondozo\n|-damage|p2a: Dondozo|62\/100\n|-clearboost|p2a: Dondozo\n|\n|-weather|SunnyDay|[upkeep]\n|-heal|p2a: Dondozo|68\/100|[from] item: Leftovers\n|-status|p1b: Ursaluna|brn|[from] item: Flame Orb\n|upkeep\n|turn|5\n|inactive|Omiim has 30 seconds left.\n|\n|t:|1731143621\n|move|p1a: Torkoal|Protect|p1a: Torkoal\n|-singleturn|p1a: Torkoal|Protect\n|move|p2a: Dondozo|Earthquake|p1b: Ursaluna|[spread] p1b\n|-miss|p2a: Dondozo|p2b: Tatsugiri\n|-activate|p1a: Torkoal|move: Protect\n|-damage|p1b: Ursaluna|84\/100 brn\n|move|p1b: Ursaluna|Facade|p2a: Dondozo\n|-crit|p2a: Dondozo\n|-damage|p2a: Dondozo|0 fnt\n|faint|p2a: Dondozo\n|\n|-weather|SunnyDay|[upkeep]\n|-damage|p1b: Ursaluna|78\/100 brn|[from] brn\n|-fieldend|move: Psychic Terrain\n|upkeep\n|\n|t:|1731143634\n|switch|p2a: Dragonite|Dragonite, L50, F, shiny|100\/100\n|turn|6\n|\n|t:|1731143655\n|-terastallize|p1b: Ursaluna|Ghost\n|move|p1a: Torkoal|Protect||[still]\n|-fail|p1a: Torkoal\n|move|p2b: Tatsugiri|Muddy Water|p1b: Ursaluna|[spread] p1a\n|-miss|p2b: Tatsugiri|p1b: Ursaluna\n|-supereffective|p1a: Torkoal\n|-damage|p1a: Torkoal|0 fnt\n|faint|p1a: Torkoal\n|move|p2a: Dragonite|Outrage|p1b: Ursaluna\n|-damage|p1b: Ursaluna|0 fnt\n|faint|p1b: Ursaluna\n|\n|win|Omiim\n|raw|yorickvgc's rating: 1721 &rarr; <strong>1705<\/strong><br \/>(-16 for losing)\n|raw|Omiim's rating: 1787 &rarr; <strong>1803<\/strong><br \/>(+16 for winning)\n|l|\u2606Omiim\n|player|p2|\n|l|\u2606yorickvgc\n|player|p1|\n","uploadtime":1731143834,"views":30,"formatid":"gen9vgc2024regh","rating":1705,"private":0,"password":null}