{"id":"gen9vgc2024regh-2240292727","format":"[Gen 9] VGC 2024 Reg H","players":["greenlightdmp","Spottedwoot"],"log":"|j|\u2606greenlightdmp\n|j|\u2606Spottedwoot\n|t:|1731116810\n|gametype|doubles\n|player|p1|greenlightdmp|2|1763\n|player|p2|Spottedwoot|170|1697\n|teamsize|p1|6\n|teamsize|p2|6\n|gen|9\n|tier|[Gen 9] VGC 2024 Reg H\n|rated|\n|rule|Species Clause: Limit one of each Pok\u00e9mon\n|rule|Item Clause: Limit 1 of each item\n|clearpoke\n|poke|p1|Sneasler, L50, F|\n|poke|p1|Indeedee-F, L50, F|\n|poke|p1|Murkrow, L50, M|\n|poke|p1|Archaludon, L50, F|\n|poke|p1|Basculegion, L50, M|\n|poke|p1|Volcarona, L50, M|\n|poke|p2|Kingambit, L50, M|\n|poke|p2|Primarina, L50, M|\n|poke|p2|Salamence, L50, F|\n|poke|p2|Gholdengo, L50|\n|poke|p2|Sneasler, L50, M|\n|poke|p2|Volcarona, L50, M|\n|teampreview|4\n|inactive|Battle timer is ON: inactive players will automatically lose when time's up. (requested by Spottedwoot)\n|\n|t:|1731116865\n|start\n|switch|p1a: MACHBACK|Archaludon, L50, F|100\/100\n|switch|p1b: Raf Camora|Murkrow, L50, M|100\/100\n|switch|p2a: Gholdengo|Gholdengo, L50|100\/100\n|switch|p2b: Kingambit|Kingambit, L50, M|100\/100\n|turn|1\n|inactive|greenlightdmp has 30 seconds left.\n|\n|t:|1731116892\n|move|p2b: Kingambit|Protect|p2b: Kingambit\n|-singleturn|p2b: Kingambit|Protect\n|move|p1b: Raf Camora|Rain Dance|p1b: Raf Camora\n|-weather|RainDance\n|move|p2a: Gholdengo|Shadow Ball|p1a: MACHBACK\n|-damage|p1a: MACHBACK|50\/100\n|-unboost|p1a: MACHBACK|spd|1\n|-ability|p1a: MACHBACK|Stamina|boost\n|-boost|p1a: MACHBACK|def|1\n|move|p1a: MACHBACK|Electro Shot||[still]\n|-prepare|p1a: MACHBACK|Electro Shot\n|-boost|p1a: MACHBACK|spa|1\n|-anim|p1a: MACHBACK|Electro Shot|p2a: Gholdengo\n|-damage|p2a: Gholdengo|25\/100\n|\n|-weather|RainDance|[upkeep]\n|upkeep\n|turn|2\n|inactive|greenlightdmp has 30 seconds left.\n|inactive|Spottedwoot has 30 seconds left.\n|inactive|greenlightdmp has 20 seconds left.\n|\n|t:|1731116928\n|switch|p2a: Sneasler|Sneasler, L50, M|100\/100\n|switch|p2b: Salamence|Salamence, L50, F|100\/100\n|-ability|p2b: Salamence|Intimidate|boost\n|-unboost|p1a: MACHBACK|atk|1\n|-unboost|p1b: Raf Camora|atk|1\n|move|p1b: Raf Camora|Tailwind|p1b: Raf Camora\n|-sidestart|p1: greenlightdmp|move: Tailwind\n|move|p1a: MACHBACK|Electro Shot||[still]\n|-prepare|p1a: MACHBACK|Electro Shot\n|-boost|p1a: MACHBACK|spa|1\n|-anim|p1a: MACHBACK|Electro Shot|p2a: Sneasler\n|-enditem|p2a: Sneasler|Focus Sash\n|-damage|p2a: Sneasler|1\/100\n|\n|-weather|RainDance|[upkeep]\n|upkeep\n|turn|3\n|inactive|greenlightdmp has 30 seconds left.\n|\n|t:|1731116957\n|move|p2a: Sneasler|Close Combat|p1a: MACHBACK\n|-supereffective|p1a: MACHBACK\n|-damage|p1a: MACHBACK|0 fnt\n|-unboost|p2a: Sneasler|def|1\n|-unboost|p2a: Sneasler|spd|1\n|faint|p1a: MACHBACK\n|move|p1b: Raf Camora|Foul Play|p2a: Sneasler\n|-resisted|p2a: Sneasler\n|-damage|p2a: Sneasler|0 fnt\n|faint|p2a: Sneasler\n|move|p2b: Salamence|Tailwind|p2b: Salamence\n|-sidestart|p2: Spottedwoot|move: Tailwind\n|\n|-weather|RainDance|[upkeep]\n|upkeep\n|\n|t:|1731116967\n|switch|p2a: Kingambit|Kingambit, L50, M|100\/100\n|switch|p1a: VEGETA|Basculegion, L50, M|100\/100\n|turn|4\n|inactive|Spottedwoot has 30 seconds left.\n|\n|t:|1731116997\n|-terastallize|p1a: VEGETA|Grass\n|move|p1a: VEGETA|Wave Crash|p2a: Kingambit\n|-damage|p2a: Kingambit|37\/100\n|-damage|p1a: VEGETA|78\/100|[from] Recoil\n|move|p2b: Salamence|Hurricane|p1a: VEGETA\n|-supereffective|p1a: VEGETA\n|-damage|p1a: VEGETA|0 fnt\n|faint|p1a: VEGETA\n|-damage|p2b: Salamence|90\/100|[from] item: Life Orb\n|move|p1b: Raf Camora|Foul Play|p2b: Salamence\n|-damage|p2b: Salamence|50\/100\n|move|p2a: Kingambit|Kowtow Cleave|p1b: Raf Camora\n|-resisted|p1b: Raf Camora\n|-damage|p1b: Raf Camora|77\/100\n|\n|-weather|RainDance|[upkeep]\n|upkeep\n|\n|t:|1731117005\n|switch|p1a: Slim Shady|Sneasler, L50, F|100\/100\n|turn|5\n|inactive|greenlightdmp has 30 seconds left.\n|\n|t:|1731117032\n|-terastallize|p2a: Kingambit|Dark\n|move|p2a: Kingambit|Sucker Punch|p1a: Slim Shady\n|-resisted|p1a: Slim Shady\n|-damage|p1a: Slim Shady|60\/100\n|move|p1a: Slim Shady|Dire Claw|p2b: Salamence\n|-damage|p2b: Salamence|0 fnt\n|faint|p2b: Salamence\n|move|p1b: Raf Camora|Foul Play|p2a: Kingambit\n|-resisted|p2a: Kingambit\n|-damage|p2a: Kingambit|16\/100\n|\n|-weather|none\n|-sideend|p1: greenlightdmp|move: Tailwind\n|upkeep\n|\n|t:|1731117042\n|switch|p2b: Gholdengo|Gholdengo, L50|25\/100\n|turn|6\n|\n|t:|1731117057\n|move|p1b: Raf Camora|Tailwind|p1b: Raf Camora\n|-sidestart|p1: greenlightdmp|move: Tailwind\n|move|p1a: Slim Shady|Throat Chop|p2b: Gholdengo\n|-supereffective|p2b: Gholdengo\n|-damage|p2b: Gholdengo|0 fnt\n|faint|p2b: Gholdengo\n|move|p2a: Kingambit|Kowtow Cleave|p1b: Raf Camora\n|-resisted|p1b: Raf Camora\n|-damage|p1b: Raf Camora|47\/100\n|\n|-sideend|p2: Spottedwoot|move: Tailwind\n|upkeep\n|turn|7\n|-message|Spottedwoot forfeited.\n|\n|win|greenlightdmp\n|raw|greenlightdmp's rating: 1763 &rarr; <strong>1779<\/strong><br \/>(+16 for winning)\n|raw|Spottedwoot's rating: 1697 &rarr; <strong>1681<\/strong><br \/>(-16 for losing)\n|l|\u2606Spottedwoot\n|player|p2|\n|l|\u2606greenlightdmp\n|player|p1|\n","uploadtime":1731117281,"views":25,"formatid":"gen9vgc2024regh","rating":1681,"private":0,"password":null}