{"id":"gen9vgc2024regh-2240682358","format":"[Gen 9] VGC 2024 Reg H","players":["SHIDMONBADGAME","actuary97"],"log":"|j|\u2606SHIDMONBADGAME\n|j|\u2606actuary97\n|t:|1731180236\n|gametype|doubles\n|player|p1|SHIDMONBADGAME|policeman-gen4|1775\n|player|p2|actuary97|sabrina-frlg|1845\n|teamsize|p1|6\n|teamsize|p2|6\n|gen|9\n|tier|[Gen 9] VGC 2024 Reg H\n|rated|\n|rule|Species Clause: Limit one of each Pok\u00e9mon\n|rule|Item Clause: Limit 1 of each item\n|clearpoke\n|poke|p1|Sneasler, L50, M|\n|poke|p1|Indeedee, L50, M|\n|poke|p1|Murkrow, L50, M|\n|poke|p1|Dragapult, L50, M|\n|poke|p1|Delphox, L50, M|\n|poke|p1|Maushold-Four, L50|\n|poke|p2|Whimsicott, L50, F|\n|poke|p2|Gallade, L50, M|\n|poke|p2|Archaludon, L50, F|\n|poke|p2|Malamar, L50, F|\n|poke|p2|Indeedee, L50, M|\n|poke|p2|Drifblim, L50, M|\n|teampreview|4\n|inactive|Battle timer is ON: inactive players will automatically lose when time's up. (requested by SHIDMONBADGAME)\nactuary97 has agreed to open team sheets.\nSHIDMONBADGAME has agreed to open team sheets.\n|inactive|SHIDMONBADGAME has 30 seconds left.\n|inactive|actuary97 has 30 seconds left.\n|inactive|SHIDMONBADGAME has 20 seconds left.\n|inactive|SHIDMONBADGAME has 15 seconds left.\n|inactive|SHIDMONBADGAME has 10 seconds left.\n|j| Blackhole Blitz\n|inactive|SHIDMONBADGAME has 5 seconds left.\n|j| luisYR_a\n|\n|t:|1731180302\n|start\n|switch|p1a: Luis Carruthers|Murkrow, L50, M, shiny|100\/100\n|switch|p1b: Timothy Bryce|Maushold-Four, L50|100\/100\n|switch|p2a: Tapu Deedee|Indeedee, L50, M, shiny|100\/100\n|switch|p2b: \ud83c\udf88\ud83d\udc7b\ud83c\udf83\ud83d\udc7b\ud83c\udf83\ud83c\udf88|Drifblim, L50, M|100\/100\n|-fieldstart|move: Psychic Terrain|[from] ability: Psychic Surge|[of] p2a: Tapu Deedee\n|-enditem|p2b: \ud83c\udf88\ud83d\udc7b\ud83c\udf83\ud83d\udc7b\ud83c\udf83\ud83c\udf88|Psychic Seed\n|-boost|p2b: \ud83c\udf88\ud83d\udc7b\ud83c\udf83\ud83d\udc7b\ud83c\udf83\ud83c\udf88|spd|1|[from] item: Psychic Seed\n|turn|1\n|\n|t:|1731180320\n|switch|p2a: Bridget|Archaludon, L50, F, shiny|100\/100\n|move|p1a: Luis Carruthers|Tailwind|p1a: Luis Carruthers\n|-sidestart|p1: SHIDMONBADGAME|move: Tailwind\n|move|p1b: Timothy Bryce|Taunt|p2b: \ud83c\udf88\ud83d\udc7b\ud83c\udf83\ud83d\udc7b\ud83c\udf83\ud83c\udf88\n|-start|p2b: \ud83c\udf88\ud83d\udc7b\ud83c\udf83\ud83d\udc7b\ud83c\udf83\ud83c\udf88|move: Taunt\n|cant|p2b: \ud83c\udf88\ud83d\udc7b\ud83c\udf83\ud83d\udc7b\ud83c\udf83\ud83c\udf88|move: Taunt|Will-O-Wisp\n|\n|upkeep\n|turn|2\n|l| luisYR_a\n|inactive|SHIDMONBADGAME has 30 seconds left.\n|inactive|SHIDMONBADGAME has 20 seconds left.\n|\n|t:|1731180355\n|switch|p1b: Paul Allen|Sneasler, L50, M, shiny|100\/100\n|-enditem|p1b: Paul Allen|Psychic Seed\n|-boost|p1b: Paul Allen|spd|1|[from] item: Psychic Seed\n|move|p2b: \ud83c\udf88\ud83d\udc7b\ud83c\udf83\ud83d\udc7b\ud83c\udf83\ud83c\udf88|Icy Wind|p1b: Paul Allen|[spread] p1a,p1b\n|-supereffective|p1a: Luis Carruthers\n|-damage|p1a: Luis Carruthers|83\/100\n|-damage|p1b: Paul Allen|93\/100\n|-unboost|p1a: Luis Carruthers|spe|1\n|-unboost|p1b: Paul Allen|spe|1\n|move|p1a: Luis Carruthers|Foul Play|p2b: \ud83c\udf88\ud83d\udc7b\ud83c\udf83\ud83d\udc7b\ud83c\udf83\ud83c\udf88\n|-supereffective|p2b: \ud83c\udf88\ud83d\udc7b\ud83c\udf83\ud83d\udc7b\ud83c\udf83\ud83c\udf88\n|-damage|p2b: \ud83c\udf88\ud83d\udc7b\ud83c\udf83\ud83d\udc7b\ud83c\udf83\ud83c\udf88|57\/100\n|move|p2a: Bridget|Electro Shot||[still]\n|-prepare|p2a: Bridget|Electro Shot\n|-boost|p2a: Bridget|spa|1\n|\n|upkeep\n|turn|3\n|inactive|SHIDMONBADGAME has 30 seconds left.\n|inactive|actuary97 has 30 seconds left.\n|\n|t:|1731180390\n|-terastallize|p2b: \ud83c\udf88\ud83d\udc7b\ud83c\udf83\ud83d\udc7b\ud83c\udf83\ud83c\udf88|Flying\n|move|p1a: Luis Carruthers|Haze|p1a: Luis Carruthers\n|-clearallboost\n|move|p1b: Paul Allen|Throat Chop|p2b: \ud83c\udf88\ud83d\udc7b\ud83c\udf83\ud83d\udc7b\ud83c\udf83\ud83c\udf88\n|-damage|p2b: \ud83c\udf88\ud83d\udc7b\ud83c\udf83\ud83d\udc7b\ud83c\udf83\ud83c\udf88|25\/100\n|-start|p2b: \ud83c\udf88\ud83d\udc7b\ud83c\udf83\ud83d\udc7b\ud83c\udf83\ud83c\udf88|Throat Chop|[silent]\n|move|p2b: \ud83c\udf88\ud83d\udc7b\ud83c\udf83\ud83d\udc7b\ud83c\udf83\ud83c\udf88|Air Slash|p1b: Paul Allen\n|-supereffective|p1b: Paul Allen\n|-damage|p1b: Paul Allen|8\/100\n|move|p2a: Bridget|Electro Shot|p1a: Luis Carruthers|[from]lockedmove\n|-supereffective|p1a: Luis Carruthers\n|-damage|p1a: Luis Carruthers|1\/100\n|\n|-end|p2b: \ud83c\udf88\ud83d\udc7b\ud83c\udf83\ud83d\udc7b\ud83c\udf83\ud83c\udf88|move: Taunt\n|upkeep\n|turn|4\n|j| newkl\n|\n|t:|1731180408\n|move|p1b: Paul Allen|Close Combat|p2a: Bridget\n|-supereffective|p2a: Bridget\n|-damage|p2a: Bridget|6\/100\n|-unboost|p1b: Paul Allen|def|1\n|-unboost|p1b: Paul Allen|spd|1\n|-ability|p2a: Bridget|Stamina|boost\n|-boost|p2a: Bridget|def|1\n|move|p2b: \ud83c\udf88\ud83d\udc7b\ud83c\udf83\ud83d\udc7b\ud83c\udf83\ud83c\udf88|Strength Sap|p1b: Paul Allen\n|-unboost|p1b: Paul Allen|atk|1\n|-heal|p2b: \ud83c\udf88\ud83d\udc7b\ud83c\udf83\ud83d\udc7b\ud83c\udf83\ud83c\udf88|100\/100\n|move|p1a: Luis Carruthers|Foul Play|p2a: Bridget\n|-damage|p2a: Bridget|0 fnt\n|faint|p2a: Bridget\n|\n|-end|p2b: \ud83c\udf88\ud83d\udc7b\ud83c\udf83\ud83d\udc7b\ud83c\udf83\ud83c\udf88|Throat Chop|[silent]\n|-sideend|p1: SHIDMONBADGAME|move: Tailwind\n|upkeep\n|\n|t:|1731180421\n|switch|p2a: Malamother|Malamar, L50, F|100\/100\n|turn|5\n|j| mpudi\n|inactive|SHIDMONBADGAME has 30 seconds left.\n|\n|t:|1731180448\n|move|p1a: Luis Carruthers|Haze|p1a: Luis Carruthers\n|-clearallboost\n|move|p1b: Paul Allen|Dire Claw|p2b: \ud83c\udf88\ud83d\udc7b\ud83c\udf83\ud83d\udc7b\ud83c\udf83\ud83c\udf88\n|-damage|p2b: \ud83c\udf88\ud83d\udc7b\ud83c\udf83\ud83d\udc7b\ud83c\udf83\ud83c\udf88|58\/100\n|-status|p2b: \ud83c\udf88\ud83d\udc7b\ud83c\udf83\ud83d\udc7b\ud83c\udf83\ud83c\udf88|slp\n|cant|p2b: \ud83c\udf88\ud83d\udc7b\ud83c\udf83\ud83d\udc7b\ud83c\udf83\ud83c\udf88|slp\n|move|p2a: Malamother|Superpower|p1a: Luis Carruthers\n|-damage|p1a: Luis Carruthers|0 fnt\n|-boost|p2a: Malamother|atk|1\n|-boost|p2a: Malamother|def|1\n|faint|p1a: Luis Carruthers\n|\n|-fieldend|move: Psychic Terrain\n|upkeep\n|\n|t:|1731180465\n|switch|p1a: Timothy Bryce|Maushold-Four, L50|100\/100\n|turn|6\n|\n|t:|1731180475\n|move|p1b: Paul Allen|Dire Claw|p2a: Malamother\n|-damage|p2a: Malamother|72\/100\n|-status|p2a: Malamother|slp\n|cant|p2b: \ud83c\udf88\ud83d\udc7b\ud83c\udf83\ud83d\udc7b\ud83c\udf83\ud83c\udf88|slp\n|move|p1a: Timothy Bryce|Population Bomb|p2b: \ud83c\udf88\ud83d\udc7b\ud83c\udf83\ud83d\udc7b\ud83c\udf83\ud83c\udf88\n|-damage|p2b: \ud83c\udf88\ud83d\udc7b\ud83c\udf83\ud83d\udc7b\ud83c\udf83\ud83c\udf88|51\/100 slp\n|-damage|p2b: \ud83c\udf88\ud83d\udc7b\ud83c\udf83\ud83d\udc7b\ud83c\udf83\ud83c\udf88|44\/100 slp\n|-damage|p2b: \ud83c\udf88\ud83d\udc7b\ud83c\udf83\ud83d\udc7b\ud83c\udf83\ud83c\udf88|36\/100 slp\n|-damage|p2b: \ud83c\udf88\ud83d\udc7b\ud83c\udf83\ud83d\udc7b\ud83c\udf83\ud83c\udf88|29\/100 slp\n|-crit|p2b: \ud83c\udf88\ud83d\udc7b\ud83c\udf83\ud83d\udc7b\ud83c\udf83\ud83c\udf88\n|-damage|p2b: \ud83c\udf88\ud83d\udc7b\ud83c\udf83\ud83d\udc7b\ud83c\udf83\ud83c\udf88|18\/100 slp\n|-damage|p2b: \ud83c\udf88\ud83d\udc7b\ud83c\udf83\ud83d\udc7b\ud83c\udf83\ud83c\udf88|11\/100 slp\n|-damage|p2b: \ud83c\udf88\ud83d\udc7b\ud83c\udf83\ud83d\udc7b\ud83c\udf83\ud83c\udf88|4\/100 slp\n|-damage|p2b: \ud83c\udf88\ud83d\udc7b\ud83c\udf83\ud83d\udc7b\ud83c\udf83\ud83c\udf88|0 fnt\n|faint|p2b: \ud83c\udf88\ud83d\udc7b\ud83c\udf83\ud83d\udc7b\ud83c\udf83\ud83c\udf88\n|-hitcount|p2: \ud83c\udf88\ud83d\udc7b\ud83c\udf83\ud83d\udc7b\ud83c\udf83\ud83c\udf88|8\n|cant|p2a: Malamother|slp\n|\n|upkeep\n|c|\u2606actuary97|bro\n|c|\u2606SHIDMONBADGAME|dam\n|c|\u2606SHIDMONBADGAME|my bad\n|c|\u2606SHIDMONBADGAME|i didn\u2019t mean for all that\n|\n|t:|1731180497\n|switch|p2b: Tapu Deedee|Indeedee, L50, M, shiny|100\/100\n|-fieldstart|move: Psychic Terrain|[from] ability: Psychic Surge|[of] p2b: Tapu Deedee\n|turn|7\n|c|\u2606actuary97|it's all good\n|c|\u2606actuary97|sneasler just a shit Mon but good for this format\n|\n|t:|1731180516\n|-terastallize|p1b: Paul Allen|Dark\n|move|p1b: Paul Allen|Throat Chop|p2b: Tapu Deedee\n|-supereffective|p2b: Tapu Deedee\n|-damage|p2b: Tapu Deedee|0 fnt\n|faint|p2b: Tapu Deedee\n|move|p1a: Timothy Bryce|Population Bomb|p2a: Malamother\n|-crit|p2a: Malamother\n|-damage|p2a: Malamother|61\/100 slp\n|-damage|p2a: Malamother|56\/100 slp\n|-damage|p2a: Malamother|50\/100 slp\n|-enditem|p2a: Malamother|Sitrus Berry|[eat]\n|-heal|p2a: Malamother|75\/100 slp|[from] item: Sitrus Berry\n|-damage|p2a: Malamother|69\/100 slp\n|-damage|p2a: Malamother|65\/100 slp\n|-damage|p2a: Malamother|60\/100 slp\n|-hitcount|p2a: Malamother|6\n|cant|p2a: Malamother|slp\n|\n|upkeep\n|turn|8\n|\n|t:|1731180525\n|move|p1b: Paul Allen|Throat Chop|p2a: Malamother\n|-damage|p2a: Malamother|29\/100 slp\n|-start|p2a: Malamother|Throat Chop|[silent]\n|move|p1a: Timothy Bryce|Taunt|p2a: Malamother\n|-start|p2a: Malamother|move: Taunt\n|-curestatus|p2a: Malamother|slp|[msg]\n|cant|p2a: Malamother|move: Taunt|Trick Room\n|\n|upkeep\n|turn|9\n|j| luisYR_a\n|\n|t:|1731180536\n|move|p1b: Paul Allen|Throat Chop|p2a: Malamother\n|-damage|p2a: Malamother|0 fnt\n|faint|p2a: Malamother\n|\n|win|SHIDMONBADGAME\n|raw|SHIDMONBADGAME's rating: 1775 &rarr; <strong>1799<\/strong><br \/>(+24 for winning)\n|raw|actuary97's rating: 1845 &rarr; <strong>1821<\/strong><br \/>(-24 for losing)\n|l| luisYR_a\n|l|\u2606actuary97\n|player|p2|\n|c|\u2606SHIDMONBADGAME|gg i\u2019m sorry\n|l| Blackhole Blitz\n|l|\u2606SHIDMONBADGAME\n|player|p1|\n|l| newkl\n","uploadtime":1731180727,"views":60,"formatid":"gen9vgc2024regh","rating":1799,"private":0,"password":null}