{"id":"gen9vgc2024regh-2240081759","format":"[Gen 9] VGC 2024 Reg H","players":["Spottedwoot","extra.blended"],"log":"|j|\u2606Spottedwoot\n|j|\u2606extra.blended\n|t:|1731092231\n|gametype|doubles\n|player|p1|Spottedwoot|1|1649\n|player|p2|extra.blended|linebacker|1793\n|teamsize|p1|6\n|teamsize|p2|6\n|gen|9\n|tier|[Gen 9] VGC 2024 Reg H\n|rated|\n|rule|Species Clause: Limit one of each Pok\u00e9mon\n|rule|Item Clause: Limit 1 of each item\n|clearpoke\n|poke|p1|Kingambit, L50, M|\n|poke|p1|Primarina, L50, F|\n|poke|p1|Salamence, L50, F|\n|poke|p1|Gholdengo, L50|\n|poke|p1|Sneasler, L50, M|\n|poke|p1|Volcarona, L50, M|\n|poke|p2|Garganacl, L50, F|\n|poke|p2|Hippowdon, L50, M|\n|poke|p2|Glimmora, L50, M|\n|poke|p2|Gastrodon-East, L50, M|\n|poke|p2|Gholdengo, L50|\n|poke|p2|Baxcalibur, L50, M|\n|teampreview|4\n|\n|t:|1731092257\n|start\n|switch|p1a: Primarina|Primarina, L50, F|100\/100\n|switch|p1b: Sneasler|Sneasler, L50, M|100\/100\n|switch|p2a: Hippowdon|Hippowdon, L50, M|100\/100\n|switch|p2b: Glimmora|Glimmora, L50, M|100\/100\n|-weather|Sandstorm|[from] ability: Sand Stream|[of] p2a: Hippowdon\n|turn|1\n|\n|t:|1731092271\n|move|p2b: Glimmora|Spiky Shield|p2b: Glimmora\n|-singleturn|p2b: Glimmora|move: Protect\n|move|p2a: Hippowdon|Protect|p2a: Hippowdon\n|-singleturn|p2a: Hippowdon|Protect\n|move|p1b: Sneasler|Fake Out|p2b: Glimmora\n|-activate|p2b: Glimmora|move: Protect\n|-damage|p1b: Sneasler|88\/100|[from] Spiky Shield|[of] p2b: Glimmora\n|move|p1a: Primarina|Hyper Voice|p2b: Glimmora|[spread] \n|-activate|p2a: Hippowdon|move: Protect\n|-activate|p2b: Glimmora|move: Protect\n|\n|-weather|Sandstorm|[upkeep]\n|-damage|p1b: Sneasler|82\/100|[from] Sandstorm\n|-damage|p1a: Primarina|95\/100|[from] Sandstorm\n|upkeep\n|turn|2\n|\n|t:|1731092277\n|move|p1b: Sneasler|Protect|p1b: Sneasler\n|-singleturn|p1b: Sneasler|Protect\n|move|p2b: Glimmora|Sludge Bomb|p1a: Primarina\n|-supereffective|p1a: Primarina\n|-damage|p1a: Primarina|26\/100\n|move|p1a: Primarina|Hyper Voice|p2a: Hippowdon|[spread] p2a,p2b\n|-supereffective|p2a: Hippowdon\n|-supereffective|p2b: Glimmora\n|-damage|p2a: Hippowdon|49\/100\n|-damage|p2b: Glimmora|49\/100\n|-enditem|p2a: Hippowdon|Sitrus Berry|[eat]\n|-heal|p2a: Hippowdon|74\/100|[from] item: Sitrus Berry\n|-enditem|p1a: Primarina|Throat Spray\n|-boost|p1a: Primarina|spa|1|[from] item: Throat Spray\n|move|p2a: Hippowdon|Sand Tomb|p1b: Sneasler\n|-activate|p1b: Sneasler|move: Protect\n|\n|-weather|Sandstorm|[upkeep]\n|-damage|p1b: Sneasler|77\/100|[from] Sandstorm\n|-damage|p1a: Primarina|20\/100|[from] Sandstorm\n|upkeep\n|turn|3\n|j| pikaVGC111\n|\n|t:|1731092299\n|move|p2a: Hippowdon|Protect|p2a: Hippowdon\n|-singleturn|p2a: Hippowdon|Protect\n|move|p1b: Sneasler|Close Combat|p2b: Glimmora\n|-damage|p2b: Glimmora|0 fnt\n|-unboost|p1b: Sneasler|def|1\n|-unboost|p1b: Sneasler|spd|1\n|-activate|p2b: Glimmora|ability: Toxic Debris\n|-sidestart|p1: Spottedwoot|move: Toxic Spikes\n|faint|p2b: Glimmora\n|move|p1a: Primarina|Hyper Voice|p2a: Hippowdon\n|-activate|p2a: Hippowdon|move: Protect\n|\n|-weather|Sandstorm|[upkeep]\n|-damage|p1b: Sneasler|71\/100|[from] Sandstorm\n|-damage|p1a: Primarina|14\/100|[from] Sandstorm\n|upkeep\n|\n|t:|1731092305\n|switch|p2b: Baxcalibur|Baxcalibur, L50, M|100\/100\n|turn|4\n|\n|t:|1731092313\n|-terastallize|p2b: Baxcalibur|Ground\n|move|p2b: Baxcalibur|Ice Shard|p1a: Primarina\n|-resisted|p1a: Primarina\n|-damage|p1a: Primarina|0 fnt\n|faint|p1a: Primarina\n|move|p1b: Sneasler|Close Combat|p2b: Baxcalibur\n|-damage|p2b: Baxcalibur|44\/100\n|-unboost|p1b: Sneasler|def|1\n|-unboost|p1b: Sneasler|spd|1\n|move|p2a: Hippowdon|Sand Tomb|p1b: Sneasler\n|-supereffective|p1b: Sneasler\n|-damage|p1b: Sneasler|0 fnt\n|faint|p1b: Sneasler\n|\n|-weather|Sandstorm|[upkeep]\n|upkeep\n|j| mr pogostick\n|\n|t:|1731092317\n|switch|p1b: Kingambit|Kingambit, L50, M|100\/100\n|switch|p1a: Gholdengo|Gholdengo, L50|100\/100\n|turn|5\n|\n|t:|1731092335\n|-terastallize|p1b: Kingambit|Dark\n|move|p1b: Kingambit|Sucker Punch|p2b: Baxcalibur\n|-damage|p2b: Baxcalibur|0 fnt\n|faint|p2b: Baxcalibur\n|move|p1a: Gholdengo|Make It Rain|p2a: Hippowdon\n|-damage|p2a: Hippowdon|0 fnt\n|-unboost|p1a: Gholdengo|spa|1\n|faint|p2a: Hippowdon\n|\n|-weather|none\n|upkeep\n|-message|extra.blended forfeited.\n|\n|win|Spottedwoot\n|raw|Spottedwoot's rating: 1649 &rarr; <strong>1677<\/strong><br \/>(+28 for winning)\n|raw|extra.blended's rating: 1793 &rarr; <strong>1765<\/strong><br \/>(-28 for losing)\n|l|\u2606extra.blended\n|player|p2|\n|l|\u2606Spottedwoot\n|player|p1|\n|l| pikaVGC111\n|l| mr pogostick\n","uploadtime":1731092516,"views":24,"formatid":"gen9vgc2024regh","rating":1677,"private":0,"password":null}