{"id":"gen9vgc2024regh-2240108415","format":"[Gen 9] VGC 2024 Reg H","players":["nicouser","chin8"],"log":"|j|\u2606nicouser\n|j|\u2606chin8\n|t:|1731094879\n|gametype|doubles\n|player|p1|nicouser|170|1710\n|player|p2|chin8|gentleman-gen4dp|1817\n|teamsize|p1|6\n|teamsize|p2|6\n|gen|9\n|tier|[Gen 9] VGC 2024 Reg H\n|rated|\n|rule|Species Clause: Limit one of each Pok\u00e9mon\n|rule|Item Clause: Limit 1 of each item\n|clearpoke\n|poke|p1|Ursaluna-Bloodmoon, L50, M|\n|poke|p1|Annihilape, L50, M|\n|poke|p1|Sinistcha, L50|\n|poke|p1|Typhlosion-Hisui, L50, M|\n|poke|p1|Ninetales-Alola, L50, F|\n|poke|p1|Gastrodon, L50, F|\n|poke|p2|Baxcalibur, L50, M|\n|poke|p2|Kilowattrel, L50, F|\n|poke|p2|Granbull, L50, F|\n|poke|p2|Gardevoir, L50, M|\n|poke|p2|Magmortar, L50, M|\n|poke|p2|Gholdengo, L50|\n|teampreview|4\n|j| Me bad boi\n|inactive|Battle timer is ON: inactive players will automatically lose when time's up. (requested by chin8)\n|inactive|nicouser has 60 seconds left.\n|inactive|nicouser has 30 seconds left.\n|inactive|nicouser has 20 seconds left.\n|inactive|nicouser has 15 seconds left.\n|inactive|nicouser has 10 seconds left.\n|inactive|nicouser has 5 seconds left.\n|\n|t:|1731094986\n|start\n|switch|p1a: Annihilape|Annihilape, L50, M|100\/100\n|switch|p1b: Ninetales|Ninetales-Alola, L50, F|100\/100\n|switch|p2a: Magmortar|Magmortar, L50, M|100\/100\n|switch|p2b: Baxcalibur|Baxcalibur, L50, M|100\/100\n|-weather|Snow|[from] ability: Snow Warning|[of] p1b: Ninetales\n|turn|1\n|\n|t:|1731095011\n|switch|p2b: Gholdengo|Gholdengo, L50|100\/100\n|move|p1b: Ninetales|Aurora Veil|p1b: Ninetales\n|-sidestart|p1: nicouser|move: Aurora Veil\n|move|p1a: Annihilape|Bulk Up|p1a: Annihilape\n|-boost|p1a: Annihilape|atk|1\n|-boost|p1a: Annihilape|def|1\n|move|p2a: Magmortar|Taunt|p1a: Annihilape\n|-start|p1a: Annihilape|move: Taunt\n|\n|-weather|Snow|[upkeep]\n|upkeep\n|turn|2\n|\n|t:|1731095030\n|move|p2a: Magmortar|Follow Me|p2a: Magmortar\n|-singleturn|p2a: Magmortar|move: Follow Me\n|move|p1b: Ninetales|Blizzard|p2a: Magmortar|[spread] p2a,p2b\n|-resisted|p2a: Magmortar\n|-resisted|p2b: Gholdengo\n|-damage|p2a: Magmortar|86\/100\n|-damage|p2b: Gholdengo|86\/100\n|move|p1a: Annihilape|Drain Punch|p2a: Magmortar\n|-damage|p2a: Magmortar|33\/100\n|-status|p1a: Annihilape|brn|[from] ability: Flame Body|[of] p2a: Magmortar\n|-enditem|p2a: Magmortar|Sitrus Berry|[eat]\n|-heal|p2a: Magmortar|58\/100|[from] item: Sitrus Berry\n|move|p2b: Gholdengo|Nasty Plot|p2b: Gholdengo\n|-boost|p2b: Gholdengo|spa|2\n|\n|-weather|Snow|[upkeep]\n|-heal|p2b: Gholdengo|92\/100|[from] item: Leftovers\n|-damage|p1a: Annihilape|94\/100 brn|[from] brn\n|upkeep\n|turn|3\n|\n|t:|1731095050\n|move|p2a: Magmortar|Follow Me|p2a: Magmortar\n|-singleturn|p2a: Magmortar|move: Follow Me\n|move|p1b: Ninetales|Blizzard|p2a: Magmortar|[spread] p2a,p2b\n|-resisted|p2a: Magmortar\n|-resisted|p2b: Gholdengo\n|-damage|p2a: Magmortar|45\/100\n|-damage|p2b: Gholdengo|77\/100\n|move|p1a: Annihilape|Drain Punch|p2a: Magmortar\n|-damage|p2a: Magmortar|15\/100\n|-heal|p1a: Annihilape|100\/100 brn|[from] drain|[of] p2a: Magmortar\n|move|p2b: Gholdengo|Shadow Ball|p1a: Annihilape\n|-supereffective|p1a: Annihilape\n|-damage|p1a: Annihilape|6\/100 brn\n|-unboost|p1a: Annihilape|spd|1\n|-ability|p1a: Annihilape|Defiant|boost\n|-boost|p1a: Annihilape|atk|2\n|-enditem|p1a: Annihilape|Sitrus Berry|[eat]\n|-heal|p1a: Annihilape|31\/100 brn|[from] item: Sitrus Berry\n|\n|-weather|Snow|[upkeep]\n|-heal|p2b: Gholdengo|83\/100|[from] item: Leftovers\n|-damage|p1a: Annihilape|25\/100 brn|[from] brn\n|upkeep\n|turn|4\n|\n|t:|1731095068\n|move|p2a: Magmortar|Follow Me|p2a: Magmortar\n|-singleturn|p2a: Magmortar|move: Follow Me\n|move|p1b: Ninetales|Blizzard|p2a: Magmortar|[spread] p2a,p2b\n|-resisted|p2a: Magmortar\n|-resisted|p2b: Gholdengo\n|-damage|p2a: Magmortar|2\/100\n|-damage|p2b: Gholdengo|68\/100\n|move|p1a: Annihilape|Drain Punch|p2a: Magmortar\n|-damage|p2a: Magmortar|0 fnt\n|-heal|p1a: Annihilape|25\/100 brn|[from] drain|[of] p2a: Magmortar\n|faint|p2a: Magmortar\n|move|p2b: Gholdengo|Make It Rain|p1a: Annihilape|[spread] p1a,p1b\n|-supereffective|p1b: Ninetales\n|-damage|p1a: Annihilape|0 fnt\n|-damage|p1b: Ninetales|0 fnt\n|-unboost|p2b: Gholdengo|spa|1\n|faint|p1a: Annihilape\n|faint|p1b: Ninetales\n|\n|-weather|Snow|[upkeep]\n|-heal|p2b: Gholdengo|74\/100|[from] item: Leftovers\n|upkeep\n|\n|t:|1731095083\n|switch|p1b: Sinistcha|Sinistcha, L50|100\/100\n|switch|p1a: Ursaluna|Ursaluna-Bloodmoon, L50, M|100\/100\n|switch|p2a: Kilowattrel|Kilowattrel, L50, F|100\/100\n|turn|5\n|\n|t:|1731095100\n|move|p2a: Kilowattrel|Thunderbolt|p1b: Sinistcha\n|-resisted|p1b: Sinistcha\n|-damage|p1b: Sinistcha|86\/100\n|move|p2b: Gholdengo|Make It Rain|p1b: Sinistcha|[spread] p1a,p1b\n|-damage|p1a: Ursaluna|56\/100\n|-damage|p1b: Sinistcha|40\/100\n|-unboost|p2b: Gholdengo|spa|1\n|move|p1a: Ursaluna|Earth Power|p2b: Gholdengo\n|-supereffective|p2b: Gholdengo\n|-damage|p2b: Gholdengo|0 fnt\n|faint|p2b: Gholdengo\n|move|p1b: Sinistcha|Trick Room|p1b: Sinistcha\n|-fieldstart|move: Trick Room|[of] p1b: Sinistcha\n|\n|-weather|none\n|upkeep\n|\n|t:|1731095104\n|switch|p2b: Baxcalibur|Baxcalibur, L50, M|100\/100\n|turn|6\n|\n|t:|1731095118\n|-terastallize|p1a: Ursaluna|Normal\n|move|p2a: Kilowattrel|Protect|p2a: Kilowattrel\n|-singleturn|p2a: Kilowattrel|Protect\n|move|p2b: Baxcalibur|Ice Shard|p1b: Sinistcha\n|-supereffective|p1b: Sinistcha\n|-damage|p1b: Sinistcha|13\/100\n|move|p1b: Sinistcha|Life Dew|p1b: Sinistcha|[spread] p1a,p1b\n|-heal|p1a: Ursaluna|81\/100\n|-heal|p1b: Sinistcha|38\/100\n|move|p1a: Ursaluna|Hyper Voice|p2b: Baxcalibur|[spread] p2b\n|-activate|p2a: Kilowattrel|move: Protect\n|-damage|p2b: Baxcalibur|73\/100\n|\n|upkeep\n|turn|7\n|l| Me bad boi\n|\n|t:|1731095132\n|move|p1b: Sinistcha|Life Dew|p1b: Sinistcha|[spread] p1a,p1b\n|-heal|p1a: Ursaluna|100\/100\n|-heal|p1b: Sinistcha|63\/100\n|move|p1a: Ursaluna|Hyper Voice|p2b: Baxcalibur|[spread] p2a,p2b\n|-damage|p2a: Kilowattrel|5\/100\n|-damage|p2b: Baxcalibur|42\/100\n|move|p2b: Baxcalibur|Icicle Crash|p1b: Sinistcha\n|-supereffective|p1b: Sinistcha\n|-damage|p1b: Sinistcha|9\/100\n|move|p2a: Kilowattrel|Air Slash|p1a: Ursaluna\n|-damage|p1a: Ursaluna|80\/100\n|\n|upkeep\n|turn|8\n|\n|t:|1731095153\n|-terastallize|p2a: Kilowattrel|Electric\n|move|p2b: Baxcalibur|Ice Shard|p1b: Sinistcha\n|-supereffective|p1b: Sinistcha\n|-damage|p1b: Sinistcha|0 fnt\n|faint|p1b: Sinistcha\n|move|p1a: Ursaluna|Hyper Voice|p2b: Baxcalibur|[spread] p2a,p2b\n|-damage|p2a: Kilowattrel|0 fnt\n|-damage|p2b: Baxcalibur|12\/100\n|faint|p2a: Kilowattrel\n|\n|-sideend|p1: nicouser|move: Aurora Veil\n|upkeep\n|turn|9\n|-message|chin8 forfeited.\n|\n|win|nicouser\n|raw|nicouser's rating: 1710 &rarr; <strong>1736<\/strong><br \/>(+26 for winning)\n|raw|chin8's rating: 1817 &rarr; <strong>1791<\/strong><br \/>(-26 for losing)\n|l|\u2606chin8\n|player|p2|\n|l|\u2606nicouser\n|player|p1|\n","uploadtime":1731095341,"views":33,"formatid":"gen9vgc2024regh","rating":1736,"private":0,"password":null}