{"id":"gen9vgc2024regh-2240524762","format":"[Gen 9] VGC 2024 Reg H","players":["PhillyDolph","maya ayasato"],"log":"|j|\u2606PhillyDolph\n|j|\u2606maya ayasato\n|t:|1731159881\n|gametype|doubles\n|player|p1|PhillyDolph|red|1676\n|player|p2|maya ayasato|cynthia|1885\n|teamsize|p1|6\n|teamsize|p2|6\n|gen|9\n|tier|[Gen 9] VGC 2024 Reg H\n|rated|\n|rule|Species Clause: Limit one of each Pok\u00e9mon\n|rule|Item Clause: Limit 1 of each item\n|clearpoke\n|poke|p1|Annihilape, L50, M|\n|poke|p1|Maushold-Four, L50|\n|poke|p1|Talonflame, L50, F|\n|poke|p1|Gastrodon, L50, F|\n|poke|p1|Rillaboom, L50, M|\n|poke|p1|Ninetales-Alola, L50, F|\n|poke|p2|Dondozo, L50, M|\n|poke|p2|Tatsugiri, L50, M|\n|poke|p2|Gholdengo, L50|\n|poke|p2|Annihilape, L50, M|\n|poke|p2|Kingambit, L50, F|\n|poke|p2|Murkrow, L50, F|\n|teampreview|4\n|inactive|Battle timer is ON: inactive players will automatically lose when time's up. (requested by PhillyDolph)\n|inactive|PhillyDolph has 60 seconds left.\n|\n|t:|1731159921\n|start\n|switch|p1a: Talonflame|Talonflame, L50, F|100\/100\n|switch|p1b: Maushold|Maushold-Four, L50|100\/100\n|switch|p2a: Gholdengo|Gholdengo, L50|100\/100\n|switch|p2b: Dondozo|Dondozo, L50, M|100\/100\n|turn|1\n|\n|t:|1731159937\n|switch|p2a: Tatsugiri|Tatsugiri, L50, M|100\/100\n|-activate|p2a: Tatsugiri|ability: Commander|[of] p2b: Dondozo\n|-boost|p2b: Dondozo|atk|2\n|-boost|p2b: Dondozo|spa|2\n|-boost|p2b: Dondozo|spe|2\n|-boost|p2b: Dondozo|def|2\n|-boost|p2b: Dondozo|spd|2\n|move|p1a: Talonflame|Tailwind|p1a: Talonflame\n|-sidestart|p1: PhillyDolph|move: Tailwind\n|move|p1b: Maushold|Taunt|p2b: Dondozo\n|-start|p2b: Dondozo|move: Taunt\n|move|p2b: Dondozo|Rock Slide|p1a: Talonflame|[spread] p1b\n|-miss|p2b: Dondozo|p1a: Talonflame\n|-damage|p1b: Maushold|52\/100\n|-damage|p2b: Dondozo|91\/100|[from] item: Life Orb\n|\n|upkeep\n|turn|2\n|\n|t:|1731159952\n|switch|p1b: Gastrodon|Gastrodon, L50, F|100\/100\n|move|p1a: Talonflame|Will-O-Wisp|p2b: Dondozo|[miss]\n|-miss|p1a: Talonflame|p2b: Dondozo\n|move|p2b: Dondozo|Rock Slide|p1b: Gastrodon|[spread] p1a,p1b\n|-supereffective|p1a: Talonflame\n|-crit|p1a: Talonflame\n|-resisted|p1b: Gastrodon\n|-crit|p1b: Gastrodon\n|-damage|p1a: Talonflame|0 fnt\n|-damage|p1b: Gastrodon|69\/100\n|faint|p1a: Talonflame\n|-damage|p2b: Dondozo|81\/100|[from] item: Life Orb\n|\n|upkeep\n|\n|t:|1731159958\n|switch|p1a: Annihilape|Annihilape, L50, M|100\/100\n|turn|3\n|\n|t:|1731159966\n|move|p1a: Annihilape|Protect|p1a: Annihilape\n|-singleturn|p1a: Annihilape|Protect\n|move|p2b: Dondozo|Earthquake|p1a: Annihilape|[spread] p1b\n|-miss|p2b: Dondozo|p2a: Tatsugiri\n|-activate|p1a: Annihilape|move: Protect\n|-damage|p1b: Gastrodon|17\/100\n|-enditem|p1b: Gastrodon|Sitrus Berry|[eat]\n|-heal|p1b: Gastrodon|42\/100|[from] item: Sitrus Berry\n|-damage|p2b: Dondozo|71\/100|[from] item: Life Orb\n|move|p1b: Gastrodon|Clear Smog|p2b: Dondozo\n|-damage|p2b: Dondozo|65\/100\n|-clearboost|p2b: Dondozo\n|\n|-end|p2b: Dondozo|move: Taunt\n|upkeep\n|turn|4\n|\n|t:|1731159981\n|switch|p1b: Maushold|Maushold-Four, L50|52\/100\n|move|p1a: Annihilape|Bulk Up|p1a: Annihilape\n|-boost|p1a: Annihilape|atk|1\n|-boost|p1a: Annihilape|def|1\n|move|p2b: Dondozo|Earthquake|p1b: Maushold|[spread] p1a,p1b\n|-miss|p2b: Dondozo|p2a: Tatsugiri\n|-damage|p1a: Annihilape|78\/100\n|-damage|p1b: Maushold|19\/100\n|-damage|p2b: Dondozo|55\/100|[from] item: Life Orb\n|\n|-heal|p1a: Annihilape|84\/100|[from] item: Leftovers\n|-sideend|p1: PhillyDolph|move: Tailwind\n|upkeep\n|turn|5\n|\n|t:|1731159994\n|move|p1b: Maushold|Beat Up|p1a: Annihilape\n|-damage|p1a: Annihilape|83\/100\n|-damage|p1a: Annihilape|82\/100\n|-damage|p1a: Annihilape|80\/100\n|-hitcount|p1a: Annihilape|3\n|move|p1a: Annihilape|Rage Fist|p2b: Dondozo\n|-damage|p2b: Dondozo|0 fnt\n|faint|p2b: Dondozo\n|\n|-heal|p1a: Annihilape|87\/100|[from] item: Leftovers\n|upkeep\n|j| lrex9\n|\n|t:|1731160005\n|switch|p2b: Murkrow|Murkrow, L50, F|100\/100\n|turn|6\n|\n|t:|1731160016\n|move|p1b: Maushold|Follow Me|p1b: Maushold\n|-singleturn|p1b: Maushold|move: Follow Me\n|move|p2b: Murkrow|Tailwind|p2b: Murkrow\n|-sidestart|p2: maya ayasato|move: Tailwind\n|move|p2a: Tatsugiri|Muddy Water|p1b: Maushold|[spread] p1b\n|-miss|p2a: Tatsugiri|p1a: Annihilape\n|-damage|p1b: Maushold|0 fnt\n|faint|p1b: Maushold\n|move|p1a: Annihilape|Drain Punch|p2b: Murkrow\n|-damage|p2b: Murkrow|56\/100\n|-heal|p1a: Annihilape|100\/100|[from] drain|[of] p2b: Murkrow\n|\n|upkeep\n|\n|t:|1731160027\n|switch|p1b: Gastrodon|Gastrodon, L50, F|42\/100\n|turn|7\n|\n|t:|1731160041\n|-terastallize|p2a: Tatsugiri|Stellar\n|move|p1a: Annihilape|Protect|p1a: Annihilape\n|-singleturn|p1a: Annihilape|Protect\n|move|p2a: Tatsugiri|Draco Meteor|p1a: Annihilape\n|-activate|p1a: Annihilape|move: Protect\n|move|p2b: Murkrow|Foul Play|p1a: Annihilape\n|-activate|p1a: Annihilape|move: Protect\n|move|p1b: Gastrodon|Ice Beam|p2b: Murkrow\n|-supereffective|p2b: Murkrow\n|-damage|p2b: Murkrow|3\/100\n|\n|upkeep\n|turn|8\n|\n|t:|1731160063\n|move|p2a: Tatsugiri|Draco Meteor|p1a: Annihilape\n|-damage|p1a: Annihilape|34\/100\n|-unboost|p2a: Tatsugiri|spa|2\n|move|p2b: Murkrow|Foul Play|p1a: Annihilape\n|-damage|p1a: Annihilape|0 fnt\n|faint|p1a: Annihilape\n|move|p1b: Gastrodon|Ice Beam|p2b: Murkrow\n|-supereffective|p2b: Murkrow\n|-damage|p2b: Murkrow|0 fnt\n|faint|p2b: Murkrow\n|\n|upkeep\n|\n|t:|1731160074\n|switch|p2b: Gholdengo|Gholdengo, L50|100\/100\n|turn|9\n|-message|PhillyDolph forfeited.\n|\n|win|maya ayasato\n|raw|PhillyDolph's rating: 1676 &rarr; <strong>1667<\/strong><br \/>(-9 for losing)\n|raw|maya ayasato's rating: 1885 &rarr; <strong>1894<\/strong><br \/>(+9 for winning)\n|l|\u2606PhillyDolph\n|player|p1|\n|l|\u2606maya ayasato\n|player|p2|\n|l| lrex9\n","uploadtime":1731160311,"views":74,"formatid":"gen9vgc2024regh","rating":1667,"private":0,"password":null}