{"id":"gen9vgc2024regh-2240536068","format":"[Gen 9] VGC 2024 Reg H","players":["0LuckEVs","GuevaraGaming2"],"log":"|j|\u26060LuckEVs\n|j|\u2606GuevaraGaming2\n|t:|1731161595\n|gametype|doubles\n|player|p1|0LuckEVs|adaman|1675\n|player|p2|GuevaraGaming2|hilbert-wonderlauncher|1687\n|teamsize|p1|6\n|teamsize|p2|6\n|gen|9\n|tier|[Gen 9] VGC 2024 Reg H\n|rated|\n|rule|Species Clause: Limit one of each Pok\u00e9mon\n|rule|Item Clause: Limit 1 of each item\n|clearpoke\n|poke|p1|Typhlosion-Hisui, L50, F|\n|poke|p1|Whimsicott, L50, F|\n|poke|p1|Torkoal, L50, F|\n|poke|p1|Farigiraf, L50, F|\n|poke|p1|Clefairy, L50, F|\n|poke|p1|Rillaboom, L50, M|\n|poke|p2|Indeedee, L50, M|\n|poke|p2|Sneasler, L50, M|\n|poke|p2|Typhlosion-Hisui, L50, M|\n|poke|p2|Volbeat, L50, M|\n|poke|p2|Primarina, L50, F|\n|poke|p2|Ursaluna-Bloodmoon, L50, M|\n|teampreview|4\n|inactive|Battle timer is ON: inactive players will automatically lose when time's up. (requested by 0LuckEVs)\n|inactive|0LuckEVs has 60 seconds left.\n|inactive|GuevaraGaming2 has 60 seconds left.\n|\n|t:|1731161655\n|start\n|switch|p1a: Farigiraf|Farigiraf, L50, F|100\/100\n|switch|p1b: Torkoal|Torkoal, L50, F|100\/100\n|switch|p2a: Sneasler|Sneasler, L50, M|100\/100\n|switch|p2b: Volbeat|Volbeat, L50, M|100\/100\n|-weather|SunnyDay|[from] ability: Drought|[of] p1b: Torkoal\n|turn|1\n|\n|t:|1731161679\n|switch|p2a: Primarina|Primarina, L50, F|100\/100\n|move|p2b: Volbeat|Rain Dance|p2b: Volbeat\n|-weather|RainDance\n|move|p1b: Torkoal|Eruption|p2b: Volbeat|[spread] p2a,p2b\n|-resisted|p2a: Primarina\n|-supereffective|p2b: Volbeat\n|-damage|p2a: Primarina|90\/100\n|-damage|p2b: Volbeat|54\/100\n|move|p1a: Farigiraf|Trick Room|p1a: Farigiraf\n|-fieldstart|move: Trick Room|[of] p1a: Farigiraf\n|\n|-weather|RainDance|[upkeep]\n|upkeep\n|turn|2\n|j| pikavgc111\n|j| lrex9\n|inactive|0LuckEVs has 30 seconds left.\n|\n|t:|1731161713\n|move|p1b: Torkoal|Overheat|p2b: Volbeat\n|-supereffective|p2b: Volbeat\n|-damage|p2b: Volbeat|0 fnt\n|-unboost|p1b: Torkoal|spa|2\n|-enditem|p1b: Torkoal|Eject Pack\n|faint|p2b: Volbeat\n|\n|t:|1731161719\n|switch|p1b: Rillaboom|Rillaboom, L50, M|100\/100\n|-fieldstart|move: Grassy Terrain|[from] ability: Grassy Surge|[of] p1b: Rillaboom\n|move|p1a: Farigiraf|Hyper Voice|p2a: Primarina\n|-damage|p2a: Primarina|51\/100\n|-enditem|p1a: Farigiraf|Throat Spray\n|-boost|p1a: Farigiraf|spa|1|[from] item: Throat Spray\n|move|p2a: Primarina|Hyper Voice|p1b: Rillaboom|[spread] p1a,p1b\n|-resisted|p1b: Rillaboom\n|-damage|p1a: Farigiraf|46\/100\n|-damage|p1b: Rillaboom|71\/100\n|-enditem|p2a: Primarina|Throat Spray\n|-boost|p2a: Primarina|spa|1|[from] item: Throat Spray\n|\n|-weather|RainDance|[upkeep]\n|-heal|p1a: Farigiraf|52\/100|[from] Grassy Terrain\n|-heal|p2a: Primarina|58\/100|[from] Grassy Terrain\n|-heal|p1b: Rillaboom|76\/100|[from] Grassy Terrain\n|upkeep\n|\n|t:|1731161724\n|switch|p2b: Indeedee|Indeedee, L50, M|100\/100\n|-fieldstart|move: Psychic Terrain|[from] ability: Psychic Surge|[of] p2b: Indeedee\n|turn|3\n|inactive|0LuckEVs has 30 seconds left.\n|j| ddy999\n|\n|t:|1731161755\n|switch|p1b: Torkoal|Torkoal, L50, F|100\/100\n|-weather|SunnyDay|[from] ability: Drought|[of] p1b: Torkoal\n|-terastallize|p1a: Farigiraf|Dragon\n|-terastallize|p2a: Primarina|Poison\n|move|p1a: Farigiraf|Hyper Voice|p2a: Primarina|[spread] p2a,p2b\n|-damage|p2a: Primarina|15\/100\n|-damage|p2b: Indeedee|23\/100\n|move|p2a: Primarina|Hyper Voice|p1a: Farigiraf|[spread] p1a,p1b\n|-resisted|p1a: Farigiraf\n|-supereffective|p1b: Torkoal\n|-damage|p1a: Farigiraf|38\/100\n|-damage|p1b: Torkoal|29\/100\n|move|p2b: Indeedee|Expanding Force|p1a: Farigiraf|[spread] p1a,p1b\n|-damage|p1a: Farigiraf|0 fnt\n|-damage|p1b: Torkoal|0 fnt\n|faint|p1a: Farigiraf\n|faint|p1b: Torkoal\n|\n|-weather|SunnyDay|[upkeep]\n|upkeep\n|\n|t:|1731161776\n|switch|p1b: Rillaboom|Rillaboom, L50, M|76\/100\n|switch|p1a: Typhlosion|Typhlosion-Hisui, L50, F|100\/100\n|-fieldstart|move: Grassy Terrain|[from] ability: Grassy Surge|[of] p1b: Rillaboom\n|-item|p2b: Indeedee|Focus Sash|[from] ability: Frisk|[of] p1a: Typhlosion\n|turn|4\n|inactive|0LuckEVs has 30 seconds left.\n|\n|t:|1731161807\n|move|p1b: Rillaboom|Grassy Glide|p2a: Primarina\n|-resisted|p2a: Primarina\n|-damage|p2a: Primarina|0 fnt\n|faint|p2a: Primarina\n|move|p1a: Typhlosion|Eruption|p2b: Indeedee\n|-damage|p2b: Indeedee|0 fnt\n|faint|p2b: Indeedee\n|\n|-weather|SunnyDay|[upkeep]\n|-heal|p1b: Rillaboom|82\/100|[from] Grassy Terrain\n|upkeep\n|\n|t:|1731161813\n|switch|p2b: Sneasler|Sneasler, L50, M|100\/100\n|turn|5\n|\n|t:|1731161820\n|move|p2b: Sneasler|Protect|p2b: Sneasler\n|-singleturn|p2b: Sneasler|Protect\n|move|p1b: Rillaboom|Wood Hammer|p2b: Sneasler\n|-activate|p2b: Sneasler|move: Protect\n|move|p1a: Typhlosion|Eruption|p2b: Sneasler\n|-activate|p2b: Sneasler|move: Protect\n|\n|-weather|SunnyDay|[upkeep]\n|-heal|p1b: Rillaboom|88\/100|[from] Grassy Terrain\n|-fieldend|move: Trick Room\n|upkeep\n|turn|6\n|\n|t:|1731161825\n|move|p1b: Rillaboom|Grassy Glide|p2b: Sneasler\n|-resisted|p2b: Sneasler\n|-damage|p2b: Sneasler|63\/100\n|move|p2b: Sneasler|Throat Chop|p1a: Typhlosion\n|-supereffective|p1a: Typhlosion\n|-damage|p1a: Typhlosion|13\/100\n|-start|p1a: Typhlosion|Throat Chop|[silent]\n|move|p1a: Typhlosion|Solar Beam||[still]\n|-prepare|p1a: Typhlosion|Solar Beam\n|-anim|p1a: Typhlosion|Solar Beam|p2b: Sneasler\n|-resisted|p2b: Sneasler\n|-damage|p2b: Sneasler|24\/100\n|\n|-weather|SunnyDay|[upkeep]\n|-heal|p2b: Sneasler|29\/100|[from] Grassy Terrain\n|-heal|p1a: Typhlosion|19\/100|[from] Grassy Terrain\n|-heal|p1b: Rillaboom|94\/100|[from] Grassy Terrain\n|upkeep\n|turn|7\n|-message|GuevaraGaming2 forfeited.\n|\n|win|0LuckEVs\n|raw|0LuckEVs's rating: 1675 &rarr; <strong>1696<\/strong><br \/>(+21 for winning)\n|raw|GuevaraGaming2's rating: 1687 &rarr; <strong>1666<\/strong><br \/>(-21 for losing)\n|l|\u2606GuevaraGaming2\n|player|p2|\n|l|\u26060LuckEVs\n|player|p1|\n|l| pikavgc111\n|l| ddy999\n","uploadtime":1731161988,"views":30,"formatid":"gen9vgc2024regh","rating":1666,"private":0,"password":null}