{"id":"gen9vgc2024regh-2240656654","format":"[Gen 9] VGC 2024 Reg H","players":["greenlightdmp","Qwitt"],"log":"|j|\u2606greenlightdmp\n|j|\u2606Qwitt\n|t:|1731177117\n|gametype|doubles\n|player|p1|greenlightdmp|169|1695\n|player|p2|Qwitt|102|1662\n|teamsize|p1|6\n|teamsize|p2|6\n|gen|9\n|tier|[Gen 9] VGC 2024 Reg H\n|rated|\n|rule|Species Clause: Limit one of each Pok\u00e9mon\n|rule|Item Clause: Limit 1 of each item\n|clearpoke\n|poke|p1|Sneasler, L50, M|\n|poke|p1|Indeedee-F, L50, F|\n|poke|p1|Murkrow, L50, F|\n|poke|p1|Archaludon, L50, F|\n|poke|p1|Basculegion, L50, M|\n|poke|p1|Volcarona, L50, M|\n|poke|p2|Amoonguss, L50, F|\n|poke|p2|Incineroar, L50, F|\n|poke|p2|Kingambit, L50, F|\n|poke|p2|Ninetales-Alola, L50, M|\n|poke|p2|Garchomp, L50, M|\n|poke|p2|Dragonite, L50, F|\n|teampreview|4\n|\n|t:|1731177167\n|start\n|switch|p1a: VEGETA|Basculegion, L50, M|100\/100\n|switch|p1b: Raf Camora|Murkrow, L50, F|100\/100\n|switch|p2a: Dragonite|Dragonite, L50, F|100\/100\n|switch|p2b: Amoonguss|Amoonguss, L50, F, shiny|100\/100\n|turn|1\n|inactive|Battle timer is ON: inactive players will automatically lose when time's up. (requested by Qwitt)\n|\n|t:|1731177186\n|move|p1a: VEGETA|Flip Turn|p2a: Dragonite\n|-resisted|p2a: Dragonite\n|-damage|p2a: Dragonite|92\/100\n|j| newkl\n|\n|t:|1731177190\n|switch|p1a: MACHBACK|Archaludon, L50, F|100\/100|[from] Flip Turn\n|move|p2a: Dragonite|Ice Spinner|p1b: Raf Camora\n|-supereffective|p1b: Raf Camora\n|-damage|p1b: Raf Camora|41\/100\n|move|p1b: Raf Camora|Foul Play|p2a: Dragonite\n|-damage|p2a: Dragonite|42\/100\n|move|p2b: Amoonguss|Spore|p1a: MACHBACK\n|-status|p1a: MACHBACK|slp|[from] move: Spore\n|\n|upkeep\n|turn|2\n|\n|t:|1731177215\n|move|p2a: Dragonite|Ice Spinner|p1b: Raf Camora\n|-supereffective|p1b: Raf Camora\n|-damage|p1b: Raf Camora|0 fnt\n|faint|p1b: Raf Camora\n|cant|p1a: MACHBACK|slp\n|move|p2b: Amoonguss|Pollen Puff|p2a: Dragonite\n|-heal|p2a: Dragonite|92\/100\n|\n|upkeep\n|\n|t:|1731177225\n|switch|p1b: Slim Shady|Sneasler, L50, M|100\/100\n|turn|3\n|\n|t:|1731177240\n|-terastallize|p2a: Dragonite|Flying\n|move|p1b: Slim Shady|Protect|p1b: Slim Shady\n|-singleturn|p1b: Slim Shady|Protect\n|move|p2a: Dragonite|Tera Blast|p1b: Slim Shady|[anim] Tera Blast Flying\n|-activate|p1b: Slim Shady|move: Protect\n|-curestatus|p1a: MACHBACK|slp|[msg]\n|move|p1a: MACHBACK|Draco Meteor|p2b: Amoonguss\n|-damage|p2b: Amoonguss|56\/100\n|-unboost|p1a: MACHBACK|spa|2\n|move|p2b: Amoonguss|Pollen Puff|p1b: Slim Shady\n|-activate|p1b: Slim Shady|move: Protect\n|\n|upkeep\n|turn|4\n|inactive|greenlightdmp has 30 seconds left.\n|inactive|greenlightdmp has 20 seconds left.\n|inactive|greenlightdmp has 15 seconds left.\n|\n|t:|1731177282\n|-terastallize|p1b: Slim Shady|Dark\n|move|p2b: Amoonguss|Rage Powder|p2b: Amoonguss\n|-singleturn|p2b: Amoonguss|move: Rage Powder\n|move|p1b: Slim Shady|Dire Claw|p2b: Amoonguss\n|-crit|p2b: Amoonguss\n|-damage|p2b: Amoonguss|0 fnt\n|faint|p2b: Amoonguss\n|move|p2a: Dragonite|Tera Blast|p1b: Slim Shady|[anim] Tera Blast Flying\n|-damage|p1b: Slim Shady|6\/100\n|move|p1a: MACHBACK|Draco Meteor|p2a: Dragonite\n|-crit|p2a: Dragonite\n|-damage|p2a: Dragonite|34\/100\n|-unboost|p1a: MACHBACK|spa|2\n|\n|upkeep\n|\n|t:|1731177306\n|switch|p2b: Garchomp|Garchomp, L50, M, shiny|100\/100\n|turn|5\n|\n|t:|1731177315\n|move|p1b: Slim Shady|Protect|p1b: Slim Shady\n|-singleturn|p1b: Slim Shady|Protect\n|move|p2a: Dragonite|Extreme Speed|p1b: Slim Shady\n|-activate|p1b: Slim Shady|move: Protect\n|move|p2b: Garchomp|Earthquake|p1a: MACHBACK|[spread] p1a\n|-activate|p1b: Slim Shady|move: Protect\n|-immune|p2a: Dragonite\n|-supereffective|p1a: MACHBACK\n|-damage|p1a: MACHBACK|26\/100\n|-ability|p1a: MACHBACK|Stamina|boost\n|-boost|p1a: MACHBACK|def|1\n|move|p1a: MACHBACK|Draco Meteor|p2a: Dragonite\n|-damage|p2a: Dragonite|21\/100\n|-unboost|p1a: MACHBACK|spa|2\n|\n|upkeep\n|turn|6\n|inactive|greenlightdmp has 30 seconds left.\n|\n|t:|1731177340\n|switch|p1b: VEGETA|Basculegion, L50, M|100\/100\n|move|p2a: Dragonite|Extreme Speed|p1b: VEGETA\n|-immune|p1b: VEGETA\n|move|p2b: Garchomp|Earthquake|p1b: VEGETA|[spread] p1a,p1b\n|-immune|p2a: Dragonite\n|-supereffective|p1a: MACHBACK\n|-damage|p1a: MACHBACK|0 fnt\n|-damage|p1b: VEGETA|31\/100\n|faint|p1a: MACHBACK\n|\n|upkeep\n|\n|t:|1731177350\n|switch|p1a: Slim Shady|Sneasler, L50, M, tera:Dark|6\/100\n|turn|7\n|\n|t:|1731177373\n|switch|p2a: Ninetales|Ninetales-Alola, L50, M, shiny|100\/100\n|-weather|Snow|[from] ability: Snow Warning|[of] p2a: Ninetales\n|move|p1b: VEGETA|Last Respects|p2b: Garchomp\n|-damage|p2b: Garchomp|13\/100\n|move|p1a: Slim Shady|Dire Claw|p2a: Ninetales\n|-supereffective|p2a: Ninetales\n|-damage|p2a: Ninetales|22\/100\n|move|p2b: Garchomp|Earthquake|p1a: Slim Shady|[spread] p2a,p1a,p1b\n|-damage|p2a: Ninetales|0 fnt\n|-damage|p1a: Slim Shady|0 fnt\n|-damage|p1b: VEGETA|0 fnt\n|faint|p2a: Ninetales\n|faint|p1a: Slim Shady\n|faint|p1b: VEGETA\n|\n|win|Qwitt\n|raw|greenlightdmp's rating: 1695 &rarr; <strong>1673<\/strong><br \/>(-22 for losing)\n|raw|Qwitt's rating: 1662 &rarr; <strong>1684<\/strong><br \/>(+22 for winning)\n|l|\u2606greenlightdmp\n|player|p1|\n|l|\u2606Qwitt\n|player|p2|\n","uploadtime":1731177532,"views":33,"formatid":"gen9vgc2024regh","rating":1673,"private":0,"password":null}