{"id":"gen9vgc2024regh-2240259573","format":"[Gen 9] VGC 2024 Reg H","players":["randy.zhang2023","sheeshshane925"],"log":"|j|\u2606randy.zhang2023\n|j|\u2606sheeshshane925\n|t:|1731112394\n|gametype|doubles\n|player|p1|randy.zhang2023|policeman|1684\n|player|p2|sheeshshane925|bruno|1764\n|teamsize|p1|6\n|teamsize|p2|6\n|gen|9\n|tier|[Gen 9] VGC 2024 Reg H\n|rated|\n|rule|Species Clause: Limit one of each Pok\u00e9mon\n|rule|Item Clause: Limit 1 of each item\n|clearpoke\n|poke|p1|Weezing-Galar, L50, F|\n|poke|p1|Toedscruel, L50, F|\n|poke|p1|Dragapult, L50, M|\n|poke|p1|Zoroark-Hisui, L50, M|\n|poke|p1|Talonflame, L50, M|\n|poke|p1|Ursaluna-Bloodmoon, L50, M|\n|poke|p2|Archaludon, L50, M|\n|poke|p2|Pelipper, L50, F|\n|poke|p2|Primarina, L50, M|\n|poke|p2|Ursaluna, L50, F|\n|poke|p2|Porygon2, L50|\n|poke|p2|Grimmsnarl, L50, M|\n|teampreview|4\n|j| lrex9\n|l| lrex9\n|\n|t:|1731112452\n|start\n|switch|p1a: Weezing|Weezing-Galar, L50, F|100\/100\n|switch|p1b: Toedscruel|Toedscruel, L50, F|100\/100\n|switch|p2a: Ursaluna|Ursaluna, L50, F|100\/100\n|switch|p2b: Pelipper|Pelipper, L50, F, shiny|100\/100\n|-ability|p1a: Weezing|Neutralizing Gas\n|turn|1\n|inactive|Battle timer is ON: inactive players will automatically lose when time's up. (requested by randy.zhang2023)\n|inactive|randy.zhang2023 has 60 seconds left.\n|\n|t:|1731112491\n|-terastallize|p2b: Pelipper|Grass\n|move|p2a: Ursaluna|Protect|p2a: Ursaluna\n|-singleturn|p2a: Ursaluna|Protect\n|move|p1b: Toedscruel|Spore|p2a: Ursaluna\n|-activate|p2a: Ursaluna|move: Protect\n|move|p2b: Pelipper|Hurricane|p1a: Weezing|[miss]\n|-miss|p2b: Pelipper|p1a: Weezing\n|move|p1a: Weezing|Dazzling Gleam|p2a: Ursaluna|[spread] p2b\n|-activate|p2a: Ursaluna|move: Protect\n|-damage|p2b: Pelipper|37\/100\n|\n|-status|p2a: Ursaluna|brn|[from] item: Flame Orb\n|upkeep\n|turn|2\n|inactive|randy.zhang2023 has 30 seconds left.\n|\n|t:|1731112524\n|-terastallize|p1a: Weezing|Dark\n|move|p1b: Toedscruel|Rage Powder|p1b: Toedscruel\n|-singleturn|p1b: Toedscruel|move: Rage Powder\n|move|p2b: Pelipper|Hurricane|p1b: Toedscruel|[miss]\n|-miss|p2b: Pelipper|p1b: Toedscruel\n|move|p1a: Weezing|Dazzling Gleam|p2a: Ursaluna|[spread] p2a,p2b\n|-damage|p2a: Ursaluna|67\/100 brn\n|-damage|p2b: Pelipper|0 fnt\n|faint|p2b: Pelipper\n|move|p2a: Ursaluna|Facade|p1b: Toedscruel\n|-damage|p1b: Toedscruel|3\/100\n|\n|-damage|p2a: Ursaluna|61\/100 brn|[from] brn\n|upkeep\n|\n|t:|1731112537\n|switch|p2b: Primarina|Primarina, L50, M|100\/100\n|turn|3\n|\n|t:|1731112543\n|move|p1b: Toedscruel|Spore|p2b: Primarina\n|-status|p2b: Primarina|slp|[from] move: Spore\n|move|p1a: Weezing|Dazzling Gleam|p2a: Ursaluna|[spread] p2a,p2b\n|-damage|p2a: Ursaluna|28\/100 brn\n|-damage|p2b: Primarina|69\/100 slp\n|cant|p2b: Primarina|slp\n|move|p2a: Ursaluna|Facade|p1a: Weezing\n|-damage|p1a: Weezing|8\/100\n|\n|-damage|p2a: Ursaluna|22\/100 brn|[from] brn\n|upkeep\n|turn|4\n|\n|t:|1731112565\n|move|p2a: Ursaluna|Protect|p2a: Ursaluna\n|-singleturn|p2a: Ursaluna|Protect\n|move|p1b: Toedscruel|Earth Power|p2b: Primarina\n|-damage|p2b: Primarina|47\/100 slp\n|move|p1a: Weezing|Dazzling Gleam|p2a: Ursaluna|[spread] p2b\n|-activate|p2a: Ursaluna|move: Protect\n|-damage|p2b: Primarina|17\/100 slp\n|-curestatus|p2b: Primarina|slp|[msg]\n|move|p2b: Primarina|Hyper Voice|p1b: Toedscruel|[spread] p1a,p1b\n|-damage|p1a: Weezing|0 fnt\n|-damage|p1b: Toedscruel|0 fnt\n|faint|p1a: Weezing\n|-end|p1a: Weezing|ability: Neutralizing Gas\n|faint|p1b: Toedscruel\n|-enditem|p2b: Primarina|Throat Spray\n|-boost|p2b: Primarina|spa|1|[from] item: Throat Spray\n|\n|-damage|p2a: Ursaluna|16\/100 brn|[from] brn\n|upkeep\n|\n|t:|1731112581\n|switch|p1b: Ursaluna|Ursaluna-Bloodmoon, L50, M|100\/100\n|switch|p1a: Dragapult|Dragapult, L50, M|100\/100\n|turn|5\n|inactive|randy.zhang2023 has 30 seconds left.\n|inactive|randy.zhang2023 has 20 seconds left.\n|\n|t:|1731112618\n|switch|p2a: Porygon2|Porygon2, L50|100\/100\n|-ability|p2a: Porygon2|Download|boost\n|-boost|p2a: Porygon2|spa|1\n|move|p1a: Dragapult|U-turn|p2b: Primarina\n|-resisted|p2b: Primarina\n|-damage|p2b: Primarina|0 fnt\n|faint|p2b: Primarina\n|move|p1b: Ursaluna|Hyper Voice|p2a: Porygon2\n|-damage|p2a: Porygon2|71\/100\n|\n|upkeep\n|\n|t:|1731112627\n|switch|p2b: Ursaluna|Ursaluna, L50, F|16\/100 brn\n|turn|6\n|\n|t:|1731112633\n|move|p2b: Ursaluna|Protect|p2b: Ursaluna\n|-singleturn|p2b: Ursaluna|Protect\n|move|p1a: Dragapult|U-turn|p2a: Porygon2\n|-damage|p2a: Porygon2|52\/100\n|move|p1b: Ursaluna|Hyper Voice|p2b: Ursaluna|[spread] p2a\n|-activate|p2b: Ursaluna|move: Protect\n|-damage|p2a: Porygon2|31\/100\n|move|p2a: Porygon2|Trick Room|p2a: Porygon2\n|-fieldstart|move: Trick Room|[of] p2a: Porygon2\n|\n|-damage|p2b: Ursaluna|9\/100 brn|[from] brn\n|upkeep\n|turn|7\n|\n|t:|1731112658\n|move|p1b: Ursaluna|Vacuum Wave|p2b: Ursaluna\n|-supereffective|p2b: Ursaluna\n|-damage|p2b: Ursaluna|0 fnt\n|faint|p2b: Ursaluna\n|move|p2a: Porygon2|Ice Beam|p1b: Ursaluna\n|-supereffective|p1b: Ursaluna\n|-damage|p1b: Ursaluna|41\/100\n|move|p1a: Dragapult|U-turn|p2a: Porygon2\n|-damage|p2a: Porygon2|10\/100\n|\n|upkeep\n|turn|8\n|c|\u2606randy.zhang2023|gg\n|\n|t:|1731112670\n|move|p1b: Ursaluna|Vacuum Wave|p2a: Porygon2\n|-supereffective|p2a: Porygon2\n|-damage|p2a: Porygon2|0 fnt\n|faint|p2a: Porygon2\n|\n|win|randy.zhang2023\n|raw|randy.zhang2023's rating: 1684 &rarr; <strong>1709<\/strong><br \/>(+25 for winning)\n|raw|sheeshshane925's rating: 1764 &rarr; <strong>1739<\/strong><br \/>(-25 for losing)\n|c|\u2606sheeshshane925|gg\n|l|\u2606sheeshshane925\n|player|p2|\n","uploadtime":1731112824,"views":28,"formatid":"gen9vgc2024regh","rating":1709,"private":0,"password":null}