{"id":"gen9vgc2024regh-2240320081","format":"[Gen 9] VGC 2024 Reg H","players":["leolc0926","bwahacough"],"log":"|j|\u2606leolc0926\n|j|\u2606bwahacough\n|t:|1731120631\n|gametype|doubles\n|player|p1|leolc0926|steven|1650\n|player|p2|bwahacough|medium|1840\n|teamsize|p1|6\n|teamsize|p2|6\n|gen|9\n|tier|[Gen 9] VGC 2024 Reg H\n|rated|\n|rule|Species Clause: Limit one of each Pok\u00e9mon\n|rule|Item Clause: Limit 1 of each item\n|clearpoke\n|poke|p1|Indeedee-F, L50, F|\n|poke|p1|Hatterene, L50, F|\n|poke|p1|Torkoal, L50, M|\n|poke|p1|Kingambit, L50, F|\n|poke|p1|Gallade, L50, M|\n|poke|p1|Lilligant-Hisui, L50, F|\n|poke|p2|Lycanroc, L50, F|\n|poke|p2|Tyranitar, L50, M|\n|poke|p2|Indeedee-F, L50, F|\n|poke|p2|Sneasler, L50, F|\n|poke|p2|Espeon, L50, M|\n|poke|p2|Murkrow, L50, F|\n|teampreview|4\nleolc0926 has agreed to open team sheets.\nbwahacough has agreed to open team sheets.\n|inactive|Battle timer is ON: inactive players will automatically lose when time's up. (requested by leolc0926)\n|\n|t:|1731120653\n|start\n|switch|p1a: \u7ba1\u4e8b\u4fa0|Indeedee-F, L50, F|100\/100\n|switch|p1b: \u950b\u9510\u4fa0|Gallade, L50, M|100\/100\n|switch|p2a: Espeon|Espeon, L50, M, shiny|100\/100\n|switch|p2b: Tyranitar|Tyranitar, L50, M|100\/100\n|-weather|Sandstorm|[from] ability: Sand Stream|[of] p2b: Tyranitar\n|-fieldstart|move: Psychic Terrain|[from] ability: Psychic Surge|[of] p1a: \u7ba1\u4e8b\u4fa0\n|-enditem|p1a: \u7ba1\u4e8b\u4fa0|Psychic Seed\n|-boost|p1a: \u7ba1\u4e8b\u4fa0|spd|1|[from] item: Psychic Seed\n|turn|1\n|\n|t:|1731120666\n|move|p1a: \u7ba1\u4e8b\u4fa0|Follow Me|p1a: \u7ba1\u4e8b\u4fa0\n|-singleturn|p1a: \u7ba1\u4e8b\u4fa0|move: Follow Me\n|move|p2a: Espeon|Psyshock|p1a: \u7ba1\u4e8b\u4fa0\n|-resisted|p1a: \u7ba1\u4e8b\u4fa0\n|-damage|p1a: \u7ba1\u4e8b\u4fa0|62\/100\n|move|p2b: Tyranitar|Knock Off|p1a: \u7ba1\u4e8b\u4fa0\n|-supereffective|p1a: \u7ba1\u4e8b\u4fa0\n|-damage|p1a: \u7ba1\u4e8b\u4fa0|0 fnt\n|faint|p1a: \u7ba1\u4e8b\u4fa0\n|move|p1b: \u950b\u9510\u4fa0|Trick Room|p1b: \u950b\u9510\u4fa0\n|-fieldstart|move: Trick Room|[of] p1b: \u950b\u9510\u4fa0\n|\n|-weather|Sandstorm|[upkeep]\n|-damage|p1b: \u950b\u9510\u4fa0|95\/100|[from] Sandstorm\n|-damage|p2a: Espeon|94\/100|[from] Sandstorm\n|upkeep\n|\n|t:|1731120679\n|switch|p1a: \u55b7\u706b\u4fa0|Torkoal, L50, M|100\/100\n|-weather|SunnyDay|[from] ability: Drought|[of] p1a: \u55b7\u706b\u4fa0\n|turn|2\n|\n|t:|1731120701\n|move|p2b: Tyranitar|Protect|p2b: Tyranitar\n|-singleturn|p2b: Tyranitar|Protect\n|move|p1a: \u55b7\u706b\u4fa0|Eruption|p2a: Espeon|[spread] p2a\n|-activate|p2b: Tyranitar|move: Protect\n|-damage|p2a: Espeon|0 fnt\n|faint|p2a: Espeon\n|move|p1b: \u950b\u9510\u4fa0|Sacred Sword|p2b: Tyranitar\n|-activate|p2b: Tyranitar|move: Protect\n|\n|-weather|SunnyDay|[upkeep]\n|upkeep\n|\n|t:|1731120703\n|switch|p2a: Lycanroc|Lycanroc, L50, F|100\/100\n|turn|3\n|inactive|leolc0926 has 30 seconds left.\n|\n|t:|1731120732\n|-terastallize|p1a: \u55b7\u706b\u4fa0|Fire\n|move|p2a: Lycanroc|Protect|p2a: Lycanroc\n|-singleturn|p2a: Lycanroc|Protect\n|move|p1a: \u55b7\u706b\u4fa0|Eruption|p2a: Lycanroc|[spread] p2b\n|-activate|p2a: Lycanroc|move: Protect\n|-resisted|p2b: Tyranitar\n|-damage|p2b: Tyranitar|48\/100\n|move|p1b: \u950b\u9510\u4fa0|Sacred Sword|p2b: Tyranitar\n|-supereffective|p2b: Tyranitar\n|-damage|p2b: Tyranitar|0 fnt\n|faint|p2b: Tyranitar\n|\n|-weather|SunnyDay|[upkeep]\n|upkeep\n|\n|t:|1731120735\n|switch|p2b: Sneasler|Sneasler, L50, F, shiny|100\/100\n|-enditem|p2b: Sneasler|Psychic Seed\n|-boost|p2b: Sneasler|spd|1|[from] item: Psychic Seed\n|turn|4\n|\n|t:|1731120744\n|move|p2a: Lycanroc|Protect||[still]\n|-fail|p2a: Lycanroc\n|move|p1a: \u55b7\u706b\u4fa0|Eruption|p2a: Lycanroc|[spread] p2a,p2b\n|-resisted|p2a: Lycanroc\n|-enditem|p2a: Lycanroc|Focus Sash\n|-damage|p2a: Lycanroc|1\/100\n|-damage|p2b: Sneasler|17\/100\n|move|p1b: \u950b\u9510\u4fa0|Sacred Sword|p2a: Lycanroc\n|-supereffective|p2a: Lycanroc\n|-damage|p2a: Lycanroc|0 fnt\n|faint|p2a: Lycanroc\n|move|p2b: Sneasler|Dire Claw|p1b: \u950b\u9510\u4fa0\n|-damage|p1b: \u950b\u9510\u4fa0|32\/100\n|\n|-weather|SunnyDay|[upkeep]\n|upkeep\n|turn|5\n|-message|bwahacough forfeited.\n|\n|win|leolc0926\n|raw|leolc0926's rating: 1650 &rarr; <strong>1680<\/strong><br \/>(+30 for winning)\n|raw|bwahacough's rating: 1840 &rarr; <strong>1810<\/strong><br \/>(-30 for losing)\n|l|\u2606bwahacough\n|player|p2|\n|c|\u2606leolc0926|gg\n","uploadtime":1731120756,"views":87,"formatid":"gen9vgc2024regh","rating":1680,"private":0,"password":null}