{"id":"gen9vgc2024regh-2240642693","format":"[Gen 9] VGC 2024 Reg H","players":["dtownbrown447","bwahacough"],"log":"|j|\u2606dtownbrown447\n|j|\u2606bwahacough\n|t:|1731175445\n|gametype|doubles\n|player|p1|dtownbrown447|265|1652\n|player|p2|bwahacough|medium|1772\n|teamsize|p1|6\n|teamsize|p2|6\n|gen|9\n|tier|[Gen 9] VGC 2024 Reg H\n|rated|\n|rule|Species Clause: Limit one of each Pok\u00e9mon\n|rule|Item Clause: Limit 1 of each item\n|clearpoke\n|poke|p1|Blastoise, L50, M|\n|poke|p1|Indeedee-F, L50, F|\n|poke|p1|Pelipper, L50, M|\n|poke|p1|Dragonite, L50, M|\n|poke|p1|Sneasler, L50, M|\n|poke|p1|Delphox, L50, F|\n|poke|p2|Lycanroc, L50, F|\n|poke|p2|Tyranitar, L50, M|\n|poke|p2|Indeedee-F, L50, F|\n|poke|p2|Sneasler, L50, F|\n|poke|p2|Espeon, L50, M|\n|poke|p2|Murkrow, L50, F|\n|teampreview|4\n|inactive|Battle timer is ON: inactive players will automatically lose when time's up. (requested by dtownbrown447)\n|inactive|dtownbrown447 has 60 seconds left.\n|\n|t:|1731175496\n|start\n|switch|p1a: Blastoise|Blastoise, L50, M, shiny|100\/100\n|switch|p1b: Pelipper|Pelipper, L50, M|100\/100\n|switch|p2a: Espeon|Espeon, L50, M, shiny|100\/100\n|switch|p2b: Indeedee|Indeedee-F, L50, F, shiny|100\/100\n|-weather|RainDance|[from] ability: Drizzle|[of] p1b: Pelipper\n|-fieldstart|move: Psychic Terrain|[from] ability: Psychic Surge|[of] p2b: Indeedee\n|turn|1\n|\n|t:|1731175506\n|switch|p2a: Tyranitar|Tyranitar, L50, M|100\/100\n|-weather|Sandstorm|[from] ability: Sand Stream|[of] p2a: Tyranitar\n|move|p1b: Pelipper|Wide Guard|p1b: Pelipper\n|-singleturn|p1b: Pelipper|Wide Guard\n|move|p1a: Blastoise|Shell Smash|p1a: Blastoise\n|-unboost|p1a: Blastoise|def|1\n|-unboost|p1a: Blastoise|spd|1\n|-boost|p1a: Blastoise|atk|2\n|-boost|p1a: Blastoise|spa|2\n|-boost|p1a: Blastoise|spe|2\n|move|p2b: Indeedee|Psychic|p1b: Pelipper\n|-damage|p1b: Pelipper|33\/100\n|\n|-weather|Sandstorm|[upkeep]\n|-damage|p1a: Blastoise|95\/100|[from] Sandstorm\n|-damage|p1b: Pelipper|27\/100|[from] Sandstorm\n|-damage|p2b: Indeedee|94\/100|[from] Sandstorm\n|upkeep\n|turn|2\n|\n|t:|1731175521\n|switch|p1b: Indeedee|Indeedee-F, L50, F|100\/100\n|-terastallize|p2b: Indeedee|Grass\n|move|p1a: Blastoise|Protect|p1a: Blastoise\n|-singleturn|p1a: Blastoise|Protect\n|move|p2b: Indeedee|Psychic|p1a: Blastoise\n|-activate|p1a: Blastoise|move: Protect\n|move|p2a: Tyranitar|Rock Slide|p1a: Blastoise|[spread] p1b\n|-activate|p1a: Blastoise|move: Protect\n|-damage|p1b: Indeedee|71\/100\n|\n|-weather|Sandstorm|[upkeep]\n|-damage|p1a: Blastoise|89\/100|[from] Sandstorm\n|-damage|p2b: Indeedee|88\/100|[from] Sandstorm\n|-damage|p1b: Indeedee|65\/100|[from] Sandstorm\n|upkeep\n|turn|3\n|\n|t:|1731175533\n|switch|p1b: Pelipper|Pelipper, L50, M|27\/100\n|-weather|RainDance|[from] ability: Drizzle|[of] p1b: Pelipper\n|-terastallize|p1a: Blastoise|Water\n|move|p1a: Blastoise|Water Spout|p2a: Tyranitar|[spread] p2a,p2b\n|-supereffective|p2a: Tyranitar\n|-resisted|p2b: Indeedee\n|-damage|p2a: Tyranitar|0 fnt\n|-damage|p2b: Indeedee|0 fnt\n|faint|p2a: Tyranitar\n|faint|p2b: Indeedee\n|\n|-weather|RainDance|[upkeep]\n|-heal|p1a: Blastoise|95\/100|[from] ability: Rain Dish\n|upkeep\n|\n|t:|1731175535\n|switch|p2b: Lycanroc|Lycanroc, L50, F|100\/100\n|switch|p2a: Espeon|Espeon, L50, M, shiny|100\/100\n|turn|4\n|\n|t:|1731175553\n|move|p1b: Pelipper|Wide Guard|p1b: Pelipper\n|-singleturn|p1b: Pelipper|Wide Guard\n|move|p1a: Blastoise|Water Spout|p2b: Lycanroc|[spread] p2a,p2b\n|-supereffective|p2b: Lycanroc\n|-damage|p2a: Espeon|0 fnt\n|-enditem|p2b: Lycanroc|Focus Sash\n|-damage|p2b: Lycanroc|1\/100\n|faint|p2a: Espeon\n|move|p2b: Lycanroc|Close Combat|p1a: Blastoise\n|-damage|p1a: Blastoise|25\/100\n|-unboost|p2b: Lycanroc|def|1\n|-unboost|p2b: Lycanroc|spd|1\n|\n|-weather|RainDance|[upkeep]\n|-heal|p1a: Blastoise|31\/100|[from] ability: Rain Dish\n|upkeep\n|turn|5\n|\n|t:|1731175568\n|move|p1a: Blastoise|Water Spout|p2b: Lycanroc\n|-supereffective|p2b: Lycanroc\n|-damage|p2b: Lycanroc|0 fnt\n|faint|p2b: Lycanroc\n|\n|win|dtownbrown447\n|raw|dtownbrown447's rating: 1652 &rarr; <strong>1679<\/strong><br \/>(+27 for winning)\n|raw|bwahacough's rating: 1772 &rarr; <strong>1745<\/strong><br \/>(-27 for losing)\n|l|\u2606bwahacough\n|player|p2|\n|l|\u2606dtownbrown447\n|player|p1|\n","uploadtime":1731175725,"views":37,"formatid":"gen9vgc2024regh","rating":1679,"private":0,"password":null}