{"id":"gen9vgc2024regh-2240031339","format":"[Gen 9] VGC 2024 Reg H","players":["Tausendwandler","datbishgames"],"log":"|j|\u2606Tausendwandler\n|j|\u2606datbishgames\n|t:|1731087360\n|gametype|doubles\n|player|p1|Tausendwandler|1|1834\n|player|p2|datbishgames|mira|1776\n|teamsize|p1|6\n|teamsize|p2|6\n|gen|9\n|tier|[Gen 9] VGC 2024 Reg H\n|rated|\n|rule|Species Clause: Limit one of each Pok\u00e9mon\n|rule|Item Clause: Limit 1 of each item\n|clearpoke\n|poke|p1|Grimmsnarl, L50, M|\n|poke|p1|Maushold-Four, L50|\n|poke|p1|Gholdengo, L50|\n|poke|p1|Dragonite, L50, F|\n|poke|p1|Ursaluna-Bloodmoon, L50, M|\n|poke|p1|Volcarona, L50, M|\n|poke|p2|Whimsicott, L50, M|\n|poke|p2|Basculegion, L50, M|\n|poke|p2|Arcanine-Hisui, L50, M|\n|poke|p2|Hydreigon, L50, M|\n|poke|p2|Farigiraf, L50, M|\n|poke|p2|Pawmot, L50, F|\n|teampreview|4\n|inactive|Battle timer is ON: inactive players will automatically lose when time's up. (requested by datbishgames)\n|\n|t:|1731087387\n|start\n|switch|p1a: Grimmsnarl|Grimmsnarl, L50, M|100\/100\n|switch|p1b: Maushold|Maushold-Four, L50|100\/100\n|switch|p2a: Whimsicott|Whimsicott, L50, M|100\/100\n|switch|p2b: Hydreigon|Hydreigon, L50, M|100\/100\n|turn|1\n|\n|t:|1731087400\n|-terastallize|p2b: Hydreigon|Fire\n|move|p2a: Whimsicott|Tailwind|p2a: Whimsicott\n|-sidestart|p2: datbishgames|move: Tailwind\n|move|p1a: Grimmsnarl|Light Screen|p1a: Grimmsnarl\n|-sidestart|p1: Tausendwandler|move: Light Screen\n|move|p2b: Hydreigon|Heat Wave|p1b: Maushold|[spread] p1a,p1b\n|-damage|p1a: Grimmsnarl|72\/100\n|-damage|p1b: Maushold|45\/100\n|-damage|p2b: Hydreigon|91\/100|[from] item: Life Orb\n|move|p1b: Maushold|Population Bomb|p2a: Whimsicott\n|-damage|p2a: Whimsicott|89\/100\n|-damage|p2a: Whimsicott|78\/100\n|-damage|p2a: Whimsicott|67\/100\n|-damage|p2a: Whimsicott|55\/100\n|-damage|p2a: Whimsicott|43\/100\n|-damage|p2a: Whimsicott|30\/100\n|-damage|p2a: Whimsicott|17\/100\n|-damage|p2a: Whimsicott|6\/100\n|-damage|p2a: Whimsicott|0 fnt\n|faint|p2a: Whimsicott\n|-hitcount|p2: Whimsicott|9\n|\n|upkeep\n|\n|t:|1731087413\n|switch|p2a: Farigiraf|Farigiraf, L50, M|100\/100\n|turn|2\n|\n|t:|1731087428\n|move|p1b: Maushold|Protect|p1b: Maushold\n|-singleturn|p1b: Maushold|Protect\n|move|p1a: Grimmsnarl|Thunder Wave||[still]\n|cant|p2a: Farigiraf|ability: Armor Tail|Thunder Wave|[of] p1a: Grimmsnarl\n|move|p2b: Hydreigon|Heat Wave|p1a: Grimmsnarl|[spread] p1a\n|-activate|p1b: Maushold|move: Protect\n|-damage|p1a: Grimmsnarl|40\/100\n|-damage|p2b: Hydreigon|81\/100|[from] item: Life Orb\n|move|p2a: Farigiraf|Hyper Voice|p1a: Grimmsnarl|[spread] p1a\n|-activate|p1b: Maushold|move: Protect\n|-crit|p1a: Grimmsnarl\n|-damage|p1a: Grimmsnarl|0 fnt\n|faint|p1a: Grimmsnarl\n|-enditem|p2a: Farigiraf|Throat Spray\n|-boost|p2a: Farigiraf|spa|1|[from] item: Throat Spray\n|\n|upkeep\n|\n|t:|1731087436\n|switch|p1a: Ursaluna|Ursaluna-Bloodmoon, L50, M|100\/100\n|turn|3\n|\n|t:|1731087461\n|-terastallize|p1a: Ursaluna|Water\n|move|p1b: Maushold|Protect|p1b: Maushold\n|-singleturn|p1b: Maushold|Protect\n|move|p2b: Hydreigon|Heat Wave|p1b: Maushold|[spread] p1a\n|-activate|p1b: Maushold|move: Protect\n|-resisted|p1a: Ursaluna\n|-damage|p1a: Ursaluna|88\/100\n|-damage|p2b: Hydreigon|72\/100|[from] item: Life Orb\n|move|p2a: Farigiraf|Hyper Voice|p1a: Ursaluna|[spread] p1a\n|-activate|p1b: Maushold|move: Protect\n|-damage|p1a: Ursaluna|65\/100\n|move|p1a: Ursaluna|Blood Moon|p2b: Hydreigon\n|-damage|p2b: Hydreigon|0 fnt\n|faint|p2b: Hydreigon\n|\n|upkeep\n|\n|t:|1731087467\n|switch|p2b: Basculegion|Basculegion, L50, M|100\/100\n|turn|4\n|\n|t:|1731087486\n|switch|p1b: Gholdengo|Gholdengo, L50|100\/100\n|move|p2b: Basculegion|Last Respects|p1a: Ursaluna\n|-damage|p1a: Ursaluna|0 fnt\n|faint|p1a: Ursaluna\n|move|p2a: Farigiraf|Trick Room|p2a: Farigiraf\n|-fieldstart|move: Trick Room|[of] p2a: Farigiraf\n|\n|-sideend|p2: datbishgames|move: Tailwind\n|upkeep\n|j| BreadTest\n|\n|t:|1731087494\n|switch|p1a: Maushold|Maushold-Four, L50|45\/100\n|turn|5\n|\n|t:|1731087509\n|move|p1a: Maushold|Protect|p1a: Maushold\n|-singleturn|p1a: Maushold|Protect\n|move|p2a: Farigiraf|Twin Beam|p1a: Maushold\n|-activate|p1a: Maushold|move: Protect\n|move|p2b: Basculegion|Last Respects|p1b: Gholdengo\n|-supereffective|p1b: Gholdengo\n|-damage|p1b: Gholdengo|0 fnt\n|faint|p1b: Gholdengo\n|\n|upkeep\n|turn|6\n|\n|t:|1731087523\n|move|p2a: Farigiraf|Twin Beam|p1a: Maushold\n|-damage|p1a: Maushold|17\/100\n|-damage|p1a: Maushold|0 fnt\n|faint|p1a: Maushold\n|-hitcount|p1: Maushold|2\n|\n|win|datbishgames\n|raw|Tausendwandler's rating: 1834 &rarr; <strong>1811<\/strong><br \/>(-23 for losing)\n|raw|datbishgames's rating: 1776 &rarr; <strong>1799<\/strong><br \/>(+23 for winning)\n|l|\u2606Tausendwandler\n|player|p1|\n|l|\u2606datbishgames\n|player|p2|\n|l| BreadTest\n","uploadtime":1731087749,"views":55,"formatid":"gen9vgc2024regh","rating":1799,"private":0,"password":null}