{"id":"gen9vgc2024regh-2240199811","format":"[Gen 9] VGC 2024 Reg H","players":["Kodora","Zordor"],"log":"|j|\u2606Kodora\n|j|\u2606Zordor\n|t:|1731104919\n|gametype|doubles\n|player|p1|Kodora|265|1676\n|player|p2|Zordor|pilot|1809\n|teamsize|p1|6\n|teamsize|p2|6\n|gen|9\n|tier|[Gen 9] VGC 2024 Reg H\n|rated|\n|rule|Species Clause: Limit one of each Pok\u00e9mon\n|rule|Item Clause: Limit 1 of each item\n|clearpoke\n|poke|p1|Maushold-Four, L50|\n|poke|p1|Annihilape, L50, M|\n|poke|p1|Archaludon, L50, M|\n|poke|p1|Murkrow, L50, M|\n|poke|p1|Weavile, L50, F|\n|poke|p1|Garchomp, L50, F|\n|poke|p2|Rotom-Wash, L50|\n|poke|p2|Sneasler, L50, F|\n|poke|p2|Kingambit, L50, M|\n|poke|p2|Armarouge, L50, M|\n|poke|p2|Dragapult, L50, M|\n|poke|p2|Venusaur, L50, M|\n|teampreview|4\n|\n|t:|1731104945\n|start\n|switch|p1a: Maushold|Maushold-Four, L50, shiny|100\/100\n|switch|p1b: Annihilape|Annihilape, L50, M, shiny|100\/100\n|switch|p2a: Sneasler|Sneasler, L50, F|100\/100\n|switch|p2b: Rotom|Rotom-Wash, L50|100\/100\n|turn|1\n|\n|t:|1731104954\n|-terastallize|p1a: Maushold|Ghost\n|move|p2a: Sneasler|Rock Tomb|p1a: Maushold\n|-damage|p1a: Maushold|78\/100\n|-unboost|p1a: Maushold|spe|1\n|move|p1b: Annihilape|Rage Fist|p2b: Rotom\n|-damage|p2b: Rotom|75\/100\n|move|p2b: Rotom|Will-O-Wisp|p1b: Annihilape|[miss]\n|-miss|p2b: Rotom|p1b: Annihilape\n|move|p1a: Maushold|Beat Up|p1b: Annihilape\n|-damage|p1b: Annihilape|99\/100\n|-damage|p1b: Annihilape|96\/100\n|-damage|p1b: Annihilape|93\/100\n|-damage|p1b: Annihilape|90\/100\n|-hitcount|p1b: Annihilape|4\n|\n|upkeep\n|turn|2\n|\n|t:|1731104973\n|move|p2b: Rotom|Protect|p2b: Rotom\n|-singleturn|p2b: Rotom|Protect\n|move|p1a: Maushold|Follow Me|p1a: Maushold\n|-singleturn|p1a: Maushold|move: Follow Me\n|move|p2a: Sneasler|Dire Claw|p1a: Maushold\n|-resisted|p1a: Maushold\n|-damage|p1a: Maushold|53\/100\n|move|p1b: Annihilape|Rage Fist|p2b: Rotom\n|-activate|p2b: Rotom|move: Protect\n|\n|upkeep\n|turn|3\n|\n|t:|1731104989\n|move|p1b: Annihilape|Protect|p1b: Annihilape\n|-singleturn|p1b: Annihilape|Protect\n|move|p2a: Sneasler|Dire Claw|p1a: Maushold\n|-resisted|p1a: Maushold\n|-damage|p1a: Maushold|30\/100\n|move|p2b: Rotom|Will-O-Wisp|p1b: Annihilape\n|-activate|p1b: Annihilape|move: Protect\n|move|p1a: Maushold|Beat Up|p2a: Sneasler\n|-resisted|p2a: Sneasler\n|-damage|p2a: Sneasler|99\/100\n|-resisted|p2a: Sneasler\n|-damage|p2a: Sneasler|96\/100\n|-resisted|p2a: Sneasler\n|-damage|p2a: Sneasler|94\/100\n|-resisted|p2a: Sneasler\n|-damage|p2a: Sneasler|91\/100\n|-hitcount|p2a: Sneasler|4\n|\n|upkeep\n|turn|4\n|\n|t:|1731105023\n|move|p1a: Maushold|Follow Me|p1a: Maushold\n|-singleturn|p1a: Maushold|move: Follow Me\n|move|p2a: Sneasler|Dire Claw|p1a: Maushold\n|-resisted|p1a: Maushold\n|-damage|p1a: Maushold|3\/100\n|move|p1b: Annihilape|Rage Fist|p2b: Rotom\n|-damage|p2b: Rotom|0 fnt\n|faint|p2b: Rotom\n|\n|upkeep\n|\n|t:|1731105033\n|switch|p2b: Dragapult|Dragapult, L50, M|100\/100\n|turn|5\n|\n|t:|1731105055\n|-terastallize|p2b: Dragapult|Fighting\n|move|p1a: Maushold|Follow Me|p1a: Maushold\n|-singleturn|p1a: Maushold|move: Follow Me\n|move|p2b: Dragapult|Psychic Fangs|p1a: Maushold\n|-damage|p1a: Maushold|0 fnt\n|faint|p1a: Maushold\n|move|p2a: Sneasler|Dire Claw|p1b: Annihilape\n|-resisted|p1b: Annihilape\n|-damage|p1b: Annihilape|69\/100\n|-status|p1b: Annihilape|psn\n|move|p1b: Annihilape|Rage Fist|p2b: Dragapult\n|-damage|p2b: Dragapult|0 fnt\n|faint|p2b: Dragapult\n|\n|-damage|p1b: Annihilape|57\/100 psn|[from] psn\n|upkeep\n|\n|t:|1731105066\n|switch|p2b: Venusaur|Venusaur, L50, M|100\/100\n|switch|p1a: Weavile|Weavile, L50, F, shiny|100\/100\n|-ability|p1a: Weavile|Pressure\n|turn|6\n|\n|t:|1731105094\n|move|p2a: Sneasler|Protect|p2a: Sneasler\n|-singleturn|p2a: Sneasler|Protect\n|move|p2b: Venusaur|Protect|p2b: Venusaur\n|-singleturn|p2b: Venusaur|Protect\n|move|p1a: Weavile|Fake Out|p2a: Sneasler\n|-activate|p2a: Sneasler|move: Protect\n|move|p1b: Annihilape|Rage Fist|p2b: Venusaur\n|-activate|p2b: Venusaur|move: Protect\n|\n|-damage|p1b: Annihilape|44\/100 psn|[from] psn\n|upkeep\n|turn|7\n|\n|t:|1731105110\n|move|p1b: Annihilape|Protect|p1b: Annihilape\n|-singleturn|p1b: Annihilape|Protect\n|move|p1a: Weavile|Triple Axel|p2a: Sneasler\n|-damage|p2a: Sneasler|77\/100\n|-damage|p2a: Sneasler|46\/100\n|-damage|p2a: Sneasler|0 fnt\n|faint|p2a: Sneasler\n|-hitcount|p2: Sneasler|3\n|move|p2b: Venusaur|Giga Drain|p1b: Annihilape\n|-activate|p1b: Annihilape|move: Protect\n|\n|-damage|p1b: Annihilape|32\/100 psn|[from] psn\n|upkeep\n|turn|8\n|-message|Zordor forfeited.\n|\n|win|Kodora\n|raw|Kodora's rating: 1676 &rarr; <strong>1703<\/strong><br \/>(+27 for winning)\n|raw|Zordor's rating: 1809 &rarr; <strong>1782<\/strong><br \/>(-27 for losing)\n|l|\u2606Zordor\n|player|p2|\n|l|\u2606Kodora\n|player|p1|\n","uploadtime":1731105344,"views":39,"formatid":"gen9vgc2024regh","rating":1703,"private":0,"password":null}