{"id":"gen9vgc2024regh-2240577090","format":"[Gen 9] VGC 2024 Reg H","players":["Gurrasnurra5","USTM"],"log":"|j|\u2606Gurrasnurra5\n|j|\u2606USTM\n|t:|1731167301\n|gametype|doubles\n|player|p1|Gurrasnurra5|wattson|1715\n|player|p2|USTM|102|1681\n|teamsize|p1|6\n|teamsize|p2|6\n|gen|9\n|tier|[Gen 9] VGC 2024 Reg H\n|rated|\n|rule|Species Clause: Limit one of each Pok\u00e9mon\n|rule|Item Clause: Limit 1 of each item\n|clearpoke\n|poke|p1|Porygon2, L50|\n|poke|p1|Incineroar, L50, M|\n|poke|p1|Rillaboom, L50, F|\n|poke|p1|Kingambit, L50, M|\n|poke|p1|Sneasler, L50, F|\n|poke|p1|Basculegion, L50, M|\n|poke|p2|Gallade, L50, M|\n|poke|p2|Incineroar, L50, M|\n|poke|p2|Kingambit, L50, M|\n|poke|p2|Ninetales-Alola, L50, M|\n|poke|p2|Garchomp, L50, M|\n|poke|p2|Dragonite, L50, M|\n|teampreview|4\n|inactive|Battle timer is ON: inactive players will automatically lose when time's up. (requested by Gurrasnurra5)\nGurrasnurra5 has agreed to open team sheets.\n|\n|t:|1731167326\n|start\n|switch|p1a: Porygon2|Porygon2, L50|100\/100\n|switch|p1b: Incineroar|Incineroar, L50, M|100\/100\n|switch|p2a: Garchomp|Garchomp, L50, M|100\/100\n|switch|p2b: Dragonite|Dragonite, L50, M, shiny|100\/100\n|-ability|p1b: Incineroar|Intimidate|boost\n|-unboost|p2a: Garchomp|atk|1\n|-fail|p2b: Dragonite|unboost|Attack|[from] ability: Inner Focus|[of] p2b: Dragonite\n|-ability|p1a: Porygon2|Download|boost\n|-boost|p1a: Porygon2|spa|1\n|turn|1\n|\n|t:|1731167340\n|switch|p2a: Incineroar|Incineroar, L50, M|100\/100\n|-ability|p2a: Incineroar|Intimidate|boost\n|-unboost|p1a: Porygon2|atk|1\n|-unboost|p1b: Incineroar|atk|1\n|-terastallize|p2b: Dragonite|Flying\n|move|p1b: Incineroar|Fake Out|p2b: Dragonite\n|-damage|p2b: Dragonite|93\/100\n|move|p2b: Dragonite|Tera Blast|p1a: Porygon2|[anim] Tera Blast Flying\n|-damage|p1a: Porygon2|64\/100\n|move|p1a: Porygon2|Ice Beam|p2b: Dragonite\n|-supereffective|p2b: Dragonite\n|-damage|p2b: Dragonite|46\/100\n|\n|upkeep\n|turn|2\n|j| newkl\n|\n|t:|1731167360\n|switch|p1a: Basculegion|Basculegion, L50, M|100\/100\n|move|p2a: Incineroar|Fake Out|p1a: Basculegion\n|-immune|p1a: Basculegion\n|move|p1b: Incineroar|Parting Shot|p2b: Dragonite\n|-unboost|p2b: Dragonite|atk|1\n|-unboost|p2b: Dragonite|spa|1\n|\n|t:|1731167371\n|switch|p1b: Sneasler|Sneasler, L50, F|100\/100|[from] Parting Shot\n|move|p2b: Dragonite|Tera Blast|p1a: Basculegion|[anim] Tera Blast Flying\n|-damage|p1a: Basculegion|49\/100\n|\n|upkeep\n|turn|3\n|\n|t:|1731167388\n|move|p2b: Dragonite|Extreme Speed|p1b: Sneasler\n|-damage|p1b: Sneasler|68\/100\n|move|p1a: Basculegion|Wave Crash|p2b: Dragonite\n|-damage|p2b: Dragonite|0 fnt\n|faint|p2b: Dragonite\n|-damage|p1a: Basculegion|35\/100|[from] Recoil\n|move|p1b: Sneasler|Close Combat|p2a: Incineroar\n|-supereffective|p2a: Incineroar\n|-damage|p2a: Incineroar|0 fnt\n|-unboost|p1b: Sneasler|def|1\n|-unboost|p1b: Sneasler|spd|1\n|-damage|p1b: Sneasler|51\/100|[from] item: Rocky Helmet|[of] p2a: Incineroar\n|faint|p2a: Incineroar\n|\n|upkeep\n|\n|t:|1731167405\n|switch|p2b: Kingambit|Kingambit, L50, M, shiny|100\/100\n|switch|p2a: Garchomp|Garchomp, L50, M|100\/100\n|turn|4\n|\n|t:|1731167421\n|move|p2b: Kingambit|Protect|p2b: Kingambit\n|-singleturn|p2b: Kingambit|Protect\n|move|p2a: Garchomp|Earthquake|p1a: Basculegion|[spread] p1a,p1b\n|-activate|p2b: Kingambit|move: Protect\n|-supereffective|p1b: Sneasler\n|-damage|p1a: Basculegion|0 fnt\n|-damage|p1b: Sneasler|0 fnt\n|faint|p1a: Basculegion\n|faint|p1b: Sneasler\n|\n|upkeep\n|\n|t:|1731167424\n|switch|p1b: Porygon2|Porygon2, L50|64\/100\n|switch|p1a: Incineroar|Incineroar, L50, M|100\/100\n|-ability|p1a: Incineroar|Intimidate|boost\n|-unboost|p2a: Garchomp|atk|1\n|-unboost|p2b: Kingambit|atk|1\n|-ability|p2b: Kingambit|Defiant|boost\n|-boost|p2b: Kingambit|atk|2\n|-ability|p1b: Porygon2|Download|boost\n|-boost|p1b: Porygon2|spa|1\n|turn|5\n|\n|t:|1731167445\n|-terastallize|p1b: Porygon2|Fighting\n|move|p1a: Incineroar|Fake Out|p2a: Garchomp\n|-crit|p2a: Garchomp\n|-damage|p2a: Garchomp|84\/100\n|-damage|p1a: Incineroar|88\/100|[from] ability: Rough Skin|[of] p2a: Garchomp\n|cant|p2a: Garchomp|flinch\n|move|p2b: Kingambit|Kowtow Cleave|p1b: Porygon2\n|-resisted|p1b: Porygon2\n|-damage|p1b: Porygon2|38\/100\n|move|p1b: Porygon2|Tera Blast|p2b: Kingambit|[anim] Tera Blast Fighting\n|-supereffective|p2b: Kingambit\n|-damage|p2b: Kingambit|0 fnt\n|faint|p2b: Kingambit\n|\n|upkeep\n|turn|6\n|\n|t:|1731167455\n|move|p2a: Garchomp|Earthquake|p1b: Porygon2|[spread] p1a,p1b\n|-supereffective|p1a: Incineroar\n|-damage|p1a: Incineroar|31\/100\n|-damage|p1b: Porygon2|19\/100\n|-enditem|p1a: Incineroar|Sitrus Berry|[eat]\n|-heal|p1a: Incineroar|56\/100|[from] item: Sitrus Berry\n|move|p1a: Incineroar|Knock Off|p2a: Garchomp\n|-damage|p2a: Garchomp|44\/100\n|-damage|p1a: Incineroar|43\/100|[from] ability: Rough Skin|[of] p2a: Garchomp\n|-enditem|p2a: Garchomp|Choice Scarf|[from] move: Knock Off|[of] p1a: Incineroar\n|move|p1b: Porygon2|Recover|p1b: Porygon2\n|-heal|p1b: Porygon2|69\/100\n|\n|upkeep\n|turn|7\n|\n|t:|1731167466\n|move|p2a: Garchomp|Earthquake|p1b: Porygon2|[spread] p1a,p1b\n|-supereffective|p1a: Incineroar\n|-damage|p1a: Incineroar|0 fnt\n|-damage|p1b: Porygon2|52\/100\n|faint|p1a: Incineroar\n|move|p1b: Porygon2|Ice Beam|p2a: Garchomp\n|-supereffective|p2a: Garchomp\n|-damage|p2a: Garchomp|0 fnt\n|faint|p2a: Garchomp\n|\n|win|Gurrasnurra5\n|raw|Gurrasnurra5's rating: 1715 &rarr; <strong>1733<\/strong><br \/>(+18 for winning)\n|raw|USTM's rating: 1681 &rarr; <strong>1663<\/strong><br \/>(-18 for losing)\n|l|\u2606USTM\n|player|p2|\n|l|\u2606Gurrasnurra5\n|player|p1|\n","uploadtime":1731167713,"views":32,"formatid":"gen9vgc2024regh","rating":1663,"private":0,"password":null}