{"id":"gen9vgc2024regh-2240122640","format":"[Gen 9] VGC 2024 Reg H","players":["kiwigal","chin8"],"log":"|j|\u2606kiwigal\n|j|\u2606chin8\n|t:|1731096351\n|gametype|doubles\n|player|p1|kiwigal|emma|1687\n|player|p2|chin8|gentleman-gen4dp|1855\n|teamsize|p1|6\n|teamsize|p2|6\n|gen|9\n|tier|[Gen 9] VGC 2024 Reg H\n|rated|\n|rule|Species Clause: Limit one of each Pok\u00e9mon\n|rule|Item Clause: Limit 1 of each item\n|clearpoke\n|poke|p1|Weezing-Galar, L50, M|\n|poke|p1|Dondozo, L50, M|\n|poke|p1|Tatsugiri, L50, M|\n|poke|p1|Slaking, L50, M|\n|poke|p1|Typhlosion-Hisui, L50, M|\n|poke|p1|Meowscarada, L50, M|\n|poke|p2|Baxcalibur, L50, F|\n|poke|p2|Kilowattrel, L50, F|\n|poke|p2|Granbull, L50, F|\n|poke|p2|Gardevoir, L50, M|\n|poke|p2|Magmortar, L50, F|\n|poke|p2|Gholdengo, L50|\n|teampreview|4\n|inactive|Battle timer is ON: inactive players will automatically lose when time's up. (requested by chin8)\n|\n|t:|1731096390\n|start\n|switch|p1a: Weezing|Weezing-Galar, L50, M|100\/100\n|switch|p1b: Slaking|Slaking, L50, M|100\/100\n|switch|p2a: Kilowattrel|Kilowattrel, L50, F|100\/100\n|switch|p2b: Baxcalibur|Baxcalibur, L50, F|100\/100\n|-ability|p1a: Weezing|Neutralizing Gas\n|turn|1\n|inactive|chin8 has 30 seconds left.\n|inactive|chin8 has 20 seconds left.\n|inactive|chin8 has 15 seconds left.\n|\n|t:|1731096433\n|switch|p2b: Gholdengo|Gholdengo, L50|100\/100\n|-terastallize|p1a: Weezing|Water\n|move|p1b: Slaking|Protect|p1b: Slaking\n|-singleturn|p1b: Slaking|Protect\n|move|p2a: Kilowattrel|Thunderbolt|p1b: Slaking\n|-activate|p1b: Slaking|move: Protect\n|move|p1a: Weezing|Will-O-Wisp|p2b: Gholdengo\n|-status|p2b: Gholdengo|brn\n|\n|-damage|p2b: Gholdengo|94\/100 brn|[from] brn\n|upkeep\n|turn|2\n|\n|t:|1731096449\n|move|p1a: Weezing|Protect|p1a: Weezing\n|-singleturn|p1a: Weezing|Protect\n|move|p1b: Slaking|Sucker Punch|p2b: Gholdengo\n|-supereffective|p2b: Gholdengo\n|-damage|p2b: Gholdengo|18\/100 brn\n|-damage|p1b: Slaking|91\/100|[from] item: Life Orb\n|move|p2a: Kilowattrel|Air Slash|p1b: Slaking\n|-damage|p1b: Slaking|53\/100\n|move|p2b: Gholdengo|Make It Rain|p1b: Slaking|[spread] p1b\n|-activate|p1a: Weezing|move: Protect\n|-damage|p1b: Slaking|0 fnt\n|-unboost|p2b: Gholdengo|spa|1\n|faint|p1b: Slaking\n|\n|-heal|p2b: Gholdengo|24\/100 brn|[from] item: Leftovers\n|-damage|p2b: Gholdengo|18\/100 brn|[from] brn\n|upkeep\n|\n|t:|1731096462\n|switch|p1b: Tatsugiri|Tatsugiri, L50, M|100\/100\n|turn|3\n|\n|t:|1731096472\n|switch|p2b: Gardevoir|Gardevoir, L50, M|100\/100\n|move|p2a: Kilowattrel|Thunderbolt|p1a: Weezing\n|-supereffective|p1a: Weezing\n|-damage|p1a: Weezing|0 fnt\n|faint|p1a: Weezing\n|-end|p1a: Weezing|ability: Neutralizing Gas\n|move|p1b: Tatsugiri|Muddy Water|p2b: Gardevoir|[spread] p2a\n|-miss|p1b: Tatsugiri|p2b: Gardevoir\n|-damage|p2a: Kilowattrel|38\/100\n|\n|upkeep\n|inactive|kiwigal has 30 seconds left.\n|\n|t:|1731096498\n|switch|p1a: Dondozo|Dondozo, L50, M, shiny|100\/100\n|-activate|p1b: Tatsugiri|ability: Commander|[of] p1a: Dondozo\n|-boost|p1a: Dondozo|atk|2\n|-boost|p1a: Dondozo|spa|2\n|-boost|p1a: Dondozo|spe|2\n|-boost|p1a: Dondozo|def|2\n|-boost|p1a: Dondozo|spd|2\n|-enditem|p2b: Gardevoir|Mirror Herb\n|-boost|p2b: Gardevoir|atk|2|[from] item: Mirror Herb\n|-boost|p2b: Gardevoir|spa|2|[from] item: Mirror Herb\n|-boost|p2b: Gardevoir|spe|2|[from] item: Mirror Herb\n|-boost|p2b: Gardevoir|def|2|[from] item: Mirror Herb\n|-boost|p2b: Gardevoir|spd|2|[from] item: Mirror Herb\n|turn|4\n|\n|t:|1731096507\n|move|p2b: Gardevoir|Skill Swap|p1a: Dondozo\n|-activate|p2b: Gardevoir|move: Skill Swap|Unaware|Telepathy|[of] p1a: Dondozo\n|move|p2a: Kilowattrel|Thunderbolt|p1a: Dondozo\n|-supereffective|p1a: Dondozo\n|-damage|p1a: Dondozo|61\/100\n|move|p1a: Dondozo|Order Up|p2a: Kilowattrel\n|-damage|p2a: Kilowattrel|0 fnt\n|faint|p2a: Kilowattrel\n|-boost|p1a: Dondozo|atk|1\n|\n|-heal|p1a: Dondozo|67\/100|[from] item: Leftovers\n|upkeep\n|\n|t:|1731096515\n|switch|p2a: Gholdengo|Gholdengo, L50|18\/100 brn\n|turn|5\n|\n|t:|1731096526\n|move|p2b: Gardevoir|Dazzling Gleam|p1a: Dondozo|[spread] p1a\n|-miss|p2b: Gardevoir|p1b: Tatsugiri\n|-damage|p1a: Dondozo|9\/100\n|move|p1a: Dondozo|Heavy Slam|p2b: Gardevoir\n|-supereffective|p2b: Gardevoir\n|-damage|p2b: Gardevoir|64\/100\n|move|p2a: Gholdengo|Shadow Ball|p1a: Dondozo\n|-damage|p1a: Dondozo|0 fnt\n|faint|p1a: Dondozo\n|\n|-heal|p2a: Gholdengo|24\/100 brn|[from] item: Leftovers\n|-damage|p2a: Gholdengo|18\/100 brn|[from] brn\n|upkeep\n|turn|6\n|\n|t:|1731096533\n|move|p2b: Gardevoir|Dazzling Gleam|p1b: Tatsugiri\n|-supereffective|p1b: Tatsugiri\n|-enditem|p1b: Tatsugiri|Focus Sash\n|-damage|p1b: Tatsugiri|1\/100\n|move|p1b: Tatsugiri|Muddy Water|p2b: Gardevoir|[spread] \n|-miss|p1b: Tatsugiri|p2a: Gholdengo\n|-miss|p1b: Tatsugiri|p2b: Gardevoir\n|move|p2a: Gholdengo|Shadow Ball|p1b: Tatsugiri\n|-damage|p1b: Tatsugiri|0 fnt\n|faint|p1b: Tatsugiri\n|\n|win|chin8\n|raw|kiwigal's rating: 1687 &rarr; <strong>1676<\/strong><br \/>(-11 for losing)\n|raw|chin8's rating: 1855 &rarr; <strong>1866<\/strong><br \/>(+11 for winning)\n|l|\u2606chin8\n|player|p2|\n|l|\u2606kiwigal\n|player|p1|\n","uploadtime":1731096769,"views":43,"formatid":"gen9vgc2024regh","rating":1676,"private":0,"password":null}