{"id":"gen9vgc2024regh-2240457031","format":"[Gen 9] VGC 2024 Reg H","players":["Omiim","Tausendwandler"],"log":"|j|\u2606Omiim\n|j|\u2606Tausendwandler\n|t:|1731146904\n|gametype|doubles\n|player|p1|Omiim|102|1702\n|player|p2|Tausendwandler|265|1824\n|teamsize|p1|6\n|teamsize|p2|6\n|gen|9\n|tier|[Gen 9] VGC 2024 Reg H\n|rated|\n|rule|Species Clause: Limit one of each Pok\u00e9mon\n|rule|Item Clause: Limit 1 of each item\n|clearpoke\n|poke|p1|Dondozo, L50, M|\n|poke|p1|Tatsugiri, L50, F|\n|poke|p1|Gholdengo, L50|\n|poke|p1|Dragonite, L50, M|\n|poke|p1|Blaziken, L50, F|\n|poke|p1|Kilowattrel, L50, M|\n|poke|p2|Grimmsnarl, L50, M|\n|poke|p2|Maushold-Four, L50|\n|poke|p2|Gholdengo, L50|\n|poke|p2|Dragonite, L50, M|\n|poke|p2|Ursaluna-Bloodmoon, L50, M|\n|poke|p2|Volcarona, L50, M|\n|teampreview|4\nOmiim has agreed to open team sheets.\n|inactive|Battle timer is ON: inactive players will automatically lose when time's up. (requested by Omiim)\n|\n|t:|1731146935\n|start\n|switch|p1a: Kilowattrel|Kilowattrel, L50, M, shiny|100\/100\n|switch|p1b: Gholdengo|Gholdengo, L50, shiny|100\/100\n|switch|p2a: Dragonite|Dragonite, L50, M|100\/100\n|switch|p2b: Grimmsnarl|Grimmsnarl, L50, M|100\/100\n|turn|1\n|\n|t:|1731146948\n|-terastallize|p1b: Gholdengo|Steel\n|move|p2b: Grimmsnarl|Light Screen|p2b: Grimmsnarl\n|-sidestart|p2: Tausendwandler|move: Light Screen\n|move|p1a: Kilowattrel|Tailwind|p1a: Kilowattrel\n|-sidestart|p1: Omiim|move: Tailwind\n|move|p1b: Gholdengo|Make It Rain|p2a: Dragonite|[spread] p2a,p2b\n|-supereffective|p2b: Grimmsnarl\n|-damage|p2a: Dragonite|68\/100\n|-damage|p2b: Grimmsnarl|0 fnt\n|-unboost|p1b: Gholdengo|spa|1\n|faint|p2b: Grimmsnarl\n|move|p2a: Dragonite|Scale Shot|p1a: Kilowattrel\n|-damage|p1a: Kilowattrel|73\/100\n|-damage|p1a: Kilowattrel|44\/100\n|-damage|p1a: Kilowattrel|18\/100\n|-damage|p1a: Kilowattrel|0 fnt\n|faint|p1a: Kilowattrel\n|-hitcount|p1: Kilowattrel|4\n|-unboost|p2a: Dragonite|def|1\n|-boost|p2a: Dragonite|spe|1\n|\n|upkeep\n|j| lrex9\n|j| AestivalCarp368\n|\n|t:|1731146962\n|switch|p1a: Dragonite|Dragonite, L50, M, shiny|100\/100\n|switch|p2b: Gholdengo|Gholdengo, L50|100\/100\n|turn|2\n|inactive|Omiim has 30 seconds left.\n|\n|t:|1731146993\n|switch|p1b: Blaziken|Blaziken, L50, F, shiny|100\/100\n|-terastallize|p2a: Dragonite|Steel\n|move|p1a: Dragonite|Extreme Speed|p2a: Dragonite\n|-resisted|p2a: Dragonite\n|-damage|p2a: Dragonite|29\/100\n|move|p2a: Dragonite|Scale Shot|p1a: Dragonite\n|-supereffective|p1a: Dragonite\n|-damage|p1a: Dragonite|69\/100\n|-supereffective|p1a: Dragonite\n|-damage|p1a: Dragonite|42\/100\n|-supereffective|p1a: Dragonite\n|-damage|p1a: Dragonite|14\/100\n|-supereffective|p1a: Dragonite\n|-damage|p1a: Dragonite|0 fnt\n|faint|p1a: Dragonite\n|-hitcount|p1: Dragonite|4\n|-unboost|p2a: Dragonite|def|1\n|-boost|p2a: Dragonite|spe|1\n|move|p2b: Gholdengo|Nasty Plot|p2b: Gholdengo\n|-boost|p2b: Gholdengo|spa|2\n|\n|upkeep\n|l| AestivalCarp368\n|\n|t:|1731147004\n|switch|p1a: Gholdengo|Gholdengo, L50, shiny, tera:Steel|100\/100\n|turn|3\n|\n|t:|1731147027\n|move|p1a: Gholdengo|Make It Rain|p2a: Dragonite|[spread] p2a,p2b\n|-resisted|p2a: Dragonite\n|-resisted|p2b: Gholdengo\n|-damage|p2a: Dragonite|0 fnt\n|-damage|p2b: Gholdengo|65\/100\n|-unboost|p1a: Gholdengo|spa|1\n|faint|p2a: Dragonite\n|move|p1b: Blaziken|Heat Wave|p2b: Gholdengo\n|-supereffective|p2b: Gholdengo\n|-damage|p2b: Gholdengo|0 fnt\n|faint|p2b: Gholdengo\n|-damage|p1b: Blaziken|91\/100|[from] item: Life Orb\n|\n|-ability|p1b: Blaziken|Speed Boost|boost\n|-boost|p1b: Blaziken|spe|1\n|upkeep\n|\n|t:|1731147032\n|switch|p2a: Ursaluna|Ursaluna-Bloodmoon, L50, M|100\/100\n|turn|4\n|\n|t:|1731147052\n|move|p1b: Blaziken|Aura Sphere|p2a: Ursaluna\n|-supereffective|p2a: Ursaluna\n|-damage|p2a: Ursaluna|46\/100\n|-damage|p1b: Blaziken|81\/100|[from] item: Life Orb\n|move|p1a: Gholdengo|Make It Rain|p2a: Ursaluna\n|-damage|p2a: Ursaluna|6\/100\n|-unboost|p1a: Gholdengo|spa|1\n|move|p2a: Ursaluna|Earth Power|p1b: Blaziken\n|-supereffective|p1b: Blaziken\n|-damage|p1b: Blaziken|0 fnt\n|faint|p1b: Blaziken\n|\n|-sideend|p1: Omiim|move: Tailwind\n|upkeep\n|turn|5\n|\n|t:|1731147066\n|move|p1a: Gholdengo|Make It Rain|p2a: Ursaluna\n|-damage|p2a: Ursaluna|0 fnt\n|-unboost|p1a: Gholdengo|spa|1\n|faint|p2a: Ursaluna\n|\n|win|Omiim\n|raw|Omiim's rating: 1702 &rarr; <strong>1729<\/strong><br \/>(+27 for winning)\n|raw|Tausendwandler's rating: 1824 &rarr; <strong>1797<\/strong><br \/>(-27 for losing)\n|l|\u2606Tausendwandler\n|player|p2|\n|l|\u2606Omiim\n|player|p1|\n|l| lrex9\n","uploadtime":1731147301,"views":33,"formatid":"gen9vgc2024regh","rating":1729,"private":0,"password":null}