{"id":"gen9vgc2024regh-2240460312","format":"[Gen 9] VGC 2024 Reg H","players":["ren122333","fungfung7"],"log":"|j|\u2606ren122333\n|j|\u2606fungfung7\n|t:|1731147641\n|gametype|doubles\n|player|p1|ren122333|hilbert|1685\n|player|p2|fungfung7|101|1704\n|teamsize|p1|6\n|teamsize|p2|6\n|gen|9\n|tier|[Gen 9] VGC 2024 Reg H\n|rated|\n|rule|Species Clause: Limit one of each Pok\u00e9mon\n|rule|Item Clause: Limit 1 of each item\n|clearpoke\n|poke|p1|Whimsicott, L50, M|\n|poke|p1|Mamoswine, L50, M|\n|poke|p1|Lycanroc-Dusk, L50, M|\n|poke|p1|Typhlosion-Hisui, L50, F|\n|poke|p1|Farigiraf, L50, M|\n|poke|p1|Mienshao, L50, M|\n|poke|p2|Kingambit, L50, M|\n|poke|p2|Primarina, L50, M|\n|poke|p2|Sneasler, L50, M|\n|poke|p2|Magmar, L50, F|\n|poke|p2|Rillaboom, L50, M|\n|poke|p2|Dragapult, L50, F|\n|teampreview|4\n|inactive|Battle timer is ON: inactive players will automatically lose when time's up. (requested by fungfung7)\n|inactive|fungfung7 has 60 seconds left.\n|\n|t:|1731147680\n|start\n|switch|p1a: Whimsicott|Whimsicott, L50, M|100\/100\n|switch|p1b: Mamoswine|Mamoswine, L50, M|100\/100\n|switch|p2a: Sneasler|Sneasler, L50, M|100\/100\n|switch|p2b: Dragapult|Dragapult, L50, F|100\/100\n|turn|1\n|inactive|fungfung7 has 30 seconds left.\n|inactive|fungfung7 has 20 seconds left.\n|\n|t:|1731147719\n|move|p2a: Sneasler|Fake Out|p1a: Whimsicott\n|-damage|p1a: Whimsicott|78\/100\n|cant|p1a: Whimsicott|flinch\n|move|p2b: Dragapult|U-turn|p1a: Whimsicott\n|-damage|p1a: Whimsicott|23\/100\n|\n|t:|1731147726\n|switch|p2b: Kingambit|Kingambit, L50, M|100\/100|[from] U-turn\n|move|p1b: Mamoswine|Icicle Crash|p2b: Kingambit\n|-resisted|p2b: Kingambit\n|-damage|p2b: Kingambit|85\/100\n|\n|upkeep\n|turn|2\n|inactive|fungfung7 has 30 seconds left.\n|inactive|fungfung7 has 20 seconds left.\n|inactive|fungfung7 has 15 seconds left.\n|inactive|fungfung7 has 10 seconds left.\n|inactive|fungfung7 has 5 seconds left.\n|\n|t:|1731147778\n|-terastallize|p1b: Mamoswine|Grass\n|move|p2a: Sneasler|Protect|p2a: Sneasler\n|-singleturn|p2a: Sneasler|Protect\n|move|p1a: Whimsicott|Encore|p2a: Sneasler\n|-activate|p2a: Sneasler|move: Protect\n|move|p1b: Mamoswine|High Horsepower|p2b: Kingambit\n|-supereffective|p2b: Kingambit\n|-damage|p2b: Kingambit|0 fnt\n|faint|p2b: Kingambit\n|\n|upkeep\n|\n|t:|1731147794\n|switch|p2b: Dragapult|Dragapult, L50, F|100\/100\n|turn|3\n|j| lrex9\n|inactive|fungfung7 has 30 seconds left.\n|inactive|fungfung7 has 20 seconds left.\n|inactive|fungfung7 has 15 seconds left.\n|\n|t:|1731147836\n|switch|p2a: Rillaboom|Rillaboom, L50, M|100\/100\n|-fieldstart|move: Grassy Terrain|[from] ability: Grassy Surge|[of] p2a: Rillaboom\n|-terastallize|p2b: Dragapult|Dragon\n|move|p1a: Whimsicott|Tailwind|p1a: Whimsicott\n|-sidestart|p1: ren122333|move: Tailwind\n|move|p1b: Mamoswine|Icicle Crash|p2b: Dragapult\n|-supereffective|p2b: Dragapult\n|-damage|p2b: Dragapult|0 fnt\n|faint|p2b: Dragapult\n|\n|-heal|p1a: Whimsicott|29\/100|[from] Grassy Terrain\n|upkeep\n|\n|t:|1731147847\n|switch|p2b: Sneasler|Sneasler, L50, M|100\/100\n|turn|4\n|\n|t:|1731147870\n|switch|p1a: Farigiraf|Farigiraf, L50, M|100\/100\n|move|p2a: Rillaboom|Fake Out||[still]\n|cant|p1a: Farigiraf|ability: Armor Tail|Fake Out|[of] p2a: Rillaboom\n|move|p1b: Mamoswine|Icicle Crash|p2a: Rillaboom\n|-supereffective|p2a: Rillaboom\n|-damage|p2a: Rillaboom|1\/100\n|move|p2b: Sneasler|Dire Claw|p1b: Mamoswine\n|-supereffective|p1b: Mamoswine\n|-damage|p1b: Mamoswine|0 fnt\n|faint|p1b: Mamoswine\n|\n|-heal|p2a: Rillaboom|7\/100|[from] Grassy Terrain\n|upkeep\n|\n|t:|1731147878\n|switch|p1b: Whimsicott|Whimsicott, L50, M|29\/100\n|turn|5\n|\n|t:|1731147893\n|move|p1b: Whimsicott|Moonblast|p2b: Sneasler\n|-damage|p2b: Sneasler|55\/100\n|-unboost|p2b: Sneasler|spa|1\n|move|p1a: Farigiraf|Expanding Force|p2b: Sneasler\n|-supereffective|p2b: Sneasler\n|-damage|p2b: Sneasler|0 fnt\n|faint|p2b: Sneasler\n|move|p2a: Rillaboom|Wood Hammer|p1a: Farigiraf\n|-damage|p1a: Farigiraf|17\/100\n|-damage|p2a: Rillaboom|0 fnt|[from] Recoil\n|faint|p2a: Rillaboom\n|\n|win|ren122333\n|raw|ren122333's rating: 1685 &rarr; <strong>1706<\/strong><br \/>(+21 for winning)\n|raw|fungfung7's rating: 1704 &rarr; <strong>1683<\/strong><br \/>(-21 for losing)\n|l|\u2606fungfung7\n|player|p2|\n|l|\u2606ren122333\n|player|p1|\n|l| lrex9\n","uploadtime":1731148133,"views":27,"formatid":"gen9vgc2024regh","rating":1683,"private":0,"password":null}